{"id":"gen9vgc2024regh-2240068788","format":"[Gen 9] VGC 2024 Reg H","players":["extra.blended","nia555"],"log":"|j|\u2606extra.blended\n|j|\u2606nia555\n|t:|1731090977\n|gametype|doubles\n|player|p1|extra.blended|linebacker|1764\n|player|p2|nia555|1|1678\n|teamsize|p1|6\n|teamsize|p2|6\n|gen|9\n|tier|[Gen 9] VGC 2024 Reg H\n|rated|\n|rule|Species Clause: Limit one of each Pok\u00e9mon\n|rule|Item Clause: Limit 1 of each item\n|clearpoke\n|poke|p1|Garganacl, L50, F|\n|poke|p1|Hippowdon, L50, M|\n|poke|p1|Glimmora, L50, M|\n|poke|p1|Gastrodon-East, L50, F|\n|poke|p1|Gholdengo, L50|\n|poke|p1|Baxcalibur, L50, M|\n|poke|p2|Gengar, L50, F|\n|poke|p2|Dragonite, L50, F|\n|poke|p2|Kingambit, L50, M|\n|poke|p2|Blaziken, L50, M|\n|poke|p2|Ursaluna-Bloodmoon, L50, M|\n|poke|p2|Electabuzz, L50, F|\n|teampreview|4\n|j| q77182\n|\n|t:|1731091013\n|start\n|switch|p1a: Glimmora|Glimmora, L50, M|100\/100\n|switch|p1b: Hippowdon|Hippowdon, L50, M|100\/100\n|switch|p2a: Blaziken|Blaziken, L50, M|100\/100\n|switch|p2b: Kingambit|Kingambit, L50, M, shiny|100\/100\n|-weather|Sandstorm|[from] ability: Sand Stream|[of] p1b: Hippowdon\n|turn|1\n|\n|t:|1731091038\n|move|p2a: Blaziken|Detect|p2a: Blaziken\n|-singleturn|p2a: Blaziken|Protect\n|move|p2b: Kingambit|Protect|p2b: Kingambit\n|-singleturn|p2b: Kingambit|Protect\n|move|p1a: Glimmora|Sludge Bomb|p2a: Blaziken\n|-activate|p2a: Blaziken|move: Protect\n|move|p1b: Hippowdon|Whirlwind|p2b: Kingambit\n|drag|p2b: Gengar|Gengar, L50, F|100\/100\n|\n|-weather|Sandstorm|[upkeep]\n|-damage|p2b: Gengar|95\/100|[from] Sandstorm\n|-damage|p2a: Blaziken|95\/100|[from] Sandstorm\n|-ability|p2a: Blaziken|Speed Boost|boost\n|-boost|p2a: Blaziken|spe|1\n|upkeep\n|turn|2\n|\n|t:|1731091059\n|move|p2a: Blaziken|Heat Wave|p1b: Hippowdon|[spread] p1a,p1b\n|-resisted|p1a: Glimmora\n|-damage|p1a: Glimmora|85\/100\n|-damage|p1b: Hippowdon|67\/100\n|-damage|p2a: Blaziken|85\/100|[from] item: Life Orb\n|move|p2b: Gengar|Shadow Ball|p1a: Glimmora\n|-damage|p1a: Glimmora|54\/100\n|move|p1a: Glimmora|Earth Power|p2a: Blaziken\n|-supereffective|p2a: Blaziken\n|-damage|p2a: Blaziken|0 fnt\n|faint|p2a: Blaziken\n|move|p1b: Hippowdon|Sand Tomb|p2b: Gengar\n|-supereffective|p2b: Gengar\n|-damage|p2b: Gengar|45\/100\n|-activate|p2b: Gengar|move: Sand Tomb|[of] p1b: Hippowdon\n|\n|-weather|Sandstorm|[upkeep]\n|-damage|p2b: Gengar|39\/100|[from] Sandstorm\n|-damage|p2b: Gengar|26\/100|[from] move: Sand Tomb|[partiallytrapped]\n|upkeep\n|\n|t:|1731091073\n|switch|p2a: Kingambit|Kingambit, L50, M, shiny|100\/100\n|turn|3\n|\n|t:|1731091086\n|switch|p2b: Electabuzz|Electabuzz, L50, F|100\/100\n|-terastallize|p2a: Kingambit|Dark\n|move|p2a: Kingambit|Sucker Punch|p1a: Glimmora\n|-damage|p1a: Glimmora|0 fnt\n|-activate|p1a: Glimmora|ability: Toxic Debris\n|-sidestart|p2: nia555|move: Toxic Spikes\n|faint|p1a: Glimmora\n|move|p1b: Hippowdon|Sand Tomb|p2a: Kingambit\n|-damage|p2a: Kingambit|89\/100\n|-activate|p2a: Kingambit|move: Sand Tomb|[of] p1b: Hippowdon\n|\n|-weather|Sandstorm|[upkeep]\n|-damage|p2b: Electabuzz|95\/100|[from] Sandstorm\n|-damage|p2a: Kingambit|83\/100|[from] Sandstorm\n|-damage|p2a: Kingambit|70\/100|[from] move: Sand Tomb|[partiallytrapped]\n|upkeep\n|\n|t:|1731091097\n|switch|p1a: Garganacl|Garganacl, L50, F|100\/100\n|turn|4\n|\n|t:|1731091104\n|-terastallize|p1a: Garganacl|Fairy\n|move|p2b: Electabuzz|Follow Me|p2b: Electabuzz\n|-singleturn|p2b: Electabuzz|move: Follow Me\n|move|p2a: Kingambit|Swords Dance|p2a: Kingambit\n|-boost|p2a: Kingambit|atk|2\n|move|p1b: Hippowdon|Sand Tomb|p2b: Electabuzz\n|-supereffective|p2b: Electabuzz\n|-damage|p2b: Electabuzz|74\/100\n|-activate|p2b: Electabuzz|move: Sand Tomb|[of] p1b: Hippowdon\n|move|p1a: Garganacl|Salt Cure|p2b: Electabuzz\n|-damage|p2b: Electabuzz|63\/100\n|-start|p2b: Electabuzz|Salt Cure\n|\n|-weather|Sandstorm|[upkeep]\n|-damage|p2b: Electabuzz|57\/100|[from] Sandstorm\n|-damage|p2a: Kingambit|64\/100|[from] Sandstorm\n|-damage|p1a: Garganacl|95\/100|[from] Sandstorm\n|-heal|p1a: Garganacl|100\/100|[from] item: Leftovers\n|-damage|p2b: Electabuzz|45\/100|[from] Salt Cure\n|-damage|p2b: Electabuzz|32\/100|[from] move: Sand Tomb|[partiallytrapped]\n|-damage|p2a: Kingambit|52\/100|[from] move: Sand Tomb|[partiallytrapped]\n|upkeep\n|turn|5\n|\n|t:|1731091124\n|move|p1b: Hippowdon|Protect|p1b: Hippowdon\n|-singleturn|p1b: Hippowdon|Protect\n|move|p2b: Electabuzz|Follow Me|p2b: Electabuzz\n|-singleturn|p2b: Electabuzz|move: Follow Me\n|move|p2a: Kingambit|Kowtow Cleave|p1b: Hippowdon\n|-activate|p1b: Hippowdon|move: Protect\n|move|p1a: Garganacl|Salt Cure|p2b: Electabuzz\n|-damage|p2b: Electabuzz|21\/100\n|\n|-weather|none\n|-damage|p2b: Electabuzz|9\/100|[from] move: Sand Tomb|[partiallytrapped]\n|-damage|p2b: Electabuzz|0 fnt|[from] Salt Cure\n|faint|p2b: Electabuzz\n|-damage|p2a: Kingambit|39\/100|[from] move: Sand Tomb|[partiallytrapped]\n|upkeep\n|\n|t:|1731091127\n|switch|p2b: Gengar|Gengar, L50, F|26\/100\n|-sideend|p2: nia555|move: Toxic Spikes|[of] p2b: Gengar\n|turn|6\n|\n|t:|1731091142\n|move|p1a: Garganacl|Protect|p1a: Garganacl\n|-singleturn|p1a: Garganacl|Protect\n|move|p2b: Gengar|Sludge Bomb|p1a: Garganacl\n|-activate|p1a: Garganacl|move: Protect\n|move|p2a: Kingambit|Kowtow Cleave|p1b: Hippowdon\n|-damage|p1b: Hippowdon|0 fnt\n|faint|p1b: Hippowdon\n|\n|-end|p2a: Kingambit|Sand Tomb|[partiallytrapped]|[silent]\n|upkeep\n|\n|t:|1731091148\n|switch|p1b: Baxcalibur|Baxcalibur, L50, M|100\/100\n|turn|7\n|\n|t:|1731091161\n|move|p1b: Baxcalibur|Ice Shard|p2b: Gengar\n|-damage|p2b: Gengar|0 fnt\n|-start|p1b: Baxcalibur|Disable|Ice Shard|[from] ability: Cursed Body|[of] p2b: Gengar\n|faint|p2b: Gengar\n|move|p2a: Kingambit|Kowtow Cleave|p1a: Garganacl\n|-resisted|p1a: Garganacl\n|-damage|p1a: Garganacl|47\/100\n|move|p1a: Garganacl|Salt Cure|p2a: Kingambit\n|-damage|p2a: Kingambit|27\/100\n|-start|p2a: Kingambit|Salt Cure\n|\n|-heal|p1a: Garganacl|53\/100|[from] item: Leftovers\n|-damage|p2a: Kingambit|15\/100|[from] Salt Cure\n|upkeep\n|turn|8\n|-message|nia555 forfeited.\n|\n|win|extra.blended\n|raw|extra.blended's rating: 1764 &rarr; <strong>1779<\/strong><br \/>(+15 for winning)\n|raw|nia555's rating: 1678 &rarr; <strong>1663<\/strong><br \/>(-15 for losing)\n|l|\u2606nia555\n|player|p2|\n|l| q77182\n|l|\u2606extra.blended\n|player|p1|\n","uploadtime":1731091393,"views":28,"formatid":"gen9vgc2024regh","rating":1663,"private":0,"password":null}