{"id":"gen9vgc2024regh-2240034959","format":"[Gen 9] VGC 2024 Reg H","players":["datbishgames","SubToPenglin"],"log":"|j|\u2606datbishgames\n|j|\u2606SubToPenglin\n|t:|1731087716\n|gametype|doubles\n|player|p1|datbishgames|mira|1820\n|player|p2|SubToPenglin|lady|1703\n|teamsize|p1|6\n|teamsize|p2|6\n|gen|9\n|tier|[Gen 9] VGC 2024 Reg H\n|rated|\n|rule|Species Clause: Limit one of each Pok\u00e9mon\n|rule|Item Clause: Limit 1 of each item\n|clearpoke\n|poke|p1|Whimsicott, L50, F|\n|poke|p1|Basculegion, L50, M|\n|poke|p1|Arcanine-Hisui, L50, M|\n|poke|p1|Hydreigon, L50, M|\n|poke|p1|Farigiraf, L50, F|\n|poke|p1|Pawmot, L50, F|\n|poke|p2|Primarina, L50, F|\n|poke|p2|Sylveon, L50, M|\n|poke|p2|Indeedee, L50, M|\n|poke|p2|Meowscarada, L50, F|\n|poke|p2|Sneasler, L50, M|\n|poke|p2|Decidueye-Hisui, L50, F|\n|teampreview|4\n|inactive|Battle timer is ON: inactive players will automatically lose when time's up. (requested by SubToPenglin)\n|inactive|datbishgames also wants the timer to be on.\n|inactive|datbishgames has 60 seconds left.\n|\n|t:|1731087774\n|start\n|switch|p1a: Whimsicott|Whimsicott, L50, F|100\/100\n|switch|p1b: Farigiraf|Farigiraf, L50, F|100\/100\n|switch|p2a: Primarina|Primarina, L50, F, shiny|100\/100\n|switch|p2b: Meowscarada|Meowscarada, L50, F, shiny|100\/100\n|turn|1\n|\n|t:|1731087786\n|-terastallize|p1b: Farigiraf|Grass\n|move|p2b: Meowscarada|Grass Pledge|p1b: Farigiraf\n|-waiting|p2b: Meowscarada|p2a: Primarina\n|move|p2a: Primarina|Water Pledge|p1b: Farigiraf|[from]move: Grass Pledge\n|-combine\n|-resisted|p1b: Farigiraf\n|-damage|p1b: Farigiraf|54\/100\n|-sidestart|p1: datbishgames|Grass Pledge\n|-damage|p2a: Primarina|91\/100|[from] item: Life Orb\n|move|p1a: Whimsicott|Moonblast|p2b: Meowscarada\n|-supereffective|p2b: Meowscarada\n|-damage|p2b: Meowscarada|8\/100\n|move|p1b: Farigiraf|Trick Room|p1b: Farigiraf\n|-fieldstart|move: Trick Room|[of] p1b: Farigiraf\n|\n|upkeep\n|turn|2\n|\n|t:|1731087802\n|move|p2b: Meowscarada|Protect|p2b: Meowscarada\n|-singleturn|p2b: Meowscarada|Protect\n|move|p1a: Whimsicott|Encore|p2a: Primarina\n|-start|p2a: Primarina|Encore\n|move|p1b: Farigiraf|Hyper Voice|p2a: Primarina|[spread] p2a\n|-activate|p2b: Meowscarada|move: Protect\n|-damage|p2a: Primarina|59\/100\n|-enditem|p1b: Farigiraf|Throat Spray\n|-boost|p1b: Farigiraf|spa|1|[from] item: Throat Spray\n|move|p2a: Primarina|Water Pledge|p1a: Whimsicott\n|-resisted|p1a: Whimsicott\n|-damage|p1a: Whimsicott|72\/100\n|-damage|p2a: Primarina|50\/100|[from] item: Life Orb\n|\n|upkeep\n|turn|3\n|\n|t:|1731087817\n|switch|p2a: Indeedee|Indeedee, L50, M, shiny|100\/100\n|-fieldstart|move: Psychic Terrain|[from] ability: Psychic Surge|[of] p2a: Indeedee\n|switch|p2b: Sylveon|Sylveon, L50, M|100\/100\n|move|p1b: Farigiraf|Hyper Voice|p2a: Indeedee|[spread] p2a,p2b\n|-damage|p2a: Indeedee|40\/100\n|-damage|p2b: Sylveon|62\/100\n|move|p1a: Whimsicott|Giga Drain|p2a: Indeedee\n|-damage|p2a: Indeedee|13\/100\n|-heal|p1a: Whimsicott|85\/100|[from] drain|[of] p2a: Indeedee\n|\n|upkeep\n|turn|4\n|\n|t:|1731087833\n|switch|p2a: Primarina|Primarina, L50, F, shiny|50\/100\n|-terastallize|p2b: Sylveon|Ghost\n|move|p1b: Farigiraf|Hyper Voice|p2a: Primarina|[spread] p2a\n|-immune|p2b: Sylveon\n|-damage|p2a: Primarina|2\/100\n|move|p1a: Whimsicott|Moonblast|p2b: Sylveon\n|-damage|p2b: Sylveon|39\/100\n|-unboost|p2b: Sylveon|spa|1\n|move|p2b: Sylveon|Hyper Voice|p1a: Whimsicott|[spread] p1a,p1b\n|-damage|p1a: Whimsicott|43\/100\n|-damage|p1b: Farigiraf|21\/100\n|\n|-sideend|p1: datbishgames|Grass Pledge\n|upkeep\n|turn|5\n|c|\u2606SubToPenglin|bruh\n|\n|t:|1731087856\n|switch|p2b: Indeedee|Indeedee, L50, M, shiny|13\/100\n|move|p1b: Farigiraf|Protect|p1b: Farigiraf\n|-singleturn|p1b: Farigiraf|Protect\n|move|p2a: Primarina|Protect|p2a: Primarina\n|-singleturn|p2a: Primarina|Protect\n|move|p1a: Whimsicott|Tailwind|p1a: Whimsicott\n|-sidestart|p1: datbishgames|move: Tailwind\n|\n|-fieldend|move: Trick Room\n|upkeep\n|turn|6\n|-message|SubToPenglin forfeited.\n|\n|win|datbishgames\n|raw|datbishgames's rating: 1820 &rarr; <strong>1834<\/strong><br \/>(+14 for winning)\n|raw|SubToPenglin's rating: 1703 &rarr; <strong>1689<\/strong><br \/>(-14 for losing)\n|l|\u2606SubToPenglin\n|player|p2|\n|l|\u2606datbishgames\n|player|p1|\n","uploadtime":1731088029,"views":33,"formatid":"gen9vgc2024regh","rating":1689,"private":0,"password":null}