{"id":"gen9vgc2024regh-2240104057","format":"[Gen 9] VGC 2024 Reg H","players":["kiwigal","ggfsb"],"log":"|j|\u2606kiwigal\n|j|\u2606ggfsb\n|t:|1731094443\n|gametype|doubles\n|player|p1|kiwigal|emma|1722\n|player|p2|ggfsb|palmer|1697\n|teamsize|p1|6\n|teamsize|p2|6\n|gen|9\n|tier|[Gen 9] VGC 2024 Reg H\n|rated|\n|rule|Species Clause: Limit one of each Pok\u00e9mon\n|rule|Item Clause: Limit 1 of each item\n|clearpoke\n|poke|p1|Weezing-Galar, L50, M|\n|poke|p1|Dondozo, L50, M|\n|poke|p1|Tatsugiri, L50, F|\n|poke|p1|Slaking, L50, F|\n|poke|p1|Typhlosion-Hisui, L50, F|\n|poke|p1|Meowscarada, L50, F|\n|poke|p2|Glimmora, L50, F|\n|poke|p2|Rillaboom, L50, M|\n|poke|p2|Murkrow, L50, F|\n|poke|p2|Gholdengo, L50|\n|poke|p2|Tyranitar, L50, M|\n|poke|p2|Garchomp, L50, M|\n|teampreview|4\n|\n|t:|1731094529\n|start\n|switch|p1a: Weezing|Weezing-Galar, L50, M|100\/100\n|switch|p1b: Slaking|Slaking, L50, F|100\/100\n|switch|p2a: Rillaboom|Rillaboom, L50, M|100\/100\n|switch|p2b: Murkrow|Murkrow, L50, F|100\/100\n|-ability|p1a: Weezing|Neutralizing Gas\n|turn|1\n|inactive|Battle timer is ON: inactive players will automatically lose when time's up. (requested by ggfsb)\n|inactive|ggfsb has 60 seconds left.\n|\n|t:|1731094567\n|switch|p2a: Gholdengo|Gholdengo, L50|100\/100\n|-terastallize|p2b: Murkrow|Ghost\n|move|p1b: Slaking|Protect|p1b: Slaking\n|-singleturn|p1b: Slaking|Protect\n|move|p2b: Murkrow|Tailwind|p2b: Murkrow\n|-sidestart|p2: ggfsb|move: Tailwind\n|move|p1a: Weezing|Will-O-Wisp|p2a: Gholdengo\n|-status|p2a: Gholdengo|brn\n|\n|-damage|p2a: Gholdengo|94\/100 brn|[from] brn\n|upkeep\n|turn|2\n|\n|t:|1731094590\n|switch|p2b: Glimmora|Glimmora, L50, F|100\/100\n|move|p1a: Weezing|Protect|p1a: Weezing\n|-singleturn|p1a: Weezing|Protect\n|move|p2a: Gholdengo|Make It Rain|p1a: Weezing|[spread] p1b\n|-activate|p1a: Weezing|move: Protect\n|-damage|p1b: Slaking|12\/100\n|-unboost|p2a: Gholdengo|spa|1\n|move|p1b: Slaking|High Horsepower|p2a: Gholdengo\n|-supereffective|p2a: Gholdengo\n|-damage|p2a: Gholdengo|0 fnt\n|faint|p2a: Gholdengo\n|-damage|p1b: Slaking|3\/100|[from] item: Life Orb\n|\n|upkeep\n|\n|t:|1731094597\n|switch|p2a: Rillaboom|Rillaboom, L50, M|100\/100\n|turn|3\n|\n|t:|1731094611\n|move|p1b: Slaking|Protect|p1b: Slaking\n|-singleturn|p1b: Slaking|Protect\n|move|p2b: Glimmora|Earth Power|p1a: Weezing\n|-supereffective|p1a: Weezing\n|-damage|p1a: Weezing|13\/100\n|-enditem|p1a: Weezing|Sitrus Berry|[eat]\n|-heal|p1a: Weezing|37\/100|[from] item: Sitrus Berry\n|move|p2a: Rillaboom|U-turn|p1b: Slaking\n|-activate|p1b: Slaking|move: Protect\n|move|p1a: Weezing|Will-O-Wisp|p2a: Rillaboom|[miss]\n|-miss|p1a: Weezing|p2a: Rillaboom\n|\n|upkeep\n|turn|4\n|inactive|kiwigal has 30 seconds left.\n|\n|t:|1731094642\n|move|p1a: Weezing|Protect|p1a: Weezing\n|-singleturn|p1a: Weezing|Protect\n|move|p1b: Slaking|Sucker Punch|p2b: Glimmora\n|-damage|p2b: Glimmora|59\/100\n|-damage|p1b: Slaking|0 fnt|[from] item: Life Orb\n|faint|p1b: Slaking\n|move|p2b: Glimmora|Earth Power|p1a: Weezing\n|-activate|p1a: Weezing|move: Protect\n|move|p2a: Rillaboom|U-turn|p1a: Weezing\n|-activate|p1a: Weezing|move: Protect\n|\n|-sideend|p2: ggfsb|move: Tailwind\n|upkeep\n|\n|t:|1731094657\n|switch|p1b: Tatsugiri|Tatsugiri, L50, F|100\/100\n|turn|5\n|\n|t:|1731094666\n|switch|p2a: Murkrow|Murkrow, L50, F, tera:Ghost|100\/100\n|-terastallize|p1a: Weezing|Water\n|move|p2b: Glimmora|Spiky Shield|p2b: Glimmora\n|-singleturn|p2b: Glimmora|move: Protect\n|move|p1b: Tatsugiri|Muddy Water|p2a: Murkrow|[spread] p2a\n|-activate|p2b: Glimmora|move: Protect\n|-damage|p2a: Murkrow|67\/100\n|-unboost|p2a: Murkrow|accuracy|1\n|move|p1a: Weezing|Sludge Bomb|p2a: Murkrow\n|-resisted|p2a: Murkrow\n|-damage|p2a: Murkrow|52\/100\n|\n|upkeep\n|turn|6\n|j| sitojuri\n|inactive|kiwigal has 30 seconds left.\n|inactive|kiwigal has 20 seconds left.\n|\n|t:|1731094710\n|switch|p2b: Rillaboom|Rillaboom, L50, M|100\/100\n|move|p1b: Tatsugiri|Muddy Water|p2b: Rillaboom|[spread] p2a,p2b\n|-resisted|p2b: Rillaboom\n|-damage|p2a: Murkrow|19\/100\n|-damage|p2b: Rillaboom|88\/100\n|move|p2a: Murkrow|Tailwind|p2a: Murkrow\n|-sidestart|p2: ggfsb|move: Tailwind\n|move|p1a: Weezing|Dazzling Gleam|p2b: Rillaboom|[spread] p2a,p2b\n|-damage|p2a: Murkrow|0 fnt\n|-damage|p2b: Rillaboom|74\/100\n|faint|p2a: Murkrow\n|\n|upkeep\n|\n|t:|1731094713\n|switch|p2a: Glimmora|Glimmora, L50, F|59\/100\n|turn|7\n|\n|t:|1731094727\n|move|p1b: Tatsugiri|Protect|p1b: Tatsugiri\n|-singleturn|p1b: Tatsugiri|Protect\n|move|p1a: Weezing|Protect|p1a: Weezing\n|-singleturn|p1a: Weezing|Protect\n|move|p2a: Glimmora|Sludge Bomb|p1b: Tatsugiri\n|-activate|p1b: Tatsugiri|move: Protect\n|move|p2b: Rillaboom|Wood Hammer|p1a: Weezing\n|-activate|p1a: Weezing|move: Protect\n|\n|upkeep\n|turn|8\n|\n|t:|1731094739\n|move|p2a: Glimmora|Spiky Shield|p2a: Glimmora\n|-singleturn|p2a: Glimmora|move: Protect\n|move|p2b: Rillaboom|Wood Hammer|p1a: Weezing\n|-supereffective|p1a: Weezing\n|-damage|p1a: Weezing|0 fnt\n|faint|p1a: Weezing\n|-end|p1a: Weezing|ability: Neutralizing Gas\n|-fieldstart|move: Grassy Terrain|[from] ability: Grassy Surge|[of] p2b: Rillaboom\n|-damage|p2b: Rillaboom|63\/100|[from] Recoil\n|move|p1b: Tatsugiri|Muddy Water|p2b: Rillaboom|[spread] p2b\n|-activate|p2a: Glimmora|move: Protect\n|-resisted|p2b: Rillaboom\n|-damage|p2b: Rillaboom|51\/100\n|\n|-heal|p2a: Glimmora|65\/100|[from] Grassy Terrain\n|-heal|p2b: Rillaboom|57\/100|[from] Grassy Terrain\n|upkeep\n|\n|t:|1731094751\n|switch|p1a: Dondozo|Dondozo, L50, M, shiny|100\/100\n|-activate|p1b: Tatsugiri|ability: Commander|[of] p1a: Dondozo\n|-boost|p1a: Dondozo|atk|2\n|-boost|p1a: Dondozo|spa|2\n|-boost|p1a: Dondozo|spe|2\n|-boost|p1a: Dondozo|def|2\n|-boost|p1a: Dondozo|spd|2\n|turn|9\n|\n|t:|1731094761\n|move|p1a: Dondozo|Protect|p1a: Dondozo\n|-singleturn|p1a: Dondozo|Protect\n|move|p2a: Glimmora|Sludge Bomb|p1a: Dondozo\n|-activate|p1a: Dondozo|move: Protect\n|move|p2b: Rillaboom|Wood Hammer|p1a: Dondozo\n|-activate|p1a: Dondozo|move: Protect\n|\n|-heal|p2a: Glimmora|72\/100|[from] Grassy Terrain\n|-heal|p2b: Rillaboom|64\/100|[from] Grassy Terrain\n|-sideend|p2: ggfsb|move: Tailwind\n|upkeep\n|turn|10\n|\n|t:|1731094781\n|move|p2a: Glimmora|Spiky Shield|p2a: Glimmora\n|-singleturn|p2a: Glimmora|move: Protect\n|move|p1a: Dondozo|Heavy Slam|p2a: Glimmora\n|-activate|p2a: Glimmora|move: Protect\n|-damage|p1a: Dondozo|88\/100|[from] Spiky Shield|[of] p2a: Glimmora\n|move|p2b: Rillaboom|Wood Hammer|p1a: Dondozo\n|-supereffective|p1a: Dondozo\n|-damage|p1a: Dondozo|37\/100\n|-damage|p2b: Rillaboom|42\/100|[from] Recoil\n|\n|-heal|p2a: Glimmora|78\/100|[from] Grassy Terrain\n|-heal|p1a: Dondozo|43\/100|[from] Grassy Terrain\n|-heal|p1a: Dondozo|49\/100|[from] item: Leftovers\n|-heal|p2b: Rillaboom|48\/100|[from] Grassy Terrain\n|upkeep\n|turn|11\n|j| number86\n|\n|t:|1731094805\n|move|p1a: Dondozo|Protect|p1a: Dondozo\n|-singleturn|p1a: Dondozo|Protect\n|move|p2a: Glimmora|Sludge Bomb|p1a: Dondozo\n|-activate|p1a: Dondozo|move: Protect\n|move|p2b: Rillaboom|Wood Hammer|p1a: Dondozo\n|-activate|p1a: Dondozo|move: Protect\n|\n|-heal|p2a: Glimmora|84\/100|[from] Grassy Terrain\n|-heal|p1a: Dondozo|55\/100|[from] Grassy Terrain\n|-heal|p1a: Dondozo|61\/100|[from] item: Leftovers\n|-heal|p2b: Rillaboom|54\/100|[from] Grassy Terrain\n|upkeep\n|turn|12\n|l| number86\n|\n|t:|1731094814\n|move|p2a: Glimmora|Spiky Shield|p2a: Glimmora\n|-singleturn|p2a: Glimmora|move: Protect\n|move|p1a: Dondozo|Order Up|p2b: Rillaboom\n|-damage|p2b: Rillaboom|4\/100\n|-boost|p1a: Dondozo|atk|1\n|move|p2b: Rillaboom|Wood Hammer|p1a: Dondozo\n|-supereffective|p1a: Dondozo\n|-damage|p1a: Dondozo|7\/100\n|-damage|p2b: Rillaboom|0 fnt|[from] Recoil\n|faint|p2b: Rillaboom\n|\n|-heal|p2a: Glimmora|90\/100|[from] Grassy Terrain\n|-heal|p1a: Dondozo|13\/100|[from] Grassy Terrain\n|-heal|p1a: Dondozo|19\/100|[from] item: Leftovers\n|-fieldend|move: Grassy Terrain\n|upkeep\n|turn|13\n|\n|t:|1731094827\n|move|p2a: Glimmora|Sludge Bomb|p1a: Dondozo\n|-damage|p1a: Dondozo|0 fnt\n|faint|p1a: Dondozo\n|\n|upkeep\n|turn|14\n|\n|t:|1731094837\n|move|p2a: Glimmora|Sludge Bomb|p1b: Tatsugiri\n|-damage|p1b: Tatsugiri|37\/100\n|move|p1b: Tatsugiri|Muddy Water|p2a: Glimmora\n|-supereffective|p2a: Glimmora\n|-damage|p2a: Glimmora|0 fnt\n|faint|p2a: Glimmora\n|\n|win|kiwigal\n|raw|kiwigal's rating: 1722 &rarr; <strong>1741<\/strong><br \/>(+19 for winning)\n|raw|ggfsb's rating: 1697 &rarr; <strong>1678<\/strong><br \/>(-19 for losing)\n|l|\u2606ggfsb\n|player|p2|\n|l|\u2606kiwigal\n|player|p1|\n|l| sitojuri\n","uploadtime":1731095057,"views":29,"formatid":"gen9vgc2024regh","rating":1678,"private":0,"password":null}