{"id":"gen9vgc2024regh-2240016501","format":"[Gen 9] VGC 2024 Reg H","players":["dayron91","chin8"],"log":"|j|\u2606dayron91\n|j|\u2606chin8\n|t:|1731085936\n|gametype|doubles\n|player|p1|dayron91|dragontamer|1745\n|player|p2|chin8|gentleman-gen4dp|1794\n|teamsize|p1|6\n|teamsize|p2|6\n|gen|9\n|tier|[Gen 9] VGC 2024 Reg H\n|rated|\n|rule|Species Clause: Limit one of each Pok\u00e9mon\n|rule|Item Clause: Limit 1 of each item\n|clearpoke\n|poke|p1|Garchomp, L50, M|\n|poke|p1|Kilowattrel, L50, M|\n|poke|p1|Whimsicott, L50, M|\n|poke|p1|Gardevoir, L50, M|\n|poke|p1|Charizard, L50, F|\n|poke|p1|Indeedee, L50, M|\n|poke|p2|Baxcalibur, L50, M|\n|poke|p2|Kilowattrel, L50, M|\n|poke|p2|Granbull, L50, F|\n|poke|p2|Gardevoir, L50, F|\n|poke|p2|Magmortar, L50, M|\n|poke|p2|Gholdengo, L50|\n|teampreview|4\n|inactive|Battle timer is ON: inactive players will automatically lose when time's up. (requested by chin8)\n|inactive|dayron91 has 60 seconds left.\n|inactive|dayron91 has 30 seconds left.\n|\n|t:|1731086020\n|start\n|switch|p1a: Garchomp|Garchomp, L50, M|100\/100\n|switch|p1b: Gardevoir|Gardevoir, L50, M|100\/100\n|switch|p2a: Kilowattrel|Kilowattrel, L50, M|100\/100\n|switch|p2b: Baxcalibur|Baxcalibur, L50, M|100\/100\n|turn|1\n|inactive|dayron91 has 30 seconds left.\n|inactive|dayron91 has 20 seconds left.\n|\n|t:|1731086059\n|-terastallize|p1a: Garchomp|Poison\n|-terastallize|p2b: Baxcalibur|Ground\n|move|p2a: Kilowattrel|Protect|p2a: Kilowattrel\n|-singleturn|p2a: Kilowattrel|Protect\n|move|p1a: Garchomp|Poison Jab|p2a: Kilowattrel\n|-activate|p2a: Kilowattrel|move: Protect\n|move|p2b: Baxcalibur|Earthquake|p1b: Gardevoir|[spread] p1a,p1b\n|-activate|p2a: Kilowattrel|move: Protect\n|-supereffective|p1a: Garchomp\n|-damage|p1a: Garchomp|16\/100\n|-damage|p1b: Gardevoir|44\/100\n|move|p1b: Gardevoir|Trick Room|p1b: Gardevoir\n|-fieldstart|move: Trick Room|[of] p1b: Gardevoir\n|\n|upkeep\n|turn|2\n|j| nohaters\n|inactive|dayron91 has 30 seconds left.\n|\n|t:|1731086089\n|move|p1a: Garchomp|Protect|p1a: Garchomp\n|-singleturn|p1a: Garchomp|Protect\n|move|p1b: Gardevoir|Dazzling Gleam|p2b: Baxcalibur|[spread] p2a,p2b\n|-damage|p2a: Kilowattrel|31\/100\n|-damage|p2b: Baxcalibur|78\/100\n|-damage|p1b: Gardevoir|34\/100|[from] item: Life Orb\n|move|p2b: Baxcalibur|Earthquake|p1b: Gardevoir|[spread] p1b\n|-activate|p1a: Garchomp|move: Protect\n|-immune|p2a: Kilowattrel\n|-damage|p1b: Gardevoir|0 fnt\n|faint|p1b: Gardevoir\n|move|p2a: Kilowattrel|Thunderbolt|p1a: Garchomp\n|-activate|p1a: Garchomp|move: Protect\n|\n|upkeep\n|\n|t:|1731086113\n|switch|p1b: Charizard|Charizard, L50, F|100\/100\n|turn|3\n|\n|t:|1731086122\n|switch|p1a: Whimsicott|Whimsicott, L50, M|100\/100\n|move|p2b: Baxcalibur|Glaive Rush|p1b: Charizard\n|-damage|p1b: Charizard|6\/100\n|-singlemove|p2b: Baxcalibur|Glaive Rush|[silent]\n|move|p1b: Charizard|Heat Wave|p2b: Baxcalibur|[spread] p2a,p2b\n|-crit|p2a: Kilowattrel\n|-crit|p2b: Baxcalibur\n|-damage|p2a: Kilowattrel|0 fnt\n|-damage|p2b: Baxcalibur|0 fnt\n|faint|p2a: Kilowattrel\n|faint|p2b: Baxcalibur\n|\n|upkeep\n|\n|t:|1731086128\n|switch|p2b: Gholdengo|Gholdengo, L50|100\/100\n|switch|p2a: Magmortar|Magmortar, L50, M|100\/100\n|turn|4\n|\n|t:|1731086151\n|move|p1a: Whimsicott|Sunny Day|p1a: Whimsicott\n|-weather|SunnyDay\n|move|p2a: Magmortar|Heat Wave|p1a: Whimsicott|[spread] p1a,p1b\n|-supereffective|p1a: Whimsicott\n|-resisted|p1b: Charizard\n|-crit|p1b: Charizard\n|-damage|p1a: Whimsicott|11\/100\n|-damage|p1b: Charizard|0 fnt\n|faint|p1b: Charizard\n|move|p2b: Gholdengo|Make It Rain|p1a: Whimsicott\n|-supereffective|p1a: Whimsicott\n|-damage|p1a: Whimsicott|0 fnt\n|-unboost|p2b: Gholdengo|spa|1\n|faint|p1a: Whimsicott\n|\n|-weather|SunnyDay|[upkeep]\n|upkeep\n|\n|t:|1731086166\n|switch|p1b: Garchomp|Garchomp, L50, M, tera:Poison|16\/100\n|turn|5\n|\n|t:|1731086170\n|move|p1b: Garchomp|Protect|p1b: Garchomp\n|-singleturn|p1b: Garchomp|Protect\n|move|p2a: Magmortar|Heat Wave|p1b: Garchomp\n|-activate|p1b: Garchomp|move: Protect\n|move|p2b: Gholdengo|Make It Rain|p1b: Garchomp\n|-activate|p1b: Garchomp|move: Protect\n|\n|-weather|SunnyDay|[upkeep]\n|-fieldend|move: Trick Room\n|upkeep\n|turn|6\n|\n|t:|1731086182\n|move|p1b: Garchomp|Earthquake|p2a: Magmortar|[spread] p2a,p2b\n|-supereffective|p2a: Magmortar\n|-supereffective|p2b: Gholdengo\n|-damage|p2a: Magmortar|15\/100\n|-damage|p2b: Gholdengo|16\/100\n|-enditem|p2a: Magmortar|Sitrus Berry|[eat]\n|-heal|p2a: Magmortar|40\/100|[from] item: Sitrus Berry\n|move|p2b: Gholdengo|Make It Rain|p1b: Garchomp\n|-damage|p1b: Garchomp|0 fnt\n|-unboost|p2b: Gholdengo|spa|1\n|faint|p1b: Garchomp\n|\n|win|chin8\n|raw|dayron91's rating: 1745 &rarr; <strong>1728<\/strong><br \/>(-17 for losing)\n|raw|chin8's rating: 1794 &rarr; <strong>1811<\/strong><br \/>(+17 for winning)\n|l|\u2606chin8\n|player|p2|\n|l| nohaters\n|l|\u2606dayron91\n|player|p1|\n|j|\u2606dayron91\n|player|p1|dayron91|dragontamer|\n|l|\u2606dayron91\n|player|p1|\n","uploadtime":1731086350,"views":46,"formatid":"gen9vgc2024regh","rating":1728,"private":0,"password":null}