{"id":"gen9vgc2024regh-2240813269","format":"[Gen 9] VGC 2024 Reg H","players":["HoshimiHoshina","testmaincourse"],"log":"|j|\u2606HoshimiHoshina\n|j|\u2606testmaincourse\n|t:|1731196717\n|gametype|doubles\n|player|p1|HoshimiHoshina|rosa|1749\n|player|p2|testmaincourse|lacey|1720\n|teamsize|p1|6\n|teamsize|p2|6\n|gen|9\n|tier|[Gen 9] VGC 2024 Reg H\n|rated|\n|rule|Species Clause: Limit one of each Pok\u00e9mon\n|rule|Item Clause: Limit 1 of each item\n|clearpoke\n|poke|p1|Slaking, L50, M|\n|poke|p1|Weezing-Galar, L50, F|\n|poke|p1|Gholdengo, L50|\n|poke|p1|Garchomp, L50, F|\n|poke|p1|Palafin, L50, M|\n|poke|p1|Rotom-Heat, L50|\n|poke|p2|Ninetales-Alola, L50, F|\n|poke|p2|Garchomp, L50, M|\n|poke|p2|Annihilape, L50, F|\n|poke|p2|Armarouge, L50, M|\n|poke|p2|Indeedee-F, L50, F|\n|poke|p2|Sneasler, L50, M|\n|teampreview|4\n|inactive|Battle timer is ON: inactive players will automatically lose when time's up. (requested by HoshimiHoshina)\ntestmaincourse rejected open team sheets.\n|inactive|HoshimiHoshina has 60 seconds left.\n|inactive|testmaincourse has 60 seconds left.\n|inactive|HoshimiHoshina has 30 seconds left.\n|\n|t:|1731196788\n|start\n|switch|p1a: \u4e0d\u8bb8\u8bf7\u5047|Weezing-Galar, L50, F|100\/100\n|switch|p1b: Palafin|Palafin, L50, M|100\/100\n|switch|p2a: Garchomp|Garchomp, L50, M, shiny|100\/100\n|switch|p2b: Annihilape|Annihilape, L50, F, shiny|100\/100\n|-ability|p1a: \u4e0d\u8bb8\u8bf7\u5047|Neutralizing Gas\n|turn|1\n|\n|t:|1731196808\n|move|p2a: Garchomp|Protect|p2a: Garchomp\n|-singleturn|p2a: Garchomp|Protect\n|move|p1a: \u4e0d\u8bb8\u8bf7\u5047|Protect|p1a: \u4e0d\u8bb8\u8bf7\u5047\n|-singleturn|p1a: \u4e0d\u8bb8\u8bf7\u5047|Protect\n|move|p2b: Annihilape|Coaching|p2a: Garchomp\n|-boost|p2a: Garchomp|atk|1\n|-boost|p2a: Garchomp|def|1\n|move|p1b: Palafin|Ice Punch|p2a: Garchomp\n|-activate|p2a: Garchomp|move: Protect\n|\n|upkeep\n|turn|2\n|inactive|HoshimiHoshina has 30 seconds left.\n|\n|t:|1731196839\n|-terastallize|p2a: Garchomp|Steel\n|-terastallize|p1a: \u4e0d\u8bb8\u8bf7\u5047|Flying\n|move|p2b: Annihilape|Coaching|p2a: Garchomp\n|-boost|p2a: Garchomp|atk|1\n|-boost|p2a: Garchomp|def|1\n|move|p2a: Garchomp|Earthquake|p1a: \u4e0d\u8bb8\u8bf7\u5047|[spread] p2b,p1b\n|-immune|p1a: \u4e0d\u8bb8\u8bf7\u5047\n|-damage|p2b: Annihilape|26\/100\n|-damage|p1b: Palafin|0 fnt\n|faint|p1b: Palafin\n|move|p1a: \u4e0d\u8bb8\u8bf7\u5047|Dazzling Gleam|p2b: Annihilape|[spread] p2a,p2b\n|-resisted|p2a: Garchomp\n|-supereffective|p2b: Annihilape\n|-damage|p2a: Garchomp|87\/100\n|-damage|p2b: Annihilape|0 fnt\n|faint|p2b: Annihilape\n|\n|upkeep\n|\n|t:|1731196859\n|switch|p2b: Indeedee|Indeedee-F, L50, F|100\/100\n|switch|p1b: \u591a\u52a0\u73ed\u624d\u80fd\u6dd8\u91d1\u6f6e|Gholdengo, L50|100\/100\n|turn|3\n|\n|t:|1731196883\n|-end|p1a: \u4e0d\u8bb8\u8bf7\u5047|ability: Neutralizing Gas\n|-fieldstart|move: Psychic Terrain|[from] ability: Psychic Surge|[of] p2b: Indeedee\n|switch|p1a: \u76d2\u996d\u52a0\u70ed90\u79d2|Rotom-Heat, L50|100\/100\n|move|p2b: Indeedee|Follow Me|p2b: Indeedee\n|-singleturn|p2b: Indeedee|move: Follow Me\n|move|p1b: \u591a\u52a0\u73ed\u624d\u80fd\u6dd8\u91d1\u6f6e|Make It Rain|p2b: Indeedee|[spread] p2a,p2b\n|-resisted|p2a: Garchomp\n|-damage|p2a: Garchomp|58\/100\n|-damage|p2b: Indeedee|47\/100\n|-unboost|p1b: \u591a\u52a0\u73ed\u624d\u80fd\u6dd8\u91d1\u6f6e|spa|1\n|move|p2a: Garchomp|Stomping Tantrum|p1b: \u591a\u52a0\u73ed\u624d\u80fd\u6dd8\u91d1\u6f6e\n|-supereffective|p1b: \u591a\u52a0\u73ed\u624d\u80fd\u6dd8\u91d1\u6f6e\n|-damage|p1b: \u591a\u52a0\u73ed\u624d\u80fd\u6dd8\u91d1\u6f6e|0 fnt\n|faint|p1b: \u591a\u52a0\u73ed\u624d\u80fd\u6dd8\u91d1\u6f6e\n|\n|upkeep\n|\n|t:|1731196901\n|switch|p1b: \u4e0d\u8bb8\u8bf7\u5047|Weezing-Galar, L50, F, tera:Flying|100\/100\n|-ability|p1b: \u4e0d\u8bb8\u8bf7\u5047|Neutralizing Gas\n|turn|4\n|\n|t:|1731196923\n|move|p2b: Indeedee|Follow Me|p2b: Indeedee\n|-singleturn|p2b: Indeedee|move: Follow Me\n|move|p2a: Garchomp|Stomping Tantrum|p1a: \u76d2\u996d\u52a0\u70ed90\u79d2\n|-supereffective|p1a: \u76d2\u996d\u52a0\u70ed90\u79d2\n|-damage|p1a: \u76d2\u996d\u52a0\u70ed90\u79d2|0 fnt\n|faint|p1a: \u76d2\u996d\u52a0\u70ed90\u79d2\n|move|p1b: \u4e0d\u8bb8\u8bf7\u5047|Dazzling Gleam|p2a: Garchomp|[spread] p2a,p2b\n|-resisted|p2a: Garchomp\n|-damage|p2a: Garchomp|46\/100\n|-damage|p2b: Indeedee|24\/100\n|\n|upkeep\n|turn|5\n|-message|HoshimiHoshina forfeited.\n|\n|win|testmaincourse\n|raw|HoshimiHoshina's rating: 1749 &rarr; <strong>1728<\/strong><br \/>(-21 for losing)\n|raw|testmaincourse's rating: 1734 &rarr; <strong>1755<\/strong><br \/>(+21 for winning)\n|l|\u2606HoshimiHoshina\n|player|p1|\n","uploadtime":1731197162,"views":45,"formatid":"gen9vgc2024regh","rating":1728,"private":0,"password":null}