{"id":"gen9vgc2024regh-2240663988","format":"[Gen 9] VGC 2024 Reg H","players":["Kodora","htotoT"],"log":"|j|\u2606Kodora\n|j|\u2606htotoT\n|t:|1731178009\n|gametype|doubles\n|player|p1|Kodora|169|1686\n|player|p2|htotoT|1|1690\n|teamsize|p1|6\n|teamsize|p2|6\n|gen|9\n|tier|[Gen 9] VGC 2024 Reg H\n|rated|\n|rule|Species Clause: Limit one of each Pok\u00e9mon\n|rule|Item Clause: Limit 1 of each item\n|clearpoke\n|poke|p1|Maushold-Four, L50|\n|poke|p1|Annihilape, L50, M|\n|poke|p1|Archaludon, L50, M|\n|poke|p1|Murkrow, L50, M|\n|poke|p1|Weavile, L50, F|\n|poke|p1|Garchomp, L50, F|\n|poke|p2|Gholdengo, L50|\n|poke|p2|Murkrow, L50, F|\n|poke|p2|Pelipper, L50, M|\n|poke|p2|Archaludon, L50, M|\n|poke|p2|Amoonguss, L50, F|\n|poke|p2|Basculegion-F, L50, F|\n|teampreview|4\n|inactive|Battle timer is ON: inactive players will automatically lose when time's up. (requested by htotoT)\n|\n|t:|1731178026\n|start\n|switch|p1a: Murkrow|Murkrow, L50, M, shiny|100\/100\n|switch|p1b: Weavile|Weavile, L50, F, shiny|100\/100\n|switch|p2a: Murkrow|Murkrow, L50, F|100\/100\n|switch|p2b: Gholdengo|Gholdengo, L50|100\/100\n|-ability|p1b: Weavile|Pressure\n|turn|1\n|\n|t:|1731178045\n|-terastallize|p2b: Gholdengo|Steel\n|move|p1a: Murkrow|Tailwind|p1a: Murkrow\n|-sidestart|p1: Kodora|move: Tailwind\n|move|p2a: Murkrow|Tailwind|p2a: Murkrow\n|-sidestart|p2: htotoT|move: Tailwind\n|move|p1b: Weavile|Triple Axel|p2a: Murkrow\n|-supereffective|p2a: Murkrow\n|-damage|p2a: Murkrow|71\/100\n|-hitcount|p2a: Murkrow|1\n|move|p2b: Gholdengo|Make It Rain|p1a: Murkrow|[spread] p1a,p1b\n|-supereffective|p1b: Weavile\n|-damage|p1a: Murkrow|0 fnt\n|-enditem|p1b: Weavile|Focus Sash\n|-damage|p1b: Weavile|1\/100\n|-unboost|p2b: Gholdengo|spa|1\n|faint|p1a: Murkrow\n|\n|upkeep\n|\n|t:|1731178060\n|switch|p1a: Annihilape|Annihilape, L50, M, shiny|100\/100\n|turn|2\n|\n|t:|1731178071\n|-terastallize|p1a: Annihilape|Water\n|move|p2a: Murkrow|Haze|p2a: Murkrow\n|-clearallboost\n|move|p1b: Weavile|Triple Axel|p2a: Murkrow\n|-supereffective|p2a: Murkrow\n|-damage|p2a: Murkrow|41\/100\n|-supereffective|p2a: Murkrow\n|-damage|p2a: Murkrow|0 fnt\n|faint|p2a: Murkrow\n|-hitcount|p2: Murkrow|2\n|move|p1a: Annihilape|Bulk Up|p1a: Annihilape\n|-boost|p1a: Annihilape|atk|1\n|-boost|p1a: Annihilape|def|1\n|move|p2b: Gholdengo|Make It Rain|p1b: Weavile|[spread] p1a,p1b\n|-resisted|p1a: Annihilape\n|-supereffective|p1b: Weavile\n|-damage|p1a: Annihilape|54\/100\n|-damage|p1b: Weavile|0 fnt\n|-unboost|p2b: Gholdengo|spa|1\n|faint|p1b: Weavile\n|\n|upkeep\n|\n|t:|1731178081\n|switch|p1b: Maushold|Maushold-Four, L50, shiny|100\/100\n|switch|p2a: Archaludon|Archaludon, L50, M|100\/100\n|turn|3\n|j| newkl\n|\n|t:|1731178105\n|switch|p2b: Pelipper|Pelipper, L50, M|100\/100\n|-weather|RainDance|[from] ability: Drizzle|[of] p2b: Pelipper\n|move|p1b: Maushold|Beat Up|p1a: Annihilape\n|-damage|p1a: Annihilape|52\/100\n|-damage|p1a: Annihilape|51\/100\n|-hitcount|p1a: Annihilape|2\n|move|p1a: Annihilape|Rage Fist|p2a: Archaludon\n|-damage|p2a: Archaludon|0 fnt\n|faint|p2a: Archaludon\n|\n|-weather|RainDance|[upkeep]\n|upkeep\n|\n|t:|1731178111\n|switch|p2a: Gholdengo|Gholdengo, L50, tera:Steel|100\/100\n|turn|4\n|\n|t:|1731178132\n|move|p1b: Maushold|Helping Hand|p1a: Annihilape\n|-singleturn|p1a: Annihilape|Helping Hand|[of] p1b: Maushold\n|move|p1a: Annihilape|Rage Fist|p2a: Gholdengo\n|-damage|p2a: Gholdengo|0 fnt\n|faint|p2a: Gholdengo\n|move|p2b: Pelipper|Hurricane|p1a: Annihilape\n|-damage|p1a: Annihilape|20\/100\n|\n|-weather|RainDance|[upkeep]\n|-sideend|p1: Kodora|move: Tailwind\n|-sideend|p2: htotoT|move: Tailwind\n|upkeep\n|turn|5\n|\n|t:|1731178156\n|move|p1b: Maushold|Beat Up|p2b: Pelipper\n|-damage|p2b: Pelipper|97\/100\n|-damage|p2b: Pelipper|93\/100\n|-hitcount|p2b: Pelipper|2\n|move|p1a: Annihilape|Rage Fist|p2b: Pelipper\n|-damage|p2b: Pelipper|0 fnt\n|faint|p2b: Pelipper\n|\n|win|Kodora\n|raw|Kodora's rating: 1686 &rarr; <strong>1706<\/strong><br \/>(+20 for winning)\n|raw|htotoT's rating: 1690 &rarr; <strong>1670<\/strong><br \/>(-20 for losing)\n|l|\u2606htotoT\n|player|p2|\n|l|\u2606Kodora\n|player|p1|\n|l| newkl\n","uploadtime":1731178365,"views":37,"formatid":"gen9vgc2024regh","rating":1670,"private":0,"password":null}