{"id":"gen9vgc2024regh-2241892666","format":"[Gen 9] VGC 2024 Reg H","players":["Sodiumtoad","Zordor"],"log":"|j|\u2606Sodiumtoad\n|j|\u2606Zordor\n|t:|1731353619\n|gametype|doubles\n|player|p1|Sodiumtoad|janine|1699\n|player|p2|Zordor|pilot|1679\n|teamsize|p1|6\n|teamsize|p2|6\n|gen|9\n|tier|[Gen 9] VGC 2024 Reg H\n|rated|\n|rule|Species Clause: Limit one of each Pok\u00e9mon\n|rule|Item Clause: Limit 1 of each item\n|clearpoke\n|poke|p1|Poliwrath, L50, M|\n|poke|p1|Pelipper, L50, F|\n|poke|p1|Indeedee-F, L50, F|\n|poke|p1|Sinistcha, L50|\n|poke|p1|Braviary-Hisui, L50, M|\n|poke|p1|Annihilape, L50, M|\n|poke|p2|Rotom-Wash, L50|\n|poke|p2|Sneasler, L50, F|\n|poke|p2|Kingambit, L50, F|\n|poke|p2|Armarouge, L50, F|\n|poke|p2|Dragapult, L50, M|\n|poke|p2|Venusaur, L50, M|\n|teampreview|4\n|j| DonShitDozo\n|\n|t:|1731353665\n|start\n|switch|p1a: Annihilape|Annihilape, L50, M|100\/100\n|switch|p1b: Indeedee|Indeedee-F, L50, F|100\/100\n|switch|p2a: Rotom|Rotom-Wash, L50|100\/100\n|switch|p2b: Sneasler|Sneasler, L50, F|100\/100\n|-fieldstart|move: Psychic Terrain|[from] ability: Psychic Surge|[of] p1b: Indeedee\n|turn|1\n|\n|t:|1731353689\n|move|p1a: Annihilape|Final Gambit|p2a: Rotom\n|-damage|p2a: Rotom|0 fnt\n|faint|p1a: Annihilape\n|faint|p2a: Rotom\n|move|p2b: Sneasler|Close Combat|p1b: Indeedee\n|-damage|p1b: Indeedee|34\/100\n|-unboost|p2b: Sneasler|def|1\n|-unboost|p2b: Sneasler|spd|1\n|move|p1b: Indeedee|Trick Room|p1b: Indeedee\n|-fieldstart|move: Trick Room|[of] p1b: Indeedee\n|\n|upkeep\n|\n|t:|1731353702\n|switch|p2a: Armarouge|Armarouge, L50, F|100\/100\n|switch|p1a: Braviary|Braviary-Hisui, L50, M|100\/100\n|turn|2\n|\n|t:|1731353708\n|-terastallize|p1a: Braviary|Psychic\n|move|p2a: Armarouge|Protect|p2a: Armarouge\n|-singleturn|p2a: Armarouge|Protect\n|move|p2b: Sneasler|Protect|p2b: Sneasler\n|-singleturn|p2b: Sneasler|Protect\n|move|p1b: Indeedee|Follow Me|p1b: Indeedee\n|-singleturn|p1b: Indeedee|move: Follow Me\n|move|p1a: Braviary|Expanding Force|p2a: Armarouge|[spread] \n|-activate|p2a: Armarouge|move: Protect\n|-activate|p2b: Sneasler|move: Protect\n|\n|upkeep\n|turn|3\n|\n|t:|1731353728\n|switch|p2b: Kingambit|Kingambit, L50, F, shiny|100\/100\n|-terastallize|p2a: Armarouge|Dark\n|move|p1a: Braviary|Close Combat|p2b: Kingambit\n|-supereffective|p2b: Kingambit\n|-damage|p2b: Kingambit|0 fnt\n|-unboost|p1a: Braviary|def|1\n|-unboost|p1a: Braviary|spd|1\n|faint|p2b: Kingambit\n|-damage|p1a: Braviary|91\/100|[from] item: Life Orb\n|move|p1b: Indeedee|Psychic|p2a: Armarouge\n|-immune|p2a: Armarouge\n|move|p2a: Armarouge|Heat Wave|p1a: Braviary|[spread] p1a,p1b\n|-damage|p1a: Braviary|34\/100\n|-damage|p1b: Indeedee|9\/100\n|-status|p1a: Braviary|brn\n|\n|-damage|p1a: Braviary|28\/100 brn|[from] brn\n|upkeep\n|\n|t:|1731353744\n|switch|p2b: Sneasler|Sneasler, L50, F|100\/100\n|turn|4\n|\n|t:|1731353779\n|move|p2a: Armarouge|Protect|p2a: Armarouge\n|-singleturn|p2a: Armarouge|Protect\n|move|p1a: Braviary|Close Combat|p2a: Armarouge\n|-activate|p2a: Armarouge|move: Protect\n|move|p1b: Indeedee|Heal Pulse|p1a: Braviary\n|-heal|p1a: Braviary|78\/100 brn\n|move|p2b: Sneasler|Dire Claw|p1a: Braviary\n|-damage|p1a: Braviary|7\/100 brn\n|\n|-damage|p1a: Braviary|1\/100 brn|[from] brn\n|upkeep\n|turn|5\n|\n|t:|1731353799\n|move|p2a: Armarouge|Protect||[still]\n|-fail|p2a: Armarouge\n|move|p2b: Sneasler|Protect|p2b: Sneasler\n|-singleturn|p2b: Sneasler|Protect\n|move|p1a: Braviary|Close Combat|p2a: Armarouge\n|-supereffective|p2a: Armarouge\n|-damage|p2a: Armarouge|66\/100\n|-unboost|p1a: Braviary|def|1\n|-unboost|p1a: Braviary|spd|1\n|-damage|p1a: Braviary|0 fnt|[from] item: Life Orb\n|faint|p1a: Braviary\n|move|p1b: Indeedee|Psychic|p2b: Sneasler\n|-activate|p2b: Sneasler|move: Protect\n|\n|-fieldend|move: Trick Room\n|-fieldend|move: Psychic Terrain\n|upkeep\n|\n|t:|1731353803\n|switch|p1a: Sinistcha|Sinistcha, L50|100\/100\n|-heal|p1b: Indeedee|34\/100|[from] ability: Hospitality|[of] p1a: Sinistcha\n|turn|6\n|\n|t:|1731353818\n|move|p2b: Sneasler|Dire Claw|p1a: Sinistcha\n|-damage|p1a: Sinistcha|60\/100\n|-status|p1a: Sinistcha|psn\n|move|p2a: Armarouge|Heat Wave|p1b: Indeedee|[spread] p1a,p1b\n|-supereffective|p1a: Sinistcha\n|-damage|p1a: Sinistcha|0 fnt\n|-damage|p1b: Indeedee|7\/100\n|faint|p1a: Sinistcha\n|move|p1b: Indeedee|Trick Room|p1b: Indeedee\n|-fieldstart|move: Trick Room|[of] p1b: Indeedee\n|\n|upkeep\n|turn|7\n|c|\u2606Sodiumtoad|Gg\n|\n|t:|1731353828\n|move|p1b: Indeedee|Psychic|p2b: Sneasler\n|-supereffective|p2b: Sneasler\n|-enditem|p2b: Sneasler|Focus Sash\n|-damage|p2b: Sneasler|1\/100\n|move|p2a: Armarouge|Psychic|p1b: Indeedee\n|-resisted|p1b: Indeedee\n|-damage|p1b: Indeedee|0 fnt\n|faint|p1b: Indeedee\n|\n|win|Zordor\n|raw|Sodiumtoad's rating: 1699 &rarr; <strong>1678<\/strong><br \/>(-21 for losing)\n|raw|Zordor's rating: 1679 &rarr; <strong>1700<\/strong><br \/>(+21 for winning)\n|l|\u2606Zordor\n|player|p2|\n|l|\u2606Sodiumtoad\n|player|p1|\n|l| DonShitDozo\n","uploadtime":1731354076,"views":30,"formatid":"gen9vgc2024regh","rating":1678,"private":0,"password":null}