{"id":"gen9vgc2024regh-2241208316","format":"[Gen 9] VGC 2024 Reg H","players":["PirateRoberts77","yorickvgc"],"log":"|j|\u2606PirateRoberts77\n|j|\u2606yorickvgc\n|t:|1731261790\n|gametype|doubles\n|player|p1|PirateRoberts77|hilbert|1659\n|player|p2|yorickvgc|169|1701\n|teamsize|p1|6\n|teamsize|p2|6\n|gen|9\n|tier|[Gen 9] VGC 2024 Reg H\n|rated|\n|rule|Species Clause: Limit one of each Pok\u00e9mon\n|rule|Item Clause: Limit 1 of each item\n|clearpoke\n|poke|p1|Torterra, L50, M|\n|poke|p1|Annihilape, L50, M|\n|poke|p1|Armarouge, L50, M|\n|poke|p1|Oranguru, L50, M|\n|poke|p1|Torkoal, L50, F|\n|poke|p1|Sylveon, L50, F|\n|poke|p2|Gholdengo, L50|\n|poke|p2|Ninetales-Alola, L50, M|\n|poke|p2|Dragonite, L50, F|\n|poke|p2|Magmar, L50, M|\n|poke|p2|Annihilape, L50, M|\n|poke|p2|Ursaluna-Bloodmoon, L50, M|\n|teampreview|4\n|inactive|Battle timer is ON: inactive players will automatically lose when time's up. (requested by PirateRoberts77)\nyorickvgc has agreed to open team sheets.\n|j| Bohoennian\nPirateRoberts77 rejected open team sheets.\n|inactive|yorickvgc has 60 seconds left.\n|j| oil bird\n|\n|t:|1731261845\n|start\n|switch|p1a: Oranguru|Oranguru, L50, M|100\/100\n|switch|p1b: Annihilape|Annihilape, L50, M|100\/100\n|switch|p2a: Ninetales|Ninetales-Alola, L50, M|100\/100\n|switch|p2b: Dragonite|Dragonite, L50, F|100\/100\n|-weather|Snow|[from] ability: Snow Warning|[of] p2a: Ninetales\n|turn|1\n|j| BreadTest\n|inactive|PirateRoberts77 has 30 seconds left.\n|\n|t:|1731261872\n|move|p1b: Annihilape|Final Gambit|p2b: Dragonite\n|-damage|p2b: Dragonite|0 fnt\n|faint|p1b: Annihilape\n|faint|p2b: Dragonite\n|move|p2a: Ninetales|Aurora Veil|p2a: Ninetales\n|-sidestart|p2: yorickvgc|move: Aurora Veil\n|move|p1a: Oranguru|Trick Room|p1a: Oranguru\n|-fieldstart|move: Trick Room|[of] p1a: Oranguru\n|\n|-weather|Snow|[upkeep]\n|upkeep\n|\n|t:|1731261882\n|switch|p2b: Ursaluna|Ursaluna-Bloodmoon, L50, M|100\/100\n|switch|p1b: Torterra|Torterra, L50, M|100\/100\n|turn|2\n|\n|t:|1731261890\n|switch|p2b: Annihilape|Annihilape, L50, M|100\/100\n|move|p1b: Torterra|Bullet Seed|p2b: Annihilape\n|-damage|p2b: Annihilape|91\/100\n|-damage|p2b: Annihilape|81\/100\n|-damage|p2b: Annihilape|71\/100\n|-damage|p2b: Annihilape|62\/100\n|-damage|p2b: Annihilape|53\/100\n|-hitcount|p2b: Annihilape|5\n|move|p1a: Oranguru|Encore|p2a: Ninetales\n|-start|p2a: Ninetales|Encore\n|move|p2a: Ninetales|Aurora Veil||[still]\n|-fail|p2a: Ninetales\n|\n|-weather|Snow|[upkeep]\n|upkeep\n|turn|3\n|\n|t:|1731261913\n|switch|p2a: Ursaluna|Ursaluna-Bloodmoon, L50, M|100\/100\n|move|p2b: Annihilape|Protect|p2b: Annihilape\n|-singleturn|p2b: Annihilape|Protect\n|move|p1b: Torterra|Headlong Rush|p2b: Annihilape\n|-activate|p2b: Annihilape|move: Protect\n|move|p1a: Oranguru|Instruct|p1b: Torterra\n|-singleturn|p1b: Torterra|move: Instruct|[of] p1a: Oranguru\n|move|p1b: Torterra|Headlong Rush|p2b: Annihilape\n|-activate|p2b: Annihilape|move: Protect\n|\n|-weather|Snow|[upkeep]\n|upkeep\n|turn|4\n|\n|t:|1731261933\n|move|p1b: Torterra|Bullet Seed|p2a: Ursaluna\n|-supereffective|p2a: Ursaluna\n|-damage|p2a: Ursaluna|88\/100\n|-supereffective|p2a: Ursaluna\n|-damage|p2a: Ursaluna|76\/100\n|-supereffective|p2a: Ursaluna\n|-damage|p2a: Ursaluna|64\/100\n|-supereffective|p2a: Ursaluna\n|-damage|p2a: Ursaluna|52\/100\n|-hitcount|p2a: Ursaluna|4\n|move|p1a: Oranguru|Encore|p2b: Annihilape\n|-start|p2b: Annihilape|Encore\n|move|p2a: Ursaluna|Blood Moon|p1b: Torterra\n|-damage|p1b: Torterra|30\/100\n|move|p2b: Annihilape|Protect||[still]\n|-fail|p2b: Annihilape\n|\n|-weather|Snow|[upkeep]\n|upkeep\n|turn|5\n|inactive|yorickvgc has 30 seconds left.\n|\n|t:|1731261965\n|switch|p2b: Ninetales|Ninetales-Alola, L50, M|100\/100\n|move|p2a: Ursaluna|Vacuum Wave|p1b: Torterra\n|-damage|p1b: Torterra|16\/100\n|move|p1b: Torterra|Bullet Seed|p2a: Ursaluna\n|-supereffective|p2a: Ursaluna\n|-damage|p2a: Ursaluna|32\/100\n|-supereffective|p2a: Ursaluna\n|-damage|p2a: Ursaluna|14\/100\n|-supereffective|p2a: Ursaluna\n|-damage|p2a: Ursaluna|0 fnt\n|faint|p2a: Ursaluna\n|-hitcount|p2: Ursaluna|3\n|move|p1a: Oranguru|Instruct|p1b: Torterra\n|-singleturn|p1b: Torterra|move: Instruct|[of] p1a: Oranguru\n|move|p1b: Torterra|Bullet Seed|p2b: Ninetales\n|-damage|p2b: Ninetales|88\/100\n|-damage|p2b: Ninetales|75\/100\n|-damage|p2b: Ninetales|63\/100\n|-damage|p2b: Ninetales|50\/100\n|-damage|p2b: Ninetales|39\/100\n|-hitcount|p2b: Ninetales|5\n|\n|-weather|none\n|-fieldend|move: Trick Room\n|upkeep\n|\n|t:|1731261972\n|switch|p2a: Annihilape|Annihilape, L50, M|53\/100\n|turn|6\n|\n|t:|1731261989\n|move|p1b: Torterra|Wide Guard|p1b: Torterra\n|-singleturn|p1b: Torterra|Wide Guard\n|move|p2b: Ninetales|Encore|p1a: Oranguru\n|-start|p1a: Oranguru|Encore\n|-enditem|p1a: Oranguru|Mental Herb\n|-end|p1a: Oranguru|Encore\n|move|p2a: Annihilape|Drain Punch|p1b: Torterra\n|-damage|p1b: Torterra|0 fnt\n|-heal|p2a: Annihilape|61\/100|[from] drain|[of] p1b: Torterra\n|faint|p1b: Torterra\n|move|p1a: Oranguru|Trick Room|p1a: Oranguru\n|-fieldstart|move: Trick Room|[of] p1a: Oranguru\n|\n|upkeep\n|\n|t:|1731262000\n|switch|p1b: Sylveon|Sylveon, L50, F|100\/100\n|turn|7\n|\n|t:|1731262011\n|-terastallize|p1b: Sylveon|Fairy\n|move|p2a: Annihilape|Protect|p2a: Annihilape\n|-singleturn|p2a: Annihilape|Protect\n|move|p1b: Sylveon|Hyper Voice|p2b: Ninetales|[spread] p2b\n|-activate|p2a: Annihilape|move: Protect\n|-damage|p2b: Ninetales|0 fnt\n|faint|p2b: Ninetales\n|move|p1a: Oranguru|Instruct|p1b: Sylveon\n|-singleturn|p1b: Sylveon|move: Instruct|[of] p1a: Oranguru\n|move|p1b: Sylveon|Hyper Voice|p2a: Annihilape\n|-activate|p2a: Annihilape|move: Protect\n|\n|upkeep\n|turn|8\n|l| oil bird\n|\n|t:|1731262025\n|-terastallize|p2a: Annihilape|Water\n|move|p1b: Sylveon|Hyper Voice|p2a: Annihilape\n|-damage|p2a: Annihilape|1\/100\n|move|p1a: Oranguru|Instruct|p1b: Sylveon\n|-singleturn|p1b: Sylveon|move: Instruct|[of] p1a: Oranguru\n|move|p1b: Sylveon|Hyper Voice|p2a: Annihilape\n|-damage|p2a: Annihilape|0 fnt\n|faint|p2a: Annihilape\n|\n|win|PirateRoberts77\n|raw|PirateRoberts77's rating: 1659 &rarr; <strong>1681<\/strong><br \/>(+22 for winning)\n|raw|yorickvgc's rating: 1701 &rarr; <strong>1679<\/strong><br \/>(-22 for losing)\n|l|\u2606yorickvgc\n|player|p2|\n|l| BreadTest\n|l| Bohoennian\n","uploadtime":1731262178,"views":28,"formatid":"gen9vgc2024regh","rating":1679,"private":0,"password":null}