{"id":"gen9vgc2024regh-2241839638","format":"[Gen 9] VGC 2024 Reg H","players":["stbai","Zordor"],"log":"|j|\u2606stbai\n|j|\u2606Zordor\n|t:|1731348259\n|gametype|doubles\n|player|p1|stbai|janitor|1702\n|player|p2|Zordor|pilot|1769\n|teamsize|p1|6\n|teamsize|p2|6\n|gen|9\n|tier|[Gen 9] VGC 2024 Reg H\n|rated|\n|rule|Species Clause: Limit one of each Pok\u00e9mon\n|rule|Item Clause: Limit 1 of each item\n|clearpoke\n|poke|p1|Tatsugiri, L50, F|\n|poke|p1|Smeargle, L50, M|\n|poke|p1|Pelipper, L50, F|\n|poke|p1|Archaludon, L50, M|\n|poke|p1|Ursaluna-Bloodmoon, L50, M|\n|poke|p1|Dondozo, L50, M|\n|poke|p2|Rotom-Wash, L50|\n|poke|p2|Sneasler, L50, F|\n|poke|p2|Kingambit, L50, M|\n|poke|p2|Armarouge, L50, F|\n|poke|p2|Dragapult, L50, M|\n|poke|p2|Venusaur, L50, M|\n|teampreview|4\n|inactive|Battle timer is ON: inactive players will automatically lose when time's up. (requested by stbai)\n|\n|t:|1731348279\n|start\n|switch|p1a: Smeargle|Smeargle, L50, M|100\/100\n|switch|p1b: Archaludon|Archaludon, L50, M|100\/100\n|switch|p2a: Kingambit|Kingambit, L50, M, shiny|100\/100\n|switch|p2b: Rotom|Rotom-Wash, L50|100\/100\n|turn|1\n|\n|t:|1731348299\n|move|p2a: Kingambit|Protect|p2a: Kingambit\n|-singleturn|p2a: Kingambit|Protect\n|move|p2b: Rotom|Will-O-Wisp|p1b: Archaludon\n|-status|p1b: Archaludon|brn\n|move|p1a: Smeargle|Spore|p2b: Rotom\n|-activate|p2b: Rotom|item: Safety Goggles|Spore\n|move|p1b: Archaludon|Body Press|p2a: Kingambit\n|-activate|p2a: Kingambit|move: Protect\n|\n|-damage|p1b: Archaludon|95\/100 brn|[from] brn\n|-ability|p1a: Smeargle|Moody|boost\n|-boost|p1a: Smeargle|spd|2\n|-unboost|p1a: Smeargle|spa|1\n|upkeep\n|turn|2\n|\n|t:|1731348318\n|switch|p1b: Dondozo|Dondozo, L50, M|100\/100\n|move|p2b: Rotom|Electroweb|p1a: Smeargle|[spread] p1a,p1b\n|-supereffective|p1b: Dondozo\n|-damage|p1a: Smeargle|85\/100\n|-damage|p1b: Dondozo|75\/100\n|-unboost|p1a: Smeargle|spe|1\n|-unboost|p1b: Dondozo|spe|1\n|move|p2a: Kingambit|Throat Chop|p1a: Smeargle\n|-damage|p1a: Smeargle|0 fnt\n|faint|p1a: Smeargle\n|\n|-heal|p1b: Dondozo|81\/100|[from] item: Leftovers\n|upkeep\n|j| jdarcan\n|inactive|stbai has 30 seconds left.\n|\n|t:|1731348351\n|switch|p1a: Archaludon|Archaludon, L50, M|95\/100 brn\n|turn|3\n|\n|t:|1731348358\n|switch|p1a: Tatsugiri|Tatsugiri, L50, F|100\/100\n|-activate|p1a: Tatsugiri|ability: Commander|[of] p1b: Dondozo\n|-boost|p1b: Dondozo|atk|2\n|-boost|p1b: Dondozo|spa|2\n|-boost|p1b: Dondozo|spe|2\n|-boost|p1b: Dondozo|def|2\n|-boost|p1b: Dondozo|spd|2\n|move|p2b: Rotom|Protect|p2b: Rotom\n|-singleturn|p2b: Rotom|Protect\n|move|p2a: Kingambit|Protect|p2a: Kingambit\n|-singleturn|p2a: Kingambit|Protect\n|move|p1b: Dondozo|Substitute|p1b: Dondozo\n|-start|p1b: Dondozo|Substitute\n|-damage|p1b: Dondozo|56\/100\n|\n|-heal|p1b: Dondozo|62\/100|[from] item: Leftovers\n|upkeep\n|turn|4\n|\n|t:|1731348374\n|-terastallize|p1b: Dondozo|Dragon\n|move|p2b: Rotom|Electroweb|p1a: Tatsugiri|[spread] p1b\n|-miss|p2b: Rotom|p1a: Tatsugiri\n|-resisted|p1b: Dondozo\n|-activate|p1b: Dondozo|move: Substitute|[damage]\n|move|p1b: Dondozo|Order Up|p2b: Rotom\n|-damage|p2b: Rotom|27\/100\n|-boost|p1b: Dondozo|atk|1\n|move|p2a: Kingambit|Throat Chop|p1b: Dondozo\n|-activate|p1b: Dondozo|move: Substitute|[damage]\n|\n|-heal|p1b: Dondozo|68\/100|[from] item: Leftovers\n|upkeep\n|turn|5\n|\n|t:|1731348392\n|move|p2b: Rotom|Protect|p2b: Rotom\n|-singleturn|p2b: Rotom|Protect\n|move|p1b: Dondozo|Order Up|p2b: Rotom\n|-activate|p2b: Rotom|move: Protect\n|move|p2a: Kingambit|Throat Chop|p1b: Dondozo\n|-end|p1b: Dondozo|Substitute\n|\n|-heal|p1b: Dondozo|74\/100|[from] item: Leftovers\n|upkeep\n|turn|6\n|\n|t:|1731348399\n|move|p2b: Rotom|Will-O-Wisp|p1b: Dondozo\n|-status|p1b: Dondozo|brn\n|move|p1b: Dondozo|Substitute|p1b: Dondozo\n|-start|p1b: Dondozo|Substitute\n|-damage|p1b: Dondozo|49\/100 brn\n|move|p2a: Kingambit|Throat Chop|p1b: Dondozo\n|-activate|p1b: Dondozo|move: Substitute|[damage]\n|\n|-heal|p1b: Dondozo|55\/100 brn|[from] item: Leftovers\n|-damage|p1b: Dondozo|49\/100 brn|[from] brn\n|upkeep\n|turn|7\n|\n|t:|1731348412\n|move|p2a: Kingambit|Protect|p2a: Kingambit\n|-singleturn|p2a: Kingambit|Protect\n|move|p2b: Rotom|Hydro Pump|p1b: Dondozo|[miss]\n|-miss|p2b: Rotom|p1b: Dondozo\n|move|p1b: Dondozo|Order Up|p2b: Rotom\n|-damage|p2b: Rotom|0 fnt\n|faint|p2b: Rotom\n|-boost|p1b: Dondozo|atk|1\n|\n|-heal|p1b: Dondozo|55\/100 brn|[from] item: Leftovers\n|-damage|p1b: Dondozo|49\/100 brn|[from] brn\n|upkeep\n|\n|t:|1731348423\n|switch|p2b: Venusaur|Venusaur, L50, M|100\/100\n|turn|8\n|\n|t:|1731348434\n|move|p2b: Venusaur|Sludge Bomb|p1b: Dondozo\n|-end|p1b: Dondozo|Substitute\n|move|p1b: Dondozo|Order Up|p2b: Venusaur\n|-damage|p2b: Venusaur|43\/100\n|-boost|p1b: Dondozo|atk|1\n|move|p2a: Kingambit|Throat Chop|p1b: Dondozo\n|-damage|p1b: Dondozo|35\/100 brn\n|-start|p1b: Dondozo|Throat Chop|[silent]\n|\n|-heal|p2b: Venusaur|49\/100|[from] item: Leftovers\n|-heal|p1b: Dondozo|41\/100 brn|[from] item: Leftovers\n|-damage|p1b: Dondozo|35\/100 brn|[from] brn\n|upkeep\n|turn|9\n|\n|t:|1731348449\n|move|p2b: Venusaur|Protect|p2b: Venusaur\n|-singleturn|p2b: Venusaur|Protect\n|move|p1b: Dondozo|Earthquake|p2a: Kingambit|[spread] p2a\n|-miss|p1b: Dondozo|p1a: Tatsugiri\n|-activate|p2b: Venusaur|move: Protect\n|-supereffective|p2a: Kingambit\n|-damage|p2a: Kingambit|48\/100\n|-enditem|p2a: Kingambit|Sitrus Berry|[eat]\n|-heal|p2a: Kingambit|73\/100|[from] item: Sitrus Berry\n|move|p2a: Kingambit|Throat Chop|p1b: Dondozo\n|-damage|p1b: Dondozo|22\/100 brn\n|\n|-heal|p2b: Venusaur|55\/100|[from] item: Leftovers\n|-heal|p1b: Dondozo|28\/100 brn|[from] item: Leftovers\n|-damage|p1b: Dondozo|22\/100 brn|[from] brn\n|-end|p1b: Dondozo|Throat Chop|[silent]\n|upkeep\n|turn|10\n|\n|t:|1731348459\n|move|p2a: Kingambit|Sucker Punch|p1b: Dondozo\n|-damage|p1b: Dondozo|8\/100 brn\n|move|p2b: Venusaur|Sludge Bomb|p1b: Dondozo\n|-damage|p1b: Dondozo|0 fnt\n|faint|p1b: Dondozo\n|\n|-heal|p2b: Venusaur|61\/100|[from] item: Leftovers\n|upkeep\n|\n|t:|1731348463\n|switch|p1b: Archaludon|Archaludon, L50, M|95\/100 brn\n|turn|11\n|\n|t:|1731348478\n|move|p2b: Venusaur|Protect|p2b: Venusaur\n|-singleturn|p2b: Venusaur|Protect\n|move|p2a: Kingambit|Protect|p2a: Kingambit\n|-singleturn|p2a: Kingambit|Protect\n|move|p1a: Tatsugiri|Dragon Pulse|p2b: Venusaur\n|-activate|p2b: Venusaur|move: Protect\n|move|p1b: Archaludon|Electro Shot||[still]\n|-prepare|p1b: Archaludon|Electro Shot\n|-boost|p1b: Archaludon|spa|1\n|-enditem|p1b: Archaludon|Power Herb\n|-anim|p1b: Archaludon|Electro Shot|p2a: Kingambit\n|-activate|p2a: Kingambit|move: Protect\n|\n|-heal|p2b: Venusaur|68\/100|[from] item: Leftovers\n|-damage|p1b: Archaludon|89\/100 brn|[from] brn\n|upkeep\n|turn|12\n|\n|t:|1731348497\n|-terastallize|p2b: Venusaur|Steel\n|move|p2a: Kingambit|Sucker Punch|p1a: Tatsugiri\n|-crit|p1a: Tatsugiri\n|-damage|p1a: Tatsugiri|5\/100\n|move|p1a: Tatsugiri|Dragon Pulse|p2b: Venusaur\n|-resisted|p2b: Venusaur\n|-damage|p2b: Venusaur|35\/100\n|move|p1b: Archaludon|Flash Cannon|p2b: Venusaur\n|-resisted|p2b: Venusaur\n|-damage|p2b: Venusaur|2\/100\n|move|p2b: Venusaur|Giga Drain|p1a: Tatsugiri\n|-damage|p1a: Tatsugiri|0 fnt\n|-heal|p2b: Venusaur|4\/100|[from] drain|[of] p1a: Tatsugiri\n|faint|p1a: Tatsugiri\n|\n|-heal|p2b: Venusaur|10\/100|[from] item: Leftovers\n|-damage|p1b: Archaludon|83\/100 brn|[from] brn\n|upkeep\n|turn|13\n|\n|t:|1731348513\n|move|p2b: Venusaur|Protect|p2b: Venusaur\n|-singleturn|p2b: Venusaur|Protect\n|move|p2a: Kingambit|Protect|p2a: Kingambit\n|-singleturn|p2a: Kingambit|Protect\n|move|p1b: Archaludon|Body Press|p2a: Kingambit\n|-activate|p2a: Kingambit|move: Protect\n|\n|-heal|p2b: Venusaur|16\/100|[from] item: Leftovers\n|-damage|p1b: Archaludon|77\/100 brn|[from] brn\n|upkeep\n|turn|14\n|\n|t:|1731348531\n|move|p2a: Kingambit|Sucker Punch|p1b: Archaludon\n|-damage|p1b: Archaludon|48\/100 brn\n|-ability|p1b: Archaludon|Stamina|boost\n|-boost|p1b: Archaludon|def|1\n|move|p2b: Venusaur|Earth Power|p1b: Archaludon\n|-supereffective|p1b: Archaludon\n|-damage|p1b: Archaludon|0 fnt\n|faint|p1b: Archaludon\n|\n|win|Zordor\n|raw|stbai's rating: 1702 &rarr; <strong>1686<\/strong><br \/>(-16 for losing)\n|raw|Zordor's rating: 1769 &rarr; <strong>1785<\/strong><br \/>(+16 for winning)\n|l|\u2606stbai\n|player|p1|\n|l|\u2606Zordor\n|player|p2|\n","uploadtime":1731348755,"views":39,"formatid":"gen9vgc2024regh","rating":1686,"private":0,"password":null}