{"id":"gen9vgc2024regh-2241497165","format":"[Gen 9] VGC 2024 Reg H","players":["nibosu","googer315"],"log":"|j|\u2606nibosu\n|j|\u2606googer315\n|t:|1731297646\n|gametype|doubles\n|player|p1|nibosu|170|1742\n|player|p2|googer315|2|1719\n|teamsize|p1|6\n|teamsize|p2|6\n|gen|9\n|tier|[Gen 9] VGC 2024 Reg H\n|rated|\n|rule|Species Clause: Limit one of each Pok\u00e9mon\n|rule|Item Clause: Limit 1 of each item\n|clearpoke\n|poke|p1|Dragapult, L50, M|\n|poke|p1|Grimmsnarl, L50, M|\n|poke|p1|Gholdengo, L50|\n|poke|p1|Rillaboom, L50, M|\n|poke|p1|Dragonite, L50, F|\n|poke|p1|Ursaluna-Bloodmoon, L50, M|\n|poke|p2|Dondozo, L50, F|\n|poke|p2|Tatsugiri, L50, F|\n|poke|p2|Glimmora, L50, F|\n|poke|p2|Maushold, L50|\n|poke|p2|Annihilape, L50, F|\n|poke|p2|Gholdengo, L50|\n|teampreview|4\n|inactive|Battle timer is ON: inactive players will automatically lose when time's up. (requested by googer315)\n|\n|t:|1731297694\n|start\n|switch|p1a: Grimmsnarl|Grimmsnarl, L50, M|100\/100\n|switch|p1b: Gholdengo|Gholdengo, L50|100\/100\n|switch|p2a: Gholdengo|Gholdengo, L50|100\/100\n|switch|p2b: Glimmora|Glimmora, L50, F|100\/100\n|turn|1\n|\n|t:|1731297709\n|move|p1a: Grimmsnarl|Light Screen|p1a: Grimmsnarl\n|-sidestart|p1: nibosu|move: Light Screen\n|move|p2a: Gholdengo|Make It Rain|p1a: Grimmsnarl|[spread] p1a,p1b\n|-supereffective|p1a: Grimmsnarl\n|-resisted|p1b: Gholdengo\n|-damage|p1a: Grimmsnarl|32\/100\n|-damage|p1b: Gholdengo|83\/100\n|-unboost|p2a: Gholdengo|spa|1\n|move|p1b: Gholdengo|Shadow Ball|p2a: Gholdengo\n|-supereffective|p2a: Gholdengo\n|-damage|p2a: Gholdengo|0 fnt\n|faint|p2a: Gholdengo\n|move|p2b: Glimmora|Sludge Bomb|p1a: Grimmsnarl\n|-supereffective|p1a: Grimmsnarl\n|-damage|p1a: Grimmsnarl|0 fnt\n|faint|p1a: Grimmsnarl\n|\n|upkeep\n|\n|t:|1731297725\n|switch|p2a: Annihilape|Annihilape, L50, F|100\/100\n|switch|p1a: Ursaluna|Ursaluna-Bloodmoon, L50, M|100\/100\n|turn|2\n|j| mr pogostick\n|inactive|nibosu has 30 seconds left.\n|\n|t:|1731297754\n|move|p2a: Annihilape|Protect|p2a: Annihilape\n|-singleturn|p2a: Annihilape|Protect\n|move|p1a: Ursaluna|Vacuum Wave|p2b: Glimmora\n|-damage|p2b: Glimmora|80\/100\n|move|p1b: Gholdengo|Shadow Ball|p2b: Glimmora\n|-damage|p2b: Glimmora|0 fnt\n|faint|p2b: Glimmora\n|\n|upkeep\n|\n|t:|1731297762\n|switch|p2b: Maushold|Maushold, L50|100\/100\n|turn|3\n|\n|t:|1731297770\n|switch|p1b: Dragonite|Dragonite, L50, F|100\/100\n|-terastallize|p2a: Annihilape|Water\n|move|p2b: Maushold|Protect|p2b: Maushold\n|-singleturn|p2b: Maushold|Protect\n|move|p2a: Annihilape|Bulk Up|p2a: Annihilape\n|-boost|p2a: Annihilape|atk|1\n|-boost|p2a: Annihilape|def|1\n|move|p1a: Ursaluna|Blood Moon|p2b: Maushold\n|-activate|p2b: Maushold|move: Protect\n|\n|upkeep\n|turn|4\n|inactive|nibosu has 30 seconds left.\n|\n|t:|1731297797\n|-terastallize|p1a: Ursaluna|Poison\n|move|p2b: Maushold|Taunt|p1b: Dragonite\n|-start|p1b: Dragonite|move: Taunt\n|move|p2a: Annihilape|Drain Punch|p1a: Ursaluna\n|-resisted|p1a: Ursaluna\n|-damage|p1a: Ursaluna|83\/100\n|move|p1b: Dragonite|Fire Spin|p2b: Maushold\n|-damage|p2b: Maushold|89\/100\n|-activate|p2b: Maushold|move: Fire Spin|[of] p1b: Dragonite\n|move|p1a: Ursaluna|Earth Power|p2b: Maushold\n|-damage|p2b: Maushold|30\/100\n|\n|-damage|p2b: Maushold|18\/100|[from] move: Fire Spin|[partiallytrapped]\n|upkeep\n|turn|5\n|\n|t:|1731297816\n|switch|p1b: Gholdengo|Gholdengo, L50|83\/100\n|move|p1a: Ursaluna|Protect|p1a: Ursaluna\n|-singleturn|p1a: Ursaluna|Protect\n|move|p2b: Maushold|Beat Up|p2a: Annihilape\n|-damage|p2a: Annihilape|99\/100\n|-damage|p2a: Annihilape|98\/100\n|-hitcount|p2a: Annihilape|2\n|move|p2a: Annihilape|Rage Fist|p1a: Ursaluna\n|-activate|p1a: Ursaluna|move: Protect\n|\n|-end|p2b: Maushold|Fire Spin|[partiallytrapped]|[silent]\n|upkeep\n|turn|6\n|j| Blackhole Blitz\n|inactive|nibosu has 30 seconds left.\n|\n|t:|1731297850\n|move|p2b: Maushold|Protect|p2b: Maushold\n|-singleturn|p2b: Maushold|Protect\n|move|p1b: Gholdengo|Make It Rain|p2b: Maushold|[spread] p2a\n|-activate|p2b: Maushold|move: Protect\n|-resisted|p2a: Annihilape\n|-damage|p2a: Annihilape|78\/100\n|-unboost|p1b: Gholdengo|spa|1\n|move|p2a: Annihilape|Rage Fist|p1b: Gholdengo\n|-supereffective|p1b: Gholdengo\n|-damage|p1b: Gholdengo|0 fnt\n|faint|p1b: Gholdengo\n|move|p1a: Ursaluna|Blood Moon|p2a: Annihilape\n|-damage|p2a: Annihilape|34\/100\n|-enditem|p2a: Annihilape|Sitrus Berry|[eat]\n|-heal|p2a: Annihilape|59\/100|[from] item: Sitrus Berry\n|\n|upkeep\n|-message|nibosu forfeited.\n|\n|win|googer315\n|raw|nibosu's rating: 1742 &rarr; <strong>1721<\/strong><br \/>(-21 for losing)\n|raw|googer315's rating: 1719 &rarr; <strong>1740<\/strong><br \/>(+21 for winning)\n|l|\u2606nibosu\n|player|p1|\n|l| mr pogostick\n|l|\u2606googer315\n|player|p2|\n","uploadtime":1731298094,"views":36,"formatid":"gen9vgc2024regh","rating":1721,"private":0,"password":null}