{"id":"gen9vgc2024regh-2241149782","format":"[Gen 9] VGC 2024 Reg H","players":["sheeshshane925","Shredted08"],"log":"|j|\u2606sheeshshane925\n|j|\u2606Shredted08\n|t:|1731254385\n|gametype|doubles\n|player|p1|sheeshshane925|bruno|1691\n|player|p2|Shredted08|wallace|1693\n|teamsize|p1|6\n|teamsize|p2|6\n|gen|9\n|tier|[Gen 9] VGC 2024 Reg H\n|rated|\n|rule|Species Clause: Limit one of each Pok\u00e9mon\n|rule|Item Clause: Limit 1 of each item\n|clearpoke\n|poke|p1|Archaludon, L50, M|\n|poke|p1|Pelipper, L50, M|\n|poke|p1|Primarina, L50, M|\n|poke|p1|Ursaluna, L50, F|\n|poke|p1|Porygon2, L50|\n|poke|p1|Grimmsnarl, L50, M|\n|poke|p2|Espathra, L50, F|\n|poke|p2|Armarouge, L50, F|\n|poke|p2|Indeedee-F, L50, F|\n|poke|p2|Ursaluna-Bloodmoon, L50, M|\n|poke|p2|Sneasler, L50, M|\n|poke|p2|Kingambit, L50, M|\n|teampreview|4\n|inactive|Battle timer is ON: inactive players will automatically lose when time's up. (requested by Shredted08)\n|j| Ementily\n|j| UltraMoody\n|inactive|Shredted08 has 60 seconds left.\n|\n|t:|1731254440\n|start\n|switch|p1a: Primarina|Primarina, L50, M|100\/100\n|switch|p1b: Grimmsnarl|Grimmsnarl, L50, M, shiny|100\/100\n|switch|p2a: Sneasler|Sneasler, L50, M|100\/100\n|switch|p2b: Ursaluna|Ursaluna-Bloodmoon, L50, M|100\/100\n|turn|1\n|\n|t:|1731254462\n|move|p1a: Primarina|Protect|p1a: Primarina\n|-singleturn|p1a: Primarina|Protect\n|move|p1b: Grimmsnarl|Reflect|p1b: Grimmsnarl\n|-sidestart|p1: sheeshshane925|Reflect\n|move|p2a: Sneasler|Dire Claw|p1a: Primarina\n|-activate|p1a: Primarina|move: Protect\n|move|p2b: Ursaluna|Hyper Voice|p1a: Primarina|[spread] p1b\n|-activate|p1a: Primarina|move: Protect\n|-damage|p1b: Grimmsnarl|58\/100\n|-damage|p2b: Ursaluna|90\/100|[from] item: Life Orb\n|\n|upkeep\n|turn|2\n|inactive|Shredted08 has 30 seconds left.\n|inactive|Shredted08 has 20 seconds left.\n|\n|t:|1731254502\n|-terastallize|p1a: Primarina|Water\n|-terastallize|p2b: Ursaluna|Normal\n|move|p1b: Grimmsnarl|Light Screen|p1b: Grimmsnarl\n|-sidestart|p1: sheeshshane925|move: Light Screen\n|move|p2a: Sneasler|Dire Claw|p1b: Grimmsnarl\n|-supereffective|p1b: Grimmsnarl\n|-damage|p1b: Grimmsnarl|0 fnt\n|faint|p1b: Grimmsnarl\n|move|p1a: Primarina|Hyper Voice|p2b: Ursaluna|[spread] p2a,p2b\n|-damage|p2a: Sneasler|27\/100\n|-damage|p2b: Ursaluna|34\/100\n|-enditem|p1a: Primarina|Throat Spray\n|-boost|p1a: Primarina|spa|1|[from] item: Throat Spray\n|move|p2b: Ursaluna|Blood Moon|p1a: Primarina\n|-damage|p1a: Primarina|18\/100\n|-damage|p2b: Ursaluna|24\/100|[from] item: Life Orb\n|\n|upkeep\n|\n|t:|1731254519\n|switch|p1b: Pelipper|Pelipper, L50, M, shiny|100\/100\n|-weather|RainDance|[from] ability: Drizzle|[of] p1b: Pelipper\n|turn|3\n|inactive|Shredted08 has 30 seconds left.\n|j| oil bird\n|\n|t:|1731254552\n|switch|p2b: Indeedee|Indeedee-F, L50, F|100\/100\n|-fieldstart|move: Psychic Terrain|[from] ability: Psychic Surge|[of] p2b: Indeedee\n|-enditem|p2a: Sneasler|Psychic Seed\n|-boost|p2a: Sneasler|spd|1|[from] item: Psychic Seed\n|move|p2a: Sneasler|Dire Claw|p1b: Pelipper\n|-damage|p1b: Pelipper|62\/100\n|-status|p1b: Pelipper|slp\n|cant|p1b: Pelipper|slp\n|move|p1a: Primarina|Hyper Voice|p2a: Sneasler|[spread] p2a,p2b\n|-damage|p2a: Sneasler|0 fnt\n|-damage|p2b: Indeedee|12\/100\n|faint|p2a: Sneasler\n|\n|-weather|RainDance|[upkeep]\n|upkeep\n|\n|t:|1731254562\n|switch|p2a: Armarouge|Armarouge, L50, F|100\/100\n|turn|4\n|\n|t:|1731254576\n|switch|p1b: Archaludon|Archaludon, L50, M, shiny|100\/100\n|move|p1a: Primarina|Protect|p1a: Primarina\n|-singleturn|p1a: Primarina|Protect\n|move|p2a: Armarouge|Expanding Force|p1a: Primarina|[spread] p1b\n|-activate|p1a: Primarina|move: Protect\n|-resisted|p1b: Archaludon\n|-damage|p1b: Archaludon|81\/100\n|-ability|p1b: Archaludon|Stamina|boost\n|-boost|p1b: Archaludon|def|1\n|move|p2b: Indeedee|Psychic|p1b: Archaludon\n|-resisted|p1b: Archaludon\n|-damage|p1b: Archaludon|69\/100\n|-ability|p1b: Archaludon|Stamina|boost\n|-boost|p1b: Archaludon|def|1\n|\n|-weather|RainDance|[upkeep]\n|-heal|p1b: Archaludon|75\/100|[from] item: Leftovers\n|upkeep\n|turn|5\n|\n|t:|1731254601\n|move|p2b: Indeedee|Follow Me|p2b: Indeedee\n|-singleturn|p2b: Indeedee|move: Follow Me\n|move|p2a: Armarouge|Expanding Force|p1a: Primarina|[spread] p1a,p1b\n|-resisted|p1b: Archaludon\n|-damage|p1a: Primarina|0 fnt\n|-damage|p1b: Archaludon|56\/100\n|-ability|p1b: Archaludon|Stamina|boost\n|-boost|p1b: Archaludon|def|1\n|faint|p1a: Primarina\n|move|p1b: Archaludon|Electro Shot||[still]\n|-prepare|p1b: Archaludon|Electro Shot\n|-boost|p1b: Archaludon|spa|1\n|-anim|p1b: Archaludon|Electro Shot|p2b: Indeedee\n|-damage|p2b: Indeedee|0 fnt\n|faint|p2b: Indeedee\n|\n|-weather|RainDance|[upkeep]\n|-heal|p1b: Archaludon|62\/100|[from] item: Leftovers\n|upkeep\n|\n|t:|1731254612\n|switch|p2b: Ursaluna|Ursaluna-Bloodmoon, L50, M, tera:Normal|24\/100\n|switch|p1a: Pelipper|Pelipper, L50, M, shiny|62\/100 slp\n|turn|6\n|\n|t:|1731254623\n|move|p2a: Armarouge|Expanding Force|p1a: Pelipper|[spread] p1a,p1b\n|-resisted|p1b: Archaludon\n|-damage|p1a: Pelipper|0 fnt\n|-damage|p1b: Archaludon|43\/100\n|-ability|p1b: Archaludon|Stamina|boost\n|-boost|p1b: Archaludon|def|1\n|faint|p1a: Pelipper\n|move|p1b: Archaludon|Dragon Pulse|p2b: Ursaluna\n|-damage|p2b: Ursaluna|0 fnt\n|faint|p2b: Ursaluna\n|\n|-weather|RainDance|[upkeep]\n|-heal|p1b: Archaludon|49\/100|[from] item: Leftovers\n|upkeep\n|turn|7\n|\n|t:|1731254633\n|move|p2a: Armarouge|Protect|p2a: Armarouge\n|-singleturn|p2a: Armarouge|Protect\n|move|p1b: Archaludon|Protect||[still]\n|-fail|p1b: Archaludon\n|\n|-weather|none\n|-heal|p1b: Archaludon|55\/100|[from] item: Leftovers\n|-fieldend|move: Psychic Terrain\n|upkeep\n|turn|8\n|\n|t:|1731254646\n|move|p2a: Armarouge|Aura Sphere|p1b: Archaludon\n|-supereffective|p1b: Archaludon\n|-damage|p1b: Archaludon|23\/100\n|-ability|p1b: Archaludon|Stamina|boost\n|-boost|p1b: Archaludon|def|1\n|move|p1b: Archaludon|Dragon Pulse|p2a: Armarouge\n|-damage|p2a: Armarouge|29\/100\n|\n|-heal|p1b: Archaludon|29\/100|[from] item: Leftovers\n|-sideend|p1: sheeshshane925|Reflect\n|upkeep\n|turn|9\n|\n|t:|1731254655\n|move|p2a: Armarouge|Protect|p2a: Armarouge\n|-singleturn|p2a: Armarouge|Protect\n|move|p1b: Archaludon|Protect||[still]\n|-fail|p1b: Archaludon\n|\n|-heal|p1b: Archaludon|35\/100|[from] item: Leftovers\n|-sideend|p1: sheeshshane925|move: Light Screen\n|upkeep\n|turn|10\n|\n|t:|1731254664\n|move|p2a: Armarouge|Aura Sphere|p1b: Archaludon\n|-supereffective|p1b: Archaludon\n|-damage|p1b: Archaludon|0 fnt\n|faint|p1b: Archaludon\n|\n|win|Shredted08\n|raw|sheeshshane925's rating: 1691 &rarr; <strong>1671<\/strong><br \/>(-20 for losing)\n|raw|Shredted08's rating: 1693 &rarr; <strong>1713<\/strong><br \/>(+20 for winning)\n|l| UltraMoody\n|l|\u2606sheeshshane925\n|player|p1|\n|l|\u2606Shredted08\n|player|p2|\n|l| oil bird\n","uploadtime":1731254872,"views":28,"formatid":"gen9vgc2024regh","rating":1671,"private":0,"password":null}