{"id":"gen9vgc2024regh-2241731123","format":"[Gen 9] VGC 2024 Reg H","players":["w0wbobwow","iAcidicOwl"],"log":"|j|\u2606w0wbobwow\n|j|\u2606iAcidicOwl\n|t:|1731336941\n|gametype|doubles\n|player|p1|w0wbobwow|fantina|1644\n|player|p2|iAcidicOwl|marley|1723\n|teamsize|p1|6\n|teamsize|p2|6\n|gen|9\n|tier|[Gen 9] VGC 2024 Reg H\n|rated|\n|rule|Species Clause: Limit one of each Pok\u00e9mon\n|rule|Item Clause: Limit 1 of each item\n|clearpoke\n|poke|p1|Braviary, L50, M|\n|poke|p1|Sneasler, L50, M|\n|poke|p1|Muk-Alola, L50, F|\n|poke|p1|Indeedee, L50, M|\n|poke|p1|Gholdengo, L50|\n|poke|p1|Delphox, L50, F|\n|poke|p2|Tyranitar, L50, M|\n|poke|p2|Amoonguss, L50, M|\n|poke|p2|Garchomp, L50, M|\n|poke|p2|Corviknight, L50, M|\n|poke|p2|Rotom-Heat, L50|\n|poke|p2|Tauros-Paldea-Aqua, L50, M|\n|teampreview|4\n|inactive|Battle timer is ON: inactive players will automatically lose when time's up. (requested by w0wbobwow)\n|\n|t:|1731337020\n|start\n|switch|p1a: Braviary|Braviary, L50, M|100\/100\n|switch|p1b: Gholdengo|Gholdengo, L50|100\/100\n|switch|p2a: Rotom|Rotom-Heat, L50|100\/100\n|switch|p2b: Corviknight|Corviknight, L50, M|100\/100\n|turn|1\n|inactive|w0wbobwow has 30 seconds left.\n|inactive|w0wbobwow has 20 seconds left.\n|\n|t:|1731337057\n|move|p1b: Gholdengo|Protect|p1b: Gholdengo\n|-singleturn|p1b: Gholdengo|Protect\n|move|p1a: Braviary|Tailwind|p1a: Braviary\n|-sidestart|p1: w0wbobwow|move: Tailwind\n|move|p2a: Rotom|Overheat|p1b: Gholdengo\n|-activate|p1b: Gholdengo|move: Protect\n|move|p2b: Corviknight|Bulk Up|p2b: Corviknight\n|-boost|p2b: Corviknight|atk|1\n|-boost|p2b: Corviknight|def|1\n|\n|upkeep\n|turn|2\n|\n|t:|1731337081\n|switch|p1b: Delphox|Delphox, L50, F|100\/100\n|move|p1a: Braviary|Close Combat|p2a: Rotom\n|-damage|p2a: Rotom|38\/100\n|-unboost|p1a: Braviary|def|1\n|-unboost|p1a: Braviary|spd|1\n|-damage|p1a: Braviary|91\/100|[from] item: Life Orb\n|move|p2a: Rotom|Overheat|p1b: Delphox\n|-resisted|p1b: Delphox\n|-damage|p1b: Delphox|59\/100\n|-unboost|p2a: Rotom|spa|2\n|move|p2b: Corviknight|Bulk Up|p2b: Corviknight\n|-boost|p2b: Corviknight|atk|1\n|-boost|p2b: Corviknight|def|1\n|\n|upkeep\n|turn|3\n|inactive|w0wbobwow has 30 seconds left.\n|inactive|iAcidicOwl has 30 seconds left.\n|inactive|iAcidicOwl has 20 seconds left.\n|\n|t:|1731337116\n|-terastallize|p2b: Corviknight|Dragon\n|move|p1b: Delphox|Switcheroo|p2b: Corviknight\n|-activate|p1b: Delphox|move: Trick|[of] p2b: Corviknight\n|-item|p2b: Corviknight|Choice Scarf|[from] move: Switcheroo\n|-item|p1b: Delphox|Sitrus Berry|[from] move: Switcheroo\n|move|p1a: Braviary|Brave Bird|p2a: Rotom\n|-resisted|p2a: Rotom\n|-crit|p2a: Rotom\n|-damage|p2a: Rotom|0 fnt\n|faint|p2a: Rotom\n|-damage|p1a: Braviary|83\/100|[from] Recoil\n|-damage|p1a: Braviary|73\/100|[from] item: Life Orb\n|move|p2b: Corviknight|Body Press|p1a: Braviary\n|-damage|p1a: Braviary|12\/100\n|\n|upkeep\n|\n|t:|1731337135\n|switch|p2a: Tyranitar|Tyranitar, L50, M|100\/100\n|-weather|Sandstorm|[from] ability: Sand Stream|[of] p2a: Tyranitar\n|turn|4\n|\n|t:|1731337144\n|switch|p2a: Garchomp|Garchomp, L50, M|100\/100\n|move|p1b: Delphox|Dazzling Gleam|p2b: Corviknight|[spread] p2a,p2b\n|-supereffective|p2a: Garchomp\n|-supereffective|p2b: Corviknight\n|-damage|p2a: Garchomp|59\/100\n|-damage|p2b: Corviknight|63\/100\n|move|p1a: Braviary|Close Combat|p2a: Garchomp\n|-damage|p2a: Garchomp|17\/100\n|-unboost|p1a: Braviary|def|1\n|-unboost|p1a: Braviary|spd|1\n|-damage|p1a: Braviary|2\/100|[from] item: Life Orb\n|move|p2b: Corviknight|Body Press|p1b: Delphox\n|-resisted|p1b: Delphox\n|-damage|p1b: Delphox|28\/100\n|-enditem|p1b: Delphox|Sitrus Berry|[eat]\n|-heal|p1b: Delphox|53\/100|[from] item: Sitrus Berry\n|\n|-weather|Sandstorm|[upkeep]\n|-damage|p1b: Delphox|47\/100|[from] Sandstorm\n|-damage|p1a: Braviary|0 fnt|[from] Sandstorm\n|-damage|p2b: Corviknight|58\/100|[from] Sandstorm\n|faint|p1a: Braviary\n|-sideend|p1: w0wbobwow|move: Tailwind\n|upkeep\n|\n|t:|1731337164\n|switch|p1a: Indeedee|Indeedee, L50, M|100\/100\n|-fieldstart|move: Psychic Terrain|[from] ability: Psychic Surge|[of] p1a: Indeedee\n|turn|5\n|\n|t:|1731337179\n|move|p2a: Garchomp|Dragon Claw|p1a: Indeedee\n|-damage|p1a: Indeedee|29\/100\n|move|p1b: Delphox|Expanding Force|p2b: Corviknight|[spread] p2a,p2b\n|-damage|p2a: Garchomp|0 fnt\n|-damage|p2b: Corviknight|0 fnt\n|faint|p2a: Garchomp\n|faint|p2b: Corviknight\n|move|p1a: Indeedee|Expanding Force|p2: Garchomp|[notarget]\n|-fail|p1a: Indeedee\n|\n|-weather|Sandstorm|[upkeep]\n|-damage|p1b: Delphox|41\/100|[from] Sandstorm\n|-damage|p1a: Indeedee|23\/100|[from] Sandstorm\n|upkeep\n|\n|t:|1731337186\n|switch|p2b: Tyranitar|Tyranitar, L50, M|100\/100\n|turn|6\n|\n|t:|1731337196\n|move|p1b: Delphox|Switcheroo|p2b: Tyranitar\n|-activate|p1b: Delphox|move: Trick|[of] p2b: Tyranitar\n|-enditem|p2b: Tyranitar|Choice Band|[silent]|[from] move: Switcheroo\n|-item|p1b: Delphox|Choice Band|[from] move: Switcheroo\n|move|p1a: Indeedee|Expanding Force|p2b: Tyranitar\n|-immune|p2b: Tyranitar\n|move|p2b: Tyranitar|Knock Off|p1b: Delphox\n|-supereffective|p1b: Delphox\n|-damage|p1b: Delphox|0 fnt\n|-enditem|p1b: Delphox|Choice Band|[from] move: Knock Off|[of] p2b: Tyranitar\n|faint|p1b: Delphox\n|\n|-weather|Sandstorm|[upkeep]\n|-damage|p1a: Indeedee|17\/100|[from] Sandstorm\n|upkeep\n|\n|t:|1731337205\n|switch|p1b: Gholdengo|Gholdengo, L50|100\/100\n|turn|7\n|\n|t:|1731337212\n|-terastallize|p1b: Gholdengo|Steel\n|move|p1a: Indeedee|Expanding Force|p2b: Tyranitar\n|-immune|p2b: Tyranitar\n|move|p1b: Gholdengo|Nasty Plot|p1b: Gholdengo\n|-boost|p1b: Gholdengo|spa|2\n|move|p2b: Tyranitar|Knock Off|p1b: Gholdengo\n|-damage|p1b: Gholdengo|43\/100\n|-enditem|p1b: Gholdengo|Metal Coat|[from] move: Knock Off|[of] p2b: Tyranitar\n|\n|-weather|Sandstorm|[upkeep]\n|-damage|p1a: Indeedee|11\/100|[from] Sandstorm\n|upkeep\n|turn|8\n|\n|t:|1731337237\n|move|p1b: Gholdengo|Protect|p1b: Gholdengo\n|-singleturn|p1b: Gholdengo|Protect\n|move|p1a: Indeedee|Expanding Force|p2b: Tyranitar\n|-immune|p2b: Tyranitar\n|move|p2b: Tyranitar|Low Kick|p1b: Gholdengo\n|-activate|p1b: Gholdengo|move: Protect\n|\n|-weather|none\n|upkeep\n|turn|9\n|\n|t:|1731337246\n|move|p1a: Indeedee|Expanding Force|p2b: Tyranitar\n|-immune|p2b: Tyranitar\n|move|p1b: Gholdengo|Make It Rain|p2b: Tyranitar\n|-supereffective|p2b: Tyranitar\n|-damage|p2b: Tyranitar|0 fnt\n|-unboost|p1b: Gholdengo|spa|1\n|faint|p2b: Tyranitar\n|\n|win|w0wbobwow\n|raw|w0wbobwow's rating: 1644 &rarr; <strong>1668<\/strong><br \/>(+24 for winning)\n|raw|iAcidicOwl's rating: 1723 &rarr; <strong>1699<\/strong><br \/>(-24 for losing)\n|l|\u2606iAcidicOwl\n|player|p2|\n|l|\u2606w0wbobwow\n|player|p1|\n","uploadtime":1731337501,"views":28,"formatid":"gen9vgc2024regh","rating":1668,"private":0,"password":null}