{"id":"gen9vgc2024regh-2241903050","format":"[Gen 9] VGC 2024 Reg H","players":["Jdaboy1337","bwahacough"],"log":"|j|\u2606Jdaboy1337\n|j|\u2606bwahacough\n|t:|1731354652\n|gametype|doubles\n|player|p1|Jdaboy1337|2|1680\n|player|p2|bwahacough|medium|1771\n|teamsize|p1|6\n|teamsize|p2|6\n|gen|9\n|tier|[Gen 9] VGC 2024 Reg H\n|rated|\n|rule|Species Clause: Limit one of each Pok\u00e9mon\n|rule|Item Clause: Limit 1 of each item\n|clearpoke\n|poke|p1|Meowscarada, L50, F|\n|poke|p1|Primeape, L50, F|\n|poke|p1|Dragonite, L50, M|\n|poke|p1|Incineroar, L50, M|\n|poke|p1|Archaludon, L50, M|\n|poke|p1|Ninetales-Alola, L50, F|\n|poke|p2|Lycanroc, L50, M|\n|poke|p2|Tyranitar, L50, M|\n|poke|p2|Indeedee-F, L50, F|\n|poke|p2|Sneasler, L50, F|\n|poke|p2|Volcarona, L50, F|\n|poke|p2|Murkrow, L50, F|\n|teampreview|4\n|inactive|Battle timer is ON: inactive players will automatically lose when time's up. (requested by Jdaboy1337)\n|\n|t:|1731354678\n|start\n|switch|p1a: Dragonite|Dragonite, L50, M|100\/100\n|switch|p1b: Incineroar|Incineroar, L50, M|100\/100\n|switch|p2a: Volcarona|Volcarona, L50, F|100\/100\n|switch|p2b: Indeedee|Indeedee-F, L50, F, shiny|100\/100\n|-fieldstart|move: Psychic Terrain|[from] ability: Psychic Surge|[of] p2b: Indeedee\n|-ability|p1b: Incineroar|Intimidate|boost\n|-unboost|p2a: Volcarona|atk|1\n|-unboost|p2b: Indeedee|atk|1\n|turn|1\n|\n|t:|1731354689\n|switch|p2a: Tyranitar|Tyranitar, L50, M|100\/100\n|-weather|Sandstorm|[from] ability: Sand Stream|[of] p2a: Tyranitar\n|move|p1a: Dragonite|Protect|p1a: Dragonite\n|-singleturn|p1a: Dragonite|Protect\n|move|p2b: Indeedee|Protect|p2b: Indeedee\n|-singleturn|p2b: Indeedee|Protect\n|move|p1b: Incineroar|Knock Off|p2a: Tyranitar\n|-resisted|p2a: Tyranitar\n|-damage|p2a: Tyranitar|80\/100\n|-enditem|p2a: Tyranitar|Clear Amulet|[from] move: Knock Off|[of] p1b: Incineroar\n|\n|-weather|Sandstorm|[upkeep]\n|-damage|p1a: Dragonite|95\/100|[from] Sandstorm\n|-damage|p2b: Indeedee|94\/100|[from] Sandstorm\n|-damage|p1b: Incineroar|95\/100|[from] Sandstorm\n|upkeep\n|turn|2\n|\n|t:|1731354698\n|move|p2b: Indeedee|Helping Hand|p2a: Tyranitar\n|-singleturn|p2a: Tyranitar|Helping Hand|[of] p2b: Indeedee\n|move|p1a: Dragonite|Scale Shot|p2b: Indeedee\n|-damage|p2b: Indeedee|80\/100\n|-damage|p2b: Indeedee|66\/100\n|-damage|p2b: Indeedee|52\/100\n|-damage|p2b: Indeedee|38\/100\n|-enditem|p2b: Indeedee|Sitrus Berry|[eat]\n|-heal|p2b: Indeedee|63\/100|[from] item: Sitrus Berry\n|-hitcount|p2b: Indeedee|4\n|-unboost|p1a: Dragonite|def|1\n|-boost|p1a: Dragonite|spe|1\n|move|p2a: Tyranitar|Rock Slide|p1a: Dragonite|[spread] p1a\n|-miss|p2a: Tyranitar|p1b: Incineroar\n|-supereffective|p1a: Dragonite\n|-damage|p1a: Dragonite|0 fnt\n|faint|p1a: Dragonite\n|move|p1b: Incineroar|U-turn|p2a: Tyranitar\n|-supereffective|p2a: Tyranitar\n|-damage|p2a: Tyranitar|42\/100\n|\n|t:|1731354708\n|switch|p1b: Archaludon|Archaludon, L50, M|100\/100|[from] U-turn\n|\n|-weather|Sandstorm|[upkeep]\n|-damage|p2b: Indeedee|57\/100|[from] Sandstorm\n|upkeep\n|\n|t:|1731354710\n|switch|p1a: Incineroar|Incineroar, L50, M|95\/100\n|-ability|p1a: Incineroar|Intimidate|boost\n|-unboost|p2a: Tyranitar|atk|1\n|-unboost|p2b: Indeedee|atk|1\n|turn|3\n|\n|t:|1731354724\n|move|p2b: Indeedee|Protect|p2b: Indeedee\n|-singleturn|p2b: Indeedee|Protect\n|move|p1b: Archaludon|Electro Shot||[still]\n|-prepare|p1b: Archaludon|Electro Shot\n|-boost|p1b: Archaludon|spa|1\n|-enditem|p1b: Archaludon|Power Herb\n|-anim|p1b: Archaludon|Electro Shot|p2a: Tyranitar\n|-damage|p2a: Tyranitar|3\/100\n|move|p2a: Tyranitar|Knock Off|p1b: Archaludon\n|-damage|p1b: Archaludon|77\/100\n|move|p1a: Incineroar|Knock Off|p2b: Indeedee\n|-activate|p2b: Indeedee|move: Protect\n|\n|-weather|Sandstorm|[upkeep]\n|-damage|p2b: Indeedee|51\/100|[from] Sandstorm\n|-damage|p1a: Incineroar|89\/100|[from] Sandstorm\n|upkeep\n|turn|4\n|inactive|Jdaboy1337 has 30 seconds left.\n|j| DonShitDozo\n|inactive|Jdaboy1337 has 20 seconds left.\n|\n|t:|1731354759\n|switch|p2a: Volcarona|Volcarona, L50, F|100\/100\n|move|p2b: Indeedee|Follow Me|p2b: Indeedee\n|-singleturn|p2b: Indeedee|move: Follow Me\n|move|p1b: Archaludon|Flash Cannon|p2b: Indeedee\n|-damage|p2b: Indeedee|0 fnt\n|faint|p2b: Indeedee\n|move|p1a: Incineroar|U-turn|p2a: Volcarona\n|-resisted|p2a: Volcarona\n|-damage|p2a: Volcarona|87\/100\n|\n|t:|1731354765\n|switch|p1a: Ninetales|Ninetales-Alola, L50, F|100\/100|[from] U-turn\n|-weather|Snow|[from] ability: Snow Warning|[of] p1a: Ninetales\n|\n|-weather|Snow|[upkeep]\n|upkeep\n|\n|t:|1731354767\n|switch|p2b: Lycanroc|Lycanroc, L50, M|100\/100\n|turn|5\n|inactive|Jdaboy1337 has 30 seconds left.\n|\n|t:|1731354795\n|switch|p2a: Tyranitar|Tyranitar, L50, M|3\/100\n|-weather|Sandstorm|[from] ability: Sand Stream|[of] p2a: Tyranitar\n|-terastallize|p2b: Lycanroc|Fighting\n|move|p1b: Archaludon|Protect|p1b: Archaludon\n|-singleturn|p1b: Archaludon|Protect\n|move|p2b: Lycanroc|Close Combat|p1b: Archaludon\n|-activate|p1b: Archaludon|move: Protect\n|move|p1a: Ninetales|Blizzard|p2b: Lycanroc|[spread] p2b\n|-miss|p1a: Ninetales|p2a: Tyranitar\n|-damage|p2b: Lycanroc|44\/100\n|\n|-weather|Sandstorm|[upkeep]\n|-damage|p1a: Ninetales|94\/100|[from] Sandstorm\n|-fieldend|move: Psychic Terrain\n|upkeep\n|turn|6\n|\n|t:|1731354808\n|switch|p1a: Incineroar|Incineroar, L50, M|89\/100\n|-ability|p1a: Incineroar|Intimidate|boost\n|-unboost|p2a: Tyranitar|atk|1\n|-unboost|p2b: Lycanroc|atk|1\n|switch|p2a: Volcarona|Volcarona, L50, F|87\/100\n|move|p2b: Lycanroc|Close Combat|p1b: Archaludon\n|-supereffective|p1b: Archaludon\n|-damage|p1b: Archaludon|0 fnt\n|-unboost|p2b: Lycanroc|def|1\n|-unboost|p2b: Lycanroc|spd|1\n|faint|p1b: Archaludon\n|\n|-weather|Sandstorm|[upkeep]\n|-damage|p2a: Volcarona|81\/100|[from] Sandstorm\n|-damage|p1a: Incineroar|83\/100|[from] Sandstorm\n|upkeep\n|\n|t:|1731354811\n|switch|p1b: Ninetales|Ninetales-Alola, L50, F|94\/100\n|-weather|Snow|[from] ability: Snow Warning|[of] p1b: Ninetales\n|turn|7\n|\n|t:|1731354819\n|switch|p2b: Tyranitar|Tyranitar, L50, M|3\/100\n|-weather|Sandstorm|[from] ability: Sand Stream|[of] p2b: Tyranitar\n|move|p1a: Incineroar|Fake Out|p2b: Tyranitar\n|-resisted|p2b: Tyranitar\n|-damage|p2b: Tyranitar|0 fnt\n|faint|p2b: Tyranitar\n|move|p1b: Ninetales|Blizzard|p2a: Volcarona\n|-resisted|p2a: Volcarona\n|-damage|p2a: Volcarona|57\/100\n|move|p2a: Volcarona|Heat Wave|p1b: Ninetales|[spread] p1a,p1b\n|-resisted|p1a: Incineroar\n|-supereffective|p1b: Ninetales\n|-damage|p1a: Incineroar|70\/100\n|-damage|p1b: Ninetales|0 fnt\n|faint|p1b: Ninetales\n|\n|-weather|Sandstorm|[upkeep]\n|-damage|p2a: Volcarona|51\/100|[from] Sandstorm\n|-damage|p1a: Incineroar|64\/100|[from] Sandstorm\n|upkeep\n|\n|t:|1731354821\n|switch|p2b: Lycanroc|Lycanroc, L50, M, tera:Fighting|44\/100\n|turn|8\n|\n|t:|1731354830\n|move|p2b: Lycanroc|Protect|p2b: Lycanroc\n|-singleturn|p2b: Lycanroc|Protect\n|move|p2a: Volcarona|Heat Wave|p1a: Incineroar\n|-resisted|p1a: Incineroar\n|-damage|p1a: Incineroar|48\/100\n|move|p1a: Incineroar|Flare Blitz|p2b: Lycanroc\n|-activate|p2b: Lycanroc|move: Protect\n|\n|-weather|Sandstorm|[upkeep]\n|-damage|p2a: Volcarona|45\/100|[from] Sandstorm\n|-damage|p1a: Incineroar|42\/100|[from] Sandstorm\n|upkeep\n|turn|9\n|-message|Jdaboy1337 forfeited.\n|\n|win|bwahacough\n|raw|Jdaboy1337's rating: 1680 &rarr; <strong>1665<\/strong><br \/>(-15 for losing)\n|raw|bwahacough's rating: 1771 &rarr; <strong>1786<\/strong><br \/>(+15 for winning)\n|l|\u2606Jdaboy1337\n|player|p1|\n|l|\u2606bwahacough\n|player|p2|\n|l| DonShitDozo\n","uploadtime":1731355059,"views":31,"formatid":"gen9vgc2024regh","rating":1665,"private":0,"password":null}