{"id":"gen9vgc2024regh-2241143603","format":"[Gen 9] VGC 2024 Reg H","players":["sheeshshane925","bubblesburst"],"log":"|j|\u2606sheeshshane925\n|j|\u2606bubblesburst\n|t:|1731253558\n|gametype|doubles\n|player|p1|sheeshshane925|bruno|1721\n|player|p2|bubblesburst|2|1699\n|teamsize|p1|6\n|teamsize|p2|6\n|gen|9\n|tier|[Gen 9] VGC 2024 Reg H\n|rated|\n|rule|Species Clause: Limit one of each Pok\u00e9mon\n|rule|Item Clause: Limit 1 of each item\n|clearpoke\n|poke|p1|Archaludon, L50, M|\n|poke|p1|Pelipper, L50, F|\n|poke|p1|Primarina, L50, F|\n|poke|p1|Ursaluna, L50, M|\n|poke|p1|Porygon2, L50|\n|poke|p1|Grimmsnarl, L50, M|\n|poke|p2|Gholdengo, L50|\n|poke|p2|Sneasler, L50, M|\n|poke|p2|Rillaboom, L50, M|\n|poke|p2|Kingambit, L50, F|\n|poke|p2|Incineroar, L50, M|\n|poke|p2|Dragonite, L50, F|\n|teampreview|4\n|j| stewpeed\n|\n|t:|1731253592\n|start\n|switch|p1a: Archaludon|Archaludon, L50, M, shiny|100\/100\n|switch|p1b: Grimmsnarl|Grimmsnarl, L50, M, shiny|100\/100\n|switch|p2a: Gholdengo|Gholdengo, L50|100\/100\n|switch|p2b: Sneasler|Sneasler, L50, M|100\/100\n|turn|1\n|inactive|Battle timer is ON: inactive players will automatically lose when time's up. (requested by bubblesburst)\n|\n|t:|1731253639\n|-terastallize|p2a: Gholdengo|Steel\n|move|p1a: Archaludon|Protect|p1a: Archaludon\n|-singleturn|p1a: Archaludon|Protect\n|move|p1b: Grimmsnarl|Light Screen|p1b: Grimmsnarl\n|-sidestart|p1: sheeshshane925|move: Light Screen\n|move|p2b: Sneasler|Close Combat|p1a: Archaludon\n|-activate|p1a: Archaludon|move: Protect\n|move|p2a: Gholdengo|Make It Rain|p1b: Grimmsnarl|[spread] p1b\n|-activate|p1a: Archaludon|move: Protect\n|-supereffective|p1b: Grimmsnarl\n|-damage|p1b: Grimmsnarl|0 fnt\n|-unboost|p2a: Gholdengo|spa|1\n|faint|p1b: Grimmsnarl\n|\n|upkeep\n|\n|t:|1731253655\n|switch|p1b: Pelipper|Pelipper, L50, F, shiny|100\/100\n|-weather|RainDance|[from] ability: Drizzle|[of] p1b: Pelipper\n|turn|2\n|\n|t:|1731253672\n|-terastallize|p1a: Archaludon|Fighting\n|move|p2b: Sneasler|Close Combat|p1a: Archaludon\n|-damage|p1a: Archaludon|54\/100\n|-unboost|p2b: Sneasler|def|1\n|-unboost|p2b: Sneasler|spd|1\n|-ability|p1a: Archaludon|Stamina|boost\n|-boost|p1a: Archaludon|def|1\n|move|p2a: Gholdengo|Make It Rain|p1b: Pelipper|[spread] p1a,p1b\n|-resisted|p1b: Pelipper\n|-damage|p1a: Archaludon|11\/100\n|-damage|p1b: Pelipper|57\/100\n|-unboost|p2a: Gholdengo|spa|1\n|-ability|p1a: Archaludon|Stamina|boost\n|-boost|p1a: Archaludon|def|1\n|move|p1b: Pelipper|Tailwind|p1b: Pelipper\n|-sidestart|p1: sheeshshane925|move: Tailwind\n|move|p1a: Archaludon|Body Press|p2a: Gholdengo\n|-supereffective|p2a: Gholdengo\n|-damage|p2a: Gholdengo|0 fnt\n|faint|p2a: Gholdengo\n|\n|-weather|RainDance|[upkeep]\n|-heal|p1a: Archaludon|17\/100|[from] item: Leftovers\n|upkeep\n|\n|t:|1731253693\n|switch|p2a: Dragonite|Dragonite, L50, F|100\/100\n|turn|3\n|\n|t:|1731253707\n|move|p1a: Archaludon|Protect|p1a: Archaludon\n|-singleturn|p1a: Archaludon|Protect\n|move|p1b: Pelipper|Hurricane|p2b: Sneasler\n|-supereffective|p2b: Sneasler\n|-enditem|p2b: Sneasler|Focus Sash\n|-damage|p2b: Sneasler|1\/100\n|-start|p2b: Sneasler|confusion\n|-activate|p2b: Sneasler|confusion\n|move|p2b: Sneasler|Close Combat|p1a: Archaludon\n|-activate|p1a: Archaludon|move: Protect\n|move|p2a: Dragonite|Scale Shot|p1b: Pelipper\n|-damage|p1b: Pelipper|37\/100\n|-damage|p1b: Pelipper|17\/100\n|-damage|p1b: Pelipper|0 fnt\n|faint|p1b: Pelipper\n|-hitcount|p1: Pelipper|3\n|-unboost|p2a: Dragonite|def|1\n|-boost|p2a: Dragonite|spe|1\n|\n|-weather|RainDance|[upkeep]\n|-heal|p1a: Archaludon|23\/100|[from] item: Leftovers\n|upkeep\n|l| stewpeed\n|\n|t:|1731253720\n|switch|p1b: Porygon2|Porygon2, L50|100\/100\n|-ability|p1b: Porygon2|Download|boost\n|-boost|p1b: Porygon2|atk|1\n|turn|4\n|j| lswagh\n|inactive|bubblesburst has 30 seconds left.\n|\n|t:|1731253747\n|-activate|p2b: Sneasler|confusion\n|move|p2b: Sneasler|Close Combat|p1a: Archaludon\n|-damage|p1a: Archaludon|2\/100\n|-unboost|p2b: Sneasler|def|1\n|-unboost|p2b: Sneasler|spd|1\n|-ability|p1a: Archaludon|Stamina|boost\n|-boost|p1a: Archaludon|def|1\n|move|p1a: Archaludon|Electro Shot||[still]\n|-prepare|p1a: Archaludon|Electro Shot\n|-boost|p1a: Archaludon|spa|1\n|-anim|p1a: Archaludon|Electro Shot|p2b: Sneasler\n|-crit|p2b: Sneasler\n|-damage|p2b: Sneasler|0 fnt\n|faint|p2b: Sneasler\n|move|p2a: Dragonite|Scale Shot|p1b: Porygon2\n|-damage|p1b: Porygon2|93\/100\n|-damage|p1b: Porygon2|84\/100\n|-damage|p1b: Porygon2|76\/100\n|-damage|p1b: Porygon2|68\/100\n|-damage|p1b: Porygon2|60\/100\n|-hitcount|p1b: Porygon2|5\n|-unboost|p2a: Dragonite|def|1\n|-boost|p2a: Dragonite|spe|1\n|move|p1b: Porygon2|Ice Beam|p2a: Dragonite\n|-supereffective|p2a: Dragonite\n|-damage|p2a: Dragonite|49\/100\n|\n|-weather|RainDance|[upkeep]\n|-heal|p1a: Archaludon|8\/100|[from] item: Leftovers\n|upkeep\n|\n|t:|1731253772\n|switch|p2b: Rillaboom|Rillaboom, L50, M|100\/100\n|-fieldstart|move: Grassy Terrain|[from] ability: Grassy Surge|[of] p2b: Rillaboom\n|turn|5\n|\n|t:|1731253786\n|move|p1a: Archaludon|Protect|p1a: Archaludon\n|-singleturn|p1a: Archaludon|Protect\n|move|p2b: Rillaboom|Grassy Glide|p1a: Archaludon\n|-activate|p1a: Archaludon|move: Protect\n|move|p2a: Dragonite|Scale Shot|p1b: Porygon2|[miss]\n|-miss|p2a: Dragonite|p1b: Porygon2\n|move|p1b: Porygon2|Ice Beam|p2a: Dragonite\n|-supereffective|p2a: Dragonite\n|-damage|p2a: Dragonite|0 fnt\n|faint|p2a: Dragonite\n|\n|-weather|RainDance|[upkeep]\n|-heal|p1a: Archaludon|14\/100|[from] Grassy Terrain\n|-heal|p1a: Archaludon|20\/100|[from] item: Leftovers\n|-heal|p1b: Porygon2|66\/100|[from] Grassy Terrain\n|-sideend|p1: sheeshshane925|move: Tailwind\n|upkeep\n|turn|6\n|\n|t:|1731253802\n|move|p1a: Archaludon|Body Press|p2b: Rillaboom\n|-damage|p2b: Rillaboom|17\/100\n|move|p2b: Rillaboom|Wood Hammer|p1a: Archaludon\n|-damage|p1a: Archaludon|0 fnt\n|faint|p1a: Archaludon\n|-damage|p2b: Rillaboom|11\/100|[from] Recoil\n|move|p1b: Porygon2|Ice Beam|p2b: Rillaboom\n|-supereffective|p2b: Rillaboom\n|-damage|p2b: Rillaboom|0 fnt\n|faint|p2b: Rillaboom\n|\n|win|sheeshshane925\n|raw|sheeshshane925's rating: 1721 &rarr; <strong>1740<\/strong><br \/>(+19 for winning)\n|raw|bubblesburst's rating: 1699 &rarr; <strong>1680<\/strong><br \/>(-19 for losing)\n|l|\u2606sheeshshane925\n|player|p1|\n|l|\u2606bubblesburst\n|player|p2|\n|l| lswagh\n","uploadtime":1731254007,"views":40,"formatid":"gen9vgc2024regh","rating":1680,"private":0,"password":null}