{"id":"gen9vgc2024regh-2241217507","format":"[Gen 9] VGC 2024 Reg H","players":["chin8","roykeenkennedy"],"log":"|j|\u2606chin8\n|j|\u2606roykeenkennedy\n|t:|1731262915\n|gametype|doubles\n|player|p1|chin8|gentleman-gen4dp|1800\n|player|p2|roykeenkennedy|alder|1756\n|teamsize|p1|6\n|teamsize|p2|6\n|gen|9\n|tier|[Gen 9] VGC 2024 Reg H\n|rated|\n|rule|Species Clause: Limit one of each Pok\u00e9mon\n|rule|Item Clause: Limit 1 of each item\n|clearpoke\n|poke|p1|Baxcalibur, L50, F|\n|poke|p1|Kilowattrel, L50, F|\n|poke|p1|Granbull, L50, F|\n|poke|p1|Gardevoir, L50, F|\n|poke|p1|Magmortar, L50, F|\n|poke|p1|Gholdengo, L50|\n|poke|p2|Salamence, L50, M|\n|poke|p2|Incineroar, L50, M|\n|poke|p2|Weezing, L50, F|\n|poke|p2|Dragapult, L50, M|\n|poke|p2|Ursaluna-Bloodmoon, L50, M|\n|poke|p2|Volcarona, L50, M|\n|teampreview|4\n|inactive|Battle timer is ON: inactive players will automatically lose when time's up. (requested by chin8)\n|inactive|roykeenkennedy has 60 seconds left.\n|\n|t:|1731262970\n|start\n|switch|p1a: Kilowattrel|Kilowattrel, L50, F|100\/100\n|switch|p1b: Baxcalibur|Baxcalibur, L50, F|100\/100\n|switch|p2a: Weezing|Weezing, L50, F|100\/100\n|switch|p2b: Salamence|Salamence, L50, M|100\/100\n|-ability|p2a: Weezing|Neutralizing Gas\n|turn|1\n|\n|t:|1731262995\n|switch|p1b: Gardevoir|Gardevoir, L50, F|100\/100\n|-terastallize|p2b: Salamence|Steel\n|move|p2b: Salamence|Rock Slide|p1a: Kilowattrel|[spread] p1a,p1b\n|-supereffective|p1a: Kilowattrel\n|-damage|p1a: Kilowattrel|23\/100\n|-damage|p1b: Gardevoir|74\/100\n|move|p1a: Kilowattrel|Thunderbolt|p2a: Weezing\n|-damage|p2a: Weezing|51\/100\n|-status|p2a: Weezing|par\n|move|p2a: Weezing|Will-O-Wisp|p1b: Gardevoir\n|-status|p1b: Gardevoir|brn\n|\n|-heal|p2a: Weezing|58\/100 par|[from] item: Leftovers\n|-damage|p1b: Gardevoir|68\/100 brn|[from] brn\n|upkeep\n|turn|2\n|\n|t:|1731263020\n|switch|p1b: Gholdengo|Gholdengo, L50|100\/100\n|-end|p2a: Weezing|ability: Neutralizing Gas\n|switch|p2a: Ursaluna|Ursaluna-Bloodmoon, L50, M|100\/100\n|move|p1a: Kilowattrel|Protect|p1a: Kilowattrel\n|-singleturn|p1a: Kilowattrel|Protect\n|move|p2b: Salamence|Rock Slide|p1b: Gholdengo|[spread] \n|-activate|p1a: Kilowattrel|move: Protect\n|-miss|p2b: Salamence|p1b: Gholdengo\n|\n|upkeep\n|turn|3\n|\n|t:|1731263035\n|switch|p1a: Gardevoir|Gardevoir, L50, F|68\/100 brn\n|move|p1b: Gholdengo|Protect|p1b: Gholdengo\n|-singleturn|p1b: Gholdengo|Protect\n|move|p2b: Salamence|Rock Slide|p1b: Gholdengo|[spread] p1a\n|-activate|p1b: Gholdengo|move: Protect\n|-damage|p1a: Gardevoir|43\/100 brn\n|move|p2a: Ursaluna|Earth Power|p1b: Gholdengo\n|-activate|p1b: Gholdengo|move: Protect\n|\n|-damage|p1a: Gardevoir|37\/100 brn|[from] brn\n|upkeep\n|turn|4\n|inactive|roykeenkennedy has 30 seconds left.\n|\n|t:|1731263066\n|move|p2b: Salamence|Rock Slide|p1a: Gardevoir|[spread] p1a,p1b\n|-resisted|p1b: Gholdengo\n|-damage|p1a: Gardevoir|10\/100 brn\n|-damage|p1b: Gholdengo|90\/100\n|cant|p1b: Gholdengo|flinch\n|move|p1a: Gardevoir|Dazzling Gleam|p2b: Salamence|[spread] p2a,p2b\n|-resisted|p2b: Salamence\n|-damage|p2a: Ursaluna|76\/100\n|-damage|p2b: Salamence|81\/100\n|move|p2a: Ursaluna|Hyper Voice|p1b: Gholdengo|[spread] p1a,p1b\n|-resisted|p1b: Gholdengo\n|-damage|p1a: Gardevoir|0 fnt\n|-damage|p1b: Gholdengo|73\/100\n|faint|p1a: Gardevoir\n|\n|-heal|p1b: Gholdengo|79\/100|[from] item: Leftovers\n|upkeep\n|\n|t:|1731263074\n|switch|p1a: Baxcalibur|Baxcalibur, L50, F|100\/100\n|turn|5\n|\n|t:|1731263095\n|-terastallize|p1a: Baxcalibur|Ground\n|move|p1b: Gholdengo|Protect|p1b: Gholdengo\n|-singleturn|p1b: Gholdengo|Protect\n|move|p2b: Salamence|Rock Slide|p1a: Baxcalibur|[spread] p1a\n|-activate|p1b: Gholdengo|move: Protect\n|-resisted|p1a: Baxcalibur\n|-damage|p1a: Baxcalibur|91\/100\n|move|p1a: Baxcalibur|Earthquake|p2a: Ursaluna|[spread] p2a,p2b\n|-activate|p1b: Gholdengo|move: Protect\n|-supereffective|p2b: Salamence\n|-damage|p2a: Ursaluna|40\/100\n|-damage|p2b: Salamence|0 fnt\n|faint|p2b: Salamence\n|move|p2a: Ursaluna|Earth Power|p1b: Gholdengo\n|-activate|p1b: Gholdengo|move: Protect\n|\n|-heal|p1b: Gholdengo|85\/100|[from] item: Leftovers\n|upkeep\n|\n|t:|1731263114\n|switch|p2b: Dragapult|Dragapult, L50, M|100\/100\n|turn|6\n|\n|t:|1731263120\n|switch|p1b: Kilowattrel|Kilowattrel, L50, F|23\/100\n|move|p2b: Dragapult|Outrage|p1a: Baxcalibur\n|-damage|p1a: Baxcalibur|8\/100\n|move|p1a: Baxcalibur|Icicle Crash|p2a: Ursaluna\n|-supereffective|p2a: Ursaluna\n|-damage|p2a: Ursaluna|0 fnt\n|faint|p2a: Ursaluna\n|\n|upkeep\n|\n|t:|1731263131\n|switch|p2a: Weezing|Weezing, L50, F|58\/100 par\n|-ability|p2a: Weezing|Neutralizing Gas\n|turn|7\n|\n|t:|1731263148\n|move|p2b: Dragapult|Outrage|p1b: Kilowattrel|[from]lockedmove\n|-damage|p1b: Kilowattrel|0 fnt\n|faint|p1b: Kilowattrel\n|-start|p2b: Dragapult|confusion|[fatigue]\n|move|p1a: Baxcalibur|Glaive Rush|p2b: Dragapult\n|-supereffective|p2b: Dragapult\n|-damage|p2b: Dragapult|0 fnt\n|-singlemove|p1a: Baxcalibur|Glaive Rush|[silent]\n|faint|p2b: Dragapult\n|move|p2a: Weezing|Sludge Bomb|p1a: Baxcalibur\n|-resisted|p1a: Baxcalibur\n|-damage|p1a: Baxcalibur|0 fnt\n|faint|p1a: Baxcalibur\n|\n|-heal|p2a: Weezing|64\/100 par|[from] item: Leftovers\n|upkeep\n|\n|t:|1731263152\n|switch|p1b: Gholdengo|Gholdengo, L50|85\/100\n|turn|8\n|-message|roykeenkennedy forfeited.\n|\n|win|chin8\n|raw|chin8's rating: 1800 &rarr; <strong>1817<\/strong><br \/>(+17 for winning)\n|raw|roykeenkennedy's rating: 1756 &rarr; <strong>1739<\/strong><br \/>(-17 for losing)\n|l|\u2606roykeenkennedy\n|player|p2|\n|l|\u2606chin8\n|player|p1|\n","uploadtime":1731263424,"views":37,"formatid":"gen9vgc2024regh","rating":1739,"private":0,"password":null}