{"id":"gen9vgc2024regh-2241094921","format":"[Gen 9] VGC 2024 Reg H","players":["HoshimiHoshina","jhyjhyt"],"log":"|j|\u2606HoshimiHoshina\n|j|\u2606jhyjhyt\n|t:|1731246388\n|gametype|doubles\n|player|p1|HoshimiHoshina|rosa|1667\n|player|p2|jhyjhyt|2|1684\n|teamsize|p1|6\n|teamsize|p2|6\n|gen|9\n|tier|[Gen 9] VGC 2024 Reg H\n|rated|\n|rule|Species Clause: Limit one of each Pok\u00e9mon\n|rule|Item Clause: Limit 1 of each item\n|clearpoke\n|poke|p1|Slaking, L50, F|\n|poke|p1|Weezing-Galar, L50, F|\n|poke|p1|Gholdengo, L50|\n|poke|p1|Garchomp, L50, M|\n|poke|p1|Palafin, L50, M|\n|poke|p1|Corviknight, L50, F|\n|poke|p2|Dondozo, L50, M|\n|poke|p2|Tatsugiri, L50, M|\n|poke|p2|Pelipper, L50, F|\n|poke|p2|Archaludon, L50, M|\n|poke|p2|Amoonguss, L50, F|\n|poke|p2|Murkrow, L50, M|\n|teampreview|4\n|inactive|Battle timer is ON: inactive players will automatically lose when time's up. (requested by HoshimiHoshina)\n|inactive|HoshimiHoshina has 60 seconds left.\n|\n|t:|1731246431\n|start\n|switch|p1a: \u4e0d\u8bb8\u8bf7\u5047|Weezing-Galar, L50, F|100\/100\n|switch|p1b: \u591a\u52a0\u73ed\u624d\u80fd\u6dd8\u91d1\u6f6e|Gholdengo, L50|100\/100\n|switch|p2a: Dondozo|Dondozo, L50, M|100\/100\n|switch|p2b: Pelipper|Pelipper, L50, F|100\/100\n|-ability|p1a: \u4e0d\u8bb8\u8bf7\u5047|Neutralizing Gas\n|turn|1\n|\n|t:|1731246447\n|switch|p2a: Archaludon|Archaludon, L50, M|100\/100\n|move|p2b: Pelipper|Wide Guard|p2b: Pelipper\n|-singleturn|p2b: Pelipper|Wide Guard\n|move|p1b: \u591a\u52a0\u73ed\u624d\u80fd\u6dd8\u91d1\u6f6e|Thunderbolt|p2b: Pelipper\n|-supereffective|p2b: Pelipper\n|-enditem|p2b: Pelipper|Focus Sash\n|-damage|p2b: Pelipper|1\/100\n|move|p1a: \u4e0d\u8bb8\u8bf7\u5047|Dazzling Gleam|p2a: Archaludon|[spread] \n|-activate|p2a: Archaludon|move: Wide Guard\n|-activate|p2b: Pelipper|move: Wide Guard\n|\n|upkeep\n|turn|2\n|\n|t:|1731246467\n|move|p1a: \u4e0d\u8bb8\u8bf7\u5047|Protect|p1a: \u4e0d\u8bb8\u8bf7\u5047\n|-singleturn|p1a: \u4e0d\u8bb8\u8bf7\u5047|Protect\n|move|p2b: Pelipper|Protect||[still]\n|-fail|p2b: Pelipper\n|move|p1b: \u591a\u52a0\u73ed\u624d\u80fd\u6dd8\u91d1\u6f6e|Thunderbolt|p2b: Pelipper\n|-supereffective|p2b: Pelipper\n|-crit|p2b: Pelipper\n|-damage|p2b: Pelipper|0 fnt\n|faint|p2b: Pelipper\n|move|p2a: Archaludon|Electro Shot||[still]\n|-prepare|p2a: Archaludon|Electro Shot\n|-boost|p2a: Archaludon|spa|1\n|-enditem|p2a: Archaludon|Power Herb\n|-anim|p2a: Archaludon|Electro Shot|p1b: \u591a\u52a0\u73ed\u624d\u80fd\u6dd8\u91d1\u6f6e\n|-damage|p1b: \u591a\u52a0\u73ed\u624d\u80fd\u6dd8\u91d1\u6f6e|8\/100\n|\n|upkeep\n|\n|t:|1731246480\n|switch|p2b: Dondozo|Dondozo, L50, M|100\/100\n|turn|3\n|\n|t:|1731246501\n|switch|p1b: Corviknight|Corviknight, L50, F|100\/100\n|move|p2b: Dondozo|Protect|p2b: Dondozo\n|-singleturn|p2b: Dondozo|Protect\n|move|p1a: \u4e0d\u8bb8\u8bf7\u5047|Will-O-Wisp|p2b: Dondozo\n|-activate|p2b: Dondozo|move: Protect\n|move|p2a: Archaludon|Draco Meteor|p1b: Corviknight\n|-resisted|p1b: Corviknight\n|-damage|p1b: Corviknight|54\/100\n|-unboost|p2a: Archaludon|spa|2\n|\n|-heal|p1b: Corviknight|60\/100|[from] item: Leftovers\n|upkeep\n|turn|4\n|inactive|jhyjhyt has 30 seconds left.\n|\n|t:|1731246530\n|-terastallize|p2b: Dondozo|Water\n|move|p1a: \u4e0d\u8bb8\u8bf7\u5047|Dazzling Gleam|p2a: Archaludon|[spread] p2a,p2b\n|-damage|p2a: Archaludon|71\/100\n|-damage|p2b: Dondozo|74\/100\n|move|p2a: Archaludon|Electro Shot||[still]\n|-prepare|p2a: Archaludon|Electro Shot\n|-boost|p2a: Archaludon|spa|1\n|move|p1b: Corviknight|Bulk Up|p1b: Corviknight\n|-boost|p1b: Corviknight|atk|1\n|-boost|p1b: Corviknight|def|1\n|move|p2b: Dondozo|Wave Crash|p1b: Corviknight\n|-damage|p1b: Corviknight|30\/100\n|-damage|p2b: Dondozo|65\/100|[from] Recoil\n|\n|-heal|p1b: Corviknight|36\/100|[from] item: Leftovers\n|upkeep\n|turn|5\n|\n|t:|1731246549\n|move|p1a: \u4e0d\u8bb8\u8bf7\u5047|Protect|p1a: \u4e0d\u8bb8\u8bf7\u5047\n|-singleturn|p1a: \u4e0d\u8bb8\u8bf7\u5047|Protect\n|move|p1b: Corviknight|Protect|p1b: Corviknight\n|-singleturn|p1b: Corviknight|Protect\n|move|p2b: Dondozo|Protect|p2b: Dondozo\n|-singleturn|p2b: Dondozo|Protect\n|move|p2a: Archaludon|Electro Shot|p1a: \u4e0d\u8bb8\u8bf7\u5047|[from]lockedmove\n|-activate|p1a: \u4e0d\u8bb8\u8bf7\u5047|move: Protect\n|\n|-heal|p1b: Corviknight|43\/100|[from] item: Leftovers\n|upkeep\n|turn|6\n|\n|t:|1731246567\n|move|p1a: \u4e0d\u8bb8\u8bf7\u5047|Dazzling Gleam|p2a: Archaludon|[spread] p2a,p2b\n|-damage|p2a: Archaludon|43\/100\n|-damage|p2b: Dondozo|41\/100\n|move|p2a: Archaludon|Draco Meteor|p1b: Corviknight\n|-resisted|p1b: Corviknight\n|-damage|p1b: Corviknight|10\/100\n|-unboost|p2a: Archaludon|spa|2\n|move|p1b: Corviknight|Brave Bird|p2b: Dondozo\n|-damage|p2b: Dondozo|0 fnt\n|faint|p2b: Dondozo\n|-damage|p1b: Corviknight|0 fnt|[from] Recoil\n|faint|p1b: Corviknight\n|\n|upkeep\n|-message|jhyjhyt forfeited.\n|\n|win|HoshimiHoshina\n|raw|HoshimiHoshina's rating: 1667 &rarr; <strong>1688<\/strong><br \/>(+21 for winning)\n|raw|jhyjhyt's rating: 1684 &rarr; <strong>1663<\/strong><br \/>(-21 for losing)\n|l|\u2606jhyjhyt\n|player|p2|\n|l|\u2606HoshimiHoshina\n|player|p1|\n|j|\u2606HoshimiHoshina\n|player|p1|HoshimiHoshina|rosa|\n|l|\u2606HoshimiHoshina\n|player|p1|\n","uploadtime":1731246819,"views":26,"formatid":"gen9vgc2024regh","rating":1663,"private":0,"password":null}