{"id":"gen9vgc2024regh-2241298464","format":"[Gen 9] VGC 2024 Reg H","players":["SHIDMONBADGAME","googer315"],"log":"|j|\u2606SHIDMONBADGAME\n|j|\u2606googer315\n|t:|1731272411\n|gametype|doubles\n|player|p1|SHIDMONBADGAME|policeman-gen4|1812\n|player|p2|googer315|170|1737\n|teamsize|p1|6\n|teamsize|p2|6\n|gen|9\n|tier|[Gen 9] VGC 2024 Reg H\n|rated|\n|rule|Species Clause: Limit one of each Pok\u00e9mon\n|rule|Item Clause: Limit 1 of each item\n|clearpoke\n|poke|p1|Sneasler, L50, M|\n|poke|p1|Indeedee, L50, M|\n|poke|p1|Murkrow, L50, M|\n|poke|p1|Dragapult, L50, F|\n|poke|p1|Delphox, L50, M|\n|poke|p1|Maushold-Four, L50|\n|poke|p2|Dondozo, L50, F|\n|poke|p2|Tatsugiri, L50, F|\n|poke|p2|Glimmora, L50, F|\n|poke|p2|Maushold, L50|\n|poke|p2|Annihilape, L50, F|\n|poke|p2|Gholdengo, L50|\n|teampreview|4\n|inactive|Battle timer is ON: inactive players will automatically lose when time's up. (requested by SHIDMONBADGAME)\n|\n|t:|1731272433\n|start\n|switch|p1a: Patrick Bateman|Indeedee, L50, M, shiny|100\/100\n|switch|p1b: Paul Allen|Sneasler, L50, M, shiny|100\/100\n|switch|p2a: Gholdengo|Gholdengo, L50|100\/100\n|switch|p2b: Glimmora|Glimmora, L50, F|100\/100\n|-fieldstart|move: Psychic Terrain|[from] ability: Psychic Surge|[of] p1a: Patrick Bateman\n|-enditem|p1b: Paul Allen|Psychic Seed\n|-boost|p1b: Paul Allen|spd|1|[from] item: Psychic Seed\n|turn|1\n|\n|t:|1731272444\n|-terastallize|p1b: Paul Allen|Dark\n|-terastallize|p2a: Gholdengo|Steel\n|move|p2b: Glimmora|Spiky Shield|p2b: Glimmora\n|-singleturn|p2b: Glimmora|move: Protect\n|move|p1b: Paul Allen|Throat Chop|p2a: Gholdengo\n|-damage|p2a: Gholdengo|47\/100\n|-start|p2a: Gholdengo|Throat Chop|[silent]\n|move|p2a: Gholdengo|Make It Rain|p1b: Paul Allen|[spread] p1a,p1b\n|-damage|p1a: Patrick Bateman|7\/100\n|-damage|p1b: Paul Allen|35\/100\n|-unboost|p2a: Gholdengo|spa|1\n|move|p1a: Patrick Bateman|Expanding Force|p2a: Gholdengo|[spread] p2a\n|-activate|p2b: Glimmora|move: Protect\n|-resisted|p2a: Gholdengo\n|-damage|p2a: Gholdengo|14\/100\n|\n|upkeep\n|turn|2\n|inactive|SHIDMONBADGAME has 30 seconds left.\n|\n|t:|1731272472\n|switch|p2a: Dondozo|Dondozo, L50, F|100\/100\n|switch|p2b: Tatsugiri|Tatsugiri, L50, F|100\/100\n|-activate|p2b: Tatsugiri|ability: Commander|[of] p2a: Dondozo\n|-boost|p2a: Dondozo|atk|2\n|-boost|p2a: Dondozo|spa|2\n|-boost|p2a: Dondozo|spe|2\n|-boost|p2a: Dondozo|def|2\n|-boost|p2a: Dondozo|spd|2\n|move|p1b: Paul Allen|Close Combat|p2b: Tatsugiri|[miss]\n|-miss|p1b: Paul Allen|p2b: Tatsugiri\n|move|p1a: Patrick Bateman|Expanding Force|p2a: Dondozo|[spread] p2a\n|-miss|p1a: Patrick Bateman|p2b: Tatsugiri\n|-damage|p2a: Dondozo|79\/100\n|\n|-heal|p2a: Dondozo|85\/100|[from] item: Leftovers\n|upkeep\n|turn|3\n|\n|t:|1731272487\n|move|p1b: Paul Allen|Protect|p1b: Paul Allen\n|-singleturn|p1b: Paul Allen|Protect\n|move|p1a: Patrick Bateman|Expanding Force|p2b: Tatsugiri|[spread] p2a\n|-miss|p1a: Patrick Bateman|p2b: Tatsugiri\n|-damage|p2a: Dondozo|64\/100\n|move|p2a: Dondozo|Earthquake|p1a: Patrick Bateman|[spread] p1a\n|-miss|p2a: Dondozo|p2b: Tatsugiri\n|-activate|p1b: Paul Allen|move: Protect\n|-damage|p1a: Patrick Bateman|0 fnt\n|faint|p1a: Patrick Bateman\n|\n|-heal|p2a: Dondozo|70\/100|[from] item: Leftovers\n|upkeep\n|\n|t:|1731272489\n|switch|p1a: Luis Carruthers|Murkrow, L50, M, shiny|100\/100\n|turn|4\n|\n|t:|1731272506\n|move|p1a: Luis Carruthers|Haze|p1a: Luis Carruthers\n|-clearallboost\n|move|p1b: Paul Allen|Dire Claw|p2a: Dondozo\n|-damage|p2a: Dondozo|41\/100\n|move|p2a: Dondozo|Wave Crash|p1b: Paul Allen\n|-damage|p1b: Paul Allen|0 fnt\n|faint|p1b: Paul Allen\n|-damage|p2a: Dondozo|34\/100|[from] Recoil\n|\n|-heal|p2a: Dondozo|40\/100|[from] item: Leftovers\n|upkeep\n|\n|t:|1731272507\n|switch|p1b: David Van Patten|Delphox, L50, M|100\/100\n|turn|5\n|\n|t:|1731272519\n|move|p2a: Dondozo|Protect|p2a: Dondozo\n|-singleturn|p2a: Dondozo|Protect\n|move|p1a: Luis Carruthers|Tailwind|p1a: Luis Carruthers\n|-sidestart|p1: SHIDMONBADGAME|move: Tailwind\n|move|p1b: David Van Patten|Expanding Force|p2a: Dondozo|[spread] \n|-miss|p1b: David Van Patten|p2b: Tatsugiri\n|-activate|p2a: Dondozo|move: Protect\n|\n|-heal|p2a: Dondozo|46\/100|[from] item: Leftovers\n|-fieldend|move: Psychic Terrain\n|upkeep\n|turn|6\n|\n|t:|1731272533\n|move|p1b: David Van Patten|Expanding Force|p2a: Dondozo\n|-damage|p2a: Dondozo|7\/100\n|-damage|p1b: David Van Patten|91\/100|[from] item: Life Orb\n|move|p1a: Luis Carruthers|Foul Play|p2a: Dondozo\n|-damage|p2a: Dondozo|0 fnt\n|faint|p2a: Dondozo\n|\n|upkeep\n|\n|t:|1731272542\n|switch|p2a: Glimmora|Glimmora, L50, F|100\/100\n|turn|7\n|\n|t:|1731272553\n|move|p1b: David Van Patten|Expanding Force|p2a: Glimmora\n|-supereffective|p2a: Glimmora\n|-enditem|p2a: Glimmora|Focus Sash\n|-damage|p2a: Glimmora|1\/100\n|-damage|p1b: David Van Patten|81\/100|[from] item: Life Orb\n|move|p1a: Luis Carruthers|Foul Play|p2a: Glimmora\n|-damage|p2a: Glimmora|0 fnt\n|-activate|p2a: Glimmora|ability: Toxic Debris\n|-sidestart|p1: SHIDMONBADGAME|move: Toxic Spikes\n|faint|p2a: Glimmora\n|move|p2b: Tatsugiri|Muddy Water|p1a: Luis Carruthers|[spread] \n|-miss|p2b: Tatsugiri|p1a: Luis Carruthers\n|-miss|p2b: Tatsugiri|p1b: David Van Patten\n|\n|upkeep\n|c|\u2606googer315|haha\n|\n|t:|1731272568\n|switch|p2a: Gholdengo|Gholdengo, L50, tera:Steel|14\/100\n|turn|8\n|\n|t:|1731272574\n|move|p1a: Luis Carruthers|Sunny Day|p1a: Luis Carruthers\n|-weather|SunnyDay\n|move|p1b: David Van Patten|Heat Wave|p2b: Tatsugiri|[spread] p2b\n|-miss|p1b: David Van Patten|p2a: Gholdengo\n|-resisted|p2b: Tatsugiri\n|-damage|p2b: Tatsugiri|78\/100\n|-damage|p1b: David Van Patten|71\/100|[from] item: Life Orb\n|move|p2a: Gholdengo|Shadow Ball|p1b: David Van Patten\n|-supereffective|p1b: David Van Patten\n|-damage|p1b: David Van Patten|0 fnt\n|faint|p1b: David Van Patten\n|move|p2b: Tatsugiri|Muddy Water|p1a: Luis Carruthers\n|-damage|p1a: Luis Carruthers|81\/100\n|\n|-weather|SunnyDay|[upkeep]\n|-sideend|p1: SHIDMONBADGAME|move: Tailwind\n|upkeep\n|turn|9\n|\n|t:|1731272588\n|move|p2a: Gholdengo|Shadow Ball|p1a: Luis Carruthers\n|-resisted|p1a: Luis Carruthers\n|-damage|p1a: Luis Carruthers|59\/100\n|move|p2b: Tatsugiri|Draco Meteor|p1a: Luis Carruthers\n|-damage|p1a: Luis Carruthers|1\/100\n|-unboost|p2b: Tatsugiri|spa|2\n|move|p1a: Luis Carruthers|Foul Play|p2a: Gholdengo\n|-crit|p2a: Gholdengo\n|-damage|p2a: Gholdengo|0 fnt\n|faint|p2a: Gholdengo\n|\n|-weather|SunnyDay|[upkeep]\n|upkeep\n|turn|10\n|-message|SHIDMONBADGAME forfeited.\n|\n|win|googer315\n|raw|SHIDMONBADGAME's rating: 1812 &rarr; <strong>1788<\/strong><br \/>(-24 for losing)\n|raw|googer315's rating: 1737 &rarr; <strong>1761<\/strong><br \/>(+24 for winning)\n|l|\u2606SHIDMONBADGAME\n|player|p1|\n|l|\u2606googer315\n|player|p2|\n","uploadtime":1731272834,"views":62,"formatid":"gen9vgc2024regh","rating":1761,"private":0,"password":null}