{"id":"gen9vgc2024regh-2241798918","format":"[Gen 9] VGC 2024 Reg H","players":["jdarcan","dayron91"],"log":"|j|\u2606jdarcan\n|j|\u2606dayron91\n|t:|1731344125\n|gametype|doubles\n|player|p1|jdarcan|pokemonranger|1674\n|player|p2|dayron91|dragontamer|1750\n|teamsize|p1|6\n|teamsize|p2|6\n|gen|9\n|tier|[Gen 9] VGC 2024 Reg H\n|rated|\n|rule|Species Clause: Limit one of each Pok\u00e9mon\n|rule|Item Clause: Limit 1 of each item\n|clearpoke\n|poke|p1|Archaludon, L50, M|\n|poke|p1|Gardevoir, L50, F|\n|poke|p1|Overqwil, L50, F|\n|poke|p1|Annihilape, L50, M|\n|poke|p1|Pelipper, L50, M|\n|poke|p1|Smeargle, L50, M|\n|poke|p2|Archaludon, L50, M|\n|poke|p2|Whimsicott, L50, F|\n|poke|p2|Incineroar, L50, M|\n|poke|p2|Rillaboom, L50, M|\n|poke|p2|Basculegion, L50, M|\n|poke|p2|Annihilape, L50, F|\n|teampreview|4\n|j| mr pogostick\n|\n|t:|1731344207\n|start\n|switch|p1a: Archaludon|Archaludon, L50, M|100\/100\n|switch|p1b: Smeargle|Smeargle, L50, M|100\/100\n|switch|p2a: Whimsicott|Whimsicott, L50, F|100\/100\n|switch|p2b: Annihilape|Annihilape, L50, F|100\/100\n|turn|1\n|\n|t:|1731344250\n|move|p1b: Smeargle|Water Shuriken|p1a: Archaludon\n|-resisted|p1a: Archaludon\n|-damage|p1a: Archaludon|99\/100\n|-ability|p1a: Archaludon|Stamina|boost\n|-boost|p1a: Archaludon|def|1\n|-resisted|p1a: Archaludon\n|-damage|p1a: Archaludon|99\/100\n|-ability|p1a: Archaludon|Stamina|boost\n|-boost|p1a: Archaludon|def|1\n|-hitcount|p1a: Archaludon|2\n|move|p2a: Whimsicott|Moonblast|p1b: Smeargle\n|-crit|p1b: Smeargle\n|-damage|p1b: Smeargle|0 fnt\n|faint|p1b: Smeargle\n|move|p2b: Annihilape|U-turn|p1a: Archaludon\n|-resisted|p1a: Archaludon\n|-damage|p1a: Archaludon|95\/100\n|-ability|p1a: Archaludon|Stamina|boost\n|-boost|p1a: Archaludon|def|1\n|\n|t:|1731344275\n|switch|p2b: Archaludon|Archaludon, L50, M|100\/100|[from] U-turn\n|move|p1a: Archaludon|Flash Cannon|p2a: Whimsicott\n|-supereffective|p2a: Whimsicott\n|-enditem|p2a: Whimsicott|Focus Sash\n|-damage|p2a: Whimsicott|1\/100\n|\n|upkeep\n|\n|t:|1731344304\n|switch|p1b: Pelipper|Pelipper, L50, M|100\/100\n|-weather|RainDance|[from] ability: Drizzle|[of] p1b: Pelipper\n|turn|2\n|\n|t:|1731344340\n|-terastallize|p2b: Archaludon|Fighting\n|move|p2a: Whimsicott|Beat Up|p2b: Archaludon\n|-resisted|p2b: Archaludon\n|-damage|p2b: Archaludon|99\/100\n|-ability|p2b: Archaludon|Stamina|boost\n|-boost|p2b: Archaludon|def|1\n|-resisted|p2b: Archaludon\n|-damage|p2b: Archaludon|99\/100\n|-ability|p2b: Archaludon|Stamina|boost\n|-boost|p2b: Archaludon|def|1\n|-resisted|p2b: Archaludon\n|-damage|p2b: Archaludon|99\/100\n|-ability|p2b: Archaludon|Stamina|boost\n|-boost|p2b: Archaludon|def|1\n|-resisted|p2b: Archaludon\n|-damage|p2b: Archaludon|98\/100\n|-ability|p2b: Archaludon|Stamina|boost\n|-boost|p2b: Archaludon|def|1\n|-hitcount|p2b: Archaludon|4\n|move|p1b: Pelipper|Tailwind|p1b: Pelipper\n|-sidestart|p1: jdarcan|move: Tailwind\n|move|p1a: Archaludon|Electro Shot||[still]\n|-prepare|p1a: Archaludon|Electro Shot\n|-boost|p1a: Archaludon|spa|1\n|-anim|p1a: Archaludon|Electro Shot|p2a: Whimsicott\n|-resisted|p2a: Whimsicott\n|-damage|p2a: Whimsicott|0 fnt\n|faint|p2a: Whimsicott\n|move|p2b: Archaludon|Snarl|p1a: Archaludon|[spread] p1a,p1b\n|-damage|p1a: Archaludon|87\/100\n|-damage|p1b: Pelipper|78\/100\n|-unboost|p1a: Archaludon|spa|1\n|-unboost|p1b: Pelipper|spa|1\n|-ability|p1a: Archaludon|Stamina|boost\n|-boost|p1a: Archaludon|def|1\n|\n|-weather|RainDance|[upkeep]\n|upkeep\n|\n|t:|1731344370\n|switch|p2a: Rillaboom|Rillaboom, L50, M|100\/100\n|-fieldstart|move: Grassy Terrain|[from] ability: Grassy Surge|[of] p2a: Rillaboom\n|turn|3\n|\n|t:|1731344403\n|switch|p1b: Overqwil|Overqwil, L50, F|100\/100\n|move|p2a: Rillaboom|Fake Out|p1b: Overqwil\n|-damage|p1b: Overqwil|82\/100\n|move|p1a: Archaludon|Electro Shot||[still]\n|-prepare|p1a: Archaludon|Electro Shot\n|-boost|p1a: Archaludon|spa|1\n|-anim|p1a: Archaludon|Electro Shot|p2b: Archaludon\n|-damage|p2b: Archaludon|51\/100\n|-ability|p2b: Archaludon|Stamina|boost\n|-boost|p2b: Archaludon|def|1\n|move|p2b: Archaludon|Body Press|p1a: Archaludon\n|-supereffective|p1a: Archaludon\n|-damage|p1a: Archaludon|14\/100\n|-ability|p1a: Archaludon|Stamina|boost\n|-boost|p1a: Archaludon|def|1\n|\n|-weather|RainDance|[upkeep]\n|-heal|p1b: Overqwil|88\/100|[from] Grassy Terrain\n|-heal|p1a: Archaludon|20\/100|[from] Grassy Terrain\n|-heal|p2b: Archaludon|57\/100|[from] Grassy Terrain\n|upkeep\n|turn|4\n|j| pikavgc111\n|l| pikavgc111\n|\n|t:|1731344471\n|switch|p2a: Annihilape|Annihilape, L50, F|100\/100\n|move|p1b: Overqwil|Lash Out|p2a: Annihilape\n|-damage|p2a: Annihilape|56\/100\n|-damage|p1b: Overqwil|78\/100|[from] item: Life Orb\n|move|p1a: Archaludon|Electro Shot||[still]\n|-prepare|p1a: Archaludon|Electro Shot\n|-boost|p1a: Archaludon|spa|1\n|-anim|p1a: Archaludon|Electro Shot|p2b: Archaludon\n|-damage|p2b: Archaludon|0 fnt\n|faint|p2b: Archaludon\n|\n|-weather|RainDance|[upkeep]\n|-heal|p1b: Overqwil|84\/100|[from] Grassy Terrain\n|-heal|p1a: Archaludon|26\/100|[from] Grassy Terrain\n|-heal|p2a: Annihilape|62\/100|[from] Grassy Terrain\n|upkeep\n|\n|t:|1731344489\n|switch|p2b: Rillaboom|Rillaboom, L50, M|100\/100\n|turn|5\n|inactive|Battle timer is ON: inactive players will automatically lose when time's up. (requested by jdarcan)\n|\n|t:|1731344547\n|move|p2b: Rillaboom|Fake Out|p1a: Archaludon\n|-resisted|p1a: Archaludon\n|-damage|p1a: Archaludon|24\/100\n|-ability|p1a: Archaludon|Stamina|boost\n|-boost|p1a: Archaludon|def|1\n|move|p1b: Overqwil|Gunk Shot|p2b: Rillaboom\n|-supereffective|p2b: Rillaboom\n|-damage|p2b: Rillaboom|0 fnt\n|faint|p2b: Rillaboom\n|-damage|p1b: Overqwil|75\/100|[from] item: Life Orb\n|cant|p1a: Archaludon|flinch\n|move|p2a: Annihilape|Rage Fist|p1b: Overqwil\n|-resisted|p1b: Overqwil\n|-damage|p1b: Overqwil|46\/100\n|\n|-weather|RainDance|[upkeep]\n|-heal|p1b: Overqwil|51\/100|[from] Grassy Terrain\n|-heal|p1a: Archaludon|31\/100|[from] Grassy Terrain\n|-heal|p2a: Annihilape|68\/100|[from] Grassy Terrain\n|-sideend|p1: jdarcan|move: Tailwind\n|upkeep\n|turn|6\n|inactive|jdarcan has 30 seconds left.\n|j| bluestraggler03\n|inactive|jdarcan has 20 seconds left.\n|\n|t:|1731344585\n|move|p1b: Overqwil|Liquidation|p2a: Annihilape\n|-damage|p2a: Annihilape|18\/100\n|-damage|p1b: Overqwil|42\/100|[from] item: Life Orb\n|move|p2a: Annihilape|Rage Fist|p1a: Archaludon\n|-damage|p1a: Archaludon|16\/100\n|move|p1a: Archaludon|Electro Shot||[still]\n|-prepare|p1a: Archaludon|Electro Shot\n|-boost|p1a: Archaludon|spa|1\n|-anim|p1a: Archaludon|Electro Shot|p2a: Annihilape\n|-damage|p2a: Annihilape|0 fnt\n|faint|p2a: Annihilape\n|\n|win|jdarcan\n|raw|jdarcan's rating: 1674 &rarr; <strong>1698<\/strong><br \/>(+24 for winning)\n|raw|dayron91's rating: 1750 &rarr; <strong>1726<\/strong><br \/>(-24 for losing)\n|l| mr pogostick\n|l|\u2606dayron91\n|player|p2|\n","uploadtime":1731344840,"views":35,"formatid":"gen9vgc2024regh","rating":1698,"private":0,"password":null}