{"id":"gen9vgc2024regh-2241876086","format":"[Gen 9] VGC 2024 Reg H","players":["actuary97","Trnsl \u9f8d"],"log":"|j|\u2606actuary97\n|j|\u2606Trnsl \u9f8d\n|t:|1731351974\n|gametype|doubles\n|player|p1|actuary97|sabrina-frlg|1801\n|player|p2|Trnsl \u9f8d|266|1679\n|teamsize|p1|6\n|teamsize|p2|6\n|gen|9\n|tier|[Gen 9] VGC 2024 Reg H\n|rated|\n|rule|Species Clause: Limit one of each Pok\u00e9mon\n|rule|Item Clause: Limit 1 of each item\n|clearpoke\n|poke|p1|Whimsicott, L50, F|\n|poke|p1|Gallade, L50, M|\n|poke|p1|Archaludon, L50, F|\n|poke|p1|Malamar, L50, F|\n|poke|p1|Indeedee, L50, M|\n|poke|p1|Drifblim, L50, M|\n|poke|p2|Kingambit, L50, M|\n|poke|p2|Primarina, L50, F|\n|poke|p2|Sneasler, L50, F|\n|poke|p2|Magmar, L50, M|\n|poke|p2|Rillaboom, L50, F|\n|poke|p2|Dragapult, L50, F|\n|teampreview|4\nactuary97 has agreed to open team sheets.\n|j| DonShitDozo\n|inactive|Battle timer is ON: inactive players will automatically lose when time's up. (requested by actuary97)\n|\n|t:|1731352006\n|start\n|switch|p1a: Tapu Deedee|Indeedee, L50, M, shiny|100\/100\n|switch|p1b: \ud83c\udf88\ud83d\udc7b\ud83c\udf83\ud83d\udc7b\ud83c\udf83\ud83c\udf88|Drifblim, L50, M|100\/100\n|switch|p2a: Sneasler|Sneasler, L50, F|100\/100\n|switch|p2b: Magmar|Magmar, L50, M|100\/100\n|-fieldstart|move: Psychic Terrain|[from] ability: Psychic Surge|[of] p1a: Tapu Deedee\n|-enditem|p1b: \ud83c\udf88\ud83d\udc7b\ud83c\udf83\ud83d\udc7b\ud83c\udf83\ud83c\udf88|Psychic Seed\n|-boost|p1b: \ud83c\udf88\ud83d\udc7b\ud83c\udf83\ud83d\udc7b\ud83c\udf83\ud83c\udf88|spd|1|[from] item: Psychic Seed\n|turn|1\n|inactive|Trnsl \u9f8d has 30 seconds left.\n|inactive|Trnsl \u9f8d has 20 seconds left.\n|\n|t:|1731352042\n|switch|p2a: Rillaboom|Rillaboom, L50, F|100\/100\n|-fieldstart|move: Grassy Terrain|[from] ability: Grassy Surge|[of] p2a: Rillaboom\n|move|p1b: \ud83c\udf88\ud83d\udc7b\ud83c\udf83\ud83d\udc7b\ud83c\udf83\ud83c\udf88|Icy Wind|p2a: Rillaboom|[spread] p2a,p2b\n|-supereffective|p2a: Rillaboom\n|-resisted|p2b: Magmar\n|-crit|p2b: Magmar\n|-damage|p2a: Rillaboom|87\/100\n|-damage|p2b: Magmar|95\/100\n|-unboost|p2a: Rillaboom|spe|1\n|-unboost|p2b: Magmar|spe|1\n|move|p1a: Tapu Deedee|Expanding Force|p2b: Magmar\n|-damage|p2b: Magmar|48\/100\n|move|p2b: Magmar|Will-O-Wisp|p1b: \ud83c\udf88\ud83d\udc7b\ud83c\udf83\ud83d\udc7b\ud83c\udf83\ud83c\udf88\n|-status|p1b: \ud83c\udf88\ud83d\udc7b\ud83c\udf83\ud83d\udc7b\ud83c\udf83\ud83c\udf88|brn\n|\n|-heal|p2b: Magmar|54\/100|[from] Grassy Terrain\n|-heal|p2a: Rillaboom|93\/100|[from] Grassy Terrain\n|-damage|p1b: \ud83c\udf88\ud83d\udc7b\ud83c\udf83\ud83d\udc7b\ud83c\udf83\ud83c\udf88|94\/100 brn|[from] brn\n|upkeep\n|turn|2\n|\n|t:|1731352065\n|switch|p1a: Bridget|Archaludon, L50, F, shiny|100\/100\n|move|p2b: Magmar|Protect|p2b: Magmar\n|-singleturn|p2b: Magmar|Protect\n|move|p1b: \ud83c\udf88\ud83d\udc7b\ud83c\udf83\ud83d\udc7b\ud83c\udf83\ud83c\udf88|Will-O-Wisp|p2a: Rillaboom\n|-status|p2a: Rillaboom|brn\n|move|p2a: Rillaboom|Wood Hammer|p1a: Bridget\n|-resisted|p1a: Bridget\n|-crit|p1a: Bridget\n|-damage|p1a: Bridget|90\/100\n|-ability|p1a: Bridget|Stamina|boost\n|-boost|p1a: Bridget|def|1\n|-damage|p2a: Rillaboom|89\/100 brn|[from] Recoil\n|\n|-heal|p1a: Bridget|96\/100|[from] Grassy Terrain\n|-heal|p2b: Magmar|60\/100|[from] Grassy Terrain\n|-heal|p2a: Rillaboom|95\/100 brn|[from] Grassy Terrain\n|-damage|p1b: \ud83c\udf88\ud83d\udc7b\ud83c\udf83\ud83d\udc7b\ud83c\udf83\ud83c\udf88|88\/100 brn|[from] brn\n|-damage|p2a: Rillaboom|89\/100 brn|[from] brn\n|upkeep\n|turn|3\n|\n|t:|1731352080\n|switch|p2a: Kingambit|Kingambit, L50, M|100\/100\n|move|p1b: \ud83c\udf88\ud83d\udc7b\ud83c\udf83\ud83d\udc7b\ud83c\udf83\ud83c\udf88|Air Slash|p2b: Magmar\n|-damage|p2b: Magmar|40\/100\n|move|p1a: Bridget|Body Press|p2b: Magmar\n|-damage|p2b: Magmar|13\/100\n|move|p2b: Magmar|Will-O-Wisp|p1a: Bridget\n|-status|p1a: Bridget|brn\n|\n|-heal|p1a: Bridget|100\/100 brn|[from] Grassy Terrain\n|-heal|p2b: Magmar|19\/100|[from] Grassy Terrain\n|-damage|p1b: \ud83c\udf88\ud83d\udc7b\ud83c\udf83\ud83d\udc7b\ud83c\udf83\ud83c\udf88|82\/100 brn|[from] brn\n|-damage|p1a: Bridget|94\/100 brn|[from] brn\n|upkeep\n|turn|4\n|\n|t:|1731352103\n|-terastallize|p2a: Kingambit|Dark\n|move|p1b: \ud83c\udf88\ud83d\udc7b\ud83c\udf83\ud83d\udc7b\ud83c\udf83\ud83c\udf88|Will-O-Wisp|p2a: Kingambit\n|-status|p2a: Kingambit|brn\n|move|p1a: Bridget|Body Press|p2a: Kingambit\n|-supereffective|p2a: Kingambit\n|-damage|p2a: Kingambit|73\/100 brn\n|move|p2b: Magmar|Overheat|p1a: Bridget\n|-damage|p1a: Bridget|59\/100 brn\n|-unboost|p2b: Magmar|spa|2\n|-ability|p1a: Bridget|Stamina|boost\n|-boost|p1a: Bridget|def|1\n|move|p2a: Kingambit|Kowtow Cleave|p1b: \ud83c\udf88\ud83d\udc7b\ud83c\udf83\ud83d\udc7b\ud83c\udf83\ud83c\udf88\n|-supereffective|p1b: \ud83c\udf88\ud83d\udc7b\ud83c\udf83\ud83d\udc7b\ud83c\udf83\ud83c\udf88\n|-damage|p1b: \ud83c\udf88\ud83d\udc7b\ud83c\udf83\ud83d\udc7b\ud83c\udf83\ud83c\udf88|8\/100 brn\n|\n|-heal|p1a: Bridget|65\/100 brn|[from] Grassy Terrain\n|-heal|p2b: Magmar|24\/100|[from] Grassy Terrain\n|-heal|p2a: Kingambit|79\/100 brn|[from] Grassy Terrain\n|-damage|p1b: \ud83c\udf88\ud83d\udc7b\ud83c\udf83\ud83d\udc7b\ud83c\udf83\ud83c\udf88|2\/100 brn|[from] brn\n|-damage|p1a: Bridget|59\/100 brn|[from] brn\n|-damage|p2a: Kingambit|73\/100 brn|[from] brn\n|upkeep\n|turn|5\n|inactive|Trnsl \u9f8d has 30 seconds left.\n|\n|t:|1731352131\n|move|p2b: Magmar|Protect|p2b: Magmar\n|-singleturn|p2b: Magmar|Protect\n|move|p2a: Kingambit|Protect|p2a: Kingambit\n|-singleturn|p2a: Kingambit|Protect\n|move|p1b: \ud83c\udf88\ud83d\udc7b\ud83c\udf83\ud83d\udc7b\ud83c\udf83\ud83c\udf88|Strength Sap|p2a: Kingambit\n|-activate|p2a: Kingambit|move: Protect\n|move|p1a: Bridget|Body Press|p2b: Magmar\n|-activate|p2b: Magmar|move: Protect\n|\n|-heal|p1a: Bridget|65\/100 brn|[from] Grassy Terrain\n|-heal|p2b: Magmar|30\/100|[from] Grassy Terrain\n|-heal|p2a: Kingambit|79\/100 brn|[from] Grassy Terrain\n|-damage|p1b: \ud83c\udf88\ud83d\udc7b\ud83c\udf83\ud83d\udc7b\ud83c\udf83\ud83c\udf88|0 fnt|[from] brn\n|faint|p1b: \ud83c\udf88\ud83d\udc7b\ud83c\udf83\ud83d\udc7b\ud83c\udf83\ud83c\udf88\n|-damage|p1a: Bridget|59\/100 brn|[from] brn\n|-damage|p2a: Kingambit|73\/100 brn|[from] brn\n|-fieldend|move: Grassy Terrain\n|upkeep\n|\n|t:|1731352138\n|switch|p1b: Tapu Deedee|Indeedee, L50, M, shiny|100\/100\n|-fieldstart|move: Psychic Terrain|[from] ability: Psychic Surge|[of] p1b: Tapu Deedee\n|turn|6\n|\n|t:|1731352156\n|switch|p1b: \u2694\ufe0fKing\u2694\ufe0f|Gallade, L50, M, shiny|100\/100\n|switch|p2b: Rillaboom|Rillaboom, L50, F|89\/100 brn\n|-fieldstart|move: Grassy Terrain|[from] ability: Grassy Surge|[of] p2b: Rillaboom\n|move|p2a: Kingambit|Sucker Punch||[still]\n|-fail|p2a: Kingambit\n|move|p1a: Bridget|Body Press|p2a: Kingambit\n|-supereffective|p2a: Kingambit\n|-damage|p2a: Kingambit|41\/100 brn\n|\n|-heal|p1a: Bridget|65\/100 brn|[from] Grassy Terrain\n|-heal|p2b: Rillaboom|95\/100 brn|[from] Grassy Terrain\n|-heal|p2a: Kingambit|47\/100 brn|[from] Grassy Terrain\n|-damage|p1a: Bridget|59\/100 brn|[from] brn\n|-damage|p2b: Rillaboom|89\/100 brn|[from] brn\n|-damage|p2a: Kingambit|41\/100 brn|[from] brn\n|upkeep\n|turn|7\n|\n|t:|1731352171\n|move|p1b: \u2694\ufe0fKing\u2694\ufe0f|Protect|p1b: \u2694\ufe0fKing\u2694\ufe0f\n|-singleturn|p1b: \u2694\ufe0fKing\u2694\ufe0f|Protect\n|move|p1a: Bridget|Body Press|p2a: Kingambit\n|-supereffective|p2a: Kingambit\n|-damage|p2a: Kingambit|9\/100 brn\n|move|p2b: Rillaboom|High Horsepower|p1a: Bridget\n|-supereffective|p1a: Bridget\n|-damage|p1a: Bridget|45\/100 brn\n|-ability|p1a: Bridget|Stamina|boost\n|-boost|p1a: Bridget|def|1\n|move|p2a: Kingambit|Kowtow Cleave|p1b: \u2694\ufe0fKing\u2694\ufe0f\n|-activate|p1b: \u2694\ufe0fKing\u2694\ufe0f|move: Protect\n|\n|-heal|p1a: Bridget|51\/100 brn|[from] Grassy Terrain\n|-heal|p2b: Rillaboom|95\/100 brn|[from] Grassy Terrain\n|-heal|p2a: Kingambit|15\/100 brn|[from] Grassy Terrain\n|-damage|p1a: Bridget|45\/100 brn|[from] brn\n|-damage|p2b: Rillaboom|89\/100 brn|[from] brn\n|-damage|p2a: Kingambit|9\/100 brn|[from] brn\n|upkeep\n|turn|8\n|\n|t:|1731352192\n|switch|p2a: Magmar|Magmar, L50, M|30\/100\n|move|p1b: \u2694\ufe0fKing\u2694\ufe0f|Psycho Cut|p2b: Rillaboom\n|-damage|p2b: Rillaboom|33\/100 brn\n|move|p1a: Bridget|Body Press|p2a: Magmar\n|-crit|p2a: Magmar\n|-damage|p2a: Magmar|0 fnt\n|faint|p2a: Magmar\n|move|p2b: Rillaboom|Wood Hammer|p1b: \u2694\ufe0fKing\u2694\ufe0f\n|-damage|p1b: \u2694\ufe0fKing\u2694\ufe0f|37\/100\n|-damage|p2b: Rillaboom|18\/100 brn|[from] Recoil\n|\n|-heal|p1b: \u2694\ufe0fKing\u2694\ufe0f|43\/100|[from] Grassy Terrain\n|-heal|p1a: Bridget|51\/100 brn|[from] Grassy Terrain\n|-heal|p2b: Rillaboom|23\/100 brn|[from] Grassy Terrain\n|-damage|p1a: Bridget|45\/100 brn|[from] brn\n|-damage|p2b: Rillaboom|18\/100 brn|[from] brn\n|upkeep\n|\n|t:|1731352204\n|switch|p2a: Sneasler|Sneasler, L50, F|100\/100\n|turn|9\n|\n|t:|1731352218\n|move|p2b: Rillaboom|Grassy Glide|p1b: \u2694\ufe0fKing\u2694\ufe0f\n|-damage|p1b: \u2694\ufe0fKing\u2694\ufe0f|10\/100\n|move|p2a: Sneasler|Close Combat|p1a: Bridget\n|-supereffective|p1a: Bridget\n|-damage|p1a: Bridget|8\/100 brn\n|-unboost|p2a: Sneasler|def|1\n|-unboost|p2a: Sneasler|spd|1\n|-ability|p1a: Bridget|Stamina|boost\n|-boost|p1a: Bridget|def|1\n|move|p1b: \u2694\ufe0fKing\u2694\ufe0f|Psycho Cut|p2a: Sneasler\n|-supereffective|p2a: Sneasler\n|-enditem|p2a: Sneasler|Focus Sash\n|-damage|p2a: Sneasler|1\/100\n|move|p1a: Bridget|Body Press|p2b: Rillaboom\n|-damage|p2b: Rillaboom|0 fnt\n|faint|p2b: Rillaboom\n|\n|-heal|p2a: Sneasler|7\/100|[from] Grassy Terrain\n|-heal|p1b: \u2694\ufe0fKing\u2694\ufe0f|16\/100|[from] Grassy Terrain\n|-heal|p1a: Bridget|14\/100 brn|[from] Grassy Terrain\n|-damage|p1a: Bridget|8\/100 brn|[from] brn\n|upkeep\n|\n|t:|1731352234\n|switch|p2b: Kingambit|Kingambit, L50, M, tera:Dark|9\/100 brn\n|turn|10\n|\n|t:|1731352247\n|move|p1b: \u2694\ufe0fKing\u2694\ufe0f|Protect|p1b: \u2694\ufe0fKing\u2694\ufe0f\n|-singleturn|p1b: \u2694\ufe0fKing\u2694\ufe0f|Protect\n|move|p2a: Sneasler|Close Combat|p1a: Bridget\n|-supereffective|p1a: Bridget\n|-damage|p1a: Bridget|0 fnt\n|-unboost|p2a: Sneasler|def|1\n|-unboost|p2a: Sneasler|spd|1\n|faint|p1a: Bridget\n|move|p2b: Kingambit|Kowtow Cleave|p1b: \u2694\ufe0fKing\u2694\ufe0f\n|-activate|p1b: \u2694\ufe0fKing\u2694\ufe0f|move: Protect\n|\n|-heal|p2a: Sneasler|13\/100|[from] Grassy Terrain\n|-heal|p1b: \u2694\ufe0fKing\u2694\ufe0f|22\/100|[from] Grassy Terrain\n|-heal|p2b: Kingambit|15\/100 brn|[from] Grassy Terrain\n|-damage|p2b: Kingambit|9\/100 brn|[from] brn\n|-fieldend|move: Grassy Terrain\n|upkeep\n|\n|t:|1731352249\n|switch|p1a: Tapu Deedee|Indeedee, L50, M, shiny|100\/100\n|-fieldstart|move: Psychic Terrain|[from] ability: Psychic Surge|[of] p1a: Tapu Deedee\n|turn|11\n|\n|t:|1731352265\n|-terastallize|p1a: Tapu Deedee|Fire\n|move|p2a: Sneasler|Close Combat|p1b: \u2694\ufe0fKing\u2694\ufe0f\n|-resisted|p1b: \u2694\ufe0fKing\u2694\ufe0f\n|-damage|p1b: \u2694\ufe0fKing\u2694\ufe0f|0 fnt\n|-unboost|p2a: Sneasler|def|1\n|-unboost|p2a: Sneasler|spd|1\n|faint|p1b: \u2694\ufe0fKing\u2694\ufe0f\n|move|p1a: Tapu Deedee|Dazzling Gleam|p2a: Sneasler|[spread] p2a,p2b\n|-supereffective|p2b: Kingambit\n|-damage|p2a: Sneasler|0 fnt\n|-damage|p2b: Kingambit|0 fnt\n|faint|p2a: Sneasler\n|faint|p2b: Kingambit\n|\n|win|actuary97\n|raw|actuary97's rating: 1801 &rarr; <strong>1814<\/strong><br \/>(+13 for winning)\n|raw|Trnsl \u9f8d's rating: 1679 &rarr; <strong>1666<\/strong><br \/>(-13 for losing)\n|c|\u2606actuary97|gg\n|l|\u2606Trnsl \u9f8d\n|player|p2|\n|l| DonShitDozo\n|l|\u2606actuary97\n|player|p1|\n","uploadtime":1731352531,"views":27,"formatid":"gen9vgc2024regh","rating":1666,"private":0,"password":null}