{"id":"gen9vgc2024regh-2241147170","format":"[Gen 9] VGC 2024 Reg H","players":["Tmntin","sheeshshane925"],"log":"|j|\u2606Tmntin\n|j|\u2606sheeshshane925\n|t:|1731254033\n|gametype|doubles\n|player|p1|Tmntin|169|1643\n|player|p2|sheeshshane925|bruno|1715\n|teamsize|p1|6\n|teamsize|p2|6\n|gen|9\n|tier|[Gen 9] VGC 2024 Reg H\n|rated|\n|rule|Species Clause: Limit one of each Pok\u00e9mon\n|rule|Item Clause: Limit 1 of each item\n|clearpoke\n|poke|p1|Incineroar, L50, F|\n|poke|p1|Ursaluna-Bloodmoon, L50, M|\n|poke|p1|Amoonguss, L50, M|\n|poke|p1|Murkrow, L50, M|\n|poke|p1|Typhlosion-Hisui, L50, F|\n|poke|p1|Basculegion, L50, M|\n|poke|p2|Archaludon, L50, M|\n|poke|p2|Pelipper, L50, F|\n|poke|p2|Primarina, L50, F|\n|poke|p2|Ursaluna, L50, F|\n|poke|p2|Porygon2, L50|\n|poke|p2|Grimmsnarl, L50, M|\n|teampreview|4\n|inactive|Battle timer is ON: inactive players will automatically lose when time's up. (requested by Tmntin)\n|\n|t:|1731254079\n|start\n|switch|p1a: Typhlosion|Typhlosion-Hisui, L50, F|100\/100\n|switch|p1b: Murkrow|Murkrow, L50, M|100\/100\n|switch|p2a: Grimmsnarl|Grimmsnarl, L50, M, shiny|100\/100\n|switch|p2b: Primarina|Primarina, L50, F|100\/100\n|-item|p2a: Grimmsnarl|Light Clay|[from] ability: Frisk|[of] p1a: Typhlosion\n|-item|p2b: Primarina|Throat Spray|[from] ability: Frisk|[of] p1a: Typhlosion\n|turn|1\n|inactive|Tmntin has 30 seconds left.\n|\n|t:|1731254110\n|-terastallize|p2b: Primarina|Water\n|move|p1b: Murkrow|Sunny Day|p1b: Murkrow\n|-weather|SunnyDay\n|move|p2a: Grimmsnarl|Light Screen|p2a: Grimmsnarl\n|-sidestart|p2: sheeshshane925|move: Light Screen\n|move|p1a: Typhlosion|Solar Beam||[still]\n|-prepare|p1a: Typhlosion|Solar Beam\n|-anim|p1a: Typhlosion|Solar Beam|p2b: Primarina\n|-supereffective|p2b: Primarina\n|-damage|p2b: Primarina|30\/100\n|move|p2b: Primarina|Hyper Voice|p1a: Typhlosion|[spread] p1a,p1b\n|-supereffective|p1a: Typhlosion\n|-damage|p1a: Typhlosion|36\/100\n|-damage|p1b: Murkrow|83\/100\n|-enditem|p2b: Primarina|Throat Spray\n|-boost|p2b: Primarina|spa|1|[from] item: Throat Spray\n|\n|-weather|SunnyDay|[upkeep]\n|upkeep\n|turn|2\n|\n|t:|1731254131\n|switch|p1a: Amoonguss|Amoonguss, L50, M|100\/100\n|move|p2b: Primarina|Protect|p2b: Primarina\n|-singleturn|p2b: Primarina|Protect\n|move|p1b: Murkrow|Brave Bird|p2a: Grimmsnarl\n|-damage|p2a: Grimmsnarl|64\/100\n|-damage|p1b: Murkrow|68\/100|[from] Recoil\n|move|p2a: Grimmsnarl|Spirit Break|p1a: Amoonguss\n|-resisted|p1a: Amoonguss\n|-damage|p1a: Amoonguss|85\/100\n|-unboost|p1a: Amoonguss|spa|1\n|-damage|p2a: Grimmsnarl|48\/100|[from] item: Rocky Helmet|[of] p1a: Amoonguss\n|\n|-weather|SunnyDay|[upkeep]\n|upkeep\n|turn|3\n|\n|t:|1731254155\n|move|p2a: Grimmsnarl|Taunt|p1a: Amoonguss\n|-start|p1a: Amoonguss|move: Taunt\n|move|p1b: Murkrow|Brave Bird|p2b: Primarina\n|-damage|p2b: Primarina|0 fnt\n|faint|p2b: Primarina\n|-damage|p1b: Murkrow|57\/100|[from] Recoil\n|move|p1a: Amoonguss|Sludge Bomb|p2a: Grimmsnarl\n|-supereffective|p2a: Grimmsnarl\n|-damage|p2a: Grimmsnarl|24\/100\n|\n|-weather|SunnyDay|[upkeep]\n|upkeep\n|\n|t:|1731254166\n|switch|p2b: Archaludon|Archaludon, L50, M, shiny|100\/100\n|turn|4\n|j| UltraMoody\n|\n|t:|1731254177\n|switch|p1a: Ursaluna|Ursaluna-Bloodmoon, L50, M|100\/100\n|move|p1b: Murkrow|Brave Bird|p2a: Grimmsnarl\n|-damage|p2a: Grimmsnarl|0 fnt\n|faint|p2a: Grimmsnarl\n|-damage|p1b: Murkrow|48\/100|[from] Recoil\n|move|p2b: Archaludon|Dragon Pulse|p1a: Ursaluna\n|-damage|p1a: Ursaluna|57\/100\n|\n|-weather|SunnyDay|[upkeep]\n|-heal|p1a: Ursaluna|63\/100|[from] item: Leftovers\n|upkeep\n|\n|t:|1731254188\n|switch|p2a: Pelipper|Pelipper, L50, F, shiny|100\/100\n|-weather|RainDance|[from] ability: Drizzle|[of] p2a: Pelipper\n|turn|5\n|\n|t:|1731254200\n|move|p2b: Archaludon|Protect|p2b: Archaludon\n|-singleturn|p2b: Archaludon|Protect\n|move|p1b: Murkrow|Sunny Day|p1b: Murkrow\n|-weather|SunnyDay\n|move|p2a: Pelipper|Weather Ball|p1a: Ursaluna\n|-damage|p1a: Ursaluna|8\/100\n|move|p1a: Ursaluna|Earth Power|p2b: Archaludon\n|-activate|p2b: Archaludon|move: Protect\n|\n|-weather|SunnyDay|[upkeep]\n|-heal|p1a: Ursaluna|14\/100|[from] item: Leftovers\n|upkeep\n|turn|6\n|\n|t:|1731254223\n|move|p1a: Ursaluna|Protect|p1a: Ursaluna\n|-singleturn|p1a: Ursaluna|Protect\n|move|p1b: Murkrow|Tailwind|p1b: Murkrow\n|-sidestart|p1: Tmntin|move: Tailwind\n|move|p2a: Pelipper|Weather Ball|p1b: Murkrow\n|-damage|p1b: Murkrow|9\/100\n|move|p2b: Archaludon|Body Press|p1a: Ursaluna\n|-activate|p1a: Ursaluna|move: Protect\n|\n|-weather|SunnyDay|[upkeep]\n|-heal|p1a: Ursaluna|20\/100|[from] item: Leftovers\n|upkeep\n|turn|7\n|inactive|Tmntin has 30 seconds left.\n|\n|t:|1731254254\n|move|p2b: Archaludon|Protect|p2b: Archaludon\n|-singleturn|p2b: Archaludon|Protect\n|move|p1b: Murkrow|Brave Bird|p2a: Pelipper\n|-damage|p2a: Pelipper|50\/100\n|-damage|p1b: Murkrow|0 fnt|[from] Recoil\n|faint|p1b: Murkrow\n|move|p1a: Ursaluna|Earth Power|p2b: Archaludon\n|-activate|p2b: Archaludon|move: Protect\n|move|p2a: Pelipper|Tailwind|p2a: Pelipper\n|-sidestart|p2: sheeshshane925|move: Tailwind\n|\n|-weather|SunnyDay|[upkeep]\n|-heal|p1a: Ursaluna|26\/100|[from] item: Leftovers\n|upkeep\n|\n|t:|1731254269\n|switch|p1b: Amoonguss|Amoonguss, L50, M|100\/100\n|turn|8\n|\n|t:|1731254290\n|move|p1b: Amoonguss|Protect|p1b: Amoonguss\n|-singleturn|p1b: Amoonguss|Protect\n|move|p2a: Pelipper|Weather Ball|p1b: Amoonguss\n|-activate|p1b: Amoonguss|move: Protect\n|move|p2b: Archaludon|Body Press|p1a: Ursaluna\n|-supereffective|p1a: Ursaluna\n|-damage|p1a: Ursaluna|0 fnt\n|faint|p1a: Ursaluna\n|\n|-weather|SunnyDay|[upkeep]\n|-sideend|p2: sheeshshane925|move: Light Screen\n|upkeep\n|\n|t:|1731254302\n|switch|p1a: Typhlosion|Typhlosion-Hisui, L50, F|36\/100\n|-item|p2a: Pelipper|Focus Sash|[from] ability: Frisk|[of] p1a: Typhlosion\n|-item|p2b: Archaludon|Leftovers|[from] ability: Frisk|[of] p1a: Typhlosion\n|turn|9\n|inactive|Tmntin has 30 seconds left.\n|\n|t:|1731254337\n|-terastallize|p1b: Amoonguss|Water\n|move|p2b: Archaludon|Protect|p2b: Archaludon\n|-singleturn|p2b: Archaludon|Protect\n|move|p1b: Amoonguss|Rage Powder|p1b: Amoonguss\n|-singleturn|p1b: Amoonguss|move: Rage Powder\n|move|p1a: Typhlosion|Shadow Ball|p2a: Pelipper\n|-damage|p2a: Pelipper|0 fnt\n|faint|p2a: Pelipper\n|\n|-weather|none\n|-sideend|p1: Tmntin|move: Tailwind\n|upkeep\n|turn|10\n|\n|t:|1731254352\n|move|p1b: Amoonguss|Rage Powder|p1b: Amoonguss\n|-singleturn|p1b: Amoonguss|move: Rage Powder\n|move|p2b: Archaludon|Dragon Pulse|p1b: Amoonguss\n|-damage|p1b: Amoonguss|76\/100\n|move|p1a: Typhlosion|Shadow Ball|p2b: Archaludon\n|-damage|p2b: Archaludon|44\/100\n|-ability|p2b: Archaludon|Stamina|boost\n|-boost|p2b: Archaludon|def|1\n|\n|-heal|p2b: Archaludon|50\/100|[from] item: Leftovers\n|-sideend|p2: sheeshshane925|move: Tailwind\n|upkeep\n|turn|11\n|\n|t:|1731254365\n|move|p2b: Archaludon|Protect|p2b: Archaludon\n|-singleturn|p2b: Archaludon|Protect\n|move|p1b: Amoonguss|Rage Powder|p1b: Amoonguss\n|-singleturn|p1b: Amoonguss|move: Rage Powder\n|move|p1a: Typhlosion|Shadow Ball|p2b: Archaludon\n|-activate|p2b: Archaludon|move: Protect\n|\n|-heal|p2b: Archaludon|56\/100|[from] item: Leftovers\n|upkeep\n|turn|12\n|\n|t:|1731254376\n|move|p1b: Amoonguss|Rage Powder|p1b: Amoonguss\n|-singleturn|p1b: Amoonguss|move: Rage Powder\n|move|p1a: Typhlosion|Shadow Ball|p2b: Archaludon\n|-damage|p2b: Archaludon|0 fnt\n|faint|p2b: Archaludon\n|\n|win|Tmntin\n|raw|Tmntin's rating: 1643 &rarr; <strong>1667<\/strong><br \/>(+24 for winning)\n|raw|sheeshshane925's rating: 1715 &rarr; <strong>1691<\/strong><br \/>(-24 for losing)\n|l|\u2606sheeshshane925\n|player|p2|\n|l| UltraMoody\n","uploadtime":1731254582,"views":28,"formatid":"gen9vgc2024regh","rating":1667,"private":0,"password":null}