{"id":"gen9vgc2024regh-2241476986","format":"[Gen 9] VGC 2024 Reg H","players":["violet mm","sheeshshane925"],"log":"|j|\u2606violet mm\n|j|\u2606sheeshshane925\n|t:|1731294783\n|gametype|doubles\n|player|p1|violet mm|170|1728\n|player|p2|sheeshshane925|bruno|1674\n|teamsize|p1|6\n|teamsize|p2|6\n|gen|9\n|tier|[Gen 9] VGC 2024 Reg H\n|rated|\n|rule|Species Clause: Limit one of each Pok\u00e9mon\n|rule|Item Clause: Limit 1 of each item\n|clearpoke\n|poke|p1|Ceruledge, L50, M|\n|poke|p1|Sneasler, L50, F|\n|poke|p1|Dragonite, L50, F|\n|poke|p1|Archaludon, L50, M|\n|poke|p1|Dondozo, L50, F|\n|poke|p1|Tatsugiri, L50, F|\n|poke|p2|Archaludon, L50, M|\n|poke|p2|Pelipper, L50, M|\n|poke|p2|Primarina, L50, M|\n|poke|p2|Ursaluna, L50, F|\n|poke|p2|Porygon2, L50|\n|poke|p2|Grimmsnarl, L50, M|\n|teampreview|4\n|j| testmaincourse\n|\n|t:|1731294811\n|start\n|switch|p1a: Archaludon|Archaludon, L50, M|100\/100\n|switch|p1b: Sneasler|Sneasler, L50, F|100\/100\n|switch|p2a: Ursaluna|Ursaluna, L50, F|100\/100\n|switch|p2b: Grimmsnarl|Grimmsnarl, L50, M, shiny|100\/100\n|turn|1\n|\n|t:|1731294846\n|-terastallize|p2a: Ursaluna|Ghost\n|move|p2b: Grimmsnarl|Reflect|p2b: Grimmsnarl\n|-sidestart|p2: sheeshshane925|Reflect\n|move|p1b: Sneasler|Close Combat|p2a: Ursaluna\n|-immune|p2a: Ursaluna\n|move|p1a: Archaludon|Draco Meteor|p2a: Ursaluna\n|-damage|p2a: Ursaluna|38\/100\n|-unboost|p1a: Archaludon|spa|2\n|move|p2a: Ursaluna|Headlong Rush|p1a: Archaludon\n|-supereffective|p1a: Archaludon\n|-ability|p1a: Archaludon|Sturdy\n|-damage|p1a: Archaludon|1\/100\n|-unboost|p2a: Ursaluna|def|1\n|-unboost|p2a: Ursaluna|spd|1\n|\n|-status|p2a: Ursaluna|brn|[from] item: Flame Orb\n|upkeep\n|turn|2\n|j| Kariami\n|l| Kariami\n|\n|t:|1731294876\n|move|p1b: Sneasler|Dire Claw|p2b: Grimmsnarl\n|-supereffective|p2b: Grimmsnarl\n|-damage|p2b: Grimmsnarl|45\/100\n|move|p1a: Archaludon|Electro Shot||[still]\n|-prepare|p1a: Archaludon|Electro Shot\n|-boost|p1a: Archaludon|spa|1\n|-enditem|p1a: Archaludon|Power Herb\n|-anim|p1a: Archaludon|Electro Shot|p2a: Ursaluna\n|-damage|p2a: Ursaluna|0 fnt\n|faint|p2a: Ursaluna\n|move|p2b: Grimmsnarl|Spirit Break|p1b: Sneasler\n|-damage|p1b: Sneasler|52\/100\n|-unboost|p1b: Sneasler|spa|1\n|\n|upkeep\n|\n|t:|1731294892\n|switch|p2a: Porygon2|Porygon2, L50|100\/100\n|-ability|p2a: Porygon2|Download|boost\n|-boost|p2a: Porygon2|spa|1\n|turn|3\n|\n|t:|1731294904\n|-terastallize|p1a: Archaludon|Stellar\n|move|p1b: Sneasler|Close Combat|p2a: Porygon2\n|-supereffective|p2a: Porygon2\n|-damage|p2a: Porygon2|60\/100\n|-unboost|p1b: Sneasler|def|1\n|-unboost|p1b: Sneasler|spd|1\n|move|p1a: Archaludon|Draco Meteor|p2a: Porygon2\n|-damage|p2a: Porygon2|28\/100\n|-unboost|p1a: Archaludon|spa|2\n|move|p2b: Grimmsnarl|Spirit Break|p1a: Archaludon\n|-damage|p1a: Archaludon|0 fnt\n|faint|p1a: Archaludon\n|move|p2a: Porygon2|Trick Room|p2a: Porygon2\n|-fieldstart|move: Trick Room|[of] p2a: Porygon2\n|\n|upkeep\n|\n|t:|1731294911\n|switch|p1a: Dondozo|Dondozo, L50, F|100\/100\n|turn|4\n|\n|t:|1731294922\n|switch|p1b: Ceruledge|Ceruledge, L50, M|100\/100\n|move|p2b: Grimmsnarl|Reflect||[still]\n|-fail|p2b: Grimmsnarl\n|move|p1a: Dondozo|Yawn|p2b: Grimmsnarl\n|-start|p2b: Grimmsnarl|move: Yawn|[of] p1a: Dondozo\n|move|p2a: Porygon2|Recover|p2a: Porygon2\n|-heal|p2a: Porygon2|78\/100\n|\n|upkeep\n|turn|5\n|\n|t:|1731294946\n|move|p2b: Grimmsnarl|Taunt|p1a: Dondozo\n|-immune|p1a: Dondozo|[from] ability: Oblivious\n|move|p1a: Dondozo|Yawn||[still]\n|-fail|p1a: Dondozo\n|move|p2a: Porygon2|Thunderbolt|p1b: Ceruledge\n|-crit|p1b: Ceruledge\n|-damage|p1b: Ceruledge|60\/100\n|move|p1b: Ceruledge|Poltergeist|p2b: Grimmsnarl\n|-activate|p2b: Grimmsnarl|move: Poltergeist|Light Clay\n|-resisted|p2b: Grimmsnarl\n|-crit|p2b: Grimmsnarl\n|-damage|p2b: Grimmsnarl|0 fnt\n|faint|p2b: Grimmsnarl\n|\n|upkeep\n|\n|t:|1731294957\n|switch|p2b: Primarina|Primarina, L50, M|100\/100\n|turn|6\n|\n|t:|1731294967\n|move|p1b: Ceruledge|Shadow Sneak|p2b: Primarina\n|-damage|p2b: Primarina|84\/100\n|move|p1a: Dondozo|Yawn|p2b: Primarina\n|-start|p2b: Primarina|move: Yawn|[of] p1a: Dondozo\n|move|p2a: Porygon2|Ice Beam|p1b: Ceruledge\n|-resisted|p1b: Ceruledge\n|-damage|p1b: Ceruledge|47\/100\n|move|p2b: Primarina|Hyper Voice|p1a: Dondozo|[spread] p1a,p1b\n|-resisted|p1a: Dondozo\n|-supereffective|p1b: Ceruledge\n|-damage|p1a: Dondozo|88\/100\n|-damage|p1b: Ceruledge|0 fnt\n|faint|p1b: Ceruledge\n|-enditem|p2b: Primarina|Throat Spray\n|-boost|p2b: Primarina|spa|1|[from] item: Throat Spray\n|\n|-heal|p1a: Dondozo|95\/100|[from] item: Leftovers\n|upkeep\n|\n|t:|1731294972\n|switch|p1b: Sneasler|Sneasler, L50, F|52\/100\n|turn|7\n|\n|t:|1731294986\n|move|p1a: Dondozo|Protect|p1a: Dondozo\n|-singleturn|p1a: Dondozo|Protect\n|move|p2a: Porygon2|Thunderbolt|p1a: Dondozo\n|-activate|p1a: Dondozo|move: Protect\n|move|p2b: Primarina|Hyper Voice|p1b: Sneasler|[spread] p1b\n|-activate|p1a: Dondozo|move: Protect\n|-damage|p1b: Sneasler|0 fnt\n|faint|p1b: Sneasler\n|\n|-heal|p1a: Dondozo|100\/100|[from] item: Leftovers\n|-end|p2b: Primarina|move: Yawn|[silent]\n|-status|p2b: Primarina|slp\n|-fieldend|move: Trick Room\n|upkeep\n|turn|8\n|-message|violet mm forfeited.\n|\n|win|sheeshshane925\n|raw|violet mm's rating: 1728 &rarr; <strong>1705<\/strong><br \/>(-23 for losing)\n|raw|sheeshshane925's rating: 1674 &rarr; <strong>1697<\/strong><br \/>(+23 for winning)\n|l|\u2606violet mm\n|player|p1|\n|l|\u2606sheeshshane925\n|player|p2|\n","uploadtime":1731295171,"views":33,"formatid":"gen9vgc2024regh","rating":1697,"private":0,"password":null}