{"id":"gen9vgc2024regh-2241992475","format":"[Gen 9] VGC 2024 Reg H","players":["VGCLTH Thacrow","redgannetVGC"],"log":"|raw|<div class=\"broadcast-blue\"><strong>This battle is required to be public due to a player having a name starting with 'vgclth'.<\/div>\n|j|\u2606VGCLTH Thacrow\n|j|\u2606redgannetVGC\n|t:|1731363991\n|gametype|doubles\n|player|p1|VGCLTH Thacrow|wallace-masters|1737\n|player|p2|redgannetVGC|102|1717\n|teamsize|p1|6\n|teamsize|p2|6\n|gen|9\n|tier|[Gen 9] VGC 2024 Reg H\n|rated|\n|rule|Species Clause: Limit one of each Pok\u00e9mon\n|rule|Item Clause: Limit 1 of each item\n|clearpoke\n|poke|p1|Ceruledge, L50, F|\n|poke|p1|Gastrodon-East, L50, F|\n|poke|p1|Sneasler, L50, M|\n|poke|p1|Dragonite, L50, M|\n|poke|p1|Rillaboom, L50, F|\n|poke|p1|Kingambit, L50, M|\n|poke|p2|Charizard, L50, F|\n|poke|p2|Torkoal, L50, M|\n|poke|p2|Jumpluff, L50, F|\n|poke|p2|Porygon2, L50|\n|poke|p2|Incineroar, L50, M|\n|poke|p2|Ursaluna, L50, M|\n|teampreview|4\n|j| VGCLTH John Pork\n|inactive|Battle timer is ON: inactive players will automatically lose when time's up. (requested by redgannetVGC)\nVGCLTH Thacrow has agreed to open team sheets.\n|j| VGCLTH Mangomaster\n|c| VGCLTH Mangomaster|nice\n|inactive|redgannetVGC has 60 seconds left.\n|c| VGCLTH Mangomaster|thabird is using ceruledge as well\n|\n|t:|1731364057\n|start\n|switch|p1a: Kidturtle|Sneasler, L50, M, shiny|100\/100\n|switch|p1b: Godlyreal|Kingambit, L50, M|100\/100\n|switch|p2a: Porygon2|Porygon2, L50|100\/100\n|switch|p2b: Incineroar|Incineroar, L50, M|100\/100\n|-ability|p2a: Porygon2|Download|boost\n|-boost|p2a: Porygon2|spa|1\n|-ability|p2b: Incineroar|Intimidate|boost\n|-unboost|p1a: Kidturtle|atk|1\n|-unboost|p1b: Godlyreal|atk|1\n|-ability|p1b: Godlyreal|Defiant|boost\n|-boost|p1b: Godlyreal|atk|2\n|turn|1\n|\n|t:|1731364077\n|-terastallize|p1b: Godlyreal|Flying\n|move|p1a: Kidturtle|Fake Out|p2a: Porygon2\n|-damage|p2a: Porygon2|94\/100\n|move|p2b: Incineroar|Fake Out|p1b: Godlyreal\n|-damage|p1b: Godlyreal|92\/100\n|cant|p1b: Godlyreal|flinch\n|cant|p2a: Porygon2|flinch\n|\n|upkeep\n|turn|2\n|inactive|redgannetVGC has 30 seconds left.\n|\n|t:|1731364102\n|-terastallize|p2a: Porygon2|Fighting\n|move|p1a: Kidturtle|Close Combat|p2a: Porygon2\n|-damage|p2a: Porygon2|69\/100\n|-unboost|p1a: Kidturtle|def|1\n|-unboost|p1a: Kidturtle|spd|1\n|move|p1b: Godlyreal|Tera Blast|p2a: Porygon2|[anim] Tera Blast Flying\n|-supereffective|p2a: Porygon2\n|-damage|p2a: Porygon2|0 fnt\n|faint|p2a: Porygon2\n|move|p2b: Incineroar|Flare Blitz|p1a: Kidturtle\n|-enditem|p1a: Kidturtle|Focus Sash\n|-damage|p1a: Kidturtle|1\/100\n|-damage|p2b: Incineroar|75\/100|[from] Recoil\n|\n|upkeep\n|\n|t:|1731364114\n|switch|p2a: Ursaluna|Ursaluna, L50, M|100\/100\n|turn|3\n|\n|t:|1731364130\n|move|p2a: Ursaluna|Protect|p2a: Ursaluna\n|-singleturn|p2a: Ursaluna|Protect\n|move|p1a: Kidturtle|Close Combat|p2b: Incineroar\n|-supereffective|p2b: Incineroar\n|-damage|p2b: Incineroar|12\/100\n|-unboost|p1a: Kidturtle|def|1\n|-unboost|p1a: Kidturtle|spd|1\n|-enditem|p2b: Incineroar|Sitrus Berry|[eat]\n|-heal|p2b: Incineroar|37\/100|[from] item: Sitrus Berry\n|move|p1b: Godlyreal|Kowtow Cleave|p2b: Incineroar\n|-resisted|p2b: Incineroar\n|-damage|p2b: Incineroar|9\/100\n|move|p2b: Incineroar|Flare Blitz|p1a: Kidturtle\n|-damage|p1a: Kidturtle|0 fnt\n|faint|p1a: Kidturtle\n|-damage|p2b: Incineroar|9\/100|[from] Recoil\n|\n|-status|p2a: Ursaluna|brn|[from] item: Flame Orb\n|upkeep\n|\n|t:|1731364136\n|switch|p1a: Main Flutter|Dragonite, L50, M, shiny|100\/100\n|turn|4\n|\n|t:|1731364144\n|move|p1a: Main Flutter|Low Kick|p2a: Ursaluna\n|-supereffective|p2a: Ursaluna\n|-damage|p2a: Ursaluna|20\/100 brn\n|move|p2a: Ursaluna|Facade|p1b: Godlyreal\n|-damage|p1b: Godlyreal|0 fnt\n|faint|p1b: Godlyreal\n|move|p2b: Incineroar|Knock Off|p1a: Main Flutter\n|-damage|p1a: Main Flutter|81\/100\n|-enditem|p1a: Main Flutter|Loaded Dice|[from] move: Knock Off|[of] p2b: Incineroar\n|\n|-damage|p2a: Ursaluna|15\/100 brn|[from] brn\n|upkeep\n|\n|t:|1731364152\n|switch|p1b: Christian|Ceruledge, L50, F|100\/100\n|turn|5\n|\n|t:|1731364160\n|move|p2a: Ursaluna|Protect|p2a: Ursaluna\n|-singleturn|p2a: Ursaluna|Protect\n|move|p1a: Main Flutter|Low Kick|p2a: Ursaluna\n|-activate|p2a: Ursaluna|move: Protect\n|move|p1b: Christian|Bitter Blade|p2b: Incineroar\n|-resisted|p2b: Incineroar\n|-damage|p2b: Incineroar|0 fnt\n|faint|p2b: Incineroar\n|\n|-damage|p2a: Ursaluna|9\/100 brn|[from] brn\n|upkeep\n|\n|t:|1731364167\n|switch|p2b: Torkoal|Torkoal, L50, M|100\/100\n|-weather|SunnyDay|[from] ability: Drought|[of] p2b: Torkoal\n|turn|6\n|-message|redgannetVGC forfeited.\n|\n|win|VGCLTH Thacrow\n|raw|VGCLTH Thacrow's rating: 1737 &rarr; <strong>1756<\/strong><br \/>(+19 for winning)\n|raw|redgannetVGC's rating: 1717 &rarr; <strong>1698<\/strong><br \/>(-19 for losing)\n|l|\u2606redgannetVGC\n|player|p2|\n|l|\u2606VGCLTH Thacrow\n|player|p1|\n|j| VGCLTH lily\n|l| VGCLTH lily\n","uploadtime":1731364345,"views":38,"formatid":"gen9vgc2024regh","rating":1698,"private":0,"password":null}