{"id":"gen9vgc2024regh-2241889817","format":"[Gen 9] VGC 2024 Reg H","players":["USTM","Zordor"],"log":"|j|\u2606USTM\n|j|\u2606Zordor\n|t:|1731353333\n|gametype|doubles\n|player|p1|USTM|169|1758\n|player|p2|Zordor|pilot|1695\n|teamsize|p1|6\n|teamsize|p2|6\n|gen|9\n|tier|[Gen 9] VGC 2024 Reg H\n|rated|\n|rule|Species Clause: Limit one of each Pok\u00e9mon\n|rule|Item Clause: Limit 1 of each item\n|clearpoke\n|poke|p1|Gallade, L50, M|\n|poke|p1|Incineroar, L50, M|\n|poke|p1|Kingambit, L50, M|\n|poke|p1|Ninetales-Alola, L50, M|\n|poke|p1|Garchomp, L50, M|\n|poke|p1|Dragonite, L50, M|\n|poke|p2|Rotom-Wash, L50|\n|poke|p2|Sneasler, L50, M|\n|poke|p2|Kingambit, L50, M|\n|poke|p2|Armarouge, L50, F|\n|poke|p2|Dragapult, L50, F|\n|poke|p2|Venusaur, L50, F|\n|teampreview|4\n|inactive|Battle timer is ON: inactive players will automatically lose when time's up. (requested by USTM)\n|\n|t:|1731353409\n|start\n|switch|p1a: Garchomp|Garchomp, L50, M|100\/100\n|switch|p1b: Dragonite|Dragonite, L50, M, shiny|100\/100\n|switch|p2a: Sneasler|Sneasler, L50, M|100\/100\n|switch|p2b: Rotom|Rotom-Wash, L50|100\/100\n|turn|1\n|inactive|USTM has 30 seconds left.\n|\n|t:|1731353436\n|move|p2a: Sneasler|Protect|p2a: Sneasler\n|-singleturn|p2a: Sneasler|Protect\n|move|p1b: Dragonite|Extreme Speed|p2a: Sneasler\n|-activate|p2a: Sneasler|move: Protect\n|move|p1a: Garchomp|Earthquake|p2b: Rotom|[spread] \n|-activate|p2a: Sneasler|move: Protect\n|-immune|p1b: Dragonite\n|-immune|p2b: Rotom|[from] ability: Levitate\n|move|p2b: Rotom|Will-O-Wisp|p1b: Dragonite\n|-status|p1b: Dragonite|brn\n|\n|-damage|p1b: Dragonite|94\/100 brn|[from] brn\n|upkeep\n|turn|2\n|j| DonShitDozo\n|inactive|Zordor has 30 seconds left.\n|\n|t:|1731353462\n|move|p1b: Dragonite|Extreme Speed|p2a: Sneasler\n|-damage|p2a: Sneasler|78\/100\n|move|p1a: Garchomp|Earthquake|p2a: Sneasler|[spread] p2a\n|-immune|p1b: Dragonite\n|-immune|p2b: Rotom|[from] ability: Levitate\n|-supereffective|p2a: Sneasler\n|-damage|p2a: Sneasler|0 fnt\n|faint|p2a: Sneasler\n|move|p2b: Rotom|Will-O-Wisp|p1a: Garchomp\n|-status|p1a: Garchomp|brn\n|\n|-damage|p1a: Garchomp|95\/100 brn|[from] brn\n|-damage|p1b: Dragonite|88\/100 brn|[from] brn\n|upkeep\n|\n|t:|1731353480\n|switch|p2a: Dragapult|Dragapult, L50, F|100\/100\n|turn|3\n|\n|t:|1731353497\n|switch|p1b: Ninetales|Ninetales-Alola, L50, M|100\/100\n|-weather|Snow|[from] ability: Snow Warning|[of] p1b: Ninetales\n|-terastallize|p2a: Dragapult|Fighting\n|move|p1a: Garchomp|Earthquake|p2a: Dragapult|[spread] p1b,p2a\n|-immune|p2b: Rotom|[from] ability: Levitate\n|-crit|p2a: Dragapult\n|-damage|p1b: Ninetales|79\/100\n|-damage|p2a: Dragapult|65\/100\n|move|p2a: Dragapult|Dragon Darts|p1a: Garchomp\n|-supereffective|p1a: Garchomp\n|-damage|p1a: Garchomp|46\/100 brn\n|-anim|p2a: Dragapult|Dragon Darts|p1a: Garchomp\n|-supereffective|p1a: Garchomp\n|-damage|p1a: Garchomp|5\/100 brn\n|move|p2b: Rotom|Electroweb|p1b: Ninetales|[spread] p1b\n|-immune|p1a: Garchomp\n|-damage|p1b: Ninetales|60\/100\n|-unboost|p1b: Ninetales|spe|1\n|\n|-weather|Snow|[upkeep]\n|-damage|p1a: Garchomp|0 fnt|[from] brn\n|faint|p1a: Garchomp\n|upkeep\n|\n|t:|1731353514\n|switch|p1a: Kingambit|Kingambit, L50, M, shiny|100\/100\n|turn|4\n|\n|t:|1731353529\n|switch|p2a: Kingambit|Kingambit, L50, M, shiny|100\/100\n|move|p1a: Kingambit|Protect|p1a: Kingambit\n|-singleturn|p1a: Kingambit|Protect\n|move|p2b: Rotom|Will-O-Wisp|p1a: Kingambit\n|-activate|p1a: Kingambit|move: Protect\n|move|p1b: Ninetales|Dazzling Gleam|p2b: Rotom|[spread] p2a,p2b\n|-damage|p2a: Kingambit|66\/100\n|-damage|p2b: Rotom|63\/100\n|\n|-weather|Snow|[upkeep]\n|upkeep\n|turn|5\n|\n|t:|1731353547\n|switch|p1a: Dragonite|Dragonite, L50, M, shiny|88\/100 brn\n|move|p2b: Rotom|Will-O-Wisp|p1a: Dragonite\n|-fail|p1a: Dragonite|brn\n|move|p1b: Ninetales|Dazzling Gleam|p2b: Rotom|[spread] p2a,p2b\n|-crit|p2b: Rotom\n|-damage|p2a: Kingambit|33\/100\n|-damage|p2b: Rotom|11\/100\n|-enditem|p2a: Kingambit|Sitrus Berry|[eat]\n|-heal|p2a: Kingambit|58\/100|[from] item: Sitrus Berry\n|move|p2a: Kingambit|Iron Head|p1b: Ninetales\n|-supereffective|p1b: Ninetales\n|-damage|p1b: Ninetales|0 fnt\n|faint|p1b: Ninetales\n|\n|-weather|Snow|[upkeep]\n|-damage|p1a: Dragonite|82\/100 brn|[from] brn\n|upkeep\n|\n|t:|1731353558\n|switch|p1b: Kingambit|Kingambit, L50, M, shiny|100\/100\n|turn|6\n|\n|t:|1731353583\n|move|p2a: Kingambit|Protect|p2a: Kingambit\n|-singleturn|p2a: Kingambit|Protect\n|move|p1a: Dragonite|Extreme Speed|p2b: Rotom\n|-damage|p2b: Rotom|0 fnt\n|faint|p2b: Rotom\n|move|p1b: Kingambit|Swords Dance|p1b: Kingambit\n|-boost|p1b: Kingambit|atk|2\n|\n|-weather|Snow|[upkeep]\n|-damage|p1a: Dragonite|76\/100 brn|[from] brn\n|upkeep\n|\n|t:|1731353584\n|switch|p2b: Dragapult|Dragapult, L50, F, tera:Fighting|65\/100\n|turn|7\n|\n|t:|1731353604\n|-terastallize|p1b: Kingambit|Dark\n|move|p1b: Kingambit|Sucker Punch|p2b: Dragapult\n|-resisted|p2b: Dragapult\n|-damage|p2b: Dragapult|0 fnt\n|faint|p2b: Dragapult\n|move|p1a: Dragonite|Low Kick|p2a: Kingambit\n|-supereffective|p2a: Kingambit\n|-damage|p2a: Kingambit|0 fnt\n|faint|p2a: Kingambit\n|\n|win|USTM\n|raw|USTM's rating: 1758 &rarr; <strong>1774<\/strong><br \/>(+16 for winning)\n|raw|Zordor's rating: 1695 &rarr; <strong>1679<\/strong><br \/>(-16 for losing)\n|l|\u2606Zordor\n|player|p2|\n|l| DonShitDozo\n|l|\u2606USTM\n|player|p1|\n","uploadtime":1731353795,"views":28,"formatid":"gen9vgc2024regh","rating":1679,"private":0,"password":null}