{"id":"gen9vgc2024regh-2241908653","format":"[Gen 9] VGC 2024 Reg H","players":["Zordor","dayron91"],"log":"|j|\u2606Zordor\n|j|\u2606dayron91\n|t:|1731355225\n|gametype|doubles\n|player|p1|Zordor|pilot|1739\n|player|p2|dayron91|dragontamer|1683\n|teamsize|p1|6\n|teamsize|p2|6\n|gen|9\n|tier|[Gen 9] VGC 2024 Reg H\n|rated|\n|rule|Species Clause: Limit one of each Pok\u00e9mon\n|rule|Item Clause: Limit 1 of each item\n|clearpoke\n|poke|p1|Rotom-Wash, L50|\n|poke|p1|Sneasler, L50, F|\n|poke|p1|Kingambit, L50, F|\n|poke|p1|Armarouge, L50, M|\n|poke|p1|Dragapult, L50, M|\n|poke|p1|Venusaur, L50, F|\n|poke|p2|Whimsicott, L50, M|\n|poke|p2|Basculegion, L50, M|\n|poke|p2|Annihilape, L50, F|\n|poke|p2|Pelipper, L50, M|\n|poke|p2|Archaludon, L50, F|\n|poke|p2|Rillaboom, L50, F|\n|teampreview|4\n|\n|t:|1731355267\n|start\n|switch|p1a: Sneasler|Sneasler, L50, F|100\/100\n|switch|p1b: Rotom|Rotom-Wash, L50|100\/100\n|switch|p2a: Whimsicott|Whimsicott, L50, M|100\/100\n|switch|p2b: Annihilape|Annihilape, L50, F|100\/100\n|turn|1\n|\n|t:|1731355292\n|-terastallize|p2a: Whimsicott|Ghost\n|move|p1a: Sneasler|Dire Claw|p2a: Whimsicott\n|-resisted|p2a: Whimsicott\n|-damage|p2a: Whimsicott|74\/100\n|-status|p2a: Whimsicott|par\n|move|p2b: Annihilape|Rage Fist|p1b: Rotom\n|-damage|p1b: Rotom|75\/100\n|move|p1b: Rotom|Hydro Pump|p2a: Whimsicott\n|-damage|p2a: Whimsicott|12\/100 par\n|move|p2a: Whimsicott|Beat Up|p2b: Annihilape\n|-damage|p2b: Annihilape|99\/100\n|-damage|p2b: Annihilape|97\/100\n|-damage|p2b: Annihilape|95\/100\n|-damage|p2b: Annihilape|93\/100\n|-hitcount|p2b: Annihilape|4\n|\n|upkeep\n|turn|2\n|\n|t:|1731355322\n|move|p1b: Rotom|Protect|p1b: Rotom\n|-singleturn|p1b: Rotom|Protect\n|cant|p2a: Whimsicott|par\n|move|p1a: Sneasler|Dire Claw|p2b: Annihilape\n|-resisted|p2b: Annihilape\n|-damage|p2b: Annihilape|74\/100\n|-status|p2b: Annihilape|slp\n|cant|p2b: Annihilape|slp\n|\n|upkeep\n|turn|3\n|\n|t:|1731355339\n|move|p2a: Whimsicott|Tailwind|p2a: Whimsicott\n|-sidestart|p2: dayron91|move: Tailwind\n|cant|p2b: Annihilape|slp\n|move|p1a: Sneasler|Dire Claw|p2a: Whimsicott\n|-resisted|p2a: Whimsicott\n|-damage|p2a: Whimsicott|0 fnt\n|faint|p2a: Whimsicott\n|move|p1b: Rotom|Hydro Pump|p2b: Annihilape\n|-damage|p2b: Annihilape|35\/100 slp\n|\n|upkeep\n|\n|t:|1731355355\n|switch|p2a: Archaludon|Archaludon, L50, F|100\/100\n|turn|4\n|\n|t:|1731355365\n|cant|p2b: Annihilape|slp\n|move|p2a: Archaludon|Electro Shot||[still]\n|-prepare|p2a: Archaludon|Electro Shot\n|-boost|p2a: Archaludon|spa|1\n|move|p1a: Sneasler|Close Combat|p2a: Archaludon\n|-supereffective|p2a: Archaludon\n|-damage|p2a: Archaludon|19\/100\n|-unboost|p1a: Sneasler|def|1\n|-unboost|p1a: Sneasler|spd|1\n|-ability|p2a: Archaludon|Stamina|boost\n|-boost|p2a: Archaludon|def|1\n|move|p1b: Rotom|Hydro Pump|p2b: Annihilape\n|-damage|p2b: Annihilape|0 fnt\n|faint|p2b: Annihilape\n|\n|upkeep\n|\n|t:|1731355380\n|switch|p2b: Pelipper|Pelipper, L50, M|100\/100\n|-weather|RainDance|[from] ability: Drizzle|[of] p2b: Pelipper\n|turn|5\n|\n|t:|1731355391\n|move|p2b: Pelipper|Protect|p2b: Pelipper\n|-singleturn|p2b: Pelipper|Protect\n|move|p1a: Sneasler|Protect|p1a: Sneasler\n|-singleturn|p1a: Sneasler|Protect\n|move|p1b: Rotom|Protect|p1b: Rotom\n|-singleturn|p1b: Rotom|Protect\n|move|p2a: Archaludon|Electro Shot|p1a: Sneasler|[from]lockedmove\n|-activate|p1a: Sneasler|move: Protect\n|\n|-weather|RainDance|[upkeep]\n|upkeep\n|turn|6\n|\n|t:|1731355442\n|move|p2b: Pelipper|Hurricane|p1a: Sneasler\n|-supereffective|p1a: Sneasler\n|-enditem|p1a: Sneasler|Focus Sash\n|-damage|p1a: Sneasler|1\/100\n|move|p1a: Sneasler|Close Combat|p2a: Archaludon\n|-supereffective|p2a: Archaludon\n|-damage|p2a: Archaludon|0 fnt\n|-unboost|p1a: Sneasler|def|1\n|-unboost|p1a: Sneasler|spd|1\n|faint|p2a: Archaludon\n|move|p1b: Rotom|Electroweb|p2b: Pelipper\n|-supereffective|p2b: Pelipper\n|-damage|p2b: Pelipper|0 fnt\n|faint|p2b: Pelipper\n|\n|win|Zordor\n|raw|Zordor's rating: 1739 &rarr; <strong>1756<\/strong><br \/>(+17 for winning)\n|raw|dayron91's rating: 1683 &rarr; <strong>1666<\/strong><br \/>(-17 for losing)\n|l|\u2606dayron91\n|player|p2|\n|l|\u2606Zordor\n|player|p1|\n","uploadtime":1731355622,"views":31,"formatid":"gen9vgc2024regh","rating":1666,"private":0,"password":null}