{"id":"gen9vgc2024regh-2241811487","format":"[Gen 9] VGC 2024 Reg H","players":["urmomtest","chin8"],"log":"|j|\u203durmomtest\n|j|\u2606chin8\n|t:|1731345423\n|gametype|doubles\n|player|p1|urmomtest|riley|1726\n|player|p2|chin8|gentleman-gen4dp|1721\n|teamsize|p1|6\n|teamsize|p2|6\n|gen|9\n|tier|[Gen 9] VGC 2024 Reg H\n|rated|\n|rule|Species Clause: Limit one of each Pok\u00e9mon\n|rule|Item Clause: Limit 1 of each item\n|clearpoke\n|poke|p1|Garchomp, L50, M|\n|poke|p1|Amoonguss, L50, M|\n|poke|p1|Gholdengo, L50|\n|poke|p1|Kilowattrel, L50, M|\n|poke|p1|Tyranitar, L50, M|\n|poke|p1|Sneasler, L50, F|\n|poke|p2|Baxcalibur, L50, F|\n|poke|p2|Kilowattrel, L50, F|\n|poke|p2|Granbull, L50, F|\n|poke|p2|Gardevoir, L50, F|\n|poke|p2|Magmortar, L50, F|\n|poke|p2|Gholdengo, L50|\n|teampreview|4\n|inactive|Battle timer is ON: inactive players will automatically lose when time's up. (requested by chin8)\n|\n|t:|1731345447\n|start\n|switch|p1a: Kilowattrel|Kilowattrel, L50, M|100\/100\n|switch|p1b: Tyranitar|Tyranitar, L50, M|100\/100\n|switch|p2a: Kilowattrel|Kilowattrel, L50, F|100\/100\n|switch|p2b: Baxcalibur|Baxcalibur, L50, F|100\/100\n|-weather|Sandstorm|[from] ability: Sand Stream|[of] p1b: Tyranitar\n|turn|1\n|\n|t:|1731345464\n|-terastallize|p2b: Baxcalibur|Ground\n|move|p1a: Kilowattrel|Tailwind|p1a: Kilowattrel\n|-sidestart|p1: urmomtest|move: Tailwind\n|move|p2a: Kilowattrel|Thunderbolt|p1a: Kilowattrel\n|-damage|p1a: Kilowattrel|22\/100\n|move|p1b: Tyranitar|Rock Slide|p2a: Kilowattrel|[spread] p2a,p2b\n|-supereffective|p2a: Kilowattrel\n|-resisted|p2b: Baxcalibur\n|-enditem|p2a: Kilowattrel|Focus Sash\n|-damage|p2a: Kilowattrel|1\/100\n|-damage|p2b: Baxcalibur|86\/100\n|cant|p2b: Baxcalibur|flinch\n|\n|-weather|Sandstorm|[upkeep]\n|-damage|p1a: Kilowattrel|16\/100|[from] Sandstorm\n|-damage|p2a: Kilowattrel|0 fnt|[from] Sandstorm\n|faint|p2a: Kilowattrel\n|upkeep\n|\n|t:|1731345471\n|switch|p2a: Granbull|Granbull, L50, F|100\/100\n|-ability|p2a: Granbull|Intimidate|boost\n|-unboost|p1a: Kilowattrel|atk|1\n|-ability|p1a: Kilowattrel|Competitive|boost\n|-boost|p1a: Kilowattrel|spa|2\n|-unboost|p1b: Tyranitar|atk|1\n|turn|2\n|\n|t:|1731345490\n|switch|p2a: Gholdengo|Gholdengo, L50|100\/100\n|-terastallize|p1b: Tyranitar|Flying\n|move|p2b: Baxcalibur|Ice Shard|p1a: Kilowattrel\n|-supereffective|p1a: Kilowattrel\n|-damage|p1a: Kilowattrel|0 fnt\n|faint|p1a: Kilowattrel\n|move|p1b: Tyranitar|Knock Off|p2b: Baxcalibur\n|-damage|p2b: Baxcalibur|50\/100\n|-enditem|p2b: Baxcalibur|Assault Vest|[from] move: Knock Off|[of] p1b: Tyranitar\n|\n|-weather|Sandstorm|[upkeep]\n|-damage|p1b: Tyranitar|95\/100|[from] Sandstorm\n|upkeep\n|\n|t:|1731345501\n|switch|p1a: Gholdengo|Gholdengo, L50|100\/100\n|turn|3\n|\n|t:|1731345512\n|move|p2a: Gholdengo|Protect|p2a: Gholdengo\n|-singleturn|p2a: Gholdengo|Protect\n|move|p1a: Gholdengo|Make It Rain|p2a: Gholdengo|[spread] p2b\n|-activate|p2a: Gholdengo|move: Protect\n|-damage|p2b: Baxcalibur|13\/100\n|-unboost|p1a: Gholdengo|spa|1\n|move|p1b: Tyranitar|Knock Off|p2a: Gholdengo\n|-activate|p2a: Gholdengo|move: Protect\n|move|p2b: Baxcalibur|Earthquake|p1b: Tyranitar|[spread] p1a\n|-activate|p2a: Gholdengo|move: Protect\n|-immune|p1b: Tyranitar\n|-supereffective|p1a: Gholdengo\n|-damage|p1a: Gholdengo|28\/100\n|\n|-weather|Sandstorm|[upkeep]\n|-damage|p1b: Tyranitar|89\/100|[from] Sandstorm\n|-heal|p1a: Gholdengo|34\/100|[from] item: Leftovers\n|upkeep\n|turn|4\n|\n|t:|1731345537\n|switch|p1b: Sneasler|Sneasler, L50, F|100\/100\n|move|p2b: Baxcalibur|Ice Shard|p1b: Sneasler\n|-damage|p1b: Sneasler|62\/100\n|move|p1a: Gholdengo|Make It Rain|p2b: Baxcalibur|[spread] p2a,p2b\n|-resisted|p2a: Gholdengo\n|-crit|p2a: Gholdengo\n|-damage|p2a: Gholdengo|68\/100\n|-damage|p2b: Baxcalibur|0 fnt\n|-unboost|p1a: Gholdengo|spa|1\n|faint|p2b: Baxcalibur\n|move|p2a: Gholdengo|Nasty Plot|p2a: Gholdengo\n|-boost|p2a: Gholdengo|spa|2\n|\n|-weather|Sandstorm|[upkeep]\n|-damage|p1b: Sneasler|56\/100|[from] Sandstorm\n|-heal|p1a: Gholdengo|40\/100|[from] item: Leftovers\n|-heal|p2a: Gholdengo|74\/100|[from] item: Leftovers\n|-sideend|p1: urmomtest|move: Tailwind\n|upkeep\n|\n|t:|1731345540\n|switch|p2b: Granbull|Granbull, L50, F|100\/100\n|-ability|p2b: Granbull|Intimidate|boost\n|-unboost|p1a: Gholdengo|atk|1\n|-unboost|p1b: Sneasler|atk|1\n|-enditem|p1b: Sneasler|White Herb\n|-clearnegativeboost|p1b: Sneasler|[silent]\n|turn|5\n|\n|t:|1731345559\n|move|p1b: Sneasler|Protect|p1b: Sneasler\n|-singleturn|p1b: Sneasler|Protect\n|move|p2b: Granbull|Protect|p2b: Granbull\n|-singleturn|p2b: Granbull|Protect\n|move|p1a: Gholdengo|Make It Rain|p2b: Granbull|[spread] p2a\n|-activate|p2b: Granbull|move: Protect\n|-resisted|p2a: Gholdengo\n|-damage|p2a: Gholdengo|63\/100\n|-unboost|p1a: Gholdengo|spa|1\n|move|p2a: Gholdengo|Make It Rain|p1a: Gholdengo|[spread] p1a\n|-activate|p1b: Sneasler|move: Protect\n|-resisted|p1a: Gholdengo\n|-damage|p1a: Gholdengo|0 fnt\n|-unboost|p2a: Gholdengo|spa|1\n|faint|p1a: Gholdengo\n|\n|-weather|none\n|-heal|p2a: Gholdengo|70\/100|[from] item: Leftovers\n|upkeep\n|\n|t:|1731345563\n|switch|p1a: Tyranitar|Tyranitar, L50, M, tera:Flying|89\/100\n|-weather|Sandstorm|[from] ability: Sand Stream|[of] p1a: Tyranitar\n|turn|6\n|\n|t:|1731345571\n|move|p1b: Sneasler|Dire Claw|p2b: Granbull\n|-supereffective|p2b: Granbull\n|-damage|p2b: Granbull|0 fnt\n|faint|p2b: Granbull\n|move|p2a: Gholdengo|Make It Rain|p1a: Tyranitar|[spread] p1a,p1b\n|-crit|p1a: Tyranitar\n|-damage|p1a: Tyranitar|19\/100\n|-damage|p1b: Sneasler|0 fnt\n|-unboost|p2a: Gholdengo|spa|1\n|faint|p1b: Sneasler\n|move|p1a: Tyranitar|Knock Off|p2a: Gholdengo\n|-supereffective|p2a: Gholdengo\n|-damage|p2a: Gholdengo|0 fnt\n|-enditem|p2a: Gholdengo|Leftovers|[from] move: Knock Off|[of] p1a: Tyranitar\n|faint|p2a: Gholdengo\n|\n|win|urmomtest\n|raw|urmomtest's rating: 1726 &rarr; <strong>1746<\/strong><br \/>(+20 for winning)\n|raw|chin8's rating: 1721 &rarr; <strong>1701<\/strong><br \/>(-20 for losing)\n|l|\u2606chin8\n|player|p2|\n","uploadtime":1731345819,"views":38,"formatid":"gen9vgc2024regh","rating":1701,"private":0,"password":null}