{"id":"gen9vgc2024regh-2241803557","format":"[Gen 9] VGC 2024 Reg H","players":["dayron91","urmomtest"],"log":"|j|\u2606dayron91\n|j|\u203durmomtest\n|t:|1731344610\n|gametype|doubles\n|player|p1|dayron91|dragontamer|1726\n|player|p2|urmomtest|riley|1705\n|teamsize|p1|6\n|teamsize|p2|6\n|gen|9\n|tier|[Gen 9] VGC 2024 Reg H\n|rated|\n|rule|Species Clause: Limit one of each Pok\u00e9mon\n|rule|Item Clause: Limit 1 of each item\n|clearpoke\n|poke|p1|Archaludon, L50, F|\n|poke|p1|Whimsicott, L50, M|\n|poke|p1|Incineroar, L50, M|\n|poke|p1|Rillaboom, L50, F|\n|poke|p1|Basculegion, L50, M|\n|poke|p1|Annihilape, L50, F|\n|poke|p2|Garchomp, L50, M|\n|poke|p2|Amoonguss, L50, M|\n|poke|p2|Gholdengo, L50|\n|poke|p2|Kilowattrel, L50, M|\n|poke|p2|Tyranitar, L50, F|\n|poke|p2|Sneasler, L50, F|\n|teampreview|4\n|j| bluestraggler03\n|\n|t:|1731344635\n|start\n|switch|p1a: Whimsicott|Whimsicott, L50, M|100\/100\n|switch|p1b: Annihilape|Annihilape, L50, F|100\/100\n|switch|p2a: Kilowattrel|Kilowattrel, L50, M|100\/100\n|switch|p2b: Amoonguss|Amoonguss, L50, M|100\/100\n|turn|1\n|j| BBT NightWing\n|\n|t:|1731344661\n|-terastallize|p1b: Annihilape|Fire\n|move|p2a: Kilowattrel|Tailwind|p2a: Kilowattrel\n|-sidestart|p2: urmomtest|move: Tailwind\n|move|p1a: Whimsicott|Beat Up|p1b: Annihilape\n|-damage|p1b: Annihilape|99\/100\n|-damage|p1b: Annihilape|97\/100\n|-damage|p1b: Annihilape|94\/100\n|-damage|p1b: Annihilape|92\/100\n|-hitcount|p1b: Annihilape|4\n|move|p1b: Annihilape|Rage Fist|p2b: Amoonguss\n|-damage|p2b: Amoonguss|0 fnt\n|faint|p2b: Amoonguss\n|\n|upkeep\n|\n|t:|1731344669\n|switch|p2b: Sneasler|Sneasler, L50, F|100\/100\n|turn|2\n|\n|t:|1731344690\n|move|p2b: Sneasler|Fake Out|p1b: Annihilape\n|-damage|p1b: Annihilape|77\/100\n|move|p1a: Whimsicott|Tailwind|p1a: Whimsicott\n|-sidestart|p1: dayron91|move: Tailwind\n|move|p2a: Kilowattrel|Air Slash|p1a: Whimsicott\n|-supereffective|p1a: Whimsicott\n|-enditem|p1a: Whimsicott|Focus Sash\n|-damage|p1a: Whimsicott|1\/100\n|cant|p1b: Annihilape|flinch\n|\n|upkeep\n|turn|3\n|inactive|Battle timer is ON: inactive players will automatically lose when time's up. (requested by urmomtest)\n|\n|t:|1731344711\n|switch|p1a: Archaludon|Archaludon, L50, F|100\/100\n|move|p2a: Kilowattrel|Thunderbolt|p1b: Annihilape\n|-crit|p1b: Annihilape\n|-damage|p1b: Annihilape|20\/100\n|move|p1b: Annihilape|Rage Fist|p2b: Sneasler\n|-damage|p2b: Sneasler|0 fnt\n|faint|p2b: Sneasler\n|\n|upkeep\n|\n|t:|1731344723\n|switch|p2b: Gholdengo|Gholdengo, L50|100\/100\n|turn|4\n|inactive|dayron91 has 30 seconds left.\n|\n|t:|1731344749\n|switch|p1b: Whimsicott|Whimsicott, L50, M|1\/100\n|move|p2a: Kilowattrel|Thunderbolt|p1b: Whimsicott\n|-resisted|p1b: Whimsicott\n|-damage|p1b: Whimsicott|0 fnt\n|faint|p1b: Whimsicott\n|move|p2b: Gholdengo|Nasty Plot|p2b: Gholdengo\n|-boost|p2b: Gholdengo|spa|2\n|move|p1a: Archaludon|Snarl|p2a: Kilowattrel|[spread] \n|-miss|p1a: Archaludon|p2a: Kilowattrel\n|-miss|p1a: Archaludon|p2b: Gholdengo\n|\n|-sideend|p2: urmomtest|move: Tailwind\n|upkeep\n|\n|t:|1731344772\n|switch|p1b: Incineroar|Incineroar, L50, M|100\/100\n|-ability|p1b: Incineroar|Intimidate|boost\n|-unboost|p2a: Kilowattrel|atk|1\n|-ability|p2a: Kilowattrel|Competitive|boost\n|-boost|p2a: Kilowattrel|spa|2\n|-unboost|p2b: Gholdengo|atk|1\n|turn|5\n|\n|t:|1731344791\n|move|p2a: Kilowattrel|Protect|p2a: Kilowattrel\n|-singleturn|p2a: Kilowattrel|Protect\n|move|p2b: Gholdengo|Protect|p2b: Gholdengo\n|-singleturn|p2b: Gholdengo|Protect\n|move|p1a: Archaludon|Dragon Pulse|p2a: Kilowattrel\n|-activate|p2a: Kilowattrel|move: Protect\n|move|p1b: Incineroar|Knock Off|p2a: Kilowattrel\n|-activate|p2a: Kilowattrel|move: Protect\n|\n|-sideend|p1: dayron91|move: Tailwind\n|upkeep\n|turn|6\n|\n|t:|1731344812\n|move|p2a: Kilowattrel|Thunderbolt|p1b: Incineroar\n|-damage|p1b: Incineroar|30\/100\n|move|p2b: Gholdengo|Make It Rain|p1a: Archaludon|[spread] p1a,p1b\n|-resisted|p1a: Archaludon\n|-resisted|p1b: Incineroar\n|-damage|p1a: Archaludon|69\/100\n|-damage|p1b: Incineroar|0 fnt\n|-unboost|p2b: Gholdengo|spa|1\n|-ability|p1a: Archaludon|Stamina|boost\n|-boost|p1a: Archaludon|def|1\n|faint|p1b: Incineroar\n|move|p1a: Archaludon|Dragon Pulse|p2a: Kilowattrel\n|-damage|p2a: Kilowattrel|36\/100\n|\n|upkeep\n|\n|t:|1731344826\n|switch|p1b: Annihilape|Annihilape, L50, F, tera:Fire|20\/100\n|turn|7\n|inactive|urmomtest has 30 seconds left.\n|\n|t:|1731344863\n|move|p2a: Kilowattrel|Thunderbolt|p1b: Annihilape\n|-damage|p1b: Annihilape|0 fnt\n|faint|p1b: Annihilape\n|move|p2b: Gholdengo|Make It Rain|p1a: Archaludon\n|-resisted|p1a: Archaludon\n|-damage|p1a: Archaludon|38\/100\n|-unboost|p2b: Gholdengo|spa|1\n|-ability|p1a: Archaludon|Stamina|boost\n|-boost|p1a: Archaludon|def|1\n|move|p1a: Archaludon|Dragon Pulse|p2a: Kilowattrel\n|-damage|p2a: Kilowattrel|0 fnt\n|faint|p2a: Kilowattrel\n|\n|upkeep\n|turn|8\n|l| bluestraggler03\n|\n|t:|1731344879\n|move|p2b: Gholdengo|Shadow Ball|p1a: Archaludon\n|-damage|p1a: Archaludon|11\/100\n|-ability|p1a: Archaludon|Stamina|boost\n|-boost|p1a: Archaludon|def|1\n|move|p1a: Archaludon|Snarl|p2b: Gholdengo\n|-supereffective|p2b: Gholdengo\n|-damage|p2b: Gholdengo|71\/100\n|-unboost|p2b: Gholdengo|spa|1\n|\n|-heal|p2b: Gholdengo|78\/100|[from] item: Leftovers\n|upkeep\n|turn|9\n|\n|t:|1731344891\n|move|p2b: Gholdengo|Shadow Ball|p1a: Archaludon\n|-crit|p1a: Archaludon\n|-damage|p1a: Archaludon|0 fnt\n|faint|p1a: Archaludon\n|\n|win|urmomtest\n|raw|dayron91's rating: 1726 &rarr; <strong>1705<\/strong><br \/>(-21 for losing)\n|raw|urmomtest's rating: 1705 &rarr; <strong>1726<\/strong><br \/>(+21 for winning)\n|l|\u2606dayron91\n|player|p1|\n|l|\u203durmomtest\n|player|p2|\n|l| BBT NightWing\n","uploadtime":1731345119,"views":37,"formatid":"gen9vgc2024regh","rating":1705,"private":0,"password":null}