{"id":"gen9vgc2024regh-2241908931","format":"[Gen 9] VGC 2024 Reg H","players":["bwahacough","SuminVGC"],"log":"|j|\u2606bwahacough\n|j|\u2606SuminVGC\n|t:|1731355254\n|gametype|doubles\n|player|p1|bwahacough|medium|1735\n|player|p2|SuminVGC|265|1648\n|teamsize|p1|6\n|teamsize|p2|6\n|gen|9\n|tier|[Gen 9] VGC 2024 Reg H\n|rated|\n|rule|Species Clause: Limit one of each Pok\u00e9mon\n|rule|Item Clause: Limit 1 of each item\n|clearpoke\n|poke|p1|Lycanroc, L50, M|\n|poke|p1|Tyranitar, L50, F|\n|poke|p1|Indeedee-F, L50, F|\n|poke|p1|Sneasler, L50, M|\n|poke|p1|Volcarona, L50, M|\n|poke|p1|Murkrow, L50, F|\n|poke|p2|Politoed, L50, M|\n|poke|p2|Gothitelle, L50, F|\n|poke|p2|Incineroar, L50, M|\n|poke|p2|Basculegion, L50, M|\n|poke|p2|Archaludon, L50, F|\n|poke|p2|Ursaluna, L50, M|\n|teampreview|4\n|\n|t:|1731355274\n|start\n|switch|p1a: Volcarona|Volcarona, L50, M|100\/100\n|switch|p1b: Indeedee|Indeedee-F, L50, F, shiny|100\/100\n|switch|p2a: Politoed|Politoed, L50, M|100\/100\n|switch|p2b: Gothitelle|Gothitelle, L50, F|100\/100\n|-fieldstart|move: Psychic Terrain|[from] ability: Psychic Surge|[of] p1b: Indeedee\n|-weather|RainDance|[from] ability: Drizzle|[of] p2a: Politoed\n|turn|1\n|\n|t:|1731355291\n|-terastallize|p1a: Volcarona|Grass\n|move|p1b: Indeedee|Protect|p1b: Indeedee\n|-singleturn|p1b: Indeedee|Protect\n|move|p1a: Volcarona|Quiver Dance|p1a: Volcarona\n|-boost|p1a: Volcarona|spa|1\n|-boost|p1a: Volcarona|spd|1\n|-boost|p1a: Volcarona|spe|1\n|move|p2a: Politoed|Perish Song|p2a: Politoed\n|-start|p1a: Volcarona|perish3|[silent]\n|-start|p1b: Indeedee|perish3|[silent]\n|-start|p2a: Politoed|perish3|[silent]\n|-start|p2b: Gothitelle|perish3|[silent]\n|-fieldactivate|move: Perish Song\n|move|p2b: Gothitelle|Trick Room|p2b: Gothitelle\n|-fieldstart|move: Trick Room|[of] p2b: Gothitelle\n|\n|-weather|RainDance|[upkeep]\n|-start|p2b: Gothitelle|perish3\n|-start|p2a: Politoed|perish3\n|-start|p1b: Indeedee|perish3\n|-start|p1a: Volcarona|perish3\n|upkeep\n|turn|2\n|\n|t:|1731355305\n|switch|p2a: Incineroar|Incineroar, L50, M|100\/100\n|-ability|p2a: Incineroar|Intimidate|boost\n|-unboost|p1a: Volcarona|atk|1\n|-unboost|p1b: Indeedee|atk|1\n|move|p2b: Gothitelle|Protect|p2b: Gothitelle\n|-singleturn|p2b: Gothitelle|Protect\n|move|p1b: Indeedee|Psychic|p2b: Gothitelle\n|-activate|p2b: Gothitelle|move: Protect\n|move|p1a: Volcarona|Giga Drain|p2b: Gothitelle\n|-activate|p2b: Gothitelle|move: Protect\n|\n|-weather|RainDance|[upkeep]\n|-start|p2b: Gothitelle|perish2\n|-start|p1b: Indeedee|perish2\n|-start|p1a: Volcarona|perish2\n|upkeep\n|turn|3\n|\n|t:|1731355321\n|switch|p2b: Politoed|Politoed, L50, M|100\/100\n|move|p2a: Incineroar|Parting Shot|p1a: Volcarona\n|-unboost|p1a: Volcarona|atk|1\n|-unboost|p1a: Volcarona|spa|1\n|\n|t:|1731355327\n|switch|p2a: Gothitelle|Gothitelle, L50, F|100\/100|[from] Parting Shot\n|move|p1b: Indeedee|Psychic|p2b: Politoed\n|-damage|p2b: Politoed|67\/100\n|move|p1a: Volcarona|Giga Drain|p2b: Politoed\n|-supereffective|p2b: Politoed\n|-damage|p2b: Politoed|0 fnt\n|faint|p2b: Politoed\n|\n|-weather|RainDance|[upkeep]\n|-start|p1b: Indeedee|perish1\n|-start|p1a: Volcarona|perish1\n|upkeep\n|\n|t:|1731355339\n|switch|p2b: Ursaluna|Ursaluna, L50, M|100\/100\n|turn|4\n|\n|t:|1731355343\n|move|p2b: Ursaluna|Protect|p2b: Ursaluna\n|-singleturn|p2b: Ursaluna|Protect\n|move|p2a: Gothitelle|Protect|p2a: Gothitelle\n|-singleturn|p2a: Gothitelle|Protect\n|move|p1b: Indeedee|Follow Me|p1b: Indeedee\n|-singleturn|p1b: Indeedee|move: Follow Me\n|move|p1a: Volcarona|Heat Wave|p2a: Gothitelle|[spread] \n|-activate|p2a: Gothitelle|move: Protect\n|-activate|p2b: Ursaluna|move: Protect\n|\n|-weather|RainDance|[upkeep]\n|-start|p1b: Indeedee|perish0\n|-start|p1a: Volcarona|perish0\n|faint|p1b: Indeedee\n|faint|p1a: Volcarona\n|-status|p2b: Ursaluna|brn|[from] item: Flame Orb\n|upkeep\n|\n|t:|1731355345\n|switch|p1b: Lycanroc|Lycanroc, L50, M|100\/100\n|switch|p1a: Tyranitar|Tyranitar, L50, F|100\/100\n|-weather|Sandstorm|[from] ability: Sand Stream|[of] p1a: Tyranitar\n|turn|5\n|\n|t:|1731355370\n|switch|p2a: Incineroar|Incineroar, L50, M|100\/100\n|-ability|p2a: Incineroar|Intimidate|boost\n|-fail|p1a: Tyranitar|unboost|[from] item: Clear Amulet|[of] p1a: Tyranitar\n|-unboost|p1b: Lycanroc|atk|1\n|-terastallize|p2b: Ursaluna|Ghost\n|move|p1a: Tyranitar|Protect|p1a: Tyranitar\n|-singleturn|p1a: Tyranitar|Protect\n|move|p2b: Ursaluna|Headlong Rush|p1a: Tyranitar\n|-activate|p1a: Tyranitar|move: Protect\n|move|p1b: Lycanroc|Rock Slide|p2b: Ursaluna|[spread] p2a,p2b\n|-supereffective|p2a: Incineroar\n|-damage|p2a: Incineroar|64\/100\n|-damage|p2b: Ursaluna|87\/100 brn\n|\n|-weather|Sandstorm|[upkeep]\n|-damage|p2b: Ursaluna|81\/100 brn|[from] Sandstorm\n|-damage|p2b: Ursaluna|75\/100 brn|[from] brn\n|-fieldend|move: Trick Room\n|-fieldend|move: Psychic Terrain\n|upkeep\n|turn|6\n|\n|t:|1731355392\n|move|p1a: Tyranitar|Protect||[still]\n|-fail|p1a: Tyranitar\n|move|p2a: Incineroar|Fake Out|p1a: Tyranitar\n|-resisted|p1a: Tyranitar\n|-damage|p1a: Tyranitar|96\/100\n|move|p1b: Lycanroc|Close Combat|p2a: Incineroar\n|-supereffective|p2a: Incineroar\n|-damage|p2a: Incineroar|12\/100\n|-unboost|p1b: Lycanroc|def|1\n|-unboost|p1b: Lycanroc|spd|1\n|move|p2b: Ursaluna|Headlong Rush|p1a: Tyranitar\n|-supereffective|p1a: Tyranitar\n|-damage|p1a: Tyranitar|0 fnt\n|-unboost|p2b: Ursaluna|def|1\n|-unboost|p2b: Ursaluna|spd|1\n|faint|p1a: Tyranitar\n|\n|-weather|Sandstorm|[upkeep]\n|-damage|p2b: Ursaluna|69\/100 brn|[from] Sandstorm\n|-damage|p2b: Ursaluna|63\/100 brn|[from] brn\n|upkeep\n|turn|7\n|\n|t:|1731355406\n|move|p2b: Ursaluna|Protect|p2b: Ursaluna\n|-singleturn|p2b: Ursaluna|Protect\n|move|p1b: Lycanroc|Rock Slide|p2b: Ursaluna|[spread] p2a\n|-activate|p2b: Ursaluna|move: Protect\n|-supereffective|p2a: Incineroar\n|-damage|p2a: Incineroar|0 fnt\n|faint|p2a: Incineroar\n|\n|-weather|Sandstorm|[upkeep]\n|-damage|p2b: Ursaluna|57\/100 brn|[from] Sandstorm\n|-damage|p2b: Ursaluna|52\/100 brn|[from] brn\n|upkeep\n|\n|t:|1731355408\n|switch|p2a: Gothitelle|Gothitelle, L50, F|100\/100\n|turn|8\n|\n|t:|1731355412\n|move|p2a: Gothitelle|Fake Out|p1b: Lycanroc\n|-resisted|p1b: Lycanroc\n|-damage|p1b: Lycanroc|94\/100\n|cant|p1b: Lycanroc|flinch\n|move|p2b: Ursaluna|Headlong Rush|p1b: Lycanroc\n|-supereffective|p1b: Lycanroc\n|-damage|p1b: Lycanroc|0 fnt\n|-unboost|p2b: Ursaluna|def|1\n|-unboost|p2b: Ursaluna|spd|1\n|faint|p1b: Lycanroc\n|\n|win|SuminVGC\n|raw|bwahacough's rating: 1735 &rarr; <strong>1710<\/strong><br \/>(-25 for losing)\n|raw|SuminVGC's rating: 1648 &rarr; <strong>1673<\/strong><br \/>(+25 for winning)\n|l|\u2606bwahacough\n|player|p1|\n|l|\u2606SuminVGC\n|player|p2|\n","uploadtime":1731355622,"views":36,"formatid":"gen9vgc2024regh","rating":1673,"private":0,"password":null}