{"id":"gen9vgc2024regh-2241877981","format":"[Gen 9] VGC 2024 Reg H","players":["Zordor","vgclth souly"],"log":"|raw|<div class=\"broadcast-blue\"><strong>This battle is required to be public due to a player having a name starting with 'vgclth'.<\/div>\n|j|\u2606Zordor\n|j|\u2606vgclth souly\n|t:|1731352156\n|gametype|doubles\n|player|p1|Zordor|pilot|1687\n|player|p2|vgclth souly|hero-conquest|1652\n|teamsize|p1|6\n|teamsize|p2|6\n|gen|9\n|tier|[Gen 9] VGC 2024 Reg H\n|rated|\n|rule|Species Clause: Limit one of each Pok\u00e9mon\n|rule|Item Clause: Limit 1 of each item\n|clearpoke\n|poke|p1|Rotom-Wash, L50|\n|poke|p1|Sneasler, L50, F|\n|poke|p1|Kingambit, L50, M|\n|poke|p1|Armarouge, L50, M|\n|poke|p1|Dragapult, L50, F|\n|poke|p1|Venusaur, L50, F|\n|poke|p2|Sneasler, L50, F|\n|poke|p2|Incineroar, L50, F|\n|poke|p2|Amoonguss, L50, M|\n|poke|p2|Basculegion, L50, M|\n|poke|p2|Kingambit, L50, M|\n|poke|p2|Ursaluna-Bloodmoon, L50, M|\n|teampreview|4\nvgclth souly has agreed to open team sheets.\n|inactive|Battle timer is ON: inactive players will automatically lose when time's up. (requested by vgclth souly)\n|\n|t:|1731352223\n|start\n|switch|p1a: Rotom|Rotom-Wash, L50|100\/100\n|switch|p1b: Kingambit|Kingambit, L50, M, shiny|100\/100\n|switch|p2a: Sneasler|Sneasler, L50, F|100\/100\n|switch|p2b: Ursaluna|Ursaluna-Bloodmoon, L50, M|100\/100\n|turn|1\n|\n|t:|1731352238\n|move|p1a: Rotom|Protect|p1a: Rotom\n|-singleturn|p1a: Rotom|Protect\n|move|p1b: Kingambit|Protect|p1b: Kingambit\n|-singleturn|p1b: Kingambit|Protect\n|move|p2a: Sneasler|Fake Out|p1a: Rotom\n|-activate|p1a: Rotom|move: Protect\n|move|p2b: Ursaluna|Blood Moon|p1a: Rotom\n|-activate|p1a: Rotom|move: Protect\n|\n|upkeep\n|turn|2\n|\n|t:|1731352254\n|-terastallize|p1b: Kingambit|Flying\n|-terastallize|p2b: Ursaluna|Poison\n|move|p2a: Sneasler|Protect|p2a: Sneasler\n|-singleturn|p2a: Sneasler|Protect\n|move|p1a: Rotom|Will-O-Wisp|p2a: Sneasler\n|-activate|p2a: Sneasler|move: Protect\n|move|p1b: Kingambit|Throat Chop|p2b: Ursaluna\n|-damage|p2b: Ursaluna|70\/100\n|-start|p2b: Ursaluna|Throat Chop|[silent]\n|cant|p2b: Ursaluna|move: Throat Chop\n|\n|upkeep\n|turn|3\n|inactive|vgclth souly has 30 seconds left.\n|inactive|vgclth souly has 20 seconds left.\n|inactive|vgclth souly has 15 seconds left.\n|inactive|vgclth souly has 10 seconds left.\n|\n|t:|1731352302\n|switch|p2b: Amoonguss|Amoonguss, L50, M|100\/100\n|move|p2a: Sneasler|Dire Claw|p1a: Rotom\n|-damage|p1a: Rotom|54\/100\n|-status|p1a: Rotom|psn|[from] ability: Poison Touch|[of] p2a: Sneasler\n|move|p1a: Rotom|Electroweb|p2b: Amoonguss|[spread] p2a,p2b\n|-resisted|p2b: Amoonguss\n|-damage|p2a: Sneasler|81\/100\n|-damage|p2b: Amoonguss|94\/100\n|-unboost|p2a: Sneasler|spe|1\n|-unboost|p2b: Amoonguss|spe|1\n|move|p1b: Kingambit|Iron Head|p2b: Amoonguss\n|-damage|p2b: Amoonguss|61\/100\n|\n|-damage|p1a: Rotom|42\/100 psn|[from] psn\n|upkeep\n|turn|4\n|inactive|Zordor has 30 seconds left.\n|inactive|vgclth souly has 30 seconds left.\n|j| DonShitDozo\n|inactive|vgclth souly has 20 seconds left.\n|inactive|vgclth souly has 15 seconds left.\n|\n|t:|1731352344\n|switch|p1b: Venusaur|Venusaur, L50, F|100\/100\n|move|p1a: Rotom|Will-O-Wisp|p2a: Sneasler\n|-status|p2a: Sneasler|brn\n|move|p2a: Sneasler|Dire Claw|p1b: Venusaur\n|-crit|p1b: Venusaur\n|-damage|p1b: Venusaur|62\/100\n|move|p2b: Amoonguss|Spore|p1b: Venusaur\n|-immune|p1b: Venusaur\n|\n|-heal|p1b: Venusaur|69\/100|[from] item: Leftovers\n|-damage|p1a: Rotom|29\/100 psn|[from] psn\n|-damage|p2a: Sneasler|75\/100 brn|[from] brn\n|upkeep\n|turn|5\n|inactive|vgclth souly has 30 seconds left.\n|inactive|vgclth souly has 20 seconds left.\n|inactive|vgclth souly has 15 seconds left.\n|\n|t:|1731352386\n|move|p1a: Rotom|Electroweb|p2b: Amoonguss|[spread] p2a,p2b\n|-crit|p2a: Sneasler\n|-resisted|p2b: Amoonguss\n|-damage|p2a: Sneasler|44\/100 brn\n|-damage|p2b: Amoonguss|55\/100\n|-unboost|p2a: Sneasler|spe|1\n|-unboost|p2b: Amoonguss|spe|1\n|move|p1b: Venusaur|Earth Power|p2a: Sneasler\n|-supereffective|p2a: Sneasler\n|-damage|p2a: Sneasler|0 fnt\n|faint|p2a: Sneasler\n|move|p2b: Amoonguss|Pollen Puff|p2: Sneasler|[notarget]\n|-fail|p2b: Amoonguss\n|\n|-heal|p1b: Venusaur|75\/100|[from] item: Leftovers\n|-damage|p1a: Rotom|17\/100 psn|[from] psn\n|upkeep\n|\n|t:|1731352392\n|switch|p2a: Ursaluna|Ursaluna-Bloodmoon, L50, M, tera:Poison|70\/100\n|turn|6\n|\n|t:|1731352404\n|move|p1b: Venusaur|Protect|p1b: Venusaur\n|-singleturn|p1b: Venusaur|Protect\n|move|p1a: Rotom|Will-O-Wisp|p2b: Amoonguss\n|-status|p2b: Amoonguss|brn\n|move|p2a: Ursaluna|Hyper Voice|p1b: Venusaur|[spread] p1a\n|-activate|p1b: Venusaur|move: Protect\n|-damage|p1a: Rotom|0 fnt\n|faint|p1a: Rotom\n|move|p2b: Amoonguss|Pollen Puff|p2a: Ursaluna\n|-heal|p2a: Ursaluna|100\/100\n|\n|-heal|p1b: Venusaur|81\/100|[from] item: Leftovers\n|-damage|p2b: Amoonguss|49\/100 brn|[from] brn\n|upkeep\n|-enditem|p2b: Amoonguss|Sitrus Berry|[eat]\n|-heal|p2b: Amoonguss|74\/100 brn|[from] item: Sitrus Berry\n|\n|t:|1731352423\n|switch|p1a: Dragapult|Dragapult, L50, F|100\/100\n|turn|7\n|\n|t:|1731352440\n|move|p1a: Dragapult|Psychic Fangs|p2a: Ursaluna\n|-supereffective|p2a: Ursaluna\n|-damage|p2a: Ursaluna|64\/100\n|move|p1b: Venusaur|Earth Power|p2a: Ursaluna\n|-supereffective|p2a: Ursaluna\n|-damage|p2a: Ursaluna|29\/100\n|move|p2a: Ursaluna|Blood Moon|p1b: Venusaur\n|-crit|p1b: Venusaur\n|-damage|p1b: Venusaur|0 fnt\n|faint|p1b: Venusaur\n|move|p2b: Amoonguss|Spore|p1a: Dragapult\n|-status|p1a: Dragapult|slp|[from] move: Spore\n|\n|-damage|p2b: Amoonguss|68\/100 brn|[from] brn\n|upkeep\n|\n|t:|1731352447\n|switch|p1b: Kingambit|Kingambit, L50, M, shiny, tera:Flying|100\/100\n|turn|8\n|\n|t:|1731352464\n|switch|p2a: Incineroar|Incineroar, L50, F|100\/100\n|-ability|p2a: Incineroar|Intimidate|boost\n|-fail|p1a: Dragapult|unboost|[from] ability: Clear Body|[of] p1a: Dragapult\n|-unboost|p1b: Kingambit|atk|1\n|-ability|p1b: Kingambit|Defiant|boost\n|-boost|p1b: Kingambit|atk|2\n|cant|p1a: Dragapult|slp\n|move|p1b: Kingambit|Iron Head|p2b: Amoonguss\n|-damage|p2b: Amoonguss|15\/100 brn\n|move|p2b: Amoonguss|Spore|p1b: Kingambit\n|-status|p1b: Kingambit|slp|[from] move: Spore\n|\n|-damage|p2b: Amoonguss|9\/100 brn|[from] brn\n|upkeep\n|turn|9\n|\n|t:|1731352488\n|cant|p1a: Dragapult|slp\n|cant|p1b: Kingambit|slp\n|move|p2a: Incineroar|Knock Off|p1a: Dragapult\n|-supereffective|p1a: Dragapult\n|-damage|p1a: Dragapult|23\/100 slp\n|-enditem|p1a: Dragapult|Assault Vest|[from] move: Knock Off|[of] p2a: Incineroar\n|move|p2b: Amoonguss|Clear Smog|p1b: Kingambit\n|-damage|p1b: Kingambit|84\/100 slp\n|-clearboost|p1b: Kingambit\n|\n|-damage|p2b: Amoonguss|3\/100 brn|[from] brn\n|upkeep\n|turn|10\n|\n|t:|1731352506\n|switch|p2b: Ursaluna|Ursaluna-Bloodmoon, L50, M, tera:Poison|29\/100\n|-curestatus|p1a: Dragapult|slp|[msg]\n|move|p1a: Dragapult|Phantom Force||[still]\n|-prepare|p1a: Dragapult|Phantom Force\n|-curestatus|p1b: Kingambit|slp|[msg]\n|move|p1b: Kingambit|Iron Head|p2a: Incineroar\n|-resisted|p2a: Incineroar\n|-damage|p2a: Incineroar|83\/100\n|move|p2a: Incineroar|Knock Off|p1a: Dragapult|[miss]\n|-miss|p2a: Incineroar|p1a: Dragapult\n|\n|upkeep\n|turn|11\n|\n|t:|1731352520\n|switch|p2b: Amoonguss|Amoonguss, L50, M|37\/100 brn\n|move|p1a: Dragapult|Phantom Force|p2b: Amoonguss|[from]lockedmove\n|-damage|p2b: Amoonguss|0 fnt\n|faint|p2b: Amoonguss\n|move|p1b: Kingambit|Iron Head|p2a: Incineroar\n|-resisted|p2a: Incineroar\n|-damage|p2a: Incineroar|65\/100\n|move|p2a: Incineroar|Knock Off|p1a: Dragapult\n|-supereffective|p1a: Dragapult\n|-damage|p1a: Dragapult|0 fnt\n|faint|p1a: Dragapult\n|\n|upkeep\n|\n|t:|1731352522\n|switch|p2b: Ursaluna|Ursaluna-Bloodmoon, L50, M, tera:Poison|29\/100\n|turn|12\n|\n|t:|1731352541\n|move|p1b: Kingambit|Protect|p1b: Kingambit\n|-singleturn|p1b: Kingambit|Protect\n|move|p2a: Incineroar|Knock Off|p1b: Kingambit\n|-activate|p1b: Kingambit|move: Protect\n|move|p2b: Ursaluna|Blood Moon|p1b: Kingambit\n|-activate|p1b: Kingambit|move: Protect\n|\n|upkeep\n|turn|13\n|\n|t:|1731352547\n|move|p1b: Kingambit|Iron Head|p2b: Ursaluna\n|-damage|p2b: Ursaluna|2\/100\n|move|p2a: Incineroar|Knock Off|p1b: Kingambit\n|-damage|p1b: Kingambit|55\/100\n|-enditem|p1b: Kingambit|Sitrus Berry|[from] move: Knock Off|[of] p2a: Incineroar\n|cant|p2b: Ursaluna|flinch\n|\n|upkeep\n|turn|14\n|\n|t:|1731352563\n|move|p1b: Kingambit|Throat Chop|p2b: Ursaluna\n|-damage|p2b: Ursaluna|0 fnt\n|faint|p2b: Ursaluna\n|move|p2a: Incineroar|Flare Blitz|p1b: Kingambit\n|-damage|p1b: Kingambit|22\/100\n|-damage|p2a: Incineroar|54\/100|[from] Recoil\n|\n|upkeep\n|turn|15\n|\n|t:|1731352566\n|move|p1b: Kingambit|Iron Head|p2a: Incineroar\n|-resisted|p2a: Incineroar\n|-damage|p2a: Incineroar|36\/100\n|cant|p2a: Incineroar|flinch\n|\n|upkeep\n|turn|16\n|\n|t:|1731352571\n|move|p1b: Kingambit|Iron Head|p2a: Incineroar\n|-resisted|p2a: Incineroar\n|-damage|p2a: Incineroar|20\/100\n|move|p2a: Incineroar|Flare Blitz|p1b: Kingambit\n|-damage|p1b: Kingambit|0 fnt\n|faint|p1b: Kingambit\n|-damage|p2a: Incineroar|13\/100|[from] Recoil\n|\n|win|vgclth souly\n|raw|Zordor's rating: 1687 &rarr; <strong>1665<\/strong><br \/>(-22 for losing)\n|raw|vgclth souly's rating: 1652 &rarr; <strong>1674<\/strong><br \/>(+22 for winning)\n|j| mr pogostick\n|l|\u2606Zordor\n|player|p1|\n|l| mr pogostick\n|l| DonShitDozo\n|l|\u2606vgclth souly\n|player|p2|\n","uploadtime":1731352811,"views":34,"formatid":"gen9vgc2024regh","rating":1665,"private":0,"password":null}