{"id":"gen9vgc2024regh-2241213203","format":"[Gen 9] VGC 2024 Reg H","players":["SHIDMONBADGAME","PirateRoberts77"],"log":"|j|\u2606SHIDMONBADGAME\n|j|\u2606PirateRoberts77\n|t:|1731262391\n|gametype|doubles\n|player|p1|SHIDMONBADGAME|policeman-gen4|1798\n|player|p2|PirateRoberts77|hilbert|1681\n|teamsize|p1|6\n|teamsize|p2|6\n|gen|9\n|tier|[Gen 9] VGC 2024 Reg H\n|rated|\n|rule|Species Clause: Limit one of each Pok\u00e9mon\n|rule|Item Clause: Limit 1 of each item\n|clearpoke\n|poke|p1|Sneasler, L50, M|\n|poke|p1|Indeedee, L50, M|\n|poke|p1|Murkrow, L50, M|\n|poke|p1|Dragapult, L50, F|\n|poke|p1|Delphox, L50, F|\n|poke|p1|Maushold-Four, L50|\n|poke|p2|Torterra, L50, M|\n|poke|p2|Annihilape, L50, M|\n|poke|p2|Armarouge, L50, M|\n|poke|p2|Oranguru, L50, M|\n|poke|p2|Torkoal, L50, F|\n|poke|p2|Sylveon, L50, F|\n|teampreview|4\n|inactive|Battle timer is ON: inactive players will automatically lose when time's up. (requested by PirateRoberts77)\n|inactive|SHIDMONBADGAME also wants the timer to be on.\n|inactive|SHIDMONBADGAME has 60 seconds left.\n|\n|t:|1731262436\n|start\n|switch|p1a: Patrick Bateman|Indeedee, L50, M, shiny|100\/100\n|switch|p1b: Timothy Bryce|Maushold-Four, L50|100\/100\n|switch|p2a: Oranguru|Oranguru, L50, M|100\/100\n|switch|p2b: Annihilape|Annihilape, L50, M|100\/100\n|-fieldstart|move: Psychic Terrain|[from] ability: Psychic Surge|[of] p1a: Patrick Bateman\n|turn|1\n|j| Elv3r G4larga\n|inactive|PirateRoberts77 has 30 seconds left.\n|inactive|PirateRoberts77 has 20 seconds left.\n|\n|t:|1731262471\n|move|p1b: Timothy Bryce|Follow Me|p1b: Timothy Bryce\n|-singleturn|p1b: Timothy Bryce|move: Follow Me\n|move|p2b: Annihilape|Close Combat|p1b: Timothy Bryce\n|-supereffective|p1b: Timothy Bryce\n|-damage|p1b: Timothy Bryce|0 fnt\n|-unboost|p2b: Annihilape|def|1\n|-unboost|p2b: Annihilape|spd|1\n|faint|p1b: Timothy Bryce\n|move|p1a: Patrick Bateman|Imprison|p1a: Patrick Bateman\n|-start|p1a: Patrick Bateman|move: Imprison\n|move|p2a: Oranguru|Encore|p1a: Patrick Bateman\n|-start|p1a: Patrick Bateman|Encore\n|\n|upkeep\n|\n|t:|1731262484\n|switch|p1b: David Van Patten|Delphox, L50, F|100\/100\n|turn|2\n|\n|t:|1731262499\n|switch|p1a: Paul Allen|Sneasler, L50, M, shiny|100\/100\n|-enditem|p1a: Paul Allen|Psychic Seed\n|-boost|p1a: Paul Allen|spd|1|[from] item: Psychic Seed\n|move|p2b: Annihilape|Close Combat|p1b: David Van Patten\n|-resisted|p1b: David Van Patten\n|-damage|p1b: David Van Patten|62\/100\n|-unboost|p2b: Annihilape|def|1\n|-unboost|p2b: Annihilape|spd|1\n|move|p1b: David Van Patten|Expanding Force|p2b: Annihilape|[spread] p2a,p2b\n|-resisted|p2a: Oranguru\n|-supereffective|p2b: Annihilape\n|-damage|p2a: Oranguru|68\/100\n|-damage|p2b: Annihilape|0 fnt\n|faint|p2b: Annihilape\n|-damage|p1b: David Van Patten|52\/100|[from] item: Life Orb\n|move|p2a: Oranguru|Foul Play|p1b: David Van Patten\n|-supereffective|p1b: David Van Patten\n|-crit|p1b: David Van Patten\n|-damage|p1b: David Van Patten|0 fnt\n|faint|p1b: David Van Patten\n|\n|upkeep\n|\n|t:|1731262520\n|switch|p1b: Patrick Bateman|Indeedee, L50, M, shiny|100\/100\n|switch|p2b: Torkoal|Torkoal, L50, F|100\/100\n|-weather|SunnyDay|[from] ability: Drought|[of] p2b: Torkoal\n|turn|3\n|\n|t:|1731262539\n|-terastallize|p1a: Paul Allen|Dark\n|move|p1a: Paul Allen|Throat Chop|p2a: Oranguru\n|-supereffective|p2a: Oranguru\n|-damage|p2a: Oranguru|0 fnt\n|faint|p2a: Oranguru\n|move|p1b: Patrick Bateman|Expanding Force|p2b: Torkoal\n|-damage|p2b: Torkoal|41\/100\n|move|p2b: Torkoal|Heat Wave|p1a: Paul Allen|[spread] p1a,p1b\n|-damage|p1a: Paul Allen|58\/100\n|-damage|p1b: Patrick Bateman|38\/100\n|\n|-weather|SunnyDay|[upkeep]\n|upkeep\n|\n|t:|1731262548\n|switch|p2a: Sylveon|Sylveon, L50, F|100\/100\n|turn|4\n|\n|t:|1731262558\n|move|p1a: Paul Allen|Protect|p1a: Paul Allen\n|-singleturn|p1a: Paul Allen|Protect\n|move|p2a: Sylveon|Detect|p2a: Sylveon\n|-singleturn|p2a: Sylveon|Protect\n|move|p1b: Patrick Bateman|Expanding Force|p2b: Torkoal|[spread] p2b\n|-activate|p2a: Sylveon|move: Protect\n|-damage|p2b: Torkoal|0 fnt\n|faint|p2b: Torkoal\n|\n|-weather|SunnyDay|[upkeep]\n|upkeep\n|turn|5\n|-message|PirateRoberts77 forfeited.\n|\n|win|SHIDMONBADGAME\n|raw|SHIDMONBADGAME's rating: 1798 &rarr; <strong>1812<\/strong><br \/>(+14 for winning)\n|raw|PirateRoberts77's rating: 1681 &rarr; <strong>1667<\/strong><br \/>(-14 for losing)\n|l|\u2606PirateRoberts77\n|player|p2|\n|l|\u2606SHIDMONBADGAME\n|player|p1|\n|l| Elv3r G4larga\n","uploadtime":1731262732,"views":42,"formatid":"gen9vgc2024regh","rating":1667,"private":0,"password":null}