{"id":"gen9vgc2024regh-2241524799","format":"[Gen 9] VGC 2024 Reg H","players":["Grade a type b","winterbreak"],"log":"|j|\u2606Grade a type b\n|j|\u2606winterbreak\n|t:|1731302091\n|gametype|doubles\n|player|p1|Grade a type b|2|1691\n|player|p2|winterbreak|lucas-gen4pt|1779\n|teamsize|p1|6\n|teamsize|p2|6\n|gen|9\n|tier|[Gen 9] VGC 2024 Reg H\n|rated|\n|rule|Species Clause: Limit one of each Pok\u00e9mon\n|rule|Item Clause: Limit 1 of each item\n|clearpoke\n|poke|p1|Whimsicott, L50, F|\n|poke|p1|Tyranitar, L50, F|\n|poke|p1|Ursaluna-Bloodmoon, L50, M|\n|poke|p1|Gholdengo, L50|\n|poke|p1|Dragonite, L50, M|\n|poke|p1|Primarina, L50, F|\n|poke|p2|Primarina, L50, F|\n|poke|p2|Ursaluna-Bloodmoon, L50, M|\n|poke|p2|Gholdengo, L50|\n|poke|p2|Porygon2, L50|\n|poke|p2|Incineroar, L50, F|\n|poke|p2|Annihilape, L50, M|\n|teampreview|4\n|inactive|Battle timer is ON: inactive players will automatically lose when time's up. (requested by Grade a type b)\n|inactive|winterbreak has 60 seconds left.\n|\n|t:|1731302146\n|start\n|switch|p1a: Whimsicott|Whimsicott, L50, F|100\/100\n|switch|p1b: Ursaluna|Ursaluna-Bloodmoon, L50, M|100\/100\n|switch|p2a: Primarina|Primarina, L50, F|100\/100\n|switch|p2b: Annihilape|Annihilape, L50, M|100\/100\n|turn|1\n|\n|t:|1731302155\n|-terastallize|p1b: Ursaluna|Ghost\n|move|p2a: Primarina|Protect|p2a: Primarina\n|-singleturn|p2a: Primarina|Protect\n|move|p1a: Whimsicott|Tailwind|p1a: Whimsicott\n|-sidestart|p1: Grade a type b|move: Tailwind\n|move|p1b: Ursaluna|Blood Moon|p2a: Primarina\n|-activate|p2a: Primarina|move: Protect\n|move|p2b: Annihilape|Drain Punch|p1b: Ursaluna\n|-immune|p1b: Ursaluna\n|\n|upkeep\n|turn|2\n|inactive|winterbreak has 30 seconds left.\n|inactive|winterbreak has 20 seconds left.\n|\n|t:|1731302193\n|switch|p2a: Incineroar|Incineroar, L50, F|100\/100\n|-ability|p2a: Incineroar|Intimidate|boost\n|-unboost|p1a: Whimsicott|atk|1\n|-unboost|p1b: Ursaluna|atk|1\n|move|p1a: Whimsicott|Encore|p2b: Annihilape\n|-start|p2b: Annihilape|Encore\n|move|p1b: Ursaluna|Hyper Voice|p2a: Incineroar|[spread] p2a,p2b\n|-damage|p2a: Incineroar|66\/100\n|-damage|p2b: Annihilape|70\/100\n|-damage|p1b: Ursaluna|91\/100|[from] item: Life Orb\n|move|p2b: Annihilape|Drain Punch|p1b: Ursaluna\n|-immune|p1b: Ursaluna\n|\n|upkeep\n|turn|3\n|inactive|winterbreak has 30 seconds left.\n|\n|t:|1731302223\n|switch|p2b: Gholdengo|Gholdengo, L50|100\/100\n|move|p2a: Incineroar|Protect|p2a: Incineroar\n|-singleturn|p2a: Incineroar|Protect\n|move|p1a: Whimsicott|Moonblast|p2a: Incineroar\n|-activate|p2a: Incineroar|move: Protect\n|move|p1b: Ursaluna|Earth Power|p2a: Incineroar\n|-activate|p2a: Incineroar|move: Protect\n|\n|upkeep\n|turn|4\n|inactive|winterbreak has 30 seconds left.\n|\n|t:|1731302251\n|switch|p1a: Primarina|Primarina, L50, F|100\/100\n|move|p2b: Gholdengo|Shadow Ball|p1b: Ursaluna\n|-supereffective|p1b: Ursaluna\n|-damage|p1b: Ursaluna|0 fnt\n|faint|p1b: Ursaluna\n|move|p2a: Incineroar|Parting Shot|p1a: Primarina\n|-unboost|p1a: Primarina|atk|1\n|-unboost|p1a: Primarina|spa|1\n|\n|t:|1731302265\n|switch|p2a: Annihilape|Annihilape, L50, M|70\/100|[from] Parting Shot\n|\n|-sideend|p1: Grade a type b|move: Tailwind\n|upkeep\n|\n|t:|1731302268\n|switch|p1b: Whimsicott|Whimsicott, L50, F|100\/100\n|turn|5\n|j| Therazer456\n|inactive|winterbreak has 30 seconds left.\n|\n|t:|1731302298\n|move|p2b: Gholdengo|Shadow Ball|p1b: Whimsicott\n|-damage|p1b: Whimsicott|41\/100\n|move|p1b: Whimsicott|Moonblast|p2a: Annihilape\n|-supereffective|p2a: Annihilape\n|-damage|p2a: Annihilape|37\/100\n|move|p1a: Primarina|Moonblast|p2a: Annihilape\n|-supereffective|p2a: Annihilape\n|-damage|p2a: Annihilape|0 fnt\n|faint|p2a: Annihilape\n|\n|upkeep\n|\n|t:|1731302314\n|switch|p2a: Primarina|Primarina, L50, F|100\/100\n|turn|6\n|\n|t:|1731302322\n|move|p1a: Primarina|Protect|p1a: Primarina\n|-singleturn|p1a: Primarina|Protect\n|move|p1b: Whimsicott|Tailwind|p1b: Whimsicott\n|-sidestart|p1: Grade a type b|move: Tailwind\n|move|p2b: Gholdengo|Shadow Ball|p1b: Whimsicott\n|-damage|p1b: Whimsicott|0 fnt\n|faint|p1b: Whimsicott\n|move|p2a: Primarina|Moonblast|p1a: Primarina\n|-activate|p1a: Primarina|move: Protect\n|\n|upkeep\n|\n|t:|1731302328\n|switch|p1b: Gholdengo|Gholdengo, L50|100\/100\n|turn|7\n|\n|t:|1731302348\n|switch|p2b: Incineroar|Incineroar, L50, F|66\/100\n|-ability|p2b: Incineroar|Intimidate|boost\n|-unboost|p1a: Primarina|atk|1\n|-unboost|p1b: Gholdengo|atk|1\n|move|p1b: Gholdengo|Shadow Ball|p2b: Incineroar\n|-resisted|p2b: Incineroar\n|-damage|p2b: Incineroar|45\/100\n|-enditem|p2b: Incineroar|Sitrus Berry|[eat]\n|-heal|p2b: Incineroar|70\/100|[from] item: Sitrus Berry\n|move|p1a: Primarina|Hyper Voice|p2b: Incineroar|[spread] p2a,p2b\n|-resisted|p2a: Primarina\n|-supereffective|p2b: Incineroar\n|-damage|p2a: Primarina|91\/100\n|-damage|p2b: Incineroar|39\/100\n|-enditem|p1a: Primarina|Throat Spray\n|-boost|p1a: Primarina|spa|1|[from] item: Throat Spray\n|move|p2a: Primarina|Moonblast|p1a: Primarina\n|-damage|p1a: Primarina|50\/100\n|\n|upkeep\n|turn|8\n|inactive|winterbreak has 30 seconds left.\n|inactive|winterbreak has 20 seconds left.\n|\n|t:|1731302384\n|move|p1a: Primarina|Protect|p1a: Primarina\n|-singleturn|p1a: Primarina|Protect\n|move|p2b: Incineroar|Fake Out|p1a: Primarina\n|-activate|p1a: Primarina|move: Protect\n|move|p1b: Gholdengo|Shadow Ball|p2a: Primarina\n|-damage|p2a: Primarina|41\/100\n|move|p2a: Primarina|Hyper Voice|p1b: Gholdengo|[spread] p1b\n|-activate|p1a: Primarina|move: Protect\n|-damage|p1b: Gholdengo|54\/100\n|\n|upkeep\n|turn|9\n|inactive|winterbreak has 30 seconds left.\n|\n|t:|1731302418\n|move|p2a: Primarina|Protect|p2a: Primarina\n|-singleturn|p2a: Primarina|Protect\n|move|p1b: Gholdengo|Shadow Ball|p2a: Primarina\n|-activate|p2a: Primarina|move: Protect\n|move|p1a: Primarina|Hyper Voice|p2a: Primarina|[spread] p2b\n|-activate|p2a: Primarina|move: Protect\n|-supereffective|p2b: Incineroar\n|-damage|p2b: Incineroar|0 fnt\n|faint|p2b: Incineroar\n|\n|-sideend|p1: Grade a type b|move: Tailwind\n|upkeep\n|\n|t:|1731302425\n|switch|p2b: Gholdengo|Gholdengo, L50|100\/100\n|turn|10\n|\n|t:|1731302446\n|-terastallize|p2b: Gholdengo|Steel\n|move|p2b: Gholdengo|Shadow Ball|p1b: Gholdengo\n|-supereffective|p1b: Gholdengo\n|-damage|p1b: Gholdengo|0 fnt\n|faint|p1b: Gholdengo\n|move|p1a: Primarina|Moonblast|p2a: Primarina\n|-damage|p2a: Primarina|2\/100\n|move|p2a: Primarina|Moonblast|p1a: Primarina\n|-damage|p1a: Primarina|0 fnt\n|faint|p1a: Primarina\n|\n|win|winterbreak\n|raw|Grade a type b's rating: 1691 &rarr; <strong>1676<\/strong><br \/>(-15 for losing)\n|raw|winterbreak's rating: 1779 &rarr; <strong>1794<\/strong><br \/>(+15 for winning)\n|l|\u2606Grade a type b\n|player|p1|\n|l|\u2606winterbreak\n|player|p2|\n|l| Therazer456\n","uploadtime":1731302606,"views":30,"formatid":"gen9vgc2024regh","rating":1676,"private":0,"password":null}