{"id":"gen9vgc2024regh-2241374282","format":"[Gen 9] VGC 2024 Reg H","players":["californiachrome11","aayushjay"],"log":"|j|\u2606californiachrome11\n|j|\u2606aayushjay\n|t:|1731281506\n|gametype|doubles\n|player|p1|californiachrome11|170|1709\n|player|p2|aayushjay|steven|1668\n|teamsize|p1|6\n|teamsize|p2|6\n|gen|9\n|tier|[Gen 9] VGC 2024 Reg H\n|rated|\n|rule|Species Clause: Limit one of each Pok\u00e9mon\n|rule|Item Clause: Limit 1 of each item\n|clearpoke\n|poke|p1|Incineroar, L50, F|\n|poke|p1|Ursaluna-Bloodmoon, L50, M|\n|poke|p1|Annihilape, L50, M|\n|poke|p1|Gastrodon, L50, F|\n|poke|p1|Malamar, L50, F|\n|poke|p1|Farigiraf, L50, M|\n|poke|p2|Tyranitar, L50, M|\n|poke|p2|Metagross, L50|\n|poke|p2|Bronzong, L50|\n|poke|p2|Excadrill, L50, M|\n|poke|p2|Primarina, L50, F|\n|poke|p2|Smeargle, L50, M|\n|teampreview|4\n|inactive|Battle timer is ON: inactive players will automatically lose when time's up. (requested by aayushjay)\n|\n|t:|1731281529\n|start\n|switch|p1a: Incineroar|Incineroar, L50, F, shiny|100\/100\n|switch|p1b: Farigiraf|Farigiraf, L50, M, shiny|100\/100\n|switch|p2a: Tyranitar|Tyranitar, L50, M|100\/100\n|switch|p2b: Bronzong|Bronzong, L50|100\/100\n|-weather|Sandstorm|[from] ability: Sand Stream|[of] p2a: Tyranitar\n|turn|1\n|j| Mugiwara No Rufi\n|inactive|californiachrome11 has 30 seconds left.\n|\n|t:|1731281558\n|move|p1a: Incineroar|Fake Out|p2a: Tyranitar\n|-resisted|p2a: Tyranitar\n|-damage|p2a: Tyranitar|96\/100\n|cant|p2a: Tyranitar|flinch\n|move|p2b: Bronzong|Iron Defense|p2b: Bronzong\n|-boost|p2b: Bronzong|def|2\n|move|p1b: Farigiraf|Trick Room|p1b: Farigiraf\n|-fieldstart|move: Trick Room|[of] p1b: Farigiraf\n|\n|-weather|Sandstorm|[upkeep]\n|-damage|p1b: Farigiraf|94\/100|[from] Sandstorm\n|-damage|p1a: Incineroar|95\/100|[from] Sandstorm\n|upkeep\n|turn|2\n|\n|t:|1731281578\n|move|p2b: Bronzong|Body Press|p1a: Incineroar\n|-supereffective|p1a: Incineroar\n|-damage|p1a: Incineroar|7\/100\n|-enditem|p1a: Incineroar|Weakness Policy\n|-boost|p1a: Incineroar|atk|2|[from] item: Weakness Policy\n|-boost|p1a: Incineroar|spa|2|[from] item: Weakness Policy\n|move|p1b: Farigiraf|Earthquake|p2a: Tyranitar|[spread] p1a,p2a\n|-immune|p2b: Bronzong|[from] ability: Levitate\n|-supereffective|p1a: Incineroar\n|-supereffective|p2a: Tyranitar\n|-damage|p1a: Incineroar|0 fnt\n|-damage|p2a: Tyranitar|72\/100\n|faint|p1a: Incineroar\n|move|p2a: Tyranitar|Knock Off|p1b: Farigiraf\n|-supereffective|p1b: Farigiraf\n|-damage|p1b: Farigiraf|14\/100\n|-enditem|p1b: Farigiraf|Mental Herb|[from] move: Knock Off|[of] p2a: Tyranitar\n|\n|-weather|Sandstorm|[upkeep]\n|-damage|p1b: Farigiraf|8\/100|[from] Sandstorm\n|upkeep\n|\n|t:|1731281597\n|switch|p1a: Gastrodon|Gastrodon, L50, F|100\/100\n|turn|3\n|\n|t:|1731281619\n|move|p2b: Bronzong|Body Press|p1b: Farigiraf\n|-damage|p1b: Farigiraf|0 fnt\n|faint|p1b: Farigiraf\n|move|p1a: Gastrodon|Ice Beam|p2a: Tyranitar\n|-damage|p2a: Tyranitar|58\/100\n|-damage|p1a: Gastrodon|91\/100|[from] item: Life Orb\n|move|p2a: Tyranitar|Knock Off|p1a: Gastrodon\n|-damage|p1a: Gastrodon|29\/100\n|-enditem|p1a: Gastrodon|Life Orb|[from] move: Knock Off|[of] p2a: Tyranitar\n|\n|-weather|Sandstorm|[upkeep]\n|upkeep\n|\n|t:|1731281631\n|switch|p1b: Ursaluna|Ursaluna-Bloodmoon, L50, M|100\/100\n|turn|4\n|\n|t:|1731281642\n|-terastallize|p1b: Ursaluna|Normal\n|move|p2b: Bronzong|Body Press|p1a: Gastrodon\n|-crit|p1a: Gastrodon\n|-damage|p1a: Gastrodon|0 fnt\n|faint|p1a: Gastrodon\n|move|p1b: Ursaluna|Hyper Voice|p2b: Bronzong|[spread] p2a,p2b\n|-resisted|p2a: Tyranitar\n|-resisted|p2b: Bronzong\n|-damage|p2a: Tyranitar|44\/100\n|-damage|p2b: Bronzong|64\/100\n|move|p2a: Tyranitar|Knock Off|p1b: Ursaluna\n|-damage|p1b: Ursaluna|65\/100\n|-enditem|p1b: Ursaluna|Choice Specs|[from] move: Knock Off|[of] p2a: Tyranitar\n|\n|-weather|Sandstorm|[upkeep]\n|-damage|p1b: Ursaluna|59\/100|[from] Sandstorm\n|-heal|p2b: Bronzong|70\/100|[from] item: Leftovers\n|upkeep\n|turn|5\n|\n|t:|1731281661\n|move|p2b: Bronzong|Body Press|p1b: Ursaluna\n|-supereffective|p1b: Ursaluna\n|-damage|p1b: Ursaluna|0 fnt\n|faint|p1b: Ursaluna\n|\n|win|aayushjay\n|raw|californiachrome11's rating: 1709 &rarr; <strong>1687<\/strong><br \/>(-22 for losing)\n|raw|aayushjay's rating: 1668 &rarr; <strong>1690<\/strong><br \/>(+22 for winning)\n|l| Mugiwara No Rufi\n|l|\u2606aayushjay\n|player|p2|\n|n| Uzbekistangg|californiachrome11\n","uploadtime":1731281830,"views":35,"formatid":"gen9vgc2024regh","rating":1687,"private":0,"password":null}