{"id":"gen9vgc2024regh-2241905412","format":"[Gen 9] VGC 2024 Reg H","players":["dayron91","htotoT"],"log":"|j|\u2606dayron91\n|j|\u2606htotoT\n|t:|1731354894\n|gametype|doubles\n|player|p1|dayron91|dragontamer|1658\n|player|p2|htotoT|101|1754\n|teamsize|p1|6\n|teamsize|p2|6\n|gen|9\n|tier|[Gen 9] VGC 2024 Reg H\n|rated|\n|rule|Species Clause: Limit one of each Pok\u00e9mon\n|rule|Item Clause: Limit 1 of each item\n|clearpoke\n|poke|p1|Whimsicott, L50, M|\n|poke|p1|Basculegion, L50, M|\n|poke|p1|Annihilape, L50, F|\n|poke|p1|Pelipper, L50, F|\n|poke|p1|Archaludon, L50, M|\n|poke|p1|Rillaboom, L50, M|\n|poke|p2|Gholdengo, L50|\n|poke|p2|Murkrow, L50, F|\n|poke|p2|Pelipper, L50, M|\n|poke|p2|Archaludon, L50, M|\n|poke|p2|Amoonguss, L50, F|\n|poke|p2|Mamoswine, L50, M|\n|teampreview|4\n|inactive|Battle timer is ON: inactive players will automatically lose when time's up. (requested by htotoT)\n|inactive|dayron91 has 60 seconds left.\n|\n|t:|1731354929\n|start\n|switch|p1a: Whimsicott|Whimsicott, L50, M|100\/100\n|switch|p1b: Annihilape|Annihilape, L50, F|100\/100\n|switch|p2a: Murkrow|Murkrow, L50, F|100\/100\n|switch|p2b: Gholdengo|Gholdengo, L50|100\/100\n|turn|1\n|j| DonShitDozo\n|inactive|dayron91 has 30 seconds left.\n|\n|t:|1731354956\n|-terastallize|p1b: Annihilape|Fire\n|-terastallize|p2b: Gholdengo|Steel\n|move|p2a: Murkrow|Tailwind|p2a: Murkrow\n|-sidestart|p2: htotoT|move: Tailwind\n|move|p2b: Gholdengo|Make It Rain|p1a: Whimsicott|[spread] p1a,p1b\n|-supereffective|p1a: Whimsicott\n|-resisted|p1b: Annihilape\n|-enditem|p1a: Whimsicott|Focus Sash\n|-damage|p1a: Whimsicott|1\/100\n|-damage|p1b: Annihilape|51\/100\n|-unboost|p2b: Gholdengo|spa|1\n|move|p1a: Whimsicott|Moonblast|p2a: Murkrow\n|-supereffective|p2a: Murkrow\n|-damage|p2a: Murkrow|49\/100\n|move|p1b: Annihilape|Rage Fist|p2b: Gholdengo\n|-damage|p2b: Gholdengo|47\/100\n|\n|upkeep\n|turn|2\n|inactive|dayron91 has 30 seconds left.\n|\n|t:|1731354985\n|move|p2a: Murkrow|Quash|p1a: Whimsicott\n|-activate|p1a: Whimsicott|move: Quash\n|move|p2b: Gholdengo|Make It Rain|p1b: Annihilape|[spread] p1a,p1b\n|-supereffective|p1a: Whimsicott\n|-resisted|p1b: Annihilape\n|-damage|p1a: Whimsicott|0 fnt\n|-damage|p1b: Annihilape|18\/100\n|-unboost|p2b: Gholdengo|spa|1\n|faint|p1a: Whimsicott\n|move|p1b: Annihilape|Rage Fist|p2b: Gholdengo\n|-damage|p2b: Gholdengo|0 fnt\n|faint|p2b: Gholdengo\n|\n|upkeep\n|\n|t:|1731355003\n|switch|p1a: Archaludon|Archaludon, L50, M|100\/100\n|switch|p2b: Archaludon|Archaludon, L50, M|100\/100\n|turn|3\n|\n|t:|1731355023\n|switch|p1b: Pelipper|Pelipper, L50, F|100\/100\n|-weather|RainDance|[from] ability: Drizzle|[of] p1b: Pelipper\n|move|p2b: Archaludon|Aura Sphere|p1a: Archaludon\n|-supereffective|p1a: Archaludon\n|-damage|p1a: Archaludon|63\/100\n|-ability|p1a: Archaludon|Stamina|boost\n|-boost|p1a: Archaludon|def|1\n|move|p2a: Murkrow|Foul Play|p1b: Pelipper\n|-damage|p1b: Pelipper|85\/100\n|move|p1a: Archaludon|Electro Shot||[still]\n|-prepare|p1a: Archaludon|Electro Shot\n|-boost|p1a: Archaludon|spa|1\n|-anim|p1a: Archaludon|Electro Shot|p2a: Murkrow\n|-supereffective|p2a: Murkrow\n|-damage|p2a: Murkrow|0 fnt\n|faint|p2a: Murkrow\n|\n|-weather|RainDance|[upkeep]\n|upkeep\n|\n|t:|1731355031\n|switch|p2a: Pelipper|Pelipper, L50, M|100\/100\n|turn|4\n|inactive|dayron91 has 30 seconds left.\n|inactive|dayron91 has 20 seconds left.\n|\n|t:|1731355071\n|move|p2a: Pelipper|Protect|p2a: Pelipper\n|-singleturn|p2a: Pelipper|Protect\n|move|p1b: Pelipper|Protect|p1b: Pelipper\n|-singleturn|p1b: Pelipper|Protect\n|move|p2b: Archaludon|Electro Shot||[still]\n|-prepare|p2b: Archaludon|Electro Shot\n|-boost|p2b: Archaludon|spa|1\n|-anim|p2b: Archaludon|Electro Shot|p1b: Pelipper\n|-activate|p1b: Pelipper|move: Protect\n|move|p1a: Archaludon|Electro Shot||[still]\n|-prepare|p1a: Archaludon|Electro Shot\n|-boost|p1a: Archaludon|spa|1\n|-anim|p1a: Archaludon|Electro Shot|p2a: Pelipper\n|-activate|p2a: Pelipper|move: Protect\n|\n|-weather|RainDance|[upkeep]\n|-sideend|p2: htotoT|move: Tailwind\n|upkeep\n|turn|5\n|inactive|dayron91 has 30 seconds left.\n|inactive|dayron91 has 20 seconds left.\n|inactive|dayron91 has 15 seconds left.\n|inactive|dayron91 has 10 seconds left.\n|inactive|htotoT has 30 seconds left.\n|inactive|dayron91 has 5 seconds left.\n|\n|t:|1731355126\n|move|p2b: Archaludon|Aura Sphere|p1a: Archaludon\n|-supereffective|p1a: Archaludon\n|-damage|p1a: Archaludon|8\/100\n|-ability|p1a: Archaludon|Stamina|boost\n|-boost|p1a: Archaludon|def|1\n|move|p2a: Pelipper|Hurricane|p1a: Archaludon\n|-resisted|p1a: Archaludon\n|-damage|p1a: Archaludon|0 fnt\n|faint|p1a: Archaludon\n|move|p1b: Pelipper|Hurricane|p2a: Pelipper\n|-damage|p2a: Pelipper|21\/100\n|\n|-weather|RainDance|[upkeep]\n|upkeep\n|\n|t:|1731355139\n|switch|p1a: Annihilape|Annihilape, L50, F, tera:Fire|18\/100\n|turn|6\n|\n|t:|1731355154\n|move|p1a: Annihilape|Close Combat|p2b: Archaludon\n|-supereffective|p2b: Archaludon\n|-damage|p2b: Archaludon|0 fnt\n|-unboost|p1a: Annihilape|def|1\n|-unboost|p1a: Annihilape|spd|1\n|faint|p2b: Archaludon\n|move|p2a: Pelipper|Hurricane|p1b: Pelipper\n|-damage|p1b: Pelipper|15\/100\n|move|p1b: Pelipper|Weather Ball|p2a: Pelipper\n|-resisted|p2a: Pelipper\n|-damage|p2a: Pelipper|0 fnt\n|faint|p2a: Pelipper\n|\n|win|dayron91\n|raw|dayron91's rating: 1658 &rarr; <strong>1683<\/strong><br \/>(+25 for winning)\n|raw|htotoT's rating: 1754 &rarr; <strong>1729<\/strong><br \/>(-25 for losing)\n|l|\u2606htotoT\n|player|p2|\n|l|\u2606dayron91\n|player|p1|\n","uploadtime":1731355178,"views":38,"formatid":"gen9vgc2024regh","rating":1683,"private":0,"password":null}