{"id":"gen9vgc2024regh-2241485309","format":"[Gen 9] VGC 2024 Reg H","players":["Allore","Terry kloak"],"log":"|j|\u2606Allore\n|j|\u2606Terry kloak\n|t:|1731295957\n|gametype|doubles\n|player|p1|Allore|265|1709\n|player|p2|Terry kloak|265|1644\n|teamsize|p1|6\n|teamsize|p2|6\n|gen|9\n|tier|[Gen 9] VGC 2024 Reg H\n|rated|\n|rule|Species Clause: Limit one of each Pok\u00e9mon\n|rule|Item Clause: Limit 1 of each item\n|clearpoke\n|poke|p1|Annihilape, L50, M|\n|poke|p1|Maushold, L50|\n|poke|p1|Sinistcha, L50|\n|poke|p1|Archaludon, L50, M|\n|poke|p1|Pelipper, L50, F|\n|poke|p1|Basculegion, L50, M|\n|poke|p2|Conkeldurr, L50, F|\n|poke|p2|Dusclops, L50, M|\n|poke|p2|Ursaluna-Bloodmoon, L50, M|\n|poke|p2|Rillaboom, L50, F|\n|poke|p2|Empoleon, L50, M|\n|poke|p2|Dragapult, L50, M|\n|teampreview|4\n|inactive|Battle timer is ON: inactive players will automatically lose when time's up. (requested by Allore)\nAllore has agreed to open team sheets.\n|inactive|Allore has 60 seconds left.\n|inactive|Terry kloak has 60 seconds left.\n|\n|t:|1731296009\n|start\n|switch|p1a: Annihilape|Annihilape, L50, M|100\/100\n|switch|p1b: Basculegion|Basculegion, L50, M|100\/100\n|switch|p2a: Conkeldurr|Conkeldurr, L50, F|100\/100\n|switch|p2b: Dusclops|Dusclops, L50, M|100\/100\n|-ability|p2b: Dusclops|Pressure\n|turn|1\n|inactive|Allore has 30 seconds left.\n|\n|t:|1731296038\n|move|p1b: Basculegion|Wave Crash|p2b: Dusclops\n|-damage|p2b: Dusclops|52\/100\n|-damage|p1b: Basculegion|91\/100|[from] Recoil\n|move|p1a: Annihilape|Bulk Up|p1a: Annihilape\n|-boost|p1a: Annihilape|atk|1\n|-boost|p1a: Annihilape|def|1\n|move|p2a: Conkeldurr|Knock Off|p1b: Basculegion\n|-supereffective|p1b: Basculegion\n|-damage|p1b: Basculegion|0 fnt\n|-enditem|p1b: Basculegion|Choice Scarf|[from] move: Knock Off|[of] p2a: Conkeldurr\n|faint|p1b: Basculegion\n|move|p2b: Dusclops|Trick Room|p2b: Dusclops\n|-fieldstart|move: Trick Room|[of] p2b: Dusclops\n|\n|upkeep\n|\n|t:|1731296050\n|switch|p1b: Archaludon|Archaludon, L50, M|100\/100\n|turn|2\n|inactive|Terry kloak has 30 seconds left.\n|\n|t:|1731296079\n|-terastallize|p1b: Archaludon|Grass\n|move|p2b: Dusclops|Pain Split|p1b: Archaludon\n|-sethp|p1b: Archaludon|65\/100|[from] move: Pain Split|[silent]\n|-sethp|p2b: Dusclops|100\/100|[from] move: Pain Split\n|move|p2a: Conkeldurr|Knock Off|p1b: Archaludon\n|-damage|p1b: Archaludon|38\/100\n|-ability|p1b: Archaludon|Stamina|boost\n|-boost|p1b: Archaludon|def|1\n|-enditem|p1b: Archaludon|Power Herb|[from] move: Knock Off|[of] p2a: Conkeldurr\n|move|p1b: Archaludon|Electro Shot||[still]\n|-prepare|p1b: Archaludon|Electro Shot\n|-boost|p1b: Archaludon|spa|1\n|move|p1a: Annihilape|Rage Fist|p2b: Dusclops\n|-supereffective|p2b: Dusclops\n|-damage|p2b: Dusclops|57\/100\n|\n|upkeep\n|turn|3\n|\n|t:|1731296104\n|switch|p2a: Rillaboom|Rillaboom, L50, F|100\/100\n|-fieldstart|move: Grassy Terrain|[from] ability: Grassy Surge|[of] p2a: Rillaboom\n|switch|p1a: Sinistcha|Sinistcha, L50|100\/100\n|-heal|p1b: Archaludon|63\/100|[from] ability: Hospitality|[of] p1a: Sinistcha\n|move|p2b: Dusclops|Will-O-Wisp|p1a: Sinistcha\n|-status|p1a: Sinistcha|brn\n|move|p1b: Archaludon|Electro Shot|p2a: Rillaboom|[from]lockedmove\n|-resisted|p2a: Rillaboom\n|-damage|p2a: Rillaboom|64\/100\n|\n|-heal|p2b: Dusclops|63\/100|[from] Grassy Terrain\n|-heal|p2a: Rillaboom|69\/100|[from] Grassy Terrain\n|-heal|p1b: Archaludon|69\/100|[from] Grassy Terrain\n|-damage|p1a: Sinistcha|94\/100 brn|[from] brn\n|upkeep\n|turn|4\n|inactive|Allore has 30 seconds left.\n|\n|t:|1731296131\n|switch|p2b: Empoleon|Empoleon, L50, M|100\/100\n|move|p2a: Rillaboom|Fake Out|p1b: Archaludon\n|-damage|p1b: Archaludon|62\/100\n|-ability|p1b: Archaludon|Stamina|boost\n|-boost|p1b: Archaludon|def|1\n|move|p1a: Sinistcha|Life Dew|p1a: Sinistcha|[spread] p1a,p1b\n|-heal|p1a: Sinistcha|100\/100 brn\n|-heal|p1b: Archaludon|87\/100\n|cant|p1b: Archaludon|flinch\n|\n|-heal|p2a: Rillaboom|75\/100|[from] Grassy Terrain\n|-heal|p1b: Archaludon|93\/100|[from] Grassy Terrain\n|-damage|p1a: Sinistcha|94\/100 brn|[from] brn\n|upkeep\n|turn|5\n|inactive|Allore has 30 seconds left.\n|\n|t:|1731296158\n|switch|p1a: Annihilape|Annihilape, L50, M|100\/100\n|move|p2b: Empoleon|Haze|p2b: Empoleon\n|-clearallboost\n|move|p2a: Rillaboom|U-turn|p1b: Archaludon\n|-supereffective|p1b: Archaludon\n|-damage|p1b: Archaludon|59\/100\n|-ability|p1b: Archaludon|Stamina|boost\n|-boost|p1b: Archaludon|def|1\n|\n|t:|1731296168\n|switch|p2a: Dusclops|Dusclops, L50, M|63\/100|[from] U-turn\n|-ability|p2a: Dusclops|Pressure\n|move|p1b: Archaludon|Body Press|p2b: Empoleon\n|-supereffective|p2b: Empoleon\n|-damage|p2b: Empoleon|28\/100\n|\n|-heal|p2a: Dusclops|69\/100|[from] Grassy Terrain\n|-heal|p2b: Empoleon|34\/100|[from] Grassy Terrain\n|-heal|p2b: Empoleon|40\/100|[from] item: Leftovers\n|-heal|p1b: Archaludon|65\/100|[from] Grassy Terrain\n|-fieldend|move: Trick Room\n|upkeep\n|turn|6\n|inactive|Allore has 30 seconds left.\n|inactive|Allore has 20 seconds left.\n|\n|t:|1731296204\n|move|p2b: Empoleon|Protect|p2b: Empoleon\n|-singleturn|p2b: Empoleon|Protect\n|move|p1a: Annihilape|Drain Punch|p2b: Empoleon\n|-activate|p2b: Empoleon|move: Protect\n|move|p1b: Archaludon|Dragon Pulse|p2a: Dusclops\n|-damage|p2a: Dusclops|38\/100\n|move|p2a: Dusclops|Trick Room|p2a: Dusclops\n|-fieldstart|move: Trick Room|[of] p2a: Dusclops\n|\n|-heal|p2a: Dusclops|44\/100|[from] Grassy Terrain\n|-heal|p2b: Empoleon|46\/100|[from] Grassy Terrain\n|-heal|p2b: Empoleon|52\/100|[from] item: Leftovers\n|-heal|p1b: Archaludon|71\/100|[from] Grassy Terrain\n|upkeep\n|turn|7\n|\n|t:|1731296225\n|-terastallize|p2b: Empoleon|Fairy\n|move|p2a: Dusclops|Pain Split|p1b: Archaludon\n|-sethp|p1b: Archaludon|48\/100|[from] move: Pain Split|[silent]\n|-sethp|p2a: Dusclops|82\/100|[from] move: Pain Split\n|move|p2b: Empoleon|Ice Beam|p1b: Archaludon\n|-supereffective|p1b: Archaludon\n|-damage|p1b: Archaludon|0 fnt\n|faint|p1b: Archaludon\n|move|p1a: Annihilape|Rage Fist|p2a: Dusclops\n|-supereffective|p2a: Dusclops\n|-damage|p2a: Dusclops|51\/100\n|\n|-heal|p2a: Dusclops|57\/100|[from] Grassy Terrain\n|-heal|p2b: Empoleon|58\/100|[from] Grassy Terrain\n|-heal|p2b: Empoleon|64\/100|[from] item: Leftovers\n|-fieldend|move: Grassy Terrain\n|upkeep\n|\n|t:|1731296236\n|switch|p1b: Sinistcha|Sinistcha, L50|94\/100 brn\n|turn|8\n|\n|t:|1731296248\n|move|p2a: Dusclops|Will-O-Wisp|p1a: Annihilape\n|-status|p1a: Annihilape|brn\n|move|p1b: Sinistcha|Matcha Gotcha|p2b: Empoleon|[spread] p2a,p2b\n|-damage|p2a: Dusclops|39\/100\n|-heal|p1b: Sinistcha|100\/100 brn|[from] drain|[of] p2a: Dusclops\n|-damage|p2b: Empoleon|37\/100\n|-status|p2b: Empoleon|brn\n|move|p2b: Empoleon|Ice Beam|p1b: Sinistcha\n|-supereffective|p1b: Sinistcha\n|-damage|p1b: Sinistcha|45\/100 brn\n|-enditem|p1b: Sinistcha|Sitrus Berry|[eat]\n|-heal|p1b: Sinistcha|70\/100 brn|[from] item: Sitrus Berry\n|move|p1a: Annihilape|Rage Fist|p2a: Dusclops\n|-supereffective|p2a: Dusclops\n|-damage|p2a: Dusclops|23\/100\n|\n|-heal|p2b: Empoleon|43\/100 brn|[from] item: Leftovers\n|-damage|p1b: Sinistcha|64\/100 brn|[from] brn\n|-damage|p2b: Empoleon|37\/100 brn|[from] brn\n|-damage|p1a: Annihilape|94\/100 brn|[from] brn\n|upkeep\n|turn|9\n|-message|Allore forfeited.\n|\n|win|Terry kloak\n|raw|Allore's rating: 1709 &rarr; <strong>1685<\/strong><br \/>(-24 for losing)\n|raw|Terry kloak's rating: 1644 &rarr; <strong>1668<\/strong><br \/>(+24 for winning)\n|l|\u2606Allore\n|player|p1|\n|l|\u2606Terry kloak\n|player|p2|\n","uploadtime":1731296424,"views":32,"formatid":"gen9vgc2024regh","rating":1668,"private":0,"password":null}