{"id":"gen9vgc2024regh-2241195466","format":"[Gen 9] VGC 2024 Reg H","players":["Ibberdytten4","Jdaboy1337"],"log":"|j|\u2606Ibberdytten4\n|j|\u2606Jdaboy1337\n|t:|1731260224\n|gametype|doubles\n|player|p1|Ibberdytten4|idol|1672\n|player|p2|Jdaboy1337|1|1687\n|teamsize|p1|6\n|teamsize|p2|6\n|gen|9\n|tier|[Gen 9] VGC 2024 Reg H\n|rated|\n|rule|Species Clause: Limit one of each Pok\u00e9mon\n|rule|Item Clause: Limit 1 of each item\n|clearpoke\n|poke|p1|Indeedee, L50, M|\n|poke|p1|Sneasler, L50, F|\n|poke|p1|Talonflame, L50, M|\n|poke|p1|Ursaluna-Bloodmoon, L50, M|\n|poke|p1|Dondozo, L50, M|\n|poke|p1|Tatsugiri, L50, F|\n|poke|p2|Meowscarada, L50, F|\n|poke|p2|Primeape, L50, F|\n|poke|p2|Dragonite, L50, M|\n|poke|p2|Incineroar, L50, M|\n|poke|p2|Archaludon, L50, F|\n|poke|p2|Ninetales-Alola, L50, F|\n|teampreview|4\n|inactive|Battle timer is ON: inactive players will automatically lose when time's up. (requested by Jdaboy1337)\n|inactive|Ibberdytten4 has 60 seconds left.\n|inactive|Jdaboy1337 has 60 seconds left.\n|\n|t:|1731260260\n|start\n|switch|p1a: Talonflame|Talonflame, L50, M|100\/100\n|switch|p1b: Ursaluna|Ursaluna-Bloodmoon, L50, M|100\/100\n|switch|p2a: Dragonite|Dragonite, L50, M|100\/100\n|switch|p2b: Incineroar|Incineroar, L50, M|100\/100\n|-ability|p2b: Incineroar|Intimidate|boost\n|-unboost|p1a: Talonflame|atk|1\n|-unboost|p1b: Ursaluna|atk|1\n|turn|1\n|inactive|Ibberdytten4 has 30 seconds left.\n|\n|t:|1731260295\n|switch|p1a: Indeedee|Indeedee, L50, M|100\/100\n|-fieldstart|move: Psychic Terrain|[from] ability: Psychic Surge|[of] p1a: Indeedee\n|-terastallize|p1b: Ursaluna|Normal\n|move|p2b: Incineroar|Fake Out|p1a: Indeedee\n|-activate|p1a: Indeedee|move: Psychic Terrain\n|move|p2a: Dragonite|Scale Shot|p1a: Indeedee\n|-damage|p1a: Indeedee|70\/100\n|-damage|p1a: Indeedee|40\/100\n|-damage|p1a: Indeedee|11\/100\n|-damage|p1a: Indeedee|0 fnt\n|faint|p1a: Indeedee\n|-hitcount|p1: Indeedee|4\n|-unboost|p2a: Dragonite|def|1\n|-boost|p2a: Dragonite|spe|1\n|move|p1b: Ursaluna|Hyper Voice|p2a: Dragonite|[spread] p2a,p2b\n|-damage|p2a: Dragonite|64\/100\n|-damage|p2b: Incineroar|62\/100\n|-damage|p1b: Ursaluna|91\/100|[from] item: Life Orb\n|\n|upkeep\n|inactive|Ibberdytten4 has 30 seconds left.\n|\n|t:|1731260321\n|switch|p1a: Talonflame|Talonflame, L50, M|100\/100\n|turn|2\n|inactive|Ibberdytten4 has 30 seconds left.\n|\n|t:|1731260347\n|move|p1a: Talonflame|Tailwind|p1a: Talonflame\n|-sidestart|p1: Ibberdytten4|move: Tailwind\n|move|p1b: Ursaluna|Hyper Voice|p2a: Dragonite|[spread] p2a,p2b\n|-damage|p2a: Dragonite|0 fnt\n|-damage|p2b: Incineroar|27\/100\n|faint|p2a: Dragonite\n|-damage|p1b: Ursaluna|81\/100|[from] item: Life Orb\n|move|p2b: Incineroar|Knock Off|p1b: Ursaluna\n|-damage|p1b: Ursaluna|43\/100\n|-enditem|p1b: Ursaluna|Life Orb|[from] move: Knock Off|[of] p2b: Incineroar\n|\n|upkeep\n|\n|t:|1731260355\n|switch|p2a: Archaludon|Archaludon, L50, F|100\/100\n|turn|3\n|j| BreadTest\n|inactive|Ibberdytten4 has 30 seconds left.\n|inactive|Ibberdytten4 has 20 seconds left.\n|inactive|Ibberdytten4 has 15 seconds left.\n|inactive|Ibberdytten4 has 10 seconds left.\n|inactive|Ibberdytten4 has 5 seconds left.\n|\n|t:|1731260407\n|move|p2a: Archaludon|Protect|p2a: Archaludon\n|-singleturn|p2a: Archaludon|Protect\n|move|p1a: Talonflame|Flare Blitz|p2a: Archaludon\n|-activate|p2a: Archaludon|move: Protect\n|move|p1b: Ursaluna|Hyper Voice|p2a: Archaludon|[spread] p2b\n|-activate|p2a: Archaludon|move: Protect\n|-damage|p2b: Incineroar|0 fnt\n|faint|p2b: Incineroar\n|\n|upkeep\n|\n|t:|1731260414\n|switch|p2b: Meowscarada|Meowscarada, L50, F|100\/100\n|turn|4\n|l| BreadTest\n|\n|t:|1731260434\n|move|p1a: Talonflame|Flare Blitz|p2b: Meowscarada\n|-supereffective|p2b: Meowscarada\n|-enditem|p2b: Meowscarada|Focus Sash\n|-damage|p2b: Meowscarada|1\/100\n|-damage|p1a: Talonflame|68\/100|[from] Recoil\n|move|p1b: Ursaluna|Hyper Voice|p2a: Archaludon|[spread] p2a,p2b\n|-resisted|p2a: Archaludon\n|-damage|p2a: Archaludon|64\/100\n|-damage|p2b: Meowscarada|0 fnt\n|faint|p2b: Meowscarada\n|move|p2a: Archaludon|Electro Shot||[still]\n|-prepare|p2a: Archaludon|Electro Shot\n|-boost|p2a: Archaludon|spa|1\n|-enditem|p2a: Archaludon|Power Herb\n|-anim|p2a: Archaludon|Electro Shot|p1a: Talonflame\n|-supereffective|p1a: Talonflame\n|-damage|p1a: Talonflame|0 fnt\n|faint|p1a: Talonflame\n|\n|upkeep\n|\n|t:|1731260443\n|switch|p1a: Sneasler|Sneasler, L50, F|100\/100\n|-enditem|p1a: Sneasler|Psychic Seed\n|-boost|p1a: Sneasler|spd|1|[from] item: Psychic Seed\n|turn|5\n|\n|t:|1731260459\n|move|p2a: Archaludon|Protect|p2a: Archaludon\n|-singleturn|p2a: Archaludon|Protect\n|move|p1a: Sneasler|Close Combat|p2a: Archaludon\n|-activate|p2a: Archaludon|move: Protect\n|move|p1b: Ursaluna|Blood Moon|p2a: Archaludon\n|-activate|p2a: Archaludon|move: Protect\n|\n|-sideend|p1: Ibberdytten4|move: Tailwind\n|-fieldend|move: Psychic Terrain\n|upkeep\n|turn|6\n|-message|Jdaboy1337 forfeited.\n|\n|win|Ibberdytten4\n|raw|Ibberdytten4's rating: 1672 &rarr; <strong>1693<\/strong><br \/>(+21 for winning)\n|raw|Jdaboy1337's rating: 1687 &rarr; <strong>1666<\/strong><br \/>(-21 for losing)\n|l|\u2606Jdaboy1337\n|player|p2|\n|l|\u2606Ibberdytten4\n|player|p1|\n|j| BreadTest\n|l| BreadTest\n","uploadtime":1731260655,"views":26,"formatid":"gen9vgc2024regh","rating":1666,"private":0,"password":null}