{"id":"gen9vgc2024regh-2241057315","format":"[Gen 9] VGC 2024 Reg H","players":["The Slimmest Jesus","zcdd"],"log":"|j|\u2606The Slimmest Jesus\n|j|\u2606zcdd\n|t:|1731239517\n|gametype|doubles\n|player|p1|The Slimmest Jesus|2|1690\n|player|p2|zcdd|hilda|1645\n|teamsize|p1|6\n|teamsize|p2|6\n|gen|9\n|tier|[Gen 9] VGC 2024 Reg H\n|rated|\n|rule|Species Clause: Limit one of each Pok\u00e9mon\n|rule|Item Clause: Limit 1 of each item\n|clearpoke\n|poke|p1|Sneasler, L50, M|\n|poke|p1|Indeedee, L50, M|\n|poke|p1|Gholdengo, L50|\n|poke|p1|Murkrow, L50, M|\n|poke|p1|Ursaluna, L50, M|\n|poke|p1|Zoroark-Hisui, L50, F|\n|poke|p2|Pelipper, L50, F|\n|poke|p2|Archaludon, L50, F|\n|poke|p2|Basculegion, L50, M|\n|poke|p2|Dondozo, L50, M|\n|poke|p2|Tatsugiri, L50, M|\n|poke|p2|Primarina, L50, M|\n|teampreview|4\n|j| Simplemon65123\n|inactive|Battle timer is ON: inactive players will automatically lose when time's up. (requested by The Slimmest Jesus)\n|l| Simplemon65123\n|inactive|The Slimmest Jesus has 60 seconds left.\n|\n|t:|1731239562\n|start\n|switch|p1a: Sneasler|Sneasler, L50, M|100\/100\n|switch|p1b: Indeedee|Indeedee, L50, M|100\/100\n|switch|p2a: Archaludon|Archaludon, L50, F|100\/100\n|switch|p2b: Pelipper|Pelipper, L50, F|100\/100\n|-fieldstart|move: Psychic Terrain|[from] ability: Psychic Surge|[of] p1b: Indeedee\n|-enditem|p1a: Sneasler|Psychic Seed\n|-boost|p1a: Sneasler|spd|1|[from] item: Psychic Seed\n|-weather|RainDance|[from] ability: Drizzle|[of] p2b: Pelipper\n|turn|1\n|inactive|The Slimmest Jesus has 30 seconds left.\n|inactive|The Slimmest Jesus has 20 seconds left.\n|inactive|The Slimmest Jesus has 15 seconds left.\n|inactive|The Slimmest Jesus has 10 seconds left.\n|inactive|The Slimmest Jesus has 5 seconds left.\n|\n|t:|1731239614\n|-terastallize|p2a: Archaludon|Electric\n|move|p2b: Pelipper|Wide Guard|p2b: Pelipper\n|-singleturn|p2b: Pelipper|Wide Guard\n|move|p1a: Sneasler|Close Combat|p2a: Archaludon\n|-damage|p2a: Archaludon|52\/100\n|-unboost|p1a: Sneasler|def|1\n|-unboost|p1a: Sneasler|spd|1\n|-ability|p2a: Archaludon|Stamina|boost\n|-boost|p2a: Archaludon|def|1\n|move|p1b: Indeedee|Expanding Force|p2a: Archaludon|[spread] \n|-activate|p2a: Archaludon|move: Wide Guard\n|-activate|p2b: Pelipper|move: Wide Guard\n|move|p2a: Archaludon|Electro Shot||[still]\n|-prepare|p2a: Archaludon|Electro Shot\n|-boost|p2a: Archaludon|spa|1\n|-anim|p2a: Archaludon|Electro Shot|p1a: Sneasler\n|-damage|p1a: Sneasler|0 fnt\n|faint|p1a: Sneasler\n|\n|-weather|RainDance|[upkeep]\n|upkeep\n|\n|t:|1731239639\n|switch|p1a: Ursaluna|Ursaluna, L50, M|100\/100\n|turn|2\n|inactive|zcdd has 30 seconds left.\n|\n|t:|1731239665\n|move|p1a: Ursaluna|Protect|p1a: Ursaluna\n|-singleturn|p1a: Ursaluna|Protect\n|move|p2b: Pelipper|Wide Guard|p2b: Pelipper\n|-singleturn|p2b: Pelipper|Wide Guard\n|move|p2a: Archaludon|Electro Shot||[still]\n|-prepare|p2a: Archaludon|Electro Shot\n|-boost|p2a: Archaludon|spa|1\n|-anim|p2a: Archaludon|Electro Shot|p1b: Indeedee\n|-enditem|p1b: Indeedee|Focus Sash\n|-damage|p1b: Indeedee|1\/100\n|move|p1b: Indeedee|Trick Room|p1b: Indeedee\n|-fieldstart|move: Trick Room|[of] p1b: Indeedee\n|\n|-weather|RainDance|[upkeep]\n|-status|p1a: Ursaluna|brn|[from] item: Flame Orb\n|upkeep\n|turn|3\n|inactive|The Slimmest Jesus has 30 seconds left.\n|inactive|The Slimmest Jesus has 20 seconds left.\n|inactive|The Slimmest Jesus has 15 seconds left.\n|inactive|The Slimmest Jesus has 10 seconds left.\n|inactive|The Slimmest Jesus has 5 seconds left.\n|\n|t:|1731239717\n|-terastallize|p1a: Ursaluna|Ghost\n|move|p2a: Archaludon|Protect|p2a: Archaludon\n|-singleturn|p2a: Archaludon|Protect\n|move|p1a: Ursaluna|Headlong Rush|p2a: Archaludon\n|-activate|p2a: Archaludon|move: Protect\n|move|p2b: Pelipper|Weather Ball|p1a: Ursaluna\n|-damage|p1a: Ursaluna|47\/100 brn\n|move|p1b: Indeedee|Expanding Force|p2a: Archaludon|[spread] p2b\n|-activate|p2a: Archaludon|move: Protect\n|-damage|p2b: Pelipper|18\/100\n|\n|-weather|RainDance|[upkeep]\n|-damage|p1a: Ursaluna|41\/100 brn|[from] brn\n|upkeep\n|turn|4\n|inactive|The Slimmest Jesus has 30 seconds left.\n|inactive|zcdd has 30 seconds left.\n|inactive|zcdd has 20 seconds left.\n|inactive|zcdd has 15 seconds left.\n|\n|t:|1731239759\n|move|p1a: Ursaluna|Protect|p1a: Ursaluna\n|-singleturn|p1a: Ursaluna|Protect\n|move|p2b: Pelipper|Wide Guard|p2b: Pelipper\n|-singleturn|p2b: Pelipper|Wide Guard\n|move|p2a: Archaludon|Draco Meteor|p1a: Ursaluna\n|-activate|p1a: Ursaluna|move: Protect\n|move|p1b: Indeedee|Expanding Force|p2b: Pelipper|[spread] \n|-activate|p2a: Archaludon|move: Wide Guard\n|-activate|p2b: Pelipper|move: Wide Guard\n|\n|-weather|RainDance|[upkeep]\n|-damage|p1a: Ursaluna|35\/100 brn|[from] brn\n|upkeep\n|turn|5\n|inactive|The Slimmest Jesus has 30 seconds left.\n|\n|t:|1731239792\n|move|p2b: Pelipper|Wide Guard|p2b: Pelipper\n|-singleturn|p2b: Pelipper|Wide Guard\n|move|p1a: Ursaluna|Facade|p2a: Archaludon\n|-damage|p2a: Archaludon|0 fnt\n|faint|p2a: Archaludon\n|move|p1b: Indeedee|Tera Blast|p2b: Pelipper\n|-damage|p2b: Pelipper|0 fnt\n|faint|p2b: Pelipper\n|\n|-weather|none\n|-damage|p1a: Ursaluna|29\/100 brn|[from] brn\n|-fieldend|move: Psychic Terrain\n|upkeep\n|\n|t:|1731239803\n|switch|p2b: Tatsugiri|Tatsugiri, L50, M|100\/100\n|switch|p2a: Dondozo|Dondozo, L50, M|100\/100\n|-activate|p2b: Tatsugiri|ability: Commander|[of] p2a: Dondozo\n|-boost|p2a: Dondozo|atk|2\n|-boost|p2a: Dondozo|spa|2\n|-boost|p2a: Dondozo|spe|2\n|-boost|p2a: Dondozo|def|2\n|-boost|p2a: Dondozo|spd|2\n|turn|6\n|inactive|The Slimmest Jesus has 30 seconds left.\n|inactive|The Slimmest Jesus has 20 seconds left.\n|inactive|The Slimmest Jesus has 15 seconds left.\n|\n|t:|1731239848\n|move|p1a: Ursaluna|Protect|p1a: Ursaluna\n|-singleturn|p1a: Ursaluna|Protect\n|move|p1b: Indeedee|Expanding Force|p2a: Dondozo\n|-damage|p2a: Dondozo|83\/100\n|move|p2a: Dondozo|Rock Slide|p1a: Ursaluna|[spread] p1b\n|-activate|p1a: Ursaluna|move: Protect\n|-damage|p1b: Indeedee|0 fnt\n|faint|p1b: Indeedee\n|\n|-damage|p1a: Ursaluna|23\/100 brn|[from] brn\n|-fieldend|move: Trick Room\n|upkeep\n|\n|t:|1731239862\n|switch|p1b: Murkrow|Murkrow, L50, M|100\/100\n|turn|7\n|\n|t:|1731239868\n|move|p1b: Murkrow|Haze|p1b: Murkrow\n|-clearallboost\n|move|p1a: Ursaluna|Facade|p2a: Dondozo\n|-damage|p2a: Dondozo|5\/100\n|move|p2a: Dondozo|Rock Slide|p1b: Murkrow|[spread] p1a,p1b\n|-supereffective|p1b: Murkrow\n|-damage|p1a: Ursaluna|5\/100 brn\n|-damage|p1b: Murkrow|48\/100\n|\n|-damage|p1a: Ursaluna|0 fnt|[from] brn\n|faint|p1a: Ursaluna\n|upkeep\n|turn|8\n|inactive|The Slimmest Jesus has 30 seconds left.\n|inactive|The Slimmest Jesus has 20 seconds left.\n|inactive|The Slimmest Jesus has 15 seconds left.\n|inactive|The Slimmest Jesus has 10 seconds left.\n|inactive|The Slimmest Jesus has 5 seconds left.\n|\n|t:|1731239923\n|move|p1b: Murkrow|Rain Dance|p1b: Murkrow\n|-weather|RainDance\n|move|p2a: Dondozo|Rock Slide|p1b: Murkrow\n|-supereffective|p1b: Murkrow\n|-damage|p1b: Murkrow|0 fnt\n|faint|p1b: Murkrow\n|\n|win|zcdd\n|raw|The Slimmest Jesus's rating: 1690 &rarr; <strong>1667<\/strong><br \/>(-23 for losing)\n|raw|zcdd's rating: 1645 &rarr; <strong>1668<\/strong><br \/>(+23 for winning)\n|l|\u2606zcdd\n|player|p2|\n","uploadtime":1731240102,"views":23,"formatid":"gen9vgc2024regh","rating":1667,"private":0,"password":null}