{"id":"gen9vgc2024regh-2241646793","format":"[Gen 9] VGC 2024 Reg H","players":["SamuLele96","nusoro"],"log":"|j|\u2606SamuLele96\n|j|\u2606nusoro\n|t:|1731325710\n|gametype|doubles\n|player|p1|SamuLele96|gentleman|1680\n|player|p2|nusoro|red|1738\n|teamsize|p1|6\n|teamsize|p2|6\n|gen|9\n|tier|[Gen 9] VGC 2024 Reg H\n|rated|\n|rule|Species Clause: Limit one of each Pok\u00e9mon\n|rule|Item Clause: Limit 1 of each item\n|clearpoke\n|poke|p1|Archaludon, L50, M|\n|poke|p1|Pelipper, L50, F|\n|poke|p1|Basculegion, L50, M|\n|poke|p1|Zoroark-Hisui, L50, F|\n|poke|p1|Dondozo, L50, F|\n|poke|p1|Maushold-Four, L50|\n|poke|p2|Krookodile, L50, M|\n|poke|p2|Sneasler, L50, F|\n|poke|p2|Politoed, L50, F|\n|poke|p2|Archaludon, L50, M|\n|poke|p2|Murkrow, L50, M|\n|poke|p2|Indeedee, L50, M|\n|teampreview|4\n|j| Mixam91\n|j| qiyeO.o\n|inactive|Battle timer is ON: inactive players will automatically lose when time's up. (requested by SamuLele96)\n|\n|t:|1731325754\n|start\n|switch|p1a: Pelipper|Pelipper, L50, F|100\/100\n|switch|p1b: Dondozo|Dondozo, L50, F|100\/100\n|switch|p2a: Archaludon|Archaludon, L50, M|100\/100\n|switch|p2b: Murkrow|Murkrow, L50, M|100\/100\n|-weather|RainDance|[from] ability: Drizzle|[of] p1a: Pelipper\n|turn|1\n|c| Mixam91|gg alerady\n|\n|t:|1731325777\n|-terastallize|p1b: Dondozo|Dragon\n|move|p2b: Murkrow|Tailwind|p2b: Murkrow\n|-sidestart|p2: nusoro|move: Tailwind\n|move|p2a: Archaludon|Electro Shot||[still]\n|-prepare|p2a: Archaludon|Electro Shot\n|-boost|p2a: Archaludon|spa|1\n|-anim|p2a: Archaludon|Electro Shot|p1b: Dondozo\n|-resisted|p1b: Dondozo\n|-damage|p1b: Dondozo|84\/100\n|move|p1a: Pelipper|Tailwind|p1a: Pelipper\n|-sidestart|p1: SamuLele96|move: Tailwind\n|move|p1b: Dondozo|Fissure|p2a: Archaludon\n|-immune|p2a: Archaludon|[from] ability: Sturdy\n|\n|-weather|RainDance|[upkeep]\n|-heal|p1b: Dondozo|90\/100|[from] item: Leftovers\n|upkeep\n|turn|2\n|\n|t:|1731325802\n|switch|p1a: Archaludon|Archaludon, L50, M|100\/100\n|move|p2a: Archaludon|Electro Shot||[still]\n|-prepare|p2a: Archaludon|Electro Shot\n|-boost|p2a: Archaludon|spa|1\n|-anim|p2a: Archaludon|Electro Shot|p1a: Archaludon\n|-resisted|p1a: Archaludon\n|-damage|p1a: Archaludon|72\/100\n|-ability|p1a: Archaludon|Stamina|boost\n|-boost|p1a: Archaludon|def|1\n|move|p2b: Murkrow|Foul Play|p1a: Archaludon\n|-damage|p1a: Archaludon|57\/100\n|-ability|p1a: Archaludon|Stamina|boost\n|-boost|p1a: Archaludon|def|1\n|move|p1b: Dondozo|Fissure|p2a: Archaludon\n|-immune|p2a: Archaludon|[from] ability: Sturdy\n|\n|-weather|RainDance|[upkeep]\n|-heal|p1b: Dondozo|97\/100|[from] item: Leftovers\n|upkeep\n|turn|3\n|c| Mixam91|??\n|inactive|SamuLele96 has 30 seconds left.\n|inactive|nusoro has 30 seconds left.\n|inactive|SamuLele96 has 20 seconds left.\n|inactive|nusoro has 20 seconds left.\n|inactive|SamuLele96 has 15 seconds left.\n|inactive|nusoro has 15 seconds left.\n|inactive|SamuLele96 has 10 seconds left.\n|inactive|nusoro has 10 seconds left.\n|\n|t:|1731325847\n|move|p2b: Murkrow|Haze|p2b: Murkrow\n|-clearallboost\n|move|p2a: Archaludon|Draco Meteor|p1b: Dondozo\n|-supereffective|p1b: Dondozo\n|-damage|p1b: Dondozo|0 fnt\n|-unboost|p2a: Archaludon|spa|2\n|faint|p1b: Dondozo\n|move|p1a: Archaludon|Electro Shot||[still]\n|-prepare|p1a: Archaludon|Electro Shot\n|-boost|p1a: Archaludon|spa|1\n|-anim|p1a: Archaludon|Electro Shot|p2b: Murkrow\n|-supereffective|p2b: Murkrow\n|-damage|p2b: Murkrow|0 fnt\n|faint|p2b: Murkrow\n|\n|-weather|RainDance|[upkeep]\n|upkeep\n|\n|t:|1731325858\n|switch|p2b: Krookodile|Krookodile, L50, M|100\/100\n|switch|p1b: Basculegion|Basculegion, L50, M|100\/100\n|-ability|p2b: Krookodile|Intimidate|boost\n|-unboost|p1a: Archaludon|atk|1\n|-unboost|p1b: Basculegion|atk|1\n|turn|4\n|\n|t:|1731325877\n|-terastallize|p2b: Krookodile|Ghost\n|move|p1b: Basculegion|Wave Crash|p2b: Krookodile\n|-damage|p2b: Krookodile|0 fnt\n|faint|p2b: Krookodile\n|-damage|p1b: Basculegion|68\/100|[from] Recoil\n|move|p2a: Archaludon|Electro Shot||[still]\n|-prepare|p2a: Archaludon|Electro Shot\n|-boost|p2a: Archaludon|spa|1\n|-anim|p2a: Archaludon|Electro Shot|p1b: Basculegion\n|-supereffective|p1b: Basculegion\n|-damage|p1b: Basculegion|3\/100\n|move|p1a: Archaludon|Draco Meteor|p2a: Archaludon\n|-crit|p2a: Archaludon\n|-ability|p2a: Archaludon|Sturdy\n|-damage|p2a: Archaludon|1\/100\n|-unboost|p1a: Archaludon|spa|2\n|\n|-weather|RainDance|[upkeep]\n|-sideend|p2: nusoro|move: Tailwind\n|-sideend|p1: SamuLele96|move: Tailwind\n|upkeep\n|\n|t:|1731325883\n|switch|p2b: Indeedee|Indeedee, L50, M|100\/100\n|-fieldstart|move: Psychic Terrain|[from] ability: Psychic Surge|[of] p2b: Indeedee\n|turn|5\n|\n|t:|1731325900\n|move|p1b: Basculegion|Wave Crash|p2b: Indeedee\n|-enditem|p2b: Indeedee|Focus Sash\n|-damage|p2b: Indeedee|1\/100\n|-damage|p1b: Basculegion|0 fnt|[from] Recoil\n|faint|p1b: Basculegion\n|move|p2b: Indeedee|Expanding Force|p1a: Archaludon\n|-resisted|p1a: Archaludon\n|-damage|p1a: Archaludon|32\/100\n|-ability|p1a: Archaludon|Stamina|boost\n|-boost|p1a: Archaludon|def|1\n|move|p2a: Archaludon|Draco Meteor|p1a: Archaludon|[miss]\n|-miss|p2a: Archaludon|p1a: Archaludon\n|move|p1a: Archaludon|Electro Shot||[still]\n|-prepare|p1a: Archaludon|Electro Shot\n|-boost|p1a: Archaludon|spa|1\n|-anim|p1a: Archaludon|Electro Shot|p2a: Archaludon\n|-resisted|p2a: Archaludon\n|-damage|p2a: Archaludon|0 fnt\n|faint|p2a: Archaludon\n|\n|-weather|none\n|upkeep\n|\n|t:|1731325906\n|switch|p1b: Pelipper|Pelipper, L50, F|100\/100\n|-weather|RainDance|[from] ability: Drizzle|[of] p1b: Pelipper\n|turn|6\n|-message|nusoro forfeited.\n|\n|win|SamuLele96\n|raw|SamuLele96's rating: 1680 &rarr; <strong>1703<\/strong><br \/>(+23 for winning)\n|raw|nusoro's rating: 1738 &rarr; <strong>1715<\/strong><br \/>(-23 for losing)\n|l|\u2606nusoro\n|player|p2|\n|l|\u2606SamuLele96\n|player|p1|\n|l| qiyeO.o\n|l| Mixam91\n","uploadtime":1731326117,"views":29,"formatid":"gen9vgc2024regh","rating":1703,"private":0,"password":null}