{"id":"gen9vgc2024regh-2241921528","format":"[Gen 9] VGC 2024 Reg H","players":["bgc0","bwahacough"],"log":"|j|\u2606bgc0\n|j|\u2606bwahacough\n|t:|1731356514\n|gametype|doubles\n|player|p1|bgc0|steven|1694\n|player|p2|bwahacough|medium|1765\n|teamsize|p1|6\n|teamsize|p2|6\n|gen|9\n|tier|[Gen 9] VGC 2024 Reg H\n|rated|\n|rule|Species Clause: Limit one of each Pok\u00e9mon\n|rule|Item Clause: Limit 1 of each item\n|clearpoke\n|poke|p1|Espathra, L50, F|\n|poke|p1|Archaludon, L50, M|\n|poke|p1|Incineroar, L50, M|\n|poke|p1|Ninetales-Alola, L50, F|\n|poke|p1|Murkrow, L50, M|\n|poke|p1|Amoonguss, L50, M|\n|poke|p2|Lycanroc, L50, F|\n|poke|p2|Tyranitar, L50, F|\n|poke|p2|Indeedee-F, L50, F|\n|poke|p2|Sneasler, L50, M|\n|poke|p2|Volcarona, L50, F|\n|poke|p2|Murkrow, L50, F|\n|teampreview|4\n|j| UmanaJones\n|inactive|Battle timer is ON: inactive players will automatically lose when time's up. (requested by bgc0)\n|j| Sunsun123\nbgc0 rejected open team sheets.\n|\n|t:|1731356555\n|start\n|switch|p1a: Archaludon|Archaludon, L50, M, shiny|100\/100\n|switch|p1b: Murkrow|Murkrow, L50, M|100\/100\n|switch|p2a: Volcarona|Volcarona, L50, F|100\/100\n|switch|p2b: Indeedee|Indeedee-F, L50, F, shiny|100\/100\n|-fieldstart|move: Psychic Terrain|[from] ability: Psychic Surge|[of] p2b: Indeedee\n|turn|1\n|inactive|bgc0 has 30 seconds left.\n|inactive|bgc0 has 20 seconds left.\n|\n|t:|1731356595\n|move|p2b: Indeedee|Follow Me|p2b: Indeedee\n|-singleturn|p2b: Indeedee|move: Follow Me\n|move|p1b: Murkrow|Tailwind|p1b: Murkrow\n|-sidestart|p1: bgc0|move: Tailwind\n|move|p1a: Archaludon|Electro Shot||[still]\n|-prepare|p1a: Archaludon|Electro Shot\n|-boost|p1a: Archaludon|spa|1\n|-enditem|p1a: Archaludon|Power Herb\n|-anim|p1a: Archaludon|Electro Shot|p2b: Indeedee\n|-damage|p2b: Indeedee|42\/100\n|-enditem|p2b: Indeedee|Sitrus Berry|[eat]\n|-heal|p2b: Indeedee|67\/100|[from] item: Sitrus Berry\n|move|p2a: Volcarona|Quiver Dance|p2a: Volcarona\n|-boost|p2a: Volcarona|spa|1\n|-boost|p2a: Volcarona|spd|1\n|-boost|p2a: Volcarona|spe|1\n|\n|upkeep\n|turn|2\n|\n|t:|1731356614\n|move|p2b: Indeedee|Follow Me|p2b: Indeedee\n|-singleturn|p2b: Indeedee|move: Follow Me\n|move|p1b: Murkrow|Rain Dance|p1b: Murkrow\n|-weather|RainDance\n|move|p1a: Archaludon|Electro Shot||[still]\n|-prepare|p1a: Archaludon|Electro Shot\n|-boost|p1a: Archaludon|spa|1\n|-anim|p1a: Archaludon|Electro Shot|p2b: Indeedee\n|-damage|p2b: Indeedee|0 fnt\n|faint|p2b: Indeedee\n|move|p2a: Volcarona|Quiver Dance|p2a: Volcarona\n|-boost|p2a: Volcarona|spa|1\n|-boost|p2a: Volcarona|spd|1\n|-boost|p2a: Volcarona|spe|1\n|\n|-weather|RainDance|[upkeep]\n|upkeep\n|l| UmanaJones\n|\n|t:|1731356620\n|switch|p2b: Lycanroc|Lycanroc, L50, F|100\/100\n|turn|3\n|j| UmanaJones\n|inactive|bgc0 has 30 seconds left.\n|\n|t:|1731356646\n|-terastallize|p1a: Archaludon|Electric\n|-terastallize|p2a: Volcarona|Grass\n|move|p2b: Lycanroc|Protect|p2b: Lycanroc\n|-singleturn|p2b: Lycanroc|Protect\n|move|p1b: Murkrow|Haze|p1b: Murkrow\n|-clearallboost\n|move|p1a: Archaludon|Electro Shot||[still]\n|-prepare|p1a: Archaludon|Electro Shot\n|-boost|p1a: Archaludon|spa|1\n|-anim|p1a: Archaludon|Electro Shot|p2a: Volcarona\n|-resisted|p2a: Volcarona\n|-damage|p2a: Volcarona|56\/100\n|move|p2a: Volcarona|Quiver Dance|p2a: Volcarona\n|-boost|p2a: Volcarona|spa|1\n|-boost|p2a: Volcarona|spd|1\n|-boost|p2a: Volcarona|spe|1\n|\n|-weather|RainDance|[upkeep]\n|upkeep\n|turn|4\n|j| DonShitDozo\n|\n|t:|1731356666\n|move|p1a: Archaludon|Aura Sphere|p2b: Lycanroc\n|-supereffective|p2b: Lycanroc\n|-enditem|p2b: Lycanroc|Focus Sash\n|-damage|p2b: Lycanroc|1\/100\n|move|p1b: Murkrow|Brave Bird|p2a: Volcarona\n|-supereffective|p2a: Volcarona\n|-damage|p2a: Volcarona|0 fnt\n|-status|p1b: Murkrow|brn|[from] ability: Flame Body|[of] p2a: Volcarona\n|faint|p2a: Volcarona\n|-damage|p1b: Murkrow|81\/100 brn|[from] Recoil\n|move|p2b: Lycanroc|Rock Slide|p1b: Murkrow|[spread] p1a,p1b\n|-supereffective|p1b: Murkrow\n|-damage|p1a: Archaludon|76\/100\n|-damage|p1b: Murkrow|34\/100 brn\n|\n|-weather|RainDance|[upkeep]\n|-damage|p1b: Murkrow|28\/100 brn|[from] brn\n|-sideend|p1: bgc0|move: Tailwind\n|upkeep\n|\n|t:|1731356669\n|switch|p2a: Tyranitar|Tyranitar, L50, F|100\/100\n|-weather|Sandstorm|[from] ability: Sand Stream|[of] p2a: Tyranitar\n|turn|5\n|inactive|bgc0 has 30 seconds left.\n|\n|t:|1731356694\n|move|p1b: Murkrow|Rain Dance|p1b: Murkrow\n|-weather|RainDance\n|move|p2b: Lycanroc|Rock Slide|p1b: Murkrow|[spread] p1a,p1b\n|-supereffective|p1b: Murkrow\n|-crit|p1b: Murkrow\n|-damage|p1a: Archaludon|50\/100\n|-damage|p1b: Murkrow|0 fnt\n|faint|p1b: Murkrow\n|move|p1a: Archaludon|Aura Sphere|p2a: Tyranitar\n|-supereffective|p2a: Tyranitar\n|-damage|p2a: Tyranitar|0 fnt\n|faint|p2a: Tyranitar\n|\n|-weather|RainDance|[upkeep]\n|-fieldend|move: Psychic Terrain\n|upkeep\n|\n|t:|1731356707\n|switch|p1b: Incineroar|Incineroar, L50, M|100\/100\n|-ability|p1b: Incineroar|Intimidate|boost\n|-unboost|p2b: Lycanroc|atk|1\n|turn|6\n|\n|t:|1731356716\n|switch|p1b: Ninetales|Ninetales-Alola, L50, F, shiny|100\/100\n|-weather|Snow|[from] ability: Snow Warning|[of] p1b: Ninetales\n|move|p2b: Lycanroc|Protect|p2b: Lycanroc\n|-singleturn|p2b: Lycanroc|Protect\n|move|p1a: Archaludon|Protect||[still]\n|-fail|p1a: Archaludon\n|\n|-weather|Snow|[upkeep]\n|upkeep\n|turn|7\n|\n|t:|1731356730\n|move|p1b: Ninetales|Blizzard|p2b: Lycanroc\n|-damage|p2b: Lycanroc|0 fnt\n|faint|p2b: Lycanroc\n|\n|win|bgc0\n|raw|bgc0's rating: 1694 &rarr; <strong>1718<\/strong><br \/>(+24 for winning)\n|raw|bwahacough's rating: 1765 &rarr; <strong>1741<\/strong><br \/>(-24 for losing)\n|l|\u2606bwahacough\n|player|p2|\n|l| Sunsun123\n|l| DonShitDozo\n|c|\u2606bgc0|Gg\n|l|\u2606bgc0\n|player|p1|\n","uploadtime":1731356888,"views":57,"formatid":"gen9vgc2024regh","rating":1718,"private":0,"password":null}