{"id":"gen9vgc2024regh-2241894845","format":"[Gen 9] VGC 2024 Reg H","players":["Zordor","Jdaboy1337"],"log":"|j|\u2606Zordor\n|j|\u2606Jdaboy1337\n|t:|1731353836\n|gametype|doubles\n|player|p1|Zordor|pilot|1700\n|player|p2|Jdaboy1337|2|1755\n|teamsize|p1|6\n|teamsize|p2|6\n|gen|9\n|tier|[Gen 9] VGC 2024 Reg H\n|rated|\n|rule|Species Clause: Limit one of each Pok\u00e9mon\n|rule|Item Clause: Limit 1 of each item\n|clearpoke\n|poke|p1|Rotom-Wash, L50|\n|poke|p1|Sneasler, L50, M|\n|poke|p1|Kingambit, L50, F|\n|poke|p1|Armarouge, L50, M|\n|poke|p1|Dragapult, L50, F|\n|poke|p1|Venusaur, L50, M|\n|poke|p2|Meowscarada, L50, F|\n|poke|p2|Primeape, L50, F|\n|poke|p2|Dragonite, L50, F|\n|poke|p2|Incineroar, L50, M|\n|poke|p2|Archaludon, L50, F|\n|poke|p2|Ninetales-Alola, L50, F|\n|teampreview|4\n|inactive|Battle timer is ON: inactive players will automatically lose when time's up. (requested by Jdaboy1337)\n|inactive|Zordor has 60 seconds left.\n|inactive|Jdaboy1337 has 60 seconds left.\n|\n|t:|1731353882\n|start\n|switch|p1a: Dragapult|Dragapult, L50, F|100\/100\n|switch|p1b: Sneasler|Sneasler, L50, M|100\/100\n|switch|p2a: Meowscarada|Meowscarada, L50, F|100\/100\n|switch|p2b: Primeape|Primeape, L50, F|100\/100\n|turn|1\n|inactive|Zordor has 30 seconds left.\n|inactive|Zordor has 20 seconds left.\n|inactive|Zordor has 15 seconds left.\n|inactive|Zordor has 10 seconds left.\n|\n|t:|1731353930\n|move|p2a: Meowscarada|Protect|p2a: Meowscarada\n|-singleturn|p2a: Meowscarada|Protect\n|move|p1a: Dragapult|Phantom Force||[still]\n|-prepare|p1a: Dragapult|Phantom Force\n|move|p1b: Sneasler|Dire Claw|p2b: Primeape\n|-damage|p2b: Primeape|66\/100\n|-status|p2b: Primeape|par\n|move|p2b: Primeape|Rage Fist|p1a: Dragapult|[miss]\n|-miss|p2b: Primeape|p1a: Dragapult\n|\n|upkeep\n|turn|2\n|\n|t:|1731353943\n|move|p1a: Dragapult|Phantom Force|p2b: Primeape|[from]lockedmove\n|-damage|p2b: Primeape|24\/100 par\n|move|p2a: Meowscarada|Knock Off|p1a: Dragapult\n|-supereffective|p1a: Dragapult\n|-damage|p1a: Dragapult|8\/100\n|-enditem|p1a: Dragapult|Assault Vest|[from] move: Knock Off|[of] p2a: Meowscarada\n|move|p1b: Sneasler|Dire Claw|p2a: Meowscarada\n|-supereffective|p2a: Meowscarada\n|-enditem|p2a: Meowscarada|Focus Sash\n|-damage|p2a: Meowscarada|1\/100\n|move|p2b: Primeape|Drain Punch|p1b: Sneasler\n|-resisted|p1b: Sneasler\n|-damage|p1b: Sneasler|82\/100\n|-heal|p2b: Primeape|33\/100 par|[from] drain|[of] p1b: Sneasler\n|\n|upkeep\n|turn|3\n|\n|t:|1731353963\n|move|p2a: Meowscarada|Protect|p2a: Meowscarada\n|-singleturn|p2a: Meowscarada|Protect\n|move|p1a: Dragapult|Dragon Darts|p2b: Primeape\n|-damage|p2b: Primeape|11\/100 par\n|-anim|p1a: Dragapult|Dragon Darts|p2b: Primeape\n|-damage|p2b: Primeape|0 fnt\n|faint|p2b: Primeape\n|move|p1b: Sneasler|Dire Claw|p2a: Meowscarada\n|-activate|p2a: Meowscarada|move: Protect\n|\n|upkeep\n|\n|t:|1731353969\n|switch|p2b: Dragonite|Dragonite, L50, F|100\/100\n|turn|4\n|j| DonShitDozo\n|\n|t:|1731353985\n|move|p1b: Sneasler|Protect|p1b: Sneasler\n|-singleturn|p1b: Sneasler|Protect\n|move|p2a: Meowscarada|Sucker Punch|p1a: Dragapult\n|-supereffective|p1a: Dragapult\n|-damage|p1a: Dragapult|0 fnt\n|faint|p1a: Dragapult\n|move|p2b: Dragonite|Scale Shot|p1b: Sneasler\n|-activate|p1b: Sneasler|move: Protect\n|\n|upkeep\n|\n|t:|1731353995\n|switch|p1a: Venusaur|Venusaur, L50, M|100\/100\n|turn|5\n|inactive|Zordor has 30 seconds left.\n|\n|t:|1731354020\n|-terastallize|p1b: Sneasler|Fairy\n|move|p2a: Meowscarada|Knock Off|p1a: Venusaur\n|-damage|p1a: Venusaur|49\/100\n|-enditem|p1a: Venusaur|Leftovers|[from] move: Knock Off|[of] p2a: Meowscarada\n|move|p1b: Sneasler|Close Combat|p2a: Meowscarada\n|-supereffective|p2a: Meowscarada\n|-damage|p2a: Meowscarada|0 fnt\n|-unboost|p1b: Sneasler|def|1\n|-unboost|p1b: Sneasler|spd|1\n|faint|p2a: Meowscarada\n|move|p2b: Dragonite|Scale Shot|p1a: Venusaur\n|-damage|p1a: Venusaur|30\/100\n|-damage|p1a: Venusaur|14\/100\n|-damage|p1a: Venusaur|0 fnt\n|faint|p1a: Venusaur\n|-hitcount|p1: Venusaur|3\n|-unboost|p2b: Dragonite|def|1\n|-boost|p2b: Dragonite|spe|1\n|\n|upkeep\n|\n|t:|1731354025\n|switch|p2a: Archaludon|Archaludon, L50, F|100\/100\n|switch|p1a: Armarouge|Armarouge, L50, M|100\/100\n|turn|6\n|\n|t:|1731354032\n|move|p1b: Sneasler|Protect|p1b: Sneasler\n|-singleturn|p1b: Sneasler|Protect\n|move|p2b: Dragonite|Iron Head|p1b: Sneasler\n|-activate|p1b: Sneasler|move: Protect\n|move|p2a: Archaludon|Electro Shot||[still]\n|-prepare|p2a: Archaludon|Electro Shot\n|-boost|p2a: Archaludon|spa|1\n|-enditem|p2a: Archaludon|Power Herb\n|-anim|p2a: Archaludon|Electro Shot|p1a: Armarouge\n|-damage|p1a: Armarouge|28\/100\n|move|p1a: Armarouge|Meteor Beam||[still]\n|-prepare|p1a: Armarouge|Meteor Beam\n|-boost|p1a: Armarouge|spa|1\n|-enditem|p1a: Armarouge|Power Herb\n|-anim|p1a: Armarouge|Meteor Beam|p2b: Dragonite\n|-supereffective|p2b: Dragonite\n|-damage|p2b: Dragonite|38\/100\n|\n|upkeep\n|turn|7\n|inactive|Zordor has 30 seconds left.\n|\n|t:|1731354061\n|move|p2b: Dragonite|Scale Shot|p1a: Armarouge\n|-crit|p1a: Armarouge\n|-damage|p1a: Armarouge|7\/100\n|-crit|p1a: Armarouge\n|-damage|p1a: Armarouge|0 fnt\n|faint|p1a: Armarouge\n|-hitcount|p1: Armarouge|2\n|-unboost|p2b: Dragonite|def|1\n|-boost|p2b: Dragonite|spe|1\n|move|p1b: Sneasler|Rock Tomb|p2b: Dragonite\n|-supereffective|p2b: Dragonite\n|-damage|p2b: Dragonite|0 fnt\n|faint|p2b: Dragonite\n|move|p2a: Archaludon|Flash Cannon|p1b: Sneasler\n|-supereffective|p1b: Sneasler\n|-damage|p1b: Sneasler|0 fnt\n|faint|p1b: Sneasler\n|\n|win|Jdaboy1337\n|raw|Zordor's rating: 1700 &rarr; <strong>1683<\/strong><br \/>(-17 for losing)\n|raw|Jdaboy1337's rating: 1755 &rarr; <strong>1772<\/strong><br \/>(+17 for winning)\n|l|\u2606Zordor\n|player|p1|\n|l|\u2606Jdaboy1337\n|player|p2|\n|l| DonShitDozo\n","uploadtime":1731354216,"views":36,"formatid":"gen9vgc2024regh","rating":1683,"private":0,"password":null}