{"id":"gen9vgc2024regh-2241287804","format":"[Gen 9] VGC 2024 Reg H","players":["The Slimmest Jesus","chiitancrazymascot"],"log":"|j|\u2606The Slimmest Jesus\n|j|\u2606chiitancrazymascot\n|t:|1731271188\n|gametype|doubles\n|player|p1|The Slimmest Jesus|170|1693\n|player|p2|chiitancrazymascot|pokemaniac|1712\n|teamsize|p1|6\n|teamsize|p2|6\n|gen|9\n|tier|[Gen 9] VGC 2024 Reg H\n|rated|\n|rule|Species Clause: Limit one of each Pok\u00e9mon\n|rule|Item Clause: Limit 1 of each item\n|clearpoke\n|poke|p1|Sneasler, L50, F|\n|poke|p1|Indeedee, L50, M|\n|poke|p1|Gholdengo, L50|\n|poke|p1|Murkrow, L50, F|\n|poke|p1|Ursaluna, L50, F|\n|poke|p1|Zoroark-Hisui, L50, M|\n|poke|p2|Annihilape, L50, M|\n|poke|p2|Dondozo, L50, F|\n|poke|p2|Maushold-Four, L50|\n|poke|p2|Gholdengo, L50|\n|poke|p2|Whimsicott, L50, M|\n|poke|p2|Tatsugiri, L50, M|\n|teampreview|4\n|inactive|Battle timer is ON: inactive players will automatically lose when time's up. (requested by chiitancrazymascot)\n|inactive|The Slimmest Jesus has 60 seconds left.\n|inactive|The Slimmest Jesus has 30 seconds left.\n|j| Bohoennian\n|inactive|The Slimmest Jesus has 20 seconds left.\n|inactive|The Slimmest Jesus has 15 seconds left.\n|inactive|The Slimmest Jesus has 10 seconds left.\n|\n|t:|1731271270\n|start\n|switch|p1a: Gholdengo|Gholdengo, L50|100\/100\n|switch|p1b: Murkrow|Murkrow, L50, F|100\/100\n|switch|p2a: Maushold|Maushold-Four, L50|100\/100\n|switch|p2b: Annihilape|Annihilape, L50, M, shiny|100\/100\n|turn|1\n|\n|t:|1731271287\n|-terastallize|p1a: Gholdengo|Steel\n|move|p1b: Murkrow|Tailwind|p1b: Murkrow\n|-sidestart|p1: The Slimmest Jesus|move: Tailwind\n|move|p1a: Gholdengo|Make It Rain|p2a: Maushold|[spread] p2a,p2b\n|-enditem|p2a: Maushold|Focus Sash\n|-damage|p2a: Maushold|1\/100\n|-damage|p2b: Annihilape|38\/100\n|-unboost|p1a: Gholdengo|spa|1\n|-enditem|p2b: Annihilape|Sitrus Berry|[eat]\n|-heal|p2b: Annihilape|63\/100|[from] item: Sitrus Berry\n|move|p2a: Maushold|Beat Up|p2b: Annihilape\n|-damage|p2b: Annihilape|61\/100\n|-damage|p2b: Annihilape|58\/100\n|-crit|p2b: Annihilape\n|-damage|p2b: Annihilape|56\/100\n|-damage|p2b: Annihilape|54\/100\n|-hitcount|p2b: Annihilape|4\n|move|p2b: Annihilape|Rage Fist|p1a: Gholdengo\n|-damage|p1a: Gholdengo|0 fnt\n|faint|p1a: Gholdengo\n|\n|upkeep\n|inactive|The Slimmest Jesus has 30 seconds left.\n|\n|t:|1731271320\n|switch|p1a: Indeedee|Indeedee, L50, M|100\/100\n|-fieldstart|move: Psychic Terrain|[from] ability: Psychic Surge|[of] p1a: Indeedee\n|turn|2\n|\n|t:|1731271335\n|-terastallize|p2b: Annihilape|Fire\n|move|p2a: Maushold|Protect|p2a: Maushold\n|-singleturn|p2a: Maushold|Protect\n|move|p1a: Indeedee|Expanding Force|p2a: Maushold|[spread] p2b\n|-activate|p2a: Maushold|move: Protect\n|-damage|p2b: Annihilape|21\/100\n|move|p1b: Murkrow|Foul Play|p2b: Annihilape\n|-damage|p2b: Annihilape|0 fnt\n|faint|p2b: Annihilape\n|\n|upkeep\n|\n|t:|1731271344\n|switch|p2b: Gholdengo|Gholdengo, L50|100\/100\n|turn|3\n|\n|t:|1731271356\n|move|p1a: Indeedee|Expanding Force|p2b: Gholdengo|[spread] p2a,p2b\n|-resisted|p2b: Gholdengo\n|-damage|p2a: Maushold|0 fnt\n|-damage|p2b: Gholdengo|75\/100\n|faint|p2a: Maushold\n|move|p1b: Murkrow|Foul Play|p2b: Gholdengo\n|-supereffective|p2b: Gholdengo\n|-damage|p2b: Gholdengo|34\/100\n|move|p2b: Gholdengo|Make It Rain|p1b: Murkrow|[spread] p1a,p1b\n|-enditem|p1a: Indeedee|Focus Sash\n|-damage|p1a: Indeedee|1\/100\n|-damage|p1b: Murkrow|23\/100\n|-unboost|p2b: Gholdengo|spa|1\n|\n|upkeep\n|\n|t:|1731271359\n|switch|p2a: Whimsicott|Whimsicott, L50, M, shiny|100\/100\n|turn|4\n|inactive|The Slimmest Jesus has 30 seconds left.\n|inactive|The Slimmest Jesus has 20 seconds left.\n|inactive|The Slimmest Jesus has 15 seconds left.\n|\n|t:|1731271402\n|move|p1a: Indeedee|Protect|p1a: Indeedee\n|-singleturn|p1a: Indeedee|Protect\n|move|p2a: Whimsicott|Tailwind|p2a: Whimsicott\n|-sidestart|p2: chiitancrazymascot|move: Tailwind\n|move|p2b: Gholdengo|Make It Rain|p1a: Indeedee|[spread] p1b\n|-activate|p1a: Indeedee|move: Protect\n|-damage|p1b: Murkrow|0 fnt\n|-unboost|p2b: Gholdengo|spa|1\n|faint|p1b: Murkrow\n|\n|-sideend|p1: The Slimmest Jesus|move: Tailwind\n|upkeep\n|\n|t:|1731271416\n|switch|p1b: Ursaluna|Ursaluna, L50, F|100\/100\n|turn|5\n|inactive|The Slimmest Jesus has 30 seconds left.\n|inactive|chiitancrazymascot has 30 seconds left.\n|inactive|The Slimmest Jesus has 20 seconds left.\n|inactive|The Slimmest Jesus has 15 seconds left.\n|inactive|chiitancrazymascot has 20 seconds left.\n|inactive|chiitancrazymascot has 15 seconds left.\n|\n|t:|1731271462\n|move|p1b: Ursaluna|Protect|p1b: Ursaluna\n|-singleturn|p1b: Ursaluna|Protect\n|move|p2a: Whimsicott|Misty Terrain|p2a: Whimsicott\n|-fieldstart|move: Misty Terrain\n|move|p2b: Gholdengo|Make It Rain|p1b: Ursaluna|[spread] p1a\n|-activate|p1b: Ursaluna|move: Protect\n|-damage|p1a: Indeedee|0 fnt\n|-unboost|p2b: Gholdengo|spa|1\n|faint|p1a: Indeedee\n|\n|upkeep\n|turn|6\n|\n|t:|1731271477\n|move|p2a: Whimsicott|Moonblast|p1b: Ursaluna\n|-damage|p1b: Ursaluna|76\/100\n|-unboost|p1b: Ursaluna|spa|1\n|move|p2b: Gholdengo|Make It Rain|p1b: Ursaluna\n|-damage|p1b: Ursaluna|38\/100\n|-unboost|p2b: Gholdengo|spa|1\n|move|p1b: Ursaluna|Earthquake|p2a: Whimsicott|[spread] p2a,p2b\n|-resisted|p2a: Whimsicott\n|-supereffective|p2b: Gholdengo\n|-damage|p2a: Whimsicott|71\/100\n|-damage|p2b: Gholdengo|0 fnt\n|faint|p2b: Gholdengo\n|\n|upkeep\n|turn|7\n|\n|t:|1731271494\n|move|p2a: Whimsicott|Moonblast|p1b: Ursaluna\n|-damage|p1b: Ursaluna|14\/100\n|move|p1b: Ursaluna|Facade|p2a: Whimsicott\n|-damage|p2a: Whimsicott|20\/100\n|\n|-sideend|p2: chiitancrazymascot|move: Tailwind\n|upkeep\n|turn|8\n|inactive|The Slimmest Jesus has 30 seconds left.\n|\n|t:|1731271528\n|move|p2a: Whimsicott|Moonblast|p1b: Ursaluna\n|-damage|p1b: Ursaluna|0 fnt\n|faint|p1b: Ursaluna\n|\n|win|chiitancrazymascot\n|raw|The Slimmest Jesus's rating: 1693 &rarr; <strong>1674<\/strong><br \/>(-19 for losing)\n|raw|chiitancrazymascot's rating: 1712 &rarr; <strong>1731<\/strong><br \/>(+19 for winning)\n","uploadtime":1731271530,"views":47,"formatid":"gen9vgc2024regh","rating":1674,"private":0,"password":null}