{"id":"gen9vgc2024regh-2241943871","format":"[Gen 9] VGC 2024 Reg H","players":["VGCLTH Thacrow","NihojinKRJP"],"log":"|raw|<div class=\"broadcast-blue\"><strong>This battle is required to be public due to a player having a name starting with 'vgclth'.<\/div>\n|j|\u2606VGCLTH Thacrow\n|j|\u2606NihojinKRJP\n|t:|1731358824\n|gametype|doubles\n|player|p1|VGCLTH Thacrow|wallace-masters|1676\n|player|p2|NihojinKRJP|alder|1781\n|teamsize|p1|6\n|teamsize|p2|6\n|gen|9\n|tier|[Gen 9] VGC 2024 Reg H\n|rated|\n|rule|Species Clause: Limit one of each Pok\u00e9mon\n|rule|Item Clause: Limit 1 of each item\n|clearpoke\n|poke|p1|Ceruledge, L50, M|\n|poke|p1|Gastrodon-East, L50, M|\n|poke|p1|Sneasler, L50, M|\n|poke|p1|Dragonite, L50, F|\n|poke|p1|Rillaboom, L50, M|\n|poke|p1|Kingambit, L50, M|\n|poke|p2|Annihilape, L50, F|\n|poke|p2|Electabuzz, L50, M|\n|poke|p2|Ursaluna-Bloodmoon, L50, M|\n|poke|p2|Gholdengo, L50|\n|poke|p2|Rillaboom, L50, F|\n|poke|p2|Dragonite, L50, M|\n|teampreview|4\nVGCLTH Thacrow has agreed to open team sheets.\n|\n|t:|1731358862\n|start\n|switch|p1a: Kidturtle|Sneasler, L50, M, shiny|100\/100\n|switch|p1b: Main Flutter|Dragonite, L50, F, shiny|100\/100\n|switch|p2a: Electabuzz|Electabuzz, L50, M|100\/100\n|switch|p2b: Annihilape|Annihilape, L50, F|100\/100\n|turn|1\n|j| MinamiSimp\n|inactive|Battle timer is ON: inactive players will automatically lose when time's up. (requested by NihojinKRJP)\n|c| MinamiSimp|crow name a mon after me :<\n|j| VGCLTH John Pork\n|\n|t:|1731358884\n|switch|p1b: Godlyreal|Kingambit, L50, M|100\/100\n|move|p1a: Kidturtle|Coaching|p1b: Godlyreal\n|-boost|p1b: Godlyreal|atk|1\n|-boost|p1b: Godlyreal|def|1\n|move|p2a: Electabuzz|Taunt|p1b: Godlyreal\n|-start|p1b: Godlyreal|move: Taunt\n|move|p2b: Annihilape|Bulk Up|p2b: Annihilape\n|-boost|p2b: Annihilape|atk|1\n|-boost|p2b: Annihilape|def|1\n|\n|upkeep\n|turn|2\n|c|\u2606VGCLTH Thacrow|No, you didnt help with mons\n|\n|t:|1731358906\n|move|p1a: Kidturtle|Coaching|p1b: Godlyreal\n|-boost|p1b: Godlyreal|atk|1\n|-boost|p1b: Godlyreal|def|1\n|move|p2a: Electabuzz|Taunt|p1a: Kidturtle\n|-start|p1a: Kidturtle|move: Taunt\n|move|p2b: Annihilape|Drain Punch|p1b: Godlyreal\n|-supereffective|p1b: Godlyreal\n|-damage|p1b: Godlyreal|21\/100\n|move|p1b: Godlyreal|Kowtow Cleave|p2b: Annihilape\n|-damage|p2b: Annihilape|34\/100\n|\n|-heal|p2b: Annihilape|40\/100|[from] item: Leftovers\n|upkeep\n|turn|3\n|c| MinamiSimp|AND GODLY DID?\n|c|\u2606VGCLTH Thacrow|Well\n|c| VGCLTH John Pork|well\n|c|\u2606VGCLTH Thacrow|Godly is godly\n|c| VGCLTH John Pork|you are not godlyreal\n|c| MinamiSimp|...\n|\n|t:|1731358922\n|move|p2a: Electabuzz|Follow Me|p2a: Electabuzz\n|-singleturn|p2a: Electabuzz|move: Follow Me\n|move|p1a: Kidturtle|Close Combat|p2a: Electabuzz\n|-crit|p2a: Electabuzz\n|-damage|p2a: Electabuzz|13\/100\n|-unboost|p1a: Kidturtle|def|1\n|-unboost|p1a: Kidturtle|spd|1\n|move|p2b: Annihilape|Rage Fist|p1a: Kidturtle\n|-enditem|p1a: Kidturtle|Focus Sash\n|-damage|p1a: Kidturtle|1\/100\n|move|p1b: Godlyreal|Kowtow Cleave|p2a: Electabuzz\n|-damage|p2a: Electabuzz|0 fnt\n|faint|p2a: Electabuzz\n|\n|-heal|p2b: Annihilape|47\/100|[from] item: Leftovers\n|-end|p1b: Godlyreal|move: Taunt\n|upkeep\n|c| VGCLTH John Pork|unfortunately\n|\n|t:|1731358932\n|switch|p2a: Ursaluna|Ursaluna-Bloodmoon, L50, M|100\/100\n|turn|4\n|c| MinamiSimp|whatever time to name my typhlosion thacrow\n|\n|t:|1731358940\n|move|p2a: Ursaluna|Vacuum Wave|p1a: Kidturtle\n|-resisted|p1a: Kidturtle\n|-damage|p1a: Kidturtle|0 fnt\n|faint|p1a: Kidturtle\n|move|p1b: Godlyreal|Sucker Punch|p2b: Annihilape\n|-damage|p2b: Annihilape|0 fnt\n|faint|p2b: Annihilape\n|\n|upkeep\n|c| VGCLTH John Pork|??????????\n|\n|t:|1731358946\n|switch|p1a: Main Flutter|Dragonite, L50, F, shiny|100\/100\n|switch|p2b: Dragonite|Dragonite, L50, M|100\/100\n|turn|5\n|inactive|NihojinKRJP has 30 seconds left.\n|inactive|NihojinKRJP has 20 seconds left.\n|inactive|NihojinKRJP has 15 seconds left.\n|inactive|NihojinKRJP has 10 seconds left.\n|\n|t:|1731358994\n|move|p1a: Main Flutter|Protect|p1a: Main Flutter\n|-singleturn|p1a: Main Flutter|Protect\n|move|p1b: Godlyreal|Sucker Punch|p2a: Ursaluna\n|-damage|p2a: Ursaluna|37\/100\n|move|p2b: Dragonite|Tailwind|p2b: Dragonite\n|-sidestart|p2: NihojinKRJP|move: Tailwind\n|move|p2a: Ursaluna|Earth Power|p1b: Godlyreal\n|-supereffective|p1b: Godlyreal\n|-damage|p1b: Godlyreal|0 fnt\n|faint|p1b: Godlyreal\n|\n|upkeep\n|\n|t:|1731358997\n|switch|p1b: Christian|Ceruledge, L50, M|100\/100\n|turn|6\n|\n|t:|1731359014\n|-terastallize|p1a: Main Flutter|Fairy\n|move|p1b: Christian|Protect|p1b: Christian\n|-singleturn|p1b: Christian|Protect\n|move|p2b: Dragonite|Encore|p1a: Main Flutter\n|-start|p1a: Main Flutter|Encore\n|move|p2a: Ursaluna|Blood Moon|p1b: Christian\n|-activate|p1b: Christian|move: Protect\n|move|p1a: Main Flutter|Protect||[still]\n|-fail|p1a: Main Flutter\n|\n|upkeep\n|turn|7\n|\n|t:|1731359036\n|move|p1a: Main Flutter|Protect|p1a: Main Flutter\n|-singleturn|p1a: Main Flutter|Protect\n|move|p1b: Christian|Protect||[still]\n|-fail|p1b: Christian\n|move|p2b: Dragonite|Scale Shot|p1b: Christian\n|-damage|p1b: Christian|86\/100\n|-damage|p1b: Christian|70\/100\n|-damage|p1b: Christian|54\/100\n|-damage|p1b: Christian|37\/100\n|-hitcount|p1b: Christian|4\n|-unboost|p2b: Dragonite|def|1\n|-boost|p2b: Dragonite|spe|1\n|move|p2a: Ursaluna|Earth Power|p1b: Christian\n|-supereffective|p1b: Christian\n|-damage|p1b: Christian|0 fnt\n|faint|p1b: Christian\n|\n|upkeep\n|turn|8\n|\n|t:|1731359054\n|move|p1a: Main Flutter|Protect||[still]\n|-fail|p1a: Main Flutter\n|move|p2b: Dragonite|Tailwind||[still]\n|-fail|p2b: Dragonite\n|move|p2a: Ursaluna|Blood Moon|p1a: Main Flutter\n|-damage|p1a: Main Flutter|58\/100\n|\n|-end|p1a: Main Flutter|Encore\n|-sideend|p2: NihojinKRJP|move: Tailwind\n|upkeep\n|turn|9\n|j| volcaronavgc\n|j| FBIAltMan\n|l| volcaronavgc\n|inactive|NihojinKRJP has 30 seconds left.\n|\n|t:|1731359088\n|move|p1a: Main Flutter|Extreme Speed|p2a: Ursaluna\n|-damage|p2a: Ursaluna|14\/100\n|move|p2b: Dragonite|Encore|p1a: Main Flutter\n|-start|p1a: Main Flutter|Encore\n|move|p2a: Ursaluna|Earth Power|p1a: Main Flutter\n|-damage|p1a: Main Flutter|3\/100\n|-unboost|p1a: Main Flutter|spd|1\n|\n|upkeep\n|turn|10\n|j| vgclth souly\n|inactive|NihojinKRJP has 30 seconds left.\n|\n|t:|1731359114\n|move|p1a: Main Flutter|Extreme Speed|p2a: Ursaluna\n|-damage|p2a: Ursaluna|0 fnt\n|faint|p2a: Ursaluna\n|move|p2b: Dragonite|Haze|p2b: Dragonite\n|-clearallboost\n|\n|upkeep\n|turn|11\n|-message|NihojinKRJP forfeited.\n|\n|win|VGCLTH Thacrow\n|raw|VGCLTH Thacrow's rating: 1676 &rarr; <strong>1702<\/strong><br \/>(+26 for winning)\n|raw|NihojinKRJP's rating: 1781 &rarr; <strong>1755<\/strong><br \/>(-26 for losing)\n|l|\u2606NihojinKRJP\n|player|p2|\n|l| MinamiSimp\n|l| FBIAltMan\n|l| vgclth souly\n|l|\u2606VGCLTH Thacrow\n|player|p1|\n","uploadtime":1731359256,"views":48,"formatid":"gen9vgc2024regh","rating":1702,"private":0,"password":null}