{"id":"gen9vgc2024regh-2241219570","format":"[Gen 9] VGC 2024 Reg H","players":["roykeenkennedy","yorickvgc"],"log":"|j|\u2606roykeenkennedy\n|j|\u2606yorickvgc\n|t:|1731263166\n|gametype|doubles\n|player|p1|roykeenkennedy|alder|1739\n|player|p2|yorickvgc|169|1674\n|teamsize|p1|6\n|teamsize|p2|6\n|gen|9\n|tier|[Gen 9] VGC 2024 Reg H\n|rated|\n|rule|Species Clause: Limit one of each Pok\u00e9mon\n|rule|Item Clause: Limit 1 of each item\n|clearpoke\n|poke|p1|Salamence, L50, F|\n|poke|p1|Incineroar, L50, F|\n|poke|p1|Weezing, L50, F|\n|poke|p1|Dragapult, L50, M|\n|poke|p1|Ursaluna-Bloodmoon, L50, M|\n|poke|p1|Volcarona, L50, M|\n|poke|p2|Gholdengo, L50|\n|poke|p2|Ninetales-Alola, L50, M|\n|poke|p2|Dragonite, L50, M|\n|poke|p2|Magmar, L50, F|\n|poke|p2|Annihilape, L50, M|\n|poke|p2|Ursaluna-Bloodmoon, L50, M|\n|teampreview|4\n|inactive|Battle timer is ON: inactive players will automatically lose when time's up. (requested by yorickvgc)\n|inactive|roykeenkennedy has 60 seconds left.\n|\n|t:|1731263225\n|start\n|switch|p1a: Dragapult|Dragapult, L50, M|100\/100\n|switch|p1b: Volcarona|Volcarona, L50, M|100\/100\n|switch|p2a: Magmar|Magmar, L50, F|100\/100\n|switch|p2b: Dragonite|Dragonite, L50, M|100\/100\n|turn|1\n|\n|t:|1731263240\n|switch|p1a: Incineroar|Incineroar, L50, F|100\/100\n|-ability|p1a: Incineroar|Intimidate|boost\n|-unboost|p2a: Magmar|atk|1\n|-unboost|p2b: Dragonite|atk|1\n|move|p2a: Magmar|Follow Me|p2a: Magmar\n|-singleturn|p2a: Magmar|move: Follow Me\n|move|p1b: Volcarona|Quiver Dance|p1b: Volcarona\n|-boost|p1b: Volcarona|spa|1\n|-boost|p1b: Volcarona|spd|1\n|-boost|p1b: Volcarona|spe|1\n|move|p2b: Dragonite|Scale Shot|p1a: Incineroar\n|-damage|p1a: Incineroar|92\/100\n|-damage|p1a: Incineroar|83\/100\n|-damage|p1a: Incineroar|73\/100\n|-damage|p1a: Incineroar|64\/100\n|-hitcount|p1a: Incineroar|4\n|-unboost|p2b: Dragonite|def|1\n|-boost|p2b: Dragonite|spe|1\n|\n|upkeep\n|turn|2\n|inactive|roykeenkennedy has 30 seconds left.\n|\n|t:|1731263265\n|move|p2b: Dragonite|Protect|p2b: Dragonite\n|-singleturn|p2b: Dragonite|Protect\n|move|p1b: Volcarona|Quiver Dance|p1b: Volcarona\n|-boost|p1b: Volcarona|spa|1\n|-boost|p1b: Volcarona|spd|1\n|-boost|p1b: Volcarona|spe|1\n|move|p2a: Magmar|Clear Smog|p1b: Volcarona\n|-damage|p1b: Volcarona|95\/100\n|-clearboost|p1b: Volcarona\n|move|p1a: Incineroar|Knock Off|p2b: Dragonite\n|-activate|p2b: Dragonite|move: Protect\n|\n|upkeep\n|turn|3\n|\n|t:|1731263284\n|move|p2b: Dragonite|Scale Shot|p1b: Volcarona\n|-damage|p1b: Volcarona|82\/100\n|-damage|p1b: Volcarona|70\/100\n|-damage|p1b: Volcarona|57\/100\n|-damage|p1b: Volcarona|45\/100\n|-hitcount|p1b: Volcarona|4\n|-unboost|p2b: Dragonite|def|1\n|-boost|p2b: Dragonite|spe|1\n|move|p1b: Volcarona|Quiver Dance|p1b: Volcarona\n|-boost|p1b: Volcarona|spa|1\n|-boost|p1b: Volcarona|spd|1\n|-boost|p1b: Volcarona|spe|1\n|move|p2a: Magmar|Overheat|p1b: Volcarona\n|-damage|p1b: Volcarona|17\/100\n|-unboost|p2a: Magmar|spa|2\n|move|p1a: Incineroar|Knock Off|p2b: Dragonite\n|-damage|p2b: Dragonite|61\/100\n|-enditem|p2b: Dragonite|Loaded Dice|[from] move: Knock Off|[of] p1a: Incineroar\n|\n|upkeep\n|turn|4\n|inactive|roykeenkennedy has 30 seconds left.\n|inactive|yorickvgc has 30 seconds left.\n|\n|t:|1731263318\n|switch|p2a: Annihilape|Annihilape, L50, M|100\/100\n|move|p2b: Dragonite|Extreme Speed|p1b: Volcarona\n|-damage|p1b: Volcarona|0 fnt\n|-status|p2b: Dragonite|brn|[from] ability: Flame Body|[of] p1b: Volcarona\n|faint|p1b: Volcarona\n|move|p1a: Incineroar|Parting Shot|p2b: Dragonite\n|-unboost|p2b: Dragonite|atk|1\n|-unboost|p2b: Dragonite|spa|1\n|\n|t:|1731263329\n|switch|p1a: Dragapult|Dragapult, L50, M|100\/100|[from] Parting Shot\n|\n|-damage|p2b: Dragonite|55\/100 brn|[from] brn\n|upkeep\n|\n|t:|1731263336\n|switch|p1b: Weezing|Weezing, L50, F|100\/100\n|-ability|p1b: Weezing|Neutralizing Gas\n|turn|5\n|\n|t:|1731263348\n|-terastallize|p1a: Dragapult|Ghost\n|move|p2b: Dragonite|Scale Shot|p1a: Dragapult\n|-damage|p1a: Dragapult|95\/100\n|-damage|p1a: Dragapult|90\/100\n|-damage|p1a: Dragapult|85\/100\n|-hitcount|p1a: Dragapult|3\n|-unboost|p2b: Dragonite|def|1\n|-boost|p2b: Dragonite|spe|1\n|move|p1a: Dragapult|Tera Blast|p2a: Annihilape|[anim] Tera Blast Ghost\n|-supereffective|p2a: Annihilape\n|-damage|p2a: Annihilape|0 fnt\n|faint|p2a: Annihilape\n|move|p1b: Weezing|Taunt|p2b: Dragonite\n|-start|p2b: Dragonite|move: Taunt\n|\n|-damage|p2b: Dragonite|49\/100 brn|[from] brn\n|upkeep\n|\n|t:|1731263362\n|switch|p2a: Ursaluna|Ursaluna-Bloodmoon, L50, M|100\/100\n|turn|6\n|\n|t:|1731263376\n|switch|p2b: Magmar|Magmar, L50, F|100\/100\n|switch|p1a: Incineroar|Incineroar, L50, F|64\/100\n|-ability|p1a: Incineroar|Intimidate|boost\n|-unboost|p2a: Ursaluna|atk|1\n|-unboost|p2b: Magmar|atk|1\n|move|p1b: Weezing|Sludge Bomb|p2a: Ursaluna\n|-resisted|p2a: Ursaluna\n|-damage|p2a: Ursaluna|92\/100\n|move|p2a: Ursaluna|Earth Power|p1b: Weezing\n|-supereffective|p1b: Weezing\n|-damage|p1b: Weezing|0 fnt\n|faint|p1b: Weezing\n|-end|p1b: Weezing|ability: Neutralizing Gas\n|\n|upkeep\n|\n|t:|1731263392\n|switch|p1b: Dragapult|Dragapult, L50, M, tera:Ghost|85\/100\n|turn|7\n|\n|t:|1731263406\n|move|p1a: Incineroar|Fake Out|p2a: Ursaluna\n|-damage|p2a: Ursaluna|84\/100\n|move|p2b: Magmar|Follow Me|p2b: Magmar\n|-singleturn|p2b: Magmar|move: Follow Me\n|move|p1b: Dragapult|Dragon Darts|p2b: Magmar\n|-damage|p2b: Magmar|74\/100\n|-anim|p1b: Dragapult|Dragon Darts|p2b: Magmar\n|-damage|p2b: Magmar|42\/100\n|cant|p2a: Ursaluna|flinch\n|\n|upkeep\n|turn|8\n|j| mr pogostick\n|\n|t:|1731263420\n|move|p2b: Magmar|Follow Me|p2b: Magmar\n|-singleturn|p2b: Magmar|move: Follow Me\n|move|p1b: Dragapult|Dragon Darts|p2b: Magmar\n|-damage|p2b: Magmar|12\/100\n|-anim|p1b: Dragapult|Dragon Darts|p2b: Magmar\n|-damage|p2b: Magmar|0 fnt\n|faint|p2b: Magmar\n|move|p1a: Incineroar|Knock Off|p2a: Ursaluna\n|-damage|p2a: Ursaluna|58\/100\n|-enditem|p2a: Ursaluna|Assault Vest|[from] move: Knock Off|[of] p1a: Incineroar\n|move|p2a: Ursaluna|Blood Moon|p1b: Dragapult\n|-damage|p1b: Dragapult|0 fnt\n|faint|p1b: Dragapult\n|\n|upkeep\n|\n|t:|1731263432\n|switch|p2b: Dragonite|Dragonite, L50, M|49\/100 brn\n|turn|9\n|-message|roykeenkennedy forfeited.\n|\n|win|yorickvgc\n|raw|roykeenkennedy's rating: 1739 &rarr; <strong>1715<\/strong><br \/>(-24 for losing)\n|raw|yorickvgc's rating: 1674 &rarr; <strong>1698<\/strong><br \/>(+24 for winning)\n|l|\u2606roykeenkennedy\n|player|p1|\n|l|\u2606yorickvgc\n|player|p2|\n|l| mr pogostick\n","uploadtime":1731263701,"views":30,"formatid":"gen9vgc2024regh","rating":1698,"private":0,"password":null}