{"id":"gen9vgc2024regh-2241204190","format":"[Gen 9] VGC 2024 Reg H","players":["PirateRoberts77","chin8"],"log":"|j|\u2606PirateRoberts77\n|j|\u2606chin8\n|t:|1731261288\n|gametype|doubles\n|player|p1|PirateRoberts77|hilbert|1688\n|player|p2|chin8|gentleman-gen4dp|1821\n|teamsize|p1|6\n|teamsize|p2|6\n|gen|9\n|tier|[Gen 9] VGC 2024 Reg H\n|rated|\n|rule|Species Clause: Limit one of each Pok\u00e9mon\n|rule|Item Clause: Limit 1 of each item\n|clearpoke\n|poke|p1|Torterra, L50, M|\n|poke|p1|Annihilape, L50, M|\n|poke|p1|Armarouge, L50, M|\n|poke|p1|Oranguru, L50, M|\n|poke|p1|Torkoal, L50, M|\n|poke|p1|Sylveon, L50, F|\n|poke|p2|Baxcalibur, L50, M|\n|poke|p2|Kilowattrel, L50, F|\n|poke|p2|Granbull, L50, F|\n|poke|p2|Gardevoir, L50, M|\n|poke|p2|Magmortar, L50, F|\n|poke|p2|Gholdengo, L50|\n|teampreview|4\n|inactive|Battle timer is ON: inactive players will automatically lose when time's up. (requested by PirateRoberts77)\n|j| BreadTest\n|\n|t:|1731261310\n|start\n|switch|p1a: Oranguru|Oranguru, L50, M|100\/100\n|switch|p1b: Annihilape|Annihilape, L50, M|100\/100\n|switch|p2a: Kilowattrel|Kilowattrel, L50, F|100\/100\n|switch|p2b: Baxcalibur|Baxcalibur, L50, M|100\/100\n|turn|1\n|inactive|PirateRoberts77 has 30 seconds left.\n|inactive|chin8 has 30 seconds left.\n|\n|t:|1731261336\n|switch|p2b: Gholdengo|Gholdengo, L50|100\/100\n|move|p1b: Annihilape|Close Combat|p2b: Gholdengo\n|-immune|p2b: Gholdengo\n|move|p2a: Kilowattrel|Air Slash|p1b: Annihilape\n|-supereffective|p1b: Annihilape\n|-damage|p1b: Annihilape|34\/100\n|move|p1a: Oranguru|Trick Room|p1a: Oranguru\n|-fieldstart|move: Trick Room|[of] p1a: Oranguru\n|\n|upkeep\n|turn|2\n|\n|t:|1731261356\n|switch|p2a: Magmortar|Magmortar, L50, F|100\/100\n|move|p1a: Oranguru|Foul Play|p2a: Magmortar\n|-damage|p2a: Magmortar|85\/100\n|move|p2b: Gholdengo|Nasty Plot|p2b: Gholdengo\n|-boost|p2b: Gholdengo|spa|2\n|move|p1b: Annihilape|Close Combat|p2a: Magmortar\n|-damage|p2a: Magmortar|35\/100\n|-unboost|p1b: Annihilape|def|1\n|-unboost|p1b: Annihilape|spd|1\n|-enditem|p2a: Magmortar|Sitrus Berry|[eat]\n|-heal|p2a: Magmortar|60\/100|[from] item: Sitrus Berry\n|\n|upkeep\n|turn|3\n|\n|t:|1731261377\n|-terastallize|p1a: Oranguru|Steel\n|move|p2a: Magmortar|Protect|p2a: Magmortar\n|-singleturn|p2a: Magmortar|Protect\n|move|p1a: Oranguru|Instruct|p1b: Annihilape\n|-singleturn|p1b: Annihilape|move: Instruct|[of] p1a: Oranguru\n|move|p1b: Annihilape|Close Combat|p2a: Magmortar\n|-activate|p2a: Magmortar|move: Protect\n|move|p2b: Gholdengo|Nasty Plot|p2b: Gholdengo\n|-boost|p2b: Gholdengo|spa|2\n|move|p1b: Annihilape|Close Combat|p2a: Magmortar\n|-activate|p2a: Magmortar|move: Protect\n|\n|upkeep\n|turn|4\n|inactive|chin8 has 30 seconds left.\n|\n|t:|1731261408\n|switch|p2a: Kilowattrel|Kilowattrel, L50, F|100\/100\n|move|p1a: Oranguru|Foul Play|p2b: Gholdengo\n|-supereffective|p2b: Gholdengo\n|-damage|p2b: Gholdengo|79\/100\n|move|p2b: Gholdengo|Make It Rain|p1a: Oranguru|[spread] p1a,p1b\n|-resisted|p1a: Oranguru\n|-damage|p1a: Oranguru|41\/100\n|-damage|p1b: Annihilape|0 fnt\n|-unboost|p2b: Gholdengo|spa|1\n|faint|p1b: Annihilape\n|\n|-heal|p2b: Gholdengo|85\/100|[from] item: Leftovers\n|upkeep\n|\n|t:|1731261420\n|switch|p1b: Torterra|Torterra, L50, M|100\/100\n|turn|5\n|\n|t:|1731261428\n|move|p2b: Gholdengo|Protect|p2b: Gholdengo\n|-singleturn|p2b: Gholdengo|Protect\n|move|p1b: Torterra|Wide Guard|p1b: Torterra\n|-singleturn|p1b: Torterra|Wide Guard\n|move|p1a: Oranguru|Foul Play|p2b: Gholdengo\n|-activate|p2b: Gholdengo|move: Protect\n|move|p2a: Kilowattrel|Air Slash|p1b: Torterra\n|-supereffective|p1b: Torterra\n|-damage|p1b: Torterra|29\/100\n|\n|-heal|p2b: Gholdengo|91\/100|[from] item: Leftovers\n|-fieldend|move: Trick Room\n|upkeep\n|turn|6\n|-message|PirateRoberts77 forfeited.\n|\n|win|chin8\n|raw|PirateRoberts77's rating: 1688 &rarr; <strong>1675<\/strong><br \/>(-13 for losing)\n|raw|chin8's rating: 1821 &rarr; <strong>1834<\/strong><br \/>(+13 for winning)\n|l|\u2606PirateRoberts77\n|player|p1|\n|l|\u2606chin8\n|player|p2|\n|l| BreadTest\n","uploadtime":1731261624,"views":37,"formatid":"gen9vgc2024regh","rating":1675,"private":0,"password":null}