{"id":"gen9vgc2024regh-2241164339","format":"[Gen 9] VGC 2024 Reg H","players":["xiaojiajiaar","cilan123"],"log":"|j|\u2606xiaojiajiaar\n|j|\u2606cilan123\n|t:|1731256295\n|gametype|doubles\n|player|p1|xiaojiajiaar|170|1656\n|player|p2|cilan123|cilan|1722\n|teamsize|p1|6\n|teamsize|p2|6\n|gen|9\n|tier|[Gen 9] VGC 2024 Reg H\n|rated|\n|rule|Species Clause: Limit one of each Pok\u00e9mon\n|rule|Item Clause: Limit 1 of each item\n|clearpoke\n|poke|p1|Muk-Alola, L50, F|\n|poke|p1|Smeargle, L50, F|\n|poke|p1|Flamigo, L50, F|\n|poke|p1|Armarouge, L50, F|\n|poke|p1|Indeedee-F, L50, F|\n|poke|p1|Meowstic, L50, M|\n|poke|p2|Gallade, L50, M|\n|poke|p2|Exeggutor, L50, M|\n|poke|p2|Ursaluna, L50, F|\n|poke|p2|Torkoal, L50, M|\n|poke|p2|Indeedee-F, L50, F|\n|poke|p2|Hatterene, L50, F|\n|teampreview|4\ncilan123 has agreed to open team sheets.\nxiaojiajiaar rejected open team sheets.\n|inactive|Battle timer is ON: inactive players will automatically lose when time's up. (requested by xiaojiajiaar)\n|\n|t:|1731256363\n|start\n|switch|p1a: Muk|Muk-Alola, L50, F|100\/100\n|switch|p1b: Smeargle|Smeargle, L50, F|100\/100\n|switch|p2a: Stella|Exeggutor, L50, M|100\/100\n|switch|p2b: Shaka|Gallade, L50, M|100\/100\n|turn|1\n|inactive|cilan123 has 30 seconds left.\n|inactive|cilan123 has 20 seconds left.\n|\n|t:|1731256398\n|move|p1b: Smeargle|Spore|p2b: Shaka\n|-status|p2b: Shaka|slp|[from] move: Spore\n|move|p2a: Stella|Sleep Powder|p1a: Muk|[miss]\n|-miss|p2a: Stella|p1a: Muk\n|cant|p2b: Shaka|slp\n|move|p1a: Muk|Minimize|p1a: Muk\n|-boost|p1a: Muk|evasion|2\n|\n|-ability|p1b: Smeargle|Moody|boost\n|-boost|p1b: Smeargle|def|2\n|-unboost|p1b: Smeargle|spe|1\n|upkeep\n|turn|2\n|\n|t:|1731256412\n|switch|p2b: Banjo|Ursaluna, L50, F|100\/100\n|move|p2a: Stella|Sleep Powder|p1b: Smeargle|[miss]\n|-miss|p2a: Stella|p1b: Smeargle\n|move|p1b: Smeargle|Decorate|p1a: Muk\n|-boost|p1a: Muk|atk|2\n|-boost|p1a: Muk|spa|2\n|move|p1a: Muk|Minimize|p1a: Muk\n|-boost|p1a: Muk|evasion|2\n|\n|-ability|p1b: Smeargle|Moody|boost\n|-boost|p1b: Smeargle|spd|2\n|-unboost|p1b: Smeargle|spe|1\n|-status|p2b: Banjo|brn|[from] item: Flame Orb\n|upkeep\n|turn|3\n|\n|t:|1731256431\n|switch|p2b: Shaka|Gallade, L50, M|100\/100 slp\n|-terastallize|p1a: Muk|Water\n|move|p1b: Smeargle|Follow Me|p1b: Smeargle\n|-singleturn|p1b: Smeargle|move: Follow Me\n|move|p2a: Stella|Sleep Powder|p1b: Smeargle\n|-status|p1b: Smeargle|slp|[from] move: Sleep Powder\n|move|p1a: Muk|Minimize|p1a: Muk\n|-boost|p1a: Muk|evasion|2\n|\n|-ability|p1b: Smeargle|Moody|boost\n|-boost|p1b: Smeargle|atk|2\n|-unboost|p1b: Smeargle|spa|1\n|upkeep\n|turn|4\n|\n|t:|1731256453\n|move|p2a: Stella|Energy Ball|p1a: Muk|[miss]\n|-miss|p2a: Stella|p1a: Muk\n|-curestatus|p2b: Shaka|slp|[msg]\n|move|p2b: Shaka|Sacred Sword|p1a: Muk\n|-damage|p1a: Muk|50\/100\n|move|p1a: Muk|Knock Off|p2b: Shaka\n|-damage|p2b: Shaka|0 fnt\n|-enditem|p2b: Shaka|Clear Amulet|[from] move: Knock Off|[of] p1a: Muk\n|faint|p2b: Shaka\n|cant|p1b: Smeargle|slp\n|\n|-heal|p1a: Muk|56\/100|[from] item: Leftovers\n|-ability|p1b: Smeargle|Moody|boost\n|-boost|p1b: Smeargle|spa|2\n|-unboost|p1b: Smeargle|spd|1\n|upkeep\n|\n|t:|1731256460\n|switch|p2b: Banjo|Ursaluna, L50, F|100\/100 brn\n|turn|5\n|inactive|cilan123 has 30 seconds left.\n|\n|t:|1731256488\n|move|p1a: Muk|Protect|p1a: Muk\n|-singleturn|p1a: Muk|Protect\n|cant|p1b: Smeargle|slp\n|move|p2b: Banjo|Facade|p1a: Muk\n|-activate|p1a: Muk|move: Protect\n|move|p2a: Stella|Trick Room|p2a: Stella\n|-fieldstart|move: Trick Room|[of] p2a: Stella\n|\n|-heal|p1a: Muk|62\/100|[from] item: Leftovers\n|-damage|p2b: Banjo|94\/100 brn|[from] brn\n|-ability|p1b: Smeargle|Moody|boost\n|-boost|p1b: Smeargle|spa|2\n|-unboost|p1b: Smeargle|atk|1\n|upkeep\n|turn|6\n|\n|t:|1731256510\n|cant|p1b: Smeargle|slp\n|move|p2b: Banjo|Facade|p1a: Muk|[miss]\n|-miss|p2b: Banjo|p1a: Muk\n|move|p1a: Muk|Knock Off|p2a: Stella\n|-supereffective|p2a: Stella\n|-enditem|p2a: Stella|Focus Sash\n|-damage|p2a: Stella|1\/100\n|move|p2a: Stella|Energy Ball|p1a: Muk|[miss]\n|-miss|p2a: Stella|p1a: Muk\n|\n|-heal|p1a: Muk|68\/100|[from] item: Leftovers\n|-damage|p2b: Banjo|88\/100 brn|[from] brn\n|-ability|p1b: Smeargle|Moody|boost\n|-boost|p1b: Smeargle|spe|2\n|-unboost|p1b: Smeargle|spa|1\n|upkeep\n|turn|7\n|l|\u2606xiaojiajiaar\n|inactive|xiaojiajiaar disconnected and has a minute to reconnect!\n|player|p1|\n|j|\u2606xiaojiajiaar\n|inactive|xiaojiajiaar reconnected and has 35 seconds left.\n|player|p1|xiaojiajiaar|170|\n|inactive|cilan123 has 30 seconds left.\n|\n|t:|1731256535\n|-curestatus|p1b: Smeargle|slp|[msg]\n|move|p1b: Smeargle|Follow Me|p1b: Smeargle\n|-singleturn|p1b: Smeargle|move: Follow Me\n|move|p2b: Banjo|Earthquake|p1a: Muk|[spread] p2a,p1a,p1b\n|-resisted|p2a: Stella\n|-damage|p2a: Stella|0 fnt\n|-damage|p1a: Muk|20\/100\n|-damage|p1b: Smeargle|19\/100\n|faint|p2a: Stella\n|move|p1a: Muk|Knock Off|p2b: Banjo\n|-damage|p2b: Banjo|39\/100 brn\n|-enditem|p2b: Banjo|Flame Orb|[from] move: Knock Off|[of] p1a: Muk\n|\n|-heal|p1a: Muk|26\/100|[from] item: Leftovers\n|-damage|p2b: Banjo|33\/100 brn|[from] brn\n|-ability|p1b: Smeargle|Moody|boost\n|-boost|p1b: Smeargle|def|2\n|-unboost|p1b: Smeargle|spa|1\n|upkeep\n|\n|t:|1731256550\n|switch|p2a: Atlas|Torkoal, L50, M|100\/100\n|-weather|SunnyDay|[from] ability: Drought|[of] p2a: Atlas\n|turn|8\n|\n|t:|1731256559\n|move|p1a: Muk|Protect|p1a: Muk\n|-singleturn|p1a: Muk|Protect\n|move|p1b: Smeargle|Follow Me|p1b: Smeargle\n|-singleturn|p1b: Smeargle|move: Follow Me\n|move|p2a: Atlas|Eruption|p1a: Muk|[spread] p1b\n|-activate|p1a: Muk|move: Protect\n|-damage|p1b: Smeargle|0 fnt\n|faint|p1b: Smeargle\n|-ability|p1a: Muk|Moody|[from] ability: Power of Alchemy|[of] p1b: Smeargle\n|move|p2b: Banjo|Facade|p1a: Muk\n|-activate|p1a: Muk|move: Protect\n|\n|-weather|SunnyDay|[upkeep]\n|-heal|p1a: Muk|32\/100|[from] item: Leftovers\n|-damage|p2b: Banjo|27\/100 brn|[from] brn\n|-ability|p1a: Muk|Moody|boost\n|-boost|p1a: Muk|spe|2\n|-unboost|p1a: Muk|atk|1\n|upkeep\n|\n|t:|1731256581\n|switch|p1b: Meowstic|Meowstic, L50, M|100\/100\n|turn|9\n|\n|t:|1731256598\n|-terastallize|p2b: Banjo|Ghost\n|move|p2a: Atlas|Protect|p2a: Atlas\n|-singleturn|p2a: Atlas|Protect\n|move|p1b: Meowstic|Psych Up|p1a: Muk\n|-copyboost|p1b: Meowstic|p1a: Muk|[from] move: Psych Up\n|move|p2b: Banjo|Earthquake|p1b: Meowstic|[spread] \n|-activate|p2a: Atlas|move: Protect\n|-miss|p2b: Banjo|p1a: Muk\n|-miss|p2b: Banjo|p1b: Meowstic\n|move|p1a: Muk|Knock Off|p2b: Banjo\n|-supereffective|p2b: Banjo\n|-damage|p2b: Banjo|0 fnt\n|faint|p2b: Banjo\n|\n|-weather|SunnyDay|[upkeep]\n|-heal|p1a: Muk|38\/100|[from] item: Leftovers\n|-fieldend|move: Trick Room\n|-ability|p1a: Muk|Moody|boost\n|-boost|p1a: Muk|atk|2\n|-unboost|p1a: Muk|def|1\n|upkeep\n|turn|10\n|\n|t:|1731256620\n|move|p1b: Meowstic|Stored Power|p2a: Atlas\n|-damage|p2a: Atlas|0 fnt\n|faint|p2a: Atlas\n|\n|win|xiaojiajiaar\n|raw|xiaojiajiaar's rating: 1656 &rarr; <strong>1680<\/strong><br \/>(+24 for winning)\n|raw|cilan123's rating: 1722 &rarr; <strong>1698<\/strong><br \/>(-24 for losing)\n|l|\u2606cilan123\n|player|p2|\n|l|\u2606xiaojiajiaar\n|player|p1|\n","uploadtime":1731256895,"views":31,"formatid":"gen9vgc2024regh","rating":1680,"private":0,"password":null}