{"id":"gen9vgc2024regh-2241546958","format":"[Gen 9] VGC 2024 Reg H","players":["winterbreak","iwbyh"],"log":"|j|\u2606winterbreak\n|j|\u2606iwbyh\n|t:|1731306305\n|gametype|doubles\n|player|p1|winterbreak|lucas-gen4pt|1836\n|player|p2|iwbyh|cynthia-gen4|1710\n|teamsize|p1|6\n|teamsize|p2|6\n|gen|9\n|tier|[Gen 9] VGC 2024 Reg H\n|rated|\n|rule|Species Clause: Limit one of each Pok\u00e9mon\n|rule|Item Clause: Limit 1 of each item\n|clearpoke\n|poke|p1|Primarina, L50, F|\n|poke|p1|Ursaluna-Bloodmoon, L50, M|\n|poke|p1|Gholdengo, L50|\n|poke|p1|Porygon2, L50|\n|poke|p1|Incineroar, L50, F|\n|poke|p1|Rillaboom, L50, F|\n|poke|p2|Indeedee-F, L50, F|\n|poke|p2|Torkoal, L50, F|\n|poke|p2|Dusclops, L50, F|\n|poke|p2|Hatterene, L50, F|\n|poke|p2|Gallade, L50, M|\n|poke|p2|Maushold-Four, L50|\n|teampreview|4\n|\n|t:|1731306349\n|start\n|switch|p1a: Primarina|Primarina, L50, F|100\/100\n|switch|p1b: Gholdengo|Gholdengo, L50|100\/100\n|switch|p2a: Indeedee|Indeedee-F, L50, F|100\/100\n|switch|p2b: Gallade|Gallade, L50, M|100\/100\n|-fieldstart|move: Psychic Terrain|[from] ability: Psychic Surge|[of] p2a: Indeedee\n|turn|1\n|\n|t:|1731306384\n|move|p2b: Gallade|Wide Guard|p2b: Gallade\n|-singleturn|p2b: Gallade|Wide Guard\n|move|p1b: Gholdengo|Make It Rain|p2b: Gallade|[spread] \n|-activate|p2a: Indeedee|move: Wide Guard\n|-activate|p2b: Gallade|move: Wide Guard\n|move|p1a: Primarina|Calm Mind|p1a: Primarina\n|-boost|p1a: Primarina|spa|1\n|-boost|p1a: Primarina|spd|1\n|move|p2a: Indeedee|Trick Room|p2a: Indeedee\n|-fieldstart|move: Trick Room|[of] p2a: Indeedee\n|\n|upkeep\n|turn|2\n|\n|t:|1731306421\n|switch|p2a: Hatterene|Hatterene, L50, F|100\/100\n|switch|p1b: Rillaboom|Rillaboom, L50, F|100\/100\n|-fieldstart|move: Grassy Terrain|[from] ability: Grassy Surge|[of] p1b: Rillaboom\n|move|p2b: Gallade|Wide Guard|p2b: Gallade\n|-singleturn|p2b: Gallade|Wide Guard\n|move|p1a: Primarina|Moonblast|p2b: Gallade\n|-supereffective|p2b: Gallade\n|-damage|p2b: Gallade|0 fnt\n|faint|p2b: Gallade\n|\n|upkeep\n|\n|t:|1731306433\n|switch|p2b: Indeedee|Indeedee-F, L50, F|100\/100\n|-fieldstart|move: Psychic Terrain|[from] ability: Psychic Surge|[of] p2b: Indeedee\n|turn|3\n|\n|t:|1731306450\n|switch|p1b: Gholdengo|Gholdengo, L50|100\/100\n|move|p2b: Indeedee|Helping Hand|p2a: Hatterene\n|-singleturn|p2a: Hatterene|Helping Hand|[of] p2b: Indeedee\n|move|p1a: Primarina|Protect|p1a: Primarina\n|-singleturn|p1a: Primarina|Protect\n|move|p2a: Hatterene|Expanding Force|p1a: Primarina|[spread] p1b\n|-activate|p1a: Primarina|move: Protect\n|-resisted|p1b: Gholdengo\n|-damage|p1b: Gholdengo|21\/100\n|-damage|p2a: Hatterene|91\/100|[from] item: Life Orb\n|\n|upkeep\n|turn|4\n|\n|t:|1731306497\n|switch|p1b: Rillaboom|Rillaboom, L50, F|100\/100\n|-fieldstart|move: Grassy Terrain|[from] ability: Grassy Surge|[of] p1b: Rillaboom\n|move|p2b: Indeedee|Follow Me|p2b: Indeedee\n|-singleturn|p2b: Indeedee|move: Follow Me\n|move|p2a: Hatterene|Mystical Fire|p1b: Rillaboom\n|-supereffective|p1b: Rillaboom\n|-damage|p1b: Rillaboom|44\/100\n|-unboost|p1b: Rillaboom|spa|1\n|-damage|p2a: Hatterene|81\/100|[from] item: Life Orb\n|move|p1a: Primarina|Hyper Voice|p2a: Hatterene|[spread] p2a,p2b\n|-damage|p2a: Hatterene|26\/100\n|-damage|p2b: Indeedee|48\/100\n|\n|-heal|p2a: Hatterene|32\/100|[from] Grassy Terrain\n|-heal|p2b: Indeedee|54\/100|[from] Grassy Terrain\n|-heal|p1b: Rillaboom|50\/100|[from] Grassy Terrain\n|upkeep\n|turn|5\n|\n|t:|1731306531\n|move|p1b: Rillaboom|Fake Out|p2a: Hatterene\n|-damage|p2a: Hatterene|14\/100\n|cant|p2a: Hatterene|flinch\n|move|p1a: Primarina|Hyper Voice|p2b: Indeedee|[spread] p2a,p2b\n|-damage|p2a: Hatterene|0 fnt\n|-damage|p2b: Indeedee|5\/100\n|faint|p2a: Hatterene\n|move|p2b: Indeedee|Trick Room|p2b: Indeedee\n|-fieldend|move: Trick Room\n|\n|-heal|p1b: Rillaboom|56\/100|[from] Grassy Terrain\n|-heal|p2b: Indeedee|11\/100|[from] Grassy Terrain\n|upkeep\n|j| maya hoppins\n|-message|iwbyh forfeited.\n|\n|win|winterbreak\n|raw|winterbreak's rating: 1836 &rarr; <strong>1849<\/strong><br \/>(+13 for winning)\n|raw|iwbyh's rating: 1710 &rarr; <strong>1697<\/strong><br \/>(-13 for losing)\n|l|\u2606iwbyh\n|player|p2|\n|l|\u2606winterbreak\n|player|p1|\n","uploadtime":1731306752,"views":32,"formatid":"gen9vgc2024regh","rating":1697,"private":0,"password":null}