{"id":"gen9vgc2024regh-2242338835","format":"[Gen 9] VGC 2024 Reg H","players":["sdhywgfsgg","vgclth cuwutie"],"log":"|raw|<div class=\"broadcast-blue\"><strong>This battle is required to be public due to a player having a name starting with 'vgclth'.<\/div>\n|j|\u2606sdhywgfsgg\n|j|\u2606vgclth cuwutie\n|t:|1731416836\n|gametype|doubles\n|player|p1|sdhywgfsgg|102|1714\n|player|p2|vgclth cuwutie|2|1647\n|teamsize|p1|6\n|teamsize|p2|6\n|gen|9\n|tier|[Gen 9] VGC 2024 Reg H\n|rated|\n|rule|Species Clause: Limit one of each Pok\u00e9mon\n|rule|Item Clause: Limit 1 of each item\n|clearpoke\n|poke|p1|Incineroar, L50, F|\n|poke|p1|Gothitelle, L50, F|\n|poke|p1|Gengar, L50, M|\n|poke|p1|Garchomp, L50, M|\n|poke|p1|Ninetales-Alola, L50, M|\n|poke|p1|Garganacl, L50, F|\n|poke|p2|Smeargle, L50, F|\n|poke|p2|Farigiraf, L50, F|\n|poke|p2|Grimmsnarl, L50, M|\n|poke|p2|Torkoal, L50, F|\n|poke|p2|Ursaluna-Bloodmoon, L50, M|\n|poke|p2|Araquanid, L50, M|\n|teampreview|4\n|inactive|Battle timer is ON: inactive players will automatically lose when time's up. (requested by sdhywgfsgg)\n|j| tzer99\n|inactive|sdhywgfsgg has 60 seconds left.\n|\n|t:|1731416872\n|start\n|switch|p1a: Garganacl|Garganacl, L50, F|100\/100\n|switch|p1b: Incineroar|Incineroar, L50, F|100\/100\n|switch|p2a: Smeargle|Smeargle, L50, F|100\/100\n|switch|p2b: Farigiraf|Farigiraf, L50, F|100\/100\n|-ability|p1b: Incineroar|Intimidate|boost\n|-unboost|p2a: Smeargle|atk|1\n|-enditem|p2a: Smeargle|Eject Pack\n|-unboost|p2b: Farigiraf|atk|1\n|inactive|vgclth cuwutie has 30 seconds left.\n|\n|t:|1731416905\n|switch|p2a: Ursaluna|Ursaluna-Bloodmoon, L50, M|100\/100\n|turn|1\n|\n|t:|1731416914\n|switch|p1b: Gothitelle|Gothitelle, L50, F|100\/100\n|-terastallize|p1a: Garganacl|Flying\n|move|p2b: Farigiraf|Helping Hand|p2a: Ursaluna\n|-singleturn|p2a: Ursaluna|Helping Hand|[of] p2b: Farigiraf\n|move|p2a: Ursaluna|Earth Power|p1a: Garganacl\n|-immune|p1a: Garganacl\n|move|p1a: Garganacl|Salt Cure|p2a: Ursaluna\n|-resisted|p2a: Ursaluna\n|-damage|p2a: Ursaluna|95\/100\n|-start|p2a: Ursaluna|Salt Cure\n|\n|-damage|p2a: Ursaluna|83\/100|[from] Salt Cure\n|upkeep\n|turn|2\n|\n|t:|1731416932\n|-terastallize|p2a: Ursaluna|Normal\n|move|p1a: Garganacl|Protect|p1a: Garganacl\n|-singleturn|p1a: Garganacl|Protect\n|move|p1b: Gothitelle|Psychic|p2a: Ursaluna\n|-damage|p2a: Ursaluna|50\/100\n|move|p2a: Ursaluna|Blood Moon|p1a: Garganacl\n|-activate|p1a: Garganacl|move: Protect\n|move|p2b: Farigiraf|Twin Beam|p1a: Garganacl\n|-activate|p1a: Garganacl|move: Protect\n|\n|-damage|p2a: Ursaluna|38\/100|[from] Salt Cure\n|upkeep\n|turn|3\n|\n|t:|1731416946\n|move|p2b: Farigiraf|Helping Hand|p2a: Ursaluna\n|-singleturn|p2a: Ursaluna|Helping Hand|[of] p2b: Farigiraf\n|move|p1b: Gothitelle|Psychic|p2a: Ursaluna\n|-damage|p2a: Ursaluna|2\/100\n|move|p2a: Ursaluna|Hyper Voice|p1b: Gothitelle|[spread] p1a,p1b\n|-damage|p1a: Garganacl|28\/100\n|-damage|p1b: Gothitelle|10\/100\n|-enditem|p1b: Gothitelle|Sitrus Berry|[eat]\n|-heal|p1b: Gothitelle|34\/100|[from] item: Sitrus Berry\n|-damage|p2a: Ursaluna|0 fnt|[from] item: Life Orb\n|faint|p2a: Ursaluna\n|move|p1a: Garganacl|Salt Cure|p2b: Farigiraf\n|-damage|p2b: Farigiraf|87\/100\n|-start|p2b: Farigiraf|Salt Cure\n|\n|-heal|p1a: Garganacl|34\/100|[from] item: Leftovers\n|-damage|p2b: Farigiraf|75\/100|[from] Salt Cure\n|upkeep\n|inactive|vgclth cuwutie has 30 seconds left.\n|inactive|vgclth cuwutie has 20 seconds left.\n|\n|t:|1731416982\n|switch|p2a: Araquanid|Araquanid, L50, M|100\/100\n|turn|4\n|\n|t:|1731416995\n|move|p1b: Gothitelle|Protect|p1b: Gothitelle\n|-singleturn|p1b: Gothitelle|Protect\n|move|p2a: Araquanid|Liquidation|p1b: Gothitelle\n|-activate|p1b: Gothitelle|move: Protect\n|move|p2b: Farigiraf|Twin Beam|p1a: Garganacl\n|-damage|p1a: Garganacl|23\/100\n|-damage|p1a: Garganacl|13\/100\n|-hitcount|p1a: Garganacl|2\n|move|p1a: Garganacl|Recover|p1a: Garganacl\n|-heal|p1a: Garganacl|63\/100\n|\n|-heal|p1a: Garganacl|69\/100|[from] item: Leftovers\n|-damage|p2b: Farigiraf|63\/100|[from] Salt Cure\n|upkeep\n|turn|5\n|\n|t:|1731417010\n|move|p2b: Farigiraf|Helping Hand|p2a: Araquanid\n|-singleturn|p2a: Araquanid|Helping Hand|[of] p2b: Farigiraf\n|move|p1b: Gothitelle|Psychic|p2a: Araquanid\n|-damage|p2a: Araquanid|76\/100\n|move|p2a: Araquanid|Liquidation|p1a: Garganacl\n|-damage|p1a: Garganacl|0 fnt\n|faint|p1a: Garganacl\n|\n|-damage|p2b: Farigiraf|50\/100|[from] Salt Cure\n|upkeep\n|\n|t:|1731417021\n|switch|p1a: Incineroar|Incineroar, L50, F|100\/100\n|-ability|p1a: Incineroar|Intimidate|boost\n|-unboost|p2a: Araquanid|atk|1\n|-unboost|p2b: Farigiraf|atk|1\n|turn|6\n|\n|t:|1731417032\n|switch|p1a: Ninetales|Ninetales-Alola, L50, M|100\/100\n|-weather|Snow|[from] ability: Snow Warning|[of] p1a: Ninetales\n|move|p1b: Gothitelle|Psychic|p2a: Araquanid\n|-damage|p2a: Araquanid|50\/100\n|move|p2a: Araquanid|Liquidation|p1a: Ninetales\n|-damage|p1a: Ninetales|40\/100\n|move|p2b: Farigiraf|Trick Room|p2b: Farigiraf\n|-fieldstart|move: Trick Room|[of] p2b: Farigiraf\n|\n|-weather|Snow|[upkeep]\n|-damage|p2b: Farigiraf|38\/100|[from] Salt Cure\n|upkeep\n|turn|7\n|\n|t:|1731417046\n|switch|p1a: Incineroar|Incineroar, L50, F|100\/100\n|-ability|p1a: Incineroar|Intimidate|boost\n|-unboost|p2a: Araquanid|atk|1\n|-unboost|p2b: Farigiraf|atk|1\n|move|p2b: Farigiraf|Helping Hand|p2a: Araquanid\n|-singleturn|p2a: Araquanid|Helping Hand|[of] p2b: Farigiraf\n|move|p2a: Araquanid|Liquidation|p1a: Incineroar\n|-supereffective|p1a: Incineroar\n|-damage|p1a: Incineroar|0 fnt\n|faint|p1a: Incineroar\n|move|p1b: Gothitelle|Trick Room|p1b: Gothitelle\n|-fieldend|move: Trick Room\n|\n|-weather|Snow|[upkeep]\n|-damage|p2b: Farigiraf|26\/100|[from] Salt Cure\n|upkeep\n|\n|t:|1731417058\n|switch|p1a: Ninetales|Ninetales-Alola, L50, M|40\/100\n|turn|8\n|\n|t:|1731417064\n|move|p1a: Ninetales|Blizzard|p2b: Farigiraf|[spread] p2a,p2b\n|-resisted|p2a: Araquanid\n|-damage|p2a: Araquanid|36\/100\n|-damage|p2b: Farigiraf|3\/100\n|move|p1b: Gothitelle|Psychic|p2a: Araquanid\n|-damage|p2a: Araquanid|11\/100\n|move|p2a: Araquanid|Liquidation|p1a: Ninetales\n|-damage|p1a: Ninetales|0 fnt\n|faint|p1a: Ninetales\n|move|p2b: Farigiraf|Trick Room|p2b: Farigiraf\n|-fieldstart|move: Trick Room|[of] p2b: Farigiraf\n|\n|-weather|Snow|[upkeep]\n|-damage|p2b: Farigiraf|0 fnt|[from] Salt Cure\n|faint|p2b: Farigiraf\n|upkeep\n|-message|sdhywgfsgg forfeited.\n|\n|win|vgclth cuwutie\n|raw|sdhywgfsgg's rating: 1714 &rarr; <strong>1691<\/strong><br \/>(-23 for losing)\n|raw|vgclth cuwutie's rating: 1665 &rarr; <strong>1688<\/strong><br \/>(+23 for winning)\n|l|\u2606sdhywgfsgg\n|player|p1|\n|l|\u2606vgclth cuwutie\n|player|p2|\n","uploadtime":1731417256,"views":47,"formatid":"gen9vgc2024regh","rating":1688,"private":0,"password":null}