{"id":"gen9vgc2024regh-2242960418","format":"[Gen 9] VGC 2024 Reg H","players":["VGCLTH mt","fish112233"],"log":"|raw|<div class=\"broadcast-blue\"><strong>This battle is required to be public due to a player having a name starting with 'vgclth'.<\/div>\n|j|\u2606VGCLTH mt\n|j|\u2606fish112233\n|t:|1731493928\n|gametype|doubles\n|player|p1|VGCLTH mt|cynthia|1685\n|player|p2|fish112233|169|1647\n|teamsize|p1|6\n|teamsize|p2|6\n|gen|9\n|tier|[Gen 9] VGC 2024 Reg H\n|rated|\n|rule|Species Clause: Limit one of each Pok\u00e9mon\n|rule|Item Clause: Limit 1 of each item\n|clearpoke\n|poke|p1|Annihilape, L50, M|\n|poke|p1|Dondozo, L50, M|\n|poke|p1|Grimmsnarl, L50, M|\n|poke|p1|Volcarona, L50, F|\n|poke|p1|Metagross, L50|\n|poke|p1|Dragonite, L50, M|\n|poke|p2|Torkoal, L50, F|\n|poke|p2|Lilligant-Hisui, L50, F|\n|poke|p2|Snorlax, L50, F|\n|poke|p2|Indeedee-F, L50, F|\n|poke|p2|Dragapult, L50, F|\n|poke|p2|Farigiraf, L50, M|\n|teampreview|4\n|inactive|Battle timer is ON: inactive players will automatically lose when time's up. (requested by VGCLTH mt)\n|inactive|fish112233 also wants the timer to be on.\n|j| KOPLUS\n|\n|t:|1731493947\n|start\n|switch|p1a: Grimmsnarl|Grimmsnarl, L50, M, shiny|100\/100\n|switch|p1b: Dragonite|Dragonite, L50, M, shiny|100\/100\n|switch|p2a: Indeedee|Indeedee-F, L50, F|100\/100\n|switch|p2b: Snorlax|Snorlax, L50, F|100\/100\n|-fieldstart|move: Psychic Terrain|[from] ability: Psychic Surge|[of] p2a: Indeedee\n|turn|1\n|inactive|VGCLTH mt has 30 seconds left.\n|\n|t:|1731493977\n|-terastallize|p1b: Dragonite|Flying\n|-terastallize|p2a: Indeedee|Fairy\n|move|p2a: Indeedee|Follow Me|p2a: Indeedee\n|-singleturn|p2a: Indeedee|move: Follow Me\n|move|p1b: Dragonite|Tera Blast|p2a: Indeedee|[anim] Tera Blast Flying\n|-crit|p2a: Indeedee\n|-damage|p2a: Indeedee|18\/100\n|move|p1a: Grimmsnarl|Spirit Break|p2a: Indeedee\n|-damage|p2a: Indeedee|0 fnt\n|-damage|p1a: Grimmsnarl|84\/100|[from] item: Rocky Helmet|[of] p2a: Indeedee\n|faint|p2a: Indeedee\n|-damage|p1a: Grimmsnarl|74\/100|[from] item: Life Orb\n|move|p2b: Snorlax|Belly Drum|p2b: Snorlax\n|-damage|p2b: Snorlax|50\/100\n|-setboost|p2b: Snorlax|atk|6|[from] move: Belly Drum\n|\n|upkeep\n|j| oztegjk8\n|\n|t:|1731493998\n|switch|p2a: Lilligant|Lilligant-Hisui, L50, F|100\/100\n|turn|2\n|inactive|VGCLTH mt has 30 seconds left.\n|-enditem|p2b: Snorlax|Custap Berry|[eat]\n|-activate|p2b: Snorlax|item: Custap Berry|[consumed]\n|\n|t:|1731494025\n|move|p2a: Lilligant|Protect|p2a: Lilligant\n|-singleturn|p2a: Lilligant|Protect\n|move|p1a: Grimmsnarl|Misty Terrain|p1a: Grimmsnarl\n|-fieldstart|move: Misty Terrain\n|move|p2b: Snorlax|Rock Slide|p1b: Dragonite|[spread] p1a,p1b\n|-supereffective|p1b: Dragonite\n|-crit|p1b: Dragonite\n|-damage|p1a: Grimmsnarl|0 fnt\n|-damage|p1b: Dragonite|0 fnt\n|faint|p1a: Grimmsnarl\n|faint|p1b: Dragonite\n|\n|upkeep\n|\n|t:|1731494027\n|switch|p1b: Volcarona|Volcarona, L50, F, shiny|100\/100\n|switch|p1a: Dondozo|Dondozo, L50, M, shiny|100\/100\n|turn|3\n|l| KOPLUS\n|\n|t:|1731494050\n|move|p2a: Lilligant|After You|p2b: Snorlax\n|-activate|p2b: Snorlax|move: After You\n|move|p2b: Snorlax|Rock Slide|p1a: Dondozo|[spread] p1a\n|-miss|p2b: Snorlax|p1b: Volcarona\n|-damage|p1a: Dondozo|91\/100\n|move|p1b: Volcarona|Heat Wave|p2a: Lilligant|[spread] p2a,p2b\n|-supereffective|p2a: Lilligant\n|-enditem|p2a: Lilligant|Focus Sash\n|-damage|p2a: Lilligant|1\/100\n|-damage|p2b: Snorlax|30\/100\n|cant|p1a: Dondozo|flinch\n|\n|upkeep\n|turn|4\n|j| KOPLUS\n|\n|t:|1731494064\n|move|p1a: Dondozo|Protect|p1a: Dondozo\n|-singleturn|p1a: Dondozo|Protect\n|move|p2a: Lilligant|After You|p2b: Snorlax\n|-activate|p2b: Snorlax|move: After You\n|move|p2b: Snorlax|Rock Slide|p1b: Volcarona|[spread] p1b\n|-activate|p1a: Dondozo|move: Protect\n|-supereffective|p1b: Volcarona\n|-damage|p1b: Volcarona|0 fnt\n|faint|p1b: Volcarona\n|\n|upkeep\n|turn|5\n|-message|VGCLTH mt forfeited.\n|\n|win|fish112233\n|raw|VGCLTH mt's rating: 1685 &rarr; <strong>1663<\/strong><br \/>(-22 for losing)\n|raw|fish112233's rating: 1647 &rarr; <strong>1669<\/strong><br \/>(+22 for winning)\n|l|\u2606VGCLTH mt\n|player|p1|\n|l|\u2606fish112233\n|player|p2|\n|l| KOPLUS\n","uploadtime":1731494281,"views":17,"formatid":"gen9vgc2024regh","rating":1663,"private":0,"password":null}