{"id":"gen9vgc2024regh-2242159020","format":"[Gen 9] VGC 2024 Reg H","players":["vgclth chromate","nicouser"],"log":"|raw|<div class=\"broadcast-blue\"><strong>This battle is required to be public due to a player having a name starting with 'vgclth'.<\/div>\n|j|\u2606vgclth chromate\n|j|\u2606nicouser\n|t:|1731384695\n|gametype|doubles\n|player|p1|vgclth chromate|allister|1651\n|player|p2|nicouser|265|1723\n|teamsize|p1|6\n|teamsize|p2|6\n|gen|9\n|tier|[Gen 9] VGC 2024 Reg H\n|rated|\n|rule|Species Clause: Limit one of each Pok\u00e9mon\n|rule|Item Clause: Limit 1 of each item\n|clearpoke\n|poke|p1|Archaludon, L50, F|\n|poke|p1|Pelipper, L50, F|\n|poke|p1|Basculegion, L50, M|\n|poke|p1|Gholdengo, L50|\n|poke|p1|Incineroar, L50, F|\n|poke|p1|Amoonguss, L50, F|\n|poke|p2|Ursaluna-Bloodmoon, L50, M|\n|poke|p2|Grimmsnarl, L50, M|\n|poke|p2|Annihilape, L50, M|\n|poke|p2|Sinistcha, L50|\n|poke|p2|Typhlosion-Hisui, L50, F|\n|poke|p2|Gastrodon, L50, F|\n|teampreview|4\n|inactive|Battle timer is ON: inactive players will automatically lose when time's up. (requested by nicouser)\n|\n|t:|1731384739\n|start\n|switch|p1a: Gholdengo|Gholdengo, L50|100\/100\n|switch|p1b: Pelipper|Pelipper, L50, F|100\/100\n|switch|p2a: Ursaluna|Ursaluna-Bloodmoon, L50, M|100\/100\n|switch|p2b: Grimmsnarl|Grimmsnarl, L50, M|100\/100\n|-weather|RainDance|[from] ability: Drizzle|[of] p1b: Pelipper\n|turn|1\n|\n|t:|1731384757\n|-terastallize|p1a: Gholdengo|Water\n|move|p2b: Grimmsnarl|Light Screen|p2b: Grimmsnarl\n|-sidestart|p2: nicouser|move: Light Screen\n|move|p1a: Gholdengo|Nasty Plot|p1a: Gholdengo\n|-boost|p1a: Gholdengo|spa|2\n|move|p1b: Pelipper|Weather Ball|p2a: Ursaluna\n|-supereffective|p2a: Ursaluna\n|-damage|p2a: Ursaluna|29\/100\n|move|p2a: Ursaluna|Earth Power|p1a: Gholdengo\n|-damage|p1a: Gholdengo|41\/100\n|\n|-weather|RainDance|[upkeep]\n|upkeep\n|turn|2\n|j| generalursus\n|\n|t:|1731384780\n|switch|p2a: Gastrodon|Gastrodon, L50, F|100\/100\n|move|p2b: Grimmsnarl|Thunder Wave|p1b: Pelipper\n|-status|p1b: Pelipper|par\n|move|p1a: Gholdengo|Make It Rain|p2b: Grimmsnarl|[spread] p2a,p2b\n|-resisted|p2a: Gastrodon\n|-crit|p2a: Gastrodon\n|-supereffective|p2b: Grimmsnarl\n|-damage|p2a: Gastrodon|20\/100\n|-damage|p2b: Grimmsnarl|0 fnt\n|-unboost|p1a: Gholdengo|spa|1\n|faint|p2b: Grimmsnarl\n|-damage|p1a: Gholdengo|31\/100|[from] item: Life Orb\n|move|p1b: Pelipper|Tailwind|p1b: Pelipper\n|-sidestart|p1: vgclth chromate|move: Tailwind\n|\n|-weather|RainDance|[upkeep]\n|upkeep\n|\n|t:|1731384803\n|switch|p2b: Sinistcha|Sinistcha, L50|100\/100\n|-heal|p2a: Gastrodon|45\/100|[from] ability: Hospitality|[of] p2b: Sinistcha\n|turn|3\n|\n|t:|1731384809\n|move|p2a: Gastrodon|Protect|p2a: Gastrodon\n|-singleturn|p2a: Gastrodon|Protect\n|move|p1a: Gholdengo|Make It Rain|p2b: Sinistcha|[spread] p2b\n|-activate|p2a: Gastrodon|move: Protect\n|-damage|p2b: Sinistcha|37\/100\n|-unboost|p1a: Gholdengo|spa|1\n|-damage|p1a: Gholdengo|21\/100|[from] item: Life Orb\n|cant|p1b: Pelipper|par\n|move|p2b: Sinistcha|Matcha Gotcha|p1a: Gholdengo|[spread] p1a,p1b\n|-supereffective|p1a: Gholdengo\n|-damage|p1a: Gholdengo|0 fnt\n|-heal|p2b: Sinistcha|47\/100|[from] drain|[of] p1a: Gholdengo\n|-damage|p1b: Pelipper|58\/100 par\n|-heal|p2b: Sinistcha|63\/100|[from] drain|[of] p1b: Pelipper\n|faint|p1a: Gholdengo\n|\n|-weather|RainDance|[upkeep]\n|upkeep\n|\n|t:|1731384832\n|switch|p1a: Basculegion|Basculegion, L50, M|100\/100\n|turn|4\n|inactive|nicouser has 30 seconds left.\n|\n|t:|1731384867\n|switch|p2b: Ursaluna|Ursaluna-Bloodmoon, L50, M|29\/100\n|move|p1a: Basculegion|Last Respects|p2a: Gastrodon\n|-damage|p2a: Gastrodon|0 fnt\n|faint|p2a: Gastrodon\n|move|p1b: Pelipper|Hurricane|p2b: Ursaluna\n|-damage|p2b: Ursaluna|0 fnt\n|faint|p2b: Ursaluna\n|\n|-weather|RainDance|[upkeep]\n|upkeep\n|\n|t:|1731384875\n|switch|p2b: Sinistcha|Sinistcha, L50|63\/100\n|turn|5\n|\n|t:|1731384881\n|switch|p1b: Amoonguss|Amoonguss, L50, F|100\/100\n|-terastallize|p2b: Sinistcha|Fairy\n|move|p1a: Basculegion|Last Respects|p2b: Sinistcha\n|-damage|p2b: Sinistcha|12\/100\n|move|p2b: Sinistcha|Matcha Gotcha|p1a: Basculegion|[spread] p1a,p1b\n|-supereffective|p1a: Basculegion\n|-resisted|p1b: Amoonguss\n|-damage|p1a: Basculegion|45\/100\n|-heal|p2b: Sinistcha|43\/100|[from] drain|[of] p1a: Basculegion\n|-damage|p1b: Amoonguss|95\/100\n|-heal|p2b: Sinistcha|46\/100|[from] drain|[of] p1b: Amoonguss\n|\n|-weather|none\n|-sideend|p1: vgclth chromate|move: Tailwind\n|upkeep\n|turn|6\n|\n|t:|1731384899\n|move|p1a: Basculegion|Last Respects|p2b: Sinistcha\n|-damage|p2b: Sinistcha|0 fnt\n|faint|p2b: Sinistcha\n|\n|win|vgclth chromate\n|raw|vgclth chromate's rating: 1651 &rarr; <strong>1675<\/strong><br \/>(+24 for winning)\n|raw|nicouser's rating: 1723 &rarr; <strong>1699<\/strong><br \/>(-24 for losing)\n|l|\u2606vgclth chromate\n|player|p1|\n|l| generalursus\n","uploadtime":1731385155,"views":43,"formatid":"gen9vgc2024regh","rating":1675,"private":0,"password":null}