{"id":"gen9vgc2024regh-2242702743","format":"[Gen 9] VGC 2024 Reg H","players":["ray4gej","contaro"],"log":"|j|\u2606ray4gej\n|j|\u2606contaro\n|t:|1731453610\n|gametype|doubles\n|player|p1|ray4gej|170|1760\n|player|p2|contaro|boarder|1686\n|teamsize|p1|6\n|teamsize|p2|6\n|gen|9\n|tier|[Gen 9] VGC 2024 Reg H\n|rated|\n|rule|Species Clause: Limit one of each Pok\u00e9mon\n|rule|Item Clause: Limit 1 of each item\n|clearpoke\n|poke|p1|Dondozo, L50, F|\n|poke|p1|Tatsugiri, L50, F|\n|poke|p1|Sneasler, L50, F|\n|poke|p1|Flamigo, L50, F|\n|poke|p1|Amoonguss, L50, F|\n|poke|p1|Gholdengo, L50|\n|poke|p2|Maushold-Four, L50|\n|poke|p2|Archaludon, L50, F|\n|poke|p2|Pelipper, L50, F|\n|poke|p2|Indeedee, L50, M|\n|poke|p2|Murkrow, L50, M|\n|poke|p2|Basculegion, L50, M|\n|teampreview|4\n|inactive|Battle timer is ON: inactive players will automatically lose when time's up. (requested by contaro)\n|\n|t:|1731453642\n|start\n|switch|p1a: Tatsugiri|Tatsugiri, L50, F|100\/100\n|switch|p1b: Flamigo|Flamigo, L50, F|100\/100\n|switch|p2a: Indeedee|Indeedee, L50, M|100\/100\n|switch|p2b: Murkrow|Murkrow, L50, M|100\/100\n|-fieldstart|move: Psychic Terrain|[from] ability: Psychic Surge|[of] p2a: Indeedee\n|turn|1\n|\n|t:|1731453663\n|move|p2b: Murkrow|Tailwind|p2b: Murkrow\n|-sidestart|p2: contaro|move: Tailwind\n|move|p2a: Indeedee|Expanding Force|p1b: Flamigo|[spread] p1a,p1b\n|-supereffective|p1b: Flamigo\n|-damage|p1a: Tatsugiri|33\/100\n|-enditem|p1b: Flamigo|Focus Sash\n|-damage|p1b: Flamigo|1\/100\n|move|p1a: Tatsugiri|Draco Meteor|p2a: Indeedee\n|-damage|p2a: Indeedee|14\/100\n|-unboost|p1a: Tatsugiri|spa|2\n|move|p1b: Flamigo|Tailwind|p1b: Flamigo\n|-sidestart|p1: ray4gej|move: Tailwind\n|\n|upkeep\n|turn|2\n|inactive|ray4gej has 30 seconds left.\n|inactive|contaro has 30 seconds left.\n|\n|t:|1731453689\n|move|p1a: Tatsugiri|Draco Meteor|p2a: Indeedee\n|-damage|p2a: Indeedee|0 fnt\n|-unboost|p1a: Tatsugiri|spa|2\n|faint|p2a: Indeedee\n|move|p1b: Flamigo|Close Combat|p2b: Murkrow\n|-damage|p2b: Murkrow|47\/100\n|-unboost|p1b: Flamigo|def|1\n|-unboost|p1b: Flamigo|spd|1\n|move|p2b: Murkrow|Snarl|p1b: Flamigo|[spread] p1a,p1b\n|-resisted|p1b: Flamigo\n|-damage|p1a: Tatsugiri|20\/100\n|-damage|p1b: Flamigo|0 fnt\n|-unboost|p1a: Tatsugiri|spa|1\n|faint|p1b: Flamigo\n|\n|upkeep\n|\n|t:|1731453703\n|switch|p2a: Archaludon|Archaludon, L50, F|100\/100\n|switch|p1b: Amoonguss|Amoonguss, L50, F|100\/100\n|turn|3\n|inactive|ray4gej has 30 seconds left.\n|\n|t:|1731453731\n|switch|p1a: Dondozo|Dondozo, L50, F, shiny|100\/100\n|switch|p2b: Pelipper|Pelipper, L50, F|100\/100\n|-weather|RainDance|[from] ability: Drizzle|[of] p2b: Pelipper\n|move|p2a: Archaludon|Electro Shot||[still]\n|-prepare|p2a: Archaludon|Electro Shot\n|-boost|p2a: Archaludon|spa|1\n|-anim|p2a: Archaludon|Electro Shot|p1a: Dondozo\n|-supereffective|p1a: Dondozo\n|-damage|p1a: Dondozo|19\/100\n|move|p1b: Amoonguss|Spore|p2a: Archaludon\n|-status|p2a: Archaludon|slp|[from] move: Spore\n|\n|-weather|RainDance|[upkeep]\n|upkeep\n|turn|4\n|\n|t:|1731453757\n|move|p1a: Dondozo|Protect|p1a: Dondozo\n|-singleturn|p1a: Dondozo|Protect\n|cant|p2a: Archaludon|slp\n|move|p2b: Pelipper|Hurricane|p1a: Dondozo\n|-activate|p1a: Dondozo|move: Protect\n|move|p1b: Amoonguss|Spore|p2b: Pelipper\n|-status|p2b: Pelipper|slp|[from] move: Spore\n|\n|-weather|RainDance|[upkeep]\n|-sideend|p1: ray4gej|move: Tailwind\n|-sideend|p2: contaro|move: Tailwind\n|upkeep\n|turn|5\n|-message|ray4gej forfeited.\n|\n|win|contaro\n|raw|ray4gej's rating: 1760 &rarr; <strong>1736<\/strong><br \/>(-24 for losing)\n|raw|contaro's rating: 1686 &rarr; <strong>1710<\/strong><br \/>(+24 for winning)\n|l|\u2606ray4gej\n|player|p1|\n|l|\u2606contaro\n|player|p2|\n","uploadtime":1731453981,"views":40,"formatid":"gen9vgc2024regh","rating":1710,"private":0,"password":null}