{"id":"gen9vgc2024regh-2242875030","format":"[Gen 9] VGC 2024 Reg H","players":["UzbekistanGG","Novicebest"],"log":"|j|\u2606UzbekistanGG\n|j|\u2606Novicebest\n|t:|1731477358\n|gametype|doubles\n|player|p1|UzbekistanGG|rhi|1718\n|player|p2|Novicebest|170|1742\n|teamsize|p1|6\n|teamsize|p2|6\n|gen|9\n|tier|[Gen 9] VGC 2024 Reg H\n|rated|\n|rule|Species Clause: Limit one of each Pok\u00e9mon\n|rule|Item Clause: Limit 1 of each item\n|clearpoke\n|poke|p1|Espathra, L50, F|\n|poke|p1|Archaludon, L50, M|\n|poke|p1|Ninetales-Alola, L50, M|\n|poke|p1|Gholdengo, L50|\n|poke|p1|Primarina, L50, F|\n|poke|p1|Indeedee, L50, M|\n|poke|p2|Pelipper, L50, F|\n|poke|p2|Rillaboom, L50, F|\n|poke|p2|Archaludon, L50, M|\n|poke|p2|Gholdengo, L50|\n|poke|p2|Sneasler, L50, F|\n|poke|p2|Incineroar, L50, M|\n|teampreview|4\n|inactive|Battle timer is ON: inactive players will automatically lose when time's up. (requested by UzbekistanGG)\n|j| UNPKHSR\n|inactive|UzbekistanGG has 60 seconds left.\n|inactive|Novicebest has 60 seconds left.\n|\n|t:|1731477407\n|start\n|switch|p1a: Espathra|Espathra, L50, F, shiny|100\/100\n|switch|p1b: Archaludon|Archaludon, L50, M|100\/100\n|switch|p2a: Incineroar|Incineroar, L50, M|100\/100\n|switch|p2b: Gholdengo|Gholdengo, L50|100\/100\n|-ability|p2a: Incineroar|Intimidate|boost\n|-unboost|p1a: Espathra|atk|1\n|-unboost|p1b: Archaludon|atk|1\n|turn|1\n|inactive|UzbekistanGG has 30 seconds left.\n|\n|t:|1731477432\n|switch|p1b: Indeedee|Indeedee, L50, M, shiny|100\/100\n|-fieldstart|move: Psychic Terrain|[from] ability: Psychic Surge|[of] p1b: Indeedee\n|-terastallize|p1a: Espathra|Fighting\n|move|p1a: Espathra|Tera Blast|p2a: Incineroar|[anim] Tera Blast Fighting\n|-supereffective|p2a: Incineroar\n|-damage|p2a: Incineroar|35\/100\n|move|p2b: Gholdengo|Nasty Plot|p2b: Gholdengo\n|-boost|p2b: Gholdengo|spa|2\n|move|p2a: Incineroar|Snarl|p1a: Espathra|[spread] p1a,p1b\n|-resisted|p1a: Espathra\n|-supereffective|p1b: Indeedee\n|-damage|p1a: Espathra|93\/100\n|-damage|p1b: Indeedee|70\/100\n|-unboost|p1a: Espathra|spa|1\n|-unboost|p1b: Indeedee|spa|1\n|\n|-ability|p1a: Espathra|Speed Boost|boost\n|-boost|p1a: Espathra|spe|1\n|upkeep\n|turn|2\n|inactive|Novicebest has 30 seconds left.\n|\n|t:|1731477462\n|switch|p2a: Rillaboom|Rillaboom, L50, F|100\/100\n|-fieldstart|move: Grassy Terrain|[from] ability: Grassy Surge|[of] p2a: Rillaboom\n|move|p1a: Espathra|Protect|p1a: Espathra\n|-singleturn|p1a: Espathra|Protect\n|move|p2b: Gholdengo|Protect|p2b: Gholdengo\n|-singleturn|p2b: Gholdengo|Protect\n|move|p1b: Indeedee|Tera Blast|p2a: Rillaboom\n|-damage|p2a: Rillaboom|85\/100\n|\n|-heal|p1a: Espathra|99\/100|[from] Grassy Terrain\n|-heal|p1b: Indeedee|75\/100|[from] Grassy Terrain\n|-heal|p2a: Rillaboom|91\/100|[from] Grassy Terrain\n|-ability|p1a: Espathra|Speed Boost|boost\n|-boost|p1a: Espathra|spe|1\n|upkeep\n|turn|3\n|\n|t:|1731477484\n|switch|p1b: Archaludon|Archaludon, L50, M|100\/100\n|move|p2a: Rillaboom|Fake Out|p1a: Espathra\n|-damage|p1a: Espathra|80\/100\n|cant|p1a: Espathra|flinch\n|move|p2b: Gholdengo|Nasty Plot|p2b: Gholdengo\n|-boost|p2b: Gholdengo|spa|2\n|\n|-heal|p1a: Espathra|86\/100|[from] Grassy Terrain\n|-heal|p2a: Rillaboom|97\/100|[from] Grassy Terrain\n|-ability|p1a: Espathra|Speed Boost|boost\n|-boost|p1a: Espathra|spe|1\n|upkeep\n|turn|4\n|\n|t:|1731477506\n|move|p1a: Espathra|Lumina Crash|p2b: Gholdengo\n|-resisted|p2b: Gholdengo\n|-damage|p2b: Gholdengo|88\/100\n|-unboost|p2b: Gholdengo|spd|2\n|move|p1b: Archaludon|Electro Shot||[still]\n|-prepare|p1b: Archaludon|Electro Shot\n|-boost|p1b: Archaludon|spa|1\n|-enditem|p1b: Archaludon|Power Herb\n|-anim|p1b: Archaludon|Electro Shot|p2b: Gholdengo\n|-damage|p2b: Gholdengo|0 fnt\n|faint|p2b: Gholdengo\n|move|p2a: Rillaboom|High Horsepower|p1b: Archaludon\n|-supereffective|p1b: Archaludon\n|-crit|p1b: Archaludon\n|-damage|p1b: Archaludon|30\/100\n|\n|-heal|p1a: Espathra|92\/100|[from] Grassy Terrain\n|-heal|p1b: Archaludon|36\/100|[from] Grassy Terrain\n|-heal|p2a: Rillaboom|100\/100|[from] Grassy Terrain\n|-ability|p1a: Espathra|Speed Boost|boost\n|-boost|p1a: Espathra|spe|1\n|upkeep\n|\n|t:|1731477525\n|switch|p2b: Sneasler|Sneasler, L50, F|100\/100\n|-enditem|p2b: Sneasler|Grassy Seed\n|-boost|p2b: Sneasler|def|1|[from] item: Grassy Seed\n|turn|5\n|inactive|Novicebest has 30 seconds left.\n|inactive|Novicebest has 20 seconds left.\n|\n|t:|1731477561\n|switch|p1b: Indeedee|Indeedee, L50, M, shiny|75\/100\n|-fieldstart|move: Psychic Terrain|[from] ability: Psychic Surge|[of] p1b: Indeedee\n|-terastallize|p2b: Sneasler|Flying\n|move|p2b: Sneasler|Fake Out|p1a: Espathra\n|-activate|p1a: Espathra|move: Psychic Terrain\n|move|p1a: Espathra|Expanding Force|p2a: Rillaboom|[spread] p2a,p2b\n|-damage|p2a: Rillaboom|78\/100\n|-damage|p2b: Sneasler|50\/100\n|move|p2a: Rillaboom|High Horsepower|p1b: Indeedee\n|-damage|p1b: Indeedee|14\/100\n|\n|-ability|p1a: Espathra|Speed Boost|boost\n|-boost|p1a: Espathra|spe|1\n|upkeep\n|turn|6\n|inactive|UzbekistanGG has 30 seconds left.\n|\n|t:|1731477594\n|switch|p2a: Incineroar|Incineroar, L50, M|35\/100\n|-ability|p2a: Incineroar|Intimidate|boost\n|-unboost|p1a: Espathra|atk|1\n|-unboost|p1b: Indeedee|atk|1\n|move|p1a: Espathra|Lumina Crash|p2b: Sneasler\n|-damage|p2b: Sneasler|7\/100\n|-unboost|p2b: Sneasler|spd|2\n|move|p2b: Sneasler|Acrobatics|p1a: Espathra\n|-supereffective|p1a: Espathra\n|-damage|p1a: Espathra|0 fnt\n|faint|p1a: Espathra\n|move|p1b: Indeedee|Expanding Force|p2b: Sneasler|[spread] p2b\n|-immune|p2a: Incineroar\n|-damage|p2b: Sneasler|0 fnt\n|faint|p2b: Sneasler\n|\n|upkeep\n|\n|t:|1731477610\n|switch|p2b: Rillaboom|Rillaboom, L50, F|78\/100\n|switch|p1a: Gholdengo|Gholdengo, L50|100\/100\n|-fieldstart|move: Grassy Terrain|[from] ability: Grassy Surge|[of] p2b: Rillaboom\n|turn|7\n|\n|t:|1731477628\n|move|p1b: Indeedee|Expanding Force|p2b: Rillaboom\n|-damage|p2b: Rillaboom|55\/100\n|move|p1a: Gholdengo|Make It Rain|p2a: Incineroar|[spread] p2a,p2b\n|-resisted|p2a: Incineroar\n|-damage|p2a: Incineroar|3\/100\n|-damage|p2b: Rillaboom|6\/100\n|-unboost|p1a: Gholdengo|spa|1\n|move|p2b: Rillaboom|High Horsepower|p1a: Gholdengo\n|-supereffective|p1a: Gholdengo\n|-crit|p1a: Gholdengo\n|-damage|p1a: Gholdengo|11\/100\n|move|p2a: Incineroar|Snarl|p1a: Gholdengo|[spread] p1a,p1b\n|-supereffective|p1a: Gholdengo\n|-supereffective|p1b: Indeedee\n|-damage|p1a: Gholdengo|0 fnt\n|-damage|p1b: Indeedee|0 fnt\n|faint|p1a: Gholdengo\n|faint|p1b: Indeedee\n|\n|-heal|p2b: Rillaboom|12\/100|[from] Grassy Terrain\n|-heal|p2a: Incineroar|9\/100|[from] Grassy Terrain\n|upkeep\n|\n|t:|1731477649\n|switch|p1b: Archaludon|Archaludon, L50, M|36\/100\n|turn|8\n|\n|t:|1731477673\n|move|p1b: Archaludon|Dragon Pulse|p2b: Rillaboom\n|-damage|p2b: Rillaboom|0 fnt\n|faint|p2b: Rillaboom\n|move|p2a: Incineroar|Knock Off|p1b: Archaludon\n|-damage|p1b: Archaludon|13\/100\n|\n|-heal|p1b: Archaludon|19\/100|[from] Grassy Terrain\n|-heal|p2a: Incineroar|16\/100|[from] Grassy Terrain\n|upkeep\n|turn|9\n|\n|t:|1731477685\n|move|p1b: Archaludon|Dragon Pulse|p2a: Incineroar\n|-damage|p2a: Incineroar|0 fnt\n|faint|p2a: Incineroar\n|\n|win|UzbekistanGG\n|raw|UzbekistanGG's rating: 1718 &rarr; <strong>1739<\/strong><br \/>(+21 for winning)\n|raw|Novicebest's rating: 1742 &rarr; <strong>1721<\/strong><br \/>(-21 for losing)\n|l|\u2606Novicebest\n|player|p2|\n|l| UNPKHSR\n|l|\u2606UzbekistanGG\n|player|p1|\n","uploadtime":1731477914,"views":24,"formatid":"gen9vgc2024regh","rating":1721,"private":0,"password":null}