{"id":"gen9vgc2024regh-2242963255","format":"[Gen 9] VGC 2024 Reg H","players":["VGCLTH Thacrow","certified urgl"],"log":"|raw|<div class=\"broadcast-blue\"><strong>This battle is required to be public due to a player having a name starting with 'vgclth'.<\/div>\n|j|\u2606VGCLTH Thacrow\n|j|\u2606certified urgl\n|t:|1731494408\n|gametype|doubles\n|player|p1|VGCLTH Thacrow|wallace-masters|1815\n|player|p2|certified urgl|elesa|1822\n|teamsize|p1|6\n|teamsize|p2|6\n|gen|9\n|tier|[Gen 9] VGC 2024 Reg H\n|rated|\n|rule|Species Clause: Limit one of each Pok\u00e9mon\n|rule|Item Clause: Limit 1 of each item\n|clearpoke\n|poke|p1|Ceruledge, L50, F|\n|poke|p1|Gastrodon-East, L50, M|\n|poke|p1|Sneasler, L50, F|\n|poke|p1|Dragonite, L50, F|\n|poke|p1|Rillaboom, L50, F|\n|poke|p1|Kingambit, L50, M|\n|poke|p2|Archaludon, L50, F|\n|poke|p2|Gholdengo, L50|\n|poke|p2|Ursaluna, L50, M|\n|poke|p2|Sinistcha, L50|\n|poke|p2|Dragonite, L50, F|\n|poke|p2|Pelipper, L50, F|\n|teampreview|4\n|inactive|Battle timer is ON: inactive players will automatically lose when time's up. (requested by certified urgl)\nVGCLTH Thacrow has agreed to open team sheets.\n|inactive|certified urgl has 60 seconds left.\n|\n|t:|1731494448\n|start\n|switch|p1a: Kidturtle|Sneasler, L50, F, shiny|100\/100\n|switch|p1b: Godlyreal|Kingambit, L50, M|100\/100\n|switch|p2a: Ursaluna|Ursaluna, L50, M|100\/100\n|switch|p2b: Dragonite|Dragonite, L50, F|100\/100\n|turn|1\n|\n|t:|1731494454\n|-terastallize|p1b: Godlyreal|Flying\n|move|p1a: Kidturtle|Coaching|p1b: Godlyreal\n|-boost|p1b: Godlyreal|atk|1\n|-boost|p1b: Godlyreal|def|1\n|move|p2b: Dragonite|Scale Shot|p1a: Kidturtle\n|-damage|p1a: Kidturtle|77\/100\n|-damage|p1a: Kidturtle|57\/100\n|-damage|p1a: Kidturtle|36\/100\n|-damage|p1a: Kidturtle|14\/100\n|-hitcount|p1a: Kidturtle|4\n|-unboost|p2b: Dragonite|def|1\n|-boost|p2b: Dragonite|spe|1\n|move|p2a: Ursaluna|Headlong Rush|p1b: Godlyreal\n|-immune|p1b: Godlyreal\n|move|p1b: Godlyreal|Kowtow Cleave|p2b: Dragonite\n|-damage|p2b: Dragonite|49\/100\n|\n|-status|p2a: Ursaluna|brn|[from] item: Flame Orb\n|upkeep\n|turn|2\n|inactive|certified urgl has 30 seconds left.\n|\n|t:|1731494483\n|switch|p1a: AdlrichYan|Rillaboom, L50, F|100\/100\n|-fieldstart|move: Grassy Terrain|[from] ability: Grassy Surge|[of] p1a: AdlrichYan\n|move|p2b: Dragonite|Tailwind|p2b: Dragonite\n|-sidestart|p2: certified urgl|move: Tailwind\n|move|p2a: Ursaluna|Facade|p1b: Godlyreal\n|-damage|p1b: Godlyreal|33\/100\n|move|p1b: Godlyreal|Kowtow Cleave|p2b: Dragonite\n|-damage|p2b: Dragonite|0 fnt\n|faint|p2b: Dragonite\n|\n|-damage|p2a: Ursaluna|94\/100 brn|[from] brn\n|upkeep\n|\n|t:|1731494506\n|switch|p2b: Archaludon|Archaludon, L50, F|100\/100\n|turn|3\n|inactive|certified urgl has 30 seconds left.\n|\n|t:|1731494535\n|move|p1a: AdlrichYan|Grassy Glide|p2a: Ursaluna\n|-supereffective|p2a: Ursaluna\n|-crit|p2a: Ursaluna\n|-damage|p2a: Ursaluna|0 fnt\n|faint|p2a: Ursaluna\n|move|p1b: Godlyreal|Sucker Punch|p2b: Archaludon\n|-damage|p2b: Archaludon|60\/100\n|-ability|p2b: Archaludon|Stamina|boost\n|-boost|p2b: Archaludon|def|1\n|move|p2b: Archaludon|Flash Cannon|p1b: Godlyreal\n|-damage|p1b: Godlyreal|9\/100\n|\n|-heal|p2b: Archaludon|66\/100|[from] Grassy Terrain\n|upkeep\n|\n|t:|1731494538\n|switch|p2a: Sinistcha|Sinistcha, L50|100\/100\n|-heal|p2b: Archaludon|91\/100|[from] ability: Hospitality|[of] p2a: Sinistcha\n|turn|4\n|\n|t:|1731494551\n|move|p1b: Godlyreal|Sucker Punch||[still]\n|-fail|p1b: Godlyreal\n|move|p2b: Archaludon|Flash Cannon|p1b: Godlyreal\n|-damage|p1b: Godlyreal|0 fnt\n|faint|p1b: Godlyreal\n|move|p1a: AdlrichYan|Wood Hammer|p2a: Sinistcha\n|-resisted|p2a: Sinistcha\n|-damage|p2a: Sinistcha|54\/100\n|-damage|p1a: AdlrichYan|86\/100|[from] Recoil\n|move|p2a: Sinistcha|Trick Room|p2a: Sinistcha\n|-fieldstart|move: Trick Room|[of] p2a: Sinistcha\n|\n|-heal|p1a: AdlrichYan|92\/100|[from] Grassy Terrain\n|-heal|p2a: Sinistcha|61\/100|[from] Grassy Terrain\n|-heal|p2b: Archaludon|97\/100|[from] Grassy Terrain\n|upkeep\n|\n|t:|1731494556\n|switch|p1b: Joe Dog|Gastrodon-East, L50, M|100\/100\n|turn|5\n|\n|t:|1731494565\n|-terastallize|p2a: Sinistcha|Dark\n|move|p1a: AdlrichYan|Grassy Glide|p2a: Sinistcha\n|-damage|p2a: Sinistcha|20\/100\n|-enditem|p2a: Sinistcha|Sitrus Berry|[eat]\n|-heal|p2a: Sinistcha|45\/100|[from] item: Sitrus Berry\n|move|p1b: Joe Dog|Ice Beam|p2a: Sinistcha\n|-damage|p2a: Sinistcha|26\/100\n|move|p2a: Sinistcha|Matcha Gotcha|p1b: Joe Dog|[spread] p1a,p1b\n|-resisted|p1a: AdlrichYan\n|-supereffective|p1b: Joe Dog\n|-damage|p1a: AdlrichYan|71\/100\n|-heal|p2a: Sinistcha|36\/100|[from] drain|[of] p1a: AdlrichYan\n|-damage|p1b: Joe Dog|0 fnt\n|-heal|p2a: Sinistcha|98\/100|[from] drain|[of] p1b: Joe Dog\n|faint|p1b: Joe Dog\n|move|p2b: Archaludon|Body Press|p1a: AdlrichYan\n|-damage|p1a: AdlrichYan|29\/100\n|\n|-heal|p1a: AdlrichYan|35\/100|[from] Grassy Terrain\n|-heal|p2a: Sinistcha|100\/100|[from] Grassy Terrain\n|-heal|p2b: Archaludon|100\/100|[from] Grassy Terrain\n|-sideend|p2: certified urgl|move: Tailwind\n|upkeep\n|-message|VGCLTH Thacrow forfeited.\n|\n|win|certified urgl\n|raw|VGCLTH Thacrow's rating: 1815 &rarr; <strong>1795<\/strong><br \/>(-20 for losing)\n|raw|certified urgl's rating: 1822 &rarr; <strong>1842<\/strong><br \/>(+20 for winning)\n|l|\u2606VGCLTH Thacrow\n|player|p1|\n|l|\u2606certified urgl\n|player|p2|\n|j|\u2606certified urgl\n|player|p2|certified urgl|elesa|\n","uploadtime":1731494640,"views":35,"formatid":"gen9vgc2024regh","rating":1795,"private":0,"password":null}