{"id":"gen9vgc2024regh-2242754116","format":"[Gen 9] VGC 2024 Reg H","players":["jayjazZa","VGCLTH lily"],"log":"|raw|<div class=\"broadcast-blue\"><strong>This battle is required to be public due to a player having a name starting with 'vgclth'.<\/div>\n|j|\u2606jayjazZa\n|j|\u2606VGCLTH lily\n|t:|1731459861\n|gametype|doubles\n|player|p1|jayjazZa|265|1748\n|player|p2|VGCLTH lily|akari|1637\n|teamsize|p1|6\n|teamsize|p2|6\n|gen|9\n|tier|[Gen 9] VGC 2024 Reg H\n|rated|\n|rule|Species Clause: Limit one of each Pok\u00e9mon\n|rule|Item Clause: Limit 1 of each item\n|clearpoke\n|poke|p1|Tatsugiri, L50, F|\n|poke|p1|Sneasler, L50, M|\n|poke|p1|Dondozo, L50, M|\n|poke|p1|Indeedee, L50, M|\n|poke|p1|Pelipper, L50, M|\n|poke|p1|Archaludon, L50, F|\n|poke|p2|Baxcalibur, L50, F|\n|poke|p2|Dondozo, L50, M|\n|poke|p2|Kingambit, L50, M|\n|poke|p2|Rillaboom, L50, M|\n|poke|p2|Sneasler, L50, F|\n|poke|p2|Volcarona, L50, M|\n|teampreview|4\n|inactive|Battle timer is ON: inactive players will automatically lose when time's up. (requested by VGCLTH lily)\n|inactive|jayjazZa also wants the timer to be on.\n|\n|t:|1731459891\n|start\n|switch|p1a: Sneasler|Sneasler, L50, M|100\/100\n|switch|p1b: Indeedee|Indeedee, L50, M|100\/100\n|switch|p2a: Kingambit|Kingambit, L50, M|100\/100\n|switch|p2b: Baxcalibur|Baxcalibur, L50, F|100\/100\n|-fieldstart|move: Psychic Terrain|[from] ability: Psychic Surge|[of] p1b: Indeedee\n|-enditem|p1a: Sneasler|Psychic Seed\n|-boost|p1a: Sneasler|spd|1|[from] item: Psychic Seed\n|turn|1\n|inactive|VGCLTH lily has 30 seconds left.\n|\n|t:|1731459923\n|switch|p2b: Rillaboom|Rillaboom, L50, M|100\/100\n|-fieldstart|move: Grassy Terrain|[from] ability: Grassy Surge|[of] p2b: Rillaboom\n|-terastallize|p1a: Sneasler|Dark\n|move|p2a: Kingambit|Sucker Punch|p1b: Indeedee\n|-supereffective|p1b: Indeedee\n|-enditem|p1b: Indeedee|Focus Sash\n|-damage|p1b: Indeedee|1\/100\n|move|p1a: Sneasler|Throat Chop|p2b: Rillaboom\n|-damage|p2b: Rillaboom|57\/100\n|-start|p2b: Rillaboom|Throat Chop|[silent]\n|move|p1b: Indeedee|Expanding Force|p2b: Rillaboom\n|-damage|p2b: Rillaboom|32\/100\n|\n|-heal|p1b: Indeedee|7\/100|[from] Grassy Terrain\n|-heal|p2b: Rillaboom|38\/100|[from] Grassy Terrain\n|upkeep\n|turn|2\n|\n|t:|1731459946\n|switch|p1b: Archaludon|Archaludon, L50, F|100\/100\n|move|p1a: Sneasler|Protect|p1a: Sneasler\n|-singleturn|p1a: Sneasler|Protect\n|move|p2b: Rillaboom|Fake Out|p1a: Sneasler\n|-activate|p1a: Sneasler|move: Protect\n|move|p2a: Kingambit|Swords Dance|p2a: Kingambit\n|-boost|p2a: Kingambit|atk|2\n|\n|-heal|p2b: Rillaboom|44\/100|[from] Grassy Terrain\n|-end|p2b: Rillaboom|Throat Chop|[silent]\n|upkeep\n|turn|3\n|\n|t:|1731459961\n|switch|p1b: Indeedee|Indeedee, L50, M|7\/100\n|-fieldstart|move: Psychic Terrain|[from] ability: Psychic Surge|[of] p1b: Indeedee\n|switch|p2b: Volcarona|Volcarona, L50, M|100\/100\n|move|p2a: Kingambit|Protect|p2a: Kingambit\n|-singleturn|p2a: Kingambit|Protect\n|move|p1a: Sneasler|Dire Claw|p2b: Volcarona\n|-damage|p2b: Volcarona|48\/100\n|-status|p1a: Sneasler|brn|[from] ability: Flame Body|[of] p2b: Volcarona\n|\n|-damage|p1a: Sneasler|95\/100 brn|[from] brn\n|upkeep\n|turn|4\n|\n|t:|1731459985\n|switch|p2b: Rillaboom|Rillaboom, L50, M|44\/100\n|-fieldstart|move: Grassy Terrain|[from] ability: Grassy Surge|[of] p2b: Rillaboom\n|-terastallize|p2a: Kingambit|Dark\n|move|p1a: Sneasler|Close Combat|p2a: Kingambit\n|-supereffective|p2a: Kingambit\n|-damage|p2a: Kingambit|42\/100\n|-unboost|p1a: Sneasler|def|1\n|-unboost|p1a: Sneasler|spd|1\n|move|p1b: Indeedee|Expanding Force|p2b: Rillaboom\n|-damage|p2b: Rillaboom|22\/100\n|move|p2a: Kingambit|Kowtow Cleave|p1a: Sneasler\n|-resisted|p1a: Sneasler\n|-damage|p1a: Sneasler|0 fnt\n|faint|p1a: Sneasler\n|\n|-heal|p1b: Indeedee|13\/100|[from] Grassy Terrain\n|-heal|p2b: Rillaboom|28\/100|[from] Grassy Terrain\n|-heal|p2a: Kingambit|48\/100|[from] Grassy Terrain\n|upkeep\n|\n|t:|1731459989\n|switch|p1a: Pelipper|Pelipper, L50, M|100\/100\n|-weather|RainDance|[from] ability: Drizzle|[of] p1a: Pelipper\n|turn|5\n|\n|t:|1731460009\n|switch|p1b: Archaludon|Archaludon, L50, F|100\/100\n|move|p2b: Rillaboom|Grassy Glide|p1a: Pelipper\n|-damage|p1a: Pelipper|72\/100\n|move|p2a: Kingambit|Sucker Punch|p1a: Pelipper\n|-damage|p1a: Pelipper|0 fnt\n|faint|p1a: Pelipper\n|\n|-weather|RainDance|[upkeep]\n|-heal|p2b: Rillaboom|34\/100|[from] Grassy Terrain\n|-heal|p2a: Kingambit|55\/100|[from] Grassy Terrain\n|upkeep\n|\n|t:|1731460016\n|switch|p1a: Indeedee|Indeedee, L50, M|13\/100\n|-fieldstart|move: Psychic Terrain|[from] ability: Psychic Surge|[of] p1a: Indeedee\n|turn|6\n|\n|t:|1731460037\n|switch|p2b: Baxcalibur|Baxcalibur, L50, F|100\/100\n|move|p2a: Kingambit|Protect|p2a: Kingambit\n|-singleturn|p2a: Kingambit|Protect\n|move|p1a: Indeedee|Expanding Force|p2a: Kingambit|[spread] p2b\n|-activate|p2a: Kingambit|move: Protect\n|-damage|p2b: Baxcalibur|45\/100\n|move|p1b: Archaludon|Body Press|p2a: Kingambit\n|-activate|p2a: Kingambit|move: Protect\n|\n|-weather|RainDance|[upkeep]\n|upkeep\n|turn|7\n|\n|t:|1731460056\n|switch|p2b: Rillaboom|Rillaboom, L50, M|34\/100\n|-fieldstart|move: Grassy Terrain|[from] ability: Grassy Surge|[of] p2b: Rillaboom\n|move|p2a: Kingambit|Sucker Punch|p1a: Indeedee\n|-supereffective|p1a: Indeedee\n|-damage|p1a: Indeedee|0 fnt\n|faint|p1a: Indeedee\n|move|p1b: Archaludon|Body Press|p2a: Kingambit\n|-supereffective|p2a: Kingambit\n|-damage|p2a: Kingambit|18\/100\n|\n|-weather|RainDance|[upkeep]\n|-heal|p2b: Rillaboom|40\/100|[from] Grassy Terrain\n|-heal|p2a: Kingambit|24\/100|[from] Grassy Terrain\n|upkeep\n|turn|8\n|\n|t:|1731460073\n|move|p2b: Rillaboom|Fake Out|p1b: Archaludon\n|-resisted|p1b: Archaludon\n|-damage|p1b: Archaludon|94\/100\n|-ability|p1b: Archaludon|Stamina|boost\n|-boost|p1b: Archaludon|def|1\n|cant|p1b: Archaludon|flinch\n|move|p2a: Kingambit|Swords Dance|p2a: Kingambit\n|-boost|p2a: Kingambit|atk|2\n|\n|-weather|RainDance|[upkeep]\n|-heal|p1b: Archaludon|100\/100|[from] Grassy Terrain\n|-heal|p2b: Rillaboom|46\/100|[from] Grassy Terrain\n|-heal|p2a: Kingambit|31\/100|[from] Grassy Terrain\n|upkeep\n|turn|9\n|\n|t:|1731460078\n|switch|p2b: Volcarona|Volcarona, L50, M|48\/100\n|move|p2a: Kingambit|Protect|p2a: Kingambit\n|-singleturn|p2a: Kingambit|Protect\n|move|p1b: Archaludon|Electro Shot||[still]\n|-prepare|p1b: Archaludon|Electro Shot\n|-boost|p1b: Archaludon|spa|1\n|-anim|p1b: Archaludon|Electro Shot|p2a: Kingambit\n|-activate|p2a: Kingambit|move: Protect\n|\n|-weather|none\n|-heal|p2b: Volcarona|55\/100|[from] Grassy Terrain\n|-heal|p2a: Kingambit|37\/100|[from] Grassy Terrain\n|upkeep\n|turn|10\n|\n|t:|1731460087\n|move|p2b: Volcarona|Rage Powder|p2b: Volcarona\n|-singleturn|p2b: Volcarona|move: Rage Powder\n|move|p1b: Archaludon|Body Press|p2b: Volcarona\n|-resisted|p2b: Volcarona\n|-damage|p2b: Volcarona|35\/100\n|move|p2a: Kingambit|Kowtow Cleave|p1b: Archaludon\n|-damage|p1b: Archaludon|0 fnt\n|faint|p1b: Archaludon\n|\n|win|VGCLTH lily\n|raw|jayjazZa's rating: 1748 &rarr; <strong>1722<\/strong><br \/>(-26 for losing)\n|raw|VGCLTH lily's rating: 1637 &rarr; <strong>1663<\/strong><br \/>(+26 for winning)\n|l|\u2606jayjazZa\n|player|p1|\n","uploadtime":1731460090,"views":55,"formatid":"gen9vgc2024regh","rating":1663,"private":0,"password":null}