{"id":"gen9vgc2024regh-2242156676","format":"[Gen 9] VGC 2024 Reg H","players":["nicouser","elvegis1"],"log":"|j|\u2606nicouser\n|j|\u2606elvegis1\n|t:|1731384338\n|gametype|doubles\n|player|p1|nicouser|265|1701\n|player|p2|elvegis1|lucas|1733\n|teamsize|p1|6\n|teamsize|p2|6\n|gen|9\n|tier|[Gen 9] VGC 2024 Reg H\n|rated|\n|rule|Species Clause: Limit one of each Pok\u00e9mon\n|rule|Item Clause: Limit 1 of each item\n|clearpoke\n|poke|p1|Ursaluna-Bloodmoon, L50, M|\n|poke|p1|Grimmsnarl, L50, M|\n|poke|p1|Annihilape, L50, F|\n|poke|p1|Sinistcha, L50|\n|poke|p1|Typhlosion-Hisui, L50, F|\n|poke|p1|Gastrodon, L50, F|\n|poke|p2|Incineroar, L50, F|\n|poke|p2|Gholdengo, L50|\n|poke|p2|Dondozo, L50, M|\n|poke|p2|Sneasler, L50, F|\n|poke|p2|Ursaluna, L50, M|\n|poke|p2|Dusclops, L50, M|\n|teampreview|4\n|inactive|Battle timer is ON: inactive players will automatically lose when time's up. (requested by elvegis1)\n|inactive|nicouser has 60 seconds left.\n|inactive|elvegis1 has 60 seconds left.\n|\n|t:|1731384386\n|start\n|switch|p1a: Ursaluna|Ursaluna-Bloodmoon, L50, M|100\/100\n|switch|p1b: Grimmsnarl|Grimmsnarl, L50, M|100\/100\n|switch|p2a: Dusclops|Dusclops, L50, M|100\/100\n|switch|p2b: Dondozo|Dondozo, L50, M|100\/100\n|-item|p1a: Ursaluna|Assault Vest|[from] ability: Frisk|[of] p2a: Dusclops\n|-item|p1b: Grimmsnarl|Light Clay|[from] ability: Frisk|[of] p2a: Dusclops\n|turn|1\n|j| generalursus\n|\n|t:|1731384402\n|-terastallize|p1a: Ursaluna|Normal\n|move|p1b: Grimmsnarl|Reflect|p1b: Grimmsnarl\n|-sidestart|p1: nicouser|Reflect\n|move|p1a: Ursaluna|Blood Moon|p2b: Dondozo\n|-damage|p2b: Dondozo|17\/100\n|move|p2b: Dondozo|Yawn|p1a: Ursaluna\n|-start|p1a: Ursaluna|move: Yawn|[of] p2b: Dondozo\n|move|p2a: Dusclops|Trick Room|p2a: Dusclops\n|-fieldstart|move: Trick Room|[of] p2a: Dusclops\n|\n|-heal|p2b: Dondozo|23\/100|[from] item: Leftovers\n|upkeep\n|turn|2\n|inactive|elvegis1 has 30 seconds left.\n|\n|t:|1731384428\n|switch|p1a: Gastrodon|Gastrodon, L50, F|100\/100\n|move|p2b: Dondozo|Protect|p2b: Dondozo\n|-singleturn|p2b: Dondozo|Protect\n|move|p1b: Grimmsnarl|Thunder Wave|p2a: Dusclops\n|-status|p2a: Dusclops|par\n|move|p2a: Dusclops|Will-O-Wisp|p1b: Grimmsnarl|[miss]\n|-miss|p2a: Dusclops|p1b: Grimmsnarl\n|\n|-heal|p2b: Dondozo|29\/100|[from] item: Leftovers\n|upkeep\n|turn|3\n|\n|t:|1731384450\n|cant|p2a: Dusclops|par\n|move|p2b: Dondozo|Yawn|p1a: Gastrodon\n|-start|p1a: Gastrodon|move: Yawn|[of] p2b: Dondozo\n|move|p1a: Gastrodon|Yawn|p2b: Dondozo\n|-start|p2b: Dondozo|move: Yawn|[of] p1a: Gastrodon\n|move|p1b: Grimmsnarl|Spirit Break|p2b: Dondozo\n|-damage|p2b: Dondozo|12\/100\n|-unboost|p2b: Dondozo|spa|1\n|\n|-heal|p2b: Dondozo|18\/100|[from] item: Leftovers\n|upkeep\n|turn|4\n|\n|t:|1731384467\n|switch|p2b: Ursaluna|Ursaluna, L50, M|100\/100\n|switch|p1a: Ursaluna|Ursaluna-Bloodmoon, L50, M, tera:Normal|100\/100\n|move|p2a: Dusclops|Will-O-Wisp|p1b: Grimmsnarl\n|-status|p1b: Grimmsnarl|brn\n|move|p1b: Grimmsnarl|Spirit Break|p2b: Ursaluna\n|-damage|p2b: Ursaluna|90\/100\n|-unboost|p2b: Ursaluna|spa|1\n|\n|-damage|p1b: Grimmsnarl|95\/100 brn|[from] brn\n|-status|p2b: Ursaluna|brn|[from] item: Flame Orb\n|upkeep\n|turn|5\n|inactive|nicouser has 30 seconds left.\n|\n|t:|1731384496\n|move|p2a: Dusclops|Pain Split|p1a: Ursaluna\n|-sethp|p1a: Ursaluna|88\/100|[from] move: Pain Split|[silent]\n|-sethp|p2a: Dusclops|100\/100 par|[from] move: Pain Split\n|move|p2b: Ursaluna|Facade|p1a: Ursaluna\n|-damage|p1a: Ursaluna|21\/100\n|move|p1b: Grimmsnarl|Spirit Break|p2b: Ursaluna\n|-damage|p2b: Ursaluna|79\/100 brn\n|-unboost|p2b: Ursaluna|spa|1\n|move|p1a: Ursaluna|Blood Moon|p2b: Ursaluna\n|-damage|p2b: Ursaluna|0 fnt\n|faint|p2b: Ursaluna\n|\n|-damage|p1b: Grimmsnarl|89\/100 brn|[from] brn\n|-fieldend|move: Trick Room\n|upkeep\n|\n|t:|1731384511\n|switch|p2b: Dondozo|Dondozo, L50, M|18\/100\n|turn|6\n|\n|t:|1731384516\n|switch|p1b: Sinistcha|Sinistcha, L50|100\/100\n|-heal|p1a: Ursaluna|46\/100|[from] ability: Hospitality|[of] p1b: Sinistcha\n|move|p2b: Dondozo|Protect|p2b: Dondozo\n|-singleturn|p2b: Dondozo|Protect\n|move|p1a: Ursaluna|Hyper Voice|p2b: Dondozo|[spread] p2a\n|-activate|p2b: Dondozo|move: Protect\n|-damage|p2a: Dusclops|75\/100 par\n|cant|p2a: Dusclops|par\n|\n|-heal|p2b: Dondozo|24\/100|[from] item: Leftovers\n|upkeep\n|turn|7\n|\n|t:|1731384528\n|move|p1a: Ursaluna|Hyper Voice|p2a: Dusclops|[spread] p2a,p2b\n|-crit|p2b: Dondozo\n|-damage|p2a: Dusclops|49\/100 par\n|-damage|p2b: Dondozo|0 fnt\n|faint|p2b: Dondozo\n|move|p1b: Sinistcha|Life Dew||[still]|[spread] p1a,p1b\n|-heal|p1a: Ursaluna|71\/100\n|-fail|p1b: Sinistcha|heal\n|move|p2a: Dusclops|Trick Room|p2a: Dusclops\n|-fieldstart|move: Trick Room|[of] p2a: Dusclops\n|\n|upkeep\n|\n|t:|1731384535\n|switch|p2b: Incineroar|Incineroar, L50, F|100\/100\n|-ability|p2b: Incineroar|Intimidate|boost\n|-unboost|p1a: Ursaluna|atk|1\n|-unboost|p1b: Sinistcha|atk|1\n|turn|8\n|\n|t:|1731384554\n|switch|p1b: Grimmsnarl|Grimmsnarl, L50, M|89\/100 brn\n|-terastallize|p2b: Incineroar|Ghost\n|cant|p2a: Dusclops|par\n|move|p2b: Incineroar|Flare Blitz|p1b: Grimmsnarl\n|-damage|p1b: Grimmsnarl|56\/100 brn\n|-damage|p2b: Incineroar|90\/100|[from] Recoil\n|move|p1a: Ursaluna|Blood Moon|p2b: Incineroar\n|-damage|p2b: Incineroar|0 fnt\n|faint|p2b: Incineroar\n|\n|-damage|p1b: Grimmsnarl|50\/100 brn|[from] brn\n|-sideend|p1: nicouser|Reflect\n|upkeep\n|turn|9\n|c|\u2606elvegis1|Too many para\n|c|\u2606elvegis1|Gg\n|inactive|elvegis1 has 30 seconds left.\n|\n|t:|1731384585\n|switch|p1b: Sinistcha|Sinistcha, L50|100\/100\n|-heal|p1a: Ursaluna|96\/100|[from] ability: Hospitality|[of] p1b: Sinistcha\n|move|p2a: Dusclops|Night Shade|p1b: Sinistcha\n|-damage|p1b: Sinistcha|72\/100\n|move|p1a: Ursaluna|Hyper Voice|p2a: Dusclops\n|-damage|p2a: Dusclops|11\/100 par\n|\n|upkeep\n|turn|10\n|\n|t:|1731384596\n|move|p1b: Sinistcha|Rage Powder|p1b: Sinistcha\n|-singleturn|p1b: Sinistcha|move: Rage Powder\n|move|p2a: Dusclops|Pain Split|p1b: Sinistcha\n|-sethp|p1b: Sinistcha|40\/100|[from] move: Pain Split|[silent]\n|-sethp|p2a: Dusclops|48\/100 par|[from] move: Pain Split\n|move|p1a: Ursaluna|Blood Moon|p2a: Dusclops\n|-damage|p2a: Dusclops|0 fnt\n|faint|p2a: Dusclops\n|\n|win|nicouser\n|raw|nicouser's rating: 1701 &rarr; <strong>1723<\/strong><br \/>(+22 for winning)\n|raw|elvegis1's rating: 1733 &rarr; <strong>1711<\/strong><br \/>(-22 for losing)\n|l|\u2606elvegis1\n|player|p2|\n|l| generalursus\n","uploadtime":1731384740,"views":70,"formatid":"gen9vgc2024regh","rating":1711,"private":0,"password":null}