{"id":"gen9vgc2024regh-2242404942","format":"[Gen 9] VGC 2024 Reg H","players":["SL1D","vgclth souly"],"log":"|raw|<div class=\"broadcast-blue\"><strong>This battle is required to be public due to a player having a name starting with 'vgclth'.<\/div>\n|j|\u2606SL1D\n|j|\u2606vgclth souly\n|t:|1731424122\n|gametype|doubles\n|player|p1|SL1D|blue|1751\n|player|p2|vgclth souly|#smogonxnpa2024draftee|1779\n|teamsize|p1|6\n|teamsize|p2|6\n|gen|9\n|tier|[Gen 9] VGC 2024 Reg H\n|rated|\n|rule|Species Clause: Limit one of each Pok\u00e9mon\n|rule|Item Clause: Limit 1 of each item\n|clearpoke\n|poke|p1|Vivillon, L50, M|\n|poke|p1|Gliscor, L50, M|\n|poke|p1|Archaludon, L50, F|\n|poke|p1|Kingambit, L50, F|\n|poke|p1|Incineroar, L50, F|\n|poke|p1|Ninetales-Alola, L50, F|\n|poke|p2|Archaludon, L50, F|\n|poke|p2|Pelipper, L50, F|\n|poke|p2|Electabuzz, L50, F|\n|poke|p2|Kingambit, L50, F|\n|poke|p2|Rillaboom, L50, M|\n|poke|p2|Basculegion, L50, M|\n|teampreview|4\n|inactive|Battle timer is ON: inactive players will automatically lose when time's up. (requested by SL1D)\n|\n|t:|1731424139\n|start\n|switch|p1a: Vivillon|Vivillon, L50, M|100\/100\n|switch|p1b: Gliscor|Gliscor, L50, M, shiny|100\/100\n|switch|p2a: Pelipper|Pelipper, L50, F|100\/100\n|switch|p2b: Basculegion|Basculegion, L50, M|100\/100\n|-weather|RainDance|[from] ability: Drizzle|[of] p2a: Pelipper\n|turn|1\n|\n|t:|1731424154\n|switch|p1b: Archaludon|Archaludon, L50, F|100\/100\n|move|p2a: Pelipper|Protect|p2a: Pelipper\n|-singleturn|p2a: Pelipper|Protect\n|move|p2b: Basculegion|Flip Turn|p1a: Vivillon\n|-enditem|p1a: Vivillon|Focus Sash\n|-damage|p1a: Vivillon|1\/100\n|\n|t:|1731424162\n|switch|p2b: Rillaboom|Rillaboom, L50, M|100\/100|[from] Flip Turn\n|-fieldstart|move: Grassy Terrain|[from] ability: Grassy Surge|[of] p2b: Rillaboom\n|move|p1a: Vivillon|Sleep Powder|p2b: Rillaboom\n|-immune|p2b: Rillaboom\n|\n|-weather|RainDance|[upkeep]\n|upkeep\n|turn|2\n|\n|t:|1731424178\n|move|p2b: Rillaboom|Grassy Glide|p1a: Vivillon\n|-resisted|p1a: Vivillon\n|-damage|p1a: Vivillon|0 fnt\n|faint|p1a: Vivillon\n|move|p2a: Pelipper|Tailwind|p2a: Pelipper\n|-sidestart|p2: vgclth souly|move: Tailwind\n|move|p1b: Archaludon|Electro Shot||[still]\n|-prepare|p1b: Archaludon|Electro Shot\n|-boost|p1b: Archaludon|spa|1\n|-anim|p1b: Archaludon|Electro Shot|p2a: Pelipper\n|-supereffective|p2a: Pelipper\n|-enditem|p2a: Pelipper|Focus Sash\n|-damage|p2a: Pelipper|1\/100\n|\n|-weather|RainDance|[upkeep]\n|upkeep\n|\n|t:|1731424193\n|switch|p1a: Kingambit|Kingambit, L50, F|100\/100\n|turn|3\n|\n|t:|1731424203\n|switch|p2a: Archaludon|Archaludon, L50, F|100\/100\n|move|p1a: Kingambit|Sucker Punch||[still]\n|-fail|p1a: Kingambit\n|move|p2b: Rillaboom|High Horsepower|p1b: Archaludon\n|-supereffective|p1b: Archaludon\n|-damage|p1b: Archaludon|51\/100\n|move|p1b: Archaludon|Dragon Pulse|p2b: Rillaboom\n|-damage|p2b: Rillaboom|50\/100\n|\n|-weather|RainDance|[upkeep]\n|-heal|p2b: Rillaboom|56\/100|[from] Grassy Terrain\n|-heal|p1b: Archaludon|57\/100|[from] Grassy Terrain\n|upkeep\n|turn|4\n|j| VGCLTH Thacrow\n|inactive|SL1D has 30 seconds left.\n|inactive|vgclth souly has 30 seconds left.\n|\n|t:|1731424237\n|switch|p1a: Gliscor|Gliscor, L50, M, shiny|100\/100\n|move|p2b: Rillaboom|High Horsepower|p1b: Archaludon\n|-supereffective|p1b: Archaludon\n|-damage|p1b: Archaludon|14\/100\n|move|p2a: Archaludon|Electro Shot||[still]\n|-prepare|p2a: Archaludon|Electro Shot\n|-boost|p2a: Archaludon|spa|1\n|-anim|p2a: Archaludon|Electro Shot|p1b: Archaludon\n|-resisted|p1b: Archaludon\n|-damage|p1b: Archaludon|0 fnt\n|faint|p1b: Archaludon\n|\n|-weather|RainDance|[upkeep]\n|-heal|p2b: Rillaboom|62\/100|[from] Grassy Terrain\n|upkeep\n|\n|t:|1731424247\n|switch|p1b: Kingambit|Kingambit, L50, F|100\/100\n|turn|5\n|\n|t:|1731424268\n|-terastallize|p2a: Archaludon|Fairy\n|-terastallize|p1b: Kingambit|Flying\n|move|p2b: Rillaboom|High Horsepower|p1b: Kingambit\n|-immune|p1b: Kingambit\n|move|p2a: Archaludon|Electro Shot||[still]\n|-prepare|p2a: Archaludon|Electro Shot\n|-boost|p2a: Archaludon|spa|1\n|-anim|p2a: Archaludon|Electro Shot|p1b: Kingambit\n|-supereffective|p1b: Kingambit\n|-damage|p1b: Kingambit|0 fnt\n|faint|p1b: Kingambit\n|move|p1a: Gliscor|Earthquake|p2b: Rillaboom|[spread] p2a,p2b\n|-resisted|p2b: Rillaboom\n|-damage|p2a: Archaludon|83\/100\n|-damage|p2b: Rillaboom|52\/100\n|-ability|p2a: Archaludon|Stamina|boost\n|-boost|p2a: Archaludon|def|1\n|\n|-weather|none\n|-heal|p2b: Rillaboom|58\/100|[from] Grassy Terrain\n|-heal|p2a: Archaludon|89\/100|[from] Grassy Terrain\n|-heal|p2a: Archaludon|95\/100|[from] item: Leftovers\n|-sideend|p2: vgclth souly|move: Tailwind\n|-fieldend|move: Grassy Terrain\n|upkeep\n|turn|6\n|-message|SL1D forfeited.\n|\n|win|vgclth souly\n|raw|SL1D's rating: 1751 &rarr; <strong>1733<\/strong><br \/>(-18 for losing)\n|raw|vgclth souly's rating: 1779 &rarr; <strong>1797<\/strong><br \/>(+18 for winning)\n|l|\u2606SL1D\n|player|p1|\n|l|\u2606vgclth souly\n|player|p2|\n|l| VGCLTH Thacrow\n|j| VGCLTH 2thyfor\n|l| VGCLTH 2thyfor\n|j| Tilzy\n|l| Tilzy\n|j| VGCLTH Thacrow\n|l| VGCLTH Thacrow\n|j| loopsgg\n|l| loopsgg\n","uploadtime":1731424319,"views":52,"formatid":"gen9vgc2024regh","rating":1733,"private":0,"password":null}