{"id":"gen9vgc2024regh-2242866335","format":"[Gen 9] VGC 2024 Reg H","players":["Click and hope 1","VGCLTH Pig"],"log":"|raw|<div class=\"broadcast-blue\"><strong>This battle is required to be public due to a player having a name starting with 'vgclth'.<\/div>\n|j|\u2606Click and hope 1\n|j|\u2606VGCLTH Pig\n|t:|1731475729\n|gametype|doubles\n|player|p1|Click and hope 1|1|1705\n|player|p2|VGCLTH Pig|lucas|1713\n|teamsize|p1|6\n|teamsize|p2|6\n|gen|9\n|tier|[Gen 9] VGC 2024 Reg H\n|rated|\n|rule|Species Clause: Limit one of each Pok\u00e9mon\n|rule|Item Clause: Limit 1 of each item\n|clearpoke\n|poke|p1|Archaludon, L50, M|\n|poke|p1|Politoed, L50, F|\n|poke|p1|Sableye, L50, M|\n|poke|p1|Sinistcha, L50|\n|poke|p1|Whimsicott, L50, M|\n|poke|p1|Arcanine, L50, M|\n|poke|p2|Garchomp, L50, M|\n|poke|p2|Dragonite, L50, F|\n|poke|p2|Amoonguss, L50, F|\n|poke|p2|Incineroar, L50, M|\n|poke|p2|Ninetales-Alola, L50, F|\n|poke|p2|Kingambit, L50, M|\n|teampreview|4\n|inactive|Battle timer is ON: inactive players will automatically lose when time's up. (requested by Click and hope 1)\n|\n|t:|1731475760\n|start\n|switch|p1a: Politoed|Politoed, L50, F|100\/100\n|switch|p1b: Arcanine|Arcanine, L50, M|100\/100\n|switch|p2a: Kingambit|Kingambit, L50, M|100\/100\n|switch|p2b: Garchomp|Garchomp, L50, M|100\/100\n|-weather|RainDance|[from] ability: Drizzle|[of] p1a: Politoed\n|turn|1\n|\n|t:|1731475776\n|switch|p2a: Dragonite|Dragonite, L50, F|100\/100\n|-terastallize|p1b: Arcanine|Grass\n|move|p1a: Politoed|Ice Beam|p2b: Garchomp\n|-supereffective|p2b: Garchomp\n|-damage|p2b: Garchomp|0 fnt\n|faint|p2b: Garchomp\n|move|p1b: Arcanine|Close Combat|p2a: Dragonite\n|-resisted|p2a: Dragonite\n|-damage|p2a: Dragonite|92\/100\n|-unboost|p1b: Arcanine|def|1\n|-unboost|p1b: Arcanine|spd|1\n|\n|-weather|RainDance|[upkeep]\n|upkeep\n|\n|t:|1731475786\n|switch|p2b: Ninetales|Ninetales-Alola, L50, F|100\/100\n|-weather|Snow|[from] ability: Snow Warning|[of] p2b: Ninetales\n|turn|2\n|j| ChinaDragonVGC\n|\n|t:|1731475802\n|switch|p1a: Archaludon|Archaludon, L50, M|100\/100\n|-terastallize|p2b: Ninetales|Ice\n|move|p2b: Ninetales|Blizzard|p1b: Arcanine|[spread] p1a,p1b\n|-supereffective|p1b: Arcanine\n|-damage|p1a: Archaludon|63\/100\n|-damage|p1b: Arcanine|0 fnt\n|-ability|p1a: Archaludon|Stamina|boost\n|-boost|p1a: Archaludon|def|1\n|faint|p1b: Arcanine\n|move|p2a: Dragonite|Aerial Ace|p1a: Archaludon\n|-resisted|p1a: Archaludon\n|-damage|p1a: Archaludon|54\/100\n|-ability|p1a: Archaludon|Stamina|boost\n|-boost|p1a: Archaludon|def|1\n|\n|-weather|Snow|[upkeep]\n|upkeep\n|\n|t:|1731475812\n|switch|p1b: Politoed|Politoed, L50, F|100\/100\n|-weather|RainDance|[from] ability: Drizzle|[of] p1b: Politoed\n|turn|3\n|\n|t:|1731475842\n|switch|p1b: Sinistcha|Sinistcha, L50|100\/100\n|-heal|p1a: Archaludon|78\/100|[from] ability: Hospitality|[of] p1b: Sinistcha\n|switch|p2b: Kingambit|Kingambit, L50, M|100\/100\n|move|p2a: Dragonite|Protect|p2a: Dragonite\n|-singleturn|p2a: Dragonite|Protect\n|move|p1a: Archaludon|Flash Cannon|p2b: Kingambit\n|-resisted|p2b: Kingambit\n|-damage|p2b: Kingambit|89\/100\n|\n|-weather|RainDance|[upkeep]\n|upkeep\n|turn|4\n|inactive|Click and hope 1 has 30 seconds left.\n|\n|t:|1731475872\n|move|p1a: Archaludon|Body Press|p2b: Kingambit\n|-supereffective|p2b: Kingambit\n|-crit|p2b: Kingambit\n|-damage|p2b: Kingambit|0 fnt\n|faint|p2b: Kingambit\n|move|p2a: Dragonite|Aerial Ace|p1b: Sinistcha\n|-supereffective|p1b: Sinistcha\n|-damage|p1b: Sinistcha|40\/100\n|-enditem|p1b: Sinistcha|Eject Button\n|\n|t:|1731475881\n|switch|p1b: Politoed|Politoed, L50, F|100\/100\n|\n|-weather|RainDance|[upkeep]\n|upkeep\n|\n|t:|1731475883\n|switch|p2b: Ninetales|Ninetales-Alola, L50, F, tera:Ice|100\/100\n|-weather|Snow|[from] ability: Snow Warning|[of] p2b: Ninetales\n|turn|5\n|j| mr pogostick\n|\n|t:|1731475893\n|switch|p1b: Sinistcha|Sinistcha, L50|40\/100\n|-heal|p1a: Archaludon|100\/100|[from] ability: Hospitality|[of] p1b: Sinistcha\n|move|p2a: Dragonite|Extreme Speed|p1b: Sinistcha\n|-immune|p1b: Sinistcha\n|move|p2b: Ninetales|Blizzard|p1a: Archaludon|[spread] p1a,p1b\n|-supereffective|p1b: Sinistcha\n|-damage|p1a: Archaludon|64\/100\n|-damage|p1b: Sinistcha|0 fnt\n|-ability|p1a: Archaludon|Stamina|boost\n|-boost|p1a: Archaludon|def|1\n|faint|p1b: Sinistcha\n|move|p1a: Archaludon|Flash Cannon|p2b: Ninetales\n|-supereffective|p2b: Ninetales\n|-damage|p2b: Ninetales|17\/100\n|\n|-weather|Snow|[upkeep]\n|upkeep\n|\n|t:|1731475907\n|switch|p1b: Politoed|Politoed, L50, F|100\/100\n|-weather|RainDance|[from] ability: Drizzle|[of] p1b: Politoed\n|turn|6\n|\n|t:|1731475921\n|move|p2a: Dragonite|Extreme Speed|p1b: Politoed\n|-damage|p1b: Politoed|56\/100\n|move|p1b: Politoed|Weather Ball|p2b: Ninetales\n|-damage|p2b: Ninetales|0 fnt\n|faint|p2b: Ninetales\n|move|p1a: Archaludon|Electro Shot||[still]\n|-prepare|p1a: Archaludon|Electro Shot\n|-boost|p1a: Archaludon|spa|1\n|-anim|p1a: Archaludon|Electro Shot|p2a: Dragonite\n|-damage|p2a: Dragonite|40\/100\n|\n|-weather|RainDance|[upkeep]\n|upkeep\n|turn|7\n|-message|VGCLTH Pig forfeited.\n|\n|win|Click and hope 1\n|raw|Click and hope 1's rating: 1705 &rarr; <strong>1725<\/strong><br \/>(+20 for winning)\n|raw|VGCLTH Pig's rating: 1713 &rarr; <strong>1693<\/strong><br \/>(-20 for losing)\n|l|\u2606VGCLTH Pig\n|player|p2|\n|l|\u2606Click and hope 1\n|player|p1|\n|l| mr pogostick\n","uploadtime":1731476113,"views":18,"formatid":"gen9vgc2024regh","rating":1693,"private":0,"password":null}