{"id":"gen9vgc2024regh-2242042167","format":"[Gen 9] VGC 2024 Reg H","players":["Ant at Work","grovyleuwu"],"log":"|j|\u2606Ant at Work\n|j|\u2606grovyleuwu\n|t:|1731369751\n|gametype|doubles\n|player|p1|Ant at Work|marlon|1749\n|player|p2|grovyleuwu|whitney|1740\n|teamsize|p1|6\n|teamsize|p2|6\n|gen|9\n|tier|[Gen 9] VGC 2024 Reg H\n|rated|\n|rule|Species Clause: Limit one of each Pok\u00e9mon\n|rule|Item Clause: Limit 1 of each item\n|clearpoke\n|poke|p1|Dragapult, L50, M|\n|poke|p1|Clefable, L50, M|\n|poke|p1|Ninetales-Alola, L50, F|\n|poke|p1|Gallade, L50, M|\n|poke|p1|Volcarona, L50, F|\n|poke|p1|Whimsicott, L50, M|\n|poke|p2|Pelipper, L50, M|\n|poke|p2|Sneasler, L50, F|\n|poke|p2|Archaludon, L50, F|\n|poke|p2|Indeedee, L50, M|\n|poke|p2|Basculegion, L50, M|\n|poke|p2|Talonflame, L50, M|\n|teampreview|4\n|inactive|Battle timer is ON: inactive players will automatically lose when time's up. (requested by grovyleuwu)\n|j| itygykt\n|inactive|grovyleuwu has 60 seconds left.\n|c|\u2606Ant at Work|hi again\n|\n|t:|1731369791\n|start\n|switch|p1a: Volcarona|Volcarona, L50, F|100\/100\n|switch|p1b: Whimsicott|Whimsicott, L50, M|100\/100\n|switch|p2a: Talonflame|Talonflame, L50, M|100\/100\n|switch|p2b: Archaludon|Archaludon, L50, F|100\/100\n|turn|1\n|c|\u2606Ant at Work|ity\n|\n|t:|1731369807\n|-terastallize|p1a: Volcarona|Fire\n|-terastallize|p2b: Archaludon|Electric\n|move|p2a: Talonflame|Tailwind|p2a: Talonflame\n|-sidestart|p2: grovyleuwu|move: Tailwind\n|move|p1b: Whimsicott|Sunny Day|p1b: Whimsicott\n|-weather|SunnyDay\n|move|p2b: Archaludon|Electro Shot||[still]\n|-prepare|p2b: Archaludon|Electro Shot\n|-boost|p2b: Archaludon|spa|1\n|-enditem|p2b: Archaludon|Power Herb\n|-anim|p2b: Archaludon|Electro Shot|p1a: Volcarona\n|-damage|p1a: Volcarona|0 fnt\n|faint|p1a: Volcarona\n|\n|-weather|SunnyDay|[upkeep]\n|upkeep\n|\n|t:|1731369819\n|switch|p1a: Dragapult|Dragapult, L50, M|100\/100\n|turn|2\n|\n|t:|1731369840\n|move|p2a: Talonflame|Dual Wingbeat|p1b: Whimsicott\n|-supereffective|p1b: Whimsicott\n|-damage|p1b: Whimsicott|60\/100\n|-supereffective|p1b: Whimsicott\n|-damage|p1b: Whimsicott|20\/100\n|-hitcount|p1b: Whimsicott|2\n|move|p1b: Whimsicott|Encore|p2b: Archaludon\n|-start|p2b: Archaludon|Encore\n|move|p2b: Archaludon|Electro Shot||[still]\n|-prepare|p2b: Archaludon|Electro Shot\n|-boost|p2b: Archaludon|spa|1\n|move|p1a: Dragapult|Dragon Darts|p2b: Archaludon\n|-damage|p2b: Archaludon|64\/100\n|-anim|p1a: Dragapult|Dragon Darts|p2a: Talonflame\n|-damage|p2a: Talonflame|40\/100\n|\n|-weather|SunnyDay|[upkeep]\n|upkeep\n|turn|3\n|\n|t:|1731369862\n|move|p1b: Whimsicott|Tailwind|p1b: Whimsicott\n|-sidestart|p1: Ant at Work|move: Tailwind\n|move|p2a: Talonflame|Dual Wingbeat|p1b: Whimsicott\n|-supereffective|p1b: Whimsicott\n|-damage|p1b: Whimsicott|0 fnt\n|faint|p1b: Whimsicott\n|-hitcount|p1: Whimsicott|1\n|move|p1a: Dragapult|Dragon Darts|p2a: Talonflame\n|-damage|p2a: Talonflame|0 fnt\n|-anim|p1a: Dragapult|Dragon Darts|p2b: Archaludon\n|-damage|p2b: Archaludon|25\/100\n|faint|p2a: Talonflame\n|move|p2b: Archaludon|Electro Shot|p1a: Dragapult|[from]lockedmove\n|-resisted|p1a: Dragapult\n|-damage|p1a: Dragapult|3\/100\n|\n|-weather|SunnyDay|[upkeep]\n|upkeep\n|\n|t:|1731369875\n|switch|p2a: Basculegion|Basculegion, L50, M|100\/100\n|switch|p1b: Gallade|Gallade, L50, M|100\/100\n|turn|4\n|\n|t:|1731369883\n|switch|p2b: Pelipper|Pelipper, L50, M|100\/100\n|-weather|RainDance|[from] ability: Drizzle|[of] p2b: Pelipper\n|move|p2a: Basculegion|Last Respects|p1a: Dragapult\n|-supereffective|p1a: Dragapult\n|-damage|p1a: Dragapult|0 fnt\n|faint|p1a: Dragapult\n|-damage|p2a: Basculegion|91\/100|[from] item: Life Orb\n|move|p1b: Gallade|Psycho Cut|p2b: Pelipper\n|-damage|p2b: Pelipper|42\/100\n|\n|-weather|RainDance|[upkeep]\n|-sideend|p2: grovyleuwu|move: Tailwind\n|upkeep\n|turn|5\n|\n|t:|1731369890\n|move|p2a: Basculegion|Last Respects|p1b: Gallade\n|-supereffective|p1b: Gallade\n|-damage|p1b: Gallade|0 fnt\n|faint|p1b: Gallade\n|-damage|p2a: Basculegion|81\/100|[from] item: Life Orb\n|\n|win|grovyleuwu\n|raw|Ant at Work's rating: 1749 &rarr; <strong>1728<\/strong><br \/>(-21 for losing)\n|raw|grovyleuwu's rating: 1740 &rarr; <strong>1761<\/strong><br \/>(+21 for winning)\n|c|\u2606Ant at Work|gg\n|c|\u2606grovyleuwu|Gg\n|l|\u2606grovyleuwu\n|player|p2|\n|l|\u2606Ant at Work\n|player|p1|\n|l| itygykt\n","uploadtime":1731369918,"views":37,"formatid":"gen9vgc2024regh","rating":1728,"private":0,"password":null}