{"id":"gen9vgc2024regh-2242174398","format":"[Gen 9] VGC 2024 Reg H","players":["HoshimiHoshina","ye979402"],"log":"|j|\u2606HoshimiHoshina\n|j|\u203dye979402\n|t:|1731387207\n|gametype|doubles\n|player|p1|HoshimiHoshina|rosa|1650\n|player|p2|ye979402|101|1730\n|teamsize|p1|6\n|teamsize|p2|6\n|gen|9\n|tier|[Gen 9] VGC 2024 Reg H\n|rated|\n|rule|Species Clause: Limit one of each Pok\u00e9mon\n|rule|Item Clause: Limit 1 of each item\n|clearpoke\n|poke|p1|Slaking, L50, M|\n|poke|p1|Weezing-Galar, L50, M|\n|poke|p1|Gholdengo, L50|\n|poke|p1|Garchomp, L50, F|\n|poke|p1|Palafin, L50, F|\n|poke|p1|Typhlosion-Hisui, L50, F|\n|poke|p2|Tyranitar, L50, F|\n|poke|p2|Excadrill, L50, F|\n|poke|p2|Primarina, L50, M|\n|poke|p2|Talonflame, L50, M|\n|poke|p2|Corviknight, L50, M|\n|poke|p2|Dragonite, L50, M|\n|teampreview|4\n|inactive|Battle timer is ON: inactive players will automatically lose when time's up. (requested by HoshimiHoshina)\n|inactive|ye979402 has 60 seconds left.\n|j| Rabbihorn\n|\n|t:|1731387260\n|start\n|switch|p1a: Palafin|Palafin, L50, F|100\/100\n|switch|p1b: \u4e0d\u8bb8\u8bf7\u5047|Weezing-Galar, L50, M|100\/100\n|switch|p2a: Primarina|Primarina, L50, M, shiny|100\/100\n|switch|p2b: Talonflame|Talonflame, L50, M, shiny|100\/100\n|-ability|p1b: \u4e0d\u8bb8\u8bf7\u5047|Neutralizing Gas\n|turn|1\n|j| LudocyelZ\n|inactive|ye979402 has 30 seconds left.\n|inactive|ye979402 has 20 seconds left.\n|inactive|ye979402 has 15 seconds left.\n|inactive|ye979402 has 10 seconds left.\n|j| generalursus\n|inactive|ye979402 has 5 seconds left.\n|\n|t:|1731387313\n|-terastallize|p1a: Palafin|Water\n|move|p1a: Palafin|Jet Punch|p2b: Talonflame\n|-supereffective|p2b: Talonflame\n|-damage|p2b: Talonflame|0 fnt\n|faint|p2b: Talonflame\n|move|p1b: \u4e0d\u8bb8\u8bf7\u5047|Sludge Bomb|p2a: Primarina\n|-supereffective|p2a: Primarina\n|-damage|p2a: Primarina|40\/100\n|move|p2a: Primarina|Energy Ball|p1a: Palafin\n|-supereffective|p1a: Palafin\n|-damage|p1a: Palafin|3\/100\n|\n|upkeep\n|\n|t:|1731387333\n|switch|p2b: Tyranitar|Tyranitar, L50, F, shiny|100\/100\n|turn|2\n|inactive|ye979402 has 30 seconds left.\n|\n|t:|1731387359\n|-terastallize|p2b: Tyranitar|Flying\n|move|p2a: Primarina|Protect|p2a: Primarina\n|-singleturn|p2a: Primarina|Protect\n|move|p1a: Palafin|Jet Punch|p2b: Tyranitar\n|-damage|p2b: Tyranitar|63\/100\n|move|p1b: \u4e0d\u8bb8\u8bf7\u5047|Sludge Bomb|p2a: Primarina\n|-activate|p2a: Primarina|move: Protect\n|move|p2b: Tyranitar|Rock Slide|p1a: Palafin|[spread] p1a,p1b\n|-damage|p1a: Palafin|0 fnt\n|-damage|p1b: \u4e0d\u8bb8\u8bf7\u5047|44\/100\n|faint|p1a: Palafin\n|\n|upkeep\n|\n|t:|1731387376\n|switch|p1a: \u591a\u52a0\u73ed\u624d\u80fd\u6dd8\u91d1\u6f6e|Gholdengo, L50|100\/100\n|turn|3\n|\n|t:|1731387393\n|switch|p2a: Excadrill|Excadrill, L50, F, shiny|100\/100\n|move|p1a: \u591a\u52a0\u73ed\u624d\u80fd\u6dd8\u91d1\u6f6e|Make It Rain|p2b: Tyranitar|[spread] p2a,p2b\n|-resisted|p2a: Excadrill\n|-damage|p2a: Excadrill|63\/100\n|-damage|p2b: Tyranitar|21\/100\n|-unboost|p1a: \u591a\u52a0\u73ed\u624d\u80fd\u6dd8\u91d1\u6f6e|spa|1\n|move|p1b: \u4e0d\u8bb8\u8bf7\u5047|Will-O-Wisp|p2a: Excadrill\n|-status|p2a: Excadrill|brn\n|move|p2b: Tyranitar|Rock Slide|p1b: \u4e0d\u8bb8\u8bf7\u5047|[spread] p1b\n|-miss|p2b: Tyranitar|p1a: \u591a\u52a0\u73ed\u624d\u80fd\u6dd8\u91d1\u6f6e\n|-damage|p1b: \u4e0d\u8bb8\u8bf7\u5047|0 fnt\n|faint|p1b: \u4e0d\u8bb8\u8bf7\u5047\n|-end|p1b: \u4e0d\u8bb8\u8bf7\u5047|ability: Neutralizing Gas\n|-weather|Sandstorm|[from] ability: Sand Stream|[of] p2b: Tyranitar\n|\n|-weather|Sandstorm|[upkeep]\n|-damage|p2b: Tyranitar|15\/100|[from] Sandstorm\n|-damage|p2a: Excadrill|57\/100 brn|[from] brn\n|upkeep\n|j| onetruefrillish\n|\n|t:|1731387416\n|switch|p1b: \u8001\u677f\u6211\u60f3\u8bf7\u5047|Slaking, L50, M|100\/100\n|turn|4\n|\n|t:|1731387428\n|move|p2a: Excadrill|High Horsepower|p1a: \u591a\u52a0\u73ed\u624d\u80fd\u6dd8\u91d1\u6f6e\n|-supereffective|p1a: \u591a\u52a0\u73ed\u624d\u80fd\u6dd8\u91d1\u6f6e\n|-damage|p1a: \u591a\u52a0\u73ed\u624d\u80fd\u6dd8\u91d1\u6f6e|43\/100\n|move|p1a: \u591a\u52a0\u73ed\u624d\u80fd\u6dd8\u91d1\u6f6e|Make It Rain|p2b: Tyranitar|[spread] p2a,p2b\n|-resisted|p2a: Excadrill\n|-damage|p2a: Excadrill|34\/100 brn\n|-damage|p2b: Tyranitar|0 fnt\n|-unboost|p1a: \u591a\u52a0\u73ed\u624d\u80fd\u6dd8\u91d1\u6f6e|spa|1\n|faint|p2b: Tyranitar\n|move|p1b: \u8001\u677f\u6211\u60f3\u8bf7\u5047|Drain Punch|p2a: Excadrill\n|-supereffective|p2a: Excadrill\n|-damage|p2a: Excadrill|0 fnt\n|faint|p2a: Excadrill\n|-damage|p1b: \u8001\u677f\u6211\u60f3\u8bf7\u5047|91\/100|[from] item: Life Orb\n|\n|-weather|Sandstorm|[upkeep]\n|-damage|p1b: \u8001\u677f\u6211\u60f3\u8bf7\u5047|85\/100|[from] Sandstorm\n|upkeep\n|\n|t:|1731387447\n|switch|p2b: Primarina|Primarina, L50, M, shiny|40\/100\n|turn|5\n|\n|t:|1731387456\n|move|p1a: \u591a\u52a0\u73ed\u624d\u80fd\u6dd8\u91d1\u6f6e|Make It Rain|p2b: Primarina\n|-damage|p2b: Primarina|10\/100\n|-unboost|p1a: \u591a\u52a0\u73ed\u624d\u80fd\u6dd8\u91d1\u6f6e|spa|1\n|cant|p1b: \u8001\u677f\u6211\u60f3\u8bf7\u5047|ability: Truant\n|move|p2b: Primarina|Hyper Voice|p1a: \u591a\u52a0\u73ed\u624d\u80fd\u6dd8\u91d1\u6f6e|[spread] p1a,p1b\n|-crit|p1b: \u8001\u677f\u6211\u60f3\u8bf7\u5047\n|-damage|p1a: \u591a\u52a0\u73ed\u624d\u80fd\u6dd8\u91d1\u6f6e|6\/100\n|-damage|p1b: \u8001\u677f\u6211\u60f3\u8bf7\u5047|31\/100\n|-enditem|p2b: Primarina|Throat Spray\n|-boost|p2b: Primarina|spa|1|[from] item: Throat Spray\n|\n|-weather|Sandstorm|[upkeep]\n|-damage|p1b: \u8001\u677f\u6211\u60f3\u8bf7\u5047|25\/100|[from] Sandstorm\n|-damage|p2b: Primarina|4\/100|[from] Sandstorm\n|upkeep\n|turn|6\n|\n|t:|1731387473\n|move|p1a: \u591a\u52a0\u73ed\u624d\u80fd\u6dd8\u91d1\u6f6e|Make It Rain|p2b: Primarina\n|-damage|p2b: Primarina|0 fnt\n|-unboost|p1a: \u591a\u52a0\u73ed\u624d\u80fd\u6dd8\u91d1\u6f6e|spa|1\n|faint|p2b: Primarina\n|\n|win|HoshimiHoshina\n|raw|HoshimiHoshina's rating: 1650 &rarr; <strong>1675<\/strong><br \/>(+25 for winning)\n|raw|ye979402's rating: 1730 &rarr; <strong>1705<\/strong><br \/>(-25 for losing)\n|l| generalursus\n","uploadtime":1731387483,"views":40,"formatid":"gen9vgc2024regh","rating":1675,"private":0,"password":null}