{"id":"gen9vgc2024regh-2242371294","format":"[Gen 9] VGC 2024 Reg H","players":["teenage fanclub","vgclth souly"],"log":"|raw|<div class=\"broadcast-blue\"><strong>This battle is required to be public due to a player having a name starting with 'vgclth'.<\/div>\n|j|\u2606teenage fanclub\n|j|\u2606vgclth souly\n|t:|1731420671\n|gametype|doubles\n|player|p1|teenage fanclub|169|1747\n|player|p2|vgclth souly|#smogonxnpa2024draftee|1833\n|teamsize|p1|6\n|teamsize|p2|6\n|gen|9\n|tier|[Gen 9] VGC 2024 Reg H\n|rated|\n|rule|Species Clause: Limit one of each Pok\u00e9mon\n|rule|Item Clause: Limit 1 of each item\n|clearpoke\n|poke|p1|Sneasler, L50, F|\n|poke|p1|Dragonite, L50, F|\n|poke|p1|Rillaboom, L50, M|\n|poke|p1|Volcarona, L50, F|\n|poke|p1|Dondozo, L50, F|\n|poke|p1|Kingambit, L50, F|\n|poke|p2|Archaludon, L50, F|\n|poke|p2|Pelipper, L50, M|\n|poke|p2|Electabuzz, L50, M|\n|poke|p2|Kingambit, L50, M|\n|poke|p2|Rillaboom, L50, F|\n|poke|p2|Basculegion, L50, M|\n|teampreview|4\n|inactive|Battle timer is ON: inactive players will automatically lose when time's up. (requested by teenage fanclub)\nvgclth souly has agreed to open team sheets.\n|inactive|teenage fanclub has 60 seconds left.\n|\n|t:|1731420730\n|start\n|switch|p1a: Sneasler|Sneasler, L50, F|100\/100\n|switch|p1b: Dondozo|Dondozo, L50, F|100\/100\n|switch|p2a: Archaludon|Archaludon, L50, F|100\/100\n|switch|p2b: Pelipper|Pelipper, L50, M|100\/100\n|-weather|RainDance|[from] ability: Drizzle|[of] p2b: Pelipper\n|turn|1\n|j| MinamiSimp\n|inactive|teenage fanclub has 30 seconds left.\n|\n|t:|1731420765\n|switch|p1b: Rillaboom|Rillaboom, L50, M|100\/100\n|-fieldstart|move: Grassy Terrain|[from] ability: Grassy Surge|[of] p1b: Rillaboom\n|-terastallize|p2a: Archaludon|Fairy\n|move|p1a: Sneasler|Protect|p1a: Sneasler\n|-singleturn|p1a: Sneasler|Protect\n|move|p2b: Pelipper|Protect|p2b: Pelipper\n|-singleturn|p2b: Pelipper|Protect\n|move|p2a: Archaludon|Electro Shot||[still]\n|-prepare|p2a: Archaludon|Electro Shot\n|-boost|p2a: Archaludon|spa|1\n|-anim|p2a: Archaludon|Electro Shot|p1a: Sneasler\n|-activate|p1a: Sneasler|move: Protect\n|\n|-weather|RainDance|[upkeep]\n|upkeep\n|turn|2\n|\n|t:|1731420783\n|move|p1b: Rillaboom|Grassy Glide|p2b: Pelipper\n|-damage|p2b: Pelipper|47\/100\n|move|p1a: Sneasler|Dire Claw|p2b: Pelipper\n|-damage|p2b: Pelipper|0 fnt\n|faint|p2b: Pelipper\n|move|p2a: Archaludon|Electro Shot||[still]\n|-prepare|p2a: Archaludon|Electro Shot\n|-boost|p2a: Archaludon|spa|1\n|-anim|p2a: Archaludon|Electro Shot|p1a: Sneasler\n|-enditem|p1a: Sneasler|Focus Sash\n|-damage|p1a: Sneasler|1\/100\n|\n|-weather|RainDance|[upkeep]\n|-heal|p1a: Sneasler|7\/100|[from] Grassy Terrain\n|upkeep\n|\n|t:|1731420787\n|switch|p2b: Rillaboom|Rillaboom, L50, F|100\/100\n|turn|3\n|j| VGCLTH Thacrow\n|l| VGCLTH Thacrow\n|inactive|teenage fanclub has 30 seconds left.\n|inactive|teenage fanclub has 20 seconds left.\n|\n|t:|1731420827\n|move|p2b: Rillaboom|Grassy Glide|p1a: Sneasler\n|-resisted|p1a: Sneasler\n|-damage|p1a: Sneasler|0 fnt\n|faint|p1a: Sneasler\n|move|p1b: Rillaboom|Wood Hammer|p2a: Archaludon\n|-damage|p2a: Archaludon|40\/100\n|-ability|p2a: Archaludon|Stamina|boost\n|-boost|p2a: Archaludon|def|1\n|-damage|p1b: Rillaboom|81\/100|[from] Recoil\n|move|p2a: Archaludon|Electro Shot||[still]\n|-prepare|p2a: Archaludon|Electro Shot\n|-boost|p2a: Archaludon|spa|1\n|-anim|p2a: Archaludon|Electro Shot|p1b: Rillaboom\n|-resisted|p1b: Rillaboom\n|-damage|p1b: Rillaboom|49\/100\n|\n|-weather|RainDance|[upkeep]\n|-heal|p1b: Rillaboom|55\/100|[from] Grassy Terrain\n|-heal|p2a: Archaludon|46\/100|[from] Grassy Terrain\n|-heal|p2a: Archaludon|52\/100|[from] item: Leftovers\n|upkeep\n|\n|t:|1731420833\n|switch|p1a: Dondozo|Dondozo, L50, F|100\/100\n|turn|4\n|\n|t:|1731420847\n|-terastallize|p1a: Dondozo|Grass\n|move|p2a: Archaludon|Protect|p2a: Archaludon\n|-singleturn|p2a: Archaludon|Protect\n|move|p2b: Rillaboom|Wood Hammer|p1a: Dondozo\n|-resisted|p1a: Dondozo\n|-damage|p1a: Dondozo|77\/100\n|-damage|p2b: Rillaboom|90\/100|[from] Recoil\n|move|p1b: Rillaboom|U-turn|p2b: Rillaboom\n|-supereffective|p2b: Rillaboom\n|-damage|p2b: Rillaboom|45\/100\n|\n|t:|1731420854\n|switch|p1b: Dragonite|Dragonite, L50, F|100\/100|[from] U-turn\n|move|p1a: Dondozo|Wave Crash|p2a: Archaludon\n|-activate|p2a: Archaludon|move: Protect\n|\n|-weather|RainDance|[upkeep]\n|-heal|p2b: Rillaboom|51\/100|[from] Grassy Terrain\n|-heal|p2a: Archaludon|58\/100|[from] Grassy Terrain\n|-heal|p2a: Archaludon|65\/100|[from] item: Leftovers\n|-heal|p1a: Dondozo|83\/100|[from] Grassy Terrain\n|upkeep\n|turn|5\n|\n|t:|1731420871\n|move|p2b: Rillaboom|Grassy Glide|p1b: Dragonite\n|-resisted|p1b: Dragonite\n|-damage|p1b: Dragonite|95\/100\n|move|p1b: Dragonite|Scale Shot|p2b: Rillaboom|[miss]\n|-miss|p1b: Dragonite|p2b: Rillaboom\n|move|p2a: Archaludon|Draco Meteor|p1b: Dragonite\n|-supereffective|p1b: Dragonite\n|-damage|p1b: Dragonite|0 fnt\n|-unboost|p2a: Archaludon|spa|2\n|faint|p1b: Dragonite\n|move|p1a: Dondozo|Wave Crash|p2a: Archaludon\n|-damage|p2a: Archaludon|19\/100\n|-ability|p2a: Archaludon|Stamina|boost\n|-boost|p2a: Archaludon|def|1\n|-damage|p1a: Dondozo|72\/100|[from] Recoil\n|\n|-weather|none\n|-heal|p2b: Rillaboom|57\/100|[from] Grassy Terrain\n|-heal|p2a: Archaludon|25\/100|[from] Grassy Terrain\n|-heal|p2a: Archaludon|32\/100|[from] item: Leftovers\n|-heal|p1a: Dondozo|78\/100|[from] Grassy Terrain\n|-fieldend|move: Grassy Terrain\n|upkeep\n|\n|t:|1731420893\n|switch|p1b: Rillaboom|Rillaboom, L50, M|55\/100\n|-fieldstart|move: Grassy Terrain|[from] ability: Grassy Surge|[of] p1b: Rillaboom\n|turn|6\n|\n|t:|1731420906\n|move|p2a: Archaludon|Protect|p2a: Archaludon\n|-singleturn|p2a: Archaludon|Protect\n|move|p1b: Rillaboom|Fake Out|p2b: Rillaboom\n|-damage|p2b: Rillaboom|43\/100\n|cant|p2b: Rillaboom|flinch\n|move|p1a: Dondozo|Yawn|p2b: Rillaboom\n|-start|p2b: Rillaboom|move: Yawn|[of] p1a: Dondozo\n|\n|-heal|p2b: Rillaboom|49\/100|[from] Grassy Terrain\n|-heal|p1b: Rillaboom|61\/100|[from] Grassy Terrain\n|-heal|p2a: Archaludon|38\/100|[from] Grassy Terrain\n|-heal|p2a: Archaludon|44\/100|[from] item: Leftovers\n|-heal|p1a: Dondozo|84\/100|[from] Grassy Terrain\n|upkeep\n|turn|7\n|\n|t:|1731420921\n|move|p2b: Rillaboom|Wood Hammer|p1b: Rillaboom\n|-resisted|p1b: Rillaboom\n|-damage|p1b: Rillaboom|21\/100\n|-damage|p2b: Rillaboom|36\/100|[from] Recoil\n|move|p1b: Rillaboom|Wood Hammer|p2a: Archaludon\n|-damage|p2a: Archaludon|14\/100\n|-ability|p2a: Archaludon|Stamina|boost\n|-boost|p2a: Archaludon|def|1\n|-damage|p1b: Rillaboom|12\/100|[from] Recoil\n|move|p2a: Archaludon|Flash Cannon|p1b: Rillaboom\n|-damage|p1b: Rillaboom|0 fnt\n|faint|p1b: Rillaboom\n|move|p1a: Dondozo|Wave Crash|p2a: Archaludon\n|-damage|p2a: Archaludon|0 fnt\n|faint|p2a: Archaludon\n|-damage|p1a: Dondozo|81\/100|[from] Recoil\n|\n|-heal|p2b: Rillaboom|42\/100|[from] Grassy Terrain\n|-heal|p1a: Dondozo|87\/100|[from] Grassy Terrain\n|-end|p2b: Rillaboom|move: Yawn|[silent]\n|-status|p2b: Rillaboom|slp\n|upkeep\n|\n|t:|1731420925\n|switch|p2a: Basculegion|Basculegion, L50, M|100\/100\n|turn|8\n|\n|t:|1731420933\n|cant|p2b: Rillaboom|slp\n|move|p2a: Basculegion|Last Respects|p1a: Dondozo\n|-damage|p1a: Dondozo|25\/100\n|-enditem|p1a: Dondozo|Sitrus Berry|[eat]\n|-heal|p1a: Dondozo|50\/100|[from] item: Sitrus Berry\n|move|p1a: Dondozo|Fissure|p2a: Basculegion\n|-damage|p2a: Basculegion|0 fnt\n|faint|p2a: Basculegion\n|-ohko\n|\n|-heal|p2b: Rillaboom|48\/100 slp|[from] Grassy Terrain\n|-heal|p1a: Dondozo|57\/100|[from] Grassy Terrain\n|upkeep\n|turn|9\n|c|\u2606vgclth souly|Ok\n|\n|t:|1731420942\n|move|p1a: Dondozo|Protect|p1a: Dondozo\n|-singleturn|p1a: Dondozo|Protect\n|cant|p2b: Rillaboom|slp\n|\n|-heal|p2b: Rillaboom|54\/100 slp|[from] Grassy Terrain\n|-heal|p1a: Dondozo|63\/100|[from] Grassy Terrain\n|upkeep\n|turn|10\n|\n|t:|1731420963\n|cant|p2b: Rillaboom|slp\n|move|p1a: Dondozo|Fissure|p2b: Rillaboom|[miss]\n|-miss|p1a: Dondozo|p2b: Rillaboom\n|\n|-heal|p2b: Rillaboom|60\/100 slp|[from] Grassy Terrain\n|-heal|p1a: Dondozo|69\/100|[from] Grassy Terrain\n|-fieldend|move: Grassy Terrain\n|upkeep\n|turn|11\n|\n|t:|1731420968\n|-curestatus|p2b: Rillaboom|slp|[msg]\n|move|p2b: Rillaboom|Wood Hammer|p1a: Dondozo\n|-resisted|p1a: Dondozo\n|-damage|p1a: Dondozo|52\/100\n|-damage|p2b: Rillaboom|53\/100|[from] Recoil\n|move|p1a: Dondozo|Yawn|p2b: Rillaboom\n|-start|p2b: Rillaboom|move: Yawn|[of] p1a: Dondozo\n|\n|upkeep\n|turn|12\n|\n|t:|1731420971\n|move|p1a: Dondozo|Protect|p1a: Dondozo\n|-singleturn|p1a: Dondozo|Protect\n|move|p2b: Rillaboom|Wood Hammer|p1a: Dondozo\n|-activate|p1a: Dondozo|move: Protect\n|\n|-end|p2b: Rillaboom|move: Yawn|[silent]\n|-status|p2b: Rillaboom|slp\n|upkeep\n|turn|13\n|\n|t:|1731420974\n|cant|p2b: Rillaboom|slp\n|move|p1a: Dondozo|Fissure|p2b: Rillaboom|[miss]\n|-miss|p1a: Dondozo|p2b: Rillaboom\n|\n|upkeep\n|turn|14\n|\n|t:|1731420977\n|cant|p2b: Rillaboom|slp\n|move|p1a: Dondozo|Fissure|p2b: Rillaboom|[miss]\n|-miss|p1a: Dondozo|p2b: Rillaboom\n|\n|upkeep\n|turn|15\n|\n|t:|1731420981\n|cant|p2b: Rillaboom|slp\n|move|p1a: Dondozo|Fissure|p2b: Rillaboom|[miss]\n|-miss|p1a: Dondozo|p2b: Rillaboom\n|\n|upkeep\n|turn|16\n|\n|t:|1731420984\n|-curestatus|p2b: Rillaboom|slp|[msg]\n|move|p2b: Rillaboom|Wood Hammer|p1a: Dondozo\n|-resisted|p1a: Dondozo\n|-damage|p1a: Dondozo|33\/100\n|-damage|p2b: Rillaboom|45\/100|[from] Recoil\n|move|p1a: Dondozo|Yawn|p2b: Rillaboom\n|-start|p2b: Rillaboom|move: Yawn|[of] p1a: Dondozo\n|\n|upkeep\n|turn|17\n|\n|t:|1731420989\n|move|p1a: Dondozo|Protect|p1a: Dondozo\n|-singleturn|p1a: Dondozo|Protect\n|move|p2b: Rillaboom|Wood Hammer|p1a: Dondozo\n|-activate|p1a: Dondozo|move: Protect\n|\n|-end|p2b: Rillaboom|move: Yawn|[silent]\n|-status|p2b: Rillaboom|slp\n|upkeep\n|turn|18\n|\n|t:|1731420991\n|cant|p2b: Rillaboom|slp\n|move|p1a: Dondozo|Fissure|p2b: Rillaboom|[miss]\n|-miss|p1a: Dondozo|p2b: Rillaboom\n|\n|upkeep\n|turn|19\n|\n|t:|1731420993\n|-curestatus|p2b: Rillaboom|slp|[msg]\n|move|p2b: Rillaboom|Wood Hammer|p1a: Dondozo\n|-resisted|p1a: Dondozo\n|-damage|p1a: Dondozo|16\/100\n|-damage|p2b: Rillaboom|38\/100|[from] Recoil\n|move|p1a: Dondozo|Fissure|p2b: Rillaboom\n|-damage|p2b: Rillaboom|0 fnt\n|faint|p2b: Rillaboom\n|-ohko\n|\n|win|teenage fanclub\n|raw|teenage fanclub's rating: 1747 &rarr; <strong>1772<\/strong><br \/>(+25 for winning)\n|raw|vgclth souly's rating: 1833 &rarr; <strong>1808<\/strong><br \/>(-25 for losing)\n|c|\u2606teenage fanclub|sorry\n|l|\u2606vgclth souly\n|player|p2|\n|l|\u2606teenage fanclub\n|player|p1|\n","uploadtime":1731421250,"views":34,"formatid":"gen9vgc2024regh","rating":1772,"private":0,"password":null}