{"id":"gen9vgc2024regh-2242389627","format":"[Gen 9] VGC 2024 Reg H","players":["SL1D","vgclth souly"],"log":"|raw|<div class=\"broadcast-blue\"><strong>This battle is required to be public due to a player having a name starting with 'vgclth'.<\/div>\n|j|\u2606SL1D\n|j|\u2606vgclth souly\n|t:|1731422580\n|gametype|doubles\n|player|p1|SL1D|blue|1713\n|player|p2|vgclth souly|#smogonxnpa2024draftee|1796\n|teamsize|p1|6\n|teamsize|p2|6\n|gen|9\n|tier|[Gen 9] VGC 2024 Reg H\n|rated|\n|rule|Species Clause: Limit one of each Pok\u00e9mon\n|rule|Item Clause: Limit 1 of each item\n|clearpoke\n|poke|p1|Vivillon, L50, F|\n|poke|p1|Gliscor, L50, M|\n|poke|p1|Archaludon, L50, F|\n|poke|p1|Kingambit, L50, F|\n|poke|p1|Incineroar, L50, M|\n|poke|p1|Ninetales-Alola, L50, M|\n|poke|p2|Archaludon, L50, F|\n|poke|p2|Pelipper, L50, M|\n|poke|p2|Electabuzz, L50, M|\n|poke|p2|Kingambit, L50, F|\n|poke|p2|Rillaboom, L50, M|\n|poke|p2|Basculegion, L50, M|\n|teampreview|4\n|inactive|Battle timer is ON: inactive players will automatically lose when time's up. (requested by SL1D)\n|inactive|SL1D has 60 seconds left.\n|inactive|vgclth souly has 60 seconds left.\n|\n|t:|1731422622\n|start\n|switch|p1a: Vivillon|Vivillon, L50, F|100\/100\n|switch|p1b: Gliscor|Gliscor, L50, M, shiny|100\/100\n|switch|p2a: Electabuzz|Electabuzz, L50, M|100\/100\n|switch|p2b: Kingambit|Kingambit, L50, F|100\/100\n|turn|1\n|inactive|vgclth souly has 30 seconds left.\n|inactive|vgclth souly has 20 seconds left.\n|\n|t:|1731422658\n|-terastallize|p2b: Kingambit|Dark\n|move|p1a: Vivillon|Sleep Powder|p2b: Kingambit\n|-status|p2b: Kingambit|slp|[from] move: Sleep Powder\n|move|p1b: Gliscor|Earthquake|p2b: Kingambit|[spread] p2a,p2b\n|-immune|p1a: Vivillon\n|-supereffective|p2a: Electabuzz\n|-damage|p2a: Electabuzz|22\/100\n|-damage|p2b: Kingambit|64\/100 slp\n|move|p2a: Electabuzz|Electroweb|p1b: Gliscor|[spread] p1a\n|-immune|p1b: Gliscor\n|-supereffective|p1a: Vivillon\n|-damage|p1a: Vivillon|49\/100\n|-unboost|p1a: Vivillon|spe|1\n|cant|p2b: Kingambit|slp\n|\n|upkeep\n|turn|2\n|\n|t:|1731422672\n|switch|p2a: Pelipper|Pelipper, L50, M|100\/100\n|-weather|RainDance|[from] ability: Drizzle|[of] p2a: Pelipper\n|move|p1b: Gliscor|Earthquake|p2a: Pelipper|[spread] p2b\n|-immune|p1a: Vivillon\n|-immune|p2a: Pelipper\n|-damage|p2b: Kingambit|29\/100 slp\n|move|p1a: Vivillon|Tailwind|p1a: Vivillon\n|-sidestart|p1: SL1D|move: Tailwind\n|cant|p2b: Kingambit|slp\n|\n|-weather|RainDance|[upkeep]\n|upkeep\n|turn|3\n|\n|t:|1731422685\n|move|p1b: Gliscor|Earthquake|p2b: Kingambit|[spread] p2b\n|-immune|p1a: Vivillon\n|-immune|p2a: Pelipper\n|-damage|p2b: Kingambit|0 fnt\n|faint|p2b: Kingambit\n|move|p1a: Vivillon|Sleep Powder|p2a: Pelipper\n|-status|p2a: Pelipper|slp|[from] move: Sleep Powder\n|cant|p2a: Pelipper|slp\n|\n|-weather|RainDance|[upkeep]\n|upkeep\n|\n|t:|1731422688\n|switch|p2b: Archaludon|Archaludon, L50, F|100\/100\n|turn|4\n|\n|t:|1731422699\n|move|p1b: Gliscor|Earthquake|p2b: Archaludon|[spread] p2b\n|-immune|p1a: Vivillon\n|-immune|p2a: Pelipper\n|-supereffective|p2b: Archaludon\n|-damage|p2b: Archaludon|32\/100\n|-ability|p2b: Archaludon|Stamina|boost\n|-boost|p2b: Archaludon|def|1\n|move|p1a: Vivillon|Sleep Powder|p2b: Archaludon\n|-status|p2b: Archaludon|slp|[from] move: Sleep Powder\n|cant|p2a: Pelipper|slp\n|cant|p2b: Archaludon|slp\n|\n|-weather|RainDance|[upkeep]\n|-heal|p2b: Archaludon|38\/100 slp|[from] item: Leftovers\n|upkeep\n|turn|5\n|\n|t:|1731422711\n|-curestatus|p2b: Archaludon|slp|[msg]\n|move|p2b: Archaludon|Protect|p2b: Archaludon\n|-singleturn|p2b: Archaludon|Protect\n|move|p1b: Gliscor|Earthquake|p2b: Archaludon|[spread] \n|-activate|p2b: Archaludon|move: Protect\n|-immune|p1a: Vivillon\n|-immune|p2a: Pelipper\n|move|p1a: Vivillon|Hurricane|p2a: Pelipper\n|-damage|p2a: Pelipper|25\/100 slp\n|cant|p2a: Pelipper|slp\n|\n|-weather|RainDance|[upkeep]\n|-heal|p2b: Archaludon|44\/100|[from] item: Leftovers\n|-sideend|p1: SL1D|move: Tailwind\n|upkeep\n|turn|6\n|\n|t:|1731422722\n|switch|p2a: Electabuzz|Electabuzz, L50, M|22\/100\n|move|p1b: Gliscor|Earthquake|p2a: Electabuzz|[spread] p2a,p2b\n|-immune|p1a: Vivillon\n|-supereffective|p2a: Electabuzz\n|-supereffective|p2b: Archaludon\n|-damage|p2a: Electabuzz|0 fnt\n|-damage|p2b: Archaludon|4\/100\n|-ability|p2b: Archaludon|Stamina|boost\n|-boost|p2b: Archaludon|def|1\n|faint|p2a: Electabuzz\n|move|p2b: Archaludon|Electro Shot||[still]\n|-prepare|p2b: Archaludon|Electro Shot\n|-boost|p2b: Archaludon|spa|1\n|-anim|p2b: Archaludon|Electro Shot|p1a: Vivillon\n|-supereffective|p1a: Vivillon\n|-damage|p1a: Vivillon|0 fnt\n|faint|p1a: Vivillon\n|\n|-weather|none\n|-heal|p2b: Archaludon|10\/100|[from] item: Leftovers\n|upkeep\n|-message|vgclth souly forfeited.\n|\n|win|SL1D\n|raw|SL1D's rating: 1713 &rarr; <strong>1738<\/strong><br \/>(+25 for winning)\n|raw|vgclth souly's rating: 1796 &rarr; <strong>1771<\/strong><br \/>(-25 for losing)\n|l|\u2606vgclth souly\n|player|p2|\n|j| MinamiSimp\n|l| MinamiSimp\n|l|\u2606SL1D\n|player|p1|\n","uploadtime":1731422962,"views":36,"formatid":"gen9vgc2024regh","rating":1738,"private":0,"password":null}