{"id":"gen9vgc2024regh-2242004671","format":"[Gen 9] VGC 2024 Reg H","players":["vgclth chromate","LeAnchor99"],"log":"|raw|<div class=\"broadcast-blue\"><strong>This battle is required to be public due to a player having a name starting with 'vgclth'.<\/div>\n|j|\u2606vgclth chromate\n|j|\u2606LeAnchor99\n|t:|1731365368\n|gametype|doubles\n|player|p1|vgclth chromate|allister|1647\n|player|p2|LeAnchor99|skierf|1688\n|teamsize|p1|6\n|teamsize|p2|6\n|gen|9\n|tier|[Gen 9] VGC 2024 Reg H\n|rated|\n|rule|Species Clause: Limit one of each Pok\u00e9mon\n|rule|Item Clause: Limit 1 of each item\n|clearpoke\n|poke|p1|Archaludon, L50, F|\n|poke|p1|Pelipper, L50, M|\n|poke|p1|Basculegion, L50, M|\n|poke|p1|Gholdengo, L50|\n|poke|p1|Incineroar, L50, F|\n|poke|p1|Amoonguss, L50, F|\n|poke|p2|Glimmora, L50, M|\n|poke|p2|Dondozo, L50, F|\n|poke|p2|Tatsugiri, L50, M|\n|poke|p2|Abomasnow, L50, F|\n|poke|p2|Ninetales-Alola, L50, F|\n|poke|p2|Talonflame, L50, F|\n|teampreview|4\n|inactive|Battle timer is ON: inactive players will automatically lose when time's up. (requested by LeAnchor99)\n|\n|t:|1731365396\n|start\n|switch|p1a: Archaludon|Archaludon, L50, F|100\/100\n|switch|p1b: Incineroar|Incineroar, L50, F|100\/100\n|switch|p2a: Talonflame|Talonflame, L50, F|100\/100\n|switch|p2b: Ninetales|Ninetales-Alola, L50, F|100\/100\n|-weather|Snow|[from] ability: Snow Warning|[of] p2b: Ninetales\n|-ability|p1b: Incineroar|Intimidate|boost\n|-unboost|p2a: Talonflame|atk|1\n|-unboost|p2b: Ninetales|atk|1\n|turn|1\n|inactive|LeAnchor99 has 30 seconds left.\n|\n|t:|1731365430\n|move|p2a: Talonflame|Tailwind|p2a: Talonflame\n|-sidestart|p2: LeAnchor99|move: Tailwind\n|move|p2b: Ninetales|Moonblast|p1a: Archaludon\n|-damage|p1a: Archaludon|63\/100\n|-unboost|p1a: Archaludon|spa|1\n|-ability|p1a: Archaludon|Stamina|boost\n|-boost|p1a: Archaludon|def|1\n|move|p1b: Incineroar|Parting Shot|p2a: Talonflame\n|-unboost|p2a: Talonflame|atk|1\n|-unboost|p2a: Talonflame|spa|1\n|\n|t:|1731365440\n|switch|p1b: Pelipper|Pelipper, L50, M|100\/100|[from] Parting Shot\n|-weather|RainDance|[from] ability: Drizzle|[of] p1b: Pelipper\n|move|p1a: Archaludon|Flash Cannon|p2b: Ninetales\n|-supereffective|p2b: Ninetales\n|-damage|p2b: Ninetales|0 fnt\n|faint|p2b: Ninetales\n|\n|-weather|RainDance|[upkeep]\n|upkeep\n|\n|t:|1731365451\n|switch|p2b: Tatsugiri|Tatsugiri, L50, M|100\/100\n|turn|2\n|\n|t:|1731365461\n|switch|p2a: Abomasnow|Abomasnow, L50, F|100\/100\n|-weather|Snow|[from] ability: Snow Warning|[of] p2a: Abomasnow\n|move|p2b: Tatsugiri|Draco Meteor|p1a: Archaludon\n|-damage|p1a: Archaludon|0 fnt\n|-unboost|p2b: Tatsugiri|spa|2\n|faint|p1a: Archaludon\n|-damage|p2b: Tatsugiri|91\/100|[from] item: Life Orb\n|move|p1b: Pelipper|Weather Ball|p2a: Abomasnow\n|-damage|p2a: Abomasnow|64\/100\n|\n|-weather|Snow|[upkeep]\n|upkeep\n|\n|t:|1731365471\n|switch|p1a: Amoonguss|Amoonguss, L50, F|100\/100\n|turn|3\n|\n|t:|1731365488\n|switch|p2b: Talonflame|Talonflame, L50, F|100\/100\n|-terastallize|p1a: Amoonguss|Water\n|move|p2a: Abomasnow|Blizzard|p1a: Amoonguss|[spread] p1a,p1b\n|-resisted|p1a: Amoonguss\n|-damage|p1a: Amoonguss|84\/100\n|-damage|p1b: Pelipper|45\/100\n|-status|p1b: Pelipper|frz\n|cant|p1b: Pelipper|frz\n|move|p1a: Amoonguss|Spore|p2b: Talonflame\n|-status|p2b: Talonflame|slp|[from] move: Spore\n|\n|-weather|Snow|[upkeep]\n|upkeep\n|turn|4\n|\n|t:|1731365508\n|switch|p1b: Incineroar|Incineroar, L50, F|100\/100\n|-ability|p1b: Incineroar|Intimidate|boost\n|-unboost|p2a: Abomasnow|atk|1\n|-unboost|p2b: Talonflame|atk|1\n|cant|p2b: Talonflame|slp\n|move|p2a: Abomasnow|Blizzard|p1a: Amoonguss|[spread] p1a,p1b\n|-resisted|p1a: Amoonguss\n|-resisted|p1b: Incineroar\n|-damage|p1a: Amoonguss|69\/100\n|-damage|p1b: Incineroar|83\/100\n|move|p1a: Amoonguss|Spore|p2b: Talonflame\n|-fail|p2b: Talonflame|slp\n|\n|-weather|Snow|[upkeep]\n|-sideend|p2: LeAnchor99|move: Tailwind\n|upkeep\n|turn|5\n|\n|t:|1731365533\n|cant|p2b: Talonflame|slp\n|move|p2a: Abomasnow|Earth Power|p1b: Incineroar\n|-supereffective|p1b: Incineroar\n|-damage|p1b: Incineroar|38\/100\n|move|p1b: Incineroar|Flare Blitz|p2a: Abomasnow\n|-supereffective|p2a: Abomasnow\n|-damage|p2a: Abomasnow|0 fnt\n|faint|p2a: Abomasnow\n|-damage|p1b: Incineroar|20\/100|[from] Recoil\n|move|p1a: Amoonguss|Pollen Puff|p1b: Incineroar\n|-heal|p1b: Incineroar|70\/100\n|\n|-weather|Snow|[upkeep]\n|upkeep\n|\n|t:|1731365546\n|switch|p2a: Tatsugiri|Tatsugiri, L50, M|91\/100\n|turn|6\n|\n|t:|1731365555\n|switch|p1b: Pelipper|Pelipper, L50, M|45\/100 frz\n|-weather|RainDance|[from] ability: Drizzle|[of] p1b: Pelipper\n|cant|p2b: Talonflame|slp\n|move|p2a: Tatsugiri|Muddy Water|p1b: Pelipper|[spread] p1b\n|-miss|p2a: Tatsugiri|p1a: Amoonguss\n|-resisted|p1b: Pelipper\n|-damage|p1b: Pelipper|0 fnt\n|faint|p1b: Pelipper\n|-damage|p2a: Tatsugiri|82\/100|[from] item: Life Orb\n|move|p1a: Amoonguss|Spore|p2a: Tatsugiri\n|-status|p2a: Tatsugiri|slp|[from] move: Spore\n|\n|-weather|RainDance|[upkeep]\n|upkeep\n|\n|t:|1731365559\n|switch|p1b: Incineroar|Incineroar, L50, F|70\/100\n|-ability|p1b: Incineroar|Intimidate|boost\n|-unboost|p2a: Tatsugiri|atk|1\n|-unboost|p2b: Talonflame|atk|1\n|turn|7\n|\n|t:|1731365571\n|-curestatus|p2b: Talonflame|slp|[msg]\n|move|p2b: Talonflame|Taunt|p1a: Amoonguss\n|-start|p1a: Amoonguss|move: Taunt\n|cant|p2a: Tatsugiri|slp\n|move|p1b: Incineroar|Knock Off|p2a: Tatsugiri\n|-damage|p2a: Tatsugiri|9\/100 slp\n|-enditem|p2a: Tatsugiri|Life Orb|[from] move: Knock Off|[of] p1b: Incineroar\n|move|p1a: Amoonguss|Pollen Puff|p2a: Tatsugiri\n|-damage|p2a: Tatsugiri|0 fnt\n|faint|p2a: Tatsugiri\n|\n|-weather|RainDance|[upkeep]\n|upkeep\n|turn|8\n|-message|LeAnchor99 forfeited.\n|\n|win|vgclth chromate\n|raw|vgclth chromate's rating: 1647 &rarr; <strong>1669<\/strong><br \/>(+22 for winning)\n|raw|LeAnchor99's rating: 1688 &rarr; <strong>1666<\/strong><br \/>(-22 for losing)\n|l|\u2606LeAnchor99\n|player|p2|\n|l|\u2606vgclth chromate\n|player|p1|\n","uploadtime":1731365728,"views":37,"formatid":"gen9vgc2024regh","rating":1666,"private":0,"password":null}