{"id":"gen9vgc2024regh-2242966851","format":"[Gen 9] VGC 2024 Reg H","players":["pigcookies42","carrotbeafsteak"],"log":"|j|\u2606pigcookies42\n|j|\u2606carrotbeafsteak\n|t:|1731495008\n|gametype|doubles\n|player|p1|pigcookies42|ingo|1704\n|player|p2|carrotbeafsteak|169|1780\n|teamsize|p1|6\n|teamsize|p2|6\n|gen|9\n|tier|[Gen 9] VGC 2024 Reg H\n|rated|\n|rule|Species Clause: Limit one of each Pok\u00e9mon\n|rule|Item Clause: Limit 1 of each item\n|clearpoke\n|poke|p1|Archaludon, L50, F|\n|poke|p1|Pelipper, L50, F|\n|poke|p1|Maushold-Four, L50|\n|poke|p1|Basculegion, L50, M|\n|poke|p1|Rillaboom, L50, F|\n|poke|p1|Gholdengo, L50|\n|poke|p2|Grimmsnarl, L50, M|\n|poke|p2|Drowzee, L50, F|\n|poke|p2|Flamigo, L50, M|\n|poke|p2|Bronzong, L50|\n|poke|p2|Tsareena, L50, F|\n|poke|p2|Ursaluna, L50, F|\n|teampreview|4\npigcookies42 has agreed to open team sheets.\ncarrotbeafsteak has agreed to open team sheets.\n|\n|t:|1731495042\n|start\n|switch|p1a: Archaludon|Archaludon, L50, F|100\/100\n|switch|p1b: Pelipper|Pelipper, L50, F|100\/100\n|switch|p2a: Grimmsnarl|Grimmsnarl, L50, M|100\/100\n|switch|p2b: Bronzong|Bronzong, L50|100\/100\n|-weather|RainDance|[from] ability: Drizzle|[of] p1b: Pelipper\n|turn|1\n|\n|t:|1731495058\n|move|p2a: Grimmsnarl|Fake Out|p1b: Pelipper\n|-damage|p1b: Pelipper|80\/100\n|cant|p1b: Pelipper|flinch\n|move|p1a: Archaludon|Electro Shot||[still]\n|-prepare|p1a: Archaludon|Electro Shot\n|-boost|p1a: Archaludon|spa|1\n|-anim|p1a: Archaludon|Electro Shot|p2a: Grimmsnarl\n|-damage|p2a: Grimmsnarl|17\/100\n|move|p2b: Bronzong|Trick Room|p2b: Bronzong\n|-fieldstart|move: Trick Room|[of] p2b: Bronzong\n|\n|-weather|RainDance|[upkeep]\n|upkeep\n|turn|2\n|\n|t:|1731495091\n|move|p2a: Grimmsnarl|Parting Shot|p1a: Archaludon\n|-unboost|p1a: Archaludon|atk|1\n|-unboost|p1a: Archaludon|spa|1\n|\n|t:|1731495101\n|switch|p2a: Ursaluna|Ursaluna, L50, F|100\/100|[from] Parting Shot\n|move|p2b: Bronzong|Body Press|p1a: Archaludon\n|-supereffective|p1a: Archaludon\n|-damage|p1a: Archaludon|50\/100\n|-ability|p1a: Archaludon|Stamina|boost\n|-boost|p1a: Archaludon|def|1\n|-damage|p2b: Bronzong|90\/100|[from] item: Life Orb\n|move|p1a: Archaludon|Electro Shot||[still]\n|-prepare|p1a: Archaludon|Electro Shot\n|-boost|p1a: Archaludon|spa|1\n|-anim|p1a: Archaludon|Electro Shot|p2b: Bronzong\n|-damage|p2b: Bronzong|19\/100\n|move|p1b: Pelipper|Weather Ball|p2b: Bronzong\n|-damage|p2b: Bronzong|0 fnt\n|faint|p2b: Bronzong\n|\n|-weather|RainDance|[upkeep]\n|-status|p2a: Ursaluna|brn|[from] item: Flame Orb\n|upkeep\n|\n|t:|1731495107\n|switch|p2b: Tsareena|Tsareena, L50, F|100\/100\n|turn|3\n|\n|t:|1731495123\n|-terastallize|p1a: Archaludon|Grass\n|move|p2a: Ursaluna|Facade|p1b: Pelipper\n|-damage|p1b: Pelipper|0 fnt\n|faint|p1b: Pelipper\n|move|p2b: Tsareena|High Jump Kick|p1a: Archaludon\n|-damage|p1a: Archaludon|27\/100\n|-ability|p1a: Archaludon|Stamina|boost\n|-boost|p1a: Archaludon|def|1\n|move|p1a: Archaludon|Body Press|p2a: Ursaluna\n|-supereffective|p2a: Ursaluna\n|-damage|p2a: Ursaluna|30\/100 brn\n|\n|-weather|RainDance|[upkeep]\n|-damage|p2a: Ursaluna|25\/100 brn|[from] brn\n|upkeep\n|\n|t:|1731495139\n|switch|p1b: Basculegion|Basculegion, L50, M|100\/100\n|turn|4\n|\n|t:|1731495159\n|move|p2a: Ursaluna|Facade|p1a: Archaludon\n|-damage|p1a: Archaludon|0 fnt\n|faint|p1a: Archaludon\n|move|p2b: Tsareena|Power Whip|p1b: Basculegion|[miss]\n|-miss|p2b: Tsareena|p1b: Basculegion\n|move|p1b: Basculegion|Last Respects|p2b: Tsareena\n|-damage|p2b: Tsareena|0 fnt\n|faint|p2b: Tsareena\n|\n|-weather|RainDance|[upkeep]\n|-damage|p2a: Ursaluna|19\/100 brn|[from] brn\n|upkeep\n|c|\u2606carrotbeafsteak|:_:\n|\n|t:|1731495171\n|switch|p2b: Grimmsnarl|Grimmsnarl, L50, M|17\/100\n|switch|p1a: i hate him|Gholdengo, L50|100\/100\n|turn|5\n|\n|t:|1731495192\n|-terastallize|p2b: Grimmsnarl|Dark\n|move|p2a: Ursaluna|Headlong Rush|p1a: i hate him\n|-supereffective|p1a: i hate him\n|-damage|p1a: i hate him|0 fnt\n|-unboost|p2a: Ursaluna|def|1\n|-unboost|p2a: Ursaluna|spd|1\n|faint|p1a: i hate him\n|move|p2b: Grimmsnarl|Throat Chop|p1b: Basculegion\n|-supereffective|p1b: Basculegion\n|-damage|p1b: Basculegion|0 fnt\n|faint|p1b: Basculegion\n|\n|win|carrotbeafsteak\n|raw|pigcookies42's rating: 1704 &rarr; <strong>1688<\/strong><br \/>(-16 for losing)\n|raw|carrotbeafsteak's rating: 1780 &rarr; <strong>1796<\/strong><br \/>(+16 for winning)\n|l|\u2606carrotbeafsteak\n|player|p2|\n|c|\u2606pigcookies42|Ggs\n|l|\u2606pigcookies42\n|player|p1|\n","uploadtime":1731495417,"views":25,"formatid":"gen9vgc2024regh","rating":1688,"private":0,"password":null}