{"id":"gen9vgc2024regh-2242641199","format":"[Gen 9] VGC 2024 Reg H","players":["pokequimico","VGCLTH John Pork"],"log":"|raw|<div class=\"broadcast-blue\"><strong>This battle is required to be public due to a player having a name starting with 'vgclth'.<\/div>\n|j|\u2606pokequimico\n|j|\u2606VGCLTH John Pork\n|t:|1731446784\n|gametype|doubles\n|player|p1|pokequimico|lucas|1699\n|player|p2|VGCLTH John Pork|ogreclan|1733\n|teamsize|p1|6\n|teamsize|p2|6\n|gen|9\n|tier|[Gen 9] VGC 2024 Reg H\n|rated|\n|rule|Species Clause: Limit one of each Pok\u00e9mon\n|rule|Item Clause: Limit 1 of each item\n|clearpoke\n|poke|p1|Sneasler, L50, M|\n|poke|p1|Rillaboom, L50, M|\n|poke|p1|Kingambit, L50, F|\n|poke|p1|Dragonite, L50, F|\n|poke|p1|Electabuzz, L50, M|\n|poke|p1|Volcarona, L50, M|\n|poke|p2|Ceruledge, L50, M|\n|poke|p2|Gastrodon-East, L50, F|\n|poke|p2|Sneasler, L50, M|\n|poke|p2|Dragonite, L50, M|\n|poke|p2|Rillaboom, L50, F|\n|poke|p2|Kingambit, L50, M|\n|teampreview|4\n|inactive|Battle timer is ON: inactive players will automatically lose when time's up. (requested by pokequimico)\n|\n|t:|1731446831\n|start\n|switch|p1a: Sneasler|Sneasler, L50, M|100\/100\n|switch|p1b: Volcarona|Volcarona, L50, M|100\/100\n|switch|p2a: Take a breath|Sneasler, L50, M|100\/100\n|switch|p2b: for the father|Dragonite, L50, M, shiny|100\/100\n|turn|1\n|\n|t:|1731446849\n|move|p1a: Sneasler|Fake Out|p2b: for the father\n|-crit|p2b: for the father\n|-damage|p2b: for the father|90\/100\n|-status|p2b: for the father|psn|[from] ability: Poison Touch|[of] p1a: Sneasler\n|move|p2a: Take a breath|Fake Out|p1a: Sneasler\n|-damage|p1a: Sneasler|77\/100\n|move|p1b: Volcarona|Quiver Dance|p1b: Volcarona\n|-boost|p1b: Volcarona|spa|1\n|-boost|p1b: Volcarona|spd|1\n|-boost|p1b: Volcarona|spe|1\n|cant|p2b: for the father|flinch\n|\n|-damage|p2b: for the father|78\/100 psn|[from] psn\n|upkeep\n|turn|2\n|inactive|pokequimico has 30 seconds left.\n|\n|t:|1731446881\n|-terastallize|p1b: Volcarona|Fairy\n|move|p1b: Volcarona|Tera Blast|p2b: for the father|[anim] Tera Blast Fairy\n|-supereffective|p2b: for the father\n|-damage|p2b: for the father|0 fnt\n|faint|p2b: for the father\n|move|p1a: Sneasler|Dire Claw|p2a: Take a breath\n|-resisted|p2a: Take a breath\n|-crit|p2a: Take a breath\n|-damage|p2a: Take a breath|44\/100\n|-status|p2a: Take a breath|par\n|move|p2a: Take a breath|Coaching|p2: for the father|[notarget]\n|-fail|p2a: Take a breath\n|\n|upkeep\n|\n|t:|1731446890\n|switch|p2b: Lessons repeating|Kingambit, L50, M, shiny|100\/100\n|turn|3\n|\n|t:|1731446902\n|-terastallize|p2b: Lessons repeating|Flying\n|move|p1b: Volcarona|Heat Wave|p2b: Lessons repeating|[spread] p2a,p2b\n|-damage|p2a: Take a breath|0 fnt\n|-damage|p2b: Lessons repeating|65\/100\n|faint|p2a: Take a breath\n|move|p1a: Sneasler|Close Combat|p2b: Lessons repeating\n|-resisted|p2b: Lessons repeating\n|-damage|p2b: Lessons repeating|41\/100\n|-unboost|p1a: Sneasler|def|1\n|-unboost|p1a: Sneasler|spd|1\n|move|p2b: Lessons repeating|Iron Head|p1b: Volcarona\n|-supereffective|p1b: Volcarona\n|-damage|p1b: Volcarona|0 fnt\n|faint|p1b: Volcarona\n|\n|upkeep\n|\n|t:|1731446913\n|switch|p2a: Hold my head|Ceruledge, L50, M|100\/100\n|switch|p1b: Dragonite|Dragonite, L50, F|100\/100\n|turn|4\n|j| vgclth souly\n|\n|t:|1731446932\n|move|p2a: Hold my head|Shadow Sneak|p1b: Dragonite\n|-damage|p1b: Dragonite|88\/100\n|move|p2b: Lessons repeating|Sucker Punch|p1b: Dragonite\n|-damage|p1b: Dragonite|42\/100\n|move|p1a: Sneasler|Coaching|p1b: Dragonite\n|-boost|p1b: Dragonite|atk|1\n|-boost|p1b: Dragonite|def|1\n|move|p1b: Dragonite|Scale Shot|p2b: Lessons repeating\n|-damage|p2b: Lessons repeating|26\/100\n|-damage|p2b: Lessons repeating|11\/100\n|-damage|p2b: Lessons repeating|0 fnt\n|faint|p2b: Lessons repeating\n|-hitcount|p2: Lessons repeating|3\n|-unboost|p1b: Dragonite|def|1\n|-boost|p1b: Dragonite|spe|1\n|\n|upkeep\n|turn|5\n|-message|VGCLTH John Pork forfeited.\n|\n|win|pokequimico\n|raw|pokequimico's rating: 1699 &rarr; <strong>1721<\/strong><br \/>(+22 for winning)\n|raw|VGCLTH John Pork's rating: 1733 &rarr; <strong>1711<\/strong><br \/>(-22 for losing)\n|l|\u2606VGCLTH John Pork\n|player|p2|\n|l| vgclth souly\n|j| VGCLTH ihatebo1\n|l|\u2606pokequimico\n|player|p1|\n|l| VGCLTH ihatebo1\n","uploadtime":1731447190,"views":54,"formatid":"gen9vgc2024regh","rating":1711,"private":0,"password":null}