{"id":"gen9vgc2024regh-2242998318","format":"[Gen 9] VGC 2024 Reg H","players":["VGCLTH Thacrow","marayaman"],"log":"|raw|<div class=\"broadcast-blue\"><strong>This battle is required to be public due to a player having a name starting with 'vgclth'.<\/div>\n|j|\u2606VGCLTH Thacrow\n|j|\u2606marayaman\n|t:|1731499919\n|gametype|doubles\n|player|p1|VGCLTH Thacrow|wallace-masters|1796\n|player|p2|marayaman|169|1742\n|teamsize|p1|6\n|teamsize|p2|6\n|gen|9\n|tier|[Gen 9] VGC 2024 Reg H\n|rated|\n|rule|Species Clause: Limit one of each Pok\u00e9mon\n|rule|Item Clause: Limit 1 of each item\n|clearpoke\n|poke|p1|Ceruledge, L50, M|\n|poke|p1|Gastrodon-East, L50, M|\n|poke|p1|Sneasler, L50, M|\n|poke|p1|Dragonite, L50, M|\n|poke|p1|Rillaboom, L50, M|\n|poke|p1|Kingambit, L50, M|\n|poke|p2|Dragonite, L50, M|\n|poke|p2|Ursaluna-Bloodmoon, L50, M|\n|poke|p2|Gholdengo, L50|\n|poke|p2|Sneasler, L50, M|\n|poke|p2|Kingambit, L50, F|\n|poke|p2|Porygon2, L50|\n|teampreview|4\nVGCLTH Thacrow has agreed to open team sheets.\n|j| VGCLTH Viaan\n|j| vgclth souly\n|j| VGCLTH GoofyGoober\n|\n|t:|1731499961\n|start\n|switch|p1a: Kidturtle|Sneasler, L50, M, shiny|100\/100\n|switch|p1b: Main Flutter|Dragonite, L50, M, shiny|100\/100\n|switch|p2a: Sneasler|Sneasler, L50, M|100\/100\n|switch|p2b: Dragonite|Dragonite, L50, M|100\/100\n|turn|1\n|\n|t:|1731499984\n|move|p2b: Dragonite|Protect|p2b: Dragonite\n|-singleturn|p2b: Dragonite|Protect\n|move|p1a: Kidturtle|Fake Out|p2b: Dragonite\n|-activate|p2b: Dragonite|move: Protect\n|move|p2a: Sneasler|Dire Claw|p1b: Main Flutter\n|-damage|p1b: Main Flutter|74\/100\n|move|p1b: Main Flutter|Scale Shot|p2a: Sneasler\n|-damage|p2a: Sneasler|75\/100\n|-damage|p2a: Sneasler|51\/100\n|-damage|p2a: Sneasler|26\/100\n|-damage|p2a: Sneasler|2\/100\n|-hitcount|p2a: Sneasler|4\n|-unboost|p1b: Main Flutter|def|1\n|-boost|p1b: Main Flutter|spe|1\n|\n|upkeep\n|turn|2\n|\n|t:|1731500020\n|switch|p2a: Porygon2|Porygon2, L50|100\/100\n|-ability|p2a: Porygon2|Download|boost\n|-boost|p2a: Porygon2|atk|1\n|move|p1b: Main Flutter|Extreme Speed|p2b: Dragonite\n|-damage|p2b: Dragonite|83\/100\n|move|p1a: Kidturtle|Dire Claw|p2b: Dragonite\n|-damage|p2b: Dragonite|38\/100\n|-status|p2b: Dragonite|par\n|move|p2b: Dragonite|Scale Shot|p1a: Kidturtle|[miss]\n|-miss|p2b: Dragonite|p1a: Kidturtle\n|\n|upkeep\n|turn|3\n|j| ethereal\n|\n|t:|1731500044\n|switch|p2b: Sneasler|Sneasler, L50, M|2\/100\n|-terastallize|p2a: Porygon2|Fire\n|move|p1b: Main Flutter|Scale Shot|p2a: Porygon2\n|-damage|p2a: Porygon2|93\/100\n|-damage|p2a: Porygon2|84\/100\n|-damage|p2a: Porygon2|76\/100\n|-damage|p2a: Porygon2|68\/100\n|-hitcount|p2a: Porygon2|4\n|-unboost|p1b: Main Flutter|def|1\n|-boost|p1b: Main Flutter|spe|1\n|move|p1a: Kidturtle|Close Combat|p2a: Porygon2\n|-damage|p2a: Porygon2|33\/100\n|-unboost|p1a: Kidturtle|def|1\n|-unboost|p1a: Kidturtle|spd|1\n|move|p2a: Porygon2|Trick Room|p2a: Porygon2\n|-fieldstart|move: Trick Room|[of] p2a: Porygon2\n|\n|upkeep\n|turn|4\n|\n|t:|1731500080\n|move|p1b: Main Flutter|Extreme Speed|p2b: Sneasler\n|-damage|p2b: Sneasler|0 fnt\n|faint|p2b: Sneasler\n|move|p2a: Porygon2|Recover|p2a: Porygon2\n|-heal|p2a: Porygon2|83\/100\n|move|p1a: Kidturtle|Close Combat|p2a: Porygon2\n|-damage|p2a: Porygon2|46\/100\n|-unboost|p1a: Kidturtle|def|1\n|-unboost|p1a: Kidturtle|spd|1\n|\n|upkeep\n|l|\u2606VGCLTH Thacrow\n|player|p1|\n|j|\u2606VGCLTH Thacrow\n|player|p1|VGCLTH Thacrow|wallace-masters|\n|\n|t:|1731500085\n|switch|p2b: Ursaluna|Ursaluna-Bloodmoon, L50, M|100\/100\n|turn|5\n|\n|t:|1731500116\n|switch|p1a: Godlyreal|Kingambit, L50, M|100\/100\n|move|p1b: Main Flutter|Extreme Speed|p2a: Porygon2\n|-damage|p2a: Porygon2|31\/100\n|move|p2b: Ursaluna|Hyper Voice|p1b: Main Flutter|[spread] p1a,p1b\n|-resisted|p1a: Godlyreal\n|-damage|p1a: Godlyreal|89\/100\n|-damage|p1b: Main Flutter|35\/100\n|move|p2a: Porygon2|Ice Beam|p1a: Godlyreal\n|-resisted|p1a: Godlyreal\n|-damage|p1a: Godlyreal|81\/100\n|\n|upkeep\n|turn|6\n|l| VGCLTH GoofyGoober\n|\n|t:|1731500139\n|move|p1b: Main Flutter|Extreme Speed|p2a: Porygon2\n|-damage|p2a: Porygon2|14\/100\n|move|p1a: Godlyreal|Sucker Punch||[still]\n|-fail|p1a: Godlyreal\n|move|p2b: Ursaluna|Earth Power|p1a: Godlyreal\n|-supereffective|p1a: Godlyreal\n|-damage|p1a: Godlyreal|15\/100\n|move|p2a: Porygon2|Recover|p2a: Porygon2\n|-heal|p2a: Porygon2|64\/100\n|\n|upkeep\n|turn|7\n|\n|t:|1731500172\n|move|p1b: Main Flutter|Extreme Speed|p2a: Porygon2\n|-damage|p2a: Porygon2|47\/100\n|move|p1a: Godlyreal|Sucker Punch|p2b: Ursaluna\n|-damage|p2b: Ursaluna|75\/100\n|move|p2b: Ursaluna|Hyper Voice|p1a: Godlyreal|[spread] p1a,p1b\n|-resisted|p1a: Godlyreal\n|-damage|p1a: Godlyreal|4\/100\n|-damage|p1b: Main Flutter|1\/100\n|move|p2a: Porygon2|Recover|p2a: Porygon2\n|-heal|p2a: Porygon2|97\/100\n|\n|-fieldend|move: Trick Room\n|upkeep\n|turn|8\n|\n|t:|1731500209\n|move|p2b: Ursaluna|Vacuum Wave|p1b: Main Flutter\n|-resisted|p1b: Main Flutter\n|-damage|p1b: Main Flutter|0 fnt\n|faint|p1b: Main Flutter\n|move|p1a: Godlyreal|Kowtow Cleave|p2b: Ursaluna\n|-damage|p2b: Ursaluna|39\/100\n|move|p2a: Porygon2|Trick Room|p2a: Porygon2\n|-fieldstart|move: Trick Room|[of] p2a: Porygon2\n|\n|upkeep\n|\n|t:|1731500215\n|switch|p1b: AdlrichYan|Rillaboom, L50, M|100\/100\n|-fieldstart|move: Grassy Terrain|[from] ability: Grassy Surge|[of] p1b: AdlrichYan\n|turn|9\n|j| SkyFlyHigh\n|\n|t:|1731500226\n|switch|p2b: Dragonite|Dragonite, L50, M|38\/100 par\n|-terastallize|p1b: AdlrichYan|Fire\n|move|p1b: AdlrichYan|Grassy Glide|p2b: Dragonite\n|-resisted|p2b: Dragonite\n|-damage|p2b: Dragonite|24\/100 par\n|move|p1a: Godlyreal|Kowtow Cleave|p2b: Dragonite\n|-damage|p2b: Dragonite|0 fnt\n|faint|p2b: Dragonite\n|move|p2a: Porygon2|Tera Blast|p1b: AdlrichYan|[anim] Tera Blast Fire\n|-resisted|p1b: AdlrichYan\n|-damage|p1b: AdlrichYan|83\/100\n|\n|-heal|p1a: Godlyreal|10\/100|[from] Grassy Terrain\n|-heal|p2a: Porygon2|100\/100|[from] Grassy Terrain\n|-heal|p1b: AdlrichYan|89\/100|[from] Grassy Terrain\n|upkeep\n|\n|t:|1731500240\n|switch|p2b: Ursaluna|Ursaluna-Bloodmoon, L50, M|39\/100\n|turn|10\n|\n|t:|1731500248\n|switch|p1a: Kidturtle|Sneasler, L50, M, shiny|100\/100\n|move|p1b: AdlrichYan|Grassy Glide|p2b: Ursaluna\n|-supereffective|p2b: Ursaluna\n|-crit|p2b: Ursaluna\n|-damage|p2b: Ursaluna|0 fnt\n|faint|p2b: Ursaluna\n|move|p2a: Porygon2|Tera Blast|p1a: Kidturtle|[anim] Tera Blast Fire\n|-damage|p1a: Kidturtle|46\/100\n|\n|-heal|p1b: AdlrichYan|95\/100|[from] Grassy Terrain\n|-heal|p1a: Kidturtle|52\/100|[from] Grassy Terrain\n|upkeep\n|turn|11\n|-message|marayaman forfeited.\n|\n|win|VGCLTH Thacrow\n|raw|VGCLTH Thacrow's rating: 1796 &rarr; <strong>1813<\/strong><br \/>(+17 for winning)\n|raw|marayaman's rating: 1742 &rarr; <strong>1725<\/strong><br \/>(-17 for losing)\n|l|\u2606marayaman\n|player|p2|\n|l|\u2606VGCLTH Thacrow\n|player|p1|\n|l| vgclth souly\n|l| ethereal\n|l| SkyFlyHigh\n","uploadtime":1731500529,"views":21,"formatid":"gen9vgc2024regh","rating":1725,"private":0,"password":null}