{"id":"gen9vgc2024regh-2242707740","format":"[Gen 9] VGC 2024 Reg H","players":["fineshyt","ray4gej"],"log":"|j|\u2606fineshyt\n|j|\u2606ray4gej\n|t:|1731454214\n|gametype|doubles\n|player|p1|fineshyt|roxanne-masters|1681\n|player|p2|ray4gej|170|1706\n|teamsize|p1|6\n|teamsize|p2|6\n|gen|9\n|tier|[Gen 9] VGC 2024 Reg H\n|rated|\n|rule|Species Clause: Limit one of each Pok\u00e9mon\n|rule|Item Clause: Limit 1 of each item\n|clearpoke\n|poke|p1|Sneasler, L50, M|\n|poke|p1|Kingambit, L50, M|\n|poke|p1|Dragonite, L50, F|\n|poke|p1|Rillaboom, L50, F|\n|poke|p1|Ceruledge, L50, M|\n|poke|p1|Clefable, L50, M|\n|poke|p2|Dondozo, L50, F|\n|poke|p2|Tatsugiri, L50, M|\n|poke|p2|Sneasler, L50, M|\n|poke|p2|Flamigo, L50, M|\n|poke|p2|Amoonguss, L50, F|\n|poke|p2|Gholdengo, L50|\n|teampreview|4\n|\n|t:|1731454257\n|start\n|switch|p1a: Sneasler|Sneasler, L50, M|100\/100\n|switch|p1b: Kingambit|Kingambit, L50, M|100\/100\n|switch|p2a: Gholdengo|Gholdengo, L50|100\/100\n|switch|p2b: Sneasler|Sneasler, L50, M|100\/100\n|turn|1\n|\n|t:|1731454275\n|-terastallize|p1b: Kingambit|Flying\n|move|p2b: Sneasler|Fake Out|p1b: Kingambit\n|-damage|p1b: Kingambit|91\/100\n|move|p1a: Sneasler|Dire Claw|p2b: Sneasler\n|-resisted|p2b: Sneasler\n|-damage|p2b: Sneasler|62\/100\n|move|p2a: Gholdengo|Nasty Plot|p2a: Gholdengo\n|-boost|p2a: Gholdengo|spa|2\n|cant|p1b: Kingambit|flinch\n|\n|upkeep\n|turn|2\n|\n|t:|1731454317\n|move|p1a: Sneasler|Protect|p1a: Sneasler\n|-singleturn|p1a: Sneasler|Protect\n|move|p2a: Gholdengo|Protect|p2a: Gholdengo\n|-singleturn|p2a: Gholdengo|Protect\n|move|p1b: Kingambit|Sucker Punch||[still]\n|-fail|p1b: Kingambit\n|move|p2b: Sneasler|Dire Claw|p1a: Sneasler\n|-activate|p1a: Sneasler|move: Protect\n|\n|upkeep\n|turn|3\n|\n|t:|1731454338\n|move|p1b: Kingambit|Sucker Punch|p2a: Gholdengo\n|-supereffective|p2a: Gholdengo\n|-damage|p2a: Gholdengo|14\/100\n|move|p2b: Sneasler|Dire Claw|p1b: Kingambit\n|-damage|p1b: Kingambit|58\/100\n|-status|p1b: Kingambit|psn\n|move|p1a: Sneasler|Dire Claw|p2b: Sneasler\n|-resisted|p2b: Sneasler\n|-damage|p2b: Sneasler|23\/100\n|-status|p2b: Sneasler|slp\n|move|p2a: Gholdengo|Make It Rain|p1b: Kingambit|[spread] p1a,p1b\n|-enditem|p1a: Sneasler|Focus Sash\n|-damage|p1a: Sneasler|1\/100\n|-damage|p1b: Kingambit|0 fnt\n|-unboost|p2a: Gholdengo|spa|1\n|faint|p1b: Kingambit\n|\n|upkeep\n|\n|t:|1731454356\n|switch|p1b: Dragonite|Dragonite, L50, F|100\/100\n|turn|4\n|\n|t:|1731454370\n|move|p1a: Sneasler|Protect|p1a: Sneasler\n|-singleturn|p1a: Sneasler|Protect\n|cant|p2b: Sneasler|slp\n|move|p2a: Gholdengo|Make It Rain|p1b: Dragonite|[spread] p1b\n|-activate|p1a: Sneasler|move: Protect\n|-damage|p1b: Dragonite|63\/100\n|-unboost|p2a: Gholdengo|spa|1\n|move|p1b: Dragonite|Scale Shot|p2b: Sneasler\n|-damage|p2b: Sneasler|0 fnt\n|faint|p2b: Sneasler\n|-hitcount|p2: Sneasler|1\n|-unboost|p1b: Dragonite|def|1\n|-boost|p1b: Dragonite|spe|1\n|\n|upkeep\n|\n|t:|1731454376\n|switch|p2b: Tatsugiri|Tatsugiri, L50, M|100\/100\n|turn|5\n|\n|t:|1731454397\n|-terastallize|p2a: Gholdengo|Steel\n|move|p1b: Dragonite|Protect|p1b: Dragonite\n|-singleturn|p1b: Dragonite|Protect\n|move|p1a: Sneasler|Dire Claw|p2b: Tatsugiri\n|-damage|p2b: Tatsugiri|12\/100\n|-status|p2b: Tatsugiri|par\n|move|p2a: Gholdengo|Make It Rain|p1a: Sneasler|[spread] p1a\n|-activate|p1b: Dragonite|move: Protect\n|-damage|p1a: Sneasler|0 fnt\n|-unboost|p2a: Gholdengo|spa|1\n|faint|p1a: Sneasler\n|cant|p2b: Tatsugiri|par\n|\n|upkeep\n|\n|t:|1731454408\n|switch|p1a: Clefable|Clefable, L50, M|100\/100\n|turn|6\n|\n|t:|1731454415\n|move|p2a: Gholdengo|Protect|p2a: Gholdengo\n|-singleturn|p2a: Gholdengo|Protect\n|move|p1b: Dragonite|Extreme Speed|p2a: Gholdengo\n|-activate|p2a: Gholdengo|move: Protect\n|move|p2b: Tatsugiri|Icy Wind|p1b: Dragonite|[spread] p1a,p1b\n|-supereffective|p1b: Dragonite\n|-damage|p1a: Clefable|88\/100\n|-damage|p1b: Dragonite|0 fnt\n|-unboost|p1a: Clefable|spe|1\n|faint|p1b: Dragonite\n|move|p1a: Clefable|Moonblast|p2b: Tatsugiri\n|-supereffective|p2b: Tatsugiri\n|-damage|p2b: Tatsugiri|0 fnt\n|faint|p2b: Tatsugiri\n|\n|upkeep\n|\n|t:|1731454424\n|switch|p2b: Flamigo|Flamigo, L50, M|100\/100\n|turn|7\n|-message|fineshyt forfeited.\n|\n|win|ray4gej\n|raw|fineshyt's rating: 1681 &rarr; <strong>1662<\/strong><br \/>(-19 for losing)\n|raw|ray4gej's rating: 1706 &rarr; <strong>1725<\/strong><br \/>(+19 for winning)\n|l|\u2606fineshyt\n|player|p1|\n","uploadtime":1731454673,"views":40,"formatid":"gen9vgc2024regh","rating":1662,"private":0,"password":null}