{"id":"gen9vgc2024regh-2242363217","format":"[Gen 9] VGC 2024 Reg H","players":["Kodora","USTM"],"log":"|j|\u2606Kodora\n|j|\u2606USTM\n|t:|1731419778\n|gametype|doubles\n|player|p1|Kodora|265|1691\n|player|p2|USTM|101|1773\n|teamsize|p1|6\n|teamsize|p2|6\n|gen|9\n|tier|[Gen 9] VGC 2024 Reg H\n|rated|\n|rule|Species Clause: Limit one of each Pok\u00e9mon\n|rule|Item Clause: Limit 1 of each item\n|clearpoke\n|poke|p1|Maushold-Four, L50|\n|poke|p1|Annihilape, L50, M|\n|poke|p1|Archaludon, L50, F|\n|poke|p1|Murkrow, L50, M|\n|poke|p1|Weavile, L50, M|\n|poke|p1|Garchomp, L50, M|\n|poke|p2|Gallade, L50, M|\n|poke|p2|Incineroar, L50, M|\n|poke|p2|Kingambit, L50, M|\n|poke|p2|Ninetales-Alola, L50, M|\n|poke|p2|Garchomp, L50, M|\n|poke|p2|Dragonite, L50, M|\n|teampreview|4\n|\n|t:|1731419799\n|start\n|switch|p1a: Maushold|Maushold-Four, L50, shiny|100\/100\n|switch|p1b: Annihilape|Annihilape, L50, M, shiny|100\/100\n|switch|p2a: Garchomp|Garchomp, L50, M|100\/100\n|switch|p2b: Dragonite|Dragonite, L50, M, shiny|100\/100\n|turn|1\n|inactive|Battle timer is ON: inactive players will automatically lose when time's up. (requested by USTM)\n|\n|t:|1731419820\n|switch|p1b: Archaludon|Archaludon, L50, F, shiny|100\/100\n|move|p2b: Dragonite|Extreme Speed|p1a: Maushold\n|-damage|p1a: Maushold|61\/100\n|move|p2a: Garchomp|Earthquake|p1b: Archaludon|[spread] p1a,p1b\n|-immune|p2b: Dragonite\n|-supereffective|p1b: Archaludon\n|-damage|p1a: Maushold|8\/100\n|-damage|p1b: Archaludon|55\/100\n|-ability|p1b: Archaludon|Stamina|boost\n|-boost|p1b: Archaludon|def|1\n|move|p1a: Maushold|Beat Up|p1b: Archaludon\n|-damage|p1b: Archaludon|54\/100\n|-ability|p1b: Archaludon|Stamina|boost\n|-boost|p1b: Archaludon|def|1\n|-damage|p1b: Archaludon|53\/100\n|-ability|p1b: Archaludon|Stamina|boost\n|-boost|p1b: Archaludon|def|1\n|-damage|p1b: Archaludon|52\/100\n|-ability|p1b: Archaludon|Stamina|boost\n|-boost|p1b: Archaludon|def|1\n|-damage|p1b: Archaludon|52\/100\n|-ability|p1b: Archaludon|Stamina|boost\n|-boost|p1b: Archaludon|def|1\n|-hitcount|p1b: Archaludon|4\n|\n|upkeep\n|turn|2\n|\n|t:|1731419838\n|-terastallize|p1b: Archaludon|Grass\n|move|p1a: Maushold|Helping Hand|p1b: Archaludon\n|-singleturn|p1b: Archaludon|Helping Hand|[of] p1a: Maushold\n|move|p2a: Garchomp|Earthquake|p1a: Maushold|[spread] p1a,p1b\n|-immune|p2b: Dragonite\n|-resisted|p1b: Archaludon\n|-damage|p1a: Maushold|0 fnt\n|-damage|p1b: Archaludon|48\/100\n|-ability|p1b: Archaludon|Stamina|boost\n|-boost|p1b: Archaludon|def|1\n|faint|p1a: Maushold\n|move|p2b: Dragonite|Low Kick|p1b: Archaludon\n|-damage|p1b: Archaludon|41\/100\n|move|p1b: Archaludon|Draco Meteor|p2b: Dragonite|[miss]\n|-miss|p1b: Archaludon|p2b: Dragonite\n|\n|upkeep\n|\n|t:|1731419852\n|switch|p1a: Annihilape|Annihilape, L50, M, shiny|100\/100\n|turn|3\n|\n|t:|1731419870\n|-terastallize|p2b: Dragonite|Flying\n|move|p1a: Annihilape|Protect|p1a: Annihilape\n|-singleturn|p1a: Annihilape|Protect\n|move|p2a: Garchomp|Earthquake|p1b: Archaludon|[spread] p1b\n|-activate|p1a: Annihilape|move: Protect\n|-immune|p2b: Dragonite\n|-resisted|p1b: Archaludon\n|-damage|p1b: Archaludon|38\/100\n|move|p2b: Dragonite|Tera Blast|p1a: Annihilape|[anim] Tera Blast Flying\n|-activate|p1a: Annihilape|move: Protect\n|move|p1b: Archaludon|Draco Meteor|p2a: Garchomp\n|-supereffective|p2a: Garchomp\n|-damage|p2a: Garchomp|0 fnt\n|-unboost|p1b: Archaludon|spa|2\n|faint|p2a: Garchomp\n|\n|upkeep\n|\n|t:|1731419876\n|switch|p2a: Ninetales|Ninetales-Alola, L50, M|100\/100\n|-weather|Snow|[from] ability: Snow Warning|[of] p2a: Ninetales\n|turn|4\n|\n|t:|1731419892\n|switch|p1a: Murkrow|Murkrow, L50, M, shiny|100\/100\n|move|p2a: Ninetales|Blizzard|p1a: Murkrow|[spread] p1a,p1b\n|-supereffective|p1a: Murkrow\n|-supereffective|p1b: Archaludon\n|-damage|p1a: Murkrow|3\/100\n|-damage|p1b: Archaludon|0 fnt\n|-status|p1a: Murkrow|frz\n|faint|p1b: Archaludon\n|move|p2b: Dragonite|Tera Blast|p1a: Murkrow|[anim] Tera Blast Flying\n|-damage|p1a: Murkrow|0 fnt\n|faint|p1a: Murkrow\n|\n|-weather|Snow|[upkeep]\n|upkeep\n|\n|t:|1731419894\n|switch|p1b: Annihilape|Annihilape, L50, M, shiny|100\/100\n|turn|5\n|\n|t:|1731419908\n|move|p2a: Ninetales|Blizzard|p1b: Annihilape\n|-damage|p1b: Annihilape|43\/100\n|move|p1b: Annihilape|Rage Fist|p2a: Ninetales\n|-damage|p2a: Ninetales|50\/100\n|move|p2b: Dragonite|Tera Blast|p1b: Annihilape|[anim] Tera Blast Flying\n|-supereffective|p1b: Annihilape\n|-damage|p1b: Annihilape|0 fnt\n|faint|p1b: Annihilape\n|\n|win|USTM\n|raw|Kodora's rating: 1709 &rarr; <strong>1693<\/strong><br \/>(-16 for losing)\n|raw|USTM's rating: 1773 &rarr; <strong>1789<\/strong><br \/>(+16 for winning)\n|l|\u2606Kodora\n|player|p1|\n|l|\u2606USTM\n|player|p2|\n","uploadtime":1731420108,"views":32,"formatid":"gen9vgc2024regh","rating":1693,"private":0,"password":null}