{"id":"gen9vgc2024regh-2242868987","format":"[Gen 9] VGC 2024 Reg H","players":["JH0NEY","Lsxy"],"log":"|j|\u2606JH0NEY\n|j|\u2606Lsxy\n|t:|1731476220\n|gametype|doubles\n|player|p1|JH0NEY|169|1646\n|player|p2|Lsxy|266|1703\n|teamsize|p1|6\n|teamsize|p2|6\n|gen|9\n|tier|[Gen 9] VGC 2024 Reg H\n|rated|\n|rule|Species Clause: Limit one of each Pok\u00e9mon\n|rule|Item Clause: Limit 1 of each item\n|clearpoke\n|poke|p1|Garchomp, L50, F|\n|poke|p1|Corviknight, L50, F|\n|poke|p1|Tyranitar, L50, F|\n|poke|p1|Gastrodon, L50, F|\n|poke|p1|Sinistcha, L50|\n|poke|p1|Tauros-Paldea-Blaze, L50, M|\n|poke|p2|Tyranitar, L50, F|\n|poke|p2|Sneasler, L50, F|\n|poke|p2|Indeedee, L50, M|\n|poke|p2|Excadrill, L50, M|\n|poke|p2|Corviknight, L50, F|\n|poke|p2|Sylveon, L50, F|\n|teampreview|4\n|inactive|Battle timer is ON: inactive players will automatically lose when time's up. (requested by Lsxy)\n|inactive|JH0NEY has 60 seconds left.\n|\n|t:|1731476258\n|start\n|switch|p1a: Tauros|Tauros-Paldea-Blaze, L50, M|100\/100\n|switch|p1b: Corviknight|Corviknight, L50, F|100\/100\n|switch|p2a: Corviknight|Corviknight, L50, F|100\/100\n|switch|p2b: Sylveon|Sylveon, L50, F|100\/100\n|-ability|p1a: Tauros|Intimidate|boost\n|-ability|p2a: Corviknight|Mirror Armor\n|-unboost|p1a: Tauros|atk|1\n|-unboost|p2b: Sylveon|atk|1\n|turn|1\n|\n|t:|1731476279\n|move|p1a: Tauros|Will-O-Wisp|p2a: Corviknight\n|-status|p2a: Corviknight|brn\n|move|p1b: Corviknight|Bulk Up|p1b: Corviknight\n|-boost|p1b: Corviknight|atk|1\n|-boost|p1b: Corviknight|def|1\n|move|p2a: Corviknight|Iron Defense|p2a: Corviknight\n|-boost|p2a: Corviknight|def|2\n|-enditem|p1a: Tauros|Mirror Herb\n|-boost|p1a: Tauros|def|2|[from] item: Mirror Herb\n|move|p2b: Sylveon|Yawn|p1b: Corviknight\n|-start|p1b: Corviknight|move: Yawn|[of] p2b: Sylveon\n|\n|-damage|p2a: Corviknight|95\/100 brn|[from] brn\n|upkeep\n|turn|2\n|\n|t:|1731476296\n|switch|p1b: Tyranitar|Tyranitar, L50, F|100\/100\n|-weather|Sandstorm|[from] ability: Sand Stream|[of] p1b: Tyranitar\n|move|p1a: Tauros|Raging Bull|p2b: Sylveon\n|-damage|p2b: Sylveon|68\/100\n|move|p2a: Corviknight|Iron Defense|p2a: Corviknight\n|-boost|p2a: Corviknight|def|2\n|move|p2b: Sylveon|Hyper Voice|p1a: Tauros|[spread] p1a,p1b\n|-supereffective|p1b: Tyranitar\n|-damage|p1a: Tauros|36\/100\n|-damage|p1b: Tyranitar|71\/100\n|-enditem|p2b: Sylveon|Throat Spray\n|-boost|p2b: Sylveon|spa|1|[from] item: Throat Spray\n|\n|-weather|Sandstorm|[upkeep]\n|-damage|p1a: Tauros|30\/100|[from] Sandstorm\n|-damage|p2b: Sylveon|62\/100|[from] Sandstorm\n|-heal|p2a: Corviknight|100\/100 brn|[from] item: Leftovers\n|-damage|p2a: Corviknight|95\/100 brn|[from] brn\n|upkeep\n|turn|3\n|\n|t:|1731476320\n|switch|p1a: Corviknight|Corviknight, L50, F|100\/100\n|-terastallize|p1b: Tyranitar|Flying\n|move|p1b: Tyranitar|Tera Blast|p2b: Sylveon|[anim] Tera Blast Flying\n|-damage|p2b: Sylveon|8\/100\n|move|p2a: Corviknight|Body Press|p1b: Tyranitar\n|-resisted|p1b: Tyranitar\n|-damage|p1b: Tyranitar|60\/100\n|move|p2b: Sylveon|Hyper Voice|p1a: Corviknight|[spread] p1a,p1b\n|-resisted|p1a: Corviknight\n|-damage|p1a: Corviknight|74\/100\n|-damage|p1b: Tyranitar|25\/100\n|\n|-weather|Sandstorm|[upkeep]\n|-damage|p1b: Tyranitar|19\/100|[from] Sandstorm\n|-damage|p2b: Sylveon|2\/100|[from] Sandstorm\n|-heal|p2a: Corviknight|100\/100 brn|[from] item: Leftovers\n|-damage|p2a: Corviknight|95\/100 brn|[from] brn\n|upkeep\n|turn|4\n|\n|t:|1731476339\n|move|p2b: Sylveon|Detect|p2b: Sylveon\n|-singleturn|p2b: Sylveon|Protect\n|move|p1a: Corviknight|Bulk Up|p1a: Corviknight\n|-boost|p1a: Corviknight|atk|1\n|-boost|p1a: Corviknight|def|1\n|move|p2a: Corviknight|Power Trip|p1b: Tyranitar\n|-damage|p1b: Tyranitar|11\/100\n|move|p1b: Tyranitar|Knock Off|p2a: Corviknight\n|-damage|p2a: Corviknight|79\/100 brn\n|-enditem|p2a: Corviknight|Leftovers|[from] move: Knock Off|[of] p1b: Tyranitar\n|\n|-weather|Sandstorm|[upkeep]\n|-damage|p1b: Tyranitar|5\/100|[from] Sandstorm\n|-damage|p2b: Sylveon|0 fnt|[from] Sandstorm\n|faint|p2b: Sylveon\n|-damage|p2a: Corviknight|73\/100 brn|[from] brn\n|upkeep\n|\n|t:|1731476349\n|switch|p2b: Indeedee|Indeedee, L50, M|100\/100\n|-fieldstart|move: Psychic Terrain|[from] ability: Psychic Surge|[of] p2b: Indeedee\n|turn|5\n|\n|t:|1731476359\n|-terastallize|p2b: Indeedee|Psychic\n|move|p2b: Indeedee|Expanding Force|p1a: Corviknight|[spread] p1a,p1b\n|-resisted|p1a: Corviknight\n|-damage|p1a: Corviknight|46\/100\n|-damage|p1b: Tyranitar|0 fnt\n|-enditem|p1a: Corviknight|Sitrus Berry|[eat]\n|-heal|p1a: Corviknight|71\/100|[from] item: Sitrus Berry\n|faint|p1b: Tyranitar\n|move|p1a: Corviknight|Roost|p1a: Corviknight\n|-heal|p1a: Corviknight|100\/100\n|-singleturn|p1a: Corviknight|move: Roost\n|move|p2a: Corviknight|Iron Defense|p2a: Corviknight\n|-boost|p2a: Corviknight|def|2\n|\n|-weather|Sandstorm|[upkeep]\n|-damage|p2b: Indeedee|95\/100|[from] Sandstorm\n|-damage|p2a: Corviknight|67\/100 brn|[from] brn\n|upkeep\n|\n|t:|1731476364\n|switch|p1b: Gastrodon|Gastrodon, L50, F|100\/100\n|turn|6\n|\n|t:|1731476372\n|move|p1b: Gastrodon|Protect|p1b: Gastrodon\n|-singleturn|p1b: Gastrodon|Protect\n|move|p2b: Indeedee|Expanding Force|p1b: Gastrodon|[spread] p1a\n|-activate|p1b: Gastrodon|move: Protect\n|-resisted|p1a: Corviknight\n|-damage|p1a: Corviknight|73\/100\n|move|p1a: Corviknight|Brave Bird|p2b: Indeedee\n|-damage|p2b: Indeedee|0 fnt\n|faint|p2b: Indeedee\n|-damage|p1a: Corviknight|52\/100|[from] Recoil\n|move|p2a: Corviknight|Body Press|p1b: Gastrodon\n|-activate|p1b: Gastrodon|move: Protect\n|\n|-weather|none\n|-damage|p2a: Corviknight|61\/100 brn|[from] brn\n|upkeep\n|\n|t:|1731476378\n|switch|p2b: Sneasler|Sneasler, L50, F|100\/100\n|-enditem|p2b: Sneasler|Psychic Seed\n|-boost|p2b: Sneasler|spd|1|[from] item: Psychic Seed\n|turn|7\n|j| ChinaDragonVGC\n|\n|t:|1731476387\n|move|p2b: Sneasler|Close Combat|p1a: Corviknight\n|-damage|p1a: Corviknight|16\/100\n|-unboost|p2b: Sneasler|def|1\n|-unboost|p2b: Sneasler|spd|1\n|move|p1a: Corviknight|Roost|p1a: Corviknight\n|-heal|p1a: Corviknight|66\/100\n|-singleturn|p1a: Corviknight|move: Roost\n|move|p2a: Corviknight|Body Press|p1a: Corviknight\n|-supereffective|p1a: Corviknight\n|-damage|p1a: Corviknight|23\/100\n|move|p1b: Gastrodon|Yawn|p2b: Sneasler\n|-start|p2b: Sneasler|move: Yawn|[of] p1b: Gastrodon\n|\n|-damage|p2a: Corviknight|55\/100 brn|[from] brn\n|upkeep\n|turn|8\n|l| ChinaDragonVGC\n|\n|t:|1731476404\n|switch|p1a: Tauros|Tauros-Paldea-Blaze, L50, M|30\/100\n|-ability|p1a: Tauros|Intimidate|boost\n|-ability|p2a: Corviknight|Mirror Armor\n|-unboost|p1a: Tauros|atk|1\n|-unboost|p2b: Sneasler|atk|1\n|move|p2b: Sneasler|Close Combat|p1a: Tauros\n|-damage|p1a: Tauros|0 fnt\n|-unboost|p2b: Sneasler|def|1\n|-unboost|p2b: Sneasler|spd|1\n|faint|p1a: Tauros\n|move|p2a: Corviknight|Roost|p2a: Corviknight\n|-heal|p2a: Corviknight|100\/100 brn\n|-singleturn|p2a: Corviknight|move: Roost\n|move|p1b: Gastrodon|Earth Power|p2b: Sneasler\n|-supereffective|p2b: Sneasler\n|-damage|p2b: Sneasler|0 fnt\n|faint|p2b: Sneasler\n|\n|-damage|p2a: Corviknight|95\/100 brn|[from] brn\n|upkeep\n|\n|t:|1731476412\n|switch|p1a: Corviknight|Corviknight, L50, F|23\/100\n|turn|9\n|\n|t:|1731476416\n|move|p1a: Corviknight|Roost|p1a: Corviknight\n|-heal|p1a: Corviknight|74\/100\n|-singleturn|p1a: Corviknight|move: Roost\n|move|p2a: Corviknight|Body Press|p1a: Corviknight\n|-supereffective|p1a: Corviknight\n|-damage|p1a: Corviknight|10\/100\n|move|p1b: Gastrodon|Ice Beam|p2a: Corviknight\n|-damage|p2a: Corviknight|78\/100 brn\n|\n|-damage|p2a: Corviknight|72\/100 brn|[from] brn\n|-fieldend|move: Psychic Terrain\n|upkeep\n|turn|10\n|\n|t:|1731476435\n|move|p1a: Corviknight|Roost|p1a: Corviknight\n|-heal|p1a: Corviknight|60\/100\n|-singleturn|p1a: Corviknight|move: Roost\n|move|p2a: Corviknight|Body Press|p1a: Corviknight\n|-supereffective|p1a: Corviknight\n|-damage|p1a: Corviknight|0 fnt\n|faint|p1a: Corviknight\n|move|p1b: Gastrodon|Ice Beam|p2a: Corviknight\n|-damage|p2a: Corviknight|56\/100 brn\n|\n|-damage|p2a: Corviknight|50\/100 brn|[from] brn\n|upkeep\n|turn|11\n|\n|t:|1731476444\n|move|p2a: Corviknight|Roost|p2a: Corviknight\n|-heal|p2a: Corviknight|99\/100 brn\n|-singleturn|p2a: Corviknight|move: Roost\n|move|p1b: Gastrodon|Earth Power|p2a: Corviknight\n|-supereffective|p2a: Corviknight\n|-damage|p2a: Corviknight|49\/100 brn\n|\n|-damage|p2a: Corviknight|43\/100 brn|[from] brn\n|upkeep\n|turn|12\n|\n|t:|1731476451\n|move|p2a: Corviknight|Roost|p2a: Corviknight\n|-heal|p2a: Corviknight|94\/100 brn\n|-singleturn|p2a: Corviknight|move: Roost\n|move|p1b: Gastrodon|Ice Beam|p2a: Corviknight\n|-resisted|p2a: Corviknight\n|-damage|p2a: Corviknight|85\/100 brn\n|\n|-damage|p2a: Corviknight|80\/100 brn|[from] brn\n|upkeep\n|turn|13\n|\n|t:|1731476456\n|move|p2a: Corviknight|Body Press|p1b: Gastrodon\n|-damage|p1b: Gastrodon|62\/100\n|move|p1b: Gastrodon|Ice Beam|p2a: Corviknight\n|-damage|p2a: Corviknight|64\/100 brn\n|\n|-heal|p1b: Gastrodon|67\/100|[from] item: Leftovers\n|-damage|p2a: Corviknight|58\/100 brn|[from] brn\n|upkeep\n|turn|14\n|\n|t:|1731476462\n|move|p1b: Gastrodon|Protect|p1b: Gastrodon\n|-singleturn|p1b: Gastrodon|Protect\n|move|p2a: Corviknight|Body Press|p1b: Gastrodon\n|-activate|p1b: Gastrodon|move: Protect\n|\n|-heal|p1b: Gastrodon|73\/100|[from] item: Leftovers\n|-damage|p2a: Corviknight|52\/100 brn|[from] brn\n|upkeep\n|turn|15\n|\n|t:|1731476466\n|move|p2a: Corviknight|Body Press|p1b: Gastrodon\n|-damage|p1b: Gastrodon|34\/100\n|move|p1b: Gastrodon|Earth Power|p2a: Corviknight\n|-immune|p2a: Corviknight\n|\n|-heal|p1b: Gastrodon|40\/100|[from] item: Leftovers\n|-damage|p2a: Corviknight|46\/100 brn|[from] brn\n|upkeep\n|turn|16\n|\n|t:|1731476471\n|move|p2a: Corviknight|Roost|p2a: Corviknight\n|-heal|p2a: Corviknight|97\/100 brn\n|-singleturn|p2a: Corviknight|move: Roost\n|move|p1b: Gastrodon|Earth Power|p2a: Corviknight\n|-supereffective|p2a: Corviknight\n|-damage|p2a: Corviknight|52\/100 brn\n|\n|-heal|p1b: Gastrodon|46\/100|[from] item: Leftovers\n|-damage|p2a: Corviknight|46\/100 brn|[from] brn\n|upkeep\n|turn|17\n|\n|t:|1731476479\n|move|p2a: Corviknight|Roost|p2a: Corviknight\n|-heal|p2a: Corviknight|96\/100 brn\n|-singleturn|p2a: Corviknight|move: Roost\n|move|p1b: Gastrodon|Earth Power|p2a: Corviknight\n|-supereffective|p2a: Corviknight\n|-damage|p2a: Corviknight|46\/100 brn\n|\n|-heal|p1b: Gastrodon|52\/100|[from] item: Leftovers\n|-damage|p2a: Corviknight|40\/100 brn|[from] brn\n|upkeep\n|turn|18\n|\n|t:|1731476492\n|move|p1b: Gastrodon|Protect|p1b: Gastrodon\n|-singleturn|p1b: Gastrodon|Protect\n|move|p2a: Corviknight|Body Press|p1b: Gastrodon\n|-activate|p1b: Gastrodon|move: Protect\n|\n|-heal|p1b: Gastrodon|58\/100|[from] item: Leftovers\n|-damage|p2a: Corviknight|35\/100 brn|[from] brn\n|upkeep\n|turn|19\n|\n|t:|1731476494\n|move|p2a: Corviknight|Roost|p2a: Corviknight\n|-heal|p2a: Corviknight|85\/100 brn\n|-singleturn|p2a: Corviknight|move: Roost\n|move|p1b: Gastrodon|Earth Power|p2a: Corviknight\n|-supereffective|p2a: Corviknight\n|-crit|p2a: Corviknight\n|-damage|p2a: Corviknight|17\/100 brn\n|\n|-heal|p1b: Gastrodon|64\/100|[from] item: Leftovers\n|-damage|p2a: Corviknight|11\/100 brn|[from] brn\n|upkeep\n|turn|20\n|\n|t:|1731476498\n|move|p2a: Corviknight|Body Press|p1b: Gastrodon\n|-damage|p1b: Gastrodon|31\/100\n|move|p1b: Gastrodon|Earth Power|p2a: Corviknight\n|-immune|p2a: Corviknight\n|\n|-heal|p1b: Gastrodon|37\/100|[from] item: Leftovers\n|-damage|p2a: Corviknight|5\/100 brn|[from] brn\n|upkeep\n|turn|21\n|\n|t:|1731476502\n|move|p2a: Corviknight|Roost|p2a: Corviknight\n|-heal|p2a: Corviknight|55\/100 brn\n|-singleturn|p2a: Corviknight|move: Roost\n|move|p1b: Gastrodon|Earth Power|p2a: Corviknight\n|-supereffective|p2a: Corviknight\n|-damage|p2a: Corviknight|10\/100 brn\n|-ability|p2a: Corviknight|Mirror Armor\n|-unboost|p1b: Gastrodon|spd|1\n|\n|-heal|p1b: Gastrodon|43\/100|[from] item: Leftovers\n|-damage|p2a: Corviknight|4\/100 brn|[from] brn\n|upkeep\n|turn|22\n|\n|t:|1731476511\n|move|p2a: Corviknight|Body Press|p1b: Gastrodon\n|-damage|p1b: Gastrodon|5\/100\n|move|p1b: Gastrodon|Earth Power|p2a: Corviknight\n|-immune|p2a: Corviknight\n|\n|-heal|p1b: Gastrodon|11\/100|[from] item: Leftovers\n|-damage|p2a: Corviknight|0 fnt|[from] brn\n|faint|p2a: Corviknight\n|\n|win|JH0NEY\n|upkeep\n|raw|JH0NEY's rating: 1646 &rarr; <strong>1669<\/strong><br \/>(+23 for winning)\n|raw|Lsxy's rating: 1703 &rarr; <strong>1680<\/strong><br \/>(-23 for losing)\n|c|\u2606JH0NEY|gg\n","uploadtime":1731476519,"views":33,"formatid":"gen9vgc2024regh","rating":1669,"private":0,"password":null}