{"id":"gen9vgc2024regh-2242086775","format":"[Gen 9] VGC 2024 Reg H","players":["elvegis1","SHIDMONBADGAME"],"log":"|j|\u2606elvegis1\n|j|\u2606SHIDMONBADGAME\n|t:|1731375180\n|gametype|doubles\n|player|p1|elvegis1|lucas|1797\n|player|p2|SHIDMONBADGAME|policeman-gen4|1852\n|teamsize|p1|6\n|teamsize|p2|6\n|gen|9\n|tier|[Gen 9] VGC 2024 Reg H\n|rated|\n|rule|Species Clause: Limit one of each Pok\u00e9mon\n|rule|Item Clause: Limit 1 of each item\n|clearpoke\n|poke|p1|Incineroar, L50, M|\n|poke|p1|Gholdengo, L50|\n|poke|p1|Dondozo, L50, F|\n|poke|p1|Sneasler, L50, F|\n|poke|p1|Ursaluna, L50, M|\n|poke|p1|Dusclops, L50, F|\n|poke|p2|Sneasler, L50, M|\n|poke|p2|Indeedee, L50, M|\n|poke|p2|Murkrow, L50, M|\n|poke|p2|Dragapult, L50, F|\n|poke|p2|Delphox, L50, F|\n|poke|p2|Maushold-Four, L50|\n|teampreview|4\n|inactive|Battle timer is ON: inactive players will automatically lose when time's up. (requested by SHIDMONBADGAME)\n|inactive|SHIDMONBADGAME has 60 seconds left.\n|j| lightwatt\n|inactive|SHIDMONBADGAME has 30 seconds left.\n|inactive|SHIDMONBADGAME has 20 seconds left.\n|\n|t:|1731375252\n|start\n|switch|p1a: Incineroar|Incineroar, L50, M|100\/100\n|switch|p1b: Dusclops|Dusclops, L50, F|100\/100\n|switch|p2a: Patrick Bateman|Indeedee, L50, M, shiny|100\/100\n|switch|p2b: David Van Patten|Delphox, L50, F|100\/100\n|-fieldstart|move: Psychic Terrain|[from] ability: Psychic Surge|[of] p2a: Patrick Bateman\n|-ability|p1a: Incineroar|Intimidate|boost\n|-unboost|p2a: Patrick Bateman|atk|1\n|-unboost|p2b: David Van Patten|atk|1\n|-item|p2a: Patrick Bateman|Focus Sash|[from] ability: Frisk|[of] p1b: Dusclops\n|-item|p2b: David Van Patten|Life Orb|[from] ability: Frisk|[of] p1b: Dusclops\n|turn|1\n|inactive|elvegis1 has 30 seconds left.\n|\n|t:|1731375283\n|-terastallize|p2b: David Van Patten|Fighting\n|move|p2b: David Van Patten|Tera Blast|p1a: Incineroar|[anim] Tera Blast Fighting\n|-supereffective|p1a: Incineroar\n|-damage|p1a: Incineroar|23\/100\n|-enditem|p1a: Incineroar|Sitrus Berry|[eat]\n|-heal|p1a: Incineroar|48\/100|[from] item: Sitrus Berry\n|-damage|p2b: David Van Patten|91\/100|[from] item: Life Orb\n|move|p2a: Patrick Bateman|Imprison|p2a: Patrick Bateman\n|-start|p2a: Patrick Bateman|move: Imprison\n|move|p1a: Incineroar|Knock Off|p2a: Patrick Bateman\n|-supereffective|p2a: Patrick Bateman\n|-enditem|p2a: Patrick Bateman|Focus Sash\n|-damage|p2a: Patrick Bateman|1\/100\n|move|p1b: Dusclops|Night Shade|p2a: Patrick Bateman\n|-immune|p2a: Patrick Bateman\n|\n|upkeep\n|turn|2\n|inactive|elvegis1 has 30 seconds left.\n|inactive|SHIDMONBADGAME has 30 seconds left.\n|\n|t:|1731375316\n|move|p2b: David Van Patten|Expanding Force|p1b: Dusclops|[spread] p1b\n|-immune|p1a: Incineroar\n|-damage|p1b: Dusclops|61\/100\n|-damage|p2b: David Van Patten|81\/100|[from] item: Life Orb\n|move|p2a: Patrick Bateman|Expanding Force|p1b: Dusclops|[spread] p1b\n|-immune|p1a: Incineroar\n|-damage|p1b: Dusclops|34\/100\n|move|p1a: Incineroar|Knock Off|p2a: Patrick Bateman\n|-supereffective|p2a: Patrick Bateman\n|-damage|p2a: Patrick Bateman|0 fnt\n|faint|p2a: Patrick Bateman\n|move|p1b: Dusclops|Will-O-Wisp|p2b: David Van Patten\n|-status|p2b: David Van Patten|brn\n|\n|-damage|p2b: David Van Patten|75\/100 brn|[from] brn\n|upkeep\n|\n|t:|1731375338\n|switch|p2a: Timothy Bryce|Maushold-Four, L50|100\/100\n|turn|3\n|\n|t:|1731375351\n|move|p2a: Timothy Bryce|Taunt|p1b: Dusclops\n|-start|p1b: Dusclops|move: Taunt\n|move|p2b: David Van Patten|Tera Blast|p1a: Incineroar|[anim] Tera Blast Fighting\n|-supereffective|p1a: Incineroar\n|-damage|p1a: Incineroar|0 fnt\n|faint|p1a: Incineroar\n|-damage|p2b: David Van Patten|65\/100 brn|[from] item: Life Orb\n|cant|p1b: Dusclops|move: Taunt|Trick Room\n|\n|-damage|p2b: David Van Patten|59\/100 brn|[from] brn\n|upkeep\n|\n|t:|1731375362\n|switch|p1a: Gholdengo|Gholdengo, L50|100\/100\n|turn|4\n|j| Draco Distorted\n|inactive|SHIDMONBADGAME has 30 seconds left.\n|\n|t:|1731375393\n|move|p1a: Gholdengo|Protect|p1a: Gholdengo\n|-singleturn|p1a: Gholdengo|Protect\n|move|p2a: Timothy Bryce|Population Bomb|p1a: Gholdengo\n|-activate|p1a: Gholdengo|move: Protect\n|move|p2b: David Van Patten|Heat Wave|p1a: Gholdengo|[spread] p1b\n|-activate|p1a: Gholdengo|move: Protect\n|-damage|p1b: Dusclops|12\/100\n|-damage|p2b: David Van Patten|49\/100 brn|[from] item: Life Orb\n|move|p1b: Dusclops|Night Shade|p2b: David Van Patten\n|-damage|p2b: David Van Patten|16\/100 brn\n|\n|-damage|p2b: David Van Patten|10\/100 brn|[from] brn\n|upkeep\n|turn|5\n|\n|t:|1731375411\n|switch|p1a: Dondozo|Dondozo, L50, F|100\/100\n|move|p2a: Timothy Bryce|Protect|p2a: Timothy Bryce\n|-singleturn|p2a: Timothy Bryce|Protect\n|move|p2b: David Van Patten|Heat Wave|p1b: Dusclops|[spread] p1a,p1b\n|-resisted|p1a: Dondozo\n|-damage|p1a: Dondozo|78\/100\n|-damage|p1b: Dusclops|0 fnt\n|-status|p1a: Dondozo|brn\n|faint|p1b: Dusclops\n|-damage|p2b: David Van Patten|0 fnt|[from] item: Life Orb\n|faint|p2b: David Van Patten\n|\n|-heal|p1a: Dondozo|84\/100 brn|[from] item: Leftovers\n|-damage|p1a: Dondozo|78\/100 brn|[from] brn\n|-fieldend|move: Psychic Terrain\n|upkeep\n|\n|t:|1731375422\n|switch|p2b: Paul Allen|Sneasler, L50, M, shiny|100\/100\n|switch|p1b: Gholdengo|Gholdengo, L50|100\/100\n|turn|6\n|\n|t:|1731375435\n|move|p2a: Timothy Bryce|Taunt|p1a: Dondozo\n|-start|p1a: Dondozo|move: Taunt\n|move|p2b: Paul Allen|Throat Chop|p1b: Gholdengo\n|-supereffective|p1b: Gholdengo\n|-damage|p1b: Gholdengo|33\/100\n|-start|p1b: Gholdengo|Throat Chop|[silent]\n|move|p1b: Gholdengo|Make It Rain|p2a: Timothy Bryce|[spread] p2a,p2b\n|-damage|p2a: Timothy Bryce|12\/100\n|-damage|p2b: Paul Allen|44\/100\n|-unboost|p1b: Gholdengo|spa|1\n|move|p1a: Dondozo|Wave Crash|p2b: Paul Allen\n|-damage|p2b: Paul Allen|15\/100\n|-damage|p1a: Dondozo|72\/100 brn|[from] Recoil\n|\n|-heal|p1a: Dondozo|78\/100 brn|[from] item: Leftovers\n|-damage|p1a: Dondozo|72\/100 brn|[from] brn\n|upkeep\n|turn|7\n|\n|t:|1731375456\n|-terastallize|p1b: Gholdengo|Water\n|move|p2a: Timothy Bryce|Protect|p2a: Timothy Bryce\n|-singleturn|p2a: Timothy Bryce|Protect\n|move|p2b: Paul Allen|Protect|p2b: Paul Allen\n|-singleturn|p2b: Paul Allen|Protect\n|move|p1b: Gholdengo|Make It Rain|p2a: Timothy Bryce|[spread] \n|-activate|p2a: Timothy Bryce|move: Protect\n|-activate|p2b: Paul Allen|move: Protect\n|move|p1a: Dondozo|Wave Crash|p2b: Paul Allen\n|-activate|p2b: Paul Allen|move: Protect\n|\n|-heal|p1a: Dondozo|78\/100 brn|[from] item: Leftovers\n|-damage|p1a: Dondozo|72\/100 brn|[from] brn\n|-end|p1b: Gholdengo|Throat Chop|[silent]\n|upkeep\n|turn|8\n|inactive|SHIDMONBADGAME has 30 seconds left.\n|\n|t:|1731375485\n|move|p1b: Gholdengo|Protect|p1b: Gholdengo\n|-singleturn|p1b: Gholdengo|Protect\n|move|p2a: Timothy Bryce|Population Bomb|p1b: Gholdengo\n|-activate|p1b: Gholdengo|move: Protect\n|move|p2b: Paul Allen|Close Combat|p1a: Dondozo\n|-damage|p1a: Dondozo|26\/100 brn\n|-unboost|p2b: Paul Allen|def|1\n|-unboost|p2b: Paul Allen|spd|1\n|move|p1a: Dondozo|Wave Crash|p2b: Paul Allen\n|-damage|p2b: Paul Allen|0 fnt\n|faint|p2b: Paul Allen\n|-damage|p1a: Dondozo|23\/100 brn|[from] Recoil\n|\n|-heal|p1a: Dondozo|29\/100 brn|[from] item: Leftovers\n|-damage|p1a: Dondozo|23\/100 brn|[from] brn\n|-end|p1a: Dondozo|move: Taunt\n|upkeep\n|turn|9\n|\n|t:|1731375496\n|move|p2a: Timothy Bryce|Population Bomb|p1a: Dondozo\n|-crit|p1a: Dondozo\n|-damage|p1a: Dondozo|15\/100 brn\n|-damage|p1a: Dondozo|10\/100 brn\n|-hitcount|p1a: Dondozo|2\n|move|p1b: Gholdengo|Make It Rain|p2a: Timothy Bryce\n|-damage|p2a: Timothy Bryce|0 fnt\n|-unboost|p1b: Gholdengo|spa|1\n|faint|p2a: Timothy Bryce\n|\n|win|elvegis1\n|raw|elvegis1's rating: 1797 &rarr; <strong>1820<\/strong><br \/>(+23 for winning)\n|raw|SHIDMONBADGAME's rating: 1852 &rarr; <strong>1829<\/strong><br \/>(-23 for losing)\n|l|\u2606SHIDMONBADGAME\n|player|p2|\n|l|\u2606elvegis1\n|player|p1|\n|l| lightwatt\n|l| Draco Distorted\n","uploadtime":1731375510,"views":91,"formatid":"gen9vgc2024regh","rating":1820,"private":0,"password":null}