{"id":"gen9vgc2024regh-2242971151","format":"[Gen 9] VGC 2024 Reg H","players":["vgclth souly","Zordor"],"log":"|raw|<div class=\"broadcast-blue\"><strong>This battle is required to be public due to a player having a name starting with 'vgclth'.<\/div>\n|j|\u2606vgclth souly\n|j|\u2606Zordor\n|t:|1731495720\n|gametype|doubles\n|player|p1|vgclth souly|youngster-gen4dp|1806\n|player|p2|Zordor|pilot|1816\n|teamsize|p1|6\n|teamsize|p2|6\n|gen|9\n|tier|[Gen 9] VGC 2024 Reg H\n|rated|\n|rule|Species Clause: Limit one of each Pok\u00e9mon\n|rule|Item Clause: Limit 1 of each item\n|clearpoke\n|poke|p1|Archaludon, L50, F|\n|poke|p1|Pelipper, L50, M|\n|poke|p1|Electabuzz, L50, F|\n|poke|p1|Kingambit, L50, F|\n|poke|p1|Rillaboom, L50, F|\n|poke|p1|Basculegion, L50, M|\n|poke|p2|Rotom-Wash, L50|\n|poke|p2|Sneasler, L50, F|\n|poke|p2|Kingambit, L50, F|\n|poke|p2|Armarouge, L50, M|\n|poke|p2|Dragapult, L50, M|\n|poke|p2|Venusaur, L50, F|\n|teampreview|4\n|inactive|Battle timer is ON: inactive players will automatically lose when time's up. (requested by vgclth souly)\n|\n|t:|1731495741\n|start\n|switch|p1a: Archaludon|Archaludon, L50, F|100\/100\n|switch|p1b: Pelipper|Pelipper, L50, M|100\/100\n|switch|p2a: Rotom|Rotom-Wash, L50|100\/100\n|switch|p2b: Sneasler|Sneasler, L50, F|100\/100\n|-weather|RainDance|[from] ability: Drizzle|[of] p1b: Pelipper\n|turn|1\n|inactive|Zordor has 30 seconds left.\n|\n|t:|1731495766\n|move|p1b: Pelipper|Protect|p1b: Pelipper\n|-singleturn|p1b: Pelipper|Protect\n|move|p2b: Sneasler|Close Combat|p1a: Archaludon\n|-supereffective|p1a: Archaludon\n|-damage|p1a: Archaludon|24\/100\n|-unboost|p2b: Sneasler|def|1\n|-unboost|p2b: Sneasler|spd|1\n|-ability|p1a: Archaludon|Stamina|boost\n|-boost|p1a: Archaludon|def|1\n|move|p2a: Rotom|Electroweb|p1b: Pelipper|[spread] p1a\n|-activate|p1b: Pelipper|move: Protect\n|-resisted|p1a: Archaludon\n|-damage|p1a: Archaludon|17\/100\n|-unboost|p1a: Archaludon|spe|1\n|-ability|p1a: Archaludon|Stamina|boost\n|-boost|p1a: Archaludon|def|1\n|move|p1a: Archaludon|Electro Shot||[still]\n|-prepare|p1a: Archaludon|Electro Shot\n|-boost|p1a: Archaludon|spa|1\n|-anim|p1a: Archaludon|Electro Shot|p2b: Sneasler\n|-enditem|p2b: Sneasler|Focus Sash\n|-damage|p2b: Sneasler|1\/100\n|\n|-weather|RainDance|[upkeep]\n|-heal|p1a: Archaludon|23\/100|[from] item: Leftovers\n|upkeep\n|turn|2\n|\n|t:|1731495789\n|switch|p1b: Rillaboom|Rillaboom, L50, F|100\/100\n|-fieldstart|move: Grassy Terrain|[from] ability: Grassy Surge|[of] p1b: Rillaboom\n|move|p1a: Archaludon|Protect|p1a: Archaludon\n|-singleturn|p1a: Archaludon|Protect\n|move|p2b: Sneasler|Close Combat|p1a: Archaludon\n|-activate|p1a: Archaludon|move: Protect\n|move|p2a: Rotom|Electroweb|p1b: Rillaboom|[spread] \n|-activate|p1a: Archaludon|move: Protect\n|-miss|p2a: Rotom|p1b: Rillaboom\n|\n|-weather|RainDance|[upkeep]\n|-heal|p2b: Sneasler|7\/100|[from] Grassy Terrain\n|-heal|p1a: Archaludon|29\/100|[from] Grassy Terrain\n|-heal|p1a: Archaludon|35\/100|[from] item: Leftovers\n|upkeep\n|turn|3\n|inactive|Zordor has 30 seconds left.\n|\n|t:|1731495818\n|switch|p2b: Venusaur|Venusaur, L50, F|100\/100\n|move|p2a: Rotom|Protect|p2a: Rotom\n|-singleturn|p2a: Rotom|Protect\n|move|p1b: Rillaboom|Grassy Glide|p2b: Venusaur\n|-resisted|p2b: Venusaur\n|-damage|p2b: Venusaur|90\/100\n|move|p1a: Archaludon|Electro Shot||[still]\n|-prepare|p1a: Archaludon|Electro Shot\n|-boost|p1a: Archaludon|spa|1\n|-anim|p1a: Archaludon|Electro Shot|p2a: Rotom\n|-activate|p2a: Rotom|move: Protect\n|\n|-weather|RainDance|[upkeep]\n|-heal|p2b: Venusaur|96\/100|[from] Grassy Terrain\n|-heal|p2b: Venusaur|100\/100|[from] item: Leftovers\n|-heal|p1a: Archaludon|42\/100|[from] Grassy Terrain\n|-heal|p1a: Archaludon|48\/100|[from] item: Leftovers\n|upkeep\n|turn|4\n|inactive|Zordor has 30 seconds left.\n|\n|t:|1731495846\n|move|p1a: Archaludon|Protect|p1a: Archaludon\n|-singleturn|p1a: Archaludon|Protect\n|move|p2a: Rotom|Hydro Pump|p1a: Archaludon\n|-activate|p1a: Archaludon|move: Protect\n|move|p2b: Venusaur|Earth Power|p1a: Archaludon\n|-activate|p1a: Archaludon|move: Protect\n|move|p1b: Rillaboom|Wood Hammer|p2a: Rotom\n|-supereffective|p2a: Rotom\n|-damage|p2a: Rotom|0 fnt\n|faint|p2a: Rotom\n|-damage|p1b: Rillaboom|74\/100|[from] Recoil\n|\n|-weather|RainDance|[upkeep]\n|-heal|p1b: Rillaboom|80\/100|[from] Grassy Terrain\n|-heal|p1a: Archaludon|54\/100|[from] Grassy Terrain\n|-heal|p1a: Archaludon|60\/100|[from] item: Leftovers\n|upkeep\n|\n|t:|1731495854\n|switch|p2a: Dragapult|Dragapult, L50, M|100\/100\n|turn|5\n|inactive|vgclth souly has 30 seconds left.\n|inactive|vgclth souly has 20 seconds left.\n|\n|t:|1731495893\n|-terastallize|p2a: Dragapult|Fighting\n|-terastallize|p1a: Archaludon|Fairy\n|move|p2a: Dragapult|Tera Blast|p1a: Archaludon|[anim] Tera Blast Fighting\n|-resisted|p1a: Archaludon\n|-damage|p1a: Archaludon|54\/100\n|-ability|p1a: Archaludon|Stamina|boost\n|-boost|p1a: Archaludon|def|1\n|move|p2b: Venusaur|Earth Power|p1a: Archaludon\n|-damage|p1a: Archaludon|31\/100\n|-ability|p1a: Archaludon|Stamina|boost\n|-boost|p1a: Archaludon|def|1\n|move|p1b: Rillaboom|High Horsepower|p2b: Venusaur\n|-damage|p2b: Venusaur|64\/100\n|move|p1a: Archaludon|Draco Meteor|p2b: Venusaur\n|-damage|p2b: Venusaur|0 fnt\n|-unboost|p1a: Archaludon|spa|2\n|faint|p2b: Venusaur\n|\n|-weather|none\n|-heal|p1b: Rillaboom|86\/100|[from] Grassy Terrain\n|-heal|p1a: Archaludon|37\/100|[from] Grassy Terrain\n|-heal|p1a: Archaludon|43\/100|[from] item: Leftovers\n|upkeep\n|\n|t:|1731495910\n|switch|p2b: Sneasler|Sneasler, L50, F|7\/100\n|turn|6\n|inactive|vgclth souly has 30 seconds left.\n|\n|t:|1731495936\n|switch|p1b: Pelipper|Pelipper, L50, M|100\/100\n|-weather|RainDance|[from] ability: Drizzle|[of] p1b: Pelipper\n|move|p2b: Sneasler|Protect|p2b: Sneasler\n|-singleturn|p2b: Sneasler|Protect\n|move|p2a: Dragapult|Tera Blast|p1b: Pelipper|[anim] Tera Blast Fighting\n|-resisted|p1b: Pelipper\n|-damage|p1b: Pelipper|75\/100\n|move|p1a: Archaludon|Electro Shot||[still]\n|-prepare|p1a: Archaludon|Electro Shot\n|-boost|p1a: Archaludon|spa|1\n|-anim|p1a: Archaludon|Electro Shot|p2b: Sneasler\n|-activate|p2b: Sneasler|move: Protect\n|\n|-weather|RainDance|[upkeep]\n|-heal|p2b: Sneasler|13\/100|[from] Grassy Terrain\n|-heal|p1a: Archaludon|49\/100|[from] Grassy Terrain\n|-heal|p1a: Archaludon|56\/100|[from] item: Leftovers\n|-fieldend|move: Grassy Terrain\n|upkeep\n|turn|7\n|\n|t:|1731495949\n|move|p2a: Dragapult|Dragon Darts|p1b: Pelipper\n|-damage|p1b: Pelipper|43\/100\n|-anim|p2a: Dragapult|Dragon Darts|p1b: Pelipper\n|-damage|p1b: Pelipper|14\/100\n|move|p2b: Sneasler|Dire Claw|p1a: Archaludon\n|-supereffective|p1a: Archaludon\n|-damage|p1a: Archaludon|37\/100\n|-ability|p1a: Archaludon|Stamina|boost\n|-boost|p1a: Archaludon|def|1\n|move|p1b: Pelipper|Hurricane|p2b: Sneasler\n|-supereffective|p2b: Sneasler\n|-damage|p2b: Sneasler|0 fnt\n|faint|p2b: Sneasler\n|move|p1a: Archaludon|Electro Shot||[still]\n|-prepare|p1a: Archaludon|Electro Shot\n|-boost|p1a: Archaludon|spa|1\n|-anim|p1a: Archaludon|Electro Shot|p2a: Dragapult\n|-damage|p2a: Dragapult|34\/100\n|\n|-weather|RainDance|[upkeep]\n|-heal|p1a: Archaludon|43\/100|[from] item: Leftovers\n|upkeep\n|turn|8\n|-message|Zordor forfeited.\n|\n|win|vgclth souly\n|raw|vgclth souly's rating: 1806 &rarr; <strong>1827<\/strong><br \/>(+21 for winning)\n|raw|Zordor's rating: 1816 &rarr; <strong>1795<\/strong><br \/>(-21 for losing)\n|l|\u2606Zordor\n|player|p2|\n|l|\u2606vgclth souly\n|player|p1|\n","uploadtime":1731496127,"views":50,"formatid":"gen9vgc2024regh","rating":1795,"private":0,"password":null}