{"id":"gen9vgc2024regh-2242648871","format":"[Gen 9] VGC 2024 Reg H","players":["VGCLTH lily","VGCLTH John Pork"],"log":"|raw|<div class=\"broadcast-blue\"><strong>This battle is required to be public due to a player having a name starting with 'vgclth'.<\/div>\n|j|\u2606VGCLTH lily\n|j|\u2606VGCLTH John Pork\n|t:|1731447580\n|gametype|doubles\n|player|p1|VGCLTH lily|akari|1674\n|player|p2|VGCLTH John Pork|ogreclan|1721\n|teamsize|p1|6\n|teamsize|p2|6\n|gen|9\n|tier|[Gen 9] VGC 2024 Reg H\n|rated|\n|rule|Species Clause: Limit one of each Pok\u00e9mon\n|rule|Item Clause: Limit 1 of each item\n|clearpoke\n|poke|p1|Baxcalibur, L50, F|\n|poke|p1|Dondozo, L50, M|\n|poke|p1|Kingambit, L50, M|\n|poke|p1|Rillaboom, L50, M|\n|poke|p1|Sneasler, L50, F|\n|poke|p1|Volcarona, L50, M|\n|poke|p2|Whimsicott, L50, M|\n|poke|p2|Typhlosion-Hisui, L50, M|\n|poke|p2|Annihilape, L50, F|\n|poke|p2|Maushold-Four, L50|\n|poke|p2|Farigiraf, L50, F|\n|poke|p2|Ursaluna-Bloodmoon, L50, M|\n|teampreview|4\n|inactive|Battle timer is ON: inactive players will automatically lose when time's up. (requested by VGCLTH lily)\n|j| Former Fang\n|\n|t:|1731447608\n|start\n|switch|p1a: Rillaboom|Rillaboom, L50, M|100\/100\n|switch|p1b: Baxcalibur|Baxcalibur, L50, F|100\/100\n|switch|p2a: St. Chroma|Whimsicott, L50, M|100\/100\n|switch|p2b: Noid|Typhlosion-Hisui, L50, M|100\/100\n|-item|p1a: Rillaboom|Assault Vest|[from] ability: Frisk|[of] p2b: Noid\n|-item|p1b: Baxcalibur|Loaded Dice|[from] ability: Frisk|[of] p2b: Noid\n|-fieldstart|move: Grassy Terrain|[from] ability: Grassy Surge|[of] p1a: Rillaboom\n|turn|1\n|j| vgclth souly\n|inactive|VGCLTH John Pork has 30 seconds left.\n|\n|t:|1731447636\n|-terastallize|p1a: Rillaboom|Water\n|move|p1b: Baxcalibur|Protect|p1b: Baxcalibur\n|-singleturn|p1b: Baxcalibur|Protect\n|move|p2a: St. Chroma|Sunny Day|p2a: St. Chroma\n|-weather|SunnyDay\n|move|p2b: Noid|Eruption|p1b: Baxcalibur|[spread] p1a\n|-activate|p1b: Baxcalibur|move: Protect\n|-resisted|p1a: Rillaboom\n|-damage|p1a: Rillaboom|57\/100\n|move|p1a: Rillaboom|High Horsepower|p2b: Noid\n|-supereffective|p2b: Noid\n|-damage|p2b: Noid|8\/100\n|\n|-weather|SunnyDay|[upkeep]\n|-heal|p2b: Noid|14\/100|[from] Grassy Terrain\n|-heal|p1a: Rillaboom|63\/100|[from] Grassy Terrain\n|upkeep\n|turn|2\n|\n|t:|1731447653\n|switch|p1b: Kingambit|Kingambit, L50, M|100\/100\n|move|p2a: St. Chroma|Tailwind|p2a: St. Chroma\n|-sidestart|p2: VGCLTH John Pork|move: Tailwind\n|move|p2b: Noid|Eruption|p1b: Kingambit|[spread] p1a,p1b\n|-resisted|p1a: Rillaboom\n|-supereffective|p1b: Kingambit\n|-damage|p1a: Rillaboom|58\/100\n|-damage|p1b: Kingambit|68\/100\n|move|p1a: Rillaboom|Wood Hammer|p2b: Noid\n|-resisted|p2b: Noid\n|-damage|p2b: Noid|0 fnt\n|faint|p2b: Noid\n|-damage|p1a: Rillaboom|55\/100|[from] Recoil\n|\n|-weather|SunnyDay|[upkeep]\n|-heal|p1a: Rillaboom|61\/100|[from] Grassy Terrain\n|-heal|p1b: Kingambit|74\/100|[from] Grassy Terrain\n|upkeep\n|\n|t:|1731447657\n|switch|p2b: Rah Tah Tah|Maushold-Four, L50|100\/100\n|turn|3\n|\n|t:|1731447673\n|switch|p2a: Judge Judy|Farigiraf, L50, F|100\/100\n|switch|p1a: Baxcalibur|Baxcalibur, L50, F|100\/100\n|move|p2b: Rah Tah Tah|Population Bomb|p1a: Baxcalibur\n|-damage|p1a: Baxcalibur|90\/100\n|-damage|p1a: Baxcalibur|77\/100\n|-damage|p1a: Baxcalibur|66\/100\n|-damage|p1a: Baxcalibur|55\/100\n|-damage|p1a: Baxcalibur|44\/100\n|-damage|p1a: Baxcalibur|33\/100\n|-damage|p1a: Baxcalibur|21\/100\n|-damage|p1a: Baxcalibur|10\/100\n|-damage|p1a: Baxcalibur|0 fnt\n|faint|p1a: Baxcalibur\n|-hitcount|p1: Baxcalibur|9\n|move|p1b: Kingambit|Kowtow Cleave|p2b: Rah Tah Tah\n|-damage|p2b: Rah Tah Tah|22\/100\n|\n|-weather|SunnyDay|[upkeep]\n|-heal|p2b: Rah Tah Tah|29\/100|[from] Grassy Terrain\n|-heal|p1b: Kingambit|81\/100|[from] Grassy Terrain\n|upkeep\n|\n|t:|1731447694\n|switch|p1a: Sneasler|Sneasler, L50, F|100\/100\n|turn|4\n|\n|t:|1731447714\n|-terastallize|p2a: Judge Judy|Fire\n|move|p1a: Sneasler|Protect|p1a: Sneasler\n|-singleturn|p1a: Sneasler|Protect\n|move|p2b: Rah Tah Tah|Population Bomb|p1b: Kingambit\n|-resisted|p1b: Kingambit\n|-damage|p1b: Kingambit|77\/100\n|-resisted|p1b: Kingambit\n|-damage|p1b: Kingambit|72\/100\n|-resisted|p1b: Kingambit\n|-damage|p1b: Kingambit|68\/100\n|-resisted|p1b: Kingambit\n|-damage|p1b: Kingambit|63\/100\n|-resisted|p1b: Kingambit\n|-damage|p1b: Kingambit|59\/100\n|-resisted|p1b: Kingambit\n|-damage|p1b: Kingambit|54\/100\n|-resisted|p1b: Kingambit\n|-crit|p1b: Kingambit\n|-damage|p1b: Kingambit|48\/100\n|-resisted|p1b: Kingambit\n|-damage|p1b: Kingambit|44\/100\n|-resisted|p1b: Kingambit\n|-damage|p1b: Kingambit|39\/100\n|-resisted|p1b: Kingambit\n|-damage|p1b: Kingambit|35\/100\n|-hitcount|p1b: Kingambit|10\n|move|p2a: Judge Judy|Psychic Noise|p1a: Sneasler\n|-activate|p1a: Sneasler|move: Protect\n|move|p1b: Kingambit|Kowtow Cleave|p2b: Rah Tah Tah\n|-damage|p2b: Rah Tah Tah|0 fnt\n|faint|p2b: Rah Tah Tah\n|\n|-weather|SunnyDay|[upkeep]\n|-heal|p1b: Kingambit|41\/100|[from] Grassy Terrain\n|upkeep\n|\n|t:|1731447718\n|switch|p2b: St. Chroma|Whimsicott, L50, M|100\/100\n|turn|5\n|\n|t:|1731447725\n|switch|p1a: Rillaboom|Rillaboom, L50, M, tera:Water|61\/100\n|move|p1b: Kingambit|Protect|p1b: Kingambit\n|-singleturn|p1b: Kingambit|Protect\n|move|p2b: St. Chroma|Moonblast|p1b: Kingambit\n|-activate|p1b: Kingambit|move: Protect\n|move|p2a: Judge Judy|Hyper Voice|p1b: Kingambit|[spread] p1a\n|-activate|p1b: Kingambit|move: Protect\n|-damage|p1a: Rillaboom|41\/100\n|-enditem|p2a: Judge Judy|Throat Spray\n|-boost|p2a: Judge Judy|spa|1|[from] item: Throat Spray\n|\n|-weather|none\n|-heal|p1a: Rillaboom|47\/100|[from] Grassy Terrain\n|-heal|p1b: Kingambit|47\/100|[from] Grassy Terrain\n|-sideend|p2: VGCLTH John Pork|move: Tailwind\n|-fieldend|move: Grassy Terrain\n|upkeep\n|turn|6\n|inactive|VGCLTH John Pork has 30 seconds left.\n|inactive|VGCLTH John Pork has 20 seconds left.\n|inactive|VGCLTH John Pork has 15 seconds left.\n|inactive|VGCLTH John Pork has 10 seconds left.\n|\n|t:|1731447772\n|move|p2b: St. Chroma|Moonblast|p1b: Kingambit\n|-damage|p1b: Kingambit|11\/100\n|move|p1a: Rillaboom|High Horsepower|p2a: Judge Judy\n|-supereffective|p2a: Judge Judy\n|-damage|p2a: Judge Judy|42\/100\n|move|p1b: Kingambit|Kowtow Cleave|p2a: Judge Judy\n|-damage|p2a: Judge Judy|0 fnt\n|faint|p2a: Judge Judy\n|\n|upkeep\n|turn|7\n|-message|VGCLTH John Pork forfeited.\n|\n|win|VGCLTH lily\n|raw|VGCLTH lily's rating: 1674 &rarr; <strong>1697<\/strong><br \/>(+23 for winning)\n|raw|VGCLTH John Pork's rating: 1721 &rarr; <strong>1698<\/strong><br \/>(-23 for losing)\n|l|\u2606VGCLTH John Pork\n|player|p2|\n|l|\u2606VGCLTH lily\n|player|p1|\n|l| vgclth souly\n","uploadtime":1731447780,"views":64,"formatid":"gen9vgc2024regh","rating":1697,"private":0,"password":null}