{"id":"gen9vgc2024regh-2242017564","format":"[Gen 9] VGC 2024 Reg H","players":["vgclth souly","iava95"],"log":"|raw|<div class=\"broadcast-blue\"><strong>This battle is required to be public due to a player having a name starting with 'vgclth'.<\/div>\n|j|\u2606vgclth souly\n|j|\u2606iava95\n|t:|1731366865\n|gametype|doubles\n|player|p1|vgclth souly|hero-conquest|1696\n|player|p2|iava95|1|1688\n|teamsize|p1|6\n|teamsize|p2|6\n|gen|9\n|tier|[Gen 9] VGC 2024 Reg H\n|rated|\n|rule|Species Clause: Limit one of each Pok\u00e9mon\n|rule|Item Clause: Limit 1 of each item\n|clearpoke\n|poke|p1|Archaludon, L50, M|\n|poke|p1|Pelipper, L50, F|\n|poke|p1|Electabuzz, L50, F|\n|poke|p1|Kingambit, L50, M|\n|poke|p1|Rillaboom, L50, M|\n|poke|p1|Basculegion, L50, M|\n|poke|p2|Annihilape, L50, M|\n|poke|p2|Rillaboom, L50, F|\n|poke|p2|Talonflame, L50, F|\n|poke|p2|Sneasler, L50, F|\n|poke|p2|Gastrodon, L50, M|\n|poke|p2|Gholdengo, L50|\n|teampreview|4\n|inactive|Battle timer is ON: inactive players will automatically lose when time's up. (requested by vgclth souly)\n|\n|t:|1731366887\n|start\n|switch|p1a: Pelipper|Pelipper, L50, F|100\/100\n|switch|p1b: Archaludon|Archaludon, L50, M|100\/100\n|switch|p2a: Talonflame|Talonflame, L50, F|100\/100\n|switch|p2b: Annihilape|Annihilape, L50, M|100\/100\n|-weather|RainDance|[from] ability: Drizzle|[of] p1a: Pelipper\n|turn|1\n|\n|t:|1731366909\n|switch|p2a: Gastrodon|Gastrodon, L50, M|100\/100\n|move|p2b: Annihilape|Protect|p2b: Annihilape\n|-singleturn|p2b: Annihilape|Protect\n|move|p1a: Pelipper|Hurricane|p2b: Annihilape\n|-activate|p2b: Annihilape|move: Protect\n|move|p1b: Archaludon|Electro Shot||[still]\n|-prepare|p1b: Archaludon|Electro Shot\n|-boost|p1b: Archaludon|spa|1\n|-anim|p1b: Archaludon|Electro Shot|p2a: Gastrodon\n|-immune|p2a: Gastrodon\n|\n|-weather|RainDance|[upkeep]\n|upkeep\n|turn|2\n|inactive|vgclth souly has 30 seconds left.\n|\n|t:|1731366941\n|switch|p2b: Talonflame|Talonflame, L50, F|100\/100\n|-terastallize|p1b: Archaludon|Fairy\n|move|p1a: Pelipper|Hurricane|p2b: Talonflame\n|-damage|p2b: Talonflame|31\/100\n|move|p1b: Archaludon|Electro Shot||[still]\n|-prepare|p1b: Archaludon|Electro Shot\n|-boost|p1b: Archaludon|spa|1\n|-anim|p1b: Archaludon|Electro Shot|p2b: Talonflame\n|-supereffective|p2b: Talonflame\n|-damage|p2b: Talonflame|0 fnt\n|faint|p2b: Talonflame\n|move|p2a: Gastrodon|Yawn|p1b: Archaludon\n|-start|p1b: Archaludon|move: Yawn|[of] p2a: Gastrodon\n|\n|-weather|RainDance|[upkeep]\n|upkeep\n|\n|t:|1731366958\n|switch|p2b: Annihilape|Annihilape, L50, M|100\/100\n|turn|3\n|\n|t:|1731366970\n|switch|p1b: Rillaboom|Rillaboom, L50, M|100\/100\n|-fieldstart|move: Grassy Terrain|[from] ability: Grassy Surge|[of] p1b: Rillaboom\n|move|p2b: Annihilape|Protect|p2b: Annihilape\n|-singleturn|p2b: Annihilape|Protect\n|move|p1a: Pelipper|Hurricane|p2b: Annihilape\n|-activate|p2b: Annihilape|move: Protect\n|move|p2a: Gastrodon|Yawn|p1a: Pelipper\n|-start|p1a: Pelipper|move: Yawn|[of] p2a: Gastrodon\n|\n|-weather|RainDance|[upkeep]\n|upkeep\n|turn|4\n|inactive|vgclth souly has 30 seconds left.\n|inactive|vgclth souly has 20 seconds left.\n|\n|t:|1731367008\n|-terastallize|p2b: Annihilape|Dark\n|move|p2a: Gastrodon|Protect|p2a: Gastrodon\n|-singleturn|p2a: Gastrodon|Protect\n|move|p1b: Rillaboom|Wood Hammer|p2b: Annihilape\n|-damage|p2b: Annihilape|14\/100\n|-damage|p1b: Rillaboom|69\/100|[from] Recoil\n|move|p1a: Pelipper|Hurricane|p2b: Annihilape\n|-damage|p2b: Annihilape|0 fnt\n|faint|p2b: Annihilape\n|\n|-weather|RainDance|[upkeep]\n|-heal|p1b: Rillaboom|75\/100|[from] Grassy Terrain\n|-end|p1a: Pelipper|move: Yawn|[silent]\n|-status|p1a: Pelipper|slp\n|upkeep\n|\n|t:|1731367024\n|switch|p2b: Sneasler|Sneasler, L50, F|100\/100\n|turn|5\n|\n|t:|1731367033\n|switch|p1b: Archaludon|Archaludon, L50, M, tera:Fairy|100\/100\n|move|p2a: Gastrodon|Protect||[still]\n|-fail|p2a: Gastrodon\n|move|p2b: Sneasler|Dire Claw|p1b: Archaludon\n|-supereffective|p1b: Archaludon\n|-damage|p1b: Archaludon|40\/100\n|-status|p1b: Archaludon|slp\n|-ability|p1b: Archaludon|Stamina|boost\n|-boost|p1b: Archaludon|def|1\n|cant|p1a: Pelipper|slp\n|\n|-weather|none\n|-heal|p1b: Archaludon|46\/100 slp|[from] Grassy Terrain\n|-heal|p1b: Archaludon|53\/100 slp|[from] item: Leftovers\n|upkeep\n|turn|6\n|inactive|iava95 has 30 seconds left.\n|\n|t:|1731367063\n|switch|p1a: Basculegion|Basculegion, L50, M|100\/100\n|move|p2b: Sneasler|Dire Claw|p1b: Archaludon\n|-supereffective|p1b: Archaludon\n|-damage|p1b: Archaludon|12\/100 slp\n|-ability|p1b: Archaludon|Stamina|boost\n|-boost|p1b: Archaludon|def|1\n|cant|p1b: Archaludon|slp\n|move|p2a: Gastrodon|Earth Power|p1b: Archaludon\n|-damage|p1b: Archaludon|0 fnt\n|faint|p1b: Archaludon\n|\n|upkeep\n|\n|t:|1731367066\n|switch|p1b: Pelipper|Pelipper, L50, F|100\/100 slp\n|-weather|RainDance|[from] ability: Drizzle|[of] p1b: Pelipper\n|turn|7\n|j| VGCLTH John Pork\n|inactive|iava95 has 30 seconds left.\n|\n|t:|1731367098\n|move|p1a: Basculegion|Last Respects|p2b: Sneasler\n|-enditem|p2b: Sneasler|Focus Sash\n|-damage|p2b: Sneasler|1\/100\n|move|p2b: Sneasler|Throat Chop|p1a: Basculegion\n|-supereffective|p1a: Basculegion\n|-damage|p1a: Basculegion|39\/100\n|-start|p1a: Basculegion|Throat Chop|[silent]\n|cant|p1b: Pelipper|slp\n|move|p2a: Gastrodon|Earth Power|p1a: Basculegion\n|-damage|p1a: Basculegion|3\/100\n|\n|-weather|RainDance|[upkeep]\n|-heal|p1a: Basculegion|9\/100|[from] Grassy Terrain\n|-heal|p2b: Sneasler|7\/100|[from] Grassy Terrain\n|-fieldend|move: Grassy Terrain\n|upkeep\n|turn|8\n|inactive|iava95 has 30 seconds left.\n|-message|iava95 forfeited.\n|\n|win|vgclth souly\n|raw|vgclth souly's rating: 1696 &rarr; <strong>1716<\/strong><br \/>(+20 for winning)\n|raw|iava95's rating: 1688 &rarr; <strong>1668<\/strong><br \/>(-20 for losing)\n|l|\u2606iava95\n|player|p2|\n|l|\u2606vgclth souly\n|player|p1|\n","uploadtime":1731367387,"views":31,"formatid":"gen9vgc2024regh","rating":1668,"private":0,"password":null}