{"id":"gen9vgc2024regh-2242875188","format":"[Gen 9] VGC 2024 Reg H","players":["carrotbeafsteak","ray4gej"],"log":"|j|\u2606carrotbeafsteak\n|j|\u2606ray4gej\n|t:|1731477390\n|gametype|doubles\n|player|p1|carrotbeafsteak|170|1729\n|player|p2|ray4gej|169|1752\n|teamsize|p1|6\n|teamsize|p2|6\n|gen|9\n|tier|[Gen 9] VGC 2024 Reg H\n|rated|\n|rule|Species Clause: Limit one of each Pok\u00e9mon\n|rule|Item Clause: Limit 1 of each item\n|clearpoke\n|poke|p1|Grimmsnarl, L50, M|\n|poke|p1|Drowzee, L50, F|\n|poke|p1|Flamigo, L50, F|\n|poke|p1|Bronzong, L50|\n|poke|p1|Tsareena, L50, F|\n|poke|p1|Ursaluna, L50, M|\n|poke|p2|Dondozo, L50, F|\n|poke|p2|Tatsugiri, L50, M|\n|poke|p2|Sneasler, L50, F|\n|poke|p2|Flamigo, L50, F|\n|poke|p2|Amoonguss, L50, M|\n|poke|p2|Gholdengo, L50|\n|teampreview|4\n|\n|t:|1731477428\n|start\n|switch|p1a: Flamigo|Flamigo, L50, F|100\/100\n|switch|p1b: Drowzee|Drowzee, L50, F|100\/100\n|switch|p2a: Sneasler|Sneasler, L50, F|100\/100\n|switch|p2b: Flamigo|Flamigo, L50, F|100\/100\n|turn|1\n|\n|t:|1731477452\n|switch|p2a: Gholdengo|Gholdengo, L50|100\/100\n|move|p2b: Flamigo|Protect|p2b: Flamigo\n|-singleturn|p2b: Flamigo|Protect\n|move|p1a: Flamigo|Brave Bird|p2b: Flamigo\n|-activate|p2b: Flamigo|move: Protect\n|move|p1b: Drowzee|Trick Room|p1b: Drowzee\n|-fieldstart|move: Trick Room|[of] p1b: Drowzee\n|\n|upkeep\n|turn|2\n|\n|t:|1731477467\n|switch|p1b: Ursaluna|Ursaluna, L50, M|100\/100\n|move|p2a: Gholdengo|Protect|p2a: Gholdengo\n|-singleturn|p2a: Gholdengo|Protect\n|move|p1a: Flamigo|Close Combat|p2a: Gholdengo\n|-activate|p2a: Gholdengo|move: Protect\n|move|p2b: Flamigo|Dual Wingbeat|p1a: Flamigo\n|-supereffective|p1a: Flamigo\n|-crit|p1a: Flamigo\n|-damage|p1a: Flamigo|13\/100\n|-supereffective|p1a: Flamigo\n|-damage|p1a: Flamigo|0 fnt\n|faint|p1a: Flamigo\n|-hitcount|p1: Flamigo|2\n|\n|-status|p1b: Ursaluna|brn|[from] item: Flame Orb\n|upkeep\n|\n|t:|1731477478\n|switch|p1a: Drowzee|Drowzee, L50, F|100\/100\n|turn|3\n|\n|t:|1731477497\n|-terastallize|p1b: Ursaluna|Ghost\n|move|p1a: Drowzee|Power Split|p2b: Flamigo\n|-activate|p1a: Drowzee|move: Power Split|[of] p2b: Flamigo\n|move|p1b: Ursaluna|Headlong Rush|p2a: Gholdengo\n|-supereffective|p2a: Gholdengo\n|-damage|p2a: Gholdengo|0 fnt\n|-unboost|p1b: Ursaluna|def|1\n|-unboost|p1b: Ursaluna|spd|1\n|faint|p2a: Gholdengo\n|move|p2b: Flamigo|Close Combat|p1b: Ursaluna\n|-damage|p1b: Ursaluna|57\/100 brn\n|-unboost|p2b: Flamigo|def|1\n|-unboost|p2b: Flamigo|spd|1\n|\n|-damage|p1b: Ursaluna|52\/100 brn|[from] brn\n|upkeep\n|\n|t:|1731477512\n|switch|p2a: Dondozo|Dondozo, L50, F, shiny|100\/100\n|turn|4\n|\n|t:|1731477522\n|move|p1b: Ursaluna|Protect|p1b: Ursaluna\n|-singleturn|p1b: Ursaluna|Protect\n|move|p1a: Drowzee|Night Shade|p2b: Flamigo\n|-damage|p2b: Flamigo|69\/100\n|move|p2a: Dondozo|Wave Crash|p1b: Ursaluna\n|-activate|p1b: Ursaluna|move: Protect\n|move|p2b: Flamigo|Close Combat|p1b: Ursaluna\n|-activate|p1b: Ursaluna|move: Protect\n|\n|-damage|p1b: Ursaluna|46\/100 brn|[from] brn\n|upkeep\n|turn|5\n|\n|t:|1731477551\n|move|p1a: Drowzee|Haze|p1a: Drowzee\n|-clearallboost\n|move|p1b: Ursaluna|Facade|p2a: Dondozo\n|-damage|p2a: Dondozo|11\/100\n|move|p2a: Dondozo|Wave Crash|p1b: Ursaluna\n|-damage|p1b: Ursaluna|10\/100 brn\n|-damage|p2a: Dondozo|0 fnt|[from] Recoil\n|faint|p2a: Dondozo\n|move|p2b: Flamigo|Close Combat|p1b: Ursaluna\n|-damage|p1b: Ursaluna|0 fnt\n|-unboost|p2b: Flamigo|def|1\n|-unboost|p2b: Flamigo|spd|1\n|faint|p1b: Ursaluna\n|\n|-fieldend|move: Trick Room\n|upkeep\n|\n|t:|1731477562\n|switch|p2a: Sneasler|Sneasler, L50, F|100\/100\n|switch|p1b: Bronzong|Bronzong, L50|100\/100\n|turn|6\n|\n|t:|1731477589\n|-terastallize|p2a: Sneasler|Stellar\n|move|p2a: Sneasler|Close Combat|p1b: Bronzong\n|-damage|p1b: Bronzong|30\/100\n|-unboost|p2a: Sneasler|def|1\n|-unboost|p2a: Sneasler|spd|1\n|move|p2b: Flamigo|Close Combat|p1b: Bronzong\n|-damage|p1b: Bronzong|2\/100\n|-unboost|p2b: Flamigo|def|1\n|-unboost|p2b: Flamigo|spd|1\n|move|p1b: Bronzong|Psychic Noise|p2a: Sneasler\n|-supereffective|p2a: Sneasler\n|-damage|p2a: Sneasler|0 fnt\n|faint|p2a: Sneasler\n|-damage|p1b: Bronzong|0 fnt|[from] item: Life Orb\n|faint|p1b: Bronzong\n|move|p1a: Drowzee|Trick Room|p1a: Drowzee\n|-fieldstart|move: Trick Room|[of] p1a: Drowzee\n|\n|upkeep\n|turn|7\n|\n|t:|1731477610\n|move|p1a: Drowzee|Night Shade|p2b: Flamigo\n|-damage|p2b: Flamigo|37\/100\n|move|p2b: Flamigo|Dual Wingbeat|p1a: Drowzee\n|-damage|p1a: Drowzee|89\/100\n|-damage|p1a: Drowzee|76\/100\n|-hitcount|p1a: Drowzee|2\n|\n|upkeep\n|turn|8\n|\n|t:|1731477616\n|move|p1a: Drowzee|Night Shade|p2b: Flamigo\n|-damage|p2b: Flamigo|5\/100\n|move|p2b: Flamigo|Dual Wingbeat|p1a: Drowzee\n|-damage|p1a: Drowzee|63\/100\n|-damage|p1a: Drowzee|50\/100\n|-hitcount|p1a: Drowzee|2\n|\n|upkeep\n|turn|9\n|\n|t:|1731477623\n|move|p2b: Flamigo|Protect|p2b: Flamigo\n|-singleturn|p2b: Flamigo|Protect\n|move|p1a: Drowzee|Night Shade|p2b: Flamigo\n|-activate|p2b: Flamigo|move: Protect\n|\n|upkeep\n|turn|10\n|\n|t:|1731477627\n|move|p2b: Flamigo|Protect||[still]\n|-fail|p2b: Flamigo\n|move|p1a: Drowzee|Night Shade|p2b: Flamigo\n|-damage|p2b: Flamigo|0 fnt\n|faint|p2b: Flamigo\n|\n|win|carrotbeafsteak\n|raw|carrotbeafsteak's rating: 1729 &rarr; <strong>1750<\/strong><br \/>(+21 for winning)\n|raw|ray4gej's rating: 1752 &rarr; <strong>1731<\/strong><br \/>(-21 for losing)\n|l|\u2606ray4gej\n|player|p2|\n|l|\u2606carrotbeafsteak\n|player|p1|\n","uploadtime":1731477631,"views":32,"formatid":"gen9vgc2024regh","rating":1731,"private":0,"password":null}