{"id":"gen9vgc2024regh-2242956217","format":"[Gen 9] VGC 2024 Reg H","players":["VGCLTH mt","matthaise"],"log":"|raw|<div class=\"broadcast-blue\"><strong>This battle is required to be public due to a player having a name starting with 'vgclth'.<\/div>\n|j|\u2606VGCLTH mt\n|j|\u2606matthaise\n|t:|1731493210\n|gametype|doubles\n|player|p1|VGCLTH mt|cynthia|1650\n|player|p2|matthaise|hilbert-wonderlauncher|1768\n|teamsize|p1|6\n|teamsize|p2|6\n|gen|9\n|tier|[Gen 9] VGC 2024 Reg H\n|rated|\n|rule|Species Clause: Limit one of each Pok\u00e9mon\n|rule|Item Clause: Limit 1 of each item\n|clearpoke\n|poke|p1|Annihilape, L50, M|\n|poke|p1|Dondozo, L50, M|\n|poke|p1|Grimmsnarl, L50, M|\n|poke|p1|Volcarona, L50, F|\n|poke|p1|Metagross, L50|\n|poke|p1|Dragonite, L50, M|\n|poke|p2|Archaludon, L50, M|\n|poke|p2|Whimsicott, L50, M|\n|poke|p2|Dragonite, L50, F|\n|poke|p2|Volcarona, L50, M|\n|poke|p2|Rillaboom, L50, F|\n|poke|p2|Tauros-Paldea-Blaze, L50, M|\n|teampreview|4\n|inactive|Battle timer is ON: inactive players will automatically lose when time's up. (requested by VGCLTH mt)\n|inactive|matthaise has 60 seconds left.\n|\n|t:|1731493245\n|start\n|switch|p1a: Grimmsnarl|Grimmsnarl, L50, M, shiny|100\/100\n|switch|p1b: Metagross|Metagross, L50, shiny|100\/100\n|switch|p2a: Dragonite|Dragonite, L50, F|100\/100\n|switch|p2b: Archaludon|Archaludon, L50, M|100\/100\n|turn|1\n|j| igsovertimeworker\n|inactive|VGCLTH mt has 30 seconds left.\n|inactive|VGCLTH mt has 20 seconds left.\n|\n|t:|1731493281\n|move|p1a: Grimmsnarl|Fake Out|p2b: Archaludon\n|-resisted|p2b: Archaludon\n|-damage|p2b: Archaludon|92\/100\n|-damage|p1a: Grimmsnarl|91\/100|[from] item: Life Orb\n|move|p2a: Dragonite|Extreme Speed|p1a: Grimmsnarl\n|-damage|p1a: Grimmsnarl|50\/100\n|cant|p2b: Archaludon|flinch\n|move|p1b: Metagross|Stomping Tantrum|p2b: Archaludon\n|-supereffective|p2b: Archaludon\n|-damage|p2b: Archaludon|41\/100\n|\n|upkeep\n|turn|2\n|\n|t:|1731493297\n|switch|p2a: Tauros|Tauros-Paldea-Blaze, L50, M|100\/100\n|-ability|p2a: Tauros|Intimidate|boost\n|-unboost|p1a: Grimmsnarl|atk|1\n|-fail|p1b: Metagross|unboost|[from] ability: Clear Body|[of] p1b: Metagross\n|move|p2b: Archaludon|Protect|p2b: Archaludon\n|-singleturn|p2b: Archaludon|Protect\n|move|p1b: Metagross|Bullet Punch|p2b: Archaludon\n|-activate|p2b: Archaludon|move: Protect\n|move|p1a: Grimmsnarl|Sucker Punch||[still]\n|-fail|p1a: Grimmsnarl\n|\n|upkeep\n|turn|3\n|\n|t:|1731493312\n|move|p1a: Grimmsnarl|Misty Terrain|p1a: Grimmsnarl\n|-fieldstart|move: Misty Terrain\n|move|p2a: Tauros|Raging Bull|p1b: Metagross\n|-supereffective|p1b: Metagross\n|-damage|p1b: Metagross|33\/100\n|move|p2b: Archaludon|Flash Cannon|p1a: Grimmsnarl\n|-supereffective|p1a: Grimmsnarl\n|-damage|p1a: Grimmsnarl|0 fnt\n|faint|p1a: Grimmsnarl\n|move|p1b: Metagross|Psychic Fangs|p2a: Tauros\n|-supereffective|p2a: Tauros\n|-damage|p2a: Tauros|0 fnt\n|faint|p2a: Tauros\n|\n|upkeep\n|\n|t:|1731493322\n|switch|p2a: Rillaboom|Rillaboom, L50, F|100\/100\n|switch|p1a: Volcarona|Volcarona, L50, F, shiny|100\/100\n|-fieldstart|move: Grassy Terrain|[from] ability: Grassy Surge|[of] p2a: Rillaboom\n|turn|4\n|\n|t:|1731493337\n|-terastallize|p2b: Archaludon|Stellar\n|move|p2a: Rillaboom|Fake Out|p1b: Metagross\n|-resisted|p1b: Metagross\n|-damage|p1b: Metagross|28\/100\n|move|p2b: Archaludon|Draco Meteor|p1a: Volcarona\n|-damage|p1a: Volcarona|9\/100\n|-unboost|p2b: Archaludon|spa|2\n|move|p1a: Volcarona|Heat Wave|p2a: Rillaboom|[spread] p2a,p2b\n|-supereffective|p2a: Rillaboom\n|-damage|p2a: Rillaboom|56\/100\n|-damage|p2b: Archaludon|0 fnt\n|faint|p2b: Archaludon\n|cant|p1b: Metagross|flinch\n|\n|-heal|p1a: Volcarona|15\/100|[from] Grassy Terrain\n|-heal|p1a: Volcarona|21\/100|[from] item: Leftovers\n|-heal|p2a: Rillaboom|62\/100|[from] Grassy Terrain\n|-heal|p1b: Metagross|34\/100|[from] Grassy Terrain\n|upkeep\n|\n|t:|1731493348\n|switch|p2b: Dragonite|Dragonite, L50, F|100\/100\n|turn|5\n|\n|t:|1731493357\n|move|p1a: Volcarona|Protect|p1a: Volcarona\n|-singleturn|p1a: Volcarona|Protect\n|move|p1b: Metagross|Bullet Punch|p2b: Dragonite\n|-damage|p2b: Dragonite|88\/100\n|move|p2b: Dragonite|Scale Shot|p1a: Volcarona\n|-activate|p1a: Volcarona|move: Protect\n|move|p2a: Rillaboom|Wood Hammer|p1b: Metagross\n|-resisted|p1b: Metagross\n|-damage|p1b: Metagross|5\/100\n|-damage|p2a: Rillaboom|53\/100|[from] Recoil\n|\n|-heal|p1a: Volcarona|28\/100|[from] Grassy Terrain\n|-heal|p1a: Volcarona|34\/100|[from] item: Leftovers\n|-heal|p2a: Rillaboom|59\/100|[from] Grassy Terrain\n|-heal|p1b: Metagross|11\/100|[from] Grassy Terrain\n|upkeep\n|turn|6\n|\n|t:|1731493370\n|-terastallize|p1a: Volcarona|Fairy\n|move|p2a: Rillaboom|Grassy Glide|p1b: Metagross\n|-resisted|p1b: Metagross\n|-damage|p1b: Metagross|0 fnt\n|faint|p1b: Metagross\n|move|p2b: Dragonite|Scale Shot|p1a: Volcarona\n|-immune|p1a: Volcarona\n|move|p1a: Volcarona|Heat Wave|p2a: Rillaboom|[spread] p2a,p2b\n|-supereffective|p2a: Rillaboom\n|-resisted|p2b: Dragonite\n|-damage|p2a: Rillaboom|15\/100\n|-damage|p2b: Dragonite|71\/100\n|-status|p2a: Rillaboom|brn\n|-status|p2b: Dragonite|brn\n|\n|-heal|p1a: Volcarona|40\/100|[from] Grassy Terrain\n|-heal|p1a: Volcarona|46\/100|[from] item: Leftovers\n|-heal|p2a: Rillaboom|21\/100 brn|[from] Grassy Terrain\n|-damage|p2b: Dragonite|65\/100 brn|[from] brn\n|-damage|p2a: Rillaboom|15\/100 brn|[from] brn\n|upkeep\n|\n|t:|1731493378\n|switch|p1b: Dondozo|Dondozo, L50, M, shiny|100\/100\n|turn|7\n|\n|t:|1731493385\n|move|p2b: Dragonite|Extreme Speed|p1a: Volcarona\n|-damage|p1a: Volcarona|31\/100\n|move|p2a: Rillaboom|Grassy Glide|p1a: Volcarona\n|-damage|p1a: Volcarona|13\/100\n|move|p1a: Volcarona|Heat Wave|p2a: Rillaboom|[spread] p2b\n|-miss|p1a: Volcarona|p2a: Rillaboom\n|-resisted|p2b: Dragonite\n|-damage|p2b: Dragonite|48\/100 brn\n|move|p1b: Dondozo|Wave Crash|p2a: Rillaboom\n|-resisted|p2a: Rillaboom\n|-damage|p2a: Rillaboom|0 fnt\n|faint|p2a: Rillaboom\n|-damage|p1b: Dondozo|97\/100|[from] Recoil\n|\n|-heal|p1a: Volcarona|19\/100|[from] Grassy Terrain\n|-heal|p1a: Volcarona|25\/100|[from] item: Leftovers\n|-heal|p1b: Dondozo|100\/100|[from] Grassy Terrain\n|-damage|p2b: Dragonite|42\/100 brn|[from] brn\n|upkeep\n|turn|8\n|-message|matthaise forfeited.\n|\n|win|VGCLTH mt\n|raw|VGCLTH mt's rating: 1650 &rarr; <strong>1677<\/strong><br \/>(+27 for winning)\n|raw|matthaise's rating: 1768 &rarr; <strong>1741<\/strong><br \/>(-27 for losing)\n|l|\u2606matthaise\n|player|p2|\n|l|\u2606VGCLTH mt\n|player|p1|\n|l| igsovertimeworker\n","uploadtime":1731493571,"views":20,"formatid":"gen9vgc2024regh","rating":1677,"private":0,"password":null}