{"id":"gen9vgc2024regh-2242420314","format":"[Gen 9] VGC 2024 Reg H","players":["Zordor","vgclth souly"],"log":"|raw|<div class=\"broadcast-blue\"><strong>This battle is required to be public due to a player having a name starting with 'vgclth'.<\/div>\n|j|\u2606Zordor\n|j|\u2606vgclth souly\n|t:|1731425659\n|gametype|doubles\n|player|p1|Zordor|pilot|1741\n|player|p2|vgclth souly|#smogonxnpa2024draftee|1711\n|teamsize|p1|6\n|teamsize|p2|6\n|gen|9\n|tier|[Gen 9] VGC 2024 Reg H\n|rated|\n|rule|Species Clause: Limit one of each Pok\u00e9mon\n|rule|Item Clause: Limit 1 of each item\n|clearpoke\n|poke|p1|Rotom-Wash, L50|\n|poke|p1|Sneasler, L50, F|\n|poke|p1|Kingambit, L50, F|\n|poke|p1|Armarouge, L50, F|\n|poke|p1|Dragapult, L50, M|\n|poke|p1|Venusaur, L50, M|\n|poke|p2|Archaludon, L50, M|\n|poke|p2|Pelipper, L50, M|\n|poke|p2|Electabuzz, L50, M|\n|poke|p2|Kingambit, L50, F|\n|poke|p2|Rillaboom, L50, M|\n|poke|p2|Basculegion, L50, M|\n|teampreview|4\n|inactive|Battle timer is ON: inactive players will automatically lose when time's up. (requested by vgclth souly)\n|\n|t:|1731425680\n|start\n|switch|p1a: Rotom|Rotom-Wash, L50|100\/100\n|switch|p1b: Sneasler|Sneasler, L50, F|100\/100\n|switch|p2a: Basculegion|Basculegion, L50, M|100\/100\n|switch|p2b: Pelipper|Pelipper, L50, M|100\/100\n|-weather|RainDance|[from] ability: Drizzle|[of] p2b: Pelipper\n|turn|1\n|\n|t:|1731425686\n|move|p1b: Sneasler|Protect|p1b: Sneasler\n|-singleturn|p1b: Sneasler|Protect\n|move|p2b: Pelipper|Protect|p2b: Pelipper\n|-singleturn|p2b: Pelipper|Protect\n|move|p2a: Basculegion|Flip Turn|p1a: Rotom\n|-resisted|p1a: Rotom\n|-damage|p1a: Rotom|66\/100\n|\n|t:|1731425690\n|switch|p2a: Archaludon|Archaludon, L50, M|100\/100|[from] Flip Turn\n|move|p1a: Rotom|Will-O-Wisp|p2a: Archaludon\n|-status|p2a: Archaludon|brn\n|\n|-weather|RainDance|[upkeep]\n|-damage|p2a: Archaludon|94\/100 brn|[from] brn\n|upkeep\n|turn|2\n|\n|t:|1731425700\n|-terastallize|p2a: Archaludon|Fairy\n|move|p1b: Sneasler|Close Combat|p2a: Archaludon\n|-resisted|p2a: Archaludon\n|-damage|p2a: Archaludon|74\/100 brn\n|-unboost|p1b: Sneasler|def|1\n|-unboost|p1b: Sneasler|spd|1\n|-ability|p2a: Archaludon|Stamina|boost\n|-boost|p2a: Archaludon|def|1\n|move|p1a: Rotom|Electroweb|p2a: Archaludon|[spread] p2a,p2b\n|-supereffective|p2b: Pelipper\n|-damage|p2a: Archaludon|58\/100 brn\n|-enditem|p2b: Pelipper|Focus Sash\n|-damage|p2b: Pelipper|1\/100\n|-unboost|p2a: Archaludon|spe|1\n|-unboost|p2b: Pelipper|spe|1\n|-ability|p2a: Archaludon|Stamina|boost\n|-boost|p2a: Archaludon|def|1\n|move|p2b: Pelipper|Hurricane|p1b: Sneasler\n|-supereffective|p1b: Sneasler\n|-enditem|p1b: Sneasler|Focus Sash\n|-damage|p1b: Sneasler|1\/100\n|-start|p1b: Sneasler|confusion\n|move|p2a: Archaludon|Electro Shot||[still]\n|-prepare|p2a: Archaludon|Electro Shot\n|-boost|p2a: Archaludon|spa|1\n|-anim|p2a: Archaludon|Electro Shot|p1b: Sneasler\n|-damage|p1b: Sneasler|0 fnt\n|faint|p1b: Sneasler\n|\n|-weather|RainDance|[upkeep]\n|-heal|p2a: Archaludon|65\/100 brn|[from] item: Leftovers\n|-damage|p2a: Archaludon|58\/100 brn|[from] brn\n|upkeep\n|inactive|Zordor has 30 seconds left.\n|inactive|Zordor has 20 seconds left.\n|inactive|Zordor has 15 seconds left.\n|\n|t:|1731425740\n|switch|p1b: Venusaur|Venusaur, L50, M|100\/100\n|turn|3\n|\n|t:|1731425746\n|switch|p2b: Rillaboom|Rillaboom, L50, M|100\/100\n|-fieldstart|move: Grassy Terrain|[from] ability: Grassy Surge|[of] p2b: Rillaboom\n|move|p1a: Rotom|Electroweb|p2b: Rillaboom|[spread] p2a,p2b\n|-crit|p2a: Archaludon\n|-resisted|p2b: Rillaboom\n|-damage|p2a: Archaludon|35\/100 brn\n|-damage|p2b: Rillaboom|94\/100\n|-unboost|p2a: Archaludon|spe|1\n|-unboost|p2b: Rillaboom|spe|1\n|-ability|p2a: Archaludon|Stamina|boost\n|-boost|p2a: Archaludon|def|1\n|move|p1b: Venusaur|Sludge Bomb|p2a: Archaludon\n|-supereffective|p2a: Archaludon\n|-damage|p2a: Archaludon|0 fnt\n|faint|p2a: Archaludon\n|\n|-weather|RainDance|[upkeep]\n|-heal|p2b: Rillaboom|100\/100|[from] Grassy Terrain\n|upkeep\n|\n|t:|1731425751\n|switch|p2a: Basculegion|Basculegion, L50, M|100\/100\n|turn|4\n|j| VGCLTH Thacrow\n|inactive|Zordor has 30 seconds left.\n|\n|t:|1731425779\n|move|p1a: Rotom|Protect|p1a: Rotom\n|-singleturn|p1a: Rotom|Protect\n|move|p1b: Venusaur|Protect|p1b: Venusaur\n|-singleturn|p1b: Venusaur|Protect\n|move|p2b: Rillaboom|Fake Out|p1b: Venusaur\n|-activate|p1b: Venusaur|move: Protect\n|move|p2a: Basculegion|Last Respects|p1a: Rotom\n|-activate|p1a: Rotom|move: Protect\n|\n|-weather|RainDance|[upkeep]\n|upkeep\n|turn|5\n|\n|t:|1731425794\n|move|p2a: Basculegion|Last Respects|p1b: Venusaur\n|-damage|p1b: Venusaur|10\/100\n|move|p1a: Rotom|Will-O-Wisp|p2a: Basculegion\n|-status|p2a: Basculegion|brn\n|move|p1b: Venusaur|Giga Drain|p2a: Basculegion\n|-supereffective|p2a: Basculegion\n|-damage|p2a: Basculegion|0 fnt\n|-heal|p1b: Venusaur|65\/100|[from] drain|[of] p2a: Basculegion\n|faint|p2a: Basculegion\n|move|p2b: Rillaboom|High Horsepower|p1b: Venusaur\n|-crit|p1b: Venusaur\n|-damage|p1b: Venusaur|2\/100\n|\n|-weather|none\n|-heal|p1b: Venusaur|8\/100|[from] Grassy Terrain\n|-heal|p1b: Venusaur|15\/100|[from] item: Leftovers\n|upkeep\n|\n|t:|1731425804\n|switch|p2a: Pelipper|Pelipper, L50, M|1\/100\n|-weather|RainDance|[from] ability: Drizzle|[of] p2a: Pelipper\n|turn|6\n|j| VGCLTH John Pork\n|\n|t:|1731425813\n|-terastallize|p1a: Rotom|Ghost\n|move|p2a: Pelipper|Protect|p2a: Pelipper\n|-singleturn|p2a: Pelipper|Protect\n|move|p2b: Rillaboom|Grassy Glide|p1a: Rotom\n|-damage|p1a: Rotom|27\/100\n|move|p1a: Rotom|Electroweb|p2a: Pelipper|[spread] p2b\n|-activate|p2a: Pelipper|move: Protect\n|-resisted|p2b: Rillaboom\n|-damage|p2b: Rillaboom|95\/100\n|-unboost|p2b: Rillaboom|spe|1\n|move|p1b: Venusaur|Sludge Bomb|p2b: Rillaboom\n|-supereffective|p2b: Rillaboom\n|-damage|p2b: Rillaboom|37\/100\n|\n|-weather|RainDance|[upkeep]\n|-heal|p1b: Venusaur|21\/100|[from] Grassy Terrain\n|-heal|p1b: Venusaur|27\/100|[from] item: Leftovers\n|-heal|p2b: Rillaboom|43\/100|[from] Grassy Terrain\n|upkeep\n|turn|7\n|-message|vgclth souly forfeited.\n|\n|win|Zordor\n|raw|Zordor's rating: 1741 &rarr; <strong>1759<\/strong><br \/>(+18 for winning)\n|raw|vgclth souly's rating: 1711 &rarr; <strong>1693<\/strong><br \/>(-18 for losing)\n|l|\u2606vgclth souly\n|player|p2|\n|l| VGCLTH Thacrow\n|l|\u2606Zordor\n|player|p1|\n|l| VGCLTH John Pork\n","uploadtime":1731426102,"views":39,"formatid":"gen9vgc2024regh","rating":1693,"private":0,"password":null}