{"id":"gen9vgc2024regh-2242693427","format":"[Gen 9] VGC 2024 Reg H","players":["VGCLTH John Pork","Doc_MrMega"],"log":"|raw|<div class=\"broadcast-blue\"><strong>This battle is required to be public due to a player having a name starting with 'vgclth'.<\/div>\n|j|\u2606VGCLTH John Pork\n|j|\u2606Doc_MrMega\n|t:|1731452506\n|gametype|doubles\n|player|p1|VGCLTH John Pork|ogreclan|1678\n|player|p2|Doc_MrMega|lucas|1785\n|teamsize|p1|6\n|teamsize|p2|6\n|gen|9\n|tier|[Gen 9] VGC 2024 Reg H\n|rated|\n|rule|Species Clause: Limit one of each Pok\u00e9mon\n|rule|Item Clause: Limit 1 of each item\n|clearpoke\n|poke|p1|Ceruledge, L50, M|\n|poke|p1|Gastrodon-East, L50, F|\n|poke|p1|Sneasler, L50, M|\n|poke|p1|Dragonite, L50, M|\n|poke|p1|Rillaboom, L50, M|\n|poke|p1|Kingambit, L50, F|\n|poke|p2|Electrode-Hisui, L50|\n|poke|p2|Annihilape, L50, F|\n|poke|p2|Toxtricity, L50, F|\n|poke|p2|Pelipper, L50, F|\n|poke|p2|Archaludon, L50, M|\n|poke|p2|Basculegion, L50, M|\n|teampreview|4\n|inactive|Battle timer is ON: inactive players will automatically lose when time's up. (requested by Doc_MrMega)\n|\n|t:|1731452540\n|start\n|switch|p1a: Sneasler|Sneasler, L50, M, shiny|100\/100\n|switch|p1b: Kingambit|Kingambit, L50, F|100\/100\n|switch|p2a: Electrode|Electrode-Hisui, L50|100\/100\n|switch|p2b: Toxtricity|Toxtricity, L50, F|100\/100\n|turn|1\n|j| VGCLTH Loataee\n|\n|t:|1731452562\n|-terastallize|p2b: Toxtricity|Normal\n|move|p1a: Sneasler|Fake Out|p2b: Toxtricity\n|-damage|p2b: Toxtricity|78\/100\n|move|p2a: Electrode|Volt Switch|p1a: Sneasler\n|-damage|p1a: Sneasler|75\/100\n|\n|t:|1731452584\n|switch|p2a: Basculegion|Basculegion, L50, M|100\/100|[from] Volt Switch\n|cant|p2b: Toxtricity|flinch\n|move|p1b: Kingambit|Kowtow Cleave|p2b: Toxtricity\n|-damage|p2b: Toxtricity|2\/100\n|\n|upkeep\n|turn|2\n|\n|t:|1731452604\n|switch|p2b: Pelipper|Pelipper, L50, F|100\/100\n|-weather|RainDance|[from] ability: Drizzle|[of] p2b: Pelipper\n|move|p1b: Kingambit|Sucker Punch|p2a: Basculegion\n|-supereffective|p2a: Basculegion\n|-damage|p2a: Basculegion|28\/100\n|move|p2a: Basculegion|Wave Crash|p1b: Kingambit\n|-crit|p1b: Kingambit\n|-damage|p1b: Kingambit|0 fnt\n|faint|p1b: Kingambit\n|-damage|p2a: Basculegion|0 fnt|[from] Recoil\n|faint|p2a: Basculegion\n|move|p1a: Sneasler|Dire Claw|p2b: Pelipper\n|-damage|p2b: Pelipper|45\/100\n|\n|-weather|RainDance|[upkeep]\n|upkeep\n|\n|t:|1731452619\n|switch|p2a: Electrode|Electrode-Hisui, L50|100\/100\n|switch|p1b: Rillaboom|Rillaboom, L50, M|100\/100\n|-fieldstart|move: Grassy Terrain|[from] ability: Grassy Surge|[of] p1b: Rillaboom\n|turn|3\n|\n|t:|1731452626\n|move|p2b: Pelipper|Protect|p2b: Pelipper\n|-singleturn|p2b: Pelipper|Protect\n|move|p1b: Rillaboom|Grassy Glide|p2b: Pelipper\n|-activate|p2b: Pelipper|move: Protect\n|move|p2a: Electrode|Electroweb|p1b: Rillaboom|[spread] p1a,p1b\n|-resisted|p1b: Rillaboom\n|-damage|p1a: Sneasler|59\/100\n|-damage|p1b: Rillaboom|93\/100\n|-unboost|p1a: Sneasler|spe|1\n|-unboost|p1b: Rillaboom|spe|1\n|move|p1a: Sneasler|Dire Claw|p2a: Electrode\n|-supereffective|p2a: Electrode\n|-damage|p2a: Electrode|0 fnt\n|faint|p2a: Electrode\n|\n|-weather|RainDance|[upkeep]\n|-heal|p1a: Sneasler|64\/100|[from] Grassy Terrain\n|-heal|p1b: Rillaboom|99\/100|[from] Grassy Terrain\n|upkeep\n|\n|t:|1731452643\n|switch|p2a: Toxtricity|Toxtricity, L50, F, tera:Normal|2\/100\n|turn|4\n|\n|t:|1731452650\n|switch|p1a: Joe Dog|Gastrodon-East, L50, F|100\/100\n|-terastallize|p1b: Rillaboom|Fire\n|move|p1b: Rillaboom|Grassy Glide|p2a: Toxtricity\n|-damage|p2a: Toxtricity|0 fnt\n|faint|p2a: Toxtricity\n|move|p2b: Pelipper|Hurricane|p1b: Rillaboom\n|-damage|p1b: Rillaboom|42\/100\n|-start|p1b: Rillaboom|confusion\n|\n|-weather|RainDance|[upkeep]\n|-heal|p1b: Rillaboom|48\/100|[from] Grassy Terrain\n|upkeep\n|turn|5\n|\n|t:|1731452660\n|switch|p1b: Sneasler|Sneasler, L50, M, shiny|64\/100\n|move|p2b: Pelipper|Hurricane|p1a: Joe Dog\n|-damage|p1a: Joe Dog|59\/100\n|-start|p1a: Joe Dog|confusion\n|-activate|p1a: Joe Dog|confusion\n|-damage|p1a: Joe Dog|52\/100|[from] confusion\n|\n|-weather|RainDance|[upkeep]\n|-heal|p1b: Sneasler|70\/100|[from] Grassy Terrain\n|-heal|p1a: Joe Dog|58\/100|[from] Grassy Terrain\n|upkeep\n|turn|6\n|\n|t:|1731452678\n|switch|p1a: Rillaboom|Rillaboom, L50, M, tera:Fire|48\/100\n|move|p1b: Sneasler|Fake Out|p2b: Pelipper\n|-damage|p2b: Pelipper|26\/100\n|cant|p2b: Pelipper|flinch\n|\n|-weather|none\n|-heal|p1b: Sneasler|76\/100|[from] Grassy Terrain\n|-heal|p1a: Rillaboom|54\/100|[from] Grassy Terrain\n|upkeep\n|turn|7\n|n| Loataee|vgclthloataee\n|\n|t:|1731452684\n|move|p1b: Sneasler|Dire Claw|p2b: Pelipper\n|-damage|p2b: Pelipper|0 fnt\n|faint|p2b: Pelipper\n|\n|win|VGCLTH John Pork\n|raw|VGCLTH John Pork's rating: 1678 &rarr; <strong>1704<\/strong><br \/>(+26 for winning)\n|raw|Doc_MrMega's rating: 1785 &rarr; <strong>1759<\/strong><br \/>(-26 for losing)\n|l|\u2606Doc_MrMega\n|player|p2|\n|j| UGCL\n|l| UGCL\n|l|\u2606VGCLTH John Pork\n|player|p1|\n|j| UGCL\n|n| VGCLTH Loataee|loataee\n|l| UGCL\n","uploadtime":1731452871,"views":43,"formatid":"gen9vgc2024regh","rating":1704,"private":0,"password":null}