{"id":"gen9vgc2024regh-2242993616","format":"[Gen 9] VGC 2024 Reg H","players":["VGCLTH <1000ELO","Gh0stlyPlanet"],"log":"|raw|<div class=\"broadcast-blue\"><strong>This battle is required to be public due to a player having a name starting with 'vgclth'.<\/div>\n|j|\u2606VGCLTH <1000ELO\n|j|\u2606Gh0stlyPlanet\n|t:|1731499227\n|gametype|doubles\n|player|p1|VGCLTH <1000ELO|102|1680\n|player|p2|Gh0stlyPlanet|101|1737\n|teamsize|p1|6\n|teamsize|p2|6\n|gen|9\n|tier|[Gen 9] VGC 2024 Reg H\n|rated|\n|rule|Species Clause: Limit one of each Pok\u00e9mon\n|rule|Item Clause: Limit 1 of each item\n|clearpoke\n|poke|p1|Dondozo, L50, M|\n|poke|p1|Tatsugiri, L50, F|\n|poke|p1|Dragonite, L50, M|\n|poke|p1|Gholdengo, L50|\n|poke|p1|Glimmora, L50, F|\n|poke|p1|Talonflame, L50, M|\n|poke|p2|Dragonite, L50, M|\n|poke|p2|Ursaluna, L50, M|\n|poke|p2|Incineroar, L50, M|\n|poke|p2|Gholdengo, L50|\n|poke|p2|Pelipper, L50, M|\n|poke|p2|Archaludon, L50, F|\n|teampreview|4\n|inactive|Battle timer is ON: inactive players will automatically lose when time's up. (requested by Gh0stlyPlanet)\n|inactive|VGCLTH <1000ELO also wants the timer to be on.\n|\n|t:|1731499241\n|start\n|switch|p1a: Dragonite|Dragonite, L50, M|100\/100\n|switch|p1b: Glimmora|Glimmora, L50, F|100\/100\n|switch|p2a: Dragonite|Dragonite, L50, M|100\/100\n|switch|p2b: Incineroar|Incineroar, L50, M|100\/100\n|-ability|p2b: Incineroar|Intimidate|boost\n|-unboost|p1a: Dragonite|atk|1\n|-unboost|p1b: Glimmora|atk|1\n|turn|1\n|\n|t:|1731499257\n|switch|p1a: Dondozo|Dondozo, L50, M|100\/100\n|move|p2b: Incineroar|Fake Out|p1b: Glimmora\n|-resisted|p1b: Glimmora\n|-damage|p1b: Glimmora|95\/100\n|-activate|p1b: Glimmora|ability: Toxic Debris\n|-sidestart|p2: Gh0stlyPlanet|move: Toxic Spikes\n|move|p2a: Dragonite|Scale Shot|p1a: Dondozo\n|-damage|p1a: Dondozo|91\/100\n|-damage|p1a: Dondozo|81\/100\n|-damage|p1a: Dondozo|71\/100\n|-hitcount|p1a: Dondozo|3\n|-unboost|p2a: Dragonite|def|1\n|-boost|p2a: Dragonite|spe|1\n|cant|p1b: Glimmora|flinch\n|\n|-heal|p1a: Dondozo|77\/100|[from] item: Leftovers\n|upkeep\n|turn|2\n|\n|t:|1731499271\n|switch|p2b: Gholdengo|Gholdengo, L50|100\/100\n|move|p2a: Dragonite|Protect|p2a: Dragonite\n|-singleturn|p2a: Dragonite|Protect\n|move|p1b: Glimmora|Power Gem|p2a: Dragonite\n|-activate|p2a: Dragonite|move: Protect\n|move|p1a: Dondozo|Order Up|p2a: Dragonite\n|-activate|p2a: Dragonite|move: Protect\n|\n|-heal|p1a: Dondozo|84\/100|[from] item: Leftovers\n|upkeep\n|turn|3\n|\n|t:|1731499281\n|-terastallize|p1b: Glimmora|Grass\n|move|p2a: Dragonite|Tailwind|p2a: Dragonite\n|-sidestart|p2: Gh0stlyPlanet|move: Tailwind\n|move|p2b: Gholdengo|Make It Rain|p1b: Glimmora|[spread] p1a,p1b\n|-resisted|p1a: Dondozo\n|-crit|p1a: Dondozo\n|-damage|p1a: Dondozo|17\/100\n|-damage|p1b: Glimmora|45\/100\n|-unboost|p2b: Gholdengo|spa|1\n|move|p1b: Glimmora|Power Gem|p2a: Dragonite\n|-supereffective|p2a: Dragonite\n|-damage|p2a: Dragonite|67\/100\n|move|p1a: Dondozo|Order Up|p2a: Dragonite\n|-supereffective|p2a: Dragonite\n|-damage|p2a: Dragonite|15\/100\n|\n|-heal|p1a: Dondozo|23\/100|[from] item: Leftovers\n|upkeep\n|turn|4\n|\n|t:|1731499296\n|switch|p1b: Tatsugiri|Tatsugiri, L50, F|100\/100\n|-activate|p1b: Tatsugiri|ability: Commander|[of] p1a: Dondozo\n|-boost|p1a: Dondozo|atk|2\n|-boost|p1a: Dondozo|spa|2\n|-boost|p1a: Dondozo|spe|2\n|-boost|p1a: Dondozo|def|2\n|-boost|p1a: Dondozo|spd|2\n|move|p2a: Dragonite|Extreme Speed|p1a: Dondozo\n|-damage|p1a: Dondozo|13\/100\n|move|p2b: Gholdengo|Make It Rain|p1b: Tatsugiri|[spread] p1a\n|-miss|p2b: Gholdengo|p1b: Tatsugiri\n|-resisted|p1a: Dondozo\n|-damage|p1a: Dondozo|0 fnt\n|-unboost|p2b: Gholdengo|spa|1\n|faint|p1a: Dondozo\n|\n|upkeep\n|\n|t:|1731499298\n|switch|p1a: Dragonite|Dragonite, L50, M|100\/100\n|turn|5\n|\n|t:|1731499320\n|-terastallize|p2b: Gholdengo|Steel\n|move|p1b: Tatsugiri|Protect|p1b: Tatsugiri\n|-singleturn|p1b: Tatsugiri|Protect\n|move|p2a: Dragonite|Extreme Speed|p1a: Dragonite\n|-damage|p1a: Dragonite|87\/100\n|move|p1a: Dragonite|Extreme Speed|p2a: Dragonite\n|-damage|p2a: Dragonite|0 fnt\n|faint|p2a: Dragonite\n|move|p2b: Gholdengo|Make It Rain|p1b: Tatsugiri|[spread] p1a\n|-activate|p1b: Tatsugiri|move: Protect\n|-damage|p1a: Dragonite|38\/100\n|-unboost|p2b: Gholdengo|spa|1\n|\n|upkeep\n|\n|t:|1731499328\n|switch|p2a: Incineroar|Incineroar, L50, M|100\/100\n|-status|p2a: Incineroar|psn\n|-ability|p2a: Incineroar|Intimidate|boost\n|-unboost|p1a: Dragonite|atk|1\n|-unboost|p1b: Tatsugiri|atk|1\n|turn|6\n|\n|t:|1731499348\n|move|p1a: Dragonite|Extreme Speed|p2a: Incineroar\n|-crit|p2a: Incineroar\n|-damage|p2a: Incineroar|36\/100 psn\n|move|p2b: Gholdengo|Make It Rain|p1b: Tatsugiri|[spread] p1a,p1b\n|-resisted|p1b: Tatsugiri\n|-damage|p1a: Dragonite|4\/100\n|-damage|p1b: Tatsugiri|73\/100\n|-unboost|p2b: Gholdengo|spa|1\n|move|p2a: Incineroar|Knock Off|p1b: Tatsugiri\n|-damage|p1b: Tatsugiri|0 fnt\n|-enditem|p1b: Tatsugiri|Focus Sash|[from] move: Knock Off|[of] p2a: Incineroar\n|faint|p1b: Tatsugiri\n|\n|-damage|p2a: Incineroar|24\/100 psn|[from] psn\n|-sideend|p2: Gh0stlyPlanet|move: Tailwind\n|upkeep\n|\n|t:|1731499353\n|switch|p1b: Glimmora|Glimmora, L50, F, tera:Grass|45\/100\n|turn|7\n|\n|t:|1731499359\n|move|p1a: Dragonite|Extreme Speed|p2a: Incineroar\n|-damage|p2a: Incineroar|0 fnt\n|faint|p2a: Incineroar\n|move|p2b: Gholdengo|Make It Rain|p1b: Glimmora|[spread] p1a,p1b\n|-damage|p1a: Dragonite|0 fnt\n|-damage|p1b: Glimmora|22\/100\n|-unboost|p2b: Gholdengo|spa|1\n|faint|p1a: Dragonite\n|move|p1b: Glimmora|Earth Power|p2b: Gholdengo\n|-supereffective|p2b: Gholdengo\n|-damage|p2b: Gholdengo|43\/100\n|\n|upkeep\n|\n|t:|1731499362\n|switch|p2a: Ursaluna|Ursaluna, L50, M|100\/100\n|-status|p2a: Ursaluna|psn\n|turn|8\n|\n|t:|1731499365\n|move|p2b: Gholdengo|Make It Rain|p1b: Glimmora\n|-damage|p1b: Glimmora|0 fnt\n|-unboost|p2b: Gholdengo|spa|1\n|faint|p1b: Glimmora\n|\n|win|Gh0stlyPlanet\n|raw|VGCLTH &lt;1000ELO's rating: 1680 &rarr; <strong>1663<\/strong><br \/>(-17 for losing)\n|raw|Gh0stlyPlanet's rating: 1737 &rarr; <strong>1754<\/strong><br \/>(+17 for winning)\n|l|\u2606VGCLTH <1000ELO\n|player|p1|\n|l|\u2606Gh0stlyPlanet\n|player|p2|\n","uploadtime":1731499366,"views":22,"formatid":"gen9vgc2024regh","rating":1663,"private":0,"password":null}