{"id":"gen9vgc2024regh-2242316018","format":"[Gen 9] VGC 2024 Reg H","players":["VGCLTH Thacrow","orioridance"],"log":"|raw|<div class=\"broadcast-blue\"><strong>This battle is required to be public due to a player having a name starting with 'vgclth'.<\/div>\n|j|\u2606VGCLTH Thacrow\n|j|\u2606orioridance\n|t:|1731413617\n|gametype|doubles\n|player|p1|VGCLTH Thacrow|wallace-masters|1811\n|player|p2|orioridance|101|1722\n|teamsize|p1|6\n|teamsize|p2|6\n|gen|9\n|tier|[Gen 9] VGC 2024 Reg H\n|rated|\n|rule|Species Clause: Limit one of each Pok\u00e9mon\n|rule|Item Clause: Limit 1 of each item\n|clearpoke\n|poke|p1|Ceruledge, L50, M|\n|poke|p1|Gastrodon-East, L50, F|\n|poke|p1|Sneasler, L50, F|\n|poke|p1|Dragonite, L50, M|\n|poke|p1|Rillaboom, L50, F|\n|poke|p1|Kingambit, L50, M|\n|poke|p2|Dondozo, L50, M|\n|poke|p2|Tatsugiri, L50, M|\n|poke|p2|Pelipper, L50, M|\n|poke|p2|Archaludon, L50, F|\n|poke|p2|Politoed, L50, F|\n|poke|p2|Basculegion, L50, M|\n|teampreview|4\nVGCLTH Thacrow has agreed to open team sheets.\n|inactive|Battle timer is ON: inactive players will automatically lose when time's up. (requested by orioridance)\n|l|\u2606VGCLTH Thacrow\n|inactive|VGCLTH Thacrow disconnected and has a minute to reconnect!\n|player|p1|\norioridance rejected open team sheets.\n|j|\u2606VGCLTH Thacrow\n|inactive|VGCLTH Thacrow reconnected and has 85 seconds left.\n|player|p1|VGCLTH Thacrow|wallace-masters|\n|\n|t:|1731413650\n|start\n|switch|p1a: Kidturtle|Sneasler, L50, F, shiny|100\/100\n|switch|p1b: Main Flutter|Dragonite, L50, M, shiny|100\/100\n|switch|p2a: Pelipper|Pelipper, L50, M|100\/100\n|switch|p2b: Dondozo|Dondozo, L50, M|100\/100\n|-weather|RainDance|[from] ability: Drizzle|[of] p2a: Pelipper\n|turn|1\n|\n|t:|1731413658\n|switch|p2a: Tatsugiri|Tatsugiri, L50, M|100\/100\n|-activate|p2a: Tatsugiri|ability: Commander|[of] p2b: Dondozo\n|-boost|p2b: Dondozo|atk|2\n|-boost|p2b: Dondozo|spa|2\n|-boost|p2b: Dondozo|spe|2\n|-boost|p2b: Dondozo|def|2\n|-boost|p2b: Dondozo|spd|2\n|-terastallize|p2b: Dondozo|Ghost\n|move|p1a: Kidturtle|Coaching|p1b: Main Flutter\n|-boost|p1b: Main Flutter|atk|1\n|-boost|p1b: Main Flutter|def|1\n|move|p2b: Dondozo|Surf|p1a: Kidturtle|[spread] p1a,p1b\n|-miss|p2b: Dondozo|p2a: Tatsugiri\n|-resisted|p1b: Main Flutter\n|-enditem|p1a: Kidturtle|Focus Sash\n|-damage|p1a: Kidturtle|1\/100\n|-damage|p1b: Main Flutter|77\/100\n|-damage|p2b: Dondozo|91\/100|[from] item: Life Orb\n|move|p1b: Main Flutter|Scale Shot|p2a: Tatsugiri|[miss]\n|-miss|p1b: Main Flutter|p2a: Tatsugiri\n|\n|-weather|RainDance|[upkeep]\n|upkeep\n|turn|2\n|j| VGCLTH Porter\n|j| Finabas\n|j| zzz1994000\n|\n|t:|1731413678\n|switch|p1a: Joe Dog|Gastrodon-East, L50, F|100\/100\n|move|p1b: Main Flutter|Protect|p1b: Main Flutter\n|-singleturn|p1b: Main Flutter|Protect\n|move|p2b: Dondozo|Surf|p1b: Main Flutter|[spread] \n|-miss|p2b: Dondozo|p2a: Tatsugiri\n|-activate|p1b: Main Flutter|move: Protect\n|-ability|p1a: Joe Dog|Storm Drain|boost\n|-boost|p1a: Joe Dog|spa|1\n|\n|-weather|RainDance|[upkeep]\n|upkeep\n|turn|3\n|\n|t:|1731413693\n|move|p2b: Dondozo|Tera Blast|p1b: Main Flutter|[anim] Tera Blast Ghost\n|-damage|p1b: Main Flutter|5\/100\n|-damage|p2b: Dondozo|81\/100|[from] item: Life Orb\n|move|p1b: Main Flutter|Scale Shot|p2b: Dondozo|[miss]\n|-miss|p1b: Main Flutter|p2b: Dondozo\n|move|p1a: Joe Dog|Clear Smog|p2b: Dondozo\n|-resisted|p2b: Dondozo\n|-damage|p2b: Dondozo|77\/100\n|-clearboost|p2b: Dondozo\n|\n|-weather|RainDance|[upkeep]\n|upkeep\n|turn|4\n|\n|t:|1731413702\n|move|p1b: Main Flutter|Protect|p1b: Main Flutter\n|-singleturn|p1b: Main Flutter|Protect\n|move|p2b: Dondozo|Tera Blast|p1b: Main Flutter|[anim] Tera Blast Ghost\n|-activate|p1b: Main Flutter|move: Protect\n|move|p1a: Joe Dog|Earth Power|p2b: Dondozo\n|-damage|p2b: Dondozo|37\/100\n|-unboost|p2b: Dondozo|spd|1\n|\n|-weather|RainDance|[upkeep]\n|upkeep\n|turn|5\n|\n|t:|1731413710\n|move|p1b: Main Flutter|Scale Shot|p2b: Dondozo\n|-damage|p2b: Dondozo|27\/100\n|-damage|p2b: Dondozo|16\/100\n|-damage|p2b: Dondozo|6\/100\n|-damage|p2b: Dondozo|0 fnt\n|faint|p2b: Dondozo\n|-hitcount|p2: Dondozo|4\n|-unboost|p1b: Main Flutter|def|1\n|-boost|p1b: Main Flutter|spe|1\n|move|p1a: Joe Dog|Earth Power|p2a: Tatsugiri\n|-crit|p2a: Tatsugiri\n|-damage|p2a: Tatsugiri|18\/100\n|\n|-weather|RainDance|[upkeep]\n|upkeep\n|\n|t:|1731413713\n|switch|p2b: Basculegion|Basculegion, L50, M|100\/100\n|turn|6\n|\n|t:|1731413719\n|move|p2a: Tatsugiri|Helping Hand|p2b: Basculegion\n|-singleturn|p2b: Basculegion|Helping Hand|[of] p2a: Tatsugiri\n|move|p1b: Main Flutter|Protect|p1b: Main Flutter\n|-singleturn|p1b: Main Flutter|Protect\n|move|p1a: Joe Dog|Protect|p1a: Joe Dog\n|-singleturn|p1a: Joe Dog|Protect\n|move|p2b: Basculegion|Last Respects|p1a: Joe Dog\n|-activate|p1a: Joe Dog|move: Protect\n|\n|-weather|RainDance|[upkeep]\n|upkeep\n|turn|7\n|\n|t:|1731413733\n|move|p2b: Basculegion|Last Respects|p1b: Main Flutter\n|-crit|p1b: Main Flutter\n|-damage|p1b: Main Flutter|0 fnt\n|faint|p1b: Main Flutter\n|move|p2a: Tatsugiri|Draco Meteor|p1a: Joe Dog\n|-damage|p1a: Joe Dog|56\/100\n|-unboost|p2a: Tatsugiri|spa|2\n|move|p1a: Joe Dog|Earth Power|p2b: Basculegion\n|-damage|p2b: Basculegion|39\/100\n|\n|-weather|RainDance|[upkeep]\n|upkeep\n|\n|t:|1731413738\n|switch|p1b: AdlrichYan|Rillaboom, L50, F|100\/100\n|-fieldstart|move: Grassy Terrain|[from] ability: Grassy Surge|[of] p1b: AdlrichYan\n|turn|8\n|-message|orioridance forfeited.\n|\n|win|VGCLTH Thacrow\n|raw|VGCLTH Thacrow's rating: 1811 &rarr; <strong>1826<\/strong><br \/>(+15 for winning)\n|raw|orioridance's rating: 1722 &rarr; <strong>1707<\/strong><br \/>(-15 for losing)\n|l|\u2606orioridance\n|player|p2|\n|l| zzz1994000\n|c|\u2606VGCLTH Thacrow|Whos settling for #2 now\n|l|\u2606VGCLTH Thacrow\n|player|p1|\n|l| Finabas\n","uploadtime":1731413957,"views":33,"formatid":"gen9vgc2024regh","rating":1707,"private":0,"password":null}