{"id":"gen9vgc2024regh-2242846348","format":"[Gen 9] VGC 2024 Reg H","players":["VGCLTH Sac gaming","Stylishnoob Vstar"],"log":"|raw|<div class=\"broadcast-blue\"><strong>This battle is required to be public due to a player having a name starting with 'vgclth'.<\/div>\n|j|\u2606VGCLTH Sac gaming\n|j|\u2606Stylishnoob Vstar\n|t:|1731472305\n|gametype|doubles\n|player|p1|VGCLTH Sac gaming|steven|1741\n|player|p2|Stylishnoob Vstar|archer|1775\n|teamsize|p1|6\n|teamsize|p2|6\n|gen|9\n|tier|[Gen 9] VGC 2024 Reg H\n|rated|\n|rule|Species Clause: Limit one of each Pok\u00e9mon\n|rule|Item Clause: Limit 1 of each item\n|clearpoke\n|poke|p1|Whimsicott, L50, M|\n|poke|p1|Dragonite, L50, M|\n|poke|p1|Ursaluna-Bloodmoon, L50, M|\n|poke|p1|Gholdengo, L50|\n|poke|p1|Incineroar, L50, M|\n|poke|p1|Annihilape, L50, F|\n|poke|p2|Sableye, L50, F|\n|poke|p2|Ursaluna-Bloodmoon, L50, M|\n|poke|p2|Volcarona, L50, F|\n|poke|p2|Gholdengo, L50|\n|poke|p2|Rillaboom, L50, M|\n|poke|p2|Gyarados, L50, M|\n|teampreview|4\n|j| kyotgst\nVGCLTH Sac gaming rejected open team sheets.\n|inactive|Battle timer is ON: inactive players will automatically lose when time's up. (requested by VGCLTH Sac gaming)\n|\n|t:|1731472349\n|start\n|switch|p1a: Whimsicott|Whimsicott, L50, M|100\/100\n|switch|p1b: Annihilape|Annihilape, L50, F|100\/100\n|switch|p2a: Sableye|Sableye, L50, F|100\/100\n|switch|p2b: Volcarona|Volcarona, L50, F|100\/100\n|turn|1\n|j| bluestraggler03\n|\n|t:|1731472371\n|switch|p2b: Gholdengo|Gholdengo, L50|100\/100\n|move|p2a: Sableye|Light Screen|p2a: Sableye\n|-sidestart|p2: Stylishnoob Vstar|move: Light Screen\n|move|p1a: Whimsicott|Moonblast|p2a: Sableye\n|-supereffective|p2a: Sableye\n|-damage|p2a: Sableye|26\/100\n|move|p1b: Annihilape|Final Gambit|p2b: Gholdengo\n|-immune|p2b: Gholdengo\n|\n|upkeep\n|turn|2\n|\n|t:|1731472383\n|move|p2a: Sableye|Reflect|p2a: Sableye\n|-sidestart|p2: Stylishnoob Vstar|Reflect\n|move|p1a: Whimsicott|Beat Up|p1b: Annihilape\n|-damage|p1b: Annihilape|98\/100\n|-damage|p1b: Annihilape|95\/100\n|-damage|p1b: Annihilape|93\/100\n|-crit|p1b: Annihilape\n|-damage|p1b: Annihilape|90\/100\n|-hitcount|p1b: Annihilape|4\n|move|p1b: Annihilape|Rage Fist|p2b: Gholdengo\n|-supereffective|p2b: Gholdengo\n|-damage|p2b: Gholdengo|0 fnt\n|faint|p2b: Gholdengo\n|\n|upkeep\n|\n|t:|1731472400\n|switch|p2b: Volcarona|Volcarona, L50, F|100\/100\n|turn|3\n|\n|t:|1731472416\n|move|p2a: Sableye|Encore|p1a: Whimsicott\n|-start|p1a: Whimsicott|Encore\n|move|p1a: Whimsicott|Beat Up|p2a: Sableye\n|-damage|p2a: Sableye|25\/100\n|-damage|p2a: Sableye|23\/100\n|-damage|p2a: Sableye|21\/100\n|-damage|p2a: Sableye|19\/100\n|-hitcount|p2a: Sableye|4\n|move|p1b: Annihilape|Final Gambit|p2b: Volcarona\n|-damage|p2b: Volcarona|0 fnt\n|faint|p1b: Annihilape\n|faint|p2b: Volcarona\n|\n|upkeep\n|\n|t:|1731472432\n|switch|p1b: Gholdengo|Gholdengo, L50|100\/100\n|switch|p2b: Ursaluna|Ursaluna-Bloodmoon, L50, M|100\/100\n|turn|4\n|\n|t:|1731472442\n|move|p2a: Sableye|Thunder Wave|p1a: Whimsicott\n|-status|p1a: Whimsicott|par\n|move|p1b: Gholdengo|Make It Rain|p2a: Sableye|[spread] p2a,p2b\n|-damage|p2a: Sableye|0 fnt\n|-damage|p2b: Ursaluna|47\/100\n|-unboost|p1b: Gholdengo|spa|1\n|faint|p2a: Sableye\n|move|p1a: Whimsicott|Beat Up|p2b: Ursaluna\n|-damage|p2b: Ursaluna|46\/100\n|-damage|p2b: Ursaluna|45\/100\n|-damage|p2b: Ursaluna|44\/100\n|-hitcount|p2b: Ursaluna|3\n|move|p2b: Ursaluna|Earth Power|p1b: Gholdengo\n|-supereffective|p1b: Gholdengo\n|-damage|p1b: Gholdengo|0 fnt\n|faint|p1b: Gholdengo\n|\n|upkeep\n|\n|t:|1731472450\n|switch|p1b: Ursaluna|Ursaluna-Bloodmoon, L50, M|100\/100\n|turn|5\n|\n|t:|1731472456\n|-terastallize|p2b: Ursaluna|Normal\n|move|p1a: Whimsicott|Beat Up|p2b: Ursaluna\n|-damage|p2b: Ursaluna|43\/100\n|-damage|p2b: Ursaluna|42\/100\n|-hitcount|p2b: Ursaluna|2\n|move|p1b: Ursaluna|Blood Moon|p2b: Ursaluna\n|-damage|p2b: Ursaluna|0 fnt\n|faint|p2b: Ursaluna\n|\n|win|VGCLTH Sac gaming\n|raw|VGCLTH Sac gaming's rating: 1741 &rarr; <strong>1763<\/strong><br \/>(+22 for winning)\n|raw|Stylishnoob Vstar's rating: 1775 &rarr; <strong>1753<\/strong><br \/>(-22 for losing)\n|l|\u2606Stylishnoob Vstar\n|player|p2|\n|c|\u2606VGCLTH Sac gaming|gg\n|l|\u2606VGCLTH Sac gaming\n|player|p1|\n|l| kyotgst\n","uploadtime":1731472460,"views":52,"formatid":"gen9vgc2024regh","rating":1753,"private":0,"password":null}