{"id":"gen9vgc2024regh-2242284781","format":"[Gen 9] VGC 2024 Reg H","players":["carrotbeafsteak","HoshimiHoshina"],"log":"|j|\u2606carrotbeafsteak\n|j|\u2606HoshimiHoshina\n|t:|1731408569\n|gametype|doubles\n|player|p1|carrotbeafsteak|170|1689\n|player|p2|HoshimiHoshina|rosa|1726\n|teamsize|p1|6\n|teamsize|p2|6\n|gen|9\n|tier|[Gen 9] VGC 2024 Reg H\n|rated|\n|rule|Species Clause: Limit one of each Pok\u00e9mon\n|rule|Item Clause: Limit 1 of each item\n|clearpoke\n|poke|p1|Grimmsnarl, L50, M|\n|poke|p1|Drowzee, L50, M|\n|poke|p1|Flamigo, L50, F|\n|poke|p1|Bronzong, L50|\n|poke|p1|Tsareena, L50, F|\n|poke|p1|Ursaluna, L50, M|\n|poke|p2|Slaking, L50, M|\n|poke|p2|Weezing-Galar, L50, F|\n|poke|p2|Gholdengo, L50|\n|poke|p2|Garchomp, L50, F|\n|poke|p2|Palafin, L50, M|\n|poke|p2|Infernape, L50, M|\n|teampreview|4\n|inactive|Battle timer is ON: inactive players will automatically lose when time's up. (requested by HoshimiHoshina)\n|inactive|carrotbeafsteak has 60 seconds left.\n|inactive|HoshimiHoshina has 60 seconds left.\n|\n|t:|1731408610\n|start\n|switch|p1a: Grimmsnarl|Grimmsnarl, L50, M|100\/100\n|switch|p1b: Drowzee|Drowzee, L50, M|100\/100\n|switch|p2a: Palafin|Palafin, L50, M|100\/100\n|switch|p2b: \u591a\u52a0\u73ed\u624d\u80fd\u6dd8\u91d1\u6f6e|Gholdengo, L50|100\/100\n|turn|1\n|\n|t:|1731408621\n|detailschange|p2a: Palafin|Palafin-Hero, L50, M\n|switch|p2a: \u4e0d\u8bb8\u8bf7\u5047|Weezing-Galar, L50, F|100\/100\n|-ability|p2a: \u4e0d\u8bb8\u8bf7\u5047|Neutralizing Gas\n|move|p1a: Grimmsnarl|Sucker Punch|p2b: \u591a\u52a0\u73ed\u624d\u80fd\u6dd8\u91d1\u6f6e\n|-supereffective|p2b: \u591a\u52a0\u73ed\u624d\u80fd\u6dd8\u91d1\u6f6e\n|-damage|p2b: \u591a\u52a0\u73ed\u624d\u80fd\u6dd8\u91d1\u6f6e|0 fnt\n|faint|p2b: \u591a\u52a0\u73ed\u624d\u80fd\u6dd8\u91d1\u6f6e\n|move|p1b: Drowzee|Trick Room|p1b: Drowzee\n|-fieldstart|move: Trick Room|[of] p1b: Drowzee\n|\n|upkeep\n|\n|t:|1731408632\n|switch|p2b: Palafin|Palafin-Hero, L50, M|100\/100\n|-activate|p2b: Palafin|ability: Zero to Hero\n|turn|2\n|\n|t:|1731408643\n|switch|p1a: Bronzong|Bronzong, L50|100\/100\n|switch|p2b: Infernape|Infernape, L50, M|100\/100\n|move|p1b: Drowzee|Power Split|p2b: Infernape\n|-activate|p1b: Drowzee|move: Power Split|[of] p2b: Infernape\n|move|p2a: \u4e0d\u8bb8\u8bf7\u5047|Dazzling Gleam|p1a: Bronzong|[spread] p1a,p1b\n|-resisted|p1a: Bronzong\n|-damage|p1a: Bronzong|88\/100\n|-damage|p1b: Drowzee|84\/100\n|\n|upkeep\n|turn|3\n|inactive|HoshimiHoshina has 30 seconds left.\n|\n|t:|1731408671\n|switch|p1b: Grimmsnarl|Grimmsnarl, L50, M|100\/100\n|move|p2b: Infernape|Protect|p2b: Infernape\n|-singleturn|p2b: Infernape|Protect\n|move|p1a: Bronzong|Psychic Noise|p2a: \u4e0d\u8bb8\u8bf7\u5047\n|-supereffective|p2a: \u4e0d\u8bb8\u8bf7\u5047\n|-damage|p2a: \u4e0d\u8bb8\u8bf7\u5047|6\/100\n|-start|p2a: \u4e0d\u8bb8\u8bf7\u5047|move: Heal Block\n|-damage|p1a: Bronzong|78\/100|[from] item: Life Orb\n|move|p2a: \u4e0d\u8bb8\u8bf7\u5047|Dazzling Gleam|p1b: Grimmsnarl|[spread] p1a,p1b\n|-resisted|p1a: Bronzong\n|-supereffective|p1b: Grimmsnarl\n|-damage|p1a: Bronzong|67\/100\n|-damage|p1b: Grimmsnarl|36\/100\n|\n|upkeep\n|turn|4\n|inactive|carrotbeafsteak has 30 seconds left.\n|\n|t:|1731408706\n|move|p1b: Grimmsnarl|Fake Out|p2a: \u4e0d\u8bb8\u8bf7\u5047\n|-damage|p2a: \u4e0d\u8bb8\u8bf7\u5047|0 fnt\n|faint|p2a: \u4e0d\u8bb8\u8bf7\u5047\n|-end|p2a: \u4e0d\u8bb8\u8bf7\u5047|ability: Neutralizing Gas\n|move|p1a: Bronzong|Psychic Noise|p2b: Infernape\n|-supereffective|p2b: Infernape\n|-damage|p2b: Infernape|6\/100\n|-start|p2b: Infernape|move: Heal Block\n|-damage|p1a: Bronzong|57\/100|[from] item: Life Orb\n|move|p2b: Infernape|Heat Wave|p1a: Bronzong|[spread] p1a,p1b\n|-supereffective|p1a: Bronzong\n|-damage|p1a: Bronzong|0 fnt\n|-damage|p1b: Grimmsnarl|0 fnt\n|faint|p1a: Bronzong\n|faint|p1b: Grimmsnarl\n|\n|upkeep\n|j| Te Sang-hyeok\n|\n|t:|1731408722\n|switch|p1a: Flamigo|Flamigo, L50, F|100\/100\n|switch|p1b: Drowzee|Drowzee, L50, M|84\/100\n|switch|p2a: Palafin|Palafin-Hero, L50, M|100\/100\n|turn|5\n|\n|t:|1731408739\n|-terastallize|p2a: Palafin|Water\n|move|p2b: Infernape|Protect|p2b: Infernape\n|-singleturn|p2b: Infernape|Protect\n|move|p2a: Palafin|Jet Punch|p1a: Flamigo\n|-enditem|p1a: Flamigo|Focus Sash\n|-damage|p1a: Flamigo|1\/100\n|move|p1b: Drowzee|Power Split|p2a: Palafin\n|-activate|p1b: Drowzee|move: Power Split|[of] p2a: Palafin\n|move|p1a: Flamigo|Close Combat|p2a: Palafin\n|-damage|p2a: Palafin|41\/100\n|-unboost|p1a: Flamigo|def|1\n|-unboost|p1a: Flamigo|spd|1\n|\n|-end|p2b: Infernape|move: Heal Block\n|-fieldend|move: Trick Room\n|upkeep\n|turn|6\n|\n|t:|1731408761\n|move|p1a: Flamigo|Feint|p2b: Infernape\n|-damage|p2b: Infernape|0 fnt\n|faint|p2b: Infernape\n|move|p2a: Palafin|Jet Punch|p1a: Flamigo\n|-damage|p1a: Flamigo|0 fnt\n|faint|p1a: Flamigo\n|move|p1b: Drowzee|Night Shade|p2a: Palafin\n|-damage|p2a: Palafin|12\/100\n|\n|upkeep\n|turn|7\n|\n|t:|1731408773\n|move|p2a: Palafin|Jet Punch|p1b: Drowzee\n|-damage|p1b: Drowzee|39\/100\n|move|p1b: Drowzee|Night Shade|p2a: Palafin\n|-damage|p2a: Palafin|0 fnt\n|faint|p2a: Palafin\n|\n|win|carrotbeafsteak\n|raw|carrotbeafsteak's rating: 1689 &rarr; <strong>1711<\/strong><br \/>(+22 for winning)\n|raw|HoshimiHoshina's rating: 1726 &rarr; <strong>1704<\/strong><br \/>(-22 for losing)\n|l| Te Sang-hyeok\n|c|\u2606carrotbeafsteak|gg\n|c|\u2606HoshimiHoshina|gg\n|l|\u2606carrotbeafsteak\n|player|p1|\n|l|\u2606HoshimiHoshina\n|player|p2|\n","uploadtime":1731408779,"views":61,"formatid":"gen9vgc2024regh","rating":1704,"private":0,"password":null}