{"id":"gen9vgc2024regh-2242911126","format":"[Gen 9] VGC 2024 Reg H","players":["Paperopazzo","ray4gej"],"log":"|j|\u2606Paperopazzo\n|j|\u2606ray4gej\n|t:|1731484764\n|gametype|doubles\n|player|p1|Paperopazzo|2|1689\n|player|p2|ray4gej|169|1711\n|teamsize|p1|6\n|teamsize|p2|6\n|gen|9\n|tier|[Gen 9] VGC 2024 Reg H\n|rated|\n|rule|Species Clause: Limit one of each Pok\u00e9mon\n|rule|Item Clause: Limit 1 of each item\n|clearpoke\n|poke|p1|Gliscor, L50, M|\n|poke|p1|Dragapult, L50, M|\n|poke|p1|Sneasler, L50, M|\n|poke|p1|Indeedee, L50, M|\n|poke|p1|Delphox, L50, M|\n|poke|p1|Ninetales-Alola, L50, M|\n|poke|p2|Dondozo, L50, F|\n|poke|p2|Tatsugiri, L50, M|\n|poke|p2|Sneasler, L50, M|\n|poke|p2|Flamigo, L50, M|\n|poke|p2|Amoonguss, L50, M|\n|poke|p2|Gholdengo, L50|\n|teampreview|4\n|j| Unf_nny\n|\n|t:|1731484817\n|start\n|switch|p1a: Indeedee|Indeedee, L50, M|100\/100\n|switch|p1b: Delphox|Delphox, L50, M|100\/100\n|switch|p2a: Gholdengo|Gholdengo, L50|100\/100\n|switch|p2b: Sneasler|Sneasler, L50, M|100\/100\n|-fieldstart|move: Psychic Terrain|[from] ability: Psychic Surge|[of] p1a: Indeedee\n|turn|1\n|\n|t:|1731484834\n|-terastallize|p1b: Delphox|Fighting\n|move|p2a: Gholdengo|Protect|p2a: Gholdengo\n|-singleturn|p2a: Gholdengo|Protect\n|move|p1a: Indeedee|Expanding Force|p2b: Sneasler|[spread] p2b\n|-activate|p2a: Gholdengo|move: Protect\n|-supereffective|p2b: Sneasler\n|-damage|p2b: Sneasler|0 fnt\n|faint|p2b: Sneasler\n|move|p1b: Delphox|Heat Wave|p2a: Gholdengo\n|-activate|p2a: Gholdengo|move: Protect\n|\n|upkeep\n|\n|t:|1731484847\n|switch|p2b: Tatsugiri|Tatsugiri, L50, M|100\/100\n|turn|2\n|\n|t:|1731484857\n|-terastallize|p2a: Gholdengo|Steel\n|move|p2b: Tatsugiri|Icy Wind|p1b: Delphox|[spread] p1a,p1b\n|-damage|p1a: Indeedee|81\/100\n|-damage|p1b: Delphox|85\/100\n|-unboost|p1a: Indeedee|spe|1\n|-unboost|p1b: Delphox|spe|1\n|move|p2a: Gholdengo|Make It Rain|p1b: Delphox|[spread] p1a,p1b\n|-damage|p1a: Indeedee|0 fnt\n|-damage|p1b: Delphox|12\/100\n|-unboost|p2a: Gholdengo|spa|1\n|faint|p1a: Indeedee\n|move|p1b: Delphox|Heat Wave|p2b: Tatsugiri|[spread] p2a,p2b\n|-supereffective|p2a: Gholdengo\n|-resisted|p2b: Tatsugiri\n|-damage|p2a: Gholdengo|0 fnt\n|-damage|p2b: Tatsugiri|80\/100\n|faint|p2a: Gholdengo\n|-damage|p1b: Delphox|2\/100|[from] item: Life Orb\n|\n|upkeep\n|\n|t:|1731484875\n|switch|p2a: Dondozo|Dondozo, L50, F, shiny|100\/100\n|switch|p1a: Dragapult|Dragapult, L50, M|100\/100\n|-activate|p2b: Tatsugiri|ability: Commander|[of] p2a: Dondozo\n|-boost|p2a: Dondozo|atk|2\n|-boost|p2a: Dondozo|spa|2\n|-boost|p2a: Dondozo|spe|2\n|-boost|p2a: Dondozo|def|2\n|-boost|p2a: Dondozo|spd|2\n|turn|3\n|\n|t:|1731484893\n|move|p1b: Delphox|Protect|p1b: Delphox\n|-singleturn|p1b: Delphox|Protect\n|move|p1a: Dragapult|Phantom Force||[still]\n|-prepare|p1a: Dragapult|Phantom Force\n|move|p2a: Dondozo|Order Up|p1a: Dragapult|[miss]\n|-miss|p2a: Dondozo|p1a: Dragapult\n|\n|upkeep\n|turn|4\n|\n|t:|1731484905\n|move|p1a: Dragapult|Phantom Force|p2a: Dondozo|[from]lockedmove\n|-damage|p2a: Dondozo|78\/100\n|move|p2a: Dondozo|Order Up|p1a: Dragapult\n|-supereffective|p1a: Dragapult\n|-damage|p1a: Dragapult|0 fnt\n|faint|p1a: Dragapult\n|-boost|p2a: Dondozo|atk|1\n|move|p1b: Delphox|Expanding Force|p2a: Dondozo|[spread] p2a\n|-miss|p1b: Delphox|p2b: Tatsugiri\n|-damage|p2a: Dondozo|42\/100\n|-damage|p1b: Delphox|0 fnt|[from] item: Life Orb\n|faint|p1b: Delphox\n|\n|upkeep\n|l| Unf_nny\n|\n|t:|1731484919\n|switch|p1b: Sneasler|Sneasler, L50, M|100\/100\n|-enditem|p1b: Sneasler|Psychic Seed\n|-boost|p1b: Sneasler|spd|1|[from] item: Psychic Seed\n|turn|5\n|inactive|Battle timer is ON: inactive players will automatically lose when time's up. (requested by ray4gej)\n|\n|t:|1731484946\n|move|p1b: Sneasler|Protect|p1b: Sneasler\n|-singleturn|p1b: Sneasler|Protect\n|move|p2a: Dondozo|Wave Crash|p1b: Sneasler\n|-activate|p1b: Sneasler|move: Protect\n|\n|-fieldend|move: Psychic Terrain\n|upkeep\n|turn|6\n|\n|t:|1731484958\n|move|p1b: Sneasler|Dire Claw|p2a: Dondozo\n|-damage|p2a: Dondozo|27\/100\n|move|p2a: Dondozo|Wave Crash|p1b: Sneasler\n|-damage|p1b: Sneasler|0 fnt\n|faint|p1b: Sneasler\n|-damage|p2a: Dondozo|6\/100|[from] Recoil\n|\n|win|ray4gej\n|raw|Paperopazzo's rating: 1689 &rarr; <strong>1670<\/strong><br \/>(-19 for losing)\n|raw|ray4gej's rating: 1711 &rarr; <strong>1730<\/strong><br \/>(+19 for winning)\n|c|\u2606Paperopazzo|gg\n|c|\u2606ray4gej|Gg\n|l|\u2606Paperopazzo\n|player|p1|\n|j|\u2606Paperopazzo\n|player|p1|Paperopazzo|2|\n","uploadtime":1731485103,"views":17,"formatid":"gen9vgc2024regh","rating":1670,"private":0,"password":null}