{"id":"gen9vgc2024regh-2242418496","format":"[Gen 9] VGC 2024 Reg H","players":["yclin","vgclth souly"],"log":"|raw|<div class=\"broadcast-blue\"><strong>This battle is required to be public due to a player having a name starting with 'vgclth'.<\/div>\n|j|\u2606yclin\n|j|\u2606vgclth souly\n|t:|1731425479\n|gametype|doubles\n|player|p1|yclin|1|1689\n|player|p2|vgclth souly|#smogonxnpa2024draftee|1734\n|teamsize|p1|6\n|teamsize|p2|6\n|gen|9\n|tier|[Gen 9] VGC 2024 Reg H\n|rated|\n|rule|Species Clause: Limit one of each Pok\u00e9mon\n|rule|Item Clause: Limit 1 of each item\n|clearpoke\n|poke|p1|Indeedee-F, L50, F|\n|poke|p1|Gallade, L50, M|\n|poke|p1|Torkoal, L50, F|\n|poke|p1|Hatterene, L50, F|\n|poke|p1|Armarouge, L50, M|\n|poke|p1|Ursaluna-Bloodmoon, L50, M|\n|poke|p2|Archaludon, L50, F|\n|poke|p2|Pelipper, L50, F|\n|poke|p2|Electabuzz, L50, F|\n|poke|p2|Kingambit, L50, F|\n|poke|p2|Rillaboom, L50, F|\n|poke|p2|Basculegion, L50, M|\n|teampreview|4\n|inactive|Battle timer is ON: inactive players will automatically lose when time's up. (requested by vgclth souly)\n|\n|t:|1731425506\n|start\n|switch|p1a: Gallade|Gallade, L50, M, shiny|100\/100\n|switch|p1b: Ursaluna|Ursaluna-Bloodmoon, L50, M|100\/100\n|switch|p2a: Kingambit|Kingambit, L50, F|100\/100\n|switch|p2b: Electabuzz|Electabuzz, L50, F|100\/100\n|turn|1\n|inactive|vgclth souly has 30 seconds left.\n|\n|t:|1731425538\n|-terastallize|p2a: Kingambit|Dark\n|move|p2b: Electabuzz|Helping Hand|p2a: Kingambit\n|-singleturn|p2a: Kingambit|Helping Hand|[of] p2b: Electabuzz\n|move|p2a: Kingambit|Sucker Punch||[still]\n|-fail|p2a: Kingambit\n|move|p1b: Ursaluna|Earth Power|p2a: Kingambit\n|-damage|p2a: Kingambit|45\/100\n|-unboost|p2a: Kingambit|spd|1\n|-ability|p2a: Kingambit|Defiant|boost\n|-boost|p2a: Kingambit|atk|2\n|move|p1a: Gallade|Trick Room|p1a: Gallade\n|-fieldstart|move: Trick Room|[of] p1a: Gallade\n|\n|upkeep\n|turn|2\n|\n|t:|1731425566\n|switch|p1a: Indeedee|Indeedee-F, L50, F|100\/100\n|-fieldstart|move: Psychic Terrain|[from] ability: Psychic Surge|[of] p1a: Indeedee\n|move|p2b: Electabuzz|Protect|p2b: Electabuzz\n|-singleturn|p2b: Electabuzz|Protect\n|move|p1b: Ursaluna|Hyper Voice|p2a: Kingambit|[spread] p2a\n|-activate|p2b: Electabuzz|move: Protect\n|-damage|p2a: Kingambit|0 fnt\n|faint|p2a: Kingambit\n|\n|upkeep\n|\n|t:|1731425570\n|switch|p2a: Rillaboom|Rillaboom, L50, F|100\/100\n|-fieldstart|move: Grassy Terrain|[from] ability: Grassy Surge|[of] p2a: Rillaboom\n|turn|3\n|\n|t:|1731425582\n|switch|p1a: Gallade|Gallade, L50, M, shiny|100\/100\n|move|p2b: Electabuzz|Follow Me|p2b: Electabuzz\n|-singleturn|p2b: Electabuzz|move: Follow Me\n|move|p1b: Ursaluna|Blood Moon|p2b: Electabuzz\n|-damage|p2b: Electabuzz|38\/100\n|move|p2a: Rillaboom|Wood Hammer|p1b: Ursaluna\n|-supereffective|p1b: Ursaluna\n|-damage|p1b: Ursaluna|0 fnt\n|faint|p1b: Ursaluna\n|-damage|p2a: Rillaboom|64\/100|[from] Recoil\n|\n|-heal|p2a: Rillaboom|70\/100|[from] Grassy Terrain\n|-heal|p2b: Electabuzz|44\/100|[from] Grassy Terrain\n|upkeep\n|\n|t:|1731425591\n|switch|p1b: Indeedee|Indeedee-F, L50, F|100\/100\n|-fieldstart|move: Psychic Terrain|[from] ability: Psychic Surge|[of] p1b: Indeedee\n|turn|4\n|j| VGCLTH Thacrow\n|inactive|vgclth souly has 30 seconds left.\n|\n|t:|1731425619\n|switch|p1b: Torkoal|Torkoal, L50, F, shiny|100\/100\n|-weather|SunnyDay|[from] ability: Drought|[of] p1b: Torkoal\n|switch|p2a: Pelipper|Pelipper, L50, F|100\/100\n|-weather|RainDance|[from] ability: Drizzle|[of] p2a: Pelipper\n|move|p2b: Electabuzz|Follow Me|p2b: Electabuzz\n|-singleturn|p2b: Electabuzz|move: Follow Me\n|move|p1a: Gallade|Sacred Sword|p2b: Electabuzz\n|-damage|p2b: Electabuzz|0 fnt\n|faint|p2b: Electabuzz\n|\n|-weather|RainDance|[upkeep]\n|upkeep\n|\n|t:|1731425623\n|switch|p2b: Rillaboom|Rillaboom, L50, F|70\/100\n|-fieldstart|move: Grassy Terrain|[from] ability: Grassy Surge|[of] p2b: Rillaboom\n|turn|5\n|j| KOPLUS\n|\n|t:|1731425638\n|switch|p1b: Indeedee|Indeedee-F, L50, F|100\/100\n|-fieldstart|move: Psychic Terrain|[from] ability: Psychic Surge|[of] p1b: Indeedee\n|move|p1a: Gallade|Sacred Sword|p2b: Rillaboom\n|-damage|p2b: Rillaboom|2\/100\n|move|p2a: Pelipper|Weather Ball|p1b: Indeedee\n|-damage|p1b: Indeedee|28\/100\n|move|p2b: Rillaboom|Wood Hammer|p1a: Gallade\n|-damage|p1a: Gallade|16\/100\n|-damage|p2b: Rillaboom|0 fnt|[from] Recoil\n|faint|p2b: Rillaboom\n|\n|-weather|RainDance|[upkeep]\n|-fieldend|move: Trick Room\n|upkeep\n|turn|6\n|-message|vgclth souly forfeited.\n|\n|win|yclin\n|raw|yclin's rating: 1689 &rarr; <strong>1712<\/strong><br \/>(+23 for winning)\n|raw|vgclth souly's rating: 1734 &rarr; <strong>1711<\/strong><br \/>(-23 for losing)\n|l|\u2606vgclth souly\n|player|p2|\n|l|\u2606yclin\n|player|p1|\n|l| VGCLTH Thacrow\n|j| VGCLTH Thacrow\n|l| VGCLTH Thacrow\n","uploadtime":1731425816,"views":32,"formatid":"gen9vgc2024regh","rating":1711,"private":0,"password":null}