{"id":"gen9vgc2024regh-2242899267","format":"[Gen 9] VGC 2024 Reg H","players":["sdhywgfsgg","VGCLTH Slow"],"log":"|raw|<div class=\"broadcast-blue\"><strong>This battle is required to be public due to a player having a name starting with 'vgclth'.<\/div>\n|j|\u2606sdhywgfsgg\n|j|\u2606VGCLTH Slow\n|t:|1731482337\n|gametype|doubles\n|player|p1|sdhywgfsgg|2|1732\n|player|p2|VGCLTH Slow|skier|1706\n|teamsize|p1|6\n|teamsize|p2|6\n|gen|9\n|tier|[Gen 9] VGC 2024 Reg H\n|rated|\n|rule|Species Clause: Limit one of each Pok\u00e9mon\n|rule|Item Clause: Limit 1 of each item\n|clearpoke\n|poke|p1|Incineroar, L50, F|\n|poke|p1|Gothitelle, L50, F|\n|poke|p1|Gengar, L50, M|\n|poke|p1|Garchomp, L50, M|\n|poke|p1|Ninetales-Alola, L50, F|\n|poke|p1|Garganacl, L50, F|\n|poke|p2|Sableye, L50, F|\n|poke|p2|Sylveon, L50, F|\n|poke|p2|Archaludon, L50, F|\n|poke|p2|Volcarona, L50, F|\n|poke|p2|Rillaboom, L50, F|\n|poke|p2|Tauros-Paldea-Aqua, L50, M|\n|teampreview|4\n|inactive|Battle timer is ON: inactive players will automatically lose when time's up. (requested by sdhywgfsgg)\n|\n|t:|1731482365\n|start\n|switch|p1a: Incineroar|Incineroar, L50, F|100\/100\n|switch|p1b: Garganacl|Garganacl, L50, F|100\/100\n|switch|p2a: Snowblind|Sableye, L50, F|100\/100\n|switch|p2b: Shamonerona|Volcarona, L50, F, shiny|100\/100\n|-ability|p1a: Incineroar|Intimidate|boost\n|-unboost|p2a: Snowblind|atk|1\n|-unboost|p2b: Shamonerona|atk|1\n|turn|1\n|\n|t:|1731482375\n|switch|p2a: Bullshifu|Tauros-Paldea-Aqua, L50, M, shiny|100\/100\n|-ability|p2a: Bullshifu|Intimidate|boost\n|-unboost|p1a: Incineroar|atk|1\n|-unboost|p1b: Garganacl|atk|1\n|-terastallize|p2b: Shamonerona|Grass\n|move|p2b: Shamonerona|Quiver Dance|p2b: Shamonerona\n|-boost|p2b: Shamonerona|spa|1\n|-boost|p2b: Shamonerona|spd|1\n|-boost|p2b: Shamonerona|spe|1\n|move|p1a: Incineroar|Parting Shot|p2b: Shamonerona\n|-unboost|p2b: Shamonerona|atk|1\n|-unboost|p2b: Shamonerona|spa|1\n|\n|t:|1731482388\n|switch|p1a: Ninetales|Ninetales-Alola, L50, F|100\/100|[from] Parting Shot\n|-weather|Snow|[from] ability: Snow Warning|[of] p1a: Ninetales\n|move|p1b: Garganacl|Salt Cure|p2b: Shamonerona\n|-damage|p2b: Shamonerona|88\/100\n|\n|-weather|Snow|[upkeep]\n|upkeep\n|turn|2\n|\n|t:|1731482406\n|switch|p2a: Snowblind|Sableye, L50, F|100\/100\n|-terastallize|p1b: Garganacl|Flying\n|move|p2b: Shamonerona|Protect|p2b: Shamonerona\n|-singleturn|p2b: Shamonerona|Protect\n|move|p1a: Ninetales|Blizzard|p2a: Snowblind|[spread] p2a\n|-activate|p2b: Shamonerona|move: Protect\n|-damage|p2a: Snowblind|56\/100\n|move|p1b: Garganacl|Salt Cure|p2a: Snowblind\n|-damage|p2a: Snowblind|45\/100\n|-start|p2a: Snowblind|Salt Cure\n|-enditem|p2a: Snowblind|Sitrus Berry|[eat]\n|-heal|p2a: Snowblind|70\/100|[from] item: Sitrus Berry\n|\n|-weather|Snow|[upkeep]\n|-damage|p2a: Snowblind|58\/100|[from] Salt Cure\n|upkeep\n|turn|3\n|inactive|sdhywgfsgg has 30 seconds left.\n|\n|t:|1731482436\n|switch|p1a: Incineroar|Incineroar, L50, F|100\/100\n|-ability|p1a: Incineroar|Intimidate|boost\n|-unboost|p2a: Snowblind|atk|1\n|-unboost|p2b: Shamonerona|atk|1\n|move|p2a: Snowblind|Disable|p1a: Incineroar\n|-hint|Since gen 7, Dark is immune to Prankster moves.\n|-immune|p1a: Incineroar\n|move|p2b: Shamonerona|Heat Wave|p1a: Incineroar|[spread] p1a,p1b\n|-resisted|p1a: Incineroar\n|-damage|p1a: Incineroar|86\/100\n|-damage|p1b: Garganacl|76\/100\n|move|p1b: Garganacl|Salt Cure|p2a: Snowblind\n|-damage|p2a: Snowblind|45\/100\n|\n|-weather|Snow|[upkeep]\n|-heal|p1b: Garganacl|81\/100|[from] item: Leftovers\n|-damage|p2a: Snowblind|33\/100|[from] Salt Cure\n|upkeep\n|turn|4\n|\n|t:|1731482452\n|switch|p2a: Bullshifu|Tauros-Paldea-Aqua, L50, M, shiny|100\/100\n|-ability|p2a: Bullshifu|Intimidate|boost\n|-unboost|p1a: Incineroar|atk|1\n|-unboost|p1b: Garganacl|atk|1\n|move|p2b: Shamonerona|Protect|p2b: Shamonerona\n|-singleturn|p2b: Shamonerona|Protect\n|move|p1a: Incineroar|Knock Off|p2b: Shamonerona\n|-activate|p2b: Shamonerona|move: Protect\n|move|p1b: Garganacl|Salt Cure|p2b: Shamonerona\n|-activate|p2b: Shamonerona|move: Protect\n|\n|-weather|Snow|[upkeep]\n|-heal|p1b: Garganacl|87\/100|[from] item: Leftovers\n|upkeep\n|turn|5\n|\n|t:|1731482464\n|move|p1a: Incineroar|Protect|p1a: Incineroar\n|-singleturn|p1a: Incineroar|Protect\n|move|p2b: Shamonerona|Heat Wave|p1b: Garganacl|[spread] p1b\n|-activate|p1a: Incineroar|move: Protect\n|-damage|p1b: Garganacl|64\/100\n|move|p2a: Bullshifu|Wave Crash|p1a: Incineroar\n|-activate|p1a: Incineroar|move: Protect\n|move|p1b: Garganacl|Salt Cure|p2a: Bullshifu\n|-resisted|p2a: Bullshifu\n|-damage|p2a: Bullshifu|97\/100\n|-start|p2a: Bullshifu|Salt Cure\n|\n|-weather|none\n|-heal|p1b: Garganacl|70\/100|[from] item: Leftovers\n|-damage|p2a: Bullshifu|72\/100|[from] Salt Cure\n|upkeep\n|turn|6\n|\n|t:|1731482476\n|move|p1b: Garganacl|Protect|p1b: Garganacl\n|-singleturn|p1b: Garganacl|Protect\n|move|p2b: Shamonerona|Heat Wave|p1b: Garganacl|[spread] p1a\n|-activate|p1b: Garganacl|move: Protect\n|-resisted|p1a: Incineroar\n|-damage|p1a: Incineroar|71\/100\n|move|p2a: Bullshifu|Wave Crash|p1a: Incineroar\n|-supereffective|p1a: Incineroar\n|-damage|p1a: Incineroar|0 fnt\n|faint|p1a: Incineroar\n|-damage|p2a: Bullshifu|41\/100|[from] Recoil\n|\n|-heal|p1b: Garganacl|76\/100|[from] item: Leftovers\n|-damage|p2a: Bullshifu|16\/100|[from] Salt Cure\n|upkeep\n|\n|t:|1731482491\n|switch|p1a: Ninetales|Ninetales-Alola, L50, F|100\/100\n|-weather|Snow|[from] ability: Snow Warning|[of] p1a: Ninetales\n|turn|7\n|\n|t:|1731482499\n|move|p1b: Garganacl|Wide Guard|p1b: Garganacl\n|-singleturn|p1b: Garganacl|Wide Guard\n|move|p2a: Bullshifu|Aqua Jet|p1a: Ninetales\n|-damage|p1a: Ninetales|82\/100\n|move|p2b: Shamonerona|Heat Wave|p1b: Garganacl|[spread] \n|-activate|p1a: Ninetales|move: Wide Guard\n|-activate|p1b: Garganacl|move: Wide Guard\n|move|p1a: Ninetales|Blizzard|p2b: Shamonerona|[spread] p2a,p2b\n|-resisted|p2a: Bullshifu\n|-supereffective|p2b: Shamonerona\n|-damage|p2a: Bullshifu|0 fnt\n|-damage|p2b: Shamonerona|52\/100\n|faint|p2a: Bullshifu\n|\n|-weather|Snow|[upkeep]\n|-heal|p1b: Garganacl|81\/100|[from] item: Leftovers\n|upkeep\n|\n|t:|1731482506\n|switch|p2a: Koko The Gorythmic|Rillaboom, L50, F|100\/100\n|-fieldstart|move: Grassy Terrain|[from] ability: Grassy Surge|[of] p2a: Koko The Gorythmic\n|turn|8\n|\n|t:|1731482520\n|move|p2a: Koko The Gorythmic|Fake Out|p1a: Ninetales\n|-damage|p1a: Ninetales|69\/100\n|move|p1b: Garganacl|Wide Guard|p1b: Garganacl\n|-singleturn|p1b: Garganacl|Wide Guard\n|move|p2b: Shamonerona|Quiver Dance|p2b: Shamonerona\n|-boost|p2b: Shamonerona|spa|1\n|-boost|p2b: Shamonerona|spd|1\n|-boost|p2b: Shamonerona|spe|1\n|cant|p1a: Ninetales|flinch\n|\n|-weather|Snow|[upkeep]\n|-heal|p2b: Shamonerona|58\/100|[from] Grassy Terrain\n|-heal|p1a: Ninetales|75\/100|[from] Grassy Terrain\n|-heal|p1b: Garganacl|87\/100|[from] item: Leftovers\n|upkeep\n|turn|9\n|\n|t:|1731482532\n|move|p2b: Shamonerona|Protect|p2b: Shamonerona\n|-singleturn|p2b: Shamonerona|Protect\n|move|p1a: Ninetales|Blizzard|p2b: Shamonerona|[spread] p2a\n|-activate|p2b: Shamonerona|move: Protect\n|-supereffective|p2a: Koko The Gorythmic\n|-damage|p2a: Koko The Gorythmic|49\/100\n|move|p2a: Koko The Gorythmic|Wood Hammer|p1a: Ninetales\n|-damage|p1a: Ninetales|0 fnt\n|faint|p1a: Ninetales\n|-damage|p2a: Koko The Gorythmic|30\/100|[from] Recoil\n|move|p1b: Garganacl|Salt Cure|p2a: Koko The Gorythmic\n|-damage|p2a: Koko The Gorythmic|23\/100\n|-start|p2a: Koko The Gorythmic|Salt Cure\n|\n|-weather|Snow|[upkeep]\n|-heal|p2b: Shamonerona|64\/100|[from] Grassy Terrain\n|-heal|p2a: Koko The Gorythmic|29\/100|[from] Grassy Terrain\n|-heal|p1b: Garganacl|93\/100|[from] item: Leftovers\n|-damage|p2a: Koko The Gorythmic|17\/100|[from] Salt Cure\n|upkeep\n|j| Meditate Golisopod\n|\n|t:|1731482550\n|switch|p1a: Gengar|Gengar, L50, M|100\/100\n|turn|10\n|\n|t:|1731482567\n|move|p2a: Koko The Gorythmic|Grassy Glide|p1a: Gengar\n|-resisted|p1a: Gengar\n|-damage|p1a: Gengar|64\/100\n|move|p2b: Shamonerona|Giga Drain|p1a: Gengar\n|-resisted|p1a: Gengar\n|-damage|p1a: Gengar|4\/100\n|-heal|p2b: Shamonerona|85\/100|[from] drain|[of] p1a: Gengar\n|move|p1a: Gengar|Sludge Bomb|p2b: Shamonerona\n|-supereffective|p2b: Shamonerona\n|-damage|p2b: Shamonerona|47\/100\n|move|p1b: Garganacl|Salt Cure|p2b: Shamonerona\n|-damage|p2b: Shamonerona|37\/100\n|\n|-weather|Snow|[upkeep]\n|-heal|p2b: Shamonerona|43\/100|[from] Grassy Terrain\n|-heal|p1a: Gengar|10\/100|[from] Grassy Terrain\n|-heal|p2a: Koko The Gorythmic|23\/100|[from] Grassy Terrain\n|-heal|p1b: Garganacl|99\/100|[from] item: Leftovers\n|-damage|p2a: Koko The Gorythmic|11\/100|[from] Salt Cure\n|upkeep\n|turn|11\n|-message|sdhywgfsgg forfeited.\n|\n|win|VGCLTH Slow\n|raw|sdhywgfsgg's rating: 1732 &rarr; <strong>1711<\/strong><br \/>(-21 for losing)\n|raw|VGCLTH Slow's rating: 1706 &rarr; <strong>1727<\/strong><br \/>(+21 for winning)\n|l|\u2606sdhywgfsgg\n|player|p1|\n|l|\u2606VGCLTH Slow\n|player|p2|\n","uploadtime":1731482587,"views":19,"formatid":"gen9vgc2024regh","rating":1711,"private":0,"password":null}