{"id":"gen9vgc2024regh-2242754043","format":"[Gen 9] VGC 2024 Reg H","players":["Sazandoramx","bgc0"],"log":"|j|\u2606Sazandoramx\n|j|\u2606bgc0\n|t:|1731459852\n|gametype|doubles\n|player|p1|Sazandoramx|265|1671\n|player|p2|bgc0|steven|1809\n|teamsize|p1|6\n|teamsize|p2|6\n|gen|9\n|tier|[Gen 9] VGC 2024 Reg H\n|rated|\n|rule|Species Clause: Limit one of each Pok\u00e9mon\n|rule|Item Clause: Limit 1 of each item\n|clearpoke\n|poke|p1|Hatterene, L50, F|\n|poke|p1|Indeedee-F, L50, F|\n|poke|p1|Armarouge, L50, M|\n|poke|p1|Ursaluna, L50, M|\n|poke|p1|Annihilape, L50, M|\n|poke|p1|Torkoal, L50, M|\n|poke|p2|Espathra, L50, F|\n|poke|p2|Archaludon, L50, M|\n|poke|p2|Incineroar, L50, M|\n|poke|p2|Ninetales-Alola, L50, F|\n|poke|p2|Murkrow, L50, M|\n|poke|p2|Amoonguss, L50, M|\n|teampreview|4\n|\n|t:|1731459882\n|start\n|switch|p1a: Hatterene|Hatterene, L50, F|100\/100\n|switch|p1b: Annihilape|Annihilape, L50, M|100\/100\n|switch|p2a: Espathra|Espathra, L50, F|100\/100\n|switch|p2b: Archaludon|Archaludon, L50, M, shiny|100\/100\n|turn|1\n|inactive|Battle timer is ON: inactive players will automatically lose when time's up. (requested by bgc0)\n|\n|t:|1731459919\n|-terastallize|p2b: Archaludon|Electric\n|move|p1a: Hatterene|Protect|p1a: Hatterene\n|-singleturn|p1a: Hatterene|Protect\n|move|p1b: Annihilape|U-turn|p2b: Archaludon\n|-damage|p2b: Archaludon|79\/100\n|\n|t:|1731459928\n|switch|p1b: Indeedee|Indeedee-F, L50, F|100\/100|[from] U-turn\n|-fieldstart|move: Psychic Terrain|[from] ability: Psychic Surge|[of] p1b: Indeedee\n|move|p2a: Espathra|Lumina Crash|p1a: Hatterene\n|-activate|p1a: Hatterene|move: Protect\n|move|p2b: Archaludon|Electro Shot||[still]\n|-prepare|p2b: Archaludon|Electro Shot\n|-boost|p2b: Archaludon|spa|1\n|-enditem|p2b: Archaludon|Power Herb\n|-anim|p2b: Archaludon|Electro Shot|p1a: Hatterene\n|-activate|p1a: Hatterene|move: Protect\n|\n|-ability|p2a: Espathra|Speed Boost|boost\n|-boost|p2a: Espathra|spe|1\n|upkeep\n|turn|2\n|inactive|Sazandoramx has 30 seconds left.\n|inactive|bgc0 has 30 seconds left.\n|\n|t:|1731459955\n|move|p1b: Indeedee|Follow Me|p1b: Indeedee\n|-singleturn|p1b: Indeedee|move: Follow Me\n|move|p2a: Espathra|Hypnosis|p1b: Indeedee\n|-status|p1b: Indeedee|slp|[from] move: Hypnosis\n|move|p2b: Archaludon|Dragon Pulse|p1b: Indeedee\n|-crit|p1b: Indeedee\n|-damage|p1b: Indeedee|7\/100 slp\n|move|p1a: Hatterene|Trick Room|p1a: Hatterene\n|-fieldstart|move: Trick Room|[of] p1a: Hatterene\n|\n|-ability|p2a: Espathra|Speed Boost|boost\n|-boost|p2a: Espathra|spe|1\n|upkeep\n|turn|3\n|\n|t:|1731459973\n|switch|p1b: Torkoal|Torkoal, L50, M|100\/100\n|-weather|SunnyDay|[from] ability: Drought|[of] p1b: Torkoal\n|move|p2b: Archaludon|Protect|p2b: Archaludon\n|-singleturn|p2b: Archaludon|Protect\n|move|p1a: Hatterene|Expanding Force|p2a: Espathra|[spread] p2a\n|-activate|p2b: Archaludon|move: Protect\n|-resisted|p2a: Espathra\n|-damage|p2a: Espathra|36\/100\n|-damage|p1a: Hatterene|91\/100|[from] item: Life Orb\n|move|p2a: Espathra|Lumina Crash|p1a: Hatterene\n|-resisted|p1a: Hatterene\n|-damage|p1a: Hatterene|68\/100\n|-unboost|p1a: Hatterene|spd|2\n|\n|-weather|SunnyDay|[upkeep]\n|-ability|p2a: Espathra|Speed Boost|boost\n|-boost|p2a: Espathra|spe|1\n|upkeep\n|turn|4\n|inactive|bgc0 has 30 seconds left.\n|\n|t:|1731460002\n|move|p2a: Espathra|Protect|p2a: Espathra\n|-singleturn|p2a: Espathra|Protect\n|move|p1b: Torkoal|Eruption|p2b: Archaludon|[spread] p2b\n|-activate|p2a: Espathra|move: Protect\n|-damage|p2b: Archaludon|0 fnt\n|faint|p2b: Archaludon\n|move|p1a: Hatterene|Dazzling Gleam|p2a: Espathra\n|-activate|p2a: Espathra|move: Protect\n|\n|-weather|SunnyDay|[upkeep]\n|-ability|p2a: Espathra|Speed Boost|boost\n|-boost|p2a: Espathra|spe|1\n|upkeep\n|\n|t:|1731460005\n|switch|p2b: Amoonguss|Amoonguss, L50, M|100\/100\n|turn|5\n|\n|t:|1731460025\n|move|p2b: Amoonguss|Protect|p2b: Amoonguss\n|-singleturn|p2b: Amoonguss|Protect\n|move|p2a: Espathra|Protect||[still]\n|-fail|p2a: Espathra\n|move|p1b: Torkoal|Eruption|p2a: Espathra|[spread] p2a\n|-activate|p2b: Amoonguss|move: Protect\n|-damage|p2a: Espathra|0 fnt\n|faint|p2a: Espathra\n|move|p1a: Hatterene|Expanding Force|p2b: Amoonguss\n|-activate|p2b: Amoonguss|move: Protect\n|\n|-weather|SunnyDay|[upkeep]\n|-fieldend|move: Psychic Terrain\n|upkeep\n|\n|t:|1731460030\n|switch|p2a: Ninetales|Ninetales-Alola, L50, F, shiny|100\/100\n|-weather|Snow|[from] ability: Snow Warning|[of] p2a: Ninetales\n|turn|6\n|inactive|Sazandoramx has 30 seconds left.\n|inactive|Sazandoramx has 20 seconds left.\n|inactive|Sazandoramx has 15 seconds left.\n|inactive|Sazandoramx has 10 seconds left.\n|\n|t:|1731460079\n|move|p2b: Amoonguss|Spore|p1b: Torkoal\n|-status|p1b: Torkoal|slp|[from] move: Spore\n|cant|p1b: Torkoal|slp\n|move|p1a: Hatterene|Dazzling Gleam|p2a: Ninetales|[spread] p2a,p2b\n|-resisted|p2b: Amoonguss\n|-damage|p2a: Ninetales|43\/100\n|-damage|p2b: Amoonguss|78\/100\n|-damage|p1a: Hatterene|59\/100|[from] item: Life Orb\n|move|p2a: Ninetales|Blizzard|p1b: Torkoal|[spread] p1a,p1b\n|-resisted|p1b: Torkoal\n|-damage|p1a: Hatterene|0 fnt\n|-damage|p1b: Torkoal|68\/100 slp\n|faint|p1a: Hatterene\n|\n|-weather|Snow|[upkeep]\n|-fieldend|move: Trick Room\n|upkeep\n|\n|t:|1731460103\n|switch|p1a: Annihilape|Annihilape, L50, M|100\/100\n|turn|7\n|\n|t:|1731460115\n|switch|p1b: Indeedee|Indeedee-F, L50, F|7\/100 slp\n|-fieldstart|move: Psychic Terrain|[from] ability: Psychic Surge|[of] p1b: Indeedee\n|move|p2b: Amoonguss|Rage Powder|p2b: Amoonguss\n|-singleturn|p2b: Amoonguss|move: Rage Powder\n|move|p1a: Annihilape|Final Gambit|p2b: Amoonguss\n|-damage|p2b: Amoonguss|0 fnt\n|faint|p1a: Annihilape\n|faint|p2b: Amoonguss\n|move|p2a: Ninetales|Blizzard|p1b: Indeedee\n|-damage|p1b: Indeedee|0 fnt\n|faint|p1b: Indeedee\n|\n|-weather|Snow|[upkeep]\n|upkeep\n|\n|t:|1731460132\n|switch|p1a: Torkoal|Torkoal, L50, M|68\/100 slp\n|-weather|SunnyDay|[from] ability: Drought|[of] p1a: Torkoal\n|turn|8\n|\n|t:|1731460138\n|-terastallize|p1a: Torkoal|Fire\n|move|p2a: Ninetales|Blizzard|p1a: Torkoal\n|-resisted|p1a: Torkoal\n|-damage|p1a: Torkoal|24\/100 slp\n|cant|p1a: Torkoal|slp\n|\n|-weather|SunnyDay|[upkeep]\n|upkeep\n|turn|9\n|\n|t:|1731460148\n|move|p2a: Ninetales|Blizzard|p1a: Torkoal|[miss]\n|-miss|p2a: Ninetales|p1a: Torkoal\n|-curestatus|p1a: Torkoal|slp|[msg]\n|move|p1a: Torkoal|Weather Ball|p2a: Ninetales\n|-supereffective|p2a: Ninetales\n|-damage|p2a: Ninetales|0 fnt\n|faint|p2a: Ninetales\n|\n|win|Sazandoramx\n|raw|Sazandoramx's rating: 1671 &rarr; <strong>1699<\/strong><br \/>(+28 for winning)\n|raw|bgc0's rating: 1809 &rarr; <strong>1781<\/strong><br \/>(-28 for losing)\n|c|\u2606bgc0|Gg\n|c|\u2606bgc0|Nice turn 1\n|c|\u2606bgc0|Won u the game\n|l|\u2606bgc0\n|player|p2|\n|l|\u2606Sazandoramx\n|player|p1|\n","uploadtime":1731460329,"views":48,"formatid":"gen9vgc2024regh","rating":1699,"private":0,"password":null}