{"id":"gen9vgc2024regh-2242706350","format":"[Gen 9] VGC 2024 Reg H","players":["UzbekistanGG","bgc0"],"log":"|j|\u2606UzbekistanGG\n|j|\u2606bgc0\n|t:|1731454044\n|gametype|doubles\n|player|p1|UzbekistanGG|rhi|1738\n|player|p2|bgc0|steven|1753\n|teamsize|p1|6\n|teamsize|p2|6\n|gen|9\n|tier|[Gen 9] VGC 2024 Reg H\n|rated|\n|rule|Species Clause: Limit one of each Pok\u00e9mon\n|rule|Item Clause: Limit 1 of each item\n|clearpoke\n|poke|p1|Ursaluna-Bloodmoon, L50, M|\n|poke|p1|Annihilape, L50, M|\n|poke|p1|Gastrodon, L50, M|\n|poke|p1|Malamar, L50, F|\n|poke|p1|Farigiraf, L50, F|\n|poke|p1|Tyranitar, L50, F|\n|poke|p2|Espathra, L50, F|\n|poke|p2|Archaludon, L50, M|\n|poke|p2|Incineroar, L50, M|\n|poke|p2|Ninetales-Alola, L50, F|\n|poke|p2|Murkrow, L50, M|\n|poke|p2|Amoonguss, L50, M|\n|teampreview|4\n|inactive|Battle timer is ON: inactive players will automatically lose when time's up. (requested by UzbekistanGG)\nbgc0 rejected open team sheets.\n|inactive|UzbekistanGG has 60 seconds left.\n|\n|t:|1731454087\n|start\n|switch|p1a: Farigiraf|Farigiraf, L50, F, shiny|100\/100\n|switch|p1b: Tyranitar|Tyranitar, L50, F, shiny|100\/100\n|switch|p2a: Espathra|Espathra, L50, F|100\/100\n|switch|p2b: Archaludon|Archaludon, L50, M, shiny|100\/100\n|-weather|Sandstorm|[from] ability: Sand Stream|[of] p1b: Tyranitar\n|turn|1\n|\n|t:|1731454103\n|-terastallize|p2a: Espathra|Fighting\n|-terastallize|p1b: Tyranitar|Rock\n|move|p2a: Espathra|Lumina Crash|p1a: Farigiraf\n|-resisted|p1a: Farigiraf\n|-damage|p1a: Farigiraf|85\/100\n|-unboost|p1a: Farigiraf|spd|2\n|move|p2b: Archaludon|Electro Shot||[still]\n|-prepare|p2b: Archaludon|Electro Shot\n|-boost|p2b: Archaludon|spa|1\n|-enditem|p2b: Archaludon|Power Herb\n|-anim|p2b: Archaludon|Electro Shot|p1a: Farigiraf\n|-damage|p1a: Farigiraf|0 fnt\n|faint|p1a: Farigiraf\n|move|p1b: Tyranitar|Knock Off|p2b: Archaludon\n|-damage|p2b: Archaludon|70\/100\n|\n|-weather|Sandstorm|[upkeep]\n|-damage|p2a: Espathra|95\/100|[from] Sandstorm\n|-ability|p2a: Espathra|Speed Boost|boost\n|-boost|p2a: Espathra|spe|1\n|upkeep\n|\n|t:|1731454126\n|switch|p1a: Annihilape|Annihilape, L50, M, shiny|100\/100\n|turn|2\n|\n|t:|1731454146\n|move|p2a: Espathra|Lumina Crash|p1b: Tyranitar\n|-damage|p1b: Tyranitar|79\/100\n|-unboost|p1b: Tyranitar|spd|2\n|move|p2b: Archaludon|Aura Sphere|p1b: Tyranitar\n|-supereffective|p1b: Tyranitar\n|-damage|p1b: Tyranitar|0 fnt\n|faint|p1b: Tyranitar\n|move|p1a: Annihilape|Bulk Up|p1a: Annihilape\n|-boost|p1a: Annihilape|atk|1\n|-boost|p1a: Annihilape|def|1\n|\n|-weather|Sandstorm|[upkeep]\n|-damage|p2a: Espathra|89\/100|[from] Sandstorm\n|-ability|p2a: Espathra|Speed Boost|boost\n|-boost|p2a: Espathra|spe|1\n|upkeep\n|\n|t:|1731454159\n|switch|p1b: Ursaluna|Ursaluna-Bloodmoon, L50, M|100\/100\n|turn|3\n|\n|t:|1731454167\n|move|p2a: Espathra|Protect|p2a: Espathra\n|-singleturn|p2a: Espathra|Protect\n|move|p2b: Archaludon|Protect|p2b: Archaludon\n|-singleturn|p2b: Archaludon|Protect\n|move|p1a: Annihilape|Drain Punch|p2b: Archaludon\n|-activate|p2b: Archaludon|move: Protect\n|move|p1b: Ursaluna|Hyper Voice|p2a: Espathra|[spread] \n|-activate|p2a: Espathra|move: Protect\n|-activate|p2b: Archaludon|move: Protect\n|\n|-weather|Sandstorm|[upkeep]\n|-damage|p2a: Espathra|83\/100|[from] Sandstorm\n|-ability|p2a: Espathra|Speed Boost|boost\n|-boost|p2a: Espathra|spe|1\n|upkeep\n|turn|4\n|\n|t:|1731454183\n|move|p2a: Espathra|Lumina Crash|p1a: Annihilape\n|-supereffective|p1a: Annihilape\n|-damage|p1a: Annihilape|50\/100\n|-unboost|p1a: Annihilape|spd|2\n|-ability|p1a: Annihilape|Defiant|boost\n|-boost|p1a: Annihilape|atk|2\n|move|p2b: Archaludon|Dragon Pulse|p1a: Annihilape\n|-damage|p1a: Annihilape|0 fnt\n|faint|p1a: Annihilape\n|move|p1b: Ursaluna|Hyper Voice|p2b: Archaludon|[spread] p2a,p2b\n|-resisted|p2b: Archaludon\n|-damage|p2a: Espathra|0 fnt\n|-damage|p2b: Archaludon|25\/100\n|faint|p2a: Espathra\n|\n|-weather|Sandstorm|[upkeep]\n|upkeep\n|\n|t:|1731454193\n|switch|p2a: Ninetales|Ninetales-Alola, L50, F, shiny|100\/100\n|-weather|Snow|[from] ability: Snow Warning|[of] p2a: Ninetales\n|turn|5\n|\n|t:|1731454200\n|move|p2a: Ninetales|Blizzard|p1b: Ursaluna\n|-supereffective|p1b: Ursaluna\n|-damage|p1b: Ursaluna|0 fnt\n|faint|p1b: Ursaluna\n|\n|win|bgc0\n|raw|UzbekistanGG's rating: 1738 &rarr; <strong>1719<\/strong><br \/>(-19 for losing)\n|raw|bgc0's rating: 1753 &rarr; <strong>1772<\/strong><br \/>(+19 for winning)\n|c|\u2606bgc0|Hh\n|c|\u2606bgc0|gg\n|c|\u2606UzbekistanGG|gg\n|l|\u2606bgc0\n|player|p2|\n|l|\u2606UzbekistanGG\n|player|p1|\n","uploadtime":1731454396,"views":50,"formatid":"gen9vgc2024regh","rating":1719,"private":0,"password":null}