{"id":"gen9vgc2024regh-2242436820","format":"[Gen 9] VGC 2024 Reg H","players":["Zordor","zero_the_enforcer"],"log":"|j|\u2606Zordor\n|j|\u2606zero_the_enforcer\n|t:|1731427292\n|gametype|doubles\n|player|p1|Zordor|pilot|1764\n|player|p2|zero_the_enforcer|102|1770\n|teamsize|p1|6\n|teamsize|p2|6\n|gen|9\n|tier|[Gen 9] VGC 2024 Reg H\n|rated|\n|rule|Species Clause: Limit one of each Pok\u00e9mon\n|rule|Item Clause: Limit 1 of each item\n|clearpoke\n|poke|p1|Rotom-Wash, L50|\n|poke|p1|Sneasler, L50, F|\n|poke|p1|Kingambit, L50, F|\n|poke|p1|Armarouge, L50, M|\n|poke|p1|Dragapult, L50, F|\n|poke|p1|Venusaur, L50, F|\n|poke|p2|Dragonite, L50, F|\n|poke|p2|Garchomp, L50, F|\n|poke|p2|Archaludon, L50, F|\n|poke|p2|Gholdengo, L50|\n|poke|p2|Talonflame, L50, F|\n|poke|p2|Ursaluna-Bloodmoon, L50, M|\n|teampreview|4\n|\n|t:|1731427327\n|start\n|switch|p1a: Sneasler|Sneasler, L50, F|100\/100\n|switch|p1b: Rotom|Rotom-Wash, L50|100\/100\n|switch|p2a: Archaludon|Archaludon, L50, F|100\/100\n|switch|p2b: Talonflame|Talonflame, L50, F|100\/100\n|turn|1\n|\n|t:|1731427373\n|-terastallize|p2a: Archaludon|Electric\n|move|p2b: Talonflame|Dual Wingbeat|p1a: Sneasler\n|-supereffective|p1a: Sneasler\n|-damage|p1a: Sneasler|53\/100\n|-supereffective|p1a: Sneasler\n|-damage|p1a: Sneasler|4\/100\n|-hitcount|p1a: Sneasler|2\n|move|p1a: Sneasler|Close Combat|p2a: Archaludon\n|-damage|p2a: Archaludon|50\/100\n|-unboost|p1a: Sneasler|def|1\n|-unboost|p1a: Sneasler|spd|1\n|-ability|p2a: Archaludon|Stamina|boost\n|-boost|p2a: Archaludon|def|1\n|move|p1b: Rotom|Hydro Pump|p2b: Talonflame\n|-supereffective|p2b: Talonflame\n|-enditem|p2b: Talonflame|Focus Sash\n|-damage|p2b: Talonflame|1\/100\n|move|p2a: Archaludon|Electro Shot||[still]\n|-prepare|p2a: Archaludon|Electro Shot\n|-boost|p2a: Archaludon|spa|1\n|\n|upkeep\n|turn|2\n|\n|t:|1731427416\n|move|p1a: Sneasler|Rock Tomb|p2a: Archaludon\n|-damage|p2a: Archaludon|39\/100\n|-unboost|p2a: Archaludon|spe|1\n|-ability|p2a: Archaludon|Stamina|boost\n|-boost|p2a: Archaludon|def|1\n|move|p2b: Talonflame|Tailwind|p2b: Talonflame\n|-sidestart|p2: zero_the_enforcer|move: Tailwind\n|move|p2a: Archaludon|Electro Shot|p1b: Rotom|[from]lockedmove\n|-damage|p1b: Rotom|0 fnt\n|faint|p1b: Rotom\n|\n|upkeep\n|\n|t:|1731427430\n|switch|p1b: Dragapult|Dragapult, L50, F|100\/100\n|turn|3\n|\n|t:|1731427475\n|move|p1a: Sneasler|Protect|p1a: Sneasler\n|-singleturn|p1a: Sneasler|Protect\n|move|p2b: Talonflame|Flare Blitz|p1a: Sneasler\n|-activate|p1a: Sneasler|move: Protect\n|move|p1b: Dragapult|Dragon Darts|p2a: Archaludon\n|-crit|p2a: Archaludon\n|-damage|p2a: Archaludon|8\/100\n|-ability|p2a: Archaludon|Stamina|boost\n|-boost|p2a: Archaludon|def|1\n|-anim|p1b: Dragapult|Dragon Darts|p2b: Talonflame\n|-damage|p2b: Talonflame|0 fnt\n|faint|p2b: Talonflame\n|move|p2a: Archaludon|Flash Cannon|p1b: Dragapult\n|-damage|p1b: Dragapult|49\/100\n|\n|upkeep\n|\n|t:|1731427493\n|switch|p2b: Garchomp|Garchomp, L50, F|100\/100\n|turn|4\n|\n|t:|1731427518\n|move|p2b: Garchomp|Stomping Tantrum|p1b: Dragapult\n|-damage|p1b: Dragapult|0 fnt\n|faint|p1b: Dragapult\n|move|p1a: Sneasler|Rock Tomb|p2b: Garchomp\n|-resisted|p2b: Garchomp\n|-damage|p2b: Garchomp|92\/100\n|-unboost|p2b: Garchomp|spe|1\n|move|p2a: Archaludon|Snarl|p1a: Sneasler\n|-resisted|p1a: Sneasler\n|-damage|p1a: Sneasler|0 fnt\n|faint|p1a: Sneasler\n|\n|upkeep\n|\n|t:|1731427529\n|switch|p1b: Venusaur|Venusaur, L50, F|100\/100\n|turn|5\n|\n|t:|1731427535\n|move|p1b: Venusaur|Protect|p1b: Venusaur\n|-singleturn|p1b: Venusaur|Protect\n|move|p2a: Archaludon|Snarl|p1b: Venusaur\n|-activate|p1b: Venusaur|move: Protect\n|move|p2b: Garchomp|Stomping Tantrum|p1b: Venusaur\n|-activate|p1b: Venusaur|move: Protect\n|\n|-sideend|p2: zero_the_enforcer|move: Tailwind\n|upkeep\n|turn|6\n|\n|t:|1731427541\n|move|p1b: Venusaur|Earth Power|p2a: Archaludon\n|-supereffective|p2a: Archaludon\n|-damage|p2a: Archaludon|0 fnt\n|faint|p2a: Archaludon\n|move|p2b: Garchomp|Stomping Tantrum|p1b: Venusaur\n|-damage|p1b: Venusaur|23\/100\n|\n|-heal|p1b: Venusaur|29\/100|[from] item: Leftovers\n|upkeep\n|-message|Zordor forfeited.\n|\n|win|zero_the_enforcer\n|raw|Zordor's rating: 1764 &rarr; <strong>1744<\/strong><br \/>(-20 for losing)\n|raw|zero_the_enforcer's rating: 1770 &rarr; <strong>1790<\/strong><br \/>(+20 for winning)\n|l|\u2606Zordor\n|player|p1|\n|l|\u2606zero_the_enforcer\n|player|p2|\n","uploadtime":1731427814,"views":53,"formatid":"gen9vgc2024regh","rating":1744,"private":0,"password":null}