{"id":"gen9vgc2024regh-2242653887","format":"[Gen 9] VGC 2024 Reg H","players":["srvoltmike","VGCLTH Slow"],"log":"|badge|p1|bronze|gen9doublesou|100-3\n|uhtml|medal-msg|<div class=\"broadcast-blue\">Curious what those medals under the avatar are? PS now has Ladder Seasons! For more information, check out the <a href=\"https:\/\/www.smogon.com\/forums\/threads\/3740067\/\">thread on Smogon.<\/a><\/div>\n|raw|<div class=\"broadcast-blue\"><strong>This battle is required to be public due to a player having a name starting with 'vgclth'.<\/div>\n|j|\u2606srvoltmike\n|j|\u2606VGCLTH Slow\n|t:|1731448110\n|gametype|doubles\n|player|p1|srvoltmike|irida|1709\n|player|p2|VGCLTH Slow|skier|1650\n|teamsize|p1|6\n|teamsize|p2|6\n|gen|9\n|tier|[Gen 9] VGC 2024 Reg H\n|rated|\n|rule|Species Clause: Limit one of each Pok\u00e9mon\n|rule|Item Clause: Limit 1 of each item\n|clearpoke\n|poke|p1|Torkoal, L50, M|\n|poke|p1|Smeargle, L50, M|\n|poke|p1|Farigiraf, L50, M|\n|poke|p1|Indeedee-F, L50, F|\n|poke|p1|Hatterene, L50, F|\n|poke|p1|Ursaluna-Bloodmoon, L50, M|\n|poke|p2|Sableye, L50, F|\n|poke|p2|Sylveon, L50, M|\n|poke|p2|Archaludon, L50, F|\n|poke|p2|Volcarona, L50, F|\n|poke|p2|Rillaboom, L50, F|\n|poke|p2|Tauros-Paldea-Aqua, L50, M|\n|teampreview|4\n|c|\u2606srvoltmike|wait is VGC latter tour bo1\n|c|\u2606srvoltmike|or bo3?\n|c|\u2606VGCLTH Slow|Bo1\n|c|\u2606VGCLTH Slow|sorry if you\u2019ve been grinding Bo3\n|c|\u2606VGCLTH Slow|glhf\nVGCLTH Slow has agreed to open team sheets.\nsrvoltmike has agreed to open team sheets.\n|\n|t:|1731448195\n|start\n|switch|p1a: Farigiraf|Farigiraf, L50, M|100\/100\n|switch|p1b: Smeargle|Smeargle, L50, M|100\/100\n|switch|p2a: Shamonerona|Volcarona, L50, F, shiny|100\/100\n|switch|p2b: Old Yeller|Sylveon, L50, M|100\/100\n|turn|1\n|\n|t:|1731448223\n|move|p1b: Smeargle|Fake Out|p2b: Old Yeller\n|-damage|p2b: Old Yeller|91\/100\n|move|p2a: Shamonerona|Heat Wave|p1b: Smeargle|[spread] p1a,p1b\n|-damage|p1a: Farigiraf|60\/100\n|-damage|p1b: Smeargle|25\/100\n|cant|p2b: Old Yeller|flinch\n|move|p1a: Farigiraf|Trick Room|p1a: Farigiraf\n|-fieldstart|move: Trick Room|[of] p1a: Farigiraf\n|\n|upkeep\n|turn|2\n|\n|t:|1731448260\n|move|p1a: Farigiraf|Hyper Voice|p2b: Old Yeller|[spread] p2a,p2b\n|-damage|p2a: Shamonerona|72\/100\n|-damage|p2b: Old Yeller|67\/100\n|-enditem|p1a: Farigiraf|Throat Spray\n|-boost|p1a: Farigiraf|spa|1|[from] item: Throat Spray\n|move|p1b: Smeargle|Spore|p2b: Old Yeller\n|-status|p2b: Old Yeller|slp|[from] move: Spore\n|cant|p2b: Old Yeller|slp\n|move|p2a: Shamonerona|Quiver Dance|p2a: Shamonerona\n|-boost|p2a: Shamonerona|spa|1\n|-boost|p2a: Shamonerona|spd|1\n|-boost|p2a: Shamonerona|spe|1\n|\n|upkeep\n|turn|3\n|\n|t:|1731448286\n|switch|p1b: Indeedee|Indeedee-F, L50, F|100\/100\n|-fieldstart|move: Psychic Terrain|[from] ability: Psychic Surge|[of] p1b: Indeedee\n|switch|p2b: Snowblind|Sableye, L50, F|100\/100\n|-terastallize|p2a: Shamonerona|Grass\n|move|p1a: Farigiraf|Expanding Force|p2b: Snowblind|[spread] p2a\n|-immune|p2b: Snowblind\n|-damage|p2a: Shamonerona|26\/100\n|move|p2a: Shamonerona|Giga Drain|p1a: Farigiraf\n|-damage|p1a: Farigiraf|0 fnt\n|-heal|p2a: Shamonerona|61\/100|[from] drain|[of] p1a: Farigiraf\n|faint|p1a: Farigiraf\n|\n|upkeep\n|\n|t:|1731448295\n|switch|p1a: Hatterene|Hatterene, L50, F|100\/100\n|turn|4\n|\n|t:|1731448303\n|switch|p2b: Koko The Gorythmic|Rillaboom, L50, F|100\/100\n|-fieldstart|move: Grassy Terrain|[from] ability: Grassy Surge|[of] p2b: Koko The Gorythmic\n|move|p1b: Indeedee|Helping Hand|p1a: Hatterene\n|-singleturn|p1a: Hatterene|Helping Hand|[of] p1b: Indeedee\n|move|p2a: Shamonerona|Protect|p2a: Shamonerona\n|-singleturn|p2a: Shamonerona|Protect\n|move|p1a: Hatterene|Expanding Force|p2a: Shamonerona\n|-activate|p2a: Shamonerona|move: Protect\n|\n|-heal|p2a: Shamonerona|67\/100|[from] Grassy Terrain\n|upkeep\n|turn|5\n|\n|t:|1731448316\n|switch|p1b: Smeargle|Smeargle, L50, M|25\/100\n|move|p1a: Hatterene|Protect|p1a: Hatterene\n|-singleturn|p1a: Hatterene|Protect\n|move|p2b: Koko The Gorythmic|Fake Out|p1a: Hatterene\n|-activate|p1a: Hatterene|move: Protect\n|move|p2a: Shamonerona|Giga Drain|p1b: Smeargle\n|-damage|p1b: Smeargle|0 fnt\n|-heal|p2a: Shamonerona|77\/100|[from] drain|[of] p1b: Smeargle\n|faint|p1b: Smeargle\n|\n|-heal|p2a: Shamonerona|83\/100|[from] Grassy Terrain\n|-fieldend|move: Trick Room\n|upkeep\n|\n|t:|1731448321\n|switch|p1b: Indeedee|Indeedee-F, L50, F|100\/100\n|-fieldstart|move: Psychic Terrain|[from] ability: Psychic Surge|[of] p1b: Indeedee\n|turn|6\n|\n|t:|1731448329\n|-terastallize|p1a: Hatterene|Psychic\n|move|p2a: Shamonerona|Heat Wave|p1b: Indeedee|[spread] p1a\n|-miss|p2a: Shamonerona|p1b: Indeedee\n|-damage|p1a: Hatterene|44\/100\n|move|p2b: Koko The Gorythmic|Wood Hammer|p1a: Hatterene\n|-damage|p1a: Hatterene|0 fnt\n|faint|p1a: Hatterene\n|-damage|p2b: Koko The Gorythmic|89\/100|[from] Recoil\n|move|p1b: Indeedee|Trick Room|p1b: Indeedee\n|-fieldstart|move: Trick Room|[of] p1b: Indeedee\n|\n|upkeep\n|turn|7\n|c|\u2606srvoltmike|gg\n|\n|t:|1731448337\n|switch|p2b: Snowblind|Sableye, L50, F|100\/100\n|move|p1b: Indeedee|Dazzling Gleam|p2b: Snowblind|[spread] p2a,p2b\n|-supereffective|p2b: Snowblind\n|-damage|p2a: Shamonerona|76\/100\n|-damage|p2b: Snowblind|65\/100\n|move|p2a: Shamonerona|Quiver Dance|p2a: Shamonerona\n|-boost|p2a: Shamonerona|spa|1\n|-boost|p2a: Shamonerona|spd|1\n|-boost|p2a: Shamonerona|spe|1\n|\n|upkeep\n|turn|8\n|c|\u2606VGCLTH Slow|Gg\n|\n|t:|1731448346\n|switch|p2b: Koko The Gorythmic|Rillaboom, L50, F|89\/100\n|-fieldstart|move: Grassy Terrain|[from] ability: Grassy Surge|[of] p2b: Koko The Gorythmic\n|move|p1b: Indeedee|Dazzling Gleam|p2a: Shamonerona|[spread] p2a,p2b\n|-crit|p2b: Koko The Gorythmic\n|-damage|p2a: Shamonerona|70\/100\n|-damage|p2b: Koko The Gorythmic|73\/100\n|move|p2a: Shamonerona|Giga Drain|p1b: Indeedee\n|-damage|p1b: Indeedee|29\/100\n|-heal|p2a: Shamonerona|100\/100|[from] drain|[of] p1b: Indeedee\n|\n|-heal|p1b: Indeedee|35\/100|[from] Grassy Terrain\n|-heal|p2b: Koko The Gorythmic|79\/100|[from] Grassy Terrain\n|upkeep\n|turn|9\n|\n|t:|1731448358\n|move|p2b: Koko The Gorythmic|Fake Out|p1b: Indeedee\n|-damage|p1b: Indeedee|16\/100\n|-damage|p2b: Koko The Gorythmic|63\/100|[from] item: Rocky Helmet|[of] p1b: Indeedee\n|cant|p1b: Indeedee|flinch\n|move|p2a: Shamonerona|Giga Drain|p1b: Indeedee\n|-damage|p1b: Indeedee|0 fnt\n|faint|p1b: Indeedee\n|\n|win|VGCLTH Slow\n|raw|srvoltmike's rating: 1709 &rarr; <strong>1686<\/strong><br \/>(-23 for losing)\n|raw|VGCLTH Slow's rating: 1650 &rarr; <strong>1673<\/strong><br \/>(+23 for winning)\n|l|\u2606srvoltmike\n|player|p1|\n|l|\u2606VGCLTH Slow\n|player|p2|\n","uploadtime":1731448363,"views":40,"formatid":"gen9vgc2024regh","rating":1673,"private":0,"password":null}