{"id":"gen9vgc2024regh-2242679175","format":"[Gen 9] VGC 2024 Reg H","players":["rururuoo","VGCLTH John Pork"],"log":"|raw|<div class=\"broadcast-blue\"><strong>This battle is required to be public due to a player having a name starting with 'vgclth'.<\/div>\n|j|\u2606rururuoo\n|j|\u2606VGCLTH John Pork\n|t:|1731450867\n|gametype|doubles\n|player|p1|rururuoo|lady|1716\n|player|p2|VGCLTH John Pork|ogreclan|1702\n|teamsize|p1|6\n|teamsize|p2|6\n|gen|9\n|tier|[Gen 9] VGC 2024 Reg H\n|rated|\n|rule|Species Clause: Limit one of each Pok\u00e9mon\n|rule|Item Clause: Limit 1 of each item\n|clearpoke\n|poke|p1|Ursaluna-Bloodmoon, L50, M|\n|poke|p1|Archaludon, L50, M|\n|poke|p1|Rillaboom, L50, M|\n|poke|p1|Dragonite, L50, M|\n|poke|p1|Gholdengo, L50|\n|poke|p1|Dondozo, L50, M|\n|poke|p2|Ceruledge, L50, M|\n|poke|p2|Gastrodon-East, L50, M|\n|poke|p2|Sneasler, L50, M|\n|poke|p2|Dragonite, L50, M|\n|poke|p2|Rillaboom, L50, F|\n|poke|p2|Kingambit, L50, F|\n|teampreview|4\n|j| Kpxbrothers\n|\n|t:|1731450924\n|start\n|switch|p1a: Ursaluna|Ursaluna-Bloodmoon, L50, M|100\/100\n|switch|p1b: Dragonite|Dragonite, L50, M|100\/100\n|switch|p2a: Sneasler|Sneasler, L50, M, shiny|100\/100\n|switch|p2b: Kingambit|Kingambit, L50, F|100\/100\n|turn|1\n|\n|t:|1731450942\n|-terastallize|p1b: Dragonite|Flying\n|-terastallize|p2b: Kingambit|Flying\n|move|p2a: Sneasler|Dire Claw|p1b: Dragonite\n|-damage|p1b: Dragonite|80\/100\n|move|p1b: Dragonite|Tera Blast|p2a: Sneasler|[anim] Tera Blast Flying\n|-supereffective|p2a: Sneasler\n|-enditem|p2a: Sneasler|Focus Sash\n|-damage|p2a: Sneasler|1\/100\n|move|p1a: Ursaluna|Earth Power|p2b: Kingambit\n|-immune|p2b: Kingambit\n|move|p2b: Kingambit|Kowtow Cleave|p1b: Dragonite\n|-damage|p1b: Dragonite|26\/100\n|\n|upkeep\n|turn|2\n|\n|t:|1731450968\n|move|p1a: Ursaluna|Vacuum Wave|p2a: Sneasler\n|-resisted|p2a: Sneasler\n|-damage|p2a: Sneasler|0 fnt\n|faint|p2a: Sneasler\n|move|p1b: Dragonite|Scale Shot|p2b: Kingambit\n|-damage|p2b: Kingambit|89\/100\n|-damage|p2b: Kingambit|78\/100\n|-damage|p2b: Kingambit|67\/100\n|-damage|p2b: Kingambit|56\/100\n|-damage|p2b: Kingambit|45\/100\n|-hitcount|p2b: Kingambit|5\n|-unboost|p1b: Dragonite|def|1\n|-boost|p1b: Dragonite|spe|1\n|move|p2b: Kingambit|Kowtow Cleave|p1b: Dragonite\n|-crit|p1b: Dragonite\n|-damage|p1b: Dragonite|0 fnt\n|faint|p1b: Dragonite\n|\n|upkeep\n|\n|t:|1731450992\n|switch|p2a: Rillaboom|Rillaboom, L50, F|100\/100\n|switch|p1b: Rillaboom|Rillaboom, L50, M|100\/100\n|-fieldstart|move: Grassy Terrain|[from] ability: Grassy Surge|[of] p2a: Rillaboom\n|turn|3\n|\n|t:|1731451016\n|switch|p2b: Dragonite|Dragonite, L50, M, shiny|100\/100\n|move|p1a: Ursaluna|Protect|p1a: Ursaluna\n|-singleturn|p1a: Ursaluna|Protect\n|move|p2a: Rillaboom|Fake Out|p1a: Ursaluna\n|-activate|p1a: Ursaluna|move: Protect\n|move|p1b: Rillaboom|Knock Off|p2b: Dragonite\n|-damage|p2b: Dragonite|83\/100\n|-enditem|p2b: Dragonite|Loaded Dice|[from] move: Knock Off|[of] p1b: Rillaboom\n|\n|upkeep\n|turn|4\n|\n|t:|1731451056\n|switch|p1a: Gholdengo|Gholdengo, L50|100\/100\n|move|p2a: Rillaboom|Wood Hammer|p1a: Gholdengo\n|-resisted|p1a: Gholdengo\n|-damage|p1a: Gholdengo|41\/100\n|-damage|p2a: Rillaboom|83\/100|[from] Recoil\n|move|p2b: Dragonite|Low Kick|p1a: Gholdengo\n|-immune|p1a: Gholdengo\n|move|p1b: Rillaboom|Knock Off|p2a: Rillaboom\n|-damage|p2a: Rillaboom|42\/100\n|-enditem|p2a: Rillaboom|Miracle Seed|[from] move: Knock Off|[of] p1b: Rillaboom\n|\n|-heal|p1a: Gholdengo|47\/100|[from] Grassy Terrain\n|-heal|p2a: Rillaboom|49\/100|[from] Grassy Terrain\n|upkeep\n|turn|5\n|\n|t:|1731451092\n|move|p1a: Gholdengo|Make It Rain|p2b: Dragonite|[spread] p2a,p2b\n|-damage|p2a: Rillaboom|0 fnt\n|-damage|p2b: Dragonite|27\/100\n|-unboost|p1a: Gholdengo|spa|1\n|faint|p2a: Rillaboom\n|move|p2b: Dragonite|Scale Shot|p1b: Rillaboom\n|-crit|p1b: Rillaboom\n|-damage|p1b: Rillaboom|79\/100\n|-damage|p1b: Rillaboom|64\/100\n|-damage|p1b: Rillaboom|51\/100\n|-damage|p1b: Rillaboom|35\/100\n|-damage|p1b: Rillaboom|21\/100\n|-hitcount|p1b: Rillaboom|5\n|-unboost|p2b: Dragonite|def|1\n|-boost|p2b: Dragonite|spe|1\n|move|p1b: Rillaboom|Wood Hammer|p2b: Dragonite\n|-resisted|p2b: Dragonite\n|-damage|p2b: Dragonite|0 fnt\n|faint|p2b: Dragonite\n|-damage|p1b: Rillaboom|14\/100|[from] Recoil\n|\n|-heal|p1a: Gholdengo|54\/100|[from] Grassy Terrain\n|-heal|p1b: Rillaboom|20\/100|[from] Grassy Terrain\n|upkeep\n|\n|t:|1731451094\n|switch|p2b: Kingambit|Kingambit, L50, F, tera:Flying|45\/100\n|turn|6\n|-message|VGCLTH John Pork forfeited.\n|\n|win|rururuoo\n|raw|rururuoo's rating: 1716 &rarr; <strong>1735<\/strong><br \/>(+19 for winning)\n|raw|VGCLTH John Pork's rating: 1702 &rarr; <strong>1683<\/strong><br \/>(-19 for losing)\n","uploadtime":1731451126,"views":54,"formatid":"gen9vgc2024regh","rating":1683,"private":0,"password":null}