{"id":"gen9vgc2024regh-2242866599","format":"[Gen 9] VGC 2024 Reg H","players":["SHIDMONBADGAME","ray4gej"],"log":"|j|\u2606SHIDMONBADGAME\n|j|\u2606ray4gej\n|t:|1731475777\n|gametype|doubles\n|player|p1|SHIDMONBADGAME|policeman-gen4|1775\n|player|p2|ray4gej|169|1745\n|teamsize|p1|6\n|teamsize|p2|6\n|gen|9\n|tier|[Gen 9] VGC 2024 Reg H\n|rated|\n|rule|Species Clause: Limit one of each Pok\u00e9mon\n|rule|Item Clause: Limit 1 of each item\n|clearpoke\n|poke|p1|Sneasler, L50, M|\n|poke|p1|Indeedee, L50, M|\n|poke|p1|Murkrow, L50, M|\n|poke|p1|Dragapult, L50, F|\n|poke|p1|Delphox, L50, M|\n|poke|p1|Maushold-Four, L50|\n|poke|p2|Dondozo, L50, F|\n|poke|p2|Tatsugiri, L50, M|\n|poke|p2|Sneasler, L50, M|\n|poke|p2|Flamigo, L50, M|\n|poke|p2|Amoonguss, L50, F|\n|poke|p2|Gholdengo, L50|\n|teampreview|4\n|inactive|Battle timer is ON: inactive players will automatically lose when time's up. (requested by SHIDMONBADGAME)\n|j| ChinaDragonVGC\n|inactive|SHIDMONBADGAME has 60 seconds left.\n|inactive|ray4gej has 60 seconds left.\n|\n|t:|1731475819\n|start\n|switch|p1a: Luis Carruthers|Murkrow, L50, M, shiny|100\/100\n|switch|p1b: Timothy Bryce|Maushold-Four, L50|100\/100\n|switch|p2a: Sneasler|Sneasler, L50, M|100\/100\n|switch|p2b: Tatsugiri|Tatsugiri, L50, M|100\/100\n|turn|1\n|\n|t:|1731475836\n|switch|p2b: Gholdengo|Gholdengo, L50|100\/100\n|-terastallize|p1b: Timothy Bryce|Ghost\n|move|p1a: Luis Carruthers|Tailwind|p1a: Luis Carruthers\n|-sidestart|p1: SHIDMONBADGAME|move: Tailwind\n|move|p1b: Timothy Bryce|Population Bomb|p2b: Gholdengo\n|-immune|p2b: Gholdengo\n|move|p2a: Sneasler|Close Combat|p1a: Luis Carruthers\n|-damage|p1a: Luis Carruthers|50\/100\n|-unboost|p2a: Sneasler|def|1\n|-unboost|p2a: Sneasler|spd|1\n|\n|upkeep\n|turn|2\n|\n|t:|1731475856\n|-terastallize|p2b: Gholdengo|Steel\n|move|p1b: Timothy Bryce|Protect|p1b: Timothy Bryce\n|-singleturn|p1b: Timothy Bryce|Protect\n|move|p1a: Luis Carruthers|Sunny Day|p1a: Luis Carruthers\n|-weather|SunnyDay\n|move|p2a: Sneasler|Dire Claw|p1a: Luis Carruthers\n|-damage|p1a: Luis Carruthers|13\/100\n|-status|p1a: Luis Carruthers|par\n|move|p2b: Gholdengo|Make It Rain|p1a: Luis Carruthers|[spread] p1a\n|-activate|p1b: Timothy Bryce|move: Protect\n|-damage|p1a: Luis Carruthers|0 fnt\n|-unboost|p2b: Gholdengo|spa|1\n|faint|p1a: Luis Carruthers\n|\n|-weather|SunnyDay|[upkeep]\n|upkeep\n|\n|t:|1731475864\n|switch|p1a: David Van Patten|Delphox, L50, M|100\/100\n|turn|3\n|\n|t:|1731475868\n|move|p2b: Gholdengo|Protect|p2b: Gholdengo\n|-singleturn|p2b: Gholdengo|Protect\n|move|p1b: Timothy Bryce|Population Bomb|p2a: Sneasler\n|-damage|p2a: Sneasler|80\/100\n|-damage|p2a: Sneasler|61\/100\n|-damage|p2a: Sneasler|42\/100\n|-damage|p2a: Sneasler|22\/100\n|-damage|p2a: Sneasler|0 fnt\n|faint|p2a: Sneasler\n|-hitcount|p2: Sneasler|5\n|move|p1a: David Van Patten|Heat Wave|p2b: Gholdengo\n|-activate|p2b: Gholdengo|move: Protect\n|\n|-weather|SunnyDay|[upkeep]\n|upkeep\n|\n|t:|1731475876\n|switch|p2a: Dondozo|Dondozo, L50, F, shiny|100\/100\n|turn|4\n|j| mr pogostick\n|\n|t:|1731475896\n|switch|p1a: Patrick Bateman|Indeedee, L50, M, shiny|100\/100\n|-fieldstart|move: Psychic Terrain|[from] ability: Psychic Surge|[of] p1a: Patrick Bateman\n|switch|p2b: Tatsugiri|Tatsugiri, L50, M|100\/100\n|-activate|p2b: Tatsugiri|ability: Commander|[of] p2a: Dondozo\n|-boost|p2a: Dondozo|atk|2\n|-boost|p2a: Dondozo|spa|2\n|-boost|p2a: Dondozo|spe|2\n|-boost|p2a: Dondozo|def|2\n|-boost|p2a: Dondozo|spd|2\n|move|p1b: Timothy Bryce|Population Bomb|p2a: Dondozo|[miss]\n|-miss|p1b: Timothy Bryce|p2a: Dondozo\n|move|p2a: Dondozo|Wave Crash|p1a: Patrick Bateman\n|-crit|p1a: Patrick Bateman\n|-enditem|p1a: Patrick Bateman|Focus Sash\n|-damage|p1a: Patrick Bateman|1\/100\n|-damage|p2a: Dondozo|82\/100|[from] Recoil\n|\n|-weather|SunnyDay|[upkeep]\n|-sideend|p1: SHIDMONBADGAME|move: Tailwind\n|upkeep\n|turn|5\n|\n|t:|1731475909\n|move|p1b: Timothy Bryce|Population Bomb|p2a: Dondozo\n|-damage|p2a: Dondozo|79\/100\n|-damage|p2a: Dondozo|77\/100\n|-damage|p2a: Dondozo|74\/100\n|-damage|p2a: Dondozo|70\/100\n|-damage|p2a: Dondozo|67\/100\n|-damage|p2a: Dondozo|64\/100\n|-damage|p2a: Dondozo|61\/100\n|-damage|p2a: Dondozo|58\/100\n|-damage|p2a: Dondozo|55\/100\n|-damage|p2a: Dondozo|53\/100\n|-hitcount|p2a: Dondozo|10\n|move|p2a: Dondozo|Order Up|p1a: Patrick Bateman\n|-damage|p1a: Patrick Bateman|0 fnt\n|faint|p1a: Patrick Bateman\n|-boost|p2a: Dondozo|atk|1\n|\n|-weather|SunnyDay|[upkeep]\n|upkeep\n|\n|t:|1731475911\n|switch|p1a: David Van Patten|Delphox, L50, M|100\/100\n|turn|6\n|\n|t:|1731475919\n|move|p1b: Timothy Bryce|Population Bomb|p2a: Dondozo\n|-damage|p2a: Dondozo|50\/100\n|-damage|p2a: Dondozo|47\/100\n|-damage|p2a: Dondozo|44\/100\n|-damage|p2a: Dondozo|41\/100\n|-damage|p2a: Dondozo|38\/100\n|-damage|p2a: Dondozo|35\/100\n|-damage|p2a: Dondozo|32\/100\n|-damage|p2a: Dondozo|29\/100\n|-damage|p2a: Dondozo|27\/100\n|-damage|p2a: Dondozo|23\/100\n|-hitcount|p2a: Dondozo|10\n|move|p1a: David Van Patten|Expanding Force|p2b: Tatsugiri|[spread] p2a\n|-miss|p1a: David Van Patten|p2b: Tatsugiri\n|-crit|p2a: Dondozo\n|-damage|p2a: Dondozo|0 fnt\n|faint|p2a: Dondozo\n|-damage|p1a: David Van Patten|91\/100|[from] item: Life Orb\n|\n|-weather|none\n|upkeep\n|\n|t:|1731475923\n|switch|p2a: Gholdengo|Gholdengo, L50, tera:Steel|100\/100\n|turn|7\n|inactive|ray4gej has 30 seconds left.\n|\n|t:|1731475949\n|move|p2b: Tatsugiri|Icy Wind|p1a: David Van Patten|[spread] p1a,p1b\n|-resisted|p1a: David Van Patten\n|-damage|p1a: David Van Patten|85\/100\n|-damage|p1b: Timothy Bryce|81\/100\n|-unboost|p1a: David Van Patten|spe|1\n|-unboost|p1b: Timothy Bryce|spe|1\n|move|p2a: Gholdengo|Shadow Ball|p1b: Timothy Bryce\n|-supereffective|p1b: Timothy Bryce\n|-damage|p1b: Timothy Bryce|0 fnt\n|faint|p1b: Timothy Bryce\n|move|p1a: David Van Patten|Heat Wave|p2a: Gholdengo|[spread] p2a,p2b\n|-supereffective|p2a: Gholdengo\n|-resisted|p2b: Tatsugiri\n|-damage|p2a: Gholdengo|15\/100\n|-damage|p2b: Tatsugiri|88\/100\n|-damage|p1a: David Van Patten|75\/100|[from] item: Life Orb\n|\n|upkeep\n|turn|8\n|\n|t:|1731475963\n|move|p2a: Gholdengo|Protect|p2a: Gholdengo\n|-singleturn|p2a: Gholdengo|Protect\n|move|p2b: Tatsugiri|Icy Wind|p1a: David Van Patten\n|-resisted|p1a: David Van Patten\n|-damage|p1a: David Van Patten|63\/100\n|-unboost|p1a: David Van Patten|spe|1\n|move|p1a: David Van Patten|Expanding Force|p2b: Tatsugiri|[spread] p2b\n|-activate|p2a: Gholdengo|move: Protect\n|-damage|p2b: Tatsugiri|0 fnt\n|faint|p2b: Tatsugiri\n|-damage|p1a: David Van Patten|53\/100|[from] item: Life Orb\n|\n|-fieldend|move: Psychic Terrain\n|upkeep\n|turn|9\n|l| mr pogostick\n|\n|t:|1731475974\n|move|p2a: Gholdengo|Shadow Ball|p1a: David Van Patten\n|-supereffective|p1a: David Van Patten\n|-damage|p1a: David Van Patten|0 fnt\n|faint|p1a: David Van Patten\n|\n|win|ray4gej\n|raw|SHIDMONBADGAME's rating: 1775 &rarr; <strong>1753<\/strong><br \/>(-22 for losing)\n|raw|ray4gej's rating: 1745 &rarr; <strong>1767<\/strong><br \/>(+22 for winning)\n|l|\u2606SHIDMONBADGAME\n|player|p1|\n","uploadtime":1731476113,"views":18,"formatid":"gen9vgc2024regh","rating":1753,"private":0,"password":null}