{"id":"gen9vgc2024regh-2242909834","format":"[Gen 9] VGC 2024 Reg H","players":["Tilzy","VGCLTH Sir Aaron"],"log":"|j|\u2606Tilzy\n|j|\u2606VGCLTH Sir Aaron\n|t:|1731484505\n|gametype|doubles\n|player|p1|Tilzy|pokemaniac|1729\n|player|p2|VGCLTH Sir Aaron|red-masters3|1719\n|teamsize|p1|6\n|teamsize|p2|6\n|gen|9\n|tier|[Gen 9] VGC 2024 Reg H\n|rated|\n|rule|Species Clause: Limit one of each Pok\u00e9mon\n|rule|Item Clause: Limit 1 of each item\n|clearpoke\n|poke|p1|Toedscruel, L50, M|\n|poke|p1|Weezing-Galar, L50, F|\n|poke|p1|Corviknight, L50, F|\n|poke|p1|Garchomp, L50, M|\n|poke|p1|Typhlosion-Hisui, L50, F|\n|poke|p1|Palafin, L50, M|\n|poke|p2|Sableye, L50, M|\n|poke|p2|Sylveon, L50, M|\n|poke|p2|Archaludon, L50, M|\n|poke|p2|Volcarona, L50, M|\n|poke|p2|Rillaboom, L50, F|\n|poke|p2|Tauros-Paldea-Aqua, L50, M|\n|teampreview|4\n|c|\u2606Tilzy|sniped lol\n|c|\u2606VGCLTH Sir Aaron|KOK\n|c|\u2606VGCLTH Sir Aaron|LOL*\n|c|\u2606Tilzy|last game was soooo sick to watch\n|\n|t:|1731484543\n|start\n|switch|p1a: Weezing|Weezing-Galar, L50, F|100\/100\n|switch|p1b: Toedscruel|Toedscruel, L50, M, shiny|100\/100\n|switch|p2a: Snowblind|Sableye, L50, M|100\/100\n|switch|p2b: Shamonerona|Volcarona, L50, M, shiny|100\/100\n|-ability|p1a: Weezing|Neutralizing Gas\n|turn|1\n|c|\u2606VGCLTH Sir Aaron|You were watching? Lol\n|c|\u2606Tilzy|ye\n|c|\u2606VGCLTH Sir Aaron|Specs volc was crazy\n|\n|t:|1731484568\n|-terastallize|p2b: Shamonerona|Grass\n|move|p2a: Snowblind|Protect|p2a: Snowblind\n|-singleturn|p2a: Snowblind|Protect\n|move|p1b: Toedscruel|Spore|p2a: Snowblind\n|-activate|p2a: Snowblind|move: Protect\n|move|p2b: Shamonerona|Quiver Dance|p2b: Shamonerona\n|-boost|p2b: Shamonerona|spa|1\n|-boost|p2b: Shamonerona|spd|1\n|-boost|p2b: Shamonerona|spe|1\n|move|p1a: Weezing|Dazzling Gleam|p2b: Shamonerona|[spread] p2b\n|-activate|p2a: Snowblind|move: Protect\n|-damage|p2b: Shamonerona|78\/100\n|\n|upkeep\n|turn|2\n|\n|t:|1731484587\n|switch|p2a: Koko The Gorythmic|Rillaboom, L50, F|100\/100\n|-terastallize|p1b: Toedscruel|Water\n|move|p2b: Shamonerona|Protect|p2b: Shamonerona\n|-singleturn|p2b: Shamonerona|Protect\n|move|p1b: Toedscruel|Acid Spray|p2b: Shamonerona\n|-activate|p2b: Shamonerona|move: Protect\n|move|p1a: Weezing|Dazzling Gleam|p2b: Shamonerona|[spread] p2a\n|-activate|p2b: Shamonerona|move: Protect\n|-damage|p2a: Koko The Gorythmic|72\/100\n|\n|upkeep\n|turn|3\n|\n|t:|1731484605\n|move|p2a: Koko The Gorythmic|Fake Out|p1a: Weezing\n|-damage|p1a: Weezing|85\/100\n|move|p2b: Shamonerona|Giga Drain|p1b: Toedscruel\n|-supereffective|p1b: Toedscruel\n|-damage|p1b: Toedscruel|4\/100\n|-heal|p2b: Shamonerona|100\/100|[from] drain|[of] p1b: Toedscruel\n|move|p1b: Toedscruel|Acid Spray|p2b: Shamonerona\n|-supereffective|p2b: Shamonerona\n|-damage|p2b: Shamonerona|90\/100\n|cant|p1a: Weezing|flinch\n|\n|upkeep\n|turn|4\n|j| cocoseed\n|j| VGCLTH Dimsum\n|\n|t:|1731484620\n|switch|p1b: Typhlosion|Typhlosion-Hisui, L50, F|100\/100\n|move|p2b: Shamonerona|Heat Wave|p1a: Weezing|[spread] p1b\n|-miss|p2b: Shamonerona|p1a: Weezing\n|-resisted|p1b: Typhlosion\n|-damage|p1b: Typhlosion|62\/100\n|move|p2a: Koko The Gorythmic|High Horsepower|p1a: Weezing|[miss]\n|-miss|p2a: Koko The Gorythmic|p1a: Weezing\n|move|p1a: Weezing|Dazzling Gleam|p2b: Shamonerona|[spread] p2a,p2b\n|-damage|p2a: Koko The Gorythmic|43\/100\n|-damage|p2b: Shamonerona|70\/100\n|\n|upkeep\n|turn|5\n|\n|t:|1731484641\n|move|p2b: Shamonerona|Protect|p2b: Shamonerona\n|-singleturn|p2b: Shamonerona|Protect\n|move|p1b: Typhlosion|Heat Wave|p2a: Koko The Gorythmic|[spread] p2a\n|-activate|p2b: Shamonerona|move: Protect\n|-supereffective|p2a: Koko The Gorythmic\n|-damage|p2a: Koko The Gorythmic|0 fnt\n|faint|p2a: Koko The Gorythmic\n|move|p1a: Weezing|Dazzling Gleam|p2b: Shamonerona\n|-activate|p2b: Shamonerona|move: Protect\n|\n|upkeep\n|\n|t:|1731484663\n|switch|p2a: Bullshifu|Tauros-Paldea-Aqua, L50, M, shiny|100\/100\n|turn|6\n|\n|t:|1731484676\n|switch|p1b: Toedscruel|Toedscruel, L50, M, shiny, tera:Water|4\/100\n|move|p2b: Shamonerona|Heat Wave|p1b: Toedscruel|[spread] p1b\n|-miss|p2b: Shamonerona|p1a: Weezing\n|-resisted|p1b: Toedscruel\n|-damage|p1b: Toedscruel|0 fnt\n|faint|p1b: Toedscruel\n|move|p2a: Bullshifu|Wave Crash|p1a: Weezing\n|-damage|p1a: Weezing|29\/100\n|-damage|p2a: Bullshifu|81\/100|[from] Recoil\n|move|p1a: Weezing|Dazzling Gleam|p2b: Shamonerona|[spread] p2a,p2b\n|-supereffective|p2a: Bullshifu\n|-crit|p2a: Bullshifu\n|-damage|p2a: Bullshifu|0 fnt\n|-damage|p2b: Shamonerona|46\/100\n|faint|p2a: Bullshifu\n|\n|upkeep\n|\n|t:|1731484684\n|switch|p1b: Typhlosion|Typhlosion-Hisui, L50, F|62\/100\n|switch|p2a: Snowblind|Sableye, L50, M|100\/100\n|turn|7\n|c|\u2606VGCLTH Sir Aaron|My volc is blind\n|c|\u2606Tilzy|ye super unlucky\n|\n|t:|1731484711\n|move|p1b: Typhlosion|Heat Wave|p2a: Snowblind|[spread] p2a,p2b\n|-supereffective|p2b: Shamonerona\n|-damage|p2a: Snowblind|47\/100\n|-damage|p2b: Shamonerona|1\/100\n|-enditem|p2a: Snowblind|Sitrus Berry|[eat]\n|-heal|p2a: Snowblind|72\/100|[from] item: Sitrus Berry\n|move|p2b: Shamonerona|Heat Wave|p1b: Typhlosion|[spread] p1a,p1b\n|-resisted|p1b: Typhlosion\n|-damage|p1a: Weezing|0 fnt\n|-damage|p1b: Typhlosion|24\/100\n|faint|p1a: Weezing\n|-end|p1a: Weezing|ability: Neutralizing Gas\n|move|p2a: Snowblind|Foul Play|p1b: Typhlosion\n|-supereffective|p1b: Typhlosion\n|-damage|p1b: Typhlosion|0 fnt\n|faint|p1b: Typhlosion\n|\n|upkeep\n|c|\u2606Tilzy|\"Weezing is the glue of the team\"\n|\n|t:|1731484724\n|switch|p1b: Garchomp|Garchomp, L50, M|100\/100\n|turn|8\n|c|\u2606VGCLTH Sir Aaron|Fr\n|c| VGCLTH Dimsum|wait\n|\n|t:|1731484733\n|move|p2b: Shamonerona|Protect|p2b: Shamonerona\n|-singleturn|p2b: Shamonerona|Protect\n|move|p1b: Garchomp|Earthquake|p2b: Shamonerona|[spread] p2a\n|-activate|p2b: Shamonerona|move: Protect\n|-damage|p2a: Snowblind|16\/100\n|-damage|p1b: Garchomp|91\/100|[from] item: Life Orb\n|move|p2a: Snowblind|Foul Play|p1b: Garchomp\n|-damage|p1b: Garchomp|41\/100\n|-damage|p2a: Snowblind|4\/100|[from] ability: Rough Skin|[of] p1b: Garchomp\n|\n|upkeep\n|turn|9\n|c| VGCLTH Dimsum|aaron this is winnable\n|c| VGCLTH Dimsum|i think\n|\n|t:|1731484751\n|move|p2a: Snowblind|Disable|p1b: Garchomp\n|-start|p1b: Garchomp|Disable|Earthquake\n|move|p2b: Shamonerona|Giga Drain|p1b: Garchomp\n|-damage|p1b: Garchomp|0 fnt\n|-heal|p2b: Shamonerona|20\/100|[from] drain|[of] p1b: Garchomp\n|faint|p1b: Garchomp\n|\n|win|VGCLTH Sir Aaron\n|raw|Tilzy's rating: 1729 &rarr; <strong>1708<\/strong><br \/>(-21 for losing)\n|raw|VGCLTH Sir Aaron's rating: 1719 &rarr; <strong>1740<\/strong><br \/>(+21 for winning)\n|c|\u2606VGCLTH Sir Aaron|Yea i win\n|c|\u2606Tilzy|ye\n|c|\u2606Tilzy|gg wp\n|l| cocoseed\n|c|\u2606VGCLTH Sir Aaron|ggs wp\n|l|\u2606Tilzy\n|player|p1|\n","uploadtime":1731484769,"views":40,"formatid":"gen9vgc2024regh","rating":1708,"private":0,"password":null}