{"id":"gen9vgc2024regh-2242785848","format":"[Gen 9] VGC 2024 Reg H","players":["karamingo","VGCLTH Slow"],"log":"|raw|<div class=\"broadcast-blue\"><strong>This battle is required to be public due to a player having a name starting with 'vgclth'.<\/div>\n|j|\u2606karamingo\n|j|\u2606VGCLTH Slow\n|t:|1731463798\n|gametype|doubles\n|player|p1|karamingo|101|1749\n|player|p2|VGCLTH Slow|skier|1675\n|teamsize|p1|6\n|teamsize|p2|6\n|gen|9\n|tier|[Gen 9] VGC 2024 Reg H\n|rated|\n|rule|Species Clause: Limit one of each Pok\u00e9mon\n|rule|Item Clause: Limit 1 of each item\n|clearpoke\n|poke|p1|Ursaluna-Bloodmoon, L50, M|\n|poke|p1|Torkoal, L50, F|\n|poke|p1|Farigiraf, L50, M|\n|poke|p1|Smeargle, L50, F|\n|poke|p1|Indeedee-F, L50, F|\n|poke|p1|Hatterene, L50, F|\n|poke|p2|Sableye, L50, F|\n|poke|p2|Sylveon, L50, M|\n|poke|p2|Archaludon, L50, F|\n|poke|p2|Volcarona, L50, M|\n|poke|p2|Rillaboom, L50, F|\n|poke|p2|Tauros-Paldea-Aqua, L50, M|\n|teampreview|4\nVGCLTH Slow has agreed to open team sheets.\n|j| kyotgst\n|\n|t:|1731463815\n|start\n|switch|p1a: Smeargle|Smeargle, L50, F|100\/100\n|switch|p1b: Farigiraf|Farigiraf, L50, M|100\/100\n|switch|p2a: Old Yeller|Sylveon, L50, M|100\/100\n|switch|p2b: Shamonerona|Volcarona, L50, M, shiny|100\/100\n|turn|1\n|\n|t:|1731463827\n|move|p2b: Shamonerona|Heat Wave|p1b: Farigiraf|[spread] p1b\n|-miss|p2b: Shamonerona|p1a: Smeargle\n|-damage|p1b: Farigiraf|70\/100\n|move|p2a: Old Yeller|Substitute|p2a: Old Yeller\n|-start|p2a: Old Yeller|Substitute\n|-damage|p2a: Old Yeller|76\/100\n|move|p1a: Smeargle|Spore||[still]\n|-fail|p1a: Smeargle\n|move|p1b: Farigiraf|Trick Room|p1b: Farigiraf\n|-fieldstart|move: Trick Room|[of] p1b: Farigiraf\n|\n|upkeep\n|turn|2\n|\n|t:|1731463843\n|switch|p2b: Koko The Gorythmic|Rillaboom, L50, F|100\/100\n|-fieldstart|move: Grassy Terrain|[from] ability: Grassy Surge|[of] p2b: Koko The Gorythmic\n|move|p1a: Smeargle|Decorate|p1b: Farigiraf\n|-boost|p1b: Farigiraf|atk|2\n|-boost|p1b: Farigiraf|spa|2\n|move|p1b: Farigiraf|Hyper Voice|p2b: Koko The Gorythmic|[spread] p2a,p2b\n|-damage|p2a: Old Yeller|32\/100\n|-damage|p2b: Koko The Gorythmic|58\/100\n|-enditem|p1b: Farigiraf|Throat Spray\n|-boost|p1b: Farigiraf|spa|1|[from] item: Throat Spray\n|move|p2a: Old Yeller|Hyper Voice|p1a: Smeargle|[spread] p1a,p1b\n|-crit|p1a: Smeargle\n|-enditem|p1a: Smeargle|Focus Sash\n|-damage|p1a: Smeargle|1\/100\n|-damage|p1b: Farigiraf|33\/100\n|-enditem|p2a: Old Yeller|Throat Spray\n|-boost|p2a: Old Yeller|spa|1|[from] item: Throat Spray\n|\n|-heal|p1a: Smeargle|7\/100|[from] Grassy Terrain\n|-heal|p1b: Farigiraf|39\/100|[from] Grassy Terrain\n|-heal|p2a: Old Yeller|37\/100|[from] Grassy Terrain\n|-heal|p2b: Koko The Gorythmic|64\/100|[from] Grassy Terrain\n|upkeep\n|turn|3\n|\n|t:|1731463867\n|move|p2a: Old Yeller|Protect|p2a: Old Yeller\n|-singleturn|p2a: Old Yeller|Protect\n|move|p1a: Smeargle|Decorate|p1b: Farigiraf\n|-boost|p1b: Farigiraf|atk|2\n|-boost|p1b: Farigiraf|spa|2\n|move|p1b: Farigiraf|Hyper Voice|p2a: Old Yeller|[spread] p2b\n|-activate|p2a: Old Yeller|move: Protect\n|-damage|p2b: Koko The Gorythmic|0 fnt\n|faint|p2b: Koko The Gorythmic\n|\n|-heal|p1a: Smeargle|13\/100|[from] Grassy Terrain\n|-heal|p1b: Farigiraf|45\/100|[from] Grassy Terrain\n|-heal|p2a: Old Yeller|43\/100|[from] Grassy Terrain\n|upkeep\n|\n|t:|1731463871\n|switch|p2b: Snowblind|Sableye, L50, F|100\/100\n|turn|4\n|\n|t:|1731463882\n|move|p2b: Snowblind|Foul Play|p1b: Farigiraf\n|-supereffective|p1b: Farigiraf\n|-damage|p1b: Farigiraf|0 fnt\n|faint|p1b: Farigiraf\n|move|p1a: Smeargle|Decorate|p1: Farigiraf|[notarget]\n|-fail|p1a: Smeargle\n|move|p2a: Old Yeller|Hyper Voice|p1a: Smeargle\n|-damage|p1a: Smeargle|0 fnt\n|faint|p1a: Smeargle\n|\n|-heal|p2a: Old Yeller|49\/100|[from] Grassy Terrain\n|upkeep\n|\n|t:|1731463888\n|switch|p1a: Ursaluna|Ursaluna-Bloodmoon, L50, M|100\/100\n|switch|p1b: Torkoal|Torkoal, L50, F|100\/100\n|-weather|SunnyDay|[from] ability: Drought|[of] p1b: Torkoal\n|turn|5\n|\n|t:|1731463895\n|-terastallize|p1a: Ursaluna|Normal\n|move|p2a: Old Yeller|Protect|p2a: Old Yeller\n|-singleturn|p2a: Old Yeller|Protect\n|move|p1b: Torkoal|Heat Wave|p2b: Snowblind|[spread] p2b\n|-activate|p2a: Old Yeller|move: Protect\n|-damage|p2b: Snowblind|16\/100\n|-enditem|p2b: Snowblind|Sitrus Berry|[eat]\n|-heal|p2b: Snowblind|41\/100|[from] item: Sitrus Berry\n|move|p2b: Snowblind|Foul Play|p1a: Ursaluna\n|-damage|p1a: Ursaluna|87\/100\n|move|p1a: Ursaluna|Hyper Voice|p2b: Snowblind|[spread] p2b\n|-activate|p2a: Old Yeller|move: Protect\n|-damage|p2b: Snowblind|0 fnt\n|faint|p2b: Snowblind\n|-damage|p1a: Ursaluna|77\/100|[from] item: Life Orb\n|\n|-weather|SunnyDay|[upkeep]\n|-heal|p1a: Ursaluna|83\/100|[from] Grassy Terrain\n|-heal|p2a: Old Yeller|55\/100|[from] Grassy Terrain\n|-fieldend|move: Trick Room\n|upkeep\n|\n|t:|1731463897\n|switch|p2b: Shamonerona|Volcarona, L50, M, shiny|100\/100\n|turn|6\n|\n|t:|1731463903\n|move|p2b: Shamonerona|Heat Wave|p1a: Ursaluna|[spread] p1a,p1b\n|-resisted|p1b: Torkoal\n|-damage|p1a: Ursaluna|17\/100\n|-damage|p1b: Torkoal|67\/100\n|move|p2a: Old Yeller|Hyper Voice|p1a: Ursaluna|[spread] p1a,p1b\n|-resisted|p1b: Torkoal\n|-damage|p1a: Ursaluna|0 fnt\n|-damage|p1b: Torkoal|23\/100\n|faint|p1a: Ursaluna\n|move|p1b: Torkoal|Heat Wave|p2b: Shamonerona|[spread] p2a,p2b\n|-end|p2a: Old Yeller|Substitute\n|-damage|p2b: Shamonerona|37\/100\n|\n|-weather|SunnyDay|[upkeep]\n|-heal|p2b: Shamonerona|43\/100|[from] Grassy Terrain\n|-heal|p2a: Old Yeller|60\/100|[from] Grassy Terrain\n|-heal|p1b: Torkoal|29\/100|[from] Grassy Terrain\n|-fieldend|move: Grassy Terrain\n|upkeep\n|turn|7\n|-message|karamingo forfeited.\n|\n|win|VGCLTH Slow\n|raw|karamingo's rating: 1749 &rarr; <strong>1725<\/strong><br \/>(-24 for losing)\n|raw|VGCLTH Slow's rating: 1675 &rarr; <strong>1699<\/strong><br \/>(+24 for winning)\n|l|\u2606karamingo\n|player|p1|\n","uploadtime":1731463915,"views":44,"formatid":"gen9vgc2024regh","rating":1699,"private":0,"password":null}