{"id":"gen9vgc2024regh-2242485636","format":"[Gen 9] VGC 2024 Reg H","players":["telephoniumz","vgclth souly"],"log":"|raw|<div class=\"broadcast-blue\"><strong>This battle is required to be public due to a player having a name starting with 'vgclth'.<\/div>\n|j|\u2606telephoniumz\n|j|\u2606vgclth souly\n|t:|1731431964\n|gametype|doubles\n|player|p1|telephoniumz|266|1769\n|player|p2|vgclth souly|#smogonxnpa2024draftee|1792\n|teamsize|p1|6\n|teamsize|p2|6\n|gen|9\n|tier|[Gen 9] VGC 2024 Reg H\n|rated|\n|rule|Species Clause: Limit one of each Pok\u00e9mon\n|rule|Item Clause: Limit 1 of each item\n|clearpoke\n|poke|p1|Dondozo, L50, M|\n|poke|p1|Maushold-Four, L50|\n|poke|p1|Gholdengo, L50|\n|poke|p1|Ursaluna-Bloodmoon, L50, M|\n|poke|p1|Sneasler, L50, M|\n|poke|p1|Dragapult, L50, M|\n|poke|p2|Archaludon, L50, F|\n|poke|p2|Pelipper, L50, F|\n|poke|p2|Electabuzz, L50, F|\n|poke|p2|Kingambit, L50, F|\n|poke|p2|Rillaboom, L50, F|\n|poke|p2|Basculegion, L50, M|\n|teampreview|4\n|inactive|Battle timer is ON: inactive players will automatically lose when time's up. (requested by vgclth souly)\n|\n|t:|1731431992\n|start\n|switch|p1a: Maushold|Maushold-Four, L50|100\/100\n|switch|p1b: Gholdengo|Gholdengo, L50|100\/100\n|switch|p2a: Archaludon|Archaludon, L50, F|100\/100\n|switch|p2b: Pelipper|Pelipper, L50, F|100\/100\n|-weather|RainDance|[from] ability: Drizzle|[of] p2b: Pelipper\n|turn|1\n|\n|t:|1731432008\n|move|p2b: Pelipper|Protect|p2b: Pelipper\n|-singleturn|p2b: Pelipper|Protect\n|move|p1a: Maushold|Super Fang|p2a: Archaludon\n|-damage|p2a: Archaludon|50\/100\n|-ability|p2a: Archaludon|Stamina|boost\n|-boost|p2a: Archaludon|def|1\n|move|p1b: Gholdengo|Shadow Ball|p2b: Pelipper\n|-activate|p2b: Pelipper|move: Protect\n|move|p2a: Archaludon|Electro Shot||[still]\n|-prepare|p2a: Archaludon|Electro Shot\n|-boost|p2a: Archaludon|spa|1\n|-anim|p2a: Archaludon|Electro Shot|p1b: Gholdengo\n|-damage|p1b: Gholdengo|53\/100\n|\n|-weather|RainDance|[upkeep]\n|-heal|p2a: Archaludon|57\/100|[from] item: Leftovers\n|upkeep\n|turn|2\n|j| The Winking Dol\n|\n|t:|1731432020\n|switch|p2b: Rillaboom|Rillaboom, L50, F|100\/100\n|-fieldstart|move: Grassy Terrain|[from] ability: Grassy Surge|[of] p2b: Rillaboom\n|move|p2a: Archaludon|Protect|p2a: Archaludon\n|-singleturn|p2a: Archaludon|Protect\n|move|p1a: Maushold|Super Fang|p2a: Archaludon\n|-activate|p2a: Archaludon|move: Protect\n|move|p1b: Gholdengo|Shadow Ball|p2b: Rillaboom\n|-damage|p2b: Rillaboom|48\/100\n|\n|-weather|RainDance|[upkeep]\n|-heal|p1b: Gholdengo|59\/100|[from] Grassy Terrain\n|-heal|p2b: Rillaboom|54\/100|[from] Grassy Terrain\n|-heal|p2a: Archaludon|63\/100|[from] Grassy Terrain\n|-heal|p2a: Archaludon|69\/100|[from] item: Leftovers\n|upkeep\n|turn|3\n|\n|t:|1731432026\n|move|p2b: Rillaboom|Fake Out|p1a: Maushold\n|-damage|p1a: Maushold|85\/100\n|-damage|p2b: Rillaboom|37\/100|[from] item: Rocky Helmet|[of] p1a: Maushold\n|cant|p1a: Maushold|flinch\n|move|p1b: Gholdengo|Shadow Ball|p2a: Archaludon\n|-damage|p2a: Archaludon|6\/100\n|-unboost|p2a: Archaludon|spd|1\n|-ability|p2a: Archaludon|Stamina|boost\n|-boost|p2a: Archaludon|def|1\n|move|p2a: Archaludon|Electro Shot||[still]\n|-prepare|p2a: Archaludon|Electro Shot\n|-boost|p2a: Archaludon|spa|1\n|-anim|p2a: Archaludon|Electro Shot|p1b: Gholdengo\n|-damage|p1b: Gholdengo|0 fnt\n|faint|p1b: Gholdengo\n|\n|-weather|RainDance|[upkeep]\n|-heal|p1a: Maushold|91\/100|[from] Grassy Terrain\n|-heal|p2b: Rillaboom|43\/100|[from] Grassy Terrain\n|-heal|p2a: Archaludon|12\/100|[from] Grassy Terrain\n|-heal|p2a: Archaludon|19\/100|[from] item: Leftovers\n|upkeep\n|\n|t:|1731432035\n|switch|p1b: Sneasler|Sneasler, L50, M|100\/100\n|turn|4\n|j| tzer99\n|\n|t:|1731432046\n|move|p2a: Archaludon|Protect|p2a: Archaludon\n|-singleturn|p2a: Archaludon|Protect\n|move|p1a: Maushold|Feint|p2a: Archaludon\n|-activate|p2a: Archaludon|move: Feint\n|-resisted|p2a: Archaludon\n|-damage|p2a: Archaludon|17\/100\n|-ability|p2a: Archaludon|Stamina|boost\n|-boost|p2a: Archaludon|def|1\n|move|p2b: Rillaboom|Grassy Glide|p1b: Sneasler\n|-resisted|p1b: Sneasler\n|-damage|p1b: Sneasler|83\/100\n|move|p1b: Sneasler|Close Combat|p2a: Archaludon\n|-supereffective|p2a: Archaludon\n|-damage|p2a: Archaludon|0 fnt\n|-unboost|p1b: Sneasler|def|1\n|-unboost|p1b: Sneasler|spd|1\n|-enditem|p1b: Sneasler|White Herb\n|-clearnegativeboost|p1b: Sneasler|[silent]\n|faint|p2a: Archaludon\n|\n|-weather|RainDance|[upkeep]\n|-heal|p1b: Sneasler|89\/100|[from] Grassy Terrain\n|-heal|p1a: Maushold|97\/100|[from] Grassy Terrain\n|-heal|p2b: Rillaboom|49\/100|[from] Grassy Terrain\n|upkeep\n|\n|t:|1731432051\n|switch|p2a: Basculegion|Basculegion, L50, M|100\/100\n|turn|5\n|inactive|telephoniumz has 30 seconds left.\n|\n|t:|1731432081\n|move|p1a: Maushold|Follow Me|p1a: Maushold\n|-singleturn|p1a: Maushold|move: Follow Me\n|move|p1b: Sneasler|Throat Chop|p2a: Basculegion\n|-supereffective|p2a: Basculegion\n|-damage|p2a: Basculegion|37\/100\n|-start|p2a: Basculegion|Throat Chop|[silent]\n|move|p2a: Basculegion|Wave Crash|p1a: Maushold\n|-damage|p1a: Maushold|0 fnt\n|-damage|p2a: Basculegion|21\/100|[from] item: Rocky Helmet|[of] p1a: Maushold\n|faint|p1a: Maushold\n|-damage|p2a: Basculegion|0 fnt|[from] Recoil\n|faint|p2a: Basculegion\n|move|p2b: Rillaboom|High Horsepower|p1b: Sneasler\n|-supereffective|p1b: Sneasler\n|-damage|p1b: Sneasler|6\/100\n|\n|-weather|none\n|-heal|p1b: Sneasler|12\/100|[from] Grassy Terrain\n|-heal|p2b: Rillaboom|55\/100|[from] Grassy Terrain\n|upkeep\n|\n|t:|1731432086\n|switch|p1a: Ursaluna|Ursaluna-Bloodmoon, L50, M|100\/100\n|switch|p2a: Pelipper|Pelipper, L50, F|100\/100\n|-weather|RainDance|[from] ability: Drizzle|[of] p2a: Pelipper\n|turn|6\n|\n|t:|1731432107\n|-terastallize|p1a: Ursaluna|Ghost\n|move|p1b: Sneasler|Protect|p1b: Sneasler\n|-singleturn|p1b: Sneasler|Protect\n|move|p2b: Rillaboom|Grassy Glide|p1b: Sneasler\n|-activate|p1b: Sneasler|move: Protect\n|move|p2a: Pelipper|Tailwind|p2a: Pelipper\n|-sidestart|p2: vgclth souly|move: Tailwind\n|move|p1a: Ursaluna|Blood Moon|p2b: Rillaboom\n|-damage|p2b: Rillaboom|0 fnt\n|faint|p2b: Rillaboom\n|\n|-weather|RainDance|[upkeep]\n|-heal|p1b: Sneasler|18\/100|[from] Grassy Terrain\n|-fieldend|move: Grassy Terrain\n|upkeep\n|turn|7\n|\n|t:|1731432120\n|-terastallize|p2a: Pelipper|Stellar\n|move|p1b: Sneasler|Dire Claw|p2a: Pelipper\n|-damage|p2a: Pelipper|49\/100\n|move|p2a: Pelipper|Weather Ball|p1a: Ursaluna\n|-damage|p1a: Ursaluna|37\/100\n|move|p1a: Ursaluna|Hyper Voice|p2a: Pelipper\n|-damage|p2a: Pelipper|0 fnt\n|faint|p2a: Pelipper\n|\n|win|telephoniumz\n|raw|telephoniumz's rating: 1769 &rarr; <strong>1790<\/strong><br \/>(+21 for winning)\n|raw|vgclth souly's rating: 1792 &rarr; <strong>1771<\/strong><br \/>(-21 for losing)\n|l|\u2606vgclth souly\n|player|p2|\n|l|\u2606telephoniumz\n|player|p1|\n|l| The Winking Dol\n","uploadtime":1731432314,"views":42,"formatid":"gen9vgc2024regh","rating":1771,"private":0,"password":null}