{"id":"gen9vgc2024regh-2242844905","format":"[Gen 9] VGC 2024 Reg H","players":["Jamtaviousiv","VGCLTH Sac gaming"],"log":"|raw|<div class=\"broadcast-blue\"><strong>This battle is required to be public due to a player having a name starting with 'vgclth'.<\/div>\n|j|\u2606Jamtaviousiv\n|j|\u2606VGCLTH Sac gaming\n|t:|1731472072\n|gametype|doubles\n|player|p1|Jamtaviousiv|101|1690\n|player|p2|VGCLTH Sac gaming|steven|1723\n|teamsize|p1|6\n|teamsize|p2|6\n|gen|9\n|tier|[Gen 9] VGC 2024 Reg H\n|rated|\n|rule|Species Clause: Limit one of each Pok\u00e9mon\n|rule|Item Clause: Limit 1 of each item\n|clearpoke\n|poke|p1|Indeedee, L50, M|\n|poke|p1|Talonflame, L50, M|\n|poke|p1|Arcanine-Hisui, L50, F|\n|poke|p1|Amoonguss, L50, F|\n|poke|p1|Ursaluna-Bloodmoon, L50, M|\n|poke|p1|Sneasler, L50, M|\n|poke|p2|Whimsicott, L50, M|\n|poke|p2|Dragonite, L50, M|\n|poke|p2|Ursaluna-Bloodmoon, L50, M|\n|poke|p2|Gholdengo, L50|\n|poke|p2|Incineroar, L50, M|\n|poke|p2|Annihilape, L50, M|\n|teampreview|4\n|inactive|Battle timer is ON: inactive players will automatically lose when time's up. (requested by Jamtaviousiv)\nVGCLTH Sac gaming rejected open team sheets.\n|inactive|Jamtaviousiv has 60 seconds left.\n|\n|t:|1731472107\n|start\n|switch|p1a: Talonflame|Talonflame, L50, M|100\/100\n|switch|p1b: Ursaluna|Ursaluna-Bloodmoon, L50, M|100\/100\n|switch|p2a: Whimsicott|Whimsicott, L50, M|100\/100\n|switch|p2b: Dragonite|Dragonite, L50, M|100\/100\n|turn|1\n|\n|t:|1731472122\n|-terastallize|p2b: Dragonite|Steel\n|move|p2a: Whimsicott|Tailwind|p2a: Whimsicott\n|-sidestart|p2: VGCLTH Sac gaming|move: Tailwind\n|move|p2b: Dragonite|Scale Shot|p1b: Ursaluna\n|-damage|p1b: Ursaluna|88\/100\n|-damage|p1b: Ursaluna|75\/100\n|-damage|p1b: Ursaluna|62\/100\n|-damage|p1b: Ursaluna|49\/100\n|-hitcount|p1b: Ursaluna|4\n|-unboost|p2b: Dragonite|def|1\n|-boost|p2b: Dragonite|spe|1\n|move|p1a: Talonflame|Will-O-Wisp|p2b: Dragonite\n|-status|p2b: Dragonite|brn\n|move|p1b: Ursaluna|Hyper Voice|p2b: Dragonite|[spread] p2a,p2b\n|-resisted|p2b: Dragonite\n|-damage|p2a: Whimsicott|13\/100\n|-damage|p2b: Dragonite|88\/100 brn\n|-damage|p1b: Ursaluna|39\/100|[from] item: Life Orb\n|\n|-damage|p2b: Dragonite|82\/100 brn|[from] brn\n|upkeep\n|turn|2\n|j| wizzpoower\n|inactive|Jamtaviousiv has 30 seconds left.\n|inactive|VGCLTH Sac gaming has 30 seconds left.\n|\n|t:|1731472152\n|switch|p1a: Sneasler|Sneasler, L50, M|100\/100\n|move|p1b: Ursaluna|Protect|p1b: Ursaluna\n|-singleturn|p1b: Ursaluna|Protect\n|move|p2a: Whimsicott|Encore||[still]\n|-fail|p2a: Whimsicott\n|move|p2b: Dragonite|Scale Shot|p1b: Ursaluna\n|-activate|p1b: Ursaluna|move: Protect\n|\n|-damage|p2b: Dragonite|76\/100 brn|[from] brn\n|upkeep\n|turn|3\n|\n|t:|1731472165\n|switch|p1b: Indeedee|Indeedee, L50, M|100\/100\n|-fieldstart|move: Psychic Terrain|[from] ability: Psychic Surge|[of] p1b: Indeedee\n|-enditem|p1a: Sneasler|Psychic Seed\n|-boost|p1a: Sneasler|spd|1|[from] item: Psychic Seed\n|move|p2b: Dragonite|Scale Shot|p1a: Sneasler\n|-crit|p1a: Sneasler\n|-damage|p1a: Sneasler|81\/100\n|-damage|p1a: Sneasler|68\/100\n|-damage|p1a: Sneasler|54\/100\n|-damage|p1a: Sneasler|41\/100\n|-damage|p1a: Sneasler|27\/100\n|-hitcount|p1a: Sneasler|5\n|-unboost|p2b: Dragonite|def|1\n|-boost|p2b: Dragonite|spe|1\n|move|p2a: Whimsicott|Moonblast|p1a: Sneasler\n|-damage|p1a: Sneasler|0 fnt\n|faint|p1a: Sneasler\n|\n|-damage|p2b: Dragonite|70\/100 brn|[from] brn\n|upkeep\n|j| kyotgst\n|\n|t:|1731472178\n|switch|p1a: Talonflame|Talonflame, L50, M|100\/100\n|turn|4\n|inactive|Jamtaviousiv has 30 seconds left.\n|inactive|VGCLTH Sac gaming has 30 seconds left.\n|inactive|VGCLTH Sac gaming has 20 seconds left.\n|inactive|VGCLTH Sac gaming has 15 seconds left.\n|inactive|Jamtaviousiv has 20 seconds left.\n|inactive|Jamtaviousiv has 15 seconds left.\n|\n|t:|1731472228\n|switch|p2a: Ursaluna|Ursaluna-Bloodmoon, L50, M|100\/100\n|move|p1b: Indeedee|Protect|p1b: Indeedee\n|-singleturn|p1b: Indeedee|Protect\n|move|p2b: Dragonite|Ice Spinner|p1a: Talonflame\n|-damage|p1a: Talonflame|81\/100\n|-fieldend|move: Psychic Terrain\n|move|p1a: Talonflame|Flare Blitz|p2a: Ursaluna\n|-damage|p2a: Ursaluna|72\/100\n|-damage|p1a: Talonflame|71\/100|[from] Recoil\n|\n|-damage|p2b: Dragonite|64\/100 brn|[from] brn\n|-sideend|p2: VGCLTH Sac gaming|move: Tailwind\n|upkeep\n|turn|5\n|j| mr pogostick\n|\n|t:|1731472246\n|move|p2b: Dragonite|Scale Shot|p1a: Talonflame|[miss]\n|-miss|p2b: Dragonite|p1a: Talonflame\n|move|p1a: Talonflame|Tailwind|p1a: Talonflame\n|-sidestart|p1: Jamtaviousiv|move: Tailwind\n|move|p1b: Indeedee|Expanding Force|p2a: Ursaluna\n|-damage|p2a: Ursaluna|43\/100\n|move|p2a: Ursaluna|Hyper Voice|p1a: Talonflame|[spread] p1a,p1b\n|-damage|p1a: Talonflame|20\/100\n|-damage|p1b: Indeedee|48\/100\n|\n|-damage|p2b: Dragonite|58\/100 brn|[from] brn\n|upkeep\n|turn|6\n|\n|t:|1731472265\n|move|p2b: Dragonite|Extreme Speed|p1a: Talonflame\n|-damage|p1a: Talonflame|0 fnt\n|faint|p1a: Talonflame\n|move|p2a: Ursaluna|Vacuum Wave|p1b: Indeedee\n|-damage|p1b: Indeedee|27\/100\n|move|p1b: Indeedee|Expanding Force|p2a: Ursaluna\n|-damage|p2a: Ursaluna|17\/100\n|\n|-damage|p2b: Dragonite|52\/100 brn|[from] brn\n|upkeep\n|\n|t:|1731472269\n|switch|p1a: Ursaluna|Ursaluna-Bloodmoon, L50, M|39\/100\n|turn|7\n|\n|t:|1731472288\n|move|p2b: Dragonite|Extreme Speed|p1a: Ursaluna\n|-damage|p1a: Ursaluna|27\/100\n|move|p2a: Ursaluna|Vacuum Wave|p1a: Ursaluna\n|-supereffective|p1a: Ursaluna\n|-damage|p1a: Ursaluna|0 fnt\n|faint|p1a: Ursaluna\n|move|p1b: Indeedee|Expanding Force|p2a: Ursaluna\n|-damage|p2a: Ursaluna|0 fnt\n|faint|p2a: Ursaluna\n|\n|-damage|p2b: Dragonite|46\/100 brn|[from] brn\n|upkeep\n|\n|t:|1731472294\n|switch|p2a: Gholdengo|Gholdengo, L50|100\/100\n|turn|8\n|-message|Jamtaviousiv forfeited.\n|\n|win|VGCLTH Sac gaming\n|raw|Jamtaviousiv's rating: 1690 &rarr; <strong>1672<\/strong><br \/>(-18 for losing)\n|raw|VGCLTH Sac gaming's rating: 1723 &rarr; <strong>1741<\/strong><br \/>(+18 for winning)\n","uploadtime":1731472298,"views":31,"formatid":"gen9vgc2024regh","rating":1672,"private":0,"password":null}