{"id":"gen9vgc2024regh-2242916741","format":"[Gen 9] VGC 2024 Reg H","players":["Tilzy","ray4gej"],"log":"|j|\u2606Tilzy\n|j|\u2606ray4gej\n|t:|1731485879\n|gametype|doubles\n|player|p1|Tilzy|pokemaniac|1708\n|player|p2|ray4gej|169|1711\n|teamsize|p1|6\n|teamsize|p2|6\n|gen|9\n|tier|[Gen 9] VGC 2024 Reg H\n|rated|\n|rule|Species Clause: Limit one of each Pok\u00e9mon\n|rule|Item Clause: Limit 1 of each item\n|clearpoke\n|poke|p1|Toedscruel, L50, F|\n|poke|p1|Weezing-Galar, L50, F|\n|poke|p1|Corviknight, L50, M|\n|poke|p1|Garchomp, L50, F|\n|poke|p1|Typhlosion-Hisui, L50, F|\n|poke|p1|Palafin, L50, M|\n|poke|p2|Dondozo, L50, F|\n|poke|p2|Tatsugiri, L50, F|\n|poke|p2|Sneasler, L50, M|\n|poke|p2|Flamigo, L50, F|\n|poke|p2|Amoonguss, L50, M|\n|poke|p2|Gholdengo, L50|\n|teampreview|4\nTilzy has agreed to open team sheets.\n|\n|t:|1731485929\n|start\n|switch|p1a: Weezing|Weezing-Galar, L50, F|100\/100\n|switch|p1b: Typhlosion|Typhlosion-Hisui, L50, F|100\/100\n|switch|p2a: Sneasler|Sneasler, L50, M|100\/100\n|switch|p2b: Gholdengo|Gholdengo, L50|100\/100\n|-ability|p1a: Weezing|Neutralizing Gas\n|turn|1\n|j| john0601john\n|\n|t:|1731485954\n|-terastallize|p1a: Weezing|Flying\n|move|p2b: Gholdengo|Protect|p2b: Gholdengo\n|-singleturn|p2b: Gholdengo|Protect\n|move|p1b: Typhlosion|Eruption|p2b: Gholdengo|[spread] p2a\n|-activate|p2b: Gholdengo|move: Protect\n|-damage|p2a: Sneasler|19\/100\n|move|p2a: Sneasler|Dire Claw|p1b: Typhlosion\n|-resisted|p1b: Typhlosion\n|-damage|p1b: Typhlosion|72\/100\n|move|p1a: Weezing|Dazzling Gleam|p2a: Sneasler|[spread] p2a\n|-activate|p2b: Gholdengo|move: Protect\n|-damage|p2a: Sneasler|0 fnt\n|faint|p2a: Sneasler\n|\n|upkeep\n|\n|t:|1731485961\n|switch|p2a: Tatsugiri|Tatsugiri, L50, F|100\/100\n|turn|2\n|\n|t:|1731485990\n|-terastallize|p2b: Gholdengo|Steel\n|move|p2a: Tatsugiri|Muddy Water|p1a: Weezing|[spread] p1a,p1b\n|-supereffective|p1b: Typhlosion\n|-damage|p1a: Weezing|60\/100\n|-damage|p1b: Typhlosion|0 fnt\n|faint|p1b: Typhlosion\n|move|p2b: Gholdengo|Make It Rain|p1a: Weezing\n|-damage|p1a: Weezing|0 fnt\n|-unboost|p2b: Gholdengo|spa|1\n|faint|p1a: Weezing\n|-end|p1a: Weezing|ability: Neutralizing Gas\n|\n|upkeep\n|c|\u2606Tilzy|lucky\n|\n|t:|1731486002\n|switch|p1b: Garchomp|Garchomp, L50, F|100\/100\n|switch|p1a: Corviknight|Corviknight, L50, M|100\/100\n|turn|3\n|\n|t:|1731486011\n|switch|p2a: Flamigo|Flamigo, L50, F|100\/100\n|move|p1b: Garchomp|Earthquake|p2b: Gholdengo|[spread] p2b\n|-immune|p1a: Corviknight\n|-immune|p2a: Flamigo\n|-supereffective|p2b: Gholdengo\n|-damage|p2b: Gholdengo|0 fnt\n|faint|p2b: Gholdengo\n|-damage|p1b: Garchomp|91\/100|[from] item: Life Orb\n|move|p1a: Corviknight|Tailwind|p1a: Corviknight\n|-sidestart|p1: Tilzy|move: Tailwind\n|\n|upkeep\n|c|\u2606ray4gej|How?\n|\n|t:|1731486020\n|switch|p2b: Tatsugiri|Tatsugiri, L50, F|100\/100\n|turn|4\n|c|\u2606Tilzy|speedtie tatsu typh\n|\n|t:|1731486034\n|move|p1b: Garchomp|Dragon Claw|p2b: Tatsugiri\n|-supereffective|p2b: Tatsugiri\n|-damage|p2b: Tatsugiri|0 fnt\n|faint|p2b: Tatsugiri\n|-damage|p1b: Garchomp|81\/100|[from] item: Life Orb\n|move|p1a: Corviknight|Brave Bird|p2a: Flamigo\n|-supereffective|p2a: Flamigo\n|-enditem|p2a: Flamigo|Focus Sash\n|-damage|p2a: Flamigo|1\/100\n|-damage|p1a: Corviknight|76\/100|[from] Recoil\n|move|p2a: Flamigo|Tailwind|p2a: Flamigo\n|-sidestart|p2: ray4gej|move: Tailwind\n|\n|upkeep\n|turn|5\n|c|\u2606ray4gej|It was 220\n|l| john0601john\n|c|\u2606ray4gej|Gg\n|c|\u2606Tilzy|modest max typh = timid max tatsu\n|c|\u2606Tilzy|gg\n|\n|t:|1731486059\n|move|p1b: Garchomp|Dragon Claw|p2a: Flamigo\n|-damage|p2a: Flamigo|0 fnt\n|faint|p2a: Flamigo\n|-damage|p1b: Garchomp|71\/100|[from] item: Life Orb\n|\n|win|Tilzy\n|raw|Tilzy's rating: 1708 &rarr; <strong>1728<\/strong><br \/>(+20 for winning)\n|raw|ray4gej's rating: 1711 &rarr; <strong>1691<\/strong><br \/>(-20 for losing)\n|l|\u2606Tilzy\n|player|p1|\n","uploadtime":1731486209,"views":18,"formatid":"gen9vgc2024regh","rating":1691,"private":0,"password":null}