{"id":"gen9vgc2024regh-2242758045","format":"[Gen 9] VGC 2024 Reg H","players":["HarshEuroBarge","VGCLTH lily"],"log":"|raw|<div class=\"broadcast-blue\"><strong>This battle is required to be public due to a player having a name starting with 'vgclth'.<\/div>\n|j|\u2606HarshEuroBarge\n|j|\u2606VGCLTH lily\n|t:|1731460337\n|gametype|doubles\n|player|p1|HarshEuroBarge|265|1693\n|player|p2|VGCLTH lily|akari|1674\n|teamsize|p1|6\n|teamsize|p2|6\n|gen|9\n|tier|[Gen 9] VGC 2024 Reg H\n|rated|\n|rule|Species Clause: Limit one of each Pok\u00e9mon\n|rule|Item Clause: Limit 1 of each item\n|clearpoke\n|poke|p1|Smeargle, L50, M|\n|poke|p1|Primeape, L50, M|\n|poke|p1|Rillaboom, L50, M|\n|poke|p1|Indeedee-F, L50, F|\n|poke|p1|Whimsicott, L50, M|\n|poke|p1|Krookodile, L50, M|\n|poke|p2|Baxcalibur, L50, F|\n|poke|p2|Dondozo, L50, M|\n|poke|p2|Kingambit, L50, M|\n|poke|p2|Rillaboom, L50, M|\n|poke|p2|Sneasler, L50, F|\n|poke|p2|Volcarona, L50, M|\n|teampreview|4\n|inactive|Battle timer is ON: inactive players will automatically lose when time's up. (requested by VGCLTH lily)\n|inactive|VGCLTH lily has 60 seconds left.\n|\n|t:|1731460387\n|start\n|switch|p1a: Smeargle|Smeargle, L50, M|100\/100\n|switch|p1b: Whimsicott|Whimsicott, L50, M|100\/100\n|switch|p2a: Baxcalibur|Baxcalibur, L50, F|100\/100\n|switch|p2b: Volcarona|Volcarona, L50, M|100\/100\n|turn|1\n|\n|t:|1731460401\n|move|p1b: Whimsicott|Tailwind|p1b: Whimsicott\n|-sidestart|p1: HarshEuroBarge|move: Tailwind\n|move|p1a: Smeargle|Spore|p2a: Baxcalibur\n|-status|p2a: Baxcalibur|slp|[from] move: Spore\n|move|p2b: Volcarona|Heat Wave|p1a: Smeargle|[spread] p1a,p1b\n|-supereffective|p1b: Whimsicott\n|-damage|p1a: Smeargle|30\/100\n|-damage|p1b: Whimsicott|11\/100\n|cant|p2a: Baxcalibur|slp\n|\n|-ability|p1a: Smeargle|Moody|boost\n|-boost|p1a: Smeargle|spd|2\n|-unboost|p1a: Smeargle|atk|1\n|upkeep\n|turn|2\n|\n|t:|1731460414\n|switch|p1b: Primeape|Primeape, L50, M, shiny|100\/100\n|cant|p2a: Baxcalibur|slp\n|move|p1a: Smeargle|Surging Strikes|p1b: Primeape\n|-crit|p1b: Primeape\n|-damage|p1b: Primeape|99\/100\n|-setboost|p1b: Primeape|atk|6|[from] ability: Anger Point\n|-crit|p1b: Primeape\n|-damage|p1b: Primeape|97\/100\n|-crit|p1b: Primeape\n|-damage|p1b: Primeape|95\/100\n|-hitcount|p1b: Primeape|3\n|move|p2b: Volcarona|Heat Wave|p1b: Primeape|[spread] p1a,p1b\n|-damage|p1a: Smeargle|0 fnt\n|-damage|p1b: Primeape|69\/100\n|faint|p1a: Smeargle\n|\n|upkeep\n|\n|t:|1731460424\n|switch|p1a: Indeedee|Indeedee-F, L50, F|100\/100\n|-fieldstart|move: Psychic Terrain|[from] ability: Psychic Surge|[of] p1a: Indeedee\n|turn|3\n|\n|t:|1731460438\n|-terastallize|p1b: Primeape|Fire\n|move|p1a: Indeedee|Follow Me|p1a: Indeedee\n|-singleturn|p1a: Indeedee|move: Follow Me\n|move|p2b: Volcarona|Rage Powder|p2b: Volcarona\n|-singleturn|p2b: Volcarona|move: Rage Powder\n|move|p1b: Primeape|Drain Punch|p2b: Volcarona\n|-resisted|p2b: Volcarona\n|-damage|p2b: Volcarona|39\/100\n|-heal|p1b: Primeape|100\/100|[from] drain|[of] p2b: Volcarona\n|-curestatus|p2a: Baxcalibur|slp|[msg]\n|move|p2a: Baxcalibur|Scale Shot|p1a: Indeedee\n|-crit|p1a: Indeedee\n|-damage|p1a: Indeedee|73\/100\n|-damage|p1a: Indeedee|53\/100\n|-crit|p1a: Indeedee\n|-damage|p1a: Indeedee|26\/100\n|-damage|p1a: Indeedee|6\/100\n|-damage|p1a: Indeedee|0 fnt\n|faint|p1a: Indeedee\n|-hitcount|p1: Indeedee|5\n|-unboost|p2a: Baxcalibur|def|1\n|-boost|p2a: Baxcalibur|spe|1\n|\n|upkeep\n|\n|t:|1731460452\n|switch|p1a: Whimsicott|Whimsicott, L50, M|11\/100\n|turn|4\n|\n|t:|1731460469\n|-terastallize|p2a: Baxcalibur|Ghost\n|move|p1a: Whimsicott|Moonblast|p2b: Volcarona\n|-resisted|p2b: Volcarona\n|-damage|p2b: Volcarona|26\/100\n|move|p1b: Primeape|Drain Punch|p2a: Baxcalibur\n|-immune|p2a: Baxcalibur\n|move|p2a: Baxcalibur|Scale Shot|p1b: Primeape\n|-damage|p1b: Primeape|85\/100\n|-damage|p1b: Primeape|72\/100\n|-damage|p1b: Primeape|57\/100\n|-damage|p1b: Primeape|44\/100\n|-hitcount|p1b: Primeape|4\n|-unboost|p2a: Baxcalibur|def|1\n|-boost|p2a: Baxcalibur|spe|1\n|move|p2b: Volcarona|Heat Wave|p1b: Primeape|[spread] \n|-miss|p2b: Volcarona|p1a: Whimsicott\n|-miss|p2b: Volcarona|p1b: Primeape\n|\n|-sideend|p1: HarshEuroBarge|move: Tailwind\n|upkeep\n|turn|5\n|\n|t:|1731460488\n|move|p1a: Whimsicott|Tailwind|p1a: Whimsicott\n|-sidestart|p1: HarshEuroBarge|move: Tailwind\n|move|p2a: Baxcalibur|Scale Shot|p1b: Primeape\n|-damage|p1b: Primeape|30\/100\n|-damage|p1b: Primeape|17\/100\n|-damage|p1b: Primeape|3\/100\n|-damage|p1b: Primeape|0 fnt\n|faint|p1b: Primeape\n|-hitcount|p1: Primeape|4\n|-unboost|p2a: Baxcalibur|def|1\n|-boost|p2a: Baxcalibur|spe|1\n|move|p2b: Volcarona|Heat Wave|p1a: Whimsicott\n|-supereffective|p1a: Whimsicott\n|-damage|p1a: Whimsicott|0 fnt\n|faint|p1a: Whimsicott\n|\n|win|VGCLTH lily\n|raw|HarshEuroBarge's rating: 1693 &rarr; <strong>1672<\/strong><br \/>(-21 for losing)\n|raw|VGCLTH lily's rating: 1674 &rarr; <strong>1695<\/strong><br \/>(+21 for winning)\n|l|\u2606HarshEuroBarge\n|player|p1|\n|l|\u2606VGCLTH lily\n|player|p2|\n","uploadtime":1731460495,"views":41,"formatid":"gen9vgc2024regh","rating":1672,"private":0,"password":null}