{"id":"gen9vgc2024regh-2242025006","format":"[Gen 9] VGC 2024 Reg H","players":["grovyleuwu","vgclth souly"],"log":"|raw|<div class=\"broadcast-blue\"><strong>This battle is required to be public due to a player having a name starting with 'vgclth'.<\/div>\n|j|\u2606grovyleuwu\n|j|\u2606vgclth souly\n|t:|1731367725\n|gametype|doubles\n|player|p1|grovyleuwu|whitney|1756\n|player|p2|vgclth souly|hero-conquest|1734\n|teamsize|p1|6\n|teamsize|p2|6\n|gen|9\n|tier|[Gen 9] VGC 2024 Reg H\n|rated|\n|rule|Species Clause: Limit one of each Pok\u00e9mon\n|rule|Item Clause: Limit 1 of each item\n|clearpoke\n|poke|p1|Pelipper, L50, F|\n|poke|p1|Sneasler, L50, M|\n|poke|p1|Archaludon, L50, F|\n|poke|p1|Indeedee, L50, M|\n|poke|p1|Basculegion, L50, M|\n|poke|p1|Talonflame, L50, M|\n|poke|p2|Archaludon, L50, M|\n|poke|p2|Pelipper, L50, M|\n|poke|p2|Electabuzz, L50, F|\n|poke|p2|Kingambit, L50, M|\n|poke|p2|Rillaboom, L50, F|\n|poke|p2|Basculegion, L50, M|\n|teampreview|4\n|inactive|Battle timer is ON: inactive players will automatically lose when time's up. (requested by grovyleuwu)\n|j| FBISurveillanceMan\n|\n|t:|1731367755\n|start\n|switch|p1a: Talonflame|Talonflame, L50, M|100\/100\n|switch|p1b: Archaludon|Archaludon, L50, F|100\/100\n|switch|p2a: Electabuzz|Electabuzz, L50, F|100\/100\n|switch|p2b: Kingambit|Kingambit, L50, M|100\/100\n|turn|1\n|j| UGCL\n|\n|t:|1731367767\n|-terastallize|p1b: Archaludon|Electric\n|-terastallize|p2b: Kingambit|Dark\n|move|p2a: Electabuzz|Follow Me|p2a: Electabuzz\n|-singleturn|p2a: Electabuzz|move: Follow Me\n|move|p1a: Talonflame|Will-O-Wisp|p2a: Electabuzz\n|-status|p2a: Electabuzz|brn\n|move|p1b: Archaludon|Electro Shot||[still]\n|-prepare|p1b: Archaludon|Electro Shot\n|-boost|p1b: Archaludon|spa|1\n|-enditem|p1b: Archaludon|Power Herb\n|-anim|p1b: Archaludon|Electro Shot|p2a: Electabuzz\n|-resisted|p2a: Electabuzz\n|-damage|p2a: Electabuzz|58\/100 brn\n|move|p2b: Kingambit|Kowtow Cleave|p1b: Archaludon\n|-damage|p1b: Archaludon|29\/100\n|\n|-damage|p2a: Electabuzz|52\/100 brn|[from] brn\n|upkeep\n|turn|2\n|inactive|vgclth souly has 30 seconds left.\n|\n|t:|1731367795\n|switch|p1a: Indeedee|Indeedee, L50, M|100\/100\n|-fieldstart|move: Psychic Terrain|[from] ability: Psychic Surge|[of] p1a: Indeedee\n|move|p2a: Electabuzz|Follow Me|p2a: Electabuzz\n|-singleturn|p2a: Electabuzz|move: Follow Me\n|move|p1b: Archaludon|Dragon Pulse|p2a: Electabuzz\n|-damage|p2a: Electabuzz|0 fnt\n|faint|p2a: Electabuzz\n|move|p2b: Kingambit|Kowtow Cleave|p1b: Archaludon\n|-damage|p1b: Archaludon|0 fnt\n|faint|p1b: Archaludon\n|\n|upkeep\n|\n|t:|1731367807\n|switch|p1b: Talonflame|Talonflame, L50, M|100\/100\n|switch|p2a: Archaludon|Archaludon, L50, M|100\/100\n|turn|3\n|\n|t:|1731367827\n|move|p1a: Indeedee|Protect|p1a: Indeedee\n|-singleturn|p1a: Indeedee|Protect\n|move|p2b: Kingambit|Protect|p2b: Kingambit\n|-singleturn|p2b: Kingambit|Protect\n|move|p1b: Talonflame|Flare Blitz|p2b: Kingambit\n|-activate|p2b: Kingambit|move: Protect\n|move|p2a: Archaludon|Electro Shot||[still]\n|-prepare|p2a: Archaludon|Electro Shot\n|-boost|p2a: Archaludon|spa|1\n|\n|upkeep\n|turn|4\n|j| ProssettiVGC\n|j| Flarefox_7\n|\n|t:|1731367838\n|move|p1b: Talonflame|Flare Blitz|p2b: Kingambit\n|-damage|p2b: Kingambit|64\/100\n|-damage|p1b: Talonflame|84\/100|[from] Recoil\n|move|p1a: Indeedee|Expanding Force|p2a: Archaludon|[spread] p2a\n|-immune|p2b: Kingambit\n|-resisted|p2a: Archaludon\n|-damage|p2a: Archaludon|77\/100\n|-ability|p2a: Archaludon|Stamina|boost\n|-boost|p2a: Archaludon|def|1\n|move|p2a: Archaludon|Electro Shot|p1b: Talonflame|[from]lockedmove\n|-supereffective|p1b: Talonflame\n|-damage|p1b: Talonflame|0 fnt\n|faint|p1b: Talonflame\n|move|p2b: Kingambit|Kowtow Cleave|p1a: Indeedee\n|-supereffective|p1a: Indeedee\n|-enditem|p1a: Indeedee|Focus Sash\n|-damage|p1a: Indeedee|1\/100\n|\n|-heal|p2a: Archaludon|83\/100|[from] item: Leftovers\n|upkeep\n|\n|t:|1731367849\n|switch|p1b: Sneasler|Sneasler, L50, M|100\/100\n|-enditem|p1b: Sneasler|Psychic Seed\n|-boost|p1b: Sneasler|spd|1|[from] item: Psychic Seed\n|turn|5\n|-message|grovyleuwu forfeited.\n|\n|win|vgclth souly\n|raw|grovyleuwu's rating: 1756 &rarr; <strong>1735<\/strong><br \/>(-21 for losing)\n|raw|vgclth souly's rating: 1734 &rarr; <strong>1755<\/strong><br \/>(+21 for winning)\n|l|\u2606grovyleuwu\n|player|p1|\n|l|\u2606vgclth souly\n|player|p2|\n|l| Flarefox_7\n|l| UGCL\n","uploadtime":1731368078,"views":40,"formatid":"gen9vgc2024regh","rating":1735,"private":0,"password":null}