{"id":"gen9vgc2024regh-2242676170","format":"[Gen 9] VGC 2024 Reg H","players":["bgc0","mlm2016"],"log":"|j|\u2606bgc0\n|j|\u2606mlm2016\n|t:|1731450531\n|gametype|doubles\n|player|p1|bgc0|steven|1814\n|player|p2|mlm2016|juggler|1671\n|teamsize|p1|6\n|teamsize|p2|6\n|gen|9\n|tier|[Gen 9] VGC 2024 Reg H\n|rated|\n|rule|Species Clause: Limit one of each Pok\u00e9mon\n|rule|Item Clause: Limit 1 of each item\n|clearpoke\n|poke|p1|Espathra, L50, F|\n|poke|p1|Archaludon, L50, M|\n|poke|p1|Incineroar, L50, M|\n|poke|p1|Ninetales-Alola, L50, F|\n|poke|p1|Murkrow, L50, M|\n|poke|p1|Amoonguss, L50, M|\n|poke|p2|Typhlosion-Hisui, L50, M|\n|poke|p2|Whimsicott, L50, F|\n|poke|p2|Dragonite, L50, M|\n|poke|p2|Indeedee-F, L50, F|\n|poke|p2|Delphox, L50, M|\n|poke|p2|Ursaluna, L50, F|\n|teampreview|4\n|inactive|Battle timer is ON: inactive players will automatically lose when time's up. (requested by mlm2016)\n|inactive|bgc0 has 60 seconds left.\n|\n|t:|1731450570\n|start\n|switch|p1a: Incineroar|Incineroar, L50, M|100\/100\n|switch|p1b: Murkrow|Murkrow, L50, M|100\/100\n|switch|p2a: Indeedee|Indeedee-F, L50, F|100\/100\n|switch|p2b: Delphox|Delphox, L50, M|100\/100\n|-fieldstart|move: Psychic Terrain|[from] ability: Psychic Surge|[of] p2a: Indeedee\n|-enditem|p2a: Indeedee|Psychic Seed\n|-boost|p2a: Indeedee|spd|1|[from] item: Psychic Seed\n|-ability|p1a: Incineroar|Intimidate|boost\n|-unboost|p2a: Indeedee|atk|1\n|-unboost|p2b: Delphox|atk|1\n|turn|1\n|\n|t:|1731450592\n|move|p2b: Delphox|Trick|p1b: Murkrow\n|-activate|p2b: Delphox|move: Trick|[of] p1b: Murkrow\n|-item|p1b: Murkrow|Choice Specs|[from] move: Trick\n|-item|p2b: Delphox|Eviolite|[from] move: Trick\n|move|p1b: Murkrow|Brave Bird|p2a: Indeedee\n|-damage|p2a: Indeedee|67\/100\n|-damage|p1b: Murkrow|89\/100|[from] Recoil\n|move|p1a: Incineroar|Knock Off|p2a: Indeedee\n|-supereffective|p2a: Indeedee\n|-damage|p2a: Indeedee|15\/100\n|move|p2a: Indeedee|Trick Room|p2a: Indeedee\n|-fieldstart|move: Trick Room|[of] p2a: Indeedee\n|\n|upkeep\n|turn|2\n|inactive|bgc0 has 30 seconds left.\n|inactive|bgc0 has 20 seconds left.\n|\n|t:|1731450628\n|switch|p2b: Ursaluna|Ursaluna, L50, F|100\/100\n|move|p2a: Indeedee|Follow Me|p2a: Indeedee\n|-singleturn|p2a: Indeedee|move: Follow Me\n|move|p1a: Incineroar|Knock Off|p2a: Indeedee\n|-supereffective|p2a: Indeedee\n|-damage|p2a: Indeedee|0 fnt\n|faint|p2a: Indeedee\n|move|p1b: Murkrow|Brave Bird|p2b: Ursaluna\n|-damage|p2b: Ursaluna|70\/100\n|-damage|p1b: Murkrow|75\/100|[from] Recoil\n|\n|-status|p2b: Ursaluna|brn|[from] item: Flame Orb\n|upkeep\n|\n|t:|1731450640\n|switch|p2a: Dragonite|Dragonite, L50, M|100\/100\n|turn|3\n|inactive|bgc0 has 30 seconds left.\n|inactive|mlm2016 has 30 seconds left.\n|inactive|bgc0 has 20 seconds left.\n|\n|t:|1731450678\n|-terastallize|p1a: Incineroar|Ghost\n|move|p2b: Ursaluna|Protect|p2b: Ursaluna\n|-singleturn|p2b: Ursaluna|Protect\n|move|p1a: Incineroar|Parting Shot|p2a: Dragonite\n|-unboost|p2a: Dragonite|atk|1\n|-unboost|p2a: Dragonite|spa|1\n|\n|t:|1731450693\n|switch|p1a: Ninetales|Ninetales-Alola, L50, F, shiny|100\/100|[from] Parting Shot\n|-weather|Snow|[from] ability: Snow Warning|[of] p1a: Ninetales\n|move|p1b: Murkrow|Brave Bird|p2a: Dragonite\n|-damage|p2a: Dragonite|81\/100\n|-damage|p1b: Murkrow|69\/100|[from] Recoil\n|move|p2a: Dragonite|Stomping Tantrum|p1a: Ninetales\n|-crit|p1a: Ninetales\n|-damage|p1a: Ninetales|54\/100\n|\n|-weather|Snow|[upkeep]\n|-damage|p2b: Ursaluna|65\/100 brn|[from] brn\n|upkeep\n|turn|4\n|inactive|mlm2016 has 30 seconds left.\n|inactive|mlm2016 has 20 seconds left.\n|inactive|mlm2016 has 15 seconds left.\n|inactive|mlm2016 has 10 seconds left.\n|\n|t:|1731450740\n|switch|p1a: Incineroar|Incineroar, L50, M, tera:Ghost|100\/100\n|-ability|p1a: Incineroar|Intimidate|boost\n|-unboost|p2a: Dragonite|atk|1\n|-unboost|p2b: Ursaluna|atk|1\n|move|p2b: Ursaluna|Headlong Rush|p1a: Incineroar\n|-damage|p1a: Incineroar|39\/100\n|-unboost|p2b: Ursaluna|def|1\n|-unboost|p2b: Ursaluna|spd|1\n|move|p1b: Murkrow|Brave Bird|p2a: Dragonite\n|-damage|p2a: Dragonite|39\/100\n|-damage|p1b: Murkrow|54\/100|[from] Recoil\n|move|p2a: Dragonite|Scale Shot|p1b: Murkrow\n|-damage|p1b: Murkrow|45\/100\n|-damage|p1b: Murkrow|36\/100\n|-damage|p1b: Murkrow|26\/100\n|-damage|p1b: Murkrow|17\/100\n|-crit|p1b: Murkrow\n|-damage|p1b: Murkrow|0 fnt\n|faint|p1b: Murkrow\n|-hitcount|p1: Murkrow|5\n|-unboost|p2a: Dragonite|def|1\n|-boost|p2a: Dragonite|spe|1\n|\n|-weather|Snow|[upkeep]\n|-damage|p2b: Ursaluna|59\/100 brn|[from] brn\n|upkeep\n|\n|t:|1731450759\n|switch|p1b: Archaludon|Archaludon, L50, M, shiny|100\/100\n|turn|5\n|inactive|mlm2016 has 30 seconds left.\n|\n|t:|1731450785\n|-terastallize|p2b: Ursaluna|Ghost\n|move|p1a: Incineroar|Fake Out|p2b: Ursaluna\n|-activate|p2b: Ursaluna|move: Psychic Terrain\n|move|p2b: Ursaluna|Earthquake|p1a: Incineroar|[spread] p1a,p1b\n|-immune|p2a: Dragonite\n|-supereffective|p1b: Archaludon\n|-damage|p1a: Incineroar|5\/100\n|-damage|p1b: Archaludon|23\/100\n|move|p1b: Archaludon|Electro Shot||[still]\n|-prepare|p1b: Archaludon|Electro Shot\n|-boost|p1b: Archaludon|spa|1\n|-enditem|p1b: Archaludon|Power Herb\n|-anim|p1b: Archaludon|Electro Shot|p2a: Dragonite\n|-damage|p2a: Dragonite|0 fnt\n|faint|p2a: Dragonite\n|\n|-weather|Snow|[upkeep]\n|-damage|p2b: Ursaluna|53\/100 brn|[from] brn\n|-fieldend|move: Trick Room\n|-fieldend|move: Psychic Terrain\n|upkeep\n|\n|t:|1731450800\n|switch|p2a: Delphox|Delphox, L50, M|100\/100\n|turn|6\n|inactive|mlm2016 has 30 seconds left.\n|\n|t:|1731450832\n|move|p2a: Delphox|Heat Wave|p1a: Incineroar|[spread] p1a,p1b\n|-damage|p1a: Incineroar|0 fnt\n|-damage|p1b: Archaludon|0 fnt\n|faint|p1a: Incineroar\n|faint|p1b: Archaludon\n|move|p2b: Ursaluna|Facade|p1: Incineroar|[notarget]\n|-fail|p2b: Ursaluna\n|\n|-weather|Snow|[upkeep]\n|-damage|p2b: Ursaluna|47\/100 brn|[from] brn\n|upkeep\n|inactive|bgc0 has 30 seconds left.\n|\n|t:|1731450863\n|switch|p1b: Ninetales|Ninetales-Alola, L50, F, shiny|54\/100\n|turn|7\n|\n|t:|1731450883\n|move|p1b: Ninetales|Blizzard|p2b: Ursaluna|[spread] p2a,p2b\n|-resisted|p2a: Delphox\n|-damage|p2a: Delphox|74\/100\n|-damage|p2b: Ursaluna|0 fnt\n|faint|p2b: Ursaluna\n|move|p2a: Delphox|Overheat|p1b: Ninetales\n|-supereffective|p1b: Ninetales\n|-damage|p1b: Ninetales|0 fnt\n|-unboost|p2a: Delphox|spa|2\n|faint|p1b: Ninetales\n|\n|win|mlm2016\n|raw|bgc0's rating: 1814 &rarr; <strong>1786<\/strong><br \/>(-28 for losing)\n|raw|mlm2016's rating: 1671 &rarr; <strong>1699<\/strong><br \/>(+28 for winning)\n|c|\u2606mlm2016|gg\n|c|\u2606bgc0|Gg\n|l|\u2606bgc0\n|player|p1|\n|l|\u2606mlm2016\n|player|p2|\n","uploadtime":1731451070,"views":43,"formatid":"gen9vgc2024regh","rating":1699,"private":0,"password":null}