{"id":"gen9vgc2024regh-2242796824","format":"[Gen 9] VGC 2024 Reg H","players":["soft bans","VGCLTH fangame"],"log":"|raw|<div class=\"broadcast-blue\"><strong>This battle is required to be public due to a player having a name starting with 'vgclth'.<\/div>\n|j|\u2606soft bans\n|j|\u2606VGCLTH fangame\n|t:|1731465232\n|gametype|doubles\n|player|p1|soft bans|1|1683\n|player|p2|VGCLTH fangame|red|1717\n|teamsize|p1|6\n|teamsize|p2|6\n|gen|9\n|tier|[Gen 9] VGC 2024 Reg H\n|rated|\n|rule|Species Clause: Limit one of each Pok\u00e9mon\n|rule|Item Clause: Limit 1 of each item\n|clearpoke\n|poke|p1|Sableye, L50, M|\n|poke|p1|Archaludon, L50, F|\n|poke|p1|Arcanine, L50, M|\n|poke|p1|Politoed, L50, M|\n|poke|p1|Sinistcha-Masterpiece, L50|\n|poke|p1|Whimsicott, L50, M|\n|poke|p2|Glaceon, L50, F|\n|poke|p2|Ninetales-Alola, L50, F|\n|poke|p2|Milotic, L50, M|\n|poke|p2|Incineroar, L50, F|\n|poke|p2|Ursaluna-Bloodmoon, L50, M|\n|poke|p2|Annihilape, L50, M|\n|teampreview|4\n|inactive|Battle timer is ON: inactive players will automatically lose when time's up. (requested by VGCLTH fangame)\n|j| plplk\n|l| plplk\n|inactive|VGCLTH fangame has 60 seconds left.\n|\n|t:|1731465274\n|start\n|switch|p1a: Sableye|Sableye, L50, M|100\/100\n|switch|p1b: Archaludon|Archaludon, L50, F|100\/100\n|switch|p2a: Milotic|Milotic, L50, M, shiny|100\/100\n|switch|p2b: Ursaluna|Ursaluna-Bloodmoon, L50, M|100\/100\n|turn|1\n|j| kyotgst\n|\n|t:|1731465289\n|-terastallize|p2a: Milotic|Grass\n|move|p1a: Sableye|Light Screen|p1a: Sableye\n|-sidestart|p1: soft bans|move: Light Screen\n|move|p1b: Archaludon|Flash Cannon|p2b: Ursaluna\n|-damage|p2b: Ursaluna|77\/100\n|move|p2a: Milotic|Hypnosis|p1b: Archaludon\n|-status|p1b: Archaludon|slp|[from] move: Hypnosis\n|move|p2b: Ursaluna|Blood Moon|p1a: Sableye\n|-damage|p1a: Sableye|40\/100\n|\n|upkeep\n|turn|2\n|c|\u2606soft bans|come on\n|inactive|soft bans has 30 seconds left.\n|inactive|VGCLTH fangame has 30 seconds left.\n|c|\u2606soft bans|thats so cheap lol\n|\n|t:|1731465321\n|move|p1a: Sableye|Reflect|p1a: Sableye\n|-sidestart|p1: soft bans|Reflect\n|cant|p1b: Archaludon|slp\n|move|p2a: Milotic|Hypnosis|p1a: Sableye\n|-status|p1a: Sableye|slp|[from] move: Hypnosis\n|move|p2b: Ursaluna|Earth Power|p1a: Sableye\n|-damage|p1a: Sableye|0 fnt\n|faint|p1a: Sableye\n|\n|upkeep\n|\n|t:|1731465336\n|switch|p1a: Sinistcha|Sinistcha-Masterpiece, L50|100\/100\n|turn|3\n|j| plplk\n|\n|t:|1731465350\n|switch|p2b: Annihilape|Annihilape, L50, M, shiny|100\/100\n|cant|p1b: Archaludon|slp\n|move|p2a: Milotic|Coil|p2a: Milotic\n|-boost|p2a: Milotic|atk|1\n|-boost|p2a: Milotic|def|1\n|-boost|p2a: Milotic|accuracy|1\n|move|p1a: Sinistcha|Matcha Gotcha|p2a: Milotic|[spread] p2a,p2b\n|-resisted|p2a: Milotic\n|-damage|p2a: Milotic|93\/100\n|-damage|p2b: Annihilape|78\/100\n|-status|p2a: Milotic|brn\n|-status|p2b: Annihilape|brn\n|\n|-heal|p2b: Annihilape|84\/100 brn|[from] item: Leftovers\n|-damage|p2b: Annihilape|78\/100 brn|[from] brn\n|-damage|p2a: Milotic|87\/100 brn|[from] brn\n|upkeep\n|turn|4\n|inactive|soft bans has 30 seconds left.\n|\n|t:|1731465380\n|move|p2b: Annihilape|Bulk Up|p2b: Annihilape\n|-boost|p2b: Annihilape|atk|1\n|-boost|p2b: Annihilape|def|1\n|cant|p1b: Archaludon|slp\n|move|p2a: Milotic|Hypnosis|p1a: Sinistcha\n|-status|p1a: Sinistcha|slp|[from] move: Hypnosis\n|cant|p1a: Sinistcha|slp\n|\n|-heal|p2b: Annihilape|84\/100 brn|[from] item: Leftovers\n|-damage|p2b: Annihilape|78\/100 brn|[from] brn\n|-damage|p2a: Milotic|81\/100 brn|[from] brn\n|upkeep\n|turn|5\n|c|\u2606soft bans|ffs\n|l| kyotgst\n|inactive|soft bans has 30 seconds left.\n|\n|t:|1731465405\n|switch|p1a: Politoed|Politoed, L50, M|100\/100\n|-weather|RainDance|[from] ability: Drizzle|[of] p1a: Politoed\n|move|p2b: Annihilape|Bulk Up|p2b: Annihilape\n|-boost|p2b: Annihilape|atk|1\n|-boost|p2b: Annihilape|def|1\n|-curestatus|p1b: Archaludon|slp|[msg]\n|move|p1b: Archaludon|Electro Shot||[still]\n|-prepare|p1b: Archaludon|Electro Shot\n|-boost|p1b: Archaludon|spa|1\n|-anim|p1b: Archaludon|Electro Shot|p2b: Annihilape\n|-damage|p2b: Annihilape|23\/100 brn\n|move|p2a: Milotic|Hypnosis|p1b: Archaludon\n|-status|p1b: Archaludon|slp|[from] move: Hypnosis\n|\n|-weather|RainDance|[upkeep]\n|-heal|p2b: Annihilape|29\/100 brn|[from] item: Leftovers\n|-damage|p2b: Annihilape|23\/100 brn|[from] brn\n|-damage|p2a: Milotic|74\/100 brn|[from] brn\n|upkeep\n|turn|6\n|j| kyotgst\n|inactive|VGCLTH fangame has 30 seconds left.\n|inactive|soft bans has 30 seconds left.\n|inactive|VGCLTH fangame has 20 seconds left.\n|\n|t:|1731465443\n|move|p1a: Politoed|Weather Ball|p2b: Annihilape\n|-damage|p2b: Annihilape|0 fnt\n|faint|p2b: Annihilape\n|cant|p1b: Archaludon|slp\n|move|p2a: Milotic|Hypnosis|p1a: Politoed\n|-status|p1a: Politoed|slp|[from] move: Hypnosis\n|\n|-weather|RainDance|[upkeep]\n|-damage|p2a: Milotic|68\/100 brn|[from] brn\n|upkeep\n|\n|t:|1731465445\n|switch|p2b: Ninetales|Ninetales-Alola, L50, F, shiny|100\/100\n|-weather|Snow|[from] ability: Snow Warning|[of] p2b: Ninetales\n|turn|7\n|\n|t:|1731465467\n|cant|p1a: Politoed|slp\n|move|p2b: Ninetales|Aurora Veil|p2b: Ninetales\n|-sidestart|p2: VGCLTH fangame|move: Aurora Veil\n|cant|p1b: Archaludon|slp\n|move|p2a: Milotic|Coil|p2a: Milotic\n|-boost|p2a: Milotic|atk|1\n|-boost|p2a: Milotic|def|1\n|-boost|p2a: Milotic|accuracy|1\n|\n|-weather|Snow|[upkeep]\n|-damage|p2a: Milotic|62\/100 brn|[from] brn\n|upkeep\n|turn|8\n|\n|t:|1731465478\n|cant|p1a: Politoed|slp\n|move|p2b: Ninetales|Blizzard|p1a: Politoed|[spread] p1a,p1b\n|-resisted|p1a: Politoed\n|-damage|p1a: Politoed|89\/100 slp\n|-damage|p1b: Archaludon|84\/100 slp\n|-ability|p1b: Archaludon|Stamina|boost\n|-boost|p1b: Archaludon|def|1\n|-curestatus|p1b: Archaludon|slp|[msg]\n|move|p1b: Archaludon|Flash Cannon|p2b: Ninetales\n|-supereffective|p2b: Ninetales\n|-damage|p2b: Ninetales|0 fnt\n|faint|p2b: Ninetales\n|move|p2a: Milotic|Life Dew|p2a: Milotic\n|-heal|p2a: Milotic|87\/100 brn\n|\n|-weather|Snow|[upkeep]\n|-damage|p2a: Milotic|81\/100 brn|[from] brn\n|-sideend|p1: soft bans|move: Light Screen\n|upkeep\n|\n|t:|1731465483\n|switch|p2b: Ursaluna|Ursaluna-Bloodmoon, L50, M|77\/100\n|turn|9\n|inactive|soft bans has 30 seconds left.\n|inactive|soft bans has 20 seconds left.\n|\n|t:|1731465518\n|-terastallize|p1b: Archaludon|Ghost\n|-curestatus|p1a: Politoed|slp|[msg]\n|move|p1a: Politoed|Weather Ball|p2b: Ursaluna\n|-supereffective|p2b: Ursaluna\n|-damage|p2b: Ursaluna|49\/100\n|move|p1b: Archaludon|Body Press|p2b: Ursaluna\n|-supereffective|p2b: Ursaluna\n|-damage|p2b: Ursaluna|14\/100\n|move|p2a: Milotic|Hypnosis|p1b: Archaludon\n|-status|p1b: Archaludon|slp|[from] move: Hypnosis\n|move|p2b: Ursaluna|Blood Moon|p1a: Politoed\n|-damage|p1a: Politoed|4\/100\n|\n|-weather|Snow|[upkeep]\n|-damage|p2a: Milotic|74\/100 brn|[from] brn\n|-sideend|p1: soft bans|Reflect\n|upkeep\n|turn|10\n|\n|t:|1731465543\n|switch|p1b: Sinistcha|Sinistcha-Masterpiece, L50|100\/100 slp\n|-heal|p1a: Politoed|29\/100|[from] ability: Hospitality|[of] p1b: Sinistcha\n|move|p2b: Ursaluna|Vacuum Wave|p1a: Politoed\n|-damage|p1a: Politoed|13\/100\n|move|p1a: Politoed|Weather Ball|p2b: Ursaluna\n|-supereffective|p2b: Ursaluna\n|-damage|p2b: Ursaluna|0 fnt\n|faint|p2b: Ursaluna\n|move|p2a: Milotic|Life Dew|p2a: Milotic\n|-heal|p2a: Milotic|99\/100 brn\n|\n|-weather|Snow|[upkeep]\n|-damage|p2a: Milotic|93\/100 brn|[from] brn\n|upkeep\n|turn|11\n|\n|t:|1731465560\n|switch|p1a: Archaludon|Archaludon, L50, F, tera:Ghost|84\/100 slp\n|move|p2a: Milotic|Muddy Water|p1a: Archaludon|[spread] p1a,p1b\n|-resisted|p1b: Sinistcha\n|-damage|p1a: Archaludon|65\/100 slp\n|-damage|p1b: Sinistcha|90\/100 slp\n|-ability|p1a: Archaludon|Stamina|boost\n|-boost|p1a: Archaludon|def|1\n|-enditem|p1b: Sinistcha|Eject Button\n|\n|t:|1731465568\n|switch|p1b: Politoed|Politoed, L50, M|13\/100\n|-weather|RainDance|[from] ability: Drizzle|[of] p1b: Politoed\n|\n|-weather|RainDance|[upkeep]\n|-damage|p2a: Milotic|87\/100 brn|[from] brn\n|upkeep\n|turn|12\n|\n|t:|1731465581\n|switch|p1a: Sinistcha|Sinistcha-Masterpiece, L50|90\/100 slp\n|-heal|p1b: Politoed|38\/100|[from] ability: Hospitality|[of] p1a: Sinistcha\n|move|p1b: Politoed|Ice Beam|p2a: Milotic\n|-supereffective|p2a: Milotic\n|-damage|p2a: Milotic|67\/100 brn\n|move|p2a: Milotic|Muddy Water|p1b: Politoed|[spread] p1a,p1b\n|-resisted|p1a: Sinistcha\n|-resisted|p1b: Politoed\n|-damage|p1a: Sinistcha|73\/100 slp\n|-damage|p1b: Politoed|18\/100\n|-unboost|p1a: Sinistcha|accuracy|1\n|-unboost|p1b: Politoed|accuracy|1\n|\n|-weather|RainDance|[upkeep]\n|-damage|p2a: Milotic|60\/100 brn|[from] brn\n|upkeep\n|turn|13\n|\n|t:|1731465598\n|switch|p1b: Archaludon|Archaludon, L50, F, tera:Ghost|65\/100 slp\n|move|p2a: Milotic|Muddy Water|p1a: Sinistcha|[spread] p1a,p1b\n|-resisted|p1a: Sinistcha\n|-damage|p1a: Sinistcha|57\/100 slp\n|-damage|p1b: Archaludon|38\/100 slp\n|-ability|p1b: Archaludon|Stamina|boost\n|-boost|p1b: Archaludon|def|1\n|cant|p1a: Sinistcha|slp\n|\n|-weather|RainDance|[upkeep]\n|-damage|p2a: Milotic|54\/100 brn|[from] brn\n|upkeep\n|turn|14\n|c|\u2606soft bans|desperation levels kicking in\n|\n|t:|1731465616\n|cant|p1b: Archaludon|slp\n|move|p2a: Milotic|Muddy Water|p1a: Sinistcha|[spread] p1a,p1b\n|-resisted|p1a: Sinistcha\n|-damage|p1a: Sinistcha|40\/100 slp\n|-damage|p1b: Archaludon|12\/100 slp\n|-unboost|p1a: Sinistcha|accuracy|1\n|-unboost|p1b: Archaludon|accuracy|1\n|-ability|p1b: Archaludon|Stamina|boost\n|-boost|p1b: Archaludon|def|1\n|-curestatus|p1a: Sinistcha|slp|[msg]\n|move|p1a: Sinistcha|Life Dew|p1a: Sinistcha|[spread] p1a,p1b\n|-heal|p1a: Sinistcha|65\/100\n|-heal|p1b: Archaludon|37\/100 slp\n|\n|-weather|RainDance|[upkeep]\n|-damage|p2a: Milotic|48\/100 brn|[from] brn\n|-sideend|p2: VGCLTH fangame|move: Aurora Veil\n|upkeep\n|-enditem|p2a: Milotic|Sitrus Berry|[eat]\n|-heal|p2a: Milotic|73\/100 brn|[from] item: Sitrus Berry\n|turn|15\n|l| plplk\n|inactive|VGCLTH fangame has 30 seconds left.\n|inactive|VGCLTH fangame has 20 seconds left.\n|\n|t:|1731465654\n|cant|p1b: Archaludon|slp\n|move|p2a: Milotic|Muddy Water|p1b: Archaludon|[spread] p1a,p1b\n|-resisted|p1a: Sinistcha\n|-damage|p1a: Sinistcha|48\/100\n|-damage|p1b: Archaludon|10\/100 slp\n|-ability|p1b: Archaludon|Stamina|boost\n|-boost|p1b: Archaludon|def|1\n|move|p1a: Sinistcha|Life Dew|p1a: Sinistcha|[spread] p1a,p1b\n|-heal|p1a: Sinistcha|73\/100\n|-heal|p1b: Archaludon|35\/100 slp\n|\n|-weather|none\n|-damage|p2a: Milotic|67\/100 brn|[from] brn\n|upkeep\n|turn|16\n|c|\u2606soft bans|blind hypnosis top strat homie\n|\n|t:|1731465672\n|cant|p1b: Archaludon|slp\n|move|p2a: Milotic|Muddy Water|p1b: Archaludon|[spread] p1a,p1b\n|-resisted|p1a: Sinistcha\n|-damage|p1a: Sinistcha|63\/100\n|-damage|p1b: Archaludon|16\/100 slp\n|-ability|p1b: Archaludon|Stamina|boost\n|-boost|p1b: Archaludon|def|1\n|move|p1a: Sinistcha|Life Dew|p1a: Sinistcha|[spread] p1a,p1b\n|-heal|p1a: Sinistcha|88\/100\n|-heal|p1b: Archaludon|41\/100 slp\n|\n|-damage|p2a: Milotic|60\/100 brn|[from] brn\n|upkeep\n|turn|17\n|c|\u2606soft bans|max sleep turns consistently too\n|\n|t:|1731465688\n|-curestatus|p1b: Archaludon|slp|[msg]\n|move|p1b: Archaludon|Body Press|p2a: Milotic\n|-damage|p2a: Milotic|24\/100 brn\n|move|p2a: Milotic|Hypnosis|p1a: Sinistcha\n|-status|p1a: Sinistcha|slp|[from] move: Hypnosis\n|cant|p1a: Sinistcha|slp\n|\n|-damage|p2a: Milotic|18\/100 brn|[from] brn\n|upkeep\n|turn|18\n|-message|VGCLTH fangame forfeited.\n|\n|win|soft bans\n|raw|soft bans's rating: 1683 &rarr; <strong>1705<\/strong><br \/>(+22 for winning)\n|raw|VGCLTH fangame's rating: 1717 &rarr; <strong>1695<\/strong><br \/>(-22 for losing)\n|l|\u2606VGCLTH fangame\n|player|p2|\n|c|\u2606soft bans|lol\n|c|\u2606soft bans|pathetic\n|c|\u2606soft bans|honeslty\n|l|\u2606soft bans\n|player|p1|\n","uploadtime":1731465938,"views":47,"formatid":"gen9vgc2024regh","rating":1695,"private":0,"password":null}