{"id":"gen9vgc2024regh-2242150618","format":"[Gen 9] VGC 2024 Reg H","players":["Terry kloak","elvegis1"],"log":"|j|\u2606Terry kloak\n|j|\u2606elvegis1\n|t:|1731383442\n|gametype|doubles\n|player|p1|Terry kloak|1|1642\n|player|p2|elvegis1|lucas|1733\n|teamsize|p1|6\n|teamsize|p2|6\n|gen|9\n|tier|[Gen 9] VGC 2024 Reg H\n|rated|\n|rule|Species Clause: Limit one of each Pok\u00e9mon\n|rule|Item Clause: Limit 1 of each item\n|clearpoke\n|poke|p1|Conkeldurr, L50, F|\n|poke|p1|Dusclops, L50, F|\n|poke|p1|Ursaluna-Bloodmoon, L50, M|\n|poke|p1|Rillaboom, L50, F|\n|poke|p1|Empoleon, L50, F|\n|poke|p1|Dragapult, L50, M|\n|poke|p2|Incineroar, L50, F|\n|poke|p2|Gholdengo, L50|\n|poke|p2|Dondozo, L50, F|\n|poke|p2|Sneasler, L50, M|\n|poke|p2|Ursaluna, L50, F|\n|poke|p2|Dusclops, L50, M|\n|teampreview|4\n|inactive|Battle timer is ON: inactive players will automatically lose when time's up. (requested by elvegis1)\n|inactive|Terry kloak has 60 seconds left.\n|inactive|elvegis1 has 60 seconds left.\n|\n|t:|1731383494\n|start\n|switch|p1a: Empoleon|Empoleon, L50, F|100\/100\n|switch|p1b: Dragapult|Dragapult, L50, M|100\/100\n|switch|p2a: Incineroar|Incineroar, L50, F|100\/100\n|switch|p2b: Dondozo|Dondozo, L50, F|100\/100\n|-ability|p2a: Incineroar|Intimidate|boost\n|-unboost|p1a: Empoleon|atk|1\n|-ability|p1a: Empoleon|Competitive|boost\n|-boost|p1a: Empoleon|spa|2\n|-fail|p1b: Dragapult|unboost|[from] ability: Clear Body|[of] p1b: Dragapult\n|turn|1\n|\n|t:|1731383513\n|move|p1a: Empoleon|Protect|p1a: Empoleon\n|-singleturn|p1a: Empoleon|Protect\n|move|p2a: Incineroar|Fake Out|p1a: Empoleon\n|-activate|p1a: Empoleon|move: Protect\n|move|p1b: Dragapult|U-turn|p2a: Incineroar\n|-damage|p2a: Incineroar|73\/100\n|\n|t:|1731383523\n|switch|p1b: Rillaboom|Rillaboom, L50, F|100\/100|[from] U-turn\n|-fieldstart|move: Grassy Terrain|[from] ability: Grassy Surge|[of] p1b: Rillaboom\n|move|p2b: Dondozo|Yawn|p1a: Empoleon\n|-activate|p1a: Empoleon|move: Protect\n|\n|-heal|p2a: Incineroar|79\/100|[from] Grassy Terrain\n|upkeep\n|turn|2\n|\n|t:|1731383542\n|move|p1b: Rillaboom|U-turn|p2a: Incineroar\n|-damage|p2a: Incineroar|56\/100\n|\n|t:|1731383545\n|switch|p1b: Dragapult|Dragapult, L50, M|100\/100|[from] U-turn\n|move|p2a: Incineroar|Flare Blitz|p1b: Dragapult\n|-resisted|p1b: Dragapult\n|-damage|p1b: Dragapult|66\/100\n|-damage|p2a: Incineroar|46\/100|[from] Recoil\n|-enditem|p2a: Incineroar|Sitrus Berry|[eat]\n|-heal|p2a: Incineroar|71\/100|[from] item: Sitrus Berry\n|move|p1a: Empoleon|Water Pledge|p2a: Incineroar\n|-supereffective|p2a: Incineroar\n|-damage|p2a: Incineroar|0 fnt\n|faint|p2a: Incineroar\n|move|p2b: Dondozo|Yawn|p1a: Empoleon\n|-start|p1a: Empoleon|move: Yawn|[of] p2b: Dondozo\n|\n|-heal|p1b: Dragapult|72\/100|[from] Grassy Terrain\n|upkeep\n|\n|t:|1731383559\n|switch|p2a: Gholdengo|Gholdengo, L50|100\/100\n|turn|3\n|j| generalursus\n|\n|t:|1731383583\n|move|p2a: Gholdengo|Protect|p2a: Gholdengo\n|-singleturn|p2a: Gholdengo|Protect\n|move|p1b: Dragapult|Phantom Force||[still]\n|-prepare|p1b: Dragapult|Phantom Force\n|move|p1a: Empoleon|Water Pledge|p2a: Gholdengo\n|-activate|p2a: Gholdengo|move: Protect\n|move|p2b: Dondozo|Body Press|p1a: Empoleon\n|-supereffective|p1a: Empoleon\n|-damage|p1a: Empoleon|60\/100\n|\n|-heal|p1a: Empoleon|66\/100|[from] Grassy Terrain\n|-heal|p1a: Empoleon|72\/100|[from] item: Leftovers\n|-end|p1a: Empoleon|move: Yawn|[silent]\n|-status|p1a: Empoleon|slp\n|upkeep\n|turn|4\n|\n|t:|1731383602\n|-terastallize|p2a: Gholdengo|Water\n|move|p1b: Dragapult|Phantom Force|p2a: Gholdengo|[from]lockedmove\n|-damage|p2a: Gholdengo|28\/100\n|move|p2a: Gholdengo|Shadow Ball|p1b: Dragapult\n|-supereffective|p1b: Dragapult\n|-damage|p1b: Dragapult|0 fnt\n|faint|p1b: Dragapult\n|cant|p1a: Empoleon|slp\n|move|p2b: Dondozo|Body Press|p1a: Empoleon\n|-supereffective|p1a: Empoleon\n|-damage|p1a: Empoleon|28\/100 slp\n|\n|-heal|p2a: Gholdengo|34\/100|[from] Grassy Terrain\n|-heal|p1a: Empoleon|34\/100 slp|[from] Grassy Terrain\n|-heal|p1a: Empoleon|40\/100 slp|[from] item: Leftovers\n|upkeep\n|j| Patrashpokebisho\n|\n|t:|1731383622\n|switch|p1b: Rillaboom|Rillaboom, L50, F|100\/100\n|turn|5\n|\n|t:|1731383634\n|switch|p2b: Sneasler|Sneasler, L50, M|100\/100\n|move|p2a: Gholdengo|Protect|p2a: Gholdengo\n|-singleturn|p2a: Gholdengo|Protect\n|cant|p1a: Empoleon|slp\n|move|p1b: Rillaboom|Wood Hammer|p2b: Sneasler\n|-resisted|p2b: Sneasler\n|-damage|p2b: Sneasler|21\/100\n|-damage|p1b: Rillaboom|80\/100|[from] Recoil\n|\n|-heal|p2b: Sneasler|27\/100|[from] Grassy Terrain\n|-heal|p2a: Gholdengo|40\/100|[from] Grassy Terrain\n|-heal|p1b: Rillaboom|86\/100|[from] Grassy Terrain\n|-heal|p1a: Empoleon|46\/100 slp|[from] Grassy Terrain\n|-heal|p1a: Empoleon|52\/100 slp|[from] item: Leftovers\n|-fieldend|move: Grassy Terrain\n|upkeep\n|turn|6\n|\n|t:|1731383655\n|switch|p1b: Conkeldurr|Conkeldurr, L50, F|100\/100\n|move|p2b: Sneasler|Dire Claw|p1b: Conkeldurr\n|-crit|p1b: Conkeldurr\n|-damage|p1b: Conkeldurr|40\/100\n|-status|p1b: Conkeldurr|slp\n|move|p2a: Gholdengo|Shadow Ball|p1a: Empoleon\n|-damage|p1a: Empoleon|10\/100 slp\n|-curestatus|p1a: Empoleon|slp|[msg]\n|move|p1a: Empoleon|Water Pledge|p2a: Gholdengo\n|-resisted|p2a: Gholdengo\n|-damage|p2a: Gholdengo|0 fnt\n|faint|p2a: Gholdengo\n|\n|-heal|p1a: Empoleon|16\/100|[from] item: Leftovers\n|upkeep\n|\n|t:|1731383669\n|switch|p2a: Dondozo|Dondozo, L50, F|100\/100\n|turn|7\n|\n|t:|1731383688\n|move|p1a: Empoleon|Protect|p1a: Empoleon\n|-singleturn|p1a: Empoleon|Protect\n|move|p2b: Sneasler|Close Combat|p1a: Empoleon\n|-activate|p1a: Empoleon|move: Protect\n|cant|p1b: Conkeldurr|slp\n|move|p2a: Dondozo|Wave Crash|p1b: Conkeldurr\n|-damage|p1b: Conkeldurr|0 fnt\n|faint|p1b: Conkeldurr\n|-damage|p2a: Dondozo|90\/100|[from] Recoil\n|\n|-heal|p1a: Empoleon|22\/100|[from] item: Leftovers\n|-heal|p2a: Dondozo|96\/100|[from] item: Leftovers\n|upkeep\n|\n|t:|1731383704\n|switch|p1b: Rillaboom|Rillaboom, L50, F|86\/100\n|-fieldstart|move: Grassy Terrain|[from] ability: Grassy Surge|[of] p1b: Rillaboom\n|turn|8\n|\n|t:|1731383717\n|-terastallize|p1b: Rillaboom|Grass\n|move|p1b: Rillaboom|Grassy Glide|p2b: Sneasler\n|-resisted|p2b: Sneasler\n|-damage|p2b: Sneasler|0 fnt\n|faint|p2b: Sneasler\n|move|p1a: Empoleon|Water Pledge|p2a: Dondozo\n|-resisted|p2a: Dondozo\n|-damage|p2a: Dondozo|81\/100\n|move|p2a: Dondozo|Body Press|p1a: Empoleon\n|-supereffective|p1a: Empoleon\n|-damage|p1a: Empoleon|0 fnt\n|faint|p1a: Empoleon\n|\n|-heal|p1b: Rillaboom|92\/100|[from] Grassy Terrain\n|-heal|p2a: Dondozo|87\/100|[from] Grassy Terrain\n|-heal|p2a: Dondozo|93\/100|[from] item: Leftovers\n|upkeep\n|turn|9\n|\n|t:|1731383736\n|move|p2a: Dondozo|Protect|p2a: Dondozo\n|-singleturn|p2a: Dondozo|Protect\n|move|p1b: Rillaboom|Wood Hammer|p2a: Dondozo\n|-activate|p2a: Dondozo|move: Protect\n|\n|-heal|p1b: Rillaboom|98\/100|[from] Grassy Terrain\n|-heal|p2a: Dondozo|99\/100|[from] Grassy Terrain\n|-heal|p2a: Dondozo|100\/100|[from] item: Leftovers\n|upkeep\n|turn|10\n|\n|t:|1731383747\n|move|p1b: Rillaboom|Wood Hammer|p2a: Dondozo\n|-supereffective|p2a: Dondozo\n|-damage|p2a: Dondozo|0 fnt\n|faint|p2a: Dondozo\n|-damage|p1b: Rillaboom|58\/100|[from] Recoil\n|\n|win|Terry kloak\n|raw|Terry kloak's rating: 1642 &rarr; <strong>1667<\/strong><br \/>(+25 for winning)\n|raw|elvegis1's rating: 1733 &rarr; <strong>1708<\/strong><br \/>(-25 for losing)\n|l|\u2606elvegis1\n|player|p2|\n|l| generalursus\n|l| Patrashpokebisho\n|l|\u2606Terry kloak\n|player|p1|\n","uploadtime":1731383909,"views":32,"formatid":"gen9vgc2024regh","rating":1667,"private":0,"password":null}