{"id":"gen9vgc2024regh-2242534433","format":"[Gen 9] VGC 2024 Reg H","players":["elmamontt","vgclth cuwutie"],"log":"|raw|<div class=\"broadcast-blue\"><strong>This battle is required to be public due to a player having a name starting with 'vgclth'.<\/div>\n|j|\u2606elmamontt\n|j|\u2606vgclth cuwutie\n|t:|1731436541\n|gametype|doubles\n|player|p1|elmamontt|lucas|1663\n|player|p2|vgclth cuwutie|hanbei-conquest|1740\n|teamsize|p1|6\n|teamsize|p2|6\n|gen|9\n|tier|[Gen 9] VGC 2024 Reg H\n|rated|\n|rule|Species Clause: Limit one of each Pok\u00e9mon\n|rule|Item Clause: Limit 1 of each item\n|clearpoke\n|poke|p1|Gholdengo, L50|\n|poke|p1|Annihilape, L50, F|\n|poke|p1|Grimmsnarl, L50, M|\n|poke|p1|Tatsugiri, L50, F|\n|poke|p1|Dondozo, L50, F|\n|poke|p1|Rillaboom, L50, M|\n|poke|p2|Smeargle, L50, F|\n|poke|p2|Farigiraf, L50, M|\n|poke|p2|Grimmsnarl, L50, M|\n|poke|p2|Torkoal, L50, M|\n|poke|p2|Ursaluna-Bloodmoon, L50, M|\n|poke|p2|Araquanid, L50, M|\n|teampreview|4\n|j| volcaronavgc\n|\n|t:|1731436581\n|start\n|switch|p1a: Gholdengo|Gholdengo, L50|100\/100\n|switch|p1b: Grimmsnarl|Grimmsnarl, L50, M|100\/100\n|switch|p2a: Smeargle|Smeargle, L50, F|100\/100\n|switch|p2b: Farigiraf|Farigiraf, L50, M|100\/100\n|turn|1\n|\n|t:|1731436599\n|move|p1b: Grimmsnarl|Light Screen|p1b: Grimmsnarl\n|-sidestart|p1: elmamontt|move: Light Screen\n|move|p2a: Smeargle|Spore|p1b: Grimmsnarl\n|-status|p1b: Grimmsnarl|slp|[from] move: Spore\n|move|p1a: Gholdengo|Nasty Plot|p1a: Gholdengo\n|-boost|p1a: Gholdengo|spa|2\n|move|p2b: Farigiraf|Trick Room|p2b: Farigiraf\n|-fieldstart|move: Trick Room|[of] p2b: Farigiraf\n|\n|-ability|p2a: Smeargle|Moody|boost\n|-boost|p2a: Smeargle|atk|2\n|-unboost|p2a: Smeargle|spe|1\n|-enditem|p2a: Smeargle|Eject Pack\n|upkeep\n|j| Therazer456\n|\n|t:|1731436609\n|switch|p2a: Torkoal|Torkoal, L50, M|100\/100\n|-weather|SunnyDay|[from] ability: Drought|[of] p2a: Torkoal\n|turn|2\n|\n|t:|1731436620\n|-terastallize|p2a: Torkoal|Fire\n|-terastallize|p1a: Gholdengo|Dragon\n|move|p2b: Farigiraf|Helping Hand|p2a: Torkoal\n|-singleturn|p2a: Torkoal|Helping Hand|[of] p2b: Farigiraf\n|move|p2a: Torkoal|Eruption|p1a: Gholdengo|[spread] p1a,p1b\n|-resisted|p1a: Gholdengo\n|-crit|p1b: Grimmsnarl\n|-damage|p1a: Gholdengo|40\/100\n|-damage|p1b: Grimmsnarl|0 fnt\n|-enditem|p1a: Gholdengo|Sitrus Berry|[eat]\n|-heal|p1a: Gholdengo|65\/100|[from] item: Sitrus Berry\n|faint|p1b: Grimmsnarl\n|move|p1a: Gholdengo|Shadow Ball|p2a: Torkoal\n|-damage|p2a: Torkoal|0 fnt\n|faint|p2a: Torkoal\n|\n|-weather|SunnyDay|[upkeep]\n|upkeep\n|\n|t:|1731436653\n|switch|p2a: Ursaluna|Ursaluna-Bloodmoon, L50, M|100\/100\n|switch|p1b: Dondozo|Dondozo, L50, F, shiny|100\/100\n|turn|3\n|\n|t:|1731436664\n|move|p1a: Gholdengo|Protect|p1a: Gholdengo\n|-singleturn|p1a: Gholdengo|Protect\n|move|p2b: Farigiraf|Twin Beam|p1b: Dondozo\n|-damage|p1b: Dondozo|89\/100\n|-damage|p1b: Dondozo|79\/100\n|-hitcount|p1b: Dondozo|2\n|move|p2a: Ursaluna|Blood Moon|p1a: Gholdengo\n|-activate|p1a: Gholdengo|move: Protect\n|move|p1b: Dondozo|Substitute|p1b: Dondozo\n|-start|p1b: Dondozo|Substitute\n|-damage|p1b: Dondozo|54\/100\n|\n|-weather|SunnyDay|[upkeep]\n|-heal|p1b: Dondozo|60\/100|[from] item: Leftovers\n|upkeep\n|turn|4\n|\n|t:|1731436681\n|move|p2b: Farigiraf|Helping Hand|p2a: Ursaluna\n|-singleturn|p2a: Ursaluna|Helping Hand|[of] p2b: Farigiraf\n|move|p1b: Dondozo|Protect|p1b: Dondozo\n|-singleturn|p1b: Dondozo|Protect\n|move|p2a: Ursaluna|Hyper Voice|p1a: Gholdengo|[spread] p1a\n|-activate|p1b: Dondozo|move: Protect\n|-damage|p1a: Gholdengo|21\/100\n|-damage|p2a: Ursaluna|90\/100|[from] item: Life Orb\n|move|p1a: Gholdengo|Make It Rain|p2a: Ursaluna|[spread] p2a,p2b\n|-damage|p2a: Ursaluna|0 fnt\n|-damage|p2b: Farigiraf|27\/100\n|-unboost|p1a: Gholdengo|spa|1\n|faint|p2a: Ursaluna\n|\n|-weather|SunnyDay|[upkeep]\n|-heal|p1b: Dondozo|66\/100|[from] item: Leftovers\n|upkeep\n|\n|t:|1731436687\n|switch|p2a: Smeargle|Smeargle, L50, F|100\/100\n|turn|5\n|-message|vgclth cuwutie forfeited.\n|\n|win|elmamontt\n|raw|elmamontt's rating: 1663 &rarr; <strong>1687<\/strong><br \/>(+24 for winning)\n|raw|vgclth cuwutie's rating: 1740 &rarr; <strong>1716<\/strong><br \/>(-24 for losing)\n|l| Therazer456\n","uploadtime":1731436749,"views":65,"formatid":"gen9vgc2024regh","rating":1687,"private":0,"password":null}