{"id":"gen9vgc2024regh-2242884787","format":"[Gen 9] VGC 2024 Reg H","players":["VGCLTH Slow","StPhatrick"],"log":"|raw|<div class=\"broadcast-blue\"><strong>This battle is required to be public due to a player having a name starting with 'vgclth'.<\/div>\n|j|\u2606VGCLTH Slow\n|j|\u2606StPhatrick\n|t:|1731479339\n|gametype|doubles\n|player|p1|VGCLTH Slow|skier|1749\n|player|p2|StPhatrick|boarder|1724\n|teamsize|p1|6\n|teamsize|p2|6\n|gen|9\n|tier|[Gen 9] VGC 2024 Reg H\n|rated|\n|rule|Species Clause: Limit one of each Pok\u00e9mon\n|rule|Item Clause: Limit 1 of each item\n|clearpoke\n|poke|p1|Sableye, L50, M|\n|poke|p1|Sylveon, L50, F|\n|poke|p1|Archaludon, L50, F|\n|poke|p1|Volcarona, L50, M|\n|poke|p1|Rillaboom, L50, F|\n|poke|p1|Tauros-Paldea-Aqua, L50, M|\n|poke|p2|Slowpoke, L50, M|\n|poke|p2|Torkoal, L50, F|\n|poke|p2|Smeargle, L50, M|\n|poke|p2|Sneasler, L50, F|\n|poke|p2|Annihilape, L50, M|\n|poke|p2|Grimmsnarl, L50, M|\n|teampreview|4\n|inactive|Battle timer is ON: inactive players will automatically lose when time's up. (requested by StPhatrick)\nVGCLTH Slow has agreed to open team sheets.\n|\n|t:|1731479360\n|start\n|switch|p1a: Koko The Gorythmic|Rillaboom, L50, F|100\/100\n|switch|p1b: Forklift Certified|Archaludon, L50, F, shiny|100\/100\n|switch|p2a: Smeargle|Smeargle, L50, M|100\/100\n|switch|p2b: Slowpoke|Slowpoke, L50, M|100\/100\n|-fieldstart|move: Grassy Terrain|[from] ability: Grassy Surge|[of] p1a: Koko The Gorythmic\n|turn|1\n|inactive|StPhatrick has 30 seconds left.\n|\n|t:|1731479391\n|-terastallize|p1b: Forklift Certified|Electric\n|-terastallize|p2b: Slowpoke|Dark\n|move|p2a: Smeargle|Fake Out|p1a: Koko The Gorythmic\n|-damage|p1a: Koko The Gorythmic|95\/100\n|cant|p1a: Koko The Gorythmic|flinch\n|move|p1b: Forklift Certified|Electro Shot||[still]\n|-prepare|p1b: Forklift Certified|Electro Shot\n|-boost|p1b: Forklift Certified|spa|1\n|-enditem|p1b: Forklift Certified|Power Herb\n|-anim|p1b: Forklift Certified|Electro Shot|p2b: Slowpoke\n|-damage|p2b: Slowpoke|13\/100\n|move|p2b: Slowpoke|Trick Room|p2b: Slowpoke\n|-fieldstart|move: Trick Room|[of] p2b: Slowpoke\n|\n|-heal|p2b: Slowpoke|20\/100|[from] Grassy Terrain\n|-heal|p1a: Koko The Gorythmic|100\/100|[from] Grassy Terrain\n|-ability|p2a: Smeargle|Moody|boost\n|-boost|p2a: Smeargle|spa|2\n|-unboost|p2a: Smeargle|spe|1\n|-enditem|p2a: Smeargle|Eject Pack\n|upkeep\n|\n|t:|1731479397\n|switch|p2a: Torkoal|Torkoal, L50, F|100\/100\n|-weather|SunnyDay|[from] ability: Drought|[of] p2a: Torkoal\n|turn|2\n|\n|t:|1731479415\n|switch|p2b: Sneasler|Sneasler, L50, F|100\/100\n|move|p1b: Forklift Certified|Protect|p1b: Forklift Certified\n|-singleturn|p1b: Forklift Certified|Protect\n|move|p1a: Koko The Gorythmic|Grassy Glide|p2b: Sneasler\n|-resisted|p2b: Sneasler\n|-crit|p2b: Sneasler\n|-damage|p2b: Sneasler|58\/100\n|move|p2a: Torkoal|Eruption|p1a: Koko The Gorythmic|[spread] p1a\n|-activate|p1b: Forklift Certified|move: Protect\n|-supereffective|p1a: Koko The Gorythmic\n|-damage|p1a: Koko The Gorythmic|0 fnt\n|faint|p1a: Koko The Gorythmic\n|\n|-weather|SunnyDay|[upkeep]\n|-heal|p2b: Sneasler|64\/100|[from] Grassy Terrain\n|upkeep\n|\n|t:|1731479421\n|switch|p1a: Snowblind|Sableye, L50, M|100\/100\n|turn|3\n|\n|t:|1731479441\n|move|p1a: Snowblind|Disable|p2a: Torkoal\n|-start|p2a: Torkoal|Disable|Eruption\n|move|p2a: Torkoal|Weather Ball|p1b: Forklift Certified\n|-damage|p1b: Forklift Certified|25\/100\n|move|p2b: Sneasler|Dire Claw|p1b: Forklift Certified\n|-damage|p1b: Forklift Certified|0 fnt\n|faint|p1b: Forklift Certified\n|\n|-weather|SunnyDay|[upkeep]\n|-heal|p2b: Sneasler|70\/100|[from] Grassy Terrain\n|upkeep\n|j| testingmoon7777\n|\n|t:|1731479447\n|switch|p1b: Old Yeller|Sylveon, L50, F|100\/100\n|turn|4\n|j| mr pogostick\n|\n|t:|1731479465\n|switch|p2b: Slowpoke|Slowpoke, L50, M, tera:Dark|20\/100\n|move|p2a: Torkoal|Weather Ball|p1a: Snowblind\n|-damage|p1a: Snowblind|13\/100\n|-enditem|p1a: Snowblind|Sitrus Berry|[eat]\n|-heal|p1a: Snowblind|38\/100|[from] item: Sitrus Berry\n|move|p1a: Snowblind|Foul Play|p2b: Slowpoke\n|-resisted|p2b: Slowpoke\n|-damage|p2b: Slowpoke|13\/100\n|move|p1b: Old Yeller|Hyper Voice|p2b: Slowpoke|[spread] p2a,p2b\n|-resisted|p2a: Torkoal\n|-supereffective|p2b: Slowpoke\n|-damage|p2a: Torkoal|73\/100\n|-damage|p2b: Slowpoke|0 fnt\n|faint|p2b: Slowpoke\n|-enditem|p1b: Old Yeller|Throat Spray\n|-boost|p1b: Old Yeller|spa|1|[from] item: Throat Spray\n|\n|-weather|SunnyDay|[upkeep]\n|-heal|p2a: Torkoal|79\/100|[from] Grassy Terrain\n|-heal|p1a: Snowblind|44\/100|[from] Grassy Terrain\n|upkeep\n|\n|t:|1731479483\n|switch|p2b: Smeargle|Smeargle, L50, M|100\/100\n|turn|5\n|\n|t:|1731479501\n|move|p2b: Smeargle|Fake Out|p1b: Old Yeller\n|-damage|p1b: Old Yeller|94\/100\n|move|p1a: Snowblind|Will-O-Wisp|p1b: Old Yeller\n|-status|p1b: Old Yeller|brn\n|move|p2a: Torkoal|Weather Ball|p1a: Snowblind\n|-damage|p1a: Snowblind|0 fnt\n|faint|p1a: Snowblind\n|cant|p1b: Old Yeller|flinch\n|\n|-weather|SunnyDay|[upkeep]\n|-heal|p2a: Torkoal|84\/100|[from] Grassy Terrain\n|-heal|p1b: Old Yeller|99\/100 brn|[from] Grassy Terrain\n|-damage|p1b: Old Yeller|94\/100 brn|[from] brn\n|-fieldend|move: Trick Room\n|-fieldend|move: Grassy Terrain\n|-ability|p2b: Smeargle|Moody|boost\n|-boost|p2b: Smeargle|spd|2\n|-unboost|p2b: Smeargle|atk|1\n|upkeep\n|turn|6\n|\n|t:|1731479521\n|move|p2b: Smeargle|Wide Guard|p2b: Smeargle\n|-singleturn|p2b: Smeargle|Wide Guard\n|move|p1b: Old Yeller|Hyper Voice|p2a: Torkoal|[spread] \n|-activate|p2a: Torkoal|move: Wide Guard\n|-activate|p2b: Smeargle|move: Wide Guard\n|move|p2a: Torkoal|Weather Ball|p1b: Old Yeller\n|-damage|p1b: Old Yeller|46\/100 brn\n|\n|-weather|none\n|-damage|p1b: Old Yeller|40\/100 brn|[from] brn\n|-end|p2a: Torkoal|Disable\n|-ability|p2b: Smeargle|Moody|boost\n|-boost|p2b: Smeargle|def|2\n|-unboost|p2b: Smeargle|spd|1\n|upkeep\n|turn|7\n|l| mr pogostick\n|\n|t:|1731479530\n|move|p2b: Smeargle|Wide Guard|p2b: Smeargle\n|-singleturn|p2b: Smeargle|Wide Guard\n|move|p1b: Old Yeller|Tera Blast|p2a: Torkoal\n|-resisted|p2a: Torkoal\n|-damage|p2a: Torkoal|34\/100\n|move|p2a: Torkoal|Eruption|p1b: Old Yeller\n|-damage|p1b: Old Yeller|23\/100 brn\n|\n|-damage|p1b: Old Yeller|17\/100 brn|[from] brn\n|-ability|p2b: Smeargle|Moody|boost\n|-boost|p2b: Smeargle|spd|2\n|-unboost|p2b: Smeargle|spa|1\n|upkeep\n|turn|8\n|-message|VGCLTH Slow forfeited.\n|\n|win|StPhatrick\n|raw|VGCLTH Slow's rating: 1749 &rarr; <strong>1728<\/strong><br \/>(-21 for losing)\n|raw|StPhatrick's rating: 1724 &rarr; <strong>1745<\/strong><br \/>(+21 for winning)\n","uploadtime":1731479541,"views":18,"formatid":"gen9vgc2024regh","rating":1728,"private":0,"password":null}