{"id":"gen9vgc2024regh-2242861037","format":"[Gen 9] VGC 2024 Reg H","players":["VGCLTH Pig","kyotgst"],"log":"|raw|<div class=\"broadcast-blue\"><strong>This battle is required to be public due to a player having a name starting with 'vgclth'.<\/div>\n|j|\u2606VGCLTH Pig\n|j|\u2606kyotgst\n|t:|1731474759\n|gametype|doubles\n|player|p1|VGCLTH Pig|lucas|1710\n|player|p2|kyotgst|lucas|1674\n|teamsize|p1|6\n|teamsize|p2|6\n|gen|9\n|tier|[Gen 9] VGC 2024 Reg H\n|rated|\n|rule|Species Clause: Limit one of each Pok\u00e9mon\n|rule|Item Clause: Limit 1 of each item\n|clearpoke\n|poke|p1|Garchomp, L50, M|\n|poke|p1|Dragonite, L50, F|\n|poke|p1|Amoonguss, L50, M|\n|poke|p1|Incineroar, L50, F|\n|poke|p1|Ninetales-Alola, L50, M|\n|poke|p1|Kingambit, L50, F|\n|poke|p2|Pelipper, L50, M|\n|poke|p2|Basculegion, L50, M|\n|poke|p2|Archaludon, L50, F|\n|poke|p2|Amoonguss, L50, F|\n|poke|p2|Incineroar, L50, M|\n|poke|p2|Gholdengo, L50|\n|teampreview|4\nVGCLTH Pig rejected open team sheets.\n|inactive|Battle timer is ON: inactive players will automatically lose when time's up. (requested by VGCLTH Pig)\n|\n|t:|1731474819\n|start\n|switch|p1a: Kingambit|Kingambit, L50, F|100\/100\n|switch|p1b: Dragonite|Dragonite, L50, F|100\/100\n|switch|p2a: Incineroar|Incineroar, L50, M|100\/100\n|switch|p2b: Archaludon|Archaludon, L50, F|100\/100\n|-ability|p2a: Incineroar|Intimidate|boost\n|-unboost|p1a: Kingambit|atk|1\n|-ability|p1a: Kingambit|Defiant|boost\n|-boost|p1a: Kingambit|atk|2\n|-unboost|p1b: Dragonite|atk|1\n|turn|1\n|j| mr pogostick\n|inactive|VGCLTH Pig has 30 seconds left.\n|inactive|kyotgst has 30 seconds left.\n|inactive|VGCLTH Pig has 20 seconds left.\n|inactive|kyotgst has 20 seconds left.\n|inactive|VGCLTH Pig has 15 seconds left.\n|inactive|kyotgst has 15 seconds left.\n|\n|t:|1731474864\n|-terastallize|p1b: Dragonite|Flying\n|move|p2a: Incineroar|Fake Out|p1b: Dragonite\n|-damage|p1b: Dragonite|95\/100\n|move|p2b: Archaludon|Body Press|p1a: Kingambit\n|-supereffective|p1a: Kingambit\n|-damage|p1a: Kingambit|27\/100\n|cant|p1b: Dragonite|flinch\n|move|p1a: Kingambit|Low Kick|p2b: Archaludon\n|-supereffective|p2b: Archaludon\n|-damage|p2b: Archaludon|35\/100\n|-ability|p2b: Archaludon|Stamina|boost\n|-boost|p2b: Archaludon|def|1\n|\n|upkeep\n|turn|2\n|inactive|kyotgst has 30 seconds left.\n|inactive|kyotgst has 20 seconds left.\n|inactive|kyotgst has 15 seconds left.\n|\n|t:|1731474908\n|move|p1a: Kingambit|Sucker Punch|p2b: Archaludon\n|-damage|p2b: Archaludon|7\/100\n|-ability|p2b: Archaludon|Stamina|boost\n|-boost|p2b: Archaludon|def|1\n|move|p2a: Incineroar|Parting Shot|p1b: Dragonite\n|-unboost|p1b: Dragonite|atk|1\n|-unboost|p1b: Dragonite|spa|1\n|\n|t:|1731474916\n|switch|p2a: Gholdengo|Gholdengo, L50|100\/100|[from] Parting Shot\n|-item|p2a: Gholdengo|Air Balloon\n|move|p2b: Archaludon|Body Press|p1a: Kingambit\n|-supereffective|p1a: Kingambit\n|-damage|p1a: Kingambit|0 fnt\n|faint|p1a: Kingambit\n|move|p1b: Dragonite|Low Kick|p2b: Archaludon\n|-supereffective|p2b: Archaludon\n|-damage|p2b: Archaludon|0 fnt\n|faint|p2b: Archaludon\n|\n|upkeep\n|\n|t:|1731474933\n|switch|p2b: Incineroar|Incineroar, L50, M|100\/100\n|switch|p1a: Ninetales|Ninetales-Alola, L50, M|100\/100\n|-weather|Snow|[from] ability: Snow Warning|[of] p1a: Ninetales\n|-ability|p2b: Incineroar|Intimidate|boost\n|-unboost|p1a: Ninetales|atk|1\n|-unboost|p1b: Dragonite|atk|1\n|turn|3\n|inactive|kyotgst has 30 seconds left.\n|\n|t:|1731474964\n|switch|p1b: Garchomp|Garchomp, L50, M|100\/100\n|move|p2b: Incineroar|Fake Out|p1b: Garchomp\n|-damage|p1b: Garchomp|90\/100\n|-damage|p2b: Incineroar|88\/100|[from] ability: Rough Skin|[of] p1b: Garchomp\n|move|p1a: Ninetales|Blizzard|p2b: Incineroar|[spread] p2a,p2b\n|-resisted|p2a: Gholdengo\n|-resisted|p2b: Incineroar\n|-damage|p2a: Gholdengo|78\/100\n|-damage|p2b: Incineroar|70\/100\n|-enditem|p2a: Gholdengo|Air Balloon\n|move|p2a: Gholdengo|Make It Rain|p1a: Ninetales|[spread] p1a,p1b\n|-supereffective|p1a: Ninetales\n|-crit|p1a: Ninetales\n|-damage|p1a: Ninetales|0 fnt\n|-damage|p1b: Garchomp|35\/100\n|-unboost|p2a: Gholdengo|spa|1\n|faint|p1a: Ninetales\n|\n|-weather|Snow|[upkeep]\n|upkeep\n|\n|t:|1731474969\n|switch|p1a: Dragonite|Dragonite, L50, F, tera:Flying|95\/100\n|turn|4\n|\n|t:|1731474984\n|switch|p2b: Pelipper|Pelipper, L50, M|100\/100\n|-weather|RainDance|[from] ability: Drizzle|[of] p2b: Pelipper\n|move|p2a: Gholdengo|Protect|p2a: Gholdengo\n|-singleturn|p2a: Gholdengo|Protect\n|move|p1b: Garchomp|Earthquake|p2a: Gholdengo|[spread] \n|-activate|p2a: Gholdengo|move: Protect\n|-immune|p1a: Dragonite\n|-immune|p2b: Pelipper\n|move|p1a: Dragonite|Tera Blast|p2a: Gholdengo|[anim] Tera Blast Flying\n|-activate|p2a: Gholdengo|move: Protect\n|\n|-weather|RainDance|[upkeep]\n|upkeep\n|turn|5\n|\n|t:|1731475007\n|switch|p2a: Incineroar|Incineroar, L50, M|70\/100\n|-ability|p2a: Incineroar|Intimidate|boost\n|-unboost|p1a: Dragonite|atk|1\n|-unboost|p1b: Garchomp|atk|1\n|move|p1b: Garchomp|Stomping Tantrum|p2a: Incineroar\n|-supereffective|p2a: Incineroar\n|-damage|p2a: Incineroar|0 fnt\n|faint|p2a: Incineroar\n|-damage|p1b: Garchomp|25\/100|[from] item: Life Orb\n|move|p2b: Pelipper|Weather Ball|p1b: Garchomp\n|-damage|p1b: Garchomp|0 fnt\n|faint|p1b: Garchomp\n|move|p1a: Dragonite|Tera Blast|p2b: Pelipper|[anim] Tera Blast Flying\n|-damage|p2b: Pelipper|48\/100\n|\n|-weather|RainDance|[upkeep]\n|upkeep\n|-message|VGCLTH Pig forfeited.\n|\n|win|kyotgst\n|raw|VGCLTH Pig's rating: 1710 &rarr; <strong>1688<\/strong><br \/>(-22 for losing)\n|raw|kyotgst's rating: 1674 &rarr; <strong>1696<\/strong><br \/>(+22 for winning)\n|l|\u2606VGCLTH Pig\n|player|p1|\n|l| mr pogostick\n|l|\u2606kyotgst\n|player|p2|\n","uploadtime":1731475283,"views":17,"formatid":"gen9vgc2024regh","rating":1688,"private":0,"password":null}