{"id":"gen9vgc2024regh-2242799275","format":"[Gen 9] VGC 2024 Reg H","players":["VGCLTH fangame","trevanator"],"log":"|raw|<div class=\"broadcast-blue\"><strong>This battle is required to be public due to a player having a name starting with 'vgclth'.<\/div>\n|j|\u2606VGCLTH fangame\n|j|\u2606trevanator\n|t:|1731465556\n|gametype|doubles\n|player|p1|VGCLTH fangame|red|1717\n|player|p2|trevanator|1|1933\n|teamsize|p1|6\n|teamsize|p2|6\n|gen|9\n|tier|[Gen 9] VGC 2024 Reg H\n|rated|\n|rule|Species Clause: Limit one of each Pok\u00e9mon\n|rule|Item Clause: Limit 1 of each item\n|clearpoke\n|poke|p1|Glaceon, L50, F|\n|poke|p1|Ninetales-Alola, L50, F|\n|poke|p1|Milotic, L50, M|\n|poke|p1|Incineroar, L50, F|\n|poke|p1|Ursaluna-Bloodmoon, L50, M|\n|poke|p1|Annihilape, L50, F|\n|poke|p2|Politoed, L50, M|\n|poke|p2|Gothitelle, L50, F|\n|poke|p2|Incineroar, L50, M|\n|poke|p2|Amoonguss, L50, F|\n|poke|p2|Kingdra, L50, M|\n|poke|p2|Archaludon, L50, F|\n|teampreview|4\n|inactive|Battle timer is ON: inactive players will automatically lose when time's up. (requested by VGCLTH fangame)\n|j| kyotgst\n|j| Son Vaxis\n|inactive|VGCLTH fangame has 60 seconds left.\n|inactive|trevanator has 60 seconds left.\n|inactive|VGCLTH fangame has 30 seconds left.\n|\n|t:|1731465623\n|start\n|switch|p1a: Milotic|Milotic, L50, M, shiny|100\/100\n|switch|p1b: Annihilape|Annihilape, L50, F, shiny|100\/100\n|switch|p2a: Politoed|Politoed, L50, M|100\/100\n|switch|p2b: Amoonguss|Amoonguss, L50, F|100\/100\n|-weather|RainDance|[from] ability: Drizzle|[of] p2a: Politoed\n|turn|1\n|\n|t:|1731465631\n|switch|p1b: Ninetales|Ninetales-Alola, L50, F, shiny|100\/100\n|-weather|Snow|[from] ability: Snow Warning|[of] p1b: Ninetales\n|-terastallize|p1a: Milotic|Grass\n|move|p2b: Amoonguss|Rage Powder|p2b: Amoonguss\n|-singleturn|p2b: Amoonguss|move: Rage Powder\n|move|p1a: Milotic|Hypnosis|p2b: Amoonguss\n|-status|p2b: Amoonguss|slp|[from] move: Hypnosis\n|move|p2a: Politoed|Perish Song|p2a: Politoed\n|-start|p1a: Milotic|perish3|[silent]\n|-start|p1b: Ninetales|perish3|[silent]\n|-start|p2a: Politoed|perish3|[silent]\n|-start|p2b: Amoonguss|perish3|[silent]\n|-fieldactivate|move: Perish Song\n|\n|-weather|Snow|[upkeep]\n|-start|p1b: Ninetales|perish3\n|-start|p1a: Milotic|perish3\n|-start|p2a: Politoed|perish3\n|-start|p2b: Amoonguss|perish3\n|upkeep\n|turn|2\n|j| testingmoon7777\n|\n|t:|1731465644\n|switch|p1a: Annihilape|Annihilape, L50, F, shiny|100\/100\n|switch|p2b: Gothitelle|Gothitelle, L50, F|100\/100\n|move|p2a: Politoed|Protect|p2a: Politoed\n|-singleturn|p2a: Politoed|Protect\n|move|p1b: Ninetales|Aurora Veil|p1b: Ninetales\n|-sidestart|p1: VGCLTH fangame|move: Aurora Veil\n|\n|-weather|Snow|[upkeep]\n|-start|p1b: Ninetales|perish2\n|-start|p2a: Politoed|perish2\n|upkeep\n|turn|3\n|\n|t:|1731465651\n|switch|p2a: Amoonguss|Amoonguss, L50, F|100\/100 slp\n|move|p2b: Gothitelle|Protect|p2b: Gothitelle\n|-singleturn|p2b: Gothitelle|Protect\n|move|p1b: Ninetales|Icicle Spear|p1a: Annihilape\n|-damage|p1a: Annihilape|96\/100\n|-damage|p1a: Annihilape|93\/100\n|-damage|p1a: Annihilape|89\/100\n|-damage|p1a: Annihilape|84\/100\n|-crit|p1a: Annihilape\n|-damage|p1a: Annihilape|76\/100\n|-hitcount|p1a: Annihilape|5\n|move|p1a: Annihilape|Rage Fist|p2a: Amoonguss\n|-damage|p2a: Amoonguss|0 fnt\n|faint|p2a: Amoonguss\n|\n|-weather|Snow|[upkeep]\n|-heal|p1a: Annihilape|82\/100|[from] item: Leftovers\n|-start|p1b: Ninetales|perish1\n|upkeep\n|\n|t:|1731465660\n|switch|p2a: Kingdra|Kingdra, L50, M|100\/100\n|turn|4\n|l| Son Vaxis\n|inactive|VGCLTH fangame has 30 seconds left.\n|inactive|VGCLTH fangame has 20 seconds left.\n|inactive|VGCLTH fangame has 15 seconds left.\n|inactive|VGCLTH fangame has 10 seconds left.\n|\n|t:|1731465705\n|switch|p2b: Politoed|Politoed, L50, M|100\/100\n|-weather|RainDance|[from] ability: Drizzle|[of] p2b: Politoed\n|-terastallize|p2a: Kingdra|Stellar\n|move|p1a: Annihilape|Protect|p1a: Annihilape\n|-singleturn|p1a: Annihilape|Protect\n|move|p2a: Kingdra|Weather Ball|p1a: Annihilape\n|-activate|p1a: Annihilape|move: Protect\n|move|p1b: Ninetales|Blizzard|p2b: Politoed|[spread] p2b\n|-miss|p1b: Ninetales|p2a: Kingdra\n|-resisted|p2b: Politoed\n|-damage|p2b: Politoed|89\/100\n|\n|-weather|RainDance|[upkeep]\n|-heal|p1a: Annihilape|88\/100|[from] item: Leftovers\n|-heal|p2b: Politoed|95\/100|[from] item: Leftovers\n|-start|p1b: Ninetales|perish0\n|faint|p1b: Ninetales\n|upkeep\n|\n|t:|1731465708\n|switch|p1b: Glaceon|Glaceon, L50, F, shiny|100\/100\n|turn|5\n|inactive|trevanator has 30 seconds left.\n|inactive|trevanator has 20 seconds left.\n|inactive|trevanator has 15 seconds left.\n|inactive|trevanator has 10 seconds left.\n|\n|t:|1731465754\n|move|p2a: Kingdra|Hurricane|p1a: Annihilape\n|-supereffective|p1a: Annihilape\n|-damage|p1a: Annihilape|24\/100\n|-start|p1a: Annihilape|confusion\n|-damage|p2a: Kingdra|91\/100|[from] item: Life Orb\n|-activate|p1a: Annihilape|confusion\n|move|p1a: Annihilape|Rage Fist|p2b: Politoed\n|-damage|p2b: Politoed|0 fnt\n|faint|p2b: Politoed\n|move|p1b: Glaceon|Freeze-Dry|p2a: Kingdra\n|-supereffective|p2a: Kingdra\n|-damage|p2a: Kingdra|0 fnt\n|faint|p2a: Kingdra\n|\n|-weather|RainDance|[upkeep]\n|-heal|p1a: Annihilape|30\/100|[from] item: Leftovers\n|upkeep\n|\n|t:|1731465761\n|switch|p2b: Gothitelle|Gothitelle, L50, F|100\/100\n|turn|6\n|l| kyotgst\n|j| kyotgst\n|inactive|VGCLTH fangame has 30 seconds left.\n|\n|t:|1731465795\n|move|p2b: Gothitelle|Protect|p2b: Gothitelle\n|-singleturn|p2b: Gothitelle|Protect\n|-activate|p1a: Annihilape|confusion\n|-damage|p1a: Annihilape|19\/100|[from] confusion\n|move|p1b: Glaceon|Freeze-Dry|p2b: Gothitelle\n|-activate|p2b: Gothitelle|move: Protect\n|\n|-weather|RainDance|[upkeep]\n|-heal|p1a: Annihilape|25\/100|[from] item: Leftovers\n|upkeep\n|turn|7\n|\n|t:|1731465799\n|-activate|p1a: Annihilape|confusion\n|move|p1a: Annihilape|Rage Fist|p2b: Gothitelle\n|-supereffective|p2b: Gothitelle\n|-crit|p2b: Gothitelle\n|-damage|p2b: Gothitelle|0 fnt\n|faint|p2b: Gothitelle\n|\n|win|VGCLTH fangame\n|raw|VGCLTH fangame's rating: 1695 &rarr; <strong>1727<\/strong><br \/>(+32 for winning)\n|raw|trevanator's rating: 1933 &rarr; <strong>1901<\/strong><br \/>(-32 for losing)\n|l|\u2606trevanator\n|player|p2|\n|l|\u2606VGCLTH fangame\n|player|p1|\n|l| kyotgst\n","uploadtime":1731465804,"views":167,"formatid":"gen9vgc2024regh","rating":1727,"private":0,"password":null}