{"id":"gen9vgc2024regh-2242811650","format":"[Gen 9] VGC 2024 Reg H","players":["SHIDMONBADGAME","VGCLTH Slow"],"log":"|j|\u2606SHIDMONBADGAME\n|j|\u2606VGCLTH Slow\n|t:|1731467223\n|gametype|doubles\n|player|p1|SHIDMONBADGAME|policeman-gen4|1803\n|player|p2|VGCLTH Slow|skier|1696\n|teamsize|p1|6\n|teamsize|p2|6\n|gen|9\n|tier|[Gen 9] VGC 2024 Reg H\n|rated|\n|rule|Species Clause: Limit one of each Pok\u00e9mon\n|rule|Item Clause: Limit 1 of each item\n|clearpoke\n|poke|p1|Sneasler, L50, M|\n|poke|p1|Indeedee, L50, M|\n|poke|p1|Murkrow, L50, M|\n|poke|p1|Dragapult, L50, F|\n|poke|p1|Delphox, L50, F|\n|poke|p1|Maushold-Four, L50|\n|poke|p2|Sableye, L50, F|\n|poke|p2|Sylveon, L50, M|\n|poke|p2|Archaludon, L50, M|\n|poke|p2|Volcarona, L50, F|\n|poke|p2|Rillaboom, L50, F|\n|poke|p2|Tauros-Paldea-Aqua, L50, M|\n|teampreview|4\n|inactive|Battle timer is ON: inactive players will automatically lose when time's up. (requested by SHIDMONBADGAME)\nVGCLTH Slow has agreed to open team sheets.\n|c|\u2606VGCLTH Slow|Yooooo\n|c|\u2606SHIDMONBADGAME|hahahaha\n|c|\u2606VGCLTH Slow|glhf\n|c|\u2606SHIDMONBADGAME|noooooo\n|c|\u2606VGCLTH Slow|I know\n|j| kyotgst\n|c|\u2606VGCLTH Slow|the homie on homie crime\n|c|\u2606VGCLTH Slow|you hate to see it\n|inactive|SHIDMONBADGAME has 60 seconds left.\n|inactive|VGCLTH Slow has 60 seconds left.\nSHIDMONBADGAME has agreed to open team sheets.\n|c|\u2606SHIDMONBADGAME|alright fuck it let\u2019s do this\n|l| kyotgst\n|inactive|SHIDMONBADGAME has 30 seconds left.\n|inactive|SHIDMONBADGAME has 20 seconds left.\n|c|\u2606VGCLTH Slow|Help yeah\n|inactive|SHIDMONBADGAME has 15 seconds left.\n|inactive|SHIDMONBADGAME has 10 seconds left.\n|inactive|SHIDMONBADGAME has 5 seconds left.\n|\n|t:|1731467310\n|start\n|switch|p1a: David Van Patten|Delphox, L50, F|100\/100\n|switch|p1b: Timothy Bryce|Maushold-Four, L50|100\/100\n|switch|p2a: Bullshifu|Tauros-Paldea-Aqua, L50, M, shiny|100\/100\n|switch|p2b: Snowblind|Sableye, L50, F|100\/100\n|-ability|p2a: Bullshifu|Intimidate|boost\n|-unboost|p1a: David Van Patten|atk|1\n|-unboost|p1b: Timothy Bryce|atk|1\n|turn|1\n|inactive|SHIDMONBADGAME has 30 seconds left.\n|\n|t:|1731467340\n|move|p1a: David Van Patten|Protect|p1a: David Van Patten\n|-singleturn|p1a: David Van Patten|Protect\n|move|p2a: Bullshifu|Protect|p2a: Bullshifu\n|-singleturn|p2a: Bullshifu|Protect\n|move|p1b: Timothy Bryce|Taunt|p2b: Snowblind\n|-start|p2b: Snowblind|move: Taunt\n|move|p2b: Snowblind|Foul Play|p1b: Timothy Bryce\n|-damage|p1b: Timothy Bryce|64\/100\n|\n|upkeep\n|turn|2\n|\n|t:|1731467363\n|switch|p2b: Koko The Gorythmic|Rillaboom, L50, F|100\/100\n|-fieldstart|move: Grassy Terrain|[from] ability: Grassy Surge|[of] p2b: Koko The Gorythmic\n|-terastallize|p2a: Bullshifu|Steel\n|move|p1b: Timothy Bryce|Population Bomb|p2a: Bullshifu\n|-resisted|p2a: Bullshifu\n|-damage|p2a: Bullshifu|98\/100\n|-resisted|p2a: Bullshifu\n|-damage|p2a: Bullshifu|95\/100\n|-resisted|p2a: Bullshifu\n|-damage|p2a: Bullshifu|93\/100\n|-resisted|p2a: Bullshifu\n|-damage|p2a: Bullshifu|91\/100\n|-resisted|p2a: Bullshifu\n|-damage|p2a: Bullshifu|88\/100\n|-resisted|p2a: Bullshifu\n|-damage|p2a: Bullshifu|85\/100\n|-resisted|p2a: Bullshifu\n|-damage|p2a: Bullshifu|83\/100\n|-resisted|p2a: Bullshifu\n|-damage|p2a: Bullshifu|80\/100\n|-resisted|p2a: Bullshifu\n|-damage|p2a: Bullshifu|77\/100\n|-resisted|p2a: Bullshifu\n|-damage|p2a: Bullshifu|75\/100\n|-hitcount|p2a: Bullshifu|10\n|move|p1a: David Van Patten|Expanding Force|p2a: Bullshifu\n|-resisted|p2a: Bullshifu\n|-damage|p2a: Bullshifu|35\/100\n|-damage|p1a: David Van Patten|91\/100|[from] item: Life Orb\n|move|p2a: Bullshifu|Wave Crash|p1a: David Van Patten\n|-supereffective|p1a: David Van Patten\n|-damage|p1a: David Van Patten|0 fnt\n|faint|p1a: David Van Patten\n|-damage|p2a: Bullshifu|5\/100|[from] Recoil\n|\n|-heal|p1b: Timothy Bryce|70\/100|[from] Grassy Terrain\n|-heal|p2a: Bullshifu|11\/100|[from] Grassy Terrain\n|upkeep\n|\n|t:|1731467375\n|switch|p1a: Paul Allen|Sneasler, L50, M, shiny|100\/100\n|turn|3\n|\n|t:|1731467394\n|switch|p1b: Patrick Bateman|Indeedee, L50, M, shiny|100\/100\n|-fieldstart|move: Psychic Terrain|[from] ability: Psychic Surge|[of] p1b: Patrick Bateman\n|-enditem|p1a: Paul Allen|Psychic Seed\n|-boost|p1a: Paul Allen|spd|1|[from] item: Psychic Seed\n|-enditem|p2a: Bullshifu|Mirror Herb\n|-boost|p2a: Bullshifu|spd|1|[from] item: Mirror Herb\n|switch|p2a: Old Yeller|Sylveon, L50, M|100\/100\n|switch|p2b: Snowblind|Sableye, L50, F|100\/100\n|move|p1a: Paul Allen|Dire Claw|p2b: Snowblind\n|-resisted|p2b: Snowblind\n|-damage|p2b: Snowblind|75\/100\n|-status|p2b: Snowblind|slp\n|\n|upkeep\n|turn|4\n|\n|t:|1731467416\n|switch|p1b: Timothy Bryce|Maushold-Four, L50|70\/100\n|switch|p2a: Bullshifu|Tauros-Paldea-Aqua, L50, M, shiny, tera:Steel|11\/100\n|-ability|p2a: Bullshifu|Intimidate|boost\n|-unboost|p1a: Paul Allen|atk|1\n|-unboost|p1b: Timothy Bryce|atk|1\n|switch|p2b: Koko The Gorythmic|Rillaboom, L50, F|100\/100\n|-fieldstart|move: Grassy Terrain|[from] ability: Grassy Surge|[of] p2b: Koko The Gorythmic\n|move|p1a: Paul Allen|Dire Claw|p2a: Bullshifu\n|-immune|p2a: Bullshifu\n|\n|-heal|p1b: Timothy Bryce|76\/100|[from] Grassy Terrain\n|-heal|p2a: Bullshifu|17\/100|[from] Grassy Terrain\n|upkeep\n|turn|5\n|\n|t:|1731467440\n|switch|p1a: Patrick Bateman|Indeedee, L50, M, shiny|100\/100\n|-fieldstart|move: Psychic Terrain|[from] ability: Psychic Surge|[of] p1a: Patrick Bateman\n|switch|p2a: Snowblind|Sableye, L50, F|75\/100 slp\n|move|p1b: Timothy Bryce|Population Bomb|p2a: Snowblind\n|-immune|p2a: Snowblind\n|move|p2b: Koko The Gorythmic|High Horsepower|p1a: Patrick Bateman\n|-damage|p1a: Patrick Bateman|50\/100\n|\n|upkeep\n|turn|6\n|\n|t:|1731467452\n|switch|p2b: Old Yeller|Sylveon, L50, M|100\/100\n|move|p1b: Timothy Bryce|Population Bomb|p2b: Old Yeller\n|-damage|p2b: Old Yeller|94\/100\n|-damage|p2b: Old Yeller|86\/100\n|-damage|p2b: Old Yeller|79\/100\n|-damage|p2b: Old Yeller|72\/100\n|-damage|p2b: Old Yeller|65\/100\n|-damage|p2b: Old Yeller|59\/100\n|-damage|p2b: Old Yeller|52\/100\n|-damage|p2b: Old Yeller|45\/100\n|-damage|p2b: Old Yeller|38\/100\n|-damage|p2b: Old Yeller|32\/100\n|-hitcount|p2b: Old Yeller|10\n|move|p1a: Patrick Bateman|Expanding Force|p2b: Old Yeller|[spread] p2b\n|-immune|p2a: Snowblind\n|-damage|p2b: Old Yeller|0 fnt\n|faint|p2b: Old Yeller\n|cant|p2a: Snowblind|slp\n|\n|upkeep\n|\n|t:|1731467458\n|switch|p2b: Koko The Gorythmic|Rillaboom, L50, F|100\/100\n|-fieldstart|move: Grassy Terrain|[from] ability: Grassy Surge|[of] p2b: Koko The Gorythmic\n|turn|7\n|\n|t:|1731467482\n|switch|p1a: Paul Allen|Sneasler, L50, M, shiny|100\/100\n|cant|p2a: Snowblind|slp\n|move|p1b: Timothy Bryce|Taunt|p2a: Snowblind\n|-start|p2a: Snowblind|move: Taunt\n|move|p2b: Koko The Gorythmic|Wood Hammer|p1a: Paul Allen\n|-resisted|p1a: Paul Allen\n|-damage|p1a: Paul Allen|44\/100\n|-damage|p2b: Koko The Gorythmic|86\/100|[from] Recoil\n|\n|-heal|p1b: Timothy Bryce|82\/100|[from] Grassy Terrain\n|-heal|p1a: Paul Allen|50\/100|[from] Grassy Terrain\n|-heal|p2b: Koko The Gorythmic|92\/100|[from] Grassy Terrain\n|-heal|p2a: Snowblind|81\/100 slp|[from] Grassy Terrain\n|upkeep\n|turn|8\n|inactive|SHIDMONBADGAME has 30 seconds left.\n|\n|t:|1731467513\n|switch|p2a: Bullshifu|Tauros-Paldea-Aqua, L50, M, shiny, tera:Steel|17\/100\n|-ability|p2a: Bullshifu|Intimidate|boost\n|-unboost|p1a: Paul Allen|atk|1\n|-unboost|p1b: Timothy Bryce|atk|1\n|move|p1b: Timothy Bryce|Population Bomb|p2b: Koko The Gorythmic\n|-damage|p2b: Koko The Gorythmic|88\/100\n|-damage|p2b: Koko The Gorythmic|84\/100\n|-damage|p2b: Koko The Gorythmic|80\/100\n|-damage|p2b: Koko The Gorythmic|77\/100\n|-damage|p2b: Koko The Gorythmic|73\/100\n|-damage|p2b: Koko The Gorythmic|70\/100\n|-damage|p2b: Koko The Gorythmic|66\/100\n|-damage|p2b: Koko The Gorythmic|63\/100\n|-damage|p2b: Koko The Gorythmic|59\/100\n|-damage|p2b: Koko The Gorythmic|56\/100\n|-hitcount|p2b: Koko The Gorythmic|10\n|move|p1a: Paul Allen|Dire Claw|p2b: Koko The Gorythmic\n|-supereffective|p2b: Koko The Gorythmic\n|-damage|p2b: Koko The Gorythmic|0 fnt\n|faint|p2b: Koko The Gorythmic\n|\n|-heal|p1b: Timothy Bryce|88\/100|[from] Grassy Terrain\n|-heal|p1a: Paul Allen|55\/100|[from] Grassy Terrain\n|-heal|p2a: Bullshifu|23\/100|[from] Grassy Terrain\n|upkeep\n|\n|t:|1731467519\n|switch|p2b: Snowblind|Sableye, L50, F|81\/100 slp\n|turn|9\n|j| ale cog\n|\n|t:|1731467528\n|switch|p1a: Patrick Bateman|Indeedee, L50, M, shiny|50\/100\n|-fieldstart|move: Psychic Terrain|[from] ability: Psychic Surge|[of] p1a: Patrick Bateman\n|move|p2a: Bullshifu|Protect|p2a: Bullshifu\n|-singleturn|p2a: Bullshifu|Protect\n|move|p1b: Timothy Bryce|Population Bomb|p2a: Bullshifu\n|-activate|p2a: Bullshifu|move: Protect\n|cant|p2b: Snowblind|slp\n|\n|upkeep\n|turn|10\n|c|\u2606VGCLTH Slow|Damn\n|c|\u2606VGCLTH Slow|gg wp\n|\n|t:|1731467548\n|switch|p1a: Paul Allen|Sneasler, L50, M, shiny|55\/100\n|move|p1b: Timothy Bryce|Population Bomb|p2a: Bullshifu\n|-resisted|p2a: Bullshifu\n|-damage|p2a: Bullshifu|21\/100\n|-resisted|p2a: Bullshifu\n|-damage|p2a: Bullshifu|19\/100\n|-resisted|p2a: Bullshifu\n|-damage|p2a: Bullshifu|17\/100\n|-resisted|p2a: Bullshifu\n|-damage|p2a: Bullshifu|15\/100\n|-resisted|p2a: Bullshifu\n|-damage|p2a: Bullshifu|13\/100\n|-resisted|p2a: Bullshifu\n|-damage|p2a: Bullshifu|11\/100\n|-resisted|p2a: Bullshifu\n|-damage|p2a: Bullshifu|8\/100\n|-resisted|p2a: Bullshifu\n|-damage|p2a: Bullshifu|6\/100\n|-resisted|p2a: Bullshifu\n|-damage|p2a: Bullshifu|4\/100\n|-resisted|p2a: Bullshifu\n|-damage|p2a: Bullshifu|2\/100\n|-hitcount|p2a: Bullshifu|10\n|move|p2a: Bullshifu|Close Combat|p1b: Timothy Bryce\n|-supereffective|p1b: Timothy Bryce\n|-damage|p1b: Timothy Bryce|0 fnt\n|-unboost|p2a: Bullshifu|def|1\n|-unboost|p2a: Bullshifu|spd|1\n|faint|p1b: Timothy Bryce\n|-curestatus|p2b: Snowblind|slp|[msg]\n|move|p2b: Snowblind|Foul Play|p1a: Paul Allen\n|-resisted|p1a: Paul Allen\n|-damage|p1a: Paul Allen|4\/100\n|\n|upkeep\n|\n|t:|1731467550\n|switch|p1b: Patrick Bateman|Indeedee, L50, M, shiny|50\/100\n|turn|11\n|\n|t:|1731467574\n|move|p2a: Bullshifu|Protect|p2a: Bullshifu\n|-singleturn|p2a: Bullshifu|Protect\n|move|p1a: Paul Allen|Dire Claw|p2b: Snowblind\n|-resisted|p2b: Snowblind\n|-damage|p2b: Snowblind|55\/100\n|move|p1b: Patrick Bateman|Tera Blast|p2a: Bullshifu\n|-activate|p2a: Bullshifu|move: Protect\n|move|p2b: Snowblind|Foul Play|p1a: Paul Allen\n|-resisted|p1a: Paul Allen\n|-damage|p1a: Paul Allen|0 fnt\n|faint|p1a: Paul Allen\n|\n|upkeep\n|turn|12\n|c|\u2606SHIDMONBADGAME|ah ggs\n|c|\u2606VGCLTH Slow|Oh what\n|c| ale cog|sableye the goat\n|c|\u2606VGCLTH Slow|Hey ale\n|\n|t:|1731467594\n|move|p2a: Bullshifu|Close Combat|p1b: Patrick Bateman\n|-damage|p1b: Patrick Bateman|0 fnt\n|-unboost|p2a: Bullshifu|def|1\n|-unboost|p2a: Bullshifu|spd|1\n|faint|p1b: Patrick Bateman\n|\n|win|VGCLTH Slow\n|raw|SHIDMONBADGAME's rating: 1803 &rarr; <strong>1777<\/strong><br \/>(-26 for losing)\n|raw|VGCLTH Slow's rating: 1696 &rarr; <strong>1722<\/strong><br \/>(+26 for winning)\n|c|\u2606VGCLTH Slow|Always a good set Bro\n|l|\u2606VGCLTH Slow\n|player|p2|\n|l|\u2606SHIDMONBADGAME\n|player|p1|\n","uploadtime":1731467636,"views":29,"formatid":"gen9vgc2024regh","rating":1722,"private":0,"password":null}