{"id":"gen9vgc2024regh-2242803129","format":"[Gen 9] VGC 2024 Reg H","players":["Grade a type b","SHIDMONBADGAME"],"log":"|j|\u2606Grade a type b\n|j|\u2606SHIDMONBADGAME\n|t:|1731466064\n|gametype|doubles\n|player|p1|Grade a type b|101|1724\n|player|p2|SHIDMONBADGAME|policeman-gen4|1856\n|teamsize|p1|6\n|teamsize|p2|6\n|gen|9\n|tier|[Gen 9] VGC 2024 Reg H\n|rated|\n|rule|Species Clause: Limit one of each Pok\u00e9mon\n|rule|Item Clause: Limit 1 of each item\n|clearpoke\n|poke|p1|Whimsicott, L50, M|\n|poke|p1|Tyranitar, L50, M|\n|poke|p1|Ursaluna-Bloodmoon, L50, M|\n|poke|p1|Gholdengo, L50|\n|poke|p1|Dragonite, L50, M|\n|poke|p1|Primarina, L50, F|\n|poke|p2|Sneasler, L50, M|\n|poke|p2|Indeedee, L50, M|\n|poke|p2|Murkrow, L50, M|\n|poke|p2|Dragapult, L50, M|\n|poke|p2|Delphox, L50, F|\n|poke|p2|Maushold-Four, L50|\n|teampreview|4\n|inactive|Battle timer is ON: inactive players will automatically lose when time's up. (requested by SHIDMONBADGAME)\n|inactive|Grade a type b also wants the timer to be on.\n|inactive|SHIDMONBADGAME has 60 seconds left.\n|\n|t:|1731466117\n|start\n|switch|p1a: Whimsicott|Whimsicott, L50, M|100\/100\n|switch|p1b: Dragonite|Dragonite, L50, M|100\/100\n|switch|p2a: Luis Carruthers|Murkrow, L50, M, shiny|100\/100\n|switch|p2b: David Van Patten|Delphox, L50, F|100\/100\n|turn|1\n|inactive|SHIDMONBADGAME has 30 seconds left.\n|\n|t:|1731466144\n|switch|p1a: Tyranitar|Tyranitar, L50, M|100\/100\n|-weather|Sandstorm|[from] ability: Sand Stream|[of] p1a: Tyranitar\n|move|p2a: Luis Carruthers|Tailwind|p2a: Luis Carruthers\n|-sidestart|p2: SHIDMONBADGAME|move: Tailwind\n|move|p2b: David Van Patten|Heat Wave|p1a: Tyranitar|[spread] p1a,p1b\n|-resisted|p1a: Tyranitar\n|-resisted|p1b: Dragonite\n|-damage|p1a: Tyranitar|93\/100\n|-damage|p1b: Dragonite|91\/100\n|-damage|p2b: David Van Patten|91\/100|[from] item: Life Orb\n|move|p1b: Dragonite|Scale Shot|p2b: David Van Patten\n|-damage|p2b: David Van Patten|66\/100\n|-damage|p2b: David Van Patten|42\/100\n|-damage|p2b: David Van Patten|16\/100\n|-damage|p2b: David Van Patten|0 fnt\n|faint|p2b: David Van Patten\n|-hitcount|p2: David Van Patten|4\n|-unboost|p1b: Dragonite|def|1\n|-boost|p1b: Dragonite|spe|1\n|\n|-weather|Sandstorm|[upkeep]\n|-damage|p2a: Luis Carruthers|95\/100|[from] Sandstorm\n|-damage|p1b: Dragonite|85\/100|[from] Sandstorm\n|upkeep\n|\n|t:|1731466161\n|switch|p2b: Patrick Bateman|Indeedee, L50, M, shiny|100\/100\n|-fieldstart|move: Psychic Terrain|[from] ability: Psychic Surge|[of] p2b: Patrick Bateman\n|turn|2\n|\n|t:|1731466178\n|switch|p1a: Whimsicott|Whimsicott, L50, M|100\/100\n|-terastallize|p2b: Patrick Bateman|Fighting\n|move|p2b: Patrick Bateman|Tera Blast|p1a: Whimsicott|[anim] Tera Blast Fighting\n|-resisted|p1a: Whimsicott\n|-damage|p1a: Whimsicott|74\/100\n|move|p2a: Luis Carruthers|Foul Play|p1b: Dragonite\n|-damage|p1b: Dragonite|0 fnt\n|faint|p1b: Dragonite\n|\n|-weather|Sandstorm|[upkeep]\n|-damage|p2b: Patrick Bateman|95\/100|[from] Sandstorm\n|-damage|p2a: Luis Carruthers|89\/100|[from] Sandstorm\n|-damage|p1a: Whimsicott|68\/100|[from] Sandstorm\n|upkeep\n|j| testingmoon7777\n|\n|t:|1731466191\n|switch|p1b: Gholdengo|Gholdengo, L50|100\/100\n|turn|3\n|j| Nintehndo\n|\n|t:|1731466205\n|move|p2a: Luis Carruthers|Sunny Day|p2a: Luis Carruthers\n|-weather|SunnyDay\n|move|p1a: Whimsicott|Tailwind|p1a: Whimsicott\n|-sidestart|p1: Grade a type b|move: Tailwind\n|move|p2b: Patrick Bateman|Expanding Force|p1b: Gholdengo|[spread] p1a,p1b\n|-resisted|p1b: Gholdengo\n|-damage|p1a: Whimsicott|0 fnt\n|-damage|p1b: Gholdengo|67\/100\n|faint|p1a: Whimsicott\n|move|p1b: Gholdengo|Make It Rain|p2b: Patrick Bateman|[spread] p2a,p2b\n|-damage|p2a: Luis Carruthers|13\/100\n|-damage|p2b: Patrick Bateman|3\/100\n|-unboost|p1b: Gholdengo|spa|1\n|\n|-weather|SunnyDay|[upkeep]\n|upkeep\n|\n|t:|1731466217\n|switch|p1a: Tyranitar|Tyranitar, L50, M|93\/100\n|-weather|Sandstorm|[from] ability: Sand Stream|[of] p1a: Tyranitar\n|turn|4\n|\n|t:|1731466241\n|-terastallize|p1a: Tyranitar|Flying\n|move|p2a: Luis Carruthers|Sunny Day|p2a: Luis Carruthers\n|-weather|SunnyDay\n|move|p2b: Patrick Bateman|Expanding Force|p1b: Gholdengo|[spread] p1a,p1b\n|-resisted|p1b: Gholdengo\n|-damage|p1a: Tyranitar|62\/100\n|-damage|p1b: Gholdengo|35\/100\n|move|p1b: Gholdengo|Make It Rain|p2b: Patrick Bateman|[spread] p2a,p2b\n|-damage|p2a: Luis Carruthers|0 fnt\n|-damage|p2b: Patrick Bateman|0 fnt\n|-unboost|p1b: Gholdengo|spa|1\n|faint|p2a: Luis Carruthers\n|faint|p2b: Patrick Bateman\n|move|p1a: Tyranitar|Rock Slide|p2: Luis Carruthers|[notarget]\n|-fail|p1a: Tyranitar\n|\n|-weather|SunnyDay|[upkeep]\n|-sideend|p2: SHIDMONBADGAME|move: Tailwind\n|upkeep\n|\n|t:|1731466244\n|switch|p2b: Paul Allen|Sneasler, L50, M, shiny|100\/100\n|-enditem|p2b: Paul Allen|Psychic Seed\n|-boost|p2b: Paul Allen|spd|1|[from] item: Psychic Seed\n|turn|5\n|\n|t:|1731466254\n|move|p2b: Paul Allen|Dire Claw|p1a: Tyranitar\n|-damage|p1a: Tyranitar|24\/100\n|move|p1b: Gholdengo|Make It Rain|p2b: Paul Allen\n|-damage|p2b: Paul Allen|55\/100\n|-unboost|p1b: Gholdengo|spa|1\n|move|p1a: Tyranitar|Tera Blast|p2b: Paul Allen|[anim] Tera Blast Flying\n|-supereffective|p2b: Paul Allen\n|-damage|p2b: Paul Allen|0 fnt\n|faint|p2b: Paul Allen\n|\n|win|Grade a type b\n|raw|Grade a type b's rating: 1724 &rarr; <strong>1751<\/strong><br \/>(+27 for winning)\n|raw|SHIDMONBADGAME's rating: 1856 &rarr; <strong>1829<\/strong><br \/>(-27 for losing)\n|l|\u2606SHIDMONBADGAME\n|player|p2|\n|l|\u2606Grade a type b\n|player|p1|\n|l| Nintehndo\n","uploadtime":1731466513,"views":36,"formatid":"gen9vgc2024regh","rating":1751,"private":0,"password":null}