{"id":"gen9vgc2024regh-2242654291","format":"[Gen 9] VGC 2024 Reg H","players":["VGCLTH John Pork","trevanator"],"log":"|raw|<div class=\"broadcast-blue\"><strong>This battle is required to be public due to a player having a name starting with 'vgclth'.<\/div>\n|j|\u2606VGCLTH John Pork\n|j|\u2606trevanator\n|t:|1731448152\n|gametype|doubles\n|player|p1|VGCLTH John Pork|ogreclan|1697\n|player|p2|trevanator|266|1912\n|teamsize|p1|6\n|teamsize|p2|6\n|gen|9\n|tier|[Gen 9] VGC 2024 Reg H\n|rated|\n|rule|Species Clause: Limit one of each Pok\u00e9mon\n|rule|Item Clause: Limit 1 of each item\n|clearpoke\n|poke|p1|Whimsicott, L50, M|\n|poke|p1|Typhlosion-Hisui, L50, M|\n|poke|p1|Annihilape, L50, F|\n|poke|p1|Maushold-Four, L50|\n|poke|p1|Farigiraf, L50, M|\n|poke|p1|Ursaluna-Bloodmoon, L50, M|\n|poke|p2|Politoed, L50, M|\n|poke|p2|Gothitelle, L50, M|\n|poke|p2|Incineroar, L50, M|\n|poke|p2|Amoonguss, L50, F|\n|poke|p2|Kingdra, L50, M|\n|poke|p2|Archaludon, L50, F|\n|teampreview|4\n|inactive|Battle timer is ON: inactive players will automatically lose when time's up. (requested by VGCLTH John Pork)\n|\n|t:|1731448188\n|start\n|switch|p1a: St. Chroma|Whimsicott, L50, M|100\/100\n|switch|p1b: Thought I Was Dead|Annihilape, L50, F|100\/100\n|switch|p2a: Kingdra|Kingdra, L50, M|100\/100\n|switch|p2b: Archaludon|Archaludon, L50, F|100\/100\n|turn|1\n|inactive|VGCLTH John Pork has 30 seconds left.\n|inactive|VGCLTH John Pork has 20 seconds left.\n|inactive|VGCLTH John Pork has 15 seconds left.\n|inactive|VGCLTH John Pork has 10 seconds left.\n|\n|t:|1731448234\n|-terastallize|p2b: Archaludon|Electric\n|move|p2a: Kingdra|Protect|p2a: Kingdra\n|-singleturn|p2a: Kingdra|Protect\n|move|p1a: St. Chroma|Beat Up|p1b: Thought I Was Dead\n|-damage|p1b: Thought I Was Dead|98\/100\n|-damage|p1b: Thought I Was Dead|95\/100\n|-damage|p1b: Thought I Was Dead|92\/100\n|-damage|p1b: Thought I Was Dead|90\/100\n|-hitcount|p1b: Thought I Was Dead|4\n|move|p1b: Thought I Was Dead|Rage Fist|p2b: Archaludon\n|-ability|p2b: Archaludon|Sturdy\n|-damage|p2b: Archaludon|1\/100\n|move|p2b: Archaludon|Electro Shot||[still]\n|-prepare|p2b: Archaludon|Electro Shot\n|-boost|p2b: Archaludon|spa|1\n|-enditem|p2b: Archaludon|Power Herb\n|-anim|p2b: Archaludon|Electro Shot|p1b: Thought I Was Dead\n|-damage|p1b: Thought I Was Dead|0 fnt\n|faint|p1b: Thought I Was Dead\n|\n|upkeep\n|\n|t:|1731448243\n|switch|p1b: Rah Tah Tah|Maushold-Four, L50|100\/100\n|turn|2\n|\n|t:|1731448266\n|switch|p2b: Politoed|Politoed, L50, M|100\/100\n|-weather|RainDance|[from] ability: Drizzle|[of] p2b: Politoed\n|switch|p2a: Incineroar|Incineroar, L50, M|100\/100\n|-ability|p2a: Incineroar|Intimidate|boost\n|-unboost|p1a: St. Chroma|atk|1\n|-unboost|p1b: Rah Tah Tah|atk|1\n|move|p1a: St. Chroma|Moonblast|p2b: Politoed\n|-damage|p2b: Politoed|75\/100\n|move|p1b: Rah Tah Tah|Population Bomb|p2a: Incineroar\n|-damage|p2a: Incineroar|93\/100\n|-damage|p2a: Incineroar|87\/100\n|-damage|p2a: Incineroar|80\/100\n|-crit|p2a: Incineroar\n|-damage|p2a: Incineroar|65\/100\n|-damage|p2a: Incineroar|58\/100\n|-crit|p2a: Incineroar\n|-damage|p2a: Incineroar|41\/100\n|-damage|p2a: Incineroar|34\/100\n|-damage|p2a: Incineroar|26\/100\n|-damage|p2a: Incineroar|19\/100\n|-damage|p2a: Incineroar|12\/100\n|-hitcount|p2a: Incineroar|10\n|\n|-weather|RainDance|[upkeep]\n|-heal|p2b: Politoed|81\/100|[from] item: Leftovers\n|upkeep\n|turn|3\n|\n|t:|1731448282\n|switch|p2a: Archaludon|Archaludon, L50, F, tera:Electric|1\/100\n|-terastallize|p1b: Rah Tah Tah|Ghost\n|move|p1a: St. Chroma|Moonblast|p2a: Archaludon\n|-damage|p2a: Archaludon|0 fnt\n|faint|p2a: Archaludon\n|move|p1b: Rah Tah Tah|Population Bomb|p2b: Politoed\n|-damage|p2b: Politoed|73\/100\n|-damage|p2b: Politoed|64\/100\n|-damage|p2b: Politoed|56\/100\n|-damage|p2b: Politoed|48\/100\n|-damage|p2b: Politoed|40\/100\n|-damage|p2b: Politoed|32\/100\n|-damage|p2b: Politoed|24\/100\n|-damage|p2b: Politoed|16\/100\n|-damage|p2b: Politoed|8\/100\n|-damage|p2b: Politoed|0 fnt\n|faint|p2b: Politoed\n|-hitcount|p2: Politoed|10\n|\n|-weather|RainDance|[upkeep]\n|upkeep\n|\n|t:|1731448289\n|switch|p2a: Incineroar|Incineroar, L50, M|12\/100\n|switch|p2b: Kingdra|Kingdra, L50, M|100\/100\n|-ability|p2a: Incineroar|Intimidate|boost\n|-unboost|p1a: St. Chroma|atk|1\n|-unboost|p1b: Rah Tah Tah|atk|1\n|turn|4\n|inactive|VGCLTH John Pork has 30 seconds left.\n|\n|t:|1731448320\n|move|p2a: Incineroar|Fake Out|p1a: St. Chroma\n|-damage|p1a: St. Chroma|84\/100\n|cant|p1a: St. Chroma|flinch\n|move|p2b: Kingdra|Hurricane|p1a: St. Chroma\n|-supereffective|p1a: St. Chroma\n|-damage|p1a: St. Chroma|0 fnt\n|faint|p1a: St. Chroma\n|-damage|p2b: Kingdra|91\/100|[from] item: Life Orb\n|move|p1b: Rah Tah Tah|Population Bomb|p2a: Incineroar\n|-damage|p2a: Incineroar|6\/100\n|-damage|p2a: Incineroar|0 fnt\n|faint|p2a: Incineroar\n|-hitcount|p2: Incineroar|2\n|\n|-weather|RainDance|[upkeep]\n|upkeep\n|\n|t:|1731448322\n|switch|p1a: Balloon|Ursaluna-Bloodmoon, L50, M|100\/100\n|turn|5\n|\n|t:|1731448343\n|move|p1b: Rah Tah Tah|Protect|p1b: Rah Tah Tah\n|-singleturn|p1b: Rah Tah Tah|Protect\n|move|p1a: Balloon|Protect|p1a: Balloon\n|-singleturn|p1a: Balloon|Protect\n|move|p2b: Kingdra|Weather Ball|p1a: Balloon\n|-activate|p1a: Balloon|move: Protect\n|\n|-weather|RainDance|[upkeep]\n|upkeep\n|turn|6\n|\n|t:|1731448347\n|move|p1b: Rah Tah Tah|Follow Me|p1b: Rah Tah Tah\n|-singleturn|p1b: Rah Tah Tah|move: Follow Me\n|move|p2b: Kingdra|Weather Ball|p1b: Rah Tah Tah\n|-damage|p1b: Rah Tah Tah|0 fnt\n|faint|p1b: Rah Tah Tah\n|-damage|p2b: Kingdra|81\/100|[from] item: Life Orb\n|move|p1a: Balloon|Blood Moon|p2b: Kingdra\n|-damage|p2b: Kingdra|0 fnt\n|faint|p2b: Kingdra\n|-damage|p1a: Balloon|91\/100|[from] item: Life Orb\n|\n|win|VGCLTH John Pork\n|raw|VGCLTH John Pork's rating: 1697 &rarr; <strong>1728<\/strong><br \/>(+31 for winning)\n|raw|trevanator's rating: 1912 &rarr; <strong>1881<\/strong><br \/>(-31 for losing)\n|l|\u2606VGCLTH John Pork\n|player|p1|\n|j| MinamiSimp\n|l| MinamiSimp\n","uploadtime":1731448575,"views":271,"formatid":"gen9vgc2024regh","rating":1728,"private":0,"password":null}