{"id":"gen9vgc2024regh-2242663916","format":"[Gen 9] VGC 2024 Reg H","players":["VGCLTH John Pork","vgclth souly"],"log":"|raw|<div class=\"broadcast-blue\"><strong>This battle is required to be public due to a player having a name starting with 'vgclth'.<\/div>\n|j|\u2606VGCLTH John Pork\n|j|\u2606vgclth souly\n|t:|1731449193\n|gametype|doubles\n|player|p1|VGCLTH John Pork|ogreclan|1735\n|player|p2|vgclth souly|#smogonxnpa2024draftee|1800\n|teamsize|p1|6\n|teamsize|p2|6\n|gen|9\n|tier|[Gen 9] VGC 2024 Reg H\n|rated|\n|rule|Species Clause: Limit one of each Pok\u00e9mon\n|rule|Item Clause: Limit 1 of each item\n|clearpoke\n|poke|p1|Whimsicott, L50, F|\n|poke|p1|Typhlosion-Hisui, L50, F|\n|poke|p1|Annihilape, L50, F|\n|poke|p1|Maushold-Four, L50|\n|poke|p1|Farigiraf, L50, M|\n|poke|p1|Ursaluna-Bloodmoon, L50, M|\n|poke|p2|Archaludon, L50, M|\n|poke|p2|Pelipper, L50, M|\n|poke|p2|Electabuzz, L50, F|\n|poke|p2|Kingambit, L50, M|\n|poke|p2|Rillaboom, L50, M|\n|poke|p2|Basculegion, L50, M|\n|teampreview|4\n|inactive|Battle timer is ON: inactive players will automatically lose when time's up. (requested by vgclth souly)\n|c|\u2606vgclth souly|Glhf\n|j| SerseCosmiVGC\n|inactive|VGCLTH John Pork has 60 seconds left.\n|\n|t:|1731449232\n|start\n|switch|p1a: Rah Tah Tah|Maushold-Four, L50|100\/100\n|switch|p1b: Thought I Was Dead|Annihilape, L50, F|100\/100\n|switch|p2a: Pelipper|Pelipper, L50, M|100\/100\n|switch|p2b: Basculegion|Basculegion, L50, M|100\/100\n|-weather|RainDance|[from] ability: Drizzle|[of] p2a: Pelipper\n|turn|1\n|\n|t:|1731449255\n|switch|p1a: St. Chroma|Whimsicott, L50, F|100\/100\n|-terastallize|p2b: Basculegion|Grass\n|move|p2b: Basculegion|Wave Crash|p1a: St. Chroma\n|-resisted|p1a: St. Chroma\n|-damage|p1a: St. Chroma|3\/100\n|-damage|p2b: Basculegion|78\/100|[from] Recoil\n|move|p1b: Thought I Was Dead|Rage Fist|p2b: Basculegion\n|-crit|p2b: Basculegion\n|-damage|p2b: Basculegion|20\/100\n|move|p2a: Pelipper|Tailwind|p2a: Pelipper\n|-sidestart|p2: vgclth souly|move: Tailwind\n|\n|-weather|RainDance|[upkeep]\n|upkeep\n|turn|2\n|\n|t:|1731449276\n|switch|p2b: Archaludon|Archaludon, L50, M|100\/100\n|-terastallize|p1b: Thought I Was Dead|Fire\n|move|p1a: St. Chroma|Tailwind|p1a: St. Chroma\n|-sidestart|p1: VGCLTH John Pork|move: Tailwind\n|move|p1b: Thought I Was Dead|Rage Fist|p2b: Archaludon\n|-damage|p2b: Archaludon|77\/100\n|-ability|p2b: Archaludon|Stamina|boost\n|-boost|p2b: Archaludon|def|1\n|move|p2a: Pelipper|Weather Ball|p1a: St. Chroma\n|-resisted|p1a: St. Chroma\n|-damage|p1a: St. Chroma|0 fnt\n|faint|p1a: St. Chroma\n|\n|-weather|RainDance|[upkeep]\n|-heal|p2b: Archaludon|83\/100|[from] item: Leftovers\n|upkeep\n|\n|t:|1731449283\n|switch|p1a: Rah Tah Tah|Maushold-Four, L50|100\/100\n|turn|3\n|\n|t:|1731449288\n|switch|p1b: Noid|Typhlosion-Hisui, L50, F|100\/100\n|-item|p2a: Pelipper|Focus Sash|[from] ability: Frisk|[of] p1b: Noid\n|-item|p2b: Archaludon|Leftovers|[from] ability: Frisk|[of] p1b: Noid\n|move|p2a: Pelipper|Protect|p2a: Pelipper\n|-singleturn|p2a: Pelipper|Protect\n|move|p1a: Rah Tah Tah|Population Bomb|p2a: Pelipper\n|-activate|p2a: Pelipper|move: Protect\n|move|p2b: Archaludon|Electro Shot||[still]\n|-prepare|p2b: Archaludon|Electro Shot\n|-boost|p2b: Archaludon|spa|1\n|-anim|p2b: Archaludon|Electro Shot|p1a: Rah Tah Tah\n|-damage|p1a: Rah Tah Tah|23\/100\n|\n|-weather|RainDance|[upkeep]\n|-heal|p2b: Archaludon|89\/100|[from] item: Leftovers\n|upkeep\n|turn|4\n|\n|t:|1731449308\n|switch|p2a: Rillaboom|Rillaboom, L50, M|100\/100\n|-fieldstart|move: Grassy Terrain|[from] ability: Grassy Surge|[of] p2a: Rillaboom\n|move|p2b: Archaludon|Protect|p2b: Archaludon\n|-singleturn|p2b: Archaludon|Protect\n|move|p1a: Rah Tah Tah|Population Bomb|p2a: Rillaboom\n|-damage|p2a: Rillaboom|90\/100\n|-damage|p2a: Rillaboom|80\/100\n|-damage|p2a: Rillaboom|70\/100\n|-damage|p2a: Rillaboom|59\/100\n|-damage|p2a: Rillaboom|48\/100\n|-damage|p2a: Rillaboom|37\/100\n|-damage|p2a: Rillaboom|26\/100\n|-damage|p2a: Rillaboom|15\/100\n|-damage|p2a: Rillaboom|4\/100\n|-damage|p2a: Rillaboom|0 fnt\n|faint|p2a: Rillaboom\n|-hitcount|p2: Rillaboom|10\n|move|p1b: Noid|Shadow Ball|p2b: Archaludon\n|-activate|p2b: Archaludon|move: Protect\n|\n|-weather|RainDance|[upkeep]\n|-heal|p1a: Rah Tah Tah|29\/100|[from] Grassy Terrain\n|-heal|p2b: Archaludon|95\/100|[from] Grassy Terrain\n|-heal|p2b: Archaludon|100\/100|[from] item: Leftovers\n|-sideend|p2: vgclth souly|move: Tailwind\n|upkeep\n|\n|t:|1731449310\n|switch|p2a: Basculegion|Basculegion, L50, M, tera:Grass|20\/100\n|turn|5\n|\n|t:|1731449316\n|move|p1a: Rah Tah Tah|Follow Me|p1a: Rah Tah Tah\n|-singleturn|p1a: Rah Tah Tah|move: Follow Me\n|move|p1b: Noid|Shadow Ball|p2a: Basculegion\n|-damage|p2a: Basculegion|0 fnt\n|faint|p2a: Basculegion\n|move|p2b: Archaludon|Electro Shot||[still]\n|-prepare|p2b: Archaludon|Electro Shot\n|-boost|p2b: Archaludon|spa|1\n|-anim|p2b: Archaludon|Electro Shot|p1a: Rah Tah Tah\n|-damage|p1a: Rah Tah Tah|0 fnt\n|faint|p1a: Rah Tah Tah\n|\n|-weather|none\n|-sideend|p1: VGCLTH John Pork|move: Tailwind\n|upkeep\n|\n|t:|1731449321\n|switch|p1a: Thought I Was Dead|Annihilape, L50, F, tera:Fire|100\/100\n|switch|p2a: Pelipper|Pelipper, L50, M|100\/100\n|-weather|RainDance|[from] ability: Drizzle|[of] p2a: Pelipper\n|turn|6\n|\n|t:|1731449339\n|move|p1b: Noid|Shadow Ball|p2a: Pelipper\n|-enditem|p2a: Pelipper|Focus Sash\n|-damage|p2a: Pelipper|1\/100\n|-unboost|p2a: Pelipper|spd|1\n|move|p1a: Thought I Was Dead|Close Combat|p2a: Pelipper\n|-resisted|p2a: Pelipper\n|-damage|p2a: Pelipper|0 fnt\n|-unboost|p1a: Thought I Was Dead|def|1\n|-unboost|p1a: Thought I Was Dead|spd|1\n|faint|p2a: Pelipper\n|move|p2b: Archaludon|Electro Shot||[still]\n|-prepare|p2b: Archaludon|Electro Shot\n|-boost|p2b: Archaludon|spa|1\n|-anim|p2b: Archaludon|Electro Shot|p1b: Noid\n|-damage|p1b: Noid|0 fnt\n|faint|p1b: Noid\n|\n|-weather|RainDance|[upkeep]\n|upkeep\n|turn|7\n|\n|t:|1731449343\n|move|p1a: Thought I Was Dead|Close Combat|p2b: Archaludon\n|-supereffective|p2b: Archaludon\n|-damage|p2b: Archaludon|18\/100\n|-unboost|p1a: Thought I Was Dead|def|1\n|-unboost|p1a: Thought I Was Dead|spd|1\n|-ability|p2b: Archaludon|Stamina|boost\n|-boost|p2b: Archaludon|def|1\n|move|p2b: Archaludon|Electro Shot||[still]\n|-prepare|p2b: Archaludon|Electro Shot\n|-boost|p2b: Archaludon|spa|1\n|-anim|p2b: Archaludon|Electro Shot|p1a: Thought I Was Dead\n|-damage|p1a: Thought I Was Dead|0 fnt\n|faint|p1a: Thought I Was Dead\n|\n|win|vgclth souly\n|raw|VGCLTH John Pork's rating: 1735 &rarr; <strong>1719<\/strong><br \/>(-16 for losing)\n|raw|vgclth souly's rating: 1800 &rarr; <strong>1816<\/strong><br \/>(+16 for winning)\n|c|\u2606VGCLTH John Pork|crit plz\n|c|\u2606vgclth souly|Gg\n|c|\u2606VGCLTH John Pork|gg\n|l|\u2606VGCLTH John Pork\n|player|p1|\n|l|\u2606vgclth souly\n|player|p2|\n","uploadtime":1731449545,"views":58,"formatid":"gen9vgc2024regh","rating":1719,"private":0,"password":null}