{"id":"gen9vgc2024regh-2242447111","format":"[Gen 9] VGC 2024 Reg H","players":["VGCLTH John Pork","zero_the_enforcer"],"log":"|raw|<div class=\"broadcast-blue\"><strong>This battle is required to be public due to a player having a name starting with 'vgclth'.<\/div>\n|j|\u2606VGCLTH John Pork\n|j|\u2606zero_the_enforcer\n|t:|1731428288\n|gametype|doubles\n|player|p1|VGCLTH John Pork|ogreclan|1738\n|player|p2|zero_the_enforcer|102|1831\n|teamsize|p1|6\n|teamsize|p2|6\n|gen|9\n|tier|[Gen 9] VGC 2024 Reg H\n|rated|\n|rule|Species Clause: Limit one of each Pok\u00e9mon\n|rule|Item Clause: Limit 1 of each item\n|clearpoke\n|poke|p1|Whimsicott, L50, M|\n|poke|p1|Typhlosion-Hisui, L50, M|\n|poke|p1|Annihilape, L50, M|\n|poke|p1|Maushold-Four, L50|\n|poke|p1|Farigiraf, L50, F|\n|poke|p1|Ursaluna-Bloodmoon, L50, M|\n|poke|p2|Dragonite, L50, F|\n|poke|p2|Garchomp, L50, F|\n|poke|p2|Archaludon, L50, F|\n|poke|p2|Ursaluna-Bloodmoon, L50, M|\n|poke|p2|Gholdengo, L50|\n|poke|p2|Talonflame, L50, M|\n|teampreview|4\n|\n|t:|1731428334\n|start\n|switch|p1a: Maushold|Maushold-Four, L50|100\/100\n|switch|p1b: Farigiraf|Farigiraf, L50, F|100\/100\n|switch|p2a: Dragonite|Dragonite, L50, F|100\/100\n|switch|p2b: Talonflame|Talonflame, L50, M|100\/100\n|turn|1\n|inactive|Battle timer is ON: inactive players will automatically lose when time's up. (requested by VGCLTH John Pork)\n|\n|t:|1731428357\n|move|p1a: Maushold|Follow Me|p1a: Maushold\n|-singleturn|p1a: Maushold|move: Follow Me\n|move|p2b: Talonflame|Dual Wingbeat||[still]\n|cant|p1b: Farigiraf|ability: Armor Tail|Dual Wingbeat|[of] p2b: Talonflame\n|move|p2a: Dragonite|Scale Shot|p1a: Maushold\n|-damage|p1a: Maushold|76\/100\n|-damage|p1a: Maushold|50\/100\n|-damage|p1a: Maushold|29\/100\n|-damage|p1a: Maushold|4\/100\n|-hitcount|p1a: Maushold|4\n|-unboost|p2a: Dragonite|def|1\n|-boost|p2a: Dragonite|spe|1\n|move|p1b: Farigiraf|Trick Room|p1b: Farigiraf\n|-fieldstart|move: Trick Room|[of] p1b: Farigiraf\n|\n|upkeep\n|turn|2\n|inactive|zero_the_enforcer has 30 seconds left.\n|\n|t:|1731428388\n|switch|p2b: Ursaluna|Ursaluna-Bloodmoon, L50, M|100\/100\n|move|p1b: Farigiraf|Psychic Noise|p2b: Ursaluna\n|-damage|p2b: Ursaluna|78\/100\n|-start|p2b: Ursaluna|move: Heal Block\n|-enditem|p1b: Farigiraf|Throat Spray\n|-boost|p1b: Farigiraf|spa|1|[from] item: Throat Spray\n|move|p1a: Maushold|Population Bomb|p2a: Dragonite\n|-damage|p2a: Dragonite|91\/100\n|-damage|p2a: Dragonite|71\/100\n|-damage|p2a: Dragonite|53\/100\n|-damage|p2a: Dragonite|35\/100\n|-damage|p2a: Dragonite|16\/100\n|-damage|p2a: Dragonite|0 fnt\n|faint|p2a: Dragonite\n|-hitcount|p2: Dragonite|6\n|\n|upkeep\n|\n|t:|1731428411\n|switch|p2a: Garchomp|Garchomp, L50, F|100\/100\n|turn|3\n|\n|t:|1731428434\n|-terastallize|p2a: Garchomp|Steel\n|move|p1b: Farigiraf|Hyper Voice|p2b: Ursaluna|[spread] p2a,p2b\n|-resisted|p2a: Garchomp\n|-crit|p2b: Ursaluna\n|-damage|p2a: Garchomp|78\/100\n|-damage|p2b: Ursaluna|27\/100\n|move|p2b: Ursaluna|Hyper Voice|p1a: Maushold|[spread] p1a,p1b\n|-damage|p1a: Maushold|0 fnt\n|-damage|p1b: Farigiraf|63\/100\n|faint|p1a: Maushold\n|move|p2a: Garchomp|Stomping Tantrum|p1b: Farigiraf\n|-damage|p1b: Farigiraf|8\/100\n|\n|-end|p2b: Ursaluna|move: Heal Block\n|upkeep\n|\n|t:|1731428446\n|switch|p1a: Annihilape|Annihilape, L50, M|100\/100\n|turn|4\n|\n|t:|1731428467\n|switch|p2a: Talonflame|Talonflame, L50, M|100\/100\n|move|p1b: Farigiraf|Psychic Noise|p2b: Ursaluna\n|-damage|p2b: Ursaluna|0 fnt\n|faint|p2b: Ursaluna\n|move|p1a: Annihilape|Close Combat|p2a: Talonflame\n|-resisted|p2a: Talonflame\n|-damage|p2a: Talonflame|34\/100\n|-unboost|p1a: Annihilape|def|1\n|-unboost|p1a: Annihilape|spd|1\n|\n|upkeep\n|\n|t:|1731428479\n|switch|p2b: Garchomp|Garchomp, L50, F, tera:Steel|78\/100\n|turn|5\n|\n|t:|1731428486\n|move|p1b: Farigiraf|Hyper Voice|p2a: Talonflame|[spread] p2a,p2b\n|-resisted|p2b: Garchomp\n|-damage|p2a: Talonflame|0 fnt\n|-damage|p2b: Garchomp|59\/100\n|faint|p2a: Talonflame\n|move|p2b: Garchomp|Earthquake|p1a: Annihilape|[spread] p1a,p1b\n|-damage|p1a: Annihilape|0 fnt\n|-damage|p1b: Farigiraf|0 fnt\n|faint|p1a: Annihilape\n|faint|p1b: Farigiraf\n|\n|-fieldend|move: Trick Room\n|upkeep\n|\n|t:|1731428492\n|switch|p1b: Ursaluna|Ursaluna-Bloodmoon, L50, M|100\/100\n|turn|6\n|\n|t:|1731428495\n|move|p2b: Garchomp|Earthquake|p1b: Ursaluna\n|-damage|p1b: Ursaluna|43\/100\n|move|p1b: Ursaluna|Earth Power|p2b: Garchomp\n|-supereffective|p2b: Garchomp\n|-damage|p2b: Garchomp|0 fnt\n|faint|p2b: Garchomp\n|-damage|p1b: Ursaluna|34\/100|[from] item: Life Orb\n|\n|win|VGCLTH John Pork\n|raw|VGCLTH John Pork's rating: 1738 &rarr; <strong>1763<\/strong><br \/>(+25 for winning)\n|raw|zero_the_enforcer's rating: 1831 &rarr; <strong>1806<\/strong><br \/>(-25 for losing)\n|l|\u2606zero_the_enforcer\n|player|p2|\n|l|\u2606VGCLTH John Pork\n|player|p1|\n","uploadtime":1731428670,"views":44,"formatid":"gen9vgc2024regh","rating":1763,"private":0,"password":null}