{"id":"gen9vgc2024regh-2242900468","format":"[Gen 9] VGC 2024 Reg H","players":["sdhywgfsgg","VGCLTH Sir Aaron"],"log":"|raw|<div class=\"broadcast-blue\"><strong>This battle is required to be public due to a player having a name starting with 'vgclth'.<\/div>\n|j|\u2606sdhywgfsgg\n|j|\u2606VGCLTH Sir Aaron\n|t:|1731482594\n|gametype|doubles\n|player|p1|sdhywgfsgg|2|1711\n|player|p2|VGCLTH Sir Aaron|red-masters3|1687\n|teamsize|p1|6\n|teamsize|p2|6\n|gen|9\n|tier|[Gen 9] VGC 2024 Reg H\n|rated|\n|rule|Species Clause: Limit one of each Pok\u00e9mon\n|rule|Item Clause: Limit 1 of each item\n|clearpoke\n|poke|p1|Incineroar, L50, M|\n|poke|p1|Gothitelle, L50, M|\n|poke|p1|Gengar, L50, F|\n|poke|p1|Garchomp, L50, F|\n|poke|p1|Ninetales-Alola, L50, F|\n|poke|p1|Garganacl, L50, F|\n|poke|p2|Sableye, L50, M|\n|poke|p2|Sylveon, L50, F|\n|poke|p2|Archaludon, L50, F|\n|poke|p2|Volcarona, L50, F|\n|poke|p2|Rillaboom, L50, F|\n|poke|p2|Tauros-Paldea-Aqua, L50, M|\n|teampreview|4\n|inactive|Battle timer is ON: inactive players will automatically lose when time's up. (requested by sdhywgfsgg)\n|inactive|VGCLTH Sir Aaron has 60 seconds left.\n|\n|t:|1731482639\n|start\n|switch|p1a: Gengar|Gengar, L50, F|100\/100\n|switch|p1b: Garganacl|Garganacl, L50, F|100\/100\n|switch|p2a: Snowblind|Sableye, L50, M|100\/100\n|switch|p2b: Shamonerona|Volcarona, L50, F, shiny|100\/100\n|turn|1\n|\n|t:|1731482662\n|switch|p1b: Gothitelle|Gothitelle, L50, M|100\/100\n|move|p1a: Gengar|Perish Song|p1a: Gengar\n|-start|p1a: Gengar|perish3|[silent]\n|-start|p1b: Gothitelle|perish3|[silent]\n|-start|p2a: Snowblind|perish3|[silent]\n|-start|p2b: Shamonerona|perish3|[silent]\n|-fieldactivate|move: Perish Song\n|move|p2b: Shamonerona|Quiver Dance|p2b: Shamonerona\n|-boost|p2b: Shamonerona|spa|1\n|-boost|p2b: Shamonerona|spd|1\n|-boost|p2b: Shamonerona|spe|1\n|move|p2a: Snowblind|Foul Play|p1a: Gengar\n|-supereffective|p1a: Gengar\n|-damage|p1a: Gengar|33\/100\n|\n|-start|p2b: Shamonerona|perish3\n|-start|p1a: Gengar|perish3\n|-start|p1b: Gothitelle|perish3\n|-start|p2a: Snowblind|perish3\n|upkeep\n|turn|2\n|\n|t:|1731482683\n|switch|p1a: Garganacl|Garganacl, L50, F|100\/100\n|move|p1b: Gothitelle|Protect|p1b: Gothitelle\n|-singleturn|p1b: Gothitelle|Protect\n|move|p2b: Shamonerona|Heat Wave|p1b: Gothitelle|[spread] p1a\n|-activate|p1b: Gothitelle|move: Protect\n|-resisted|p1a: Garganacl\n|-damage|p1a: Garganacl|81\/100\n|move|p2a: Snowblind|Foul Play|p1b: Gothitelle\n|-activate|p1b: Gothitelle|move: Protect\n|\n|-heal|p1a: Garganacl|87\/100|[from] item: Leftovers\n|-start|p2b: Shamonerona|perish2\n|-start|p1b: Gothitelle|perish2\n|-start|p2a: Snowblind|perish2\n|upkeep\n|turn|3\n|\n|t:|1731482699\n|-terastallize|p2b: Shamonerona|Grass\n|move|p1a: Garganacl|Wide Guard|p1a: Garganacl\n|-singleturn|p1a: Garganacl|Wide Guard\n|move|p2b: Shamonerona|Giga Drain|p1b: Gothitelle\n|-damage|p1b: Gothitelle|55\/100\n|move|p2a: Snowblind|Foul Play|p1b: Gothitelle\n|-supereffective|p1b: Gothitelle\n|-damage|p1b: Gothitelle|24\/100\n|-enditem|p1b: Gothitelle|Sitrus Berry|[eat]\n|-heal|p1b: Gothitelle|49\/100|[from] item: Sitrus Berry\n|move|p1b: Gothitelle|Trick Room|p1b: Gothitelle\n|-fieldstart|move: Trick Room|[of] p1b: Gothitelle\n|\n|-heal|p1a: Garganacl|93\/100|[from] item: Leftovers\n|-start|p2a: Snowblind|perish1\n|-start|p1b: Gothitelle|perish1\n|-start|p2b: Shamonerona|perish1\n|upkeep\n|turn|4\n|\n|t:|1731482724\n|switch|p2a: Bullshifu|Tauros-Paldea-Aqua, L50, M, shiny|100\/100\n|-ability|p2a: Bullshifu|Intimidate|boost\n|-unboost|p1a: Garganacl|atk|1\n|-unboost|p1b: Gothitelle|atk|1\n|move|p1a: Garganacl|Protect||[still]\n|-fail|p1a: Garganacl\n|move|p1b: Gothitelle|Psychic|p2a: Bullshifu\n|-supereffective|p2a: Bullshifu\n|-damage|p2a: Bullshifu|9\/100\n|move|p2b: Shamonerona|Heat Wave|p1b: Gothitelle|[spread] p1a,p1b\n|-resisted|p1a: Garganacl\n|-damage|p1a: Garganacl|77\/100\n|-damage|p1b: Gothitelle|0 fnt\n|faint|p1b: Gothitelle\n|\n|-heal|p1a: Garganacl|82\/100|[from] item: Leftovers\n|-start|p2b: Shamonerona|perish0\n|faint|p2b: Shamonerona\n|upkeep\n|\n|t:|1731482738\n|switch|p1b: Incineroar|Incineroar, L50, M|100\/100\n|switch|p2b: Snowblind|Sableye, L50, M|100\/100\n|-ability|p1b: Incineroar|Intimidate|boost\n|-unboost|p2a: Bullshifu|atk|1\n|-unboost|p2b: Snowblind|atk|1\n|turn|5\n|\n|t:|1731482749\n|move|p2a: Bullshifu|Protect|p2a: Bullshifu\n|-singleturn|p2a: Bullshifu|Protect\n|move|p2b: Snowblind|Encore|p1a: Garganacl\n|-start|p1a: Garganacl|Encore\n|move|p1a: Garganacl|Protect|p1a: Garganacl\n|-singleturn|p1a: Garganacl|Protect\n|move|p1b: Incineroar|Knock Off|p2a: Bullshifu\n|-activate|p2a: Bullshifu|move: Protect\n|\n|-heal|p1a: Garganacl|88\/100|[from] item: Leftovers\n|upkeep\n|turn|6\n|\n|t:|1731482766\n|switch|p1a: Gengar|Gengar, L50, F|33\/100\n|switch|p2a: Forklift Certified|Archaludon, L50, F, shiny|100\/100\n|move|p2b: Snowblind|Disable||[still]\n|-fail|p2b: Snowblind\n|move|p1b: Incineroar|Knock Off|p2a: Forklift Certified\n|-damage|p2a: Forklift Certified|76\/100\n|-enditem|p2a: Forklift Certified|Power Herb|[from] move: Knock Off|[of] p1b: Incineroar\n|\n|upkeep\n|turn|7\n|\n|t:|1731482788\n|move|p2a: Forklift Certified|Protect|p2a: Forklift Certified\n|-singleturn|p2a: Forklift Certified|Protect\n|move|p1a: Gengar|Protect|p1a: Gengar\n|-singleturn|p1a: Gengar|Protect\n|move|p2b: Snowblind|Foul Play|p1a: Gengar\n|-activate|p1a: Gengar|move: Protect\n|move|p1b: Incineroar|Parting Shot|p2a: Forklift Certified\n|-activate|p2a: Forklift Certified|move: Protect\n|\n|-fieldend|move: Trick Room\n|upkeep\n|turn|8\n|\n|t:|1731482805\n|move|p1a: Gengar|Shadow Ball|p2a: Forklift Certified\n|-damage|p2a: Forklift Certified|25\/100\n|-unboost|p2a: Forklift Certified|spd|1\n|move|p2a: Forklift Certified|Flash Cannon|p1a: Gengar\n|-damage|p1a: Gengar|0 fnt\n|faint|p1a: Gengar\n|move|p1b: Incineroar|Parting Shot|p2a: Forklift Certified\n|-unboost|p2a: Forklift Certified|atk|1\n|-unboost|p2a: Forklift Certified|spa|1\n|\n|t:|1731482814\n|switch|p1b: Garganacl|Garganacl, L50, F|88\/100|[from] Parting Shot\n|move|p2b: Snowblind|Foul Play|p1b: Garganacl\n|-damage|p1b: Garganacl|66\/100\n|\n|-heal|p1b: Garganacl|72\/100|[from] item: Leftovers\n|upkeep\n|\n|t:|1731482821\n|switch|p1a: Incineroar|Incineroar, L50, M|100\/100\n|-ability|p1a: Incineroar|Intimidate|boost\n|-unboost|p2a: Forklift Certified|atk|1\n|-unboost|p2b: Snowblind|atk|1\n|turn|9\n|\n|t:|1731482832\n|-terastallize|p1b: Garganacl|Flying\n|move|p2a: Forklift Certified|Protect|p2a: Forklift Certified\n|-singleturn|p2a: Forklift Certified|Protect\n|move|p1a: Incineroar|Knock Off|p2b: Snowblind\n|-damage|p2b: Snowblind|60\/100\n|-enditem|p2b: Snowblind|Sitrus Berry|[from] move: Knock Off|[of] p1a: Incineroar\n|move|p2b: Snowblind|Foul Play|p1b: Garganacl\n|-damage|p1b: Garganacl|48\/100\n|move|p1b: Garganacl|Salt Cure|p2a: Forklift Certified\n|-activate|p2a: Forklift Certified|move: Protect\n|\n|-heal|p1b: Garganacl|54\/100|[from] item: Leftovers\n|upkeep\n|turn|10\n|\n|t:|1731482853\n|move|p1b: Garganacl|Protect|p1b: Garganacl\n|-singleturn|p1b: Garganacl|Protect\n|move|p2b: Snowblind|Encore|p1b: Garganacl\n|-activate|p1b: Garganacl|move: Protect\n|move|p2a: Forklift Certified|Dragon Pulse|p1b: Garganacl\n|-activate|p1b: Garganacl|move: Protect\n|move|p1a: Incineroar|Knock Off|p2a: Forklift Certified\n|-damage|p2a: Forklift Certified|7\/100\n|\n|-heal|p1b: Garganacl|60\/100|[from] item: Leftovers\n|upkeep\n|turn|11\n|\n|t:|1731482867\n|move|p2a: Forklift Certified|Protect|p2a: Forklift Certified\n|-singleturn|p2a: Forklift Certified|Protect\n|move|p2b: Snowblind|Encore|p1b: Garganacl\n|-start|p1b: Garganacl|Encore\n|move|p1a: Incineroar|Knock Off|p2b: Snowblind\n|-damage|p2b: Snowblind|31\/100\n|move|p1b: Garganacl|Protect||[still]\n|-fail|p1b: Garganacl\n|\n|-heal|p1b: Garganacl|65\/100|[from] item: Leftovers\n|upkeep\n|turn|12\n|\n|t:|1731482886\n|move|p1b: Garganacl|Protect|p1b: Garganacl\n|-singleturn|p1b: Garganacl|Protect\n|move|p2b: Snowblind|Disable|p1b: Garganacl\n|-activate|p1b: Garganacl|move: Protect\n|move|p2a: Forklift Certified|Dragon Pulse|p1a: Incineroar\n|-damage|p1a: Incineroar|74\/100\n|move|p1a: Incineroar|Knock Off|p2b: Snowblind\n|-damage|p2b: Snowblind|2\/100\n|\n|-heal|p1b: Garganacl|71\/100|[from] item: Leftovers\n|upkeep\n|turn|13\n|\n|t:|1731482900\n|move|p1b: Garganacl|Protect||[still]\n|-fail|p1b: Garganacl\n|move|p2b: Snowblind|Disable|p1b: Garganacl\n|-start|p1b: Garganacl|Disable|Protect\n|move|p2a: Forklift Certified|Electro Shot||[still]\n|-prepare|p2a: Forklift Certified|Electro Shot\n|-boost|p2a: Forklift Certified|spa|1\n|move|p1a: Incineroar|Knock Off|p2b: Snowblind\n|-crit|p2b: Snowblind\n|-damage|p2b: Snowblind|0 fnt\n|faint|p2b: Snowblind\n|\n|-heal|p1b: Garganacl|77\/100|[from] item: Leftovers\n|-end|p1b: Garganacl|Encore\n|upkeep\n|\n|t:|1731482911\n|switch|p2b: Bullshifu|Tauros-Paldea-Aqua, L50, M, shiny|9\/100\n|-ability|p2b: Bullshifu|Intimidate|boost\n|-unboost|p1a: Incineroar|atk|1\n|-unboost|p1b: Garganacl|atk|1\n|turn|14\n|\n|t:|1731482926\n|move|p2b: Bullshifu|Aqua Jet|p1a: Incineroar\n|-supereffective|p1a: Incineroar\n|-damage|p1a: Incineroar|44\/100\n|move|p2a: Forklift Certified|Electro Shot|p1a: Incineroar|[from]lockedmove\n|-damage|p1a: Incineroar|4\/100\n|move|p1a: Incineroar|Knock Off|p2a: Forklift Certified\n|-damage|p2a: Forklift Certified|0 fnt\n|faint|p2a: Forklift Certified\n|move|p1b: Garganacl|Salt Cure|p2b: Bullshifu\n|-resisted|p2b: Bullshifu\n|-damage|p2b: Bullshifu|4\/100\n|-start|p2b: Bullshifu|Salt Cure\n|\n|-heal|p1b: Garganacl|83\/100|[from] item: Leftovers\n|-damage|p2b: Bullshifu|0 fnt|[from] Salt Cure\n|faint|p2b: Bullshifu\n|\n|win|sdhywgfsgg\n|upkeep\n|raw|sdhywgfsgg's rating: 1711 &rarr; <strong>1730<\/strong><br \/>(+19 for winning)\n|raw|VGCLTH Sir Aaron's rating: 1687 &rarr; <strong>1668<\/strong><br \/>(-19 for losing)\n|l|\u2606sdhywgfsgg\n|player|p1|\n","uploadtime":1731483167,"views":19,"formatid":"gen9vgc2024regh","rating":1668,"private":0,"password":null}