{"id":"gen9vgc2024regh-2242341469","format":"[Gen 9] VGC 2024 Reg H","players":["tex777","VGCLTH Thacrow"],"log":"|j|\u2606tex777\n|j|\u2606VGCLTH Thacrow\n|t:|1731417179\n|gametype|doubles\n|player|p1|tex777|101|1771\n|player|p2|VGCLTH Thacrow|wallace-masters|1806\n|teamsize|p1|6\n|teamsize|p2|6\n|gen|9\n|tier|[Gen 9] VGC 2024 Reg H\n|rated|\n|rule|Species Clause: Limit one of each Pok\u00e9mon\n|rule|Item Clause: Limit 1 of each item\n|clearpoke\n|poke|p1|Gallade, L50, M|\n|poke|p1|Incineroar, L50, M|\n|poke|p1|Kingambit, L50, M|\n|poke|p1|Ninetales-Alola, L50, M|\n|poke|p1|Garchomp, L50, M|\n|poke|p1|Dragonite, L50, M|\n|poke|p2|Ceruledge, L50, M|\n|poke|p2|Gastrodon-East, L50, M|\n|poke|p2|Sneasler, L50, M|\n|poke|p2|Dragonite, L50, M|\n|poke|p2|Rillaboom, L50, M|\n|poke|p2|Kingambit, L50, M|\n|teampreview|4\n|j| ryou_zero\nVGCLTH Thacrow has agreed to open team sheets.\n|j| tzer99\n|j| vgclth cuwutie\n|\n|t:|1731417210\n|start\n|switch|p1a: Garchomp|Garchomp, L50, M|100\/100\n|switch|p1b: Dragonite|Dragonite, L50, M, shiny|100\/100\n|switch|p2a: Kidturtle|Sneasler, L50, M, shiny|100\/100\n|switch|p2b: Godlyreal|Kingambit, L50, M|100\/100\n|turn|1\n|l| vgclth cuwutie\n|\n|t:|1731417230\n|-terastallize|p2b: Godlyreal|Flying\n|move|p1b: Dragonite|Extreme Speed|p2a: Kidturtle\n|-damage|p2a: Kidturtle|47\/100\n|move|p1a: Garchomp|Earthquake|p2b: Godlyreal|[spread] p2a\n|-immune|p1b: Dragonite\n|-immune|p2b: Godlyreal\n|-supereffective|p2a: Kidturtle\n|-damage|p2a: Kidturtle|0 fnt\n|faint|p2a: Kidturtle\n|move|p2b: Godlyreal|Kowtow Cleave|p1b: Dragonite\n|-damage|p1b: Dragonite|51\/100\n|\n|upkeep\n|j| vgclth souly\n|\n|t:|1731417236\n|switch|p2a: Main Flutter|Dragonite, L50, M, shiny|100\/100\n|turn|2\n|\n|t:|1731417285\n|switch|p1a: Gallade|Gallade, L50, M, shiny|100\/100\n|move|p1b: Dragonite|Extreme Speed|p2a: Main Flutter\n|-damage|p2a: Main Flutter|85\/100\n|move|p2a: Main Flutter|Scale Shot|p1b: Dragonite\n|-supereffective|p1b: Dragonite\n|-damage|p1b: Dragonite|22\/100\n|-supereffective|p1b: Dragonite\n|-damage|p1b: Dragonite|0 fnt\n|faint|p1b: Dragonite\n|-hitcount|p1: Dragonite|2\n|-unboost|p2a: Main Flutter|def|1\n|-boost|p2a: Main Flutter|spe|1\n|move|p2b: Godlyreal|Iron Head|p1a: Gallade\n|-damage|p1a: Gallade|20\/100\n|\n|upkeep\n|\n|t:|1731417298\n|switch|p1b: Garchomp|Garchomp, L50, M|100\/100\n|turn|3\n|\n|t:|1731417307\n|move|p2a: Main Flutter|Protect|p2a: Main Flutter\n|-singleturn|p2a: Main Flutter|Protect\n|move|p1a: Gallade|Protect|p1a: Gallade\n|-singleturn|p1a: Gallade|Protect\n|move|p1b: Garchomp|Dragon Claw|p2a: Main Flutter\n|-activate|p2a: Main Flutter|move: Protect\n|move|p2b: Godlyreal|Kowtow Cleave|p1b: Garchomp\n|-damage|p1b: Garchomp|54\/100\n|-damage|p2b: Godlyreal|88\/100|[from] ability: Rough Skin|[of] p1b: Garchomp\n|\n|upkeep\n|turn|4\n|\n|t:|1731417334\n|move|p2a: Main Flutter|Extreme Speed|p1b: Garchomp\n|-damage|p1b: Garchomp|24\/100\n|-damage|p2a: Main Flutter|73\/100|[from] ability: Rough Skin|[of] p1b: Garchomp\n|move|p2b: Godlyreal|Sucker Punch|p1b: Garchomp\n|-damage|p1b: Garchomp|0 fnt\n|-damage|p2b: Godlyreal|76\/100|[from] ability: Rough Skin|[of] p1b: Garchomp\n|faint|p1b: Garchomp\n|move|p1a: Gallade|Psycho Cut|p2a: Main Flutter\n|-damage|p2a: Main Flutter|0 fnt\n|faint|p2a: Main Flutter\n|\n|upkeep\n|\n|t:|1731417343\n|switch|p1b: Incineroar|Incineroar, L50, M|100\/100\n|switch|p2a: Christian|Ceruledge, L50, M|100\/100\n|-ability|p1b: Incineroar|Intimidate|boost\n|-unboost|p2a: Christian|atk|1\n|-unboost|p2b: Godlyreal|atk|1\n|-ability|p2b: Godlyreal|Defiant|boost\n|-boost|p2b: Godlyreal|atk|2\n|turn|5\n|\n|t:|1731417361\n|move|p1a: Gallade|Protect|p1a: Gallade\n|-singleturn|p1a: Gallade|Protect\n|move|p2a: Christian|Shadow Sneak|p1a: Gallade\n|-activate|p1a: Gallade|move: Protect\n|move|p1b: Incineroar|Knock Off|p2a: Christian\n|-supereffective|p2a: Christian\n|-damage|p2a: Christian|0 fnt\n|-enditem|p2a: Christian|Leftovers|[from] move: Knock Off|[of] p1b: Incineroar\n|faint|p2a: Christian\n|move|p2b: Godlyreal|Tera Blast|p1b: Incineroar|[anim] Tera Blast Flying\n|-damage|p1b: Incineroar|41\/100\n|\n|upkeep\n|turn|6\n|\n|t:|1731417398\n|move|p1a: Gallade|Protect||[still]\n|-fail|p1a: Gallade\n|move|p1b: Incineroar|Knock Off|p2b: Godlyreal\n|-damage|p2b: Godlyreal|42\/100\n|-enditem|p2b: Godlyreal|Assault Vest|[from] move: Knock Off|[of] p1b: Incineroar\n|move|p2b: Godlyreal|Tera Blast|p1b: Incineroar|[anim] Tera Blast Flying\n|-damage|p1b: Incineroar|0 fnt\n|faint|p1b: Incineroar\n|\n|upkeep\n|turn|7\n|\n|t:|1731417409\n|move|p1a: Gallade|Protect|p1a: Gallade\n|-singleturn|p1a: Gallade|Protect\n|move|p2b: Godlyreal|Sucker Punch||[still]\n|-fail|p2b: Godlyreal\n|\n|upkeep\n|turn|8\n|\n|t:|1731417415\n|move|p1a: Gallade|Protect||[still]\n|-fail|p1a: Gallade\n|move|p2b: Godlyreal|Sucker Punch||[still]\n|-fail|p2b: Godlyreal\n|\n|upkeep\n|turn|9\n|l| tzer99\n|\n|t:|1731417424\n|move|p2b: Godlyreal|Sucker Punch|p1a: Gallade\n|-damage|p1a: Gallade|0 fnt\n|faint|p1a: Gallade\n|\n|win|VGCLTH Thacrow\n|raw|tex777's rating: 1771 &rarr; <strong>1753<\/strong><br \/>(-18 for losing)\n|raw|VGCLTH Thacrow's rating: 1806 &rarr; <strong>1824<\/strong><br \/>(+18 for winning)\n|l|\u2606tex777\n|player|p1|\n|l|\u2606VGCLTH Thacrow\n|player|p2|\n|j| vgclth cuwutie\n|l| vgclth cuwutie\n|l| ryou_zero\n|l| vgclth souly\n","uploadtime":1731417684,"views":48,"formatid":"gen9vgc2024regh","rating":1753,"private":0,"password":null}