{"id":"gen9vgc2024regh-2242376257","format":"[Gen 9] VGC 2024 Reg H","players":["shimashima0622","vgclth souly"],"log":"|raw|<div class=\"broadcast-blue\"><strong>This battle is required to be public due to a player having a name starting with 'vgclth'.<\/div>\n|j|\u2606shimashima0622\n|j|\u2606vgclth souly\n|t:|1731421197\n|gametype|doubles\n|player|p1|shimashima0622|1|1760\n|player|p2|vgclth souly|#smogonxnpa2024draftee|1820\n|teamsize|p1|6\n|teamsize|p2|6\n|gen|9\n|tier|[Gen 9] VGC 2024 Reg H\n|rated|\n|rule|Species Clause: Limit one of each Pok\u00e9mon\n|rule|Item Clause: Limit 1 of each item\n|clearpoke\n|poke|p1|Dondozo, L50, F|\n|poke|p1|Tatsugiri, L50, M|\n|poke|p1|Annihilape, L50, M|\n|poke|p1|Dragonite, L50, M|\n|poke|p1|Volcarona, L50, M|\n|poke|p1|Indeedee, L50, M|\n|poke|p2|Archaludon, L50, F|\n|poke|p2|Pelipper, L50, M|\n|poke|p2|Electabuzz, L50, M|\n|poke|p2|Kingambit, L50, F|\n|poke|p2|Rillaboom, L50, F|\n|poke|p2|Basculegion, L50, M|\n|teampreview|4\n|inactive|Battle timer is ON: inactive players will automatically lose when time's up. (requested by shimashima0622)\n|\n|t:|1731421213\n|start\n|switch|p1a: Dondozo|Dondozo, L50, F|100\/100\n|switch|p1b: Annihilape|Annihilape, L50, M|100\/100\n|switch|p2a: Basculegion|Basculegion, L50, M|100\/100\n|switch|p2b: Pelipper|Pelipper, L50, M|100\/100\n|-weather|RainDance|[from] ability: Drizzle|[of] p2b: Pelipper\n|turn|1\n|\n|t:|1731421226\n|move|p2a: Basculegion|Wave Crash|p1b: Annihilape\n|-enditem|p1b: Annihilape|Focus Sash\n|-damage|p1b: Annihilape|1\/100\n|-damage|p2a: Basculegion|69\/100|[from] Recoil\n|move|p1b: Annihilape|Rage Fist|p2a: Basculegion\n|-supereffective|p2a: Basculegion\n|-damage|p2a: Basculegion|0 fnt\n|faint|p2a: Basculegion\n|move|p2b: Pelipper|Hurricane|p1a: Dondozo\n|-damage|p1a: Dondozo|64\/100\n|move|p1a: Dondozo|Yawn|p2b: Pelipper\n|-start|p2b: Pelipper|move: Yawn|[of] p1a: Dondozo\n|\n|-weather|RainDance|[upkeep]\n|-heal|p1a: Dondozo|71\/100|[from] item: Leftovers\n|upkeep\n|\n|t:|1731421232\n|switch|p2a: Rillaboom|Rillaboom, L50, F|100\/100\n|-fieldstart|move: Grassy Terrain|[from] ability: Grassy Surge|[of] p2a: Rillaboom\n|turn|2\n|inactive|shimashima0622 has 30 seconds left.\n|\n|t:|1731421258\n|switch|p1b: Volcarona|Volcarona, L50, M|100\/100\n|switch|p2b: Archaludon|Archaludon, L50, F|100\/100\n|move|p2a: Rillaboom|Wood Hammer|p1a: Dondozo\n|-supereffective|p1a: Dondozo\n|-damage|p1a: Dondozo|0 fnt\n|faint|p1a: Dondozo\n|-damage|p2a: Rillaboom|71\/100|[from] Recoil\n|\n|-weather|RainDance|[upkeep]\n|-heal|p2a: Rillaboom|77\/100|[from] Grassy Terrain\n|upkeep\n|\n|t:|1731421273\n|switch|p1a: Dragonite|Dragonite, L50, M|100\/100\n|turn|3\n|j| El!te 00f\n|\n|t:|1731421287\n|-terastallize|p2a: Rillaboom|Fire\n|move|p2a: Rillaboom|Grassy Glide|p1a: Dragonite\n|-resisted|p1a: Dragonite\n|-damage|p1a: Dragonite|96\/100\n|move|p1b: Volcarona|Quiver Dance|p1b: Volcarona\n|-boost|p1b: Volcarona|spa|1\n|-boost|p1b: Volcarona|spd|1\n|-boost|p1b: Volcarona|spe|1\n|move|p1a: Dragonite|Scale Shot|p2a: Rillaboom\n|-damage|p2a: Rillaboom|61\/100\n|-damage|p2a: Rillaboom|46\/100\n|-damage|p2a: Rillaboom|32\/100\n|-crit|p2a: Rillaboom\n|-damage|p2a: Rillaboom|9\/100\n|-damage|p2a: Rillaboom|0 fnt\n|faint|p2a: Rillaboom\n|-hitcount|p2: Rillaboom|5\n|-unboost|p1a: Dragonite|def|1\n|-boost|p1a: Dragonite|spe|1\n|move|p2b: Archaludon|Draco Meteor|p1a: Dragonite\n|-supereffective|p1a: Dragonite\n|-damage|p1a: Dragonite|0 fnt\n|-unboost|p2b: Archaludon|spa|2\n|faint|p1a: Dragonite\n|\n|-weather|RainDance|[upkeep]\n|upkeep\n|\n|t:|1731421310\n|switch|p1a: Annihilape|Annihilape, L50, M|1\/100\n|switch|p2a: Pelipper|Pelipper, L50, M|100\/100\n|turn|4\n|inactive|shimashima0622 has 30 seconds left.\n|inactive|shimashima0622 has 20 seconds left.\n|\n|t:|1731421348\n|-terastallize|p1b: Volcarona|Fairy\n|move|p2a: Pelipper|Protect|p2a: Pelipper\n|-singleturn|p2a: Pelipper|Protect\n|move|p1b: Volcarona|Tera Blast|p2a: Pelipper|[anim] Tera Blast Fairy\n|-activate|p2a: Pelipper|move: Protect\n|move|p1a: Annihilape|Rage Fist|p2a: Pelipper\n|-activate|p2a: Pelipper|move: Protect\n|move|p2b: Archaludon|Electro Shot||[still]\n|-prepare|p2b: Archaludon|Electro Shot\n|-boost|p2b: Archaludon|spa|1\n|-anim|p2b: Archaludon|Electro Shot|p1a: Annihilape\n|-damage|p1a: Annihilape|0 fnt\n|faint|p1a: Annihilape\n|\n|-weather|RainDance|[upkeep]\n|upkeep\n|turn|5\n|\n|t:|1731421359\n|move|p1b: Volcarona|Tera Blast|p2a: Pelipper|[anim] Tera Blast Fairy\n|-enditem|p2a: Pelipper|Focus Sash\n|-damage|p2a: Pelipper|1\/100\n|move|p2a: Pelipper|Tailwind|p2a: Pelipper\n|-sidestart|p2: vgclth souly|move: Tailwind\n|move|p2b: Archaludon|Electro Shot||[still]\n|-prepare|p2b: Archaludon|Electro Shot\n|-boost|p2b: Archaludon|spa|1\n|-anim|p2b: Archaludon|Electro Shot|p1b: Volcarona\n|-damage|p1b: Volcarona|77\/100\n|\n|-weather|none\n|-heal|p1b: Volcarona|83\/100|[from] Grassy Terrain\n|upkeep\n|turn|6\n|j| VGCLTH 2thyfor\n|\n|t:|1731421372\n|move|p2a: Pelipper|Hurricane|p1b: Volcarona|[miss]\n|-miss|p2a: Pelipper|p1b: Volcarona\n|move|p2b: Archaludon|Flash Cannon|p1b: Volcarona\n|-supereffective|p1b: Volcarona\n|-damage|p1b: Volcarona|39\/100\n|-enditem|p1b: Volcarona|Sitrus Berry|[eat]\n|-heal|p1b: Volcarona|64\/100|[from] item: Sitrus Berry\n|move|p1b: Volcarona|Heat Wave|p2a: Pelipper|[spread] p2b\n|-miss|p1b: Volcarona|p2a: Pelipper\n|-damage|p2b: Archaludon|55\/100\n|-ability|p2b: Archaludon|Stamina|boost\n|-boost|p2b: Archaludon|def|1\n|\n|-heal|p2b: Archaludon|61\/100|[from] Grassy Terrain\n|-heal|p2b: Archaludon|67\/100|[from] item: Leftovers\n|-heal|p1b: Volcarona|70\/100|[from] Grassy Terrain\n|-fieldend|move: Grassy Terrain\n|upkeep\n|turn|7\n|inactive|shimashima0622 has 30 seconds left.\n|\n|t:|1731421402\n|move|p1b: Volcarona|Protect|p1b: Volcarona\n|-singleturn|p1b: Volcarona|Protect\n|move|p2a: Pelipper|Hurricane|p1b: Volcarona\n|-activate|p1b: Volcarona|move: Protect\n|move|p2b: Archaludon|Flash Cannon|p1b: Volcarona\n|-activate|p1b: Volcarona|move: Protect\n|\n|-heal|p2b: Archaludon|73\/100|[from] item: Leftovers\n|upkeep\n|turn|8\n|j| VGCLTH Carrots\n|\n|t:|1731421422\n|move|p2a: Pelipper|Hurricane|p1b: Volcarona\n|-damage|p1b: Volcarona|36\/100\n|move|p2b: Archaludon|Flash Cannon|p1b: Volcarona\n|-supereffective|p1b: Volcarona\n|-damage|p1b: Volcarona|0 fnt\n|faint|p1b: Volcarona\n|\n|win|vgclth souly\n|raw|shimashima0622's rating: 1760 &rarr; <strong>1743<\/strong><br \/>(-17 for losing)\n|raw|vgclth souly's rating: 1820 &rarr; <strong>1837<\/strong><br \/>(+17 for winning)\n|l|\u2606shimashima0622\n|player|p1|\n|l| VGCLTH Carrots\n|l| VGCLTH 2thyfor\n|l|\u2606vgclth souly\n|player|p2|\n|j| VGCLTH 2thyfor\n","uploadtime":1731421678,"views":44,"formatid":"gen9vgc2024regh","rating":1743,"private":0,"password":null}