{"id":"gen9vgc2024regh-2242892900","format":"[Gen 9] VGC 2024 Reg H","players":["pokemon homo","VGCLTH Slow"],"log":"|raw|<div class=\"broadcast-blue\"><strong>This battle is required to be public due to a player having a name starting with 'vgclth'.<\/div>\n|j|\u2606pokemon homo\n|j|\u2606VGCLTH Slow\n|t:|1731480999\n|gametype|doubles\n|player|p1|pokemon homo|rosa|1706\n|player|p2|VGCLTH Slow|skier|1712\n|teamsize|p1|6\n|teamsize|p2|6\n|gen|9\n|tier|[Gen 9] VGC 2024 Reg H\n|rated|\n|rule|Species Clause: Limit one of each Pok\u00e9mon\n|rule|Item Clause: Limit 1 of each item\n|clearpoke\n|poke|p1|Incineroar, L50, M|\n|poke|p1|Sneasler, L50, M|\n|poke|p1|Rillaboom, L50, M|\n|poke|p1|Dragonite, L50, F|\n|poke|p1|Rotom-Wash, L50|\n|poke|p1|Ursaluna-Bloodmoon, L50, M|\n|poke|p2|Sableye, L50, M|\n|poke|p2|Sylveon, L50, F|\n|poke|p2|Archaludon, L50, F|\n|poke|p2|Volcarona, L50, M|\n|poke|p2|Rillaboom, L50, F|\n|poke|p2|Tauros-Paldea-Aqua, L50, M|\n|teampreview|4\nVGCLTH Slow has agreed to open team sheets.\n|\n|t:|1731481029\n|start\n|switch|p1a: Rotom|Rotom-Wash, L50|100\/100\n|switch|p1b: Ursaluna|Ursaluna-Bloodmoon, L50, M|100\/100\n|switch|p2a: Shamonerona|Volcarona, L50, M, shiny|100\/100\n|switch|p2b: Old Yeller|Sylveon, L50, F|100\/100\n|turn|1\n|j| ghpo95\n|inactive|Battle timer is ON: inactive players will automatically lose when time's up. (requested by VGCLTH Slow)\n|\n|t:|1731481090\n|move|p2a: Shamonerona|Quiver Dance|p2a: Shamonerona\n|-boost|p2a: Shamonerona|spa|1\n|-boost|p2a: Shamonerona|spd|1\n|-boost|p2a: Shamonerona|spe|1\n|move|p1a: Rotom|Volt Switch|p2b: Old Yeller\n|-damage|p2b: Old Yeller|60\/100\n|\n|t:|1731481100\n|switch|p1a: Incineroar|Incineroar, L50, M|100\/100|[from] Volt Switch\n|-ability|p1a: Incineroar|Intimidate|boost\n|-unboost|p2a: Shamonerona|atk|1\n|-unboost|p2b: Old Yeller|atk|1\n|move|p2b: Old Yeller|Hyper Voice|p1a: Incineroar|[spread] p1a,p1b\n|-damage|p1a: Incineroar|68\/100\n|-damage|p1b: Ursaluna|63\/100\n|-enditem|p2b: Old Yeller|Throat Spray\n|-boost|p2b: Old Yeller|spa|1|[from] item: Throat Spray\n|move|p1b: Ursaluna|Yawn|p2a: Shamonerona\n|-start|p2a: Shamonerona|move: Yawn|[of] p1b: Ursaluna\n|\n|-heal|p1b: Ursaluna|69\/100|[from] item: Leftovers\n|upkeep\n|turn|2\n|\n|t:|1731481122\n|switch|p2a: Bullshifu|Tauros-Paldea-Aqua, L50, M, shiny|100\/100\n|-ability|p2a: Bullshifu|Intimidate|boost\n|-unboost|p1a: Incineroar|atk|1\n|-unboost|p1b: Ursaluna|atk|1\n|move|p1a: Incineroar|Fake Out|p2b: Old Yeller\n|-damage|p2b: Old Yeller|52\/100\n|cant|p2b: Old Yeller|flinch\n|move|p1b: Ursaluna|Yawn|p2a: Bullshifu\n|-start|p2a: Bullshifu|move: Yawn|[of] p1b: Ursaluna\n|\n|-heal|p1b: Ursaluna|75\/100|[from] item: Leftovers\n|upkeep\n|turn|3\n|\n|t:|1731481140\n|switch|p2a: Snowblind|Sableye, L50, M|100\/100\n|-terastallize|p1b: Ursaluna|Water\n|move|p2b: Old Yeller|Hyper Voice|p1a: Incineroar|[spread] p1a,p1b\n|-damage|p1a: Incineroar|16\/100\n|-damage|p1b: Ursaluna|22\/100\n|move|p1a: Incineroar|Parting Shot|p2a: Snowblind\n|-unboost|p2a: Snowblind|atk|1\n|-unboost|p2a: Snowblind|spa|1\n|\n|t:|1731481152\n|switch|p1a: Rotom|Rotom-Wash, L50|100\/100|[from] Parting Shot\n|move|p1b: Ursaluna|Blood Moon|p2b: Old Yeller\n|-damage|p2b: Old Yeller|0 fnt\n|faint|p2b: Old Yeller\n|\n|-heal|p1b: Ursaluna|28\/100|[from] item: Leftovers\n|upkeep\n|\n|t:|1731481166\n|switch|p2b: Shamonerona|Volcarona, L50, M, shiny|100\/100\n|turn|4\n|\n|t:|1731481185\n|move|p2b: Shamonerona|Protect|p2b: Shamonerona\n|-singleturn|p2b: Shamonerona|Protect\n|move|p2a: Snowblind|Encore|p1b: Ursaluna\n|-start|p1b: Ursaluna|Encore\n|move|p1a: Rotom|Trick|p2a: Snowblind\n|-activate|p1a: Rotom|move: Trick|[of] p2a: Snowblind\n|-item|p2a: Snowblind|Choice Specs|[from] move: Trick\n|-item|p1a: Rotom|Sitrus Berry|[from] move: Trick\n|move|p1b: Ursaluna|Blood Moon|p2b: Shamonerona\n|-activate|p2b: Shamonerona|move: Protect\n|-hint|Some effects can force a Pokemon to use Blood Moon again in a row.\n|\n|-heal|p1b: Ursaluna|34\/100|[from] item: Leftovers\n|upkeep\n|turn|5\n|inactive|pokemon homo has 30 seconds left.\n|\n|t:|1731481218\n|switch|p1a: Incineroar|Incineroar, L50, M|16\/100\n|-ability|p1a: Incineroar|Intimidate|boost\n|-unboost|p2a: Snowblind|atk|1\n|-unboost|p2b: Shamonerona|atk|1\n|switch|p1b: Sneasler|Sneasler, L50, M|100\/100\n|move|p2a: Snowblind|Disable||[still]\n|-fail|p2a: Snowblind\n|move|p2b: Shamonerona|Quiver Dance|p2b: Shamonerona\n|-boost|p2b: Shamonerona|spa|1\n|-boost|p2b: Shamonerona|spd|1\n|-boost|p2b: Shamonerona|spe|1\n|\n|upkeep\n|turn|6\n|\n|t:|1731481239\n|switch|p2a: Bullshifu|Tauros-Paldea-Aqua, L50, M, shiny|100\/100\n|-ability|p2a: Bullshifu|Intimidate|boost\n|-unboost|p1a: Incineroar|atk|1\n|-unboost|p1b: Sneasler|atk|1\n|move|p2b: Shamonerona|Heat Wave|p1a: Incineroar|[spread] p1a,p1b\n|-resisted|p1a: Incineroar\n|-crit|p1b: Sneasler\n|-damage|p1a: Incineroar|0 fnt\n|-enditem|p1b: Sneasler|Focus Sash\n|-damage|p1b: Sneasler|1\/100\n|faint|p1a: Incineroar\n|move|p1b: Sneasler|Dire Claw|p2b: Shamonerona\n|-damage|p2b: Shamonerona|69\/100\n|\n|upkeep\n|\n|t:|1731481255\n|switch|p1a: Rotom|Rotom-Wash, L50|100\/100\n|turn|7\n|l| ghpo95\n|\n|t:|1731481270\n|-terastallize|p2b: Shamonerona|Grass\n|move|p2a: Bullshifu|Aqua Jet|p1b: Sneasler\n|-damage|p1b: Sneasler|0 fnt\n|faint|p1b: Sneasler\n|move|p2b: Shamonerona|Giga Drain|p1a: Rotom\n|-supereffective|p1a: Rotom\n|-damage|p1a: Rotom|0 fnt\n|-heal|p2b: Shamonerona|100\/100|[from] drain|[of] p1a: Rotom\n|faint|p1a: Rotom\n|\n|upkeep\n|j| ghpo95\n|-message|pokemon homo forfeited.\n|\n|win|VGCLTH Slow\n|raw|pokemon homo's rating: 1706 &rarr; <strong>1686<\/strong><br \/>(-20 for losing)\n|raw|VGCLTH Slow's rating: 1712 &rarr; <strong>1732<\/strong><br \/>(+20 for winning)\n|l|\u2606pokemon homo\n|player|p1|\n|l| ghpo95\n|l|\u2606VGCLTH Slow\n|player|p2|\n","uploadtime":1731481277,"views":19,"formatid":"gen9vgc2024regh","rating":1686,"private":0,"password":null}