{"id":"gen9vgc2024regh-2242876672","format":"[Gen 9] VGC 2024 Reg H","players":["Aki Hoshino","Novicebest"],"log":"|j|\u2606Aki Hoshino\n|j|\u2606Novicebest\n|t:|1731477691\n|gametype|doubles\n|player|p1|Aki Hoshino|aromalady|1729\n|player|p2|Novicebest|170|1721\n|teamsize|p1|6\n|teamsize|p2|6\n|gen|9\n|tier|[Gen 9] VGC 2024 Reg H\n|rated|\n|rule|Species Clause: Limit one of each Pok\u00e9mon\n|rule|Item Clause: Limit 1 of each item\n|clearpoke\n|poke|p1|Whimsicott, L50, F|\n|poke|p1|Meowscarada, L50, F|\n|poke|p1|Typhlosion-Hisui, L50, M|\n|poke|p1|Archaludon, L50, F|\n|poke|p1|Dragonite, L50, M|\n|poke|p1|Ursaluna-Bloodmoon, L50, M|\n|poke|p2|Pelipper, L50, F|\n|poke|p2|Rillaboom, L50, M|\n|poke|p2|Archaludon, L50, M|\n|poke|p2|Gholdengo, L50|\n|poke|p2|Sneasler, L50, F|\n|poke|p2|Incineroar, L50, M|\n|teampreview|4\n|inactive|Battle timer is ON: inactive players will automatically lose when time's up. (requested by Novicebest)\n|inactive|Aki Hoshino has 60 seconds left.\n|inactive|Novicebest has 60 seconds left.\n|j| mr pogostick\n|\n|t:|1731477758\n|start\n|switch|p1a: Whimsicott|Whimsicott, L50, F|100\/100\n|switch|p1b: Meowscarada|Meowscarada, L50, F|100\/100\n|switch|p2a: Incineroar|Incineroar, L50, M|100\/100\n|switch|p2b: Gholdengo|Gholdengo, L50|100\/100\n|-ability|p2a: Incineroar|Intimidate|boost\n|-unboost|p1a: Whimsicott|atk|1\n|-unboost|p1b: Meowscarada|atk|1\n|turn|1\n|inactive|Aki Hoshino has 30 seconds left.\n|inactive|Novicebest has 30 seconds left.\n|inactive|Aki Hoshino has 20 seconds left.\n|\n|t:|1731477798\n|switch|p1a: Typhlosion|Typhlosion-Hisui, L50, M|100\/100\n|-item|p2a: Incineroar|Rocky Helmet|[from] ability: Frisk|[of] p1a: Typhlosion\n|-item|p2b: Gholdengo|Leftovers|[from] ability: Frisk|[of] p1a: Typhlosion\n|-terastallize|p1b: Meowscarada|Ghost\n|move|p2a: Incineroar|Fake Out|p1b: Meowscarada\n|-immune|p1b: Meowscarada\n|move|p1b: Meowscarada|Knock Off|p2b: Gholdengo\n|-supereffective|p2b: Gholdengo\n|-damage|p2b: Gholdengo|9\/100\n|-enditem|p2b: Gholdengo|Leftovers|[from] move: Knock Off|[of] p1b: Meowscarada\n|move|p2b: Gholdengo|Nasty Plot|p2b: Gholdengo\n|-boost|p2b: Gholdengo|spa|2\n|\n|upkeep\n|turn|2\n|inactive|Aki Hoshino has 30 seconds left.\n|inactive|Aki Hoshino has 20 seconds left.\n|inactive|Aki Hoshino has 15 seconds left.\n|\n|t:|1731477838\n|move|p2b: Gholdengo|Protect|p2b: Gholdengo\n|-singleturn|p2b: Gholdengo|Protect\n|move|p1a: Typhlosion|Focus Blast|p2a: Incineroar\n|-supereffective|p2a: Incineroar\n|-damage|p2a: Incineroar|28\/100\n|move|p1b: Meowscarada|Knock Off|p2a: Incineroar\n|-resisted|p2a: Incineroar\n|-damage|p2a: Incineroar|7\/100\n|-damage|p1b: Meowscarada|84\/100|[from] item: Rocky Helmet|[of] p2a: Incineroar\n|-enditem|p2a: Incineroar|Rocky Helmet|[from] move: Knock Off|[of] p1b: Meowscarada\n|move|p2a: Incineroar|Snarl|p1a: Typhlosion|[spread] p1a,p1b\n|-supereffective|p1a: Typhlosion\n|-supereffective|p1b: Meowscarada\n|-damage|p1a: Typhlosion|72\/100\n|-damage|p1b: Meowscarada|51\/100\n|-unboost|p1a: Typhlosion|spa|1\n|-unboost|p1b: Meowscarada|spa|1\n|\n|upkeep\n|turn|3\n|inactive|Aki Hoshino has 30 seconds left.\n|inactive|Novicebest has 30 seconds left.\n|\n|t:|1731477871\n|switch|p1a: Whimsicott|Whimsicott, L50, F|100\/100\n|switch|p2a: Rillaboom|Rillaboom, L50, M|100\/100\n|-fieldstart|move: Grassy Terrain|[from] ability: Grassy Surge|[of] p2a: Rillaboom\n|move|p1b: Meowscarada|Knock Off|p2b: Gholdengo\n|-supereffective|p2b: Gholdengo\n|-damage|p2b: Gholdengo|0 fnt\n|faint|p2b: Gholdengo\n|\n|-heal|p1b: Meowscarada|57\/100|[from] Grassy Terrain\n|upkeep\n|\n|t:|1731477881\n|switch|p2b: Sneasler|Sneasler, L50, F|100\/100\n|-enditem|p2b: Sneasler|Grassy Seed\n|-boost|p2b: Sneasler|def|1|[from] item: Grassy Seed\n|turn|4\n|\n|t:|1731477903\n|switch|p1a: Archaludon|Archaludon, L50, F|100\/100\n|-terastallize|p2b: Sneasler|Flying\n|move|p2a: Rillaboom|Fake Out|p1a: Archaludon\n|-resisted|p1a: Archaludon\n|-damage|p1a: Archaludon|96\/100\n|move|p2b: Sneasler|Acrobatics|p1a: Archaludon\n|-resisted|p1a: Archaludon\n|-damage|p1a: Archaludon|68\/100\n|move|p1b: Meowscarada|Knock Off|p2a: Rillaboom\n|-damage|p2a: Rillaboom|60\/100\n|-enditem|p2a: Rillaboom|Assault Vest|[from] move: Knock Off|[of] p1b: Meowscarada\n|\n|-heal|p1b: Meowscarada|63\/100|[from] Grassy Terrain\n|-heal|p1a: Archaludon|74\/100|[from] Grassy Terrain\n|-heal|p2a: Rillaboom|66\/100|[from] Grassy Terrain\n|upkeep\n|turn|5\n|inactive|Aki Hoshino has 30 seconds left.\n|inactive|Novicebest has 30 seconds left.\n|inactive|Novicebest has 20 seconds left.\n|\n|t:|1731477939\n|move|p1a: Archaludon|Protect|p1a: Archaludon\n|-singleturn|p1a: Archaludon|Protect\n|move|p2b: Sneasler|Close Combat|p1a: Archaludon\n|-activate|p1a: Archaludon|move: Protect\n|move|p1b: Meowscarada|Knock Off|p2b: Sneasler\n|-damage|p2b: Sneasler|64\/100\n|move|p2a: Rillaboom|High Horsepower|p1a: Archaludon\n|-activate|p1a: Archaludon|move: Protect\n|\n|-heal|p1b: Meowscarada|69\/100|[from] Grassy Terrain\n|-heal|p1a: Archaludon|80\/100|[from] Grassy Terrain\n|-heal|p2a: Rillaboom|72\/100|[from] Grassy Terrain\n|upkeep\n|turn|6\n|inactive|Aki Hoshino has 30 seconds left.\n|\n|t:|1731477968\n|move|p2b: Sneasler|Close Combat|p1a: Archaludon\n|-supereffective|p1a: Archaludon\n|-damage|p1a: Archaludon|0 fnt\n|-unboost|p2b: Sneasler|def|1\n|-unboost|p2b: Sneasler|spd|1\n|faint|p1a: Archaludon\n|move|p1b: Meowscarada|Knock Off|p2b: Sneasler\n|-damage|p2b: Sneasler|13\/100\n|move|p2a: Rillaboom|High Horsepower|p1b: Meowscarada\n|-damage|p1b: Meowscarada|25\/100\n|\n|-heal|p1b: Meowscarada|31\/100|[from] Grassy Terrain\n|-heal|p2a: Rillaboom|79\/100|[from] Grassy Terrain\n|upkeep\n|\n|t:|1731477982\n|switch|p1a: Whimsicott|Whimsicott, L50, F|100\/100\n|turn|7\n|\n|t:|1731477995\n|move|p1a: Whimsicott|Tailwind|p1a: Whimsicott\n|-sidestart|p1: Aki Hoshino|move: Tailwind\n|move|p2a: Rillaboom|Grassy Glide|p1b: Meowscarada\n|-damage|p1b: Meowscarada|0 fnt\n|faint|p1b: Meowscarada\n|move|p2b: Sneasler|Acrobatics|p1a: Whimsicott\n|-supereffective|p1a: Whimsicott\n|-enditem|p1a: Whimsicott|Focus Sash\n|-damage|p1a: Whimsicott|1\/100\n|\n|-heal|p1a: Whimsicott|7\/100|[from] Grassy Terrain\n|-heal|p2a: Rillaboom|85\/100|[from] Grassy Terrain\n|-fieldend|move: Grassy Terrain\n|upkeep\n|\n|t:|1731478000\n|switch|p1b: Typhlosion|Typhlosion-Hisui, L50, M|72\/100\n|turn|8\n|\n|t:|1731478021\n|switch|p2a: Incineroar|Incineroar, L50, M|7\/100\n|-ability|p2a: Incineroar|Intimidate|boost\n|-unboost|p1a: Whimsicott|atk|1\n|-unboost|p1b: Typhlosion|atk|1\n|move|p1b: Typhlosion|Eruption|p2a: Incineroar|[spread] p2a,p2b\n|-resisted|p2a: Incineroar\n|-damage|p2a: Incineroar|0 fnt\n|-damage|p2b: Sneasler|0 fnt\n|faint|p2a: Incineroar\n|faint|p2b: Sneasler\n|move|p1a: Whimsicott|Moonblast|p2: Incineroar|[notarget]\n|-fail|p1a: Whimsicott\n|\n|upkeep\n|-message|Novicebest forfeited.\n|\n|win|Aki Hoshino\n|raw|Aki Hoshino's rating: 1729 &rarr; <strong>1749<\/strong><br \/>(+20 for winning)\n|raw|Novicebest's rating: 1721 &rarr; <strong>1701<\/strong><br \/>(-20 for losing)\n|l|\u2606Novicebest\n|player|p2|\n|l| mr pogostick\n|l|\u2606Aki Hoshino\n|player|p1|\n","uploadtime":1731478189,"views":23,"formatid":"gen9vgc2024regh","rating":1701,"private":0,"password":null}