{"id":"gen9vgc2024regh-2242028526","format":"[Gen 9] VGC 2024 Reg H","players":["Raymond rezk","vgclth souly"],"log":"|raw|<div class=\"broadcast-blue\"><strong>This battle is required to be public due to a player having a name starting with 'vgclth'.<\/div>\n|j|\u2606Raymond rezk\n|j|\u2606vgclth souly\n|t:|1731368134\n|gametype|doubles\n|player|p1|Raymond rezk|170|1636\n|player|p2|vgclth souly|hero-conquest|1755\n|teamsize|p1|6\n|teamsize|p2|6\n|gen|9\n|tier|[Gen 9] VGC 2024 Reg H\n|rated|\n|rule|Species Clause: Limit one of each Pok\u00e9mon\n|rule|Item Clause: Limit 1 of each item\n|clearpoke\n|poke|p1|Indeedee, L50, M|\n|poke|p1|Sneasler, L50, M|\n|poke|p1|Excadrill, L50, F|\n|poke|p1|Magmar, L50, F|\n|poke|p1|Corviknight, L50, M|\n|poke|p1|Tyranitar, L50, M|\n|poke|p2|Archaludon, L50, F|\n|poke|p2|Pelipper, L50, M|\n|poke|p2|Electabuzz, L50, M|\n|poke|p2|Kingambit, L50, F|\n|poke|p2|Rillaboom, L50, F|\n|poke|p2|Basculegion, L50, M|\n|teampreview|4\n|inactive|Battle timer is ON: inactive players will automatically lose when time's up. (requested by Raymond rezk)\n|\n|t:|1731368144\n|start\n|switch|p1a: Sneasler|Sneasler, L50, M, shiny|100\/100\n|switch|p1b: Indeedee|Indeedee, L50, M, shiny|100\/100\n|switch|p2a: Archaludon|Archaludon, L50, F|100\/100\n|switch|p2b: Rillaboom|Rillaboom, L50, F|100\/100\n|-fieldstart|move: Psychic Terrain|[from] ability: Psychic Surge|[of] p1b: Indeedee\n|-fieldstart|move: Grassy Terrain|[from] ability: Grassy Surge|[of] p2b: Rillaboom\n|turn|1\n|\n|t:|1731368165\n|switch|p2b: Pelipper|Pelipper, L50, M|100\/100\n|-weather|RainDance|[from] ability: Drizzle|[of] p2b: Pelipper\n|move|p1a: Sneasler|Fake Out|p2b: Pelipper\n|-damage|p2b: Pelipper|80\/100\n|move|p1b: Indeedee|Trick|p2a: Archaludon\n|-activate|p1b: Indeedee|move: Trick|[of] p2a: Archaludon\n|-item|p2a: Archaludon|Choice Scarf|[from] move: Trick\n|-item|p1b: Indeedee|Leftovers|[from] move: Trick\n|move|p2a: Archaludon|Electro Shot||[still]\n|-prepare|p2a: Archaludon|Electro Shot\n|-boost|p2a: Archaludon|spa|1\n|-anim|p2a: Archaludon|Electro Shot|p1a: Sneasler\n|-damage|p1a: Sneasler|25\/100\n|\n|-weather|RainDance|[upkeep]\n|-heal|p1a: Sneasler|31\/100|[from] Grassy Terrain\n|upkeep\n|turn|2\n|\n|t:|1731368185\n|switch|p1b: Tyranitar|Tyranitar, L50, M, shiny|100\/100\n|-weather|Sandstorm|[from] ability: Sand Stream|[of] p1b: Tyranitar\n|switch|p2b: Basculegion|Basculegion, L50, M|100\/100\n|move|p1a: Sneasler|Close Combat|p2a: Archaludon\n|-supereffective|p2a: Archaludon\n|-damage|p2a: Archaludon|12\/100\n|-unboost|p1a: Sneasler|def|1\n|-unboost|p1a: Sneasler|spd|1\n|-ability|p2a: Archaludon|Stamina|boost\n|-boost|p2a: Archaludon|def|1\n|-enditem|p1a: Sneasler|White Herb\n|-clearnegativeboost|p1a: Sneasler|[silent]\n|move|p2a: Archaludon|Electro Shot||[still]\n|-prepare|p2a: Archaludon|Electro Shot\n|-boost|p2a: Archaludon|spa|1\n|\n|-weather|Sandstorm|[upkeep]\n|-damage|p1a: Sneasler|25\/100|[from] Sandstorm\n|-damage|p2b: Basculegion|94\/100|[from] Sandstorm\n|-heal|p1a: Sneasler|31\/100|[from] Grassy Terrain\n|-heal|p2a: Archaludon|18\/100|[from] Grassy Terrain\n|-heal|p2b: Basculegion|100\/100|[from] Grassy Terrain\n|upkeep\n|turn|3\n|j| VGCLTH John Pork\n|inactive|vgclth souly has 30 seconds left.\n|inactive|Raymond rezk has 30 seconds left.\n|\n|t:|1731368216\n|move|p1a: Sneasler|Dire Claw|p2b: Basculegion\n|-resisted|p2b: Basculegion\n|-damage|p2b: Basculegion|77\/100\n|-status|p2b: Basculegion|par\n|move|p2a: Archaludon|Electro Shot|p1a: Sneasler|[from]lockedmove\n|-damage|p1a: Sneasler|0 fnt\n|faint|p1a: Sneasler\n|move|p1b: Tyranitar|Knock Off|p2a: Archaludon\n|-damage|p2a: Archaludon|0 fnt\n|-enditem|p2a: Archaludon|Choice Scarf|[from] move: Knock Off|[of] p1b: Tyranitar\n|faint|p2a: Archaludon\n|move|p2b: Basculegion|Flip Turn|p1b: Tyranitar\n|-supereffective|p1b: Tyranitar\n|-damage|p1b: Tyranitar|28\/100\n|\n|t:|1731368226\n|switch|p2b: Pelipper|Pelipper, L50, M|80\/100|[from] Flip Turn\n|-weather|RainDance|[from] ability: Drizzle|[of] p2b: Pelipper\n|\n|-weather|RainDance|[upkeep]\n|-heal|p1b: Tyranitar|34\/100|[from] Grassy Terrain\n|upkeep\n|\n|t:|1731368230\n|switch|p1a: Excadrill|Excadrill, L50, F, shiny|100\/100\n|switch|p2a: Basculegion|Basculegion, L50, M|77\/100 par\n|turn|4\n|\n|t:|1731368236\n|move|p1a: Excadrill|Protect|p1a: Excadrill\n|-singleturn|p1a: Excadrill|Protect\n|move|p2b: Pelipper|Weather Ball|p1a: Excadrill\n|-activate|p1a: Excadrill|move: Protect\n|move|p2a: Basculegion|Wave Crash|p1b: Tyranitar\n|-supereffective|p1b: Tyranitar\n|-damage|p1b: Tyranitar|0 fnt\n|faint|p1b: Tyranitar\n|-damage|p2a: Basculegion|65\/100 par|[from] Recoil\n|\n|-weather|RainDance|[upkeep]\n|-heal|p2a: Basculegion|71\/100 par|[from] Grassy Terrain\n|upkeep\n|\n|t:|1731368243\n|switch|p1b: Indeedee|Indeedee, L50, M, shiny|100\/100\n|-fieldstart|move: Psychic Terrain|[from] ability: Psychic Surge|[of] p1b: Indeedee\n|turn|5\n|\n|t:|1731368253\n|switch|p2b: Rillaboom|Rillaboom, L50, F|100\/100\n|-fieldstart|move: Grassy Terrain|[from] ability: Grassy Surge|[of] p2b: Rillaboom\n|-terastallize|p1b: Indeedee|Psychic\n|move|p1b: Indeedee|Expanding Force|p2b: Rillaboom\n|-damage|p2b: Rillaboom|59\/100\n|move|p1a: Excadrill|Iron Head|p2a: Basculegion\n|-resisted|p2a: Basculegion\n|-damage|p2a: Basculegion|47\/100 par\n|cant|p2a: Basculegion|flinch\n|\n|-weather|RainDance|[upkeep]\n|-heal|p2b: Rillaboom|65\/100|[from] Grassy Terrain\n|-heal|p2a: Basculegion|53\/100 par|[from] Grassy Terrain\n|upkeep\n|turn|6\n|\n|t:|1731368265\n|move|p1b: Indeedee|Expanding Force|p2a: Basculegion\n|-damage|p2a: Basculegion|5\/100 par\n|move|p1a: Excadrill|Iron Head|p2b: Rillaboom\n|-damage|p2b: Rillaboom|22\/100\n|move|p2b: Rillaboom|Wood Hammer|p1b: Indeedee\n|-damage|p1b: Indeedee|0 fnt\n|faint|p1b: Indeedee\n|-damage|p2b: Rillaboom|0 fnt|[from] Recoil\n|faint|p2b: Rillaboom\n|move|p2a: Basculegion|Wave Crash|p1a: Excadrill\n|-supereffective|p1a: Excadrill\n|-enditem|p1a: Excadrill|Focus Sash\n|-damage|p1a: Excadrill|1\/100\n|-damage|p2a: Basculegion|0 fnt|[from] Recoil\n|faint|p2a: Basculegion\n|\n|-weather|RainDance|[upkeep]\n|-heal|p1a: Excadrill|7\/100|[from] Grassy Terrain\n|upkeep\n|\n|t:|1731368268\n|switch|p2b: Pelipper|Pelipper, L50, M|80\/100\n|turn|7\n|\n|t:|1731368271\n|move|p1a: Excadrill|Iron Head|p2b: Pelipper\n|-resisted|p2b: Pelipper\n|-damage|p2b: Pelipper|47\/100\n|cant|p2b: Pelipper|flinch\n|\n|-weather|none\n|-heal|p1a: Excadrill|13\/100|[from] Grassy Terrain\n|upkeep\n|turn|8\n|\n|t:|1731368276\n|-terastallize|p2b: Pelipper|Stellar\n|move|p1a: Excadrill|Iron Head|p2b: Pelipper\n|-resisted|p2b: Pelipper\n|-damage|p2b: Pelipper|17\/100\n|move|p2b: Pelipper|Weather Ball|p1a: Excadrill\n|-resisted|p1a: Excadrill\n|-damage|p1a: Excadrill|2\/100\n|\n|-heal|p1a: Excadrill|8\/100|[from] Grassy Terrain\n|upkeep\n|turn|9\n|c|\u2606vgclth souly|Yeye\n|\n|t:|1731368287\n|move|p1a: Excadrill|Iron Head|p2b: Pelipper\n|-resisted|p2b: Pelipper\n|-damage|p2b: Pelipper|0 fnt\n|faint|p2b: Pelipper\n|\n|win|Raymond rezk\n|raw|Raymond rezk's rating: 1636 &rarr; <strong>1663<\/strong><br \/>(+27 for winning)\n|raw|vgclth souly's rating: 1755 &rarr; <strong>1728<\/strong><br \/>(-27 for losing)\n|l|\u2606Raymond rezk\n|player|p1|\n|j| VGCLTH Sac gaming\n|l| VGCLTH Sac gaming\n|l|\u2606vgclth souly\n|player|p2|\n|l| VGCLTH John Pork\n","uploadtime":1731368493,"views":31,"formatid":"gen9vgc2024regh","rating":1663,"private":0,"password":null}