{"id":"gen9vgc2024regh-2242821943","format":"[Gen 9] VGC 2024 Reg H","players":["Aki Hoshino","VGCLTH Slow"],"log":"|j|\u2606Aki Hoshino\n|j|\u2606VGCLTH Slow\n|t:|1731468645\n|gametype|doubles\n|player|p1|Aki Hoshino|aromalady|1780\n|player|p2|VGCLTH Slow|skier|1726\n|teamsize|p1|6\n|teamsize|p2|6\n|gen|9\n|tier|[Gen 9] VGC 2024 Reg H\n|rated|\n|rule|Species Clause: Limit one of each Pok\u00e9mon\n|rule|Item Clause: Limit 1 of each item\n|clearpoke\n|poke|p1|Whimsicott, L50, M|\n|poke|p1|Meowscarada, L50, F|\n|poke|p1|Typhlosion-Hisui, L50, M|\n|poke|p1|Archaludon, L50, M|\n|poke|p1|Dragonite, L50, F|\n|poke|p1|Ursaluna-Bloodmoon, L50, M|\n|poke|p2|Sableye, L50, F|\n|poke|p2|Sylveon, L50, M|\n|poke|p2|Archaludon, L50, M|\n|poke|p2|Volcarona, L50, M|\n|poke|p2|Rillaboom, L50, F|\n|poke|p2|Tauros-Paldea-Aqua, L50, M|\n|teampreview|4\nVGCLTH Slow has agreed to open team sheets.\n|j| ale cog\n|inactive|Battle timer is ON: inactive players will automatically lose when time's up. (requested by VGCLTH Slow)\n|\n|t:|1731468744\n|start\n|switch|p1a: Whimsicott|Whimsicott, L50, M|100\/100\n|switch|p1b: Typhlosion|Typhlosion-Hisui, L50, M|100\/100\n|switch|p2a: Shamonerona|Volcarona, L50, M, shiny|100\/100\n|switch|p2b: Koko The Gorythmic|Rillaboom, L50, F|100\/100\n|-item|p2a: Shamonerona|Covert Cloak|[from] ability: Frisk|[of] p1b: Typhlosion\n|-item|p2b: Koko The Gorythmic|Assault Vest|[from] ability: Frisk|[of] p1b: Typhlosion\n|-fieldstart|move: Grassy Terrain|[from] ability: Grassy Surge|[of] p2b: Koko The Gorythmic\n|turn|1\n|inactive|Aki Hoshino has 30 seconds left.\n|inactive|Aki Hoshino has 20 seconds left.\n|inactive|Aki Hoshino has 15 seconds left.\n|inactive|Aki Hoshino has 10 seconds left.\n|inactive|Aki Hoshino has 5 seconds left.\n|\n|t:|1731468794\n|-terastallize|p2b: Koko The Gorythmic|Fire\n|move|p2a: Shamonerona|Protect|p2a: Shamonerona\n|-singleturn|p2a: Shamonerona|Protect\n|move|p1a: Whimsicott|Fake Tears|p2a: Shamonerona\n|-activate|p2a: Shamonerona|move: Protect\n|move|p1b: Typhlosion|Eruption|p2a: Shamonerona|[spread] p2b\n|-activate|p2a: Shamonerona|move: Protect\n|-resisted|p2b: Koko The Gorythmic\n|-crit|p2b: Koko The Gorythmic\n|-damage|p2b: Koko The Gorythmic|67\/100\n|move|p2b: Koko The Gorythmic|High Horsepower|p1b: Typhlosion\n|-supereffective|p1b: Typhlosion\n|-damage|p1b: Typhlosion|5\/100\n|\n|-heal|p1b: Typhlosion|11\/100|[from] Grassy Terrain\n|-heal|p2b: Koko The Gorythmic|73\/100|[from] Grassy Terrain\n|upkeep\n|turn|2\n|\n|t:|1731468810\n|move|p1a: Whimsicott|Tailwind|p1a: Whimsicott\n|-sidestart|p1: Aki Hoshino|move: Tailwind\n|move|p1b: Typhlosion|Eruption|p2b: Koko The Gorythmic|[spread] p2a,p2b\n|-resisted|p2b: Koko The Gorythmic\n|-damage|p2a: Shamonerona|94\/100\n|-damage|p2b: Koko The Gorythmic|70\/100\n|move|p2a: Shamonerona|Heat Wave|p1b: Typhlosion|[spread] p1a,p1b\n|-supereffective|p1a: Whimsicott\n|-resisted|p1b: Typhlosion\n|-crit|p1b: Typhlosion\n|-enditem|p1a: Whimsicott|Focus Sash\n|-damage|p1a: Whimsicott|1\/100\n|-damage|p1b: Typhlosion|0 fnt\n|faint|p1b: Typhlosion\n|move|p2b: Koko The Gorythmic|Wood Hammer|p1a: Whimsicott\n|-resisted|p1a: Whimsicott\n|-crit|p1a: Whimsicott\n|-damage|p1a: Whimsicott|0 fnt\n|faint|p1a: Whimsicott\n|-damage|p2b: Koko The Gorythmic|70\/100|[from] Recoil\n|\n|-heal|p2a: Shamonerona|99\/100|[from] Grassy Terrain\n|-heal|p2b: Koko The Gorythmic|76\/100|[from] Grassy Terrain\n|upkeep\n|\n|t:|1731468817\n|switch|p1a: Meowscarada|Meowscarada, L50, F|100\/100\n|switch|p1b: Archaludon|Archaludon, L50, M|100\/100\n|turn|3\n|inactive|Aki Hoshino has 30 seconds left.\n|inactive|VGCLTH Slow has 30 seconds left.\n|inactive|VGCLTH Slow has 20 seconds left.\n|inactive|VGCLTH Slow has 15 seconds left.\n|inactive|VGCLTH Slow has 10 seconds left.\n|\n|t:|1731468868\n|-terastallize|p1b: Archaludon|Electric\n|move|p1a: Meowscarada|Knock Off|p2a: Shamonerona\n|-start|p1a: Meowscarada|typechange|Dark|[from] ability: Protean\n|-damage|p2a: Shamonerona|18\/100\n|-status|p1a: Meowscarada|brn|[from] ability: Flame Body|[of] p2a: Shamonerona\n|-enditem|p2a: Shamonerona|Covert Cloak|[from] move: Knock Off|[of] p1a: Meowscarada\n|move|p1b: Archaludon|Electro Shot||[still]\n|-prepare|p1b: Archaludon|Electro Shot\n|-boost|p1b: Archaludon|spa|1\n|-enditem|p1b: Archaludon|Power Herb\n|-anim|p1b: Archaludon|Electro Shot|p2b: Koko The Gorythmic\n|-damage|p2b: Koko The Gorythmic|0 fnt\n|faint|p2b: Koko The Gorythmic\n|move|p2a: Shamonerona|Heat Wave|p1a: Meowscarada|[spread] p1a,p1b\n|-damage|p1a: Meowscarada|45\/100 brn\n|-damage|p1b: Archaludon|47\/100\n|\n|-heal|p1a: Meowscarada|51\/100 brn|[from] Grassy Terrain\n|-heal|p1b: Archaludon|53\/100|[from] Grassy Terrain\n|-heal|p2a: Shamonerona|24\/100|[from] Grassy Terrain\n|-damage|p1a: Meowscarada|45\/100 brn|[from] brn\n|upkeep\n|inactive|VGCLTH Slow has 30 seconds left.\n|\n|t:|1731468896\n|switch|p2b: Old Yeller|Sylveon, L50, M|100\/100\n|turn|4\n|\n|t:|1731468915\n|move|p2b: Old Yeller|Protect|p2b: Old Yeller\n|-singleturn|p2b: Old Yeller|Protect\n|move|p1a: Meowscarada|Knock Off|p2b: Old Yeller\n|-activate|p2b: Old Yeller|move: Protect\n|move|p1b: Archaludon|Thunderbolt|p2b: Old Yeller\n|-activate|p2b: Old Yeller|move: Protect\n|move|p2a: Shamonerona|Quiver Dance|p2a: Shamonerona\n|-boost|p2a: Shamonerona|spa|1\n|-boost|p2a: Shamonerona|spd|1\n|-boost|p2a: Shamonerona|spe|1\n|\n|-heal|p1a: Meowscarada|51\/100 brn|[from] Grassy Terrain\n|-heal|p1b: Archaludon|59\/100|[from] Grassy Terrain\n|-heal|p2a: Shamonerona|29\/100|[from] Grassy Terrain\n|-damage|p1a: Meowscarada|45\/100 brn|[from] brn\n|upkeep\n|turn|5\n|\n|t:|1731468928\n|switch|p2b: Forklift Certified|Archaludon, L50, M, shiny|100\/100\n|move|p2a: Shamonerona|Protect|p2a: Shamonerona\n|-singleturn|p2a: Shamonerona|Protect\n|move|p1a: Meowscarada|Knock Off|p2a: Shamonerona\n|-activate|p2a: Shamonerona|move: Protect\n|move|p1b: Archaludon|Thunderbolt|p2b: Forklift Certified\n|-resisted|p2b: Forklift Certified\n|-damage|p2b: Forklift Certified|53\/100\n|\n|-heal|p1a: Meowscarada|51\/100 brn|[from] Grassy Terrain\n|-heal|p1b: Archaludon|65\/100|[from] Grassy Terrain\n|-heal|p2a: Shamonerona|35\/100|[from] Grassy Terrain\n|-heal|p2b: Forklift Certified|59\/100|[from] Grassy Terrain\n|-damage|p1a: Meowscarada|45\/100 brn|[from] brn\n|-sideend|p1: Aki Hoshino|move: Tailwind\n|-fieldend|move: Grassy Terrain\n|upkeep\n|turn|6\n|\n|t:|1731468944\n|move|p2a: Shamonerona|Giga Drain|p1b: Archaludon\n|-damage|p1b: Archaludon|4\/100\n|-heal|p2a: Shamonerona|62\/100|[from] drain|[of] p1b: Archaludon\n|move|p1a: Meowscarada|Knock Off|p2a: Shamonerona\n|-damage|p2a: Shamonerona|35\/100\n|move|p1b: Archaludon|Dragon Pulse|p2b: Forklift Certified\n|-damage|p2b: Forklift Certified|0 fnt\n|faint|p2b: Forklift Certified\n|\n|-damage|p1a: Meowscarada|39\/100 brn|[from] brn\n|upkeep\n|\n|t:|1731468946\n|switch|p2b: Old Yeller|Sylveon, L50, M|100\/100\n|turn|7\n|\n|t:|1731468960\n|move|p1b: Archaludon|Protect|p1b: Archaludon\n|-singleturn|p1b: Archaludon|Protect\n|move|p2a: Shamonerona|Giga Drain|p1b: Archaludon\n|-activate|p1b: Archaludon|move: Protect\n|move|p1a: Meowscarada|Knock Off|p2a: Shamonerona\n|-damage|p2a: Shamonerona|9\/100\n|move|p2b: Old Yeller|Hyper Voice|p1a: Meowscarada|[spread] p1a\n|-activate|p1b: Archaludon|move: Protect\n|-supereffective|p1a: Meowscarada\n|-damage|p1a: Meowscarada|0 fnt\n|faint|p1a: Meowscarada\n|-enditem|p2b: Old Yeller|Throat Spray\n|-boost|p2b: Old Yeller|spa|1|[from] item: Throat Spray\n|\n|upkeep\n|turn|8\n|-message|Aki Hoshino forfeited.\n|\n|win|VGCLTH Slow\n|raw|Aki Hoshino's rating: 1780 &rarr; <strong>1757<\/strong><br \/>(-23 for losing)\n|raw|VGCLTH Slow's rating: 1726 &rarr; <strong>1749<\/strong><br \/>(+23 for winning)\n|l|\u2606Aki Hoshino\n|player|p1|\n|l| ale cog\n","uploadtime":1731468976,"views":33,"formatid":"gen9vgc2024regh","rating":1749,"private":0,"password":null}