{"id":"gen9vgc2024regh-2242892092","format":"[Gen 9] VGC 2024 Reg H","players":["karamingo","VGCLTH Slow"],"log":"|raw|<div class=\"broadcast-blue\"><strong>This battle is required to be public due to a player having a name starting with 'vgclth'.<\/div>\n|j|\u2606karamingo\n|j|\u2606VGCLTH Slow\n|t:|1731480825\n|gametype|doubles\n|player|p1|karamingo|169|1733\n|player|p2|VGCLTH Slow|skier|1732\n|teamsize|p1|6\n|teamsize|p2|6\n|gen|9\n|tier|[Gen 9] VGC 2024 Reg H\n|rated|\n|rule|Species Clause: Limit one of each Pok\u00e9mon\n|rule|Item Clause: Limit 1 of each item\n|clearpoke\n|poke|p1|Ursaluna-Bloodmoon, L50, M|\n|poke|p1|Torkoal, L50, M|\n|poke|p1|Farigiraf, L50, F|\n|poke|p1|Smeargle, L50, M|\n|poke|p1|Indeedee-F, L50, F|\n|poke|p1|Hatterene, L50, F|\n|poke|p2|Sableye, L50, F|\n|poke|p2|Sylveon, L50, F|\n|poke|p2|Archaludon, L50, F|\n|poke|p2|Volcarona, L50, F|\n|poke|p2|Rillaboom, L50, F|\n|poke|p2|Tauros-Paldea-Aqua, L50, M|\n|teampreview|4\nVGCLTH Slow has agreed to open team sheets.\n|\n|t:|1731480840\n|start\n|switch|p1a: Smeargle|Smeargle, L50, M|100\/100\n|switch|p1b: Farigiraf|Farigiraf, L50, F|100\/100\n|switch|p2a: Shamonerona|Volcarona, L50, F, shiny|100\/100\n|switch|p2b: Old Yeller|Sylveon, L50, F|100\/100\n|turn|1\n|\n|t:|1731480847\n|move|p1a: Smeargle|Follow Me|p1a: Smeargle\n|-singleturn|p1a: Smeargle|move: Follow Me\n|move|p2a: Shamonerona|Quiver Dance|p2a: Shamonerona\n|-boost|p2a: Shamonerona|spa|1\n|-boost|p2a: Shamonerona|spd|1\n|-boost|p2a: Shamonerona|spe|1\n|move|p2b: Old Yeller|Substitute|p2b: Old Yeller\n|-start|p2b: Old Yeller|Substitute\n|-damage|p2b: Old Yeller|76\/100\n|move|p1b: Farigiraf|Trick Room|p1b: Farigiraf\n|-fieldstart|move: Trick Room|[of] p1b: Farigiraf\n|\n|upkeep\n|turn|2\n|\n|t:|1731480858\n|move|p1a: Smeargle|Decorate|p1b: Farigiraf\n|-boost|p1b: Farigiraf|atk|2\n|-boost|p1b: Farigiraf|spa|2\n|move|p1b: Farigiraf|Hyper Voice|p2a: Shamonerona|[spread] p2a,p2b\n|-damage|p2a: Shamonerona|69\/100\n|-damage|p2b: Old Yeller|37\/100\n|-enditem|p1b: Farigiraf|Throat Spray\n|-boost|p1b: Farigiraf|spa|1|[from] item: Throat Spray\n|move|p2b: Old Yeller|Hyper Voice|p1b: Farigiraf|[spread] p1a,p1b\n|-damage|p1a: Smeargle|33\/100\n|-damage|p1b: Farigiraf|65\/100\n|-enditem|p2b: Old Yeller|Throat Spray\n|-boost|p2b: Old Yeller|spa|1|[from] item: Throat Spray\n|move|p2a: Shamonerona|Heat Wave|p1a: Smeargle|[spread] p1a,p1b\n|-damage|p1a: Smeargle|0 fnt\n|-damage|p1b: Farigiraf|20\/100\n|faint|p1a: Smeargle\n|\n|upkeep\n|j| VGCLTH TnB\n|\n|t:|1731480883\n|switch|p1a: Ursaluna|Ursaluna-Bloodmoon, L50, M|100\/100\n|turn|3\n|\n|t:|1731480891\n|-terastallize|p1a: Ursaluna|Normal\n|move|p2b: Old Yeller|Protect|p2b: Old Yeller\n|-singleturn|p2b: Old Yeller|Protect\n|move|p2a: Shamonerona|Protect|p2a: Shamonerona\n|-singleturn|p2a: Shamonerona|Protect\n|move|p1a: Ursaluna|Hyper Voice|p2b: Old Yeller|[spread] \n|-activate|p2a: Shamonerona|move: Protect\n|-activate|p2b: Old Yeller|move: Protect\n|move|p1b: Farigiraf|Hyper Voice|p2a: Shamonerona|[spread] \n|-activate|p2a: Shamonerona|move: Protect\n|-activate|p2b: Old Yeller|move: Protect\n|\n|upkeep\n|turn|4\n|\n|t:|1731480905\n|switch|p2b: Snowblind|Sableye, L50, F|100\/100\n|switch|p2a: Koko The Gorythmic|Rillaboom, L50, F|100\/100\n|-fieldstart|move: Grassy Terrain|[from] ability: Grassy Surge|[of] p2a: Koko The Gorythmic\n|move|p1a: Ursaluna|Hyper Voice|p2b: Snowblind|[spread] p2a,p2b\n|-damage|p2a: Koko The Gorythmic|48\/100\n|-damage|p2b: Snowblind|2\/100\n|-enditem|p2b: Snowblind|Sitrus Berry|[eat]\n|-heal|p2b: Snowblind|27\/100|[from] item: Sitrus Berry\n|-damage|p1a: Ursaluna|91\/100|[from] item: Life Orb\n|move|p1b: Farigiraf|Hyper Voice|p2a: Koko The Gorythmic|[spread] p2a\n|-immune|p2b: Snowblind\n|-damage|p2a: Koko The Gorythmic|0 fnt\n|faint|p2a: Koko The Gorythmic\n|\n|-heal|p2b: Snowblind|33\/100|[from] Grassy Terrain\n|-heal|p1b: Farigiraf|26\/100|[from] Grassy Terrain\n|-heal|p1a: Ursaluna|97\/100|[from] Grassy Terrain\n|upkeep\n|\n|t:|1731480916\n|switch|p2a: Old Yeller|Sylveon, L50, F|37\/100\n|turn|5\n|\n|t:|1731480930\n|move|p2a: Old Yeller|Protect|p2a: Old Yeller\n|-singleturn|p2a: Old Yeller|Protect\n|move|p2b: Snowblind|Foul Play|p1b: Farigiraf\n|-supereffective|p1b: Farigiraf\n|-damage|p1b: Farigiraf|0 fnt\n|faint|p1b: Farigiraf\n|move|p1a: Ursaluna|Hyper Voice|p2a: Old Yeller|[spread] p2b\n|-activate|p2a: Old Yeller|move: Protect\n|-damage|p2b: Snowblind|0 fnt\n|faint|p2b: Snowblind\n|-damage|p1a: Ursaluna|87\/100|[from] item: Life Orb\n|\n|-heal|p1a: Ursaluna|93\/100|[from] Grassy Terrain\n|-heal|p2a: Old Yeller|43\/100|[from] Grassy Terrain\n|-fieldend|move: Trick Room\n|upkeep\n|\n|t:|1731480935\n|switch|p1b: Torkoal|Torkoal, L50, M|100\/100\n|switch|p2b: Shamonerona|Volcarona, L50, F, shiny|69\/100\n|-weather|SunnyDay|[from] ability: Drought|[of] p1b: Torkoal\n|turn|6\n|\n|t:|1731480950\n|-terastallize|p2a: Old Yeller|Water\n|move|p1a: Ursaluna|Protect|p1a: Ursaluna\n|-singleturn|p1a: Ursaluna|Protect\n|move|p2b: Shamonerona|Heat Wave|p1a: Ursaluna|[spread] p1b\n|-activate|p1a: Ursaluna|move: Protect\n|-resisted|p1b: Torkoal\n|-damage|p1b: Torkoal|67\/100\n|move|p2a: Old Yeller|Hyper Voice|p1a: Ursaluna|[spread] p1b\n|-activate|p1a: Ursaluna|move: Protect\n|-resisted|p1b: Torkoal\n|-crit|p1b: Torkoal\n|-damage|p1b: Torkoal|26\/100\n|move|p1b: Torkoal|Heat Wave|p2a: Old Yeller|[spread] p2a,p2b\n|-resisted|p2a: Old Yeller\n|-damage|p2a: Old Yeller|17\/100\n|-damage|p2b: Shamonerona|9\/100\n|\n|-weather|SunnyDay|[upkeep]\n|-heal|p2b: Shamonerona|15\/100|[from] Grassy Terrain\n|-heal|p2a: Old Yeller|23\/100|[from] Grassy Terrain\n|-heal|p1a: Ursaluna|99\/100|[from] Grassy Terrain\n|-heal|p1b: Torkoal|33\/100|[from] Grassy Terrain\n|upkeep\n|turn|7\n|\n|t:|1731480970\n|move|p2b: Shamonerona|Heat Wave|p1a: Ursaluna|[spread] p1b\n|-miss|p2b: Shamonerona|p1a: Ursaluna\n|-resisted|p1b: Torkoal\n|-damage|p1b: Torkoal|0 fnt\n|faint|p1b: Torkoal\n|move|p2a: Old Yeller|Hyper Voice|p1a: Ursaluna\n|-crit|p1a: Ursaluna\n|-damage|p1a: Ursaluna|9\/100\n|move|p1a: Ursaluna|Hyper Voice|p2b: Shamonerona|[spread] p2a,p2b\n|-damage|p2a: Old Yeller|0 fnt\n|-damage|p2b: Shamonerona|0 fnt\n|faint|p2a: Old Yeller\n|faint|p2b: Shamonerona\n|-damage|p1a: Ursaluna|0 fnt|[from] item: Life Orb\n|faint|p1a: Ursaluna\n|\n|win|karamingo\n|raw|karamingo's rating: 1733 &rarr; <strong>1753<\/strong><br \/>(+20 for winning)\n|raw|VGCLTH Slow's rating: 1732 &rarr; <strong>1712<\/strong><br \/>(-20 for losing)\n|l|\u2606karamingo\n|player|p1|\n|l|\u2606VGCLTH Slow\n|player|p2|\n|l| VGCLTH TnB\n","uploadtime":1731480980,"views":36,"formatid":"gen9vgc2024regh","rating":1712,"private":0,"password":null}