{"id":"gen9vgc2024regh-2242417433","format":"[Gen 9] VGC 2024 Reg H","players":["K2G2","zero_the_enforcer"],"log":"|j|\u2606K2G2\n|j|\u2606zero_the_enforcer\n|t:|1731425375\n|gametype|doubles\n|player|p1|K2G2|265|1691\n|player|p2|zero_the_enforcer|102|1744\n|teamsize|p1|6\n|teamsize|p2|6\n|gen|9\n|tier|[Gen 9] VGC 2024 Reg H\n|rated|\n|rule|Species Clause: Limit one of each Pok\u00e9mon\n|rule|Item Clause: Limit 1 of each item\n|clearpoke\n|poke|p1|Dragapult, L50, M|\n|poke|p1|Sneasler, L50, M|\n|poke|p1|Kingambit, L50, F|\n|poke|p1|Rillaboom, L50, F|\n|poke|p1|Primarina, L50, M|\n|poke|p1|Magmar, L50, M|\n|poke|p2|Dragonite, L50, F|\n|poke|p2|Garchomp, L50, F|\n|poke|p2|Archaludon, L50, F|\n|poke|p2|Ursaluna-Bloodmoon, L50, M|\n|poke|p2|Gholdengo, L50|\n|poke|p2|Talonflame, L50, F|\n|teampreview|4\n|\n|t:|1731425448\n|start\n|switch|p1a: Primarina|Primarina, L50, M|100\/100\n|switch|p1b: Rillaboom|Rillaboom, L50, F|100\/100\n|switch|p2a: Archaludon|Archaludon, L50, F|100\/100\n|switch|p2b: Talonflame|Talonflame, L50, F|100\/100\n|-fieldstart|move: Grassy Terrain|[from] ability: Grassy Surge|[of] p1b: Rillaboom\n|turn|1\n|j| KOPLUS\n|\n|t:|1731425496\n|move|p1b: Rillaboom|Fake Out|p2a: Archaludon\n|-resisted|p2a: Archaludon\n|-damage|p2a: Archaludon|94\/100\n|move|p2b: Talonflame|Dual Wingbeat|p1b: Rillaboom\n|-supereffective|p1b: Rillaboom\n|-damage|p1b: Rillaboom|70\/100\n|-supereffective|p1b: Rillaboom\n|-damage|p1b: Rillaboom|38\/100\n|-hitcount|p1b: Rillaboom|2\n|cant|p2a: Archaludon|flinch\n|move|p1a: Primarina|Hyper Voice|p2a: Archaludon|[spread] p2a,p2b\n|-resisted|p2a: Archaludon\n|-supereffective|p2b: Talonflame\n|-damage|p2a: Archaludon|66\/100\n|-enditem|p2b: Talonflame|Focus Sash\n|-damage|p2b: Talonflame|1\/100\n|-enditem|p1a: Primarina|Throat Spray\n|-boost|p1a: Primarina|spa|1|[from] item: Throat Spray\n|\n|-heal|p2a: Archaludon|72\/100|[from] Grassy Terrain\n|-heal|p1b: Rillaboom|44\/100|[from] Grassy Terrain\n|upkeep\n|turn|2\n|\n|t:|1731425533\n|switch|p2b: Gholdengo|Gholdengo, L50|100\/100\n|-terastallize|p2a: Archaludon|Electric\n|-terastallize|p1a: Primarina|Poison\n|move|p1b: Rillaboom|Grassy Glide|p2b: Gholdengo\n|-resisted|p2b: Gholdengo\n|-damage|p2b: Gholdengo|73\/100\n|move|p2a: Archaludon|Electro Shot||[still]\n|-prepare|p2a: Archaludon|Electro Shot\n|-boost|p2a: Archaludon|spa|1\n|-enditem|p2a: Archaludon|Power Herb\n|-anim|p2a: Archaludon|Electro Shot|p1a: Primarina\n|-damage|p1a: Primarina|5\/100\n|move|p1a: Primarina|Moonblast|p2a: Archaludon\n|-damage|p2a: Archaludon|0 fnt\n|faint|p2a: Archaludon\n|\n|-heal|p2b: Gholdengo|79\/100|[from] Grassy Terrain\n|-heal|p1b: Rillaboom|50\/100|[from] Grassy Terrain\n|-heal|p1a: Primarina|11\/100|[from] Grassy Terrain\n|upkeep\n|\n|t:|1731425552\n|switch|p2a: Garchomp|Garchomp, L50, F|100\/100\n|turn|3\n|\n|t:|1731425576\n|switch|p1b: Magmar|Magmar, L50, M|100\/100\n|move|p1a: Primarina|Protect|p1a: Primarina\n|-singleturn|p1a: Primarina|Protect\n|move|p2b: Gholdengo|Make It Rain|p1b: Magmar|[spread] p1b\n|-activate|p1a: Primarina|move: Protect\n|-resisted|p1b: Magmar\n|-damage|p1b: Magmar|74\/100\n|-unboost|p2b: Gholdengo|spa|1\n|move|p2a: Garchomp|Stomping Tantrum|p1b: Magmar\n|-supereffective|p1b: Magmar\n|-damage|p1b: Magmar|0 fnt\n|faint|p1b: Magmar\n|\n|-heal|p2b: Gholdengo|85\/100|[from] Grassy Terrain\n|-heal|p1a: Primarina|17\/100|[from] Grassy Terrain\n|upkeep\n|\n|t:|1731425594\n|switch|p1b: Kingambit|Kingambit, L50, F|100\/100\n|turn|4\n|\n|t:|1731425609\n|switch|p2b: Talonflame|Talonflame, L50, F|1\/100\n|move|p1b: Kingambit|Sucker Punch||[still]\n|-fail|p1b: Kingambit\n|move|p2a: Garchomp|Stomping Tantrum|p1a: Primarina\n|-supereffective|p1a: Primarina\n|-damage|p1a: Primarina|0 fnt\n|faint|p1a: Primarina\n|\n|upkeep\n|\n|t:|1731425612\n|switch|p1a: Rillaboom|Rillaboom, L50, F|50\/100\n|turn|5\n|\n|t:|1731425630\n|switch|p2b: Gholdengo|Gholdengo, L50|85\/100\n|move|p1a: Rillaboom|Fake Out|p2a: Garchomp\n|-damage|p2a: Garchomp|87\/100\n|-damage|p1a: Rillaboom|38\/100|[from] ability: Rough Skin|[of] p2a: Garchomp\n|cant|p2a: Garchomp|flinch\n|move|p1b: Kingambit|Kowtow Cleave|p2b: Gholdengo\n|-supereffective|p2b: Gholdengo\n|-damage|p2b: Gholdengo|0 fnt\n|faint|p2b: Gholdengo\n|\n|-heal|p2a: Garchomp|93\/100|[from] Grassy Terrain\n|-heal|p1a: Rillaboom|44\/100|[from] Grassy Terrain\n|-fieldend|move: Grassy Terrain\n|upkeep\n|\n|t:|1731425637\n|switch|p2b: Talonflame|Talonflame, L50, F|1\/100\n|turn|6\n|\n|t:|1731425655\n|move|p1b: Kingambit|Sucker Punch||[still]\n|-fail|p1b: Kingambit\n|move|p2b: Talonflame|Will-O-Wisp|p1a: Rillaboom\n|-status|p1a: Rillaboom|brn\n|move|p2a: Garchomp|Stomping Tantrum|p1b: Kingambit\n|-supereffective|p1b: Kingambit\n|-damage|p1b: Kingambit|0 fnt\n|faint|p1b: Kingambit\n|move|p1a: Rillaboom|Wood Hammer|p2a: Garchomp\n|-damage|p2a: Garchomp|59\/100\n|-damage|p1a: Rillaboom|32\/100 brn|[from] ability: Rough Skin|[of] p2a: Garchomp\n|-damage|p1a: Rillaboom|20\/100 brn|[from] Recoil\n|\n|-damage|p1a: Rillaboom|15\/100 brn|[from] brn\n|upkeep\n|turn|7\n|-message|K2G2 forfeited.\n|\n|win|zero_the_enforcer\n|raw|K2G2's rating: 1691 &rarr; <strong>1674<\/strong><br \/>(-17 for losing)\n|raw|zero_the_enforcer's rating: 1744 &rarr; <strong>1761<\/strong><br \/>(+17 for winning)\n|l|\u2606K2G2\n|player|p1|\n|l|\u2606zero_the_enforcer\n|player|p2|\n|l| KOPLUS\n","uploadtime":1731425816,"views":33,"formatid":"gen9vgc2024regh","rating":1674,"private":0,"password":null}