{"id":"gen9vgc2024regh-2242892532","format":"[Gen 9] VGC 2024 Reg H","players":["VGCLTH fangame","labutacostill"],"log":"|raw|<div class=\"broadcast-blue\"><strong>This battle is required to be public due to a player having a name starting with 'vgclth'.<\/div>\n|j|\u2606VGCLTH fangame\n|j|\u2606labutacostill\n|t:|1731480916\n|gametype|doubles\n|player|p1|VGCLTH fangame|red|1750\n|player|p2|labutacostill|101|1753\n|teamsize|p1|6\n|teamsize|p2|6\n|gen|9\n|tier|[Gen 9] VGC 2024 Reg H\n|rated|\n|rule|Species Clause: Limit one of each Pok\u00e9mon\n|rule|Item Clause: Limit 1 of each item\n|clearpoke\n|poke|p1|Glaceon, L50, F|\n|poke|p1|Ninetales-Alola, L50, F|\n|poke|p1|Milotic, L50, M|\n|poke|p1|Incineroar, L50, F|\n|poke|p1|Ursaluna-Bloodmoon, L50, M|\n|poke|p1|Annihilape, L50, M|\n|poke|p2|Houndstone, L50, F|\n|poke|p2|Torterra, L50, M|\n|poke|p2|Slowbro, L50, F|\n|poke|p2|Mimikyu, L50, F|\n|poke|p2|Ursaluna, L50, F|\n|poke|p2|Muk-Alola, L50, M|\n|teampreview|4\n|inactive|Battle timer is ON: inactive players will automatically lose when time's up. (requested by labutacostill)\n|inactive|VGCLTH fangame also wants the timer to be on.\n|inactive|labutacostill has 60 seconds left.\n|\n|t:|1731480959\n|start\n|switch|p1a: Ninetales|Ninetales-Alola, L50, F, shiny|100\/100\n|switch|p1b: Glaceon|Glaceon, L50, F, shiny|100\/100\n|switch|p2a: Muk|Muk-Alola, L50, M|100\/100\n|switch|p2b: Mimikyu|Mimikyu, L50, F|100\/100\n|-weather|Snow|[from] ability: Snow Warning|[of] p1a: Ninetales\n|turn|1\n|\n|t:|1731480966\n|move|p1a: Ninetales|Aurora Veil|p1a: Ninetales\n|-sidestart|p1: VGCLTH fangame|move: Aurora Veil\n|move|p1b: Glaceon|Blizzard|p2a: Muk|[spread] p2a,p2b\n|-damage|p2a: Muk|55\/100\n|-activate|p2b: Mimikyu|ability: Disguise\n|-damage|p2b: Mimikyu|100\/100\n|detailschange|p2b: Mimikyu|Mimikyu-Busted, L50, F\n|-damage|p2b: Mimikyu|88\/100|[from] pokemon: Mimikyu-Busted\n|move|p2a: Muk|Poison Jab|p1a: Ninetales\n|-supereffective|p1a: Ninetales\n|-damage|p1a: Ninetales|48\/100\n|-status|p1a: Ninetales|psn\n|move|p2b: Mimikyu|Trick Room|p2b: Mimikyu\n|-fieldstart|move: Trick Room|[of] p2b: Mimikyu\n|\n|-weather|Snow|[upkeep]\n|-damage|p1a: Ninetales|36\/100 psn|[from] psn\n|upkeep\n|turn|2\n|\n|t:|1731480984\n|switch|p1a: Ursaluna|Ursaluna-Bloodmoon, L50, M|100\/100\n|move|p2a: Muk|Poison Jab|p1b: Glaceon\n|-damage|p1b: Glaceon|85\/100\n|-status|p1b: Glaceon|psn\n|move|p1b: Glaceon|Blizzard|p2b: Mimikyu|[spread] p2a,p2b\n|-damage|p2a: Muk|11\/100\n|-damage|p2b: Mimikyu|17\/100\n|-status|p2a: Muk|frz\n|move|p2b: Mimikyu|Destiny Bond|p2b: Mimikyu\n|-singlemove|p2b: Mimikyu|Destiny Bond\n|\n|-weather|Snow|[upkeep]\n|-damage|p1b: Glaceon|73\/100 psn|[from] psn\n|upkeep\n|turn|3\n|\n|t:|1731481017\n|switch|p1b: Incineroar|Incineroar, L50, F, shiny|100\/100\n|-ability|p1b: Incineroar|Intimidate|boost\n|-unboost|p2a: Muk|atk|1\n|-unboost|p2b: Mimikyu|atk|1\n|cant|p2a: Muk|frz\n|move|p1a: Ursaluna|Earth Power|p2a: Muk\n|-supereffective|p2a: Muk\n|-damage|p2a: Muk|0 fnt\n|faint|p2a: Muk\n|move|p2b: Mimikyu|Night Shade|p1b: Incineroar\n|-damage|p1b: Incineroar|76\/100\n|\n|-weather|Snow|[upkeep]\n|upkeep\n|\n|t:|1731481029\n|switch|p2a: Ursaluna|Ursaluna, L50, F|100\/100\n|turn|4\n|\n|t:|1731481037\n|switch|p1b: Glaceon|Glaceon, L50, F, shiny|73\/100 psn\n|-terastallize|p1a: Ursaluna|Normal\n|move|p2a: Ursaluna|Protect|p2a: Ursaluna\n|-singleturn|p2a: Ursaluna|Protect\n|move|p1a: Ursaluna|Hyper Voice|p2b: Mimikyu|[spread] p2b\n|-activate|p2a: Ursaluna|move: Protect\n|-damage|p2b: Mimikyu|0 fnt\n|faint|p2b: Mimikyu\n|\n|-weather|Snow|[upkeep]\n|-damage|p1b: Glaceon|60\/100 psn|[from] psn\n|-status|p2a: Ursaluna|brn|[from] item: Flame Orb\n|upkeep\n|\n|t:|1731481049\n|switch|p2b: Houndstone|Houndstone, L50, F|100\/100\n|turn|5\n|j| ghpo95\n|\n|t:|1731481065\n|move|p2a: Ursaluna|Facade|p1b: Glaceon\n|-damage|p1b: Glaceon|9\/100 psn\n|move|p2b: Houndstone|Last Respects|p1b: Glaceon|[miss]\n|-miss|p2b: Houndstone|p1b: Glaceon\n|move|p1a: Ursaluna|Blood Moon|p2a: Ursaluna\n|-damage|p2a: Ursaluna|6\/100 brn\n|move|p1b: Glaceon|Blizzard|p2a: Ursaluna|[spread] p2a,p2b\n|-supereffective|p2a: Ursaluna\n|-damage|p2a: Ursaluna|0 fnt\n|-damage|p2b: Houndstone|23\/100\n|faint|p2a: Ursaluna\n|\n|-weather|none\n|-damage|p1b: Glaceon|0 fnt|[from] psn\n|faint|p1b: Glaceon\n|-fieldend|move: Trick Room\n|upkeep\n|-message|labutacostill forfeited.\n|\n|win|VGCLTH fangame\n|raw|VGCLTH fangame's rating: 1750 &rarr; <strong>1770<\/strong><br \/>(+20 for winning)\n|raw|labutacostill's rating: 1753 &rarr; <strong>1733<\/strong><br \/>(-20 for losing)\n|l|\u2606labutacostill\n|player|p2|\n|l|\u2606VGCLTH fangame\n|player|p1|\n","uploadtime":1731481231,"views":26,"formatid":"gen9vgc2024regh","rating":1733,"private":0,"password":null}