{"id":"gen9vgc2024regh-2242958997","format":"[Gen 9] VGC 2024 Reg H","players":["matthaise","VGCLTH mt"],"log":"|raw|<div class=\"broadcast-blue\"><strong>This battle is required to be public due to a player having a name starting with 'vgclth'.<\/div>\n|j|\u2606matthaise\n|j|\u2606VGCLTH mt\n|t:|1731493685\n|gametype|doubles\n|player|p1|matthaise|hilbert-wonderlauncher|1723\n|player|p2|VGCLTH mt|cynthia|1662\n|teamsize|p1|6\n|teamsize|p2|6\n|gen|9\n|tier|[Gen 9] VGC 2024 Reg H\n|rated|\n|rule|Species Clause: Limit one of each Pok\u00e9mon\n|rule|Item Clause: Limit 1 of each item\n|clearpoke\n|poke|p1|Archaludon, L50, F|\n|poke|p1|Whimsicott, L50, M|\n|poke|p1|Dragonite, L50, F|\n|poke|p1|Volcarona, L50, F|\n|poke|p1|Rillaboom, L50, F|\n|poke|p1|Tauros-Paldea-Blaze, L50, M|\n|poke|p2|Annihilape, L50, M|\n|poke|p2|Dondozo, L50, M|\n|poke|p2|Grimmsnarl, L50, M|\n|poke|p2|Volcarona, L50, F|\n|poke|p2|Metagross, L50|\n|poke|p2|Dragonite, L50, M|\n|teampreview|4\n|inactive|Battle timer is ON: inactive players will automatically lose when time's up. (requested by VGCLTH mt)\n|inactive|VGCLTH mt has 60 seconds left.\n|\n|t:|1731493718\n|start\n|switch|p1a: Tauros|Tauros-Paldea-Blaze, L50, M|100\/100\n|switch|p1b: Archaludon|Archaludon, L50, F|100\/100\n|switch|p2a: Grimmsnarl|Grimmsnarl, L50, M, shiny|100\/100\n|switch|p2b: Volcarona|Volcarona, L50, F, shiny|100\/100\n|-ability|p1a: Tauros|Intimidate|boost\n|-unboost|p2a: Grimmsnarl|atk|1\n|-unboost|p2b: Volcarona|atk|1\n|turn|1\n|\n|t:|1731493729\n|move|p2a: Grimmsnarl|Fake Out|p1a: Tauros\n|-damage|p1a: Tauros|86\/100\n|-damage|p2a: Grimmsnarl|91\/100|[from] item: Life Orb\n|cant|p1a: Tauros|flinch\n|move|p1b: Archaludon|Electro Shot||[still]\n|-prepare|p1b: Archaludon|Electro Shot\n|-boost|p1b: Archaludon|spa|1\n|-enditem|p1b: Archaludon|Power Herb\n|-anim|p1b: Archaludon|Electro Shot|p2b: Volcarona\n|-damage|p2b: Volcarona|33\/100\n|move|p2b: Volcarona|Quiver Dance|p2b: Volcarona\n|-boost|p2b: Volcarona|spa|1\n|-boost|p2b: Volcarona|spd|1\n|-boost|p2b: Volcarona|spe|1\n|-enditem|p1a: Tauros|Mirror Herb\n|-boost|p1a: Tauros|spa|1|[from] item: Mirror Herb\n|-boost|p1a: Tauros|spd|1|[from] item: Mirror Herb\n|-boost|p1a: Tauros|spe|1|[from] item: Mirror Herb\n|\n|-heal|p2b: Volcarona|40\/100|[from] item: Leftovers\n|upkeep\n|turn|2\n|\n|t:|1731493737\n|move|p2a: Grimmsnarl|Sucker Punch|p1b: Archaludon\n|-crit|p1b: Archaludon\n|-damage|p1b: Archaludon|34\/100\n|-damage|p2a: Grimmsnarl|81\/100|[from] item: Life Orb\n|move|p1a: Tauros|Raging Bull|p2b: Volcarona\n|-damage|p2b: Volcarona|0 fnt\n|faint|p2b: Volcarona\n|move|p1b: Archaludon|Flash Cannon|p2a: Grimmsnarl\n|-supereffective|p2a: Grimmsnarl\n|-damage|p2a: Grimmsnarl|0 fnt\n|faint|p2a: Grimmsnarl\n|\n|upkeep\n|\n|t:|1731493742\n|switch|p2b: Dragonite|Dragonite, L50, M, shiny|100\/100\n|switch|p2a: Dondozo|Dondozo, L50, M, shiny|100\/100\n|turn|3\n|j| vgclth souly\n|\n|t:|1731493753\n|move|p1a: Tauros|Protect|p1a: Tauros\n|-singleturn|p1a: Tauros|Protect\n|move|p1b: Archaludon|Protect|p1b: Archaludon\n|-singleturn|p1b: Archaludon|Protect\n|move|p2b: Dragonite|Low Kick|p1b: Archaludon\n|-activate|p1b: Archaludon|move: Protect\n|move|p2a: Dondozo|Wave Crash|p1a: Tauros\n|-activate|p1a: Tauros|move: Protect\n|\n|upkeep\n|turn|4\n|\n|t:|1731493769\n|-terastallize|p1a: Tauros|Grass\n|move|p1a: Tauros|Raging Bull|p2b: Dragonite\n|-resisted|p2b: Dragonite\n|-damage|p2b: Dragonite|89\/100\n|move|p1b: Archaludon|Draco Meteor|p2b: Dragonite|[miss]\n|-miss|p1b: Archaludon|p2b: Dragonite\n|move|p2b: Dragonite|Low Kick|p1b: Archaludon\n|-supereffective|p1b: Archaludon\n|-damage|p1b: Archaludon|0 fnt\n|faint|p1b: Archaludon\n|move|p2a: Dondozo|Yawn|p1a: Tauros\n|-start|p1a: Tauros|move: Yawn|[of] p2a: Dondozo\n|\n|upkeep\n|\n|t:|1731493777\n|switch|p1b: Whimsicott|Whimsicott, L50, M|100\/100\n|turn|5\n|\n|t:|1731493787\n|switch|p1a: Volcarona|Volcarona, L50, F|100\/100\n|-terastallize|p2b: Dragonite|Flying\n|move|p1b: Whimsicott|Moonblast|p2b: Dragonite\n|-damage|p2b: Dragonite|53\/100\n|move|p2b: Dragonite|Tera Blast|p1a: Volcarona|[anim] Tera Blast Flying\n|-supereffective|p1a: Volcarona\n|-damage|p1a: Volcarona|0 fnt\n|faint|p1a: Volcarona\n|move|p2a: Dondozo|Wave Crash|p1b: Whimsicott\n|-resisted|p1b: Whimsicott\n|-damage|p1b: Whimsicott|68\/100\n|-damage|p2a: Dondozo|95\/100|[from] Recoil\n|\n|upkeep\n|\n|t:|1731493792\n|switch|p1a: Tauros|Tauros-Paldea-Blaze, L50, M, tera:Grass|86\/100\n|-ability|p1a: Tauros|Intimidate|boost\n|-unboost|p2a: Dondozo|atk|1\n|-unboost|p2b: Dragonite|atk|1\n|turn|6\n|\n|t:|1731493808\n|move|p2b: Dragonite|Extreme Speed|p1b: Whimsicott\n|-damage|p1b: Whimsicott|35\/100\n|move|p1b: Whimsicott|Moonblast|p2b: Dragonite\n|-crit|p2b: Dragonite\n|-damage|p2b: Dragonite|0 fnt\n|faint|p2b: Dragonite\n|move|p1a: Tauros|Raging Bull|p2a: Dondozo\n|-resisted|p2a: Dondozo\n|-damage|p2a: Dondozo|84\/100\n|move|p2a: Dondozo|Wave Crash|p1b: Whimsicott\n|-resisted|p1b: Whimsicott\n|-damage|p1b: Whimsicott|15\/100\n|-damage|p2a: Dondozo|80\/100|[from] Recoil\n|\n|upkeep\n|turn|7\n|\n|t:|1731493823\n|move|p1b: Whimsicott|Sunny Day|p1b: Whimsicott\n|-weather|SunnyDay\n|move|p1a: Tauros|Raging Bull|p2a: Dondozo\n|-resisted|p2a: Dondozo\n|-damage|p2a: Dondozo|64\/100\n|move|p2a: Dondozo|Wave Crash|p1b: Whimsicott\n|-resisted|p1b: Whimsicott\n|-damage|p1b: Whimsicott|6\/100\n|-damage|p2a: Dondozo|62\/100|[from] Recoil\n|\n|-weather|SunnyDay|[upkeep]\n|upkeep\n|turn|8\n|\n|t:|1731493832\n|move|p1b: Whimsicott|Moonblast|p2a: Dondozo\n|-damage|p2a: Dondozo|34\/100\n|-enditem|p2a: Dondozo|Sitrus Berry|[eat]\n|-heal|p2a: Dondozo|59\/100|[from] item: Sitrus Berry\n|move|p1a: Tauros|Raging Bull|p2a: Dondozo\n|-resisted|p2a: Dondozo\n|-damage|p2a: Dondozo|40\/100\n|move|p2a: Dondozo|Wave Crash|p1b: Whimsicott\n|-resisted|p1b: Whimsicott\n|-damage|p1b: Whimsicott|0 fnt\n|faint|p1b: Whimsicott\n|-damage|p2a: Dondozo|39\/100|[from] Recoil\n|\n|-weather|SunnyDay|[upkeep]\n|upkeep\n|turn|9\n|\n|t:|1731493840\n|move|p1a: Tauros|High Horsepower|p2a: Dondozo\n|-damage|p2a: Dondozo|22\/100\n|move|p2a: Dondozo|Yawn|p1a: Tauros\n|-start|p1a: Tauros|move: Yawn|[of] p2a: Dondozo\n|\n|-weather|SunnyDay|[upkeep]\n|upkeep\n|turn|10\n|\n|t:|1731493848\n|move|p2a: Dondozo|Protect|p2a: Dondozo\n|-singleturn|p2a: Dondozo|Protect\n|move|p1a: Tauros|Raging Bull|p2a: Dondozo\n|-activate|p2a: Dondozo|move: Protect\n|\n|-weather|SunnyDay|[upkeep]\n|-end|p1a: Tauros|move: Yawn|[silent]\n|-status|p1a: Tauros|slp\n|upkeep\n|turn|11\n|\n|t:|1731493852\n|cant|p1a: Tauros|slp\n|move|p2a: Dondozo|Fissure|p1a: Tauros|[miss]\n|-miss|p2a: Dondozo|p1a: Tauros\n|\n|-weather|none\n|upkeep\n|turn|12\n|\n|t:|1731493855\n|cant|p1a: Tauros|slp\n|move|p2a: Dondozo|Fissure|p1a: Tauros\n|-damage|p1a: Tauros|0 fnt\n|faint|p1a: Tauros\n|-ohko\n|\n|win|VGCLTH mt\n|raw|matthaise's rating: 1723 &rarr; <strong>1700<\/strong><br \/>(-23 for losing)\n|raw|VGCLTH mt's rating: 1662 &rarr; <strong>1685<\/strong><br \/>(+23 for winning)\n|l| vgclth souly\n|l|\u2606VGCLTH mt\n|player|p2|\n","uploadtime":1731493997,"views":21,"formatid":"gen9vgc2024regh","rating":1685,"private":0,"password":null}