{"id":"gen9vgc2024regh-2242366399","format":"[Gen 9] VGC 2024 Reg H","players":["VGCLTH Thacrow","shimashima0622"],"log":"|raw|<div class=\"broadcast-blue\"><strong>This battle is required to be public due to a player having a name starting with 'vgclth'.<\/div>\n|j|\u2606VGCLTH Thacrow\n|j|\u2606shimashima0622\n|t:|1731420142\n|gametype|doubles\n|player|p1|VGCLTH Thacrow|wallace-masters|1823\n|player|p2|shimashima0622|1|1793\n|teamsize|p1|6\n|teamsize|p2|6\n|gen|9\n|tier|[Gen 9] VGC 2024 Reg H\n|rated|\n|rule|Species Clause: Limit one of each Pok\u00e9mon\n|rule|Item Clause: Limit 1 of each item\n|clearpoke\n|poke|p1|Ceruledge, L50, M|\n|poke|p1|Gastrodon-East, L50, M|\n|poke|p1|Sneasler, L50, F|\n|poke|p1|Dragonite, L50, F|\n|poke|p1|Rillaboom, L50, M|\n|poke|p1|Kingambit, L50, M|\n|poke|p2|Dondozo, L50, F|\n|poke|p2|Tatsugiri, L50, F|\n|poke|p2|Annihilape, L50, M|\n|poke|p2|Dragonite, L50, M|\n|poke|p2|Volcarona, L50, F|\n|poke|p2|Indeedee, L50, M|\n|teampreview|4\nVGCLTH Thacrow has agreed to open team sheets.\n|inactive|Battle timer is ON: inactive players will automatically lose when time's up. (requested by shimashima0622)\n|\n|t:|1731420172\n|start\n|switch|p1a: Kidturtle|Sneasler, L50, F, shiny|100\/100\n|switch|p1b: Main Flutter|Dragonite, L50, F, shiny|100\/100\n|switch|p2a: Dondozo|Dondozo, L50, F|100\/100\n|switch|p2b: Annihilape|Annihilape, L50, M|100\/100\n|turn|1\n|\n|t:|1731420179\n|move|p1b: Main Flutter|Protect|p1b: Main Flutter\n|-singleturn|p1b: Main Flutter|Protect\n|move|p1a: Kidturtle|Dire Claw|p2a: Dondozo\n|-damage|p2a: Dondozo|76\/100\n|-status|p2a: Dondozo|slp\n|move|p2b: Annihilape|Stealth Rock|p1b: Main Flutter\n|-sidestart|p1: VGCLTH Thacrow|move: Stealth Rock\n|cant|p2a: Dondozo|slp\n|\n|-heal|p2a: Dondozo|82\/100 slp|[from] item: Leftovers\n|upkeep\n|turn|2\n|inactive|shimashima0622 has 30 seconds left.\n|\n|t:|1731420205\n|move|p1a: Kidturtle|Coaching|p1b: Main Flutter\n|-boost|p1b: Main Flutter|atk|1\n|-boost|p1b: Main Flutter|def|1\n|move|p2b: Annihilape|Rage Fist|p1a: Kidturtle\n|-damage|p1a: Kidturtle|60\/100\n|move|p1b: Main Flutter|Scale Shot|p2b: Annihilape\n|-damage|p2b: Annihilape|76\/100\n|-damage|p2b: Annihilape|50\/100\n|-crit|p2b: Annihilape\n|-damage|p2b: Annihilape|14\/100\n|-damage|p2b: Annihilape|0 fnt\n|faint|p2b: Annihilape\n|-hitcount|p2: Annihilape|4\n|-unboost|p1b: Main Flutter|def|1\n|-boost|p1b: Main Flutter|spe|1\n|cant|p2a: Dondozo|slp\n|\n|-heal|p2a: Dondozo|88\/100 slp|[from] item: Leftovers\n|upkeep\n|\n|t:|1731420229\n|switch|p2b: Dragonite|Dragonite, L50, M|100\/100\n|turn|3\n|\n|t:|1731420253\n|switch|p1a: Joe Dog|Gastrodon-East, L50, M|100\/100\n|-damage|p1a: Joe Dog|95\/100|[from] Stealth Rock\n|-terastallize|p2b: Dragonite|Normal\n|move|p1b: Main Flutter|Scale Shot|p2b: Dragonite\n|-damage|p2b: Dragonite|88\/100\n|-damage|p2b: Dragonite|62\/100\n|-damage|p2b: Dragonite|35\/100\n|-damage|p2b: Dragonite|10\/100\n|-hitcount|p2b: Dragonite|4\n|-unboost|p1b: Main Flutter|def|1\n|-boost|p1b: Main Flutter|spe|1\n|move|p2b: Dragonite|Haze|p2b: Dragonite\n|-clearallboost\n|-curestatus|p2a: Dondozo|slp|[msg]\n|move|p2a: Dondozo|Yawn|p1b: Main Flutter\n|-start|p1b: Main Flutter|move: Yawn|[of] p2a: Dondozo\n|\n|-heal|p2a: Dondozo|95\/100|[from] item: Leftovers\n|upkeep\n|turn|4\n|j| vgclth souly\n|inactive|shimashima0622 has 30 seconds left.\n|inactive|shimashima0622 has 20 seconds left.\n|inactive|shimashima0622 has 15 seconds left.\n|inactive|shimashima0622 has 10 seconds left.\n|\n|t:|1731420301\n|switch|p1b: Kidturtle|Sneasler, L50, F, shiny|60\/100\n|-damage|p1b: Kidturtle|54\/100|[from] Stealth Rock\n|move|p2b: Dragonite|Scale Shot|p1a: Joe Dog\n|-damage|p1a: Joe Dog|79\/100\n|-damage|p1a: Joe Dog|65\/100\n|-damage|p1a: Joe Dog|51\/100\n|-damage|p1a: Joe Dog|37\/100\n|-enditem|p1a: Joe Dog|Sitrus Berry|[eat]\n|-heal|p1a: Joe Dog|62\/100|[from] item: Sitrus Berry\n|-hitcount|p1a: Joe Dog|4\n|-unboost|p2b: Dragonite|def|1\n|-boost|p2b: Dragonite|spe|1\n|move|p1a: Joe Dog|Earth Power|p2b: Dragonite\n|-damage|p2b: Dragonite|0 fnt\n|faint|p2b: Dragonite\n|move|p2a: Dondozo|Yawn|p1b: Kidturtle\n|-start|p1b: Kidturtle|move: Yawn|[of] p2a: Dondozo\n|\n|-heal|p2a: Dondozo|100\/100|[from] item: Leftovers\n|upkeep\n|\n|t:|1731420318\n|switch|p2b: Volcarona|Volcarona, L50, F|100\/100\n|turn|5\n|\n|t:|1731420327\n|switch|p1b: AdlrichYan|Rillaboom, L50, M|100\/100\n|-damage|p1b: AdlrichYan|88\/100|[from] Stealth Rock\n|-fieldstart|move: Grassy Terrain|[from] ability: Grassy Surge|[of] p1b: AdlrichYan\n|move|p2b: Volcarona|Quiver Dance|p2b: Volcarona\n|-boost|p2b: Volcarona|spa|1\n|-boost|p2b: Volcarona|spd|1\n|-boost|p2b: Volcarona|spe|1\n|move|p1a: Joe Dog|Earth Power|p2a: Dondozo\n|-crit|p2a: Dondozo\n|-damage|p2a: Dondozo|62\/100\n|move|p2a: Dondozo|Yawn|p1b: AdlrichYan\n|-start|p1b: AdlrichYan|move: Yawn|[of] p2a: Dondozo\n|\n|-heal|p1b: AdlrichYan|94\/100|[from] Grassy Terrain\n|-heal|p1a: Joe Dog|68\/100|[from] Grassy Terrain\n|-heal|p2a: Dondozo|68\/100|[from] Grassy Terrain\n|-heal|p2a: Dondozo|74\/100|[from] item: Leftovers\n|upkeep\n|turn|6\n|inactive|shimashima0622 has 30 seconds left.\n|inactive|shimashima0622 has 20 seconds left.\n|inactive|shimashima0622 has 15 seconds left.\n|inactive|shimashima0622 has 10 seconds left.\n|\n|t:|1731420376\n|switch|p1b: Main Flutter|Dragonite, L50, F, shiny|100\/100\n|-damage|p1b: Main Flutter|76\/100|[from] Stealth Rock\n|move|p2b: Volcarona|Quiver Dance|p2b: Volcarona\n|-boost|p2b: Volcarona|spa|1\n|-boost|p2b: Volcarona|spd|1\n|-boost|p2b: Volcarona|spe|1\n|move|p1a: Joe Dog|Clear Smog|p2b: Volcarona\n|-damage|p2b: Volcarona|95\/100\n|-clearboost|p2b: Volcarona\n|move|p2a: Dondozo|Yawn|p1b: Main Flutter\n|-start|p1b: Main Flutter|move: Yawn|[of] p2a: Dondozo\n|\n|-heal|p2b: Volcarona|100\/100|[from] Grassy Terrain\n|-heal|p1a: Joe Dog|74\/100|[from] Grassy Terrain\n|-heal|p2a: Dondozo|80\/100|[from] Grassy Terrain\n|-heal|p2a: Dondozo|86\/100|[from] item: Leftovers\n|upkeep\n|turn|7\n|\n|t:|1731420391\n|move|p2b: Volcarona|Quiver Dance|p2b: Volcarona\n|-boost|p2b: Volcarona|spa|1\n|-boost|p2b: Volcarona|spd|1\n|-boost|p2b: Volcarona|spe|1\n|move|p1b: Main Flutter|Scale Shot|p2b: Volcarona\n|-damage|p2b: Volcarona|84\/100\n|-damage|p2b: Volcarona|70\/100\n|-damage|p2b: Volcarona|56\/100\n|-damage|p2b: Volcarona|41\/100\n|-enditem|p2b: Volcarona|Sitrus Berry|[eat]\n|-heal|p2b: Volcarona|66\/100|[from] item: Sitrus Berry\n|-hitcount|p2b: Volcarona|4\n|-unboost|p1b: Main Flutter|def|1\n|-boost|p1b: Main Flutter|spe|1\n|move|p1a: Joe Dog|Earth Power|p2b: Volcarona\n|-damage|p2b: Volcarona|44\/100\n|move|p2a: Dondozo|Yawn||[still]\n|-fail|p2a: Dondozo\n|\n|-heal|p2b: Volcarona|50\/100|[from] Grassy Terrain\n|-heal|p1a: Joe Dog|80\/100|[from] Grassy Terrain\n|-heal|p2a: Dondozo|93\/100|[from] Grassy Terrain\n|-heal|p2a: Dondozo|99\/100|[from] item: Leftovers\n|-end|p1b: Main Flutter|move: Yawn|[silent]\n|-status|p1b: Main Flutter|slp\n|upkeep\n|turn|8\n|inactive|shimashima0622 has 30 seconds left.\n|\n|t:|1731420419\n|-terastallize|p1a: Joe Dog|Flying\n|move|p2b: Volcarona|Heat Wave|p1b: Main Flutter|[spread] p1a,p1b\n|-resisted|p1b: Main Flutter\n|-damage|p1a: Joe Dog|39\/100\n|-damage|p1b: Main Flutter|50\/100 slp\n|cant|p1b: Main Flutter|slp\n|move|p1a: Joe Dog|Clear Smog|p2b: Volcarona\n|-damage|p2b: Volcarona|42\/100\n|-clearboost|p2b: Volcarona\n|move|p2a: Dondozo|Heavy Slam|p1b: Main Flutter\n|-damage|p1b: Main Flutter|40\/100 slp\n|\n|-heal|p2b: Volcarona|48\/100|[from] Grassy Terrain\n|-heal|p2a: Dondozo|100\/100|[from] Grassy Terrain\n|upkeep\n|turn|9\n|inactive|shimashima0622 has 30 seconds left.\n|inactive|shimashima0622 has 20 seconds left.\n|inactive|shimashima0622 has 15 seconds left.\n|inactive|shimashima0622 has 10 seconds left.\n|\n|t:|1731420465\n|cant|p1b: Main Flutter|slp\n|move|p2b: Volcarona|Heat Wave|p1a: Joe Dog|[spread] p1a,p1b\n|-resisted|p1b: Main Flutter\n|-damage|p1a: Joe Dog|8\/100\n|-damage|p1b: Main Flutter|24\/100 slp\n|move|p1a: Joe Dog|Clear Smog|p2b: Volcarona\n|-damage|p2b: Volcarona|36\/100\n|-clearboost|p2b: Volcarona\n|move|p2a: Dondozo|Heavy Slam|p1a: Joe Dog\n|-damage|p1a: Joe Dog|0 fnt\n|faint|p1a: Joe Dog\n|\n|-heal|p2b: Volcarona|42\/100|[from] Grassy Terrain\n|-fieldend|move: Grassy Terrain\n|upkeep\n|\n|t:|1731420468\n|switch|p1a: Kidturtle|Sneasler, L50, F, shiny|54\/100\n|-damage|p1a: Kidturtle|48\/100|[from] Stealth Rock\n|turn|10\n|\n|t:|1731420483\n|move|p2b: Volcarona|Protect|p2b: Volcarona\n|-singleturn|p2b: Volcarona|Protect\n|cant|p1b: Main Flutter|slp\n|move|p1a: Kidturtle|Dire Claw|p2b: Volcarona\n|-activate|p2b: Volcarona|move: Protect\n|move|p2a: Dondozo|Wave Crash|p1a: Kidturtle\n|-damage|p1a: Kidturtle|0 fnt\n|faint|p1a: Kidturtle\n|-damage|p2a: Dondozo|91\/100|[from] Recoil\n|\n|-heal|p2a: Dondozo|97\/100|[from] item: Leftovers\n|upkeep\n|\n|t:|1731420486\n|switch|p1a: AdlrichYan|Rillaboom, L50, M|94\/100\n|-damage|p1a: AdlrichYan|82\/100|[from] Stealth Rock\n|-fieldstart|move: Grassy Terrain|[from] ability: Grassy Surge|[of] p1a: AdlrichYan\n|turn|11\n|inactive|shimashima0622 has 30 seconds left.\n|\n|t:|1731420511\n|-curestatus|p1b: Main Flutter|slp|[msg]\n|move|p1b: Main Flutter|Scale Shot|p2b: Volcarona\n|-damage|p2b: Volcarona|28\/100\n|-damage|p2b: Volcarona|12\/100\n|-damage|p2b: Volcarona|0 fnt\n|faint|p2b: Volcarona\n|-hitcount|p2: Volcarona|3\n|-unboost|p1b: Main Flutter|def|1\n|-boost|p1b: Main Flutter|spe|1\n|move|p1a: AdlrichYan|Wood Hammer|p2a: Dondozo\n|-supereffective|p2a: Dondozo\n|-damage|p2a: Dondozo|0 fnt\n|faint|p2a: Dondozo\n|-damage|p1a: AdlrichYan|37\/100|[from] Recoil\n|\n|win|VGCLTH Thacrow\n|raw|VGCLTH Thacrow's rating: 1823 &rarr; <strong>1841<\/strong><br \/>(+18 for winning)\n|raw|shimashima0622's rating: 1793 &rarr; <strong>1775<\/strong><br \/>(-18 for losing)\n|l|\u2606shimashima0622\n|player|p2|\n|l|\u2606VGCLTH Thacrow\n|player|p1|\n","uploadtime":1731420680,"views":51,"formatid":"gen9vgc2024regh","rating":1775,"private":0,"password":null}