{"id":"gen9vgc2024regh-2242704636","format":"[Gen 9] VGC 2024 Reg H","players":["bgc0","Doc_MrMega"],"log":"|j|\u2606bgc0\n|j|\u2606Doc_MrMega\n|t:|1731453837\n|gametype|doubles\n|player|p1|bgc0|steven|1778\n|player|p2|Doc_MrMega|lucas|1691\n|teamsize|p1|6\n|teamsize|p2|6\n|gen|9\n|tier|[Gen 9] VGC 2024 Reg H\n|rated|\n|rule|Species Clause: Limit one of each Pok\u00e9mon\n|rule|Item Clause: Limit 1 of each item\n|clearpoke\n|poke|p1|Espathra, L50, F|\n|poke|p1|Archaludon, L50, M|\n|poke|p1|Incineroar, L50, M|\n|poke|p1|Ninetales-Alola, L50, F|\n|poke|p1|Murkrow, L50, M|\n|poke|p1|Amoonguss, L50, M|\n|poke|p2|Electrode-Hisui, L50|\n|poke|p2|Annihilape, L50, M|\n|poke|p2|Toxtricity, L50, F|\n|poke|p2|Pelipper, L50, M|\n|poke|p2|Archaludon, L50, M|\n|poke|p2|Basculegion, L50, M|\n|teampreview|4\n|inactive|Battle timer is ON: inactive players will automatically lose when time's up. (requested by Doc_MrMega)\n|\n|t:|1731453869\n|start\n|switch|p1a: Espathra|Espathra, L50, F|100\/100\n|switch|p1b: Archaludon|Archaludon, L50, M, shiny|100\/100\n|switch|p2a: Electrode|Electrode-Hisui, L50|100\/100\n|switch|p2b: Toxtricity|Toxtricity, L50, F|100\/100\n|turn|1\n|inactive|bgc0 has 30 seconds left.\n|l|\u2606bgc0\n|inactive|bgc0 disconnected and has a minute to reconnect!\n|player|p1|\n|inactive|bgc0 has 20 seconds left.\n|inactive|bgc0 has 15 seconds left.\n|inactive|bgc0 has 10 seconds left.\n|j|\u2606bgc0\n|inactive|bgc0 reconnected and has 10 seconds left.\n|player|p1|bgc0|steven|\n|inactive|bgc0 has 5 seconds left.\n|\n|t:|1731453922\n|-terastallize|p2b: Toxtricity|Normal\n|move|p2a: Electrode|Electroweb|p1b: Archaludon|[spread] p1a,p1b\n|-resisted|p1b: Archaludon\n|-damage|p1a: Espathra|81\/100\n|-damage|p1b: Archaludon|92\/100\n|-unboost|p1a: Espathra|spe|1\n|-unboost|p1b: Archaludon|spe|1\n|move|p2b: Toxtricity|Boomburst|p1a: Espathra|[spread] p1a,p1b\n|-immune|p2a: Electrode|[from] ability: Soundproof\n|-resisted|p1b: Archaludon\n|-damage|p1a: Espathra|0 fnt\n|-damage|p1b: Archaludon|14\/100\n|faint|p1a: Espathra\n|move|p1b: Archaludon|Dragon Pulse|p2b: Toxtricity\n|-damage|p2b: Toxtricity|26\/100\n|\n|upkeep\n|\n|t:|1731453929\n|switch|p1a: Murkrow|Murkrow, L50, M|100\/100\n|turn|2\n|\n|t:|1731453947\n|switch|p2b: Archaludon|Archaludon, L50, M|100\/100\n|move|p1b: Archaludon|Protect|p1b: Archaludon\n|-singleturn|p1b: Archaludon|Protect\n|move|p1a: Murkrow|Tailwind|p1a: Murkrow\n|-sidestart|p1: bgc0|move: Tailwind\n|move|p2a: Electrode|Electroweb|p1b: Archaludon|[spread] p1a\n|-activate|p1b: Archaludon|move: Protect\n|-supereffective|p1a: Murkrow\n|-damage|p1a: Murkrow|67\/100\n|-unboost|p1a: Murkrow|spe|1\n|\n|upkeep\n|turn|3\n|inactive|Doc_MrMega has 30 seconds left.\n|\n|t:|1731453977\n|move|p1a: Murkrow|Haze|p1a: Murkrow\n|-clearallboost\n|move|p1b: Archaludon|Aura Sphere|p2b: Archaludon\n|-supereffective|p2b: Archaludon\n|-damage|p2b: Archaludon|62\/100\n|-ability|p2b: Archaludon|Stamina|boost\n|-boost|p2b: Archaludon|def|1\n|move|p2a: Electrode|Electroweb|p1a: Murkrow|[spread] p1a,p1b\n|-supereffective|p1a: Murkrow\n|-resisted|p1b: Archaludon\n|-damage|p1a: Murkrow|35\/100\n|-damage|p1b: Archaludon|5\/100\n|-unboost|p1a: Murkrow|spe|1\n|-unboost|p1b: Archaludon|spe|1\n|move|p2b: Archaludon|Flash Cannon|p1b: Archaludon\n|-resisted|p1b: Archaludon\n|-damage|p1b: Archaludon|0 fnt\n|faint|p1b: Archaludon\n|\n|upkeep\n|\n|t:|1731453988\n|switch|p1b: Ninetales|Ninetales-Alola, L50, F, shiny|100\/100\n|-weather|Snow|[from] ability: Snow Warning|[of] p1b: Ninetales\n|turn|4\n|\n|t:|1731454000\n|switch|p2a: Pelipper|Pelipper, L50, M|100\/100\n|-weather|RainDance|[from] ability: Drizzle|[of] p2a: Pelipper\n|-terastallize|p1b: Ninetales|Ice\n|move|p1b: Ninetales|Blizzard|p2a: Pelipper|[spread] \n|-miss|p1b: Ninetales|p2a: Pelipper\n|-miss|p1b: Ninetales|p2b: Archaludon\n|move|p1a: Murkrow|Brave Bird|p2b: Archaludon\n|-resisted|p2b: Archaludon\n|-damage|p2b: Archaludon|53\/100\n|-ability|p2b: Archaludon|Stamina|boost\n|-boost|p2b: Archaludon|def|1\n|-damage|p1a: Murkrow|31\/100|[from] Recoil\n|move|p2b: Archaludon|Electro Shot||[still]\n|-prepare|p2b: Archaludon|Electro Shot\n|-boost|p2b: Archaludon|spa|1\n|-anim|p2b: Archaludon|Electro Shot|p1a: Murkrow\n|-supereffective|p1a: Murkrow\n|-damage|p1a: Murkrow|0 fnt\n|faint|p1a: Murkrow\n|\n|-weather|RainDance|[upkeep]\n|upkeep\n|turn|5\n|\n|t:|1731454016\n|move|p1b: Ninetales|Blizzard|p2b: Archaludon|[spread] p2b\n|-miss|p1b: Ninetales|p2a: Pelipper\n|-damage|p2b: Archaludon|3\/100\n|-ability|p2b: Archaludon|Stamina|boost\n|-boost|p2b: Archaludon|def|1\n|move|p2a: Pelipper|Tailwind|p2a: Pelipper\n|-sidestart|p2: Doc_MrMega|move: Tailwind\n|move|p2b: Archaludon|Electro Shot||[still]\n|-prepare|p2b: Archaludon|Electro Shot\n|-boost|p2b: Archaludon|spa|1\n|-anim|p2b: Archaludon|Electro Shot|p1b: Ninetales\n|-damage|p1b: Ninetales|9\/100\n|\n|-weather|RainDance|[upkeep]\n|-sideend|p1: bgc0|move: Tailwind\n|upkeep\n|turn|6\n|\n|t:|1731454028\n|move|p2a: Pelipper|Weather Ball|p1b: Ninetales\n|-damage|p1b: Ninetales|0 fnt\n|faint|p1b: Ninetales\n|\n|win|Doc_MrMega\n|raw|bgc0's rating: 1778 &rarr; <strong>1753<\/strong><br \/>(-25 for losing)\n|raw|Doc_MrMega's rating: 1691 &rarr; <strong>1716<\/strong><br \/>(+25 for winning)\n|l|\u2606bgc0\n|player|p1|\n|l|\u2606Doc_MrMega\n|player|p2|\n","uploadtime":1731454257,"views":43,"formatid":"gen9vgc2024regh","rating":1716,"private":0,"password":null}