{"id":"gen9vgc2024regh-2242691601","format":"[Gen 9] VGC 2024 Reg H","players":["VGCLTH John Pork","VGCLTH Slow"],"log":"|raw|<div class=\"broadcast-blue\"><strong>This battle is required to be public due to a player having a name starting with 'vgclth'.<\/div>\n|j|\u2606VGCLTH John Pork\n|j|\u2606VGCLTH Slow\n|t:|1731452292\n|gametype|doubles\n|player|p1|VGCLTH John Pork|ogreclan|1701\n|player|p2|VGCLTH Slow|skier|1640\n|teamsize|p1|6\n|teamsize|p2|6\n|gen|9\n|tier|[Gen 9] VGC 2024 Reg H\n|rated|\n|rule|Species Clause: Limit one of each Pok\u00e9mon\n|rule|Item Clause: Limit 1 of each item\n|clearpoke\n|poke|p1|Ceruledge, L50, M|\n|poke|p1|Gastrodon-East, L50, F|\n|poke|p1|Sneasler, L50, F|\n|poke|p1|Dragonite, L50, M|\n|poke|p1|Rillaboom, L50, F|\n|poke|p1|Kingambit, L50, F|\n|poke|p2|Sableye, L50, M|\n|poke|p2|Sylveon, L50, M|\n|poke|p2|Archaludon, L50, M|\n|poke|p2|Volcarona, L50, F|\n|poke|p2|Rillaboom, L50, F|\n|poke|p2|Tauros-Paldea-Aqua, L50, M|\n|teampreview|4\nVGCLTH Slow has agreed to open team sheets.\n|c|\u2606VGCLTH Slow|Glhf\n|\n|t:|1731452324\n|start\n|switch|p1a: Sneasler|Sneasler, L50, F, shiny|100\/100\n|switch|p1b: Dragonite|Dragonite, L50, M, shiny|100\/100\n|switch|p2a: Snowblind|Sableye, L50, M|100\/100\n|switch|p2b: Old Yeller|Sylveon, L50, M|100\/100\n|turn|1\n|\n|t:|1731452352\n|switch|p2b: Forklift Certified|Archaludon, L50, M, shiny|100\/100\n|move|p2a: Snowblind|Will-O-Wisp|p1b: Dragonite\n|-status|p1b: Dragonite|brn\n|move|p1a: Sneasler|Dire Claw|p2a: Snowblind\n|-resisted|p2a: Snowblind\n|-damage|p2a: Snowblind|77\/100\n|-status|p2a: Snowblind|slp\n|move|p1b: Dragonite|Scale Shot|p2a: Snowblind\n|-damage|p2a: Snowblind|70\/100 slp\n|-damage|p2a: Snowblind|62\/100 slp\n|-damage|p2a: Snowblind|53\/100 slp\n|-damage|p2a: Snowblind|45\/100 slp\n|-enditem|p2a: Snowblind|Sitrus Berry|[eat]\n|-heal|p2a: Snowblind|70\/100 slp|[from] item: Sitrus Berry\n|-crit|p2a: Snowblind\n|-damage|p2a: Snowblind|58\/100 slp\n|-hitcount|p2a: Snowblind|5\n|-unboost|p1b: Dragonite|def|1\n|-boost|p1b: Dragonite|spe|1\n|\n|-damage|p1b: Dragonite|95\/100 brn|[from] brn\n|upkeep\n|turn|2\n|\n|t:|1731452377\n|switch|p2b: Bullshifu|Tauros-Paldea-Aqua, L50, M, shiny|100\/100\n|-ability|p2b: Bullshifu|Intimidate|boost\n|-unboost|p1a: Sneasler|atk|1\n|-unboost|p1b: Dragonite|atk|1\n|cant|p2a: Snowblind|slp\n|move|p1b: Dragonite|Low Kick|p2b: Bullshifu\n|-damage|p2b: Bullshifu|85\/100\n|move|p1a: Sneasler|Dire Claw|p2a: Snowblind\n|-resisted|p2a: Snowblind\n|-damage|p2a: Snowblind|40\/100 slp\n|\n|-damage|p1b: Dragonite|89\/100 brn|[from] brn\n|upkeep\n|turn|3\n|\n|t:|1731452389\n|switch|p1a: Joe Dog|Gastrodon-East, L50, F|100\/100\n|cant|p2a: Snowblind|slp\n|move|p1b: Dragonite|Scale Shot|p2a: Snowblind\n|-damage|p2a: Snowblind|34\/100 slp\n|-damage|p2a: Snowblind|29\/100 slp\n|-damage|p2a: Snowblind|24\/100 slp\n|-damage|p2a: Snowblind|18\/100 slp\n|-hitcount|p2a: Snowblind|4\n|-unboost|p1b: Dragonite|def|1\n|-boost|p1b: Dragonite|spe|1\n|-enditem|p2b: Bullshifu|Mirror Herb\n|-boost|p2b: Bullshifu|spe|1|[from] item: Mirror Herb\n|move|p2b: Bullshifu|Close Combat|p1b: Dragonite\n|-resisted|p1b: Dragonite\n|-damage|p1b: Dragonite|27\/100 brn\n|-unboost|p2b: Bullshifu|def|1\n|-unboost|p2b: Bullshifu|spd|1\n|\n|-damage|p1b: Dragonite|21\/100 brn|[from] brn\n|upkeep\n|turn|4\n|\n|t:|1731452404\n|cant|p2a: Snowblind|slp\n|move|p1b: Dragonite|Scale Shot|p2a: Snowblind\n|-damage|p2a: Snowblind|12\/100 slp\n|-damage|p2a: Snowblind|6\/100 slp\n|-damage|p2a: Snowblind|0 fnt\n|faint|p2a: Snowblind\n|-hitcount|p2: Snowblind|3\n|-unboost|p1b: Dragonite|def|1\n|-boost|p1b: Dragonite|spe|1\n|move|p2b: Bullshifu|Close Combat|p1a: Joe Dog\n|-damage|p1a: Joe Dog|50\/100\n|-unboost|p2b: Bullshifu|def|1\n|-unboost|p2b: Bullshifu|spd|1\n|-enditem|p1a: Joe Dog|Sitrus Berry|[eat]\n|-heal|p1a: Joe Dog|75\/100|[from] item: Sitrus Berry\n|move|p1a: Joe Dog|Earth Power|p2b: Bullshifu\n|-damage|p2b: Bullshifu|0 fnt\n|faint|p2b: Bullshifu\n|\n|-damage|p1b: Dragonite|15\/100 brn|[from] brn\n|upkeep\n|\n|t:|1731452408\n|switch|p2b: Forklift Certified|Archaludon, L50, M, shiny|100\/100\n|switch|p2a: Old Yeller|Sylveon, L50, M|100\/100\n|turn|5\n|\n|t:|1731452428\n|move|p1b: Dragonite|Protect|p1b: Dragonite\n|-singleturn|p1b: Dragonite|Protect\n|move|p2b: Forklift Certified|Dragon Pulse|p1a: Joe Dog\n|-damage|p1a: Joe Dog|38\/100\n|move|p2a: Old Yeller|Hyper Voice|p1a: Joe Dog|[spread] p1a\n|-activate|p1b: Dragonite|move: Protect\n|-damage|p1a: Joe Dog|0 fnt\n|faint|p1a: Joe Dog\n|-enditem|p2a: Old Yeller|Throat Spray\n|-boost|p2a: Old Yeller|spa|1|[from] item: Throat Spray\n|\n|-damage|p1b: Dragonite|9\/100 brn|[from] brn\n|upkeep\n|\n|t:|1731452437\n|switch|p1a: Sneasler|Sneasler, L50, F, shiny|100\/100\n|turn|6\n|\n|t:|1731452460\n|-terastallize|p2b: Forklift Certified|Electric\n|move|p2a: Old Yeller|Protect|p2a: Old Yeller\n|-singleturn|p2a: Old Yeller|Protect\n|move|p1b: Dragonite|Low Kick|p2b: Forklift Certified\n|-damage|p2b: Forklift Certified|93\/100\n|move|p1a: Sneasler|Dire Claw|p2a: Old Yeller\n|-activate|p2a: Old Yeller|move: Protect\n|move|p2b: Forklift Certified|Electro Shot||[still]\n|-prepare|p2b: Forklift Certified|Electro Shot\n|-boost|p2b: Forklift Certified|spa|1\n|-enditem|p2b: Forklift Certified|Power Herb\n|-anim|p2b: Forklift Certified|Electro Shot|p1a: Sneasler\n|-enditem|p1a: Sneasler|Focus Sash\n|-damage|p1a: Sneasler|1\/100\n|\n|-damage|p1b: Dragonite|3\/100 brn|[from] brn\n|upkeep\n|turn|7\n|j| Don Falcon\n|\n|t:|1731452481\n|move|p2a: Old Yeller|Protect||[still]\n|-fail|p2a: Old Yeller\n|move|p1a: Sneasler|Close Combat|p2b: Forklift Certified\n|-damage|p2b: Forklift Certified|52\/100\n|-unboost|p1a: Sneasler|def|1\n|-unboost|p1a: Sneasler|spd|1\n|move|p1b: Dragonite|Scale Shot|p2b: Forklift Certified\n|-damage|p2b: Forklift Certified|49\/100\n|-crit|p2b: Forklift Certified\n|-damage|p2b: Forklift Certified|42\/100\n|-damage|p2b: Forklift Certified|39\/100\n|-damage|p2b: Forklift Certified|36\/100\n|-hitcount|p2b: Forklift Certified|4\n|-unboost|p1b: Dragonite|def|1\n|-boost|p1b: Dragonite|spe|1\n|move|p2b: Forklift Certified|Dragon Pulse|p1a: Sneasler\n|-damage|p1a: Sneasler|0 fnt\n|faint|p1a: Sneasler\n|\n|-damage|p1b: Dragonite|0 fnt|[from] brn\n|faint|p1b: Dragonite\n|upkeep\n|\n|t:|1731452484\n|switch|p1b: Christian|Ceruledge, L50, M|100\/100\n|turn|8\n|\n|t:|1731452494\n|-terastallize|p1b: Christian|Grass\n|move|p2b: Forklift Certified|Dragon Pulse|p1b: Christian\n|-damage|p1b: Christian|38\/100\n|move|p1b: Christian|Bitter Blade|p2b: Forklift Certified\n|-damage|p2b: Forklift Certified|3\/100\n|-heal|p1b: Christian|55\/100|[from] drain|[of] p2b: Forklift Certified\n|move|p2a: Old Yeller|Substitute|p2a: Old Yeller\n|-start|p2a: Old Yeller|Substitute\n|-damage|p2a: Old Yeller|76\/100\n|\n|-heal|p1b: Christian|61\/100|[from] item: Leftovers\n|upkeep\n|turn|9\n|l| Don Falcon\n|\n|t:|1731452500\n|move|p1b: Christian|Shadow Sneak|p2b: Forklift Certified\n|-damage|p2b: Forklift Certified|0 fnt\n|faint|p2b: Forklift Certified\n|move|p2a: Old Yeller|Tera Blast|p1b: Christian\n|-damage|p1b: Christian|0 fnt\n|faint|p1b: Christian\n|\n|win|VGCLTH Slow\n|raw|VGCLTH John Pork's rating: 1701 &rarr; <strong>1678<\/strong><br \/>(-23 for losing)\n|raw|VGCLTH Slow's rating: 1640 &rarr; <strong>1663<\/strong><br \/>(+23 for winning)\n|l|\u2606VGCLTH John Pork\n|player|p1|\n|c|\u2606VGCLTH Slow|Gg\n|l|\u2606VGCLTH Slow\n|player|p2|\n","uploadtime":1731452732,"views":43,"formatid":"gen9vgc2024regh","rating":1663,"private":0,"password":null}