{"id":"gen9vgc2024regh-2242814714","format":"[Gen 9] VGC 2024 Reg H","players":["VGCLTH Slow","StPhatrick"],"log":"|raw|<div class=\"broadcast-blue\"><strong>This battle is required to be public due to a player having a name starting with 'vgclth'.<\/div>\n|j|\u2606VGCLTH Slow\n|j|\u2606StPhatrick\n|t:|1731467648\n|gametype|doubles\n|player|p1|VGCLTH Slow|skier|1722\n|player|p2|StPhatrick|boarder|1670\n|teamsize|p1|6\n|teamsize|p2|6\n|gen|9\n|tier|[Gen 9] VGC 2024 Reg H\n|rated|\n|rule|Species Clause: Limit one of each Pok\u00e9mon\n|rule|Item Clause: Limit 1 of each item\n|clearpoke\n|poke|p1|Sableye, L50, M|\n|poke|p1|Sylveon, L50, F|\n|poke|p1|Archaludon, L50, M|\n|poke|p1|Volcarona, L50, F|\n|poke|p1|Rillaboom, L50, F|\n|poke|p1|Tauros-Paldea-Aqua, L50, M|\n|poke|p2|Slowpoke, L50, F|\n|poke|p2|Torkoal, L50, F|\n|poke|p2|Smeargle, L50, F|\n|poke|p2|Sneasler, L50, F|\n|poke|p2|Annihilape, L50, M|\n|poke|p2|Grimmsnarl, L50, M|\n|teampreview|4\n|inactive|Battle timer is ON: inactive players will automatically lose when time's up. (requested by StPhatrick)\nVGCLTH Slow has agreed to open team sheets.\n|\n|t:|1731467674\n|start\n|switch|p1a: Koko The Gorythmic|Rillaboom, L50, F|100\/100\n|switch|p1b: Old Yeller|Sylveon, L50, F|100\/100\n|switch|p2a: Smeargle|Smeargle, L50, F|100\/100\n|switch|p2b: Slowpoke|Slowpoke, L50, F|100\/100\n|-fieldstart|move: Grassy Terrain|[from] ability: Grassy Surge|[of] p1a: Koko The Gorythmic\n|turn|1\n|\n|t:|1731467685\n|move|p2a: Smeargle|Fake Out|p1a: Koko The Gorythmic\n|-damage|p1a: Koko The Gorythmic|96\/100\n|cant|p1a: Koko The Gorythmic|flinch\n|move|p1b: Old Yeller|Substitute|p1b: Old Yeller\n|-start|p1b: Old Yeller|Substitute\n|-damage|p1b: Old Yeller|76\/100\n|move|p2b: Slowpoke|Trick Room|p2b: Slowpoke\n|-fieldstart|move: Trick Room|[of] p2b: Slowpoke\n|\n|-heal|p1b: Old Yeller|82\/100|[from] Grassy Terrain\n|-heal|p1a: Koko The Gorythmic|100\/100|[from] Grassy Terrain\n|-ability|p2a: Smeargle|Moody|boost\n|-boost|p2a: Smeargle|def|2\n|-unboost|p2a: Smeargle|spa|1\n|-enditem|p2a: Smeargle|Eject Pack\n|upkeep\n|\n|t:|1731467694\n|switch|p2a: Torkoal|Torkoal, L50, F|100\/100\n|-weather|SunnyDay|[from] ability: Drought|[of] p2a: Torkoal\n|turn|2\n|\n|t:|1731467698\n|-terastallize|p2a: Torkoal|Fire\n|-terastallize|p1a: Koko The Gorythmic|Fire\n|move|p2b: Slowpoke|Surf|p1a: Koko The Gorythmic|[spread] p2a,p1a,p1b\n|-activate|p1b: Old Yeller|move: Substitute|[damage]\n|-supereffective|p2a: Torkoal\n|-supereffective|p1a: Koko The Gorythmic\n|-damage|p2a: Torkoal|92\/100\n|-damage|p1a: Koko The Gorythmic|94\/100\n|-enditem|p2a: Torkoal|Weakness Policy\n|-boost|p2a: Torkoal|atk|2|[from] item: Weakness Policy\n|-boost|p2a: Torkoal|spa|2|[from] item: Weakness Policy\n|move|p2a: Torkoal|Eruption|p1b: Old Yeller|[spread] p1a,p1b\n|-end|p1b: Old Yeller|Substitute\n|-resisted|p1a: Koko The Gorythmic\n|-damage|p1a: Koko The Gorythmic|30\/100\n|move|p1b: Old Yeller|Hyper Voice|p2a: Torkoal|[spread] p2a,p2b\n|-resisted|p2a: Torkoal\n|-damage|p2a: Torkoal|67\/100\n|-damage|p2b: Slowpoke|61\/100\n|-enditem|p1b: Old Yeller|Throat Spray\n|-boost|p1b: Old Yeller|spa|1|[from] item: Throat Spray\n|move|p1a: Koko The Gorythmic|High Horsepower|p2a: Torkoal\n|-supereffective|p2a: Torkoal\n|-damage|p2a: Torkoal|14\/100\n|\n|-weather|SunnyDay|[upkeep]\n|-heal|p2b: Slowpoke|67\/100|[from] Grassy Terrain\n|-heal|p2a: Torkoal|19\/100|[from] Grassy Terrain\n|-heal|p1b: Old Yeller|87\/100|[from] Grassy Terrain\n|-heal|p1a: Koko The Gorythmic|36\/100|[from] Grassy Terrain\n|upkeep\n|turn|3\n|j| ale cog\n|inactive|VGCLTH Slow has 30 seconds left.\n|j| bgc0\n|\n|t:|1731467724\n|switch|p1a: Shamonerona|Volcarona, L50, F, shiny|100\/100\n|move|p1b: Old Yeller|Protect|p1b: Old Yeller\n|-singleturn|p1b: Old Yeller|Protect\n|move|p2b: Slowpoke|Heal Pulse|p2a: Torkoal\n|-heal|p2a: Torkoal|69\/100\n|move|p2a: Torkoal|Eruption|p1b: Old Yeller|[spread] p1a\n|-activate|p1b: Old Yeller|move: Protect\n|-damage|p1a: Shamonerona|0 fnt\n|faint|p1a: Shamonerona\n|\n|-weather|SunnyDay|[upkeep]\n|-heal|p2b: Slowpoke|74\/100|[from] Grassy Terrain\n|-heal|p2a: Torkoal|75\/100|[from] Grassy Terrain\n|-heal|p1b: Old Yeller|93\/100|[from] Grassy Terrain\n|upkeep\n|\n|t:|1731467741\n|switch|p1a: Snowblind|Sableye, L50, M|100\/100\n|turn|4\n|\n|t:|1731467753\n|move|p1a: Snowblind|Disable|p2a: Torkoal\n|-start|p2a: Torkoal|Disable|Eruption\n|move|p2b: Slowpoke|Heal Pulse|p2a: Torkoal\n|-heal|p2a: Torkoal|100\/100\n|cant|p2a: Torkoal|Disable|Eruption\n|move|p1b: Old Yeller|Hyper Voice|p2a: Torkoal|[spread] p2a,p2b\n|-resisted|p2a: Torkoal\n|-damage|p2a: Torkoal|62\/100\n|-damage|p2b: Slowpoke|16\/100\n|\n|-weather|SunnyDay|[upkeep]\n|-heal|p2b: Slowpoke|22\/100|[from] Grassy Terrain\n|-heal|p2a: Torkoal|68\/100|[from] Grassy Terrain\n|-heal|p1b: Old Yeller|99\/100|[from] Grassy Terrain\n|upkeep\n|turn|5\n|inactive|StPhatrick has 30 seconds left.\n|\n|t:|1731467785\n|move|p2a: Torkoal|Protect|p2a: Torkoal\n|-singleturn|p2a: Torkoal|Protect\n|move|p1b: Old Yeller|Protect|p1b: Old Yeller\n|-singleturn|p1b: Old Yeller|Protect\n|move|p1a: Snowblind|Disable|p2b: Slowpoke\n|-start|p2b: Slowpoke|Disable|Heal Pulse\n|move|p2b: Slowpoke|Skill Swap|p1a: Snowblind\n|-activate|p2b: Slowpoke|move: Skill Swap|Prankster|Oblivious|[of] p1a: Snowblind\n|\n|-weather|SunnyDay|[upkeep]\n|-heal|p2b: Slowpoke|28\/100|[from] Grassy Terrain\n|-heal|p2a: Torkoal|73\/100|[from] Grassy Terrain\n|-heal|p1b: Old Yeller|100\/100|[from] Grassy Terrain\n|-fieldend|move: Trick Room\n|-fieldend|move: Grassy Terrain\n|upkeep\n|turn|6\n|inactive|StPhatrick has 30 seconds left.\n|inactive|StPhatrick has 20 seconds left.\n|\n|t:|1731467825\n|switch|p2b: Smeargle|Smeargle, L50, F|100\/100\n|move|p1b: Old Yeller|Hyper Voice|p2a: Torkoal|[spread] p2a,p2b\n|-resisted|p2a: Torkoal\n|-damage|p2a: Torkoal|36\/100\n|-damage|p2b: Smeargle|0 fnt\n|faint|p2b: Smeargle\n|move|p1a: Snowblind|Encore|p2a: Torkoal\n|-start|p2a: Torkoal|Encore\n|move|p2a: Torkoal|Protect||[still]\n|-fail|p2a: Torkoal\n|\n|-weather|none\n|upkeep\n|\n|t:|1731467835\n|switch|p2b: Sneasler|Sneasler, L50, F|100\/100\n|turn|7\n|\n|t:|1731467847\n|move|p1b: Old Yeller|Protect|p1b: Old Yeller\n|-singleturn|p1b: Old Yeller|Protect\n|move|p2a: Torkoal|Protect|p2a: Torkoal\n|-singleturn|p2a: Torkoal|Protect\n|move|p1a: Snowblind|Will-O-Wisp|p2b: Sneasler|[miss]\n|-miss|p1a: Snowblind|p2b: Sneasler\n|move|p2b: Sneasler|Fling|p1a: Snowblind\n|-crit|p1a: Snowblind\n|-damage|p1a: Snowblind|10\/100\n|-enditem|p1a: Snowblind|Sitrus Berry|[eat]\n|-heal|p1a: Snowblind|35\/100|[from] item: Sitrus Berry\n|-enditem|p2b: Sneasler|Iron Ball|[from] move: Fling\n|\n|-end|p2a: Torkoal|Disable\n|upkeep\n|turn|8\n|inactive|StPhatrick has 30 seconds left.\n|c| bgc0|Slow, ur the sableye master\n|\n|t:|1731467876\n|switch|p1b: Koko The Gorythmic|Rillaboom, L50, F, tera:Fire|36\/100\n|-fieldstart|move: Grassy Terrain|[from] ability: Grassy Surge|[of] p1b: Koko The Gorythmic\n|switch|p2a: Slowpoke|Slowpoke, L50, F|28\/100\n|move|p2b: Sneasler|Dire Claw|p1b: Koko The Gorythmic\n|-crit|p1b: Koko The Gorythmic\n|-damage|p1b: Koko The Gorythmic|0 fnt\n|faint|p1b: Koko The Gorythmic\n|move|p1a: Snowblind|Foul Play|p2b: Sneasler\n|-resisted|p2b: Sneasler\n|-damage|p2b: Sneasler|65\/100\n|\n|-heal|p2b: Sneasler|71\/100|[from] Grassy Terrain\n|-heal|p1a: Snowblind|41\/100|[from] Grassy Terrain\n|-heal|p2a: Slowpoke|34\/100|[from] Grassy Terrain\n|upkeep\n|\n|t:|1731467879\n|switch|p1b: Old Yeller|Sylveon, L50, F|100\/100\n|turn|9\n|\n|t:|1731467903\n|move|p2b: Sneasler|Dire Claw|p1b: Old Yeller\n|-supereffective|p1b: Old Yeller\n|-damage|p1b: Old Yeller|0 fnt\n|faint|p1b: Old Yeller\n|move|p1a: Snowblind|Foul Play|p2a: Slowpoke\n|-supereffective|p2a: Slowpoke\n|-damage|p2a: Slowpoke|9\/100\n|move|p2a: Slowpoke|Heal Pulse|p2b: Sneasler\n|-heal|p2b: Sneasler|100\/100\n|\n|-heal|p1a: Snowblind|47\/100|[from] Grassy Terrain\n|-heal|p2a: Slowpoke|16\/100|[from] Grassy Terrain\n|upkeep\n|turn|10\n|c|\u2606VGCLTH Slow|Damn\n|c|\u2606VGCLTH Slow|gg\n|-message|VGCLTH Slow forfeited.\n|\n|win|StPhatrick\n|raw|VGCLTH Slow's rating: 1722 &rarr; <strong>1699<\/strong><br \/>(-23 for losing)\n|raw|StPhatrick's rating: 1670 &rarr; <strong>1693<\/strong><br \/>(+23 for winning)\n|c|\u2606StPhatrick|gg\n|c| bgc0|Sick skill swap\n|l|\u2606StPhatrick\n|player|p2|\n|l| bgc0\n|l|\u2606VGCLTH Slow\n|player|p1|\n","uploadtime":1731468097,"views":31,"formatid":"gen9vgc2024regh","rating":1693,"private":0,"password":null}