{"id":"gen9vgc2024regh-2242679245","format":"[Gen 9] VGC 2024 Reg H","players":["vgclth souly","redgannetVGC"],"log":"|raw|<div class=\"broadcast-blue\"><strong>This battle is required to be public due to a player having a name starting with 'vgclth'.<\/div>\n|j|\u2606vgclth souly\n|j|\u2606redgannetVGC\n|t:|1731450875\n|gametype|doubles\n|player|p1|vgclth souly|#smogonxnpa2024draftee|1816\n|player|p2|redgannetVGC|1|1720\n|teamsize|p1|6\n|teamsize|p2|6\n|gen|9\n|tier|[Gen 9] VGC 2024 Reg H\n|rated|\n|rule|Species Clause: Limit one of each Pok\u00e9mon\n|rule|Item Clause: Limit 1 of each item\n|clearpoke\n|poke|p1|Archaludon, L50, F|\n|poke|p1|Pelipper, L50, F|\n|poke|p1|Electabuzz, L50, F|\n|poke|p1|Kingambit, L50, F|\n|poke|p1|Rillaboom, L50, F|\n|poke|p1|Basculegion, L50, M|\n|poke|p2|Charizard, L50, F|\n|poke|p2|Torkoal, L50, F|\n|poke|p2|Jumpluff, L50, M|\n|poke|p2|Porygon2, L50|\n|poke|p2|Incineroar, L50, M|\n|poke|p2|Ursaluna, L50, F|\n|teampreview|4\n|inactive|Battle timer is ON: inactive players will automatically lose when time's up. (requested by vgclth souly)\n|\n|t:|1731450889\n|start\n|switch|p1a: Kingambit|Kingambit, L50, F|100\/100\n|switch|p1b: Rillaboom|Rillaboom, L50, F|100\/100\n|switch|p2a: Charizard|Charizard, L50, F|100\/100\n|switch|p2b: Porygon2|Porygon2, L50|100\/100\n|-fieldstart|move: Grassy Terrain|[from] ability: Grassy Surge|[of] p1b: Rillaboom\n|-ability|p2b: Porygon2|Download|boost\n|-boost|p2b: Porygon2|spa|1\n|turn|1\n|inactive|vgclth souly has 30 seconds left.\n|inactive|redgannetVGC has 30 seconds left.\n|inactive|redgannetVGC has 20 seconds left.\n|inactive|redgannetVGC has 15 seconds left.\n|inactive|redgannetVGC has 10 seconds left.\n|inactive|redgannetVGC has 5 seconds left.\n|\n|t:|1731450940\n|-terastallize|p1a: Kingambit|Dark\n|move|p1b: Rillaboom|Fake Out|p2a: Charizard\n|-damage|p2a: Charizard|80\/100\n|move|p1a: Kingambit|Sucker Punch|p2a: Charizard\n|-damage|p2a: Charizard|0 fnt\n|faint|p2a: Charizard\n|move|p2b: Porygon2|Trick Room|p2b: Porygon2\n|-fieldstart|move: Trick Room|[of] p2b: Porygon2\n|\n|upkeep\n|\n|t:|1731450948\n|switch|p2a: Torkoal|Torkoal, L50, F|100\/100\n|-weather|SunnyDay|[from] ability: Drought|[of] p2a: Torkoal\n|turn|2\n|inactive|vgclth souly has 30 seconds left.\n|inactive|vgclth souly has 20 seconds left.\n|\n|t:|1731450985\n|switch|p2a: Ursaluna|Ursaluna, L50, F|100\/100\n|switch|p1b: Basculegion|Basculegion, L50, M|100\/100\n|-terastallize|p2b: Porygon2|Fighting\n|move|p1a: Kingambit|Protect|p1a: Kingambit\n|-singleturn|p1a: Kingambit|Protect\n|move|p2b: Porygon2|Tera Blast|p1a: Kingambit|[anim] Tera Blast Fighting\n|-activate|p1a: Kingambit|move: Protect\n|\n|-weather|SunnyDay|[upkeep]\n|-status|p2a: Ursaluna|brn|[from] item: Flame Orb\n|upkeep\n|turn|3\n|\n|t:|1731451007\n|switch|p1b: Rillaboom|Rillaboom, L50, F|100\/100\n|move|p1a: Kingambit|Sucker Punch|p2a: Ursaluna\n|-damage|p2a: Ursaluna|49\/100 brn\n|move|p2b: Porygon2|Tera Blast|p1a: Kingambit|[anim] Tera Blast Fighting\n|-supereffective|p1a: Kingambit\n|-damage|p1a: Kingambit|0 fnt\n|faint|p1a: Kingambit\n|move|p2a: Ursaluna|Headlong Rush|p1b: Rillaboom\n|-resisted|p1b: Rillaboom\n|-damage|p1b: Rillaboom|52\/100\n|-unboost|p2a: Ursaluna|def|1\n|-unboost|p2a: Ursaluna|spd|1\n|\n|-weather|SunnyDay|[upkeep]\n|-heal|p2a: Ursaluna|55\/100 brn|[from] Grassy Terrain\n|-heal|p1b: Rillaboom|58\/100|[from] Grassy Terrain\n|-damage|p2a: Ursaluna|49\/100 brn|[from] brn\n|upkeep\n|\n|t:|1731451012\n|switch|p1a: Basculegion|Basculegion, L50, M|100\/100\n|turn|4\n|\n|t:|1731451038\n|move|p2a: Ursaluna|Protect|p2a: Ursaluna\n|-singleturn|p2a: Ursaluna|Protect\n|move|p1b: Rillaboom|Fake Out|p2b: Porygon2\n|-damage|p2b: Porygon2|92\/100\n|move|p1a: Basculegion|Aqua Jet|p2a: Ursaluna\n|-activate|p2a: Ursaluna|move: Protect\n|cant|p2b: Porygon2|flinch\n|\n|-weather|SunnyDay|[upkeep]\n|-heal|p2b: Porygon2|98\/100|[from] Grassy Terrain\n|-heal|p2a: Ursaluna|55\/100 brn|[from] Grassy Terrain\n|-heal|p1b: Rillaboom|64\/100|[from] Grassy Terrain\n|-damage|p2a: Ursaluna|49\/100 brn|[from] brn\n|upkeep\n|turn|5\n|inactive|redgannetVGC has 30 seconds left.\n|\n|t:|1731451065\n|switch|p1b: Pelipper|Pelipper, L50, F|100\/100\n|-weather|RainDance|[from] ability: Drizzle|[of] p1b: Pelipper\n|move|p1a: Basculegion|Aqua Jet|p2a: Ursaluna\n|-supereffective|p2a: Ursaluna\n|-damage|p2a: Ursaluna|0 fnt\n|faint|p2a: Ursaluna\n|move|p2b: Porygon2|Ice Beam|p1b: Pelipper\n|-damage|p1b: Pelipper|26\/100\n|\n|-weather|RainDance|[upkeep]\n|-heal|p2b: Porygon2|100\/100|[from] Grassy Terrain\n|-fieldend|move: Trick Room\n|-fieldend|move: Grassy Terrain\n|upkeep\n|\n|t:|1731451082\n|switch|p2a: Torkoal|Torkoal, L50, F|100\/100\n|-weather|SunnyDay|[from] ability: Drought|[of] p2a: Torkoal\n|turn|6\n|\n|t:|1731451086\n|switch|p1b: Rillaboom|Rillaboom, L50, F|64\/100\n|-fieldstart|move: Grassy Terrain|[from] ability: Grassy Surge|[of] p1b: Rillaboom\n|move|p1a: Basculegion|Aqua Jet|p2a: Torkoal\n|-supereffective|p2a: Torkoal\n|-damage|p2a: Torkoal|79\/100\n|move|p2a: Torkoal|Eruption|p1b: Rillaboom|[spread] p1a,p1b\n|-resisted|p1a: Basculegion\n|-supereffective|p1b: Rillaboom\n|-damage|p1a: Basculegion|72\/100\n|-damage|p1b: Rillaboom|0 fnt\n|faint|p1b: Rillaboom\n|move|p2b: Porygon2|Trick Room|p2b: Porygon2\n|-fieldstart|move: Trick Room|[of] p2b: Porygon2\n|\n|-weather|SunnyDay|[upkeep]\n|-heal|p2a: Torkoal|84\/100|[from] Grassy Terrain\n|-heal|p1a: Basculegion|79\/100|[from] Grassy Terrain\n|upkeep\n|\n|t:|1731451089\n|switch|p1b: Pelipper|Pelipper, L50, F|26\/100\n|-weather|RainDance|[from] ability: Drizzle|[of] p1b: Pelipper\n|turn|7\n|inactive|redgannetVGC has 30 seconds left.\n|\n|t:|1731451119\n|move|p1b: Pelipper|Protect|p1b: Pelipper\n|-singleturn|p1b: Pelipper|Protect\n|move|p1a: Basculegion|Aqua Jet|p2a: Torkoal\n|-supereffective|p2a: Torkoal\n|-damage|p2a: Torkoal|18\/100\n|move|p2a: Torkoal|Overheat|p1a: Basculegion|[miss]\n|-miss|p2a: Torkoal|p1a: Basculegion\n|move|p2b: Porygon2|Ice Beam|p1b: Pelipper\n|-activate|p1b: Pelipper|move: Protect\n|\n|-weather|RainDance|[upkeep]\n|-heal|p2a: Torkoal|24\/100|[from] Grassy Terrain\n|-heal|p1a: Basculegion|85\/100|[from] Grassy Terrain\n|upkeep\n|turn|8\n|\n|t:|1731451134\n|move|p1b: Pelipper|Protect||[still]\n|-fail|p1b: Pelipper\n|move|p1a: Basculegion|Aqua Jet|p2a: Torkoal\n|-supereffective|p2a: Torkoal\n|-damage|p2a: Torkoal|0 fnt\n|faint|p2a: Torkoal\n|move|p2b: Porygon2|Ice Beam|p1b: Pelipper\n|-damage|p1b: Pelipper|0 fnt\n|faint|p1b: Pelipper\n|\n|-weather|RainDance|[upkeep]\n|-heal|p1a: Basculegion|91\/100|[from] Grassy Terrain\n|upkeep\n|turn|9\n|\n|t:|1731451148\n|move|p1a: Basculegion|Aqua Jet|p2b: Porygon2\n|-damage|p2b: Porygon2|72\/100\n|move|p2b: Porygon2|Recover|p2b: Porygon2\n|-heal|p2b: Porygon2|100\/100\n|\n|-weather|RainDance|[upkeep]\n|-heal|p1a: Basculegion|97\/100|[from] Grassy Terrain\n|upkeep\n|turn|10\n|\n|t:|1731451162\n|move|p1a: Basculegion|Aqua Jet|p2b: Porygon2\n|-damage|p2b: Porygon2|69\/100\n|move|p2b: Porygon2|Ice Beam|p1a: Basculegion\n|-resisted|p1a: Basculegion\n|-damage|p1a: Basculegion|74\/100\n|\n|-weather|RainDance|[upkeep]\n|-heal|p2b: Porygon2|75\/100|[from] Grassy Terrain\n|-heal|p1a: Basculegion|81\/100|[from] Grassy Terrain\n|-fieldend|move: Trick Room\n|-fieldend|move: Grassy Terrain\n|upkeep\n|turn|11\n|\n|t:|1731451175\n|move|p1a: Basculegion|Aqua Jet|p2b: Porygon2\n|-damage|p2b: Porygon2|45\/100\n|move|p2b: Porygon2|Recover|p2b: Porygon2\n|-heal|p2b: Porygon2|95\/100\n|\n|-weather|none\n|upkeep\n|turn|12\n|\n|t:|1731451184\n|move|p1a: Basculegion|Aqua Jet|p2b: Porygon2\n|-damage|p2b: Porygon2|74\/100\n|move|p2b: Porygon2|Ice Beam|p1a: Basculegion\n|-resisted|p1a: Basculegion\n|-damage|p1a: Basculegion|58\/100\n|\n|upkeep\n|turn|13\n|\n|t:|1731451192\n|move|p1a: Basculegion|Aqua Jet|p2b: Porygon2\n|-damage|p2b: Porygon2|56\/100\n|move|p2b: Porygon2|Ice Beam|p1a: Basculegion\n|-resisted|p1a: Basculegion\n|-damage|p1a: Basculegion|35\/100\n|\n|upkeep\n|turn|14\n|-message|vgclth souly forfeited.\n|\n|win|redgannetVGC\n|raw|vgclth souly's rating: 1816 &rarr; <strong>1791<\/strong><br \/>(-25 for losing)\n|raw|redgannetVGC's rating: 1720 &rarr; <strong>1745<\/strong><br \/>(+25 for winning)\n|l|\u2606vgclth souly\n|player|p1|\n|j|\u2606vgclth souly\n|player|p1|vgclth souly|#smogonxnpa2024draftee|\n|l|\u2606vgclth souly\n|player|p1|\n","uploadtime":1731451347,"views":40,"formatid":"gen9vgc2024regh","rating":1745,"private":0,"password":null}