{"id":"gen9vgc2024regh-2242720690","format":"[Gen 9] VGC 2024 Reg H","players":["daniiivgc","stbai"],"log":"|j|\u203ddaniiivgc\n|j|\u2606stbai\n|t:|1731455751\n|gametype|doubles\n|player|p1|daniiivgc|gambler|1704\n|player|p2|stbai|janitor|1720\n|teamsize|p1|6\n|teamsize|p2|6\n|gen|9\n|tier|[Gen 9] VGC 2024 Reg H\n|rated|\n|rule|Species Clause: Limit one of each Pok\u00e9mon\n|rule|Item Clause: Limit 1 of each item\n|clearpoke\n|poke|p1|Quaquaval, L50, M|\n|poke|p1|Amoonguss, L50, M|\n|poke|p1|Kingambit, L50, F|\n|poke|p1|Maushold, L50|\n|poke|p1|Archaludon, L50, F|\n|poke|p1|Pelipper, L50, M|\n|poke|p2|Tatsugiri, L50, F|\n|poke|p2|Smeargle, L50, M|\n|poke|p2|Pelipper, L50, F|\n|poke|p2|Archaludon, L50, M|\n|poke|p2|Ursaluna-Bloodmoon, L50, M|\n|poke|p2|Dondozo, L50, M|\n|teampreview|4\n|inactive|Battle timer is ON: inactive players will automatically lose when time's up. (requested by stbai)\n|\n|t:|1731455763\n|start\n|switch|p1a: Pelipper|Pelipper, L50, M|100\/100\n|switch|p1b: Archaludon|Archaludon, L50, F|100\/100\n|switch|p2a: Pelipper|Pelipper, L50, F|100\/100\n|switch|p2b: Tatsugiri|Tatsugiri, L50, F|100\/100\n|-weather|RainDance|[from] ability: Drizzle|[of] p1a: Pelipper\n|turn|1\n|\n|t:|1731455771\n|-terastallize|p2a: Pelipper|Grass\n|move|p1a: Pelipper|Icy Wind|p2b: Tatsugiri|[spread] p2a,p2b\n|-supereffective|p2a: Pelipper\n|-damage|p2a: Pelipper|72\/100\n|-damage|p2b: Tatsugiri|86\/100\n|-unboost|p2b: Tatsugiri|spe|1\n|move|p1b: Archaludon|Electro Shot||[still]\n|-prepare|p1b: Archaludon|Electro Shot\n|-boost|p1b: Archaludon|spa|1\n|-anim|p1b: Archaludon|Electro Shot|p2b: Tatsugiri\n|-damage|p2b: Tatsugiri|0 fnt\n|faint|p2b: Tatsugiri\n|move|p2a: Pelipper|Tailwind|p2a: Pelipper\n|-sidestart|p2: stbai|move: Tailwind\n|\n|-weather|RainDance|[upkeep]\n|upkeep\n|\n|t:|1731455783\n|switch|p2b: Archaludon|Archaludon, L50, M|100\/100\n|turn|2\n|\n|t:|1731455797\n|switch|p1a: Amoonguss|Amoonguss, L50, M|100\/100\n|move|p2b: Archaludon|Electro Shot||[still]\n|-prepare|p2b: Archaludon|Electro Shot\n|-boost|p2b: Archaludon|spa|1\n|-anim|p2b: Archaludon|Electro Shot|p1a: Amoonguss\n|-resisted|p1a: Amoonguss\n|-damage|p1a: Amoonguss|68\/100\n|move|p2a: Pelipper|Hurricane|p1a: Amoonguss\n|-supereffective|p1a: Amoonguss\n|-damage|p1a: Amoonguss|0 fnt\n|faint|p1a: Amoonguss\n|move|p1b: Archaludon|Electro Shot||[still]\n|-prepare|p1b: Archaludon|Electro Shot\n|-boost|p1b: Archaludon|spa|1\n|-anim|p1b: Archaludon|Electro Shot|p2a: Pelipper\n|-resisted|p2a: Pelipper\n|-damage|p2a: Pelipper|5\/100\n|\n|-weather|RainDance|[upkeep]\n|upkeep\n|\n|t:|1731455816\n|switch|p1a: Pelipper|Pelipper, L50, M|100\/100\n|turn|3\n|\n|t:|1731455835\n|-terastallize|p1a: Pelipper|Grass\n|move|p2b: Archaludon|Electro Shot||[still]\n|-prepare|p2b: Archaludon|Electro Shot\n|-boost|p2b: Archaludon|spa|1\n|-anim|p2b: Archaludon|Electro Shot|p1a: Pelipper\n|-resisted|p1a: Pelipper\n|-damage|p1a: Pelipper|18\/100\n|move|p2a: Pelipper|Hurricane|p1b: Archaludon\n|-resisted|p1b: Archaludon\n|-damage|p1b: Archaludon|74\/100\n|-start|p1b: Archaludon|confusion\n|move|p1a: Pelipper|Icy Wind|p2a: Pelipper|[spread] p2b\n|-miss|p1a: Pelipper|p2a: Pelipper\n|-damage|p2b: Archaludon|86\/100\n|-unboost|p2b: Archaludon|spe|1\n|-ability|p2b: Archaludon|Stamina|boost\n|-boost|p2b: Archaludon|def|1\n|-activate|p1b: Archaludon|confusion\n|-damage|p1b: Archaludon|67\/100|[from] confusion\n|\n|-weather|RainDance|[upkeep]\n|upkeep\n|turn|4\n|\n|t:|1731455855\n|-end|p1b: Archaludon|confusion\n|move|p1b: Archaludon|Protect|p1b: Archaludon\n|-singleturn|p1b: Archaludon|Protect\n|move|p1a: Pelipper|Icy Wind|p2b: Archaludon|[spread] p2a,p2b\n|-supereffective|p2a: Pelipper\n|-crit|p2a: Pelipper\n|-damage|p2a: Pelipper|0 fnt\n|-damage|p2b: Archaludon|72\/100\n|-unboost|p2b: Archaludon|spe|1\n|-ability|p2b: Archaludon|Stamina|boost\n|-boost|p2b: Archaludon|def|1\n|faint|p2a: Pelipper\n|move|p2b: Archaludon|Body Press|p1b: Archaludon\n|-activate|p1b: Archaludon|move: Protect\n|\n|-weather|RainDance|[upkeep]\n|-sideend|p2: stbai|move: Tailwind\n|upkeep\n|\n|t:|1731455859\n|switch|p2a: Ursaluna|Ursaluna-Bloodmoon, L50, M|100\/100\n|turn|5\n|\n|t:|1731455872\n|move|p1a: Pelipper|Icy Wind|p2a: Ursaluna|[spread] p2a,p2b\n|-supereffective|p2a: Ursaluna\n|-damage|p2a: Ursaluna|73\/100\n|-damage|p2b: Archaludon|55\/100\n|-unboost|p2a: Ursaluna|spe|1\n|-unboost|p2b: Archaludon|spe|1\n|-ability|p2b: Archaludon|Stamina|boost\n|-boost|p2b: Archaludon|def|1\n|move|p1b: Archaludon|Aura Sphere|p2b: Archaludon\n|-supereffective|p2b: Archaludon\n|-damage|p2b: Archaludon|0 fnt\n|faint|p2b: Archaludon\n|move|p2a: Ursaluna|Earth Power|p1b: Archaludon\n|-supereffective|p1b: Archaludon\n|-damage|p1b: Archaludon|0 fnt\n|faint|p1b: Archaludon\n|\n|-weather|none\n|upkeep\n|\n|t:|1731455886\n|switch|p1b: Quaquaval|Quaquaval, L50, M|100\/100\n|turn|6\n|\n|t:|1731455891\n|move|p1a: Pelipper|Icy Wind|p2a: Ursaluna\n|-supereffective|p2a: Ursaluna\n|-damage|p2a: Ursaluna|38\/100\n|-unboost|p2a: Ursaluna|spe|1\n|move|p1b: Quaquaval|Aqua Step|p2a: Ursaluna\n|-supereffective|p2a: Ursaluna\n|-damage|p2a: Ursaluna|0 fnt\n|-boost|p1b: Quaquaval|spe|1\n|faint|p2a: Ursaluna\n|\n|win|daniiivgc\n|raw|daniiivgc's rating: 1704 &rarr; <strong>1725<\/strong><br \/>(+21 for winning)\n|raw|stbai's rating: 1720 &rarr; <strong>1699<\/strong><br \/>(-21 for losing)\n|l|\u2606stbai\n|player|p2|\n|l|\u203ddaniiivgc\n|player|p1|\n","uploadtime":1731456058,"views":38,"formatid":"gen9vgc2024regh","rating":1699,"private":0,"password":null}