{"id":"gen9vgc2024regh-2242771642","format":"[Gen 9] VGC 2024 Reg H","players":["VGCLTH Slow","BolognaTHE"],"log":"|raw|<div class=\"broadcast-blue\"><strong>This battle is required to be public due to a player having a name starting with 'vgclth'.<\/div>\n|j|\u2606VGCLTH Slow\n|j|\u2606BolognaTHE\n|t:|1731462014\n|gametype|doubles\n|player|p1|VGCLTH Slow|skier|1709\n|player|p2|BolognaTHE|266|1649\n|teamsize|p1|6\n|teamsize|p2|6\n|gen|9\n|tier|[Gen 9] VGC 2024 Reg H\n|rated|\n|rule|Species Clause: Limit one of each Pok\u00e9mon\n|rule|Item Clause: Limit 1 of each item\n|clearpoke\n|poke|p1|Sableye, L50, F|\n|poke|p1|Sylveon, L50, M|\n|poke|p1|Archaludon, L50, M|\n|poke|p1|Volcarona, L50, F|\n|poke|p1|Rillaboom, L50, F|\n|poke|p1|Tauros-Paldea-Aqua, L50, M|\n|poke|p2|Kommo-o, L50, F|\n|poke|p2|Magmar, L50, F|\n|poke|p2|Rillaboom, L50, F|\n|poke|p2|Kingambit, L50, F|\n|poke|p2|Ninetales-Alola, L50, F|\n|poke|p2|Basculegion, L50, M|\n|teampreview|4\nVGCLTH Slow has agreed to open team sheets.\nBolognaTHE has agreed to open team sheets.\n|inactive|Battle timer is ON: inactive players will automatically lose when time's up. (requested by BolognaTHE)\n|\n|t:|1731462054\n|start\n|switch|p1a: Bullshifu|Tauros-Paldea-Aqua, L50, M, shiny|100\/100\n|switch|p1b: Old Yeller|Sylveon, L50, M|100\/100\n|switch|p2a: Kommo-o|Kommo-o, L50, F, shiny|100\/100\n|switch|p2b: Rillaboom|Rillaboom, L50, F, shiny|100\/100\n|-ability|p1a: Bullshifu|Intimidate|boost\n|-unboost|p2a: Kommo-o|atk|1\n|-unboost|p2b: Rillaboom|atk|1\n|-fieldstart|move: Grassy Terrain|[from] ability: Grassy Surge|[of] p2b: Rillaboom\n|turn|1\n|\n|t:|1731462070\n|move|p2b: Rillaboom|Fake Out|p1a: Bullshifu\n|-damage|p1a: Bullshifu|89\/100\n|cant|p1a: Bullshifu|flinch\n|move|p2a: Kommo-o|Clangorous Soul|p2a: Kommo-o\n|-boost|p2a: Kommo-o|atk|1\n|-boost|p2a: Kommo-o|def|1\n|-boost|p2a: Kommo-o|spa|1\n|-boost|p2a: Kommo-o|spd|1\n|-boost|p2a: Kommo-o|spe|1\n|-enditem|p1a: Bullshifu|Mirror Herb\n|-boost|p1a: Bullshifu|atk|1|[from] item: Mirror Herb\n|-boost|p1a: Bullshifu|def|1|[from] item: Mirror Herb\n|-boost|p1a: Bullshifu|spa|1|[from] item: Mirror Herb\n|-boost|p1a: Bullshifu|spd|1|[from] item: Mirror Herb\n|-boost|p1a: Bullshifu|spe|1|[from] item: Mirror Herb\n|-damage|p2a: Kommo-o|68\/100\n|-enditem|p2a: Kommo-o|Throat Spray\n|-boost|p2a: Kommo-o|spa|1|[from] item: Throat Spray\n|move|p1b: Old Yeller|Hyper Voice|p2a: Kommo-o|[spread] p2b\n|-immune|p2a: Kommo-o|[from] ability: Soundproof\n|-damage|p2b: Rillaboom|68\/100\n|-enditem|p1b: Old Yeller|Throat Spray\n|-boost|p1b: Old Yeller|spa|1|[from] item: Throat Spray\n|\n|-heal|p1a: Bullshifu|95\/100|[from] Grassy Terrain\n|-heal|p2a: Kommo-o|74\/100|[from] Grassy Terrain\n|-heal|p2b: Rillaboom|74\/100|[from] Grassy Terrain\n|upkeep\n|turn|2\n|\n|t:|1731462085\n|-terastallize|p1a: Bullshifu|Steel\n|move|p1a: Bullshifu|Wave Crash|p2a: Kommo-o\n|-resisted|p2a: Kommo-o\n|-damage|p2a: Kommo-o|46\/100\n|-damage|p1a: Bullshifu|85\/100|[from] Recoil\n|move|p2a: Kommo-o|Clanging Scales|p1b: Old Yeller|[spread] p1a\n|-immune|p1b: Old Yeller\n|-resisted|p1a: Bullshifu\n|-damage|p1a: Bullshifu|44\/100\n|-unboost|p2a: Kommo-o|def|1\n|move|p2b: Rillaboom|Wood Hammer|p1a: Bullshifu\n|-resisted|p1a: Bullshifu\n|-damage|p1a: Bullshifu|22\/100\n|-damage|p2b: Rillaboom|69\/100|[from] Recoil\n|move|p1b: Old Yeller|Hyper Voice|p2a: Kommo-o|[spread] p2b\n|-immune|p2a: Kommo-o|[from] ability: Soundproof\n|-damage|p2b: Rillaboom|22\/100\n|\n|-heal|p1a: Bullshifu|28\/100|[from] Grassy Terrain\n|-heal|p2a: Kommo-o|52\/100|[from] Grassy Terrain\n|-heal|p2b: Rillaboom|28\/100|[from] Grassy Terrain\n|upkeep\n|turn|3\n|\n|t:|1731462098\n|switch|p2b: Magmar|Magmar, L50, F, shiny|100\/100\n|move|p1a: Bullshifu|Protect|p1a: Bullshifu\n|-singleturn|p1a: Bullshifu|Protect\n|move|p2a: Kommo-o|Flamethrower|p1a: Bullshifu\n|-activate|p1a: Bullshifu|move: Protect\n|move|p1b: Old Yeller|Tera Blast|p2a: Kommo-o\n|-supereffective|p2a: Kommo-o\n|-damage|p2a: Kommo-o|0 fnt\n|faint|p2a: Kommo-o\n|\n|-heal|p1a: Bullshifu|34\/100|[from] Grassy Terrain\n|upkeep\n|\n|t:|1731462109\n|switch|p2a: Basculegion|Basculegion, L50, M, shiny|100\/100\n|turn|4\n|\n|t:|1731462118\n|-terastallize|p2a: Basculegion|Water\n|move|p1a: Bullshifu|Aqua Jet|p2b: Magmar\n|-supereffective|p2b: Magmar\n|-damage|p2b: Magmar|51\/100\n|move|p2a: Basculegion|Wave Crash|p1b: Old Yeller\n|-damage|p1b: Old Yeller|0 fnt\n|faint|p1b: Old Yeller\n|-damage|p2a: Basculegion|68\/100|[from] Recoil\n|move|p2b: Magmar|Heat Wave|p1a: Bullshifu\n|-supereffective|p1a: Bullshifu\n|-damage|p1a: Bullshifu|0 fnt\n|faint|p1a: Bullshifu\n|\n|-heal|p2a: Basculegion|74\/100|[from] Grassy Terrain\n|-heal|p2b: Magmar|57\/100|[from] Grassy Terrain\n|upkeep\n|\n|t:|1731462122\n|switch|p1a: Snowblind|Sableye, L50, F|100\/100\n|switch|p1b: Forklift Certified|Archaludon, L50, M, shiny|100\/100\n|turn|5\n|\n|t:|1731462139\n|switch|p2a: Rillaboom|Rillaboom, L50, F, shiny|28\/100\n|move|p1a: Snowblind|Disable||[still]\n|-fail|p1a: Snowblind\n|move|p2b: Magmar|Heat Wave|p1b: Forklift Certified|[spread] p1a,p1b\n|-damage|p1a: Snowblind|70\/100\n|-damage|p1b: Forklift Certified|66\/100\n|move|p1b: Forklift Certified|Electro Shot||[still]\n|-prepare|p1b: Forklift Certified|Electro Shot\n|-boost|p1b: Forklift Certified|spa|1\n|-enditem|p1b: Forklift Certified|Power Herb\n|-anim|p1b: Forklift Certified|Electro Shot|p2a: Rillaboom\n|-resisted|p2a: Rillaboom\n|-damage|p2a: Rillaboom|5\/100\n|\n|-heal|p2b: Magmar|63\/100|[from] Grassy Terrain\n|-heal|p2a: Rillaboom|11\/100|[from] Grassy Terrain\n|-heal|p1b: Forklift Certified|73\/100|[from] Grassy Terrain\n|-heal|p1a: Snowblind|75\/100|[from] Grassy Terrain\n|-fieldend|move: Grassy Terrain\n|upkeep\n|turn|6\n|\n|t:|1731462155\n|move|p1b: Forklift Certified|Protect|p1b: Forklift Certified\n|-singleturn|p1b: Forklift Certified|Protect\n|move|p1a: Snowblind|Disable|p2b: Magmar\n|-start|p2b: Magmar|Disable|Heat Wave\n|cant|p2b: Magmar|Disable|Heat Wave\n|move|p2a: Rillaboom|U-turn|p1a: Snowblind\n|-damage|p1a: Snowblind|48\/100\n|-enditem|p1a: Snowblind|Sitrus Berry|[eat]\n|-heal|p1a: Snowblind|73\/100|[from] item: Sitrus Berry\n|\n|t:|1731462159\n|switch|p2a: Basculegion|Basculegion, L50, M, shiny, tera:Water|74\/100|[from] U-turn\n|\n|upkeep\n|turn|7\n|\n|t:|1731462167\n|move|p2b: Magmar|Follow Me|p2b: Magmar\n|-singleturn|p2b: Magmar|move: Follow Me\n|move|p1a: Snowblind|Will-O-Wisp|p2b: Magmar\n|-immune|p2b: Magmar\n|move|p2a: Basculegion|Wave Crash|p1a: Snowblind\n|-damage|p1a: Snowblind|0 fnt\n|faint|p1a: Snowblind\n|-damage|p2a: Basculegion|55\/100|[from] Recoil\n|move|p1b: Forklift Certified|Dragon Pulse|p2a: Basculegion\n|-damage|p2a: Basculegion|0 fnt\n|faint|p2a: Basculegion\n|\n|upkeep\n|j| kyotgst\n|\n|t:|1731462171\n|switch|p2a: Rillaboom|Rillaboom, L50, F, shiny|11\/100\n|-fieldstart|move: Grassy Terrain|[from] ability: Grassy Surge|[of] p2a: Rillaboom\n|turn|8\n|\n|t:|1731462174\n|move|p1b: Forklift Certified|Protect|p1b: Forklift Certified\n|-singleturn|p1b: Forklift Certified|Protect\n|move|p2a: Rillaboom|Fake Out|p1b: Forklift Certified\n|-activate|p1b: Forklift Certified|move: Protect\n|move|p2b: Magmar|Will-O-Wisp|p1b: Forklift Certified\n|-activate|p1b: Forklift Certified|move: Protect\n|\n|-heal|p2b: Magmar|69\/100|[from] Grassy Terrain\n|-heal|p2a: Rillaboom|17\/100|[from] Grassy Terrain\n|-heal|p1b: Forklift Certified|79\/100|[from] Grassy Terrain\n|upkeep\n|turn|9\n|\n|t:|1731462182\n|move|p2b: Magmar|Will-O-Wisp|p1b: Forklift Certified\n|-status|p1b: Forklift Certified|brn\n|move|p2a: Rillaboom|Wood Hammer|p1b: Forklift Certified\n|-resisted|p1b: Forklift Certified\n|-damage|p1b: Forklift Certified|64\/100 brn\n|-damage|p2a: Rillaboom|13\/100|[from] Recoil\n|move|p1b: Forklift Certified|Dragon Pulse|p2a: Rillaboom\n|-damage|p2a: Rillaboom|0 fnt\n|faint|p2a: Rillaboom\n|\n|-heal|p2b: Magmar|75\/100|[from] Grassy Terrain\n|-heal|p1b: Forklift Certified|71\/100 brn|[from] Grassy Terrain\n|-damage|p1b: Forklift Certified|64\/100 brn|[from] brn\n|-end|p2b: Magmar|Disable\n|upkeep\n|turn|10\n|\n|t:|1731462187\n|move|p2b: Magmar|Protect|p2b: Magmar\n|-singleturn|p2b: Magmar|Protect\n|move|p1b: Forklift Certified|Dragon Pulse|p2b: Magmar\n|-activate|p2b: Magmar|move: Protect\n|\n|-heal|p2b: Magmar|80\/100|[from] Grassy Terrain\n|-heal|p1b: Forklift Certified|71\/100 brn|[from] Grassy Terrain\n|-damage|p1b: Forklift Certified|64\/100 brn|[from] brn\n|upkeep\n|turn|11\n|\n|t:|1731462189\n|move|p2b: Magmar|Heat Wave|p1b: Forklift Certified\n|-damage|p1b: Forklift Certified|26\/100 brn\n|move|p1b: Forklift Certified|Dragon Pulse|p2b: Magmar\n|-damage|p2b: Magmar|33\/100\n|\n|-heal|p2b: Magmar|39\/100|[from] Grassy Terrain\n|-heal|p1b: Forklift Certified|32\/100 brn|[from] Grassy Terrain\n|-damage|p1b: Forklift Certified|26\/100 brn|[from] brn\n|upkeep\n|turn|12\n|\n|t:|1731462193\n|move|p2b: Magmar|Protect|p2b: Magmar\n|-singleturn|p2b: Magmar|Protect\n|move|p1b: Forklift Certified|Dragon Pulse|p2b: Magmar\n|-activate|p2b: Magmar|move: Protect\n|\n|-heal|p2b: Magmar|45\/100|[from] Grassy Terrain\n|-heal|p1b: Forklift Certified|32\/100 brn|[from] Grassy Terrain\n|-damage|p1b: Forklift Certified|26\/100 brn|[from] brn\n|-fieldend|move: Grassy Terrain\n|upkeep\n|turn|13\n|\n|t:|1731462196\n|move|p2b: Magmar|Heat Wave|p1b: Forklift Certified\n|-damage|p1b: Forklift Certified|0 fnt\n|faint|p1b: Forklift Certified\n|\n|win|BolognaTHE\n|raw|VGCLTH Slow's rating: 1709 &rarr; <strong>1686<\/strong><br \/>(-23 for losing)\n|raw|BolognaTHE's rating: 1649 &rarr; <strong>1672<\/strong><br \/>(+23 for winning)\n|l|\u2606BolognaTHE\n|player|p2|\n|l|\u2606VGCLTH Slow\n|player|p1|\n|l| kyotgst\n","uploadtime":1731462201,"views":41,"formatid":"gen9vgc2024regh","rating":1672,"private":0,"password":null}