{"id":"gen9vgc2024regh-2242684868","format":"[Gen 9] VGC 2024 Reg H","players":["orioridance","vgclth souly"],"log":"|raw|<div class=\"broadcast-blue\"><strong>This battle is required to be public due to a player having a name starting with 'vgclth'.<\/div>\n|j|\u2606orioridance\n|j|\u2606vgclth souly\n|t:|1731451509\n|gametype|doubles\n|player|p1|orioridance|101|1756\n|player|p2|vgclth souly|#smogonxnpa2024draftee|1747\n|teamsize|p1|6\n|teamsize|p2|6\n|gen|9\n|tier|[Gen 9] VGC 2024 Reg H\n|rated|\n|rule|Species Clause: Limit one of each Pok\u00e9mon\n|rule|Item Clause: Limit 1 of each item\n|clearpoke\n|poke|p1|Dondozo, L50, M|\n|poke|p1|Tatsugiri, L50, M|\n|poke|p1|Pelipper, L50, M|\n|poke|p1|Archaludon, L50, M|\n|poke|p1|Basculegion, L50, M|\n|poke|p1|Meowscarada, L50, F|\n|poke|p2|Archaludon, L50, M|\n|poke|p2|Pelipper, L50, M|\n|poke|p2|Electabuzz, L50, F|\n|poke|p2|Kingambit, L50, F|\n|poke|p2|Rillaboom, L50, M|\n|poke|p2|Basculegion, L50, M|\n|teampreview|4\n|inactive|Battle timer is ON: inactive players will automatically lose when time's up. (requested by orioridance)\n|\n|t:|1731451536\n|start\n|switch|p1a: Pelipper|Pelipper, L50, M|100\/100\n|switch|p1b: Basculegion|Basculegion, L50, M|100\/100\n|switch|p2a: Kingambit|Kingambit, L50, F|100\/100\n|switch|p2b: Electabuzz|Electabuzz, L50, F|100\/100\n|-weather|RainDance|[from] ability: Drizzle|[of] p1a: Pelipper\n|turn|1\n|\n|t:|1731451546\n|-terastallize|p1b: Basculegion|Water\n|-terastallize|p2a: Kingambit|Dark\n|move|p2b: Electabuzz|Helping Hand|p2a: Kingambit\n|-singleturn|p2a: Kingambit|Helping Hand|[of] p2b: Electabuzz\n|move|p2a: Kingambit|Sucker Punch|p1b: Basculegion\n|-damage|p1b: Basculegion|0 fnt\n|faint|p1b: Basculegion\n|move|p1a: Pelipper|Weather Ball|p2a: Kingambit\n|-damage|p2a: Kingambit|44\/100\n|\n|-weather|RainDance|[upkeep]\n|upkeep\n|\n|t:|1731451554\n|switch|p1b: Meowscarada|Meowscarada, L50, F|100\/100\n|turn|2\n|\n|t:|1731451564\n|move|p2b: Electabuzz|Follow Me|p2b: Electabuzz\n|-singleturn|p2b: Electabuzz|move: Follow Me\n|move|p1b: Meowscarada|Knock Off|p2b: Electabuzz\n|-damage|p2b: Electabuzz|67\/100\n|-enditem|p2b: Electabuzz|Eviolite|[from] move: Knock Off|[of] p1b: Meowscarada\n|move|p1a: Pelipper|Weather Ball|p2b: Electabuzz\n|-damage|p2b: Electabuzz|0 fnt\n|faint|p2b: Electabuzz\n|move|p2a: Kingambit|Kowtow Cleave|p1b: Meowscarada\n|-resisted|p1b: Meowscarada\n|-damage|p1b: Meowscarada|42\/100\n|\n|-weather|RainDance|[upkeep]\n|upkeep\n|\n|t:|1731451575\n|switch|p2b: Pelipper|Pelipper, L50, M|100\/100\n|turn|3\n|j| averno di mundi\n|inactive|orioridance has 30 seconds left.\n|\n|t:|1731451603\n|move|p1a: Pelipper|Protect|p1a: Pelipper\n|-singleturn|p1a: Pelipper|Protect\n|move|p2a: Kingambit|Sucker Punch|p1b: Meowscarada\n|-resisted|p1b: Meowscarada\n|-damage|p1b: Meowscarada|0 fnt\n|faint|p1b: Meowscarada\n|move|p2b: Pelipper|Tailwind|p2b: Pelipper\n|-sidestart|p2: vgclth souly|move: Tailwind\n|\n|-weather|RainDance|[upkeep]\n|upkeep\n|\n|t:|1731451609\n|switch|p1b: Archaludon|Archaludon, L50, M|100\/100\n|turn|4\n|\n|t:|1731451621\n|move|p2b: Pelipper|Hurricane|p1a: Pelipper\n|-damage|p1a: Pelipper|24\/100\n|move|p2a: Kingambit|Kowtow Cleave|p1a: Pelipper\n|-damage|p1a: Pelipper|0 fnt\n|faint|p1a: Pelipper\n|move|p1b: Archaludon|Electro Shot||[still]\n|-prepare|p1b: Archaludon|Electro Shot\n|-boost|p1b: Archaludon|spa|1\n|-anim|p1b: Archaludon|Electro Shot|p2b: Pelipper\n|-supereffective|p2b: Pelipper\n|-enditem|p2b: Pelipper|Focus Sash\n|-damage|p2b: Pelipper|1\/100\n|\n|-weather|RainDance|[upkeep]\n|upkeep\n|turn|5\n|\n|t:|1731451629\n|move|p1b: Archaludon|Protect|p1b: Archaludon\n|-singleturn|p1b: Archaludon|Protect\n|move|p2a: Kingambit|Sucker Punch||[still]\n|-fail|p2a: Kingambit\n|move|p2b: Pelipper|Weather Ball|p1b: Archaludon\n|-activate|p1b: Archaludon|move: Protect\n|\n|-weather|RainDance|[upkeep]\n|upkeep\n|turn|6\n|\n|t:|1731451647\n|switch|p2b: Basculegion|Basculegion, L50, M|100\/100\n|move|p2a: Kingambit|Sucker Punch|p1b: Archaludon\n|-damage|p1b: Archaludon|44\/100\n|move|p1b: Archaludon|Electro Shot||[still]\n|-prepare|p1b: Archaludon|Electro Shot\n|-boost|p1b: Archaludon|spa|1\n|-anim|p1b: Archaludon|Electro Shot|p2a: Kingambit\n|-damage|p2a: Kingambit|0 fnt\n|faint|p2a: Kingambit\n|\n|-weather|RainDance|[upkeep]\n|-sideend|p2: vgclth souly|move: Tailwind\n|upkeep\n|\n|t:|1731451658\n|switch|p2a: Pelipper|Pelipper, L50, M|1\/100\n|turn|7\n|\n|t:|1731451665\n|move|p1b: Archaludon|Protect|p1b: Archaludon\n|-singleturn|p1b: Archaludon|Protect\n|move|p2b: Basculegion|Last Respects|p1b: Archaludon\n|-activate|p1b: Archaludon|move: Protect\n|move|p2a: Pelipper|Tailwind|p2a: Pelipper\n|-sidestart|p2: vgclth souly|move: Tailwind\n|\n|-weather|RainDance|[upkeep]\n|upkeep\n|turn|8\n|\n|t:|1731451671\n|move|p1b: Archaludon|Protect||[still]\n|-fail|p1b: Archaludon\n|move|p2b: Basculegion|Last Respects|p1b: Archaludon\n|-damage|p1b: Archaludon|0 fnt\n|faint|p1b: Archaludon\n|\n|win|vgclth souly\n|raw|orioridance's rating: 1756 &rarr; <strong>1735<\/strong><br \/>(-21 for losing)\n|raw|vgclth souly's rating: 1747 &rarr; <strong>1768<\/strong><br \/>(+21 for winning)\n|l|\u2606orioridance\n|player|p1|\n|l| averno di mundi\n|l|\u2606vgclth souly\n|player|p2|\n","uploadtime":1731451901,"views":48,"formatid":"gen9vgc2024regh","rating":1735,"private":0,"password":null}