{"id":"gen9vgc2024regh-2242031953","format":"[Gen 9] VGC 2024 Reg H","players":["Crocodile Fridge","bgc0"],"log":"|j|\u2606Crocodile Fridge\n|j|\u2606bgc0\n|t:|1731368538\n|gametype|doubles\n|player|p1|Crocodile Fridge|falkner|1694\n|player|p2|bgc0|steven|1718\n|teamsize|p1|6\n|teamsize|p2|6\n|gen|9\n|tier|[Gen 9] VGC 2024 Reg H\n|rated|\n|rule|Species Clause: Limit one of each Pok\u00e9mon\n|rule|Item Clause: Limit 1 of each item\n|clearpoke\n|poke|p1|Skeledirge, L50, F|\n|poke|p1|Maushold, L50|\n|poke|p1|Ninetales-Alola, L50, F|\n|poke|p1|Garchomp, L50, F|\n|poke|p1|Kingambit, L50, M|\n|poke|p1|Rotom-Frost, L50|\n|poke|p2|Espathra, L50, F|\n|poke|p2|Archaludon, L50, M|\n|poke|p2|Incineroar, L50, M|\n|poke|p2|Ninetales-Alola, L50, F|\n|poke|p2|Murkrow, L50, M|\n|poke|p2|Amoonguss, L50, M|\n|teampreview|4\n|inactive|Battle timer is ON: inactive players will automatically lose when time's up. (requested by Crocodile Fridge)\n|\n|t:|1731368566\n|start\n|switch|p1a: Kingambit|Kingambit, L50, M|100\/100\n|switch|p1b: Ninetales|Ninetales-Alola, L50, F|100\/100\n|switch|p2a: Espathra|Espathra, L50, F|100\/100\n|switch|p2b: Archaludon|Archaludon, L50, M, shiny|100\/100\n|-weather|Snow|[from] ability: Snow Warning|[of] p1b: Ninetales\n|turn|1\n|\n|t:|1731368586\n|-terastallize|p2a: Espathra|Fighting\n|move|p1b: Ninetales|Aurora Veil|p1b: Ninetales\n|-sidestart|p1: Crocodile Fridge|move: Aurora Veil\n|move|p2a: Espathra|Tera Blast|p1a: Kingambit|[anim] Tera Blast Fighting\n|-supereffective|p1a: Kingambit\n|-damage|p1a: Kingambit|45\/100\n|move|p2b: Archaludon|Aura Sphere|p1a: Kingambit\n|-supereffective|p1a: Kingambit\n|-damage|p1a: Kingambit|3\/100\n|move|p1a: Kingambit|Low Kick|p2b: Archaludon\n|-supereffective|p2b: Archaludon\n|-damage|p2b: Archaludon|46\/100\n|\n|-weather|Snow|[upkeep]\n|-ability|p2a: Espathra|Speed Boost|boost\n|-boost|p2a: Espathra|spe|1\n|upkeep\n|turn|2\n|inactive|Crocodile Fridge has 30 seconds left.\n|inactive|bgc0 has 30 seconds left.\n|inactive|bgc0 has 20 seconds left.\n|inactive|Crocodile Fridge has 20 seconds left.\n|inactive|bgc0 has 15 seconds left.\n|inactive|Crocodile Fridge has 15 seconds left.\n|inactive|bgc0 has 10 seconds left.\n|\n|t:|1731368633\n|move|p1a: Kingambit|Sucker Punch||[still]\n|-fail|p1a: Kingambit\n|move|p2a: Espathra|Hypnosis|p1b: Ninetales\n|-status|p1b: Ninetales|slp|[from] move: Hypnosis\n|cant|p1b: Ninetales|slp\n|move|p2b: Archaludon|Aura Sphere|p1a: Kingambit\n|-supereffective|p1a: Kingambit\n|-damage|p1a: Kingambit|0 fnt\n|faint|p1a: Kingambit\n|\n|-weather|Snow|[upkeep]\n|-ability|p2a: Espathra|Speed Boost|boost\n|-boost|p2a: Espathra|spe|1\n|upkeep\n|\n|t:|1731368640\n|switch|p1a: Skeledirge|Skeledirge, L50, F|100\/100\n|turn|3\n|\n|t:|1731368652\n|switch|p2b: Incineroar|Incineroar, L50, M|100\/100\n|-ability|p2b: Incineroar|Intimidate|boost\n|-unboost|p1a: Skeledirge|atk|1\n|-unboost|p1b: Ninetales|atk|1\n|move|p2a: Espathra|Lumina Crash|p1b: Ninetales\n|-damage|p1b: Ninetales|76\/100 slp\n|-curestatus|p1b: Ninetales|slp|[msg]\n|move|p1b: Ninetales|Icy Wind|p2b: Incineroar|[spread] p2a,p2b\n|-resisted|p2b: Incineroar\n|-damage|p2a: Espathra|78\/100\n|-damage|p2b: Incineroar|96\/100\n|-unboost|p2a: Espathra|spe|1\n|-unboost|p2b: Incineroar|spe|1\n|move|p1a: Skeledirge|Torch Song|p2a: Espathra\n|-damage|p2a: Espathra|21\/100\n|-boost|p1a: Skeledirge|spa|1\n|-enditem|p1a: Skeledirge|Throat Spray\n|-boost|p1a: Skeledirge|spa|1|[from] item: Throat Spray\n|\n|-weather|Snow|[upkeep]\n|-ability|p2a: Espathra|Speed Boost|boost\n|-boost|p2a: Espathra|spe|1\n|upkeep\n|turn|4\n|inactive|bgc0 has 30 seconds left.\n|j| ziubcg5\n|inactive|bgc0 has 20 seconds left.\n|\n|t:|1731368691\n|move|p1a: Skeledirge|Protect|p1a: Skeledirge\n|-singleturn|p1a: Skeledirge|Protect\n|move|p2a: Espathra|Lumina Crash|p1a: Skeledirge\n|-activate|p1a: Skeledirge|move: Protect\n|move|p1b: Ninetales|Freeze-Dry|p2a: Espathra\n|-damage|p2a: Espathra|0 fnt\n|faint|p2a: Espathra\n|move|p2b: Incineroar|Flare Blitz|p1b: Ninetales\n|-supereffective|p1b: Ninetales\n|-damage|p1b: Ninetales|25\/100\n|-damage|p2b: Incineroar|82\/100|[from] Recoil\n|\n|-weather|Snow|[upkeep]\n|upkeep\n|\n|t:|1731368705\n|switch|p2a: Murkrow|Murkrow, L50, M|100\/100\n|turn|5\n|\n|t:|1731368719\n|switch|p1b: Rotom|Rotom-Frost, L50|100\/100\n|move|p2a: Murkrow|Tailwind|p2a: Murkrow\n|-sidestart|p2: bgc0|move: Tailwind\n|move|p2b: Incineroar|Flare Blitz|p1b: Rotom\n|-supereffective|p1b: Rotom\n|-crit|p1b: Rotom\n|-damage|p1b: Rotom|0 fnt\n|faint|p1b: Rotom\n|-damage|p2b: Incineroar|61\/100|[from] Recoil\n|move|p1a: Skeledirge|Torch Song|p2a: Murkrow\n|-damage|p2a: Murkrow|0 fnt\n|-boost|p1a: Skeledirge|spa|1\n|faint|p2a: Murkrow\n|\n|-weather|none\n|-sideend|p1: Crocodile Fridge|move: Aurora Veil\n|upkeep\n|\n|t:|1731368733\n|switch|p1b: Ninetales|Ninetales-Alola, L50, F|25\/100\n|switch|p2a: Archaludon|Archaludon, L50, M, shiny|46\/100\n|-weather|Snow|[from] ability: Snow Warning|[of] p1b: Ninetales\n|turn|6\n|inactive|bgc0 has 30 seconds left.\n|inactive|Crocodile Fridge has 30 seconds left.\n|inactive|bgc0 has 20 seconds left.\n|inactive|bgc0 has 15 seconds left.\n|inactive|bgc0 has 10 seconds left.\n|\n|t:|1731368782\n|move|p2a: Archaludon|Electro Shot||[still]\n|-prepare|p2a: Archaludon|Electro Shot\n|-boost|p2a: Archaludon|spa|1\n|-enditem|p2a: Archaludon|Power Herb\n|-anim|p2a: Archaludon|Electro Shot|p1b: Ninetales\n|-crit|p1b: Ninetales\n|-damage|p1b: Ninetales|0 fnt\n|faint|p1b: Ninetales\n|move|p2b: Incineroar|Knock Off|p1a: Skeledirge\n|-supereffective|p1a: Skeledirge\n|-damage|p1a: Skeledirge|50\/100\n|move|p1a: Skeledirge|Torch Song|p2a: Archaludon\n|-damage|p2a: Archaludon|0 fnt\n|-boost|p1a: Skeledirge|spa|1\n|faint|p2a: Archaludon\n|\n|-weather|Snow|[upkeep]\n|upkeep\n|turn|7\n|\n|t:|1731368802\n|move|p1a: Skeledirge|Protect|p1a: Skeledirge\n|-singleturn|p1a: Skeledirge|Protect\n|move|p2b: Incineroar|Knock Off|p1a: Skeledirge\n|-activate|p1a: Skeledirge|move: Protect\n|\n|-weather|Snow|[upkeep]\n|upkeep\n|turn|8\n|\n|t:|1731368806\n|-terastallize|p1a: Skeledirge|Dark\n|move|p2b: Incineroar|Knock Off|p1a: Skeledirge\n|-resisted|p1a: Skeledirge\n|-damage|p1a: Skeledirge|38\/100\n|move|p1a: Skeledirge|Torch Song|p2b: Incineroar\n|-resisted|p2b: Incineroar\n|-damage|p2b: Incineroar|10\/100\n|-boost|p1a: Skeledirge|spa|1\n|\n|-weather|Snow|[upkeep]\n|-sideend|p2: bgc0|move: Tailwind\n|upkeep\n|turn|9\n|\n|t:|1731368813\n|move|p1a: Skeledirge|Torch Song|p2b: Incineroar\n|-resisted|p2b: Incineroar\n|-damage|p2b: Incineroar|0 fnt\n|-boost|p1a: Skeledirge|spa|1\n|faint|p2b: Incineroar\n|\n|win|Crocodile Fridge\n|raw|Crocodile Fridge's rating: 1694 &rarr; <strong>1715<\/strong><br \/>(+21 for winning)\n|raw|bgc0's rating: 1718 &rarr; <strong>1697<\/strong><br \/>(-21 for losing)\n|c|\u2606bgc0|Gg\n|c|\u2606Crocodile Fridge|gg\n|c|\u2606bgc0|I like ur team\n|c|\u2606bgc0|matches ur name lol\n|c|\u2606Crocodile Fridge|thank you\n|l|\u2606bgc0\n|player|p2|\n|c|\u2606Crocodile Fridge|I made this alt to ladder with it\n|l|\u2606Crocodile Fridge\n|player|p1|\n|l| ziubcg5\n","uploadtime":1731369046,"views":38,"formatid":"gen9vgc2024regh","rating":1697,"private":0,"password":null}