{"id":"gen9vgc2024regh-2242806772","format":"[Gen 9] VGC 2024 Reg H","players":["VGCLTH Slow","Grade a type b"],"log":"|j|\u2606VGCLTH Slow\n|j|\u2606Grade a type b\n|t:|1731466551\n|gametype|doubles\n|player|p1|VGCLTH Slow|skier|1682\n|player|p2|Grade a type b|101|1769\n|teamsize|p1|6\n|teamsize|p2|6\n|gen|9\n|tier|[Gen 9] VGC 2024 Reg H\n|rated|\n|rule|Species Clause: Limit one of each Pok\u00e9mon\n|rule|Item Clause: Limit 1 of each item\n|clearpoke\n|poke|p1|Sableye, L50, F|\n|poke|p1|Sylveon, L50, M|\n|poke|p1|Archaludon, L50, F|\n|poke|p1|Volcarona, L50, M|\n|poke|p1|Rillaboom, L50, F|\n|poke|p1|Tauros-Paldea-Aqua, L50, M|\n|poke|p2|Whimsicott, L50, F|\n|poke|p2|Tyranitar, L50, F|\n|poke|p2|Ursaluna-Bloodmoon, L50, M|\n|poke|p2|Gholdengo, L50|\n|poke|p2|Dragonite, L50, F|\n|poke|p2|Primarina, L50, F|\n|teampreview|4\n|inactive|Battle timer is ON: inactive players will automatically lose when time's up. (requested by Grade a type b)\nVGCLTH Slow has agreed to open team sheets.\n|\n|t:|1731466582\n|start\n|switch|p1a: Forklift Certified|Archaludon, L50, F, shiny|100\/100\n|switch|p1b: Bullshifu|Tauros-Paldea-Aqua, L50, M, shiny|100\/100\n|switch|p2a: Whimsicott|Whimsicott, L50, F|100\/100\n|switch|p2b: Gholdengo|Gholdengo, L50|100\/100\n|-ability|p1b: Bullshifu|Intimidate|boost\n|-unboost|p2a: Whimsicott|atk|1\n|-unboost|p2b: Gholdengo|atk|1\n|turn|1\n|\n|t:|1731466590\n|switch|p1b: Koko The Gorythmic|Rillaboom, L50, F|100\/100\n|-fieldstart|move: Grassy Terrain|[from] ability: Grassy Surge|[of] p1b: Koko The Gorythmic\n|-terastallize|p1a: Forklift Certified|Electric\n|move|p2a: Whimsicott|Tailwind|p2a: Whimsicott\n|-sidestart|p2: Grade a type b|move: Tailwind\n|move|p2b: Gholdengo|Focus Blast|p1a: Forklift Certified\n|-damage|p1a: Forklift Certified|18\/100\n|move|p1a: Forklift Certified|Electro Shot||[still]\n|-prepare|p1a: Forklift Certified|Electro Shot\n|-boost|p1a: Forklift Certified|spa|1\n|-enditem|p1a: Forklift Certified|Power Herb\n|-anim|p1a: Forklift Certified|Electro Shot|p2b: Gholdengo\n|-damage|p2b: Gholdengo|0 fnt\n|faint|p2b: Gholdengo\n|\n|-heal|p1a: Forklift Certified|24\/100|[from] Grassy Terrain\n|upkeep\n|\n|t:|1731466606\n|switch|p2b: Ursaluna|Ursaluna-Bloodmoon, L50, M|100\/100\n|turn|2\n|\n|t:|1731466613\n|-terastallize|p2b: Ursaluna|Ghost\n|move|p1b: Koko The Gorythmic|Fake Out|p2b: Ursaluna\n|-immune|p2b: Ursaluna\n|move|p2a: Whimsicott|Encore|p1a: Forklift Certified\n|-start|p1a: Forklift Certified|Encore\n|move|p2b: Ursaluna|Blood Moon|p1b: Koko The Gorythmic\n|-damage|p1b: Koko The Gorythmic|24\/100\n|-damage|p2b: Ursaluna|91\/100|[from] item: Life Orb\n|move|p1a: Forklift Certified|Electro Shot||[still]\n|-prepare|p1a: Forklift Certified|Electro Shot\n|-boost|p1a: Forklift Certified|spa|1\n|\n|-heal|p2b: Ursaluna|97\/100|[from] Grassy Terrain\n|-heal|p1b: Koko The Gorythmic|30\/100|[from] Grassy Terrain\n|-heal|p1a: Forklift Certified|30\/100|[from] Grassy Terrain\n|upkeep\n|turn|3\n|\n|t:|1731466627\n|move|p1b: Koko The Gorythmic|Grassy Glide|p2b: Ursaluna\n|-damage|p2b: Ursaluna|65\/100\n|move|p2a: Whimsicott|Moonblast|p1a: Forklift Certified\n|-damage|p1a: Forklift Certified|0 fnt\n|faint|p1a: Forklift Certified\n|move|p2b: Ursaluna|Hyper Voice|p1b: Koko The Gorythmic\n|-damage|p1b: Koko The Gorythmic|0 fnt\n|faint|p1b: Koko The Gorythmic\n|-damage|p2b: Ursaluna|56\/100|[from] item: Life Orb\n|\n|-heal|p2b: Ursaluna|61\/100|[from] Grassy Terrain\n|upkeep\n|\n|t:|1731466629\n|switch|p1b: Old Yeller|Sylveon, L50, M|100\/100\n|switch|p1a: Bullshifu|Tauros-Paldea-Aqua, L50, M, shiny|100\/100\n|-ability|p1a: Bullshifu|Intimidate|boost\n|-unboost|p2a: Whimsicott|atk|1\n|-unboost|p2b: Ursaluna|atk|1\n|turn|4\n|\n|t:|1731466637\n|move|p1a: Bullshifu|Aqua Jet|p2b: Ursaluna\n|-damage|p2b: Ursaluna|47\/100\n|move|p2a: Whimsicott|Moonblast|p1b: Old Yeller\n|-damage|p1b: Old Yeller|80\/100\n|-unboost|p1b: Old Yeller|spa|1\n|move|p2b: Ursaluna|Blood Moon|p1b: Old Yeller\n|-damage|p1b: Old Yeller|0 fnt\n|faint|p1b: Old Yeller\n|-damage|p2b: Ursaluna|38\/100|[from] item: Life Orb\n|\n|-heal|p2b: Ursaluna|43\/100|[from] Grassy Terrain\n|-sideend|p2: Grade a type b|move: Tailwind\n|upkeep\n|turn|5\n|-message|VGCLTH Slow forfeited.\n|\n|win|Grade a type b\n|raw|VGCLTH Slow's rating: 1682 &rarr; <strong>1667<\/strong><br \/>(-15 for losing)\n|raw|Grade a type b's rating: 1769 &rarr; <strong>1784<\/strong><br \/>(+15 for winning)\n","uploadtime":1731466645,"views":43,"formatid":"gen9vgc2024regh","rating":1667,"private":0,"password":null}