{"id":"gen9vgc2024regh-2242697435","format":"[Gen 9] VGC 2024 Reg H","players":["singa0402","vgclth souly"],"log":"|raw|<div class=\"broadcast-blue\"><strong>This battle is required to be public due to a player having a name starting with 'vgclth'.<\/div>\n|j|\u2606singa0402\n|j|\u2606vgclth souly\n|t:|1731452979\n|gametype|doubles\n|player|p1|singa0402|red|1682\n|player|p2|vgclth souly|#smogonxnpa2024draftee|1732\n|teamsize|p1|6\n|teamsize|p2|6\n|gen|9\n|tier|[Gen 9] VGC 2024 Reg H\n|rated|\n|rule|Species Clause: Limit one of each Pok\u00e9mon\n|rule|Item Clause: Limit 1 of each item\n|clearpoke\n|poke|p1|Armarouge, L50, M|\n|poke|p1|Indeedee, L50, M|\n|poke|p1|Slaking, L50, M|\n|poke|p1|Weezing, L50, F|\n|poke|p1|Dondozo, L50, F|\n|poke|p1|Tatsugiri, L50, M|\n|poke|p2|Archaludon, L50, M|\n|poke|p2|Pelipper, L50, M|\n|poke|p2|Electabuzz, L50, M|\n|poke|p2|Kingambit, L50, M|\n|poke|p2|Rillaboom, L50, M|\n|poke|p2|Basculegion, L50, M|\n|teampreview|4\n|inactive|Battle timer is ON: inactive players will automatically lose when time's up. (requested by vgclth souly)\n|\n|t:|1731453008\n|start\n|switch|p1a: Slaking|Slaking, L50, M|100\/100\n|switch|p1b: Weezing|Weezing, L50, F|100\/100\n|switch|p2a: Rillaboom|Rillaboom, L50, M|100\/100\n|switch|p2b: Archaludon|Archaludon, L50, M|100\/100\n|-ability|p1b: Weezing|Neutralizing Gas\n|turn|1\n|\n|t:|1731453024\n|move|p1a: Slaking|Protect|p1a: Slaking\n|-singleturn|p1a: Slaking|Protect\n|move|p2a: Rillaboom|Fake Out|p1b: Weezing\n|-damage|p1b: Weezing|88\/100\n|move|p2b: Archaludon|Electro Shot||[still]\n|-prepare|p2b: Archaludon|Electro Shot\n|-boost|p2b: Archaludon|spa|1\n|cant|p1b: Weezing|flinch\n|\n|upkeep\n|turn|2\n|j| A Giant Rat\n|\n|t:|1731453038\n|move|p1b: Weezing|Protect|p1b: Weezing\n|-singleturn|p1b: Weezing|Protect\n|move|p1a: Slaking|Earthquake|p2a: Rillaboom|[spread] p2a,p2b\n|-activate|p1b: Weezing|move: Protect\n|-resisted|p2a: Rillaboom\n|-supereffective|p2b: Archaludon\n|-crit|p2b: Archaludon\n|-damage|p2a: Rillaboom|82\/100\n|-damage|p2b: Archaludon|28\/100\n|-damage|p1a: Slaking|91\/100|[from] item: Life Orb\n|move|p2a: Rillaboom|Wood Hammer|p1a: Slaking\n|-damage|p1a: Slaking|44\/100\n|-damage|p2a: Rillaboom|64\/100|[from] Recoil\n|move|p2b: Archaludon|Electro Shot|p1b: Weezing|[from]lockedmove\n|-activate|p1b: Weezing|move: Protect\n|\n|-heal|p2b: Archaludon|34\/100|[from] item: Leftovers\n|upkeep\n|turn|3\n|inactive|singa0402 has 30 seconds left.\n|\n|t:|1731453067\n|-terastallize|p2b: Archaludon|Fairy\n|-terastallize|p1b: Weezing|Ghost\n|move|p1a: Slaking|Earthquake|p2b: Archaludon|[spread] p1b,p2a,p2b\n|-resisted|p2a: Rillaboom\n|-damage|p1b: Weezing|58\/100\n|-damage|p2a: Rillaboom|47\/100\n|-damage|p2b: Archaludon|7\/100\n|-damage|p1a: Slaking|34\/100|[from] item: Life Orb\n|move|p2a: Rillaboom|Wood Hammer|p1a: Slaking\n|-damage|p1a: Slaking|0 fnt\n|faint|p1a: Slaking\n|-damage|p2a: Rillaboom|35\/100|[from] Recoil\n|move|p2b: Archaludon|Draco Meteor|p1b: Weezing\n|-damage|p1b: Weezing|0 fnt\n|-unboost|p2b: Archaludon|spa|2\n|faint|p1b: Weezing\n|-end|p1b: Weezing|ability: Neutralizing Gas\n|-fieldstart|move: Grassy Terrain|[from] ability: Grassy Surge|[of] p2a: Rillaboom\n|\n|-heal|p2a: Rillaboom|41\/100|[from] Grassy Terrain\n|-heal|p2b: Archaludon|13\/100|[from] Grassy Terrain\n|-heal|p2b: Archaludon|19\/100|[from] item: Leftovers\n|upkeep\n|inactive|singa0402 has 30 seconds left.\n|\n|t:|1731453093\n|switch|p1a: Armarouge|Armarouge, L50, M|100\/100\n|switch|p1b: Indeedee|Indeedee, L50, M|100\/100\n|-fieldstart|move: Psychic Terrain|[from] ability: Psychic Surge|[of] p1b: Indeedee\n|turn|4\n|j| VGCLTH TnB\n|\n|t:|1731453113\n|switch|p2a: Pelipper|Pelipper, L50, M|100\/100\n|-weather|RainDance|[from] ability: Drizzle|[of] p2a: Pelipper\n|move|p1b: Indeedee|Expanding Force|p2b: Archaludon|[spread] p2a,p2b\n|-damage|p2a: Pelipper|3\/100\n|-damage|p2b: Archaludon|0 fnt\n|faint|p2b: Archaludon\n|move|p1a: Armarouge|Heat Wave|p2a: Pelipper\n|-resisted|p2a: Pelipper\n|-damage|p2a: Pelipper|0 fnt\n|faint|p2a: Pelipper\n|\n|-weather|RainDance|[upkeep]\n|upkeep\n|\n|t:|1731453115\n|switch|p2a: Rillaboom|Rillaboom, L50, M|41\/100\n|switch|p2b: Basculegion|Basculegion, L50, M|100\/100\n|-fieldstart|move: Grassy Terrain|[from] ability: Grassy Surge|[of] p2a: Rillaboom\n|turn|5\n|inactive|singa0402 has 30 seconds left.\n|inactive|singa0402 has 20 seconds left.\n|inactive|vgclth souly has 30 seconds left.\n|inactive|singa0402 has 15 seconds left.\n|\n|t:|1731453160\n|move|p2a: Rillaboom|Fake Out|p1a: Armarouge\n|-damage|p1a: Armarouge|84\/100\n|-ability|p1a: Armarouge|Weak Armor|boost\n|-unboost|p1a: Armarouge|def|1\n|-boost|p1a: Armarouge|spe|2\n|move|p2b: Basculegion|Aqua Jet|p1a: Armarouge\n|-supereffective|p1a: Armarouge\n|-damage|p1a: Armarouge|0 fnt\n|faint|p1a: Armarouge\n|move|p1b: Indeedee|Expanding Force|p2a: Rillaboom\n|-damage|p2a: Rillaboom|10\/100\n|\n|-weather|RainDance|[upkeep]\n|-heal|p2a: Rillaboom|16\/100|[from] Grassy Terrain\n|upkeep\n|turn|6\n|l| VGCLTH TnB\n|-message|singa0402 forfeited.\n|\n|win|vgclth souly\n|raw|singa0402's rating: 1682 &rarr; <strong>1665<\/strong><br \/>(-17 for losing)\n|raw|vgclth souly's rating: 1732 &rarr; <strong>1749<\/strong><br \/>(+17 for winning)\n|l|\u2606singa0402\n|player|p1|\n|l| A Giant Rat\n|l|\u2606vgclth souly\n|player|p2|\n","uploadtime":1731453425,"views":52,"formatid":"gen9vgc2024regh","rating":1665,"private":0,"password":null}