{"id":"gen9vgc2024regh-2242899214","format":"[Gen 9] VGC 2024 Reg H","players":["VGCLTH Glock Tuah","same blue"],"log":"|raw|<div class=\"broadcast-blue\"><strong>This battle is required to be public due to a player having a name starting with 'vgclth'.<\/div>\n|j|\u2606VGCLTH Glock Tuah\n|j|\u2606same blue\n|t:|1731482326\n|gametype|doubles\n|player|p1|VGCLTH Glock Tuah|koga-lgpe|1644\n|player|p2|same blue|266|1818\n|teamsize|p1|6\n|teamsize|p2|6\n|gen|9\n|tier|[Gen 9] VGC 2024 Reg H\n|rated|\n|rule|Species Clause: Limit one of each Pok\u00e9mon\n|rule|Item Clause: Limit 1 of each item\n|clearpoke\n|poke|p1|Annihilape, L50, F|\n|poke|p1|Dondozo, L50, F|\n|poke|p1|Maushold-Four, L50|\n|poke|p1|Gholdengo, L50|\n|poke|p1|Whimsicott, L50, F|\n|poke|p1|Tatsugiri, L50, M|\n|poke|p2|Incineroar, L50, F|\n|poke|p2|Rillaboom, L50, F|\n|poke|p2|Archaludon, L50, M|\n|poke|p2|Sneasler, L50, F|\n|poke|p2|Ninetales-Alola, L50, F|\n|poke|p2|Pelipper, L50, F|\n|teampreview|4\n|inactive|Battle timer is ON: inactive players will automatically lose when time's up. (requested by VGCLTH Glock Tuah)\n|\n|t:|1731482345\n|start\n|switch|p1a: Maushold|Maushold-Four, L50|100\/100\n|switch|p1b: Annihilape|Annihilape, L50, F, shiny|100\/100\n|switch|p2a: Archaludon|Archaludon, L50, M|100\/100\n|switch|p2b: Pelipper|Pelipper, L50, F|100\/100\n|-weather|RainDance|[from] ability: Drizzle|[of] p2b: Pelipper\n|turn|1\n|\n|t:|1731482362\n|move|p2a: Archaludon|Protect|p2a: Archaludon\n|-singleturn|p2a: Archaludon|Protect\n|move|p2b: Pelipper|Hurricane|p1a: Maushold\n|-damage|p1a: Maushold|46\/100\n|move|p1a: Maushold|Beat Up|p1b: Annihilape\n|-damage|p1b: Annihilape|99\/100\n|-damage|p1b: Annihilape|96\/100\n|-damage|p1b: Annihilape|94\/100\n|-damage|p1b: Annihilape|92\/100\n|-hitcount|p1b: Annihilape|4\n|move|p1b: Annihilape|Rage Fist|p2a: Archaludon\n|-activate|p2a: Archaludon|move: Protect\n|\n|-weather|RainDance|[upkeep]\n|upkeep\n|turn|2\n|\n|t:|1731482379\n|-terastallize|p2a: Archaludon|Electric\n|move|p2b: Pelipper|Hurricane|p1a: Maushold\n|-damage|p1a: Maushold|0 fnt\n|faint|p1a: Maushold\n|move|p2a: Archaludon|Electro Shot||[still]\n|-prepare|p2a: Archaludon|Electro Shot\n|-boost|p2a: Archaludon|spa|1\n|-anim|p2a: Archaludon|Electro Shot|p1b: Annihilape\n|-damage|p1b: Annihilape|17\/100\n|-enditem|p1b: Annihilape|Sitrus Berry|[eat]\n|-heal|p1b: Annihilape|42\/100|[from] item: Sitrus Berry\n|move|p1b: Annihilape|Rage Fist|p2a: Archaludon\n|-damage|p2a: Archaludon|0 fnt\n|faint|p2a: Archaludon\n|\n|-weather|RainDance|[upkeep]\n|upkeep\n|\n|t:|1731482394\n|switch|p1a: Dondozo|Dondozo, L50, F, shiny|100\/100\n|switch|p2a: Rillaboom|Rillaboom, L50, F|100\/100\n|-fieldstart|move: Grassy Terrain|[from] ability: Grassy Surge|[of] p2a: Rillaboom\n|turn|3\n|\n|t:|1731482415\n|move|p1b: Annihilape|Protect|p1b: Annihilape\n|-singleturn|p1b: Annihilape|Protect\n|move|p1a: Dondozo|Protect|p1a: Dondozo\n|-singleturn|p1a: Dondozo|Protect\n|move|p2a: Rillaboom|Fake Out|p1a: Dondozo\n|-activate|p1a: Dondozo|move: Protect\n|move|p2b: Pelipper|Hurricane|p1b: Annihilape\n|-activate|p1b: Annihilape|move: Protect\n|\n|-weather|RainDance|[upkeep]\n|-heal|p1b: Annihilape|48\/100|[from] Grassy Terrain\n|upkeep\n|turn|4\n|\n|t:|1731482436\n|switch|p1b: Tatsugiri|Tatsugiri, L50, M, shiny|100\/100\n|-activate|p1b: Tatsugiri|ability: Commander|[of] p1a: Dondozo\n|-boost|p1a: Dondozo|atk|2\n|-boost|p1a: Dondozo|spa|2\n|-boost|p1a: Dondozo|spe|2\n|-boost|p1a: Dondozo|def|2\n|-boost|p1a: Dondozo|spd|2\n|switch|p2a: Incineroar|Incineroar, L50, F|100\/100\n|-ability|p2a: Incineroar|Intimidate|boost\n|-unboost|p1a: Dondozo|atk|1\n|-unboost|p1b: Tatsugiri|atk|1\n|move|p2b: Pelipper|Hurricane|p1a: Dondozo\n|-crit|p1a: Dondozo\n|-damage|p1a: Dondozo|20\/100\n|-start|p1a: Dondozo|confusion\n|-activate|p1a: Dondozo|confusion\n|move|p1a: Dondozo|Order Up|p2b: Pelipper\n|-damage|p2b: Pelipper|47\/100\n|-boost|p1a: Dondozo|atk|1\n|\n|-weather|RainDance|[upkeep]\n|-heal|p1a: Dondozo|27\/100|[from] Grassy Terrain\n|-heal|p1a: Dondozo|33\/100|[from] item: Leftovers\n|upkeep\n|turn|5\n|\n|t:|1731482461\n|switch|p2a: Rillaboom|Rillaboom, L50, F|100\/100\n|-activate|p1a: Dondozo|confusion\n|move|p1a: Dondozo|Protect|p1a: Dondozo\n|-singleturn|p1a: Dondozo|Protect\n|move|p2b: Pelipper|Hurricane|p1a: Dondozo\n|-activate|p1a: Dondozo|move: Protect\n|\n|-weather|none\n|-heal|p1a: Dondozo|39\/100|[from] Grassy Terrain\n|-heal|p1a: Dondozo|45\/100|[from] item: Leftovers\n|upkeep\n|turn|6\n|\n|t:|1731482476\n|switch|p2b: Incineroar|Incineroar, L50, F|100\/100\n|-ability|p2b: Incineroar|Intimidate|boost\n|-unboost|p1a: Dondozo|atk|1\n|-unboost|p1b: Tatsugiri|atk|1\n|-end|p1a: Dondozo|confusion\n|move|p1a: Dondozo|Order Up|p2b: Incineroar\n|-damage|p2b: Incineroar|63\/100\n|-boost|p1a: Dondozo|atk|1\n|move|p2a: Rillaboom|Wood Hammer|p1a: Dondozo\n|-supereffective|p1a: Dondozo\n|-damage|p1a: Dondozo|0 fnt\n|faint|p1a: Dondozo\n|-damage|p2a: Rillaboom|85\/100|[from] Recoil\n|\n|-heal|p2b: Incineroar|69\/100|[from] Grassy Terrain\n|-heal|p2a: Rillaboom|90\/100|[from] Grassy Terrain\n|upkeep\n|\n|t:|1731482479\n|switch|p1a: Annihilape|Annihilape, L50, F, shiny|48\/100\n|turn|7\n|\n|t:|1731482501\n|-terastallize|p1a: Annihilape|Fire\n|move|p2b: Incineroar|Fake Out|p1b: Tatsugiri\n|-damage|p1b: Tatsugiri|80\/100\n|move|p2a: Rillaboom|Grassy Glide|p1b: Tatsugiri\n|-damage|p1b: Tatsugiri|8\/100\n|cant|p1b: Tatsugiri|flinch\n|move|p1a: Annihilape|Rage Fist|p2a: Rillaboom\n|-damage|p2a: Rillaboom|0 fnt\n|faint|p2a: Rillaboom\n|\n|-heal|p1b: Tatsugiri|14\/100|[from] Grassy Terrain\n|-heal|p2b: Incineroar|75\/100|[from] Grassy Terrain\n|-heal|p1a: Annihilape|54\/100|[from] Grassy Terrain\n|-fieldend|move: Grassy Terrain\n|upkeep\n|\n|t:|1731482513\n|switch|p2a: Pelipper|Pelipper, L50, F|47\/100\n|-weather|RainDance|[from] ability: Drizzle|[of] p2a: Pelipper\n|turn|8\n|inactive|VGCLTH Glock Tuah has 30 seconds left.\n|\n|t:|1731482547\n|move|p1b: Tatsugiri|Icy Wind|p2b: Incineroar|[spread] p2a,p2b\n|-resisted|p2b: Incineroar\n|-damage|p2a: Pelipper|23\/100\n|-damage|p2b: Incineroar|70\/100\n|-unboost|p2a: Pelipper|spe|1\n|-unboost|p2b: Incineroar|spe|1\n|move|p2a: Pelipper|Weather Ball|p1b: Tatsugiri\n|-resisted|p1b: Tatsugiri\n|-damage|p1b: Tatsugiri|0 fnt\n|faint|p1b: Tatsugiri\n|move|p1a: Annihilape|Rage Fist|p2a: Pelipper\n|-damage|p2a: Pelipper|0 fnt\n|faint|p2a: Pelipper\n|move|p2b: Incineroar|Knock Off|p1a: Annihilape\n|-damage|p1a: Annihilape|29\/100\n|\n|-weather|RainDance|[upkeep]\n|upkeep\n|turn|9\n|\n|t:|1731482569\n|move|p1a: Annihilape|Drain Punch|p2b: Incineroar\n|-supereffective|p2b: Incineroar\n|-damage|p2b: Incineroar|0 fnt\n|-heal|p1a: Annihilape|60\/100|[from] drain|[of] p2b: Incineroar\n|faint|p2b: Incineroar\n|\n|win|VGCLTH Glock Tuah\n|raw|VGCLTH Glock Tuah's rating: 1660 &rarr; <strong>1689<\/strong><br \/>(+29 for winning)\n|raw|same blue's rating: 1818 &rarr; <strong>1789<\/strong><br \/>(-29 for losing)\n|l|\u2606VGCLTH Glock Tuah\n|player|p1|\n|l|\u2606same blue\n|player|p2|\n","uploadtime":1731482752,"views":22,"formatid":"gen9vgc2024regh","rating":1689,"private":0,"password":null}