{"id":"gen9vgc2024regh-2242421825","format":"[Gen 9] VGC 2024 Reg H","players":["vgclth chromate","zero_the_enforcer"],"log":"|raw|<div class=\"broadcast-blue\"><strong>This battle is required to be public due to a player having a name starting with 'vgclth'.<\/div>\n|j|\u2606vgclth chromate\n|j|\u2606zero_the_enforcer\n|t:|1731425809\n|gametype|doubles\n|player|p1|vgclth chromate|allister|1711\n|player|p2|zero_the_enforcer|102|1761\n|teamsize|p1|6\n|teamsize|p2|6\n|gen|9\n|tier|[Gen 9] VGC 2024 Reg H\n|rated|\n|rule|Species Clause: Limit one of each Pok\u00e9mon\n|rule|Item Clause: Limit 1 of each item\n|clearpoke\n|poke|p1|Archaludon, L50, F|\n|poke|p1|Pelipper, L50, F|\n|poke|p1|Basculegion, L50, M|\n|poke|p1|Gholdengo, L50|\n|poke|p1|Incineroar, L50, M|\n|poke|p1|Amoonguss, L50, F|\n|poke|p2|Dragonite, L50, F|\n|poke|p2|Garchomp, L50, M|\n|poke|p2|Archaludon, L50, F|\n|poke|p2|Ursaluna-Bloodmoon, L50, M|\n|poke|p2|Gholdengo, L50|\n|poke|p2|Talonflame, L50, M|\n|teampreview|4\n|\n|t:|1731425839\n|start\n|switch|p1a: Archaludon|Archaludon, L50, F|100\/100\n|switch|p1b: Pelipper|Pelipper, L50, F|100\/100\n|switch|p2a: Gholdengo|Gholdengo, L50|100\/100\n|switch|p2b: Talonflame|Talonflame, L50, M|100\/100\n|-weather|RainDance|[from] ability: Drizzle|[of] p1b: Pelipper\n|turn|1\n|\n|t:|1731425858\n|move|p2b: Talonflame|Tailwind|p2b: Talonflame\n|-sidestart|p2: zero_the_enforcer|move: Tailwind\n|move|p2a: Gholdengo|Make It Rain|p1b: Pelipper|[spread] p1a,p1b\n|-resisted|p1a: Archaludon\n|-resisted|p1b: Pelipper\n|-damage|p1a: Archaludon|76\/100\n|-damage|p1b: Pelipper|39\/100\n|-unboost|p2a: Gholdengo|spa|1\n|-ability|p1a: Archaludon|Stamina|boost\n|-boost|p1a: Archaludon|def|1\n|move|p1b: Pelipper|Weather Ball|p2a: Gholdengo\n|-damage|p2a: Gholdengo|27\/100\n|move|p1a: Archaludon|Electro Shot||[still]\n|-prepare|p1a: Archaludon|Electro Shot\n|-boost|p1a: Archaludon|spa|1\n|-anim|p1a: Archaludon|Electro Shot|p2a: Gholdengo\n|-damage|p2a: Gholdengo|0 fnt\n|faint|p2a: Gholdengo\n|\n|-weather|RainDance|[upkeep]\n|upkeep\n|\n|t:|1731425878\n|switch|p2a: Archaludon|Archaludon, L50, F|100\/100\n|turn|2\n|\n|t:|1731425888\n|move|p1b: Pelipper|Protect|p1b: Pelipper\n|-singleturn|p1b: Pelipper|Protect\n|move|p2b: Talonflame|Dual Wingbeat|p1b: Pelipper\n|-activate|p1b: Pelipper|move: Protect\n|move|p2a: Archaludon|Aura Sphere|p1a: Archaludon\n|-supereffective|p1a: Archaludon\n|-damage|p1a: Archaludon|39\/100\n|-ability|p1a: Archaludon|Stamina|boost\n|-boost|p1a: Archaludon|def|1\n|move|p1a: Archaludon|Electro Shot||[still]\n|-prepare|p1a: Archaludon|Electro Shot\n|-boost|p1a: Archaludon|spa|1\n|-anim|p1a: Archaludon|Electro Shot|p2b: Talonflame\n|-supereffective|p2b: Talonflame\n|-enditem|p2b: Talonflame|Focus Sash\n|-damage|p2b: Talonflame|1\/100\n|\n|-weather|RainDance|[upkeep]\n|upkeep\n|turn|3\n|\n|t:|1731425928\n|-terastallize|p1a: Archaludon|Grass\n|move|p2b: Talonflame|Dual Wingbeat|p1b: Pelipper\n|-damage|p1b: Pelipper|17\/100\n|-damage|p1b: Pelipper|0 fnt\n|faint|p1b: Pelipper\n|-hitcount|p1: Pelipper|2\n|move|p2a: Archaludon|Aura Sphere|p1a: Archaludon\n|-damage|p1a: Archaludon|21\/100\n|-ability|p1a: Archaludon|Stamina|boost\n|-boost|p1a: Archaludon|def|1\n|move|p1a: Archaludon|Body Press|p2a: Archaludon\n|-supereffective|p2a: Archaludon\n|-ability|p2a: Archaludon|Sturdy\n|-damage|p2a: Archaludon|1\/100\n|\n|-weather|RainDance|[upkeep]\n|upkeep\n|j| KOPLUS\n|\n|t:|1731425938\n|switch|p1b: Basculegion|Basculegion, L50, M|100\/100\n|turn|4\n|\n|t:|1731425971\n|move|p1b: Basculegion|Aqua Jet|p2a: Archaludon\n|-resisted|p2a: Archaludon\n|-damage|p2a: Archaludon|0 fnt\n|faint|p2a: Archaludon\n|move|p2b: Talonflame|Dual Wingbeat|p1a: Archaludon|[miss]\n|-miss|p2b: Talonflame|p1a: Archaludon\n|move|p1a: Archaludon|Electro Shot||[still]\n|-prepare|p1a: Archaludon|Electro Shot\n|-boost|p1a: Archaludon|spa|1\n|-anim|p1a: Archaludon|Electro Shot|p2b: Talonflame\n|-supereffective|p2b: Talonflame\n|-damage|p2b: Talonflame|0 fnt\n|faint|p2b: Talonflame\n|\n|-weather|RainDance|[upkeep]\n|-sideend|p2: zero_the_enforcer|move: Tailwind\n|upkeep\n|\n|t:|1731425979\n|switch|p2b: Dragonite|Dragonite, L50, F|100\/100\n|turn|5\n|\n|t:|1731425990\n|switch|p1b: Incineroar|Incineroar, L50, M|100\/100\n|-ability|p1b: Incineroar|Intimidate|boost\n|-unboost|p2b: Dragonite|atk|1\n|move|p2b: Dragonite|Scale Shot|p1a: Archaludon\n|-damage|p1a: Archaludon|18\/100\n|-ability|p1a: Archaludon|Stamina|boost\n|-boost|p1a: Archaludon|def|1\n|-damage|p1a: Archaludon|15\/100\n|-ability|p1a: Archaludon|Stamina|boost\n|-boost|p1a: Archaludon|def|1\n|-damage|p1a: Archaludon|13\/100\n|-ability|p1a: Archaludon|Stamina|boost\n|-boost|p1a: Archaludon|def|1\n|-damage|p1a: Archaludon|10\/100\n|-hitcount|p1a: Archaludon|4\n|-unboost|p2b: Dragonite|def|1\n|-boost|p2b: Dragonite|spe|1\n|move|p1a: Archaludon|Dragon Pulse|p2b: Dragonite\n|-supereffective|p2b: Dragonite\n|-damage|p2b: Dragonite|0 fnt\n|faint|p2b: Dragonite\n|\n|win|vgclth chromate\n|raw|vgclth chromate's rating: 1711 &rarr; <strong>1734<\/strong><br \/>(+23 for winning)\n|raw|zero_the_enforcer's rating: 1761 &rarr; <strong>1738<\/strong><br \/>(-23 for losing)\n|l|\u2606vgclth chromate\n|player|p1|\n|l|\u2606zero_the_enforcer\n|player|p2|\n|l| KOPLUS\n","uploadtime":1731426244,"views":36,"formatid":"gen9vgc2024regh","rating":1734,"private":0,"password":null}