{"id":"gen9vgc2024regh-2242724442","format":"[Gen 9] VGC 2024 Reg H","players":["VGCLTH Louis","pikachu186"],"log":"|raw|<div class=\"broadcast-blue\"><strong>This battle is required to be public due to a player having a name starting with 'vgclth'.<\/div>\n|j|\u2606VGCLTH Louis\n|j|\u2606pikachu186\n|t:|1731456215\n|gametype|doubles\n|player|p1|VGCLTH Louis|#scl4breakers|1693\n|player|p2|pikachu186|2|1746\n|teamsize|p1|6\n|teamsize|p2|6\n|gen|9\n|tier|[Gen 9] VGC 2024 Reg H\n|rated|\n|rule|Species Clause: Limit one of each Pok\u00e9mon\n|rule|Item Clause: Limit 1 of each item\n|clearpoke\n|poke|p1|Grimmsnarl, L50, M|\n|poke|p1|Ursaluna-Bloodmoon, L50, M|\n|poke|p1|Gholdengo, L50|\n|poke|p1|Volcarona, L50, F|\n|poke|p1|Rillaboom, L50, M|\n|poke|p1|Dragonite, L50, M|\n|poke|p2|Indeedee, L50, M|\n|poke|p2|Talonflame, L50, F|\n|poke|p2|Arcanine-Hisui, L50, M|\n|poke|p2|Amoonguss, L50, F|\n|poke|p2|Ursaluna-Bloodmoon, L50, M|\n|poke|p2|Sneasler, L50, M|\n|teampreview|4\n|inactive|Battle timer is ON: inactive players will automatically lose when time's up. (requested by VGCLTH Louis)\n|inactive|pikachu186 has 60 seconds left.\n|\n|t:|1731456245\n|start\n|switch|p1a: Ursaluna|Ursaluna-Bloodmoon, L50, M|100\/100\n|switch|p1b: Grimmsnarl|Grimmsnarl, L50, M|100\/100\n|switch|p2a: Talonflame|Talonflame, L50, F|100\/100\n|switch|p2b: Ursaluna|Ursaluna-Bloodmoon, L50, M|100\/100\n|turn|1\n|\n|t:|1731456262\n|move|p2b: Ursaluna|Protect|p2b: Ursaluna\n|-singleturn|p2b: Ursaluna|Protect\n|move|p1b: Grimmsnarl|Light Screen|p1b: Grimmsnarl\n|-sidestart|p1: VGCLTH Louis|move: Light Screen\n|move|p2a: Talonflame|Will-O-Wisp|p1b: Grimmsnarl\n|-status|p1b: Grimmsnarl|brn\n|move|p1a: Ursaluna|Blood Moon|p2b: Ursaluna\n|-activate|p2b: Ursaluna|move: Protect\n|\n|-damage|p1b: Grimmsnarl|95\/100 brn|[from] brn\n|upkeep\n|turn|2\n|inactive|VGCLTH Louis has 30 seconds left.\n|inactive|pikachu186 has 30 seconds left.\n|\n|t:|1731456293\n|move|p2a: Talonflame|Dual Wingbeat|p1a: Ursaluna\n|-damage|p1a: Ursaluna|90\/100\n|-damage|p1a: Ursaluna|79\/100\n|-hitcount|p1a: Ursaluna|2\n|move|p1b: Grimmsnarl|Reflect|p1b: Grimmsnarl\n|-sidestart|p1: VGCLTH Louis|Reflect\n|move|p2b: Ursaluna|Blood Moon|p1a: Ursaluna\n|-damage|p1a: Ursaluna|32\/100\n|-damage|p2b: Ursaluna|91\/100|[from] item: Life Orb\n|move|p1a: Ursaluna|Hyper Voice|p2a: Talonflame|[spread] p2a,p2b\n|-damage|p2a: Talonflame|43\/100\n|-damage|p2b: Ursaluna|41\/100\n|\n|-damage|p1b: Grimmsnarl|89\/100 brn|[from] brn\n|upkeep\n|turn|3\n|\n|t:|1731456307\n|move|p1a: Ursaluna|Vacuum Wave|p2b: Ursaluna\n|-supereffective|p2b: Ursaluna\n|-damage|p2b: Ursaluna|1\/100\n|move|p2a: Talonflame|Flare Blitz|p1a: Ursaluna\n|-damage|p1a: Ursaluna|12\/100\n|-damage|p2a: Talonflame|33\/100|[from] Recoil\n|move|p2b: Ursaluna|Hyper Voice|p1b: Grimmsnarl|[spread] p1a,p1b\n|-damage|p1a: Ursaluna|0 fnt\n|-damage|p1b: Grimmsnarl|57\/100 brn\n|faint|p1a: Ursaluna\n|-damage|p2b: Ursaluna|0 fnt|[from] item: Life Orb\n|faint|p2b: Ursaluna\n|move|p1b: Grimmsnarl|Spirit Break|p2a: Talonflame\n|-resisted|p2a: Talonflame\n|-damage|p2a: Talonflame|21\/100\n|\n|-damage|p1b: Grimmsnarl|51\/100 brn|[from] brn\n|upkeep\n|\n|t:|1731456327\n|switch|p2b: Sneasler|Sneasler, L50, M|100\/100\n|switch|p1a: Dragonite|Dragonite, L50, M|100\/100\n|turn|4\n|inactive|VGCLTH Louis has 30 seconds left.\n|\n|t:|1731456356\n|switch|p1b: Gholdengo|Gholdengo, L50|100\/100\n|move|p1a: Dragonite|Extreme Speed|p2a: Talonflame\n|-damage|p2a: Talonflame|0 fnt\n|faint|p2a: Talonflame\n|move|p2b: Sneasler|Dire Claw|p1b: Gholdengo\n|-immune|p1b: Gholdengo\n|\n|upkeep\n|\n|t:|1731456359\n|switch|p2a: Indeedee|Indeedee, L50, M|100\/100\n|-fieldstart|move: Psychic Terrain|[from] ability: Psychic Surge|[of] p2a: Indeedee\n|-enditem|p2b: Sneasler|Psychic Seed\n|-boost|p2b: Sneasler|spd|1|[from] item: Psychic Seed\n|turn|5\n|\n|t:|1731456374\n|-terastallize|p2b: Sneasler|Dark\n|move|p2b: Sneasler|Throat Chop|p1b: Gholdengo\n|-supereffective|p1b: Gholdengo\n|-damage|p1b: Gholdengo|35\/100\n|-start|p1b: Gholdengo|Throat Chop|[silent]\n|move|p2a: Indeedee|Expanding Force|p1a: Dragonite|[spread] p1a,p1b\n|-resisted|p1b: Gholdengo\n|-damage|p1a: Dragonite|82\/100\n|-damage|p1b: Gholdengo|15\/100\n|move|p1b: Gholdengo|Nasty Plot|p1b: Gholdengo\n|-boost|p1b: Gholdengo|spa|2\n|move|p1a: Dragonite|Scale Shot|p2b: Sneasler\n|-damage|p2b: Sneasler|78\/100\n|-crit|p2b: Sneasler\n|-damage|p2b: Sneasler|46\/100\n|-damage|p2b: Sneasler|24\/100\n|-damage|p2b: Sneasler|1\/100\n|-hitcount|p2b: Sneasler|4\n|-unboost|p1a: Dragonite|def|1\n|-boost|p1a: Dragonite|spe|1\n|\n|upkeep\n|turn|6\n|inactive|VGCLTH Louis has 30 seconds left.\n|inactive|pikachu186 has 30 seconds left.\n|\n|t:|1731456412\n|move|p2b: Sneasler|Dire Claw|p1a: Dragonite\n|-damage|p1a: Dragonite|34\/100\n|-status|p1a: Dragonite|par\n|move|p2a: Indeedee|Expanding Force|p1b: Gholdengo|[spread] p1a,p1b\n|-resisted|p1b: Gholdengo\n|-damage|p1a: Dragonite|0 fnt\n|-damage|p1b: Gholdengo|0 fnt\n|faint|p1a: Dragonite\n|faint|p1b: Gholdengo\n|\n|upkeep\n|-message|VGCLTH Louis forfeited.\n|\n|win|pikachu186\n|raw|VGCLTH Louis's rating: 1693 &rarr; <strong>1676<\/strong><br \/>(-17 for losing)\n|raw|pikachu186's rating: 1746 &rarr; <strong>1763<\/strong><br \/>(+17 for winning)\n|l|\u2606VGCLTH Louis\n|player|p1|\n|l|\u2606pikachu186\n|player|p2|\n","uploadtime":1731456612,"views":42,"formatid":"gen9vgc2024regh","rating":1676,"private":0,"password":null}