{"id":"gen9vgc2024regh-2242861538","format":"[Gen 9] VGC 2024 Reg H","players":["Kwkm","VGCLTH LJVGC"],"log":"|raw|<div class=\"broadcast-blue\"><strong>This battle is required to be public due to a player having a name starting with 'vgclth'.<\/div>\n|j|\u2606Kwkm\n|j|\u2606VGCLTH LJVGC\n|t:|1731474847\n|gametype|doubles\n|player|p1|Kwkm|marley|1722\n|player|p2|VGCLTH LJVGC|lucas|1642\n|teamsize|p1|6\n|teamsize|p2|6\n|gen|9\n|tier|[Gen 9] VGC 2024 Reg H\n|rated|\n|rule|Species Clause: Limit one of each Pok\u00e9mon\n|rule|Item Clause: Limit 1 of each item\n|clearpoke\n|poke|p1|Dragonite, L50, F|\n|poke|p1|Gholdengo, L50|\n|poke|p1|Ursaluna-Bloodmoon, L50, M|\n|poke|p1|Sneasler, L50, M|\n|poke|p1|Incineroar, L50, F|\n|poke|p1|Rillaboom, L50, F|\n|poke|p2|Corviknight, L50, M|\n|poke|p2|Gholdengo, L50|\n|poke|p2|Murkrow, L50, F|\n|poke|p2|Pawmot, L50, F|\n|poke|p2|Garchomp, L50, F|\n|poke|p2|Skeledirge, L50, M|\n|teampreview|4\n|inactive|Battle timer is ON: inactive players will automatically lose when time's up. (requested by VGCLTH LJVGC)\n|inactive|Kwkm also wants the timer to be on.\nVGCLTH LJVGC has agreed to open team sheets.\n|c|\u2606VGCLTH LJVGC|glhf\n|inactive|Kwkm has 60 seconds left.\n|inactive|VGCLTH LJVGC has 60 seconds left.\n|\n|t:|1731474887\n|start\n|switch|p1a: Incineroar|Incineroar, L50, F|100\/100\n|switch|p1b: Ursaluna|Ursaluna-Bloodmoon, L50, M|100\/100\n|switch|p2a: Murkrow|Murkrow, L50, F, shiny|100\/100\n|switch|p2b: Garchomp|Garchomp, L50, F|100\/100\n|-ability|p1a: Incineroar|Intimidate|boost\n|-unboost|p2a: Murkrow|atk|1\n|-unboost|p2b: Garchomp|atk|1\n|turn|1\n|inactive|Kwkm has 30 seconds left.\n|\n|t:|1731474912\n|move|p1a: Incineroar|Fake Out|p2a: Murkrow\n|-damage|p2a: Murkrow|86\/100\n|cant|p2a: Murkrow|flinch\n|move|p2b: Garchomp|Earthquake|p1b: Ursaluna|[spread] p1a,p1b\n|-immune|p2a: Murkrow\n|-supereffective|p1a: Incineroar\n|-damage|p1a: Incineroar|28\/100\n|-damage|p1b: Ursaluna|75\/100\n|-enditem|p1a: Incineroar|Sitrus Berry|[eat]\n|-heal|p1a: Incineroar|53\/100|[from] item: Sitrus Berry\n|move|p1b: Ursaluna|Blood Moon|p2a: Murkrow\n|-damage|p2a: Murkrow|0 fnt\n|faint|p2a: Murkrow\n|\n|-heal|p1b: Ursaluna|81\/100|[from] item: Leftovers\n|upkeep\n|\n|t:|1731474932\n|switch|p2a: Skeledirge|Skeledirge, L50, M|100\/100\n|turn|2\n|\n|t:|1731474941\n|switch|p2b: Gholdengo|Gholdengo, L50|100\/100\n|switch|p1a: Rillaboom|Rillaboom, L50, F|100\/100\n|-fieldstart|move: Grassy Terrain|[from] ability: Grassy Surge|[of] p1a: Rillaboom\n|move|p1b: Ursaluna|Protect|p1b: Ursaluna\n|-singleturn|p1b: Ursaluna|Protect\n|move|p2a: Skeledirge|Torch Song|p1b: Ursaluna\n|-activate|p1b: Ursaluna|move: Protect\n|\n|-heal|p1b: Ursaluna|87\/100|[from] Grassy Terrain\n|-heal|p1b: Ursaluna|93\/100|[from] item: Leftovers\n|upkeep\n|turn|3\n|\n|t:|1731474966\n|switch|p1b: Dragonite|Dragonite, L50, F|100\/100\n|-terastallize|p2b: Gholdengo|Steel\n|move|p2b: Gholdengo|Make It Rain|p1a: Rillaboom|[spread] p1a,p1b\n|-damage|p1a: Rillaboom|25\/100\n|-damage|p1b: Dragonite|51\/100\n|-unboost|p2b: Gholdengo|spa|1\n|move|p1a: Rillaboom|High Horsepower|p2b: Gholdengo|[miss]\n|-miss|p1a: Rillaboom|p2b: Gholdengo\n|move|p2a: Skeledirge|Torch Song|p1a: Rillaboom\n|-supereffective|p1a: Rillaboom\n|-damage|p1a: Rillaboom|0 fnt\n|-boost|p2a: Skeledirge|spa|1\n|faint|p1a: Rillaboom\n|-enditem|p2a: Skeledirge|Throat Spray\n|-boost|p2a: Skeledirge|spa|1|[from] item: Throat Spray\n|\n|upkeep\n|\n|t:|1731474984\n|switch|p1a: Incineroar|Incineroar, L50, F|53\/100\n|-ability|p1a: Incineroar|Intimidate|boost\n|-unboost|p2a: Skeledirge|atk|1\n|-unboost|p2b: Gholdengo|atk|1\n|turn|4\n|\n|t:|1731474997\n|move|p2b: Gholdengo|Make It Rain|p1b: Dragonite|[spread] p1a,p1b\n|-resisted|p1a: Incineroar\n|-damage|p1a: Incineroar|29\/100\n|-damage|p1b: Dragonite|0 fnt\n|-unboost|p2b: Gholdengo|spa|1\n|faint|p1b: Dragonite\n|move|p2a: Skeledirge|Shadow Ball|p1a: Incineroar\n|-resisted|p1a: Incineroar\n|-damage|p1a: Incineroar|6\/100\n|move|p1a: Incineroar|Knock Off|p2a: Skeledirge\n|-supereffective|p2a: Skeledirge\n|-damage|p2a: Skeledirge|61\/100\n|\n|-heal|p2a: Skeledirge|67\/100|[from] Grassy Terrain\n|-heal|p1a: Incineroar|12\/100|[from] Grassy Terrain\n|upkeep\n|\n|t:|1731475011\n|switch|p1b: Ursaluna|Ursaluna-Bloodmoon, L50, M|93\/100\n|turn|5\n|\n|t:|1731475026\n|move|p2b: Gholdengo|Make It Rain|p1a: Incineroar|[spread] p1a,p1b\n|-resisted|p1a: Incineroar\n|-damage|p1a: Incineroar|0 fnt\n|-damage|p1b: Ursaluna|48\/100\n|-unboost|p2b: Gholdengo|spa|1\n|faint|p1a: Incineroar\n|move|p2a: Skeledirge|Torch Song|p1b: Ursaluna\n|-damage|p1b: Ursaluna|0 fnt\n|-boost|p2a: Skeledirge|spa|1\n|faint|p1b: Ursaluna\n|\n|win|VGCLTH LJVGC\n|raw|Kwkm's rating: 1722 &rarr; <strong>1697<\/strong><br \/>(-25 for losing)\n|raw|VGCLTH LJVGC's rating: 1642 &rarr; <strong>1667<\/strong><br \/>(+25 for winning)\n|l|\u2606Kwkm\n|player|p1|\n|l|\u2606VGCLTH LJVGC\n|player|p2|\n","uploadtime":1731475283,"views":18,"formatid":"gen9vgc2024regh","rating":1667,"private":0,"password":null}