{"id":"gen9vgc2024regh-2242645480","format":"[Gen 9] VGC 2024 Reg H","players":["TheTingLuGoesSKRR","VGCLTH fangame"],"log":"|raw|<div class=\"broadcast-blue\"><strong>This battle is required to be public due to a player having a name starting with 'vgclth'.<\/div>\n|j|\u2606TheTingLuGoesSKRR\n|j|\u2606VGCLTH fangame\n|t:|1731447226\n|gametype|doubles\n|player|p1|TheTingLuGoesSKRR|1|1653\n|player|p2|VGCLTH fangame|red|1693\n|teamsize|p1|6\n|teamsize|p2|6\n|gen|9\n|tier|[Gen 9] VGC 2024 Reg H\n|rated|\n|rule|Species Clause: Limit one of each Pok\u00e9mon\n|rule|Item Clause: Limit 1 of each item\n|clearpoke\n|poke|p1|Ninetales-Alola, L50, M|\n|poke|p1|Delphox, L50, F|\n|poke|p1|Indeedee, L50, M|\n|poke|p1|Kingambit, L50, M|\n|poke|p1|Sneasler, L50, M|\n|poke|p1|Milotic, L50, F|\n|poke|p2|Glaceon, L50, F|\n|poke|p2|Ninetales-Alola, L50, F|\n|poke|p2|Milotic, L50, M|\n|poke|p2|Incineroar, L50, F|\n|poke|p2|Ursaluna-Bloodmoon, L50, M|\n|poke|p2|Annihilape, L50, F|\n|teampreview|4\n|inactive|Battle timer is ON: inactive players will automatically lose when time's up. (requested by VGCLTH fangame)\n|inactive|TheTingLuGoesSKRR also wants the timer to be on.\n|inactive|TheTingLuGoesSKRR has 60 seconds left.\n|inactive|VGCLTH fangame has 60 seconds left.\n|\n|t:|1731447282\n|start\n|switch|p1a: Indeedee|Indeedee, L50, M|100\/100\n|switch|p1b: Sneasler|Sneasler, L50, M|100\/100\n|switch|p2a: Milotic|Milotic, L50, M, shiny|100\/100\n|switch|p2b: Ninetales|Ninetales-Alola, L50, F, shiny|100\/100\n|-weather|Snow|[from] ability: Snow Warning|[of] p2b: Ninetales\n|-fieldstart|move: Psychic Terrain|[from] ability: Psychic Surge|[of] p1a: Indeedee\n|-enditem|p1b: Sneasler|Psychic Seed\n|-boost|p1b: Sneasler|spd|1|[from] item: Psychic Seed\n|turn|1\n|\n|t:|1731447293\n|switch|p2b: Incineroar|Incineroar, L50, F, shiny|100\/100\n|-ability|p2b: Incineroar|Intimidate|boost\n|-unboost|p1a: Indeedee|atk|1\n|-unboost|p1b: Sneasler|atk|1\n|move|p1b: Sneasler|Dire Claw|p2a: Milotic\n|-damage|p2a: Milotic|69\/100\n|-status|p2a: Milotic|psn\n|move|p1a: Indeedee|Expanding Force|p2b: Incineroar|[spread] p2a\n|-immune|p2b: Incineroar\n|-damage|p2a: Milotic|34\/100 psn\n|-enditem|p2a: Milotic|Sitrus Berry|[eat]\n|-heal|p2a: Milotic|59\/100 psn|[from] item: Sitrus Berry\n|move|p2a: Milotic|Hypnosis|p1a: Indeedee|[miss]\n|-miss|p2a: Milotic|p1a: Indeedee\n|\n|-weather|Snow|[upkeep]\n|-damage|p2a: Milotic|46\/100 psn|[from] psn\n|upkeep\n|turn|2\n|inactive|TheTingLuGoesSKRR has 30 seconds left.\n|inactive|VGCLTH fangame has 30 seconds left.\n|\n|t:|1731447324\n|move|p1b: Sneasler|Protect|p1b: Sneasler\n|-singleturn|p1b: Sneasler|Protect\n|move|p1a: Indeedee|Tera Blast|p2b: Incineroar\n|-damage|p2b: Incineroar|66\/100\n|move|p2a: Milotic|Hypnosis|p1b: Sneasler\n|-activate|p1b: Sneasler|move: Protect\n|move|p2b: Incineroar|Knock Off|p1a: Indeedee\n|-supereffective|p1a: Indeedee\n|-enditem|p1a: Indeedee|Focus Sash\n|-damage|p1a: Indeedee|1\/100\n|\n|-weather|Snow|[upkeep]\n|-damage|p2a: Milotic|34\/100 psn|[from] psn\n|upkeep\n|turn|3\n|\n|t:|1731447345\n|move|p1b: Sneasler|Close Combat|p2b: Incineroar\n|-supereffective|p2b: Incineroar\n|-damage|p2b: Incineroar|0 fnt\n|-unboost|p1b: Sneasler|def|1\n|-unboost|p1b: Sneasler|spd|1\n|faint|p2b: Incineroar\n|move|p1a: Indeedee|Expanding Force|p2a: Milotic\n|-damage|p2a: Milotic|0 fnt\n|faint|p2a: Milotic\n|\n|-weather|Snow|[upkeep]\n|upkeep\n|\n|t:|1731447347\n|switch|p2a: Glaceon|Glaceon, L50, F, shiny|100\/100\n|switch|p2b: Ninetales|Ninetales-Alola, L50, F, shiny|100\/100\n|turn|4\n|\n|t:|1731447364\n|move|p1b: Sneasler|Protect|p1b: Sneasler\n|-singleturn|p1b: Sneasler|Protect\n|move|p2b: Ninetales|Blizzard|p1a: Indeedee|[spread] p1a\n|-activate|p1b: Sneasler|move: Protect\n|-damage|p1a: Indeedee|0 fnt\n|faint|p1a: Indeedee\n|move|p2a: Glaceon|Blizzard|p1b: Sneasler\n|-activate|p1b: Sneasler|move: Protect\n|\n|-weather|Snow|[upkeep]\n|upkeep\n|\n|t:|1731447373\n|switch|p1a: Delphox|Delphox, L50, F|100\/100\n|turn|5\n|\n|t:|1731447383\n|move|p1b: Sneasler|Dire Claw|p2b: Ninetales\n|-supereffective|p2b: Ninetales\n|-damage|p2b: Ninetales|38\/100\n|-status|p2b: Ninetales|slp\n|cant|p2b: Ninetales|slp\n|move|p1a: Delphox|Heat Wave|p2a: Glaceon|[spread] p2a,p2b\n|-supereffective|p2a: Glaceon\n|-supereffective|p2b: Ninetales\n|-damage|p2a: Glaceon|10\/100\n|-damage|p2b: Ninetales|0 fnt\n|faint|p2b: Ninetales\n|-damage|p1a: Delphox|90\/100|[from] item: Life Orb\n|move|p2a: Glaceon|Blizzard|p1a: Delphox|[spread] p1a,p1b\n|-resisted|p1a: Delphox\n|-damage|p1a: Delphox|46\/100\n|-damage|p1b: Sneasler|4\/100\n|-status|p1a: Delphox|frz\n|\n|-weather|none\n|-fieldend|move: Psychic Terrain\n|upkeep\n|turn|6\n|-message|VGCLTH fangame forfeited.\n|\n|win|TheTingLuGoesSKRR\n|raw|TheTingLuGoesSKRR's rating: 1653 &rarr; <strong>1676<\/strong><br \/>(+23 for winning)\n|raw|VGCLTH fangame's rating: 1707 &rarr; <strong>1684<\/strong><br \/>(-23 for losing)\n|l|\u2606VGCLTH fangame\n|player|p2|\n|l|\u2606TheTingLuGoesSKRR\n|player|p1|\n","uploadtime":1731447605,"views":37,"formatid":"gen9vgc2024regh","rating":1676,"private":0,"password":null}