{"id":"gen9vgc2024regh-2242021347","format":"[Gen 9] VGC 2024 Reg H","players":["ngywit","vgclth souly"],"log":"|raw|<div class=\"broadcast-blue\"><strong>This battle is required to be public due to a player having a name starting with 'vgclth'.<\/div>\n|j|\u2606ngywit\n|j|\u2606vgclth souly\n|t:|1731367300\n|gametype|doubles\n|player|p1|ngywit|thorton|1689\n|player|p2|vgclth souly|hero-conquest|1716\n|teamsize|p1|6\n|teamsize|p2|6\n|gen|9\n|tier|[Gen 9] VGC 2024 Reg H\n|rated|\n|rule|Species Clause: Limit one of each Pok\u00e9mon\n|rule|Item Clause: Limit 1 of each item\n|clearpoke\n|poke|p1|Ursaluna-Bloodmoon, L50, M|\n|poke|p1|Incineroar, L50, M|\n|poke|p1|Amoonguss, L50, F|\n|poke|p1|Dragonite, L50, F|\n|poke|p1|Primarina, L50, M|\n|poke|p1|Gholdengo, L50|\n|poke|p2|Archaludon, L50, M|\n|poke|p2|Pelipper, L50, M|\n|poke|p2|Electabuzz, L50, M|\n|poke|p2|Kingambit, L50, M|\n|poke|p2|Rillaboom, L50, F|\n|poke|p2|Basculegion, L50, M|\n|teampreview|4\n|inactive|Battle timer is ON: inactive players will automatically lose when time's up. (requested by ngywit)\n|j| Drogonix\n|l| Drogonix\n|inactive|ngywit has 60 seconds left.\n|inactive|vgclth souly has 60 seconds left.\n|inactive|ngywit has 30 seconds left.\n|\n|t:|1731367361\n|start\n|switch|p1a: Gholdengo|Gholdengo, L50|100\/100\n|switch|p1b: Ursaluna|Ursaluna-Bloodmoon, L50, M|100\/100\n|switch|p2a: Archaludon|Archaludon, L50, M|100\/100\n|switch|p2b: Pelipper|Pelipper, L50, M|100\/100\n|-weather|RainDance|[from] ability: Drizzle|[of] p2b: Pelipper\n|turn|1\n|inactive|ngywit has 30 seconds left.\n|\n|t:|1731367392\n|move|p1b: Ursaluna|Protect|p1b: Ursaluna\n|-singleturn|p1b: Ursaluna|Protect\n|move|p1a: Gholdengo|Nasty Plot|p1a: Gholdengo\n|-boost|p1a: Gholdengo|spa|2\n|move|p2b: Pelipper|Weather Ball|p1b: Ursaluna\n|-activate|p1b: Ursaluna|move: Protect\n|move|p2a: Archaludon|Electro Shot||[still]\n|-prepare|p2a: Archaludon|Electro Shot\n|-boost|p2a: Archaludon|spa|1\n|-anim|p2a: Archaludon|Electro Shot|p1b: Ursaluna\n|-activate|p1b: Ursaluna|move: Protect\n|\n|-weather|RainDance|[upkeep]\n|upkeep\n|turn|2\n|inactive|ngywit has 30 seconds left.\n|\n|t:|1731367421\n|move|p1b: Ursaluna|Vacuum Wave|p2b: Pelipper\n|-resisted|p2b: Pelipper\n|-damage|p2b: Pelipper|88\/100\n|move|p1a: Gholdengo|Shadow Ball|p2b: Pelipper\n|-crit|p2b: Pelipper\n|-damage|p2b: Pelipper|0 fnt\n|faint|p2b: Pelipper\n|move|p2a: Archaludon|Electro Shot||[still]\n|-prepare|p2a: Archaludon|Electro Shot\n|-boost|p2a: Archaludon|spa|1\n|-anim|p2a: Archaludon|Electro Shot|p1b: Ursaluna\n|-immune|p1b: Ursaluna\n|\n|-weather|RainDance|[upkeep]\n|upkeep\n|\n|t:|1731367428\n|switch|p2b: Basculegion|Basculegion, L50, M|100\/100\n|turn|3\n|\n|t:|1731367440\n|-terastallize|p2b: Basculegion|Grass\n|move|p2b: Basculegion|Wave Crash|p1b: Ursaluna\n|-supereffective|p1b: Ursaluna\n|-damage|p1b: Ursaluna|0 fnt\n|faint|p1b: Ursaluna\n|-damage|p2b: Basculegion|66\/100|[from] Recoil\n|move|p1a: Gholdengo|Shadow Ball|p2b: Basculegion\n|-damage|p2b: Basculegion|0 fnt\n|faint|p2b: Basculegion\n|move|p2a: Archaludon|Electro Shot||[still]\n|-prepare|p2a: Archaludon|Electro Shot\n|-boost|p2a: Archaludon|spa|1\n|-anim|p2a: Archaludon|Electro Shot|p1a: Gholdengo\n|-enditem|p1a: Gholdengo|Focus Sash\n|-damage|p1a: Gholdengo|1\/100\n|\n|-weather|RainDance|[upkeep]\n|upkeep\n|inactive|ngywit has 30 seconds left.\n|\n|t:|1731367466\n|switch|p2b: Rillaboom|Rillaboom, L50, F|100\/100\n|switch|p1b: Primarina|Primarina, L50, M|100\/100\n|-fieldstart|move: Grassy Terrain|[from] ability: Grassy Surge|[of] p2b: Rillaboom\n|turn|4\n|inactive|ngywit has 30 seconds left.\n|inactive|ngywit has 20 seconds left.\n|inactive|ngywit has 15 seconds left.\n|\n|t:|1731367507\n|switch|p1a: Amoonguss|Amoonguss, L50, F|100\/100\n|move|p2b: Rillaboom|Grassy Glide|p1a: Amoonguss\n|-resisted|p1a: Amoonguss\n|-damage|p1a: Amoonguss|92\/100\n|move|p1b: Primarina|Moonblast|p2a: Archaludon\n|-damage|p2a: Archaludon|53\/100\n|-unboost|p2a: Archaludon|spa|1\n|-ability|p2a: Archaludon|Stamina|boost\n|-boost|p2a: Archaludon|def|1\n|move|p2a: Archaludon|Electro Shot||[still]\n|-prepare|p2a: Archaludon|Electro Shot\n|-boost|p2a: Archaludon|spa|1\n|-anim|p2a: Archaludon|Electro Shot|p1b: Primarina\n|-supereffective|p1b: Primarina\n|-damage|p1b: Primarina|0 fnt\n|faint|p1b: Primarina\n|\n|-weather|RainDance|[upkeep]\n|-heal|p2a: Archaludon|59\/100|[from] Grassy Terrain\n|-heal|p2a: Archaludon|66\/100|[from] item: Leftovers\n|-heal|p1a: Amoonguss|98\/100|[from] Grassy Terrain\n|upkeep\n|j| VGCLTH Ninjaboy\n|l| VGCLTH Ninjaboy\n|\n|t:|1731367530\n|switch|p1b: Gholdengo|Gholdengo, L50|1\/100\n|turn|5\n|\n|t:|1731367547\n|move|p1b: Gholdengo|Protect|p1b: Gholdengo\n|-singleturn|p1b: Gholdengo|Protect\n|move|p2b: Rillaboom|Grassy Glide|p1b: Gholdengo\n|-activate|p1b: Gholdengo|move: Protect\n|move|p2a: Archaludon|Draco Meteor|p1a: Amoonguss\n|-damage|p1a: Amoonguss|0 fnt\n|-unboost|p2a: Archaludon|spa|2\n|faint|p1a: Amoonguss\n|\n|-weather|none\n|-heal|p1b: Gholdengo|7\/100|[from] Grassy Terrain\n|-heal|p2a: Archaludon|72\/100|[from] Grassy Terrain\n|-heal|p2a: Archaludon|78\/100|[from] item: Leftovers\n|upkeep\n|turn|6\n|-message|ngywit forfeited.\n|\n|win|vgclth souly\n|raw|ngywit's rating: 1689 &rarr; <strong>1671<\/strong><br \/>(-18 for losing)\n|raw|vgclth souly's rating: 1716 &rarr; <strong>1734<\/strong><br \/>(+18 for winning)\n|l|\u2606ngywit\n|player|p1|\n|l|\u2606vgclth souly\n|player|p2|\n","uploadtime":1731367802,"views":35,"formatid":"gen9vgc2024regh","rating":1671,"private":0,"password":null}