{"id":"gen9vgc2024regh-2242030695","format":"[Gen 9] VGC 2024 Reg H","players":["iava95","grovyleuwu"],"log":"|j|\u2606iava95\n|j|\u2606grovyleuwu\n|t:|1731368387\n|gametype|doubles\n|player|p1|iava95|1|1689\n|player|p2|grovyleuwu|whitney|1774\n|teamsize|p1|6\n|teamsize|p2|6\n|gen|9\n|tier|[Gen 9] VGC 2024 Reg H\n|rated|\n|rule|Species Clause: Limit one of each Pok\u00e9mon\n|rule|Item Clause: Limit 1 of each item\n|clearpoke\n|poke|p1|Annihilape, L50, M|\n|poke|p1|Rillaboom, L50, F|\n|poke|p1|Talonflame, L50, F|\n|poke|p1|Sneasler, L50, F|\n|poke|p1|Gastrodon, L50, M|\n|poke|p1|Gholdengo, L50|\n|poke|p2|Pelipper, L50, F|\n|poke|p2|Sneasler, L50, F|\n|poke|p2|Archaludon, L50, F|\n|poke|p2|Indeedee, L50, M|\n|poke|p2|Basculegion, L50, M|\n|poke|p2|Talonflame, L50, M|\n|teampreview|4\n|inactive|Battle timer is ON: inactive players will automatically lose when time's up. (requested by grovyleuwu)\n|inactive|grovyleuwu has 60 seconds left.\n|\n|t:|1731368423\n|start\n|switch|p1a: Annihilape|Annihilape, L50, M|100\/100\n|switch|p1b: Talonflame|Talonflame, L50, F|100\/100\n|switch|p2a: Talonflame|Talonflame, L50, M|100\/100\n|switch|p2b: Archaludon|Archaludon, L50, F|100\/100\n|turn|1\n|\n|t:|1731368444\n|-terastallize|p2b: Archaludon|Electric\n|-terastallize|p1a: Annihilape|Dark\n|move|p2a: Talonflame|Tailwind|p2a: Talonflame\n|-sidestart|p2: grovyleuwu|move: Tailwind\n|move|p2b: Archaludon|Electro Shot||[still]\n|-prepare|p2b: Archaludon|Electro Shot\n|-boost|p2b: Archaludon|spa|1\n|-enditem|p2b: Archaludon|Power Herb\n|-anim|p2b: Archaludon|Electro Shot|p1a: Annihilape\n|-damage|p1a: Annihilape|25\/100\n|-enditem|p1a: Annihilape|Sitrus Berry|[eat]\n|-heal|p1a: Annihilape|50\/100|[from] item: Sitrus Berry\n|move|p1b: Talonflame|Tailwind|p1b: Talonflame\n|-sidestart|p1: iava95|move: Tailwind\n|move|p1a: Annihilape|Bulk Up|p1a: Annihilape\n|-boost|p1a: Annihilape|atk|1\n|-boost|p1a: Annihilape|def|1\n|\n|upkeep\n|turn|2\n|inactive|iava95 has 30 seconds left.\n|inactive|grovyleuwu has 30 seconds left.\n|inactive|iava95 has 20 seconds left.\n|inactive|iava95 has 15 seconds left.\n|\n|t:|1731368487\n|move|p2a: Talonflame|Dual Wingbeat|p1b: Talonflame\n|-damage|p1b: Talonflame|80\/100\n|-damage|p1b: Talonflame|60\/100\n|-hitcount|p1b: Talonflame|2\n|move|p1b: Talonflame|Will-O-Wisp|p2b: Archaludon\n|-status|p2b: Archaludon|brn\n|move|p2b: Archaludon|Aura Sphere|p1a: Annihilape\n|-supereffective|p1a: Annihilape\n|-damage|p1a: Annihilape|0 fnt\n|faint|p1a: Annihilape\n|\n|-damage|p2b: Archaludon|94\/100 brn|[from] brn\n|upkeep\n|\n|t:|1731368502\n|switch|p1a: Gastrodon|Gastrodon, L50, M|100\/100\n|turn|3\n|\n|t:|1731368520\n|move|p2a: Talonflame|Dual Wingbeat|p1a: Gastrodon\n|-damage|p1a: Gastrodon|85\/100\n|-damage|p1a: Gastrodon|67\/100\n|-hitcount|p1a: Gastrodon|2\n|move|p1b: Talonflame|Taunt|p2a: Talonflame\n|-start|p2a: Talonflame|move: Taunt\n|move|p2b: Archaludon|Dragon Pulse|p1b: Talonflame\n|-damage|p1b: Talonflame|0 fnt\n|faint|p1b: Talonflame\n|move|p1a: Gastrodon|Earth Power|p2b: Archaludon\n|-supereffective|p2b: Archaludon\n|-damage|p2b: Archaludon|0 fnt\n|faint|p2b: Archaludon\n|\n|-heal|p1a: Gastrodon|74\/100|[from] item: Leftovers\n|upkeep\n|\n|t:|1731368541\n|switch|p1b: Rillaboom|Rillaboom, L50, F|100\/100\n|switch|p2b: Pelipper|Pelipper, L50, F|100\/100\n|-weather|RainDance|[from] ability: Drizzle|[of] p2b: Pelipper\n|-fieldstart|move: Grassy Terrain|[from] ability: Grassy Surge|[of] p1b: Rillaboom\n|turn|4\n|\n|t:|1731368561\n|move|p1b: Rillaboom|Fake Out|p2b: Pelipper\n|-damage|p2b: Pelipper|83\/100\n|move|p2a: Talonflame|Dual Wingbeat|p1b: Rillaboom\n|-supereffective|p1b: Rillaboom\n|-damage|p1b: Rillaboom|68\/100\n|-supereffective|p1b: Rillaboom\n|-damage|p1b: Rillaboom|38\/100\n|-hitcount|p1b: Rillaboom|2\n|cant|p2b: Pelipper|flinch\n|move|p1a: Gastrodon|Ice Beam|p2a: Talonflame\n|-crit|p2a: Talonflame\n|-damage|p2a: Talonflame|50\/100\n|\n|-weather|RainDance|[upkeep]\n|-heal|p1b: Rillaboom|44\/100|[from] Grassy Terrain\n|-heal|p1a: Gastrodon|80\/100|[from] Grassy Terrain\n|-heal|p1a: Gastrodon|86\/100|[from] item: Leftovers\n|-sideend|p2: grovyleuwu|move: Tailwind\n|-sideend|p1: iava95|move: Tailwind\n|upkeep\n|turn|5\n|inactive|iava95 has 30 seconds left.\n|\n|t:|1731368595\n|move|p1b: Rillaboom|Grassy Glide|p2b: Pelipper\n|-crit|p2b: Pelipper\n|-damage|p2b: Pelipper|14\/100\n|move|p2a: Talonflame|Dual Wingbeat|p1a: Gastrodon\n|-damage|p1a: Gastrodon|70\/100\n|-damage|p1a: Gastrodon|54\/100\n|-hitcount|p1a: Gastrodon|2\n|move|p2b: Pelipper|Hurricane|p1b: Rillaboom\n|-supereffective|p1b: Rillaboom\n|-damage|p1b: Rillaboom|0 fnt\n|faint|p1b: Rillaboom\n|move|p1a: Gastrodon|Ice Beam|p2a: Talonflame\n|-damage|p2a: Talonflame|12\/100\n|\n|-weather|RainDance|[upkeep]\n|-heal|p1a: Gastrodon|60\/100|[from] Grassy Terrain\n|-heal|p1a: Gastrodon|67\/100|[from] item: Leftovers\n|upkeep\n|turn|6\n|-message|iava95 forfeited.\n|\n|win|grovyleuwu\n|raw|iava95's rating: 1689 &rarr; <strong>1674<\/strong><br \/>(-15 for losing)\n|raw|grovyleuwu's rating: 1774 &rarr; <strong>1789<\/strong><br \/>(+15 for winning)\n|l|\u2606iava95\n|player|p1|\n|l|\u2606grovyleuwu\n|player|p2|\n","uploadtime":1731368770,"views":32,"formatid":"gen9vgc2024regh","rating":1674,"private":0,"password":null}