{"id":"gen9vgc2024regh-2242908135","format":"[Gen 9] VGC 2024 Reg H","players":["macarhao","VGCLTH Sir Aaron"],"log":"|raw|<div class=\"broadcast-blue\"><strong>This battle is required to be public due to a player having a name starting with 'vgclth'.<\/div>\n|j|\u2606macarhao\n|j|\u2606VGCLTH Sir Aaron\n|t:|1731484165\n|gametype|doubles\n|player|p1|macarhao|dawn|1748\n|player|p2|VGCLTH Sir Aaron|red-masters3|1738\n|teamsize|p1|6\n|teamsize|p2|6\n|gen|9\n|tier|[Gen 9] VGC 2024 Reg H\n|rated|\n|rule|Species Clause: Limit one of each Pok\u00e9mon\n|rule|Item Clause: Limit 1 of each item\n|clearpoke\n|poke|p1|Kingambit, L50, M|\n|poke|p1|Dragonite, L50, F|\n|poke|p1|Volcarona, L50, F|\n|poke|p1|Zoroark-Hisui, L50, M|\n|poke|p1|Annihilape, L50, F|\n|poke|p1|Whimsicott, L50, M|\n|poke|p2|Sableye, L50, M|\n|poke|p2|Sylveon, L50, M|\n|poke|p2|Archaludon, L50, M|\n|poke|p2|Volcarona, L50, M|\n|poke|p2|Rillaboom, L50, F|\n|poke|p2|Tauros-Paldea-Aqua, L50, M|\n|teampreview|4\n|inactive|Battle timer is ON: inactive players will automatically lose when time's up. (requested by macarhao)\n|inactive|VGCLTH Sir Aaron has 60 seconds left.\n|\n|t:|1731484208\n|start\n|switch|p1a: Volcarona|Volcarona, L50, F|100\/100\n|switch|p1b: Whimsicott|Whimsicott, L50, M|100\/100\n|switch|p2a: Snowblind|Sableye, L50, M|100\/100\n|switch|p2b: Shamonerona|Volcarona, L50, M, shiny|100\/100\n|turn|1\n|j| Tilzy\n|\n|t:|1731484224\n|-terastallize|p1a: Volcarona|Fire\n|move|p2a: Snowblind|Protect|p2a: Snowblind\n|-singleturn|p2a: Snowblind|Protect\n|move|p2b: Shamonerona|Protect|p2b: Shamonerona\n|-singleturn|p2b: Shamonerona|Protect\n|move|p1b: Whimsicott|Sunny Day|p1b: Whimsicott\n|-weather|SunnyDay\n|move|p1a: Volcarona|Heat Wave|p2a: Snowblind|[spread] \n|-activate|p2a: Snowblind|move: Protect\n|-activate|p2b: Shamonerona|move: Protect\n|\n|-weather|SunnyDay|[upkeep]\n|upkeep\n|turn|2\n|\n|t:|1731484241\n|switch|p2b: Forklift Certified|Archaludon, L50, M, shiny|100\/100\n|move|p1b: Whimsicott|Encore||[still]\n|-fail|p1b: Whimsicott\n|move|p2a: Snowblind|Disable|p1a: Volcarona\n|-start|p1a: Volcarona|Disable|Heat Wave\n|cant|p1a: Volcarona|Disable|Heat Wave\n|\n|-weather|SunnyDay|[upkeep]\n|upkeep\n|turn|3\n|\n|t:|1731484260\n|switch|p1a: Kingambit|Kingambit, L50, M|100\/100\n|-terastallize|p2b: Forklift Certified|Electric\n|move|p2a: Snowblind|Encore||[still]\n|-fail|p2a: Snowblind\n|move|p1b: Whimsicott|Moonblast|p2a: Snowblind\n|-supereffective|p2a: Snowblind\n|-damage|p2a: Snowblind|12\/100\n|-unboost|p2a: Snowblind|spa|1\n|-enditem|p2a: Snowblind|Sitrus Berry|[eat]\n|-heal|p2a: Snowblind|37\/100|[from] item: Sitrus Berry\n|move|p2b: Forklift Certified|Electro Shot||[still]\n|-prepare|p2b: Forklift Certified|Electro Shot\n|-boost|p2b: Forklift Certified|spa|1\n|-enditem|p2b: Forklift Certified|Power Herb\n|-anim|p2b: Forklift Certified|Electro Shot|p1a: Kingambit\n|-damage|p1a: Kingambit|31\/100\n|\n|-weather|SunnyDay|[upkeep]\n|upkeep\n|turn|4\n|inactive|macarhao has 30 seconds left.\n|inactive|VGCLTH Sir Aaron has 30 seconds left.\n|\n|t:|1731484288\n|move|p2b: Forklift Certified|Protect|p2b: Forklift Certified\n|-singleturn|p2b: Forklift Certified|Protect\n|move|p2a: Snowblind|Disable|p1b: Whimsicott\n|-start|p1b: Whimsicott|Disable|Moonblast\n|move|p1a: Kingambit|Sucker Punch||[still]\n|-fail|p1a: Kingambit\n|cant|p1b: Whimsicott|Disable|Moonblast\n|\n|-weather|SunnyDay|[upkeep]\n|upkeep\n|turn|5\n|inactive|VGCLTH Sir Aaron has 30 seconds left.\n|\n|t:|1731484319\n|switch|p2b: Shamonerona|Volcarona, L50, M, shiny|100\/100\n|move|p2a: Snowblind|Protect|p2a: Snowblind\n|-singleturn|p2a: Snowblind|Protect\n|move|p1b: Whimsicott|Encore||[still]\n|-fail|p1b: Whimsicott\n|move|p1a: Kingambit|Kowtow Cleave|p2a: Snowblind\n|-activate|p2a: Snowblind|move: Protect\n|\n|-weather|none\n|upkeep\n|turn|6\n|inactive|VGCLTH Sir Aaron has 30 seconds left.\n|\n|t:|1731484345\n|switch|p1b: Volcarona|Volcarona, L50, F, tera:Fire|100\/100\n|switch|p1a: Dragonite|Dragonite, L50, F|100\/100\n|move|p2b: Shamonerona|Heat Wave|p1a: Dragonite|[spread] p1a,p1b\n|-resisted|p1a: Dragonite\n|-resisted|p1b: Volcarona\n|-damage|p1a: Dragonite|90\/100\n|-damage|p1b: Volcarona|82\/100\n|move|p2a: Snowblind|Foul Play|p1b: Volcarona\n|-damage|p1b: Volcarona|60\/100\n|-status|p2a: Snowblind|brn|[from] ability: Flame Body|[of] p1b: Volcarona\n|\n|-damage|p2a: Snowblind|31\/100 brn|[from] brn\n|upkeep\n|turn|7\n|j| mr pogostick\n|\n|t:|1731484364\n|switch|p1b: Whimsicott|Whimsicott, L50, M|100\/100\n|move|p2a: Snowblind|Protect|p2a: Snowblind\n|-singleturn|p2a: Snowblind|Protect\n|move|p2b: Shamonerona|Protect|p2b: Shamonerona\n|-singleturn|p2b: Shamonerona|Protect\n|move|p1a: Dragonite|Outrage|p2a: Snowblind\n|-activate|p2a: Snowblind|move: Protect\n|\n|-damage|p2a: Snowblind|25\/100 brn|[from] brn\n|upkeep\n|turn|8\n|\n|t:|1731484379\n|switch|p1a: Volcarona|Volcarona, L50, F, tera:Fire|60\/100\n|switch|p2a: Bullshifu|Tauros-Paldea-Aqua, L50, M, shiny|100\/100\n|-ability|p2a: Bullshifu|Intimidate|boost\n|-unboost|p1a: Volcarona|atk|1\n|-unboost|p1b: Whimsicott|atk|1\n|move|p1b: Whimsicott|Moonblast|p2a: Bullshifu\n|-supereffective|p2a: Bullshifu\n|-damage|p2a: Bullshifu|4\/100\n|move|p2b: Shamonerona|Heat Wave|p1b: Whimsicott|[spread] p1a,p1b\n|-resisted|p1a: Volcarona\n|-supereffective|p1b: Whimsicott\n|-damage|p1a: Volcarona|42\/100\n|-enditem|p1b: Whimsicott|Focus Sash\n|-damage|p1b: Whimsicott|1\/100\n|\n|upkeep\n|turn|9\n|\n|t:|1731484404\n|move|p2b: Shamonerona|Protect|p2b: Shamonerona\n|-singleturn|p2b: Shamonerona|Protect\n|move|p1b: Whimsicott|Tailwind|p1b: Whimsicott\n|-sidestart|p1: macarhao|move: Tailwind\n|move|p2a: Bullshifu|Aqua Jet|p1b: Whimsicott\n|-resisted|p1b: Whimsicott\n|-damage|p1b: Whimsicott|0 fnt\n|faint|p1b: Whimsicott\n|move|p1a: Volcarona|Heat Wave|p2b: Shamonerona|[spread] p2a\n|-activate|p2b: Shamonerona|move: Protect\n|-resisted|p2a: Bullshifu\n|-damage|p2a: Bullshifu|0 fnt\n|faint|p2a: Bullshifu\n|\n|upkeep\n|\n|t:|1731484415\n|switch|p1b: Dragonite|Dragonite, L50, F|90\/100\n|switch|p2a: Snowblind|Sableye, L50, M|25\/100 brn\n|turn|10\n|\n|t:|1731484424\n|switch|p1a: Kingambit|Kingambit, L50, M|31\/100\n|move|p2a: Snowblind|Disable|p1a: Kingambit\n|-hint|Since gen 7, Dark is immune to Prankster moves.\n|-immune|p1a: Kingambit\n|move|p1b: Dragonite|Outrage|p2b: Shamonerona\n|-damage|p2b: Shamonerona|0 fnt\n|faint|p2b: Shamonerona\n|\n|-damage|p2a: Snowblind|20\/100 brn|[from] brn\n|upkeep\n|\n|t:|1731484435\n|switch|p2b: Forklift Certified|Archaludon, L50, M, shiny, tera:Electric|100\/100\n|turn|11\n|\n|t:|1731484457\n|move|p2b: Forklift Certified|Protect|p2b: Forklift Certified\n|-singleturn|p2b: Forklift Certified|Protect\n|move|p2a: Snowblind|Disable|p1b: Dragonite\n|-start|p1b: Dragonite|Disable|Outrage\n|cant|p1b: Dragonite|Disable|Outrage\n|move|p1a: Kingambit|Kowtow Cleave|p2a: Snowblind\n|-damage|p2a: Snowblind|0 fnt\n|faint|p2a: Snowblind\n|\n|upkeep\n|turn|12\n|j| cocoseed\n|l| cocoseed\n|\n|t:|1731484473\n|move|p1a: Kingambit|Sucker Punch|p2b: Forklift Certified\n|-damage|p2b: Forklift Certified|73\/100\n|-activate|p1b: Dragonite|move: Struggle\n|move|p1b: Dragonite|Struggle|p2b: Forklift Certified\n|-damage|p2b: Forklift Certified|51\/100\n|-damage|p1b: Dragonite|65\/100|[from] recoil\n|move|p2b: Forklift Certified|Dragon Pulse|p1b: Dragonite\n|-supereffective|p1b: Dragonite\n|-damage|p1b: Dragonite|0 fnt\n|faint|p1b: Dragonite\n|\n|-sideend|p1: macarhao|move: Tailwind\n|upkeep\n|j| cocoseed\n|\n|t:|1731484480\n|switch|p1b: Volcarona|Volcarona, L50, F, tera:Fire|42\/100\n|turn|13\n|\n|t:|1731484488\n|move|p1a: Kingambit|Sucker Punch|p2b: Forklift Certified\n|-damage|p2b: Forklift Certified|22\/100\n|move|p1b: Volcarona|Bug Buzz|p2b: Forklift Certified\n|-damage|p2b: Forklift Certified|0 fnt\n|faint|p2b: Forklift Certified\n|\n|win|macarhao\n|raw|macarhao's rating: 1748 &rarr; <strong>1767<\/strong><br \/>(+19 for winning)\n|raw|VGCLTH Sir Aaron's rating: 1738 &rarr; <strong>1719<\/strong><br \/>(-19 for losing)\n|l| Tilzy\n|l| cocoseed\n|l|\u2606macarhao\n|player|p1|\n|j| crem1111\n|l| crem1111\n","uploadtime":1731484688,"views":42,"formatid":"gen9vgc2024regh","rating":1719,"private":0,"password":null}