{"id":"gen9vgc2024regh-2242805732","format":"[Gen 9] VGC 2024 Reg H","players":["Kiwigal","VGCLTH Slow"],"log":"|raw|<div class=\"broadcast-blue\"><strong>This battle is required to be public due to a player having a name starting with 'vgclth'.<\/div>\n|j|\u2606Kiwigal\n|j|\u2606VGCLTH Slow\n|t:|1731466412\n|gametype|doubles\n|player|p1|Kiwigal|emma|1647\n|player|p2|VGCLTH Slow|skier|1705\n|teamsize|p1|6\n|teamsize|p2|6\n|gen|9\n|tier|[Gen 9] VGC 2024 Reg H\n|rated|\n|rule|Species Clause: Limit one of each Pok\u00e9mon\n|rule|Item Clause: Limit 1 of each item\n|clearpoke\n|poke|p1|Garganacl, L50, F|\n|poke|p1|Indeedee, L50, M|\n|poke|p1|Delphox, L50, F|\n|poke|p1|Pelipper, L50, F|\n|poke|p1|Archaludon, L50, F|\n|poke|p1|Hydreigon, L50, F|\n|poke|p2|Sableye, L50, M|\n|poke|p2|Sylveon, L50, F|\n|poke|p2|Archaludon, L50, M|\n|poke|p2|Volcarona, L50, F|\n|poke|p2|Rillaboom, L50, F|\n|poke|p2|Tauros-Paldea-Aqua, L50, M|\n|teampreview|4\nVGCLTH Slow has agreed to open team sheets.\n|j| kyotgst\n|inactive|Battle timer is ON: inactive players will automatically lose when time's up. (requested by VGCLTH Slow)\n|l| kyotgst\n|\n|t:|1731466440\n|start\n|switch|p1a: Pelipper|Pelipper, L50, F|100\/100\n|switch|p1b: Archaludon|Archaludon, L50, F|100\/100\n|switch|p2a: Shamonerona|Volcarona, L50, F, shiny|100\/100\n|switch|p2b: Forklift Certified|Archaludon, L50, M, shiny|100\/100\n|-weather|RainDance|[from] ability: Drizzle|[of] p1a: Pelipper\n|turn|1\n|j| weirdo33\n|\n|t:|1731466457\n|switch|p2b: Koko The Gorythmic|Rillaboom, L50, F|100\/100\n|-fieldstart|move: Grassy Terrain|[from] ability: Grassy Surge|[of] p2b: Koko The Gorythmic\n|-terastallize|p2a: Shamonerona|Grass\n|move|p2a: Shamonerona|Quiver Dance|p2a: Shamonerona\n|-boost|p2a: Shamonerona|spa|1\n|-boost|p2a: Shamonerona|spd|1\n|-boost|p2a: Shamonerona|spe|1\n|move|p1a: Pelipper|Tailwind|p1a: Pelipper\n|-sidestart|p1: Kiwigal|move: Tailwind\n|move|p1b: Archaludon|Electro Shot||[still]\n|-prepare|p1b: Archaludon|Electro Shot\n|-boost|p1b: Archaludon|spa|1\n|-anim|p1b: Archaludon|Electro Shot|p2a: Shamonerona\n|-resisted|p2a: Shamonerona\n|-damage|p2a: Shamonerona|81\/100\n|\n|-weather|RainDance|[upkeep]\n|-heal|p2a: Shamonerona|87\/100|[from] Grassy Terrain\n|upkeep\n|turn|2\n|\n|t:|1731466482\n|move|p2b: Koko The Gorythmic|Fake Out|p1a: Pelipper\n|-damage|p1a: Pelipper|83\/100\n|move|p1a: Pelipper|Hurricane|p2a: Shamonerona\n|-supereffective|p2a: Shamonerona\n|-damage|p2a: Shamonerona|29\/100\n|move|p1b: Archaludon|Dragon Pulse|p2a: Shamonerona\n|-damage|p2a: Shamonerona|0 fnt\n|faint|p2a: Shamonerona\n|\n|-weather|RainDance|[upkeep]\n|upkeep\n|\n|t:|1731466490\n|switch|p2a: Forklift Certified|Archaludon, L50, M, shiny|100\/100\n|turn|3\n|\n|t:|1731466501\n|move|p1a: Pelipper|Hurricane|p2b: Koko The Gorythmic\n|-supereffective|p2b: Koko The Gorythmic\n|-damage|p2b: Koko The Gorythmic|28\/100\n|move|p1b: Archaludon|Electro Shot||[still]\n|-prepare|p1b: Archaludon|Electro Shot\n|-boost|p1b: Archaludon|spa|1\n|-anim|p1b: Archaludon|Electro Shot|p2b: Koko The Gorythmic\n|-resisted|p2b: Koko The Gorythmic\n|-damage|p2b: Koko The Gorythmic|0 fnt\n|faint|p2b: Koko The Gorythmic\n|move|p2a: Forklift Certified|Electro Shot||[still]\n|-prepare|p2a: Forklift Certified|Electro Shot\n|-boost|p2a: Forklift Certified|spa|1\n|-anim|p2a: Forklift Certified|Electro Shot|p1a: Pelipper\n|-supereffective|p1a: Pelipper\n|-damage|p1a: Pelipper|0 fnt\n|faint|p1a: Pelipper\n|\n|-weather|RainDance|[upkeep]\n|upkeep\n|\n|t:|1731466512\n|switch|p1a: Indeedee|Indeedee, L50, M|100\/100\n|switch|p2b: Bullshifu|Tauros-Paldea-Aqua, L50, M, shiny|100\/100\n|-fieldstart|move: Psychic Terrain|[from] ability: Psychic Surge|[of] p1a: Indeedee\n|-ability|p2b: Bullshifu|Intimidate|boost\n|-unboost|p1a: Indeedee|atk|1\n|-unboost|p1b: Archaludon|atk|1\n|turn|4\n|\n|t:|1731466534\n|move|p2b: Bullshifu|Protect|p2b: Bullshifu\n|-singleturn|p2b: Bullshifu|Protect\n|move|p1a: Indeedee|Expanding Force|p2b: Bullshifu|[spread] p2a\n|-activate|p2b: Bullshifu|move: Protect\n|-resisted|p2a: Forklift Certified\n|-crit|p2a: Forklift Certified\n|-damage|p2a: Forklift Certified|50\/100\n|move|p1b: Archaludon|Dragon Pulse|p2a: Forklift Certified\n|-damage|p2a: Forklift Certified|0 fnt\n|faint|p2a: Forklift Certified\n|\n|-weather|RainDance|[upkeep]\n|-sideend|p1: Kiwigal|move: Tailwind\n|upkeep\n|turn|5\n|-message|VGCLTH Slow forfeited.\n|\n|win|Kiwigal\n|raw|Kiwigal's rating: 1647 &rarr; <strong>1670<\/strong><br \/>(+23 for winning)\n|raw|VGCLTH Slow's rating: 1705 &rarr; <strong>1682<\/strong><br \/>(-23 for losing)\n","uploadtime":1731466543,"views":32,"formatid":"gen9vgc2024regh","rating":1670,"private":0,"password":null}