{"id":"gen9vgc2024regh-2242354440","format":"[Gen 9] VGC 2024 Reg H","players":["VGCLTH Remake","LWV_I"],"log":"|j|\u2606VGCLTH Remake\n|j|\u2606LWV_I\n|t:|1731418760\n|gametype|doubles\n|player|p1|VGCLTH Remake|roxie|1640\n|player|p2|LWV_I|bruno|1687\n|teamsize|p1|6\n|teamsize|p2|6\n|gen|9\n|tier|[Gen 9] VGC 2024 Reg H\n|rated|\n|rule|Species Clause: Limit one of each Pok\u00e9mon\n|rule|Item Clause: Limit 1 of each item\n|clearpoke\n|poke|p1|Tyranitar, L50, M|\n|poke|p1|Gholdengo, L50|\n|poke|p1|Talonflame, L50, F|\n|poke|p1|Garchomp, L50, F|\n|poke|p1|Decidueye-Hisui, L50, M|\n|poke|p1|Gastrodon, L50, M|\n|poke|p2|Gholdengo, L50|\n|poke|p2|Murkrow, L50, F|\n|poke|p2|Indeedee, L50, M|\n|poke|p2|Sneasler, L50, F|\n|poke|p2|Delphox, L50, F|\n|poke|p2|Dragapult, L50, M|\n|teampreview|4\n|inactive|Battle timer is ON: inactive players will automatically lose when time's up. (requested by LWV_I)\n|inactive|VGCLTH Remake has 60 seconds left.\n|inactive|LWV_I has 60 seconds left.\nLWV_I rejected open team sheets.\n|j| tzer99\n|inactive|VGCLTH Remake has 30 seconds left.\n|\n|t:|1731418831\n|start\n|switch|p1a: Tyranitar|Tyranitar, L50, M, shiny|100\/100\n|switch|p1b: Talonflame|Talonflame, L50, F|100\/100\n|switch|p2a: Murkrow|Murkrow, L50, F, shiny|100\/100\n|switch|p2b: Enya|Delphox, L50, F, shiny|100\/100\n|-weather|Sandstorm|[from] ability: Sand Stream|[of] p1a: Tyranitar\n|turn|1\n|\n|t:|1731418850\n|switch|p1a: Gholdengo|Gholdengo, L50|100\/100\n|-terastallize|p2b: Enya|Fighting\n|move|p1b: Talonflame|Tailwind|p1b: Talonflame\n|-sidestart|p1: VGCLTH Remake|move: Tailwind\n|move|p2b: Enya|Tera Blast|p1a: Gholdengo|[anim] Tera Blast Fighting\n|-immune|p1a: Gholdengo\n|move|p2a: Murkrow|Foul Play|p1b: Talonflame\n|-damage|p1b: Talonflame|43\/100\n|\n|-weather|Sandstorm|[upkeep]\n|-damage|p1b: Talonflame|37\/100|[from] Sandstorm\n|-damage|p2b: Enya|94\/100|[from] Sandstorm\n|-damage|p2a: Murkrow|95\/100|[from] Sandstorm\n|upkeep\n|turn|2\n|\n|t:|1731418867\n|switch|p1b: Tyranitar|Tyranitar, L50, M, shiny|100\/100\n|-terastallize|p1a: Gholdengo|Steel\n|move|p2b: Enya|Protect|p2b: Enya\n|-singleturn|p2b: Enya|Protect\n|move|p1a: Gholdengo|Make It Rain|p2a: Murkrow|[spread] p2a\n|-activate|p2b: Enya|move: Protect\n|-damage|p2a: Murkrow|0 fnt\n|-unboost|p1a: Gholdengo|spa|1\n|faint|p2a: Murkrow\n|\n|-weather|Sandstorm|[upkeep]\n|-damage|p2b: Enya|88\/100|[from] Sandstorm\n|upkeep\n|inactive|LWV_I has 30 seconds left.\n|\n|t:|1731418892\n|switch|p2a: Sneasler|Sneasler, L50, F|100\/100\n|turn|3\n|l| tzer99\n|\n|t:|1731418912\n|switch|p1a: Talonflame|Talonflame, L50, F|37\/100\n|switch|p2b: Indeedee|Indeedee, L50, M|100\/100\n|-fieldstart|move: Psychic Terrain|[from] ability: Psychic Surge|[of] p2b: Indeedee\n|-enditem|p2a: Sneasler|Psychic Seed\n|-boost|p2a: Sneasler|spd|1|[from] item: Psychic Seed\n|move|p1b: Tyranitar|Protect|p1b: Tyranitar\n|-singleturn|p1b: Tyranitar|Protect\n|move|p2a: Sneasler|Close Combat|p1b: Tyranitar\n|-activate|p1b: Tyranitar|move: Protect\n|\n|-weather|Sandstorm|[upkeep]\n|-damage|p1a: Talonflame|31\/100|[from] Sandstorm\n|-damage|p2a: Sneasler|95\/100|[from] Sandstorm\n|-damage|p2b: Indeedee|95\/100|[from] Sandstorm\n|upkeep\n|turn|4\n|inactive|LWV_I has 30 seconds left.\n|\n|t:|1731418943\n|move|p2b: Indeedee|Protect|p2b: Indeedee\n|-singleturn|p2b: Indeedee|Protect\n|move|p1a: Talonflame|Brave Bird|p2a: Sneasler\n|-supereffective|p2a: Sneasler\n|-damage|p2a: Sneasler|0 fnt\n|faint|p2a: Sneasler\n|-damage|p1a: Talonflame|0 fnt|[from] Recoil\n|faint|p1a: Talonflame\n|move|p1b: Tyranitar|Knock Off|p2b: Indeedee\n|-activate|p2b: Indeedee|move: Protect\n|\n|-weather|Sandstorm|[upkeep]\n|-damage|p2b: Indeedee|89\/100|[from] Sandstorm\n|-sideend|p1: VGCLTH Remake|move: Tailwind\n|upkeep\n|\n|t:|1731418949\n|switch|p1a: Garchomp|Garchomp, L50, F, shiny|100\/100\n|switch|p2a: Enya|Delphox, L50, F, shiny, tera:Fighting|88\/100\n|turn|5\n|inactive|LWV_I has 30 seconds left.\n|inactive|LWV_I has 20 seconds left.\n|inactive|LWV_I has 15 seconds left.\n|\n|t:|1731418989\n|move|p2a: Enya|Expanding Force|p1a: Garchomp|[spread] p1a\n|-immune|p1b: Tyranitar\n|-damage|p1a: Garchomp|19\/100\n|-damage|p2a: Enya|78\/100|[from] item: Life Orb\n|move|p1a: Garchomp|Dragon Claw|p2a: Enya\n|-damage|p2a: Enya|0 fnt\n|faint|p2a: Enya\n|-damage|p1a: Garchomp|9\/100|[from] item: Life Orb\n|move|p2b: Indeedee|Expanding Force|p1a: Garchomp|[spread] p1a\n|-immune|p1b: Tyranitar\n|-damage|p1a: Garchomp|0 fnt\n|faint|p1a: Garchomp\n|move|p1b: Tyranitar|Knock Off|p2b: Indeedee\n|-supereffective|p2b: Indeedee\n|-damage|p2b: Indeedee|0 fnt\n|-enditem|p2b: Indeedee|Focus Sash|[from] move: Knock Off|[of] p1b: Tyranitar\n|faint|p2b: Indeedee\n|\n|win|VGCLTH Remake\n|raw|VGCLTH Remake's rating: 1640 &rarr; <strong>1663<\/strong><br \/>(+23 for winning)\n|raw|LWV_I's rating: 1687 &rarr; <strong>1664<\/strong><br \/>(-23 for losing)\n|l|\u2606VGCLTH Remake\n|player|p1|\n|l|\u2606LWV_I\n|player|p2|\n","uploadtime":1731419252,"views":31,"formatid":"gen9vgc2024regh","rating":1663,"private":0,"password":null}