{"id":"gen9vgc2024regh-2242413895","format":"[Gen 9] VGC 2024 Reg H","players":["DanielMane","vgclth souly"],"log":"|raw|<div class=\"broadcast-blue\"><strong>This battle is required to be public due to a player having a name starting with 'vgclth'.<\/div>\n|j|\u2606DanielMane\n|j|\u2606vgclth souly\n|t:|1731425023\n|gametype|doubles\n|player|p1|DanielMane|102|1662\n|player|p2|vgclth souly|#smogonxnpa2024draftee|1768\n|teamsize|p1|6\n|teamsize|p2|6\n|gen|9\n|tier|[Gen 9] VGC 2024 Reg H\n|rated|\n|rule|Species Clause: Limit one of each Pok\u00e9mon\n|rule|Item Clause: Limit 1 of each item\n|clearpoke\n|poke|p1|Dugtrio, L50, M|\n|poke|p1|Ninetales-Alola, L50, F|\n|poke|p1|Incineroar, L50, F|\n|poke|p1|Dragonite, L50, F|\n|poke|p1|Gholdengo, L50|\n|poke|p1|Rotom-Heat, L50|\n|poke|p2|Archaludon, L50, F|\n|poke|p2|Pelipper, L50, M|\n|poke|p2|Electabuzz, L50, M|\n|poke|p2|Kingambit, L50, F|\n|poke|p2|Rillaboom, L50, F|\n|poke|p2|Basculegion, L50, M|\n|teampreview|4\n|inactive|Battle timer is ON: inactive players will automatically lose when time's up. (requested by vgclth souly)\n|\n|t:|1731425054\n|start\n|switch|p1a: Dugtrio|Dugtrio, L50, M|100\/100\n|switch|p1b: Dragonite|Dragonite, L50, F|100\/100\n|switch|p2a: Archaludon|Archaludon, L50, F|100\/100\n|switch|p2b: Pelipper|Pelipper, L50, M|100\/100\n|-weather|RainDance|[from] ability: Drizzle|[of] p2b: Pelipper\n|turn|1\n|\n|t:|1731425062\n|-terastallize|p1b: Dragonite|Flying\n|-terastallize|p2a: Archaludon|Fairy\n|move|p2b: Pelipper|Protect|p2b: Pelipper\n|-singleturn|p2b: Pelipper|Protect\n|move|p1a: Dugtrio|Endeavor|p2b: Pelipper\n|-activate|p2b: Pelipper|move: Protect\n|move|p1b: Dragonite|Tera Blast|p2b: Pelipper|[anim] Tera Blast Flying\n|-activate|p2b: Pelipper|move: Protect\n|move|p2a: Archaludon|Flash Cannon|p1b: Dragonite\n|-damage|p1b: Dragonite|84\/100\n|\n|-weather|RainDance|[upkeep]\n|upkeep\n|turn|2\n|\n|t:|1731425085\n|switch|p1a: Ninetales|Ninetales-Alola, L50, F|100\/100\n|-weather|Snow|[from] ability: Snow Warning|[of] p1a: Ninetales\n|move|p1b: Dragonite|Encore|p2b: Pelipper\n|-start|p2b: Pelipper|Encore\n|move|p2b: Pelipper|Protect||[still]\n|-fail|p2b: Pelipper\n|move|p2a: Archaludon|Electro Shot||[still]\n|-prepare|p2a: Archaludon|Electro Shot\n|-boost|p2a: Archaludon|spa|1\n|\n|-weather|Snow|[upkeep]\n|upkeep\n|turn|3\n|\n|t:|1731425096\n|switch|p1b: Dugtrio|Dugtrio, L50, M|100\/100\n|switch|p2b: Kingambit|Kingambit, L50, F|100\/100\n|move|p1a: Ninetales|Blizzard|p2a: Archaludon|[spread] p2a,p2b\n|-resisted|p2b: Kingambit\n|-damage|p2a: Archaludon|61\/100\n|-damage|p2b: Kingambit|81\/100\n|-ability|p2a: Archaludon|Stamina|boost\n|-boost|p2a: Archaludon|def|1\n|move|p2a: Archaludon|Electro Shot|p1b: Dugtrio|[from]lockedmove\n|-immune|p1b: Dugtrio\n|\n|-weather|Snow|[upkeep]\n|-heal|p2a: Archaludon|68\/100|[from] item: Leftovers\n|upkeep\n|turn|4\n|\n|t:|1731425112\n|move|p2a: Archaludon|Protect|p2a: Archaludon\n|-singleturn|p2a: Archaludon|Protect\n|move|p2b: Kingambit|Sucker Punch|p1b: Dugtrio\n|-enditem|p1b: Dugtrio|Focus Sash\n|-damage|p1b: Dugtrio|2\/100\n|move|p1b: Dugtrio|Endeavor|p2b: Kingambit\n|-damage|p2b: Kingambit|1\/100\n|move|p1a: Ninetales|Encore|p2a: Archaludon\n|-activate|p2a: Archaludon|move: Protect\n|\n|-weather|Snow|[upkeep]\n|-heal|p2a: Archaludon|74\/100|[from] item: Leftovers\n|upkeep\n|turn|5\n|\n|t:|1731425124\n|move|p1b: Dugtrio|Protect|p1b: Dugtrio\n|-singleturn|p1b: Dugtrio|Protect\n|move|p2b: Kingambit|Sucker Punch||[still]\n|-fail|p2b: Kingambit\n|move|p1a: Ninetales|Encore|p2a: Archaludon\n|-start|p2a: Archaludon|Encore\n|move|p2a: Archaludon|Protect||[still]\n|-fail|p2a: Archaludon\n|\n|-weather|Snow|[upkeep]\n|-heal|p2a: Archaludon|80\/100|[from] item: Leftovers\n|upkeep\n|turn|6\n|\n|t:|1731425133\n|move|p1b: Dugtrio|Protect||[still]\n|-fail|p1b: Dugtrio\n|move|p2a: Archaludon|Protect|p2a: Archaludon\n|-singleturn|p2a: Archaludon|Protect\n|move|p2b: Kingambit|Sucker Punch||[still]\n|-fail|p2b: Kingambit\n|move|p1a: Ninetales|Blizzard|p2a: Archaludon|[spread] p2b\n|-activate|p2a: Archaludon|move: Protect\n|-resisted|p2b: Kingambit\n|-damage|p2b: Kingambit|0 fnt\n|faint|p2b: Kingambit\n|\n|-weather|none\n|-heal|p2a: Archaludon|86\/100|[from] item: Leftovers\n|upkeep\n|\n|t:|1731425140\n|switch|p2b: Rillaboom|Rillaboom, L50, F|100\/100\n|-fieldstart|move: Grassy Terrain|[from] ability: Grassy Surge|[of] p2b: Rillaboom\n|turn|7\n|\n|t:|1731425156\n|switch|p1a: Dragonite|Dragonite, L50, F, tera:Flying|84\/100\n|move|p1b: Dugtrio|Protect|p1b: Dugtrio\n|-singleturn|p1b: Dugtrio|Protect\n|move|p2a: Archaludon|Protect||[still]\n|-fail|p2a: Archaludon\n|move|p2b: Rillaboom|Grassy Glide|p1b: Dugtrio\n|-activate|p1b: Dugtrio|move: Protect\n|\n|-heal|p1b: Dugtrio|7\/100|[from] Grassy Terrain\n|-heal|p2a: Archaludon|93\/100|[from] Grassy Terrain\n|-heal|p2a: Archaludon|99\/100|[from] item: Leftovers\n|-end|p2a: Archaludon|Encore\n|upkeep\n|turn|8\n|\n|t:|1731425169\n|switch|p1b: Rotom|Rotom-Heat, L50|100\/100\n|move|p2b: Rillaboom|Grassy Glide|p1b: Rotom\n|-resisted|p1b: Rotom\n|-damage|p1b: Rotom|79\/100\n|move|p1a: Dragonite|Encore|p2a: Archaludon\n|-start|p2a: Archaludon|Encore\n|move|p2a: Archaludon|Protect||[still]\n|-fail|p2a: Archaludon\n|\n|-heal|p2a: Archaludon|100\/100|[from] Grassy Terrain\n|upkeep\n|turn|9\n|\n|t:|1731425180\n|switch|p2a: Pelipper|Pelipper, L50, M|100\/100\n|-weather|RainDance|[from] ability: Drizzle|[of] p2a: Pelipper\n|move|p1a: Dragonite|Tera Blast|p2b: Rillaboom|[anim] Tera Blast Flying\n|-supereffective|p2b: Rillaboom\n|-damage|p2b: Rillaboom|0 fnt\n|faint|p2b: Rillaboom\n|move|p1b: Rotom|Volt Switch|p2a: Pelipper\n|-supereffective|p2a: Pelipper\n|-enditem|p2a: Pelipper|Focus Sash\n|-damage|p2a: Pelipper|1\/100\n|\n|t:|1731425187\n|switch|p1b: Ninetales|Ninetales-Alola, L50, F|100\/100|[from] Volt Switch\n|-weather|Snow|[from] ability: Snow Warning|[of] p1b: Ninetales\n|\n|-weather|Snow|[upkeep]\n|upkeep\n|-message|vgclth souly forfeited.\n|\n|win|DanielMane\n|raw|DanielMane's rating: 1662 &rarr; <strong>1688<\/strong><br \/>(+26 for winning)\n|raw|vgclth souly's rating: 1768 &rarr; <strong>1742<\/strong><br \/>(-26 for losing)\n|l|\u2606vgclth souly\n|player|p2|\n|l|\u2606DanielMane\n|player|p1|\n","uploadtime":1731425388,"views":31,"formatid":"gen9vgc2024regh","rating":1688,"private":0,"password":null}