{"id":"gen9vgc2024regh-2242636374","format":"[Gen 9] VGC 2024 Reg H","players":["VGCLTH John Pork","nivea4"],"log":"|raw|<div class=\"broadcast-blue\"><strong>This battle is required to be public due to a player having a name starting with 'vgclth'.<\/div>\n|j|\u2606VGCLTH John Pork\n|j|\u2606nivea4\n|t:|1731446288\n|gametype|doubles\n|player|p1|VGCLTH John Pork|ogreclan|1769\n|player|p2|nivea4|266|1666\n|teamsize|p1|6\n|teamsize|p2|6\n|gen|9\n|tier|[Gen 9] VGC 2024 Reg H\n|rated|\n|rule|Species Clause: Limit one of each Pok\u00e9mon\n|rule|Item Clause: Limit 1 of each item\n|clearpoke\n|poke|p1|Whimsicott, L50, M|\n|poke|p1|Typhlosion-Hisui, L50, M|\n|poke|p1|Annihilape, L50, F|\n|poke|p1|Maushold-Four, L50|\n|poke|p1|Farigiraf, L50, F|\n|poke|p1|Ursaluna-Bloodmoon, L50, M|\n|poke|p2|Ursaluna-Bloodmoon, L50, M|\n|poke|p2|Gholdengo, L50|\n|poke|p2|Amoonguss, L50, F|\n|poke|p2|Volcarona, L50, M|\n|poke|p2|Grimmsnarl, L50, M|\n|poke|p2|Tyranitar, L50, M|\n|teampreview|4\n|\n|t:|1731446327\n|start\n|switch|p1a: Whimsicott|Whimsicott, L50, M|100\/100\n|switch|p1b: Ursaluna|Ursaluna-Bloodmoon, L50, M|100\/100\n|switch|p2a: Grimmsnarl|Grimmsnarl, L50, M|100\/100\n|switch|p2b: Ursaluna|Ursaluna-Bloodmoon, L50, M|100\/100\n|turn|1\n|\n|t:|1731446343\n|move|p1b: Ursaluna|Protect|p1b: Ursaluna\n|-singleturn|p1b: Ursaluna|Protect\n|move|p2a: Grimmsnarl|Light Screen|p2a: Grimmsnarl\n|-sidestart|p2: nivea4|move: Light Screen\n|move|p1a: Whimsicott|Moonblast|p2b: Ursaluna\n|-damage|p2b: Ursaluna|72\/100\n|-unboost|p2b: Ursaluna|spa|1\n|move|p2b: Ursaluna|Hyper Voice|p1a: Whimsicott|[spread] p1a\n|-activate|p1b: Ursaluna|move: Protect\n|-damage|p1a: Whimsicott|42\/100\n|-damage|p2b: Ursaluna|63\/100|[from] item: Life Orb\n|\n|upkeep\n|turn|2\n|\n|t:|1731446360\n|-terastallize|p1b: Ursaluna|Normal\n|move|p1a: Whimsicott|Tailwind|p1a: Whimsicott\n|-sidestart|p1: VGCLTH John Pork|move: Tailwind\n|move|p1b: Ursaluna|Blood Moon|p2a: Grimmsnarl\n|-damage|p2a: Grimmsnarl|13\/100\n|-damage|p1b: Ursaluna|91\/100|[from] item: Life Orb\n|move|p2b: Ursaluna|Hyper Voice|p1b: Ursaluna|[spread] p1a,p1b\n|-damage|p1a: Whimsicott|0 fnt\n|-damage|p1b: Ursaluna|51\/100\n|faint|p1a: Whimsicott\n|-damage|p2b: Ursaluna|53\/100|[from] item: Life Orb\n|move|p2a: Grimmsnarl|Spirit Break|p1b: Ursaluna\n|-damage|p1b: Ursaluna|30\/100\n|-unboost|p1b: Ursaluna|spa|1\n|\n|upkeep\n|\n|t:|1731446371\n|switch|p1a: Typhlosion|Typhlosion-Hisui, L50, M|100\/100\n|-item|p2a: Grimmsnarl|Light Clay|[from] ability: Frisk|[of] p1a: Typhlosion\n|-item|p2b: Ursaluna|Life Orb|[from] ability: Frisk|[of] p1a: Typhlosion\n|turn|3\n|j| vgclth souly\n|\n|t:|1731446399\n|switch|p1b: Annihilape|Annihilape, L50, F|100\/100\n|move|p2b: Ursaluna|Protect|p2b: Ursaluna\n|-singleturn|p2b: Ursaluna|Protect\n|move|p2a: Grimmsnarl|Thunder Wave|p1a: Typhlosion\n|-status|p1a: Typhlosion|par\n|cant|p1a: Typhlosion|par\n|\n|upkeep\n|turn|4\n|\n|t:|1731446418\n|switch|p1b: Ursaluna|Ursaluna-Bloodmoon, L50, M, tera:Normal|30\/100\n|switch|p2b: Volcarona|Volcarona, L50, M|100\/100\n|move|p2a: Grimmsnarl|Reflect|p2a: Grimmsnarl\n|-sidestart|p2: nivea4|Reflect\n|move|p1a: Typhlosion|Eruption|p2b: Volcarona|[spread] p2a,p2b\n|-damage|p2a: Grimmsnarl|0 fnt\n|-damage|p2b: Volcarona|52\/100\n|faint|p2a: Grimmsnarl\n|\n|upkeep\n|\n|t:|1731446434\n|switch|p2a: Gholdengo|Gholdengo, L50|100\/100\n|turn|5\n|\n|t:|1731446452\n|move|p2b: Volcarona|Protect|p2b: Volcarona\n|-singleturn|p2b: Volcarona|Protect\n|move|p2a: Gholdengo|Protect|p2a: Gholdengo\n|-singleturn|p2a: Gholdengo|Protect\n|move|p1a: Typhlosion|Eruption|p2a: Gholdengo|[spread] \n|-activate|p2a: Gholdengo|move: Protect\n|-activate|p2b: Volcarona|move: Protect\n|move|p1b: Ursaluna|Earth Power|p2a: Gholdengo\n|-activate|p2a: Gholdengo|move: Protect\n|\n|-sideend|p1: VGCLTH John Pork|move: Tailwind\n|upkeep\n|turn|6\n|\n|t:|1731446467\n|-terastallize|p2a: Gholdengo|Dragon\n|move|p2b: Volcarona|Quiver Dance|p2b: Volcarona\n|-boost|p2b: Volcarona|spa|1\n|-boost|p2b: Volcarona|spd|1\n|-boost|p2b: Volcarona|spe|1\n|move|p2a: Gholdengo|Make It Rain|p1a: Typhlosion|[spread] p1a,p1b\n|-resisted|p1a: Typhlosion\n|-damage|p1a: Typhlosion|72\/100 par\n|-damage|p1b: Ursaluna|0 fnt\n|-unboost|p2a: Gholdengo|spa|1\n|faint|p1b: Ursaluna\n|cant|p1a: Typhlosion|par\n|\n|upkeep\n|\n|t:|1731446511\n|switch|p1b: Annihilape|Annihilape, L50, F|100\/100\n|turn|7\n|\n|t:|1731446545\n|move|p2b: Volcarona|Quiver Dance|p2b: Volcarona\n|-boost|p2b: Volcarona|spa|1\n|-boost|p2b: Volcarona|spd|1\n|-boost|p2b: Volcarona|spe|1\n|move|p1b: Annihilape|Close Combat|p2a: Gholdengo\n|-damage|p2a: Gholdengo|47\/100\n|-unboost|p1b: Annihilape|def|1\n|-unboost|p1b: Annihilape|spd|1\n|move|p2a: Gholdengo|Shadow Ball|p1a: Typhlosion\n|-supereffective|p1a: Typhlosion\n|-damage|p1a: Typhlosion|0 fnt\n|faint|p1a: Typhlosion\n|\n|-heal|p2a: Gholdengo|54\/100|[from] item: Leftovers\n|upkeep\n|turn|8\n|-message|VGCLTH John Pork forfeited.\n|\n|win|nivea4\n|raw|VGCLTH John Pork's rating: 1769 &rarr; <strong>1743<\/strong><br \/>(-26 for losing)\n|raw|nivea4's rating: 1666 &rarr; <strong>1692<\/strong><br \/>(+26 for winning)\n|l|\u2606VGCLTH John Pork\n|player|p1|\n|l| vgclth souly\n|l|\u2606nivea4\n|player|p2|\n","uploadtime":1731446774,"views":45,"formatid":"gen9vgc2024regh","rating":1692,"private":0,"password":null}