{"id":"gen9vgc2024regh-2242962012","format":"[Gen 9] VGC 2024 Reg H","players":["VGCLTH Thacrow","badpiplupvgc"],"log":"|j|\u2606VGCLTH Thacrow\n|j|\u2606badpiplupvgc\n|t:|1731494198\n|gametype|doubles\n|player|p1|VGCLTH Thacrow|wallace-masters|1842\n|player|p2|badpiplupvgc|102|1722\n|teamsize|p1|6\n|teamsize|p2|6\n|gen|9\n|tier|[Gen 9] VGC 2024 Reg H\n|rated|\n|rule|Species Clause: Limit one of each Pok\u00e9mon\n|rule|Item Clause: Limit 1 of each item\n|clearpoke\n|poke|p1|Ceruledge, L50, F|\n|poke|p1|Gastrodon-East, L50, M|\n|poke|p1|Sneasler, L50, M|\n|poke|p1|Dragonite, L50, F|\n|poke|p1|Rillaboom, L50, F|\n|poke|p1|Kingambit, L50, M|\n|poke|p2|Tyranitar, L50, F|\n|poke|p2|Excadrill, L50, M|\n|poke|p2|Indeedee-F, L50, F|\n|poke|p2|Armarouge, L50, F|\n|poke|p2|Sneasler, L50, F|\n|poke|p2|Milotic, L50, M|\n|teampreview|4\nVGCLTH Thacrow has agreed to open team sheets.\n|\n|t:|1731494256\n|start\n|switch|p1a: Kidturtle|Sneasler, L50, M, shiny|100\/100\n|switch|p1b: Main Flutter|Dragonite, L50, F, shiny|100\/100\n|switch|p2a: Indeedee|Indeedee-F, L50, F|100\/100\n|switch|p2b: Sneasler|Sneasler, L50, F|100\/100\n|-fieldstart|move: Psychic Terrain|[from] ability: Psychic Surge|[of] p2a: Indeedee\n|-enditem|p2b: Sneasler|Psychic Seed\n|-boost|p2b: Sneasler|spd|1|[from] item: Psychic Seed\n|turn|1\n|\n|t:|1731494286\n|move|p2b: Sneasler|Dire Claw|p1b: Main Flutter\n|-damage|p1b: Main Flutter|75\/100\n|-status|p1b: Main Flutter|slp\n|move|p1a: Kidturtle|Dire Claw|p2a: Indeedee\n|-damage|p2a: Indeedee|59\/100\n|cant|p1b: Main Flutter|slp\n|move|p2a: Indeedee|Dazzling Gleam|p1a: Kidturtle|[spread] p1a,p1b\n|-supereffective|p1b: Main Flutter\n|-damage|p1a: Kidturtle|82\/100\n|-damage|p1b: Main Flutter|47\/100 slp\n|\n|upkeep\n|turn|2\n|\n|t:|1731494301\n|switch|p2a: Excadrill|Excadrill, L50, M, shiny|100\/100\n|move|p2b: Sneasler|Dire Claw|p1b: Main Flutter\n|-damage|p1b: Main Flutter|0 fnt\n|faint|p1b: Main Flutter\n|move|p1a: Kidturtle|Dire Claw|p2b: Sneasler\n|-resisted|p2b: Sneasler\n|-damage|p2b: Sneasler|69\/100\n|\n|upkeep\n|\n|t:|1731494307\n|switch|p1b: AdlrichYan|Rillaboom, L50, F|100\/100\n|-fieldstart|move: Grassy Terrain|[from] ability: Grassy Surge|[of] p1b: AdlrichYan\n|turn|3\n|\n|t:|1731494320\n|move|p2b: Sneasler|Protect|p2b: Sneasler\n|-singleturn|p2b: Sneasler|Protect\n|move|p2a: Excadrill|Protect|p2a: Excadrill\n|-singleturn|p2a: Excadrill|Protect\n|move|p1b: AdlrichYan|Fake Out|p2b: Sneasler\n|-activate|p2b: Sneasler|move: Protect\n|move|p1a: Kidturtle|Dire Claw|p2b: Sneasler\n|-activate|p2b: Sneasler|move: Protect\n|\n|-heal|p2b: Sneasler|75\/100|[from] Grassy Terrain\n|-heal|p1a: Kidturtle|88\/100|[from] Grassy Terrain\n|upkeep\n|turn|4\n|\n|t:|1731494340\n|-terastallize|p1b: AdlrichYan|Fire\n|move|p2b: Sneasler|Dire Claw|p1b: AdlrichYan\n|-damage|p1b: AdlrichYan|51\/100\n|-status|p1b: AdlrichYan|psn\n|move|p1a: Kidturtle|Close Combat|p2a: Excadrill\n|-supereffective|p2a: Excadrill\n|-enditem|p2a: Excadrill|Focus Sash\n|-damage|p2a: Excadrill|1\/100\n|-unboost|p1a: Kidturtle|def|1\n|-unboost|p1a: Kidturtle|spd|1\n|move|p2a: Excadrill|High Horsepower|p1a: Kidturtle\n|-supereffective|p1a: Kidturtle\n|-damage|p1a: Kidturtle|0 fnt\n|faint|p1a: Kidturtle\n|move|p1b: AdlrichYan|High Horsepower|p2b: Sneasler\n|-supereffective|p2b: Sneasler\n|-damage|p2b: Sneasler|0 fnt\n|faint|p2b: Sneasler\n|\n|-heal|p2a: Excadrill|7\/100|[from] Grassy Terrain\n|-heal|p1b: AdlrichYan|57\/100 psn|[from] Grassy Terrain\n|-damage|p1b: AdlrichYan|45\/100 psn|[from] psn\n|upkeep\n|\n|t:|1731494372\n|switch|p1a: Godlyreal|Kingambit, L50, M|100\/100\n|switch|p2b: Indeedee|Indeedee-F, L50, F|59\/100\n|-fieldstart|move: Psychic Terrain|[from] ability: Psychic Surge|[of] p2b: Indeedee\n|turn|5\n|\n|t:|1731494393\n|move|p2b: Indeedee|Follow Me|p2b: Indeedee\n|-singleturn|p2b: Indeedee|move: Follow Me\n|move|p2a: Excadrill|Earthquake|p1b: AdlrichYan|[spread] p2b,p1a,p1b\n|-supereffective|p1a: Godlyreal\n|-supereffective|p1b: AdlrichYan\n|-damage|p2b: Indeedee|13\/100\n|-damage|p1a: Godlyreal|29\/100\n|-damage|p1b: AdlrichYan|0 fnt\n|faint|p1b: AdlrichYan\n|move|p1a: Godlyreal|Kowtow Cleave|p2b: Indeedee\n|-supereffective|p2b: Indeedee\n|-damage|p2b: Indeedee|0 fnt\n|faint|p2b: Indeedee\n|\n|upkeep\n|-message|VGCLTH Thacrow forfeited.\n|\n|win|badpiplupvgc\n|raw|VGCLTH Thacrow's rating: 1842 &rarr; <strong>1815<\/strong><br \/>(-27 for losing)\n|raw|badpiplupvgc's rating: 1722 &rarr; <strong>1749<\/strong><br \/>(+27 for winning)\n|l|\u2606VGCLTH Thacrow\n|player|p1|\n|l|\u2606badpiplupvgc\n|player|p2|\n","uploadtime":1731494565,"views":27,"formatid":"gen9vgc2024regh","rating":1749,"private":0,"password":null}