{"id":"gen9vgc2024regh-2242648686","format":"[Gen 9] VGC 2024 Reg H","players":["VGCLTH fangame","ImSoKanzenSaimin"],"log":"|raw|<div class=\"broadcast-blue\"><strong>This battle is required to be public due to a player having a name starting with 'vgclth'.<\/div>\n|j|\u2606VGCLTH fangame\n|j|\u203dImSoKanzenSaimin\n|t:|1731447560\n|gametype|doubles\n|player|p1|VGCLTH fangame|red|1684\n|player|p2|ImSoKanzenSaimin|ash|1688\n|teamsize|p1|6\n|teamsize|p2|6\n|gen|9\n|tier|[Gen 9] VGC 2024 Reg H\n|rated|\n|rule|Species Clause: Limit one of each Pok\u00e9mon\n|rule|Item Clause: Limit 1 of each item\n|clearpoke\n|poke|p1|Glaceon, L50, F|\n|poke|p1|Ninetales-Alola, L50, F|\n|poke|p1|Milotic, L50, M|\n|poke|p1|Incineroar, L50, F|\n|poke|p1|Ursaluna-Bloodmoon, L50, M|\n|poke|p1|Annihilape, L50, F|\n|poke|p2|Ninetales, L50, M|\n|poke|p2|Venusaur, L50, M|\n|poke|p2|Incineroar, L50, M|\n|poke|p2|Rillaboom, L50, M|\n|poke|p2|Tatsugiri, L50, M|\n|poke|p2|Dondozo, L50, M|\n|teampreview|4\n|inactive|Battle timer is ON: inactive players will automatically lose when time's up. (requested by ImSoKanzenSaimin)\n|inactive|VGCLTH fangame also wants the timer to be on.\n|inactive|VGCLTH fangame has 60 seconds left.\n|inactive|VGCLTH fangame has 30 seconds left.\n|inactive|VGCLTH fangame has 20 seconds left.\n|inactive|VGCLTH fangame has 15 seconds left.\n|\n|t:|1731447636\n|start\n|switch|p1a: Incineroar|Incineroar, L50, F, shiny|100\/100\n|switch|p1b: Milotic|Milotic, L50, M, shiny|100\/100\n|switch|p2a: Ninetales|Ninetales, L50, M, shiny|100\/100\n|switch|p2b: Venusaur|Venusaur, L50, M|100\/100\n|-weather|SunnyDay|[from] ability: Drought|[of] p2a: Ninetales\n|-ability|p1a: Incineroar|Intimidate|boost\n|-unboost|p2a: Ninetales|atk|1\n|-unboost|p2b: Venusaur|atk|1\n|turn|1\n|\n|t:|1731447645\n|-terastallize|p1b: Milotic|Grass\n|move|p1a: Incineroar|Fake Out|p2a: Ninetales\n|-damage|p2a: Ninetales|82\/100\n|move|p2b: Venusaur|Sleep Powder|p1b: Milotic\n|-immune|p1b: Milotic\n|cant|p2a: Ninetales|flinch\n|move|p1b: Milotic|Hypnosis|p2a: Ninetales\n|-status|p2a: Ninetales|slp|[from] move: Hypnosis\n|\n|-weather|SunnyDay|[upkeep]\n|upkeep\n|turn|2\n|\n|t:|1731447657\n|-terastallize|p2b: Venusaur|Water\n|move|p2b: Venusaur|Sludge Bomb|p1b: Milotic\n|-supereffective|p1b: Milotic\n|-damage|p1b: Milotic|44\/100\n|-enditem|p1b: Milotic|Sitrus Berry|[eat]\n|-heal|p1b: Milotic|69\/100|[from] item: Sitrus Berry\n|cant|p2a: Ninetales|slp\n|move|p1b: Milotic|Coil|p1b: Milotic\n|-boost|p1b: Milotic|atk|1\n|-boost|p1b: Milotic|def|1\n|-boost|p1b: Milotic|accuracy|1\n|move|p1a: Incineroar|Flare Blitz|p2b: Venusaur\n|-resisted|p2b: Venusaur\n|-damage|p2b: Venusaur|44\/100\n|-damage|p1a: Incineroar|86\/100|[from] Recoil\n|\n|-weather|SunnyDay|[upkeep]\n|upkeep\n|turn|3\n|\n|t:|1731447674\n|switch|p1a: Ninetales|Ninetales-Alola, L50, F, shiny|100\/100\n|-weather|Snow|[from] ability: Snow Warning|[of] p1a: Ninetales\n|cant|p2a: Ninetales|slp\n|move|p2b: Venusaur|Sludge Bomb|p1b: Milotic\n|-supereffective|p1b: Milotic\n|-damage|p1b: Milotic|18\/100\n|move|p1b: Milotic|Muddy Water|p2a: Ninetales|[spread] p2a,p2b\n|-supereffective|p2a: Ninetales\n|-resisted|p2b: Venusaur\n|-damage|p2a: Ninetales|29\/100 slp\n|-damage|p2b: Venusaur|30\/100\n|-unboost|p2a: Ninetales|accuracy|1\n|\n|-weather|Snow|[upkeep]\n|upkeep\n|turn|4\n|\n|t:|1731447685\n|switch|p2a: Dondozo|Dondozo, L50, M, shiny|100\/100\n|switch|p2b: Tatsugiri|Tatsugiri, L50, M, shiny|100\/100\n|-activate|p2b: Tatsugiri|ability: Commander|[of] p2a: Dondozo\n|-boost|p2a: Dondozo|atk|2\n|-boost|p2a: Dondozo|spa|2\n|-boost|p2a: Dondozo|spe|2\n|-boost|p2a: Dondozo|def|2\n|-boost|p2a: Dondozo|spd|2\n|move|p1a: Ninetales|Aurora Veil|p1a: Ninetales\n|-sidestart|p1: VGCLTH fangame|move: Aurora Veil\n|move|p1b: Milotic|Muddy Water|p2b: Tatsugiri|[spread] p2a\n|-miss|p1b: Milotic|p2b: Tatsugiri\n|-resisted|p2a: Dondozo\n|-damage|p2a: Dondozo|95\/100\n|-unboost|p2a: Dondozo|accuracy|1\n|\n|-weather|Snow|[upkeep]\n|-heal|p2a: Dondozo|100\/100|[from] item: Leftovers\n|upkeep\n|turn|5\n|\n|t:|1731447695\n|switch|p1a: Incineroar|Incineroar, L50, F, shiny|86\/100\n|-ability|p1a: Incineroar|Intimidate|boost\n|-unboost|p2a: Dondozo|atk|1\n|-unboost|p2b: Tatsugiri|atk|1\n|move|p2a: Dondozo|Order Up|p1b: Milotic\n|-damage|p1b: Milotic|0 fnt\n|faint|p1b: Milotic\n|-boost|p2a: Dondozo|atk|1\n|\n|-weather|Snow|[upkeep]\n|upkeep\n|\n|t:|1731447697\n|switch|p1b: Glaceon|Glaceon, L50, F, shiny|100\/100\n|turn|6\n|\n|t:|1731447702\n|move|p2a: Dondozo|Protect|p2a: Dondozo\n|-singleturn|p2a: Dondozo|Protect\n|move|p1a: Incineroar|Fake Out|p2a: Dondozo\n|-activate|p2a: Dondozo|move: Protect\n|move|p1b: Glaceon|Freeze-Dry|p2a: Dondozo\n|-activate|p2a: Dondozo|move: Protect\n|\n|-weather|Snow|[upkeep]\n|upkeep\n|turn|7\n|\n|t:|1731447708\n|move|p2a: Dondozo|Wave Crash|p1a: Incineroar\n|-supereffective|p1a: Incineroar\n|-damage|p1a: Incineroar|0 fnt\n|faint|p1a: Incineroar\n|-damage|p2a: Dondozo|75\/100|[from] Recoil\n|move|p1b: Glaceon|Freeze-Dry|p2a: Dondozo\n|-supereffective|p2a: Dondozo\n|-crit|p2a: Dondozo\n|-damage|p2a: Dondozo|0 fnt\n|faint|p2a: Dondozo\n|\n|-weather|none\n|upkeep\n|\n|t:|1731447717\n|switch|p1a: Ninetales|Ninetales-Alola, L50, F, shiny|100\/100\n|switch|p2a: Venusaur|Venusaur, L50, M, tera:Water|30\/100\n|-weather|Snow|[from] ability: Snow Warning|[of] p1a: Ninetales\n|turn|8\n|\n|t:|1731447726\n|switch|p2b: Ninetales|Ninetales, L50, M, shiny|29\/100 slp\n|-weather|SunnyDay|[from] ability: Drought|[of] p2b: Ninetales\n|move|p2a: Venusaur|Sleep Powder|p1b: Glaceon\n|-status|p1b: Glaceon|slp|[from] move: Sleep Powder\n|move|p1a: Ninetales|Blizzard|p2b: Ninetales|[spread] p2a,p2b\n|-resisted|p2a: Venusaur\n|-resisted|p2b: Ninetales\n|-damage|p2a: Venusaur|14\/100\n|-damage|p2b: Ninetales|11\/100 slp\n|cant|p1b: Glaceon|slp\n|\n|-weather|SunnyDay|[upkeep]\n|upkeep\n|turn|9\n|\n|t:|1731447736\n|move|p1a: Ninetales|Protect|p1a: Ninetales\n|-singleturn|p1a: Ninetales|Protect\n|move|p2a: Venusaur|Sleep Powder|p1a: Ninetales\n|-activate|p1a: Ninetales|move: Protect\n|-curestatus|p2b: Ninetales|slp|[msg]\n|move|p2b: Ninetales|Heat Wave|p1b: Glaceon|[spread] p1b\n|-activate|p1a: Ninetales|move: Protect\n|-supereffective|p1b: Glaceon\n|-damage|p1b: Glaceon|40\/100 slp\n|-curestatus|p1b: Glaceon|slp|[msg]\n|move|p1b: Glaceon|Freeze-Dry|p2a: Venusaur\n|-supereffective|p2a: Venusaur\n|-damage|p2a: Venusaur|0 fnt\n|faint|p2a: Venusaur\n|\n|-weather|SunnyDay|[upkeep]\n|upkeep\n|\n|t:|1731447739\n|switch|p2a: Tatsugiri|Tatsugiri, L50, M, shiny|100\/100\n|turn|10\n|\n|t:|1731447746\n|move|p2b: Ninetales|Protect|p2b: Ninetales\n|-singleturn|p2b: Ninetales|Protect\n|move|p1a: Ninetales|Icicle Spear|p2b: Ninetales\n|-activate|p2b: Ninetales|move: Protect\n|move|p2a: Tatsugiri|Icy Wind|p1a: Ninetales|[spread] p1a,p1b\n|-resisted|p1a: Ninetales\n|-resisted|p1b: Glaceon\n|-damage|p1a: Ninetales|95\/100\n|-damage|p1b: Glaceon|35\/100\n|-unboost|p1a: Ninetales|spe|1\n|-unboost|p1b: Glaceon|spe|1\n|move|p1b: Glaceon|Freeze-Dry|p2a: Tatsugiri\n|-supereffective|p2a: Tatsugiri\n|-enditem|p2a: Tatsugiri|Focus Sash\n|-damage|p2a: Tatsugiri|1\/100\n|\n|-weather|SunnyDay|[upkeep]\n|upkeep\n|turn|11\n|inactive|ImSoKanzenSaimin has 30 seconds left.\n|\n|t:|1731447775\n|move|p2b: Ninetales|Overheat|p1a: Ninetales\n|-supereffective|p1a: Ninetales\n|-damage|p1a: Ninetales|0 fnt\n|-unboost|p2b: Ninetales|spa|2\n|faint|p1a: Ninetales\n|move|p2a: Tatsugiri|Draco Meteor|p1b: Glaceon\n|-damage|p1b: Glaceon|0 fnt\n|-unboost|p2a: Tatsugiri|spa|2\n|faint|p1b: Glaceon\n|\n|win|ImSoKanzenSaimin\n|raw|VGCLTH fangame's rating: 1704 &rarr; <strong>1683<\/strong><br \/>(-21 for losing)\n|raw|ImSoKanzenSaimin's rating: 1688 &rarr; <strong>1709<\/strong><br \/>(+21 for winning)\n|l|\u2606VGCLTH fangame\n|player|p1|\n|j| vgclth souly\n|l|\u203dImSoKanzenSaimin\n|player|p2|\n|l| vgclth souly\n","uploadtime":1731447786,"views":58,"formatid":"gen9vgc2024regh","rating":1683,"private":0,"password":null}