{"id":"gen9vgc2024regh-2242801530","format":"[Gen 9] VGC 2024 Reg H","players":["VGCLTH Slow","Ogerpon(W)VGC"],"log":"|raw|<div class=\"broadcast-blue\"><strong>This battle is required to be public due to a player having a name starting with 'vgclth'.<\/div>\n|j|\u2606VGCLTH Slow\n|j|\u2606Ogerpon(W)VGC\n|t:|1731465853\n|gametype|doubles\n|player|p1|VGCLTH Slow|skier|1699\n|player|p2|Ogerpon(W)VGC|169|1709\n|teamsize|p1|6\n|teamsize|p2|6\n|gen|9\n|tier|[Gen 9] VGC 2024 Reg H\n|rated|\n|rule|Species Clause: Limit one of each Pok\u00e9mon\n|rule|Item Clause: Limit 1 of each item\n|clearpoke\n|poke|p1|Sableye, L50, F|\n|poke|p1|Sylveon, L50, M|\n|poke|p1|Archaludon, L50, F|\n|poke|p1|Volcarona, L50, M|\n|poke|p1|Rillaboom, L50, F|\n|poke|p1|Tauros-Paldea-Aqua, L50, M|\n|poke|p2|Gholdengo, L50|\n|poke|p2|Dragonite, L50, M|\n|poke|p2|Annihilape, L50, F|\n|poke|p2|Ursaluna-Bloodmoon, L50, M|\n|poke|p2|Volcarona, L50, M|\n|poke|p2|Whimsicott, L50, M|\n|teampreview|4\nVGCLTH Slow has agreed to open team sheets.\n|j| kyotgst\n|inactive|Battle timer is ON: inactive players will automatically lose when time's up. (requested by VGCLTH Slow)\n|\n|t:|1731465902\n|start\n|switch|p1a: Shamonerona|Volcarona, L50, M, shiny|100\/100\n|switch|p1b: Old Yeller|Sylveon, L50, M|100\/100\n|switch|p2a: Annihilape|Annihilape, L50, F, shiny|100\/100\n|switch|p2b: Whimsicott|Whimsicott, L50, M, shiny|100\/100\n|turn|1\n|\n|t:|1731465916\n|move|p2b: Whimsicott|Tailwind|p2b: Whimsicott\n|-sidestart|p2: Ogerpon(W)VGC|move: Tailwind\n|move|p2a: Annihilape|Final Gambit|p1a: Shamonerona\n|-damage|p1a: Shamonerona|0 fnt\n|faint|p2a: Annihilape\n|faint|p1a: Shamonerona\n|move|p1b: Old Yeller|Hyper Voice|p2b: Whimsicott\n|-damage|p2b: Whimsicott|39\/100\n|-enditem|p1b: Old Yeller|Throat Spray\n|-boost|p1b: Old Yeller|spa|1|[from] item: Throat Spray\n|\n|upkeep\n|\n|t:|1731465928\n|switch|p2a: Gholdengo|Gholdengo, L50|100\/100\n|switch|p1a: Snowblind|Sableye, L50, F|100\/100\n|turn|2\n|\n|t:|1731465937\n|-terastallize|p1b: Old Yeller|Water\n|move|p1a: Snowblind|Encore|p2b: Whimsicott\n|-start|p2b: Whimsicott|Encore\n|move|p2b: Whimsicott|Tailwind||[still]\n|-fail|p2b: Whimsicott\n|move|p2a: Gholdengo|Trick|p1a: Snowblind\n|-activate|p2a: Gholdengo|move: Trick|[of] p1a: Snowblind\n|-item|p1a: Snowblind|Choice Specs|[from] move: Trick\n|-item|p2a: Gholdengo|Sitrus Berry|[from] move: Trick\n|move|p1b: Old Yeller|Tera Blast|p2a: Gholdengo|[anim] Tera Blast Water\n|-damage|p2a: Gholdengo|38\/100\n|-enditem|p2a: Gholdengo|Sitrus Berry|[eat]\n|-heal|p2a: Gholdengo|62\/100|[from] item: Sitrus Berry\n|\n|upkeep\n|turn|3\n|\n|t:|1731465955\n|move|p2b: Whimsicott|Tailwind||[still]\n|-fail|p2b: Whimsicott\n|move|p2a: Gholdengo|Thunderbolt|p1b: Old Yeller\n|-supereffective|p1b: Old Yeller\n|-damage|p1b: Old Yeller|62\/100\n|-status|p1b: Old Yeller|par\n|move|p1a: Snowblind|Foul Play|p2a: Gholdengo\n|-supereffective|p2a: Gholdengo\n|-damage|p2a: Gholdengo|28\/100\n|cant|p1b: Old Yeller|par\n|\n|upkeep\n|turn|4\n|\n|t:|1731465975\n|switch|p2b: Dragonite|Dragonite, L50, M, shiny|100\/100\n|cant|p1b: Old Yeller|par\n|move|p2a: Gholdengo|Thunderbolt|p1b: Old Yeller\n|-supereffective|p1b: Old Yeller\n|-damage|p1b: Old Yeller|18\/100 par\n|move|p1a: Snowblind|Foul Play|p2a: Gholdengo\n|-supereffective|p2a: Gholdengo\n|-damage|p2a: Gholdengo|0 fnt\n|faint|p2a: Gholdengo\n|\n|-sideend|p2: Ogerpon(W)VGC|move: Tailwind\n|upkeep\n|\n|t:|1731465989\n|switch|p2a: Whimsicott|Whimsicott, L50, M, shiny|39\/100\n|turn|5\n|\n|t:|1731465996\n|move|p2a: Whimsicott|Moonblast|p1b: Old Yeller\n|-damage|p1b: Old Yeller|0 fnt\n|faint|p1b: Old Yeller\n|move|p2b: Dragonite|Scale Shot|p1a: Snowblind\n|-damage|p1a: Snowblind|83\/100\n|-damage|p1a: Snowblind|67\/100\n|-damage|p1a: Snowblind|49\/100\n|-damage|p1a: Snowblind|31\/100\n|-damage|p1a: Snowblind|14\/100\n|-hitcount|p1a: Snowblind|5\n|-unboost|p2b: Dragonite|def|1\n|-boost|p2b: Dragonite|spe|1\n|move|p1a: Snowblind|Foul Play|p2b: Dragonite\n|-damage|p2b: Dragonite|58\/100\n|\n|upkeep\n|\n|t:|1731465999\n|switch|p1b: Forklift Certified|Archaludon, L50, F, shiny|100\/100\n|turn|6\n|\n|t:|1731466018\n|move|p2b: Dragonite|Scale Shot|p1b: Forklift Certified\n|-damage|p1b: Forklift Certified|90\/100\n|-damage|p1b: Forklift Certified|79\/100\n|-damage|p1b: Forklift Certified|69\/100\n|-damage|p1b: Forklift Certified|58\/100\n|-damage|p1b: Forklift Certified|48\/100\n|-hitcount|p1b: Forklift Certified|5\n|-unboost|p2b: Dragonite|def|1\n|-boost|p2b: Dragonite|spe|1\n|move|p2a: Whimsicott|Moonblast|p1a: Snowblind\n|-supereffective|p1a: Snowblind\n|-damage|p1a: Snowblind|0 fnt\n|faint|p1a: Snowblind\n|move|p1b: Forklift Certified|Dragon Pulse|p2b: Dragonite\n|-supereffective|p2b: Dragonite\n|-damage|p2b: Dragonite|0 fnt\n|faint|p2b: Dragonite\n|\n|upkeep\n|turn|7\n|\n|t:|1731466038\n|move|p2a: Whimsicott|Moonblast|p1b: Forklift Certified\n|-damage|p1b: Forklift Certified|13\/100\n|-unboost|p1b: Forklift Certified|spa|1\n|move|p1b: Forklift Certified|Flash Cannon|p2a: Whimsicott\n|-supereffective|p2a: Whimsicott\n|-damage|p2a: Whimsicott|0 fnt\n|faint|p2a: Whimsicott\n|\n|win|VGCLTH Slow\n|raw|VGCLTH Slow's rating: 1699 &rarr; <strong>1720<\/strong><br \/>(+21 for winning)\n|raw|Ogerpon(W)VGC's rating: 1709 &rarr; <strong>1688<\/strong><br \/>(-21 for losing)\n|l|\u2606VGCLTH Slow\n|player|p1|\n","uploadtime":1731466040,"views":49,"formatid":"gen9vgc2024regh","rating":1688,"private":0,"password":null}