{"id":"gen9vgc2024regh-2242422094","format":"[Gen 9] VGC 2024 Reg H","players":["DanielMane","vgclth souly"],"log":"|raw|<div class=\"broadcast-blue\"><strong>This battle is required to be public due to a player having a name starting with 'vgclth'.<\/div>\n|j|\u2606DanielMane\n|j|\u2606vgclth souly\n|t:|1731425836\n|gametype|doubles\n|player|p1|DanielMane|102|1716\n|player|p2|vgclth souly|#smogonxnpa2024draftee|1693\n|teamsize|p1|6\n|teamsize|p2|6\n|gen|9\n|tier|[Gen 9] VGC 2024 Reg H\n|rated|\n|rule|Species Clause: Limit one of each Pok\u00e9mon\n|rule|Item Clause: Limit 1 of each item\n|clearpoke\n|poke|p1|Dugtrio, L50, M|\n|poke|p1|Ninetales-Alola, L50, M|\n|poke|p1|Incineroar, L50, M|\n|poke|p1|Dragonite, L50, M|\n|poke|p1|Gholdengo, L50|\n|poke|p1|Rotom-Heat, L50|\n|poke|p2|Archaludon, L50, M|\n|poke|p2|Pelipper, L50, M|\n|poke|p2|Electabuzz, L50, M|\n|poke|p2|Kingambit, L50, F|\n|poke|p2|Rillaboom, L50, F|\n|poke|p2|Basculegion, L50, M|\n|teampreview|4\n|\n|t:|1731425883\n|start\n|switch|p1a: Dugtrio|Dugtrio, L50, M|100\/100\n|switch|p1b: Dragonite|Dragonite, L50, M|100\/100\n|switch|p2a: Rillaboom|Rillaboom, L50, F|100\/100\n|switch|p2b: Kingambit|Kingambit, L50, F|100\/100\n|-fieldstart|move: Grassy Terrain|[from] ability: Grassy Surge|[of] p2a: Rillaboom\n|turn|1\n|\n|t:|1731425910\n|-terastallize|p1b: Dragonite|Flying\n|move|p2a: Rillaboom|Fake Out|p1b: Dragonite\n|-damage|p1b: Dragonite|93\/100\n|move|p1a: Dugtrio|Endeavor|p2b: Kingambit\n|-damage|p2b: Kingambit|46\/100\n|cant|p1b: Dragonite|flinch\n|move|p2b: Kingambit|Kowtow Cleave|p1b: Dragonite\n|-damage|p1b: Dragonite|27\/100\n|\n|-heal|p2b: Kingambit|52\/100|[from] Grassy Terrain\n|upkeep\n|turn|2\n|\n|t:|1731425925\n|switch|p1b: Rotom|Rotom-Heat, L50|100\/100\n|move|p1a: Dugtrio|Protect|p1a: Dugtrio\n|-singleturn|p1a: Dugtrio|Protect\n|move|p2a: Rillaboom|Grassy Glide|p1a: Dugtrio\n|-activate|p1a: Dugtrio|move: Protect\n|move|p2b: Kingambit|Sucker Punch||[still]\n|-fail|p2b: Kingambit\n|\n|-heal|p2b: Kingambit|58\/100|[from] Grassy Terrain\n|upkeep\n|turn|3\n|j| KOPLUS\n|j| VGCLTH 2thyfor\n|\n|t:|1731425945\n|switch|p1a: Dragonite|Dragonite, L50, M, tera:Flying|27\/100\n|-terastallize|p2a: Rillaboom|Fire\n|move|p2a: Rillaboom|Grassy Glide|p1a: Dragonite\n|-resisted|p1a: Dragonite\n|-damage|p1a: Dragonite|4\/100\n|move|p2b: Kingambit|Sucker Punch||[still]\n|-fail|p2b: Kingambit\n|move|p1b: Rotom|Overheat|p2a: Rillaboom\n|-resisted|p2a: Rillaboom\n|-damage|p2a: Rillaboom|61\/100\n|-unboost|p1b: Rotom|spa|2\n|\n|-heal|p2a: Rillaboom|67\/100|[from] Grassy Terrain\n|-heal|p2b: Kingambit|64\/100|[from] Grassy Terrain\n|upkeep\n|turn|4\n|\n|t:|1731425960\n|switch|p1b: Ninetales|Ninetales-Alola, L50, M|100\/100\n|-weather|Snow|[from] ability: Snow Warning|[of] p1b: Ninetales\n|move|p1a: Dragonite|Protect|p1a: Dragonite\n|-singleturn|p1a: Dragonite|Protect\n|move|p2b: Kingambit|Protect|p2b: Kingambit\n|-singleturn|p2b: Kingambit|Protect\n|move|p2a: Rillaboom|Grassy Glide|p1a: Dragonite\n|-activate|p1a: Dragonite|move: Protect\n|\n|-weather|Snow|[upkeep]\n|-heal|p2a: Rillaboom|73\/100|[from] Grassy Terrain\n|-heal|p2b: Kingambit|70\/100|[from] Grassy Terrain\n|upkeep\n|turn|5\n|j| VGCLTH Thacrow\n|\n|t:|1731425968\n|switch|p1a: Dugtrio|Dugtrio, L50, M|100\/100\n|move|p2a: Rillaboom|Grassy Glide|p1a: Dugtrio\n|-supereffective|p1a: Dugtrio\n|-crit|p1a: Dugtrio\n|-enditem|p1a: Dugtrio|Focus Sash\n|-damage|p1a: Dugtrio|2\/100\n|move|p1b: Ninetales|Encore|p2b: Kingambit\n|-start|p2b: Kingambit|Encore\n|move|p2b: Kingambit|Protect||[still]\n|-fail|p2b: Kingambit\n|\n|-weather|Snow|[upkeep]\n|-heal|p1a: Dugtrio|7\/100|[from] Grassy Terrain\n|-heal|p2a: Rillaboom|79\/100|[from] Grassy Terrain\n|-heal|p2b: Kingambit|75\/100|[from] Grassy Terrain\n|-fieldend|move: Grassy Terrain\n|upkeep\n|turn|6\n|\n|t:|1731425985\n|move|p1a: Dugtrio|Protect|p1a: Dugtrio\n|-singleturn|p1a: Dugtrio|Protect\n|move|p1b: Ninetales|Protect|p1b: Ninetales\n|-singleturn|p1b: Ninetales|Protect\n|move|p2b: Kingambit|Protect|p2b: Kingambit\n|-singleturn|p2b: Kingambit|Protect\n|move|p2a: Rillaboom|Grassy Glide|p1a: Dugtrio\n|-activate|p1a: Dugtrio|move: Protect\n|\n|-weather|Snow|[upkeep]\n|upkeep\n|turn|7\n|\n|t:|1731425992\n|move|p2b: Kingambit|Protect||[still]\n|-fail|p2b: Kingambit\n|move|p1a: Dugtrio|Endeavor|p2a: Rillaboom\n|-damage|p2a: Rillaboom|4\/100\n|move|p1b: Ninetales|Blizzard|p2a: Rillaboom|[spread] p2a,p2b\n|-resisted|p2a: Rillaboom\n|-resisted|p2b: Kingambit\n|-damage|p2a: Rillaboom|0 fnt\n|-damage|p2b: Kingambit|56\/100\n|faint|p2a: Rillaboom\n|\n|-weather|Snow|[upkeep]\n|-end|p2b: Kingambit|Encore\n|upkeep\n|\n|t:|1731425996\n|switch|p2a: Basculegion|Basculegion, L50, M|100\/100\n|turn|8\n|\n|t:|1731426010\n|move|p1a: Dugtrio|Protect|p1a: Dugtrio\n|-singleturn|p1a: Dugtrio|Protect\n|move|p2a: Basculegion|Aqua Jet|p1a: Dugtrio\n|-activate|p1a: Dugtrio|move: Protect\n|move|p1b: Ninetales|Encore|p2b: Kingambit\n|-start|p2b: Kingambit|Encore\n|move|p2b: Kingambit|Protect||[still]\n|-fail|p2b: Kingambit\n|\n|-weather|none\n|upkeep\n|turn|9\n|j| 101alt\n|\n|t:|1731426037\n|move|p1a: Dugtrio|Protect|p1a: Dugtrio\n|-singleturn|p1a: Dugtrio|Protect\n|move|p2b: Kingambit|Protect|p2b: Kingambit\n|-singleturn|p2b: Kingambit|Protect\n|move|p2a: Basculegion|Aqua Jet|p1a: Dugtrio\n|-activate|p1a: Dugtrio|move: Protect\n|move|p1b: Ninetales|Freeze-Dry|p2a: Basculegion\n|-supereffective|p2a: Basculegion\n|-damage|p2a: Basculegion|32\/100\n|\n|upkeep\n|turn|10\n|\n|t:|1731426058\n|move|p2b: Kingambit|Protect|p2b: Kingambit\n|-singleturn|p2b: Kingambit|Protect\n|move|p2a: Basculegion|Aqua Jet|p1a: Dugtrio\n|-supereffective|p1a: Dugtrio\n|-damage|p1a: Dugtrio|0 fnt\n|faint|p1a: Dugtrio\n|move|p1b: Ninetales|Freeze-Dry|p2a: Basculegion\n|-supereffective|p2a: Basculegion\n|-damage|p2a: Basculegion|0 fnt\n|faint|p2a: Basculegion\n|\n|-end|p2b: Kingambit|Encore\n|upkeep\n|j| vgclth chromate\n|\n|t:|1731426079\n|switch|p1a: Rotom|Rotom-Heat, L50|100\/100\n|switch|p2a: Pelipper|Pelipper, L50, M|100\/100\n|-weather|RainDance|[from] ability: Drizzle|[of] p2a: Pelipper\n|turn|11\n|\n|t:|1731426099\n|move|p2a: Pelipper|Protect|p2a: Pelipper\n|-singleturn|p2a: Pelipper|Protect\n|move|p1b: Ninetales|Freeze-Dry|p2a: Pelipper\n|-activate|p2a: Pelipper|move: Protect\n|move|p1a: Rotom|Volt Switch|p2a: Pelipper\n|-activate|p2a: Pelipper|move: Protect\n|move|p2b: Kingambit|Swords Dance|p2b: Kingambit\n|-boost|p2b: Kingambit|atk|2\n|\n|-weather|RainDance|[upkeep]\n|upkeep\n|turn|12\n|\n|t:|1731426109\n|switch|p1a: Dragonite|Dragonite, L50, M, tera:Flying|4\/100\n|move|p2b: Kingambit|Sucker Punch||[still]\n|-fail|p2b: Kingambit\n|move|p1b: Ninetales|Freeze-Dry|p2a: Pelipper\n|-supereffective|p2a: Pelipper\n|-enditem|p2a: Pelipper|Focus Sash\n|-damage|p2a: Pelipper|1\/100\n|move|p2a: Pelipper|Weather Ball|p1b: Ninetales\n|-damage|p1b: Ninetales|12\/100\n|\n|-weather|RainDance|[upkeep]\n|upkeep\n|turn|13\n|l| 101alt\n|\n|t:|1731426122\n|move|p1a: Dragonite|Extreme Speed|p2a: Pelipper\n|-damage|p2a: Pelipper|0 fnt\n|faint|p2a: Pelipper\n|move|p1b: Ninetales|Encore|p2b: Kingambit\n|-start|p2b: Kingambit|Encore\n|move|p2b: Kingambit|Sucker Punch||[still]\n|-fail|p2b: Kingambit\n|\n|-weather|RainDance|[upkeep]\n|upkeep\n|turn|14\n|\n|t:|1731426132\n|move|p1b: Ninetales|Protect|p1b: Ninetales\n|-singleturn|p1b: Ninetales|Protect\n|move|p1a: Dragonite|Extreme Speed|p2b: Kingambit\n|-resisted|p2b: Kingambit\n|-damage|p2b: Kingambit|43\/100\n|move|p2b: Kingambit|Sucker Punch||[still]\n|-fail|p2b: Kingambit\n|\n|-weather|RainDance|[upkeep]\n|upkeep\n|turn|15\n|-message|vgclth souly forfeited.\n|\n|win|DanielMane\n|raw|DanielMane's rating: 1716 &rarr; <strong>1735<\/strong><br \/>(+19 for winning)\n|raw|vgclth souly's rating: 1693 &rarr; <strong>1674<\/strong><br \/>(-19 for losing)\n|l|\u2606vgclth souly\n|player|p2|\n|j| 101alt\n|l| VGCLTH Thacrow\n|l| vgclth chromate\n|l| 101alt\n|l|\u2606DanielMane\n|player|p1|\n|l| VGCLTH 2thyfor\n","uploadtime":1731426387,"views":37,"formatid":"gen9vgc2024regh","rating":1674,"private":0,"password":null}