{"id":"gen9vgc2024regh-2242328731","format":"[Gen 9] VGC 2024 Reg H","players":["VGCLTH Elowyn","vgclth souly"],"log":"|raw|<div class=\"broadcast-blue\"><strong>This battle is required to be public due to a player having a name starting with 'vgclth'.<\/div>\n|j|\u2606VGCLTH Elowyn\n|j|\u2606vgclth souly\n|t:|1731415462\n|gametype|doubles\n|player|p1|VGCLTH Elowyn|1|1686\n|player|p2|vgclth souly|#smogonxnpa2024draftee|1817\n|teamsize|p1|6\n|teamsize|p2|6\n|gen|9\n|tier|[Gen 9] VGC 2024 Reg H\n|rated|\n|rule|Species Clause: Limit one of each Pok\u00e9mon\n|rule|Item Clause: Limit 1 of each item\n|clearpoke\n|poke|p1|Smeargle, L50, M|\n|poke|p1|Farigiraf, L50, M|\n|poke|p1|Grimmsnarl, L50, M|\n|poke|p1|Torkoal, L50, M|\n|poke|p1|Ursaluna-Bloodmoon, L50, M|\n|poke|p1|Araquanid, L50, M|\n|poke|p2|Archaludon, L50, F|\n|poke|p2|Pelipper, L50, F|\n|poke|p2|Electabuzz, L50, M|\n|poke|p2|Kingambit, L50, M|\n|poke|p2|Rillaboom, L50, F|\n|poke|p2|Basculegion, L50, M|\n|teampreview|4\n|c|\u2606vgclth souly|Hf\n|c|\u2606VGCLTH Elowyn|u2\n|inactive|Battle timer is ON: inactive players will automatically lose when time's up. (requested by vgclth souly)\n|\n|t:|1731415484\n|start\n|switch|p1a: Smeargle|Smeargle, L50, M|100\/100\n|switch|p1b: Farigiraf|Farigiraf, L50, M|100\/100\n|switch|p2a: Electabuzz|Electabuzz, L50, M|100\/100\n|switch|p2b: Kingambit|Kingambit, L50, M|100\/100\n|turn|1\n|inactive|vgclth souly has 30 seconds left.\n|\n|t:|1731415513\n|move|p1a: Smeargle|Fake Out|p2b: Kingambit\n|-resisted|p2b: Kingambit\n|-damage|p2b: Kingambit|99\/100\n|move|p2a: Electabuzz|Electroweb|p1a: Smeargle|[spread] p1a,p1b\n|-damage|p1a: Smeargle|73\/100\n|-damage|p1b: Farigiraf|89\/100\n|-unboost|p1a: Smeargle|spe|1\n|-enditem|p1a: Smeargle|Eject Pack\n|-unboost|p1b: Farigiraf|spe|1\n|\n|t:|1731415524\n|switch|p1a: Ursaluna|Ursaluna-Bloodmoon, L50, M|100\/100\n|cant|p2b: Kingambit|flinch\n|move|p1b: Farigiraf|Trick Room|p1b: Farigiraf\n|-fieldstart|move: Trick Room|[of] p1b: Farigiraf\n|\n|upkeep\n|turn|2\n|\n|t:|1731415532\n|move|p1b: Farigiraf|Helping Hand|p1a: Ursaluna\n|-singleturn|p1a: Ursaluna|Helping Hand|[of] p1b: Farigiraf\n|move|p2b: Kingambit|Protect|p2b: Kingambit\n|-singleturn|p2b: Kingambit|Protect\n|move|p2a: Electabuzz|Protect|p2a: Electabuzz\n|-singleturn|p2a: Electabuzz|Protect\n|move|p1a: Ursaluna|Earth Power|p2b: Kingambit\n|-activate|p2b: Kingambit|move: Protect\n|\n|upkeep\n|turn|3\n|\n|t:|1731415547\n|-terastallize|p2b: Kingambit|Dark\n|-terastallize|p1a: Ursaluna|Normal\n|move|p1b: Farigiraf|Helping Hand|p1a: Ursaluna\n|-singleturn|p1a: Ursaluna|Helping Hand|[of] p1b: Farigiraf\n|move|p2a: Electabuzz|Follow Me|p2a: Electabuzz\n|-singleturn|p2a: Electabuzz|move: Follow Me\n|move|p2b: Kingambit|Kowtow Cleave|p1b: Farigiraf\n|-supereffective|p1b: Farigiraf\n|-damage|p1b: Farigiraf|0 fnt\n|faint|p1b: Farigiraf\n|move|p1a: Ursaluna|Hyper Voice|p2a: Electabuzz|[spread] p2a,p2b\n|-damage|p2a: Electabuzz|19\/100\n|-damage|p2b: Kingambit|0 fnt\n|faint|p2b: Kingambit\n|-damage|p1a: Ursaluna|90\/100|[from] item: Life Orb\n|\n|upkeep\n|\n|t:|1731415560\n|switch|p1b: Araquanid|Araquanid, L50, M|100\/100\n|switch|p2b: Rillaboom|Rillaboom, L50, F|100\/100\n|-fieldstart|move: Grassy Terrain|[from] ability: Grassy Surge|[of] p2b: Rillaboom\n|turn|4\n|inactive|vgclth souly has 30 seconds left.\n|\n|t:|1731415590\n|move|p2a: Electabuzz|Follow Me|p2a: Electabuzz\n|-singleturn|p2a: Electabuzz|move: Follow Me\n|move|p1b: Araquanid|Liquidation|p2a: Electabuzz\n|-damage|p2a: Electabuzz|0 fnt\n|faint|p2a: Electabuzz\n|move|p1a: Ursaluna|Hyper Voice|p2b: Rillaboom\n|-damage|p2b: Rillaboom|33\/100\n|-damage|p1a: Ursaluna|80\/100|[from] item: Life Orb\n|move|p2b: Rillaboom|Wood Hammer|p1a: Ursaluna\n|-damage|p1a: Ursaluna|19\/100\n|-damage|p2b: Rillaboom|10\/100|[from] Recoil\n|\n|-heal|p1a: Ursaluna|25\/100|[from] Grassy Terrain\n|-heal|p2b: Rillaboom|16\/100|[from] Grassy Terrain\n|upkeep\n|j| carrotsareverypog\n|\n|t:|1731415595\n|switch|p2a: Pelipper|Pelipper, L50, F|100\/100\n|-weather|RainDance|[from] ability: Drizzle|[of] p2a: Pelipper\n|turn|5\n|\n|t:|1731415613\n|move|p2b: Rillaboom|Grassy Glide|p1a: Ursaluna\n|-damage|p1a: Ursaluna|0 fnt\n|faint|p1a: Ursaluna\n|move|p1b: Araquanid|Liquidation|p2b: Rillaboom\n|-resisted|p2b: Rillaboom\n|-damage|p2b: Rillaboom|0 fnt\n|faint|p2b: Rillaboom\n|move|p2a: Pelipper|Hurricane|p1b: Araquanid\n|-supereffective|p1b: Araquanid\n|-damage|p1b: Araquanid|17\/100\n|-start|p1b: Araquanid|confusion\n|\n|-weather|RainDance|[upkeep]\n|-heal|p1b: Araquanid|23\/100|[from] Grassy Terrain\n|-fieldend|move: Trick Room\n|upkeep\n|\n|t:|1731415615\n|switch|p1a: Smeargle|Smeargle, L50, M|73\/100\n|turn|6\n|\n|t:|1731415621\n|move|p1a: Smeargle|Spore|p2a: Pelipper\n|-status|p2a: Pelipper|slp|[from] move: Spore\n|cant|p2a: Pelipper|slp\n|-activate|p1b: Araquanid|confusion\n|move|p1b: Araquanid|Liquidation|p2a: Pelipper\n|-resisted|p2a: Pelipper\n|-enditem|p2a: Pelipper|Focus Sash\n|-damage|p2a: Pelipper|1\/100 slp\n|\n|-weather|RainDance|[upkeep]\n|-heal|p1a: Smeargle|79\/100|[from] Grassy Terrain\n|-heal|p1b: Araquanid|29\/100|[from] Grassy Terrain\n|-ability|p1a: Smeargle|Moody|boost\n|-boost|p1a: Smeargle|spe|2\n|-unboost|p1a: Smeargle|def|1\n|upkeep\n|turn|7\n|\n|t:|1731415629\n|move|p1a: Smeargle|Follow Me|p1a: Smeargle\n|-singleturn|p1a: Smeargle|move: Follow Me\n|cant|p2a: Pelipper|slp\n|-activate|p1b: Araquanid|confusion\n|move|p1b: Araquanid|Liquidation|p2a: Pelipper\n|-resisted|p2a: Pelipper\n|-damage|p2a: Pelipper|0 fnt\n|faint|p2a: Pelipper\n|\n|win|VGCLTH Elowyn\n|raw|VGCLTH Elowyn's rating: 1686 &rarr; <strong>1713<\/strong><br \/>(+27 for winning)\n|raw|vgclth souly's rating: 1817 &rarr; <strong>1790<\/strong><br \/>(-27 for losing)\n|l|\u2606vgclth souly\n|player|p2|\n|l| carrotsareverypog\n","uploadtime":1731415678,"views":50,"formatid":"gen9vgc2024regh","rating":1713,"private":0,"password":null}