{"id":"gen9vgc2024regh-2242715611","format":"[Gen 9] VGC 2024 Reg H","players":["ansego","contaro"],"log":"|j|\u2606ansego\n|j|\u2606contaro\n|t:|1731455138\n|gametype|doubles\n|player|p1|ansego|102|1716\n|player|p2|contaro|boarder|1740\n|teamsize|p1|6\n|teamsize|p2|6\n|gen|9\n|tier|[Gen 9] VGC 2024 Reg H\n|rated|\n|rule|Species Clause: Limit one of each Pok\u00e9mon\n|rule|Item Clause: Limit 1 of each item\n|clearpoke\n|poke|p1|Indeedee, L50, M|\n|poke|p1|Sneasler, L50, M|\n|poke|p1|Milotic, L50, F|\n|poke|p1|Whimsicott, L50, F|\n|poke|p1|Incineroar, L50, M|\n|poke|p1|Archaludon, L50, M|\n|poke|p2|Maushold-Four, L50|\n|poke|p2|Archaludon, L50, F|\n|poke|p2|Pelipper, L50, M|\n|poke|p2|Indeedee, L50, M|\n|poke|p2|Murkrow, L50, M|\n|poke|p2|Basculegion, L50, M|\n|teampreview|4\n|inactive|Battle timer is ON: inactive players will automatically lose when time's up. (requested by contaro)\n|\n|t:|1731455164\n|start\n|switch|p1a: Sneasler|Sneasler, L50, M, shiny|100\/100\n|switch|p1b: Archaludon|Archaludon, L50, M|100\/100\n|switch|p2a: Maushold|Maushold-Four, L50|100\/100\n|switch|p2b: Murkrow|Murkrow, L50, M|100\/100\n|turn|1\n|\n|t:|1731455173\n|-terastallize|p2a: Maushold|Ghost\n|move|p1a: Sneasler|Protect|p1a: Sneasler\n|-singleturn|p1a: Sneasler|Protect\n|move|p2b: Murkrow|Tailwind|p2b: Murkrow\n|-sidestart|p2: contaro|move: Tailwind\n|move|p2a: Maushold|Population Bomb|p1a: Sneasler\n|-activate|p1a: Sneasler|move: Protect\n|move|p1b: Archaludon|Body Press|p2a: Maushold\n|-immune|p2a: Maushold\n|\n|upkeep\n|turn|2\n|\n|t:|1731455184\n|switch|p2b: Archaludon|Archaludon, L50, F|100\/100\n|switch|p1a: Incineroar|Incineroar, L50, M|100\/100\n|-ability|p1a: Incineroar|Intimidate|boost\n|-unboost|p2a: Maushold|atk|1\n|-unboost|p2b: Archaludon|atk|1\n|move|p2a: Maushold|Population Bomb|p1a: Incineroar\n|-damage|p1a: Incineroar|95\/100\n|-damage|p1a: Incineroar|89\/100\n|-crit|p1a: Incineroar\n|-damage|p1a: Incineroar|77\/100\n|-damage|p1a: Incineroar|71\/100\n|-damage|p1a: Incineroar|64\/100\n|-damage|p1a: Incineroar|58\/100\n|-damage|p1a: Incineroar|52\/100\n|-damage|p1a: Incineroar|46\/100\n|-enditem|p1a: Incineroar|Sitrus Berry|[eat]\n|-heal|p1a: Incineroar|71\/100|[from] item: Sitrus Berry\n|-damage|p1a: Incineroar|64\/100\n|-damage|p1a: Incineroar|58\/100\n|-hitcount|p1a: Incineroar|10\n|move|p1b: Archaludon|Electro Shot||[still]\n|-prepare|p1b: Archaludon|Electro Shot\n|-boost|p1b: Archaludon|spa|1\n|\n|upkeep\n|turn|3\n|\n|t:|1731455207\n|move|p2a: Maushold|Population Bomb|p2b: Archaludon\n|-resisted|p2b: Archaludon\n|-damage|p2b: Archaludon|98\/100\n|-ability|p2b: Archaludon|Stamina|boost\n|-boost|p2b: Archaludon|def|1\n|-resisted|p2b: Archaludon\n|-damage|p2b: Archaludon|96\/100\n|-ability|p2b: Archaludon|Stamina|boost\n|-boost|p2b: Archaludon|def|1\n|-resisted|p2b: Archaludon\n|-damage|p2b: Archaludon|95\/100\n|-ability|p2b: Archaludon|Stamina|boost\n|-boost|p2b: Archaludon|def|1\n|-resisted|p2b: Archaludon\n|-damage|p2b: Archaludon|94\/100\n|-ability|p2b: Archaludon|Stamina|boost\n|-boost|p2b: Archaludon|def|1\n|-resisted|p2b: Archaludon\n|-damage|p2b: Archaludon|93\/100\n|-ability|p2b: Archaludon|Stamina|boost\n|-boost|p2b: Archaludon|def|1\n|-resisted|p2b: Archaludon\n|-damage|p2b: Archaludon|92\/100\n|-ability|p2b: Archaludon|Stamina|boost\n|-boost|p2b: Archaludon|def|1\n|-resisted|p2b: Archaludon\n|-damage|p2b: Archaludon|92\/100\n|-resisted|p2b: Archaludon\n|-damage|p2b: Archaludon|91\/100\n|-resisted|p2b: Archaludon\n|-damage|p2b: Archaludon|91\/100\n|-resisted|p2b: Archaludon\n|-damage|p2b: Archaludon|90\/100\n|-hitcount|p2b: Archaludon|10\n|move|p2b: Archaludon|Body Press|p1b: Archaludon\n|-supereffective|p1b: Archaludon\n|-damage|p1b: Archaludon|0 fnt\n|faint|p1b: Archaludon\n|move|p1a: Incineroar|Knock Off|p2a: Maushold\n|-supereffective|p2a: Maushold\n|-damage|p2a: Maushold|0 fnt\n|-enditem|p2a: Maushold|Wide Lens|[from] move: Knock Off|[of] p1a: Incineroar\n|faint|p2a: Maushold\n|\n|upkeep\n|\n|t:|1731455221\n|switch|p2a: Pelipper|Pelipper, L50, M|100\/100\n|switch|p1b: Indeedee|Indeedee, L50, M|100\/100\n|-weather|RainDance|[from] ability: Drizzle|[of] p2a: Pelipper\n|-fieldstart|move: Psychic Terrain|[from] ability: Psychic Surge|[of] p1b: Indeedee\n|turn|4\n|\n|t:|1731455233\n|-terastallize|p1b: Indeedee|Fairy\n|move|p2a: Pelipper|Wide Guard|p2a: Pelipper\n|-singleturn|p2a: Pelipper|Wide Guard\n|move|p2b: Archaludon|Body Press|p1a: Incineroar\n|-supereffective|p1a: Incineroar\n|-damage|p1a: Incineroar|0 fnt\n|faint|p1a: Incineroar\n|move|p1b: Indeedee|Tera Blast|p2b: Archaludon|[anim] Tera Blast Fairy\n|-damage|p2b: Archaludon|58\/100\n|\n|-weather|RainDance|[upkeep]\n|-sideend|p2: contaro|move: Tailwind\n|upkeep\n|\n|t:|1731455235\n|switch|p1a: Sneasler|Sneasler, L50, M, shiny|100\/100\n|-enditem|p1a: Sneasler|Psychic Seed\n|-boost|p1a: Sneasler|spd|1|[from] item: Psychic Seed\n|turn|5\n|inactive|contaro has 30 seconds left.\n|\n|t:|1731455263\n|move|p1a: Sneasler|Close Combat|p2b: Archaludon\n|-supereffective|p2b: Archaludon\n|-damage|p2b: Archaludon|31\/100\n|-unboost|p1a: Sneasler|def|1\n|-unboost|p1a: Sneasler|spd|1\n|move|p1b: Indeedee|Tera Blast|p2b: Archaludon|[anim] Tera Blast Fairy\n|-crit|p2b: Archaludon\n|-damage|p2b: Archaludon|0 fnt\n|faint|p2b: Archaludon\n|move|p2a: Pelipper|Weather Ball|p1b: Indeedee\n|-crit|p1b: Indeedee\n|-enditem|p1b: Indeedee|Focus Sash\n|-damage|p1b: Indeedee|1\/100\n|\n|-weather|RainDance|[upkeep]\n|upkeep\n|\n|t:|1731455266\n|switch|p2b: Murkrow|Murkrow, L50, M|100\/100\n|turn|6\n|\n|t:|1731455284\n|move|p2b: Murkrow|Tailwind|p2b: Murkrow\n|-sidestart|p2: contaro|move: Tailwind\n|move|p1a: Sneasler|Dire Claw|p2b: Murkrow\n|-damage|p2b: Murkrow|57\/100\n|-status|p2b: Murkrow|psn\n|move|p2a: Pelipper|Weather Ball|p1b: Indeedee\n|-damage|p1b: Indeedee|0 fnt\n|faint|p1b: Indeedee\n|\n|-weather|RainDance|[upkeep]\n|-damage|p2b: Murkrow|45\/100 psn|[from] psn\n|upkeep\n|turn|7\n|\n|t:|1731455293\n|move|p1a: Sneasler|Dire Claw|p2a: Pelipper\n|-damage|p2a: Pelipper|55\/100\n|-status|p2a: Pelipper|psn\n|move|p2b: Murkrow|Foul Play|p1a: Sneasler\n|-resisted|p1a: Sneasler\n|-damage|p1a: Sneasler|29\/100\n|move|p2a: Pelipper|Hurricane|p1a: Sneasler\n|-supereffective|p1a: Sneasler\n|-damage|p1a: Sneasler|0 fnt\n|faint|p1a: Sneasler\n|\n|win|contaro\n|raw|ansego's rating: 1716 &rarr; <strong>1697<\/strong><br \/>(-19 for losing)\n|raw|contaro's rating: 1740 &rarr; <strong>1759<\/strong><br \/>(+19 for winning)\n|l|\u2606ansego\n|player|p1|\n|l|\u2606contaro\n|player|p2|\n","uploadtime":1731455504,"views":44,"formatid":"gen9vgc2024regh","rating":1697,"private":0,"password":null}