{"id":"gen9vgc2024regh-2242344433","format":"[Gen 9] VGC 2024 Reg H","players":["Waffles4breakfast","w0wbobwow"],"log":"|j|\u2606Waffles4breakfast\n|j|\u2606w0wbobwow\n|t:|1731417557\n|gametype|doubles\n|player|p1|Waffles4breakfast|juggler|1745\n|player|p2|w0wbobwow|fantina|1668\n|teamsize|p1|6\n|teamsize|p2|6\n|gen|9\n|tier|[Gen 9] VGC 2024 Reg H\n|rated|\n|rule|Species Clause: Limit one of each Pok\u00e9mon\n|rule|Item Clause: Limit 1 of each item\n|clearpoke\n|poke|p1|Archaludon, L50, F|\n|poke|p1|Pelipper, L50, F|\n|poke|p1|Basculegion, L50, M|\n|poke|p1|Amoonguss, L50, M|\n|poke|p1|Gholdengo, L50|\n|poke|p1|Murkrow, L50, F|\n|poke|p2|Braviary, L50, M|\n|poke|p2|Sneasler, L50, F|\n|poke|p2|Muk-Alola, L50, M|\n|poke|p2|Indeedee, L50, M|\n|poke|p2|Gholdengo, L50|\n|poke|p2|Delphox, L50, M|\n|teampreview|4\n|inactive|Battle timer is ON: inactive players will automatically lose when time's up. (requested by Waffles4breakfast)\n|\n|t:|1731417609\n|start\n|switch|p1a: Gholdengo|Gholdengo, L50|100\/100\n|switch|p1b: Murkrow|Murkrow, L50, F|100\/100\n|switch|p2a: Muk|Muk-Alola, L50, M|100\/100\n|switch|p2b: Braviary|Braviary, L50, M|100\/100\n|turn|1\n|inactive|Waffles4breakfast has 30 seconds left.\n|inactive|w0wbobwow has 30 seconds left.\n|\n|t:|1731417638\n|-terastallize|p1a: Gholdengo|Steel\n|-terastallize|p2a: Muk|Water\n|move|p2b: Braviary|Protect|p2b: Braviary\n|-singleturn|p2b: Braviary|Protect\n|move|p1b: Murkrow|Tailwind|p1b: Murkrow\n|-sidestart|p1: Waffles4breakfast|move: Tailwind\n|move|p1a: Gholdengo|Make It Rain|p2a: Muk|[spread] p2a\n|-activate|p2b: Braviary|move: Protect\n|-resisted|p2a: Muk\n|-damage|p2a: Muk|71\/100\n|-unboost|p1a: Gholdengo|spa|1\n|move|p2a: Muk|Knock Off|p1a: Gholdengo\n|-damage|p1a: Gholdengo|45\/100\n|-enditem|p1a: Gholdengo|Choice Specs|[from] move: Knock Off|[of] p2a: Muk\n|\n|upkeep\n|turn|2\n|\n|t:|1731417659\n|move|p1a: Gholdengo|Make It Rain|p2b: Braviary|[spread] p2a,p2b\n|-resisted|p2a: Muk\n|-damage|p2a: Muk|59\/100\n|-damage|p2b: Braviary|51\/100\n|-unboost|p1a: Gholdengo|spa|1\n|move|p1b: Murkrow|Foul Play|p2b: Braviary\n|-damage|p2b: Braviary|6\/100\n|move|p2b: Braviary|Tailwind|p2b: Braviary\n|-sidestart|p2: w0wbobwow|move: Tailwind\n|move|p2a: Muk|Drain Punch|p1a: Gholdengo\n|-supereffective|p1a: Gholdengo\n|-damage|p1a: Gholdengo|0 fnt\n|-heal|p2a: Muk|76\/100|[from] drain|[of] p1a: Gholdengo\n|faint|p1a: Gholdengo\n|\n|upkeep\n|\n|t:|1731417672\n|switch|p1a: Basculegion|Basculegion, L50, M|100\/100\n|turn|3\n|j| tzer99\n|\n|t:|1731417689\n|move|p2b: Braviary|Brave Bird|p1a: Basculegion\n|-damage|p1a: Basculegion|14\/100\n|-damage|p2b: Braviary|0 fnt|[from] Recoil\n|faint|p2b: Braviary\n|move|p1a: Basculegion|Flip Turn|p2a: Muk\n|-resisted|p2a: Muk\n|-damage|p2a: Muk|55\/100\n|\n|t:|1731417694\n|switch|p1a: Pelipper|Pelipper, L50, F|100\/100|[from] Flip Turn\n|-weather|RainDance|[from] ability: Drizzle|[of] p1a: Pelipper\n|move|p1b: Murkrow|Foul Play|p2a: Muk\n|-damage|p2a: Muk|9\/100\n|move|p2a: Muk|Knock Off|p1b: Murkrow\n|-resisted|p1b: Murkrow\n|-damage|p1b: Murkrow|72\/100\n|-enditem|p1b: Murkrow|Eviolite|[from] move: Knock Off|[of] p2a: Muk\n|\n|-weather|RainDance|[upkeep]\n|upkeep\n|\n|t:|1731417713\n|switch|p2b: Indeedee|Indeedee, L50, M|100\/100\n|-fieldstart|move: Psychic Terrain|[from] ability: Psychic Surge|[of] p2b: Indeedee\n|turn|4\n|\n|t:|1731417734\n|move|p2b: Indeedee|Expanding Force|p1a: Pelipper|[spread] p1a\n|-immune|p1b: Murkrow\n|-enditem|p1a: Pelipper|Focus Sash\n|-damage|p1a: Pelipper|1\/100\n|move|p1a: Pelipper|Weather Ball|p2b: Indeedee\n|-damage|p2b: Indeedee|7\/100\n|move|p1b: Murkrow|Foul Play|p2b: Indeedee\n|-supereffective|p2b: Indeedee\n|-damage|p2b: Indeedee|0 fnt\n|faint|p2b: Indeedee\n|move|p2a: Muk|Poison Jab|p1b: Murkrow\n|-damage|p1b: Murkrow|5\/100\n|-status|p1b: Murkrow|psn|[from] ability: Poison Touch|[of] p2a: Muk\n|\n|-weather|RainDance|[upkeep]\n|-damage|p1b: Murkrow|0 fnt|[from] psn\n|faint|p1b: Murkrow\n|-sideend|p1: Waffles4breakfast|move: Tailwind\n|upkeep\n|\n|t:|1731417749\n|switch|p2b: Sneasler|Sneasler, L50, F|100\/100\n|switch|p1b: Basculegion|Basculegion, L50, M|14\/100\n|-enditem|p2b: Sneasler|Psychic Seed\n|-boost|p2b: Sneasler|spd|1|[from] item: Psychic Seed\n|turn|5\n|inactive|Waffles4breakfast has 30 seconds left.\n|inactive|w0wbobwow has 30 seconds left.\n|\n|t:|1731417778\n|move|p2b: Sneasler|Dire Claw|p1b: Basculegion\n|-resisted|p1b: Basculegion\n|-damage|p1b: Basculegion|0 fnt\n|faint|p1b: Basculegion\n|move|p2a: Muk|Knock Off|p1a: Pelipper\n|-damage|p1a: Pelipper|0 fnt\n|faint|p1a: Pelipper\n|\n|win|w0wbobwow\n|raw|Waffles4breakfast's rating: 1745 &rarr; <strong>1721<\/strong><br \/>(-24 for losing)\n|raw|w0wbobwow's rating: 1668 &rarr; <strong>1692<\/strong><br \/>(+24 for winning)\n|l|\u2606Waffles4breakfast\n|player|p1|\n|l|\u2606w0wbobwow\n|player|p2|\n","uploadtime":1731417969,"views":37,"formatid":"gen9vgc2024regh","rating":1692,"private":0,"password":null}