{"id":"gen9vgc2024regh-2242803569","format":"[Gen 9] VGC 2024 Reg H","players":["ngywit","VGCLTH Slow"],"log":"|raw|<div class=\"broadcast-blue\"><strong>This battle is required to be public due to a player having a name starting with 'vgclth'.<\/div>\n|j|\u2606ngywit\n|j|\u2606VGCLTH Slow\n|t:|1731466123\n|gametype|doubles\n|player|p1|ngywit|thorton|1808\n|player|p2|VGCLTH Slow|skier|1720\n|teamsize|p1|6\n|teamsize|p2|6\n|gen|9\n|tier|[Gen 9] VGC 2024 Reg H\n|rated|\n|rule|Species Clause: Limit one of each Pok\u00e9mon\n|rule|Item Clause: Limit 1 of each item\n|clearpoke\n|poke|p1|Ursaluna-Bloodmoon, L50, M|\n|poke|p1|Incineroar, L50, F|\n|poke|p1|Amoonguss, L50, F|\n|poke|p1|Dragonite, L50, F|\n|poke|p1|Primarina, L50, F|\n|poke|p1|Gholdengo, L50|\n|poke|p2|Sableye, L50, M|\n|poke|p2|Sylveon, L50, F|\n|poke|p2|Archaludon, L50, F|\n|poke|p2|Volcarona, L50, F|\n|poke|p2|Rillaboom, L50, F|\n|poke|p2|Tauros-Paldea-Aqua, L50, M|\n|teampreview|4\n|inactive|Battle timer is ON: inactive players will automatically lose when time's up. (requested by ngywit)\nVGCLTH Slow has agreed to open team sheets.\n|inactive|ngywit has 60 seconds left.\n|\n|t:|1731466172\n|start\n|switch|p1a: Gholdengo|Gholdengo, L50|100\/100\n|switch|p1b: Incineroar|Incineroar, L50, F|100\/100\n|switch|p2a: Shamonerona|Volcarona, L50, F, shiny|100\/100\n|switch|p2b: Old Yeller|Sylveon, L50, F|100\/100\n|-ability|p1b: Incineroar|Intimidate|boost\n|-unboost|p2a: Shamonerona|atk|1\n|-unboost|p2b: Old Yeller|atk|1\n|turn|1\n|\n|t:|1731466189\n|-terastallize|p2b: Old Yeller|Water\n|move|p1b: Incineroar|Fake Out|p2a: Shamonerona\n|-damage|p2a: Shamonerona|89\/100\n|move|p1a: Gholdengo|Nasty Plot|p1a: Gholdengo\n|-boost|p1a: Gholdengo|spa|2\n|move|p2a: Shamonerona|Heat Wave|p1a: Gholdengo|[spread] p1b\n|-miss|p2a: Shamonerona|p1a: Gholdengo\n|-resisted|p1b: Incineroar\n|-damage|p1b: Incineroar|88\/100\n|move|p2b: Old Yeller|Hyper Voice|p1a: Gholdengo|[spread] p1a,p1b\n|-resisted|p1a: Gholdengo\n|-damage|p1a: Gholdengo|76\/100\n|-damage|p1b: Incineroar|62\/100\n|-enditem|p2b: Old Yeller|Throat Spray\n|-boost|p2b: Old Yeller|spa|1|[from] item: Throat Spray\n|\n|upkeep\n|turn|2\n|inactive|ngywit has 30 seconds left.\n|inactive|VGCLTH Slow has 30 seconds left.\n|\n|t:|1731466223\n|move|p1a: Gholdengo|Protect|p1a: Gholdengo\n|-singleturn|p1a: Gholdengo|Protect\n|move|p2a: Shamonerona|Protect|p2a: Shamonerona\n|-singleturn|p2a: Shamonerona|Protect\n|move|p2b: Old Yeller|Tera Blast|p1b: Incineroar|[anim] Tera Blast Water\n|-supereffective|p1b: Incineroar\n|-damage|p1b: Incineroar|0 fnt\n|faint|p1b: Incineroar\n|\n|upkeep\n|\n|t:|1731466235\n|switch|p1b: Dragonite|Dragonite, L50, F|100\/100\n|turn|3\n|\n|t:|1731466248\n|move|p1b: Dragonite|Extreme Speed|p2a: Shamonerona\n|-damage|p2a: Shamonerona|49\/100\n|move|p1a: Gholdengo|Shadow Ball|p2a: Shamonerona\n|-damage|p2a: Shamonerona|0 fnt\n|faint|p2a: Shamonerona\n|move|p2b: Old Yeller|Hyper Voice|p1a: Gholdengo|[spread] p1a,p1b\n|-resisted|p1a: Gholdengo\n|-supereffective|p1b: Dragonite\n|-damage|p1a: Gholdengo|37\/100\n|-damage|p1b: Dragonite|57\/100\n|\n|upkeep\n|\n|t:|1731466256\n|switch|p2a: Forklift Certified|Archaludon, L50, F, shiny|100\/100\n|turn|4\n|j| Nintehndo\n|\n|t:|1731466274\n|move|p2b: Old Yeller|Protect|p2b: Old Yeller\n|-singleturn|p2b: Old Yeller|Protect\n|move|p1a: Gholdengo|Shadow Ball|p2b: Old Yeller\n|-activate|p2b: Old Yeller|move: Protect\n|move|p1b: Dragonite|Thunder Punch|p2b: Old Yeller\n|-activate|p2b: Old Yeller|move: Protect\n|move|p2a: Forklift Certified|Electro Shot||[still]\n|-prepare|p2a: Forklift Certified|Electro Shot\n|-boost|p2a: Forklift Certified|spa|1\n|-enditem|p2a: Forklift Certified|Power Herb\n|-anim|p2a: Forklift Certified|Electro Shot|p1a: Gholdengo\n|-damage|p1a: Gholdengo|0 fnt\n|faint|p1a: Gholdengo\n|\n|upkeep\n|j| kyotgst\n|\n|t:|1731466289\n|switch|p1a: Ursaluna|Ursaluna-Bloodmoon, L50, M|100\/100\n|turn|5\n|inactive|ngywit has 30 seconds left.\n|\n|t:|1731466318\n|-terastallize|p1b: Dragonite|Electric\n|move|p1b: Dragonite|Thunder Punch|p2b: Old Yeller\n|-supereffective|p2b: Old Yeller\n|-damage|p2b: Old Yeller|0 fnt\n|faint|p2b: Old Yeller\n|move|p2a: Forklift Certified|Dragon Pulse|p1b: Dragonite\n|-damage|p1b: Dragonite|13\/100\n|move|p1a: Ursaluna|Earth Power|p2a: Forklift Certified\n|-supereffective|p2a: Forklift Certified\n|-damage|p2a: Forklift Certified|0 fnt\n|faint|p2a: Forklift Certified\n|\n|upkeep\n|\n|t:|1731466323\n|switch|p2b: Koko The Gorythmic|Rillaboom, L50, F|100\/100\n|-fieldstart|move: Grassy Terrain|[from] ability: Grassy Surge|[of] p2b: Koko The Gorythmic\n|turn|6\n|\n|t:|1731466339\n|move|p1b: Dragonite|Ice Spinner|p2b: Koko The Gorythmic\n|-supereffective|p2b: Koko The Gorythmic\n|-damage|p2b: Koko The Gorythmic|38\/100\n|-fieldend|move: Grassy Terrain\n|move|p2b: Koko The Gorythmic|Wood Hammer|p1a: Ursaluna\n|-supereffective|p1a: Ursaluna\n|-damage|p1a: Ursaluna|10\/100\n|-damage|p2b: Koko The Gorythmic|7\/100|[from] Recoil\n|move|p1a: Ursaluna|Blood Moon|p2b: Koko The Gorythmic\n|-damage|p2b: Koko The Gorythmic|0 fnt\n|faint|p2b: Koko The Gorythmic\n|\n|win|ngywit\n|raw|ngywit's rating: 1808 &rarr; <strong>1823<\/strong><br \/>(+15 for winning)\n|raw|VGCLTH Slow's rating: 1720 &rarr; <strong>1705<\/strong><br \/>(-15 for losing)\n|l|\u2606VGCLTH Slow\n|player|p2|\n|l| Nintehndo\n|l|\u2606ngywit\n|player|p1|\n|j|\u2606VGCLTH Slow\n|player|p2|VGCLTH Slow|skier|\n|l|\u2606VGCLTH Slow\n|player|p2|\n|l| kyotgst\n","uploadtime":1731466341,"views":40,"formatid":"gen9vgc2024regh","rating":1705,"private":0,"password":null}