{"id":"gen9vgc2024regh-2242556283","format":"[Gen 9] VGC 2024 Reg H","players":["VGCLTH Slow","La Masoneria"],"log":"|raw|<div class=\"broadcast-blue\"><strong>This battle is required to be public due to a player having a name starting with 'vgclth'.<\/div>\n|j|\u2606VGCLTH Slow\n|j|\u2606La Masoneria\n|t:|1731438543\n|gametype|doubles\n|player|p1|VGCLTH Slow|skier|1654\n|player|p2|La Masoneria|bruno|1691\n|teamsize|p1|6\n|teamsize|p2|6\n|gen|9\n|tier|[Gen 9] VGC 2024 Reg H\n|rated|\n|rule|Species Clause: Limit one of each Pok\u00e9mon\n|rule|Item Clause: Limit 1 of each item\n|clearpoke\n|poke|p1|Sableye, L50, M|\n|poke|p1|Sylveon, L50, F|\n|poke|p1|Archaludon, L50, M|\n|poke|p1|Volcarona, L50, M|\n|poke|p1|Rillaboom, L50, F|\n|poke|p1|Tauros-Paldea-Aqua, L50, M|\n|poke|p2|Dondozo, L50, M|\n|poke|p2|Tatsugiri, L50, F|\n|poke|p2|Archaludon, L50, M|\n|poke|p2|Dragonite, L50, M|\n|poke|p2|Annihilape, L50, M|\n|poke|p2|Volcarona, L50, F|\n|teampreview|4\nVGCLTH Slow has agreed to open team sheets.\nLa Masoneria rejected open team sheets.\n|inactive|Battle timer is ON: inactive players will automatically lose when time's up. (requested by VGCLTH Slow)\n|\n|t:|1731438571\n|start\n|switch|p1a: Bullshifu|Tauros-Paldea-Aqua, L50, M, shiny|100\/100\n|switch|p1b: Old Yeller|Sylveon, L50, F|100\/100\n|switch|p2a: Annihilape|Annihilape, L50, M|100\/100\n|switch|p2b: Archaludon|Archaludon, L50, M|100\/100\n|-ability|p1a: Bullshifu|Intimidate|boost\n|-unboost|p2a: Annihilape|atk|1\n|-ability|p2a: Annihilape|Defiant|boost\n|-boost|p2a: Annihilape|atk|2\n|-enditem|p1a: Bullshifu|Mirror Herb\n|-boost|p1a: Bullshifu|atk|2|[from] item: Mirror Herb\n|-unboost|p2b: Archaludon|atk|1\n|turn|1\n|j| Fancy Cucudrula\n|\n|t:|1731438593\n|-terastallize|p2a: Annihilape|Water\n|move|p1a: Bullshifu|Protect|p1a: Bullshifu\n|-singleturn|p1a: Bullshifu|Protect\n|move|p2a: Annihilape|Bulk Up|p2a: Annihilape\n|-boost|p2a: Annihilape|atk|1\n|-boost|p2a: Annihilape|def|1\n|move|p2b: Archaludon|Electro Shot||[still]\n|-prepare|p2b: Archaludon|Electro Shot\n|-boost|p2b: Archaludon|spa|1\n|-enditem|p2b: Archaludon|Power Herb\n|-anim|p2b: Archaludon|Electro Shot|p1a: Bullshifu\n|-activate|p1a: Bullshifu|move: Protect\n|move|p1b: Old Yeller|Hyper Voice|p2b: Archaludon|[spread] p2a,p2b\n|-damage|p2a: Annihilape|59\/100\n|-damage|p2b: Archaludon|42\/100\n|-enditem|p1b: Old Yeller|Throat Spray\n|-boost|p1b: Old Yeller|spa|1|[from] item: Throat Spray\n|\n|upkeep\n|turn|2\n|\n|t:|1731438607\n|move|p2b: Archaludon|Protect|p2b: Archaludon\n|-singleturn|p2b: Archaludon|Protect\n|move|p1a: Bullshifu|Close Combat|p2b: Archaludon\n|-activate|p2b: Archaludon|move: Protect\n|move|p2a: Annihilape|Rage Fist|p1b: Old Yeller\n|-damage|p1b: Old Yeller|0 fnt\n|faint|p1b: Old Yeller\n|\n|upkeep\n|\n|t:|1731438610\n|switch|p1b: Koko The Gorythmic|Rillaboom, L50, F|100\/100\n|-fieldstart|move: Grassy Terrain|[from] ability: Grassy Surge|[of] p1b: Koko The Gorythmic\n|turn|3\n|\n|t:|1731438633\n|switch|p1b: Snowblind|Sableye, L50, M|100\/100\n|move|p2a: Annihilape|Protect|p2a: Annihilape\n|-singleturn|p2a: Annihilape|Protect\n|move|p1a: Bullshifu|Close Combat|p2b: Archaludon\n|-supereffective|p2b: Archaludon\n|-damage|p2b: Archaludon|0 fnt\n|-unboost|p1a: Bullshifu|def|1\n|-unboost|p1a: Bullshifu|spd|1\n|faint|p2b: Archaludon\n|\n|-heal|p2a: Annihilape|65\/100|[from] Grassy Terrain\n|upkeep\n|\n|t:|1731438640\n|switch|p2b: Dondozo|Dondozo, L50, M|100\/100\n|turn|4\n|\n|t:|1731438645\n|switch|p2a: Tatsugiri|Tatsugiri, L50, F|100\/100\n|-activate|p2a: Tatsugiri|ability: Commander|[of] p2b: Dondozo\n|-boost|p2b: Dondozo|atk|2\n|-boost|p2b: Dondozo|spa|2\n|-boost|p2b: Dondozo|spe|2\n|-boost|p2b: Dondozo|def|2\n|-boost|p2b: Dondozo|spd|2\n|move|p1b: Snowblind|Encore|p2a: Tatsugiri|[miss]\n|-miss|p1b: Snowblind|p2a: Tatsugiri\n|move|p2b: Dondozo|Order Up|p1a: Bullshifu\n|-damage|p1a: Bullshifu|49\/100\n|-boost|p2b: Dondozo|atk|1\n|move|p1a: Bullshifu|Close Combat|p2b: Dondozo\n|-damage|p2b: Dondozo|81\/100\n|-unboost|p1a: Bullshifu|def|1\n|-unboost|p1a: Bullshifu|spd|1\n|\n|-heal|p2b: Dondozo|87\/100|[from] Grassy Terrain\n|-heal|p1a: Bullshifu|55\/100|[from] Grassy Terrain\n|upkeep\n|turn|5\n|\n|t:|1731438665\n|move|p1b: Snowblind|Encore|p2b: Dondozo\n|-start|p2b: Dondozo|Encore\n|move|p2b: Dondozo|Order Up|p1b: Snowblind\n|-damage|p1b: Snowblind|33\/100\n|-enditem|p1b: Snowblind|Sitrus Berry|[eat]\n|-heal|p1b: Snowblind|58\/100|[from] item: Sitrus Berry\n|-boost|p2b: Dondozo|atk|1\n|move|p1a: Bullshifu|Close Combat|p2b: Dondozo\n|-damage|p2b: Dondozo|67\/100\n|-unboost|p1a: Bullshifu|def|1\n|-unboost|p1a: Bullshifu|spd|1\n|\n|-heal|p2b: Dondozo|73\/100|[from] Grassy Terrain\n|-heal|p1a: Bullshifu|61\/100|[from] Grassy Terrain\n|-heal|p1b: Snowblind|63\/100|[from] Grassy Terrain\n|upkeep\n|turn|6\n|\n|t:|1731438681\n|move|p1b: Snowblind|Disable|p2b: Dondozo\n|-start|p2b: Dondozo|Disable|Order Up\n|cant|p2b: Dondozo|Disable|Order Up\n|move|p1a: Bullshifu|Close Combat|p2b: Dondozo\n|-damage|p2b: Dondozo|52\/100\n|-unboost|p1a: Bullshifu|def|1\n|-unboost|p1a: Bullshifu|spd|1\n|\n|-heal|p2b: Dondozo|58\/100|[from] Grassy Terrain\n|-heal|p1a: Bullshifu|67\/100|[from] Grassy Terrain\n|-heal|p1b: Snowblind|69\/100|[from] Grassy Terrain\n|upkeep\n|turn|7\n|\n|t:|1731438693\n|-activate|p2b: Dondozo|move: Struggle\n|move|p2b: Dondozo|Struggle|p1b: Snowblind\n|-damage|p1b: Snowblind|22\/100\n|-damage|p2b: Dondozo|33\/100|[from] recoil\n|move|p1a: Bullshifu|Close Combat|p2b: Dondozo\n|-crit|p2b: Dondozo\n|-damage|p2b: Dondozo|0 fnt\n|-unboost|p1a: Bullshifu|def|1\n|-unboost|p1a: Bullshifu|spd|1\n|faint|p2b: Dondozo\n|move|p1b: Snowblind|Foul Play|p2a: Tatsugiri\n|-crit|p2a: Tatsugiri\n|-damage|p2a: Tatsugiri|60\/100\n|\n|-heal|p1a: Bullshifu|73\/100|[from] Grassy Terrain\n|-heal|p2a: Tatsugiri|66\/100|[from] Grassy Terrain\n|-heal|p1b: Snowblind|28\/100|[from] Grassy Terrain\n|-fieldend|move: Grassy Terrain\n|upkeep\n|\n|t:|1731438698\n|switch|p2b: Annihilape|Annihilape, L50, M, tera:Water|65\/100\n|turn|8\n|\n|t:|1731438713\n|move|p1a: Bullshifu|Protect|p1a: Bullshifu\n|-singleturn|p1a: Bullshifu|Protect\n|move|p2a: Tatsugiri|Protect|p2a: Tatsugiri\n|-singleturn|p2a: Tatsugiri|Protect\n|move|p1b: Snowblind|Will-O-Wisp|p2b: Annihilape\n|-status|p2b: Annihilape|brn\n|move|p2b: Annihilape|Drain Punch|p1a: Bullshifu\n|-activate|p1a: Bullshifu|move: Protect\n|\n|-damage|p2b: Annihilape|59\/100 brn|[from] brn\n|upkeep\n|turn|9\n|\n|t:|1731438721\n|move|p2a: Tatsugiri|Protect|p2a: Tatsugiri\n|-singleturn|p2a: Tatsugiri|Protect\n|move|p1b: Snowblind|Encore|p2a: Tatsugiri\n|-activate|p2a: Tatsugiri|move: Protect\n|move|p1a: Bullshifu|Close Combat|p2b: Annihilape\n|-damage|p2b: Annihilape|0 fnt\n|-unboost|p1a: Bullshifu|def|1\n|-unboost|p1a: Bullshifu|spd|1\n|faint|p2b: Annihilape\n|\n|upkeep\n|turn|10\n|\n|t:|1731438729\n|move|p1b: Snowblind|Encore|p2a: Tatsugiri\n|-start|p2a: Tatsugiri|Encore\n|move|p1a: Bullshifu|Close Combat|p2a: Tatsugiri\n|-damage|p2a: Tatsugiri|0 fnt\n|faint|p2a: Tatsugiri\n|\n|win|VGCLTH Slow\n|raw|VGCLTH Slow's rating: 1654 &rarr; <strong>1676<\/strong><br \/>(+22 for winning)\n|raw|La Masoneria's rating: 1691 &rarr; <strong>1669<\/strong><br \/>(-22 for losing)\n|l|\u2606La Masoneria\n|player|p2|\n","uploadtime":1731438731,"views":41,"formatid":"gen9vgc2024regh","rating":1669,"private":0,"password":null}