{"id":"gen9vgc2024regh-2242904048","format":"[Gen 9] VGC 2024 Reg H","players":["VGCLTH Sir Aaron","ray4gej"],"log":"|j|\u2606VGCLTH Sir Aaron\n|j|\u2606ray4gej\n|t:|1731483338\n|gametype|doubles\n|player|p1|VGCLTH Sir Aaron|red-masters3|1682\n|player|p2|ray4gej|169|1775\n|teamsize|p1|6\n|teamsize|p2|6\n|gen|9\n|tier|[Gen 9] VGC 2024 Reg H\n|rated|\n|rule|Species Clause: Limit one of each Pok\u00e9mon\n|rule|Item Clause: Limit 1 of each item\n|clearpoke\n|poke|p1|Sableye, L50, F|\n|poke|p1|Sylveon, L50, F|\n|poke|p1|Archaludon, L50, F|\n|poke|p1|Volcarona, L50, F|\n|poke|p1|Rillaboom, L50, F|\n|poke|p1|Tauros-Paldea-Aqua, L50, M|\n|poke|p2|Dondozo, L50, F|\n|poke|p2|Tatsugiri, L50, F|\n|poke|p2|Sneasler, L50, M|\n|poke|p2|Flamigo, L50, M|\n|poke|p2|Amoonguss, L50, F|\n|poke|p2|Gholdengo, L50|\n|teampreview|4\n|\n|t:|1731483376\n|start\n|switch|p1a: Snowblind|Sableye, L50, F|100\/100\n|switch|p1b: Shamonerona|Volcarona, L50, F, shiny|100\/100\n|switch|p2a: Sneasler|Sneasler, L50, M|100\/100\n|switch|p2b: Flamigo|Flamigo, L50, M|100\/100\n|turn|1\n|\n|t:|1731483388\n|move|p1a: Snowblind|Protect|p1a: Snowblind\n|-singleturn|p1a: Snowblind|Protect\n|move|p1b: Shamonerona|Protect|p1b: Shamonerona\n|-singleturn|p1b: Shamonerona|Protect\n|move|p2a: Sneasler|Dire Claw|p1b: Shamonerona\n|-activate|p1b: Shamonerona|move: Protect\n|move|p2b: Flamigo|Tailwind|p2b: Flamigo\n|-sidestart|p2: ray4gej|move: Tailwind\n|\n|upkeep\n|turn|2\n|\n|t:|1731483406\n|move|p1a: Snowblind|Encore|p2b: Flamigo\n|-start|p2b: Flamigo|Encore\n|move|p2a: Sneasler|Dire Claw|p1b: Shamonerona\n|-damage|p1b: Shamonerona|52\/100\n|move|p2b: Flamigo|Tailwind||[still]\n|-fail|p2b: Flamigo\n|move|p1b: Shamonerona|Quiver Dance|p1b: Shamonerona\n|-boost|p1b: Shamonerona|spa|1\n|-boost|p1b: Shamonerona|spd|1\n|-boost|p1b: Shamonerona|spe|1\n|\n|upkeep\n|turn|3\n|\n|t:|1731483427\n|switch|p2b: Tatsugiri|Tatsugiri, L50, F|100\/100\n|-terastallize|p2a: Sneasler|Stellar\n|move|p1a: Snowblind|Disable|p2a: Sneasler\n|-start|p2a: Sneasler|Disable|Dire Claw\n|cant|p2a: Sneasler|Disable|Dire Claw\n|move|p1b: Shamonerona|Quiver Dance|p1b: Shamonerona\n|-boost|p1b: Shamonerona|spa|1\n|-boost|p1b: Shamonerona|spd|1\n|-boost|p1b: Shamonerona|spe|1\n|\n|upkeep\n|turn|4\n|\n|t:|1731483457\n|-terastallize|p1b: Shamonerona|Grass\n|move|p1a: Snowblind|Encore|p2a: Sneasler\n|-start|p2a: Sneasler|Encore\n|move|p2b: Tatsugiri|Muddy Water|p1a: Snowblind|[spread] p1a,p1b\n|-resisted|p1b: Shamonerona\n|-damage|p1a: Snowblind|54\/100\n|-damage|p1b: Shamonerona|44\/100\n|cant|p2a: Sneasler|Disable|Dire Claw\n|move|p1b: Shamonerona|Giga Drain|p2b: Tatsugiri\n|-damage|p2b: Tatsugiri|0 fnt\n|-heal|p1b: Shamonerona|82\/100|[from] drain|[of] p2b: Tatsugiri\n|faint|p2b: Tatsugiri\n|\n|-sideend|p2: ray4gej|move: Tailwind\n|upkeep\n|\n|t:|1731483464\n|switch|p2b: Flamigo|Flamigo, L50, M|100\/100\n|turn|5\n|\n|t:|1731483474\n|move|p1a: Snowblind|Protect|p1a: Snowblind\n|-singleturn|p1a: Snowblind|Protect\n|move|p1b: Shamonerona|Protect|p1b: Shamonerona\n|-singleturn|p1b: Shamonerona|Protect\n|-activate|p2a: Sneasler|move: Struggle\n|move|p2a: Sneasler|Struggle|p1b: Shamonerona\n|-activate|p1b: Shamonerona|move: Protect\n|move|p2b: Flamigo|Dual Wingbeat|p1b: Shamonerona\n|-activate|p1b: Shamonerona|move: Protect\n|\n|upkeep\n|turn|6\n|\n|t:|1731483485\n|switch|p2a: Gholdengo|Gholdengo, L50|100\/100\n|move|p1a: Snowblind|Disable|p2b: Flamigo\n|-start|p2b: Flamigo|Disable|Dual Wingbeat\n|move|p1b: Shamonerona|Heat Wave|p2b: Flamigo|[spread] p2a,p2b\n|-supereffective|p2a: Gholdengo\n|-damage|p2a: Gholdengo|0 fnt\n|-enditem|p2b: Flamigo|Focus Sash\n|-damage|p2b: Flamigo|1\/100\n|faint|p2a: Gholdengo\n|cant|p2b: Flamigo|Disable|Dual Wingbeat\n|\n|upkeep\n|-message|ray4gej forfeited.\n|\n|win|VGCLTH Sir Aaron\n|raw|VGCLTH Sir Aaron's rating: 1682 &rarr; <strong>1707<\/strong><br \/>(+25 for winning)\n|raw|ray4gej's rating: 1775 &rarr; <strong>1750<\/strong><br \/>(-25 for losing)\n|l|\u2606ray4gej\n|player|p2|\n","uploadtime":1731483539,"views":19,"formatid":"gen9vgc2024regh","rating":1707,"private":0,"password":null}