{"id":"gen9vgc2024regh-2242899851","format":"[Gen 9] VGC 2024 Reg H","players":["balnam","VGCLTH Glock Tuah"],"log":"|raw|<div class=\"broadcast-blue\"><strong>This battle is required to be public due to a player having a name starting with 'vgclth'.<\/div>\n|j|\u2606balnam\n|j|\u2606VGCLTH Glock Tuah\n|t:|1731482458\n|gametype|doubles\n|player|p1|balnam|170|1682\n|player|p2|VGCLTH Glock Tuah|koga-lgpe|1660\n|teamsize|p1|6\n|teamsize|p2|6\n|gen|9\n|tier|[Gen 9] VGC 2024 Reg H\n|rated|\n|rule|Species Clause: Limit one of each Pok\u00e9mon\n|rule|Item Clause: Limit 1 of each item\n|clearpoke\n|poke|p1|Whimsicott, L50, M|\n|poke|p1|Volcarona, L50, M|\n|poke|p1|Dragonite, L50, F|\n|poke|p1|Ursaluna-Bloodmoon, L50, M|\n|poke|p1|Annihilape, L50, F|\n|poke|p1|Incineroar, L50, F|\n|poke|p2|Annihilape, L50, M|\n|poke|p2|Dondozo, L50, F|\n|poke|p2|Maushold-Four, L50|\n|poke|p2|Gholdengo, L50|\n|poke|p2|Whimsicott, L50, F|\n|poke|p2|Tatsugiri, L50, F|\n|teampreview|4\n|inactive|Battle timer is ON: inactive players will automatically lose when time's up. (requested by VGCLTH Glock Tuah)\n|inactive|balnam has 60 seconds left.\n|\n|t:|1731482491\n|start\n|switch|p1a: Dragonite|Dragonite, L50, F|100\/100\n|switch|p1b: Ursaluna|Ursaluna-Bloodmoon, L50, M|100\/100\n|switch|p2a: Maushold|Maushold-Four, L50|100\/100\n|switch|p2b: Annihilape|Annihilape, L50, M, shiny|100\/100\n|turn|1\n|inactive|VGCLTH Glock Tuah has 30 seconds left.\n|inactive|VGCLTH Glock Tuah has 20 seconds left.\n|inactive|VGCLTH Glock Tuah has 15 seconds left.\n|inactive|VGCLTH Glock Tuah has 10 seconds left.\n|inactive|balnam has 30 seconds left.\n|inactive|VGCLTH Glock Tuah has 5 seconds left.\n|j| VGCLTH Dimsum\n|\n|t:|1731482546\n|-terastallize|p1b: Ursaluna|Normal\n|move|p2a: Maushold|Beat Up|p1b: Ursaluna\n|-damage|p1b: Ursaluna|98\/100\n|-damage|p1b: Ursaluna|96\/100\n|-damage|p1b: Ursaluna|93\/100\n|-damage|p1b: Ursaluna|92\/100\n|-hitcount|p1b: Ursaluna|4\n|move|p1a: Dragonite|Scale Shot|p2a: Maushold\n|-damage|p2a: Maushold|82\/100\n|-damage|p2a: Maushold|63\/100\n|-damage|p2a: Maushold|43\/100\n|-damage|p2a: Maushold|23\/100\n|-damage|p2a: Maushold|4\/100\n|-hitcount|p2a: Maushold|5\n|-unboost|p1a: Dragonite|def|1\n|-boost|p1a: Dragonite|spe|1\n|move|p2b: Annihilape|Rage Fist|p1a: Dragonite\n|-damage|p1a: Dragonite|83\/100\n|move|p1b: Ursaluna|Hyper Voice|p2a: Maushold|[spread] p2a,p2b\n|-damage|p2a: Maushold|0 fnt\n|-damage|p2b: Annihilape|63\/100\n|faint|p2a: Maushold\n|-damage|p1b: Ursaluna|82\/100|[from] item: Life Orb\n|\n|upkeep\n|l| VGCLTH Dimsum\n|\n|t:|1731482562\n|switch|p2a: Tatsugiri|Tatsugiri, L50, F, shiny|100\/100\n|turn|2\n|inactive|balnam has 30 seconds left.\n|inactive|balnam has 20 seconds left.\n|inactive|balnam has 15 seconds left.\n|inactive|balnam has 10 seconds left.\n|inactive|balnam has 5 seconds left.\n|\n|t:|1731482617\n|-terastallize|p2a: Tatsugiri|Steel\n|move|p2a: Tatsugiri|Icy Wind|p1b: Ursaluna|[spread] p1a,p1b\n|-supereffective|p1a: Dragonite\n|-damage|p1a: Dragonite|23\/100\n|-damage|p1b: Ursaluna|63\/100\n|-unboost|p1a: Dragonite|spe|1\n|-unboost|p1b: Ursaluna|spe|1\n|move|p1a: Dragonite|Scale Shot|p2b: Annihilape\n|-damage|p2b: Annihilape|48\/100\n|-enditem|p2b: Annihilape|Sitrus Berry|[eat]\n|-heal|p2b: Annihilape|73\/100|[from] item: Sitrus Berry\n|-damage|p2b: Annihilape|59\/100\n|-damage|p2b: Annihilape|44\/100\n|-damage|p2b: Annihilape|30\/100\n|-hitcount|p2b: Annihilape|4\n|-unboost|p1a: Dragonite|def|1\n|-boost|p1a: Dragonite|spe|1\n|move|p2b: Annihilape|Drain Punch|p1b: Ursaluna\n|-supereffective|p1b: Ursaluna\n|-damage|p1b: Ursaluna|9\/100\n|-heal|p2b: Annihilape|53\/100|[from] drain|[of] p1b: Ursaluna\n|move|p1b: Ursaluna|Hyper Voice|p2a: Tatsugiri|[spread] p2a,p2b\n|-resisted|p2a: Tatsugiri\n|-damage|p2a: Tatsugiri|57\/100\n|-damage|p2b: Annihilape|0 fnt\n|faint|p2b: Annihilape\n|-damage|p1b: Ursaluna|0 fnt|[from] item: Life Orb\n|faint|p1b: Ursaluna\n|\n|upkeep\n|inactive|balnam has 30 seconds left.\n|inactive|VGCLTH Glock Tuah has 30 seconds left.\n|inactive|balnam has 20 seconds left.\n|inactive|balnam has 15 seconds left.\n|inactive|balnam has 10 seconds left.\n|inactive|balnam has 5 seconds left.\n|\n|t:|1731482672\n|switch|p2b: Dondozo|Dondozo, L50, F, shiny|100\/100\n|switch|p1b: Whimsicott|Whimsicott, L50, M|100\/100\n|-activate|p2a: Tatsugiri|ability: Commander|[of] p2b: Dondozo\n|-boost|p2b: Dondozo|atk|2\n|-boost|p2b: Dondozo|spa|2\n|-boost|p2b: Dondozo|spe|2\n|-boost|p2b: Dondozo|def|2\n|-boost|p2b: Dondozo|spd|2\n|turn|3\n|inactive|balnam has 30 seconds left.\n|inactive|balnam has 20 seconds left.\n|inactive|balnam has 15 seconds left.\n|inactive|balnam has 10 seconds left.\n|inactive|balnam has 5 seconds left.\n|\n|t:|1731482727\n|move|p1a: Dragonite|Scale Shot|p2b: Dondozo\n|-damage|p2b: Dondozo|95\/100\n|-damage|p2b: Dondozo|89\/100\n|-damage|p2b: Dondozo|84\/100\n|-damage|p2b: Dondozo|78\/100\n|-hitcount|p2b: Dondozo|4\n|-unboost|p1a: Dragonite|def|1\n|-boost|p1a: Dragonite|spe|1\n|move|p1b: Whimsicott|Moonblast|p2a: Tatsugiri|[miss]\n|-miss|p1b: Whimsicott|p2a: Tatsugiri\n|move|p2b: Dondozo|Order Up|p1a: Dragonite\n|-supereffective|p1a: Dragonite\n|-damage|p1a: Dragonite|0 fnt\n|faint|p1a: Dragonite\n|-boost|p2b: Dondozo|atk|1\n|\n|-heal|p2b: Dondozo|84\/100|[from] item: Leftovers\n|upkeep\n|inactive|balnam has 30 seconds left.\n|inactive|balnam has 20 seconds left.\n|inactive|balnam has 15 seconds left.\n|inactive|balnam has 10 seconds left.\n|inactive|balnam has 5 seconds left.\n|\n|t:|1731482782\n|switch|p1a: Incineroar|Incineroar, L50, F|100\/100\n|-ability|p1a: Incineroar|Intimidate|boost\n|-unboost|p2a: Tatsugiri|atk|1\n|-unboost|p2b: Dondozo|atk|1\n|turn|4\n|inactive|balnam has 30 seconds left.\n|inactive|balnam has 20 seconds left.\n|inactive|balnam has 15 seconds left.\n|inactive|balnam has 10 seconds left.\n|inactive|balnam has 5 seconds left.\n|\n|t:|1731482837\n|move|p1b: Whimsicott|Moonblast|p2a: Tatsugiri|[miss]\n|-miss|p1b: Whimsicott|p2a: Tatsugiri\n|move|p2b: Dondozo|Wave Crash|p1a: Incineroar\n|-supereffective|p1a: Incineroar\n|-damage|p1a: Incineroar|0 fnt\n|faint|p1a: Incineroar\n|-damage|p2b: Dondozo|55\/100|[from] Recoil\n|\n|-heal|p2b: Dondozo|61\/100|[from] item: Leftovers\n|upkeep\n|turn|5\n|inactive|balnam has 30 seconds left.\n|inactive|balnam has 20 seconds left.\n|inactive|balnam has 15 seconds left.\n|inactive|balnam has 10 seconds left.\n|inactive|balnam has 5 seconds left.\n|\n|t:|1731482892\n|move|p1b: Whimsicott|Moonblast|p2b: Dondozo\n|-damage|p2b: Dondozo|42\/100\n|-unboost|p2b: Dondozo|spa|1\n|move|p2b: Dondozo|Wave Crash|p1b: Whimsicott\n|-resisted|p1b: Whimsicott\n|-damage|p1b: Whimsicott|15\/100\n|-damage|p2b: Dondozo|25\/100|[from] Recoil\n|\n|-heal|p2b: Dondozo|31\/100|[from] item: Leftovers\n|upkeep\n|turn|6\n|inactive|balnam has 30 seconds left.\n|inactive|VGCLTH Glock Tuah has 30 seconds left.\n|-message|balnam forfeited.\n|\n|win|VGCLTH Glock Tuah\n|raw|balnam's rating: 1682 &rarr; <strong>1664<\/strong><br \/>(-18 for losing)\n|raw|VGCLTH Glock Tuah's rating: 1715 &rarr; <strong>1733<\/strong><br \/>(+18 for winning)\n|l|\u2606balnam\n|player|p1|\n|l|\u2606VGCLTH Glock Tuah\n|player|p2|\n","uploadtime":1731483167,"views":22,"formatid":"gen9vgc2024regh","rating":1664,"private":0,"password":null}