{"id":"gen9vgc2024regh-2242974593","format":"[Gen 9] VGC 2024 Reg H","players":["Zordor","vgclth elowyn"],"log":"|j|\u2606Zordor\n|j|\u2606vgclth elowyn\n|t:|1731496286\n|gametype|doubles\n|player|p1|Zordor|pilot|1773\n|player|p2|vgclth elowyn|1|1749\n|teamsize|p1|6\n|teamsize|p2|6\n|gen|9\n|tier|[Gen 9] VGC 2024 Reg H\n|rated|\n|rule|Species Clause: Limit one of each Pok\u00e9mon\n|rule|Item Clause: Limit 1 of each item\n|clearpoke\n|poke|p1|Rotom-Wash, L50|\n|poke|p1|Sneasler, L50, F|\n|poke|p1|Kingambit, L50, M|\n|poke|p1|Armarouge, L50, M|\n|poke|p1|Dragapult, L50, F|\n|poke|p1|Venusaur, L50, F|\n|poke|p2|Smeargle, L50, F|\n|poke|p2|Farigiraf, L50, F|\n|poke|p2|Grimmsnarl, L50, M|\n|poke|p2|Torkoal, L50, M|\n|poke|p2|Ursaluna-Bloodmoon, L50, M|\n|poke|p2|Araquanid, L50, M|\n|teampreview|4\n|j| mr pogostick\n|l| mr pogostick\n|\n|t:|1731496329\n|start\n|switch|p1a: Kingambit|Kingambit, L50, M|100\/100\n|switch|p1b: Sneasler|Sneasler, L50, F|100\/100\n|switch|p2a: Smeargle|Smeargle, L50, F|100\/100\n|switch|p2b: Farigiraf|Farigiraf, L50, F|100\/100\n|turn|1\n|\n|t:|1731496341\n|move|p2a: Smeargle|Fake Out|p1a: Kingambit\n|-resisted|p1a: Kingambit\n|-damage|p1a: Kingambit|99\/100\n|move|p1b: Sneasler|Dire Claw|p2b: Farigiraf\n|-damage|p2b: Farigiraf|63\/100\n|cant|p1a: Kingambit|flinch\n|move|p2b: Farigiraf|Trick Room|p2b: Farigiraf\n|-fieldstart|move: Trick Room|[of] p2b: Farigiraf\n|\n|-ability|p2a: Smeargle|Moody|boost\n|-boost|p2a: Smeargle|def|2\n|-unboost|p2a: Smeargle|atk|1\n|-enditem|p2a: Smeargle|Eject Pack\n|upkeep\n|\n|t:|1731496347\n|switch|p2a: Torkoal|Torkoal, L50, M|100\/100\n|-weather|SunnyDay|[from] ability: Drought|[of] p2a: Torkoal\n|turn|2\n|\n|t:|1731496361\n|switch|p2b: Ursaluna|Ursaluna-Bloodmoon, L50, M|100\/100\n|move|p1a: Kingambit|Protect|p1a: Kingambit\n|-singleturn|p1a: Kingambit|Protect\n|move|p1b: Sneasler|Protect|p1b: Sneasler\n|-singleturn|p1b: Sneasler|Protect\n|move|p2a: Torkoal|Eruption|p1b: Sneasler|[spread] \n|-activate|p1a: Kingambit|move: Protect\n|-activate|p1b: Sneasler|move: Protect\n|\n|-weather|SunnyDay|[upkeep]\n|upkeep\n|turn|3\n|inactive|Battle timer is ON: inactive players will automatically lose when time's up. (requested by vgclth elowyn)\n|\n|t:|1731496396\n|switch|p1b: Armarouge|Armarouge, L50, M|100\/100\n|-terastallize|p2b: Ursaluna|Normal\n|move|p1a: Kingambit|Sucker Punch|p2b: Ursaluna\n|-damage|p2b: Ursaluna|77\/100\n|move|p2a: Torkoal|Eruption|p1a: Kingambit|[spread] p1a\n|-start|p1b: Armarouge|ability: Flash Fire\n|-supereffective|p1a: Kingambit\n|-damage|p1a: Kingambit|0 fnt\n|faint|p1a: Kingambit\n|move|p2b: Ursaluna|Hyper Voice|p1b: Armarouge\n|-damage|p1b: Armarouge|0 fnt\n|faint|p1b: Armarouge\n|-damage|p2b: Ursaluna|67\/100|[from] item: Life Orb\n|\n|-weather|SunnyDay|[upkeep]\n|upkeep\n|\n|t:|1731496409\n|switch|p1a: Dragapult|Dragapult, L50, F|100\/100\n|switch|p1b: Sneasler|Sneasler, L50, F|100\/100\n|turn|4\n|\n|t:|1731496420\n|move|p1b: Sneasler|Protect|p1b: Sneasler\n|-singleturn|p1b: Sneasler|Protect\n|move|p2a: Torkoal|Eruption|p1b: Sneasler|[spread] p1a\n|-activate|p1b: Sneasler|move: Protect\n|-resisted|p1a: Dragapult\n|-damage|p1a: Dragapult|52\/100\n|move|p2b: Ursaluna|Blood Moon|p1a: Dragapult\n|-damage|p1a: Dragapult|0 fnt\n|faint|p1a: Dragapult\n|-damage|p2b: Ursaluna|57\/100|[from] item: Life Orb\n|\n|-weather|SunnyDay|[upkeep]\n|upkeep\n|turn|5\n|-message|Zordor forfeited.\n|\n|win|vgclth elowyn\n|raw|Zordor's rating: 1773 &rarr; <strong>1752<\/strong><br \/>(-21 for losing)\n|raw|vgclth elowyn's rating: 1749 &rarr; <strong>1770<\/strong><br \/>(+21 for winning)\n|l|\u2606Zordor\n|player|p1|\n|l|\u2606vgclth elowyn\n|player|p2|\n","uploadtime":1731496695,"views":25,"formatid":"gen9vgc2024regh","rating":1752,"private":0,"password":null}