{"id":"gen9vgc2024regh-2242422830","format":"[Gen 9] VGC 2024 Reg H","players":["Zordor","yclin"],"log":"|j|\u2606Zordor\n|j|\u2606yclin\n|t:|1731425912\n|gametype|doubles\n|player|p1|Zordor|pilot|1759\n|player|p2|yclin|1|1690\n|teamsize|p1|6\n|teamsize|p2|6\n|gen|9\n|tier|[Gen 9] VGC 2024 Reg H\n|rated|\n|rule|Species Clause: Limit one of each Pok\u00e9mon\n|rule|Item Clause: Limit 1 of each item\n|clearpoke\n|poke|p1|Rotom-Wash, L50|\n|poke|p1|Sneasler, L50, F|\n|poke|p1|Kingambit, L50, M|\n|poke|p1|Armarouge, L50, F|\n|poke|p1|Dragapult, L50, F|\n|poke|p1|Venusaur, L50, M|\n|poke|p2|Indeedee-F, L50, F|\n|poke|p2|Gallade, L50, M|\n|poke|p2|Torkoal, L50, F|\n|poke|p2|Hatterene, L50, F|\n|poke|p2|Armarouge, L50, M|\n|poke|p2|Ursaluna-Bloodmoon, L50, M|\n|teampreview|4\n|j| KOPLUS\n|inactive|Battle timer is ON: inactive players will automatically lose when time's up. (requested by yclin)\n|\n|t:|1731425966\n|start\n|switch|p1a: Kingambit|Kingambit, L50, M, shiny|100\/100\n|switch|p1b: Sneasler|Sneasler, L50, F|100\/100\n|switch|p2a: Gallade|Gallade, L50, M, shiny|100\/100\n|switch|p2b: Ursaluna|Ursaluna-Bloodmoon, L50, M|100\/100\n|turn|1\n|inactive|Zordor has 30 seconds left.\n|\n|t:|1731425998\n|-terastallize|p1a: Kingambit|Flying\n|move|p1b: Sneasler|Dire Claw|p2a: Gallade\n|-damage|p2a: Gallade|51\/100\n|-status|p2a: Gallade|psn\n|move|p1a: Kingambit|Throat Chop|p2b: Ursaluna\n|-damage|p2b: Ursaluna|70\/100\n|-start|p2b: Ursaluna|Throat Chop|[silent]\n|move|p2b: Ursaluna|Blood Moon|p1b: Sneasler\n|-damage|p1b: Sneasler|2\/100\n|move|p2a: Gallade|Trick Room|p2a: Gallade\n|-fieldstart|move: Trick Room|[of] p2a: Gallade\n|\n|-damage|p2a: Gallade|39\/100 psn|[from] psn\n|upkeep\n|turn|2\n|\n|t:|1731426020\n|move|p2b: Ursaluna|Vacuum Wave|p1b: Sneasler\n|-resisted|p1b: Sneasler\n|-damage|p1b: Sneasler|0 fnt\n|faint|p1b: Sneasler\n|move|p1a: Kingambit|Sucker Punch|p2a: Gallade\n|-damage|p2a: Gallade|0 fnt\n|faint|p2a: Gallade\n|\n|-end|p2b: Ursaluna|Throat Chop|[silent]\n|upkeep\n|\n|t:|1731426033\n|switch|p2a: Torkoal|Torkoal, L50, F, shiny|100\/100\n|switch|p1b: Rotom|Rotom-Wash, L50|100\/100\n|-weather|SunnyDay|[from] ability: Drought|[of] p2a: Torkoal\n|turn|3\n|\n|t:|1731426048\n|switch|p2b: Indeedee|Indeedee-F, L50, F|100\/100\n|-fieldstart|move: Psychic Terrain|[from] ability: Psychic Surge|[of] p2b: Indeedee\n|-terastallize|p2a: Torkoal|Fire\n|move|p1a: Kingambit|Protect|p1a: Kingambit\n|-singleturn|p1a: Kingambit|Protect\n|move|p1b: Rotom|Protect|p1b: Rotom\n|-singleturn|p1b: Rotom|Protect\n|move|p2a: Torkoal|Eruption|p1a: Kingambit|[spread] \n|-activate|p1a: Kingambit|move: Protect\n|-activate|p1b: Rotom|move: Protect\n|\n|-weather|SunnyDay|[upkeep]\n|upkeep\n|turn|4\n|\n|t:|1731426065\n|switch|p1a: Armarouge|Armarouge, L50, F|100\/100\n|move|p2b: Indeedee|Helping Hand|p2a: Torkoal\n|-singleturn|p2a: Torkoal|Helping Hand|[of] p2b: Indeedee\n|move|p2a: Torkoal|Eruption|p1a: Armarouge|[spread] p1b\n|-start|p1a: Armarouge|ability: Flash Fire\n|-resisted|p1b: Rotom\n|-damage|p1b: Rotom|18\/100\n|move|p1b: Rotom|Electroweb|p2a: Torkoal|[spread] p2a,p2b\n|-damage|p2a: Torkoal|83\/100\n|-damage|p2b: Indeedee|87\/100\n|-unboost|p2a: Torkoal|spe|1\n|-unboost|p2b: Indeedee|spe|1\n|\n|-weather|SunnyDay|[upkeep]\n|upkeep\n|turn|5\n|\n|t:|1731426079\n|move|p1b: Rotom|Protect|p1b: Rotom\n|-singleturn|p1b: Rotom|Protect\n|move|p2a: Torkoal|Eruption|p1a: Armarouge|[spread] \n|-activate|p1b: Rotom|move: Protect\n|-immune|p1a: Armarouge|[from] ability: Flash Fire\n|move|p2b: Indeedee|Alluring Voice|p1a: Armarouge\n|-resisted|p1a: Armarouge\n|-damage|p1a: Armarouge|91\/100\n|move|p1a: Armarouge|Heat Wave|p2b: Indeedee|[spread] p2a\n|-miss|p1a: Armarouge|p2b: Indeedee\n|-resisted|p2a: Torkoal\n|-damage|p2a: Torkoal|33\/100\n|\n|-weather|SunnyDay|[upkeep]\n|-fieldend|move: Trick Room\n|upkeep\n|turn|6\n|\n|t:|1731426096\n|move|p1b: Rotom|Electroweb|p2a: Torkoal|[spread] p2a,p2b\n|-damage|p2a: Torkoal|14\/100\n|-damage|p2b: Indeedee|71\/100\n|-unboost|p2a: Torkoal|spe|1\n|-unboost|p2b: Indeedee|spe|1\n|move|p1a: Armarouge|Heat Wave|p2b: Indeedee|[spread] p2a,p2b\n|-resisted|p2a: Torkoal\n|-damage|p2a: Torkoal|0 fnt\n|-damage|p2b: Indeedee|3\/100\n|-status|p2b: Indeedee|brn\n|faint|p2a: Torkoal\n|move|p2b: Indeedee|Trick Room|p2b: Indeedee\n|-fieldstart|move: Trick Room|[of] p2b: Indeedee\n|\n|-weather|SunnyDay|[upkeep]\n|-damage|p2b: Indeedee|0 fnt|[from] brn\n|faint|p2b: Indeedee\n|upkeep\n|\n|t:|1731426103\n|switch|p2a: Ursaluna|Ursaluna-Bloodmoon, L50, M|70\/100\n|turn|7\n|\n|t:|1731426110\n|move|p1a: Armarouge|Protect|p1a: Armarouge\n|-singleturn|p1a: Armarouge|Protect\n|move|p1b: Rotom|Protect|p1b: Rotom\n|-singleturn|p1b: Rotom|Protect\n|move|p2a: Ursaluna|Earth Power|p1a: Armarouge\n|-activate|p1a: Armarouge|move: Protect\n|\n|-weather|none\n|-fieldend|move: Psychic Terrain\n|upkeep\n|turn|8\n|\n|t:|1731426121\n|move|p2a: Ursaluna|Hyper Voice|p1b: Rotom|[spread] p1a,p1b\n|-damage|p1a: Armarouge|49\/100\n|-damage|p1b: Rotom|0 fnt\n|faint|p1b: Rotom\n|move|p1a: Armarouge|Psychic|p2a: Ursaluna\n|-damage|p2a: Ursaluna|35\/100\n|\n|upkeep\n|\n|t:|1731426123\n|switch|p1b: Kingambit|Kingambit, L50, M, shiny, tera:Flying|100\/100\n|turn|9\n|\n|t:|1731426133\n|move|p1b: Kingambit|Protect|p1b: Kingambit\n|-singleturn|p1b: Kingambit|Protect\n|move|p1a: Armarouge|Protect|p1a: Armarouge\n|-singleturn|p1a: Armarouge|Protect\n|move|p2a: Ursaluna|Blood Moon|p1b: Kingambit\n|-activate|p1b: Kingambit|move: Protect\n|\n|upkeep\n|turn|10\n|\n|t:|1731426144\n|move|p1b: Kingambit|Sucker Punch|p2a: Ursaluna\n|-damage|p2a: Ursaluna|11\/100\n|move|p2a: Ursaluna|Hyper Voice|p1b: Kingambit|[spread] p1a,p1b\n|-damage|p1a: Armarouge|8\/100\n|-damage|p1b: Kingambit|63\/100\n|move|p1a: Armarouge|Psychic|p2a: Ursaluna\n|-damage|p2a: Ursaluna|0 fnt\n|faint|p2a: Ursaluna\n|\n|win|Zordor\n|raw|Zordor's rating: 1759 &rarr; <strong>1775<\/strong><br \/>(+16 for winning)\n|raw|yclin's rating: 1690 &rarr; <strong>1674<\/strong><br \/>(-16 for losing)\n|l|\u2606yclin\n|player|p2|\n|j| Iceriderplayer370\n|l| KOPLUS\n","uploadtime":1731426387,"views":34,"formatid":"gen9vgc2024regh","rating":1674,"private":0,"password":null}