{"id":"gen9vgc2024regh-2242628586","format":"[Gen 9] VGC 2024 Reg H","players":["SL1D","Doc_MrMega"],"log":"|j|\u2606SL1D\n|j|\u2606Doc_MrMega\n|t:|1731445505\n|gametype|doubles\n|player|p1|SL1D|blue|1702\n|player|p2|Doc_MrMega|lucas|1722\n|teamsize|p1|6\n|teamsize|p2|6\n|gen|9\n|tier|[Gen 9] VGC 2024 Reg H\n|rated|\n|rule|Species Clause: Limit one of each Pok\u00e9mon\n|rule|Item Clause: Limit 1 of each item\n|clearpoke\n|poke|p1|Vivillon, L50, F|\n|poke|p1|Gliscor, L50, M|\n|poke|p1|Archaludon, L50, F|\n|poke|p1|Kingambit, L50, M|\n|poke|p1|Incineroar, L50, M|\n|poke|p1|Ninetales-Alola, L50, F|\n|poke|p2|Electrode-Hisui, L50|\n|poke|p2|Annihilape, L50, M|\n|poke|p2|Toxtricity, L50, F|\n|poke|p2|Pelipper, L50, F|\n|poke|p2|Archaludon, L50, M|\n|poke|p2|Basculegion, L50, M|\n|teampreview|4\n|inactive|Battle timer is ON: inactive players will automatically lose when time's up. (requested by SL1D)\n|\n|t:|1731445520\n|start\n|switch|p1a: Vivillon|Vivillon, L50, F|100\/100\n|switch|p1b: Gliscor|Gliscor, L50, M, shiny|100\/100\n|switch|p2a: Electrode|Electrode-Hisui, L50|100\/100\n|switch|p2b: Annihilape|Annihilape, L50, M|100\/100\n|turn|1\n|\n|t:|1731445544\n|switch|p2b: Archaludon|Archaludon, L50, M|100\/100\n|move|p2a: Electrode|Taunt|p1a: Vivillon\n|-start|p1a: Vivillon|move: Taunt\n|cant|p1a: Vivillon|move: Taunt|Tailwind\n|move|p1b: Gliscor|Dual Wingbeat|p2b: Archaludon|[miss]\n|-miss|p1b: Gliscor|p2b: Archaludon\n|\n|upkeep\n|turn|2\n|j| Broccol1\n|\n|t:|1731445562\n|move|p2a: Electrode|Bullet Seed|p2b: Archaludon\n|-resisted|p2b: Archaludon\n|-damage|p2b: Archaludon|99\/100\n|-ability|p2b: Archaludon|Stamina|boost\n|-boost|p2b: Archaludon|def|1\n|-resisted|p2b: Archaludon\n|-damage|p2b: Archaludon|99\/100\n|-ability|p2b: Archaludon|Stamina|boost\n|-boost|p2b: Archaludon|def|1\n|-resisted|p2b: Archaludon\n|-damage|p2b: Archaludon|99\/100\n|-ability|p2b: Archaludon|Stamina|boost\n|-boost|p2b: Archaludon|def|1\n|-resisted|p2b: Archaludon\n|-damage|p2b: Archaludon|98\/100\n|-ability|p2b: Archaludon|Stamina|boost\n|-boost|p2b: Archaludon|def|1\n|-hitcount|p2b: Archaludon|4\n|move|p1a: Vivillon|Hurricane|p2a: Electrode\n|-damage|p2a: Electrode|46\/100\n|-start|p2a: Electrode|confusion\n|move|p1b: Gliscor|Dual Wingbeat|p2a: Electrode\n|-crit|p2a: Electrode\n|-damage|p2a: Electrode|0 fnt\n|faint|p2a: Electrode\n|-hitcount|p2: Electrode|1\n|move|p2b: Archaludon|Flash Cannon|p1b: Gliscor\n|-damage|p1b: Gliscor|53\/100\n|\n|upkeep\n|\n|t:|1731445572\n|switch|p2a: Pelipper|Pelipper, L50, F|100\/100\n|-weather|RainDance|[from] ability: Drizzle|[of] p2a: Pelipper\n|turn|3\n|\n|t:|1731445586\n|switch|p1a: Ninetales|Ninetales-Alola, L50, F|100\/100\n|-weather|Snow|[from] ability: Snow Warning|[of] p1a: Ninetales\n|move|p1b: Gliscor|Dual Wingbeat|p2a: Pelipper\n|-damage|p2a: Pelipper|64\/100\n|-damage|p2a: Pelipper|28\/100\n|-hitcount|p2a: Pelipper|2\n|move|p2a: Pelipper|Tailwind|p2a: Pelipper\n|-sidestart|p2: Doc_MrMega|move: Tailwind\n|move|p2b: Archaludon|Electro Shot||[still]\n|-prepare|p2b: Archaludon|Electro Shot\n|-boost|p2b: Archaludon|spa|1\n|\n|-weather|Snow|[upkeep]\n|upkeep\n|turn|4\n|inactive|SL1D has 30 seconds left.\n|\n|t:|1731445618\n|switch|p2a: Annihilape|Annihilape, L50, M|100\/100\n|switch|p1b: Kingambit|Kingambit, L50, M|100\/100\n|move|p2b: Archaludon|Electro Shot|p1a: Ninetales|[from]lockedmove\n|-crit|p1a: Ninetales\n|-damage|p1a: Ninetales|3\/100\n|move|p1a: Ninetales|Freeze-Dry|p2a: Annihilape\n|-damage|p2a: Annihilape|80\/100\n|\n|-weather|Snow|[upkeep]\n|upkeep\n|turn|5\n|inactive|Doc_MrMega has 30 seconds left.\n|\n|t:|1731445645\n|move|p1a: Ninetales|Protect|p1a: Ninetales\n|-singleturn|p1a: Ninetales|Protect\n|move|p1b: Kingambit|Sucker Punch|p2a: Annihilape\n|-damage|p2a: Annihilape|32\/100\n|move|p2a: Annihilape|Close Combat|p1b: Kingambit\n|-supereffective|p1b: Kingambit\n|-damage|p1b: Kingambit|0 fnt\n|-unboost|p2a: Annihilape|def|1\n|-unboost|p2a: Annihilape|spd|1\n|faint|p1b: Kingambit\n|move|p2b: Archaludon|Flash Cannon|p1a: Ninetales\n|-activate|p1a: Ninetales|move: Protect\n|\n|-weather|Snow|[upkeep]\n|upkeep\n|\n|t:|1731445655\n|switch|p1b: Vivillon|Vivillon, L50, F|100\/100\n|turn|6\n|\n|t:|1731445668\n|switch|p1a: Gliscor|Gliscor, L50, M, shiny|53\/100\n|move|p2a: Annihilape|Close Combat|p1b: Vivillon\n|-resisted|p1b: Vivillon\n|-damage|p1b: Vivillon|74\/100\n|-unboost|p2a: Annihilape|def|1\n|-unboost|p2a: Annihilape|spd|1\n|move|p2b: Archaludon|Flash Cannon|p1b: Vivillon\n|-damage|p1b: Vivillon|0 fnt\n|faint|p1b: Vivillon\n|\n|-weather|Snow|[upkeep]\n|-sideend|p2: Doc_MrMega|move: Tailwind\n|upkeep\n|\n|t:|1731445671\n|switch|p1b: Ninetales|Ninetales-Alola, L50, F|3\/100\n|turn|7\n|\n|t:|1731445681\n|move|p1b: Ninetales|Protect|p1b: Ninetales\n|-singleturn|p1b: Ninetales|Protect\n|move|p2a: Annihilape|Close Combat|p1b: Ninetales\n|-activate|p1b: Ninetales|move: Protect\n|move|p1a: Gliscor|Earthquake|p2a: Annihilape|[spread] p2a,p2b\n|-activate|p1b: Ninetales|move: Protect\n|-supereffective|p2b: Archaludon\n|-damage|p2a: Annihilape|0 fnt\n|-damage|p2b: Archaludon|73\/100\n|-ability|p2b: Archaludon|Stamina|boost\n|-boost|p2b: Archaludon|def|1\n|faint|p2a: Annihilape\n|move|p2b: Archaludon|Draco Meteor|p1a: Gliscor\n|-crit|p1a: Gliscor\n|-damage|p1a: Gliscor|0 fnt\n|-unboost|p2b: Archaludon|spa|2\n|faint|p1a: Gliscor\n|\n|-weather|none\n|upkeep\n|-message|SL1D forfeited.\n|\n|win|Doc_MrMega\n|raw|SL1D's rating: 1702 &rarr; <strong>1683<\/strong><br \/>(-19 for losing)\n|raw|Doc_MrMega's rating: 1722 &rarr; <strong>1741<\/strong><br \/>(+19 for winning)\n|l|\u2606SL1D\n|player|p1|\n|l|\u2606Doc_MrMega\n|player|p2|\n|l| Broccol1\n","uploadtime":1731445944,"views":39,"formatid":"gen9vgc2024regh","rating":1683,"private":0,"password":null}