{"id":"gen9vgc2024regh-2242033352","format":"[Gen 9] VGC 2024 Reg H","players":["grovyleuwu","vgclth souly"],"log":"|raw|<div class=\"broadcast-blue\"><strong>This battle is required to be public due to a player having a name starting with 'vgclth'.<\/div>\n|j|\u2606grovyleuwu\n|j|\u2606vgclth souly\n|t:|1731368701\n|gametype|doubles\n|player|p1|grovyleuwu|whitney|1789\n|player|p2|vgclth souly|hero-conquest|1744\n|teamsize|p1|6\n|teamsize|p2|6\n|gen|9\n|tier|[Gen 9] VGC 2024 Reg H\n|rated|\n|rule|Species Clause: Limit one of each Pok\u00e9mon\n|rule|Item Clause: Limit 1 of each item\n|clearpoke\n|poke|p1|Pelipper, L50, M|\n|poke|p1|Sneasler, L50, M|\n|poke|p1|Archaludon, L50, F|\n|poke|p1|Indeedee, L50, M|\n|poke|p1|Basculegion, L50, M|\n|poke|p1|Talonflame, L50, F|\n|poke|p2|Archaludon, L50, F|\n|poke|p2|Pelipper, L50, M|\n|poke|p2|Electabuzz, L50, F|\n|poke|p2|Kingambit, L50, M|\n|poke|p2|Rillaboom, L50, M|\n|poke|p2|Basculegion, L50, M|\n|teampreview|4\n|inactive|Battle timer is ON: inactive players will automatically lose when time's up. (requested by grovyleuwu)\n|j| kjsdnkjnzv\n|\n|t:|1731368724\n|start\n|switch|p1a: Pelipper|Pelipper, L50, M|100\/100\n|switch|p1b: Basculegion|Basculegion, L50, M|100\/100\n|switch|p2a: Kingambit|Kingambit, L50, M|100\/100\n|switch|p2b: Electabuzz|Electabuzz, L50, F|100\/100\n|-weather|RainDance|[from] ability: Drizzle|[of] p1a: Pelipper\n|turn|1\n|l| kjsdnkjnzv\n|\n|t:|1731368735\n|-terastallize|p1b: Basculegion|Water\n|move|p2b: Electabuzz|Protect|p2b: Electabuzz\n|-singleturn|p2b: Electabuzz|Protect\n|move|p2a: Kingambit|Protect|p2a: Kingambit\n|-singleturn|p2a: Kingambit|Protect\n|move|p1b: Basculegion|Wave Crash|p2b: Electabuzz\n|-activate|p2b: Electabuzz|move: Protect\n|move|p1a: Pelipper|Weather Ball|p2a: Kingambit\n|-activate|p2a: Kingambit|move: Protect\n|\n|-weather|RainDance|[upkeep]\n|upkeep\n|turn|2\n|\n|t:|1731368749\n|-terastallize|p2a: Kingambit|Dark\n|move|p2b: Electabuzz|Helping Hand|p2a: Kingambit\n|-singleturn|p2a: Kingambit|Helping Hand|[of] p2b: Electabuzz\n|move|p2a: Kingambit|Sucker Punch|p1b: Basculegion\n|-damage|p1b: Basculegion|0 fnt\n|faint|p1b: Basculegion\n|move|p1a: Pelipper|Weather Ball|p2a: Kingambit\n|-damage|p2a: Kingambit|39\/100\n|\n|-weather|RainDance|[upkeep]\n|upkeep\n|\n|t:|1731368761\n|switch|p1b: Archaludon|Archaludon, L50, F|100\/100\n|turn|3\n|\n|t:|1731368775\n|switch|p1a: Indeedee|Indeedee, L50, M|100\/100\n|-fieldstart|move: Psychic Terrain|[from] ability: Psychic Surge|[of] p1a: Indeedee\n|move|p2b: Electabuzz|Follow Me|p2b: Electabuzz\n|-singleturn|p2b: Electabuzz|move: Follow Me\n|move|p1b: Archaludon|Electro Shot||[still]\n|-prepare|p1b: Archaludon|Electro Shot\n|-boost|p1b: Archaludon|spa|1\n|-anim|p1b: Archaludon|Electro Shot|p2b: Electabuzz\n|-resisted|p2b: Electabuzz\n|-damage|p2b: Electabuzz|75\/100\n|move|p2a: Kingambit|Swords Dance|p2a: Kingambit\n|-boost|p2a: Kingambit|atk|2\n|\n|-weather|RainDance|[upkeep]\n|upkeep\n|turn|4\n|\n|t:|1731368786\n|move|p2b: Electabuzz|Follow Me|p2b: Electabuzz\n|-singleturn|p2b: Electabuzz|move: Follow Me\n|move|p1a: Indeedee|Expanding Force|p2a: Kingambit|[spread] p2b\n|-immune|p2a: Kingambit\n|-damage|p2b: Electabuzz|30\/100\n|move|p1b: Archaludon|Dragon Pulse|p2b: Electabuzz\n|-damage|p2b: Electabuzz|0 fnt\n|faint|p2b: Electabuzz\n|move|p2a: Kingambit|Kowtow Cleave|p1b: Archaludon\n|-ability|p1b: Archaludon|Sturdy\n|-damage|p1b: Archaludon|1\/100\n|\n|-weather|RainDance|[upkeep]\n|upkeep\n|\n|t:|1731368799\n|switch|p2b: Basculegion|Basculegion, L50, M|100\/100\n|turn|5\n|\n|t:|1731368818\n|move|p1b: Archaludon|Protect|p1b: Archaludon\n|-singleturn|p1b: Archaludon|Protect\n|move|p2b: Basculegion|Last Respects|p1b: Archaludon\n|-activate|p1b: Archaludon|move: Protect\n|move|p1a: Indeedee|Expanding Force|p2a: Kingambit|[spread] p2b\n|-immune|p2a: Kingambit\n|-damage|p2b: Basculegion|42\/100\n|move|p2a: Kingambit|Kowtow Cleave|p1a: Indeedee\n|-supereffective|p1a: Indeedee\n|-enditem|p1a: Indeedee|Focus Sash\n|-damage|p1a: Indeedee|1\/100\n|\n|-weather|none\n|upkeep\n|turn|6\n|j| mellow king\n|l| mellow king\n|\n|t:|1731368841\n|switch|p2b: Archaludon|Archaludon, L50, F|100\/100\n|move|p2a: Kingambit|Protect|p2a: Kingambit\n|-singleturn|p2a: Kingambit|Protect\n|move|p1a: Indeedee|Expanding Force|p2a: Kingambit|[spread] p2b\n|-activate|p2a: Kingambit|move: Protect\n|-resisted|p2b: Archaludon\n|-damage|p2b: Archaludon|75\/100\n|-ability|p2b: Archaludon|Stamina|boost\n|-boost|p2b: Archaludon|def|1\n|move|p1b: Archaludon|Dragon Pulse|p2a: Kingambit\n|-activate|p2a: Kingambit|move: Protect\n|\n|-heal|p2b: Archaludon|82\/100|[from] item: Leftovers\n|upkeep\n|turn|7\n|inactive|grovyleuwu has 30 seconds left.\n|inactive|grovyleuwu has 20 seconds left.\n|\n|t:|1731368877\n|switch|p1a: Pelipper|Pelipper, L50, M|100\/100\n|-weather|RainDance|[from] ability: Drizzle|[of] p1a: Pelipper\n|move|p2b: Archaludon|Protect|p2b: Archaludon\n|-singleturn|p2b: Archaludon|Protect\n|move|p2a: Kingambit|Protect||[still]\n|-fail|p2a: Kingambit\n|move|p1b: Archaludon|Aura Sphere|p2b: Archaludon\n|-activate|p2b: Archaludon|move: Protect\n|\n|-weather|RainDance|[upkeep]\n|-heal|p2b: Archaludon|88\/100|[from] item: Leftovers\n|-fieldend|move: Psychic Terrain\n|upkeep\n|turn|8\n|j| VGCLTH Sac gaming\n|j| ziubcg5\n|inactive|vgclth souly has 30 seconds left.\n|\n|t:|1731368908\n|switch|p1a: Indeedee|Indeedee, L50, M|1\/100\n|-fieldstart|move: Psychic Terrain|[from] ability: Psychic Surge|[of] p1a: Indeedee\n|move|p1b: Archaludon|Electro Shot||[still]\n|-prepare|p1b: Archaludon|Electro Shot\n|-boost|p1b: Archaludon|spa|1\n|-anim|p1b: Archaludon|Electro Shot|p2a: Kingambit\n|-damage|p2a: Kingambit|0 fnt\n|faint|p2a: Kingambit\n|move|p2b: Archaludon|Electro Shot||[still]\n|-prepare|p2b: Archaludon|Electro Shot\n|-boost|p2b: Archaludon|spa|1\n|-anim|p2b: Archaludon|Electro Shot|p1a: Indeedee\n|-damage|p1a: Indeedee|0 fnt\n|faint|p1a: Indeedee\n|\n|-weather|RainDance|[upkeep]\n|-heal|p2b: Archaludon|94\/100|[from] item: Leftovers\n|upkeep\n|l| ziubcg5\n|\n|t:|1731368914\n|switch|p1a: Pelipper|Pelipper, L50, M|100\/100\n|switch|p2a: Basculegion|Basculegion, L50, M|42\/100\n|turn|9\n|\n|t:|1731368934\n|move|p1b: Archaludon|Protect|p1b: Archaludon\n|-singleturn|p1b: Archaludon|Protect\n|move|p2a: Basculegion|Last Respects|p1a: Pelipper\n|-damage|p1a: Pelipper|0 fnt\n|faint|p1a: Pelipper\n|move|p2b: Archaludon|Electro Shot||[still]\n|-prepare|p2b: Archaludon|Electro Shot\n|-boost|p2b: Archaludon|spa|1\n|-anim|p2b: Archaludon|Electro Shot|p1b: Archaludon\n|-activate|p1b: Archaludon|move: Protect\n|\n|-weather|RainDance|[upkeep]\n|-heal|p2b: Archaludon|100\/100|[from] item: Leftovers\n|upkeep\n|turn|10\n|-message|grovyleuwu forfeited.\n|\n|win|vgclth souly\n|raw|grovyleuwu's rating: 1789 &rarr; <strong>1766<\/strong><br \/>(-23 for losing)\n|raw|vgclth souly's rating: 1744 &rarr; <strong>1767<\/strong><br \/>(+23 for winning)\n|l|\u2606grovyleuwu\n|player|p1|\n|l| VGCLTH Sac gaming\n|l|\u2606vgclth souly\n|player|p2|\n","uploadtime":1731369185,"views":53,"formatid":"gen9vgc2024regh","rating":1766,"private":0,"password":null}