{"id":"gen9vgc2024regh-2242862472","format":"[Gen 9] VGC 2024 Reg H","players":["VGCLTH Pig","egedesu"],"log":"|raw|<div class=\"broadcast-blue\"><strong>This battle is required to be public due to a player having a name starting with 'vgclth'.<\/div>\n|j|\u2606VGCLTH Pig\n|j|\u2606egedesu\n|t:|1731475017\n|gametype|doubles\n|player|p1|VGCLTH Pig|lucas|1688\n|player|p2|egedesu|elesa|1741\n|teamsize|p1|6\n|teamsize|p2|6\n|gen|9\n|tier|[Gen 9] VGC 2024 Reg H\n|rated|\n|rule|Species Clause: Limit one of each Pok\u00e9mon\n|rule|Item Clause: Limit 1 of each item\n|clearpoke\n|poke|p1|Garchomp, L50, M|\n|poke|p1|Dragonite, L50, M|\n|poke|p1|Amoonguss, L50, F|\n|poke|p1|Incineroar, L50, F|\n|poke|p1|Ninetales-Alola, L50, F|\n|poke|p1|Kingambit, L50, F|\n|poke|p2|Baxcalibur, L50, F|\n|poke|p2|Volcarona, L50, M|\n|poke|p2|Sneasler, L50, F|\n|poke|p2|Kingambit, L50, F|\n|poke|p2|Rillaboom, L50, M|\n|poke|p2|Dondozo, L50, M|\n|teampreview|4\n|\n|t:|1731475043\n|start\n|switch|p1a: Incineroar|Incineroar, L50, F|100\/100\n|switch|p1b: Dragonite|Dragonite, L50, M|100\/100\n|switch|p2a: Baxcalibur|Baxcalibur, L50, F|100\/100\n|switch|p2b: Volcarona|Volcarona, L50, M|100\/100\n|-ability|p1a: Incineroar|Intimidate|boost\n|-unboost|p2a: Baxcalibur|atk|1\n|-unboost|p2b: Volcarona|atk|1\n|turn|1\n|\n|t:|1731475061\n|-terastallize|p2b: Volcarona|Fairy\n|-terastallize|p1b: Dragonite|Flying\n|move|p2a: Baxcalibur|Protect|p2a: Baxcalibur\n|-singleturn|p2a: Baxcalibur|Protect\n|move|p1a: Incineroar|Fake Out|p2a: Baxcalibur\n|-activate|p2a: Baxcalibur|move: Protect\n|move|p2b: Volcarona|Quiver Dance|p2b: Volcarona\n|-boost|p2b: Volcarona|spa|1\n|-boost|p2b: Volcarona|spd|1\n|-boost|p2b: Volcarona|spe|1\n|move|p1b: Dragonite|Tera Blast|p2b: Volcarona|[anim] Tera Blast Flying\n|-damage|p2b: Volcarona|27\/100\n|\n|upkeep\n|turn|2\n|\n|t:|1731475076\n|move|p1b: Dragonite|Protect|p1b: Dragonite\n|-singleturn|p1b: Dragonite|Protect\n|move|p2b: Volcarona|Heat Wave|p1a: Incineroar|[spread] p1a\n|-activate|p1b: Dragonite|move: Protect\n|-resisted|p1a: Incineroar\n|-damage|p1a: Incineroar|82\/100\n|move|p2a: Baxcalibur|Icicle Spear|p1b: Dragonite\n|-activate|p1b: Dragonite|move: Protect\n|move|p1a: Incineroar|Knock Off|p2a: Baxcalibur\n|-damage|p2a: Baxcalibur|64\/100\n|-enditem|p2a: Baxcalibur|Loaded Dice|[from] move: Knock Off|[of] p1a: Incineroar\n|\n|upkeep\n|turn|3\n|\n|t:|1731475097\n|move|p1b: Dragonite|Extreme Speed|p2b: Volcarona\n|-damage|p2b: Volcarona|0 fnt\n|faint|p2b: Volcarona\n|move|p2a: Baxcalibur|Icicle Spear|p1b: Dragonite\n|-supereffective|p1b: Dragonite\n|-damage|p1b: Dragonite|89\/100\n|-supereffective|p1b: Dragonite\n|-damage|p1b: Dragonite|68\/100\n|-supereffective|p1b: Dragonite\n|-damage|p1b: Dragonite|47\/100\n|-supereffective|p1b: Dragonite\n|-damage|p1b: Dragonite|27\/100\n|-supereffective|p1b: Dragonite\n|-crit|p1b: Dragonite\n|-damage|p1b: Dragonite|0 fnt\n|faint|p1b: Dragonite\n|-hitcount|p1: Dragonite|5\n|move|p1a: Incineroar|Knock Off|p2a: Baxcalibur\n|-damage|p2a: Baxcalibur|37\/100\n|\n|upkeep\n|\n|t:|1731475115\n|switch|p2b: Rillaboom|Rillaboom, L50, M|100\/100\n|switch|p1b: Ninetales|Ninetales-Alola, L50, F|100\/100\n|-weather|Snow|[from] ability: Snow Warning|[of] p1b: Ninetales\n|-fieldstart|move: Grassy Terrain|[from] ability: Grassy Surge|[of] p2b: Rillaboom\n|turn|4\n|inactive|Battle timer is ON: inactive players will automatically lose when time's up. (requested by VGCLTH Pig)\n|\n|t:|1731475131\n|switch|p2a: Kingambit|Kingambit, L50, F|100\/100\n|move|p1b: Ninetales|Blizzard|p2a: Kingambit|[spread] p2a,p2b\n|-resisted|p2a: Kingambit\n|-supereffective|p2b: Rillaboom\n|-damage|p2a: Kingambit|80\/100\n|-damage|p2b: Rillaboom|49\/100\n|move|p2b: Rillaboom|High Horsepower|p1a: Incineroar\n|-supereffective|p1a: Incineroar\n|-damage|p1a: Incineroar|22\/100\n|move|p1a: Incineroar|Flare Blitz|p2b: Rillaboom\n|-supereffective|p2b: Rillaboom\n|-damage|p2b: Rillaboom|0 fnt\n|faint|p2b: Rillaboom\n|-damage|p1a: Incineroar|6\/100|[from] Recoil\n|\n|-weather|Snow|[upkeep]\n|-heal|p2a: Kingambit|86\/100|[from] Grassy Terrain\n|-heal|p1a: Incineroar|12\/100|[from] Grassy Terrain\n|upkeep\n|\n|t:|1731475150\n|switch|p2b: Baxcalibur|Baxcalibur, L50, F|37\/100\n|turn|5\n|-message|egedesu forfeited.\n|\n|win|VGCLTH Pig\n|raw|VGCLTH Pig's rating: 1688 &rarr; <strong>1711<\/strong><br \/>(+23 for winning)\n|raw|egedesu's rating: 1741 &rarr; <strong>1718<\/strong><br \/>(-23 for losing)\n|l|\u2606egedesu\n|player|p2|\n","uploadtime":1731475422,"views":18,"formatid":"gen9vgc2024regh","rating":1711,"private":0,"password":null}