{"id":"gen9vgc2024regh-2242681846","format":"[Gen 9] VGC 2024 Reg H","players":["vgclth souly","ngywit"],"log":"|raw|<div class=\"broadcast-blue\"><strong>This battle is required to be public due to a player having a name starting with 'vgclth'.<\/div>\n|j|\u2606vgclth souly\n|j|\u2606ngywit\n|t:|1731451168\n|gametype|doubles\n|player|p1|vgclth souly|#smogonxnpa2024draftee|1816\n|player|p2|ngywit|thorton|1782\n|teamsize|p1|6\n|teamsize|p2|6\n|gen|9\n|tier|[Gen 9] VGC 2024 Reg H\n|rated|\n|rule|Species Clause: Limit one of each Pok\u00e9mon\n|rule|Item Clause: Limit 1 of each item\n|clearpoke\n|poke|p1|Archaludon, L50, F|\n|poke|p1|Pelipper, L50, F|\n|poke|p1|Electabuzz, L50, M|\n|poke|p1|Kingambit, L50, F|\n|poke|p1|Rillaboom, L50, M|\n|poke|p1|Basculegion, L50, M|\n|poke|p2|Ursaluna-Bloodmoon, L50, M|\n|poke|p2|Incineroar, L50, F|\n|poke|p2|Amoonguss, L50, M|\n|poke|p2|Dragonite, L50, M|\n|poke|p2|Primarina, L50, F|\n|poke|p2|Gholdengo, L50|\n|teampreview|4\n|inactive|Battle timer is ON: inactive players will automatically lose when time's up. (requested by ngywit)\n|\n|t:|1731451189\n|start\n|switch|p1a: Basculegion|Basculegion, L50, M|100\/100\n|switch|p1b: Pelipper|Pelipper, L50, F|100\/100\n|switch|p2a: Gholdengo|Gholdengo, L50|100\/100\n|switch|p2b: Amoonguss|Amoonguss, L50, M|100\/100\n|-weather|RainDance|[from] ability: Drizzle|[of] p1b: Pelipper\n|turn|1\n|\n|t:|1731451208\n|-terastallize|p1a: Basculegion|Grass\n|move|p1a: Basculegion|Wave Crash|p2a: Gholdengo\n|-enditem|p2a: Gholdengo|Focus Sash\n|-damage|p2a: Gholdengo|1\/100\n|-damage|p1a: Basculegion|73\/100|[from] Recoil\n|move|p2a: Gholdengo|Nasty Plot|p2a: Gholdengo\n|-boost|p2a: Gholdengo|spa|2\n|move|p1b: Pelipper|Hurricane|p2b: Amoonguss\n|-supereffective|p2b: Amoonguss\n|-enditem|p2b: Amoonguss|Coba Berry|[eat]\n|-enditem|p2b: Amoonguss|Coba Berry|[weaken]\n|-damage|p2b: Amoonguss|54\/100\n|move|p2b: Amoonguss|Spore|p1b: Pelipper\n|-status|p1b: Pelipper|slp|[from] move: Spore\n|\n|-weather|RainDance|[upkeep]\n|upkeep\n|turn|2\n|\n|t:|1731451229\n|switch|p1b: Archaludon|Archaludon, L50, F|100\/100\n|switch|p2b: Dragonite|Dragonite, L50, M|100\/100\n|move|p2a: Gholdengo|Protect|p2a: Gholdengo\n|-singleturn|p2a: Gholdengo|Protect\n|move|p1a: Basculegion|Wave Crash|p2a: Gholdengo\n|-activate|p2a: Gholdengo|move: Protect\n|\n|-weather|RainDance|[upkeep]\n|upkeep\n|turn|3\n|j| warmerceasar205\n|\n|t:|1731451254\n|switch|p2a: Amoonguss|Amoonguss, L50, M|87\/100\n|move|p1a: Basculegion|Wave Crash|p2a: Amoonguss\n|-resisted|p2a: Amoonguss\n|-damage|p2a: Amoonguss|27\/100\n|-damage|p1a: Basculegion|51\/100|[from] Recoil\n|move|p2b: Dragonite|Ice Spinner|p1a: Basculegion\n|-supereffective|p1a: Basculegion\n|-damage|p1a: Basculegion|0 fnt\n|faint|p1a: Basculegion\n|move|p1b: Archaludon|Electro Shot||[still]\n|-prepare|p1b: Archaludon|Electro Shot\n|-boost|p1b: Archaludon|spa|1\n|-anim|p1b: Archaludon|Electro Shot|p2b: Dragonite\n|-damage|p2b: Dragonite|81\/100\n|\n|-weather|RainDance|[upkeep]\n|upkeep\n|\n|t:|1731451259\n|switch|p1a: Rillaboom|Rillaboom, L50, M|100\/100\n|-fieldstart|move: Grassy Terrain|[from] ability: Grassy Surge|[of] p1a: Rillaboom\n|turn|4\n|inactive|ngywit has 30 seconds left.\n|\n|t:|1731451290\n|switch|p2b: Gholdengo|Gholdengo, L50|1\/100\n|move|p2a: Amoonguss|Protect|p2a: Amoonguss\n|-singleturn|p2a: Amoonguss|Protect\n|move|p1a: Rillaboom|Fake Out|p2b: Gholdengo\n|-immune|p2b: Gholdengo\n|move|p1b: Archaludon|Electro Shot||[still]\n|-prepare|p1b: Archaludon|Electro Shot\n|-boost|p1b: Archaludon|spa|1\n|-anim|p1b: Archaludon|Electro Shot|p2a: Amoonguss\n|-activate|p2a: Amoonguss|move: Protect\n|\n|-weather|RainDance|[upkeep]\n|-heal|p2b: Gholdengo|7\/100|[from] Grassy Terrain\n|-heal|p2a: Amoonguss|33\/100|[from] Grassy Terrain\n|upkeep\n|turn|5\n|inactive|ngywit has 30 seconds left.\n|\n|t:|1731451318\n|switch|p2a: Ursaluna|Ursaluna-Bloodmoon, L50, M|100\/100\n|move|p2b: Gholdengo|Protect|p2b: Gholdengo\n|-singleturn|p2b: Gholdengo|Protect\n|move|p1a: Rillaboom|Grassy Glide|p2b: Gholdengo\n|-activate|p2b: Gholdengo|move: Protect\n|move|p1b: Archaludon|Electro Shot||[still]\n|-prepare|p1b: Archaludon|Electro Shot\n|-boost|p1b: Archaludon|spa|1\n|-anim|p1b: Archaludon|Electro Shot|p2a: Ursaluna\n|-immune|p2a: Ursaluna\n|\n|-weather|none\n|-heal|p2b: Gholdengo|13\/100|[from] Grassy Terrain\n|upkeep\n|turn|6\n|\n|t:|1731451341\n|-terastallize|p2a: Ursaluna|Fighting\n|move|p1a: Rillaboom|Grassy Glide|p2b: Gholdengo\n|-resisted|p2b: Gholdengo\n|-damage|p2b: Gholdengo|0 fnt\n|faint|p2b: Gholdengo\n|move|p1b: Archaludon|Draco Meteor|p2a: Ursaluna|[miss]\n|-miss|p1b: Archaludon|p2a: Ursaluna\n|move|p2a: Ursaluna|Earth Power|p1b: Archaludon\n|-supereffective|p1b: Archaludon\n|-damage|p1b: Archaludon|6\/100\n|-ability|p1b: Archaludon|Stamina|boost\n|-boost|p1b: Archaludon|def|1\n|\n|-heal|p1b: Archaludon|12\/100|[from] Grassy Terrain\n|-heal|p1b: Archaludon|18\/100|[from] item: Leftovers\n|upkeep\n|c|\u2606vgclth souly|Ok\n|\n|t:|1731451359\n|switch|p2b: Dragonite|Dragonite, L50, M|81\/100\n|turn|7\n|\n|t:|1731451370\n|switch|p1a: Pelipper|Pelipper, L50, F|100\/100 slp\n|-weather|RainDance|[from] ability: Drizzle|[of] p1a: Pelipper\n|move|p1b: Archaludon|Protect|p1b: Archaludon\n|-singleturn|p1b: Archaludon|Protect\n|move|p2a: Ursaluna|Vacuum Wave|p1b: Archaludon\n|-activate|p1b: Archaludon|move: Protect\n|move|p2b: Dragonite|Ice Spinner|p1a: Pelipper\n|-damage|p1a: Pelipper|57\/100 slp\n|-fieldend|move: Grassy Terrain\n|\n|-weather|RainDance|[upkeep]\n|-heal|p1b: Archaludon|24\/100|[from] item: Leftovers\n|upkeep\n|turn|8\n|l| warmerceasar205\n|\n|t:|1731451387\n|move|p2a: Ursaluna|Vacuum Wave|p1b: Archaludon\n|-supereffective|p1b: Archaludon\n|-damage|p1b: Archaludon|0 fnt\n|faint|p1b: Archaludon\n|move|p2b: Dragonite|Thunder Punch|p1a: Pelipper\n|-supereffective|p1a: Pelipper\n|-damage|p1a: Pelipper|0 fnt\n|faint|p1a: Pelipper\n|\n|-weather|RainDance|[upkeep]\n|upkeep\n|-message|vgclth souly forfeited.\n|\n|win|ngywit\n|raw|vgclth souly's rating: 1791 &rarr; <strong>1770<\/strong><br \/>(-21 for losing)\n|raw|ngywit's rating: 1782 &rarr; <strong>1803<\/strong><br \/>(+21 for winning)\n|l|\u2606vgclth souly\n|player|p1|\n|l|\u2606ngywit\n|player|p2|\n","uploadtime":1731451624,"views":53,"formatid":"gen9vgc2024regh","rating":1770,"private":0,"password":null}