{"id":"gen9vgc2024regh-2242886260","format":"[Gen 9] VGC 2024 Reg H","players":["BananaFree22","VGCLTH Slow"],"log":"|raw|<div class=\"broadcast-blue\"><strong>This battle is required to be public due to a player having a name starting with 'vgclth'.<\/div>\n|j|\u2606BananaFree22\n|j|\u2606VGCLTH Slow\n|t:|1731479641\n|gametype|doubles\n|player|p1|BananaFree22|brawly|1691\n|player|p2|VGCLTH Slow|skier|1728\n|teamsize|p1|6\n|teamsize|p2|6\n|gen|9\n|tier|[Gen 9] VGC 2024 Reg H\n|rated|\n|rule|Species Clause: Limit one of each Pok\u00e9mon\n|rule|Item Clause: Limit 1 of each item\n|clearpoke\n|poke|p1|Murkrow, L50, M|\n|poke|p1|Delphox, L50, F|\n|poke|p1|Indeedee, L50, M|\n|poke|p1|Dragapult, L50, F|\n|poke|p1|Archaludon, L50, M|\n|poke|p1|Sneasler, L50, M|\n|poke|p2|Sableye, L50, F|\n|poke|p2|Sylveon, L50, F|\n|poke|p2|Archaludon, L50, F|\n|poke|p2|Volcarona, L50, F|\n|poke|p2|Rillaboom, L50, F|\n|poke|p2|Tauros-Paldea-Aqua, L50, M|\n|teampreview|4\nVGCLTH Slow has agreed to open team sheets.\n|inactive|Battle timer is ON: inactive players will automatically lose when time's up. (requested by VGCLTH Slow)\nBananaFree22 rejected open team sheets.\n|inactive|BananaFree22 has 60 seconds left.\n|\n|t:|1731479706\n|start\n|switch|p1a: Murkrow|Murkrow, L50, M, shiny|100\/100\n|switch|p1b: Delphox|Delphox, L50, F|100\/100\n|switch|p2a: Snowblind|Sableye, L50, F|100\/100\n|switch|p2b: Bullshifu|Tauros-Paldea-Aqua, L50, M, shiny|100\/100\n|-ability|p2b: Bullshifu|Intimidate|boost\n|-unboost|p1a: Murkrow|atk|1\n|-unboost|p1b: Delphox|atk|1\n|turn|1\n|inactive|BananaFree22 has 30 seconds left.\n|\n|t:|1731479734\n|switch|p1a: Indeedee|Indeedee, L50, M, shiny|100\/100\n|-fieldstart|move: Psychic Terrain|[from] ability: Psychic Surge|[of] p1a: Indeedee\n|-terastallize|p1b: Delphox|Fighting\n|move|p2b: Bullshifu|Protect|p2b: Bullshifu\n|-singleturn|p2b: Bullshifu|Protect\n|move|p1b: Delphox|Expanding Force|p2a: Snowblind|[spread] \n|-activate|p2b: Bullshifu|move: Protect\n|-immune|p2a: Snowblind\n|move|p2a: Snowblind|Foul Play|p1b: Delphox\n|-resisted|p1b: Delphox\n|-damage|p1b: Delphox|89\/100\n|\n|upkeep\n|turn|2\n|j| mr pogostick\n|\n|t:|1731479757\n|switch|p2b: Koko The Gorythmic|Rillaboom, L50, F|100\/100\n|-fieldstart|move: Grassy Terrain|[from] ability: Grassy Surge|[of] p2b: Koko The Gorythmic\n|move|p2a: Snowblind|Disable|p1b: Delphox\n|-start|p1b: Delphox|Disable|Expanding Force\n|move|p1b: Delphox|Heat Wave|p2b: Koko The Gorythmic|[spread] p2a,p2b\n|-supereffective|p2b: Koko The Gorythmic\n|-damage|p2a: Snowblind|43\/100\n|-damage|p2b: Koko The Gorythmic|37\/100\n|-enditem|p2a: Snowblind|Sitrus Berry|[eat]\n|-heal|p2a: Snowblind|68\/100|[from] item: Sitrus Berry\n|-damage|p1b: Delphox|79\/100|[from] item: Life Orb\n|move|p1a: Indeedee|Expanding Force|p2b: Koko The Gorythmic\n|-crit|p2b: Koko The Gorythmic\n|-damage|p2b: Koko The Gorythmic|0 fnt\n|faint|p2b: Koko The Gorythmic\n|\n|-heal|p1b: Delphox|85\/100|[from] Grassy Terrain\n|-heal|p2a: Snowblind|74\/100|[from] Grassy Terrain\n|upkeep\n|\n|t:|1731479767\n|switch|p2b: Old Yeller|Sylveon, L50, F|100\/100\n|turn|3\n|l| mr pogostick\n|\n|t:|1731479786\n|switch|p1a: Murkrow|Murkrow, L50, M, shiny|100\/100\n|move|p1b: Delphox|Protect|p1b: Delphox\n|-singleturn|p1b: Delphox|Protect\n|move|p2b: Old Yeller|Substitute|p2b: Old Yeller\n|-start|p2b: Old Yeller|Substitute\n|-damage|p2b: Old Yeller|76\/100\n|move|p2a: Snowblind|Foul Play|p1a: Murkrow\n|-resisted|p1a: Murkrow\n|-damage|p1a: Murkrow|89\/100\n|\n|-heal|p1b: Delphox|91\/100|[from] Grassy Terrain\n|-heal|p2b: Old Yeller|82\/100|[from] Grassy Terrain\n|-heal|p2a: Snowblind|79\/100|[from] Grassy Terrain\n|upkeep\n|turn|4\n|inactive|VGCLTH Slow has 30 seconds left.\n|\n|t:|1731479815\n|move|p1a: Murkrow|Sunny Day|p1a: Murkrow\n|-weather|SunnyDay\n|move|p1b: Delphox|Heat Wave|p2b: Old Yeller|[spread] p2a,p2b\n|-end|p2b: Old Yeller|Substitute\n|-damage|p2a: Snowblind|0 fnt\n|faint|p2a: Snowblind\n|-damage|p1b: Delphox|81\/100|[from] item: Life Orb\n|move|p2b: Old Yeller|Hyper Voice|p1b: Delphox|[spread] p1a,p1b\n|-supereffective|p1a: Murkrow\n|-supereffective|p1b: Delphox\n|-damage|p1a: Murkrow|0 fnt\n|-damage|p1b: Delphox|0 fnt\n|faint|p1a: Murkrow\n|faint|p1b: Delphox\n|-enditem|p2b: Old Yeller|Throat Spray\n|-boost|p2b: Old Yeller|spa|1|[from] item: Throat Spray\n|\n|-weather|SunnyDay|[upkeep]\n|-heal|p2b: Old Yeller|87\/100|[from] Grassy Terrain\n|upkeep\n|\n|t:|1731479824\n|switch|p1b: Sneasler|Sneasler, L50, M|100\/100\n|switch|p1a: Indeedee|Indeedee, L50, M, shiny|100\/100\n|switch|p2a: Bullshifu|Tauros-Paldea-Aqua, L50, M, shiny|100\/100\n|-ability|p2a: Bullshifu|Intimidate|boost\n|-unboost|p1a: Indeedee|atk|1\n|-unboost|p1b: Sneasler|atk|1\n|-fieldstart|move: Psychic Terrain|[from] ability: Psychic Surge|[of] p1a: Indeedee\n|-enditem|p1b: Sneasler|Psychic Seed\n|-boost|p1b: Sneasler|spd|1|[from] item: Psychic Seed\n|-enditem|p2a: Bullshifu|Mirror Herb\n|-boost|p2a: Bullshifu|spd|1|[from] item: Mirror Herb\n|turn|5\n|\n|t:|1731479847\n|-terastallize|p2b: Old Yeller|Water\n|move|p1b: Sneasler|Dire Claw|p2a: Bullshifu\n|-damage|p2a: Bullshifu|68\/100\n|-status|p2a: Bullshifu|psn\n|move|p2a: Bullshifu|Wave Crash|p1a: Indeedee\n|-damage|p1a: Indeedee|45\/100\n|-damage|p2a: Bullshifu|51\/100 psn|[from] Recoil\n|move|p1a: Indeedee|Expanding Force|p2a: Bullshifu|[spread] p2a,p2b\n|-supereffective|p2a: Bullshifu\n|-damage|p2a: Bullshifu|0 fnt\n|-damage|p2b: Old Yeller|46\/100\n|faint|p2a: Bullshifu\n|move|p2b: Old Yeller|Hyper Voice|p1b: Sneasler|[spread] p1a,p1b\n|-damage|p1a: Indeedee|0 fnt\n|-damage|p1b: Sneasler|44\/100\n|faint|p1a: Indeedee\n|\n|-weather|SunnyDay|[upkeep]\n|upkeep\n|turn|6\n|\n|t:|1731479869\n|move|p1b: Sneasler|Close Combat|p2b: Old Yeller\n|-damage|p2b: Old Yeller|0 fnt\n|-unboost|p1b: Sneasler|def|1\n|-unboost|p1b: Sneasler|spd|1\n|faint|p2b: Old Yeller\n|\n|win|BananaFree22\n|raw|BananaFree22's rating: 1691 &rarr; <strong>1713<\/strong><br \/>(+22 for winning)\n|raw|VGCLTH Slow's rating: 1728 &rarr; <strong>1706<\/strong><br \/>(-22 for losing)\n|c|\u2606BananaFree22|gg\n|l|\u2606BananaFree22\n|player|p1|\n|c|\u2606VGCLTH Slow|Gg\n|l|\u2606VGCLTH Slow\n|player|p2|\n","uploadtime":1731479886,"views":19,"formatid":"gen9vgc2024regh","rating":1706,"private":0,"password":null}