{"id":"gen9vgc2024regh-2242709696","format":"[Gen 9] VGC 2024 Reg H","players":["contaro","ray4gej"],"log":"|j|\u2606contaro\n|j|\u2606ray4gej\n|t:|1731454442\n|gametype|doubles\n|player|p1|contaro|boarder|1722\n|player|p2|ray4gej|170|1725\n|teamsize|p1|6\n|teamsize|p2|6\n|gen|9\n|tier|[Gen 9] VGC 2024 Reg H\n|rated|\n|rule|Species Clause: Limit one of each Pok\u00e9mon\n|rule|Item Clause: Limit 1 of each item\n|clearpoke\n|poke|p1|Maushold-Four, L50|\n|poke|p1|Archaludon, L50, M|\n|poke|p1|Pelipper, L50, M|\n|poke|p1|Indeedee, L50, M|\n|poke|p1|Murkrow, L50, F|\n|poke|p1|Basculegion, L50, M|\n|poke|p2|Dondozo, L50, F|\n|poke|p2|Tatsugiri, L50, F|\n|poke|p2|Sneasler, L50, M|\n|poke|p2|Flamigo, L50, M|\n|poke|p2|Amoonguss, L50, F|\n|poke|p2|Gholdengo, L50|\n|teampreview|4\n|inactive|Battle timer is ON: inactive players will automatically lose when time's up. (requested by contaro)\n|\n|t:|1731454469\n|start\n|switch|p1a: Indeedee|Indeedee, L50, M|100\/100\n|switch|p1b: Maushold|Maushold-Four, L50|100\/100\n|switch|p2a: Flamigo|Flamigo, L50, M|100\/100\n|switch|p2b: Tatsugiri|Tatsugiri, L50, F|100\/100\n|-fieldstart|move: Psychic Terrain|[from] ability: Psychic Surge|[of] p1a: Indeedee\n|turn|1\n|\n|t:|1731454487\n|move|p2b: Tatsugiri|Icy Wind|p1a: Indeedee|[spread] p1a,p1b\n|-damage|p1a: Indeedee|81\/100\n|-damage|p1b: Maushold|81\/100\n|-unboost|p1a: Indeedee|spe|1\n|-unboost|p1b: Maushold|spe|1\n|move|p2a: Flamigo|Close Combat|p1b: Maushold\n|-supereffective|p1b: Maushold\n|-damage|p1b: Maushold|0 fnt\n|-unboost|p2a: Flamigo|def|1\n|-unboost|p2a: Flamigo|spd|1\n|faint|p1b: Maushold\n|move|p1a: Indeedee|Expanding Force|p2b: Tatsugiri|[spread] p2a,p2b\n|-supereffective|p2a: Flamigo\n|-enditem|p2a: Flamigo|Focus Sash\n|-damage|p2a: Flamigo|1\/100\n|-damage|p2b: Tatsugiri|31\/100\n|\n|upkeep\n|\n|t:|1731454493\n|switch|p1b: Murkrow|Murkrow, L50, F|100\/100\n|turn|2\n|\n|t:|1731454509\n|switch|p1a: Pelipper|Pelipper, L50, M|100\/100\n|-weather|RainDance|[from] ability: Drizzle|[of] p1a: Pelipper\n|move|p2b: Tatsugiri|Icy Wind|p1a: Pelipper|[spread] p1a,p1b\n|-supereffective|p1b: Murkrow\n|-damage|p1a: Pelipper|81\/100\n|-damage|p1b: Murkrow|72\/100\n|-unboost|p1a: Pelipper|spe|1\n|-unboost|p1b: Murkrow|spe|1\n|move|p2a: Flamigo|Tailwind|p2a: Flamigo\n|-sidestart|p2: ray4gej|move: Tailwind\n|move|p1b: Murkrow|Snarl|p2a: Flamigo|[spread] p2a,p2b\n|-resisted|p2a: Flamigo\n|-damage|p2a: Flamigo|0 fnt\n|-damage|p2b: Tatsugiri|15\/100\n|-unboost|p2b: Tatsugiri|spa|1\n|faint|p2a: Flamigo\n|\n|-weather|RainDance|[upkeep]\n|upkeep\n|\n|t:|1731454525\n|switch|p2a: Sneasler|Sneasler, L50, M|100\/100\n|turn|3\n|\n|t:|1731454537\n|switch|p2b: Dondozo|Dondozo, L50, F, shiny|100\/100\n|-terastallize|p2a: Sneasler|Stellar\n|move|p2a: Sneasler|Close Combat|p1b: Murkrow\n|-damage|p1b: Murkrow|0 fnt\n|-unboost|p2a: Sneasler|def|1\n|-unboost|p2a: Sneasler|spd|1\n|faint|p1b: Murkrow\n|move|p1a: Pelipper|Hurricane|p2a: Sneasler\n|-supereffective|p2a: Sneasler\n|-damage|p2a: Sneasler|0 fnt\n|faint|p2a: Sneasler\n|\n|-weather|RainDance|[upkeep]\n|upkeep\n|\n|t:|1731454545\n|switch|p2a: Tatsugiri|Tatsugiri, L50, F|15\/100\n|switch|p1b: Indeedee|Indeedee, L50, M|81\/100\n|-activate|p2a: Tatsugiri|ability: Commander|[of] p2b: Dondozo\n|-boost|p2b: Dondozo|atk|2\n|-boost|p2b: Dondozo|spa|2\n|-boost|p2b: Dondozo|spe|2\n|-boost|p2b: Dondozo|def|2\n|-boost|p2b: Dondozo|spd|2\n|turn|4\n|\n|t:|1731454558\n|move|p2b: Dondozo|Wave Crash|p1b: Indeedee\n|-damage|p1b: Indeedee|0 fnt\n|faint|p1b: Indeedee\n|-damage|p2b: Dondozo|86\/100|[from] Recoil\n|move|p1a: Pelipper|Hurricane|p2b: Dondozo\n|-damage|p2b: Dondozo|66\/100\n|\n|-weather|RainDance|[upkeep]\n|upkeep\n|turn|5\n|\n|t:|1731454561\n|move|p2b: Dondozo|Order Up|p1a: Pelipper\n|-damage|p1a: Pelipper|38\/100\n|-enditem|p1a: Pelipper|Sitrus Berry|[eat]\n|-heal|p1a: Pelipper|62\/100|[from] item: Sitrus Berry\n|-boost|p2b: Dondozo|atk|1\n|move|p1a: Pelipper|Hurricane|p2b: Dondozo\n|-damage|p2b: Dondozo|46\/100\n|\n|-weather|RainDance|[upkeep]\n|-sideend|p2: ray4gej|move: Tailwind\n|-fieldend|move: Psychic Terrain\n|upkeep\n|turn|6\n|\n|t:|1731454564\n|move|p2b: Dondozo|Order Up|p1a: Pelipper\n|-damage|p1a: Pelipper|11\/100\n|-boost|p2b: Dondozo|atk|1\n|move|p1a: Pelipper|Hurricane|p2b: Dondozo\n|-damage|p2b: Dondozo|25\/100\n|\n|-weather|none\n|upkeep\n|turn|7\n|\n|t:|1731454567\n|move|p2b: Dondozo|Order Up|p1a: Pelipper\n|-damage|p1a: Pelipper|0 fnt\n|faint|p1a: Pelipper\n|\n|win|ray4gej\n|raw|contaro's rating: 1722 &rarr; <strong>1702<\/strong><br \/>(-20 for losing)\n|raw|ray4gej's rating: 1725 &rarr; <strong>1745<\/strong><br \/>(+20 for winning)\n|l|\u2606contaro\n|player|p1|\n","uploadtime":1731454811,"views":38,"formatid":"gen9vgc2024regh","rating":1702,"private":0,"password":null}