{"id":"gen9vgc2024regh-2242474499","format":"[Gen 9] VGC 2024 Reg H","players":["telephoniumz","vgclth chromate"],"log":"|raw|<div class=\"broadcast-blue\"><strong>This battle is required to be public due to a player having a name starting with 'vgclth'.<\/div>\n|j|\u2606telephoniumz\n|j|\u2606vgclth chromate\n|t:|1731430901\n|gametype|doubles\n|player|p1|telephoniumz|266|1732\n|player|p2|vgclth chromate|allister|1745\n|teamsize|p1|6\n|teamsize|p2|6\n|gen|9\n|tier|[Gen 9] VGC 2024 Reg H\n|rated|\n|rule|Species Clause: Limit one of each Pok\u00e9mon\n|rule|Item Clause: Limit 1 of each item\n|clearpoke\n|poke|p1|Dondozo, L50, M|\n|poke|p1|Maushold-Four, L50|\n|poke|p1|Gholdengo, L50|\n|poke|p1|Ursaluna-Bloodmoon, L50, M|\n|poke|p1|Sneasler, L50, M|\n|poke|p1|Dragapult, L50, F|\n|poke|p2|Archaludon, L50, M|\n|poke|p2|Pelipper, L50, F|\n|poke|p2|Basculegion, L50, M|\n|poke|p2|Gholdengo, L50|\n|poke|p2|Incineroar, L50, M|\n|poke|p2|Amoonguss, L50, F|\n|teampreview|4\n|\n|t:|1731430966\n|start\n|switch|p1a: Gholdengo|Gholdengo, L50|100\/100\n|switch|p1b: Maushold|Maushold-Four, L50|100\/100\n|switch|p2a: Basculegion|Basculegion, L50, M|100\/100\n|switch|p2b: Pelipper|Pelipper, L50, F|100\/100\n|-weather|RainDance|[from] ability: Drizzle|[of] p2b: Pelipper\n|turn|1\n|\n|t:|1731430980\n|-terastallize|p1b: Maushold|Water\n|move|p1b: Maushold|Follow Me|p1b: Maushold\n|-singleturn|p1b: Maushold|move: Follow Me\n|move|p2a: Basculegion|Flip Turn|p1b: Maushold\n|-resisted|p1b: Maushold\n|-damage|p1b: Maushold|68\/100\n|-damage|p2a: Basculegion|84\/100|[from] item: Rocky Helmet|[of] p1b: Maushold\n|\n|t:|1731430986\n|switch|p2a: Incineroar|Incineroar, L50, M|100\/100|[from] Flip Turn\n|-ability|p2a: Incineroar|Intimidate|boost\n|-unboost|p1a: Gholdengo|atk|1\n|-unboost|p1b: Maushold|atk|1\n|move|p1a: Gholdengo|Shadow Ball|p2b: Pelipper\n|-enditem|p2b: Pelipper|Focus Sash\n|-damage|p2b: Pelipper|1\/100\n|move|p2b: Pelipper|Tailwind|p2b: Pelipper\n|-sidestart|p2: vgclth chromate|move: Tailwind\n|\n|-weather|RainDance|[upkeep]\n|upkeep\n|turn|2\n|\n|t:|1731431011\n|move|p2a: Incineroar|Fake Out|p1b: Maushold\n|-damage|p1b: Maushold|57\/100\n|-damage|p2a: Incineroar|84\/100|[from] item: Rocky Helmet|[of] p1b: Maushold\n|cant|p1b: Maushold|flinch\n|move|p2b: Pelipper|Weather Ball|p1a: Gholdengo\n|-damage|p1a: Gholdengo|41\/100\n|move|p1a: Gholdengo|Shadow Ball|p2a: Incineroar\n|-resisted|p2a: Incineroar\n|-damage|p2a: Incineroar|50\/100\n|\n|-weather|RainDance|[upkeep]\n|upkeep\n|turn|3\n|\n|t:|1731431059\n|switch|p1a: Sneasler|Sneasler, L50, M|100\/100\n|-terastallize|p2b: Pelipper|Stellar\n|move|p1b: Maushold|Feint|p2b: Pelipper\n|-damage|p2b: Pelipper|0 fnt\n|faint|p2b: Pelipper\n|move|p2a: Incineroar|Knock Off|p1a: Sneasler\n|-resisted|p1a: Sneasler\n|-damage|p1a: Sneasler|81\/100\n|-enditem|p1a: Sneasler|White Herb|[from] move: Knock Off|[of] p2a: Incineroar\n|\n|-weather|RainDance|[upkeep]\n|upkeep\n|\n|t:|1731431073\n|switch|p2b: Basculegion|Basculegion, L50, M|84\/100\n|turn|4\n|\n|t:|1731431090\n|move|p1a: Sneasler|Protect|p1a: Sneasler\n|-singleturn|p1a: Sneasler|Protect\n|move|p1b: Maushold|Protect|p1b: Maushold\n|-singleturn|p1b: Maushold|Protect\n|move|p2b: Basculegion|Last Respects|p1a: Sneasler\n|-activate|p1a: Sneasler|move: Protect\n|move|p2a: Incineroar|Parting Shot|p1a: Sneasler\n|-activate|p1a: Sneasler|move: Protect\n|\n|-weather|RainDance|[upkeep]\n|-sideend|p2: vgclth chromate|move: Tailwind\n|upkeep\n|turn|5\n|\n|t:|1731431112\n|switch|p2a: Archaludon|Archaludon, L50, M|100\/100\n|move|p1a: Sneasler|Throat Chop|p2b: Basculegion\n|-supereffective|p2b: Basculegion\n|-damage|p2b: Basculegion|18\/100\n|-start|p2b: Basculegion|Throat Chop|[silent]\n|move|p2b: Basculegion|Last Respects|p1a: Sneasler\n|-damage|p1a: Sneasler|16\/100\n|move|p1b: Maushold|Super Fang|p2a: Archaludon\n|-damage|p2a: Archaludon|51\/100\n|-ability|p2a: Archaludon|Stamina|boost\n|-boost|p2a: Archaludon|def|1\n|\n|-weather|none\n|upkeep\n|turn|6\n|\n|t:|1731431149\n|switch|p2b: Incineroar|Incineroar, L50, M|50\/100\n|-ability|p2b: Incineroar|Intimidate|boost\n|-unboost|p1a: Sneasler|atk|1\n|-unboost|p1b: Maushold|atk|1\n|switch|p1b: Gholdengo|Gholdengo, L50|41\/100\n|move|p1a: Sneasler|Throat Chop|p2b: Incineroar\n|-resisted|p2b: Incineroar\n|-damage|p2b: Incineroar|42\/100\n|-start|p2b: Incineroar|Throat Chop|[silent]\n|move|p2a: Archaludon|Dragon Pulse|p1a: Sneasler\n|-damage|p1a: Sneasler|0 fnt\n|faint|p1a: Sneasler\n|\n|upkeep\n|\n|t:|1731431160\n|switch|p1a: Maushold|Maushold-Four, L50, tera:Water|57\/100\n|turn|7\n|\n|t:|1731431181\n|move|p1a: Maushold|Super Fang|p2a: Archaludon|[miss]\n|-miss|p1a: Maushold|p2a: Archaludon\n|move|p1b: Gholdengo|Power Gem|p2b: Incineroar\n|-supereffective|p2b: Incineroar\n|-damage|p2b: Incineroar|0 fnt\n|faint|p2b: Incineroar\n|move|p2a: Archaludon|Dragon Pulse|p1a: Maushold\n|-damage|p1a: Maushold|9\/100\n|\n|upkeep\n|j| Dragesh\n|\n|t:|1731431190\n|switch|p2b: Basculegion|Basculegion, L50, M|18\/100\n|turn|8\n|\n|t:|1731431224\n|move|p1a: Maushold|Follow Me|p1a: Maushold\n|-singleturn|p1a: Maushold|move: Follow Me\n|move|p2b: Basculegion|Last Respects|p1a: Maushold\n|-damage|p1a: Maushold|0 fnt\n|faint|p1a: Maushold\n|move|p1b: Gholdengo|Power Gem|p2b: Basculegion\n|-damage|p2b: Basculegion|0 fnt\n|faint|p2b: Basculegion\n|move|p2a: Archaludon|Dragon Pulse|p1b: Gholdengo\n|-resisted|p1b: Gholdengo\n|-damage|p1b: Gholdengo|17\/100\n|\n|upkeep\n|\n|t:|1731431226\n|switch|p1a: Ursaluna|Ursaluna-Bloodmoon, L50, M|100\/100\n|turn|9\n|\n|t:|1731431234\n|move|p1b: Gholdengo|Power Gem|p2a: Archaludon\n|-resisted|p2a: Archaludon\n|-damage|p2a: Archaludon|36\/100\n|-ability|p2a: Archaludon|Stamina|boost\n|-boost|p2a: Archaludon|def|1\n|move|p2a: Archaludon|Body Press|p1a: Ursaluna\n|-supereffective|p1a: Ursaluna\n|-damage|p1a: Ursaluna|29\/100\n|move|p1a: Ursaluna|Earth Power|p2a: Archaludon\n|-supereffective|p2a: Archaludon\n|-damage|p2a: Archaludon|0 fnt\n|faint|p2a: Archaludon\n|\n|win|telephoniumz\n|raw|telephoniumz's rating: 1732 &rarr; <strong>1753<\/strong><br \/>(+21 for winning)\n|raw|vgclth chromate's rating: 1745 &rarr; <strong>1724<\/strong><br \/>(-21 for losing)\n|l|\u2606vgclth chromate\n|player|p2|\n|l|\u2606telephoniumz\n|player|p1|\n|l| Dragesh\n","uploadtime":1731431488,"views":59,"formatid":"gen9vgc2024regh","rating":1724,"private":0,"password":null}