{"id":"gen9vgc2024regh-2243670977","format":"[Gen 9] VGC 2024 Reg H","players":["Pastels Badges","VGCLTH mt"],"log":"|raw|<div class=\"broadcast-blue\"><strong>This battle is required to be public due to a player having a name starting with 'vgclth'.<\/div>\n|j|\u2606Pastels Badges\n|j|\u2606VGCLTH mt\n|t:|1731585620\n|gametype|doubles\n|player|p1|Pastels Badges|rosa|1796\n|player|p2|VGCLTH mt|cynthia|1711\n|teamsize|p1|6\n|teamsize|p2|6\n|gen|9\n|tier|[Gen 9] VGC 2024 Reg H\n|rated|\n|rule|Species Clause: Limit one of each Pok\u00e9mon\n|rule|Item Clause: Limit 1 of each item\n|clearpoke\n|poke|p1|Sneasler, L50, F|\n|poke|p1|Dragonite, L50, M|\n|poke|p1|Rillaboom, L50, M|\n|poke|p1|Volcarona, L50, M|\n|poke|p1|Dondozo, L50, M|\n|poke|p1|Kingambit, L50, M|\n|poke|p2|Annihilape, L50, M|\n|poke|p2|Dondozo, L50, M|\n|poke|p2|Grimmsnarl, L50, M|\n|poke|p2|Volcarona, L50, F|\n|poke|p2|Metagross, L50|\n|poke|p2|Dragonite, L50, M|\n|teampreview|4\n|inactive|Battle timer is ON: inactive players will automatically lose when time's up. (requested by VGCLTH mt)\n|inactive|VGCLTH mt has 60 seconds left.\n|\n|t:|1731585673\n|start\n|switch|p1a: Sneasler|Sneasler, L50, F|100\/100\n|switch|p1b: Dondozo|Dondozo, L50, M|100\/100\n|switch|p2a: Annihilape|Annihilape, L50, M, shiny|100\/100\n|switch|p2b: Dragonite|Dragonite, L50, M, shiny|100\/100\n|turn|1\n|\n|t:|1731585691\n|switch|p2b: Dondozo|Dondozo, L50, M, shiny|100\/100\n|move|p1a: Sneasler|Protect|p1a: Sneasler\n|-singleturn|p1a: Sneasler|Protect\n|move|p2a: Annihilape|Taunt|p1b: Dondozo\n|-start|p1b: Dondozo|move: Taunt\n|cant|p1b: Dondozo|move: Taunt|Yawn\n|\n|upkeep\n|turn|2\n|inactive|Pastels Badges has 30 seconds left.\n|inactive|VGCLTH mt has 30 seconds left.\n|\n|t:|1731585724\n|move|p1a: Sneasler|Dire Claw|p2b: Dondozo\n|-damage|p2b: Dondozo|79\/100\n|move|p2a: Annihilape|Coaching|p2b: Dondozo\n|-boost|p2b: Dondozo|atk|1\n|-boost|p2b: Dondozo|def|1\n|move|p2b: Dondozo|Yawn|p1b: Dondozo\n|-start|p1b: Dondozo|move: Yawn|[of] p2b: Dondozo\n|move|p1b: Dondozo|Fissure|p2a: Annihilape|[miss]\n|-miss|p1b: Dondozo|p2a: Annihilape\n|\n|upkeep\n|turn|3\n|\n|t:|1731585749\n|switch|p1b: Rillaboom|Rillaboom, L50, M|100\/100\n|-fieldstart|move: Grassy Terrain|[from] ability: Grassy Surge|[of] p1b: Rillaboom\n|move|p2b: Dondozo|Protect|p2b: Dondozo\n|-singleturn|p2b: Dondozo|Protect\n|move|p1a: Sneasler|Dire Claw|p2b: Dondozo\n|-activate|p2b: Dondozo|move: Protect\n|move|p2a: Annihilape|Rage Fist|p1a: Sneasler\n|-damage|p1a: Sneasler|62\/100\n|\n|-heal|p1a: Sneasler|68\/100|[from] Grassy Terrain\n|-heal|p2b: Dondozo|85\/100|[from] Grassy Terrain\n|upkeep\n|turn|4\n|\n|t:|1731585770\n|switch|p2b: Dragonite|Dragonite, L50, M, shiny|100\/100\n|move|p1a: Sneasler|Dire Claw|p2a: Annihilape\n|-resisted|p2a: Annihilape\n|-damage|p2a: Annihilape|75\/100\n|-status|p2a: Annihilape|slp\n|cant|p2a: Annihilape|slp\n|move|p1b: Rillaboom|Wood Hammer|p2a: Annihilape\n|-damage|p2a: Annihilape|0 fnt\n|faint|p2a: Annihilape\n|-damage|p1b: Rillaboom|77\/100|[from] Recoil\n|\n|-heal|p1a: Sneasler|73\/100|[from] Grassy Terrain\n|-heal|p1b: Rillaboom|83\/100|[from] Grassy Terrain\n|upkeep\n|\n|t:|1731585779\n|switch|p2a: Volcarona|Volcarona, L50, F, shiny|100\/100\n|turn|5\n|inactive|VGCLTH mt has 30 seconds left.\n|\n|t:|1731585812\n|switch|p1b: Dondozo|Dondozo, L50, M|100\/100\n|move|p1a: Sneasler|Dire Claw|p2b: Dragonite\n|-damage|p2b: Dragonite|79\/100\n|-status|p2b: Dragonite|slp\n|-enditem|p2b: Dragonite|Lum Berry|[eat]\n|-curestatus|p2b: Dragonite|slp|[msg]\n|move|p2a: Volcarona|Quiver Dance|p2a: Volcarona\n|-boost|p2a: Volcarona|spa|1\n|-boost|p2a: Volcarona|spd|1\n|-boost|p2a: Volcarona|spe|1\n|move|p2b: Dragonite|Dragon Dance|p2b: Dragonite\n|-boost|p2b: Dragonite|atk|1\n|-boost|p2b: Dragonite|spe|1\n|\n|-heal|p1a: Sneasler|79\/100|[from] Grassy Terrain\n|upkeep\n|turn|6\n|\n|t:|1731585830\n|-terastallize|p2b: Dragonite|Flying\n|move|p1a: Sneasler|Protect|p1a: Sneasler\n|-singleturn|p1a: Sneasler|Protect\n|move|p2a: Volcarona|Giga Drain|p1b: Dondozo\n|-supereffective|p1b: Dondozo\n|-damage|p1b: Dondozo|57\/100\n|move|p2b: Dragonite|Tera Blast|p1b: Dondozo|[anim] Tera Blast Flying\n|-damage|p1b: Dondozo|22\/100\n|move|p1b: Dondozo|Yawn|p2b: Dragonite\n|-start|p2b: Dragonite|move: Yawn|[of] p1b: Dondozo\n|\n|-heal|p1a: Sneasler|85\/100|[from] Grassy Terrain\n|-heal|p1b: Dondozo|28\/100|[from] Grassy Terrain\n|-heal|p1b: Dondozo|34\/100|[from] item: Leftovers\n|upkeep\n|turn|7\n|inactive|Pastels Badges has 30 seconds left.\n|inactive|VGCLTH mt has 30 seconds left.\n|\n|t:|1731585863\n|switch|p2b: Dondozo|Dondozo, L50, M, shiny|85\/100\n|move|p2a: Volcarona|Heat Wave|p1b: Dondozo|[spread] p1a,p1b\n|-resisted|p1b: Dondozo\n|-damage|p1a: Sneasler|24\/100\n|-damage|p1b: Dondozo|23\/100\n|move|p1a: Sneasler|Dire Claw|p2a: Volcarona\n|-damage|p2a: Volcarona|61\/100\n|-status|p2a: Volcarona|par\n|-status|p1a: Sneasler|brn|[from] ability: Flame Body|[of] p2a: Volcarona\n|move|p1b: Dondozo|Yawn||[still]\n|-fail|p1b: Dondozo\n|\n|-heal|p1a: Sneasler|30\/100 brn|[from] Grassy Terrain\n|-heal|p2a: Volcarona|68\/100 par|[from] Grassy Terrain\n|-heal|p2a: Volcarona|74\/100 par|[from] item: Leftovers\n|-heal|p2b: Dondozo|92\/100|[from] Grassy Terrain\n|-heal|p1b: Dondozo|29\/100|[from] Grassy Terrain\n|-heal|p1b: Dondozo|35\/100|[from] item: Leftovers\n|-damage|p1a: Sneasler|24\/100 brn|[from] brn\n|-fieldend|move: Grassy Terrain\n|upkeep\n|turn|8\n|inactive|Pastels Badges has 30 seconds left.\n|\n|t:|1731585890\n|move|p1b: Dondozo|Protect|p1b: Dondozo\n|-singleturn|p1b: Dondozo|Protect\n|move|p1a: Sneasler|Dire Claw|p2b: Dondozo\n|-damage|p2b: Dondozo|79\/100\n|move|p2a: Volcarona|Giga Drain|p1b: Dondozo\n|-activate|p1b: Dondozo|move: Protect\n|move|p2b: Dondozo|Wave Crash|p1a: Sneasler\n|-crit|p1a: Sneasler\n|-damage|p1a: Sneasler|0 fnt\n|faint|p1a: Sneasler\n|-damage|p2b: Dondozo|75\/100|[from] Recoil\n|\n|-heal|p2a: Volcarona|80\/100 par|[from] item: Leftovers\n|-heal|p1b: Dondozo|41\/100|[from] item: Leftovers\n|upkeep\n|\n|t:|1731585901\n|switch|p1a: Rillaboom|Rillaboom, L50, M|83\/100\n|-fieldstart|move: Grassy Terrain|[from] ability: Grassy Surge|[of] p1a: Rillaboom\n|turn|9\n|\n|t:|1731585920\n|-terastallize|p1b: Dondozo|Electric\n|move|p1a: Rillaboom|Wood Hammer|p2b: Dondozo\n|-supereffective|p2b: Dondozo\n|-damage|p2b: Dondozo|0 fnt\n|faint|p2b: Dondozo\n|-damage|p1a: Rillaboom|51\/100|[from] Recoil\n|move|p2a: Volcarona|Giga Drain|p1b: Dondozo\n|-damage|p1b: Dondozo|19\/100\n|-heal|p2a: Volcarona|95\/100 par|[from] drain|[of] p1b: Dondozo\n|move|p1b: Dondozo|Wave Crash|p2a: Volcarona\n|-supereffective|p2a: Volcarona\n|-damage|p2a: Volcarona|11\/100 par\n|-status|p1b: Dondozo|brn|[from] ability: Flame Body|[of] p2a: Volcarona\n|-damage|p1b: Dondozo|0 fnt|[from] Recoil\n|faint|p1b: Dondozo\n|\n|-heal|p1a: Rillaboom|57\/100|[from] Grassy Terrain\n|-heal|p2a: Volcarona|17\/100 par|[from] Grassy Terrain\n|-heal|p2a: Volcarona|23\/100 par|[from] item: Leftovers\n|upkeep\n|\n|t:|1731585938\n|switch|p2b: Dragonite|Dragonite, L50, M, shiny, tera:Flying|79\/100\n|switch|p1b: Volcarona|Volcarona, L50, M|100\/100\n|turn|10\n|inactive|Pastels Badges has 30 seconds left.\n|inactive|Pastels Badges has 20 seconds left.\n|inactive|Pastels Badges has 15 seconds left.\n|inactive|Pastels Badges has 10 seconds left.\n|inactive|Pastels Badges has 5 seconds left.\n|\n|t:|1731585990\n|move|p2a: Volcarona|Protect|p2a: Volcarona\n|-singleturn|p2a: Volcarona|Protect\n|move|p1b: Volcarona|Quiver Dance|p1b: Volcarona\n|-boost|p1b: Volcarona|spa|1\n|-boost|p1b: Volcarona|spd|1\n|-boost|p1b: Volcarona|spe|1\n|move|p2b: Dragonite|Tera Blast|p1b: Volcarona|[anim] Tera Blast Flying\n|-supereffective|p1b: Volcarona\n|-damage|p1b: Volcarona|0 fnt\n|faint|p1b: Volcarona\n|move|p1a: Rillaboom|Wood Hammer|p2b: Dragonite\n|-resisted|p2b: Dragonite\n|-damage|p2b: Dragonite|38\/100\n|-damage|p1a: Rillaboom|45\/100|[from] Recoil\n|\n|-heal|p1a: Rillaboom|51\/100|[from] Grassy Terrain\n|-heal|p2a: Volcarona|30\/100 par|[from] Grassy Terrain\n|-heal|p2a: Volcarona|36\/100 par|[from] item: Leftovers\n|upkeep\n|turn|11\n|-message|Pastels Badges forfeited.\n|\n|win|VGCLTH mt\n|raw|Pastels Badges's rating: 1796 &rarr; <strong>1771<\/strong><br \/>(-25 for losing)\n|raw|VGCLTH mt's rating: 1711 &rarr; <strong>1736<\/strong><br \/>(+25 for winning)\n|l|\u2606Pastels Badges\n|player|p1|\n|l|\u2606VGCLTH mt\n|player|p2|\n","uploadtime":1731586154,"views":18,"formatid":"gen9vgc2024regh","rating":1736,"private":0,"password":null}