{"id":"gen9vgc2024regh-2243986154","format":"[Gen 9] VGC 2024 Reg H","players":["VGCLTH LJVGC","por minha atendido"],"log":"|raw|<div class=\"broadcast-blue\"><strong>This battle is required to be public due to a player having a name starting with 'vgclth'.<\/div>\n|j|\u2606VGCLTH LJVGC\n|j|\u2606por minha atendido\n|t:|1731618318\n|gametype|doubles\n|player|p1|VGCLTH LJVGC|lucas|1642\n|player|p2|por minha atendido|266|1753\n|teamsize|p1|6\n|teamsize|p2|6\n|gen|9\n|tier|[Gen 9] VGC 2024 Reg H\n|rated|\n|rule|Species Clause: Limit one of each Pok\u00e9mon\n|rule|Item Clause: Limit 1 of each item\n|clearpoke\n|poke|p1|Corviknight, L50, F|\n|poke|p1|Gholdengo, L50|\n|poke|p1|Murkrow, L50, F|\n|poke|p1|Pawmot, L50, F|\n|poke|p1|Garchomp, L50, M|\n|poke|p1|Skeledirge, L50, M|\n|poke|p2|Garchomp, L50, F|\n|poke|p2|Hydreigon, L50, M|\n|poke|p2|Murkrow, L50, F|\n|poke|p2|Sneasler, L50, M|\n|poke|p2|Indeedee, L50, M|\n|poke|p2|Gholdengo, L50|\n|teampreview|4\n|inactive|Battle timer is ON: inactive players will automatically lose when time's up. (requested by VGCLTH LJVGC)\n|j| jlz04t1h\n|c|\u2606VGCLTH LJVGC|Glhf\nVGCLTH LJVGC has agreed to open team sheets.\n|l| jlz04t1h\n|inactive|VGCLTH LJVGC has 60 seconds left.\n|inactive|por minha atendido has 60 seconds left.\n|\n|t:|1731618378\n|start\n|switch|p1a: Garchomp|Garchomp, L50, M|100\/100\n|switch|p1b: Murkrow|Murkrow, L50, F, shiny|100\/100\n|switch|p2a: Gholdengo|Gholdengo, L50|100\/100\n|switch|p2b: Murkrow|Murkrow, L50, F|100\/100\n|turn|1\n|j| ghostistheman\n|j| UGCL\n|inactive|por minha atendido has 30 seconds left.\n|\n|t:|1731618405\n|switch|p2a: Hydreigon|Hydreigon, L50, M|100\/100\n|-terastallize|p1a: Garchomp|Ground\n|move|p1b: Murkrow|Tailwind|p1b: Murkrow\n|-sidestart|p1: VGCLTH LJVGC|move: Tailwind\n|move|p1a: Garchomp|Stomping Tantrum|p2a: Hydreigon\n|-immune|p2a: Hydreigon|[from] ability: Levitate\n|move|p2b: Murkrow|Foul Play|p1a: Garchomp\n|-damage|p1a: Garchomp|49\/100\n|-damage|p2b: Murkrow|89\/100|[from] ability: Rough Skin|[of] p1a: Garchomp\n|\n|upkeep\n|turn|2\n|\n|t:|1731618424\n|switch|p1a: Pawmot|Pawmot, L50, F|100\/100\n|move|p2a: Hydreigon|Protect|p2a: Hydreigon\n|-singleturn|p2a: Hydreigon|Protect\n|move|p1b: Murkrow|Foul Play|p2b: Murkrow\n|-resisted|p2b: Murkrow\n|-damage|p2b: Murkrow|76\/100\n|move|p2b: Murkrow|Foul Play|p1a: Pawmot\n|-resisted|p1a: Pawmot\n|-crit|p1a: Pawmot\n|-damage|p1a: Pawmot|44\/100\n|\n|upkeep\n|turn|3\n|\n|t:|1731618449\n|-terastallize|p2a: Hydreigon|Fire\n|move|p2b: Murkrow|Tailwind|p2b: Murkrow\n|-sidestart|p2: por minha atendido|move: Tailwind\n|move|p1a: Pawmot|Close Combat|p2a: Hydreigon\n|-damage|p2a: Hydreigon|49\/100\n|-unboost|p1a: Pawmot|def|1\n|-unboost|p1a: Pawmot|spd|1\n|move|p1b: Murkrow|Foul Play|p2b: Murkrow\n|-resisted|p2b: Murkrow\n|-damage|p2b: Murkrow|63\/100\n|move|p2a: Hydreigon|Draco Meteor|p1b: Murkrow\n|-damage|p1b: Murkrow|0 fnt\n|-unboost|p2a: Hydreigon|spa|2\n|faint|p1b: Murkrow\n|-damage|p2a: Hydreigon|39\/100|[from] item: Life Orb\n|\n|upkeep\n|\n|t:|1731618468\n|switch|p1b: Garchomp|Garchomp, L50, M, tera:Ground|49\/100\n|turn|4\n|\n|t:|1731618480\n|move|p2a: Hydreigon|Protect|p2a: Hydreigon\n|-singleturn|p2a: Hydreigon|Protect\n|move|p2b: Murkrow|Haze|p2b: Murkrow\n|-clearallboost\n|move|p1a: Pawmot|Revival Blessing|p1a: Pawmot\n|l| UGCL\n|\n|t:|1731618486\n|-heal|p1: Murkrow|50\/100|[from] move: Revival Blessing\n|move|p1b: Garchomp|Rock Slide|p2b: Murkrow|[spread] p2b\n|-activate|p2a: Hydreigon|move: Protect\n|-supereffective|p2b: Murkrow\n|-damage|p2b: Murkrow|5\/100\n|\n|-sideend|p1: VGCLTH LJVGC|move: Tailwind\n|upkeep\n|turn|5\n|\n|t:|1731618501\n|move|p1a: Pawmot|Protect|p1a: Pawmot\n|-singleturn|p1a: Pawmot|Protect\n|move|p2a: Hydreigon|Heat Wave|p1b: Garchomp|[spread] p1b\n|-activate|p1a: Pawmot|move: Protect\n|-damage|p1b: Garchomp|0 fnt\n|faint|p1b: Garchomp\n|-damage|p2a: Hydreigon|30\/100|[from] item: Life Orb\n|move|p2b: Murkrow|Foul Play|p1a: Pawmot\n|-activate|p1a: Pawmot|move: Protect\n|\n|upkeep\n|\n|t:|1731618513\n|switch|p1b: Murkrow|Murkrow, L50, F, shiny|50\/100\n|turn|6\n|\n|t:|1731618519\n|move|p1b: Murkrow|Tailwind|p1b: Murkrow\n|-sidestart|p1: VGCLTH LJVGC|move: Tailwind\n|move|p1a: Pawmot|Close Combat|p2a: Hydreigon\n|-damage|p2a: Hydreigon|0 fnt\n|-unboost|p1a: Pawmot|def|1\n|-unboost|p1a: Pawmot|spd|1\n|faint|p2a: Hydreigon\n|move|p2b: Murkrow|Foul Play|p1a: Pawmot\n|-resisted|p1a: Pawmot\n|-damage|p1a: Pawmot|0 fnt\n|faint|p1a: Pawmot\n|\n|-sideend|p2: por minha atendido|move: Tailwind\n|upkeep\n|\n|t:|1731618530\n|switch|p1a: Gholdengo|Gholdengo, L50|100\/100\n|switch|p2a: Indeedee|Indeedee, L50, M|100\/100\n|-fieldstart|move: Psychic Terrain|[from] ability: Psychic Surge|[of] p2a: Indeedee\n|turn|7\n|\n|t:|1731618548\n|move|p2b: Murkrow|Protect|p2b: Murkrow\n|-singleturn|p2b: Murkrow|Protect\n|move|p2a: Indeedee|Protect|p2a: Indeedee\n|-singleturn|p2a: Indeedee|Protect\n|move|p1b: Murkrow|Foul Play|p2a: Indeedee\n|-activate|p2a: Indeedee|move: Protect\n|move|p1a: Gholdengo|Make It Rain|p2b: Murkrow|[spread] \n|-activate|p2a: Indeedee|move: Protect\n|-activate|p2b: Murkrow|move: Protect\n|\n|upkeep\n|turn|8\n|inactive|por minha atendido has 30 seconds left.\n|\n|t:|1731618576\n|move|p2b: Murkrow|Tailwind|p2b: Murkrow\n|-sidestart|p2: por minha atendido|move: Tailwind\n|move|p1b: Murkrow|Foul Play|p2a: Indeedee\n|-supereffective|p2a: Indeedee\n|-damage|p2a: Indeedee|28\/100\n|move|p1a: Gholdengo|Make It Rain|p2b: Murkrow|[spread] p2a,p2b\n|-damage|p2a: Indeedee|0 fnt\n|-damage|p2b: Murkrow|0 fnt\n|-unboost|p1a: Gholdengo|spa|1\n|faint|p2a: Indeedee\n|faint|p2b: Murkrow\n|\n|upkeep\n|\n|t:|1731618586\n|switch|p2b: Gholdengo|Gholdengo, L50|100\/100\n|turn|9\n|\n|t:|1731618595\n|move|p1b: Murkrow|Foul Play|p2b: Gholdengo\n|-supereffective|p2b: Gholdengo\n|-damage|p2b: Gholdengo|66\/100\n|move|p1a: Gholdengo|Make It Rain|p2b: Gholdengo\n|-resisted|p2b: Gholdengo\n|-damage|p2b: Gholdengo|27\/100\n|-unboost|p1a: Gholdengo|spa|1\n|move|p2b: Gholdengo|Thunderbolt|p1b: Murkrow\n|-supereffective|p1b: Murkrow\n|-damage|p1b: Murkrow|0 fnt\n|faint|p1b: Murkrow\n|\n|-sideend|p1: VGCLTH LJVGC|move: Tailwind\n|upkeep\n|turn|10\n|\n|t:|1731618600\n|move|p2b: Gholdengo|Thunderbolt|p1a: Gholdengo\n|-damage|p1a: Gholdengo|42\/100\n|move|p1a: Gholdengo|Make It Rain|p2b: Gholdengo\n|-resisted|p2b: Gholdengo\n|-damage|p2b: Gholdengo|0 fnt\n|-unboost|p1a: Gholdengo|spa|1\n|faint|p2b: Gholdengo\n|\n|win|VGCLTH LJVGC\n|raw|VGCLTH LJVGC's rating: 1642 &rarr; <strong>1667<\/strong><br \/>(+25 for winning)\n|raw|por minha atendido's rating: 1726 &rarr; <strong>1701<\/strong><br \/>(-25 for losing)\n|l|\u2606por minha atendido\n|player|p2|\n|l|\u2606VGCLTH LJVGC\n|player|p1|\n","uploadtime":1731618742,"views":23,"formatid":"gen9vgc2024regh","rating":1667,"private":0,"password":null}