{"id":"gen9vgc2024regh-2243777918","format":"[Gen 9] VGC 2024 Reg H","players":["Smurshifu","VGCLTH Rishi"],"log":"|raw|<div class=\"broadcast-blue\"><strong>This battle is required to be public due to a player having a name starting with 'vgclth'.<\/div>\n|j|\u2606Smurshifu\n|j|\u2606VGCLTH Rishi\n|t:|1731598206\n|gametype|doubles\n|player|p1|Smurshifu|youngster-gen4dp|1771\n|player|p2|VGCLTH Rishi|shauntal|1842\n|teamsize|p1|6\n|teamsize|p2|6\n|gen|9\n|tier|[Gen 9] VGC 2024 Reg H\n|rated|\n|rule|Species Clause: Limit one of each Pok\u00e9mon\n|rule|Item Clause: Limit 1 of each item\n|clearpoke\n|poke|p1|Gothitelle, L50, M|\n|poke|p1|Gengar, L50, F|\n|poke|p1|Archaludon, L50, M|\n|poke|p1|Dondozo, L50, F|\n|poke|p1|Tatsugiri, L50, M|\n|poke|p1|Flamigo, L50, M|\n|poke|p2|Kommo-o, L50, F|\n|poke|p2|Rillaboom, L50, M|\n|poke|p2|Tyranitar, L50, M|\n|poke|p2|Talonflame, L50, F|\n|poke|p2|Gholdengo, L50|\n|poke|p2|Milotic, L50, F|\n|teampreview|4\n|inactive|Battle timer is ON: inactive players will automatically lose when time's up. (requested by Smurshifu)\n|\n|t:|1731598253\n|start\n|switch|p1a: Archaludon|Archaludon, L50, M|100\/100\n|switch|p1b: Dondozo|Dondozo, L50, F|100\/100\n|switch|p2a: Tyranitar|Tyranitar, L50, M|100\/100\n|switch|p2b: Talonflame|Talonflame, L50, F|100\/100\n|-weather|Sandstorm|[from] ability: Sand Stream|[of] p2a: Tyranitar\n|turn|1\n|\n|t:|1731598276\n|move|p2b: Talonflame|Tailwind|p2b: Talonflame\n|-sidestart|p2: VGCLTH Rishi|move: Tailwind\n|move|p2a: Tyranitar|Knock Off|p1a: Archaludon\n|-crit|p1a: Archaludon\n|-damage|p1a: Archaludon|31\/100\n|-enditem|p1a: Archaludon|Power Herb|[from] move: Knock Off|[of] p2a: Tyranitar\n|move|p1a: Archaludon|Electro Shot||[still]\n|-prepare|p1a: Archaludon|Electro Shot\n|-boost|p1a: Archaludon|spa|1\n|move|p1b: Dondozo|Wave Crash|p2a: Tyranitar\n|-supereffective|p2a: Tyranitar\n|-damage|p2a: Tyranitar|17\/100\n|-damage|p1b: Dondozo|77\/100|[from] Recoil\n|\n|-weather|Sandstorm|[upkeep]\n|-damage|p1b: Dondozo|70\/100|[from] Sandstorm\n|-heal|p1b: Dondozo|77\/100|[from] item: Leftovers\n|upkeep\n|turn|2\n|\n|t:|1731598292\n|move|p1b: Dondozo|Protect|p1b: Dondozo\n|-singleturn|p1b: Dondozo|Protect\n|move|p2b: Talonflame|Flare Blitz|p1a: Archaludon\n|-damage|p1a: Archaludon|0 fnt\n|faint|p1a: Archaludon\n|-damage|p2b: Talonflame|89\/100|[from] Recoil\n|move|p2a: Tyranitar|Knock Off|p1b: Dondozo\n|-activate|p1b: Dondozo|move: Protect\n|\n|-weather|Sandstorm|[upkeep]\n|-damage|p1b: Dondozo|70\/100|[from] Sandstorm\n|-heal|p1b: Dondozo|77\/100|[from] item: Leftovers\n|upkeep\n|\n|t:|1731598296\n|switch|p1a: Gengar|Gengar, L50, F|100\/100\n|turn|3\n|\n|t:|1731598322\n|switch|p1a: Tatsugiri|Tatsugiri, L50, M|100\/100\n|-activate|p1a: Tatsugiri|ability: Commander|[of] p1b: Dondozo\n|-boost|p1b: Dondozo|atk|2\n|-boost|p1b: Dondozo|spa|2\n|-boost|p1b: Dondozo|spe|2\n|-boost|p1b: Dondozo|def|2\n|-boost|p1b: Dondozo|spd|2\n|move|p2b: Talonflame|Brave Bird|p1b: Dondozo\n|-damage|p1b: Dondozo|62\/100\n|-damage|p2b: Talonflame|82\/100|[from] Recoil\n|move|p2a: Tyranitar|Knock Off|p1b: Dondozo\n|-damage|p1b: Dondozo|40\/100\n|-enditem|p1b: Dondozo|Leftovers|[from] move: Knock Off|[of] p2a: Tyranitar\n|move|p1b: Dondozo|Order Up|p2a: Tyranitar\n|-damage|p2a: Tyranitar|0 fnt\n|faint|p2a: Tyranitar\n|-boost|p1b: Dondozo|atk|1\n|\n|-weather|Sandstorm|[upkeep]\n|-damage|p1b: Dondozo|34\/100|[from] Sandstorm\n|upkeep\n|\n|t:|1731598341\n|switch|p2a: Milotic|Milotic, L50, F|100\/100\n|turn|4\n|\n|t:|1731598349\n|move|p2b: Talonflame|Protect|p2b: Talonflame\n|-singleturn|p2b: Talonflame|Protect\n|move|p1b: Dondozo|Protect|p1b: Dondozo\n|-singleturn|p1b: Dondozo|Protect\n|move|p2a: Milotic|Haze|p2a: Milotic\n|-clearallboost\n|\n|-weather|Sandstorm|[upkeep]\n|-damage|p2a: Milotic|94\/100|[from] Sandstorm\n|-damage|p1b: Dondozo|28\/100|[from] Sandstorm\n|-sideend|p2: VGCLTH Rishi|move: Tailwind\n|upkeep\n|turn|5\n|\n|t:|1731598360\n|move|p2b: Talonflame|Brave Bird|p1b: Dondozo\n|-damage|p1b: Dondozo|0 fnt\n|faint|p1b: Dondozo\n|-damage|p2b: Talonflame|69\/100|[from] Recoil\n|move|p2a: Milotic|Ice Beam|p1a: Tatsugiri\n|-damage|p1a: Tatsugiri|70\/100\n|\n|-weather|none\n|upkeep\n|\n|t:|1731598363\n|switch|p1b: Gengar|Gengar, L50, F|100\/100\n|turn|6\n|\n|t:|1731598372\n|move|p1a: Tatsugiri|Protect|p1a: Tatsugiri\n|-singleturn|p1a: Tatsugiri|Protect\n|move|p2b: Talonflame|Tailwind|p2b: Talonflame\n|-sidestart|p2: VGCLTH Rishi|move: Tailwind\n|move|p2a: Milotic|Scald|p1b: Gengar\n|-damage|p1b: Gengar|36\/100\n|move|p1b: Gengar|Sludge Wave|p2a: Milotic|[spread] p2a,p2b\n|-activate|p1a: Tatsugiri|move: Protect\n|-damage|p2a: Milotic|67\/100\n|-damage|p2b: Talonflame|8\/100\n|\n|upkeep\n|turn|7\n|\n|t:|1731598379\n|move|p1b: Gengar|Protect|p1b: Gengar\n|-singleturn|p1b: Gengar|Protect\n|move|p2b: Talonflame|Brave Bird|p1a: Tatsugiri\n|-damage|p1a: Tatsugiri|0 fnt\n|faint|p1a: Tatsugiri\n|-damage|p2b: Talonflame|0 fnt|[from] Recoil\n|faint|p2b: Talonflame\n|move|p2a: Milotic|Ice Beam|p1b: Gengar\n|-activate|p1b: Gengar|move: Protect\n|\n|upkeep\n|\n|t:|1731598381\n|switch|p2b: Gholdengo|Gholdengo, L50|100\/100\n|turn|8\n|\n|t:|1731598384\n|move|p1b: Gengar|Protect|p1b: Gengar\n|-singleturn|p1b: Gengar|Protect\n|move|p2b: Gholdengo|Make It Rain|p1b: Gengar\n|-activate|p1b: Gengar|move: Protect\n|move|p2a: Milotic|Scald|p1b: Gengar\n|-activate|p1b: Gengar|move: Protect\n|\n|upkeep\n|turn|9\n|\n|t:|1731598387\n|move|p1b: Gengar|Protect||[still]\n|-fail|p1b: Gengar\n|move|p2b: Gholdengo|Make It Rain|p1b: Gengar\n|-damage|p1b: Gengar|0 fnt\n|-unboost|p2b: Gholdengo|spa|1\n|-start|p2b: Gholdengo|Disable|Make It Rain|[from] ability: Cursed Body|[of] p1b: Gengar\n|faint|p1b: Gengar\n|\n|win|VGCLTH Rishi\n|raw|Smurshifu's rating: 1771 &rarr; <strong>1755<\/strong><br \/>(-16 for losing)\n|raw|VGCLTH Rishi's rating: 1842 &rarr; <strong>1858<\/strong><br \/>(+16 for winning)\n|l|\u2606Smurshifu\n|player|p1|\n|l|\u2606VGCLTH Rishi\n|player|p2|\n","uploadtime":1731598602,"views":32,"formatid":"gen9vgc2024regh","rating":1755,"private":0,"password":null}