{"id":"gen9vgc2024regh-2243339400","format":"[Gen 9] VGC 2024 Reg H","players":["Click and hope 1","VGCLTH Thacrow"],"log":"|raw|<div class=\"broadcast-blue\"><strong>This battle is required to be public due to a player having a name starting with 'vgclth'.<\/div>\n|j|\u2606Click and hope 1\n|j|\u2606VGCLTH Thacrow\n|t:|1731535062\n|gametype|doubles\n|player|p1|Click and hope 1|266|1729\n|player|p2|VGCLTH Thacrow|wallace-masters|1775\n|teamsize|p1|6\n|teamsize|p2|6\n|gen|9\n|tier|[Gen 9] VGC 2024 Reg H\n|rated|\n|rule|Species Clause: Limit one of each Pok\u00e9mon\n|rule|Item Clause: Limit 1 of each item\n|clearpoke\n|poke|p1|Archaludon, L50, M|\n|poke|p1|Politoed, L50, M|\n|poke|p1|Sableye, L50, M|\n|poke|p1|Sinistcha, L50|\n|poke|p1|Whimsicott, L50, M|\n|poke|p1|Arcanine, L50, M|\n|poke|p2|Ceruledge, L50, F|\n|poke|p2|Gastrodon-East, L50, F|\n|poke|p2|Sneasler, L50, M|\n|poke|p2|Dragonite, L50, F|\n|poke|p2|Rillaboom, L50, F|\n|poke|p2|Kingambit, L50, M|\n|teampreview|4\nVGCLTH Thacrow has agreed to open team sheets.\n|inactive|Battle timer is ON: inactive players will automatically lose when time's up. (requested by Click and hope 1)\n|\n|t:|1731535083\n|start\n|switch|p1a: Archaludon|Archaludon, L50, M|100\/100\n|switch|p1b: Sableye|Sableye, L50, M|100\/100\n|switch|p2a: Kidturtle|Sneasler, L50, M, shiny|100\/100\n|switch|p2b: Godlyreal|Kingambit, L50, M|100\/100\n|turn|1\n|j| VGCLTH TnB\n|inactive|Click and hope 1 has 30 seconds left.\n|\n|t:|1731535118\n|switch|p2b: Christian|Ceruledge, L50, F|100\/100\n|switch|p1b: Politoed|Politoed, L50, M|100\/100\n|-weather|RainDance|[from] ability: Drizzle|[of] p1b: Politoed\n|-terastallize|p1a: Archaludon|Ghost\n|move|p2a: Kidturtle|Close Combat|p1a: Archaludon\n|-immune|p1a: Archaludon\n|move|p1a: Archaludon|Body Press|p2b: Christian\n|-immune|p2b: Christian\n|\n|-weather|RainDance|[upkeep]\n|upkeep\n|turn|2\n|\n|t:|1731535138\n|move|p2b: Christian|Protect|p2b: Christian\n|-singleturn|p2b: Christian|Protect\n|move|p2a: Kidturtle|Close Combat|p1b: Politoed\n|-damage|p1b: Politoed|11\/100\n|-unboost|p2a: Kidturtle|def|1\n|-unboost|p2a: Kidturtle|spd|1\n|move|p1b: Politoed|Muddy Water|p2b: Christian|[spread] \n|-activate|p2b: Christian|move: Protect\n|-miss|p1b: Politoed|p2a: Kidturtle\n|move|p1a: Archaludon|Electro Shot||[still]\n|-prepare|p1a: Archaludon|Electro Shot\n|-boost|p1a: Archaludon|spa|1\n|-anim|p1a: Archaludon|Electro Shot|p2b: Christian\n|-activate|p2b: Christian|move: Protect\n|\n|-weather|RainDance|[upkeep]\n|upkeep\n|turn|3\n|\n|t:|1731535158\n|switch|p1b: Sableye|Sableye, L50, M|100\/100\n|move|p2b: Christian|Shadow Sneak|p1a: Archaludon\n|-supereffective|p1a: Archaludon\n|-damage|p1a: Archaludon|65\/100\n|-ability|p1a: Archaludon|Stamina|boost\n|-boost|p1a: Archaludon|def|1\n|move|p2a: Kidturtle|Dire Claw|p1a: Archaludon\n|-resisted|p1a: Archaludon\n|-damage|p1a: Archaludon|55\/100\n|-ability|p1a: Archaludon|Stamina|boost\n|-boost|p1a: Archaludon|def|1\n|move|p1a: Archaludon|Electro Shot||[still]\n|-prepare|p1a: Archaludon|Electro Shot\n|-boost|p1a: Archaludon|spa|1\n|-anim|p1a: Archaludon|Electro Shot|p2b: Christian\n|-damage|p2b: Christian|21\/100\n|\n|-weather|RainDance|[upkeep]\n|-heal|p2b: Christian|28\/100|[from] item: Leftovers\n|upkeep\n|turn|4\n|\n|t:|1731535181\n|move|p2b: Christian|Protect|p2b: Christian\n|-singleturn|p2b: Christian|Protect\n|move|p1b: Sableye|Reflect|p1b: Sableye\n|-sidestart|p1: Click and hope 1|Reflect\n|move|p2a: Kidturtle|Coaching|p2b: Christian\n|-boost|p2b: Christian|atk|1\n|-boost|p2b: Christian|def|1\n|move|p1a: Archaludon|Flash Cannon|p2a: Kidturtle\n|-enditem|p2a: Kidturtle|Focus Sash\n|-damage|p2a: Kidturtle|1\/100\n|\n|-weather|RainDance|[upkeep]\n|-heal|p2b: Christian|34\/100|[from] item: Leftovers\n|upkeep\n|turn|5\n|\n|t:|1731535192\n|switch|p1b: Sinistcha|Sinistcha, L50|100\/100\n|-heal|p1a: Archaludon|80\/100|[from] ability: Hospitality|[of] p1b: Sinistcha\n|move|p2b: Christian|Shadow Sneak|p1a: Archaludon\n|-supereffective|p1a: Archaludon\n|-damage|p1a: Archaludon|62\/100\n|-ability|p1a: Archaludon|Stamina|boost\n|-boost|p1a: Archaludon|def|1\n|move|p2a: Kidturtle|Dire Claw|p1a: Archaludon\n|-resisted|p1a: Archaludon\n|-damage|p1a: Archaludon|57\/100\n|-ability|p1a: Archaludon|Stamina|boost\n|-boost|p1a: Archaludon|def|1\n|move|p1a: Archaludon|Snarl|p2b: Christian|[spread] p2a,p2b\n|-resisted|p2a: Kidturtle\n|-supereffective|p2b: Christian\n|-damage|p2a: Kidturtle|0 fnt\n|-damage|p2b: Christian|0 fnt\n|faint|p2a: Kidturtle\n|faint|p2b: Christian\n|\n|-weather|none\n|upkeep\n|-message|VGCLTH Thacrow forfeited.\n|\n|win|Click and hope 1\n|raw|Click and hope 1's rating: 1729 &rarr; <strong>1752<\/strong><br \/>(+23 for winning)\n|raw|VGCLTH Thacrow's rating: 1775 &rarr; <strong>1752<\/strong><br \/>(-23 for losing)\n|l|\u2606VGCLTH Thacrow\n|player|p2|\n|c|\u2606Click and hope 1|Bro\n|l|\u2606Click and hope 1\n|player|p1|\n|j|\u2606Click and hope 1\n|player|p1|Click and hope 1|266|\n|l|\u2606Click and hope 1\n|player|p1|\n|l| VGCLTH TnB\n","uploadtime":1731535398,"views":22,"formatid":"gen9vgc2024regh","rating":1752,"private":0,"password":null}