{"id":"gen9vgc2024regh-2243020322","format":"[Gen 9] VGC 2024 Reg H","players":["VGCLTH Elowyn","pescatora2"],"log":"|raw|<div class=\"broadcast-blue\"><strong>This battle is required to be public due to a player having a name starting with 'vgclth'.<\/div>\n|j|\u2606VGCLTH Elowyn\n|j|\u2606pescatora2\n|t:|1731502962\n|gametype|doubles\n|player|p1|VGCLTH Elowyn|1|1785\n|player|p2|pescatora2|lucas|1787\n|teamsize|p1|6\n|teamsize|p2|6\n|gen|9\n|tier|[Gen 9] VGC 2024 Reg H\n|rated|\n|rule|Species Clause: Limit one of each Pok\u00e9mon\n|rule|Item Clause: Limit 1 of each item\n|clearpoke\n|poke|p1|Smeargle, L50, M|\n|poke|p1|Farigiraf, L50, M|\n|poke|p1|Grimmsnarl, L50, M|\n|poke|p1|Torkoal, L50, M|\n|poke|p1|Ursaluna-Bloodmoon, L50, M|\n|poke|p1|Araquanid, L50, F|\n|poke|p2|Archaludon, L50, M|\n|poke|p2|Dragonite, L50, M|\n|poke|p2|Pelipper, L50, F|\n|poke|p2|Ursaluna-Bloodmoon, L50, M|\n|poke|p2|Incineroar, L50, M|\n|poke|p2|Sinistcha-Masterpiece, L50|\n|teampreview|4\n|inactive|Battle timer is ON: inactive players will automatically lose when time's up. (requested by VGCLTH Elowyn)\n|\n|t:|1731503001\n|start\n|switch|p1a: Smeargle|Smeargle, L50, M|100\/100\n|switch|p1b: Farigiraf|Farigiraf, L50, M|100\/100\n|switch|p2a: Sinistcha|Sinistcha-Masterpiece, L50|100\/100\n|switch|p2b: Incineroar|Incineroar, L50, M|100\/100\n|-ability|p2b: Incineroar|Intimidate|boost\n|-unboost|p1a: Smeargle|atk|1\n|-enditem|p1a: Smeargle|Eject Pack\n|-unboost|p1b: Farigiraf|atk|1\n|j| VGCLTH GoofyGoober\n|\n|t:|1731503016\n|switch|p1a: Ursaluna|Ursaluna-Bloodmoon, L50, M|100\/100\n|turn|1\n|j| VGCLTH John Pork\n|\n|t:|1731503032\n|-terastallize|p1a: Ursaluna|Normal\n|move|p2b: Incineroar|Parting Shot|p1b: Farigiraf\n|-unboost|p1b: Farigiraf|atk|1\n|-unboost|p1b: Farigiraf|spa|1\n|\n|t:|1731503034\n|switch|p2b: Archaludon|Archaludon, L50, M|100\/100|[from] Parting Shot\n|move|p1a: Ursaluna|Hyper Voice|p2a: Sinistcha|[spread] p2a,p2b\n|-resisted|p2b: Archaludon\n|-damage|p2a: Sinistcha|44\/100\n|-damage|p2b: Archaludon|75\/100\n|-ability|p2b: Archaludon|Stamina|boost\n|-boost|p2b: Archaludon|def|1\n|-enditem|p2a: Sinistcha|Sitrus Berry|[eat]\n|-heal|p2a: Sinistcha|68\/100|[from] item: Sitrus Berry\n|-damage|p1a: Ursaluna|90\/100|[from] item: Life Orb\n|move|p2a: Sinistcha|Trick Room|p2a: Sinistcha\n|-fieldstart|move: Trick Room|[of] p2a: Sinistcha\n|move|p1b: Farigiraf|Trick Room|p1b: Farigiraf\n|-fieldend|move: Trick Room\n|\n|upkeep\n|turn|2\n|l| VGCLTH John Pork\n|j| VGCLTH John Pork\n|\n|t:|1731503050\n|move|p2b: Archaludon|Snarl|p1a: Ursaluna|[spread] p1a,p1b\n|-supereffective|p1b: Farigiraf\n|-damage|p1a: Ursaluna|75\/100\n|-damage|p1b: Farigiraf|78\/100\n|-unboost|p1a: Ursaluna|spa|1\n|-unboost|p1b: Farigiraf|spa|1\n|move|p2a: Sinistcha|Life Dew|p2a: Sinistcha|[spread] p2a,p2b\n|-heal|p2a: Sinistcha|94\/100\n|-heal|p2b: Archaludon|100\/100\n|move|p1a: Ursaluna|Earth Power|p2b: Archaludon\n|-supereffective|p2b: Archaludon\n|-damage|p2b: Archaludon|42\/100\n|-unboost|p2b: Archaludon|spd|1\n|-ability|p2b: Archaludon|Stamina|boost\n|-boost|p2b: Archaludon|def|1\n|-damage|p1a: Ursaluna|65\/100|[from] item: Life Orb\n|move|p1b: Farigiraf|Trick Room|p1b: Farigiraf\n|-fieldstart|move: Trick Room|[of] p1b: Farigiraf\n|\n|upkeep\n|turn|3\n|\n|t:|1731503074\n|move|p1b: Farigiraf|Helping Hand|p1a: Ursaluna\n|-singleturn|p1a: Ursaluna|Helping Hand|[of] p1b: Farigiraf\n|move|p1a: Ursaluna|Earth Power|p2b: Archaludon\n|-supereffective|p2b: Archaludon\n|-damage|p2b: Archaludon|0 fnt\n|faint|p2b: Archaludon\n|-damage|p1a: Ursaluna|55\/100|[from] item: Life Orb\n|move|p2a: Sinistcha|Matcha Gotcha|p1b: Farigiraf|[spread] p1a\n|-ability|p1b: Farigiraf|Sap Sipper|boost\n|-boost|p1b: Farigiraf|atk|1\n|-damage|p1a: Ursaluna|29\/100\n|-heal|p2a: Sinistcha|100\/100|[from] drain|[of] p1a: Ursaluna\n|\n|upkeep\n|\n|t:|1731503079\n|switch|p2b: Incineroar|Incineroar, L50, M|100\/100\n|-ability|p2b: Incineroar|Intimidate|boost\n|-unboost|p1a: Ursaluna|atk|1\n|-unboost|p1b: Farigiraf|atk|1\n|turn|4\n|\n|t:|1731503087\n|switch|p1b: Smeargle|Smeargle, L50, M|100\/100\n|switch|p1a: Araquanid|Araquanid, L50, F|100\/100\n|-terastallize|p2b: Incineroar|Ghost\n|move|p2b: Incineroar|Knock Off|p1b: Smeargle\n|-damage|p1b: Smeargle|38\/100\n|move|p2a: Sinistcha|Trick Room|p2a: Sinistcha\n|-fieldend|move: Trick Room\n|\n|-ability|p1b: Smeargle|Moody|boost\n|-boost|p1b: Smeargle|spd|2\n|-unboost|p1b: Smeargle|spe|1\n|upkeep\n|turn|5\n|l| VGCLTH John Pork\n|inactive|VGCLTH Elowyn has 30 seconds left.\n|\n|t:|1731503117\n|move|p1b: Smeargle|Follow Me|p1b: Smeargle\n|-singleturn|p1b: Smeargle|move: Follow Me\n|move|p2b: Incineroar|Parting Shot|p1b: Smeargle\n|-unboost|p1b: Smeargle|atk|1\n|-unboost|p1b: Smeargle|spa|1\n|j| VGCLTH John Pork\n|\n|t:|1731503141\n|switch|p2b: Pelipper|Pelipper, L50, F|100\/100|[from] Parting Shot\n|-weather|RainDance|[from] ability: Drizzle|[of] p2b: Pelipper\n|move|p2a: Sinistcha|Matcha Gotcha|p1b: Smeargle|[spread] p1a,p1b\n|-damage|p1a: Araquanid|79\/100\n|-damage|p1b: Smeargle|11\/100\n|move|p1a: Araquanid|Liquidation|p2b: Pelipper\n|-resisted|p2b: Pelipper\n|-damage|p2b: Pelipper|6\/100\n|\n|-weather|RainDance|[upkeep]\n|-ability|p1b: Smeargle|Moody|boost\n|-boost|p1b: Smeargle|def|2\n|-unboost|p1b: Smeargle|spd|1\n|upkeep\n|turn|6\n|l| VGCLTH John Pork\n|\n|t:|1731503165\n|move|p1b: Smeargle|Follow Me|p1b: Smeargle\n|-singleturn|p1b: Smeargle|move: Follow Me\n|move|p2b: Pelipper|U-turn|p1b: Smeargle\n|-damage|p1b: Smeargle|0 fnt\n|faint|p1b: Smeargle\n|\n|t:|1731503167\n|switch|p2b: Incineroar|Incineroar, L50, M, tera:Ghost|100\/100|[from] U-turn\n|-ability|p2b: Incineroar|Intimidate|boost\n|-unboost|p1a: Araquanid|atk|1\n|move|p2a: Sinistcha|Matcha Gotcha|p1a: Araquanid\n|-damage|p1a: Araquanid|54\/100\n|move|p1a: Araquanid|Liquidation|p2b: Incineroar\n|-damage|p2b: Incineroar|26\/100\n|\n|-weather|RainDance|[upkeep]\n|upkeep\n|\n|t:|1731503174\n|switch|p1b: Farigiraf|Farigiraf, L50, M|78\/100\n|turn|7\n|\n|t:|1731503182\n|move|p2b: Incineroar|Knock Off|p1b: Farigiraf\n|-supereffective|p1b: Farigiraf\n|-damage|p1b: Farigiraf|8\/100\n|-enditem|p1b: Farigiraf|Mental Herb|[from] move: Knock Off|[of] p2b: Incineroar\n|move|p2a: Sinistcha|Matcha Gotcha|p1b: Farigiraf|[spread] p1a\n|-ability|p1b: Farigiraf|Sap Sipper|boost\n|-boost|p1b: Farigiraf|atk|1\n|-damage|p1a: Araquanid|35\/100\n|move|p1a: Araquanid|Liquidation|p2b: Incineroar\n|-damage|p2b: Incineroar|0 fnt\n|faint|p2b: Incineroar\n|move|p1b: Farigiraf|Trick Room|p1b: Farigiraf\n|-fieldstart|move: Trick Room|[of] p1b: Farigiraf\n|\n|-weather|RainDance|[upkeep]\n|upkeep\n|\n|t:|1731503189\n|switch|p2b: Pelipper|Pelipper, L50, F|6\/100\n|turn|8\n|\n|t:|1731503196\n|move|p1b: Farigiraf|Twin Beam|p2b: Pelipper\n|-damage|p2b: Pelipper|0 fnt\n|faint|p2b: Pelipper\n|-hitcount|p2: Pelipper|1\n|move|p1a: Araquanid|Liquidation|p2a: Sinistcha\n|-resisted|p2a: Sinistcha\n|-damage|p2a: Sinistcha|54\/100\n|move|p2a: Sinistcha|Trick Room|p2a: Sinistcha\n|-fieldend|move: Trick Room\n|\n|-weather|RainDance|[upkeep]\n|upkeep\n|turn|9\n|\n|t:|1731503201\n|move|p2a: Sinistcha|Matcha Gotcha|p1a: Araquanid|[spread] p1a\n|-ability|p1b: Farigiraf|Sap Sipper|boost\n|-boost|p1b: Farigiraf|atk|1\n|-damage|p1a: Araquanid|14\/100\n|-heal|p2a: Sinistcha|65\/100|[from] drain|[of] p1a: Araquanid\n|move|p1a: Araquanid|Liquidation|p2a: Sinistcha\n|-resisted|p2a: Sinistcha\n|-damage|p2a: Sinistcha|17\/100\n|move|p1b: Farigiraf|Trick Room|p1b: Farigiraf\n|-fieldstart|move: Trick Room|[of] p1b: Farigiraf\n|\n|-weather|none\n|upkeep\n|turn|10\n|-message|pescatora2 forfeited.\n|\n|win|VGCLTH Elowyn\n|raw|VGCLTH Elowyn's rating: 1785 &rarr; <strong>1805<\/strong><br \/>(+20 for winning)\n|raw|pescatora2's rating: 1787 &rarr; <strong>1767<\/strong><br \/>(-20 for losing)\n|j| VGCLTH John Pork\n|l| VGCLTH John Pork\n|l|\u2606VGCLTH Elowyn\n|player|p1|\n|l| VGCLTH GoofyGoober\n|j|\u2606VGCLTH Elowyn\n|player|p1|VGCLTH Elowyn|1|\n|l|\u2606VGCLTH Elowyn\n|player|p1|\n|j| vgclth souly\n","uploadtime":1731503394,"views":30,"formatid":"gen9vgc2024regh","rating":1767,"private":0,"password":null}