{"id":"gen9vgc2024regh-2243464775","format":"[Gen 9] VGC 2024 Reg H","players":["VGCLTH It'sJustKen","don't use magmar"],"log":"|raw|<div class=\"broadcast-blue\"><strong>This battle is required to be public due to a player having a name starting with 'vgclth'.<\/div>\n|j|\u2606VGCLTH It'sJustKen\n|j|\u2606don't use magmar\n|t:|1731550181\n|gametype|doubles\n|player|p1|VGCLTH It'sJustKen|turo|1709\n|player|p2|don't use magmar|lucas|1800\n|teamsize|p1|6\n|teamsize|p2|6\n|gen|9\n|tier|[Gen 9] VGC 2024 Reg H\n|rated|\n|rule|Species Clause: Limit one of each Pok\u00e9mon\n|rule|Item Clause: Limit 1 of each item\n|clearpoke\n|poke|p1|Gholdengo, L50|\n|poke|p1|Kommo-o, L50, M|\n|poke|p1|Clefairy, L50, M|\n|poke|p1|Farigiraf, L50, F|\n|poke|p1|Talonflame, L50, M|\n|poke|p1|Garchomp, L50, M|\n|poke|p2|Incineroar, L50, F|\n|poke|p2|Amoonguss, L50, M|\n|poke|p2|Gholdengo, L50|\n|poke|p2|Sneasler, L50, F|\n|poke|p2|Ursaluna-Bloodmoon, L50, M|\n|poke|p2|Palafin, L50, M|\n|teampreview|4\n|inactive|Battle timer is ON: inactive players will automatically lose when time's up. (requested by VGCLTH It'sJustKen)\n|\n|t:|1731550204\n|start\n|switch|p1a: Garchomp|Garchomp, L50, M|100\/100\n|switch|p1b: Talonflame|Talonflame, L50, M, shiny|100\/100\n|switch|p2a: Ursaluna|Ursaluna-Bloodmoon, L50, M|100\/100\n|switch|p2b: Palafin|Palafin, L50, M|100\/100\n|turn|1\n|j| VGCLTH TnB\n|inactive|VGCLTH It'sJustKen has 30 seconds left.\n|\n|t:|1731550233\n|-terastallize|p2a: Ursaluna|Normal\n|move|p2b: Palafin|Protect|p2b: Palafin\n|-singleturn|p2b: Palafin|Protect\n|move|p1b: Talonflame|Tailwind|p1b: Talonflame\n|-sidestart|p1: VGCLTH It'sJustKen|move: Tailwind\n|move|p1a: Garchomp|Earthquake|p2b: Palafin|[spread] p2a\n|-activate|p2b: Palafin|move: Protect\n|-immune|p1b: Talonflame\n|-damage|p2a: Ursaluna|70\/100\n|move|p2a: Ursaluna|Hyper Voice|p1b: Talonflame|[spread] p1a,p1b\n|-damage|p1a: Garchomp|53\/100\n|-damage|p1b: Talonflame|21\/100\n|\n|upkeep\n|turn|2\n|\n|t:|1731550254\n|switch|p1b: *hears the music*|Gholdengo, L50|100\/100\n|move|p2b: Palafin|Jet Punch|p1b: *hears the music*\n|-damage|p1b: *hears the music*|67\/100\n|move|p1a: Garchomp|Stomping Tantrum|p2b: Palafin\n|-damage|p2b: Palafin|57\/100\n|move|p2a: Ursaluna|Hyper Voice|p1a: Garchomp|[spread] p1a,p1b\n|-resisted|p1b: *hears the music*\n|-damage|p1a: Garchomp|4\/100\n|-damage|p1b: *hears the music*|37\/100\n|\n|upkeep\n|turn|3\n|\n|t:|1731550271\n|move|p1a: Garchomp|Protect|p1a: Garchomp\n|-singleturn|p1a: Garchomp|Protect\n|move|p2b: Palafin|Jet Punch|p1a: Garchomp\n|-activate|p1a: Garchomp|move: Protect\n|move|p2a: Ursaluna|Vacuum Wave|p1b: *hears the music*\n|-supereffective|p1b: *hears the music*\n|-crit|p1b: *hears the music*\n|-damage|p1b: *hears the music*|0 fnt\n|faint|p1b: *hears the music*\n|\n|upkeep\n|\n|t:|1731550278\n|switch|p1b: Kommo-o|Kommo-o, L50, M|100\/100\n|turn|4\n|\n|t:|1731550292\n|switch|p1a: Talonflame|Talonflame, L50, M, shiny|21\/100\n|detailschange|p2b: Palafin|Palafin-Hero, L50, M\n|switch|p2b: Incineroar|Incineroar, L50, F|100\/100\n|-ability|p2b: Incineroar|Intimidate|boost\n|-unboost|p1a: Talonflame|atk|1\n|-unboost|p1b: Kommo-o|atk|1\n|-terastallize|p1b: Kommo-o|Dragon\n|move|p2a: Ursaluna|Vacuum Wave|p1a: Talonflame\n|-resisted|p1a: Talonflame\n|-damage|p1a: Talonflame|10\/100\n|move|p1b: Kommo-o|Clanging Scales|p2b: Incineroar|[spread] p2a,p2b\n|-damage|p2a: Ursaluna|7\/100\n|-damage|p2b: Incineroar|30\/100\n|-unboost|p1b: Kommo-o|def|1\n|\n|-sideend|p1: VGCLTH It'sJustKen|move: Tailwind\n|upkeep\n|turn|5\n|inactive|VGCLTH It'sJustKen has 30 seconds left.\n|\n|t:|1731550318\n|switch|p1a: Garchomp|Garchomp, L50, M|4\/100\n|move|p2b: Incineroar|Fake Out|p1b: Kommo-o\n|-damage|p1b: Kommo-o|82\/100\n|move|p2a: Ursaluna|Vacuum Wave|p1a: Garchomp\n|-damage|p1a: Garchomp|0 fnt\n|faint|p1a: Garchomp\n|cant|p1b: Kommo-o|flinch\n|\n|upkeep\n|\n|t:|1731550321\n|switch|p1a: Talonflame|Talonflame, L50, M, shiny|10\/100\n|turn|6\n|\n|t:|1731550326\n|move|p2a: Ursaluna|Vacuum Wave|p1a: Talonflame\n|-resisted|p1a: Talonflame\n|-damage|p1a: Talonflame|0 fnt\n|faint|p1a: Talonflame\n|move|p1b: Kommo-o|Clanging Scales|p2b: Incineroar|[spread] p2a,p2b\n|-damage|p2a: Ursaluna|0 fnt\n|-damage|p2b: Incineroar|0 fnt\n|faint|p2a: Ursaluna\n|faint|p2b: Incineroar\n|-unboost|p1b: Kommo-o|def|1\n|\n|upkeep\n|\n|t:|1731550329\n|switch|p2b: Gholdengo|Gholdengo, L50|100\/100\n|switch|p2a: Palafin|Palafin-Hero, L50, M|57\/100\n|-activate|p2a: Palafin|ability: Zero to Hero\n|turn|7\n|\n|t:|1731550331\n|move|p2a: Palafin|Protect|p2a: Palafin\n|-singleturn|p2a: Palafin|Protect\n|move|p2b: Gholdengo|Make It Rain|p1b: Kommo-o\n|-damage|p1b: Kommo-o|0 fnt\n|-unboost|p2b: Gholdengo|spa|1\n|faint|p1b: Kommo-o\n|-damage|p2b: Gholdengo|91\/100|[from] item: Life Orb\n|\n|win|don't use magmar\n|raw|VGCLTH It&apos;sJustKen's rating: 1690 &rarr; <strong>1676<\/strong><br \/>(-14 for losing)\n|raw|don&apos;t use magmar's rating: 1800 &rarr; <strong>1814<\/strong><br \/>(+14 for winning)\n|l|\u2606VGCLTH It'sJustKen\n|player|p1|\n","uploadtime":1731550333,"views":54,"formatid":"gen9vgc2024regh","rating":1676,"private":0,"password":null}