{"id":"gen9vgc2024regh-2243435379","format":"[Gen 9] VGC 2024 Reg H","players":["don't use magmar","VGCLTH It'sJustKen"],"log":"|raw|<div class=\"broadcast-blue\"><strong>This battle is required to be public due to a player having a name starting with 'vgclth'.<\/div>\n|j|\u2606don't use magmar\n|j|\u2606VGCLTH It'sJustKen\n|t:|1731546490\n|gametype|doubles\n|player|p1|don't use magmar|lucas|1781\n|player|p2|VGCLTH It'sJustKen|turo|1687\n|teamsize|p1|6\n|teamsize|p2|6\n|gen|9\n|tier|[Gen 9] VGC 2024 Reg H\n|rated|\n|rule|Species Clause: Limit one of each Pok\u00e9mon\n|rule|Item Clause: Limit 1 of each item\n|clearpoke\n|poke|p1|Incineroar, L50, M|\n|poke|p1|Amoonguss, L50, F|\n|poke|p1|Gholdengo, L50|\n|poke|p1|Sneasler, L50, F|\n|poke|p1|Ursaluna-Bloodmoon, L50, M|\n|poke|p1|Palafin, L50, F|\n|poke|p2|Gholdengo, L50|\n|poke|p2|Kommo-o, L50, M|\n|poke|p2|Amoonguss, L50, F|\n|poke|p2|Farigiraf, L50, F|\n|poke|p2|Talonflame, L50, F|\n|poke|p2|Garchomp, L50, M|\n|teampreview|4\n|inactive|Battle timer is ON: inactive players will automatically lose when time's up. (requested by VGCLTH It'sJustKen)\n|j| Golett Kombucha\n|\n|t:|1731546509\n|start\n|switch|p1a: Ursaluna|Ursaluna-Bloodmoon, L50, M|100\/100\n|switch|p1b: Palafin|Palafin, L50, F|100\/100\n|switch|p2a: *hears the music*|Gholdengo, L50|100\/100\n|switch|p2b: Talonflame|Talonflame, L50, F, shiny|100\/100\n|turn|1\n|inactive|VGCLTH It'sJustKen has 30 seconds left.\n|inactive|VGCLTH It'sJustKen has 20 seconds left.\n|inactive|VGCLTH It'sJustKen has 15 seconds left.\n|inactive|VGCLTH It'sJustKen has 10 seconds left.\n|inactive|VGCLTH It'sJustKen has 5 seconds left.\n|\n|t:|1731546564\n|detailschange|p1b: Palafin|Palafin-Hero, L50, F\n|switch|p1b: Incineroar|Incineroar, L50, M|100\/100\n|-ability|p1b: Incineroar|Intimidate|boost\n|-unboost|p2a: *hears the music*|atk|1\n|-unboost|p2b: Talonflame|atk|1\n|move|p2b: Talonflame|Tailwind|p2b: Talonflame\n|-sidestart|p2: VGCLTH It'sJustKen|move: Tailwind\n|move|p2a: *hears the music*|Make It Rain|p1b: Incineroar|[spread] p1a,p1b\n|-resisted|p1b: Incineroar\n|-damage|p1a: Ursaluna|63\/100\n|-damage|p1b: Incineroar|79\/100\n|-unboost|p2a: *hears the music*|spa|1\n|move|p1a: Ursaluna|Earth Power|p2a: *hears the music*\n|-supereffective|p2a: *hears the music*\n|-damage|p2a: *hears the music*|0 fnt\n|faint|p2a: *hears the music*\n|\n|upkeep\n|l|\u2606VGCLTH It'sJustKen\n|inactive|VGCLTH It'sJustKen disconnected and has a minute to reconnect!\n|player|p2|\n|inactive|VGCLTH It'sJustKen has 30 seconds left.\n|inactive|VGCLTH It'sJustKen has 20 seconds left.\n|inactive|VGCLTH It'sJustKen has 15 seconds left.\n|inactive|VGCLTH It'sJustKen has 10 seconds left.\n|inactive|VGCLTH It'sJustKen has 5 seconds left.\n|j|\u2606VGCLTH It'sJustKen\n|inactive|VGCLTH It'sJustKen reconnected and has 5 seconds left.\n|player|p2|VGCLTH It'sJustKen|turo|\n|\n|t:|1731546618\n|switch|p2a: Kommo-o|Kommo-o, L50, M|100\/100\n|turn|2\n|\n|t:|1731546632\n|-terastallize|p2a: Kommo-o|Dragon\n|move|p1b: Incineroar|Fake Out|p2a: Kommo-o\n|-damage|p2a: Kommo-o|89\/100\n|move|p2b: Talonflame|Brave Bird|p1b: Incineroar\n|-damage|p1b: Incineroar|48\/100\n|-damage|p2b: Talonflame|87\/100|[from] Recoil\n|cant|p2a: Kommo-o|flinch\n|move|p1a: Ursaluna|Blood Moon|p2b: Talonflame\n|-damage|p2b: Talonflame|0 fnt\n|faint|p2b: Talonflame\n|\n|upkeep\n|\n|t:|1731546636\n|switch|p2b: Garchomp|Garchomp, L50, M|100\/100\n|turn|3\n|\n|t:|1731546647\n|move|p1a: Ursaluna|Vacuum Wave|p2a: Kommo-o\n|-damage|p2a: Kommo-o|71\/100\n|move|p2b: Garchomp|Stomping Tantrum|p1a: Ursaluna\n|-damage|p1a: Ursaluna|35\/100\n|move|p2a: Kommo-o|Clanging Scales|p1b: Incineroar|[spread] p1a,p1b\n|-damage|p1a: Ursaluna|0 fnt\n|-damage|p1b: Incineroar|0 fnt\n|faint|p1a: Ursaluna\n|faint|p1b: Incineroar\n|-unboost|p2a: Kommo-o|def|1\n|\n|upkeep\n|\n|t:|1731546651\n|switch|p1b: Amoonguss|Amoonguss, L50, F|100\/100\n|switch|p1a: Palafin|Palafin-Hero, L50, F|100\/100\n|-activate|p1a: Palafin|ability: Zero to Hero\n|turn|4\n|\n|t:|1731546665\n|move|p1a: Palafin|Protect|p1a: Palafin\n|-singleturn|p1a: Palafin|Protect\n|move|p2b: Garchomp|Dragon Claw|p1b: Amoonguss\n|-damage|p1b: Amoonguss|65\/100\n|move|p2a: Kommo-o|Clanging Scales|p1b: Amoonguss|[spread] p1b\n|-activate|p1a: Palafin|move: Protect\n|-damage|p1b: Amoonguss|2\/100\n|-enditem|p1b: Amoonguss|Sitrus Berry|[eat]\n|-heal|p1b: Amoonguss|27\/100|[from] item: Sitrus Berry\n|-unboost|p2a: Kommo-o|def|1\n|move|p1b: Amoonguss|Spore|p2b: Garchomp\n|-status|p2b: Garchomp|slp|[from] move: Spore\n|\n|-sideend|p2: VGCLTH It'sJustKen|move: Tailwind\n|upkeep\n|turn|5\n|\n|t:|1731546676\n|-terastallize|p1a: Palafin|Water\n|move|p1b: Amoonguss|Protect|p1b: Amoonguss\n|-singleturn|p1b: Amoonguss|Protect\n|move|p1a: Palafin|Jet Punch|p2a: Kommo-o\n|-resisted|p2a: Kommo-o\n|-damage|p2a: Kommo-o|10\/100\n|cant|p2b: Garchomp|slp\n|move|p2a: Kommo-o|Clanging Scales|p1b: Amoonguss|[spread] p1a\n|-activate|p1b: Amoonguss|move: Protect\n|-damage|p1a: Palafin|25\/100\n|-unboost|p2a: Kommo-o|def|1\n|\n|upkeep\n|turn|6\n|\n|t:|1731546684\n|move|p1a: Palafin|Jet Punch|p2a: Kommo-o\n|-resisted|p2a: Kommo-o\n|-damage|p2a: Kommo-o|0 fnt\n|faint|p2a: Kommo-o\n|-curestatus|p2b: Garchomp|slp|[msg]\n|move|p2b: Garchomp|Earthquake|p1b: Amoonguss|[spread] p1a,p1b\n|-damage|p1a: Palafin|0 fnt\n|-damage|p1b: Amoonguss|0 fnt\n|faint|p1a: Palafin\n|faint|p1b: Amoonguss\n|\n|win|VGCLTH It'sJustKen\n|raw|don&apos;t use magmar's rating: 1781 &rarr; <strong>1755<\/strong><br \/>(-26 for losing)\n|raw|VGCLTH It&apos;sJustKen's rating: 1671 &rarr; <strong>1697<\/strong><br \/>(+26 for winning)\n|l|\u2606VGCLTH It'sJustKen\n|player|p2|\n|l|\u2606don't use magmar\n|player|p1|\n|l| Golett Kombucha\n","uploadtime":1731546832,"views":33,"formatid":"gen9vgc2024regh","rating":1697,"private":0,"password":null}