{"id":"gen9vgc2024regh-2243676509","format":"[Gen 9] VGC 2024 Reg H","players":["judevgc","VGCLTH fangame10"],"log":"|j|\u2606judevgc\n|j|\u2606VGCLTH fangame10\n|t:|1731586453\n|gametype|doubles\n|player|p1|judevgc|falkner|1715\n|player|p2|VGCLTH fangame10|red|1703\n|teamsize|p1|6\n|teamsize|p2|6\n|gen|9\n|tier|[Gen 9] VGC 2024 Reg H\n|rated|\n|rule|Species Clause: Limit one of each Pok\u00e9mon\n|rule|Item Clause: Limit 1 of each item\n|clearpoke\n|poke|p1|Gholdengo, L50|\n|poke|p1|Sneasler, L50, M|\n|poke|p1|Whimsicott, L50, M|\n|poke|p1|Ursaluna-Bloodmoon, L50, M|\n|poke|p1|Garchomp, L50, F|\n|poke|p1|Hydreigon, L50, M|\n|poke|p2|Glaceon, L50, F|\n|poke|p2|Ninetales-Alola, L50, F|\n|poke|p2|Milotic, L50, M|\n|poke|p2|Skeledirge, L50, M|\n|poke|p2|Ursaluna-Bloodmoon, L50, M|\n|poke|p2|Annihilape, L50, M|\n|teampreview|4\n|inactive|Battle timer is ON: inactive players will automatically lose when time's up. (requested by VGCLTH fangame10)\n|inactive|judevgc also wants the timer to be on.\n|\n|t:|1731586481\n|start\n|switch|p1a: Hydreigon|Hydreigon, L50, M|100\/100\n|switch|p1b: Whimsicott|Whimsicott, L50, M|100\/100\n|switch|p2a: Milotic|Milotic, L50, M, shiny|100\/100\n|switch|p2b: Ursaluna|Ursaluna-Bloodmoon, L50, M|100\/100\n|turn|1\n|\n|t:|1731586503\n|switch|p1a: Gholdengo|Gholdengo, L50|100\/100\n|move|p1b: Whimsicott|Moonblast|p2b: Ursaluna\n|-damage|p2b: Ursaluna|81\/100\n|-unboost|p2b: Ursaluna|spa|1\n|move|p2a: Milotic|Hypnosis|p1b: Whimsicott\n|-status|p1b: Whimsicott|slp|[from] move: Hypnosis\n|move|p2b: Ursaluna|Blood Moon|p1a: Gholdengo\n|-resisted|p1a: Gholdengo\n|-damage|p1a: Gholdengo|70\/100\n|\n|upkeep\n|turn|2\n|\n|t:|1731586528\n|-terastallize|p1a: Gholdengo|Steel\n|cant|p1b: Whimsicott|slp\n|move|p1a: Gholdengo|Make It Rain|p2b: Ursaluna|[spread] p2a,p2b\n|-resisted|p2a: Milotic\n|-crit|p2a: Milotic\n|-damage|p2a: Milotic|56\/100\n|-damage|p2b: Ursaluna|17\/100\n|-unboost|p1a: Gholdengo|spa|1\n|move|p2a: Milotic|Life Dew|p2a: Milotic|[spread] p2a,p2b\n|-heal|p2a: Milotic|81\/100\n|-heal|p2b: Ursaluna|42\/100\n|move|p2b: Ursaluna|Earth Power|p1a: Gholdengo\n|-supereffective|p1a: Gholdengo\n|-damage|p1a: Gholdengo|0 fnt\n|faint|p1a: Gholdengo\n|\n|upkeep\n|\n|t:|1731586542\n|switch|p1a: Ursaluna|Ursaluna-Bloodmoon, L50, M|100\/100\n|turn|3\n|\n|t:|1731586558\n|-curestatus|p1b: Whimsicott|slp|[msg]\n|move|p1b: Whimsicott|Encore|p2a: Milotic\n|-start|p2a: Milotic|Encore\n|move|p2a: Milotic|Life Dew|p2a: Milotic|[spread] p2a,p2b\n|-heal|p2a: Milotic|100\/100\n|-heal|p2b: Ursaluna|67\/100\n|move|p1a: Ursaluna|Hyper Voice|p2b: Ursaluna|[spread] p2a,p2b\n|-damage|p2a: Milotic|75\/100\n|-damage|p2b: Ursaluna|39\/100\n|move|p2b: Ursaluna|Blood Moon|p1a: Ursaluna\n|-damage|p1a: Ursaluna|58\/100\n|\n|upkeep\n|turn|4\n|\n|t:|1731586582\n|switch|p2a: Ninetales|Ninetales-Alola, L50, F, shiny|100\/100\n|-weather|Snow|[from] ability: Snow Warning|[of] p2a: Ninetales\n|move|p1b: Whimsicott|Fake Tears|p2b: Ursaluna\n|-unboost|p2b: Ursaluna|spd|2\n|move|p2b: Ursaluna|Vacuum Wave|p1a: Ursaluna\n|-supereffective|p1a: Ursaluna\n|-damage|p1a: Ursaluna|40\/100\n|move|p1a: Ursaluna|Hyper Voice|p2b: Ursaluna|[spread] p2a,p2b\n|-damage|p2a: Ninetales|55\/100\n|-damage|p2b: Ursaluna|0 fnt\n|faint|p2b: Ursaluna\n|\n|-weather|Snow|[upkeep]\n|upkeep\n|\n|t:|1731586588\n|switch|p2b: Milotic|Milotic, L50, M, shiny|75\/100\n|turn|5\n|inactive|judevgc has 30 seconds left.\n|\n|t:|1731586615\n|move|p1b: Whimsicott|Tailwind|p1b: Whimsicott\n|-sidestart|p1: judevgc|move: Tailwind\n|move|p1a: Ursaluna|Blood Moon|p2a: Ninetales\n|-damage|p2a: Ninetales|0 fnt\n|faint|p2a: Ninetales\n|move|p2b: Milotic|Muddy Water|p1a: Ursaluna|[spread] p1a,p1b\n|-supereffective|p1a: Ursaluna\n|-resisted|p1b: Whimsicott\n|-damage|p1a: Ursaluna|0 fnt\n|-damage|p1b: Whimsicott|87\/100\n|faint|p1a: Ursaluna\n|\n|-weather|Snow|[upkeep]\n|upkeep\n|\n|t:|1731586622\n|switch|p2a: Annihilape|Annihilape, L50, M, shiny|100\/100\n|switch|p1a: Hydreigon|Hydreigon, L50, M|100\/100\n|turn|6\n|\n|t:|1731586641\n|-terastallize|p2a: Annihilape|Electric\n|move|p1b: Whimsicott|Fake Tears|p2a: Annihilape\n|-unboost|p2a: Annihilape|spd|2\n|-ability|p2a: Annihilape|Defiant|boost\n|-boost|p2a: Annihilape|atk|2\n|move|p1a: Hydreigon|Draco Meteor|p2a: Annihilape\n|-damage|p2a: Annihilape|0 fnt\n|-unboost|p1a: Hydreigon|spa|2\n|faint|p2a: Annihilape\n|move|p2b: Milotic|Hypnosis|p1b: Whimsicott\n|-status|p1b: Whimsicott|slp|[from] move: Hypnosis\n|\n|-weather|Snow|[upkeep]\n|upkeep\n|turn|7\n|\n|t:|1731586657\n|cant|p1b: Whimsicott|slp\n|move|p1a: Hydreigon|Draco Meteor|p2b: Milotic\n|-damage|p2b: Milotic|53\/100\n|-unboost|p1a: Hydreigon|spa|2\n|move|p2b: Milotic|Coil|p2b: Milotic\n|-boost|p2b: Milotic|atk|1\n|-boost|p2b: Milotic|def|1\n|-boost|p2b: Milotic|accuracy|1\n|\n|-weather|Snow|[upkeep]\n|upkeep\n|turn|8\n|\n|t:|1731586666\n|cant|p1b: Whimsicott|slp\n|move|p1a: Hydreigon|Draco Meteor|p2b: Milotic\n|-damage|p2b: Milotic|37\/100\n|-unboost|p1a: Hydreigon|spa|2\n|-enditem|p2b: Milotic|Sitrus Berry|[eat]\n|-heal|p2b: Milotic|62\/100|[from] item: Sitrus Berry\n|move|p2b: Milotic|Muddy Water|p1a: Hydreigon|[spread] p1a,p1b\n|-resisted|p1a: Hydreigon\n|-resisted|p1b: Whimsicott\n|-damage|p1a: Hydreigon|88\/100\n|-damage|p1b: Whimsicott|73\/100 slp\n|\n|-weather|none\n|-sideend|p1: judevgc|move: Tailwind\n|upkeep\n|turn|9\n|\n|t:|1731586677\n|cant|p1b: Whimsicott|slp\n|move|p1a: Hydreigon|Draco Meteor|p2b: Milotic\n|-damage|p2b: Milotic|52\/100\n|move|p2b: Milotic|Muddy Water|p1b: Whimsicott|[spread] p1a,p1b\n|-resisted|p1a: Hydreigon\n|-resisted|p1b: Whimsicott\n|-damage|p1a: Hydreigon|75\/100\n|-damage|p1b: Whimsicott|59\/100 slp\n|-unboost|p1a: Hydreigon|accuracy|1\n|\n|upkeep\n|turn|10\n|\n|t:|1731586684\n|-curestatus|p1b: Whimsicott|slp|[msg]\n|move|p1b: Whimsicott|Encore|p2b: Milotic\n|-start|p2b: Milotic|Encore\n|move|p1a: Hydreigon|Draco Meteor|p2b: Milotic|[miss]\n|-miss|p1a: Hydreigon|p2b: Milotic\n|move|p2b: Milotic|Muddy Water|p1a: Hydreigon|[spread] p1a,p1b\n|-resisted|p1a: Hydreigon\n|-resisted|p1b: Whimsicott\n|-damage|p1a: Hydreigon|63\/100\n|-damage|p1b: Whimsicott|46\/100\n|-unboost|p1a: Hydreigon|accuracy|1\n|\n|upkeep\n|turn|11\n|\n|t:|1731586690\n|move|p1a: Hydreigon|Draco Meteor|p2b: Milotic\n|-damage|p2b: Milotic|41\/100\n|move|p1b: Whimsicott|Moonblast|p2b: Milotic\n|-damage|p2b: Milotic|22\/100\n|-unboost|p2b: Milotic|spa|1\n|-ability|p2b: Milotic|Competitive|boost\n|-boost|p2b: Milotic|spa|2\n|move|p2b: Milotic|Muddy Water|p1a: Hydreigon|[spread] p1a,p1b\n|-resisted|p1a: Hydreigon\n|-resisted|p1b: Whimsicott\n|-damage|p1a: Hydreigon|43\/100\n|-damage|p1b: Whimsicott|26\/100\n|\n|upkeep\n|turn|12\n|\n|t:|1731586699\n|move|p1b: Whimsicott|Fake Tears|p2b: Milotic\n|-unboost|p2b: Milotic|spd|2\n|-ability|p2b: Milotic|Competitive|boost\n|-boost|p2b: Milotic|spa|2\n|move|p1a: Hydreigon|Draco Meteor|p2b: Milotic|[miss]\n|-miss|p1a: Hydreigon|p2b: Milotic\n|move|p2b: Milotic|Muddy Water|p1a: Hydreigon|[spread] p1a,p1b\n|-resisted|p1a: Hydreigon\n|-resisted|p1b: Whimsicott\n|-damage|p1a: Hydreigon|12\/100\n|-damage|p1b: Whimsicott|0 fnt\n|faint|p1b: Whimsicott\n|\n|-end|p2b: Milotic|Encore\n|upkeep\n|turn|13\n|\n|t:|1731586707\n|move|p1a: Hydreigon|Draco Meteor|p2b: Milotic|[miss]\n|-miss|p1a: Hydreigon|p2b: Milotic\n|move|p2b: Milotic|Muddy Water|p1a: Hydreigon\n|-resisted|p1a: Hydreigon\n|-damage|p1a: Hydreigon|0 fnt\n|faint|p1a: Hydreigon\n|\n|win|VGCLTH fangame10\n|raw|judevgc's rating: 1715 &rarr; <strong>1694<\/strong><br \/>(-21 for losing)\n|raw|VGCLTH fangame10's rating: 1703 &rarr; <strong>1724<\/strong><br \/>(+21 for winning)\n|l|\u2606VGCLTH fangame10\n|player|p2|\n|l|\u2606judevgc\n|player|p1|\n","uploadtime":1731586870,"views":28,"formatid":"gen9vgc2024regh","rating":1694,"private":0,"password":null}