{"id":"gen9vgc2024regh-2243915494","format":"[Gen 9] VGC 2024 Reg H","players":["VGCLTH Rishi","don't use magmar"],"log":"|raw|<div class=\"broadcast-blue\"><strong>This battle is required to be public due to a player having a name starting with 'vgclth'.<\/div>\n|j|\u2606VGCLTH Rishi\n|j|\u2606don't use magmar\n|t:|1731611324\n|gametype|doubles\n|player|p1|VGCLTH Rishi|shauntal|1838\n|player|p2|don't use magmar|lucas|1906\n|teamsize|p1|6\n|teamsize|p2|6\n|gen|9\n|tier|[Gen 9] VGC 2024 Reg H\n|rated|\n|rule|Species Clause: Limit one of each Pok\u00e9mon\n|rule|Item Clause: Limit 1 of each item\n|clearpoke\n|poke|p1|Kommo-o, L50, F|\n|poke|p1|Rillaboom, L50, F|\n|poke|p1|Tyranitar, L50, F|\n|poke|p1|Talonflame, L50, F|\n|poke|p1|Gholdengo, L50|\n|poke|p1|Milotic, L50, M|\n|poke|p2|Incineroar, L50, F|\n|poke|p2|Amoonguss, L50, M|\n|poke|p2|Gholdengo, L50|\n|poke|p2|Palafin, L50, F|\n|poke|p2|Dragapult, L50, F|\n|poke|p2|Garganacl, L50, F|\n|teampreview|4\n|j| vgclth chromate\n|j| volcaronavgc\n|inactive|Battle timer is ON: inactive players will automatically lose when time's up. (requested by don't use magmar)\n|\n|t:|1731611398\n|start\n|switch|p1a: Milotic|Milotic, L50, M|100\/100\n|switch|p1b: Gholdengo|Gholdengo, L50|100\/100\n|switch|p2a: Dragapult|Dragapult, L50, F|100\/100\n|switch|p2b: Gholdengo|Gholdengo, L50|100\/100\n|turn|1\n|inactive|VGCLTH Rishi has 30 seconds left.\n|\n|t:|1731611429\n|move|p2b: Gholdengo|Protect|p2b: Gholdengo\n|-singleturn|p2b: Gholdengo|Protect\n|move|p2a: Dragapult|Phantom Force||[still]\n|-prepare|p2a: Dragapult|Phantom Force\n|move|p1b: Gholdengo|Shadow Ball|p2a: Dragapult|[miss]\n|-miss|p1b: Gholdengo|p2a: Dragapult\n|move|p1a: Milotic|Scald|p2b: Gholdengo\n|-activate|p2b: Gholdengo|move: Protect\n|\n|upkeep\n|turn|2\n|\n|t:|1731611451\n|-terastallize|p1b: Gholdengo|Steel\n|move|p2a: Dragapult|Phantom Force|p1b: Gholdengo|[from]lockedmove\n|-damage|p1b: Gholdengo|20\/100\n|move|p1b: Gholdengo|Shadow Ball|p2a: Dragapult\n|-supereffective|p2a: Dragapult\n|-damage|p2a: Dragapult|0 fnt\n|faint|p2a: Dragapult\n|move|p2b: Gholdengo|Shadow Ball|p1b: Gholdengo\n|-damage|p1b: Gholdengo|0 fnt\n|faint|p1b: Gholdengo\n|-damage|p2b: Gholdengo|91\/100|[from] item: Life Orb\n|move|p1a: Milotic|Scald|p2b: Gholdengo\n|-damage|p2b: Gholdengo|47\/100\n|\n|upkeep\n|j| MinamiSimp\n|\n|t:|1731611464\n|switch|p2a: Amoonguss|Amoonguss, L50, M|100\/100\n|switch|p1b: Talonflame|Talonflame, L50, F|100\/100\n|turn|3\n|j| vgclth souly\n|j| mr pogostick\n|\n|t:|1731611484\n|move|p1b: Talonflame|Brave Bird|p2a: Amoonguss\n|-supereffective|p2a: Amoonguss\n|-damage|p2a: Amoonguss|45\/100\n|-enditem|p2a: Amoonguss|Sitrus Berry|[eat]\n|-heal|p2a: Amoonguss|70\/100|[from] item: Sitrus Berry\n|-damage|p1b: Talonflame|77\/100|[from] Recoil\n|move|p2b: Gholdengo|Shadow Ball|p1b: Talonflame\n|-damage|p1b: Talonflame|1\/100\n|-damage|p2b: Gholdengo|37\/100|[from] item: Life Orb\n|move|p1a: Milotic|Ice Beam|p2a: Amoonguss\n|-supereffective|p2a: Amoonguss\n|-damage|p2a: Amoonguss|22\/100\n|move|p2a: Amoonguss|Sludge Bomb|p1b: Talonflame\n|-damage|p1b: Talonflame|0 fnt\n|faint|p1b: Talonflame\n|\n|upkeep\n|\n|t:|1731611500\n|switch|p1b: Rillaboom|Rillaboom, L50, F, shiny|100\/100\n|-fieldstart|move: Grassy Terrain|[from] ability: Grassy Surge|[of] p1b: Rillaboom\n|turn|4\n|inactive|VGCLTH Rishi has 30 seconds left.\n|\n|t:|1731611529\n|switch|p2a: Garganacl|Garganacl, L50, F|100\/100\n|move|p2b: Gholdengo|Protect|p2b: Gholdengo\n|-singleturn|p2b: Gholdengo|Protect\n|move|p1b: Rillaboom|Protect|p1b: Rillaboom\n|-singleturn|p1b: Rillaboom|Protect\n|move|p1a: Milotic|Scald|p2b: Gholdengo\n|-activate|p2b: Gholdengo|move: Protect\n|\n|-heal|p2b: Gholdengo|43\/100|[from] Grassy Terrain\n|upkeep\n|turn|5\n|\n|t:|1731611550\n|-terastallize|p2a: Garganacl|Fairy\n|move|p2b: Gholdengo|Make It Rain|p1b: Rillaboom|[spread] p1a,p1b\n|-resisted|p1a: Milotic\n|-damage|p1a: Milotic|77\/100\n|-damage|p1b: Rillaboom|29\/100\n|-unboost|p2b: Gholdengo|spa|1\n|-damage|p2b: Gholdengo|33\/100|[from] item: Life Orb\n|move|p1b: Rillaboom|Wood Hammer|p2a: Garganacl\n|-damage|p2a: Garganacl|28\/100\n|-damage|p1b: Rillaboom|4\/100|[from] Recoil\n|move|p1a: Milotic|Scald|p2b: Gholdengo\n|-damage|p2b: Gholdengo|0 fnt\n|faint|p2b: Gholdengo\n|move|p2a: Garganacl|Salt Cure|p1a: Milotic\n|-damage|p1a: Milotic|64\/100\n|-start|p1a: Milotic|Salt Cure\n|\n|-heal|p1b: Rillaboom|10\/100|[from] Grassy Terrain\n|-heal|p1a: Milotic|70\/100|[from] Grassy Terrain\n|-heal|p2a: Garganacl|33\/100|[from] Grassy Terrain\n|-heal|p2a: Garganacl|39\/100|[from] item: Leftovers\n|-damage|p1a: Milotic|45\/100|[from] Salt Cure\n|upkeep\n|-enditem|p1a: Milotic|Sitrus Berry|[eat]\n|-heal|p1a: Milotic|70\/100|[from] item: Sitrus Berry\n|\n|t:|1731611558\n|switch|p2b: Amoonguss|Amoonguss, L50, M|55\/100\n|turn|6\n|\n|t:|1731611566\n|move|p1b: Rillaboom|Protect|p1b: Rillaboom\n|-singleturn|p1b: Rillaboom|Protect\n|move|p2a: Garganacl|Protect|p2a: Garganacl\n|-singleturn|p2a: Garganacl|Protect\n|move|p2b: Amoonguss|Protect|p2b: Amoonguss\n|-singleturn|p2b: Amoonguss|Protect\n|move|p1a: Milotic|Ice Beam|p2b: Amoonguss\n|-activate|p2b: Amoonguss|move: Protect\n|\n|-heal|p1b: Rillaboom|16\/100|[from] Grassy Terrain\n|-heal|p1a: Milotic|76\/100|[from] Grassy Terrain\n|-heal|p2a: Garganacl|45\/100|[from] Grassy Terrain\n|-heal|p2a: Garganacl|51\/100|[from] item: Leftovers\n|-heal|p2b: Amoonguss|61\/100|[from] Grassy Terrain\n|-damage|p1a: Milotic|51\/100|[from] Salt Cure\n|upkeep\n|turn|7\n|inactive|VGCLTH Rishi has 30 seconds left.\n|\n|t:|1731611596\n|move|p1b: Rillaboom|Wood Hammer|p2a: Garganacl\n|-damage|p2a: Garganacl|0 fnt\n|faint|p2a: Garganacl\n|-damage|p1b: Rillaboom|0 fnt|[from] Recoil\n|faint|p1b: Rillaboom\n|move|p1a: Milotic|Ice Beam|p2b: Amoonguss\n|-supereffective|p2b: Amoonguss\n|-damage|p2b: Amoonguss|16\/100\n|move|p2b: Amoonguss|Sludge Bomb|p1a: Milotic\n|-damage|p1a: Milotic|30\/100\n|\n|-heal|p1a: Milotic|36\/100|[from] Grassy Terrain\n|-heal|p2b: Amoonguss|22\/100|[from] Grassy Terrain\n|-damage|p1a: Milotic|11\/100|[from] Salt Cure\n|upkeep\n|turn|8\n|\n|t:|1731611608\n|move|p2b: Amoonguss|Protect|p2b: Amoonguss\n|-singleturn|p2b: Amoonguss|Protect\n|move|p1a: Milotic|Ice Beam|p2b: Amoonguss\n|-activate|p2b: Amoonguss|move: Protect\n|\n|-heal|p1a: Milotic|17\/100|[from] Grassy Terrain\n|-heal|p2b: Amoonguss|28\/100|[from] Grassy Terrain\n|-damage|p1a: Milotic|0 fnt|[from] Salt Cure\n|faint|p1a: Milotic\n|\n|win|don't use magmar\n|upkeep\n|raw|VGCLTH Rishi's rating: 1847 &rarr; <strong>1830<\/strong><br \/>(-17 for losing)\n|raw|don&apos;t use magmar's rating: 1906 &rarr; <strong>1923<\/strong><br \/>(+17 for winning)\n|l|\u2606VGCLTH Rishi\n|player|p1|\n|l| mr pogostick\n|l|\u2606don't use magmar\n|player|p2|\n|l| vgclth souly\n|l| vgclth chromate\n|l| MinamiSimp\n|j| MinamiSimp\n|l| MinamiSimp\n|j| vgclth elowyn\n|l| vgclth elowyn\n","uploadtime":1731611610,"views":153,"formatid":"gen9vgc2024regh","rating":1830,"private":0,"password":null}