{"id":"gen9vgc2024regh-2243308185","format":"[Gen 9] VGC 2024 Reg H","players":["VGCLTH MINAMISIMP","winterbreak"],"log":"|raw|<div class=\"broadcast-blue\"><strong>This battle is required to be public due to a player having a name starting with 'vgclth'.<\/div>\n|j|\u2606VGCLTH MINAMISIMP\n|j|\u2606winterbreak\n|t:|1731531826\n|gametype|doubles\n|player|p1|VGCLTH MINAMISIMP|miku-water|1810\n|player|p2|winterbreak|lucas-gen4pt|1790\n|teamsize|p1|6\n|teamsize|p2|6\n|gen|9\n|tier|[Gen 9] VGC 2024 Reg H\n|rated|\n|rule|Species Clause: Limit one of each Pok\u00e9mon\n|rule|Item Clause: Limit 1 of each item\n|clearpoke\n|poke|p1|Archaludon, L50, M|\n|poke|p1|Pelipper, L50, F|\n|poke|p1|Electabuzz, L50, F|\n|poke|p1|Kingambit, L50, F|\n|poke|p1|Rillaboom, L50, M|\n|poke|p1|Basculegion, L50, M|\n|poke|p2|Pelipper, L50, F|\n|poke|p2|Archaludon, L50, F|\n|poke|p2|Grimmsnarl, L50, M|\n|poke|p2|Gholdengo, L50|\n|poke|p2|Incineroar, L50, M|\n|poke|p2|Ursaluna-Bloodmoon, L50, M|\n|teampreview|4\n|inactive|Battle timer is ON: inactive players will automatically lose when time's up. (requested by VGCLTH MINAMISIMP)\n|inactive|winterbreak has 60 seconds left.\n|inactive|winterbreak has 30 seconds left.\n|\n|t:|1731531894\n|start\n|switch|p1a: Pelipper|Pelipper, L50, F|100\/100\n|switch|p1b: Archaludon|Archaludon, L50, M|100\/100\n|switch|p2a: Grimmsnarl|Grimmsnarl, L50, M|100\/100\n|switch|p2b: Ursaluna|Ursaluna-Bloodmoon, L50, M|100\/100\n|-weather|RainDance|[from] ability: Drizzle|[of] p1a: Pelipper\n|turn|1\n|inactive|winterbreak has 30 seconds left.\n|inactive|winterbreak has 20 seconds left.\n|inactive|winterbreak has 15 seconds left.\n|inactive|winterbreak has 10 seconds left.\n|\n|t:|1731531942\n|move|p2a: Grimmsnarl|Light Screen|p2a: Grimmsnarl\n|-sidestart|p2: winterbreak|move: Light Screen\n|move|p1a: Pelipper|Weather Ball|p2b: Ursaluna\n|-supereffective|p2b: Ursaluna\n|-enditem|p2b: Ursaluna|Focus Sash\n|-damage|p2b: Ursaluna|1\/100\n|move|p1b: Archaludon|Electro Shot||[still]\n|-prepare|p1b: Archaludon|Electro Shot\n|-boost|p1b: Archaludon|spa|1\n|-anim|p1b: Archaludon|Electro Shot|p2a: Grimmsnarl\n|-damage|p2a: Grimmsnarl|64\/100\n|move|p2b: Ursaluna|Earth Power|p1b: Archaludon\n|-supereffective|p1b: Archaludon\n|-damage|p1b: Archaludon|0 fnt\n|faint|p1b: Archaludon\n|\n|-weather|RainDance|[upkeep]\n|upkeep\n|j| UGCL\n|\n|t:|1731531957\n|switch|p1b: Basculegion|Basculegion, L50, M|100\/100\n|turn|2\n|\n|t:|1731531966\n|move|p2b: Ursaluna|Vacuum Wave|p1a: Pelipper\n|-resisted|p1a: Pelipper\n|-crit|p1a: Pelipper\n|-damage|p1a: Pelipper|80\/100\n|move|p2a: Grimmsnarl|Reflect|p2a: Grimmsnarl\n|-sidestart|p2: winterbreak|Reflect\n|move|p1b: Basculegion|Wave Crash|p2a: Grimmsnarl\n|-crit|p2a: Grimmsnarl\n|-damage|p2a: Grimmsnarl|0 fnt\n|faint|p2a: Grimmsnarl\n|-damage|p1b: Basculegion|79\/100|[from] Recoil\n|move|p1a: Pelipper|Weather Ball|p2b: Ursaluna\n|-supereffective|p2b: Ursaluna\n|-damage|p2b: Ursaluna|0 fnt\n|faint|p2b: Ursaluna\n|\n|-weather|RainDance|[upkeep]\n|upkeep\n|\n|t:|1731531982\n|switch|p2b: Archaludon|Archaludon, L50, F|100\/100\n|switch|p2a: Pelipper|Pelipper, L50, F|100\/100\n|turn|3\n|inactive|winterbreak has 30 seconds left.\n|inactive|winterbreak has 20 seconds left.\n|inactive|winterbreak has 15 seconds left.\n|inactive|winterbreak has 10 seconds left.\n|\n|t:|1731532029\n|switch|p1b: Rillaboom|Rillaboom, L50, M|100\/100\n|-fieldstart|move: Grassy Terrain|[from] ability: Grassy Surge|[of] p1b: Rillaboom\n|move|p2a: Pelipper|Hurricane|p1b: Rillaboom\n|-supereffective|p1b: Rillaboom\n|-damage|p1b: Rillaboom|27\/100\n|move|p2b: Archaludon|Electro Shot||[still]\n|-prepare|p2b: Archaludon|Electro Shot\n|-boost|p2b: Archaludon|spa|1\n|-anim|p2b: Archaludon|Electro Shot|p1a: Pelipper\n|-supereffective|p1a: Pelipper\n|-damage|p1a: Pelipper|0 fnt\n|faint|p1a: Pelipper\n|\n|-weather|RainDance|[upkeep]\n|-heal|p1b: Rillaboom|33\/100|[from] Grassy Terrain\n|upkeep\n|\n|t:|1731532034\n|switch|p1a: Basculegion|Basculegion, L50, M|79\/100\n|turn|4\n|inactive|winterbreak has 30 seconds left.\n|\n|t:|1731532063\n|-terastallize|p1a: Basculegion|Grass\n|move|p1b: Rillaboom|Fake Out|p2a: Pelipper\n|-damage|p2a: Pelipper|86\/100\n|move|p1a: Basculegion|Last Respects|p2b: Archaludon\n|-damage|p2b: Archaludon|48\/100\n|-ability|p2b: Archaludon|Stamina|boost\n|-boost|p2b: Archaludon|def|1\n|cant|p2a: Pelipper|flinch\n|move|p2b: Archaludon|Electro Shot||[still]\n|-prepare|p2b: Archaludon|Electro Shot\n|-boost|p2b: Archaludon|spa|1\n|-anim|p2b: Archaludon|Electro Shot|p1a: Basculegion\n|-resisted|p1a: Basculegion\n|-damage|p1a: Basculegion|34\/100\n|\n|-weather|RainDance|[upkeep]\n|-heal|p1a: Basculegion|40\/100|[from] Grassy Terrain\n|-heal|p2b: Archaludon|54\/100|[from] Grassy Terrain\n|-heal|p1b: Rillaboom|39\/100|[from] Grassy Terrain\n|upkeep\n|turn|5\n|inactive|VGCLTH MINAMISIMP has 30 seconds left.\n|inactive|winterbreak has 30 seconds left.\n|inactive|winterbreak has 20 seconds left.\n|inactive|winterbreak has 15 seconds left.\n|inactive|VGCLTH MINAMISIMP has 20 seconds left.\n|\n|t:|1731532109\n|move|p1a: Basculegion|Last Respects|p2b: Archaludon\n|-damage|p2b: Archaludon|16\/100\n|-ability|p2b: Archaludon|Stamina|boost\n|-boost|p2b: Archaludon|def|1\n|move|p2a: Pelipper|Hurricane|p1a: Basculegion\n|-supereffective|p1a: Basculegion\n|-damage|p1a: Basculegion|0 fnt\n|faint|p1a: Basculegion\n|move|p2b: Archaludon|Flash Cannon|p1b: Rillaboom\n|-damage|p1b: Rillaboom|0 fnt\n|faint|p1b: Rillaboom\n|\n|win|winterbreak\n|raw|VGCLTH MINAMISIMP's rating: 1810 &rarr; <strong>1789<\/strong><br \/>(-21 for losing)\n|raw|winterbreak's rating: 1790 &rarr; <strong>1811<\/strong><br \/>(+21 for winning)\n|c|\u2606VGCLTH MINAMISIMP|gg\n|l|\u2606VGCLTH MINAMISIMP\n|player|p1|\n|c|\u2606winterbreak|gg\n|l|\u2606winterbreak\n|player|p2|\n|j| VGCLTH John Pork\n|l| VGCLTH John Pork\n","uploadtime":1731532315,"views":24,"formatid":"gen9vgc2024regh","rating":1789,"private":0,"password":null}