{"id":"gen9vgc2024regh-2243127168","format":"[Gen 9] VGC 2024 Reg H","players":["VGCLTH Thacrow","HMUftao"],"log":"|raw|<div class=\"broadcast-blue\"><strong>This battle is required to be public due to a player having a name starting with 'vgclth'.<\/div>\n|j|\u2606VGCLTH Thacrow\n|j|\u2606HMUftao\n|t:|1731514470\n|gametype|doubles\n|player|p1|VGCLTH Thacrow|wallace-masters|1824\n|player|p2|HMUftao|265|1735\n|teamsize|p1|6\n|teamsize|p2|6\n|gen|9\n|tier|[Gen 9] VGC 2024 Reg H\n|rated|\n|rule|Species Clause: Limit one of each Pok\u00e9mon\n|rule|Item Clause: Limit 1 of each item\n|clearpoke\n|poke|p1|Ceruledge, L50, M|\n|poke|p1|Gastrodon-East, L50, M|\n|poke|p1|Sneasler, L50, F|\n|poke|p1|Dragonite, L50, M|\n|poke|p1|Rillaboom, L50, F|\n|poke|p1|Kingambit, L50, M|\n|poke|p2|Archaludon, L50, M|\n|poke|p2|Garchomp, L50, M|\n|poke|p2|Pelipper, L50, M|\n|poke|p2|Rillaboom, L50, M|\n|poke|p2|Gholdengo, L50|\n|poke|p2|Incineroar, L50, M|\n|teampreview|4\n|inactive|Battle timer is ON: inactive players will automatically lose when time's up. (requested by HMUftao)\nVGCLTH Thacrow has agreed to open team sheets.\n|inactive|HMUftao has 60 seconds left.\nHMUftao rejected open team sheets.\n|\n|t:|1731514527\n|start\n|switch|p1a: Kidturtle|Sneasler, L50, F, shiny|100\/100\n|switch|p1b: Godlyreal|Kingambit, L50, M|100\/100\n|switch|p2a: Gholdengo|Gholdengo, L50|100\/100\n|switch|p2b: Garchomp|Garchomp, L50, M|100\/100\n|turn|1\n|inactive|HMUftao has 30 seconds left.\n|\n|t:|1731514553\n|-terastallize|p2a: Gholdengo|Water\n|-terastallize|p1b: Godlyreal|Flying\n|move|p2b: Garchomp|Protect|p2b: Garchomp\n|-singleturn|p2b: Garchomp|Protect\n|move|p1a: Kidturtle|Coaching|p1b: Godlyreal\n|-boost|p1b: Godlyreal|atk|1\n|-boost|p1b: Godlyreal|def|1\n|move|p2a: Gholdengo|Make It Rain|p1b: Godlyreal|[spread] p1a,p1b\n|-crit|p1b: Godlyreal\n|-damage|p1a: Kidturtle|26\/100\n|-damage|p1b: Godlyreal|44\/100\n|-unboost|p2a: Gholdengo|spa|1\n|move|p1b: Godlyreal|Kowtow Cleave|p2b: Garchomp\n|-activate|p2b: Garchomp|move: Protect\n|\n|upkeep\n|turn|2\n|\n|t:|1731514574\n|move|p1a: Kidturtle|Close Combat|p2b: Garchomp\n|-damage|p2b: Garchomp|35\/100\n|-unboost|p1a: Kidturtle|def|1\n|-unboost|p1a: Kidturtle|spd|1\n|-damage|p1a: Kidturtle|14\/100|[from] ability: Rough Skin|[of] p2b: Garchomp\n|move|p2b: Garchomp|Dragon Claw|p1b: Godlyreal\n|-damage|p1b: Godlyreal|16\/100\n|-damage|p2b: Garchomp|25\/100|[from] item: Life Orb\n|move|p2a: Gholdengo|Make It Rain|p1b: Godlyreal|[spread] p1a,p1b\n|-damage|p1a: Kidturtle|0 fnt\n|-damage|p1b: Godlyreal|0 fnt\n|-unboost|p2a: Gholdengo|spa|1\n|faint|p1a: Kidturtle\n|faint|p1b: Godlyreal\n|\n|upkeep\n|j| elonmasksex\n|\n|t:|1731514579\n|switch|p1a: AdlrichYan|Rillaboom, L50, F|100\/100\n|switch|p1b: Joe Dog|Gastrodon-East, L50, M|100\/100\n|-fieldstart|move: Grassy Terrain|[from] ability: Grassy Surge|[of] p1a: AdlrichYan\n|turn|3\n|\n|t:|1731514598\n|switch|p2a: Incineroar|Incineroar, L50, M|100\/100\n|-ability|p2a: Incineroar|Intimidate|boost\n|-unboost|p1a: AdlrichYan|atk|1\n|-unboost|p1b: Joe Dog|atk|1\n|move|p2b: Garchomp|Protect|p2b: Garchomp\n|-singleturn|p2b: Garchomp|Protect\n|move|p1a: AdlrichYan|Grassy Glide|p2b: Garchomp\n|-activate|p2b: Garchomp|move: Protect\n|move|p1b: Joe Dog|Earth Power|p2a: Incineroar\n|-supereffective|p2a: Incineroar\n|-damage|p2a: Incineroar|49\/100\n|-enditem|p2a: Incineroar|Sitrus Berry|[eat]\n|-heal|p2a: Incineroar|74\/100|[from] item: Sitrus Berry\n|\n|-heal|p2b: Garchomp|31\/100|[from] Grassy Terrain\n|-heal|p2a: Incineroar|80\/100|[from] Grassy Terrain\n|upkeep\n|turn|4\n|\n|t:|1731514618\n|move|p2a: Incineroar|Fake Out|p1a: AdlrichYan\n|-damage|p1a: AdlrichYan|90\/100\n|cant|p1a: AdlrichYan|flinch\n|move|p2b: Garchomp|Dragon Claw|p1a: AdlrichYan\n|-damage|p1a: AdlrichYan|28\/100\n|-damage|p2b: Garchomp|21\/100|[from] item: Life Orb\n|move|p1b: Joe Dog|Earth Power|p2a: Incineroar\n|-supereffective|p2a: Incineroar\n|-damage|p2a: Incineroar|26\/100\n|\n|-heal|p2b: Garchomp|27\/100|[from] Grassy Terrain\n|-heal|p1a: AdlrichYan|34\/100|[from] Grassy Terrain\n|-heal|p2a: Incineroar|32\/100|[from] Grassy Terrain\n|upkeep\n|turn|5\n|\n|t:|1731514635\n|move|p2b: Garchomp|Dragon Claw|p1a: AdlrichYan\n|-damage|p1a: AdlrichYan|0 fnt\n|faint|p1a: AdlrichYan\n|-damage|p2b: Garchomp|17\/100|[from] item: Life Orb\n|move|p2a: Incineroar|Flare Blitz|p1b: Joe Dog\n|-resisted|p1b: Joe Dog\n|-damage|p1b: Joe Dog|78\/100\n|-damage|p2a: Incineroar|24\/100|[from] Recoil\n|move|p1b: Joe Dog|Ice Beam|p2b: Garchomp\n|-supereffective|p2b: Garchomp\n|-damage|p2b: Garchomp|0 fnt\n|faint|p2b: Garchomp\n|\n|-heal|p2a: Incineroar|30\/100|[from] Grassy Terrain\n|-heal|p1b: Joe Dog|84\/100|[from] Grassy Terrain\n|upkeep\n|-message|VGCLTH Thacrow forfeited.\n|\n|win|HMUftao\n|raw|VGCLTH Thacrow's rating: 1824 &rarr; <strong>1798<\/strong><br \/>(-26 for losing)\n|raw|HMUftao's rating: 1717 &rarr; <strong>1743<\/strong><br \/>(+26 for winning)\n|l|\u2606VGCLTH Thacrow\n|player|p1|\n|l|\u2606HMUftao\n|player|p2|\n","uploadtime":1731514788,"views":21,"formatid":"gen9vgc2024regh","rating":1743,"private":0,"password":null}