{"id":"gen9vgc2024regh-2243118440","format":"[Gen 9] VGC 2024 Reg H","players":["VGCLTH Thacrow","Zordor"],"log":"|j|\u2606VGCLTH Thacrow\n|j|\u2606Zordor\n|t:|1731513610\n|gametype|doubles\n|player|p1|VGCLTH Thacrow|wallace-masters|1835\n|player|p2|Zordor|pilot|1830\n|teamsize|p1|6\n|teamsize|p2|6\n|gen|9\n|tier|[Gen 9] VGC 2024 Reg H\n|rated|\n|rule|Species Clause: Limit one of each Pok\u00e9mon\n|rule|Item Clause: Limit 1 of each item\n|clearpoke\n|poke|p1|Ceruledge, L50, M|\n|poke|p1|Gastrodon-East, L50, M|\n|poke|p1|Sneasler, L50, F|\n|poke|p1|Dragonite, L50, F|\n|poke|p1|Rillaboom, L50, M|\n|poke|p1|Kingambit, L50, M|\n|poke|p2|Rotom-Wash, L50|\n|poke|p2|Sneasler, L50, M|\n|poke|p2|Kingambit, L50, F|\n|poke|p2|Armarouge, L50, M|\n|poke|p2|Dragapult, L50, M|\n|poke|p2|Venusaur, L50, M|\n|teampreview|4\nVGCLTH Thacrow has agreed to open team sheets.\n|j| VGCLTH 2thyfor\n|\n|t:|1731513676\n|start\n|switch|p1a: Kidturtle|Sneasler, L50, F, shiny|100\/100\n|switch|p1b: Main Flutter|Dragonite, L50, F, shiny|100\/100\n|switch|p2a: Sneasler|Sneasler, L50, M|100\/100\n|switch|p2b: Rotom|Rotom-Wash, L50|100\/100\n|turn|1\n|\n|t:|1731513688\n|move|p1a: Kidturtle|Fake Out|p2b: Rotom\n|-damage|p2b: Rotom|85\/100\n|move|p2a: Sneasler|Dire Claw|p1a: Kidturtle\n|-resisted|p1a: Kidturtle\n|-damage|p1a: Kidturtle|69\/100\n|-status|p1a: Kidturtle|slp\n|cant|p2b: Rotom|flinch\n|move|p1b: Main Flutter|Scale Shot|p2a: Sneasler\n|-damage|p2a: Sneasler|77\/100\n|-damage|p2a: Sneasler|55\/100\n|-damage|p2a: Sneasler|34\/100\n|-damage|p2a: Sneasler|12\/100\n|-damage|p2a: Sneasler|0 fnt\n|faint|p2a: Sneasler\n|-hitcount|p2: Sneasler|5\n|-unboost|p1b: Main Flutter|def|1\n|-boost|p1b: Main Flutter|spe|1\n|\n|upkeep\n|\n|t:|1731513711\n|switch|p2a: Armarouge|Armarouge, L50, M|100\/100\n|turn|2\n|\n|t:|1731513726\n|switch|p1b: Christian|Ceruledge, L50, M|100\/100\n|cant|p1a: Kidturtle|slp\n|move|p2b: Rotom|Will-O-Wisp|p1b: Christian\n|-start|p1b: Christian|ability: Flash Fire\n|move|p2a: Armarouge|Psychic|p1a: Kidturtle\n|-supereffective|p1a: Kidturtle\n|-damage|p1a: Kidturtle|0 fnt\n|faint|p1a: Kidturtle\n|\n|upkeep\n|\n|t:|1731513731\n|switch|p1a: Main Flutter|Dragonite, L50, F, shiny|100\/100\n|turn|3\n|j| MinamiSimp\n|\n|t:|1731513745\n|-terastallize|p2a: Armarouge|Dark\n|move|p1b: Christian|Protect|p1b: Christian\n|-singleturn|p1b: Christian|Protect\n|move|p2b: Rotom|Will-O-Wisp|p1a: Main Flutter\n|-status|p1a: Main Flutter|brn\n|move|p1a: Main Flutter|Scale Shot|p2b: Rotom\n|-crit|p2b: Rotom\n|-damage|p2b: Rotom|73\/100\n|-damage|p2b: Rotom|65\/100\n|-damage|p2b: Rotom|57\/100\n|-damage|p2b: Rotom|49\/100\n|-damage|p2b: Rotom|41\/100\n|-hitcount|p2b: Rotom|5\n|-unboost|p1a: Main Flutter|def|1\n|-boost|p1a: Main Flutter|spe|1\n|move|p2a: Armarouge|Psychic|p1b: Christian\n|-activate|p1b: Christian|move: Protect\n|\n|-damage|p1a: Main Flutter|95\/100 brn|[from] brn\n|upkeep\n|turn|4\n|\n|t:|1731513761\n|move|p1a: Main Flutter|Scale Shot|p2b: Rotom\n|-damage|p2b: Rotom|33\/100\n|-damage|p2b: Rotom|25\/100\n|-enditem|p2b: Rotom|Wiki Berry|[eat]\n|-heal|p2b: Rotom|58\/100|[from] item: Wiki Berry\n|-damage|p2b: Rotom|50\/100\n|-crit|p2b: Rotom\n|-damage|p2b: Rotom|37\/100\n|-damage|p2b: Rotom|29\/100\n|-hitcount|p2b: Rotom|5\n|-unboost|p1a: Main Flutter|def|1\n|-boost|p1a: Main Flutter|spe|1\n|move|p2b: Rotom|Hydro Pump|p1b: Christian|[miss]\n|-miss|p2b: Rotom|p1b: Christian\n|move|p2a: Armarouge|Psychic|p1b: Christian\n|-damage|p1b: Christian|61\/100\n|move|p1b: Christian|Bulk Up|p1b: Christian\n|-boost|p1b: Christian|atk|1\n|-boost|p1b: Christian|def|1\n|\n|-heal|p1b: Christian|67\/100|[from] item: Leftovers\n|-damage|p1a: Main Flutter|89\/100 brn|[from] brn\n|upkeep\n|turn|5\n|\n|t:|1731513784\n|move|p2b: Rotom|Protect|p2b: Rotom\n|-singleturn|p2b: Rotom|Protect\n|move|p1b: Christian|Protect|p1b: Christian\n|-singleturn|p1b: Christian|Protect\n|move|p1a: Main Flutter|Scale Shot|p2a: Armarouge\n|-damage|p2a: Armarouge|94\/100\n|-damage|p2a: Armarouge|87\/100\n|-damage|p2a: Armarouge|81\/100\n|-damage|p2a: Armarouge|74\/100\n|-hitcount|p2a: Armarouge|4\n|-unboost|p1a: Main Flutter|def|1\n|-boost|p1a: Main Flutter|spe|1\n|move|p2a: Armarouge|Psychic|p1a: Main Flutter\n|-damage|p1a: Main Flutter|42\/100 brn\n|\n|-heal|p1b: Christian|73\/100|[from] item: Leftovers\n|-damage|p1a: Main Flutter|36\/100 brn|[from] brn\n|upkeep\n|turn|6\n|\n|t:|1731513799\n|move|p1b: Christian|Shadow Sneak|p2b: Rotom\n|-damage|p2b: Rotom|0 fnt\n|faint|p2b: Rotom\n|move|p1a: Main Flutter|Scale Shot|p2a: Armarouge|[miss]\n|-miss|p1a: Main Flutter|p2a: Armarouge\n|move|p2a: Armarouge|Psychic|p1b: Christian\n|-damage|p1b: Christian|33\/100\n|-unboost|p1b: Christian|spd|1\n|\n|-heal|p1b: Christian|39\/100|[from] item: Leftovers\n|-damage|p1a: Main Flutter|31\/100 brn|[from] brn\n|upkeep\n|\n|t:|1731513809\n|switch|p2b: Venusaur|Venusaur, L50, M|100\/100\n|turn|7\n|\n|t:|1731513832\n|-terastallize|p1b: Christian|Grass\n|move|p1a: Main Flutter|Scale Shot|p2a: Armarouge\n|-crit|p2a: Armarouge\n|-damage|p2a: Armarouge|62\/100\n|-damage|p2a: Armarouge|56\/100\n|-crit|p2a: Armarouge\n|-damage|p2a: Armarouge|45\/100\n|-damage|p2a: Armarouge|38\/100\n|-hitcount|p2a: Armarouge|4\n|-unboost|p1a: Main Flutter|def|1\n|-boost|p1a: Main Flutter|spe|1\n|move|p2b: Venusaur|Sludge Bomb|p1a: Main Flutter\n|-damage|p1a: Main Flutter|0 fnt\n|faint|p1a: Main Flutter\n|move|p2a: Armarouge|Psychic|p1b: Christian\n|-damage|p1b: Christian|0 fnt\n|faint|p1b: Christian\n|\n|upkeep\n|\n|t:|1731513842\n|switch|p1b: Godlyreal|Kingambit, L50, M|100\/100\n|turn|8\n|\n|t:|1731513852\n|move|p2b: Venusaur|Earth Power|p1b: Godlyreal\n|-supereffective|p1b: Godlyreal\n|-damage|p1b: Godlyreal|63\/100\n|move|p2a: Armarouge|Aura Sphere|p1b: Godlyreal\n|-supereffective|p1b: Godlyreal\n|-damage|p1b: Godlyreal|0 fnt\n|faint|p1b: Godlyreal\n|\n|win|Zordor\n|raw|VGCLTH Thacrow's rating: 1835 &rarr; <strong>1815<\/strong><br \/>(-20 for losing)\n|raw|Zordor's rating: 1830 &rarr; <strong>1850<\/strong><br \/>(+20 for winning)\n|l|\u2606VGCLTH Thacrow\n|player|p1|\n|l| MinamiSimp\n|j| VGCLTH John Pork\n|l| VGCLTH John Pork\n|j| VGCLTH John Pork\n|l| VGCLTH John Pork\n","uploadtime":1731513872,"views":70,"formatid":"gen9vgc2024regh","rating":1815,"private":0,"password":null}