{"id":"gen9vgc2024regh-2243028621","format":"[Gen 9] VGC 2024 Reg H","players":["HarshEuroBarge","K2G2"],"log":"|j|\u2606HarshEuroBarge\n|j|\u2606K2G2\n|t:|1731504006\n|gametype|doubles\n|player|p1|HarshEuroBarge|265|1708\n|player|p2|K2G2|265|1780\n|teamsize|p1|6\n|teamsize|p2|6\n|gen|9\n|tier|[Gen 9] VGC 2024 Reg H\n|rated|\n|rule|Species Clause: Limit one of each Pok\u00e9mon\n|rule|Item Clause: Limit 1 of each item\n|clearpoke\n|poke|p1|Smeargle, L50, M|\n|poke|p1|Primeape, L50, M|\n|poke|p1|Rillaboom, L50, M|\n|poke|p1|Indeedee-F, L50, F|\n|poke|p1|Whimsicott, L50, F|\n|poke|p1|Krookodile, L50, M|\n|poke|p2|Dragapult, L50, F|\n|poke|p2|Sneasler, L50, F|\n|poke|p2|Kingambit, L50, M|\n|poke|p2|Rillaboom, L50, M|\n|poke|p2|Primarina, L50, M|\n|poke|p2|Magmar, L50, M|\n|teampreview|4\n|\n|t:|1731504116\n|start\n|switch|p1a: Smeargle|Smeargle, L50, M|100\/100\n|switch|p1b: Indeedee|Indeedee-F, L50, F|100\/100\n|switch|p2a: Primarina|Primarina, L50, M|100\/100\n|switch|p2b: Sneasler|Sneasler, L50, F|100\/100\n|-fieldstart|move: Psychic Terrain|[from] ability: Psychic Surge|[of] p1b: Indeedee\n|turn|1\n|\n|t:|1731504140\n|switch|p2a: Rillaboom|Rillaboom, L50, M|100\/100\n|-fieldstart|move: Grassy Terrain|[from] ability: Grassy Surge|[of] p2a: Rillaboom\n|move|p1a: Smeargle|Spiky Shield|p1a: Smeargle\n|-singleturn|p1a: Smeargle|move: Protect\n|move|p2b: Sneasler|Fake Out|p1a: Smeargle\n|-activate|p1a: Smeargle|move: Protect\n|-damage|p2b: Sneasler|88\/100|[from] Spiky Shield|[of] p1a: Smeargle\n|move|p1b: Indeedee|Psychic|p2b: Sneasler\n|-supereffective|p2b: Sneasler\n|-damage|p2b: Sneasler|0 fnt\n|faint|p2b: Sneasler\n|\n|-ability|p1a: Smeargle|Moody|boost\n|-boost|p1a: Smeargle|atk|2\n|-unboost|p1a: Smeargle|spa|1\n|upkeep\n|\n|t:|1731504158\n|switch|p2b: Dragapult|Dragapult, L50, F|100\/100\n|turn|2\n|\n|t:|1731504181\n|switch|p1a: Whimsicott|Whimsicott, L50, F|100\/100\n|move|p2b: Dragapult|U-turn|p1a: Whimsicott\n|-damage|p1a: Whimsicott|69\/100\n|-damage|p2b: Dragapult|84\/100|[from] item: Rocky Helmet|[of] p1a: Whimsicott\n|\n|t:|1731504188\n|switch|p2b: Primarina|Primarina, L50, M|100\/100|[from] U-turn\n|move|p1b: Indeedee|Skill Swap|p2a: Rillaboom\n|-activate|p1b: Indeedee|move: Skill Swap|Grassy Surge|Psychic Surge|[of] p2a: Rillaboom\n|-fieldstart|move: Psychic Terrain|[from] ability: Psychic Surge|[of] p2a: Rillaboom\n|move|p2a: Rillaboom|Wood Hammer|p1b: Indeedee\n|-damage|p1b: Indeedee|0 fnt\n|faint|p1b: Indeedee\n|-damage|p2a: Rillaboom|76\/100|[from] Recoil\n|\n|upkeep\n|\n|t:|1731504208\n|switch|p1b: Smeargle|Smeargle, L50, M|100\/100\n|turn|3\n|\n|t:|1731504226\n|switch|p2a: Dragapult|Dragapult, L50, F|84\/100\n|-terastallize|p2b: Primarina|Poison\n|move|p1b: Smeargle|Spiky Shield|p1b: Smeargle\n|-singleturn|p1b: Smeargle|move: Protect\n|move|p1a: Whimsicott|Tailwind|p1a: Whimsicott\n|-sidestart|p1: HarshEuroBarge|move: Tailwind\n|move|p2b: Primarina|Hyper Voice|p1a: Whimsicott|[spread] p1a\n|-activate|p1b: Smeargle|move: Protect\n|-resisted|p1a: Whimsicott\n|-damage|p1a: Whimsicott|46\/100\n|-enditem|p2b: Primarina|Throat Spray\n|-boost|p2b: Primarina|spa|1|[from] item: Throat Spray\n|\n|-ability|p1b: Smeargle|Moody|boost\n|-boost|p1b: Smeargle|atk|2\n|-unboost|p1b: Smeargle|spa|1\n|upkeep\n|turn|4\n|\n|t:|1731504258\n|switch|p2a: Rillaboom|Rillaboom, L50, M|76\/100\n|-fieldstart|move: Grassy Terrain|[from] ability: Grassy Surge|[of] p2a: Rillaboom\n|move|p1b: Smeargle|Spore|p2b: Primarina\n|-status|p2b: Primarina|slp|[from] move: Spore\n|move|p1a: Whimsicott|Moonblast|p2a: Rillaboom\n|-damage|p2a: Rillaboom|47\/100\n|-unboost|p2a: Rillaboom|spa|1\n|cant|p2b: Primarina|slp\n|\n|-heal|p1a: Whimsicott|52\/100|[from] Grassy Terrain\n|-heal|p2a: Rillaboom|52\/100|[from] Grassy Terrain\n|-ability|p1b: Smeargle|Moody|boost\n|-boost|p1b: Smeargle|spe|2\n|-unboost|p1b: Smeargle|def|1\n|upkeep\n|turn|5\n|\n|t:|1731504285\n|switch|p1a: Primeape|Primeape, L50, M, shiny|100\/100\n|move|p1b: Smeargle|Spiky Shield|p1b: Smeargle\n|-singleturn|p1b: Smeargle|move: Protect\n|move|p2a: Rillaboom|Fake Out|p1a: Primeape\n|-damage|p1a: Primeape|87\/100\n|-curestatus|p2b: Primarina|slp|[msg]\n|move|p2b: Primarina|Moonblast|p1a: Primeape\n|-supereffective|p1a: Primeape\n|-damage|p1a: Primeape|0 fnt\n|faint|p1a: Primeape\n|\n|-heal|p2a: Rillaboom|58\/100|[from] Grassy Terrain\n|-ability|p1b: Smeargle|Moody|boost\n|-boost|p1b: Smeargle|spe|2\n|-unboost|p1b: Smeargle|atk|1\n|upkeep\n|\n|t:|1731504295\n|switch|p1a: Whimsicott|Whimsicott, L50, F|52\/100\n|turn|6\n|\n|t:|1731504312\n|move|p1b: Smeargle|Spore|p2b: Primarina\n|-status|p2b: Primarina|slp|[from] move: Spore\n|move|p1a: Whimsicott|Moonblast|p2b: Primarina\n|-resisted|p2b: Primarina\n|-damage|p2b: Primarina|89\/100 slp\n|move|p2a: Rillaboom|Wood Hammer|p1b: Smeargle\n|-enditem|p1b: Smeargle|Focus Sash\n|-damage|p1b: Smeargle|1\/100\n|-damage|p2a: Rillaboom|33\/100|[from] Recoil\n|cant|p2b: Primarina|slp\n|\n|-heal|p1b: Smeargle|7\/100|[from] Grassy Terrain\n|-heal|p1a: Whimsicott|58\/100|[from] Grassy Terrain\n|-heal|p2a: Rillaboom|38\/100|[from] Grassy Terrain\n|-heal|p2b: Primarina|95\/100 slp|[from] Grassy Terrain\n|-sideend|p1: HarshEuroBarge|move: Tailwind\n|-ability|p1b: Smeargle|Moody|boost\n|-boost|p1b: Smeargle|spe|2\n|-unboost|p1b: Smeargle|def|1\n|upkeep\n|turn|7\n|\n|t:|1731504344\n|move|p1b: Smeargle|Surging Strikes|p2a: Rillaboom\n|-resisted|p2a: Rillaboom\n|-crit|p2a: Rillaboom\n|-damage|p2a: Rillaboom|37\/100\n|-resisted|p2a: Rillaboom\n|-crit|p2a: Rillaboom\n|-damage|p2a: Rillaboom|35\/100\n|-resisted|p2a: Rillaboom\n|-crit|p2a: Rillaboom\n|-damage|p2a: Rillaboom|34\/100\n|-hitcount|p2a: Rillaboom|3\n|move|p1a: Whimsicott|Moonblast|p2a: Rillaboom\n|-damage|p2a: Rillaboom|5\/100\n|move|p2a: Rillaboom|U-turn|p1a: Whimsicott\n|-damage|p1a: Whimsicott|35\/100\n|-damage|p2a: Rillaboom|0 fnt|[from] item: Rocky Helmet|[of] p1a: Whimsicott\n|faint|p2a: Rillaboom\n|cant|p2b: Primarina|slp\n|\n|-heal|p1b: Smeargle|13\/100|[from] Grassy Terrain\n|-heal|p1a: Whimsicott|41\/100|[from] Grassy Terrain\n|-heal|p2b: Primarina|100\/100 slp|[from] Grassy Terrain\n|-ability|p1b: Smeargle|Moody|boost\n|-boost|p1b: Smeargle|spa|2\n|-unboost|p1b: Smeargle|spe|1\n|upkeep\n|\n|t:|1731504365\n|switch|p2a: Dragapult|Dragapult, L50, F|84\/100\n|turn|8\n|\n|t:|1731504377\n|move|p1b: Smeargle|Spore|p2a: Dragapult\n|-status|p2a: Dragapult|slp|[from] move: Spore\n|cant|p2a: Dragapult|slp\n|move|p1a: Whimsicott|Moonblast|p2a: Dragapult\n|-supereffective|p2a: Dragapult\n|-damage|p2a: Dragapult|13\/100 slp\n|cant|p2b: Primarina|slp\n|\n|-heal|p1b: Smeargle|20\/100|[from] Grassy Terrain\n|-heal|p2a: Dragapult|19\/100 slp|[from] Grassy Terrain\n|-heal|p1a: Whimsicott|47\/100|[from] Grassy Terrain\n|-fieldend|move: Grassy Terrain\n|-ability|p1b: Smeargle|Moody|boost\n|-boost|p1b: Smeargle|spa|2\n|-unboost|p1b: Smeargle|spd|1\n|upkeep\n|turn|9\n|\n|t:|1731504407\n|-terastallize|p1a: Whimsicott|Steel\n|move|p1b: Smeargle|Spiky Shield|p1b: Smeargle\n|-singleturn|p1b: Smeargle|move: Protect\n|cant|p2a: Dragapult|slp\n|move|p1a: Whimsicott|Moonblast|p2a: Dragapult\n|-supereffective|p2a: Dragapult\n|-damage|p2a: Dragapult|0 fnt\n|faint|p2a: Dragapult\n|-curestatus|p2b: Primarina|slp|[msg]\n|move|p2b: Primarina|Hyper Voice|p1b: Smeargle|[spread] p1a\n|-activate|p1b: Smeargle|move: Protect\n|-damage|p1a: Whimsicott|0 fnt\n|faint|p1a: Whimsicott\n|\n|-ability|p1b: Smeargle|Moody|boost\n|-boost|p1b: Smeargle|spd|2\n|-unboost|p1b: Smeargle|atk|1\n|upkeep\n|turn|10\n|\n|t:|1731504432\n|move|p1b: Smeargle|Spore|p2b: Primarina\n|-status|p2b: Primarina|slp|[from] move: Spore\n|cant|p2b: Primarina|slp\n|\n|-ability|p1b: Smeargle|Moody|boost\n|-boost|p1b: Smeargle|def|2\n|-unboost|p1b: Smeargle|spd|1\n|upkeep\n|turn|11\n|\n|t:|1731504442\n|move|p1b: Smeargle|Surging Strikes|p2b: Primarina\n|-crit|p2b: Primarina\n|-damage|p2b: Primarina|97\/100 slp\n|-crit|p2b: Primarina\n|-damage|p2b: Primarina|94\/100 slp\n|-crit|p2b: Primarina\n|-damage|p2b: Primarina|91\/100 slp\n|-hitcount|p2b: Primarina|3\n|cant|p2b: Primarina|slp\n|\n|-ability|p1b: Smeargle|Moody|boost\n|-boost|p1b: Smeargle|spe|1\n|-unboost|p1b: Smeargle|spa|1\n|upkeep\n|turn|12\n|\n|t:|1731504460\n|move|p1b: Smeargle|Surging Strikes|p2b: Primarina\n|-crit|p2b: Primarina\n|-damage|p2b: Primarina|88\/100 slp\n|-crit|p2b: Primarina\n|-damage|p2b: Primarina|85\/100 slp\n|-crit|p2b: Primarina\n|-damage|p2b: Primarina|82\/100 slp\n|-hitcount|p2b: Primarina|3\n|-curestatus|p2b: Primarina|slp|[msg]\n|move|p2b: Primarina|Moonblast|p1b: Smeargle\n|-damage|p1b: Smeargle|0 fnt\n|faint|p1b: Smeargle\n|\n|win|K2G2\n|raw|HarshEuroBarge's rating: 1708 &rarr; <strong>1692<\/strong><br \/>(-16 for losing)\n|raw|K2G2's rating: 1780 &rarr; <strong>1796<\/strong><br \/>(+16 for winning)\n|l|\u2606HarshEuroBarge\n|player|p1|\n|l|\u2606K2G2\n|player|p2|\n","uploadtime":1731504644,"views":19,"formatid":"gen9vgc2024regh","rating":1692,"private":0,"password":null}