{"id":"gen9vgc2024regh-2243007465","format":"[Gen 9] VGC 2024 Reg H","players":["Gh0stlyPlanet","VGCLTH Thacrow"],"log":"|raw|<div class=\"broadcast-blue\"><strong>This battle is required to be public due to a player having a name starting with 'vgclth'.<\/div>\n|j|\u2606Gh0stlyPlanet\n|j|\u2606VGCLTH Thacrow\n|t:|1731501234\n|gametype|doubles\n|player|p1|Gh0stlyPlanet|101|1743\n|player|p2|VGCLTH Thacrow|wallace-masters|1780\n|teamsize|p1|5\n|teamsize|p2|6\n|gen|9\n|tier|[Gen 9] VGC 2024 Reg H\n|rated|\n|rule|Species Clause: Limit one of each Pok\u00e9mon\n|rule|Item Clause: Limit 1 of each item\n|clearpoke\n|poke|p1|Dragonite, L50, M|\n|poke|p1|Ursaluna, L50, F|\n|poke|p1|Incineroar, L50, F|\n|poke|p1|Gholdengo, L50|\n|poke|p1|Ninetales-Alola, L50, F|\n|poke|p2|Ceruledge, L50, M|\n|poke|p2|Gastrodon-East, L50, F|\n|poke|p2|Sneasler, L50, F|\n|poke|p2|Dragonite, L50, M|\n|poke|p2|Rillaboom, L50, M|\n|poke|p2|Kingambit, L50, M|\n|teampreview|4\n|inactive|Battle timer is ON: inactive players will automatically lose when time's up. (requested by Gh0stlyPlanet)\nVGCLTH Thacrow has agreed to open team sheets.\n|\n|t:|1731501249\n|start\n|switch|p1a: Ninetales|Ninetales-Alola, L50, F|100\/100\n|switch|p1b: Ursaluna|Ursaluna, L50, F|100\/100\n|switch|p2a: AdlrichYan|Rillaboom, L50, M|100\/100\n|switch|p2b: Kidturtle|Sneasler, L50, F, shiny|100\/100\n|-weather|Snow|[from] ability: Snow Warning|[of] p1a: Ninetales\n|-fieldstart|move: Grassy Terrain|[from] ability: Grassy Surge|[of] p2a: AdlrichYan\n|turn|1\n|j| vgclth souly\n|\n|t:|1731501265\n|switch|p1b: Gholdengo|Gholdengo, L50|100\/100\n|move|p2a: AdlrichYan|Grassy Glide|p1a: Ninetales\n|-damage|p1a: Ninetales|56\/100\n|move|p2b: Kidturtle|Dire Claw|p1a: Ninetales\n|-supereffective|p1a: Ninetales\n|-damage|p1a: Ninetales|0 fnt\n|faint|p1a: Ninetales\n|\n|-weather|Snow|[upkeep]\n|upkeep\n|\n|t:|1731501281\n|switch|p1a: Dragonite|Dragonite, L50, M|100\/100\n|turn|2\n|j| VGCLTH GoofyGoober\n|\n|t:|1731501293\n|move|p2b: Kidturtle|Coaching|p2a: AdlrichYan\n|-boost|p2a: AdlrichYan|atk|1\n|-boost|p2a: AdlrichYan|def|1\n|move|p1b: Gholdengo|Make It Rain|p2a: AdlrichYan|[spread] p2a,p2b\n|-damage|p2a: AdlrichYan|14\/100\n|-damage|p2b: Kidturtle|10\/100\n|-unboost|p1b: Gholdengo|spa|1\n|-damage|p1b: Gholdengo|91\/100|[from] item: Life Orb\n|move|p2a: AdlrichYan|High Horsepower|p1b: Gholdengo|[miss]\n|-miss|p2a: AdlrichYan|p1b: Gholdengo\n|move|p1a: Dragonite|Scale Shot|p2a: AdlrichYan|[miss]\n|-miss|p1a: Dragonite|p2a: AdlrichYan\n|\n|-weather|Snow|[upkeep]\n|-heal|p2b: Kidturtle|16\/100|[from] Grassy Terrain\n|-heal|p1b: Gholdengo|97\/100|[from] Grassy Terrain\n|-heal|p2a: AdlrichYan|20\/100|[from] Grassy Terrain\n|upkeep\n|turn|3\n|inactive|Gh0stlyPlanet has 30 seconds left.\n|\n|t:|1731501323\n|-terastallize|p2b: Kidturtle|Ghost\n|move|p2a: AdlrichYan|Grassy Glide|p1a: Dragonite\n|-resisted|p1a: Dragonite\n|-damage|p1a: Dragonite|90\/100\n|move|p2b: Kidturtle|Dire Claw|p1a: Dragonite\n|-damage|p1a: Dragonite|47\/100\n|move|p1b: Gholdengo|Make It Rain|p2a: AdlrichYan|[spread] p2a,p2b\n|-damage|p2a: AdlrichYan|0 fnt\n|-damage|p2b: Kidturtle|0 fnt\n|-unboost|p1b: Gholdengo|spa|1\n|faint|p2a: AdlrichYan\n|faint|p2b: Kidturtle\n|-damage|p1b: Gholdengo|87\/100|[from] item: Life Orb\n|move|p1a: Dragonite|Tailwind|p1a: Dragonite\n|-sidestart|p1: Gh0stlyPlanet|move: Tailwind\n|\n|-weather|Snow|[upkeep]\n|-heal|p1b: Gholdengo|93\/100|[from] Grassy Terrain\n|upkeep\n|\n|t:|1731501328\n|switch|p2b: Godlyreal|Kingambit, L50, M|100\/100\n|switch|p2a: Main Flutter|Dragonite, L50, M, shiny|100\/100\n|turn|4\n|inactive|Gh0stlyPlanet has 30 seconds left.\n|\n|t:|1731501358\n|switch|p1b: Ursaluna|Ursaluna, L50, F|100\/100\n|move|p1a: Dragonite|Protect|p1a: Dragonite\n|-singleturn|p1a: Dragonite|Protect\n|move|p2a: Main Flutter|Extreme Speed|p1a: Dragonite\n|-activate|p1a: Dragonite|move: Protect\n|move|p2b: Godlyreal|Sucker Punch||[still]\n|-fail|p2b: Godlyreal\n|\n|-weather|Snow|[upkeep]\n|-status|p1b: Ursaluna|brn|[from] item: Flame Orb\n|upkeep\n|turn|5\n|inactive|VGCLTH Thacrow has 30 seconds left.\n|\n|t:|1731501388\n|switch|p1a: Gholdengo|Gholdengo, L50|93\/100\n|move|p2b: Godlyreal|Sucker Punch||[still]\n|-fail|p2b: Godlyreal\n|move|p1b: Ursaluna|Headlong Rush|p2b: Godlyreal\n|-supereffective|p2b: Godlyreal\n|-damage|p2b: Godlyreal|0 fnt\n|-unboost|p1b: Ursaluna|def|1\n|-unboost|p1b: Ursaluna|spd|1\n|faint|p2b: Godlyreal\n|move|p2a: Main Flutter|Low Kick|p1b: Ursaluna\n|-supereffective|p1b: Ursaluna\n|-damage|p1b: Ursaluna|0 fnt\n|faint|p1b: Ursaluna\n|\n|-weather|none\n|-heal|p1a: Gholdengo|99\/100|[from] Grassy Terrain\n|-fieldend|move: Grassy Terrain\n|upkeep\n|\n|t:|1731501399\n|switch|p1b: Dragonite|Dragonite, L50, M|47\/100\n|turn|6\n|-message|VGCLTH Thacrow forfeited.\n|\n|win|Gh0stlyPlanet\n|raw|Gh0stlyPlanet's rating: 1743 &rarr; <strong>1765<\/strong><br \/>(+22 for winning)\n|raw|VGCLTH Thacrow's rating: 1780 &rarr; <strong>1758<\/strong><br \/>(-22 for losing)\n","uploadtime":1731501401,"views":21,"formatid":"gen9vgc2024regh","rating":1758,"private":0,"password":null}