{"id":"gen9vgc2024regh-2243096293","format":"[Gen 9] VGC 2024 Reg H","players":["VGCLTH <1000ELO","hnn241"],"log":"|raw|<div class=\"broadcast-blue\"><strong>This battle is required to be public due to a player having a name starting with 'vgclth'.<\/div>\n|j|\u2606VGCLTH <1000ELO\n|j|\u2606hnn241\n|t:|1731511419\n|gametype|doubles\n|player|p1|VGCLTH <1000ELO|1|1713\n|player|p2|hnn241|lass-gen4dp|1665\n|teamsize|p1|6\n|teamsize|p2|6\n|gen|9\n|tier|[Gen 9] VGC 2024 Reg H\n|rated|\n|rule|Species Clause: Limit one of each Pok\u00e9mon\n|rule|Item Clause: Limit 1 of each item\n|clearpoke\n|poke|p1|Dondozo, L50, M|\n|poke|p1|Tatsugiri, L50, M|\n|poke|p1|Dragonite, L50, M|\n|poke|p1|Gholdengo, L50|\n|poke|p1|Glimmora, L50, F|\n|poke|p1|Talonflame, L50, M|\n|poke|p2|Tyranitar, L50, F|\n|poke|p2|Excadrill, L50, F|\n|poke|p2|Indeedee, L50, M|\n|poke|p2|Delphox, L50, M|\n|poke|p2|Sneasler, L50, M|\n|poke|p2|Corviknight, L50, F|\n|teampreview|4\n|inactive|Battle timer is ON: inactive players will automatically lose when time's up. (requested by VGCLTH <1000ELO)\n|inactive|hnn241 has 60 seconds left.\n|\n|t:|1731511472\n|start\n|switch|p1a: Dragonite|Dragonite, L50, M|100\/100\n|switch|p1b: Glimmora|Glimmora, L50, F|100\/100\n|switch|p2a: Delphox|Delphox, L50, M|100\/100\n|switch|p2b: Indeedee|Indeedee, L50, M|100\/100\n|-fieldstart|move: Psychic Terrain|[from] ability: Psychic Surge|[of] p2b: Indeedee\n|turn|1\n|\n|t:|1731511479\n|-terastallize|p1b: Glimmora|Grass\n|move|p2b: Indeedee|Expanding Force|p1a: Dragonite|[spread] p1a,p1b\n|-damage|p1a: Dragonite|76\/100\n|-damage|p1b: Glimmora|59\/100\n|move|p2a: Delphox|Expanding Force|p1a: Dragonite|[spread] p1a,p1b\n|-damage|p1a: Dragonite|11\/100\n|-damage|p1b: Glimmora|7\/100\n|-damage|p2a: Delphox|91\/100|[from] item: Life Orb\n|move|p1b: Glimmora|Mortal Spin|p2a: Delphox|[spread] p2a,p2b\n|-damage|p2a: Delphox|85\/100\n|-damage|p2b: Indeedee|91\/100\n|-status|p2a: Delphox|psn\n|-status|p2b: Indeedee|psn\n|move|p1a: Dragonite|Earthquake|p2b: Indeedee|[spread] p1b,p2a,p2b\n|-resisted|p1b: Glimmora\n|-supereffective|p2a: Delphox\n|-damage|p1b: Glimmora|0 fnt\n|-damage|p2a: Delphox|0 fnt\n|-damage|p2b: Indeedee|0 fnt\n|-activate|p1b: Glimmora|ability: Toxic Debris\n|-sidestart|p2: hnn241|move: Toxic Spikes\n|faint|p1b: Glimmora\n|faint|p2a: Delphox\n|faint|p2b: Indeedee\n|\n|upkeep\n|\n|t:|1731511493\n|switch|p2a: Tyranitar|Tyranitar, L50, F|100\/100\n|switch|p2b: Excadrill|Excadrill, L50, F|100\/100\n|switch|p1b: Dondozo|Dondozo, L50, M|100\/100\n|-status|p2a: Tyranitar|psn\n|-weather|Sandstorm|[from] ability: Sand Stream|[of] p2a: Tyranitar\n|turn|2\n|\n|t:|1731511509\n|switch|p1a: Tatsugiri|Tatsugiri, L50, M|100\/100\n|-activate|p1a: Tatsugiri|ability: Commander|[of] p1b: Dondozo\n|-boost|p1b: Dondozo|atk|2\n|-boost|p1b: Dondozo|spa|2\n|-boost|p1b: Dondozo|spe|2\n|-boost|p1b: Dondozo|def|2\n|-boost|p1b: Dondozo|spd|2\n|-terastallize|p2a: Tyranitar|Flying\n|move|p2b: Excadrill|Protect|p2b: Excadrill\n|-singleturn|p2b: Excadrill|Protect\n|move|p1b: Dondozo|Wave Crash|p2a: Tyranitar\n|-damage|p2a: Tyranitar|5\/100 psn\n|-damage|p1b: Dondozo|72\/100|[from] Recoil\n|move|p2a: Tyranitar|Knock Off|p1b: Dondozo\n|-crit|p1b: Dondozo\n|-damage|p1b: Dondozo|6\/100\n|-enditem|p1b: Dondozo|Leftovers|[from] move: Knock Off|[of] p2a: Tyranitar\n|\n|-weather|Sandstorm|[upkeep]\n|-damage|p1b: Dondozo|0 fnt|[from] Sandstorm\n|-damage|p1a: Tatsugiri|94\/100|[from] Sandstorm\n|-damage|p2a: Tyranitar|0 fnt|[from] Sandstorm\n|faint|p1b: Dondozo\n|faint|p2a: Tyranitar\n|upkeep\n|\n|t:|1731511513\n|switch|p1b: Dragonite|Dragonite, L50, M|11\/100\n|turn|3\n|inactive|VGCLTH <1000ELO has 30 seconds left.\n|\n|t:|1731511541\n|move|p2b: Excadrill|Iron Head|p1b: Dragonite\n|-damage|p1b: Dragonite|0 fnt\n|faint|p1b: Dragonite\n|move|p1a: Tatsugiri|Muddy Water|p2b: Excadrill\n|-supereffective|p2b: Excadrill\n|-enditem|p2b: Excadrill|Focus Sash\n|-damage|p2b: Excadrill|1\/100\n|\n|-weather|Sandstorm|[upkeep]\n|-damage|p1a: Tatsugiri|88\/100|[from] Sandstorm\n|upkeep\n|turn|4\n|\n|t:|1731511557\n|move|p2b: Excadrill|Protect|p2b: Excadrill\n|-singleturn|p2b: Excadrill|Protect\n|move|p1a: Tatsugiri|Dragon Pulse|p2b: Excadrill\n|-activate|p2b: Excadrill|move: Protect\n|\n|-weather|Sandstorm|[upkeep]\n|-damage|p1a: Tatsugiri|82\/100|[from] Sandstorm\n|upkeep\n|turn|5\n|\n|t:|1731511560\n|move|p1a: Tatsugiri|Protect|p1a: Tatsugiri\n|-singleturn|p1a: Tatsugiri|Protect\n|move|p2b: Excadrill|Earthquake|p1a: Tatsugiri\n|-activate|p1a: Tatsugiri|move: Protect\n|\n|-weather|Sandstorm|[upkeep]\n|-damage|p1a: Tatsugiri|75\/100|[from] Sandstorm\n|-fieldend|move: Psychic Terrain\n|upkeep\n|turn|6\n|\n|t:|1731511564\n|move|p2b: Excadrill|Earthquake|p1a: Tatsugiri\n|-crit|p1a: Tatsugiri\n|-damage|p1a: Tatsugiri|0 fnt\n|faint|p1a: Tatsugiri\n|\n|win|hnn241\n|raw|VGCLTH &lt;1000ELO's rating: 1713 &rarr; <strong>1690<\/strong><br \/>(-23 for losing)\n|raw|hnn241's rating: 1665 &rarr; <strong>1688<\/strong><br \/>(+23 for winning)\n|l|\u2606VGCLTH <1000ELO\n|player|p1|\n|l|\u2606hnn241\n|player|p2|\n","uploadtime":1731511731,"views":19,"formatid":"gen9vgc2024regh","rating":1688,"private":0,"password":null}