{"id":"gen9vgc2024regh-2243122853","format":"[Gen 9] VGC 2024 Reg H","players":["LONGhq","VGCLTH <1000ELO"],"log":"|raw|<div class=\"broadcast-blue\"><strong>This battle is required to be public due to a player having a name starting with 'vgclth'.<\/div>\n|j|\u2606LONGhq\n|j|\u2606VGCLTH <1000ELO\n|t:|1731514048\n|gametype|doubles\n|player|p1|LONGhq|169|1695\n|player|p2|VGCLTH <1000ELO|1|1698\n|teamsize|p1|6\n|teamsize|p2|6\n|gen|9\n|tier|[Gen 9] VGC 2024 Reg H\n|rated|\n|rule|Species Clause: Limit one of each Pok\u00e9mon\n|rule|Item Clause: Limit 1 of each item\n|clearpoke\n|poke|p1|Dondozo, L50, F|\n|poke|p1|Tatsugiri, L50, M|\n|poke|p1|Gholdengo, L50|\n|poke|p1|Rillaboom, L50, F|\n|poke|p1|Volcarona, L50, M|\n|poke|p1|Baxcalibur, L50, F|\n|poke|p2|Dondozo, L50, M|\n|poke|p2|Tatsugiri, L50, F|\n|poke|p2|Dragonite, L50, M|\n|poke|p2|Gholdengo, L50|\n|poke|p2|Glimmora, L50, F|\n|poke|p2|Talonflame, L50, F|\n|teampreview|4\n|inactive|Battle timer is ON: inactive players will automatically lose when time's up. (requested by VGCLTH <1000ELO)\n|inactive|LONGhq has 60 seconds left.\n|\n|t:|1731514093\n|start\n|switch|p1a: Gholdengo|Gholdengo, L50|100\/100\n|switch|p1b: Dondozo|Dondozo, L50, F|100\/100\n|switch|p2a: Dragonite|Dragonite, L50, M|100\/100\n|switch|p2b: Glimmora|Glimmora, L50, F|100\/100\n|turn|1\n|\n|t:|1731514112\n|-terastallize|p2b: Glimmora|Grass\n|move|p1a: Gholdengo|Make It Rain|p2b: Glimmora|[spread] p2a,p2b\n|-damage|p2a: Dragonite|71\/100\n|-damage|p2b: Glimmora|61\/100\n|-unboost|p1a: Gholdengo|spa|1\n|-damage|p1a: Gholdengo|91\/100|[from] item: Life Orb\n|move|p2b: Glimmora|Earth Power|p1a: Gholdengo\n|-supereffective|p1a: Gholdengo\n|-damage|p1a: Gholdengo|32\/100\n|move|p2a: Dragonite|Earthquake|p1b: Dondozo|[spread] p2b,p1a,p1b\n|-resisted|p2b: Glimmora\n|-supereffective|p1a: Gholdengo\n|-damage|p2b: Glimmora|43\/100\n|-damage|p1a: Gholdengo|0 fnt\n|-damage|p1b: Dondozo|72\/100\n|-activate|p2b: Glimmora|ability: Toxic Debris\n|-sidestart|p1: LONGhq|move: Toxic Spikes\n|faint|p1a: Gholdengo\n|move|p1b: Dondozo|Yawn|p2a: Dragonite\n|-start|p2a: Dragonite|move: Yawn|[of] p1b: Dondozo\n|\n|-heal|p1b: Dondozo|79\/100|[from] item: Leftovers\n|upkeep\n|\n|t:|1731514137\n|switch|p1a: Baxcalibur|Baxcalibur, L50, F|100\/100\n|-status|p1a: Baxcalibur|psn\n|turn|2\n|\n|t:|1731514158\n|switch|p2b: Dondozo|Dondozo, L50, M|100\/100\n|switch|p2a: Tatsugiri|Tatsugiri, L50, F|100\/100\n|-activate|p2a: Tatsugiri|ability: Commander|[of] p2b: Dondozo\n|-boost|p2b: Dondozo|atk|2\n|-boost|p2b: Dondozo|spa|2\n|-boost|p2b: Dondozo|spe|2\n|-boost|p2b: Dondozo|def|2\n|-boost|p2b: Dondozo|spd|2\n|move|p1a: Baxcalibur|Scale Shot|p2a: Tatsugiri|[miss]\n|-miss|p1a: Baxcalibur|p2a: Tatsugiri\n|move|p1b: Dondozo|Yawn|p2a: Tatsugiri|[miss]\n|-miss|p1b: Dondozo|p2a: Tatsugiri\n|\n|-heal|p1b: Dondozo|85\/100|[from] item: Leftovers\n|-damage|p1a: Baxcalibur|88\/100 psn|[from] psn\n|upkeep\n|turn|3\n|\n|t:|1731514178\n|move|p2b: Dondozo|Order Up|p1a: Baxcalibur\n|-supereffective|p1a: Baxcalibur\n|-damage|p1a: Baxcalibur|0 fnt\n|faint|p1a: Baxcalibur\n|-boost|p2b: Dondozo|atk|1\n|move|p1b: Dondozo|Yawn|p2b: Dondozo\n|-start|p2b: Dondozo|move: Yawn|[of] p1b: Dondozo\n|\n|-heal|p1b: Dondozo|91\/100|[from] item: Leftovers\n|upkeep\n|\n|t:|1731514186\n|switch|p1a: Volcarona|Volcarona, L50, M|100\/100\n|-status|p1a: Volcarona|psn\n|turn|4\n|\n|t:|1731514205\n|-terastallize|p1a: Volcarona|Grass\n|move|p2b: Dondozo|Wave Crash|p1a: Volcarona\n|-resisted|p1a: Volcarona\n|-damage|p1a: Volcarona|21\/100 psn\n|-damage|p2b: Dondozo|78\/100|[from] Recoil\n|move|p1a: Volcarona|Tailwind|p1a: Volcarona\n|-sidestart|p1: LONGhq|move: Tailwind\n|move|p1b: Dondozo|Fissure|p2b: Dondozo|[miss]\n|-miss|p1b: Dondozo|p2b: Dondozo\n|\n|-heal|p2b: Dondozo|84\/100|[from] item: Leftovers\n|-heal|p1b: Dondozo|97\/100|[from] item: Leftovers\n|-damage|p1a: Volcarona|9\/100 psn|[from] psn\n|-end|p2b: Dondozo|move: Yawn|[silent]\n|-status|p2b: Dondozo|slp\n|upkeep\n|turn|5\n|\n|t:|1731514225\n|move|p1a: Volcarona|Rage Powder|p1a: Volcarona\n|-singleturn|p1a: Volcarona|move: Rage Powder\n|cant|p2b: Dondozo|slp\n|move|p1b: Dondozo|Fissure|p2b: Dondozo|[miss]\n|-miss|p1b: Dondozo|p2b: Dondozo\n|\n|-heal|p2b: Dondozo|91\/100 slp|[from] item: Leftovers\n|-heal|p1b: Dondozo|100\/100|[from] item: Leftovers\n|-damage|p1a: Volcarona|0 fnt|[from] psn\n|faint|p1a: Volcarona\n|upkeep\n|turn|6\n|\n|t:|1731514234\n|-curestatus|p2b: Dondozo|slp|[msg]\n|move|p2b: Dondozo|Protect|p2b: Dondozo\n|-singleturn|p2b: Dondozo|Protect\n|move|p1b: Dondozo|Fissure|p2b: Dondozo\n|-activate|p2b: Dondozo|move: Protect\n|\n|-heal|p2b: Dondozo|97\/100|[from] item: Leftovers\n|upkeep\n|turn|7\n|\n|t:|1731514240\n|move|p2b: Dondozo|Order Up|p1b: Dondozo\n|-damage|p1b: Dondozo|83\/100\n|-boost|p2b: Dondozo|atk|1\n|move|p1b: Dondozo|Fissure|p2b: Dondozo|[miss]\n|-miss|p1b: Dondozo|p2b: Dondozo\n|\n|-heal|p2b: Dondozo|100\/100|[from] item: Leftovers\n|-heal|p1b: Dondozo|89\/100|[from] item: Leftovers\n|-sideend|p1: LONGhq|move: Tailwind\n|upkeep\n|turn|8\n|\n|t:|1731514246\n|move|p2b: Dondozo|Protect|p2b: Dondozo\n|-singleturn|p2b: Dondozo|Protect\n|move|p1b: Dondozo|Protect||[still]\n|-fail|p1b: Dondozo\n|\n|-heal|p1b: Dondozo|95\/100|[from] item: Leftovers\n|upkeep\n|turn|9\n|\n|t:|1731514250\n|move|p2b: Dondozo|Order Up|p1b: Dondozo\n|-damage|p1b: Dondozo|78\/100\n|-boost|p2b: Dondozo|atk|1\n|move|p1b: Dondozo|Fissure|p2b: Dondozo|[miss]\n|-miss|p1b: Dondozo|p2b: Dondozo\n|\n|-heal|p1b: Dondozo|84\/100|[from] item: Leftovers\n|upkeep\n|turn|10\n|\n|t:|1731514254\n|move|p1b: Dondozo|Protect|p1b: Dondozo\n|-singleturn|p1b: Dondozo|Protect\n|move|p2b: Dondozo|Order Up|p1b: Dondozo\n|-activate|p1b: Dondozo|move: Protect\n|\n|-heal|p1b: Dondozo|90\/100|[from] item: Leftovers\n|upkeep\n|turn|11\n|\n|t:|1731514259\n|move|p2b: Dondozo|Protect|p2b: Dondozo\n|-singleturn|p2b: Dondozo|Protect\n|move|p1b: Dondozo|Fissure|p2b: Dondozo\n|-activate|p2b: Dondozo|move: Protect\n|\n|-heal|p1b: Dondozo|97\/100|[from] item: Leftovers\n|upkeep\n|turn|12\n|\n|t:|1731514261\n|move|p2b: Dondozo|Order Up|p1b: Dondozo\n|-damage|p1b: Dondozo|80\/100\n|-boost|p2b: Dondozo|atk|1\n|move|p1b: Dondozo|Fissure|p2b: Dondozo|[miss]\n|-miss|p1b: Dondozo|p2b: Dondozo\n|\n|-heal|p1b: Dondozo|86\/100|[from] item: Leftovers\n|upkeep\n|turn|13\n|\n|t:|1731514266\n|move|p2b: Dondozo|Protect|p2b: Dondozo\n|-singleturn|p2b: Dondozo|Protect\n|move|p1b: Dondozo|Protect||[still]\n|-fail|p1b: Dondozo\n|\n|-heal|p1b: Dondozo|93\/100|[from] item: Leftovers\n|upkeep\n|turn|14\n|\n|t:|1731514269\n|move|p2b: Dondozo|Order Up|p1b: Dondozo\n|-damage|p1b: Dondozo|77\/100\n|-boost|p2b: Dondozo|atk|0\n|move|p1b: Dondozo|Fissure|p2b: Dondozo|[miss]\n|-miss|p1b: Dondozo|p2b: Dondozo\n|\n|-heal|p1b: Dondozo|83\/100|[from] item: Leftovers\n|upkeep\n|turn|15\n|-message|LONGhq forfeited.\n|\n|win|VGCLTH <1000ELO\n|raw|LONGhq's rating: 1695 &rarr; <strong>1675<\/strong><br \/>(-20 for losing)\n|raw|VGCLTH &lt;1000ELO's rating: 1698 &rarr; <strong>1718<\/strong><br \/>(+20 for winning)\n|l|\u2606LONGhq\n|player|p1|\n|l|\u2606VGCLTH <1000ELO\n|player|p2|\n","uploadtime":1731514510,"views":20,"formatid":"gen9vgc2024regh","rating":1675,"private":0,"password":null}