{"id":"gen9vgc2024regh-2243963147","format":"[Gen 9] VGC 2024 Reg H","players":["LilTic","vgclth elowyn"],"log":"|j|\u2606LilTic\n|j|\u2606vgclth elowyn\n|t:|1731615954\n|gametype|doubles\n|player|p1|LilTic|ninjaboy|1699\n|player|p2|vgclth elowyn|1|1702\n|teamsize|p1|6\n|teamsize|p2|6\n|gen|9\n|tier|[Gen 9] VGC 2024 Reg H\n|rated|\n|rule|Species Clause: Limit one of each Pok\u00e9mon\n|rule|Item Clause: Limit 1 of each item\n|clearpoke\n|poke|p1|Toxapex, L50, F|\n|poke|p1|Incineroar, L50, M|\n|poke|p1|Amoonguss, L50, F|\n|poke|p1|Ninetales-Alola, L50, M|\n|poke|p1|Dragonite, L50, F|\n|poke|p1|Kingambit, L50, F|\n|poke|p2|Smeargle, L50, M|\n|poke|p2|Farigiraf, L50, M|\n|poke|p2|Maushold-Four, L50|\n|poke|p2|Torkoal, L50, M|\n|poke|p2|Ursaluna-Bloodmoon, L50, M|\n|poke|p2|Weezing-Galar, L50, M|\n|teampreview|4\n|j| MinamiSimp\n|j| volcaronavgc\n|inactive|Battle timer is ON: inactive players will automatically lose when time's up. (requested by LilTic)\n|\n|t:|1731616003\n|start\n|switch|p1a: Toxapex|Toxapex, L50, F|100\/100\n|switch|p1b: Incineroar|Incineroar, L50, M|100\/100\n|switch|p2a: Smeargle|Smeargle, L50, M|100\/100\n|switch|p2b: Farigiraf|Farigiraf, L50, M|100\/100\n|-ability|p1b: Incineroar|Intimidate|boost\n|-unboost|p2a: Smeargle|atk|1\n|-enditem|p2a: Smeargle|Eject Pack\n|-unboost|p2b: Farigiraf|atk|1\n|\n|t:|1731616006\n|switch|p2a: Ursaluna|Ursaluna-Bloodmoon, L50, M|100\/100\n|turn|1\n|\n|t:|1731616020\n|move|p1b: Incineroar|Knock Off|p2a: Ursaluna\n|-damage|p2a: Ursaluna|69\/100\n|-enditem|p2a: Ursaluna|Life Orb|[from] move: Knock Off|[of] p1b: Incineroar\n|move|p2a: Ursaluna|Earth Power|p1a: Toxapex\n|-supereffective|p1a: Toxapex\n|-damage|p1a: Toxapex|15\/100\n|move|p1a: Toxapex|Infestation|p2a: Ursaluna\n|-damage|p2a: Ursaluna|66\/100\n|-activate|p2a: Ursaluna|move: Infestation|[of] p1a: Toxapex\n|move|p2b: Farigiraf|Trick Room|p2b: Farigiraf\n|-fieldstart|move: Trick Room|[of] p2b: Farigiraf\n|\n|-damage|p2a: Ursaluna|50\/100|[from] move: Infestation|[partiallytrapped]\n|upkeep\n|turn|2\n|\n|t:|1731616037\n|switch|p1b: Dragonite|Dragonite, L50, F|100\/100\n|move|p2b: Farigiraf|Helping Hand|p2a: Ursaluna\n|-singleturn|p2a: Ursaluna|Helping Hand|[of] p2b: Farigiraf\n|move|p1a: Toxapex|Baneful Bunker|p1a: Toxapex\n|-singleturn|p1a: Toxapex|move: Protect\n|move|p2a: Ursaluna|Earth Power|p1b: Dragonite\n|-immune|p1b: Dragonite\n|\n|-damage|p2a: Ursaluna|34\/100|[from] move: Infestation|[partiallytrapped]\n|upkeep\n|turn|3\n|\n|t:|1731616052\n|move|p1a: Toxapex|Recover|p1a: Toxapex\n|-heal|p1a: Toxapex|65\/100\n|move|p2b: Farigiraf|Twin Beam|p1a: Toxapex\n|-supereffective|p1a: Toxapex\n|-damage|p1a: Toxapex|41\/100\n|-supereffective|p1a: Toxapex\n|-damage|p1a: Toxapex|21\/100\n|-hitcount|p1a: Toxapex|2\n|move|p2a: Ursaluna|Hyper Voice|p1b: Dragonite|[spread] p1a,p1b\n|-damage|p1a: Toxapex|0 fnt\n|-damage|p1b: Dragonite|88\/100\n|faint|p1a: Toxapex\n|move|p1b: Dragonite|Low Kick|p2a: Ursaluna\n|-supereffective|p2a: Ursaluna\n|-damage|p2a: Ursaluna|0 fnt\n|faint|p2a: Ursaluna\n|\n|upkeep\n|\n|t:|1731616068\n|switch|p1a: Incineroar|Incineroar, L50, M|100\/100\n|switch|p2a: Torkoal|Torkoal, L50, M|100\/100\n|-weather|SunnyDay|[from] ability: Drought|[of] p2a: Torkoal\n|-ability|p1a: Incineroar|Intimidate|boost\n|-unboost|p2a: Torkoal|atk|1\n|-unboost|p2b: Farigiraf|atk|1\n|turn|4\n|j| jlz04t1h\n|\n|t:|1731616083\n|-terastallize|p2a: Torkoal|Fire\n|move|p2b: Farigiraf|Helping Hand|p2a: Torkoal\n|-singleturn|p2a: Torkoal|Helping Hand|[of] p2b: Farigiraf\n|move|p2a: Torkoal|Eruption|p1b: Dragonite|[spread] p1a,p1b\n|-resisted|p1a: Incineroar\n|-resisted|p1b: Dragonite\n|-damage|p1a: Incineroar|0 fnt\n|-damage|p1b: Dragonite|17\/100\n|faint|p1a: Incineroar\n|move|p1b: Dragonite|Outrage|p2b: Farigiraf\n|-damage|p2b: Farigiraf|41\/100\n|\n|-weather|SunnyDay|[upkeep]\n|upkeep\n|\n|t:|1731616089\n|switch|p1a: Ninetales|Ninetales-Alola, L50, M|100\/100\n|-weather|Snow|[from] ability: Snow Warning|[of] p1a: Ninetales\n|turn|5\n|\n|t:|1731616094\n|switch|p2b: Smeargle|Smeargle, L50, M|100\/100\n|move|p1a: Ninetales|Protect|p1a: Ninetales\n|-singleturn|p1a: Ninetales|Protect\n|move|p2a: Torkoal|Eruption|p1b: Dragonite|[spread] p1b\n|-activate|p1a: Ninetales|move: Protect\n|-resisted|p1b: Dragonite\n|-damage|p1b: Dragonite|0 fnt\n|faint|p1b: Dragonite\n|\n|-weather|Snow|[upkeep]\n|-fieldend|move: Trick Room\n|-ability|p2b: Smeargle|Moody|boost\n|-boost|p2b: Smeargle|atk|2\n|-unboost|p2b: Smeargle|spa|1\n|upkeep\n|turn|6\n|-message|LilTic forfeited.\n|\n|win|vgclth elowyn\n|raw|LilTic's rating: 1699 &rarr; <strong>1679<\/strong><br \/>(-20 for losing)\n|raw|vgclth elowyn's rating: 1702 &rarr; <strong>1722<\/strong><br \/>(+20 for winning)\n|l|\u2606LilTic\n|player|p1|\n|l| volcaronavgc\n|j| VGCLTH Carrots\n|l| VGCLTH Carrots\n|l| MinamiSimp\n","uploadtime":1731616354,"views":26,"formatid":"gen9vgc2024regh","rating":1679,"private":0,"password":null}