{"id":"gen9vgc2024regh-2243763771","format":"[Gen 9] VGC 2024 Reg H","players":["tex771","VGCLTH <1000ELO"],"log":"|raw|<div class=\"broadcast-blue\"><strong>This battle is required to be public due to a player having a name starting with 'vgclth'.<\/div>\n|j|\u2606tex771\n|j|\u2606VGCLTH <1000ELO\n|t:|1731596798\n|gametype|doubles\n|player|p1|tex771|1|1701\n|player|p2|VGCLTH <1000ELO|2|1763\n|teamsize|p1|6\n|teamsize|p2|6\n|gen|9\n|tier|[Gen 9] VGC 2024 Reg H\n|rated|\n|rule|Species Clause: Limit one of each Pok\u00e9mon\n|rule|Item Clause: Limit 1 of each item\n|clearpoke\n|poke|p1|Gallade, L50, M|\n|poke|p1|Incineroar, L50, M|\n|poke|p1|Kingambit, L50, M|\n|poke|p1|Ninetales-Alola, L50, M|\n|poke|p1|Garchomp, L50, M|\n|poke|p1|Dragonite, L50, M|\n|poke|p2|Dondozo, L50, M|\n|poke|p2|Tatsugiri, L50, M|\n|poke|p2|Dragonite, L50, M|\n|poke|p2|Gholdengo, L50|\n|poke|p2|Glimmora, L50, F|\n|poke|p2|Talonflame, L50, F|\n|teampreview|4\n|inactive|Battle timer is ON: inactive players will automatically lose when time's up. (requested by VGCLTH <1000ELO)\n|inactive|tex771 has 60 seconds left.\n|\n|t:|1731596837\n|start\n|switch|p1a: Garchomp|Garchomp, L50, M|100\/100\n|switch|p1b: Dragonite|Dragonite, L50, M, shiny|100\/100\n|switch|p2a: Dragonite|Dragonite, L50, M|100\/100\n|switch|p2b: Glimmora|Glimmora, L50, F|100\/100\n|turn|1\n|inactive|tex771 has 30 seconds left.\n|\n|t:|1731596865\n|switch|p2a: Dondozo|Dondozo, L50, M|100\/100\n|-terastallize|p1b: Dragonite|Flying\n|-terastallize|p2b: Glimmora|Grass\n|move|p1a: Garchomp|Dragon Claw|p2a: Dondozo\n|-damage|p2a: Dondozo|69\/100\n|move|p1b: Dragonite|Tera Blast|p2a: Dondozo|[anim] Tera Blast Flying\n|-crit|p2a: Dondozo\n|-damage|p2a: Dondozo|5\/100\n|move|p2b: Glimmora|Mortal Spin|p1a: Garchomp|[spread] p1a,p1b\n|-resisted|p1a: Garchomp\n|-damage|p1a: Garchomp|98\/100\n|-damage|p1b: Dragonite|96\/100\n|-status|p1a: Garchomp|psn\n|-status|p1b: Dragonite|psn\n|-damage|p2b: Glimmora|88\/100|[from] ability: Rough Skin|[of] p1a: Garchomp\n|\n|-heal|p2a: Dondozo|12\/100|[from] item: Leftovers\n|-damage|p1a: Garchomp|86\/100 psn|[from] psn\n|-damage|p1b: Dragonite|83\/100 psn|[from] psn\n|upkeep\n|turn|2\n|inactive|VGCLTH <1000ELO has 30 seconds left.\n|inactive|VGCLTH <1000ELO has 20 seconds left.\n|\n|t:|1731596903\n|switch|p2b: Tatsugiri|Tatsugiri, L50, M|100\/100\n|-activate|p2b: Tatsugiri|ability: Commander|[of] p2a: Dondozo\n|-boost|p2a: Dondozo|atk|2\n|-boost|p2a: Dondozo|spa|2\n|-boost|p2a: Dondozo|spe|2\n|-boost|p2a: Dondozo|def|2\n|-boost|p2a: Dondozo|spd|2\n|move|p1a: Garchomp|Dragon Claw|p2a: Dondozo\n|-damage|p2a: Dondozo|0 fnt\n|faint|p2a: Dondozo\n|move|p1b: Dragonite|Tera Blast|p2b: Tatsugiri|[anim] Tera Blast Flying\n|-enditem|p2b: Tatsugiri|Focus Sash\n|-damage|p2b: Tatsugiri|1\/100\n|\n|-damage|p1a: Garchomp|74\/100 psn|[from] psn\n|-damage|p1b: Dragonite|71\/100 psn|[from] psn\n|upkeep\n|\n|t:|1731596910\n|switch|p2a: Dragonite|Dragonite, L50, M|100\/100\n|turn|3\n|\n|t:|1731596934\n|switch|p1a: Incineroar|Incineroar, L50, M|100\/100\n|-ability|p1a: Incineroar|Intimidate|boost\n|-unboost|p2a: Dragonite|atk|1\n|-unboost|p2b: Tatsugiri|atk|1\n|move|p2b: Tatsugiri|Protect|p2b: Tatsugiri\n|-singleturn|p2b: Tatsugiri|Protect\n|move|p1b: Dragonite|Extreme Speed|p2b: Tatsugiri\n|-activate|p2b: Tatsugiri|move: Protect\n|move|p2a: Dragonite|Ice Spinner|p1b: Dragonite\n|-supereffective|p1b: Dragonite\n|-damage|p1b: Dragonite|7\/100 psn\n|\n|-damage|p1b: Dragonite|0 fnt|[from] psn\n|faint|p1b: Dragonite\n|upkeep\n|\n|t:|1731596951\n|switch|p1b: Garchomp|Garchomp, L50, M|74\/100 psn\n|turn|4\n|\n|t:|1731596957\n|switch|p2a: Glimmora|Glimmora, L50, F, tera:Grass|88\/100\n|move|p2b: Tatsugiri|Protect|p2b: Tatsugiri\n|-singleturn|p2b: Tatsugiri|Protect\n|move|p1a: Incineroar|Fake Out|p2a: Glimmora\n|-damage|p2a: Glimmora|79\/100\n|-activate|p2a: Glimmora|ability: Toxic Debris\n|-sidestart|p1: tex771|move: Toxic Spikes\n|move|p1b: Garchomp|Dragon Claw|p2b: Tatsugiri\n|-activate|p2b: Tatsugiri|move: Protect\n|\n|-damage|p1b: Garchomp|62\/100 psn|[from] psn\n|upkeep\n|turn|5\n|\n|t:|1731596980\n|move|p1b: Garchomp|Dragon Claw|p2b: Tatsugiri\n|-supereffective|p2b: Tatsugiri\n|-damage|p2b: Tatsugiri|0 fnt\n|faint|p2b: Tatsugiri\n|move|p2a: Glimmora|Power Gem|p1a: Incineroar\n|-supereffective|p1a: Incineroar\n|-damage|p1a: Incineroar|43\/100\n|move|p1a: Incineroar|Flare Blitz|p2a: Glimmora\n|-supereffective|p2a: Glimmora\n|-damage|p2a: Glimmora|2\/100\n|-activate|p2a: Glimmora|ability: Toxic Debris\n|-sidestart|p1: tex771|move: Toxic Spikes\n|-damage|p1a: Incineroar|19\/100|[from] Recoil\n|\n|-damage|p1b: Garchomp|50\/100 psn|[from] psn\n|upkeep\n|\n|t:|1731596982\n|switch|p2b: Dragonite|Dragonite, L50, M|100\/100\n|turn|6\n|\n|t:|1731597006\n|move|p2b: Dragonite|Extreme Speed|p1a: Incineroar\n|-damage|p1a: Incineroar|0 fnt\n|-damage|p2b: Dragonite|84\/100|[from] item: Rocky Helmet|[of] p1a: Incineroar\n|faint|p1a: Incineroar\n|move|p1b: Garchomp|Dragon Claw|p2b: Dragonite\n|-supereffective|p2b: Dragonite\n|-damage|p2b: Dragonite|4\/100\n|move|p2a: Glimmora|Earth Power|p1b: Garchomp\n|-damage|p1b: Garchomp|20\/100 psn\n|\n|-damage|p1b: Garchomp|8\/100 psn|[from] psn\n|upkeep\n|\n|t:|1731597019\n|switch|p1a: Gallade|Gallade, L50, M, shiny|100\/100\n|-status|p1a: Gallade|tox\n|turn|7\n|inactive|tex771 has 30 seconds left.\n|inactive|VGCLTH <1000ELO has 30 seconds left.\n|\n|t:|1731597050\n|move|p2b: Dragonite|Extreme Speed|p1a: Gallade\n|-damage|p1a: Gallade|21\/100 tox\n|move|p1b: Garchomp|Dragon Claw|p2a: Glimmora\n|-damage|p2a: Glimmora|0 fnt\n|faint|p2a: Glimmora\n|move|p1a: Gallade|Sacred Sword|p2b: Dragonite\n|-resisted|p2b: Dragonite\n|-damage|p2b: Dragonite|0 fnt\n|faint|p2b: Dragonite\n|\n|win|tex771\n|raw|tex771's rating: 1701 &rarr; <strong>1725<\/strong><br \/>(+24 for winning)\n|raw|VGCLTH &lt;1000ELO's rating: 1763 &rarr; <strong>1739<\/strong><br \/>(-24 for losing)\n|l|\u2606VGCLTH <1000ELO\n|player|p2|\n|l|\u2606tex771\n|player|p1|\n","uploadtime":1731597221,"views":19,"formatid":"gen9vgc2024regh","rating":1725,"private":0,"password":null}