{"id":"gen9vgc2024regh-2243082656","format":"[Gen 9] VGC 2024 Reg H","players":["karamingo","VGCLTH Cuwutie"],"log":"|raw|<div class=\"broadcast-blue\"><strong>This battle is required to be public due to a player having a name starting with 'vgclth'.<\/div>\n|j|\u2606karamingo\n|j|\u2606VGCLTH Cuwutie\n|t:|1731510034\n|gametype|doubles\n|player|p1|karamingo|170|1748\n|player|p2|VGCLTH Cuwutie|102|1756\n|teamsize|p1|6\n|teamsize|p2|6\n|gen|9\n|tier|[Gen 9] VGC 2024 Reg H\n|rated|\n|rule|Species Clause: Limit one of each Pok\u00e9mon\n|rule|Item Clause: Limit 1 of each item\n|clearpoke\n|poke|p1|Ursaluna-Bloodmoon, L50, M|\n|poke|p1|Torkoal, L50, M|\n|poke|p1|Farigiraf, L50, F|\n|poke|p1|Smeargle, L50, M|\n|poke|p1|Indeedee-F, L50, F|\n|poke|p1|Hatterene, L50, F|\n|poke|p2|Smeargle, L50, M|\n|poke|p2|Farigiraf, L50, M|\n|poke|p2|Grimmsnarl, L50, M|\n|poke|p2|Torkoal, L50, M|\n|poke|p2|Ursaluna-Bloodmoon, L50, M|\n|poke|p2|Araquanid, L50, M|\n|teampreview|4\n|j| DonShitDozo\n|j| Trumpwonbro\n|j| stewpeed\n|\n|t:|1731510066\n|start\n|switch|p1a: Smeargle|Smeargle, L50, M|100\/100\n|switch|p1b: Ursaluna|Ursaluna-Bloodmoon, L50, M|100\/100\n|switch|p2a: Smeargle|Smeargle, L50, M|100\/100\n|switch|p2b: Ursaluna|Ursaluna-Bloodmoon, L50, M|100\/100\n|turn|1\n|\n|t:|1731510078\n|-terastallize|p2b: Ursaluna|Normal\n|move|p2a: Smeargle|Spore|p1b: Ursaluna\n|-status|p1b: Ursaluna|slp|[from] move: Spore\n|cant|p1b: Ursaluna|slp\n|move|p1a: Smeargle|Spore|p2b: Ursaluna\n|-status|p2b: Ursaluna|slp|[from] move: Spore\n|cant|p2b: Ursaluna|slp\n|\n|-ability|p2a: Smeargle|Moody|boost\n|-boost|p2a: Smeargle|atk|2\n|-unboost|p2a: Smeargle|spd|1\n|-enditem|p2a: Smeargle|Eject Pack\n|upkeep\n|\n|t:|1731510090\n|switch|p2a: Araquanid|Araquanid, L50, M|100\/100\n|turn|2\n|\n|t:|1731510099\n|cant|p1b: Ursaluna|slp\n|move|p1a: Smeargle|Spore|p2a: Araquanid\n|-status|p2a: Araquanid|slp|[from] move: Spore\n|cant|p2a: Araquanid|slp\n|cant|p2b: Ursaluna|slp\n|\n|upkeep\n|turn|3\n|\n|t:|1731510113\n|cant|p1b: Ursaluna|slp\n|move|p1a: Smeargle|Decorate|p1b: Ursaluna\n|-boost|p1b: Ursaluna|atk|2\n|-boost|p1b: Ursaluna|spa|2\n|cant|p2a: Araquanid|slp\n|cant|p2b: Ursaluna|slp\n|\n|upkeep\n|turn|4\n|\n|t:|1731510126\n|-terastallize|p1b: Ursaluna|Normal\n|-curestatus|p2b: Ursaluna|slp|[msg]\n|move|p2b: Ursaluna|Protect|p2b: Ursaluna\n|-singleturn|p2b: Ursaluna|Protect\n|move|p1a: Smeargle|Follow Me|p1a: Smeargle\n|-singleturn|p1a: Smeargle|move: Follow Me\n|-curestatus|p1b: Ursaluna|slp|[msg]\n|move|p1b: Ursaluna|Hyper Voice|p2b: Ursaluna|[spread] p2a\n|-activate|p2b: Ursaluna|move: Protect\n|-damage|p2a: Araquanid|0 fnt\n|faint|p2a: Araquanid\n|-damage|p1b: Ursaluna|91\/100|[from] item: Life Orb\n|\n|upkeep\n|\n|t:|1731510131\n|switch|p2a: Smeargle|Smeargle, L50, M|100\/100\n|turn|5\n|\n|t:|1731510143\n|move|p1a: Smeargle|Follow Me|p1a: Smeargle\n|-singleturn|p1a: Smeargle|move: Follow Me\n|move|p2a: Smeargle|Spore|p1a: Smeargle\n|-status|p1a: Smeargle|slp|[from] move: Spore\n|move|p1b: Ursaluna|Hyper Voice|p2b: Ursaluna|[spread] p2a,p2b\n|-damage|p2a: Smeargle|0 fnt\n|-damage|p2b: Ursaluna|0 fnt\n|faint|p2a: Smeargle\n|faint|p2b: Ursaluna\n|-damage|p1b: Ursaluna|81\/100|[from] item: Life Orb\n|\n|upkeep\n|\n|t:|1731510146\n|switch|p2b: Torkoal|Torkoal, L50, M|100\/100\n|-weather|SunnyDay|[from] ability: Drought|[of] p2b: Torkoal\n|turn|6\n|-message|VGCLTH Cuwutie forfeited.\n|\n|win|karamingo\n|raw|karamingo's rating: 1748 &rarr; <strong>1768<\/strong><br \/>(+20 for winning)\n|raw|VGCLTH Cuwutie's rating: 1756 &rarr; <strong>1736<\/strong><br \/>(-20 for losing)\n|l|\u2606VGCLTH Cuwutie\n|player|p2|\n|l|\u2606karamingo\n|player|p1|\n|l| DonShitDozo\n","uploadtime":1731510274,"views":27,"formatid":"gen9vgc2024regh","rating":1736,"private":0,"password":null}