{"id":"gen9vgc2024regh-2243268691","format":"[Gen 9] VGC 2024 Reg H","players":["jayjazZa","VGCLTH MINAMISIMP"],"log":"|raw|<div class=\"broadcast-blue\"><strong>This battle is required to be public due to a player having a name starting with 'vgclth'.<\/div>\n|j|\u2606jayjazZa\n|j|\u2606VGCLTH MINAMISIMP\n|t:|1731527883\n|gametype|doubles\n|player|p1|jayjazZa|101|1765\n|player|p2|VGCLTH MINAMISIMP|miku-water|1791\n|teamsize|p1|6\n|teamsize|p2|6\n|gen|9\n|tier|[Gen 9] VGC 2024 Reg H\n|rated|\n|rule|Species Clause: Limit one of each Pok\u00e9mon\n|rule|Item Clause: Limit 1 of each item\n|clearpoke\n|poke|p1|Dondozo, L50, F|\n|poke|p1|Tatsugiri, L50, F|\n|poke|p1|Sneasler, L50, F|\n|poke|p1|Indeedee, L50, M|\n|poke|p1|Archaludon, L50, M|\n|poke|p1|Pelipper, L50, M|\n|poke|p2|Archaludon, L50, M|\n|poke|p2|Pelipper, L50, M|\n|poke|p2|Electabuzz, L50, F|\n|poke|p2|Kingambit, L50, M|\n|poke|p2|Rillaboom, L50, F|\n|poke|p2|Basculegion, L50, M|\n|teampreview|4\n|inactive|Battle timer is ON: inactive players will automatically lose when time's up. (requested by VGCLTH MINAMISIMP)\n|inactive|jayjazZa also wants the timer to be on.\n|\n|t:|1731527906\n|start\n|switch|p1a: Indeedee|Indeedee, L50, M|100\/100\n|switch|p1b: Sneasler|Sneasler, L50, F|100\/100\n|switch|p2a: Pelipper|Pelipper, L50, M|100\/100\n|switch|p2b: Basculegion|Basculegion, L50, M|100\/100\n|-fieldstart|move: Psychic Terrain|[from] ability: Psychic Surge|[of] p1a: Indeedee\n|-enditem|p1b: Sneasler|Psychic Seed\n|-boost|p1b: Sneasler|spd|1|[from] item: Psychic Seed\n|-weather|RainDance|[from] ability: Drizzle|[of] p2a: Pelipper\n|turn|1\n|\n|t:|1731527931\n|-terastallize|p2b: Basculegion|Grass\n|move|p2a: Pelipper|Protect|p2a: Pelipper\n|-singleturn|p2a: Pelipper|Protect\n|move|p1b: Sneasler|Dire Claw|p2a: Pelipper\n|-activate|p2a: Pelipper|move: Protect\n|move|p2b: Basculegion|Flip Turn|p1b: Sneasler\n|-damage|p1b: Sneasler|0 fnt\n|faint|p1b: Sneasler\n|\n|t:|1731527939\n|switch|p2b: Rillaboom|Rillaboom, L50, F|100\/100|[from] Flip Turn\n|-fieldstart|move: Grassy Terrain|[from] ability: Grassy Surge|[of] p2b: Rillaboom\n|move|p1a: Indeedee|Expanding Force|p2a: Pelipper\n|-activate|p2a: Pelipper|move: Protect\n|\n|-weather|RainDance|[upkeep]\n|upkeep\n|\n|t:|1731527944\n|switch|p1b: Dondozo|Dondozo, L50, F|100\/100\n|turn|2\n|\n|t:|1731527949\n|switch|p1a: Tatsugiri|Tatsugiri, L50, F|100\/100\n|-activate|p1a: Tatsugiri|ability: Commander|[of] p1b: Dondozo\n|-boost|p1b: Dondozo|atk|2\n|-boost|p1b: Dondozo|spa|2\n|-boost|p1b: Dondozo|spe|2\n|-boost|p1b: Dondozo|def|2\n|-boost|p1b: Dondozo|spd|2\n|-terastallize|p1b: Dondozo|Steel\n|move|p2b: Rillaboom|Fake Out|p1b: Dondozo\n|-resisted|p1b: Dondozo\n|-damage|p1b: Dondozo|98\/100\n|cant|p1b: Dondozo|flinch\n|move|p2a: Pelipper|Tailwind|p2a: Pelipper\n|-sidestart|p2: VGCLTH MINAMISIMP|move: Tailwind\n|\n|-weather|RainDance|[upkeep]\n|-heal|p1b: Dondozo|100\/100|[from] Grassy Terrain\n|upkeep\n|turn|3\n|\n|t:|1731527955\n|move|p2b: Rillaboom|High Horsepower|p1b: Dondozo\n|-supereffective|p1b: Dondozo\n|-damage|p1b: Dondozo|76\/100\n|move|p2a: Pelipper|Weather Ball|p1b: Dondozo\n|-damage|p1b: Dondozo|36\/100\n|move|p1b: Dondozo|Order Up|p2a: Pelipper\n|-damage|p2a: Pelipper|29\/100\n|-boost|p1b: Dondozo|atk|1\n|\n|-weather|RainDance|[upkeep]\n|-heal|p1b: Dondozo|43\/100|[from] Grassy Terrain\n|-heal|p1b: Dondozo|49\/100|[from] item: Leftovers\n|upkeep\n|turn|4\n|\n|t:|1731527962\n|move|p1b: Dondozo|Protect|p1b: Dondozo\n|-singleturn|p1b: Dondozo|Protect\n|move|p2b: Rillaboom|High Horsepower|p1b: Dondozo\n|-activate|p1b: Dondozo|move: Protect\n|move|p2a: Pelipper|Weather Ball|p1b: Dondozo\n|-activate|p1b: Dondozo|move: Protect\n|\n|-weather|RainDance|[upkeep]\n|-heal|p1b: Dondozo|55\/100|[from] Grassy Terrain\n|-heal|p1b: Dondozo|61\/100|[from] item: Leftovers\n|upkeep\n|turn|5\n|\n|t:|1731527965\n|move|p2b: Rillaboom|High Horsepower|p1b: Dondozo\n|-supereffective|p1b: Dondozo\n|-damage|p1b: Dondozo|36\/100\n|move|p2a: Pelipper|Weather Ball|p1b: Dondozo\n|-damage|p1b: Dondozo|0 fnt\n|faint|p1b: Dondozo\n|\n|-weather|none\n|-sideend|p2: VGCLTH MINAMISIMP|move: Tailwind\n|-fieldend|move: Grassy Terrain\n|upkeep\n|\n|t:|1731527967\n|switch|p1b: Indeedee|Indeedee, L50, M|100\/100\n|-fieldstart|move: Psychic Terrain|[from] ability: Psychic Surge|[of] p1b: Indeedee\n|turn|6\n|\n|t:|1731527985\n|switch|p2a: Archaludon|Archaludon, L50, M|100\/100\n|move|p1a: Tatsugiri|Dragon Pulse|p2b: Rillaboom\n|-crit|p2b: Rillaboom\n|-damage|p2b: Rillaboom|51\/100\n|move|p1b: Indeedee|Expanding Force|p2a: Archaludon|[spread] p2a,p2b\n|-resisted|p2a: Archaludon\n|-damage|p2a: Archaludon|74\/100\n|-damage|p2b: Rillaboom|12\/100\n|-ability|p2a: Archaludon|Stamina|boost\n|-boost|p2a: Archaludon|def|1\n|move|p2b: Rillaboom|Wood Hammer|p1a: Tatsugiri\n|-damage|p1a: Tatsugiri|0 fnt\n|faint|p1a: Tatsugiri\n|-damage|p2b: Rillaboom|0 fnt|[from] Recoil\n|faint|p2b: Rillaboom\n|\n|-heal|p2a: Archaludon|80\/100|[from] item: Leftovers\n|upkeep\n|\n|t:|1731527994\n|switch|p2b: Basculegion|Basculegion, L50, M, tera:Grass|100\/100\n|turn|7\n|\n|t:|1731527998\n|switch|p2a: Pelipper|Pelipper, L50, M|29\/100\n|-weather|RainDance|[from] ability: Drizzle|[of] p2a: Pelipper\n|move|p2b: Basculegion|Flip Turn|p1b: Indeedee\n|-enditem|p1b: Indeedee|Focus Sash\n|-damage|p1b: Indeedee|1\/100\n|\n|t:|1731528000\n|switch|p2b: Archaludon|Archaludon, L50, M|80\/100|[from] Flip Turn\n|move|p1b: Indeedee|Expanding Force|p2b: Archaludon|[spread] p2a,p2b\n|-resisted|p2b: Archaludon\n|-damage|p2a: Pelipper|0 fnt\n|-damage|p2b: Archaludon|54\/100\n|-ability|p2b: Archaludon|Stamina|boost\n|-boost|p2b: Archaludon|def|1\n|faint|p2a: Pelipper\n|\n|-weather|RainDance|[upkeep]\n|-heal|p2b: Archaludon|60\/100|[from] item: Leftovers\n|upkeep\n|\n|t:|1731528001\n|switch|p2a: Basculegion|Basculegion, L50, M, tera:Grass|100\/100\n|turn|8\n|-message|jayjazZa forfeited.\n|\n|win|VGCLTH MINAMISIMP\n|raw|jayjazZa's rating: 1765 &rarr; <strong>1746<\/strong><br \/>(-19 for losing)\n|raw|VGCLTH MINAMISIMP's rating: 1791 &rarr; <strong>1810<\/strong><br \/>(+19 for winning)\n|l|\u2606jayjazZa\n|player|p1|\n|l|\u2606VGCLTH MINAMISIMP\n|player|p2|\n|j| vgclth souly\n|l| vgclth souly\n","uploadtime":1731528289,"views":31,"formatid":"gen9vgc2024regh","rating":1746,"private":0,"password":null}