{"id":"gen9vgc2024regh-2243473839","format":"[Gen 9] VGC 2024 Reg H","players":["VGCLTH It'sJustKen","soft bans"],"log":"|raw|<div class=\"broadcast-blue\"><strong>This battle is required to be public due to a player having a name starting with 'vgclth'.<\/div>\n|j|\u2606VGCLTH It'sJustKen\n|j|\u2606soft bans\n|t:|1731551358\n|gametype|doubles\n|player|p1|VGCLTH It'sJustKen|turo|1623\n|player|p2|soft bans|169|1729\n|teamsize|p1|6\n|teamsize|p2|6\n|gen|9\n|tier|[Gen 9] VGC 2024 Reg H\n|rated|\n|rule|Species Clause: Limit one of each Pok\u00e9mon\n|rule|Item Clause: Limit 1 of each item\n|clearpoke\n|poke|p1|Gholdengo, L50|\n|poke|p1|Kommo-o, L50, F|\n|poke|p1|Clefairy, L50, F|\n|poke|p1|Farigiraf, L50, M|\n|poke|p1|Talonflame, L50, M|\n|poke|p1|Garchomp, L50, F|\n|poke|p2|Archaludon, L50, F|\n|poke|p2|Sinistcha-Masterpiece, L50|\n|poke|p2|Pelipper, L50, F|\n|poke|p2|Volcarona, L50, F|\n|poke|p2|Meowstic, L50, M|\n|poke|p2|Weavile, L50, M|\n|teampreview|4\n|inactive|Battle timer is ON: inactive players will automatically lose when time's up. (requested by VGCLTH It'sJustKen)\n|inactive|soft bans has 60 seconds left.\n|\n|t:|1731551413\n|start\n|switch|p1a: Kommo-o|Kommo-o, L50, F|100\/100\n|switch|p1b: Talonflame|Talonflame, L50, M, shiny|100\/100\n|switch|p2a: Volcarona|Volcarona, L50, F|100\/100\n|switch|p2b: Weavile|Weavile, L50, M|100\/100\n|-ability|p2b: Weavile|Pressure\n|turn|1\n|\n|t:|1731551435\n|-terastallize|p1a: Kommo-o|Dragon\n|move|p1b: Talonflame|Tailwind|p1b: Talonflame\n|-sidestart|p1: VGCLTH It'sJustKen|move: Tailwind\n|move|p1a: Kommo-o|Clanging Scales|p2b: Weavile|[spread] p2a,p2b\n|-damage|p2a: Volcarona|36\/100\n|-enditem|p2b: Weavile|Focus Sash\n|-damage|p2b: Weavile|1\/100\n|-unboost|p1a: Kommo-o|def|1\n|move|p2b: Weavile|Triple Axel|p1a: Kommo-o\n|-supereffective|p1a: Kommo-o\n|-damage|p1a: Kommo-o|71\/100\n|-supereffective|p1a: Kommo-o\n|-damage|p1a: Kommo-o|10\/100\n|-supereffective|p1a: Kommo-o\n|-damage|p1a: Kommo-o|0 fnt\n|faint|p1a: Kommo-o\n|-hitcount|p1: Kommo-o|3\n|move|p2a: Volcarona|Struggle Bug|p1b: Talonflame\n|-resisted|p1b: Talonflame\n|-damage|p1b: Talonflame|93\/100\n|\n|-heal|p2a: Volcarona|42\/100|[from] item: Leftovers\n|upkeep\n|\n|t:|1731551450\n|switch|p1a: Garchomp|Garchomp, L50, F|100\/100\n|turn|2\n|\n|t:|1731551466\n|switch|p2b: Pelipper|Pelipper, L50, F|100\/100\n|-weather|RainDance|[from] ability: Drizzle|[of] p2b: Pelipper\n|move|p2a: Volcarona|Protect|p2a: Volcarona\n|-singleturn|p2a: Volcarona|Protect\n|move|p1b: Talonflame|Flare Blitz|p2a: Volcarona\n|-activate|p2a: Volcarona|move: Protect\n|move|p1a: Garchomp|Earthquake|p2a: Volcarona|[spread] \n|-activate|p2a: Volcarona|move: Protect\n|-immune|p1b: Talonflame\n|-immune|p2b: Pelipper\n|\n|-weather|RainDance|[upkeep]\n|-heal|p2a: Volcarona|48\/100|[from] item: Leftovers\n|upkeep\n|turn|3\n|inactive|VGCLTH It'sJustKen has 30 seconds left.\n|inactive|soft bans has 30 seconds left.\n|inactive|soft bans has 20 seconds left.\n|inactive|soft bans has 15 seconds left.\n|inactive|soft bans has 10 seconds left.\n|inactive|soft bans has 5 seconds left.\n|\n|t:|1731551517\n|move|p2a: Volcarona|Protect||[still]\n|-fail|p2a: Volcarona\n|move|p1b: Talonflame|Brave Bird|p2b: Pelipper\n|-damage|p2b: Pelipper|38\/100\n|-damage|p1b: Talonflame|75\/100|[from] Recoil\n|move|p1a: Garchomp|Dragon Claw|p2b: Pelipper\n|-damage|p2b: Pelipper|0 fnt\n|faint|p2b: Pelipper\n|\n|-weather|RainDance|[upkeep]\n|-heal|p2a: Volcarona|55\/100|[from] item: Leftovers\n|upkeep\n|\n|t:|1731551527\n|switch|p2b: Archaludon|Archaludon, L50, F|100\/100\n|turn|4\n|\n|t:|1731551543\n|switch|p1b: *hears the music*|Gholdengo, L50|100\/100\n|-terastallize|p2b: Archaludon|Ghost\n|move|p2a: Volcarona|Protect|p2a: Volcarona\n|-singleturn|p2a: Volcarona|Protect\n|move|p1a: Garchomp|Stomping Tantrum|p2b: Archaludon\n|-damage|p2b: Archaludon|71\/100\n|-ability|p2b: Archaludon|Stamina|boost\n|-boost|p2b: Archaludon|def|1\n|move|p2b: Archaludon|Electro Shot||[still]\n|-prepare|p2b: Archaludon|Electro Shot\n|-boost|p2b: Archaludon|spa|1\n|-anim|p2b: Archaludon|Electro Shot|p1b: *hears the music*\n|-damage|p1b: *hears the music*|39\/100\n|\n|-weather|RainDance|[upkeep]\n|-heal|p2a: Volcarona|61\/100|[from] item: Leftovers\n|-sideend|p1: VGCLTH It'sJustKen|move: Tailwind\n|upkeep\n|turn|5\n|inactive|soft bans has 30 seconds left.\n|\n|t:|1731551570\n|move|p1b: *hears the music*|Shadow Ball|p2b: Archaludon\n|-supereffective|p2b: Archaludon\n|-damage|p2b: Archaludon|0 fnt\n|faint|p2b: Archaludon\n|move|p2a: Volcarona|Quiver Dance|p2a: Volcarona\n|-boost|p2a: Volcarona|spa|1\n|-boost|p2a: Volcarona|spd|1\n|-boost|p2a: Volcarona|spe|1\n|move|p1a: Garchomp|Earthquake|p2a: Volcarona|[spread] p1b,p2a\n|-supereffective|p1b: *hears the music*\n|-damage|p1b: *hears the music*|0 fnt\n|-damage|p2a: Volcarona|11\/100\n|faint|p1b: *hears the music*\n|\n|-weather|RainDance|[upkeep]\n|-heal|p2a: Volcarona|17\/100|[from] item: Leftovers\n|upkeep\n|c|\u2606soft bans|scarf\n|c|\u2606soft bans|nice\n|c|\u2606VGCLTH It'sJustKen|gg wp\n|\n|t:|1731551583\n|switch|p2b: Weavile|Weavile, L50, M|1\/100\n|switch|p1b: Talonflame|Talonflame, L50, M, shiny|75\/100\n|-ability|p2b: Weavile|Pressure\n|turn|6\n|\n|t:|1731551604\n|move|p2a: Volcarona|Heat Wave|p1a: Garchomp|[spread] p1a,p1b\n|-resisted|p1a: Garchomp\n|-resisted|p1b: Talonflame\n|-damage|p1a: Garchomp|90\/100\n|-damage|p1b: Talonflame|56\/100\n|move|p1b: Talonflame|Tailwind|p1b: Talonflame\n|-sidestart|p1: VGCLTH It'sJustKen|move: Tailwind\n|move|p1a: Garchomp|Earthquake|p2b: Weavile|[spread] p2a,p2b\n|-immune|p1b: Talonflame\n|-damage|p2a: Volcarona|0 fnt\n|-damage|p2b: Weavile|0 fnt\n|faint|p2a: Volcarona\n|faint|p2b: Weavile\n|\n|win|VGCLTH It'sJustKen\n|raw|VGCLTH It&apos;sJustKen's rating: 1654 &rarr; <strong>1678<\/strong><br \/>(+24 for winning)\n|raw|soft bans's rating: 1729 &rarr; <strong>1705<\/strong><br \/>(-24 for losing)\n|c|\u2606soft bans|16 hundres\n|l|\u2606soft bans\n|player|p2|\n|l|\u2606VGCLTH It'sJustKen\n|player|p1|\n","uploadtime":1731551821,"views":18,"formatid":"gen9vgc2024regh","rating":1678,"private":0,"password":null}