{"id":"gen9vgc2024regh-2243255250","format":"[Gen 9] VGC 2024 Reg H","players":["Filefate","VGCLTH Rishi"],"log":"|raw|<div class=\"broadcast-blue\"><strong>This battle is required to be public due to a player having a name starting with 'vgclth'.<\/div>\n|j|\u203dFilefate\n|j|\u2606VGCLTH Rishi\n|t:|1731526600\n|gametype|doubles\n|player|p1|Filefate|hiker-gen4|1694\n|player|p2|VGCLTH Rishi|shauntal|1733\n|teamsize|p1|6\n|teamsize|p2|6\n|gen|9\n|tier|[Gen 9] VGC 2024 Reg H\n|rated|\n|rule|Species Clause: Limit one of each Pok\u00e9mon\n|rule|Item Clause: Limit 1 of each item\n|clearpoke\n|poke|p1|Annihilape, L50, M|\n|poke|p1|Electrode-Hisui, L50|\n|poke|p1|Archaludon, L50, F|\n|poke|p1|Pelipper, L50, M|\n|poke|p1|Gothitelle, L50, M|\n|poke|p1|Basculegion, L50, M|\n|poke|p2|Kommo-o, L50, F|\n|poke|p2|Rillaboom, L50, M|\n|poke|p2|Tyranitar, L50, M|\n|poke|p2|Talonflame, L50, F|\n|poke|p2|Gholdengo, L50|\n|poke|p2|Milotic, L50, M|\n|teampreview|4\n|inactive|Battle timer is ON: inactive players will automatically lose when time's up. (requested by Filefate)\n|inactive|Filefate has 60 seconds left.\n|inactive|VGCLTH Rishi has 60 seconds left.\n|j| vgclth souly\n|inactive|Filefate has 30 seconds left.\n|inactive|VGCLTH Rishi has 30 seconds left.\n|inactive|Filefate has 20 seconds left.\n|inactive|VGCLTH Rishi has 20 seconds left.\n|inactive|VGCLTH Rishi has 15 seconds left.\n|inactive|VGCLTH Rishi has 10 seconds left.\n|\n|t:|1731526684\n|start\n|switch|p1a: Archaludon|Archaludon, L50, F|100\/100\n|switch|p1b: Electrode|Electrode-Hisui, L50|100\/100\n|switch|p2a: Tyranitar|Tyranitar, L50, M|100\/100\n|switch|p2b: Rillaboom|Rillaboom, L50, M, shiny|100\/100\n|-fieldstart|move: Grassy Terrain|[from] ability: Grassy Surge|[of] p2b: Rillaboom\n|-weather|Sandstorm|[from] ability: Sand Stream|[of] p2a: Tyranitar\n|turn|1\n|\n|t:|1731526705\n|switch|p2a: Kommo-o|Kommo-o, L50, F|100\/100\n|-terastallize|p1b: Electrode|Ghost\n|move|p1b: Electrode|Bullet Seed|p1a: Archaludon\n|-resisted|p1a: Archaludon\n|-damage|p1a: Archaludon|99\/100\n|-ability|p1a: Archaludon|Stamina|boost\n|-boost|p1a: Archaludon|def|1\n|-resisted|p1a: Archaludon\n|-damage|p1a: Archaludon|99\/100\n|-ability|p1a: Archaludon|Stamina|boost\n|-boost|p1a: Archaludon|def|1\n|-resisted|p1a: Archaludon\n|-damage|p1a: Archaludon|99\/100\n|-ability|p1a: Archaludon|Stamina|boost\n|-boost|p1a: Archaludon|def|1\n|-resisted|p1a: Archaludon\n|-damage|p1a: Archaludon|98\/100\n|-ability|p1a: Archaludon|Stamina|boost\n|-boost|p1a: Archaludon|def|1\n|-hitcount|p1a: Archaludon|4\n|move|p2b: Rillaboom|Wood Hammer|p1b: Electrode\n|-damage|p1b: Electrode|0 fnt\n|faint|p1b: Electrode\n|-damage|p2b: Rillaboom|74\/100|[from] Recoil\n|move|p1a: Archaludon|Body Press|p2a: Kommo-o\n|-damage|p2a: Kommo-o|52\/100\n|\n|-weather|Sandstorm|[upkeep]\n|-damage|p2b: Rillaboom|68\/100|[from] Sandstorm\n|-heal|p2b: Rillaboom|74\/100|[from] Grassy Terrain\n|-heal|p2a: Kommo-o|58\/100|[from] Grassy Terrain\n|-heal|p1a: Archaludon|100\/100|[from] Grassy Terrain\n|-heal|p2a: Kommo-o|65\/100|[from] item: Leftovers\n|upkeep\n|inactive|Filefate has 30 seconds left.\n|\n|t:|1731526734\n|switch|p1b: Pelipper|Pelipper, L50, M|100\/100\n|-weather|RainDance|[from] ability: Drizzle|[of] p1b: Pelipper\n|turn|2\n|\n|t:|1731526752\n|move|p2b: Rillaboom|Grassy Glide|p1b: Pelipper\n|-damage|p1b: Pelipper|66\/100\n|move|p1a: Archaludon|Dragon Pulse|p2a: Kommo-o\n|-supereffective|p2a: Kommo-o\n|-damage|p2a: Kommo-o|0 fnt\n|faint|p2a: Kommo-o\n|move|p1b: Pelipper|Tailwind|p1b: Pelipper\n|-sidestart|p1: Filefate|move: Tailwind\n|\n|-weather|RainDance|[upkeep]\n|-heal|p2b: Rillaboom|80\/100|[from] Grassy Terrain\n|upkeep\n|\n|t:|1731526761\n|switch|p2a: Tyranitar|Tyranitar, L50, M|100\/100\n|-weather|Sandstorm|[from] ability: Sand Stream|[of] p2a: Tyranitar\n|turn|3\n|j| VGCLTH John Pork\n|inactive|Filefate has 30 seconds left.\n|\n|t:|1731526787\n|switch|p1b: Basculegion|Basculegion, L50, M, shiny|100\/100\n|switch|p2b: Gholdengo|Gholdengo, L50|100\/100\n|-terastallize|p2a: Tyranitar|Flying\n|move|p1a: Archaludon|Flash Cannon|p2a: Tyranitar\n|-damage|p2a: Tyranitar|79\/100\n|move|p2a: Tyranitar|Knock Off|p1b: Basculegion\n|-supereffective|p1b: Basculegion\n|-enditem|p1b: Basculegion|Focus Sash\n|-damage|p1b: Basculegion|1\/100\n|\n|-weather|Sandstorm|[upkeep]\n|-damage|p1b: Basculegion|0 fnt|[from] Sandstorm\n|-damage|p2a: Tyranitar|73\/100|[from] Sandstorm\n|faint|p1b: Basculegion\n|upkeep\n|\n|t:|1731526797\n|switch|p1b: Pelipper|Pelipper, L50, M|66\/100\n|-weather|RainDance|[from] ability: Drizzle|[of] p1b: Pelipper\n|turn|4\n|inactive|VGCLTH Rishi has 30 seconds left.\n|inactive|VGCLTH Rishi has 20 seconds left.\n|\n|t:|1731526836\n|switch|p2b: Rillaboom|Rillaboom, L50, M, shiny|80\/100\n|move|p1a: Archaludon|Electro Shot||[still]\n|-prepare|p1a: Archaludon|Electro Shot\n|-boost|p1a: Archaludon|spa|1\n|-anim|p1a: Archaludon|Electro Shot|p2a: Tyranitar\n|-supereffective|p2a: Tyranitar\n|-damage|p2a: Tyranitar|0 fnt\n|faint|p2a: Tyranitar\n|move|p1b: Pelipper|Hurricane|p2b: Rillaboom\n|-supereffective|p2b: Rillaboom\n|-damage|p2b: Rillaboom|1\/100\n|\n|-weather|RainDance|[upkeep]\n|-heal|p2b: Rillaboom|7\/100|[from] Grassy Terrain\n|upkeep\n|\n|t:|1731526844\n|switch|p2a: Gholdengo|Gholdengo, L50|100\/100\n|turn|5\n|\n|t:|1731526863\n|move|p2b: Rillaboom|Fake Out|p1a: Archaludon\n|-resisted|p1a: Archaludon\n|-damage|p1a: Archaludon|99\/100\n|-ability|p1a: Archaludon|Stamina|boost\n|-boost|p1a: Archaludon|def|1\n|cant|p1a: Archaludon|flinch\n|move|p1b: Pelipper|Muddy Water|p2a: Gholdengo|[spread] p2a,p2b\n|-resisted|p2b: Rillaboom\n|-damage|p2a: Gholdengo|61\/100\n|-damage|p2b: Rillaboom|0 fnt\n|faint|p2b: Rillaboom\n|move|p2a: Gholdengo|Shadow Ball|p1b: Pelipper\n|-damage|p1b: Pelipper|0 fnt\n|faint|p1b: Pelipper\n|\n|-weather|RainDance|[upkeep]\n|-heal|p1a: Archaludon|100\/100|[from] Grassy Terrain\n|-heal|p2a: Gholdengo|67\/100|[from] Grassy Terrain\n|-sideend|p1: Filefate|move: Tailwind\n|-fieldend|move: Grassy Terrain\n|upkeep\n|turn|6\n|\n|t:|1731526878\n|move|p2a: Gholdengo|Shadow Ball|p1a: Archaludon\n|-damage|p1a: Archaludon|60\/100\n|-ability|p1a: Archaludon|Stamina|boost\n|-boost|p1a: Archaludon|def|1\n|move|p1a: Archaludon|Electro Shot||[still]\n|-prepare|p1a: Archaludon|Electro Shot\n|-boost|p1a: Archaludon|spa|1\n|-anim|p1a: Archaludon|Electro Shot|p2a: Gholdengo\n|-damage|p2a: Gholdengo|0 fnt\n|faint|p2a: Gholdengo\n|\n|win|Filefate\n|raw|Filefate's rating: 1694 &rarr; <strong>1716<\/strong><br \/>(+22 for winning)\n|raw|VGCLTH Rishi's rating: 1733 &rarr; <strong>1711<\/strong><br \/>(-22 for losing)\n|l|\u2606VGCLTH Rishi\n|player|p2|\n|l|\u203dFilefate\n|player|p1|\n|l| VGCLTH John Pork\n","uploadtime":1731527046,"views":19,"formatid":"gen9vgc2024regh","rating":1711,"private":0,"password":null}