{"id":"gen9vgc2024regh-2243402144","format":"[Gen 9] VGC 2024 Reg H","players":["SL1D","Calamella"],"log":"|j|\u2606SL1D\n|j|\u2606Calamella\n|t:|1731542309\n|gametype|doubles\n|player|p1|SL1D|blue|1686\n|player|p2|Calamella|101|1699\n|teamsize|p1|6\n|teamsize|p2|6\n|gen|9\n|tier|[Gen 9] VGC 2024 Reg H\n|rated|\n|rule|Species Clause: Limit one of each Pok\u00e9mon\n|rule|Item Clause: Limit 1 of each item\n|clearpoke\n|poke|p1|Vivillon, L50, M|\n|poke|p1|Gliscor, L50, M|\n|poke|p1|Archaludon, L50, F|\n|poke|p1|Kingambit, L50, F|\n|poke|p1|Incineroar, L50, M|\n|poke|p1|Ninetales-Alola, L50, F|\n|poke|p2|Greninja-*, L50, M|\n|poke|p2|Archaludon, L50, F|\n|poke|p2|Annihilape, L50, F|\n|poke|p2|Pelipper, L50, M|\n|poke|p2|Rillaboom, L50, M|\n|poke|p2|Sneasler, L50, M|\n|teampreview|4\n|inactive|Battle timer is ON: inactive players will automatically lose when time's up. (requested by SL1D)\n|inactive|Calamella has 60 seconds left.\n|\n|t:|1731542344\n|start\n|switch|p1a: Vivillon|Vivillon, L50, M|100\/100\n|switch|p1b: Gliscor|Gliscor, L50, M, shiny|100\/100\n|switch|p2a: Greninja|Greninja, L50, M|100\/100\n|switch|p2b: Annihilape|Annihilape, L50, F|100\/100\n|turn|1\n|\n|t:|1731542357\n|move|p2a: Greninja|Water Shuriken|p2b: Annihilape\n|-start|p2a: Greninja|typechange|Water|[from] ability: Protean\n|-damage|p2b: Annihilape|93\/100\n|-damage|p2b: Annihilape|86\/100\n|-damage|p2b: Annihilape|79\/100\n|-damage|p2b: Annihilape|71\/100\n|-hitcount|p2b: Annihilape|4\n|move|p2b: Annihilape|Rage Fist|p1b: Gliscor\n|-damage|p1b: Gliscor|0 fnt\n|faint|p1b: Gliscor\n|move|p1a: Vivillon|Sleep Powder|p2a: Greninja\n|-status|p2a: Greninja|slp|[from] move: Sleep Powder\n|\n|upkeep\n|\n|t:|1731542373\n|switch|p1b: Ninetales|Ninetales-Alola, L50, F|100\/100\n|-weather|Snow|[from] ability: Snow Warning|[of] p1b: Ninetales\n|turn|2\n|\n|t:|1731542382\n|-terastallize|p2b: Annihilape|Grass\n|move|p1b: Ninetales|Protect|p1b: Ninetales\n|-singleturn|p1b: Ninetales|Protect\n|cant|p2a: Greninja|slp\n|move|p2b: Annihilape|Rage Fist|p1b: Ninetales\n|-activate|p1b: Ninetales|move: Protect\n|move|p1a: Vivillon|Tailwind|p1a: Vivillon\n|-sidestart|p1: SL1D|move: Tailwind\n|\n|-weather|Snow|[upkeep]\n|upkeep\n|turn|3\n|inactive|Calamella has 30 seconds left.\n|\n|t:|1731542413\n|switch|p2b: Pelipper|Pelipper, L50, M|100\/100\n|-weather|RainDance|[from] ability: Drizzle|[of] p2b: Pelipper\n|cant|p2a: Greninja|slp\n|move|p1b: Ninetales|Blizzard|p2b: Pelipper|[spread] p2b\n|-miss|p1b: Ninetales|p2a: Greninja\n|-damage|p2b: Pelipper|56\/100\n|move|p1a: Vivillon|Hurricane|p2b: Pelipper\n|-damage|p2b: Pelipper|0 fnt\n|faint|p2b: Pelipper\n|\n|-weather|RainDance|[upkeep]\n|upkeep\n|\n|t:|1731542430\n|switch|p2b: Archaludon|Archaludon, L50, F|100\/100\n|turn|4\n|\n|t:|1731542438\n|move|p1b: Ninetales|Freeze-Dry|p2a: Greninja\n|-supereffective|p2a: Greninja\n|-damage|p2a: Greninja|39\/100 slp\n|move|p1a: Vivillon|Sleep Powder|p2b: Archaludon\n|-status|p2b: Archaludon|slp|[from] move: Sleep Powder\n|-curestatus|p2a: Greninja|slp|[msg]\n|move|p2a: Greninja|Sludge Wave|p1b: Ninetales|[spread] p1a,p1b\n|-immune|p2b: Archaludon\n|-supereffective|p1b: Ninetales\n|-damage|p1a: Vivillon|53\/100\n|-damage|p1b: Ninetales|54\/100\n|cant|p2b: Archaludon|slp\n|\n|-weather|RainDance|[upkeep]\n|upkeep\n|turn|5\n|\n|t:|1731542463\n|switch|p1b: Archaludon|Archaludon, L50, F|100\/100\n|move|p2a: Greninja|Water Shuriken|p2b: Archaludon\n|-resisted|p2b: Archaludon\n|-damage|p2b: Archaludon|96\/100 slp\n|-ability|p2b: Archaludon|Stamina|boost\n|-boost|p2b: Archaludon|def|1\n|-resisted|p2b: Archaludon\n|-damage|p2b: Archaludon|92\/100 slp\n|-ability|p2b: Archaludon|Stamina|boost\n|-boost|p2b: Archaludon|def|1\n|-resisted|p2b: Archaludon\n|-damage|p2b: Archaludon|87\/100 slp\n|-ability|p2b: Archaludon|Stamina|boost\n|-boost|p2b: Archaludon|def|1\n|-resisted|p2b: Archaludon\n|-damage|p2b: Archaludon|83\/100 slp\n|-ability|p2b: Archaludon|Stamina|boost\n|-boost|p2b: Archaludon|def|1\n|-resisted|p2b: Archaludon\n|-damage|p2b: Archaludon|79\/100 slp\n|-ability|p2b: Archaludon|Stamina|boost\n|-boost|p2b: Archaludon|def|1\n|-hitcount|p2b: Archaludon|5\n|move|p1a: Vivillon|Sleep Powder|p2a: Greninja\n|-status|p2a: Greninja|slp|[from] move: Sleep Powder\n|cant|p2b: Archaludon|slp\n|\n|-weather|RainDance|[upkeep]\n|-sideend|p1: SL1D|move: Tailwind\n|upkeep\n|turn|6\n|\n|t:|1731542485\n|cant|p2a: Greninja|slp\n|move|p1a: Vivillon|Tailwind|p1a: Vivillon\n|-sidestart|p1: SL1D|move: Tailwind\n|move|p1b: Archaludon|Electro Shot||[still]\n|-prepare|p1b: Archaludon|Electro Shot\n|-boost|p1b: Archaludon|spa|1\n|-anim|p1b: Archaludon|Electro Shot|p2a: Greninja\n|-supereffective|p2a: Greninja\n|-damage|p2a: Greninja|0 fnt\n|faint|p2a: Greninja\n|-curestatus|p2b: Archaludon|slp|[msg]\n|move|p2b: Archaludon|Body Press|p1b: Archaludon\n|-supereffective|p1b: Archaludon\n|-damage|p1b: Archaludon|0 fnt\n|faint|p1b: Archaludon\n|\n|-weather|RainDance|[upkeep]\n|upkeep\n|j| bluestraggler03\n|\n|t:|1731542495\n|switch|p2a: Annihilape|Annihilape, L50, F, tera:Grass|71\/100\n|switch|p1b: Ninetales|Ninetales-Alola, L50, F|54\/100\n|-weather|Snow|[from] ability: Snow Warning|[of] p1b: Ninetales\n|turn|7\n|\n|t:|1731542512\n|move|p1b: Ninetales|Blizzard|p2a: Annihilape|[spread] p2a,p2b\n|-supereffective|p2a: Annihilape\n|-damage|p2a: Annihilape|24\/100\n|-damage|p2b: Archaludon|60\/100\n|-ability|p2b: Archaludon|Stamina|boost\n|-boost|p2b: Archaludon|def|1\n|move|p1a: Vivillon|Sleep Powder|p2b: Archaludon\n|-status|p2b: Archaludon|slp|[from] move: Sleep Powder\n|move|p2a: Annihilape|Rage Fist|p1a: Vivillon\n|-damage|p1a: Vivillon|0 fnt\n|faint|p1a: Vivillon\n|cant|p2b: Archaludon|slp\n|\n|-weather|Snow|[upkeep]\n|upkeep\n|turn|8\n|\n|t:|1731542522\n|move|p1b: Ninetales|Blizzard|p2a: Annihilape|[spread] p2a,p2b\n|-supereffective|p2a: Annihilape\n|-damage|p2a: Annihilape|0 fnt\n|-damage|p2b: Archaludon|43\/100 slp\n|faint|p2a: Annihilape\n|-curestatus|p2b: Archaludon|slp|[msg]\n|move|p2b: Archaludon|Flash Cannon|p1b: Ninetales\n|-supereffective|p1b: Ninetales\n|-damage|p1b: Ninetales|0 fnt\n|faint|p1b: Ninetales\n|\n|win|Calamella\n|raw|SL1D's rating: 1686 &rarr; <strong>1667<\/strong><br \/>(-19 for losing)\n|raw|Calamella's rating: 1699 &rarr; <strong>1718<\/strong><br \/>(+19 for winning)\n|l|\u2606SL1D\n|player|p1|\n","uploadtime":1731542544,"views":19,"formatid":"gen9vgc2024regh","rating":1667,"private":0,"password":null}