{"id":"gen9vgc2024regh-2243764495","format":"[Gen 9] VGC 2024 Reg H","players":["VGCLTH Rishi","VGCLTH lily"],"log":"|raw|<div class=\"broadcast-blue\"><strong>This battle is required to be public due to a player having a name starting with 'vgclth'.<\/div>\n|j|\u2606VGCLTH Rishi\n|j|\u2606VGCLTH lily\n|t:|1731596871\n|gametype|doubles\n|player|p1|VGCLTH Rishi|shauntal|1804\n|player|p2|VGCLTH lily|akari|1735\n|teamsize|p1|6\n|teamsize|p2|6\n|gen|9\n|tier|[Gen 9] VGC 2024 Reg H\n|rated|\n|rule|Species Clause: Limit one of each Pok\u00e9mon\n|rule|Item Clause: Limit 1 of each item\n|clearpoke\n|poke|p1|Kommo-o, L50, F|\n|poke|p1|Rillaboom, L50, F|\n|poke|p1|Tyranitar, L50, M|\n|poke|p1|Talonflame, L50, M|\n|poke|p1|Gholdengo, L50|\n|poke|p1|Milotic, L50, F|\n|poke|p2|Vivillon, L50, F|\n|poke|p2|Gliscor, L50, M|\n|poke|p2|Archaludon, L50, M|\n|poke|p2|Kingambit, L50, M|\n|poke|p2|Incineroar, L50, M|\n|poke|p2|Ninetales-Alola, L50, F|\n|teampreview|4\n|inactive|Battle timer is ON: inactive players will automatically lose when time's up. (requested by VGCLTH lily)\n|inactiveoff|Battle timer is now OFF.\n|j| RNGeez RandBats\n|c|\u2606VGCLTH Rishi|Glhd\n|c|\u2606VGCLTH lily|goat arrived\n|c|\u2606VGCLTH Rishi|hf*\n|c|\u2606VGCLTH lily|0-0\n|c|\u2606VGCLTH Rishi|uwu\n|c|\u2606VGCLTH lily|:>\n|c|\u2606VGCLTH lily|i see u grinded up tho\n|\n|t:|1731596948\n|start\n|switch|p1a: Milotic|Milotic, L50, F|100\/100\n|switch|p1b: Kommo-o|Kommo-o, L50, F|100\/100\n|switch|p2a: Archaludon|Archaludon, L50, M, shiny|100\/100\n|switch|p2b: Kingambit|Kingambit, L50, M, shiny|100\/100\n|turn|1\n|j| vgclth elowyn\n|\n|t:|1731596988\n|-terastallize|p2b: Kingambit|Flying\n|move|p1b: Kommo-o|Protect|p1b: Kommo-o\n|-singleturn|p1b: Kommo-o|Protect\n|move|p1a: Milotic|Protect|p1a: Milotic\n|-singleturn|p1a: Milotic|Protect\n|move|p2a: Archaludon|Electro Shot||[still]\n|-prepare|p2a: Archaludon|Electro Shot\n|-boost|p2a: Archaludon|spa|1\n|-enditem|p2a: Archaludon|Power Herb\n|-anim|p2a: Archaludon|Electro Shot|p1b: Kommo-o\n|-activate|p1b: Kommo-o|move: Protect\n|move|p2b: Kingambit|Assurance|p1b: Kommo-o\n|-activate|p1b: Kommo-o|move: Protect\n|\n|upkeep\n|turn|2\n|c|\u2606VGCLTH Rishi|Ye\n|\n|t:|1731597027\n|-terastallize|p1b: Kommo-o|Steel\n|move|p2a: Archaludon|Thunderbolt|p1a: Milotic\n|-supereffective|p1a: Milotic\n|-damage|p1a: Milotic|42\/100\n|-enditem|p1a: Milotic|Sitrus Berry|[eat]\n|-heal|p1a: Milotic|67\/100|[from] item: Sitrus Berry\n|move|p1b: Kommo-o|Iron Defense|p1b: Kommo-o\n|-boost|p1b: Kommo-o|def|2\n|move|p1a: Milotic|Ice Beam|p2b: Kingambit\n|-supereffective|p2b: Kingambit\n|-damage|p2b: Kingambit|65\/100\n|-status|p2b: Kingambit|frz\n|cant|p2b: Kingambit|frz\n|\n|upkeep\n|turn|3\n|c|\u2606VGCLTH lily|yeah no i had that coming\n|c|\u2606VGCLTH Rishi|ooft\n|\n|t:|1731597065\n|switch|p2b: Ninetales|Ninetales-Alola, L50, F, shiny|100\/100\n|-weather|Snow|[from] ability: Snow Warning|[of] p2b: Ninetales\n|move|p2a: Archaludon|Protect|p2a: Archaludon\n|-singleturn|p2a: Archaludon|Protect\n|move|p1b: Kommo-o|Body Press|p2a: Archaludon\n|-activate|p2a: Archaludon|move: Protect\n|move|p1a: Milotic|Scald|p2b: Ninetales\n|-damage|p2b: Ninetales|50\/100\n|\n|-weather|Snow|[upkeep]\n|upkeep\n|turn|4\n|\n|t:|1731597082\n|switch|p1a: Gholdengo|Gholdengo, L50|100\/100\n|move|p2b: Ninetales|Aurora Veil|p2b: Ninetales\n|-sidestart|p2: VGCLTH lily|move: Aurora Veil\n|move|p2a: Archaludon|Thunderbolt|p1b: Kommo-o\n|-crit|p1b: Kommo-o\n|-damage|p1b: Kommo-o|48\/100\n|move|p1b: Kommo-o|Body Press|p2a: Archaludon\n|-supereffective|p2a: Archaludon\n|-damage|p2a: Archaludon|10\/100\n|\n|-weather|Snow|[upkeep]\n|-heal|p1b: Kommo-o|54\/100|[from] item: Leftovers\n|upkeep\n|turn|5\n|j| winterbreak\n|\n|t:|1731597108\n|move|p2a: Archaludon|Protect|p2a: Archaludon\n|-singleturn|p2a: Archaludon|Protect\n|move|p2b: Ninetales|Blizzard|p1a: Gholdengo|[spread] p1a,p1b\n|-resisted|p1a: Gholdengo\n|-resisted|p1b: Kommo-o\n|-damage|p1a: Gholdengo|83\/100\n|-damage|p1b: Kommo-o|40\/100\n|move|p1a: Gholdengo|Make It Rain|p2a: Archaludon|[spread] p2b\n|-activate|p2a: Archaludon|move: Protect\n|-supereffective|p2b: Ninetales\n|-damage|p2b: Ninetales|0 fnt\n|-unboost|p1a: Gholdengo|spa|1\n|faint|p2b: Ninetales\n|move|p1b: Kommo-o|Iron Defense|p1b: Kommo-o\n|-boost|p1b: Kommo-o|def|2\n|\n|-weather|Snow|[upkeep]\n|-heal|p1b: Kommo-o|46\/100|[from] item: Leftovers\n|upkeep\n|\n|t:|1731597117\n|switch|p2b: Gliscor|Gliscor, L50, M, shiny|100\/100\n|turn|6\n|\n|t:|1731597127\n|switch|p2a: Kingambit|Kingambit, L50, M, shiny, tera:Flying|65\/100 frz\n|switch|p1a: Milotic|Milotic, L50, F|67\/100\n|move|p1b: Kommo-o|Protect|p1b: Kommo-o\n|-singleturn|p1b: Kommo-o|Protect\n|move|p2b: Gliscor|Earthquake|p1a: Milotic|[spread] p1a\n|-activate|p1b: Kommo-o|move: Protect\n|-immune|p2a: Kingambit\n|-damage|p1a: Milotic|20\/100\n|\n|-weather|Snow|[upkeep]\n|-heal|p1b: Kommo-o|52\/100|[from] item: Leftovers\n|upkeep\n|turn|7\n|\n|t:|1731597149\n|switch|p1a: Talonflame|Talonflame, L50, M|100\/100\n|move|p2b: Gliscor|Earthquake|p1a: Talonflame|[spread] p1b\n|-immune|p2a: Kingambit\n|-immune|p1a: Talonflame\n|-supereffective|p1b: Kommo-o\n|-damage|p1b: Kommo-o|31\/100\n|move|p1b: Kommo-o|Body Press|p2a: Kingambit\n|-resisted|p2a: Kingambit\n|-damage|p2a: Kingambit|32\/100 frz\n|-curestatus|p2a: Kingambit|frz|[msg]\n|move|p2a: Kingambit|Low Kick|p1b: Kommo-o\n|-supereffective|p1b: Kommo-o\n|-damage|p1b: Kommo-o|17\/100\n|\n|-weather|none\n|-heal|p1b: Kommo-o|23\/100|[from] item: Leftovers\n|upkeep\n|turn|8\n|c|\u2606VGCLTH lily|oml\n|c|\u2606VGCLTH lily|it thawed\n|c|\u2606VGCLTH lily|lol\n|\n|t:|1731597180\n|move|p1a: Talonflame|Tailwind|p1a: Talonflame\n|-sidestart|p1: VGCLTH Rishi|move: Tailwind\n|move|p1b: Kommo-o|Body Press|p2a: Kingambit\n|-resisted|p2a: Kingambit\n|-damage|p2a: Kingambit|0 fnt\n|faint|p2a: Kingambit\n|move|p2b: Gliscor|Earthquake|p1b: Kommo-o|[spread] p1b\n|-immune|p1a: Talonflame\n|-supereffective|p1b: Kommo-o\n|-damage|p1b: Kommo-o|2\/100\n|\n|-heal|p1b: Kommo-o|8\/100|[from] item: Leftovers\n|-sideend|p2: VGCLTH lily|move: Aurora Veil\n|upkeep\n|\n|t:|1731597190\n|switch|p2a: Archaludon|Archaludon, L50, M, shiny|10\/100\n|turn|9\n|-message|VGCLTH lily forfeited.\n|\n|win|VGCLTH Rishi\n|raw|VGCLTH Rishi's rating: 1804 &rarr; <strong>1820<\/strong><br \/>(+16 for winning)\n|raw|VGCLTH lily's rating: 1735 &rarr; <strong>1719<\/strong><br \/>(-16 for losing)\n|c|\u2606VGCLTH lily|gg\n|l|\u2606VGCLTH lily\n|player|p2|\n|l| RNGeez RandBats\n|c|\u2606VGCLTH Rishi|Gg\n|l|\u2606VGCLTH Rishi\n|player|p1|\n|l| winterbreak\n|l| vgclth elowyn\n","uploadtime":1731597359,"views":20,"formatid":"gen9vgc2024regh","rating":1719,"private":0,"password":null}