{"id":"gen9vgc2024regh-2243199614","format":"[Gen 9] VGC 2024 Reg H","players":["VGCLTH Cuwutie","srvoltmike"],"log":"|badge|p2|bronze|gen9doublesou|100-3\n|uhtml|medal-msg|<div class=\"broadcast-blue\">Curious what those medals under the avatar are? PS now has Ladder Seasons! For more information, check out the <a href=\"https:\/\/www.smogon.com\/forums\/threads\/3740067\/\">thread on Smogon.<\/a><\/div>\n|raw|<div class=\"broadcast-blue\"><strong>This battle is required to be public due to a player having a name starting with 'vgclth'.<\/div>\n|j|\u2606VGCLTH Cuwutie\n|j|\u2606srvoltmike\n|t:|1731521338\n|gametype|doubles\n|player|p1|VGCLTH Cuwutie|102|1740\n|player|p2|srvoltmike|irida|1699\n|teamsize|p1|6\n|teamsize|p2|6\n|gen|9\n|tier|[Gen 9] VGC 2024 Reg H\n|rated|\n|rule|Species Clause: Limit one of each Pok\u00e9mon\n|rule|Item Clause: Limit 1 of each item\n|clearpoke\n|poke|p1|Smeargle, L50, M|\n|poke|p1|Farigiraf, L50, M|\n|poke|p1|Grimmsnarl, L50, M|\n|poke|p1|Torkoal, L50, F|\n|poke|p1|Ursaluna-Bloodmoon, L50, M|\n|poke|p1|Weezing-Galar, L50, M|\n|poke|p2|Pelipper, L50, F|\n|poke|p2|Archaludon, L50, M|\n|poke|p2|Incineroar, L50, F|\n|poke|p2|Basculegion, L50, M|\n|poke|p2|Sinistcha, L50|\n|poke|p2|Snorlax, L50, F|\n|teampreview|4\n|inactive|Battle timer is ON: inactive players will automatically lose when time's up. (requested by srvoltmike)\n|\n|t:|1731521363\n|start\n|switch|p1a: Smeargle|Smeargle, L50, M|100\/100\n|switch|p1b: Farigiraf|Farigiraf, L50, M|100\/100\n|switch|p2a: Sinistcha|Sinistcha, L50|100\/100\n|switch|p2b: Incineroar|Incineroar, L50, F|100\/100\n|-ability|p2b: Incineroar|Intimidate|boost\n|-unboost|p1a: Smeargle|atk|1\n|-enditem|p1a: Smeargle|Eject Pack\n|-unboost|p1b: Farigiraf|atk|1\n|\n|t:|1731521371\n|switch|p1a: Weezing|Weezing-Galar, L50, M|100\/100\n|-ability|p1a: Weezing|Neutralizing Gas\n|turn|1\n|\n|t:|1731521382\n|move|p2b: Incineroar|Knock Off|p1b: Farigiraf\n|-supereffective|p1b: Farigiraf\n|-damage|p1b: Farigiraf|26\/100\n|-enditem|p1b: Farigiraf|Mental Herb|[from] move: Knock Off|[of] p2b: Incineroar\n|move|p2a: Sinistcha|Matcha Gotcha|p1b: Farigiraf|[spread] p1a,p1b\n|-resisted|p1a: Weezing\n|-damage|p1a: Weezing|82\/100\n|-damage|p1b: Farigiraf|4\/100\n|-status|p1b: Farigiraf|brn\n|move|p1a: Weezing|Fire Blast|p2a: Sinistcha|[miss]\n|-miss|p1a: Weezing|p2a: Sinistcha\n|move|p1b: Farigiraf|Trick Room|p1b: Farigiraf\n|-fieldstart|move: Trick Room|[of] p1b: Farigiraf\n|\n|-damage|p1b: Farigiraf|0 fnt|[from] brn\n|faint|p1b: Farigiraf\n|upkeep\n|j| alegamer2004\n|\n|t:|1731521387\n|switch|p1b: Torkoal|Torkoal, L50, F|100\/100\n|turn|2\n|inactive|VGCLTH Cuwutie has 30 seconds left.\n|inactive|srvoltmike has 30 seconds left.\n|\n|t:|1731521418\n|-terastallize|p1b: Torkoal|Fire\n|-terastallize|p2a: Sinistcha|Water\n|move|p1b: Torkoal|Eruption|p2a: Sinistcha|[spread] p2a,p2b\n|-resisted|p2a: Sinistcha\n|-resisted|p2b: Incineroar\n|-damage|p2a: Sinistcha|57\/100\n|-damage|p2b: Incineroar|63\/100\n|move|p1a: Weezing|Dazzling Gleam|p2b: Incineroar|[spread] p2a,p2b\n|-damage|p2a: Sinistcha|33\/100\n|-damage|p2b: Incineroar|37\/100\n|move|p2a: Sinistcha|Strength Sap|p1b: Torkoal\n|-unboost|p1b: Torkoal|atk|1\n|-heal|p2a: Sinistcha|83\/100\n|move|p2b: Incineroar|Parting Shot|p1a: Weezing\n|-unboost|p1a: Weezing|atk|1\n|-unboost|p1a: Weezing|spa|1\n|\n|t:|1731521435\n|switch|p2b: Snorlax|Snorlax, L50, F|100\/100|[from] Parting Shot\n|\n|-heal|p2a: Sinistcha|89\/100|[from] item: Leftovers\n|upkeep\n|turn|3\n|\n|t:|1731521445\n|-end|p1a: Weezing|ability: Neutralizing Gas\n|-weather|SunnyDay|[from] ability: Drought|[of] p1b: Torkoal\n|switch|p1a: Smeargle|Smeargle, L50, M|100\/100\n|move|p1b: Torkoal|Eruption|p2a: Sinistcha|[spread] p2a,p2b\n|-resisted|p2a: Sinistcha\n|-damage|p2a: Sinistcha|24\/100\n|-damage|p2b: Snorlax|56\/100\n|move|p2b: Snorlax|Double-Edge|p1b: Torkoal\n|-damage|p1b: Torkoal|60\/100\n|-damage|p2b: Snorlax|47\/100|[from] Recoil\n|-enditem|p2b: Snorlax|Sitrus Berry|[eat]\n|-heal|p2b: Snorlax|72\/100|[from] item: Sitrus Berry\n|move|p2a: Sinistcha|Strength Sap|p1b: Torkoal\n|-unboost|p1b: Torkoal|atk|1\n|-heal|p2a: Sinistcha|58\/100\n|\n|-weather|SunnyDay|[upkeep]\n|-heal|p2a: Sinistcha|64\/100|[from] item: Leftovers\n|-ability|p1a: Smeargle|Moody|boost\n|-boost|p1a: Smeargle|atk|2\n|-unboost|p1a: Smeargle|spe|1\n|upkeep\n|turn|4\n|\n|t:|1731521456\n|switch|p2a: Pelipper|Pelipper, L50, F|100\/100\n|-weather|RainDance|[from] ability: Drizzle|[of] p2a: Pelipper\n|move|p1b: Torkoal|Eruption|p2b: Snorlax|[spread] p2a,p2b\n|-resisted|p2a: Pelipper\n|-damage|p2a: Pelipper|78\/100\n|-damage|p2b: Snorlax|64\/100\n|move|p2b: Snorlax|Earthquake|p1b: Torkoal|[spread] p1a,p1b\n|-immune|p2a: Pelipper\n|-supereffective|p1b: Torkoal\n|-damage|p1a: Smeargle|56\/100\n|-damage|p1b: Torkoal|30\/100\n|move|p1a: Smeargle|Spore|p2a: Pelipper\n|-status|p2a: Pelipper|slp|[from] move: Spore\n|\n|-weather|RainDance|[upkeep]\n|-ability|p1a: Smeargle|Moody|boost\n|-boost|p1a: Smeargle|def|2\n|-unboost|p1a: Smeargle|spe|1\n|upkeep\n|turn|5\n|j| Curlyfry9\n|\n|t:|1731521475\n|switch|p1b: Weezing|Weezing-Galar, L50, M|82\/100\n|-ability|p1b: Weezing|Neutralizing Gas\n|switch|p2a: Incineroar|Incineroar, L50, F|37\/100\n|move|p2b: Snorlax|Protect|p2b: Snorlax\n|-singleturn|p2b: Snorlax|Protect\n|move|p1a: Smeargle|Spore|p2b: Snorlax\n|-activate|p2b: Snorlax|move: Protect\n|\n|-weather|RainDance|[upkeep]\n|-fieldend|move: Trick Room\n|upkeep\n|turn|6\n|l| Curlyfry9\n|inactive|srvoltmike has 30 seconds left.\n|\n|t:|1731521504\n|move|p2a: Incineroar|Fake Out|p1a: Smeargle\n|-damage|p1a: Smeargle|42\/100\n|cant|p1a: Smeargle|flinch\n|move|p1b: Weezing|Dazzling Gleam|p2b: Snorlax|[spread] p2a,p2b\n|-damage|p2a: Incineroar|12\/100\n|-damage|p2b: Snorlax|45\/100\n|move|p2b: Snorlax|Earthquake|p1a: Smeargle|[spread] p2a,p1a,p1b\n|-supereffective|p2a: Incineroar\n|-supereffective|p1b: Weezing\n|-damage|p2a: Incineroar|0 fnt\n|-damage|p1a: Smeargle|16\/100\n|-damage|p1b: Weezing|46\/100\n|faint|p2a: Incineroar\n|\n|-weather|RainDance|[upkeep]\n|upkeep\n|\n|t:|1731521512\n|switch|p2a: Sinistcha|Sinistcha, L50, tera:Water|64\/100\n|turn|7\n|\n|t:|1731521524\n|move|p2b: Snorlax|Protect|p2b: Snorlax\n|-singleturn|p2b: Snorlax|Protect\n|move|p2a: Sinistcha|Matcha Gotcha|p1a: Smeargle|[spread] p1a,p1b\n|-resisted|p1b: Weezing\n|-damage|p1a: Smeargle|0 fnt\n|-heal|p2a: Sinistcha|71\/100|[from] drain|[of] p1a: Smeargle\n|-damage|p1b: Weezing|29\/100\n|-heal|p2a: Sinistcha|80\/100|[from] drain|[of] p1b: Weezing\n|-status|p1b: Weezing|brn\n|faint|p1a: Smeargle\n|move|p1b: Weezing|Dazzling Gleam|p2b: Snorlax|[spread] p2a\n|-activate|p2b: Snorlax|move: Protect\n|-damage|p2a: Sinistcha|56\/100\n|\n|-weather|RainDance|[upkeep]\n|-heal|p2a: Sinistcha|62\/100|[from] item: Leftovers\n|-damage|p1b: Weezing|23\/100 brn|[from] brn\n|upkeep\n|\n|t:|1731521530\n|switch|p1a: Torkoal|Torkoal, L50, F, tera:Fire|30\/100\n|turn|8\n|\n|t:|1731521544\n|move|p2a: Sinistcha|Strength Sap|p1a: Torkoal\n|-unboost|p1a: Torkoal|atk|1\n|-heal|p2a: Sinistcha|100\/100\n|move|p1b: Weezing|Dazzling Gleam|p2b: Snorlax|[spread] p2a,p2b\n|-damage|p2a: Sinistcha|75\/100\n|-damage|p2b: Snorlax|25\/100\n|move|p2b: Snorlax|Earthquake|p1b: Weezing|[spread] p2a,p1a,p1b\n|-supereffective|p1a: Torkoal\n|-supereffective|p1b: Weezing\n|-damage|p2a: Sinistcha|56\/100\n|-damage|p1a: Torkoal|0 fnt\n|-damage|p1b: Weezing|0 fnt\n|faint|p1a: Torkoal\n|faint|p1b: Weezing\n|-end|p1b: Weezing|ability: Neutralizing Gas\n|-heal|p2b: Snorlax|50\/100|[from] ability: Hospitality|[of] p2a: Sinistcha\n|\n|win|srvoltmike\n|raw|VGCLTH Cuwutie's rating: 1715 &rarr; <strong>1694<\/strong><br \/>(-21 for losing)\n|raw|srvoltmike's rating: 1699 &rarr; <strong>1720<\/strong><br \/>(+21 for winning)\n|l| alegamer2004\n|j| VGCLTH 2thyfor\n|l|\u2606srvoltmike\n|player|p2|\n|l|\u2606VGCLTH Cuwutie\n|player|p1|\n|l|vgclth2thyfor\n","uploadtime":1731521561,"views":45,"formatid":"gen9vgc2024regh","rating":1694,"private":0,"password":null}