{"id":"gen9vgc2024regh-2243994366","format":"[Gen 9] VGC 2024 Reg H","players":["VGCLTH Carrots","jbleacher2"],"log":"|raw|<div class=\"broadcast-blue\"><strong>This battle is required to be public due to a player having a name starting with 'vgclth'.<\/div>\n|j|\u2606VGCLTH Carrots\n|j|\u2606jbleacher2\n|t:|1731619173\n|gametype|doubles\n|player|p1|VGCLTH Carrots|266|1759\n|player|p2|jbleacher2|101|1862\n|teamsize|p1|6\n|teamsize|p2|6\n|gen|9\n|tier|[Gen 9] VGC 2024 Reg H\n|rated|\n|rule|Species Clause: Limit one of each Pok\u00e9mon\n|rule|Item Clause: Limit 1 of each item\n|clearpoke\n|poke|p1|Rillaboom, L50, F|\n|poke|p1|Kingambit, L50, M|\n|poke|p1|Sneasler, L50, F|\n|poke|p1|Dragonite, L50, F|\n|poke|p1|Gastrodon, L50, F|\n|poke|p1|Ceruledge, L50, M|\n|poke|p2|Murkrow, L50, M|\n|poke|p2|Volcarona, L50, F|\n|poke|p2|Oricorio-Pom-Pom, L50, F|\n|poke|p2|Quaquaval, L50, F|\n|poke|p2|Archaludon, L50, M|\n|poke|p2|Golduck, L50, M|\n|teampreview|4\n|inactive|Battle timer is ON: inactive players will automatically lose when time's up. (requested by jbleacher2)\n|inactive|VGCLTH Carrots also wants the timer to be on.\n|\n|t:|1731619188\n|start\n|switch|p1a: Sneasler|Sneasler, L50, F|100\/100\n|switch|p1b: Dragonite|Dragonite, L50, F|100\/100\n|switch|p2a: Quaquaval|Quaquaval, L50, F|100\/100\n|switch|p2b: Oricorio|Oricorio-Pom-Pom, L50, F, shiny|100\/100\n|turn|1\n|\n|t:|1731619205\n|-terastallize|p2a: Quaquaval|Ghost\n|move|p2a: Quaquaval|Triple Axel|p1b: Dragonite\n|-supereffective|p1b: Dragonite\n|-damage|p1b: Dragonite|84\/100\n|-supereffective|p1b: Dragonite\n|-damage|p1b: Dragonite|26\/100\n|-supereffective|p1b: Dragonite\n|-damage|p1b: Dragonite|0 fnt\n|faint|p1b: Dragonite\n|-ability|p2a: Quaquaval|Moxie|boost\n|-boost|p2a: Quaquaval|atk|1\n|-hitcount|p1: Dragonite|3\n|move|p1a: Sneasler|Coaching|p1: Dragonite|[notarget]\n|-fail|p1a: Sneasler\n|move|p2b: Oricorio|Revelation Dance|p1a: Sneasler\n|-damage|p1a: Sneasler|46\/100\n|\n|upkeep\n|\n|t:|1731619213\n|switch|p1b: Kingambit|Kingambit, L50, M|100\/100\n|turn|2\n|j| UGCL\n|c| UGCL|bulk up rage fist drain punch tbolt\n|c| UGCL|best anhilape set\n|c|\u2606VGCLTH Carrots|i've been goobed\n|\n|t:|1731619230\n|move|p1b: Kingambit|Sucker Punch|p2a: Quaquaval\n|-supereffective|p2a: Quaquaval\n|-damage|p2a: Quaquaval|0 fnt\n|faint|p2a: Quaquaval\n|move|p1a: Sneasler|Coaching|p1b: Kingambit\n|-boost|p1b: Kingambit|atk|1\n|-boost|p1b: Kingambit|def|1\n|move|p2b: Oricorio|Air Slash|p1b: Kingambit\n|-resisted|p1b: Kingambit\n|-damage|p1b: Kingambit|88\/100\n|\n|upkeep\n|\n|t:|1731619232\n|switch|p2a: Volcarona|Volcarona, L50, F|100\/100\n|turn|3\n|j| Finabas\n|\n|t:|1731619243\n|-terastallize|p1b: Kingambit|Flying\n|move|p1a: Sneasler|Coaching|p1b: Kingambit\n|-boost|p1b: Kingambit|atk|1\n|-boost|p1b: Kingambit|def|1\n|move|p2a: Volcarona|Quiver Dance|p2a: Volcarona\n|-boost|p2a: Volcarona|spa|1\n|-boost|p2a: Volcarona|spd|1\n|-boost|p2a: Volcarona|spe|1\n|-activate|p2b: Oricorio|ability: Dancer\n|move|p2b: Oricorio|Quiver Dance|p2b: Oricorio|[from]ability: Dancer\n|-boost|p2b: Oricorio|spa|1\n|-boost|p2b: Oricorio|spd|1\n|-boost|p2b: Oricorio|spe|1\n|move|p2b: Oricorio|Revelation Dance|p1a: Sneasler\n|-damage|p1a: Sneasler|0 fnt\n|faint|p1a: Sneasler\n|move|p1b: Kingambit|Tera Blast|p2a: Volcarona|[anim] Tera Blast Flying\n|-supereffective|p2a: Volcarona\n|-damage|p2a: Volcarona|0 fnt\n|faint|p2a: Volcarona\n|\n|upkeep\n|\n|t:|1731619251\n|switch|p1a: Rillaboom|Rillaboom, L50, F|100\/100\n|switch|p2a: Archaludon|Archaludon, L50, M|100\/100\n|-fieldstart|move: Grassy Terrain|[from] ability: Grassy Surge|[of] p1a: Rillaboom\n|turn|4\n|\n|t:|1731619258\n|move|p1a: Rillaboom|Fake Out|p2b: Oricorio\n|-damage|p2b: Oricorio|79\/100\n|move|p2b: Oricorio|Revelation Dance|p1b: Kingambit\n|-supereffective|p1b: Kingambit\n|-damage|p1b: Kingambit|10\/100\n|move|p2a: Archaludon|Dragon Pulse|p1b: Kingambit\n|-damage|p1b: Kingambit|0 fnt\n|faint|p1b: Kingambit\n|\n|upkeep\n|turn|5\n|c|\u2606VGCLTH Carrots|AY AY AY\n|c|\u2606VGCLTH Carrots|more goobed\n|-message|VGCLTH Carrots forfeited.\n|\n|win|jbleacher2\n|raw|VGCLTH Carrots's rating: 1759 &rarr; <strong>1745<\/strong><br \/>(-14 for losing)\n|raw|jbleacher2's rating: 1862 &rarr; <strong>1876<\/strong><br \/>(+14 for winning)\n","uploadtime":1731619273,"views":33,"formatid":"gen9vgc2024regh","rating":1745,"private":0,"password":null}