{"id":"gen9vgc2024regh-2243305794","format":"[Gen 9] VGC 2024 Reg H","players":["VGCLTH lily","lightwatt"],"log":"|raw|<div class=\"broadcast-blue\"><strong>This battle is required to be public due to a player having a name starting with 'vgclth'.<\/div>\n|j|\u2606VGCLTH lily\n|j|\u2606lightwatt\n|t:|1731531581\n|gametype|doubles\n|player|p1|VGCLTH lily|akari|1660\n|player|p2|lightwatt|palmer|1702\n|teamsize|p1|6\n|teamsize|p2|6\n|gen|9\n|tier|[Gen 9] VGC 2024 Reg H\n|rated|\n|rule|Species Clause: Limit one of each Pok\u00e9mon\n|rule|Item Clause: Limit 1 of each item\n|clearpoke\n|poke|p1|Indeedee, L50, M|\n|poke|p1|Garchomp, L50, F|\n|poke|p1|Archaludon, L50, F|\n|poke|p1|Sneasler, L50, M|\n|poke|p1|Basculegion, L50, M|\n|poke|p1|Pelipper, L50, F|\n|poke|p2|Gothitelle, L50, F|\n|poke|p2|Amoonguss, L50, M|\n|poke|p2|Ursaluna-Bloodmoon, L50, M|\n|poke|p2|Tyranitar, L50, F|\n|poke|p2|Incineroar, L50, M|\n|poke|p2|Annihilape, L50, F|\n|teampreview|4\n|inactive|Battle timer is ON: inactive players will automatically lose when time's up. (requested by lightwatt)\n|inactive|VGCLTH lily also wants the timer to be on.\n|c|\u2606VGCLTH lily|oh\n|inactive|VGCLTH lily has 60 seconds left.\n|inactive|lightwatt has 60 seconds left.\n|\n|t:|1731531632\n|start\n|switch|p1a: Garchomp|Garchomp, L50, F|100\/100\n|switch|p1b: Basculegion|Basculegion, L50, M|100\/100\n|switch|p2a: Incineroar|Incineroar, L50, M|100\/100\n|switch|p2b: Annihilape|Annihilape, L50, F|100\/100\n|-ability|p2a: Incineroar|Intimidate|boost\n|-unboost|p1a: Garchomp|atk|1\n|-unboost|p1b: Basculegion|atk|1\n|turn|1\n|\n|t:|1731531653\n|move|p1a: Garchomp|Protect|p1a: Garchomp\n|-singleturn|p1a: Garchomp|Protect\n|move|p2a: Incineroar|Fake Out|p1a: Garchomp\n|-activate|p1a: Garchomp|move: Protect\n|move|p2b: Annihilape|Bulk Up|p2b: Annihilape\n|-boost|p2b: Annihilape|atk|1\n|-boost|p2b: Annihilape|def|1\n|move|p1b: Basculegion|Flip Turn|p2b: Annihilape\n|-damage|p2b: Annihilape|82\/100\n|\n|t:|1731531667\n|switch|p1b: Indeedee|Indeedee, L50, M|100\/100|[from] Flip Turn\n|-fieldstart|move: Psychic Terrain|[from] ability: Psychic Surge|[of] p1b: Indeedee\n|\n|-heal|p2b: Annihilape|88\/100|[from] item: Leftovers\n|upkeep\n|turn|2\n|j| lokoz lost\n|\n|t:|1731531681\n|-terastallize|p1b: Indeedee|Fairy\n|move|p2b: Annihilape|Protect|p2b: Annihilape\n|-singleturn|p2b: Annihilape|Protect\n|move|p1b: Indeedee|Tera Blast|p2a: Incineroar|[anim] Tera Blast Fairy\n|-damage|p2a: Incineroar|70\/100\n|move|p1a: Garchomp|Stomping Tantrum|p2a: Incineroar\n|-supereffective|p2a: Incineroar\n|-crit|p2a: Incineroar\n|-damage|p2a: Incineroar|0 fnt\n|faint|p2a: Incineroar\n|-damage|p1a: Garchomp|91\/100|[from] item: Life Orb\n|\n|-heal|p2b: Annihilape|94\/100|[from] item: Leftovers\n|upkeep\n|c|\u2606VGCLTH lily|sry\n|\n|t:|1731531692\n|switch|p2a: Gothitelle|Gothitelle, L50, F|100\/100\n|turn|3\n|\n|t:|1731531707\n|-terastallize|p2b: Annihilape|Water\n|move|p1b: Indeedee|Tera Blast|p2b: Annihilape|[anim] Tera Blast Fairy\n|-damage|p2b: Annihilape|59\/100\n|move|p1a: Garchomp|Stomping Tantrum|p2b: Annihilape\n|-damage|p2b: Annihilape|35\/100\n|-damage|p1a: Garchomp|81\/100|[from] item: Life Orb\n|move|p2b: Annihilape|Rage Fist|p1a: Garchomp\n|-damage|p1a: Garchomp|0 fnt\n|-damage|p2b: Annihilape|22\/100|[from] ability: Rough Skin|[of] p1a: Garchomp\n|faint|p1a: Garchomp\n|move|p2a: Gothitelle|Trick Room|p2a: Gothitelle\n|-fieldstart|move: Trick Room|[of] p2a: Gothitelle\n|\n|-heal|p2b: Annihilape|28\/100|[from] item: Leftovers\n|upkeep\n|\n|t:|1731531720\n|switch|p1a: Archaludon|Archaludon, L50, F|100\/100\n|turn|4\n|l| lokoz lost\n|\n|t:|1731531730\n|switch|p2a: Tyranitar|Tyranitar, L50, F|100\/100\n|-weather|Sandstorm|[from] ability: Sand Stream|[of] p2a: Tyranitar\n|move|p2b: Annihilape|Protect|p2b: Annihilape\n|-singleturn|p2b: Annihilape|Protect\n|move|p1a: Archaludon|Dragon Pulse|p2b: Annihilape\n|-activate|p2b: Annihilape|move: Protect\n|move|p1b: Indeedee|Tera Blast|p2b: Annihilape|[anim] Tera Blast Fairy\n|-activate|p2b: Annihilape|move: Protect\n|\n|-weather|Sandstorm|[upkeep]\n|-damage|p2b: Annihilape|22\/100|[from] Sandstorm\n|-damage|p1b: Indeedee|95\/100|[from] Sandstorm\n|-heal|p2b: Annihilape|28\/100|[from] item: Leftovers\n|upkeep\n|turn|5\n|\n|t:|1731531752\n|switch|p1a: Basculegion|Basculegion, L50, M|100\/100\n|switch|p2b: Gothitelle|Gothitelle, L50, F|100\/100\n|move|p2a: Tyranitar|Low Kick|p1a: Basculegion\n|-immune|p1a: Basculegion\n|move|p1b: Indeedee|Tera Blast|p2b: Gothitelle|[anim] Tera Blast Fairy\n|-damage|p2b: Gothitelle|63\/100\n|\n|-weather|Sandstorm|[upkeep]\n|-damage|p2b: Gothitelle|57\/100|[from] Sandstorm\n|-damage|p1a: Basculegion|94\/100|[from] Sandstorm\n|-damage|p1b: Indeedee|89\/100|[from] Sandstorm\n|-fieldend|move: Psychic Terrain\n|upkeep\n|turn|6\n|\n|t:|1731531769\n|switch|p1a: Archaludon|Archaludon, L50, F|100\/100\n|move|p2b: Gothitelle|Psychic|p1b: Indeedee\n|-damage|p1b: Indeedee|48\/100\n|move|p2a: Tyranitar|Rock Slide|p1b: Indeedee|[spread] p1a,p1b\n|-resisted|p1a: Archaludon\n|-damage|p1a: Archaludon|90\/100\n|-damage|p1b: Indeedee|0 fnt\n|-ability|p1a: Archaludon|Stamina|boost\n|-boost|p1a: Archaludon|def|1\n|faint|p1b: Indeedee\n|\n|-weather|Sandstorm|[upkeep]\n|-damage|p2b: Gothitelle|51\/100|[from] Sandstorm\n|upkeep\n|\n|t:|1731531776\n|switch|p1b: Basculegion|Basculegion, L50, M|94\/100\n|turn|7\n|\n|t:|1731531791\n|move|p1b: Basculegion|Aqua Jet|p2b: Gothitelle\n|-damage|p2b: Gothitelle|30\/100\n|move|p2b: Gothitelle|Psychic|p1b: Basculegion\n|-damage|p1b: Basculegion|64\/100\n|move|p2a: Tyranitar|Knock Off|p1b: Basculegion\n|-supereffective|p1b: Basculegion\n|-damage|p1b: Basculegion|0 fnt\n|-enditem|p1b: Basculegion|Choice Band|[from] move: Knock Off|[of] p2a: Tyranitar\n|faint|p1b: Basculegion\n|move|p1a: Archaludon|Body Press|p2a: Tyranitar\n|-supereffective|p2a: Tyranitar\n|-damage|p2a: Tyranitar|0 fnt\n|faint|p2a: Tyranitar\n|\n|-weather|Sandstorm|[upkeep]\n|-damage|p2b: Gothitelle|24\/100|[from] Sandstorm\n|-fieldend|move: Trick Room\n|upkeep\n|\n|t:|1731531794\n|switch|p2a: Annihilape|Annihilape, L50, F, tera:Water|28\/100\n|turn|8\n|j| UGCL\n|\n|t:|1731531806\n|move|p2b: Gothitelle|Helping Hand|p2a: Annihilape\n|-singleturn|p2a: Annihilape|Helping Hand|[of] p2b: Gothitelle\n|move|p2a: Annihilape|Drain Punch|p1a: Archaludon\n|-supereffective|p1a: Archaludon\n|-damage|p1a: Archaludon|37\/100\n|-heal|p2a: Annihilape|53\/100|[from] drain|[of] p1a: Archaludon\n|-ability|p1a: Archaludon|Stamina|boost\n|-boost|p1a: Archaludon|def|1\n|move|p1a: Archaludon|Dragon Pulse|p2b: Gothitelle\n|-damage|p2b: Gothitelle|0 fnt\n|faint|p2b: Gothitelle\n|\n|-weather|none\n|-heal|p2a: Annihilape|59\/100|[from] item: Leftovers\n|upkeep\n|turn|9\n|c|\u2606lightwatt|Im going to be disappointed if youre faster\n|\n|t:|1731531823\n|move|p2a: Annihilape|Rage Fist|p1a: Archaludon\n|-damage|p1a: Archaludon|3\/100\n|-ability|p1a: Archaludon|Stamina|boost\n|-boost|p1a: Archaludon|def|1\n|move|p1a: Archaludon|Body Press|p2a: Annihilape\n|-damage|p2a: Annihilape|0 fnt\n|faint|p2a: Annihilape\n|\n|win|VGCLTH lily\n|raw|VGCLTH lily's rating: 1660 &rarr; <strong>1682<\/strong><br \/>(+22 for winning)\n|raw|lightwatt's rating: 1702 &rarr; <strong>1680<\/strong><br \/>(-22 for losing)\n|c|\u2606VGCLTH lily|fair\n|c|\u2606VGCLTH lily|gg\n|c|\u2606lightwatt|I would hcae liked incin gg\n|l| UGCL\n|l|\u2606VGCLTH lily\n|player|p1|\n|j| volcaronavgc\n|c| volcaronavgc|fair\n|c| volcaronavgc|-=-\n|n|\u2606VGCLTH lily|volcaronavgc\n|player|p1|VGCLTH lily|akari|\n","uploadtime":1731531829,"views":22,"formatid":"gen9vgc2024regh","rating":1680,"private":0,"password":null}