{"id":"gen9vgc2024regh-2243735478","format":"[Gen 9] VGC 2024 Reg H","players":["same blue","vgclth elowyn"],"log":"|raw|<div class=\"broadcast-blue\"><strong>This battle is required to be public due to a player having a name starting with 'vgclth'.<\/div>\n|j|\u2606same blue\n|j|\u2606vgclth elowyn\n|t:|1731593863\n|gametype|doubles\n|player|p1|same blue|265|1802\n|player|p2|vgclth elowyn|1|1826\n|teamsize|p1|6\n|teamsize|p2|6\n|gen|9\n|tier|[Gen 9] VGC 2024 Reg H\n|rated|\n|rule|Species Clause: Limit one of each Pok\u00e9mon\n|rule|Item Clause: Limit 1 of each item\n|clearpoke\n|poke|p1|Gholdengo, L50|\n|poke|p1|Dragonite, L50, F|\n|poke|p1|Incineroar, L50, F|\n|poke|p1|Rillaboom, L50, F|\n|poke|p1|Volcarona, L50, F|\n|poke|p1|Kommo-o, L50, F|\n|poke|p2|Smeargle, L50, F|\n|poke|p2|Farigiraf, L50, M|\n|poke|p2|Maushold-Four, L50|\n|poke|p2|Torkoal, L50, M|\n|poke|p2|Ursaluna-Bloodmoon, L50, M|\n|poke|p2|Weezing-Galar, L50, F|\n|teampreview|4\n|\n|t:|1731593883\n|start\n|switch|p1a: Dragonite|Dragonite, L50, F, shiny|100\/100\n|switch|p1b: Gholdengo|Gholdengo, L50|100\/100\n|switch|p2a: Smeargle|Smeargle, L50, F|100\/100\n|switch|p2b: Farigiraf|Farigiraf, L50, M|100\/100\n|turn|1\n|\n|t:|1731593892\n|move|p2a: Smeargle|Wide Guard|p2a: Smeargle\n|-singleturn|p2a: Smeargle|Wide Guard\n|move|p1b: Gholdengo|Make It Rain|p2b: Farigiraf|[spread] \n|-activate|p2a: Smeargle|move: Wide Guard\n|-activate|p2b: Farigiraf|move: Wide Guard\n|move|p1a: Dragonite|Scale Shot|p2b: Farigiraf\n|-damage|p2b: Farigiraf|87\/100\n|-damage|p2b: Farigiraf|75\/100\n|-damage|p2b: Farigiraf|62\/100\n|-damage|p2b: Farigiraf|49\/100\n|-damage|p2b: Farigiraf|35\/100\n|-hitcount|p2b: Farigiraf|5\n|-unboost|p1a: Dragonite|def|1\n|-boost|p1a: Dragonite|spe|1\n|move|p2b: Farigiraf|Trick Room|p2b: Farigiraf\n|-fieldstart|move: Trick Room|[of] p2b: Farigiraf\n|\n|-ability|p2a: Smeargle|Moody|boost\n|-boost|p2a: Smeargle|def|2\n|-unboost|p2a: Smeargle|spa|1\n|-enditem|p2a: Smeargle|Eject Pack\n|upkeep\n|\n|t:|1731593900\n|switch|p2a: Torkoal|Torkoal, L50, M|100\/100\n|-weather|SunnyDay|[from] ability: Drought|[of] p2a: Torkoal\n|turn|2\n|\n|t:|1731593921\n|-terastallize|p2a: Torkoal|Fire\n|move|p2b: Farigiraf|Helping Hand|p2a: Torkoal\n|-singleturn|p2a: Torkoal|Helping Hand|[of] p2b: Farigiraf\n|move|p1b: Gholdengo|Protect|p1b: Gholdengo\n|-singleturn|p1b: Gholdengo|Protect\n|move|p2a: Torkoal|Eruption|p1a: Dragonite|[spread] p1a\n|-activate|p1b: Gholdengo|move: Protect\n|-resisted|p1a: Dragonite\n|-damage|p1a: Dragonite|42\/100\n|move|p1a: Dragonite|Scale Shot|p2a: Torkoal\n|-damage|p2a: Torkoal|88\/100\n|-damage|p2a: Torkoal|77\/100\n|-damage|p2a: Torkoal|65\/100\n|-damage|p2a: Torkoal|53\/100\n|-damage|p2a: Torkoal|41\/100\n|-hitcount|p2a: Torkoal|5\n|-unboost|p1a: Dragonite|def|1\n|-boost|p1a: Dragonite|spe|1\n|\n|-weather|SunnyDay|[upkeep]\n|upkeep\n|turn|3\n|\n|t:|1731593940\n|move|p2b: Farigiraf|Helping Hand|p2a: Torkoal\n|-singleturn|p2a: Torkoal|Helping Hand|[of] p2b: Farigiraf\n|move|p1a: Dragonite|Protect|p1a: Dragonite\n|-singleturn|p1a: Dragonite|Protect\n|move|p2a: Torkoal|Eruption|p1a: Dragonite|[spread] p1b\n|-activate|p1a: Dragonite|move: Protect\n|-supereffective|p1b: Gholdengo\n|-enditem|p1b: Gholdengo|Focus Sash\n|-damage|p1b: Gholdengo|1\/100\n|move|p1b: Gholdengo|Make It Rain|p2b: Farigiraf|[spread] p2a,p2b\n|-resisted|p2a: Torkoal\n|-crit|p2b: Farigiraf\n|-damage|p2a: Torkoal|12\/100\n|-damage|p2b: Farigiraf|0 fnt\n|-unboost|p1b: Gholdengo|spa|1\n|faint|p2b: Farigiraf\n|\n|-weather|SunnyDay|[upkeep]\n|upkeep\n|\n|t:|1731593949\n|switch|p2b: Ursaluna|Ursaluna-Bloodmoon, L50, M|100\/100\n|turn|4\n|\n|t:|1731593968\n|switch|p2a: Smeargle|Smeargle, L50, F|100\/100\n|move|p1b: Gholdengo|Protect|p1b: Gholdengo\n|-singleturn|p1b: Gholdengo|Protect\n|move|p2b: Ursaluna|Hyper Voice|p1b: Gholdengo|[spread] p1a\n|-activate|p1b: Gholdengo|move: Protect\n|-damage|p1a: Dragonite|0 fnt\n|faint|p1a: Dragonite\n|-damage|p2b: Ursaluna|90\/100|[from] item: Life Orb\n|\n|-weather|SunnyDay|[upkeep]\n|-ability|p2a: Smeargle|Moody|boost\n|-boost|p2a: Smeargle|atk|2\n|-unboost|p2a: Smeargle|spe|1\n|upkeep\n|\n|t:|1731593984\n|switch|p1a: Volcarona|Volcarona, L50, F|100\/100\n|turn|5\n|\n|t:|1731593992\n|switch|p1b: Rillaboom|Rillaboom, L50, F|100\/100\n|-fieldstart|move: Grassy Terrain|[from] ability: Grassy Surge|[of] p1b: Rillaboom\n|move|p1a: Volcarona|Protect|p1a: Volcarona\n|-singleturn|p1a: Volcarona|Protect\n|move|p2b: Ursaluna|Hyper Voice|p1b: Rillaboom|[spread] p1b\n|-activate|p1a: Volcarona|move: Protect\n|-damage|p1b: Rillaboom|64\/100\n|-damage|p2b: Ursaluna|80\/100|[from] item: Life Orb\n|move|p2a: Smeargle|Spore|p1a: Volcarona\n|-activate|p1a: Volcarona|move: Protect\n|\n|-weather|SunnyDay|[upkeep]\n|-heal|p2b: Ursaluna|86\/100|[from] Grassy Terrain\n|-heal|p1b: Rillaboom|70\/100|[from] Grassy Terrain\n|-fieldend|move: Trick Room\n|-ability|p2a: Smeargle|Moody|boost\n|-boost|p2a: Smeargle|atk|2\n|-unboost|p2a: Smeargle|spa|1\n|upkeep\n|turn|6\n|j| vgclth souly\n|\n|t:|1731594028\n|switch|p2a: Torkoal|Torkoal, L50, M, tera:Fire|12\/100\n|move|p2b: Ursaluna|Protect|p2b: Ursaluna\n|-singleturn|p2b: Ursaluna|Protect\n|move|p1b: Rillaboom|Fake Out|p2a: Torkoal\n|-damage|p2a: Torkoal|0 fnt\n|faint|p2a: Torkoal\n|move|p1a: Volcarona|Quiver Dance|p1a: Volcarona\n|-boost|p1a: Volcarona|spa|1\n|-boost|p1a: Volcarona|spd|1\n|-boost|p1a: Volcarona|spe|1\n|\n|-weather|none\n|-heal|p1b: Rillaboom|76\/100|[from] Grassy Terrain\n|-heal|p2b: Ursaluna|92\/100|[from] Grassy Terrain\n|upkeep\n|\n|t:|1731594030\n|switch|p2a: Smeargle|Smeargle, L50, F|100\/100\n|turn|7\n|\n|t:|1731594038\n|move|p2a: Smeargle|Fake Out|p1b: Rillaboom\n|-damage|p1b: Rillaboom|71\/100\n|move|p1a: Volcarona|Heat Wave|p2a: Smeargle|[spread] p2a,p2b\n|-damage|p2a: Smeargle|0 fnt\n|-damage|p2b: Ursaluna|27\/100\n|-status|p2b: Ursaluna|brn\n|faint|p2a: Smeargle\n|cant|p1b: Rillaboom|flinch\n|move|p2b: Ursaluna|Blood Moon|p1b: Rillaboom\n|-crit|p1b: Rillaboom\n|-damage|p1b: Rillaboom|0 fnt\n|faint|p1b: Rillaboom\n|-damage|p2b: Ursaluna|17\/100 brn|[from] item: Life Orb\n|\n|-heal|p2b: Ursaluna|23\/100 brn|[from] Grassy Terrain\n|-damage|p2b: Ursaluna|17\/100 brn|[from] brn\n|upkeep\n|\n|t:|1731594051\n|switch|p1b: Gholdengo|Gholdengo, L50|1\/100\n|turn|8\n|\n|t:|1731594058\n|move|p1a: Volcarona|Tera Blast|p2b: Ursaluna\n|-damage|p2b: Ursaluna|0 fnt\n|faint|p2b: Ursaluna\n|\n|win|same blue\n|raw|same blue's rating: 1802 &rarr; <strong>1823<\/strong><br \/>(+21 for winning)\n|raw|vgclth elowyn's rating: 1826 &rarr; <strong>1805<\/strong><br \/>(-21 for losing)\n|l|\u2606same blue\n|player|p1|\n|l| vgclth souly\n|j| vgclth chromate\n","uploadtime":1731594320,"views":45,"formatid":"gen9vgc2024regh","rating":1805,"private":0,"password":null}