{"id":"gen9vgc2024regh-2243909480","format":"[Gen 9] VGC 2024 Reg H","players":["googer315","carlosaurio326"],"log":"|j|\u2606googer315\n|j|\u2606carlosaurio326\n|t:|1731610749\n|gametype|doubles\n|player|p1|googer315|169|1713\n|player|p2|carlosaurio326|265|1700\n|teamsize|p1|6\n|teamsize|p2|6\n|gen|9\n|tier|[Gen 9] VGC 2024 Reg H\n|rated|\n|rule|Species Clause: Limit one of each Pok\u00e9mon\n|rule|Item Clause: Limit 1 of each item\n|clearpoke\n|poke|p1|Dondozo, L50, F|\n|poke|p1|Tatsugiri, L50, F|\n|poke|p1|Glimmora, L50, F|\n|poke|p1|Maushold, L50|\n|poke|p1|Annihilape, L50, F|\n|poke|p1|Gholdengo, L50|\n|poke|p2|Sylveon, L50, F|\n|poke|p2|Tyranitar, L50, M|\n|poke|p2|Corviknight, L50, M|\n|poke|p2|Maushold, L50|\n|poke|p2|Rotom-Heat, L50|\n|poke|p2|Garchomp, L50, M|\n|teampreview|4\n|inactive|Battle timer is ON: inactive players will automatically lose when time's up. (requested by googer315)\n|\n|t:|1731610763\n|start\n|switch|p1a: Gholdengo|Gholdengo, L50|100\/100\n|switch|p1b: Glimmora|Glimmora, L50, F|100\/100\n|switch|p2a: Maushold|Maushold, L50|100\/100\n|switch|p2b: Sylveon|Sylveon, L50, F|100\/100\n|turn|1\n|\n|t:|1731610781\n|switch|p2b: Garchomp|Garchomp, L50, M|100\/100\n|move|p2a: Maushold|Protect|p2a: Maushold\n|-singleturn|p2a: Maushold|Protect\n|move|p1a: Gholdengo|Make It Rain|p2b: Garchomp|[spread] p2b\n|-activate|p2a: Maushold|move: Protect\n|-damage|p2b: Garchomp|55\/100\n|-unboost|p1a: Gholdengo|spa|1\n|move|p1b: Glimmora|Sludge Bomb|p2a: Maushold\n|-activate|p2a: Maushold|move: Protect\n|\n|upkeep\n|turn|2\n|\n|t:|1731610803\n|switch|p1a: Dondozo|Dondozo, L50, F|100\/100\n|switch|p2a: Rotom|Rotom-Heat, L50|100\/100\n|switch|p1b: Tatsugiri|Tatsugiri, L50, F|100\/100\n|-activate|p1b: Tatsugiri|ability: Commander|[of] p1a: Dondozo\n|-boost|p1a: Dondozo|atk|2\n|-boost|p1a: Dondozo|spa|2\n|-boost|p1a: Dondozo|spe|2\n|-boost|p1a: Dondozo|def|2\n|-boost|p1a: Dondozo|spd|2\n|move|p2b: Garchomp|Earthquake|p1b: Tatsugiri|[spread] p1a\n|-miss|p2b: Garchomp|p1b: Tatsugiri\n|-immune|p2a: Rotom|[from] ability: Levitate\n|-damage|p1a: Dondozo|84\/100\n|-damage|p2b: Garchomp|45\/100|[from] item: Life Orb\n|\n|-heal|p1a: Dondozo|90\/100|[from] item: Leftovers\n|upkeep\n|turn|3\n|\n|t:|1731610825\n|switch|p2b: Maushold|Maushold, L50|100\/100\n|move|p2a: Rotom|Trick|p1a: Dondozo\n|-activate|p2a: Rotom|move: Trick|[of] p1a: Dondozo\n|-item|p1a: Dondozo|Choice Specs|[from] move: Trick\n|-item|p2a: Rotom|Leftovers|[from] move: Trick\n|move|p1a: Dondozo|Wave Crash|p2a: Rotom\n|-supereffective|p2a: Rotom\n|-damage|p2a: Rotom|0 fnt\n|faint|p2a: Rotom\n|-damage|p1a: Dondozo|73\/100|[from] Recoil\n|\n|upkeep\n|\n|t:|1731610839\n|switch|p2a: Sylveon|Sylveon, L50, F|100\/100\n|turn|4\n|\n|t:|1731610848\n|move|p2b: Maushold|Follow Me|p2b: Maushold\n|-singleturn|p2b: Maushold|move: Follow Me\n|move|p1a: Dondozo|Wave Crash|p2b: Maushold\n|-damage|p2b: Maushold|0 fnt\n|faint|p2b: Maushold\n|-damage|p1a: Dondozo|48\/100|[from] Recoil\n|move|p2a: Sylveon|Hyper Voice|p1a: Dondozo|[spread] p1a\n|-miss|p2a: Sylveon|p1b: Tatsugiri\n|-damage|p1a: Dondozo|33\/100\n|-enditem|p2a: Sylveon|Throat Spray\n|-boost|p2a: Sylveon|spa|1|[from] item: Throat Spray\n|\n|upkeep\n|\n|t:|1731610858\n|switch|p2b: Garchomp|Garchomp, L50, M|45\/100\n|turn|5\n|\n|t:|1731610868\n|move|p2a: Sylveon|Protect|p2a: Sylveon\n|-singleturn|p2a: Sylveon|Protect\n|move|p2b: Garchomp|Dragon Claw|p1a: Dondozo\n|-damage|p1a: Dondozo|16\/100\n|-damage|p2b: Garchomp|35\/100|[from] item: Life Orb\n|move|p1a: Dondozo|Wave Crash|p2b: Garchomp\n|-damage|p2b: Garchomp|0 fnt\n|faint|p2b: Garchomp\n|-damage|p1a: Dondozo|7\/100|[from] Recoil\n|\n|upkeep\n|turn|6\n|\n|t:|1731610881\n|move|p1a: Dondozo|Wave Crash|p2a: Sylveon\n|-damage|p2a: Sylveon|0 fnt\n|faint|p2a: Sylveon\n|-damage|p1a: Dondozo|0 fnt|[from] Recoil\n|faint|p1a: Dondozo\n|\n|win|googer315\n|raw|googer315's rating: 1713 &rarr; <strong>1732<\/strong><br \/>(+19 for winning)\n|raw|carlosaurio326's rating: 1700 &rarr; <strong>1681<\/strong><br \/>(-19 for losing)\n|l|\u2606carlosaurio326\n|player|p2|\n","uploadtime":1731611104,"views":21,"formatid":"gen9vgc2024regh","rating":1681,"private":0,"password":null}