{"id":"gen9vgc2024regh-2243258302","format":"[Gen 9] VGC 2024 Reg H","players":["VGCLTH Rishi","VGCLTH MINAMISIMP"],"log":"|raw|<div class=\"broadcast-blue\"><strong>This battle is required to be public due to a player having a name starting with 'vgclth'.<\/div>\n|j|\u2606VGCLTH Rishi\n|j|\u2606VGCLTH MINAMISIMP\n|t:|1731526890\n|gametype|doubles\n|player|p1|VGCLTH Rishi|shauntal|1711\n|player|p2|VGCLTH MINAMISIMP|miku-water|1721\n|teamsize|p1|6\n|teamsize|p2|6\n|gen|9\n|tier|[Gen 9] VGC 2024 Reg H\n|rated|\n|rule|Species Clause: Limit one of each Pok\u00e9mon\n|rule|Item Clause: Limit 1 of each item\n|clearpoke\n|poke|p1|Kommo-o, L50, M|\n|poke|p1|Rillaboom, L50, F|\n|poke|p1|Tyranitar, L50, F|\n|poke|p1|Talonflame, L50, M|\n|poke|p1|Gholdengo, L50|\n|poke|p1|Milotic, L50, F|\n|poke|p2|Archaludon, L50, F|\n|poke|p2|Pelipper, L50, F|\n|poke|p2|Electabuzz, L50, M|\n|poke|p2|Kingambit, L50, M|\n|poke|p2|Rillaboom, L50, F|\n|poke|p2|Basculegion, L50, M|\n|teampreview|4\n|inactive|Battle timer is ON: inactive players will automatically lose when time's up. (requested by VGCLTH MINAMISIMP)\n|inactive|VGCLTH Rishi has 60 seconds left.\n|\n|t:|1731526922\n|start\n|switch|p1a: Gholdengo|Gholdengo, L50|100\/100\n|switch|p1b: Tyranitar|Tyranitar, L50, F|100\/100\n|switch|p2a: Kingambit|Kingambit, L50, M|100\/100\n|switch|p2b: Rillaboom|Rillaboom, L50, F|100\/100\n|-fieldstart|move: Grassy Terrain|[from] ability: Grassy Surge|[of] p2b: Rillaboom\n|-weather|Sandstorm|[from] ability: Sand Stream|[of] p1b: Tyranitar\n|turn|1\n|\n|t:|1731526934\n|switch|p1a: Kommo-o|Kommo-o, L50, M|100\/100\n|switch|p1b: Talonflame|Talonflame, L50, M|100\/100\n|move|p2b: Rillaboom|Fake Out|p1b: Talonflame\n|-damage|p1b: Talonflame|77\/100\n|move|p2a: Kingambit|Swords Dance|p2a: Kingambit\n|-boost|p2a: Kingambit|atk|2\n|\n|-weather|Sandstorm|[upkeep]\n|-damage|p2b: Rillaboom|94\/100|[from] Sandstorm\n|-heal|p2b: Rillaboom|100\/100|[from] Grassy Terrain\n|upkeep\n|turn|2\n|j| 2thyfor\n|\n|t:|1731526958\n|switch|p2b: Basculegion|Basculegion, L50, M|100\/100\n|-terastallize|p2a: Kingambit|Dark\n|move|p1b: Talonflame|Tailwind|p1b: Talonflame\n|-sidestart|p1: VGCLTH Rishi|move: Tailwind\n|move|p1a: Kommo-o|Iron Defense|p1a: Kommo-o\n|-boost|p1a: Kommo-o|def|2\n|move|p2a: Kingambit|Kowtow Cleave|p1a: Kommo-o\n|-resisted|p1a: Kommo-o\n|-damage|p1a: Kommo-o|73\/100\n|\n|-weather|Sandstorm|[upkeep]\n|-damage|p2b: Basculegion|94\/100|[from] Sandstorm\n|-damage|p2a: Kingambit|95\/100|[from] Sandstorm\n|-heal|p1a: Kommo-o|79\/100|[from] Grassy Terrain\n|-heal|p1a: Kommo-o|85\/100|[from] item: Leftovers\n|-heal|p2b: Basculegion|100\/100|[from] Grassy Terrain\n|-heal|p2a: Kingambit|100\/100|[from] Grassy Terrain\n|upkeep\n|turn|3\n|\n|t:|1731526983\n|move|p1b: Talonflame|Protect|p1b: Talonflame\n|-singleturn|p1b: Talonflame|Protect\n|move|p2a: Kingambit|Protect|p2a: Kingambit\n|-singleturn|p2a: Kingambit|Protect\n|move|p1a: Kommo-o|Body Press|p2a: Kingambit\n|-activate|p2a: Kingambit|move: Protect\n|move|p2b: Basculegion|Flip Turn|p1b: Talonflame\n|-activate|p1b: Talonflame|move: Protect\n|\n|-weather|Sandstorm|[upkeep]\n|-damage|p2b: Basculegion|94\/100|[from] Sandstorm\n|-damage|p2a: Kingambit|95\/100|[from] Sandstorm\n|-heal|p1a: Kommo-o|91\/100|[from] Grassy Terrain\n|-heal|p1a: Kommo-o|98\/100|[from] item: Leftovers\n|-heal|p2b: Basculegion|100\/100|[from] Grassy Terrain\n|-heal|p2a: Kingambit|100\/100|[from] Grassy Terrain\n|upkeep\n|turn|4\n|\n|t:|1731526994\n|switch|p1b: Gholdengo|Gholdengo, L50|100\/100\n|move|p2a: Kingambit|Sucker Punch||[still]\n|-fail|p2a: Kingambit\n|move|p1a: Kommo-o|Body Press|p2a: Kingambit\n|-supereffective|p2a: Kingambit\n|-damage|p2a: Kingambit|0 fnt\n|faint|p2a: Kingambit\n|move|p2b: Basculegion|Flip Turn|p1b: Gholdengo\n|-damage|p1b: Gholdengo|52\/100\n|\n|t:|1731526999\n|switch|p2b: Rillaboom|Rillaboom, L50, F|100\/100|[from] Flip Turn\n|\n|-weather|Sandstorm|[upkeep]\n|-damage|p2b: Rillaboom|94\/100|[from] Sandstorm\n|-heal|p1b: Gholdengo|58\/100|[from] Grassy Terrain\n|-heal|p1a: Kommo-o|100\/100|[from] Grassy Terrain\n|-heal|p2b: Rillaboom|100\/100|[from] Grassy Terrain\n|upkeep\n|\n|t:|1731527003\n|switch|p2a: Pelipper|Pelipper, L50, F|100\/100\n|-weather|RainDance|[from] ability: Drizzle|[of] p2a: Pelipper\n|turn|5\n|j| vgclth souly\n|\n|t:|1731527021\n|-terastallize|p1a: Kommo-o|Steel\n|move|p1b: Gholdengo|Shadow Ball|p2a: Pelipper\n|-enditem|p2a: Pelipper|Focus Sash\n|-damage|p2a: Pelipper|1\/100\n|move|p1a: Kommo-o|Body Press|p2b: Rillaboom\n|-damage|p2b: Rillaboom|12\/100\n|move|p2b: Rillaboom|Wood Hammer|p1b: Gholdengo\n|-resisted|p1b: Gholdengo\n|-damage|p1b: Gholdengo|11\/100\n|-damage|p2b: Rillaboom|0 fnt|[from] Recoil\n|faint|p2b: Rillaboom\n|move|p2a: Pelipper|Hurricane|p1a: Kommo-o\n|-resisted|p1a: Kommo-o\n|-damage|p1a: Kommo-o|80\/100\n|\n|-weather|RainDance|[upkeep]\n|-heal|p1b: Gholdengo|17\/100|[from] Grassy Terrain\n|-heal|p1a: Kommo-o|86\/100|[from] Grassy Terrain\n|-heal|p1a: Kommo-o|93\/100|[from] item: Leftovers\n|-sideend|p1: VGCLTH Rishi|move: Tailwind\n|-fieldend|move: Grassy Terrain\n|upkeep\n|\n|t:|1731527023\n|switch|p2b: Basculegion|Basculegion, L50, M|100\/100\n|turn|6\n|-message|VGCLTH MINAMISIMP forfeited.\n|\n|win|VGCLTH Rishi\n|raw|VGCLTH Rishi's rating: 1711 &rarr; <strong>1732<\/strong><br \/>(+21 for winning)\n|raw|VGCLTH MINAMISIMP's rating: 1721 &rarr; <strong>1700<\/strong><br \/>(-21 for losing)\n|l|\u2606VGCLTH MINAMISIMP\n|player|p2|\n|l|\u2606VGCLTH Rishi\n|player|p1|\n|l| vgclth souly\n","uploadtime":1731527098,"views":25,"formatid":"gen9vgc2024regh","rating":1700,"private":0,"password":null}