{"id":"gen9vgc2024regh-2243743247","format":"[Gen 9] VGC 2024 Reg H","players":["So Romantic!","VGCLTH lily"],"log":"|raw|<div class=\"broadcast-blue\"><strong>This battle is required to be public due to a player having a name starting with 'vgclth'.<\/div>\n|j|\u2606So Romantic!\n|j|\u2606VGCLTH lily\n|t:|1731594696\n|gametype|doubles\n|player|p1|So Romantic!|1|1697\n|player|p2|VGCLTH lily|akari|1703\n|teamsize|p1|6\n|teamsize|p2|6\n|gen|9\n|tier|[Gen 9] VGC 2024 Reg H\n|rated|\n|rule|Species Clause: Limit one of each Pok\u00e9mon\n|rule|Item Clause: Limit 1 of each item\n|clearpoke\n|poke|p1|Murkrow, L50, F|\n|poke|p1|Gholdengo, L50|\n|poke|p1|Archaludon, L50, F|\n|poke|p1|Sneasler, L50, M|\n|poke|p1|Armarouge, L50, M|\n|poke|p1|Kingambit, L50, F|\n|poke|p2|Vivillon, L50, F|\n|poke|p2|Gliscor, L50, M|\n|poke|p2|Archaludon, L50, M|\n|poke|p2|Kingambit, L50, M|\n|poke|p2|Incineroar, L50, M|\n|poke|p2|Ninetales-Alola, L50, F|\n|teampreview|4\n|j| Aeqe\n|l| Aeqe\n|inactive|Battle timer is ON: inactive players will automatically lose when time's up. (requested by VGCLTH lily)\n|\n|t:|1731594753\n|start\n|switch|p1a: Sneasler|Sneasler, L50, M|100\/100\n|switch|p1b: Murkrow|Murkrow, L50, F|100\/100\n|switch|p2a: Kingambit|Kingambit, L50, M, shiny|100\/100\n|switch|p2b: Vivillon|Vivillon, L50, F, shiny|100\/100\n|turn|1\n|\n|t:|1731594774\n|-terastallize|p2a: Kingambit|Flying\n|move|p1b: Murkrow|Taunt|p2b: Vivillon\n|-start|p2b: Vivillon|move: Taunt\n|move|p1a: Sneasler|Close Combat|p2a: Kingambit\n|-resisted|p2a: Kingambit\n|-damage|p2a: Kingambit|78\/100\n|-unboost|p1a: Sneasler|def|1\n|-unboost|p1a: Sneasler|spd|1\n|cant|p2b: Vivillon|move: Taunt|Tailwind\n|move|p2a: Kingambit|Iron Head|p1a: Sneasler\n|-enditem|p1a: Sneasler|Focus Sash\n|-damage|p1a: Sneasler|1\/100\n|\n|upkeep\n|turn|2\n|\n|t:|1731594796\n|switch|p2b: Incineroar|Incineroar, L50, M, shiny|100\/100\n|-ability|p2b: Incineroar|Intimidate|boost\n|-unboost|p1a: Sneasler|atk|1\n|-unboost|p1b: Murkrow|atk|1\n|move|p1a: Sneasler|Protect|p1a: Sneasler\n|-singleturn|p1a: Sneasler|Protect\n|move|p1b: Murkrow|Foul Play|p2a: Kingambit\n|-crit|p2a: Kingambit\n|-damage|p2a: Kingambit|15\/100\n|move|p2a: Kingambit|Low Kick|p1a: Sneasler\n|-activate|p1a: Sneasler|move: Protect\n|\n|upkeep\n|turn|3\n|\n|t:|1731594814\n|switch|p1a: Gholdengo|Gholdengo, L50|100\/100\n|move|p2a: Kingambit|Sucker Punch||[still]\n|-fail|p2a: Kingambit\n|move|p1b: Murkrow|Foul Play|p2a: Kingambit\n|-damage|p2a: Kingambit|0 fnt\n|faint|p2a: Kingambit\n|move|p2b: Incineroar|Knock Off|p1b: Murkrow\n|-resisted|p1b: Murkrow\n|-damage|p1b: Murkrow|78\/100\n|-enditem|p1b: Murkrow|Eviolite|[from] move: Knock Off|[of] p2b: Incineroar\n|\n|upkeep\n|\n|t:|1731594823\n|switch|p2a: Vivillon|Vivillon, L50, F, shiny|100\/100\n|turn|4\n|\n|t:|1731594841\n|move|p2a: Vivillon|Protect|p2a: Vivillon\n|-singleturn|p2a: Vivillon|Protect\n|move|p1b: Murkrow|Tailwind|p1b: Murkrow\n|-sidestart|p1: So Romantic!|move: Tailwind\n|move|p1a: Gholdengo|Make It Rain|p2a: Vivillon|[spread] p2b\n|-activate|p2a: Vivillon|move: Protect\n|-resisted|p2b: Incineroar\n|-damage|p2b: Incineroar|70\/100\n|-unboost|p1a: Gholdengo|spa|1\n|move|p2b: Incineroar|Flare Blitz|p1b: Murkrow\n|-damage|p1b: Murkrow|4\/100\n|-damage|p2b: Incineroar|49\/100|[from] Recoil\n|\n|upkeep\n|turn|5\n|\n|t:|1731594866\n|move|p1a: Gholdengo|Make It Rain|p2b: Incineroar|[spread] p2a,p2b\n|-resisted|p2b: Incineroar\n|-damage|p2a: Vivillon|2\/100\n|-damage|p2b: Incineroar|27\/100\n|-unboost|p1a: Gholdengo|spa|1\n|move|p1b: Murkrow|Foul Play|p2a: Vivillon\n|-damage|p2a: Vivillon|0 fnt\n|faint|p2a: Vivillon\n|move|p2b: Incineroar|Parting Shot|p1b: Murkrow\n|-unboost|p1b: Murkrow|atk|1\n|-unboost|p1b: Murkrow|spa|1\n|\n|t:|1731594871\n|switch|p2b: Gliscor|Gliscor, L50, M, shiny|100\/100|[from] Parting Shot\n|\n|upkeep\n|\n|t:|1731594872\n|switch|p2a: Incineroar|Incineroar, L50, M, shiny|27\/100\n|-ability|p2a: Incineroar|Intimidate|boost\n|-unboost|p1a: Gholdengo|atk|1\n|-unboost|p1b: Murkrow|atk|1\n|turn|6\n|\n|t:|1731594883\n|-terastallize|p1b: Murkrow|Ghost\n|move|p2a: Incineroar|Fake Out|p1b: Murkrow\n|-immune|p1b: Murkrow\n|move|p1b: Murkrow|Haze|p1b: Murkrow\n|-clearallboost\n|move|p1a: Gholdengo|Make It Rain|p2b: Gliscor|[spread] p2a,p2b\n|-resisted|p2a: Incineroar\n|-damage|p2a: Incineroar|0 fnt\n|-damage|p2b: Gliscor|0 fnt\n|-unboost|p1a: Gholdengo|spa|1\n|faint|p2a: Incineroar\n|faint|p2b: Gliscor\n|\n|win|So Romantic!\n|raw|So Romantic!'s rating: 1697 &rarr; <strong>1717<\/strong><br \/>(+20 for winning)\n|raw|VGCLTH lily's rating: 1703 &rarr; <strong>1683<\/strong><br \/>(-20 for losing)\n|l|\u2606VGCLTH lily\n|player|p2|\n|l|\u2606So Romantic!\n|player|p1|\n","uploadtime":1731595148,"views":19,"formatid":"gen9vgc2024regh","rating":1683,"private":0,"password":null}