{"id":"gen9vgc2024regh-2243414266","format":"[Gen 9] VGC 2024 Reg H","players":["VGCLTH Slow","vgclth chromate"],"log":"|raw|<div class=\"broadcast-blue\"><strong>This battle is required to be public due to a player having a name starting with 'vgclth'.<\/div>\n|j|\u2606VGCLTH Slow\n|j|\u2606vgclth chromate\n|t:|1731543843\n|gametype|doubles\n|player|p1|VGCLTH Slow|skier|1688\n|player|p2|vgclth chromate|allister|1723\n|teamsize|p1|6\n|teamsize|p2|6\n|gen|9\n|tier|[Gen 9] VGC 2024 Reg H\n|rated|\n|rule|Species Clause: Limit one of each Pok\u00e9mon\n|rule|Item Clause: Limit 1 of each item\n|clearpoke\n|poke|p1|Sableye, L50, F|\n|poke|p1|Sylveon, L50, M|\n|poke|p1|Archaludon, L50, M|\n|poke|p1|Volcarona, L50, F|\n|poke|p1|Rillaboom, L50, F|\n|poke|p1|Tauros-Paldea-Aqua, L50, M|\n|poke|p2|Archaludon, L50, M|\n|poke|p2|Pelipper, L50, M|\n|poke|p2|Basculegion, L50, M|\n|poke|p2|Gholdengo, L50|\n|poke|p2|Incineroar, L50, M|\n|poke|p2|Amoonguss, L50, M|\n|teampreview|4\n|j| DaN00biest\nVGCLTH Slow has agreed to open team sheets.\n|c|\u2606VGCLTH Slow|Glhf!\n|\n|t:|1731543888\n|start\n|switch|p1a: Snowblind|Sableye, L50, F|100\/100\n|switch|p1b: Shamonerona|Volcarona, L50, F, shiny|100\/100\n|switch|p2a: Incineroar|Incineroar, L50, M|100\/100\n|switch|p2b: Gholdengo|Gholdengo, L50|100\/100\n|-ability|p2a: Incineroar|Intimidate|boost\n|-unboost|p1a: Snowblind|atk|1\n|-unboost|p1b: Shamonerona|atk|1\n|turn|1\n|\n|t:|1731543907\n|switch|p1a: Forklift Certified|Archaludon, L50, M, shiny|100\/100\n|move|p2b: Gholdengo|Shadow Ball|p1b: Shamonerona\n|-damage|p1b: Shamonerona|53\/100\n|-damage|p2b: Gholdengo|91\/100|[from] item: Life Orb\n|move|p1b: Shamonerona|Heat Wave|p2a: Incineroar|[spread] p2a,p2b\n|-resisted|p2a: Incineroar\n|-supereffective|p2b: Gholdengo\n|-damage|p2a: Incineroar|83\/100\n|-damage|p2b: Gholdengo|0 fnt\n|faint|p2b: Gholdengo\n|move|p2a: Incineroar|Flare Blitz|p1b: Shamonerona\n|-damage|p1b: Shamonerona|0 fnt\n|faint|p1b: Shamonerona\n|-damage|p2a: Incineroar|66\/100|[from] Recoil\n|\n|upkeep\n|j| VGCLTH Thacrow\n|\n|t:|1731543920\n|switch|p2b: Archaludon|Archaludon, L50, M|100\/100\n|switch|p1b: Snowblind|Sableye, L50, F|100\/100\n|turn|2\n|j| bluestraggler03\n|j| ale cog\n|\n|t:|1731543965\n|-terastallize|p1a: Forklift Certified|Electric\n|move|p1a: Forklift Certified|Electro Shot||[still]\n|-prepare|p1a: Forklift Certified|Electro Shot\n|-boost|p1a: Forklift Certified|spa|1\n|-enditem|p1a: Forklift Certified|Power Herb\n|-anim|p1a: Forklift Certified|Electro Shot|p2a: Incineroar\n|-crit|p2a: Incineroar\n|-damage|p2a: Incineroar|0 fnt\n|faint|p2a: Incineroar\n|move|p2b: Archaludon|Electro Shot||[still]\n|-prepare|p2b: Archaludon|Electro Shot\n|-boost|p2b: Archaludon|spa|1\n|move|p1b: Snowblind|Foul Play|p2b: Archaludon\n|-damage|p2b: Archaludon|82\/100\n|-ability|p2b: Archaludon|Stamina|boost\n|-boost|p2b: Archaludon|def|1\n|\n|upkeep\n|\n|t:|1731543970\n|switch|p2a: Pelipper|Pelipper, L50, M|100\/100\n|-weather|RainDance|[from] ability: Drizzle|[of] p2a: Pelipper\n|turn|3\n|l| DaN00biest\n|\n|t:|1731543978\n|move|p2a: Pelipper|Protect|p2a: Pelipper\n|-singleturn|p2a: Pelipper|Protect\n|move|p1b: Snowblind|Disable|p2b: Archaludon\n|-start|p2b: Archaludon|Disable|Electro Shot\n|move|p1a: Forklift Certified|Electro Shot||[still]\n|-prepare|p1a: Forklift Certified|Electro Shot\n|-boost|p1a: Forklift Certified|spa|1\n|-anim|p1a: Forklift Certified|Electro Shot|p2a: Pelipper\n|-activate|p2a: Pelipper|move: Protect\n|cant|p2b: Archaludon|Disable|Electro Shot\n|\n|-weather|RainDance|[upkeep]\n|upkeep\n|turn|4\n|\n|t:|1731543987\n|move|p1b: Snowblind|Encore|p2b: Archaludon\n|-start|p2b: Archaludon|Encore\n|move|p1a: Forklift Certified|Electro Shot||[still]\n|-prepare|p1a: Forklift Certified|Electro Shot\n|-boost|p1a: Forklift Certified|spa|1\n|-anim|p1a: Forklift Certified|Electro Shot|p2a: Pelipper\n|-supereffective|p2a: Pelipper\n|-enditem|p2a: Pelipper|Focus Sash\n|-damage|p2a: Pelipper|1\/100\n|move|p2a: Pelipper|Tailwind|p2a: Pelipper\n|-sidestart|p2: vgclth chromate|move: Tailwind\n|cant|p2b: Archaludon|Disable|Electro Shot\n|\n|-weather|RainDance|[upkeep]\n|upkeep\n|turn|5\n|j| AlabamaChristian\n|\n|t:|1731543995\n|move|p1b: Snowblind|Encore|p2a: Pelipper\n|-start|p2a: Pelipper|Encore\n|move|p2a: Pelipper|Tailwind||[still]\n|-fail|p2a: Pelipper\n|-activate|p2b: Archaludon|move: Struggle\n|move|p2b: Archaludon|Struggle|p1a: Forklift Certified\n|-damage|p1a: Forklift Certified|93\/100\n|-damage|p2b: Archaludon|57\/100|[from] recoil\n|move|p1a: Forklift Certified|Dragon Pulse|p2b: Archaludon\n|-damage|p2b: Archaludon|0 fnt\n|faint|p2b: Archaludon\n|\n|-weather|RainDance|[upkeep]\n|upkeep\n|turn|6\n|-message|vgclth chromate forfeited.\n|\n|win|VGCLTH Slow\n|raw|VGCLTH Slow's rating: 1688 &rarr; <strong>1710<\/strong><br \/>(+22 for winning)\n|raw|vgclth chromate's rating: 1723 &rarr; <strong>1701<\/strong><br \/>(-22 for losing)\n|l|\u2606vgclth chromate\n|player|p2|\n","uploadtime":1731544002,"views":32,"formatid":"gen9vgc2024regh","rating":1701,"private":0,"password":null}