{"id":"gen9vgc2024regh-2243440858","format":"[Gen 9] VGC 2024 Reg H","players":["VGCLTH It'sJustKen","Sodiumtoad"],"log":"|j|\u2606VGCLTH It'sJustKen\n|j|\u2606Sodiumtoad\n|t:|1731547181\n|gametype|doubles\n|player|p1|VGCLTH It'sJustKen|turo|1695\n|player|p2|Sodiumtoad|janine|1620\n|teamsize|p1|6\n|teamsize|p2|6\n|gen|9\n|tier|[Gen 9] VGC 2024 Reg H\n|rated|\n|rule|Species Clause: Limit one of each Pok\u00e9mon\n|rule|Item Clause: Limit 1 of each item\n|clearpoke\n|poke|p1|Gholdengo, L50|\n|poke|p1|Kommo-o, L50, F|\n|poke|p1|Clefairy, L50, F|\n|poke|p1|Farigiraf, L50, F|\n|poke|p1|Talonflame, L50, F|\n|poke|p1|Garchomp, L50, M|\n|poke|p2|Poliwrath, L50, M|\n|poke|p2|Pelipper, L50, F|\n|poke|p2|Indeedee-F, L50, F|\n|poke|p2|Sinistcha, L50|\n|poke|p2|Braviary-Hisui, L50, M|\n|poke|p2|Annihilape, L50, F|\n|teampreview|4\n|inactive|Battle timer is ON: inactive players will automatically lose when time's up. (requested by VGCLTH It'sJustKen)\n|j| AlabamaChristian\n|\n|t:|1731547200\n|start\n|switch|p1a: Kommo-o|Kommo-o, L50, F|100\/100\n|switch|p1b: Talonflame|Talonflame, L50, F, shiny|100\/100\n|switch|p2a: Annihilape|Annihilape, L50, F|100\/100\n|switch|p2b: Indeedee|Indeedee-F, L50, F|100\/100\n|-fieldstart|move: Psychic Terrain|[from] ability: Psychic Surge|[of] p2b: Indeedee\n|turn|1\n|l| AlabamaChristian\n|inactive|Sodiumtoad has 30 seconds left.\n|\n|t:|1731547225\n|-terastallize|p1a: Kommo-o|Dragon\n|move|p1b: Talonflame|Tailwind|p1b: Talonflame\n|-sidestart|p1: VGCLTH It'sJustKen|move: Tailwind\n|move|p1a: Kommo-o|Draco Meteor|p2b: Indeedee\n|-damage|p2b: Indeedee|2\/100\n|-unboost|p1a: Kommo-o|spa|2\n|move|p2a: Annihilape|Final Gambit|p1b: Talonflame\n|-damage|p1b: Talonflame|0 fnt\n|faint|p2a: Annihilape\n|faint|p1b: Talonflame\n|move|p2b: Indeedee|Trick Room|p2b: Indeedee\n|-fieldstart|move: Trick Room|[of] p2b: Indeedee\n|\n|upkeep\n|inactive|VGCLTH It'sJustKen has 30 seconds left.\n|\n|t:|1731547253\n|switch|p2a: Braviary|Braviary-Hisui, L50, M|100\/100\n|switch|p1b: Clefairy|Clefairy, L50, F|100\/100\n|turn|2\n|\n|t:|1731547270\n|switch|p1a: *hears the music*|Gholdengo, L50|100\/100\n|-terastallize|p2a: Braviary|Psychic\n|move|p1b: Clefairy|Protect|p1b: Clefairy\n|-singleturn|p1b: Clefairy|Protect\n|move|p2b: Indeedee|Follow Me|p2b: Indeedee\n|-singleturn|p2b: Indeedee|move: Follow Me\n|move|p2a: Braviary|Expanding Force|p1b: Clefairy|[spread] p1a\n|-activate|p1b: Clefairy|move: Protect\n|-resisted|p1a: *hears the music*\n|-damage|p1a: *hears the music*|1\/100\n|-damage|p2a: Braviary|91\/100|[from] item: Life Orb\n|\n|upkeep\n|turn|3\n|\n|t:|1731547284\n|move|p1b: Clefairy|Protect|p1b: Clefairy\n|-singleturn|p1b: Clefairy|Protect\n|move|p2b: Indeedee|Follow Me|p2b: Indeedee\n|-singleturn|p2b: Indeedee|move: Follow Me\n|move|p2a: Braviary|Expanding Force|p1b: Clefairy|[spread] p1a\n|-activate|p1b: Clefairy|move: Protect\n|-resisted|p1a: *hears the music*\n|-damage|p1a: *hears the music*|0 fnt\n|faint|p1a: *hears the music*\n|-damage|p2a: Braviary|81\/100|[from] item: Life Orb\n|\n|upkeep\n|inactive|VGCLTH It'sJustKen has 30 seconds left.\n|\n|t:|1731547313\n|switch|p1a: Kommo-o|Kommo-o, L50, F, tera:Dragon|100\/100\n|turn|4\n|\n|t:|1731547319\n|move|p2b: Indeedee|Follow Me|p2b: Indeedee\n|-singleturn|p2b: Indeedee|move: Follow Me\n|move|p2a: Braviary|Expanding Force|p1a: Kommo-o|[spread] p1a,p1b\n|-damage|p1a: Kommo-o|8\/100\n|-damage|p1b: Clefairy|17\/100\n|-damage|p2a: Braviary|72\/100|[from] item: Life Orb\n|move|p1b: Clefairy|After You||[still]\n|-fail|p1b: Clefairy\n|move|p1a: Kommo-o|Clanging Scales|p2b: Indeedee|[spread] p2a,p2b\n|-damage|p2a: Braviary|0 fnt\n|-damage|p2b: Indeedee|0 fnt\n|faint|p2a: Braviary\n|faint|p2b: Indeedee\n|-unboost|p1a: Kommo-o|def|1\n|\n|-sideend|p1: VGCLTH It'sJustKen|move: Tailwind\n|upkeep\n|j| Sadistic\u2605Candy\n|\n|t:|1731547325\n|switch|p2a: Pelipper|Pelipper, L50, F|100\/100\n|-weather|RainDance|[from] ability: Drizzle|[of] p2a: Pelipper\n|turn|5\n|\n|t:|1731547332\n|move|p1b: Clefairy|Follow Me|p1b: Clefairy\n|-singleturn|p1b: Clefairy|move: Follow Me\n|move|p2a: Pelipper|Surf|p1a: Kommo-o|[spread] p1a,p1b\n|-resisted|p1a: Kommo-o\n|-crit|p1a: Kommo-o\n|-damage|p1a: Kommo-o|0 fnt\n|-damage|p1b: Clefairy|0 fnt\n|faint|p1a: Kommo-o\n|faint|p1b: Clefairy\n|\n|win|Sodiumtoad\n|raw|VGCLTH It&apos;sJustKen's rating: 1695 &rarr; <strong>1672<\/strong><br \/>(-23 for losing)\n|raw|Sodiumtoad's rating: 1640 &rarr; <strong>1663<\/strong><br \/>(+23 for winning)\n|l|\u2606VGCLTH It'sJustKen\n|player|p1|\n|c|\u2606Sodiumtoad|Gg\n|l|\u2606Sodiumtoad\n|player|p2|\n|l| Sadistic\u2605Candy\n|j| girl latias\n|l| girl latias\n","uploadtime":1731547525,"views":18,"formatid":"gen9vgc2024regh","rating":1663,"private":0,"password":null}