{"id":"gen9vgc2024regh-2243002930","format":"[Gen 9] VGC 2024 Reg H","players":["VGCLTH Thacrow","karamingo"],"log":"|raw|<div class=\"broadcast-blue\"><strong>This battle is required to be public due to a player having a name starting with 'vgclth'.<\/div>\n|j|\u2606VGCLTH Thacrow\n|j|\u2606karamingo\n|t:|1731500596\n|gametype|doubles\n|player|p1|VGCLTH Thacrow|wallace-masters|1813\n|player|p2|karamingo|170|1758\n|teamsize|p1|6\n|teamsize|p2|6\n|gen|9\n|tier|[Gen 9] VGC 2024 Reg H\n|rated|\n|rule|Species Clause: Limit one of each Pok\u00e9mon\n|rule|Item Clause: Limit 1 of each item\n|clearpoke\n|poke|p1|Ceruledge, L50, M|\n|poke|p1|Gastrodon-East, L50, F|\n|poke|p1|Sneasler, L50, F|\n|poke|p1|Dragonite, L50, M|\n|poke|p1|Rillaboom, L50, F|\n|poke|p1|Kingambit, L50, M|\n|poke|p2|Ursaluna-Bloodmoon, L50, M|\n|poke|p2|Torkoal, L50, F|\n|poke|p2|Farigiraf, L50, M|\n|poke|p2|Smeargle, L50, M|\n|poke|p2|Indeedee-F, L50, F|\n|poke|p2|Hatterene, L50, F|\n|teampreview|4\nVGCLTH Thacrow has agreed to open team sheets.\n|\n|t:|1731500642\n|start\n|switch|p1a: Kidturtle|Sneasler, L50, F, shiny|100\/100\n|switch|p1b: Godlyreal|Kingambit, L50, M|100\/100\n|switch|p2a: Smeargle|Smeargle, L50, M|100\/100\n|switch|p2b: Farigiraf|Farigiraf, L50, M|100\/100\n|turn|1\n|j| igsovertimeworker\n|\n|t:|1731500651\n|move|p2a: Smeargle|Follow Me|p2a: Smeargle\n|-singleturn|p2a: Smeargle|move: Follow Me\n|move|p1a: Kidturtle|Dire Claw|p2a: Smeargle\n|-damage|p2a: Smeargle|31\/100\n|move|p1b: Godlyreal|Kowtow Cleave|p2a: Smeargle\n|-damage|p2a: Smeargle|0 fnt\n|faint|p2a: Smeargle\n|move|p2b: Farigiraf|Trick Room|p2b: Farigiraf\n|-fieldstart|move: Trick Room|[of] p2b: Farigiraf\n|\n|upkeep\n|\n|t:|1731500659\n|switch|p2a: Ursaluna|Ursaluna-Bloodmoon, L50, M|100\/100\n|turn|2\n|j| Aldrich\n|j| VGCLTH John Pork\n|\n|t:|1731500669\n|-terastallize|p1a: Kidturtle|Ghost\n|move|p2a: Ursaluna|Hyper Voice|p1a: Kidturtle|[spread] p1a,p1b\n|-resisted|p1b: Godlyreal\n|-damage|p1a: Kidturtle|25\/100\n|-damage|p1b: Godlyreal|83\/100\n|-damage|p2a: Ursaluna|91\/100|[from] item: Life Orb\n|move|p2b: Farigiraf|Hyper Voice|p1a: Kidturtle|[spread] p1b\n|-immune|p1a: Kidturtle\n|-resisted|p1b: Godlyreal\n|-damage|p1b: Godlyreal|74\/100\n|-enditem|p2b: Farigiraf|Throat Spray\n|-boost|p2b: Farigiraf|spa|1|[from] item: Throat Spray\n|move|p1b: Godlyreal|Kowtow Cleave|p2b: Farigiraf\n|-supereffective|p2b: Farigiraf\n|-damage|p2b: Farigiraf|3\/100\n|move|p1a: Kidturtle|Close Combat|p2a: Ursaluna\n|-supereffective|p2a: Ursaluna\n|-damage|p2a: Ursaluna|0 fnt\n|-unboost|p1a: Kidturtle|def|1\n|-unboost|p1a: Kidturtle|spd|1\n|faint|p2a: Ursaluna\n|\n|upkeep\n|\n|t:|1731500687\n|switch|p2a: Indeedee|Indeedee-F, L50, F|100\/100\n|-fieldstart|move: Psychic Terrain|[from] ability: Psychic Surge|[of] p2a: Indeedee\n|-enditem|p2a: Indeedee|Psychic Seed\n|-boost|p2a: Indeedee|spd|1|[from] item: Psychic Seed\n|turn|3\n|\n|t:|1731500692\n|-terastallize|p2b: Farigiraf|Fire\n|move|p2b: Farigiraf|Tera Blast|p1b: Godlyreal|[anim] Tera Blast Fire\n|-supereffective|p1b: Godlyreal\n|-damage|p1b: Godlyreal|4\/100\n|move|p1b: Godlyreal|Kowtow Cleave|p2a: Indeedee\n|-supereffective|p2a: Indeedee\n|-damage|p2a: Indeedee|15\/100\n|move|p2a: Indeedee|Psychic|p1a: Kidturtle\n|-damage|p1a: Kidturtle|0 fnt\n|faint|p1a: Kidturtle\n|\n|upkeep\n|\n|t:|1731500700\n|switch|p1a: Christian|Ceruledge, L50, M|100\/100\n|turn|4\n|\n|t:|1731500713\n|move|p2a: Indeedee|Follow Me|p2a: Indeedee\n|-singleturn|p2a: Indeedee|move: Follow Me\n|move|p2b: Farigiraf|Hyper Voice|p1a: Christian|[spread] p1b\n|-immune|p1a: Christian\n|-resisted|p1b: Godlyreal\n|-damage|p1b: Godlyreal|0 fnt\n|faint|p1b: Godlyreal\n|move|p1a: Christian|Bitter Blade|p2a: Indeedee\n|-damage|p2a: Indeedee|0 fnt\n|faint|p2a: Indeedee\n|\n|upkeep\n|\n|t:|1731500717\n|switch|p1b: AdlrichYan|Rillaboom, L50, F|100\/100\n|-fieldstart|move: Grassy Terrain|[from] ability: Grassy Surge|[of] p1b: AdlrichYan\n|turn|5\n|\n|t:|1731500725\n|move|p2b: Farigiraf|Tera Blast|p1b: AdlrichYan|[anim] Tera Blast Fire\n|-supereffective|p1b: AdlrichYan\n|-damage|p1b: AdlrichYan|0 fnt\n|faint|p1b: AdlrichYan\n|move|p1a: Christian|Bitter Blade|p2b: Farigiraf\n|-resisted|p2b: Farigiraf\n|-damage|p2b: Farigiraf|0 fnt\n|faint|p2b: Farigiraf\n|\n|win|VGCLTH Thacrow\n|raw|VGCLTH Thacrow's rating: 1813 &rarr; <strong>1830<\/strong><br \/>(+17 for winning)\n|raw|karamingo's rating: 1758 &rarr; <strong>1741<\/strong><br \/>(-17 for losing)\n|l|\u2606VGCLTH Thacrow\n|player|p1|\n|l|\u2606karamingo\n|player|p2|\n|l| igsovertimeworker\n|j| vgclth souly\n|l| vgclth souly\n|l| Aldrich\n|l| VGCLTH John Pork\n|j| VGCLTH John Pork\n|l| VGCLTH John Pork\n","uploadtime":1731500955,"views":44,"formatid":"gen9vgc2024regh","rating":1741,"private":0,"password":null}