{"id":"gen9vgc2024regh-2243772795","format":"[Gen 9] VGC 2024 Reg H","players":["Pastels Badges","VGCLTH Rishi"],"log":"|raw|<div class=\"broadcast-blue\"><strong>This battle is required to be public due to a player having a name starting with 'vgclth'.<\/div>\n|j|\u203dPastels Badges\n|j|\u2606VGCLTH Rishi\n|t:|1731597701\n|gametype|doubles\n|player|p1|Pastels Badges|rosa|1783\n|player|p2|VGCLTH Rishi|shauntal|1844\n|teamsize|p1|6\n|teamsize|p2|6\n|gen|9\n|tier|[Gen 9] VGC 2024 Reg H\n|rated|\n|rule|Species Clause: Limit one of each Pok\u00e9mon\n|rule|Item Clause: Limit 1 of each item\n|clearpoke\n|poke|p1|Sneasler, L50, M|\n|poke|p1|Dragonite, L50, F|\n|poke|p1|Rillaboom, L50, F|\n|poke|p1|Volcarona, L50, M|\n|poke|p1|Dondozo, L50, F|\n|poke|p1|Kingambit, L50, F|\n|poke|p2|Kommo-o, L50, F|\n|poke|p2|Rillaboom, L50, F|\n|poke|p2|Tyranitar, L50, F|\n|poke|p2|Talonflame, L50, M|\n|poke|p2|Gholdengo, L50|\n|poke|p2|Milotic, L50, M|\n|teampreview|4\n|inactive|Battle timer is ON: inactive players will automatically lose when time's up. (requested by VGCLTH Rishi)\n|inactive|VGCLTH Rishi has 60 seconds left.\n|\n|t:|1731597769\n|start\n|switch|p1a: Sneasler|Sneasler, L50, M|100\/100\n|switch|p1b: Dondozo|Dondozo, L50, F|100\/100\n|switch|p2a: Tyranitar|Tyranitar, L50, F|100\/100\n|switch|p2b: Talonflame|Talonflame, L50, M|100\/100\n|-weather|Sandstorm|[from] ability: Sand Stream|[of] p2a: Tyranitar\n|turn|1\n|j| VGCLTH lily\n|l| VGCLTH lily\n|j| RNGeez RandBats\n|inactive|Pastels Badges has 30 seconds left.\n|\n|t:|1731597794\n|switch|p2a: Milotic|Milotic, L50, M|100\/100\n|move|p2b: Talonflame|Brave Bird|p1a: Sneasler\n|-supereffective|p1a: Sneasler\n|-enditem|p1a: Sneasler|Focus Sash\n|-damage|p1a: Sneasler|1\/100\n|-damage|p2b: Talonflame|67\/100|[from] Recoil\n|move|p1a: Sneasler|Dire Claw|p2b: Talonflame\n|-damage|p2b: Talonflame|0 fnt\n|faint|p2b: Talonflame\n|move|p1b: Dondozo|Yawn|p2a: Milotic\n|-start|p2a: Milotic|move: Yawn|[of] p1b: Dondozo\n|\n|-weather|Sandstorm|[upkeep]\n|-damage|p1a: Sneasler|0 fnt|[from] Sandstorm\n|-damage|p2a: Milotic|94\/100|[from] Sandstorm\n|-damage|p1b: Dondozo|94\/100|[from] Sandstorm\n|faint|p1a: Sneasler\n|-heal|p1b: Dondozo|100\/100|[from] item: Leftovers\n|upkeep\n|\n|t:|1731597814\n|switch|p2b: Tyranitar|Tyranitar, L50, F|100\/100\n|switch|p1a: Rillaboom|Rillaboom, L50, F|100\/100\n|-fieldstart|move: Grassy Terrain|[from] ability: Grassy Surge|[of] p1a: Rillaboom\n|turn|2\n|j| hiiya papaya\n|\n|t:|1731597832\n|switch|p2a: Kommo-o|Kommo-o, L50, F|100\/100\n|-terastallize|p2b: Tyranitar|Flying\n|move|p1a: Rillaboom|Wood Hammer|p2b: Tyranitar\n|-resisted|p2b: Tyranitar\n|-damage|p2b: Tyranitar|63\/100\n|-damage|p1a: Rillaboom|88\/100|[from] Recoil\n|move|p2b: Tyranitar|Knock Off|p1b: Dondozo\n|-damage|p1b: Dondozo|72\/100\n|-enditem|p1b: Dondozo|Leftovers|[from] move: Knock Off|[of] p2b: Tyranitar\n|move|p1b: Dondozo|Yawn|p2b: Tyranitar\n|-start|p2b: Tyranitar|move: Yawn|[of] p1b: Dondozo\n|\n|-weather|Sandstorm|[upkeep]\n|-damage|p1a: Rillaboom|82\/100|[from] Sandstorm\n|-damage|p2b: Tyranitar|57\/100|[from] Sandstorm\n|-damage|p1b: Dondozo|66\/100|[from] Sandstorm\n|-heal|p1a: Rillaboom|88\/100|[from] Grassy Terrain\n|-heal|p1b: Dondozo|72\/100|[from] Grassy Terrain\n|upkeep\n|turn|3\n|inactive|VGCLTH Rishi has 30 seconds left.\n|l| hiiya papaya\n|inactive|VGCLTH Rishi has 20 seconds left.\n|\n|t:|1731597869\n|move|p1a: Rillaboom|Wood Hammer|p2b: Tyranitar\n|-resisted|p2b: Tyranitar\n|-damage|p2b: Tyranitar|25\/100\n|-damage|p1a: Rillaboom|78\/100|[from] Recoil\n|move|p2a: Kommo-o|Body Press|p1a: Rillaboom\n|-damage|p1a: Rillaboom|35\/100\n|move|p2b: Tyranitar|Tera Blast|p1a: Rillaboom|[anim] Tera Blast Flying\n|-supereffective|p1a: Rillaboom\n|-damage|p1a: Rillaboom|0 fnt\n|faint|p1a: Rillaboom\n|move|p1b: Dondozo|Yawn|p2a: Kommo-o\n|-start|p2a: Kommo-o|move: Yawn|[of] p1b: Dondozo\n|\n|-weather|Sandstorm|[upkeep]\n|-damage|p2b: Tyranitar|19\/100|[from] Sandstorm\n|-damage|p1b: Dondozo|66\/100|[from] Sandstorm\n|-heal|p1b: Dondozo|72\/100|[from] Grassy Terrain\n|-end|p2b: Tyranitar|move: Yawn|[silent]\n|-status|p2b: Tyranitar|slp\n|upkeep\n|\n|t:|1731597879\n|switch|p1a: Volcarona|Volcarona, L50, M|100\/100\n|turn|4\n|\n|t:|1731597890\n|switch|p2a: Milotic|Milotic, L50, M|94\/100\n|move|p1a: Volcarona|Quiver Dance|p1a: Volcarona\n|-boost|p1a: Volcarona|spa|1\n|-boost|p1a: Volcarona|spd|1\n|-boost|p1a: Volcarona|spe|1\n|cant|p2b: Tyranitar|slp\n|move|p1b: Dondozo|Yawn|p2a: Milotic\n|-start|p2a: Milotic|move: Yawn|[of] p1b: Dondozo\n|\n|-weather|Sandstorm|[upkeep]\n|-damage|p1a: Volcarona|94\/100|[from] Sandstorm\n|-damage|p2a: Milotic|88\/100|[from] Sandstorm\n|-damage|p2b: Tyranitar|13\/100 slp|[from] Sandstorm\n|-damage|p1b: Dondozo|66\/100|[from] Sandstorm\n|-heal|p1a: Volcarona|100\/100|[from] Grassy Terrain\n|-heal|p2a: Milotic|94\/100|[from] Grassy Terrain\n|-heal|p1b: Dondozo|72\/100|[from] Grassy Terrain\n|upkeep\n|turn|5\n|inactive|Pastels Badges has 30 seconds left.\n|\n|t:|1731597917\n|-terastallize|p1a: Volcarona|Fairy\n|move|p1a: Volcarona|Heat Wave|p2a: Milotic|[spread] p2a,p2b\n|-resisted|p2a: Milotic\n|-damage|p2a: Milotic|77\/100\n|-damage|p2b: Tyranitar|0 fnt\n|faint|p2b: Tyranitar\n|move|p2a: Milotic|Haze|p2a: Milotic\n|-clearallboost\n|move|p1b: Dondozo|Fissure|p2a: Milotic|[miss]\n|-miss|p1b: Dondozo|p2a: Milotic\n|\n|-weather|none\n|-heal|p2a: Milotic|83\/100|[from] Grassy Terrain\n|-heal|p1b: Dondozo|78\/100|[from] Grassy Terrain\n|-end|p2a: Milotic|move: Yawn|[silent]\n|-status|p2a: Milotic|slp\n|upkeep\n|\n|t:|1731597924\n|switch|p2b: Kommo-o|Kommo-o, L50, F|100\/100\n|turn|6\n|\n|t:|1731597935\n|move|p1a: Volcarona|Tera Blast|p2b: Kommo-o|[anim] Tera Blast Fairy\n|-supereffective|p2b: Kommo-o\n|-damage|p2b: Kommo-o|0 fnt\n|faint|p2b: Kommo-o\n|cant|p2a: Milotic|slp\n|move|p1b: Dondozo|Fissure|p2a: Milotic|[miss]\n|-miss|p1b: Dondozo|p2a: Milotic\n|\n|-heal|p2a: Milotic|90\/100 slp|[from] Grassy Terrain\n|-heal|p1b: Dondozo|85\/100|[from] Grassy Terrain\n|-fieldend|move: Grassy Terrain\n|upkeep\n|turn|7\n|-message|VGCLTH Rishi forfeited.\n|\n|win|Pastels Badges\n|raw|Pastels Badges's rating: 1783 &rarr; <strong>1806<\/strong><br \/>(+23 for winning)\n|raw|VGCLTH Rishi's rating: 1844 &rarr; <strong>1821<\/strong><br \/>(-23 for losing)\n|l|\u2606VGCLTH Rishi\n|player|p2|\n|j|\u2606VGCLTH Rishi\n|player|p2|VGCLTH Rishi|shauntal|\n|l|\u2606VGCLTH Rishi\n|player|p2|\n|l|\u203dPastels Badges\n|player|p1|\n|l| RNGeez RandBats\n","uploadtime":1731598187,"views":26,"formatid":"gen9vgc2024regh","rating":1806,"private":0,"password":null}