{"id":"gen9vgc2024regh-2243445475","format":"[Gen 9] VGC 2024 Reg H","players":["sterben44","VGCLTH Slow"],"log":"|raw|<div class=\"broadcast-blue\"><strong>This battle is required to be public due to a player having a name starting with 'vgclth'.<\/div>\n|j|\u2606sterben44\n|j|\u2606VGCLTH Slow\n|t:|1731547758\n|gametype|doubles\n|player|p1|sterben44|hilda|1706\n|player|p2|VGCLTH Slow|skier|1703\n|teamsize|p1|6\n|teamsize|p2|6\n|gen|9\n|tier|[Gen 9] VGC 2024 Reg H\n|rated|\n|rule|Species Clause: Limit one of each Pok\u00e9mon\n|rule|Item Clause: Limit 1 of each item\n|clearpoke\n|poke|p1|Dragonite, L50, F|\n|poke|p1|Maushold-Four, L50|\n|poke|p1|Oranguru, L50, F|\n|poke|p1|Ursaluna-Bloodmoon, L50, M|\n|poke|p1|Annihilape, L50, F|\n|poke|p1|Amoonguss, L50, F|\n|poke|p2|Sableye, L50, M|\n|poke|p2|Sylveon, L50, F|\n|poke|p2|Archaludon, L50, M|\n|poke|p2|Volcarona, L50, F|\n|poke|p2|Rillaboom, L50, F|\n|poke|p2|Tauros-Paldea-Aqua, L50, M|\n|teampreview|4\nVGCLTH Slow has agreed to open team sheets.\n|j| ale cog\n|\n|t:|1731547785\n|start\n|switch|p1a: Maushold|Maushold-Four, L50|100\/100\n|switch|p1b: Oranguru|Oranguru, L50, F|100\/100\n|switch|p2a: Snowblind|Sableye, L50, M|100\/100\n|switch|p2b: Old Yeller|Sylveon, L50, F|100\/100\n|turn|1\n|\n|t:|1731547791\n|move|p2a: Snowblind|Will-O-Wisp|p1a: Maushold\n|-status|p1a: Maushold|brn\n|move|p1a: Maushold|Population Bomb|p2b: Old Yeller\n|-damage|p2b: Old Yeller|93\/100\n|-damage|p2b: Old Yeller|86\/100\n|-damage|p2b: Old Yeller|78\/100\n|-damage|p2b: Old Yeller|71\/100\n|-damage|p2b: Old Yeller|64\/100\n|-damage|p2b: Old Yeller|56\/100\n|-damage|p2b: Old Yeller|49\/100\n|-damage|p2b: Old Yeller|41\/100\n|-damage|p2b: Old Yeller|34\/100\n|-damage|p2b: Old Yeller|26\/100\n|-hitcount|p2b: Old Yeller|10\n|move|p2b: Old Yeller|Substitute|p2b: Old Yeller\n|-start|p2b: Old Yeller|Substitute\n|-damage|p2b: Old Yeller|1\/100\n|move|p1b: Oranguru|Trick Room|p1b: Oranguru\n|-fieldstart|move: Trick Room|[of] p1b: Oranguru\n|\n|-damage|p1a: Maushold|94\/100 brn|[from] brn\n|upkeep\n|turn|2\n|\n|t:|1731547817\n|move|p2b: Old Yeller|Protect|p2b: Old Yeller\n|-singleturn|p2b: Old Yeller|Protect\n|move|p1a: Maushold|Follow Me|p1a: Maushold\n|-singleturn|p1a: Maushold|move: Follow Me\n|move|p2a: Snowblind|Encore|p1a: Maushold\n|-start|p1a: Maushold|Encore\n|move|p1b: Oranguru|Encore|p2b: Old Yeller\n|-activate|p2b: Old Yeller|move: Protect\n|\n|-damage|p1a: Maushold|88\/100 brn|[from] brn\n|upkeep\n|turn|3\n|\n|t:|1731547834\n|move|p1a: Maushold|Follow Me|p1a: Maushold\n|-singleturn|p1a: Maushold|move: Follow Me\n|move|p2a: Snowblind|Disable|p1a: Maushold\n|-start|p1a: Maushold|Disable|Follow Me\n|move|p1b: Oranguru|Encore|p2b: Old Yeller\n|-start|p2b: Old Yeller|Encore\n|move|p2b: Old Yeller|Protect||[still]\n|-fail|p2b: Old Yeller\n|\n|-damage|p1a: Maushold|82\/100 brn|[from] brn\n|upkeep\n|turn|4\n|\n|t:|1731547853\n|switch|p1a: Ursaluna|Ursaluna-Bloodmoon, L50, M|100\/100\n|move|p2b: Old Yeller|Protect|p2b: Old Yeller\n|-singleturn|p2b: Old Yeller|Protect\n|move|p2a: Snowblind|Encore||[still]\n|-fail|p2a: Snowblind\n|move|p1b: Oranguru|Encore||[still]\n|-fail|p1b: Oranguru\n|\n|upkeep\n|turn|5\n|\n|t:|1731547872\n|-terastallize|p1a: Ursaluna|Normal\n|move|p2b: Old Yeller|Protect||[still]\n|-fail|p2b: Old Yeller\n|move|p2a: Snowblind|Disable|p1b: Oranguru\n|-start|p1b: Oranguru|Disable|Encore\n|move|p1a: Ursaluna|Hyper Voice|p2b: Old Yeller|[spread] p2a,p2b\n|-damage|p2a: Snowblind|34\/100\n|-damage|p2b: Old Yeller|0 fnt\n|-enditem|p2a: Snowblind|Sitrus Berry|[eat]\n|-heal|p2a: Snowblind|59\/100|[from] item: Sitrus Berry\n|faint|p2b: Old Yeller\n|-enditem|p1a: Ursaluna|Throat Spray\n|-boost|p1a: Ursaluna|spa|1|[from] item: Throat Spray\n|-activate|p1b: Oranguru|ability: Symbiosis|Covert Cloak|[of] p1a: Ursaluna\n|move|p1b: Oranguru|Instruct|p1a: Ursaluna\n|-singleturn|p1a: Ursaluna|move: Instruct|[of] p1b: Oranguru\n|move|p1a: Ursaluna|Hyper Voice|p2a: Snowblind\n|-damage|p2a: Snowblind|0 fnt\n|faint|p2a: Snowblind\n|\n|-fieldend|move: Trick Room\n|upkeep\n|\n|t:|1731547877\n|switch|p2b: Shamonerona|Volcarona, L50, F, shiny|100\/100\n|switch|p2a: Koko The Gorythmic|Rillaboom, L50, F|100\/100\n|-fieldstart|move: Grassy Terrain|[from] ability: Grassy Surge|[of] p2a: Koko The Gorythmic\n|turn|6\n|j| plplk\n|\n|t:|1731547895\n|switch|p1a: Maushold|Maushold-Four, L50|82\/100 brn\n|-terastallize|p2b: Shamonerona|Grass\n|move|p1b: Oranguru|Protect|p1b: Oranguru\n|-singleturn|p1b: Oranguru|Protect\n|move|p2b: Shamonerona|Giga Drain|p1b: Oranguru\n|-activate|p1b: Oranguru|move: Protect\n|move|p2a: Koko The Gorythmic|Wood Hammer|p1b: Oranguru\n|-activate|p1b: Oranguru|move: Protect\n|\n|-heal|p1a: Maushold|88\/100 brn|[from] Grassy Terrain\n|-damage|p1a: Maushold|82\/100 brn|[from] brn\n|upkeep\n|turn|7\n|\n|t:|1731547916\n|move|p1a: Maushold|Follow Me|p1a: Maushold\n|-singleturn|p1a: Maushold|move: Follow Me\n|move|p2a: Koko The Gorythmic|Grassy Glide|p1a: Maushold\n|-damage|p1a: Maushold|15\/100 brn\n|move|p2b: Shamonerona|Quiver Dance|p2b: Shamonerona\n|-boost|p2b: Shamonerona|spa|1\n|-boost|p2b: Shamonerona|spd|1\n|-boost|p2b: Shamonerona|spe|1\n|move|p1b: Oranguru|Trick Room|p1b: Oranguru\n|-fieldstart|move: Trick Room|[of] p1b: Oranguru\n|\n|-heal|p1a: Maushold|21\/100 brn|[from] Grassy Terrain\n|-damage|p1a: Maushold|15\/100 brn|[from] brn\n|upkeep\n|turn|8\n|\n|t:|1731547947\n|move|p1b: Oranguru|Protect|p1b: Oranguru\n|-singleturn|p1b: Oranguru|Protect\n|move|p2b: Shamonerona|Protect|p2b: Shamonerona\n|-singleturn|p2b: Shamonerona|Protect\n|move|p2a: Koko The Gorythmic|Wood Hammer|p1b: Oranguru\n|-activate|p1b: Oranguru|move: Protect\n|move|p1a: Maushold|U-turn|p2a: Koko The Gorythmic\n|-supereffective|p2a: Koko The Gorythmic\n|-damage|p2a: Koko The Gorythmic|83\/100\n|\n|t:|1731547963\n|switch|p1a: Dragonite|Dragonite, L50, F|100\/100|[from] U-turn\n|\n|-heal|p2a: Koko The Gorythmic|89\/100|[from] Grassy Terrain\n|-end|p1b: Oranguru|Disable\n|upkeep\n|turn|9\n|\n|t:|1731547974\n|move|p1b: Oranguru|Encore|p2b: Shamonerona\n|-start|p2b: Shamonerona|Encore\n|move|p2a: Koko The Gorythmic|Wood Hammer|p1b: Oranguru\n|-damage|p1b: Oranguru|31\/100\n|-damage|p2a: Koko The Gorythmic|67\/100|[from] Recoil\n|move|p1a: Dragonite|Scale Shot|p2a: Koko The Gorythmic\n|-damage|p2a: Koko The Gorythmic|52\/100\n|-damage|p2a: Koko The Gorythmic|36\/100\n|-damage|p2a: Koko The Gorythmic|21\/100\n|-damage|p2a: Koko The Gorythmic|6\/100\n|-hitcount|p2a: Koko The Gorythmic|4\n|-unboost|p1a: Dragonite|def|1\n|-boost|p1a: Dragonite|spe|1\n|move|p2b: Shamonerona|Protect||[still]\n|-fail|p2b: Shamonerona\n|\n|-heal|p1b: Oranguru|37\/100|[from] Grassy Terrain\n|-heal|p2a: Koko The Gorythmic|12\/100|[from] Grassy Terrain\n|upkeep\n|turn|10\n|-message|VGCLTH Slow forfeited.\n|\n|win|sterben44\n|raw|sterben44's rating: 1706 &rarr; <strong>1726<\/strong><br \/>(+20 for winning)\n|raw|VGCLTH Slow's rating: 1703 &rarr; <strong>1683<\/strong><br \/>(-20 for losing)\n|l|\u2606VGCLTH Slow\n|player|p2|\n|j| girl latias\n|l| ale cog\n|j| ale cog\n|l|\u2606sterben44\n|player|p1|\n|l| ale cog\n|l| girl latias\n","uploadtime":1731547981,"views":41,"formatid":"gen9vgc2024regh","rating":1683,"private":0,"password":null}