{"id":"gen9vgc2024regh-2243990544","format":"[Gen 9] VGC 2024 Reg H","players":["KermitTheFrog14","VGCLTH fangame10"],"log":"|raw|<div class=\"broadcast-blue\"><strong>This battle is required to be public due to a player having a name starting with 'vgclth'.<\/div>\n|j|\u2606KermitTheFrog14\n|j|\u2606VGCLTH fangame10\n|t:|1731618773\n|gametype|doubles\n|player|p1|KermitTheFrog14|101|1776\n|player|p2|VGCLTH fangame10|red|1743\n|teamsize|p1|6\n|teamsize|p2|6\n|gen|9\n|tier|[Gen 9] VGC 2024 Reg H\n|rated|\n|rule|Species Clause: Limit one of each Pok\u00e9mon\n|rule|Item Clause: Limit 1 of each item\n|clearpoke\n|poke|p1|Murkrow, L50, F|\n|poke|p1|Gastrodon, L50, F|\n|poke|p1|Garchomp, L50, M|\n|poke|p1|Rotom-Heat, L50|\n|poke|p1|Gholdengo, L50|\n|poke|p1|Sneasler, L50, M|\n|poke|p2|Glaceon, L50, F|\n|poke|p2|Ninetales-Alola, L50, F|\n|poke|p2|Milotic, L50, M|\n|poke|p2|Skeledirge, L50, M|\n|poke|p2|Ursaluna-Bloodmoon, L50, M|\n|poke|p2|Annihilape, L50, F|\n|teampreview|4\n|inactive|Battle timer is ON: inactive players will automatically lose when time's up. (requested by VGCLTH fangame10)\n|j| pkmn trainer siva\n|l| pkmn trainer siva\n|j| ghostistheman\n|inactive|KermitTheFrog14 has 60 seconds left.\n|inactive|VGCLTH fangame10 has 60 seconds left.\n|j| Finabas\n|j| VGCLTH TnB\n|l| VGCLTH TnB\n|inactive|VGCLTH fangame10 has 30 seconds left.\n|\n|t:|1731618840\n|start\n|switch|p1a: Gholdengo|Gholdengo, L50|100\/100\n|switch|p1b: Murkrow|Murkrow, L50, F|100\/100\n|switch|p2a: Annihilape|Annihilape, L50, F, shiny|100\/100\n|switch|p2b: Ninetales|Ninetales-Alola, L50, F, shiny|100\/100\n|-weather|Snow|[from] ability: Snow Warning|[of] p2b: Ninetales\n|turn|1\n|inactive|KermitTheFrog14 has 30 seconds left.\n|inactive|VGCLTH fangame10 has 30 seconds left.\n|\n|t:|1731618883\n|switch|p2b: Milotic|Milotic, L50, M, shiny|100\/100\n|-terastallize|p1a: Gholdengo|Steel\n|move|p2a: Annihilape|Protect|p2a: Annihilape\n|-singleturn|p2a: Annihilape|Protect\n|move|p1b: Murkrow|Tailwind|p1b: Murkrow\n|-sidestart|p1: KermitTheFrog14|move: Tailwind\n|move|p1a: Gholdengo|Make It Rain|p2a: Annihilape|[spread] p2b\n|-activate|p2a: Annihilape|move: Protect\n|-resisted|p2b: Milotic\n|-damage|p2b: Milotic|68\/100\n|-unboost|p1a: Gholdengo|spa|1\n|\n|-weather|Snow|[upkeep]\n|upkeep\n|turn|2\n|\n|t:|1731618897\n|-terastallize|p2a: Annihilape|Electric\n|move|p1b: Murkrow|Brave Bird|p2a: Annihilape\n|-resisted|p2a: Annihilape\n|-damage|p2a: Annihilape|74\/100\n|-damage|p1b: Murkrow|87\/100|[from] Recoil\n|move|p1a: Gholdengo|Make It Rain|p2a: Annihilape|[spread] p2a,p2b\n|-resisted|p2a: Annihilape\n|-resisted|p2b: Milotic\n|-damage|p2a: Annihilape|41\/100\n|-damage|p2b: Milotic|46\/100\n|-unboost|p1a: Gholdengo|spa|1\n|-enditem|p2b: Milotic|Sitrus Berry|[eat]\n|-heal|p2b: Milotic|71\/100|[from] item: Sitrus Berry\n|move|p2a: Annihilape|Rage Fist|p1a: Gholdengo\n|-damage|p1a: Gholdengo|39\/100\n|move|p2b: Milotic|Life Dew|p2b: Milotic|[spread] p2a,p2b\n|-heal|p2a: Annihilape|66\/100\n|-heal|p2b: Milotic|96\/100\n|\n|-weather|Snow|[upkeep]\n|-heal|p2a: Annihilape|72\/100|[from] item: Leftovers\n|upkeep\n|turn|3\n|inactive|KermitTheFrog14 has 30 seconds left.\n|\n|t:|1731618930\n|switch|p1a: Garchomp|Garchomp, L50, M|100\/100\n|move|p1b: Murkrow|Brave Bird|p2b: Milotic\n|-damage|p2b: Milotic|32\/100\n|-damage|p1b: Murkrow|56\/100|[from] Recoil\n|move|p2a: Annihilape|Rage Fist|p1a: Garchomp\n|-damage|p1a: Garchomp|40\/100\n|-damage|p2a: Annihilape|59\/100|[from] ability: Rough Skin|[of] p1a: Garchomp\n|move|p2b: Milotic|Hypnosis|p1b: Murkrow|[miss]\n|-miss|p2b: Milotic|p1b: Murkrow\n|\n|-weather|Snow|[upkeep]\n|-heal|p2a: Annihilape|65\/100|[from] item: Leftovers\n|upkeep\n|turn|4\n|inactive|VGCLTH fangame10 has 30 seconds left.\n|\n|t:|1731618956\n|move|p2a: Annihilape|Protect|p2a: Annihilape\n|-singleturn|p2a: Annihilape|Protect\n|move|p1a: Garchomp|Earthquake|p2b: Milotic|[spread] p2b\n|-activate|p2a: Annihilape|move: Protect\n|-immune|p1b: Murkrow\n|-damage|p2b: Milotic|0 fnt\n|faint|p2b: Milotic\n|-damage|p1a: Garchomp|30\/100|[from] item: Life Orb\n|move|p1b: Murkrow|Brave Bird|p2a: Annihilape\n|-activate|p2a: Annihilape|move: Protect\n|\n|-weather|Snow|[upkeep]\n|-heal|p2a: Annihilape|71\/100|[from] item: Leftovers\n|-sideend|p1: KermitTheFrog14|move: Tailwind\n|upkeep\n|\n|t:|1731618957\n|switch|p2b: Ninetales|Ninetales-Alola, L50, F, shiny|100\/100\n|turn|5\n|inactive|KermitTheFrog14 has 30 seconds left.\n|j| aw mishlesticks\n|\n|t:|1731618985\n|switch|p2a: Ursaluna|Ursaluna-Bloodmoon, L50, M|100\/100\n|move|p1a: Garchomp|Protect|p1a: Garchomp\n|-singleturn|p1a: Garchomp|Protect\n|move|p1b: Murkrow|Tailwind|p1b: Murkrow\n|-sidestart|p1: KermitTheFrog14|move: Tailwind\n|move|p2b: Ninetales|Blizzard|p1a: Garchomp|[spread] p1b\n|-activate|p1a: Garchomp|move: Protect\n|-supereffective|p1b: Murkrow\n|-damage|p1b: Murkrow|0 fnt\n|faint|p1b: Murkrow\n|\n|-weather|none\n|upkeep\n|\n|t:|1731618995\n|switch|p1b: Sneasler|Sneasler, L50, M|100\/100\n|turn|6\n|n| VGCLTH Carrots|awmishlesticks\n|\n|t:|1731619015\n|move|p1b: Sneasler|Fake Out|p2b: Ninetales\n|-damage|p2b: Ninetales|80\/100\n|move|p1a: Garchomp|Stomping Tantrum|p2b: Ninetales\n|-damage|p2b: Ninetales|0 fnt\n|faint|p2b: Ninetales\n|-damage|p1a: Garchomp|20\/100|[from] item: Life Orb\n|move|p2a: Ursaluna|Hyper Voice|p1b: Sneasler|[spread] p1a,p1b\n|-damage|p1a: Garchomp|0 fnt\n|-damage|p1b: Sneasler|42\/100\n|faint|p1a: Garchomp\n|\n|upkeep\n|\n|t:|1731619025\n|switch|p2b: Annihilape|Annihilape, L50, F, shiny, tera:Electric|71\/100\n|switch|p1a: Gholdengo|Gholdengo, L50, tera:Steel|39\/100\n|turn|7\n|\n|t:|1731619035\n|move|p1b: Sneasler|Close Combat|p2a: Ursaluna\n|-supereffective|p2a: Ursaluna\n|-damage|p2a: Ursaluna|1\/100\n|-unboost|p1b: Sneasler|def|1\n|-unboost|p1b: Sneasler|spd|1\n|-status|p2a: Ursaluna|psn|[from] ability: Poison Touch|[of] p1b: Sneasler\n|move|p1a: Gholdengo|Shadow Ball|p2b: Annihilape\n|-damage|p2b: Annihilape|12\/100\n|move|p2b: Annihilape|Rage Fist|p1b: Sneasler\n|-damage|p1b: Sneasler|0 fnt\n|faint|p1b: Sneasler\n|move|p2a: Ursaluna|Hyper Voice|p1a: Gholdengo\n|-resisted|p1a: Gholdengo\n|-damage|p1a: Gholdengo|8\/100\n|\n|-heal|p2b: Annihilape|18\/100|[from] item: Leftovers\n|-damage|p2a: Ursaluna|0 fnt|[from] psn\n|faint|p2a: Ursaluna\n|upkeep\n|turn|8\n|l| VGCLTH Carrots\n|\n|t:|1731619050\n|move|p2b: Annihilape|Protect|p2b: Annihilape\n|-singleturn|p2b: Annihilape|Protect\n|move|p1a: Gholdengo|Shadow Ball|p2b: Annihilape\n|-activate|p2b: Annihilape|move: Protect\n|\n|-heal|p2b: Annihilape|24\/100|[from] item: Leftovers\n|-sideend|p1: KermitTheFrog14|move: Tailwind\n|upkeep\n|turn|9\n|\n|t:|1731619055\n|move|p2b: Annihilape|Rage Fist|p1a: Gholdengo\n|-damage|p1a: Gholdengo|0 fnt\n|faint|p1a: Gholdengo\n|\n|win|VGCLTH fangame10\n|raw|KermitTheFrog14's rating: 1776 &rarr; <strong>1754<\/strong><br \/>(-22 for losing)\n|raw|VGCLTH fangame10's rating: 1743 &rarr; <strong>1765<\/strong><br \/>(+22 for winning)\n|l|\u2606KermitTheFrog14\n|player|p1|\n|l| Finabas\n|l|\u2606VGCLTH fangame10\n|player|p2|\n","uploadtime":1731619059,"views":31,"formatid":"gen9vgc2024regh","rating":1754,"private":0,"password":null}