{"id":"gen9vgc2024regh-2243810213","format":"[Gen 9] VGC 2024 Reg H","players":["don't use magmar","VGCLTH John Pork"],"log":"|raw|<div class=\"broadcast-blue\"><strong>This battle is required to be public due to a player having a name starting with 'vgclth'.<\/div>\n|j|\u2606don't use magmar\n|j|\u2606VGCLTH John Pork\n|t:|1731601373\n|gametype|doubles\n|player|p1|don't use magmar|lucas|1892\n|player|p2|VGCLTH John Pork|ogreclan|1830\n|teamsize|p1|6\n|teamsize|p2|6\n|gen|9\n|tier|[Gen 9] VGC 2024 Reg H\n|rated|\n|rule|Species Clause: Limit one of each Pok\u00e9mon\n|rule|Item Clause: Limit 1 of each item\n|clearpoke\n|poke|p1|Incineroar, L50, M|\n|poke|p1|Amoonguss, L50, F|\n|poke|p1|Gholdengo, L50|\n|poke|p1|Sneasler, L50, F|\n|poke|p1|Palafin, L50, F|\n|poke|p1|Dragapult, L50, F|\n|poke|p2|Whimsicott, L50, F|\n|poke|p2|Typhlosion-Hisui, L50, M|\n|poke|p2|Annihilape, L50, F|\n|poke|p2|Maushold-Four, L50|\n|poke|p2|Farigiraf, L50, M|\n|poke|p2|Ursaluna-Bloodmoon, L50, M|\n|teampreview|4\n|j| jumbojoshenjoyer\n|j| vgclth souly\n|\n|t:|1731601428\n|start\n|switch|p1a: Sneasler|Sneasler, L50, F|100\/100\n|switch|p1b: Palafin|Palafin, L50, F|100\/100\n|switch|p2a: Their kindness is|Whimsicott, L50, F|100\/100\n|switch|p2b: It\u2019s used to|Annihilape, L50, F|100\/100\n|turn|1\n|\n|t:|1731601452\n|detailschange|p1b: Palafin|Palafin-Hero, L50, F\n|switch|p1b: Amoonguss|Amoonguss, L50, F|100\/100\n|move|p2a: Their kindness is|Tailwind|p2a: Their kindness is\n|-sidestart|p2: VGCLTH John Pork|move: Tailwind\n|move|p2b: It\u2019s used to|Rage Fist|p1b: Amoonguss\n|-damage|p1b: Amoonguss|69\/100\n|move|p1a: Sneasler|Dire Claw|p2a: Their kindness is\n|-supereffective|p2a: Their kindness is\n|-enditem|p2a: Their kindness is|Focus Sash\n|-damage|p2a: Their kindness is|1\/100\n|-status|p2a: Their kindness is|slp\n|\n|upkeep\n|turn|2\n|c|\u2606VGCLTH John Pork|Nice\n|\n|t:|1731601477\n|cant|p2a: Their kindness is|slp\n|move|p2b: It\u2019s used to|Rage Fist|p1a: Sneasler\n|-damage|p1a: Sneasler|35\/100\n|move|p1a: Sneasler|Dire Claw|p2a: Their kindness is\n|-supereffective|p2a: Their kindness is\n|-damage|p2a: Their kindness is|0 fnt\n|faint|p2a: Their kindness is\n|move|p1b: Amoonguss|Spore|p2b: It\u2019s used to\n|-status|p2b: It\u2019s used to|slp|[from] move: Spore\n|\n|upkeep\n|\n|t:|1731601481\n|switch|p2a: Sedate|Maushold-Four, L50|100\/100\n|turn|3\n|\n|t:|1731601492\n|-terastallize|p2a: Sedate|Ghost\n|move|p1b: Amoonguss|Rage Powder|p1b: Amoonguss\n|-singleturn|p1b: Amoonguss|move: Rage Powder\n|move|p2a: Sedate|Population Bomb|p1b: Amoonguss\n|-damage|p1b: Amoonguss|61\/100\n|-damage|p1b: Amoonguss|51\/100\n|-damage|p1b: Amoonguss|43\/100\n|-enditem|p1b: Amoonguss|Sitrus Berry|[eat]\n|-heal|p1b: Amoonguss|68\/100|[from] item: Sitrus Berry\n|-damage|p1b: Amoonguss|58\/100\n|-damage|p1b: Amoonguss|50\/100\n|-damage|p1b: Amoonguss|42\/100\n|-damage|p1b: Amoonguss|32\/100\n|-damage|p1b: Amoonguss|23\/100\n|-crit|p1b: Amoonguss\n|-damage|p1b: Amoonguss|10\/100\n|-damage|p1b: Amoonguss|0 fnt\n|faint|p1b: Amoonguss\n|-hitcount|p1: Amoonguss|10\n|cant|p2b: It\u2019s used to|slp\n|move|p1a: Sneasler|Dire Claw|p2a: Sedate\n|-resisted|p2a: Sedate\n|-damage|p2a: Sedate|66\/100\n|\n|upkeep\n|\n|t:|1731601516\n|switch|p1b: Palafin|Palafin-Hero, L50, F|100\/100\n|-activate|p1b: Palafin|ability: Zero to Hero\n|turn|4\n|\n|t:|1731601559\n|switch|p1a: Dragapult|Dragapult, L50, F|100\/100\n|-terastallize|p1b: Palafin|Water\n|move|p2a: Sedate|Protect|p2a: Sedate\n|-singleturn|p2a: Sedate|Protect\n|move|p1b: Palafin|Jet Punch|p2a: Sedate\n|-activate|p2a: Sedate|move: Protect\n|-curestatus|p2b: It\u2019s used to|slp|[msg]\n|move|p2b: It\u2019s used to|Rage Fist|p1a: Dragapult\n|-supereffective|p1a: Dragapult\n|-crit|p1a: Dragapult\n|-damage|p1a: Dragapult|0 fnt\n|faint|p1a: Dragapult\n|\n|-sideend|p2: VGCLTH John Pork|move: Tailwind\n|upkeep\n|\n|t:|1731601568\n|switch|p1a: Sneasler|Sneasler, L50, F|35\/100\n|turn|5\n|\n|t:|1731601589\n|move|p1b: Palafin|Jet Punch|p2a: Sedate\n|-damage|p2a: Sedate|0 fnt\n|faint|p2a: Sedate\n|move|p1a: Sneasler|Dire Claw|p2b: It\u2019s used to\n|-resisted|p2b: It\u2019s used to\n|-damage|p2b: It\u2019s used to|75\/100\n|-status|p2b: It\u2019s used to|slp\n|cant|p2b: It\u2019s used to|slp\n|\n|upkeep\n|\n|t:|1731601592\n|switch|p2a: Unashamed|Ursaluna-Bloodmoon, L50, M|100\/100\n|turn|6\n|\n|t:|1731601608\n|move|p1b: Palafin|Jet Punch|p2b: It\u2019s used to\n|-damage|p2b: It\u2019s used to|0 fnt\n|faint|p2b: It\u2019s used to\n|move|p1a: Sneasler|Dire Claw|p2a: Unashamed\n|-resisted|p2a: Unashamed\n|-damage|p2a: Unashamed|86\/100\n|-status|p2a: Unashamed|psn\n|move|p2a: Unashamed|Blood Moon|p1b: Palafin\n|-damage|p1b: Palafin|0 fnt\n|faint|p1b: Palafin\n|-damage|p2a: Unashamed|76\/100 psn|[from] item: Life Orb\n|\n|-damage|p2a: Unashamed|64\/100 psn|[from] psn\n|upkeep\n|turn|7\n|\n|t:|1731601617\n|move|p1a: Sneasler|Close Combat|p2a: Unashamed\n|-supereffective|p2a: Unashamed\n|-damage|p2a: Unashamed|0 fnt\n|-unboost|p1a: Sneasler|def|1\n|-unboost|p1a: Sneasler|spd|1\n|faint|p2a: Unashamed\n|\n|win|don't use magmar\n|raw|don&apos;t use magmar's rating: 1892 &rarr; <strong>1908<\/strong><br \/>(+16 for winning)\n|raw|VGCLTH John Pork's rating: 1830 &rarr; <strong>1814<\/strong><br \/>(-16 for losing)\n|l|\u2606VGCLTH John Pork\n|player|p2|\n|j|\u2606VGCLTH John Pork\n|player|p2|VGCLTH John Pork|ogreclan|\n|l|\u2606VGCLTH John Pork\n|player|p2|\n","uploadtime":1731601625,"views":137,"formatid":"gen9vgc2024regh","rating":1814,"private":0,"password":null}