{"id":"gen9vgc2024regh-2243162312","format":"[Gen 9] VGC 2024 Reg H","players":["por minha atendido","vgclth chromate"],"log":"|raw|<div class=\"broadcast-blue\"><strong>This battle is required to be public due to a player having a name starting with 'vgclth'.<\/div>\n|j|\u2606por minha atendido\n|j|\u2606vgclth chromate\n|t:|1731517827\n|gametype|doubles\n|player|p1|por minha atendido|265|1700\n|player|p2|vgclth chromate|allister|1791\n|teamsize|p1|6\n|teamsize|p2|6\n|gen|9\n|tier|[Gen 9] VGC 2024 Reg H\n|rated|\n|rule|Species Clause: Limit one of each Pok\u00e9mon\n|rule|Item Clause: Limit 1 of each item\n|clearpoke\n|poke|p1|Garchomp, L50, F|\n|poke|p1|Hydreigon, L50, M|\n|poke|p1|Murkrow, L50, M|\n|poke|p1|Sneasler, L50, M|\n|poke|p1|Indeedee-F, L50, F|\n|poke|p1|Delphox, L50, F|\n|poke|p2|Archaludon, L50, F|\n|poke|p2|Pelipper, L50, M|\n|poke|p2|Basculegion, L50, M|\n|poke|p2|Gholdengo, L50|\n|poke|p2|Incineroar, L50, M|\n|poke|p2|Amoonguss, L50, M|\n|teampreview|4\n|inactive|Battle timer is ON: inactive players will automatically lose when time's up. (requested by por minha atendido)\n|\n|t:|1731517842\n|start\n|switch|p1a: Sneasler|Sneasler, L50, M|100\/100\n|switch|p1b: Delphox|Delphox, L50, F|100\/100\n|switch|p2a: Gholdengo|Gholdengo, L50|100\/100\n|switch|p2b: Incineroar|Incineroar, L50, M|100\/100\n|-ability|p2b: Incineroar|Intimidate|boost\n|-unboost|p1a: Sneasler|atk|1\n|-unboost|p1b: Delphox|atk|1\n|turn|1\n|inactive|vgclth chromate has 30 seconds left.\n|\n|t:|1731517870\n|-terastallize|p2a: Gholdengo|Water\n|move|p1a: Sneasler|Protect|p1a: Sneasler\n|-singleturn|p1a: Sneasler|Protect\n|move|p1b: Delphox|Protect|p1b: Delphox\n|-singleturn|p1b: Delphox|Protect\n|move|p2a: Gholdengo|Shadow Ball|p1b: Delphox\n|-activate|p1b: Delphox|move: Protect\n|move|p2b: Incineroar|Knock Off|p1b: Delphox\n|-activate|p1b: Delphox|move: Protect\n|\n|upkeep\n|turn|2\n|\n|t:|1731517888\n|switch|p1b: Indeedee|Indeedee-F, L50, F|100\/100\n|-fieldstart|move: Psychic Terrain|[from] ability: Psychic Surge|[of] p1b: Indeedee\n|-enditem|p1a: Sneasler|Psychic Seed\n|-boost|p1a: Sneasler|spd|1|[from] item: Psychic Seed\n|-terastallize|p1a: Sneasler|Stellar\n|move|p1a: Sneasler|Close Combat|p2b: Incineroar\n|-supereffective|p2b: Incineroar\n|-damage|p2b: Incineroar|0 fnt\n|-unboost|p1a: Sneasler|def|1\n|-unboost|p1a: Sneasler|spd|1\n|faint|p2b: Incineroar\n|move|p2a: Gholdengo|Shadow Ball|p1b: Indeedee\n|-immune|p1b: Indeedee\n|\n|upkeep\n|\n|t:|1731517891\n|switch|p2b: Pelipper|Pelipper, L50, M|100\/100\n|-weather|RainDance|[from] ability: Drizzle|[of] p2b: Pelipper\n|turn|3\n|\n|t:|1731517908\n|move|p1a: Sneasler|Dire Claw|p2b: Pelipper\n|-damage|p2b: Pelipper|42\/100\n|move|p2a: Gholdengo|Make It Rain|p1b: Indeedee|[spread] p1a,p1b\n|-damage|p1a: Sneasler|20\/100\n|-damage|p1b: Indeedee|38\/100\n|-unboost|p2a: Gholdengo|spa|1\n|-damage|p2a: Gholdengo|91\/100|[from] item: Life Orb\n|move|p2b: Pelipper|Tailwind|p2b: Pelipper\n|-sidestart|p2: vgclth chromate|move: Tailwind\n|move|p1b: Indeedee|Psychic|p2b: Pelipper\n|-damage|p2b: Pelipper|0 fnt\n|faint|p2b: Pelipper\n|\n|-weather|RainDance|[upkeep]\n|upkeep\n|j| bluestraggler03\n|\n|t:|1731517915\n|switch|p2b: Archaludon|Archaludon, L50, F|100\/100\n|turn|4\n|inactive|por minha atendido has 30 seconds left.\n|inactive|por minha atendido has 20 seconds left.\n|\n|t:|1731517952\n|move|p1a: Sneasler|Protect|p1a: Sneasler\n|-singleturn|p1a: Sneasler|Protect\n|move|p1b: Indeedee|Follow Me|p1b: Indeedee\n|-singleturn|p1b: Indeedee|move: Follow Me\n|move|p2a: Gholdengo|Make It Rain|p1b: Indeedee|[spread] p1b\n|-activate|p1a: Sneasler|move: Protect\n|-damage|p1b: Indeedee|0 fnt\n|-unboost|p2a: Gholdengo|spa|1\n|faint|p1b: Indeedee\n|-damage|p2a: Gholdengo|81\/100|[from] item: Life Orb\n|move|p2b: Archaludon|Electro Shot||[still]\n|-prepare|p2b: Archaludon|Electro Shot\n|-boost|p2b: Archaludon|spa|1\n|-anim|p2b: Archaludon|Electro Shot|p1a: Sneasler\n|-activate|p1a: Sneasler|move: Protect\n|\n|-weather|RainDance|[upkeep]\n|upkeep\n|\n|t:|1731517969\n|switch|p1b: Delphox|Delphox, L50, F|100\/100\n|turn|5\n|j| vgclth souly\n|\n|t:|1731517977\n|move|p1a: Sneasler|Close Combat|p2b: Archaludon\n|-supereffective|p2b: Archaludon\n|-damage|p2b: Archaludon|29\/100\n|-unboost|p1a: Sneasler|def|1\n|-unboost|p1a: Sneasler|spd|1\n|-ability|p2b: Archaludon|Stamina|boost\n|-boost|p2b: Archaludon|def|1\n|move|p2a: Gholdengo|Make It Rain|p1b: Delphox|[spread] p1a,p1b\n|-resisted|p1b: Delphox\n|-damage|p1a: Sneasler|0 fnt\n|-damage|p1b: Delphox|83\/100\n|-unboost|p2a: Gholdengo|spa|1\n|faint|p1a: Sneasler\n|-damage|p2a: Gholdengo|71\/100|[from] item: Life Orb\n|move|p2b: Archaludon|Electro Shot||[still]\n|-prepare|p2b: Archaludon|Electro Shot\n|-boost|p2b: Archaludon|spa|1\n|-anim|p2b: Archaludon|Electro Shot|p1b: Delphox\n|-damage|p1b: Delphox|0 fnt\n|faint|p1b: Delphox\n|\n|-weather|RainDance|[upkeep]\n|upkeep\n|\n|t:|1731517981\n|switch|p1b: Garchomp|Garchomp, L50, F|100\/100\n|turn|6\n|\n|t:|1731517991\n|move|p1b: Garchomp|Protect|p1b: Garchomp\n|-singleturn|p1b: Garchomp|Protect\n|move|p2a: Gholdengo|Nasty Plot|p2a: Gholdengo\n|-boost|p2a: Gholdengo|spa|2\n|move|p2b: Archaludon|Dragon Pulse|p1b: Garchomp\n|-activate|p1b: Garchomp|move: Protect\n|\n|-weather|RainDance|[upkeep]\n|-sideend|p2: vgclth chromate|move: Tailwind\n|-fieldend|move: Psychic Terrain\n|upkeep\n|turn|7\n|\n|t:|1731518014\n|move|p2a: Gholdengo|Make It Rain|p1b: Garchomp\n|-damage|p1b: Garchomp|46\/100\n|-unboost|p2a: Gholdengo|spa|1\n|-damage|p2a: Gholdengo|61\/100|[from] item: Life Orb\n|move|p1b: Garchomp|Earthquake|p2a: Gholdengo|[spread] p2a,p2b\n|-supereffective|p2b: Archaludon\n|-crit|p2b: Archaludon\n|-damage|p2a: Gholdengo|13\/100\n|-damage|p2b: Archaludon|0 fnt\n|faint|p2b: Archaludon\n|\n|-weather|none\n|upkeep\n|turn|8\n|inactive|por minha atendido has 30 seconds left.\n|inactive|por minha atendido has 20 seconds left.\n|\n|t:|1731518053\n|move|p2a: Gholdengo|Make It Rain|p1b: Garchomp\n|-damage|p1b: Garchomp|4\/100\n|-unboost|p2a: Gholdengo|spa|1\n|-damage|p2a: Gholdengo|3\/100|[from] item: Life Orb\n|move|p1b: Garchomp|Earthquake|p2a: Gholdengo\n|-damage|p2a: Gholdengo|0 fnt\n|faint|p2a: Gholdengo\n|\n|win|por minha atendido\n|raw|por minha atendido's rating: 1713 &rarr; <strong>1737<\/strong><br \/>(+24 for winning)\n|raw|vgclth chromate's rating: 1791 &rarr; <strong>1767<\/strong><br \/>(-24 for losing)\n|l|\u2606por minha atendido\n|player|p1|\n|l| vgclth souly\n|l|\u2606vgclth chromate\n|player|p2|\n|l| bluestraggler03\n","uploadtime":1731518328,"views":24,"formatid":"gen9vgc2024regh","rating":1737,"private":0,"password":null}