{"id":"gen9vgc2024regh-2243813274","format":"[Gen 9] VGC 2024 Reg H","players":["osteriapessati","vgclth chromate"],"log":"|raw|<div class=\"broadcast-blue\"><strong>This battle is required to be public due to a player having a name starting with 'vgclth'.<\/div>\n|j|\u2606osteriapessati\n|j|\u2606vgclth chromate\n|t:|1731601658\n|gametype|doubles\n|player|p1|osteriapessati|lucas|1717\n|player|p2|vgclth chromate|allister|1812\n|teamsize|p1|6\n|teamsize|p2|6\n|gen|9\n|tier|[Gen 9] VGC 2024 Reg H\n|rated|\n|rule|Species Clause: Limit one of each Pok\u00e9mon\n|rule|Item Clause: Limit 1 of each item\n|clearpoke\n|poke|p1|Torkoal, L50, F|\n|poke|p1|Ursaluna, L50, M|\n|poke|p1|Indeedee-F, L50, F|\n|poke|p1|Armarouge, L50, F|\n|poke|p1|Meowstic, L50, M|\n|poke|p1|Gallade, L50, M|\n|poke|p2|Archaludon, L50, M|\n|poke|p2|Pelipper, L50, F|\n|poke|p2|Basculegion, L50, M|\n|poke|p2|Gholdengo, L50|\n|poke|p2|Incineroar, L50, M|\n|poke|p2|Amoonguss, L50, M|\n|teampreview|4\n|\n|t:|1731601732\n|start\n|switch|p1a: Indeedee|Indeedee-F, L50, F|100\/100\n|switch|p1b: Armarouge|Armarouge, L50, F|100\/100\n|switch|p2a: Incineroar|Incineroar, L50, M|100\/100\n|switch|p2b: Amoonguss|Amoonguss, L50, M|100\/100\n|-ability|p2a: Incineroar|Intimidate|boost\n|-unboost|p1a: Indeedee|atk|1\n|-unboost|p1b: Armarouge|atk|1\n|-fieldstart|move: Psychic Terrain|[from] ability: Psychic Surge|[of] p1a: Indeedee\n|-enditem|p1b: Armarouge|Psychic Seed\n|-boost|p1b: Armarouge|spd|1|[from] item: Psychic Seed\n|turn|1\n|j| thelasttheorem\n|\n|t:|1731601783\n|-terastallize|p1b: Armarouge|Grass\n|-terastallize|p2b: Amoonguss|Water\n|move|p2a: Incineroar|Knock Off|p1b: Armarouge\n|-damage|p1b: Armarouge|74\/100\n|move|p1a: Indeedee|Hyper Voice|p2b: Amoonguss|[spread] p2a,p2b\n|-damage|p2a: Incineroar|78\/100\n|-damage|p2b: Amoonguss|81\/100\n|move|p2b: Amoonguss|Spore|p1b: Armarouge\n|-immune|p1b: Armarouge\n|move|p1b: Armarouge|Trick Room|p1b: Armarouge\n|-fieldstart|move: Trick Room|[of] p1b: Armarouge\n|\n|upkeep\n|turn|2\n|j| DragonKenergy\n|\n|t:|1731601815\n|switch|p1b: Ursaluna|Ursaluna, L50, M|100\/100\n|move|p1a: Indeedee|Follow Me|p1a: Indeedee\n|-singleturn|p1a: Indeedee|move: Follow Me\n|move|p2b: Amoonguss|Spore|p1a: Indeedee\n|-status|p1a: Indeedee|slp|[from] move: Spore\n|move|p2a: Incineroar|Knock Off|p1a: Indeedee\n|-supereffective|p1a: Indeedee\n|-damage|p1a: Indeedee|15\/100 slp\n|-damage|p2a: Incineroar|61\/100|[from] item: Rocky Helmet|[of] p1a: Indeedee\n|-enditem|p1a: Indeedee|Rocky Helmet|[from] move: Knock Off|[of] p2a: Incineroar\n|\n|-status|p1b: Ursaluna|brn|[from] item: Flame Orb\n|upkeep\n|turn|3\n|\n|t:|1731601884\n|switch|p2a: Gholdengo|Gholdengo, L50|100\/100\n|move|p1b: Ursaluna|Earthquake|p2a: Gholdengo|[spread] p1a,p2a,p2b\n|-supereffective|p2a: Gholdengo\n|-crit|p2b: Amoonguss\n|-damage|p1a: Indeedee|0 fnt\n|-damage|p2a: Gholdengo|0 fnt\n|-damage|p2b: Amoonguss|5\/100\n|-enditem|p2b: Amoonguss|Sitrus Berry|[eat]\n|-heal|p2b: Amoonguss|30\/100|[from] item: Sitrus Berry\n|faint|p1a: Indeedee\n|faint|p2a: Gholdengo\n|move|p2b: Amoonguss|Spore||[still]\n|-fail|p2b: Amoonguss\n|\n|-damage|p1b: Ursaluna|95\/100 brn|[from] brn\n|upkeep\n|\n|t:|1731601901\n|switch|p1a: Armarouge|Armarouge, L50, F, tera:Grass|74\/100\n|switch|p2a: Incineroar|Incineroar, L50, M|61\/100\n|-ability|p2a: Incineroar|Intimidate|boost\n|-unboost|p1a: Armarouge|atk|1\n|-unboost|p1b: Ursaluna|atk|1\n|turn|4\n|\n|t:|1731601928\n|move|p2b: Amoonguss|Protect|p2b: Amoonguss\n|-singleturn|p2b: Amoonguss|Protect\n|move|p1b: Ursaluna|Headlong Rush|p2a: Incineroar\n|-supereffective|p2a: Incineroar\n|-damage|p2a: Incineroar|0 fnt\n|-unboost|p1b: Ursaluna|def|1\n|-unboost|p1b: Ursaluna|spd|1\n|faint|p2a: Incineroar\n|move|p1a: Armarouge|Expanding Force|p2b: Amoonguss\n|-activate|p2b: Amoonguss|move: Protect\n|\n|-damage|p1b: Ursaluna|89\/100 brn|[from] brn\n|upkeep\n|\n|t:|1731601933\n|switch|p2a: Pelipper|Pelipper, L50, F|100\/100\n|-weather|RainDance|[from] ability: Drizzle|[of] p2a: Pelipper\n|turn|5\n|\n|t:|1731601951\n|move|p2b: Amoonguss|Protect|p2b: Amoonguss\n|-singleturn|p2b: Amoonguss|Protect\n|move|p1b: Ursaluna|Facade|p2a: Pelipper\n|-enditem|p2a: Pelipper|Focus Sash\n|-damage|p2a: Pelipper|1\/100\n|move|p1a: Armarouge|Expanding Force|p2b: Amoonguss|[spread] p2a\n|-activate|p2b: Amoonguss|move: Protect\n|-damage|p2a: Pelipper|0 fnt\n|faint|p2a: Pelipper\n|\n|-weather|RainDance|[upkeep]\n|-damage|p1b: Ursaluna|83\/100 brn|[from] brn\n|-fieldend|move: Trick Room\n|-fieldend|move: Psychic Terrain\n|upkeep\n|turn|6\n|-message|vgclth chromate forfeited.\n|\n|win|osteriapessati\n|raw|osteriapessati's rating: 1717 &rarr; <strong>1742<\/strong><br \/>(+25 for winning)\n|raw|vgclth chromate's rating: 1812 &rarr; <strong>1787<\/strong><br \/>(-25 for losing)\n|l|\u2606vgclth chromate\n|player|p2|\n|l|\u2606osteriapessati\n|player|p1|\n|l| thelasttheorem\n","uploadtime":1731602193,"views":43,"formatid":"gen9vgc2024regh","rating":1742,"private":0,"password":null}