{"id":"gen9vgc2024regh-2243787180","format":"[Gen 9] VGC 2024 Reg H","players":["VGCLTH Oinge","pescatora2"],"log":"|raw|<div class=\"broadcast-blue\"><strong>This battle is required to be public due to a player having a name starting with 'vgclth'.<\/div>\n|j|\u2606VGCLTH Oinge\n|j|\u2606pescatora2\n|t:|1731599111\n|gametype|doubles\n|player|p1|VGCLTH Oinge|mars|1681\n|player|p2|pescatora2|lucas|1724\n|teamsize|p1|6\n|teamsize|p2|6\n|gen|9\n|tier|[Gen 9] VGC 2024 Reg H\n|rated|\n|rule|Species Clause: Limit one of each Pok\u00e9mon\n|rule|Item Clause: Limit 1 of each item\n|clearpoke\n|poke|p1|Torkoal, L50, M|\n|poke|p1|Indeedee-F, L50, F|\n|poke|p1|Hatterene, L50, F|\n|poke|p1|Gallade, L50, M|\n|poke|p1|Maushold-Four, L50|\n|poke|p1|Ursaluna, L50, M|\n|poke|p2|Volcarona, L50, F|\n|poke|p2|Dragonite, L50, M|\n|poke|p2|Dondozo, L50, M|\n|poke|p2|Tatsugiri-Droopy, L50, M|\n|poke|p2|Kingambit, L50, F|\n|poke|p2|Rillaboom, L50, M|\n|teampreview|4\n|inactive|Battle timer is ON: inactive players will automatically lose when time's up. (requested by VGCLTH Oinge)\n|\n|t:|1731599154\n|start\n|switch|p1a: Maushold|Maushold-Four, L50|100\/100\n|switch|p1b: Hatterene|Hatterene, L50, F|100\/100\n|switch|p2a: Kingambit|Kingambit, L50, F|100\/100\n|switch|p2b: Dondozo|Dondozo, L50, M|100\/100\n|turn|1\n|\n|t:|1731599175\n|switch|p1a: Ursaluna|Ursaluna, L50, M|100\/100\n|move|p2b: Dondozo|Protect|p2b: Dondozo\n|-singleturn|p2b: Dondozo|Protect\n|move|p2a: Kingambit|Iron Head|p1a: Ursaluna\n|-damage|p1a: Ursaluna|65\/100\n|move|p1b: Hatterene|Trick Room|p1b: Hatterene\n|-fieldstart|move: Trick Room|[of] p1b: Hatterene\n|\n|-status|p1a: Ursaluna|brn|[from] item: Flame Orb\n|upkeep\n|turn|2\n|inactive|VGCLTH Oinge has 30 seconds left.\n|inactive|VGCLTH Oinge has 20 seconds left.\n|\n|t:|1731599214\n|move|p1b: Hatterene|Dazzling Gleam|p2b: Dondozo|[spread] p2a,p2b\n|-crit|p2a: Kingambit\n|-damage|p2a: Kingambit|18\/100\n|-damage|p2b: Dondozo|73\/100\n|-damage|p1b: Hatterene|91\/100|[from] item: Life Orb\n|move|p2b: Dondozo|Wave Crash|p1a: Ursaluna\n|-supereffective|p1a: Ursaluna\n|-damage|p1a: Ursaluna|1\/100 brn\n|-damage|p2b: Dondozo|53\/100|[from] Recoil\n|move|p1a: Ursaluna|Headlong Rush|p2a: Kingambit\n|-supereffective|p2a: Kingambit\n|-damage|p2a: Kingambit|0 fnt\n|-unboost|p1a: Ursaluna|def|1\n|-unboost|p1a: Ursaluna|spd|1\n|faint|p2a: Kingambit\n|\n|-heal|p2b: Dondozo|60\/100|[from] item: Leftovers\n|-damage|p1a: Ursaluna|0 fnt|[from] brn\n|faint|p1a: Ursaluna\n|upkeep\n|\n|t:|1731599225\n|switch|p1a: Maushold|Maushold-Four, L50|100\/100\n|switch|p2a: Rillaboom|Rillaboom, L50, M|100\/100\n|-fieldstart|move: Grassy Terrain|[from] ability: Grassy Surge|[of] p2a: Rillaboom\n|turn|3\n|inactive|pescatora2 has 30 seconds left.\n|\n|t:|1731599250\n|switch|p2a: Tatsugiri|Tatsugiri-Droopy, L50, M|100\/100\n|-activate|p2a: Tatsugiri|ability: Commander|[of] p2b: Dondozo\n|-boost|p2b: Dondozo|atk|2\n|-boost|p2b: Dondozo|spa|2\n|-boost|p2b: Dondozo|spe|2\n|-boost|p2b: Dondozo|def|2\n|-boost|p2b: Dondozo|spd|2\n|switch|p1a: Indeedee|Indeedee-F, L50, F|100\/100\n|-fieldstart|move: Psychic Terrain|[from] ability: Psychic Surge|[of] p1a: Indeedee\n|-enditem|p1a: Indeedee|Psychic Seed\n|-boost|p1a: Indeedee|spd|1|[from] item: Psychic Seed\n|move|p1b: Hatterene|Expanding Force|p2a: Tatsugiri|[spread] p2b\n|-miss|p1b: Hatterene|p2a: Tatsugiri\n|-damage|p2b: Dondozo|29\/100\n|-damage|p1b: Hatterene|81\/100|[from] item: Life Orb\n|move|p2b: Dondozo|Wave Crash|p1b: Hatterene\n|-damage|p1b: Hatterene|0 fnt\n|faint|p1b: Hatterene\n|-damage|p2b: Dondozo|12\/100|[from] Recoil\n|\n|-heal|p2b: Dondozo|18\/100|[from] item: Leftovers\n|upkeep\n|\n|t:|1731599271\n|switch|p1b: Maushold|Maushold-Four, L50|100\/100\n|turn|4\n|\n|t:|1731599288\n|move|p1a: Indeedee|Follow Me|p1a: Indeedee\n|-singleturn|p1a: Indeedee|move: Follow Me\n|move|p2b: Dondozo|Yawn|p1a: Indeedee\n|-start|p1a: Indeedee|move: Yawn|[of] p2b: Dondozo\n|move|p1b: Maushold|Population Bomb|p2b: Dondozo\n|-damage|p2b: Dondozo|14\/100\n|-damage|p2b: Dondozo|10\/100\n|-damage|p2b: Dondozo|6\/100\n|-damage|p2b: Dondozo|2\/100\n|-damage|p2b: Dondozo|0 fnt\n|faint|p2b: Dondozo\n|-hitcount|p2: Dondozo|5\n|\n|upkeep\n|\n|t:|1731599292\n|switch|p2b: Rillaboom|Rillaboom, L50, M|100\/100\n|-fieldstart|move: Grassy Terrain|[from] ability: Grassy Surge|[of] p2b: Rillaboom\n|turn|5\n|\n|t:|1731599306\n|-terastallize|p1b: Maushold|Ghost\n|move|p2b: Rillaboom|Fake Out|p1b: Maushold\n|-immune|p1b: Maushold\n|move|p1a: Indeedee|Follow Me|p1a: Indeedee\n|-singleturn|p1a: Indeedee|move: Follow Me\n|move|p1b: Maushold|Population Bomb|p2b: Rillaboom\n|-damage|p2b: Rillaboom|89\/100\n|-damage|p2b: Rillaboom|77\/100\n|-damage|p2b: Rillaboom|65\/100\n|-damage|p2b: Rillaboom|54\/100\n|-damage|p2b: Rillaboom|41\/100\n|-damage|p2b: Rillaboom|30\/100\n|-damage|p2b: Rillaboom|18\/100\n|-damage|p2b: Rillaboom|7\/100\n|-damage|p2b: Rillaboom|0 fnt\n|faint|p2b: Rillaboom\n|-hitcount|p2: Rillaboom|9\n|move|p2a: Tatsugiri|Icy Wind|p1a: Indeedee|[spread] p1a,p1b\n|-damage|p1a: Indeedee|90\/100\n|-damage|p1b: Maushold|79\/100\n|-unboost|p1a: Indeedee|spe|1\n|-unboost|p1b: Maushold|spe|1\n|\n|-heal|p1a: Indeedee|96\/100|[from] Grassy Terrain\n|-heal|p1b: Maushold|85\/100|[from] Grassy Terrain\n|-end|p1a: Indeedee|move: Yawn|[silent]\n|-status|p1a: Indeedee|slp\n|-fieldend|move: Trick Room\n|upkeep\n|turn|6\n|-message|pescatora2 forfeited.\n|\n|win|VGCLTH Oinge\n|raw|VGCLTH Oinge's rating: 1681 &rarr; <strong>1703<\/strong><br \/>(+22 for winning)\n|raw|pescatora2's rating: 1724 &rarr; <strong>1702<\/strong><br \/>(-22 for losing)\n|l|\u2606VGCLTH Oinge\n|player|p1|\n","uploadtime":1731599569,"views":22,"formatid":"gen9vgc2024regh","rating":1702,"private":0,"password":null}