{"id":"gen9vgc2024regh-2243375448","format":"[Gen 9] VGC 2024 Reg H","players":["VGCLTH Sac gaming","FileFate"],"log":"|raw|<div class=\"broadcast-blue\"><strong>This battle is required to be public due to a player having a name starting with 'vgclth'.<\/div>\n|j|\u2606VGCLTH Sac gaming\n|j|\u2606FileFate\n|t:|1731539082\n|gametype|doubles\n|player|p1|VGCLTH Sac gaming|steven|1705\n|player|p2|FileFate|170|1745\n|teamsize|p1|6\n|teamsize|p2|6\n|gen|9\n|tier|[Gen 9] VGC 2024 Reg H\n|rated|\n|rule|Species Clause: Limit one of each Pok\u00e9mon\n|rule|Item Clause: Limit 1 of each item\n|clearpoke\n|poke|p1|Whimsicott, L50, M|\n|poke|p1|Dragonite, L50, F|\n|poke|p1|Ursaluna-Bloodmoon, L50, M|\n|poke|p1|Gholdengo, L50|\n|poke|p1|Incineroar, L50, F|\n|poke|p1|Annihilape, L50, M|\n|poke|p2|Annihilape, L50, M|\n|poke|p2|Electrode-Hisui, L50|\n|poke|p2|Archaludon, L50, M|\n|poke|p2|Pelipper, L50, M|\n|poke|p2|Gothitelle, L50, M|\n|poke|p2|Basculegion, L50, M|\n|teampreview|4\n|inactive|Battle timer is ON: inactive players will automatically lose when time's up. (requested by FileFate)\n|\n|t:|1731539105\n|start\n|switch|p1a: Whimsicott|Whimsicott, L50, M|100\/100\n|switch|p1b: Annihilape|Annihilape, L50, M|100\/100\n|switch|p2a: Annihilape|Annihilape, L50, M|100\/100\n|switch|p2b: Electrode|Electrode-Hisui, L50|100\/100\n|turn|1\n|j| mr pogostick\n|j| VGCLTH Ninjaboy\n|j| AlabamaChristian\n|inactive|FileFate has 30 seconds left.\n|j| vgclth souly\n|\n|t:|1731539139\n|-terastallize|p2b: Electrode|Ghost\n|move|p2b: Electrode|Taunt|p1a: Whimsicott\n|-start|p1a: Whimsicott|move: Taunt\n|move|p2a: Annihilape|Rage Fist|p1b: Annihilape\n|-supereffective|p1b: Annihilape\n|-damage|p1b: Annihilape|46\/100\n|move|p1a: Whimsicott|Beat Up|p1b: Annihilape\n|-damage|p1b: Annihilape|44\/100\n|-damage|p1b: Annihilape|41\/100\n|-damage|p1b: Annihilape|38\/100\n|-damage|p1b: Annihilape|36\/100\n|-hitcount|p1b: Annihilape|4\n|move|p1b: Annihilape|Rage Fist|p2a: Annihilape\n|-supereffective|p2a: Annihilape\n|-damage|p2a: Annihilape|0 fnt\n|faint|p2a: Annihilape\n|\n|upkeep\n|\n|t:|1731539151\n|switch|p2a: Basculegion|Basculegion, L50, M, shiny|100\/100\n|turn|2\n|j| A Giant Rat\n|inactive|VGCLTH Sac gaming has 30 seconds left.\n|inactive|FileFate has 30 seconds left.\n|\n|t:|1731539186\n|switch|p2b: Pelipper|Pelipper, L50, M|100\/100\n|-weather|RainDance|[from] ability: Drizzle|[of] p2b: Pelipper\n|switch|p1a: Ursaluna|Ursaluna-Bloodmoon, L50, M|100\/100\n|move|p2a: Basculegion|Last Respects|p1b: Annihilape\n|-supereffective|p1b: Annihilape\n|-damage|p1b: Annihilape|0 fnt\n|faint|p1b: Annihilape\n|\n|-weather|RainDance|[upkeep]\n|upkeep\n|\n|t:|1731539204\n|switch|p1b: Whimsicott|Whimsicott, L50, M|100\/100\n|turn|3\n|j| girl latias\n|\n|t:|1731539214\n|-terastallize|p1a: Ursaluna|Normal\n|move|p1b: Whimsicott|Encore|p2a: Basculegion\n|-start|p2a: Basculegion|Encore\n|move|p2a: Basculegion|Last Respects|p1a: Ursaluna\n|-immune|p1a: Ursaluna\n|move|p2b: Pelipper|Tailwind|p2b: Pelipper\n|-sidestart|p2: FileFate|move: Tailwind\n|move|p1a: Ursaluna|Hyper Voice|p2a: Basculegion|[spread] p2a,p2b\n|-damage|p2a: Basculegion|44\/100\n|-damage|p2b: Pelipper|31\/100\n|\n|-weather|RainDance|[upkeep]\n|upkeep\n|turn|4\n|inactive|VGCLTH Sac gaming has 30 seconds left.\n|inactive|FileFate has 30 seconds left.\n|\n|t:|1731539242\n|move|p2b: Pelipper|Wide Guard|p2b: Pelipper\n|-singleturn|p2b: Pelipper|Wide Guard\n|move|p1b: Whimsicott|Encore|p2b: Pelipper\n|-start|p2b: Pelipper|Encore\n|move|p2a: Basculegion|Last Respects|p1b: Whimsicott\n|-damage|p1b: Whimsicott|23\/100\n|move|p1a: Ursaluna|Hyper Voice|p2b: Pelipper|[spread] \n|-activate|p2a: Basculegion|move: Wide Guard\n|-activate|p2b: Pelipper|move: Wide Guard\n|\n|-weather|RainDance|[upkeep]\n|upkeep\n|turn|5\n|\n|t:|1731539254\n|move|p2b: Pelipper|Wide Guard|p2b: Pelipper\n|-singleturn|p2b: Pelipper|Wide Guard\n|move|p1b: Whimsicott|Tailwind|p1b: Whimsicott\n|-sidestart|p1: VGCLTH Sac gaming|move: Tailwind\n|move|p2a: Basculegion|Last Respects|p1b: Whimsicott\n|-damage|p1b: Whimsicott|0 fnt\n|faint|p1b: Whimsicott\n|move|p1a: Ursaluna|Earth Power|p2a: Basculegion\n|-damage|p2a: Basculegion|0 fnt\n|faint|p2a: Basculegion\n|\n|-weather|RainDance|[upkeep]\n|upkeep\n|\n|t:|1731539265\n|switch|p1b: Gholdengo|Gholdengo, L50|100\/100\n|switch|p2a: Electrode|Electrode-Hisui, L50, tera:Ghost|100\/100\n|turn|6\n|\n|t:|1731539278\n|move|p2b: Pelipper|Wide Guard|p2b: Pelipper\n|-singleturn|p2b: Pelipper|Wide Guard\n|move|p2a: Electrode|Worry Seed|p1a: Ursaluna\n|-endability|p1a: Ursaluna|Mind's Eye|[from] move: Worry Seed\n|-ability|p1a: Ursaluna|Insomnia|[from] move: Worry Seed\n|move|p1b: Gholdengo|Shadow Ball|p2a: Electrode\n|-supereffective|p2a: Electrode\n|-damage|p2a: Electrode|0 fnt\n|faint|p2a: Electrode\n|move|p1a: Ursaluna|Blood Moon|p2b: Pelipper\n|-damage|p2b: Pelipper|0 fnt\n|faint|p2b: Pelipper\n|\n|win|VGCLTH Sac gaming\n|raw|VGCLTH Sac gaming's rating: 1728 &rarr; <strong>1749<\/strong><br \/>(+21 for winning)\n|raw|FileFate's rating: 1745 &rarr; <strong>1724<\/strong><br \/>(-21 for losing)\n|l|\u2606VGCLTH Sac gaming\n|player|p1|\n|l|\u2606FileFate\n|player|p2|\n|l| mr pogostick\n|l| A Giant Rat\n|l| girl latias\n|l| vgclth souly\n","uploadtime":1731539457,"views":22,"formatid":"gen9vgc2024regh","rating":1724,"private":0,"password":null}