{"id":"gen9vgc2024regh-2243390223","format":"[Gen 9] VGC 2024 Reg H","players":["VGCLTH Sac gaming","redgannetVGC"],"log":"|raw|<div class=\"broadcast-blue\"><strong>This battle is required to be public due to a player having a name starting with 'vgclth'.<\/div>\n|j|\u2606VGCLTH Sac gaming\n|j|\u2606redgannetVGC\n|t:|1731540849\n|gametype|doubles\n|player|p1|VGCLTH Sac gaming|steven|1731\n|player|p2|redgannetVGC|265|1715\n|teamsize|p1|6\n|teamsize|p2|6\n|gen|9\n|tier|[Gen 9] VGC 2024 Reg H\n|rated|\n|rule|Species Clause: Limit one of each Pok\u00e9mon\n|rule|Item Clause: Limit 1 of each item\n|clearpoke\n|poke|p1|Whimsicott, L50, F|\n|poke|p1|Dragonite, L50, F|\n|poke|p1|Ursaluna-Bloodmoon, L50, M|\n|poke|p1|Gholdengo, L50|\n|poke|p1|Incineroar, L50, F|\n|poke|p1|Annihilape, L50, M|\n|poke|p2|Ninetales-Alola, L50, M|\n|poke|p2|Garchomp, L50, F|\n|poke|p2|Dragonite, L50, F|\n|poke|p2|Kingambit, L50, M|\n|poke|p2|Incineroar, L50, M|\n|poke|p2|Amoonguss, L50, F|\n|teampreview|4\n|inactive|Battle timer is ON: inactive players will automatically lose when time's up. (requested by redgannetVGC)\nVGCLTH Sac gaming rejected open team sheets.\n|\n|t:|1731540877\n|start\n|switch|p1a: Whimsicott|Whimsicott, L50, F|100\/100\n|switch|p1b: Gholdengo|Gholdengo, L50|100\/100\n|switch|p2a: Kingambit|Kingambit, L50, M|100\/100\n|switch|p2b: Garchomp|Garchomp, L50, F|100\/100\n|turn|1\n|inactive|redgannetVGC has 30 seconds left.\n|inactive|redgannetVGC has 20 seconds left.\n|inactive|redgannetVGC has 15 seconds left.\n|\n|t:|1731540918\n|-terastallize|p2b: Garchomp|Fire\n|move|p1a: Whimsicott|Tailwind|p1a: Whimsicott\n|-sidestart|p1: VGCLTH Sac gaming|move: Tailwind\n|move|p1b: Gholdengo|Shadow Ball|p2b: Garchomp\n|-crit|p2b: Garchomp\n|-damage|p2b: Garchomp|0 fnt\n|faint|p2b: Garchomp\n|move|p2a: Kingambit|Iron Head|p1a: Whimsicott\n|-supereffective|p1a: Whimsicott\n|-enditem|p1a: Whimsicott|Focus Sash\n|-damage|p1a: Whimsicott|1\/100\n|\n|upkeep\n|\n|t:|1731540931\n|switch|p2b: Dragonite|Dragonite, L50, F|100\/100\n|turn|2\n|\n|t:|1731540945\n|move|p1a: Whimsicott|Moonblast|p2b: Dragonite\n|-supereffective|p2b: Dragonite\n|-damage|p2b: Dragonite|65\/100\n|move|p1b: Gholdengo|Shadow Ball|p2a: Kingambit\n|-resisted|p2a: Kingambit\n|-damage|p2a: Kingambit|77\/100\n|move|p2b: Dragonite|Scale Shot|p1a: Whimsicott\n|-immune|p1a: Whimsicott\n|move|p2a: Kingambit|Kowtow Cleave|p1a: Whimsicott\n|-resisted|p1a: Whimsicott\n|-damage|p1a: Whimsicott|0 fnt\n|faint|p1a: Whimsicott\n|\n|upkeep\n|\n|t:|1731540959\n|switch|p1a: Annihilape|Annihilape, L50, M|100\/100\n|turn|3\n|\n|t:|1731540980\n|move|p2a: Kingambit|Sucker Punch|p1a: Annihilape\n|-damage|p1a: Annihilape|59\/100\n|move|p1a: Annihilape|Rage Fist|p2b: Dragonite\n|-damage|p2b: Dragonite|16\/100\n|move|p1b: Gholdengo|Shadow Ball|p2b: Dragonite\n|-damage|p2b: Dragonite|0 fnt\n|faint|p2b: Dragonite\n|\n|upkeep\n|\n|t:|1731540988\n|switch|p2b: Ninetales|Ninetales-Alola, L50, M|100\/100\n|-weather|Snow|[from] ability: Snow Warning|[of] p2b: Ninetales\n|turn|4\n|\n|t:|1731541006\n|-terastallize|p1b: Gholdengo|Steel\n|move|p2a: Kingambit|Sucker Punch|p1b: Gholdengo\n|-crit|p1b: Gholdengo\n|-damage|p1b: Gholdengo|25\/100\n|move|p1a: Annihilape|Rage Fist|p2b: Ninetales\n|-damage|p2b: Ninetales|54\/100\n|move|p1b: Gholdengo|Shadow Ball|p2b: Ninetales\n|-crit|p2b: Ninetales\n|-damage|p2b: Ninetales|0 fnt\n|faint|p2b: Ninetales\n|\n|-weather|Snow|[upkeep]\n|-sideend|p1: VGCLTH Sac gaming|move: Tailwind\n|upkeep\n|turn|5\n|j| vgclth souly\n|-message|redgannetVGC forfeited.\n|\n|win|VGCLTH Sac gaming\n|raw|VGCLTH Sac gaming's rating: 1731 &rarr; <strong>1750<\/strong><br \/>(+19 for winning)\n|raw|redgannetVGC's rating: 1715 &rarr; <strong>1696<\/strong><br \/>(-19 for losing)\n|l|\u2606redgannetVGC\n|player|p2|\n","uploadtime":1731541022,"views":19,"formatid":"gen9vgc2024regh","rating":1696,"private":0,"password":null}