{"id":"gen9vgc2024regh-2243762430","format":"[Gen 9] VGC 2024 Reg H","players":["VGCLTH lily","Smurshifu"],"log":"|raw|<div class=\"broadcast-blue\"><strong>This battle is required to be public due to a player having a name starting with 'vgclth'.<\/div>\n|j|\u2606VGCLTH lily\n|j|\u2606Smurshifu\n|t:|1731596661\n|gametype|doubles\n|player|p1|VGCLTH lily|akari|1716\n|player|p2|Smurshifu|youngster-gen4dp|1699\n|teamsize|p1|6\n|teamsize|p2|6\n|gen|9\n|tier|[Gen 9] VGC 2024 Reg H\n|rated|\n|rule|Species Clause: Limit one of each Pok\u00e9mon\n|rule|Item Clause: Limit 1 of each item\n|clearpoke\n|poke|p1|Vivillon, L50, F|\n|poke|p1|Gliscor, L50, M|\n|poke|p1|Archaludon, L50, M|\n|poke|p1|Kingambit, L50, M|\n|poke|p1|Incineroar, L50, M|\n|poke|p1|Ninetales-Alola, L50, F|\n|poke|p2|Gothitelle, L50, M|\n|poke|p2|Gengar, L50, F|\n|poke|p2|Archaludon, L50, F|\n|poke|p2|Dondozo, L50, M|\n|poke|p2|Tatsugiri, L50, M|\n|poke|p2|Flamigo, L50, M|\n|teampreview|4\n|inactive|Battle timer is ON: inactive players will automatically lose when time's up. (requested by VGCLTH lily)\n|j| RNGeez RandBats\n|inactive|Smurshifu has 60 seconds left.\n|l| RNGeez RandBats\n|j| RNGeez RandBats\n|\n|t:|1731596705\n|start\n|switch|p1a: Kingambit|Kingambit, L50, M, shiny|100\/100\n|switch|p1b: Vivillon|Vivillon, L50, F, shiny|100\/100\n|switch|p2a: Gengar|Gengar, L50, F|100\/100\n|switch|p2b: Gothitelle|Gothitelle, L50, M|100\/100\n|turn|1\n|inactive|VGCLTH lily has 30 seconds left.\n|inactive|Smurshifu has 30 seconds left.\n|inactive|VGCLTH lily has 20 seconds left.\n|\n|t:|1731596741\n|move|p2b: Gothitelle|Fake Out|p1a: Kingambit\n|-resisted|p1a: Kingambit\n|-damage|p1a: Kingambit|99\/100\n|move|p2a: Gengar|Shadow Ball|p1b: Vivillon\n|-damage|p1b: Vivillon|12\/100\n|-unboost|p1b: Vivillon|spd|1\n|move|p1b: Vivillon|Sleep Powder|p2b: Gothitelle\n|-status|p2b: Gothitelle|slp|[from] move: Sleep Powder\n|cant|p1a: Kingambit|flinch\n|\n|upkeep\n|turn|2\n|inactive|Smurshifu has 30 seconds left.\n|\n|t:|1731596767\n|switch|p2b: Dondozo|Dondozo, L50, M|100\/100\n|move|p2a: Gengar|Protect|p2a: Gengar\n|-singleturn|p2a: Gengar|Protect\n|move|p1b: Vivillon|Protect|p1b: Vivillon\n|-singleturn|p1b: Vivillon|Protect\n|move|p1a: Kingambit|Iron Head|p2a: Gengar\n|-activate|p2a: Gengar|move: Protect\n|\n|upkeep\n|turn|3\n|\n|t:|1731596785\n|switch|p2a: Tatsugiri|Tatsugiri, L50, M|100\/100\n|-activate|p2a: Tatsugiri|ability: Commander|[of] p2b: Dondozo\n|-boost|p2b: Dondozo|atk|2\n|-boost|p2b: Dondozo|spa|2\n|-boost|p2b: Dondozo|spe|2\n|-boost|p2b: Dondozo|def|2\n|-boost|p2b: Dondozo|spd|2\n|move|p2b: Dondozo|Heavy Slam|p1b: Vivillon\n|-damage|p1b: Vivillon|0 fnt\n|faint|p1b: Vivillon\n|move|p1a: Kingambit|Assurance|p2b: Dondozo\n|-damage|p2b: Dondozo|88\/100\n|\n|-heal|p2b: Dondozo|94\/100|[from] item: Leftovers\n|upkeep\n|\n|t:|1731596791\n|switch|p1b: Incineroar|Incineroar, L50, M, shiny|100\/100\n|-ability|p1b: Incineroar|Intimidate|boost\n|-unboost|p2a: Tatsugiri|atk|1\n|-unboost|p2b: Dondozo|atk|1\n|turn|4\n|\n|t:|1731596798\n|switch|p1a: Archaludon|Archaludon, L50, M, shiny|100\/100\n|-terastallize|p1b: Incineroar|Ghost\n|move|p2b: Dondozo|Protect|p2b: Dondozo\n|-singleturn|p2b: Dondozo|Protect\n|move|p1b: Incineroar|Parting Shot|p2b: Dondozo\n|-activate|p2b: Dondozo|move: Protect\n|\n|-heal|p2b: Dondozo|100\/100|[from] item: Leftovers\n|upkeep\n|turn|5\n|\n|t:|1731596811\n|-terastallize|p2b: Dondozo|Steel\n|move|p1a: Archaludon|Protect|p1a: Archaludon\n|-singleturn|p1a: Archaludon|Protect\n|move|p2b: Dondozo|Earthquake|p1a: Archaludon|[spread] p1b\n|-miss|p2b: Dondozo|p2a: Tatsugiri\n|-activate|p1a: Archaludon|move: Protect\n|-damage|p1b: Incineroar|74\/100\n|move|p1b: Incineroar|Parting Shot|p2b: Dondozo\n|-unboost|p2b: Dondozo|atk|1\n|-unboost|p2b: Dondozo|spa|1\n|\n|t:|1731596822\n|switch|p1b: Kingambit|Kingambit, L50, M, shiny|99\/100|[from] Parting Shot\n|\n|upkeep\n|turn|6\n|\n|t:|1731596830\n|switch|p1a: Incineroar|Incineroar, L50, M, shiny, tera:Ghost|74\/100\n|-ability|p1a: Incineroar|Intimidate|boost\n|-unboost|p2a: Tatsugiri|atk|1\n|-unboost|p2b: Dondozo|atk|1\n|move|p2b: Dondozo|Earthquake|p1b: Kingambit|[spread] p1a,p1b\n|-miss|p2b: Dondozo|p2a: Tatsugiri\n|-supereffective|p1b: Kingambit\n|-crit|p1b: Kingambit\n|-damage|p1a: Incineroar|63\/100\n|-damage|p1b: Kingambit|55\/100\n|move|p1b: Kingambit|Low Kick|p2b: Dondozo\n|-supereffective|p2b: Dondozo\n|-crit|p2b: Dondozo\n|-damage|p2b: Dondozo|8\/100\n|\n|-heal|p2b: Dondozo|14\/100|[from] item: Leftovers\n|upkeep\n|turn|7\n|\n|t:|1731596846\n|move|p1b: Kingambit|Sucker Punch|p2b: Dondozo\n|-damage|p2b: Dondozo|0 fnt\n|faint|p2b: Dondozo\n|move|p1a: Incineroar|Knock Off|p2a: Tatsugiri\n|-damage|p2a: Tatsugiri|39\/100\n|-enditem|p2a: Tatsugiri|Safety Goggles|[from] move: Knock Off|[of] p1a: Incineroar\n|\n|upkeep\n|-message|Smurshifu forfeited.\n|\n|win|VGCLTH lily\n|raw|VGCLTH lily's rating: 1716 &rarr; <strong>1735<\/strong><br \/>(+19 for winning)\n|raw|Smurshifu's rating: 1699 &rarr; <strong>1680<\/strong><br \/>(-19 for losing)\n|l|\u2606Smurshifu\n|player|p2|\n|l|\u2606VGCLTH lily\n|player|p1|\n|l| RNGeez RandBats\n","uploadtime":1731597083,"views":24,"formatid":"gen9vgc2024regh","rating":1680,"private":0,"password":null}