{"id":"gen9vgc2024regh-2243141348","format":"[Gen 9] VGC 2024 Reg H","players":["vgclth chromate","bgc0"],"log":"|raw|<div class=\"broadcast-blue\"><strong>This battle is required to be public due to a player having a name starting with 'vgclth'.<\/div>\n|j|\u2606vgclth chromate\n|j|\u2606bgc0\n|t:|1731515818\n|gametype|doubles\n|player|p1|vgclth chromate|allister|1767\n|player|p2|bgc0|steven|1884\n|teamsize|p1|6\n|teamsize|p2|6\n|gen|9\n|tier|[Gen 9] VGC 2024 Reg H\n|rated|\n|rule|Species Clause: Limit one of each Pok\u00e9mon\n|rule|Item Clause: Limit 1 of each item\n|clearpoke\n|poke|p1|Archaludon, L50, M|\n|poke|p1|Pelipper, L50, M|\n|poke|p1|Basculegion, L50, M|\n|poke|p1|Gholdengo, L50|\n|poke|p1|Incineroar, L50, M|\n|poke|p1|Amoonguss, L50, F|\n|poke|p2|Espathra, L50, F|\n|poke|p2|Archaludon, L50, M|\n|poke|p2|Incineroar, L50, M|\n|poke|p2|Ninetales-Alola, L50, F|\n|poke|p2|Murkrow, L50, M|\n|poke|p2|Amoonguss, L50, M|\n|teampreview|4\n|\n|t:|1731515839\n|start\n|switch|p1a: Gholdengo|Gholdengo, L50|100\/100\n|switch|p1b: Basculegion|Basculegion, L50, M|100\/100\n|switch|p2a: Espathra|Espathra, L50, F|100\/100\n|switch|p2b: Archaludon|Archaludon, L50, M, shiny|100\/100\n|turn|1\n|\n|t:|1731515855\n|move|p1b: Basculegion|Flip Turn|p2a: Espathra\n|-damage|p2a: Espathra|40\/100\n|\n|t:|1731515857\n|switch|p1b: Amoonguss|Amoonguss, L50, F|100\/100|[from] Flip Turn\n|move|p2a: Espathra|Lumina Crash|p1a: Gholdengo\n|-resisted|p1a: Gholdengo\n|-damage|p1a: Gholdengo|81\/100\n|-unboost|p1a: Gholdengo|spd|2\n|move|p2b: Archaludon|Electro Shot||[still]\n|-prepare|p2b: Archaludon|Electro Shot\n|-boost|p2b: Archaludon|spa|1\n|-enditem|p2b: Archaludon|Power Herb\n|-anim|p2b: Archaludon|Electro Shot|p1a: Gholdengo\n|-damage|p1a: Gholdengo|0 fnt\n|faint|p1a: Gholdengo\n|\n|-ability|p2a: Espathra|Speed Boost|boost\n|-boost|p2a: Espathra|spe|1\n|upkeep\n|\n|t:|1731515866\n|switch|p1a: Basculegion|Basculegion, L50, M|100\/100\n|turn|2\n|\n|t:|1731515885\n|-terastallize|p1a: Basculegion|Water\n|move|p2a: Espathra|Protect|p2a: Espathra\n|-singleturn|p2a: Espathra|Protect\n|move|p2b: Archaludon|Protect|p2b: Archaludon\n|-singleturn|p2b: Archaludon|Protect\n|move|p1a: Basculegion|Aqua Jet|p2a: Espathra\n|-activate|p2a: Espathra|move: Protect\n|move|p1b: Amoonguss|Spore|p2b: Archaludon\n|-activate|p2b: Archaludon|move: Protect\n|\n|-ability|p2a: Espathra|Speed Boost|boost\n|-boost|p2a: Espathra|spe|1\n|upkeep\n|turn|3\n|\n|t:|1731515937\n|move|p1a: Basculegion|Aqua Jet|p2a: Espathra\n|-damage|p2a: Espathra|0 fnt\n|faint|p2a: Espathra\n|move|p2b: Archaludon|Dragon Pulse|p1a: Basculegion\n|-damage|p1a: Basculegion|30\/100\n|move|p1b: Amoonguss|Spore|p2b: Archaludon\n|-status|p2b: Archaludon|slp|[from] move: Spore\n|\n|upkeep\n|\n|t:|1731515955\n|switch|p2a: Murkrow|Murkrow, L50, M|100\/100\n|turn|4\n|j| bluestraggler03\n|\n|t:|1731515974\n|switch|p1a: Pelipper|Pelipper, L50, M|100\/100\n|-weather|RainDance|[from] ability: Drizzle|[of] p1a: Pelipper\n|move|p2a: Murkrow|Tailwind|p2a: Murkrow\n|-sidestart|p2: bgc0|move: Tailwind\n|cant|p2b: Archaludon|slp\n|move|p1b: Amoonguss|Spore|p2a: Murkrow\n|-status|p2a: Murkrow|slp|[from] move: Spore\n|\n|-weather|RainDance|[upkeep]\n|upkeep\n|turn|5\n|\n|t:|1731515995\n|cant|p2a: Murkrow|slp\n|cant|p2b: Archaludon|slp\n|move|p1a: Pelipper|Weather Ball|p2b: Archaludon\n|-resisted|p2b: Archaludon\n|-crit|p2b: Archaludon\n|-damage|p2b: Archaludon|21\/100 slp\n|move|p1b: Amoonguss|Spore|p2a: Murkrow\n|-fail|p2a: Murkrow|slp\n|\n|-weather|RainDance|[upkeep]\n|upkeep\n|turn|6\n|\n|t:|1731516014\n|cant|p2b: Archaludon|slp\n|cant|p2a: Murkrow|slp\n|move|p1a: Pelipper|Weather Ball|p2b: Archaludon\n|-resisted|p2b: Archaludon\n|-damage|p2b: Archaludon|0 fnt\n|faint|p2b: Archaludon\n|move|p1b: Amoonguss|Spore|p2a: Murkrow\n|-fail|p2a: Murkrow|slp\n|\n|-weather|RainDance|[upkeep]\n|upkeep\n|\n|t:|1731516017\n|switch|p2b: Ninetales|Ninetales-Alola, L50, F, shiny|100\/100\n|-weather|Snow|[from] ability: Snow Warning|[of] p2b: Ninetales\n|turn|7\n|\n|t:|1731516038\n|-terastallize|p2b: Ninetales|Ice\n|move|p2b: Ninetales|Weather Ball|p1b: Amoonguss\n|-supereffective|p1b: Amoonguss\n|-damage|p1b: Amoonguss|0 fnt\n|faint|p1b: Amoonguss\n|-curestatus|p2a: Murkrow|slp|[msg]\n|move|p2a: Murkrow|Brave Bird|p1a: Pelipper\n|-damage|p1a: Pelipper|56\/100\n|-damage|p2a: Murkrow|89\/100|[from] Recoil\n|move|p1a: Pelipper|Weather Ball|p2a: Murkrow\n|-supereffective|p2a: Murkrow\n|-damage|p2a: Murkrow|6\/100\n|\n|-weather|Snow|[upkeep]\n|-sideend|p2: bgc0|move: Tailwind\n|upkeep\n|\n|t:|1731516054\n|switch|p1b: Basculegion|Basculegion, L50, M, tera:Water|30\/100\n|turn|8\n|\n|t:|1731516078\n|move|p1b: Basculegion|Aqua Jet|p2a: Murkrow\n|-damage|p2a: Murkrow|0 fnt\n|faint|p2a: Murkrow\n|move|p2b: Ninetales|Weather Ball|p1b: Basculegion\n|-resisted|p1b: Basculegion\n|-damage|p1b: Basculegion|0 fnt\n|faint|p1b: Basculegion\n|move|p1a: Pelipper|Tailwind|p1a: Pelipper\n|-sidestart|p1: vgclth chromate|move: Tailwind\n|\n|-weather|Snow|[upkeep]\n|upkeep\n|turn|9\n|\n|t:|1731516087\n|move|p1a: Pelipper|Hurricane|p2b: Ninetales|[miss]\n|-miss|p1a: Pelipper|p2b: Ninetales\n|move|p2b: Ninetales|Weather Ball|p1a: Pelipper\n|-damage|p1a: Pelipper|0 fnt\n|faint|p1a: Pelipper\n|\n|win|bgc0\n|raw|vgclth chromate's rating: 1767 &rarr; <strong>1753<\/strong><br \/>(-14 for losing)\n|raw|bgc0's rating: 1884 &rarr; <strong>1898<\/strong><br \/>(+14 for winning)\n|c|\u2606bgc0|Gg\n|l|\u2606vgclth chromate\n|player|p1|\n|l|\u2606bgc0\n|player|p2|\n|l| bluestraggler03\n","uploadtime":1731517715,"views":48,"formatid":"gen9vgc2024regh","rating":1753,"private":0,"password":null}