{"id":"gen9vgc2024regh-2243311103","format":"[Gen 9] VGC 2024 Reg H","players":["Regibagel","VGCLTH MINAMISIMP"],"log":"|raw|<div class=\"broadcast-blue\"><strong>This battle is required to be public due to a player having a name starting with 'vgclth'.<\/div>\n|j|\u2606Regibagel\n|j|\u2606VGCLTH MINAMISIMP\n|t:|1731532125\n|gametype|doubles\n|player|p1|Regibagel|102|1671\n|player|p2|VGCLTH MINAMISIMP|miku-water|1789\n|teamsize|p1|6\n|teamsize|p2|6\n|gen|9\n|tier|[Gen 9] VGC 2024 Reg H\n|rated|\n|rule|Species Clause: Limit one of each Pok\u00e9mon\n|rule|Item Clause: Limit 1 of each item\n|clearpoke\n|poke|p1|Amoonguss, L50, F|\n|poke|p1|Flamigo, L50, M|\n|poke|p1|Gholdengo, L50|\n|poke|p1|Incineroar, L50, M|\n|poke|p1|Porygon2, L50|\n|poke|p1|Ursaluna, L50, M|\n|poke|p2|Archaludon, L50, M|\n|poke|p2|Pelipper, L50, F|\n|poke|p2|Electabuzz, L50, F|\n|poke|p2|Kingambit, L50, F|\n|poke|p2|Rillaboom, L50, F|\n|poke|p2|Basculegion, L50, M|\n|teampreview|4\n|inactive|Battle timer is ON: inactive players will automatically lose when time's up. (requested by VGCLTH MINAMISIMP)\n|c|\u2606VGCLTH MINAMISIMP|glhf\n|j| VGCLTH TnB\n|inactive|Regibagel has 60 seconds left.\n|inactive|VGCLTH MINAMISIMP has 60 seconds left.\n|j| VGCLTH John Pork\n|\n|t:|1731532177\n|start\n|switch|p1a: Flamigo|Flamigo, L50, M|100\/100\n|switch|p1b: Gholdengo|Gholdengo, L50|100\/100\n|switch|p2a: Rillaboom|Rillaboom, L50, F|100\/100\n|switch|p2b: Kingambit|Kingambit, L50, F|100\/100\n|-fieldstart|move: Grassy Terrain|[from] ability: Grassy Surge|[of] p2a: Rillaboom\n|turn|1\n|j| alfalfasprouttower\n|inactive|Regibagel has 30 seconds left.\n|\n|t:|1731532208\n|-terastallize|p1a: Flamigo|Ghost\n|move|p2a: Rillaboom|Fake Out|p1a: Flamigo\n|-immune|p1a: Flamigo\n|move|p1a: Flamigo|Close Combat|p2b: Kingambit\n|-supereffective|p2b: Kingambit\n|-damage|p2b: Kingambit|0 fnt\n|-unboost|p1a: Flamigo|def|1\n|-unboost|p1a: Flamigo|spd|1\n|faint|p2b: Kingambit\n|move|p1b: Gholdengo|Nasty Plot|p1b: Gholdengo\n|-boost|p1b: Gholdengo|spa|2\n|\n|upkeep\n|\n|t:|1731532215\n|switch|p2b: Electabuzz|Electabuzz, L50, F|100\/100\n|turn|2\n|\n|t:|1731532231\n|move|p1a: Flamigo|Close Combat|p2b: Electabuzz\n|-damage|p2b: Electabuzz|58\/100\n|-unboost|p1a: Flamigo|def|1\n|-unboost|p1a: Flamigo|spd|1\n|move|p1b: Gholdengo|Shadow Ball|p2b: Electabuzz\n|-damage|p2b: Electabuzz|0 fnt\n|faint|p2b: Electabuzz\n|-damage|p1b: Gholdengo|91\/100|[from] item: Life Orb\n|move|p2a: Rillaboom|High Horsepower|p1b: Gholdengo\n|-supereffective|p1b: Gholdengo\n|-damage|p1b: Gholdengo|18\/100\n|\n|-heal|p1b: Gholdengo|24\/100|[from] Grassy Terrain\n|upkeep\n|\n|t:|1731532238\n|switch|p2b: Basculegion|Basculegion, L50, M|100\/100\n|turn|3\n|inactive|Regibagel has 30 seconds left.\n|\n|t:|1731532267\n|-terastallize|p2a: Rillaboom|Fire\n|move|p1a: Flamigo|Protect|p1a: Flamigo\n|-singleturn|p1a: Flamigo|Protect\n|move|p1b: Gholdengo|Protect|p1b: Gholdengo\n|-singleturn|p1b: Gholdengo|Protect\n|move|p2a: Rillaboom|Grassy Glide|p1b: Gholdengo\n|-activate|p1b: Gholdengo|move: Protect\n|move|p2b: Basculegion|Wave Crash|p1a: Flamigo\n|-activate|p1a: Flamigo|move: Protect\n|\n|-heal|p1b: Gholdengo|30\/100|[from] Grassy Terrain\n|upkeep\n|turn|4\n|\n|t:|1731532292\n|move|p2a: Rillaboom|Grassy Glide|p1b: Gholdengo\n|-resisted|p1b: Gholdengo\n|-crit|p1b: Gholdengo\n|-damage|p1b: Gholdengo|0 fnt\n|faint|p1b: Gholdengo\n|move|p1a: Flamigo|Close Combat|p2b: Basculegion\n|-damage|p2b: Basculegion|34\/100\n|-unboost|p1a: Flamigo|def|1\n|-unboost|p1a: Flamigo|spd|1\n|move|p2b: Basculegion|Wave Crash|p1a: Flamigo\n|-enditem|p1a: Flamigo|Focus Sash\n|-damage|p1a: Flamigo|1\/100\n|-damage|p2b: Basculegion|8\/100|[from] Recoil\n|\n|-heal|p1a: Flamigo|7\/100|[from] Grassy Terrain\n|-heal|p2b: Basculegion|14\/100|[from] Grassy Terrain\n|upkeep\n|inactive|Regibagel has 30 seconds left.\n|\n|t:|1731532322\n|switch|p1b: Ursaluna|Ursaluna, L50, M|100\/100\n|turn|5\n|\n|t:|1731532345\n|move|p1a: Flamigo|Protect|p1a: Flamigo\n|-singleturn|p1a: Flamigo|Protect\n|move|p1b: Ursaluna|Protect|p1b: Ursaluna\n|-singleturn|p1b: Ursaluna|Protect\n|move|p2a: Rillaboom|Wood Hammer|p1b: Ursaluna\n|-activate|p1b: Ursaluna|move: Protect\n|move|p2b: Basculegion|Wave Crash|p1b: Ursaluna\n|-activate|p1b: Ursaluna|move: Protect\n|\n|-heal|p1a: Flamigo|13\/100|[from] Grassy Terrain\n|-heal|p2b: Basculegion|20\/100|[from] Grassy Terrain\n|-fieldend|move: Grassy Terrain\n|-status|p1b: Ursaluna|brn|[from] item: Flame Orb\n|upkeep\n|turn|6\n|inactive|Regibagel has 30 seconds left.\n|\n|t:|1731532371\n|switch|p1b: Porygon2|Porygon2, L50|100\/100\n|-ability|p1b: Porygon2|Download|boost\n|-boost|p1b: Porygon2|spa|1\n|move|p1a: Flamigo|Close Combat|p2b: Basculegion\n|-damage|p2b: Basculegion|0 fnt\n|-unboost|p1a: Flamigo|def|1\n|-unboost|p1a: Flamigo|spd|1\n|faint|p2b: Basculegion\n|move|p2a: Rillaboom|Wood Hammer|p1b: Porygon2\n|-damage|p1b: Porygon2|64\/100\n|-damage|p2a: Rillaboom|89\/100|[from] Recoil\n|\n|upkeep\n|turn|7\n|\n|t:|1731532389\n|move|p1a: Flamigo|Close Combat|p2a: Rillaboom\n|-damage|p2a: Rillaboom|37\/100\n|-unboost|p1a: Flamigo|def|1\n|-unboost|p1a: Flamigo|spd|1\n|move|p2a: Rillaboom|Wood Hammer|p1a: Flamigo\n|-damage|p1a: Flamigo|0 fnt\n|faint|p1a: Flamigo\n|-damage|p2a: Rillaboom|34\/100|[from] Recoil\n|move|p1b: Porygon2|Trick Room|p1b: Porygon2\n|-fieldstart|move: Trick Room|[of] p1b: Porygon2\n|\n|upkeep\n|-message|VGCLTH MINAMISIMP forfeited.\n|\n|win|Regibagel\n|raw|Regibagel's rating: 1671 &rarr; <strong>1698<\/strong><br \/>(+27 for winning)\n|raw|VGCLTH MINAMISIMP's rating: 1789 &rarr; <strong>1762<\/strong><br \/>(-27 for losing)\n|l|\u2606VGCLTH MINAMISIMP\n|player|p2|\n|l| VGCLTH TnB\n","uploadtime":1731532425,"views":26,"formatid":"gen9vgc2024regh","rating":1698,"private":0,"password":null}