{"id":"gen9vgc2024regh-2243928344","format":"[Gen 9] VGC 2024 Reg H","players":["Zordor","VGCLTH Rishi"],"log":"|j|\u2606Zordor\n|j|\u2606VGCLTH Rishi\n|t:|1731612536\n|gametype|doubles\n|player|p1|Zordor|pilot|1688\n|player|p2|VGCLTH Rishi|shauntal|1830\n|teamsize|p1|6\n|teamsize|p2|6\n|gen|9\n|tier|[Gen 9] VGC 2024 Reg H\n|rated|\n|rule|Species Clause: Limit one of each Pok\u00e9mon\n|rule|Item Clause: Limit 1 of each item\n|clearpoke\n|poke|p1|Rotom-Wash, L50|\n|poke|p1|Sneasler, L50, F|\n|poke|p1|Armarouge, L50, F|\n|poke|p1|Dragapult, L50, F|\n|poke|p1|Venusaur, L50, M|\n|poke|p1|Kingambit, L50, F|\n|poke|p2|Kommo-o, L50, F|\n|poke|p2|Rillaboom, L50, F|\n|poke|p2|Tyranitar, L50, M|\n|poke|p2|Talonflame, L50, F|\n|poke|p2|Gholdengo, L50|\n|poke|p2|Milotic, L50, F|\n|teampreview|4\n|inactive|Battle timer is ON: inactive players will automatically lose when time's up. (requested by Zordor)\n|inactive|VGCLTH Rishi has 60 seconds left.\n|j| mr pogostick\n|inactive|VGCLTH Rishi has 30 seconds left.\n|\n|t:|1731612721\n|start\n|switch|p1a: Rotom|Rotom-Wash, L50|100\/100\n|switch|p1b: Kingambit|Kingambit, L50, F|100\/100\n|switch|p2a: Gholdengo|Gholdengo, L50|100\/100\n|switch|p2b: Talonflame|Talonflame, L50, F|100\/100\n|turn|1\n|\n|t:|1731612738\n|switch|p2b: Kommo-o|Kommo-o, L50, F|100\/100\n|switch|p2a: Tyranitar|Tyranitar, L50, M|100\/100\n|-weather|Sandstorm|[from] ability: Sand Stream|[of] p2a: Tyranitar\n|move|p1b: Kingambit|Protect|p1b: Kingambit\n|-singleturn|p1b: Kingambit|Protect\n|move|p1a: Rotom|Electroweb|p2b: Kommo-o|[spread] p2a,p2b\n|-resisted|p2b: Kommo-o\n|-damage|p2a: Tyranitar|94\/100\n|-damage|p2b: Kommo-o|94\/100\n|-unboost|p2a: Tyranitar|spe|1\n|-unboost|p2b: Kommo-o|spe|1\n|\n|-weather|Sandstorm|[upkeep]\n|-heal|p2b: Kommo-o|99\/100|[from] item: Leftovers\n|upkeep\n|turn|2\n|inactive|Zordor has 30 seconds left.\n|inactive|VGCLTH Rishi has 30 seconds left.\n|inactive|Zordor has 20 seconds left.\n|\n|t:|1731612776\n|move|p1a: Rotom|Will-O-Wisp|p2a: Tyranitar\n|-status|p2a: Tyranitar|brn\n|move|p1b: Kingambit|Iron Head|p2b: Kommo-o\n|-damage|p2b: Kommo-o|74\/100\n|cant|p2b: Kommo-o|flinch\n|move|p2a: Tyranitar|Knock Off|p1b: Kingambit\n|-resisted|p1b: Kingambit\n|-damage|p1b: Kingambit|90\/100\n|-enditem|p1b: Kingambit|Sitrus Berry|[from] move: Knock Off|[of] p2a: Tyranitar\n|\n|-weather|Sandstorm|[upkeep]\n|-heal|p2b: Kommo-o|80\/100|[from] item: Leftovers\n|-damage|p2a: Tyranitar|88\/100 brn|[from] brn\n|upkeep\n|turn|3\n|inactive|VGCLTH Rishi has 30 seconds left.\n|\n|t:|1731612803\n|switch|p2b: Talonflame|Talonflame, L50, F|100\/100\n|move|p1a: Rotom|Will-O-Wisp|p2b: Talonflame\n|-immune|p2b: Talonflame\n|move|p1b: Kingambit|Iron Head|p2a: Tyranitar\n|-supereffective|p2a: Tyranitar\n|-damage|p2a: Tyranitar|20\/100 brn\n|move|p2a: Tyranitar|Knock Off|p1a: Rotom\n|-damage|p1a: Rotom|70\/100\n|-enditem|p1a: Rotom|Safety Goggles|[from] move: Knock Off|[of] p2a: Tyranitar\n|\n|-weather|Sandstorm|[upkeep]\n|-damage|p1a: Rotom|64\/100|[from] Sandstorm\n|-damage|p2a: Tyranitar|14\/100 brn|[from] brn\n|upkeep\n|turn|4\n|\n|t:|1731612822\n|move|p2b: Talonflame|Protect|p2b: Talonflame\n|-singleturn|p2b: Talonflame|Protect\n|move|p1a: Rotom|Electroweb|p2a: Tyranitar|[spread] p2a\n|-activate|p2b: Talonflame|move: Protect\n|-damage|p2a: Tyranitar|8\/100 brn\n|-unboost|p2a: Tyranitar|spe|1\n|move|p1b: Kingambit|Throat Chop|p2b: Talonflame\n|-activate|p2b: Talonflame|move: Protect\n|move|p2a: Tyranitar|Rock Slide|p1a: Rotom|[spread] p1a,p1b\n|-resisted|p1b: Kingambit\n|-damage|p1a: Rotom|45\/100\n|-damage|p1b: Kingambit|84\/100\n|\n|-weather|Sandstorm|[upkeep]\n|-damage|p1a: Rotom|40\/100|[from] Sandstorm\n|-damage|p2a: Tyranitar|2\/100 brn|[from] brn\n|upkeep\n|turn|5\n|\n|t:|1731612832\n|move|p1b: Kingambit|Protect|p1b: Kingambit\n|-singleturn|p1b: Kingambit|Protect\n|move|p2b: Talonflame|Tailwind|p2b: Talonflame\n|-sidestart|p2: VGCLTH Rishi|move: Tailwind\n|move|p1a: Rotom|Hydro Pump|p2b: Talonflame|[miss]\n|-miss|p1a: Rotom|p2b: Talonflame\n|move|p2a: Tyranitar|Rock Slide|p1a: Rotom|[spread] p1a\n|-activate|p1b: Kingambit|move: Protect\n|-damage|p1a: Rotom|22\/100\n|\n|-weather|none\n|-damage|p2a: Tyranitar|0 fnt|[from] brn\n|faint|p2a: Tyranitar\n|upkeep\n|\n|t:|1731612838\n|switch|p2a: Kommo-o|Kommo-o, L50, F|80\/100\n|turn|6\n|\n|t:|1731612860\n|switch|p1b: Venusaur|Venusaur, L50, M|100\/100\n|move|p2b: Talonflame|Brave Bird|p1a: Rotom\n|-resisted|p1a: Rotom\n|-damage|p1a: Rotom|2\/100\n|-damage|p2b: Talonflame|95\/100|[from] Recoil\n|move|p2a: Kommo-o|Body Press|p1b: Venusaur\n|-resisted|p1b: Venusaur\n|-damage|p1b: Venusaur|76\/100\n|move|p1a: Rotom|Electroweb|p2b: Talonflame|[spread] p2a,p2b\n|-resisted|p2a: Kommo-o\n|-supereffective|p2b: Talonflame\n|-damage|p2a: Kommo-o|74\/100\n|-damage|p2b: Talonflame|51\/100\n|-unboost|p2a: Kommo-o|spe|1\n|-unboost|p2b: Talonflame|spe|1\n|\n|-heal|p2a: Kommo-o|80\/100|[from] item: Leftovers\n|-heal|p1b: Venusaur|82\/100|[from] item: Leftovers\n|upkeep\n|turn|7\n|\n|t:|1731612878\n|move|p1a: Rotom|Protect|p1a: Rotom\n|-singleturn|p1a: Rotom|Protect\n|move|p1b: Venusaur|Protect|p1b: Venusaur\n|-singleturn|p1b: Venusaur|Protect\n|move|p2b: Talonflame|Flare Blitz|p1b: Venusaur\n|-activate|p1b: Venusaur|move: Protect\n|move|p2a: Kommo-o|Body Press|p1a: Rotom\n|-activate|p1a: Rotom|move: Protect\n|\n|-heal|p2a: Kommo-o|86\/100|[from] item: Leftovers\n|-heal|p1b: Venusaur|89\/100|[from] item: Leftovers\n|upkeep\n|turn|8\n|\n|t:|1731612900\n|switch|p1b: Dragapult|Dragapult, L50, F|100\/100\n|move|p2b: Talonflame|Flare Blitz|p1b: Dragapult\n|-resisted|p1b: Dragapult\n|-damage|p1b: Dragapult|77\/100\n|-damage|p2b: Talonflame|43\/100|[from] Recoil\n|move|p2a: Kommo-o|Body Press|p1b: Dragapult\n|-immune|p1b: Dragapult\n|move|p1a: Rotom|Will-O-Wisp|p2a: Kommo-o\n|-status|p2a: Kommo-o|brn\n|\n|-heal|p2a: Kommo-o|92\/100 brn|[from] item: Leftovers\n|-damage|p2a: Kommo-o|86\/100 brn|[from] brn\n|-sideend|p2: VGCLTH Rishi|move: Tailwind\n|upkeep\n|turn|9\n|j| vgclth souly\n|\n|t:|1731612920\n|switch|p2a: Gholdengo|Gholdengo, L50|100\/100\n|move|p1b: Dragapult|Dragon Darts|p2a: Gholdengo\n|-resisted|p2a: Gholdengo\n|-damage|p2a: Gholdengo|88\/100\n|-anim|p1b: Dragapult|Dragon Darts|p2b: Talonflame\n|-damage|p2b: Talonflame|15\/100\n|move|p1a: Rotom|Electroweb|p2a: Gholdengo|[spread] p2a,p2b\n|-supereffective|p2b: Talonflame\n|-damage|p2a: Gholdengo|71\/100\n|-damage|p2b: Talonflame|0 fnt\n|-unboost|p2a: Gholdengo|spe|1\n|faint|p2b: Talonflame\n|\n|upkeep\n|\n|t:|1731612925\n|switch|p2b: Kommo-o|Kommo-o, L50, F|86\/100 brn\n|turn|10\n|\n|t:|1731612944\n|-terastallize|p2b: Kommo-o|Steel\n|move|p1b: Dragapult|Phantom Force||[still]\n|-prepare|p1b: Dragapult|Phantom Force\n|move|p1a: Rotom|Electroweb|p2a: Gholdengo|[spread] p2a,p2b\n|-damage|p2a: Gholdengo|52\/100\n|-damage|p2b: Kommo-o|72\/100 brn\n|-unboost|p2a: Gholdengo|spe|1\n|-unboost|p2b: Kommo-o|spe|1\n|move|p2b: Kommo-o|Body Press|p1b: Dragapult|[miss]\n|-miss|p2b: Kommo-o|p1b: Dragapult\n|move|p2a: Gholdengo|Make It Rain|p1a: Rotom|[spread] p1a\n|-miss|p2a: Gholdengo|p1b: Dragapult\n|-resisted|p1a: Rotom\n|-damage|p1a: Rotom|0 fnt\n|-unboost|p2a: Gholdengo|spa|1\n|faint|p1a: Rotom\n|\n|-heal|p2b: Kommo-o|79\/100 brn|[from] item: Leftovers\n|-damage|p2b: Kommo-o|72\/100 brn|[from] brn\n|upkeep\n|j| jlz04t1h\n|-message|VGCLTH Rishi forfeited.\n|\n|win|Zordor\n|raw|Zordor's rating: 1688 &rarr; <strong>1716<\/strong><br \/>(+28 for winning)\n|raw|VGCLTH Rishi's rating: 1830 &rarr; <strong>1802<\/strong><br \/>(-28 for losing)\n|l|\u2606VGCLTH Rishi\n|player|p2|\n|l| vgclth souly\n","uploadtime":1731613177,"views":34,"formatid":"gen9vgc2024regh","rating":1716,"private":0,"password":null}