{"id":"gen9vgc2024regh-2243807522","format":"[Gen 9] VGC 2024 Reg H","players":["don't use magmar","vgclth chromate"],"log":"|raw|<div class=\"broadcast-blue\"><strong>This battle is required to be public due to a player having a name starting with 'vgclth'.<\/div>\n|j|\u2606don't use magmar\n|j|\u2606vgclth chromate\n|t:|1731601120\n|gametype|doubles\n|player|p1|don't use magmar|lucas|1876\n|player|p2|vgclth chromate|allister|1803\n|teamsize|p1|6\n|teamsize|p2|6\n|gen|9\n|tier|[Gen 9] VGC 2024 Reg H\n|rated|\n|rule|Species Clause: Limit one of each Pok\u00e9mon\n|rule|Item Clause: Limit 1 of each item\n|clearpoke\n|poke|p1|Incineroar, L50, F|\n|poke|p1|Amoonguss, L50, M|\n|poke|p1|Gholdengo, L50|\n|poke|p1|Sneasler, L50, F|\n|poke|p1|Palafin, L50, F|\n|poke|p1|Dragapult, L50, M|\n|poke|p2|Archaludon, L50, M|\n|poke|p2|Pelipper, L50, M|\n|poke|p2|Basculegion, L50, M|\n|poke|p2|Gholdengo, L50|\n|poke|p2|Incineroar, L50, M|\n|poke|p2|Amoonguss, L50, M|\n|teampreview|4\n|\n|t:|1731601144\n|start\n|switch|p1a: Gholdengo|Gholdengo, L50|100\/100\n|switch|p1b: Sneasler|Sneasler, L50, F|100\/100\n|switch|p2a: Gholdengo|Gholdengo, L50|100\/100\n|switch|p2b: Amoonguss|Amoonguss, L50, M|100\/100\n|turn|1\n|j| Drogonix\n|j| Furret the heretic\n|\n|t:|1731601155\n|switch|p1b: Amoonguss|Amoonguss, L50, M|100\/100\n|-terastallize|p1a: Gholdengo|Steel\n|move|p2a: Gholdengo|Protect|p2a: Gholdengo\n|-singleturn|p2a: Gholdengo|Protect\n|move|p2b: Amoonguss|Protect|p2b: Amoonguss\n|-singleturn|p2b: Amoonguss|Protect\n|move|p1a: Gholdengo|Nasty Plot|p1a: Gholdengo\n|-boost|p1a: Gholdengo|spa|2\n|\n|upkeep\n|turn|2\n|\n|t:|1731601178\n|move|p1b: Amoonguss|Rage Powder|p1b: Amoonguss\n|-singleturn|p1b: Amoonguss|move: Rage Powder\n|move|p1a: Gholdengo|Make It Rain|p2b: Amoonguss|[spread] p2a,p2b\n|-resisted|p2a: Gholdengo\n|-damage|p2a: Gholdengo|4\/100\n|-damage|p2b: Amoonguss|0 fnt\n|-unboost|p1a: Gholdengo|spa|1\n|faint|p2b: Amoonguss\n|-damage|p1a: Gholdengo|91\/100|[from] item: Life Orb\n|move|p2a: Gholdengo|Nasty Plot|p2a: Gholdengo\n|-boost|p2a: Gholdengo|spa|2\n|\n|upkeep\n|\n|t:|1731601186\n|switch|p2b: Pelipper|Pelipper, L50, M|100\/100\n|-weather|RainDance|[from] ability: Drizzle|[of] p2b: Pelipper\n|turn|3\n|\n|t:|1731601195\n|move|p2a: Gholdengo|Make It Rain|p1a: Gholdengo|[spread] p1a,p1b\n|-resisted|p1a: Gholdengo\n|-damage|p1a: Gholdengo|19\/100\n|-damage|p1b: Amoonguss|0 fnt\n|-unboost|p2a: Gholdengo|spa|1\n|faint|p1b: Amoonguss\n|-damage|p2a: Gholdengo|0 fnt|[from] item: Life Orb\n|faint|p2a: Gholdengo\n|move|p1a: Gholdengo|Make It Rain|p2b: Pelipper\n|-resisted|p2b: Pelipper\n|-enditem|p2b: Pelipper|Focus Sash\n|-damage|p2b: Pelipper|1\/100\n|-unboost|p1a: Gholdengo|spa|1\n|-damage|p1a: Gholdengo|9\/100|[from] item: Life Orb\n|move|p2b: Pelipper|Tailwind|p2b: Pelipper\n|-sidestart|p2: vgclth chromate|move: Tailwind\n|\n|-weather|RainDance|[upkeep]\n|upkeep\n|\n|t:|1731601202\n|switch|p2a: Archaludon|Archaludon, L50, M|100\/100\n|switch|p1b: Sneasler|Sneasler, L50, F|100\/100\n|turn|4\n|\n|t:|1731601256\n|-terastallize|p2a: Archaludon|Grass\n|move|p2b: Pelipper|Protect|p2b: Pelipper\n|-singleturn|p2b: Pelipper|Protect\n|move|p1a: Gholdengo|Protect|p1a: Gholdengo\n|-singleturn|p1a: Gholdengo|Protect\n|move|p2a: Archaludon|Electro Shot||[still]\n|-prepare|p2a: Archaludon|Electro Shot\n|-boost|p2a: Archaludon|spa|1\n|-anim|p2a: Archaludon|Electro Shot|p1a: Gholdengo\n|-activate|p1a: Gholdengo|move: Protect\n|move|p1b: Sneasler|Close Combat|p2a: Archaludon\n|-damage|p2a: Archaludon|54\/100\n|-unboost|p1b: Sneasler|def|1\n|-unboost|p1b: Sneasler|spd|1\n|-ability|p2a: Archaludon|Stamina|boost\n|-boost|p2a: Archaludon|def|1\n|-status|p2a: Archaludon|psn|[from] ability: Poison Touch|[of] p1b: Sneasler\n|\n|-weather|RainDance|[upkeep]\n|-damage|p2a: Archaludon|42\/100 psn|[from] psn\n|upkeep\n|turn|5\n|\n|t:|1731601291\n|move|p2b: Pelipper|Hurricane|p1b: Sneasler\n|-supereffective|p1b: Sneasler\n|-enditem|p1b: Sneasler|Focus Sash\n|-damage|p1b: Sneasler|1\/100\n|move|p2a: Archaludon|Electro Shot||[still]\n|-prepare|p2a: Archaludon|Electro Shot\n|-boost|p2a: Archaludon|spa|1\n|-anim|p2a: Archaludon|Electro Shot|p1a: Gholdengo\n|-damage|p1a: Gholdengo|0 fnt\n|faint|p1a: Gholdengo\n|move|p1b: Sneasler|Dire Claw|p2b: Pelipper\n|-damage|p2b: Pelipper|0 fnt\n|faint|p2b: Pelipper\n|\n|-weather|RainDance|[upkeep]\n|-damage|p2a: Archaludon|30\/100 psn|[from] psn\n|upkeep\n|\n|t:|1731601301\n|switch|p1a: Dragapult|Dragapult, L50, M|100\/100\n|turn|6\n|\n|t:|1731601312\n|move|p2a: Archaludon|Dragon Pulse|p1a: Dragapult\n|-supereffective|p1a: Dragapult\n|-damage|p1a: Dragapult|0 fnt\n|faint|p1a: Dragapult\n|move|p1b: Sneasler|Dire Claw|p2a: Archaludon\n|-supereffective|p2a: Archaludon\n|-damage|p2a: Archaludon|0 fnt\n|faint|p2a: Archaludon\n|\n|win|don't use magmar\n|raw|don&apos;t use magmar's rating: 1876 &rarr; <strong>1892<\/strong><br \/>(+16 for winning)\n|raw|vgclth chromate's rating: 1803 &rarr; <strong>1787<\/strong><br \/>(-16 for losing)\n|l|\u2606vgclth chromate\n|player|p2|\n|l| Drogonix\n|l| Furret the heretic\n|l|\u2606don't use magmar\n|player|p1|\n","uploadtime":1731601502,"views":69,"formatid":"gen9vgc2024regh","rating":1787,"private":0,"password":null}