{"id":"gen9vgc2024regh-2243095294","format":"[Gen 9] VGC 2024 Reg H","players":["VGCLTH MINAMISIMP","VGCLTH Slow"],"log":"|raw|<div class=\"broadcast-blue\"><strong>This battle is required to be public due to a player having a name starting with 'vgclth'.<\/div>\n|j|\u2606VGCLTH MINAMISIMP\n|j|\u2606VGCLTH Slow\n|t:|1731511321\n|gametype|doubles\n|player|p1|VGCLTH MINAMISIMP|miku-water|1785\n|player|p2|VGCLTH Slow|skier|1686\n|teamsize|p1|6\n|teamsize|p2|6\n|gen|9\n|tier|[Gen 9] VGC 2024 Reg H\n|rated|\n|rule|Species Clause: Limit one of each Pok\u00e9mon\n|rule|Item Clause: Limit 1 of each item\n|clearpoke\n|poke|p1|Archaludon, L50, M|\n|poke|p1|Pelipper, L50, F|\n|poke|p1|Electabuzz, L50, F|\n|poke|p1|Kingambit, L50, M|\n|poke|p1|Rillaboom, L50, M|\n|poke|p1|Basculegion, L50, M|\n|poke|p2|Sableye, L50, F|\n|poke|p2|Sylveon, L50, F|\n|poke|p2|Archaludon, L50, M|\n|poke|p2|Volcarona, L50, F|\n|poke|p2|Rillaboom, L50, F|\n|poke|p2|Tauros-Paldea-Aqua, L50, M|\n|teampreview|4\n|inactive|Battle timer is ON: inactive players will automatically lose when time's up. (requested by VGCLTH MINAMISIMP)\nVGCLTH Slow has agreed to open team sheets.\n|c|\u2606VGCLTH MINAMISIMP|glhf\nVGCLTH MINAMISIMP has agreed to open team sheets.\n|j| stewpeed\n|c|\u2606VGCLTH Slow|Glhf\n|inactive|VGCLTH MINAMISIMP has 30 seconds left.\n|\n|t:|1731511354\n|start\n|switch|p1a: Pelipper|Pelipper, L50, F|100\/100\n|switch|p1b: Basculegion|Basculegion, L50, M|100\/100\n|switch|p2a: Koko The Gorythmic|Rillaboom, L50, F|100\/100\n|switch|p2b: Shamonerona|Volcarona, L50, F, shiny|100\/100\n|-fieldstart|move: Grassy Terrain|[from] ability: Grassy Surge|[of] p2a: Koko The Gorythmic\n|-weather|RainDance|[from] ability: Drizzle|[of] p1a: Pelipper\n|turn|1\n|\n|t:|1731511375\n|switch|p2a: Snowblind|Sableye, L50, F|100\/100\n|move|p2b: Shamonerona|Protect|p2b: Shamonerona\n|-singleturn|p2b: Shamonerona|Protect\n|move|p1b: Basculegion|Flip Turn|p2a: Snowblind\n|-damage|p2a: Snowblind|16\/100\n|-enditem|p2a: Snowblind|Sitrus Berry|[eat]\n|-heal|p2a: Snowblind|41\/100|[from] item: Sitrus Berry\n|\n|t:|1731511380\n|switch|p1b: Archaludon|Archaludon, L50, M|100\/100|[from] Flip Turn\n|move|p1a: Pelipper|Hurricane|p2b: Shamonerona\n|-activate|p2b: Shamonerona|move: Protect\n|\n|-weather|RainDance|[upkeep]\n|-heal|p2a: Snowblind|47\/100|[from] Grassy Terrain\n|upkeep\n|turn|2\n|\n|t:|1731511404\n|-terastallize|p2b: Shamonerona|Grass\n|move|p2a: Snowblind|Disable|p1a: Pelipper\n|-start|p1a: Pelipper|Disable|Hurricane\n|move|p2b: Shamonerona|Quiver Dance|p2b: Shamonerona\n|-boost|p2b: Shamonerona|spa|1\n|-boost|p2b: Shamonerona|spd|1\n|-boost|p2b: Shamonerona|spe|1\n|move|p1a: Pelipper|Weather Ball|p2a: Snowblind\n|-damage|p2a: Snowblind|0 fnt\n|faint|p2a: Snowblind\n|move|p1b: Archaludon|Electro Shot||[still]\n|-prepare|p1b: Archaludon|Electro Shot\n|-boost|p1b: Archaludon|spa|1\n|-anim|p1b: Archaludon|Electro Shot|p2b: Shamonerona\n|-resisted|p2b: Shamonerona\n|-damage|p2b: Shamonerona|83\/100\n|\n|-weather|RainDance|[upkeep]\n|-heal|p2b: Shamonerona|89\/100|[from] Grassy Terrain\n|upkeep\n|\n|t:|1731511422\n|switch|p2a: Koko The Gorythmic|Rillaboom, L50, F|100\/100\n|turn|3\n|\n|t:|1731511432\n|move|p2a: Koko The Gorythmic|Fake Out|p1b: Archaludon\n|-resisted|p1b: Archaludon\n|-damage|p1b: Archaludon|96\/100\n|-ability|p1b: Archaludon|Stamina|boost\n|-boost|p1b: Archaludon|def|1\n|move|p2b: Shamonerona|Quiver Dance|p2b: Shamonerona\n|-boost|p2b: Shamonerona|spa|1\n|-boost|p2b: Shamonerona|spd|1\n|-boost|p2b: Shamonerona|spe|1\n|move|p1a: Pelipper|Tailwind|p1a: Pelipper\n|-sidestart|p1: VGCLTH MINAMISIMP|move: Tailwind\n|cant|p1b: Archaludon|flinch\n|\n|-weather|RainDance|[upkeep]\n|-heal|p2b: Shamonerona|95\/100|[from] Grassy Terrain\n|-heal|p1b: Archaludon|100\/100|[from] Grassy Terrain\n|upkeep\n|turn|4\n|\n|t:|1731511449\n|switch|p1a: Electabuzz|Electabuzz, L50, F|100\/100\n|switch|p2a: Forklift Certified|Archaludon, L50, M, shiny|100\/100\n|move|p2b: Shamonerona|Quiver Dance|p2b: Shamonerona\n|-boost|p2b: Shamonerona|spa|1\n|-boost|p2b: Shamonerona|spd|1\n|-boost|p2b: Shamonerona|spe|1\n|move|p1b: Archaludon|Electro Shot||[still]\n|-prepare|p1b: Archaludon|Electro Shot\n|-boost|p1b: Archaludon|spa|1\n|-anim|p1b: Archaludon|Electro Shot|p2b: Shamonerona\n|-resisted|p2b: Shamonerona\n|-damage|p2b: Shamonerona|81\/100\n|\n|-weather|RainDance|[upkeep]\n|-heal|p2b: Shamonerona|87\/100|[from] Grassy Terrain\n|upkeep\n|turn|5\n|inactive|VGCLTH MINAMISIMP has 30 seconds left.\n|inactive|VGCLTH Slow has 30 seconds left.\n|\n|t:|1731511478\n|move|p2b: Shamonerona|Giga Drain|p1a: Electabuzz\n|-damage|p1a: Electabuzz|0 fnt\n|-heal|p2b: Shamonerona|100\/100|[from] drain|[of] p1a: Electabuzz\n|faint|p1a: Electabuzz\n|move|p1b: Archaludon|Draco Meteor|p2a: Forklift Certified|[miss]\n|-miss|p1b: Archaludon|p2a: Forklift Certified\n|move|p2a: Forklift Certified|Electro Shot||[still]\n|-prepare|p2a: Forklift Certified|Electro Shot\n|-boost|p2a: Forklift Certified|spa|1\n|-anim|p2a: Forklift Certified|Electro Shot|p1b: Archaludon\n|-resisted|p1b: Archaludon\n|-damage|p1b: Archaludon|70\/100\n|-ability|p1b: Archaludon|Stamina|boost\n|-boost|p1b: Archaludon|def|1\n|\n|-weather|none\n|-heal|p1b: Archaludon|77\/100|[from] Grassy Terrain\n|-heal|p1b: Archaludon|83\/100|[from] item: Leftovers\n|-fieldend|move: Grassy Terrain\n|upkeep\n|\n|t:|1731511488\n|switch|p1a: Pelipper|Pelipper, L50, F|100\/100\n|-weather|RainDance|[from] ability: Drizzle|[of] p1a: Pelipper\n|turn|6\n|\n|t:|1731511503\n|move|p2b: Shamonerona|Heat Wave|p1a: Pelipper|[spread] p1a,p1b\n|-resisted|p1a: Pelipper\n|-damage|p1a: Pelipper|59\/100\n|-damage|p1b: Archaludon|35\/100\n|-status|p1a: Pelipper|brn\n|-ability|p1b: Archaludon|Stamina|boost\n|-boost|p1b: Archaludon|def|1\n|move|p1a: Pelipper|Hurricane|p2b: Shamonerona\n|-supereffective|p2b: Shamonerona\n|-damage|p2b: Shamonerona|60\/100\n|move|p1b: Archaludon|Draco Meteor|p2a: Forklift Certified|[miss]\n|-miss|p1b: Archaludon|p2a: Forklift Certified\n|move|p2a: Forklift Certified|Dragon Pulse|p1b: Archaludon\n|-damage|p1b: Archaludon|0 fnt\n|faint|p1b: Archaludon\n|\n|-weather|RainDance|[upkeep]\n|-damage|p1a: Pelipper|53\/100 brn|[from] brn\n|-sideend|p1: VGCLTH MINAMISIMP|move: Tailwind\n|upkeep\n|\n|t:|1731511510\n|switch|p1b: Basculegion|Basculegion, L50, M|100\/100\n|turn|7\n|inactive|VGCLTH MINAMISIMP has 30 seconds left.\n|inactive|VGCLTH Slow has 30 seconds left.\n|inactive|VGCLTH Slow has 20 seconds left.\n|\n|t:|1731511545\n|-terastallize|p1b: Basculegion|Grass\n|move|p2b: Shamonerona|Protect|p2b: Shamonerona\n|-singleturn|p2b: Shamonerona|Protect\n|move|p1b: Basculegion|Last Respects|p2a: Forklift Certified\n|-damage|p2a: Forklift Certified|14\/100\n|move|p2a: Forklift Certified|Dragon Pulse|p1b: Basculegion\n|-damage|p1b: Basculegion|31\/100\n|move|p1a: Pelipper|Tailwind|p1a: Pelipper\n|-sidestart|p1: VGCLTH MINAMISIMP|move: Tailwind\n|\n|-weather|RainDance|[upkeep]\n|-damage|p1a: Pelipper|48\/100 brn|[from] brn\n|upkeep\n|turn|8\n|inactive|VGCLTH Slow has 30 seconds left.\n|c|\u2606VGCLTH Slow|I\u2019m so dumb\n|inactive|VGCLTH Slow has 20 seconds left.\n|inactive|VGCLTH Slow has 15 seconds left.\n|inactive|VGCLTH Slow has 10 seconds left.\n|\n|t:|1731511594\n|move|p2b: Shamonerona|Protect||[still]\n|-fail|p2b: Shamonerona\n|move|p1b: Basculegion|Last Respects|p2b: Shamonerona\n|-damage|p2b: Shamonerona|0 fnt\n|faint|p2b: Shamonerona\n|move|p1a: Pelipper|Hurricane|p2a: Forklift Certified\n|-resisted|p2a: Forklift Certified\n|-damage|p2a: Forklift Certified|0 fnt\n|faint|p2a: Forklift Certified\n|\n|-weather|RainDance|[upkeep]\n|-damage|p1a: Pelipper|42\/100 brn|[from] brn\n|upkeep\n|\n|t:|1731511597\n|switch|p2b: Koko The Gorythmic|Rillaboom, L50, F|100\/100\n|-fieldstart|move: Grassy Terrain|[from] ability: Grassy Surge|[of] p2b: Koko The Gorythmic\n|turn|9\n|\n|t:|1731511601\n|move|p2b: Koko The Gorythmic|Grassy Glide|p1b: Basculegion\n|-resisted|p1b: Basculegion\n|-damage|p1b: Basculegion|11\/100\n|move|p1b: Basculegion|Last Respects|p2b: Koko The Gorythmic\n|-damage|p2b: Koko The Gorythmic|0 fnt\n|faint|p2b: Koko The Gorythmic\n|\n|win|VGCLTH MINAMISIMP\n|raw|VGCLTH MINAMISIMP's rating: 1785 &rarr; <strong>1799<\/strong><br \/>(+14 for winning)\n|raw|VGCLTH Slow's rating: 1686 &rarr; <strong>1672<\/strong><br \/>(-14 for losing)\n|c|\u2606VGCLTH MINAMISIMP|gg\n|c|\u2606VGCLTH Slow|Gg\n|l|\u2606VGCLTH Slow\n|player|p2|\n|l|\u2606VGCLTH MINAMISIMP\n|player|p1|\n|l| stewpeed\n","uploadtime":1731511870,"views":18,"formatid":"gen9vgc2024regh","rating":1672,"private":0,"password":null}