{"id":"gen9vgc2024regh-2243880634","format":"[Gen 9] VGC 2024 Reg H","players":["vgclth elowyn","VGCLTH MINAMISIMP"],"log":"|raw|<div class=\"broadcast-blue\"><strong>This battle is required to be public due to a player having a name starting with 'vgclth'.<\/div>\n|j|\u2606vgclth elowyn\n|j|\u2606VGCLTH MINAMISIMP\n|t:|1731608052\n|gametype|doubles\n|player|p1|vgclth elowyn|1|1764\n|player|p2|VGCLTH MINAMISIMP|miku-water|1833\n|teamsize|p1|6\n|teamsize|p2|6\n|gen|9\n|tier|[Gen 9] VGC 2024 Reg H\n|rated|\n|rule|Species Clause: Limit one of each Pok\u00e9mon\n|rule|Item Clause: Limit 1 of each item\n|clearpoke\n|poke|p1|Smeargle, L50, F|\n|poke|p1|Farigiraf, L50, M|\n|poke|p1|Maushold-Four, L50|\n|poke|p1|Torkoal, L50, M|\n|poke|p1|Ursaluna-Bloodmoon, L50, M|\n|poke|p1|Weezing-Galar, L50, M|\n|poke|p2|Archaludon, L50, F|\n|poke|p2|Pelipper, L50, F|\n|poke|p2|Electabuzz, L50, M|\n|poke|p2|Kingambit, L50, M|\n|poke|p2|Rillaboom, L50, M|\n|poke|p2|Basculegion, L50, M|\n|teampreview|4\n|inactive|Battle timer is ON: inactive players will automatically lose when time's up. (requested by VGCLTH MINAMISIMP)\n|\n|t:|1731608071\n|start\n|switch|p1a: Smeargle|Smeargle, L50, F|100\/100\n|switch|p1b: Farigiraf|Farigiraf, L50, M|100\/100\n|switch|p2a: Electabuzz|Electabuzz, L50, M|100\/100\n|switch|p2b: Basculegion|Basculegion, L50, M|100\/100\n|turn|1\n|c|\u2606vgclth elowyn|Now\n|c|\u2606vgclth elowyn|was I lying or telling the truth with armor tail switching?\n|\n|t:|1731608088\n|move|p1a: Smeargle|Follow Me|p1a: Smeargle\n|-singleturn|p1a: Smeargle|move: Follow Me\n|move|p2a: Electabuzz|Electroweb|p1a: Smeargle|[spread] p1a,p1b\n|-crit|p1b: Farigiraf\n|-damage|p1a: Smeargle|74\/100\n|-damage|p1b: Farigiraf|85\/100\n|-unboost|p1a: Smeargle|spe|1\n|-enditem|p1a: Smeargle|Eject Pack\n|-unboost|p1b: Farigiraf|spe|1\n|j| VGCLTH Carrots\n|\n|t:|1731608104\n|switch|p1a: Weezing|Weezing-Galar, L50, M|100\/100\n|-ability|p1a: Weezing|Neutralizing Gas\n|move|p2b: Basculegion|Flip Turn|p1a: Weezing\n|-damage|p1a: Weezing|62\/100\n|\n|t:|1731608110\n|switch|p2b: Kingambit|Kingambit, L50, M|100\/100|[from] Flip Turn\n|move|p1b: Farigiraf|Trick Room|p1b: Farigiraf\n|-fieldstart|move: Trick Room|[of] p1b: Farigiraf\n|\n|upkeep\n|turn|2\n|c| VGCLTH Carrots|i call lie\n|\n|t:|1731608129\n|-end|p1a: Weezing|ability: Neutralizing Gas\n|switch|p1a: Smeargle|Smeargle, L50, F|74\/100\n|move|p2a: Electabuzz|Helping Hand|p2b: Kingambit\n|-singleturn|p2b: Kingambit|Helping Hand|[of] p2a: Electabuzz\n|move|p1b: Farigiraf|Twin Beam|p2a: Electabuzz\n|-damage|p2a: Electabuzz|88\/100\n|-damage|p2a: Electabuzz|75\/100\n|-hitcount|p2a: Electabuzz|2\n|move|p2b: Kingambit|Kowtow Cleave|p1b: Farigiraf\n|-supereffective|p1b: Farigiraf\n|-damage|p1b: Farigiraf|0 fnt\n|faint|p1b: Farigiraf\n|\n|-ability|p1a: Smeargle|Moody|boost\n|-boost|p1a: Smeargle|spe|2\n|-unboost|p1a: Smeargle|spa|1\n|upkeep\n|\n|t:|1731608138\n|switch|p1b: Torkoal|Torkoal, L50, M|100\/100\n|-weather|SunnyDay|[from] ability: Drought|[of] p1b: Torkoal\n|turn|3\n|\n|t:|1731608147\n|switch|p1a: Weezing|Weezing-Galar, L50, M|62\/100\n|-ability|p1a: Weezing|Neutralizing Gas\n|-terastallize|p1b: Torkoal|Fire\n|-terastallize|p2b: Kingambit|Dark\n|move|p2a: Electabuzz|Helping Hand|p2b: Kingambit\n|-singleturn|p2b: Kingambit|Helping Hand|[of] p2a: Electabuzz\n|move|p2b: Kingambit|Sucker Punch|p1b: Torkoal\n|-damage|p1b: Torkoal|30\/100\n|move|p1b: Torkoal|Eruption|p2a: Electabuzz|[spread] p2a,p2b\n|-damage|p2a: Electabuzz|42\/100\n|-damage|p2b: Kingambit|54\/100\n|\n|-weather|SunnyDay|[upkeep]\n|upkeep\n|turn|4\n|\n|t:|1731608168\n|switch|p1b: Smeargle|Smeargle, L50, F|74\/100\n|move|p2b: Kingambit|Protect|p2b: Kingambit\n|-singleturn|p2b: Kingambit|Protect\n|move|p2a: Electabuzz|Protect|p2a: Electabuzz\n|-singleturn|p2a: Electabuzz|Protect\n|move|p1a: Weezing|Dazzling Gleam|p2b: Kingambit|[spread] \n|-activate|p2a: Electabuzz|move: Protect\n|-activate|p2b: Kingambit|move: Protect\n|\n|-weather|SunnyDay|[upkeep]\n|upkeep\n|turn|5\n|c| VGCLTH Carrots|ok minami\n|c| VGCLTH Carrots|i need paste\n|c| VGCLTH Carrots|please :>\n|c|\u2606VGCLTH MINAMISIMP|cant\n|\n|t:|1731608185\n|switch|p2b: Pelipper|Pelipper, L50, F|100\/100\n|switch|p2a: Basculegion|Basculegion, L50, M|100\/100\n|move|p1b: Smeargle|Fake Out|p2a: Basculegion\n|-immune|p2a: Basculegion\n|move|p1a: Weezing|Dazzling Gleam|p2a: Basculegion|[spread] p2a,p2b\n|-damage|p2a: Basculegion|65\/100\n|-damage|p2b: Pelipper|45\/100\n|\n|-weather|SunnyDay|[upkeep]\n|-fieldend|move: Trick Room\n|upkeep\n|turn|6\n|c|\u2606VGCLTH MINAMISIMP|everyone stop asking\n|c| VGCLTH Carrots|:\/\n|j| volcaronavgc\n|\n|t:|1731608202\n|move|p1b: Smeargle|Spore|p2a: Basculegion\n|-status|p2a: Basculegion|slp|[from] move: Spore\n|move|p2b: Pelipper|Weather Ball|p1b: Smeargle\n|-damage|p1b: Smeargle|0 fnt\n|faint|p1b: Smeargle\n|cant|p2a: Basculegion|slp\n|move|p1a: Weezing|Dazzling Gleam|p2a: Basculegion|[spread] p2a,p2b\n|-damage|p2a: Basculegion|33\/100 slp\n|-damage|p2b: Pelipper|0 fnt\n|faint|p2b: Pelipper\n|\n|-weather|SunnyDay|[upkeep]\n|upkeep\n|c| volcaronavgc|the one fabian used at dortmund\n|c| volcaronavgc|now everyone let them fking focus\n|\n|t:|1731608219\n|switch|p1b: Torkoal|Torkoal, L50, M, tera:Fire|30\/100\n|switch|p2b: Kingambit|Kingambit, L50, M, tera:Dark|54\/100\n|turn|7\n|\n|t:|1731608233\n|cant|p2a: Basculegion|slp\n|move|p2b: Kingambit|Kowtow Cleave|p1b: Torkoal\n|-damage|p1b: Torkoal|0 fnt\n|faint|p1b: Torkoal\n|move|p1a: Weezing|Dazzling Gleam|p2b: Kingambit|[spread] p2a,p2b\n|-supereffective|p2b: Kingambit\n|-damage|p2a: Basculegion|0 fnt\n|-damage|p2b: Kingambit|0 fnt\n|faint|p2a: Basculegion\n|faint|p2b: Kingambit\n|\n|-weather|none\n|upkeep\n|\n|t:|1731608236\n|switch|p2b: Electabuzz|Electabuzz, L50, M|42\/100\n|turn|8\n|\n|t:|1731608240\n|move|p2b: Electabuzz|Protect|p2b: Electabuzz\n|-singleturn|p2b: Electabuzz|Protect\n|move|p1a: Weezing|Protect||[still]\n|-fail|p1a: Weezing\n|\n|upkeep\n|turn|9\n|\n|t:|1731608245\n|move|p2b: Electabuzz|Electroweb|p1a: Weezing\n|-damage|p1a: Weezing|37\/100\n|-unboost|p1a: Weezing|spe|1\n|move|p1a: Weezing|Dazzling Gleam|p2b: Electabuzz\n|-damage|p2b: Electabuzz|8\/100\n|\n|upkeep\n|turn|10\n|\n|t:|1731608251\n|move|p2b: Electabuzz|Electroweb|p1a: Weezing\n|-damage|p1a: Weezing|13\/100\n|-unboost|p1a: Weezing|spe|1\n|move|p1a: Weezing|Dazzling Gleam|p2b: Electabuzz\n|-damage|p2b: Electabuzz|0 fnt\n|faint|p2b: Electabuzz\n|\n|win|vgclth elowyn\n|raw|vgclth elowyn's rating: 1764 &rarr; <strong>1788<\/strong><br \/>(+24 for winning)\n|raw|VGCLTH MINAMISIMP's rating: 1833 &rarr; <strong>1809<\/strong><br \/>(-24 for losing)\n|c|\u2606VGCLTH MINAMISIMP|gg\n|l|\u2606VGCLTH MINAMISIMP\n|player|p2|\n|c|\u2606vgclth elowyn|gg\n|c|\u2606vgclth elowyn|sniped\n|c| volcaronavgc|0-0\n|j| FBIAltMan\n|n| VGCLTH lily|volcaronavgc\n|j| vgclth chromate\n|l| vgclth chromate\n|l| FBIAltMan\n|l| VGCLTH lily\n|l| VGCLTH Carrots\n","uploadtime":1731608479,"views":65,"formatid":"gen9vgc2024regh","rating":1788,"private":0,"password":null}