{"id":"gen9vgc2024regh-2243415982","format":"[Gen 9] VGC 2024 Reg H","players":["VGCLTH Slow","don't use magmar"],"log":"|raw|<div class=\"broadcast-blue\"><strong>This battle is required to be public due to a player having a name starting with 'vgclth'.<\/div>\n|j|\u2606VGCLTH Slow\n|j|\u2606don't use magmar\n|t:|1731544056\n|gametype|doubles\n|player|p1|VGCLTH Slow|skier|1710\n|player|p2|don't use magmar|lucas|1692\n|teamsize|p1|6\n|teamsize|p2|6\n|gen|9\n|tier|[Gen 9] VGC 2024 Reg H\n|rated|\n|rule|Species Clause: Limit one of each Pok\u00e9mon\n|rule|Item Clause: Limit 1 of each item\n|clearpoke\n|poke|p1|Sableye, L50, F|\n|poke|p1|Sylveon, L50, M|\n|poke|p1|Archaludon, L50, M|\n|poke|p1|Volcarona, L50, M|\n|poke|p1|Rillaboom, L50, F|\n|poke|p1|Tauros-Paldea-Aqua, L50, M|\n|poke|p2|Incineroar, L50, F|\n|poke|p2|Amoonguss, L50, M|\n|poke|p2|Gholdengo, L50|\n|poke|p2|Sneasler, L50, F|\n|poke|p2|Ursaluna-Bloodmoon, L50, M|\n|poke|p2|Palafin, L50, M|\n|teampreview|4\nVGCLTH Slow has agreed to open team sheets.\n|\n|t:|1731544085\n|start\n|switch|p1a: Shamonerona|Volcarona, L50, M, shiny|100\/100\n|switch|p1b: Bullshifu|Tauros-Paldea-Aqua, L50, M, shiny|100\/100\n|switch|p2a: Sneasler|Sneasler, L50, F|100\/100\n|switch|p2b: Palafin|Palafin, L50, M|100\/100\n|-ability|p1b: Bullshifu|Intimidate|boost\n|-unboost|p2a: Sneasler|atk|1\n|-unboost|p2b: Palafin|atk|1\n|turn|1\n|inactive|Battle timer is ON: inactive players will automatically lose when time's up. (requested by don't use magmar)\n|\n|t:|1731544092\n|switch|p1a: Snowblind|Sableye, L50, F|100\/100\n|detailschange|p2b: Palafin|Palafin-Hero, L50, M\n|switch|p2b: Incineroar|Incineroar, L50, F|100\/100\n|-ability|p2b: Incineroar|Intimidate|boost\n|-unboost|p1a: Snowblind|atk|1\n|-unboost|p1b: Bullshifu|atk|1\n|move|p2a: Sneasler|Dire Claw|p1a: Snowblind\n|-resisted|p1a: Snowblind\n|-damage|p1a: Snowblind|84\/100\n|-status|p1a: Snowblind|par\n|move|p1b: Bullshifu|Wave Crash|p2a: Sneasler\n|-damage|p2a: Sneasler|37\/100\n|-damage|p1b: Bullshifu|79\/100|[from] Recoil\n|\n|upkeep\n|turn|2\n|j| ale cog\n|\n|t:|1731544113\n|switch|p1b: Forklift Certified|Archaludon, L50, M, shiny|100\/100\n|move|p1a: Snowblind|Will-O-Wisp|p2a: Sneasler\n|-status|p2a: Sneasler|brn\n|move|p2a: Sneasler|Dire Claw|p1b: Forklift Certified\n|-immune|p1b: Forklift Certified\n|move|p2b: Incineroar|Knock Off|p1a: Snowblind\n|-damage|p1a: Snowblind|37\/100 par\n|-enditem|p1a: Snowblind|Sitrus Berry|[from] move: Knock Off|[of] p2b: Incineroar\n|\n|-damage|p2a: Sneasler|31\/100 brn|[from] brn\n|upkeep\n|turn|3\n|\n|t:|1731544129\n|move|p1a: Snowblind|Encore|p2a: Sneasler\n|-start|p2a: Sneasler|Encore\n|move|p2a: Sneasler|Dire Claw|p1b: Forklift Certified\n|-immune|p1b: Forklift Certified\n|move|p1b: Forklift Certified|Electro Shot||[still]\n|-prepare|p1b: Forklift Certified|Electro Shot\n|-boost|p1b: Forklift Certified|spa|1\n|-enditem|p1b: Forklift Certified|Power Herb\n|-anim|p1b: Forklift Certified|Electro Shot|p2b: Incineroar\n|-damage|p2b: Incineroar|48\/100\n|move|p2b: Incineroar|Parting Shot|p1b: Forklift Certified\n|-unboost|p1b: Forklift Certified|atk|1\n|-unboost|p1b: Forklift Certified|spa|1\n|\n|t:|1731544133\n|switch|p2b: Gholdengo|Gholdengo, L50|100\/100|[from] Parting Shot\n|\n|-damage|p2a: Sneasler|25\/100 brn|[from] brn\n|upkeep\n|turn|4\n|\n|t:|1731544151\n|switch|p1a: Bullshifu|Tauros-Paldea-Aqua, L50, M, shiny|79\/100\n|-ability|p1a: Bullshifu|Intimidate|boost\n|-unboost|p2a: Sneasler|atk|1\n|-unboost|p2b: Gholdengo|atk|1\n|move|p2a: Sneasler|Dire Claw|p1a: Bullshifu\n|-damage|p1a: Bullshifu|67\/100\n|-status|p1a: Bullshifu|psn\n|move|p2b: Gholdengo|Shadow Ball|p1b: Forklift Certified\n|-damage|p1b: Forklift Certified|25\/100\n|-unboost|p1b: Forklift Certified|spd|1\n|-damage|p2b: Gholdengo|91\/100|[from] item: Life Orb\n|move|p1b: Forklift Certified|Dragon Pulse|p2a: Sneasler\n|-damage|p2a: Sneasler|0 fnt\n|faint|p2a: Sneasler\n|\n|-damage|p1a: Bullshifu|55\/100 psn|[from] psn\n|upkeep\n|\n|t:|1731544161\n|switch|p2a: Palafin|Palafin-Hero, L50, M|100\/100\n|-activate|p2a: Palafin|ability: Zero to Hero\n|turn|5\n|j| bottleonefivetwo\n|\n|t:|1731544181\n|move|p1a: Bullshifu|Protect|p1a: Bullshifu\n|-singleturn|p1a: Bullshifu|Protect\n|move|p2b: Gholdengo|Protect|p2b: Gholdengo\n|-singleturn|p2b: Gholdengo|Protect\n|move|p2a: Palafin|Protect|p2a: Palafin\n|-singleturn|p2a: Palafin|Protect\n|move|p1b: Forklift Certified|Dragon Pulse|p2a: Palafin\n|-activate|p2a: Palafin|move: Protect\n|\n|-damage|p1a: Bullshifu|43\/100 psn|[from] psn\n|upkeep\n|turn|6\n|\n|t:|1731544195\n|switch|p1a: Snowblind|Sableye, L50, F|37\/100 par\n|-terastallize|p2a: Palafin|Water\n|move|p2a: Palafin|Jet Punch|p1a: Snowblind\n|-damage|p1a: Snowblind|0 fnt\n|faint|p1a: Snowblind\n|move|p2b: Gholdengo|Shadow Ball|p1b: Forklift Certified\n|-damage|p1b: Forklift Certified|0 fnt\n|faint|p1b: Forklift Certified\n|-damage|p2b: Gholdengo|81\/100|[from] item: Life Orb\n|\n|upkeep\n|\n|t:|1731544202\n|switch|p1b: Shamonerona|Volcarona, L50, M, shiny|100\/100\n|switch|p1a: Bullshifu|Tauros-Paldea-Aqua, L50, M, shiny|43\/100 psn\n|-ability|p1a: Bullshifu|Intimidate|boost\n|-unboost|p2a: Palafin|atk|1\n|-unboost|p2b: Gholdengo|atk|1\n|turn|7\n|\n|t:|1731544214\n|switch|p2b: Incineroar|Incineroar, L50, F|48\/100\n|-ability|p2b: Incineroar|Intimidate|boost\n|-unboost|p1a: Bullshifu|atk|1\n|-unboost|p1b: Shamonerona|atk|1\n|-terastallize|p1b: Shamonerona|Grass\n|move|p1a: Bullshifu|Close Combat|p2a: Palafin\n|-damage|p2a: Palafin|69\/100\n|-unboost|p1a: Bullshifu|def|1\n|-unboost|p1a: Bullshifu|spd|1\n|move|p1b: Shamonerona|Quiver Dance|p1b: Shamonerona\n|-boost|p1b: Shamonerona|spa|1\n|-boost|p1b: Shamonerona|spd|1\n|-boost|p1b: Shamonerona|spe|1\n|move|p2a: Palafin|Wave Crash|p1b: Shamonerona\n|-resisted|p1b: Shamonerona\n|-damage|p1b: Shamonerona|46\/100\n|-damage|p2a: Palafin|52\/100|[from] Recoil\n|\n|-damage|p1a: Bullshifu|31\/100 psn|[from] psn\n|upkeep\n|turn|8\n|j| bluestraggler03\n|\n|t:|1731544227\n|move|p2b: Incineroar|Fake Out|p1b: Shamonerona\n|-damage|p1b: Shamonerona|31\/100\n|move|p2a: Palafin|Jet Punch|p1a: Bullshifu\n|-resisted|p1a: Bullshifu\n|-damage|p1a: Bullshifu|0 fnt\n|faint|p1a: Bullshifu\n|move|p1b: Shamonerona|Giga Drain|p2a: Palafin\n|-supereffective|p2a: Palafin\n|-damage|p2a: Palafin|0 fnt\n|-heal|p1b: Shamonerona|59\/100|[from] drain|[of] p2a: Palafin\n|faint|p2a: Palafin\n|\n|upkeep\n|\n|t:|1731544233\n|switch|p2a: Gholdengo|Gholdengo, L50|81\/100\n|turn|9\n|\n|t:|1731544242\n|move|p1b: Shamonerona|Protect|p1b: Shamonerona\n|-singleturn|p1b: Shamonerona|Protect\n|move|p2a: Gholdengo|Make It Rain|p1b: Shamonerona\n|-activate|p1b: Shamonerona|move: Protect\n|move|p2b: Incineroar|Flare Blitz|p1b: Shamonerona\n|-activate|p1b: Shamonerona|move: Protect\n|\n|upkeep\n|turn|10\n|\n|t:|1731544246\n|move|p1b: Shamonerona|Heat Wave|p2a: Gholdengo|[spread] p2a,p2b\n|-supereffective|p2a: Gholdengo\n|-resisted|p2b: Incineroar\n|-damage|p2a: Gholdengo|0 fnt\n|-damage|p2b: Incineroar|26\/100\n|faint|p2a: Gholdengo\n|move|p2b: Incineroar|Flare Blitz|p1b: Shamonerona\n|-supereffective|p1b: Shamonerona\n|-damage|p1b: Shamonerona|0 fnt\n|faint|p1b: Shamonerona\n|-damage|p2b: Incineroar|8\/100|[from] Recoil\n|\n|win|don't use magmar\n|raw|VGCLTH Slow's rating: 1710 &rarr; <strong>1689<\/strong><br \/>(-21 for losing)\n|raw|don&apos;t use magmar's rating: 1692 &rarr; <strong>1713<\/strong><br \/>(+21 for winning)\n|l|\u2606don't use magmar\n|player|p2|\n|l|\u2606VGCLTH Slow\n|player|p1|\n|l| bottleonefivetwo\n","uploadtime":1731544498,"views":60,"formatid":"gen9vgc2024regh","rating":1689,"private":0,"password":null}