{"id":"gen9vgc2024regh-2243077536","format":"[Gen 9] VGC 2024 Reg H","players":["dreamlin","VGCLTH Cuwutie"],"log":"|raw|<div class=\"broadcast-blue\"><strong>This battle is required to be public due to a player having a name starting with 'vgclth'.<\/div>\n|j|\u2606dreamlin\n|j|\u2606VGCLTH Cuwutie\n|t:|1731509506\n|gametype|doubles\n|player|p1|dreamlin|169|1715\n|player|p2|VGCLTH Cuwutie|102|1756\n|teamsize|p1|6\n|teamsize|p2|6\n|gen|9\n|tier|[Gen 9] VGC 2024 Reg H\n|rated|\n|rule|Species Clause: Limit one of each Pok\u00e9mon\n|rule|Item Clause: Limit 1 of each item\n|clearpoke\n|poke|p1|Indeedee, L50, M|\n|poke|p1|Ceruledge, L50, M|\n|poke|p1|Incineroar, L50, M|\n|poke|p1|Amoonguss, L50, M|\n|poke|p1|Ursaluna-Bloodmoon, L50, M|\n|poke|p1|Torkoal, L50, M|\n|poke|p2|Smeargle, L50, M|\n|poke|p2|Farigiraf, L50, M|\n|poke|p2|Grimmsnarl, L50, M|\n|poke|p2|Torkoal, L50, M|\n|poke|p2|Ursaluna-Bloodmoon, L50, M|\n|poke|p2|Araquanid, L50, F|\n|teampreview|4\n|j| DonShitDozo\n|j| stewpeed\n|j| pikavgc111\n|\n|t:|1731509562\n|start\n|switch|p1a: Ceruledge|Ceruledge, L50, M|100\/100\n|switch|p1b: Indeedee|Indeedee, L50, M|100\/100\n|switch|p2a: Smeargle|Smeargle, L50, M|100\/100\n|switch|p2b: Araquanid|Araquanid, L50, F|100\/100\n|-fieldstart|move: Psychic Terrain|[from] ability: Psychic Surge|[of] p1b: Indeedee\n|-enditem|p1a: Ceruledge|Psychic Seed\n|-boost|p1a: Ceruledge|spd|1|[from] item: Psychic Seed\n|turn|1\n|\n|t:|1731509578\n|switch|p1b: Amoonguss|Amoonguss, L50, M, shiny|100\/100\n|-terastallize|p1a: Ceruledge|Grass\n|-terastallize|p2b: Araquanid|Water\n|move|p2a: Smeargle|Wide Guard|p2a: Smeargle\n|-singleturn|p2a: Smeargle|Wide Guard\n|move|p1a: Ceruledge|Iron Defense|p1a: Ceruledge\n|-boost|p1a: Ceruledge|def|2\n|move|p2b: Araquanid|Liquidation|p1a: Ceruledge\n|-resisted|p1a: Ceruledge\n|-damage|p1a: Ceruledge|62\/100\n|\n|-ability|p2a: Smeargle|Moody|boost\n|-boost|p2a: Smeargle|spd|2\n|-unboost|p2a: Smeargle|atk|1\n|-enditem|p2a: Smeargle|Eject Pack\n|upkeep\n|\n|t:|1731509598\n|switch|p2a: Farigiraf|Farigiraf, L50, M|100\/100\n|turn|2\n|\n|t:|1731509608\n|move|p1a: Ceruledge|Iron Defense|p1a: Ceruledge\n|-boost|p1a: Ceruledge|def|2\n|move|p2b: Araquanid|Liquidation|p1a: Ceruledge\n|-resisted|p1a: Ceruledge\n|-damage|p1a: Ceruledge|36\/100\n|move|p2a: Farigiraf|Twin Beam|p1a: Ceruledge\n|-damage|p1a: Ceruledge|24\/100\n|-damage|p1a: Ceruledge|12\/100\n|-hitcount|p1a: Ceruledge|2\n|move|p1b: Amoonguss|Pollen Puff|p1a: Ceruledge\n|-heal|p1a: Ceruledge|62\/100\n|\n|upkeep\n|turn|3\n|j| Trumpwonbro\n|j| vgclth souly\n|\n|t:|1731509653\n|move|p1a: Ceruledge|Swords Dance|p1a: Ceruledge\n|-boost|p1a: Ceruledge|atk|2\n|move|p2b: Araquanid|Liquidation|p1b: Amoonguss\n|-resisted|p1b: Amoonguss\n|-damage|p1b: Amoonguss|51\/100\n|move|p2a: Farigiraf|Twin Beam|p1b: Amoonguss\n|-supereffective|p1b: Amoonguss\n|-crit|p1b: Amoonguss\n|-damage|p1b: Amoonguss|4\/100\n|-enditem|p1b: Amoonguss|Sitrus Berry|[eat]\n|-heal|p1b: Amoonguss|29\/100|[from] item: Sitrus Berry\n|-supereffective|p1b: Amoonguss\n|-damage|p1b: Amoonguss|0 fnt\n|faint|p1b: Amoonguss\n|-hitcount|p1: Amoonguss|2\n|\n|upkeep\n|j|~DaWoblefet\n|\n|t:|1731509671\n|switch|p1b: Incineroar|Incineroar, L50, M, shiny|100\/100\n|-ability|p1b: Incineroar|Intimidate|boost\n|-unboost|p2a: Farigiraf|atk|1\n|-unboost|p2b: Araquanid|atk|1\n|turn|4\n|l| pikavgc111\n|j| VGCLTH 2thyfor\n|\n|t:|1731509693\n|move|p1a: Ceruledge|Poltergeist|p2b: Araquanid\n|-activate|p2b: Araquanid|move: Poltergeist|Choice Band\n|-damage|p2b: Araquanid|0 fnt\n|faint|p2b: Araquanid\n|move|p1b: Incineroar|Parting Shot|p2a: Farigiraf\n|-unboost|p2a: Farigiraf|atk|1\n|-unboost|p2a: Farigiraf|spa|1\n|\n|t:|1731509701\n|switch|p1b: Indeedee|Indeedee, L50, M|100\/100|[from] Parting Shot\n|move|p2a: Farigiraf|Trick Room|p2a: Farigiraf\n|-fieldstart|move: Trick Room|[of] p2a: Farigiraf\n|\n|upkeep\n|\n|t:|1731509704\n|switch|p2b: Ursaluna|Ursaluna-Bloodmoon, L50, M|100\/100\n|turn|5\n|\n|t:|1731509729\n|switch|p1b: Incineroar|Incineroar, L50, M, shiny|100\/100\n|-ability|p1b: Incineroar|Intimidate|boost\n|-unboost|p2a: Farigiraf|atk|1\n|-unboost|p2b: Ursaluna|atk|1\n|move|p2a: Farigiraf|Helping Hand|p2b: Ursaluna\n|-singleturn|p2b: Ursaluna|Helping Hand|[of] p2a: Farigiraf\n|move|p2b: Ursaluna|Hyper Voice|p1b: Incineroar|[spread] p1a,p1b\n|-damage|p1a: Ceruledge|20\/100\n|-damage|p1b: Incineroar|37\/100\n|-damage|p2b: Ursaluna|90\/100|[from] item: Life Orb\n|move|p1a: Ceruledge|Bitter Blade|p2b: Ursaluna\n|-damage|p2b: Ursaluna|26\/100\n|-heal|p1a: Ceruledge|60\/100|[from] drain|[of] p2b: Ursaluna\n|\n|-fieldend|move: Psychic Terrain\n|upkeep\n|turn|6\n|\n|t:|1731509773\n|move|p2a: Farigiraf|Helping Hand|p2b: Ursaluna\n|-singleturn|p2b: Ursaluna|Helping Hand|[of] p2a: Farigiraf\n|move|p2b: Ursaluna|Blood Moon|p1a: Ceruledge\n|-damage|p1a: Ceruledge|0 fnt\n|faint|p1a: Ceruledge\n|-damage|p2b: Ursaluna|16\/100|[from] item: Life Orb\n|move|p1b: Incineroar|Parting Shot|p2b: Ursaluna\n|-unboost|p2b: Ursaluna|atk|1\n|-unboost|p2b: Ursaluna|spa|1\n|j| Zordor\n|\n|t:|1731509785\n|switch|p1b: Indeedee|Indeedee, L50, M|100\/100|[from] Parting Shot\n|-fieldstart|move: Psychic Terrain|[from] ability: Psychic Surge|[of] p1b: Indeedee\n|\n|upkeep\n|\n|t:|1731509791\n|switch|p1a: Incineroar|Incineroar, L50, M, shiny|37\/100\n|-ability|p1a: Incineroar|Intimidate|boost\n|-unboost|p2a: Farigiraf|atk|1\n|-unboost|p2b: Ursaluna|atk|1\n|turn|7\n|l|~DaWoblefet\n|\n|t:|1731509801\n|move|p2a: Farigiraf|Helping Hand|p2b: Ursaluna\n|-singleturn|p2b: Ursaluna|Helping Hand|[of] p2a: Farigiraf\n|move|p2b: Ursaluna|Hyper Voice|p1a: Incineroar|[spread] p1a,p1b\n|-damage|p1a: Incineroar|0 fnt\n|-damage|p1b: Indeedee|30\/100\n|faint|p1a: Incineroar\n|-damage|p2b: Ursaluna|6\/100|[from] item: Life Orb\n|move|p1b: Indeedee|Expanding Force|p2a: Farigiraf|[spread] p2a,p2b\n|-resisted|p2a: Farigiraf\n|-damage|p2a: Farigiraf|81\/100\n|-damage|p2b: Ursaluna|0 fnt\n|faint|p2b: Ursaluna\n|\n|upkeep\n|\n|t:|1731509804\n|switch|p2b: Smeargle|Smeargle, L50, M|100\/100\n|turn|8\n|-message|dreamlin forfeited.\n|\n|win|VGCLTH Cuwutie\n|raw|dreamlin's rating: 1715 &rarr; <strong>1697<\/strong><br \/>(-18 for losing)\n|raw|VGCLTH Cuwutie's rating: 1756 &rarr; <strong>1774<\/strong><br \/>(+18 for winning)\n|l|\u2606dreamlin\n|player|p1|\n|j| oherrodersir\n|l|\u2606VGCLTH Cuwutie\n|player|p2|\n|l| DonShitDozo\n|l| vgclth souly\n|l| stewpeed\n|l| VGCLTH 2thyfor\n|l| Zordor\n|l| oherrodersir\n","uploadtime":1731509881,"views":21,"formatid":"gen9vgc2024regh","rating":1697,"private":0,"password":null}