{"id":"gen9vgc2024regh-2243082605","format":"[Gen 9] VGC 2024 Reg H","players":["daniiivgc","greenlightdmp"],"log":"|j|\u203ddaniiivgc\n|j|\u2606greenlightdmp\n|t:|1731510029\n|gametype|doubles\n|player|p1|daniiivgc|gambler|1654\n|player|p2|greenlightdmp|266|1699\n|teamsize|p1|6\n|teamsize|p2|6\n|gen|9\n|tier|[Gen 9] VGC 2024 Reg H\n|rated|\n|rule|Species Clause: Limit one of each Pok\u00e9mon\n|rule|Item Clause: Limit 1 of each item\n|clearpoke\n|poke|p1|Quaquaval, L50, F|\n|poke|p1|Amoonguss, L50, M|\n|poke|p1|Kingambit, L50, F|\n|poke|p1|Maushold, L50|\n|poke|p1|Archaludon, L50, M|\n|poke|p1|Pelipper, L50, M|\n|poke|p2|Sneasler, L50, F|\n|poke|p2|Indeedee-F, L50, F|\n|poke|p2|Murkrow, L50, M|\n|poke|p2|Archaludon, L50, F|\n|poke|p2|Basculegion, L50, M|\n|poke|p2|Gallade, L50, M|\n|teampreview|4\n|inactive|Battle timer is ON: inactive players will automatically lose when time's up. (requested by daniiivgc)\n|j| stewpeed\n|inactive|greenlightdmp has 60 seconds left.\n|\n|t:|1731510082\n|start\n|switch|p1a: Maushold|Maushold, L50|100\/100\n|switch|p1b: Archaludon|Archaludon, L50, M|100\/100\n|switch|p2a: VEGETA|Basculegion, L50, M|100\/100\n|switch|p2b: Gallade|Gallade, L50, M|100\/100\n|turn|1\n|\n|t:|1731510102\n|-terastallize|p2a: VEGETA|Grass\n|move|p2a: VEGETA|Wave Crash|p1a: Maushold\n|-damage|p1a: Maushold|14\/100\n|-damage|p2a: VEGETA|77\/100|[from] Recoil\n|move|p1a: Maushold|Population Bomb|p2b: Gallade\n|-damage|p2b: Gallade|86\/100\n|-damage|p2b: Gallade|71\/100\n|-damage|p2b: Gallade|55\/100\n|-damage|p2b: Gallade|38\/100\n|-damage|p2b: Gallade|22\/100\n|-damage|p2b: Gallade|6\/100\n|-damage|p2b: Gallade|0 fnt\n|faint|p2b: Gallade\n|-hitcount|p2: Gallade|7\n|move|p1b: Archaludon|Electro Shot||[still]\n|-prepare|p1b: Archaludon|Electro Shot\n|-boost|p1b: Archaludon|spa|1\n|-enditem|p1b: Archaludon|Power Herb\n|-anim|p1b: Archaludon|Electro Shot|p2a: VEGETA\n|-resisted|p2a: VEGETA\n|-damage|p2a: VEGETA|36\/100\n|\n|upkeep\n|\n|t:|1731510116\n|switch|p2b: MACHBACK|Archaludon, L50, F|100\/100\n|turn|2\n|\n|t:|1731510139\n|move|p1a: Maushold|Protect|p1a: Maushold\n|-singleturn|p1a: Maushold|Protect\n|move|p2a: VEGETA|Wave Crash|p1b: Archaludon\n|-resisted|p1b: Archaludon\n|-damage|p1b: Archaludon|75\/100\n|-damage|p2a: VEGETA|29\/100|[from] Recoil\n|move|p1b: Archaludon|Aura Sphere|p2b: MACHBACK\n|-supereffective|p2b: MACHBACK\n|-damage|p2b: MACHBACK|23\/100\n|-ability|p2b: MACHBACK|Stamina|boost\n|-boost|p2b: MACHBACK|def|1\n|move|p2b: MACHBACK|Draco Meteor|p1b: Archaludon\n|-damage|p1b: Archaludon|0 fnt\n|-unboost|p2b: MACHBACK|spa|2\n|faint|p1b: Archaludon\n|\n|upkeep\n|\n|t:|1731510155\n|switch|p1b: Kingambit|Kingambit, L50, F|100\/100\n|turn|3\n|j| DonShitDozo\n|inactive|greenlightdmp has 30 seconds left.\n|inactive|daniiivgc has 30 seconds left.\n|inactive|greenlightdmp has 20 seconds left.\n|\n|t:|1731510195\n|switch|p2a: MeganTheeStallion|Indeedee-F, L50, F|100\/100\n|-fieldstart|move: Psychic Terrain|[from] ability: Psychic Surge|[of] p2a: MeganTheeStallion\n|move|p1a: Maushold|Follow Me|p1a: Maushold\n|-singleturn|p1a: Maushold|move: Follow Me\n|move|p2b: MACHBACK|Body Press|p1a: Maushold\n|-supereffective|p1a: Maushold\n|-damage|p1a: Maushold|0 fnt\n|faint|p1a: Maushold\n|move|p1b: Kingambit|Kowtow Cleave|p2b: MACHBACK\n|-crit|p2b: MACHBACK\n|-damage|p2b: MACHBACK|0 fnt\n|faint|p2b: MACHBACK\n|\n|upkeep\n|\n|t:|1731510209\n|switch|p1a: Pelipper|Pelipper, L50, M|100\/100\n|switch|p2b: VEGETA|Basculegion, L50, M, tera:Grass|29\/100\n|-weather|RainDance|[from] ability: Drizzle|[of] p1a: Pelipper\n|turn|4\n|\n|t:|1731510229\n|move|p2a: MeganTheeStallion|Follow Me|p2a: MeganTheeStallion\n|-singleturn|p2a: MeganTheeStallion|move: Follow Me\n|move|p2b: VEGETA|Wave Crash|p1b: Kingambit\n|-damage|p1b: Kingambit|29\/100\n|-damage|p2b: VEGETA|4\/100|[from] Recoil\n|move|p1a: Pelipper|Hurricane|p2a: MeganTheeStallion\n|-damage|p2a: MeganTheeStallion|58\/100\n|-start|p2a: MeganTheeStallion|confusion\n|-enditem|p2a: MeganTheeStallion|Lum Berry|[eat]\n|-end|p2a: MeganTheeStallion|confusion\n|move|p1b: Kingambit|Kowtow Cleave|p2a: MeganTheeStallion\n|-supereffective|p2a: MeganTheeStallion\n|-damage|p2a: MeganTheeStallion|0 fnt\n|faint|p2a: MeganTheeStallion\n|\n|-weather|RainDance|[upkeep]\n|upkeep\n|turn|5\n|-message|greenlightdmp forfeited.\n|\n|win|daniiivgc\n|raw|daniiivgc's rating: 1654 &rarr; <strong>1677<\/strong><br \/>(+23 for winning)\n|raw|greenlightdmp's rating: 1699 &rarr; <strong>1676<\/strong><br \/>(-23 for losing)\n|l|\u2606greenlightdmp\n|player|p2|\n|l| DonShitDozo\n|l|\u203ddaniiivgc\n|player|p1|\n|l| stewpeed\n","uploadtime":1731510479,"views":19,"formatid":"gen9vgc2024regh","rating":1676,"private":0,"password":null}