{"id":"gen9vgc2024regh-2243397155","format":"[Gen 9] VGC 2024 Reg H","players":["VGCLTH Sac gaming","VGCLTH Thacrow"],"log":"|raw|<div class=\"broadcast-blue\"><strong>This battle is required to be public due to a player having a name starting with 'vgclth'.<\/div>\n|j|\u2606VGCLTH Sac gaming\n|j|\u2606VGCLTH Thacrow\n|t:|1731541692\n|gametype|doubles\n|player|p1|VGCLTH Sac gaming|steven|1708\n|player|p2|VGCLTH Thacrow|wallace-masters|1788\n|teamsize|p1|6\n|teamsize|p2|6\n|gen|9\n|tier|[Gen 9] VGC 2024 Reg H\n|rated|\n|rule|Species Clause: Limit one of each Pok\u00e9mon\n|rule|Item Clause: Limit 1 of each item\n|clearpoke\n|poke|p1|Whimsicott, L50, M|\n|poke|p1|Dragonite, L50, M|\n|poke|p1|Ursaluna-Bloodmoon, L50, M|\n|poke|p1|Gholdengo, L50|\n|poke|p1|Incineroar, L50, F|\n|poke|p1|Annihilape, L50, F|\n|poke|p2|Ceruledge, L50, F|\n|poke|p2|Gastrodon-East, L50, M|\n|poke|p2|Sneasler, L50, M|\n|poke|p2|Dragonite, L50, F|\n|poke|p2|Rillaboom, L50, F|\n|poke|p2|Kingambit, L50, M|\n|teampreview|4\nVGCLTH Sac gaming rejected open team sheets.\n|\n|t:|1731541722\n|start\n|switch|p1a: Whimsicott|Whimsicott, L50, M|100\/100\n|switch|p1b: Annihilape|Annihilape, L50, F|100\/100\n|switch|p2a: Kidturtle|Sneasler, L50, M, shiny|100\/100\n|switch|p2b: Godlyreal|Kingambit, L50, M|100\/100\n|turn|1\n|\n|t:|1731541740\n|-terastallize|p2b: Godlyreal|Flying\n|move|p1a: Whimsicott|Tailwind|p1a: Whimsicott\n|-sidestart|p1: VGCLTH Sac gaming|move: Tailwind\n|move|p1b: Annihilape|Final Gambit|p2b: Godlyreal\n|-damage|p2b: Godlyreal|2\/100\n|faint|p1b: Annihilape\n|move|p2a: Kidturtle|Coaching|p2b: Godlyreal\n|-boost|p2b: Godlyreal|atk|1\n|-boost|p2b: Godlyreal|def|1\n|move|p2b: Godlyreal|Tera Blast|p1a: Whimsicott|[anim] Tera Blast Flying\n|-supereffective|p1a: Whimsicott\n|-enditem|p1a: Whimsicott|Focus Sash\n|-damage|p1a: Whimsicott|1\/100\n|\n|upkeep\n|\n|t:|1731541748\n|switch|p1b: Ursaluna|Ursaluna-Bloodmoon, L50, M|100\/100\n|turn|2\n|j| mr pogostick\n|\n|t:|1731541754\n|move|p1a: Whimsicott|Encore|p2a: Kidturtle\n|-start|p2a: Kidturtle|Encore\n|move|p1b: Ursaluna|Vacuum Wave|p2b: Godlyreal\n|-resisted|p2b: Godlyreal\n|-damage|p2b: Godlyreal|0 fnt\n|faint|p2b: Godlyreal\n|move|p2a: Kidturtle|Coaching|null|[notarget]\n|-fail|p2a: Kidturtle\n|\n|upkeep\n|\n|t:|1731541757\n|switch|p2b: Main Flutter|Dragonite, L50, F, shiny|100\/100\n|turn|3\n|\n|t:|1731541771\n|switch|p2a: AdlrichYan|Rillaboom, L50, F|100\/100\n|-fieldstart|move: Grassy Terrain|[from] ability: Grassy Surge|[of] p2a: AdlrichYan\n|-terastallize|p1a: Whimsicott|Ghost\n|move|p1a: Whimsicott|Moonblast|p2b: Main Flutter\n|-supereffective|p2b: Main Flutter\n|-damage|p2b: Main Flutter|62\/100\n|-unboost|p2b: Main Flutter|spa|1\n|move|p1b: Ursaluna|Hyper Voice|p2a: AdlrichYan|[spread] p2a,p2b\n|-damage|p2a: AdlrichYan|52\/100\n|-damage|p2b: Main Flutter|20\/100\n|move|p2b: Main Flutter|Low Kick|p1b: Ursaluna\n|-supereffective|p1b: Ursaluna\n|-damage|p1b: Ursaluna|30\/100\n|\n|-heal|p1a: Whimsicott|7\/100|[from] Grassy Terrain\n|-heal|p1b: Ursaluna|36\/100|[from] Grassy Terrain\n|-heal|p2a: AdlrichYan|59\/100|[from] Grassy Terrain\n|upkeep\n|turn|4\n|\n|t:|1731541790\n|switch|p1b: Gholdengo|Gholdengo, L50|100\/100\n|move|p2a: AdlrichYan|Grassy Glide|p1b: Gholdengo\n|-resisted|p1b: Gholdengo\n|-damage|p1b: Gholdengo|74\/100\n|move|p1a: Whimsicott|Moonblast|p2b: Main Flutter\n|-supereffective|p2b: Main Flutter\n|-damage|p2b: Main Flutter|0 fnt\n|faint|p2b: Main Flutter\n|\n|-heal|p1a: Whimsicott|13\/100|[from] Grassy Terrain\n|-heal|p1b: Gholdengo|80\/100|[from] Grassy Terrain\n|-heal|p2a: AdlrichYan|65\/100|[from] Grassy Terrain\n|-sideend|p1: VGCLTH Sac gaming|move: Tailwind\n|upkeep\n|\n|t:|1731541793\n|switch|p2b: Kidturtle|Sneasler, L50, M, shiny|100\/100\n|turn|5\n|\n|t:|1731541810\n|move|p1a: Whimsicott|Tailwind|p1a: Whimsicott\n|-sidestart|p1: VGCLTH Sac gaming|move: Tailwind\n|move|p1b: Gholdengo|Make It Rain|p2b: Kidturtle|[spread] p2a,p2b\n|-damage|p2a: AdlrichYan|0 fnt\n|-enditem|p2b: Kidturtle|Focus Sash\n|-damage|p2b: Kidturtle|1\/100\n|-unboost|p1b: Gholdengo|spa|1\n|faint|p2a: AdlrichYan\n|move|p2b: Kidturtle|Coaching|p2: AdlrichYan|[notarget]\n|-fail|p2b: Kidturtle\n|\n|-heal|p2b: Kidturtle|7\/100|[from] Grassy Terrain\n|-heal|p1a: Whimsicott|19\/100|[from] Grassy Terrain\n|-heal|p1b: Gholdengo|86\/100|[from] Grassy Terrain\n|upkeep\n|turn|6\n|-message|VGCLTH Thacrow forfeited.\n|\n|win|VGCLTH Sac gaming\n|raw|VGCLTH Sac gaming's rating: 1720 &rarr; <strong>1744<\/strong><br \/>(+24 for winning)\n|raw|VGCLTH Thacrow's rating: 1788 &rarr; <strong>1764<\/strong><br \/>(-24 for losing)\n|j| FBISurveillanceMan\n|l| mr pogostick\n","uploadtime":1731541825,"views":23,"formatid":"gen9vgc2024regh","rating":1744,"private":0,"password":null}