{"id":"gen9vgc2024regh-2243249600","format":"[Gen 9] VGC 2024 Reg H","players":["grovyleuwu","jrylam21"],"log":"|j|\u2606grovyleuwu\n|j|\u2606jrylam21\n|t:|1731526054\n|gametype|doubles\n|player|p1|grovyleuwu|whitney|1779\n|player|p2|jrylam21|102|1691\n|teamsize|p1|6\n|teamsize|p2|6\n|gen|9\n|tier|[Gen 9] VGC 2024 Reg H\n|rated|\n|rule|Species Clause: Limit one of each Pok\u00e9mon\n|rule|Item Clause: Limit 1 of each item\n|clearpoke\n|poke|p1|Pelipper, L50, F|\n|poke|p1|Sneasler, L50, M|\n|poke|p1|Archaludon, L50, M|\n|poke|p1|Indeedee, L50, M|\n|poke|p1|Basculegion, L50, M|\n|poke|p1|Talonflame, L50, F|\n|poke|p2|Yanmega, L50, M|\n|poke|p2|Ursaluna, L50, F|\n|poke|p2|Porygon2, L50|\n|poke|p2|Incineroar, L50, M|\n|poke|p2|Dragonite, L50, F|\n|poke|p2|Hydreigon, L50, M|\n|teampreview|4\n|inactive|Battle timer is ON: inactive players will automatically lose when time's up. (requested by grovyleuwu)\n|j| hyroshx\n|inactive|jrylam21 has 60 seconds left.\n|\n|t:|1731526086\n|start\n|switch|p1a: Indeedee|Indeedee, L50, M|100\/100\n|switch|p1b: Archaludon|Archaludon, L50, M|100\/100\n|switch|p2a: Yanmega|Yanmega, L50, M|100\/100\n|switch|p2b: Ursaluna|Ursaluna, L50, F|100\/100\n|-fieldstart|move: Psychic Terrain|[from] ability: Psychic Surge|[of] p1a: Indeedee\n|turn|1\n|\n|t:|1731526096\n|move|p2a: Yanmega|Detect|p2a: Yanmega\n|-singleturn|p2a: Yanmega|Protect\n|move|p2b: Ursaluna|Protect|p2b: Ursaluna\n|-singleturn|p2b: Ursaluna|Protect\n|move|p1a: Indeedee|Expanding Force|p2b: Ursaluna|[spread] \n|-activate|p2a: Yanmega|move: Protect\n|-activate|p2b: Ursaluna|move: Protect\n|move|p1b: Archaludon|Electro Shot||[still]\n|-prepare|p1b: Archaludon|Electro Shot\n|-boost|p1b: Archaludon|spa|1\n|-enditem|p1b: Archaludon|Power Herb\n|-anim|p1b: Archaludon|Electro Shot|p2a: Yanmega\n|-activate|p2a: Yanmega|move: Protect\n|\n|-ability|p2a: Yanmega|Speed Boost|boost\n|-boost|p2a: Yanmega|spe|1\n|-status|p2b: Ursaluna|brn|[from] item: Flame Orb\n|upkeep\n|turn|2\n|\n|t:|1731526120\n|move|p1b: Archaludon|Protect|p1b: Archaludon\n|-singleturn|p1b: Archaludon|Protect\n|move|p2a: Yanmega|Tailwind|p2a: Yanmega\n|-sidestart|p2: jrylam21|move: Tailwind\n|move|p2b: Ursaluna|Earthquake|p1a: Indeedee|[spread] p1a\n|-activate|p1b: Archaludon|move: Protect\n|-immune|p2a: Yanmega\n|-enditem|p1a: Indeedee|Focus Sash\n|-damage|p1a: Indeedee|1\/100\n|move|p1a: Indeedee|Trick Room|p1a: Indeedee\n|-fieldstart|move: Trick Room|[of] p1a: Indeedee\n|\n|-damage|p2b: Ursaluna|95\/100 brn|[from] brn\n|-ability|p2a: Yanmega|Speed Boost|boost\n|-boost|p2a: Yanmega|spe|1\n|upkeep\n|turn|3\n|\n|t:|1731526142\n|move|p2b: Ursaluna|Protect|p2b: Ursaluna\n|-singleturn|p2b: Ursaluna|Protect\n|move|p2a: Yanmega|Detect|p2a: Yanmega\n|-singleturn|p2a: Yanmega|Protect\n|move|p1b: Archaludon|Dragon Pulse|p2b: Ursaluna\n|-activate|p2b: Ursaluna|move: Protect\n|move|p1a: Indeedee|Expanding Force|p2a: Yanmega|[spread] \n|-activate|p2a: Yanmega|move: Protect\n|-activate|p2b: Ursaluna|move: Protect\n|\n|-damage|p2b: Ursaluna|89\/100 brn|[from] brn\n|-ability|p2a: Yanmega|Speed Boost|boost\n|-boost|p2a: Yanmega|spe|1\n|upkeep\n|turn|4\n|inactive|jrylam21 has 30 seconds left.\n|\n|t:|1731526173\n|switch|p2b: Dragonite|Dragonite, L50, F|100\/100\n|move|p1b: Archaludon|Dragon Pulse|p2b: Dragonite\n|-supereffective|p2b: Dragonite\n|-damage|p2b: Dragonite|33\/100\n|move|p1a: Indeedee|Expanding Force|p2a: Yanmega|[spread] p2a,p2b\n|-crit|p2a: Yanmega\n|-enditem|p2a: Yanmega|Focus Sash\n|-damage|p2a: Yanmega|1\/100\n|-damage|p2b: Dragonite|0 fnt\n|faint|p2b: Dragonite\n|move|p2a: Yanmega|Struggle Bug|p1b: Archaludon|[spread] p1a,p1b\n|-supereffective|p1a: Indeedee\n|-resisted|p1b: Archaludon\n|-damage|p1a: Indeedee|0 fnt\n|-damage|p1b: Archaludon|86\/100\n|-unboost|p1b: Archaludon|spa|1\n|faint|p1a: Indeedee\n|\n|-ability|p2a: Yanmega|Speed Boost|boost\n|-boost|p2a: Yanmega|spe|1\n|upkeep\n|\n|t:|1731526199\n|switch|p2b: Ursaluna|Ursaluna, L50, F|89\/100 brn\n|switch|p1a: Pelipper|Pelipper, L50, F|100\/100\n|-weather|RainDance|[from] ability: Drizzle|[of] p1a: Pelipper\n|turn|5\n|\n|t:|1731526219\n|move|p2b: Ursaluna|Protect|p2b: Ursaluna\n|-singleturn|p2b: Ursaluna|Protect\n|move|p2a: Yanmega|Detect|p2a: Yanmega\n|-singleturn|p2a: Yanmega|Protect\n|move|p1b: Archaludon|Dragon Pulse|p2b: Ursaluna\n|-activate|p2b: Ursaluna|move: Protect\n|move|p1a: Pelipper|Icy Wind|p2b: Ursaluna|[spread] \n|-activate|p2a: Yanmega|move: Protect\n|-activate|p2b: Ursaluna|move: Protect\n|\n|-weather|RainDance|[upkeep]\n|-damage|p2b: Ursaluna|83\/100 brn|[from] brn\n|-sideend|p2: jrylam21|move: Tailwind\n|-fieldend|move: Psychic Terrain\n|-ability|p2a: Yanmega|Speed Boost|boost\n|-boost|p2a: Yanmega|spe|1\n|upkeep\n|turn|6\n|inactive|jrylam21 has 30 seconds left.\n|\n|t:|1731526245\n|-terastallize|p2b: Ursaluna|Ghost\n|-terastallize|p1a: Pelipper|Ghost\n|move|p1b: Archaludon|Protect|p1b: Archaludon\n|-singleturn|p1b: Archaludon|Protect\n|move|p2b: Ursaluna|Headlong Rush|p1b: Archaludon\n|-activate|p1b: Archaludon|move: Protect\n|move|p1a: Pelipper|Icy Wind|p2b: Ursaluna|[spread] p2a,p2b\n|-supereffective|p2a: Yanmega\n|-damage|p2a: Yanmega|0 fnt\n|-damage|p2b: Ursaluna|70\/100 brn\n|-unboost|p2b: Ursaluna|spe|1\n|faint|p2a: Yanmega\n|\n|-weather|RainDance|[upkeep]\n|-damage|p2b: Ursaluna|64\/100 brn|[from] brn\n|-fieldend|move: Trick Room\n|upkeep\n|\n|t:|1731526259\n|switch|p2a: Hydreigon|Hydreigon, L50, M|100\/100\n|turn|7\n|\n|t:|1731526269\n|move|p1a: Pelipper|Icy Wind|p2b: Ursaluna|[spread] p2a,p2b\n|-supereffective|p2a: Hydreigon\n|-damage|p2a: Hydreigon|72\/100\n|-damage|p2b: Ursaluna|53\/100 brn\n|-unboost|p2a: Hydreigon|spe|1\n|-unboost|p2b: Ursaluna|spe|1\n|move|p1b: Archaludon|Dragon Pulse|p2a: Hydreigon\n|-supereffective|p2a: Hydreigon\n|-damage|p2a: Hydreigon|0 fnt\n|faint|p2a: Hydreigon\n|move|p2b: Ursaluna|Earthquake|p1b: Archaludon|[spread] p1a,p1b\n|-supereffective|p1b: Archaludon\n|-damage|p1a: Pelipper|15\/100\n|-damage|p1b: Archaludon|0 fnt\n|faint|p1b: Archaludon\n|\n|-weather|RainDance|[upkeep]\n|-damage|p2b: Ursaluna|47\/100 brn|[from] brn\n|upkeep\n|\n|t:|1731526280\n|switch|p1b: Basculegion|Basculegion, L50, M|100\/100\n|turn|8\n|\n|t:|1731526285\n|move|p1b: Basculegion|Last Respects|p2b: Ursaluna\n|-supereffective|p2b: Ursaluna\n|-damage|p2b: Ursaluna|0 fnt\n|faint|p2b: Ursaluna\n|-damage|p1b: Basculegion|91\/100|[from] item: Life Orb\n|\n|win|grovyleuwu\n|raw|grovyleuwu's rating: 1779 &rarr; <strong>1794<\/strong><br \/>(+15 for winning)\n|raw|jrylam21's rating: 1691 &rarr; <strong>1676<\/strong><br \/>(-15 for losing)\n|l|\u2606grovyleuwu\n|player|p1|\n|l| hyroshx\n","uploadtime":1731526493,"views":20,"formatid":"gen9vgc2024regh","rating":1676,"private":0,"password":null}