{"id":"gen9vgc2024regh-2243338241","format":"[Gen 9] VGC 2024 Reg H","players":["jrylam21","VGCLTH MINAMISIMP"],"log":"|raw|<div class=\"broadcast-blue\"><strong>This battle is required to be public due to a player having a name starting with 'vgclth'.<\/div>\n|j|\u2606jrylam21\n|j|\u2606VGCLTH MINAMISIMP\n|t:|1731534940\n|gametype|doubles\n|player|p1|jrylam21|102|1690\n|player|p2|VGCLTH MINAMISIMP|miku-water|1792\n|teamsize|p1|6\n|teamsize|p2|6\n|gen|9\n|tier|[Gen 9] VGC 2024 Reg H\n|rated|\n|rule|Species Clause: Limit one of each Pok\u00e9mon\n|rule|Item Clause: Limit 1 of each item\n|clearpoke\n|poke|p1|Yanmega, L50, F|\n|poke|p1|Ursaluna, L50, M|\n|poke|p1|Porygon2, L50|\n|poke|p1|Incineroar, L50, M|\n|poke|p1|Dragonite, L50, M|\n|poke|p1|Hydreigon, L50, F|\n|poke|p2|Archaludon, L50, F|\n|poke|p2|Pelipper, L50, F|\n|poke|p2|Electabuzz, L50, M|\n|poke|p2|Kingambit, L50, M|\n|poke|p2|Rillaboom, L50, F|\n|poke|p2|Basculegion, L50, M|\n|teampreview|4\n|inactive|Battle timer is ON: inactive players will automatically lose when time's up. (requested by VGCLTH MINAMISIMP)\n|\n|t:|1731534963\n|start\n|switch|p1a: Yanmega|Yanmega, L50, F|100\/100\n|switch|p1b: Hydreigon|Hydreigon, L50, F|100\/100\n|switch|p2a: Pelipper|Pelipper, L50, F|100\/100\n|switch|p2b: Basculegion|Basculegion, L50, M|100\/100\n|-weather|RainDance|[from] ability: Drizzle|[of] p2a: Pelipper\n|turn|1\n|j| oherrodersir\n|\n|t:|1731534974\n|move|p1a: Yanmega|Detect|p1a: Yanmega\n|-singleturn|p1a: Yanmega|Protect\n|move|p2b: Basculegion|Flip Turn|p1b: Hydreigon\n|-resisted|p1b: Hydreigon\n|-damage|p1b: Hydreigon|62\/100\n|\n|t:|1731534979\n|switch|p2b: Rillaboom|Rillaboom, L50, F|100\/100|[from] Flip Turn\n|-fieldstart|move: Grassy Terrain|[from] ability: Grassy Surge|[of] p2b: Rillaboom\n|move|p1b: Hydreigon|Dark Pulse|p2b: Rillaboom\n|-damage|p2b: Rillaboom|54\/100\n|move|p2a: Pelipper|Hurricane|p1b: Hydreigon\n|-damage|p1b: Hydreigon|3\/100\n|-start|p1b: Hydreigon|confusion\n|\n|-weather|RainDance|[upkeep]\n|-heal|p2b: Rillaboom|60\/100|[from] Grassy Terrain\n|-ability|p1a: Yanmega|Speed Boost|boost\n|-boost|p1a: Yanmega|spe|1\n|upkeep\n|turn|2\n|j| VGCLTH TnB\n|\n|t:|1731535002\n|switch|p1b: Dragonite|Dragonite, L50, M|100\/100\n|move|p2b: Rillaboom|Grassy Glide|p1b: Dragonite\n|-resisted|p1b: Dragonite\n|-damage|p1b: Dragonite|96\/100\n|move|p1a: Yanmega|Tailwind|p1a: Yanmega\n|-sidestart|p1: jrylam21|move: Tailwind\n|move|p2a: Pelipper|Hurricane|p1a: Yanmega\n|-supereffective|p1a: Yanmega\n|-enditem|p1a: Yanmega|Focus Sash\n|-damage|p1a: Yanmega|1\/100\n|-start|p1a: Yanmega|confusion\n|\n|-weather|RainDance|[upkeep]\n|-heal|p2b: Rillaboom|66\/100|[from] Grassy Terrain\n|-ability|p1a: Yanmega|Speed Boost|boost\n|-boost|p1a: Yanmega|spe|1\n|upkeep\n|turn|3\n|\n|t:|1731535017\n|switch|p2b: Archaludon|Archaludon, L50, F|100\/100\n|-activate|p1a: Yanmega|confusion\n|-damage|p1a: Yanmega|0 fnt|[from] confusion\n|faint|p1a: Yanmega\n|move|p1b: Dragonite|Scale Shot|p2a: Pelipper\n|-damage|p2a: Pelipper|80\/100\n|-damage|p2a: Pelipper|60\/100\n|-crit|p2a: Pelipper\n|-damage|p2a: Pelipper|31\/100\n|-damage|p2a: Pelipper|9\/100\n|-hitcount|p2a: Pelipper|4\n|-unboost|p1b: Dragonite|def|1\n|-boost|p1b: Dragonite|spe|1\n|move|p2a: Pelipper|Hurricane|p1b: Dragonite\n|-damage|p1b: Dragonite|48\/100\n|\n|-weather|RainDance|[upkeep]\n|upkeep\n|inactive|jrylam21 has 30 seconds left.\n|\n|t:|1731535043\n|switch|p1a: Ursaluna|Ursaluna, L50, M|100\/100\n|turn|4\n|\n|t:|1731535062\n|-terastallize|p2b: Archaludon|Fairy\n|move|p1b: Dragonite|Scale Shot|p2a: Pelipper\n|-damage|p2a: Pelipper|0 fnt\n|faint|p2a: Pelipper\n|-hitcount|p2: Pelipper|1\n|-unboost|p1b: Dragonite|def|1\n|-boost|p1b: Dragonite|spe|1\n|move|p1a: Ursaluna|Headlong Rush|p2b: Archaludon\n|-damage|p2b: Archaludon|56\/100\n|-unboost|p1a: Ursaluna|def|1\n|-unboost|p1a: Ursaluna|spd|1\n|-ability|p2b: Archaludon|Stamina|boost\n|-boost|p2b: Archaludon|def|1\n|move|p2b: Archaludon|Electro Shot||[still]\n|-prepare|p2b: Archaludon|Electro Shot\n|-boost|p2b: Archaludon|spa|1\n|-anim|p2b: Archaludon|Electro Shot|p1b: Dragonite\n|-damage|p1b: Dragonite|0 fnt\n|faint|p1b: Dragonite\n|\n|-weather|RainDance|[upkeep]\n|-heal|p2b: Archaludon|62\/100|[from] Grassy Terrain\n|-heal|p2b: Archaludon|69\/100|[from] item: Leftovers\n|-status|p1a: Ursaluna|brn|[from] item: Flame Orb\n|upkeep\n|\n|t:|1731535082\n|switch|p2a: Basculegion|Basculegion, L50, M|100\/100\n|switch|p1b: Hydreigon|Hydreigon, L50, F|3\/100\n|turn|5\n|\n|t:|1731535092\n|move|p2a: Basculegion|Aqua Jet|p1b: Hydreigon\n|-resisted|p1b: Hydreigon\n|-damage|p1b: Hydreigon|0 fnt\n|faint|p1b: Hydreigon\n|move|p1a: Ursaluna|Facade|p2b: Archaludon\n|-damage|p2b: Archaludon|14\/100\n|-ability|p2b: Archaludon|Stamina|boost\n|-boost|p2b: Archaludon|def|1\n|move|p2b: Archaludon|Draco Meteor|p1a: Ursaluna\n|-damage|p1a: Ursaluna|0 fnt\n|-unboost|p2b: Archaludon|spa|2\n|faint|p1a: Ursaluna\n|\n|win|VGCLTH MINAMISIMP\n|raw|jrylam21's rating: 1690 &rarr; <strong>1676<\/strong><br \/>(-14 for losing)\n|raw|VGCLTH MINAMISIMP's rating: 1792 &rarr; <strong>1806<\/strong><br \/>(+14 for winning)\n|c|\u2606VGCLTH MINAMISIMP|gg\n|l|\u2606VGCLTH MINAMISIMP\n|player|p2|\n","uploadtime":1731535099,"views":22,"formatid":"gen9vgc2024regh","rating":1676,"private":0,"password":null}