{"id":"gen9vgc2024regh-2243785393","format":"[Gen 9] VGC 2024 Reg H","players":["czgogogo","vgclth chromate"],"log":"|raw|<div class=\"broadcast-blue\"><strong>This battle is required to be public due to a player having a name starting with 'vgclth'.<\/div>\n|j|\u2606czgogogo\n|j|\u2606vgclth chromate\n|t:|1731598938\n|gametype|doubles\n|player|p1|czgogogo|169|1884\n|player|p2|vgclth chromate|allister|1836\n|teamsize|p1|6\n|teamsize|p2|6\n|gen|9\n|tier|[Gen 9] VGC 2024 Reg H\n|rated|\n|rule|Species Clause: Limit one of each Pok\u00e9mon\n|rule|Item Clause: Limit 1 of each item\n|clearpoke\n|poke|p1|Lilligant-Hisui, L50, F|\n|poke|p1|Torkoal, L50, F|\n|poke|p1|Indeedee-F, L50, F|\n|poke|p1|Hatterene, L50, F|\n|poke|p1|Dusclops, L50, F|\n|poke|p1|Ursaluna, L50, M|\n|poke|p2|Archaludon, L50, F|\n|poke|p2|Pelipper, L50, M|\n|poke|p2|Basculegion, L50, M|\n|poke|p2|Gholdengo, L50|\n|poke|p2|Incineroar, L50, M|\n|poke|p2|Amoonguss, L50, F|\n|teampreview|4\n|\n|t:|1731598959\n|start\n|switch|p1a: Indeedee|Indeedee-F, L50, F|100\/100\n|switch|p1b: Hatterene|Hatterene, L50, F|100\/100\n|switch|p2a: Incineroar|Incineroar, L50, M|100\/100\n|switch|p2b: Amoonguss|Amoonguss, L50, F|100\/100\n|-ability|p2a: Incineroar|Intimidate|boost\n|-unboost|p1a: Indeedee|atk|1\n|-unboost|p1b: Hatterene|atk|1\n|-fieldstart|move: Psychic Terrain|[from] ability: Psychic Surge|[of] p1a: Indeedee\n|turn|1\n|\n|t:|1731598978\n|-terastallize|p2b: Amoonguss|Water\n|-terastallize|p1b: Hatterene|Water\n|move|p2a: Incineroar|Knock Off|p1a: Indeedee\n|-supereffective|p1a: Indeedee\n|-damage|p1a: Indeedee|25\/100\n|-damage|p2a: Incineroar|84\/100|[from] item: Rocky Helmet|[of] p1a: Indeedee\n|-enditem|p1a: Indeedee|Rocky Helmet|[from] move: Knock Off|[of] p2a: Incineroar\n|move|p2b: Amoonguss|Spore|p1a: Indeedee\n|-status|p1a: Indeedee|slp|[from] move: Spore\n|cant|p1a: Indeedee|slp\n|move|p1b: Hatterene|Trick Room|p1b: Hatterene\n|-fieldstart|move: Trick Room|[of] p1b: Hatterene\n|\n|upkeep\n|turn|2\n|\n|t:|1731598993\n|-curestatus|p1a: Indeedee|slp|[msg]\n|move|p1a: Indeedee|Helping Hand|p1b: Hatterene\n|-singleturn|p1b: Hatterene|Helping Hand|[of] p1a: Indeedee\n|move|p1b: Hatterene|Dazzling Gleam|p2b: Amoonguss|[spread] p2a,p2b\n|-damage|p2a: Incineroar|15\/100\n|-damage|p2b: Amoonguss|40\/100\n|-enditem|p2b: Amoonguss|Sitrus Berry|[eat]\n|-heal|p2b: Amoonguss|65\/100|[from] item: Sitrus Berry\n|-damage|p1b: Hatterene|91\/100|[from] item: Life Orb\n|move|p2b: Amoonguss|Pollen Puff|p2a: Incineroar\n|-heal|p2a: Incineroar|65\/100\n|move|p2a: Incineroar|Knock Off|p1b: Hatterene\n|-damage|p1b: Hatterene|38\/100\n|-enditem|p1b: Hatterene|Life Orb|[from] move: Knock Off|[of] p2a: Incineroar\n|\n|upkeep\n|turn|3\n|\n|t:|1731599016\n|switch|p2a: Gholdengo|Gholdengo, L50|100\/100\n|move|p1a: Indeedee|Helping Hand|p1b: Hatterene\n|-singleturn|p1b: Hatterene|Helping Hand|[of] p1a: Indeedee\n|move|p1b: Hatterene|Dazzling Gleam|p2b: Amoonguss|[spread] p2a,p2b\n|-resisted|p2a: Gholdengo\n|-damage|p2a: Gholdengo|70\/100\n|-damage|p2b: Amoonguss|14\/100\n|move|p2b: Amoonguss|Spore|p1a: Indeedee\n|-status|p1a: Indeedee|slp|[from] move: Spore\n|\n|upkeep\n|turn|4\n|\n|t:|1731599038\n|switch|p1a: Ursaluna|Ursaluna, L50, M|100\/100\n|move|p2b: Amoonguss|Rage Powder|p2b: Amoonguss\n|-singleturn|p2b: Amoonguss|move: Rage Powder\n|move|p1b: Hatterene|Dazzling Gleam|p2b: Amoonguss|[spread] p2a,p2b\n|-resisted|p2a: Gholdengo\n|-damage|p2a: Gholdengo|49\/100\n|-damage|p2b: Amoonguss|0 fnt\n|faint|p2b: Amoonguss\n|move|p2a: Gholdengo|Nasty Plot|p2a: Gholdengo\n|-boost|p2a: Gholdengo|spa|2\n|\n|-status|p1a: Ursaluna|brn|[from] item: Flame Orb\n|upkeep\n|\n|t:|1731599041\n|switch|p2b: Incineroar|Incineroar, L50, M|65\/100\n|-ability|p2b: Incineroar|Intimidate|boost\n|-unboost|p1a: Ursaluna|atk|1\n|-unboost|p1b: Hatterene|atk|1\n|turn|5\n|j| VGCLTH ihatebo1\n|\n|t:|1731599064\n|switch|p2b: Pelipper|Pelipper, L50, M|100\/100\n|-weather|RainDance|[from] ability: Drizzle|[of] p2b: Pelipper\n|move|p2a: Gholdengo|Protect|p2a: Gholdengo\n|-singleturn|p2a: Gholdengo|Protect\n|move|p1b: Hatterene|Expanding Force|p2b: Pelipper|[spread] p2b\n|-activate|p2a: Gholdengo|move: Protect\n|-enditem|p2b: Pelipper|Focus Sash\n|-damage|p2b: Pelipper|1\/100\n|move|p1a: Ursaluna|Headlong Rush|p2b: Pelipper\n|-immune|p2b: Pelipper\n|\n|-weather|RainDance|[upkeep]\n|-damage|p1a: Ursaluna|95\/100 brn|[from] brn\n|-fieldend|move: Trick Room\n|-fieldend|move: Psychic Terrain\n|upkeep\n|turn|6\n|j| stewpeed\n|\n|t:|1731599085\n|switch|p1a: Indeedee|Indeedee-F, L50, F|25\/100 slp\n|-fieldstart|move: Psychic Terrain|[from] ability: Psychic Surge|[of] p1a: Indeedee\n|move|p1b: Hatterene|Protect|p1b: Hatterene\n|-singleturn|p1b: Hatterene|Protect\n|move|p2a: Gholdengo|Make It Rain|p1a: Indeedee|[spread] p1a\n|-activate|p1b: Hatterene|move: Protect\n|-damage|p1a: Indeedee|0 fnt\n|-unboost|p2a: Gholdengo|spa|1\n|faint|p1a: Indeedee\n|-damage|p2a: Gholdengo|39\/100|[from] item: Life Orb\n|move|p2b: Pelipper|Weather Ball|p1b: Hatterene\n|-activate|p1b: Hatterene|move: Protect\n|\n|-weather|RainDance|[upkeep]\n|upkeep\n|\n|t:|1731599088\n|switch|p1a: Torkoal|Torkoal, L50, F|100\/100\n|-weather|SunnyDay|[from] ability: Drought|[of] p1a: Torkoal\n|turn|7\n|\n|t:|1731599104\n|switch|p2b: Incineroar|Incineroar, L50, M|65\/100\n|-ability|p2b: Incineroar|Intimidate|boost\n|-unboost|p1a: Torkoal|atk|1\n|-unboost|p1b: Hatterene|atk|1\n|move|p1b: Hatterene|Protect|p1b: Hatterene\n|-singleturn|p1b: Hatterene|Protect\n|move|p2a: Gholdengo|Make It Rain|p1b: Hatterene|[spread] p1a\n|-activate|p1b: Hatterene|move: Protect\n|-resisted|p1a: Torkoal\n|-damage|p1a: Torkoal|38\/100\n|-unboost|p2a: Gholdengo|spa|1\n|-damage|p2a: Gholdengo|29\/100|[from] item: Life Orb\n|move|p1a: Torkoal|Heat Wave|p2b: Incineroar|[spread] p2a,p2b\n|-supereffective|p2a: Gholdengo\n|-resisted|p2b: Incineroar\n|-damage|p2a: Gholdengo|0 fnt\n|-damage|p2b: Incineroar|40\/100\n|faint|p2a: Gholdengo\n|\n|-weather|SunnyDay|[upkeep]\n|upkeep\n|\n|t:|1731599111\n|switch|p2a: Pelipper|Pelipper, L50, M|1\/100\n|-weather|RainDance|[from] ability: Drizzle|[of] p2a: Pelipper\n|turn|8\n|inactive|Battle timer is ON: inactive players will automatically lose when time's up. (requested by czgogogo)\n|\n|t:|1731599210\n|switch|p1a: Ursaluna|Ursaluna, L50, M|95\/100 brn\n|move|p2a: Pelipper|Weather Ball|p1a: Ursaluna\n|-supereffective|p1a: Ursaluna\n|-damage|p1a: Ursaluna|0 fnt\n|faint|p1a: Ursaluna\n|move|p2b: Incineroar|Knock Off|p1b: Hatterene\n|-damage|p1b: Hatterene|4\/100\n|move|p1b: Hatterene|Dazzling Gleam|p2a: Pelipper|[spread] p2a,p2b\n|-crit|p2a: Pelipper\n|-crit|p2b: Incineroar\n|-damage|p2a: Pelipper|0 fnt\n|-damage|p2b: Incineroar|0 fnt\n|faint|p2a: Pelipper\n|faint|p2b: Incineroar\n|\n|win|czgogogo\n|raw|czgogogo's rating: 1884 &rarr; <strong>1901<\/strong><br \/>(+17 for winning)\n|raw|vgclth chromate's rating: 1836 &rarr; <strong>1819<\/strong><br \/>(-17 for losing)\n|l|\u2606vgclth chromate\n|player|p2|\n|l| VGCLTH ihatebo1\n|l| stewpeed\n","uploadtime":1731599431,"views":197,"formatid":"gen9vgc2024regh","rating":1819,"private":0,"password":null}