{"id":"gen9vgc2024regh-2243199160","format":"[Gen 9] VGC 2024 Reg H","players":["Yung Trav","Proffesor_karrot"],"log":"|j|\u203dYung Trav\n|j|\u2606Proffesor_karrot\n|t:|1731521294\n|gametype|doubles\n|player|p1|Yung Trav|2|1642\n|player|p2|Proffesor_karrot|lady|1686\n|teamsize|p1|6\n|teamsize|p2|6\n|gen|9\n|tier|[Gen 9] VGC 2024 Reg H\n|rated|\n|rule|Species Clause: Limit one of each Pok\u00e9mon\n|rule|Item Clause: Limit 1 of each item\n|clearpoke\n|poke|p1|Murkrow, L50, M|\n|poke|p1|Archaludon, L50, M|\n|poke|p1|Basculegion, L50, M|\n|poke|p1|Garchomp, L50, M|\n|poke|p1|Indeedee, L50, M|\n|poke|p1|Sneasler, L50, M|\n|poke|p2|Hawlucha, L50, F|\n|poke|p2|Indeedee, L50, M|\n|poke|p2|Ursaluna, L50, F|\n|poke|p2|Porygon2, L50|\n|poke|p2|Excadrill, L50, M|\n|poke|p2|Tyranitar, L50, M|\n|teampreview|4\n|inactive|Battle timer is ON: inactive players will automatically lose when time's up. (requested by Proffesor_karrot)\n|inactive|Yung Trav has 60 seconds left.\n|inactive|Proffesor_karrot has 60 seconds left.\n|\n|t:|1731521329\n|start\n|switch|p1a: Sneasler|Sneasler, L50, M, shiny|100\/100\n|switch|p1b: Indeedee|Indeedee, L50, M, shiny|100\/100\n|switch|p2a: Hawlucha|Hawlucha, L50, F|100\/100\n|switch|p2b: Indeedee|Indeedee, L50, M, shiny|100\/100\n|-fieldstart|move: Psychic Terrain|[from] ability: Psychic Surge|[of] p2b: Indeedee\n|-enditem|p1a: Sneasler|Psychic Seed\n|-boost|p1a: Sneasler|spd|1|[from] item: Psychic Seed\n|-enditem|p2a: Hawlucha|Psychic Seed\n|-boost|p2a: Hawlucha|spd|1|[from] item: Psychic Seed\n|turn|1\n|\n|t:|1731521348\n|move|p1a: Sneasler|Throat Chop|p2b: Indeedee\n|-supereffective|p2b: Indeedee\n|-damage|p2b: Indeedee|0 fnt\n|faint|p2b: Indeedee\n|move|p2a: Hawlucha|Close Combat|p1a: Sneasler\n|-resisted|p1a: Sneasler\n|-damage|p1a: Sneasler|54\/100\n|-unboost|p2a: Hawlucha|def|1\n|-unboost|p2a: Hawlucha|spd|1\n|move|p1b: Indeedee|Expanding Force|p2a: Hawlucha\n|-supereffective|p2a: Hawlucha\n|-damage|p2a: Hawlucha|0 fnt\n|faint|p2a: Hawlucha\n|\n|upkeep\n|\n|t:|1731521354\n|switch|p2a: Ursaluna|Ursaluna, L50, F, shiny|100\/100\n|switch|p2b: Porygon2|Porygon2, L50, shiny|100\/100\n|-ability|p2b: Porygon2|Download|boost\n|-boost|p2b: Porygon2|atk|1\n|turn|2\n|inactive|Yung Trav has 30 seconds left.\n|\n|t:|1731521379\n|-terastallize|p2b: Porygon2|Flying\n|move|p1a: Sneasler|Protect|p1a: Sneasler\n|-singleturn|p1a: Sneasler|Protect\n|move|p1b: Indeedee|Imprison|p1b: Indeedee\n|-start|p1b: Indeedee|move: Imprison\n|move|p2a: Ursaluna|Earthquake|p1b: Indeedee|[spread] p1b\n|-activate|p1a: Sneasler|move: Protect\n|-immune|p2b: Porygon2\n|-enditem|p1b: Indeedee|Focus Sash\n|-damage|p1b: Indeedee|1\/100\n|cant|p2b: Porygon2|move: Imprison|Trick Room\n|\n|-status|p2a: Ursaluna|brn|[from] item: Flame Orb\n|upkeep\n|turn|3\n|inactive|Yung Trav has 30 seconds left.\n|\n|t:|1731521407\n|move|p2a: Ursaluna|Protect|p2a: Ursaluna\n|-singleturn|p2a: Ursaluna|Protect\n|move|p1a: Sneasler|Close Combat|p2a: Ursaluna\n|-activate|p2a: Ursaluna|move: Protect\n|move|p1b: Indeedee|Expanding Force|p2a: Ursaluna|[spread] p2b\n|-activate|p2a: Ursaluna|move: Protect\n|-damage|p2b: Porygon2|77\/100\n|move|p2b: Porygon2|Ice Beam|p1b: Indeedee\n|-damage|p1b: Indeedee|0 fnt\n|faint|p1b: Indeedee\n|\n|-damage|p2a: Ursaluna|95\/100 brn|[from] brn\n|upkeep\n|inactive|Yung Trav has 30 seconds left.\n|\n|t:|1731521439\n|switch|p1b: Murkrow|Murkrow, L50, M, shiny|100\/100\n|turn|4\n|\n|t:|1731521450\n|move|p2a: Ursaluna|Protect||[still]\n|-fail|p2a: Ursaluna\n|move|p1a: Sneasler|Close Combat|p2a: Ursaluna\n|-supereffective|p2a: Ursaluna\n|-damage|p2a: Ursaluna|3\/100 brn\n|-unboost|p1a: Sneasler|def|1\n|-unboost|p1a: Sneasler|spd|1\n|move|p1b: Murkrow|Foul Play|p2a: Ursaluna\n|-crit|p2a: Ursaluna\n|-damage|p2a: Ursaluna|0 fnt\n|faint|p2a: Ursaluna\n|move|p2b: Porygon2|Trick Room|p2b: Porygon2\n|-fieldstart|move: Trick Room|[of] p2b: Porygon2\n|\n|upkeep\n|turn|5\n|inactive|Yung Trav has 30 seconds left.\n|\n|t:|1731521481\n|move|p1b: Murkrow|Haze|p1b: Murkrow\n|-clearallboost\n|move|p2b: Porygon2|Tera Blast|p1a: Sneasler|[anim] Tera Blast Flying\n|-supereffective|p1a: Sneasler\n|-damage|p1a: Sneasler|0 fnt\n|faint|p1a: Sneasler\n|\n|-fieldend|move: Psychic Terrain\n|upkeep\n|\n|t:|1731521490\n|switch|p1a: Garchomp|Garchomp, L50, M, shiny|100\/100\n|turn|6\n|j| Curlyfry9\n|\n|t:|1731521505\n|move|p1a: Garchomp|Protect|p1a: Garchomp\n|-singleturn|p1a: Garchomp|Protect\n|move|p2b: Porygon2|Ice Beam|p1b: Murkrow\n|-supereffective|p1b: Murkrow\n|-damage|p1b: Murkrow|54\/100\n|move|p1b: Murkrow|Foul Play|p2b: Porygon2\n|-damage|p2b: Porygon2|58\/100\n|\n|upkeep\n|turn|7\n|l| Curlyfry9\n|\n|t:|1731521522\n|-terastallize|p1a: Garchomp|Ground\n|move|p2b: Porygon2|Recover|p2b: Porygon2\n|-heal|p2b: Porygon2|100\/100\n|move|p1b: Murkrow|Foul Play|p2b: Porygon2\n|-damage|p2b: Porygon2|81\/100\n|move|p1a: Garchomp|Dragon Claw|p2b: Porygon2\n|-damage|p2b: Porygon2|42\/100\n|-damage|p1a: Garchomp|91\/100|[from] item: Life Orb\n|\n|upkeep\n|turn|8\n|inactive|Yung Trav has 30 seconds left.\n|\n|t:|1731521550\n|move|p2b: Porygon2|Ice Beam|p1a: Garchomp\n|-supereffective|p1a: Garchomp\n|-damage|p1a: Garchomp|46\/100\n|move|p1b: Murkrow|Foul Play|p2b: Porygon2\n|-damage|p2b: Porygon2|24\/100\n|move|p1a: Garchomp|Dragon Claw|p2b: Porygon2\n|-damage|p2b: Porygon2|0 fnt\n|faint|p2b: Porygon2\n|-damage|p1a: Garchomp|36\/100|[from] item: Life Orb\n|\n|win|Yung Trav\n|raw|Yung Trav's rating: 1642 &rarr; <strong>1665<\/strong><br \/>(+23 for winning)\n|raw|Proffesor_karrot's rating: 1686 &rarr; <strong>1663<\/strong><br \/>(-23 for losing)\n|l|\u2606Proffesor_karrot\n|player|p2|\n|l|\u203dYung Trav\n|player|p1|\n","uploadtime":1731521786,"views":26,"formatid":"gen9vgc2024regh","rating":1663,"private":0,"password":null}