{"id":"gen9vgc2024regh-2243716634","format":"[Gen 9] VGC 2024 Reg H","players":["VGCLTH Thacrow","ilmeeze"],"log":"|raw|<div class=\"broadcast-blue\"><strong>This battle is required to be public due to a player having a name starting with 'vgclth'.<\/div>\n|j|\u2606VGCLTH Thacrow\n|j|\u203dilmeeze\n|t:|1731591741\n|gametype|doubles\n|player|p1|VGCLTH Thacrow|wallace-masters|1838\n|player|p2|ilmeeze|pokefan-gen4|1779\n|teamsize|p1|6\n|teamsize|p2|6\n|gen|9\n|tier|[Gen 9] VGC 2024 Reg H\n|rated|\n|rule|Species Clause: Limit one of each Pok\u00e9mon\n|rule|Item Clause: Limit 1 of each item\n|clearpoke\n|poke|p1|Ceruledge, L50, F|\n|poke|p1|Gastrodon-East, L50, M|\n|poke|p1|Sneasler, L50, F|\n|poke|p1|Dragonite, L50, F|\n|poke|p1|Rillaboom, L50, M|\n|poke|p1|Kingambit, L50, M|\n|poke|p2|Primarina, L50, F|\n|poke|p2|Farigiraf, L50, M|\n|poke|p2|Ursaluna-Bloodmoon, L50, M|\n|poke|p2|Tauros-Paldea-Blaze, L50, M|\n|poke|p2|Meowscarada, L50, M|\n|poke|p2|Magmar, L50, F|\n|teampreview|4\nVGCLTH Thacrow has agreed to open team sheets.\n|inactive|Battle timer is ON: inactive players will automatically lose when time's up. (requested by ilmeeze)\n|\n|t:|1731591772\n|start\n|switch|p1a: Kidturtle|Sneasler, L50, F, shiny|100\/100\n|switch|p1b: Godlyreal|Kingambit, L50, M|100\/100\n|switch|p2a: Primarina|Primarina, L50, F|100\/100\n|switch|p2b: Meowscarada|Meowscarada, L50, M|100\/100\n|turn|1\n|inactive|ilmeeze has 30 seconds left.\n|inactive|ilmeeze has 20 seconds left.\n|\n|t:|1731591808\n|-terastallize|p1b: Godlyreal|Flying\n|move|p2a: Primarina|Protect|p2a: Primarina\n|-singleturn|p2a: Primarina|Protect\n|move|p1a: Kidturtle|Fake Out|p2a: Primarina\n|-activate|p2a: Primarina|move: Protect\n|move|p2b: Meowscarada|Knock Off|p1b: Godlyreal\n|-damage|p1b: Godlyreal|68\/100\n|-enditem|p1b: Godlyreal|Assault Vest|[from] move: Knock Off|[of] p2b: Meowscarada\n|move|p1b: Godlyreal|Tera Blast|p2b: Meowscarada|[anim] Tera Blast Flying\n|-supereffective|p2b: Meowscarada\n|-enditem|p2b: Meowscarada|Focus Sash\n|-damage|p2b: Meowscarada|1\/100\n|\n|upkeep\n|turn|2\n|inactive|ilmeeze has 30 seconds left.\n|inactive|ilmeeze has 20 seconds left.\n|inactive|ilmeeze has 15 seconds left.\n|\n|t:|1731591848\n|switch|p2a: Farigiraf|Farigiraf, L50, M|100\/100\n|move|p1b: Godlyreal|Sucker Punch||[still]\n|cant|p2a: Farigiraf|ability: Armor Tail|Sucker Punch|[of] p1b: Godlyreal\n|move|p2b: Meowscarada|Flower Trick|p1a: Kidturtle\n|-resisted|p1a: Kidturtle\n|-crit|p1a: Kidturtle\n|-damage|p1a: Kidturtle|40\/100\n|move|p1a: Kidturtle|Dire Claw|p2a: Farigiraf\n|-damage|p2a: Farigiraf|69\/100\n|\n|upkeep\n|turn|3\n|\n|t:|1731591871\n|switch|p1a: AdlrichYan|Rillaboom, L50, M|100\/100\n|-fieldstart|move: Grassy Terrain|[from] ability: Grassy Surge|[of] p1a: AdlrichYan\n|switch|p2a: Primarina|Primarina, L50, F|100\/100\n|move|p2b: Meowscarada|Flower Trick|p1a: AdlrichYan\n|-resisted|p1a: AdlrichYan\n|-crit|p1a: AdlrichYan\n|-damage|p1a: AdlrichYan|51\/100\n|move|p1b: Godlyreal|Kowtow Cleave|p2a: Primarina\n|-resisted|p2a: Primarina\n|-damage|p2a: Primarina|69\/100\n|\n|-heal|p2b: Meowscarada|7\/100|[from] Grassy Terrain\n|-heal|p1a: AdlrichYan|57\/100|[from] Grassy Terrain\n|-heal|p2a: Primarina|75\/100|[from] Grassy Terrain\n|upkeep\n|turn|4\n|\n|t:|1731591895\n|move|p2b: Meowscarada|Grass Pledge|p1b: Godlyreal\n|-waiting|p2b: Meowscarada|p2a: Primarina\n|move|p2a: Primarina|Water Pledge|p1b: Godlyreal|[from]move: Grass Pledge\n|-combine\n|-resisted|p1b: Godlyreal\n|-damage|p1b: Godlyreal|0 fnt\n|-sidestart|p1: VGCLTH Thacrow|Grass Pledge\n|faint|p1b: Godlyreal\n|-damage|p2a: Primarina|66\/100|[from] item: Life Orb\n|move|p1a: AdlrichYan|Wood Hammer|p2a: Primarina\n|-supereffective|p2a: Primarina\n|-crit|p2a: Primarina\n|-damage|p2a: Primarina|0 fnt\n|faint|p2a: Primarina\n|-damage|p1a: AdlrichYan|36\/100|[from] Recoil\n|\n|-heal|p2b: Meowscarada|13\/100|[from] Grassy Terrain\n|-heal|p1a: AdlrichYan|42\/100|[from] Grassy Terrain\n|upkeep\n|j| Aldrich\n|j| vgclth souly\n|\n|t:|1731591909\n|switch|p2a: Ursaluna|Ursaluna-Bloodmoon, L50, M|100\/100\n|switch|p1b: Kidturtle|Sneasler, L50, F, shiny|40\/100\n|turn|5\n|-message|VGCLTH Thacrow forfeited.\n|\n|win|ilmeeze\n|raw|VGCLTH Thacrow's rating: 1838 &rarr; <strong>1815<\/strong><br \/>(-23 for losing)\n|raw|ilmeeze's rating: 1779 &rarr; <strong>1802<\/strong><br \/>(+23 for winning)\n|l|\u2606VGCLTH Thacrow\n|player|p1|\n|l|\u203dilmeeze\n|player|p2|\n|j| VGCLTH Rishi\n|l| VGCLTH Rishi\n|j| VGCLTH Rishi\n|l| vgclth souly\n|j| mishtakesandflakes\n|l| mishtakesandflakes\n|l| Aldrich\n|l| VGCLTH Rishi\n","uploadtime":1731592110,"views":25,"formatid":"gen9vgc2024regh","rating":1802,"private":0,"password":null}