{"id":"gen9vgc2024regh-2243728023","format":"[Gen 9] VGC 2024 Reg H","players":["VGCLTH Thacrow","redgannetVGC"],"log":"|raw|<div class=\"broadcast-blue\"><strong>This battle is required to be public due to a player having a name starting with 'vgclth'.<\/div>\n|j|\u2606VGCLTH Thacrow\n|j|\u2606redgannetVGC\n|t:|1731593050\n|gametype|doubles\n|player|p1|VGCLTH Thacrow|wallace-masters|1849\n|player|p2|redgannetVGC|265|1746\n|teamsize|p1|6\n|teamsize|p2|6\n|gen|9\n|tier|[Gen 9] VGC 2024 Reg H\n|rated|\n|rule|Species Clause: Limit one of each Pok\u00e9mon\n|rule|Item Clause: Limit 1 of each item\n|clearpoke\n|poke|p1|Ceruledge, L50, F|\n|poke|p1|Gastrodon-East, L50, M|\n|poke|p1|Sneasler, L50, F|\n|poke|p1|Dragonite, L50, M|\n|poke|p1|Rillaboom, L50, M|\n|poke|p1|Kingambit, L50, M|\n|poke|p2|Ninetales-Alola, L50, F|\n|poke|p2|Dragonite, L50, F|\n|poke|p2|Gholdengo, L50|\n|poke|p2|Magmar, L50, M|\n|poke|p2|Ursaluna-Bloodmoon, L50, M|\n|poke|p2|Kommo-o, L50, F|\n|teampreview|4\n|inactive|Battle timer is ON: inactive players will automatically lose when time's up. (requested by redgannetVGC)\nVGCLTH Thacrow has agreed to open team sheets.\n|inactive|redgannetVGC has 60 seconds left.\n|j| vgclth souly\n|\n|t:|1731593097\n|start\n|switch|p1a: Kidturtle|Sneasler, L50, F, shiny|100\/100\n|switch|p1b: Main Flutter|Dragonite, L50, M, shiny|100\/100\n|switch|p2a: Ursaluna|Ursaluna-Bloodmoon, L50, M|100\/100\n|switch|p2b: Magmar|Magmar, L50, M|100\/100\n|turn|1\n|\n|t:|1731593106\n|move|p2b: Magmar|Follow Me|p2b: Magmar\n|-singleturn|p2b: Magmar|move: Follow Me\n|move|p1a: Kidturtle|Close Combat|p2b: Magmar\n|-damage|p2b: Magmar|55\/100\n|-unboost|p1a: Kidturtle|def|1\n|-unboost|p1a: Kidturtle|spd|1\n|-status|p1a: Kidturtle|brn|[from] ability: Flame Body|[of] p2b: Magmar\n|move|p1b: Main Flutter|Scale Shot|p2b: Magmar\n|-damage|p2b: Magmar|44\/100\n|-damage|p2b: Magmar|33\/100\n|-damage|p2b: Magmar|22\/100\n|-damage|p2b: Magmar|11\/100\n|-hitcount|p2b: Magmar|4\n|-unboost|p1b: Main Flutter|def|1\n|-boost|p1b: Main Flutter|spe|1\n|move|p2a: Ursaluna|Hyper Voice|p1b: Main Flutter|[spread] p1a,p1b\n|-damage|p1a: Kidturtle|21\/100 brn\n|-damage|p1b: Main Flutter|83\/100\n|\n|-damage|p1a: Kidturtle|15\/100 brn|[from] brn\n|upkeep\n|turn|2\n|inactive|redgannetVGC has 30 seconds left.\n|\n|t:|1731593134\n|move|p1b: Main Flutter|Protect|p1b: Main Flutter\n|-singleturn|p1b: Main Flutter|Protect\n|move|p2b: Magmar|Protect|p2b: Magmar\n|-singleturn|p2b: Magmar|Protect\n|move|p1a: Kidturtle|Close Combat|p2a: Ursaluna\n|-supereffective|p2a: Ursaluna\n|-damage|p2a: Ursaluna|51\/100\n|-unboost|p1a: Kidturtle|def|1\n|-unboost|p1a: Kidturtle|spd|1\n|move|p2a: Ursaluna|Blood Moon|p1b: Main Flutter\n|-activate|p1b: Main Flutter|move: Protect\n|\n|-damage|p1a: Kidturtle|10\/100 brn|[from] brn\n|upkeep\n|turn|3\n|j| Winieska Rambulera\n|j| VGCLTH MINAMISIMP\n|\n|t:|1731593153\n|switch|p2b: Ninetales|Ninetales-Alola, L50, F|100\/100\n|-weather|Snow|[from] ability: Snow Warning|[of] p2b: Ninetales\n|move|p2a: Ursaluna|Vacuum Wave|p1a: Kidturtle\n|-resisted|p1a: Kidturtle\n|-damage|p1a: Kidturtle|0 fnt\n|faint|p1a: Kidturtle\n|move|p1b: Main Flutter|Scale Shot|p2b: Ninetales\n|-immune|p2b: Ninetales\n|\n|-weather|Snow|[upkeep]\n|upkeep\n|\n|t:|1731593159\n|switch|p1a: Christian|Ceruledge, L50, F|100\/100\n|turn|4\n|\n|t:|1731593175\n|-terastallize|p1b: Main Flutter|Fairy\n|move|p1b: Main Flutter|Low Kick|p2a: Ursaluna\n|-supereffective|p2a: Ursaluna\n|-damage|p2a: Ursaluna|0 fnt\n|faint|p2a: Ursaluna\n|move|p2b: Ninetales|Aurora Veil|p2b: Ninetales\n|-sidestart|p2: redgannetVGC|move: Aurora Veil\n|move|p1a: Christian|Bitter Blade|p2b: Ninetales\n|-supereffective|p2b: Ninetales\n|-damage|p2b: Ninetales|36\/100\n|\n|-weather|Snow|[upkeep]\n|upkeep\n|\n|t:|1731593189\n|switch|p2a: Magmar|Magmar, L50, M|11\/100\n|turn|5\n|\n|t:|1731593197\n|move|p2a: Magmar|Protect|p2a: Magmar\n|-singleturn|p2a: Magmar|Protect\n|move|p1b: Main Flutter|Scale Shot|p2a: Magmar\n|-activate|p2a: Magmar|move: Protect\n|move|p2b: Ninetales|Icy Wind|p1a: Christian|[spread] p1a,p1b\n|-resisted|p1a: Christian\n|-damage|p1a: Christian|94\/100\n|-damage|p1b: Main Flutter|70\/100\n|-unboost|p1a: Christian|spe|1\n|-unboost|p1b: Main Flutter|spe|1\n|move|p1a: Christian|Bitter Blade|p2b: Ninetales\n|-supereffective|p2b: Ninetales\n|-damage|p2b: Ninetales|0 fnt\n|-heal|p1a: Christian|100\/100|[from] drain|[of] p2b: Ninetales\n|faint|p2b: Ninetales\n|\n|-weather|Snow|[upkeep]\n|upkeep\n|\n|t:|1731593210\n|switch|p2b: Kommo-o|Kommo-o, L50, F|100\/100\n|turn|6\n|\n|t:|1731593227\n|-terastallize|p2b: Kommo-o|Fire\n|move|p2b: Kommo-o|Clangorous Soul|p2b: Kommo-o\n|-boost|p2b: Kommo-o|atk|1\n|-boost|p2b: Kommo-o|def|1\n|-boost|p2b: Kommo-o|spa|1\n|-boost|p2b: Kommo-o|spd|1\n|-boost|p2b: Kommo-o|spe|1\n|-damage|p2b: Kommo-o|68\/100\n|move|p1b: Main Flutter|Scale Shot|p2b: Kommo-o|[miss]\n|-miss|p1b: Main Flutter|p2b: Kommo-o\n|move|p2a: Magmar|Overheat|p1b: Main Flutter\n|-damage|p1b: Main Flutter|23\/100\n|-unboost|p2a: Magmar|spa|2\n|move|p1a: Christian|Bitter Blade|p2a: Magmar\n|-resisted|p2a: Magmar\n|-damage|p2a: Magmar|0 fnt\n|faint|p2a: Magmar\n|\n|-weather|Snow|[upkeep]\n|-heal|p2b: Kommo-o|74\/100|[from] item: Leftovers\n|upkeep\n|turn|7\n|\n|t:|1731593249\n|move|p1b: Main Flutter|Protect|p1b: Main Flutter\n|-singleturn|p1b: Main Flutter|Protect\n|move|p2b: Kommo-o|Flamethrower|p1b: Main Flutter\n|-activate|p1b: Main Flutter|move: Protect\n|move|p1a: Christian|Bitter Blade|p2b: Kommo-o\n|-resisted|p2b: Kommo-o\n|-damage|p2b: Kommo-o|64\/100\n|\n|-weather|none\n|-heal|p2b: Kommo-o|70\/100|[from] item: Leftovers\n|upkeep\n|turn|8\n|\n|t:|1731593260\n|move|p1b: Main Flutter|Extreme Speed|p2b: Kommo-o\n|-damage|p2b: Kommo-o|57\/100\n|move|p2b: Kommo-o|Flamethrower|p1b: Main Flutter\n|-damage|p1b: Main Flutter|0 fnt\n|faint|p1b: Main Flutter\n|move|p1a: Christian|Bitter Blade|p2b: Kommo-o\n|-resisted|p2b: Kommo-o\n|-damage|p2b: Kommo-o|47\/100\n|\n|-heal|p2b: Kommo-o|52\/100|[from] item: Leftovers\n|upkeep\n|\n|t:|1731593262\n|switch|p1b: Godlyreal|Kingambit, L50, M|100\/100\n|turn|9\n|\n|t:|1731593279\n|move|p1b: Godlyreal|Sucker Punch|p2b: Kommo-o\n|-damage|p2b: Kommo-o|35\/100\n|move|p2b: Kommo-o|Flamethrower|p1b: Godlyreal\n|-supereffective|p1b: Godlyreal\n|-damage|p1b: Godlyreal|16\/100\n|-status|p1b: Godlyreal|brn\n|move|p1a: Christian|Bitter Blade|p2b: Kommo-o\n|-resisted|p2b: Kommo-o\n|-damage|p2b: Kommo-o|24\/100\n|\n|-heal|p2b: Kommo-o|29\/100|[from] item: Leftovers\n|-damage|p1b: Godlyreal|10\/100 brn|[from] brn\n|upkeep\n|turn|10\n|\n|t:|1731593291\n|move|p2b: Kommo-o|Protect|p2b: Kommo-o\n|-singleturn|p2b: Kommo-o|Protect\n|move|p1b: Godlyreal|Sucker Punch||[still]\n|-fail|p1b: Godlyreal\n|move|p1a: Christian|Bitter Blade|p2b: Kommo-o\n|-activate|p2b: Kommo-o|move: Protect\n|\n|-heal|p2b: Kommo-o|35\/100|[from] item: Leftovers\n|-damage|p1b: Godlyreal|4\/100 brn|[from] brn\n|upkeep\n|turn|11\n|l| VGCLTH MINAMISIMP\n|\n|t:|1731593305\n|move|p1b: Godlyreal|Sucker Punch|p2b: Kommo-o\n|-damage|p2b: Kommo-o|26\/100\n|move|p2b: Kommo-o|Clanging Scales|p1a: Christian|[spread] p1a,p1b\n|-resisted|p1b: Godlyreal\n|-damage|p1a: Christian|39\/100\n|-damage|p1b: Godlyreal|0 fnt\n|faint|p1b: Godlyreal\n|-unboost|p2b: Kommo-o|def|1\n|move|p1a: Christian|Bitter Blade|p2b: Kommo-o\n|-resisted|p2b: Kommo-o\n|-damage|p2b: Kommo-o|10\/100\n|-heal|p1a: Christian|46\/100|[from] drain|[of] p2b: Kommo-o\n|\n|-heal|p2b: Kommo-o|16\/100|[from] item: Leftovers\n|-heal|p1a: Christian|52\/100|[from] item: Leftovers\n|-sideend|p2: redgannetVGC|move: Aurora Veil\n|upkeep\n|turn|12\n|\n|t:|1731593317\n|move|p2b: Kommo-o|Protect|p2b: Kommo-o\n|-singleturn|p2b: Kommo-o|Protect\n|move|p1a: Christian|Bulk Up|p1a: Christian\n|-boost|p1a: Christian|atk|1\n|-boost|p1a: Christian|def|1\n|\n|-heal|p2b: Kommo-o|22\/100|[from] item: Leftovers\n|-heal|p1a: Christian|59\/100|[from] item: Leftovers\n|upkeep\n|turn|13\n|\n|t:|1731593320\n|move|p1a: Christian|Shadow Sneak|p2b: Kommo-o\n|-damage|p2b: Kommo-o|0 fnt\n|faint|p2b: Kommo-o\n|\n|win|VGCLTH Thacrow\n|raw|VGCLTH Thacrow's rating: 1849 &rarr; <strong>1863<\/strong><br \/>(+14 for winning)\n|raw|redgannetVGC's rating: 1746 &rarr; <strong>1732<\/strong><br \/>(-14 for losing)\n|l|\u2606redgannetVGC\n|player|p2|\n|l| vgclth souly\n|l|\u2606VGCLTH Thacrow\n|player|p1|\n","uploadtime":1731593491,"views":36,"formatid":"gen9vgc2024regh","rating":1732,"private":0,"password":null}