{"id":"gen9vgc2024regh-2243889420","format":"[Gen 9] VGC 2024 Reg H","players":["VGCLTH MINAMISIMP","vgclth chromate"],"log":"|raw|<div class=\"broadcast-blue\"><strong>This battle is required to be public due to a player having a name starting with 'vgclth'.<\/div>\n|j|\u2606VGCLTH MINAMISIMP\n|j|\u2606vgclth chromate\n|t:|1731608876\n|gametype|doubles\n|player|p1|VGCLTH MINAMISIMP|miku-water|1826\n|player|p2|vgclth chromate|allister|1842\n|teamsize|p1|6\n|teamsize|p2|6\n|gen|9\n|tier|[Gen 9] VGC 2024 Reg H\n|rated|\n|rule|Species Clause: Limit one of each Pok\u00e9mon\n|rule|Item Clause: Limit 1 of each item\n|clearpoke\n|poke|p1|Archaludon, L50, M|\n|poke|p1|Pelipper, L50, F|\n|poke|p1|Electabuzz, L50, F|\n|poke|p1|Kingambit, L50, M|\n|poke|p1|Rillaboom, L50, F|\n|poke|p1|Basculegion, L50, M|\n|poke|p2|Archaludon, L50, F|\n|poke|p2|Pelipper, L50, M|\n|poke|p2|Basculegion, L50, M|\n|poke|p2|Gholdengo, L50|\n|poke|p2|Incineroar, L50, M|\n|poke|p2|Amoonguss, L50, M|\n|teampreview|4\n|inactive|Battle timer is ON: inactive players will automatically lose when time's up. (requested by VGCLTH MINAMISIMP)\n|\n|t:|1731608893\n|start\n|switch|p1a: Pelipper|Pelipper, L50, F|100\/100\n|switch|p1b: Basculegion|Basculegion, L50, M|100\/100\n|switch|p2a: Basculegion|Basculegion, L50, M|100\/100\n|switch|p2b: Pelipper|Pelipper, L50, M|100\/100\n|-weather|RainDance|[from] ability: Drizzle|[of] p2b: Pelipper\n|turn|1\n|\n|t:|1731608907\n|-terastallize|p2a: Basculegion|Water\n|move|p1a: Pelipper|Protect|p1a: Pelipper\n|-singleturn|p1a: Pelipper|Protect\n|move|p1b: Basculegion|Flip Turn|p2b: Pelipper\n|-resisted|p2b: Pelipper\n|-damage|p2b: Pelipper|57\/100\n|\n|t:|1731608912\n|switch|p1b: Archaludon|Archaludon, L50, M|100\/100|[from] Flip Turn\n|move|p2a: Basculegion|Wave Crash|p1b: Archaludon\n|-resisted|p1b: Archaludon\n|-crit|p1b: Archaludon\n|-damage|p1b: Archaludon|35\/100\n|-ability|p1b: Archaludon|Stamina|boost\n|-boost|p1b: Archaludon|def|1\n|-damage|p2a: Basculegion|79\/100|[from] Recoil\n|move|p2b: Pelipper|Tailwind|p2b: Pelipper\n|-sidestart|p2: vgclth chromate|move: Tailwind\n|\n|-weather|RainDance|[upkeep]\n|-heal|p1b: Archaludon|41\/100|[from] item: Leftovers\n|upkeep\n|turn|2\n|\n|t:|1731608928\n|move|p1b: Archaludon|Protect|p1b: Archaludon\n|-singleturn|p1b: Archaludon|Protect\n|move|p2a: Basculegion|Wave Crash|p1a: Pelipper\n|-resisted|p1a: Pelipper\n|-damage|p1a: Pelipper|14\/100\n|-damage|p2a: Basculegion|59\/100|[from] Recoil\n|move|p2b: Pelipper|Hurricane|p1a: Pelipper\n|-damage|p1a: Pelipper|0 fnt\n|faint|p1a: Pelipper\n|\n|-weather|RainDance|[upkeep]\n|-heal|p1b: Archaludon|47\/100|[from] item: Leftovers\n|upkeep\n|\n|t:|1731608939\n|switch|p1a: Electabuzz|Electabuzz, L50, F|100\/100\n|turn|3\n|\n|t:|1731608955\n|move|p1a: Electabuzz|Protect|p1a: Electabuzz\n|-singleturn|p1a: Electabuzz|Protect\n|move|p2a: Basculegion|Wave Crash|p1b: Archaludon\n|-resisted|p1b: Archaludon\n|-damage|p1b: Archaludon|17\/100\n|-ability|p1b: Archaludon|Stamina|boost\n|-boost|p1b: Archaludon|def|1\n|-damage|p2a: Basculegion|49\/100|[from] Recoil\n|move|p2b: Pelipper|Weather Ball|p1b: Archaludon\n|-resisted|p1b: Archaludon\n|-damage|p1b: Archaludon|0 fnt\n|faint|p1b: Archaludon\n|\n|-weather|RainDance|[upkeep]\n|upkeep\n|\n|t:|1731608966\n|switch|p1b: Basculegion|Basculegion, L50, M|100\/100\n|turn|4\n|j| VGCLTH Rishi\n|\n|t:|1731608977\n|move|p2a: Basculegion|Wave Crash|p1a: Electabuzz\n|-damage|p1a: Electabuzz|0 fnt\n|faint|p1a: Electabuzz\n|-damage|p2a: Basculegion|20\/100|[from] Recoil\n|move|p2b: Pelipper|Hurricane|p1b: Basculegion\n|-damage|p1b: Basculegion|45\/100\n|move|p1b: Basculegion|Last Respects|p2a: Basculegion\n|-damage|p2a: Basculegion|0 fnt\n|faint|p2a: Basculegion\n|\n|-weather|RainDance|[upkeep]\n|-sideend|p2: vgclth chromate|move: Tailwind\n|upkeep\n|\n|t:|1731608980\n|switch|p2a: Amoonguss|Amoonguss, L50, M|100\/100\n|turn|5\n|c|\u2606VGCLTH MINAMISIMP|rip that crit lost me the game unfort\n|-message|VGCLTH MINAMISIMP forfeited.\n|\n|win|vgclth chromate\n|raw|VGCLTH MINAMISIMP's rating: 1826 &rarr; <strong>1807<\/strong><br \/>(-19 for losing)\n|raw|vgclth chromate's rating: 1842 &rarr; <strong>1861<\/strong><br \/>(+19 for winning)\n|l|\u2606VGCLTH MINAMISIMP\n|player|p1|\n|l|\u2606vgclth chromate\n|player|p2|\n|l| VGCLTH Rishi\n|j|\u2606vgclth chromate\n|player|p2|vgclth chromate|allister|\n","uploadtime":1731609169,"views":53,"formatid":"gen9vgc2024regh","rating":1807,"private":0,"password":null}