{"id":"gen9vgc2024regh-2243875933","format":"[Gen 9] VGC 2024 Reg H","players":["ray4gej","VGCLTH MINAMISIMP"],"log":"|raw|<div class=\"broadcast-blue\"><strong>This battle is required to be public due to a player having a name starting with 'vgclth'.<\/div>\n|j|\u2606ray4gej\n|j|\u2606VGCLTH MINAMISIMP\n|t:|1731607609\n|gametype|doubles\n|player|p1|ray4gej|266|1750\n|player|p2|VGCLTH MINAMISIMP|miku-water|1850\n|teamsize|p1|6\n|teamsize|p2|6\n|gen|9\n|tier|[Gen 9] VGC 2024 Reg H\n|rated|\n|rule|Species Clause: Limit one of each Pok\u00e9mon\n|rule|Item Clause: Limit 1 of each item\n|clearpoke\n|poke|p1|Dondozo, L50, F|\n|poke|p1|Tatsugiri, L50, F|\n|poke|p1|Sneasler, L50, F|\n|poke|p1|Flamigo, L50, F|\n|poke|p1|Amoonguss, L50, F|\n|poke|p1|Gholdengo, L50|\n|poke|p2|Archaludon, L50, F|\n|poke|p2|Pelipper, L50, M|\n|poke|p2|Electabuzz, L50, F|\n|poke|p2|Kingambit, L50, M|\n|poke|p2|Rillaboom, L50, M|\n|poke|p2|Basculegion, L50, M|\n|teampreview|4\n|inactive|Battle timer is ON: inactive players will automatically lose when time's up. (requested by VGCLTH MINAMISIMP)\n|\n|t:|1731607639\n|start\n|switch|p1a: Tatsugiri|Tatsugiri, L50, F|100\/100\n|switch|p1b: Flamigo|Flamigo, L50, F|100\/100\n|switch|p2a: Pelipper|Pelipper, L50, M|100\/100\n|switch|p2b: Basculegion|Basculegion, L50, M|100\/100\n|-weather|RainDance|[from] ability: Drizzle|[of] p2a: Pelipper\n|turn|1\n|\n|t:|1731607653\n|move|p2b: Basculegion|Flip Turn|p1b: Flamigo\n|-damage|p1b: Flamigo|8\/100\n|\n|t:|1731607658\n|switch|p2b: Archaludon|Archaludon, L50, F|100\/100|[from] Flip Turn\n|move|p1a: Tatsugiri|Draco Meteor|p2a: Pelipper\n|-enditem|p2a: Pelipper|Focus Sash\n|-damage|p2a: Pelipper|1\/100\n|-unboost|p1a: Tatsugiri|spa|2\n|move|p1b: Flamigo|Close Combat|p2a: Pelipper\n|-resisted|p2a: Pelipper\n|-damage|p2a: Pelipper|0 fnt\n|-unboost|p1b: Flamigo|def|1\n|-unboost|p1b: Flamigo|spd|1\n|faint|p2a: Pelipper\n|\n|-weather|RainDance|[upkeep]\n|upkeep\n|\n|t:|1731607667\n|switch|p2a: Basculegion|Basculegion, L50, M|100\/100\n|turn|2\n|\n|t:|1731607687\n|switch|p1a: Sneasler|Sneasler, L50, F|100\/100\n|move|p1b: Flamigo|Protect|p1b: Flamigo\n|-singleturn|p1b: Flamigo|Protect\n|move|p2a: Basculegion|Flip Turn|p1b: Flamigo\n|-activate|p1b: Flamigo|move: Protect\n|move|p2b: Archaludon|Electro Shot||[still]\n|-prepare|p2b: Archaludon|Electro Shot\n|-boost|p2b: Archaludon|spa|1\n|-anim|p2b: Archaludon|Electro Shot|p1b: Flamigo\n|-activate|p1b: Flamigo|move: Protect\n|\n|-weather|RainDance|[upkeep]\n|upkeep\n|turn|3\n|inactive|ray4gej has 30 seconds left.\n|\n|t:|1731607714\n|-terastallize|p2b: Archaludon|Fairy\n|move|p2a: Basculegion|Flip Turn|p1a: Sneasler\n|-damage|p1a: Sneasler|0 fnt\n|faint|p1a: Sneasler\n|\n|t:|1731607717\n|switch|p2a: Rillaboom|Rillaboom, L50, M|100\/100|[from] Flip Turn\n|-fieldstart|move: Grassy Terrain|[from] ability: Grassy Surge|[of] p2a: Rillaboom\n|move|p1b: Flamigo|Tailwind|p1b: Flamigo\n|-sidestart|p1: ray4gej|move: Tailwind\n|move|p2b: Archaludon|Electro Shot||[still]\n|-prepare|p2b: Archaludon|Electro Shot\n|-boost|p2b: Archaludon|spa|1\n|-anim|p2b: Archaludon|Electro Shot|p1b: Flamigo\n|-supereffective|p1b: Flamigo\n|-damage|p1b: Flamigo|0 fnt\n|faint|p1b: Flamigo\n|\n|-weather|RainDance|[upkeep]\n|upkeep\n|\n|t:|1731607725\n|switch|p1a: Tatsugiri|Tatsugiri, L50, F|100\/100\n|switch|p1b: Dondozo|Dondozo, L50, F, shiny|100\/100\n|-activate|p1a: Tatsugiri|ability: Commander|[of] p1b: Dondozo\n|-boost|p1b: Dondozo|atk|2\n|-boost|p1b: Dondozo|spa|2\n|-boost|p1b: Dondozo|spe|2\n|-boost|p1b: Dondozo|def|2\n|-boost|p1b: Dondozo|spd|2\n|turn|4\n|\n|t:|1731607741\n|switch|p2a: Basculegion|Basculegion, L50, M|100\/100\n|-terastallize|p1b: Dondozo|Poison\n|move|p1b: Dondozo|Wave Crash|p2b: Archaludon\n|-damage|p2b: Archaludon|0 fnt\n|faint|p2b: Archaludon\n|-damage|p1b: Dondozo|74\/100|[from] Recoil\n|\n|-weather|RainDance|[upkeep]\n|-heal|p1b: Dondozo|81\/100|[from] Grassy Terrain\n|upkeep\n|\n|t:|1731607746\n|switch|p2b: Rillaboom|Rillaboom, L50, M|100\/100\n|turn|5\n|\n|t:|1731607756\n|move|p1b: Dondozo|Protect|p1b: Dondozo\n|-singleturn|p1b: Dondozo|Protect\n|move|p2b: Rillaboom|Fake Out|p1b: Dondozo\n|-activate|p1b: Dondozo|move: Protect\n|move|p2a: Basculegion|Last Respects|p1b: Dondozo\n|-activate|p1b: Dondozo|move: Protect\n|\n|-weather|none\n|-heal|p1b: Dondozo|87\/100|[from] Grassy Terrain\n|upkeep\n|turn|6\n|\n|t:|1731607763\n|move|p1b: Dondozo|Order Up|p2a: Basculegion\n|-damage|p2a: Basculegion|48\/100\n|-boost|p1b: Dondozo|atk|1\n|move|p2b: Rillaboom|High Horsepower|p1b: Dondozo\n|-supereffective|p1b: Dondozo\n|-damage|p1b: Dondozo|65\/100\n|move|p2a: Basculegion|Last Respects|p1b: Dondozo\n|-damage|p1b: Dondozo|24\/100\n|\n|-heal|p1b: Dondozo|30\/100|[from] Grassy Terrain\n|-heal|p2a: Basculegion|55\/100|[from] Grassy Terrain\n|-sideend|p1: ray4gej|move: Tailwind\n|upkeep\n|turn|7\n|\n|t:|1731607778\n|move|p1b: Dondozo|Order Up|p2a: Basculegion\n|-damage|p2a: Basculegion|0 fnt\n|faint|p2a: Basculegion\n|-boost|p1b: Dondozo|atk|1\n|move|p2b: Rillaboom|High Horsepower|p1b: Dondozo|[miss]\n|-miss|p2b: Rillaboom|p1b: Dondozo\n|\n|-heal|p1b: Dondozo|36\/100|[from] Grassy Terrain\n|-fieldend|move: Grassy Terrain\n|upkeep\n|turn|8\n|\n|t:|1731607785\n|move|p1b: Dondozo|Tera Blast|p2b: Rillaboom|[anim] Tera Blast Poison\n|-supereffective|p2b: Rillaboom\n|-damage|p2b: Rillaboom|0 fnt\n|faint|p2b: Rillaboom\n|\n|win|ray4gej\n|raw|ray4gej's rating: 1750 &rarr; <strong>1776<\/strong><br \/>(+26 for winning)\n|raw|VGCLTH MINAMISIMP's rating: 1850 &rarr; <strong>1824<\/strong><br \/>(-26 for losing)\n|l|\u2606VGCLTH MINAMISIMP\n|player|p2|\n|l|\u2606ray4gej\n|player|p1|\n","uploadtime":1731607926,"views":26,"formatid":"gen9vgc2024regh","rating":1776,"private":0,"password":null}