{"id":"gen9vgc2024regh-2243176694","format":"[Gen 9] VGC 2024 Reg H","players":["VGCLTH lily","vgclth chromate"],"log":"|raw|<div class=\"broadcast-blue\"><strong>This battle is required to be public due to a player having a name starting with 'vgclth'.<\/div>\n|j|\u2606VGCLTH lily\n|j|\u2606vgclth chromate\n|t:|1731519192\n|gametype|doubles\n|player|p1|VGCLTH lily|akari|1714\n|player|p2|vgclth chromate|allister|1794\n|teamsize|p1|6\n|teamsize|p2|6\n|gen|9\n|tier|[Gen 9] VGC 2024 Reg H\n|rated|\n|rule|Species Clause: Limit one of each Pok\u00e9mon\n|rule|Item Clause: Limit 1 of each item\n|clearpoke\n|poke|p1|Baxcalibur, L50, F|\n|poke|p1|Dondozo, L50, M|\n|poke|p1|Kingambit, L50, M|\n|poke|p1|Rillaboom, L50, M|\n|poke|p1|Sneasler, L50, F|\n|poke|p1|Volcarona, L50, M|\n|poke|p2|Archaludon, L50, M|\n|poke|p2|Basculegion, L50, M|\n|poke|p2|Pelipper, L50, M|\n|poke|p2|Gholdengo, L50|\n|poke|p2|Amoonguss, L50, F|\n|poke|p2|Incineroar, L50, M|\n|teampreview|4\n|inactive|Battle timer is ON: inactive players will automatically lose when time's up. (requested by VGCLTH lily)\n|inactive|VGCLTH lily has 60 seconds left.\n|inactive|vgclth chromate has 60 seconds left.\n|\n|t:|1731519236\n|start\n|switch|p1a: Baxcalibur|Baxcalibur, L50, F|100\/100\n|switch|p1b: Rillaboom|Rillaboom, L50, M|100\/100\n|switch|p2a: Amoonguss|Amoonguss, L50, F|100\/100\n|switch|p2b: Pelipper|Pelipper, L50, M|100\/100\n|-weather|RainDance|[from] ability: Drizzle|[of] p2b: Pelipper\n|-fieldstart|move: Grassy Terrain|[from] ability: Grassy Surge|[of] p1b: Rillaboom\n|turn|1\n|\n|t:|1731519256\n|switch|p1a: Kingambit|Kingambit, L50, M|100\/100\n|switch|p2a: Archaludon|Archaludon, L50, M|100\/100\n|move|p2b: Pelipper|Tailwind|p2b: Pelipper\n|-sidestart|p2: vgclth chromate|move: Tailwind\n|move|p1b: Rillaboom|Wood Hammer|p2b: Pelipper\n|-enditem|p2b: Pelipper|Focus Sash\n|-damage|p2b: Pelipper|1\/100\n|-damage|p1b: Rillaboom|78\/100|[from] Recoil\n|\n|-weather|RainDance|[upkeep]\n|-heal|p1b: Rillaboom|84\/100|[from] Grassy Terrain\n|upkeep\n|turn|2\n|inactive|VGCLTH lily has 30 seconds left.\n|\n|t:|1731519287\n|switch|p2b: Amoonguss|Amoonguss, L50, F|100\/100\n|move|p1b: Rillaboom|Grassy Glide|p2b: Amoonguss\n|-resisted|p2b: Amoonguss\n|-damage|p2b: Amoonguss|93\/100\n|move|p2a: Archaludon|Electro Shot||[still]\n|-prepare|p2a: Archaludon|Electro Shot\n|-boost|p2a: Archaludon|spa|1\n|-anim|p2a: Archaludon|Electro Shot|p1a: Kingambit\n|-damage|p1a: Kingambit|39\/100\n|move|p1a: Kingambit|Kowtow Cleave|p2b: Amoonguss\n|-damage|p2b: Amoonguss|54\/100\n|\n|-weather|RainDance|[upkeep]\n|-heal|p1b: Rillaboom|90\/100|[from] Grassy Terrain\n|-heal|p2b: Amoonguss|60\/100|[from] Grassy Terrain\n|-heal|p1a: Kingambit|45\/100|[from] Grassy Terrain\n|upkeep\n|turn|3\n|inactive|VGCLTH lily has 30 seconds left.\n|\n|t:|1731519319\n|move|p1a: Kingambit|Protect|p1a: Kingambit\n|-singleturn|p1a: Kingambit|Protect\n|move|p2a: Archaludon|Electro Shot||[still]\n|-prepare|p2a: Archaludon|Electro Shot\n|-boost|p2a: Archaludon|spa|1\n|-anim|p2a: Archaludon|Electro Shot|p1a: Kingambit\n|-activate|p1a: Kingambit|move: Protect\n|move|p1b: Rillaboom|High Horsepower|p2a: Archaludon\n|-supereffective|p2a: Archaludon\n|-damage|p2a: Archaludon|55\/100\n|-ability|p2a: Archaludon|Stamina|boost\n|-boost|p2a: Archaludon|def|1\n|move|p2b: Amoonguss|Spore|p1b: Rillaboom\n|-immune|p1b: Rillaboom\n|\n|-weather|RainDance|[upkeep]\n|-heal|p2a: Archaludon|61\/100|[from] Grassy Terrain\n|-heal|p1b: Rillaboom|96\/100|[from] Grassy Terrain\n|-heal|p2b: Amoonguss|65\/100|[from] Grassy Terrain\n|-heal|p1a: Kingambit|51\/100|[from] Grassy Terrain\n|upkeep\n|turn|4\n|\n|t:|1731519340\n|switch|p1a: Baxcalibur|Baxcalibur, L50, F|100\/100\n|move|p2a: Archaludon|Electro Shot||[still]\n|-prepare|p2a: Archaludon|Electro Shot\n|-boost|p2a: Archaludon|spa|1\n|-anim|p2a: Archaludon|Electro Shot|p1a: Baxcalibur\n|-resisted|p1a: Baxcalibur\n|-damage|p1a: Baxcalibur|51\/100\n|move|p1b: Rillaboom|High Horsepower|p2a: Archaludon\n|-supereffective|p2a: Archaludon\n|-damage|p2a: Archaludon|30\/100\n|-ability|p2a: Archaludon|Stamina|boost\n|-boost|p2a: Archaludon|def|1\n|move|p2b: Amoonguss|Pollen Puff|p2a: Archaludon\n|-heal|p2a: Archaludon|80\/100\n|\n|-weather|RainDance|[upkeep]\n|-heal|p2a: Archaludon|86\/100|[from] Grassy Terrain\n|-heal|p1a: Baxcalibur|57\/100|[from] Grassy Terrain\n|-heal|p1b: Rillaboom|100\/100|[from] Grassy Terrain\n|-heal|p2b: Amoonguss|71\/100|[from] Grassy Terrain\n|-sideend|p2: vgclth chromate|move: Tailwind\n|upkeep\n|turn|5\n|inactive|VGCLTH lily has 30 seconds left.\n|\n|t:|1731519365\n|move|p1a: Baxcalibur|Protect|p1a: Baxcalibur\n|-singleturn|p1a: Baxcalibur|Protect\n|move|p2b: Amoonguss|Protect|p2b: Amoonguss\n|-singleturn|p2b: Amoonguss|Protect\n|move|p1b: Rillaboom|Grassy Glide|p2b: Amoonguss\n|-activate|p2b: Amoonguss|move: Protect\n|move|p2a: Archaludon|Dragon Pulse|p1a: Baxcalibur\n|-activate|p1a: Baxcalibur|move: Protect\n|\n|-weather|none\n|-heal|p1a: Baxcalibur|64\/100|[from] Grassy Terrain\n|-heal|p2a: Archaludon|92\/100|[from] Grassy Terrain\n|-heal|p2b: Amoonguss|77\/100|[from] Grassy Terrain\n|-fieldend|move: Grassy Terrain\n|upkeep\n|turn|6\n|\n|t:|1731519389\n|switch|p2b: Pelipper|Pelipper, L50, M|1\/100\n|-weather|RainDance|[from] ability: Drizzle|[of] p2b: Pelipper\n|move|p1a: Baxcalibur|Icicle Spear|p2a: Archaludon\n|-damage|p2a: Archaludon|86\/100\n|-ability|p2a: Archaludon|Stamina|boost\n|-boost|p2a: Archaludon|def|1\n|-damage|p2a: Archaludon|82\/100\n|-ability|p2a: Archaludon|Stamina|boost\n|-boost|p2a: Archaludon|def|1\n|-damage|p2a: Archaludon|77\/100\n|-ability|p2a: Archaludon|Stamina|boost\n|-boost|p2a: Archaludon|def|1\n|-damage|p2a: Archaludon|74\/100\n|-ability|p2a: Archaludon|Stamina|boost\n|-boost|p2a: Archaludon|def|1\n|-damage|p2a: Archaludon|70\/100\n|-hitcount|p2a: Archaludon|5\n|move|p1b: Rillaboom|High Horsepower|p2a: Archaludon\n|-supereffective|p2a: Archaludon\n|-damage|p2a: Archaludon|58\/100\n|move|p2a: Archaludon|Electro Shot||[still]\n|-prepare|p2a: Archaludon|Electro Shot\n|-boost|p2a: Archaludon|spa|1\n|-anim|p2a: Archaludon|Electro Shot|p1a: Baxcalibur\n|-resisted|p1a: Baxcalibur\n|-damage|p1a: Baxcalibur|4\/100\n|\n|-weather|RainDance|[upkeep]\n|upkeep\n|turn|7\n|inactive|VGCLTH lily has 30 seconds left.\n|\n|t:|1731519420\n|switch|p1b: Sneasler|Sneasler, L50, F|100\/100\n|move|p1a: Baxcalibur|Ice Shard|p2b: Pelipper\n|-damage|p2b: Pelipper|0 fnt\n|faint|p2b: Pelipper\n|move|p2a: Archaludon|Electro Shot||[still]\n|-prepare|p2a: Archaludon|Electro Shot\n|-boost|p2a: Archaludon|spa|1\n|-anim|p2a: Archaludon|Electro Shot|p1a: Baxcalibur\n|-resisted|p1a: Baxcalibur\n|-damage|p1a: Baxcalibur|0 fnt\n|faint|p1a: Baxcalibur\n|\n|-weather|RainDance|[upkeep]\n|upkeep\n|\n|t:|1731519431\n|switch|p1a: Rillaboom|Rillaboom, L50, M|100\/100\n|switch|p2b: Amoonguss|Amoonguss, L50, F|100\/100\n|-fieldstart|move: Grassy Terrain|[from] ability: Grassy Surge|[of] p1a: Rillaboom\n|turn|8\n|\n|t:|1731519447\n|-terastallize|p1b: Sneasler|Stellar\n|move|p1a: Rillaboom|Fake Out|p2b: Amoonguss\n|-damage|p2b: Amoonguss|90\/100\n|move|p1b: Sneasler|Close Combat|p2a: Archaludon\n|-supereffective|p2a: Archaludon\n|-damage|p2a: Archaludon|27\/100\n|-unboost|p1b: Sneasler|def|1\n|-unboost|p1b: Sneasler|spd|1\n|move|p2a: Archaludon|Electro Shot||[still]\n|-prepare|p2a: Archaludon|Electro Shot\n|-boost|p2a: Archaludon|spa|1\n|-anim|p2a: Archaludon|Electro Shot|p1b: Sneasler\n|-enditem|p1b: Sneasler|Focus Sash\n|-damage|p1b: Sneasler|1\/100\n|cant|p2b: Amoonguss|flinch\n|\n|-weather|RainDance|[upkeep]\n|-heal|p1b: Sneasler|7\/100|[from] Grassy Terrain\n|-heal|p2a: Archaludon|33\/100|[from] Grassy Terrain\n|-heal|p2b: Amoonguss|95\/100|[from] Grassy Terrain\n|upkeep\n|turn|9\n|\n|t:|1731519470\n|move|p2b: Amoonguss|Rage Powder|p2b: Amoonguss\n|-singleturn|p2b: Amoonguss|move: Rage Powder\n|move|p1b: Sneasler|Dire Claw|p2b: Amoonguss\n|-damage|p2b: Amoonguss|56\/100\n|move|p1a: Rillaboom|High Horsepower|p2a: Archaludon\n|-supereffective|p2a: Archaludon\n|-damage|p2a: Archaludon|20\/100\n|move|p2a: Archaludon|Dragon Pulse|p1a: Rillaboom\n|-damage|p1a: Rillaboom|4\/100\n|\n|-weather|RainDance|[upkeep]\n|-heal|p1b: Sneasler|13\/100|[from] Grassy Terrain\n|-heal|p1a: Rillaboom|10\/100|[from] Grassy Terrain\n|-heal|p2a: Archaludon|26\/100|[from] Grassy Terrain\n|-heal|p2b: Amoonguss|61\/100|[from] Grassy Terrain\n|upkeep\n|turn|10\n|inactive|vgclth chromate has 30 seconds left.\n|inactive|vgclth chromate has 20 seconds left.\n|\n|t:|1731519507\n|move|p2b: Amoonguss|Rage Powder|p2b: Amoonguss\n|-singleturn|p2b: Amoonguss|move: Rage Powder\n|move|p1b: Sneasler|Close Combat|p2b: Amoonguss\n|-resisted|p2b: Amoonguss\n|-damage|p2b: Amoonguss|39\/100\n|-unboost|p1b: Sneasler|def|1\n|-unboost|p1b: Sneasler|spd|1\n|-enditem|p2b: Amoonguss|Sitrus Berry|[eat]\n|-heal|p2b: Amoonguss|64\/100|[from] item: Sitrus Berry\n|move|p1a: Rillaboom|High Horsepower|p2a: Archaludon\n|-supereffective|p2a: Archaludon\n|-damage|p2a: Archaludon|13\/100\n|move|p2a: Archaludon|Dragon Pulse|p1b: Sneasler\n|-damage|p1b: Sneasler|0 fnt\n|faint|p1b: Sneasler\n|\n|-weather|none\n|-heal|p1a: Rillaboom|16\/100|[from] Grassy Terrain\n|-heal|p2a: Archaludon|19\/100|[from] Grassy Terrain\n|-heal|p2b: Amoonguss|70\/100|[from] Grassy Terrain\n|upkeep\n|j| FBIAltMan\n|inactive|VGCLTH lily has 30 seconds left.\n|\n|t:|1731519533\n|switch|p1b: Kingambit|Kingambit, L50, M|51\/100\n|turn|11\n|inactive|vgclth chromate has 30 seconds left.\n|\n|t:|1731519558\n|move|p1b: Kingambit|Sucker Punch|p2a: Archaludon\n|-damage|p2a: Archaludon|12\/100\n|move|p1a: Rillaboom|High Horsepower|p2a: Archaludon|[miss]\n|-miss|p1a: Rillaboom|p2a: Archaludon\n|move|p2a: Archaludon|Body Press|p1b: Kingambit\n|-supereffective|p1b: Kingambit\n|-damage|p1b: Kingambit|0 fnt\n|faint|p1b: Kingambit\n|move|p2b: Amoonguss|Pollen Puff|p1a: Rillaboom\n|-supereffective|p1a: Rillaboom\n|-damage|p1a: Rillaboom|0 fnt\n|faint|p1a: Rillaboom\n|\n|win|vgclth chromate\n|raw|VGCLTH lily's rating: 1714 &rarr; <strong>1699<\/strong><br \/>(-15 for losing)\n|raw|vgclth chromate's rating: 1794 &rarr; <strong>1809<\/strong><br \/>(+15 for winning)\n|l|\u2606VGCLTH lily\n|player|p1|\n|l|\u2606vgclth chromate\n|player|p2|\n|j| Calvasso\n|l| Calvasso\n","uploadtime":1731519710,"views":31,"formatid":"gen9vgc2024regh","rating":1699,"private":0,"password":null}