{"id":"gen9vgc2024regh-2243209213","format":"[Gen 9] VGC 2024 Reg H","players":["makoh13","VGCLTH MINAMISIMP"],"log":"|raw|<div class=\"broadcast-blue\"><strong>This battle is required to be public due to a player having a name starting with 'vgclth'.<\/div>\n|j|\u2606makoh13\n|j|\u2606VGCLTH MINAMISIMP\n|t:|1731522236\n|gametype|doubles\n|player|p1|makoh13|lucas-gen4pt|1689\n|player|p2|VGCLTH MINAMISIMP|miku-water|1817\n|teamsize|p1|6\n|teamsize|p2|6\n|gen|9\n|tier|[Gen 9] VGC 2024 Reg H\n|rated|\n|rule|Species Clause: Limit one of each Pok\u00e9mon\n|rule|Item Clause: Limit 1 of each item\n|clearpoke\n|poke|p1|Archaludon, L50, M|\n|poke|p1|Armarouge, L50, M|\n|poke|p1|Gengar, L50, M|\n|poke|p1|Garchomp, L50, M|\n|poke|p1|Rillaboom, L50, M|\n|poke|p1|Annihilape, L50, M|\n|poke|p2|Archaludon, L50, M|\n|poke|p2|Pelipper, L50, F|\n|poke|p2|Electabuzz, L50, M|\n|poke|p2|Kingambit, L50, M|\n|poke|p2|Rillaboom, L50, F|\n|poke|p2|Basculegion, L50, M|\n|teampreview|4\n|inactive|Battle timer is ON: inactive players will automatically lose when time's up. (requested by VGCLTH MINAMISIMP)\n|inactive|makoh13 also wants the timer to be on.\n|\n|t:|1731522266\n|start\n|switch|p1a: Gengar|Gengar, L50, M, shiny|100\/100\n|switch|p1b: Archaludon|Archaludon, L50, M, shiny|100\/100\n|switch|p2a: Basculegion|Basculegion, L50, M|100\/100\n|switch|p2b: Pelipper|Pelipper, L50, F|100\/100\n|-weather|RainDance|[from] ability: Drizzle|[of] p2b: Pelipper\n|turn|1\n|\n|t:|1731522286\n|move|p2a: Basculegion|Flip Turn|p1a: Gengar\n|-enditem|p1a: Gengar|Focus Sash\n|-damage|p1a: Gengar|1\/100\n|j| alfalfasprouttower\n|\n|t:|1731522289\n|switch|p2a: Archaludon|Archaludon, L50, M|100\/100|[from] Flip Turn\n|move|p1a: Gengar|Shadow Ball|p2b: Pelipper\n|-damage|p2b: Pelipper|21\/100\n|move|p1b: Archaludon|Electro Shot||[still]\n|-prepare|p1b: Archaludon|Electro Shot\n|-boost|p1b: Archaludon|spa|1\n|-anim|p1b: Archaludon|Electro Shot|p2b: Pelipper\n|-supereffective|p2b: Pelipper\n|-damage|p2b: Pelipper|0 fnt\n|faint|p2b: Pelipper\n|\n|-weather|RainDance|[upkeep]\n|upkeep\n|\n|t:|1731522293\n|switch|p2b: Electabuzz|Electabuzz, L50, M|100\/100\n|turn|2\n|inactive|makoh13 has 30 seconds left.\n|inactive|makoh13 has 20 seconds left.\n|inactive|makoh13 has 15 seconds left.\n|j| stewpeed\n|inactive|makoh13 has 10 seconds left.\n|\n|t:|1731522340\n|move|p2b: Electabuzz|Follow Me|p2b: Electabuzz\n|-singleturn|p2b: Electabuzz|move: Follow Me\n|move|p1a: Gengar|Shadow Ball|p2b: Electabuzz\n|-damage|p2b: Electabuzz|66\/100\n|move|p1b: Archaludon|Dragon Pulse|p2b: Electabuzz\n|-damage|p2b: Electabuzz|11\/100\n|move|p2a: Archaludon|Electro Shot||[still]\n|-prepare|p2a: Archaludon|Electro Shot\n|-boost|p2a: Archaludon|spa|1\n|-anim|p2a: Archaludon|Electro Shot|p1a: Gengar\n|-damage|p1a: Gengar|0 fnt\n|faint|p1a: Gengar\n|\n|-weather|RainDance|[upkeep]\n|upkeep\n|\n|t:|1731522359\n|switch|p1a: Garchomp|Garchomp, L50, M, shiny|100\/100\n|turn|3\n|inactive|makoh13 has 30 seconds left.\n|\n|t:|1731522385\n|-terastallize|p2a: Archaludon|Fairy\n|move|p2b: Electabuzz|Helping Hand|p2a: Archaludon\n|-singleturn|p2a: Archaludon|Helping Hand|[of] p2b: Electabuzz\n|move|p1a: Garchomp|Protect|p1a: Garchomp\n|-singleturn|p1a: Garchomp|Protect\n|move|p1b: Archaludon|Electro Shot||[still]\n|-prepare|p1b: Archaludon|Electro Shot\n|-boost|p1b: Archaludon|spa|1\n|-anim|p1b: Archaludon|Electro Shot|p2a: Archaludon\n|-damage|p2a: Archaludon|5\/100\n|-ability|p2a: Archaludon|Stamina|boost\n|-boost|p2a: Archaludon|def|1\n|move|p2a: Archaludon|Draco Meteor|p1b: Archaludon|[miss]\n|-miss|p2a: Archaludon|p1b: Archaludon\n|\n|-weather|RainDance|[upkeep]\n|-heal|p2a: Archaludon|11\/100|[from] item: Leftovers\n|upkeep\n|turn|4\n|\n|t:|1731522408\n|move|p2a: Archaludon|Protect|p2a: Archaludon\n|-singleturn|p2a: Archaludon|Protect\n|move|p2b: Electabuzz|Follow Me|p2b: Electabuzz\n|-singleturn|p2b: Electabuzz|move: Follow Me\n|move|p1a: Garchomp|Stomping Tantrum|p2b: Electabuzz\n|-supereffective|p2b: Electabuzz\n|-damage|p2b: Electabuzz|0 fnt\n|faint|p2b: Electabuzz\n|-damage|p1a: Garchomp|91\/100|[from] item: Life Orb\n|move|p1b: Archaludon|Electro Shot||[still]\n|-prepare|p1b: Archaludon|Electro Shot\n|-boost|p1b: Archaludon|spa|1\n|-anim|p1b: Archaludon|Electro Shot|p2a: Archaludon\n|-activate|p2a: Archaludon|move: Protect\n|\n|-weather|RainDance|[upkeep]\n|-heal|p2a: Archaludon|17\/100|[from] item: Leftovers\n|upkeep\n|\n|t:|1731522411\n|switch|p2b: Basculegion|Basculegion, L50, M|100\/100\n|turn|5\n|inactive|makoh13 has 30 seconds left.\n|\n|t:|1731522438\n|move|p1a: Garchomp|Protect|p1a: Garchomp\n|-singleturn|p1a: Garchomp|Protect\n|move|p2b: Basculegion|Last Respects|p1b: Archaludon\n|-damage|p1b: Archaludon|6\/100\n|move|p1b: Archaludon|Electro Shot||[still]\n|-prepare|p1b: Archaludon|Electro Shot\n|-boost|p1b: Archaludon|spa|1\n|-anim|p1b: Archaludon|Electro Shot|p2a: Archaludon\n|-damage|p2a: Archaludon|0 fnt\n|faint|p2a: Archaludon\n|\n|-weather|none\n|upkeep\n|turn|6\n|c|\u2606VGCLTH MINAMISIMP|gg\n|-message|VGCLTH MINAMISIMP forfeited.\n|\n|win|makoh13\n|raw|makoh13's rating: 1689 &rarr; <strong>1716<\/strong><br \/>(+27 for winning)\n|raw|VGCLTH MINAMISIMP's rating: 1817 &rarr; <strong>1790<\/strong><br \/>(-27 for losing)\n|l|\u2606VGCLTH MINAMISIMP\n|player|p2|\n|l| stewpeed\n|l| alfalfasprouttower\n|l|\u2606makoh13\n|player|p1|\n","uploadtime":1731522620,"views":20,"formatid":"gen9vgc2024regh","rating":1716,"private":0,"password":null}