{"id":"gen9vgc2024regh-2243228564","format":"[Gen 9] VGC 2024 Reg H","players":["VGCLTH MINAMISIMP","reignofrain2"],"log":"|raw|<div class=\"broadcast-blue\"><strong>This battle is required to be public due to a player having a name starting with 'vgclth'.<\/div>\n|j|\u2606VGCLTH MINAMISIMP\n|j|\u2606reignofrain2\n|t:|1731524056\n|gametype|doubles\n|player|p1|VGCLTH MINAMISIMP|miku-water|1755\n|player|p2|reignofrain2|sailor|1856\n|teamsize|p1|6\n|teamsize|p2|6\n|gen|9\n|tier|[Gen 9] VGC 2024 Reg H\n|rated|\n|rule|Species Clause: Limit one of each Pok\u00e9mon\n|rule|Item Clause: Limit 1 of each item\n|clearpoke\n|poke|p1|Archaludon, L50, M|\n|poke|p1|Pelipper, L50, M|\n|poke|p1|Electabuzz, L50, M|\n|poke|p1|Kingambit, L50, M|\n|poke|p1|Rillaboom, L50, M|\n|poke|p1|Basculegion, L50, M|\n|poke|p2|Dondozo, L50, F|\n|poke|p2|Tatsugiri, L50, M|\n|poke|p2|Sneasler, L50, F|\n|poke|p2|Indeedee, L50, M|\n|poke|p2|Archaludon, L50, F|\n|poke|p2|Pelipper, L50, F|\n|teampreview|4\n|inactive|Battle timer is ON: inactive players will automatically lose when time's up. (requested by VGCLTH MINAMISIMP)\n|inactive|reignofrain2 has 60 seconds left.\n|\n|t:|1731524109\n|start\n|switch|p1a: Pelipper|Pelipper, L50, M|100\/100\n|switch|p1b: Basculegion|Basculegion, L50, M|100\/100\n|switch|p2a: Sneasler|Sneasler, L50, F|100\/100\n|switch|p2b: Dondozo|Dondozo, L50, F|100\/100\n|-weather|RainDance|[from] ability: Drizzle|[of] p1a: Pelipper\n|turn|1\n|inactive|reignofrain2 has 30 seconds left.\n|\n|t:|1731524136\n|move|p2a: Sneasler|Protect|p2a: Sneasler\n|-singleturn|p2a: Sneasler|Protect\n|move|p2b: Dondozo|Protect|p2b: Dondozo\n|-singleturn|p2b: Dondozo|Protect\n|move|p1b: Basculegion|Flip Turn|p2a: Sneasler\n|-activate|p2a: Sneasler|move: Protect\n|move|p1a: Pelipper|Tailwind|p1a: Pelipper\n|-sidestart|p1: VGCLTH MINAMISIMP|move: Tailwind\n|\n|-weather|RainDance|[upkeep]\n|upkeep\n|turn|2\n|\n|t:|1731524152\n|switch|p2a: Tatsugiri|Tatsugiri, L50, M|100\/100\n|-activate|p2a: Tatsugiri|ability: Commander|[of] p2b: Dondozo\n|-boost|p2b: Dondozo|atk|2\n|-boost|p2b: Dondozo|spa|2\n|-boost|p2b: Dondozo|spe|2\n|-boost|p2b: Dondozo|def|2\n|-boost|p2b: Dondozo|spd|2\n|-terastallize|p2b: Dondozo|Water\n|move|p1b: Basculegion|Flip Turn|p2b: Dondozo\n|-resisted|p2b: Dondozo\n|-damage|p2b: Dondozo|88\/100\n|\n|t:|1731524155\n|switch|p1b: Archaludon|Archaludon, L50, M|100\/100|[from] Flip Turn\n|move|p1a: Pelipper|Hurricane|p2b: Dondozo\n|-damage|p2b: Dondozo|57\/100\n|move|p2b: Dondozo|Surf|p1b: Archaludon|[spread] p1a,p1b\n|-miss|p2b: Dondozo|p2a: Tatsugiri\n|-resisted|p1a: Pelipper\n|-resisted|p1b: Archaludon\n|-damage|p1a: Pelipper|6\/100\n|-damage|p1b: Archaludon|44\/100\n|-ability|p1b: Archaludon|Stamina|boost\n|-boost|p1b: Archaludon|def|1\n|\n|-weather|RainDance|[upkeep]\n|-heal|p1b: Archaludon|50\/100|[from] item: Leftovers\n|upkeep\n|turn|3\n|\n|t:|1731524175\n|move|p1a: Pelipper|Hurricane|p2b: Dondozo\n|-damage|p2b: Dondozo|26\/100\n|move|p1b: Archaludon|Electro Shot||[still]\n|-prepare|p1b: Archaludon|Electro Shot\n|-boost|p1b: Archaludon|spa|1\n|-anim|p1b: Archaludon|Electro Shot|p2b: Dondozo\n|-supereffective|p2b: Dondozo\n|-damage|p2b: Dondozo|0 fnt\n|faint|p2b: Dondozo\n|\n|-weather|RainDance|[upkeep]\n|-heal|p1b: Archaludon|56\/100|[from] item: Leftovers\n|upkeep\n|\n|t:|1731524182\n|switch|p2b: Archaludon|Archaludon, L50, F|100\/100\n|turn|4\n|inactive|reignofrain2 has 30 seconds left.\n|\n|t:|1731524210\n|move|p1a: Pelipper|Hurricane|p2a: Tatsugiri\n|-damage|p2a: Tatsugiri|48\/100\n|move|p1b: Archaludon|Electro Shot||[still]\n|-prepare|p1b: Archaludon|Electro Shot\n|-boost|p1b: Archaludon|spa|1\n|-anim|p1b: Archaludon|Electro Shot|p2a: Tatsugiri\n|-damage|p2a: Tatsugiri|0 fnt\n|faint|p2a: Tatsugiri\n|move|p2b: Archaludon|Electro Shot||[still]\n|-prepare|p2b: Archaludon|Electro Shot\n|-boost|p2b: Archaludon|spa|1\n|-anim|p2b: Archaludon|Electro Shot|p1b: Archaludon\n|-resisted|p1b: Archaludon\n|-damage|p1b: Archaludon|22\/100\n|-ability|p1b: Archaludon|Stamina|boost\n|-boost|p1b: Archaludon|def|1\n|\n|-weather|RainDance|[upkeep]\n|-heal|p1b: Archaludon|29\/100|[from] item: Leftovers\n|-sideend|p1: VGCLTH MINAMISIMP|move: Tailwind\n|upkeep\n|\n|t:|1731524213\n|switch|p2a: Sneasler|Sneasler, L50, F|100\/100\n|turn|5\n|\n|t:|1731524219\n|switch|p1a: Rillaboom|Rillaboom, L50, M|100\/100\n|-fieldstart|move: Grassy Terrain|[from] ability: Grassy Surge|[of] p1a: Rillaboom\n|move|p1b: Archaludon|Protect|p1b: Archaludon\n|-singleturn|p1b: Archaludon|Protect\n|move|p2a: Sneasler|Dire Claw|p1a: Rillaboom\n|-supereffective|p1a: Rillaboom\n|-damage|p1a: Rillaboom|22\/100\n|move|p2b: Archaludon|Electro Shot||[still]\n|-prepare|p2b: Archaludon|Electro Shot\n|-boost|p2b: Archaludon|spa|1\n|-anim|p2b: Archaludon|Electro Shot|p1b: Archaludon\n|-activate|p1b: Archaludon|move: Protect\n|\n|-weather|none\n|-heal|p1a: Rillaboom|28\/100|[from] Grassy Terrain\n|-heal|p1b: Archaludon|35\/100|[from] Grassy Terrain\n|-heal|p1b: Archaludon|41\/100|[from] item: Leftovers\n|upkeep\n|turn|6\n|\n|t:|1731524238\n|-terastallize|p1b: Archaludon|Fairy\n|move|p2a: Sneasler|Protect|p2a: Sneasler\n|-singleturn|p2a: Sneasler|Protect\n|move|p2b: Archaludon|Protect|p2b: Archaludon\n|-singleturn|p2b: Archaludon|Protect\n|move|p1a: Rillaboom|Fake Out|p2b: Archaludon\n|-activate|p2b: Archaludon|move: Protect\n|move|p1b: Archaludon|Draco Meteor|p2b: Archaludon\n|-activate|p2b: Archaludon|move: Protect\n|\n|-heal|p1a: Rillaboom|34\/100|[from] Grassy Terrain\n|-heal|p1b: Archaludon|47\/100|[from] Grassy Terrain\n|-heal|p1b: Archaludon|54\/100|[from] item: Leftovers\n|upkeep\n|turn|7\n|\n|t:|1731524257\n|switch|p1a: Pelipper|Pelipper, L50, M|6\/100\n|-weather|RainDance|[from] ability: Drizzle|[of] p1a: Pelipper\n|move|p1b: Archaludon|Protect|p1b: Archaludon\n|-singleturn|p1b: Archaludon|Protect\n|move|p2a: Sneasler|Dire Claw|p1a: Pelipper\n|-damage|p1a: Pelipper|0 fnt\n|faint|p1a: Pelipper\n|move|p2b: Archaludon|Flash Cannon|p1b: Archaludon\n|-activate|p1b: Archaludon|move: Protect\n|\n|-weather|RainDance|[upkeep]\n|-heal|p1b: Archaludon|60\/100|[from] Grassy Terrain\n|-heal|p1b: Archaludon|66\/100|[from] item: Leftovers\n|upkeep\n|\n|t:|1731524271\n|switch|p1a: Rillaboom|Rillaboom, L50, M|34\/100\n|turn|8\n|\n|t:|1731524285\n|switch|p1a: Basculegion|Basculegion, L50, M|100\/100\n|move|p2a: Sneasler|Protect|p2a: Sneasler\n|-singleturn|p2a: Sneasler|Protect\n|move|p2b: Archaludon|Protect|p2b: Archaludon\n|-singleturn|p2b: Archaludon|Protect\n|move|p1b: Archaludon|Draco Meteor|p2b: Archaludon\n|-activate|p2b: Archaludon|move: Protect\n|\n|-weather|RainDance|[upkeep]\n|-heal|p1b: Archaludon|72\/100|[from] Grassy Terrain\n|-heal|p1b: Archaludon|79\/100|[from] item: Leftovers\n|upkeep\n|turn|9\n|inactive|VGCLTH MINAMISIMP has 30 seconds left.\n|inactive|reignofrain2 has 30 seconds left.\n|inactive|reignofrain2 has 20 seconds left.\n|\n|t:|1731524331\n|move|p1a: Basculegion|Last Respects|p2b: Archaludon\n|-damage|p2b: Archaludon|32\/100\n|move|p2a: Sneasler|Dire Claw|p1a: Basculegion\n|-resisted|p1a: Basculegion\n|-damage|p1a: Basculegion|79\/100\n|-status|p1a: Basculegion|slp\n|move|p2b: Archaludon|Electro Shot||[still]\n|-prepare|p2b: Archaludon|Electro Shot\n|-boost|p2b: Archaludon|spa|1\n|-anim|p2b: Archaludon|Electro Shot|p1b: Archaludon\n|-damage|p1b: Archaludon|0 fnt\n|faint|p1b: Archaludon\n|\n|-weather|RainDance|[upkeep]\n|-heal|p1a: Basculegion|85\/100 slp|[from] Grassy Terrain\n|-heal|p2b: Archaludon|38\/100|[from] Grassy Terrain\n|-fieldend|move: Grassy Terrain\n|upkeep\n|\n|t:|1731524333\n|switch|p1b: Rillaboom|Rillaboom, L50, M|34\/100\n|-fieldstart|move: Grassy Terrain|[from] ability: Grassy Surge|[of] p1b: Rillaboom\n|turn|10\n|c|\u2606VGCLTH MINAMISIMP|bro\n|\n|t:|1731524346\n|move|p1b: Rillaboom|Fake Out|p2b: Archaludon\n|-resisted|p2b: Archaludon\n|-damage|p2b: Archaludon|31\/100\n|cant|p1a: Basculegion|slp\n|move|p2a: Sneasler|Dire Claw|p1b: Rillaboom\n|-supereffective|p1b: Rillaboom\n|-damage|p1b: Rillaboom|0 fnt\n|faint|p1b: Rillaboom\n|cant|p2b: Archaludon|flinch\n|\n|-weather|RainDance|[upkeep]\n|-heal|p1a: Basculegion|91\/100 slp|[from] Grassy Terrain\n|-heal|p2b: Archaludon|37\/100|[from] Grassy Terrain\n|upkeep\n|turn|11\n|\n|t:|1731524351\n|move|p2a: Sneasler|Protect|p2a: Sneasler\n|-singleturn|p2a: Sneasler|Protect\n|move|p2b: Archaludon|Protect|p2b: Archaludon\n|-singleturn|p2b: Archaludon|Protect\n|cant|p1a: Basculegion|slp\n|\n|-weather|none\n|-heal|p1a: Basculegion|97\/100 slp|[from] Grassy Terrain\n|-heal|p2b: Archaludon|43\/100|[from] Grassy Terrain\n|upkeep\n|turn|12\n|\n|t:|1731524356\n|move|p2a: Sneasler|Throat Chop|p1a: Basculegion\n|-supereffective|p1a: Basculegion\n|-damage|p1a: Basculegion|37\/100 slp\n|-start|p1a: Basculegion|Throat Chop|[silent]\n|move|p2b: Archaludon|Flash Cannon|p1a: Basculegion\n|-resisted|p1a: Basculegion\n|-damage|p1a: Basculegion|0 fnt\n|faint|p1a: Basculegion\n|\n|win|reignofrain2\n|raw|VGCLTH MINAMISIMP's rating: 1755 &rarr; <strong>1741<\/strong><br \/>(-14 for losing)\n|raw|reignofrain2's rating: 1856 &rarr; <strong>1870<\/strong><br \/>(+14 for winning)\n|l|\u2606reignofrain2\n|player|p2|\n|l|\u2606VGCLTH MINAMISIMP\n|player|p1|\n","uploadtime":1731524555,"views":63,"formatid":"gen9vgc2024regh","rating":1741,"private":0,"password":null}