{"id":"gen9vgc2024regh-2243724275","format":"[Gen 9] VGC 2024 Reg H","players":["VGCLTH Thacrow","ilmeeze"],"log":"|raw|<div class=\"broadcast-blue\"><strong>This battle is required to be public due to a player having a name starting with 'vgclth'.<\/div>\n|j|\u2606VGCLTH Thacrow\n|j|\u203dilmeeze\n|t:|1731592616\n|gametype|doubles\n|player|p1|VGCLTH Thacrow|wallace-masters|1859\n|player|p2|ilmeeze|pokefan-gen4|1816\n|teamsize|p1|6\n|teamsize|p2|6\n|gen|9\n|tier|[Gen 9] VGC 2024 Reg H\n|rated|\n|rule|Species Clause: Limit one of each Pok\u00e9mon\n|rule|Item Clause: Limit 1 of each item\n|clearpoke\n|poke|p1|Ceruledge, L50, F|\n|poke|p1|Gastrodon-East, L50, M|\n|poke|p1|Sneasler, L50, F|\n|poke|p1|Dragonite, L50, M|\n|poke|p1|Rillaboom, L50, M|\n|poke|p1|Kingambit, L50, M|\n|poke|p2|Primarina, L50, F|\n|poke|p2|Farigiraf, L50, M|\n|poke|p2|Ursaluna-Bloodmoon, L50, M|\n|poke|p2|Tauros-Paldea-Blaze, L50, M|\n|poke|p2|Meowscarada, L50, F|\n|poke|p2|Magmar, L50, M|\n|teampreview|4\nVGCLTH Thacrow has agreed to open team sheets.\n|\n|t:|1731592638\n|start\n|switch|p1a: Kidturtle|Sneasler, L50, F, shiny|100\/100\n|switch|p1b: Godlyreal|Kingambit, L50, M|100\/100\n|switch|p2a: Tauros|Tauros-Paldea-Blaze, L50, M|100\/100\n|switch|p2b: Magmar|Magmar, L50, M|100\/100\n|-ability|p2a: Tauros|Intimidate|boost\n|-unboost|p1a: Kidturtle|atk|1\n|-unboost|p1b: Godlyreal|atk|1\n|-ability|p1b: Godlyreal|Defiant|boost\n|-boost|p1b: Godlyreal|atk|2\n|-enditem|p2a: Tauros|Mirror Herb\n|-boost|p2a: Tauros|atk|2|[from] item: Mirror Herb\n|turn|1\n|\n|t:|1731592653\n|-terastallize|p1b: Godlyreal|Flying\n|move|p2a: Tauros|Protect|p2a: Tauros\n|-singleturn|p2a: Tauros|Protect\n|move|p1a: Kidturtle|Fake Out|p2b: Magmar\n|-damage|p2b: Magmar|94\/100\n|cant|p2b: Magmar|flinch\n|move|p1b: Godlyreal|Kowtow Cleave|p2b: Magmar\n|-damage|p2b: Magmar|39\/100\n|\n|upkeep\n|turn|2\n|\n|t:|1731592673\n|move|p2b: Magmar|Follow Me|p2b: Magmar\n|-singleturn|p2b: Magmar|move: Follow Me\n|move|p1a: Kidturtle|Coaching|p1b: Godlyreal\n|-boost|p1b: Godlyreal|atk|1\n|-boost|p1b: Godlyreal|def|1\n|move|p2a: Tauros|Rock Slide|p1b: Godlyreal|[spread] p1a,p1b\n|-resisted|p1a: Kidturtle\n|-supereffective|p1b: Godlyreal\n|-damage|p1a: Kidturtle|68\/100\n|-damage|p1b: Godlyreal|60\/100\n|move|p1b: Godlyreal|Tera Blast|p2b: Magmar|[anim] Tera Blast Flying\n|-damage|p2b: Magmar|0 fnt\n|faint|p2b: Magmar\n|\n|upkeep\n|\n|t:|1731592694\n|switch|p2b: Farigiraf|Farigiraf, L50, M|100\/100\n|turn|3\n|\n|t:|1731592701\n|move|p1a: Kidturtle|Coaching|p1b: Godlyreal\n|-boost|p1b: Godlyreal|atk|1\n|-boost|p1b: Godlyreal|def|1\n|move|p2a: Tauros|Rock Slide|p1b: Godlyreal|[spread] p1a,p1b\n|-resisted|p1a: Kidturtle\n|-supereffective|p1b: Godlyreal\n|-damage|p1a: Kidturtle|37\/100\n|-damage|p1b: Godlyreal|31\/100\n|cant|p1b: Godlyreal|flinch\n|move|p2b: Farigiraf|Trick Room|p2b: Farigiraf\n|-fieldstart|move: Trick Room|[of] p2b: Farigiraf\n|\n|upkeep\n|turn|4\n|\n|t:|1731592716\n|move|p1b: Godlyreal|Tera Blast|p2a: Tauros|[anim] Tera Blast Flying\n|-supereffective|p2a: Tauros\n|-damage|p2a: Tauros|0 fnt\n|faint|p2a: Tauros\n|move|p2b: Farigiraf|Hyper Voice|p1a: Kidturtle|[spread] p1a,p1b\n|-damage|p1a: Kidturtle|2\/100\n|-damage|p1b: Godlyreal|15\/100\n|move|p1a: Kidturtle|Dire Claw|p2b: Farigiraf\n|-damage|p2b: Farigiraf|81\/100\n|-status|p2b: Farigiraf|par\n|\n|upkeep\n|\n|t:|1731592727\n|switch|p2a: Ursaluna|Ursaluna-Bloodmoon, L50, M|100\/100\n|turn|5\n|\n|t:|1731592739\n|move|p2b: Farigiraf|Hyper Voice|p1a: Kidturtle|[spread] p1a,p1b\n|-crit|p1a: Kidturtle\n|-damage|p1a: Kidturtle|0 fnt\n|-damage|p1b: Godlyreal|0 fnt\n|faint|p1a: Kidturtle\n|faint|p1b: Godlyreal\n|move|p2a: Ursaluna|Hyper Voice|p1: Kidturtle|[notarget]\n|-fail|p2a: Ursaluna\n|\n|upkeep\n|\n|t:|1731592741\n|switch|p1b: Main Flutter|Dragonite, L50, M, shiny|100\/100\n|switch|p1a: AdlrichYan|Rillaboom, L50, M|100\/100\n|-fieldstart|move: Grassy Terrain|[from] ability: Grassy Surge|[of] p1a: AdlrichYan\n|turn|6\n|j| chrisqingyu\n|\n|t:|1731592752\n|-terastallize|p2a: Ursaluna|Normal\n|move|p2b: Farigiraf|Hyper Voice|p1b: Main Flutter|[spread] p1a,p1b\n|-damage|p1a: AdlrichYan|70\/100\n|-damage|p1b: Main Flutter|88\/100\n|move|p2a: Ursaluna|Blood Moon|p1a: AdlrichYan\n|-damage|p1a: AdlrichYan|0 fnt\n|faint|p1a: AdlrichYan\n|move|p1b: Main Flutter|Low Kick|p2a: Ursaluna\n|-supereffective|p2a: Ursaluna\n|-damage|p2a: Ursaluna|43\/100\n|\n|-heal|p2b: Farigiraf|87\/100 par|[from] Grassy Terrain\n|-heal|p2a: Ursaluna|49\/100|[from] Grassy Terrain\n|upkeep\n|turn|7\n|j| Aldrich\n|\n|t:|1731592770\n|move|p2b: Farigiraf|Helping Hand|p2a: Ursaluna\n|-singleturn|p2a: Ursaluna|Helping Hand|[of] p2b: Farigiraf\n|move|p1b: Main Flutter|Protect|p1b: Main Flutter\n|-singleturn|p1b: Main Flutter|Protect\n|move|p2a: Ursaluna|Hyper Voice|p1b: Main Flutter\n|-activate|p1b: Main Flutter|move: Protect\n|\n|-heal|p2b: Farigiraf|93\/100 par|[from] Grassy Terrain\n|-heal|p2a: Ursaluna|55\/100|[from] Grassy Terrain\n|-fieldend|move: Trick Room\n|upkeep\n|turn|8\n|\n|t:|1731592782\n|move|p1b: Main Flutter|Scale Shot|p2b: Farigiraf|[miss]\n|-miss|p1b: Main Flutter|p2b: Farigiraf\n|move|p2a: Ursaluna|Blood Moon|p1b: Main Flutter\n|-damage|p1b: Main Flutter|0 fnt\n|faint|p1b: Main Flutter\n|\n|win|ilmeeze\n|raw|VGCLTH Thacrow's rating: 1859 &rarr; <strong>1837<\/strong><br \/>(-22 for losing)\n|raw|ilmeeze's rating: 1816 &rarr; <strong>1838<\/strong><br \/>(+22 for winning)\n|l|\u2606VGCLTH Thacrow\n|player|p1|\n|l|\u203dilmeeze\n|player|p2|\n|l| chrisqingyu\n|l| Aldrich\n|j| vgclth souly\n|l| vgclth souly\n","uploadtime":1731592939,"views":87,"formatid":"gen9vgc2024regh","rating":1837,"private":0,"password":null}