{"id":"gen9vgc2024regh-2243800121","format":"[Gen 9] VGC 2024 Reg H","players":["rainha789","LilTic"],"log":"|j|\u2606rainha789\n|j|\u2606LilTic\n|t:|1731600403\n|gametype|doubles\n|player|p1|rainha789|102|1705\n|player|p2|LilTic|ninjaboy|1692\n|teamsize|p1|6\n|teamsize|p2|6\n|gen|9\n|tier|[Gen 9] VGC 2024 Reg H\n|rated|\n|rule|Species Clause: Limit one of each Pok\u00e9mon\n|rule|Item Clause: Limit 1 of each item\n|clearpoke\n|poke|p1|Ceruledge, L50, F|\n|poke|p1|Gliscor, L50, F|\n|poke|p1|Sneasler, L50, F|\n|poke|p1|Dondozo, L50, M|\n|poke|p1|Indeedee-F, L50, F|\n|poke|p1|Gardevoir, L50, F|\n|poke|p2|Toxapex, L50, F|\n|poke|p2|Incineroar, L50, M|\n|poke|p2|Amoonguss, L50, M|\n|poke|p2|Ninetales-Alola, L50, F|\n|poke|p2|Dragonite, L50, F|\n|poke|p2|Kingambit, L50, M|\n|teampreview|4\n|inactive|Battle timer is ON: inactive players will automatically lose when time's up. (requested by LilTic)\n|\n|t:|1731600452\n|start\n|switch|p1a: Sneasler|Sneasler, L50, F, shiny|100\/100\n|switch|p1b: Ceruledge|Ceruledge, L50, F|100\/100\n|switch|p2a: Toxapex|Toxapex, L50, F|100\/100\n|switch|p2b: Dragonite|Dragonite, L50, F|100\/100\n|turn|1\n|inactive|rainha789 has 30 seconds left.\n|\n|t:|1731600481\n|switch|p2b: Incineroar|Incineroar, L50, M|100\/100\n|-ability|p2b: Incineroar|Intimidate|boost\n|-unboost|p1a: Sneasler|atk|1\n|-unboost|p1b: Ceruledge|atk|1\n|move|p1a: Sneasler|Fake Out|p2b: Incineroar\n|-damage|p2b: Incineroar|91\/100\n|move|p1b: Ceruledge|Poltergeist|p2b: Incineroar\n|-activate|p2b: Incineroar|move: Poltergeist|Safety Goggles\n|-resisted|p2b: Incineroar\n|-damage|p2b: Incineroar|73\/100\n|move|p2a: Toxapex|Toxic|p1b: Ceruledge\n|-status|p1b: Ceruledge|tox\n|\n|-damage|p1b: Ceruledge|94\/100 tox|[from] psn\n|upkeep\n|turn|2\n|\n|t:|1731600503\n|switch|p1b: Gliscor|Gliscor, L50, F|100\/100\n|move|p2b: Incineroar|Fake Out|p1a: Sneasler\n|-damage|p1a: Sneasler|77\/100\n|cant|p1a: Sneasler|flinch\n|move|p2a: Toxapex|Infestation|p1a: Sneasler\n|-resisted|p1a: Sneasler\n|-damage|p1a: Sneasler|77\/100\n|-activate|p1a: Sneasler|move: Infestation|[of] p2a: Toxapex\n|\n|-damage|p1a: Sneasler|60\/100|[from] move: Infestation|[partiallytrapped]\n|-status|p1b: Gliscor|tox|[from] item: Toxic Orb\n|upkeep\n|turn|3\n|inactive|rainha789 has 30 seconds left.\n|\n|t:|1731600531\n|switch|p2b: Dragonite|Dragonite, L50, F|100\/100\n|-terastallize|p1a: Sneasler|Flying\n|move|p2a: Toxapex|Baneful Bunker|p2a: Toxapex\n|-singleturn|p2a: Toxapex|move: Protect\n|move|p1a: Sneasler|Coaching|p1b: Gliscor\n|-boost|p1b: Gliscor|atk|1\n|-boost|p1b: Gliscor|def|1\n|move|p1b: Gliscor|Earthquake|p2b: Dragonite|[spread] \n|-activate|p2a: Toxapex|move: Protect\n|-immune|p1a: Sneasler\n|-immune|p2b: Dragonite\n|\n|-damage|p1a: Sneasler|43\/100|[from] move: Infestation|[partiallytrapped]\n|upkeep\n|turn|4\n|inactive|rainha789 has 30 seconds left.\n|\n|t:|1731600561\n|-terastallize|p2a: Toxapex|Bug\n|move|p2b: Dragonite|Extreme Speed|p1a: Sneasler\n|-damage|p1a: Sneasler|0 fnt\n|faint|p1a: Sneasler\n|move|p1b: Gliscor|Dual Wingbeat|p2b: Dragonite\n|-damage|p2b: Dragonite|88\/100\n|-damage|p2b: Dragonite|64\/100\n|-hitcount|p2b: Dragonite|2\n|move|p2a: Toxapex|Infestation|p1b: Gliscor\n|-resisted|p1b: Gliscor\n|-damage|p1b: Gliscor|94\/100 tox\n|-activate|p1b: Gliscor|move: Infestation|[of] p2a: Toxapex\n|\n|-heal|p1b: Gliscor|100\/100 tox|[from] ability: Poison Heal\n|-damage|p1b: Gliscor|84\/100 tox|[from] move: Infestation|[partiallytrapped]\n|upkeep\n|\n|t:|1731600582\n|switch|p1a: Ceruledge|Ceruledge, L50, F|94\/100 tox\n|turn|5\n|\n|t:|1731600602\n|switch|p2b: Incineroar|Incineroar, L50, M|73\/100\n|-ability|p2b: Incineroar|Intimidate|boost\n|-unboost|p1a: Ceruledge|atk|1\n|-unboost|p1b: Gliscor|atk|1\n|move|p2a: Toxapex|Baneful Bunker|p2a: Toxapex\n|-singleturn|p2a: Toxapex|move: Protect\n|move|p1b: Gliscor|Facade|p2b: Incineroar\n|-damage|p2b: Incineroar|39\/100\n|move|p1a: Ceruledge|Bitter Blade|p2a: Toxapex\n|-activate|p2a: Toxapex|move: Protect\n|\n|-heal|p1b: Gliscor|97\/100 tox|[from] ability: Poison Heal\n|-damage|p1a: Ceruledge|88\/100 tox|[from] psn\n|-damage|p1b: Gliscor|80\/100 tox|[from] move: Infestation|[partiallytrapped]\n|upkeep\n|turn|6\n|inactive|rainha789 has 30 seconds left.\n|\n|t:|1731600629\n|switch|p1a: Dondozo|Dondozo, L50, M|100\/100\n|switch|p2b: Dragonite|Dragonite, L50, F|64\/100\n|move|p1b: Gliscor|Earthquake|p2a: Toxapex|[spread] p1a,p2a\n|-immune|p2b: Dragonite\n|-resisted|p2a: Toxapex\n|-damage|p1a: Dondozo|83\/100\n|-damage|p2a: Toxapex|92\/100\n|move|p2a: Toxapex|Infestation|p1a: Dondozo\n|-damage|p1a: Dondozo|75\/100\n|-activate|p1a: Dondozo|move: Infestation|[of] p2a: Toxapex\n|\n|-heal|p1a: Dondozo|81\/100|[from] item: Leftovers\n|-heal|p1b: Gliscor|93\/100 tox|[from] ability: Poison Heal\n|-damage|p1b: Gliscor|76\/100 tox|[from] move: Infestation|[partiallytrapped]\n|-damage|p1a: Dondozo|65\/100|[from] move: Infestation|[partiallytrapped]\n|upkeep\n|turn|7\n|inactive|rainha789 has 30 seconds left.\n|\n|t:|1731600659\n|move|p1b: Gliscor|Facade|p2b: Dragonite\n|-damage|p2b: Dragonite|28\/100\n|move|p2b: Dragonite|Ice Spinner|p1b: Gliscor\n|-supereffective|p1b: Gliscor\n|-damage|p1b: Gliscor|8\/100 tox\n|move|p1a: Dondozo|Yawn|p2a: Toxapex\n|-start|p2a: Toxapex|move: Yawn|[of] p1a: Dondozo\n|move|p2a: Toxapex|Toxic|p1a: Dondozo\n|-status|p1a: Dondozo|tox\n|\n|-heal|p1a: Dondozo|71\/100 tox|[from] item: Leftovers\n|-heal|p1b: Gliscor|20\/100 tox|[from] ability: Poison Heal\n|-damage|p1a: Dondozo|65\/100 tox|[from] psn\n|-damage|p1b: Gliscor|4\/100 tox|[from] move: Infestation|[partiallytrapped]\n|-damage|p1a: Dondozo|49\/100 tox|[from] move: Infestation|[partiallytrapped]\n|upkeep\n|turn|8\n|j| luisYR_a\n|\n|t:|1731600681\n|move|p1b: Gliscor|Protect|p1b: Gliscor\n|-singleturn|p1b: Gliscor|Protect\n|move|p2b: Dragonite|Extreme Speed|p1b: Gliscor\n|-activate|p1b: Gliscor|move: Protect\n|move|p1a: Dondozo|Liquidation|p2b: Dragonite\n|-resisted|p2b: Dragonite\n|-damage|p2b: Dragonite|12\/100\n|move|p2a: Toxapex|Recover|p2a: Toxapex\n|-heal|p2a: Toxapex|100\/100\n|\n|-heal|p1a: Dondozo|55\/100 tox|[from] item: Leftovers\n|-heal|p1b: Gliscor|16\/100 tox|[from] ability: Poison Heal\n|-damage|p1a: Dondozo|42\/100 tox|[from] psn\n|-damage|p1b: Gliscor|0 fnt|[from] move: Infestation|[partiallytrapped]\n|faint|p1b: Gliscor\n|-damage|p1a: Dondozo|26\/100 tox|[from] move: Infestation|[partiallytrapped]\n|-end|p2a: Toxapex|move: Yawn|[silent]\n|-status|p2a: Toxapex|slp\n|upkeep\n|-message|rainha789 forfeited.\n|\n|win|LilTic\n|raw|rainha789's rating: 1705 &rarr; <strong>1684<\/strong><br \/>(-21 for losing)\n|raw|LilTic's rating: 1692 &rarr; <strong>1713<\/strong><br \/>(+21 for winning)\n|l|\u2606rainha789\n|player|p1|\n|l|\u2606LilTic\n|player|p2|\n","uploadtime":1731600950,"views":5,"formatid":"gen9vgc2024regh","rating":1684,"private":0,"password":null}