{"id":"gen9vgc2024regh-2243052825","format":"[Gen 9] VGC 2024 Reg H","players":["pescatora2","VGCLTH Cuwutie"],"log":"|raw|<div class=\"broadcast-blue\"><strong>This battle is required to be public due to a player having a name starting with 'vgclth'.<\/div>\n|j|\u2606pescatora2\n|j|\u2606VGCLTH Cuwutie\n|t:|1731506851\n|gametype|doubles\n|player|p1|pescatora2|lucas|1825\n|player|p2|VGCLTH Cuwutie|102|1750\n|teamsize|p1|6\n|teamsize|p2|6\n|gen|9\n|tier|[Gen 9] VGC 2024 Reg H\n|rated|\n|rule|Species Clause: Limit one of each Pok\u00e9mon\n|rule|Item Clause: Limit 1 of each item\n|clearpoke\n|poke|p1|Archaludon, L50, M|\n|poke|p1|Dragonite, L50, F|\n|poke|p1|Pelipper, L50, M|\n|poke|p1|Ursaluna-Bloodmoon, L50, M|\n|poke|p1|Incineroar, L50, F|\n|poke|p1|Sinistcha-Masterpiece, L50|\n|poke|p2|Smeargle, L50, F|\n|poke|p2|Farigiraf, L50, M|\n|poke|p2|Grimmsnarl, L50, M|\n|poke|p2|Torkoal, L50, F|\n|poke|p2|Ursaluna-Bloodmoon, L50, M|\n|poke|p2|Araquanid, L50, M|\n|teampreview|4\n|\n|t:|1731506869\n|start\n|switch|p1a: Ursaluna|Ursaluna-Bloodmoon, L50, M|100\/100\n|switch|p1b: Dragonite|Dragonite, L50, F|100\/100\n|switch|p2a: Smeargle|Smeargle, L50, F|100\/100\n|switch|p2b: Farigiraf|Farigiraf, L50, M|100\/100\n|turn|1\n|inactive|Battle timer is ON: inactive players will automatically lose when time's up. (requested by VGCLTH Cuwutie)\n|j| pikavgc111\n|\n|t:|1731506874\n|move|p1b: Dragonite|Scale Shot|p2a: Smeargle\n|-damage|p2a: Smeargle|69\/100\n|-crit|p2a: Smeargle\n|-damage|p2a: Smeargle|21\/100\n|-damage|p2a: Smeargle|0 fnt\n|faint|p2a: Smeargle\n|-hitcount|p2: Smeargle|3\n|-unboost|p1b: Dragonite|def|1\n|-boost|p1b: Dragonite|spe|1\n|move|p1a: Ursaluna|Calm Mind|p1a: Ursaluna\n|-boost|p1a: Ursaluna|spa|1\n|-boost|p1a: Ursaluna|spd|1\n|move|p2b: Farigiraf|Trick Room|p2b: Farigiraf\n|-fieldstart|move: Trick Room|[of] p2b: Farigiraf\n|\n|upkeep\n|\n|t:|1731506886\n|switch|p2a: Araquanid|Araquanid, L50, M|100\/100\n|turn|2\n|\n|t:|1731506893\n|switch|p1b: Sinistcha|Sinistcha-Masterpiece, L50|100\/100\n|-terastallize|p2a: Araquanid|Water\n|move|p1a: Ursaluna|Protect|p1a: Ursaluna\n|-singleturn|p1a: Ursaluna|Protect\n|move|p2b: Farigiraf|Twin Beam|p1b: Sinistcha\n|-damage|p1b: Sinistcha|89\/100\n|-damage|p1b: Sinistcha|76\/100\n|-hitcount|p1b: Sinistcha|2\n|move|p2a: Araquanid|Liquidation|p1a: Ursaluna\n|-activate|p1a: Ursaluna|move: Protect\n|\n|upkeep\n|turn|3\n|\n|t:|1731506902\n|move|p2b: Farigiraf|Helping Hand|p2a: Araquanid\n|-singleturn|p2a: Araquanid|Helping Hand|[of] p2b: Farigiraf\n|move|p1b: Sinistcha|Rage Powder|p1b: Sinistcha\n|-singleturn|p1b: Sinistcha|move: Rage Powder\n|move|p2a: Araquanid|Liquidation|p1b: Sinistcha\n|-resisted|p1b: Sinistcha\n|-damage|p1b: Sinistcha|0 fnt\n|faint|p1b: Sinistcha\n|move|p1a: Ursaluna|Calm Mind|p1a: Ursaluna\n|-boost|p1a: Ursaluna|spa|1\n|-boost|p1a: Ursaluna|spd|1\n|\n|upkeep\n|\n|t:|1731506906\n|switch|p1b: Dragonite|Dragonite, L50, F|100\/100\n|turn|4\n|\n|t:|1731506925\n|-terastallize|p1a: Ursaluna|Ghost\n|move|p2b: Farigiraf|Twin Beam|p1b: Dragonite\n|-damage|p1b: Dragonite|92\/100\n|-damage|p1b: Dragonite|75\/100\n|-hitcount|p1b: Dragonite|2\n|move|p2a: Araquanid|Liquidation|p1a: Ursaluna\n|-damage|p1a: Ursaluna|10\/100\n|move|p1a: Ursaluna|Blood Moon|p2a: Araquanid\n|-damage|p2a: Araquanid|0 fnt\n|faint|p2a: Araquanid\n|move|p1b: Dragonite|Scale Shot|p2b: Farigiraf\n|-damage|p2b: Farigiraf|87\/100\n|-damage|p2b: Farigiraf|74\/100\n|-damage|p2b: Farigiraf|62\/100\n|-damage|p2b: Farigiraf|50\/100\n|-hitcount|p2b: Farigiraf|4\n|-unboost|p1b: Dragonite|def|1\n|-boost|p1b: Dragonite|spe|1\n|\n|-heal|p1a: Ursaluna|16\/100|[from] item: Leftovers\n|upkeep\n|\n|t:|1731506929\n|switch|p2a: Ursaluna|Ursaluna-Bloodmoon, L50, M|100\/100\n|turn|5\n|\n|t:|1731506934\n|move|p1a: Ursaluna|Protect|p1a: Ursaluna\n|-singleturn|p1a: Ursaluna|Protect\n|move|p1b: Dragonite|Protect|p1b: Dragonite\n|-singleturn|p1b: Dragonite|Protect\n|move|p2b: Farigiraf|Twin Beam|p1a: Ursaluna\n|-activate|p1a: Ursaluna|move: Protect\n|move|p2a: Ursaluna|Hyper Voice|p1b: Dragonite|[spread] \n|-activate|p1a: Ursaluna|move: Protect\n|-activate|p1b: Dragonite|move: Protect\n|\n|-heal|p1a: Ursaluna|22\/100|[from] item: Leftovers\n|-fieldend|move: Trick Room\n|upkeep\n|turn|6\n|\n|t:|1731506940\n|move|p1b: Dragonite|Scale Shot|p2a: Ursaluna\n|-damage|p2a: Ursaluna|92\/100\n|-damage|p2a: Ursaluna|83\/100\n|-damage|p2a: Ursaluna|74\/100\n|-crit|p2a: Ursaluna\n|-damage|p2a: Ursaluna|60\/100\n|-damage|p2a: Ursaluna|51\/100\n|-hitcount|p2a: Ursaluna|5\n|-unboost|p1b: Dragonite|def|1\n|-boost|p1b: Dragonite|spe|1\n|move|p1a: Ursaluna|Blood Moon|p2b: Farigiraf\n|-damage|p2b: Farigiraf|0 fnt\n|faint|p2b: Farigiraf\n|move|p2a: Ursaluna|Hyper Voice|p1a: Ursaluna|[spread] p1a,p1b\n|-damage|p1a: Ursaluna|0 fnt\n|-damage|p1b: Dragonite|23\/100\n|faint|p1a: Ursaluna\n|-damage|p2a: Ursaluna|41\/100|[from] item: Life Orb\n|\n|upkeep\n|\n|t:|1731506942\n|switch|p1a: Pelipper|Pelipper, L50, M|100\/100\n|-weather|RainDance|[from] ability: Drizzle|[of] p1a: Pelipper\n|turn|7\n|\n|t:|1731506945\n|move|p1b: Dragonite|Scale Shot|p2a: Ursaluna|[miss]\n|-miss|p1b: Dragonite|p2a: Ursaluna\n|move|p1a: Pelipper|Weather Ball|p2a: Ursaluna\n|-supereffective|p2a: Ursaluna\n|-damage|p2a: Ursaluna|0 fnt\n|faint|p2a: Ursaluna\n|\n|win|pescatora2\n|raw|pescatora2's rating: 1825 &rarr; <strong>1841<\/strong><br \/>(+16 for winning)\n|raw|VGCLTH Cuwutie's rating: 1750 &rarr; <strong>1734<\/strong><br \/>(-16 for losing)\n|l|\u2606VGCLTH Cuwutie\n|player|p2|\n|j| VGCLTH 2thyfor\n|l| VGCLTH 2thyfor\n|j| Tilzy\n|l| pikavgc111\n|l| Tilzy\n|j| VGCLTH 2thyfor\n|j| VGCLTH John Pork\n","uploadtime":1731506949,"views":33,"formatid":"gen9vgc2024regh","rating":1734,"private":0,"password":null}