{"id":"gen9vgc2024regh-2243243390","format":"[Gen 9] VGC 2024 Reg H","players":["VGCLTH Rishi","grovyleuwu"],"log":"|j|\u2606VGCLTH Rishi\n|j|\u2606grovyleuwu\n|t:|1731525468\n|gametype|doubles\n|player|p1|VGCLTH Rishi|shauntal|1699\n|player|p2|grovyleuwu|whitney|1796\n|teamsize|p1|6\n|teamsize|p2|6\n|gen|9\n|tier|[Gen 9] VGC 2024 Reg H\n|rated|\n|rule|Species Clause: Limit one of each Pok\u00e9mon\n|rule|Item Clause: Limit 1 of each item\n|clearpoke\n|poke|p1|Kommo-o, L50, F|\n|poke|p1|Rillaboom, L50, F|\n|poke|p1|Tyranitar, L50, M|\n|poke|p1|Talonflame, L50, M|\n|poke|p1|Gholdengo, L50|\n|poke|p1|Milotic, L50, F|\n|poke|p2|Pelipper, L50, M|\n|poke|p2|Sneasler, L50, F|\n|poke|p2|Archaludon, L50, F|\n|poke|p2|Indeedee, L50, M|\n|poke|p2|Basculegion, L50, M|\n|poke|p2|Talonflame, L50, M|\n|teampreview|4\n|inactive|Battle timer is ON: inactive players will automatically lose when time's up. (requested by grovyleuwu)\n|j| 2thyfor\n|j| vgclth souly\n|\n|t:|1731525497\n|start\n|switch|p1a: Gholdengo|Gholdengo, L50|100\/100\n|switch|p1b: Tyranitar|Tyranitar, L50, M|100\/100\n|switch|p2a: Talonflame|Talonflame, L50, M|100\/100\n|switch|p2b: Archaludon|Archaludon, L50, F|100\/100\n|-weather|Sandstorm|[from] ability: Sand Stream|[of] p1b: Tyranitar\n|turn|1\n|\n|t:|1731525512\n|switch|p1a: Kommo-o|Kommo-o, L50, F|100\/100\n|-terastallize|p2b: Archaludon|Electric\n|move|p2a: Talonflame|Will-O-Wisp|p1b: Tyranitar\n|-status|p1b: Tyranitar|brn\n|move|p2b: Archaludon|Electro Shot||[still]\n|-prepare|p2b: Archaludon|Electro Shot\n|-boost|p2b: Archaludon|spa|1\n|-enditem|p2b: Archaludon|Power Herb\n|-anim|p2b: Archaludon|Electro Shot|p1a: Kommo-o\n|-resisted|p1a: Kommo-o\n|-damage|p1a: Kommo-o|60\/100\n|move|p1b: Tyranitar|Knock Off|p2a: Talonflame\n|-damage|p2a: Talonflame|60\/100\n|-enditem|p2a: Talonflame|Covert Cloak|[from] move: Knock Off|[of] p1b: Tyranitar\n|\n|-weather|Sandstorm|[upkeep]\n|-damage|p2a: Talonflame|54\/100|[from] Sandstorm\n|-damage|p2b: Archaludon|94\/100|[from] Sandstorm\n|-heal|p1a: Kommo-o|66\/100|[from] item: Leftovers\n|-damage|p1b: Tyranitar|94\/100 brn|[from] brn\n|upkeep\n|turn|2\n|inactive|VGCLTH Rishi has 30 seconds left.\n|inactive|grovyleuwu has 30 seconds left.\n|inactive|VGCLTH Rishi has 20 seconds left.\n|inactive|grovyleuwu has 20 seconds left.\n|\n|t:|1731525550\n|move|p2a: Talonflame|Tailwind|p2a: Talonflame\n|-sidestart|p2: grovyleuwu|move: Tailwind\n|move|p2b: Archaludon|Aura Sphere|p1b: Tyranitar\n|-supereffective|p1b: Tyranitar\n|-damage|p1b: Tyranitar|25\/100 brn\n|move|p1a: Kommo-o|Iron Defense|p1a: Kommo-o\n|-boost|p1a: Kommo-o|def|2\n|move|p1b: Tyranitar|Rock Slide|p2b: Archaludon|[spread] p2b\n|-miss|p1b: Tyranitar|p2a: Talonflame\n|-damage|p2b: Archaludon|81\/100\n|\n|-weather|Sandstorm|[upkeep]\n|-damage|p2a: Talonflame|48\/100|[from] Sandstorm\n|-damage|p2b: Archaludon|75\/100|[from] Sandstorm\n|-heal|p1a: Kommo-o|72\/100|[from] item: Leftovers\n|-damage|p1b: Tyranitar|19\/100 brn|[from] brn\n|upkeep\n|turn|3\n|\n|t:|1731525568\n|move|p2a: Talonflame|Dual Wingbeat|p1a: Kommo-o\n|-supereffective|p1a: Kommo-o\n|-damage|p1a: Kommo-o|61\/100\n|-supereffective|p1a: Kommo-o\n|-damage|p1a: Kommo-o|49\/100\n|-hitcount|p1a: Kommo-o|2\n|move|p2b: Archaludon|Dragon Pulse|p1a: Kommo-o\n|-supereffective|p1a: Kommo-o\n|-damage|p1a: Kommo-o|0 fnt\n|faint|p1a: Kommo-o\n|move|p1b: Tyranitar|Knock Off|p2b: Archaludon\n|-damage|p2b: Archaludon|58\/100\n|\n|-weather|Sandstorm|[upkeep]\n|-damage|p2a: Talonflame|42\/100|[from] Sandstorm\n|-damage|p2b: Archaludon|52\/100|[from] Sandstorm\n|-damage|p1b: Tyranitar|13\/100 brn|[from] brn\n|upkeep\n|\n|t:|1731525588\n|switch|p1a: Rillaboom|Rillaboom, L50, F, shiny|100\/100\n|-fieldstart|move: Grassy Terrain|[from] ability: Grassy Surge|[of] p1a: Rillaboom\n|turn|4\n|\n|t:|1731525603\n|switch|p1b: Gholdengo|Gholdengo, L50|100\/100\n|-terastallize|p1a: Rillaboom|Grass\n|move|p2b: Archaludon|Protect|p2b: Archaludon\n|-singleturn|p2b: Archaludon|Protect\n|move|p1a: Rillaboom|Grassy Glide|p2b: Archaludon\n|-activate|p2b: Archaludon|move: Protect\n|move|p2a: Talonflame|Flare Blitz|p1a: Rillaboom\n|-supereffective|p1a: Rillaboom\n|-damage|p1a: Rillaboom|15\/100\n|-damage|p2a: Talonflame|4\/100|[from] Recoil\n|\n|-weather|Sandstorm|[upkeep]\n|-damage|p2a: Talonflame|0 fnt|[from] Sandstorm\n|-damage|p2b: Archaludon|46\/100|[from] Sandstorm\n|-damage|p1a: Rillaboom|10\/100|[from] Sandstorm\n|faint|p2a: Talonflame\n|-heal|p2b: Archaludon|52\/100|[from] Grassy Terrain\n|-heal|p1a: Rillaboom|15\/100|[from] Grassy Terrain\n|upkeep\n|\n|t:|1731525619\n|switch|p2a: Indeedee|Indeedee, L50, M|100\/100\n|-fieldstart|move: Psychic Terrain|[from] ability: Psychic Surge|[of] p2a: Indeedee\n|turn|5\n|\n|t:|1731525634\n|switch|p1a: Tyranitar|Tyranitar, L50, M|13\/100 brn\n|move|p2a: Indeedee|Expanding Force|p1b: Gholdengo|[spread] p1b\n|-immune|p1a: Tyranitar\n|-resisted|p1b: Gholdengo\n|-damage|p1b: Gholdengo|70\/100\n|move|p2b: Archaludon|Dragon Pulse|p1b: Gholdengo\n|-resisted|p1b: Gholdengo\n|-damage|p1b: Gholdengo|31\/100\n|move|p1b: Gholdengo|Make It Rain|p2a: Indeedee|[spread] p2a,p2b\n|-resisted|p2b: Archaludon\n|-damage|p2a: Indeedee|5\/100\n|-damage|p2b: Archaludon|2\/100\n|-unboost|p1b: Gholdengo|spa|1\n|\n|-weather|none\n|-damage|p1a: Tyranitar|7\/100 brn|[from] brn\n|-sideend|p2: grovyleuwu|move: Tailwind\n|upkeep\n|turn|6\n|inactive|VGCLTH Rishi has 30 seconds left.\n|inactive|grovyleuwu has 30 seconds left.\n|inactive|VGCLTH Rishi has 20 seconds left.\n|inactive|VGCLTH Rishi has 15 seconds left.\n|\n|t:|1731525678\n|switch|p2a: Sneasler|Sneasler, L50, F|100\/100\n|-enditem|p2a: Sneasler|Psychic Seed\n|-boost|p2a: Sneasler|spd|1|[from] item: Psychic Seed\n|switch|p1a: Rillaboom|Rillaboom, L50, F, shiny, tera:Grass|15\/100\n|-fieldstart|move: Grassy Terrain|[from] ability: Grassy Surge|[of] p1a: Rillaboom\n|move|p2b: Archaludon|Protect|p2b: Archaludon\n|-singleturn|p2b: Archaludon|Protect\n|move|p1b: Gholdengo|Make It Rain|p2b: Archaludon|[spread] p2a\n|-activate|p2b: Archaludon|move: Protect\n|-damage|p2a: Sneasler|61\/100\n|-unboost|p1b: Gholdengo|spa|1\n|\n|-heal|p2a: Sneasler|67\/100|[from] Grassy Terrain\n|-heal|p2b: Archaludon|8\/100|[from] Grassy Terrain\n|-heal|p1b: Gholdengo|37\/100|[from] Grassy Terrain\n|-heal|p1a: Rillaboom|21\/100|[from] Grassy Terrain\n|upkeep\n|turn|7\n|inactive|VGCLTH Rishi has 30 seconds left.\n|inactive|grovyleuwu has 30 seconds left.\n|inactive|VGCLTH Rishi has 20 seconds left.\n|inactive|VGCLTH Rishi has 15 seconds left.\n|inactive|VGCLTH Rishi has 10 seconds left.\n|\n|t:|1731525726\n|switch|p2b: Indeedee|Indeedee, L50, M|5\/100\n|-fieldstart|move: Psychic Terrain|[from] ability: Psychic Surge|[of] p2b: Indeedee\n|switch|p1b: Tyranitar|Tyranitar, L50, M|7\/100 brn\n|-weather|Sandstorm|[from] ability: Sand Stream|[of] p1b: Tyranitar\n|move|p2a: Sneasler|Dire Claw|p1a: Rillaboom\n|-supereffective|p1a: Rillaboom\n|-damage|p1a: Rillaboom|0 fnt\n|faint|p1a: Rillaboom\n|\n|-weather|Sandstorm|[upkeep]\n|-damage|p2a: Sneasler|61\/100|[from] Sandstorm\n|-damage|p2b: Indeedee|0 fnt|[from] Sandstorm\n|faint|p2b: Indeedee\n|-damage|p1b: Tyranitar|1\/100 brn|[from] brn\n|upkeep\n|\n|t:|1731525744\n|switch|p2b: Archaludon|Archaludon, L50, F, tera:Electric|8\/100\n|switch|p1a: Gholdengo|Gholdengo, L50|37\/100\n|turn|8\n|\n|t:|1731525759\n|move|p2a: Sneasler|Protect|p2a: Sneasler\n|-singleturn|p2a: Sneasler|Protect\n|move|p2b: Archaludon|Dragon Pulse|p1a: Gholdengo\n|-resisted|p1a: Gholdengo\n|-damage|p1a: Gholdengo|12\/100\n|move|p1a: Gholdengo|Make It Rain|p2a: Sneasler|[spread] p2b\n|-activate|p2a: Sneasler|move: Protect\n|-resisted|p2b: Archaludon\n|-damage|p2b: Archaludon|0 fnt\n|-unboost|p1a: Gholdengo|spa|1\n|faint|p2b: Archaludon\n|move|p1b: Tyranitar|Knock Off|p2a: Sneasler\n|-activate|p2a: Sneasler|move: Protect\n|\n|-weather|Sandstorm|[upkeep]\n|-damage|p2a: Sneasler|55\/100|[from] Sandstorm\n|-damage|p1b: Tyranitar|0 fnt|[from] brn\n|faint|p1b: Tyranitar\n|upkeep\n|turn|9\n|\n|t:|1731525767\n|move|p2a: Sneasler|Throat Chop|p1a: Gholdengo\n|-supereffective|p1a: Gholdengo\n|-damage|p1a: Gholdengo|0 fnt\n|faint|p1a: Gholdengo\n|\n|win|grovyleuwu\n|raw|VGCLTH Rishi's rating: 1699 &rarr; <strong>1684<\/strong><br \/>(-15 for losing)\n|raw|grovyleuwu's rating: 1796 &rarr; <strong>1811<\/strong><br \/>(+15 for winning)\n|l|\u2606VGCLTH Rishi\n|player|p1|\n|l|\u2606grovyleuwu\n|player|p2|\n|l| 2thyfor\n|j| 2thyfor\n|l| 2thyfor\n","uploadtime":1731525939,"views":19,"formatid":"gen9vgc2024regh","rating":1684,"private":0,"password":null}