{"id":"gen9vgc2024regh-2243741406","format":"[Gen 9] VGC 2024 Reg H","players":["vgclth elowyn","VGCLTH Thacrow"],"log":"|j|\u2606vgclth elowyn\n|j|\u2606VGCLTH Thacrow\n|t:|1731594502\n|gametype|doubles\n|player|p1|vgclth elowyn|1|1779\n|player|p2|VGCLTH Thacrow|wallace-masters|1870\n|teamsize|p1|6\n|teamsize|p2|6\n|gen|9\n|tier|[Gen 9] VGC 2024 Reg H\n|rated|\n|rule|Species Clause: Limit one of each Pok\u00e9mon\n|rule|Item Clause: Limit 1 of each item\n|clearpoke\n|poke|p1|Smeargle, L50, F|\n|poke|p1|Farigiraf, L50, F|\n|poke|p1|Maushold-Four, L50|\n|poke|p1|Torkoal, L50, M|\n|poke|p1|Ursaluna-Bloodmoon, L50, M|\n|poke|p1|Weezing-Galar, L50, M|\n|poke|p2|Ceruledge, L50, M|\n|poke|p2|Gastrodon-East, L50, M|\n|poke|p2|Sneasler, L50, M|\n|poke|p2|Dragonite, L50, F|\n|poke|p2|Rillaboom, L50, F|\n|poke|p2|Kingambit, L50, M|\n|teampreview|4\n|c|\u2606VGCLTH Thacrow|Wtf\n|c|\u2606VGCLTH Thacrow|It queued 2 at the same time\n|c|\u2606VGCLTH Thacrow|Can you wait pls\n|c|\u2606vgclth elowyn|alr\n|j| Jesuuuus\n|l|\u2606vgclth elowyn\n|player|p1|\n|j|\u2606vgclth elowyn\n|player|p1|vgclth elowyn|1|\n|j| VGCLTH Carrots\n|j| MinamiSimp\n|c| MinamiSimp|start timer >:)\n|j| vgclth souly\n|c|\u2606vgclth elowyn|I am not that evil\n|l| vgclth souly\n|j| FBIAltMan\n|c|\u2606VGCLTH Thacrow|Ok Im here\nVGCLTH Thacrow has agreed to open team sheets.\n|c| FBIAltMan|Wow that was fast\n|c|\u2606VGCLTH Thacrow|I dire claw slept lily\n|\n|t:|1731594735\n|start\n|switch|p1a: Smeargle|Smeargle, L50, F|100\/100\n|switch|p1b: Farigiraf|Farigiraf, L50, F|100\/100\n|switch|p2a: Kidturtle|Sneasler, L50, M, shiny|100\/100\n|switch|p2b: Christian|Ceruledge, L50, M|100\/100\n|turn|1\n|c| FBIAltMan|Skill\n|l| VGCLTH Carrots\n|\n|t:|1731594747\n|-terastallize|p2b: Christian|Grass\n|move|p1a: Smeargle|Fake Out|p2a: Kidturtle\n|-damage|p2a: Kidturtle|92\/100\n|cant|p2a: Kidturtle|flinch\n|move|p2b: Christian|Bitter Blade|p1b: Farigiraf\n|-crit|p1b: Farigiraf\n|-damage|p1b: Farigiraf|35\/100\n|move|p1b: Farigiraf|Trick Room|p1b: Farigiraf\n|-fieldstart|move: Trick Room|[of] p1b: Farigiraf\n|\n|-ability|p1a: Smeargle|Moody|boost\n|-boost|p1a: Smeargle|def|2\n|-unboost|p1a: Smeargle|spe|1\n|-enditem|p1a: Smeargle|Eject Pack\n|upkeep\n|\n|t:|1731594753\n|switch|p1a: Ursaluna|Ursaluna-Bloodmoon, L50, M|100\/100\n|turn|2\n|\n|t:|1731594765\n|switch|p2a: Joe Dog|Gastrodon-East, L50, M|100\/100\n|-terastallize|p1a: Ursaluna|Normal\n|move|p1b: Farigiraf|Helping Hand|p1a: Ursaluna\n|-singleturn|p1a: Ursaluna|Helping Hand|[of] p1b: Farigiraf\n|move|p1a: Ursaluna|Hyper Voice|p2b: Christian|[spread] p2a,p2b\n|-damage|p2a: Joe Dog|13\/100\n|-damage|p2b: Christian|5\/100\n|-enditem|p2a: Joe Dog|Sitrus Berry|[eat]\n|-heal|p2a: Joe Dog|38\/100|[from] item: Sitrus Berry\n|-damage|p1a: Ursaluna|90\/100|[from] item: Life Orb\n|move|p2b: Christian|Bitter Blade|p1b: Farigiraf\n|-damage|p1b: Farigiraf|0 fnt\n|-heal|p2b: Christian|28\/100|[from] drain|[of] p1b: Farigiraf\n|faint|p1b: Farigiraf\n|\n|-heal|p2b: Christian|34\/100|[from] item: Leftovers\n|upkeep\n|\n|t:|1731594774\n|switch|p1b: Torkoal|Torkoal, L50, M|100\/100\n|-weather|SunnyDay|[from] ability: Drought|[of] p1b: Torkoal\n|turn|3\n|\n|t:|1731594788\n|switch|p2a: Main Flutter|Dragonite, L50, F, shiny|100\/100\n|move|p2b: Christian|Protect|p2b: Christian\n|-singleturn|p2b: Christian|Protect\n|move|p1b: Torkoal|Eruption|p2b: Christian|[spread] p2a\n|-activate|p2b: Christian|move: Protect\n|-resisted|p2a: Main Flutter\n|-damage|p2a: Main Flutter|72\/100\n|move|p1a: Ursaluna|Hyper Voice|p2b: Christian|[spread] p2a\n|-activate|p2b: Christian|move: Protect\n|-damage|p2a: Main Flutter|0 fnt\n|faint|p2a: Main Flutter\n|-damage|p1a: Ursaluna|80\/100|[from] item: Life Orb\n|\n|-weather|SunnyDay|[upkeep]\n|-heal|p2b: Christian|40\/100|[from] item: Leftovers\n|upkeep\n|j| bluestraggler03\n|\n|t:|1731594796\n|switch|p2a: Kidturtle|Sneasler, L50, M, shiny|92\/100\n|turn|4\n|j| crescent5\n|\n|t:|1731594816\n|move|p1a: Ursaluna|Protect|p1a: Ursaluna\n|-singleturn|p1a: Ursaluna|Protect\n|move|p1b: Torkoal|Eruption|p2b: Christian|[spread] p2a\n|-start|p2b: Christian|ability: Flash Fire\n|-damage|p2a: Kidturtle|0 fnt\n|faint|p2a: Kidturtle\n|move|p2b: Christian|Bitter Blade|p1a: Ursaluna\n|-activate|p1a: Ursaluna|move: Protect\n|\n|-weather|SunnyDay|[upkeep]\n|-heal|p2b: Christian|46\/100|[from] item: Leftovers\n|upkeep\n|\n|t:|1731594818\n|switch|p2a: Joe Dog|Gastrodon-East, L50, M|38\/100\n|turn|5\n|j| VGCLTHWitchMag\n|\n|t:|1731594831\n|switch|p1a: Smeargle|Smeargle, L50, F|100\/100\n|move|p2a: Joe Dog|Protect|p2a: Joe Dog\n|-singleturn|p2a: Joe Dog|Protect\n|move|p2b: Christian|Protect|p2b: Christian\n|-singleturn|p2b: Christian|Protect\n|move|p1b: Torkoal|Eruption|p2b: Christian|[spread] \n|-activate|p2a: Joe Dog|move: Protect\n|-activate|p2b: Christian|move: Protect\n|\n|-weather|SunnyDay|[upkeep]\n|-heal|p2b: Christian|52\/100|[from] item: Leftovers\n|-fieldend|move: Trick Room\n|-ability|p1a: Smeargle|Moody|boost\n|-boost|p1a: Smeargle|spd|2\n|-unboost|p1a: Smeargle|spa|1\n|upkeep\n|turn|6\n|\n|t:|1731594840\n|move|p1a: Smeargle|Fake Out|p2b: Christian\n|-damage|p2b: Christian|47\/100\n|cant|p2b: Christian|flinch\n|move|p2a: Joe Dog|Earth Power|p1b: Torkoal\n|-supereffective|p1b: Torkoal\n|-damage|p1b: Torkoal|12\/100\n|move|p1b: Torkoal|Eruption|p2a: Joe Dog|[spread] p2a\n|-immune|p2b: Christian|[from] ability: Flash Fire\n|-resisted|p2a: Joe Dog\n|-damage|p2a: Joe Dog|32\/100\n|\n|-weather|SunnyDay|[upkeep]\n|-heal|p2b: Christian|53\/100|[from] item: Leftovers\n|-ability|p1a: Smeargle|Moody|boost\n|-boost|p1a: Smeargle|spd|2\n|-unboost|p1a: Smeargle|atk|1\n|upkeep\n|turn|7\n|l| VGCLTHWitchMag\n|\n|t:|1731594856\n|move|p2a: Joe Dog|Protect|p2a: Joe Dog\n|-singleturn|p2a: Joe Dog|Protect\n|move|p1a: Smeargle|Spore|p2a: Joe Dog\n|-activate|p2a: Joe Dog|move: Protect\n|move|p2b: Christian|Bitter Blade|p1a: Smeargle\n|-damage|p1a: Smeargle|0 fnt\n|-heal|p2b: Christian|98\/100|[from] drain|[of] p1a: Smeargle\n|faint|p1a: Smeargle\n|move|p1b: Torkoal|Eruption|p2a: Joe Dog|[spread] \n|-activate|p2a: Joe Dog|move: Protect\n|-immune|p2b: Christian|[from] ability: Flash Fire\n|\n|-weather|none\n|-heal|p2b: Christian|100\/100|[from] item: Leftovers\n|upkeep\n|\n|t:|1731594858\n|switch|p1a: Ursaluna|Ursaluna-Bloodmoon, L50, M, tera:Normal|80\/100\n|turn|8\n|\n|t:|1731594865\n|move|p2b: Christian|Bitter Blade|p1b: Torkoal\n|-resisted|p1b: Torkoal\n|-damage|p1b: Torkoal|0 fnt\n|faint|p1b: Torkoal\n|move|p2a: Joe Dog|Earth Power|p1a: Ursaluna\n|-damage|p1a: Ursaluna|40\/100\n|move|p1a: Ursaluna|Blood Moon|p2b: Christian\n|-damage|p2b: Christian|0 fnt\n|faint|p2b: Christian\n|-damage|p1a: Ursaluna|30\/100|[from] item: Life Orb\n|\n|upkeep\n|turn|9\n|\n|t:|1731594885\n|move|p1a: Ursaluna|Protect|p1a: Ursaluna\n|-singleturn|p1a: Ursaluna|Protect\n|move|p2a: Joe Dog|Earth Power|p1a: Ursaluna\n|-activate|p1a: Ursaluna|move: Protect\n|\n|upkeep\n|turn|10\n|\n|t:|1731594888\n|move|p2a: Joe Dog|Earth Power|p1a: Ursaluna\n|-damage|p1a: Ursaluna|0 fnt\n|faint|p1a: Ursaluna\n|\n|win|VGCLTH Thacrow\n|raw|vgclth elowyn's rating: 1795 &rarr; <strong>1780<\/strong><br \/>(-15 for losing)\n|raw|VGCLTH Thacrow's rating: 1882 &rarr; <strong>1897<\/strong><br \/>(+15 for winning)\n|c|\u2606VGCLTH Thacrow|Gf\n|c|\u2606VGCLTH Thacrow|Gg\n|c|\u2606vgclth elowyn|gg\n|c|\u2606vgclth elowyn|I threw\n|l| crescent5\n|c|\u2606VGCLTH Thacrow|Yea\n|c|\u2606VGCLTH Thacrow|You shouldve switched tork out\n|l| Jesuuuus\n|c|\u2606VGCLTH Thacrow|Not bear\n|c|\u2606vgclth elowyn|I forgot gastro had tect\n|l| bluestraggler03\n|l|\u2606VGCLTH Thacrow\n|player|p2|\n|l| MinamiSimp\n","uploadtime":1731595148,"views":58,"formatid":"gen9vgc2024regh","rating":1780,"private":0,"password":null}