{"id":"gen9vgc2024regh-2243438246","format":"[Gen 9] VGC 2024 Reg H","players":["VGCLTH It'sJustKen","don't use magmar"],"log":"|raw|<div class=\"broadcast-blue\"><strong>This battle is required to be public due to a player having a name starting with 'vgclth'.<\/div>\n|j|\u2606VGCLTH It'sJustKen\n|j|\u2606don't use magmar\n|t:|1731546854\n|gametype|doubles\n|player|p1|VGCLTH It'sJustKen|turo|1715\n|player|p2|don't use magmar|lucas|1769\n|teamsize|p1|6\n|teamsize|p2|6\n|gen|9\n|tier|[Gen 9] VGC 2024 Reg H\n|rated|\n|rule|Species Clause: Limit one of each Pok\u00e9mon\n|rule|Item Clause: Limit 1 of each item\n|clearpoke\n|poke|p1|Gholdengo, L50|\n|poke|p1|Kommo-o, L50, M|\n|poke|p1|Clefairy, L50, M|\n|poke|p1|Farigiraf, L50, M|\n|poke|p1|Talonflame, L50, M|\n|poke|p1|Garchomp, L50, M|\n|poke|p2|Incineroar, L50, F|\n|poke|p2|Amoonguss, L50, M|\n|poke|p2|Gholdengo, L50|\n|poke|p2|Sneasler, L50, M|\n|poke|p2|Ursaluna-Bloodmoon, L50, M|\n|poke|p2|Palafin, L50, F|\n|teampreview|4\n|inactive|Battle timer is ON: inactive players will automatically lose when time's up. (requested by VGCLTH It'sJustKen)\n|inactive|VGCLTH It'sJustKen has 60 seconds left.\n|\n|t:|1731546887\n|start\n|switch|p1a: Garchomp|Garchomp, L50, M|100\/100\n|switch|p1b: Talonflame|Talonflame, L50, M, shiny|100\/100\n|switch|p2a: Ursaluna|Ursaluna-Bloodmoon, L50, M|100\/100\n|switch|p2b: Palafin|Palafin, L50, F|100\/100\n|turn|1\n|j| girl latias\n|\n|t:|1731546901\n|detailschange|p2b: Palafin|Palafin-Hero, L50, F\n|switch|p2b: Incineroar|Incineroar, L50, F|100\/100\n|-ability|p2b: Incineroar|Intimidate|boost\n|-fail|p1a: Garchomp|unboost|[from] item: Clear Amulet|[of] p1a: Garchomp\n|-unboost|p1b: Talonflame|atk|1\n|move|p1b: Talonflame|Taunt|p2b: Incineroar\n|-start|p2b: Incineroar|move: Taunt\n|move|p1a: Garchomp|Earthquake|p2b: Incineroar|[spread] p2a,p2b\n|-immune|p1b: Talonflame\n|-supereffective|p2b: Incineroar\n|-damage|p2a: Ursaluna|73\/100\n|-damage|p2b: Incineroar|23\/100\n|move|p2a: Ursaluna|Blood Moon|p1a: Garchomp\n|-damage|p1a: Garchomp|17\/100\n|\n|upkeep\n|turn|2\n|\n|t:|1731546918\n|switch|p2b: Amoonguss|Amoonguss, L50, M|100\/100\n|move|p1a: Garchomp|Protect|p1a: Garchomp\n|-singleturn|p1a: Garchomp|Protect\n|move|p1b: Talonflame|Flare Blitz|p2a: Ursaluna\n|-damage|p2a: Ursaluna|51\/100\n|-damage|p1b: Talonflame|91\/100|[from] Recoil\n|move|p2a: Ursaluna|Hyper Voice|p1b: Talonflame|[spread] p1b\n|-activate|p1a: Garchomp|move: Protect\n|-crit|p1b: Talonflame\n|-damage|p1b: Talonflame|4\/100\n|\n|upkeep\n|turn|3\n|inactive|VGCLTH It'sJustKen has 30 seconds left.\n|\n|t:|1731546944\n|switch|p1b: *hears the music*|Gholdengo, L50|100\/100\n|move|p2a: Ursaluna|Vacuum Wave|p1b: *hears the music*\n|-supereffective|p1b: *hears the music*\n|-damage|p1b: *hears the music*|67\/100\n|move|p1a: Garchomp|Dragon Claw|p2a: Ursaluna\n|-damage|p2a: Ursaluna|20\/100\n|move|p2b: Amoonguss|Spore|p1a: Garchomp\n|-status|p1a: Garchomp|slp|[from] move: Spore\n|\n|upkeep\n|turn|4\n|inactive|VGCLTH It'sJustKen has 30 seconds left.\n|\n|t:|1731546971\n|switch|p1a: Kommo-o|Kommo-o, L50, M|100\/100\n|move|p2b: Amoonguss|Protect|p2b: Amoonguss\n|-singleturn|p2b: Amoonguss|Protect\n|move|p2a: Ursaluna|Vacuum Wave|p1b: *hears the music*\n|-supereffective|p1b: *hears the music*\n|-damage|p1b: *hears the music*|33\/100\n|move|p1b: *hears the music*|Make It Rain|p2b: Amoonguss|[spread] p2a\n|-activate|p2b: Amoonguss|move: Protect\n|-damage|p2a: Ursaluna|0 fnt\n|-unboost|p1b: *hears the music*|spa|1\n|faint|p2a: Ursaluna\n|\n|upkeep\n|\n|t:|1731546975\n|switch|p2a: Palafin|Palafin-Hero, L50, F|100\/100\n|-activate|p2a: Palafin|ability: Zero to Hero\n|turn|5\n|\n|t:|1731546997\n|-terastallize|p1a: Kommo-o|Dragon\n|move|p2a: Palafin|Jet Punch|p1b: *hears the music*\n|-damage|p1b: *hears the music*|0 fnt\n|faint|p1b: *hears the music*\n|move|p1a: Kommo-o|Clanging Scales|p2a: Palafin|[spread] p2a,p2b\n|-damage|p2a: Palafin|22\/100\n|-damage|p2b: Amoonguss|34\/100\n|-enditem|p2b: Amoonguss|Sitrus Berry|[eat]\n|-heal|p2b: Amoonguss|59\/100|[from] item: Sitrus Berry\n|-unboost|p1a: Kommo-o|def|1\n|move|p2b: Amoonguss|Sludge Bomb|p1a: Kommo-o\n|-damage|p1a: Kommo-o|66\/100\n|\n|upkeep\n|\n|t:|1731547009\n|switch|p1b: Talonflame|Talonflame, L50, M, shiny|4\/100\n|turn|6\n|inactive|don't use magmar has 30 seconds left.\n|\n|t:|1731547037\n|move|p2a: Palafin|Protect|p2a: Palafin\n|-singleturn|p2a: Palafin|Protect\n|move|p1b: Talonflame|Brave Bird|p2b: Amoonguss\n|-supereffective|p2b: Amoonguss\n|-damage|p2b: Amoonguss|0 fnt\n|faint|p2b: Amoonguss\n|-damage|p1b: Talonflame|0 fnt|[from] Recoil\n|faint|p1b: Talonflame\n|move|p1a: Kommo-o|Clanging Scales|p2a: Palafin\n|-activate|p2a: Palafin|move: Protect\n|\n|upkeep\n|inactive|VGCLTH It'sJustKen has 30 seconds left.\n|inactive|VGCLTH It'sJustKen has 20 seconds left.\n|inactive|VGCLTH It'sJustKen has 15 seconds left.\n|\n|t:|1731547079\n|switch|p1b: Garchomp|Garchomp, L50, M|17\/100 slp\n|switch|p2b: Incineroar|Incineroar, L50, F|23\/100\n|-ability|p2b: Incineroar|Intimidate|boost\n|-unboost|p1a: Kommo-o|atk|1\n|-fail|p1b: Garchomp|unboost|[from] item: Clear Amulet|[of] p1b: Garchomp\n|turn|7\n|\n|t:|1731547084\n|-terastallize|p2a: Palafin|Water\n|move|p2b: Incineroar|Fake Out|p1a: Kommo-o\n|-damage|p1a: Kommo-o|48\/100\n|move|p2a: Palafin|Jet Punch|p1a: Kommo-o\n|-resisted|p1a: Kommo-o\n|-damage|p1a: Kommo-o|3\/100\n|cant|p1b: Garchomp|slp\n|cant|p1a: Kommo-o|flinch\n|\n|upkeep\n|turn|8\n|\n|t:|1731547091\n|move|p2a: Palafin|Jet Punch|p1a: Kommo-o\n|-resisted|p1a: Kommo-o\n|-damage|p1a: Kommo-o|0 fnt\n|faint|p1a: Kommo-o\n|cant|p1b: Garchomp|slp\n|move|p2b: Incineroar|Knock Off|p1b: Garchomp\n|-damage|p1b: Garchomp|0 fnt\n|-damage|p2b: Incineroar|11\/100|[from] ability: Rough Skin|[of] p1b: Garchomp\n|-enditem|p1b: Garchomp|Clear Amulet|[from] move: Knock Off|[of] p2b: Incineroar\n|faint|p1b: Garchomp\n|\n|win|don't use magmar\n|raw|VGCLTH It&apos;sJustKen's rating: 1732 &rarr; <strong>1714<\/strong><br \/>(-18 for losing)\n|raw|don&apos;t use magmar's rating: 1769 &rarr; <strong>1787<\/strong><br \/>(+18 for winning)\n|l|\u2606VGCLTH It'sJustKen\n|player|p1|\n|j|\u2606VGCLTH It'sJustKen\n|player|p1|VGCLTH It'sJustKen|turo|\n|l|\u2606don't use magmar\n|player|p2|\n|l|\u2606VGCLTH It'sJustKen\n|player|p1|\n|l| girl latias\n","uploadtime":1731547248,"views":47,"formatid":"gen9vgc2024regh","rating":1714,"private":0,"password":null}