{"id":"gen9vgc2024regh-2243700189","format":"[Gen 9] VGC 2024 Reg H","players":["HarshEuroBarge","VGCLTH SWM"],"log":"|j|\u2606HarshEuroBarge\n|j|\u2606VGCLTH SWM\n|t:|1731589758\n|gametype|doubles\n|player|p1|HarshEuroBarge|169|1724\n|player|p2|VGCLTH SWM|hugh|1786\n|teamsize|p1|6\n|teamsize|p2|6\n|gen|9\n|tier|[Gen 9] VGC 2024 Reg H\n|rated|\n|rule|Species Clause: Limit one of each Pok\u00e9mon\n|rule|Item Clause: Limit 1 of each item\n|clearpoke\n|poke|p1|Smeargle, L50, M|\n|poke|p1|Primeape, L50, M|\n|poke|p1|Rillaboom, L50, F|\n|poke|p1|Indeedee-F, L50, F|\n|poke|p1|Whimsicott, L50, M|\n|poke|p1|Krookodile, L50, F|\n|poke|p2|Pelipper, L50, M|\n|poke|p2|Archaludon, L50, M|\n|poke|p2|Rillaboom, L50, F|\n|poke|p2|Sneasler, L50, M|\n|poke|p2|Incineroar, L50, F|\n|poke|p2|Gholdengo, L50|\n|teampreview|4\n|\n|t:|1731589777\n|start\n|switch|p1a: Smeargle|Smeargle, L50, M|100\/100\n|switch|p1b: Whimsicott|Whimsicott, L50, M|100\/100\n|switch|p2a: Sneasler|Sneasler, L50, M|100\/100\n|switch|p2b: Archaludon|Archaludon, L50, M|100\/100\n|turn|1\n|\n|t:|1731589786\n|switch|p2b: Rillaboom|Rillaboom, L50, F|100\/100\n|-fieldstart|move: Grassy Terrain|[from] ability: Grassy Surge|[of] p2b: Rillaboom\n|-enditem|p2a: Sneasler|Grassy Seed\n|-boost|p2a: Sneasler|def|1|[from] item: Grassy Seed\n|move|p1b: Whimsicott|Tailwind|p1b: Whimsicott\n|-sidestart|p1: HarshEuroBarge|move: Tailwind\n|move|p2a: Sneasler|Dire Claw|p1a: Smeargle\n|-enditem|p1a: Smeargle|Focus Sash\n|-damage|p1a: Smeargle|1\/100\n|-status|p1a: Smeargle|par\n|move|p1a: Smeargle|Spore|p2a: Sneasler\n|-status|p2a: Sneasler|slp|[from] move: Spore\n|\n|-heal|p1a: Smeargle|7\/100 par|[from] Grassy Terrain\n|-ability|p1a: Smeargle|Moody|boost\n|-boost|p1a: Smeargle|atk|2\n|-unboost|p1a: Smeargle|spa|1\n|upkeep\n|turn|2\n|j| thelasttheorem\n|\n|t:|1731589816\n|switch|p1a: Indeedee|Indeedee-F, L50, F|100\/100\n|-fieldstart|move: Psychic Terrain|[from] ability: Psychic Surge|[of] p1a: Indeedee\n|cant|p2a: Sneasler|slp\n|move|p1b: Whimsicott|Moonblast|p2a: Sneasler\n|-damage|p2a: Sneasler|63\/100 slp\n|move|p2b: Rillaboom|Wood Hammer|p1a: Indeedee\n|-damage|p1a: Indeedee|34\/100\n|-damage|p2b: Rillaboom|84\/100|[from] Recoil\n|\n|upkeep\n|turn|3\n|\n|t:|1731589835\n|switch|p2b: Pelipper|Pelipper, L50, M|100\/100\n|-weather|RainDance|[from] ability: Drizzle|[of] p2b: Pelipper\n|-curestatus|p2a: Sneasler|slp|[msg]\n|move|p2a: Sneasler|Throat Chop|p1a: Indeedee\n|-supereffective|p1a: Indeedee\n|-damage|p1a: Indeedee|0 fnt\n|faint|p1a: Indeedee\n|move|p1b: Whimsicott|Moonblast|p2b: Pelipper\n|-damage|p2b: Pelipper|50\/100\n|\n|-weather|RainDance|[upkeep]\n|upkeep\n|\n|t:|1731589860\n|switch|p1a: Smeargle|Smeargle, L50, M|7\/100 par\n|turn|4\n|\n|t:|1731589871\n|-terastallize|p1b: Whimsicott|Steel\n|move|p1a: Smeargle|Spiky Shield|p1a: Smeargle\n|-singleturn|p1a: Smeargle|move: Protect\n|move|p2a: Sneasler|Dire Claw|p1a: Smeargle\n|-activate|p1a: Smeargle|move: Protect\n|-damage|p2a: Sneasler|51\/100|[from] Spiky Shield|[of] p1a: Smeargle\n|move|p1b: Whimsicott|Moonblast|p2a: Sneasler\n|-damage|p2a: Sneasler|17\/100\n|move|p2b: Pelipper|Hurricane|p1b: Whimsicott\n|-resisted|p1b: Whimsicott\n|-damage|p1b: Whimsicott|68\/100\n|\n|-weather|RainDance|[upkeep]\n|-sideend|p1: HarshEuroBarge|move: Tailwind\n|-ability|p1a: Smeargle|Moody|boost\n|-boost|p1a: Smeargle|spe|2\n|-unboost|p1a: Smeargle|atk|1\n|upkeep\n|turn|5\n|\n|t:|1731589892\n|switch|p2b: Archaludon|Archaludon, L50, M|100\/100\n|switch|p1b: Primeape|Primeape, L50, M, shiny|100\/100\n|move|p2a: Sneasler|Close Combat|p1a: Smeargle\n|-supereffective|p1a: Smeargle\n|-damage|p1a: Smeargle|0 fnt\n|-unboost|p2a: Sneasler|def|1\n|-unboost|p2a: Sneasler|spd|1\n|faint|p1a: Smeargle\n|\n|-weather|RainDance|[upkeep]\n|upkeep\n|\n|t:|1731589903\n|switch|p1a: Whimsicott|Whimsicott, L50, M, tera:Steel|68\/100\n|turn|6\n|\n|t:|1731589927\n|-terastallize|p2b: Archaludon|Electric\n|move|p1a: Whimsicott|Tailwind|p1a: Whimsicott\n|-sidestart|p1: HarshEuroBarge|move: Tailwind\n|move|p2a: Sneasler|Close Combat|p1a: Whimsicott\n|-supereffective|p1a: Whimsicott\n|-damage|p1a: Whimsicott|0 fnt\n|-unboost|p2a: Sneasler|def|1\n|-unboost|p2a: Sneasler|spd|1\n|-damage|p2a: Sneasler|0 fnt|[from] item: Rocky Helmet|[of] p1a: Whimsicott\n|faint|p1a: Whimsicott\n|faint|p2a: Sneasler\n|move|p1b: Primeape|Drain Punch|p2b: Archaludon\n|-damage|p2b: Archaludon|79\/100\n|move|p2b: Archaludon|Electro Shot||[still]\n|-prepare|p2b: Archaludon|Electro Shot\n|-boost|p2b: Archaludon|spa|1\n|-anim|p2b: Archaludon|Electro Shot|p1b: Primeape\n|-damage|p1b: Primeape|22\/100\n|\n|-weather|RainDance|[upkeep]\n|-fieldend|move: Psychic Terrain\n|upkeep\n|\n|t:|1731589943\n|switch|p2a: Rillaboom|Rillaboom, L50, F|84\/100\n|-fieldstart|move: Grassy Terrain|[from] ability: Grassy Surge|[of] p2a: Rillaboom\n|turn|7\n|\n|t:|1731589948\n|move|p2a: Rillaboom|Fake Out|p1b: Primeape\n|-crit|p1b: Primeape\n|-damage|p1b: Primeape|3\/100\n|-setboost|p1b: Primeape|atk|6|[from] ability: Anger Point\n|cant|p1b: Primeape|flinch\n|move|p2b: Archaludon|Electro Shot||[still]\n|-prepare|p2b: Archaludon|Electro Shot\n|-boost|p2b: Archaludon|spa|1\n|-anim|p2b: Archaludon|Electro Shot|p1b: Primeape\n|-damage|p1b: Primeape|0 fnt\n|faint|p1b: Primeape\n|\n|win|VGCLTH SWM\n|raw|HarshEuroBarge's rating: 1724 &rarr; <strong>1708<\/strong><br \/>(-16 for losing)\n|raw|VGCLTH SWM's rating: 1786 &rarr; <strong>1802<\/strong><br \/>(+16 for winning)\n|l|\u2606HarshEuroBarge\n|player|p1|\n|j| VGCLTH Cuwutie\n|l|\u2606VGCLTH SWM\n|player|p2|\n|j| Finabas\n","uploadtime":1731590178,"views":23,"formatid":"gen9vgc2024regh","rating":1708,"private":0,"password":null}