{"id":"gen9vgc2024regh-2243501122","format":"[Gen 9] VGC 2024 Reg H","players":["VGCLTH TnB","ray4gej"],"log":"|j|\u2606VGCLTH TnB\n|j|\u2606ray4gej\n|t:|1731555075\n|gametype|doubles\n|player|p1|VGCLTH TnB|roxanne-masters|1705\n|player|p2|ray4gej|101|1690\n|teamsize|p1|6\n|teamsize|p2|6\n|gen|9\n|tier|[Gen 9] VGC 2024 Reg H\n|rated|\n|rule|Species Clause: Limit one of each Pok\u00e9mon\n|rule|Item Clause: Limit 1 of each item\n|clearpoke\n|poke|p1|Klefki, L50, F|\n|poke|p1|Annihilape, L50, M|\n|poke|p1|Archaludon, L50, F|\n|poke|p1|Maushold, L50|\n|poke|p1|Sinistcha, L50|\n|poke|p1|Pelipper, L50, F|\n|poke|p2|Dondozo, L50, F|\n|poke|p2|Tatsugiri, L50, F|\n|poke|p2|Sneasler, L50, M|\n|poke|p2|Flamigo, L50, F|\n|poke|p2|Amoonguss, L50, M|\n|poke|p2|Gholdengo, L50|\n|teampreview|4\n|inactive|Battle timer is ON: inactive players will automatically lose when time's up. (requested by VGCLTH TnB)\nVGCLTH TnB has agreed to open team sheets.\n|j| A Giant Rat\n|inactive|VGCLTH TnB has 60 seconds left.\n|inactive|ray4gej has 60 seconds left.\n|\n|t:|1731555122\n|start\n|switch|p1a: Klefki|Klefki, L50, F|100\/100\n|switch|p1b: Annihilape|Annihilape, L50, M|100\/100\n|switch|p2a: Sneasler|Sneasler, L50, M|100\/100\n|switch|p2b: Flamigo|Flamigo, L50, F|100\/100\n|turn|1\n|inactive|VGCLTH TnB has 30 seconds left.\n|\n|t:|1731555150\n|move|p2b: Flamigo|Protect|p2b: Flamigo\n|-singleturn|p2b: Flamigo|Protect\n|move|p1b: Annihilape|Protect|p1b: Annihilape\n|-singleturn|p1b: Annihilape|Protect\n|move|p1a: Klefki|Reflect|p1a: Klefki\n|-sidestart|p1: VGCLTH TnB|Reflect\n|move|p2a: Sneasler|Close Combat|p1a: Klefki\n|-damage|p1a: Klefki|58\/100\n|-unboost|p2a: Sneasler|def|1\n|-unboost|p2a: Sneasler|spd|1\n|\n|upkeep\n|turn|2\n|inactive|VGCLTH TnB has 30 seconds left.\n|inactive|VGCLTH TnB has 20 seconds left.\n|\n|t:|1731555188\n|-terastallize|p1b: Annihilape|Fire\n|move|p1a: Klefki|Misty Terrain|p1a: Klefki\n|-fieldstart|move: Misty Terrain\n|move|p2a: Sneasler|Close Combat|p1a: Klefki\n|-damage|p1a: Klefki|15\/100\n|-unboost|p2a: Sneasler|def|1\n|-unboost|p2a: Sneasler|spd|1\n|move|p2b: Flamigo|Close Combat|p1a: Klefki\n|-damage|p1a: Klefki|0 fnt\n|-unboost|p2b: Flamigo|def|1\n|-unboost|p2b: Flamigo|spd|1\n|faint|p1a: Klefki\n|move|p1b: Annihilape|Rage Fist|p2b: Flamigo\n|-damage|p2b: Flamigo|48\/100\n|\n|upkeep\n|\n|t:|1731555197\n|switch|p1a: Pelipper|Pelipper, L50, F|100\/100\n|-weather|RainDance|[from] ability: Drizzle|[of] p1a: Pelipper\n|turn|3\n|inactive|ray4gej has 30 seconds left.\n|\n|t:|1731555227\n|switch|p2a: Amoonguss|Amoonguss, L50, M|100\/100\n|move|p1a: Pelipper|Protect|p1a: Pelipper\n|-singleturn|p1a: Pelipper|Protect\n|move|p2b: Flamigo|Tailwind|p2b: Flamigo\n|-sidestart|p2: ray4gej|move: Tailwind\n|move|p1b: Annihilape|Bulk Up|p1b: Annihilape\n|-boost|p1b: Annihilape|atk|1\n|-boost|p1b: Annihilape|def|1\n|\n|-weather|RainDance|[upkeep]\n|upkeep\n|turn|4\n|inactive|VGCLTH TnB has 30 seconds left.\n|\n|t:|1731555256\n|move|p2b: Flamigo|Dual Wingbeat|p1a: Pelipper\n|-crit|p1a: Pelipper\n|-damage|p1a: Pelipper|68\/100\n|-damage|p1a: Pelipper|54\/100\n|-hitcount|p1a: Pelipper|2\n|move|p1b: Annihilape|Bulk Up|p1b: Annihilape\n|-boost|p1b: Annihilape|atk|1\n|-boost|p1b: Annihilape|def|1\n|move|p1a: Pelipper|Hurricane|p2a: Amoonguss\n|-supereffective|p2a: Amoonguss\n|-damage|p2a: Amoonguss|31\/100\n|-enditem|p2a: Amoonguss|Sitrus Berry|[eat]\n|-heal|p2a: Amoonguss|55\/100|[from] item: Sitrus Berry\n|move|p2a: Amoonguss|Spore|p1a: Pelipper\n|-status|p1a: Pelipper|slp|[from] move: Spore\n|\n|-weather|RainDance|[upkeep]\n|upkeep\n|turn|5\n|inactive|VGCLTH TnB has 30 seconds left.\n|\n|t:|1731555290\n|switch|p2b: Sneasler|Sneasler, L50, M|100\/100\n|move|p2a: Amoonguss|Protect|p2a: Amoonguss\n|-singleturn|p2a: Amoonguss|Protect\n|move|p1b: Annihilape|Bulk Up|p1b: Annihilape\n|-boost|p1b: Annihilape|atk|1\n|-boost|p1b: Annihilape|def|1\n|cant|p1a: Pelipper|slp\n|\n|-weather|RainDance|[upkeep]\n|upkeep\n|turn|6\n|inactive|VGCLTH TnB has 30 seconds left.\n|inactive|ray4gej has 30 seconds left.\n|inactive|ray4gej has 20 seconds left.\n|inactive|ray4gej has 15 seconds left.\n|\n|t:|1731555333\n|move|p2b: Sneasler|Fake Out|p1a: Pelipper\n|-damage|p1a: Pelipper|45\/100 slp\n|move|p1b: Annihilape|Rage Fist|p2a: Amoonguss\n|-damage|p2a: Amoonguss|7\/100\n|cant|p1a: Pelipper|slp\n|move|p2a: Amoonguss|Clear Smog|p1b: Annihilape\n|-damage|p1b: Annihilape|86\/100\n|-clearboost|p1b: Annihilape\n|\n|-weather|RainDance|[upkeep]\n|-heal|p1b: Annihilape|92\/100|[from] item: Leftovers\n|-sideend|p2: ray4gej|move: Tailwind\n|-fieldend|Misty Terrain\n|upkeep\n|turn|7\n|\n|t:|1731555354\n|-terastallize|p2b: Sneasler|Stellar\n|move|p2b: Sneasler|Dire Claw|p1a: Pelipper\n|-damage|p1a: Pelipper|7\/100 slp\n|move|p1b: Annihilape|Rage Fist|p2a: Amoonguss\n|-damage|p2a: Amoonguss|0 fnt\n|faint|p2a: Amoonguss\n|-curestatus|p1a: Pelipper|slp|[msg]\n|move|p1a: Pelipper|Tailwind|p1a: Pelipper\n|-sidestart|p1: VGCLTH TnB|move: Tailwind\n|\n|-weather|RainDance|[upkeep]\n|-heal|p1b: Annihilape|98\/100|[from] item: Leftovers\n|upkeep\n|\n|t:|1731555377\n|switch|p2a: Flamigo|Flamigo, L50, F|48\/100\n|turn|8\n|\n|t:|1731555388\n|move|p1b: Annihilape|Rage Fist|p2a: Flamigo\n|-damage|p2a: Flamigo|0 fnt\n|faint|p2a: Flamigo\n|move|p1a: Pelipper|Hurricane|p2b: Sneasler\n|-supereffective|p2b: Sneasler\n|-damage|p2b: Sneasler|0 fnt\n|faint|p2b: Sneasler\n|\n|-weather|RainDance|[upkeep]\n|-heal|p1b: Annihilape|100\/100|[from] item: Leftovers\n|-sideend|p1: VGCLTH TnB|Reflect\n|upkeep\n|-message|ray4gej forfeited.\n|\n|win|VGCLTH TnB\n|raw|VGCLTH TnB's rating: 1691 &rarr; <strong>1712<\/strong><br \/>(+21 for winning)\n|raw|ray4gej's rating: 1706 &rarr; <strong>1685<\/strong><br \/>(-21 for losing)\n|l|\u2606ray4gej\n|player|p2|\n|l|\u2606VGCLTH TnB\n|player|p1|\n","uploadtime":1731555561,"views":18,"formatid":"gen9vgc2024regh","rating":1685,"private":0,"password":null}