{"id":"gen9vgc2024regh-2243718290","format":"[Gen 9] VGC 2024 Reg H","players":["VGCLTH Thacrow","hnn241"],"log":"|raw|<div class=\"broadcast-blue\"><strong>This battle is required to be public due to a player having a name starting with 'vgclth'.<\/div>\n|j|\u2606VGCLTH Thacrow\n|j|\u2606hnn241\n|t:|1731591926\n|gametype|doubles\n|player|p1|VGCLTH Thacrow|wallace-masters|1815\n|player|p2|hnn241|lass-gen4dp|1792\n|teamsize|p1|6\n|teamsize|p2|6\n|gen|9\n|tier|[Gen 9] VGC 2024 Reg H\n|rated|\n|rule|Species Clause: Limit one of each Pok\u00e9mon\n|rule|Item Clause: Limit 1 of each item\n|clearpoke\n|poke|p1|Ceruledge, L50, M|\n|poke|p1|Gastrodon-East, L50, F|\n|poke|p1|Sneasler, L50, M|\n|poke|p1|Dragonite, L50, F|\n|poke|p1|Rillaboom, L50, F|\n|poke|p1|Kingambit, L50, M|\n|poke|p2|Tyranitar, L50, F|\n|poke|p2|Excadrill, L50, M|\n|poke|p2|Indeedee, L50, M|\n|poke|p2|Dragapult, L50, M|\n|poke|p2|Sneasler, L50, M|\n|poke|p2|Corviknight, L50, M|\n|teampreview|4\n|j| jumbojoshenjoyer\nVGCLTH Thacrow has agreed to open team sheets.\n|j| Aldrich\n|j| vgclth souly\n|j| VGCLTH Cuwutie\n|\n|t:|1731591988\n|start\n|switch|p1a: Kidturtle|Sneasler, L50, M, shiny|100\/100\n|switch|p1b: Main Flutter|Dragonite, L50, F, shiny|100\/100\n|switch|p2a: Tyranitar|Tyranitar, L50, F|100\/100\n|switch|p2b: Indeedee|Indeedee, L50, M|100\/100\n|-fieldstart|move: Psychic Terrain|[from] ability: Psychic Surge|[of] p2b: Indeedee\n|-weather|Sandstorm|[from] ability: Sand Stream|[of] p2a: Tyranitar\n|turn|1\n|l| VGCLTH Cuwutie\n|\n|t:|1731592010\n|switch|p1a: AdlrichYan|Rillaboom, L50, F|100\/100\n|-fieldstart|move: Grassy Terrain|[from] ability: Grassy Surge|[of] p1a: AdlrichYan\n|-terastallize|p1b: Main Flutter|Fairy\n|-terastallize|p2a: Tyranitar|Flying\n|move|p2b: Indeedee|Expanding Force|p1a: AdlrichYan\n|-damage|p1a: AdlrichYan|47\/100\n|move|p1b: Main Flutter|Scale Shot|p2b: Indeedee\n|-damage|p2b: Indeedee|67\/100\n|-damage|p2b: Indeedee|36\/100\n|-damage|p2b: Indeedee|6\/100\n|-damage|p2b: Indeedee|0 fnt\n|faint|p2b: Indeedee\n|-hitcount|p2: Indeedee|4\n|-unboost|p1b: Main Flutter|def|1\n|-boost|p1b: Main Flutter|spe|1\n|move|p2a: Tyranitar|Rock Slide|p1b: Main Flutter|[spread] p1a,p1b\n|-damage|p1a: AdlrichYan|13\/100\n|-damage|p1b: Main Flutter|76\/100\n|\n|-weather|Sandstorm|[upkeep]\n|-damage|p1b: Main Flutter|70\/100|[from] Sandstorm\n|-damage|p1a: AdlrichYan|7\/100|[from] Sandstorm\n|-damage|p2a: Tyranitar|95\/100|[from] Sandstorm\n|-heal|p1b: Main Flutter|76\/100|[from] Grassy Terrain\n|-heal|p1a: AdlrichYan|13\/100|[from] Grassy Terrain\n|upkeep\n|\n|t:|1731592024\n|switch|p2b: Sneasler|Sneasler, L50, M|100\/100\n|turn|2\n|j| VGCLTH Cuwutie\n|l| VGCLTH Cuwutie\n|\n|t:|1731592054\n|move|p2b: Sneasler|Fake Out|p1a: AdlrichYan\n|-damage|p1a: AdlrichYan|0 fnt\n|faint|p1a: AdlrichYan\n|move|p1b: Main Flutter|Scale Shot|p2b: Sneasler\n|-damage|p2b: Sneasler|80\/100\n|-damage|p2b: Sneasler|57\/100\n|-damage|p2b: Sneasler|35\/100\n|-damage|p2b: Sneasler|12\/100\n|-hitcount|p2b: Sneasler|4\n|-unboost|p1b: Main Flutter|def|1\n|-boost|p1b: Main Flutter|spe|1\n|move|p2a: Tyranitar|Tera Blast|p1b: Main Flutter|[anim] Tera Blast Flying\n|-damage|p1b: Main Flutter|0 fnt\n|faint|p1b: Main Flutter\n|\n|-weather|Sandstorm|[upkeep]\n|-damage|p2b: Sneasler|6\/100|[from] Sandstorm\n|-damage|p2a: Tyranitar|89\/100|[from] Sandstorm\n|-heal|p2b: Sneasler|12\/100|[from] Grassy Terrain\n|upkeep\n|\n|t:|1731592058\n|switch|p1a: Joe Dog|Gastrodon-East, L50, F|100\/100\n|switch|p1b: Kidturtle|Sneasler, L50, M, shiny|100\/100\n|turn|3\n|\n|t:|1731592091\n|move|p1b: Kidturtle|Fake Out|p2a: Tyranitar\n|-damage|p2a: Tyranitar|78\/100\n|move|p2b: Sneasler|Close Combat|p1a: Joe Dog\n|-damage|p1a: Joe Dog|44\/100\n|-unboost|p2b: Sneasler|def|1\n|-unboost|p2b: Sneasler|spd|1\n|-enditem|p2b: Sneasler|White Herb\n|-clearnegativeboost|p2b: Sneasler|[silent]\n|-enditem|p1a: Joe Dog|Sitrus Berry|[eat]\n|-heal|p1a: Joe Dog|68\/100|[from] item: Sitrus Berry\n|cant|p2a: Tyranitar|flinch\n|move|p1a: Joe Dog|Earth Power|p2b: Sneasler\n|-supereffective|p2b: Sneasler\n|-damage|p2b: Sneasler|0 fnt\n|faint|p2b: Sneasler\n|\n|-weather|Sandstorm|[upkeep]\n|-damage|p1b: Kidturtle|95\/100|[from] Sandstorm\n|-damage|p2a: Tyranitar|72\/100|[from] Sandstorm\n|-heal|p1b: Kidturtle|100\/100|[from] Grassy Terrain\n|-heal|p1a: Joe Dog|74\/100|[from] Grassy Terrain\n|upkeep\n|\n|t:|1731592105\n|switch|p2b: Excadrill|Excadrill, L50, M|100\/100\n|turn|4\n|\n|t:|1731592114\n|move|p2b: Excadrill|Earthquake|p1a: Joe Dog|[spread] p1a,p1b\n|-immune|p2a: Tyranitar\n|-supereffective|p1b: Kidturtle\n|-damage|p1a: Joe Dog|53\/100\n|-damage|p1b: Kidturtle|26\/100\n|move|p1b: Kidturtle|Close Combat|p2b: Excadrill\n|-supereffective|p2b: Excadrill\n|-enditem|p2b: Excadrill|Focus Sash\n|-damage|p2b: Excadrill|1\/100\n|-unboost|p1b: Kidturtle|def|1\n|-unboost|p1b: Kidturtle|spd|1\n|move|p2a: Tyranitar|Rock Slide|p1b: Kidturtle|[spread] p1a,p1b\n|-resisted|p1a: Joe Dog\n|-resisted|p1b: Kidturtle\n|-damage|p1a: Joe Dog|39\/100\n|-damage|p1b: Kidturtle|0 fnt\n|faint|p1b: Kidturtle\n|move|p1a: Joe Dog|Earth Power|p2b: Excadrill\n|-supereffective|p2b: Excadrill\n|-damage|p2b: Excadrill|0 fnt\n|faint|p2b: Excadrill\n|\n|-weather|Sandstorm|[upkeep]\n|-damage|p2a: Tyranitar|66\/100|[from] Sandstorm\n|-heal|p1a: Joe Dog|45\/100|[from] Grassy Terrain\n|upkeep\n|turn|5\n|\n|t:|1731592133\n|move|p1a: Joe Dog|Protect|p1a: Joe Dog\n|-singleturn|p1a: Joe Dog|Protect\n|move|p2a: Tyranitar|Tera Blast|p1a: Joe Dog|[anim] Tera Blast Flying\n|-activate|p1a: Joe Dog|move: Protect\n|\n|-weather|none\n|-heal|p1a: Joe Dog|50\/100|[from] Grassy Terrain\n|-fieldend|move: Grassy Terrain\n|upkeep\n|turn|6\n|\n|t:|1731592137\n|move|p2a: Tyranitar|Tera Blast|p1a: Joe Dog|[anim] Tera Blast Flying\n|-damage|p1a: Joe Dog|2\/100\n|move|p1a: Joe Dog|Ice Beam|p2a: Tyranitar\n|-supereffective|p2a: Tyranitar\n|-damage|p2a: Tyranitar|37\/100\n|-status|p2a: Tyranitar|frz\n|\n|upkeep\n|turn|7\n|\n|t:|1731592144\n|cant|p2a: Tyranitar|frz\n|move|p1a: Joe Dog|Ice Beam|p2a: Tyranitar\n|-supereffective|p2a: Tyranitar\n|-damage|p2a: Tyranitar|11\/100 frz\n|\n|upkeep\n|turn|8\n|\n|t:|1731592146\n|cant|p2a: Tyranitar|frz\n|move|p1a: Joe Dog|Ice Beam|p2a: Tyranitar\n|-supereffective|p2a: Tyranitar\n|-damage|p2a: Tyranitar|0 fnt\n|faint|p2a: Tyranitar\n|\n|win|VGCLTH Thacrow\n|raw|VGCLTH Thacrow's rating: 1815 &rarr; <strong>1834<\/strong><br \/>(+19 for winning)\n|raw|hnn241's rating: 1792 &rarr; <strong>1773<\/strong><br \/>(-19 for losing)\n|l|\u2606hnn241\n|player|p2|\n|l|\u2606VGCLTH Thacrow\n|player|p1|\n|l| jumbojoshenjoyer\n|l| vgclth souly\n","uploadtime":1731592387,"views":29,"formatid":"gen9vgc2024regh","rating":1773,"private":0,"password":null}