{"id":"gen9vgc2024regh-2243720944","format":"[Gen 9] VGC 2024 Reg H","players":["QulalimStella","VGCLTH Rishi"],"log":"|raw|<div class=\"broadcast-blue\"><strong>This battle is required to be public due to a player having a name starting with 'vgclth'.<\/div>\n|j|\u2606QulalimStella\n|j|\u2606VGCLTH Rishi\n|t:|1731592230\n|gametype|doubles\n|player|p1|QulalimStella|lass|1712\n|player|p2|VGCLTH Rishi|shauntal|1805\n|teamsize|p1|6\n|teamsize|p2|6\n|gen|9\n|tier|[Gen 9] VGC 2024 Reg H\n|rated|\n|rule|Species Clause: Limit one of each Pok\u00e9mon\n|rule|Item Clause: Limit 1 of each item\n|clearpoke\n|poke|p1|Ninetales-Alola, L50, F|\n|poke|p1|Ursaluna-Bloodmoon, L50, M|\n|poke|p1|Blaziken, L50, F|\n|poke|p1|Dragonite, L50, M|\n|poke|p1|Gholdengo, L50|\n|poke|p1|Samurott-Hisui, L50, M|\n|poke|p2|Kommo-o, L50, F|\n|poke|p2|Rillaboom, L50, F|\n|poke|p2|Tyranitar, L50, M|\n|poke|p2|Talonflame, L50, M|\n|poke|p2|Gholdengo, L50|\n|poke|p2|Milotic, L50, F|\n|teampreview|4\n|inactive|Battle timer is ON: inactive players will automatically lose when time's up. (requested by QulalimStella)\n|inactive|VGCLTH Rishi has 60 seconds left.\n|\n|t:|1731592298\n|start\n|switch|p1a: Blaziken|Blaziken, L50, F|100\/100\n|switch|p1b: Dragonite|Dragonite, L50, M|100\/100\n|switch|p2a: Milotic|Milotic, L50, F|100\/100\n|switch|p2b: Rillaboom|Rillaboom, L50, F, shiny|100\/100\n|-fieldstart|move: Grassy Terrain|[from] ability: Grassy Surge|[of] p2b: Rillaboom\n|turn|1\n|j| jumbojoshenjoyer\n|inactive|VGCLTH Rishi has 30 seconds left.\n|inactive|VGCLTH Rishi has 20 seconds left.\n|\n|t:|1731592334\n|switch|p2b: Tyranitar|Tyranitar, L50, M|100\/100\n|-weather|Sandstorm|[from] ability: Sand Stream|[of] p2b: Tyranitar\n|-terastallize|p1a: Blaziken|Ghost\n|move|p1b: Dragonite|Protect|p1b: Dragonite\n|-singleturn|p1b: Dragonite|Protect\n|move|p1a: Blaziken|Coaching|p1b: Dragonite\n|-boost|p1b: Dragonite|atk|1\n|-boost|p1b: Dragonite|def|1\n|move|p2a: Milotic|Scald|p1a: Blaziken\n|-damage|p1a: Blaziken|45\/100\n|\n|-weather|Sandstorm|[upkeep]\n|-damage|p1a: Blaziken|39\/100|[from] Sandstorm\n|-damage|p1b: Dragonite|95\/100|[from] Sandstorm\n|-damage|p2a: Milotic|95\/100|[from] Sandstorm\n|-heal|p1a: Blaziken|45\/100|[from] Grassy Terrain\n|-heal|p2a: Milotic|100\/100|[from] Grassy Terrain\n|-ability|p1a: Blaziken|Speed Boost|boost\n|-boost|p1a: Blaziken|spe|1\n|upkeep\n|turn|2\n|inactive|VGCLTH Rishi has 30 seconds left.\n|inactive|VGCLTH Rishi has 20 seconds left.\n|inactive|VGCLTH Rishi has 15 seconds left.\n|inactive|VGCLTH Rishi has 10 seconds left.\n|inactive|VGCLTH Rishi has 5 seconds left.\n|\n|t:|1731592385\n|switch|p2b: Talonflame|Talonflame, L50, M|100\/100\n|-terastallize|p2a: Milotic|Fairy\n|move|p1a: Blaziken|Coaching|p1b: Dragonite\n|-boost|p1b: Dragonite|atk|1\n|-boost|p1b: Dragonite|def|1\n|move|p1b: Dragonite|Scale Shot|p2a: Milotic\n|-immune|p2a: Milotic\n|move|p2a: Milotic|Ice Beam|p1b: Dragonite\n|-supereffective|p1b: Dragonite\n|-damage|p1b: Dragonite|0 fnt\n|faint|p1b: Dragonite\n|\n|-weather|Sandstorm|[upkeep]\n|-damage|p1a: Blaziken|39\/100|[from] Sandstorm\n|-damage|p2a: Milotic|95\/100|[from] Sandstorm\n|-heal|p1a: Blaziken|45\/100|[from] Grassy Terrain\n|-heal|p2a: Milotic|100\/100|[from] Grassy Terrain\n|-ability|p1a: Blaziken|Speed Boost|boost\n|-boost|p1a: Blaziken|spe|1\n|upkeep\n|\n|t:|1731592400\n|switch|p1b: Ursaluna|Ursaluna-Bloodmoon, L50, M|100\/100\n|turn|3\n|inactive|VGCLTH Rishi has 30 seconds left.\n|\n|t:|1731592427\n|switch|p1a: Ninetales|Ninetales-Alola, L50, F|100\/100\n|-weather|Snow|[from] ability: Snow Warning|[of] p1a: Ninetales\n|move|p2b: Talonflame|Brave Bird|p1a: Ninetales\n|-damage|p1a: Ninetales|63\/100\n|-damage|p2b: Talonflame|87\/100|[from] Recoil\n|move|p2a: Milotic|Scald|p1b: Ursaluna\n|-supereffective|p1b: Ursaluna\n|-damage|p1b: Ursaluna|8\/100\n|move|p1b: Ursaluna|Hyper Voice|p2a: Milotic|[spread] p2a,p2b\n|-damage|p2a: Milotic|75\/100\n|-damage|p2b: Talonflame|27\/100\n|\n|-weather|Snow|[upkeep]\n|-heal|p1a: Ninetales|69\/100|[from] Grassy Terrain\n|-heal|p2a: Milotic|81\/100|[from] Grassy Terrain\n|-heal|p1b: Ursaluna|14\/100|[from] Grassy Terrain\n|-heal|p1b: Ursaluna|21\/100|[from] item: Leftovers\n|upkeep\n|turn|4\n|\n|t:|1731592449\n|move|p1b: Ursaluna|Protect|p1b: Ursaluna\n|-singleturn|p1b: Ursaluna|Protect\n|move|p2b: Talonflame|Flare Blitz|p1a: Ninetales\n|-supereffective|p1a: Ninetales\n|-damage|p1a: Ninetales|0 fnt\n|faint|p1a: Ninetales\n|-damage|p2b: Talonflame|2\/100|[from] Recoil\n|move|p2a: Milotic|Scald|p1b: Ursaluna\n|-activate|p1b: Ursaluna|move: Protect\n|\n|-weather|Snow|[upkeep]\n|-heal|p2a: Milotic|87\/100|[from] Grassy Terrain\n|-heal|p1b: Ursaluna|27\/100|[from] Grassy Terrain\n|-heal|p1b: Ursaluna|33\/100|[from] item: Leftovers\n|upkeep\n|\n|t:|1731592459\n|switch|p1a: Blaziken|Blaziken, L50, F, tera:Ghost|45\/100\n|turn|5\n|\n|t:|1731592467\n|move|p1a: Blaziken|Detect|p1a: Blaziken\n|-singleturn|p1a: Blaziken|Protect\n|move|p1b: Ursaluna|Protect||[still]\n|-fail|p1b: Ursaluna\n|move|p2b: Talonflame|Flare Blitz|p1a: Blaziken\n|-activate|p1a: Blaziken|move: Protect\n|move|p2a: Milotic|Scald|p1b: Ursaluna\n|-supereffective|p1b: Ursaluna\n|-damage|p1b: Ursaluna|0 fnt\n|faint|p1b: Ursaluna\n|\n|-weather|Snow|[upkeep]\n|-heal|p1a: Blaziken|50\/100|[from] Grassy Terrain\n|-heal|p2a: Milotic|93\/100|[from] Grassy Terrain\n|-fieldend|move: Grassy Terrain\n|-ability|p1a: Blaziken|Speed Boost|boost\n|-boost|p1a: Blaziken|spe|1\n|upkeep\n|turn|6\n|-message|QulalimStella forfeited.\n|\n|win|VGCLTH Rishi\n|raw|QulalimStella's rating: 1712 &rarr; <strong>1697<\/strong><br \/>(-15 for losing)\n|raw|VGCLTH Rishi's rating: 1805 &rarr; <strong>1820<\/strong><br \/>(+15 for winning)\n|l|\u2606QulalimStella\n|player|p1|\n|l|\u2606VGCLTH Rishi\n|player|p2|\n|l| jumbojoshenjoyer\n","uploadtime":1731592663,"views":22,"formatid":"gen9vgc2024regh","rating":1697,"private":0,"password":null}