{"id":"gen9vgc2024regh-2243337369","format":"[Gen 9] VGC 2024 Reg H","players":["le difu","VGCLTH Thacrow"],"log":"|raw|<div class=\"broadcast-blue\"><strong>This battle is required to be public due to a player having a name starting with 'vgclth'.<\/div>\n|j|\u203dle difu\n|j|\u2606VGCLTH Thacrow\n|t:|1731534846\n|gametype|doubles\n|player|p1|le difu|gambler|1828\n|player|p2|VGCLTH Thacrow|wallace-masters|1793\n|teamsize|p1|6\n|teamsize|p2|6\n|gen|9\n|tier|[Gen 9] VGC 2024 Reg H\n|rated|\n|rule|Species Clause: Limit one of each Pok\u00e9mon\n|rule|Item Clause: Limit 1 of each item\n|clearpoke\n|poke|p1|Garchomp, L50, M|\n|poke|p1|Sinistcha-Masterpiece, L50|\n|poke|p1|Gholdengo, L50|\n|poke|p1|Talonflame, L50, M|\n|poke|p1|Tyranitar, L50, M|\n|poke|p1|Arcanine-Hisui, L50, F|\n|poke|p2|Ceruledge, L50, F|\n|poke|p2|Gastrodon-East, L50, F|\n|poke|p2|Sneasler, L50, M|\n|poke|p2|Dragonite, L50, M|\n|poke|p2|Rillaboom, L50, M|\n|poke|p2|Kingambit, L50, M|\n|teampreview|4\nVGCLTH Thacrow has agreed to open team sheets.\n|inactive|Battle timer is ON: inactive players will automatically lose when time's up. (requested by le difu)\nle difu has agreed to open team sheets.\n|j| Finabas\n|j| VGCLTH Louis\n|inactive|le difu has 30 seconds left.\n|inactive|VGCLTH Thacrow has 30 seconds left.\n|inactive|le difu has 20 seconds left.\n|inactive|le difu has 15 seconds left.\n|inactive|le difu has 10 seconds left.\n|inactive|le difu has 5 seconds left.\n|\n|t:|1731534907\n|start\n|switch|p1a: Talonflame|Talonflame, L50, M|100\/100\n|switch|p1b: Gholdengo|Gholdengo, L50|100\/100\n|switch|p2a: Kidturtle|Sneasler, L50, M, shiny|100\/100\n|switch|p2b: Main Flutter|Dragonite, L50, M, shiny|100\/100\n|turn|1\n|\n|t:|1731534931\n|move|p2b: Main Flutter|Protect|p2b: Main Flutter\n|-singleturn|p2b: Main Flutter|Protect\n|move|p1a: Talonflame|Tailwind|p1a: Talonflame\n|-sidestart|p1: le difu|move: Tailwind\n|move|p1b: Gholdengo|Make It Rain|p2a: Kidturtle|[spread] p2a\n|-activate|p2b: Main Flutter|move: Protect\n|-damage|p2a: Kidturtle|9\/100\n|-unboost|p1b: Gholdengo|spa|1\n|move|p2a: Kidturtle|Dire Claw|p1a: Talonflame\n|-damage|p1a: Talonflame|47\/100\n|\n|upkeep\n|turn|2\n|\n|t:|1731534938\n|switch|p2a: Godlyreal|Kingambit, L50, M|100\/100\n|move|p2b: Main Flutter|Extreme Speed|p1a: Talonflame\n|-damage|p1a: Talonflame|6\/100\n|move|p1a: Talonflame|Will-O-Wisp|p2b: Main Flutter\n|-status|p2b: Main Flutter|brn\n|move|p1b: Gholdengo|Make It Rain|p2b: Main Flutter|[spread] p2a,p2b\n|-resisted|p2a: Godlyreal\n|-damage|p2a: Godlyreal|86\/100\n|-damage|p2b: Main Flutter|77\/100 brn\n|-unboost|p1b: Gholdengo|spa|1\n|\n|-damage|p2b: Main Flutter|71\/100 brn|[from] brn\n|upkeep\n|turn|3\n|j| mr pogostick\n|\n|t:|1731534951\n|switch|p1b: Tyranitar|Tyranitar, L50, M|100\/100\n|-weather|Sandstorm|[from] ability: Sand Stream|[of] p1b: Tyranitar\n|move|p2b: Main Flutter|Extreme Speed|p1a: Talonflame\n|-damage|p1a: Talonflame|0 fnt\n|faint|p1a: Talonflame\n|move|p2a: Godlyreal|Kowtow Cleave|p1b: Tyranitar\n|-resisted|p1b: Tyranitar\n|-damage|p1b: Tyranitar|80\/100\n|\n|-weather|Sandstorm|[upkeep]\n|-damage|p2b: Main Flutter|65\/100 brn|[from] Sandstorm\n|-damage|p2b: Main Flutter|59\/100 brn|[from] brn\n|upkeep\n|\n|t:|1731534958\n|switch|p1a: Arcanine|Arcanine-Hisui, L50, F|100\/100\n|turn|4\n|j| oherrodersir\n|inactive|VGCLTH Thacrow has 30 seconds left.\n|\n|t:|1731534993\n|-terastallize|p2a: Godlyreal|Flying\n|move|p2b: Main Flutter|Protect|p2b: Main Flutter\n|-singleturn|p2b: Main Flutter|Protect\n|move|p1a: Arcanine|Flare Blitz|p2a: Godlyreal\n|-damage|p2a: Godlyreal|41\/100\n|move|p1b: Tyranitar|Rock Slide|p2a: Godlyreal|[spread] p2a\n|-activate|p2b: Main Flutter|move: Protect\n|-supereffective|p2a: Godlyreal\n|-damage|p2a: Godlyreal|0 fnt\n|faint|p2a: Godlyreal\n|\n|-weather|Sandstorm|[upkeep]\n|-damage|p2b: Main Flutter|54\/100 brn|[from] Sandstorm\n|-damage|p2b: Main Flutter|48\/100 brn|[from] brn\n|-sideend|p1: le difu|move: Tailwind\n|upkeep\n|\n|t:|1731535004\n|switch|p2a: Kidturtle|Sneasler, L50, M, shiny|9\/100\n|turn|5\n|-message|VGCLTH Thacrow forfeited.\n|\n|win|le difu\n|raw|le difu's rating: 1828 &rarr; <strong>1846<\/strong><br \/>(+18 for winning)\n|raw|VGCLTH Thacrow's rating: 1793 &rarr; <strong>1775<\/strong><br \/>(-18 for losing)\n|l|\u2606VGCLTH Thacrow\n|player|p2|\n|l| mr pogostick\n|l| VGCLTH Louis\n|l| Finabas\n|l|\u203dle difu\n|player|p1|\n","uploadtime":1731535056,"views":60,"formatid":"gen9vgc2024regh","rating":1775,"private":0,"password":null}