{"id":"gen9vgc2024regh-2243904744","format":"[Gen 9] VGC 2024 Reg H","players":["vgclth elowyn","carlosaurio326"],"log":"|j|\u2606vgclth elowyn\n|j|\u2606carlosaurio326\n|t:|1731610303\n|gametype|doubles\n|player|p1|vgclth elowyn|1|1698\n|player|p2|carlosaurio326|265|1663\n|teamsize|p1|6\n|teamsize|p2|6\n|gen|9\n|tier|[Gen 9] VGC 2024 Reg H\n|rated|\n|rule|Species Clause: Limit one of each Pok\u00e9mon\n|rule|Item Clause: Limit 1 of each item\n|clearpoke\n|poke|p1|Smeargle, L50, M|\n|poke|p1|Farigiraf, L50, F|\n|poke|p1|Maushold-Four, L50|\n|poke|p1|Torkoal, L50, M|\n|poke|p1|Ursaluna-Bloodmoon, L50, M|\n|poke|p1|Weezing-Galar, L50, F|\n|poke|p2|Sylveon, L50, M|\n|poke|p2|Tyranitar, L50, F|\n|poke|p2|Corviknight, L50, F|\n|poke|p2|Maushold, L50|\n|poke|p2|Rotom-Heat, L50|\n|poke|p2|Garchomp, L50, M|\n|teampreview|4\n|\n|t:|1731610330\n|start\n|switch|p1a: Smeargle|Smeargle, L50, M|100\/100\n|switch|p1b: Farigiraf|Farigiraf, L50, F|100\/100\n|switch|p2a: Garchomp|Garchomp, L50, M|100\/100\n|switch|p2b: Corviknight|Corviknight, L50, F|100\/100\n|turn|1\n|\n|t:|1731610368\n|move|p2a: Garchomp|Earthquake|p1a: Smeargle|[spread] p1a,p1b\n|-immune|p2b: Corviknight\n|-damage|p1a: Smeargle|0 fnt\n|-damage|p1b: Farigiraf|52\/100\n|faint|p1a: Smeargle\n|-damage|p2a: Garchomp|91\/100|[from] item: Life Orb\n|move|p2b: Corviknight|Taunt|p1b: Farigiraf\n|-start|p1b: Farigiraf|move: Taunt\n|-enditem|p1b: Farigiraf|Mental Herb\n|-end|p1b: Farigiraf|move: Taunt\n|move|p1b: Farigiraf|Trick Room|p1b: Farigiraf\n|-fieldstart|move: Trick Room|[of] p1b: Farigiraf\n|\n|upkeep\n|\n|t:|1731610380\n|switch|p1a: Ursaluna|Ursaluna-Bloodmoon, L50, M|100\/100\n|turn|2\n|\n|t:|1731610395\n|switch|p1b: Torkoal|Torkoal, L50, M|100\/100\n|-weather|SunnyDay|[from] ability: Drought|[of] p1b: Torkoal\n|-terastallize|p1a: Ursaluna|Normal\n|move|p2a: Garchomp|Protect|p2a: Garchomp\n|-singleturn|p2a: Garchomp|Protect\n|move|p1a: Ursaluna|Blood Moon|p2b: Corviknight\n|-resisted|p2b: Corviknight\n|-damage|p2b: Corviknight|47\/100\n|-enditem|p2b: Corviknight|Sitrus Berry|[eat]\n|-heal|p2b: Corviknight|72\/100|[from] item: Sitrus Berry\n|-damage|p1a: Ursaluna|90\/100|[from] item: Life Orb\n|move|p2b: Corviknight|Brave Bird|p1a: Ursaluna\n|-damage|p1a: Ursaluna|64\/100\n|-damage|p2b: Corviknight|62\/100|[from] Recoil\n|\n|-weather|SunnyDay|[upkeep]\n|upkeep\n|turn|3\n|\n|t:|1731610432\n|switch|p2a: Tyranitar|Tyranitar, L50, F|100\/100\n|-weather|Sandstorm|[from] ability: Sand Stream|[of] p2a: Tyranitar\n|move|p1b: Torkoal|Eruption|p2a: Tyranitar|[spread] p2a,p2b\n|-resisted|p2a: Tyranitar\n|-crit|p2a: Tyranitar\n|-supereffective|p2b: Corviknight\n|-damage|p2a: Tyranitar|77\/100\n|-damage|p2b: Corviknight|0 fnt\n|faint|p2b: Corviknight\n|move|p1a: Ursaluna|Hyper Voice|p2a: Tyranitar\n|-resisted|p2a: Tyranitar\n|-damage|p2a: Tyranitar|58\/100\n|-damage|p1a: Ursaluna|54\/100|[from] item: Life Orb\n|\n|-weather|Sandstorm|[upkeep]\n|-damage|p1b: Torkoal|94\/100|[from] Sandstorm\n|-damage|p1a: Ursaluna|48\/100|[from] Sandstorm\n|upkeep\n|\n|t:|1731610451\n|switch|p2b: Garchomp|Garchomp, L50, M|91\/100\n|turn|4\n|\n|t:|1731610472\n|move|p2b: Garchomp|Protect|p2b: Garchomp\n|-singleturn|p2b: Garchomp|Protect\n|move|p1b: Torkoal|Eruption|p2a: Tyranitar|[spread] p2a\n|-activate|p2b: Garchomp|move: Protect\n|-resisted|p2a: Tyranitar\n|-damage|p2a: Tyranitar|43\/100\n|move|p1a: Ursaluna|Hyper Voice|p2a: Tyranitar|[spread] p2a\n|-activate|p2b: Garchomp|move: Protect\n|-resisted|p2a: Tyranitar\n|-damage|p2a: Tyranitar|30\/100\n|-damage|p1a: Ursaluna|38\/100|[from] item: Life Orb\n|move|p2a: Tyranitar|Rock Slide|p1a: Ursaluna|[spread] p1b\n|-miss|p2a: Tyranitar|p1a: Ursaluna\n|-supereffective|p1b: Torkoal\n|-damage|p1b: Torkoal|46\/100\n|\n|-weather|Sandstorm|[upkeep]\n|-damage|p1b: Torkoal|39\/100|[from] Sandstorm\n|-damage|p1a: Ursaluna|32\/100|[from] Sandstorm\n|upkeep\n|turn|5\n|\n|t:|1731610508\n|move|p2b: Garchomp|Protect||[still]\n|-fail|p2b: Garchomp\n|move|p1b: Torkoal|Eruption|p2b: Garchomp|[spread] p2a,p2b\n|-resisted|p2a: Tyranitar\n|-resisted|p2b: Garchomp\n|-damage|p2a: Tyranitar|24\/100\n|-damage|p2b: Garchomp|76\/100\n|move|p1a: Ursaluna|Hyper Voice|p2b: Garchomp|[spread] p2a,p2b\n|-resisted|p2a: Tyranitar\n|-damage|p2a: Tyranitar|10\/100\n|-damage|p2b: Garchomp|0 fnt\n|faint|p2b: Garchomp\n|-damage|p1a: Ursaluna|22\/100|[from] item: Life Orb\n|move|p2a: Tyranitar|Rock Slide|p1b: Torkoal|[spread] p1a,p1b\n|-supereffective|p1b: Torkoal\n|-damage|p1a: Ursaluna|0 fnt\n|-damage|p1b: Torkoal|0 fnt\n|faint|p1a: Ursaluna\n|faint|p1b: Torkoal\n|\n|-weather|Sandstorm|[upkeep]\n|-fieldend|move: Trick Room\n|upkeep\n|\n|t:|1731610521\n|switch|p2b: Rotom|Rotom-Heat, L50|100\/100\n|switch|p1b: Farigiraf|Farigiraf, L50, F|52\/100\n|turn|6\n|\n|t:|1731610526\n|-terastallize|p2b: Rotom|Electric\n|move|p2b: Rotom|Thunderbolt|p1b: Farigiraf\n|-damage|p1b: Farigiraf|0 fnt\n|faint|p1b: Farigiraf\n|\n|win|carlosaurio326\n|raw|vgclth elowyn's rating: 1733 &rarr; <strong>1709<\/strong><br \/>(-24 for losing)\n|raw|carlosaurio326's rating: 1663 &rarr; <strong>1687<\/strong><br \/>(+24 for winning)\n|l|\u2606carlosaurio326\n|player|p2|\n|l|\u2606vgclth elowyn\n|player|p1|\n","uploadtime":1731610690,"views":19,"formatid":"gen9vgc2024regh","rating":1687,"private":0,"password":null}