{"id":"gen9vgc2024regh-2243131620","format":"[Gen 9] VGC 2024 Reg H","players":["VGCLTH <1000ELO","LONGhq"],"log":"|raw|<div class=\"broadcast-blue\"><strong>This battle is required to be public due to a player having a name starting with 'vgclth'.<\/div>\n|j|\u2606VGCLTH <1000ELO\n|j|\u2606LONGhq\n|t:|1731514898\n|gametype|doubles\n|player|p1|VGCLTH <1000ELO|1|1716\n|player|p2|LONGhq|169|1704\n|teamsize|p1|6\n|teamsize|p2|6\n|gen|9\n|tier|[Gen 9] VGC 2024 Reg H\n|rated|\n|rule|Species Clause: Limit one of each Pok\u00e9mon\n|rule|Item Clause: Limit 1 of each item\n|clearpoke\n|poke|p1|Dondozo, L50, M|\n|poke|p1|Tatsugiri, L50, F|\n|poke|p1|Dragonite, L50, M|\n|poke|p1|Gholdengo, L50|\n|poke|p1|Glimmora, L50, F|\n|poke|p1|Talonflame, L50, F|\n|poke|p2|Dondozo, L50, F|\n|poke|p2|Tatsugiri, L50, F|\n|poke|p2|Gholdengo, L50|\n|poke|p2|Rillaboom, L50, F|\n|poke|p2|Volcarona, L50, M|\n|poke|p2|Baxcalibur, L50, F|\n|teampreview|4\n|inactive|Battle timer is ON: inactive players will automatically lose when time's up. (requested by VGCLTH <1000ELO)\n|inactive|VGCLTH <1000ELO has 60 seconds left.\n|inactive|LONGhq has 60 seconds left.\n|inactive|VGCLTH <1000ELO has 30 seconds left.\n|j| elonmasksex\n|inactive|VGCLTH <1000ELO has 20 seconds left.\n|\n|t:|1731514970\n|start\n|switch|p1a: Gholdengo|Gholdengo, L50|100\/100\n|switch|p1b: Dragonite|Dragonite, L50, M|100\/100\n|switch|p2a: Gholdengo|Gholdengo, L50|100\/100\n|switch|p2b: Volcarona|Volcarona, L50, M|100\/100\n|turn|1\n|inactive|LONGhq has 30 seconds left.\n|inactive|LONGhq has 20 seconds left.\n|inactive|LONGhq has 15 seconds left.\n|\n|t:|1731515012\n|-terastallize|p1a: Gholdengo|Flying\n|move|p2a: Gholdengo|Protect|p2a: Gholdengo\n|-singleturn|p2a: Gholdengo|Protect\n|move|p2b: Volcarona|Tailwind|p2b: Volcarona\n|-sidestart|p2: LONGhq|move: Tailwind\n|move|p1a: Gholdengo|Make It Rain|p2a: Gholdengo|[spread] p2b\n|-activate|p2a: Gholdengo|move: Protect\n|-resisted|p2b: Volcarona\n|-damage|p2b: Volcarona|65\/100\n|-unboost|p1a: Gholdengo|spa|1\n|move|p1b: Dragonite|Earthquake|p2b: Volcarona|[spread] p2b\n|-activate|p2a: Gholdengo|move: Protect\n|-immune|p1a: Gholdengo\n|-damage|p2b: Volcarona|17\/100\n|\n|upkeep\n|turn|2\n|l| elonmasksex\n|inactive|LONGhq has 30 seconds left.\n|inactive|VGCLTH <1000ELO has 30 seconds left.\n|inactive|LONGhq has 20 seconds left.\n|\n|t:|1731515054\n|-terastallize|p2a: Gholdengo|Dragon\n|move|p2b: Volcarona|Will-O-Wisp|p1b: Dragonite\n|-status|p1b: Dragonite|brn\n|move|p2a: Gholdengo|Nasty Plot|p2a: Gholdengo\n|-boost|p2a: Gholdengo|spa|2\n|move|p1a: Gholdengo|Make It Rain|p2a: Gholdengo|[spread] p2a,p2b\n|-resisted|p2b: Volcarona\n|-damage|p2a: Gholdengo|40\/100\n|-damage|p2b: Volcarona|0 fnt\n|-unboost|p1a: Gholdengo|spa|1\n|faint|p2b: Volcarona\n|move|p1b: Dragonite|Earthquake|p2a: Gholdengo|[spread] p2a\n|-immune|p1a: Gholdengo\n|-damage|p2a: Gholdengo|16\/100\n|\n|-damage|p1b: Dragonite|94\/100 brn|[from] brn\n|upkeep\n|\n|t:|1731515074\n|switch|p2b: Baxcalibur|Baxcalibur, L50, F|100\/100\n|turn|3\n|\n|t:|1731515094\n|switch|p1a: Tatsugiri|Tatsugiri, L50, F|100\/100\n|switch|p1b: Dondozo|Dondozo, L50, M|100\/100\n|-activate|p1a: Tatsugiri|ability: Commander|[of] p1b: Dondozo\n|-boost|p1b: Dondozo|atk|2\n|-boost|p1b: Dondozo|spa|2\n|-boost|p1b: Dondozo|spe|2\n|-boost|p1b: Dondozo|def|2\n|-boost|p1b: Dondozo|spd|2\n|move|p2a: Gholdengo|Protect|p2a: Gholdengo\n|-singleturn|p2a: Gholdengo|Protect\n|move|p2b: Baxcalibur|Scale Shot|p1a: Tatsugiri|[miss]\n|-miss|p2b: Baxcalibur|p1a: Tatsugiri\n|\n|upkeep\n|turn|4\n|inactive|LONGhq has 30 seconds left.\n|\n|t:|1731515123\n|switch|p2a: Dondozo|Dondozo, L50, F|100\/100\n|move|p2b: Baxcalibur|Protect|p2b: Baxcalibur\n|-singleturn|p2b: Baxcalibur|Protect\n|move|p1b: Dondozo|Order Up|p2b: Baxcalibur\n|-activate|p2b: Baxcalibur|move: Protect\n|\n|-sideend|p2: LONGhq|move: Tailwind\n|upkeep\n|turn|5\n|\n|t:|1731515138\n|move|p2b: Baxcalibur|Protect||[still]\n|-fail|p2b: Baxcalibur\n|move|p1b: Dondozo|Order Up|p2b: Baxcalibur\n|-supereffective|p2b: Baxcalibur\n|-damage|p2b: Baxcalibur|0 fnt\n|faint|p2b: Baxcalibur\n|-boost|p1b: Dondozo|atk|1\n|move|p2a: Dondozo|Yawn|p1b: Dondozo\n|-start|p1b: Dondozo|move: Yawn|[of] p2a: Dondozo\n|\n|upkeep\n|\n|t:|1731515147\n|switch|p2b: Gholdengo|Gholdengo, L50, tera:Dragon|16\/100\n|turn|6\n|\n|t:|1731515156\n|move|p2b: Gholdengo|Protect|p2b: Gholdengo\n|-singleturn|p2b: Gholdengo|Protect\n|move|p1b: Dondozo|Earthquake|p2b: Gholdengo|[spread] p2a\n|-miss|p1b: Dondozo|p1a: Tatsugiri\n|-activate|p2b: Gholdengo|move: Protect\n|-damage|p2a: Dondozo|86\/100\n|move|p2a: Dondozo|Fissure|p1b: Dondozo|[miss]\n|-miss|p2a: Dondozo|p1b: Dondozo\n|\n|-heal|p2a: Dondozo|92\/100|[from] item: Leftovers\n|-end|p1b: Dondozo|move: Yawn|[silent]\n|-status|p1b: Dondozo|slp\n|upkeep\n|turn|7\n|\n|t:|1731515170\n|cant|p1b: Dondozo|slp\n|move|p2b: Gholdengo|Nasty Plot|p2b: Gholdengo\n|-boost|p2b: Gholdengo|spa|2\n|move|p2a: Dondozo|Fissure|p1b: Dondozo|[miss]\n|-miss|p2a: Dondozo|p1b: Dondozo\n|\n|-heal|p2a: Dondozo|99\/100|[from] item: Leftovers\n|upkeep\n|turn|8\n|\n|t:|1731515180\n|cant|p1b: Dondozo|slp\n|move|p2b: Gholdengo|Nasty Plot|p2b: Gholdengo\n|-boost|p2b: Gholdengo|spa|2\n|move|p2a: Dondozo|Fissure|p1b: Dondozo|[miss]\n|-miss|p2a: Dondozo|p1b: Dondozo\n|\n|-heal|p2a: Dondozo|100\/100|[from] item: Leftovers\n|upkeep\n|turn|9\n|\n|t:|1731515194\n|move|p2b: Gholdengo|Protect|p2b: Gholdengo\n|-singleturn|p2b: Gholdengo|Protect\n|cant|p1b: Dondozo|slp\n|move|p2a: Dondozo|Fissure|p1b: Dondozo|[miss]\n|-miss|p2a: Dondozo|p1b: Dondozo\n|\n|upkeep\n|turn|10\n|-message|LONGhq forfeited.\n|\n|win|VGCLTH <1000ELO\n|raw|VGCLTH &lt;1000ELO's rating: 1716 &rarr; <strong>1735<\/strong><br \/>(+19 for winning)\n|raw|LONGhq's rating: 1704 &rarr; <strong>1685<\/strong><br \/>(-19 for losing)\n|l|\u2606LONGhq\n|player|p2|\n|l|\u2606VGCLTH <1000ELO\n|player|p1|\n","uploadtime":1731515343,"views":19,"formatid":"gen9vgc2024regh","rating":1685,"private":0,"password":null}