{"id":"gen9vgc2024regh-2243075065","format":"[Gen 9] VGC 2024 Reg H","players":["VGCLTH Cuwutie","Zordor"],"log":"|j|\u2606VGCLTH Cuwutie\n|j|\u2606Zordor\n|t:|1731509248\n|gametype|doubles\n|player|p1|VGCLTH Cuwutie|102|1774\n|player|p2|Zordor|pilot|1814\n|teamsize|p1|6\n|teamsize|p2|6\n|gen|9\n|tier|[Gen 9] VGC 2024 Reg H\n|rated|\n|rule|Species Clause: Limit one of each Pok\u00e9mon\n|rule|Item Clause: Limit 1 of each item\n|clearpoke\n|poke|p1|Smeargle, L50, F|\n|poke|p1|Farigiraf, L50, M|\n|poke|p1|Grimmsnarl, L50, M|\n|poke|p1|Torkoal, L50, M|\n|poke|p1|Ursaluna-Bloodmoon, L50, M|\n|poke|p1|Araquanid, L50, M|\n|poke|p2|Rotom-Wash, L50|\n|poke|p2|Sneasler, L50, M|\n|poke|p2|Kingambit, L50, M|\n|poke|p2|Armarouge, L50, M|\n|poke|p2|Dragapult, L50, F|\n|poke|p2|Venusaur, L50, F|\n|teampreview|4\n|j| stewpeed\n|inactive|Battle timer is ON: inactive players will automatically lose when time's up. (requested by VGCLTH Cuwutie)\n|j| Trumpwonbro\n|inactive|Zordor has 60 seconds left.\n|\n|t:|1731509305\n|start\n|switch|p1a: Smeargle|Smeargle, L50, F|100\/100\n|switch|p1b: Farigiraf|Farigiraf, L50, M|100\/100\n|switch|p2a: Rotom|Rotom-Wash, L50|100\/100\n|switch|p2b: Kingambit|Kingambit, L50, M, shiny|100\/100\n|turn|1\n|inactive|Zordor has 30 seconds left.\n|inactive|Zordor has 20 seconds left.\n|\n|t:|1731509343\n|move|p2a: Rotom|Hydro Pump|p1b: Farigiraf\n|-damage|p1b: Farigiraf|66\/100\n|move|p1a: Smeargle|Spore|p2b: Kingambit\n|-status|p2b: Kingambit|slp|[from] move: Spore\n|cant|p2b: Kingambit|slp\n|move|p1b: Farigiraf|Trick Room|p1b: Farigiraf\n|-fieldstart|move: Trick Room|[of] p1b: Farigiraf\n|\n|-ability|p1a: Smeargle|Moody|boost\n|-boost|p1a: Smeargle|spe|2\n|-unboost|p1a: Smeargle|atk|1\n|-enditem|p1a: Smeargle|Eject Pack\n|upkeep\n|\n|t:|1731509348\n|switch|p1a: Ursaluna|Ursaluna-Bloodmoon, L50, M|100\/100\n|turn|2\n|j| VGCLTH 2thyfor\n|j| VGCLTH WitchMag\n|\n|t:|1731509368\n|switch|p1b: Torkoal|Torkoal, L50, M|100\/100\n|-weather|SunnyDay|[from] ability: Drought|[of] p1b: Torkoal\n|-terastallize|p1a: Ursaluna|Normal\n|cant|p2b: Kingambit|slp\n|move|p2a: Rotom|Protect|p2a: Rotom\n|-singleturn|p2a: Rotom|Protect\n|move|p1a: Ursaluna|Blood Moon|p2a: Rotom\n|-activate|p2a: Rotom|move: Protect\n|\n|-weather|SunnyDay|[upkeep]\n|upkeep\n|turn|3\n|l| VGCLTH WitchMag\n|inactive|Zordor has 30 seconds left.\n|\n|t:|1731509393\n|-curestatus|p2b: Kingambit|slp|[msg]\n|move|p2b: Kingambit|Protect|p2b: Kingambit\n|-singleturn|p2b: Kingambit|Protect\n|move|p1b: Torkoal|Eruption|p2b: Kingambit|[spread] p2a\n|-activate|p2b: Kingambit|move: Protect\n|-resisted|p2a: Rotom\n|-damage|p2a: Rotom|41\/100\n|move|p1a: Ursaluna|Hyper Voice|p2b: Kingambit|[spread] p2a\n|-activate|p2b: Kingambit|move: Protect\n|-damage|p2a: Rotom|0 fnt\n|faint|p2a: Rotom\n|-damage|p1a: Ursaluna|90\/100|[from] item: Life Orb\n|\n|-weather|SunnyDay|[upkeep]\n|upkeep\n|\n|t:|1731509408\n|switch|p2a: Armarouge|Armarouge, L50, M|100\/100\n|turn|4\n|\n|t:|1731509425\n|move|p2a: Armarouge|Protect|p2a: Armarouge\n|-singleturn|p2a: Armarouge|Protect\n|move|p2b: Kingambit|Sucker Punch|p1a: Ursaluna\n|-damage|p1a: Ursaluna|65\/100\n|move|p1b: Torkoal|Eruption|p2a: Armarouge|[spread] p2b\n|-activate|p2a: Armarouge|move: Protect\n|-supereffective|p2b: Kingambit\n|-damage|p2b: Kingambit|0 fnt\n|faint|p2b: Kingambit\n|move|p1a: Ursaluna|Blood Moon|p2a: Armarouge\n|-activate|p2a: Armarouge|move: Protect\n|\n|-weather|SunnyDay|[upkeep]\n|upkeep\n|j| DonShitDozo\n|\n|t:|1731509435\n|switch|p2b: Venusaur|Venusaur, L50, F|100\/100\n|turn|5\n|\n|t:|1731509440\n|-terastallize|p2a: Armarouge|Dark\n|move|p2b: Venusaur|Protect|p2b: Venusaur\n|-singleturn|p2b: Venusaur|Protect\n|move|p1b: Torkoal|Eruption|p2a: Armarouge|[spread] \n|-activate|p2b: Venusaur|move: Protect\n|-start|p2a: Armarouge|ability: Flash Fire\n|move|p1a: Ursaluna|Hyper Voice|p2b: Venusaur|[spread] p2a\n|-activate|p2b: Venusaur|move: Protect\n|-damage|p2a: Armarouge|27\/100\n|-damage|p1a: Ursaluna|55\/100|[from] item: Life Orb\n|move|p2a: Armarouge|Heat Wave|p1a: Ursaluna|[spread] p1a,p1b\n|-resisted|p1b: Torkoal\n|-damage|p1a: Ursaluna|0 fnt\n|-damage|p1b: Torkoal|47\/100\n|faint|p1a: Ursaluna\n|\n|-weather|SunnyDay|[upkeep]\n|-fieldend|move: Trick Room\n|upkeep\n|\n|t:|1731509449\n|switch|p1a: Smeargle|Smeargle, L50, F|100\/100\n|turn|6\n|\n|t:|1731509465\n|move|p1a: Smeargle|Fake Out|p1b: Torkoal\n|-damage|p1b: Torkoal|42\/100\n|move|p2b: Venusaur|Earth Power|p1b: Torkoal\n|-supereffective|p1b: Torkoal\n|-damage|p1b: Torkoal|0 fnt\n|faint|p1b: Torkoal\n|move|p2a: Armarouge|Heat Wave|p1a: Smeargle\n|-damage|p1a: Smeargle|0 fnt\n|faint|p1a: Smeargle\n|\n|-weather|none\n|upkeep\n|\n|t:|1731509469\n|switch|p1b: Farigiraf|Farigiraf, L50, M|66\/100\n|turn|7\n|\n|t:|1731509477\n|move|p2b: Venusaur|Sludge Bomb|p1b: Farigiraf\n|-damage|p1b: Farigiraf|34\/100\n|-status|p1b: Farigiraf|psn\n|move|p2a: Armarouge|Heat Wave|p1b: Farigiraf\n|-damage|p1b: Farigiraf|0 fnt\n|faint|p1b: Farigiraf\n|\n|win|Zordor\n|raw|VGCLTH Cuwutie's rating: 1774 &rarr; <strong>1756<\/strong><br \/>(-18 for losing)\n|raw|Zordor's rating: 1814 &rarr; <strong>1832<\/strong><br \/>(+18 for winning)\n|l| DonShitDozo\n|l| Trumpwonbro\n","uploadtime":1731509581,"views":25,"formatid":"gen9vgc2024regh","rating":1756,"private":0,"password":null}