{"id":"gen9vgc2024regh-2243095890","format":"[Gen 9] VGC 2024 Reg H","players":["Cellpab1","Zordor"],"log":"|j|\u2606Cellpab1\n|j|\u2606Zordor\n|t:|1731511380\n|gametype|doubles\n|player|p1|Cellpab1|170|1714\n|player|p2|Zordor|pilot|1798\n|teamsize|p1|6\n|teamsize|p2|6\n|gen|9\n|tier|[Gen 9] VGC 2024 Reg H\n|rated|\n|rule|Species Clause: Limit one of each Pok\u00e9mon\n|rule|Item Clause: Limit 1 of each item\n|clearpoke\n|poke|p1|Weezing-Galar, L50, M|\n|poke|p1|Toedscruel, L50, F|\n|poke|p1|Garchomp, L50, F|\n|poke|p1|Corviknight, L50, M|\n|poke|p1|Typhlosion-Hisui, L50, F|\n|poke|p1|Ninetales-Alola, L50, M|\n|poke|p2|Rotom-Wash, L50|\n|poke|p2|Sneasler, L50, M|\n|poke|p2|Kingambit, L50, F|\n|poke|p2|Armarouge, L50, M|\n|poke|p2|Dragapult, L50, F|\n|poke|p2|Venusaur, L50, F|\n|teampreview|4\n|\n|t:|1731511451\n|start\n|switch|p1a: Corviknight|Corviknight, L50, M|100\/100\n|switch|p1b: Garchomp|Garchomp, L50, F|100\/100\n|switch|p2a: Sneasler|Sneasler, L50, M|100\/100\n|switch|p2b: Armarouge|Armarouge, L50, M|100\/100\n|turn|1\n|\n|t:|1731511499\n|-terastallize|p2b: Armarouge|Dark\n|move|p2a: Sneasler|Close Combat|p1a: Corviknight\n|-damage|p1a: Corviknight|49\/100\n|-unboost|p2a: Sneasler|def|1\n|-unboost|p2a: Sneasler|spd|1\n|-enditem|p1a: Corviknight|Sitrus Berry|[eat]\n|-heal|p1a: Corviknight|74\/100|[from] item: Sitrus Berry\n|move|p1b: Garchomp|Earthquake|p2b: Armarouge|[spread] p2a,p2b\n|-immune|p1a: Corviknight\n|-supereffective|p2a: Sneasler\n|-enditem|p2a: Sneasler|Focus Sash\n|-damage|p2a: Sneasler|1\/100\n|-damage|p2b: Armarouge|49\/100\n|-damage|p1b: Garchomp|91\/100|[from] item: Life Orb\n|move|p2b: Armarouge|Heat Wave|p1b: Garchomp|[spread] p1a\n|-miss|p2b: Armarouge|p1b: Garchomp\n|-supereffective|p1a: Corviknight\n|-damage|p1a: Corviknight|19\/100\n|move|p1a: Corviknight|Brave Bird|p2b: Armarouge\n|-damage|p2b: Armarouge|5\/100\n|-damage|p1a: Corviknight|6\/100|[from] Recoil\n|\n|upkeep\n|turn|2\n|\n|t:|1731511546\n|switch|p1a: Weezing|Weezing-Galar, L50, M|100\/100\n|-ability|p1a: Weezing|Neutralizing Gas\n|move|p2a: Sneasler|Rock Tomb|p1b: Garchomp\n|-resisted|p1b: Garchomp\n|-damage|p1b: Garchomp|81\/100\n|-unboost|p1b: Garchomp|spe|1\n|move|p2b: Armarouge|Psychic|p1b: Garchomp\n|-damage|p1b: Garchomp|30\/100\n|move|p1b: Garchomp|Stomping Tantrum|p2b: Armarouge\n|-damage|p2b: Armarouge|0 fnt\n|faint|p2b: Armarouge\n|-damage|p1b: Garchomp|20\/100|[from] item: Life Orb\n|\n|upkeep\n|\n|t:|1731511570\n|switch|p2b: Kingambit|Kingambit, L50, F, shiny|100\/100\n|turn|3\n|j| stewpeed\n|\n|t:|1731511602\n|move|p2a: Sneasler|Close Combat|p1b: Garchomp\n|-damage|p1b: Garchomp|0 fnt\n|-unboost|p2a: Sneasler|def|1\n|-unboost|p2a: Sneasler|spd|1\n|faint|p1b: Garchomp\n|move|p2b: Kingambit|Iron Head|p1a: Weezing\n|-supereffective|p1a: Weezing\n|-damage|p1a: Weezing|16\/100\n|move|p1a: Weezing|Dazzling Gleam|p2b: Kingambit|[spread] p2a,p2b\n|-damage|p2a: Sneasler|0 fnt\n|-damage|p2b: Kingambit|67\/100\n|faint|p2a: Sneasler\n|\n|upkeep\n|\n|t:|1731511612\n|switch|p2a: Dragapult|Dragapult, L50, F|100\/100\n|switch|p1b: Toedscruel|Toedscruel, L50, F|100\/100\n|turn|4\n|\n|t:|1731511658\n|-end|p1a: Weezing|ability: Neutralizing Gas\n|switch|p1a: Corviknight|Corviknight, L50, M|6\/100\n|-terastallize|p1b: Toedscruel|Water\n|move|p2b: Kingambit|Protect|p2b: Kingambit\n|-singleturn|p2b: Kingambit|Protect\n|move|p2a: Dragapult|Psychic Fangs|p1a: Corviknight\n|-resisted|p1a: Corviknight\n|-damage|p1a: Corviknight|0 fnt\n|faint|p1a: Corviknight\n|move|p1b: Toedscruel|Spore|p2b: Kingambit\n|-activate|p2b: Kingambit|move: Protect\n|\n|upkeep\n|\n|t:|1731511669\n|switch|p1a: Weezing|Weezing-Galar, L50, M|16\/100\n|-ability|p1a: Weezing|Neutralizing Gas\n|turn|5\n|j| ChinaDragonVGC\n|l| ChinaDragonVGC\n|\n|t:|1731511707\n|move|p1b: Toedscruel|Rage Powder|p1b: Toedscruel\n|-singleturn|p1b: Toedscruel|move: Rage Powder\n|move|p2a: Dragapult|Psychic Fangs|p1b: Toedscruel\n|-damage|p1b: Toedscruel|66\/100\n|move|p2b: Kingambit|Throat Chop|p1b: Toedscruel\n|-crit|p1b: Toedscruel\n|-damage|p1b: Toedscruel|0 fnt\n|faint|p1b: Toedscruel\n|move|p1a: Weezing|Dazzling Gleam|p2a: Dragapult|[spread] p2a,p2b\n|-supereffective|p2a: Dragapult\n|-damage|p2a: Dragapult|36\/100\n|-damage|p2b: Kingambit|31\/100\n|-enditem|p2b: Kingambit|Sitrus Berry|[eat]\n|-heal|p2b: Kingambit|56\/100|[from] item: Sitrus Berry\n|\n|upkeep\n|turn|6\n|inactive|Battle timer is ON: inactive players will automatically lose when time's up. (requested by Zordor)\n|\n|t:|1731511730\n|move|p2a: Dragapult|Psychic Fangs|p1a: Weezing\n|-supereffective|p1a: Weezing\n|-damage|p1a: Weezing|0 fnt\n|faint|p1a: Weezing\n|-end|p1a: Weezing|ability: Neutralizing Gas\n|\n|win|Zordor\n|raw|Cellpab1's rating: 1714 &rarr; <strong>1699<\/strong><br \/>(-15 for losing)\n|raw|Zordor's rating: 1798 &rarr; <strong>1813<\/strong><br \/>(+15 for winning)\n|l|\u2606Cellpab1\n|player|p1|\n|l|\u2606Zordor\n|player|p2|\n","uploadtime":1731511870,"views":20,"formatid":"gen9vgc2024regh","rating":1699,"private":0,"password":null}