{"id":"gen9vgc2024regh-2243122104","format":"[Gen 9] VGC 2024 Reg H","players":["VGCLTH Thacrow","trevanator"],"log":"|raw|<div class=\"broadcast-blue\"><strong>This battle is required to be public due to a player having a name starting with 'vgclth'.<\/div>\n|j|\u2606VGCLTH Thacrow\n|j|\u2606trevanator\n|t:|1731513976\n|gametype|doubles\n|player|p1|VGCLTH Thacrow|wallace-masters|1814\n|player|p2|trevanator|265|1869\n|teamsize|p1|6\n|teamsize|p2|6\n|gen|9\n|tier|[Gen 9] VGC 2024 Reg H\n|rated|\n|rule|Species Clause: Limit one of each Pok\u00e9mon\n|rule|Item Clause: Limit 1 of each item\n|clearpoke\n|poke|p1|Ceruledge, L50, F|\n|poke|p1|Gastrodon-East, L50, F|\n|poke|p1|Sneasler, L50, M|\n|poke|p1|Dragonite, L50, F|\n|poke|p1|Rillaboom, L50, F|\n|poke|p1|Kingambit, L50, M|\n|poke|p2|Politoed, L50, F|\n|poke|p2|Gothitelle, L50, F|\n|poke|p2|Incineroar, L50, F|\n|poke|p2|Amoonguss, L50, M|\n|poke|p2|Kingdra, L50, M|\n|poke|p2|Archaludon, L50, F|\n|teampreview|4\nVGCLTH Thacrow has agreed to open team sheets.\n|inactive|Battle timer is ON: inactive players will automatically lose when time's up. (requested by trevanator)\n|\n|t:|1731513997\n|start\n|switch|p1a: Kidturtle|Sneasler, L50, M, shiny|100\/100\n|switch|p1b: Godlyreal|Kingambit, L50, M|100\/100\n|switch|p2a: Politoed|Politoed, L50, F|100\/100\n|switch|p2b: Amoonguss|Amoonguss, L50, M|100\/100\n|-weather|RainDance|[from] ability: Drizzle|[of] p2a: Politoed\n|turn|1\n|\n|t:|1731514003\n|-terastallize|p1b: Godlyreal|Flying\n|move|p1a: Kidturtle|Coaching|p1b: Godlyreal\n|-boost|p1b: Godlyreal|atk|1\n|-boost|p1b: Godlyreal|def|1\n|move|p2a: Politoed|Perish Song|p2a: Politoed\n|-start|p1a: Kidturtle|perish3|[silent]\n|-start|p1b: Godlyreal|perish3|[silent]\n|-start|p2a: Politoed|perish3|[silent]\n|-start|p2b: Amoonguss|perish3|[silent]\n|-fieldactivate|move: Perish Song\n|move|p1b: Godlyreal|Tera Blast|p2b: Amoonguss|[anim] Tera Blast Flying\n|-supereffective|p2b: Amoonguss\n|-damage|p2b: Amoonguss|0 fnt\n|faint|p2b: Amoonguss\n|\n|-weather|RainDance|[upkeep]\n|-start|p1a: Kidturtle|perish3\n|-start|p2a: Politoed|perish3\n|-start|p1b: Godlyreal|perish3\n|upkeep\n|\n|t:|1731514011\n|switch|p2b: Gothitelle|Gothitelle, L50, F|100\/100\n|turn|2\n|\n|t:|1731514014\n|switch|p2a: Incineroar|Incineroar, L50, F|100\/100\n|-ability|p2a: Incineroar|Intimidate|boost\n|-unboost|p1a: Kidturtle|atk|1\n|-unboost|p1b: Godlyreal|atk|1\n|-ability|p1b: Godlyreal|Defiant|boost\n|-boost|p1b: Godlyreal|atk|2\n|move|p2b: Gothitelle|Fake Out|p1b: Godlyreal\n|-damage|p1b: Godlyreal|98\/100\n|move|p1a: Kidturtle|Close Combat|p2a: Incineroar\n|-supereffective|p2a: Incineroar\n|-damage|p2a: Incineroar|20\/100\n|-unboost|p1a: Kidturtle|def|1\n|-unboost|p1a: Kidturtle|spd|1\n|cant|p1b: Godlyreal|flinch\n|\n|-weather|RainDance|[upkeep]\n|-start|p1a: Kidturtle|perish2\n|-start|p1b: Godlyreal|perish2\n|upkeep\n|turn|3\n|\n|t:|1731514027\n|move|p2a: Incineroar|Fake Out|p1b: Godlyreal\n|-damage|p1b: Godlyreal|92\/100\n|move|p1a: Kidturtle|Close Combat|p2a: Incineroar\n|-supereffective|p2a: Incineroar\n|-damage|p2a: Incineroar|0 fnt\n|-unboost|p1a: Kidturtle|def|1\n|-unboost|p1a: Kidturtle|spd|1\n|faint|p2a: Incineroar\n|cant|p1b: Godlyreal|flinch\n|move|p2b: Gothitelle|Trick Room|p2b: Gothitelle\n|-fieldstart|move: Trick Room|[of] p2b: Gothitelle\n|\n|-weather|RainDance|[upkeep]\n|-start|p1b: Godlyreal|perish1\n|-start|p1a: Kidturtle|perish1\n|upkeep\n|j| hastein\n|\n|t:|1731514030\n|switch|p2a: Politoed|Politoed, L50, F|100\/100\n|turn|4\n|j| LightningBlizzard\n|\n|t:|1731514037\n|move|p2b: Gothitelle|Protect|p2b: Gothitelle\n|-singleturn|p2b: Gothitelle|Protect\n|move|p2a: Politoed|Protect|p2a: Politoed\n|-singleturn|p2a: Politoed|Protect\n|move|p1b: Godlyreal|Kowtow Cleave|p2b: Gothitelle\n|-activate|p2b: Gothitelle|move: Protect\n|move|p1a: Kidturtle|Dire Claw|p2b: Gothitelle\n|-activate|p2b: Gothitelle|move: Protect\n|\n|-weather|RainDance|[upkeep]\n|-start|p1b: Godlyreal|perish0\n|-start|p1a: Kidturtle|perish0\n|faint|p1b: Godlyreal\n|faint|p1a: Kidturtle\n|upkeep\n|\n|t:|1731514039\n|switch|p1b: Joe Dog|Gastrodon-East, L50, F|100\/100\n|switch|p1a: AdlrichYan|Rillaboom, L50, F|100\/100\n|-fieldstart|move: Grassy Terrain|[from] ability: Grassy Surge|[of] p1a: AdlrichYan\n|turn|5\n|inactive|trevanator has 30 seconds left.\n|\n|t:|1731514071\n|-terastallize|p2a: Politoed|Grass\n|move|p1b: Joe Dog|Earth Power|p2b: Gothitelle\n|-damage|p2b: Gothitelle|73\/100\n|move|p2b: Gothitelle|Psychic|p1b: Joe Dog\n|-damage|p1b: Joe Dog|77\/100\n|move|p2a: Politoed|Encore||[still]\n|-fail|p2a: Politoed\n|move|p1a: AdlrichYan|Wood Hammer|p2b: Gothitelle\n|-damage|p2b: Gothitelle|0 fnt\n|faint|p2b: Gothitelle\n|-damage|p1a: AdlrichYan|77\/100|[from] Recoil\n|\n|-weather|none\n|-heal|p1b: Joe Dog|83\/100|[from] Grassy Terrain\n|-heal|p1a: AdlrichYan|83\/100|[from] Grassy Terrain\n|upkeep\n|turn|6\n|\n|t:|1731514082\n|move|p1b: Joe Dog|Ice Beam|p2a: Politoed\n|-supereffective|p2a: Politoed\n|-damage|p2a: Politoed|66\/100\n|move|p2a: Politoed|Perish Song|p2a: Politoed\n|-start|p1a: AdlrichYan|perish3|[silent]\n|-start|p1b: Joe Dog|perish3|[silent]\n|-start|p2a: Politoed|perish3|[silent]\n|-fieldactivate|move: Perish Song\n|move|p1a: AdlrichYan|Wood Hammer|p2a: Politoed\n|-resisted|p2a: Politoed\n|-damage|p2a: Politoed|15\/100\n|-damage|p1a: AdlrichYan|65\/100|[from] Recoil\n|\n|-heal|p1b: Joe Dog|89\/100|[from] Grassy Terrain\n|-heal|p2a: Politoed|21\/100|[from] Grassy Terrain\n|-heal|p2a: Politoed|27\/100|[from] item: Leftovers\n|-heal|p1a: AdlrichYan|71\/100|[from] Grassy Terrain\n|-start|p1b: Joe Dog|perish3\n|-start|p2a: Politoed|perish3\n|-start|p1a: AdlrichYan|perish3\n|upkeep\n|turn|7\n|j| MinamiSimp\n|\n|t:|1731514089\n|move|p2a: Politoed|Protect|p2a: Politoed\n|-singleturn|p2a: Politoed|Protect\n|move|p1b: Joe Dog|Ice Beam|p2a: Politoed\n|-activate|p2a: Politoed|move: Protect\n|move|p1a: AdlrichYan|Wood Hammer|p2a: Politoed\n|-activate|p2a: Politoed|move: Protect\n|\n|-heal|p1b: Joe Dog|95\/100|[from] Grassy Terrain\n|-heal|p2a: Politoed|33\/100|[from] Grassy Terrain\n|-heal|p2a: Politoed|39\/100|[from] item: Leftovers\n|-heal|p1a: AdlrichYan|77\/100|[from] Grassy Terrain\n|-start|p1b: Joe Dog|perish2\n|-start|p2a: Politoed|perish2\n|-start|p1a: AdlrichYan|perish2\n|-fieldend|move: Trick Room\n|upkeep\n|turn|8\n|\n|t:|1731514093\n|move|p2a: Politoed|Protect|p2a: Politoed\n|-singleturn|p2a: Politoed|Protect\n|move|p1a: AdlrichYan|Wood Hammer|p2a: Politoed\n|-activate|p2a: Politoed|move: Protect\n|move|p1b: Joe Dog|Ice Beam|p2a: Politoed\n|-activate|p2a: Politoed|move: Protect\n|\n|-heal|p1a: AdlrichYan|83\/100|[from] Grassy Terrain\n|-heal|p2a: Politoed|45\/100|[from] Grassy Terrain\n|-heal|p2a: Politoed|51\/100|[from] item: Leftovers\n|-heal|p1b: Joe Dog|100\/100|[from] Grassy Terrain\n|-start|p1a: AdlrichYan|perish1\n|-start|p2a: Politoed|perish1\n|-start|p1b: Joe Dog|perish1\n|upkeep\n|turn|9\n|\n|t:|1731514096\n|move|p2a: Politoed|Protect||[still]\n|-fail|p2a: Politoed\n|move|p1a: AdlrichYan|Wood Hammer|p2a: Politoed\n|-resisted|p2a: Politoed\n|-damage|p2a: Politoed|1\/100\n|-damage|p1a: AdlrichYan|65\/100|[from] Recoil\n|move|p1b: Joe Dog|Ice Beam|p2a: Politoed\n|-supereffective|p2a: Politoed\n|-damage|p2a: Politoed|0 fnt\n|faint|p2a: Politoed\n|\n|win|VGCLTH Thacrow\n|raw|VGCLTH Thacrow's rating: 1814 &rarr; <strong>1837<\/strong><br \/>(+23 for winning)\n|raw|trevanator's rating: 1869 &rarr; <strong>1846<\/strong><br \/>(-23 for losing)\n|l| MinamiSimp\n|l|\u2606VGCLTH Thacrow\n|player|p1|\n|c| LightningBlizzard|wow\n|l| LightningBlizzard\n|j| VGCLTH John Pork\n|l| VGCLTH John Pork\n","uploadtime":1731514099,"views":179,"formatid":"gen9vgc2024regh","rating":1837,"private":0,"password":null}