{"id":"gen9vgc2024regh-2243395271","format":"[Gen 9] VGC 2024 Reg H","players":["VGCLTH Thacrow","grovyleuwu"],"log":"|j|\u2606VGCLTH Thacrow\n|j|\u2606grovyleuwu\n|t:|1731541465\n|gametype|doubles\n|player|p1|VGCLTH Thacrow|wallace-masters|1766\n|player|p2|grovyleuwu|whitney|1808\n|teamsize|p1|6\n|teamsize|p2|6\n|gen|9\n|tier|[Gen 9] VGC 2024 Reg H\n|rated|\n|rule|Species Clause: Limit one of each Pok\u00e9mon\n|rule|Item Clause: Limit 1 of each item\n|clearpoke\n|poke|p1|Ceruledge, L50, M|\n|poke|p1|Gastrodon-East, L50, M|\n|poke|p1|Sneasler, L50, M|\n|poke|p1|Dragonite, L50, F|\n|poke|p1|Rillaboom, L50, F|\n|poke|p1|Kingambit, L50, M|\n|poke|p2|Pelipper, L50, M|\n|poke|p2|Sneasler, L50, F|\n|poke|p2|Archaludon, L50, F|\n|poke|p2|Indeedee, L50, M|\n|poke|p2|Basculegion, L50, M|\n|poke|p2|Talonflame, L50, M|\n|teampreview|4\n|inactive|Battle timer is ON: inactive players will automatically lose when time's up. (requested by grovyleuwu)\nVGCLTH Thacrow has agreed to open team sheets.\n|inactive|grovyleuwu has 60 seconds left.\n|\n|t:|1731541498\n|start\n|switch|p1a: Kidturtle|Sneasler, L50, M, shiny|100\/100\n|switch|p1b: Main Flutter|Dragonite, L50, F, shiny|100\/100\n|switch|p2a: Pelipper|Pelipper, L50, M|100\/100\n|switch|p2b: Archaludon|Archaludon, L50, F|100\/100\n|-weather|RainDance|[from] ability: Drizzle|[of] p2a: Pelipper\n|turn|1\n|\n|t:|1731541511\n|-terastallize|p2a: Pelipper|Ghost\n|move|p2a: Pelipper|Icy Wind|p1a: Kidturtle|[spread] p1a,p1b\n|-supereffective|p1b: Main Flutter\n|-damage|p1a: Kidturtle|85\/100\n|-damage|p1b: Main Flutter|77\/100\n|-unboost|p1a: Kidturtle|spe|1\n|-unboost|p1b: Main Flutter|spe|1\n|move|p2b: Archaludon|Electro Shot||[still]\n|-prepare|p2b: Archaludon|Electro Shot\n|-boost|p2b: Archaludon|spa|1\n|-anim|p2b: Archaludon|Electro Shot|p1a: Kidturtle\n|-damage|p1a: Kidturtle|0 fnt\n|faint|p1a: Kidturtle\n|move|p1b: Main Flutter|Scale Shot|p2a: Pelipper\n|-damage|p2a: Pelipper|82\/100\n|-damage|p2a: Pelipper|61\/100\n|-damage|p2a: Pelipper|41\/100\n|-crit|p2a: Pelipper\n|-damage|p2a: Pelipper|10\/100\n|-hitcount|p2a: Pelipper|4\n|-unboost|p1b: Main Flutter|def|1\n|-boost|p1b: Main Flutter|spe|1\n|\n|-weather|RainDance|[upkeep]\n|upkeep\n|j| VGCLTH John Pork\n|\n|t:|1731541521\n|switch|p1a: Joe Dog|Gastrodon-East, L50, M|100\/100\n|turn|2\n|\n|t:|1731541542\n|switch|p2a: Indeedee|Indeedee, L50, M|100\/100\n|-fieldstart|move: Psychic Terrain|[from] ability: Psychic Surge|[of] p2a: Indeedee\n|move|p1b: Main Flutter|Protect|p1b: Main Flutter\n|-singleturn|p1b: Main Flutter|Protect\n|move|p2b: Archaludon|Electro Shot||[still]\n|-prepare|p2b: Archaludon|Electro Shot\n|-boost|p2b: Archaludon|spa|1\n|-anim|p2b: Archaludon|Electro Shot|p1b: Main Flutter\n|-activate|p1b: Main Flutter|move: Protect\n|move|p1a: Joe Dog|Earth Power|p2b: Archaludon\n|-supereffective|p2b: Archaludon\n|-damage|p2b: Archaludon|5\/100\n|\n|-weather|RainDance|[upkeep]\n|upkeep\n|turn|3\n|j| FBISurveillanceMan\n|j| blizz.vg\n|\n|t:|1731541561\n|switch|p1b: AdlrichYan|Rillaboom, L50, F|100\/100\n|-fieldstart|move: Grassy Terrain|[from] ability: Grassy Surge|[of] p1b: AdlrichYan\n|move|p2a: Indeedee|Expanding Force|p1b: AdlrichYan\n|-damage|p1b: AdlrichYan|57\/100\n|move|p2b: Archaludon|Dragon Pulse|p1b: AdlrichYan\n|-damage|p1b: AdlrichYan|0 fnt\n|faint|p1b: AdlrichYan\n|move|p1a: Joe Dog|Earth Power|p2b: Archaludon\n|-supereffective|p2b: Archaludon\n|-crit|p2b: Archaludon\n|-damage|p2b: Archaludon|0 fnt\n|faint|p2b: Archaludon\n|\n|-weather|RainDance|[upkeep]\n|upkeep\n|\n|t:|1731541573\n|switch|p2b: Pelipper|Pelipper, L50, M, tera:Ghost|10\/100\n|switch|p1b: Main Flutter|Dragonite, L50, F, shiny|77\/100\n|turn|4\n|j| wizzpoower\n|\n|t:|1731541587\n|switch|p2a: Talonflame|Talonflame, L50, M|100\/100\n|-terastallize|p1b: Main Flutter|Fairy\n|move|p2b: Pelipper|Icy Wind|p1a: Joe Dog|[spread] p1a,p1b\n|-damage|p1a: Joe Dog|90\/100\n|-damage|p1b: Main Flutter|65\/100\n|-unboost|p1a: Joe Dog|spe|1\n|-unboost|p1b: Main Flutter|spe|1\n|move|p1b: Main Flutter|Scale Shot|p2a: Talonflame\n|-damage|p2a: Talonflame|78\/100\n|-damage|p2a: Talonflame|56\/100\n|-damage|p2a: Talonflame|34\/100\n|-damage|p2a: Talonflame|12\/100\n|-damage|p2a: Talonflame|0 fnt\n|faint|p2a: Talonflame\n|-hitcount|p2: Talonflame|5\n|-unboost|p1b: Main Flutter|def|1\n|-boost|p1b: Main Flutter|spe|1\n|move|p1a: Joe Dog|Earth Power|p2b: Pelipper\n|-damage|p2b: Pelipper|0 fnt\n|faint|p2b: Pelipper\n|\n|-weather|RainDance|[upkeep]\n|-heal|p1b: Main Flutter|71\/100|[from] Grassy Terrain\n|-heal|p1a: Joe Dog|96\/100|[from] Grassy Terrain\n|upkeep\n|\n|t:|1731541599\n|switch|p2b: Indeedee|Indeedee, L50, M|100\/100\n|-fieldstart|move: Psychic Terrain|[from] ability: Psychic Surge|[of] p2b: Indeedee\n|turn|5\n|\n|t:|1731541604\n|move|p1b: Main Flutter|Protect|p1b: Main Flutter\n|-singleturn|p1b: Main Flutter|Protect\n|move|p2b: Indeedee|Expanding Force|p1b: Main Flutter|[spread] p1a\n|-activate|p1b: Main Flutter|move: Protect\n|-damage|p1a: Joe Dog|47\/100\n|-enditem|p1a: Joe Dog|Sitrus Berry|[eat]\n|-heal|p1a: Joe Dog|72\/100|[from] item: Sitrus Berry\n|move|p1a: Joe Dog|Earth Power|p2b: Indeedee\n|-damage|p2b: Indeedee|53\/100\n|\n|-weather|none\n|upkeep\n|turn|6\n|\n|t:|1731541611\n|move|p2b: Indeedee|Expanding Force|p1a: Joe Dog|[spread] p1a,p1b\n|-damage|p1a: Joe Dog|28\/100\n|-damage|p1b: Main Flutter|15\/100\n|move|p1b: Main Flutter|Scale Shot|p2b: Indeedee\n|-damage|p2b: Indeedee|24\/100\n|-damage|p2b: Indeedee|0 fnt\n|faint|p2b: Indeedee\n|-hitcount|p2: Indeedee|2\n|\n|win|VGCLTH Thacrow\n|raw|VGCLTH Thacrow's rating: 1766 &rarr; <strong>1788<\/strong><br \/>(+22 for winning)\n|raw|grovyleuwu's rating: 1808 &rarr; <strong>1786<\/strong><br \/>(-22 for losing)\n|l|\u2606grovyleuwu\n|player|p2|\n|l|\u2606VGCLTH Thacrow\n|player|p1|\n|l| blizz.vg\n|l| VGCLTH John Pork\n|l| FBISurveillanceMan\n","uploadtime":1731541837,"views":24,"formatid":"gen9vgc2024regh","rating":1786,"private":0,"password":null}