{"id":"gen9vgc2024regh-2243954910","format":"[Gen 9] VGC 2024 Reg H","players":["VGCLTH Sac gaming","por minha atendido"],"log":"|raw|<div class=\"broadcast-blue\"><strong>This battle is required to be public due to a player having a name starting with 'vgclth'.<\/div>\n|j|\u2606VGCLTH Sac gaming\n|j|\u2606por minha atendido\n|t:|1731615128\n|gametype|doubles\n|player|p1|VGCLTH Sac gaming|steven|1741\n|player|p2|por minha atendido|266|1720\n|teamsize|p1|6\n|teamsize|p2|6\n|gen|9\n|tier|[Gen 9] VGC 2024 Reg H\n|rated|\n|rule|Species Clause: Limit one of each Pok\u00e9mon\n|rule|Item Clause: Limit 1 of each item\n|clearpoke\n|poke|p1|Whimsicott, L50, F|\n|poke|p1|Dragonite, L50, F|\n|poke|p1|Ursaluna-Bloodmoon, L50, M|\n|poke|p1|Gholdengo, L50|\n|poke|p1|Incineroar, L50, F|\n|poke|p1|Annihilape, L50, M|\n|poke|p2|Garchomp, L50, F|\n|poke|p2|Hydreigon, L50, F|\n|poke|p2|Murkrow, L50, F|\n|poke|p2|Sneasler, L50, F|\n|poke|p2|Indeedee, L50, M|\n|poke|p2|Gholdengo, L50|\n|teampreview|4\n|inactive|Battle timer is ON: inactive players will automatically lose when time's up. (requested by VGCLTH Sac gaming)\nVGCLTH Sac gaming rejected open team sheets.\n|inactive|por minha atendido has 60 seconds left.\n|\n|t:|1731615176\n|start\n|switch|p1a: Whimsicott|Whimsicott, L50, F|100\/100\n|switch|p1b: Dragonite|Dragonite, L50, F|100\/100\n|switch|p2a: Murkrow|Murkrow, L50, F|100\/100\n|switch|p2b: Gholdengo|Gholdengo, L50|100\/100\n|turn|1\n|inactive|VGCLTH Sac gaming has 30 seconds left.\n|\n|t:|1731615204\n|-terastallize|p1b: Dragonite|Steel\n|move|p1a: Whimsicott|Moonblast|p2a: Murkrow\n|-supereffective|p2a: Murkrow\n|-damage|p2a: Murkrow|29\/100\n|-unboost|p2a: Murkrow|spa|1\n|move|p2b: Gholdengo|Make It Rain|p1a: Whimsicott|[spread] p1a,p1b\n|-supereffective|p1a: Whimsicott\n|-resisted|p1b: Dragonite\n|-enditem|p1a: Whimsicott|Focus Sash\n|-damage|p1a: Whimsicott|1\/100\n|-damage|p1b: Dragonite|80\/100\n|-unboost|p2b: Gholdengo|spa|1\n|move|p1b: Dragonite|Scale Shot|p2b: Gholdengo\n|-resisted|p2b: Gholdengo\n|-damage|p2b: Gholdengo|93\/100\n|-resisted|p2b: Gholdengo\n|-damage|p2b: Gholdengo|84\/100\n|-resisted|p2b: Gholdengo\n|-damage|p2b: Gholdengo|76\/100\n|-resisted|p2b: Gholdengo\n|-damage|p2b: Gholdengo|67\/100\n|-resisted|p2b: Gholdengo\n|-damage|p2b: Gholdengo|58\/100\n|-hitcount|p2b: Gholdengo|5\n|-unboost|p1b: Dragonite|def|1\n|-boost|p1b: Dragonite|spe|1\n|move|p2a: Murkrow|Foul Play|p1b: Dragonite\n|-damage|p1b: Dragonite|0 fnt\n|faint|p1b: Dragonite\n|\n|upkeep\n|\n|t:|1731615225\n|switch|p1b: Gholdengo|Gholdengo, L50|100\/100\n|turn|2\n|\n|t:|1731615230\n|move|p1a: Whimsicott|Tailwind|p1a: Whimsicott\n|-sidestart|p1: VGCLTH Sac gaming|move: Tailwind\n|move|p2a: Murkrow|Tailwind|p2a: Murkrow\n|-sidestart|p2: por minha atendido|move: Tailwind\n|move|p1b: Gholdengo|Shadow Ball|p2b: Gholdengo\n|-supereffective|p2b: Gholdengo\n|-damage|p2b: Gholdengo|0 fnt\n|faint|p2b: Gholdengo\n|\n|upkeep\n|\n|t:|1731615237\n|switch|p2b: Indeedee|Indeedee, L50, M|100\/100\n|-fieldstart|move: Psychic Terrain|[from] ability: Psychic Surge|[of] p2b: Indeedee\n|turn|3\n|\n|t:|1731615251\n|move|p2b: Indeedee|Protect|p2b: Indeedee\n|-singleturn|p2b: Indeedee|Protect\n|move|p1a: Whimsicott|Moonblast|p2b: Indeedee\n|-activate|p2b: Indeedee|move: Protect\n|move|p1b: Gholdengo|Shadow Ball|p2a: Murkrow\n|-resisted|p2a: Murkrow\n|-damage|p2a: Murkrow|0 fnt\n|faint|p2a: Murkrow\n|\n|upkeep\n|inactive|por minha atendido has 30 seconds left.\n|inactive|por minha atendido has 20 seconds left.\n|\n|t:|1731615291\n|switch|p2a: Sneasler|Sneasler, L50, F|100\/100\n|-enditem|p2a: Sneasler|Psychic Seed\n|-boost|p2a: Sneasler|spd|1|[from] item: Psychic Seed\n|turn|4\n|\n|t:|1731615299\n|move|p2a: Sneasler|Dire Claw|p1a: Whimsicott\n|-supereffective|p1a: Whimsicott\n|-damage|p1a: Whimsicott|0 fnt\n|faint|p1a: Whimsicott\n|move|p1b: Gholdengo|Shadow Ball|p2a: Sneasler\n|-damage|p2a: Sneasler|38\/100\n|move|p2b: Indeedee|Expanding Force|p1b: Gholdengo\n|-resisted|p1b: Gholdengo\n|-damage|p1b: Gholdengo|51\/100\n|\n|upkeep\n|\n|t:|1731615308\n|switch|p1a: Ursaluna|Ursaluna-Bloodmoon, L50, M|100\/100\n|turn|5\n|-message|VGCLTH Sac gaming forfeited.\n|\n|win|por minha atendido\n|raw|VGCLTH Sac gaming's rating: 1741 &rarr; <strong>1720<\/strong><br \/>(-21 for losing)\n|raw|por minha atendido's rating: 1720 &rarr; <strong>1741<\/strong><br \/>(+21 for winning)\n|l|\u2606VGCLTH Sac gaming\n|player|p1|\n|l|\u2606por minha atendido\n|player|p2|\n","uploadtime":1731615526,"views":24,"formatid":"gen9vgc2024regh","rating":1720,"private":0,"password":null}