{"id":"gen9vgc2024regh-2243725475","format":"[Gen 9] VGC 2024 Reg H","players":["ray4gej","VGCLTH Rishi"],"log":"|j|\u2606ray4gej\n|j|\u2606VGCLTH Rishi\n|t:|1731592761\n|gametype|doubles\n|player|p1|ray4gej|170|1686\n|player|p2|VGCLTH Rishi|shauntal|1832\n|teamsize|p1|6\n|teamsize|p2|6\n|gen|9\n|tier|[Gen 9] VGC 2024 Reg H\n|rated|\n|rule|Species Clause: Limit one of each Pok\u00e9mon\n|rule|Item Clause: Limit 1 of each item\n|clearpoke\n|poke|p1|Dondozo, L50, F|\n|poke|p1|Tatsugiri, L50, M|\n|poke|p1|Sneasler, L50, F|\n|poke|p1|Flamigo, L50, F|\n|poke|p1|Amoonguss, L50, F|\n|poke|p1|Gholdengo, L50|\n|poke|p2|Kommo-o, L50, F|\n|poke|p2|Rillaboom, L50, F|\n|poke|p2|Tyranitar, L50, F|\n|poke|p2|Talonflame, L50, F|\n|poke|p2|Gholdengo, L50|\n|poke|p2|Milotic, L50, F|\n|teampreview|4\n|l|\u2606VGCLTH Rishi\n|player|p2|\n|j|\u2606VGCLTH Rishi\n|player|p2|VGCLTH Rishi|shauntal|\n|j| jumbojoshenjoyer\n|l| jumbojoshenjoyer\n|\n|t:|1731592841\n|start\n|switch|p1a: Sneasler|Sneasler, L50, F|100\/100\n|switch|p1b: Tatsugiri|Tatsugiri, L50, M|100\/100\n|switch|p2a: Gholdengo|Gholdengo, L50|100\/100\n|switch|p2b: Talonflame|Talonflame, L50, F|100\/100\n|turn|1\n|\n|t:|1731592865\n|move|p2b: Talonflame|Protect|p2b: Talonflame\n|-singleturn|p2b: Talonflame|Protect\n|move|p1a: Sneasler|Fake Out|p2b: Talonflame\n|-activate|p2b: Talonflame|move: Protect\n|move|p1b: Tatsugiri|Muddy Water|p2a: Gholdengo|[spread] \n|-activate|p2b: Talonflame|move: Protect\n|-miss|p1b: Tatsugiri|p2a: Gholdengo\n|move|p2a: Gholdengo|Shadow Ball|p1a: Sneasler\n|-damage|p1a: Sneasler|15\/100\n|\n|upkeep\n|turn|2\n|\n|t:|1731592886\n|move|p2b: Talonflame|Tailwind|p2b: Talonflame\n|-sidestart|p2: VGCLTH Rishi|move: Tailwind\n|move|p2a: Gholdengo|Shadow Ball|p1b: Tatsugiri\n|-damage|p1b: Tatsugiri|20\/100\n|-unboost|p1b: Tatsugiri|spd|1\n|move|p1b: Tatsugiri|Muddy Water|p2b: Talonflame|[spread] p2a,p2b\n|-supereffective|p2b: Talonflame\n|-damage|p2a: Gholdengo|62\/100\n|-damage|p2b: Talonflame|0 fnt\n|faint|p2b: Talonflame\n|move|p1a: Sneasler|Dire Claw|p2a: Gholdengo\n|-immune|p2a: Gholdengo\n|\n|upkeep\n|\n|t:|1731592899\n|switch|p2b: Milotic|Milotic, L50, F|100\/100\n|turn|3\n|\n|t:|1731592908\n|switch|p1b: Amoonguss|Amoonguss, L50, F|100\/100\n|move|p2a: Gholdengo|Shadow Ball|p1a: Sneasler\n|-damage|p1a: Sneasler|0 fnt\n|faint|p1a: Sneasler\n|move|p2b: Milotic|Ice Beam|p1b: Amoonguss\n|-supereffective|p1b: Amoonguss\n|-damage|p1b: Amoonguss|56\/100\n|\n|upkeep\n|\n|t:|1731592924\n|switch|p1a: Dondozo|Dondozo, L50, F, shiny|100\/100\n|turn|4\n|\n|t:|1731592949\n|move|p1a: Dondozo|Protect|p1a: Dondozo\n|-singleturn|p1a: Dondozo|Protect\n|move|p2a: Gholdengo|Shadow Ball|p1b: Amoonguss\n|-damage|p1b: Amoonguss|6\/100\n|-enditem|p1b: Amoonguss|Sitrus Berry|[eat]\n|-heal|p1b: Amoonguss|30\/100|[from] item: Sitrus Berry\n|move|p2b: Milotic|Haze|p2b: Milotic\n|-clearallboost\n|move|p1b: Amoonguss|Spore|p2b: Milotic\n|-status|p2b: Milotic|slp|[from] move: Spore\n|\n|upkeep\n|turn|5\n|\n|t:|1731592979\n|switch|p2a: Kommo-o|Kommo-o, L50, F|100\/100\n|switch|p1b: Tatsugiri|Tatsugiri, L50, M|20\/100\n|-activate|p1b: Tatsugiri|ability: Commander|[of] p1a: Dondozo\n|-boost|p1a: Dondozo|atk|2\n|-boost|p1a: Dondozo|spa|2\n|-boost|p1a: Dondozo|spe|2\n|-boost|p1a: Dondozo|def|2\n|-boost|p1a: Dondozo|spd|2\n|cant|p2b: Milotic|slp\n|move|p1a: Dondozo|Wave Crash|p2a: Kommo-o\n|-resisted|p2a: Kommo-o\n|-crit|p2a: Kommo-o\n|-damage|p2a: Kommo-o|50\/100\n|-damage|p1a: Dondozo|89\/100|[from] Recoil\n|\n|-heal|p2a: Kommo-o|57\/100|[from] item: Leftovers\n|-sideend|p2: VGCLTH Rishi|move: Tailwind\n|upkeep\n|turn|6\n|\n|t:|1731593014\n|-terastallize|p1a: Dondozo|Poison\n|move|p2a: Kommo-o|Protect|p2a: Kommo-o\n|-singleturn|p2a: Kommo-o|Protect\n|move|p1a: Dondozo|Tera Blast|p2b: Milotic|[anim] Tera Blast Poison\n|-damage|p2b: Milotic|35\/100 slp\n|-enditem|p2b: Milotic|Sitrus Berry|[eat]\n|-heal|p2b: Milotic|60\/100 slp|[from] item: Sitrus Berry\n|cant|p2b: Milotic|slp\n|\n|-heal|p2a: Kommo-o|63\/100|[from] item: Leftovers\n|upkeep\n|turn|7\n|\n|t:|1731593028\n|move|p1a: Dondozo|Tera Blast|p2b: Milotic|[anim] Tera Blast Poison\n|-damage|p2b: Milotic|0 fnt\n|faint|p2b: Milotic\n|move|p2a: Kommo-o|Flamethrower|p1a: Dondozo\n|-damage|p1a: Dondozo|79\/100\n|\n|-heal|p2a: Kommo-o|69\/100|[from] item: Leftovers\n|upkeep\n|\n|t:|1731593031\n|switch|p2b: Gholdengo|Gholdengo, L50|62\/100\n|turn|8\n|\n|t:|1731593041\n|-terastallize|p2b: Gholdengo|Steel\n|move|p1a: Dondozo|Wave Crash|p2b: Gholdengo\n|-damage|p2b: Gholdengo|0 fnt\n|faint|p2b: Gholdengo\n|-damage|p1a: Dondozo|65\/100|[from] Recoil\n|move|p2a: Kommo-o|Flamethrower|p1a: Dondozo\n|-damage|p1a: Dondozo|54\/100\n|\n|-heal|p2a: Kommo-o|75\/100|[from] item: Leftovers\n|upkeep\n|turn|9\n|-message|VGCLTH Rishi forfeited.\n|\n|win|ray4gej\n|raw|ray4gej's rating: 1686 &rarr; <strong>1714<\/strong><br \/>(+28 for winning)\n|raw|VGCLTH Rishi's rating: 1832 &rarr; <strong>1804<\/strong><br \/>(-28 for losing)\n|l|\u2606VGCLTH Rishi\n|player|p2|\n|l|\u2606ray4gej\n|player|p1|\n","uploadtime":1731593215,"views":19,"formatid":"gen9vgc2024regh","rating":1714,"private":0,"password":null}