{"id":"gen9vgc2024regh-2243457663","format":"[Gen 9] VGC 2024 Reg H","players":["post_testing","bgc0"],"log":"|j|\u2606post_testing\n|j|\u2606bgc0\n|t:|1731549280\n|gametype|doubles\n|player|p1|post_testing|102|1705\n|player|p2|bgc0|steven|1770\n|teamsize|p1|6\n|teamsize|p2|6\n|gen|9\n|tier|[Gen 9] VGC 2024 Reg H\n|rated|\n|rule|Species Clause: Limit one of each Pok\u00e9mon\n|rule|Item Clause: Limit 1 of each item\n|clearpoke\n|poke|p1|Archaludon, L50, F|\n|poke|p1|Murkrow, L50, F|\n|poke|p1|Indeedee, L50, M|\n|poke|p1|Sneasler, L50, F|\n|poke|p1|Delphox, L50, M|\n|poke|p1|Dragapult, L50, M|\n|poke|p2|Espathra, L50, F|\n|poke|p2|Archaludon, L50, M|\n|poke|p2|Incineroar, L50, M|\n|poke|p2|Ninetales-Alola, L50, F|\n|poke|p2|Murkrow, L50, M|\n|poke|p2|Amoonguss, L50, M|\n|teampreview|4\n|\n|t:|1731549319\n|start\n|switch|p1a: Delphox|Delphox, L50, M|100\/100\n|switch|p1b: Indeedee|Indeedee, L50, M|100\/100\n|switch|p2a: Amoonguss|Amoonguss, L50, M|100\/100\n|switch|p2b: Ninetales|Ninetales-Alola, L50, F, shiny|100\/100\n|-weather|Snow|[from] ability: Snow Warning|[of] p2b: Ninetales\n|-fieldstart|move: Psychic Terrain|[from] ability: Psychic Surge|[of] p1b: Indeedee\n|turn|1\n|inactive|Battle timer is ON: inactive players will automatically lose when time's up. (requested by post_testing)\n|\n|t:|1731549347\n|switch|p2b: Murkrow|Murkrow, L50, M|100\/100\n|-terastallize|p1b: Indeedee|Psychic\n|-terastallize|p2a: Amoonguss|Psychic\n|move|p1a: Delphox|Heat Wave|p2b: Murkrow|[spread] p2a,p2b\n|-damage|p2a: Amoonguss|63\/100\n|-damage|p2b: Murkrow|42\/100\n|-status|p2b: Murkrow|brn\n|-damage|p1a: Delphox|90\/100|[from] item: Life Orb\n|move|p1b: Indeedee|Expanding Force|p2b: Murkrow|[spread] p2a\n|-immune|p2b: Murkrow\n|-resisted|p2a: Amoonguss\n|-damage|p2a: Amoonguss|26\/100\n|move|p2a: Amoonguss|Spore|p1a: Delphox\n|-status|p1a: Delphox|slp|[from] move: Spore\n|\n|-weather|Snow|[upkeep]\n|-damage|p2b: Murkrow|36\/100 brn|[from] brn\n|upkeep\n|turn|2\n|inactive|bgc0 has 30 seconds left.\n|\n|t:|1731549376\n|move|p1b: Indeedee|Protect|p1b: Indeedee\n|-singleturn|p1b: Indeedee|Protect\n|cant|p1a: Delphox|slp\n|move|p2b: Murkrow|Brave Bird|p1a: Delphox\n|-damage|p1a: Delphox|64\/100 slp\n|-damage|p2b: Murkrow|29\/100 brn|[from] Recoil\n|move|p2a: Amoonguss|Sludge Bomb|p1a: Delphox\n|-damage|p1a: Delphox|32\/100 slp\n|\n|-weather|Snow|[upkeep]\n|-damage|p2b: Murkrow|23\/100 brn|[from] brn\n|upkeep\n|turn|3\n|\n|t:|1731549394\n|move|p2b: Murkrow|Tailwind|p2b: Murkrow\n|-sidestart|p2: bgc0|move: Tailwind\n|-curestatus|p1a: Delphox|slp|[msg]\n|move|p1a: Delphox|Heat Wave|p2b: Murkrow|[spread] p2a,p2b\n|-damage|p2a: Amoonguss|0 fnt\n|-damage|p2b: Murkrow|0 fnt\n|faint|p2a: Amoonguss\n|faint|p2b: Murkrow\n|-damage|p1a: Delphox|22\/100|[from] item: Life Orb\n|move|p1b: Indeedee|Expanding Force|p2: Amoonguss|[notarget]\n|-fail|p1b: Indeedee\n|\n|-weather|Snow|[upkeep]\n|upkeep\n|\n|t:|1731549401\n|switch|p2b: Archaludon|Archaludon, L50, M, shiny|100\/100\n|switch|p2a: Ninetales|Ninetales-Alola, L50, F, shiny|100\/100\n|turn|4\n|\n|t:|1731549417\n|switch|p1b: Murkrow|Murkrow, L50, F|100\/100\n|move|p1a: Delphox|Protect|p1a: Delphox\n|-singleturn|p1a: Delphox|Protect\n|move|p2a: Ninetales|Blizzard|p1b: Murkrow|[spread] p1b\n|-activate|p1a: Delphox|move: Protect\n|-supereffective|p1b: Murkrow\n|-damage|p1b: Murkrow|0 fnt\n|faint|p1b: Murkrow\n|move|p2b: Archaludon|Dragon Pulse|p1a: Delphox\n|-activate|p1a: Delphox|move: Protect\n|\n|-weather|Snow|[upkeep]\n|upkeep\n|\n|t:|1731549431\n|switch|p1b: Sneasler|Sneasler, L50, F|100\/100\n|-enditem|p1b: Sneasler|Psychic Seed\n|-boost|p1b: Sneasler|spd|1|[from] item: Psychic Seed\n|turn|5\n|\n|t:|1731549441\n|move|p1b: Sneasler|Dire Claw|p2a: Ninetales\n|-supereffective|p2a: Ninetales\n|-damage|p2a: Ninetales|16\/100\n|-status|p2a: Ninetales|par\n|move|p2b: Archaludon|Electro Shot||[still]\n|-prepare|p2b: Archaludon|Electro Shot\n|-boost|p2b: Archaludon|spa|1\n|-enditem|p2b: Archaludon|Power Herb\n|-anim|p2b: Archaludon|Electro Shot|p1b: Sneasler\n|-damage|p1b: Sneasler|39\/100\n|move|p2a: Ninetales|Blizzard|p1a: Delphox|[spread] p1a,p1b\n|-resisted|p1a: Delphox\n|-damage|p1a: Delphox|0 fnt\n|-damage|p1b: Sneasler|0 fnt\n|faint|p1a: Delphox\n|faint|p1b: Sneasler\n|\n|-weather|none\n|-fieldend|move: Psychic Terrain\n|upkeep\n|\n|t:|1731549459\n|switch|p1b: Indeedee|Indeedee, L50, M, tera:Psychic|100\/100\n|-fieldstart|move: Psychic Terrain|[from] ability: Psychic Surge|[of] p1b: Indeedee\n|turn|6\n|\n|t:|1731549468\n|move|p2b: Archaludon|Electro Shot||[still]\n|-prepare|p2b: Archaludon|Electro Shot\n|-boost|p2b: Archaludon|spa|1\n|move|p2a: Ninetales|Blizzard|p1b: Indeedee|[miss]\n|-miss|p2a: Ninetales|p1b: Indeedee\n|move|p1b: Indeedee|Expanding Force|p2a: Ninetales|[spread] p2a,p2b\n|-resisted|p2b: Archaludon\n|-crit|p2b: Archaludon\n|-damage|p2a: Ninetales|0 fnt\n|-damage|p2b: Archaludon|8\/100\n|faint|p2a: Ninetales\n|\n|-sideend|p2: bgc0|move: Tailwind\n|upkeep\n|turn|7\n|\n|t:|1731549483\n|move|p2b: Archaludon|Electro Shot|p1b: Indeedee|[from]lockedmove\n|-enditem|p1b: Indeedee|Focus Sash\n|-damage|p1b: Indeedee|1\/100\n|move|p1b: Indeedee|Expanding Force|p2b: Archaludon\n|-resisted|p2b: Archaludon\n|-damage|p2b: Archaludon|0 fnt\n|faint|p2b: Archaludon\n|\n|win|post_testing\n|raw|post_testing's rating: 1705 &rarr; <strong>1729<\/strong><br \/>(+24 for winning)\n|raw|bgc0's rating: 1770 &rarr; <strong>1746<\/strong><br \/>(-24 for losing)\n|c|\u2606bgc0|Really thought ud protect lol\n|c|\u2606post_testing|Yeah i had to attack\n|c|\u2606post_testing|Gg\n|c|\u2606bgc0|Why tho\n|c|\u2606bgc0|didnt u want twind to Peter pjt\n|c|\u2606bgc0|to peter out\n|c|\u2606bgc0|I was just trying to flex. Indeedee is slower than arch I won if I just attacked twice haha\n|c|\u2606bgc0|oh well gg\n|l|\u2606bgc0\n|player|p2|\n|l|\u2606post_testing\n|player|p1|\n","uploadtime":1731549743,"views":31,"formatid":"gen9vgc2024regh","rating":1729,"private":0,"password":null}