{"id":"gen9vgc2024regh-2243751800","format":"[Gen 9] VGC 2024 Reg H","players":["VGCLTH <1000ELO","christianfinity"],"log":"|raw|<div class=\"broadcast-blue\"><strong>This battle is required to be public due to a player having a name starting with 'vgclth'.<\/div>\n|j|\u2606VGCLTH <1000ELO\n|j|\u2606christianfinity\n|t:|1731595582\n|gametype|doubles\n|player|p1|VGCLTH <1000ELO|2|1847\n|player|p2|christianfinity|ogreclan|1749\n|teamsize|p1|6\n|teamsize|p2|6\n|gen|9\n|tier|[Gen 9] VGC 2024 Reg H\n|rated|\n|rule|Species Clause: Limit one of each Pok\u00e9mon\n|rule|Item Clause: Limit 1 of each item\n|clearpoke\n|poke|p1|Dondozo, L50, M|\n|poke|p1|Tatsugiri, L50, M|\n|poke|p1|Dragonite, L50, M|\n|poke|p1|Gholdengo, L50|\n|poke|p1|Glimmora, L50, F|\n|poke|p1|Talonflame, L50, M|\n|poke|p2|Whimsicott, L50, F|\n|poke|p2|Typhlosion-Hisui, L50, M|\n|poke|p2|Annihilape, L50, F|\n|poke|p2|Maushold-Four, L50|\n|poke|p2|Farigiraf, L50, M|\n|poke|p2|Ursaluna-Bloodmoon, L50, M|\n|teampreview|4\n|inactive|Battle timer is ON: inactive players will automatically lose when time's up. (requested by VGCLTH <1000ELO)\n|\n|t:|1731595600\n|start\n|switch|p1a: Dragonite|Dragonite, L50, M|100\/100\n|switch|p1b: Glimmora|Glimmora, L50, F|100\/100\n|switch|p2a: Sedate|Maushold-Four, L50|100\/100\n|switch|p2b: They remain|Farigiraf, L50, M|100\/100\n|turn|1\n|inactive|VGCLTH <1000ELO has 30 seconds left.\n|inactive|VGCLTH <1000ELO has 20 seconds left.\n|inactive|VGCLTH <1000ELO has 15 seconds left.\n|\n|t:|1731595642\n|-terastallize|p1b: Glimmora|Grass\n|move|p2a: Sedate|Population Bomb|p1a: Dragonite\n|-damage|p1a: Dragonite|95\/100\n|-damage|p1a: Dragonite|86\/100\n|-damage|p1a: Dragonite|75\/100\n|-damage|p1a: Dragonite|64\/100\n|-damage|p1a: Dragonite|53\/100\n|-damage|p1a: Dragonite|43\/100\n|-damage|p1a: Dragonite|32\/100\n|-damage|p1a: Dragonite|22\/100\n|-damage|p1a: Dragonite|12\/100\n|-damage|p1a: Dragonite|0 fnt\n|faint|p1a: Dragonite\n|-hitcount|p1: Dragonite|10\n|move|p1b: Glimmora|Mortal Spin|p2a: Sedate|[spread] p2a,p2b\n|-damage|p2a: Sedate|94\/100\n|-damage|p2b: They remain|96\/100\n|-status|p2a: Sedate|psn\n|-status|p2b: They remain|psn\n|move|p2b: They remain|Trick Room|p2b: They remain\n|-fieldstart|move: Trick Room|[of] p2b: They remain\n|\n|-damage|p2b: They remain|84\/100 psn|[from] psn\n|-damage|p2a: Sedate|82\/100 psn|[from] psn\n|upkeep\n|\n|t:|1731595661\n|switch|p1a: Dondozo|Dondozo, L50, M|100\/100\n|turn|2\n|inactive|VGCLTH <1000ELO has 30 seconds left.\n|inactive|VGCLTH <1000ELO has 20 seconds left.\n|inactive|VGCLTH <1000ELO has 15 seconds left.\n|\n|t:|1731595702\n|switch|p1b: Tatsugiri|Tatsugiri, L50, M|100\/100\n|-activate|p1b: Tatsugiri|ability: Commander|[of] p1a: Dondozo\n|-boost|p1a: Dondozo|atk|2\n|-boost|p1a: Dondozo|spa|2\n|-boost|p1a: Dondozo|spe|2\n|-boost|p1a: Dondozo|def|2\n|-boost|p1a: Dondozo|spd|2\n|move|p2b: They remain|Hyper Voice|p1b: Tatsugiri|[spread] p1a\n|-miss|p2b: They remain|p1b: Tatsugiri\n|-damage|p1a: Dondozo|84\/100\n|-enditem|p2b: They remain|Throat Spray\n|-boost|p2b: They remain|spa|1|[from] item: Throat Spray\n|move|p1a: Dondozo|Earthquake|p2a: Sedate|[spread] p2a,p2b\n|-miss|p1a: Dondozo|p1b: Tatsugiri\n|-damage|p2a: Sedate|6\/100 psn\n|-damage|p2b: They remain|45\/100 psn\n|move|p2a: Sedate|Population Bomb|p1a: Dondozo\n|-damage|p1a: Dondozo|80\/100\n|-damage|p1a: Dondozo|76\/100\n|-damage|p1a: Dondozo|72\/100\n|-damage|p1a: Dondozo|66\/100\n|-damage|p1a: Dondozo|62\/100\n|-damage|p1a: Dondozo|57\/100\n|-damage|p1a: Dondozo|53\/100\n|-damage|p1a: Dondozo|48\/100\n|-damage|p1a: Dondozo|44\/100\n|-damage|p1a: Dondozo|40\/100\n|-hitcount|p1a: Dondozo|10\n|\n|-heal|p1a: Dondozo|46\/100|[from] item: Leftovers\n|-damage|p2b: They remain|32\/100 psn|[from] psn\n|-damage|p2a: Sedate|0 fnt|[from] psn\n|faint|p2a: Sedate\n|upkeep\n|inactive|christianfinity has 30 seconds left.\n|inactive|christianfinity has 20 seconds left.\n|inactive|christianfinity has 15 seconds left.\n|\n|t:|1731595743\n|switch|p2a: Unashamed|Ursaluna-Bloodmoon, L50, M|100\/100\n|turn|3\n|inactive|christianfinity has 30 seconds left.\n|inactive|christianfinity has 20 seconds left.\n|\n|t:|1731595778\n|-terastallize|p2a: Unashamed|Normal\n|move|p1a: Dondozo|Protect|p1a: Dondozo\n|-singleturn|p1a: Dondozo|Protect\n|move|p2a: Unashamed|Hyper Voice|p1b: Tatsugiri|[spread] \n|-miss|p2a: Unashamed|p1b: Tatsugiri\n|-activate|p1a: Dondozo|move: Protect\n|move|p2b: They remain|Psychic Noise|p1a: Dondozo\n|-activate|p1a: Dondozo|move: Protect\n|\n|-heal|p1a: Dondozo|52\/100|[from] item: Leftovers\n|-damage|p2b: They remain|20\/100 psn|[from] psn\n|upkeep\n|turn|4\n|\n|t:|1731595784\n|move|p1a: Dondozo|Protect||[still]\n|-fail|p1a: Dondozo\n|move|p2a: Unashamed|Blood Moon|p1a: Dondozo\n|-damage|p1a: Dondozo|0 fnt\n|faint|p1a: Dondozo\n|-damage|p2a: Unashamed|91\/100|[from] item: Life Orb\n|move|p2b: They remain|Psychic Noise|p1b: Tatsugiri\n|-damage|p1b: Tatsugiri|35\/100\n|-start|p1b: Tatsugiri|move: Heal Block\n|\n|-damage|p2b: They remain|7\/100 psn|[from] psn\n|upkeep\n|\n|t:|1731595786\n|switch|p1a: Glimmora|Glimmora, L50, F, tera:Grass|100\/100\n|turn|5\n|\n|t:|1731595799\n|move|p1b: Tatsugiri|Protect|p1b: Tatsugiri\n|-singleturn|p1b: Tatsugiri|Protect\n|move|p2a: Unashamed|Hyper Voice|p1a: Glimmora|[spread] p1a\n|-activate|p1b: Tatsugiri|move: Protect\n|-damage|p1a: Glimmora|52\/100\n|-damage|p2a: Unashamed|81\/100|[from] item: Life Orb\n|move|p2b: They remain|Psychic Noise|p1a: Glimmora\n|-damage|p1a: Glimmora|17\/100\n|-start|p1a: Glimmora|move: Heal Block\n|move|p1a: Glimmora|Sludge Bomb|p2a: Unashamed\n|-damage|p2a: Unashamed|36\/100\n|\n|-damage|p2b: They remain|0 fnt|[from] psn\n|faint|p2b: They remain\n|-end|p1b: Tatsugiri|move: Heal Block\n|-fieldend|move: Trick Room\n|upkeep\n|\n|t:|1731595804\n|switch|p2b: It\u2019s used to|Annihilape, L50, F|100\/100\n|turn|6\n|inactive|VGCLTH <1000ELO has 30 seconds left.\n|\n|t:|1731595834\n|move|p2a: Unashamed|Vacuum Wave|p1a: Glimmora\n|-damage|p1a: Glimmora|2\/100\n|-damage|p2a: Unashamed|27\/100|[from] item: Life Orb\n|move|p2b: It\u2019s used to|Close Combat|p1b: Tatsugiri\n|-damage|p1b: Tatsugiri|0 fnt\n|-unboost|p2b: It\u2019s used to|def|1\n|-unboost|p2b: It\u2019s used to|spd|1\n|faint|p1b: Tatsugiri\n|move|p1a: Glimmora|Sludge Bomb|p2a: Unashamed\n|-damage|p2a: Unashamed|0 fnt\n|faint|p2a: Unashamed\n|\n|-end|p1a: Glimmora|move: Heal Block\n|upkeep\n|turn|7\n|\n|t:|1731595840\n|move|p2b: It\u2019s used to|Close Combat|p1a: Glimmora\n|-damage|p1a: Glimmora|0 fnt\n|-unboost|p2b: It\u2019s used to|def|1\n|-unboost|p2b: It\u2019s used to|spd|1\n|-activate|p1a: Glimmora|ability: Toxic Debris\n|-sidestart|p2: christianfinity|move: Toxic Spikes\n|faint|p1a: Glimmora\n|\n|win|christianfinity\n|raw|VGCLTH &lt;1000ELO's rating: 1847 &rarr; <strong>1822<\/strong><br \/>(-25 for losing)\n|raw|christianfinity's rating: 1749 &rarr; <strong>1774<\/strong><br \/>(+25 for winning)\n|l|\u2606VGCLTH <1000ELO\n|player|p1|\n|l|\u2606christianfinity\n|player|p2|\n|j|\u2606christianfinity\n|player|p2|christianfinity|ogreclan|\n|l|\u2606christianfinity\n|player|p2|\n","uploadtime":1731595977,"views":99,"formatid":"gen9vgc2024regh","rating":1774,"private":0,"password":null}