{"id":"gen9vgc2024regh-2243164898","format":"[Gen 9] VGC 2024 Reg H","players":["vgclth chromate","teenage fanclub"],"log":"|raw|<div class=\"broadcast-blue\"><strong>This battle is required to be public due to a player having a name starting with 'vgclth'.<\/div>\n|j|\u2606vgclth chromate\n|j|\u2606teenage fanclub\n|t:|1731518074\n|gametype|doubles\n|player|p1|vgclth chromate|allister|1767\n|player|p2|teenage fanclub|266|1749\n|teamsize|p1|6\n|teamsize|p2|6\n|gen|9\n|tier|[Gen 9] VGC 2024 Reg H\n|rated|\n|rule|Species Clause: Limit one of each Pok\u00e9mon\n|rule|Item Clause: Limit 1 of each item\n|clearpoke\n|poke|p1|Archaludon, L50, M|\n|poke|p1|Basculegion, L50, M|\n|poke|p1|Pelipper, L50, F|\n|poke|p1|Gholdengo, L50|\n|poke|p1|Amoonguss, L50, F|\n|poke|p1|Incineroar, L50, F|\n|poke|p2|Vivillon-Fancy, L50, M|\n|poke|p2|Talonflame, L50, M|\n|poke|p2|Typhlosion-Hisui, L50, F|\n|poke|p2|Archaludon, L50, M|\n|poke|p2|Dragonite, L50, F|\n|poke|p2|Annihilape, L50, M|\n|teampreview|4\n|inactive|Battle timer is ON: inactive players will automatically lose when time's up. (requested by teenage fanclub)\n|inactive|teenage fanclub has 60 seconds left.\n|inactive|vgclth chromate has 60 seconds left.\n|j| FBIAltMan\n|\n|t:|1731518115\n|start\n|switch|p1a: Archaludon|Archaludon, L50, M|100\/100\n|switch|p1b: Amoonguss|Amoonguss, L50, F|100\/100\n|switch|p2a: Talonflame|Talonflame, L50, M|100\/100\n|switch|p2b: Archaludon|Archaludon, L50, M|100\/100\n|turn|1\n|\n|t:|1731518137\n|switch|p1a: Incineroar|Incineroar, L50, F|100\/100\n|-ability|p1a: Incineroar|Intimidate|boost\n|-unboost|p2a: Talonflame|atk|1\n|-unboost|p2b: Archaludon|atk|1\n|-terastallize|p2a: Talonflame|Dragon\n|move|p2a: Talonflame|Taunt|p1b: Amoonguss\n|-start|p1b: Amoonguss|move: Taunt\n|move|p2b: Archaludon|Draco Meteor|p1a: Incineroar\n|-damage|p1a: Incineroar|51\/100\n|-unboost|p2b: Archaludon|spa|2\n|cant|p1b: Amoonguss|move: Taunt|Spore\n|\n|upkeep\n|turn|2\n|\n|t:|1731518157\n|move|p2a: Talonflame|Dual Wingbeat|p2b: Archaludon\n|-resisted|p2b: Archaludon\n|-damage|p2b: Archaludon|97\/100\n|-ability|p2b: Archaludon|Stamina|boost\n|-boost|p2b: Archaludon|def|1\n|-resisted|p2b: Archaludon\n|-damage|p2b: Archaludon|95\/100\n|-ability|p2b: Archaludon|Stamina|boost\n|-boost|p2b: Archaludon|def|1\n|-hitcount|p2b: Archaludon|2\n|move|p2b: Archaludon|Body Press|p1a: Incineroar\n|-supereffective|p1a: Incineroar\n|-damage|p1a: Incineroar|0 fnt\n|faint|p1a: Incineroar\n|move|p1b: Amoonguss|Pollen Puff|p1: Incineroar|[notarget]\n|-fail|p1b: Amoonguss\n|\n|upkeep\n|\n|t:|1731518167\n|switch|p1a: Archaludon|Archaludon, L50, M|100\/100\n|turn|3\n|\n|t:|1731518180\n|-terastallize|p1a: Archaludon|Grass\n|move|p2a: Talonflame|Will-O-Wisp|p1a: Archaludon\n|-status|p1a: Archaludon|brn\n|move|p1a: Archaludon|Dragon Pulse|p2a: Talonflame\n|-supereffective|p2a: Talonflame\n|-damage|p2a: Talonflame|0 fnt\n|faint|p2a: Talonflame\n|move|p2b: Archaludon|Body Press|p1a: Archaludon\n|-damage|p1a: Archaludon|64\/100 brn\n|-ability|p1a: Archaludon|Stamina|boost\n|-boost|p1a: Archaludon|def|1\n|move|p1b: Amoonguss|Pollen Puff|p1a: Archaludon\n|-heal|p1a: Archaludon|100\/100 brn\n|\n|-damage|p1a: Archaludon|94\/100 brn|[from] brn\n|-end|p1b: Amoonguss|move: Taunt\n|upkeep\n|\n|t:|1731518196\n|switch|p2a: Vivillon|Vivillon-Fancy, L50, M|100\/100\n|turn|4\n|inactive|teenage fanclub has 30 seconds left.\n|\n|t:|1731518225\n|switch|p1a: Pelipper|Pelipper, L50, F|100\/100\n|-weather|RainDance|[from] ability: Drizzle|[of] p1a: Pelipper\n|move|p2a: Vivillon|Protect|p2a: Vivillon\n|-singleturn|p2a: Vivillon|Protect\n|move|p2b: Archaludon|Snarl|p1b: Amoonguss|[spread] p1a,p1b\n|-damage|p1a: Pelipper|89\/100\n|-damage|p1b: Amoonguss|95\/100\n|-unboost|p1a: Pelipper|spa|1\n|-unboost|p1b: Amoonguss|spa|1\n|move|p1b: Amoonguss|Spore|p2a: Vivillon\n|-activate|p2a: Vivillon|move: Protect\n|\n|-weather|RainDance|[upkeep]\n|upkeep\n|turn|5\n|inactive|teenage fanclub has 30 seconds left.\n|inactive|teenage fanclub has 20 seconds left.\n|\n|t:|1731518263\n|switch|p1a: Archaludon|Archaludon, L50, M, tera:Grass|94\/100 brn\n|switch|p2b: Dragonite|Dragonite, L50, F|100\/100\n|move|p2a: Vivillon|Hurricane|p1b: Amoonguss\n|-supereffective|p1b: Amoonguss\n|-damage|p1b: Amoonguss|10\/100\n|-enditem|p1b: Amoonguss|Sitrus Berry|[eat]\n|-heal|p1b: Amoonguss|35\/100|[from] item: Sitrus Berry\n|move|p1b: Amoonguss|Spore|p2a: Vivillon\n|-status|p2a: Vivillon|slp|[from] move: Spore\n|\n|-weather|RainDance|[upkeep]\n|-damage|p1a: Archaludon|88\/100 brn|[from] brn\n|upkeep\n|turn|6\n|\n|t:|1731518288\n|cant|p2a: Vivillon|slp\n|move|p2b: Dragonite|Scale Shot|p1b: Amoonguss|[miss]\n|-miss|p2b: Dragonite|p1b: Amoonguss\n|move|p1a: Archaludon|Electro Shot||[still]\n|-prepare|p1a: Archaludon|Electro Shot\n|-boost|p1a: Archaludon|spa|1\n|-anim|p1a: Archaludon|Electro Shot|p2a: Vivillon\n|-supereffective|p2a: Vivillon\n|-enditem|p2a: Vivillon|Focus Sash\n|-damage|p2a: Vivillon|1\/100 slp\n|move|p1b: Amoonguss|Pollen Puff|p1a: Archaludon\n|-heal|p1a: Archaludon|100\/100 brn\n|\n|-weather|RainDance|[upkeep]\n|-damage|p1a: Archaludon|94\/100 brn|[from] brn\n|upkeep\n|turn|7\n|\n|t:|1731518308\n|cant|p2a: Vivillon|slp\n|move|p2b: Dragonite|Scale Shot|p1b: Amoonguss|[miss]\n|-miss|p2b: Dragonite|p1b: Amoonguss\n|move|p1a: Archaludon|Electro Shot||[still]\n|-prepare|p1a: Archaludon|Electro Shot\n|-boost|p1a: Archaludon|spa|1\n|-anim|p1a: Archaludon|Electro Shot|p2b: Dragonite\n|-damage|p2b: Dragonite|58\/100\n|move|p1b: Amoonguss|Spore|p2b: Dragonite\n|-status|p2b: Dragonite|slp|[from] move: Spore\n|\n|-weather|RainDance|[upkeep]\n|-damage|p1a: Archaludon|88\/100 brn|[from] brn\n|upkeep\n|turn|8\n|inactive|teenage fanclub has 30 seconds left.\n|\n|t:|1731518341\n|move|p1b: Amoonguss|Rage Powder|p1b: Amoonguss\n|-singleturn|p1b: Amoonguss|move: Rage Powder\n|-curestatus|p2a: Vivillon|slp|[msg]\n|move|p2a: Vivillon|Hurricane|p1b: Amoonguss\n|-supereffective|p1b: Amoonguss\n|-damage|p1b: Amoonguss|0 fnt\n|faint|p1b: Amoonguss\n|cant|p2b: Dragonite|slp\n|move|p1a: Archaludon|Dragon Pulse|p2a: Vivillon\n|-damage|p2a: Vivillon|0 fnt\n|faint|p2a: Vivillon\n|\n|-weather|none\n|-damage|p1a: Archaludon|82\/100 brn|[from] brn\n|upkeep\n|\n|t:|1731518348\n|switch|p2a: Archaludon|Archaludon, L50, M|95\/100\n|switch|p1b: Pelipper|Pelipper, L50, F|89\/100\n|-weather|RainDance|[from] ability: Drizzle|[of] p1b: Pelipper\n|turn|9\n|inactive|teenage fanclub has 30 seconds left.\n|\n|t:|1731518376\n|-curestatus|p2b: Dragonite|slp|[msg]\n|move|p2b: Dragonite|Scale Shot|p1a: Archaludon\n|-damage|p1a: Archaludon|72\/100 brn\n|-ability|p1a: Archaludon|Stamina|boost\n|-boost|p1a: Archaludon|def|1\n|-damage|p1a: Archaludon|64\/100 brn\n|-ability|p1a: Archaludon|Stamina|boost\n|-boost|p1a: Archaludon|def|1\n|-damage|p1a: Archaludon|58\/100 brn\n|-ability|p1a: Archaludon|Stamina|boost\n|-boost|p1a: Archaludon|def|1\n|-damage|p1a: Archaludon|53\/100 brn\n|-ability|p1a: Archaludon|Stamina|boost\n|-boost|p1a: Archaludon|def|1\n|-damage|p1a: Archaludon|50\/100 brn\n|-ability|p1a: Archaludon|Stamina|boost\n|-boost|p1a: Archaludon|def|1\n|-hitcount|p1a: Archaludon|5\n|-unboost|p2b: Dragonite|def|1\n|-boost|p2b: Dragonite|spe|1\n|move|p1b: Pelipper|Tailwind|p1b: Pelipper\n|-sidestart|p1: vgclth chromate|move: Tailwind\n|move|p1a: Archaludon|Electro Shot||[still]\n|-prepare|p1a: Archaludon|Electro Shot\n|-boost|p1a: Archaludon|spa|1\n|-anim|p1a: Archaludon|Electro Shot|p2b: Dragonite\n|-damage|p2b: Dragonite|0 fnt\n|faint|p2b: Dragonite\n|move|p2a: Archaludon|Draco Meteor|p1a: Archaludon\n|-damage|p1a: Archaludon|16\/100 brn\n|-unboost|p2a: Archaludon|spa|2\n|-ability|p1a: Archaludon|Stamina|boost\n|-boost|p1a: Archaludon|def|1\n|\n|-weather|RainDance|[upkeep]\n|-damage|p1a: Archaludon|10\/100 brn|[from] brn\n|upkeep\n|turn|10\n|\n|t:|1731518398\n|move|p1b: Pelipper|Weather Ball|p2a: Archaludon\n|-resisted|p2a: Archaludon\n|-damage|p2a: Archaludon|77\/100\n|-ability|p2a: Archaludon|Stamina|boost\n|-boost|p2a: Archaludon|def|1\n|move|p1a: Archaludon|Dragon Pulse|p2a: Archaludon\n|-damage|p2a: Archaludon|20\/100\n|-ability|p2a: Archaludon|Stamina|boost\n|-boost|p2a: Archaludon|def|1\n|move|p2a: Archaludon|Snarl|p1b: Pelipper|[spread] p1a,p1b\n|-damage|p1a: Archaludon|5\/100 brn\n|-damage|p1b: Pelipper|79\/100\n|-unboost|p1a: Archaludon|spa|1\n|-unboost|p1b: Pelipper|spa|1\n|\n|-weather|RainDance|[upkeep]\n|-damage|p1a: Archaludon|0 fnt|[from] brn\n|faint|p1a: Archaludon\n|upkeep\n|turn|11\n|\n|t:|1731518412\n|move|p1b: Pelipper|Hurricane|p2a: Archaludon\n|-resisted|p2a: Archaludon\n|-damage|p2a: Archaludon|10\/100\n|-ability|p2a: Archaludon|Stamina|boost\n|-boost|p2a: Archaludon|def|1\n|move|p2a: Archaludon|Draco Meteor|p1b: Pelipper\n|-damage|p1b: Pelipper|32\/100\n|-unboost|p2a: Archaludon|spa|2\n|\n|-weather|RainDance|[upkeep]\n|upkeep\n|turn|12\n|\n|t:|1731518418\n|move|p1b: Pelipper|Weather Ball|p2a: Archaludon\n|-resisted|p2a: Archaludon\n|-damage|p2a: Archaludon|0 fnt\n|faint|p2a: Archaludon\n|\n|win|vgclth chromate\n|raw|vgclth chromate's rating: 1767 &rarr; <strong>1786<\/strong><br \/>(+19 for winning)\n|raw|teenage fanclub's rating: 1749 &rarr; <strong>1730<\/strong><br \/>(-19 for losing)\n|l|\u2606vgclth chromate\n|player|p1|\n|l|\u2606teenage fanclub\n|player|p2|\n|l| FBIAltMan\n","uploadtime":1731518604,"views":34,"formatid":"gen9vgc2024regh","rating":1730,"private":0,"password":null}