{"id":"gen9vgc2024regh-2243048767","format":"[Gen 9] VGC 2024 Reg H","players":["teenage fanclub","VGCLTH Cuwutie"],"log":"|raw|<div class=\"broadcast-blue\"><strong>This battle is required to be public due to a player having a name starting with 'vgclth'.<\/div>\n|j|\u2606teenage fanclub\n|j|\u2606VGCLTH Cuwutie\n|t:|1731506383\n|gametype|doubles\n|player|p1|teenage fanclub|266|1692\n|player|p2|VGCLTH Cuwutie|102|1724\n|teamsize|p1|6\n|teamsize|p2|6\n|gen|9\n|tier|[Gen 9] VGC 2024 Reg H\n|rated|\n|rule|Species Clause: Limit one of each Pok\u00e9mon\n|rule|Item Clause: Limit 1 of each item\n|clearpoke\n|poke|p1|Vivillon-Fancy, L50, M|\n|poke|p1|Whimsicott, L50, M|\n|poke|p1|Typhlosion-Hisui, L50, F|\n|poke|p1|Archaludon, L50, M|\n|poke|p1|Dragonite, L50, M|\n|poke|p1|Annihilape, L50, F|\n|poke|p2|Smeargle, L50, M|\n|poke|p2|Farigiraf, L50, F|\n|poke|p2|Grimmsnarl, L50, M|\n|poke|p2|Torkoal, L50, M|\n|poke|p2|Ursaluna-Bloodmoon, L50, M|\n|poke|p2|Araquanid, L50, M|\n|teampreview|4\n|inactive|Battle timer is ON: inactive players will automatically lose when time's up. (requested by teenage fanclub)\n|inactive|teenage fanclub has 60 seconds left.\n|\n|t:|1731506421\n|start\n|switch|p1a: Archaludon|Archaludon, L50, M|100\/100\n|switch|p1b: Vivillon|Vivillon-Fancy, L50, M|100\/100\n|switch|p2a: Smeargle|Smeargle, L50, M|100\/100\n|switch|p2b: Farigiraf|Farigiraf, L50, F|100\/100\n|turn|1\n|inactive|VGCLTH Cuwutie has 30 seconds left.\n|j| vgclth souly\n|inactive|VGCLTH Cuwutie has 20 seconds left.\n|inactive|VGCLTH Cuwutie has 15 seconds left.\n|\n|t:|1731506465\n|move|p2a: Smeargle|Fake Out|p1a: Archaludon\n|-resisted|p1a: Archaludon\n|-damage|p1a: Archaludon|99\/100\n|-ability|p1a: Archaludon|Stamina|boost\n|-boost|p1a: Archaludon|def|1\n|move|p1b: Vivillon|Sleep Powder|p2a: Smeargle\n|-status|p2a: Smeargle|slp|[from] move: Sleep Powder\n|cant|p1a: Archaludon|flinch\n|move|p2b: Farigiraf|Trick Room|p2b: Farigiraf\n|-fieldstart|move: Trick Room|[of] p2b: Farigiraf\n|\n|-ability|p2a: Smeargle|Moody|boost\n|-boost|p2a: Smeargle|atk|2\n|-unboost|p2a: Smeargle|spa|1\n|-enditem|p2a: Smeargle|Eject Pack\n|upkeep\n|\n|t:|1731506471\n|switch|p2a: Torkoal|Torkoal, L50, M|100\/100\n|-weather|SunnyDay|[from] ability: Drought|[of] p2a: Torkoal\n|turn|2\n|\n|t:|1731506492\n|-terastallize|p2a: Torkoal|Fire\n|move|p1b: Vivillon|Protect|p1b: Vivillon\n|-singleturn|p1b: Vivillon|Protect\n|move|p2a: Torkoal|Eruption|p1b: Vivillon|[spread] p1a\n|-activate|p1b: Vivillon|move: Protect\n|-damage|p1a: Archaludon|10\/100\n|-ability|p1a: Archaludon|Stamina|boost\n|-boost|p1a: Archaludon|def|1\n|move|p2b: Farigiraf|Twin Beam|p1b: Vivillon\n|-activate|p1b: Vivillon|move: Protect\n|move|p1a: Archaludon|Snarl|p2a: Torkoal|[spread] p2a,p2b\n|-supereffective|p2b: Farigiraf\n|-damage|p2a: Torkoal|86\/100\n|-damage|p2b: Farigiraf|83\/100\n|-unboost|p2a: Torkoal|spa|1\n|-unboost|p2b: Farigiraf|spa|1\n|\n|-weather|SunnyDay|[upkeep]\n|upkeep\n|turn|3\n|inactive|teenage fanclub has 30 seconds left.\n|\n|t:|1731506523\n|switch|p1b: Annihilape|Annihilape, L50, F|100\/100\n|move|p2a: Torkoal|Eruption|p1a: Archaludon|[spread] p1a,p1b\n|-damage|p1a: Archaludon|0 fnt\n|-damage|p1b: Annihilape|43\/100\n|-enditem|p1b: Annihilape|Sitrus Berry|[eat]\n|-heal|p1b: Annihilape|68\/100|[from] item: Sitrus Berry\n|faint|p1a: Archaludon\n|move|p2b: Farigiraf|Twin Beam|p1b: Annihilape\n|-supereffective|p1b: Annihilape\n|-crit|p1b: Annihilape\n|-damage|p1b: Annihilape|34\/100\n|-supereffective|p1b: Annihilape\n|-damage|p1b: Annihilape|19\/100\n|-hitcount|p1b: Annihilape|2\n|\n|-weather|SunnyDay|[upkeep]\n|upkeep\n|\n|t:|1731506532\n|switch|p1a: Vivillon|Vivillon-Fancy, L50, M|100\/100\n|turn|4\n|inactive|teenage fanclub has 30 seconds left.\n|\n|t:|1731506559\n|switch|p1b: Typhlosion|Typhlosion-Hisui, L50, F|100\/100\n|-item|p2a: Torkoal|Choice Specs|[from] ability: Frisk|[of] p1b: Typhlosion\n|-item|p2b: Farigiraf|Mental Herb|[from] ability: Frisk|[of] p1b: Typhlosion\n|move|p1a: Vivillon|Protect|p1a: Vivillon\n|-singleturn|p1a: Vivillon|Protect\n|move|p2a: Torkoal|Eruption|p1b: Typhlosion|[spread] p1b\n|-activate|p1a: Vivillon|move: Protect\n|-resisted|p1b: Typhlosion\n|-damage|p1b: Typhlosion|49\/100\n|move|p2b: Farigiraf|Twin Beam|p1a: Vivillon\n|-activate|p1a: Vivillon|move: Protect\n|\n|-weather|SunnyDay|[upkeep]\n|upkeep\n|turn|5\n|j| pikavgc111\n|inactive|teenage fanclub has 30 seconds left.\n|\n|t:|1731506592\n|switch|p1a: Annihilape|Annihilape, L50, F|19\/100\n|move|p2a: Torkoal|Eruption|p1a: Annihilape|[spread] p1a,p1b\n|-resisted|p1b: Typhlosion\n|-damage|p1a: Annihilape|0 fnt\n|-damage|p1b: Typhlosion|0 fnt\n|faint|p1a: Annihilape\n|faint|p1b: Typhlosion\n|move|p2b: Farigiraf|Twin Beam|p1: Annihilape|[notarget]\n|-fail|p2b: Farigiraf\n|\n|-weather|SunnyDay|[upkeep]\n|-fieldend|move: Trick Room\n|upkeep\n|-message|teenage fanclub forfeited.\n|\n|win|VGCLTH Cuwutie\n|raw|teenage fanclub's rating: 1692 &rarr; <strong>1674<\/strong><br \/>(-18 for losing)\n|raw|VGCLTH Cuwutie's rating: 1724 &rarr; <strong>1742<\/strong><br \/>(+18 for winning)\n|l|\u2606teenage fanclub\n|player|p1|\n|l| pikavgc111\n|l|\u2606VGCLTH Cuwutie\n|player|p2|\n|l| vgclth souly\n","uploadtime":1731506866,"views":19,"formatid":"gen9vgc2024regh","rating":1674,"private":0,"password":null}