{"id":"gen9vgc2024regh-2243606394","format":"[Gen 9] VGC 2024 Reg H","players":["rainha789","VGCLTH Sac gaming"],"log":"|j|\u2606rainha789\n|j|\u2606VGCLTH Sac gaming\n|t:|1731574368\n|gametype|doubles\n|player|p1|rainha789|170|1726\n|player|p2|VGCLTH Sac gaming|steven|1667\n|teamsize|p1|6\n|teamsize|p2|6\n|gen|9\n|tier|[Gen 9] VGC 2024 Reg H\n|rated|\n|rule|Species Clause: Limit one of each Pok\u00e9mon\n|rule|Item Clause: Limit 1 of each item\n|clearpoke\n|poke|p1|Indeedee-F, L50, F|\n|poke|p1|Whimsicott, L50, M|\n|poke|p1|Annihilape, L50, M|\n|poke|p1|Archaludon, L50, F|\n|poke|p1|Delphox, L50, F|\n|poke|p1|Greninja-*, L50, M|\n|poke|p2|Whimsicott, L50, M|\n|poke|p2|Dragonite, L50, M|\n|poke|p2|Ursaluna-Bloodmoon, L50, M|\n|poke|p2|Gholdengo, L50|\n|poke|p2|Incineroar, L50, F|\n|poke|p2|Annihilape, L50, M|\n|teampreview|4\nVGCLTH Sac gaming rejected open team sheets.\n|inactive|Battle timer is ON: inactive players will automatically lose when time's up. (requested by VGCLTH Sac gaming)\n|inactive|rainha789 has 60 seconds left.\n|\n|t:|1731574427\n|start\n|switch|p1a: Indeedee|Indeedee-F, L50, F, shiny|100\/100\n|switch|p1b: Delphox|Delphox, L50, F|100\/100\n|switch|p2a: Whimsicott|Whimsicott, L50, M|100\/100\n|switch|p2b: Dragonite|Dragonite, L50, M|100\/100\n|-fieldstart|move: Psychic Terrain|[from] ability: Psychic Surge|[of] p1a: Indeedee\n|turn|1\n|\n|t:|1731574439\n|move|p1a: Indeedee|Follow Me|p1a: Indeedee\n|-singleturn|p1a: Indeedee|move: Follow Me\n|move|p2a: Whimsicott|Moonblast|p1a: Indeedee\n|-damage|p1a: Indeedee|66\/100\n|move|p1b: Delphox|Expanding Force|p2a: Whimsicott|[spread] p2a,p2b\n|-enditem|p2a: Whimsicott|Focus Sash\n|-damage|p2a: Whimsicott|1\/100\n|-damage|p2b: Dragonite|63\/100\n|-damage|p1b: Delphox|90\/100|[from] item: Life Orb\n|move|p2b: Dragonite|Scale Shot|p1a: Indeedee\n|-damage|p1a: Indeedee|50\/100\n|-damage|p1a: Indeedee|35\/100\n|-damage|p1a: Indeedee|20\/100\n|-damage|p1a: Indeedee|6\/100\n|-hitcount|p1a: Indeedee|4\n|-unboost|p2b: Dragonite|def|1\n|-boost|p2b: Dragonite|spe|1\n|\n|upkeep\n|turn|2\n|\n|t:|1731574465\n|move|p2b: Dragonite|Protect|p2b: Dragonite\n|-singleturn|p2b: Dragonite|Protect\n|move|p1a: Indeedee|Follow Me|p1a: Indeedee\n|-singleturn|p1a: Indeedee|move: Follow Me\n|move|p2a: Whimsicott|Moonblast|p1a: Indeedee\n|-damage|p1a: Indeedee|0 fnt\n|faint|p1a: Indeedee\n|move|p1b: Delphox|Expanding Force|p2a: Whimsicott|[spread] p2a\n|-activate|p2b: Dragonite|move: Protect\n|-damage|p2a: Whimsicott|0 fnt\n|faint|p2a: Whimsicott\n|-damage|p1b: Delphox|80\/100|[from] item: Life Orb\n|\n|upkeep\n|\n|t:|1731574479\n|switch|p2a: Ursaluna|Ursaluna-Bloodmoon, L50, M|100\/100\n|switch|p1a: Whimsicott|Whimsicott, L50, M|100\/100\n|turn|3\n|inactive|VGCLTH Sac gaming has 30 seconds left.\n|\n|t:|1731574507\n|-terastallize|p2b: Dragonite|Steel\n|move|p1a: Whimsicott|Tailwind|p1a: Whimsicott\n|-sidestart|p1: rainha789|move: Tailwind\n|move|p1b: Delphox|Expanding Force|p2a: Ursaluna|[spread] p2a,p2b\n|-resisted|p2b: Dragonite\n|-damage|p2a: Ursaluna|40\/100\n|-damage|p2b: Dragonite|26\/100\n|-damage|p1b: Delphox|70\/100|[from] item: Life Orb\n|move|p2b: Dragonite|Scale Shot|p1b: Delphox\n|-damage|p1b: Delphox|46\/100\n|-damage|p1b: Delphox|24\/100\n|-damage|p1b: Delphox|0 fnt\n|faint|p1b: Delphox\n|-hitcount|p1: Delphox|3\n|-unboost|p2b: Dragonite|def|1\n|-boost|p2b: Dragonite|spe|1\n|move|p2a: Ursaluna|Hyper Voice|p1a: Whimsicott\n|-damage|p1a: Whimsicott|16\/100\n|\n|upkeep\n|\n|t:|1731574526\n|switch|p1b: Annihilape|Annihilape, L50, M|100\/100\n|turn|4\n|inactive|rainha789 has 30 seconds left.\n|inactive|rainha789 has 20 seconds left.\n|\n|t:|1731574563\n|switch|p2a: Gholdengo|Gholdengo, L50|100\/100\n|move|p2b: Dragonite|Protect|p2b: Dragonite\n|-singleturn|p2b: Dragonite|Protect\n|move|p1a: Whimsicott|Moonblast|p2a: Gholdengo\n|-resisted|p2a: Gholdengo\n|-damage|p2a: Gholdengo|80\/100\n|move|p1b: Annihilape|Rage Fist|p2b: Dragonite\n|-activate|p2b: Dragonite|move: Protect\n|\n|upkeep\n|turn|5\n|inactive|rainha789 has 30 seconds left.\n|inactive|VGCLTH Sac gaming has 30 seconds left.\n|inactive|rainha789 has 20 seconds left.\n|\n|t:|1731574599\n|-terastallize|p1b: Annihilape|Fire\n|move|p1a: Whimsicott|Beat Up|p1b: Annihilape\n|-crit|p1b: Annihilape\n|-damage|p1b: Annihilape|98\/100\n|-damage|p1b: Annihilape|95\/100\n|-hitcount|p1b: Annihilape|2\n|move|p1b: Annihilape|Rage Fist|p2a: Gholdengo\n|-supereffective|p2a: Gholdengo\n|-damage|p2a: Gholdengo|0 fnt\n|faint|p2a: Gholdengo\n|move|p2b: Dragonite|Scale Shot|p1b: Annihilape\n|-damage|p1b: Annihilape|80\/100\n|-damage|p1b: Annihilape|64\/100\n|-damage|p1b: Annihilape|47\/100\n|-enditem|p1b: Annihilape|Sitrus Berry|[eat]\n|-heal|p1b: Annihilape|72\/100|[from] item: Sitrus Berry\n|-damage|p1b: Annihilape|57\/100\n|-damage|p1b: Annihilape|42\/100\n|-hitcount|p1b: Annihilape|5\n|-unboost|p2b: Dragonite|def|1\n|-boost|p2b: Dragonite|spe|1\n|\n|-fieldend|move: Psychic Terrain\n|upkeep\n|\n|t:|1731574607\n|switch|p2a: Ursaluna|Ursaluna-Bloodmoon, L50, M|40\/100\n|turn|6\n|inactive|rainha789 has 30 seconds left.\n|\n|t:|1731574634\n|move|p2b: Dragonite|Extreme Speed|p1b: Annihilape\n|-damage|p1b: Annihilape|9\/100\n|move|p2a: Ursaluna|Vacuum Wave|p1b: Annihilape\n|-damage|p1b: Annihilape|0 fnt\n|faint|p1b: Annihilape\n|move|p1a: Whimsicott|Moonblast|p2a: Ursaluna\n|-damage|p2a: Ursaluna|14\/100\n|\n|-sideend|p1: rainha789|move: Tailwind\n|upkeep\n|turn|7\n|-message|rainha789 forfeited.\n|\n|win|VGCLTH Sac gaming\n|raw|rainha789's rating: 1726 &rarr; <strong>1703<\/strong><br \/>(-23 for losing)\n|raw|VGCLTH Sac gaming's rating: 1667 &rarr; <strong>1690<\/strong><br \/>(+23 for winning)\n|l|\u2606rainha789\n|player|p1|\n","uploadtime":1731574647,"views":18,"formatid":"gen9vgc2024regh","rating":1690,"private":0,"password":null}