{"id":"gen9vgc2024regh-2243704277","format":"[Gen 9] VGC 2024 Reg H","players":["LilTic","HarshEuroBarge"],"log":"|j|\u2606LilTic\n|j|\u2606HarshEuroBarge\n|t:|1731590273\n|gametype|doubles\n|player|p1|LilTic|ninjaboy|1657\n|player|p2|HarshEuroBarge|169|1722\n|teamsize|p1|6\n|teamsize|p2|6\n|gen|9\n|tier|[Gen 9] VGC 2024 Reg H\n|rated|\n|rule|Species Clause: Limit one of each Pok\u00e9mon\n|rule|Item Clause: Limit 1 of each item\n|clearpoke\n|poke|p1|Toxapex, L50, M|\n|poke|p1|Incineroar, L50, F|\n|poke|p1|Amoonguss, L50, F|\n|poke|p1|Ninetales-Alola, L50, M|\n|poke|p1|Dragonite, L50, F|\n|poke|p1|Kingambit, L50, F|\n|poke|p2|Smeargle, L50, F|\n|poke|p2|Primeape, L50, M|\n|poke|p2|Rillaboom, L50, M|\n|poke|p2|Indeedee-F, L50, F|\n|poke|p2|Whimsicott, L50, F|\n|poke|p2|Krookodile, L50, M|\n|teampreview|4\n|\n|t:|1731590296\n|start\n|switch|p1a: Toxapex|Toxapex, L50, M|100\/100\n|switch|p1b: Ninetales|Ninetales-Alola, L50, M|100\/100\n|switch|p2a: Smeargle|Smeargle, L50, F|100\/100\n|switch|p2b: Whimsicott|Whimsicott, L50, F|100\/100\n|-weather|Snow|[from] ability: Snow Warning|[of] p1b: Ninetales\n|turn|1\n|inactive|Battle timer is ON: inactive players will automatically lose when time's up. (requested by LilTic)\n|\n|t:|1731590311\n|move|p2b: Whimsicott|Tailwind|p2b: Whimsicott\n|-sidestart|p2: HarshEuroBarge|move: Tailwind\n|move|p2a: Smeargle|Spore|p1b: Ninetales\n|-status|p1b: Ninetales|slp|[from] move: Spore\n|cant|p1b: Ninetales|slp\n|move|p1a: Toxapex|Infestation|p2b: Whimsicott\n|-damage|p2b: Whimsicott|97\/100\n|-activate|p2b: Whimsicott|move: Infestation|[of] p1a: Toxapex\n|-damage|p1a: Toxapex|84\/100|[from] item: Rocky Helmet|[of] p2b: Whimsicott\n|\n|-weather|Snow|[upkeep]\n|-damage|p2b: Whimsicott|81\/100|[from] move: Infestation|[partiallytrapped]\n|-ability|p2a: Smeargle|Moody|boost\n|-boost|p2a: Smeargle|spd|2\n|-unboost|p2a: Smeargle|spe|1\n|upkeep\n|turn|2\n|inactive|HarshEuroBarge has 30 seconds left.\n|\n|t:|1731590340\n|move|p2b: Whimsicott|Moonblast|p1a: Toxapex\n|-resisted|p1a: Toxapex\n|-damage|p1a: Toxapex|74\/100\n|-unboost|p1a: Toxapex|spa|1\n|move|p2a: Smeargle|Spore|p1a: Toxapex\n|-status|p1a: Toxapex|slp|[from] move: Spore\n|cant|p1b: Ninetales|slp\n|cant|p1a: Toxapex|slp\n|\n|-weather|Snow|[upkeep]\n|-damage|p2b: Whimsicott|65\/100|[from] move: Infestation|[partiallytrapped]\n|-ability|p2a: Smeargle|Moody|boost\n|-boost|p2a: Smeargle|def|2\n|-unboost|p2a: Smeargle|spd|1\n|upkeep\n|turn|3\n|inactive|LilTic has 30 seconds left.\n|inactive|HarshEuroBarge has 30 seconds left.\n|inactive|LilTic has 20 seconds left.\n|\n|t:|1731590376\n|switch|p2a: Indeedee|Indeedee-F, L50, F|100\/100\n|-fieldstart|move: Psychic Terrain|[from] ability: Psychic Surge|[of] p2a: Indeedee\n|move|p2b: Whimsicott|Moonblast|p1b: Ninetales\n|-damage|p1b: Ninetales|68\/100 slp\n|-curestatus|p1b: Ninetales|slp|[msg]\n|move|p1b: Ninetales|Blizzard|p2b: Whimsicott|[spread] p2a,p2b\n|-supereffective|p2b: Whimsicott\n|-damage|p2a: Indeedee|65\/100\n|-damage|p2b: Whimsicott|0 fnt\n|faint|p2b: Whimsicott\n|cant|p1a: Toxapex|slp\n|\n|-weather|Snow|[upkeep]\n|upkeep\n|\n|t:|1731590391\n|switch|p2b: Smeargle|Smeargle, L50, F|100\/100\n|turn|4\n|\n|t:|1731590401\n|switch|p2a: Primeape|Primeape, L50, M, shiny|100\/100\n|move|p1b: Ninetales|Protect|p1b: Ninetales\n|-singleturn|p1b: Ninetales|Protect\n|move|p2b: Smeargle|Surging Strikes|p2a: Primeape\n|-crit|p2a: Primeape\n|-damage|p2a: Primeape|98\/100\n|-setboost|p2a: Primeape|atk|6|[from] ability: Anger Point\n|-crit|p2a: Primeape\n|-damage|p2a: Primeape|96\/100\n|-crit|p2a: Primeape\n|-damage|p2a: Primeape|94\/100\n|-hitcount|p2a: Primeape|3\n|cant|p1a: Toxapex|slp\n|\n|-weather|Snow|[upkeep]\n|-sideend|p2: HarshEuroBarge|move: Tailwind\n|-ability|p2b: Smeargle|Moody|boost\n|-boost|p2b: Smeargle|spa|2\n|-unboost|p2b: Smeargle|spd|1\n|upkeep\n|turn|5\n|\n|t:|1731590424\n|-terastallize|p2a: Primeape|Fire\n|move|p2b: Smeargle|Spiky Shield|p2b: Smeargle\n|-singleturn|p2b: Smeargle|move: Protect\n|move|p1b: Ninetales|Blizzard|p2b: Smeargle|[spread] p2a\n|-activate|p2b: Smeargle|move: Protect\n|-resisted|p2a: Primeape\n|-damage|p2a: Primeape|81\/100\n|move|p2a: Primeape|Drain Punch|p1b: Ninetales\n|-damage|p1b: Ninetales|0 fnt\n|-heal|p2a: Primeape|100\/100|[from] drain|[of] p1b: Ninetales\n|faint|p1b: Ninetales\n|-curestatus|p1a: Toxapex|slp|[msg]\n|move|p1a: Toxapex|Toxic|p2a: Primeape\n|-status|p2a: Primeape|tox\n|\n|-weather|none\n|-damage|p2a: Primeape|94\/100 tox|[from] psn\n|-ability|p2b: Smeargle|Moody|boost\n|-boost|p2b: Smeargle|atk|2\n|-unboost|p2b: Smeargle|spa|1\n|upkeep\n|\n|t:|1731590443\n|switch|p1b: Dragonite|Dragonite, L50, F|100\/100\n|turn|6\n|\n|t:|1731590450\n|switch|p1a: Incineroar|Incineroar, L50, F|100\/100\n|-ability|p1a: Incineroar|Intimidate|boost\n|-unboost|p2a: Primeape|atk|1\n|-unboost|p2b: Smeargle|atk|1\n|move|p2b: Smeargle|Follow Me|p2b: Smeargle\n|-singleturn|p2b: Smeargle|move: Follow Me\n|move|p1b: Dragonite|Ice Spinner|p2b: Smeargle\n|-damage|p2b: Smeargle|26\/100\n|-fieldend|move: Psychic Terrain\n|move|p2a: Primeape|Rage Fist|p1b: Dragonite\n|-damage|p1b: Dragonite|0 fnt\n|faint|p1b: Dragonite\n|\n|-damage|p2a: Primeape|82\/100 tox|[from] psn\n|-ability|p2b: Smeargle|Moody|boost\n|-boost|p2b: Smeargle|spa|2\n|-unboost|p2b: Smeargle|spe|1\n|upkeep\n|\n|t:|1731590463\n|switch|p1b: Toxapex|Toxapex, L50, M|100\/100\n|turn|7\n|\n|t:|1731590475\n|switch|p2b: Indeedee|Indeedee-F, L50, F|65\/100\n|-fieldstart|move: Psychic Terrain|[from] ability: Psychic Surge|[of] p2b: Indeedee\n|-terastallize|p1a: Incineroar|Ghost\n|move|p2a: Primeape|Drain Punch|p1a: Incineroar\n|-immune|p1a: Incineroar\n|move|p1a: Incineroar|Knock Off|p2a: Primeape\n|-damage|p2a: Primeape|40\/100 tox\n|-enditem|p2a: Primeape|Eviolite|[from] move: Knock Off|[of] p1a: Incineroar\n|move|p1b: Toxapex|Infestation|p2a: Primeape\n|-resisted|p2a: Primeape\n|-damage|p2a: Primeape|38\/100 tox\n|-activate|p2a: Primeape|move: Infestation|[of] p1b: Toxapex\n|\n|-damage|p2a: Primeape|19\/100 tox|[from] psn\n|-damage|p2a: Primeape|3\/100 tox|[from] move: Infestation|[partiallytrapped]\n|upkeep\n|turn|8\n|\n|t:|1731590495\n|move|p2b: Indeedee|Psychic|p1b: Toxapex\n|-supereffective|p1b: Toxapex\n|-damage|p1b: Toxapex|42\/100\n|move|p2a: Primeape|Drain Punch|p2b: Indeedee\n|-damage|p2b: Indeedee|0 fnt\n|-heal|p2a: Primeape|34\/100 tox|[from] drain|[of] p2b: Indeedee\n|faint|p2b: Indeedee\n|move|p1a: Incineroar|Knock Off|p2a: Primeape\n|-damage|p2a: Primeape|0 fnt\n|faint|p2a: Primeape\n|move|p1b: Toxapex|Infestation|p2: Primeape|[notarget]\n|-fail|p1b: Toxapex\n|\n|upkeep\n|-message|HarshEuroBarge forfeited.\n|\n|win|LilTic\n|raw|LilTic's rating: 1657 &rarr; <strong>1681<\/strong><br \/>(+24 for winning)\n|raw|HarshEuroBarge's rating: 1722 &rarr; <strong>1698<\/strong><br \/>(-24 for losing)\n|l|\u2606HarshEuroBarge\n|player|p2|\n|l|\u2606LilTic\n|player|p1|\n","uploadtime":1731590730,"views":18,"formatid":"gen9vgc2024regh","rating":1681,"private":0,"password":null}