{"id":"gen9vgc2024regh-2243405821","format":"[Gen 9] VGC 2024 Reg H","players":["karamingo","VGCLTH Slow"],"log":"|raw|<div class=\"broadcast-blue\"><strong>This battle is required to be public due to a player having a name starting with 'vgclth'.<\/div>\n|j|\u2606karamingo\n|j|\u2606VGCLTH Slow\n|t:|1731542769\n|gametype|doubles\n|player|p1|karamingo|1|1720\n|player|p2|VGCLTH Slow|skier|1706\n|teamsize|p1|6\n|teamsize|p2|6\n|gen|9\n|tier|[Gen 9] VGC 2024 Reg H\n|rated|\n|rule|Species Clause: Limit one of each Pok\u00e9mon\n|rule|Item Clause: Limit 1 of each item\n|clearpoke\n|poke|p1|Ursaluna-Bloodmoon, L50, M|\n|poke|p1|Torkoal, L50, F|\n|poke|p1|Farigiraf, L50, M|\n|poke|p1|Smeargle, L50, F|\n|poke|p1|Indeedee-F, L50, F|\n|poke|p1|Hatterene, L50, F|\n|poke|p2|Sableye, L50, M|\n|poke|p2|Sylveon, L50, F|\n|poke|p2|Archaludon, L50, M|\n|poke|p2|Volcarona, L50, M|\n|poke|p2|Rillaboom, L50, F|\n|poke|p2|Tauros-Paldea-Aqua, L50, M|\n|teampreview|4\nVGCLTH Slow has agreed to open team sheets.\n|\n|t:|1731542824\n|start\n|switch|p1a: Smeargle|Smeargle, L50, F|100\/100\n|switch|p1b: Farigiraf|Farigiraf, L50, M|100\/100\n|switch|p2a: Old Yeller|Sylveon, L50, F|100\/100\n|switch|p2b: Koko The Gorythmic|Rillaboom, L50, F|100\/100\n|-fieldstart|move: Grassy Terrain|[from] ability: Grassy Surge|[of] p2b: Koko The Gorythmic\n|turn|1\n|\n|t:|1731542840\n|-terastallize|p1b: Farigiraf|Fire\n|move|p2b: Koko The Gorythmic|Wood Hammer|p1b: Farigiraf\n|-resisted|p1b: Farigiraf\n|-damage|p1b: Farigiraf|60\/100\n|-damage|p2b: Koko The Gorythmic|86\/100|[from] Recoil\n|move|p2a: Old Yeller|Hyper Voice|p1b: Farigiraf|[spread] p1a,p1b\n|-resisted|p1b: Farigiraf\n|-damage|p1a: Smeargle|36\/100\n|-damage|p1b: Farigiraf|43\/100\n|-enditem|p2a: Old Yeller|Throat Spray\n|-boost|p2a: Old Yeller|spa|1|[from] item: Throat Spray\n|move|p1a: Smeargle|Decorate|p1b: Farigiraf\n|-boost|p1b: Farigiraf|atk|2\n|-boost|p1b: Farigiraf|spa|2\n|move|p1b: Farigiraf|Trick Room|p1b: Farigiraf\n|-fieldstart|move: Trick Room|[of] p1b: Farigiraf\n|\n|-heal|p1a: Smeargle|42\/100|[from] Grassy Terrain\n|-heal|p1b: Farigiraf|49\/100|[from] Grassy Terrain\n|-heal|p2b: Koko The Gorythmic|92\/100|[from] Grassy Terrain\n|upkeep\n|turn|2\n|j| VGCLTH John Pork\n|j| ale cog\n|\n|t:|1731542868\n|move|p1a: Smeargle|Spore|p2a: Old Yeller\n|-status|p2a: Old Yeller|slp|[from] move: Spore\n|move|p1b: Farigiraf|Tera Blast|p2b: Koko The Gorythmic|[anim] Tera Blast Fire\n|-supereffective|p2b: Koko The Gorythmic\n|-damage|p2b: Koko The Gorythmic|0 fnt\n|faint|p2b: Koko The Gorythmic\n|cant|p2a: Old Yeller|slp\n|\n|-heal|p1a: Smeargle|49\/100|[from] Grassy Terrain\n|-heal|p1b: Farigiraf|55\/100|[from] Grassy Terrain\n|upkeep\n|\n|t:|1731542873\n|switch|p2b: Snowblind|Sableye, L50, M|100\/100\n|turn|3\n|\n|t:|1731542881\n|move|p2b: Snowblind|Foul Play|p1b: Farigiraf\n|-damage|p1b: Farigiraf|9\/100\n|move|p1a: Smeargle|Decorate|p1b: Farigiraf\n|-boost|p1b: Farigiraf|atk|2\n|-boost|p1b: Farigiraf|spa|2\n|move|p1b: Farigiraf|Hyper Voice|p2b: Snowblind|[spread] p2a\n|-immune|p2b: Snowblind\n|-damage|p2a: Old Yeller|43\/100 slp\n|-enditem|p1b: Farigiraf|Throat Spray\n|-boost|p1b: Farigiraf|spa|1|[from] item: Throat Spray\n|cant|p2a: Old Yeller|slp\n|\n|-heal|p1a: Smeargle|55\/100|[from] Grassy Terrain\n|-heal|p1b: Farigiraf|15\/100|[from] Grassy Terrain\n|-heal|p2a: Old Yeller|49\/100 slp|[from] Grassy Terrain\n|upkeep\n|turn|4\n|j| DaN00biest\n|\n|t:|1731542896\n|-curestatus|p2a: Old Yeller|slp|[msg]\n|move|p2a: Old Yeller|Protect|p2a: Old Yeller\n|-singleturn|p2a: Old Yeller|Protect\n|move|p1a: Smeargle|Follow Me|p1a: Smeargle\n|-singleturn|p1a: Smeargle|move: Follow Me\n|move|p2b: Snowblind|Foul Play|p1a: Smeargle\n|-damage|p1a: Smeargle|42\/100\n|move|p1b: Farigiraf|Hyper Voice|p2a: Old Yeller|[spread] \n|-activate|p2a: Old Yeller|move: Protect\n|-immune|p2b: Snowblind\n|\n|-heal|p1a: Smeargle|49\/100|[from] Grassy Terrain\n|-heal|p1b: Farigiraf|21\/100|[from] Grassy Terrain\n|-heal|p2a: Old Yeller|55\/100|[from] Grassy Terrain\n|upkeep\n|turn|5\n|\n|t:|1731542908\n|switch|p2a: Forklift Certified|Archaludon, L50, M, shiny|100\/100\n|move|p1a: Smeargle|Follow Me|p1a: Smeargle\n|-singleturn|p1a: Smeargle|move: Follow Me\n|move|p2b: Snowblind|Foul Play|p1a: Smeargle\n|-crit|p1a: Smeargle\n|-damage|p1a: Smeargle|30\/100\n|move|p1b: Farigiraf|Hyper Voice|p2a: Forklift Certified|[spread] p2a\n|-immune|p2b: Snowblind\n|-resisted|p2a: Forklift Certified\n|-damage|p2a: Forklift Certified|44\/100\n|\n|-heal|p1a: Smeargle|36\/100|[from] Grassy Terrain\n|-heal|p1b: Farigiraf|27\/100|[from] Grassy Terrain\n|-heal|p2a: Forklift Certified|50\/100|[from] Grassy Terrain\n|-fieldend|move: Trick Room\n|-fieldend|move: Grassy Terrain\n|upkeep\n|turn|6\n|\n|t:|1731542942\n|-terastallize|p2a: Forklift Certified|Electric\n|move|p1a: Smeargle|Follow Me|p1a: Smeargle\n|-singleturn|p1a: Smeargle|move: Follow Me\n|move|p2a: Forklift Certified|Electro Shot||[still]\n|-prepare|p2a: Forklift Certified|Electro Shot\n|-boost|p2a: Forklift Certified|spa|1\n|-enditem|p2a: Forklift Certified|Power Herb\n|-anim|p2a: Forklift Certified|Electro Shot|p1b: Farigiraf\n|-damage|p1b: Farigiraf|0 fnt\n|faint|p1b: Farigiraf\n|move|p2b: Snowblind|Foul Play|p1a: Smeargle\n|-damage|p1a: Smeargle|23\/100\n|\n|upkeep\n|\n|t:|1731542962\n|switch|p1b: Ursaluna|Ursaluna-Bloodmoon, L50, M|100\/100\n|turn|7\n|\n|t:|1731542966\n|move|p2b: Snowblind|Encore|p1a: Smeargle\n|-start|p1a: Smeargle|Encore\n|move|p2a: Forklift Certified|Dragon Pulse|p1b: Ursaluna\n|-damage|p1b: Ursaluna|25\/100\n|move|p1b: Ursaluna|Hyper Voice|p2a: Forklift Certified|[spread] p2a,p2b\n|-damage|p2a: Forklift Certified|0 fnt\n|-damage|p2b: Snowblind|34\/100\n|-enditem|p2b: Snowblind|Sitrus Berry|[eat]\n|-heal|p2b: Snowblind|59\/100|[from] item: Sitrus Berry\n|faint|p2a: Forklift Certified\n|-damage|p1b: Ursaluna|15\/100|[from] item: Life Orb\n|move|p1a: Smeargle|Follow Me|p1a: Smeargle\n|-singleturn|p1a: Smeargle|move: Follow Me\n|\n|upkeep\n|\n|t:|1731542972\n|switch|p2a: Old Yeller|Sylveon, L50, F|55\/100\n|turn|8\n|\n|t:|1731542984\n|move|p1b: Ursaluna|Protect|p1b: Ursaluna\n|-singleturn|p1b: Ursaluna|Protect\n|move|p1a: Smeargle|Follow Me|p1a: Smeargle\n|-singleturn|p1a: Smeargle|move: Follow Me\n|move|p2a: Old Yeller|Hyper Voice|p1a: Smeargle|[spread] p1a\n|-activate|p1b: Ursaluna|move: Protect\n|-damage|p1a: Smeargle|0 fnt\n|faint|p1a: Smeargle\n|move|p2b: Snowblind|Foul Play|p1b: Ursaluna\n|-activate|p1b: Ursaluna|move: Protect\n|\n|upkeep\n|\n|t:|1731542991\n|switch|p1a: Torkoal|Torkoal, L50, F|100\/100\n|-weather|SunnyDay|[from] ability: Drought|[of] p1a: Torkoal\n|turn|9\n|j| oherrodersir\n|\n|t:|1731543000\n|move|p2a: Old Yeller|Hyper Voice|p1b: Ursaluna|[spread] p1a,p1b\n|-resisted|p1a: Torkoal\n|-damage|p1a: Torkoal|75\/100\n|-damage|p1b: Ursaluna|0 fnt\n|faint|p1b: Ursaluna\n|move|p2b: Snowblind|Foul Play|p1a: Torkoal\n|-crit|p1a: Torkoal\n|-damage|p1a: Torkoal|49\/100\n|move|p1a: Torkoal|Heat Wave|p2a: Old Yeller|[spread] p2a,p2b\n|-damage|p2a: Old Yeller|4\/100\n|-damage|p2b: Snowblind|0 fnt\n|faint|p2b: Snowblind\n|\n|-weather|SunnyDay|[upkeep]\n|upkeep\n|turn|10\n|\n|t:|1731543011\n|move|p2a: Old Yeller|Hyper Voice|p1a: Torkoal\n|-resisted|p1a: Torkoal\n|-damage|p1a: Torkoal|14\/100\n|move|p1a: Torkoal|Heat Wave|p2a: Old Yeller\n|-damage|p2a: Old Yeller|0 fnt\n|faint|p2a: Old Yeller\n|\n|win|karamingo\n|raw|karamingo's rating: 1720 &rarr; <strong>1739<\/strong><br \/>(+19 for winning)\n|raw|VGCLTH Slow's rating: 1706 &rarr; <strong>1687<\/strong><br \/>(-19 for losing)\n|l|\u2606karamingo\n|player|p1|\n|l| VGCLTH John Pork\n|l| ale cog\n|l| oherrodersir\n","uploadtime":1731543013,"views":40,"formatid":"gen9vgc2024regh","rating":1687,"private":0,"password":null}