{"id":"gen9vgc2024regh-2243799036","format":"[Gen 9] VGC 2024 Reg H","players":["pescatora2","vgclth souly"],"log":"|raw|<div class=\"broadcast-blue\"><strong>This battle is required to be public due to a player having a name starting with 'vgclth'.<\/div>\n|j|\u2606pescatora2\n|j|\u2606vgclth souly\n|t:|1731600297\n|gametype|doubles\n|player|p1|pescatora2|lucas|1740\n|player|p2|vgclth souly|youngster-gen4dp|1872\n|teamsize|p1|6\n|teamsize|p2|6\n|gen|9\n|tier|[Gen 9] VGC 2024 Reg H\n|rated|\n|rule|Species Clause: Limit one of each Pok\u00e9mon\n|rule|Item Clause: Limit 1 of each item\n|clearpoke\n|poke|p1|Volcarona, L50, M|\n|poke|p1|Dragonite, L50, F|\n|poke|p1|Dondozo, L50, F|\n|poke|p1|Tatsugiri-Droopy, L50, M|\n|poke|p1|Kingambit, L50, F|\n|poke|p1|Rillaboom, L50, F|\n|poke|p2|Archaludon, L50, F|\n|poke|p2|Pelipper, L50, M|\n|poke|p2|Electabuzz, L50, M|\n|poke|p2|Kingambit, L50, F|\n|poke|p2|Rillaboom, L50, M|\n|poke|p2|Basculegion, L50, M|\n|teampreview|4\n|inactive|Battle timer is ON: inactive players will automatically lose when time's up. (requested by vgclth souly)\n|inactive|pescatora2 has 60 seconds left.\n|\n|t:|1731600343\n|start\n|switch|p1a: Dondozo|Dondozo, L50, F|100\/100\n|switch|p1b: Kingambit|Kingambit, L50, F|100\/100\n|switch|p2a: Archaludon|Archaludon, L50, F|100\/100\n|switch|p2b: Pelipper|Pelipper, L50, M|100\/100\n|-weather|RainDance|[from] ability: Drizzle|[of] p2b: Pelipper\n|turn|1\n|\n|t:|1731600358\n|move|p2b: Pelipper|Protect|p2b: Pelipper\n|-singleturn|p2b: Pelipper|Protect\n|move|p2a: Archaludon|Electro Shot||[still]\n|-prepare|p2a: Archaludon|Electro Shot\n|-boost|p2a: Archaludon|spa|1\n|-anim|p2a: Archaludon|Electro Shot|p1a: Dondozo\n|-supereffective|p1a: Dondozo\n|-damage|p1a: Dondozo|51\/100\n|move|p1b: Kingambit|Kowtow Cleave|p2b: Pelipper\n|-activate|p2b: Pelipper|move: Protect\n|move|p1a: Dondozo|Yawn|p2a: Archaludon\n|-start|p2a: Archaludon|move: Yawn|[of] p1a: Dondozo\n|\n|-weather|RainDance|[upkeep]\n|-heal|p1a: Dondozo|57\/100|[from] item: Leftovers\n|upkeep\n|turn|2\n|\n|t:|1731600379\n|switch|p2a: Rillaboom|Rillaboom, L50, M|100\/100\n|-fieldstart|move: Grassy Terrain|[from] ability: Grassy Surge|[of] p2a: Rillaboom\n|move|p2b: Pelipper|Weather Ball|p1b: Kingambit\n|-damage|p1b: Kingambit|22\/100\n|move|p1b: Kingambit|Stealth Rock|p2a: Rillaboom\n|-sidestart|p2: vgclth souly|move: Stealth Rock\n|move|p1a: Dondozo|Yawn|p2b: Pelipper\n|-start|p2b: Pelipper|move: Yawn|[of] p1a: Dondozo\n|\n|-weather|RainDance|[upkeep]\n|-heal|p1b: Kingambit|28\/100|[from] Grassy Terrain\n|-heal|p1a: Dondozo|63\/100|[from] Grassy Terrain\n|-heal|p1a: Dondozo|69\/100|[from] item: Leftovers\n|upkeep\n|turn|3\n|j| VGCLTH lily\n|j| Furret the heretic\n|inactive|pescatora2 has 30 seconds left.\n|inactive|vgclth souly has 30 seconds left.\n|\n|t:|1731600406\n|switch|p2b: Archaludon|Archaludon, L50, F|100\/100\n|-damage|p2b: Archaludon|94\/100|[from] Stealth Rock\n|switch|p1b: Volcarona|Volcarona, L50, M|100\/100\n|move|p1a: Dondozo|Protect|p1a: Dondozo\n|-singleturn|p1a: Dondozo|Protect\n|move|p2a: Rillaboom|Wood Hammer|p1a: Dondozo\n|-activate|p1a: Dondozo|move: Protect\n|\n|-weather|RainDance|[upkeep]\n|-heal|p2b: Archaludon|100\/100|[from] Grassy Terrain\n|-heal|p1a: Dondozo|76\/100|[from] Grassy Terrain\n|-heal|p1a: Dondozo|82\/100|[from] item: Leftovers\n|upkeep\n|turn|4\n|\n|t:|1731600415\n|-terastallize|p1a: Dondozo|Electric\n|move|p1b: Volcarona|Quiver Dance|p1b: Volcarona\n|-boost|p1b: Volcarona|spa|1\n|-boost|p1b: Volcarona|spd|1\n|-boost|p1b: Volcarona|spe|1\n|move|p2a: Rillaboom|Wood Hammer|p1a: Dondozo\n|-damage|p1a: Dondozo|35\/100\n|-damage|p2a: Rillaboom|80\/100|[from] Recoil\n|move|p2b: Archaludon|Electro Shot||[still]\n|-prepare|p2b: Archaludon|Electro Shot\n|-boost|p2b: Archaludon|spa|1\n|-anim|p2b: Archaludon|Electro Shot|p1b: Volcarona\n|-damage|p1b: Volcarona|62\/100\n|move|p1a: Dondozo|Yawn|p2b: Archaludon\n|-start|p2b: Archaludon|move: Yawn|[of] p1a: Dondozo\n|\n|-weather|RainDance|[upkeep]\n|-heal|p1b: Volcarona|69\/100|[from] Grassy Terrain\n|-heal|p2a: Rillaboom|86\/100|[from] Grassy Terrain\n|-heal|p1a: Dondozo|41\/100|[from] Grassy Terrain\n|-heal|p1a: Dondozo|47\/100|[from] item: Leftovers\n|upkeep\n|turn|5\n|\n|t:|1731600438\n|-terastallize|p2a: Rillaboom|Fire\n|move|p1b: Volcarona|Quiver Dance|p1b: Volcarona\n|-boost|p1b: Volcarona|spa|1\n|-boost|p1b: Volcarona|spd|1\n|-boost|p1b: Volcarona|spe|1\n|move|p2a: Rillaboom|High Horsepower|p1b: Volcarona\n|-damage|p1b: Volcarona|24\/100\n|move|p2b: Archaludon|Electro Shot||[still]\n|-prepare|p2b: Archaludon|Electro Shot\n|-boost|p2b: Archaludon|spa|1\n|-anim|p2b: Archaludon|Electro Shot|p1b: Volcarona\n|-damage|p1b: Volcarona|0 fnt\n|faint|p1b: Volcarona\n|move|p1a: Dondozo|Yawn||[still]\n|-fail|p1a: Dondozo\n|\n|-weather|none\n|-heal|p2a: Rillaboom|92\/100|[from] Grassy Terrain\n|-heal|p1a: Dondozo|53\/100|[from] Grassy Terrain\n|-heal|p1a: Dondozo|60\/100|[from] item: Leftovers\n|-end|p2b: Archaludon|move: Yawn|[silent]\n|-status|p2b: Archaludon|slp\n|upkeep\n|\n|t:|1731600448\n|switch|p1b: Dragonite|Dragonite, L50, F|100\/100\n|turn|6\n|\n|t:|1731600458\n|move|p1b: Dragonite|Scale Shot|p2a: Rillaboom\n|-damage|p2a: Rillaboom|80\/100\n|-damage|p2a: Rillaboom|67\/100\n|-damage|p2a: Rillaboom|54\/100\n|-damage|p2a: Rillaboom|40\/100\n|-damage|p2a: Rillaboom|27\/100\n|-hitcount|p2a: Rillaboom|5\n|-unboost|p1b: Dragonite|def|1\n|-boost|p1b: Dragonite|spe|1\n|move|p2a: Rillaboom|High Horsepower|p1a: Dondozo\n|-supereffective|p1a: Dondozo\n|-damage|p1a: Dondozo|18\/100\n|cant|p2b: Archaludon|slp\n|move|p1a: Dondozo|Body Press|p2b: Archaludon\n|-supereffective|p2b: Archaludon\n|-damage|p2b: Archaludon|71\/100 slp\n|-ability|p2b: Archaludon|Stamina|boost\n|-boost|p2b: Archaludon|def|1\n|\n|-heal|p2a: Rillaboom|33\/100|[from] Grassy Terrain\n|-heal|p2b: Archaludon|78\/100 slp|[from] Grassy Terrain\n|-heal|p2b: Archaludon|84\/100 slp|[from] item: Leftovers\n|-heal|p1a: Dondozo|25\/100|[from] Grassy Terrain\n|-heal|p1a: Dondozo|31\/100|[from] item: Leftovers\n|-fieldend|move: Grassy Terrain\n|upkeep\n|turn|7\n|j| thacrow\n|\n|t:|1731600477\n|move|p1b: Dragonite|Scale Shot|p2a: Rillaboom\n|-damage|p2a: Rillaboom|19\/100\n|-damage|p2a: Rillaboom|7\/100\n|-damage|p2a: Rillaboom|0 fnt\n|faint|p2a: Rillaboom\n|-hitcount|p2: Rillaboom|3\n|-unboost|p1b: Dragonite|def|1\n|-boost|p1b: Dragonite|spe|1\n|cant|p2b: Archaludon|slp\n|move|p1a: Dondozo|Body Press|p2b: Archaludon\n|-supereffective|p2b: Archaludon\n|-damage|p2b: Archaludon|53\/100 slp\n|-ability|p2b: Archaludon|Stamina|boost\n|-boost|p2b: Archaludon|def|1\n|\n|-heal|p2b: Archaludon|59\/100 slp|[from] item: Leftovers\n|-heal|p1a: Dondozo|37\/100|[from] item: Leftovers\n|upkeep\n|\n|t:|1731600481\n|switch|p2a: Pelipper|Pelipper, L50, M|100\/100\n|-damage|p2a: Pelipper|75\/100|[from] Stealth Rock\n|-weather|RainDance|[from] ability: Drizzle|[of] p2a: Pelipper\n|turn|8\n|j| luisYR_a\n|\n|t:|1731600495\n|move|p1b: Dragonite|Haze|p1b: Dragonite\n|-clearallboost\n|move|p2a: Pelipper|Weather Ball|p1a: Dondozo\n|-damage|p1a: Dondozo|0 fnt\n|faint|p1a: Dondozo\n|-curestatus|p2b: Archaludon|slp|[msg]\n|move|p2b: Archaludon|Draco Meteor|p1b: Dragonite\n|-supereffective|p1b: Dragonite\n|-damage|p1b: Dragonite|44\/100\n|-unboost|p2b: Archaludon|spa|2\n|\n|-weather|RainDance|[upkeep]\n|-heal|p2b: Archaludon|65\/100|[from] item: Leftovers\n|upkeep\n|-message|pescatora2 forfeited.\n|\n|win|vgclth souly\n|raw|pescatora2's rating: 1740 &rarr; <strong>1727<\/strong><br \/>(-13 for losing)\n|raw|vgclth souly's rating: 1872 &rarr; <strong>1885<\/strong><br \/>(+13 for winning)\n|l| thacrow\n|l|\u2606vgclth souly\n|player|p2|\n|l| Furret the heretic\n|j| N3_ArieL\n|l| N3_ArieL\n|j| Drogonix\n|l| luisYR_a\n|l| Drogonix\n|l| VGCLTH lily\n|j| VGCLTH Carrots\n","uploadtime":1731602217,"views":29,"formatid":"gen9vgc2024regh","rating":1727,"private":0,"password":null}