{"id":"gen9vgc2024regh-2243266926","format":"[Gen 9] VGC 2024 Reg H","players":["VGCLTH MINAMISIMP","VGCLTH Cuwutie"],"log":"|raw|<div class=\"broadcast-blue\"><strong>This battle is required to be public due to a player having a name starting with 'vgclth'.<\/div>\n|j|\u2606VGCLTH MINAMISIMP\n|j|\u2606VGCLTH Cuwutie\n|t:|1731527713\n|gametype|doubles\n|player|p1|VGCLTH MINAMISIMP|miku-water|1775\n|player|p2|VGCLTH Cuwutie|102|1703\n|teamsize|p1|6\n|teamsize|p2|6\n|gen|9\n|tier|[Gen 9] VGC 2024 Reg H\n|rated|\n|rule|Species Clause: Limit one of each Pok\u00e9mon\n|rule|Item Clause: Limit 1 of each item\n|clearpoke\n|poke|p1|Archaludon, L50, F|\n|poke|p1|Pelipper, L50, F|\n|poke|p1|Electabuzz, L50, M|\n|poke|p1|Kingambit, L50, F|\n|poke|p1|Rillaboom, L50, F|\n|poke|p1|Basculegion, L50, M|\n|poke|p2|Basculegion-F, L50, F|\n|poke|p2|Pelipper, L50, M|\n|poke|p2|Gastrodon, L50, F|\n|poke|p2|Toxicroak, L50, F|\n|poke|p2|Dondozo, L50, F|\n|poke|p2|Tatsugiri, L50, F|\n|teampreview|4\n|inactive|Battle timer is ON: inactive players will automatically lose when time's up. (requested by VGCLTH MINAMISIMP)\n|inactive|VGCLTH Cuwutie has 60 seconds left.\n|\n|t:|1731527746\n|start\n|switch|p1a: Pelipper|Pelipper, L50, F|100\/100\n|switch|p1b: Archaludon|Archaludon, L50, F|100\/100\n|switch|p2a: Pelipper|Pelipper, L50, M|100\/100\n|switch|p2b: Dondozo|Dondozo, L50, F|100\/100\n|-weather|RainDance|[from] ability: Drizzle|[of] p2a: Pelipper\n|turn|1\n|\n|t:|1731527755\n|move|p1a: Pelipper|Protect|p1a: Pelipper\n|-singleturn|p1a: Pelipper|Protect\n|move|p2b: Dondozo|Protect|p2b: Dondozo\n|-singleturn|p2b: Dondozo|Protect\n|move|p2a: Pelipper|Tailwind|p2a: Pelipper\n|-sidestart|p2: VGCLTH Cuwutie|move: Tailwind\n|move|p1b: Archaludon|Electro Shot||[still]\n|-prepare|p1b: Archaludon|Electro Shot\n|-boost|p1b: Archaludon|spa|1\n|-anim|p1b: Archaludon|Electro Shot|p2b: Dondozo\n|-activate|p2b: Dondozo|move: Protect\n|\n|-weather|RainDance|[upkeep]\n|upkeep\n|turn|2\n|\n|t:|1731527767\n|switch|p2a: Tatsugiri|Tatsugiri, L50, F|100\/100\n|-activate|p2a: Tatsugiri|ability: Commander|[of] p2b: Dondozo\n|-boost|p2b: Dondozo|atk|2\n|-boost|p2b: Dondozo|spa|2\n|-boost|p2b: Dondozo|spe|2\n|-boost|p2b: Dondozo|def|2\n|-boost|p2b: Dondozo|spd|2\n|-terastallize|p2b: Dondozo|Water\n|move|p2b: Dondozo|Wave Crash|p1b: Archaludon\n|-resisted|p1b: Archaludon\n|-damage|p1b: Archaludon|4\/100\n|-ability|p1b: Archaludon|Stamina|boost\n|-boost|p1b: Archaludon|def|1\n|-damage|p2b: Dondozo|73\/100|[from] Recoil\n|-damage|p2b: Dondozo|64\/100|[from] item: Life Orb\n|move|p1a: Pelipper|Hurricane|p2b: Dondozo\n|-damage|p2b: Dondozo|36\/100\n|move|p1b: Archaludon|Electro Shot||[still]\n|-prepare|p1b: Archaludon|Electro Shot\n|-boost|p1b: Archaludon|spa|1\n|-anim|p1b: Archaludon|Electro Shot|p2b: Dondozo\n|-supereffective|p2b: Dondozo\n|-damage|p2b: Dondozo|0 fnt\n|faint|p2b: Dondozo\n|\n|-weather|RainDance|[upkeep]\n|-heal|p1b: Archaludon|10\/100|[from] item: Leftovers\n|upkeep\n|\n|t:|1731527775\n|switch|p2b: Toxicroak|Toxicroak, L50, F|100\/100\n|turn|3\n|j| VGCLTH Louis\n|j| volcaronavgc\n|\n|t:|1731527796\n|switch|p1a: Rillaboom|Rillaboom, L50, F|100\/100\n|-fieldstart|move: Grassy Terrain|[from] ability: Grassy Surge|[of] p1a: Rillaboom\n|move|p1b: Archaludon|Protect|p1b: Archaludon\n|-singleturn|p1b: Archaludon|Protect\n|move|p2a: Tatsugiri|Muddy Water|p1b: Archaludon|[spread] p1a\n|-activate|p1b: Archaludon|move: Protect\n|-resisted|p1a: Rillaboom\n|-damage|p1a: Rillaboom|80\/100\n|move|p2b: Toxicroak|Poison Jab|p1a: Rillaboom\n|-supereffective|p1a: Rillaboom\n|-damage|p1a: Rillaboom|13\/100\n|-status|p1a: Rillaboom|psn\n|\n|-weather|RainDance|[upkeep]\n|-heal|p1a: Rillaboom|19\/100 psn|[from] Grassy Terrain\n|-heal|p1b: Archaludon|17\/100|[from] Grassy Terrain\n|-heal|p1b: Archaludon|23\/100|[from] item: Leftovers\n|-damage|p1a: Rillaboom|7\/100 psn|[from] psn\n|upkeep\n|turn|4\n|\n|t:|1731527812\n|move|p1a: Rillaboom|Fake Out|p2a: Tatsugiri\n|-damage|p2a: Tatsugiri|74\/100\n|cant|p2a: Tatsugiri|flinch\n|move|p2b: Toxicroak|Close Combat|p1b: Archaludon\n|-supereffective|p1b: Archaludon\n|-damage|p1b: Archaludon|0 fnt\n|-unboost|p2b: Toxicroak|def|1\n|-unboost|p2b: Toxicroak|spd|1\n|faint|p1b: Archaludon\n|\n|-weather|RainDance|[upkeep]\n|-heal|p2a: Tatsugiri|80\/100|[from] Grassy Terrain\n|-heal|p1a: Rillaboom|13\/100 psn|[from] Grassy Terrain\n|-damage|p1a: Rillaboom|1\/100 psn|[from] psn\n|-sideend|p2: VGCLTH Cuwutie|move: Tailwind\n|upkeep\n|\n|t:|1731527822\n|switch|p1b: Basculegion|Basculegion, L50, M|100\/100\n|turn|5\n|\n|t:|1731527838\n|move|p1a: Rillaboom|Grassy Glide|p2b: Toxicroak\n|-resisted|p2b: Toxicroak\n|-damage|p2b: Toxicroak|55\/100\n|move|p1b: Basculegion|Last Respects|p2a: Tatsugiri\n|-damage|p2a: Tatsugiri|0 fnt\n|faint|p2a: Tatsugiri\n|move|p2b: Toxicroak|Knock Off|p1b: Basculegion\n|-supereffective|p1b: Basculegion\n|-damage|p1b: Basculegion|35\/100\n|-enditem|p1b: Basculegion|Choice Band|[from] move: Knock Off|[of] p2b: Toxicroak\n|\n|-weather|none\n|-heal|p1b: Basculegion|41\/100|[from] Grassy Terrain\n|-heal|p2b: Toxicroak|60\/100|[from] Grassy Terrain\n|-heal|p1a: Rillaboom|7\/100 psn|[from] Grassy Terrain\n|-damage|p1a: Rillaboom|0 fnt|[from] psn\n|faint|p1a: Rillaboom\n|upkeep\n|l| VGCLTH Louis\n|\n|t:|1731527845\n|switch|p2a: Pelipper|Pelipper, L50, M|100\/100\n|switch|p1a: Pelipper|Pelipper, L50, F|100\/100\n|-weather|RainDance|[from] ability: Drizzle|[of] p2a: Pelipper\n|turn|6\n|\n|t:|1731527860\n|move|p1b: Basculegion|Last Respects|p2a: Pelipper\n|-enditem|p2a: Pelipper|Focus Sash\n|-damage|p2a: Pelipper|1\/100\n|move|p2b: Toxicroak|Knock Off|p1a: Pelipper\n|-damage|p1a: Pelipper|63\/100\n|-enditem|p1a: Pelipper|Focus Sash|[from] move: Knock Off|[of] p2b: Toxicroak\n|move|p2a: Pelipper|Hurricane|p1b: Basculegion\n|-damage|p1b: Basculegion|0 fnt\n|faint|p1b: Basculegion\n|move|p1a: Pelipper|Hurricane|p2a: Pelipper\n|-damage|p2a: Pelipper|0 fnt\n|faint|p2a: Pelipper\n|\n|-weather|RainDance|[upkeep]\n|-heal|p2b: Toxicroak|72\/100|[from] ability: Dry Skin\n|-heal|p2b: Toxicroak|78\/100|[from] Grassy Terrain\n|upkeep\n|turn|7\n|\n|t:|1731527872\n|move|p2b: Toxicroak|Poison Jab|p1a: Pelipper\n|-damage|p1a: Pelipper|16\/100\n|-status|p1a: Pelipper|psn\n|move|p1a: Pelipper|Hurricane|p2b: Toxicroak\n|-supereffective|p2b: Toxicroak\n|-damage|p2b: Toxicroak|0 fnt\n|faint|p2b: Toxicroak\n|\n|win|VGCLTH MINAMISIMP\n|raw|VGCLTH MINAMISIMP's rating: 1775 &rarr; <strong>1791<\/strong><br \/>(+16 for winning)\n|raw|VGCLTH Cuwutie's rating: 1703 &rarr; <strong>1687<\/strong><br \/>(-16 for losing)\n|l|\u2606VGCLTH MINAMISIMP\n|player|p1|\n|l| volcaronavgc\n|j| 2thyfor\n|l| 2thyfor\n","uploadtime":1731528012,"views":24,"formatid":"gen9vgc2024regh","rating":1687,"private":0,"password":null}