{"id":"gen9vgc2024regh-2243210834","format":"[Gen 9] VGC 2024 Reg H","players":["VGCLTH lily","srvoltmike"],"log":"|badge|p2|bronze|gen9doublesou|100-3\n|uhtml|medal-msg|<div class=\"broadcast-blue\">Curious what those medals under the avatar are? PS now has Ladder Seasons! For more information, check out the <a href=\"https:\/\/www.smogon.com\/forums\/threads\/3740067\/\">thread on Smogon.<\/a><\/div>\n|raw|<div class=\"broadcast-blue\"><strong>This battle is required to be public due to a player having a name starting with 'vgclth'.<\/div>\n|j|\u2606VGCLTH lily\n|j|\u2606srvoltmike\n|t:|1731522387\n|gametype|doubles\n|player|p1|VGCLTH lily|akari|1638\n|player|p2|srvoltmike|irida|1720\n|teamsize|p1|6\n|teamsize|p2|6\n|gen|9\n|tier|[Gen 9] VGC 2024 Reg H\n|rated|\n|rule|Species Clause: Limit one of each Pok\u00e9mon\n|rule|Item Clause: Limit 1 of each item\n|clearpoke\n|poke|p1|Maushold-Four, L50|\n|poke|p1|Zoroark-Hisui, L50, F|\n|poke|p1|Ursaluna-Bloodmoon, L50, M|\n|poke|p1|Farigiraf, L50, F|\n|poke|p1|Torkoal, L50, F|\n|poke|p1|Araquanid, L50, F|\n|poke|p2|Pelipper, L50, M|\n|poke|p2|Archaludon, L50, M|\n|poke|p2|Incineroar, L50, M|\n|poke|p2|Basculegion, L50, M|\n|poke|p2|Sinistcha, L50|\n|poke|p2|Snorlax, L50, M|\n|teampreview|4\n|inactive|Battle timer is ON: inactive players will automatically lose when time's up. (requested by VGCLTH lily)\n|inactive|VGCLTH lily has 60 seconds left.\n|inactive|srvoltmike has 60 seconds left.\n|\n|t:|1731522427\n|start\n|switch|p1a: Maushold|Maushold-Four, L50|100\/100\n|switch|p1b: Farigiraf|Farigiraf, L50, F|100\/100\n|switch|p2a: Archaludon|Archaludon, L50, M|100\/100\n|switch|p2b: Pelipper|Pelipper, L50, M|100\/100\n|-weather|RainDance|[from] ability: Drizzle|[of] p2b: Pelipper\n|turn|1\n|\n|t:|1731522450\n|switch|p2b: Snorlax|Snorlax, L50, M|100\/100\n|move|p1a: Maushold|Population Bomb|p2b: Snorlax\n|-damage|p2b: Snorlax|95\/100\n|-damage|p2b: Snorlax|89\/100\n|-damage|p2b: Snorlax|83\/100\n|-damage|p2b: Snorlax|77\/100\n|-damage|p2b: Snorlax|71\/100\n|-damage|p2b: Snorlax|65\/100\n|-damage|p2b: Snorlax|59\/100\n|-damage|p2b: Snorlax|54\/100\n|-damage|p2b: Snorlax|48\/100\n|-enditem|p2b: Snorlax|Sitrus Berry|[eat]\n|-heal|p2b: Snorlax|72\/100|[from] item: Sitrus Berry\n|-crit|p2b: Snorlax\n|-damage|p2b: Snorlax|63\/100\n|-hitcount|p2b: Snorlax|10\n|move|p2a: Archaludon|Electro Shot||[still]\n|-prepare|p2a: Archaludon|Electro Shot\n|-boost|p2a: Archaludon|spa|1\n|-anim|p2a: Archaludon|Electro Shot|p1b: Farigiraf\n|-damage|p1b: Farigiraf|54\/100\n|move|p1b: Farigiraf|Trick Room|p1b: Farigiraf\n|-fieldstart|move: Trick Room|[of] p1b: Farigiraf\n|\n|-weather|RainDance|[upkeep]\n|upkeep\n|turn|2\n|j| stewpeed\n|inactive|VGCLTH lily has 30 seconds left.\n|inactive|srvoltmike has 30 seconds left.\n|j| VGCLTH GoofyGoober\n|\n|t:|1731522484\n|switch|p1b: Ursaluna|Ursaluna-Bloodmoon, L50, M|100\/100\n|move|p1a: Maushold|Follow Me|p1a: Maushold\n|-singleturn|p1a: Maushold|move: Follow Me\n|move|p2b: Snorlax|Double-Edge|p1a: Maushold\n|-damage|p1a: Maushold|23\/100\n|-damage|p2b: Snorlax|49\/100|[from] Recoil\n|move|p2a: Archaludon|Dragon Pulse|p1a: Maushold\n|-damage|p1a: Maushold|0 fnt\n|faint|p1a: Maushold\n|\n|-weather|RainDance|[upkeep]\n|upkeep\n|\n|t:|1731522497\n|switch|p1a: Torkoal|Torkoal, L50, F|100\/100\n|-weather|SunnyDay|[from] ability: Drought|[of] p1a: Torkoal\n|turn|3\n|inactive|srvoltmike has 30 seconds left.\n|\n|t:|1731522529\n|switch|p2b: Pelipper|Pelipper, L50, M|100\/100\n|-weather|RainDance|[from] ability: Drizzle|[of] p2b: Pelipper\n|-terastallize|p1b: Ursaluna|Ghost\n|-terastallize|p2a: Archaludon|Fairy\n|move|p1a: Torkoal|Earth Power|p2a: Archaludon\n|-damage|p2a: Archaludon|82\/100\n|-ability|p2a: Archaludon|Stamina|boost\n|-boost|p2a: Archaludon|def|1\n|move|p1b: Ursaluna|Hyper Voice|p2b: Pelipper|[spread] p2a,p2b\n|-damage|p2a: Archaludon|54\/100\n|-damage|p2b: Pelipper|35\/100\n|-ability|p2a: Archaludon|Stamina|boost\n|-boost|p2a: Archaludon|def|1\n|move|p2a: Archaludon|Electro Shot||[still]\n|-prepare|p2a: Archaludon|Electro Shot\n|-boost|p2a: Archaludon|spa|1\n|-anim|p2a: Archaludon|Electro Shot|p1a: Torkoal\n|-damage|p1a: Torkoal|0 fnt\n|faint|p1a: Torkoal\n|\n|-weather|RainDance|[upkeep]\n|upkeep\n|\n|t:|1731522535\n|switch|p1a: Farigiraf|Farigiraf, L50, F|54\/100\n|turn|4\n|\n|t:|1731522550\n|switch|p2b: Snorlax|Snorlax, L50, M|49\/100\n|move|p1a: Farigiraf|Helping Hand|p1b: Ursaluna\n|-singleturn|p1b: Ursaluna|Helping Hand|[of] p1a: Farigiraf\n|move|p1b: Ursaluna|Blood Moon|p2a: Archaludon\n|-damage|p2a: Archaludon|0 fnt\n|faint|p2a: Archaludon\n|\n|-weather|RainDance|[upkeep]\n|upkeep\n|\n|t:|1731522561\n|switch|p2a: Incineroar|Incineroar, L50, M|100\/100\n|-ability|p2a: Incineroar|Intimidate|boost\n|-unboost|p1a: Farigiraf|atk|1\n|-unboost|p1b: Ursaluna|atk|1\n|turn|5\n|j| Mangan25\n|\n|t:|1731522571\n|move|p1a: Farigiraf|Helping Hand|p1b: Ursaluna\n|-singleturn|p1b: Ursaluna|Helping Hand|[of] p1a: Farigiraf\n|move|p2b: Snorlax|Double-Edge|p1a: Farigiraf\n|-damage|p1a: Farigiraf|7\/100\n|-damage|p2b: Snorlax|36\/100|[from] Recoil\n|move|p1b: Ursaluna|Earth Power|p2a: Incineroar\n|-supereffective|p2a: Incineroar\n|-damage|p2a: Incineroar|0 fnt\n|faint|p2a: Incineroar\n|\n|-weather|RainDance|[upkeep]\n|-fieldend|move: Trick Room\n|upkeep\n|\n|t:|1731522579\n|switch|p2a: Pelipper|Pelipper, L50, M|35\/100\n|turn|6\n|\n|t:|1731522588\n|move|p1a: Farigiraf|Helping Hand|p1b: Ursaluna\n|-singleturn|p1b: Ursaluna|Helping Hand|[of] p1a: Farigiraf\n|move|p2a: Pelipper|Hurricane|p1b: Ursaluna\n|-damage|p1b: Ursaluna|63\/100\n|-start|p1b: Ursaluna|confusion\n|-activate|p1b: Ursaluna|confusion\n|move|p1b: Ursaluna|Hyper Voice|p2b: Snorlax|[spread] p2a,p2b\n|-damage|p2a: Pelipper|0 fnt\n|-damage|p2b: Snorlax|2\/100\n|faint|p2a: Pelipper\n|move|p2b: Snorlax|Earthquake|p1b: Ursaluna|[spread] p1a,p1b\n|-damage|p1a: Farigiraf|0 fnt\n|-damage|p1b: Ursaluna|49\/100\n|faint|p1a: Farigiraf\n|\n|-weather|RainDance|[upkeep]\n|upkeep\n|turn|7\n|\n|t:|1731522597\n|-activate|p1b: Ursaluna|confusion\n|move|p1b: Ursaluna|Blood Moon|p2b: Snorlax\n|-damage|p2b: Snorlax|0 fnt\n|faint|p2b: Snorlax\n|\n|win|VGCLTH lily\n|raw|VGCLTH lily's rating: 1638 &rarr; <strong>1663<\/strong><br \/>(+25 for winning)\n|raw|srvoltmike's rating: 1720 &rarr; <strong>1695<\/strong><br \/>(-25 for losing)\n|l|\u2606srvoltmike\n|player|p2|\n|l|\u2606VGCLTH lily\n|player|p1|\n|l| stewpeed\n|l| Mangan25\n","uploadtime":1731522604,"views":26,"formatid":"gen9vgc2024regh","rating":1663,"private":0,"password":null}