{"id":"gen9vgc2024regh-2243410657","format":"[Gen 9] VGC 2024 Reg H","players":["VGCLTH Thacrow","grovyleuwu"],"log":"|j|\u2606VGCLTH Thacrow\n|j|\u2606grovyleuwu\n|t:|1731543375\n|gametype|doubles\n|player|p1|VGCLTH Thacrow|wallace-masters|1827\n|player|p2|grovyleuwu|whitney|1825\n|teamsize|p1|6\n|teamsize|p2|6\n|gen|9\n|tier|[Gen 9] VGC 2024 Reg H\n|rated|\n|rule|Species Clause: Limit one of each Pok\u00e9mon\n|rule|Item Clause: Limit 1 of each item\n|clearpoke\n|poke|p1|Ceruledge, L50, F|\n|poke|p1|Gastrodon-East, L50, M|\n|poke|p1|Sneasler, L50, F|\n|poke|p1|Dragonite, L50, F|\n|poke|p1|Rillaboom, L50, M|\n|poke|p1|Kingambit, L50, M|\n|poke|p2|Pelipper, L50, F|\n|poke|p2|Sneasler, L50, M|\n|poke|p2|Archaludon, L50, M|\n|poke|p2|Indeedee, L50, M|\n|poke|p2|Basculegion, L50, M|\n|poke|p2|Talonflame, L50, F|\n|teampreview|4\n|inactive|Battle timer is ON: inactive players will automatically lose when time's up. (requested by grovyleuwu)\nVGCLTH Thacrow has agreed to open team sheets.\n|inactive|grovyleuwu has 60 seconds left.\n|\n|t:|1731543413\n|start\n|switch|p1a: Kidturtle|Sneasler, L50, F, shiny|100\/100\n|switch|p1b: Godlyreal|Kingambit, L50, M|100\/100\n|switch|p2a: Pelipper|Pelipper, L50, F|100\/100\n|switch|p2b: Archaludon|Archaludon, L50, M|100\/100\n|-weather|RainDance|[from] ability: Drizzle|[of] p2a: Pelipper\n|turn|1\n|\n|t:|1731543426\n|switch|p1a: Joe Dog|Gastrodon-East, L50, M|100\/100\n|-terastallize|p2b: Archaludon|Electric\n|move|p2a: Pelipper|Weather Ball|p1a: Joe Dog\n|-activate|p1a: Joe Dog|ability: Storm Drain\n|-ability|p1a: Joe Dog|Storm Drain|boost\n|-boost|p1a: Joe Dog|spa|1\n|move|p2b: Archaludon|Electro Shot||[still]\n|-prepare|p2b: Archaludon|Electro Shot\n|-boost|p2b: Archaludon|spa|1\n|-anim|p2b: Archaludon|Electro Shot|p1b: Godlyreal\n|-damage|p1b: Godlyreal|40\/100\n|move|p1b: Godlyreal|Kowtow Cleave|p2b: Archaludon\n|-damage|p2b: Archaludon|57\/100\n|\n|-weather|RainDance|[upkeep]\n|upkeep\n|turn|2\n|j| FBISurveillanceMan\n|inactive|grovyleuwu has 30 seconds left.\n|\n|t:|1731543454\n|switch|p2a: Sneasler|Sneasler, L50, M|100\/100\n|move|p2b: Archaludon|Protect|p2b: Archaludon\n|-singleturn|p2b: Archaludon|Protect\n|move|p1b: Godlyreal|Iron Head|p2a: Sneasler\n|-damage|p2a: Sneasler|19\/100\n|move|p1a: Joe Dog|Earth Power|p2b: Archaludon\n|-activate|p2b: Archaludon|move: Protect\n|\n|-weather|RainDance|[upkeep]\n|upkeep\n|turn|3\n|\n|t:|1731543468\n|move|p1b: Godlyreal|Sucker Punch|p2a: Sneasler\n|-resisted|p2a: Sneasler\n|-damage|p2a: Sneasler|0 fnt\n|faint|p2a: Sneasler\n|move|p2b: Archaludon|Dragon Pulse|p1a: Joe Dog\n|-damage|p1a: Joe Dog|40\/100\n|-enditem|p1a: Joe Dog|Sitrus Berry|[eat]\n|-heal|p1a: Joe Dog|65\/100|[from] item: Sitrus Berry\n|move|p1a: Joe Dog|Earth Power|p2b: Archaludon\n|-supereffective|p2b: Archaludon\n|-damage|p2b: Archaludon|0 fnt\n|faint|p2b: Archaludon\n|\n|-weather|RainDance|[upkeep]\n|upkeep\n|\n|t:|1731543471\n|switch|p2a: Indeedee|Indeedee, L50, M|100\/100\n|switch|p2b: Pelipper|Pelipper, L50, F|100\/100\n|-fieldstart|move: Psychic Terrain|[from] ability: Psychic Surge|[of] p2a: Indeedee\n|turn|4\n|\n|t:|1731543479\n|move|p1a: Joe Dog|Protect|p1a: Joe Dog\n|-singleturn|p1a: Joe Dog|Protect\n|move|p1b: Godlyreal|Sucker Punch|p2b: Pelipper\n|-hint|Psychic Terrain doesn't affect Pok\u00e9mon immune to Ground.\n|-damage|p2b: Pelipper|44\/100\n|move|p2b: Pelipper|Hurricane|p1b: Godlyreal\n|-resisted|p1b: Godlyreal\n|-damage|p1b: Godlyreal|25\/100\n|move|p2a: Indeedee|Expanding Force|p1b: Godlyreal|[spread] \n|-activate|p1a: Joe Dog|move: Protect\n|-immune|p1b: Godlyreal\n|\n|-weather|RainDance|[upkeep]\n|upkeep\n|turn|5\n|-message|grovyleuwu forfeited.\n|\n|win|VGCLTH Thacrow\n|raw|VGCLTH Thacrow's rating: 1827 &rarr; <strong>1847<\/strong><br \/>(+20 for winning)\n|raw|grovyleuwu's rating: 1825 &rarr; <strong>1805<\/strong><br \/>(-20 for losing)\n|l|\u2606grovyleuwu\n|player|p2|\n|l|\u2606VGCLTH Thacrow\n|player|p1|\n|j| vgclth souly\n|l| vgclth souly\n|j| xclamation\n|l| xclamation\n","uploadtime":1731543658,"views":44,"formatid":"gen9vgc2024regh","rating":1805,"private":0,"password":null}