{"id":"gen9vgc2024regh-2243922410","format":"[Gen 9] VGC 2024 Reg H","players":["Zordor","googer315"],"log":"|j|\u2606Zordor\n|j|\u2606googer315\n|t:|1731611979\n|gametype|doubles\n|player|p1|Zordor|pilot|1694\n|player|p2|googer315|169|1735\n|teamsize|p1|6\n|teamsize|p2|6\n|gen|9\n|tier|[Gen 9] VGC 2024 Reg H\n|rated|\n|rule|Species Clause: Limit one of each Pok\u00e9mon\n|rule|Item Clause: Limit 1 of each item\n|clearpoke\n|poke|p1|Rotom-Wash, L50|\n|poke|p1|Sneasler, L50, F|\n|poke|p1|Armarouge, L50, F|\n|poke|p1|Dragapult, L50, M|\n|poke|p1|Venusaur, L50, M|\n|poke|p1|Kingambit, L50, M|\n|poke|p2|Dondozo, L50, F|\n|poke|p2|Tatsugiri, L50, F|\n|poke|p2|Glimmora, L50, F|\n|poke|p2|Maushold, L50|\n|poke|p2|Annihilape, L50, F|\n|poke|p2|Gholdengo, L50|\n|teampreview|4\n|inactive|Battle timer is ON: inactive players will automatically lose when time's up. (requested by googer315)\n|\n|t:|1731612003\n|start\n|switch|p1a: Sneasler|Sneasler, L50, F|100\/100\n|switch|p1b: Rotom|Rotom-Wash, L50|100\/100\n|switch|p2a: Gholdengo|Gholdengo, L50|100\/100\n|switch|p2b: Glimmora|Glimmora, L50, F|100\/100\n|turn|1\n|inactive|googer315 has 30 seconds left.\n|\n|t:|1731612032\n|move|p2a: Gholdengo|Trick|p1b: Rotom\n|-activate|p2a: Gholdengo|move: Trick|[of] p1b: Rotom\n|-item|p1b: Rotom|Choice Scarf|[from] move: Trick\n|-item|p2a: Gholdengo|Wiki Berry|[from] move: Trick\n|move|p1b: Rotom|Hydro Pump|p2b: Glimmora\n|-supereffective|p2b: Glimmora\n|-damage|p2b: Glimmora|2\/100\n|move|p1a: Sneasler|Close Combat|p2b: Glimmora\n|-damage|p2b: Glimmora|0 fnt\n|-unboost|p1a: Sneasler|def|1\n|-unboost|p1a: Sneasler|spd|1\n|-activate|p2b: Glimmora|ability: Toxic Debris\n|-sidestart|p1: Zordor|move: Toxic Spikes\n|faint|p2b: Glimmora\n|\n|upkeep\n|\n|t:|1731612044\n|switch|p2b: Dondozo|Dondozo, L50, F|100\/100\n|turn|2\n|\n|t:|1731612057\n|switch|p2a: Tatsugiri|Tatsugiri, L50, F|100\/100\n|-activate|p2a: Tatsugiri|ability: Commander|[of] p2b: Dondozo\n|-boost|p2b: Dondozo|atk|2\n|-boost|p2b: Dondozo|spa|2\n|-boost|p2b: Dondozo|spe|2\n|-boost|p2b: Dondozo|def|2\n|-boost|p2b: Dondozo|spd|2\n|move|p1a: Sneasler|Protect|p1a: Sneasler\n|-singleturn|p1a: Sneasler|Protect\n|move|p1b: Rotom|Hydro Pump|p2a: Tatsugiri|[miss]\n|-miss|p1b: Rotom|p2a: Tatsugiri\n|move|p2b: Dondozo|Order Up|p1b: Rotom\n|-damage|p1b: Rotom|50\/100\n|-boost|p2b: Dondozo|atk|1\n|\n|upkeep\n|turn|3\n|j| calyridershadowrex\n|l|calyridershadowrex\n|\n|t:|1731612077\n|move|p1b: Rotom|Hydro Pump|p2b: Dondozo|[miss]\n|-miss|p1b: Rotom|p2b: Dondozo\n|move|p1a: Sneasler|Dire Claw|p2b: Dondozo\n|-damage|p2b: Dondozo|88\/100\n|move|p2b: Dondozo|Order Up|p1b: Rotom\n|-damage|p1b: Rotom|0 fnt\n|faint|p1b: Rotom\n|-boost|p2b: Dondozo|atk|1\n|\n|-heal|p2b: Dondozo|94\/100|[from] item: Leftovers\n|upkeep\n|\n|t:|1731612084\n|switch|p1b: Venusaur|Venusaur, L50, M|100\/100\n|-sideend|p1: Zordor|move: Toxic Spikes|[of] p1b: Venusaur\n|turn|4\n|j| RNGeez RandBats\n|\n|t:|1731612091\n|move|p2b: Dondozo|Protect|p2b: Dondozo\n|-singleturn|p2b: Dondozo|Protect\n|move|p1a: Sneasler|Dire Claw|p2b: Dondozo\n|-activate|p2b: Dondozo|move: Protect\n|move|p1b: Venusaur|Giga Drain|p2b: Dondozo\n|-activate|p2b: Dondozo|move: Protect\n|\n|-heal|p2b: Dondozo|100\/100|[from] item: Leftovers\n|upkeep\n|turn|5\n|l| RNGeez RandBats\n|\n|t:|1731612103\n|-terastallize|p2b: Dondozo|Steel\n|move|p1a: Sneasler|Dire Claw|p2b: Dondozo\n|-immune|p2b: Dondozo\n|move|p1b: Venusaur|Giga Drain|p2b: Dondozo\n|-resisted|p2b: Dondozo\n|-damage|p2b: Dondozo|95\/100\n|move|p2b: Dondozo|Earthquake|p1b: Venusaur|[spread] p1a,p1b\n|-miss|p2b: Dondozo|p2a: Tatsugiri\n|-supereffective|p1a: Sneasler\n|-enditem|p1a: Sneasler|Focus Sash\n|-damage|p1a: Sneasler|1\/100\n|-damage|p1b: Venusaur|31\/100\n|\n|-heal|p1b: Venusaur|37\/100|[from] item: Leftovers\n|-heal|p2b: Dondozo|100\/100|[from] item: Leftovers\n|upkeep\n|turn|6\n|\n|t:|1731612117\n|move|p1b: Venusaur|Protect|p1b: Venusaur\n|-singleturn|p1b: Venusaur|Protect\n|move|p1a: Sneasler|Close Combat|p2b: Dondozo\n|-supereffective|p2b: Dondozo\n|-damage|p2b: Dondozo|62\/100\n|-unboost|p1a: Sneasler|def|1\n|-unboost|p1a: Sneasler|spd|1\n|move|p2b: Dondozo|Earthquake|p1a: Sneasler|[spread] p1a\n|-miss|p2b: Dondozo|p2a: Tatsugiri\n|-activate|p1b: Venusaur|move: Protect\n|-supereffective|p1a: Sneasler\n|-damage|p1a: Sneasler|0 fnt\n|faint|p1a: Sneasler\n|\n|-heal|p1b: Venusaur|43\/100|[from] item: Leftovers\n|-heal|p2b: Dondozo|68\/100|[from] item: Leftovers\n|upkeep\n|\n|t:|1731612122\n|switch|p1a: Dragapult|Dragapult, L50, M|100\/100\n|turn|7\n|\n|t:|1731612150\n|-terastallize|p1a: Dragapult|Fighting\n|move|p1a: Dragapult|Tera Blast|p2b: Dondozo|[anim] Tera Blast Fighting\n|-supereffective|p2b: Dondozo\n|-damage|p2b: Dondozo|43\/100\n|move|p1b: Venusaur|Earth Power|p2b: Dondozo\n|-supereffective|p2b: Dondozo\n|-damage|p2b: Dondozo|24\/100\n|move|p2b: Dondozo|Earthquake|p1a: Dragapult|[spread] p1a,p1b\n|-miss|p2b: Dondozo|p2a: Tatsugiri\n|-damage|p1a: Dragapult|30\/100\n|-damage|p1b: Venusaur|0 fnt\n|faint|p1b: Venusaur\n|\n|-heal|p2b: Dondozo|30\/100|[from] item: Leftovers\n|upkeep\n|turn|8\n|-message|Zordor forfeited.\n|\n|win|googer315\n|raw|Zordor's rating: 1694 &rarr; <strong>1676<\/strong><br \/>(-18 for losing)\n|raw|googer315's rating: 1735 &rarr; <strong>1753<\/strong><br \/>(+18 for winning)\n|l|\u2606Zordor\n|player|p1|\n|l|\u2606googer315\n|player|p2|\n","uploadtime":1731612348,"views":36,"formatid":"gen9vgc2024regh","rating":1676,"private":0,"password":null}