{"id":"gen9vgc2024regh-2243935902","format":"[Gen 9] VGC 2024 Reg H","players":["googer315","Snorlax Double"],"log":"|j|\u2606googer315\n|j|\u2606Snorlax Double\n|t:|1731613252\n|gametype|doubles\n|player|p1|googer315|169|1753\n|player|p2|Snorlax Double|veteranf|1648\n|teamsize|p1|6\n|teamsize|p2|6\n|gen|9\n|tier|[Gen 9] VGC 2024 Reg H\n|rated|\n|rule|Species Clause: Limit one of each Pok\u00e9mon\n|rule|Item Clause: Limit 1 of each item\n|clearpoke\n|poke|p1|Dondozo, L50, F|\n|poke|p1|Tatsugiri, L50, F|\n|poke|p1|Glimmora, L50, F|\n|poke|p1|Maushold, L50|\n|poke|p1|Annihilape, L50, F|\n|poke|p1|Gholdengo, L50|\n|poke|p2|Dragonite, L50, M|\n|poke|p2|Gholdengo, L50|\n|poke|p2|Ursaluna-Bloodmoon, L50, M|\n|poke|p2|Ninetales-Alola, L50, F|\n|poke|p2|Samurott-Hisui, L50, M|\n|poke|p2|Magmar, L50, M|\n|teampreview|4\n|inactive|Battle timer is ON: inactive players will automatically lose when time's up. (requested by googer315)\n|\n|t:|1731613291\n|start\n|switch|p1a: Gholdengo|Gholdengo, L50|100\/100\n|switch|p1b: Glimmora|Glimmora, L50, F|100\/100\n|switch|p2a: Samurott|Samurott-Hisui, L50, M|100\/100\n|switch|p2b: Ninetales|Ninetales-Alola, L50, F|100\/100\n|-weather|Snow|[from] ability: Snow Warning|[of] p2b: Ninetales\n|turn|1\n|\n|t:|1731613316\n|move|p1a: Gholdengo|Thunderbolt|p2a: Samurott\n|-supereffective|p2a: Samurott\n|-damage|p2a: Samurott|2\/100\n|move|p2b: Ninetales|Aurora Veil|p2b: Ninetales\n|-sidestart|p2: Snorlax Double|move: Aurora Veil\n|move|p2a: Samurott|Night Slash|p1a: Gholdengo\n|-supereffective|p1a: Gholdengo\n|-crit|p1a: Gholdengo\n|-damage|p1a: Gholdengo|0 fnt\n|faint|p1a: Gholdengo\n|move|p1b: Glimmora|Sludge Bomb|p2a: Samurott\n|-damage|p2a: Samurott|0 fnt\n|faint|p2a: Samurott\n|\n|-weather|Snow|[upkeep]\n|upkeep\n|\n|t:|1731613331\n|switch|p2a: Ursaluna|Ursaluna-Bloodmoon, L50, M|100\/100\n|switch|p1a: Annihilape|Annihilape, L50, F|100\/100\n|turn|2\n|\n|t:|1731613343\n|-terastallize|p1a: Annihilape|Water\n|move|p1b: Glimmora|Spiky Shield|p1b: Glimmora\n|-singleturn|p1b: Glimmora|move: Protect\n|move|p2b: Ninetales|Blizzard|p1a: Annihilape|[spread] p1a\n|-activate|p1b: Glimmora|move: Protect\n|-resisted|p1a: Annihilape\n|-damage|p1a: Annihilape|92\/100\n|move|p1a: Annihilape|Bulk Up|p1a: Annihilape\n|-boost|p1a: Annihilape|atk|1\n|-boost|p1a: Annihilape|def|1\n|move|p2a: Ursaluna|Earth Power|p1b: Glimmora\n|-activate|p1b: Glimmora|move: Protect\n|\n|-weather|Snow|[upkeep]\n|upkeep\n|turn|3\n|\n|t:|1731613365\n|switch|p1b: Maushold|Maushold, L50|100\/100\n|move|p2b: Ninetales|Encore|p1a: Annihilape\n|-start|p1a: Annihilape|Encore\n|move|p1a: Annihilape|Bulk Up|p1a: Annihilape\n|-boost|p1a: Annihilape|atk|1\n|-boost|p1a: Annihilape|def|1\n|move|p2a: Ursaluna|Earth Power|p1b: Maushold\n|-damage|p1b: Maushold|36\/100\n|\n|-weather|Snow|[upkeep]\n|upkeep\n|turn|4\n|\n|t:|1731613386\n|switch|p1a: Glimmora|Glimmora, L50, F|100\/100\n|move|p1b: Maushold|Protect|p1b: Maushold\n|-singleturn|p1b: Maushold|Protect\n|move|p2a: Ursaluna|Vacuum Wave|p1b: Maushold\n|-activate|p1b: Maushold|move: Protect\n|move|p2b: Ninetales|Blizzard|p1a: Glimmora|[spread] p1a\n|-activate|p1b: Maushold|move: Protect\n|-damage|p1a: Glimmora|79\/100\n|\n|-weather|Snow|[upkeep]\n|upkeep\n|turn|5\n|\n|t:|1731613410\n|switch|p1b: Annihilape|Annihilape, L50, F, tera:Water|92\/100\n|move|p2b: Ninetales|Freeze-Dry|p1b: Annihilape\n|-supereffective|p1b: Annihilape\n|-damage|p1b: Annihilape|55\/100\n|move|p1a: Glimmora|Sludge Bomb|p2b: Ninetales\n|-supereffective|p2b: Ninetales\n|-damage|p2b: Ninetales|24\/100\n|move|p2a: Ursaluna|Earth Power|p1a: Glimmora\n|-supereffective|p1a: Glimmora\n|-damage|p1a: Glimmora|0 fnt\n|faint|p1a: Glimmora\n|\n|-weather|none\n|upkeep\n|\n|t:|1731613422\n|switch|p1a: Maushold|Maushold, L50|36\/100\n|turn|6\n|\n|t:|1731613433\n|move|p1a: Maushold|Protect|p1a: Maushold\n|-singleturn|p1a: Maushold|Protect\n|move|p2b: Ninetales|Freeze-Dry|p1b: Annihilape\n|-supereffective|p1b: Annihilape\n|-damage|p1b: Annihilape|31\/100\n|-enditem|p1b: Annihilape|Sitrus Berry|[eat]\n|-heal|p1b: Annihilape|56\/100|[from] item: Sitrus Berry\n|move|p1b: Annihilape|Drain Punch|p2b: Ninetales\n|-damage|p2b: Ninetales|0 fnt\n|-heal|p1b: Annihilape|66\/100|[from] drain|[of] p2b: Ninetales\n|faint|p2b: Ninetales\n|move|p2a: Ursaluna|Hyper Voice|p1b: Annihilape|[spread] p1b\n|-activate|p1a: Maushold|move: Protect\n|-damage|p1b: Annihilape|40\/100\n|\n|upkeep\n|\n|t:|1731613452\n|switch|p2b: Dragonite|Dragonite, L50, M|100\/100\n|turn|7\n|inactive|googer315 has 30 seconds left.\n|inactive|googer315 has 20 seconds left.\n|\n|t:|1731613489\n|move|p1a: Maushold|Follow Me|p1a: Maushold\n|-singleturn|p1a: Maushold|move: Follow Me\n|move|p2b: Dragonite|Scale Shot|p1a: Maushold|[miss]\n|-miss|p2b: Dragonite|p1a: Maushold\n|move|p1b: Annihilape|Rage Fist|p2b: Dragonite\n|-damage|p2b: Dragonite|60\/100\n|move|p2a: Ursaluna|Blood Moon|p1a: Maushold\n|-damage|p1a: Maushold|0 fnt\n|faint|p1a: Maushold\n|\n|upkeep\n|turn|8\n|\n|t:|1731613506\n|move|p2b: Dragonite|Extreme Speed|p1b: Annihilape\n|-damage|p1b: Annihilape|12\/100\n|move|p1b: Annihilape|Rage Fist|p2b: Dragonite\n|-damage|p2b: Dragonite|0 fnt\n|faint|p2b: Dragonite\n|move|p2a: Ursaluna|Hyper Voice|p1b: Annihilape\n|-damage|p1b: Annihilape|0 fnt\n|faint|p1b: Annihilape\n|\n|win|Snorlax Double\n|raw|googer315's rating: 1753 &rarr; <strong>1727<\/strong><br \/>(-26 for losing)\n|raw|Snorlax Double's rating: 1648 &rarr; <strong>1674<\/strong><br \/>(+26 for winning)\n|l|\u2606googer315\n|player|p1|\n|l|\u2606Snorlax Double\n|player|p2|\n","uploadtime":1731613730,"views":20,"formatid":"gen9vgc2024regh","rating":1674,"private":0,"password":null}