{"id":"gen9vgc2024regh-2243132519","format":"[Gen 9] VGC 2024 Reg H","players":["VGCLTH Slow","gw_8941"],"log":"|raw|<div class=\"broadcast-blue\"><strong>This battle is required to be public due to a player having a name starting with 'vgclth'.<\/div>\n|j|\u2606VGCLTH Slow\n|j|\u2606gw_8941\n|t:|1731514981\n|gametype|doubles\n|player|p1|VGCLTH Slow|skier|1705\n|player|p2|gw_8941|hilbert-wonderlauncher|1725\n|teamsize|p1|6\n|teamsize|p2|6\n|gen|9\n|tier|[Gen 9] VGC 2024 Reg H\n|rated|\n|rule|Species Clause: Limit one of each Pok\u00e9mon\n|rule|Item Clause: Limit 1 of each item\n|clearpoke\n|poke|p1|Sableye, L50, M|\n|poke|p1|Sylveon, L50, M|\n|poke|p1|Archaludon, L50, F|\n|poke|p1|Volcarona, L50, F|\n|poke|p1|Rillaboom, L50, F|\n|poke|p1|Tauros-Paldea-Aqua, L50, M|\n|poke|p2|Dondozo, L50, M|\n|poke|p2|Tatsugiri, L50, M|\n|poke|p2|Rillaboom, L50, M|\n|poke|p2|Sneasler, L50, F|\n|poke|p2|Kingambit, L50, F|\n|poke|p2|Glimmora, L50, F|\n|teampreview|4\n|inactive|Battle timer is ON: inactive players will automatically lose when time's up. (requested by gw_8941)\nVGCLTH Slow has agreed to open team sheets.\n|j| elonmasksex\n|inactive|VGCLTH Slow has 60 seconds left.\n|\n|t:|1731515012\n|start\n|switch|p1a: Bullshifu|Tauros-Paldea-Aqua, L50, M, shiny|100\/100\n|switch|p1b: Forklift Certified|Archaludon, L50, F, shiny|100\/100\n|switch|p2a: Glimmora|Glimmora, L50, F|100\/100\n|switch|p2b: Rillaboom|Rillaboom, L50, M|100\/100\n|-ability|p1a: Bullshifu|Intimidate|boost\n|-unboost|p2a: Glimmora|atk|1\n|-unboost|p2b: Rillaboom|atk|1\n|-fieldstart|move: Grassy Terrain|[from] ability: Grassy Surge|[of] p2b: Rillaboom\n|turn|1\n|l| elonmasksex\n|\n|t:|1731515035\n|move|p1a: Bullshifu|Protect|p1a: Bullshifu\n|-singleturn|p1a: Bullshifu|Protect\n|move|p2a: Glimmora|Spiky Shield|p2a: Glimmora\n|-singleturn|p2a: Glimmora|move: Protect\n|move|p1b: Forklift Certified|Flash Cannon|p2a: Glimmora\n|-activate|p2a: Glimmora|move: Protect\n|move|p2b: Rillaboom|Wood Hammer|p1a: Bullshifu\n|-activate|p1a: Bullshifu|move: Protect\n|\n|upkeep\n|turn|2\n|inactive|gw_8941 has 30 seconds left.\n|inactive|VGCLTH Slow has 30 seconds left.\n|\n|t:|1731515074\n|switch|p1a: Snowblind|Sableye, L50, M|100\/100\n|-terastallize|p2a: Glimmora|Grass\n|move|p1b: Forklift Certified|Protect|p1b: Forklift Certified\n|-singleturn|p1b: Forklift Certified|Protect\n|move|p2a: Glimmora|Meteor Beam||[still]\n|-prepare|p2a: Glimmora|Meteor Beam\n|-boost|p2a: Glimmora|spa|1\n|-enditem|p2a: Glimmora|Power Herb\n|-anim|p2a: Glimmora|Meteor Beam|p1a: Snowblind\n|-damage|p1a: Snowblind|0 fnt\n|faint|p1a: Snowblind\n|move|p2b: Rillaboom|Wood Hammer|p1b: Forklift Certified\n|-activate|p1b: Forklift Certified|move: Protect\n|\n|upkeep\n|\n|t:|1731515092\n|switch|p1a: Bullshifu|Tauros-Paldea-Aqua, L50, M, shiny|100\/100\n|-ability|p1a: Bullshifu|Intimidate|boost\n|-unboost|p2a: Glimmora|atk|1\n|-unboost|p2b: Rillaboom|atk|1\n|turn|3\n|\n|t:|1731515110\n|move|p2b: Rillaboom|Grassy Glide|p1b: Forklift Certified\n|-resisted|p1b: Forklift Certified\n|-damage|p1b: Forklift Certified|97\/100\n|move|p1a: Bullshifu|Close Combat|p2b: Rillaboom\n|-damage|p2b: Rillaboom|53\/100\n|-unboost|p1a: Bullshifu|def|1\n|-unboost|p1a: Bullshifu|spd|1\n|move|p2a: Glimmora|Earth Power|p1b: Forklift Certified\n|-supereffective|p1b: Forklift Certified\n|-damage|p1b: Forklift Certified|0 fnt\n|faint|p1b: Forklift Certified\n|\n|-heal|p2b: Rillaboom|58\/100|[from] Grassy Terrain\n|upkeep\n|\n|t:|1731515115\n|switch|p1b: Koko The Gorythmic|Rillaboom, L50, F|100\/100\n|turn|4\n|\n|t:|1731515131\n|move|p2a: Glimmora|Spiky Shield|p2a: Glimmora\n|-singleturn|p2a: Glimmora|move: Protect\n|move|p1b: Koko The Gorythmic|Fake Out|p2b: Rillaboom\n|-damage|p2b: Rillaboom|44\/100\n|move|p1a: Bullshifu|Close Combat|p2b: Rillaboom\n|-damage|p2b: Rillaboom|0 fnt\n|-unboost|p1a: Bullshifu|def|1\n|-unboost|p1a: Bullshifu|spd|1\n|faint|p2b: Rillaboom\n|\n|upkeep\n|\n|t:|1731515136\n|switch|p2b: Dondozo|Dondozo, L50, M|100\/100\n|turn|5\n|inactive|VGCLTH Slow has 30 seconds left.\n|\n|t:|1731515162\n|-terastallize|p1a: Bullshifu|Steel\n|move|p2b: Dondozo|Protect|p2b: Dondozo\n|-singleturn|p2b: Dondozo|Protect\n|move|p1a: Bullshifu|Close Combat|p2a: Glimmora\n|-damage|p2a: Glimmora|33\/100\n|-unboost|p1a: Bullshifu|def|1\n|-unboost|p1a: Bullshifu|spd|1\n|-activate|p2a: Glimmora|ability: Toxic Debris\n|-sidestart|p1: VGCLTH Slow|move: Toxic Spikes\n|move|p2a: Glimmora|Sludge Bomb|p1a: Bullshifu\n|-immune|p1a: Bullshifu\n|move|p1b: Koko The Gorythmic|Wood Hammer|p2a: Glimmora\n|-resisted|p2a: Glimmora\n|-damage|p2a: Glimmora|0 fnt\n|-activate|p2a: Glimmora|ability: Toxic Debris\n|-sidestart|p1: VGCLTH Slow|move: Toxic Spikes\n|faint|p2a: Glimmora\n|-damage|p1b: Koko The Gorythmic|92\/100|[from] Recoil\n|\n|-heal|p1b: Koko The Gorythmic|98\/100|[from] Grassy Terrain\n|-fieldend|move: Grassy Terrain\n|upkeep\n|\n|t:|1731515167\n|switch|p2a: Tatsugiri|Tatsugiri, L50, M|100\/100\n|-activate|p2a: Tatsugiri|ability: Commander|[of] p2b: Dondozo\n|-boost|p2b: Dondozo|atk|2\n|-boost|p2b: Dondozo|spa|2\n|-boost|p2b: Dondozo|spe|2\n|-boost|p2b: Dondozo|def|2\n|-boost|p2b: Dondozo|spd|2\n|-enditem|p1a: Bullshifu|Mirror Herb\n|-boost|p1a: Bullshifu|atk|2|[from] item: Mirror Herb\n|-boost|p1a: Bullshifu|spa|2|[from] item: Mirror Herb\n|-boost|p1a: Bullshifu|spe|2|[from] item: Mirror Herb\n|-boost|p1a: Bullshifu|def|2|[from] item: Mirror Herb\n|-boost|p1a: Bullshifu|spd|2|[from] item: Mirror Herb\n|turn|6\n|\n|t:|1731515182\n|move|p1a: Bullshifu|Close Combat|p2b: Dondozo\n|-damage|p2b: Dondozo|81\/100\n|-unboost|p1a: Bullshifu|def|1\n|-unboost|p1a: Bullshifu|spd|1\n|move|p2b: Dondozo|Wave Crash|p1a: Bullshifu\n|-damage|p1a: Bullshifu|0 fnt\n|faint|p1a: Bullshifu\n|-damage|p2b: Dondozo|60\/100|[from] Recoil\n|move|p1b: Koko The Gorythmic|Wood Hammer|p2b: Dondozo\n|-supereffective|p2b: Dondozo\n|-damage|p2b: Dondozo|20\/100\n|-damage|p1b: Koko The Gorythmic|82\/100|[from] Recoil\n|\n|-heal|p2b: Dondozo|26\/100|[from] item: Leftovers\n|upkeep\n|turn|7\n|\n|t:|1731515188\n|move|p2b: Dondozo|Protect|p2b: Dondozo\n|-singleturn|p2b: Dondozo|Protect\n|move|p1b: Koko The Gorythmic|Wood Hammer|p2b: Dondozo\n|-activate|p2b: Dondozo|move: Protect\n|\n|-heal|p2b: Dondozo|32\/100|[from] item: Leftovers\n|upkeep\n|turn|8\n|\n|t:|1731515197\n|move|p2b: Dondozo|Heavy Slam|p1b: Koko The Gorythmic\n|-damage|p1b: Koko The Gorythmic|52\/100\n|move|p1b: Koko The Gorythmic|Wood Hammer|p2b: Dondozo\n|-supereffective|p2b: Dondozo\n|-damage|p2b: Dondozo|0 fnt\n|faint|p2b: Dondozo\n|-damage|p1b: Koko The Gorythmic|40\/100|[from] Recoil\n|\n|upkeep\n|turn|9\n|\n|t:|1731515201\n|move|p2a: Tatsugiri|Draco Meteor|p1b: Koko The Gorythmic\n|-damage|p1b: Koko The Gorythmic|0 fnt\n|-unboost|p2a: Tatsugiri|spa|2\n|faint|p1b: Koko The Gorythmic\n|\n|win|gw_8941\n|raw|VGCLTH Slow's rating: 1705 &rarr; <strong>1686<\/strong><br \/>(-19 for losing)\n|raw|gw_8941's rating: 1725 &rarr; <strong>1744<\/strong><br \/>(+19 for winning)\n|l|\u2606gw_8941\n|player|p2|\n|l|\u2606VGCLTH Slow\n|player|p1|\n","uploadtime":1731515206,"views":18,"formatid":"gen9vgc2024regh","rating":1686,"private":0,"password":null}