{"id":"gen9vgc2024regh-2243084408","format":"[Gen 9] VGC 2024 Reg H","players":["VGCLTH Cuwutie","Delightl"],"log":"|raw|<div class=\"broadcast-blue\"><strong>This battle is required to be public due to a player having a name starting with 'vgclth'.<\/div>\n|j|\u2606VGCLTH Cuwutie\n|j|\u2606Delightl\n|t:|1731510217\n|gametype|doubles\n|player|p1|VGCLTH Cuwutie|102|1736\n|player|p2|Delightl|unknownf|1745\n|teamsize|p1|6\n|teamsize|p2|6\n|gen|9\n|tier|[Gen 9] VGC 2024 Reg H\n|rated|\n|rule|Species Clause: Limit one of each Pok\u00e9mon\n|rule|Item Clause: Limit 1 of each item\n|clearpoke\n|poke|p1|Smeargle, L50, F|\n|poke|p1|Muk-Alola, L50, F|\n|poke|p1|Dondozo, L50, M|\n|poke|p1|Tatsugiri, L50, M|\n|poke|p1|Gothitelle, L50, F|\n|poke|p1|Flamigo, L50, M|\n|poke|p2|Amoonguss, L50, M|\n|poke|p2|Incineroar, L50, F|\n|poke|p2|Volcarona, L50, M|\n|poke|p2|Dragapult, L50, M|\n|poke|p2|Kingambit, L50, F|\n|poke|p2|Primarina, L50, M|\n|teampreview|4\n|j| stewpeed\n|inactive|Battle timer is ON: inactive players will automatically lose when time's up. (requested by Delightl)\n|\n|t:|1731510240\n|start\n|switch|p1a: Smeargle|Smeargle, L50, F|100\/100\n|switch|p1b: Gothitelle|Gothitelle, L50, F|100\/100\n|switch|p2a: Amoonguss|Amoonguss, L50, M|100\/100\n|switch|p2b: Incineroar|Incineroar, L50, F|100\/100\n|-ability|p2b: Incineroar|Intimidate|boost\n|-unboost|p1a: Smeargle|atk|1\n|-unboost|p1b: Gothitelle|atk|1\n|turn|1\n|j| DonShitDozo\n|\n|t:|1731510254\n|-terastallize|p1a: Smeargle|Ghost\n|move|p1b: Gothitelle|Fake Out|p2a: Amoonguss\n|-damage|p2a: Amoonguss|97\/100\n|move|p1a: Smeargle|Perish Song|p1a: Smeargle\n|-start|p1a: Smeargle|perish3|[silent]\n|-start|p1b: Gothitelle|perish3|[silent]\n|-start|p2a: Amoonguss|perish3|[silent]\n|-start|p2b: Incineroar|perish3|[silent]\n|-fieldactivate|move: Perish Song\n|move|p2b: Incineroar|Knock Off|p1b: Gothitelle\n|-supereffective|p1b: Gothitelle\n|-damage|p1b: Gothitelle|33\/100\n|-enditem|p1b: Gothitelle|Sitrus Berry|[from] move: Knock Off|[of] p2b: Incineroar\n|cant|p2a: Amoonguss|flinch\n|\n|-start|p1a: Smeargle|perish3\n|-start|p2b: Incineroar|perish3\n|-start|p1b: Gothitelle|perish3\n|-start|p2a: Amoonguss|perish3\n|-ability|p1a: Smeargle|Moody|boost\n|-boost|p1a: Smeargle|atk|2\n|-unboost|p1a: Smeargle|def|1\n|upkeep\n|turn|2\n|\n|t:|1731510267\n|move|p1a: Smeargle|Follow Me|p1a: Smeargle\n|-singleturn|p1a: Smeargle|move: Follow Me\n|move|p2b: Incineroar|Parting Shot|p1a: Smeargle\n|-unboost|p1a: Smeargle|atk|1\n|-unboost|p1a: Smeargle|spa|1\n|\n|t:|1731510274\n|switch|p2b: Primarina|Primarina, L50, M|100\/100|[from] Parting Shot\n|move|p1b: Gothitelle|Taunt|p2b: Primarina\n|-start|p2b: Primarina|move: Taunt\n|move|p2a: Amoonguss|Spore|p1a: Smeargle\n|-status|p1a: Smeargle|slp|[from] move: Spore\n|\n|-start|p1a: Smeargle|perish2\n|-start|p1b: Gothitelle|perish2\n|-start|p2a: Amoonguss|perish2\n|-ability|p1a: Smeargle|Moody|boost\n|-boost|p1a: Smeargle|spa|2\n|-unboost|p1a: Smeargle|def|1\n|upkeep\n|turn|3\n|\n|t:|1731510287\n|switch|p1a: Muk|Muk-Alola, L50, F|100\/100\n|move|p1b: Gothitelle|Protect|p1b: Gothitelle\n|-singleturn|p1b: Gothitelle|Protect\n|move|p2b: Primarina|Hyper Voice|p1b: Gothitelle|[spread] p1a\n|-activate|p1b: Gothitelle|move: Protect\n|-damage|p1a: Muk|66\/100\n|-damage|p2b: Primarina|91\/100|[from] item: Life Orb\n|move|p2a: Amoonguss|Pollen Puff|p1a: Muk\n|-damage|p1a: Muk|52\/100\n|\n|-heal|p1a: Muk|58\/100|[from] item: Leftovers\n|-start|p1b: Gothitelle|perish1\n|-start|p2a: Amoonguss|perish1\n|upkeep\n|turn|4\n|j| Trumpwonbro\n|\n|t:|1731510302\n|switch|p1b: Smeargle|Smeargle, L50, F, tera:Ghost|100\/100 slp\n|move|p1a: Muk|Protect|p1a: Muk\n|-singleturn|p1a: Muk|Protect\n|move|p2b: Primarina|Hyper Voice|p1b: Smeargle|[spread] p1b\n|-activate|p1a: Muk|move: Protect\n|-enditem|p1b: Smeargle|Focus Sash\n|-damage|p1b: Smeargle|1\/100 slp\n|-damage|p2b: Primarina|81\/100|[from] item: Life Orb\n|move|p2a: Amoonguss|Spore|p1a: Muk\n|-activate|p1a: Muk|move: Protect\n|\n|-heal|p1a: Muk|64\/100|[from] item: Leftovers\n|-end|p2b: Primarina|move: Taunt\n|-start|p2a: Amoonguss|perish0\n|-ability|p1b: Smeargle|Moody|boost\n|-boost|p1b: Smeargle|def|2\n|-unboost|p1b: Smeargle|spd|1\n|faint|p2a: Amoonguss\n|upkeep\n|\n|t:|1731510307\n|switch|p2a: Volcarona|Volcarona, L50, M, shiny|100\/100\n|turn|5\n|\n|t:|1731510317\n|cant|p1b: Smeargle|slp\n|move|p2a: Volcarona|Heat Wave|p1b: Smeargle|[spread] p1a,p1b\n|-damage|p1a: Muk|40\/100\n|-damage|p1b: Smeargle|0 fnt\n|faint|p1b: Smeargle\n|-ability|p1a: Muk|Moody|[from] ability: Power of Alchemy|[of] p1b: Smeargle\n|move|p2b: Primarina|Hyper Voice|p1a: Muk\n|-crit|p1a: Muk\n|-damage|p1a: Muk|0 fnt\n|faint|p1a: Muk\n|-damage|p2b: Primarina|72\/100|[from] item: Life Orb\n|\n|upkeep\n|\n|t:|1731510322\n|switch|p1b: Gothitelle|Gothitelle, L50, F|33\/100\n|switch|p1a: Flamigo|Flamigo, L50, M|100\/100\n|-copyboost|p1a: Flamigo|p1b: Gothitelle|[from] ability: Costar\n|turn|6\n|\n|t:|1731510330\n|move|p2a: Volcarona|Protect|p2a: Volcarona\n|-singleturn|p2a: Volcarona|Protect\n|move|p2b: Primarina|Protect|p2b: Primarina\n|-singleturn|p2b: Primarina|Protect\n|move|p1b: Gothitelle|Fake Out|p2b: Primarina\n|-activate|p2b: Primarina|move: Protect\n|move|p1a: Flamigo|Dual Wingbeat|p2a: Volcarona\n|-activate|p2a: Volcarona|move: Protect\n|\n|upkeep\n|turn|7\n|\n|t:|1731510342\n|move|p1a: Flamigo|Dual Wingbeat|p2b: Primarina\n|-damage|p2b: Primarina|42\/100\n|-damage|p2b: Primarina|13\/100\n|-hitcount|p2b: Primarina|2\n|move|p2a: Volcarona|Heat Wave|p1b: Gothitelle|[spread] p1a,p1b\n|-damage|p1a: Flamigo|45\/100\n|-damage|p1b: Gothitelle|4\/100\n|-status|p1a: Flamigo|brn\n|move|p1b: Gothitelle|Heal Pulse|p1a: Flamigo\n|-heal|p1a: Flamigo|95\/100 brn\n|move|p2b: Primarina|Hyper Voice|p1b: Gothitelle|[spread] p1a,p1b\n|-damage|p1a: Flamigo|23\/100 brn\n|-damage|p1b: Gothitelle|0 fnt\n|faint|p1b: Gothitelle\n|-damage|p2b: Primarina|4\/100|[from] item: Life Orb\n|\n|-damage|p1a: Flamigo|17\/100 brn|[from] brn\n|upkeep\n|turn|8\n|-message|VGCLTH Cuwutie forfeited.\n|\n|win|Delightl\n|raw|VGCLTH Cuwutie's rating: 1736 &rarr; <strong>1717<\/strong><br \/>(-19 for losing)\n|raw|Delightl's rating: 1745 &rarr; <strong>1764<\/strong><br \/>(+19 for winning)\n|l|\u2606VGCLTH Cuwutie\n|player|p1|\n|l|\u2606Delightl\n|player|p2|\n|l| DonShitDozo\n|l| Trumpwonbro\n|l| stewpeed\n","uploadtime":1731510618,"views":24,"formatid":"gen9vgc2024regh","rating":1717,"private":0,"password":null}