{"id":"gen9vgc2024regh-2243333881","format":"[Gen 9] VGC 2024 Reg H","players":["VGCLTH SWM","VGCLTH Thacrow"],"log":"|j|\u2606VGCLTH SWM\n|j|\u2606VGCLTH Thacrow\n|t:|1731534479\n|gametype|doubles\n|player|p1|VGCLTH SWM|hugh|1751\n|player|p2|VGCLTH Thacrow|wallace-masters|1774\n|teamsize|p1|6\n|teamsize|p2|6\n|gen|9\n|tier|[Gen 9] VGC 2024 Reg H\n|rated|\n|rule|Species Clause: Limit one of each Pok\u00e9mon\n|rule|Item Clause: Limit 1 of each item\n|clearpoke\n|poke|p1|Pelipper, L50, F|\n|poke|p1|Archaludon, L50, M|\n|poke|p1|Rillaboom, L50, F|\n|poke|p1|Sneasler, L50, F|\n|poke|p1|Incineroar, L50, F|\n|poke|p1|Gholdengo, L50|\n|poke|p2|Ceruledge, L50, M|\n|poke|p2|Gastrodon-East, L50, M|\n|poke|p2|Sneasler, L50, M|\n|poke|p2|Dragonite, L50, M|\n|poke|p2|Rillaboom, L50, F|\n|poke|p2|Kingambit, L50, M|\n|teampreview|4\nVGCLTH Thacrow has agreed to open team sheets.\nVGCLTH SWM has agreed to open team sheets.\n|j| VGCLTH John Pork\n|\n|t:|1731534498\n|start\n|switch|p1a: Sneasler|Sneasler, L50, F|100\/100\n|switch|p1b: Archaludon|Archaludon, L50, M|100\/100\n|switch|p2a: Kidturtle|Sneasler, L50, M, shiny|100\/100\n|switch|p2b: Godlyreal|Kingambit, L50, M|100\/100\n|turn|1\n|\n|t:|1731534512\n|move|p1a: Sneasler|Protect|p1a: Sneasler\n|-singleturn|p1a: Sneasler|Protect\n|move|p1b: Archaludon|Protect|p1b: Archaludon\n|-singleturn|p1b: Archaludon|Protect\n|move|p2a: Kidturtle|Fake Out|p1b: Archaludon\n|-activate|p1b: Archaludon|move: Protect\n|move|p2b: Godlyreal|Iron Head|p1a: Sneasler\n|-activate|p1a: Sneasler|move: Protect\n|\n|upkeep\n|turn|2\n|j| Finabas\n|\n|t:|1731534524\n|switch|p2b: Joe Dog|Gastrodon-East, L50, M|100\/100\n|-terastallize|p1b: Archaludon|Electric\n|move|p2a: Kidturtle|Close Combat|p1b: Archaludon\n|-crit|p1b: Archaludon\n|-damage|p1b: Archaludon|20\/100\n|-unboost|p2a: Kidturtle|def|1\n|-unboost|p2a: Kidturtle|spd|1\n|move|p1a: Sneasler|Close Combat|p2b: Joe Dog\n|-damage|p2b: Joe Dog|39\/100\n|-unboost|p1a: Sneasler|def|1\n|-unboost|p1a: Sneasler|spd|1\n|-enditem|p2b: Joe Dog|Sitrus Berry|[eat]\n|-heal|p2b: Joe Dog|64\/100|[from] item: Sitrus Berry\n|move|p1b: Archaludon|Electro Shot||[still]\n|-prepare|p1b: Archaludon|Electro Shot\n|-boost|p1b: Archaludon|spa|1\n|-enditem|p1b: Archaludon|Power Herb\n|-anim|p1b: Archaludon|Electro Shot|p2b: Joe Dog\n|-immune|p2b: Joe Dog\n|\n|upkeep\n|turn|3\n|j| 2thyfor\n|j| VGCLTH TnB\n|\n|t:|1731534547\n|switch|p1a: Pelipper|Pelipper, L50, F|100\/100\n|-weather|RainDance|[from] ability: Drizzle|[of] p1a: Pelipper\n|move|p1b: Archaludon|Protect|p1b: Archaludon\n|-singleturn|p1b: Archaludon|Protect\n|move|p2a: Kidturtle|Dire Claw|p1b: Archaludon\n|-activate|p1b: Archaludon|move: Protect\n|move|p2b: Joe Dog|Earth Power|p1a: Pelipper\n|-immune|p1a: Pelipper\n|\n|-weather|RainDance|[upkeep]\n|upkeep\n|turn|4\n|\n|t:|1731534565\n|move|p1a: Pelipper|Tailwind|p1a: Pelipper\n|-sidestart|p1: VGCLTH SWM|move: Tailwind\n|move|p1b: Archaludon|Dragon Pulse|p2b: Joe Dog\n|-damage|p2b: Joe Dog|9\/100\n|move|p2a: Kidturtle|Dire Claw|p1b: Archaludon\n|-damage|p1b: Archaludon|0 fnt\n|faint|p1b: Archaludon\n|move|p2b: Joe Dog|Ice Beam|p1a: Pelipper\n|-damage|p1a: Pelipper|63\/100\n|\n|-weather|RainDance|[upkeep]\n|upkeep\n|\n|t:|1731534570\n|switch|p1b: Incineroar|Incineroar, L50, F|100\/100\n|-ability|p1b: Incineroar|Intimidate|boost\n|-unboost|p2a: Kidturtle|atk|1\n|-unboost|p2b: Joe Dog|atk|1\n|turn|5\n|\n|t:|1731534576\n|switch|p1a: Sneasler|Sneasler, L50, F|100\/100\n|-terastallize|p2a: Kidturtle|Ghost\n|move|p2a: Kidturtle|Close Combat|p1b: Incineroar\n|-supereffective|p1b: Incineroar\n|-damage|p1b: Incineroar|29\/100\n|-unboost|p2a: Kidturtle|def|1\n|-unboost|p2a: Kidturtle|spd|1\n|move|p1b: Incineroar|Knock Off|p2b: Joe Dog\n|-damage|p2b: Joe Dog|0 fnt\n|faint|p2b: Joe Dog\n|\n|-weather|RainDance|[upkeep]\n|upkeep\n|\n|t:|1731534579\n|switch|p2b: Main Flutter|Dragonite, L50, M, shiny|100\/100\n|turn|6\n|\n|t:|1731534605\n|move|p1a: Sneasler|Dire Claw|p2b: Main Flutter\n|-damage|p2b: Main Flutter|77\/100\n|-status|p2b: Main Flutter|psn\n|move|p2a: Kidturtle|Close Combat|p1b: Incineroar\n|-supereffective|p1b: Incineroar\n|-damage|p1b: Incineroar|0 fnt\n|-unboost|p2a: Kidturtle|def|1\n|-unboost|p2a: Kidturtle|spd|1\n|faint|p1b: Incineroar\n|move|p2b: Main Flutter|Scale Shot|p1a: Sneasler\n|-crit|p1a: Sneasler\n|-damage|p1a: Sneasler|66\/100\n|-damage|p1a: Sneasler|41\/100\n|-damage|p1a: Sneasler|14\/100\n|-crit|p1a: Sneasler\n|-damage|p1a: Sneasler|0 fnt\n|faint|p1a: Sneasler\n|-hitcount|p1: Sneasler|4\n|-unboost|p2b: Main Flutter|def|1\n|-boost|p2b: Main Flutter|spe|1\n|\n|-weather|RainDance|[upkeep]\n|-damage|p2b: Main Flutter|65\/100 psn|[from] psn\n|upkeep\n|\n|t:|1731534610\n|switch|p1b: Pelipper|Pelipper, L50, F|63\/100\n|turn|7\n|\n|t:|1731534615\n|move|p2b: Main Flutter|Extreme Speed|p1b: Pelipper\n|-damage|p1b: Pelipper|21\/100\n|move|p1b: Pelipper|Muddy Water|p2a: Kidturtle|[spread] p2a,p2b\n|-resisted|p2b: Main Flutter\n|-enditem|p2a: Kidturtle|Focus Sash\n|-damage|p2a: Kidturtle|1\/100\n|-damage|p2b: Main Flutter|44\/100 psn\n|-unboost|p2a: Kidturtle|accuracy|1\n|move|p2a: Kidturtle|Dire Claw|p1b: Pelipper\n|-damage|p1b: Pelipper|0 fnt\n|faint|p1b: Pelipper\n|\n|win|VGCLTH Thacrow\n|raw|VGCLTH SWM's rating: 1751 &rarr; <strong>1732<\/strong><br \/>(-19 for losing)\n|raw|VGCLTH Thacrow's rating: 1774 &rarr; <strong>1793<\/strong><br \/>(+19 for winning)\n|l|\u2606VGCLTH Thacrow\n|player|p2|\n|c|\u2606VGCLTH SWM|gg\n|l|\u2606VGCLTH SWM\n|player|p1|\n|l| Finabas\n","uploadtime":1731534639,"views":21,"formatid":"gen9vgc2024regh","rating":1732,"private":0,"password":null}