{"id":"gen9vgc2024regh-2243764242","format":"[Gen 9] VGC 2024 Reg H","players":["VGCLTH 2thyfor","pokequimico"],"log":"|raw|<div class=\"broadcast-blue\"><strong>This battle is required to be public due to a player having a name starting with 'vgclth'.<\/div>\n|j|\u2606VGCLTH 2thyfor\n|j|\u2606pokequimico\n|t:|1731596845\n|gametype|doubles\n|player|p1|VGCLTH 2thyfor|emmet|1736\n|player|p2|pokequimico|lucas|1646\n|teamsize|p1|6\n|teamsize|p2|6\n|gen|9\n|tier|[Gen 9] VGC 2024 Reg H\n|rated|\n|rule|Species Clause: Limit one of each Pok\u00e9mon\n|rule|Item Clause: Limit 1 of each item\n|clearpoke\n|poke|p1|Ursaluna-Bloodmoon, L50, M|\n|poke|p1|Talonflame, L50, F|\n|poke|p1|Gholdengo, L50|\n|poke|p1|Dragonite, L50, F|\n|poke|p1|Sneasler, L50, F|\n|poke|p1|Dondozo, L50, M|\n|poke|p2|Rillaboom, L50, F|\n|poke|p2|Kingambit, L50, M|\n|poke|p2|Sneasler, L50, M|\n|poke|p2|Dragonite, L50, M|\n|poke|p2|Volcarona, L50, M|\n|poke|p2|Electabuzz, L50, F|\n|teampreview|4\n|inactive|Battle timer is ON: inactive players will automatically lose when time's up. (requested by VGCLTH 2thyfor)\n|inactive|VGCLTH 2thyfor has 60 seconds left.\n|\n|t:|1731596898\n|start\n|switch|p1a: Talonflame|Talonflame, L50, F|100\/100\n|switch|p1b: Gholdengo|Gholdengo, L50|100\/100\n|switch|p2a: Electabuzz|Electabuzz, L50, F|100\/100\n|switch|p2b: Dragonite|Dragonite, L50, M|100\/100\n|turn|1\n|inactive|pokequimico has 30 seconds left.\n|\n|t:|1731596928\n|-terastallize|p1b: Gholdengo|Steel\n|move|p2b: Dragonite|Protect|p2b: Dragonite\n|-singleturn|p2b: Dragonite|Protect\n|move|p1a: Talonflame|Taunt|p2a: Electabuzz\n|-start|p2a: Electabuzz|move: Taunt\n|move|p1b: Gholdengo|Make It Rain|p2a: Electabuzz|[spread] p2a\n|-activate|p2b: Dragonite|move: Protect\n|-resisted|p2a: Electabuzz\n|-damage|p2a: Electabuzz|61\/100\n|-unboost|p1b: Gholdengo|spa|1\n|move|p2a: Electabuzz|Thunderbolt|p1a: Talonflame\n|-supereffective|p1a: Talonflame\n|-damage|p1a: Talonflame|0 fnt\n|faint|p1a: Talonflame\n|\n|upkeep\n|\n|t:|1731596949\n|switch|p1a: Ursaluna|Ursaluna-Bloodmoon, L50, M|100\/100\n|turn|2\n|\n|t:|1731596961\n|switch|p2b: Volcarona|Volcarona, L50, M|100\/100\n|move|p1b: Gholdengo|Make It Rain|p2b: Volcarona|[spread] p2a,p2b\n|-resisted|p2a: Electabuzz\n|-resisted|p2b: Volcarona\n|-damage|p2a: Electabuzz|39\/100\n|-damage|p2b: Volcarona|70\/100\n|-unboost|p1b: Gholdengo|spa|1\n|move|p2a: Electabuzz|Thunderbolt|p1b: Gholdengo\n|-damage|p1b: Gholdengo|64\/100\n|move|p1a: Ursaluna|Hyper Voice|p2b: Volcarona|[spread] p2a,p2b\n|-damage|p2a: Electabuzz|2\/100\n|-damage|p2b: Volcarona|18\/100\n|-damage|p1a: Ursaluna|91\/100|[from] item: Life Orb\n|\n|-heal|p2b: Volcarona|24\/100|[from] item: Leftovers\n|upkeep\n|turn|3\n|\n|t:|1731596979\n|move|p2b: Volcarona|Protect|p2b: Volcarona\n|-singleturn|p2b: Volcarona|Protect\n|move|p1b: Gholdengo|Make It Rain|p2b: Volcarona|[spread] p2a\n|-activate|p2b: Volcarona|move: Protect\n|-resisted|p2a: Electabuzz\n|-damage|p2a: Electabuzz|0 fnt\n|-unboost|p1b: Gholdengo|spa|1\n|faint|p2a: Electabuzz\n|move|p1a: Ursaluna|Hyper Voice|p2b: Volcarona\n|-activate|p2b: Volcarona|move: Protect\n|\n|-heal|p2b: Volcarona|30\/100|[from] item: Leftovers\n|upkeep\n|\n|t:|1731596990\n|switch|p2a: Sneasler|Sneasler, L50, M|100\/100\n|turn|4\n|\n|t:|1731597007\n|switch|p1b: Sneasler|Sneasler, L50, F|100\/100\n|move|p1a: Ursaluna|Protect|p1a: Ursaluna\n|-singleturn|p1a: Ursaluna|Protect\n|move|p2a: Sneasler|Close Combat|p1a: Ursaluna\n|-activate|p1a: Ursaluna|move: Protect\n|move|p2b: Volcarona|Heat Wave|p1b: Sneasler|[spread] p1b\n|-activate|p1a: Ursaluna|move: Protect\n|-damage|p1b: Sneasler|53\/100\n|\n|-heal|p2b: Volcarona|36\/100|[from] item: Leftovers\n|upkeep\n|turn|5\n|inactive|VGCLTH 2thyfor has 30 seconds left.\n|inactive|VGCLTH 2thyfor has 20 seconds left.\n|inactive|VGCLTH 2thyfor has 15 seconds left.\n|inactive|VGCLTH 2thyfor has 10 seconds left.\n|\n|t:|1731597053\n|-terastallize|p2a: Sneasler|Ghost\n|move|p1b: Sneasler|Dire Claw|p2a: Sneasler\n|-resisted|p2a: Sneasler\n|-damage|p2a: Sneasler|67\/100\n|-status|p2a: Sneasler|psn|[from] ability: Poison Touch|[of] p1b: Sneasler\n|move|p2a: Sneasler|Close Combat|p1a: Ursaluna\n|-supereffective|p1a: Ursaluna\n|-damage|p1a: Ursaluna|0 fnt\n|-unboost|p2a: Sneasler|def|1\n|-unboost|p2a: Sneasler|spd|1\n|faint|p1a: Ursaluna\n|move|p2b: Volcarona|Heat Wave|p1b: Sneasler\n|-damage|p1b: Sneasler|0 fnt\n|faint|p1b: Sneasler\n|\n|-heal|p2b: Volcarona|42\/100|[from] item: Leftovers\n|-damage|p2a: Sneasler|55\/100 psn|[from] psn\n|upkeep\n|\n|t:|1731597055\n|switch|p1b: Gholdengo|Gholdengo, L50, tera:Steel|64\/100\n|turn|6\n|-message|VGCLTH 2thyfor forfeited.\n|\n|win|pokequimico\n|raw|VGCLTH 2thyfor's rating: 1736 &rarr; <strong>1711<\/strong><br \/>(-25 for losing)\n|raw|pokequimico's rating: 1646 &rarr; <strong>1671<\/strong><br \/>(+25 for winning)\n|l|\u2606VGCLTH 2thyfor\n|player|p1|\n|l|\u2606pokequimico\n|player|p2|\n","uploadtime":1731597221,"views":20,"formatid":"gen9vgc2024regh","rating":1671,"private":0,"password":null}