{"id":"gen9vgc2024regh-2243826267","format":"[Gen 9] VGC 2024 Reg H","players":["pescatora2","VGCLTH Rishi"],"log":"|raw|<div class=\"broadcast-blue\"><strong>This battle is required to be public due to a player having a name starting with 'vgclth'.<\/div>\n|j|\u2606pescatora2\n|j|\u2606VGCLTH Rishi\n|t:|1731602884\n|gametype|doubles\n|player|p1|pescatora2|lucas|1753\n|player|p2|VGCLTH Rishi|shauntal|1860\n|teamsize|p1|6\n|teamsize|p2|6\n|gen|9\n|tier|[Gen 9] VGC 2024 Reg H\n|rated|\n|rule|Species Clause: Limit one of each Pok\u00e9mon\n|rule|Item Clause: Limit 1 of each item\n|clearpoke\n|poke|p1|Gholdengo, L50|\n|poke|p1|Dragonite, L50, M|\n|poke|p1|Ursaluna-Bloodmoon, L50, M|\n|poke|p1|Sneasler, L50, F|\n|poke|p1|Incineroar, L50, M|\n|poke|p1|Rillaboom, L50, M|\n|poke|p2|Kommo-o, L50, F|\n|poke|p2|Rillaboom, L50, F|\n|poke|p2|Tyranitar, L50, M|\n|poke|p2|Talonflame, L50, M|\n|poke|p2|Gholdengo, L50|\n|poke|p2|Milotic, L50, M|\n|teampreview|4\n|inactive|Battle timer is ON: inactive players will automatically lose when time's up. (requested by VGCLTH Rishi)\n|\n|t:|1731602918\n|start\n|switch|p1a: Gholdengo|Gholdengo, L50|100\/100\n|switch|p1b: Dragonite|Dragonite, L50, M|100\/100\n|switch|p2a: Milotic|Milotic, L50, M|100\/100\n|switch|p2b: Talonflame|Talonflame, L50, M|100\/100\n|turn|1\n|\n|t:|1731602940\n|move|p2b: Talonflame|Tailwind|p2b: Talonflame\n|-sidestart|p2: VGCLTH Rishi|move: Tailwind\n|move|p2a: Milotic|Scald|p1b: Dragonite\n|-resisted|p1b: Dragonite\n|-damage|p1b: Dragonite|90\/100\n|move|p1a: Gholdengo|Trick|p2a: Milotic\n|-activate|p1a: Gholdengo|move: Trick|[of] p2a: Milotic\n|-item|p2a: Milotic|Choice Scarf|[from] move: Trick\n|-item|p1a: Gholdengo|Sitrus Berry|[from] move: Trick\n|move|p1b: Dragonite|Scale Shot|p2b: Talonflame\n|-damage|p2b: Talonflame|79\/100\n|-damage|p2b: Talonflame|55\/100\n|-crit|p2b: Talonflame\n|-damage|p2b: Talonflame|23\/100\n|-damage|p2b: Talonflame|0 fnt\n|faint|p2b: Talonflame\n|-hitcount|p2: Talonflame|4\n|-unboost|p1b: Dragonite|def|1\n|-boost|p1b: Dragonite|spe|1\n|\n|upkeep\n|\n|t:|1731602955\n|switch|p2b: Tyranitar|Tyranitar, L50, M|100\/100\n|-weather|Sandstorm|[from] ability: Sand Stream|[of] p2b: Tyranitar\n|turn|2\n|j| vgclth souly\n|inactive|pescatora2 has 30 seconds left.\n|inactive|pescatora2 has 20 seconds left.\n|inactive|pescatora2 has 15 seconds left.\n|\n|t:|1731602997\n|move|p1b: Dragonite|Protect|p1b: Dragonite\n|-singleturn|p1b: Dragonite|Protect\n|move|p2a: Milotic|Ice Beam|p1b: Dragonite\n|-activate|p1b: Dragonite|move: Protect\n|move|p2b: Tyranitar|Knock Off|p1a: Gholdengo\n|-supereffective|p1a: Gholdengo\n|-damage|p1a: Gholdengo|0 fnt\n|-enditem|p1a: Gholdengo|Sitrus Berry|[from] move: Knock Off|[of] p2b: Tyranitar\n|faint|p1a: Gholdengo\n|\n|-weather|Sandstorm|[upkeep]\n|-damage|p2a: Milotic|94\/100|[from] Sandstorm\n|-damage|p1b: Dragonite|84\/100|[from] Sandstorm\n|upkeep\n|\n|t:|1731603015\n|switch|p1a: Incineroar|Incineroar, L50, M|100\/100\n|-ability|p1a: Incineroar|Intimidate|boost\n|-unboost|p2a: Milotic|atk|1\n|-ability|p2a: Milotic|Competitive|boost\n|-boost|p2a: Milotic|spa|2\n|-unboost|p2b: Tyranitar|atk|1\n|turn|3\n|\n|t:|1731603027\n|-terastallize|p1b: Dragonite|Fairy\n|-terastallize|p2b: Tyranitar|Flying\n|move|p1a: Incineroar|Fake Out|p2b: Tyranitar\n|-damage|p2b: Tyranitar|91\/100\n|move|p2a: Milotic|Ice Beam|p1b: Dragonite\n|-damage|p1b: Dragonite|24\/100\n|move|p1b: Dragonite|Scale Shot|p2a: Milotic\n|-damage|p2a: Milotic|80\/100\n|-damage|p2a: Milotic|67\/100\n|-damage|p2a: Milotic|51\/100\n|-damage|p2a: Milotic|36\/100\n|-hitcount|p2a: Milotic|4\n|-unboost|p1b: Dragonite|def|1\n|-boost|p1b: Dragonite|spe|1\n|cant|p2b: Tyranitar|flinch\n|\n|-weather|Sandstorm|[upkeep]\n|-damage|p2a: Milotic|30\/100|[from] Sandstorm\n|-damage|p1b: Dragonite|18\/100|[from] Sandstorm\n|-damage|p2b: Tyranitar|85\/100|[from] Sandstorm\n|-damage|p1a: Incineroar|95\/100|[from] Sandstorm\n|upkeep\n|turn|4\n|\n|t:|1731603051\n|move|p1b: Dragonite|Protect|p1b: Dragonite\n|-singleturn|p1b: Dragonite|Protect\n|move|p2a: Milotic|Ice Beam|p1a: Incineroar\n|-resisted|p1a: Incineroar\n|-damage|p1a: Incineroar|71\/100\n|move|p2b: Tyranitar|Rock Slide|p1a: Incineroar|[spread] p1a\n|-activate|p1b: Dragonite|move: Protect\n|-supereffective|p1a: Incineroar\n|-damage|p1a: Incineroar|37\/100\n|-enditem|p1a: Incineroar|Sitrus Berry|[eat]\n|-heal|p1a: Incineroar|62\/100|[from] item: Sitrus Berry\n|cant|p1a: Incineroar|flinch\n|\n|-weather|Sandstorm|[upkeep]\n|-damage|p2a: Milotic|24\/100|[from] Sandstorm\n|-damage|p1b: Dragonite|12\/100|[from] Sandstorm\n|-damage|p2b: Tyranitar|79\/100|[from] Sandstorm\n|-damage|p1a: Incineroar|56\/100|[from] Sandstorm\n|-sideend|p2: VGCLTH Rishi|move: Tailwind\n|upkeep\n|turn|5\n|inactive|pescatora2 has 30 seconds left.\n|inactive|VGCLTH Rishi has 30 seconds left.\n|\n|t:|1731603095\n|move|p1b: Dragonite|Tailwind|p1b: Dragonite\n|-sidestart|p1: pescatora2|move: Tailwind\n|move|p1a: Incineroar|Knock Off|p2a: Milotic\n|-damage|p2a: Milotic|0 fnt\n|-enditem|p2a: Milotic|Choice Scarf|[from] move: Knock Off|[of] p1a: Incineroar\n|faint|p2a: Milotic\n|move|p2b: Tyranitar|Rock Slide|p1a: Incineroar|[spread] p1a,p1b\n|-supereffective|p1a: Incineroar\n|-damage|p1a: Incineroar|22\/100\n|-damage|p1b: Dragonite|0 fnt\n|faint|p1b: Dragonite\n|\n|-weather|Sandstorm|[upkeep]\n|-damage|p1a: Incineroar|16\/100|[from] Sandstorm\n|-damage|p2b: Tyranitar|73\/100|[from] Sandstorm\n|upkeep\n|\n|t:|1731603104\n|switch|p1b: Ursaluna|Ursaluna-Bloodmoon, L50, M|100\/100\n|switch|p2a: Gholdengo|Gholdengo, L50|100\/100\n|turn|6\n|\n|t:|1731603121\n|move|p1a: Incineroar|Knock Off|p2a: Gholdengo\n|-supereffective|p2a: Gholdengo\n|-damage|p2a: Gholdengo|12\/100\n|-enditem|p2a: Gholdengo|Choice Specs|[from] move: Knock Off|[of] p1a: Incineroar\n|move|p1b: Ursaluna|Earth Power|p2a: Gholdengo\n|-supereffective|p2a: Gholdengo\n|-damage|p2a: Gholdengo|0 fnt\n|faint|p2a: Gholdengo\n|move|p2b: Tyranitar|Low Kick|p1b: Ursaluna\n|-supereffective|p1b: Ursaluna\n|-crit|p1b: Ursaluna\n|-damage|p1b: Ursaluna|6\/100\n|\n|-weather|none\n|-heal|p1b: Ursaluna|12\/100|[from] item: Leftovers\n|upkeep\n|turn|7\n|\n|t:|1731603133\n|move|p1a: Incineroar|Knock Off|p2b: Tyranitar\n|-damage|p2b: Tyranitar|41\/100\n|-enditem|p2b: Tyranitar|Assault Vest|[from] move: Knock Off|[of] p1a: Incineroar\n|move|p1b: Ursaluna|Blood Moon|p2b: Tyranitar\n|-damage|p2b: Tyranitar|0 fnt\n|faint|p2b: Tyranitar\n|\n|win|pescatora2\n|raw|pescatora2's rating: 1753 &rarr; <strong>1779<\/strong><br \/>(+26 for winning)\n|raw|VGCLTH Rishi's rating: 1860 &rarr; <strong>1834<\/strong><br \/>(-26 for losing)\n","uploadtime":1731603138,"views":37,"formatid":"gen9vgc2024regh","rating":1779,"private":0,"password":null}