{"id":"gen9vgc2024regh-2243108108","format":"[Gen 9] VGC 2024 Reg H","players":["VGCLTH <1000ELO","orioridance"],"log":"|raw|<div class=\"broadcast-blue\"><strong>This battle is required to be public due to a player having a name starting with 'vgclth'.<\/div>\n|j|\u2606VGCLTH <1000ELO\n|j|\u2606orioridance\n|t:|1731512585\n|gametype|doubles\n|player|p1|VGCLTH <1000ELO|1|1686\n|player|p2|orioridance|170|1725\n|teamsize|p1|6\n|teamsize|p2|6\n|gen|9\n|tier|[Gen 9] VGC 2024 Reg H\n|rated|\n|rule|Species Clause: Limit one of each Pok\u00e9mon\n|rule|Item Clause: Limit 1 of each item\n|clearpoke\n|poke|p1|Dondozo, L50, M|\n|poke|p1|Tatsugiri, L50, F|\n|poke|p1|Dragonite, L50, M|\n|poke|p1|Gholdengo, L50|\n|poke|p1|Glimmora, L50, F|\n|poke|p1|Talonflame, L50, M|\n|poke|p2|Dondozo, L50, M|\n|poke|p2|Tatsugiri, L50, M|\n|poke|p2|Pelipper, L50, M|\n|poke|p2|Archaludon, L50, F|\n|poke|p2|Basculegion, L50, M|\n|poke|p2|Meowscarada, L50, M|\n|teampreview|4\n|inactive|Battle timer is ON: inactive players will automatically lose when time's up. (requested by VGCLTH <1000ELO)\n|\n|t:|1731512611\n|start\n|switch|p1a: Dragonite|Dragonite, L50, M|100\/100\n|switch|p1b: Talonflame|Talonflame, L50, M|100\/100\n|switch|p2a: Pelipper|Pelipper, L50, M|100\/100\n|switch|p2b: Basculegion|Basculegion, L50, M|100\/100\n|-weather|RainDance|[from] ability: Drizzle|[of] p2a: Pelipper\n|turn|1\n|inactive|orioridance has 30 seconds left.\n|\n|t:|1731512638\n|-terastallize|p2b: Basculegion|Water\n|move|p2b: Basculegion|Aqua Jet|p1b: Talonflame\n|-supereffective|p1b: Talonflame\n|-damage|p1b: Talonflame|0 fnt\n|faint|p1b: Talonflame\n|move|p2a: Pelipper|Hurricane|p1a: Dragonite\n|-damage|p1a: Dragonite|81\/100\n|-start|p1a: Dragonite|confusion\n|-activate|p1a: Dragonite|confusion\n|move|p1a: Dragonite|Outrage|p2a: Pelipper\n|-damage|p2a: Pelipper|0 fnt\n|faint|p2a: Pelipper\n|\n|-weather|RainDance|[upkeep]\n|upkeep\n|\n|t:|1731512652\n|switch|p1b: Dondozo|Dondozo, L50, M|100\/100\n|switch|p2a: Meowscarada|Meowscarada, L50, M|100\/100\n|turn|2\n|\n|t:|1731512658\n|switch|p2b: Archaludon|Archaludon, L50, F|100\/100\n|move|p1b: Dondozo|Protect|p1b: Dondozo\n|-singleturn|p1b: Dondozo|Protect\n|move|p2a: Meowscarada|Triple Axel|p1a: Dragonite\n|-supereffective|p1a: Dragonite\n|-damage|p1a: Dragonite|53\/100\n|-supereffective|p1a: Dragonite\n|-damage|p1a: Dragonite|6\/100\n|-supereffective|p1a: Dragonite\n|-damage|p1a: Dragonite|0 fnt\n|faint|p1a: Dragonite\n|-hitcount|p1: Dragonite|3\n|\n|-weather|RainDance|[upkeep]\n|upkeep\n|\n|t:|1731512661\n|switch|p1a: Tatsugiri|Tatsugiri, L50, F|100\/100\n|-activate|p1a: Tatsugiri|ability: Commander|[of] p1b: Dondozo\n|-boost|p1b: Dondozo|atk|2\n|-boost|p1b: Dondozo|spa|2\n|-boost|p1b: Dondozo|spe|2\n|-boost|p1b: Dondozo|def|2\n|-boost|p1b: Dondozo|spd|2\n|turn|3\n|\n|t:|1731512672\n|-terastallize|p1b: Dondozo|Grass\n|move|p2a: Meowscarada|Knock Off|p1b: Dondozo\n|-damage|p1b: Dondozo|85\/100\n|-enditem|p1b: Dondozo|Leftovers|[from] move: Knock Off|[of] p2a: Meowscarada\n|move|p1b: Dondozo|Order Up|p2a: Meowscarada\n|-crit|p2a: Meowscarada\n|-enditem|p2a: Meowscarada|Focus Sash\n|-damage|p2a: Meowscarada|1\/100\n|-boost|p1b: Dondozo|atk|1\n|move|p2b: Archaludon|Draco Meteor|p1b: Dondozo\n|-damage|p1b: Dondozo|44\/100\n|-unboost|p2b: Archaludon|spa|2\n|\n|-weather|RainDance|[upkeep]\n|upkeep\n|turn|4\n|\n|t:|1731512689\n|move|p2a: Meowscarada|Triple Axel|p1b: Dondozo\n|-supereffective|p1b: Dondozo\n|-damage|p1b: Dondozo|38\/100\n|-hitcount|p1b: Dondozo|1\n|move|p1b: Dondozo|Earthquake|p2a: Meowscarada|[spread] p2a,p2b\n|-miss|p1b: Dondozo|p1a: Tatsugiri\n|-resisted|p2a: Meowscarada\n|-supereffective|p2b: Archaludon\n|-damage|p2a: Meowscarada|0 fnt\n|-ability|p2b: Archaludon|Sturdy\n|-damage|p2b: Archaludon|1\/100\n|faint|p2a: Meowscarada\n|move|p2b: Archaludon|Draco Meteor|p1b: Dondozo\n|-damage|p1b: Dondozo|1\/100\n|-unboost|p2b: Archaludon|spa|2\n|\n|-weather|RainDance|[upkeep]\n|upkeep\n|\n|t:|1731512702\n|switch|p2a: Basculegion|Basculegion, L50, M, tera:Water|100\/100\n|turn|5\n|\n|t:|1731512706\n|move|p1b: Dondozo|Protect|p1b: Dondozo\n|-singleturn|p1b: Dondozo|Protect\n|move|p2a: Basculegion|Last Respects|p1b: Dondozo\n|-activate|p1b: Dondozo|move: Protect\n|move|p2b: Archaludon|Electro Shot||[still]\n|-prepare|p2b: Archaludon|Electro Shot\n|-boost|p2b: Archaludon|spa|1\n|-anim|p2b: Archaludon|Electro Shot|p1b: Dondozo\n|-activate|p1b: Dondozo|move: Protect\n|\n|-weather|RainDance|[upkeep]\n|upkeep\n|turn|6\n|\n|t:|1731512710\n|move|p1b: Dondozo|Protect||[still]\n|-fail|p1b: Dondozo\n|move|p2a: Basculegion|Last Respects|p1b: Dondozo\n|-damage|p1b: Dondozo|0 fnt\n|faint|p1b: Dondozo\n|move|p2b: Archaludon|Electro Shot||[still]\n|-prepare|p2b: Archaludon|Electro Shot\n|-boost|p2b: Archaludon|spa|1\n|-anim|p2b: Archaludon|Electro Shot|p1a: Tatsugiri\n|-damage|p1a: Tatsugiri|66\/100\n|\n|-weather|RainDance|[upkeep]\n|upkeep\n|turn|7\n|-message|VGCLTH <1000ELO forfeited.\n|\n|win|orioridance\n|raw|VGCLTH &lt;1000ELO's rating: 1686 &rarr; <strong>1668<\/strong><br \/>(-18 for losing)\n|raw|orioridance's rating: 1725 &rarr; <strong>1743<\/strong><br \/>(+18 for winning)\n|l|\u2606VGCLTH <1000ELO\n|player|p1|\n|l|\u2606orioridance\n|player|p2|\n","uploadtime":1731512981,"views":18,"formatid":"gen9vgc2024regh","rating":1668,"private":0,"password":null}