{"id":"gen9vgc2024regh-2243087897","format":"[Gen 9] VGC 2024 Reg H","players":["VGCLTH MINAMISIMP","teenage fanclub"],"log":"|raw|<div class=\"broadcast-blue\"><strong>This battle is required to be public due to a player having a name starting with 'vgclth'.<\/div>\n|j|\u2606VGCLTH MINAMISIMP\n|j|\u2606teenage fanclub\n|t:|1731510578\n|gametype|doubles\n|player|p1|VGCLTH MINAMISIMP|miku-water|1781\n|player|p2|teenage fanclub|266|1691\n|teamsize|p1|6\n|teamsize|p2|6\n|gen|9\n|tier|[Gen 9] VGC 2024 Reg H\n|rated|\n|rule|Species Clause: Limit one of each Pok\u00e9mon\n|rule|Item Clause: Limit 1 of each item\n|clearpoke\n|poke|p1|Archaludon, L50, M|\n|poke|p1|Pelipper, L50, M|\n|poke|p1|Electabuzz, L50, M|\n|poke|p1|Kingambit, L50, M|\n|poke|p1|Rillaboom, L50, M|\n|poke|p1|Basculegion, L50, M|\n|poke|p2|Vivillon-Fancy, L50, F|\n|poke|p2|Talonflame, L50, F|\n|poke|p2|Typhlosion-Hisui, L50, M|\n|poke|p2|Archaludon, L50, M|\n|poke|p2|Dragonite, L50, M|\n|poke|p2|Annihilape, L50, F|\n|teampreview|4\n|inactive|Battle timer is ON: inactive players will automatically lose when time's up. (requested by VGCLTH MINAMISIMP)\n|j| CaballoSinCulo\n|inactive|teenage fanclub has 60 seconds left.\n|j| DonShitDozo\n|inactive|teenage fanclub has 30 seconds left.\n|j| ChinaDragonVGC\n|inactive|teenage fanclub has 20 seconds left.\n|\n|t:|1731510652\n|start\n|switch|p1a: Electabuzz|Electabuzz, L50, M|100\/100\n|switch|p1b: Basculegion|Basculegion, L50, M|100\/100\n|switch|p2a: Archaludon|Archaludon, L50, M|100\/100\n|switch|p2b: Dragonite|Dragonite, L50, M|100\/100\n|turn|1\n|\n|t:|1731510671\n|move|p2b: Dragonite|Scale Shot|p1b: Basculegion\n|-crit|p1b: Basculegion\n|-damage|p1b: Basculegion|76\/100\n|-damage|p1b: Basculegion|61\/100\n|-damage|p1b: Basculegion|44\/100\n|-damage|p1b: Basculegion|27\/100\n|-hitcount|p1b: Basculegion|4\n|-unboost|p2b: Dragonite|def|1\n|-boost|p2b: Dragonite|spe|1\n|move|p1a: Electabuzz|Electroweb|p2b: Dragonite|[spread] p2a,p2b\n|-resisted|p2a: Archaludon\n|-damage|p2a: Archaludon|96\/100\n|-damage|p2b: Dragonite|93\/100\n|-unboost|p2a: Archaludon|spe|1\n|-unboost|p2b: Dragonite|spe|1\n|-ability|p2a: Archaludon|Stamina|boost\n|-boost|p2a: Archaludon|def|1\n|move|p1b: Basculegion|Flip Turn|p2b: Dragonite\n|-resisted|p2b: Dragonite\n|-damage|p2b: Dragonite|55\/100\n|\n|t:|1731510685\n|switch|p1b: Archaludon|Archaludon, L50, M|100\/100|[from] Flip Turn\n|move|p2a: Archaludon|Snarl|p1a: Electabuzz|[spread] p1a,p1b\n|-damage|p1a: Electabuzz|92\/100\n|-damage|p1b: Archaludon|88\/100\n|-unboost|p1a: Electabuzz|spa|1\n|-unboost|p1b: Archaludon|spa|1\n|-ability|p1b: Archaludon|Stamina|boost\n|-boost|p1b: Archaludon|def|1\n|\n|-heal|p1b: Archaludon|94\/100|[from] item: Leftovers\n|upkeep\n|turn|2\n|\n|t:|1731510698\n|switch|p1a: Pelipper|Pelipper, L50, M|100\/100\n|-weather|RainDance|[from] ability: Drizzle|[of] p1a: Pelipper\n|move|p2b: Dragonite|Scale Shot|p2a: Archaludon\n|-damage|p2a: Archaludon|90\/100\n|-ability|p2a: Archaludon|Stamina|boost\n|-boost|p2a: Archaludon|def|1\n|-damage|p2a: Archaludon|84\/100\n|-ability|p2a: Archaludon|Stamina|boost\n|-boost|p2a: Archaludon|def|1\n|-damage|p2a: Archaludon|79\/100\n|-ability|p2a: Archaludon|Stamina|boost\n|-boost|p2a: Archaludon|def|1\n|-damage|p2a: Archaludon|76\/100\n|-ability|p2a: Archaludon|Stamina|boost\n|-boost|p2a: Archaludon|def|1\n|-damage|p2a: Archaludon|72\/100\n|-ability|p2a: Archaludon|Stamina|boost\n|-boost|p2a: Archaludon|def|1\n|-hitcount|p2a: Archaludon|5\n|-unboost|p2b: Dragonite|def|1\n|-boost|p2b: Dragonite|spe|1\n|move|p1b: Archaludon|Electro Shot||[still]\n|-prepare|p1b: Archaludon|Electro Shot\n|-boost|p1b: Archaludon|spa|1\n|-anim|p1b: Archaludon|Electro Shot|p2b: Dragonite\n|-crit|p2b: Dragonite\n|-damage|p2b: Dragonite|1\/100\n|move|p2a: Archaludon|Body Press|p1b: Archaludon\n|-supereffective|p1b: Archaludon\n|-damage|p1b: Archaludon|4\/100\n|-ability|p1b: Archaludon|Stamina|boost\n|-boost|p1b: Archaludon|def|1\n|\n|-weather|RainDance|[upkeep]\n|-heal|p1b: Archaludon|10\/100|[from] item: Leftovers\n|upkeep\n|turn|3\n|inactive|VGCLTH MINAMISIMP has 30 seconds left.\n|inactive|teenage fanclub has 30 seconds left.\n|inactive|teenage fanclub has 20 seconds left.\n|l| ChinaDragonVGC\n|j| FBIAltMan\n|inactive|teenage fanclub has 15 seconds left.\n|\n|t:|1731510740\n|move|p1b: Archaludon|Protect|p1b: Archaludon\n|-singleturn|p1b: Archaludon|Protect\n|move|p2b: Dragonite|Tailwind|p2b: Dragonite\n|-sidestart|p2: teenage fanclub|move: Tailwind\n|move|p2a: Archaludon|Body Press|p1b: Archaludon\n|-activate|p1b: Archaludon|move: Protect\n|move|p1a: Pelipper|Tailwind|p1a: Pelipper\n|-sidestart|p1: VGCLTH MINAMISIMP|move: Tailwind\n|\n|-weather|RainDance|[upkeep]\n|-heal|p1b: Archaludon|16\/100|[from] item: Leftovers\n|upkeep\n|turn|4\n|inactive|teenage fanclub has 30 seconds left.\n|\n|t:|1731510774\n|-terastallize|p1b: Archaludon|Fairy\n|move|p2b: Dragonite|Scale Shot|p1a: Pelipper|[miss]\n|-miss|p2b: Dragonite|p1a: Pelipper\n|move|p1a: Pelipper|Weather Ball|p2b: Dragonite\n|-resisted|p2b: Dragonite\n|-damage|p2b: Dragonite|0 fnt\n|faint|p2b: Dragonite\n|move|p1b: Archaludon|Draco Meteor|p2a: Archaludon\n|-damage|p2a: Archaludon|40\/100\n|-unboost|p1b: Archaludon|spa|2\n|move|p2a: Archaludon|Draco Meteor|p1a: Pelipper\n|-damage|p1a: Pelipper|12\/100\n|-unboost|p2a: Archaludon|spa|2\n|\n|-weather|RainDance|[upkeep]\n|-heal|p1b: Archaludon|22\/100|[from] item: Leftovers\n|upkeep\n|\n|t:|1731510785\n|switch|p2b: Vivillon|Vivillon-Fancy, L50, F|100\/100\n|turn|5\n|l| CaballoSinCulo\n|inactive|teenage fanclub has 30 seconds left.\n|\n|t:|1731510811\n|switch|p1b: Electabuzz|Electabuzz, L50, M|92\/100\n|move|p1a: Pelipper|Protect|p1a: Pelipper\n|-singleturn|p1a: Pelipper|Protect\n|move|p2b: Vivillon|Hurricane|p1b: Electabuzz\n|-resisted|p1b: Electabuzz\n|-damage|p1b: Electabuzz|75\/100\n|-start|p1b: Electabuzz|confusion\n|move|p2a: Archaludon|Draco Meteor|p1a: Pelipper\n|-activate|p1a: Pelipper|move: Protect\n|\n|-weather|RainDance|[upkeep]\n|upkeep\n|turn|6\n|\n|t:|1731510833\n|move|p2b: Vivillon|Protect|p2b: Vivillon\n|-singleturn|p2b: Vivillon|Protect\n|-activate|p1b: Electabuzz|confusion\n|-damage|p1b: Electabuzz|68\/100|[from] confusion\n|move|p1a: Pelipper|Hurricane|p2b: Vivillon\n|-activate|p2b: Vivillon|move: Protect\n|move|p2a: Archaludon|Body Press|p1a: Pelipper\n|-resisted|p1a: Pelipper\n|-damage|p1a: Pelipper|0 fnt\n|faint|p1a: Pelipper\n|\n|-weather|none\n|-sideend|p2: teenage fanclub|move: Tailwind\n|-sideend|p1: VGCLTH MINAMISIMP|move: Tailwind\n|upkeep\n|\n|t:|1731510842\n|switch|p1a: Archaludon|Archaludon, L50, M, tera:Fairy|22\/100\n|turn|7\n|inactive|teenage fanclub has 30 seconds left.\n|\n|t:|1731510869\n|move|p1a: Archaludon|Protect|p1a: Archaludon\n|-singleturn|p1a: Archaludon|Protect\n|move|p2b: Vivillon|Rage Powder|p2b: Vivillon\n|-singleturn|p2b: Vivillon|move: Rage Powder\n|-activate|p1b: Electabuzz|confusion\n|move|p1b: Electabuzz|Electroweb|p2b: Vivillon|[spread] p2a,p2b\n|-resisted|p2a: Archaludon\n|-supereffective|p2b: Vivillon\n|-damage|p2a: Archaludon|37\/100\n|-damage|p2b: Vivillon|45\/100\n|-unboost|p2a: Archaludon|spe|1\n|-unboost|p2b: Vivillon|spe|1\n|move|p2a: Archaludon|Body Press|p1b: Electabuzz\n|-damage|p1b: Electabuzz|0 fnt\n|faint|p1b: Electabuzz\n|\n|-heal|p1a: Archaludon|29\/100|[from] item: Leftovers\n|upkeep\n|\n|t:|1731510879\n|switch|p1b: Basculegion|Basculegion, L50, M|27\/100\n|turn|8\n|\n|t:|1731510888\n|move|p2b: Vivillon|Protect|p2b: Vivillon\n|-singleturn|p2b: Vivillon|Protect\n|move|p1b: Basculegion|Last Respects|p2b: Vivillon\n|-activate|p2b: Vivillon|move: Protect\n|move|p1a: Archaludon|Draco Meteor|p2a: Archaludon\n|-damage|p2a: Archaludon|2\/100\n|-unboost|p1a: Archaludon|spa|2\n|move|p2a: Archaludon|Body Press|p1a: Archaludon\n|-resisted|p1a: Archaludon\n|-damage|p1a: Archaludon|0 fnt\n|faint|p1a: Archaludon\n|\n|upkeep\n|turn|9\n|\n|t:|1731510903\n|move|p1b: Basculegion|Last Respects|p2b: Vivillon\n|-damage|p2b: Vivillon|0 fnt\n|faint|p2b: Vivillon\n|move|p2a: Archaludon|Draco Meteor|p1b: Basculegion\n|-damage|p1b: Basculegion|0 fnt\n|-unboost|p2a: Archaludon|spa|2\n|faint|p1b: Basculegion\n|\n|win|teenage fanclub\n|raw|VGCLTH MINAMISIMP's rating: 1781 &rarr; <strong>1756<\/strong><br \/>(-25 for losing)\n|raw|teenage fanclub's rating: 1691 &rarr; <strong>1716<\/strong><br \/>(+25 for winning)\n|c|\u2606VGCLTH MINAMISIMP|gg\n|l|\u2606VGCLTH MINAMISIMP\n|player|p1|\n|l| FBIAltMan\n|c|\u2606teenage fanclub|gg\n|l|\u2606teenage fanclub\n|player|p2|\n|l| DonShitDozo\n","uploadtime":1731511174,"views":19,"formatid":"gen9vgc2024regh","rating":1716,"private":0,"password":null}