{"id":"gen9vgc2024regh-2243266079","format":"[Gen 9] VGC 2024 Reg H","players":["VGCLTH Cuwutie","ubss_omisa"],"log":"|raw|<div class=\"broadcast-blue\"><strong>This battle is required to be public due to a player having a name starting with 'vgclth'.<\/div>\n|j|\u2606VGCLTH Cuwutie\n|j|\u2606ubss_omisa\n|t:|1731527635\n|gametype|doubles\n|player|p1|VGCLTH Cuwutie|102|1688\n|player|p2|ubss_omisa|169|1821\n|teamsize|p1|6\n|teamsize|p2|6\n|gen|9\n|tier|[Gen 9] VGC 2024 Reg H\n|rated|\n|rule|Species Clause: Limit one of each Pok\u00e9mon\n|rule|Item Clause: Limit 1 of each item\n|clearpoke\n|poke|p1|Basculegion-F, L50, F|\n|poke|p1|Pelipper, L50, F|\n|poke|p1|Gastrodon, L50, M|\n|poke|p1|Toxicroak, L50, F|\n|poke|p1|Dondozo, L50, F|\n|poke|p1|Tatsugiri, L50, F|\n|poke|p2|Maushold-Four, L50|\n|poke|p2|Annihilape, L50, M|\n|poke|p2|Archaludon, L50, M|\n|poke|p2|Dragonite, L50, F|\n|poke|p2|Ursaluna-Bloodmoon, L50, M|\n|poke|p2|Sableye, L50, F|\n|teampreview|4\n|inactive|Battle timer is ON: inactive players will automatically lose when time's up. (requested by ubss_omisa)\n|\n|t:|1731527665\n|start\n|switch|p1a: Dondozo|Dondozo, L50, F|100\/100\n|switch|p1b: Pelipper|Pelipper, L50, F|100\/100\n|switch|p2a: Sableye|Sableye, L50, F|100\/100\n|switch|p2b: Archaludon|Archaludon, L50, M|100\/100\n|-weather|RainDance|[from] ability: Drizzle|[of] p1b: Pelipper\n|turn|1\n|\n|t:|1731527684\n|move|p1a: Dondozo|Protect|p1a: Dondozo\n|-singleturn|p1a: Dondozo|Protect\n|move|p2a: Sableye|Reflect|p2a: Sableye\n|-sidestart|p2: ubss_omisa|Reflect\n|move|p1b: Pelipper|Weather Ball|p2b: Archaludon\n|-resisted|p2b: Archaludon\n|-damage|p2b: Archaludon|67\/100\n|-ability|p2b: Archaludon|Stamina|boost\n|-boost|p2b: Archaludon|def|1\n|move|p2b: Archaludon|Electro Shot||[still]\n|-prepare|p2b: Archaludon|Electro Shot\n|-boost|p2b: Archaludon|spa|1\n|-anim|p2b: Archaludon|Electro Shot|p1b: Pelipper\n|-supereffective|p1b: Pelipper\n|-enditem|p1b: Pelipper|Focus Sash\n|-damage|p1b: Pelipper|1\/100\n|\n|-weather|RainDance|[upkeep]\n|-heal|p2b: Archaludon|73\/100|[from] item: Leftovers\n|upkeep\n|turn|2\n|\n|t:|1731527707\n|switch|p1b: Tatsugiri|Tatsugiri, L50, F|100\/100\n|-activate|p1b: Tatsugiri|ability: Commander|[of] p1a: Dondozo\n|-boost|p1a: Dondozo|atk|2\n|-boost|p1a: Dondozo|spa|2\n|-boost|p1a: Dondozo|spe|2\n|-boost|p1a: Dondozo|def|2\n|-boost|p1a: Dondozo|spd|2\n|-terastallize|p1a: Dondozo|Water\n|move|p2a: Sableye|Light Screen|p2a: Sableye\n|-sidestart|p2: ubss_omisa|move: Light Screen\n|move|p1a: Dondozo|Surf|p2a: Sableye|[spread] p2a,p2b\n|-miss|p1a: Dondozo|p1b: Tatsugiri\n|-resisted|p2b: Archaludon\n|-damage|p2a: Sableye|32\/100\n|-damage|p2b: Archaludon|46\/100\n|-ability|p2b: Archaludon|Stamina|boost\n|-boost|p2b: Archaludon|def|1\n|-damage|p1a: Dondozo|91\/100|[from] item: Life Orb\n|move|p2b: Archaludon|Electro Shot||[still]\n|-prepare|p2b: Archaludon|Electro Shot\n|-boost|p2b: Archaludon|spa|1\n|-anim|p2b: Archaludon|Electro Shot|p1b: Tatsugiri|[miss]\n|-miss|p2b: Archaludon|p1b: Tatsugiri\n|\n|-weather|RainDance|[upkeep]\n|-heal|p2b: Archaludon|52\/100|[from] item: Leftovers\n|upkeep\n|turn|3\n|inactive|ubss_omisa has 30 seconds left.\n|\n|t:|1731527734\n|move|p2a: Sableye|Disable|p1a: Dondozo\n|-start|p1a: Dondozo|Disable|Surf\n|move|p1a: Dondozo|Wave Crash|p2b: Archaludon\n|-resisted|p2b: Archaludon\n|-damage|p2b: Archaludon|0 fnt\n|faint|p2b: Archaludon\n|-damage|p1a: Dondozo|76\/100|[from] Recoil\n|-damage|p1a: Dondozo|66\/100|[from] item: Life Orb\n|\n|-weather|RainDance|[upkeep]\n|upkeep\n|\n|t:|1731527741\n|switch|p2b: Dragonite|Dragonite, L50, F|100\/100\n|turn|4\n|inactive|VGCLTH Cuwutie has 30 seconds left.\n|inactive|VGCLTH Cuwutie has 20 seconds left.\n|inactive|VGCLTH Cuwutie has 15 seconds left.\n|inactive|VGCLTH Cuwutie has 10 seconds left.\n|\n|t:|1731527790\n|move|p2a: Sableye|Taunt|p1a: Dondozo\n|-start|p1a: Dondozo|move: Taunt\n|move|p1a: Dondozo|Order Up|p2b: Dragonite\n|-supereffective|p2b: Dragonite\n|-damage|p2b: Dragonite|59\/100\n|-boost|p1a: Dondozo|atk|1\n|-damage|p1a: Dondozo|56\/100|[from] item: Life Orb\n|move|p2b: Dragonite|Haze|p2b: Dragonite\n|-clearallboost\n|\n|-weather|RainDance|[upkeep]\n|upkeep\n|turn|5\n|\n|t:|1731527805\n|move|p2b: Dragonite|Protect|p2b: Dragonite\n|-singleturn|p2b: Dragonite|Protect\n|move|p2a: Sableye|Reflect||[still]\n|-fail|p2a: Sableye\n|move|p1a: Dondozo|Wave Crash|p2b: Dragonite\n|-activate|p2b: Dragonite|move: Protect\n|\n|-weather|none\n|upkeep\n|turn|6\n|\n|t:|1731527822\n|switch|p2a: Annihilape|Annihilape, L50, M|100\/100\n|move|p2b: Dragonite|Encore|p1a: Dondozo\n|-start|p1a: Dondozo|Encore\n|move|p1a: Dondozo|Wave Crash|p2b: Dragonite\n|-resisted|p2b: Dragonite\n|-damage|p2b: Dragonite|23\/100\n|-damage|p1a: Dondozo|47\/100|[from] Recoil\n|-damage|p1a: Dondozo|37\/100|[from] item: Life Orb\n|\n|-end|p1a: Dondozo|move: Taunt\n|-end|p1a: Dondozo|Disable\n|upkeep\n|turn|7\n|inactive|ubss_omisa has 30 seconds left.\n|\n|t:|1731527848\n|-terastallize|p2a: Annihilape|Water\n|move|p2b: Dragonite|Protect|p2b: Dragonite\n|-singleturn|p2b: Dragonite|Protect\n|move|p2a: Annihilape|Bulk Up|p2a: Annihilape\n|-boost|p2a: Annihilape|atk|1\n|-boost|p2a: Annihilape|def|1\n|move|p1a: Dondozo|Wave Crash|p2b: Dragonite\n|-activate|p2b: Dragonite|move: Protect\n|\n|upkeep\n|turn|8\n|\n|t:|1731527865\n|move|p2a: Annihilape|Bulk Up|p2a: Annihilape\n|-boost|p2a: Annihilape|atk|1\n|-boost|p2a: Annihilape|def|1\n|move|p2b: Dragonite|Scale Shot|p1a: Dondozo\n|-damage|p1a: Dondozo|26\/100\n|-damage|p1a: Dondozo|14\/100\n|-crit|p1a: Dondozo\n|-damage|p1a: Dondozo|0 fnt\n|faint|p1a: Dondozo\n|-hitcount|p1: Dondozo|3\n|-unboost|p2b: Dragonite|def|1\n|-boost|p2b: Dragonite|spe|1\n|\n|-sideend|p2: ubss_omisa|Reflect\n|upkeep\n|\n|t:|1731527886\n|switch|p1a: Pelipper|Pelipper, L50, F|1\/100\n|-weather|RainDance|[from] ability: Drizzle|[of] p1a: Pelipper\n|turn|9\n|\n|t:|1731527903\n|move|p1b: Tatsugiri|Dragon Pulse|p2b: Dragonite\n|-supereffective|p2b: Dragonite\n|-damage|p2b: Dragonite|0 fnt\n|faint|p2b: Dragonite\n|move|p2a: Annihilape|Rage Fist|p1a: Pelipper\n|-damage|p1a: Pelipper|0 fnt\n|faint|p1a: Pelipper\n|\n|-weather|RainDance|[upkeep]\n|-sideend|p2: ubss_omisa|move: Light Screen\n|upkeep\n|\n|t:|1731527910\n|switch|p2b: Sableye|Sableye, L50, F|32\/100\n|switch|p1a: Basculegion|Basculegion-F, L50, F|100\/100\n|turn|10\n|\n|t:|1731527932\n|move|p2b: Sableye|Disable|p1b: Tatsugiri\n|-start|p1b: Tatsugiri|Disable|Dragon Pulse\n|move|p1a: Basculegion|Hydro Pump|p2a: Annihilape\n|-resisted|p2a: Annihilape\n|-damage|p2a: Annihilape|47\/100\n|-enditem|p2a: Annihilape|Sitrus Berry|[eat]\n|-heal|p2a: Annihilape|72\/100|[from] item: Sitrus Berry\n|cant|p1b: Tatsugiri|Disable|Dragon Pulse\n|move|p2a: Annihilape|Rage Fist|p1a: Basculegion\n|-supereffective|p1a: Basculegion\n|-damage|p1a: Basculegion|0 fnt\n|faint|p1a: Basculegion\n|\n|-weather|RainDance|[upkeep]\n|upkeep\n|turn|11\n|\n|t:|1731527949\n|move|p2b: Sableye|Reflect|p2b: Sableye\n|-sidestart|p2: ubss_omisa|Reflect\n|-activate|p1b: Tatsugiri|move: Struggle\n|move|p1b: Tatsugiri|Struggle|p2a: Annihilape\n|-damage|p2a: Annihilape|70\/100\n|-damage|p1b: Tatsugiri|75\/100|[from] recoil\n|move|p2a: Annihilape|Rage Fist|p1b: Tatsugiri\n|-damage|p1b: Tatsugiri|0 fnt\n|faint|p1b: Tatsugiri\n|\n|win|ubss_omisa\n|raw|VGCLTH Cuwutie's rating: 1687 &rarr; <strong>1674<\/strong><br \/>(-13 for losing)\n|raw|ubss_omisa's rating: 1821 &rarr; <strong>1834<\/strong><br \/>(+13 for winning)\n|l|\u2606ubss_omisa\n|player|p2|\n|l|\u2606VGCLTH Cuwutie\n|player|p1|\n","uploadtime":1731528151,"views":105,"formatid":"gen9vgc2024regh","rating":1674,"private":0,"password":null}