{"id":"gen9vgc2024regh-2243753472","format":"[Gen 9] VGC 2024 Reg H","players":["VGCLTH lily","vgclth elowyn"],"log":"|raw|<div class=\"broadcast-blue\"><strong>This battle is required to be public due to a player having a name starting with 'vgclth'.<\/div>\n|j|\u2606VGCLTH lily\n|j|\u2606vgclth elowyn\n|t:|1731595752\n|gametype|doubles\n|player|p1|VGCLTH lily|akari|1686\n|player|p2|vgclth elowyn|1|1805\n|teamsize|p1|6\n|teamsize|p2|6\n|gen|9\n|tier|[Gen 9] VGC 2024 Reg H\n|rated|\n|rule|Species Clause: Limit one of each Pok\u00e9mon\n|rule|Item Clause: Limit 1 of each item\n|clearpoke\n|poke|p1|Vivillon, L50, F|\n|poke|p1|Gliscor, L50, M|\n|poke|p1|Archaludon, L50, M|\n|poke|p1|Kingambit, L50, M|\n|poke|p1|Incineroar, L50, M|\n|poke|p1|Ninetales-Alola, L50, F|\n|poke|p2|Smeargle, L50, F|\n|poke|p2|Farigiraf, L50, F|\n|poke|p2|Maushold-Four, L50|\n|poke|p2|Torkoal, L50, M|\n|poke|p2|Ursaluna-Bloodmoon, L50, M|\n|poke|p2|Weezing-Galar, L50, M|\n|teampreview|4\n|inactive|Battle timer is ON: inactive players will automatically lose when time's up. (requested by VGCLTH lily)\n|c|\u2606VGCLTH lily|:<\n|c|\u2606VGCLTH lily|it hates us huh baby\n|c|\u2606VGCLTH lily|-=-\n|c|\u2606vgclth elowyn|yh :<\n|inactive|VGCLTH lily has 60 seconds left.\n|inactive|vgclth elowyn has 60 seconds left.\n|\n|t:|1731595799\n|start\n|switch|p1a: Ninetales|Ninetales-Alola, L50, F, shiny|100\/100\n|switch|p1b: Archaludon|Archaludon, L50, M, shiny|100\/100\n|switch|p2a: Maushold|Maushold-Four, L50|100\/100\n|switch|p2b: Farigiraf|Farigiraf, L50, F|100\/100\n|-weather|Snow|[from] ability: Snow Warning|[of] p1a: Ninetales\n|turn|1\n|\n|t:|1731595814\n|move|p2a: Maushold|After You|p2b: Farigiraf\n|-activate|p2b: Farigiraf|move: After You\n|move|p2b: Farigiraf|Trick Room|p2b: Farigiraf\n|-fieldstart|move: Trick Room|[of] p2b: Farigiraf\n|move|p1b: Archaludon|Electro Shot||[still]\n|-prepare|p1b: Archaludon|Electro Shot\n|-boost|p1b: Archaludon|spa|1\n|-enditem|p1b: Archaludon|Power Herb\n|-anim|p1b: Archaludon|Electro Shot|p2a: Maushold\n|-damage|p2a: Maushold|12\/100\n|move|p1a: Ninetales|Aurora Veil|p1a: Ninetales\n|-sidestart|p1: VGCLTH lily|move: Aurora Veil\n|\n|-weather|Snow|[upkeep]\n|upkeep\n|turn|2\n|\n|t:|1731595833\n|move|p2b: Farigiraf|Twin Beam|p1a: Ninetales\n|-damage|p1a: Ninetales|88\/100\n|-damage|p1a: Ninetales|75\/100\n|-hitcount|p1a: Ninetales|2\n|move|p1b: Archaludon|Dragon Pulse|p2b: Farigiraf\n|-damage|p2b: Farigiraf|55\/100\n|move|p1a: Ninetales|Blizzard|p2a: Maushold|[spread] p2a,p2b\n|-damage|p2a: Maushold|0 fnt\n|-damage|p2b: Farigiraf|32\/100\n|faint|p2a: Maushold\n|\n|-weather|Snow|[upkeep]\n|upkeep\n|\n|t:|1731595838\n|switch|p2a: Torkoal|Torkoal, L50, M|100\/100\n|-weather|SunnyDay|[from] ability: Drought|[of] p2a: Torkoal\n|turn|3\n|\n|t:|1731595848\n|switch|p1a: Incineroar|Incineroar, L50, M, shiny|100\/100\n|-ability|p1a: Incineroar|Intimidate|boost\n|-unboost|p2a: Torkoal|atk|1\n|-unboost|p2b: Farigiraf|atk|1\n|-terastallize|p2a: Torkoal|Fire\n|move|p1b: Archaludon|Protect|p1b: Archaludon\n|-singleturn|p1b: Archaludon|Protect\n|move|p2a: Torkoal|Eruption|p1b: Archaludon|[spread] p1a\n|-activate|p1b: Archaludon|move: Protect\n|-resisted|p1a: Incineroar\n|-damage|p1a: Incineroar|59\/100\n|move|p2b: Farigiraf|Twin Beam|p1b: Archaludon\n|-activate|p1b: Archaludon|move: Protect\n|\n|-weather|SunnyDay|[upkeep]\n|upkeep\n|turn|4\n|\n|t:|1731595866\n|move|p2b: Farigiraf|Helping Hand|p2a: Torkoal\n|-singleturn|p2a: Torkoal|Helping Hand|[of] p2b: Farigiraf\n|move|p1a: Incineroar|Fake Out|p2a: Torkoal\n|-damage|p2a: Torkoal|93\/100\n|cant|p2a: Torkoal|flinch\n|move|p1b: Archaludon|Thunderbolt|p2a: Torkoal\n|-damage|p2a: Torkoal|38\/100\n|\n|-weather|SunnyDay|[upkeep]\n|upkeep\n|turn|5\n|-message|vgclth elowyn forfeited.\n|\n|win|VGCLTH lily\n|raw|VGCLTH lily's rating: 1660 &rarr; <strong>1688<\/strong><br \/>(+28 for winning)\n|raw|vgclth elowyn's rating: 1805 &rarr; <strong>1777<\/strong><br \/>(-28 for losing)\n","uploadtime":1731595878,"views":18,"formatid":"gen9vgc2024regh","rating":1688,"private":0,"password":null}