{"id":"gen9vgc2024regh-2243053744","format":"[Gen 9] VGC 2024 Reg H","players":["VGCLTH Cuwutie","teenage fanclub"],"log":"|raw|<div class=\"broadcast-blue\"><strong>This battle is required to be public due to a player having a name starting with 'vgclth'.<\/div>\n|j|\u2606VGCLTH Cuwutie\n|j|\u2606teenage fanclub\n|t:|1731506954\n|gametype|doubles\n|player|p1|VGCLTH Cuwutie|102|1734\n|player|p2|teenage fanclub|266|1702\n|teamsize|p1|6\n|teamsize|p2|6\n|gen|9\n|tier|[Gen 9] VGC 2024 Reg H\n|rated|\n|rule|Species Clause: Limit one of each Pok\u00e9mon\n|rule|Item Clause: Limit 1 of each item\n|clearpoke\n|poke|p1|Smeargle, L50, M|\n|poke|p1|Farigiraf, L50, F|\n|poke|p1|Grimmsnarl, L50, M|\n|poke|p1|Torkoal, L50, M|\n|poke|p1|Ursaluna-Bloodmoon, L50, M|\n|poke|p1|Araquanid, L50, F|\n|poke|p2|Vivillon-Fancy, L50, M|\n|poke|p2|Whimsicott, L50, F|\n|poke|p2|Typhlosion-Hisui, L50, F|\n|poke|p2|Archaludon, L50, M|\n|poke|p2|Dragonite, L50, M|\n|poke|p2|Annihilape, L50, F|\n|teampreview|4\n|inactive|Battle timer is ON: inactive players will automatically lose when time's up. (requested by teenage fanclub)\n|inactive|teenage fanclub has 60 seconds left.\n|inactive|teenage fanclub has 30 seconds left.\n|inactive|teenage fanclub has 20 seconds left.\n|\n|t:|1731507031\n|start\n|switch|p1a: Smeargle|Smeargle, L50, M|100\/100\n|switch|p1b: Farigiraf|Farigiraf, L50, F|100\/100\n|switch|p2a: Typhlosion|Typhlosion-Hisui, L50, F|100\/100\n|switch|p2b: Vivillon|Vivillon-Fancy, L50, M|100\/100\n|-item|p1a: Smeargle|Eject Pack|[from] ability: Frisk|[of] p2a: Typhlosion\n|-item|p1b: Farigiraf|Mental Herb|[from] ability: Frisk|[of] p2a: Typhlosion\n|turn|1\n|\n|t:|1731507043\n|-terastallize|p2b: Vivillon|Ghost\n|move|p1a: Smeargle|Wide Guard|p1a: Smeargle\n|-singleturn|p1a: Smeargle|Wide Guard\n|move|p2a: Typhlosion|Overheat|p1b: Farigiraf\n|-damage|p1b: Farigiraf|21\/100\n|-unboost|p2a: Typhlosion|spa|2\n|move|p2b: Vivillon|Hurricane|p1b: Farigiraf\n|-damage|p1b: Farigiraf|0 fnt\n|faint|p1b: Farigiraf\n|\n|-ability|p1a: Smeargle|Moody|boost\n|-boost|p1a: Smeargle|atk|2\n|-unboost|p1a: Smeargle|spd|1\n|-enditem|p1a: Smeargle|Eject Pack\n|upkeep\n|\n|t:|1731507053\n|switch|p1a: Ursaluna|Ursaluna-Bloodmoon, L50, M|100\/100\n|switch|p1b: Torkoal|Torkoal, L50, M|100\/100\n|-weather|SunnyDay|[from] ability: Drought|[of] p1b: Torkoal\n|turn|2\n|\n|t:|1731507073\n|switch|p1b: Smeargle|Smeargle, L50, M|100\/100\n|move|p1a: Ursaluna|Protect|p1a: Ursaluna\n|-singleturn|p1a: Ursaluna|Protect\n|move|p2a: Typhlosion|Overheat|p1b: Smeargle\n|-damage|p1b: Smeargle|0 fnt\n|-unboost|p2a: Typhlosion|spa|2\n|faint|p1b: Smeargle\n|move|p2b: Vivillon|Sleep Powder|p1a: Ursaluna\n|-activate|p1a: Ursaluna|move: Protect\n|\n|-weather|SunnyDay|[upkeep]\n|upkeep\n|\n|t:|1731507078\n|switch|p1b: Torkoal|Torkoal, L50, M|100\/100\n|turn|3\n|j| pikavgc111\n|\n|t:|1731507085\n|switch|p2a: Dragonite|Dragonite, L50, M|100\/100\n|-terastallize|p1a: Ursaluna|Normal\n|move|p2b: Vivillon|Sleep Powder|p1a: Ursaluna\n|-status|p1a: Ursaluna|slp|[from] move: Sleep Powder\n|cant|p1a: Ursaluna|slp\n|move|p1b: Torkoal|Eruption|p2b: Vivillon|[spread] p2a,p2b\n|-resisted|p2a: Dragonite\n|-damage|p2a: Dragonite|75\/100\n|-enditem|p2b: Vivillon|Focus Sash\n|-damage|p2b: Vivillon|1\/100\n|\n|-weather|SunnyDay|[upkeep]\n|upkeep\n|turn|4\n|j| VGCLTH John Pork\n|\n|t:|1731507107\n|move|p2b: Vivillon|Sleep Powder|p1b: Torkoal\n|-status|p1b: Torkoal|slp|[from] move: Sleep Powder\n|move|p2a: Dragonite|Earthquake|p1a: Ursaluna|[spread] p2b,p1a,p1b\n|-supereffective|p1b: Torkoal\n|-damage|p2b: Vivillon|0 fnt\n|-damage|p1a: Ursaluna|79\/100 slp\n|-damage|p1b: Torkoal|58\/100 slp\n|faint|p2b: Vivillon\n|cant|p1a: Ursaluna|slp\n|cant|p1b: Torkoal|slp\n|\n|-weather|SunnyDay|[upkeep]\n|upkeep\n|\n|t:|1731507111\n|switch|p2b: Typhlosion|Typhlosion-Hisui, L50, F|100\/100\n|-item|p1a: Ursaluna|Life Orb|[from] ability: Frisk|[of] p2b: Typhlosion\n|-item|p1b: Torkoal|Choice Specs|[from] ability: Frisk|[of] p2b: Typhlosion\n|turn|5\n|\n|t:|1731507115\n|move|p2b: Typhlosion|Eruption|p1a: Ursaluna|[spread] p1a,p1b\n|-resisted|p1b: Torkoal\n|-damage|p1a: Ursaluna|0 fnt\n|-damage|p1b: Torkoal|0 fnt\n|faint|p1a: Ursaluna\n|faint|p1b: Torkoal\n|\n|win|teenage fanclub\n|raw|VGCLTH Cuwutie's rating: 1734 &rarr; <strong>1712<\/strong><br \/>(-22 for losing)\n|raw|teenage fanclub's rating: 1702 &rarr; <strong>1724<\/strong><br \/>(+22 for winning)\n|l|\u2606teenage fanclub\n|player|p2|\n|l| pikavgc111\n|j| VGCLTH 2thyfor\n|l| VGCLTH John Pork\n|l|\u2606VGCLTH Cuwutie\n|player|p1|\n","uploadtime":1731507283,"views":23,"formatid":"gen9vgc2024regh","rating":1712,"private":0,"password":null}