{"id":"gen9vgc2024regh-2243998467","format":"[Gen 9] VGC 2024 Reg H","players":["VGCLTH Sac gaming","e8he8hei"],"log":"|raw|<div class=\"broadcast-blue\"><strong>This battle is required to be public due to a player having a name starting with 'vgclth'.<\/div>\n|j|\u2606VGCLTH Sac gaming\n|j|\u2606e8he8hei\n|t:|1731619614\n|gametype|doubles\n|player|p1|VGCLTH Sac gaming|steven|1702\n|player|p2|e8he8hei|lady-gen4|1780\n|teamsize|p1|6\n|teamsize|p2|6\n|gen|9\n|tier|[Gen 9] VGC 2024 Reg H\n|rated|\n|rule|Species Clause: Limit one of each Pok\u00e9mon\n|rule|Item Clause: Limit 1 of each item\n|clearpoke\n|poke|p1|Whimsicott, L50, F|\n|poke|p1|Dragonite, L50, M|\n|poke|p1|Ursaluna-Bloodmoon, L50, M|\n|poke|p1|Gholdengo, L50|\n|poke|p1|Incineroar, L50, F|\n|poke|p1|Annihilape, L50, F|\n|poke|p2|Tauros-Paldea-Aqua, L50, M|\n|poke|p2|Pelipper, L50, M|\n|poke|p2|Whimsicott, L50, M|\n|poke|p2|Incineroar, L50, F|\n|poke|p2|Sinistcha, L50|\n|poke|p2|Archaludon, L50, M|\n|teampreview|4\n|inactive|Battle timer is ON: inactive players will automatically lose when time's up. (requested by e8he8hei)\n|inactive|VGCLTH Sac gaming also wants the timer to be on.\nVGCLTH Sac gaming rejected open team sheets.\n|inactive|e8he8hei has 60 seconds left.\n|\n|t:|1731619656\n|start\n|switch|p1a: Whimsicott|Whimsicott, L50, F|100\/100\n|switch|p1b: Annihilape|Annihilape, L50, F|100\/100\n|switch|p2a: Whimsicott|Whimsicott, L50, M|100\/100\n|switch|p2b: Pelipper|Pelipper, L50, M|100\/100\n|-weather|RainDance|[from] ability: Drizzle|[of] p2b: Pelipper\n|turn|1\n|\n|t:|1731619671\n|move|p1a: Whimsicott|Tailwind|p1a: Whimsicott\n|-sidestart|p1: VGCLTH Sac gaming|move: Tailwind\n|move|p2a: Whimsicott|Tailwind|p2a: Whimsicott\n|-sidestart|p2: e8he8hei|move: Tailwind\n|move|p1b: Annihilape|Final Gambit|p2b: Pelipper\n|-damage|p2b: Pelipper|0 fnt\n|faint|p1b: Annihilape\n|faint|p2b: Pelipper\n|\n|-weather|RainDance|[upkeep]\n|upkeep\n|\n|t:|1731619681\n|switch|p1b: Gholdengo|Gholdengo, L50|100\/100\n|switch|p2b: Archaludon|Archaludon, L50, M|100\/100\n|turn|2\n|\n|t:|1731619692\n|move|p2a: Whimsicott|Moonblast|p1a: Whimsicott\n|-damage|p1a: Whimsicott|44\/100\n|move|p1a: Whimsicott|Moonblast|p2b: Archaludon\n|-damage|p2b: Archaludon|69\/100\n|-ability|p2b: Archaludon|Stamina|boost\n|-boost|p2b: Archaludon|def|1\n|move|p2b: Archaludon|Electro Shot||[still]\n|-prepare|p2b: Archaludon|Electro Shot\n|-boost|p2b: Archaludon|spa|1\n|-anim|p2b: Archaludon|Electro Shot|p1a: Whimsicott\n|-resisted|p1a: Whimsicott\n|-damage|p1a: Whimsicott|2\/100\n|move|p1b: Gholdengo|Shadow Ball|p2b: Archaludon\n|-damage|p2b: Archaludon|12\/100\n|-ability|p2b: Archaludon|Stamina|boost\n|-boost|p2b: Archaludon|def|1\n|\n|-weather|RainDance|[upkeep]\n|upkeep\n|turn|3\n|inactive|e8he8hei has 30 seconds left.\n|\n|t:|1731619726\n|switch|p1b: Ursaluna|Ursaluna-Bloodmoon, L50, M|100\/100\n|move|p1a: Whimsicott|Moonblast|p2b: Archaludon\n|-damage|p2b: Archaludon|0 fnt\n|faint|p2b: Archaludon\n|move|p2a: Whimsicott|Moonblast|p1a: Whimsicott\n|-damage|p1a: Whimsicott|0 fnt\n|faint|p1a: Whimsicott\n|\n|-weather|RainDance|[upkeep]\n|upkeep\n|\n|t:|1731619733\n|switch|p1a: Gholdengo|Gholdengo, L50|100\/100\n|switch|p2b: Tauros|Tauros-Paldea-Aqua, L50, M|100\/100\n|-ability|p2b: Tauros|Intimidate|boost\n|-unboost|p1a: Gholdengo|atk|1\n|-unboost|p1b: Ursaluna|atk|1\n|turn|4\n|\n|t:|1731619750\n|-terastallize|p2b: Tauros|Steel\n|-terastallize|p1b: Ursaluna|Normal\n|move|p2a: Whimsicott|Moonblast|p1b: Ursaluna\n|-damage|p1b: Ursaluna|74\/100\n|move|p2b: Tauros|Wave Crash|p1a: Gholdengo\n|-damage|p1a: Gholdengo|2\/100\n|-damage|p2b: Tauros|65\/100|[from] Recoil\n|move|p1a: Gholdengo|Thunderbolt|p2b: Tauros\n|-damage|p2b: Tauros|0 fnt\n|faint|p2b: Tauros\n|move|p1b: Ursaluna|Hyper Voice|p2a: Whimsicott\n|-enditem|p2a: Whimsicott|Focus Sash\n|-damage|p2a: Whimsicott|1\/100\n|\n|-weather|RainDance|[upkeep]\n|-sideend|p1: VGCLTH Sac gaming|move: Tailwind\n|-sideend|p2: e8he8hei|move: Tailwind\n|upkeep\n|turn|5\n|c|\u2606VGCLTH Sac gaming|gg\n|\n|t:|1731619771\n|move|p1b: Ursaluna|Vacuum Wave|p2a: Whimsicott\n|-resisted|p2a: Whimsicott\n|-damage|p2a: Whimsicott|0 fnt\n|faint|p2a: Whimsicott\n|\n|win|VGCLTH Sac gaming\n|raw|VGCLTH Sac gaming's rating: 1702 &rarr; <strong>1726<\/strong><br \/>(+24 for winning)\n|raw|e8he8hei's rating: 1780 &rarr; <strong>1756<\/strong><br \/>(-24 for losing)\n|l|\u2606e8he8hei\n|player|p2|\n","uploadtime":1731619777,"views":21,"formatid":"gen9vgc2024regh","rating":1726,"private":0,"password":null}