{"id":"gen9vgc2024regh-2243391906","format":"[Gen 9] VGC 2024 Reg H","players":["telephoniumz","VGCLTH Sac gaming"],"log":"|raw|<div class=\"broadcast-blue\"><strong>This battle is required to be public due to a player having a name starting with 'vgclth'.<\/div>\n|j|\u2606telephoniumz\n|j|\u2606VGCLTH Sac gaming\n|t:|1731541056\n|gametype|doubles\n|player|p1|telephoniumz|102|1844\n|player|p2|VGCLTH Sac gaming|steven|1750\n|teamsize|p1|6\n|teamsize|p2|6\n|gen|9\n|tier|[Gen 9] VGC 2024 Reg H\n|rated|\n|rule|Species Clause: Limit one of each Pok\u00e9mon\n|rule|Item Clause: Limit 1 of each item\n|clearpoke\n|poke|p1|Dondozo, L50, M|\n|poke|p1|Maushold-Four, L50|\n|poke|p1|Gholdengo, L50|\n|poke|p1|Ursaluna-Bloodmoon, L50, M|\n|poke|p1|Sneasler, L50, M|\n|poke|p1|Dragapult, L50, M|\n|poke|p2|Whimsicott, L50, M|\n|poke|p2|Dragonite, L50, M|\n|poke|p2|Ursaluna-Bloodmoon, L50, M|\n|poke|p2|Gholdengo, L50|\n|poke|p2|Incineroar, L50, M|\n|poke|p2|Annihilape, L50, F|\n|teampreview|4\nVGCLTH Sac gaming rejected open team sheets.\n|\n|t:|1731541096\n|start\n|switch|p1a: Gholdengo|Gholdengo, L50|100\/100\n|switch|p1b: Dragapult|Dragapult, L50, M|100\/100\n|switch|p2a: Whimsicott|Whimsicott, L50, M|100\/100\n|switch|p2b: Gholdengo|Gholdengo, L50|100\/100\n|turn|1\n|\n|t:|1731541108\n|-terastallize|p1a: Gholdengo|Steel\n|move|p1b: Dragapult|Protect|p1b: Dragapult\n|-singleturn|p1b: Dragapult|Protect\n|move|p2a: Whimsicott|Tailwind|p2a: Whimsicott\n|-sidestart|p2: VGCLTH Sac gaming|move: Tailwind\n|move|p2b: Gholdengo|Shadow Ball|p1b: Dragapult\n|-activate|p1b: Dragapult|move: Protect\n|move|p1a: Gholdengo|Make It Rain|p2b: Gholdengo|[spread] p2a,p2b\n|-supereffective|p2a: Whimsicott\n|-resisted|p2b: Gholdengo\n|-enditem|p2a: Whimsicott|Focus Sash\n|-damage|p2a: Whimsicott|1\/100\n|-damage|p2b: Gholdengo|43\/100\n|-unboost|p1a: Gholdengo|spa|1\n|\n|upkeep\n|turn|2\n|\n|t:|1731541123\n|switch|p1b: Dondozo|Dondozo, L50, M, shiny|100\/100\n|move|p2a: Whimsicott|Moonblast|p1a: Gholdengo\n|-resisted|p1a: Gholdengo\n|-damage|p1a: Gholdengo|79\/100\n|move|p2b: Gholdengo|Shadow Ball|p1a: Gholdengo\n|-damage|p1a: Gholdengo|8\/100\n|move|p1a: Gholdengo|Make It Rain|p2b: Gholdengo|[spread] p2a,p2b\n|-supereffective|p2a: Whimsicott\n|-resisted|p2b: Gholdengo\n|-damage|p2a: Whimsicott|0 fnt\n|-damage|p2b: Gholdengo|0 fnt\n|-unboost|p1a: Gholdengo|spa|1\n|faint|p2a: Whimsicott\n|faint|p2b: Gholdengo\n|\n|upkeep\n|\n|t:|1731541133\n|switch|p2a: Ursaluna|Ursaluna-Bloodmoon, L50, M|100\/100\n|switch|p2b: Annihilape|Annihilape, L50, F|100\/100\n|turn|3\n|\n|t:|1731541155\n|-terastallize|p2a: Ursaluna|Normal\n|move|p2b: Annihilape|Close Combat|p1b: Dondozo\n|-damage|p1b: Dondozo|67\/100\n|-unboost|p2b: Annihilape|def|1\n|-unboost|p2b: Annihilape|spd|1\n|move|p2a: Ursaluna|Blood Moon|p1b: Dondozo\n|-damage|p1b: Dondozo|0 fnt\n|faint|p1b: Dondozo\n|move|p1a: Gholdengo|Make It Rain|p2a: Ursaluna|[spread] p2a,p2b\n|-damage|p2a: Ursaluna|62\/100\n|-damage|p2b: Annihilape|18\/100\n|-unboost|p1a: Gholdengo|spa|1\n|\n|upkeep\n|\n|t:|1731541163\n|switch|p1b: Sneasler|Sneasler, L50, M|100\/100\n|turn|4\n|\n|t:|1731541174\n|move|p1b: Sneasler|Protect|p1b: Sneasler\n|-singleturn|p1b: Sneasler|Protect\n|move|p2b: Annihilape|Rage Fist|p1b: Sneasler\n|-activate|p1b: Sneasler|move: Protect\n|move|p2a: Ursaluna|Hyper Voice|p1b: Sneasler|[spread] p1a\n|-activate|p1b: Sneasler|move: Protect\n|-resisted|p1a: Gholdengo\n|-damage|p1a: Gholdengo|0 fnt\n|faint|p1a: Gholdengo\n|\n|-sideend|p2: VGCLTH Sac gaming|move: Tailwind\n|upkeep\n|\n|t:|1731541176\n|switch|p1a: Dragapult|Dragapult, L50, M|100\/100\n|turn|5\n|-message|VGCLTH Sac gaming forfeited.\n|\n|win|telephoniumz\n|raw|telephoniumz's rating: 1844 &rarr; <strong>1859<\/strong><br \/>(+15 for winning)\n|raw|VGCLTH Sac gaming's rating: 1750 &rarr; <strong>1735<\/strong><br \/>(-15 for losing)\n|l|\u2606VGCLTH Sac gaming\n|player|p2|\n|l|\u2606telephoniumz\n|player|p1|\n","uploadtime":1731541417,"views":30,"formatid":"gen9vgc2024regh","rating":1735,"private":0,"password":null}