{"id":"gen9vgc2024regh-2243999597","format":"[Gen 9] VGC 2024 Reg H","players":["VGCLTH fangame10","Jujahxh"],"log":"|raw|<div class=\"broadcast-blue\"><strong>This battle is required to be public due to a player having a name starting with 'vgclth'.<\/div>\n|j|\u2606VGCLTH fangame10\n|j|\u2606Jujahxh\n|t:|1731619732\n|gametype|doubles\n|player|p1|VGCLTH fangame10|red|1765\n|player|p2|Jujahxh|169|1641\n|teamsize|p1|6\n|teamsize|p2|6\n|gen|9\n|tier|[Gen 9] VGC 2024 Reg H\n|rated|\n|rule|Species Clause: Limit one of each Pok\u00e9mon\n|rule|Item Clause: Limit 1 of each item\n|clearpoke\n|poke|p1|Glaceon, L50, F|\n|poke|p1|Ninetales-Alola, L50, F|\n|poke|p1|Milotic, L50, M|\n|poke|p1|Skeledirge, L50, M|\n|poke|p1|Ursaluna-Bloodmoon, L50, M|\n|poke|p1|Annihilape, L50, F|\n|poke|p2|Annihilape, L50, F|\n|poke|p2|Maushold-Four, L50|\n|poke|p2|Dragapult, L50, F|\n|poke|p2|Grimmsnarl, L50, M|\n|poke|p2|Volcarona, L50, F|\n|poke|p2|Gholdengo, L50|\n|teampreview|4\n|inactive|Battle timer is ON: inactive players will automatically lose when time's up. (requested by VGCLTH fangame10)\n|j| GabrielHeen\n|j| Satansinlaw\n|inactive|VGCLTH fangame10 has 60 seconds left.\n|\n|t:|1731619765\n|start\n|switch|p1a: Ursaluna|Ursaluna-Bloodmoon, L50, M|100\/100\n|switch|p1b: Ninetales|Ninetales-Alola, L50, F, shiny|100\/100\n|switch|p2a: Grimmsnarl|Grimmsnarl, L50, M|100\/100\n|switch|p2b: Gholdengo|Gholdengo, L50|100\/100\n|-weather|Snow|[from] ability: Snow Warning|[of] p1b: Ninetales\n|turn|1\n|\n|t:|1731619783\n|move|p2a: Grimmsnarl|Light Screen|p2a: Grimmsnarl\n|-sidestart|p2: Jujahxh|move: Light Screen\n|move|p2b: Gholdengo|Make It Rain|p1b: Ninetales|[spread] p1a,p1b\n|-supereffective|p1b: Ninetales\n|-damage|p1a: Ursaluna|66\/100\n|-damage|p1b: Ninetales|0 fnt\n|-unboost|p2b: Gholdengo|spa|1\n|faint|p1b: Ninetales\n|move|p1a: Ursaluna|Earth Power|p2b: Gholdengo\n|-supereffective|p2b: Gholdengo\n|-damage|p2b: Gholdengo|17\/100\n|-unboost|p2b: Gholdengo|spd|1\n|\n|-weather|Snow|[upkeep]\n|upkeep\n|\n|t:|1731619786\n|switch|p1b: Milotic|Milotic, L50, M, shiny|100\/100\n|turn|2\n|\n|t:|1731619810\n|switch|p2b: Maushold|Maushold-Four, L50|100\/100\n|-terastallize|p1a: Ursaluna|Normal\n|move|p1b: Milotic|Life Dew||[still]|[spread] p1a,p1b\n|-heal|p1a: Ursaluna|91\/100\n|-fail|p1b: Milotic|heal\n|move|p2a: Grimmsnarl|Spirit Break|p1a: Ursaluna\n|-damage|p1a: Ursaluna|67\/100\n|-unboost|p1a: Ursaluna|spa|1\n|move|p1a: Ursaluna|Blood Moon|p2a: Grimmsnarl\n|-damage|p2a: Grimmsnarl|71\/100\n|\n|-weather|Snow|[upkeep]\n|upkeep\n|turn|3\n|\n|t:|1731619832\n|switch|p2b: Annihilape|Annihilape, L50, F|100\/100\n|switch|p1a: Skeledirge|Skeledirge, L50, M, shiny|100\/100\n|move|p2a: Grimmsnarl|Thunder Wave|p1a: Skeledirge\n|-status|p1a: Skeledirge|par\n|move|p1b: Milotic|Hypnosis|p2a: Grimmsnarl\n|-status|p2a: Grimmsnarl|slp|[from] move: Hypnosis\n|\n|-weather|Snow|[upkeep]\n|upkeep\n|turn|4\n|\n|t:|1731619856\n|switch|p2a: Maushold|Maushold-Four, L50|100\/100\n|move|p1b: Milotic|Coil|p1b: Milotic\n|-boost|p1b: Milotic|atk|1\n|-boost|p1b: Milotic|def|1\n|-boost|p1b: Milotic|accuracy|1\n|move|p2b: Annihilape|Bulk Up|p2b: Annihilape\n|-boost|p2b: Annihilape|atk|1\n|-boost|p2b: Annihilape|def|1\n|move|p1a: Skeledirge|Torch Song|p2a: Maushold\n|-damage|p2a: Maushold|72\/100\n|-boost|p1a: Skeledirge|spa|1\n|\n|-weather|Snow|[upkeep]\n|upkeep\n|turn|5\n|\n|t:|1731619867\n|move|p1a: Skeledirge|Protect|p1a: Skeledirge\n|-singleturn|p1a: Skeledirge|Protect\n|move|p2a: Maushold|Beat Up|p2b: Annihilape\n|-damage|p2b: Annihilape|99\/100\n|-damage|p2b: Annihilape|98\/100\n|-damage|p2b: Annihilape|97\/100\n|-hitcount|p2b: Annihilape|3\n|move|p1b: Milotic|Hypnosis|p2b: Annihilape|[miss]\n|-miss|p1b: Milotic|p2b: Annihilape\n|move|p2b: Annihilape|Rage Fist|p1a: Skeledirge\n|-activate|p1a: Skeledirge|move: Protect\n|\n|-weather|none\n|-heal|p2b: Annihilape|100\/100|[from] item: Leftovers\n|upkeep\n|turn|6\n|\n|t:|1731619886\n|move|p2a: Maushold|Beat Up|p2b: Annihilape\n|-damage|p2b: Annihilape|99\/100\n|-damage|p2b: Annihilape|98\/100\n|-damage|p2b: Annihilape|97\/100\n|-hitcount|p2b: Annihilape|3\n|move|p1b: Milotic|Hypnosis|p2b: Annihilape\n|-immune|p2b: Annihilape|[from] ability: Vital Spirit\n|move|p2b: Annihilape|Rage Fist|p1a: Skeledirge\n|-supereffective|p1a: Skeledirge\n|-damage|p1a: Skeledirge|0 fnt\n|faint|p1a: Skeledirge\n|\n|-heal|p2b: Annihilape|100\/100|[from] item: Leftovers\n|upkeep\n|-message|VGCLTH fangame10 forfeited.\n|\n|win|Jujahxh\n|raw|VGCLTH fangame10's rating: 1765 &rarr; <strong>1738<\/strong><br \/>(-27 for losing)\n|raw|Jujahxh's rating: 1641 &rarr; <strong>1668<\/strong><br \/>(+27 for winning)\n|l|\u2606VGCLTH fangame10\n|player|p1|\n|l|\u2606Jujahxh\n|player|p2|\n|l| Satansinlaw\n|l| GabrielHeen\n","uploadtime":1731620132,"views":35,"formatid":"gen9vgc2024regh","rating":1668,"private":0,"password":null}