{"id":"gen9vgc2024regh-2243283095","format":"[Gen 9] VGC 2024 Reg H","players":["Paperopazzo","chin8"],"log":"|j|\u2606Paperopazzo\n|j|\u2606chin8\n|t:|1731529295\n|gametype|doubles\n|player|p1|Paperopazzo|101|1701\n|player|p2|chin8|gentleman-gen4dp|1718\n|teamsize|p1|6\n|teamsize|p2|6\n|gen|9\n|tier|[Gen 9] VGC 2024 Reg H\n|rated|\n|rule|Species Clause: Limit one of each Pok\u00e9mon\n|rule|Item Clause: Limit 1 of each item\n|clearpoke\n|poke|p1|Gliscor, L50, M|\n|poke|p1|Dragapult, L50, F|\n|poke|p1|Sneasler, L50, F|\n|poke|p1|Indeedee, L50, M|\n|poke|p1|Delphox, L50, M|\n|poke|p1|Ninetales-Alola, L50, F|\n|poke|p2|Baxcalibur, L50, M|\n|poke|p2|Kilowattrel, L50, F|\n|poke|p2|Granbull, L50, M|\n|poke|p2|Gardevoir, L50, M|\n|poke|p2|Magmortar, L50, M|\n|poke|p2|Gholdengo, L50|\n|teampreview|4\n|inactive|Battle timer is ON: inactive players will automatically lose when time's up. (requested by chin8)\n|\n|t:|1731529326\n|start\n|switch|p1a: Gliscor|Gliscor, L50, M|100\/100\n|switch|p1b: Indeedee|Indeedee, L50, M|100\/100\n|switch|p2a: Kilowattrel|Kilowattrel, L50, F|100\/100\n|switch|p2b: Baxcalibur|Baxcalibur, L50, M|100\/100\n|-fieldstart|move: Psychic Terrain|[from] ability: Psychic Surge|[of] p1b: Indeedee\n|turn|1\n|\n|t:|1731529340\n|-terastallize|p1a: Gliscor|Ground\n|-terastallize|p2b: Baxcalibur|Ground\n|move|p1b: Indeedee|Expanding Force|p2a: Kilowattrel|[spread] p2a,p2b\n|-enditem|p2a: Kilowattrel|Focus Sash\n|-damage|p2a: Kilowattrel|1\/100\n|-damage|p2b: Baxcalibur|70\/100\n|move|p2a: Kilowattrel|Tailwind|p2a: Kilowattrel\n|-sidestart|p2: chin8|move: Tailwind\n|move|p2b: Baxcalibur|Earthquake|p1b: Indeedee|[spread] p1a,p1b\n|-immune|p2a: Kilowattrel\n|-damage|p1a: Gliscor|63\/100\n|-damage|p1b: Indeedee|0 fnt\n|faint|p1b: Indeedee\n|move|p1a: Gliscor|Tailwind|p1a: Gliscor\n|-sidestart|p1: Paperopazzo|move: Tailwind\n|\n|upkeep\n|\n|t:|1731529355\n|switch|p1b: Delphox|Delphox, L50, M|100\/100\n|turn|2\n|\n|t:|1731529375\n|move|p1b: Delphox|Protect|p1b: Delphox\n|-singleturn|p1b: Delphox|Protect\n|move|p2a: Kilowattrel|Air Slash|p1a: Gliscor|[miss]\n|-miss|p2a: Kilowattrel|p1a: Gliscor\n|move|p1a: Gliscor|Dual Wingbeat|p2a: Kilowattrel|[miss]\n|-miss|p1a: Gliscor|p2a: Kilowattrel\n|move|p2b: Baxcalibur|Earthquake|p1a: Gliscor|[spread] p1a\n|-activate|p1b: Delphox|move: Protect\n|-immune|p2a: Kilowattrel\n|-damage|p1a: Gliscor|25\/100\n|-enditem|p1a: Gliscor|Sitrus Berry|[eat]\n|-heal|p1a: Gliscor|49\/100|[from] item: Sitrus Berry\n|\n|upkeep\n|turn|3\n|\n|t:|1731529389\n|move|p2a: Kilowattrel|Air Slash|p1a: Gliscor\n|-damage|p1a: Gliscor|11\/100\n|move|p1b: Delphox|Expanding Force|p2b: Baxcalibur|[spread] p2a,p2b\n|-damage|p2a: Kilowattrel|0 fnt\n|-damage|p2b: Baxcalibur|33\/100\n|faint|p2a: Kilowattrel\n|-damage|p1b: Delphox|91\/100|[from] item: Life Orb\n|move|p1a: Gliscor|High Horsepower|p2b: Baxcalibur\n|-damage|p2b: Baxcalibur|0 fnt\n|faint|p2b: Baxcalibur\n|\n|upkeep\n|\n|t:|1731529395\n|switch|p2a: Gholdengo|Gholdengo, L50|100\/100\n|switch|p2b: Magmortar|Magmortar, L50, M|100\/100\n|turn|4\n|inactive|Paperopazzo has 30 seconds left.\n|\n|t:|1731529421\n|move|p2b: Magmortar|Protect|p2b: Magmortar\n|-singleturn|p2b: Magmortar|Protect\n|move|p1b: Delphox|Expanding Force|p2b: Magmortar|[spread] p2a\n|-activate|p2b: Magmortar|move: Protect\n|-resisted|p2a: Gholdengo\n|-damage|p2a: Gholdengo|64\/100\n|-damage|p1b: Delphox|81\/100|[from] item: Life Orb\n|move|p1a: Gliscor|High Horsepower|p2b: Magmortar\n|-activate|p2b: Magmortar|move: Protect\n|move|p2a: Gholdengo|Shadow Ball|p1a: Gliscor\n|-damage|p1a: Gliscor|0 fnt\n|faint|p1a: Gliscor\n|\n|-heal|p2a: Gholdengo|71\/100|[from] item: Leftovers\n|-sideend|p1: Paperopazzo|move: Tailwind\n|-sideend|p2: chin8|move: Tailwind\n|upkeep\n|\n|t:|1731529425\n|switch|p1a: Dragapult|Dragapult, L50, F|100\/100\n|turn|5\n|\n|t:|1731529439\n|move|p1b: Delphox|Protect|p1b: Delphox\n|-singleturn|p1b: Delphox|Protect\n|move|p1a: Dragapult|Phantom Force||[still]\n|-prepare|p1a: Dragapult|Phantom Force\n|move|p2a: Gholdengo|Shadow Ball|p1b: Delphox\n|-activate|p1b: Delphox|move: Protect\n|move|p2b: Magmortar|Heat Wave|p1a: Dragapult|[spread] \n|-miss|p2b: Magmortar|p1a: Dragapult\n|-activate|p1b: Delphox|move: Protect\n|\n|-heal|p2a: Gholdengo|77\/100|[from] item: Leftovers\n|-fieldend|move: Psychic Terrain\n|upkeep\n|turn|6\n|\n|t:|1731529452\n|move|p2b: Magmortar|Follow Me|p2b: Magmortar\n|-singleturn|p2b: Magmortar|move: Follow Me\n|move|p1a: Dragapult|Phantom Force|p2b: Magmortar|[from]lockedmove\n|-damage|p2b: Magmortar|21\/100\n|-status|p1a: Dragapult|brn|[from] ability: Flame Body|[of] p2b: Magmortar\n|-enditem|p2b: Magmortar|Sitrus Berry|[eat]\n|-heal|p2b: Magmortar|46\/100|[from] item: Sitrus Berry\n|move|p1b: Delphox|Heat Wave|p2a: Gholdengo|[spread] p2a,p2b\n|-supereffective|p2a: Gholdengo\n|-resisted|p2b: Magmortar\n|-damage|p2a: Gholdengo|0 fnt\n|-damage|p2b: Magmortar|26\/100\n|faint|p2a: Gholdengo\n|-damage|p1b: Delphox|71\/100|[from] item: Life Orb\n|\n|-damage|p1a: Dragapult|94\/100 brn|[from] brn\n|upkeep\n|turn|7\n|-message|chin8 forfeited.\n|\n|win|Paperopazzo\n|raw|Paperopazzo's rating: 1701 &rarr; <strong>1722<\/strong><br \/>(+21 for winning)\n|raw|chin8's rating: 1718 &rarr; <strong>1697<\/strong><br \/>(-21 for losing)\n|l|\u2606chin8\n|player|p2|\n|l|\u2606Paperopazzo\n|player|p1|\n","uploadtime":1731529671,"views":24,"formatid":"gen9vgc2024regh","rating":1697,"private":0,"password":null}