{"id":"gen9vgc2024regh-2243316444","format":"[Gen 9] VGC 2024 Reg H","players":["winterbreak","Sazandoramx"],"log":"|j|\u2606winterbreak\n|j|\u2606Sazandoramx\n|t:|1731532678\n|gametype|doubles\n|player|p1|winterbreak|lucas-gen4pt|1792\n|player|p2|Sazandoramx|102|1739\n|teamsize|p1|6\n|teamsize|p2|6\n|gen|9\n|tier|[Gen 9] VGC 2024 Reg H\n|rated|\n|rule|Species Clause: Limit one of each Pok\u00e9mon\n|rule|Item Clause: Limit 1 of each item\n|clearpoke\n|poke|p1|Pelipper, L50, F|\n|poke|p1|Archaludon, L50, F|\n|poke|p1|Grimmsnarl, L50, M|\n|poke|p1|Gholdengo, L50|\n|poke|p1|Incineroar, L50, F|\n|poke|p1|Ursaluna-Bloodmoon, L50, M|\n|poke|p2|Hatterene, L50, F|\n|poke|p2|Indeedee-F, L50, F|\n|poke|p2|Armarouge, L50, M|\n|poke|p2|Ursaluna, L50, M|\n|poke|p2|Annihilape, L50, M|\n|poke|p2|Torkoal, L50, F|\n|teampreview|4\n|\n|t:|1731532725\n|start\n|switch|p1a: Grimmsnarl|Grimmsnarl, L50, M|100\/100\n|switch|p1b: Gholdengo|Gholdengo, L50|100\/100\n|switch|p2a: Hatterene|Hatterene, L50, F|100\/100\n|switch|p2b: Annihilape|Annihilape, L50, M|100\/100\n|turn|1\n|inactive|Battle timer is ON: inactive players will automatically lose when time's up. (requested by Sazandoramx)\n|inactive|winterbreak has 60 seconds left.\n|\n|t:|1731532821\n|-terastallize|p2a: Hatterene|Water\n|move|p1a: Grimmsnarl|Reflect|p1a: Grimmsnarl\n|-sidestart|p1: winterbreak|Reflect\n|move|p2b: Annihilape|Final Gambit|p1a: Grimmsnarl\n|-damage|p1a: Grimmsnarl|0 fnt\n|faint|p2b: Annihilape\n|faint|p1a: Grimmsnarl\n|move|p1b: Gholdengo|Nasty Plot|p1b: Gholdengo\n|-boost|p1b: Gholdengo|spa|2\n|move|p2a: Hatterene|Trick Room|p2a: Hatterene\n|-fieldstart|move: Trick Room|[of] p2a: Hatterene\n|\n|upkeep\n|\n|t:|1731532851\n|switch|p1a: Ursaluna|Ursaluna-Bloodmoon, L50, M|100\/100\n|switch|p2b: Indeedee|Indeedee-F, L50, F|100\/100\n|-fieldstart|move: Psychic Terrain|[from] ability: Psychic Surge|[of] p2b: Indeedee\n|turn|2\n|inactive|winterbreak has 30 seconds left.\n|inactive|Sazandoramx has 30 seconds left.\n|\n|t:|1731532881\n|move|p2b: Indeedee|Helping Hand|p2a: Hatterene\n|-singleturn|p2a: Hatterene|Helping Hand|[of] p2b: Indeedee\n|move|p1a: Ursaluna|Protect|p1a: Ursaluna\n|-singleturn|p1a: Ursaluna|Protect\n|move|p2a: Hatterene|Expanding Force|p1b: Gholdengo|[spread] p1b\n|-activate|p1a: Ursaluna|move: Protect\n|-resisted|p1b: Gholdengo\n|-damage|p1b: Gholdengo|34\/100\n|-damage|p2a: Hatterene|91\/100|[from] item: Life Orb\n|move|p1b: Gholdengo|Make It Rain|p2b: Indeedee|[spread] p2a,p2b\n|-resisted|p2a: Hatterene\n|-damage|p2a: Hatterene|43\/100\n|-damage|p2b: Indeedee|20\/100\n|-unboost|p1b: Gholdengo|spa|1\n|\n|-heal|p1b: Gholdengo|40\/100|[from] item: Leftovers\n|upkeep\n|turn|3\n|inactive|winterbreak has 30 seconds left.\n|inactive|Sazandoramx has 30 seconds left.\n|inactive|winterbreak has 20 seconds left.\n|inactive|Sazandoramx has 20 seconds left.\n|inactive|Sazandoramx has 15 seconds left.\n|inactive|Sazandoramx has 10 seconds left.\n|inactive|winterbreak has 15 seconds left.\n|inactive|Sazandoramx has 5 seconds left.\n|\n|t:|1731532931\n|switch|p2b: Torkoal|Torkoal, L50, F|100\/100\n|-weather|SunnyDay|[from] ability: Drought|[of] p2b: Torkoal\n|move|p1b: Gholdengo|Protect|p1b: Gholdengo\n|-singleturn|p1b: Gholdengo|Protect\n|move|p2a: Hatterene|Expanding Force|p1a: Ursaluna|[spread] p1a\n|-activate|p1b: Gholdengo|move: Protect\n|-enditem|p1a: Ursaluna|Focus Sash\n|-damage|p1a: Ursaluna|1\/100\n|-damage|p2a: Hatterene|34\/100|[from] item: Life Orb\n|move|p1a: Ursaluna|Blood Moon|p2a: Hatterene\n|-damage|p2a: Hatterene|0 fnt\n|faint|p2a: Hatterene\n|\n|-weather|SunnyDay|[upkeep]\n|-heal|p1b: Gholdengo|46\/100|[from] item: Leftovers\n|upkeep\n|\n|t:|1731532951\n|switch|p2a: Indeedee|Indeedee-F, L50, F|20\/100\n|turn|4\n|inactive|winterbreak has 30 seconds left.\n|\n|t:|1731532980\n|switch|p1a: Pelipper|Pelipper, L50, F|100\/100\n|-weather|RainDance|[from] ability: Drizzle|[of] p1a: Pelipper\n|-terastallize|p1b: Gholdengo|Water\n|move|p2a: Indeedee|Helping Hand|p2b: Torkoal\n|-singleturn|p2b: Torkoal|Helping Hand|[of] p2a: Indeedee\n|move|p2b: Torkoal|Eruption|p1b: Gholdengo|[spread] p1a,p1b\n|-resisted|p1a: Pelipper\n|-resisted|p1b: Gholdengo\n|-damage|p1a: Pelipper|52\/100\n|-damage|p1b: Gholdengo|19\/100\n|move|p1b: Gholdengo|Make It Rain|p2b: Torkoal|[spread] p2a,p2b\n|-resisted|p2b: Torkoal\n|-damage|p2a: Indeedee|0 fnt\n|-damage|p2b: Torkoal|56\/100\n|-unboost|p1b: Gholdengo|spa|1\n|faint|p2a: Indeedee\n|\n|-weather|RainDance|[upkeep]\n|-heal|p1b: Gholdengo|25\/100|[from] item: Leftovers\n|upkeep\n|turn|5\n|c|\u2606winterbreak|lolwhat is reflect\n|\n|t:|1731533004\n|move|p1b: Gholdengo|Protect|p1b: Gholdengo\n|-singleturn|p1b: Gholdengo|Protect\n|move|p2b: Torkoal|Eruption|p1a: Pelipper|[spread] p1a\n|-activate|p1b: Gholdengo|move: Protect\n|-resisted|p1a: Pelipper\n|-damage|p1a: Pelipper|35\/100\n|move|p1a: Pelipper|Weather Ball|p2b: Torkoal\n|-supereffective|p2b: Torkoal\n|-damage|p2b: Torkoal|0 fnt\n|faint|p2b: Torkoal\n|\n|win|winterbreak\n|raw|winterbreak's rating: 1792 &rarr; <strong>1809<\/strong><br \/>(+17 for winning)\n|raw|Sazandoramx's rating: 1739 &rarr; <strong>1722<\/strong><br \/>(-17 for losing)\n|l|\u2606Sazandoramx\n|player|p2|\n|l|\u2606winterbreak\n|player|p1|\n","uploadtime":1731533156,"views":25,"formatid":"gen9vgc2024regh","rating":1722,"private":0,"password":null}