{"id":"gen9vgc2024regh-2243409319","format":"[Gen 9] VGC 2024 Reg H","players":["grovyleuwu","googer315"],"log":"|j|\u2606grovyleuwu\n|j|\u2606googer315\n|t:|1731543200\n|gametype|doubles\n|player|p1|grovyleuwu|whitney|1849\n|player|p2|googer315|169|1771\n|teamsize|p1|6\n|teamsize|p2|6\n|gen|9\n|tier|[Gen 9] VGC 2024 Reg H\n|rated|\n|rule|Species Clause: Limit one of each Pok\u00e9mon\n|rule|Item Clause: Limit 1 of each item\n|clearpoke\n|poke|p1|Pelipper, L50, M|\n|poke|p1|Sneasler, L50, M|\n|poke|p1|Archaludon, L50, F|\n|poke|p1|Indeedee, L50, M|\n|poke|p1|Basculegion, L50, M|\n|poke|p1|Talonflame, L50, F|\n|poke|p2|Dondozo, L50, F|\n|poke|p2|Tatsugiri, L50, F|\n|poke|p2|Glimmora, L50, F|\n|poke|p2|Maushold, L50|\n|poke|p2|Annihilape, L50, F|\n|poke|p2|Gholdengo, L50|\n|teampreview|4\n|inactive|Battle timer is ON: inactive players will automatically lose when time's up. (requested by grovyleuwu)\n|\n|t:|1731543213\n|start\n|switch|p1a: Talonflame|Talonflame, L50, F|100\/100\n|switch|p1b: Archaludon|Archaludon, L50, F|100\/100\n|switch|p2a: Gholdengo|Gholdengo, L50|100\/100\n|switch|p2b: Glimmora|Glimmora, L50, F|100\/100\n|turn|1\n|\n|t:|1731543229\n|-terastallize|p1b: Archaludon|Electric\n|-terastallize|p2b: Glimmora|Ground\n|move|p1a: Talonflame|Tailwind|p1a: Talonflame\n|-sidestart|p1: grovyleuwu|move: Tailwind\n|move|p1b: Archaludon|Electro Shot||[still]\n|-prepare|p1b: Archaludon|Electro Shot\n|-boost|p1b: Archaludon|spa|1\n|-enditem|p1b: Archaludon|Power Herb\n|-anim|p1b: Archaludon|Electro Shot|p2a: Gholdengo\n|-damage|p2a: Gholdengo|0 fnt\n|faint|p2a: Gholdengo\n|move|p2b: Glimmora|Earth Power|p1b: Archaludon\n|-supereffective|p1b: Archaludon\n|-ability|p1b: Archaludon|Sturdy\n|-damage|p1b: Archaludon|1\/100\n|\n|upkeep\n|\n|t:|1731543243\n|switch|p2a: Dondozo|Dondozo, L50, F|100\/100\n|turn|2\n|\n|t:|1731543253\n|move|p1b: Archaludon|Protect|p1b: Archaludon\n|-singleturn|p1b: Archaludon|Protect\n|move|p2a: Dondozo|Protect|p2a: Dondozo\n|-singleturn|p2a: Dondozo|Protect\n|move|p1a: Talonflame|Will-O-Wisp|p2a: Dondozo\n|-activate|p2a: Dondozo|move: Protect\n|move|p2b: Glimmora|Power Gem|p1a: Talonflame\n|-supereffective|p1a: Talonflame\n|-damage|p1a: Talonflame|0 fnt\n|faint|p1a: Talonflame\n|\n|upkeep\n|\n|t:|1731543259\n|switch|p1a: Pelipper|Pelipper, L50, M|100\/100\n|-weather|RainDance|[from] ability: Drizzle|[of] p1a: Pelipper\n|turn|3\n|j| number86\n|\n|t:|1731543271\n|switch|p2b: Tatsugiri|Tatsugiri, L50, F|100\/100\n|-activate|p2b: Tatsugiri|ability: Commander|[of] p2a: Dondozo\n|-boost|p2a: Dondozo|atk|2\n|-boost|p2a: Dondozo|spa|2\n|-boost|p2a: Dondozo|spe|2\n|-boost|p2a: Dondozo|def|2\n|-boost|p2a: Dondozo|spd|2\n|move|p1a: Pelipper|Weather Ball|p2b: Tatsugiri|[miss]\n|-miss|p1a: Pelipper|p2b: Tatsugiri\n|move|p1b: Archaludon|Electro Shot||[still]\n|-prepare|p1b: Archaludon|Electro Shot\n|-boost|p1b: Archaludon|spa|1\n|-anim|p1b: Archaludon|Electro Shot|p2a: Dondozo\n|-supereffective|p2a: Dondozo\n|-damage|p2a: Dondozo|50\/100\n|move|p2a: Dondozo|Order Up|p1b: Archaludon\n|-damage|p1b: Archaludon|0 fnt\n|faint|p1b: Archaludon\n|-boost|p2a: Dondozo|atk|1\n|\n|-weather|RainDance|[upkeep]\n|-heal|p2a: Dondozo|56\/100|[from] item: Leftovers\n|upkeep\n|\n|t:|1731543273\n|switch|p1b: Indeedee|Indeedee, L50, M|100\/100\n|-fieldstart|move: Psychic Terrain|[from] ability: Psychic Surge|[of] p1b: Indeedee\n|turn|4\n|l| number86\n|\n|t:|1731543293\n|move|p2a: Dondozo|Protect|p2a: Dondozo\n|-singleturn|p2a: Dondozo|Protect\n|move|p1a: Pelipper|Weather Ball|p2a: Dondozo\n|-activate|p2a: Dondozo|move: Protect\n|move|p1b: Indeedee|Expanding Force|p2b: Tatsugiri|[spread] \n|-miss|p1b: Indeedee|p2b: Tatsugiri\n|-activate|p2a: Dondozo|move: Protect\n|\n|-weather|RainDance|[upkeep]\n|-heal|p2a: Dondozo|62\/100|[from] item: Leftovers\n|-sideend|p1: grovyleuwu|move: Tailwind\n|upkeep\n|turn|5\n|\n|t:|1731543306\n|move|p1a: Pelipper|Weather Ball|p2a: Dondozo\n|-resisted|p2a: Dondozo\n|-damage|p2a: Dondozo|51\/100\n|move|p1b: Indeedee|Expanding Force|p2b: Tatsugiri|[spread] p2a\n|-miss|p1b: Indeedee|p2b: Tatsugiri\n|-damage|p2a: Dondozo|29\/100\n|move|p2a: Dondozo|Wave Crash|p1b: Indeedee\n|-enditem|p1b: Indeedee|Focus Sash\n|-damage|p1b: Indeedee|1\/100\n|-damage|p2a: Dondozo|11\/100|[from] Recoil\n|\n|-weather|RainDance|[upkeep]\n|-heal|p2a: Dondozo|17\/100|[from] item: Leftovers\n|upkeep\n|turn|6\n|\n|t:|1731543323\n|move|p2a: Dondozo|Protect|p2a: Dondozo\n|-singleturn|p2a: Dondozo|Protect\n|move|p1a: Pelipper|Weather Ball|p2a: Dondozo\n|-activate|p2a: Dondozo|move: Protect\n|move|p1b: Indeedee|Expanding Force|p2b: Tatsugiri|[spread] \n|-miss|p1b: Indeedee|p2b: Tatsugiri\n|-activate|p2a: Dondozo|move: Protect\n|\n|-weather|RainDance|[upkeep]\n|-heal|p2a: Dondozo|23\/100|[from] item: Leftovers\n|upkeep\n|turn|7\n|\n|t:|1731543335\n|move|p1a: Pelipper|Weather Ball|p2a: Dondozo\n|-resisted|p2a: Dondozo\n|-damage|p2a: Dondozo|11\/100\n|move|p1b: Indeedee|Expanding Force|p2a: Dondozo|[spread] p2a\n|-miss|p1b: Indeedee|p2b: Tatsugiri\n|-damage|p2a: Dondozo|0 fnt\n|faint|p2a: Dondozo\n|\n|-weather|none\n|upkeep\n|\n|t:|1731543343\n|switch|p2a: Glimmora|Glimmora, L50, F, tera:Ground|100\/100\n|turn|8\n|\n|t:|1731543350\n|move|p2a: Glimmora|Spiky Shield|p2a: Glimmora\n|-singleturn|p2a: Glimmora|move: Protect\n|move|p1a: Pelipper|Weather Ball|p2b: Tatsugiri\n|-damage|p2b: Tatsugiri|83\/100\n|move|p1b: Indeedee|Expanding Force|p2b: Tatsugiri|[spread] p2b\n|-activate|p2a: Glimmora|move: Protect\n|-damage|p2b: Tatsugiri|12\/100\n|move|p2b: Tatsugiri|Icy Wind|p1a: Pelipper|[spread] p1a,p1b\n|-damage|p1a: Pelipper|78\/100\n|-damage|p1b: Indeedee|0 fnt\n|-unboost|p1a: Pelipper|spe|1\n|faint|p1b: Indeedee\n|\n|-fieldend|move: Psychic Terrain\n|upkeep\n|turn|9\n|-message|grovyleuwu forfeited.\n|\n|win|googer315\n|raw|grovyleuwu's rating: 1849 &rarr; <strong>1825<\/strong><br \/>(-24 for losing)\n|raw|googer315's rating: 1771 &rarr; <strong>1795<\/strong><br \/>(+24 for winning)\n|l|\u2606grovyleuwu\n|player|p1|\n|l|\u2606googer315\n|player|p2|\n","uploadtime":1731543518,"views":42,"formatid":"gen9vgc2024regh","rating":1795,"private":0,"password":null}