{"id":"gen9vgc2024regh-2243698572","format":"[Gen 9] VGC 2024 Reg H","players":["GB Five","VGCLTH SWM"],"log":"|raw|<div class=\"broadcast-blue\"><strong>This battle is required to be public due to a player having a name starting with 'vgclth'.<\/div>\n|j|\u2606GB Five\n|j|\u2606VGCLTH SWM\n|t:|1731589551\n|gametype|doubles\n|player|p1|GB Five|265|1782\n|player|p2|VGCLTH SWM|hugh|1807\n|teamsize|p1|6\n|teamsize|p2|6\n|gen|9\n|tier|[Gen 9] VGC 2024 Reg H\n|rated|\n|rule|Species Clause: Limit one of each Pok\u00e9mon\n|rule|Item Clause: Limit 1 of each item\n|clearpoke\n|poke|p1|Weezing, L50, M|\n|poke|p1|Toedscruel, L50, F|\n|poke|p1|Oricorio-Sensu, L50, M|\n|poke|p1|Volcarona, L50, F|\n|poke|p1|Slaking, L50, F|\n|poke|p1|Meowscarada, L50, F|\n|poke|p2|Pelipper, L50, M|\n|poke|p2|Archaludon, L50, M|\n|poke|p2|Rillaboom, L50, F|\n|poke|p2|Sneasler, L50, M|\n|poke|p2|Incineroar, L50, M|\n|poke|p2|Gholdengo, L50|\n|teampreview|4\n|\n|t:|1731589570\n|start\n|switch|p1a: Weezing|Weezing, L50, M|100\/100\n|switch|p1b: Toedscruel|Toedscruel, L50, F|100\/100\n|switch|p2a: Rillaboom|Rillaboom, L50, F|100\/100\n|switch|p2b: Sneasler|Sneasler, L50, M|100\/100\n|-ability|p1a: Weezing|Neutralizing Gas\n|turn|1\n|\n|t:|1731589584\n|-terastallize|p1b: Toedscruel|Ghost\n|move|p2b: Sneasler|Protect|p2b: Sneasler\n|-singleturn|p2b: Sneasler|Protect\n|move|p1b: Toedscruel|Spore|p2b: Sneasler\n|-activate|p2b: Sneasler|move: Protect\n|move|p2a: Rillaboom|Wood Hammer|p1b: Toedscruel\n|-damage|p1b: Toedscruel|24\/100\n|-damage|p2a: Rillaboom|79\/100|[from] Recoil\n|move|p1a: Weezing|Gunk Shot|p2a: Rillaboom\n|-supereffective|p2a: Rillaboom\n|-damage|p2a: Rillaboom|0 fnt\n|faint|p2a: Rillaboom\n|-damage|p1a: Weezing|91\/100|[from] item: Life Orb\n|\n|upkeep\n|\n|t:|1731589595\n|switch|p2a: Archaludon|Archaludon, L50, M|100\/100\n|turn|2\n|\n|t:|1731589615\n|-terastallize|p2a: Archaludon|Electric\n|move|p1b: Toedscruel|Spore|p2b: Sneasler\n|-status|p2b: Sneasler|slp|[from] move: Spore\n|cant|p2b: Sneasler|slp\n|move|p2a: Archaludon|Electro Shot||[still]\n|-prepare|p2a: Archaludon|Electro Shot\n|-boost|p2a: Archaludon|spa|1\n|-enditem|p2a: Archaludon|Power Herb\n|-anim|p2a: Archaludon|Electro Shot|p1a: Weezing\n|-damage|p1a: Weezing|0 fnt\n|faint|p1a: Weezing\n|-end|p1a: Weezing|ability: Neutralizing Gas\n|\n|upkeep\n|\n|t:|1731589629\n|switch|p1a: Volcarona|Volcarona, L50, F|100\/100\n|turn|3\n|\n|t:|1731589637\n|cant|p2b: Sneasler|slp\n|move|p2a: Archaludon|Dragon Pulse|p1a: Volcarona\n|-crit|p1a: Volcarona\n|-damage|p1a: Volcarona|10\/100\n|move|p1a: Volcarona|Quiver Dance|p1a: Volcarona\n|-boost|p1a: Volcarona|spa|1\n|-boost|p1a: Volcarona|spd|1\n|-boost|p1a: Volcarona|spe|1\n|move|p1b: Toedscruel|Spore|p2a: Archaludon\n|-status|p2a: Archaludon|slp|[from] move: Spore\n|\n|-heal|p1a: Volcarona|16\/100|[from] item: Leftovers\n|upkeep\n|turn|4\n|\n|t:|1731589655\n|switch|p1b: Oricorio|Oricorio-Sensu, L50, M|100\/100\n|switch|p2a: Pelipper|Pelipper, L50, M|100\/100\n|-weather|RainDance|[from] ability: Drizzle|[of] p2a: Pelipper\n|move|p1a: Volcarona|Fiery Dance|p2b: Sneasler\n|-damage|p2b: Sneasler|65\/100 slp\n|-activate|p1b: Oricorio|ability: Dancer\n|move|p1b: Oricorio|Fiery Dance|p2b: Sneasler|[from]ability: Dancer\n|-damage|p2b: Sneasler|54\/100 slp\n|cant|p2b: Sneasler|slp\n|\n|-weather|RainDance|[upkeep]\n|-heal|p1a: Volcarona|22\/100|[from] item: Leftovers\n|upkeep\n|turn|5\n|\n|t:|1731589696\n|move|p1a: Volcarona|Protect|p1a: Volcarona\n|-singleturn|p1a: Volcarona|Protect\n|move|p2a: Pelipper|Weather Ball|p1a: Volcarona\n|-activate|p1a: Volcarona|move: Protect\n|-curestatus|p2b: Sneasler|slp|[msg]\n|move|p2b: Sneasler|Dire Claw|p1a: Volcarona\n|-activate|p1a: Volcarona|move: Protect\n|move|p1b: Oricorio|Air Slash|p2b: Sneasler\n|-supereffective|p2b: Sneasler\n|-damage|p2b: Sneasler|0 fnt\n|faint|p2b: Sneasler\n|\n|-weather|RainDance|[upkeep]\n|-heal|p1a: Volcarona|28\/100|[from] item: Leftovers\n|upkeep\n|\n|t:|1731589699\n|switch|p2b: Archaludon|Archaludon, L50, M, tera:Electric|100\/100 slp\n|turn|6\n|\n|t:|1731589723\n|move|p1a: Volcarona|Giga Drain|p2a: Pelipper\n|-damage|p2a: Pelipper|47\/100\n|-heal|p1a: Volcarona|47\/100|[from] drain|[of] p2a: Pelipper\n|move|p2a: Pelipper|Weather Ball|p1a: Volcarona\n|-supereffective|p1a: Volcarona\n|-damage|p1a: Volcarona|0 fnt\n|faint|p1a: Volcarona\n|cant|p2b: Archaludon|slp\n|move|p1b: Oricorio|Revelation Dance|p2a: Pelipper\n|-damage|p2a: Pelipper|0 fnt\n|faint|p2a: Pelipper\n|\n|-weather|RainDance|[upkeep]\n|upkeep\n|j| Finabas\n|\n|t:|1731589739\n|switch|p1a: Toedscruel|Toedscruel, L50, F, tera:Ghost|24\/100\n|turn|7\n|\n|t:|1731589747\n|move|p1a: Toedscruel|Earth Power|p2b: Archaludon\n|-supereffective|p2b: Archaludon\n|-damage|p2b: Archaludon|20\/100 slp\n|cant|p2b: Archaludon|slp\n|move|p1b: Oricorio|Revelation Dance|p2b: Archaludon\n|-damage|p2b: Archaludon|0 fnt\n|faint|p2b: Archaludon\n|\n|win|GB Five\n|raw|GB Five's rating: 1782 &rarr; <strong>1803<\/strong><br \/>(+21 for winning)\n|raw|VGCLTH SWM's rating: 1807 &rarr; <strong>1786<\/strong><br \/>(-21 for losing)\n|l|\u2606VGCLTH SWM\n|player|p2|\n|l|\u2606GB Five\n|player|p1|\n|l| Finabas\n","uploadtime":1731589902,"views":34,"formatid":"gen9vgc2024regh","rating":1786,"private":0,"password":null}