{"id":"gen9vgc2024regh-2243356346","format":"[Gen 9] VGC 2024 Reg H","players":["VGCLTH Thacrow","trevanator"],"log":"|raw|<div class=\"broadcast-blue\"><strong>This battle is required to be public due to a player having a name starting with 'vgclth'.<\/div>\n|j|\u2606VGCLTH Thacrow\n|j|\u2606trevanator\n|t:|1731536922\n|gametype|doubles\n|player|p1|VGCLTH Thacrow|wallace-masters|1767\n|player|p2|trevanator|265|1941\n|teamsize|p1|6\n|teamsize|p2|6\n|gen|9\n|tier|[Gen 9] VGC 2024 Reg H\n|rated|\n|rule|Species Clause: Limit one of each Pok\u00e9mon\n|rule|Item Clause: Limit 1 of each item\n|clearpoke\n|poke|p1|Ceruledge, L50, F|\n|poke|p1|Gastrodon-East, L50, F|\n|poke|p1|Sneasler, L50, M|\n|poke|p1|Dragonite, L50, M|\n|poke|p1|Rillaboom, L50, M|\n|poke|p1|Kingambit, L50, M|\n|poke|p2|Politoed, L50, M|\n|poke|p2|Gothitelle, L50, F|\n|poke|p2|Incineroar, L50, M|\n|poke|p2|Amoonguss, L50, F|\n|poke|p2|Kingdra, L50, M|\n|poke|p2|Archaludon, L50, F|\n|teampreview|4\n|j| Satansinlaw\nVGCLTH Thacrow has agreed to open team sheets.\n|\n|t:|1731536950\n|start\n|switch|p1a: Kidturtle|Sneasler, L50, M, shiny|100\/100\n|switch|p1b: Godlyreal|Kingambit, L50, M|100\/100\n|switch|p2a: Politoed|Politoed, L50, M|100\/100\n|switch|p2b: Amoonguss|Amoonguss, L50, F|100\/100\n|-weather|RainDance|[from] ability: Drizzle|[of] p2a: Politoed\n|turn|1\n|inactive|Battle timer is ON: inactive players will automatically lose when time's up. (requested by trevanator)\n|j| VGCLTH Ninjaboy\n|j| VGCLTH John Pork\n|\n|t:|1731536956\n|-terastallize|p1b: Godlyreal|Flying\n|-terastallize|p2b: Amoonguss|Steel\n|move|p2b: Amoonguss|Rage Powder|p2b: Amoonguss\n|-singleturn|p2b: Amoonguss|move: Rage Powder\n|move|p1a: Kidturtle|Coaching|p1b: Godlyreal\n|-boost|p1b: Godlyreal|atk|1\n|-boost|p1b: Godlyreal|def|1\n|move|p2a: Politoed|Perish Song|p2a: Politoed\n|-start|p1a: Kidturtle|perish3|[silent]\n|-start|p1b: Godlyreal|perish3|[silent]\n|-start|p2a: Politoed|perish3|[silent]\n|-start|p2b: Amoonguss|perish3|[silent]\n|-fieldactivate|move: Perish Song\n|move|p1b: Godlyreal|Tera Blast|p2b: Amoonguss|[anim] Tera Blast Flying\n|-resisted|p2b: Amoonguss\n|-damage|p2b: Amoonguss|69\/100\n|-enditem|p2b: Amoonguss|Eject Button\n|\n|t:|1731536965\n|switch|p2b: Gothitelle|Gothitelle, L50, F|100\/100\n|\n|-weather|RainDance|[upkeep]\n|-start|p1a: Kidturtle|perish3\n|-start|p2a: Politoed|perish3\n|-start|p1b: Godlyreal|perish3\n|upkeep\n|turn|2\n|j| vgclth souly\n|j| girl latias\n|l| girl latias\n|inactive|trevanator has 30 seconds left.\n|\n|t:|1731536990\n|switch|p2a: Incineroar|Incineroar, L50, M|100\/100\n|-ability|p2a: Incineroar|Intimidate|boost\n|-unboost|p1a: Kidturtle|atk|1\n|-unboost|p1b: Godlyreal|atk|1\n|-ability|p1b: Godlyreal|Defiant|boost\n|-boost|p1b: Godlyreal|atk|2\n|move|p2b: Gothitelle|Fake Out|p1b: Godlyreal\n|-damage|p1b: Godlyreal|97\/100\n|move|p1a: Kidturtle|Close Combat|p2a: Incineroar\n|-supereffective|p2a: Incineroar\n|-damage|p2a: Incineroar|20\/100\n|-unboost|p1a: Kidturtle|def|1\n|-unboost|p1a: Kidturtle|spd|1\n|cant|p1b: Godlyreal|flinch\n|\n|-weather|RainDance|[upkeep]\n|-start|p1a: Kidturtle|perish2\n|-start|p1b: Godlyreal|perish2\n|upkeep\n|turn|3\n|j| girl latias\n|\n|t:|1731537009\n|move|p2a: Incineroar|Fake Out|p1b: Godlyreal\n|-damage|p1b: Godlyreal|91\/100\n|move|p1a: Kidturtle|Dire Claw|p2b: Gothitelle\n|-damage|p2b: Gothitelle|72\/100\n|cant|p1b: Godlyreal|flinch\n|move|p2b: Gothitelle|Trick Room|p2b: Gothitelle\n|-fieldstart|move: Trick Room|[of] p2b: Gothitelle\n|\n|-weather|RainDance|[upkeep]\n|-start|p1b: Godlyreal|perish1\n|-start|p1a: Kidturtle|perish1\n|upkeep\n|turn|4\n|j| volcaronavgc\n|c| volcaronavgc|0-0\n|\n|t:|1731537030\n|move|p2b: Gothitelle|Protect|p2b: Gothitelle\n|-singleturn|p2b: Gothitelle|Protect\n|move|p2a: Incineroar|Protect|p2a: Incineroar\n|-singleturn|p2a: Incineroar|Protect\n|move|p1b: Godlyreal|Kowtow Cleave|p2b: Gothitelle\n|-activate|p2b: Gothitelle|move: Protect\n|move|p1a: Kidturtle|Close Combat|p2a: Incineroar\n|-activate|p2a: Incineroar|move: Protect\n|\n|-weather|RainDance|[upkeep]\n|-start|p1b: Godlyreal|perish0\n|-start|p1a: Kidturtle|perish0\n|faint|p1b: Godlyreal\n|faint|p1a: Kidturtle\n|upkeep\n|\n|t:|1731537033\n|switch|p1b: Joe Dog|Gastrodon-East, L50, F|100\/100\n|switch|p1a: AdlrichYan|Rillaboom, L50, M|100\/100\n|-fieldstart|move: Grassy Terrain|[from] ability: Grassy Surge|[of] p1a: AdlrichYan\n|turn|5\n|c| volcaronavgc|casually vs a 1940\n|\n|t:|1731537052\n|switch|p2a: Amoonguss|Amoonguss, L50, F, tera:Steel|100\/100\n|move|p1b: Joe Dog|Earth Power|p2a: Amoonguss\n|-supereffective|p2a: Amoonguss\n|-damage|p2a: Amoonguss|53\/100\n|-unboost|p2a: Amoonguss|spd|1\n|move|p2b: Gothitelle|Psychic|p1b: Joe Dog\n|-damage|p1b: Joe Dog|73\/100\n|move|p1a: AdlrichYan|Wood Hammer|p2a: Amoonguss\n|-resisted|p2a: Amoonguss\n|-damage|p2a: Amoonguss|8\/100\n|-damage|p1a: AdlrichYan|82\/100|[from] Recoil\n|\n|-weather|none\n|-heal|p2a: Amoonguss|14\/100|[from] Grassy Terrain\n|-heal|p1b: Joe Dog|78\/100|[from] Grassy Terrain\n|-heal|p2b: Gothitelle|78\/100|[from] Grassy Terrain\n|-heal|p1a: AdlrichYan|88\/100|[from] Grassy Terrain\n|upkeep\n|turn|6\n|\n|t:|1731537068\n|switch|p2b: Incineroar|Incineroar, L50, M|20\/100\n|-ability|p2b: Incineroar|Intimidate|boost\n|-unboost|p1a: AdlrichYan|atk|1\n|-unboost|p1b: Joe Dog|atk|1\n|move|p2a: Amoonguss|Pollen Puff|p2b: Incineroar\n|-heal|p2b: Incineroar|70\/100\n|move|p1b: Joe Dog|Earth Power|p2a: Amoonguss\n|-supereffective|p2a: Amoonguss\n|-damage|p2a: Amoonguss|0 fnt\n|faint|p2a: Amoonguss\n|move|p1a: AdlrichYan|Wood Hammer|p2b: Incineroar\n|-resisted|p2b: Incineroar\n|-damage|p2b: Incineroar|41\/100\n|-damage|p1a: AdlrichYan|77\/100|[from] Recoil\n|\n|-heal|p1b: Joe Dog|84\/100|[from] Grassy Terrain\n|-heal|p2b: Incineroar|47\/100|[from] Grassy Terrain\n|-heal|p1a: AdlrichYan|83\/100|[from] Grassy Terrain\n|upkeep\n|\n|t:|1731537076\n|switch|p2a: Politoed|Politoed, L50, M|100\/100\n|-weather|RainDance|[from] ability: Drizzle|[of] p2a: Politoed\n|turn|7\n|inactive|trevanator has 30 seconds left.\n|\n|t:|1731537104\n|switch|p2b: Gothitelle|Gothitelle, L50, F|78\/100\n|move|p2a: Politoed|Protect|p2a: Politoed\n|-singleturn|p2a: Politoed|Protect\n|move|p1b: Joe Dog|Earth Power|p2b: Gothitelle\n|-damage|p2b: Gothitelle|52\/100\n|move|p1a: AdlrichYan|Wood Hammer|p2a: Politoed\n|-activate|p2a: Politoed|move: Protect\n|\n|-weather|RainDance|[upkeep]\n|-heal|p1b: Joe Dog|90\/100|[from] Grassy Terrain\n|-heal|p2b: Gothitelle|58\/100|[from] Grassy Terrain\n|-heal|p1a: AdlrichYan|89\/100|[from] Grassy Terrain\n|-fieldend|move: Trick Room\n|upkeep\n|turn|8\n|\n|t:|1731537112\n|move|p2b: Gothitelle|Fake Out|p1a: AdlrichYan\n|-damage|p1a: AdlrichYan|83\/100\n|cant|p1a: AdlrichYan|flinch\n|move|p2a: Politoed|Perish Song|p2a: Politoed\n|-start|p1a: AdlrichYan|perish3|[silent]\n|-start|p1b: Joe Dog|perish3|[silent]\n|-start|p2a: Politoed|perish3|[silent]\n|-start|p2b: Gothitelle|perish3|[silent]\n|-fieldactivate|move: Perish Song\n|move|p1b: Joe Dog|Earth Power|p2a: Politoed\n|-damage|p2a: Politoed|75\/100\n|\n|-weather|RainDance|[upkeep]\n|-heal|p1a: AdlrichYan|89\/100|[from] Grassy Terrain\n|-heal|p2a: Politoed|81\/100|[from] Grassy Terrain\n|-heal|p2a: Politoed|87\/100|[from] item: Leftovers\n|-heal|p2b: Gothitelle|64\/100|[from] Grassy Terrain\n|-heal|p1b: Joe Dog|96\/100|[from] Grassy Terrain\n|-start|p1a: AdlrichYan|perish3\n|-start|p2a: Politoed|perish3\n|-start|p2b: Gothitelle|perish3\n|-start|p1b: Joe Dog|perish3\n|upkeep\n|turn|9\n|\n|t:|1731537129\n|move|p2a: Politoed|Protect|p2a: Politoed\n|-singleturn|p2a: Politoed|Protect\n|move|p2b: Gothitelle|Protect|p2b: Gothitelle\n|-singleturn|p2b: Gothitelle|Protect\n|move|p1a: AdlrichYan|Wood Hammer|p2b: Gothitelle\n|-activate|p2b: Gothitelle|move: Protect\n|move|p1b: Joe Dog|Earth Power|p2a: Politoed\n|-activate|p2a: Politoed|move: Protect\n|\n|-weather|RainDance|[upkeep]\n|-heal|p1a: AdlrichYan|95\/100|[from] Grassy Terrain\n|-heal|p2a: Politoed|93\/100|[from] Grassy Terrain\n|-heal|p2a: Politoed|99\/100|[from] item: Leftovers\n|-heal|p2b: Gothitelle|71\/100|[from] Grassy Terrain\n|-heal|p1b: Joe Dog|100\/100|[from] Grassy Terrain\n|-start|p1a: AdlrichYan|perish2\n|-start|p2a: Politoed|perish2\n|-start|p2b: Gothitelle|perish2\n|-start|p1b: Joe Dog|perish2\n|-fieldend|move: Grassy Terrain\n|upkeep\n|turn|10\n|\n|t:|1731537142\n|switch|p2b: Incineroar|Incineroar, L50, M|47\/100\n|-ability|p2b: Incineroar|Intimidate|boost\n|-unboost|p1a: AdlrichYan|atk|1\n|-unboost|p1b: Joe Dog|atk|1\n|move|p2a: Politoed|Protect||[still]\n|-fail|p2a: Politoed\n|move|p1a: AdlrichYan|Wood Hammer|p2b: Incineroar\n|-resisted|p2b: Incineroar\n|-damage|p2b: Incineroar|29\/100\n|-damage|p1a: AdlrichYan|88\/100|[from] Recoil\n|move|p1b: Joe Dog|Earth Power|p2a: Politoed\n|-damage|p2a: Politoed|76\/100\n|\n|-weather|RainDance|[upkeep]\n|-heal|p2a: Politoed|82\/100|[from] item: Leftovers\n|-start|p1a: AdlrichYan|perish1\n|-start|p2a: Politoed|perish1\n|-start|p1b: Joe Dog|perish1\n|upkeep\n|turn|11\n|-message|VGCLTH Thacrow forfeited.\n|\n|win|trevanator\n|raw|VGCLTH Thacrow's rating: 1767 &rarr; <strong>1756<\/strong><br \/>(-11 for losing)\n|raw|trevanator's rating: 1941 &rarr; <strong>1952<\/strong><br \/>(+11 for winning)\n|l|\u2606VGCLTH Thacrow\n|player|p1|\n|c|\u2606trevanator|gg\n|l| Satansinlaw\n|l| vgclth souly\n|l| VGCLTH John Pork\n|l| girl latias\n","uploadtime":1731537181,"views":185,"formatid":"gen9vgc2024regh","rating":1756,"private":0,"password":null}