{"id":"gen9vgc2024regh-2243664577","format":"[Gen 9] VGC 2024 Reg H","players":["VGCLTH mt","ImSoKanzenSaimin"],"log":"|raw|<div class=\"broadcast-blue\"><strong>This battle is required to be public due to a player having a name starting with 'vgclth'.<\/div>\n|j|\u2606VGCLTH mt\n|j|\u203dImSoKanzenSaimin\n|t:|1731584640\n|gametype|doubles\n|player|p1|VGCLTH mt|cynthia|1718\n|player|p2|ImSoKanzenSaimin|ash|1739\n|teamsize|p1|6\n|teamsize|p2|6\n|gen|9\n|tier|[Gen 9] VGC 2024 Reg H\n|rated|\n|rule|Species Clause: Limit one of each Pok\u00e9mon\n|rule|Item Clause: Limit 1 of each item\n|clearpoke\n|poke|p1|Annihilape, L50, M|\n|poke|p1|Dondozo, L50, M|\n|poke|p1|Grimmsnarl, L50, M|\n|poke|p1|Volcarona, L50, F|\n|poke|p1|Metagross, L50|\n|poke|p1|Dragonite, L50, M|\n|poke|p2|Ninetales, L50, M|\n|poke|p2|Venusaur, L50, M|\n|poke|p2|Incineroar, L50, M|\n|poke|p2|Rillaboom, L50, M|\n|poke|p2|Tatsugiri, L50, F|\n|poke|p2|Dondozo, L50, M|\n|teampreview|4\n|inactive|Battle timer is ON: inactive players will automatically lose when time's up. (requested by VGCLTH mt)\n|inactive|ImSoKanzenSaimin also wants the timer to be on.\n|j| christianfinity\n|inactive|VGCLTH mt has 60 seconds left.\n|l| christianfinity\n|\n|t:|1731584687\n|start\n|switch|p1a: Grimmsnarl|Grimmsnarl, L50, M, shiny|100\/100\n|switch|p1b: Dragonite|Dragonite, L50, M, shiny|100\/100\n|switch|p2a: Ninetales|Ninetales, L50, M, shiny|100\/100\n|switch|p2b: Venusaur|Venusaur, L50, M|100\/100\n|-weather|SunnyDay|[from] ability: Drought|[of] p2a: Ninetales\n|turn|1\n|\n|t:|1731584704\n|move|p1a: Grimmsnarl|Fake Out|p2b: Venusaur\n|-damage|p2b: Venusaur|72\/100\n|-damage|p1a: Grimmsnarl|91\/100|[from] item: Life Orb\n|move|p2b: Venusaur|Sludge Bomb|p1a: Grimmsnarl\n|-supereffective|p1a: Grimmsnarl\n|-damage|p1a: Grimmsnarl|0 fnt\n|faint|p1a: Grimmsnarl\n|move|p2a: Ninetales|Hypnosis|p1b: Dragonite\n|-status|p1b: Dragonite|slp|[from] move: Hypnosis\n|-enditem|p1b: Dragonite|Lum Berry|[eat]\n|-curestatus|p1b: Dragonite|slp|[msg]\n|move|p1b: Dragonite|Dragon Dance|p1b: Dragonite\n|-boost|p1b: Dragonite|atk|1\n|-boost|p1b: Dragonite|spe|1\n|\n|-weather|SunnyDay|[upkeep]\n|upkeep\n|\n|t:|1731584714\n|switch|p1a: Annihilape|Annihilape, L50, M, shiny|100\/100\n|turn|2\n|j| vgclth souly\n|\n|t:|1731584730\n|move|p1b: Dragonite|Extreme Speed|p2a: Ninetales\n|-damage|p2a: Ninetales|28\/100\n|move|p2b: Venusaur|Sleep Powder|p1b: Dragonite\n|-status|p1b: Dragonite|slp|[from] move: Sleep Powder\n|move|p2a: Ninetales|Hypnosis|p1a: Annihilape|[miss]\n|-miss|p2a: Ninetales|p1a: Annihilape\n|move|p1a: Annihilape|Rage Fist|p2a: Ninetales\n|-damage|p2a: Ninetales|0 fnt\n|faint|p2a: Ninetales\n|\n|-weather|SunnyDay|[upkeep]\n|upkeep\n|j| Mr-High-Tower\n|\n|t:|1731584737\n|switch|p2a: Dondozo|Dondozo, L50, M, shiny|100\/100\n|turn|3\n|\n|t:|1731584758\n|switch|p2b: Tatsugiri|Tatsugiri, L50, F, shiny|100\/100\n|-activate|p2b: Tatsugiri|ability: Commander|[of] p2a: Dondozo\n|-boost|p2a: Dondozo|atk|2\n|-boost|p2a: Dondozo|spa|2\n|-boost|p2a: Dondozo|spe|2\n|-boost|p2a: Dondozo|def|2\n|-boost|p2a: Dondozo|spd|2\n|-terastallize|p1b: Dragonite|Flying\n|cant|p1b: Dragonite|slp\n|move|p2a: Dondozo|Order Up|p1b: Dragonite\n|-damage|p1b: Dragonite|76\/100 slp\n|-boost|p2a: Dondozo|atk|1\n|move|p1a: Annihilape|Taunt|p2b: Tatsugiri|[miss]\n|-miss|p1a: Annihilape|p2b: Tatsugiri\n|\n|-weather|SunnyDay|[upkeep]\n|upkeep\n|turn|4\n|\n|t:|1731584766\n|switch|p1b: Dondozo|Dondozo, L50, M, shiny|100\/100\n|move|p2a: Dondozo|Order Up|p1b: Dondozo\n|-damage|p1b: Dondozo|87\/100\n|-boost|p2a: Dondozo|atk|1\n|move|p1a: Annihilape|Close Combat|p2a: Dondozo\n|-damage|p2a: Dondozo|82\/100\n|-unboost|p1a: Annihilape|def|1\n|-unboost|p1a: Annihilape|spd|1\n|\n|-weather|SunnyDay|[upkeep]\n|-heal|p2a: Dondozo|88\/100|[from] item: Leftovers\n|upkeep\n|turn|5\n|\n|t:|1731584774\n|move|p2a: Dondozo|Protect|p2a: Dondozo\n|-singleturn|p2a: Dondozo|Protect\n|move|p1a: Annihilape|Close Combat|p2a: Dondozo\n|-activate|p2a: Dondozo|move: Protect\n|move|p1b: Dondozo|Yawn|p2a: Dondozo\n|-activate|p2a: Dondozo|move: Protect\n|\n|-weather|none\n|-heal|p2a: Dondozo|94\/100|[from] item: Leftovers\n|upkeep\n|turn|6\n|\n|t:|1731584784\n|move|p2a: Dondozo|Wave Crash|p1a: Annihilape\n|-enditem|p1a: Annihilape|Focus Sash\n|-damage|p1a: Annihilape|1\/100\n|-damage|p2a: Dondozo|67\/100|[from] Recoil\n|move|p1a: Annihilape|Close Combat|p2a: Dondozo\n|-damage|p2a: Dondozo|48\/100\n|-unboost|p1a: Annihilape|def|1\n|-unboost|p1a: Annihilape|spd|1\n|move|p1b: Dondozo|Yawn|p2a: Dondozo\n|-start|p2a: Dondozo|move: Yawn|[of] p1b: Dondozo\n|\n|-heal|p2a: Dondozo|54\/100|[from] item: Leftovers\n|upkeep\n|turn|7\n|inactive|VGCLTH mt has 30 seconds left.\n|\n|t:|1731584818\n|move|p2a: Dondozo|Order Up|p1a: Annihilape\n|-damage|p1a: Annihilape|0 fnt\n|faint|p1a: Annihilape\n|-boost|p2a: Dondozo|atk|1\n|move|p1b: Dondozo|Fissure|p2a: Dondozo|[miss]\n|-miss|p1b: Dondozo|p2a: Dondozo\n|\n|-heal|p2a: Dondozo|61\/100|[from] item: Leftovers\n|-end|p2a: Dondozo|move: Yawn|[silent]\n|-status|p2a: Dondozo|slp\n|upkeep\n|\n|t:|1731584825\n|switch|p1a: Dragonite|Dragonite, L50, M, shiny, tera:Flying|76\/100 slp\n|turn|8\n|\n|t:|1731584828\n|cant|p2a: Dondozo|slp\n|cant|p1a: Dragonite|slp\n|move|p1b: Dondozo|Fissure|p2a: Dondozo\n|-damage|p2a: Dondozo|0 fnt\n|faint|p2a: Dondozo\n|-ohko\n|\n|upkeep\n|j| drive stone\n|\n|t:|1731584831\n|switch|p2a: Venusaur|Venusaur, L50, M|72\/100\n|turn|9\n|\n|t:|1731584838\n|move|p2b: Tatsugiri|Icy Wind|p1b: Dondozo|[spread] p1a,p1b\n|-supereffective|p1a: Dragonite\n|-resisted|p1b: Dondozo\n|-damage|p1a: Dragonite|52\/100 slp\n|-damage|p1b: Dondozo|81\/100\n|-unboost|p1a: Dragonite|spe|1\n|-unboost|p1b: Dondozo|spe|1\n|move|p2a: Venusaur|Sleep Powder|p1b: Dondozo|[miss]\n|-miss|p2a: Venusaur|p1b: Dondozo\n|cant|p1a: Dragonite|slp\n|move|p1b: Dondozo|Yawn|p2b: Tatsugiri\n|-start|p2b: Tatsugiri|move: Yawn|[of] p1b: Dondozo\n|\n|upkeep\n|turn|10\n|\n|t:|1731584850\n|move|p1b: Dondozo|Protect|p1b: Dondozo\n|-singleturn|p1b: Dondozo|Protect\n|move|p2b: Tatsugiri|Draco Meteor|p1a: Dragonite\n|-damage|p1a: Dragonite|0 fnt\n|-unboost|p2b: Tatsugiri|spa|2\n|faint|p1a: Dragonite\n|move|p2a: Venusaur|Sleep Powder|p1b: Dondozo\n|-activate|p1b: Dondozo|move: Protect\n|\n|-end|p2b: Tatsugiri|move: Yawn|[silent]\n|-status|p2b: Tatsugiri|slp\n|upkeep\n|turn|11\n|\n|t:|1731584858\n|cant|p2b: Tatsugiri|slp\n|move|p2a: Venusaur|Sleep Powder|p1b: Dondozo\n|-status|p1b: Dondozo|slp|[from] move: Sleep Powder\n|cant|p1b: Dondozo|slp\n|\n|upkeep\n|turn|12\n|-message|VGCLTH mt forfeited.\n|\n|win|ImSoKanzenSaimin\n|raw|VGCLTH mt's rating: 1718 &rarr; <strong>1699<\/strong><br \/>(-19 for losing)\n|raw|ImSoKanzenSaimin's rating: 1739 &rarr; <strong>1758<\/strong><br \/>(+19 for winning)\n|l|\u2606VGCLTH mt\n|player|p1|\n|l| Mr-High-Tower\n|n| Finabas|vgclthsouly\n|l| drive stone\n","uploadtime":1731584915,"views":31,"formatid":"gen9vgc2024regh","rating":1699,"private":0,"password":null}