{"id":"gen9vgc2024regh-2243937268","format":"[Gen 9] VGC 2024 Reg H","players":["VGCLTH John Pork","por minha atendido"],"log":"|raw|<div class=\"broadcast-blue\"><strong>This battle is required to be public due to a player having a name starting with 'vgclth'.<\/div>\n|j|\u2606VGCLTH John Pork\n|j|\u2606por minha atendido\n|t:|1731613383\n|gametype|doubles\n|player|p1|VGCLTH John Pork|ogreclan|1792\n|player|p2|por minha atendido|266|1808\n|teamsize|p1|6\n|teamsize|p2|6\n|gen|9\n|tier|[Gen 9] VGC 2024 Reg H\n|rated|\n|rule|Species Clause: Limit one of each Pok\u00e9mon\n|rule|Item Clause: Limit 1 of each item\n|clearpoke\n|poke|p1|Whimsicott, L50, F|\n|poke|p1|Typhlosion-Hisui, L50, M|\n|poke|p1|Annihilape, L50, F|\n|poke|p1|Maushold-Four, L50|\n|poke|p1|Farigiraf, L50, M|\n|poke|p1|Ursaluna-Bloodmoon, L50, M|\n|poke|p2|Garchomp, L50, M|\n|poke|p2|Hydreigon, L50, M|\n|poke|p2|Murkrow, L50, F|\n|poke|p2|Sneasler, L50, M|\n|poke|p2|Indeedee, L50, M|\n|poke|p2|Gholdengo, L50|\n|teampreview|4\n|inactive|Battle timer is ON: inactive players will automatically lose when time's up. (requested by por minha atendido)\n|\n|t:|1731613398\n|start\n|switch|p1a: They remain|Farigiraf, L50, M|100\/100\n|switch|p1b: Sedate|Maushold-Four, L50|100\/100\n|switch|p2a: Indeedee|Indeedee, L50, M|100\/100\n|switch|p2b: Sneasler|Sneasler, L50, M|100\/100\n|-fieldstart|move: Psychic Terrain|[from] ability: Psychic Surge|[of] p2a: Indeedee\n|-enditem|p2b: Sneasler|Psychic Seed\n|-boost|p2b: Sneasler|spd|1|[from] item: Psychic Seed\n|turn|1\n|j| HtotheG\n|\n|t:|1731613419\n|-terastallize|p1b: Sedate|Ghost\n|move|p2b: Sneasler|Close Combat|p1b: Sedate\n|-immune|p1b: Sedate\n|move|p1b: Sedate|Population Bomb|p2a: Indeedee\n|-damage|p2a: Indeedee|78\/100\n|-damage|p2a: Indeedee|55\/100\n|-damage|p2a: Indeedee|32\/100\n|-damage|p2a: Indeedee|8\/100\n|-damage|p2a: Indeedee|0 fnt\n|faint|p2a: Indeedee\n|-hitcount|p2: Indeedee|5\n|move|p1a: They remain|Trick Room|p1a: They remain\n|-fieldstart|move: Trick Room|[of] p1a: They remain\n|\n|upkeep\n|\n|t:|1731613423\n|switch|p2a: Hydreigon|Hydreigon, L50, M|100\/100\n|turn|2\n|\n|t:|1731613435\n|switch|p2b: Garchomp|Garchomp, L50, M|100\/100\n|move|p1a: They remain|Hyper Voice|p2a: Hydreigon|[spread] p2a,p2b\n|-damage|p2a: Hydreigon|71\/100\n|-damage|p2b: Garchomp|71\/100\n|-enditem|p1a: They remain|Throat Spray\n|-boost|p1a: They remain|spa|1|[from] item: Throat Spray\n|move|p2a: Hydreigon|Snarl|p1a: They remain|[spread] p1b\n|-miss|p2a: Hydreigon|p1a: They remain\n|-supereffective|p1b: Sedate\n|-damage|p1b: Sedate|16\/100\n|-unboost|p1b: Sedate|spa|1\n|-damage|p2a: Hydreigon|62\/100|[from] item: Life Orb\n|move|p1b: Sedate|Population Bomb|p2a: Hydreigon\n|-crit|p2a: Hydreigon\n|-damage|p2a: Hydreigon|45\/100\n|-damage|p2a: Hydreigon|34\/100\n|-damage|p2a: Hydreigon|22\/100\n|-damage|p2a: Hydreigon|11\/100\n|-hitcount|p2a: Hydreigon|4\n|\n|upkeep\n|turn|3\n|j| jlz04t1h\n|\n|t:|1731613458\n|switch|p1b: Unashamed|Ursaluna-Bloodmoon, L50, M|100\/100\n|move|p2a: Hydreigon|Protect|p2a: Hydreigon\n|-singleturn|p2a: Hydreigon|Protect\n|move|p1a: They remain|Hyper Voice|p2a: Hydreigon|[spread] p2b\n|-activate|p2a: Hydreigon|move: Protect\n|-damage|p2b: Garchomp|31\/100\n|move|p2b: Garchomp|Earthquake|p1b: Unashamed|[spread] p1a,p1b\n|-activate|p2a: Hydreigon|move: Protect\n|-damage|p1a: They remain|63\/100\n|-damage|p1b: Unashamed|69\/100\n|\n|upkeep\n|turn|4\n|\n|t:|1731613467\n|move|p2a: Hydreigon|Protect||[still]\n|-fail|p2a: Hydreigon\n|move|p2b: Garchomp|Protect|p2b: Garchomp\n|-singleturn|p2b: Garchomp|Protect\n|move|p1b: Unashamed|Hyper Voice|p2a: Hydreigon|[spread] p2a\n|-activate|p2b: Garchomp|move: Protect\n|-damage|p2a: Hydreigon|0 fnt\n|faint|p2a: Hydreigon\n|-damage|p1b: Unashamed|59\/100|[from] item: Life Orb\n|move|p1a: They remain|Hyper Voice|p2b: Garchomp\n|-activate|p2b: Garchomp|move: Protect\n|\n|upkeep\n|\n|t:|1731613473\n|switch|p2a: Sneasler|Sneasler, L50, M|100\/100\n|turn|5\n|\n|t:|1731613483\n|switch|p1b: Sedate|Maushold-Four, L50, tera:Ghost|16\/100\n|move|p2b: Garchomp|Protect||[still]\n|-fail|p2b: Garchomp\n|move|p2a: Sneasler|Protect|p2a: Sneasler\n|-singleturn|p2a: Sneasler|Protect\n|move|p1a: They remain|Hyper Voice|p2b: Garchomp|[spread] p2b\n|-activate|p2a: Sneasler|move: Protect\n|-damage|p2b: Garchomp|0 fnt\n|faint|p2b: Garchomp\n|\n|-fieldend|move: Trick Room\n|-fieldend|move: Psychic Terrain\n|upkeep\n|turn|6\n|j| mr pogostick\n|-message|por minha atendido forfeited.\n|\n|win|VGCLTH John Pork\n|raw|VGCLTH John Pork's rating: 1792 &rarr; <strong>1811<\/strong><br \/>(+19 for winning)\n|raw|por minha atendido's rating: 1781 &rarr; <strong>1762<\/strong><br \/>(-19 for losing)\n|l|\u2606por minha atendido\n|player|p2|\n|l| mr pogostick\n|l|\u2606VGCLTH John Pork\n|player|p1|\n|j| vgclth souly\n|l| HtotheG\n|l| vgclth souly\n|l| jlz04t1h\n|j| vgclth chromate\n","uploadtime":1731613730,"views":48,"formatid":"gen9vgc2024regh","rating":1762,"private":0,"password":null}