{"id":"gen9vgc2024regh-2243098310","format":"[Gen 9] VGC 2024 Reg H","players":["Trainer Oje","VGCLTH lily"],"log":"|raw|<div class=\"broadcast-blue\"><strong>This battle is required to be public due to a player having a name starting with 'vgclth'.<\/div>\n|j|\u2606Trainer Oje\n|j|\u2606VGCLTH lily\n|t:|1731511621\n|gametype|doubles\n|player|p1|Trainer Oje|266|1681\n|player|p2|VGCLTH lily|akari|1708\n|teamsize|p1|6\n|teamsize|p2|6\n|gen|9\n|tier|[Gen 9] VGC 2024 Reg H\n|rated|\n|rule|Species Clause: Limit one of each Pok\u00e9mon\n|rule|Item Clause: Limit 1 of each item\n|clearpoke\n|poke|p1|Sneasler, L50, F|\n|poke|p1|Garchomp, L50, M|\n|poke|p1|Gardevoir, L50, F|\n|poke|p1|Incineroar, L50, F|\n|poke|p1|Dragonite, L50, M|\n|poke|p1|Amoonguss, L50, M|\n|poke|p2|Baxcalibur, L50, F|\n|poke|p2|Dondozo, L50, M|\n|poke|p2|Kingambit, L50, M|\n|poke|p2|Rillaboom, L50, M|\n|poke|p2|Sneasler, L50, F|\n|poke|p2|Volcarona, L50, M|\n|teampreview|4\n|inactive|Battle timer is ON: inactive players will automatically lose when time's up. (requested by VGCLTH lily)\n|j| VGCLTH GoofyGoober\n|inactive|Trainer Oje has 60 seconds left.\n|inactive|VGCLTH lily has 60 seconds left.\n|j| ChinaDragonVGC\n|l| ChinaDragonVGC\n|inactive|Trainer Oje has 30 seconds left.\n|inactive|Trainer Oje has 20 seconds left.\n|inactive|Trainer Oje has 15 seconds left.\n|\n|t:|1731511696\n|start\n|switch|p1a: Dragonite|Dragonite, L50, M|100\/100\n|switch|p1b: Sneasler|Sneasler, L50, F|100\/100\n|switch|p2a: Baxcalibur|Baxcalibur, L50, F|100\/100\n|switch|p2b: Volcarona|Volcarona, L50, M|100\/100\n|-item|p1b: Sneasler|Air Balloon\n|turn|1\n|inactive|VGCLTH lily has 30 seconds left.\n|\n|t:|1731511729\n|-terastallize|p2b: Volcarona|Fairy\n|-terastallize|p1a: Dragonite|Normal\n|move|p2a: Baxcalibur|Protect|p2a: Baxcalibur\n|-singleturn|p2a: Baxcalibur|Protect\n|move|p1b: Sneasler|Coaching|p1a: Dragonite\n|-boost|p1a: Dragonite|atk|1\n|-boost|p1a: Dragonite|def|1\n|move|p2b: Volcarona|Quiver Dance|p2b: Volcarona\n|-boost|p2b: Volcarona|spa|1\n|-boost|p2b: Volcarona|spd|1\n|-boost|p2b: Volcarona|spe|1\n|move|p1a: Dragonite|Scale Shot|p2a: Baxcalibur\n|-activate|p2a: Baxcalibur|move: Protect\n|\n|upkeep\n|turn|2\n|inactive|Trainer Oje has 30 seconds left.\n|\n|t:|1731511756\n|switch|p1b: Incineroar|Incineroar, L50, F|100\/100\n|-ability|p1b: Incineroar|Intimidate|boost\n|-unboost|p2a: Baxcalibur|atk|1\n|-unboost|p2b: Volcarona|atk|1\n|move|p1a: Dragonite|Protect|p1a: Dragonite\n|-singleturn|p1a: Dragonite|Protect\n|move|p2a: Baxcalibur|Ice Shard|p1b: Incineroar\n|-resisted|p1b: Incineroar\n|-damage|p1b: Incineroar|93\/100\n|move|p2b: Volcarona|Heat Wave|p1a: Dragonite|[spread] p1b\n|-activate|p1a: Dragonite|move: Protect\n|-resisted|p1b: Incineroar\n|-damage|p1b: Incineroar|70\/100\n|\n|upkeep\n|turn|3\n|inactive|Trainer Oje has 30 seconds left.\n|\n|t:|1731511784\n|switch|p2a: Kingambit|Kingambit, L50, M|100\/100\n|move|p1b: Incineroar|Fake Out|p2b: Volcarona\n|-damage|p2b: Volcarona|87\/100\n|move|p1a: Dragonite|Extreme Speed|p2b: Volcarona\n|-damage|p2b: Volcarona|9\/100\n|-status|p1a: Dragonite|brn|[from] ability: Flame Body|[of] p2b: Volcarona\n|move|p2b: Volcarona|Heat Wave|p1a: Dragonite|[spread] p1a,p1b\n|-resisted|p1b: Incineroar\n|-damage|p1a: Dragonite|72\/100 brn\n|-damage|p1b: Incineroar|50\/100\n|\n|-damage|p1a: Dragonite|66\/100 brn|[from] brn\n|upkeep\n|turn|4\n|inactive|VGCLTH lily has 30 seconds left.\n|inactive|VGCLTH lily has 20 seconds left.\n|\n|t:|1731511822\n|move|p2a: Kingambit|Protect|p2a: Kingambit\n|-singleturn|p2a: Kingambit|Protect\n|move|p1a: Dragonite|Extreme Speed|p2b: Volcarona\n|-damage|p2b: Volcarona|0 fnt\n|faint|p2b: Volcarona\n|move|p1b: Incineroar|Flare Blitz|p2a: Kingambit\n|-activate|p2a: Kingambit|move: Protect\n|\n|-damage|p1a: Dragonite|60\/100 brn|[from] brn\n|upkeep\n|\n|t:|1731511828\n|switch|p2b: Sneasler|Sneasler, L50, F|100\/100\n|turn|5\n|inactive|Trainer Oje has 30 seconds left.\n|inactive|VGCLTH lily has 30 seconds left.\n|\n|t:|1731511868\n|switch|p1b: Gardevoir|Gardevoir, L50, F|100\/100\n|move|p1a: Dragonite|Protect|p1a: Dragonite\n|-singleturn|p1a: Dragonite|Protect\n|move|p2b: Sneasler|Close Combat|p1b: Gardevoir\n|-resisted|p1b: Gardevoir\n|-damage|p1b: Gardevoir|75\/100\n|-unboost|p2b: Sneasler|def|1\n|-unboost|p2b: Sneasler|spd|1\n|move|p2a: Kingambit|Swords Dance|p2a: Kingambit\n|-boost|p2a: Kingambit|atk|2\n|\n|-damage|p1a: Dragonite|54\/100 brn|[from] brn\n|upkeep\n|turn|6\n|inactive|Trainer Oje has 30 seconds left.\n|inactive|Trainer Oje has 20 seconds left.\n|inactive|Trainer Oje has 15 seconds left.\n|\n|t:|1731511909\n|switch|p1b: Incineroar|Incineroar, L50, F|50\/100\n|-ability|p1b: Incineroar|Intimidate|boost\n|-unboost|p2a: Kingambit|atk|1\n|-ability|p2a: Kingambit|Defiant|boost\n|-boost|p2a: Kingambit|atk|2\n|-unboost|p2b: Sneasler|atk|1\n|move|p2a: Kingambit|Sucker Punch||[still]\n|-fail|p2a: Kingambit\n|move|p2b: Sneasler|Close Combat|p1a: Dragonite\n|-supereffective|p1a: Dragonite\n|-damage|p1a: Dragonite|0 fnt\n|-unboost|p2b: Sneasler|def|1\n|-unboost|p2b: Sneasler|spd|1\n|faint|p1a: Dragonite\n|\n|upkeep\n|\n|t:|1731511933\n|switch|p1a: Sneasler|Sneasler, L50, F|100\/100\n|-item|p1a: Sneasler|Air Balloon\n|turn|7\n|\n|t:|1731511945\n|switch|p2b: Baxcalibur|Baxcalibur, L50, F|100\/100\n|move|p2a: Kingambit|Protect|p2a: Kingambit\n|-singleturn|p2a: Kingambit|Protect\n|move|p1b: Incineroar|Fake Out|p2b: Baxcalibur\n|-damage|p2b: Baxcalibur|88\/100\n|move|p1a: Sneasler|Close Combat|p2a: Kingambit\n|-activate|p2a: Kingambit|move: Protect\n|\n|upkeep\n|turn|8\n|\n|t:|1731511962\n|move|p2b: Baxcalibur|Ice Shard|p1a: Sneasler\n|-damage|p1a: Sneasler|67\/100\n|-enditem|p1a: Sneasler|Air Balloon\n|move|p2a: Kingambit|Sucker Punch|p1a: Sneasler\n|-resisted|p1a: Sneasler\n|-damage|p1a: Sneasler|0 fnt\n|faint|p1a: Sneasler\n|move|p1b: Incineroar|Flare Blitz|p2a: Kingambit\n|-supereffective|p2a: Kingambit\n|-damage|p2a: Kingambit|12\/100\n|-damage|p1b: Incineroar|21\/100|[from] Recoil\n|\n|upkeep\n|-message|Trainer Oje forfeited.\n|\n|win|VGCLTH lily\n|raw|Trainer Oje's rating: 1681 &rarr; <strong>1663<\/strong><br \/>(-18 for losing)\n|raw|VGCLTH lily's rating: 1708 &rarr; <strong>1726<\/strong><br \/>(+18 for winning)\n|l|\u2606Trainer Oje\n|player|p1|\n|l|\u2606VGCLTH lily\n|player|p2|\n|j| VGCLTH BBT\n|l| VGCLTH BBT\n","uploadtime":1731511978,"views":21,"formatid":"gen9vgc2024regh","rating":1663,"private":0,"password":null}