{"id":"gen9vgc2024regh-2243099175","format":"[Gen 9] VGC 2024 Reg H","players":["VGCLTH MINAMISIMP","orioridance"],"log":"|raw|<div class=\"broadcast-blue\"><strong>This battle is required to be public due to a player having a name starting with 'vgclth'.<\/div>\n|j|\u2606VGCLTH MINAMISIMP\n|j|\u2606orioridance\n|t:|1731511708\n|gametype|doubles\n|player|p1|VGCLTH MINAMISIMP|miku-water|1799\n|player|p2|orioridance|170|1760\n|teamsize|p1|6\n|teamsize|p2|6\n|gen|9\n|tier|[Gen 9] VGC 2024 Reg H\n|rated|\n|rule|Species Clause: Limit one of each Pok\u00e9mon\n|rule|Item Clause: Limit 1 of each item\n|clearpoke\n|poke|p1|Archaludon, L50, F|\n|poke|p1|Pelipper, L50, F|\n|poke|p1|Electabuzz, L50, M|\n|poke|p1|Kingambit, L50, F|\n|poke|p1|Rillaboom, L50, M|\n|poke|p1|Basculegion, L50, M|\n|poke|p2|Dondozo, L50, F|\n|poke|p2|Tatsugiri, L50, F|\n|poke|p2|Pelipper, L50, M|\n|poke|p2|Archaludon, L50, F|\n|poke|p2|Basculegion, L50, M|\n|poke|p2|Meowscarada, L50, M|\n|teampreview|4\n|inactive|Battle timer is ON: inactive players will automatically lose when time's up. (requested by VGCLTH MINAMISIMP)\n|c|\u2606VGCLTH MINAMISIMP|glhf\n|\n|t:|1731511736\n|start\n|switch|p1a: Pelipper|Pelipper, L50, F|100\/100\n|switch|p1b: Archaludon|Archaludon, L50, F|100\/100\n|switch|p2a: Pelipper|Pelipper, L50, M|100\/100\n|switch|p2b: Basculegion|Basculegion, L50, M|100\/100\n|-weather|RainDance|[from] ability: Drizzle|[of] p2a: Pelipper\n|turn|1\n|\n|t:|1731511754\n|move|p2b: Basculegion|Flip Turn|p1a: Pelipper\n|-resisted|p1a: Pelipper\n|-damage|p1a: Pelipper|59\/100\n|\n|t:|1731511759\n|switch|p2b: Archaludon|Archaludon, L50, F|100\/100|[from] Flip Turn\n|move|p2a: Pelipper|Hurricane|p1a: Pelipper\n|-damage|p1a: Pelipper|0 fnt\n|faint|p1a: Pelipper\n|move|p1b: Archaludon|Electro Shot||[still]\n|-prepare|p1b: Archaludon|Electro Shot\n|-boost|p1b: Archaludon|spa|1\n|-anim|p1b: Archaludon|Electro Shot|p2b: Archaludon\n|-resisted|p2b: Archaludon\n|-damage|p2b: Archaludon|57\/100\n|\n|-weather|RainDance|[upkeep]\n|upkeep\n|\n|t:|1731511765\n|switch|p1a: Basculegion|Basculegion, L50, M|100\/100\n|turn|2\n|j| ChinaDragonVGC\n|l| ChinaDragonVGC\n|inactive|orioridance has 30 seconds left.\n|\n|t:|1731511798\n|move|p2a: Pelipper|Protect|p2a: Pelipper\n|-singleturn|p2a: Pelipper|Protect\n|move|p1a: Basculegion|Last Respects|p2b: Archaludon\n|-damage|p2b: Archaludon|0 fnt\n|faint|p2b: Archaludon\n|move|p1b: Archaludon|Electro Shot||[still]\n|-prepare|p1b: Archaludon|Electro Shot\n|-boost|p1b: Archaludon|spa|1\n|-anim|p1b: Archaludon|Electro Shot|p2a: Pelipper\n|-activate|p2a: Pelipper|move: Protect\n|\n|-weather|RainDance|[upkeep]\n|upkeep\n|j| VGCLTH GoofyGoober\n|\n|t:|1731511811\n|switch|p2b: Meowscarada|Meowscarada, L50, M|100\/100\n|turn|3\n|inactive|orioridance has 30 seconds left.\n|\n|t:|1731511837\n|move|p1a: Basculegion|Last Respects|p2a: Pelipper\n|-crit|p2a: Pelipper\n|-damage|p2a: Pelipper|0 fnt\n|faint|p2a: Pelipper\n|move|p2b: Meowscarada|Knock Off|p1a: Basculegion\n|-supereffective|p1a: Basculegion\n|-damage|p1a: Basculegion|6\/100\n|-enditem|p1a: Basculegion|Choice Band|[from] move: Knock Off|[of] p2b: Meowscarada\n|move|p1b: Archaludon|Electro Shot||[still]\n|-prepare|p1b: Archaludon|Electro Shot\n|-boost|p1b: Archaludon|spa|1\n|-anim|p1b: Archaludon|Electro Shot|p2b: Meowscarada\n|-resisted|p2b: Meowscarada\n|-damage|p2b: Meowscarada|24\/100\n|\n|-weather|RainDance|[upkeep]\n|upkeep\n|\n|t:|1731511841\n|switch|p2a: Basculegion|Basculegion, L50, M|100\/100\n|turn|4\n|\n|t:|1731511854\n|-terastallize|p2a: Basculegion|Water\n|move|p2b: Meowscarada|Protect|p2b: Meowscarada\n|-singleturn|p2b: Meowscarada|Protect\n|move|p1b: Archaludon|Protect|p1b: Archaludon\n|-singleturn|p1b: Archaludon|Protect\n|move|p1a: Basculegion|Aqua Jet|p2b: Meowscarada\n|-activate|p2b: Meowscarada|move: Protect\n|move|p2a: Basculegion|Last Respects|p1b: Archaludon\n|-activate|p1b: Archaludon|move: Protect\n|\n|-weather|RainDance|[upkeep]\n|upkeep\n|turn|5\n|\n|t:|1731511864\n|move|p2b: Meowscarada|Protect||[still]\n|-fail|p2b: Meowscarada\n|move|p1a: Basculegion|Aqua Jet|p2b: Meowscarada\n|-resisted|p2b: Meowscarada\n|-damage|p2b: Meowscarada|0 fnt\n|faint|p2b: Meowscarada\n|move|p2a: Basculegion|Last Respects|p1a: Basculegion\n|-supereffective|p1a: Basculegion\n|-damage|p1a: Basculegion|0 fnt\n|faint|p1a: Basculegion\n|move|p1b: Archaludon|Electro Shot||[still]\n|-prepare|p1b: Archaludon|Electro Shot\n|-boost|p1b: Archaludon|spa|1\n|-anim|p1b: Archaludon|Electro Shot|p2a: Basculegion\n|-supereffective|p2a: Basculegion\n|-damage|p2a: Basculegion|0 fnt\n|faint|p2a: Basculegion\n|\n|win|VGCLTH MINAMISIMP\n|raw|VGCLTH MINAMISIMP's rating: 1799 &rarr; <strong>1817<\/strong><br \/>(+18 for winning)\n|raw|orioridance's rating: 1760 &rarr; <strong>1742<\/strong><br \/>(-18 for losing)\n|c|\u2606VGCLTH MINAMISIMP|gg\n|l|\u2606VGCLTH MINAMISIMP\n|player|p1|\n|l|\u2606orioridance\n|player|p2|\n","uploadtime":1731512009,"views":20,"formatid":"gen9vgc2024regh","rating":1742,"private":0,"password":null}