{"id":"gen9vgc2024regh-2243227925","format":"[Gen 9] VGC 2024 Reg H","players":["VGCLTH Cuwutie","por minha atendido"],"log":"|raw|<div class=\"broadcast-blue\"><strong>This battle is required to be public due to a player having a name starting with 'vgclth'.<\/div>\n|j|\u2606VGCLTH Cuwutie\n|j|\u2606por minha atendido\n|t:|1731523994\n|gametype|doubles\n|player|p1|VGCLTH Cuwutie|102|1727\n|player|p2|por minha atendido|265|1719\n|teamsize|p1|6\n|teamsize|p2|6\n|gen|9\n|tier|[Gen 9] VGC 2024 Reg H\n|rated|\n|rule|Species Clause: Limit one of each Pok\u00e9mon\n|rule|Item Clause: Limit 1 of each item\n|clearpoke\n|poke|p1|Smeargle, L50, M|\n|poke|p1|Farigiraf, L50, F|\n|poke|p1|Grimmsnarl, L50, M|\n|poke|p1|Torkoal, L50, M|\n|poke|p1|Ursaluna-Bloodmoon, L50, M|\n|poke|p1|Weezing-Galar, L50, M|\n|poke|p2|Garchomp, L50, F|\n|poke|p2|Hydreigon, L50, F|\n|poke|p2|Murkrow, L50, M|\n|poke|p2|Sneasler, L50, F|\n|poke|p2|Indeedee, L50, M|\n|poke|p2|Gholdengo, L50|\n|teampreview|4\n|inactive|Battle timer is ON: inactive players will automatically lose when time's up. (requested by por minha atendido)\n|\n|t:|1731524032\n|start\n|switch|p1a: Grimmsnarl|Grimmsnarl, L50, M|100\/100\n|switch|p1b: Smeargle|Smeargle, L50, M|100\/100\n|switch|p2a: Gholdengo|Gholdengo, L50|100\/100\n|switch|p2b: Murkrow|Murkrow, L50, M|100\/100\n|turn|1\n|\n|t:|1731524051\n|move|p1b: Smeargle|Wide Guard|p1b: Smeargle\n|-singleturn|p1b: Smeargle|Wide Guard\n|move|p1a: Grimmsnarl|Sucker Punch|p2a: Gholdengo\n|-supereffective|p2a: Gholdengo\n|-damage|p2a: Gholdengo|8\/100\n|move|p2a: Gholdengo|Make It Rain|p1a: Grimmsnarl|[spread] \n|-activate|p1a: Grimmsnarl|move: Wide Guard\n|-activate|p1b: Smeargle|move: Wide Guard\n|move|p2b: Murkrow|Foul Play|p1b: Smeargle\n|-damage|p1b: Smeargle|73\/100\n|\n|-ability|p1b: Smeargle|Moody|boost\n|-boost|p1b: Smeargle|def|2\n|-unboost|p1b: Smeargle|spd|1\n|-enditem|p1b: Smeargle|Eject Pack\n|upkeep\n|\n|t:|1731524074\n|switch|p1b: Farigiraf|Farigiraf, L50, F|100\/100\n|turn|2\n|\n|t:|1731524092\n|move|p1a: Grimmsnarl|Sucker Punch|p2a: Gholdengo\n|-supereffective|p2a: Gholdengo\n|-damage|p2a: Gholdengo|0 fnt\n|faint|p2a: Gholdengo\n|move|p2b: Murkrow|Foul Play|p1b: Farigiraf\n|-supereffective|p1b: Farigiraf\n|-crit|p1b: Farigiraf\n|-damage|p1b: Farigiraf|26\/100\n|move|p1b: Farigiraf|Trick Room|p1b: Farigiraf\n|-fieldstart|move: Trick Room|[of] p1b: Farigiraf\n|\n|upkeep\n|\n|t:|1731524096\n|switch|p2a: Garchomp|Garchomp, L50, F|100\/100\n|turn|3\n|inactive|VGCLTH Cuwutie has 30 seconds left.\n|inactive|VGCLTH Cuwutie has 20 seconds left.\n|\n|t:|1731524131\n|move|p1b: Farigiraf|Helping Hand|p1a: Grimmsnarl\n|-singleturn|p1a: Grimmsnarl|Helping Hand|[of] p1b: Farigiraf\n|move|p2b: Murkrow|Protect|p2b: Murkrow\n|-singleturn|p2b: Murkrow|Protect\n|move|p2a: Garchomp|Protect|p2a: Garchomp\n|-singleturn|p2a: Garchomp|Protect\n|move|p1a: Grimmsnarl|Spirit Break|p2b: Murkrow\n|-activate|p2b: Murkrow|move: Protect\n|\n|upkeep\n|turn|4\n|\n|t:|1731524146\n|switch|p2b: Hydreigon|Hydreigon, L50, F|100\/100\n|-terastallize|p2a: Garchomp|Ground\n|move|p1b: Farigiraf|Helping Hand|p1a: Grimmsnarl\n|-singleturn|p1a: Grimmsnarl|Helping Hand|[of] p1b: Farigiraf\n|move|p1a: Grimmsnarl|Spirit Break|p2a: Garchomp\n|-damage|p2a: Garchomp|46\/100\n|-damage|p1a: Grimmsnarl|88\/100|[from] ability: Rough Skin|[of] p2a: Garchomp\n|move|p2a: Garchomp|Earthquake|p1b: Farigiraf|[spread] p1a,p1b\n|-immune|p2b: Hydreigon|[from] ability: Levitate\n|-damage|p1a: Grimmsnarl|19\/100\n|-damage|p1b: Farigiraf|0 fnt\n|faint|p1b: Farigiraf\n|\n|upkeep\n|\n|t:|1731524153\n|switch|p1b: Torkoal|Torkoal, L50, M|100\/100\n|-weather|SunnyDay|[from] ability: Drought|[of] p1b: Torkoal\n|turn|5\n|\n|t:|1731524168\n|-terastallize|p1b: Torkoal|Fire\n|move|p2b: Hydreigon|Protect|p2b: Hydreigon\n|-singleturn|p2b: Hydreigon|Protect\n|move|p2a: Garchomp|Protect|p2a: Garchomp\n|-singleturn|p2a: Garchomp|Protect\n|move|p1b: Torkoal|Eruption|p2b: Hydreigon|[spread] \n|-activate|p2a: Garchomp|move: Protect\n|-activate|p2b: Hydreigon|move: Protect\n|move|p1a: Grimmsnarl|Spirit Break|p2b: Hydreigon\n|-activate|p2b: Hydreigon|move: Protect\n|\n|-weather|SunnyDay|[upkeep]\n|upkeep\n|turn|6\n|\n|t:|1731524190\n|switch|p2a: Murkrow|Murkrow, L50, M|100\/100\n|move|p2b: Hydreigon|Protect||[still]\n|-fail|p2b: Hydreigon\n|move|p1b: Torkoal|Eruption|p2b: Hydreigon|[spread] p2a,p2b\n|-resisted|p2b: Hydreigon\n|-damage|p2a: Murkrow|0 fnt\n|-damage|p2b: Hydreigon|25\/100\n|faint|p2a: Murkrow\n|move|p1a: Grimmsnarl|Spirit Break|p2b: Hydreigon\n|-supereffective|p2b: Hydreigon\n|-damage|p2b: Hydreigon|0 fnt\n|faint|p2b: Hydreigon\n|\n|-weather|SunnyDay|[upkeep]\n|-fieldend|move: Trick Room\n|upkeep\n|\n|t:|1731524211\n|switch|p2b: Garchomp|Garchomp, L50, F, tera:Ground|46\/100\n|turn|7\n|\n|t:|1731524228\n|move|p1a: Grimmsnarl|Sucker Punch|p2b: Garchomp\n|-damage|p2b: Garchomp|13\/100\n|-damage|p1a: Grimmsnarl|6\/100|[from] ability: Rough Skin|[of] p2b: Garchomp\n|move|p2b: Garchomp|Earthquake|p1a: Grimmsnarl|[spread] p1a,p1b\n|-supereffective|p1b: Torkoal\n|-damage|p1a: Grimmsnarl|0 fnt\n|-damage|p1b: Torkoal|12\/100\n|faint|p1a: Grimmsnarl\n|move|p1b: Torkoal|Eruption|p2b: Garchomp\n|-damage|p2b: Garchomp|0 fnt\n|faint|p2b: Garchomp\n|\n|win|VGCLTH Cuwutie\n|raw|VGCLTH Cuwutie's rating: 1685 &rarr; <strong>1706<\/strong><br \/>(+21 for winning)\n|raw|por minha atendido's rating: 1700 &rarr; <strong>1679<\/strong><br \/>(-21 for losing)\n|l|\u2606por minha atendido\n|player|p2|\n|l|\u2606VGCLTH Cuwutie\n|player|p1|\n","uploadtime":1731524417,"views":26,"formatid":"gen9vgc2024regh","rating":1679,"private":0,"password":null}