{"id":"gen9vgc2024regh-2243128784","format":"[Gen 9] VGC 2024 Reg H","players":["ray4gej","bgc0"],"log":"|j|\u2606ray4gej\n|j|\u2606bgc0\n|t:|1731514627\n|gametype|doubles\n|player|p1|ray4gej|1|1710\n|player|p2|bgc0|steven|1869\n|teamsize|p1|6\n|teamsize|p2|6\n|gen|9\n|tier|[Gen 9] VGC 2024 Reg H\n|rated|\n|rule|Species Clause: Limit one of each Pok\u00e9mon\n|rule|Item Clause: Limit 1 of each item\n|clearpoke\n|poke|p1|Dondozo, L50, F|\n|poke|p1|Tatsugiri, L50, M|\n|poke|p1|Sneasler, L50, F|\n|poke|p1|Flamigo, L50, M|\n|poke|p1|Amoonguss, L50, M|\n|poke|p1|Gholdengo, L50|\n|poke|p2|Espathra, L50, F|\n|poke|p2|Archaludon, L50, M|\n|poke|p2|Incineroar, L50, M|\n|poke|p2|Ninetales-Alola, L50, F|\n|poke|p2|Murkrow, L50, M|\n|poke|p2|Amoonguss, L50, M|\n|teampreview|4\n|inactive|Battle timer is ON: inactive players will automatically lose when time's up. (requested by bgc0)\n|j| elonmasksex\nbgc0 rejected open team sheets.\n|\n|t:|1731514664\n|start\n|switch|p1a: Sneasler|Sneasler, L50, F|100\/100\n|switch|p1b: Gholdengo|Gholdengo, L50|100\/100\n|switch|p2a: Espathra|Espathra, L50, F|100\/100\n|switch|p2b: Archaludon|Archaludon, L50, M, shiny|100\/100\n|turn|1\n|\n|t:|1731514683\n|move|p2a: Espathra|Protect|p2a: Espathra\n|-singleturn|p2a: Espathra|Protect\n|move|p2b: Archaludon|Protect|p2b: Archaludon\n|-singleturn|p2b: Archaludon|Protect\n|move|p1a: Sneasler|Dire Claw|p2a: Espathra\n|-activate|p2a: Espathra|move: Protect\n|move|p1b: Gholdengo|Nasty Plot|p1b: Gholdengo\n|-boost|p1b: Gholdengo|spa|2\n|\n|-ability|p2a: Espathra|Speed Boost|boost\n|-boost|p2a: Espathra|spe|1\n|upkeep\n|turn|2\n|\n|t:|1731514697\n|move|p2a: Espathra|Lumina Crash|p1b: Gholdengo\n|-resisted|p1b: Gholdengo\n|-damage|p1b: Gholdengo|82\/100\n|-unboost|p1b: Gholdengo|spd|2\n|move|p1a: Sneasler|Close Combat|p2b: Archaludon\n|-supereffective|p2b: Archaludon\n|-ability|p2b: Archaludon|Sturdy\n|-damage|p2b: Archaludon|1\/100\n|-unboost|p1a: Sneasler|def|1\n|-unboost|p1a: Sneasler|spd|1\n|move|p2b: Archaludon|Electro Shot||[still]\n|-prepare|p2b: Archaludon|Electro Shot\n|-boost|p2b: Archaludon|spa|1\n|-enditem|p2b: Archaludon|Power Herb\n|-anim|p2b: Archaludon|Electro Shot|p1b: Gholdengo\n|-damage|p1b: Gholdengo|0 fnt\n|faint|p1b: Gholdengo\n|\n|-ability|p2a: Espathra|Speed Boost|boost\n|-boost|p2a: Espathra|spe|1\n|upkeep\n|inactive|ray4gej has 30 seconds left.\n|\n|t:|1731514724\n|switch|p1b: Dondozo|Dondozo, L50, F, shiny|100\/100\n|turn|3\n|\n|t:|1731514748\n|switch|p1a: Tatsugiri|Tatsugiri, L50, M|100\/100\n|-activate|p1a: Tatsugiri|ability: Commander|[of] p1b: Dondozo\n|-boost|p1b: Dondozo|atk|2\n|-boost|p1b: Dondozo|spa|2\n|-boost|p1b: Dondozo|spe|2\n|-boost|p1b: Dondozo|def|2\n|-boost|p1b: Dondozo|spd|2\n|move|p2a: Espathra|Lumina Crash|p1b: Dondozo\n|-damage|p1b: Dondozo|82\/100\n|move|p1b: Dondozo|Order Up|p2a: Espathra\n|-damage|p2a: Espathra|34\/100\n|-boost|p1b: Dondozo|atk|1\n|move|p2b: Archaludon|Dragon Pulse|p1b: Dondozo\n|-damage|p1b: Dondozo|60\/100\n|\n|-ability|p2a: Espathra|Speed Boost|boost\n|-boost|p2a: Espathra|spe|1\n|upkeep\n|turn|4\n|inactive|ray4gej has 30 seconds left.\n|inactive|bgc0 has 30 seconds left.\n|inactive|bgc0 has 20 seconds left.\n|inactive|bgc0 has 15 seconds left.\n|inactive|bgc0 has 10 seconds left.\n|\n|t:|1731514794\n|move|p2a: Espathra|Hypnosis|p1b: Dondozo\n|-status|p1b: Dondozo|slp|[from] move: Hypnosis\n|cant|p1b: Dondozo|slp\n|move|p2b: Archaludon|Electro Shot||[still]\n|-prepare|p2b: Archaludon|Electro Shot\n|-boost|p2b: Archaludon|spa|1\n|\n|-ability|p2a: Espathra|Speed Boost|boost\n|-boost|p2a: Espathra|spe|1\n|upkeep\n|turn|5\n|\n|t:|1731514803\n|move|p2a: Espathra|Lumina Crash|p1b: Dondozo\n|-damage|p1b: Dondozo|43\/100 slp\n|-curestatus|p1b: Dondozo|slp|[msg]\n|move|p1b: Dondozo|Wave Crash|p2a: Espathra\n|-damage|p2a: Espathra|0 fnt\n|faint|p2a: Espathra\n|-damage|p1b: Dondozo|36\/100|[from] Recoil\n|move|p2b: Archaludon|Electro Shot|p1b: Dondozo|[from]lockedmove\n|-supereffective|p1b: Dondozo\n|-damage|p1b: Dondozo|0 fnt\n|faint|p1b: Dondozo\n|\n|upkeep\n|\n|t:|1731514817\n|switch|p2a: Murkrow|Murkrow, L50, M|100\/100\n|switch|p1b: Sneasler|Sneasler, L50, F|100\/100\n|turn|6\n|\n|t:|1731514837\n|move|p2b: Archaludon|Protect|p2b: Archaludon\n|-singleturn|p2b: Archaludon|Protect\n|move|p2a: Murkrow|Tailwind|p2a: Murkrow\n|-sidestart|p2: bgc0|move: Tailwind\n|move|p1a: Tatsugiri|Muddy Water|p2b: Archaludon|[spread] \n|-activate|p2b: Archaludon|move: Protect\n|-miss|p1a: Tatsugiri|p2a: Murkrow\n|move|p1b: Sneasler|Close Combat|p2a: Murkrow\n|-damage|p2a: Murkrow|43\/100\n|-unboost|p1b: Sneasler|def|1\n|-unboost|p1b: Sneasler|spd|1\n|\n|upkeep\n|turn|7\n|inactive|ray4gej has 30 seconds left.\n|\n|t:|1731514869\n|move|p2b: Archaludon|Dragon Pulse|p1a: Tatsugiri\n|-supereffective|p1a: Tatsugiri\n|-crit|p1a: Tatsugiri\n|-damage|p1a: Tatsugiri|0 fnt\n|faint|p1a: Tatsugiri\n|move|p2a: Murkrow|Brave Bird|p1b: Sneasler\n|-supereffective|p1b: Sneasler\n|-damage|p1b: Sneasler|0 fnt\n|faint|p1b: Sneasler\n|-damage|p2a: Murkrow|12\/100|[from] Recoil\n|\n|win|bgc0\n|raw|ray4gej's rating: 1710 &rarr; <strong>1699<\/strong><br \/>(-11 for losing)\n|raw|bgc0's rating: 1869 &rarr; <strong>1880<\/strong><br \/>(+11 for winning)\n|c|\u2606bgc0|Gg\n|l|\u2606bgc0\n|player|p2|\n|l|\u2606ray4gej\n|player|p1|\n|l| elonmasksex\n","uploadtime":1731515066,"views":18,"formatid":"gen9vgc2024regh","rating":1699,"private":0,"password":null}