{"id":"gen9vgc2024regh-2243792003","format":"[Gen 9] VGC 2024 Reg H","players":["sam smithy","vgclth elowyn"],"log":"|raw|<div class=\"broadcast-blue\"><strong>This battle is required to be public due to a player having a name starting with 'vgclth'.<\/div>\n|j|\u2606sam smithy\n|j|\u2606vgclth elowyn\n|t:|1731599584\n|gametype|doubles\n|player|p1|sam smithy|ariana|1664\n|player|p2|vgclth elowyn|1|1714\n|teamsize|p1|6\n|teamsize|p2|6\n|gen|9\n|tier|[Gen 9] VGC 2024 Reg H\n|rated|\n|rule|Species Clause: Limit one of each Pok\u00e9mon\n|rule|Item Clause: Limit 1 of each item\n|clearpoke\n|poke|p1|Mimikyu, L50, M|\n|poke|p1|Incineroar, L50, M|\n|poke|p1|Torkoal, L50, M|\n|poke|p1|Lilligant-Hisui, L50, F|\n|poke|p1|Ursaluna-Bloodmoon, L50, M|\n|poke|p1|Dragapult, L50, M|\n|poke|p2|Smeargle, L50, M|\n|poke|p2|Farigiraf, L50, M|\n|poke|p2|Maushold-Four, L50|\n|poke|p2|Torkoal, L50, M|\n|poke|p2|Ursaluna-Bloodmoon, L50, M|\n|poke|p2|Weezing-Galar, L50, F|\n|teampreview|4\n|j| VGCLTH Carrots\n|j| LuBiStar20\n|inactive|Battle timer is ON: inactive players will automatically lose when time's up. (requested by vgclth elowyn)\n|\n|t:|1731599660\n|start\n|switch|p1a: Jerry Rivera|Dragapult, L50, M|100\/100\n|switch|p1b: Sof\u00eda|Incineroar, L50, M|100\/100\n|switch|p2a: Smeargle|Smeargle, L50, M|100\/100\n|switch|p2b: Farigiraf|Farigiraf, L50, M|100\/100\n|-ability|p1b: Sof\u00eda|Intimidate|boost\n|-unboost|p2a: Smeargle|atk|1\n|-enditem|p2a: Smeargle|Eject Pack\n|-unboost|p2b: Farigiraf|atk|1\n|\n|t:|1731599671\n|switch|p2a: Ursaluna|Ursaluna-Bloodmoon, L50, M|100\/100\n|turn|1\n|\n|t:|1731599692\n|switch|p2b: Smeargle|Smeargle, L50, M|100\/100\n|-terastallize|p1a: Jerry Rivera|Dragon\n|-terastallize|p2a: Ursaluna|Normal\n|move|p1a: Jerry Rivera|Outrage|p2a: Ursaluna\n|-damage|p2a: Ursaluna|22\/100\n|move|p1b: Sof\u00eda|Knock Off|p2b: Smeargle\n|-damage|p2b: Smeargle|33\/100\n|move|p2a: Ursaluna|Blood Moon|p1b: Sof\u00eda\n|-damage|p1b: Sof\u00eda|7\/100\n|-damage|p2a: Ursaluna|12\/100|[from] item: Life Orb\n|\n|-ability|p2b: Smeargle|Moody|boost\n|-boost|p2b: Smeargle|spd|2\n|-unboost|p2b: Smeargle|spa|1\n|upkeep\n|turn|2\n|l| LuBiStar20\n|inactive|sam smithy has 30 seconds left.\n|\n|t:|1731599727\n|move|p2b: Smeargle|Fake Out|p1b: Sof\u00eda\n|-damage|p1b: Sof\u00eda|2\/100\n|move|p1a: Jerry Rivera|Outrage|p2a: Ursaluna|[from]lockedmove\n|-damage|p2a: Ursaluna|0 fnt\n|faint|p2a: Ursaluna\n|-start|p1a: Jerry Rivera|confusion|[fatigue]\n|cant|p1b: Sof\u00eda|flinch\n|\n|-ability|p2b: Smeargle|Moody|boost\n|-boost|p2b: Smeargle|def|2\n|-unboost|p2b: Smeargle|spa|1\n|upkeep\n|\n|t:|1731599732\n|switch|p2a: Farigiraf|Farigiraf, L50, M|100\/100\n|turn|3\n|\n|t:|1731599755\n|move|p2b: Smeargle|Follow Me|p2b: Smeargle\n|-singleturn|p2b: Smeargle|move: Follow Me\n|-activate|p1a: Jerry Rivera|confusion\n|move|p1a: Jerry Rivera|Outrage|p2b: Smeargle\n|-damage|p2b: Smeargle|0 fnt\n|faint|p2b: Smeargle\n|move|p1b: Sof\u00eda|Knock Off|p2a: Farigiraf\n|-supereffective|p2a: Farigiraf\n|-damage|p2a: Farigiraf|21\/100\n|-enditem|p2a: Farigiraf|Mental Herb|[from] move: Knock Off|[of] p1b: Sof\u00eda\n|move|p2a: Farigiraf|Trick Room|p2a: Farigiraf\n|-fieldstart|move: Trick Room|[of] p2a: Farigiraf\n|\n|upkeep\n|\n|t:|1731599759\n|switch|p2b: Torkoal|Torkoal, L50, M|100\/100\n|-weather|SunnyDay|[from] ability: Drought|[of] p2b: Torkoal\n|turn|4\n|\n|t:|1731599781\n|move|p2b: Torkoal|Eruption|p1b: Sof\u00eda|[spread] p1a,p1b\n|-resisted|p1a: Jerry Rivera\n|-resisted|p1b: Sof\u00eda\n|-damage|p1a: Jerry Rivera|26\/100\n|-damage|p1b: Sof\u00eda|0 fnt\n|faint|p1b: Sof\u00eda\n|move|p2a: Farigiraf|Twin Beam|p1a: Jerry Rivera\n|-damage|p1a: Jerry Rivera|7\/100\n|-damage|p1a: Jerry Rivera|0 fnt\n|faint|p1a: Jerry Rivera\n|-hitcount|p1: Jerry Rivera|2\n|\n|-weather|SunnyDay|[upkeep]\n|upkeep\n|\n|t:|1731599785\n|switch|p1b: Jorginho|Torkoal, L50, M|100\/100\n|switch|p1a: Darita|Lilligant-Hisui, L50, F|100\/100\n|turn|5\n|\n|t:|1731599792\n|move|p1b: Jorginho|Eruption|p2b: Torkoal|[spread] p2a,p2b\n|-resisted|p2b: Torkoal\n|-damage|p2a: Farigiraf|0 fnt\n|-damage|p2b: Torkoal|38\/100\n|faint|p2a: Farigiraf\n|move|p2b: Torkoal|Eruption|p1b: Jorginho|[spread] p1a,p1b\n|-supereffective|p1a: Darita\n|-resisted|p1b: Jorginho\n|-enditem|p1a: Darita|Focus Sash\n|-damage|p1a: Darita|1\/100\n|-damage|p1b: Jorginho|75\/100\n|move|p1a: Darita|Sleep Powder|p2b: Torkoal\n|-status|p2b: Torkoal|slp|[from] move: Sleep Powder\n|\n|-weather|SunnyDay|[upkeep]\n|upkeep\n|turn|6\n|-message|vgclth elowyn forfeited.\n|\n|win|sam smithy\n|raw|sam smithy's rating: 1664 &rarr; <strong>1687<\/strong><br \/>(+23 for winning)\n|raw|vgclth elowyn's rating: 1714 &rarr; <strong>1691<\/strong><br \/>(-23 for losing)\n|l|\u2606sam smithy\n|player|p1|\n|l| VGCLTH Carrots\n","uploadtime":1731599983,"views":18,"formatid":"gen9vgc2024regh","rating":1687,"private":0,"password":null}