{"id":"gen9vgc2024regh-2243129055","format":"[Gen 9] VGC 2024 Reg H","players":["VGCLTH Thacrow","VGCLTH <1000ELO"],"log":"|raw|<div class=\"broadcast-blue\"><strong>This battle is required to be public due to a player having a name starting with 'vgclth'.<\/div>\n|j|\u2606VGCLTH Thacrow\n|j|\u2606VGCLTH <1000ELO\n|t:|1731514655\n|gametype|doubles\n|player|p1|VGCLTH Thacrow|wallace-masters|1798\n|player|p2|VGCLTH <1000ELO|1|1732\n|teamsize|p1|6\n|teamsize|p2|6\n|gen|9\n|tier|[Gen 9] VGC 2024 Reg H\n|rated|\n|rule|Species Clause: Limit one of each Pok\u00e9mon\n|rule|Item Clause: Limit 1 of each item\n|clearpoke\n|poke|p1|Ceruledge, L50, F|\n|poke|p1|Gastrodon-East, L50, M|\n|poke|p1|Sneasler, L50, M|\n|poke|p1|Dragonite, L50, F|\n|poke|p1|Rillaboom, L50, F|\n|poke|p1|Kingambit, L50, M|\n|poke|p2|Dondozo, L50, M|\n|poke|p2|Tatsugiri, L50, M|\n|poke|p2|Dragonite, L50, M|\n|poke|p2|Gholdengo, L50|\n|poke|p2|Glimmora, L50, F|\n|poke|p2|Talonflame, L50, F|\n|teampreview|4\n|inactive|Battle timer is ON: inactive players will automatically lose when time's up. (requested by VGCLTH <1000ELO)\nVGCLTH Thacrow has agreed to open team sheets.\nVGCLTH <1000ELO has agreed to open team sheets.\n|inactive|VGCLTH <1000ELO has 30 seconds left.\n|inactive|VGCLTH <1000ELO has 20 seconds left.\n|inactive|VGCLTH <1000ELO has 15 seconds left.\n|inactive|VGCLTH <1000ELO has 10 seconds left.\n|inactive|VGCLTH <1000ELO has 5 seconds left.\n|\n|t:|1731514715\n|start\n|switch|p1a: Kidturtle|Sneasler, L50, M, shiny|100\/100\n|switch|p1b: Godlyreal|Kingambit, L50, M|100\/100\n|switch|p2a: Talonflame|Talonflame, L50, F|100\/100\n|switch|p2b: Dragonite|Dragonite, L50, M|100\/100\n|turn|1\n|j| elonmasksex\n|\n|t:|1731514749\n|-terastallize|p1b: Godlyreal|Flying\n|move|p1a: Kidturtle|Coaching|p1b: Godlyreal\n|-boost|p1b: Godlyreal|atk|1\n|-boost|p1b: Godlyreal|def|1\n|move|p2a: Talonflame|Flare Blitz|p1b: Godlyreal\n|-damage|p1b: Godlyreal|76\/100\n|-damage|p2a: Talonflame|90\/100|[from] Recoil\n|move|p2b: Dragonite|Earthquake|p1b: Godlyreal|[spread] p1a\n|-immune|p2a: Talonflame\n|-immune|p1b: Godlyreal\n|-supereffective|p1a: Kidturtle\n|-enditem|p1a: Kidturtle|Focus Sash\n|-damage|p1a: Kidturtle|1\/100\n|move|p1b: Godlyreal|Kowtow Cleave|p2a: Talonflame\n|-damage|p2a: Talonflame|0 fnt\n|faint|p2a: Talonflame\n|\n|upkeep\n|inactive|VGCLTH <1000ELO has 30 seconds left.\n|\n|t:|1731514784\n|switch|p2a: Dondozo|Dondozo, L50, M|100\/100\n|turn|2\n|\n|t:|1731514806\n|switch|p1a: Joe Dog|Gastrodon-East, L50, M|100\/100\n|switch|p2b: Tatsugiri|Tatsugiri, L50, M|100\/100\n|-activate|p2b: Tatsugiri|ability: Commander|[of] p2a: Dondozo\n|-boost|p2a: Dondozo|atk|2\n|-boost|p2a: Dondozo|spa|2\n|-boost|p2a: Dondozo|spe|2\n|-boost|p2a: Dondozo|def|2\n|-boost|p2a: Dondozo|spd|2\n|move|p2a: Dondozo|Order Up|p1a: Joe Dog\n|-damage|p1a: Joe Dog|52\/100\n|-boost|p2a: Dondozo|atk|1\n|move|p1b: Godlyreal|Kowtow Cleave|p2b: Tatsugiri|[miss]\n|-miss|p1b: Godlyreal|p2b: Tatsugiri\n|\n|upkeep\n|turn|3\n|\n|t:|1731514829\n|move|p2a: Dondozo|Order Up|p1b: Godlyreal\n|-damage|p1b: Godlyreal|25\/100\n|-boost|p2a: Dondozo|atk|1\n|move|p1b: Godlyreal|Kowtow Cleave|p2a: Dondozo\n|-damage|p2a: Dondozo|83\/100\n|move|p1a: Joe Dog|Clear Smog|p2a: Dondozo\n|-damage|p2a: Dondozo|76\/100\n|-clearboost|p2a: Dondozo\n|\n|-heal|p2a: Dondozo|82\/100|[from] item: Leftovers\n|upkeep\n|turn|4\n|\n|t:|1731514835\n|move|p2a: Dondozo|Order Up|p1b: Godlyreal\n|-damage|p1b: Godlyreal|3\/100\n|-boost|p2a: Dondozo|atk|1\n|move|p1b: Godlyreal|Kowtow Cleave|p2a: Dondozo\n|-damage|p2a: Dondozo|48\/100\n|move|p1a: Joe Dog|Earth Power|p2a: Dondozo\n|-damage|p2a: Dondozo|13\/100\n|\n|-heal|p2a: Dondozo|20\/100|[from] item: Leftovers\n|upkeep\n|turn|5\n|\n|t:|1731514843\n|move|p2a: Dondozo|Protect|p2a: Dondozo\n|-singleturn|p2a: Dondozo|Protect\n|move|p1b: Godlyreal|Sucker Punch||[still]\n|-fail|p1b: Godlyreal\n|move|p1a: Joe Dog|Earth Power|p2a: Dondozo\n|-activate|p2a: Dondozo|move: Protect\n|\n|-heal|p2a: Dondozo|26\/100|[from] item: Leftovers\n|upkeep\n|turn|6\n|\n|t:|1731514848\n|move|p2a: Dondozo|Order Up|p1b: Godlyreal\n|-damage|p1b: Godlyreal|0 fnt\n|faint|p1b: Godlyreal\n|-boost|p2a: Dondozo|atk|1\n|move|p1a: Joe Dog|Earth Power|p2a: Dondozo\n|-damage|p2a: Dondozo|0 fnt\n|faint|p2a: Dondozo\n|\n|upkeep\n|\n|t:|1731514856\n|switch|p2a: Dragonite|Dragonite, L50, M|100\/100\n|switch|p1b: Main Flutter|Dragonite, L50, F, shiny|100\/100\n|turn|7\n|\n|t:|1731514869\n|-terastallize|p2a: Dragonite|Normal\n|move|p2b: Tatsugiri|Protect|p2b: Tatsugiri\n|-singleturn|p2b: Tatsugiri|Protect\n|move|p1b: Main Flutter|Protect|p1b: Main Flutter\n|-singleturn|p1b: Main Flutter|Protect\n|move|p2a: Dragonite|Extreme Speed|p1b: Main Flutter\n|-activate|p1b: Main Flutter|move: Protect\n|move|p1a: Joe Dog|Ice Beam|p2a: Dragonite\n|-damage|p2a: Dragonite|89\/100\n|-status|p2a: Dragonite|frz\n|\n|upkeep\n|turn|8\n|\n|t:|1731514879\n|cant|p2a: Dragonite|frz\n|move|p2b: Tatsugiri|Draco Meteor|p1a: Joe Dog\n|-damage|p1a: Joe Dog|0 fnt\n|-unboost|p2b: Tatsugiri|spa|2\n|faint|p1a: Joe Dog\n|move|p1b: Main Flutter|Scale Shot|p2b: Tatsugiri\n|-supereffective|p2b: Tatsugiri\n|-damage|p2b: Tatsugiri|41\/100\n|-supereffective|p2b: Tatsugiri\n|-damage|p2b: Tatsugiri|0 fnt\n|faint|p2b: Tatsugiri\n|-hitcount|p2: Tatsugiri|2\n|-unboost|p1b: Main Flutter|def|1\n|-boost|p1b: Main Flutter|spe|1\n|\n|upkeep\n|\n|t:|1731514884\n|switch|p1a: Kidturtle|Sneasler, L50, M, shiny|1\/100\n|turn|9\n|\n|t:|1731514892\n|move|p1a: Kidturtle|Fake Out|p2a: Dragonite\n|-damage|p2a: Dragonite|76\/100 frz\n|-curestatus|p2a: Dragonite|frz|[msg]\n|cant|p2a: Dragonite|flinch\n|move|p1b: Main Flutter|Low Kick|p2a: Dragonite\n|-supereffective|p2a: Dragonite\n|-crit|p2a: Dragonite\n|-damage|p2a: Dragonite|0 fnt\n|faint|p2a: Dragonite\n|\n|win|VGCLTH Thacrow\n|raw|VGCLTH Thacrow's rating: 1798 &rarr; <strong>1814<\/strong><br \/>(+16 for winning)\n|raw|VGCLTH &lt;1000ELO's rating: 1732 &rarr; <strong>1716<\/strong><br \/>(-16 for losing)\n|l|\u2606VGCLTH <1000ELO\n|player|p2|\n|l|\u2606VGCLTH Thacrow\n|player|p1|\n|l| elonmasksex\n","uploadtime":1731515065,"views":28,"formatid":"gen9vgc2024regh","rating":1716,"private":0,"password":null}