{"id":"gen9vgc2024regh-2243373875","format":"[Gen 9] VGC 2024 Reg H","players":["VGCLTH Sac gaming","VGCLTH Oinge"],"log":"|raw|<div class=\"broadcast-blue\"><strong>This battle is required to be public due to a player having a name starting with 'vgclth'.<\/div>\n|j|\u2606VGCLTH Sac gaming\n|j|\u2606VGCLTH Oinge\n|t:|1731538899\n|gametype|doubles\n|player|p1|VGCLTH Sac gaming|steven|1689\n|player|p2|VGCLTH Oinge|mars|1759\n|teamsize|p1|6\n|teamsize|p2|6\n|gen|9\n|tier|[Gen 9] VGC 2024 Reg H\n|rated|\n|rule|Species Clause: Limit one of each Pok\u00e9mon\n|rule|Item Clause: Limit 1 of each item\n|clearpoke\n|poke|p1|Whimsicott, L50, M|\n|poke|p1|Dragonite, L50, F|\n|poke|p1|Ursaluna-Bloodmoon, L50, M|\n|poke|p1|Gholdengo, L50|\n|poke|p1|Incineroar, L50, M|\n|poke|p1|Annihilape, L50, M|\n|poke|p2|Kilowattrel, L50, F|\n|poke|p2|Dragonite, L50, F|\n|poke|p2|Garchomp, L50, F|\n|poke|p2|Ninetales-Alola, L50, M|\n|poke|p2|Amoonguss, L50, M|\n|poke|p2|Incineroar, L50, M|\n|teampreview|4\nVGCLTH Sac gaming rejected open team sheets.\n|j| le difu\n|\n|t:|1731538918\n|start\n|switch|p1a: Whimsicott|Whimsicott, L50, M|100\/100\n|switch|p1b: Annihilape|Annihilape, L50, M|100\/100\n|switch|p2a: Kilowattrel|Kilowattrel, L50, F|100\/100\n|switch|p2b: Garchomp|Garchomp, L50, F|100\/100\n|turn|1\n|\n|t:|1731538937\n|move|p1a: Whimsicott|Tailwind|p1a: Whimsicott\n|-sidestart|p1: VGCLTH Sac gaming|move: Tailwind\n|move|p1b: Annihilape|Final Gambit|p2b: Garchomp\n|-damage|p2b: Garchomp|0 fnt\n|faint|p1b: Annihilape\n|faint|p2b: Garchomp\n|move|p2a: Kilowattrel|Air Slash|p1a: Whimsicott\n|-supereffective|p1a: Whimsicott\n|-enditem|p1a: Whimsicott|Focus Sash\n|-damage|p1a: Whimsicott|1\/100\n|\n|upkeep\n|\n|t:|1731538948\n|switch|p2b: Incineroar|Incineroar, L50, M|100\/100\n|switch|p1b: Gholdengo|Gholdengo, L50|100\/100\n|-ability|p2b: Incineroar|Intimidate|boost\n|-unboost|p1a: Whimsicott|atk|1\n|-unboost|p1b: Gholdengo|atk|1\n|turn|2\n|j| AlabamaChristian\n|\n|t:|1731538988\n|move|p2b: Incineroar|Fake Out|p1a: Whimsicott\n|-damage|p1a: Whimsicott|0 fnt\n|faint|p1a: Whimsicott\n|move|p1b: Gholdengo|Power Gem|p2a: Kilowattrel\n|-supereffective|p2a: Kilowattrel\n|-enditem|p2a: Kilowattrel|Focus Sash\n|-damage|p2a: Kilowattrel|1\/100\n|move|p2a: Kilowattrel|Tailwind|p2a: Kilowattrel\n|-sidestart|p2: VGCLTH Oinge|move: Tailwind\n|\n|upkeep\n|inactive|Battle timer is ON: inactive players will automatically lose when time's up. (requested by VGCLTH Oinge)\n|\n|t:|1731539028\n|switch|p1a: Ursaluna|Ursaluna-Bloodmoon, L50, M|100\/100\n|turn|3\n|j| VGCLTH John Pork\n|inactive|VGCLTH Oinge has 30 seconds left.\n|\n|t:|1731539063\n|-terastallize|p2b: Incineroar|Ghost\n|move|p2a: Kilowattrel|Protect|p2a: Kilowattrel\n|-singleturn|p2a: Kilowattrel|Protect\n|move|p1a: Ursaluna|Vacuum Wave|p2b: Incineroar\n|-damage|p2b: Incineroar|90\/100\n|move|p1b: Gholdengo|Power Gem|p2b: Incineroar\n|-damage|p2b: Incineroar|57\/100\n|move|p2b: Incineroar|Flare Blitz|p1b: Gholdengo\n|-supereffective|p1b: Gholdengo\n|-damage|p1b: Gholdengo|0 fnt\n|faint|p1b: Gholdengo\n|-damage|p2b: Incineroar|30\/100|[from] Recoil\n|\n|upkeep\n|turn|4\n|\n|t:|1731539077\n|-terastallize|p1a: Ursaluna|Normal\n|move|p2a: Kilowattrel|Air Slash|p1a: Ursaluna\n|-damage|p1a: Ursaluna|74\/100\n|move|p1a: Ursaluna|Hyper Voice|p2b: Incineroar|[spread] p2a,p2b\n|-damage|p2a: Kilowattrel|0 fnt\n|-damage|p2b: Incineroar|0 fnt\n|faint|p2a: Kilowattrel\n|faint|p2b: Incineroar\n|\n|-sideend|p1: VGCLTH Sac gaming|move: Tailwind\n|upkeep\n|\n|t:|1731539084\n|switch|p2b: Ninetales|Ninetales-Alola, L50, M|100\/100\n|-weather|Snow|[from] ability: Snow Warning|[of] p2b: Ninetales\n|turn|5\n|j| vgclth souly\n|\n|t:|1731539097\n|move|p2b: Ninetales|Blizzard|p1a: Ursaluna\n|-damage|p1a: Ursaluna|28\/100\n|move|p1a: Ursaluna|Blood Moon|p2b: Ninetales\n|-damage|p2b: Ninetales|0 fnt\n|faint|p2b: Ninetales\n|\n|win|VGCLTH Sac gaming\n|raw|VGCLTH Sac gaming's rating: 1705 &rarr; <strong>1728<\/strong><br \/>(+23 for winning)\n|raw|VGCLTH Oinge's rating: 1759 &rarr; <strong>1736<\/strong><br \/>(-23 for losing)\n|j| VGCLTH Ninjaboy\n","uploadtime":1731539105,"views":19,"formatid":"gen9vgc2024regh","rating":1728,"private":0,"password":null}