{"id":"gen9vgc2024regh-2243963920","format":"[Gen 9] VGC 2024 Reg H","players":["L234S","Calamella"],"log":"|j|\u2606L234S\n|j|\u2606Calamella\n|t:|1731616032\n|gametype|doubles\n|player|p1|L234S|170|1692\n|player|p2|Calamella|266|1688\n|teamsize|p1|6\n|teamsize|p2|6\n|gen|9\n|tier|[Gen 9] VGC 2024 Reg H\n|rated|\n|rule|Species Clause: Limit one of each Pok\u00e9mon\n|rule|Item Clause: Limit 1 of each item\n|clearpoke\n|poke|p1|Amoonguss, L50, F|\n|poke|p1|Incineroar, L50, M|\n|poke|p1|Kingambit, L50, F|\n|poke|p1|Ninetales-Alola, L50, M|\n|poke|p1|Garchomp, L50, M|\n|poke|p1|Dragonite, L50, F|\n|poke|p2|Greninja-*, L50, M|\n|poke|p2|Archaludon, L50, F|\n|poke|p2|Annihilape, L50, M|\n|poke|p2|Pelipper, L50, F|\n|poke|p2|Rillaboom, L50, M|\n|poke|p2|Sneasler, L50, F|\n|teampreview|4\n|j| jlz04t1h\n|\n|t:|1731616064\n|start\n|switch|p1a: Garchomp|Garchomp, L50, M, shiny|100\/100\n|switch|p1b: Dragonite|Dragonite, L50, F|100\/100\n|switch|p2a: Greninja|Greninja, L50, M|100\/100\n|switch|p2b: Annihilape|Annihilape, L50, M|100\/100\n|turn|1\n|inactive|Battle timer is ON: inactive players will automatically lose when time's up. (requested by L234S)\n|\n|t:|1731616092\n|switch|p1a: Amoonguss|Amoonguss, L50, F, shiny|100\/100\n|-terastallize|p2b: Annihilape|Water\n|move|p1b: Dragonite|Extreme Speed|p2a: Greninja\n|-damage|p2a: Greninja|58\/100\n|move|p2a: Greninja|Water Shuriken|p2b: Annihilape\n|-start|p2a: Greninja|typechange|Water|[from] ability: Protean\n|-resisted|p2b: Annihilape\n|-damage|p2b: Annihilape|97\/100\n|-resisted|p2b: Annihilape\n|-damage|p2b: Annihilape|93\/100\n|-resisted|p2b: Annihilape\n|-damage|p2b: Annihilape|90\/100\n|-resisted|p2b: Annihilape\n|-damage|p2b: Annihilape|87\/100\n|-resisted|p2b: Annihilape\n|-damage|p2b: Annihilape|83\/100\n|-hitcount|p2b: Annihilape|5\n|move|p2b: Annihilape|Rage Fist|p1a: Amoonguss\n|-damage|p1a: Amoonguss|0 fnt\n|faint|p1a: Amoonguss\n|\n|upkeep\n|\n|t:|1731616105\n|switch|p1a: Ninetales|Ninetales-Alola, L50, M, shiny|100\/100\n|-weather|Snow|[from] ability: Snow Warning|[of] p1a: Ninetales\n|turn|2\n|\n|t:|1731616128\n|switch|p2b: Archaludon|Archaludon, L50, F|100\/100\n|move|p1b: Dragonite|Extreme Speed|p2b: Archaludon\n|-resisted|p2b: Archaludon\n|-damage|p2b: Archaludon|90\/100\n|-ability|p2b: Archaludon|Stamina|boost\n|-boost|p2b: Archaludon|def|1\n|move|p1a: Ninetales|Freeze-Dry|p2b: Archaludon\n|-damage|p2b: Archaludon|62\/100\n|-ability|p2b: Archaludon|Stamina|boost\n|-boost|p2b: Archaludon|def|1\n|move|p2a: Greninja|Sludge Wave|p1a: Ninetales|[spread] p1a,p1b\n|-immune|p2b: Archaludon\n|-supereffective|p1a: Ninetales\n|-damage|p1a: Ninetales|52\/100\n|-damage|p1b: Dragonite|93\/100\n|-status|p1b: Dragonite|psn\n|\n|-weather|Snow|[upkeep]\n|-damage|p1b: Dragonite|81\/100 psn|[from] psn\n|upkeep\n|turn|3\n|inactive|L234S has 30 seconds left.\n|inactive|Calamella has 30 seconds left.\n|\n|t:|1731616158\n|switch|p1a: Garchomp|Garchomp, L50, M, shiny|100\/100\n|move|p2a: Greninja|Protect|p2a: Greninja\n|-singleturn|p2a: Greninja|Protect\n|move|p1b: Dragonite|Extreme Speed|p2a: Greninja\n|-activate|p2a: Greninja|move: Protect\n|move|p2b: Archaludon|Flash Cannon|p1a: Garchomp\n|-damage|p1a: Garchomp|62\/100\n|-unboost|p1a: Garchomp|spd|1\n|\n|-weather|Snow|[upkeep]\n|-damage|p1b: Dragonite|69\/100 psn|[from] psn\n|upkeep\n|turn|4\n|inactive|Calamella has 30 seconds left.\n|\n|t:|1731616187\n|move|p2a: Greninja|Water Shuriken|p1a: Garchomp\n|-damage|p1a: Garchomp|51\/100\n|-damage|p1a: Garchomp|39\/100\n|-damage|p1a: Garchomp|27\/100\n|-damage|p1a: Garchomp|15\/100\n|-damage|p1a: Garchomp|3\/100\n|-hitcount|p1a: Garchomp|5\n|move|p1a: Garchomp|Earthquake|p2a: Greninja|[spread] p2a,p2b\n|-immune|p1b: Dragonite\n|-supereffective|p2b: Archaludon\n|-damage|p2a: Greninja|0 fnt\n|-damage|p2b: Archaludon|28\/100\n|-ability|p2b: Archaludon|Stamina|boost\n|-boost|p2b: Archaludon|def|1\n|faint|p2a: Greninja\n|move|p1b: Dragonite|Low Kick|p2b: Archaludon\n|-supereffective|p2b: Archaludon\n|-damage|p2b: Archaludon|12\/100\n|-ability|p2b: Archaludon|Stamina|boost\n|-boost|p2b: Archaludon|def|1\n|move|p2b: Archaludon|Draco Meteor|p1b: Dragonite\n|-supereffective|p1b: Dragonite\n|-damage|p1b: Dragonite|0 fnt\n|-unboost|p2b: Archaludon|spa|2\n|faint|p1b: Dragonite\n|\n|-weather|Snow|[upkeep]\n|upkeep\n|\n|t:|1731616202\n|switch|p2a: Annihilape|Annihilape, L50, M, tera:Water|83\/100\n|switch|p1b: Ninetales|Ninetales-Alola, L50, M, shiny|52\/100\n|turn|5\n|\n|t:|1731616213\n|-terastallize|p1b: Ninetales|Ice\n|move|p2a: Annihilape|U-turn|p1a: Garchomp\n|-damage|p1a: Garchomp|0 fnt\n|-damage|p2a: Annihilape|71\/100|[from] ability: Rough Skin|[of] p1a: Garchomp\n|faint|p1a: Garchomp\n|-message|L234S forfeited.\n|\n|win|Calamella\n|raw|L234S's rating: 1692 &rarr; <strong>1672<\/strong><br \/>(-20 for losing)\n|raw|Calamella's rating: 1688 &rarr; <strong>1708<\/strong><br \/>(+20 for winning)\n|l|\u2606L234S\n|player|p1|\n","uploadtime":1731616241,"views":67,"formatid":"gen9vgc2024regh","rating":1672,"private":0,"password":null}