{"id":"gen9vgc2024regh-2243815304","format":"[Gen 9] VGC 2024 Reg H","players":["pescatora2","VGCLTH John Pork"],"log":"|raw|<div class=\"broadcast-blue\"><strong>This battle is required to be public due to a player having a name starting with 'vgclth'.<\/div>\n|j|\u2606pescatora2\n|j|\u2606VGCLTH John Pork\n|t:|1731601845\n|gametype|doubles\n|player|p1|pescatora2|lucas|1696\n|player|p2|VGCLTH John Pork|ogreclan|1796\n|teamsize|p1|6\n|teamsize|p2|6\n|gen|9\n|tier|[Gen 9] VGC 2024 Reg H\n|rated|\n|rule|Species Clause: Limit one of each Pok\u00e9mon\n|rule|Item Clause: Limit 1 of each item\n|clearpoke\n|poke|p1|Volcarona, L50, M|\n|poke|p1|Dragonite, L50, F|\n|poke|p1|Dondozo, L50, F|\n|poke|p1|Tatsugiri-Droopy, L50, F|\n|poke|p1|Kingambit, L50, F|\n|poke|p1|Rillaboom, L50, M|\n|poke|p2|Whimsicott, L50, F|\n|poke|p2|Typhlosion-Hisui, L50, M|\n|poke|p2|Annihilape, L50, F|\n|poke|p2|Maushold-Four, L50|\n|poke|p2|Farigiraf, L50, F|\n|poke|p2|Ursaluna-Bloodmoon, L50, M|\n|teampreview|4\n|j| vgclth souly\n|\n|t:|1731601883\n|start\n|switch|p1a: Dondozo|Dondozo, L50, F|100\/100\n|switch|p1b: Dragonite|Dragonite, L50, F|100\/100\n|switch|p2a: Sedate|Maushold-Four, L50|100\/100\n|switch|p2b: Charade|Typhlosion-Hisui, L50, M|100\/100\n|-item|p1a: Dondozo|Leftovers|[from] ability: Frisk|[of] p2b: Charade\n|-item|p1b: Dragonite|Loaded Dice|[from] ability: Frisk|[of] p2b: Charade\n|turn|1\n|\n|t:|1731601895\n|switch|p2b: Their kindness is|Whimsicott, L50, F|100\/100\n|move|p1b: Dragonite|Protect|p1b: Dragonite\n|-singleturn|p1b: Dragonite|Protect\n|move|p1a: Dondozo|Protect|p1a: Dondozo\n|-singleturn|p1a: Dondozo|Protect\n|move|p2a: Sedate|Population Bomb|p1b: Dragonite\n|-activate|p1b: Dragonite|move: Protect\n|\n|upkeep\n|turn|2\n|\n|t:|1731601916\n|switch|p1a: Kingambit|Kingambit, L50, F|100\/100\n|-terastallize|p1b: Dragonite|Steel\n|move|p2b: Their kindness is|Sunny Day|p2b: Their kindness is\n|-weather|SunnyDay\n|move|p2a: Sedate|Population Bomb|p1b: Dragonite\n|-resisted|p1b: Dragonite\n|-damage|p1b: Dragonite|98\/100\n|-resisted|p1b: Dragonite\n|-damage|p1b: Dragonite|92\/100\n|-resisted|p1b: Dragonite\n|-damage|p1b: Dragonite|86\/100\n|-resisted|p1b: Dragonite\n|-damage|p1b: Dragonite|80\/100\n|-resisted|p1b: Dragonite\n|-damage|p1b: Dragonite|74\/100\n|-resisted|p1b: Dragonite\n|-damage|p1b: Dragonite|68\/100\n|-resisted|p1b: Dragonite\n|-damage|p1b: Dragonite|63\/100\n|-resisted|p1b: Dragonite\n|-damage|p1b: Dragonite|57\/100\n|-resisted|p1b: Dragonite\n|-damage|p1b: Dragonite|50\/100\n|-resisted|p1b: Dragonite\n|-damage|p1b: Dragonite|44\/100\n|-hitcount|p1b: Dragonite|10\n|move|p1b: Dragonite|Scale Shot|p2a: Sedate\n|-damage|p2a: Sedate|80\/100\n|-damage|p2a: Sedate|57\/100\n|-damage|p2a: Sedate|35\/100\n|-damage|p2a: Sedate|13\/100\n|-hitcount|p2a: Sedate|4\n|-unboost|p1b: Dragonite|def|1\n|-boost|p1b: Dragonite|spe|1\n|\n|-weather|SunnyDay|[upkeep]\n|upkeep\n|turn|3\n|\n|t:|1731601944\n|switch|p2b: Charade|Typhlosion-Hisui, L50, M|100\/100\n|-item|p1a: Kingambit|Focus Sash|[from] ability: Frisk|[of] p2b: Charade\n|-item|p1b: Dragonite|Loaded Dice|[from] ability: Frisk|[of] p2b: Charade\n|move|p2a: Sedate|Protect|p2a: Sedate\n|-singleturn|p2a: Sedate|Protect\n|move|p1b: Dragonite|Extreme Speed|p2a: Sedate\n|-activate|p2a: Sedate|move: Protect\n|move|p1a: Kingambit|Stealth Rock|p2a: Sedate\n|-sidestart|p2: VGCLTH John Pork|move: Stealth Rock\n|\n|-weather|SunnyDay|[upkeep]\n|upkeep\n|turn|4\n|\n|t:|1731601953\n|-terastallize|p2a: Sedate|Ghost\n|move|p1b: Dragonite|Extreme Speed|p2a: Sedate\n|-immune|p2a: Sedate\n|move|p2a: Sedate|Follow Me|p2a: Sedate\n|-singleturn|p2a: Sedate|move: Follow Me\n|move|p2b: Charade|Eruption|p1a: Kingambit|[spread] p1a,p1b\n|-supereffective|p1a: Kingambit\n|-supereffective|p1b: Dragonite\n|-enditem|p1a: Kingambit|Focus Sash\n|-damage|p1a: Kingambit|1\/100\n|-damage|p1b: Dragonite|0 fnt\n|faint|p1b: Dragonite\n|move|p1a: Kingambit|Kowtow Cleave|p2a: Sedate\n|-supereffective|p2a: Sedate\n|-damage|p2a: Sedate|0 fnt\n|faint|p2a: Sedate\n|\n|-weather|SunnyDay|[upkeep]\n|upkeep\n|\n|t:|1731601959\n|switch|p2a: Unashamed|Ursaluna-Bloodmoon, L50, M|100\/100\n|switch|p1b: Dondozo|Dondozo, L50, F|100\/100\n|-damage|p2a: Unashamed|94\/100|[from] Stealth Rock\n|turn|5\n|j| volcaronavgc\n|\n|t:|1731601968\n|move|p2a: Unashamed|Vacuum Wave|p1a: Kingambit\n|-supereffective|p1a: Kingambit\n|-damage|p1a: Kingambit|0 fnt\n|faint|p1a: Kingambit\n|-damage|p2a: Unashamed|85\/100|[from] item: Life Orb\n|move|p2b: Charade|Eruption|p1b: Dondozo\n|-resisted|p1b: Dondozo\n|-damage|p1b: Dondozo|44\/100\n|move|p1b: Dondozo|Yawn|p2b: Charade\n|-start|p2b: Charade|move: Yawn|[of] p1b: Dondozo\n|\n|-weather|SunnyDay|[upkeep]\n|-heal|p1b: Dondozo|51\/100|[from] item: Leftovers\n|upkeep\n|l| volcaronavgc\n|\n|t:|1731601970\n|switch|p1a: Volcarona|Volcarona, L50, M|100\/100\n|turn|6\n|\n|t:|1731601985\n|switch|p2b: Their kindness is|Whimsicott, L50, F|100\/100\n|-damage|p2b: Their kindness is|88\/100|[from] Stealth Rock\n|move|p1a: Volcarona|Quiver Dance|p1a: Volcarona\n|-boost|p1a: Volcarona|spa|1\n|-boost|p1a: Volcarona|spd|1\n|-boost|p1a: Volcarona|spe|1\n|move|p2a: Unashamed|Hyper Voice|p1b: Dondozo|[spread] p1a,p1b\n|-damage|p1a: Volcarona|64\/100\n|-damage|p1b: Dondozo|14\/100\n|-damage|p2a: Unashamed|75\/100|[from] item: Life Orb\n|move|p1b: Dondozo|Yawn|p2b: Their kindness is\n|-start|p2b: Their kindness is|move: Yawn|[of] p1b: Dondozo\n|\n|-weather|none\n|-heal|p1b: Dondozo|20\/100|[from] item: Leftovers\n|upkeep\n|turn|7\n|\n|t:|1731601998\n|move|p1a: Volcarona|Protect|p1a: Volcarona\n|-singleturn|p1a: Volcarona|Protect\n|move|p1b: Dondozo|Protect|p1b: Dondozo\n|-singleturn|p1b: Dondozo|Protect\n|move|p2b: Their kindness is|Tailwind|p2b: Their kindness is\n|-sidestart|p2: VGCLTH John Pork|move: Tailwind\n|move|p2a: Unashamed|Blood Moon|p1a: Volcarona\n|-activate|p1a: Volcarona|move: Protect\n|\n|-heal|p1b: Dondozo|27\/100|[from] item: Leftovers\n|-end|p2b: Their kindness is|move: Yawn|[silent]\n|-status|p2b: Their kindness is|slp\n|upkeep\n|turn|8\n|\n|t:|1731602011\n|cant|p2b: Their kindness is|slp\n|move|p1a: Volcarona|Quiver Dance|p1a: Volcarona\n|-boost|p1a: Volcarona|spa|1\n|-boost|p1a: Volcarona|spd|1\n|-boost|p1a: Volcarona|spe|1\n|move|p2a: Unashamed|Hyper Voice|p1a: Volcarona|[spread] p1a,p1b\n|-damage|p1a: Volcarona|37\/100\n|-damage|p1b: Dondozo|0 fnt\n|faint|p1b: Dondozo\n|-damage|p2a: Unashamed|66\/100|[from] item: Life Orb\n|\n|upkeep\n|turn|9\n|inactive|Battle timer is ON: inactive players will automatically lose when time's up. (requested by pescatora2)\n|\n|t:|1731602078\n|-curestatus|p2b: Their kindness is|slp|[msg]\n|move|p2b: Their kindness is|Sunny Day|p2b: Their kindness is\n|-weather|SunnyDay\n|move|p2a: Unashamed|Vacuum Wave|p1a: Volcarona\n|-resisted|p1a: Volcarona\n|-damage|p1a: Volcarona|32\/100\n|-damage|p2a: Unashamed|56\/100|[from] item: Life Orb\n|move|p1a: Volcarona|Heat Wave|p2b: Their kindness is|[spread] p2a,p2b\n|-supereffective|p2b: Their kindness is\n|-damage|p2a: Unashamed|0 fnt\n|-damage|p2b: Their kindness is|0 fnt\n|faint|p2a: Unashamed\n|faint|p2b: Their kindness is\n|\n|-weather|SunnyDay|[upkeep]\n|upkeep\n|\n|t:|1731602082\n|switch|p2b: Charade|Typhlosion-Hisui, L50, M|100\/100\n|-damage|p2b: Charade|76\/100|[from] Stealth Rock\n|-item|p1a: Volcarona|Safety Goggles|[from] ability: Frisk|[of] p2b: Charade\n|turn|10\n|\n|t:|1731602088\n|move|p1a: Volcarona|Protect|p1a: Volcarona\n|-singleturn|p1a: Volcarona|Protect\n|move|p2b: Charade|Eruption|p1a: Volcarona\n|-activate|p1a: Volcarona|move: Protect\n|\n|-weather|SunnyDay|[upkeep]\n|-sideend|p2: VGCLTH John Pork|move: Tailwind\n|upkeep\n|turn|11\n|\n|t:|1731602091\n|move|p1a: Volcarona|Heat Wave|p2b: Charade\n|-resisted|p2b: Charade\n|-damage|p2b: Charade|0 fnt\n|faint|p2b: Charade\n|\n|win|pescatora2\n|raw|pescatora2's rating: 1696 &rarr; <strong>1722<\/strong><br \/>(+26 for winning)\n|raw|VGCLTH John Pork's rating: 1796 &rarr; <strong>1770<\/strong><br \/>(-26 for losing)\n|l|\u2606VGCLTH John Pork\n|player|p2|\n|l| vgclth souly\n","uploadtime":1731602331,"views":33,"formatid":"gen9vgc2024regh","rating":1722,"private":0,"password":null}