{"id":"gen9vgc2024regh-2243065868","format":"[Gen 9] VGC 2024 Reg H","players":["SL1D","VGCLTH Oinge"],"log":"|j|\u2606SL1D\n|j|\u2606VGCLTH Oinge\n|t:|1731508268\n|gametype|doubles\n|player|p1|SL1D|blue|1701\n|player|p2|VGCLTH Oinge|mars|1694\n|teamsize|p1|6\n|teamsize|p2|6\n|gen|9\n|tier|[Gen 9] VGC 2024 Reg H\n|rated|\n|rule|Species Clause: Limit one of each Pok\u00e9mon\n|rule|Item Clause: Limit 1 of each item\n|clearpoke\n|poke|p1|Vivillon, L50, F|\n|poke|p1|Gliscor, L50, F|\n|poke|p1|Archaludon, L50, M|\n|poke|p1|Kingambit, L50, M|\n|poke|p1|Incineroar, L50, M|\n|poke|p1|Ninetales-Alola, L50, F|\n|poke|p2|Kilowattrel, L50, M|\n|poke|p2|Dragonite, L50, F|\n|poke|p2|Garchomp, L50, M|\n|poke|p2|Ninetales-Alola, L50, M|\n|poke|p2|Amoonguss, L50, M|\n|poke|p2|Incineroar, L50, M|\n|teampreview|4\n|inactive|Battle timer is ON: inactive players will automatically lose when time's up. (requested by SL1D)\n|inactive|VGCLTH Oinge has 60 seconds left.\n|j| Trumpwonbro\n|inactive|VGCLTH Oinge has 30 seconds left.\n|inactive|VGCLTH Oinge has 20 seconds left.\n|\n|t:|1731508339\n|start\n|switch|p1a: Vivillon|Vivillon, L50, F|100\/100\n|switch|p1b: Gliscor|Gliscor, L50, F, shiny|100\/100\n|switch|p2a: Kilowattrel|Kilowattrel, L50, M|100\/100\n|switch|p2b: Ninetales|Ninetales-Alola, L50, M|100\/100\n|turn|1\n|j| stewpeed\n|c|\u2606VGCLTH Oinge|damn it\n|inactive|SL1D has 30 seconds left.\n|inactive|VGCLTH Oinge has 30 seconds left.\n|inactive|SL1D has 20 seconds left.\n|inactive|VGCLTH Oinge has 20 seconds left.\n|inactive|SL1D has 15 seconds left.\n|\n|t:|1731508382\n|switch|p1b: Kingambit|Kingambit, L50, M|100\/100\n|move|p2a: Kilowattrel|Thunderbolt|p1a: Vivillon\n|-supereffective|p1a: Vivillon\n|-enditem|p1a: Vivillon|Focus Sash\n|-damage|p1a: Vivillon|1\/100\n|move|p2b: Ninetales|Moonblast|p1a: Vivillon\n|-crit|p1a: Vivillon\n|-damage|p1a: Vivillon|0 fnt\n|faint|p1a: Vivillon\n|\n|upkeep\n|\n|t:|1731508393\n|switch|p1a: Incineroar|Incineroar, L50, M|100\/100\n|-ability|p1a: Incineroar|Intimidate|boost\n|-unboost|p2a: Kilowattrel|atk|1\n|-ability|p2a: Kilowattrel|Competitive|boost\n|-boost|p2a: Kilowattrel|spa|2\n|-unboost|p2b: Ninetales|atk|1\n|turn|2\n|inactive|VGCLTH Oinge has 30 seconds left.\n|\n|t:|1731508418\n|switch|p2b: Garchomp|Garchomp, L50, M|100\/100\n|move|p2a: Kilowattrel|Protect|p2a: Kilowattrel\n|-singleturn|p2a: Kilowattrel|Protect\n|move|p1a: Incineroar|Fake Out|p2a: Kilowattrel\n|-activate|p2a: Kilowattrel|move: Protect\n|move|p1b: Kingambit|Iron Head|p2b: Garchomp\n|-damage|p2b: Garchomp|50\/100\n|-damage|p1b: Kingambit|88\/100|[from] ability: Rough Skin|[of] p2b: Garchomp\n|\n|upkeep\n|turn|3\n|inactive|SL1D has 30 seconds left.\n|inactive|VGCLTH Oinge has 30 seconds left.\n|inactive|SL1D has 20 seconds left.\n|inactive|VGCLTH Oinge has 20 seconds left.\n|inactive|VGCLTH Oinge has 15 seconds left.\n|\n|t:|1731508459\n|switch|p1a: Gliscor|Gliscor, L50, F, shiny|100\/100\n|-terastallize|p1b: Kingambit|Flying\n|move|p1b: Kingambit|Sucker Punch|p2a: Kilowattrel\n|-damage|p2a: Kilowattrel|27\/100\n|move|p2a: Kilowattrel|Air Slash|p1a: Gliscor\n|-damage|p1a: Gliscor|8\/100\n|move|p2b: Garchomp|Earthquake|p1b: Kingambit|[spread] \n|-immune|p2a: Kilowattrel\n|-immune|p1a: Gliscor\n|-immune|p1b: Kingambit\n|\n|upkeep\n|turn|4\n|inactive|VGCLTH Oinge has 30 seconds left.\n|\n|t:|1731508486\n|move|p2a: Kilowattrel|Protect|p2a: Kilowattrel\n|-singleturn|p2a: Kilowattrel|Protect\n|move|p1b: Kingambit|Sucker Punch||[still]\n|-fail|p1b: Kingambit\n|move|p2b: Garchomp|Dragon Claw|p1b: Kingambit\n|-damage|p1b: Kingambit|43\/100\n|-damage|p2b: Garchomp|40\/100|[from] item: Life Orb\n|move|p1a: Gliscor|Earthquake|p2a: Kilowattrel|[spread] p2b\n|-activate|p2a: Kilowattrel|move: Protect\n|-immune|p1b: Kingambit\n|-damage|p2b: Garchomp|0 fnt\n|faint|p2b: Garchomp\n|\n|upkeep\n|\n|t:|1731508499\n|switch|p2b: Amoonguss|Amoonguss, L50, M|100\/100\n|turn|5\n|j| VGCLTH John Pork\n|\n|t:|1731508516\n|switch|p1b: Incineroar|Incineroar, L50, M|100\/100\n|-ability|p1b: Incineroar|Intimidate|boost\n|-unboost|p2a: Kilowattrel|atk|1\n|-ability|p2a: Kilowattrel|Competitive|boost\n|-boost|p2a: Kilowattrel|spa|2\n|-unboost|p2b: Amoonguss|atk|1\n|move|p2b: Amoonguss|Rage Powder|p2b: Amoonguss\n|-singleturn|p2b: Amoonguss|move: Rage Powder\n|move|p2a: Kilowattrel|Thunderbolt|p1b: Incineroar\n|-damage|p1b: Incineroar|0 fnt\n|faint|p1b: Incineroar\n|move|p1a: Gliscor|Earthquake|p2a: Kilowattrel|[spread] p2b\n|-immune|p2a: Kilowattrel\n|-damage|p2b: Amoonguss|61\/100\n|\n|upkeep\n|j| pikavgc111\n|l| VGCLTH John Pork\n|\n|t:|1731508525\n|switch|p1b: Kingambit|Kingambit, L50, M, tera:Flying|43\/100\n|turn|6\n|\n|t:|1731508538\n|move|p2b: Amoonguss|Rage Powder|p2b: Amoonguss\n|-singleturn|p2b: Amoonguss|move: Rage Powder\n|move|p2a: Kilowattrel|Thunderbolt|p1b: Kingambit\n|-supereffective|p1b: Kingambit\n|-damage|p1b: Kingambit|0 fnt\n|faint|p1b: Kingambit\n|move|p1a: Gliscor|Earthquake|p2b: Amoonguss|[spread] p2b\n|-immune|p2a: Kilowattrel\n|-damage|p2b: Amoonguss|23\/100\n|\n|upkeep\n|turn|7\n|-message|SL1D forfeited.\n|\n|win|VGCLTH Oinge\n|raw|SL1D's rating: 1701 &rarr; <strong>1681<\/strong><br \/>(-20 for losing)\n|raw|VGCLTH Oinge's rating: 1694 &rarr; <strong>1714<\/strong><br \/>(+20 for winning)\n|l|\u2606SL1D\n|player|p1|\n|l|\u2606VGCLTH Oinge\n|player|p2|\n|l| stewpeed\n|l| pikavgc111\n","uploadtime":1731508812,"views":19,"formatid":"gen9vgc2024regh","rating":1681,"private":0,"password":null}