{"id":"gen9vgc2024regh-2243787794","format":"[Gen 9] VGC 2024 Reg H","players":["VGCLTH Rishi","Le Difu"],"log":"|raw|<div class=\"broadcast-blue\"><strong>This battle is required to be public due to a player having a name starting with 'vgclth'.<\/div>\n|j|\u2606VGCLTH Rishi\n|j|\u2606Le Difu\n|t:|1731599172\n|gametype|doubles\n|player|p1|VGCLTH Rishi|shauntal|1824\n|player|p2|Le Difu|gambler|1846\n|teamsize|p1|6\n|teamsize|p2|6\n|gen|9\n|tier|[Gen 9] VGC 2024 Reg H\n|rated|\n|rule|Species Clause: Limit one of each Pok\u00e9mon\n|rule|Item Clause: Limit 1 of each item\n|clearpoke\n|poke|p1|Kommo-o, L50, F|\n|poke|p1|Rillaboom, L50, F|\n|poke|p1|Tyranitar, L50, F|\n|poke|p1|Talonflame, L50, M|\n|poke|p1|Gholdengo, L50|\n|poke|p1|Milotic, L50, M|\n|poke|p2|Garchomp, L50, M|\n|poke|p2|Sinistcha-Masterpiece, L50|\n|poke|p2|Gholdengo, L50|\n|poke|p2|Talonflame, L50, M|\n|poke|p2|Tyranitar, L50, M|\n|poke|p2|Arcanine-Hisui, L50, M|\n|teampreview|4\n|j| stewpeed\n|\n|t:|1731599241\n|start\n|switch|p1a: Tyranitar|Tyranitar, L50, F|100\/100\n|switch|p1b: Milotic|Milotic, L50, M|100\/100\n|switch|p2a: Talonflame|Talonflame, L50, M|100\/100\n|switch|p2b: Gholdengo|Gholdengo, L50|100\/100\n|-weather|Sandstorm|[from] ability: Sand Stream|[of] p1a: Tyranitar\n|turn|1\n|\n|t:|1731599256\n|move|p2a: Talonflame|Will-O-Wisp|p1a: Tyranitar\n|-status|p1a: Tyranitar|brn\n|move|p2b: Gholdengo|Thunderbolt|p1b: Milotic\n|-supereffective|p1b: Milotic\n|-damage|p1b: Milotic|25\/100\n|-enditem|p1b: Milotic|Sitrus Berry|[eat]\n|-heal|p1b: Milotic|50\/100|[from] item: Sitrus Berry\n|move|p1b: Milotic|Scald|p2b: Gholdengo\n|-damage|p2b: Gholdengo|55\/100\n|move|p1a: Tyranitar|Rock Slide|p2a: Talonflame|[spread] p2a,p2b\n|-supereffective|p2a: Talonflame\n|-resisted|p2b: Gholdengo\n|-damage|p2a: Talonflame|25\/100\n|-damage|p2b: Gholdengo|46\/100\n|\n|-weather|Sandstorm|[upkeep]\n|-damage|p2a: Talonflame|19\/100|[from] Sandstorm\n|-damage|p1b: Milotic|44\/100|[from] Sandstorm\n|-damage|p1a: Tyranitar|94\/100 brn|[from] brn\n|upkeep\n|turn|2\n|\n|t:|1731599274\n|switch|p2b: Tyranitar|Tyranitar, L50, M|100\/100\n|switch|p1b: Kommo-o|Kommo-o, L50, F|100\/100\n|move|p2a: Talonflame|Tailwind|p2a: Talonflame\n|-sidestart|p2: Le Difu|move: Tailwind\n|move|p1a: Tyranitar|Knock Off|p2b: Tyranitar\n|-resisted|p2b: Tyranitar\n|-damage|p2b: Tyranitar|90\/100\n|-enditem|p2b: Tyranitar|Assault Vest|[from] move: Knock Off|[of] p1a: Tyranitar\n|\n|-weather|Sandstorm|[upkeep]\n|-damage|p2a: Talonflame|13\/100|[from] Sandstorm\n|-damage|p1a: Tyranitar|88\/100 brn|[from] brn\n|upkeep\n|turn|3\n|\n|t:|1731599287\n|move|p2a: Talonflame|Taunt|p1b: Kommo-o\n|-start|p1b: Kommo-o|move: Taunt\n|move|p2b: Tyranitar|Low Kick|p1a: Tyranitar\n|-supereffective|p1a: Tyranitar\n|-damage|p1a: Tyranitar|0 fnt\n|faint|p1a: Tyranitar\n|move|p1b: Kommo-o|Body Press|p2b: Tyranitar\n|-supereffective|p2b: Tyranitar\n|-damage|p2b: Tyranitar|0 fnt\n|faint|p2b: Tyranitar\n|\n|-weather|Sandstorm|[upkeep]\n|-damage|p2a: Talonflame|7\/100|[from] Sandstorm\n|upkeep\n|\n|t:|1731599293\n|switch|p1a: Rillaboom|Rillaboom, L50, F, shiny|100\/100\n|switch|p2b: Gholdengo|Gholdengo, L50|46\/100\n|-fieldstart|move: Grassy Terrain|[from] ability: Grassy Surge|[of] p1a: Rillaboom\n|turn|4\n|\n|t:|1731599302\n|-terastallize|p1b: Kommo-o|Steel\n|move|p1a: Rillaboom|Grassy Glide|p2a: Talonflame\n|-resisted|p2a: Talonflame\n|-damage|p2a: Talonflame|0 fnt\n|faint|p2a: Talonflame\n|move|p2b: Gholdengo|Make It Rain|p1a: Rillaboom|[spread] p1a,p1b\n|-resisted|p1b: Kommo-o\n|-damage|p1a: Rillaboom|30\/100\n|-damage|p1b: Kommo-o|68\/100\n|-unboost|p2b: Gholdengo|spa|1\n|move|p1b: Kommo-o|Flamethrower|p2b: Gholdengo\n|-supereffective|p2b: Gholdengo\n|-damage|p2b: Gholdengo|2\/100\n|\n|-weather|Sandstorm|[upkeep]\n|-damage|p1a: Rillaboom|25\/100|[from] Sandstorm\n|-heal|p2b: Gholdengo|8\/100|[from] Grassy Terrain\n|-heal|p1a: Rillaboom|30\/100|[from] Grassy Terrain\n|-heal|p1b: Kommo-o|74\/100|[from] Grassy Terrain\n|-heal|p1b: Kommo-o|81\/100|[from] item: Leftovers\n|upkeep\n|\n|t:|1731599306\n|switch|p2a: Arcanine|Arcanine-Hisui, L50, M|100\/100\n|turn|5\n|\n|t:|1731599316\n|move|p1a: Rillaboom|Grassy Glide|p2b: Gholdengo\n|-resisted|p2b: Gholdengo\n|-damage|p2b: Gholdengo|0 fnt\n|faint|p2b: Gholdengo\n|move|p2a: Arcanine|Flare Blitz|p1b: Kommo-o\n|-supereffective|p1b: Kommo-o\n|-damage|p1b: Kommo-o|6\/100\n|move|p1b: Kommo-o|Body Press|p2a: Arcanine\n|-supereffective|p2a: Arcanine\n|-enditem|p2a: Arcanine|Focus Sash\n|-damage|p2a: Arcanine|1\/100\n|\n|-weather|none\n|-heal|p2a: Arcanine|7\/100|[from] Grassy Terrain\n|-heal|p1a: Rillaboom|36\/100|[from] Grassy Terrain\n|-heal|p1b: Kommo-o|12\/100|[from] Grassy Terrain\n|-heal|p1b: Kommo-o|18\/100|[from] item: Leftovers\n|-end|p1b: Kommo-o|move: Taunt\n|-sideend|p2: Le Difu|move: Tailwind\n|upkeep\n|turn|6\n|-message|Le Difu forfeited.\n|\n|win|VGCLTH Rishi\n|raw|VGCLTH Rishi's rating: 1824 &rarr; <strong>1845<\/strong><br \/>(+21 for winning)\n|raw|Le Difu's rating: 1846 &rarr; <strong>1825<\/strong><br \/>(-21 for losing)\n|l|\u2606Le Difu\n|player|p2|\n|l|\u2606VGCLTH Rishi\n|player|p1|\n|l| stewpeed\n","uploadtime":1731599569,"views":51,"formatid":"gen9vgc2024regh","rating":1825,"private":0,"password":null}