{"id":"gen9vgc2024regh-2243756717","format":"[Gen 9] VGC 2024 Reg H","players":["Smurshifu","VGCLTH lily"],"log":"|raw|<div class=\"broadcast-blue\"><strong>This battle is required to be public due to a player having a name starting with 'vgclth'.<\/div>\n|j|\u2606Smurshifu\n|j|\u2606VGCLTH lily\n|t:|1731596078\n|gametype|doubles\n|player|p1|Smurshifu|youngster-gen4dp|1652\n|player|p2|VGCLTH lily|akari|1707\n|teamsize|p1|6\n|teamsize|p2|6\n|gen|9\n|tier|[Gen 9] VGC 2024 Reg H\n|rated|\n|rule|Species Clause: Limit one of each Pok\u00e9mon\n|rule|Item Clause: Limit 1 of each item\n|clearpoke\n|poke|p1|Gothitelle, L50, F|\n|poke|p1|Gengar, L50, M|\n|poke|p1|Archaludon, L50, F|\n|poke|p1|Dondozo, L50, F|\n|poke|p1|Tatsugiri, L50, M|\n|poke|p1|Flamigo, L50, M|\n|poke|p2|Vivillon, L50, F|\n|poke|p2|Gliscor, L50, M|\n|poke|p2|Archaludon, L50, M|\n|poke|p2|Kingambit, L50, M|\n|poke|p2|Incineroar, L50, M|\n|poke|p2|Ninetales-Alola, L50, F|\n|teampreview|4\n|inactive|Battle timer is ON: inactive players will automatically lose when time's up. (requested by VGCLTH lily)\n|inactive|Smurshifu has 60 seconds left.\n|inactive|VGCLTH lily has 60 seconds left.\n|\n|t:|1731596133\n|start\n|switch|p1a: Gengar|Gengar, L50, M|100\/100\n|switch|p1b: Archaludon|Archaludon, L50, F|100\/100\n|switch|p2a: Incineroar|Incineroar, L50, M, shiny|100\/100\n|switch|p2b: Ninetales|Ninetales-Alola, L50, F, shiny|100\/100\n|-weather|Snow|[from] ability: Snow Warning|[of] p2b: Ninetales\n|-ability|p2a: Incineroar|Intimidate|boost\n|-unboost|p1a: Gengar|atk|1\n|-unboost|p1b: Archaludon|atk|1\n|turn|1\n|inactive|VGCLTH lily has 30 seconds left.\n|\n|t:|1731596161\n|move|p1a: Gengar|Sludge Wave|p2b: Ninetales|[spread] p2a,p2b\n|-immune|p1b: Archaludon\n|-supereffective|p2b: Ninetales\n|-damage|p2a: Incineroar|68\/100\n|-damage|p2b: Ninetales|16\/100\n|move|p2b: Ninetales|Blizzard|p1b: Archaludon|[spread] p1a,p1b\n|-damage|p1a: Gengar|47\/100\n|-damage|p1b: Archaludon|51\/100\n|-start|p2b: Ninetales|Disable|Blizzard|[from] ability: Cursed Body|[of] p1a: Gengar\n|move|p1b: Archaludon|Electro Shot||[still]\n|-prepare|p1b: Archaludon|Electro Shot\n|-boost|p1b: Archaludon|spa|1\n|-enditem|p1b: Archaludon|Power Herb\n|-anim|p1b: Archaludon|Electro Shot|p2a: Incineroar\n|-damage|p2a: Incineroar|9\/100\n|move|p2a: Incineroar|Knock Off|p1a: Gengar\n|-supereffective|p1a: Gengar\n|-damage|p1a: Gengar|0 fnt\n|-enditem|p1a: Gengar|Focus Sash|[from] move: Knock Off|[of] p2a: Incineroar\n|faint|p1a: Gengar\n|\n|-weather|Snow|[upkeep]\n|upkeep\n|j| vgclth elowyn\n|\n|t:|1731596180\n|switch|p1a: Dondozo|Dondozo, L50, F|100\/100\n|turn|2\n|\n|t:|1731596195\n|switch|p2a: Vivillon|Vivillon, L50, F, shiny|100\/100\n|move|p2b: Ninetales|Protect|p2b: Ninetales\n|-singleturn|p2b: Ninetales|Protect\n|move|p1b: Archaludon|Dragon Pulse|p2a: Vivillon\n|-enditem|p2a: Vivillon|Focus Sash\n|-damage|p2a: Vivillon|1\/100\n|move|p1a: Dondozo|Heavy Slam|p2b: Ninetales\n|-activate|p2b: Ninetales|move: Protect\n|\n|-weather|Snow|[upkeep]\n|upkeep\n|turn|3\n|\n|t:|1731596218\n|switch|p1b: Tatsugiri|Tatsugiri, L50, M|100\/100\n|-activate|p1b: Tatsugiri|ability: Commander|[of] p1a: Dondozo\n|-boost|p1a: Dondozo|atk|2\n|-boost|p1a: Dondozo|spa|2\n|-boost|p1a: Dondozo|spe|2\n|-boost|p1a: Dondozo|def|2\n|-boost|p1a: Dondozo|spd|2\n|move|p2b: Ninetales|Freeze-Dry|p1a: Dondozo\n|-supereffective|p1a: Dondozo\n|-damage|p1a: Dondozo|76\/100\n|move|p1a: Dondozo|Heavy Slam|p2a: Vivillon\n|-damage|p2a: Vivillon|0 fnt\n|faint|p2a: Vivillon\n|\n|-weather|Snow|[upkeep]\n|-heal|p1a: Dondozo|82\/100|[from] item: Leftovers\n|upkeep\n|\n|t:|1731596232\n|switch|p2a: Incineroar|Incineroar, L50, M, shiny|9\/100\n|-ability|p2a: Incineroar|Intimidate|boost\n|-unboost|p1a: Dondozo|atk|1\n|-unboost|p1b: Tatsugiri|atk|1\n|turn|4\n|l| vgclth elowyn\n|\n|t:|1731596248\n|switch|p2a: Archaludon|Archaludon, L50, M, shiny|100\/100\n|move|p2b: Ninetales|Aurora Veil|p2b: Ninetales\n|-sidestart|p2: VGCLTH lily|move: Aurora Veil\n|move|p1a: Dondozo|Heavy Slam|p2b: Ninetales\n|-supereffective|p2b: Ninetales\n|-damage|p2b: Ninetales|0 fnt\n|faint|p2b: Ninetales\n|\n|-weather|Snow|[upkeep]\n|-heal|p1a: Dondozo|88\/100|[from] item: Leftovers\n|upkeep\n|\n|t:|1731596253\n|switch|p2b: Incineroar|Incineroar, L50, M, shiny|9\/100\n|-ability|p2b: Incineroar|Intimidate|boost\n|-unboost|p1a: Dondozo|atk|1\n|-unboost|p1b: Tatsugiri|atk|1\n|turn|5\n|\n|t:|1731596263\n|move|p1a: Dondozo|Protect|p1a: Dondozo\n|-singleturn|p1a: Dondozo|Protect\n|move|p2b: Incineroar|Fake Out|p1a: Dondozo\n|-activate|p1a: Dondozo|move: Protect\n|move|p2a: Archaludon|Thunderbolt|p1a: Dondozo\n|-activate|p1a: Dondozo|move: Protect\n|\n|-weather|none\n|-heal|p1a: Dondozo|94\/100|[from] item: Leftovers\n|upkeep\n|turn|6\n|\n|t:|1731596273\n|-terastallize|p1a: Dondozo|Steel\n|-terastallize|p2a: Archaludon|Ghost\n|move|p1a: Dondozo|Wave Crash|p2b: Incineroar\n|-supereffective|p2b: Incineroar\n|-damage|p2b: Incineroar|0 fnt\n|-damage|p1a: Dondozo|78\/100|[from] item: Rocky Helmet|[of] p2b: Incineroar\n|faint|p2b: Incineroar\n|-damage|p1a: Dondozo|75\/100|[from] Recoil\n|move|p2a: Archaludon|Electro Shot||[still]\n|-prepare|p2a: Archaludon|Electro Shot\n|-boost|p2a: Archaludon|spa|1\n|-enditem|p2a: Archaludon|Power Herb\n|-anim|p2a: Archaludon|Electro Shot|p1a: Dondozo\n|-damage|p1a: Dondozo|58\/100\n|\n|-heal|p1a: Dondozo|65\/100|[from] item: Leftovers\n|upkeep\n|turn|7\n|inactive|VGCLTH lily has 30 seconds left.\n|inactive|VGCLTH lily has 20 seconds left.\n|inactive|VGCLTH lily has 15 seconds left.\n|inactive|VGCLTH lily has 10 seconds left.\n|inactive|VGCLTH lily has 5 seconds left.\n|\n|t:|1731596328\n|move|p1a: Dondozo|Protect|p1a: Dondozo\n|-singleturn|p1a: Dondozo|Protect\n|move|p2a: Archaludon|Electro Shot||[still]\n|-prepare|p2a: Archaludon|Electro Shot\n|-boost|p2a: Archaludon|spa|1\n|\n|-heal|p1a: Dondozo|71\/100|[from] item: Leftovers\n|upkeep\n|turn|8\n|c|\u2606Smurshifu|Gg\n|\n|t:|1731596351\n|move|p1a: Dondozo|Yawn|p2a: Archaludon\n|-start|p2a: Archaludon|move: Yawn|[of] p1a: Dondozo\n|move|p2a: Archaludon|Electro Shot|p1b: Tatsugiri|[from]lockedmove|[miss]\n|-miss|p2a: Archaludon|p1b: Tatsugiri\n|\n|-heal|p1a: Dondozo|77\/100|[from] item: Leftovers\n|-sideend|p2: VGCLTH lily|move: Aurora Veil\n|upkeep\n|turn|9\n|-message|VGCLTH lily forfeited.\n|\n|win|Smurshifu\n|raw|Smurshifu's rating: 1652 &rarr; <strong>1675<\/strong><br \/>(+23 for winning)\n|raw|VGCLTH lily's rating: 1707 &rarr; <strong>1684<\/strong><br \/>(-23 for losing)\n|l|\u2606VGCLTH lily\n|player|p2|\n|l|\u2606Smurshifu\n|player|p1|\n","uploadtime":1731596530,"views":18,"formatid":"gen9vgc2024regh","rating":1675,"private":0,"password":null}