{"id":"gen9vgc2024regh-2243707293","format":"[Gen 9] VGC 2024 Reg H","players":["VGCLTH Rishi","VGCLTH Sir Aaron"],"log":"|j|\u2606VGCLTH Rishi\n|j|\u2606VGCLTH Sir Aaron\n|t:|1731590634\n|gametype|doubles\n|player|p1|VGCLTH Rishi|shauntal|1756\n|player|p2|VGCLTH Sir Aaron|red-masters3|1696\n|teamsize|p1|6\n|teamsize|p2|6\n|gen|9\n|tier|[Gen 9] VGC 2024 Reg H\n|rated|\n|rule|Species Clause: Limit one of each Pok\u00e9mon\n|rule|Item Clause: Limit 1 of each item\n|clearpoke\n|poke|p1|Kommo-o, L50, M|\n|poke|p1|Rillaboom, L50, F|\n|poke|p1|Tyranitar, L50, M|\n|poke|p1|Talonflame, L50, M|\n|poke|p1|Gholdengo, L50|\n|poke|p1|Milotic, L50, F|\n|poke|p2|Sableye, L50, F|\n|poke|p2|Sylveon, L50, M|\n|poke|p2|Archaludon, L50, M|\n|poke|p2|Volcarona, L50, M|\n|poke|p2|Rillaboom, L50, F|\n|poke|p2|Tauros-Paldea-Aqua, L50, M|\n|teampreview|4\n|j| Mixam91\n|j| chrisqingyu\n|j| Aldrich\n|c| chrisqingyu|may i ask what is vgclth\n|j| vgclth souly\n|c| chrisqingyu|there are so many\n|c|\u2606VGCLTH Rishi|it is part of a ladder tyour\n|c| Mixam91|gg already\n|inactive|Battle timer is ON: inactive players will automatically lose when time's up. (requested by VGCLTH Sir Aaron)\n|c|\u2606VGCLTH Sir Aaron|Glhf\n|c|\u2606VGCLTH Rishi|glhf dude\n|inactive|VGCLTH Rishi has 60 seconds left.\n|\n|t:|1731590780\n|start\n|switch|p1a: Tyranitar|Tyranitar, L50, M|100\/100\n|switch|p1b: Milotic|Milotic, L50, F|100\/100\n|switch|p2a: Snowblind|Sableye, L50, F|100\/100\n|switch|p2b: Shamonerona|Volcarona, L50, M, shiny|100\/100\n|-weather|Sandstorm|[from] ability: Sand Stream|[of] p1a: Tyranitar\n|turn|1\n|inactive|VGCLTH Rishi has 30 seconds left.\n|\n|t:|1731590813\n|move|p2a: Snowblind|Protect|p2a: Snowblind\n|-singleturn|p2a: Snowblind|Protect\n|move|p2b: Shamonerona|Protect|p2b: Shamonerona\n|-singleturn|p2b: Shamonerona|Protect\n|move|p1b: Milotic|Scald|p2a: Snowblind\n|-activate|p2a: Snowblind|move: Protect\n|move|p1a: Tyranitar|Rock Slide|p2a: Snowblind|[spread] \n|-activate|p2a: Snowblind|move: Protect\n|-activate|p2b: Shamonerona|move: Protect\n|\n|-weather|Sandstorm|[upkeep]\n|-damage|p2b: Shamonerona|95\/100|[from] Sandstorm\n|-damage|p1b: Milotic|95\/100|[from] Sandstorm\n|-damage|p2a: Snowblind|95\/100|[from] Sandstorm\n|upkeep\n|turn|2\n|inactive|VGCLTH Rishi has 30 seconds left.\n|\n|t:|1731590841\n|switch|p2a: Bullshifu|Tauros-Paldea-Aqua, L50, M, shiny|100\/100\n|-ability|p2a: Bullshifu|Intimidate|boost\n|-unboost|p1a: Tyranitar|atk|1\n|-unboost|p1b: Milotic|atk|1\n|-ability|p1b: Milotic|Competitive|boost\n|-boost|p1b: Milotic|spa|2\n|-enditem|p2a: Bullshifu|Mirror Herb\n|-boost|p2a: Bullshifu|spa|2|[from] item: Mirror Herb\n|-terastallize|p2b: Shamonerona|Grass\n|move|p2b: Shamonerona|Quiver Dance|p2b: Shamonerona\n|-boost|p2b: Shamonerona|spa|1\n|-boost|p2b: Shamonerona|spd|1\n|-boost|p2b: Shamonerona|spe|1\n|move|p1b: Milotic|Ice Beam|p2b: Shamonerona\n|-supereffective|p2b: Shamonerona\n|-damage|p2b: Shamonerona|27\/100\n|move|p1a: Tyranitar|Knock Off|p2b: Shamonerona\n|-damage|p2b: Shamonerona|0 fnt\n|-enditem|p2b: Shamonerona|Covert Cloak|[from] move: Knock Off|[of] p1a: Tyranitar\n|faint|p2b: Shamonerona\n|\n|-weather|Sandstorm|[upkeep]\n|-damage|p2a: Bullshifu|95\/100|[from] Sandstorm\n|-damage|p1b: Milotic|89\/100|[from] Sandstorm\n|upkeep\n|inactive|VGCLTH Sir Aaron has 30 seconds left.\n|\n|t:|1731590870\n|switch|p2b: Snowblind|Sableye, L50, F|95\/100\n|turn|3\n|j| thacrow\n|l| thacrow\n|inactive|VGCLTH Rishi has 30 seconds left.\n|inactive|VGCLTH Rishi has 20 seconds left.\n|\n|t:|1731590908\n|move|p2a: Bullshifu|Protect|p2a: Bullshifu\n|-singleturn|p2a: Bullshifu|Protect\n|move|p2b: Snowblind|Encore|p1b: Milotic\n|-start|p1b: Milotic|Encore\n|move|p1b: Milotic|Ice Beam|p2b: Snowblind\n|-damage|p2b: Snowblind|22\/100\n|-enditem|p2b: Snowblind|Sitrus Berry|[eat]\n|-heal|p2b: Snowblind|47\/100|[from] item: Sitrus Berry\n|move|p1a: Tyranitar|Knock Off|p2b: Snowblind\n|-damage|p2b: Snowblind|17\/100\n|\n|-weather|Sandstorm|[upkeep]\n|-damage|p2a: Bullshifu|89\/100|[from] Sandstorm\n|-damage|p1b: Milotic|83\/100|[from] Sandstorm\n|-damage|p2b: Snowblind|11\/100|[from] Sandstorm\n|upkeep\n|turn|4\n|\n|t:|1731590931\n|move|p2b: Snowblind|Disable|p1b: Milotic\n|-start|p1b: Milotic|Disable|Ice Beam\n|move|p2a: Bullshifu|Wave Crash|p1a: Tyranitar\n|-supereffective|p1a: Tyranitar\n|-damage|p1a: Tyranitar|12\/100\n|-damage|p2a: Bullshifu|51\/100|[from] Recoil\n|cant|p1b: Milotic|Disable|Ice Beam\n|move|p1a: Tyranitar|Rock Slide|p2b: Snowblind|[spread] p2a,p2b\n|-resisted|p2a: Bullshifu\n|-damage|p2a: Bullshifu|40\/100\n|-damage|p2b: Snowblind|0 fnt\n|faint|p2b: Snowblind\n|\n|-weather|Sandstorm|[upkeep]\n|-damage|p2a: Bullshifu|34\/100|[from] Sandstorm\n|-damage|p1b: Milotic|77\/100|[from] Sandstorm\n|upkeep\n|\n|t:|1731590937\n|switch|p2b: Forklift Certified|Archaludon, L50, M, shiny|100\/100\n|turn|5\n|\n|t:|1731590949\n|move|p2a: Bullshifu|Wave Crash|p1a: Tyranitar\n|-supereffective|p1a: Tyranitar\n|-damage|p1a: Tyranitar|0 fnt\n|faint|p1a: Tyranitar\n|-damage|p2a: Bullshifu|28\/100|[from] Recoil\n|move|p2b: Forklift Certified|Electro Shot||[still]\n|-prepare|p2b: Forklift Certified|Electro Shot\n|-boost|p2b: Forklift Certified|spa|1\n|-enditem|p2b: Forklift Certified|Power Herb\n|-anim|p2b: Forklift Certified|Electro Shot|p1b: Milotic\n|-supereffective|p1b: Milotic\n|-damage|p1b: Milotic|0 fnt\n|faint|p1b: Milotic\n|\n|-weather|none\n|upkeep\n|\n|t:|1731590952\n|switch|p1b: Talonflame|Talonflame, L50, M|100\/100\n|switch|p1a: Kommo-o|Kommo-o, L50, M|100\/100\n|turn|6\n|inactive|VGCLTH Sir Aaron has 30 seconds left.\n|inactive|VGCLTH Sir Aaron has 20 seconds left.\n|inactive|VGCLTH Sir Aaron has 15 seconds left.\n|\n|t:|1731590992\n|move|p1b: Talonflame|Protect|p1b: Talonflame\n|-singleturn|p1b: Talonflame|Protect\n|move|p1a: Kommo-o|Protect|p1a: Kommo-o\n|-singleturn|p1a: Kommo-o|Protect\n|move|p2a: Bullshifu|Aqua Jet|p1b: Talonflame\n|-activate|p1b: Talonflame|move: Protect\n|move|p2b: Forklift Certified|Electro Shot||[still]\n|-prepare|p2b: Forklift Certified|Electro Shot\n|-boost|p2b: Forklift Certified|spa|1\n|\n|upkeep\n|turn|7\n|j| tonyoo\n|\n|t:|1731591008\n|move|p2a: Bullshifu|Protect|p2a: Bullshifu\n|-singleturn|p2a: Bullshifu|Protect\n|move|p1b: Talonflame|Tailwind|p1b: Talonflame\n|-sidestart|p1: VGCLTH Rishi|move: Tailwind\n|move|p1a: Kommo-o|Iron Defense|p1a: Kommo-o\n|-boost|p1a: Kommo-o|def|2\n|move|p2b: Forklift Certified|Electro Shot|p1a: Kommo-o|[from]lockedmove\n|-resisted|p1a: Kommo-o\n|-damage|p1a: Kommo-o|63\/100\n|\n|-heal|p1a: Kommo-o|69\/100|[from] item: Leftovers\n|upkeep\n|turn|8\n|\n|t:|1731591032\n|-terastallize|p1a: Kommo-o|Steel\n|move|p1b: Talonflame|Brave Bird|p2a: Bullshifu\n|-supereffective|p2a: Bullshifu\n|-damage|p2a: Bullshifu|0 fnt\n|faint|p2a: Bullshifu\n|-damage|p1b: Talonflame|91\/100|[from] Recoil\n|move|p1a: Kommo-o|Body Press|p2b: Forklift Certified\n|-supereffective|p2b: Forklift Certified\n|-damage|p2b: Forklift Certified|0 fnt\n|faint|p2b: Forklift Certified\n|\n|win|VGCLTH Rishi\n|raw|VGCLTH Rishi's rating: 1765 &rarr; <strong>1781<\/strong><br \/>(+16 for winning)\n|raw|VGCLTH Sir Aaron's rating: 1696 &rarr; <strong>1680<\/strong><br \/>(-16 for losing)\n|c|\u2606VGCLTH Sir Aaron|ggs\n|c|\u2606VGCLTH Rishi|gg\n|l| vgclth souly\n|l|\u2606VGCLTH Rishi\n|player|p1|\n|l| Mixam91\n|l| Aldrich\n|l| tonyoo\n|l| chrisqingyu\n","uploadtime":1731591282,"views":20,"formatid":"gen9vgc2024regh","rating":1680,"private":0,"password":null}