{"id":"gen9vgc2024regh-2243746091","format":"[Gen 9] VGC 2024 Reg H","players":["crescent5","vgclth elowyn"],"log":"|raw|<div class=\"broadcast-blue\"><strong>This battle is required to be public due to a player having a name starting with 'vgclth'.<\/div>\n|j|\u2606crescent5\n|j|\u2606vgclth elowyn\n|t:|1731594996\n|gametype|doubles\n|player|p1|crescent5|lass-gen4dp|1680\n|player|p2|vgclth elowyn|1|1780\n|teamsize|p1|6\n|teamsize|p2|6\n|gen|9\n|tier|[Gen 9] VGC 2024 Reg H\n|rated|\n|rule|Species Clause: Limit one of each Pok\u00e9mon\n|rule|Item Clause: Limit 1 of each item\n|clearpoke\n|poke|p1|Dondozo, L50, F|\n|poke|p1|Tatsugiri, L50, F|\n|poke|p1|Dragonite, L50, M|\n|poke|p1|Gholdengo, L50|\n|poke|p1|Whimsicott, L50, F|\n|poke|p1|Glimmora, L50, M|\n|poke|p2|Smeargle, L50, M|\n|poke|p2|Farigiraf, L50, M|\n|poke|p2|Maushold-Four, L50|\n|poke|p2|Torkoal, L50, F|\n|poke|p2|Ursaluna-Bloodmoon, L50, M|\n|poke|p2|Weezing-Galar, L50, F|\n|teampreview|4\n|inactive|Battle timer is ON: inactive players will automatically lose when time's up. (requested by crescent5)\n|\n|t:|1731595066\n|start\n|switch|p1a: Whimsicott|Whimsicott, L50, F|100\/100\n|switch|p1b: Glimmora|Glimmora, L50, M|100\/100\n|switch|p2a: Smeargle|Smeargle, L50, M|100\/100\n|switch|p2b: Farigiraf|Farigiraf, L50, M|100\/100\n|turn|1\n|inactive|vgclth elowyn has 30 seconds left.\n|inactive|vgclth elowyn has 20 seconds left.\n|inactive|vgclth elowyn has 15 seconds left.\n|\n|t:|1731595108\n|move|p2a: Smeargle|Follow Me|p2a: Smeargle\n|-singleturn|p2a: Smeargle|move: Follow Me\n|move|p1a: Whimsicott|Moonblast|p2a: Smeargle\n|-damage|p2a: Smeargle|34\/100\n|-unboost|p2a: Smeargle|spa|1\n|-enditem|p2a: Smeargle|Eject Pack\n|\n|t:|1731595113\n|switch|p2a: Ursaluna|Ursaluna-Bloodmoon, L50, M|100\/100\n|move|p1b: Glimmora|Meteor Beam||[still]\n|-prepare|p1b: Glimmora|Meteor Beam\n|-boost|p1b: Glimmora|spa|1\n|-enditem|p1b: Glimmora|Power Herb\n|-anim|p1b: Glimmora|Meteor Beam|p2b: Farigiraf\n|-damage|p2b: Farigiraf|23\/100\n|move|p2b: Farigiraf|Trick Room|p2b: Farigiraf\n|-fieldstart|move: Trick Room|[of] p2b: Farigiraf\n|\n|upkeep\n|turn|2\n|\n|t:|1731595131\n|-terastallize|p2a: Ursaluna|Normal\n|move|p2b: Farigiraf|Helping Hand|p2a: Ursaluna\n|-singleturn|p2a: Ursaluna|Helping Hand|[of] p2b: Farigiraf\n|move|p1b: Glimmora|Spiky Shield|p1b: Glimmora\n|-singleturn|p1b: Glimmora|move: Protect\n|move|p2a: Ursaluna|Hyper Voice|p1b: Glimmora|[spread] p1a\n|-activate|p1b: Glimmora|move: Protect\n|-enditem|p1a: Whimsicott|Focus Sash\n|-damage|p1a: Whimsicott|1\/100\n|-damage|p2a: Ursaluna|90\/100|[from] item: Life Orb\n|move|p1a: Whimsicott|Moonblast|p2b: Farigiraf\n|-damage|p2b: Farigiraf|0 fnt\n|faint|p2b: Farigiraf\n|\n|upkeep\n|inactive|vgclth elowyn has 30 seconds left.\n|inactive|vgclth elowyn has 20 seconds left.\n|inactive|vgclth elowyn has 15 seconds left.\n|\n|t:|1731595172\n|switch|p2b: Weezing|Weezing-Galar, L50, F|100\/100\n|-ability|p2b: Weezing|Neutralizing Gas\n|turn|3\n|inactive|crescent5 has 30 seconds left.\n|inactive|crescent5 has 20 seconds left.\n|j| Plopy14\n|inactive|crescent5 has 15 seconds left.\n|inactive|crescent5 has 10 seconds left.\n|inactive|crescent5 has 5 seconds left.\n|\n|t:|1731595225\n|switch|p1a: Gholdengo|Gholdengo, L50|100\/100\n|move|p2b: Weezing|Dazzling Gleam|p1b: Glimmora|[spread] p1a,p1b\n|-resisted|p1a: Gholdengo\n|-resisted|p1b: Glimmora\n|-damage|p1a: Gholdengo|84\/100\n|-damage|p1b: Glimmora|80\/100\n|move|p2a: Ursaluna|Earth Power|p1b: Glimmora\n|-supereffective|p1b: Glimmora\n|-damage|p1b: Glimmora|0 fnt\n|faint|p1b: Glimmora\n|-damage|p2a: Ursaluna|80\/100|[from] item: Life Orb\n|\n|upkeep\n|\n|t:|1731595234\n|switch|p1b: Dragonite|Dragonite, L50, M|100\/100\n|turn|4\n|\n|t:|1731595248\n|move|p2a: Ursaluna|Earth Power|p1a: Gholdengo\n|-supereffective|p1a: Gholdengo\n|-damage|p1a: Gholdengo|0 fnt\n|faint|p1a: Gholdengo\n|-damage|p2a: Ursaluna|70\/100|[from] item: Life Orb\n|move|p2b: Weezing|Dazzling Gleam|p1b: Dragonite\n|-supereffective|p1b: Dragonite\n|-damage|p1b: Dragonite|24\/100\n|move|p1b: Dragonite|Low Kick|p2a: Ursaluna\n|-supereffective|p2a: Ursaluna\n|-damage|p2a: Ursaluna|0 fnt\n|faint|p2a: Ursaluna\n|\n|upkeep\n|\n|t:|1731595256\n|switch|p2a: Smeargle|Smeargle, L50, M|34\/100\n|switch|p1a: Whimsicott|Whimsicott, L50, F|1\/100\n|turn|5\n|\n|t:|1731595265\n|-terastallize|p1b: Dragonite|Normal\n|move|p1a: Whimsicott|Protect|p1a: Whimsicott\n|-singleturn|p1a: Whimsicott|Protect\n|move|p2a: Smeargle|Fake Out|p1a: Whimsicott\n|-activate|p1a: Whimsicott|move: Protect\n|move|p2b: Weezing|Dazzling Gleam|p1a: Whimsicott|[spread] p1b\n|-activate|p1a: Whimsicott|move: Protect\n|-damage|p1b: Dragonite|0 fnt\n|faint|p1b: Dragonite\n|\n|-fieldend|move: Trick Room\n|upkeep\n|turn|6\n|-message|crescent5 forfeited.\n|\n|win|vgclth elowyn\n|raw|crescent5's rating: 1680 &rarr; <strong>1666<\/strong><br \/>(-14 for losing)\n|raw|vgclth elowyn's rating: 1794 &rarr; <strong>1808<\/strong><br \/>(+14 for winning)\n|l|\u2606crescent5\n|player|p1|\n|l| Plopy14\n","uploadtime":1731595425,"views":22,"formatid":"gen9vgc2024regh","rating":1666,"private":0,"password":null}