{"id":"gen9vgc2024regh-2243172387","format":"[Gen 9] VGC 2024 Reg H","players":["vgclth chromate","teenage fanclub"],"log":"|raw|<div class=\"broadcast-blue\"><strong>This battle is required to be public due to a player having a name starting with 'vgclth'.<\/div>\n|j|\u2606vgclth chromate\n|j|\u2606teenage fanclub\n|t:|1731518791\n|gametype|doubles\n|player|p1|vgclth chromate|allister|1775\n|player|p2|teenage fanclub|266|1762\n|teamsize|p1|6\n|teamsize|p2|6\n|gen|9\n|tier|[Gen 9] VGC 2024 Reg H\n|rated|\n|rule|Species Clause: Limit one of each Pok\u00e9mon\n|rule|Item Clause: Limit 1 of each item\n|clearpoke\n|poke|p1|Archaludon, L50, F|\n|poke|p1|Basculegion, L50, M|\n|poke|p1|Pelipper, L50, M|\n|poke|p1|Gholdengo, L50|\n|poke|p1|Amoonguss, L50, F|\n|poke|p1|Incineroar, L50, F|\n|poke|p2|Vivillon-Fancy, L50, F|\n|poke|p2|Talonflame, L50, F|\n|poke|p2|Typhlosion-Hisui, L50, M|\n|poke|p2|Archaludon, L50, M|\n|poke|p2|Dragonite, L50, F|\n|poke|p2|Annihilape, L50, M|\n|teampreview|4\n|\n|t:|1731518828\n|start\n|switch|p1a: Basculegion|Basculegion, L50, M|100\/100\n|switch|p1b: Pelipper|Pelipper, L50, M|100\/100\n|switch|p2a: Talonflame|Talonflame, L50, F|100\/100\n|switch|p2b: Dragonite|Dragonite, L50, F|100\/100\n|-weather|RainDance|[from] ability: Drizzle|[of] p1b: Pelipper\n|turn|1\n|\n|t:|1731518884\n|switch|p1a: Archaludon|Archaludon, L50, F|100\/100\n|switch|p1b: Incineroar|Incineroar, L50, F|100\/100\n|-ability|p1b: Incineroar|Intimidate|boost\n|-unboost|p2a: Talonflame|atk|1\n|-unboost|p2b: Dragonite|atk|1\n|-terastallize|p2a: Talonflame|Dragon\n|move|p2a: Talonflame|Dual Wingbeat|p1b: Incineroar\n|-damage|p1b: Incineroar|93\/100\n|-damage|p1b: Incineroar|85\/100\n|-hitcount|p1b: Incineroar|2\n|move|p2b: Dragonite|Scale Shot|p1b: Incineroar\n|-damage|p1b: Incineroar|76\/100\n|-damage|p1b: Incineroar|66\/100\n|-damage|p1b: Incineroar|57\/100\n|-damage|p1b: Incineroar|47\/100\n|-hitcount|p1b: Incineroar|4\n|-unboost|p2b: Dragonite|def|1\n|-boost|p2b: Dragonite|spe|1\n|\n|-weather|RainDance|[upkeep]\n|upkeep\n|turn|2\n|j| alfalfasprouttower\n|\n|t:|1731518920\n|switch|p2b: Archaludon|Archaludon, L50, M|100\/100\n|move|p1b: Incineroar|Fake Out|p2b: Archaludon\n|-resisted|p2b: Archaludon\n|-damage|p2b: Archaludon|96\/100\n|-ability|p2b: Archaludon|Stamina|boost\n|-boost|p2b: Archaludon|def|1\n|move|p2a: Talonflame|Dual Wingbeat|p2b: Archaludon\n|-resisted|p2b: Archaludon\n|-damage|p2b: Archaludon|94\/100\n|-ability|p2b: Archaludon|Stamina|boost\n|-boost|p2b: Archaludon|def|1\n|-resisted|p2b: Archaludon\n|-damage|p2b: Archaludon|93\/100\n|-ability|p2b: Archaludon|Stamina|boost\n|-boost|p2b: Archaludon|def|1\n|-hitcount|p2b: Archaludon|2\n|move|p1a: Archaludon|Electro Shot||[still]\n|-prepare|p1a: Archaludon|Electro Shot\n|-boost|p1a: Archaludon|spa|1\n|-anim|p1a: Archaludon|Electro Shot|p2b: Archaludon\n|-resisted|p2b: Archaludon\n|-damage|p2b: Archaludon|75\/100\n|-ability|p2b: Archaludon|Stamina|boost\n|-boost|p2b: Archaludon|def|1\n|\n|-weather|RainDance|[upkeep]\n|upkeep\n|turn|3\n|\n|t:|1731518950\n|-terastallize|p1a: Archaludon|Grass\n|move|p2a: Talonflame|Tailwind|p2a: Talonflame\n|-sidestart|p2: teenage fanclub|move: Tailwind\n|move|p2b: Archaludon|Body Press|p1a: Archaludon\n|-damage|p1a: Archaludon|49\/100\n|-ability|p1a: Archaludon|Stamina|boost\n|-boost|p1a: Archaludon|def|1\n|move|p1a: Archaludon|Dragon Pulse|p2b: Archaludon\n|-damage|p2b: Archaludon|38\/100\n|-ability|p2b: Archaludon|Stamina|boost\n|-boost|p2b: Archaludon|def|1\n|move|p1b: Incineroar|Parting Shot|p2b: Archaludon\n|-unboost|p2b: Archaludon|atk|1\n|-unboost|p2b: Archaludon|spa|1\n|\n|t:|1731518964\n|switch|p1b: Pelipper|Pelipper, L50, M|100\/100|[from] Parting Shot\n|\n|-weather|RainDance|[upkeep]\n|upkeep\n|turn|4\n|\n|t:|1731518980\n|move|p2a: Talonflame|Dual Wingbeat|p1a: Archaludon\n|-supereffective|p1a: Archaludon\n|-damage|p1a: Archaludon|40\/100\n|-ability|p1a: Archaludon|Stamina|boost\n|-boost|p1a: Archaludon|def|1\n|-supereffective|p1a: Archaludon\n|-damage|p1a: Archaludon|33\/100\n|-ability|p1a: Archaludon|Stamina|boost\n|-boost|p1a: Archaludon|def|1\n|-hitcount|p1a: Archaludon|2\n|move|p2b: Archaludon|Draco Meteor|p1a: Archaludon\n|-damage|p1a: Archaludon|11\/100\n|-unboost|p2b: Archaludon|spa|2\n|-ability|p1a: Archaludon|Stamina|boost\n|-boost|p1a: Archaludon|def|1\n|move|p1b: Pelipper|Tailwind|p1b: Pelipper\n|-sidestart|p1: vgclth chromate|move: Tailwind\n|move|p1a: Archaludon|Dragon Pulse|p2a: Talonflame\n|-supereffective|p2a: Talonflame\n|-damage|p2a: Talonflame|0 fnt\n|faint|p2a: Talonflame\n|\n|-weather|RainDance|[upkeep]\n|upkeep\n|\n|t:|1731518998\n|switch|p2a: Vivillon|Vivillon-Fancy, L50, F|100\/100\n|turn|5\n|j| WithMyBearHands\n|\n|t:|1731519027\n|switch|p1b: Incineroar|Incineroar, L50, F|47\/100\n|-ability|p1b: Incineroar|Intimidate|boost\n|-unboost|p2a: Vivillon|atk|1\n|-unboost|p2b: Archaludon|atk|1\n|move|p2a: Vivillon|Hurricane|p1a: Archaludon\n|-supereffective|p1a: Archaludon\n|-damage|p1a: Archaludon|0 fnt\n|faint|p1a: Archaludon\n|move|p2b: Archaludon|Snarl|p1b: Incineroar\n|-resisted|p1b: Incineroar\n|-damage|p1b: Incineroar|44\/100\n|-unboost|p1b: Incineroar|spa|1\n|\n|-weather|none\n|upkeep\n|\n|t:|1731519038\n|switch|p1a: Pelipper|Pelipper, L50, M|100\/100\n|-weather|RainDance|[from] ability: Drizzle|[of] p1a: Pelipper\n|turn|6\n|\n|t:|1731519074\n|move|p1b: Incineroar|Fake Out|p2a: Vivillon\n|-damage|p2a: Vivillon|79\/100\n|cant|p2a: Vivillon|flinch\n|move|p1a: Pelipper|Weather Ball|p2b: Archaludon\n|-resisted|p2b: Archaludon\n|-damage|p2b: Archaludon|16\/100\n|-ability|p2b: Archaludon|Stamina|boost\n|-boost|p2b: Archaludon|def|1\n|move|p2b: Archaludon|Body Press|p1a: Pelipper\n|-resisted|p1a: Pelipper\n|-damage|p1a: Pelipper|37\/100\n|\n|-weather|RainDance|[upkeep]\n|-sideend|p2: teenage fanclub|move: Tailwind\n|upkeep\n|turn|7\n|\n|t:|1731519122\n|move|p1a: Pelipper|Weather Ball|p2b: Archaludon\n|-resisted|p2b: Archaludon\n|-damage|p2b: Archaludon|0 fnt\n|faint|p2b: Archaludon\n|move|p1b: Incineroar|Flare Blitz|p2a: Vivillon\n|-supereffective|p2a: Vivillon\n|-damage|p2a: Vivillon|0 fnt\n|faint|p2a: Vivillon\n|-damage|p1b: Incineroar|24\/100|[from] Recoil\n|\n|-weather|RainDance|[upkeep]\n|-sideend|p1: vgclth chromate|move: Tailwind\n|upkeep\n|\n|t:|1731519130\n|switch|p2a: Dragonite|Dragonite, L50, F|100\/100\n|turn|8\n|j| rangueaculeo\n|l| WithMyBearHands\n|\n|t:|1731519148\n|move|p2a: Dragonite|Scale Shot|p1a: Pelipper\n|-damage|p1a: Pelipper|17\/100\n|-damage|p1a: Pelipper|0 fnt\n|faint|p1a: Pelipper\n|-hitcount|p1: Pelipper|2\n|-unboost|p2a: Dragonite|def|1\n|-boost|p2a: Dragonite|spe|1\n|move|p1b: Incineroar|Parting Shot|p2a: Dragonite\n|-unboost|p2a: Dragonite|atk|1\n|-unboost|p2a: Dragonite|spa|1\n|\n|t:|1731519151\n|switch|p1b: Basculegion|Basculegion, L50, M|100\/100|[from] Parting Shot\n|\n|-weather|RainDance|[upkeep]\n|upkeep\n|\n|t:|1731519152\n|switch|p1a: Incineroar|Incineroar, L50, F|24\/100\n|-ability|p1a: Incineroar|Intimidate|boost\n|-unboost|p2a: Dragonite|atk|1\n|turn|9\n|\n|t:|1731519157\n|move|p2a: Dragonite|Protect|p2a: Dragonite\n|-singleturn|p2a: Dragonite|Protect\n|move|p1a: Incineroar|Fake Out|p2a: Dragonite\n|-activate|p2a: Dragonite|move: Protect\n|move|p1b: Basculegion|Last Respects|p2a: Dragonite\n|-activate|p2a: Dragonite|move: Protect\n|\n|-weather|RainDance|[upkeep]\n|upkeep\n|turn|10\n|\n|t:|1731519162\n|move|p2a: Dragonite|Earthquake|p1a: Incineroar|[spread] p1a,p1b\n|-supereffective|p1a: Incineroar\n|-damage|p1a: Incineroar|0 fnt\n|-damage|p1b: Basculegion|83\/100\n|faint|p1a: Incineroar\n|move|p1b: Basculegion|Last Respects|p2a: Dragonite\n|-damage|p2a: Dragonite|0 fnt\n|faint|p2a: Dragonite\n|\n|win|vgclth chromate\n|raw|vgclth chromate's rating: 1775 &rarr; <strong>1794<\/strong><br \/>(+19 for winning)\n|raw|teenage fanclub's rating: 1762 &rarr; <strong>1743<\/strong><br \/>(-19 for losing)\n|l|\u2606vgclth chromate\n|player|p1|\n|l| rangueaculeo\n|l|\u2606teenage fanclub\n|player|p2|\n","uploadtime":1731519433,"views":27,"formatid":"gen9vgc2024regh","rating":1743,"private":0,"password":null}