{"id":"gen9vgc2024regh-2243116849","format":"[Gen 9] VGC 2024 Reg H","players":["orioridance","VGCLTH Thacrow"],"log":"|raw|<div class=\"broadcast-blue\"><strong>This battle is required to be public due to a player having a name starting with 'vgclth'.<\/div>\n|j|\u2606orioridance\n|j|\u2606VGCLTH Thacrow\n|t:|1731513451\n|gametype|doubles\n|player|p1|orioridance|170|1730\n|player|p2|VGCLTH Thacrow|wallace-masters|1820\n|teamsize|p1|6\n|teamsize|p2|6\n|gen|9\n|tier|[Gen 9] VGC 2024 Reg H\n|rated|\n|rule|Species Clause: Limit one of each Pok\u00e9mon\n|rule|Item Clause: Limit 1 of each item\n|clearpoke\n|poke|p1|Dondozo, L50, F|\n|poke|p1|Tatsugiri, L50, M|\n|poke|p1|Pelipper, L50, F|\n|poke|p1|Archaludon, L50, F|\n|poke|p1|Basculegion, L50, M|\n|poke|p1|Meowscarada, L50, M|\n|poke|p2|Ceruledge, L50, F|\n|poke|p2|Gastrodon-East, L50, F|\n|poke|p2|Sneasler, L50, F|\n|poke|p2|Dragonite, L50, F|\n|poke|p2|Rillaboom, L50, M|\n|poke|p2|Kingambit, L50, M|\n|teampreview|4\n|inactive|Battle timer is ON: inactive players will automatically lose when time's up. (requested by orioridance)\nVGCLTH Thacrow has agreed to open team sheets.\norioridance rejected open team sheets.\n|\n|t:|1731513473\n|start\n|switch|p1a: Dondozo|Dondozo, L50, F|100\/100\n|switch|p1b: Pelipper|Pelipper, L50, F|100\/100\n|switch|p2a: Kidturtle|Sneasler, L50, F, shiny|100\/100\n|switch|p2b: AdlrichYan|Rillaboom, L50, M|100\/100\n|-fieldstart|move: Grassy Terrain|[from] ability: Grassy Surge|[of] p2b: AdlrichYan\n|-weather|RainDance|[from] ability: Drizzle|[of] p1b: Pelipper\n|turn|1\n|\n|t:|1731513486\n|switch|p2a: Joe Dog|Gastrodon-East, L50, F|100\/100\n|switch|p1b: Tatsugiri|Tatsugiri, L50, M|100\/100\n|-activate|p1b: Tatsugiri|ability: Commander|[of] p1a: Dondozo\n|-boost|p1a: Dondozo|atk|2\n|-boost|p1a: Dondozo|spa|2\n|-boost|p1a: Dondozo|spe|2\n|-boost|p1a: Dondozo|def|2\n|-boost|p1a: Dondozo|spd|2\n|-terastallize|p1a: Dondozo|Ghost\n|move|p1a: Dondozo|Surf|p2a: Joe Dog|[spread] p2b\n|-miss|p1a: Dondozo|p1b: Tatsugiri\n|-ability|p2a: Joe Dog|Storm Drain|boost\n|-boost|p2a: Joe Dog|spa|1\n|-resisted|p2b: AdlrichYan\n|-damage|p2b: AdlrichYan|36\/100\n|-damage|p1a: Dondozo|91\/100|[from] item: Life Orb\n|move|p2b: AdlrichYan|Wood Hammer|p1a: Dondozo\n|-damage|p1a: Dondozo|52\/100\n|-damage|p2b: AdlrichYan|20\/100|[from] Recoil\n|\n|-weather|RainDance|[upkeep]\n|-heal|p1a: Dondozo|58\/100|[from] Grassy Terrain\n|-heal|p2b: AdlrichYan|26\/100|[from] Grassy Terrain\n|upkeep\n|turn|2\n|\n|t:|1731513504\n|switch|p2b: Kidturtle|Sneasler, L50, F, shiny|100\/100\n|move|p1a: Dondozo|Surf|p2b: Kidturtle|[spread] p2b\n|-miss|p1a: Dondozo|p1b: Tatsugiri\n|-ability|p2a: Joe Dog|Storm Drain|boost\n|-boost|p2a: Joe Dog|spa|1\n|-enditem|p2b: Kidturtle|Focus Sash\n|-damage|p2b: Kidturtle|1\/100\n|-damage|p1a: Dondozo|48\/100|[from] item: Life Orb\n|move|p2a: Joe Dog|Earth Power|p1a: Dondozo\n|-damage|p1a: Dondozo|30\/100\n|\n|-weather|RainDance|[upkeep]\n|-heal|p2b: Kidturtle|7\/100|[from] Grassy Terrain\n|-heal|p1a: Dondozo|36\/100|[from] Grassy Terrain\n|upkeep\n|turn|3\n|\n|t:|1731513516\n|move|p2b: Kidturtle|Dire Claw|p1a: Dondozo\n|-resisted|p1a: Dondozo\n|-damage|p1a: Dondozo|28\/100\n|move|p1a: Dondozo|Surf|p2a: Joe Dog|[spread] p2b\n|-miss|p1a: Dondozo|p1b: Tatsugiri\n|-ability|p2a: Joe Dog|Storm Drain|boost\n|-boost|p2a: Joe Dog|spa|1\n|-damage|p2b: Kidturtle|0 fnt\n|faint|p2b: Kidturtle\n|-damage|p1a: Dondozo|18\/100|[from] item: Life Orb\n|move|p2a: Joe Dog|Clear Smog|p1a: Dondozo\n|-resisted|p1a: Dondozo\n|-damage|p1a: Dondozo|15\/100\n|-clearboost|p1a: Dondozo\n|\n|-weather|RainDance|[upkeep]\n|-heal|p1a: Dondozo|21\/100|[from] Grassy Terrain\n|upkeep\n|\n|t:|1731513523\n|switch|p2b: AdlrichYan|Rillaboom, L50, M|26\/100\n|turn|4\n|\n|t:|1731513528\n|move|p2b: AdlrichYan|Wood Hammer|p1a: Dondozo\n|-damage|p1a: Dondozo|0 fnt\n|faint|p1a: Dondozo\n|-damage|p2b: AdlrichYan|18\/100|[from] Recoil\n|move|p2a: Joe Dog|Earth Power|p1b: Tatsugiri\n|-crit|p1b: Tatsugiri\n|-damage|p1b: Tatsugiri|0 fnt\n|faint|p1b: Tatsugiri\n|\n|-weather|RainDance|[upkeep]\n|-heal|p2b: AdlrichYan|24\/100|[from] Grassy Terrain\n|upkeep\n|\n|t:|1731513531\n|switch|p1b: Meowscarada|Meowscarada, L50, M|100\/100\n|switch|p1a: Pelipper|Pelipper, L50, F|100\/100\n|turn|5\n|\n|t:|1731513540\n|-terastallize|p2a: Joe Dog|Flying\n|move|p1b: Meowscarada|Flower Trick|p2a: Joe Dog\n|-resisted|p2a: Joe Dog\n|-crit|p2a: Joe Dog\n|-damage|p2a: Joe Dog|69\/100\n|move|p2b: AdlrichYan|Wood Hammer|p1a: Pelipper\n|-damage|p1a: Pelipper|0 fnt\n|faint|p1a: Pelipper\n|-damage|p2b: AdlrichYan|0 fnt|[from] Recoil\n|faint|p2b: AdlrichYan\n|move|p2a: Joe Dog|Ice Beam|p1b: Meowscarada\n|-supereffective|p1b: Meowscarada\n|-enditem|p1b: Meowscarada|Focus Sash\n|-damage|p1b: Meowscarada|1\/100\n|\n|-weather|RainDance|[upkeep]\n|-heal|p1b: Meowscarada|7\/100|[from] Grassy Terrain\n|-fieldend|move: Grassy Terrain\n|upkeep\n|j| VGCLTH lily\n|\n|t:|1731513550\n|switch|p2b: Main Flutter|Dragonite, L50, F, shiny|100\/100\n|turn|6\n|-message|orioridance forfeited.\n|\n|win|VGCLTH Thacrow\n|raw|orioridance's rating: 1730 &rarr; <strong>1715<\/strong><br \/>(-15 for losing)\n|raw|VGCLTH Thacrow's rating: 1820 &rarr; <strong>1835<\/strong><br \/>(+15 for winning)\n|l|\u2606orioridance\n|player|p1|\n|l|\u2606VGCLTH Thacrow\n|player|p2|\n|l| VGCLTH lily\n|j| VGCLTH John Pork\n","uploadtime":1731513815,"views":18,"formatid":"gen9vgc2024regh","rating":1715,"private":0,"password":null}