{"id":"gen9vgc2024regh-2243898460","format":"[Gen 9] VGC 2024 Reg H","players":["pescatora2","vgclth elowyn"],"log":"|raw|<div class=\"broadcast-blue\"><strong>This battle is required to be public due to a player having a name starting with 'vgclth'.<\/div>\n|j|\u2606pescatora2\n|j|\u2606vgclth elowyn\n|t:|1731609711\n|gametype|doubles\n|player|p1|pescatora2|lucas|1761\n|player|p2|vgclth elowyn|1|1738\n|teamsize|p1|6\n|teamsize|p2|6\n|gen|9\n|tier|[Gen 9] VGC 2024 Reg H\n|rated|\n|rule|Species Clause: Limit one of each Pok\u00e9mon\n|rule|Item Clause: Limit 1 of each item\n|clearpoke\n|poke|p1|Gholdengo, L50|\n|poke|p1|Dragonite, L50, F|\n|poke|p1|Ursaluna-Bloodmoon, L50, M|\n|poke|p1|Sneasler, L50, F|\n|poke|p1|Incineroar, L50, F|\n|poke|p1|Rillaboom, L50, M|\n|poke|p2|Smeargle, L50, F|\n|poke|p2|Farigiraf, L50, F|\n|poke|p2|Maushold-Four, L50|\n|poke|p2|Torkoal, L50, M|\n|poke|p2|Ursaluna-Bloodmoon, L50, M|\n|poke|p2|Weezing-Galar, L50, F|\n|teampreview|4\n|inactive|Battle timer is ON: inactive players will automatically lose when time's up. (requested by vgclth elowyn)\n|\n|t:|1731609775\n|start\n|switch|p1a: Gholdengo|Gholdengo, L50|100\/100\n|switch|p1b: Incineroar|Incineroar, L50, F|100\/100\n|switch|p2a: Smeargle|Smeargle, L50, F|100\/100\n|switch|p2b: Farigiraf|Farigiraf, L50, F|100\/100\n|-ability|p1b: Incineroar|Intimidate|boost\n|-unboost|p2a: Smeargle|atk|1\n|-enditem|p2a: Smeargle|Eject Pack\n|-unboost|p2b: Farigiraf|atk|1\n|\n|t:|1731609797\n|switch|p2a: Torkoal|Torkoal, L50, M|100\/100\n|-weather|SunnyDay|[from] ability: Drought|[of] p2a: Torkoal\n|turn|1\n|\n|t:|1731609809\n|switch|p2a: Smeargle|Smeargle, L50, F|100\/100\n|-terastallize|p2b: Farigiraf|Water\n|move|p1a: Gholdengo|Trick|p2b: Farigiraf\n|-activate|p1a: Gholdengo|move: Trick|[of] p2b: Farigiraf\n|-item|p2b: Farigiraf|Choice Scarf|[from] move: Trick\n|-item|p1a: Gholdengo|Mental Herb|[from] move: Trick\n|move|p1b: Incineroar|Parting Shot|p2a: Smeargle\n|-unboost|p2a: Smeargle|atk|1\n|-unboost|p2a: Smeargle|spa|1\n|inactive|pescatora2 has 30 seconds left.\n|\n|t:|1731609836\n|switch|p1b: Ursaluna|Ursaluna-Bloodmoon, L50, M|100\/100|[from] Parting Shot\n|move|p2b: Farigiraf|Trick Room|p2b: Farigiraf\n|-fieldstart|move: Trick Room|[of] p2b: Farigiraf\n|\n|-weather|SunnyDay|[upkeep]\n|-ability|p2a: Smeargle|Moody|boost\n|-boost|p2a: Smeargle|spd|2\n|-unboost|p2a: Smeargle|atk|1\n|upkeep\n|turn|2\n|j| testingmoon7777\n|inactive|pescatora2 has 30 seconds left.\n|inactive|vgclth elowyn has 30 seconds left.\n|j| Itsmeheats\n|inactive|pescatora2 has 20 seconds left.\n|inactive|pescatora2 has 15 seconds left.\n|\n|t:|1731609877\n|switch|p2b: Ursaluna|Ursaluna-Bloodmoon, L50, M|100\/100\n|move|p1b: Ursaluna|Calm Mind|p1b: Ursaluna\n|-boost|p1b: Ursaluna|spa|1\n|-boost|p1b: Ursaluna|spd|1\n|move|p1a: Gholdengo|Make It Rain|p2b: Ursaluna|[spread] p2a,p2b\n|-damage|p2a: Smeargle|55\/100\n|-damage|p2b: Ursaluna|43\/100\n|-unboost|p1a: Gholdengo|spa|1\n|move|p2a: Smeargle|Spore|p1b: Ursaluna\n|-status|p1b: Ursaluna|slp|[from] move: Spore\n|\n|-weather|SunnyDay|[upkeep]\n|-ability|p2a: Smeargle|Moody|boost\n|-boost|p2a: Smeargle|spe|2\n|-unboost|p2a: Smeargle|spa|1\n|upkeep\n|turn|3\n|\n|t:|1731609896\n|move|p2b: Ursaluna|Earth Power|p1a: Gholdengo\n|-supereffective|p1a: Gholdengo\n|-damage|p1a: Gholdengo|0 fnt\n|faint|p1a: Gholdengo\n|-damage|p2b: Ursaluna|33\/100|[from] item: Life Orb\n|cant|p1b: Ursaluna|slp\n|move|p2a: Smeargle|Spore|p1b: Ursaluna\n|-fail|p1b: Ursaluna|slp\n|\n|-weather|SunnyDay|[upkeep]\n|-ability|p2a: Smeargle|Moody|boost\n|-boost|p2a: Smeargle|spe|2\n|-unboost|p2a: Smeargle|spd|1\n|upkeep\n|\n|t:|1731609909\n|switch|p1a: Incineroar|Incineroar, L50, F|100\/100\n|-ability|p1a: Incineroar|Intimidate|boost\n|-unboost|p2a: Smeargle|atk|1\n|-unboost|p2b: Ursaluna|atk|1\n|turn|4\n|\n|t:|1731609932\n|switch|p2b: Torkoal|Torkoal, L50, M|100\/100\n|switch|p2a: Farigiraf|Farigiraf, L50, F, tera:Water|100\/100\n|-terastallize|p1a: Incineroar|Ghost\n|cant|p1b: Ursaluna|slp\n|move|p1a: Incineroar|Knock Off|p2b: Torkoal\n|-damage|p2b: Torkoal|73\/100\n|-enditem|p2b: Torkoal|Choice Specs|[from] move: Knock Off|[of] p1a: Incineroar\n|\n|-weather|SunnyDay|[upkeep]\n|upkeep\n|turn|5\n|inactive|pescatora2 has 30 seconds left.\n|inactive|pescatora2 has 20 seconds left.\n|\n|t:|1731609970\n|move|p2a: Farigiraf|Helping Hand|p2b: Torkoal\n|-singleturn|p2b: Torkoal|Helping Hand|[of] p2a: Farigiraf\n|move|p2b: Torkoal|Eruption|p1b: Ursaluna|[spread] p1a,p1b\n|-damage|p1a: Incineroar|35\/100\n|-damage|p1b: Ursaluna|49\/100 slp\n|-enditem|p1a: Incineroar|Sitrus Berry|[eat]\n|-heal|p1a: Incineroar|60\/100|[from] item: Sitrus Berry\n|-curestatus|p1b: Ursaluna|slp|[msg]\n|move|p1b: Ursaluna|Earth Power|p2b: Torkoal\n|-supereffective|p2b: Torkoal\n|-damage|p2b: Torkoal|0 fnt\n|faint|p2b: Torkoal\n|move|p1a: Incineroar|Parting Shot|p2a: Farigiraf\n|-unboost|p2a: Farigiraf|atk|1\n|-unboost|p2a: Farigiraf|spa|1\n|inactive|pescatora2 has 30 seconds left.\n|\n|t:|1731609997\n|switch|p1a: Sneasler|Sneasler, L50, F|100\/100|[from] Parting Shot\n|\n|-weather|none\n|-heal|p1b: Ursaluna|55\/100|[from] item: Leftovers\n|-fieldend|move: Trick Room\n|upkeep\n|\n|t:|1731610009\n|switch|p2b: Smeargle|Smeargle, L50, F|55\/100\n|turn|6\n|\n|t:|1731610024\n|switch|p2a: Ursaluna|Ursaluna-Bloodmoon, L50, M|33\/100\n|move|p1a: Sneasler|Close Combat|p2b: Smeargle\n|-supereffective|p2b: Smeargle\n|-damage|p2b: Smeargle|0 fnt\n|-unboost|p1a: Sneasler|def|1\n|-unboost|p1a: Sneasler|spd|1\n|faint|p2b: Smeargle\n|move|p1b: Ursaluna|Blood Moon|p2a: Ursaluna\n|-damage|p2a: Ursaluna|0 fnt\n|faint|p2a: Ursaluna\n|\n|-heal|p1b: Ursaluna|61\/100|[from] item: Leftovers\n|upkeep\n|-message|vgclth elowyn forfeited.\n|\n|win|pescatora2\n|raw|pescatora2's rating: 1761 &rarr; <strong>1779<\/strong><br \/>(+18 for winning)\n|raw|vgclth elowyn's rating: 1731 &rarr; <strong>1713<\/strong><br \/>(-18 for losing)\n|l|\u2606vgclth elowyn\n|player|p2|\n","uploadtime":1731610095,"views":63,"formatid":"gen9vgc2024regh","rating":1713,"private":0,"password":null}