{"id":"gen9vgc2024regh-2243759540","format":"[Gen 9] VGC 2024 Reg H","players":["Smurshifu","vgclth elowyn"],"log":"|raw|<div class=\"broadcast-blue\"><strong>This battle is required to be public due to a player having a name starting with 'vgclth'.<\/div>\n|j|\u2606Smurshifu\n|j|\u2606vgclth elowyn\n|t:|1731596365\n|gametype|doubles\n|player|p1|Smurshifu|youngster-gen4dp|1675\n|player|p2|vgclth elowyn|1|1721\n|teamsize|p1|6\n|teamsize|p2|6\n|gen|9\n|tier|[Gen 9] VGC 2024 Reg H\n|rated|\n|rule|Species Clause: Limit one of each Pok\u00e9mon\n|rule|Item Clause: Limit 1 of each item\n|clearpoke\n|poke|p1|Gothitelle, L50, M|\n|poke|p1|Gengar, L50, M|\n|poke|p1|Archaludon, L50, M|\n|poke|p1|Dondozo, L50, M|\n|poke|p1|Tatsugiri, L50, F|\n|poke|p1|Flamigo, L50, F|\n|poke|p2|Smeargle, L50, F|\n|poke|p2|Farigiraf, L50, M|\n|poke|p2|Maushold-Four, L50|\n|poke|p2|Torkoal, L50, M|\n|poke|p2|Ursaluna-Bloodmoon, L50, M|\n|poke|p2|Weezing-Galar, L50, F|\n|teampreview|4\n|j| RNGeez RandBats\n|j| christianfinity\n|j| FBIAltMan\n|\n|t:|1731596446\n|start\n|switch|p1a: Archaludon|Archaludon, L50, M|100\/100\n|switch|p1b: Gengar|Gengar, L50, M|100\/100\n|switch|p2a: Smeargle|Smeargle, L50, F|100\/100\n|switch|p2b: Farigiraf|Farigiraf, L50, M|100\/100\n|turn|1\n|inactive|Battle timer is ON: inactive players will automatically lose when time's up. (requested by Smurshifu)\n|\n|t:|1731596479\n|-terastallize|p1a: Archaludon|Ghost\n|move|p1b: Gengar|Sludge Wave|p2a: Smeargle|[spread] p1a,p2a,p2b\n|-resisted|p1a: Archaludon\n|-damage|p1a: Archaludon|75\/100\n|-damage|p2a: Smeargle|28\/100\n|-damage|p2b: Farigiraf|73\/100\n|move|p1a: Archaludon|Electro Shot||[still]\n|-prepare|p1a: Archaludon|Electro Shot\n|-boost|p1a: Archaludon|spa|1\n|-enditem|p1a: Archaludon|Power Herb\n|-anim|p1a: Archaludon|Electro Shot|p2b: Farigiraf\n|-damage|p2b: Farigiraf|19\/100\n|move|p2a: Smeargle|Spore|p1a: Archaludon\n|-status|p1a: Archaludon|slp|[from] move: Spore\n|move|p2b: Farigiraf|Trick Room|p2b: Farigiraf\n|-fieldstart|move: Trick Room|[of] p2b: Farigiraf\n|\n|-ability|p2a: Smeargle|Moody|boost\n|-boost|p2a: Smeargle|spe|2\n|-unboost|p2a: Smeargle|def|1\n|-enditem|p2a: Smeargle|Eject Pack\n|upkeep\n|\n|t:|1731596486\n|switch|p2a: Torkoal|Torkoal, L50, M|100\/100\n|-weather|SunnyDay|[from] ability: Drought|[of] p2a: Torkoal\n|turn|2\n|\n|t:|1731596491\n|-terastallize|p2a: Torkoal|Fire\n|cant|p1a: Archaludon|slp\n|move|p1b: Gengar|Protect|p1b: Gengar\n|-singleturn|p1b: Gengar|Protect\n|move|p2a: Torkoal|Eruption|p1a: Archaludon|[spread] p1a\n|-activate|p1b: Gengar|move: Protect\n|-damage|p1a: Archaludon|0 fnt\n|faint|p1a: Archaludon\n|move|p2b: Farigiraf|Twin Beam|p1b: Gengar\n|-activate|p1b: Gengar|move: Protect\n|\n|-weather|SunnyDay|[upkeep]\n|upkeep\n|\n|t:|1731596494\n|switch|p1a: Dondozo|Dondozo, L50, M|100\/100\n|turn|3\n|inactive|vgclth elowyn has 30 seconds left.\n|\n|t:|1731596529\n|switch|p2b: Weezing|Weezing-Galar, L50, F|100\/100\n|-ability|p2b: Weezing|Neutralizing Gas\n|move|p1a: Dondozo|Protect|p1a: Dondozo\n|-singleturn|p1a: Dondozo|Protect\n|move|p2a: Torkoal|Eruption|p1a: Dondozo|[spread] p1b\n|-activate|p1a: Dondozo|move: Protect\n|-enditem|p1b: Gengar|Focus Sash\n|-damage|p1b: Gengar|1\/100\n|move|p1b: Gengar|Sludge Wave|p2b: Weezing|[spread] p2a,p2b\n|-activate|p1a: Dondozo|move: Protect\n|-damage|p2a: Torkoal|51\/100\n|-damage|p2b: Weezing|49\/100\n|\n|-weather|SunnyDay|[upkeep]\n|upkeep\n|turn|4\n|inactive|vgclth elowyn has 30 seconds left.\n|inactive|vgclth elowyn has 20 seconds left.\n|\n|t:|1731596565\n|move|p1b: Gengar|Protect|p1b: Gengar\n|-singleturn|p1b: Gengar|Protect\n|move|p2a: Torkoal|Eruption|p1a: Dondozo|[spread] p1a\n|-activate|p1b: Gengar|move: Protect\n|-resisted|p1a: Dondozo\n|-damage|p1a: Dondozo|66\/100\n|move|p2b: Weezing|Dazzling Gleam|p1a: Dondozo|[spread] p1a\n|-activate|p1b: Gengar|move: Protect\n|-damage|p1a: Dondozo|40\/100\n|move|p1a: Dondozo|Earthquake|p2a: Torkoal|[spread] p2a,p2b\n|-activate|p1b: Gengar|move: Protect\n|-supereffective|p2a: Torkoal\n|-supereffective|p2b: Weezing\n|-damage|p2a: Torkoal|20\/100\n|-damage|p2b: Weezing|13\/100\n|\n|-weather|SunnyDay|[upkeep]\n|-heal|p1a: Dondozo|46\/100|[from] item: Leftovers\n|upkeep\n|turn|5\n|\n|t:|1731596581\n|move|p1a: Dondozo|Protect|p1a: Dondozo\n|-singleturn|p1a: Dondozo|Protect\n|move|p1b: Gengar|Protect||[still]\n|-fail|p1b: Gengar\n|move|p2a: Torkoal|Eruption|p1b: Gengar|[spread] p1b\n|-activate|p1a: Dondozo|move: Protect\n|-damage|p1b: Gengar|0 fnt\n|faint|p1b: Gengar\n|move|p2b: Weezing|Dazzling Gleam|p1a: Dondozo\n|-activate|p1a: Dondozo|move: Protect\n|\n|-weather|SunnyDay|[upkeep]\n|-heal|p1a: Dondozo|52\/100|[from] item: Leftovers\n|-fieldend|move: Trick Room\n|upkeep\n|\n|t:|1731596583\n|switch|p1b: Tatsugiri|Tatsugiri, L50, F|100\/100\n|turn|6\n|inactive|vgclth elowyn has 30 seconds left.\n|\n|t:|1731596611\n|move|p1b: Tatsugiri|Protect|p1b: Tatsugiri\n|-singleturn|p1b: Tatsugiri|Protect\n|move|p2b: Weezing|Protect|p2b: Weezing\n|-singleturn|p2b: Weezing|Protect\n|move|p1a: Dondozo|Earthquake|p2b: Weezing|[spread] p2a\n|-activate|p1b: Tatsugiri|move: Protect\n|-activate|p2b: Weezing|move: Protect\n|-supereffective|p2a: Torkoal\n|-damage|p2a: Torkoal|0 fnt\n|faint|p2a: Torkoal\n|\n|-weather|none\n|-heal|p1a: Dondozo|58\/100|[from] item: Leftovers\n|upkeep\n|\n|t:|1731596614\n|switch|p2a: Smeargle|Smeargle, L50, F|28\/100\n|turn|7\n|\n|t:|1731596619\n|move|p2a: Smeargle|Fake Out|p1b: Tatsugiri\n|-damage|p1b: Tatsugiri|93\/100\n|cant|p1b: Tatsugiri|flinch\n|move|p1a: Dondozo|Earthquake|p2a: Smeargle|[spread] p1b,p2a,p2b\n|-supereffective|p2b: Weezing\n|-damage|p1b: Tatsugiri|64\/100\n|-damage|p2a: Smeargle|0 fnt\n|-damage|p2b: Weezing|0 fnt\n|faint|p2a: Smeargle\n|faint|p2b: Weezing\n|-end|p2b: Weezing|ability: Neutralizing Gas\n|-activate|p1b: Tatsugiri|ability: Commander|[of] p1a: Dondozo\n|-boost|p1a: Dondozo|atk|2\n|-boost|p1a: Dondozo|spa|2\n|-boost|p1a: Dondozo|spe|2\n|-boost|p1a: Dondozo|def|2\n|-boost|p1a: Dondozo|spd|2\n|\n|-heal|p1a: Dondozo|65\/100|[from] item: Leftovers\n|upkeep\n|\n|t:|1731596630\n|switch|p2b: Farigiraf|Farigiraf, L50, M|19\/100\n|turn|8\n|\n|t:|1731596634\n|move|p1a: Dondozo|Earthquake|p2b: Farigiraf|[spread] p2b\n|-miss|p1a: Dondozo|p1b: Tatsugiri\n|-damage|p2b: Farigiraf|0 fnt\n|faint|p2b: Farigiraf\n|\n|win|Smurshifu\n|raw|Smurshifu's rating: 1675 &rarr; <strong>1699<\/strong><br \/>(+24 for winning)\n|raw|vgclth elowyn's rating: 1746 &rarr; <strong>1722<\/strong><br \/>(-24 for losing)\n|l|\u2606Smurshifu\n|player|p1|\n|l| christianfinity\n|l| RNGeez RandBats\n|j|\u2606Smurshifu\n|player|p1|Smurshifu|youngster-gen4dp|\n|l|\u2606vgclth elowyn\n|player|p2|\n","uploadtime":1731596643,"views":30,"formatid":"gen9vgc2024regh","rating":1699,"private":0,"password":null}