{"id":"gen9vgc2024regh-2243121650","format":"[Gen 9] VGC 2024 Reg H","players":["ray4gej","VGCNEOPHYTE"],"log":"|j|\u2606ray4gej\n|j|\u2606VGCNEOPHYTE\n|t:|1731513932\n|gametype|doubles\n|player|p1|ray4gej|1|1715\n|player|p2|VGCNEOPHYTE|chuck|1657\n|teamsize|p1|6\n|teamsize|p2|6\n|gen|9\n|tier|[Gen 9] VGC 2024 Reg H\n|rated|\n|rule|Species Clause: Limit one of each Pok\u00e9mon\n|rule|Item Clause: Limit 1 of each item\n|clearpoke\n|poke|p1|Dondozo, L50, F|\n|poke|p1|Tatsugiri, L50, M|\n|poke|p1|Sneasler, L50, M|\n|poke|p1|Flamigo, L50, M|\n|poke|p1|Amoonguss, L50, M|\n|poke|p1|Gholdengo, L50|\n|poke|p2|Kommo-o, L50, M|\n|poke|p2|Tyranitar, L50, M|\n|poke|p2|Excadrill, L50, M|\n|poke|p2|Samurott-Hisui, L50, F|\n|poke|p2|Corviknight, L50, F|\n|poke|p2|Indeedee, L50, M|\n|teampreview|4\n|inactive|Battle timer is ON: inactive players will automatically lose when time's up. (requested by VGCNEOPHYTE)\n|inactive|ray4gej has 60 seconds left.\n|inactive|VGCNEOPHYTE has 60 seconds left.\n|\n|t:|1731513970\n|start\n|switch|p1a: Gholdengo|Gholdengo, L50|100\/100\n|switch|p1b: Flamigo|Flamigo, L50, M|100\/100\n|switch|p2a: Tyranitar|Tyranitar, L50, M|100\/100\n|switch|p2b: Excadrill|Excadrill, L50, M|100\/100\n|-weather|Sandstorm|[from] ability: Sand Stream|[of] p2a: Tyranitar\n|turn|1\n|\n|t:|1731513991\n|-terastallize|p1b: Flamigo|Ghost\n|move|p1a: Gholdengo|Protect|p1a: Gholdengo\n|-singleturn|p1a: Gholdengo|Protect\n|move|p2b: Excadrill|High Horsepower|p1a: Gholdengo\n|-activate|p1a: Gholdengo|move: Protect\n|move|p2a: Tyranitar|Rock Slide|p1b: Flamigo|[spread] p1b\n|-activate|p1a: Gholdengo|move: Protect\n|-damage|p1b: Flamigo|56\/100\n|move|p1b: Flamigo|Tailwind|p1b: Flamigo\n|-sidestart|p1: ray4gej|move: Tailwind\n|\n|-weather|Sandstorm|[upkeep]\n|-damage|p1b: Flamigo|50\/100|[from] Sandstorm\n|upkeep\n|turn|2\n|inactive|ray4gej has 30 seconds left.\n|inactive|VGCNEOPHYTE has 30 seconds left.\n|\n|t:|1731514018\n|-terastallize|p2a: Tyranitar|Flying\n|move|p1b: Flamigo|Close Combat|p2b: Excadrill\n|-supereffective|p2b: Excadrill\n|-enditem|p2b: Excadrill|Focus Sash\n|-damage|p2b: Excadrill|1\/100\n|-unboost|p1b: Flamigo|def|1\n|-unboost|p1b: Flamigo|spd|1\n|move|p1a: Gholdengo|Make It Rain|p2b: Excadrill|[spread] p2a,p2b\n|-resisted|p2b: Excadrill\n|-damage|p2a: Tyranitar|55\/100\n|-damage|p2b: Excadrill|0 fnt\n|-unboost|p1a: Gholdengo|spa|1\n|faint|p2b: Excadrill\n|move|p2a: Tyranitar|Rock Slide|p1a: Gholdengo|[spread] p1a,p1b\n|-resisted|p1a: Gholdengo\n|-damage|p1a: Gholdengo|84\/100\n|-damage|p1b: Flamigo|0 fnt\n|faint|p1b: Flamigo\n|\n|-weather|Sandstorm|[upkeep]\n|-damage|p2a: Tyranitar|50\/100|[from] Sandstorm\n|upkeep\n|\n|t:|1731514038\n|switch|p1b: Dondozo|Dondozo, L50, F, shiny|100\/100\n|switch|p2b: Samurott|Samurott-Hisui, L50, F|100\/100\n|turn|3\n|\n|t:|1731514046\n|switch|p1a: Tatsugiri|Tatsugiri, L50, M|100\/100\n|-activate|p1a: Tatsugiri|ability: Commander|[of] p1b: Dondozo\n|-boost|p1b: Dondozo|atk|2\n|-boost|p1b: Dondozo|spa|2\n|-boost|p1b: Dondozo|spe|2\n|-boost|p1b: Dondozo|def|2\n|-boost|p1b: Dondozo|spd|2\n|move|p1b: Dondozo|Order Up|p2a: Tyranitar\n|-damage|p2a: Tyranitar|4\/100\n|-boost|p1b: Dondozo|atk|1\n|move|p2a: Tyranitar|Rock Slide|p1b: Dondozo|[spread] p1b\n|-miss|p2a: Tyranitar|p1a: Tatsugiri\n|-damage|p1b: Dondozo|90\/100\n|move|p2b: Samurott|Sacred Sword|p1b: Dondozo\n|-damage|p1b: Dondozo|58\/100\n|\n|-weather|Sandstorm|[upkeep]\n|-damage|p1a: Tatsugiri|95\/100|[from] Sandstorm\n|-damage|p1b: Dondozo|52\/100|[from] Sandstorm\n|-damage|p2a: Tyranitar|0 fnt|[from] Sandstorm\n|-damage|p2b: Samurott|94\/100|[from] Sandstorm\n|faint|p2a: Tyranitar\n|upkeep\n|\n|t:|1731514065\n|switch|p2a: Kommo-o|Kommo-o, L50, M|100\/100\n|turn|4\n|\n|t:|1731514087\n|move|p1b: Dondozo|Protect|p1b: Dondozo\n|-singleturn|p1b: Dondozo|Protect\n|move|p2b: Samurott|Sacred Sword|p1b: Dondozo\n|-activate|p1b: Dondozo|move: Protect\n|move|p2a: Kommo-o|Clanging Scales|p1b: Dondozo|[spread] \n|-miss|p2a: Kommo-o|p1a: Tatsugiri\n|-activate|p1b: Dondozo|move: Protect\n|\n|-weather|Sandstorm|[upkeep]\n|-damage|p1a: Tatsugiri|89\/100|[from] Sandstorm\n|-damage|p1b: Dondozo|46\/100|[from] Sandstorm\n|-damage|p2b: Samurott|88\/100|[from] Sandstorm\n|-sideend|p1: ray4gej|move: Tailwind\n|upkeep\n|turn|5\n|\n|t:|1731514100\n|move|p1b: Dondozo|Order Up|p2a: Kommo-o\n|-supereffective|p2a: Kommo-o\n|-damage|p2a: Kommo-o|13\/100\n|-boost|p1b: Dondozo|atk|1\n|move|p2b: Samurott|Sacred Sword|p1b: Dondozo\n|-damage|p1b: Dondozo|17\/100\n|move|p2a: Kommo-o|Clanging Scales|p1b: Dondozo|[spread] p1b\n|-miss|p2a: Kommo-o|p1a: Tatsugiri\n|-crit|p1b: Dondozo\n|-damage|p1b: Dondozo|0 fnt\n|faint|p1b: Dondozo\n|-unboost|p2a: Kommo-o|def|1\n|\n|-weather|none\n|upkeep\n|\n|t:|1731514105\n|switch|p1b: Gholdengo|Gholdengo, L50|84\/100\n|turn|6\n|inactive|ray4gej has 30 seconds left.\n|inactive|ray4gej has 20 seconds left.\n|\n|t:|1731514142\n|move|p1b: Gholdengo|Protect|p1b: Gholdengo\n|-singleturn|p1b: Gholdengo|Protect\n|move|p1a: Tatsugiri|Draco Meteor|p2b: Samurott\n|-damage|p2b: Samurott|26\/100\n|-unboost|p1a: Tatsugiri|spa|2\n|move|p2b: Samurott|Night Slash|p1b: Gholdengo\n|-activate|p1b: Gholdengo|move: Protect\n|move|p2a: Kommo-o|Clanging Scales|p1a: Tatsugiri|[spread] p1a\n|-activate|p1b: Gholdengo|move: Protect\n|-supereffective|p1a: Tatsugiri\n|-damage|p1a: Tatsugiri|0 fnt\n|faint|p1a: Tatsugiri\n|-unboost|p2a: Kommo-o|def|1\n|\n|upkeep\n|turn|7\n|\n|t:|1731514160\n|move|p2b: Samurott|Sucker Punch|p1b: Gholdengo\n|-supereffective|p1b: Gholdengo\n|-damage|p1b: Gholdengo|15\/100\n|move|p1b: Gholdengo|Make It Rain|p2a: Kommo-o|[spread] p2a,p2b\n|-resisted|p2b: Samurott\n|-damage|p2a: Kommo-o|0 fnt\n|-damage|p2b: Samurott|2\/100\n|-unboost|p1b: Gholdengo|spa|1\n|faint|p2a: Kommo-o\n|\n|upkeep\n|turn|8\n|\n|t:|1731514171\n|move|p2b: Samurott|Sucker Punch||[still]\n|-fail|p2b: Samurott\n|move|p1b: Gholdengo|Nasty Plot|p1b: Gholdengo\n|-boost|p1b: Gholdengo|spa|2\n|\n|upkeep\n|turn|9\n|\n|t:|1731514177\n|move|p2b: Samurott|Sucker Punch||[still]\n|-fail|p2b: Samurott\n|move|p1b: Gholdengo|Nasty Plot|p1b: Gholdengo\n|-boost|p1b: Gholdengo|spa|2\n|\n|upkeep\n|turn|10\n|\n|t:|1731514183\n|move|p1b: Gholdengo|Protect|p1b: Gholdengo\n|-singleturn|p1b: Gholdengo|Protect\n|move|p2b: Samurott|Sucker Punch||[still]\n|-fail|p2b: Samurott\n|\n|upkeep\n|turn|11\n|\n|t:|1731514192\n|move|p1b: Gholdengo|Nasty Plot|p1b: Gholdengo\n|-boost|p1b: Gholdengo|spa|2\n|move|p2b: Samurott|Night Slash|p1b: Gholdengo\n|-supereffective|p1b: Gholdengo\n|-damage|p1b: Gholdengo|0 fnt\n|faint|p1b: Gholdengo\n|\n|win|VGCNEOPHYTE\n|raw|ray4gej's rating: 1715 &rarr; <strong>1692<\/strong><br \/>(-23 for losing)\n|raw|VGCNEOPHYTE's rating: 1657 &rarr; <strong>1680<\/strong><br \/>(+23 for winning)\n|c|\u2606VGCNEOPHYTE|gg\n|c|\u2606ray4gej|Gg\n|l|\u2606VGCNEOPHYTE\n|player|p2|\n|c|\u2606ray4gej|What is your speed\n|l|\u2606ray4gej\n|player|p1|\n","uploadtime":1731514371,"views":32,"formatid":"gen9vgc2024regh","rating":1680,"private":0,"password":null}