{"id":"gen9vgc2024regh-2243704386","format":"[Gen 9] VGC 2024 Reg H","players":["VGCLTH Sir Aaron","hnn241"],"log":"|raw|<div class=\"broadcast-blue\"><strong>This battle is required to be public due to a player having a name starting with 'vgclth'.<\/div>\n|j|\u2606VGCLTH Sir Aaron\n|j|\u2606hnn241\n|t:|1731590287\n|gametype|doubles\n|player|p1|VGCLTH Sir Aaron|red-masters3|1712\n|player|p2|hnn241|lass-gen4dp|1779\n|teamsize|p1|6\n|teamsize|p2|6\n|gen|9\n|tier|[Gen 9] VGC 2024 Reg H\n|rated|\n|rule|Species Clause: Limit one of each Pok\u00e9mon\n|rule|Item Clause: Limit 1 of each item\n|clearpoke\n|poke|p1|Sableye, L50, F|\n|poke|p1|Sylveon, L50, F|\n|poke|p1|Archaludon, L50, M|\n|poke|p1|Volcarona, L50, M|\n|poke|p1|Rillaboom, L50, F|\n|poke|p1|Tauros-Paldea-Aqua, L50, M|\n|poke|p2|Tyranitar, L50, F|\n|poke|p2|Excadrill, L50, M|\n|poke|p2|Indeedee, L50, M|\n|poke|p2|Dragapult, L50, M|\n|poke|p2|Sneasler, L50, F|\n|poke|p2|Corviknight, L50, F|\n|teampreview|4\n|inactive|Battle timer is ON: inactive players will automatically lose when time's up. (requested by VGCLTH Sir Aaron)\n|j| Finabas\n|\n|t:|1731590360\n|start\n|switch|p1a: Snowblind|Sableye, L50, F|100\/100\n|switch|p1b: Shamonerona|Volcarona, L50, M, shiny|100\/100\n|switch|p2a: Sneasler|Sneasler, L50, F|100\/100\n|switch|p2b: Indeedee|Indeedee, L50, M|100\/100\n|-fieldstart|move: Psychic Terrain|[from] ability: Psychic Surge|[of] p2b: Indeedee\n|turn|1\n|inactive|hnn241 has 30 seconds left.\n|inactive|hnn241 has 20 seconds left.\n|inactive|hnn241 has 15 seconds left.\n|j| devi25\n|inactive|hnn241 has 10 seconds left.\n|\n|t:|1731590409\n|switch|p2b: Tyranitar|Tyranitar, L50, F|100\/100\n|-weather|Sandstorm|[from] ability: Sand Stream|[of] p2b: Tyranitar\n|move|p1a: Snowblind|Protect|p1a: Snowblind\n|-singleturn|p1a: Snowblind|Protect\n|move|p1b: Shamonerona|Protect|p1b: Shamonerona\n|-singleturn|p1b: Shamonerona|Protect\n|move|p2a: Sneasler|Dire Claw|p1b: Shamonerona\n|-activate|p1b: Shamonerona|move: Protect\n|\n|-weather|Sandstorm|[upkeep]\n|-damage|p2a: Sneasler|95\/100|[from] Sandstorm\n|-damage|p1b: Shamonerona|95\/100|[from] Sandstorm\n|-damage|p1a: Snowblind|95\/100|[from] Sandstorm\n|upkeep\n|turn|2\n|j| Mixam91\n|inactive|hnn241 has 30 seconds left.\n|inactive|hnn241 has 20 seconds left.\n|inactive|VGCLTH Sir Aaron has 30 seconds left.\n|\n|t:|1731590451\n|switch|p1b: Koko The Gorythmic|Rillaboom, L50, F|100\/100\n|-fieldstart|move: Grassy Terrain|[from] ability: Grassy Surge|[of] p1b: Koko The Gorythmic\n|move|p1a: Snowblind|Disable|p2a: Sneasler\n|-start|p2a: Sneasler|Disable|Dire Claw\n|move|p2a: Sneasler|Close Combat|p1b: Koko The Gorythmic\n|-damage|p1b: Koko The Gorythmic|43\/100\n|-unboost|p2a: Sneasler|def|1\n|-unboost|p2a: Sneasler|spd|1\n|-enditem|p2a: Sneasler|White Herb\n|-clearnegativeboost|p2a: Sneasler|[silent]\n|move|p2b: Tyranitar|Knock Off|p1a: Snowblind\n|-damage|p1a: Snowblind|29\/100\n|-enditem|p1a: Snowblind|Sitrus Berry|[from] move: Knock Off|[of] p2b: Tyranitar\n|\n|-weather|Sandstorm|[upkeep]\n|-damage|p2a: Sneasler|89\/100|[from] Sandstorm\n|-damage|p1b: Koko The Gorythmic|37\/100|[from] Sandstorm\n|-damage|p1a: Snowblind|24\/100|[from] Sandstorm\n|-heal|p2a: Sneasler|95\/100|[from] Grassy Terrain\n|-heal|p1b: Koko The Gorythmic|43\/100|[from] Grassy Terrain\n|-heal|p1a: Snowblind|29\/100|[from] Grassy Terrain\n|upkeep\n|turn|3\n|inactive|VGCLTH Sir Aaron has 30 seconds left.\n|inactive|hnn241 has 30 seconds left.\n|l| Finabas\n|\n|t:|1731590485\n|switch|p1b: Shamonerona|Volcarona, L50, M, shiny|95\/100\n|switch|p2b: Indeedee|Indeedee, L50, M|100\/100\n|-fieldstart|move: Psychic Terrain|[from] ability: Psychic Surge|[of] p2b: Indeedee\n|move|p1a: Snowblind|Protect|p1a: Snowblind\n|-singleturn|p1a: Snowblind|Protect\n|move|p2a: Sneasler|Close Combat|p1b: Shamonerona\n|-resisted|p1b: Shamonerona\n|-damage|p1b: Shamonerona|60\/100\n|-unboost|p2a: Sneasler|def|1\n|-unboost|p2a: Sneasler|spd|1\n|-status|p2a: Sneasler|brn|[from] ability: Flame Body|[of] p1b: Shamonerona\n|\n|-weather|Sandstorm|[upkeep]\n|-damage|p2a: Sneasler|89\/100 brn|[from] Sandstorm\n|-damage|p2b: Indeedee|95\/100|[from] Sandstorm\n|-damage|p1b: Shamonerona|54\/100|[from] Sandstorm\n|-damage|p1a: Snowblind|24\/100|[from] Sandstorm\n|-damage|p2a: Sneasler|83\/100 brn|[from] brn\n|upkeep\n|turn|4\n|inactive|hnn241 has 30 seconds left.\n|inactive|hnn241 has 20 seconds left.\n|\n|t:|1731590522\n|switch|p2a: Tyranitar|Tyranitar, L50, F|100\/100\n|switch|p1a: Koko The Gorythmic|Rillaboom, L50, F|43\/100\n|-fieldstart|move: Grassy Terrain|[from] ability: Grassy Surge|[of] p1a: Koko The Gorythmic\n|move|p2b: Indeedee|Trick|p1b: Shamonerona\n|-activate|p2b: Indeedee|move: Trick|[of] p1b: Shamonerona\n|-item|p1b: Shamonerona|Choice Scarf|[from] move: Trick\n|-item|p2b: Indeedee|Covert Cloak|[from] move: Trick\n|move|p1b: Shamonerona|Quiver Dance|p1b: Shamonerona\n|-boost|p1b: Shamonerona|spa|1\n|-boost|p1b: Shamonerona|spd|1\n|-boost|p1b: Shamonerona|spe|1\n|\n|-weather|Sandstorm|[upkeep]\n|-damage|p1b: Shamonerona|48\/100|[from] Sandstorm\n|-damage|p2b: Indeedee|89\/100|[from] Sandstorm\n|-damage|p1a: Koko The Gorythmic|37\/100|[from] Sandstorm\n|-heal|p1b: Shamonerona|54\/100|[from] Grassy Terrain\n|-heal|p2b: Indeedee|95\/100|[from] Grassy Terrain\n|-heal|p1a: Koko The Gorythmic|43\/100|[from] Grassy Terrain\n|upkeep\n|turn|5\n|inactive|VGCLTH Sir Aaron has 30 seconds left.\n|inactive|hnn241 has 30 seconds left.\n|\n|t:|1731590557\n|switch|p1b: Bullshifu|Tauros-Paldea-Aqua, L50, M, shiny|100\/100\n|-ability|p1b: Bullshifu|Intimidate|boost\n|-unboost|p2a: Tyranitar|atk|1\n|-unboost|p2b: Indeedee|atk|1\n|switch|p2b: Sneasler|Sneasler, L50, F|83\/100 brn\n|-terastallize|p2a: Tyranitar|Flying\n|move|p1a: Koko The Gorythmic|Wood Hammer|p2a: Tyranitar\n|-resisted|p2a: Tyranitar\n|-damage|p2a: Tyranitar|65\/100\n|-damage|p1a: Koko The Gorythmic|31\/100|[from] Recoil\n|move|p2a: Tyranitar|Tera Blast|p1a: Koko The Gorythmic|[anim] Tera Blast Flying\n|-supereffective|p1a: Koko The Gorythmic\n|-damage|p1a: Koko The Gorythmic|0 fnt\n|faint|p1a: Koko The Gorythmic\n|\n|-weather|none\n|-heal|p2b: Sneasler|89\/100 brn|[from] Grassy Terrain\n|-damage|p2b: Sneasler|83\/100 brn|[from] brn\n|upkeep\n|\n|t:|1731590568\n|switch|p1a: Shamonerona|Volcarona, L50, M, shiny|54\/100\n|turn|6\n|\n|t:|1731590586\n|move|p2b: Sneasler|Fake Out|p1b: Bullshifu\n|-damage|p1b: Bullshifu|93\/100\n|move|p1a: Shamonerona|Heat Wave|p2a: Tyranitar|[spread] p2b\n|-miss|p1a: Shamonerona|p2a: Tyranitar\n|-damage|p2b: Sneasler|42\/100 brn\n|cant|p1b: Bullshifu|flinch\n|move|p2a: Tyranitar|Tera Blast|p1a: Shamonerona|[anim] Tera Blast Flying\n|-supereffective|p1a: Shamonerona\n|-damage|p1a: Shamonerona|0 fnt\n|faint|p1a: Shamonerona\n|\n|-heal|p2b: Sneasler|48\/100 brn|[from] Grassy Terrain\n|-heal|p1b: Bullshifu|99\/100|[from] Grassy Terrain\n|-damage|p2b: Sneasler|42\/100 brn|[from] brn\n|upkeep\n|\n|t:|1731590598\n|switch|p1a: Snowblind|Sableye, L50, F|24\/100\n|turn|7\n|\n|t:|1731590613\n|move|p1a: Snowblind|Disable|p2a: Tyranitar\n|-start|p2a: Tyranitar|Disable|Tera Blast\n|move|p2b: Sneasler|Dire Claw|p1b: Bullshifu\n|-damage|p1b: Bullshifu|75\/100\n|-status|p1b: Bullshifu|slp\n|cant|p1b: Bullshifu|slp\n|cant|p2a: Tyranitar|Disable|Tera Blast\n|\n|-heal|p2b: Sneasler|48\/100 brn|[from] Grassy Terrain\n|-heal|p1b: Bullshifu|81\/100 slp|[from] Grassy Terrain\n|-heal|p1a: Snowblind|29\/100|[from] Grassy Terrain\n|-damage|p2b: Sneasler|42\/100 brn|[from] brn\n|upkeep\n|turn|8\n|-message|VGCLTH Sir Aaron forfeited.\n|\n|win|hnn241\n|raw|VGCLTH Sir Aaron's rating: 1712 &rarr; <strong>1696<\/strong><br \/>(-16 for losing)\n|raw|hnn241's rating: 1779 &rarr; <strong>1795<\/strong><br \/>(+16 for winning)\n|l|\u2606hnn241\n|player|p2|\n|l| Mixam91\n","uploadtime":1731590868,"views":20,"formatid":"gen9vgc2024regh","rating":1696,"private":0,"password":null}