{"id":"gen9vgc2024regh-2243710968","format":"[Gen 9] VGC 2024 Reg H","players":["labonto","VGCLTH Rishi"],"log":"|raw|<div class=\"broadcast-blue\"><strong>This battle is required to be public due to a player having a name starting with 'vgclth'.<\/div>\n|j|\u2606labonto\n|j|\u2606VGCLTH Rishi\n|t:|1731591077\n|gametype|doubles\n|player|p1|labonto|101|1680\n|player|p2|VGCLTH Rishi|shauntal|1781\n|teamsize|p1|6\n|teamsize|p2|6\n|gen|9\n|tier|[Gen 9] VGC 2024 Reg H\n|rated|\n|rule|Species Clause: Limit one of each Pok\u00e9mon\n|rule|Item Clause: Limit 1 of each item\n|clearpoke\n|poke|p1|Garchomp, L50, M|\n|poke|p1|Talonflame, L50, M|\n|poke|p1|Gholdengo, L50|\n|poke|p1|Tauros-Paldea-Aqua, L50, M|\n|poke|p1|Rotom-Frost, L50|\n|poke|p1|Abomasnow, L50, F|\n|poke|p2|Kommo-o, L50, M|\n|poke|p2|Rillaboom, L50, M|\n|poke|p2|Tyranitar, L50, M|\n|poke|p2|Talonflame, L50, M|\n|poke|p2|Gholdengo, L50|\n|poke|p2|Milotic, L50, M|\n|teampreview|4\n|j| Tsugia\n|\n|t:|1731591122\n|start\n|switch|p1a: Rotom|Rotom-Frost, L50, shiny|100\/100\n|switch|p1b: Abomasnow|Abomasnow, L50, F, shiny|100\/100\n|switch|p2a: Milotic|Milotic, L50, M|100\/100\n|switch|p2b: Talonflame|Talonflame, L50, M|100\/100\n|-weather|Snow|[from] ability: Snow Warning|[of] p1b: Abomasnow\n|turn|1\n|inactive|Battle timer is ON: inactive players will automatically lose when time's up. (requested by labonto)\n|j| IdkImScared\n|inactive|labonto has 60 seconds left.\n|inactive|VGCLTH Rishi has 60 seconds left.\n|l| Tsugia\n|\n|t:|1731591162\n|switch|p2a: Tyranitar|Tyranitar, L50, M|100\/100\n|-weather|Sandstorm|[from] ability: Sand Stream|[of] p2a: Tyranitar\n|-terastallize|p1b: Abomasnow|Water\n|move|p2b: Talonflame|Tailwind|p2b: Talonflame\n|-sidestart|p2: VGCLTH Rishi|move: Tailwind\n|move|p1a: Rotom|Blizzard|p2a: Tyranitar|[spread] \n|-miss|p1a: Rotom|p2a: Tyranitar\n|-miss|p1a: Rotom|p2b: Talonflame\n|move|p1b: Abomasnow|Leaf Storm|p2a: Tyranitar|[miss]\n|-miss|p1b: Abomasnow|p2a: Tyranitar\n|\n|-weather|Sandstorm|[upkeep]\n|-damage|p1a: Rotom|95\/100|[from] Sandstorm\n|-damage|p1b: Abomasnow|94\/100|[from] Sandstorm\n|upkeep\n|turn|2\n|\n|t:|1731591184\n|switch|p2b: Milotic|Milotic, L50, M|100\/100\n|switch|p1a: Garchomp|Garchomp, L50, M, shiny|100\/100\n|move|p2a: Tyranitar|Rock Slide|p1b: Abomasnow|[spread] p1a,p1b\n|-resisted|p1a: Garchomp\n|-damage|p1a: Garchomp|84\/100\n|-damage|p1b: Abomasnow|56\/100\n|move|p1b: Abomasnow|Leaf Storm|p2a: Tyranitar|[miss]\n|-miss|p1b: Abomasnow|p2a: Tyranitar\n|\n|-weather|Sandstorm|[upkeep]\n|-damage|p2b: Milotic|95\/100|[from] Sandstorm\n|-damage|p1b: Abomasnow|49\/100|[from] Sandstorm\n|upkeep\n|turn|3\n|inactive|labonto has 30 seconds left.\n|inactive|labonto has 20 seconds left.\n|inactive|labonto has 15 seconds left.\n|inactive|labonto has 10 seconds left.\n|inactive|labonto has 5 seconds left.\n|\n|t:|1731591237\n|switch|p1a: Rotom|Rotom-Frost, L50, shiny|95\/100\n|move|p2b: Milotic|Ice Beam|p1a: Rotom\n|-resisted|p1a: Rotom\n|-damage|p1a: Rotom|79\/100\n|move|p2a: Tyranitar|Knock Off|p1b: Abomasnow\n|-damage|p1b: Abomasnow|0 fnt\n|-enditem|p1b: Abomasnow|Eject Pack|[from] move: Knock Off|[of] p2a: Tyranitar\n|faint|p1b: Abomasnow\n|\n|-weather|Sandstorm|[upkeep]\n|-damage|p2b: Milotic|89\/100|[from] Sandstorm\n|-damage|p1a: Rotom|74\/100|[from] Sandstorm\n|upkeep\n|\n|t:|1731591252\n|switch|p1b: Talonflame|Talonflame, L50, M, shiny|100\/100\n|turn|4\n|inactive|labonto has 30 seconds left.\n|\n|t:|1731591278\n|move|p1b: Talonflame|Tailwind|p1b: Talonflame\n|-sidestart|p1: labonto|move: Tailwind\n|move|p1a: Rotom|Volt Switch|p2b: Milotic\n|-supereffective|p2b: Milotic\n|-damage|p2b: Milotic|11\/100\n|-enditem|p2b: Milotic|Sitrus Berry|[eat]\n|-heal|p2b: Milotic|36\/100|[from] item: Sitrus Berry\n|\n|t:|1731591284\n|switch|p1a: Garchomp|Garchomp, L50, M, shiny|84\/100|[from] Volt Switch\n|move|p2b: Milotic|Ice Beam|p1b: Talonflame\n|-damage|p1b: Talonflame|60\/100\n|move|p2a: Tyranitar|Rock Slide|p1b: Talonflame|[spread] p1a,p1b\n|-resisted|p1a: Garchomp\n|-supereffective|p1b: Talonflame\n|-damage|p1a: Garchomp|67\/100\n|-damage|p1b: Talonflame|0 fnt\n|faint|p1b: Talonflame\n|\n|-weather|Sandstorm|[upkeep]\n|-damage|p2b: Milotic|30\/100|[from] Sandstorm\n|-sideend|p2: VGCLTH Rishi|move: Tailwind\n|upkeep\n|\n|t:|1731591297\n|switch|p1b: Rotom|Rotom-Frost, L50, shiny|74\/100\n|turn|5\n|\n|t:|1731591319\n|-terastallize|p2a: Tyranitar|Flying\n|move|p1a: Garchomp|Outrage|p2b: Milotic\n|-damage|p2b: Milotic|0 fnt\n|faint|p2b: Milotic\n|move|p1b: Rotom|Discharge|p2a: Tyranitar|[spread] p2a\n|-immune|p1a: Garchomp\n|-supereffective|p2a: Tyranitar\n|-damage|p2a: Tyranitar|45\/100\n|-status|p2a: Tyranitar|par\n|move|p2a: Tyranitar|Knock Off|p1a: Garchomp\n|-damage|p1a: Garchomp|14\/100\n|-damage|p2a: Tyranitar|32\/100 par|[from] ability: Rough Skin|[of] p1a: Garchomp\n|-enditem|p1a: Garchomp|Choice Band|[from] move: Knock Off|[of] p2a: Tyranitar\n|\n|-weather|none\n|upkeep\n|\n|t:|1731591329\n|switch|p2b: Talonflame|Talonflame, L50, M|100\/100\n|turn|6\n|\n|t:|1731591340\n|move|p2b: Talonflame|Brave Bird|p1a: Garchomp\n|-crit|p1a: Garchomp\n|-damage|p1a: Garchomp|0 fnt\n|-damage|p2b: Talonflame|88\/100|[from] ability: Rough Skin|[of] p1a: Garchomp\n|faint|p1a: Garchomp\n|-damage|p2b: Talonflame|83\/100|[from] Recoil\n|move|p1b: Rotom|Discharge|p2b: Talonflame|[spread] p2a,p2b\n|-supereffective|p2a: Tyranitar\n|-crit|p2a: Tyranitar\n|-supereffective|p2b: Talonflame\n|-damage|p2a: Tyranitar|0 fnt\n|-damage|p2b: Talonflame|0 fnt\n|faint|p2a: Tyranitar\n|faint|p2b: Talonflame\n|\n|upkeep\n|\n|t:|1731591348\n|switch|p2b: Gholdengo|Gholdengo, L50|100\/100\n|turn|7\n|\n|t:|1731591354\n|move|p1b: Rotom|Discharge|p2b: Gholdengo\n|-damage|p2b: Gholdengo|28\/100\n|move|p2b: Gholdengo|Make It Rain|p1b: Rotom\n|-damage|p1b: Rotom|0 fnt\n|-unboost|p2b: Gholdengo|spa|1\n|faint|p1b: Rotom\n|\n|win|VGCLTH Rishi\n|raw|labonto's rating: 1680 &rarr; <strong>1666<\/strong><br \/>(-14 for losing)\n|raw|VGCLTH Rishi's rating: 1781 &rarr; <strong>1795<\/strong><br \/>(+14 for winning)\n|l|\u2606VGCLTH Rishi\n|player|p2|\n|l|\u2606labonto\n|player|p1|\n","uploadtime":1731591558,"views":24,"formatid":"gen9vgc2024regh","rating":1666,"private":0,"password":null}