{"id":"gen9vgc2024regh-2243944879","format":"[Gen 9] VGC 2024 Reg H","players":["Azun","VGCLTH John Pork"],"log":"|raw|<div class=\"broadcast-blue\"><strong>This battle is required to be public due to a player having a name starting with 'vgclth'.<\/div>\n|j|\u2606Azun\n|j|\u2606VGCLTH John Pork\n|t:|1731614126\n|gametype|doubles\n|player|p1|Azun|170|1680\n|player|p2|VGCLTH John Pork|ogreclan|1790\n|teamsize|p1|6\n|teamsize|p2|6\n|gen|9\n|tier|[Gen 9] VGC 2024 Reg H\n|rated|\n|rule|Species Clause: Limit one of each Pok\u00e9mon\n|rule|Item Clause: Limit 1 of each item\n|clearpoke\n|poke|p1|Ceruledge, L50, M|\n|poke|p1|Kingambit, L50, F|\n|poke|p1|Sneasler, L50, F|\n|poke|p1|Gyarados, L50, F|\n|poke|p1|Abomasnow, L50, M|\n|poke|p1|Garchomp, L50, F|\n|poke|p2|Whimsicott, L50, M|\n|poke|p2|Typhlosion-Hisui, L50, M|\n|poke|p2|Annihilape, L50, M|\n|poke|p2|Maushold-Four, L50|\n|poke|p2|Farigiraf, L50, M|\n|poke|p2|Ursaluna-Bloodmoon, L50, M|\n|teampreview|4\n|inactive|Battle timer is ON: inactive players will automatically lose when time's up. (requested by Azun)\n|inactive|Azun has 60 seconds left.\n|l|\u2606VGCLTH John Pork\n|inactive|VGCLTH John Pork disconnected and has a minute to reconnect!\n|player|p2|\n|j| volcaronavgc\n|inactive|Azun has 30 seconds left.\n|j| jlz04t1h\n|\n|t:|1731614196\n|start\n|switch|p1a: Sneasler|Sneasler, L50, F|100\/100\n|switch|p1b: Abomasnow|Abomasnow, L50, M|100\/100\n|switch|p2a: Their kindness is|Whimsicott, L50, M|100\/100\n|switch|p2b: Sedate|Maushold-Four, L50|100\/100\n|-weather|Snow|[from] ability: Snow Warning|[of] p1b: Abomasnow\n|turn|1\n|j|\u2606VGCLTH John Pork\n|inactive|VGCLTH John Pork reconnected and has 55 seconds left.\n|player|p2|VGCLTH John Pork|ogreclan|\n|\n|t:|1731614216\n|switch|p1b: Ceruledge|Ceruledge, L50, M|100\/100\n|-terastallize|p2a: Their kindness is|Ghost\n|move|p2b: Sedate|Protect|p2b: Sedate\n|-singleturn|p2b: Sedate|Protect\n|move|p2a: Their kindness is|Sunny Day|p2a: Their kindness is\n|-weather|SunnyDay\n|move|p1a: Sneasler|Coaching|p1b: Ceruledge\n|-boost|p1b: Ceruledge|atk|1\n|-boost|p1b: Ceruledge|def|1\n|\n|-weather|SunnyDay|[upkeep]\n|upkeep\n|turn|2\n|l| jlz04t1h\n|inactive|Azun has 30 seconds left.\n|\n|t:|1731614242\n|move|p1a: Sneasler|Protect|p1a: Sneasler\n|-singleturn|p1a: Sneasler|Protect\n|move|p2a: Their kindness is|Tailwind|p2a: Their kindness is\n|-sidestart|p2: VGCLTH John Pork|move: Tailwind\n|move|p2b: Sedate|Population Bomb|p1a: Sneasler\n|-activate|p1a: Sneasler|move: Protect\n|move|p1b: Ceruledge|Bitter Blade|p2b: Sedate\n|-damage|p2b: Sedate|0 fnt\n|faint|p2b: Sedate\n|\n|-weather|SunnyDay|[upkeep]\n|upkeep\n|\n|t:|1731614245\n|switch|p2b: Unashamed|Ursaluna-Bloodmoon, L50, M|100\/100\n|turn|3\n|inactive|Azun has 30 seconds left.\n|\n|t:|1731614274\n|move|p2a: Their kindness is|Moonblast|p1a: Sneasler\n|-damage|p1a: Sneasler|53\/100\n|move|p1a: Sneasler|Close Combat|p2b: Unashamed\n|-supereffective|p2b: Unashamed\n|-damage|p2b: Unashamed|6\/100\n|-unboost|p1a: Sneasler|def|1\n|-unboost|p1a: Sneasler|spd|1\n|move|p2b: Unashamed|Blood Moon|p1b: Ceruledge\n|-damage|p1b: Ceruledge|38\/100\n|-damage|p2b: Unashamed|0 fnt|[from] item: Life Orb\n|faint|p2b: Unashamed\n|move|p1b: Ceruledge|Bitter Blade|p2a: Their kindness is\n|-enditem|p2a: Their kindness is|Focus Sash\n|-damage|p2a: Their kindness is|1\/100\n|-heal|p1b: Ceruledge|75\/100|[from] drain|[of] p2a: Their kindness is\n|\n|-weather|SunnyDay|[upkeep]\n|upkeep\n|\n|t:|1731614282\n|switch|p2b: It\u2019s used to|Annihilape, L50, M|100\/100\n|turn|4\n|inactive|Azun has 30 seconds left.\n|\n|t:|1731614314\n|-terastallize|p1b: Ceruledge|Grass\n|move|p1b: Ceruledge|Shadow Sneak|p2a: Their kindness is\n|-supereffective|p2a: Their kindness is\n|-damage|p2a: Their kindness is|0 fnt\n|faint|p2a: Their kindness is\n|move|p2b: It\u2019s used to|Rage Fist|p1b: Ceruledge\n|-damage|p1b: Ceruledge|48\/100\n|move|p1a: Sneasler|Coaching|p1b: Ceruledge\n|-boost|p1b: Ceruledge|atk|1\n|-boost|p1b: Ceruledge|def|1\n|\n|-weather|SunnyDay|[upkeep]\n|upkeep\n|turn|5\n|\n|t:|1731614330\n|move|p1a: Sneasler|Protect|p1a: Sneasler\n|-singleturn|p1a: Sneasler|Protect\n|move|p2b: It\u2019s used to|Rage Fist|p1b: Ceruledge\n|-damage|p1b: Ceruledge|27\/100\n|move|p1b: Ceruledge|Bitter Blade|p2b: It\u2019s used to\n|-damage|p2b: It\u2019s used to|0 fnt\n|-heal|p1b: Ceruledge|78\/100|[from] drain|[of] p2b: It\u2019s used to\n|faint|p2b: It\u2019s used to\n|\n|win|Azun\n|raw|Azun's rating: 1680 &rarr; <strong>1706<\/strong><br \/>(+26 for winning)\n|raw|VGCLTH John Pork's rating: 1790 &rarr; <strong>1764<\/strong><br \/>(-26 for losing)\n|l| volcaronavgc\n|l|\u2606VGCLTH John Pork\n|player|p2|\n|l|\u2606Azun\n|player|p1|\n|j| volcaronavgc\n|l| volcaronavgc\n","uploadtime":1731614559,"views":45,"formatid":"gen9vgc2024regh","rating":1706,"private":0,"password":null}