{"id":"gen9vgc2024regh-2243710524","format":"[Gen 9] VGC 2024 Reg H","players":["VGCLTH Thacrow","redgannetVGC"],"log":"|raw|<div class=\"broadcast-blue\"><strong>This battle is required to be public due to a player having a name starting with 'vgclth'.<\/div>\n|j|\u2606VGCLTH Thacrow\n|j|\u2606redgannetVGC\n|t:|1731591026\n|gametype|doubles\n|player|p1|VGCLTH Thacrow|wallace-masters|1879\n|player|p2|redgannetVGC|265|1745\n|teamsize|p1|6\n|teamsize|p2|6\n|gen|9\n|tier|[Gen 9] VGC 2024 Reg H\n|rated|\n|rule|Species Clause: Limit one of each Pok\u00e9mon\n|rule|Item Clause: Limit 1 of each item\n|clearpoke\n|poke|p1|Ceruledge, L50, M|\n|poke|p1|Gastrodon-East, L50, F|\n|poke|p1|Sneasler, L50, F|\n|poke|p1|Dragonite, L50, F|\n|poke|p1|Rillaboom, L50, M|\n|poke|p1|Kingambit, L50, M|\n|poke|p2|Ninetales-Alola, L50, F|\n|poke|p2|Dragonite, L50, F|\n|poke|p2|Gholdengo, L50|\n|poke|p2|Magmar, L50, M|\n|poke|p2|Ursaluna-Bloodmoon, L50, M|\n|poke|p2|Annihilape, L50, M|\n|teampreview|4\nVGCLTH Thacrow has agreed to open team sheets.\n|inactive|Battle timer is ON: inactive players will automatically lose when time's up. (requested by redgannetVGC)\n|j| Mixam91\n|inactive|redgannetVGC has 60 seconds left.\n|\n|t:|1731591069\n|start\n|switch|p1a: Kidturtle|Sneasler, L50, F, shiny|100\/100\n|switch|p1b: Main Flutter|Dragonite, L50, F, shiny|100\/100\n|switch|p2a: Dragonite|Dragonite, L50, F|100\/100\n|switch|p2b: Magmar|Magmar, L50, M|100\/100\n|turn|1\n|j| mishtakesandflakes\n|j| VGCLTH Cuwutie\n|l| mishtakesandflakes\n|\n|t:|1731591087\n|switch|p1b: Christian|Ceruledge, L50, M|100\/100\n|-terastallize|p2a: Dragonite|Steel\n|move|p1a: Kidturtle|Fake Out|p2a: Dragonite\n|-resisted|p2a: Dragonite\n|-damage|p2a: Dragonite|96\/100\n|cant|p2a: Dragonite|flinch\n|move|p2b: Magmar|Clear Smog|p1b: Christian\n|-resisted|p1b: Christian\n|-damage|p1b: Christian|95\/100\n|-clearboost|p1b: Christian\n|\n|-heal|p1b: Christian|100\/100|[from] item: Leftovers\n|upkeep\n|turn|2\n|\n|t:|1731591110\n|move|p2b: Magmar|Follow Me|p2b: Magmar\n|-singleturn|p2b: Magmar|move: Follow Me\n|move|p1a: Kidturtle|Close Combat|p2b: Magmar\n|-damage|p2b: Magmar|53\/100\n|-unboost|p1a: Kidturtle|def|1\n|-unboost|p1a: Kidturtle|spd|1\n|move|p2a: Dragonite|Scale Shot|p1a: Kidturtle\n|-damage|p1a: Kidturtle|64\/100\n|-damage|p1a: Kidturtle|28\/100\n|-damage|p1a: Kidturtle|0 fnt\n|faint|p1a: Kidturtle\n|-hitcount|p1: Kidturtle|3\n|-unboost|p2a: Dragonite|def|1\n|-boost|p2a: Dragonite|spe|1\n|move|p1b: Christian|Bitter Blade|p2b: Magmar\n|-resisted|p2b: Magmar\n|-damage|p2b: Magmar|35\/100\n|\n|upkeep\n|\n|t:|1731591113\n|switch|p1a: Main Flutter|Dragonite, L50, F, shiny|100\/100\n|turn|3\n|j| Aldrich\n|inactive|redgannetVGC has 30 seconds left.\n|inactive|redgannetVGC has 20 seconds left.\n|\n|t:|1731591149\n|switch|p2b: Ninetales|Ninetales-Alola, L50, F|100\/100\n|-weather|Snow|[from] ability: Snow Warning|[of] p2b: Ninetales\n|-terastallize|p1a: Main Flutter|Fairy\n|move|p2a: Dragonite|Protect|p2a: Dragonite\n|-singleturn|p2a: Dragonite|Protect\n|move|p1a: Main Flutter|Scale Shot|p2b: Ninetales\n|-immune|p2b: Ninetales\n|move|p1b: Christian|Bitter Blade|p2a: Dragonite\n|-activate|p2a: Dragonite|move: Protect\n|\n|-weather|Snow|[upkeep]\n|upkeep\n|turn|4\n|inactive|redgannetVGC has 30 seconds left.\n|\n|t:|1731591176\n|move|p2a: Dragonite|Tailwind|p2a: Dragonite\n|-sidestart|p2: redgannetVGC|move: Tailwind\n|move|p2b: Ninetales|Aurora Veil|p2b: Ninetales\n|-sidestart|p2: redgannetVGC|move: Aurora Veil\n|move|p1a: Main Flutter|Scale Shot|p2a: Dragonite\n|-resisted|p2a: Dragonite\n|-damage|p2a: Dragonite|88\/100\n|-resisted|p2a: Dragonite\n|-damage|p2a: Dragonite|80\/100\n|-resisted|p2a: Dragonite\n|-damage|p2a: Dragonite|72\/100\n|-resisted|p2a: Dragonite\n|-damage|p2a: Dragonite|65\/100\n|-hitcount|p2a: Dragonite|4\n|-unboost|p1a: Main Flutter|def|1\n|-boost|p1a: Main Flutter|spe|1\n|move|p1b: Christian|Bitter Blade|p2a: Dragonite\n|-supereffective|p2a: Dragonite\n|-damage|p2a: Dragonite|0 fnt\n|faint|p2a: Dragonite\n|\n|-weather|Snow|[upkeep]\n|upkeep\n|\n|t:|1731591181\n|switch|p2a: Ursaluna|Ursaluna-Bloodmoon, L50, M|100\/100\n|turn|5\n|\n|t:|1731591194\n|move|p1a: Main Flutter|Protect|p1a: Main Flutter\n|-singleturn|p1a: Main Flutter|Protect\n|move|p2b: Ninetales|Icy Wind|p1a: Main Flutter|[spread] p1b\n|-activate|p1a: Main Flutter|move: Protect\n|-resisted|p1b: Christian\n|-damage|p1b: Christian|94\/100\n|-unboost|p1b: Christian|spe|1\n|move|p2a: Ursaluna|Earth Power|p1b: Christian\n|-supereffective|p1b: Christian\n|-crit|p1b: Christian\n|-damage|p1b: Christian|0 fnt\n|faint|p1b: Christian\n|\n|-weather|Snow|[upkeep]\n|upkeep\n|\n|t:|1731591199\n|switch|p1b: Godlyreal|Kingambit, L50, M|100\/100\n|turn|6\n|\n|t:|1731591211\n|move|p1a: Main Flutter|Protect||[still]\n|-fail|p1a: Main Flutter\n|move|p2b: Ninetales|Blizzard|p1a: Main Flutter|[spread] p1a,p1b\n|-resisted|p1b: Godlyreal\n|-damage|p1a: Main Flutter|87\/100\n|-damage|p1b: Godlyreal|93\/100\n|move|p2a: Ursaluna|Blood Moon|p1a: Main Flutter\n|-damage|p1a: Main Flutter|3\/100\n|move|p1b: Godlyreal|Iron Head|p2b: Ninetales\n|-supereffective|p2b: Ninetales\n|-damage|p2b: Ninetales|0 fnt\n|faint|p2b: Ninetales\n|\n|-weather|Snow|[upkeep]\n|upkeep\n|\n|t:|1731591221\n|switch|p2b: Magmar|Magmar, L50, M|35\/100\n|turn|7\n|\n|t:|1731591230\n|move|p2a: Ursaluna|Vacuum Wave|p1a: Main Flutter\n|-resisted|p1a: Main Flutter\n|-damage|p1a: Main Flutter|0 fnt\n|faint|p1a: Main Flutter\n|move|p2b: Magmar|Overheat|p1b: Godlyreal\n|-supereffective|p1b: Godlyreal\n|-damage|p1b: Godlyreal|34\/100\n|-unboost|p2b: Magmar|spa|2\n|move|p1b: Godlyreal|Kowtow Cleave|p2a: Ursaluna\n|-damage|p2a: Ursaluna|77\/100\n|\n|-weather|none\n|-sideend|p2: redgannetVGC|move: Tailwind\n|upkeep\n|turn|8\n|-message|VGCLTH Thacrow forfeited.\n|\n|win|redgannetVGC\n|raw|VGCLTH Thacrow's rating: 1879 &rarr; <strong>1852<\/strong><br \/>(-27 for losing)\n|raw|redgannetVGC's rating: 1745 &rarr; <strong>1772<\/strong><br \/>(+27 for winning)\n|c| VGCLTH Cuwutie|No way\n|l|\u2606VGCLTH Thacrow\n|player|p1|\n|l| Aldrich\n|j| vgclth souly\n|l| vgclth souly\n","uploadtime":1731591420,"views":31,"formatid":"gen9vgc2024regh","rating":1772,"private":0,"password":null}