{"id":"gen9vgc2024regh-2243698351","format":"[Gen 9] VGC 2024 Reg H","players":["Irina Avalon","VGCLTH Cuwutie"],"log":"|raw|<div class=\"broadcast-blue\"><strong>This battle is required to be public due to a player having a name starting with 'vgclth'.<\/div>\n|j|\u2606Irina Avalon\n|j|\u2606VGCLTH Cuwutie\n|t:|1731589524\n|gametype|doubles\n|player|p1|Irina Avalon|lady-gen4|1839\n|player|p2|VGCLTH Cuwutie|1|1807\n|teamsize|p1|6\n|teamsize|p2|6\n|gen|9\n|tier|[Gen 9] VGC 2024 Reg H\n|rated|\n|rule|Species Clause: Limit one of each Pok\u00e9mon\n|rule|Item Clause: Limit 1 of each item\n|clearpoke\n|poke|p1|Pelipper, L50, M|\n|poke|p1|Archaludon, L50, M|\n|poke|p1|Dragonite, L50, F|\n|poke|p1|Annihilape, L50, F|\n|poke|p1|Sinistcha, L50|\n|poke|p1|Gholdengo, L50|\n|poke|p2|Smeargle, L50, F|\n|poke|p2|Farigiraf, L50, M|\n|poke|p2|Maushold-Four, L50|\n|poke|p2|Torkoal, L50, F|\n|poke|p2|Ursaluna-Bloodmoon, L50, M|\n|poke|p2|Weezing-Galar, L50, M|\n|teampreview|4\n|j| thelasttheorem\n|\n|t:|1731589558\n|start\n|switch|p1a: Sinistcha|Sinistcha, L50|100\/100\n|switch|p1b: Gholdengo|Gholdengo, L50|100\/100\n|switch|p2a: Smeargle|Smeargle, L50, F|100\/100\n|switch|p2b: Farigiraf|Farigiraf, L50, M|100\/100\n|turn|1\n|\n|t:|1731589565\n|move|p2a: Smeargle|Wide Guard|p2a: Smeargle\n|-singleturn|p2a: Smeargle|Wide Guard\n|move|p1b: Gholdengo|Nasty Plot|p1b: Gholdengo\n|-boost|p1b: Gholdengo|spa|2\n|move|p1a: Sinistcha|Trick Room|p1a: Sinistcha\n|-fieldstart|move: Trick Room|[of] p1a: Sinistcha\n|move|p2b: Farigiraf|Trick Room|p2b: Farigiraf\n|-fieldend|move: Trick Room\n|\n|-ability|p2a: Smeargle|Moody|boost\n|-boost|p2a: Smeargle|atk|2\n|-unboost|p2a: Smeargle|def|1\n|-enditem|p2a: Smeargle|Eject Pack\n|upkeep\n|\n|t:|1731589571\n|switch|p2a: Torkoal|Torkoal, L50, F|100\/100\n|-weather|SunnyDay|[from] ability: Drought|[of] p2a: Torkoal\n|turn|2\n|\n|t:|1731589592\n|switch|p1a: Pelipper|Pelipper, L50, M|100\/100\n|-weather|RainDance|[from] ability: Drizzle|[of] p1a: Pelipper\n|switch|p2a: Smeargle|Smeargle, L50, F|100\/100\n|-terastallize|p1b: Gholdengo|Steel\n|-terastallize|p2b: Farigiraf|Water\n|move|p1b: Gholdengo|Make It Rain|p2b: Farigiraf|[spread] p2a,p2b\n|-resisted|p2b: Farigiraf\n|-damage|p2a: Smeargle|0 fnt\n|-damage|p2b: Farigiraf|25\/100\n|-unboost|p1b: Gholdengo|spa|1\n|faint|p2a: Smeargle\n|-damage|p1b: Gholdengo|91\/100|[from] item: Life Orb\n|move|p2b: Farigiraf|Trick Room|p2b: Farigiraf\n|-fieldstart|move: Trick Room|[of] p2b: Farigiraf\n|\n|-weather|RainDance|[upkeep]\n|upkeep\n|\n|t:|1731589596\n|switch|p2a: Torkoal|Torkoal, L50, F|100\/100\n|-weather|SunnyDay|[from] ability: Drought|[of] p2a: Torkoal\n|turn|3\n|\n|t:|1731589611\n|switch|p1a: Sinistcha|Sinistcha, L50|100\/100\n|-heal|p1b: Gholdengo|100\/100|[from] ability: Hospitality|[of] p1a: Sinistcha\n|move|p1b: Gholdengo|Protect|p1b: Gholdengo\n|-singleturn|p1b: Gholdengo|Protect\n|move|p2a: Torkoal|Eruption|p1b: Gholdengo|[spread] p1a\n|-activate|p1b: Gholdengo|move: Protect\n|-supereffective|p1a: Sinistcha\n|-damage|p1a: Sinistcha|0 fnt\n|faint|p1a: Sinistcha\n|move|p2b: Farigiraf|Twin Beam|p1b: Gholdengo\n|-activate|p1b: Gholdengo|move: Protect\n|\n|-weather|SunnyDay|[upkeep]\n|upkeep\n|\n|t:|1731589613\n|switch|p1a: Pelipper|Pelipper, L50, M|100\/100\n|-weather|RainDance|[from] ability: Drizzle|[of] p1a: Pelipper\n|turn|4\n|j| Finabas\n|\n|t:|1731589643\n|move|p2b: Farigiraf|Helping Hand|p2a: Torkoal\n|-singleturn|p2a: Torkoal|Helping Hand|[of] p2b: Farigiraf\n|move|p2a: Torkoal|Eruption|p1b: Gholdengo|[spread] p1a,p1b\n|-resisted|p1a: Pelipper\n|-supereffective|p1b: Gholdengo\n|-damage|p1a: Pelipper|49\/100\n|-damage|p1b: Gholdengo|0 fnt\n|faint|p1b: Gholdengo\n|move|p1a: Pelipper|Muddy Water|p2b: Farigiraf|[spread] p2a,p2b\n|-supereffective|p2a: Torkoal\n|-resisted|p2b: Farigiraf\n|-damage|p2a: Torkoal|0 fnt\n|-damage|p2b: Farigiraf|8\/100\n|-unboost|p2b: Farigiraf|accuracy|1\n|faint|p2a: Torkoal\n|\n|-weather|RainDance|[upkeep]\n|upkeep\n|\n|t:|1731589653\n|switch|p2a: Weezing|Weezing-Galar, L50, M|100\/100\n|switch|p1b: Annihilape|Annihilape, L50, F|100\/100\n|-ability|p2a: Weezing|Neutralizing Gas\n|turn|5\n|\n|t:|1731589661\n|move|p2b: Farigiraf|Helping Hand|p2a: Weezing\n|-singleturn|p2a: Weezing|Helping Hand|[of] p2b: Farigiraf\n|move|p2a: Weezing|Dazzling Gleam|p1a: Pelipper|[spread] p1a,p1b\n|-supereffective|p1b: Annihilape\n|-damage|p1a: Pelipper|0 fnt\n|-damage|p1b: Annihilape|10\/100\n|faint|p1a: Pelipper\n|move|p1b: Annihilape|Rage Fist|p2b: Farigiraf\n|-damage|p2b: Farigiraf|0 fnt\n|faint|p2b: Farigiraf\n|\n|-weather|RainDance|[upkeep]\n|upkeep\n|turn|6\n|\n|t:|1731589669\n|move|p2a: Weezing|Dazzling Gleam|p1b: Annihilape\n|-supereffective|p1b: Annihilape\n|-damage|p1b: Annihilape|0 fnt\n|faint|p1b: Annihilape\n|\n|win|VGCLTH Cuwutie\n|raw|Irina Avalon's rating: 1839 &rarr; <strong>1817<\/strong><br \/>(-22 for losing)\n|raw|VGCLTH Cuwutie's rating: 1807 &rarr; <strong>1829<\/strong><br \/>(+22 for winning)\n|l|\u2606Irina Avalon\n|player|p1|\n|l| thelasttheorem\n|l| Finabas\n","uploadtime":1731589902,"views":97,"formatid":"gen9vgc2024regh","rating":1817,"private":0,"password":null}