{"id":"gen9vgc2024regh-2243915052","format":"[Gen 9] VGC 2024 Reg H","players":["Gameplaya","googer315"],"log":"|j|\u2606Gameplaya\n|j|\u2606googer315\n|t:|1731611283\n|gametype|doubles\n|player|p1|Gameplaya|teamrocket|1721\n|player|p2|googer315|169|1746\n|teamsize|p1|6\n|teamsize|p2|6\n|gen|9\n|tier|[Gen 9] VGC 2024 Reg H\n|rated|\n|rule|Species Clause: Limit one of each Pok\u00e9mon\n|rule|Item Clause: Limit 1 of each item\n|clearpoke\n|poke|p1|Magmar, L50, F|\n|poke|p1|Murkrow, L50, M|\n|poke|p1|Ursaluna-Bloodmoon, L50, M|\n|poke|p1|Typhlosion-Hisui, L50, M|\n|poke|p1|Baxcalibur, L50, M|\n|poke|p1|Gyarados, L50, M|\n|poke|p2|Dondozo, L50, F|\n|poke|p2|Tatsugiri, L50, F|\n|poke|p2|Glimmora, L50, F|\n|poke|p2|Maushold, L50|\n|poke|p2|Annihilape, L50, F|\n|poke|p2|Gholdengo, L50|\n|teampreview|4\n|inactive|Battle timer is ON: inactive players will automatically lose when time's up. (requested by Gameplaya)\n|\n|t:|1731611309\n|start\n|switch|p1a: Magmar|Magmar, L50, F|100\/100\n|switch|p1b: Typhlosion|Typhlosion-Hisui, L50, M|100\/100\n|switch|p2a: Gholdengo|Gholdengo, L50|100\/100\n|switch|p2b: Glimmora|Glimmora, L50, F|100\/100\n|-item|p2a: Gholdengo|Choice Scarf|[from] ability: Frisk|[of] p1b: Typhlosion\n|-item|p2b: Glimmora|Focus Sash|[from] ability: Frisk|[of] p1b: Typhlosion\n|turn|1\n|inactive|Gameplaya has 30 seconds left.\n|inactive|Gameplaya has 20 seconds left.\n|inactive|Gameplaya has 15 seconds left.\n|inactive|Gameplaya has 10 seconds left.\n|\n|t:|1731611354\n|-terastallize|p1a: Magmar|Water\n|move|p1a: Magmar|Follow Me|p1a: Magmar\n|-singleturn|p1a: Magmar|move: Follow Me\n|move|p2a: Gholdengo|Shadow Ball|p1a: Magmar\n|-crit|p1a: Magmar\n|-damage|p1a: Magmar|46\/100\n|move|p1b: Typhlosion|Shadow Ball|p2a: Gholdengo\n|-supereffective|p2a: Gholdengo\n|-damage|p2a: Gholdengo|0 fnt\n|faint|p2a: Gholdengo\n|move|p2b: Glimmora|Power Gem|p1a: Magmar\n|-damage|p1a: Magmar|14\/100\n|\n|upkeep\n|\n|t:|1731611367\n|switch|p2a: Annihilape|Annihilape, L50, F|100\/100\n|turn|2\n|\n|t:|1731611379\n|move|p2a: Annihilape|Protect|p2a: Annihilape\n|-singleturn|p2a: Annihilape|Protect\n|move|p1a: Magmar|Follow Me|p1a: Magmar\n|-singleturn|p1a: Magmar|move: Follow Me\n|move|p1b: Typhlosion|Shadow Ball|p2a: Annihilape\n|-activate|p2a: Annihilape|move: Protect\n|move|p2b: Glimmora|Power Gem|p1a: Magmar\n|-damage|p1a: Magmar|0 fnt\n|faint|p1a: Magmar\n|\n|upkeep\n|\n|t:|1731611393\n|switch|p1a: Murkrow|Murkrow, L50, M|100\/100\n|turn|3\n|\n|t:|1731611413\n|switch|p2a: Maushold|Maushold, L50|100\/100\n|move|p1a: Murkrow|Tailwind|p1a: Murkrow\n|-sidestart|p1: Gameplaya|move: Tailwind\n|move|p1b: Typhlosion|Shadow Ball|p2a: Maushold\n|-immune|p2a: Maushold\n|move|p2b: Glimmora|Power Gem|p1b: Typhlosion\n|-supereffective|p1b: Typhlosion\n|-damage|p1b: Typhlosion|0 fnt\n|faint|p1b: Typhlosion\n|\n|upkeep\n|\n|t:|1731611425\n|switch|p1b: Ursaluna|Ursaluna-Bloodmoon, L50, M|100\/100\n|turn|4\n|\n|t:|1731611438\n|move|p2a: Maushold|Protect|p2a: Maushold\n|-singleturn|p2a: Maushold|Protect\n|move|p2b: Glimmora|Spiky Shield|p2b: Glimmora\n|-singleturn|p2b: Glimmora|move: Protect\n|move|p1a: Murkrow|Foul Play|p2a: Maushold\n|-activate|p2a: Maushold|move: Protect\n|move|p1b: Ursaluna|Hyper Voice|p2a: Maushold|[spread] \n|-activate|p2a: Maushold|move: Protect\n|-activate|p2b: Glimmora|move: Protect\n|\n|upkeep\n|turn|5\n|\n|t:|1731611461\n|move|p1a: Murkrow|Foul Play|p2b: Glimmora\n|-damage|p2b: Glimmora|87\/100\n|-activate|p2b: Glimmora|ability: Toxic Debris\n|-sidestart|p1: Gameplaya|move: Toxic Spikes\n|move|p1b: Ursaluna|Blood Moon|p2a: Maushold\n|-damage|p2a: Maushold|0 fnt\n|faint|p2a: Maushold\n|-damage|p1b: Ursaluna|91\/100|[from] item: Life Orb\n|move|p2b: Glimmora|Power Gem|p1a: Murkrow\n|-supereffective|p1a: Murkrow\n|-enditem|p1a: Murkrow|Focus Sash\n|-damage|p1a: Murkrow|1\/100\n|\n|upkeep\n|\n|t:|1731611474\n|switch|p2a: Annihilape|Annihilape, L50, F|100\/100\n|turn|6\n|inactive|Gameplaya has 30 seconds left.\n|\n|t:|1731611503\n|move|p2b: Glimmora|Spiky Shield|p2b: Glimmora\n|-singleturn|p2b: Glimmora|move: Protect\n|move|p1a: Murkrow|Foul Play|p2a: Annihilape\n|-damage|p2a: Annihilape|61\/100\n|move|p1b: Ursaluna|Earth Power|p2b: Glimmora\n|-activate|p2b: Glimmora|move: Protect\n|move|p2a: Annihilape|Drain Punch|p1b: Ursaluna\n|-supereffective|p1b: Ursaluna\n|-damage|p1b: Ursaluna|34\/100\n|-heal|p2a: Annihilape|86\/100|[from] drain|[of] p1b: Ursaluna\n|\n|-sideend|p1: Gameplaya|move: Tailwind\n|upkeep\n|turn|7\n|inactive|Gameplaya has 30 seconds left.\n|\n|t:|1731611529\n|move|p1a: Murkrow|Tailwind|p1a: Murkrow\n|-sidestart|p1: Gameplaya|move: Tailwind\n|move|p1b: Ursaluna|Earth Power|p2b: Glimmora\n|-supereffective|p2b: Glimmora\n|-damage|p2b: Glimmora|0 fnt\n|faint|p2b: Glimmora\n|-damage|p1b: Ursaluna|24\/100|[from] item: Life Orb\n|move|p2a: Annihilape|Drain Punch|p1b: Ursaluna\n|-supereffective|p1b: Ursaluna\n|-damage|p1b: Ursaluna|0 fnt\n|-heal|p2a: Annihilape|97\/100|[from] drain|[of] p1b: Ursaluna\n|faint|p1b: Ursaluna\n|\n|upkeep\n|turn|8\n|\n|t:|1731611545\n|move|p2a: Annihilape|Protect|p2a: Annihilape\n|-singleturn|p2a: Annihilape|Protect\n|move|p1a: Murkrow|Foul Play|p2a: Annihilape\n|-activate|p2a: Annihilape|move: Protect\n|\n|upkeep\n|turn|9\n|\n|t:|1731611553\n|move|p1a: Murkrow|Foul Play|p2a: Annihilape\n|-damage|p2a: Annihilape|60\/100\n|move|p2a: Annihilape|Drain Punch|p1a: Murkrow\n|-damage|p1a: Murkrow|0 fnt\n|-heal|p2a: Annihilape|61\/100|[from] drain|[of] p1a: Murkrow\n|faint|p1a: Murkrow\n|\n|win|googer315\n|raw|Gameplaya's rating: 1721 &rarr; <strong>1702<\/strong><br \/>(-19 for losing)\n|raw|googer315's rating: 1746 &rarr; <strong>1765<\/strong><br \/>(+19 for winning)\n|l|\u2606Gameplaya\n|player|p1|\n|l|\u2606googer315\n|player|p2|\n","uploadtime":1731611795,"views":28,"formatid":"gen9vgc2024regh","rating":1702,"private":0,"password":null}