{"id":"gen9vgc2024regh-2243085989","format":"[Gen 9] VGC 2024 Reg H","players":["VGCLTH MINAMISIMP","Delightl"],"log":"|raw|<div class=\"broadcast-blue\"><strong>This battle is required to be public due to a player having a name starting with 'vgclth'.<\/div>\n|j|\u2606VGCLTH MINAMISIMP\n|j|\u2606Delightl\n|t:|1731510381\n|gametype|doubles\n|player|p1|VGCLTH MINAMISIMP|miku-water|1761\n|player|p2|Delightl|unknownf|1764\n|teamsize|p1|6\n|teamsize|p2|6\n|gen|9\n|tier|[Gen 9] VGC 2024 Reg H\n|rated|\n|rule|Species Clause: Limit one of each Pok\u00e9mon\n|rule|Item Clause: Limit 1 of each item\n|clearpoke\n|poke|p1|Archaludon, L50, M|\n|poke|p1|Pelipper, L50, F|\n|poke|p1|Electabuzz, L50, F|\n|poke|p1|Kingambit, L50, F|\n|poke|p1|Rillaboom, L50, F|\n|poke|p1|Basculegion, L50, M|\n|poke|p2|Amoonguss, L50, M|\n|poke|p2|Incineroar, L50, F|\n|poke|p2|Volcarona, L50, M|\n|poke|p2|Dragapult, L50, M|\n|poke|p2|Kingambit, L50, F|\n|poke|p2|Primarina, L50, M|\n|teampreview|4\n|inactive|Battle timer is ON: inactive players will automatically lose when time's up. (requested by VGCLTH MINAMISIMP)\n|\n|t:|1731510405\n|start\n|switch|p1a: Pelipper|Pelipper, L50, F|100\/100\n|switch|p1b: Basculegion|Basculegion, L50, M|100\/100\n|switch|p2a: Volcarona|Volcarona, L50, M, shiny|100\/100\n|switch|p2b: Primarina|Primarina, L50, M|100\/100\n|-weather|RainDance|[from] ability: Drizzle|[of] p1a: Pelipper\n|turn|1\n|\n|t:|1731510415\n|move|p2a: Volcarona|Protect|p2a: Volcarona\n|-singleturn|p2a: Volcarona|Protect\n|move|p1b: Basculegion|Flip Turn|p2b: Primarina\n|-resisted|p2b: Primarina\n|-damage|p2b: Primarina|59\/100\n|\n|t:|1731510420\n|switch|p1b: Archaludon|Archaludon, L50, M|100\/100|[from] Flip Turn\n|move|p1a: Pelipper|Hurricane|p2a: Volcarona\n|-activate|p2a: Volcarona|move: Protect\n|move|p2b: Primarina|Moonblast|p1b: Archaludon\n|-damage|p1b: Archaludon|35\/100\n|-unboost|p1b: Archaludon|spa|1\n|-ability|p1b: Archaludon|Stamina|boost\n|-boost|p1b: Archaludon|def|1\n|-damage|p2b: Primarina|49\/100|[from] item: Life Orb\n|\n|-weather|RainDance|[upkeep]\n|-heal|p1b: Archaludon|42\/100|[from] item: Leftovers\n|upkeep\n|turn|2\n|\n|t:|1731510428\n|-terastallize|p2a: Volcarona|Grass\n|move|p2a: Volcarona|Quiver Dance|p2a: Volcarona\n|-boost|p2a: Volcarona|spa|1\n|-boost|p2a: Volcarona|spd|1\n|-boost|p2a: Volcarona|spe|1\n|move|p1a: Pelipper|Hurricane|p2a: Volcarona\n|-supereffective|p2a: Volcarona\n|-damage|p2a: Volcarona|30\/100\n|move|p1b: Archaludon|Electro Shot||[still]\n|-prepare|p1b: Archaludon|Electro Shot\n|-boost|p1b: Archaludon|spa|1\n|-anim|p1b: Archaludon|Electro Shot|p2b: Primarina\n|-supereffective|p2b: Primarina\n|-damage|p2b: Primarina|0 fnt\n|faint|p2b: Primarina\n|\n|-weather|RainDance|[upkeep]\n|-heal|p2a: Volcarona|36\/100|[from] item: Leftovers\n|-heal|p1b: Archaludon|48\/100|[from] item: Leftovers\n|upkeep\n|j| vgclth souly\n|j| DonShitDozo\n|\n|t:|1731510443\n|switch|p2b: Incineroar|Incineroar, L50, F|100\/100\n|-ability|p2b: Incineroar|Intimidate|boost\n|-unboost|p1a: Pelipper|atk|1\n|-unboost|p1b: Archaludon|atk|1\n|turn|3\n|\n|t:|1731510454\n|switch|p1a: Rillaboom|Rillaboom, L50, F|100\/100\n|-fieldstart|move: Grassy Terrain|[from] ability: Grassy Surge|[of] p1a: Rillaboom\n|move|p2b: Incineroar|Fake Out|p1a: Rillaboom\n|-damage|p1a: Rillaboom|91\/100\n|move|p2a: Volcarona|Quiver Dance|p2a: Volcarona\n|-boost|p2a: Volcarona|spa|1\n|-boost|p2a: Volcarona|spd|1\n|-boost|p2a: Volcarona|spe|1\n|move|p1b: Archaludon|Electro Shot||[still]\n|-prepare|p1b: Archaludon|Electro Shot\n|-boost|p1b: Archaludon|spa|1\n|-anim|p1b: Archaludon|Electro Shot|p2b: Incineroar\n|-damage|p2b: Incineroar|58\/100\n|\n|-weather|RainDance|[upkeep]\n|-heal|p2a: Volcarona|42\/100|[from] Grassy Terrain\n|-heal|p2a: Volcarona|48\/100|[from] item: Leftovers\n|-heal|p1a: Rillaboom|97\/100|[from] Grassy Terrain\n|-heal|p1b: Archaludon|54\/100|[from] Grassy Terrain\n|-heal|p1b: Archaludon|60\/100|[from] item: Leftovers\n|-heal|p2b: Incineroar|64\/100|[from] Grassy Terrain\n|upkeep\n|turn|4\n|j| Zordor\n|inactive|VGCLTH MINAMISIMP has 30 seconds left.\n|\n|t:|1731510480\n|switch|p2b: Amoonguss|Amoonguss, L50, M|100\/100\n|move|p2a: Volcarona|Protect|p2a: Volcarona\n|-singleturn|p2a: Volcarona|Protect\n|move|p1a: Rillaboom|Wood Hammer|p2a: Volcarona\n|-activate|p2a: Volcarona|move: Protect\n|move|p1b: Archaludon|Electro Shot||[still]\n|-prepare|p1b: Archaludon|Electro Shot\n|-boost|p1b: Archaludon|spa|1\n|-anim|p1b: Archaludon|Electro Shot|p2b: Amoonguss\n|-resisted|p2b: Amoonguss\n|-damage|p2b: Amoonguss|73\/100\n|\n|-weather|RainDance|[upkeep]\n|-heal|p2a: Volcarona|53\/100|[from] Grassy Terrain\n|-heal|p2a: Volcarona|59\/100|[from] item: Leftovers\n|-heal|p1a: Rillaboom|100\/100|[from] Grassy Terrain\n|-heal|p1b: Archaludon|67\/100|[from] Grassy Terrain\n|-heal|p1b: Archaludon|73\/100|[from] item: Leftovers\n|-heal|p2b: Amoonguss|79\/100|[from] Grassy Terrain\n|upkeep\n|turn|5\n|\n|t:|1731510505\n|move|p2b: Amoonguss|Rage Powder|p2b: Amoonguss\n|-singleturn|p2b: Amoonguss|move: Rage Powder\n|move|p2a: Volcarona|Heat Wave|p1a: Rillaboom|[spread] p1a,p1b\n|-supereffective|p1a: Rillaboom\n|-damage|p1a: Rillaboom|43\/100\n|-damage|p1b: Archaludon|40\/100\n|-ability|p1b: Archaludon|Stamina|boost\n|-boost|p1b: Archaludon|def|1\n|move|p1a: Rillaboom|Wood Hammer|p2a: Volcarona\n|-resisted|p2a: Volcarona\n|-damage|p2a: Volcarona|10\/100\n|-status|p1a: Rillaboom|brn|[from] ability: Flame Body|[of] p2a: Volcarona\n|-damage|p1a: Rillaboom|29\/100 brn|[from] Recoil\n|move|p1b: Archaludon|Flash Cannon|p2b: Amoonguss\n|-damage|p2b: Amoonguss|27\/100\n|\n|-weather|none\n|-heal|p2a: Volcarona|16\/100|[from] Grassy Terrain\n|-heal|p2a: Volcarona|22\/100|[from] item: Leftovers\n|-heal|p1a: Rillaboom|35\/100 brn|[from] Grassy Terrain\n|-heal|p1b: Archaludon|46\/100|[from] Grassy Terrain\n|-heal|p1b: Archaludon|52\/100|[from] item: Leftovers\n|-heal|p2b: Amoonguss|33\/100|[from] Grassy Terrain\n|-damage|p1a: Rillaboom|29\/100 brn|[from] brn\n|upkeep\n|turn|6\n|j| ChinaDragonVGC\n|\n|t:|1731510524\n|switch|p1a: Pelipper|Pelipper, L50, F|100\/100\n|-weather|RainDance|[from] ability: Drizzle|[of] p1a: Pelipper\n|move|p2b: Amoonguss|Rage Powder|p2b: Amoonguss\n|-singleturn|p2b: Amoonguss|move: Rage Powder\n|move|p2a: Volcarona|Giga Drain|p1a: Pelipper\n|-enditem|p1a: Pelipper|Focus Sash\n|-damage|p1a: Pelipper|1\/100\n|-heal|p2a: Volcarona|61\/100|[from] drain|[of] p1a: Pelipper\n|move|p1b: Archaludon|Flash Cannon|p2b: Amoonguss\n|-damage|p2b: Amoonguss|0 fnt\n|faint|p2b: Amoonguss\n|\n|-weather|RainDance|[upkeep]\n|-heal|p2a: Volcarona|67\/100|[from] Grassy Terrain\n|-heal|p2a: Volcarona|72\/100|[from] item: Leftovers\n|-heal|p1b: Archaludon|58\/100|[from] Grassy Terrain\n|-heal|p1b: Archaludon|65\/100|[from] item: Leftovers\n|upkeep\n|\n|t:|1731510527\n|switch|p2b: Incineroar|Incineroar, L50, F|64\/100\n|-ability|p2b: Incineroar|Intimidate|boost\n|-unboost|p1a: Pelipper|atk|1\n|-unboost|p1b: Archaludon|atk|1\n|turn|7\n|j| stewpeed\n|\n|t:|1731510537\n|move|p2b: Incineroar|Fake Out|p1b: Archaludon\n|-resisted|p1b: Archaludon\n|-damage|p1b: Archaludon|62\/100\n|-ability|p1b: Archaludon|Stamina|boost\n|-boost|p1b: Archaludon|def|1\n|move|p2a: Volcarona|Heat Wave|p1b: Archaludon|[spread] p1a,p1b\n|-resisted|p1a: Pelipper\n|-damage|p1a: Pelipper|0 fnt\n|-damage|p1b: Archaludon|25\/100\n|-ability|p1b: Archaludon|Stamina|boost\n|-boost|p1b: Archaludon|def|1\n|faint|p1a: Pelipper\n|cant|p1b: Archaludon|flinch\n|\n|-weather|RainDance|[upkeep]\n|-heal|p2a: Volcarona|78\/100|[from] Grassy Terrain\n|-heal|p2a: Volcarona|84\/100|[from] item: Leftovers\n|-heal|p1b: Archaludon|31\/100|[from] Grassy Terrain\n|-heal|p1b: Archaludon|37\/100|[from] item: Leftovers\n|-heal|p2b: Incineroar|70\/100|[from] Grassy Terrain\n|-fieldend|move: Grassy Terrain\n|upkeep\n|\n|t:|1731510549\n|switch|p1a: Basculegion|Basculegion, L50, M|100\/100\n|turn|8\n|\n|t:|1731510558\n|-terastallize|p1a: Basculegion|Grass\n|move|p2a: Volcarona|Giga Drain|p1a: Basculegion\n|-resisted|p1a: Basculegion\n|-damage|p1a: Basculegion|62\/100\n|-heal|p2a: Volcarona|100\/100|[from] drain|[of] p1a: Basculegion\n|move|p1a: Basculegion|Last Respects|p2a: Volcarona\n|-damage|p2a: Volcarona|4\/100\n|move|p1b: Archaludon|Electro Shot||[still]\n|-prepare|p1b: Archaludon|Electro Shot\n|-boost|p1b: Archaludon|spa|1\n|-anim|p1b: Archaludon|Electro Shot|p2b: Incineroar\n|-damage|p2b: Incineroar|0 fnt\n|faint|p2b: Incineroar\n|\n|-weather|RainDance|[upkeep]\n|-heal|p2a: Volcarona|10\/100|[from] item: Leftovers\n|-heal|p1b: Archaludon|44\/100|[from] item: Leftovers\n|upkeep\n|turn|9\n|\n|t:|1731510570\n|move|p2a: Volcarona|Heat Wave|p1a: Basculegion|[spread] p1a,p1b\n|-supereffective|p1a: Basculegion\n|-damage|p1a: Basculegion|0 fnt\n|-damage|p1b: Archaludon|10\/100\n|-status|p1b: Archaludon|brn\n|-ability|p1b: Archaludon|Stamina|boost\n|-boost|p1b: Archaludon|def|1\n|faint|p1a: Basculegion\n|move|p1b: Archaludon|Flash Cannon|p2a: Volcarona\n|-damage|p2a: Volcarona|0 fnt\n|faint|p2a: Volcarona\n|\n|win|VGCLTH MINAMISIMP\n|raw|VGCLTH MINAMISIMP's rating: 1761 &rarr; <strong>1781<\/strong><br \/>(+20 for winning)\n|raw|Delightl's rating: 1764 &rarr; <strong>1744<\/strong><br \/>(-20 for losing)\n|c|\u2606VGCLTH MINAMISIMP|gg\n|l|\u2606VGCLTH MINAMISIMP\n|player|p1|\n|l|\u2606Delightl\n|player|p2|\n|l| Zordor\n|l| DonShitDozo\n|l| ChinaDragonVGC\n|l| vgclth souly\n","uploadtime":1731510757,"views":19,"formatid":"gen9vgc2024regh","rating":1744,"private":0,"password":null}