{"id":"gen9vgc2024regh-2243187025","format":"[Gen 9] VGC 2024 Reg H","players":["VGCLTH Slow","vgclth chromate"],"log":"|raw|<div class=\"broadcast-blue\"><strong>This battle is required to be public due to a player having a name starting with 'vgclth'.<\/div>\n|j|\u2606VGCLTH Slow\n|j|\u2606vgclth chromate\n|t:|1731520156\n|gametype|doubles\n|player|p1|VGCLTH Slow|skier|1672\n|player|p2|vgclth chromate|allister|1756\n|teamsize|p1|6\n|teamsize|p2|6\n|gen|9\n|tier|[Gen 9] VGC 2024 Reg H\n|rated|\n|rule|Species Clause: Limit one of each Pok\u00e9mon\n|rule|Item Clause: Limit 1 of each item\n|clearpoke\n|poke|p1|Sableye, L50, M|\n|poke|p1|Sylveon, L50, M|\n|poke|p1|Archaludon, L50, F|\n|poke|p1|Volcarona, L50, M|\n|poke|p1|Rillaboom, L50, F|\n|poke|p1|Tauros-Paldea-Aqua, L50, M|\n|poke|p2|Archaludon, L50, F|\n|poke|p2|Pelipper, L50, F|\n|poke|p2|Basculegion, L50, M|\n|poke|p2|Gholdengo, L50|\n|poke|p2|Incineroar, L50, M|\n|poke|p2|Amoonguss, L50, F|\n|teampreview|4\nVGCLTH Slow has agreed to open team sheets.\n|c|\u2606VGCLTH Slow|Glhf\n|\n|t:|1731520187\n|start\n|switch|p1a: Koko The Gorythmic|Rillaboom, L50, F|100\/100\n|switch|p1b: Shamonerona|Volcarona, L50, M, shiny|100\/100\n|switch|p2a: Incineroar|Incineroar, L50, M|100\/100\n|switch|p2b: Archaludon|Archaludon, L50, F|100\/100\n|-fieldstart|move: Grassy Terrain|[from] ability: Grassy Surge|[of] p1a: Koko The Gorythmic\n|-ability|p2a: Incineroar|Intimidate|boost\n|-unboost|p1a: Koko The Gorythmic|atk|1\n|-unboost|p1b: Shamonerona|atk|1\n|turn|1\n|j| ale cog\n|\n|t:|1731520209\n|switch|p1a: Snowblind|Sableye, L50, M|100\/100\n|switch|p2b: Pelipper|Pelipper, L50, F|100\/100\n|-weather|RainDance|[from] ability: Drizzle|[of] p2b: Pelipper\n|move|p1b: Shamonerona|Quiver Dance|p1b: Shamonerona\n|-boost|p1b: Shamonerona|spa|1\n|-boost|p1b: Shamonerona|spd|1\n|-boost|p1b: Shamonerona|spe|1\n|move|p2a: Incineroar|Knock Off|p1b: Shamonerona\n|-damage|p1b: Shamonerona|46\/100\n|-enditem|p1b: Shamonerona|Covert Cloak|[from] move: Knock Off|[of] p2a: Incineroar\n|\n|-weather|RainDance|[upkeep]\n|-heal|p1b: Shamonerona|51\/100|[from] Grassy Terrain\n|upkeep\n|turn|2\n|\n|t:|1731520243\n|switch|p1a: Koko The Gorythmic|Rillaboom, L50, F|100\/100\n|move|p1b: Shamonerona|Protect|p1b: Shamonerona\n|-singleturn|p1b: Shamonerona|Protect\n|move|p2b: Pelipper|Protect|p2b: Pelipper\n|-singleturn|p2b: Pelipper|Protect\n|move|p2a: Incineroar|Flare Blitz|p1b: Shamonerona\n|-activate|p1b: Shamonerona|move: Protect\n|\n|-weather|RainDance|[upkeep]\n|-heal|p1b: Shamonerona|57\/100|[from] Grassy Terrain\n|upkeep\n|turn|3\n|\n|t:|1731520278\n|move|p1a: Koko The Gorythmic|Grassy Glide|p2b: Pelipper\n|-damage|p2b: Pelipper|45\/100\n|move|p1b: Shamonerona|Giga Drain|p2b: Pelipper\n|-damage|p2b: Pelipper|0 fnt\n|-heal|p1b: Shamonerona|73\/100|[from] drain|[of] p2b: Pelipper\n|faint|p2b: Pelipper\n|move|p2a: Incineroar|Flare Blitz|p1b: Shamonerona\n|-damage|p1b: Shamonerona|41\/100\n|-damage|p2a: Incineroar|90\/100|[from] Recoil\n|\n|-weather|RainDance|[upkeep]\n|-heal|p1b: Shamonerona|47\/100|[from] Grassy Terrain\n|-heal|p2a: Incineroar|96\/100|[from] Grassy Terrain\n|upkeep\n|\n|t:|1731520282\n|switch|p2b: Archaludon|Archaludon, L50, F|100\/100\n|turn|4\n|\n|t:|1731520306\n|move|p1b: Shamonerona|Protect|p1b: Shamonerona\n|-singleturn|p1b: Shamonerona|Protect\n|move|p1a: Koko The Gorythmic|High Horsepower|p2a: Incineroar\n|-supereffective|p2a: Incineroar\n|-damage|p2a: Incineroar|35\/100\n|move|p2a: Incineroar|Knock Off|p1a: Koko The Gorythmic\n|-damage|p1a: Koko The Gorythmic|56\/100\n|-enditem|p1a: Koko The Gorythmic|Assault Vest|[from] move: Knock Off|[of] p2a: Incineroar\n|move|p2b: Archaludon|Electro Shot||[still]\n|-prepare|p2b: Archaludon|Electro Shot\n|-boost|p2b: Archaludon|spa|1\n|-anim|p2b: Archaludon|Electro Shot|p1a: Koko The Gorythmic\n|-resisted|p1a: Koko The Gorythmic\n|-damage|p1a: Koko The Gorythmic|18\/100\n|\n|-weather|RainDance|[upkeep]\n|-heal|p1b: Shamonerona|53\/100|[from] Grassy Terrain\n|-heal|p1a: Koko The Gorythmic|24\/100|[from] Grassy Terrain\n|-heal|p2a: Incineroar|41\/100|[from] Grassy Terrain\n|upkeep\n|turn|5\n|\n|t:|1731520327\n|switch|p2a: Amoonguss|Amoonguss, L50, F|100\/100\n|-terastallize|p1b: Shamonerona|Grass\n|move|p1b: Shamonerona|Quiver Dance|p1b: Shamonerona\n|-boost|p1b: Shamonerona|spa|1\n|-boost|p1b: Shamonerona|spd|1\n|-boost|p1b: Shamonerona|spe|1\n|move|p1a: Koko The Gorythmic|High Horsepower|p2a: Amoonguss\n|-damage|p2a: Amoonguss|75\/100\n|move|p2b: Archaludon|Electro Shot||[still]\n|-prepare|p2b: Archaludon|Electro Shot\n|-boost|p2b: Archaludon|spa|1\n|-anim|p2b: Archaludon|Electro Shot|p1b: Shamonerona\n|-resisted|p1b: Shamonerona\n|-damage|p1b: Shamonerona|36\/100\n|\n|-weather|none\n|-heal|p1b: Shamonerona|41\/100|[from] Grassy Terrain\n|-heal|p1a: Koko The Gorythmic|30\/100|[from] Grassy Terrain\n|-heal|p2a: Amoonguss|81\/100|[from] Grassy Terrain\n|-fieldend|move: Grassy Terrain\n|upkeep\n|turn|6\n|\n|t:|1731520343\n|-terastallize|p2a: Amoonguss|Water\n|move|p1b: Shamonerona|Heat Wave|p2a: Amoonguss|[spread] p2a,p2b\n|-resisted|p2a: Amoonguss\n|-damage|p2a: Amoonguss|47\/100\n|-damage|p2b: Archaludon|53\/100\n|-ability|p2b: Archaludon|Stamina|boost\n|-boost|p2b: Archaludon|def|1\n|-enditem|p2a: Amoonguss|Sitrus Berry|[eat]\n|-heal|p2a: Amoonguss|72\/100|[from] item: Sitrus Berry\n|move|p1a: Koko The Gorythmic|Wood Hammer|p2a: Amoonguss\n|-supereffective|p2a: Amoonguss\n|-damage|p2a: Amoonguss|0 fnt\n|faint|p2a: Amoonguss\n|-damage|p1a: Koko The Gorythmic|4\/100|[from] Recoil\n|move|p2b: Archaludon|Dragon Pulse|p1b: Shamonerona\n|-damage|p1b: Shamonerona|3\/100\n|\n|upkeep\n|\n|t:|1731520354\n|switch|p2a: Incineroar|Incineroar, L50, M|41\/100\n|-ability|p2a: Incineroar|Intimidate|boost\n|-unboost|p1a: Koko The Gorythmic|atk|1\n|-unboost|p1b: Shamonerona|atk|1\n|turn|7\n|\n|t:|1731520382\n|switch|p1a: Snowblind|Sableye, L50, M|100\/100\n|move|p1b: Shamonerona|Protect|p1b: Shamonerona\n|-singleturn|p1b: Shamonerona|Protect\n|move|p2a: Incineroar|Fake Out|p1b: Shamonerona\n|-activate|p1b: Shamonerona|move: Protect\n|move|p2b: Archaludon|Dragon Pulse|p1a: Snowblind\n|-damage|p1a: Snowblind|0 fnt\n|faint|p1a: Snowblind\n|\n|upkeep\n|\n|t:|1731520395\n|switch|p1a: Koko The Gorythmic|Rillaboom, L50, F|4\/100\n|-fieldstart|move: Grassy Terrain|[from] ability: Grassy Surge|[of] p1a: Koko The Gorythmic\n|turn|8\n|\n|t:|1731520403\n|move|p1b: Shamonerona|Heat Wave|p2b: Archaludon|[spread] p2b\n|-miss|p1b: Shamonerona|p2a: Incineroar\n|-damage|p2b: Archaludon|6\/100\n|-ability|p2b: Archaludon|Stamina|boost\n|-boost|p2b: Archaludon|def|1\n|move|p1a: Koko The Gorythmic|High Horsepower|p2a: Incineroar\n|-supereffective|p2a: Incineroar\n|-damage|p2a: Incineroar|0 fnt\n|faint|p2a: Incineroar\n|move|p2b: Archaludon|Body Press|p1b: Shamonerona\n|-damage|p1b: Shamonerona|0 fnt\n|-status|p2b: Archaludon|brn|[from] ability: Flame Body|[of] p1b: Shamonerona\n|faint|p1b: Shamonerona\n|\n|-heal|p1a: Koko The Gorythmic|10\/100|[from] Grassy Terrain\n|-heal|p2b: Archaludon|12\/100 brn|[from] Grassy Terrain\n|-damage|p2b: Archaludon|6\/100 brn|[from] brn\n|upkeep\n|\n|t:|1731520407\n|switch|p1b: Forklift Certified|Archaludon, L50, F, shiny|100\/100\n|turn|9\n|-message|vgclth chromate forfeited.\n|\n|win|VGCLTH Slow\n|raw|VGCLTH Slow's rating: 1672 &rarr; <strong>1697<\/strong><br \/>(+25 for winning)\n|raw|vgclth chromate's rating: 1756 &rarr; <strong>1731<\/strong><br \/>(-25 for losing)\n|l|\u2606vgclth chromate\n|player|p2|\n","uploadtime":1731520409,"views":23,"formatid":"gen9vgc2024regh","rating":1697,"private":0,"password":null}