{"id":"gen9vgc2024regh-2243842118","format":"[Gen 9] VGC 2024 Reg H","players":["ohnokoko","VGCLTH Rishi"],"log":"|raw|<div class=\"broadcast-blue\"><strong>This battle is required to be public due to a player having a name starting with 'vgclth'.<\/div>\n|j|\u2606ohnokoko\n|j|\u2606VGCLTH Rishi\n|t:|1731604424\n|gametype|doubles\n|player|p1|ohnokoko|265|1677\n|player|p2|VGCLTH Rishi|shauntal|1867\n|teamsize|p1|6\n|teamsize|p2|6\n|gen|9\n|tier|[Gen 9] VGC 2024 Reg H\n|rated|\n|rule|Species Clause: Limit one of each Pok\u00e9mon\n|rule|Item Clause: Limit 1 of each item\n|clearpoke\n|poke|p1|Sneasler, L50, F|\n|poke|p1|Gholdengo, L50|\n|poke|p1|Rillaboom, L50, M|\n|poke|p1|Electabuzz, L50, M|\n|poke|p1|Pelipper, L50, F|\n|poke|p1|Basculegion, L50, M|\n|poke|p2|Kommo-o, L50, F|\n|poke|p2|Rillaboom, L50, M|\n|poke|p2|Tyranitar, L50, M|\n|poke|p2|Talonflame, L50, F|\n|poke|p2|Gholdengo, L50|\n|poke|p2|Milotic, L50, M|\n|teampreview|4\n|inactive|Battle timer is ON: inactive players will automatically lose when time's up. (requested by ohnokoko)\n|j| VGCLTH John Pork\n|\n|t:|1731604478\n|start\n|switch|p1a: Gholdengo|Gholdengo, L50|100\/100\n|switch|p1b: Electabuzz|Electabuzz, L50, M|100\/100\n|switch|p2a: Gholdengo|Gholdengo, L50|100\/100\n|switch|p2b: Talonflame|Talonflame, L50, F|100\/100\n|turn|1\n|l| VGCLTH John Pork\n|inactive|VGCLTH Rishi has 30 seconds left.\n|inactive|VGCLTH Rishi has 20 seconds left.\n|inactive|VGCLTH Rishi has 15 seconds left.\n|\n|t:|1731604520\n|-terastallize|p2a: Gholdengo|Steel\n|-terastallize|p1a: Gholdengo|Water\n|move|p2b: Talonflame|Tailwind|p2b: Talonflame\n|-sidestart|p2: VGCLTH Rishi|move: Tailwind\n|move|p2a: Gholdengo|Make It Rain|p1a: Gholdengo|[spread] p1a,p1b\n|-resisted|p1a: Gholdengo\n|-resisted|p1b: Electabuzz\n|-damage|p1a: Gholdengo|57\/100\n|-damage|p1b: Electabuzz|64\/100\n|-unboost|p2a: Gholdengo|spa|1\n|move|p1b: Electabuzz|Electroweb|p2b: Talonflame|[spread] p2a\n|-miss|p1b: Electabuzz|p2b: Talonflame\n|-damage|p2a: Gholdengo|84\/100\n|-unboost|p2a: Gholdengo|spe|1\n|move|p1a: Gholdengo|Nasty Plot|p1a: Gholdengo\n|-boost|p1a: Gholdengo|spa|2\n|\n|upkeep\n|turn|2\n|inactive|VGCLTH Rishi has 30 seconds left.\n|\n|t:|1731604551\n|switch|p2a: Tyranitar|Tyranitar, L50, M|100\/100\n|-weather|Sandstorm|[from] ability: Sand Stream|[of] p2a: Tyranitar\n|move|p1a: Gholdengo|Protect|p1a: Gholdengo\n|-singleturn|p1a: Gholdengo|Protect\n|move|p2b: Talonflame|Flare Blitz|p1a: Gholdengo\n|-activate|p1a: Gholdengo|move: Protect\n|move|p1b: Electabuzz|Electroweb|p2a: Tyranitar|[spread] p2a\n|-miss|p1b: Electabuzz|p2b: Talonflame\n|-damage|p2a: Tyranitar|94\/100\n|-unboost|p2a: Tyranitar|spe|1\n|\n|-weather|Sandstorm|[upkeep]\n|-damage|p1b: Electabuzz|58\/100|[from] Sandstorm\n|-damage|p1a: Gholdengo|51\/100|[from] Sandstorm\n|upkeep\n|turn|3\n|\n|t:|1731604569\n|switch|p1b: Pelipper|Pelipper, L50, F|100\/100\n|-weather|RainDance|[from] ability: Drizzle|[of] p1b: Pelipper\n|move|p2b: Talonflame|Flare Blitz|p1a: Gholdengo\n|-resisted|p1a: Gholdengo\n|-damage|p1a: Gholdengo|40\/100\n|-enditem|p1a: Gholdengo|Sitrus Berry|[eat]\n|-heal|p1a: Gholdengo|65\/100|[from] item: Sitrus Berry\n|-damage|p2b: Talonflame|96\/100|[from] Recoil\n|move|p2a: Tyranitar|Rock Slide|p1a: Gholdengo|[spread] p1a,p1b\n|-supereffective|p1b: Pelipper\n|-damage|p1a: Gholdengo|41\/100\n|-damage|p1b: Pelipper|15\/100\n|move|p1a: Gholdengo|Make It Rain|p2b: Talonflame|[spread] p2a,p2b\n|-supereffective|p2a: Tyranitar\n|-resisted|p2b: Talonflame\n|-damage|p2a: Tyranitar|0 fnt\n|-damage|p2b: Talonflame|21\/100\n|-unboost|p1a: Gholdengo|spa|1\n|faint|p2a: Tyranitar\n|\n|-weather|RainDance|[upkeep]\n|upkeep\n|\n|t:|1731604588\n|switch|p2a: Gholdengo|Gholdengo, L50, tera:Steel|84\/100\n|turn|4\n|inactive|ohnokoko has 30 seconds left.\n|\n|t:|1731604616\n|switch|p1b: Electabuzz|Electabuzz, L50, M|58\/100\n|move|p2b: Talonflame|Protect|p2b: Talonflame\n|-singleturn|p2b: Talonflame|Protect\n|move|p2a: Gholdengo|Make It Rain|p1a: Gholdengo|[spread] p1a,p1b\n|-resisted|p1a: Gholdengo\n|-resisted|p1b: Electabuzz\n|-damage|p1a: Gholdengo|0 fnt\n|-damage|p1b: Electabuzz|18\/100\n|-unboost|p2a: Gholdengo|spa|1\n|faint|p1a: Gholdengo\n|\n|-weather|RainDance|[upkeep]\n|-sideend|p2: VGCLTH Rishi|move: Tailwind\n|upkeep\n|\n|t:|1731604622\n|switch|p1a: Basculegion|Basculegion, L50, M|100\/100\n|turn|5\n|inactive|ohnokoko has 30 seconds left.\n|inactive|VGCLTH Rishi has 30 seconds left.\n|inactive|ohnokoko has 20 seconds left.\n|inactive|VGCLTH Rishi has 20 seconds left.\n|inactive|ohnokoko has 15 seconds left.\n|\n|t:|1731604667\n|move|p1a: Basculegion|Wave Crash|p2b: Talonflame\n|-supereffective|p2b: Talonflame\n|-damage|p2b: Talonflame|0 fnt\n|faint|p2b: Talonflame\n|-damage|p1a: Basculegion|95\/100|[from] Recoil\n|move|p2a: Gholdengo|Make It Rain|p1b: Electabuzz|[spread] p1a,p1b\n|-resisted|p1a: Basculegion\n|-resisted|p1b: Electabuzz\n|-damage|p1a: Basculegion|57\/100\n|-damage|p1b: Electabuzz|0 fnt\n|-unboost|p2a: Gholdengo|spa|1\n|faint|p1b: Electabuzz\n|\n|-weather|RainDance|[upkeep]\n|upkeep\n|\n|t:|1731604676\n|switch|p2b: Milotic|Milotic, L50, M|100\/100\n|switch|p1b: Pelipper|Pelipper, L50, F|15\/100\n|turn|6\n|\n|t:|1731604694\n|move|p1a: Basculegion|Wave Crash|p2a: Gholdengo\n|-damage|p2a: Gholdengo|0 fnt\n|faint|p2a: Gholdengo\n|-damage|p1a: Basculegion|34\/100|[from] Recoil\n|move|p1b: Pelipper|Hurricane|p2b: Milotic\n|-crit|p2b: Milotic\n|-damage|p2b: Milotic|46\/100\n|-enditem|p2b: Milotic|Sitrus Berry|[eat]\n|-heal|p2b: Milotic|70\/100|[from] item: Sitrus Berry\n|move|p2b: Milotic|Scald|p1a: Basculegion\n|-resisted|p1a: Basculegion\n|-damage|p1a: Basculegion|5\/100\n|\n|-weather|RainDance|[upkeep]\n|upkeep\n|turn|7\n|\n|t:|1731604709\n|move|p2b: Milotic|Protect|p2b: Milotic\n|-singleturn|p2b: Milotic|Protect\n|move|p1a: Basculegion|Wave Crash|p2b: Milotic\n|-activate|p2b: Milotic|move: Protect\n|move|p1b: Pelipper|Hurricane|p2b: Milotic\n|-activate|p2b: Milotic|move: Protect\n|\n|-weather|none\n|upkeep\n|turn|8\n|\n|t:|1731604716\n|move|p1b: Pelipper|Hurricane|p2b: Milotic|[miss]\n|-miss|p1b: Pelipper|p2b: Milotic\n|move|p1a: Basculegion|Wave Crash|p2b: Milotic\n|-resisted|p2b: Milotic\n|-damage|p2b: Milotic|30\/100\n|-damage|p1a: Basculegion|0 fnt|[from] Recoil\n|faint|p1a: Basculegion\n|move|p2b: Milotic|Ice Beam|p1b: Pelipper\n|-damage|p1b: Pelipper|0 fnt\n|faint|p1b: Pelipper\n|\n|win|VGCLTH Rishi\n|raw|ohnokoko's rating: 1677 &rarr; <strong>1667<\/strong><br \/>(-10 for losing)\n|raw|VGCLTH Rishi's rating: 1867 &rarr; <strong>1877<\/strong><br \/>(+10 for winning)\n|l|\u2606ohnokoko\n|player|p1|\n|l|\u2606VGCLTH Rishi\n|player|p2|\n|j|\u2606VGCLTH Rishi\n|player|p2|VGCLTH Rishi|shauntal|\n|l|\u2606VGCLTH Rishi\n|player|p2|\n|j| vgclth souly\n|l| vgclth souly\n","uploadtime":1731604886,"views":25,"formatid":"gen9vgc2024regh","rating":1667,"private":0,"password":null}