{"id":"gen9vgc2024regh-2243619511","format":"[Gen 9] VGC 2024 Reg H","players":["blobbymcgee","Calamella"],"log":"|j|\u203dblobbymcgee\n|j|\u2606Calamella\n|t:|1731576899\n|gametype|doubles\n|player|p1|blobbymcgee|depotagent|1729\n|player|p2|Calamella|102|1717\n|teamsize|p1|6\n|teamsize|p2|6\n|gen|9\n|tier|[Gen 9] VGC 2024 Reg H\n|rated|\n|rule|Species Clause: Limit one of each Pok\u00e9mon\n|rule|Item Clause: Limit 1 of each item\n|clearpoke\n|poke|p1|Farigiraf, L50, M|\n|poke|p1|Amoonguss, L50, M|\n|poke|p1|Incineroar, L50, M|\n|poke|p1|Ursaluna-Bloodmoon, L50, M|\n|poke|p1|Whimsicott, L50, F|\n|poke|p1|Annihilape, L50, M|\n|poke|p2|Greninja-*, L50, M|\n|poke|p2|Archaludon, L50, F|\n|poke|p2|Annihilape, L50, F|\n|poke|p2|Pelipper, L50, F|\n|poke|p2|Rillaboom, L50, F|\n|poke|p2|Sneasler, L50, F|\n|teampreview|4\n|inactive|Battle timer is ON: inactive players will automatically lose when time's up. (requested by blobbymcgee)\n|\n|t:|1731576952\n|start\n|switch|p1a: Whimsicott|Whimsicott, L50, F, shiny|100\/100\n|switch|p1b: Annihilape|Annihilape, L50, M, shiny|100\/100\n|switch|p2a: Greninja|Greninja, L50, M|100\/100\n|switch|p2b: Annihilape|Annihilape, L50, F|100\/100\n|turn|1\n|\n|t:|1731576975\n|-terastallize|p1b: Annihilape|Water\n|move|p1a: Whimsicott|Tailwind|p1a: Whimsicott\n|-sidestart|p1: blobbymcgee|move: Tailwind\n|move|p2a: Greninja|Water Shuriken|p2b: Annihilape\n|-start|p2a: Greninja|typechange|Water|[from] ability: Protean\n|-damage|p2b: Annihilape|92\/100\n|-damage|p2b: Annihilape|85\/100\n|-damage|p2b: Annihilape|78\/100\n|-damage|p2b: Annihilape|72\/100\n|-hitcount|p2b: Annihilape|4\n|move|p1b: Annihilape|Bulk Up|p1b: Annihilape\n|-boost|p1b: Annihilape|atk|1\n|-boost|p1b: Annihilape|def|1\n|move|p2b: Annihilape|Rage Fist|p1b: Annihilape\n|-damage|p1b: Annihilape|19\/100\n|\n|-heal|p1b: Annihilape|25\/100|[from] item: Leftovers\n|upkeep\n|turn|2\n|j| Satansinlaw\n|inactive|blobbymcgee has 30 seconds left.\n|inactive|Calamella has 30 seconds left.\n|\n|t:|1731577003\n|switch|p2b: Pelipper|Pelipper, L50, F|100\/100\n|-weather|RainDance|[from] ability: Drizzle|[of] p2b: Pelipper\n|move|p2a: Greninja|Water Shuriken|p1b: Annihilape\n|-resisted|p1b: Annihilape\n|-damage|p1b: Annihilape|21\/100\n|-resisted|p1b: Annihilape\n|-damage|p1b: Annihilape|16\/100\n|-resisted|p1b: Annihilape\n|-damage|p1b: Annihilape|11\/100\n|-resisted|p1b: Annihilape\n|-damage|p1b: Annihilape|5\/100\n|-hitcount|p1b: Annihilape|4\n|move|p1a: Whimsicott|Moonblast|p2a: Greninja\n|-damage|p2a: Greninja|62\/100\n|move|p1b: Annihilape|Rage Fist|p2b: Pelipper\n|-enditem|p2b: Pelipper|Focus Sash\n|-damage|p2b: Pelipper|1\/100\n|\n|-weather|RainDance|[upkeep]\n|-heal|p1b: Annihilape|12\/100|[from] item: Leftovers\n|upkeep\n|turn|3\n|\n|t:|1731577020\n|move|p1b: Annihilape|Protect|p1b: Annihilape\n|-singleturn|p1b: Annihilape|Protect\n|move|p2a: Greninja|Water Shuriken|p1b: Annihilape\n|-activate|p1b: Annihilape|move: Protect\n|move|p1a: Whimsicott|Moonblast|p2b: Pelipper\n|-damage|p2b: Pelipper|0 fnt\n|faint|p2b: Pelipper\n|\n|-weather|RainDance|[upkeep]\n|-heal|p1b: Annihilape|18\/100|[from] item: Leftovers\n|upkeep\n|j| mr pogostick\n|n|\u203dblobbymcgee|blobbymcgee\n|n|\u203dblobbymcgee|blobbymcgee\n|\n|t:|1731577037\n|switch|p2b: Archaludon|Archaludon, L50, F|100\/100\n|turn|4\n|\n|t:|1731577047\n|-terastallize|p2b: Archaludon|Grass\n|move|p1a: Whimsicott|Sunny Day|p1a: Whimsicott\n|-weather|SunnyDay\n|move|p2a: Greninja|Water Shuriken|p1b: Annihilape\n|-resisted|p1b: Annihilape\n|-damage|p1b: Annihilape|16\/100\n|-resisted|p1b: Annihilape\n|-damage|p1b: Annihilape|15\/100\n|-resisted|p1b: Annihilape\n|-damage|p1b: Annihilape|13\/100\n|-resisted|p1b: Annihilape\n|-damage|p1b: Annihilape|12\/100\n|-hitcount|p1b: Annihilape|4\n|move|p1b: Annihilape|Rage Fist|p2b: Archaludon\n|-damage|p2b: Archaludon|0 fnt\n|faint|p2b: Archaludon\n|\n|-weather|SunnyDay|[upkeep]\n|-heal|p1b: Annihilape|18\/100|[from] item: Leftovers\n|-sideend|p1: blobbymcgee|move: Tailwind\n|upkeep\n|\n|t:|1731577060\n|switch|p2b: Annihilape|Annihilape, L50, F|72\/100\n|turn|5\n|\n|t:|1731577073\n|move|p1a: Whimsicott|Tailwind|p1a: Whimsicott\n|-sidestart|p1: blobbymcgee|move: Tailwind\n|move|p1b: Annihilape|Rage Fist|p2b: Annihilape\n|-supereffective|p2b: Annihilape\n|-damage|p2b: Annihilape|0 fnt\n|faint|p2b: Annihilape\n|move|p2a: Greninja|Sludge Wave|p1a: Whimsicott|[spread] p1a,p1b\n|-supereffective|p1a: Whimsicott\n|-damage|p1a: Whimsicott|0 fnt\n|-damage|p1b: Annihilape|0 fnt\n|faint|p1a: Whimsicott\n|faint|p1b: Annihilape\n|\n|-weather|SunnyDay|[upkeep]\n|upkeep\n|\n|t:|1731577081\n|switch|p1a: Ursaluna|Ursaluna-Bloodmoon, L50, M|100\/100\n|switch|p1b: Incineroar|Incineroar, L50, M|100\/100\n|-ability|p1b: Incineroar|Intimidate|boost\n|-unboost|p2a: Greninja|atk|1\n|turn|6\n|\n|t:|1731577087\n|move|p2a: Greninja|Protect|p2a: Greninja\n|-singleturn|p2a: Greninja|Protect\n|move|p1b: Incineroar|Fake Out|p2a: Greninja\n|-activate|p2a: Greninja|move: Protect\n|move|p1a: Ursaluna|Earth Power|p2a: Greninja\n|-activate|p2a: Greninja|move: Protect\n|\n|-weather|SunnyDay|[upkeep]\n|upkeep\n|turn|7\n|\n|t:|1731577099\n|move|p2a: Greninja|Water Shuriken|p1a: Ursaluna\n|-supereffective|p1a: Ursaluna\n|-damage|p1a: Ursaluna|94\/100\n|-supereffective|p1a: Ursaluna\n|-damage|p1a: Ursaluna|86\/100\n|-supereffective|p1a: Ursaluna\n|-damage|p1a: Ursaluna|78\/100\n|-supereffective|p1a: Ursaluna\n|-damage|p1a: Ursaluna|69\/100\n|-hitcount|p1a: Ursaluna|4\n|move|p1a: Ursaluna|Blood Moon|p2a: Greninja\n|-damage|p2a: Greninja|0 fnt\n|faint|p2a: Greninja\n|-damage|p1a: Ursaluna|60\/100|[from] item: Life Orb\n|\n|win|blobbymcgee\n|raw|blobbymcgee's rating: 1729 &rarr; <strong>1748<\/strong><br \/>(+19 for winning)\n|raw|Calamella's rating: 1717 &rarr; <strong>1698<\/strong><br \/>(-19 for losing)\n|l|\u2606Calamella\n|player|p2|\n|l|\u203dblobbymcgee\n|player|p1|\n|l| mr pogostick\n|l| Satansinlaw\n","uploadtime":1731577264,"views":18,"formatid":"gen9vgc2024regh","rating":1698,"private":0,"password":null}