{"id":"gen9vgc2024regh-2243139042","format":"[Gen 9] VGC 2024 Reg H","players":["VGCLTH <1000ELO","bgc0"],"log":"|raw|<div class=\"broadcast-blue\"><strong>This battle is required to be public due to a player having a name starting with 'vgclth'.<\/div>\n|j|\u2606VGCLTH <1000ELO\n|j|\u2606bgc0\n|t:|1731515599\n|gametype|doubles\n|player|p1|VGCLTH <1000ELO|1|1754\n|player|p2|bgc0|steven|1870\n|teamsize|p1|6\n|teamsize|p2|6\n|gen|9\n|tier|[Gen 9] VGC 2024 Reg H\n|rated|\n|rule|Species Clause: Limit one of each Pok\u00e9mon\n|rule|Item Clause: Limit 1 of each item\n|clearpoke\n|poke|p1|Dondozo, L50, M|\n|poke|p1|Tatsugiri, L50, F|\n|poke|p1|Dragonite, L50, M|\n|poke|p1|Gholdengo, L50|\n|poke|p1|Glimmora, L50, F|\n|poke|p1|Talonflame, L50, F|\n|poke|p2|Espathra, L50, F|\n|poke|p2|Archaludon, L50, M|\n|poke|p2|Incineroar, L50, M|\n|poke|p2|Ninetales-Alola, L50, F|\n|poke|p2|Murkrow, L50, M|\n|poke|p2|Amoonguss, L50, M|\n|teampreview|4\n|inactive|Battle timer is ON: inactive players will automatically lose when time's up. (requested by VGCLTH <1000ELO)\n|\n|t:|1731515614\n|start\n|switch|p1a: Dragonite|Dragonite, L50, M|100\/100\n|switch|p1b: Glimmora|Glimmora, L50, F|100\/100\n|switch|p2a: Espathra|Espathra, L50, F|100\/100\n|switch|p2b: Archaludon|Archaludon, L50, M, shiny|100\/100\n|turn|1\n|inactive|VGCLTH <1000ELO has 30 seconds left.\n|\n|t:|1731515647\n|-terastallize|p1a: Dragonite|Normal\n|move|p2a: Espathra|Protect|p2a: Espathra\n|-singleturn|p2a: Espathra|Protect\n|move|p2b: Archaludon|Protect|p2b: Archaludon\n|-singleturn|p2b: Archaludon|Protect\n|move|p1a: Dragonite|Extreme Speed|p2a: Espathra\n|-activate|p2a: Espathra|move: Protect\n|move|p1b: Glimmora|Earth Power|p2b: Archaludon\n|-activate|p2b: Archaludon|move: Protect\n|\n|-ability|p2a: Espathra|Speed Boost|boost\n|-boost|p2a: Espathra|spe|1\n|upkeep\n|turn|2\n|\n|t:|1731515666\n|move|p1a: Dragonite|Extreme Speed|p2a: Espathra\n|-enditem|p2a: Espathra|Focus Sash\n|-damage|p2a: Espathra|1\/100\n|move|p2a: Espathra|Lumina Crash|p1a: Dragonite\n|-damage|p1a: Dragonite|84\/100\n|-unboost|p1a: Dragonite|spd|2\n|move|p2b: Archaludon|Aura Sphere|p1a: Dragonite\n|-supereffective|p1a: Dragonite\n|-damage|p1a: Dragonite|0 fnt\n|faint|p1a: Dragonite\n|move|p1b: Glimmora|Earth Power|p2b: Archaludon\n|-supereffective|p2b: Archaludon\n|-damage|p2b: Archaludon|20\/100\n|\n|-ability|p2a: Espathra|Speed Boost|boost\n|-boost|p2a: Espathra|spe|1\n|upkeep\n|j| bluestraggler03\n|\n|t:|1731515680\n|switch|p1a: Tatsugiri|Tatsugiri, L50, F|100\/100\n|turn|3\n|inactive|bgc0 has 30 seconds left.\n|\n|t:|1731515712\n|move|p2b: Archaludon|Protect|p2b: Archaludon\n|-singleturn|p2b: Archaludon|Protect\n|move|p2a: Espathra|Lumina Crash|p1b: Glimmora\n|-supereffective|p1b: Glimmora\n|-damage|p1b: Glimmora|56\/100\n|-unboost|p1b: Glimmora|spd|2\n|move|p1a: Tatsugiri|Dragon Pulse|p2b: Archaludon\n|-activate|p2b: Archaludon|move: Protect\n|move|p1b: Glimmora|Power Gem|p2a: Espathra\n|-damage|p2a: Espathra|0 fnt\n|faint|p2a: Espathra\n|\n|upkeep\n|\n|t:|1731515724\n|switch|p2a: Ninetales|Ninetales-Alola, L50, F, shiny|100\/100\n|-weather|Snow|[from] ability: Snow Warning|[of] p2a: Ninetales\n|turn|4\n|\n|t:|1731515739\n|switch|p2b: Murkrow|Murkrow, L50, M|100\/100\n|-terastallize|p2a: Ninetales|Ice\n|move|p2a: Ninetales|Freeze-Dry|p1b: Glimmora\n|-damage|p1b: Glimmora|0 fnt\n|faint|p1b: Glimmora\n|move|p1a: Tatsugiri|Dragon Pulse|p2b: Murkrow\n|-damage|p2b: Murkrow|47\/100\n|\n|-weather|Snow|[upkeep]\n|upkeep\n|\n|t:|1731515743\n|switch|p1b: Dondozo|Dondozo, L50, M|100\/100\n|-activate|p1a: Tatsugiri|ability: Commander|[of] p1b: Dondozo\n|-boost|p1b: Dondozo|atk|2\n|-boost|p1b: Dondozo|spa|2\n|-boost|p1b: Dondozo|spe|2\n|-boost|p1b: Dondozo|def|2\n|-boost|p1b: Dondozo|spd|2\n|turn|5\n|\n|t:|1731515751\n|move|p2b: Murkrow|Haze|p2b: Murkrow\n|-clearallboost\n|move|p2a: Ninetales|Freeze-Dry|p1b: Dondozo\n|-supereffective|p1b: Dondozo\n|-damage|p1b: Dondozo|0 fnt\n|faint|p1b: Dondozo\n|\n|-weather|Snow|[upkeep]\n|upkeep\n|turn|6\n|-message|VGCLTH <1000ELO forfeited.\n|\n|win|bgc0\n|raw|VGCLTH &lt;1000ELO's rating: 1754 &rarr; <strong>1740<\/strong><br \/>(-14 for losing)\n|raw|bgc0's rating: 1870 &rarr; <strong>1884<\/strong><br \/>(+14 for winning)\n|l|\u2606VGCLTH <1000ELO\n|player|p1|\n|c|\u2606bgc0|Gg\n|l|\u2606bgc0\n|player|p2|\n","uploadtime":1731515899,"views":28,"formatid":"gen9vgc2024regh","rating":1740,"private":0,"password":null}