{"id":"gen9vgc2024regh-2243156379","format":"[Gen 9] VGC 2024 Reg H","players":["VGCLTH Cuwutie","Gh0stlyPlanet"],"log":"|raw|<div class=\"broadcast-blue\"><strong>This battle is required to be public due to a player having a name starting with 'vgclth'.<\/div>\n|j|\u2606VGCLTH Cuwutie\n|j|\u2606Gh0stlyPlanet\n|t:|1731517254\n|gametype|doubles\n|player|p1|VGCLTH Cuwutie|102|1714\n|player|p2|Gh0stlyPlanet|2|1790\n|teamsize|p1|6\n|teamsize|p2|6\n|gen|9\n|tier|[Gen 9] VGC 2024 Reg H\n|rated|\n|rule|Species Clause: Limit one of each Pok\u00e9mon\n|rule|Item Clause: Limit 1 of each item\n|clearpoke\n|poke|p1|Smeargle, L50, M|\n|poke|p1|Farigiraf, L50, F|\n|poke|p1|Grimmsnarl, L50, M|\n|poke|p1|Torkoal, L50, F|\n|poke|p1|Ursaluna-Bloodmoon, L50, M|\n|poke|p1|Weezing-Galar, L50, F|\n|poke|p2|Dragonite, L50, F|\n|poke|p2|Ursaluna, L50, F|\n|poke|p2|Incineroar, L50, F|\n|poke|p2|Bronzong, L50|\n|poke|p2|Torkoal, L50, M|\n|poke|p2|Gholdengo, L50|\n|teampreview|4\n|inactive|Battle timer is ON: inactive players will automatically lose when time's up. (requested by Gh0stlyPlanet)\n|inactive|Gh0stlyPlanet has 60 seconds left.\n|j| VGCLTH lily\n|\n|t:|1731517303\n|start\n|switch|p1a: Smeargle|Smeargle, L50, M|100\/100\n|switch|p1b: Farigiraf|Farigiraf, L50, F|100\/100\n|switch|p2a: Dragonite|Dragonite, L50, F|100\/100\n|switch|p2b: Incineroar|Incineroar, L50, F|100\/100\n|-ability|p2b: Incineroar|Intimidate|boost\n|-unboost|p1a: Smeargle|atk|1\n|-enditem|p1a: Smeargle|Eject Pack\n|-unboost|p1b: Farigiraf|atk|1\n|\n|t:|1731517312\n|switch|p1a: Ursaluna|Ursaluna-Bloodmoon, L50, M|100\/100\n|turn|1\n|\n|t:|1731517320\n|switch|p1b: Smeargle|Smeargle, L50, M|100\/100\n|-terastallize|p1a: Ursaluna|Normal\n|move|p2a: Dragonite|Scale Shot|p1b: Smeargle|[miss]\n|-miss|p2a: Dragonite|p1b: Smeargle\n|move|p2b: Incineroar|Knock Off|p1b: Smeargle\n|-damage|p1b: Smeargle|33\/100\n|move|p1a: Ursaluna|Hyper Voice|p2a: Dragonite|[spread] p2a,p2b\n|-damage|p2a: Dragonite|61\/100\n|-damage|p2b: Incineroar|37\/100\n|-enditem|p2b: Incineroar|Sitrus Berry|[eat]\n|-heal|p2b: Incineroar|62\/100|[from] item: Sitrus Berry\n|-damage|p1a: Ursaluna|90\/100|[from] item: Life Orb\n|\n|-ability|p1b: Smeargle|Moody|boost\n|-boost|p1b: Smeargle|def|2\n|-unboost|p1b: Smeargle|spa|1\n|upkeep\n|turn|2\n|inactive|VGCLTH Cuwutie has 30 seconds left.\n|inactive|VGCLTH Cuwutie has 20 seconds left.\n|\n|t:|1731517358\n|move|p2a: Dragonite|Extreme Speed|p1b: Smeargle\n|-damage|p1b: Smeargle|0 fnt\n|faint|p1b: Smeargle\n|move|p2b: Incineroar|Knock Off|p1a: Ursaluna\n|-damage|p1a: Ursaluna|56\/100\n|-enditem|p1a: Ursaluna|Life Orb|[from] move: Knock Off|[of] p2b: Incineroar\n|move|p1a: Ursaluna|Hyper Voice|p2b: Incineroar|[spread] p2a,p2b\n|-damage|p2a: Dragonite|5\/100\n|-damage|p2b: Incineroar|14\/100\n|\n|upkeep\n|\n|t:|1731517363\n|switch|p1b: Farigiraf|Farigiraf, L50, F|100\/100\n|turn|3\n|\n|t:|1731517372\n|move|p1a: Ursaluna|Protect|p1a: Ursaluna\n|-singleturn|p1a: Ursaluna|Protect\n|move|p2a: Dragonite|Scale Shot|p1b: Farigiraf\n|-damage|p1b: Farigiraf|87\/100\n|-damage|p1b: Farigiraf|74\/100\n|-crit|p1b: Farigiraf\n|-damage|p1b: Farigiraf|54\/100\n|-damage|p1b: Farigiraf|41\/100\n|-damage|p1b: Farigiraf|27\/100\n|-hitcount|p1b: Farigiraf|5\n|-unboost|p2a: Dragonite|def|1\n|-boost|p2a: Dragonite|spe|1\n|move|p2b: Incineroar|Knock Off|p1b: Farigiraf\n|-supereffective|p1b: Farigiraf\n|-damage|p1b: Farigiraf|0 fnt\n|-enditem|p1b: Farigiraf|Mental Herb|[from] move: Knock Off|[of] p2b: Incineroar\n|faint|p1b: Farigiraf\n|\n|upkeep\n|\n|t:|1731517375\n|switch|p1b: Torkoal|Torkoal, L50, F|100\/100\n|-weather|SunnyDay|[from] ability: Drought|[of] p1b: Torkoal\n|turn|4\n|\n|t:|1731517384\n|move|p2a: Dragonite|Extreme Speed|p1b: Torkoal\n|-damage|p1b: Torkoal|77\/100\n|move|p2b: Incineroar|Flare Blitz|p1a: Ursaluna\n|-damage|p1a: Ursaluna|0 fnt\n|faint|p1a: Ursaluna\n|-damage|p2b: Incineroar|0 fnt|[from] Recoil\n|faint|p2b: Incineroar\n|move|p1b: Torkoal|Eruption|p2a: Dragonite\n|-resisted|p2a: Dragonite\n|-damage|p2a: Dragonite|0 fnt\n|faint|p2a: Dragonite\n|\n|-weather|SunnyDay|[upkeep]\n|upkeep\n|\n|t:|1731517388\n|switch|p2a: Bronzong|Bronzong, L50|100\/100\n|switch|p2b: Ursaluna|Ursaluna, L50, F|100\/100\n|turn|5\n|l| VGCLTH lily\n|\n|t:|1731517405\n|move|p2b: Ursaluna|Headlong Rush|p1b: Torkoal\n|-supereffective|p1b: Torkoal\n|-damage|p1b: Torkoal|0 fnt\n|-unboost|p2b: Ursaluna|def|1\n|-unboost|p2b: Ursaluna|spd|1\n|faint|p1b: Torkoal\n|\n|win|Gh0stlyPlanet\n|raw|VGCLTH Cuwutie's rating: 1714 &rarr; <strong>1698<\/strong><br \/>(-16 for losing)\n|raw|Gh0stlyPlanet's rating: 1790 &rarr; <strong>1806<\/strong><br \/>(+16 for winning)\n","uploadtime":1731517405,"views":21,"formatid":"gen9vgc2024regh","rating":1698,"private":0,"password":null}