{"id":"gen9vgc2024regh-2243401777","format":"[Gen 9] VGC 2024 Reg H","players":["VGCLTH Slow","balnam"],"log":"|raw|<div class=\"broadcast-blue\"><strong>This battle is required to be public due to a player having a name starting with 'vgclth'.<\/div>\n|j|\u2606VGCLTH Slow\n|j|\u2606balnam\n|t:|1731542262\n|gametype|doubles\n|player|p1|VGCLTH Slow|skier|1713\n|player|p2|balnam|2|1695\n|teamsize|p1|6\n|teamsize|p2|6\n|gen|9\n|tier|[Gen 9] VGC 2024 Reg H\n|rated|\n|rule|Species Clause: Limit one of each Pok\u00e9mon\n|rule|Item Clause: Limit 1 of each item\n|clearpoke\n|poke|p1|Sableye, L50, F|\n|poke|p1|Sylveon, L50, M|\n|poke|p1|Archaludon, L50, M|\n|poke|p1|Volcarona, L50, M|\n|poke|p1|Rillaboom, L50, F|\n|poke|p1|Tauros-Paldea-Aqua, L50, M|\n|poke|p2|Sneasler, L50, F|\n|poke|p2|Baxcalibur, L50, M|\n|poke|p2|Kingambit, L50, F|\n|poke|p2|Volcarona, L50, M|\n|poke|p2|Rillaboom, L50, F|\n|poke|p2|Gastrodon-East, L50, M|\n|teampreview|4\nVGCLTH Slow has agreed to open team sheets.\n|j| SantiXtreme_01\n|\n|t:|1731542290\n|start\n|switch|p1a: Bullshifu|Tauros-Paldea-Aqua, L50, M, shiny|100\/100\n|switch|p1b: Shamonerona|Volcarona, L50, M, shiny|100\/100\n|switch|p2a: Kingambit|Kingambit, L50, F|100\/100\n|switch|p2b: Sneasler|Sneasler, L50, F|100\/100\n|-ability|p1a: Bullshifu|Intimidate|boost\n|-unboost|p2a: Kingambit|atk|1\n|-ability|p2a: Kingambit|Defiant|boost\n|-boost|p2a: Kingambit|atk|2\n|-enditem|p1a: Bullshifu|Mirror Herb\n|-boost|p1a: Bullshifu|atk|2|[from] item: Mirror Herb\n|-unboost|p2b: Sneasler|atk|1\n|turn|1\n|c| SantiXtreme_01|Hi\n|\n|t:|1731542320\n|-terastallize|p2a: Kingambit|Flying\n|move|p1a: Bullshifu|Protect|p1a: Bullshifu\n|-singleturn|p1a: Bullshifu|Protect\n|move|p2b: Sneasler|Fake Out|p1a: Bullshifu\n|-activate|p1a: Bullshifu|move: Protect\n|move|p1b: Shamonerona|Heat Wave|p2a: Kingambit|[spread] p2a,p2b\n|-damage|p2a: Kingambit|75\/100\n|-damage|p2b: Sneasler|54\/100\n|move|p2a: Kingambit|Tera Blast|p1b: Shamonerona|[anim] Tera Blast Flying\n|-supereffective|p1b: Shamonerona\n|-damage|p1b: Shamonerona|0 fnt\n|faint|p1b: Shamonerona\n|\n|upkeep\n|\n|t:|1731542333\n|switch|p1b: Snowblind|Sableye, L50, F|100\/100\n|turn|2\n|j| ale cog\n|\n|t:|1731542351\n|switch|p2b: Gastrodon|Gastrodon-East, L50, M|100\/100\n|move|p1b: Snowblind|Disable|p2a: Kingambit\n|-start|p2a: Kingambit|Disable|Tera Blast\n|move|p1a: Bullshifu|Close Combat|p2b: Gastrodon\n|-damage|p2b: Gastrodon|0 fnt\n|-unboost|p1a: Bullshifu|def|1\n|-unboost|p1a: Bullshifu|spd|1\n|faint|p2b: Gastrodon\n|move|p2a: Kingambit|Kowtow Cleave|p1b: Snowblind\n|-damage|p1b: Snowblind|9\/100\n|-enditem|p1b: Snowblind|Sitrus Berry|[eat]\n|-heal|p1b: Snowblind|34\/100|[from] item: Sitrus Berry\n|\n|upkeep\n|j| ProssettiVGC\n|\n|t:|1731542370\n|switch|p2b: Sneasler|Sneasler, L50, F|54\/100\n|turn|3\n|\n|t:|1731542385\n|move|p1a: Bullshifu|Protect|p1a: Bullshifu\n|-singleturn|p1a: Bullshifu|Protect\n|move|p1b: Snowblind|Encore|p2a: Kingambit\n|-start|p2a: Kingambit|Encore\n|move|p2b: Sneasler|Coaching|p2a: Kingambit\n|-boost|p2a: Kingambit|atk|1\n|-boost|p2a: Kingambit|def|1\n|move|p2a: Kingambit|Kowtow Cleave|p1a: Bullshifu\n|-activate|p1a: Bullshifu|move: Protect\n|\n|upkeep\n|turn|4\n|j| bluestraggler03\n|j| mishtakesandflakes\n|j| vgclth souly\n|\n|t:|1731542409\n|move|p1b: Snowblind|Disable|p2b: Sneasler\n|-start|p2b: Sneasler|Disable|Coaching\n|move|p2b: Sneasler|Dire Claw|p1a: Bullshifu\n|-damage|p1a: Bullshifu|33\/100\n|move|p1a: Bullshifu|Wave Crash|p2a: Kingambit\n|-damage|p2a: Kingambit|20\/100\n|-damage|p1a: Bullshifu|8\/100|[from] Recoil\n|move|p2a: Kingambit|Kowtow Cleave|p1a: Bullshifu\n|-resisted|p1a: Bullshifu\n|-damage|p1a: Bullshifu|0 fnt\n|faint|p1a: Bullshifu\n|\n|upkeep\n|\n|t:|1731542418\n|switch|p1a: Old Yeller|Sylveon, L50, M|100\/100\n|turn|5\n|j| VGCLTH John Pork\n|\n|t:|1731542435\n|switch|p2b: Rillaboom|Rillaboom, L50, F|100\/100\n|-fieldstart|move: Grassy Terrain|[from] ability: Grassy Surge|[of] p2b: Rillaboom\n|-terastallize|p1a: Old Yeller|Water\n|move|p1b: Snowblind|Will-O-Wisp|p2b: Rillaboom\n|-status|p2b: Rillaboom|brn\n|move|p1a: Old Yeller|Hyper Voice|p2a: Kingambit|[spread] p2a,p2b\n|-damage|p2a: Kingambit|0 fnt\n|-damage|p2b: Rillaboom|62\/100 brn\n|faint|p2a: Kingambit\n|-enditem|p1a: Old Yeller|Throat Spray\n|-boost|p1a: Old Yeller|spa|1|[from] item: Throat Spray\n|\n|-heal|p2b: Rillaboom|68\/100 brn|[from] Grassy Terrain\n|-heal|p1b: Snowblind|40\/100|[from] Grassy Terrain\n|-damage|p2b: Rillaboom|62\/100 brn|[from] brn\n|upkeep\n|\n|t:|1731542444\n|switch|p2a: Sneasler|Sneasler, L50, F|54\/100\n|turn|6\n|\n|t:|1731542461\n|move|p1a: Old Yeller|Protect|p1a: Old Yeller\n|-singleturn|p1a: Old Yeller|Protect\n|move|p2a: Sneasler|Fake Out|p1a: Old Yeller\n|-activate|p1a: Old Yeller|move: Protect\n|move|p2b: Rillaboom|Wood Hammer|p1b: Snowblind\n|-damage|p1b: Snowblind|0 fnt\n|faint|p1b: Snowblind\n|-damage|p2b: Rillaboom|53\/100 brn|[from] Recoil\n|\n|-heal|p2a: Sneasler|60\/100|[from] Grassy Terrain\n|-heal|p2b: Rillaboom|58\/100 brn|[from] Grassy Terrain\n|-damage|p2b: Rillaboom|53\/100 brn|[from] brn\n|upkeep\n|turn|7\n|\n|t:|1731542473\n|move|p2a: Sneasler|Close Combat|p1a: Old Yeller\n|-damage|p1a: Old Yeller|25\/100\n|-unboost|p2a: Sneasler|def|1\n|-unboost|p2a: Sneasler|spd|1\n|-status|p1a: Old Yeller|psn|[from] ability: Poison Touch|[of] p2a: Sneasler\n|move|p2b: Rillaboom|Wood Hammer|p1a: Old Yeller\n|-supereffective|p1a: Old Yeller\n|-damage|p1a: Old Yeller|0 fnt\n|faint|p1a: Old Yeller\n|-damage|p2b: Rillaboom|45\/100 brn|[from] Recoil\n|\n|win|balnam\n|raw|VGCLTH Slow's rating: 1713 &rarr; <strong>1692<\/strong><br \/>(-21 for losing)\n|raw|balnam's rating: 1695 &rarr; <strong>1716<\/strong><br \/>(+21 for winning)\n|l|\u2606balnam\n|player|p2|\n|l| vgclth souly\n|c| SantiXtreme_01|Dang\n|c| SantiXtreme_01|high level play is insane\n|l| SantiXtreme_01\n","uploadtime":1731542477,"views":18,"formatid":"gen9vgc2024regh","rating":1692,"private":0,"password":null}