{"id":"gen9vgc2024regh-2243296295","format":"[Gen 9] VGC 2024 Reg H","players":["VGCLTH Cuwutie","VGCLTH lily"],"log":"|raw|<div class=\"broadcast-blue\"><strong>This battle is required to be public due to a player having a name starting with 'vgclth'.<\/div>\n|j|\u2606VGCLTH Cuwutie\n|j|\u2606VGCLTH lily\n|t:|1731530623\n|gametype|doubles\n|player|p1|VGCLTH Cuwutie|102|1750\n|player|p2|VGCLTH lily|akari|1666\n|teamsize|p1|6\n|teamsize|p2|6\n|gen|9\n|tier|[Gen 9] VGC 2024 Reg H\n|rated|\n|rule|Species Clause: Limit one of each Pok\u00e9mon\n|rule|Item Clause: Limit 1 of each item\n|clearpoke\n|poke|p1|Smeargle, L50, M|\n|poke|p1|Farigiraf, L50, M|\n|poke|p1|Grimmsnarl, L50, M|\n|poke|p1|Torkoal, L50, M|\n|poke|p1|Ursaluna-Bloodmoon, L50, M|\n|poke|p1|Weezing-Galar, L50, F|\n|poke|p2|Indeedee, L50, M|\n|poke|p2|Garchomp, L50, F|\n|poke|p2|Archaludon, L50, M|\n|poke|p2|Sneasler, L50, M|\n|poke|p2|Basculegion, L50, M|\n|poke|p2|Pelipper, L50, M|\n|teampreview|4\n|inactive|Battle timer is ON: inactive players will automatically lose when time's up. (requested by VGCLTH lily)\n|c|\u2606VGCLTH lily|-=-\n|c|\u2606VGCLTH Cuwutie|-=-\n|c|\u2606VGCLTH lily|okay now on this one\n|c|\u2606VGCLTH lily|im actually just fkd\n|inactive|VGCLTH lily has 60 seconds left.\n|c|\u2606VGCLTH Cuwutie|nah it's an even ish mu\n|c|\u2606VGCLTH lily|u know what i wanna say\n|c|\u2606VGCLTH lily|but i cant\n|c|\u2606VGCLTH lily|:<\n|inactive|VGCLTH lily has 30 seconds left.\n|c|\u2606VGCLTH Cuwutie|ty\n|inactive|VGCLTH lily has 20 seconds left.\n|inactive|VGCLTH lily has 15 seconds left.\n|inactive|VGCLTH lily has 10 seconds left.\n|inactive|VGCLTH lily has 5 seconds left.\n|\n|t:|1731530712\n|start\n|switch|p1a: Grimmsnarl|Grimmsnarl, L50, M|100\/100\n|switch|p1b: Farigiraf|Farigiraf, L50, M|100\/100\n|switch|p2a: Indeedee|Indeedee, L50, M|100\/100\n|switch|p2b: Basculegion|Basculegion, L50, M|100\/100\n|-fieldstart|move: Psychic Terrain|[from] ability: Psychic Surge|[of] p2a: Indeedee\n|turn|1\n|j| VGCLTH John Pork\n|\n|t:|1731530727\n|-terastallize|p1b: Farigiraf|Water\n|move|p1a: Grimmsnarl|Imprison|p1a: Grimmsnarl\n|-start|p1a: Grimmsnarl|move: Imprison\n|move|p2a: Indeedee|Trick|p1b: Farigiraf\n|-activate|p2a: Indeedee|move: Trick|[of] p1b: Farigiraf\n|-item|p1b: Farigiraf|Choice Scarf|[from] move: Trick\n|-item|p2a: Indeedee|Mental Herb|[from] move: Trick\n|move|p2b: Basculegion|Flip Turn|p1b: Farigiraf\n|-resisted|p1b: Farigiraf\n|-damage|p1b: Farigiraf|80\/100\n|c|\u2606VGCLTH Cuwutie|oh it's not imprison\n|\n|t:|1731530744\n|switch|p2b: Sneasler|Sneasler, L50, M|100\/100|[from] Flip Turn\n|-enditem|p2b: Sneasler|Psychic Seed\n|-boost|p2b: Sneasler|spd|1|[from] item: Psychic Seed\n|move|p1b: Farigiraf|Trick Room|p1b: Farigiraf\n|-fieldstart|move: Trick Room|[of] p1b: Farigiraf\n|\n|upkeep\n|turn|2\n|c|\u2606VGCLTH lily|i got this from rishi awhile back\n|\n|t:|1731530764\n|switch|p1b: Weezing|Weezing-Galar, L50, F|100\/100\n|-ability|p1b: Weezing|Neutralizing Gas\n|switch|p2a: Pelipper|Pelipper, L50, M|100\/100\n|-terastallize|p2b: Sneasler|Ghost\n|move|p1a: Grimmsnarl|Spirit Break|p2a: Pelipper\n|-damage|p2a: Pelipper|45\/100\n|-unboost|p2a: Pelipper|spa|1\n|move|p2b: Sneasler|Dire Claw|p1a: Grimmsnarl\n|-supereffective|p1a: Grimmsnarl\n|-enditem|p1a: Grimmsnarl|Focus Sash\n|-damage|p1a: Grimmsnarl|1\/100\n|\n|upkeep\n|turn|3\n|inactive|VGCLTH lily has 30 seconds left.\n|\n|t:|1731530790\n|-end|p1b: Weezing|ability: Neutralizing Gas\n|-weather|RainDance|[from] ability: Drizzle|[of] p2a: Pelipper\n|switch|p1b: Farigiraf|Farigiraf, L50, M, tera:Water|80\/100\n|move|p2a: Pelipper|Protect|p2a: Pelipper\n|-singleturn|p2a: Pelipper|Protect\n|move|p1a: Grimmsnarl|Spirit Break|p2a: Pelipper\n|-activate|p2a: Pelipper|move: Protect\n|move|p2b: Sneasler|Dire Claw|p1b: Farigiraf\n|-damage|p1b: Farigiraf|35\/100\n|\n|-weather|RainDance|[upkeep]\n|upkeep\n|turn|4\n|inactive|VGCLTH Cuwutie has 30 seconds left.\n|\n|t:|1731530823\n|switch|p2a: Basculegion|Basculegion, L50, M|100\/100\n|move|p1a: Grimmsnarl|Spirit Break|p2a: Basculegion\n|-damage|p2a: Basculegion|50\/100\n|-unboost|p2a: Basculegion|spa|1\n|move|p1b: Farigiraf|Twin Beam|p2b: Sneasler\n|-damage|p2b: Sneasler|81\/100\n|-damage|p2b: Sneasler|61\/100\n|-hitcount|p2b: Sneasler|2\n|move|p2b: Sneasler|Dire Claw|p1a: Grimmsnarl\n|-supereffective|p1a: Grimmsnarl\n|-damage|p1a: Grimmsnarl|0 fnt\n|faint|p1a: Grimmsnarl\n|\n|-weather|RainDance|[upkeep]\n|upkeep\n|\n|t:|1731530833\n|switch|p1a: Torkoal|Torkoal, L50, M|100\/100\n|-weather|SunnyDay|[from] ability: Drought|[of] p1a: Torkoal\n|turn|5\n|\n|t:|1731530846\n|switch|p1b: Weezing|Weezing-Galar, L50, F|100\/100\n|-ability|p1b: Weezing|Neutralizing Gas\n|switch|p2b: Pelipper|Pelipper, L50, M|45\/100\n|move|p2a: Basculegion|Aqua Jet|p1a: Torkoal\n|-activate|p1a: Torkoal|move: Psychic Terrain\n|move|p1a: Torkoal|Eruption|p2a: Basculegion|[spread] p2a,p2b\n|-resisted|p2a: Basculegion\n|-resisted|p2b: Pelipper\n|-crit|p2b: Pelipper\n|-damage|p2a: Basculegion|0 fnt\n|-damage|p2b: Pelipper|0 fnt\n|faint|p2a: Basculegion\n|faint|p2b: Pelipper\n|\n|-weather|SunnyDay|[upkeep]\n|-fieldend|move: Trick Room\n|-fieldend|move: Psychic Terrain\n|upkeep\n|\n|t:|1731530852\n|switch|p2a: Sneasler|Sneasler, L50, M, tera:Ghost|61\/100\n|switch|p2b: Indeedee|Indeedee, L50, M|100\/100\n|turn|6\n|inactive|VGCLTH Cuwutie has 30 seconds left.\n|inactive|VGCLTH Cuwutie has 20 seconds left.\n|inactive|VGCLTH Cuwutie has 15 seconds left.\n|\n|t:|1731530897\n|move|p2a: Sneasler|Dire Claw|p1a: Torkoal\n|-damage|p1a: Torkoal|66\/100\n|move|p2b: Indeedee|Expanding Force|p1a: Torkoal\n|-damage|p1a: Torkoal|18\/100\n|move|p1b: Weezing|Fire Blast|p2a: Sneasler\n|-damage|p2a: Sneasler|0 fnt\n|faint|p2a: Sneasler\n|move|p1a: Torkoal|Eruption|p2b: Indeedee\n|-damage|p2b: Indeedee|61\/100\n|\n|-weather|SunnyDay|[upkeep]\n|upkeep\n|turn|7\n|inactive|VGCLTH Cuwutie has 30 seconds left.\n|\n|t:|1731530922\n|move|p2b: Indeedee|Expanding Force|p1b: Weezing\n|-supereffective|p1b: Weezing\n|-damage|p1b: Weezing|0 fnt\n|faint|p1b: Weezing\n|-end|p1b: Weezing|ability: Neutralizing Gas\n|-fieldstart|move: Psychic Terrain|[from] ability: Psychic Surge|[of] p2b: Indeedee\n|move|p1a: Torkoal|Eruption|p2b: Indeedee\n|-damage|p2b: Indeedee|27\/100\n|\n|-weather|SunnyDay|[upkeep]\n|upkeep\n|\n|t:|1731530926\n|switch|p1b: Farigiraf|Farigiraf, L50, M, tera:Water|35\/100\n|turn|8\n|\n|t:|1731530931\n|move|p2b: Indeedee|Expanding Force|p1b: Farigiraf|[spread] p1a,p1b\n|-damage|p1a: Torkoal|0 fnt\n|-damage|p1b: Farigiraf|0 fnt\n|faint|p1a: Torkoal\n|faint|p1b: Farigiraf\n|\n|win|VGCLTH lily\n|raw|VGCLTH Cuwutie's rating: 1750 &rarr; <strong>1725<\/strong><br \/>(-25 for losing)\n|raw|VGCLTH lily's rating: 1666 &rarr; <strong>1691<\/strong><br \/>(+25 for winning)\n|c|\u2606VGCLTH lily|gg\n","uploadtime":1731530934,"views":27,"formatid":"gen9vgc2024regh","rating":1691,"private":0,"password":null}