{"id":"gen9vgc2024regh-2243232025","format":"[Gen 9] VGC 2024 Reg H","players":["VGCLTH MINAMISIMP","jbleacher2"],"log":"|raw|<div class=\"broadcast-blue\"><strong>This battle is required to be public due to a player having a name starting with 'vgclth'.<\/div>\n|j|\u2606VGCLTH MINAMISIMP\n|j|\u2606jbleacher2\n|t:|1731524386\n|gametype|doubles\n|player|p1|VGCLTH MINAMISIMP|miku-water|1741\n|player|p2|jbleacher2|102|1866\n|teamsize|p1|6\n|teamsize|p2|6\n|gen|9\n|tier|[Gen 9] VGC 2024 Reg H\n|rated|\n|rule|Species Clause: Limit one of each Pok\u00e9mon\n|rule|Item Clause: Limit 1 of each item\n|clearpoke\n|poke|p1|Archaludon, L50, F|\n|poke|p1|Pelipper, L50, F|\n|poke|p1|Electabuzz, L50, F|\n|poke|p1|Kingambit, L50, M|\n|poke|p1|Rillaboom, L50, M|\n|poke|p1|Basculegion, L50, M|\n|poke|p2|Murkrow, L50, F|\n|poke|p2|Volcarona, L50, F|\n|poke|p2|Oricorio-Pom-Pom, L50, F|\n|poke|p2|Quaquaval, L50, F|\n|poke|p2|Archaludon, L50, M|\n|poke|p2|Golduck, L50, F|\n|teampreview|4\n|inactive|Battle timer is ON: inactive players will automatically lose when time's up. (requested by VGCLTH MINAMISIMP)\n|inactive|jbleacher2 also wants the timer to be on.\n|\n|t:|1731524408\n|start\n|switch|p1a: Electabuzz|Electabuzz, L50, F|100\/100\n|switch|p1b: Kingambit|Kingambit, L50, M|100\/100\n|switch|p2a: Volcarona|Volcarona, L50, F|100\/100\n|switch|p2b: Golduck|Golduck, L50, F|100\/100\n|-ability|p2b: Golduck|Cloud Nine\n|turn|1\n|\n|t:|1731524428\n|move|p2b: Golduck|Taunt|p1b: Kingambit\n|-start|p1b: Kingambit|move: Taunt\n|move|p2a: Volcarona|Quiver Dance|p2a: Volcarona\n|-boost|p2a: Volcarona|spa|1\n|-boost|p2a: Volcarona|spd|1\n|-boost|p2a: Volcarona|spe|1\n|move|p1a: Electabuzz|Electroweb|p2a: Volcarona|[spread] p2a,p2b\n|-supereffective|p2b: Golduck\n|-damage|p2a: Volcarona|89\/100\n|-damage|p2b: Golduck|67\/100\n|-unboost|p2a: Volcarona|spe|1\n|-unboost|p2b: Golduck|spe|1\n|cant|p1b: Kingambit|move: Taunt|Swords Dance\n|\n|-heal|p2a: Volcarona|95\/100|[from] item: Leftovers\n|upkeep\n|turn|2\n|\n|t:|1731524450\n|switch|p2b: Oricorio|Oricorio-Pom-Pom, L50, F, shiny|100\/100\n|-terastallize|p1b: Kingambit|Dark\n|move|p1a: Electabuzz|Helping Hand|p1b: Kingambit\n|-singleturn|p1b: Kingambit|Helping Hand|[of] p1a: Electabuzz\n|move|p2a: Volcarona|Fiery Dance|p1b: Kingambit\n|-damage|p1b: Kingambit|38\/100\n|-boost|p2a: Volcarona|spa|1\n|-activate|p2b: Oricorio|ability: Dancer\n|move|p2b: Oricorio|Fiery Dance|p1b: Kingambit|[from]ability: Dancer\n|-damage|p1b: Kingambit|14\/100\n|move|p1b: Kingambit|Kowtow Cleave|p2a: Volcarona\n|-damage|p2a: Volcarona|0 fnt\n|faint|p2a: Volcarona\n|\n|upkeep\n|\n|t:|1731524467\n|switch|p2a: Golduck|Golduck, L50, F|67\/100\n|-ability|p2a: Golduck|Cloud Nine\n|turn|3\n|\n|t:|1731524481\n|move|p1a: Electabuzz|Follow Me|p1a: Electabuzz\n|-singleturn|p1a: Electabuzz|move: Follow Me\n|move|p2a: Golduck|Muddy Water|p1b: Kingambit|[spread] p1a,p1b\n|-damage|p1a: Electabuzz|85\/100\n|-damage|p1b: Kingambit|0 fnt\n|faint|p1b: Kingambit\n|move|p2b: Oricorio|Air Slash|p1a: Electabuzz\n|-resisted|p1a: Electabuzz\n|-damage|p1a: Electabuzz|70\/100\n|\n|upkeep\n|\n|t:|1731524487\n|switch|p1b: Basculegion|Basculegion, L50, M|100\/100\n|turn|4\n|\n|t:|1731524494\n|move|p2b: Oricorio|Protect|p2b: Oricorio\n|-singleturn|p2b: Oricorio|Protect\n|move|p1a: Electabuzz|Follow Me|p1a: Electabuzz\n|-singleturn|p1a: Electabuzz|move: Follow Me\n|move|p2a: Golduck|Taunt|p1a: Electabuzz\n|-start|p1a: Electabuzz|move: Taunt\n|move|p1b: Basculegion|Last Respects|p2b: Oricorio\n|-activate|p2b: Oricorio|move: Protect\n|\n|upkeep\n|turn|5\n|\n|t:|1731524512\n|switch|p2a: Archaludon|Archaludon, L50, M|100\/100\n|switch|p1b: Pelipper|Pelipper, L50, F|100\/100\n|-weather|RainDance|[from] ability: Drizzle|[of] p1b: Pelipper\n|move|p2b: Oricorio|Revelation Dance|p1b: Pelipper\n|-supereffective|p1b: Pelipper\n|-enditem|p1b: Pelipper|Focus Sash\n|-damage|p1b: Pelipper|1\/100\n|move|p1a: Electabuzz|Electroweb|p2a: Archaludon|[spread] p2a,p2b\n|-resisted|p2a: Archaludon\n|-damage|p2a: Archaludon|96\/100\n|-damage|p2b: Oricorio|80\/100\n|-unboost|p2a: Archaludon|spe|1\n|-ability|p2a: Archaludon|Stamina|boost\n|-boost|p2a: Archaludon|def|1\n|\n|-weather|RainDance|[upkeep]\n|upkeep\n|turn|6\n|\n|t:|1731524527\n|switch|p1a: Basculegion|Basculegion, L50, M|100\/100\n|move|p2b: Oricorio|Revelation Dance|p1a: Basculegion\n|-supereffective|p1a: Basculegion\n|-damage|p1a: Basculegion|3\/100\n|move|p1b: Pelipper|Weather Ball|p2b: Oricorio\n|-damage|p2b: Oricorio|0 fnt\n|faint|p2b: Oricorio\n|move|p2a: Archaludon|Snarl|p1a: Basculegion|[spread] p1a,p1b\n|-supereffective|p1a: Basculegion\n|-crit|p1a: Basculegion\n|-damage|p1a: Basculegion|0 fnt\n|-damage|p1b: Pelipper|0 fnt\n|faint|p1a: Basculegion\n|faint|p1b: Pelipper\n|\n|-weather|RainDance|[upkeep]\n|upkeep\n|-message|VGCLTH MINAMISIMP forfeited.\n|\n|win|jbleacher2\n|raw|VGCLTH MINAMISIMP's rating: 1741 &rarr; <strong>1728<\/strong><br \/>(-13 for losing)\n|raw|jbleacher2's rating: 1866 &rarr; <strong>1879<\/strong><br \/>(+13 for winning)\n|l|\u2606VGCLTH MINAMISIMP\n|player|p1|\n|c|\u2606jbleacher2|Gg\n|l|\u2606jbleacher2\n|player|p2|\n","uploadtime":1731524693,"views":35,"formatid":"gen9vgc2024regh","rating":1728,"private":0,"password":null}