{"id":"gen9vgc2024regh-2243383464","format":"[Gen 9] VGC 2024 Reg H","players":["winterbreak","vgclth chromate"],"log":"|raw|<div class=\"broadcast-blue\"><strong>This battle is required to be public due to a player having a name starting with 'vgclth'.<\/div>\n|j|\u2606winterbreak\n|j|\u2606vgclth chromate\n|t:|1731540022\n|gametype|doubles\n|player|p1|winterbreak|lucas-gen4pt|1809\n|player|p2|vgclth chromate|allister|1767\n|teamsize|p1|6\n|teamsize|p2|6\n|gen|9\n|tier|[Gen 9] VGC 2024 Reg H\n|rated|\n|rule|Species Clause: Limit one of each Pok\u00e9mon\n|rule|Item Clause: Limit 1 of each item\n|clearpoke\n|poke|p1|Primarina, L50, F|\n|poke|p1|Ursaluna-Bloodmoon, L50, M|\n|poke|p1|Gholdengo, L50|\n|poke|p1|Porygon2, L50|\n|poke|p1|Incineroar, L50, M|\n|poke|p1|Rillaboom, L50, F|\n|poke|p2|Archaludon, L50, F|\n|poke|p2|Pelipper, L50, M|\n|poke|p2|Basculegion, L50, M|\n|poke|p2|Gholdengo, L50|\n|poke|p2|Incineroar, L50, M|\n|poke|p2|Amoonguss, L50, M|\n|teampreview|4\n|j| girl latias\n|\n|t:|1731540082\n|start\n|switch|p1a: Porygon2|Porygon2, L50|100\/100\n|switch|p1b: Incineroar|Incineroar, L50, M|100\/100\n|switch|p2a: Archaludon|Archaludon, L50, F|100\/100\n|switch|p2b: Pelipper|Pelipper, L50, M|100\/100\n|-weather|RainDance|[from] ability: Drizzle|[of] p2b: Pelipper\n|-ability|p1b: Incineroar|Intimidate|boost\n|-unboost|p2a: Archaludon|atk|1\n|-unboost|p2b: Pelipper|atk|1\n|-ability|p1a: Porygon2|Download|boost\n|-boost|p1a: Porygon2|spa|1\n|turn|1\n|c|\u2606winterbreak|gl\n|\n|t:|1731540104\n|move|p1b: Incineroar|Fake Out|p2b: Pelipper\n|-damage|p2b: Pelipper|85\/100\n|cant|p2b: Pelipper|flinch\n|move|p2a: Archaludon|Electro Shot||[still]\n|-prepare|p2a: Archaludon|Electro Shot\n|-boost|p2a: Archaludon|spa|1\n|-anim|p2a: Archaludon|Electro Shot|p1a: Porygon2\n|-damage|p1a: Porygon2|57\/100\n|move|p1a: Porygon2|Trick Room|p1a: Porygon2\n|-fieldstart|move: Trick Room|[of] p1a: Porygon2\n|\n|-weather|RainDance|[upkeep]\n|upkeep\n|turn|2\n|inactive|Battle timer is ON: inactive players will automatically lose when time's up. (requested by vgclth chromate)\n|l|\u2606vgclth chromate\n|inactive|vgclth chromate disconnected and has a minute to reconnect!\n|player|p2|\n|j|\u2606vgclth chromate\n|inactive|vgclth chromate reconnected.\n|player|p2|vgclth chromate|allister|\n|j| A Giant Rat\n|inactive|winterbreak has 60 seconds left.\n|inactive|winterbreak has 30 seconds left.\n|\n|t:|1731540224\n|-terastallize|p1a: Porygon2|Ground\n|move|p1a: Porygon2|Tera Blast|p2a: Archaludon|[anim] Tera Blast Ground\n|-supereffective|p2a: Archaludon\n|-damage|p2a: Archaludon|24\/100\n|-ability|p2a: Archaludon|Stamina|boost\n|-boost|p2a: Archaludon|def|1\n|move|p1b: Incineroar|Parting Shot|p2b: Pelipper\n|-unboost|p2b: Pelipper|atk|1\n|-unboost|p2b: Pelipper|spa|1\n|\n|t:|1731540233\n|switch|p1b: Ursaluna|Ursaluna-Bloodmoon, L50, M|100\/100|[from] Parting Shot\n|move|p2a: Archaludon|Body Press|p1b: Ursaluna\n|-supereffective|p1b: Ursaluna\n|-damage|p1b: Ursaluna|51\/100\n|move|p2b: Pelipper|Weather Ball|p1b: Ursaluna\n|-supereffective|p1b: Ursaluna\n|-damage|p1b: Ursaluna|0 fnt\n|faint|p1b: Ursaluna\n|\n|-weather|RainDance|[upkeep]\n|upkeep\n|\n|t:|1731540251\n|switch|p1b: Incineroar|Incineroar, L50, M|100\/100\n|-ability|p1b: Incineroar|Intimidate|boost\n|-unboost|p2a: Archaludon|atk|1\n|-unboost|p2b: Pelipper|atk|1\n|turn|3\n|inactive|winterbreak has 30 seconds left.\n|\n|t:|1731540277\n|switch|p2b: Amoonguss|Amoonguss, L50, M|100\/100\n|move|p1a: Porygon2|Ice Beam|p2b: Amoonguss\n|-supereffective|p2b: Amoonguss\n|-damage|p2b: Amoonguss|29\/100\n|-enditem|p2b: Amoonguss|Sitrus Berry|[eat]\n|-heal|p2b: Amoonguss|54\/100|[from] item: Sitrus Berry\n|move|p1b: Incineroar|Knock Off|p2b: Amoonguss\n|-damage|p2b: Amoonguss|33\/100\n|move|p2a: Archaludon|Body Press|p1b: Incineroar\n|-supereffective|p1b: Incineroar\n|-damage|p1b: Incineroar|39\/100\n|-enditem|p1b: Incineroar|Sitrus Berry|[eat]\n|-heal|p1b: Incineroar|64\/100|[from] item: Sitrus Berry\n|\n|-weather|RainDance|[upkeep]\n|upkeep\n|turn|4\n|inactive|winterbreak has 30 seconds left.\n|inactive|vgclth chromate has 30 seconds left.\n|\n|t:|1731540305\n|switch|p1a: Gholdengo|Gholdengo, L50|100\/100\n|move|p2b: Amoonguss|Spore|p1a: Gholdengo\n|-immune|p1a: Gholdengo|[from] ability: Good as Gold\n|move|p1b: Incineroar|Flare Blitz|p2b: Amoonguss\n|-supereffective|p2b: Amoonguss\n|-damage|p2b: Amoonguss|0 fnt\n|faint|p2b: Amoonguss\n|-damage|p1b: Incineroar|52\/100|[from] Recoil\n|move|p2a: Archaludon|Electro Shot||[still]\n|-prepare|p2a: Archaludon|Electro Shot\n|-boost|p2a: Archaludon|spa|1\n|-anim|p2a: Archaludon|Electro Shot|p1b: Incineroar\n|-damage|p1b: Incineroar|0 fnt\n|faint|p1b: Incineroar\n|\n|-weather|RainDance|[upkeep]\n|upkeep\n|\n|t:|1731540318\n|switch|p2b: Incineroar|Incineroar, L50, M|100\/100\n|switch|p1b: Porygon2|Porygon2, L50, tera:Ground|57\/100\n|-ability|p1b: Porygon2|Download|boost\n|-boost|p1b: Porygon2|spa|1\n|-ability|p2b: Incineroar|Intimidate|boost\n|-unboost|p1a: Gholdengo|atk|1\n|-unboost|p1b: Porygon2|atk|1\n|turn|5\n|inactive|winterbreak has 30 seconds left.\n|\n|t:|1731540345\n|move|p2b: Incineroar|Fake Out|p1b: Porygon2\n|-damage|p1b: Porygon2|50\/100\n|cant|p1b: Porygon2|flinch\n|move|p2a: Archaludon|Dragon Pulse|p1b: Porygon2\n|-damage|p1b: Porygon2|1\/100\n|move|p1a: Gholdengo|Shadow Ball|p2b: Incineroar\n|-resisted|p2b: Incineroar\n|-damage|p2b: Incineroar|81\/100\n|\n|-weather|none\n|-fieldend|move: Trick Room\n|upkeep\n|turn|6\n|j| AlabamaChristian\n|\n|t:|1731540363\n|move|p1a: Gholdengo|Shadow Ball|p2a: Archaludon\n|-damage|p2a: Archaludon|0 fnt\n|faint|p2a: Archaludon\n|move|p2b: Incineroar|Knock Off|p1b: Porygon2\n|-crit|p1b: Porygon2\n|-damage|p1b: Porygon2|0 fnt\n|-enditem|p1b: Porygon2|Eviolite|[from] move: Knock Off|[of] p2b: Incineroar\n|faint|p1b: Porygon2\n|\n|upkeep\n|\n|t:|1731540366\n|switch|p2a: Pelipper|Pelipper, L50, M|85\/100\n|-weather|RainDance|[from] ability: Drizzle|[of] p2a: Pelipper\n|turn|7\n|-message|winterbreak forfeited.\n|\n|win|vgclth chromate\n|raw|winterbreak's rating: 1809 &rarr; <strong>1787<\/strong><br \/>(-22 for losing)\n|raw|vgclth chromate's rating: 1767 &rarr; <strong>1789<\/strong><br \/>(+22 for winning)\n|l|\u2606winterbreak\n|player|p1|\n|l|\u2606vgclth chromate\n|player|p2|\n|j| vgclth souly\n|l| vgclth souly\n|l| A Giant Rat\n","uploadtime":1731540578,"views":40,"formatid":"gen9vgc2024regh","rating":1787,"private":0,"password":null}