{"id":"gen9vgc2024regh-2243288023","format":"[Gen 9] VGC 2024 Reg H","players":["Zordor","winterbreak"],"log":"|j|\u2606Zordor\n|j|\u2606winterbreak\n|t:|1731529791\n|gametype|doubles\n|player|p1|Zordor|pilot|1798\n|player|p2|winterbreak|lucas-gen4pt|1796\n|teamsize|p1|6\n|teamsize|p2|6\n|gen|9\n|tier|[Gen 9] VGC 2024 Reg H\n|rated|\n|rule|Species Clause: Limit one of each Pok\u00e9mon\n|rule|Item Clause: Limit 1 of each item\n|clearpoke\n|poke|p1|Rotom-Wash, L50|\n|poke|p1|Sneasler, L50, M|\n|poke|p1|Kingambit, L50, M|\n|poke|p1|Armarouge, L50, F|\n|poke|p1|Dragapult, L50, F|\n|poke|p1|Venusaur, L50, F|\n|poke|p2|Primarina, L50, M|\n|poke|p2|Ursaluna-Bloodmoon, L50, M|\n|poke|p2|Gholdengo, L50|\n|poke|p2|Porygon2, L50|\n|poke|p2|Incineroar, L50, M|\n|poke|p2|Rillaboom, L50, M|\n|teampreview|4\n|inactive|Battle timer is ON: inactive players will automatically lose when time's up. (requested by Zordor)\n|inactive|winterbreak has 60 seconds left.\n|\n|t:|1731529869\n|start\n|switch|p1a: Sneasler|Sneasler, L50, M|100\/100\n|switch|p1b: Armarouge|Armarouge, L50, F|100\/100\n|switch|p2a: Porygon2|Porygon2, L50|100\/100\n|switch|p2b: Ursaluna|Ursaluna-Bloodmoon, L50, M|100\/100\n|-ability|p2a: Porygon2|Download|boost\n|-boost|p2a: Porygon2|atk|1\n|turn|1\n|inactive|Zordor has 30 seconds left.\n|inactive|Zordor has 20 seconds left.\n|\n|t:|1731529907\n|switch|p2a: Incineroar|Incineroar, L50, M|100\/100\n|-ability|p2a: Incineroar|Intimidate|boost\n|-unboost|p1a: Sneasler|atk|1\n|-unboost|p1b: Armarouge|atk|1\n|move|p2b: Ursaluna|Protect|p2b: Ursaluna\n|-singleturn|p2b: Ursaluna|Protect\n|move|p1a: Sneasler|Close Combat|p2a: Incineroar\n|-supereffective|p2a: Incineroar\n|-damage|p2a: Incineroar|26\/100\n|-unboost|p1a: Sneasler|def|1\n|-unboost|p1a: Sneasler|spd|1\n|-enditem|p2a: Incineroar|Sitrus Berry|[eat]\n|-heal|p2a: Incineroar|51\/100|[from] item: Sitrus Berry\n|move|p1b: Armarouge|Psychic|p2a: Incineroar\n|-immune|p2a: Incineroar\n|\n|upkeep\n|turn|2\n|inactive|winterbreak has 30 seconds left.\n|\n|t:|1731529938\n|move|p1a: Sneasler|Protect|p1a: Sneasler\n|-singleturn|p1a: Sneasler|Protect\n|move|p1b: Armarouge|Protect|p1b: Armarouge\n|-singleturn|p1b: Armarouge|Protect\n|move|p2a: Incineroar|Fake Out|p1a: Sneasler\n|-activate|p1a: Sneasler|move: Protect\n|move|p2b: Ursaluna|Blood Moon|p1b: Armarouge\n|-activate|p1b: Armarouge|move: Protect\n|\n|upkeep\n|turn|3\n|inactive|Zordor has 30 seconds left.\n|inactive|winterbreak has 30 seconds left.\n|inactive|Zordor has 20 seconds left.\n|inactive|winterbreak has 20 seconds left.\n|inactive|Zordor has 15 seconds left.\n|inactive|winterbreak has 15 seconds left.\n|\n|t:|1731529983\n|switch|p1b: Venusaur|Venusaur, L50, F|100\/100\n|switch|p2a: Primarina|Primarina, L50, M|100\/100\n|move|p1a: Sneasler|Close Combat|p2a: Primarina\n|-resisted|p2a: Primarina\n|-damage|p2a: Primarina|79\/100\n|-unboost|p1a: Sneasler|def|1\n|-unboost|p1a: Sneasler|spd|1\n|move|p2b: Ursaluna|Earth Power|p1a: Sneasler\n|-supereffective|p1a: Sneasler\n|-enditem|p1a: Sneasler|Focus Sash\n|-damage|p1a: Sneasler|1\/100\n|\n|upkeep\n|turn|4\n|\n|t:|1731530003\n|-terastallize|p2b: Ursaluna|Poison\n|move|p2a: Primarina|Protect|p2a: Primarina\n|-singleturn|p2a: Primarina|Protect\n|move|p1a: Sneasler|Close Combat|p2b: Ursaluna\n|-resisted|p2b: Ursaluna\n|-damage|p2b: Ursaluna|89\/100\n|-unboost|p1a: Sneasler|def|1\n|-unboost|p1a: Sneasler|spd|1\n|move|p1b: Venusaur|Giga Drain|p2b: Ursaluna\n|-resisted|p2b: Ursaluna\n|-damage|p2b: Ursaluna|74\/100\n|move|p2b: Ursaluna|Blood Moon|p1b: Venusaur\n|-damage|p1b: Venusaur|22\/100\n|\n|-heal|p1b: Venusaur|28\/100|[from] item: Leftovers\n|-heal|p2b: Ursaluna|80\/100|[from] item: Leftovers\n|upkeep\n|turn|5\n|inactive|Zordor has 30 seconds left.\n|inactive|winterbreak has 30 seconds left.\n|inactive|winterbreak has 20 seconds left.\n|inactive|winterbreak has 15 seconds left.\n|inactive|winterbreak has 10 seconds left.\n|inactive|winterbreak has 5 seconds left.\n|\n|t:|1731530058\n|switch|p2a: Incineroar|Incineroar, L50, M|51\/100\n|-ability|p2a: Incineroar|Intimidate|boost\n|-unboost|p1a: Sneasler|atk|1\n|-unboost|p1b: Venusaur|atk|1\n|move|p2b: Ursaluna|Protect|p2b: Ursaluna\n|-singleturn|p2b: Ursaluna|Protect\n|move|p1a: Sneasler|Dire Claw|p2b: Ursaluna\n|-activate|p2b: Ursaluna|move: Protect\n|move|p1b: Venusaur|Giga Drain|p2a: Incineroar\n|-resisted|p2a: Incineroar\n|-damage|p2a: Incineroar|36\/100\n|-heal|p1b: Venusaur|37\/100|[from] drain|[of] p2a: Incineroar\n|\n|-heal|p1b: Venusaur|43\/100|[from] item: Leftovers\n|-heal|p2b: Ursaluna|85\/100|[from] item: Leftovers\n|upkeep\n|turn|6\n|j| hyroshx\n|l| hyroshx\n|j| hyroshx\n|inactive|winterbreak has 30 seconds left.\n|inactive|winterbreak has 20 seconds left.\n|inactive|winterbreak has 15 seconds left.\n|inactive|winterbreak has 10 seconds left.\n|inactive|winterbreak has 5 seconds left.\n|\n|t:|1731530109\n|move|p1b: Venusaur|Protect|p1b: Venusaur\n|-singleturn|p1b: Venusaur|Protect\n|move|p2a: Incineroar|Fake Out|p1a: Sneasler\n|-damage|p1a: Sneasler|0 fnt\n|faint|p1a: Sneasler\n|move|p2b: Ursaluna|Blood Moon|p1b: Venusaur\n|-activate|p1b: Venusaur|move: Protect\n|\n|-heal|p1b: Venusaur|49\/100|[from] item: Leftovers\n|-heal|p2b: Ursaluna|91\/100|[from] item: Leftovers\n|upkeep\n|\n|t:|1731530118\n|switch|p1a: Armarouge|Armarouge, L50, F|100\/100\n|turn|7\n|inactive|winterbreak has 30 seconds left.\n|inactive|winterbreak has 20 seconds left.\n|inactive|Zordor has 30 seconds left.\n|\n|t:|1731530166\n|-terastallize|p1a: Armarouge|Dark\n|move|p1b: Venusaur|Earth Power|p2a: Incineroar\n|-supereffective|p2a: Incineroar\n|-damage|p2a: Incineroar|3\/100\n|move|p1a: Armarouge|Psychic|p2b: Ursaluna\n|-supereffective|p2b: Ursaluna\n|-damage|p2b: Ursaluna|0 fnt\n|faint|p2b: Ursaluna\n|move|p2a: Incineroar|Knock Off|p1a: Armarouge\n|-resisted|p1a: Armarouge\n|-damage|p1a: Armarouge|84\/100\n|-enditem|p1a: Armarouge|Power Herb|[from] move: Knock Off|[of] p2a: Incineroar\n|\n|-heal|p1b: Venusaur|56\/100|[from] item: Leftovers\n|upkeep\n|\n|t:|1731530182\n|switch|p2b: Porygon2|Porygon2, L50|100\/100\n|-ability|p2b: Porygon2|Download|boost\n|-boost|p2b: Porygon2|atk|1\n|turn|8\n|\n|t:|1731530204\n|move|p1b: Venusaur|Giga Drain|p2b: Porygon2\n|-damage|p2b: Porygon2|80\/100\n|-heal|p1b: Venusaur|67\/100|[from] drain|[of] p2b: Porygon2\n|move|p1a: Armarouge|Heat Wave|p2b: Porygon2|[spread] p2a,p2b\n|-resisted|p2a: Incineroar\n|-crit|p2a: Incineroar\n|-damage|p2a: Incineroar|0 fnt\n|-damage|p2b: Porygon2|57\/100\n|faint|p2a: Incineroar\n|move|p2b: Porygon2|Trick Room|p2b: Porygon2\n|-fieldstart|move: Trick Room|[of] p2b: Porygon2\n|\n|-heal|p1b: Venusaur|73\/100|[from] item: Leftovers\n|upkeep\n|\n|t:|1731530214\n|switch|p2a: Primarina|Primarina, L50, M|79\/100\n|turn|9\n|\n|t:|1731530231\n|move|p1a: Armarouge|Protect|p1a: Armarouge\n|-singleturn|p1a: Armarouge|Protect\n|move|p1b: Venusaur|Protect|p1b: Venusaur\n|-singleturn|p1b: Venusaur|Protect\n|move|p2a: Primarina|Calm Mind|p2a: Primarina\n|-boost|p2a: Primarina|spa|1\n|-boost|p2a: Primarina|spd|1\n|move|p2b: Porygon2|Recover|p2b: Porygon2\n|-heal|p2b: Porygon2|100\/100\n|\n|-heal|p1b: Venusaur|79\/100|[from] item: Leftovers\n|upkeep\n|turn|10\n|inactive|winterbreak has 30 seconds left.\n|\n|t:|1731530269\n|switch|p1b: Kingambit|Kingambit, L50, M, shiny|100\/100\n|move|p2a: Primarina|Moonblast|p1b: Kingambit\n|-damage|p1b: Kingambit|29\/100\n|-enditem|p1b: Kingambit|Sitrus Berry|[eat]\n|-heal|p1b: Kingambit|54\/100|[from] item: Sitrus Berry\n|move|p2b: Porygon2|Ice Beam|p1b: Kingambit\n|-resisted|p1b: Kingambit\n|-crit|p1b: Kingambit\n|-damage|p1b: Kingambit|32\/100\n|move|p1a: Armarouge|Psychic|p2b: Porygon2\n|-damage|p2b: Porygon2|75\/100\n|\n|upkeep\n|turn|11\n|inactive|Zordor has 30 seconds left.\n|\n|t:|1731530305\n|move|p1b: Kingambit|Protect|p1b: Kingambit\n|-singleturn|p1b: Kingambit|Protect\n|move|p1a: Armarouge|Protect|p1a: Armarouge\n|-singleturn|p1a: Armarouge|Protect\n|move|p2a: Primarina|Hyper Voice|p1b: Kingambit|[spread] \n|-activate|p1a: Armarouge|move: Protect\n|-activate|p1b: Kingambit|move: Protect\n|move|p2b: Porygon2|Tera Blast|p1a: Armarouge\n|-activate|p1a: Armarouge|move: Protect\n|\n|upkeep\n|turn|12\n|inactive|Zordor has 30 seconds left.\n|inactive|winterbreak has 30 seconds left.\n|\n|t:|1731530338\n|move|p1b: Kingambit|Sucker Punch|p2b: Porygon2\n|-damage|p2b: Porygon2|52\/100\n|move|p2a: Primarina|Hyper Voice|p1b: Kingambit|[spread] p1a,p1b\n|-crit|p1b: Kingambit\n|-damage|p1a: Armarouge|24\/100\n|-damage|p1b: Kingambit|0 fnt\n|faint|p1b: Kingambit\n|move|p2b: Porygon2|Ice Beam|p1a: Armarouge\n|-damage|p1a: Armarouge|0 fnt\n|faint|p1a: Armarouge\n|\n|-fieldend|move: Trick Room\n|upkeep\n|\n|t:|1731530343\n|switch|p1b: Venusaur|Venusaur, L50, F|79\/100\n|turn|13\n|inactive|winterbreak has 30 seconds left.\n|\n|t:|1731530358\n|move|p1b: Venusaur|Sludge Bomb|p2b: Porygon2\n|-damage|p2b: Porygon2|28\/100\n|move|p2b: Porygon2|Ice Beam|p1b: Venusaur\n|-supereffective|p1b: Venusaur\n|-damage|p1b: Venusaur|24\/100\n|move|p2a: Primarina|Moonblast|p1b: Venusaur\n|-resisted|p1b: Venusaur\n|-damage|p1b: Venusaur|0 fnt\n|faint|p1b: Venusaur\n|\n|win|winterbreak\n|inactive|winterbreak has 30 seconds left this turn.\n|raw|Zordor's rating: 1798 &rarr; <strong>1778<\/strong><br \/>(-20 for losing)\n|raw|winterbreak's rating: 1796 &rarr; <strong>1816<\/strong><br \/>(+20 for winning)\n|l|\u2606Zordor\n|player|p1|\n|l| hyroshx\n|l|\u2606winterbreak\n|player|p2|\n","uploadtime":1731530499,"views":39,"formatid":"gen9vgc2024regh","rating":1778,"private":0,"password":null}