{"id":"gen9vgc2024regh-2243408587","format":"[Gen 9] VGC 2024 Reg H","players":["redgannetVGC","VGCLTH Slow"],"log":"|raw|<div class=\"broadcast-blue\"><strong>This battle is required to be public due to a player having a name starting with 'vgclth'.<\/div>\n|j|\u2606redgannetVGC\n|j|\u2606VGCLTH Slow\n|t:|1731543112\n|gametype|doubles\n|player|p1|redgannetVGC|265|1745\n|player|p2|VGCLTH Slow|skier|1687\n|teamsize|p1|6\n|teamsize|p2|6\n|gen|9\n|tier|[Gen 9] VGC 2024 Reg H\n|rated|\n|rule|Species Clause: Limit one of each Pok\u00e9mon\n|rule|Item Clause: Limit 1 of each item\n|clearpoke\n|poke|p1|Ninetales-Alola, L50, F|\n|poke|p1|Garchomp, L50, F|\n|poke|p1|Dragonite, L50, M|\n|poke|p1|Kingambit, L50, M|\n|poke|p1|Incineroar, L50, F|\n|poke|p1|Amoonguss, L50, M|\n|poke|p2|Sableye, L50, M|\n|poke|p2|Sylveon, L50, F|\n|poke|p2|Archaludon, L50, F|\n|poke|p2|Volcarona, L50, F|\n|poke|p2|Rillaboom, L50, F|\n|poke|p2|Tauros-Paldea-Aqua, L50, M|\n|teampreview|4\nVGCLTH Slow has agreed to open team sheets.\n|inactive|Battle timer is ON: inactive players will automatically lose when time's up. (requested by redgannetVGC)\n|inactive|redgannetVGC has 60 seconds left.\n|\n|t:|1731543172\n|start\n|switch|p1a: Kingambit|Kingambit, L50, M|100\/100\n|switch|p1b: Garchomp|Garchomp, L50, F|100\/100\n|switch|p2a: Snowblind|Sableye, L50, M|100\/100\n|switch|p2b: Koko The Gorythmic|Rillaboom, L50, F|100\/100\n|-fieldstart|move: Grassy Terrain|[from] ability: Grassy Surge|[of] p2b: Koko The Gorythmic\n|turn|1\n|inactive|redgannetVGC has 30 seconds left.\n|\n|t:|1731543206\n|switch|p1a: Incineroar|Incineroar, L50, F|100\/100\n|-ability|p1a: Incineroar|Intimidate|boost\n|-unboost|p2a: Snowblind|atk|1\n|-unboost|p2b: Koko The Gorythmic|atk|1\n|move|p2b: Koko The Gorythmic|Fake Out|p1a: Incineroar\n|-damage|p1a: Incineroar|92\/100\n|move|p2a: Snowblind|Will-O-Wisp|p1b: Garchomp\n|-status|p1b: Garchomp|brn\n|move|p1b: Garchomp|Rock Slide|p2a: Snowblind|[spread] p2b\n|-miss|p1b: Garchomp|p2a: Snowblind\n|-damage|p2b: Koko The Gorythmic|87\/100\n|\n|-heal|p2b: Koko The Gorythmic|93\/100|[from] Grassy Terrain\n|-heal|p1a: Incineroar|98\/100|[from] Grassy Terrain\n|-damage|p1b: Garchomp|94\/100 brn|[from] brn\n|upkeep\n|turn|2\n|j| ale cog\n|\n|t:|1731543228\n|switch|p1b: Kingambit|Kingambit, L50, M|100\/100\n|switch|p2b: Bullshifu|Tauros-Paldea-Aqua, L50, M, shiny|100\/100\n|-ability|p2b: Bullshifu|Intimidate|boost\n|-unboost|p1a: Incineroar|atk|1\n|-unboost|p1b: Kingambit|atk|1\n|-ability|p1b: Kingambit|Defiant|boost\n|-boost|p1b: Kingambit|atk|2\n|-enditem|p2b: Bullshifu|Mirror Herb\n|-boost|p2b: Bullshifu|atk|2|[from] item: Mirror Herb\n|move|p1a: Incineroar|Knock Off|p2b: Bullshifu\n|-resisted|p2b: Bullshifu\n|-damage|p2b: Bullshifu|91\/100\n|move|p2a: Snowblind|Foul Play|p1b: Kingambit\n|-resisted|p1b: Kingambit\n|-damage|p1b: Kingambit|70\/100\n|\n|-heal|p2b: Bullshifu|97\/100|[from] Grassy Terrain\n|-heal|p1a: Incineroar|100\/100|[from] Grassy Terrain\n|-heal|p1b: Kingambit|76\/100|[from] Grassy Terrain\n|upkeep\n|turn|3\n|\n|t:|1731543252\n|switch|p1b: Ninetales|Ninetales-Alola, L50, F|100\/100\n|-weather|Snow|[from] ability: Snow Warning|[of] p1b: Ninetales\n|-terastallize|p1a: Incineroar|Ghost\n|move|p2b: Bullshifu|Protect|p2b: Bullshifu\n|-singleturn|p2b: Bullshifu|Protect\n|move|p1a: Incineroar|Parting Shot|p2b: Bullshifu\n|-activate|p2b: Bullshifu|move: Protect\n|move|p2a: Snowblind|Foul Play|p1b: Ninetales\n|-resisted|p1b: Ninetales\n|-damage|p1b: Ninetales|90\/100\n|\n|-weather|Snow|[upkeep]\n|-heal|p1b: Ninetales|96\/100|[from] Grassy Terrain\n|-heal|p2b: Bullshifu|100\/100|[from] Grassy Terrain\n|upkeep\n|turn|4\n|inactive|VGCLTH Slow has 30 seconds left.\n|inactive|VGCLTH Slow has 20 seconds left.\n|inactive|VGCLTH Slow has 15 seconds left.\n|\n|t:|1731543299\n|-terastallize|p2b: Bullshifu|Steel\n|move|p2a: Snowblind|Will-O-Wisp|p1a: Incineroar\n|-status|p1a: Incineroar|brn\n|move|p1b: Ninetales|Blizzard|p2b: Bullshifu|[spread] p2a,p2b\n|-resisted|p2b: Bullshifu\n|-damage|p2a: Snowblind|34\/100\n|-damage|p2b: Bullshifu|63\/100\n|-enditem|p2a: Snowblind|Sitrus Berry|[eat]\n|-heal|p2a: Snowblind|59\/100|[from] item: Sitrus Berry\n|move|p2b: Bullshifu|Wave Crash|p1b: Ninetales\n|-crit|p1b: Ninetales\n|-damage|p1b: Ninetales|0 fnt\n|faint|p1b: Ninetales\n|-damage|p2b: Bullshifu|32\/100|[from] Recoil\n|move|p1a: Incineroar|Parting Shot|p2b: Bullshifu\n|-unboost|p2b: Bullshifu|atk|1\n|-unboost|p2b: Bullshifu|spa|1\n|\n|t:|1731543315\n|switch|p1a: Kingambit|Kingambit, L50, M|76\/100|[from] Parting Shot\n|\n|-weather|Snow|[upkeep]\n|-heal|p2b: Bullshifu|38\/100|[from] Grassy Terrain\n|-heal|p1a: Kingambit|82\/100|[from] Grassy Terrain\n|-heal|p2a: Snowblind|65\/100|[from] Grassy Terrain\n|upkeep\n|\n|t:|1731543316\n|switch|p1b: Incineroar|Incineroar, L50, F, tera:Ghost|100\/100 brn\n|-ability|p1b: Incineroar|Intimidate|boost\n|-unboost|p2a: Snowblind|atk|1\n|-unboost|p2b: Bullshifu|atk|1\n|turn|5\n|j| xclamation\n|\n|t:|1731543336\n|switch|p2a: Koko The Gorythmic|Rillaboom, L50, F|93\/100\n|move|p2b: Bullshifu|Protect|p2b: Bullshifu\n|-singleturn|p2b: Bullshifu|Protect\n|move|p1b: Incineroar|Knock Off|p2a: Koko The Gorythmic\n|-damage|p2a: Koko The Gorythmic|75\/100\n|-enditem|p2a: Koko The Gorythmic|Assault Vest|[from] move: Knock Off|[of] p1b: Incineroar\n|move|p1a: Kingambit|Kowtow Cleave|p2a: Koko The Gorythmic\n|-damage|p2a: Koko The Gorythmic|30\/100\n|\n|-weather|Snow|[upkeep]\n|-heal|p2b: Bullshifu|44\/100|[from] Grassy Terrain\n|-heal|p2a: Koko The Gorythmic|36\/100|[from] Grassy Terrain\n|-heal|p1a: Kingambit|88\/100|[from] Grassy Terrain\n|-damage|p1b: Incineroar|95\/100 brn|[from] brn\n|-fieldend|move: Grassy Terrain\n|upkeep\n|turn|6\n|\n|t:|1731543358\n|switch|p1a: Garchomp|Garchomp, L50, F|94\/100 brn\n|move|p2a: Koko The Gorythmic|Fake Out|p1a: Garchomp\n|-damage|p1a: Garchomp|80\/100 brn\n|-damage|p2a: Koko The Gorythmic|24\/100|[from] ability: Rough Skin|[of] p1a: Garchomp\n|move|p2b: Bullshifu|Wave Crash|p1b: Incineroar\n|-damage|p1b: Incineroar|48\/100 brn\n|-damage|p2b: Bullshifu|24\/100|[from] Recoil\n|move|p1b: Incineroar|Flare Blitz|p2b: Bullshifu\n|-supereffective|p2b: Bullshifu\n|-crit|p2b: Bullshifu\n|-damage|p2b: Bullshifu|0 fnt\n|faint|p2b: Bullshifu\n|-damage|p1b: Incineroar|42\/100 brn|[from] Recoil\n|\n|-weather|Snow|[upkeep]\n|-damage|p1a: Garchomp|74\/100 brn|[from] brn\n|-damage|p1b: Incineroar|36\/100 brn|[from] brn\n|upkeep\n|\n|t:|1731543373\n|switch|p2b: Forklift Certified|Archaludon, L50, F, shiny|100\/100\n|turn|7\n|\n|t:|1731543381\n|switch|p2a: Snowblind|Sableye, L50, M|65\/100\n|move|p2b: Forklift Certified|Protect|p2b: Forklift Certified\n|-singleturn|p2b: Forklift Certified|Protect\n|move|p1a: Garchomp|Dragon Claw|p2a: Snowblind\n|-damage|p2a: Snowblind|31\/100\n|move|p1b: Incineroar|Parting Shot|p2b: Forklift Certified\n|-activate|p2b: Forklift Certified|move: Protect\n|\n|-weather|none\n|-damage|p1a: Garchomp|68\/100 brn|[from] brn\n|-damage|p1b: Incineroar|30\/100 brn|[from] brn\n|upkeep\n|turn|8\n|\n|t:|1731543394\n|switch|p1a: Kingambit|Kingambit, L50, M|88\/100\n|move|p2a: Snowblind|Disable|p1a: Kingambit\n|-hint|Since gen 7, Dark is immune to Prankster moves.\n|-immune|p1a: Kingambit\n|move|p2b: Forklift Certified|Dragon Pulse|p1b: Incineroar\n|-damage|p1b: Incineroar|0 fnt\n|faint|p1b: Incineroar\n|\n|upkeep\n|\n|t:|1731543402\n|switch|p1b: Garchomp|Garchomp, L50, F|68\/100 brn\n|turn|9\n|\n|t:|1731543410\n|switch|p2a: Koko The Gorythmic|Rillaboom, L50, F|24\/100\n|-fieldstart|move: Grassy Terrain|[from] ability: Grassy Surge|[of] p2a: Koko The Gorythmic\n|move|p2b: Forklift Certified|Protect|p2b: Forklift Certified\n|-singleturn|p2b: Forklift Certified|Protect\n|move|p1b: Garchomp|Stomping Tantrum|p2a: Koko The Gorythmic\n|-resisted|p2a: Koko The Gorythmic\n|-damage|p2a: Koko The Gorythmic|9\/100\n|move|p1a: Kingambit|Kowtow Cleave|p2a: Koko The Gorythmic\n|-crit|p2a: Koko The Gorythmic\n|-damage|p2a: Koko The Gorythmic|0 fnt\n|faint|p2a: Koko The Gorythmic\n|\n|-heal|p1b: Garchomp|74\/100 brn|[from] Grassy Terrain\n|-heal|p1a: Kingambit|94\/100|[from] Grassy Terrain\n|-damage|p1b: Garchomp|68\/100 brn|[from] brn\n|upkeep\n|\n|t:|1731543422\n|switch|p2a: Snowblind|Sableye, L50, M|31\/100\n|turn|10\n|\n|t:|1731543427\n|move|p2a: Snowblind|Disable|p1b: Garchomp\n|-start|p1b: Garchomp|Disable|Stomping Tantrum\n|cant|p1b: Garchomp|Disable|Stomping Tantrum\n|move|p2b: Forklift Certified|Electro Shot||[still]\n|-prepare|p2b: Forklift Certified|Electro Shot\n|-boost|p2b: Forklift Certified|spa|1\n|-enditem|p2b: Forklift Certified|Power Herb\n|-anim|p2b: Forklift Certified|Electro Shot|p1a: Kingambit\n|-crit|p1a: Kingambit\n|-damage|p1a: Kingambit|32\/100\n|move|p1a: Kingambit|Low Kick|p2b: Forklift Certified\n|-supereffective|p2b: Forklift Certified\n|-damage|p2b: Forklift Certified|60\/100\n|\n|-heal|p1b: Garchomp|74\/100 brn|[from] Grassy Terrain\n|-heal|p2b: Forklift Certified|66\/100|[from] Grassy Terrain\n|-heal|p1a: Kingambit|39\/100|[from] Grassy Terrain\n|-heal|p2a: Snowblind|36\/100|[from] Grassy Terrain\n|-damage|p1b: Garchomp|68\/100 brn|[from] brn\n|upkeep\n|turn|11\n|\n|t:|1731543444\n|move|p1a: Kingambit|Sucker Punch|p2a: Snowblind\n|-damage|p2a: Snowblind|0 fnt\n|faint|p2a: Snowblind\n|-activate|p1b: Garchomp|move: Struggle\n|move|p1b: Garchomp|Struggle|p2b: Forklift Certified\n|-damage|p2b: Forklift Certified|56\/100\n|-damage|p1b: Garchomp|43\/100 brn|[from] recoil\n|move|p2b: Forklift Certified|Dragon Pulse|p1b: Garchomp\n|-supereffective|p1b: Garchomp\n|-damage|p1b: Garchomp|0 fnt\n|faint|p1b: Garchomp\n|\n|-heal|p2b: Forklift Certified|62\/100|[from] Grassy Terrain\n|-heal|p1a: Kingambit|45\/100|[from] Grassy Terrain\n|upkeep\n|turn|12\n|inactive|VGCLTH Slow has 30 seconds left.\n|\n|t:|1731543470\n|move|p2b: Forklift Certified|Protect|p2b: Forklift Certified\n|-singleturn|p2b: Forklift Certified|Protect\n|move|p1a: Kingambit|Low Kick|p2b: Forklift Certified\n|-activate|p2b: Forklift Certified|move: Protect\n|\n|-heal|p2b: Forklift Certified|68\/100|[from] Grassy Terrain\n|-heal|p1a: Kingambit|51\/100|[from] Grassy Terrain\n|upkeep\n|turn|13\n|\n|t:|1731543488\n|move|p2b: Forklift Certified|Electro Shot||[still]\n|-prepare|p2b: Forklift Certified|Electro Shot\n|-boost|p2b: Forklift Certified|spa|1\n|move|p1a: Kingambit|Low Kick|p2b: Forklift Certified\n|-supereffective|p2b: Forklift Certified\n|-damage|p2b: Forklift Certified|27\/100\n|\n|-heal|p2b: Forklift Certified|33\/100|[from] Grassy Terrain\n|-heal|p1a: Kingambit|57\/100|[from] Grassy Terrain\n|-fieldend|move: Grassy Terrain\n|upkeep\n|turn|14\n|\n|t:|1731543494\n|move|p1a: Kingambit|Sucker Punch|p2b: Forklift Certified\n|-crit|p2b: Forklift Certified\n|-damage|p2b: Forklift Certified|0 fnt\n|faint|p2b: Forklift Certified\n|\n|win|redgannetVGC\n|raw|redgannetVGC's rating: 1745 &rarr; <strong>1762<\/strong><br \/>(+17 for winning)\n|raw|VGCLTH Slow's rating: 1687 &rarr; <strong>1670<\/strong><br \/>(-17 for losing)\n","uploadtime":1731543499,"views":18,"formatid":"gen9vgc2024regh","rating":1670,"private":0,"password":null}