{"id":"gen9vgc2024regh-2243064160","format":"[Gen 9] VGC 2024 Reg H","players":["pescatora2","VGCLTH 2thyfor"],"log":"|raw|<div class=\"broadcast-blue\"><strong>This battle is required to be public due to a player having a name starting with 'vgclth'.<\/div>\n|j|\u2606pescatora2\n|j|\u2606VGCLTH 2thyfor\n|t:|1731508081\n|gametype|doubles\n|player|p1|pescatora2|lucas|1865\n|player|p2|VGCLTH 2thyfor|emmet|1815\n|teamsize|p1|6\n|teamsize|p2|6\n|gen|9\n|tier|[Gen 9] VGC 2024 Reg H\n|rated|\n|rule|Species Clause: Limit one of each Pok\u00e9mon\n|rule|Item Clause: Limit 1 of each item\n|clearpoke\n|poke|p1|Archaludon, L50, F|\n|poke|p1|Dragonite, L50, M|\n|poke|p1|Pelipper, L50, F|\n|poke|p1|Ursaluna-Bloodmoon, L50, M|\n|poke|p1|Incineroar, L50, M|\n|poke|p1|Sinistcha-Masterpiece, L50|\n|poke|p2|Dondozo, L50, M|\n|poke|p2|Tatsugiri, L50, M|\n|poke|p2|Sneasler, L50, F|\n|poke|p2|Indeedee, L50, M|\n|poke|p2|Ursaluna-Bloodmoon, L50, M|\n|poke|p2|Talonflame, L50, F|\n|teampreview|4\n|inactive|Battle timer is ON: inactive players will automatically lose when time's up. (requested by VGCLTH 2thyfor)\n|inactive|pescatora2 has 60 seconds left.\n|\n|t:|1731508112\n|start\n|switch|p1a: Archaludon|Archaludon, L50, F|100\/100\n|switch|p1b: Dragonite|Dragonite, L50, M|100\/100\n|switch|p2a: Talonflame|Talonflame, L50, F|100\/100\n|switch|p2b: Ursaluna|Ursaluna-Bloodmoon, L50, M|100\/100\n|turn|1\n|j| pikavgc111\n|\n|t:|1731508126\n|move|p2a: Talonflame|Will-O-Wisp|p1b: Dragonite\n|-status|p1b: Dragonite|brn\n|move|p1b: Dragonite|Scale Shot|p2a: Talonflame\n|-damage|p2a: Talonflame|91\/100\n|-crit|p2a: Talonflame\n|-damage|p2a: Talonflame|74\/100\n|-damage|p2a: Talonflame|63\/100\n|-damage|p2a: Talonflame|53\/100\n|-damage|p2a: Talonflame|43\/100\n|-hitcount|p2a: Talonflame|5\n|-unboost|p1b: Dragonite|def|1\n|-boost|p1b: Dragonite|spe|1\n|move|p1a: Archaludon|Snarl|p2b: Ursaluna|[spread] p2a,p2b\n|-crit|p2b: Ursaluna\n|-damage|p2a: Talonflame|23\/100\n|-damage|p2b: Ursaluna|74\/100\n|-unboost|p2b: Ursaluna|spa|1\n|move|p2b: Ursaluna|Earth Power|p1a: Archaludon\n|-supereffective|p1a: Archaludon\n|-damage|p1a: Archaludon|42\/100\n|-ability|p1a: Archaludon|Stamina|boost\n|-boost|p1a: Archaludon|def|1\n|-damage|p2b: Ursaluna|65\/100|[from] item: Life Orb\n|\n|-damage|p1b: Dragonite|95\/100 brn|[from] brn\n|upkeep\n|turn|2\n|j| stewpeed\n|j| vgclth souly\n|inactive|pescatora2 has 30 seconds left.\n|\n|t:|1731508153\n|move|p2b: Ursaluna|Protect|p2b: Ursaluna\n|-singleturn|p2b: Ursaluna|Protect\n|move|p1b: Dragonite|Scale Shot|p2a: Talonflame\n|-damage|p2a: Talonflame|12\/100\n|-damage|p2a: Talonflame|2\/100\n|-damage|p2a: Talonflame|0 fnt\n|faint|p2a: Talonflame\n|-hitcount|p2: Talonflame|3\n|-unboost|p1b: Dragonite|def|1\n|-boost|p1b: Dragonite|spe|1\n|move|p1a: Archaludon|Body Press|p2b: Ursaluna\n|-activate|p2b: Ursaluna|move: Protect\n|\n|-damage|p1b: Dragonite|89\/100 brn|[from] brn\n|upkeep\n|j| VGCLTH John Pork\n|\n|t:|1731508164\n|switch|p2a: Sneasler|Sneasler, L50, F|100\/100\n|turn|3\n|\n|t:|1731508181\n|-terastallize|p1a: Archaludon|Ghost\n|-terastallize|p2b: Ursaluna|Normal\n|move|p1b: Dragonite|Protect|p1b: Dragonite\n|-singleturn|p1b: Dragonite|Protect\n|move|p2a: Sneasler|Close Combat|p1a: Archaludon\n|-immune|p1a: Archaludon\n|move|p1a: Archaludon|Body Press|p2b: Ursaluna\n|-supereffective|p2b: Ursaluna\n|-damage|p2b: Ursaluna|8\/100\n|move|p2b: Ursaluna|Blood Moon|p1b: Dragonite\n|-activate|p1b: Dragonite|move: Protect\n|\n|-damage|p1b: Dragonite|83\/100 brn|[from] brn\n|upkeep\n|turn|4\n|l| VGCLTH John Pork\n|\n|t:|1731508205\n|switch|p2b: Indeedee|Indeedee, L50, M|100\/100\n|-fieldstart|move: Psychic Terrain|[from] ability: Psychic Surge|[of] p2b: Indeedee\n|-enditem|p2a: Sneasler|Psychic Seed\n|-boost|p2a: Sneasler|spd|1|[from] item: Psychic Seed\n|move|p2a: Sneasler|Dire Claw|p1b: Dragonite\n|-damage|p1b: Dragonite|0 fnt\n|faint|p1b: Dragonite\n|move|p1a: Archaludon|Snarl|p2a: Sneasler|[spread] p2a,p2b\n|-resisted|p2a: Sneasler\n|-supereffective|p2b: Indeedee\n|-damage|p2a: Sneasler|95\/100\n|-damage|p2b: Indeedee|62\/100\n|-unboost|p2a: Sneasler|spa|1\n|-unboost|p2b: Indeedee|spa|1\n|\n|upkeep\n|\n|t:|1731508217\n|switch|p1b: Sinistcha|Sinistcha-Masterpiece, L50|100\/100\n|-heal|p1a: Archaludon|66\/100|[from] ability: Hospitality|[of] p1b: Sinistcha\n|turn|5\n|\n|t:|1731508239\n|switch|p1a: Incineroar|Incineroar, L50, M|100\/100\n|-ability|p1a: Incineroar|Intimidate|boost\n|-unboost|p2a: Sneasler|atk|1\n|-unboost|p2b: Indeedee|atk|1\n|move|p2a: Sneasler|Throat Chop|p1a: Incineroar\n|-resisted|p1a: Incineroar\n|-damage|p1a: Incineroar|92\/100\n|-start|p1a: Incineroar|Throat Chop|[silent]\n|move|p2b: Indeedee|Imprison|p2b: Indeedee\n|-start|p2b: Indeedee|move: Imprison\n|cant|p1b: Sinistcha|move: Imprison|Trick Room\n|\n|upkeep\n|turn|6\n|inactive|pescatora2 has 30 seconds left.\n|inactive|pescatora2 has 20 seconds left.\n|j| Trumpwonbro\n|inactive|pescatora2 has 15 seconds left.\n|\n|t:|1731508282\n|move|p2b: Indeedee|Helping Hand|p2a: Sneasler\n|-singleturn|p2a: Sneasler|Helping Hand|[of] p2b: Indeedee\n|move|p2a: Sneasler|Close Combat|p1a: Incineroar\n|-supereffective|p1a: Incineroar\n|-crit|p1a: Incineroar\n|-damage|p1a: Incineroar|0 fnt\n|-unboost|p2a: Sneasler|def|1\n|-unboost|p2a: Sneasler|spd|1\n|faint|p1a: Incineroar\n|move|p1b: Sinistcha|Life Dew||[still]\n|-fail|p1b: Sinistcha|heal\n|\n|upkeep\n|-message|pescatora2 forfeited.\n|\n|win|VGCLTH 2thyfor\n|raw|pescatora2's rating: 1865 &rarr; <strong>1842<\/strong><br \/>(-23 for losing)\n|raw|VGCLTH 2thyfor's rating: 1815 &rarr; <strong>1838<\/strong><br \/>(+23 for winning)\n|l|\u2606VGCLTH 2thyfor\n|player|p2|\n|j|\u2606VGCLTH 2thyfor\n|player|p2|VGCLTH 2thyfor|emmet|\n|l|\u2606VGCLTH 2thyfor\n|player|p2|\n|l| stewpeed\n|j|\u2606VGCLTH 2thyfor\n|player|p2|VGCLTH 2thyfor|emmet|\n|l|\u2606VGCLTH 2thyfor\n|player|p2|\n|l| Trumpwonbro\n|l| vgclth souly\n|l| pikavgc111\n","uploadtime":1731508338,"views":125,"formatid":"gen9vgc2024regh","rating":1838,"private":0,"password":null}