{"id":"gen9vgc2024regh-2243042114","format":"[Gen 9] VGC 2024 Reg H","players":["VGCLTH Cuwutie","VGCLTH Oinge"],"log":"|j|\u2606VGCLTH Cuwutie\n|j|\u2606VGCLTH Oinge\n|t:|1731505605\n|gametype|doubles\n|player|p1|VGCLTH Cuwutie|102|1751\n|player|p2|VGCLTH Oinge|mars|1661\n|teamsize|p1|6\n|teamsize|p2|6\n|gen|9\n|tier|[Gen 9] VGC 2024 Reg H\n|rated|\n|rule|Species Clause: Limit one of each Pok\u00e9mon\n|rule|Item Clause: Limit 1 of each item\n|clearpoke\n|poke|p1|Smeargle, L50, M|\n|poke|p1|Farigiraf, L50, M|\n|poke|p1|Grimmsnarl, L50, M|\n|poke|p1|Torkoal, L50, F|\n|poke|p1|Ursaluna-Bloodmoon, L50, M|\n|poke|p1|Araquanid, L50, F|\n|poke|p2|Sneasler, L50, M|\n|poke|p2|Farigiraf, L50, F|\n|poke|p2|Torkoal, L50, M|\n|poke|p2|Indeedee-F, L50, F|\n|poke|p2|Hatterene, L50, F|\n|poke|p2|Gallade, L50, M|\n|teampreview|4\n|j| vgclth souly\n|\n|t:|1731505646\n|start\n|switch|p1a: Smeargle|Smeargle, L50, M|100\/100\n|switch|p1b: Farigiraf|Farigiraf, L50, M|100\/100\n|switch|p2a: Sneasler|Sneasler, L50, M|100\/100\n|switch|p2b: Gallade|Gallade, L50, M|100\/100\n|turn|1\n|\n|t:|1731505657\n|move|p2a: Sneasler|Taunt|p1a: Smeargle\n|-start|p1a: Smeargle|move: Taunt\n|cant|p1a: Smeargle|move: Taunt|Spore\n|move|p2b: Gallade|Sacred Sword|p1b: Farigiraf\n|-damage|p1b: Farigiraf|37\/100\n|move|p1b: Farigiraf|Trick Room|p1b: Farigiraf\n|-fieldstart|move: Trick Room|[of] p1b: Farigiraf\n|\n|-ability|p1a: Smeargle|Moody|boost\n|-boost|p1a: Smeargle|spa|2\n|-unboost|p1a: Smeargle|atk|1\n|-enditem|p1a: Smeargle|Eject Pack\n|upkeep\n|\n|t:|1731505671\n|switch|p1a: Torkoal|Torkoal, L50, F|100\/100\n|-weather|SunnyDay|[from] ability: Drought|[of] p1a: Torkoal\n|turn|2\n|j| tu'ko delimo\n|\n|t:|1731505685\n|-terastallize|p1a: Torkoal|Fire\n|move|p2b: Gallade|Wide Guard|p2b: Gallade\n|-singleturn|p2b: Gallade|Wide Guard\n|move|p1a: Torkoal|Eruption|p2a: Sneasler|[spread] \n|-activate|p2a: Sneasler|move: Wide Guard\n|-activate|p2b: Gallade|move: Wide Guard\n|move|p1b: Farigiraf|Twin Beam|p2a: Sneasler\n|-supereffective|p2a: Sneasler\n|-damage|p2a: Sneasler|23\/100\n|-supereffective|p2a: Sneasler\n|-damage|p2a: Sneasler|0 fnt\n|faint|p2a: Sneasler\n|-hitcount|p2: Sneasler|2\n|\n|-weather|SunnyDay|[upkeep]\n|upkeep\n|l| tu'ko delimo\n|\n|t:|1731505698\n|switch|p2a: Hatterene|Hatterene, L50, F|100\/100\n|turn|3\n|\n|t:|1731505706\n|switch|p1a: Smeargle|Smeargle, L50, M|100\/100\n|switch|p2b: Indeedee|Indeedee-F, L50, F|100\/100\n|-fieldstart|move: Psychic Terrain|[from] ability: Psychic Surge|[of] p2b: Indeedee\n|-enditem|p2b: Indeedee|Psychic Seed\n|-boost|p2b: Indeedee|spd|1|[from] item: Psychic Seed\n|-terastallize|p2a: Hatterene|Fire\n|move|p2a: Hatterene|Expanding Force|p1a: Smeargle|[spread] p1a,p1b\n|-resisted|p1b: Farigiraf\n|-damage|p1a: Smeargle|0 fnt\n|-damage|p1b: Farigiraf|3\/100\n|faint|p1a: Smeargle\n|-damage|p2a: Hatterene|91\/100|[from] item: Life Orb\n|move|p1b: Farigiraf|Twin Beam|p2b: Indeedee\n|-resisted|p2b: Indeedee\n|-damage|p2b: Indeedee|94\/100\n|-resisted|p2b: Indeedee\n|-damage|p2b: Indeedee|88\/100\n|-hitcount|p2b: Indeedee|2\n|\n|-weather|SunnyDay|[upkeep]\n|upkeep\n|\n|t:|1731505712\n|switch|p1a: Torkoal|Torkoal, L50, F, tera:Fire|100\/100\n|turn|4\n|\n|t:|1731505733\n|move|p1b: Farigiraf|Helping Hand|p1a: Torkoal\n|-singleturn|p1a: Torkoal|Helping Hand|[of] p1b: Farigiraf\n|move|p2a: Hatterene|Protect|p2a: Hatterene\n|-singleturn|p2a: Hatterene|Protect\n|move|p1a: Torkoal|Eruption|p2b: Indeedee|[spread] p2b\n|-activate|p2a: Hatterene|move: Protect\n|-damage|p2b: Indeedee|0 fnt\n|faint|p2b: Indeedee\n|\n|-weather|SunnyDay|[upkeep]\n|upkeep\n|\n|t:|1731505741\n|switch|p2b: Gallade|Gallade, L50, M|100\/100\n|turn|5\n|\n|t:|1731505761\n|move|p2b: Gallade|Wide Guard|p2b: Gallade\n|-singleturn|p2b: Gallade|Wide Guard\n|move|p1a: Torkoal|Eruption|p2a: Hatterene|[spread] \n|-activate|p2a: Hatterene|move: Wide Guard\n|-activate|p2b: Gallade|move: Wide Guard\n|move|p2a: Hatterene|Expanding Force|p1b: Farigiraf|[spread] p1a,p1b\n|-resisted|p1b: Farigiraf\n|-damage|p1a: Torkoal|0 fnt\n|-damage|p1b: Farigiraf|0 fnt\n|faint|p1a: Torkoal\n|faint|p1b: Farigiraf\n|-damage|p2a: Hatterene|81\/100|[from] item: Life Orb\n|\n|-weather|SunnyDay|[upkeep]\n|-fieldend|move: Trick Room\n|upkeep\n|\n|t:|1731505764\n|switch|p1b: Ursaluna|Ursaluna-Bloodmoon, L50, M|100\/100\n|turn|6\n|\n|t:|1731505776\n|move|p2b: Gallade|Sacred Sword|p1b: Ursaluna\n|-supereffective|p1b: Ursaluna\n|-damage|p1b: Ursaluna|10\/100\n|move|p1b: Ursaluna|Blood Moon|p2a: Hatterene\n|-damage|p2a: Hatterene|0 fnt\n|faint|p2a: Hatterene\n|-damage|p1b: Ursaluna|0 fnt|[from] item: Life Orb\n|faint|p1b: Ursaluna\n|\n|win|VGCLTH Oinge\n|raw|VGCLTH Cuwutie's rating: 1751 &rarr; <strong>1726<\/strong><br \/>(-25 for losing)\n|raw|VGCLTH Oinge's rating: 1661 &rarr; <strong>1686<\/strong><br \/>(+25 for winning)\n|l| vgclth souly\n|l|\u2606VGCLTH Oinge\n|player|p2|\n|l|\u2606VGCLTH Cuwutie\n|player|p1|\n","uploadtime":1731506033,"views":22,"formatid":"gen9vgc2024regh","rating":1686,"private":0,"password":null}