{"id":"gen9vgc2024regh-2243332229","format":"[Gen 9] VGC 2024 Reg H","players":["jrylam21","VGCLTH Thacrow"],"log":"|j|\u2606jrylam21\n|j|\u2606VGCLTH Thacrow\n|t:|1731534312\n|gametype|doubles\n|player|p1|jrylam21|102|1660\n|player|p2|VGCLTH Thacrow|wallace-masters|1802\n|teamsize|p1|6\n|teamsize|p2|6\n|gen|9\n|tier|[Gen 9] VGC 2024 Reg H\n|rated|\n|rule|Species Clause: Limit one of each Pok\u00e9mon\n|rule|Item Clause: Limit 1 of each item\n|clearpoke\n|poke|p1|Yanmega, L50, F|\n|poke|p1|Ursaluna, L50, M|\n|poke|p1|Porygon2, L50|\n|poke|p1|Incineroar, L50, M|\n|poke|p1|Dragonite, L50, F|\n|poke|p1|Hydreigon, L50, F|\n|poke|p2|Ceruledge, L50, M|\n|poke|p2|Gastrodon-East, L50, M|\n|poke|p2|Sneasler, L50, F|\n|poke|p2|Dragonite, L50, M|\n|poke|p2|Rillaboom, L50, F|\n|poke|p2|Kingambit, L50, M|\n|teampreview|4\nVGCLTH Thacrow has agreed to open team sheets.\n|j| mr pogostick\n|inactive|Battle timer is ON: inactive players will automatically lose when time's up. (requested by jrylam21)\n|\n|t:|1731534346\n|start\n|switch|p1a: Yanmega|Yanmega, L50, F|100\/100\n|switch|p1b: Ursaluna|Ursaluna, L50, M|100\/100\n|switch|p2a: Kidturtle|Sneasler, L50, F, shiny|100\/100\n|switch|p2b: Godlyreal|Kingambit, L50, M|100\/100\n|turn|1\n|\n|t:|1731534359\n|-terastallize|p2b: Godlyreal|Flying\n|move|p1a: Yanmega|Detect|p1a: Yanmega\n|-singleturn|p1a: Yanmega|Protect\n|move|p1b: Ursaluna|Protect|p1b: Ursaluna\n|-singleturn|p1b: Ursaluna|Protect\n|move|p2a: Kidturtle|Coaching|p2b: Godlyreal\n|-boost|p2b: Godlyreal|atk|1\n|-boost|p2b: Godlyreal|def|1\n|move|p2b: Godlyreal|Tera Blast|p1a: Yanmega|[anim] Tera Blast Flying\n|-activate|p1a: Yanmega|move: Protect\n|\n|-ability|p1a: Yanmega|Speed Boost|boost\n|-boost|p1a: Yanmega|spe|1\n|-status|p1b: Ursaluna|brn|[from] item: Flame Orb\n|upkeep\n|turn|2\n|inactive|jrylam21 has 30 seconds left.\n|\n|t:|1731534386\n|move|p1a: Yanmega|Air Slash|p2b: Godlyreal\n|-damage|p2b: Godlyreal|72\/100\n|move|p2a: Kidturtle|Coaching|p2b: Godlyreal\n|-boost|p2b: Godlyreal|atk|1\n|-boost|p2b: Godlyreal|def|1\n|move|p1b: Ursaluna|Facade|p2b: Godlyreal\n|-damage|p2b: Godlyreal|27\/100\n|move|p2b: Godlyreal|Tera Blast|p1a: Yanmega|[anim] Tera Blast Flying\n|-supereffective|p1a: Yanmega\n|-enditem|p1a: Yanmega|Focus Sash\n|-damage|p1a: Yanmega|1\/100\n|\n|-damage|p1b: Ursaluna|95\/100 brn|[from] brn\n|-ability|p1a: Yanmega|Speed Boost|boost\n|-boost|p1a: Yanmega|spe|1\n|upkeep\n|turn|3\n|j| VGCLTH TnB\n|\n|t:|1731534408\n|move|p2b: Godlyreal|Sucker Punch||[still]\n|-fail|p2b: Godlyreal\n|move|p1a: Yanmega|Tailwind|p1a: Yanmega\n|-sidestart|p1: jrylam21|move: Tailwind\n|move|p1b: Ursaluna|Facade|p2b: Godlyreal\n|-damage|p2b: Godlyreal|0 fnt\n|faint|p2b: Godlyreal\n|move|p2a: Kidturtle|Close Combat|p1b: Ursaluna\n|-supereffective|p1b: Ursaluna\n|-crit|p1b: Ursaluna\n|-damage|p1b: Ursaluna|0 fnt\n|-unboost|p2a: Kidturtle|def|1\n|-unboost|p2a: Kidturtle|spd|1\n|faint|p1b: Ursaluna\n|\n|-ability|p1a: Yanmega|Speed Boost|boost\n|-boost|p1a: Yanmega|spe|1\n|upkeep\n|\n|t:|1731534423\n|switch|p1b: Dragonite|Dragonite, L50, F|100\/100\n|switch|p2b: Main Flutter|Dragonite, L50, M, shiny|100\/100\n|turn|4\n|\n|t:|1731534440\n|-terastallize|p1b: Dragonite|Fairy\n|move|p1a: Yanmega|Air Slash|p2a: Kidturtle\n|-supereffective|p2a: Kidturtle\n|-enditem|p2a: Kidturtle|Focus Sash\n|-damage|p2a: Kidturtle|1\/100\n|move|p2a: Kidturtle|Dire Claw|p1a: Yanmega\n|-damage|p1a: Yanmega|0 fnt\n|faint|p1a: Yanmega\n|move|p1b: Dragonite|Scale Shot|p2b: Main Flutter\n|-supereffective|p2b: Main Flutter\n|-damage|p2b: Main Flutter|85\/100\n|-supereffective|p2b: Main Flutter\n|-damage|p2b: Main Flutter|54\/100\n|-supereffective|p2b: Main Flutter\n|-damage|p2b: Main Flutter|21\/100\n|-supereffective|p2b: Main Flutter\n|-damage|p2b: Main Flutter|0 fnt\n|faint|p2b: Main Flutter\n|-hitcount|p2: Main Flutter|4\n|-unboost|p1b: Dragonite|def|1\n|-boost|p1b: Dragonite|spe|1\n|\n|upkeep\n|\n|t:|1731534459\n|switch|p1a: Incineroar|Incineroar, L50, M|100\/100\n|switch|p2b: AdlrichYan|Rillaboom, L50, F|100\/100\n|-ability|p1a: Incineroar|Intimidate|boost\n|-unboost|p2a: Kidturtle|atk|1\n|-unboost|p2b: AdlrichYan|atk|1\n|-fieldstart|move: Grassy Terrain|[from] ability: Grassy Surge|[of] p2b: AdlrichYan\n|turn|5\n|-message|VGCLTH Thacrow forfeited.\n|\n|win|jrylam21\n|raw|jrylam21's rating: 1660 &rarr; <strong>1688<\/strong><br \/>(+28 for winning)\n|raw|VGCLTH Thacrow's rating: 1802 &rarr; <strong>1774<\/strong><br \/>(-28 for losing)\n|l|\u2606VGCLTH Thacrow\n|player|p2|\n|l| mr pogostick\n|j| Finabas\n|l| Finabas\n|l| VGCLTH TnB\n","uploadtime":1731534486,"views":22,"formatid":"gen9vgc2024regh","rating":1688,"private":0,"password":null}