{"id":"gen9vgc2024regh-2243748307","format":"[Gen 9] VGC 2024 Reg H","players":["vgclth elowyn","tex771"],"log":"|raw|<div class=\"broadcast-blue\"><strong>This battle is required to be public due to a player having a name starting with 'vgclth'.<\/div>\n|j|\u2606vgclth elowyn\n|j|\u2606tex771\n|t:|1731595220\n|gametype|doubles\n|player|p1|vgclth elowyn|1|1794\n|player|p2|tex771|1|1679\n|teamsize|p1|6\n|teamsize|p2|6\n|gen|9\n|tier|[Gen 9] VGC 2024 Reg H\n|rated|\n|rule|Species Clause: Limit one of each Pok\u00e9mon\n|rule|Item Clause: Limit 1 of each item\n|clearpoke\n|poke|p1|Smeargle, L50, F|\n|poke|p1|Farigiraf, L50, M|\n|poke|p1|Maushold-Four, L50|\n|poke|p1|Torkoal, L50, F|\n|poke|p1|Ursaluna-Bloodmoon, L50, M|\n|poke|p1|Weezing-Galar, L50, F|\n|poke|p2|Gallade, L50, M|\n|poke|p2|Incineroar, L50, M|\n|poke|p2|Kingambit, L50, M|\n|poke|p2|Ninetales-Alola, L50, M|\n|poke|p2|Garchomp, L50, M|\n|poke|p2|Dragonite, L50, M|\n|teampreview|4\n|inactive|Battle timer is ON: inactive players will automatically lose when time's up. (requested by tex771)\n|\n|t:|1731595247\n|start\n|switch|p1a: Smeargle|Smeargle, L50, F|100\/100\n|switch|p1b: Farigiraf|Farigiraf, L50, M|100\/100\n|switch|p2a: Garchomp|Garchomp, L50, M|100\/100\n|switch|p2b: Dragonite|Dragonite, L50, M, shiny|100\/100\n|turn|1\n|inactive|tex771 has 30 seconds left.\n|\n|t:|1731595277\n|move|p1a: Smeargle|Fake Out|p2a: Garchomp\n|-damage|p2a: Garchomp|95\/100\n|-damage|p1a: Smeargle|88\/100|[from] ability: Rough Skin|[of] p2a: Garchomp\n|cant|p2a: Garchomp|flinch\n|move|p2b: Dragonite|Ice Spinner|p1a: Smeargle\n|-damage|p1a: Smeargle|15\/100\n|move|p1b: Farigiraf|Trick Room|p1b: Farigiraf\n|-fieldstart|move: Trick Room|[of] p1b: Farigiraf\n|\n|-ability|p1a: Smeargle|Moody|boost\n|-boost|p1a: Smeargle|spd|2\n|-unboost|p1a: Smeargle|spa|1\n|-enditem|p1a: Smeargle|Eject Pack\n|upkeep\n|\n|t:|1731595284\n|switch|p1a: Ursaluna|Ursaluna-Bloodmoon, L50, M|100\/100\n|turn|2\n|inactive|tex771 has 30 seconds left.\n|inactive|tex771 has 20 seconds left.\n|\n|t:|1731595323\n|-terastallize|p1a: Ursaluna|Normal\n|-terastallize|p2a: Garchomp|Steel\n|move|p1b: Farigiraf|Twin Beam|p2b: Dragonite\n|-damage|p2b: Dragonite|91\/100\n|-damage|p2b: Dragonite|82\/100\n|-hitcount|p2b: Dragonite|2\n|move|p1a: Ursaluna|Hyper Voice|p2a: Garchomp|[spread] p2a,p2b\n|-resisted|p2a: Garchomp\n|-damage|p2a: Garchomp|61\/100\n|-damage|p2b: Dragonite|35\/100\n|-damage|p1a: Ursaluna|90\/100|[from] item: Life Orb\n|move|p2b: Dragonite|Low Kick|p1a: Ursaluna\n|-supereffective|p1a: Ursaluna\n|-damage|p1a: Ursaluna|32\/100\n|move|p2a: Garchomp|Dragon Claw|p1a: Ursaluna\n|-damage|p1a: Ursaluna|3\/100\n|\n|upkeep\n|turn|3\n|inactive|vgclth elowyn has 30 seconds left.\n|\n|t:|1731595349\n|move|p1b: Farigiraf|Helping Hand|p1a: Ursaluna\n|-singleturn|p1a: Ursaluna|Helping Hand|[of] p1b: Farigiraf\n|move|p1a: Ursaluna|Hyper Voice|p2a: Garchomp|[spread] p2a,p2b\n|-resisted|p2a: Garchomp\n|-damage|p2a: Garchomp|2\/100\n|-damage|p2b: Dragonite|0 fnt\n|faint|p2b: Dragonite\n|-damage|p1a: Ursaluna|0 fnt|[from] item: Life Orb\n|faint|p1a: Ursaluna\n|move|p2a: Garchomp|Dragon Claw|p1b: Farigiraf\n|-damage|p1b: Farigiraf|57\/100\n|\n|upkeep\n|\n|t:|1731595361\n|switch|p1a: Torkoal|Torkoal, L50, F|100\/100\n|switch|p2b: Kingambit|Kingambit, L50, M, shiny|100\/100\n|-weather|SunnyDay|[from] ability: Drought|[of] p1a: Torkoal\n|turn|4\n|\n|t:|1731595371\n|move|p1b: Farigiraf|Helping Hand|p1a: Torkoal\n|-singleturn|p1a: Torkoal|Helping Hand|[of] p1b: Farigiraf\n|move|p2b: Kingambit|Protect|p2b: Kingambit\n|-singleturn|p2b: Kingambit|Protect\n|move|p1a: Torkoal|Eruption|p2b: Kingambit|[spread] p2a\n|-activate|p2b: Kingambit|move: Protect\n|-supereffective|p2a: Garchomp\n|-damage|p2a: Garchomp|0 fnt\n|faint|p2a: Garchomp\n|\n|-weather|SunnyDay|[upkeep]\n|upkeep\n|\n|t:|1731595378\n|switch|p2a: Gallade|Gallade, L50, M, shiny|100\/100\n|turn|5\n|\n|t:|1731595401\n|move|p2a: Gallade|Wide Guard|p2a: Gallade\n|-singleturn|p2a: Gallade|Wide Guard\n|move|p1a: Torkoal|Eruption|p2a: Gallade|[spread] \n|-activate|p2a: Gallade|move: Wide Guard\n|-activate|p2b: Kingambit|move: Wide Guard\n|move|p1b: Farigiraf|Twin Beam|p2a: Gallade\n|-damage|p2a: Gallade|82\/100\n|-damage|p2a: Gallade|65\/100\n|-hitcount|p2a: Gallade|2\n|move|p2b: Kingambit|Kowtow Cleave|p1a: Torkoal\n|-damage|p1a: Torkoal|58\/100\n|\n|-weather|SunnyDay|[upkeep]\n|-fieldend|move: Trick Room\n|upkeep\n|turn|6\n|\n|t:|1731595420\n|move|p2a: Gallade|Sacred Sword|p1a: Torkoal\n|-damage|p1a: Torkoal|0 fnt\n|faint|p1a: Torkoal\n|move|p2b: Kingambit|Kowtow Cleave|p1b: Farigiraf\n|-supereffective|p1b: Farigiraf\n|-crit|p1b: Farigiraf\n|-damage|p1b: Farigiraf|0 fnt\n|faint|p1b: Farigiraf\n|\n|-weather|SunnyDay|[upkeep]\n|upkeep\n|-message|vgclth elowyn forfeited.\n|\n|win|tex771\n|raw|vgclth elowyn's rating: 1808 &rarr; <strong>1781<\/strong><br \/>(-27 for losing)\n|raw|tex771's rating: 1679 &rarr; <strong>1706<\/strong><br \/>(+27 for winning)\n|l|\u2606vgclth elowyn\n|player|p1|\n","uploadtime":1731595563,"views":18,"formatid":"gen9vgc2024regh","rating":1706,"private":0,"password":null}