{"id":"gen9vgc2024regh-2243091035","format":"[Gen 9] VGC 2024 Reg H","players":["SL1D","Zordor"],"log":"|j|\u2606SL1D\n|j|\u2606Zordor\n|t:|1731510900\n|gametype|doubles\n|player|p1|SL1D|blue|1657\n|player|p2|Zordor|pilot|1811\n|teamsize|p1|6\n|teamsize|p2|6\n|gen|9\n|tier|[Gen 9] VGC 2024 Reg H\n|rated|\n|rule|Species Clause: Limit one of each Pok\u00e9mon\n|rule|Item Clause: Limit 1 of each item\n|clearpoke\n|poke|p1|Vivillon, L50, M|\n|poke|p1|Gliscor, L50, F|\n|poke|p1|Archaludon, L50, M|\n|poke|p1|Kingambit, L50, M|\n|poke|p1|Incineroar, L50, F|\n|poke|p1|Ninetales-Alola, L50, F|\n|poke|p2|Rotom-Wash, L50|\n|poke|p2|Sneasler, L50, F|\n|poke|p2|Kingambit, L50, M|\n|poke|p2|Armarouge, L50, M|\n|poke|p2|Dragapult, L50, F|\n|poke|p2|Venusaur, L50, F|\n|teampreview|4\n|inactive|Battle timer is ON: inactive players will automatically lose when time's up. (requested by SL1D)\n|j| stewpeed\n|inactive|Zordor has 60 seconds left.\n|\n|t:|1731510946\n|start\n|switch|p1a: Vivillon|Vivillon, L50, M|100\/100\n|switch|p1b: Gliscor|Gliscor, L50, F, shiny|100\/100\n|switch|p2a: Rotom|Rotom-Wash, L50|100\/100\n|switch|p2b: Sneasler|Sneasler, L50, F|100\/100\n|turn|1\n|inactive|SL1D has 30 seconds left.\n|inactive|Zordor has 30 seconds left.\n|\n|t:|1731510979\n|-terastallize|p1a: Vivillon|Ghost\n|move|p2b: Sneasler|Rock Tomb|p1a: Vivillon\n|-damage|p1a: Vivillon|66\/100\n|-unboost|p1a: Vivillon|spe|1\n|move|p2a: Rotom|Electroweb|p1a: Vivillon|[spread] p1a\n|-immune|p1b: Gliscor\n|-damage|p1a: Vivillon|33\/100\n|-unboost|p1a: Vivillon|spe|1\n|move|p1b: Gliscor|Dual Wingbeat|p2b: Sneasler\n|-supereffective|p2b: Sneasler\n|-damage|p2b: Sneasler|18\/100\n|-supereffective|p2b: Sneasler\n|-damage|p2b: Sneasler|0 fnt\n|faint|p2b: Sneasler\n|-hitcount|p2: Sneasler|2\n|move|p1a: Vivillon|Sleep Powder|p2a: Rotom\n|-status|p2a: Rotom|slp|[from] move: Sleep Powder\n|\n|upkeep\n|\n|t:|1731510998\n|switch|p2b: Dragapult|Dragapult, L50, F|100\/100\n|turn|2\n|\n|t:|1731511006\n|switch|p1a: Ninetales|Ninetales-Alola, L50, F|100\/100\n|-weather|Snow|[from] ability: Snow Warning|[of] p1a: Ninetales\n|move|p2b: Dragapult|Dragon Darts|p1b: Gliscor\n|-damage|p1b: Gliscor|78\/100\n|-anim|p2b: Dragapult|Dragon Darts|p1b: Gliscor\n|-damage|p1b: Gliscor|57\/100\n|cant|p2a: Rotom|slp\n|move|p1b: Gliscor|Dual Wingbeat|p2b: Dragapult\n|-damage|p2b: Dragapult|69\/100\n|-damage|p2b: Dragapult|37\/100\n|-hitcount|p2b: Dragapult|2\n|\n|-weather|Snow|[upkeep]\n|upkeep\n|turn|3\n|\n|t:|1731511024\n|switch|p1b: Kingambit|Kingambit, L50, M|100\/100\n|move|p2b: Dragapult|U-turn|p1a: Ninetales\n|-resisted|p1a: Ninetales\n|-damage|p1a: Ninetales|92\/100\n|\n|t:|1731511029\n|switch|p2b: Kingambit|Kingambit, L50, M, shiny|100\/100|[from] U-turn\n|move|p1a: Ninetales|Blizzard|p2a: Rotom|[spread] p2a,p2b\n|-resisted|p2a: Rotom\n|-resisted|p2b: Kingambit\n|-damage|p2a: Rotom|88\/100 slp\n|-damage|p2b: Kingambit|89\/100\n|cant|p2a: Rotom|slp\n|\n|-weather|Snow|[upkeep]\n|upkeep\n|turn|4\n|\n|t:|1731511038\n|move|p1a: Ninetales|Aurora Veil|p1a: Ninetales\n|-sidestart|p1: SL1D|move: Aurora Veil\n|-curestatus|p2a: Rotom|slp|[msg]\n|move|p2a: Rotom|Will-O-Wisp|p1b: Kingambit|[miss]\n|-miss|p2a: Rotom|p1b: Kingambit\n|move|p2b: Kingambit|Iron Head|p1a: Ninetales\n|-supereffective|p1a: Ninetales\n|-damage|p1a: Ninetales|10\/100\n|move|p1b: Kingambit|Low Kick|p2b: Kingambit\n|-supereffective|p2b: Kingambit\n|-damage|p2b: Kingambit|0 fnt\n|faint|p2b: Kingambit\n|\n|-weather|Snow|[upkeep]\n|upkeep\n|j| ChinaDragonVGC\n|\n|t:|1731511045\n|switch|p2b: Dragapult|Dragapult, L50, F|37\/100\n|turn|5\n|\n|t:|1731511055\n|-terastallize|p2b: Dragapult|Fighting\n|move|p1a: Ninetales|Protect|p1a: Ninetales\n|-singleturn|p1a: Ninetales|Protect\n|move|p1b: Kingambit|Sucker Punch|p2b: Dragapult\n|-resisted|p2b: Dragapult\n|-damage|p2b: Dragapult|12\/100\n|move|p2b: Dragapult|Tera Blast|p1b: Kingambit|[anim] Tera Blast Fighting\n|-supereffective|p1b: Kingambit\n|-damage|p1b: Kingambit|31\/100\n|move|p2a: Rotom|Electroweb|p1b: Kingambit|[spread] p1b\n|-activate|p1a: Ninetales|move: Protect\n|-damage|p1b: Kingambit|23\/100\n|-unboost|p1b: Kingambit|spe|1\n|-ability|p1b: Kingambit|Defiant|boost\n|-boost|p1b: Kingambit|atk|2\n|\n|-weather|Snow|[upkeep]\n|upkeep\n|turn|6\n|\n|t:|1731511075\n|move|p1b: Kingambit|Sucker Punch|p2b: Dragapult\n|-resisted|p2b: Dragapult\n|-damage|p2b: Dragapult|0 fnt\n|faint|p2b: Dragapult\n|move|p1a: Ninetales|Freeze-Dry|p2a: Rotom\n|-supereffective|p2a: Rotom\n|-damage|p2a: Rotom|44\/100\n|-status|p2a: Rotom|frz\n|cant|p2a: Rotom|frz\n|\n|-weather|none\n|upkeep\n|turn|7\n|-message|Zordor forfeited.\n|\n|win|SL1D\n|raw|SL1D's rating: 1657 &rarr; <strong>1685<\/strong><br \/>(+28 for winning)\n|raw|Zordor's rating: 1811 &rarr; <strong>1783<\/strong><br \/>(-28 for losing)\n|l|\u2606Zordor\n|player|p2|\n|l| stewpeed\n|l|\u2606SL1D\n|player|p1|\n","uploadtime":1731511313,"views":20,"formatid":"gen9vgc2024regh","rating":1685,"private":0,"password":null}