{"id":"gen9vgc2024regh-2243788347","format":"[Gen 9] VGC 2024 Reg H","players":["vgclth chromate","Pastels Badges"],"log":"|raw|<div class=\"broadcast-blue\"><strong>This battle is required to be public due to a player having a name starting with 'vgclth'.<\/div>\n|j|\u2606vgclth chromate\n|j|\u203dPastels Badges\n|t:|1731599227\n|gametype|doubles\n|player|p1|vgclth chromate|allister|1819\n|player|p2|Pastels Badges|rosa|1833\n|teamsize|p1|6\n|teamsize|p2|6\n|gen|9\n|tier|[Gen 9] VGC 2024 Reg H\n|rated|\n|rule|Species Clause: Limit one of each Pok\u00e9mon\n|rule|Item Clause: Limit 1 of each item\n|clearpoke\n|poke|p1|Archaludon, L50, M|\n|poke|p1|Pelipper, L50, M|\n|poke|p1|Basculegion, L50, M|\n|poke|p1|Gholdengo, L50|\n|poke|p1|Incineroar, L50, M|\n|poke|p1|Amoonguss, L50, M|\n|poke|p2|Sneasler, L50, M|\n|poke|p2|Dragonite, L50, F|\n|poke|p2|Rillaboom, L50, M|\n|poke|p2|Volcarona, L50, F|\n|poke|p2|Dondozo, L50, F|\n|poke|p2|Kingambit, L50, F|\n|teampreview|4\n|j| Furret the heretic\n|\n|t:|1731599249\n|start\n|switch|p1a: Amoonguss|Amoonguss, L50, M|100\/100\n|switch|p1b: Pelipper|Pelipper, L50, M|100\/100\n|switch|p2a: Sneasler|Sneasler, L50, M|100\/100\n|switch|p2b: Kingambit|Kingambit, L50, F|100\/100\n|-weather|RainDance|[from] ability: Drizzle|[of] p1b: Pelipper\n|turn|1\n|\n|t:|1731599261\n|move|p2a: Sneasler|Dire Claw|p1b: Pelipper\n|-damage|p1b: Pelipper|45\/100\n|-status|p1b: Pelipper|psn\n|move|p1b: Pelipper|Weather Ball|p2b: Kingambit\n|-damage|p2b: Kingambit|26\/100\n|move|p2b: Kingambit|Kowtow Cleave|p1b: Pelipper\n|-damage|p1b: Pelipper|0 fnt\n|faint|p1b: Pelipper\n|move|p1a: Amoonguss|Spore|p2a: Sneasler\n|-status|p2a: Sneasler|slp|[from] move: Spore\n|\n|-weather|RainDance|[upkeep]\n|upkeep\n|j| VGCLTH ihatebo1\n|\n|t:|1731599270\n|switch|p1b: Archaludon|Archaludon, L50, M|100\/100\n|turn|2\n|\n|t:|1731599303\n|move|p2b: Kingambit|Protect|p2b: Kingambit\n|-singleturn|p2b: Kingambit|Protect\n|cant|p2a: Sneasler|slp\n|move|p1b: Archaludon|Electro Shot||[still]\n|-prepare|p1b: Archaludon|Electro Shot\n|-boost|p1b: Archaludon|spa|1\n|-anim|p1b: Archaludon|Electro Shot|p2b: Kingambit\n|-activate|p2b: Kingambit|move: Protect\n|move|p1a: Amoonguss|Pollen Puff|p2a: Sneasler\n|-resisted|p2a: Sneasler\n|-damage|p2a: Sneasler|94\/100 slp\n|\n|-weather|RainDance|[upkeep]\n|upkeep\n|turn|3\n|j| DragonKenergy\n|\n|t:|1731599320\n|move|p1a: Amoonguss|Rage Powder|p1a: Amoonguss\n|-singleturn|p1a: Amoonguss|move: Rage Powder\n|move|p2b: Kingambit|Sucker Punch|p1b: Archaludon\n|-damage|p1b: Archaludon|70\/100\n|-ability|p1b: Archaludon|Stamina|boost\n|-boost|p1b: Archaludon|def|1\n|cant|p2a: Sneasler|slp\n|move|p1b: Archaludon|Electro Shot||[still]\n|-prepare|p1b: Archaludon|Electro Shot\n|-boost|p1b: Archaludon|spa|1\n|-anim|p1b: Archaludon|Electro Shot|p2a: Sneasler\n|-damage|p2a: Sneasler|0 fnt\n|faint|p2a: Sneasler\n|\n|-weather|RainDance|[upkeep]\n|upkeep\n|\n|t:|1731599337\n|switch|p2a: Dondozo|Dondozo, L50, F|100\/100\n|turn|4\n|\n|t:|1731599350\n|-terastallize|p2a: Dondozo|Electric\n|move|p2b: Kingambit|Protect|p2b: Kingambit\n|-singleturn|p2b: Kingambit|Protect\n|move|p1a: Amoonguss|Rage Powder|p1a: Amoonguss\n|-singleturn|p1a: Amoonguss|move: Rage Powder\n|move|p1b: Archaludon|Electro Shot||[still]\n|-prepare|p1b: Archaludon|Electro Shot\n|-boost|p1b: Archaludon|spa|1\n|-anim|p1b: Archaludon|Electro Shot|p2b: Kingambit\n|-activate|p2b: Kingambit|move: Protect\n|move|p2a: Dondozo|Yawn|p1a: Amoonguss\n|-start|p1a: Amoonguss|move: Yawn|[of] p2a: Dondozo\n|\n|-weather|RainDance|[upkeep]\n|upkeep\n|turn|5\n|j| stewpeed\n|\n|t:|1731599368\n|move|p2b: Kingambit|Protect||[still]\n|-fail|p2b: Kingambit\n|move|p1b: Archaludon|Electro Shot||[still]\n|-prepare|p1b: Archaludon|Electro Shot\n|-boost|p1b: Archaludon|spa|1\n|-anim|p1b: Archaludon|Electro Shot|p2b: Kingambit\n|-crit|p2b: Kingambit\n|-damage|p2b: Kingambit|0 fnt\n|faint|p2b: Kingambit\n|move|p2a: Dondozo|Yawn|p1b: Archaludon\n|-start|p1b: Archaludon|move: Yawn|[of] p2a: Dondozo\n|move|p1a: Amoonguss|Spore|p2a: Dondozo\n|-status|p2a: Dondozo|slp|[from] move: Spore\n|\n|-weather|none\n|-end|p1a: Amoonguss|move: Yawn|[silent]\n|-status|p1a: Amoonguss|slp\n|upkeep\n|\n|t:|1731599379\n|switch|p2b: Volcarona|Volcarona, L50, F|100\/100\n|turn|6\n|\n|t:|1731599398\n|switch|p1b: Incineroar|Incineroar, L50, M|100\/100\n|-ability|p1b: Incineroar|Intimidate|boost\n|-unboost|p2a: Dondozo|atk|1\n|-unboost|p2b: Volcarona|atk|1\n|-terastallize|p1a: Amoonguss|Water\n|move|p2b: Volcarona|Quiver Dance|p2b: Volcarona\n|-boost|p2b: Volcarona|spa|1\n|-boost|p2b: Volcarona|spd|1\n|-boost|p2b: Volcarona|spe|1\n|cant|p2a: Dondozo|slp\n|cant|p1a: Amoonguss|slp\n|\n|upkeep\n|turn|7\n|\n|t:|1731599421\n|move|p2b: Volcarona|Quiver Dance|p2b: Volcarona\n|-boost|p2b: Volcarona|spa|1\n|-boost|p2b: Volcarona|spd|1\n|-boost|p2b: Volcarona|spe|1\n|move|p1b: Incineroar|Flare Blitz|p2b: Volcarona\n|-damage|p2b: Volcarona|45\/100\n|-enditem|p2b: Volcarona|Sitrus Berry|[eat]\n|-heal|p2b: Volcarona|70\/100|[from] item: Sitrus Berry\n|-damage|p1b: Incineroar|83\/100|[from] Recoil\n|-curestatus|p2a: Dondozo|slp|[msg]\n|move|p2a: Dondozo|Fissure|p1a: Amoonguss\n|-damage|p1a: Amoonguss|0 fnt\n|faint|p1a: Amoonguss\n|-ohko\n|\n|upkeep\n|\n|t:|1731599430\n|switch|p1a: Archaludon|Archaludon, L50, M|70\/100\n|turn|8\n|\n|t:|1731599465\n|move|p2b: Volcarona|Protect|p2b: Volcarona\n|-singleturn|p2b: Volcarona|Protect\n|move|p1b: Incineroar|Flare Blitz|p2b: Volcarona\n|-activate|p2b: Volcarona|move: Protect\n|move|p1a: Archaludon|Dragon Pulse|p2b: Volcarona\n|-activate|p2b: Volcarona|move: Protect\n|move|p2a: Dondozo|Yawn|p1b: Incineroar\n|-start|p1b: Incineroar|move: Yawn|[of] p2a: Dondozo\n|\n|upkeep\n|turn|9\n|\n|t:|1731599479\n|move|p2b: Volcarona|Heat Wave|p1a: Archaludon|[spread] p1a\n|-miss|p2b: Volcarona|p1b: Incineroar\n|-damage|p1a: Archaludon|24\/100\n|-ability|p1a: Archaludon|Stamina|boost\n|-boost|p1a: Archaludon|def|1\n|move|p1b: Incineroar|Flare Blitz|p2b: Volcarona\n|-damage|p2b: Volcarona|19\/100\n|-damage|p1b: Incineroar|66\/100|[from] Recoil\n|move|p1a: Archaludon|Dragon Pulse|p2b: Volcarona\n|-damage|p2b: Volcarona|1\/100\n|move|p2a: Dondozo|Wave Crash|p1b: Incineroar\n|-supereffective|p1b: Incineroar\n|-damage|p1b: Incineroar|15\/100\n|-damage|p2a: Dondozo|87\/100|[from] Recoil\n|\n|-heal|p2a: Dondozo|93\/100|[from] item: Leftovers\n|-end|p1b: Incineroar|move: Yawn|[silent]\n|-status|p1b: Incineroar|slp\n|upkeep\n|turn|10\n|-message|vgclth chromate forfeited.\n|\n|win|Pastels Badges\n|raw|vgclth chromate's rating: 1819 &rarr; <strong>1800<\/strong><br \/>(-19 for losing)\n|raw|Pastels Badges's rating: 1833 &rarr; <strong>1852<\/strong><br \/>(+19 for winning)\n|l|\u2606vgclth chromate\n|player|p1|\n|l| Furret the heretic\n|l|\u203dPastels Badges\n|player|p2|\n|j|\u2606vgclth chromate\n|player|p1|vgclth chromate|allister|\n|l|\u2606vgclth chromate\n|player|p1|\n|l| DragonKenergy\n","uploadtime":1731599707,"views":48,"formatid":"gen9vgc2024regh","rating":1800,"private":0,"password":null}