{"id":"gen9vgc2024regh-2243168568","format":"[Gen 9] VGC 2024 Reg H","players":["nivea4","vgclth chromate"],"log":"|raw|<div class=\"broadcast-blue\"><strong>This battle is required to be public due to a player having a name starting with 'vgclth'.<\/div>\n|j|\u2606nivea4\n|j|\u2606vgclth chromate\n|t:|1731518433\n|gametype|doubles\n|player|p1|nivea4|ltsurge|1720\n|player|p2|vgclth chromate|allister|1786\n|teamsize|p1|6\n|teamsize|p2|6\n|gen|9\n|tier|[Gen 9] VGC 2024 Reg H\n|rated|\n|rule|Species Clause: Limit one of each Pok\u00e9mon\n|rule|Item Clause: Limit 1 of each item\n|clearpoke\n|poke|p1|Ursaluna-Bloodmoon, L50, M|\n|poke|p1|Gholdengo, L50|\n|poke|p1|Amoonguss, L50, F|\n|poke|p1|Volcarona, L50, F|\n|poke|p1|Grimmsnarl, L50, M|\n|poke|p1|Tyranitar, L50, F|\n|poke|p2|Archaludon, L50, F|\n|poke|p2|Basculegion, L50, M|\n|poke|p2|Pelipper, L50, F|\n|poke|p2|Gholdengo, L50|\n|poke|p2|Amoonguss, L50, M|\n|poke|p2|Incineroar, L50, M|\n|teampreview|4\n|\n|t:|1731518453\n|start\n|switch|p1a: Grimmsnarl|Grimmsnarl, L50, M|100\/100\n|switch|p1b: Volcarona|Volcarona, L50, F|100\/100\n|switch|p2a: Gholdengo|Gholdengo, L50|100\/100\n|switch|p2b: Incineroar|Incineroar, L50, M|100\/100\n|-ability|p2b: Incineroar|Intimidate|boost\n|-unboost|p1a: Grimmsnarl|atk|1\n|-unboost|p1b: Volcarona|atk|1\n|turn|1\n|j| Doryuz\n|inactive|Battle timer is ON: inactive players will automatically lose when time's up. (requested by nivea4)\n|\n|t:|1731518490\n|switch|p2a: Pelipper|Pelipper, L50, F|100\/100\n|-weather|RainDance|[from] ability: Drizzle|[of] p2a: Pelipper\n|move|p1b: Volcarona|Heat Wave|p2b: Incineroar|[spread] p2a,p2b\n|-resisted|p2a: Pelipper\n|-resisted|p2b: Incineroar\n|-damage|p2a: Pelipper|87\/100\n|-damage|p2b: Incineroar|92\/100\n|move|p2b: Incineroar|Knock Off|p1b: Volcarona\n|-damage|p1b: Volcarona|49\/100\n|-enditem|p1b: Volcarona|Covert Cloak|[from] move: Knock Off|[of] p2b: Incineroar\n|move|p1a: Grimmsnarl|Spirit Break|p2a: Pelipper\n|-damage|p2a: Pelipper|58\/100\n|-unboost|p2a: Pelipper|spa|1\n|\n|-weather|RainDance|[upkeep]\n|upkeep\n|turn|2\n|\n|t:|1731518513\n|switch|p2a: Archaludon|Archaludon, L50, F|100\/100\n|move|p1b: Volcarona|Protect|p1b: Volcarona\n|-singleturn|p1b: Volcarona|Protect\n|move|p2b: Incineroar|Parting Shot|p1b: Volcarona\n|-activate|p1b: Volcarona|move: Protect\n|move|p1a: Grimmsnarl|Spirit Break|p2a: Archaludon\n|-damage|p2a: Archaludon|85\/100\n|-unboost|p2a: Archaludon|spa|1\n|-ability|p2a: Archaludon|Stamina|boost\n|-boost|p2a: Archaludon|def|1\n|\n|-weather|RainDance|[upkeep]\n|upkeep\n|turn|3\n|j| alegamer2004\n|j| VGCLTH lily\n|l| VGCLTH lily\n|inactive|nivea4 has 30 seconds left.\n|\n|t:|1731518540\n|switch|p1a: Tyranitar|Tyranitar, L50, F|100\/100\n|-weather|Sandstorm|[from] ability: Sand Stream|[of] p1a: Tyranitar\n|move|p1b: Volcarona|Quiver Dance|p1b: Volcarona\n|-boost|p1b: Volcarona|spa|1\n|-boost|p1b: Volcarona|spd|1\n|-boost|p1b: Volcarona|spe|1\n|move|p2a: Archaludon|Body Press|p1b: Volcarona\n|-resisted|p1b: Volcarona\n|-damage|p1b: Volcarona|30\/100\n|move|p2b: Incineroar|Knock Off|p1b: Volcarona\n|-damage|p1b: Volcarona|0 fnt\n|faint|p1b: Volcarona\n|\n|-weather|Sandstorm|[upkeep]\n|upkeep\n|\n|t:|1731518554\n|switch|p1b: Gholdengo|Gholdengo, L50|100\/100\n|turn|4\n|inactive|nivea4 has 30 seconds left.\n|\n|t:|1731518580\n|switch|p2b: Pelipper|Pelipper, L50, F|58\/100\n|-weather|RainDance|[from] ability: Drizzle|[of] p2b: Pelipper\n|-terastallize|p1a: Tyranitar|Flying\n|move|p1b: Gholdengo|Protect|p1b: Gholdengo\n|-singleturn|p1b: Gholdengo|Protect\n|move|p2a: Archaludon|Body Press|p1a: Tyranitar\n|-resisted|p1a: Tyranitar\n|-damage|p1a: Tyranitar|88\/100\n|move|p1a: Tyranitar|Tera Blast|p2b: Pelipper|[anim] Tera Blast Flying\n|-damage|p2b: Pelipper|0 fnt\n|faint|p2b: Pelipper\n|\n|-weather|RainDance|[upkeep]\n|upkeep\n|\n|t:|1731518588\n|switch|p2b: Incineroar|Incineroar, L50, M|92\/100\n|-ability|p2b: Incineroar|Intimidate|boost\n|-unboost|p1a: Tyranitar|atk|1\n|-unboost|p1b: Gholdengo|atk|1\n|turn|5\n|\n|t:|1731518608\n|switch|p1a: Grimmsnarl|Grimmsnarl, L50, M|100\/100\n|move|p1b: Gholdengo|Shadow Ball|p2a: Archaludon\n|-damage|p2a: Archaludon|58\/100\n|-unboost|p2a: Archaludon|spd|1\n|-ability|p2a: Archaludon|Stamina|boost\n|-boost|p2a: Archaludon|def|1\n|move|p2a: Archaludon|Electro Shot||[still]\n|-prepare|p2a: Archaludon|Electro Shot\n|-boost|p2a: Archaludon|spa|1\n|-anim|p2a: Archaludon|Electro Shot|p1b: Gholdengo\n|-damage|p1b: Gholdengo|58\/100\n|move|p2b: Incineroar|Knock Off|p1b: Gholdengo\n|-supereffective|p1b: Gholdengo\n|-damage|p1b: Gholdengo|0 fnt\n|-enditem|p1b: Gholdengo|Leftovers|[from] move: Knock Off|[of] p2b: Incineroar\n|faint|p1b: Gholdengo\n|\n|-weather|RainDance|[upkeep]\n|upkeep\n|\n|t:|1731518624\n|switch|p1b: Tyranitar|Tyranitar, L50, F, tera:Flying|88\/100\n|-weather|Sandstorm|[from] ability: Sand Stream|[of] p1b: Tyranitar\n|turn|6\n|-message|nivea4 forfeited.\n|\n|win|vgclth chromate\n|raw|nivea4's rating: 1720 &rarr; <strong>1704<\/strong><br \/>(-16 for losing)\n|raw|vgclth chromate's rating: 1786 &rarr; <strong>1802<\/strong><br \/>(+16 for winning)\n|l|\u2606nivea4\n|player|p1|\n|l|\u2606vgclth chromate\n|player|p2|\n|l| alegamer2004\n","uploadtime":1731518881,"views":11,"formatid":"gen9vgc2024regh","rating":1704,"private":0,"password":null}