{"id":"gen9vgc2024regh-2243046156","format":"[Gen 9] VGC 2024 Reg H","players":["VGCLTH Oinge","same blue"],"log":"|raw|<div class=\"broadcast-blue\"><strong>This battle is required to be public due to a player having a name starting with 'vgclth'.<\/div>\n|j|\u2606VGCLTH Oinge\n|j|\u2606same blue\n|t:|1731506076\n|gametype|doubles\n|player|p1|VGCLTH Oinge|mars|1707\n|player|p2|same blue|101|1829\n|teamsize|p1|6\n|teamsize|p2|6\n|gen|9\n|tier|[Gen 9] VGC 2024 Reg H\n|rated|\n|rule|Species Clause: Limit one of each Pok\u00e9mon\n|rule|Item Clause: Limit 1 of each item\n|clearpoke\n|poke|p1|Sneasler, L50, M|\n|poke|p1|Farigiraf, L50, M|\n|poke|p1|Torkoal, L50, F|\n|poke|p1|Indeedee-F, L50, F|\n|poke|p1|Hatterene, L50, F|\n|poke|p1|Gallade, L50, M|\n|poke|p2|Annihilape, L50, F|\n|poke|p2|Grimmsnarl, L50, M|\n|poke|p2|Arcanine, L50, F|\n|poke|p2|Sinistcha, L50|\n|poke|p2|Maushold, L50|\n|poke|p2|Murkrow, L50, F|\n|teampreview|4\n|inactive|Battle timer is ON: inactive players will automatically lose when time's up. (requested by same blue)\n|\n|t:|1731506111\n|start\n|switch|p1a: Sneasler|Sneasler, L50, M|100\/100\n|switch|p1b: Hatterene|Hatterene, L50, F|100\/100\n|switch|p2a: Grimmsnarl|Grimmsnarl, L50, M|100\/100\n|switch|p2b: Arcanine|Arcanine, L50, F, shiny|100\/100\n|-ability|p2b: Arcanine|Intimidate|boost\n|-unboost|p1a: Sneasler|atk|1\n|-unboost|p1b: Hatterene|atk|1\n|turn|1\n|\n|t:|1731506126\n|move|p1a: Sneasler|Fake Out|p2a: Grimmsnarl\n|-damage|p2a: Grimmsnarl|91\/100\n|cant|p2a: Grimmsnarl|flinch\n|move|p2b: Arcanine|Snarl|p1b: Hatterene|[spread] p1a,p1b\n|-resisted|p1a: Sneasler\n|-damage|p1a: Sneasler|93\/100\n|-damage|p1b: Hatterene|90\/100\n|-unboost|p1a: Sneasler|spa|1\n|-unboost|p1b: Hatterene|spa|1\n|move|p1b: Hatterene|Trick Room|p1b: Hatterene\n|-fieldstart|move: Trick Room|[of] p1b: Hatterene\n|\n|upkeep\n|turn|2\n|\n|t:|1731506144\n|switch|p1b: Indeedee|Indeedee-F, L50, F|100\/100\n|-fieldstart|move: Psychic Terrain|[from] ability: Psychic Surge|[of] p1b: Indeedee\n|-enditem|p1b: Indeedee|Psychic Seed\n|-boost|p1b: Indeedee|spd|1|[from] item: Psychic Seed\n|move|p2a: Grimmsnarl|Light Screen|p2a: Grimmsnarl\n|-sidestart|p2: same blue|move: Light Screen\n|move|p2b: Arcanine|Will-O-Wisp|p1a: Sneasler\n|-status|p1a: Sneasler|brn\n|move|p1a: Sneasler|U-turn|p2a: Grimmsnarl\n|-damage|p2a: Grimmsnarl|83\/100\n|\n|t:|1731506156\n|switch|p1a: Hatterene|Hatterene, L50, F|90\/100|[from] U-turn\n|\n|upkeep\n|turn|3\n|\n|t:|1731506178\n|move|p1b: Indeedee|Helping Hand|p1a: Hatterene\n|-singleturn|p1a: Hatterene|Helping Hand|[of] p1b: Indeedee\n|move|p2a: Grimmsnarl|Misty Terrain|p2a: Grimmsnarl\n|-fieldstart|move: Misty Terrain\n|move|p1a: Hatterene|Expanding Force|p2b: Arcanine\n|-damage|p2b: Arcanine|29\/100\n|-damage|p1a: Hatterene|80\/100|[from] item: Life Orb\n|move|p2b: Arcanine|Snarl|p1b: Indeedee|[spread] p1a,p1b\n|-supereffective|p1b: Indeedee\n|-damage|p1a: Hatterene|70\/100\n|-damage|p1b: Indeedee|87\/100\n|-unboost|p1a: Hatterene|spa|1\n|-unboost|p1b: Indeedee|spa|1\n|\n|upkeep\n|turn|4\n|j| bknk0227\n|\n|t:|1731506200\n|switch|p2a: Sinistcha|Sinistcha, L50|100\/100\n|-heal|p2b: Arcanine|54\/100|[from] ability: Hospitality|[of] p2a: Sinistcha\n|move|p1b: Indeedee|Helping Hand|p1a: Hatterene\n|-singleturn|p1a: Hatterene|Helping Hand|[of] p1b: Indeedee\n|move|p1a: Hatterene|Dazzling Gleam|p2b: Arcanine|[spread] p2a,p2b\n|-resisted|p2b: Arcanine\n|-damage|p2a: Sinistcha|73\/100\n|-damage|p2b: Arcanine|35\/100\n|-damage|p1a: Hatterene|60\/100|[from] item: Life Orb\n|move|p2b: Arcanine|Morning Sun|p2b: Arcanine\n|-heal|p2b: Arcanine|85\/100\n|\n|upkeep\n|turn|5\n|\n|t:|1731506217\n|switch|p1a: Sneasler|Sneasler, L50, M|93\/100 brn\n|move|p2a: Sinistcha|Matcha Gotcha|p1a: Sneasler|[spread] p1a,p1b\n|-resisted|p1a: Sneasler\n|-damage|p1a: Sneasler|76\/100 brn\n|-heal|p2a: Sinistcha|81\/100|[from] drain|[of] p1a: Sneasler\n|-damage|p1b: Indeedee|72\/100\n|-heal|p2a: Sinistcha|89\/100|[from] drain|[of] p1b: Indeedee\n|move|p1b: Indeedee|Dazzling Gleam|p2b: Arcanine|[spread] p2a,p2b\n|-resisted|p2b: Arcanine\n|-damage|p2a: Sinistcha|84\/100\n|-damage|p2b: Arcanine|82\/100\n|move|p2b: Arcanine|Snarl|p1a: Sneasler|[spread] p1a,p1b\n|-resisted|p1a: Sneasler\n|-supereffective|p1b: Indeedee\n|-damage|p1a: Sneasler|70\/100 brn\n|-damage|p1b: Indeedee|58\/100\n|-unboost|p1a: Sneasler|spa|1\n|-unboost|p1b: Indeedee|spa|1\n|\n|-damage|p1a: Sneasler|64\/100 brn|[from] brn\n|-fieldend|move: Trick Room\n|upkeep\n|turn|6\n|inactive|VGCLTH Oinge has 30 seconds left.\n|\n|t:|1731506248\n|switch|p2a: Grimmsnarl|Grimmsnarl, L50, M|83\/100\n|move|p1a: Sneasler|Fake Out|p2b: Arcanine\n|-damage|p2b: Arcanine|75\/100\n|move|p2b: Arcanine|Snarl|p1b: Indeedee|[spread] p1a,p1b\n|-resisted|p1a: Sneasler\n|-supereffective|p1b: Indeedee\n|-damage|p1a: Sneasler|57\/100 brn\n|-damage|p1b: Indeedee|45\/100\n|-unboost|p1a: Sneasler|spa|1\n|-unboost|p1b: Indeedee|spa|1\n|move|p1b: Indeedee|Trick Room|p1b: Indeedee\n|-fieldstart|move: Trick Room|[of] p1b: Indeedee\n|\n|-damage|p1a: Sneasler|51\/100 brn|[from] brn\n|upkeep\n|turn|7\n|\n|t:|1731506264\n|switch|p1b: Hatterene|Hatterene, L50, F|60\/100\n|move|p2a: Grimmsnarl|Reflect|p2a: Grimmsnarl\n|-sidestart|p2: same blue|Reflect\n|move|p2b: Arcanine|Overheat|p1a: Sneasler\n|-damage|p1a: Sneasler|0 fnt\n|-unboost|p2b: Arcanine|spa|2\n|faint|p1a: Sneasler\n|\n|-fieldend|Misty Terrain\n|upkeep\n|\n|t:|1731506270\n|switch|p1a: Torkoal|Torkoal, L50, F|100\/100\n|-weather|SunnyDay|[from] ability: Drought|[of] p1a: Torkoal\n|turn|8\n|\n|t:|1731506295\n|switch|p2a: Sinistcha|Sinistcha, L50|84\/100\n|-heal|p2b: Arcanine|99\/100|[from] ability: Hospitality|[of] p2a: Sinistcha\n|-terastallize|p1a: Torkoal|Fire\n|move|p1a: Torkoal|Eruption|p2a: Sinistcha|[spread] p2a,p2b\n|-supereffective|p2a: Sinistcha\n|-resisted|p2b: Arcanine\n|-damage|p2a: Sinistcha|0 fnt\n|-damage|p2b: Arcanine|50\/100\n|faint|p2a: Sinistcha\n|move|p1b: Hatterene|Expanding Force|p2b: Arcanine\n|-damage|p2b: Arcanine|8\/100\n|-damage|p1b: Hatterene|50\/100|[from] item: Life Orb\n|move|p2b: Arcanine|Snarl|p1b: Hatterene|[spread] p1a,p1b\n|-crit|p1b: Hatterene\n|-damage|p1a: Torkoal|94\/100\n|-damage|p1b: Hatterene|36\/100\n|-unboost|p1a: Torkoal|spa|1\n|-unboost|p1b: Hatterene|spa|1\n|\n|-weather|SunnyDay|[upkeep]\n|upkeep\n|j| Astro Bots\n|\n|t:|1731506313\n|switch|p2a: Annihilape|Annihilape, L50, F, shiny|100\/100\n|turn|9\n|inactive|VGCLTH Oinge has 30 seconds left.\n|\n|t:|1731506338\n|switch|p1a: Indeedee|Indeedee-F, L50, F|45\/100\n|-fieldstart|move: Psychic Terrain|[from] ability: Psychic Surge|[of] p1a: Indeedee\n|-terastallize|p2a: Annihilape|Water\n|move|p1b: Hatterene|Dazzling Gleam|p2b: Arcanine|[spread] p2a,p2b\n|-resisted|p2b: Arcanine\n|-damage|p2a: Annihilape|81\/100\n|-damage|p2b: Arcanine|0 fnt\n|faint|p2b: Arcanine\n|-damage|p1b: Hatterene|26\/100|[from] item: Life Orb\n|move|p2a: Annihilape|Bulk Up|p2a: Annihilape\n|-boost|p2a: Annihilape|atk|1\n|-boost|p2a: Annihilape|def|1\n|\n|-weather|SunnyDay|[upkeep]\n|-heal|p2a: Annihilape|87\/100|[from] item: Leftovers\n|-sideend|p2: same blue|move: Light Screen\n|upkeep\n|\n|t:|1731506346\n|switch|p2b: Grimmsnarl|Grimmsnarl, L50, M|83\/100\n|turn|10\n|\n|t:|1731506357\n|move|p1a: Indeedee|Helping Hand|p1b: Hatterene\n|-singleturn|p1b: Hatterene|Helping Hand|[of] p1a: Indeedee\n|move|p2b: Grimmsnarl|Light Screen|p2b: Grimmsnarl\n|-sidestart|p2: same blue|move: Light Screen\n|move|p1b: Hatterene|Dazzling Gleam|p2a: Annihilape|[spread] p2a,p2b\n|-supereffective|p2b: Grimmsnarl\n|-damage|p2a: Annihilape|54\/100\n|-damage|p2b: Grimmsnarl|26\/100\n|-damage|p1b: Hatterene|16\/100|[from] item: Life Orb\n|move|p2a: Annihilape|Drain Punch|p1a: Indeedee\n|-damage|p1a: Indeedee|0 fnt\n|-heal|p2a: Annihilape|75\/100|[from] drain|[of] p1a: Indeedee\n|faint|p1a: Indeedee\n|\n|-weather|SunnyDay|[upkeep]\n|-heal|p2a: Annihilape|81\/100|[from] item: Leftovers\n|-fieldend|move: Trick Room\n|upkeep\n|\n|t:|1731506367\n|switch|p1a: Torkoal|Torkoal, L50, F, tera:Fire|94\/100\n|turn|11\n|\n|t:|1731506376\n|move|p2a: Annihilape|Rage Fist|p1a: Torkoal\n|-damage|p1a: Torkoal|15\/100\n|move|p2b: Grimmsnarl|Spirit Break|p1b: Hatterene\n|-damage|p1b: Hatterene|0 fnt\n|faint|p1b: Hatterene\n|move|p1a: Torkoal|Heat Wave|p2b: Grimmsnarl|[spread] p2b\n|-miss|p1a: Torkoal|p2a: Annihilape\n|-damage|p2b: Grimmsnarl|0 fnt\n|faint|p2b: Grimmsnarl\n|\n|-weather|SunnyDay|[upkeep]\n|-heal|p2a: Annihilape|87\/100|[from] item: Leftovers\n|upkeep\n|turn|12\n|-message|VGCLTH Oinge forfeited.\n|\n|win|same blue\n|raw|VGCLTH Oinge's rating: 1707 &rarr; <strong>1694<\/strong><br \/>(-13 for losing)\n|raw|same blue's rating: 1829 &rarr; <strong>1842<\/strong><br \/>(+13 for winning)\n|l|\u2606VGCLTH Oinge\n|player|p1|\n|l| Astro Bots\n|l|\u2606same blue\n|player|p2|\n","uploadtime":1731506589,"views":24,"formatid":"gen9vgc2024regh","rating":1694,"private":0,"password":null}