{"id":"gen9vgc2024regh-2243870696","format":"[Gen 9] VGC 2024 Reg H","players":["Allhailhippo","lightwatt"],"log":"|j|\u2606Allhailhippo\n|j|\u2606lightwatt\n|t:|1731607109\n|gametype|doubles\n|player|p1|Allhailhippo|265|1682\n|player|p2|lightwatt|palmer|1723\n|teamsize|p1|6\n|teamsize|p2|6\n|gen|9\n|tier|[Gen 9] VGC 2024 Reg H\n|rated|\n|rule|Species Clause: Limit one of each Pok\u00e9mon\n|rule|Item Clause: Limit 1 of each item\n|clearpoke\n|poke|p1|Tyranitar, L50, F|\n|poke|p1|Houndstone, L50, M|\n|poke|p1|Whimsicott, L50, F|\n|poke|p1|Incineroar, L50, F|\n|poke|p1|Amoonguss, L50, F|\n|poke|p1|Garchomp, L50, M|\n|poke|p2|Gothitelle, L50, M|\n|poke|p2|Amoonguss, L50, M|\n|poke|p2|Ursaluna-Bloodmoon, L50, M|\n|poke|p2|Tyranitar, L50, M|\n|poke|p2|Incineroar, L50, M|\n|poke|p2|Annihilape, L50, F|\n|teampreview|4\n|inactive|Battle timer is ON: inactive players will automatically lose when time's up. (requested by lightwatt)\n|inactive|Allhailhippo also wants the timer to be on.\n|inactive|lightwatt has 60 seconds left.\n|j| pikavgc111\n|l| pikavgc111\n|\n|t:|1731607156\n|start\n|switch|p1a: Anna|Whimsicott, L50, F|100\/100\n|switch|p1b: Garchomp|Garchomp, L50, M|100\/100\n|switch|p2a: Gothitelle|Gothitelle, L50, M|100\/100\n|switch|p2b: Incineroar|Incineroar, L50, M|100\/100\n|-ability|p2b: Incineroar|Intimidate|boost\n|-unboost|p1a: Anna|atk|1\n|-unboost|p1b: Garchomp|atk|1\n|turn|1\n|\n|t:|1731607176\n|move|p1b: Garchomp|Earthquake|p2b: Incineroar|[spread] p1a,p2a,p2b\n|-resisted|p1a: Anna\n|-supereffective|p2b: Incineroar\n|-damage|p1a: Anna|81\/100\n|-damage|p2a: Gothitelle|71\/100\n|-damage|p2b: Incineroar|45\/100\n|-damage|p1b: Garchomp|91\/100|[from] item: Life Orb\n|move|p1a: Anna|Moonblast|p2a: Gothitelle\n|-damage|p2a: Gothitelle|39\/100\n|move|p2b: Incineroar|Parting Shot|p1b: Garchomp\n|-unboost|p1b: Garchomp|atk|1\n|-unboost|p1b: Garchomp|spa|1\n|\n|t:|1731607182\n|switch|p2b: Ursaluna|Ursaluna-Bloodmoon, L50, M|100\/100|[from] Parting Shot\n|move|p2a: Gothitelle|Trick Room|p2a: Gothitelle\n|-fieldstart|move: Trick Room|[of] p2a: Gothitelle\n|\n|upkeep\n|turn|2\n|inactive|Allhailhippo has 30 seconds left.\n|\n|t:|1731607207\n|move|p2a: Gothitelle|Helping Hand|p2b: Ursaluna\n|-singleturn|p2b: Ursaluna|Helping Hand|[of] p2a: Gothitelle\n|move|p1a: Anna|Encore|p2a: Gothitelle\n|-start|p2a: Gothitelle|Encore\n|-enditem|p2a: Gothitelle|Mental Herb\n|-end|p2a: Gothitelle|Encore\n|move|p2b: Ursaluna|Hyper Voice|p1a: Anna|[spread] p1a,p1b\n|-damage|p1a: Anna|0 fnt\n|-damage|p1b: Garchomp|15\/100\n|faint|p1a: Anna\n|-damage|p2b: Ursaluna|91\/100|[from] item: Life Orb\n|move|p1b: Garchomp|Stomping Tantrum|p2a: Gothitelle\n|-damage|p2a: Gothitelle|17\/100\n|-damage|p1b: Garchomp|6\/100|[from] item: Life Orb\n|\n|upkeep\n|\n|t:|1731607220\n|switch|p1a: Good Things|Tyranitar, L50, F|100\/100\n|-weather|Sandstorm|[from] ability: Sand Stream|[of] p1a: Good Things\n|turn|3\n|inactive|lightwatt has 30 seconds left.\n|inactive|lightwatt has 20 seconds left.\n|inactive|lightwatt has 15 seconds left.\n|\n|t:|1731607263\n|-terastallize|p1a: Good Things|Flying\n|move|p2a: Gothitelle|Helping Hand|p2b: Ursaluna\n|-singleturn|p2b: Ursaluna|Helping Hand|[of] p2a: Gothitelle\n|move|p2b: Ursaluna|Hyper Voice|p1b: Garchomp|[spread] p1a,p1b\n|-crit|p1b: Garchomp\n|-damage|p1a: Good Things|52\/100\n|-damage|p1b: Garchomp|0 fnt\n|faint|p1b: Garchomp\n|-damage|p2b: Ursaluna|81\/100|[from] item: Life Orb\n|move|p1a: Good Things|Low Kick|p2b: Ursaluna\n|-supereffective|p2b: Ursaluna\n|-damage|p2b: Ursaluna|10\/100\n|\n|-weather|Sandstorm|[upkeep]\n|-damage|p2a: Gothitelle|11\/100|[from] Sandstorm\n|-damage|p1a: Good Things|46\/100|[from] Sandstorm\n|upkeep\n|\n|t:|1731607276\n|switch|p1b: Rodent|Houndstone, L50, M|100\/100\n|turn|4\n|\n|t:|1731607294\n|move|p2a: Gothitelle|Helping Hand|p2b: Ursaluna\n|-singleturn|p2b: Ursaluna|Helping Hand|[of] p2a: Gothitelle\n|move|p1b: Rodent|Protect|p1b: Rodent\n|-singleturn|p1b: Rodent|Protect\n|move|p2b: Ursaluna|Hyper Voice|p1a: Good Things|[spread] p1a\n|-activate|p1b: Rodent|move: Protect\n|-damage|p1a: Good Things|0 fnt\n|faint|p1a: Good Things\n|-damage|p2b: Ursaluna|0 fnt|[from] item: Life Orb\n|faint|p2b: Ursaluna\n|\n|-weather|Sandstorm|[upkeep]\n|-damage|p2a: Gothitelle|4\/100|[from] Sandstorm\n|upkeep\n|\n|t:|1731607304\n|switch|p2b: Incineroar|Incineroar, L50, M|45\/100\n|-ability|p2b: Incineroar|Intimidate|boost\n|-unboost|p1b: Rodent|atk|1\n|turn|5\n|j| DonShitDozo\n|\n|t:|1731607319\n|move|p2b: Incineroar|Knock Off|p1b: Rodent\n|-supereffective|p1b: Rodent\n|-damage|p1b: Rodent|6\/100\n|-enditem|p1b: Rodent|Focus Sash|[from] move: Knock Off|[of] p2b: Incineroar\n|move|p2a: Gothitelle|Psychic|p1b: Rodent\n|-damage|p1b: Rodent|0 fnt\n|faint|p1b: Rodent\n|\n|win|lightwatt\n|raw|Allhailhippo's rating: 1682 &rarr; <strong>1664<\/strong><br \/>(-18 for losing)\n|raw|lightwatt's rating: 1723 &rarr; <strong>1741<\/strong><br \/>(+18 for winning)\n|l|\u2606Allhailhippo\n|player|p1|\n|l| DonShitDozo\n","uploadtime":1731607511,"views":20,"formatid":"gen9vgc2024regh","rating":1664,"private":0,"password":null}