{"id":"gen9vgc2024regh-2243218805","format":"[Gen 9] VGC 2024 Reg H","players":["VGCLTH MINAMISIMP","reignofrain2"],"log":"|raw|<div class=\"broadcast-blue\"><strong>This battle is required to be public due to a player having a name starting with 'vgclth'.<\/div>\n|j|\u2606VGCLTH MINAMISIMP\n|j|\u2606reignofrain2\n|t:|1731523133\n|gametype|doubles\n|player|p1|VGCLTH MINAMISIMP|miku-water|1754\n|player|p2|reignofrain2|sailor|1865\n|teamsize|p1|6\n|teamsize|p2|6\n|gen|9\n|tier|[Gen 9] VGC 2024 Reg H\n|rated|\n|rule|Species Clause: Limit one of each Pok\u00e9mon\n|rule|Item Clause: Limit 1 of each item\n|clearpoke\n|poke|p1|Archaludon, L50, F|\n|poke|p1|Pelipper, L50, F|\n|poke|p1|Electabuzz, L50, M|\n|poke|p1|Kingambit, L50, M|\n|poke|p1|Rillaboom, L50, M|\n|poke|p1|Basculegion, L50, M|\n|poke|p2|Dondozo, L50, M|\n|poke|p2|Tatsugiri, L50, F|\n|poke|p2|Sneasler, L50, M|\n|poke|p2|Indeedee, L50, M|\n|poke|p2|Archaludon, L50, F|\n|poke|p2|Pelipper, L50, F|\n|teampreview|4\n|inactive|Battle timer is ON: inactive players will automatically lose when time's up. (requested by VGCLTH MINAMISIMP)\n|j| alfalfasprouttower\n|inactive|reignofrain2 has 60 seconds left.\n|\n|t:|1731523173\n|start\n|switch|p1a: Basculegion|Basculegion, L50, M|100\/100\n|switch|p1b: Pelipper|Pelipper, L50, F|100\/100\n|switch|p2a: Dondozo|Dondozo, L50, M|100\/100\n|switch|p2b: Sneasler|Sneasler, L50, M|100\/100\n|-weather|RainDance|[from] ability: Drizzle|[of] p1b: Pelipper\n|turn|1\n|\n|t:|1731523186\n|move|p2b: Sneasler|Protect|p2b: Sneasler\n|-singleturn|p2b: Sneasler|Protect\n|move|p1b: Pelipper|Protect|p1b: Pelipper\n|-singleturn|p1b: Pelipper|Protect\n|move|p1a: Basculegion|Flip Turn|p2b: Sneasler\n|-activate|p2b: Sneasler|move: Protect\n|move|p2a: Dondozo|Surf|p1a: Basculegion|[spread] p1a\n|-activate|p2b: Sneasler|move: Protect\n|-activate|p1b: Pelipper|move: Protect\n|-resisted|p1a: Basculegion\n|-crit|p1a: Basculegion\n|-damage|p1a: Basculegion|69\/100\n|\n|-weather|RainDance|[upkeep]\n|upkeep\n|turn|2\n|inactive|reignofrain2 has 30 seconds left.\n|\n|t:|1731523212\n|switch|p2b: Tatsugiri|Tatsugiri, L50, F|100\/100\n|-activate|p2b: Tatsugiri|ability: Commander|[of] p2a: Dondozo\n|-boost|p2a: Dondozo|atk|2\n|-boost|p2a: Dondozo|spa|2\n|-boost|p2a: Dondozo|spe|2\n|-boost|p2a: Dondozo|def|2\n|-boost|p2a: Dondozo|spd|2\n|switch|p1b: Archaludon|Archaludon, L50, F|100\/100\n|-terastallize|p2a: Dondozo|Water\n|move|p1a: Basculegion|Flip Turn|p2b: Tatsugiri|[miss]\n|-miss|p1a: Basculegion|p2b: Tatsugiri\n|move|p2a: Dondozo|Surf|p1b: Archaludon|[spread] p1a,p1b\n|-miss|p2a: Dondozo|p2b: Tatsugiri\n|-resisted|p1a: Basculegion\n|-resisted|p1b: Archaludon\n|-damage|p1a: Basculegion|13\/100\n|-damage|p1b: Archaludon|48\/100\n|-ability|p1b: Archaludon|Stamina|boost\n|-boost|p1b: Archaludon|def|1\n|\n|-weather|RainDance|[upkeep]\n|-heal|p1b: Archaludon|54\/100|[from] item: Leftovers\n|upkeep\n|turn|3\n|\n|t:|1731523231\n|move|p1b: Archaludon|Protect|p1b: Archaludon\n|-singleturn|p1b: Archaludon|Protect\n|move|p1a: Basculegion|Flip Turn|p2a: Dondozo\n|-resisted|p2a: Dondozo\n|-damage|p2a: Dondozo|88\/100\n|\n|t:|1731523234\n|switch|p1a: Rillaboom|Rillaboom, L50, M|100\/100|[from] Flip Turn\n|-fieldstart|move: Grassy Terrain|[from] ability: Grassy Surge|[of] p1a: Rillaboom\n|move|p2a: Dondozo|Surf|p1a: Rillaboom|[spread] p1a\n|-miss|p2a: Dondozo|p2b: Tatsugiri\n|-activate|p1b: Archaludon|move: Protect\n|-resisted|p1a: Rillaboom\n|-damage|p1a: Rillaboom|57\/100\n|\n|-weather|RainDance|[upkeep]\n|-heal|p2a: Dondozo|94\/100|[from] Grassy Terrain\n|-heal|p1a: Rillaboom|63\/100|[from] Grassy Terrain\n|-heal|p1b: Archaludon|60\/100|[from] Grassy Terrain\n|-heal|p1b: Archaludon|67\/100|[from] item: Leftovers\n|upkeep\n|turn|4\n|\n|t:|1731523245\n|move|p2a: Dondozo|Protect|p2a: Dondozo\n|-singleturn|p2a: Dondozo|Protect\n|move|p1a: Rillaboom|Fake Out|p2a: Dondozo\n|-activate|p2a: Dondozo|move: Protect\n|move|p1b: Archaludon|Electro Shot||[still]\n|-prepare|p1b: Archaludon|Electro Shot\n|-boost|p1b: Archaludon|spa|1\n|-anim|p1b: Archaludon|Electro Shot|p2a: Dondozo\n|-activate|p2a: Dondozo|move: Protect\n|\n|-weather|RainDance|[upkeep]\n|-heal|p2a: Dondozo|99\/100|[from] Grassy Terrain\n|-heal|p1a: Rillaboom|69\/100|[from] Grassy Terrain\n|-heal|p1b: Archaludon|73\/100|[from] Grassy Terrain\n|-heal|p1b: Archaludon|79\/100|[from] item: Leftovers\n|upkeep\n|turn|5\n|\n|t:|1731523248\n|move|p2a: Dondozo|Surf|p1a: Rillaboom|[spread] p1a,p1b\n|-miss|p2a: Dondozo|p2b: Tatsugiri\n|-resisted|p1a: Rillaboom\n|-resisted|p1b: Archaludon\n|-damage|p1a: Rillaboom|25\/100\n|-damage|p1b: Archaludon|25\/100\n|-ability|p1b: Archaludon|Stamina|boost\n|-boost|p1b: Archaludon|def|1\n|move|p1a: Rillaboom|Wood Hammer|p2a: Dondozo\n|-supereffective|p2a: Dondozo\n|-crit|p2a: Dondozo\n|-damage|p2a: Dondozo|0 fnt\n|faint|p2a: Dondozo\n|-damage|p1a: Rillaboom|0 fnt|[from] Recoil\n|faint|p1a: Rillaboom\n|move|p1b: Archaludon|Electro Shot||[still]\n|-prepare|p1b: Archaludon|Electro Shot\n|-boost|p1b: Archaludon|spa|1\n|-anim|p1b: Archaludon|Electro Shot|p2b: Tatsugiri\n|-damage|p2b: Tatsugiri|25\/100\n|\n|-weather|none\n|-heal|p2b: Tatsugiri|31\/100|[from] Grassy Terrain\n|-heal|p1b: Archaludon|31\/100|[from] Grassy Terrain\n|-heal|p1b: Archaludon|37\/100|[from] item: Leftovers\n|upkeep\n|\n|t:|1731523270\n|switch|p1a: Pelipper|Pelipper, L50, F|100\/100\n|switch|p2a: Sneasler|Sneasler, L50, M|100\/100\n|-weather|RainDance|[from] ability: Drizzle|[of] p1a: Pelipper\n|turn|6\n|\n|t:|1731523276\n|move|p1b: Archaludon|Protect|p1b: Archaludon\n|-singleturn|p1b: Archaludon|Protect\n|move|p2a: Sneasler|Dire Claw|p1a: Pelipper\n|-damage|p1a: Pelipper|48\/100\n|move|p2b: Tatsugiri|Draco Meteor|p1a: Pelipper\n|-damage|p1a: Pelipper|0 fnt\n|-unboost|p2b: Tatsugiri|spa|2\n|faint|p1a: Pelipper\n|\n|-weather|RainDance|[upkeep]\n|-heal|p2b: Tatsugiri|36\/100|[from] Grassy Terrain\n|-heal|p1b: Archaludon|44\/100|[from] Grassy Terrain\n|-heal|p1b: Archaludon|50\/100|[from] item: Leftovers\n|upkeep\n|\n|t:|1731523281\n|switch|p1a: Basculegion|Basculegion, L50, M|13\/100\n|turn|7\n|inactive|VGCLTH MINAMISIMP has 30 seconds left.\n|\n|t:|1731523311\n|move|p1a: Basculegion|Last Respects|p2b: Tatsugiri\n|-damage|p2b: Tatsugiri|0 fnt\n|faint|p2b: Tatsugiri\n|move|p2a: Sneasler|Throat Chop|p1a: Basculegion\n|-supereffective|p1a: Basculegion\n|-damage|p1a: Basculegion|0 fnt\n|faint|p1a: Basculegion\n|move|p1b: Archaludon|Electro Shot||[still]\n|-prepare|p1b: Archaludon|Electro Shot\n|-boost|p1b: Archaludon|spa|1\n|-anim|p1b: Archaludon|Electro Shot|p2a: Sneasler\n|-damage|p2a: Sneasler|0 fnt\n|faint|p2a: Sneasler\n|\n|-weather|RainDance|[upkeep]\n|-heal|p1b: Archaludon|56\/100|[from] Grassy Terrain\n|-heal|p1b: Archaludon|62\/100|[from] item: Leftovers\n|-fieldend|move: Grassy Terrain\n|upkeep\n|\n|t:|1731523313\n|switch|p2a: Archaludon|Archaludon, L50, F|100\/100\n|turn|8\n|inactive|VGCLTH MINAMISIMP has 30 seconds left.\n|\n|t:|1731523339\n|move|p1b: Archaludon|Protect|p1b: Archaludon\n|-singleturn|p1b: Archaludon|Protect\n|move|p2a: Archaludon|Electro Shot||[still]\n|-prepare|p2a: Archaludon|Electro Shot\n|-boost|p2a: Archaludon|spa|1\n|-anim|p2a: Archaludon|Electro Shot|p1b: Archaludon\n|-activate|p1b: Archaludon|move: Protect\n|\n|-weather|RainDance|[upkeep]\n|-heal|p1b: Archaludon|69\/100|[from] item: Leftovers\n|upkeep\n|turn|9\n|\n|t:|1731523350\n|-terastallize|p1b: Archaludon|Fairy\n|move|p2a: Archaludon|Electro Shot||[still]\n|-prepare|p2a: Archaludon|Electro Shot\n|-boost|p2a: Archaludon|spa|1\n|-anim|p2a: Archaludon|Electro Shot|p1b: Archaludon\n|-damage|p1b: Archaludon|0 fnt\n|faint|p1b: Archaludon\n|\n|win|reignofrain2\n|raw|VGCLTH MINAMISIMP's rating: 1754 &rarr; <strong>1740<\/strong><br \/>(-14 for losing)\n|raw|reignofrain2's rating: 1865 &rarr; <strong>1879<\/strong><br \/>(+14 for winning)\n|c|\u2606reignofrain2|Forced public is interesting\n|l|\u2606VGCLTH MINAMISIMP\n|player|p1|\n|l| alfalfasprouttower\n|l|\u2606reignofrain2\n|player|p2|\n|j|\u2606reignofrain2\n|player|p2|reignofrain2|sailor|\n|l|\u2606reignofrain2\n|player|p2|\n","uploadtime":1731523366,"views":58,"formatid":"gen9vgc2024regh","rating":1740,"private":0,"password":null}