{"id":"gen9vgc2024regh-2243492251","format":"[Gen 9] VGC 2024 Reg H","players":["Delightl","VGCLTH TnB"],"log":"|raw|<div class=\"broadcast-blue\"><strong>This battle is required to be public due to a player having a name starting with 'vgclth'.<\/div>\n|j|\u2606Delightl\n|j|\u2606VGCLTH TnB\n|t:|1731553846\n|gametype|doubles\n|player|p1|Delightl|unknownf|1768\n|player|p2|VGCLTH TnB|roxanne-masters|1725\n|teamsize|p1|6\n|teamsize|p2|6\n|gen|9\n|tier|[Gen 9] VGC 2024 Reg H\n|rated|\n|rule|Species Clause: Limit one of each Pok\u00e9mon\n|rule|Item Clause: Limit 1 of each item\n|clearpoke\n|poke|p1|Amoonguss, L50, F|\n|poke|p1|Incineroar, L50, F|\n|poke|p1|Volcarona, L50, F|\n|poke|p1|Dragapult, L50, M|\n|poke|p1|Kingambit, L50, M|\n|poke|p1|Primarina, L50, F|\n|poke|p2|Klefki, L50, M|\n|poke|p2|Annihilape, L50, F|\n|poke|p2|Archaludon, L50, F|\n|poke|p2|Maushold, L50|\n|poke|p2|Sinistcha, L50|\n|poke|p2|Pelipper, L50, F|\n|teampreview|4\n|inactive|Battle timer is ON: inactive players will automatically lose when time's up. (requested by VGCLTH TnB)\nVGCLTH TnB has agreed to open team sheets.\n|j| pigsfly88\n|inactive|VGCLTH TnB has 60 seconds left.\n|\n|t:|1731553900\n|start\n|switch|p1a: Amoonguss|Amoonguss, L50, F|100\/100\n|switch|p1b: Volcarona|Volcarona, L50, F, shiny|100\/100\n|switch|p2a: Maushold|Maushold, L50|100\/100\n|switch|p2b: Annihilape|Annihilape, L50, F|100\/100\n|turn|1\n|j| Son Vaxis\n|j| VGCLTH John Pork\n|\n|t:|1731553917\n|-terastallize|p2b: Annihilape|Fire\n|move|p1b: Volcarona|Quiver Dance|p1b: Volcarona\n|-boost|p1b: Volcarona|spa|1\n|-boost|p1b: Volcarona|spd|1\n|-boost|p1b: Volcarona|spe|1\n|move|p2a: Maushold|Taunt|p1a: Amoonguss\n|-start|p1a: Amoonguss|move: Taunt\n|-enditem|p1a: Amoonguss|Mental Herb\n|-end|p1a: Amoonguss|move: Taunt\n|move|p2b: Annihilape|Bulk Up|p2b: Annihilape\n|-boost|p2b: Annihilape|atk|1\n|-boost|p2b: Annihilape|def|1\n|move|p1a: Amoonguss|Spore|p2b: Annihilape\n|-status|p2b: Annihilape|slp|[from] move: Spore\n|\n|upkeep\n|turn|2\n|inactive|VGCLTH TnB has 30 seconds left.\n|inactive|VGCLTH TnB has 20 seconds left.\n|j| Nitrusido\n|\n|t:|1731553956\n|switch|p1a: Dragapult|Dragapult, L50, M, shiny|100\/100\n|move|p1b: Volcarona|Heat Wave|p2a: Maushold|[spread] p2a,p2b\n|-resisted|p2b: Annihilape\n|-damage|p2a: Maushold|34\/100\n|-damage|p2b: Annihilape|83\/100 slp\n|move|p2a: Maushold|Beat Up|p2b: Annihilape\n|-damage|p2b: Annihilape|81\/100 slp\n|-damage|p2b: Annihilape|80\/100 slp\n|-damage|p2b: Annihilape|79\/100 slp\n|-hitcount|p2b: Annihilape|3\n|cant|p2b: Annihilape|slp\n|\n|-heal|p2b: Annihilape|85\/100 slp|[from] item: Leftovers\n|upkeep\n|turn|3\n|\n|t:|1731553975\n|-terastallize|p1a: Dragapult|Dragon\n|move|p2a: Maushold|Protect|p2a: Maushold\n|-singleturn|p2a: Maushold|Protect\n|move|p1b: Volcarona|Heat Wave|p2b: Annihilape|[spread] p2b\n|-activate|p2a: Maushold|move: Protect\n|-resisted|p2b: Annihilape\n|-crit|p2b: Annihilape\n|-damage|p2b: Annihilape|59\/100 slp\n|move|p1a: Dragapult|Outrage|p2b: Annihilape\n|-damage|p2b: Annihilape|4\/100 slp\n|cant|p2b: Annihilape|slp\n|\n|-heal|p2b: Annihilape|10\/100 slp|[from] item: Leftovers\n|upkeep\n|turn|4\n|inactive|VGCLTH TnB has 30 seconds left.\n|\n|t:|1731554005\n|switch|p2a: Sinistcha|Sinistcha, L50|100\/100\n|-heal|p2b: Annihilape|35\/100 slp|[from] ability: Hospitality|[of] p2a: Sinistcha\n|-curestatus|p2b: Annihilape|slp|[msg]\n|move|p2b: Annihilape|Protect|p2b: Annihilape\n|-singleturn|p2b: Annihilape|Protect\n|move|p1b: Volcarona|Heat Wave|p2b: Annihilape|[spread] p2a\n|-activate|p2b: Annihilape|move: Protect\n|-supereffective|p2a: Sinistcha\n|-damage|p2a: Sinistcha|0 fnt\n|faint|p2a: Sinistcha\n|move|p1a: Dragapult|Outrage|p2b: Annihilape|[from]lockedmove\n|-activate|p2b: Annihilape|move: Protect\n|\n|-heal|p2b: Annihilape|41\/100|[from] item: Leftovers\n|upkeep\n|\n|t:|1731554023\n|switch|p2a: Klefki|Klefki, L50, M|100\/100\n|turn|5\n|l| Nitrusido\n|inactive|Delightl has 30 seconds left.\n|inactive|VGCLTH TnB has 30 seconds left.\n|inactive|VGCLTH TnB has 20 seconds left.\n|\n|t:|1731554060\n|move|p2a: Klefki|Light Screen|p2a: Klefki\n|-sidestart|p2: VGCLTH TnB|move: Light Screen\n|move|p1b: Volcarona|Heat Wave|p2b: Annihilape|[spread] p2a,p2b\n|-supereffective|p2a: Klefki\n|-resisted|p2b: Annihilape\n|-crit|p2b: Annihilape\n|-damage|p2a: Klefki|32\/100\n|-damage|p2b: Annihilape|9\/100\n|move|p1a: Dragapult|Outrage|p2b: Annihilape\n|-damage|p2b: Annihilape|0 fnt\n|faint|p2b: Annihilape\n|\n|upkeep\n|-message|VGCLTH TnB forfeited.\n|\n|win|Delightl\n|raw|Delightl's rating: 1768 &rarr; <strong>1786<\/strong><br \/>(+18 for winning)\n|raw|VGCLTH TnB's rating: 1725 &rarr; <strong>1707<\/strong><br \/>(-18 for losing)\n|l| pigsfly88\n|l| Son Vaxis\n|l| VGCLTH John Pork\n|l|\u2606VGCLTH TnB\n|player|p2|\n|l|\u2606Delightl\n|player|p1|\n","uploadtime":1731554314,"views":19,"formatid":"gen9vgc2024regh","rating":1707,"private":0,"password":null}