{"id":"gen9vgc2024regh-2243434068","format":"[Gen 9] VGC 2024 Reg H","players":["vgclth chromate","VGCLTH It'sJustKen"],"log":"|raw|<div class=\"broadcast-blue\"><strong>This battle is required to be public due to a player having a name starting with 'vgclth'.<\/div>\n|j|\u2606vgclth chromate\n|j|\u2606VGCLTH It'sJustKen\n|t:|1731546330\n|gametype|doubles\n|player|p1|vgclth chromate|allister|1746\n|player|p2|VGCLTH It'sJustKen|turo|1725\n|teamsize|p1|6\n|teamsize|p2|6\n|gen|9\n|tier|[Gen 9] VGC 2024 Reg H\n|rated|\n|rule|Species Clause: Limit one of each Pok\u00e9mon\n|rule|Item Clause: Limit 1 of each item\n|clearpoke\n|poke|p1|Archaludon, L50, F|\n|poke|p1|Pelipper, L50, F|\n|poke|p1|Basculegion, L50, M|\n|poke|p1|Gholdengo, L50|\n|poke|p1|Incineroar, L50, M|\n|poke|p1|Amoonguss, L50, M|\n|poke|p2|Gholdengo, L50|\n|poke|p2|Kommo-o, L50, M|\n|poke|p2|Amoonguss, L50, F|\n|poke|p2|Farigiraf, L50, M|\n|poke|p2|Talonflame, L50, M|\n|poke|p2|Garchomp, L50, F|\n|teampreview|4\n|inactive|Battle timer is ON: inactive players will automatically lose when time's up. (requested by VGCLTH It'sJustKen)\n|j| Golett Kombucha\n|\n|t:|1731546352\n|start\n|switch|p1a: Incineroar|Incineroar, L50, M|100\/100\n|switch|p1b: Pelipper|Pelipper, L50, F|100\/100\n|switch|p2a: Kommo-o|Kommo-o, L50, M|100\/100\n|switch|p2b: Talonflame|Talonflame, L50, M, shiny|100\/100\n|-weather|RainDance|[from] ability: Drizzle|[of] p1b: Pelipper\n|-ability|p1a: Incineroar|Intimidate|boost\n|-unboost|p2a: Kommo-o|atk|1\n|-unboost|p2b: Talonflame|atk|1\n|turn|1\n|inactive|VGCLTH It'sJustKen has 30 seconds left.\n|inactive|VGCLTH It'sJustKen has 20 seconds left.\n|inactive|VGCLTH It'sJustKen has 15 seconds left.\n|inactive|VGCLTH It'sJustKen has 10 seconds left.\n|\n|t:|1731546398\n|-terastallize|p2a: Kommo-o|Dragon\n|move|p1a: Incineroar|Fake Out|p2a: Kommo-o\n|-damage|p2a: Kommo-o|89\/100\n|move|p2b: Talonflame|Brave Bird|p1b: Pelipper\n|-damage|p1b: Pelipper|61\/100\n|-damage|p2b: Talonflame|89\/100|[from] Recoil\n|cant|p2a: Kommo-o|flinch\n|move|p1b: Pelipper|Hurricane|p2a: Kommo-o\n|-damage|p2a: Kommo-o|32\/100\n|-start|p2a: Kommo-o|confusion\n|\n|-weather|RainDance|[upkeep]\n|upkeep\n|turn|2\n|j| VGCLTH Thacrow\n|\n|t:|1731546416\n|move|p1b: Pelipper|Protect|p1b: Pelipper\n|-singleturn|p1b: Pelipper|Protect\n|move|p2b: Talonflame|Tailwind|p2b: Talonflame\n|-sidestart|p2: VGCLTH It'sJustKen|move: Tailwind\n|-activate|p2a: Kommo-o|confusion\n|move|p2a: Kommo-o|Clanging Scales|p1a: Incineroar|[spread] p1a\n|-activate|p1b: Pelipper|move: Protect\n|-damage|p1a: Incineroar|22\/100\n|-unboost|p2a: Kommo-o|def|1\n|move|p1a: Incineroar|Knock Off|p2a: Kommo-o\n|-damage|p2a: Kommo-o|0 fnt\n|-enditem|p2a: Kommo-o|Choice Specs|[from] move: Knock Off|[of] p1a: Incineroar\n|faint|p2a: Kommo-o\n|\n|-weather|RainDance|[upkeep]\n|upkeep\n|j| la bella de easo\n|\n|t:|1731546426\n|switch|p2a: *hears the music*|Gholdengo, L50|100\/100\n|turn|3\n|\n|t:|1731546431\n|move|p2a: *hears the music*|Shadow Ball|p1b: Pelipper\n|-damage|p1b: Pelipper|0 fnt\n|faint|p1b: Pelipper\n|move|p2b: Talonflame|Brave Bird|p1a: Incineroar\n|-damage|p1a: Incineroar|0 fnt\n|faint|p1a: Incineroar\n|-damage|p2b: Talonflame|80\/100|[from] Recoil\n|\n|-weather|RainDance|[upkeep]\n|upkeep\n|\n|t:|1731546435\n|switch|p1b: Basculegion|Basculegion, L50, M|100\/100\n|switch|p1a: Archaludon|Archaludon, L50, F|100\/100\n|turn|4\n|\n|t:|1731546445\n|-terastallize|p1b: Basculegion|Water\n|move|p1b: Basculegion|Aqua Jet|p2b: Talonflame\n|-supereffective|p2b: Talonflame\n|-damage|p2b: Talonflame|0 fnt\n|faint|p2b: Talonflame\n|move|p2a: *hears the music*|Shadow Ball|p1b: Basculegion\n|-damage|p1b: Basculegion|48\/100\n|move|p1a: Archaludon|Electro Shot||[still]\n|-prepare|p1a: Archaludon|Electro Shot\n|-boost|p1a: Archaludon|spa|1\n|-anim|p1a: Archaludon|Electro Shot|p2a: *hears the music*\n|-damage|p2a: *hears the music*|33\/100\n|\n|-weather|RainDance|[upkeep]\n|upkeep\n|\n|t:|1731546450\n|switch|p2b: Garchomp|Garchomp, L50, F|100\/100\n|turn|5\n|\n|t:|1731546459\n|move|p1b: Basculegion|Aqua Jet|p2a: *hears the music*\n|-damage|p2a: *hears the music*|0 fnt\n|faint|p2a: *hears the music*\n|move|p2b: Garchomp|Earthquake|p1b: Basculegion|[spread] p1a,p1b\n|-supereffective|p1a: Archaludon\n|-damage|p1a: Archaludon|37\/100\n|-damage|p1b: Basculegion|0 fnt\n|-ability|p1a: Archaludon|Stamina|boost\n|-boost|p1a: Archaludon|def|1\n|faint|p1b: Basculegion\n|move|p1a: Archaludon|Dragon Pulse|p2b: Garchomp\n|-supereffective|p2b: Garchomp\n|-damage|p2b: Garchomp|0 fnt\n|faint|p2b: Garchomp\n|\n|win|vgclth chromate\n|raw|vgclth chromate's rating: 1746 &rarr; <strong>1765<\/strong><br \/>(+19 for winning)\n|raw|VGCLTH It&apos;sJustKen's rating: 1725 &rarr; <strong>1706<\/strong><br \/>(-19 for losing)\n|j| Acura Integurl\n|l|\u2606vgclth chromate\n|player|p1|\n|l| VGCLTH Thacrow\n|l| Acura Integurl\n|l|\u2606VGCLTH It'sJustKen\n|player|p2|\n|l| Golett Kombucha\n","uploadtime":1731546694,"views":66,"formatid":"gen9vgc2024regh","rating":1706,"private":0,"password":null}