{"id":"gen9vgc2024regh-2243845373","format":"[Gen 9] VGC 2024 Reg H","players":["ohnokoko","VGCLTH Carrots"],"log":"|raw|<div class=\"broadcast-blue\"><strong>This battle is required to be public due to a player having a name starting with 'vgclth'.<\/div>\n|j|\u2606ohnokoko\n|j|\u2606VGCLTH Carrots\n|t:|1731604736\n|gametype|doubles\n|player|p1|ohnokoko|265|1667\n|player|p2|VGCLTH Carrots|266|1686\n|teamsize|p1|6\n|teamsize|p2|6\n|gen|9\n|tier|[Gen 9] VGC 2024 Reg H\n|rated|\n|rule|Species Clause: Limit one of each Pok\u00e9mon\n|rule|Item Clause: Limit 1 of each item\n|clearpoke\n|poke|p1|Sneasler, L50, M|\n|poke|p1|Gholdengo, L50|\n|poke|p1|Rillaboom, L50, M|\n|poke|p1|Electabuzz, L50, F|\n|poke|p1|Pelipper, L50, F|\n|poke|p1|Basculegion, L50, M|\n|poke|p2|Rillaboom, L50, F|\n|poke|p2|Kingambit, L50, M|\n|poke|p2|Sneasler, L50, F|\n|poke|p2|Dragonite, L50, F|\n|poke|p2|Gastrodon, L50, M|\n|poke|p2|Ceruledge, L50, M|\n|teampreview|4\n|inactive|Battle timer is ON: inactive players will automatically lose when time's up. (requested by VGCLTH Carrots)\n|inactive|VGCLTH Carrots has 60 seconds left.\n|\n|t:|1731604768\n|start\n|switch|p1a: Gholdengo|Gholdengo, L50|100\/100\n|switch|p1b: Electabuzz|Electabuzz, L50, F|100\/100\n|switch|p2a: Sneasler|Sneasler, L50, F|100\/100\n|switch|p2b: Dragonite|Dragonite, L50, F|100\/100\n|turn|1\n|\n|t:|1731604784\n|-terastallize|p1b: Electabuzz|Fairy\n|move|p2a: Sneasler|Coaching|p2b: Dragonite\n|-boost|p2b: Dragonite|atk|1\n|-boost|p2b: Dragonite|def|1\n|move|p2b: Dragonite|Scale Shot|p1b: Electabuzz\n|-immune|p1b: Electabuzz\n|move|p1b: Electabuzz|Electroweb|p2b: Dragonite|[spread] p2a,p2b\n|-damage|p2a: Sneasler|79\/100\n|-damage|p2b: Dragonite|93\/100\n|-unboost|p2a: Sneasler|spe|1\n|-unboost|p2b: Dragonite|spe|1\n|move|p1a: Gholdengo|Nasty Plot|p1a: Gholdengo\n|-boost|p1a: Gholdengo|spa|2\n|\n|upkeep\n|turn|2\n|inactive|VGCLTH Carrots has 30 seconds left.\n|inactive|VGCLTH Carrots has 20 seconds left.\n|inactive|VGCLTH Carrots has 15 seconds left.\n|inactive|VGCLTH Carrots has 10 seconds left.\n|inactive|VGCLTH Carrots has 5 seconds left.\n|\n|t:|1731604839\n|move|p1b: Electabuzz|Follow Me|p1b: Electabuzz\n|-singleturn|p1b: Electabuzz|move: Follow Me\n|move|p2a: Sneasler|Dire Claw|p1b: Electabuzz\n|-supereffective|p1b: Electabuzz\n|-damage|p1b: Electabuzz|33\/100\n|move|p1a: Gholdengo|Make It Rain|p2a: Sneasler|[spread] p2a,p2b\n|-damage|p2a: Sneasler|0 fnt\n|-damage|p2b: Dragonite|0 fnt\n|-unboost|p1a: Gholdengo|spa|1\n|faint|p2a: Sneasler\n|faint|p2b: Dragonite\n|\n|upkeep\n|inactive|VGCLTH Carrots has 30 seconds left.\n|inactive|VGCLTH Carrots has 20 seconds left.\n|inactive|VGCLTH Carrots has 15 seconds left.\n|inactive|VGCLTH Carrots has 10 seconds left.\n|inactive|VGCLTH Carrots has 5 seconds left.\n|\n|t:|1731604894\n|switch|p2a: Kingambit|Kingambit, L50, M|100\/100\n|switch|p2b: Rillaboom|Rillaboom, L50, F|100\/100\n|-fieldstart|move: Grassy Terrain|[from] ability: Grassy Surge|[of] p2b: Rillaboom\n|turn|3\n|inactive|VGCLTH Carrots has 30 seconds left.\n|inactive|VGCLTH Carrots has 20 seconds left.\n|inactive|VGCLTH Carrots has 15 seconds left.\n|inactive|VGCLTH Carrots has 10 seconds left.\n|inactive|VGCLTH Carrots has 5 seconds left.\n|\n|t:|1731604949\n|move|p1a: Gholdengo|Protect|p1a: Gholdengo\n|-singleturn|p1a: Gholdengo|Protect\n|move|p1b: Electabuzz|Taunt|p2a: Kingambit\n|-start|p2a: Kingambit|move: Taunt\n|move|p2b: Rillaboom|Wood Hammer|p1b: Electabuzz\n|-damage|p1b: Electabuzz|0 fnt\n|faint|p1b: Electabuzz\n|-damage|p2b: Rillaboom|92\/100|[from] Recoil\n|move|p2a: Kingambit|Kowtow Cleave|p1a: Gholdengo\n|-activate|p1a: Gholdengo|move: Protect\n|\n|-heal|p2b: Rillaboom|98\/100|[from] Grassy Terrain\n|upkeep\n|\n|t:|1731604971\n|switch|p1b: Sneasler|Sneasler, L50, M|100\/100\n|-enditem|p1b: Sneasler|Grassy Seed\n|-boost|p1b: Sneasler|def|1|[from] item: Grassy Seed\n|turn|4\n|inactive|VGCLTH Carrots has 30 seconds left.\n|inactive|VGCLTH Carrots has 20 seconds left.\n|\n|t:|1731605009\n|-terastallize|p2a: Kingambit|Flying\n|move|p2a: Kingambit|Sucker Punch|p1a: Gholdengo\n|-supereffective|p1a: Gholdengo\n|-damage|p1a: Gholdengo|24\/100\n|-enditem|p1a: Gholdengo|Sitrus Berry|[eat]\n|-heal|p1a: Gholdengo|49\/100|[from] item: Sitrus Berry\n|move|p1b: Sneasler|Dire Claw|p2b: Rillaboom\n|-supereffective|p2b: Rillaboom\n|-damage|p2b: Rillaboom|4\/100\n|move|p2b: Rillaboom|High Horsepower|p1b: Sneasler\n|-supereffective|p1b: Sneasler\n|-damage|p1b: Sneasler|18\/100\n|move|p1a: Gholdengo|Make It Rain|p2a: Kingambit|[spread] p2a,p2b\n|-crit|p2a: Kingambit\n|-damage|p2a: Kingambit|27\/100\n|-damage|p2b: Rillaboom|0 fnt\n|-unboost|p1a: Gholdengo|spa|1\n|faint|p2b: Rillaboom\n|\n|-heal|p1b: Sneasler|24\/100|[from] Grassy Terrain\n|-heal|p1a: Gholdengo|55\/100|[from] Grassy Terrain\n|upkeep\n|turn|5\n|-message|VGCLTH Carrots forfeited.\n|\n|win|ohnokoko\n|raw|ohnokoko's rating: 1667 &rarr; <strong>1688<\/strong><br \/>(+21 for winning)\n|raw|VGCLTH Carrots's rating: 1686 &rarr; <strong>1665<\/strong><br \/>(-21 for losing)\n|l|\u2606VGCLTH Carrots\n|player|p2|\n|l|\u2606ohnokoko\n|player|p1|\n","uploadtime":1731605300,"views":33,"formatid":"gen9vgc2024regh","rating":1665,"private":0,"password":null}