{"id":"gen9vgc2024regh-2243165875","format":"[Gen 9] VGC 2024 Reg H","players":["VGCLTH Cuwutie","nivea4"],"log":"|raw|<div class=\"broadcast-blue\"><strong>This battle is required to be public due to a player having a name starting with 'vgclth'.<\/div>\n|j|\u2606VGCLTH Cuwutie\n|j|\u2606nivea4\n|t:|1731518170\n|gametype|doubles\n|player|p1|VGCLTH Cuwutie|102|1705\n|player|p2|nivea4|ltsurge|1742\n|teamsize|p1|6\n|teamsize|p2|6\n|gen|9\n|tier|[Gen 9] VGC 2024 Reg H\n|rated|\n|rule|Species Clause: Limit one of each Pok\u00e9mon\n|rule|Item Clause: Limit 1 of each item\n|clearpoke\n|poke|p1|Smeargle, L50, F|\n|poke|p1|Farigiraf, L50, M|\n|poke|p1|Grimmsnarl, L50, M|\n|poke|p1|Torkoal, L50, F|\n|poke|p1|Ursaluna-Bloodmoon, L50, M|\n|poke|p1|Weezing-Galar, L50, F|\n|poke|p2|Ursaluna-Bloodmoon, L50, M|\n|poke|p2|Gholdengo, L50|\n|poke|p2|Amoonguss, L50, M|\n|poke|p2|Volcarona, L50, M|\n|poke|p2|Grimmsnarl, L50, M|\n|poke|p2|Tyranitar, L50, M|\n|teampreview|4\n|\n|t:|1731518190\n|start\n|switch|p1a: Smeargle|Smeargle, L50, F|100\/100\n|switch|p1b: Farigiraf|Farigiraf, L50, M|100\/100\n|switch|p2a: Gholdengo|Gholdengo, L50|100\/100\n|switch|p2b: Grimmsnarl|Grimmsnarl, L50, M|100\/100\n|turn|1\n|\n|t:|1731518205\n|move|p2b: Grimmsnarl|Light Screen|p2b: Grimmsnarl\n|-sidestart|p2: nivea4|move: Light Screen\n|move|p1a: Smeargle|Spore|p2b: Grimmsnarl\n|-status|p2b: Grimmsnarl|slp|[from] move: Spore\n|move|p2a: Gholdengo|Nasty Plot|p2a: Gholdengo\n|-boost|p2a: Gholdengo|spa|2\n|move|p1b: Farigiraf|Trick Room|p1b: Farigiraf\n|-fieldstart|move: Trick Room|[of] p1b: Farigiraf\n|\n|-ability|p1a: Smeargle|Moody|boost\n|-boost|p1a: Smeargle|atk|2\n|-unboost|p1a: Smeargle|def|1\n|-enditem|p1a: Smeargle|Eject Pack\n|upkeep\n|\n|t:|1731518208\n|switch|p1a: Torkoal|Torkoal, L50, F|100\/100\n|-weather|SunnyDay|[from] ability: Drought|[of] p1a: Torkoal\n|turn|2\n|j| VGCLTH lily\n|\n|t:|1731518222\n|switch|p2b: Tyranitar|Tyranitar, L50, M|100\/100\n|-weather|Sandstorm|[from] ability: Sand Stream|[of] p2b: Tyranitar\n|-terastallize|p1a: Torkoal|Fire\n|-terastallize|p2a: Gholdengo|Dragon\n|move|p1b: Farigiraf|Helping Hand|p1a: Torkoal\n|-singleturn|p1a: Torkoal|Helping Hand|[of] p1b: Farigiraf\n|move|p1a: Torkoal|Eruption|p2b: Tyranitar|[spread] p2a,p2b\n|-resisted|p2a: Gholdengo\n|-resisted|p2b: Tyranitar\n|-damage|p2a: Gholdengo|54\/100\n|-damage|p2b: Tyranitar|84\/100\n|move|p2a: Gholdengo|Make It Rain|p1b: Farigiraf|[spread] p1a,p1b\n|-resisted|p1a: Torkoal\n|-damage|p1a: Torkoal|43\/100\n|-damage|p1b: Farigiraf|26\/100\n|-unboost|p2a: Gholdengo|spa|1\n|\n|-weather|Sandstorm|[upkeep]\n|-damage|p1a: Torkoal|37\/100|[from] Sandstorm\n|-damage|p1b: Farigiraf|20\/100|[from] Sandstorm\n|-damage|p2a: Gholdengo|48\/100|[from] Sandstorm\n|-heal|p2a: Gholdengo|54\/100|[from] item: Leftovers\n|upkeep\n|turn|3\n|\n|t:|1731518249\n|move|p1b: Farigiraf|Helping Hand|p1a: Torkoal\n|-singleturn|p1a: Torkoal|Helping Hand|[of] p1b: Farigiraf\n|move|p1a: Torkoal|Eruption|p2a: Gholdengo|[spread] p2a,p2b\n|-resisted|p2a: Gholdengo\n|-resisted|p2b: Tyranitar\n|-damage|p2a: Gholdengo|38\/100\n|-damage|p2b: Tyranitar|77\/100\n|move|p2b: Tyranitar|Knock Off|p1a: Torkoal\n|-damage|p1a: Torkoal|0 fnt\n|-enditem|p1a: Torkoal|Choice Specs|[from] move: Knock Off|[of] p2b: Tyranitar\n|faint|p1a: Torkoal\n|move|p2a: Gholdengo|Make It Rain|p1b: Farigiraf\n|-crit|p1b: Farigiraf\n|-damage|p1b: Farigiraf|0 fnt\n|-unboost|p2a: Gholdengo|spa|1\n|faint|p1b: Farigiraf\n|\n|-weather|Sandstorm|[upkeep]\n|-damage|p2a: Gholdengo|32\/100|[from] Sandstorm\n|-heal|p2a: Gholdengo|38\/100|[from] item: Leftovers\n|upkeep\n|\n|t:|1731518253\n|switch|p1a: Smeargle|Smeargle, L50, F|100\/100\n|switch|p1b: Ursaluna|Ursaluna-Bloodmoon, L50, M|100\/100\n|turn|4\n|\n|t:|1731518284\n|move|p1a: Smeargle|Fake Out|p2b: Tyranitar\n|-resisted|p2b: Tyranitar\n|-damage|p2b: Tyranitar|75\/100\n|move|p1b: Ursaluna|Blood Moon|p2a: Gholdengo\n|-damage|p2a: Gholdengo|0 fnt\n|faint|p2a: Gholdengo\n|-damage|p1b: Ursaluna|90\/100|[from] item: Life Orb\n|cant|p2b: Tyranitar|flinch\n|\n|-weather|Sandstorm|[upkeep]\n|-damage|p1a: Smeargle|94\/100|[from] Sandstorm\n|-ability|p1a: Smeargle|Moody|boost\n|-boost|p1a: Smeargle|def|2\n|-unboost|p1a: Smeargle|spa|1\n|upkeep\n|\n|t:|1731518300\n|switch|p2a: Grimmsnarl|Grimmsnarl, L50, M|100\/100 slp\n|turn|5\n|\n|t:|1731518317\n|move|p1b: Ursaluna|Earth Power|p2b: Tyranitar\n|-supereffective|p2b: Tyranitar\n|-crit|p2b: Tyranitar\n|-damage|p2b: Tyranitar|0 fnt\n|faint|p2b: Tyranitar\n|-damage|p1b: Ursaluna|80\/100|[from] item: Life Orb\n|cant|p2a: Grimmsnarl|slp\n|move|p1a: Smeargle|Spore|p2a: Grimmsnarl\n|-fail|p2a: Grimmsnarl|slp\n|\n|-weather|Sandstorm|[upkeep]\n|-damage|p2a: Grimmsnarl|95\/100 slp|[from] Sandstorm\n|-damage|p1a: Smeargle|88\/100|[from] Sandstorm\n|-fieldend|move: Trick Room\n|-ability|p1a: Smeargle|Moody|boost\n|-boost|p1a: Smeargle|spd|2\n|-unboost|p1a: Smeargle|atk|1\n|upkeep\n|\n|t:|1731518332\n|switch|p2b: Volcarona|Volcarona, L50, M|100\/100\n|turn|6\n|\n|t:|1731518347\n|move|p2b: Volcarona|Protect|p2b: Volcarona\n|-singleturn|p2b: Volcarona|Protect\n|cant|p2a: Grimmsnarl|slp\n|move|p1a: Smeargle|Spore|p2b: Volcarona\n|-activate|p2b: Volcarona|move: Protect\n|move|p1b: Ursaluna|Blood Moon|p2b: Volcarona\n|-activate|p2b: Volcarona|move: Protect\n|\n|-weather|none\n|-ability|p1a: Smeargle|Moody|boost\n|-boost|p1a: Smeargle|spe|2\n|-unboost|p1a: Smeargle|spd|1\n|upkeep\n|turn|7\n|\n|t:|1731518375\n|cant|p2a: Grimmsnarl|slp\n|move|p1a: Smeargle|Spore|p2b: Volcarona\n|-status|p2b: Volcarona|slp|[from] move: Spore\n|cant|p2b: Volcarona|slp\n|move|p1b: Ursaluna|Hyper Voice|p2b: Volcarona|[spread] p2a,p2b\n|-damage|p2a: Grimmsnarl|64\/100 slp\n|-damage|p2b: Volcarona|68\/100 slp\n|-damage|p1b: Ursaluna|70\/100|[from] item: Life Orb\n|\n|-ability|p1a: Smeargle|Moody|boost\n|-boost|p1a: Smeargle|atk|2\n|-unboost|p1a: Smeargle|spa|1\n|upkeep\n|turn|8\n|\n|t:|1731518395\n|move|p1a: Smeargle|Follow Me|p1a: Smeargle\n|-singleturn|p1a: Smeargle|move: Follow Me\n|-curestatus|p2a: Grimmsnarl|slp|[msg]\n|move|p2a: Grimmsnarl|Thunder Wave|p1a: Smeargle\n|-status|p1a: Smeargle|par\n|cant|p2b: Volcarona|slp\n|move|p1b: Ursaluna|Blood Moon|p2b: Volcarona\n|-damage|p2b: Volcarona|6\/100 slp\n|-damage|p1b: Ursaluna|60\/100|[from] item: Life Orb\n|\n|-sideend|p2: nivea4|move: Light Screen\n|-ability|p1a: Smeargle|Moody|boost\n|-boost|p1a: Smeargle|spe|2\n|-unboost|p1a: Smeargle|def|1\n|upkeep\n|turn|9\n|\n|t:|1731518421\n|move|p1a: Smeargle|Follow Me|p1a: Smeargle\n|-singleturn|p1a: Smeargle|move: Follow Me\n|move|p2a: Grimmsnarl|Light Screen|p2a: Grimmsnarl\n|-sidestart|p2: nivea4|move: Light Screen\n|cant|p2b: Volcarona|slp\n|move|p1b: Ursaluna|Hyper Voice|p2a: Grimmsnarl|[spread] p2a,p2b\n|-damage|p2a: Grimmsnarl|35\/100\n|-damage|p2b: Volcarona|0 fnt\n|faint|p2b: Volcarona\n|-damage|p1b: Ursaluna|50\/100|[from] item: Life Orb\n|\n|-ability|p1a: Smeargle|Moody|boost\n|-boost|p1a: Smeargle|def|2\n|-unboost|p1a: Smeargle|atk|1\n|upkeep\n|turn|10\n|-message|nivea4 forfeited.\n|\n|win|VGCLTH Cuwutie\n|raw|VGCLTH Cuwutie's rating: 1705 &rarr; <strong>1727<\/strong><br \/>(+22 for winning)\n|raw|nivea4's rating: 1742 &rarr; <strong>1720<\/strong><br \/>(-22 for losing)\n|l|\u2606nivea4\n|player|p2|\n|l| VGCLTH lily\n|l|\u2606VGCLTH Cuwutie\n|player|p1|\n","uploadtime":1731518604,"views":18,"formatid":"gen9vgc2024regh","rating":1720,"private":0,"password":null}