{"id":"gen9vgc2024regh-2243279780","format":"[Gen 9] VGC 2024 Reg H","players":["VGCLTH Slow","bgc0"],"log":"|j|\u2606VGCLTH Slow\n|j|\u2606bgc0\n|t:|1731528967\n|gametype|doubles\n|player|p1|VGCLTH Slow|skier|1714\n|player|p2|bgc0|steven|1826\n|teamsize|p1|6\n|teamsize|p2|6\n|gen|9\n|tier|[Gen 9] VGC 2024 Reg H\n|rated|\n|rule|Species Clause: Limit one of each Pok\u00e9mon\n|rule|Item Clause: Limit 1 of each item\n|clearpoke\n|poke|p1|Sableye, L50, F|\n|poke|p1|Sylveon, L50, M|\n|poke|p1|Archaludon, L50, F|\n|poke|p1|Volcarona, L50, M|\n|poke|p1|Rillaboom, L50, F|\n|poke|p1|Tauros-Paldea-Aqua, L50, M|\n|poke|p2|Espathra, L50, F|\n|poke|p2|Archaludon, L50, M|\n|poke|p2|Incineroar, L50, M|\n|poke|p2|Ninetales-Alola, L50, F|\n|poke|p2|Murkrow, L50, M|\n|poke|p2|Amoonguss, L50, M|\n|teampreview|4\nVGCLTH Slow has agreed to open team sheets.\n|j| Kpxbrothers\n|\n|t:|1731528995\n|start\n|switch|p1a: Koko The Gorythmic|Rillaboom, L50, F|100\/100\n|switch|p1b: Old Yeller|Sylveon, L50, M|100\/100\n|switch|p2a: Ninetales|Ninetales-Alola, L50, F, shiny|100\/100\n|switch|p2b: Incineroar|Incineroar, L50, M|100\/100\n|-weather|Snow|[from] ability: Snow Warning|[of] p2a: Ninetales\n|-fieldstart|move: Grassy Terrain|[from] ability: Grassy Surge|[of] p1a: Koko The Gorythmic\n|-ability|p2b: Incineroar|Intimidate|boost\n|-unboost|p1a: Koko The Gorythmic|atk|1\n|-unboost|p1b: Old Yeller|atk|1\n|turn|1\n|\n|t:|1731529010\n|switch|p1a: Bullshifu|Tauros-Paldea-Aqua, L50, M, shiny|100\/100\n|-ability|p1a: Bullshifu|Intimidate|boost\n|-unboost|p2a: Ninetales|atk|1\n|-unboost|p2b: Incineroar|atk|1\n|move|p1b: Old Yeller|Protect|p1b: Old Yeller\n|-singleturn|p1b: Old Yeller|Protect\n|move|p2b: Incineroar|Fake Out|p1b: Old Yeller\n|-activate|p1b: Old Yeller|move: Protect\n|move|p2a: Ninetales|Blizzard|p1a: Bullshifu|[spread] p1a\n|-activate|p1b: Old Yeller|move: Protect\n|-resisted|p1a: Bullshifu\n|-damage|p1a: Bullshifu|66\/100\n|-status|p1a: Bullshifu|frz\n|\n|-weather|Snow|[upkeep]\n|-heal|p1a: Bullshifu|72\/100 frz|[from] Grassy Terrain\n|upkeep\n|turn|2\n|\n|t:|1731529034\n|switch|p1a: Snowblind|Sableye, L50, F|100\/100\n|move|p2a: Ninetales|Blizzard|p1b: Old Yeller|[spread] p1a,p1b\n|-damage|p1a: Snowblind|40\/100\n|-damage|p1b: Old Yeller|67\/100\n|-enditem|p1a: Snowblind|Sitrus Berry|[eat]\n|-heal|p1a: Snowblind|65\/100|[from] item: Sitrus Berry\n|move|p1b: Old Yeller|Hyper Voice|p2a: Ninetales|[spread] p2a,p2b\n|-damage|p2a: Ninetales|50\/100\n|-damage|p2b: Incineroar|65\/100\n|-enditem|p1b: Old Yeller|Throat Spray\n|-boost|p1b: Old Yeller|spa|1|[from] item: Throat Spray\n|move|p2b: Incineroar|Parting Shot|p1b: Old Yeller\n|-unboost|p1b: Old Yeller|atk|1\n|-unboost|p1b: Old Yeller|spa|1\n|\n|t:|1731529060\n|switch|p2b: Espathra|Espathra, L50, F|100\/100|[from] Parting Shot\n|\n|-weather|Snow|[upkeep]\n|-heal|p2a: Ninetales|56\/100|[from] Grassy Terrain\n|-heal|p1b: Old Yeller|73\/100|[from] Grassy Terrain\n|-heal|p1a: Snowblind|71\/100|[from] Grassy Terrain\n|upkeep\n|turn|3\n|\n|t:|1731529071\n|move|p1a: Snowblind|Disable|p2a: Ninetales\n|-start|p2a: Ninetales|Disable|Blizzard\n|cant|p2a: Ninetales|Disable|Blizzard\n|move|p2b: Espathra|Lumina Crash|p1b: Old Yeller\n|-damage|p1b: Old Yeller|46\/100\n|-unboost|p1b: Old Yeller|spd|2\n|move|p1b: Old Yeller|Hyper Voice|p2b: Espathra|[spread] p2a,p2b\n|-damage|p2a: Ninetales|5\/100\n|-damage|p2b: Espathra|35\/100\n|\n|-weather|Snow|[upkeep]\n|-heal|p2a: Ninetales|11\/100|[from] Grassy Terrain\n|-heal|p2b: Espathra|41\/100|[from] Grassy Terrain\n|-heal|p1b: Old Yeller|52\/100|[from] Grassy Terrain\n|-heal|p1a: Snowblind|77\/100|[from] Grassy Terrain\n|-ability|p2b: Espathra|Speed Boost|boost\n|-boost|p2b: Espathra|spe|1\n|upkeep\n|turn|4\n|\n|t:|1731529097\n|switch|p2a: Incineroar|Incineroar, L50, M|65\/100\n|-ability|p2a: Incineroar|Intimidate|boost\n|-unboost|p1a: Snowblind|atk|1\n|-unboost|p1b: Old Yeller|atk|1\n|switch|p1b: Koko The Gorythmic|Rillaboom, L50, F|100\/100\n|move|p2b: Espathra|Hypnosis|p1b: Koko The Gorythmic|[miss]\n|-miss|p2b: Espathra|p1b: Koko The Gorythmic\n|move|p1a: Snowblind|Foul Play|p2b: Espathra\n|-supereffective|p2b: Espathra\n|-damage|p2b: Espathra|0 fnt\n|faint|p2b: Espathra\n|\n|-weather|Snow|[upkeep]\n|-heal|p2a: Incineroar|71\/100|[from] Grassy Terrain\n|-heal|p1a: Snowblind|83\/100|[from] Grassy Terrain\n|upkeep\n|\n|t:|1731529112\n|switch|p2b: Archaludon|Archaludon, L50, M, shiny|100\/100\n|turn|5\n|\n|t:|1731529126\n|-terastallize|p2b: Archaludon|Electric\n|-terastallize|p1b: Koko The Gorythmic|Fire\n|move|p1a: Snowblind|Will-O-Wisp|p2b: Archaludon|[miss]\n|-miss|p1a: Snowblind|p2b: Archaludon\n|move|p2b: Archaludon|Electro Shot||[still]\n|-prepare|p2b: Archaludon|Electro Shot\n|-boost|p2b: Archaludon|spa|1\n|-enditem|p2b: Archaludon|Power Herb\n|-anim|p2b: Archaludon|Electro Shot|p1a: Snowblind\n|-damage|p1a: Snowblind|0 fnt\n|faint|p1a: Snowblind\n|move|p1b: Koko The Gorythmic|High Horsepower|p2a: Incineroar\n|-supereffective|p2a: Incineroar\n|-damage|p2a: Incineroar|8\/100\n|move|p2a: Incineroar|Flare Blitz|p1b: Koko The Gorythmic\n|-resisted|p1b: Koko The Gorythmic\n|-damage|p1b: Koko The Gorythmic|78\/100\n|-damage|p2a: Incineroar|0 fnt|[from] Recoil\n|faint|p2a: Incineroar\n|\n|-weather|none\n|-heal|p1b: Koko The Gorythmic|84\/100|[from] Grassy Terrain\n|-fieldend|move: Grassy Terrain\n|upkeep\n|\n|t:|1731529145\n|switch|p2a: Ninetales|Ninetales-Alola, L50, F, shiny|11\/100\n|switch|p1a: Bullshifu|Tauros-Paldea-Aqua, L50, M, shiny|72\/100 frz\n|-weather|Snow|[from] ability: Snow Warning|[of] p2a: Ninetales\n|-ability|p1a: Bullshifu|Intimidate|boost\n|-unboost|p2a: Ninetales|atk|1\n|-unboost|p2b: Archaludon|atk|1\n|turn|6\n|\n|t:|1731529158\n|switch|p1b: Old Yeller|Sylveon, L50, M|52\/100\n|-curestatus|p1a: Bullshifu|frz|[msg]\n|move|p1a: Bullshifu|Aqua Jet|p2a: Ninetales\n|-damage|p2a: Ninetales|0 fnt\n|faint|p2a: Ninetales\n|move|p2b: Archaludon|Dragon Pulse|p1b: Old Yeller\n|-immune|p1b: Old Yeller\n|\n|-weather|Snow|[upkeep]\n|upkeep\n|turn|7\n|j| hazardousblue\n|l| hazardousblue\n|\n|t:|1731529176\n|move|p1a: Bullshifu|Close Combat|p2b: Archaludon\n|-damage|p2b: Archaludon|55\/100\n|-unboost|p1a: Bullshifu|def|1\n|-unboost|p1a: Bullshifu|spd|1\n|move|p2b: Archaludon|Dragon Pulse|p1a: Bullshifu\n|-crit|p1a: Bullshifu\n|-damage|p1a: Bullshifu|0 fnt\n|faint|p1a: Bullshifu\n|move|p1b: Old Yeller|Tera Blast|p2b: Archaludon\n|-damage|p2b: Archaludon|0 fnt\n|faint|p2b: Archaludon\n|\n|win|VGCLTH Slow\n|raw|VGCLTH Slow's rating: 1714 &rarr; <strong>1740<\/strong><br \/>(+26 for winning)\n|raw|bgc0's rating: 1826 &rarr; <strong>1800<\/strong><br \/>(-26 for losing)\n|l|\u2606bgc0\n|player|p2|\n|l|\u2606VGCLTH Slow\n|player|p1|\n|j|\u2606VGCLTH Slow\n|player|p1|VGCLTH Slow|skier|\n|l|\u2606VGCLTH Slow\n|player|p1|\n","uploadtime":1731529183,"views":20,"formatid":"gen9vgc2024regh","rating":1740,"private":0,"password":null}