{"id":"gen9vgc2024regh-2243869225","format":"[Gen 9] VGC 2024 Reg H","players":["SnarkyShane","Brave12223"],"log":"|j|\u2606SnarkyShane\n|j|\u2606Brave12223\n|t:|1731606971\n|gametype|doubles\n|player|p1|SnarkyShane|gambler|1691\n|player|p2|Brave12223|ingo|1771\n|teamsize|p1|6\n|teamsize|p2|6\n|gen|9\n|tier|[Gen 9] VGC 2024 Reg H\n|rated|\n|rule|Species Clause: Limit one of each Pok\u00e9mon\n|rule|Item Clause: Limit 1 of each item\n|clearpoke\n|poke|p1|Baxcalibur, L50, F|\n|poke|p1|Ninetales-Alola, L50, F|\n|poke|p1|Sneasler, L50, F|\n|poke|p1|Ceruledge, L50, M|\n|poke|p1|Rillaboom, L50, F|\n|poke|p1|Gastrodon, L50, F|\n|poke|p2|Garchomp, L50, M|\n|poke|p2|Talonflame, L50, F|\n|poke|p2|Gastrodon, L50, M|\n|poke|p2|Tsareena, L50, F|\n|poke|p2|Kingambit, L50, M|\n|poke|p2|Tyranitar, L50, F|\n|teampreview|4\n|inactive|Battle timer is ON: inactive players will automatically lose when time's up. (requested by SnarkyShane)\n|inactive|SnarkyShane has 60 seconds left.\n|\n|t:|1731607011\n|start\n|switch|p1a: BULXcaliber|Baxcalibur, L50, F|100\/100\n|switch|p1b: Ringo|Rillaboom, L50, F|100\/100\n|switch|p2a: Talonflame|Talonflame, L50, F|100\/100\n|switch|p2b: Kingambit|Kingambit, L50, M|100\/100\n|-fieldstart|move: Grassy Terrain|[from] ability: Grassy Surge|[of] p1b: Ringo\n|turn|1\n|inactive|SnarkyShane has 30 seconds left.\n|\n|t:|1731607042\n|-terastallize|p1a: BULXcaliber|Fire\n|move|p1b: Ringo|Fake Out|p2b: Kingambit\n|-resisted|p2b: Kingambit\n|-damage|p2b: Kingambit|96\/100\n|move|p2a: Talonflame|Tailwind|p2a: Talonflame\n|-sidestart|p2: Brave12223|move: Tailwind\n|cant|p2b: Kingambit|flinch\n|move|p1a: BULXcaliber|Dragon Dance|p1a: BULXcaliber\n|-boost|p1a: BULXcaliber|atk|1\n|-boost|p1a: BULXcaliber|spe|1\n|\n|-heal|p2b: Kingambit|100\/100|[from] Grassy Terrain\n|upkeep\n|turn|2\n|\n|t:|1731607063\n|move|p1a: BULXcaliber|Protect|p1a: BULXcaliber\n|-singleturn|p1a: BULXcaliber|Protect\n|move|p2a: Talonflame|Brave Bird|p1a: BULXcaliber\n|-activate|p1a: BULXcaliber|move: Protect\n|move|p2b: Kingambit|Kowtow Cleave|p1a: BULXcaliber\n|-activate|p1a: BULXcaliber|move: Protect\n|move|p1b: Ringo|U-turn|p2b: Kingambit\n|-crit|p2b: Kingambit\n|-damage|p2b: Kingambit|76\/100\n|\n|t:|1731607080\n|switch|p1b: Elsa|Ninetales-Alola, L50, F|100\/100|[from] U-turn\n|-weather|Snow|[from] ability: Snow Warning|[of] p1b: Elsa\n|\n|-weather|Snow|[upkeep]\n|-heal|p2b: Kingambit|82\/100|[from] Grassy Terrain\n|upkeep\n|turn|3\n|\n|t:|1731607091\n|move|p2a: Talonflame|Taunt|p1b: Elsa\n|-start|p1b: Elsa|move: Taunt\n|move|p1a: BULXcaliber|Dragon Dance|p1a: BULXcaliber\n|-boost|p1a: BULXcaliber|atk|1\n|-boost|p1a: BULXcaliber|spe|1\n|cant|p1b: Elsa|move: Taunt|Aurora Veil\n|move|p2b: Kingambit|Iron Head|p1b: Elsa\n|-supereffective|p1b: Elsa\n|-damage|p1b: Elsa|0 fnt\n|faint|p1b: Elsa\n|\n|-weather|Snow|[upkeep]\n|-heal|p2b: Kingambit|87\/100|[from] Grassy Terrain\n|upkeep\n|\n|t:|1731607105\n|switch|p1b: Gesundheit|Sneasler, L50, F|100\/100\n|turn|4\n|\n|t:|1731607114\n|move|p2a: Talonflame|Brave Bird|p1b: Gesundheit\n|-supereffective|p1b: Gesundheit\n|-enditem|p1b: Gesundheit|Focus Sash\n|-damage|p1b: Gesundheit|1\/100\n|-damage|p2a: Talonflame|73\/100|[from] Recoil\n|move|p1b: Gesundheit|Coaching|p1a: BULXcaliber\n|-boost|p1a: BULXcaliber|atk|1\n|-boost|p1a: BULXcaliber|def|1\n|move|p1a: BULXcaliber|Icicle Crash|p2a: Talonflame\n|-damage|p2a: Talonflame|0 fnt\n|faint|p2a: Talonflame\n|move|p2b: Kingambit|Kowtow Cleave|p1a: BULXcaliber\n|-damage|p1a: BULXcaliber|69\/100\n|\n|-weather|Snow|[upkeep]\n|-heal|p1a: BULXcaliber|75\/100|[from] ability: Ice Body\n|-heal|p1b: Gesundheit|7\/100|[from] Grassy Terrain\n|-heal|p1a: BULXcaliber|81\/100|[from] Grassy Terrain\n|-heal|p2b: Kingambit|93\/100|[from] Grassy Terrain\n|-sideend|p2: Brave12223|move: Tailwind\n|upkeep\n|\n|t:|1731607129\n|switch|p2a: Tyranitar|Tyranitar, L50, F|100\/100\n|-weather|Sandstorm|[from] ability: Sand Stream|[of] p2a: Tyranitar\n|turn|5\n|inactive|SnarkyShane has 30 seconds left.\n|\n|t:|1731607154\n|move|p1a: BULXcaliber|Protect|p1a: BULXcaliber\n|-singleturn|p1a: BULXcaliber|Protect\n|move|p1b: Gesundheit|Coaching|p1a: BULXcaliber\n|-boost|p1a: BULXcaliber|atk|1\n|-boost|p1a: BULXcaliber|def|1\n|move|p2a: Tyranitar|Rock Slide|p1b: Gesundheit|[spread] p1b\n|-activate|p1a: BULXcaliber|move: Protect\n|-resisted|p1b: Gesundheit\n|-damage|p1b: Gesundheit|0 fnt\n|faint|p1b: Gesundheit\n|move|p2b: Kingambit|Kowtow Cleave|p1a: BULXcaliber\n|-activate|p1a: BULXcaliber|move: Protect\n|\n|-weather|Sandstorm|[upkeep]\n|-damage|p1a: BULXcaliber|75\/100|[from] Sandstorm\n|-heal|p1a: BULXcaliber|81\/100|[from] Grassy Terrain\n|-heal|p2b: Kingambit|99\/100|[from] Grassy Terrain\n|-fieldend|move: Grassy Terrain\n|upkeep\n|\n|t:|1731607166\n|switch|p1b: Ringo|Rillaboom, L50, F|100\/100\n|-fieldstart|move: Grassy Terrain|[from] ability: Grassy Surge|[of] p1b: Ringo\n|turn|6\n|\n|t:|1731607195\n|move|p2a: Tyranitar|Protect|p2a: Tyranitar\n|-singleturn|p2a: Tyranitar|Protect\n|move|p2b: Kingambit|Protect|p2b: Kingambit\n|-singleturn|p2b: Kingambit|Protect\n|move|p1b: Ringo|Grassy Glide|p2a: Tyranitar\n|-activate|p2a: Tyranitar|move: Protect\n|move|p1a: BULXcaliber|Icicle Crash|p2a: Tyranitar\n|-activate|p2a: Tyranitar|move: Protect\n|\n|-weather|Sandstorm|[upkeep]\n|-damage|p1a: BULXcaliber|75\/100|[from] Sandstorm\n|-damage|p1b: Ringo|95\/100|[from] Sandstorm\n|-heal|p1a: BULXcaliber|81\/100|[from] Grassy Terrain\n|-heal|p1b: Ringo|100\/100|[from] Grassy Terrain\n|-heal|p2b: Kingambit|100\/100|[from] Grassy Terrain\n|upkeep\n|turn|7\n|\n|t:|1731607218\n|move|p1b: Ringo|Grassy Glide|p2a: Tyranitar\n|-supereffective|p2a: Tyranitar\n|-damage|p2a: Tyranitar|33\/100\n|move|p1a: BULXcaliber|Icicle Crash|p2a: Tyranitar\n|-damage|p2a: Tyranitar|0 fnt\n|faint|p2a: Tyranitar\n|move|p2b: Kingambit|Kowtow Cleave|p1a: BULXcaliber\n|-damage|p1a: BULXcaliber|58\/100\n|\n|-weather|Sandstorm|[upkeep]\n|-damage|p1a: BULXcaliber|52\/100|[from] Sandstorm\n|-damage|p1b: Ringo|95\/100|[from] Sandstorm\n|-heal|p1a: BULXcaliber|58\/100|[from] Grassy Terrain\n|-heal|p1b: Ringo|100\/100|[from] Grassy Terrain\n|upkeep\n|\n|t:|1731607222\n|switch|p2a: Garchomp|Garchomp, L50, M|100\/100\n|turn|8\n|\n|t:|1731607245\n|-terastallize|p2a: Garchomp|Ground\n|move|p1b: Ringo|Grassy Glide|p2a: Garchomp\n|-supereffective|p2a: Garchomp\n|-damage|p2a: Garchomp|31\/100\n|-damage|p1b: Ringo|88\/100|[from] ability: Rough Skin|[of] p2a: Garchomp\n|move|p1a: BULXcaliber|High Horsepower|p2a: Garchomp\n|-damage|p2a: Garchomp|0 fnt\n|-damage|p1a: BULXcaliber|46\/100|[from] ability: Rough Skin|[of] p2a: Garchomp\n|faint|p2a: Garchomp\n|move|p2b: Kingambit|Kowtow Cleave|p1a: BULXcaliber\n|-damage|p1a: BULXcaliber|20\/100\n|\n|-weather|Sandstorm|[upkeep]\n|-damage|p1a: BULXcaliber|14\/100|[from] Sandstorm\n|-damage|p1b: Ringo|83\/100|[from] Sandstorm\n|-heal|p1a: BULXcaliber|20\/100|[from] Grassy Terrain\n|-heal|p1b: Ringo|88\/100|[from] Grassy Terrain\n|upkeep\n|turn|9\n|j| DonShitDozo\n|\n|t:|1731607261\n|move|p2b: Kingambit|Sucker Punch|p1a: BULXcaliber\n|-damage|p1a: BULXcaliber|0 fnt\n|faint|p1a: BULXcaliber\n|move|p1b: Ringo|Wood Hammer|p2b: Kingambit\n|-resisted|p2b: Kingambit\n|-damage|p2b: Kingambit|72\/100\n|-damage|p1b: Ringo|79\/100|[from] Recoil\n|\n|-weather|none\n|-heal|p1b: Ringo|85\/100|[from] Grassy Terrain\n|-heal|p2b: Kingambit|78\/100|[from] Grassy Terrain\n|upkeep\n|turn|10\n|\n|t:|1731607267\n|move|p2b: Kingambit|Protect|p2b: Kingambit\n|-singleturn|p2b: Kingambit|Protect\n|move|p1b: Ringo|Wood Hammer|p2b: Kingambit\n|-activate|p2b: Kingambit|move: Protect\n|\n|-heal|p1b: Ringo|91\/100|[from] Grassy Terrain\n|-heal|p2b: Kingambit|84\/100|[from] Grassy Terrain\n|-fieldend|move: Grassy Terrain\n|upkeep\n|turn|11\n|\n|t:|1731607273\n|move|p1b: Ringo|Wood Hammer|p2b: Kingambit\n|-resisted|p2b: Kingambit\n|-damage|p2b: Kingambit|62\/100\n|-damage|p1b: Ringo|84\/100|[from] Recoil\n|move|p2b: Kingambit|Kowtow Cleave|p1b: Ringo\n|-damage|p1b: Ringo|34\/100\n|\n|upkeep\n|turn|12\n|\n|t:|1731607279\n|move|p1b: Ringo|Wood Hammer|p2b: Kingambit\n|-resisted|p2b: Kingambit\n|-damage|p2b: Kingambit|42\/100\n|-damage|p1b: Ringo|28\/100|[from] Recoil\n|move|p2b: Kingambit|Kowtow Cleave|p1b: Ringo\n|-damage|p1b: Ringo|0 fnt\n|faint|p1b: Ringo\n|\n|win|Brave12223\n|raw|SnarkyShane's rating: 1691 &rarr; <strong>1676<\/strong><br \/>(-15 for losing)\n|raw|Brave12223's rating: 1771 &rarr; <strong>1786<\/strong><br \/>(+15 for winning)\n|l|\u2606SnarkyShane\n|player|p1|\n|l|\u2606Brave12223\n|player|p2|\n|l| DonShitDozo\n","uploadtime":1731607511,"views":21,"formatid":"gen9vgc2024regh","rating":1676,"private":0,"password":null}