{"id":"gen9vgc2024regh-2243524692","format":"[Gen 9] VGC 2024 Reg H","players":["Break Theory","VGCLTH TnB"],"log":"|raw|<div class=\"broadcast-blue\"><strong>This battle is required to be public due to a player having a name starting with 'vgclth'.<\/div>\n|j|\u2606Break Theory\n|j|\u2606VGCLTH TnB\n|t:|1731558593\n|gametype|doubles\n|player|p1|Break Theory|marley|1789\n|player|p2|VGCLTH TnB|roxanne-masters|1711\n|teamsize|p1|6\n|teamsize|p2|6\n|gen|9\n|tier|[Gen 9] VGC 2024 Reg H\n|rated|\n|rule|Species Clause: Limit one of each Pok\u00e9mon\n|rule|Item Clause: Limit 1 of each item\n|clearpoke\n|poke|p1|Dragonite, L50, M|\n|poke|p1|Gholdengo, L50|\n|poke|p1|Ursaluna-Bloodmoon, L50, M|\n|poke|p1|Sneasler, L50, F|\n|poke|p1|Incineroar, L50, M|\n|poke|p1|Rillaboom, L50, F|\n|poke|p2|Klefki, L50, F|\n|poke|p2|Annihilape, L50, F|\n|poke|p2|Archaludon, L50, F|\n|poke|p2|Maushold, L50|\n|poke|p2|Sinistcha, L50|\n|poke|p2|Pelipper, L50, F|\n|teampreview|4\n|inactive|Battle timer is ON: inactive players will automatically lose when time's up. (requested by VGCLTH TnB)\n|inactive|Break Theory also wants the timer to be on.\nVGCLTH TnB has agreed to open team sheets.\n|inactive|VGCLTH TnB has 60 seconds left.\n|\n|t:|1731558631\n|start\n|switch|p1a: Gholdengo|Gholdengo, L50|100\/100\n|switch|p1b: Ursaluna|Ursaluna-Bloodmoon, L50, M|100\/100\n|switch|p2a: Klefki|Klefki, L50, F|100\/100\n|switch|p2b: Pelipper|Pelipper, L50, F|100\/100\n|-weather|RainDance|[from] ability: Drizzle|[of] p2b: Pelipper\n|turn|1\n|inactive|VGCLTH TnB has 30 seconds left.\n|\n|t:|1731558665\n|-terastallize|p1b: Ursaluna|Fighting\n|move|p2a: Klefki|Light Screen|p2a: Klefki\n|-sidestart|p2: VGCLTH TnB|move: Light Screen\n|move|p1a: Gholdengo|Make It Rain|p2b: Pelipper|[spread] p2a,p2b\n|-resisted|p2b: Pelipper\n|-crit|p2b: Pelipper\n|-damage|p2a: Klefki|68\/100\n|-damage|p2b: Pelipper|51\/100\n|-unboost|p1a: Gholdengo|spa|1\n|move|p2b: Pelipper|Weather Ball|p1a: Gholdengo\n|-damage|p1a: Gholdengo|41\/100\n|move|p1b: Ursaluna|Blood Moon|p2b: Pelipper\n|-damage|p2b: Pelipper|0 fnt\n|faint|p2b: Pelipper\n|\n|-weather|RainDance|[upkeep]\n|upkeep\n|\n|t:|1731558687\n|switch|p2b: Archaludon|Archaludon, L50, F|100\/100\n|turn|2\n|\n|t:|1731558702\n|switch|p1a: Sneasler|Sneasler, L50, F|100\/100\n|-terastallize|p2b: Archaludon|Bug\n|move|p1b: Ursaluna|Protect|p1b: Ursaluna\n|-singleturn|p1b: Ursaluna|Protect\n|move|p2b: Archaludon|Electro Shot||[still]\n|-prepare|p2b: Archaludon|Electro Shot\n|-boost|p2b: Archaludon|spa|1\n|-anim|p2b: Archaludon|Electro Shot|p1b: Ursaluna\n|-activate|p1b: Ursaluna|move: Protect\n|move|p2a: Klefki|Dazzling Gleam|p1b: Ursaluna|[spread] p1a\n|-activate|p1b: Ursaluna|move: Protect\n|-damage|p1a: Sneasler|75\/100\n|\n|-weather|RainDance|[upkeep]\n|upkeep\n|turn|3\n|j| mr pogostick\n|\n|t:|1731558726\n|move|p2a: Klefki|Misty Terrain|p2a: Klefki\n|-fieldstart|move: Misty Terrain\n|move|p1a: Sneasler|Close Combat|p2a: Klefki\n|-damage|p2a: Klefki|5\/100\n|-unboost|p1a: Sneasler|def|1\n|-unboost|p1a: Sneasler|spd|1\n|move|p2b: Archaludon|Electro Shot||[still]\n|-prepare|p2b: Archaludon|Electro Shot\n|-boost|p2b: Archaludon|spa|1\n|-anim|p2b: Archaludon|Electro Shot|p1b: Ursaluna\n|-damage|p1b: Ursaluna|22\/100\n|move|p1b: Ursaluna|Blood Moon|p2b: Archaludon\n|-damage|p2b: Archaludon|68\/100\n|-ability|p2b: Archaludon|Stamina|boost\n|-boost|p2b: Archaludon|def|1\n|\n|-weather|RainDance|[upkeep]\n|-heal|p1b: Ursaluna|28\/100|[from] item: Leftovers\n|upkeep\n|turn|4\n|inactive|Break Theory has 30 seconds left.\n|\n|t:|1731558753\n|switch|p2a: Sinistcha|Sinistcha, L50|100\/100\n|-heal|p2b: Archaludon|93\/100|[from] ability: Hospitality|[of] p2a: Sinistcha\n|move|p1b: Ursaluna|Protect|p1b: Ursaluna\n|-singleturn|p1b: Ursaluna|Protect\n|move|p1a: Sneasler|Close Combat|p2a: Sinistcha\n|-immune|p2a: Sinistcha\n|move|p2b: Archaludon|Electro Shot||[still]\n|-prepare|p2b: Archaludon|Electro Shot\n|-boost|p2b: Archaludon|spa|1\n|-anim|p2b: Archaludon|Electro Shot|p1b: Ursaluna\n|-activate|p1b: Ursaluna|move: Protect\n|\n|-weather|RainDance|[upkeep]\n|-heal|p1b: Ursaluna|34\/100|[from] item: Leftovers\n|upkeep\n|turn|5\n|\n|t:|1731558770\n|switch|p2a: Klefki|Klefki, L50, F|5\/100\n|move|p1b: Ursaluna|Vacuum Wave|p2a: Klefki\n|-damage|p2a: Klefki|0 fnt\n|faint|p2a: Klefki\n|move|p1a: Sneasler|Throat Chop|p2b: Archaludon\n|-damage|p2b: Archaludon|80\/100\n|-start|p2b: Archaludon|Throat Chop|[silent]\n|-ability|p2b: Archaludon|Stamina|boost\n|-boost|p2b: Archaludon|def|1\n|move|p2b: Archaludon|Electro Shot||[still]\n|-prepare|p2b: Archaludon|Electro Shot\n|-boost|p2b: Archaludon|spa|1\n|-anim|p2b: Archaludon|Electro Shot|p1b: Ursaluna\n|-crit|p1b: Ursaluna\n|-damage|p1b: Ursaluna|0 fnt\n|faint|p1b: Ursaluna\n|\n|-weather|RainDance|[upkeep]\n|upkeep\n|\n|t:|1731558785\n|switch|p2a: Sinistcha|Sinistcha, L50|100\/100\n|switch|p1b: Gholdengo|Gholdengo, L50|41\/100\n|-heal|p2b: Archaludon|100\/100|[from] ability: Hospitality|[of] p2a: Sinistcha\n|turn|6\n|\n|t:|1731558801\n|switch|p1a: Dragonite|Dragonite, L50, M|100\/100\n|move|p1b: Gholdengo|Shadow Ball|p2a: Sinistcha\n|-supereffective|p2a: Sinistcha\n|-damage|p2a: Sinistcha|42\/100\n|-enditem|p2a: Sinistcha|Sitrus Berry|[eat]\n|-heal|p2a: Sinistcha|67\/100|[from] item: Sitrus Berry\n|move|p2b: Archaludon|Electro Shot||[still]\n|-prepare|p2b: Archaludon|Electro Shot\n|-boost|p2b: Archaludon|spa|1\n|-anim|p2b: Archaludon|Electro Shot|p1b: Gholdengo\n|-damage|p1b: Gholdengo|0 fnt\n|faint|p1b: Gholdengo\n|move|p2a: Sinistcha|Trick Room|p2a: Sinistcha\n|-fieldstart|move: Trick Room|[of] p2a: Sinistcha\n|\n|-weather|RainDance|[upkeep]\n|-end|p2b: Archaludon|Throat Chop|[silent]\n|upkeep\n|-message|Break Theory forfeited.\n|\n|win|VGCLTH TnB\n|raw|Break Theory's rating: 1789 &rarr; <strong>1765<\/strong><br \/>(-24 for losing)\n|raw|VGCLTH TnB's rating: 1711 &rarr; <strong>1735<\/strong><br \/>(+24 for winning)\n|l|\u2606Break Theory\n|player|p1|\n|l| mr pogostick\n|l|\u2606VGCLTH TnB\n|player|p2|\n","uploadtime":1731559023,"views":25,"formatid":"gen9vgc2024regh","rating":1735,"private":0,"password":null}