{"id":"gen9vgc2024regh-2243785074","format":"[Gen 9] VGC 2024 Reg H","players":["blindfishptsd","Allhailhippo"],"log":"|j|\u2606blindfishptsd\n|j|\u2606Allhailhippo\n|t:|1731598908\n|gametype|doubles\n|player|p1|blindfishptsd|olympia|1678\n|player|p2|Allhailhippo|265|1727\n|teamsize|p1|6\n|teamsize|p2|6\n|gen|9\n|tier|[Gen 9] VGC 2024 Reg H\n|rated|\n|rule|Species Clause: Limit one of each Pok\u00e9mon\n|rule|Item Clause: Limit 1 of each item\n|clearpoke\n|poke|p1|Garchomp, L50, F|\n|poke|p1|Talonflame, L50, F|\n|poke|p1|Tyranitar, L50, M|\n|poke|p1|Gholdengo, L50|\n|poke|p1|Indeedee, L50, M|\n|poke|p1|Gardevoir, L50, M|\n|poke|p2|Tyranitar, L50, F|\n|poke|p2|Houndstone, L50, F|\n|poke|p2|Whimsicott, L50, F|\n|poke|p2|Incineroar, L50, M|\n|poke|p2|Amoonguss, L50, M|\n|poke|p2|Garchomp, L50, M|\n|teampreview|4\n|inactive|Battle timer is ON: inactive players will automatically lose when time's up. (requested by Allhailhippo)\n|inactive|blindfishptsd also wants the timer to be on.\n|j| DragonKenergy\n|\n|t:|1731598936\n|start\n|switch|p1a: Talonflame|Talonflame, L50, F|100\/100\n|switch|p1b: Gholdengo|Gholdengo, L50|100\/100\n|switch|p2a: Anna|Whimsicott, L50, F|100\/100\n|switch|p2b: Garchomp|Garchomp, L50, M|100\/100\n|turn|1\n|\n|t:|1731598951\n|switch|p1b: Garchomp|Garchomp, L50, F|100\/100\n|move|p1a: Talonflame|Brave Bird|p2a: Anna\n|-supereffective|p2a: Anna\n|-damage|p2a: Anna|0 fnt\n|faint|p2a: Anna\n|-damage|p1a: Talonflame|65\/100|[from] Recoil\n|move|p2b: Garchomp|Earthquake|p1a: Talonflame|[spread] p1b\n|-immune|p1a: Talonflame\n|-damage|p1b: Garchomp|45\/100\n|-damage|p2b: Garchomp|91\/100|[from] item: Life Orb\n|\n|upkeep\n|\n|t:|1731598966\n|switch|p2a: Rodent|Houndstone, L50, F|100\/100\n|turn|2\n|\n|t:|1731598973\n|switch|p2b: Good Things|Tyranitar, L50, F|100\/100\n|-weather|Sandstorm|[from] ability: Sand Stream|[of] p2b: Good Things\n|move|p2a: Rodent|Last Respects|p1a: Talonflame\n|-damage|p1a: Talonflame|0 fnt\n|faint|p1a: Talonflame\n|move|p1b: Garchomp|Earthquake|p2b: Good Things|[spread] p2a,p2b\n|-supereffective|p2b: Good Things\n|-damage|p2a: Rodent|49\/100\n|-damage|p2b: Good Things|35\/100\n|\n|-weather|Sandstorm|[upkeep]\n|upkeep\n|\n|t:|1731598983\n|switch|p1a: Tyranitar|Tyranitar, L50, M|100\/100\n|turn|3\n|\n|t:|1731598999\n|-terastallize|p2a: Rodent|Fighting\n|-terastallize|p1a: Tyranitar|Flying\n|move|p1b: Garchomp|Protect|p1b: Garchomp\n|-singleturn|p1b: Garchomp|Protect\n|move|p2a: Rodent|Tera Blast|p1a: Tyranitar|[anim] Tera Blast Fighting\n|-resisted|p1a: Tyranitar\n|-damage|p1a: Tyranitar|83\/100\n|move|p1a: Tyranitar|Knock Off|p2a: Rodent\n|-resisted|p2a: Rodent\n|-damage|p2a: Rodent|17\/100\n|-enditem|p2a: Rodent|Focus Sash|[from] move: Knock Off|[of] p1a: Tyranitar\n|move|p2b: Good Things|Rock Slide|p1a: Tyranitar|[spread] p1a\n|-activate|p1b: Garchomp|move: Protect\n|-supereffective|p1a: Tyranitar\n|-damage|p1a: Tyranitar|27\/100\n|\n|-weather|Sandstorm|[upkeep]\n|-damage|p1a: Tyranitar|21\/100|[from] Sandstorm\n|upkeep\n|turn|4\n|inactive|Allhailhippo has 30 seconds left.\n|\n|t:|1731599026\n|switch|p2b: Garchomp|Garchomp, L50, M|91\/100\n|move|p2a: Rodent|Last Respects|p1b: Garchomp|[miss]\n|-miss|p2a: Rodent|p1b: Garchomp\n|move|p1b: Garchomp|Earthquake|p2a: Rodent|[spread] p2a,p2b\n|-immune|p1a: Tyranitar\n|-damage|p2a: Rodent|0 fnt\n|-damage|p2b: Garchomp|52\/100\n|faint|p2a: Rodent\n|move|p1a: Tyranitar|Rock Slide|p2b: Garchomp\n|-resisted|p2b: Garchomp\n|-damage|p2b: Garchomp|31\/100\n|\n|-weather|Sandstorm|[upkeep]\n|-damage|p1a: Tyranitar|15\/100|[from] Sandstorm\n|upkeep\n|\n|t:|1731599033\n|switch|p2a: Good Things|Tyranitar, L50, F|35\/100\n|turn|5\n|\n|t:|1731599049\n|move|p1b: Garchomp|Earthquake|p2a: Good Things|[spread] p2a,p2b\n|-immune|p1a: Tyranitar\n|-supereffective|p2a: Good Things\n|-damage|p2a: Good Things|0 fnt\n|-damage|p2b: Garchomp|0 fnt\n|faint|p2a: Good Things\n|faint|p2b: Garchomp\n|\n|win|blindfishptsd\n|raw|blindfishptsd's rating: 1678 &rarr; <strong>1701<\/strong><br \/>(+23 for winning)\n|raw|Allhailhippo's rating: 1727 &rarr; <strong>1704<\/strong><br \/>(-23 for losing)\n|l|\u2606Allhailhippo\n|player|p2|\n|l|\u2606blindfishptsd\n|player|p1|\n","uploadtime":1731599292,"views":18,"formatid":"gen9vgc2024regh","rating":1701,"private":0,"password":null}