{"id":"gen9vgc2024regh-2243132255","format":"[Gen 9] VGC 2024 Reg H","players":["bgc0","VGCLTH Thacrow"],"log":"|j|\u2606bgc0\n|j|\u2606VGCLTH Thacrow\n|t:|1731514954\n|gametype|doubles\n|player|p1|bgc0|steven|1880\n|player|p2|VGCLTH Thacrow|wallace-masters|1814\n|teamsize|p1|6\n|teamsize|p2|6\n|gen|9\n|tier|[Gen 9] VGC 2024 Reg H\n|rated|\n|rule|Species Clause: Limit one of each Pok\u00e9mon\n|rule|Item Clause: Limit 1 of each item\n|clearpoke\n|poke|p1|Espathra, L50, F|\n|poke|p1|Archaludon, L50, M|\n|poke|p1|Incineroar, L50, M|\n|poke|p1|Ninetales-Alola, L50, F|\n|poke|p1|Murkrow, L50, M|\n|poke|p1|Amoonguss, L50, M|\n|poke|p2|Ceruledge, L50, F|\n|poke|p2|Gastrodon-East, L50, F|\n|poke|p2|Sneasler, L50, M|\n|poke|p2|Dragonite, L50, M|\n|poke|p2|Rillaboom, L50, M|\n|poke|p2|Kingambit, L50, M|\n|teampreview|4\n|j| elonmasksex\nVGCLTH Thacrow has agreed to open team sheets.\n|inactive|Battle timer is ON: inactive players will automatically lose when time's up. (requested by bgc0)\nbgc0 rejected open team sheets.\n|l| elonmasksex\n|inactive|VGCLTH Thacrow has 60 seconds left.\n|\n|t:|1731515049\n|start\n|switch|p1a: Espathra|Espathra, L50, F|100\/100\n|switch|p1b: Archaludon|Archaludon, L50, M, shiny|100\/100\n|switch|p2a: Kidturtle|Sneasler, L50, M, shiny|100\/100\n|switch|p2b: Godlyreal|Kingambit, L50, M|100\/100\n|turn|1\n|inactive|bgc0 has 30 seconds left.\n|j| VGCLTH lily\n|\n|t:|1731515079\n|-terastallize|p1a: Espathra|Fighting\n|-terastallize|p2b: Godlyreal|Flying\n|move|p2a: Kidturtle|Close Combat|p1b: Archaludon\n|-supereffective|p1b: Archaludon\n|-ability|p1b: Archaludon|Sturdy\n|-damage|p1b: Archaludon|1\/100\n|-unboost|p2a: Kidturtle|def|1\n|-unboost|p2a: Kidturtle|spd|1\n|move|p1a: Espathra|Tera Blast|p2b: Godlyreal|[anim] Tera Blast Fighting\n|-resisted|p2b: Godlyreal\n|-damage|p2b: Godlyreal|90\/100\n|move|p1b: Archaludon|Dragon Pulse|p2a: Kidturtle\n|-damage|p2a: Kidturtle|9\/100\n|move|p2b: Godlyreal|Kowtow Cleave|p1a: Espathra\n|-resisted|p1a: Espathra\n|-damage|p1a: Espathra|59\/100\n|\n|-ability|p1a: Espathra|Speed Boost|boost\n|-boost|p1a: Espathra|spe|1\n|upkeep\n|turn|2\n|inactive|bgc0 has 30 seconds left.\n|\n|t:|1731515112\n|move|p2b: Godlyreal|Sucker Punch|p1b: Archaludon\n|-damage|p1b: Archaludon|0 fnt\n|faint|p1b: Archaludon\n|move|p1a: Espathra|Lumina Crash|p2a: Kidturtle\n|-supereffective|p2a: Kidturtle\n|-damage|p2a: Kidturtle|0 fnt\n|faint|p2a: Kidturtle\n|\n|-ability|p1a: Espathra|Speed Boost|boost\n|-boost|p1a: Espathra|spe|1\n|upkeep\n|\n|t:|1731515120\n|switch|p2a: Main Flutter|Dragonite, L50, M, shiny|100\/100\n|switch|p1b: Ninetales|Ninetales-Alola, L50, F, shiny|100\/100\n|-weather|Snow|[from] ability: Snow Warning|[of] p1b: Ninetales\n|turn|3\n|\n|t:|1731515133\n|move|p2a: Main Flutter|Protect|p2a: Main Flutter\n|-singleturn|p2a: Main Flutter|Protect\n|move|p1a: Espathra|Lumina Crash|p2b: Godlyreal\n|-damage|p2b: Godlyreal|65\/100\n|-unboost|p2b: Godlyreal|spd|2\n|-ability|p2b: Godlyreal|Defiant|boost\n|-boost|p2b: Godlyreal|atk|2\n|move|p1b: Ninetales|Blizzard|p2a: Main Flutter|[spread] p2b\n|-activate|p2a: Main Flutter|move: Protect\n|-supereffective|p2b: Godlyreal\n|-damage|p2b: Godlyreal|0 fnt\n|faint|p2b: Godlyreal\n|\n|-weather|Snow|[upkeep]\n|-ability|p1a: Espathra|Speed Boost|boost\n|-boost|p1a: Espathra|spe|1\n|upkeep\n|\n|t:|1731515138\n|switch|p2b: Christian|Ceruledge, L50, F|100\/100\n|turn|4\n|\n|t:|1731515146\n|move|p2a: Main Flutter|Extreme Speed|p1a: Espathra\n|-damage|p1a: Espathra|7\/100\n|move|p2b: Christian|Shadow Sneak|p1a: Espathra\n|-damage|p1a: Espathra|0 fnt\n|faint|p1a: Espathra\n|move|p1b: Ninetales|Blizzard|p2a: Main Flutter|[spread] p2a,p2b\n|-supereffective|p2a: Main Flutter\n|-resisted|p2b: Christian\n|-damage|p2a: Main Flutter|9\/100\n|-damage|p2b: Christian|76\/100\n|\n|-weather|Snow|[upkeep]\n|-heal|p2b: Christian|82\/100|[from] item: Leftovers\n|upkeep\n|\n|t:|1731515152\n|switch|p1a: Murkrow|Murkrow, L50, M|100\/100\n|turn|5\n|\n|t:|1731515167\n|move|p2a: Main Flutter|Protect|p2a: Main Flutter\n|-singleturn|p2a: Main Flutter|Protect\n|move|p1b: Ninetales|Blizzard|p2a: Main Flutter|[spread] p2b\n|-activate|p2a: Main Flutter|move: Protect\n|-resisted|p2b: Christian\n|-damage|p2b: Christian|57\/100\n|move|p1a: Murkrow|Brave Bird|p2b: Christian\n|-damage|p2b: Christian|14\/100\n|-damage|p1a: Murkrow|85\/100|[from] Recoil\n|move|p2b: Christian|Bitter Blade|p1b: Ninetales\n|-supereffective|p1b: Ninetales\n|-damage|p1b: Ninetales|0 fnt\n|-heal|p2b: Christian|56\/100|[from] drain|[of] p1b: Ninetales\n|faint|p1b: Ninetales\n|\n|-weather|Snow|[upkeep]\n|-heal|p2b: Christian|62\/100|[from] item: Leftovers\n|upkeep\n|turn|6\n|\n|t:|1731515181\n|move|p2a: Main Flutter|Extreme Speed|p1a: Murkrow\n|-damage|p1a: Murkrow|57\/100\n|move|p1a: Murkrow|Brave Bird|p2a: Main Flutter\n|-damage|p2a: Main Flutter|0 fnt\n|faint|p2a: Main Flutter\n|-damage|p1a: Murkrow|54\/100|[from] Recoil\n|move|p2b: Christian|Bitter Blade|p1a: Murkrow\n|-damage|p1a: Murkrow|11\/100\n|-heal|p2b: Christian|82\/100|[from] drain|[of] p1a: Murkrow\n|\n|-weather|Snow|[upkeep]\n|-heal|p2b: Christian|88\/100|[from] item: Leftovers\n|upkeep\n|turn|7\n|\n|t:|1731515186\n|move|p2b: Christian|Protect|p2b: Christian\n|-singleturn|p2b: Christian|Protect\n|move|p1a: Murkrow|Brave Bird|p2b: Christian\n|-activate|p2b: Christian|move: Protect\n|\n|-weather|none\n|-heal|p2b: Christian|94\/100|[from] item: Leftovers\n|upkeep\n|turn|8\n|\n|t:|1731515190\n|move|p2b: Christian|Shadow Sneak|p1a: Murkrow\n|-resisted|p1a: Murkrow\n|-damage|p1a: Murkrow|1\/100\n|move|p1a: Murkrow|Brave Bird|p2b: Christian\n|-damage|p2b: Christian|54\/100\n|-damage|p1a: Murkrow|0 fnt|[from] Recoil\n|faint|p1a: Murkrow\n|\n|win|VGCLTH Thacrow\n|raw|bgc0's rating: 1880 &rarr; <strong>1856<\/strong><br \/>(-24 for losing)\n|raw|VGCLTH Thacrow's rating: 1814 &rarr; <strong>1838<\/strong><br \/>(+24 for winning)\n|l|\u2606VGCLTH Thacrow\n|player|p2|\n|c|\u2606bgc0|Gg\n|l|\u2606bgc0\n|player|p1|\n","uploadtime":1731515343,"views":110,"formatid":"gen9vgc2024regh","rating":1838,"private":0,"password":null}