{"id":"gen9vgc2024regh-2243043819","format":"[Gen 9] VGC 2024 Reg H","players":["VGCLTH Oinge","teenage fanclub"],"log":"|raw|<div class=\"broadcast-blue\"><strong>This battle is required to be public due to a player having a name starting with 'vgclth'.<\/div>\n|j|\u2606VGCLTH Oinge\n|j|\u2606teenage fanclub\n|t:|1731505808\n|gametype|doubles\n|player|p1|VGCLTH Oinge|mars|1686\n|player|p2|teenage fanclub|266|1700\n|teamsize|p1|6\n|teamsize|p2|6\n|gen|9\n|tier|[Gen 9] VGC 2024 Reg H\n|rated|\n|rule|Species Clause: Limit one of each Pok\u00e9mon\n|rule|Item Clause: Limit 1 of each item\n|clearpoke\n|poke|p1|Sneasler, L50, F|\n|poke|p1|Farigiraf, L50, M|\n|poke|p1|Torkoal, L50, F|\n|poke|p1|Indeedee-F, L50, F|\n|poke|p1|Hatterene, L50, F|\n|poke|p1|Gallade, L50, M|\n|poke|p2|Vivillon-Fancy, L50, M|\n|poke|p2|Whimsicott, L50, M|\n|poke|p2|Typhlosion-Hisui, L50, F|\n|poke|p2|Archaludon, L50, M|\n|poke|p2|Dragonite, L50, M|\n|poke|p2|Annihilape, L50, F|\n|teampreview|4\n|inactive|Battle timer is ON: inactive players will automatically lose when time's up. (requested by teenage fanclub)\n|inactive|teenage fanclub has 60 seconds left.\n|j| Monimei\n|\n|t:|1731505875\n|start\n|switch|p1a: Indeedee|Indeedee-F, L50, F|100\/100\n|switch|p1b: Hatterene|Hatterene, L50, F|100\/100\n|switch|p2a: Typhlosion|Typhlosion-Hisui, L50, F|100\/100\n|switch|p2b: Archaludon|Archaludon, L50, M|100\/100\n|-item|p1a: Indeedee|Psychic Seed|[from] ability: Frisk|[of] p2a: Typhlosion\n|-item|p1b: Hatterene|Life Orb|[from] ability: Frisk|[of] p2a: Typhlosion\n|-fieldstart|move: Psychic Terrain|[from] ability: Psychic Surge|[of] p1a: Indeedee\n|-enditem|p1a: Indeedee|Psychic Seed\n|-boost|p1a: Indeedee|spd|1|[from] item: Psychic Seed\n|turn|1\n|inactive|VGCLTH Oinge has 30 seconds left.\n|inactive|teenage fanclub has 30 seconds left.\n|inactive|teenage fanclub has 20 seconds left.\n|\n|t:|1731505911\n|-terastallize|p2a: Typhlosion|Fire\n|move|p1b: Hatterene|Protect|p1b: Hatterene\n|-singleturn|p1b: Hatterene|Protect\n|move|p2a: Typhlosion|Eruption|p1b: Hatterene|[spread] p1a\n|-activate|p1b: Hatterene|move: Protect\n|-damage|p1a: Indeedee|35\/100\n|move|p2b: Archaludon|Snarl|p1a: Indeedee|[spread] p1a\n|-activate|p1b: Hatterene|move: Protect\n|-supereffective|p1a: Indeedee\n|-damage|p1a: Indeedee|20\/100\n|-unboost|p1a: Indeedee|spa|1\n|move|p1a: Indeedee|Trick Room|p1a: Indeedee\n|-fieldstart|move: Trick Room|[of] p1a: Indeedee\n|\n|upkeep\n|turn|2\n|\n|t:|1731505931\n|switch|p1a: Gallade|Gallade, L50, M|100\/100\n|switch|p2a: Vivillon|Vivillon-Fancy, L50, M|100\/100\n|move|p1b: Hatterene|Expanding Force|p2b: Archaludon|[spread] p2a,p2b\n|-resisted|p2b: Archaludon\n|-enditem|p2a: Vivillon|Focus Sash\n|-damage|p2a: Vivillon|1\/100\n|-damage|p2b: Archaludon|75\/100\n|-ability|p2b: Archaludon|Stamina|boost\n|-boost|p2b: Archaludon|def|1\n|-damage|p1b: Hatterene|91\/100|[from] item: Life Orb\n|move|p2b: Archaludon|Snarl|p1b: Hatterene|[spread] p1b\n|-miss|p2b: Archaludon|p1a: Gallade\n|-damage|p1b: Hatterene|78\/100\n|-unboost|p1b: Hatterene|spa|1\n|\n|upkeep\n|turn|3\n|inactive|teenage fanclub has 30 seconds left.\n|inactive|teenage fanclub has 20 seconds left.\n|inactive|teenage fanclub has 15 seconds left.\n|inactive|teenage fanclub has 10 seconds left.\n|\n|t:|1731505980\n|move|p2a: Vivillon|Protect|p2a: Vivillon\n|-singleturn|p2a: Vivillon|Protect\n|move|p1b: Hatterene|Expanding Force|p2b: Archaludon|[spread] p2b\n|-activate|p2a: Vivillon|move: Protect\n|-resisted|p2b: Archaludon\n|-damage|p2b: Archaludon|57\/100\n|-ability|p2b: Archaludon|Stamina|boost\n|-boost|p2b: Archaludon|def|1\n|-damage|p1b: Hatterene|68\/100|[from] item: Life Orb\n|move|p2b: Archaludon|Flash Cannon|p1b: Hatterene\n|-supereffective|p1b: Hatterene\n|-damage|p1b: Hatterene|0 fnt\n|faint|p1b: Hatterene\n|move|p1a: Gallade|Sacred Sword|p2b: Archaludon\n|-supereffective|p2b: Archaludon\n|-damage|p2b: Archaludon|0 fnt\n|faint|p2b: Archaludon\n|\n|upkeep\n|inactive|teenage fanclub has 30 seconds left.\n|\n|t:|1731506007\n|switch|p1b: Torkoal|Torkoal, L50, F|100\/100\n|switch|p2b: Typhlosion|Typhlosion-Hisui, L50, F, tera:Fire|100\/100\n|-weather|SunnyDay|[from] ability: Drought|[of] p1b: Torkoal\n|-item|p1a: Gallade|Clear Amulet|[from] ability: Frisk|[of] p2b: Typhlosion\n|-item|p1b: Torkoal|Choice Specs|[from] ability: Frisk|[of] p2b: Typhlosion\n|turn|4\n|\n|t:|1731506025\n|-terastallize|p1b: Torkoal|Fire\n|move|p2a: Vivillon|Protect||[still]\n|-fail|p2a: Vivillon\n|move|p1b: Torkoal|Eruption|p2a: Vivillon|[spread] p2a,p2b\n|-supereffective|p2a: Vivillon\n|-resisted|p2b: Typhlosion\n|-damage|p2a: Vivillon|0 fnt\n|-damage|p2b: Typhlosion|7\/100\n|faint|p2a: Vivillon\n|move|p1a: Gallade|Psycho Cut|p2b: Typhlosion\n|-damage|p2b: Typhlosion|0 fnt\n|faint|p2b: Typhlosion\n|\n|-weather|SunnyDay|[upkeep]\n|upkeep\n|\n|t:|1731506033\n|switch|p2a: Annihilape|Annihilape, L50, F|100\/100\n|turn|5\n|\n|t:|1731506047\n|switch|p1a: Indeedee|Indeedee-F, L50, F|20\/100\n|move|p2a: Annihilape|Protect|p2a: Annihilape\n|-singleturn|p2a: Annihilape|Protect\n|move|p1b: Torkoal|Eruption|p2a: Annihilape\n|-activate|p2a: Annihilape|move: Protect\n|\n|-weather|SunnyDay|[upkeep]\n|-fieldend|move: Trick Room\n|-fieldend|move: Psychic Terrain\n|upkeep\n|turn|6\n|-message|teenage fanclub forfeited.\n|\n|win|VGCLTH Oinge\n|raw|VGCLTH Oinge's rating: 1686 &rarr; <strong>1707<\/strong><br \/>(+21 for winning)\n|raw|teenage fanclub's rating: 1700 &rarr; <strong>1679<\/strong><br \/>(-21 for losing)\n|l|\u2606teenage fanclub\n|player|p2|\n|l|\u2606VGCLTH Oinge\n|player|p1|\n|l| Monimei\n","uploadtime":1731506311,"views":21,"formatid":"gen9vgc2024regh","rating":1679,"private":0,"password":null}