{"id":"gen9vgc2024regh-2243220905","format":"[Gen 9] VGC 2024 Reg H","players":["VGCLTH Cuwutie","nivea4"],"log":"|raw|<div class=\"broadcast-blue\"><strong>This battle is required to be public due to a player having a name starting with 'vgclth'.<\/div>\n|j|\u2606VGCLTH Cuwutie\n|j|\u2606nivea4\n|t:|1731523332\n|gametype|doubles\n|player|p1|VGCLTH Cuwutie|102|1694\n|player|p2|nivea4|ltsurge|1729\n|teamsize|p1|6\n|teamsize|p2|6\n|gen|9\n|tier|[Gen 9] VGC 2024 Reg H\n|rated|\n|rule|Species Clause: Limit one of each Pok\u00e9mon\n|rule|Item Clause: Limit 1 of each item\n|clearpoke\n|poke|p1|Smeargle, L50, M|\n|poke|p1|Farigiraf, L50, F|\n|poke|p1|Grimmsnarl, L50, M|\n|poke|p1|Torkoal, L50, M|\n|poke|p1|Ursaluna-Bloodmoon, L50, M|\n|poke|p1|Weezing-Galar, L50, M|\n|poke|p2|Ursaluna-Bloodmoon, L50, M|\n|poke|p2|Gholdengo, L50|\n|poke|p2|Amoonguss, L50, M|\n|poke|p2|Volcarona, L50, M|\n|poke|p2|Grimmsnarl, L50, M|\n|poke|p2|Tyranitar, L50, F|\n|teampreview|4\n|\n|t:|1731523377\n|start\n|switch|p1a: Smeargle|Smeargle, L50, M|100\/100\n|switch|p1b: Farigiraf|Farigiraf, L50, F|100\/100\n|switch|p2a: Grimmsnarl|Grimmsnarl, L50, M|100\/100\n|switch|p2b: Gholdengo|Gholdengo, L50|100\/100\n|turn|1\n|\n|t:|1731523402\n|move|p2a: Grimmsnarl|Light Screen|p2a: Grimmsnarl\n|-sidestart|p2: nivea4|move: Light Screen\n|move|p1a: Smeargle|Spore|p2a: Grimmsnarl\n|-status|p2a: Grimmsnarl|slp|[from] move: Spore\n|move|p2b: Gholdengo|Nasty Plot|p2b: Gholdengo\n|-boost|p2b: Gholdengo|spa|2\n|move|p1b: Farigiraf|Trick Room|p1b: Farigiraf\n|-fieldstart|move: Trick Room|[of] p1b: Farigiraf\n|\n|-ability|p1a: Smeargle|Moody|boost\n|-boost|p1a: Smeargle|spd|2\n|-unboost|p1a: Smeargle|spa|1\n|-enditem|p1a: Smeargle|Eject Pack\n|upkeep\n|j| alfalfasprouttower\n|\n|t:|1731523419\n|switch|p1a: Ursaluna|Ursaluna-Bloodmoon, L50, M|100\/100\n|turn|2\n|\n|t:|1731523431\n|move|p1b: Farigiraf|Helping Hand|p1a: Ursaluna\n|-singleturn|p1a: Ursaluna|Helping Hand|[of] p1b: Farigiraf\n|move|p2b: Gholdengo|Protect|p2b: Gholdengo\n|-singleturn|p2b: Gholdengo|Protect\n|move|p1a: Ursaluna|Earth Power|p2b: Gholdengo\n|-activate|p2b: Gholdengo|move: Protect\n|cant|p2a: Grimmsnarl|slp\n|\n|upkeep\n|turn|3\n|\n|t:|1731523444\n|-terastallize|p1a: Ursaluna|Normal\n|-terastallize|p2b: Gholdengo|Dragon\n|move|p1b: Farigiraf|Helping Hand|p1a: Ursaluna\n|-singleturn|p1a: Ursaluna|Helping Hand|[of] p1b: Farigiraf\n|move|p1a: Ursaluna|Blood Moon|p2b: Gholdengo\n|-crit|p2b: Gholdengo\n|-damage|p2b: Gholdengo|0 fnt\n|faint|p2b: Gholdengo\n|-damage|p1a: Ursaluna|90\/100|[from] item: Life Orb\n|cant|p2a: Grimmsnarl|slp\n|\n|upkeep\n|\n|t:|1731523457\n|switch|p2b: Volcarona|Volcarona, L50, M|100\/100\n|turn|4\n|\n|t:|1731523474\n|move|p1b: Farigiraf|Helping Hand|p1a: Ursaluna\n|-singleturn|p1a: Ursaluna|Helping Hand|[of] p1b: Farigiraf\n|move|p1a: Ursaluna|Hyper Voice|p2b: Volcarona|[spread] p2a,p2b\n|-damage|p2a: Grimmsnarl|37\/100 slp\n|-damage|p2b: Volcarona|40\/100\n|-damage|p1a: Ursaluna|80\/100|[from] item: Life Orb\n|-curestatus|p2a: Grimmsnarl|slp|[msg]\n|move|p2a: Grimmsnarl|Spirit Break|p1a: Ursaluna\n|-damage|p1a: Ursaluna|57\/100\n|-unboost|p1a: Ursaluna|spa|1\n|move|p2b: Volcarona|Quiver Dance|p2b: Volcarona\n|-boost|p2b: Volcarona|spa|1\n|-boost|p2b: Volcarona|spd|1\n|-boost|p2b: Volcarona|spe|1\n|\n|upkeep\n|turn|5\n|\n|t:|1731523498\n|switch|p1b: Smeargle|Smeargle, L50, M|100\/100\n|move|p1a: Ursaluna|Hyper Voice|p2a: Grimmsnarl|[spread] p2a,p2b\n|-damage|p2a: Grimmsnarl|13\/100\n|-damage|p2b: Volcarona|24\/100\n|-damage|p1a: Ursaluna|47\/100|[from] item: Life Orb\n|move|p2a: Grimmsnarl|Spirit Break|p1a: Ursaluna\n|-damage|p1a: Ursaluna|27\/100\n|-unboost|p1a: Ursaluna|spa|1\n|move|p2b: Volcarona|Giga Drain|p1a: Ursaluna\n|-damage|p1a: Ursaluna|0 fnt\n|-heal|p2b: Volcarona|39\/100|[from] drain|[of] p1a: Ursaluna\n|faint|p1a: Ursaluna\n|\n|-fieldend|move: Trick Room\n|-ability|p1b: Smeargle|Moody|boost\n|-boost|p1b: Smeargle|spa|2\n|-unboost|p1b: Smeargle|spd|1\n|upkeep\n|\n|t:|1731523516\n|switch|p1a: Farigiraf|Farigiraf, L50, F|100\/100\n|turn|6\n|j| lokoz lost\n|\n|t:|1731523524\n|move|p1b: Smeargle|Fake Out|p2a: Grimmsnarl\n|-damage|p2a: Grimmsnarl|8\/100\n|move|p2b: Volcarona|Heat Wave|p1b: Smeargle|[spread] p1a,p1b\n|-damage|p1a: Farigiraf|62\/100\n|-damage|p1b: Smeargle|0 fnt\n|faint|p1b: Smeargle\n|cant|p2a: Grimmsnarl|flinch\n|move|p1a: Farigiraf|Trick Room|p1a: Farigiraf\n|-fieldstart|move: Trick Room|[of] p1a: Farigiraf\n|\n|upkeep\n|\n|t:|1731523527\n|switch|p1b: Torkoal|Torkoal, L50, M|100\/100\n|-weather|SunnyDay|[from] ability: Drought|[of] p1b: Torkoal\n|turn|7\n|\n|t:|1731523539\n|move|p1a: Farigiraf|Helping Hand|p1b: Torkoal\n|-singleturn|p1b: Torkoal|Helping Hand|[of] p1a: Farigiraf\n|move|p2b: Volcarona|Protect|p2b: Volcarona\n|-singleturn|p2b: Volcarona|Protect\n|move|p1b: Torkoal|Eruption|p2a: Grimmsnarl|[spread] p2a\n|-activate|p2b: Volcarona|move: Protect\n|-damage|p2a: Grimmsnarl|0 fnt\n|faint|p2a: Grimmsnarl\n|\n|-weather|SunnyDay|[upkeep]\n|upkeep\n|\n|t:|1731523549\n|switch|p2a: Tyranitar|Tyranitar, L50, F|100\/100\n|-weather|Sandstorm|[from] ability: Sand Stream|[of] p2a: Tyranitar\n|turn|8\n|\n|t:|1731523559\n|move|p1a: Farigiraf|Helping Hand|p1b: Torkoal\n|-singleturn|p1b: Torkoal|Helping Hand|[of] p1a: Farigiraf\n|move|p1b: Torkoal|Eruption|p2a: Tyranitar|[spread] p2a,p2b\n|-resisted|p2a: Tyranitar\n|-damage|p2a: Tyranitar|86\/100\n|-damage|p2b: Volcarona|0 fnt\n|faint|p2b: Volcarona\n|move|p2a: Tyranitar|Rock Slide|p1b: Torkoal|[spread] p1a,p1b\n|-supereffective|p1b: Torkoal\n|-damage|p1a: Farigiraf|31\/100\n|-damage|p1b: Torkoal|50\/100\n|\n|-weather|Sandstorm|[upkeep]\n|-damage|p1b: Torkoal|43\/100|[from] Sandstorm\n|-damage|p1a: Farigiraf|25\/100|[from] Sandstorm\n|-sideend|p2: nivea4|move: Light Screen\n|upkeep\n|turn|9\n|inactive|Battle timer is ON: inactive players will automatically lose when time's up. (requested by nivea4)\n|\n|t:|1731523594\n|move|p1b: Torkoal|Eruption|p2a: Tyranitar\n|-resisted|p2a: Tyranitar\n|-damage|p2a: Tyranitar|78\/100\n|move|p1a: Farigiraf|Uproar|p2a: Tyranitar\n|-resisted|p2a: Tyranitar\n|-damage|p2a: Tyranitar|72\/100\n|-start|p1a: Farigiraf|Uproar\n|move|p2a: Tyranitar|Rock Slide|p1a: Farigiraf|[spread] p1a,p1b\n|-supereffective|p1b: Torkoal\n|-damage|p1a: Farigiraf|0 fnt\n|-damage|p1b: Torkoal|0 fnt\n|faint|p1a: Farigiraf\n|faint|p1b: Torkoal\n|\n|win|nivea4\n|raw|VGCLTH Cuwutie's rating: 1720 &rarr; <strong>1701<\/strong><br \/>(-19 for losing)\n|raw|nivea4's rating: 1729 &rarr; <strong>1748<\/strong><br \/>(+19 for winning)\n|l| alfalfasprouttower\n|l| lokoz lost\n|l|\u2606nivea4\n|player|p2|\n|l|\u2606VGCLTH Cuwutie\n|player|p1|\n","uploadtime":1731523863,"views":21,"formatid":"gen9vgc2024regh","rating":1701,"private":0,"password":null}