{"id":"gen9vgc2024regh-2243718621","format":"[Gen 9] VGC 2024 Reg H","players":["Hikawari","VGCLTH Rishi"],"log":"|j|\u2606Hikawari\n|j|\u2606VGCLTH Rishi\n|t:|1731591967\n|gametype|doubles\n|player|p1|Hikawari|265|1717\n|player|p2|VGCLTH Rishi|shauntal|1831\n|teamsize|p1|6\n|teamsize|p2|6\n|gen|9\n|tier|[Gen 9] VGC 2024 Reg H\n|rated|\n|rule|Species Clause: Limit one of each Pok\u00e9mon\n|rule|Item Clause: Limit 1 of each item\n|clearpoke\n|poke|p1|Sneasler, L50, F|\n|poke|p1|Murkrow, L50, F|\n|poke|p1|Gholdengo, L50|\n|poke|p1|Indeedee, L50, M|\n|poke|p1|Annihilape, L50, F|\n|poke|p1|Sinistcha, L50|\n|poke|p2|Kommo-o, L50, F|\n|poke|p2|Rillaboom, L50, F|\n|poke|p2|Tyranitar, L50, F|\n|poke|p2|Talonflame, L50, F|\n|poke|p2|Gholdengo, L50|\n|poke|p2|Milotic, L50, F|\n|teampreview|4\n|inactive|Battle timer is ON: inactive players will automatically lose when time's up. (requested by Hikawari)\n|j| vgclth souly\n|inactive|VGCLTH Rishi has 60 seconds left.\nHikawari has agreed to open team sheets.\n|inactive|VGCLTH Rishi has 30 seconds left.\n|inactive|VGCLTH Rishi has 20 seconds left.\n|inactive|VGCLTH Rishi has 15 seconds left.\n|inactive|VGCLTH Rishi has 10 seconds left.\n|\n|t:|1731592054\n|start\n|switch|p1a: Murkrow|Murkrow, L50, F|100\/100\n|switch|p1b: Gholdengo|Gholdengo, L50|100\/100\n|switch|p2a: Tyranitar|Tyranitar, L50, F|100\/100\n|switch|p2b: Rillaboom|Rillaboom, L50, F, shiny|100\/100\n|-fieldstart|move: Grassy Terrain|[from] ability: Grassy Surge|[of] p2b: Rillaboom\n|-weather|Sandstorm|[from] ability: Sand Stream|[of] p2a: Tyranitar\n|turn|1\n|\n|t:|1731592074\n|-terastallize|p1b: Gholdengo|Steel\n|move|p2b: Rillaboom|Fake Out|p1a: Murkrow\n|-damage|p1a: Murkrow|85\/100\n|move|p1b: Gholdengo|Make It Rain|p2a: Tyranitar|[spread] p2a,p2b\n|-supereffective|p2a: Tyranitar\n|-damage|p2a: Tyranitar|19\/100\n|-damage|p2b: Rillaboom|0 fnt\n|-unboost|p1b: Gholdengo|spa|1\n|faint|p2b: Rillaboom\n|cant|p1a: Murkrow|flinch\n|move|p2a: Tyranitar|Knock Off|p1b: Gholdengo\n|-damage|p1b: Gholdengo|36\/100\n|-enditem|p1b: Gholdengo|Choice Specs|[from] move: Knock Off|[of] p2a: Tyranitar\n|\n|-weather|Sandstorm|[upkeep]\n|-damage|p1a: Murkrow|79\/100|[from] Sandstorm\n|-heal|p1b: Gholdengo|42\/100|[from] Grassy Terrain\n|-heal|p2a: Tyranitar|25\/100|[from] Grassy Terrain\n|upkeep\n|\n|t:|1731592085\n|switch|p2b: Gholdengo|Gholdengo, L50|100\/100\n|turn|2\n|inactive|VGCLTH Rishi has 30 seconds left.\n|inactive|VGCLTH Rishi has 20 seconds left.\n|inactive|VGCLTH Rishi has 15 seconds left.\n|\n|t:|1731592127\n|move|p1a: Murkrow|Tailwind|p1a: Murkrow\n|-sidestart|p1: Hikawari|move: Tailwind\n|move|p1b: Gholdengo|Make It Rain|p2b: Gholdengo|[spread] p2a,p2b\n|-supereffective|p2a: Tyranitar\n|-resisted|p2b: Gholdengo\n|-damage|p2a: Tyranitar|0 fnt\n|-damage|p2b: Gholdengo|75\/100\n|-unboost|p1b: Gholdengo|spa|1\n|faint|p2a: Tyranitar\n|move|p2b: Gholdengo|Make It Rain|p1a: Murkrow|[spread] p1a,p1b\n|-resisted|p1b: Gholdengo\n|-damage|p1a: Murkrow|8\/100\n|-damage|p1b: Gholdengo|0 fnt\n|-unboost|p2b: Gholdengo|spa|1\n|faint|p1b: Gholdengo\n|\n|-weather|Sandstorm|[upkeep]\n|-damage|p1a: Murkrow|2\/100|[from] Sandstorm\n|-heal|p2b: Gholdengo|81\/100|[from] Grassy Terrain\n|upkeep\n|\n|t:|1731592139\n|switch|p1b: Indeedee|Indeedee, L50, M|100\/100\n|switch|p2a: Talonflame|Talonflame, L50, F|100\/100\n|-fieldstart|move: Psychic Terrain|[from] ability: Psychic Surge|[of] p1b: Indeedee\n|turn|3\n|\n|t:|1731592155\n|-terastallize|p2b: Gholdengo|Steel\n|move|p2a: Talonflame|Protect|p2a: Talonflame\n|-singleturn|p2a: Talonflame|Protect\n|move|p1a: Murkrow|Rain Dance|p1a: Murkrow\n|-weather|RainDance\n|move|p1b: Indeedee|Expanding Force|p2a: Talonflame|[spread] p2b\n|-activate|p2a: Talonflame|move: Protect\n|-resisted|p2b: Gholdengo\n|-damage|p2b: Gholdengo|45\/100\n|move|p2b: Gholdengo|Make It Rain|p1a: Murkrow|[spread] p1a,p1b\n|-damage|p1a: Murkrow|0 fnt\n|-damage|p1b: Indeedee|12\/100\n|-unboost|p2b: Gholdengo|spa|1\n|faint|p1a: Murkrow\n|\n|-weather|RainDance|[upkeep]\n|upkeep\n|\n|t:|1731592160\n|switch|p1a: Sneasler|Sneasler, L50, F, shiny|100\/100\n|turn|4\n|\n|t:|1731592180\n|move|p1a: Sneasler|Fake Out|p2a: Talonflame\n|-hint|Psychic Terrain doesn't affect Pok\u00e9mon immune to Ground.\n|-damage|p2a: Talonflame|69\/100\n|-damage|p1a: Sneasler|91\/100|[from] item: Life Orb\n|move|p1b: Indeedee|Expanding Force|p2a: Talonflame|[spread] p2a,p2b\n|-resisted|p2b: Gholdengo\n|-damage|p2a: Talonflame|0 fnt\n|-damage|p2b: Gholdengo|12\/100\n|faint|p2a: Talonflame\n|move|p2b: Gholdengo|Make It Rain|p1a: Sneasler|[spread] p1a,p1b\n|-damage|p1a: Sneasler|29\/100\n|-damage|p1b: Indeedee|0 fnt\n|-unboost|p2b: Gholdengo|spa|1\n|faint|p1b: Indeedee\n|\n|-weather|RainDance|[upkeep]\n|upkeep\n|turn|5\n|\n|t:|1731592187\n|move|p1a: Sneasler|Close Combat|p2b: Gholdengo\n|-supereffective|p2b: Gholdengo\n|-damage|p2b: Gholdengo|0 fnt\n|-unboost|p1a: Sneasler|def|1\n|-unboost|p1a: Sneasler|spd|1\n|faint|p2b: Gholdengo\n|-damage|p1a: Sneasler|19\/100|[from] item: Life Orb\n|\n|win|Hikawari\n|raw|Hikawari's rating: 1717 &rarr; <strong>1743<\/strong><br \/>(+26 for winning)\n|raw|VGCLTH Rishi's rating: 1831 &rarr; <strong>1805<\/strong><br \/>(-26 for losing)\n|l| vgclth souly\n|l|\u2606VGCLTH Rishi\n|player|p2|\n|l|\u2606Hikawari\n|player|p1|\n","uploadtime":1731592387,"views":21,"formatid":"gen9vgc2024regh","rating":1743,"private":0,"password":null}