{"id":"gen9vgc2024regh-2243399990","format":"[Gen 9] VGC 2024 Reg H","players":["VGCLTH Thacrow","grovyleuwu"],"log":"|j|\u2606VGCLTH Thacrow\n|j|\u2606grovyleuwu\n|t:|1731542044\n|gametype|doubles\n|player|p1|VGCLTH Thacrow|wallace-masters|1764\n|player|p2|grovyleuwu|whitney|1817\n|teamsize|p1|6\n|teamsize|p2|6\n|gen|9\n|tier|[Gen 9] VGC 2024 Reg H\n|rated|\n|rule|Species Clause: Limit one of each Pok\u00e9mon\n|rule|Item Clause: Limit 1 of each item\n|clearpoke\n|poke|p1|Ceruledge, L50, F|\n|poke|p1|Gastrodon-East, L50, F|\n|poke|p1|Sneasler, L50, F|\n|poke|p1|Dragonite, L50, M|\n|poke|p1|Rillaboom, L50, F|\n|poke|p1|Kingambit, L50, M|\n|poke|p2|Pelipper, L50, M|\n|poke|p2|Sneasler, L50, F|\n|poke|p2|Archaludon, L50, M|\n|poke|p2|Indeedee, L50, M|\n|poke|p2|Basculegion, L50, M|\n|poke|p2|Talonflame, L50, F|\n|teampreview|4\n|inactive|Battle timer is ON: inactive players will automatically lose when time's up. (requested by grovyleuwu)\n|inactive|grovyleuwu has 60 seconds left.\n|\n|t:|1731542076\n|start\n|switch|p1a: Kidturtle|Sneasler, L50, F, shiny|100\/100\n|switch|p1b: Godlyreal|Kingambit, L50, M|100\/100\n|switch|p2a: Pelipper|Pelipper, L50, M|100\/100\n|switch|p2b: Archaludon|Archaludon, L50, M|100\/100\n|-weather|RainDance|[from] ability: Drizzle|[of] p2a: Pelipper\n|turn|1\n|inactive|grovyleuwu has 30 seconds left.\n|\n|t:|1731542103\n|switch|p2a: Sneasler|Sneasler, L50, F|100\/100\n|move|p2b: Archaludon|Protect|p2b: Archaludon\n|-singleturn|p2b: Archaludon|Protect\n|move|p1a: Kidturtle|Close Combat|p2b: Archaludon\n|-activate|p2b: Archaludon|move: Protect\n|move|p1b: Godlyreal|Kowtow Cleave|p2b: Archaludon\n|-activate|p2b: Archaludon|move: Protect\n|\n|-weather|RainDance|[upkeep]\n|upkeep\n|turn|2\n|\n|t:|1731542127\n|switch|p1b: Joe Dog|Gastrodon-East, L50, F|100\/100\n|-terastallize|p1a: Kidturtle|Ghost\n|move|p2a: Sneasler|Dire Claw|p1a: Kidturtle\n|-resisted|p1a: Kidturtle\n|-damage|p1a: Kidturtle|65\/100\n|move|p1a: Kidturtle|Close Combat|p2b: Archaludon\n|-supereffective|p2b: Archaludon\n|-ability|p2b: Archaludon|Sturdy\n|-damage|p2b: Archaludon|1\/100\n|-unboost|p1a: Kidturtle|def|1\n|-unboost|p1a: Kidturtle|spd|1\n|move|p2b: Archaludon|Electro Shot||[still]\n|-prepare|p2b: Archaludon|Electro Shot\n|-boost|p2b: Archaludon|spa|1\n|-anim|p2b: Archaludon|Electro Shot|p1a: Kidturtle\n|-damage|p1a: Kidturtle|0 fnt\n|faint|p1a: Kidturtle\n|\n|-weather|RainDance|[upkeep]\n|upkeep\n|\n|t:|1731542131\n|switch|p1a: Godlyreal|Kingambit, L50, M|100\/100\n|turn|3\n|\n|t:|1731542152\n|switch|p1a: AdlrichYan|Rillaboom, L50, F|100\/100\n|-fieldstart|move: Grassy Terrain|[from] ability: Grassy Surge|[of] p1a: AdlrichYan\n|-terastallize|p2a: Sneasler|Dark\n|move|p2b: Archaludon|Protect|p2b: Archaludon\n|-singleturn|p2b: Archaludon|Protect\n|move|p2a: Sneasler|Throat Chop|p1b: Joe Dog\n|-damage|p1b: Joe Dog|60\/100\n|-start|p1b: Joe Dog|Throat Chop|[silent]\n|move|p1b: Joe Dog|Earth Power|p2a: Sneasler\n|-crit|p2a: Sneasler\n|-damage|p2a: Sneasler|33\/100\n|\n|-weather|RainDance|[upkeep]\n|-heal|p2a: Sneasler|39\/100|[from] Grassy Terrain\n|-heal|p2b: Archaludon|7\/100|[from] Grassy Terrain\n|-heal|p1b: Joe Dog|66\/100|[from] Grassy Terrain\n|upkeep\n|turn|4\n|j| vgclth souly\n|\n|t:|1731542174\n|switch|p2b: Indeedee|Indeedee, L50, M|100\/100\n|-fieldstart|move: Psychic Terrain|[from] ability: Psychic Surge|[of] p2b: Indeedee\n|-enditem|p2a: Sneasler|Psychic Seed\n|-boost|p2a: Sneasler|spd|1|[from] item: Psychic Seed\n|move|p2a: Sneasler|Dire Claw|p1a: AdlrichYan\n|-supereffective|p1a: AdlrichYan\n|-damage|p1a: AdlrichYan|8\/100\n|move|p1a: AdlrichYan|Grassy Glide|p2a: Sneasler\n|-damage|p2a: Sneasler|0 fnt\n|faint|p2a: Sneasler\n|move|p1b: Joe Dog|Earth Power|p2b: Indeedee\n|-damage|p2b: Indeedee|52\/100\n|\n|-weather|RainDance|[upkeep]\n|-end|p1b: Joe Dog|Throat Chop|[silent]\n|upkeep\n|j| bluestraggler03\n|\n|t:|1731542188\n|switch|p2a: Archaludon|Archaludon, L50, M|7\/100\n|turn|5\n|\n|t:|1731542205\n|switch|p1a: Godlyreal|Kingambit, L50, M|100\/100\n|move|p1b: Joe Dog|Protect|p1b: Joe Dog\n|-singleturn|p1b: Joe Dog|Protect\n|move|p2b: Indeedee|Expanding Force|p1a: Godlyreal|[spread] \n|-activate|p1b: Joe Dog|move: Protect\n|-immune|p1a: Godlyreal\n|move|p2a: Archaludon|Electro Shot||[still]\n|-prepare|p2a: Archaludon|Electro Shot\n|-boost|p2a: Archaludon|spa|1\n|-anim|p2a: Archaludon|Electro Shot|p1a: Godlyreal\n|-damage|p1a: Godlyreal|60\/100\n|\n|-weather|none\n|upkeep\n|turn|6\n|\n|t:|1731542221\n|switch|p2b: Pelipper|Pelipper, L50, M|100\/100\n|-weather|RainDance|[from] ability: Drizzle|[of] p2b: Pelipper\n|switch|p1b: AdlrichYan|Rillaboom, L50, F|8\/100\n|-fieldstart|move: Grassy Terrain|[from] ability: Grassy Surge|[of] p1b: AdlrichYan\n|move|p2a: Archaludon|Protect|p2a: Archaludon\n|-singleturn|p2a: Archaludon|Protect\n|move|p1a: Godlyreal|Sucker Punch||[still]\n|-fail|p1a: Godlyreal\n|\n|-weather|RainDance|[upkeep]\n|-heal|p2a: Archaludon|13\/100|[from] Grassy Terrain\n|-heal|p1b: AdlrichYan|14\/100|[from] Grassy Terrain\n|-heal|p1a: Godlyreal|66\/100|[from] Grassy Terrain\n|upkeep\n|turn|7\n|\n|t:|1731542241\n|switch|p2b: Indeedee|Indeedee, L50, M|52\/100\n|-fieldstart|move: Psychic Terrain|[from] ability: Psychic Surge|[of] p2b: Indeedee\n|switch|p1b: Joe Dog|Gastrodon-East, L50, F|66\/100\n|move|p2a: Archaludon|Dragon Pulse|p1b: Joe Dog\n|-crit|p1b: Joe Dog\n|-damage|p1b: Joe Dog|0 fnt\n|faint|p1b: Joe Dog\n|move|p1a: Godlyreal|Kowtow Cleave|p2a: Archaludon\n|-damage|p2a: Archaludon|0 fnt\n|faint|p2a: Archaludon\n|\n|-weather|RainDance|[upkeep]\n|upkeep\n|j| Serenemy\n|\n|t:|1731542251\n|switch|p2a: Pelipper|Pelipper, L50, M|100\/100\n|switch|p1b: AdlrichYan|Rillaboom, L50, F|14\/100\n|-fieldstart|move: Grassy Terrain|[from] ability: Grassy Surge|[of] p1b: AdlrichYan\n|turn|8\n|\n|t:|1731542262\n|move|p1b: AdlrichYan|Grassy Glide|p2a: Pelipper\n|-damage|p2a: Pelipper|42\/100\n|move|p1a: Godlyreal|Sucker Punch|p2a: Pelipper\n|-damage|p2a: Pelipper|0 fnt\n|faint|p2a: Pelipper\n|move|p2b: Indeedee|Expanding Force|p1b: AdlrichYan\n|-damage|p1b: AdlrichYan|0 fnt\n|faint|p1b: AdlrichYan\n|\n|-weather|RainDance|[upkeep]\n|-heal|p2b: Indeedee|58\/100|[from] Grassy Terrain\n|-heal|p1a: Godlyreal|72\/100|[from] Grassy Terrain\n|upkeep\n|turn|9\n|-message|grovyleuwu forfeited.\n|\n|win|VGCLTH Thacrow\n|raw|VGCLTH Thacrow's rating: 1764 &rarr; <strong>1787<\/strong><br \/>(+23 for winning)\n|raw|grovyleuwu's rating: 1817 &rarr; <strong>1794<\/strong><br \/>(-23 for losing)\n|l|\u2606grovyleuwu\n|player|p2|\n|l|\u2606VGCLTH Thacrow\n|player|p1|\n","uploadtime":1731542276,"views":26,"formatid":"gen9vgc2024regh","rating":1787,"private":0,"password":null}