{"id":"gen9vgc2024regh-2243455365","format":"[Gen 9] VGC 2024 Reg H","players":["don't use magmar","VGCLTH It'sJustKen"],"log":"|raw|<div class=\"broadcast-blue\"><strong>This battle is required to be public due to a player having a name starting with 'vgclth'.<\/div>\n|j|\u2606don't use magmar\n|j|\u2606VGCLTH It'sJustKen\n|t:|1731549000\n|gametype|doubles\n|player|p1|don't use magmar|lucas|1810\n|player|p2|VGCLTH It'sJustKen|turo|1699\n|teamsize|p1|6\n|teamsize|p2|6\n|gen|9\n|tier|[Gen 9] VGC 2024 Reg H\n|rated|\n|rule|Species Clause: Limit one of each Pok\u00e9mon\n|rule|Item Clause: Limit 1 of each item\n|clearpoke\n|poke|p1|Incineroar, L50, F|\n|poke|p1|Amoonguss, L50, M|\n|poke|p1|Gholdengo, L50|\n|poke|p1|Sneasler, L50, M|\n|poke|p1|Ursaluna-Bloodmoon, L50, M|\n|poke|p1|Palafin, L50, F|\n|poke|p2|Gholdengo, L50|\n|poke|p2|Kommo-o, L50, F|\n|poke|p2|Clefairy, L50, M|\n|poke|p2|Farigiraf, L50, M|\n|poke|p2|Talonflame, L50, M|\n|poke|p2|Garchomp, L50, M|\n|teampreview|4\n|inactive|Battle timer is ON: inactive players will automatically lose when time's up. (requested by VGCLTH It'sJustKen)\n|j| Golett Kombucha\n|\n|t:|1731549019\n|start\n|switch|p1a: Palafin|Palafin, L50, F|100\/100\n|switch|p1b: Ursaluna|Ursaluna-Bloodmoon, L50, M|100\/100\n|switch|p2a: Kommo-o|Kommo-o, L50, F|100\/100\n|switch|p2b: GIRAFFE|Farigiraf, L50, M, shiny|100\/100\n|turn|1\n|\n|t:|1731549028\n|detailschange|p1a: Palafin|Palafin-Hero, L50, F\n|switch|p1a: Incineroar|Incineroar, L50, F|100\/100\n|-ability|p1a: Incineroar|Intimidate|boost\n|-unboost|p2a: Kommo-o|atk|1\n|-unboost|p2b: GIRAFFE|atk|1\n|-terastallize|p2a: Kommo-o|Dragon\n|-terastallize|p1b: Ursaluna|Normal\n|move|p2b: GIRAFFE|Helping Hand|p2a: Kommo-o\n|-singleturn|p2a: Kommo-o|Helping Hand|[of] p2b: GIRAFFE\n|move|p2a: Kommo-o|Clanging Scales|p1a: Incineroar|[spread] p1a,p1b\n|-damage|p1a: Incineroar|4\/100\n|-damage|p1b: Ursaluna|11\/100\n|-unboost|p2a: Kommo-o|def|1\n|move|p1b: Ursaluna|Hyper Voice|p2b: GIRAFFE|[spread] p2a,p2b\n|-damage|p2a: Kommo-o|45\/100\n|-damage|p2b: GIRAFFE|54\/100\n|\n|upkeep\n|turn|2\n|j| Plopy14\n|j| Tatsu Gluey\n|j| girl latias\n|\n|t:|1731549046\n|move|p2b: GIRAFFE|Helping Hand|p2a: Kommo-o\n|-singleturn|p2a: Kommo-o|Helping Hand|[of] p2b: GIRAFFE\n|move|p2a: Kommo-o|Clanging Scales|p1b: Ursaluna|[spread] p1a,p1b\n|-damage|p1a: Incineroar|0 fnt\n|-damage|p1b: Ursaluna|0 fnt\n|faint|p1a: Incineroar\n|faint|p1b: Ursaluna\n|-unboost|p2a: Kommo-o|def|1\n|\n|upkeep\n|\n|t:|1731549048\n|switch|p1a: Palafin|Palafin-Hero, L50, F|100\/100\n|switch|p1b: Sneasler|Sneasler, L50, M|100\/100\n|-activate|p1a: Palafin|ability: Zero to Hero\n|turn|3\n|\n|t:|1731549061\n|switch|p2a: *hears the music*|Gholdengo, L50|100\/100\n|move|p1b: Sneasler|Close Combat|p2a: *hears the music*\n|-immune|p2a: *hears the music*\n|move|p1a: Palafin|Wave Crash|p2b: GIRAFFE\n|-damage|p2b: GIRAFFE|0 fnt\n|faint|p2b: GIRAFFE\n|-damage|p1a: Palafin|82\/100|[from] Recoil\n|\n|upkeep\n|\n|t:|1731549068\n|switch|p2b: Garchomp|Garchomp, L50, M|100\/100\n|turn|4\n|\n|t:|1731549076\n|move|p1b: Sneasler|Protect|p1b: Sneasler\n|-singleturn|p1b: Sneasler|Protect\n|move|p1a: Palafin|Jet Punch|p2a: *hears the music*\n|-damage|p2a: *hears the music*|40\/100\n|move|p2a: *hears the music*|Shadow Ball|p1a: Palafin\n|-damage|p1a: Palafin|35\/100\n|-unboost|p1a: Palafin|spd|1\n|move|p2b: Garchomp|Earthquake|p1a: Palafin|[spread] p2a,p1a\n|-activate|p1b: Sneasler|move: Protect\n|-supereffective|p2a: *hears the music*\n|-damage|p2a: *hears the music*|0 fnt\n|-damage|p1a: Palafin|0 fnt\n|faint|p2a: *hears the music*\n|faint|p1a: Palafin\n|\n|upkeep\n|\n|t:|1731549080\n|switch|p2a: Kommo-o|Kommo-o, L50, F, tera:Dragon|45\/100\n|turn|5\n|\n|t:|1731549086\n|move|p1b: Sneasler|Close Combat|p2a: Kommo-o\n|-crit|p2a: Kommo-o\n|-damage|p2a: Kommo-o|0 fnt\n|-unboost|p1b: Sneasler|def|1\n|-unboost|p1b: Sneasler|spd|1\n|faint|p2a: Kommo-o\n|move|p2b: Garchomp|Stomping Tantrum|p1b: Sneasler\n|-supereffective|p1b: Sneasler\n|-enditem|p1b: Sneasler|Focus Sash\n|-damage|p1b: Sneasler|1\/100\n|\n|upkeep\n|turn|6\n|\n|t:|1731549102\n|move|p1b: Sneasler|Close Combat|p2b: Garchomp\n|-damage|p2b: Garchomp|36\/100\n|-unboost|p1b: Sneasler|def|1\n|-unboost|p1b: Sneasler|spd|1\n|-damage|p1b: Sneasler|0 fnt|[from] ability: Rough Skin|[of] p2b: Garchomp\n|-status|p2b: Garchomp|psn|[from] ability: Poison Touch|[of] p1b: Sneasler\n|faint|p1b: Sneasler\n|\n|win|VGCLTH It'sJustKen\n|raw|don&apos;t use magmar's rating: 1810 &rarr; <strong>1783<\/strong><br \/>(-27 for losing)\n|raw|VGCLTH It&apos;sJustKen's rating: 1678 &rarr; <strong>1705<\/strong><br \/>(+27 for winning)\n|l|\u2606don't use magmar\n|player|p1|\n|l|\u2606VGCLTH It'sJustKen\n|player|p2|\n|l| Golett Kombucha\n|l| girl latias\n|l| Tatsu Gluey\n|l| Plopy14\n","uploadtime":1731549326,"views":67,"formatid":"gen9vgc2024regh","rating":1705,"private":0,"password":null}