{"id":"gen9vgc2024regh-2243889520","format":"[Gen 9] VGC 2024 Reg H","players":["VGCLTH lily","shioriwada"],"log":"|raw|<div class=\"broadcast-blue\"><strong>This battle is required to be public due to a player having a name starting with 'vgclth'.<\/div>\n|j|\u2606VGCLTH lily\n|j|\u2606shioriwada\n|t:|1731608885\n|gametype|doubles\n|player|p1|VGCLTH lily|akari|1692\n|player|p2|shioriwada|unknownf|1733\n|teamsize|p1|6\n|teamsize|p2|6\n|gen|9\n|tier|[Gen 9] VGC 2024 Reg H\n|rated|\n|rule|Species Clause: Limit one of each Pok\u00e9mon\n|rule|Item Clause: Limit 1 of each item\n|clearpoke\n|poke|p1|Vivillon, L50, F|\n|poke|p1|Gliscor, L50, M|\n|poke|p1|Archaludon, L50, M|\n|poke|p1|Kingambit, L50, M|\n|poke|p1|Incineroar, L50, M|\n|poke|p1|Ninetales-Alola, L50, F|\n|poke|p2|Dondozo, L50, M|\n|poke|p2|Gholdengo, L50|\n|poke|p2|Dragonite, L50, F|\n|poke|p2|Dragapult, L50, M|\n|poke|p2|Glimmora, L50, M|\n|poke|p2|Tatsugiri, L50, F|\n|teampreview|4\n|inactive|Battle timer is ON: inactive players will automatically lose when time's up. (requested by VGCLTH lily)\n|\n|t:|1731608906\n|start\n|switch|p1a: Ninetales|Ninetales-Alola, L50, F, shiny|100\/100\n|switch|p1b: Gliscor|Gliscor, L50, M, shiny|100\/100\n|switch|p2a: Glimmora|Glimmora, L50, M, shiny|100\/100\n|switch|p2b: Dondozo|Dondozo, L50, M|100\/100\n|-weather|Snow|[from] ability: Snow Warning|[of] p1a: Ninetales\n|turn|1\n|\n|t:|1731608937\n|-terastallize|p2b: Dondozo|Steel\n|move|p1a: Ninetales|Aurora Veil|p1a: Ninetales\n|-sidestart|p1: VGCLTH lily|move: Aurora Veil\n|move|p1b: Gliscor|Earthquake|p2a: Glimmora|[spread] p1a,p2a,p2b\n|-supereffective|p2a: Glimmora\n|-supereffective|p2b: Dondozo\n|-damage|p1a: Ninetales|69\/100\n|-enditem|p2a: Glimmora|Focus Sash\n|-damage|p2a: Glimmora|1\/100\n|-damage|p2b: Dondozo|53\/100\n|-activate|p2a: Glimmora|ability: Toxic Debris\n|-sidestart|p1: VGCLTH lily|move: Toxic Spikes\n|move|p2a: Glimmora|Sludge Bomb|p1a: Ninetales\n|-supereffective|p1a: Ninetales\n|-damage|p1a: Ninetales|0 fnt\n|faint|p1a: Ninetales\n|move|p2b: Dondozo|Substitute|p2b: Dondozo\n|-start|p2b: Dondozo|Substitute\n|-damage|p2b: Dondozo|28\/100\n|\n|-weather|Snow|[upkeep]\n|-heal|p2b: Dondozo|34\/100|[from] item: Leftovers\n|upkeep\n|\n|t:|1731608955\n|switch|p1a: Vivillon|Vivillon, L50, F, shiny|100\/100\n|turn|2\n|\n|t:|1731608969\n|-terastallize|p1b: Gliscor|Ice\n|move|p1b: Gliscor|Earthquake|p2a: Glimmora|[spread] p2a,p2b\n|-immune|p1a: Vivillon\n|-supereffective|p2b: Dondozo\n|-end|p2b: Dondozo|Substitute\n|-supereffective|p2a: Glimmora\n|-damage|p2a: Glimmora|0 fnt\n|-activate|p2a: Glimmora|ability: Toxic Debris\n|-sidestart|p1: VGCLTH lily|move: Toxic Spikes\n|faint|p2a: Glimmora\n|move|p1a: Vivillon|Tailwind|p1a: Vivillon\n|-sidestart|p1: VGCLTH lily|move: Tailwind\n|move|p2b: Dondozo|Yawn|p1b: Gliscor\n|-start|p1b: Gliscor|move: Yawn|[of] p2b: Dondozo\n|\n|-weather|Snow|[upkeep]\n|-heal|p2b: Dondozo|41\/100|[from] item: Leftovers\n|upkeep\n|\n|t:|1731608989\n|switch|p2a: Gholdengo|Gholdengo, L50|100\/100\n|turn|3\n|\n|t:|1731609005\n|move|p2b: Dondozo|Protect|p2b: Dondozo\n|-singleturn|p2b: Dondozo|Protect\n|move|p1b: Gliscor|Earthquake|p2a: Gholdengo|[spread] p2a\n|-activate|p2b: Dondozo|move: Protect\n|-immune|p1a: Vivillon\n|-supereffective|p2a: Gholdengo\n|-damage|p2a: Gholdengo|0 fnt\n|faint|p2a: Gholdengo\n|move|p1a: Vivillon|Sleep Powder|p2b: Dondozo\n|-activate|p2b: Dondozo|move: Protect\n|\n|-weather|Snow|[upkeep]\n|-heal|p2b: Dondozo|47\/100|[from] item: Leftovers\n|-end|p1b: Gliscor|move: Yawn|[silent]\n|-status|p1b: Gliscor|slp\n|upkeep\n|\n|t:|1731609014\n|switch|p2a: Dragonite|Dragonite, L50, F|100\/100\n|turn|4\n|\n|t:|1731609026\n|switch|p1b: Archaludon|Archaludon, L50, M, shiny|100\/100\n|move|p2a: Dragonite|Extreme Speed|p1a: Vivillon\n|-damage|p1a: Vivillon|41\/100\n|move|p1a: Vivillon|Sleep Powder|p2a: Dragonite\n|-status|p2a: Dragonite|slp|[from] move: Sleep Powder\n|move|p2b: Dondozo|Substitute|p2b: Dondozo\n|-start|p2b: Dondozo|Substitute\n|-damage|p2b: Dondozo|22\/100\n|\n|-weather|Snow|[upkeep]\n|-heal|p2b: Dondozo|28\/100|[from] item: Leftovers\n|upkeep\n|turn|5\n|\n|t:|1731609039\n|cant|p2a: Dragonite|slp\n|move|p1a: Vivillon|Hurricane|p2a: Dragonite\n|-damage|p2a: Dragonite|78\/100 slp\n|move|p1b: Archaludon|Dragon Pulse|p2a: Dragonite\n|-supereffective|p2a: Dragonite\n|-damage|p2a: Dragonite|0 fnt\n|faint|p2a: Dragonite\n|move|p2b: Dondozo|Yawn|p1b: Archaludon\n|-start|p1b: Archaludon|move: Yawn|[of] p2b: Dondozo\n|\n|-weather|none\n|-heal|p2b: Dondozo|34\/100|[from] item: Leftovers\n|-sideend|p1: VGCLTH lily|move: Tailwind\n|-sideend|p1: VGCLTH lily|move: Aurora Veil\n|upkeep\n|turn|6\n|c|\u2606shioriwada|\u30b4\u30df\n|-message|shioriwada forfeited.\n|\n|win|VGCLTH lily\n|raw|VGCLTH lily's rating: 1692 &rarr; <strong>1714<\/strong><br \/>(+22 for winning)\n|raw|shioriwada's rating: 1733 &rarr; <strong>1711<\/strong><br \/>(-22 for losing)\n|l|\u2606shioriwada\n|player|p2|\n|l|\u2606VGCLTH lily\n|player|p1|\n","uploadtime":1731609307,"views":21,"formatid":"gen9vgc2024regh","rating":1711,"private":0,"password":null}