{"id":"gen9vgc2024regh-2243781608","format":"[Gen 9] VGC 2024 Reg H","players":["Pastels Badges","vgclth chromate"],"log":"|raw|<div class=\"broadcast-blue\"><strong>This battle is required to be public due to a player having a name starting with 'vgclth'.<\/div>\n|j|\u203dPastels Badges\n|j|\u2606vgclth chromate\n|t:|1731598574\n|gametype|doubles\n|player|p1|Pastels Badges|rosa|1832\n|player|p2|vgclth chromate|allister|1815\n|teamsize|p1|6\n|teamsize|p2|6\n|gen|9\n|tier|[Gen 9] VGC 2024 Reg H\n|rated|\n|rule|Species Clause: Limit one of each Pok\u00e9mon\n|rule|Item Clause: Limit 1 of each item\n|clearpoke\n|poke|p1|Sneasler, L50, F|\n|poke|p1|Dragonite, L50, M|\n|poke|p1|Rillaboom, L50, F|\n|poke|p1|Volcarona, L50, M|\n|poke|p1|Dondozo, L50, M|\n|poke|p1|Kingambit, L50, F|\n|poke|p2|Archaludon, L50, F|\n|poke|p2|Pelipper, L50, F|\n|poke|p2|Basculegion, L50, M|\n|poke|p2|Gholdengo, L50|\n|poke|p2|Incineroar, L50, F|\n|poke|p2|Amoonguss, L50, F|\n|teampreview|4\n|\n|t:|1731598639\n|start\n|switch|p1a: Sneasler|Sneasler, L50, F|100\/100\n|switch|p1b: Dondozo|Dondozo, L50, M|100\/100\n|switch|p2a: Amoonguss|Amoonguss, L50, F|100\/100\n|switch|p2b: Pelipper|Pelipper, L50, F|100\/100\n|-weather|RainDance|[from] ability: Drizzle|[of] p2b: Pelipper\n|turn|1\n|\n|t:|1731598654\n|move|p1a: Sneasler|Protect|p1a: Sneasler\n|-singleturn|p1a: Sneasler|Protect\n|move|p1b: Dondozo|Protect|p1b: Dondozo\n|-singleturn|p1b: Dondozo|Protect\n|move|p2b: Pelipper|Tailwind|p2b: Pelipper\n|-sidestart|p2: vgclth chromate|move: Tailwind\n|move|p2a: Amoonguss|Spore|p1b: Dondozo\n|-activate|p1b: Dondozo|move: Protect\n|\n|-weather|RainDance|[upkeep]\n|upkeep\n|turn|2\n|\n|t:|1731598673\n|move|p2b: Pelipper|Weather Ball|p1a: Sneasler\n|-enditem|p1a: Sneasler|Focus Sash\n|-damage|p1a: Sneasler|1\/100\n|move|p1a: Sneasler|Dire Claw|p2b: Pelipper\n|-damage|p2b: Pelipper|42\/100\n|move|p2a: Amoonguss|Spore|p1b: Dondozo\n|-status|p1b: Dondozo|slp|[from] move: Spore\n|cant|p1b: Dondozo|slp\n|\n|-weather|RainDance|[upkeep]\n|upkeep\n|turn|3\n|\n|t:|1731598713\n|move|p1a: Sneasler|Protect|p1a: Sneasler\n|-singleturn|p1a: Sneasler|Protect\n|move|p2a: Amoonguss|Rage Powder|p2a: Amoonguss\n|-singleturn|p2a: Amoonguss|move: Rage Powder\n|move|p2b: Pelipper|Hurricane|p1b: Dondozo\n|-damage|p1b: Dondozo|66\/100 slp\n|-curestatus|p1b: Dondozo|slp|[msg]\n|move|p1b: Dondozo|Wave Crash|p2a: Amoonguss\n|-resisted|p2a: Amoonguss\n|-damage|p2a: Amoonguss|75\/100\n|-damage|p1b: Dondozo|59\/100|[from] Recoil\n|\n|-weather|RainDance|[upkeep]\n|-heal|p1b: Dondozo|65\/100|[from] item: Leftovers\n|upkeep\n|turn|4\n|\n|t:|1731598745\n|switch|p2b: Archaludon|Archaludon, L50, F|100\/100\n|switch|p1b: Rillaboom|Rillaboom, L50, F|100\/100\n|-fieldstart|move: Grassy Terrain|[from] ability: Grassy Surge|[of] p1b: Rillaboom\n|move|p1a: Sneasler|Protect||[still]\n|-fail|p1a: Sneasler\n|move|p2a: Amoonguss|Pollen Puff|p1a: Sneasler\n|-resisted|p1a: Sneasler\n|-damage|p1a: Sneasler|0 fnt\n|faint|p1a: Sneasler\n|\n|-weather|RainDance|[upkeep]\n|-heal|p2a: Amoonguss|81\/100|[from] Grassy Terrain\n|-sideend|p2: vgclth chromate|move: Tailwind\n|upkeep\n|\n|t:|1731598757\n|switch|p1a: Volcarona|Volcarona, L50, M|100\/100\n|turn|5\n|\n|t:|1731598769\n|switch|p2a: Incineroar|Incineroar, L50, F|100\/100\n|-ability|p2a: Incineroar|Intimidate|boost\n|-unboost|p1a: Volcarona|atk|1\n|-unboost|p1b: Rillaboom|atk|1\n|move|p1b: Rillaboom|Fake Out|p2a: Incineroar\n|-damage|p2a: Incineroar|91\/100\n|move|p1a: Volcarona|Quiver Dance|p1a: Volcarona\n|-boost|p1a: Volcarona|spa|1\n|-boost|p1a: Volcarona|spd|1\n|-boost|p1a: Volcarona|spe|1\n|move|p2b: Archaludon|Electro Shot||[still]\n|-prepare|p2b: Archaludon|Electro Shot\n|-boost|p2b: Archaludon|spa|1\n|-anim|p2b: Archaludon|Electro Shot|p1b: Rillaboom\n|-resisted|p1b: Rillaboom\n|-damage|p1b: Rillaboom|78\/100\n|\n|-weather|none\n|-heal|p1b: Rillaboom|84\/100|[from] Grassy Terrain\n|-heal|p2a: Incineroar|97\/100|[from] Grassy Terrain\n|upkeep\n|turn|6\n|\n|t:|1731598810\n|move|p1a: Volcarona|Quiver Dance|p1a: Volcarona\n|-boost|p1a: Volcarona|spa|1\n|-boost|p1a: Volcarona|spd|1\n|-boost|p1a: Volcarona|spe|1\n|move|p1b: Rillaboom|High Horsepower|p2a: Incineroar\n|-supereffective|p2a: Incineroar\n|-damage|p2a: Incineroar|54\/100\n|move|p2a: Incineroar|Flare Blitz|p1a: Volcarona\n|-damage|p1a: Volcarona|47\/100\n|-enditem|p1a: Volcarona|Sitrus Berry|[eat]\n|-heal|p1a: Volcarona|72\/100|[from] item: Sitrus Berry\n|-damage|p2a: Incineroar|37\/100|[from] Recoil\n|move|p2b: Archaludon|Dragon Pulse|p1a: Volcarona\n|-damage|p1a: Volcarona|47\/100\n|\n|-heal|p1a: Volcarona|53\/100|[from] Grassy Terrain\n|-heal|p1b: Rillaboom|90\/100|[from] Grassy Terrain\n|-heal|p2a: Incineroar|43\/100|[from] Grassy Terrain\n|upkeep\n|turn|7\n|\n|t:|1731598842\n|switch|p2a: Pelipper|Pelipper, L50, F|42\/100\n|-weather|RainDance|[from] ability: Drizzle|[of] p2a: Pelipper\n|-terastallize|p1a: Volcarona|Fairy\n|move|p1a: Volcarona|Tera Blast|p2a: Pelipper|[anim] Tera Blast Fairy\n|-damage|p2a: Pelipper|0 fnt\n|faint|p2a: Pelipper\n|move|p1b: Rillaboom|High Horsepower|p2b: Archaludon\n|-supereffective|p2b: Archaludon\n|-damage|p2b: Archaludon|69\/100\n|-ability|p2b: Archaludon|Stamina|boost\n|-boost|p2b: Archaludon|def|1\n|move|p2b: Archaludon|Electro Shot||[still]\n|-prepare|p2b: Archaludon|Electro Shot\n|-boost|p2b: Archaludon|spa|1\n|-anim|p2b: Archaludon|Electro Shot|p1a: Volcarona\n|-damage|p1a: Volcarona|18\/100\n|\n|-weather|RainDance|[upkeep]\n|-heal|p1a: Volcarona|24\/100|[from] Grassy Terrain\n|-heal|p1b: Rillaboom|96\/100|[from] Grassy Terrain\n|-heal|p2b: Archaludon|75\/100|[from] Grassy Terrain\n|upkeep\n|\n|t:|1731598852\n|switch|p2a: Amoonguss|Amoonguss, L50, F|100\/100\n|turn|8\n|\n|t:|1731598870\n|move|p1a: Volcarona|Protect|p1a: Volcarona\n|-singleturn|p1a: Volcarona|Protect\n|move|p1b: Rillaboom|High Horsepower|p2b: Archaludon\n|-supereffective|p2b: Archaludon\n|-damage|p2b: Archaludon|51\/100\n|-ability|p2b: Archaludon|Stamina|boost\n|-boost|p2b: Archaludon|def|1\n|move|p2b: Archaludon|Flash Cannon|p1a: Volcarona\n|-activate|p1a: Volcarona|move: Protect\n|move|p2a: Amoonguss|Pollen Puff|p2b: Archaludon\n|-heal|p2b: Archaludon|100\/100\n|\n|-weather|RainDance|[upkeep]\n|-heal|p1a: Volcarona|31\/100|[from] Grassy Terrain\n|-heal|p1b: Rillaboom|100\/100|[from] Grassy Terrain\n|-fieldend|move: Grassy Terrain\n|upkeep\n|turn|9\n|\n|t:|1731598886\n|move|p1a: Volcarona|Tera Blast|p2b: Archaludon|[anim] Tera Blast Fairy\n|-damage|p2b: Archaludon|55\/100\n|-ability|p2b: Archaludon|Stamina|boost\n|-boost|p2b: Archaludon|def|1\n|move|p1b: Rillaboom|High Horsepower|p2b: Archaludon\n|-supereffective|p2b: Archaludon\n|-damage|p2b: Archaludon|40\/100\n|-ability|p2b: Archaludon|Stamina|boost\n|-boost|p2b: Archaludon|def|1\n|move|p2b: Archaludon|Electro Shot||[still]\n|-prepare|p2b: Archaludon|Electro Shot\n|-boost|p2b: Archaludon|spa|1\n|-anim|p2b: Archaludon|Electro Shot|p1a: Volcarona\n|-damage|p1a: Volcarona|0 fnt\n|faint|p1a: Volcarona\n|move|p2a: Amoonguss|Spore|p1b: Rillaboom\n|-immune|p1b: Rillaboom\n|\n|-weather|RainDance|[upkeep]\n|upkeep\n|\n|t:|1731598897\n|switch|p1a: Dondozo|Dondozo, L50, M|65\/100\n|turn|10\n|\n|t:|1731598902\n|move|p1b: Rillaboom|High Horsepower|p2b: Archaludon\n|-supereffective|p2b: Archaludon\n|-damage|p2b: Archaludon|28\/100\n|-ability|p2b: Archaludon|Stamina|boost\n|-boost|p2b: Archaludon|def|1\n|move|p2b: Archaludon|Electro Shot||[still]\n|-prepare|p2b: Archaludon|Electro Shot\n|-boost|p2b: Archaludon|spa|1\n|-anim|p2b: Archaludon|Electro Shot|p1a: Dondozo\n|-supereffective|p1a: Dondozo\n|-damage|p1a: Dondozo|11\/100\n|move|p1a: Dondozo|Fissure|p2b: Archaludon|[miss]\n|-miss|p1a: Dondozo|p2b: Archaludon\n|move|p2a: Amoonguss|Pollen Puff|p2b: Archaludon\n|-heal|p2b: Archaludon|78\/100\n|\n|-weather|RainDance|[upkeep]\n|-heal|p1a: Dondozo|17\/100|[from] item: Leftovers\n|upkeep\n|turn|11\n|\n|t:|1731598917\n|move|p1a: Dondozo|Protect|p1a: Dondozo\n|-singleturn|p1a: Dondozo|Protect\n|move|p2a: Amoonguss|Rage Powder|p2a: Amoonguss\n|-singleturn|p2a: Amoonguss|move: Rage Powder\n|move|p1b: Rillaboom|High Horsepower|p2b: Archaludon\n|-supereffective|p2b: Archaludon\n|-damage|p2b: Archaludon|68\/100\n|-ability|p2b: Archaludon|Stamina|boost\n|-boost|p2b: Archaludon|def|1\n|move|p2b: Archaludon|Dragon Pulse|p1b: Rillaboom\n|-damage|p1b: Rillaboom|11\/100\n|\n|-weather|none\n|-heal|p1a: Dondozo|23\/100|[from] item: Leftovers\n|upkeep\n|turn|12\n|-message|Pastels Badges forfeited.\n|\n|win|vgclth chromate\n|raw|Pastels Badges's rating: 1832 &rarr; <strong>1811<\/strong><br \/>(-21 for losing)\n|raw|vgclth chromate's rating: 1815 &rarr; <strong>1836<\/strong><br \/>(+21 for winning)\n|l|\u203dPastels Badges\n|player|p1|\n|l|\u2606vgclth chromate\n|player|p2|\n","uploadtime":1731599154,"views":61,"formatid":"gen9vgc2024regh","rating":1811,"private":0,"password":null}