{"id":"gen9vgc2024regh-2243039473","format":"[Gen 9] VGC 2024 Reg H","players":["VGCLTH Cuwutie","same blue"],"log":"|raw|<div class=\"broadcast-blue\"><strong>This battle is required to be public due to a player having a name starting with 'vgclth'.<\/div>\n|j|\u2606VGCLTH Cuwutie\n|j|\u2606same blue\n|t:|1731505303\n|gametype|doubles\n|player|p1|VGCLTH Cuwutie|102|1794\n|player|p2|same blue|101|1826\n|teamsize|p1|6\n|teamsize|p2|6\n|gen|9\n|tier|[Gen 9] VGC 2024 Reg H\n|rated|\n|rule|Species Clause: Limit one of each Pok\u00e9mon\n|rule|Item Clause: Limit 1 of each item\n|clearpoke\n|poke|p1|Smeargle, L50, M|\n|poke|p1|Farigiraf, L50, M|\n|poke|p1|Grimmsnarl, L50, M|\n|poke|p1|Torkoal, L50, M|\n|poke|p1|Ursaluna-Bloodmoon, L50, M|\n|poke|p1|Araquanid, L50, M|\n|poke|p2|Annihilape, L50, M|\n|poke|p2|Grimmsnarl, L50, M|\n|poke|p2|Arcanine, L50, F|\n|poke|p2|Sinistcha, L50|\n|poke|p2|Maushold, L50|\n|poke|p2|Murkrow, L50, M|\n|teampreview|4\n|inactive|Battle timer is ON: inactive players will automatically lose when time's up. (requested by same blue)\n|\n|t:|1731505319\n|start\n|switch|p1a: Smeargle|Smeargle, L50, M|100\/100\n|switch|p1b: Farigiraf|Farigiraf, L50, M|100\/100\n|switch|p2a: Grimmsnarl|Grimmsnarl, L50, M|100\/100\n|switch|p2b: Arcanine|Arcanine, L50, F, shiny|100\/100\n|-ability|p2b: Arcanine|Intimidate|boost\n|-unboost|p1a: Smeargle|atk|1\n|-enditem|p1a: Smeargle|Eject Pack\n|-unboost|p1b: Farigiraf|atk|1\n|\n|t:|1731505326\n|switch|p1a: Ursaluna|Ursaluna-Bloodmoon, L50, M|100\/100\n|turn|1\n|\n|t:|1731505334\n|move|p1a: Ursaluna|Protect|p1a: Ursaluna\n|-singleturn|p1a: Ursaluna|Protect\n|move|p2a: Grimmsnarl|Light Screen|p2a: Grimmsnarl\n|-sidestart|p2: same blue|move: Light Screen\n|move|p2b: Arcanine|Snarl|p1a: Ursaluna|[spread] p1b\n|-activate|p1a: Ursaluna|move: Protect\n|-supereffective|p1b: Farigiraf\n|-damage|p1b: Farigiraf|86\/100\n|-unboost|p1b: Farigiraf|spa|1\n|move|p1b: Farigiraf|Trick Room|p1b: Farigiraf\n|-fieldstart|move: Trick Room|[of] p1b: Farigiraf\n|\n|upkeep\n|turn|2\n|\n|t:|1731505355\n|move|p1b: Farigiraf|Helping Hand|p1a: Ursaluna\n|-singleturn|p1a: Ursaluna|Helping Hand|[of] p1b: Farigiraf\n|move|p1a: Ursaluna|Earth Power|p2b: Arcanine\n|-supereffective|p2b: Arcanine\n|-damage|p2b: Arcanine|0 fnt\n|faint|p2b: Arcanine\n|-damage|p1a: Ursaluna|90\/100|[from] item: Life Orb\n|move|p2a: Grimmsnarl|Spirit Break|p1a: Ursaluna\n|-damage|p1a: Ursaluna|67\/100\n|-unboost|p1a: Ursaluna|spa|1\n|\n|upkeep\n|\n|t:|1731505371\n|switch|p2b: Annihilape|Annihilape, L50, M, shiny|100\/100\n|turn|3\n|\n|t:|1731505382\n|-terastallize|p2b: Annihilape|Water\n|move|p1b: Farigiraf|Helping Hand|p1a: Ursaluna\n|-singleturn|p1a: Ursaluna|Helping Hand|[of] p1b: Farigiraf\n|move|p1a: Ursaluna|Blood Moon|p2a: Grimmsnarl\n|-damage|p2a: Grimmsnarl|40\/100\n|-damage|p1a: Ursaluna|57\/100|[from] item: Life Orb\n|move|p2a: Grimmsnarl|Spirit Break|p1a: Ursaluna\n|-damage|p1a: Ursaluna|37\/100\n|-unboost|p1a: Ursaluna|spa|1\n|move|p2b: Annihilape|Bulk Up|p2b: Annihilape\n|-boost|p2b: Annihilape|atk|1\n|-boost|p2b: Annihilape|def|1\n|\n|upkeep\n|turn|4\n|\n|t:|1731505398\n|move|p1b: Farigiraf|Helping Hand|p1a: Ursaluna\n|-singleturn|p1a: Ursaluna|Helping Hand|[of] p1b: Farigiraf\n|move|p1a: Ursaluna|Hyper Voice|p2a: Grimmsnarl|[spread] p2a,p2b\n|-damage|p2a: Grimmsnarl|18\/100\n|-damage|p2b: Annihilape|73\/100\n|-damage|p1a: Ursaluna|27\/100|[from] item: Life Orb\n|move|p2a: Grimmsnarl|Spirit Break|p1b: Farigiraf\n|-damage|p1b: Farigiraf|57\/100\n|-unboost|p1b: Farigiraf|spa|1\n|move|p2b: Annihilape|Drain Punch|p1b: Farigiraf\n|-damage|p1b: Farigiraf|7\/100\n|-heal|p2b: Annihilape|100\/100|[from] drain|[of] p1b: Farigiraf\n|\n|upkeep\n|turn|5\n|inactive|VGCLTH Cuwutie has 30 seconds left.\n|inactive|VGCLTH Cuwutie has 20 seconds left.\n|\n|t:|1731505433\n|switch|p1a: Smeargle|Smeargle, L50, M|100\/100\n|move|p2a: Grimmsnarl|Misty Terrain|p2a: Grimmsnarl\n|-fieldstart|move: Misty Terrain\n|move|p1b: Farigiraf|Uproar|p2b: Annihilape\n|-damage|p2b: Annihilape|89\/100\n|-start|p1b: Farigiraf|Uproar\n|move|p2b: Annihilape|Drain Punch|p1a: Smeargle\n|-supereffective|p1a: Smeargle\n|-damage|p1a: Smeargle|0 fnt\n|-heal|p2b: Annihilape|100\/100|[from] drain|[of] p1a: Smeargle\n|faint|p1a: Smeargle\n|\n|-fieldend|move: Trick Room\n|-start|p1b: Farigiraf|Uproar|[upkeep]\n|upkeep\n|\n|t:|1731505442\n|switch|p1a: Torkoal|Torkoal, L50, M|100\/100\n|-weather|SunnyDay|[from] ability: Drought|[of] p1a: Torkoal\n|turn|6\n|\n|t:|1731505448\n|move|p2b: Annihilape|Rage Fist|p1a: Torkoal\n|-damage|p1a: Torkoal|16\/100\n|move|p2a: Grimmsnarl|Spirit Break|p1b: Farigiraf\n|-damage|p1b: Farigiraf|0 fnt\n|faint|p1b: Farigiraf\n|move|p1a: Torkoal|Solar Beam||[still]\n|-prepare|p1a: Torkoal|Solar Beam\n|-anim|p1a: Torkoal|Solar Beam|p2b: Annihilape\n|-supereffective|p2b: Annihilape\n|-damage|p2b: Annihilape|30\/100\n|\n|-weather|SunnyDay|[upkeep]\n|-heal|p2b: Annihilape|35\/100|[from] item: Leftovers\n|upkeep\n|\n|t:|1731505451\n|switch|p1b: Ursaluna|Ursaluna-Bloodmoon, L50, M|27\/100\n|turn|7\n|\n|t:|1731505466\n|move|p2b: Annihilape|Protect|p2b: Annihilape\n|-singleturn|p2b: Annihilape|Protect\n|move|p1b: Ursaluna|Protect|p1b: Ursaluna\n|-singleturn|p1b: Ursaluna|Protect\n|move|p2a: Grimmsnarl|Spirit Break|p1a: Torkoal\n|-resisted|p1a: Torkoal\n|-damage|p1a: Torkoal|4\/100\n|-unboost|p1a: Torkoal|spa|1\n|move|p1a: Torkoal|Solar Beam||[still]\n|-prepare|p1a: Torkoal|Solar Beam\n|-anim|p1a: Torkoal|Solar Beam|p2b: Annihilape\n|-activate|p2b: Annihilape|move: Protect\n|\n|-weather|SunnyDay|[upkeep]\n|-heal|p2b: Annihilape|41\/100|[from] item: Leftovers\n|upkeep\n|turn|8\n|-message|VGCLTH Cuwutie forfeited.\n|\n|win|same blue\n|raw|VGCLTH Cuwutie's rating: 1794 &rarr; <strong>1776<\/strong><br \/>(-18 for losing)\n|raw|same blue's rating: 1826 &rarr; <strong>1844<\/strong><br \/>(+18 for winning)\n|l|\u2606VGCLTH Cuwutie\n|player|p1|\n|l|\u2606same blue\n|player|p2|\n|j| vgclth souly\n|l| vgclth souly\n","uploadtime":1731505616,"views":34,"formatid":"gen9vgc2024regh","rating":1776,"private":0,"password":null}