{"id":"gen9vgc2024regh-2243383856","format":"[Gen 9] VGC 2024 Reg H","players":["same blue","VGCLTH Oinge"],"log":"|raw|<div class=\"broadcast-blue\"><strong>This battle is required to be public due to a player having a name starting with 'vgclth'.<\/div>\n|j|\u2606same blue\n|j|\u2606VGCLTH Oinge\n|t:|1731540067\n|gametype|doubles\n|player|p1|same blue|266|1776\n|player|p2|VGCLTH Oinge|mars|1754\n|teamsize|p1|6\n|teamsize|p2|6\n|gen|9\n|tier|[Gen 9] VGC 2024 Reg H\n|rated|\n|rule|Species Clause: Limit one of each Pok\u00e9mon\n|rule|Item Clause: Limit 1 of each item\n|clearpoke\n|poke|p1|Annihilape, L50, F|\n|poke|p1|Grimmsnarl, L50, M|\n|poke|p1|Arcanine, L50, F|\n|poke|p1|Sinistcha, L50|\n|poke|p1|Maushold, L50|\n|poke|p1|Dragonite, L50, F|\n|poke|p2|Kilowattrel, L50, M|\n|poke|p2|Dragonite, L50, M|\n|poke|p2|Garchomp, L50, F|\n|poke|p2|Ninetales-Alola, L50, F|\n|poke|p2|Amoonguss, L50, F|\n|poke|p2|Incineroar, L50, M|\n|teampreview|4\n|inactive|Battle timer is ON: inactive players will automatically lose when time's up. (requested by same blue)\n|\n|t:|1731540091\n|start\n|switch|p1a: Grimmsnarl|Grimmsnarl, L50, M|100\/100\n|switch|p1b: Dragonite|Dragonite, L50, F|100\/100\n|switch|p2a: Kilowattrel|Kilowattrel, L50, M|100\/100\n|switch|p2b: Garchomp|Garchomp, L50, F|100\/100\n|turn|1\n|\n|t:|1731540103\n|move|p2a: Kilowattrel|Protect|p2a: Kilowattrel\n|-singleturn|p2a: Kilowattrel|Protect\n|move|p2b: Garchomp|Protect|p2b: Garchomp\n|-singleturn|p2b: Garchomp|Protect\n|move|p1a: Grimmsnarl|Reflect|p1a: Grimmsnarl\n|-sidestart|p1: same blue|Reflect\n|move|p1b: Dragonite|Scale Shot|p2a: Kilowattrel\n|-activate|p2a: Kilowattrel|move: Protect\n|\n|upkeep\n|turn|2\n|\n|t:|1731540118\n|move|p1a: Grimmsnarl|Light Screen|p1a: Grimmsnarl\n|-sidestart|p1: same blue|move: Light Screen\n|move|p2a: Kilowattrel|Thunderbolt|p1b: Dragonite\n|-damage|p1b: Dragonite|88\/100\n|move|p2b: Garchomp|Dragon Claw|p1b: Dragonite\n|-supereffective|p1b: Dragonite\n|-damage|p1b: Dragonite|19\/100\n|-damage|p2b: Garchomp|91\/100|[from] item: Life Orb\n|move|p1b: Dragonite|Scale Shot|p2a: Kilowattrel\n|-damage|p2a: Kilowattrel|78\/100\n|-damage|p2a: Kilowattrel|52\/100\n|-damage|p2a: Kilowattrel|27\/100\n|-damage|p2a: Kilowattrel|0 fnt\n|faint|p2a: Kilowattrel\n|-hitcount|p2: Kilowattrel|4\n|-unboost|p1b: Dragonite|def|1\n|-boost|p1b: Dragonite|spe|1\n|\n|upkeep\n|\n|t:|1731540132\n|switch|p2a: Dragonite|Dragonite, L50, M|100\/100\n|turn|3\n|\n|t:|1731540146\n|switch|p2b: Ninetales|Ninetales-Alola, L50, F|100\/100\n|-weather|Snow|[from] ability: Snow Warning|[of] p2b: Ninetales\n|move|p1b: Dragonite|Protect|p1b: Dragonite\n|-singleturn|p1b: Dragonite|Protect\n|move|p2a: Dragonite|Extreme Speed|p1b: Dragonite\n|-activate|p1b: Dragonite|move: Protect\n|move|p1a: Grimmsnarl|Misty Terrain|p1a: Grimmsnarl\n|-fieldstart|move: Misty Terrain\n|\n|-weather|Snow|[upkeep]\n|upkeep\n|turn|4\n|\n|t:|1731540166\n|switch|p1b: Annihilape|Annihilape, L50, F, shiny|100\/100\n|move|p2a: Dragonite|Extreme Speed|p1b: Annihilape\n|-immune|p1b: Annihilape\n|move|p2b: Ninetales|Moonblast|p1a: Grimmsnarl\n|-supereffective|p1a: Grimmsnarl\n|-damage|p1a: Grimmsnarl|31\/100\n|-unboost|p1a: Grimmsnarl|spa|1\n|move|p1a: Grimmsnarl|Spirit Break|p2a: Dragonite\n|-supereffective|p2a: Dragonite\n|-damage|p2a: Dragonite|31\/100\n|-unboost|p2a: Dragonite|spa|1\n|\n|-weather|Snow|[upkeep]\n|upkeep\n|turn|5\n|\n|t:|1731540186\n|-terastallize|p2a: Dragonite|Flying\n|move|p2b: Ninetales|Moonblast|p1a: Grimmsnarl\n|-supereffective|p1a: Grimmsnarl\n|-damage|p1a: Grimmsnarl|0 fnt\n|faint|p1a: Grimmsnarl\n|move|p1b: Annihilape|Bulk Up|p1b: Annihilape\n|-boost|p1b: Annihilape|atk|1\n|-boost|p1b: Annihilape|def|1\n|move|p2a: Dragonite|Tera Blast|p1b: Annihilape|[anim] Tera Blast Flying\n|-supereffective|p1b: Annihilape\n|-damage|p1b: Annihilape|40\/100\n|\n|-weather|Snow|[upkeep]\n|-heal|p1b: Annihilape|46\/100|[from] item: Leftovers\n|upkeep\n|\n|t:|1731540198\n|switch|p1a: Sinistcha|Sinistcha, L50|100\/100\n|-heal|p1b: Annihilape|71\/100|[from] ability: Hospitality|[of] p1a: Sinistcha\n|turn|6\n|\n|t:|1731540205\n|move|p1a: Sinistcha|Rage Powder|p1a: Sinistcha\n|-singleturn|p1a: Sinistcha|move: Rage Powder\n|move|p2b: Ninetales|Moonblast|p1a: Sinistcha\n|-damage|p1a: Sinistcha|69\/100\n|move|p1b: Annihilape|Rage Fist|p2a: Dragonite\n|-damage|p2a: Dragonite|0 fnt\n|faint|p2a: Dragonite\n|\n|-weather|Snow|[upkeep]\n|-heal|p1b: Annihilape|77\/100|[from] item: Leftovers\n|upkeep\n|\n|t:|1731540211\n|switch|p2a: Garchomp|Garchomp, L50, F|91\/100\n|turn|7\n|\n|t:|1731540223\n|-terastallize|p1b: Annihilape|Water\n|move|p2b: Ninetales|Moonblast|p1b: Annihilape\n|-damage|p1b: Annihilape|40\/100\n|-unboost|p1b: Annihilape|spa|1\n|-ability|p1b: Annihilape|Defiant|boost\n|-boost|p1b: Annihilape|atk|2\n|move|p2a: Garchomp|Dragon Claw|p1a: Sinistcha\n|-damage|p1a: Sinistcha|53\/100\n|-damage|p2a: Garchomp|81\/100|[from] item: Life Orb\n|move|p1b: Annihilape|Rage Fist|p2a: Garchomp\n|-damage|p2a: Garchomp|0 fnt\n|-damage|p1b: Annihilape|28\/100|[from] ability: Rough Skin|[of] p2a: Garchomp\n|faint|p2a: Garchomp\n|move|p1a: Sinistcha|Life Dew|p1a: Sinistcha|[spread] p1a,p1b\n|-heal|p1a: Sinistcha|78\/100\n|-heal|p1b: Annihilape|53\/100\n|\n|-weather|none\n|-heal|p1b: Annihilape|59\/100|[from] item: Leftovers\n|-fieldend|Misty Terrain\n|upkeep\n|turn|8\n|-message|VGCLTH Oinge forfeited.\n|\n|win|same blue\n|raw|same blue's rating: 1776 &rarr; <strong>1795<\/strong><br \/>(+19 for winning)\n|raw|VGCLTH Oinge's rating: 1754 &rarr; <strong>1735<\/strong><br \/>(-19 for losing)\n|l|\u2606VGCLTH Oinge\n|player|p2|\n|l|\u2606same blue\n|player|p1|\n","uploadtime":1731540438,"views":32,"formatid":"gen9vgc2024regh","rating":1735,"private":0,"password":null}