{"id":"gen9vgc2024regh-2243333814","format":"[Gen 9] VGC 2024 Reg H","players":["VGCLTH MINAMISIMP","Paperopazzo"],"log":"|raw|<div class=\"broadcast-blue\"><strong>This battle is required to be public due to a player having a name starting with 'vgclth'.<\/div>\n|j|\u2606VGCLTH MINAMISIMP\n|j|\u2606Paperopazzo\n|t:|1731534470\n|gametype|doubles\n|player|p1|VGCLTH MINAMISIMP|miku-water|1745\n|player|p2|Paperopazzo|101|1722\n|teamsize|p1|6\n|teamsize|p2|6\n|gen|9\n|tier|[Gen 9] VGC 2024 Reg H\n|rated|\n|rule|Species Clause: Limit one of each Pok\u00e9mon\n|rule|Item Clause: Limit 1 of each item\n|clearpoke\n|poke|p1|Archaludon, L50, M|\n|poke|p1|Pelipper, L50, F|\n|poke|p1|Electabuzz, L50, F|\n|poke|p1|Kingambit, L50, M|\n|poke|p1|Rillaboom, L50, M|\n|poke|p1|Basculegion, L50, M|\n|poke|p2|Gliscor, L50, F|\n|poke|p2|Dragapult, L50, F|\n|poke|p2|Sneasler, L50, F|\n|poke|p2|Indeedee, L50, M|\n|poke|p2|Delphox, L50, M|\n|poke|p2|Ninetales-Alola, L50, M|\n|teampreview|4\n|inactive|Battle timer is ON: inactive players will automatically lose when time's up. (requested by VGCLTH MINAMISIMP)\n|\n|t:|1731534495\n|start\n|switch|p1a: Basculegion|Basculegion, L50, M|100\/100\n|switch|p1b: Archaludon|Archaludon, L50, M|100\/100\n|switch|p2a: Sneasler|Sneasler, L50, F|100\/100\n|switch|p2b: Indeedee|Indeedee, L50, M|100\/100\n|-fieldstart|move: Psychic Terrain|[from] ability: Psychic Surge|[of] p2b: Indeedee\n|-enditem|p2a: Sneasler|Psychic Seed\n|-boost|p2a: Sneasler|spd|1|[from] item: Psychic Seed\n|turn|1\n|\n|t:|1731534511\n|switch|p1b: Pelipper|Pelipper, L50, F|100\/100\n|-weather|RainDance|[from] ability: Drizzle|[of] p1b: Pelipper\n|-terastallize|p2a: Sneasler|Dark\n|-terastallize|p1a: Basculegion|Grass\n|move|p2a: Sneasler|Throat Chop|p1a: Basculegion\n|-damage|p1a: Basculegion|53\/100\n|-start|p1a: Basculegion|Throat Chop|[silent]\n|move|p1a: Basculegion|Flip Turn|p2a: Sneasler\n|-damage|p2a: Sneasler|0 fnt\n|faint|p2a: Sneasler\n|\n|t:|1731534519\n|switch|p1a: Rillaboom|Rillaboom, L50, M|100\/100|[from] Flip Turn\n|-fieldstart|move: Grassy Terrain|[from] ability: Grassy Surge|[of] p1a: Rillaboom\n|move|p2b: Indeedee|Expanding Force|p1a: Rillaboom\n|-damage|p1a: Rillaboom|72\/100\n|\n|-weather|RainDance|[upkeep]\n|-heal|p1a: Rillaboom|78\/100|[from] Grassy Terrain\n|upkeep\n|\n|t:|1731534531\n|switch|p2a: Ninetales|Ninetales-Alola, L50, M|100\/100\n|-weather|Snow|[from] ability: Snow Warning|[of] p2a: Ninetales\n|turn|2\n|j| Finabas\n|\n|t:|1731534544\n|switch|p2b: Gliscor|Gliscor, L50, F|100\/100\n|move|p1a: Rillaboom|Grassy Glide|p2b: Gliscor\n|-damage|p2b: Gliscor|71\/100\n|move|p2a: Ninetales|Blizzard|p1a: Rillaboom|[spread] p1a,p1b\n|-supereffective|p1a: Rillaboom\n|-damage|p1a: Rillaboom|8\/100\n|-damage|p1b: Pelipper|12\/100\n|move|p1b: Pelipper|Weather Ball|p2b: Gliscor\n|-supereffective|p2b: Gliscor\n|-damage|p2b: Gliscor|0 fnt\n|faint|p2b: Gliscor\n|\n|-weather|Snow|[upkeep]\n|-heal|p1a: Rillaboom|14\/100|[from] Grassy Terrain\n|upkeep\n|\n|t:|1731534558\n|switch|p2b: Indeedee|Indeedee, L50, M|100\/100\n|-fieldstart|move: Psychic Terrain|[from] ability: Psychic Surge|[of] p2b: Indeedee\n|turn|3\n|inactive|VGCLTH MINAMISIMP has 30 seconds left.\n|\n|t:|1731534588\n|switch|p1b: Archaludon|Archaludon, L50, M|100\/100\n|move|p2b: Indeedee|Expanding Force|p1a: Rillaboom|[spread] p1a,p1b\n|-resisted|p1b: Archaludon\n|-damage|p1a: Rillaboom|0 fnt\n|-damage|p1b: Archaludon|72\/100\n|-ability|p1b: Archaludon|Stamina|boost\n|-boost|p1b: Archaludon|def|1\n|faint|p1a: Rillaboom\n|move|p2a: Ninetales|Blizzard|p1b: Archaludon\n|-damage|p1b: Archaludon|13\/100\n|-status|p1b: Archaludon|frz\n|-ability|p1b: Archaludon|Stamina|boost\n|-boost|p1b: Archaludon|def|1\n|\n|-weather|Snow|[upkeep]\n|-heal|p1b: Archaludon|19\/100 frz|[from] item: Leftovers\n|upkeep\n|\n|t:|1731534594\n|switch|p1a: Basculegion|Basculegion, L50, M, tera:Grass|53\/100\n|turn|4\n|\n|t:|1731534607\n|switch|p1b: Pelipper|Pelipper, L50, F|12\/100\n|-weather|RainDance|[from] ability: Drizzle|[of] p1b: Pelipper\n|move|p1a: Basculegion|Flip Turn|p2a: Ninetales\n|-damage|p2a: Ninetales|0 fnt\n|faint|p2a: Ninetales\n|\n|t:|1731534610\n|switch|p1a: Archaludon|Archaludon, L50, M|19\/100 frz|[from] Flip Turn\n|move|p2b: Indeedee|Expanding Force|p1a: Archaludon|[spread] p1a,p1b\n|-resisted|p1a: Archaludon\n|-damage|p1a: Archaludon|0 fnt\n|-damage|p1b: Pelipper|0 fnt\n|faint|p1a: Archaludon\n|faint|p1b: Pelipper\n|\n|-weather|RainDance|[upkeep]\n|upkeep\n|\n|t:|1731534612\n|switch|p1b: Basculegion|Basculegion, L50, M, tera:Grass|53\/100\n|turn|5\n|\n|t:|1731534625\n|move|p1b: Basculegion|Flip Turn|p2b: Indeedee\n|-damage|p2b: Indeedee|0 fnt\n|faint|p2b: Indeedee\n|\n|win|VGCLTH MINAMISIMP\n|raw|VGCLTH MINAMISIMP's rating: 1745 &rarr; <strong>1764<\/strong><br \/>(+19 for winning)\n|raw|Paperopazzo's rating: 1722 &rarr; <strong>1703<\/strong><br \/>(-19 for losing)\n|c|\u2606Paperopazzo|gg\n|l| Finabas\n|l|\u2606VGCLTH MINAMISIMP\n|player|p1|\n|l|\u2606Paperopazzo\n|player|p2|\n","uploadtime":1731534837,"views":23,"formatid":"gen9vgc2024regh","rating":1703,"private":0,"password":null}