{"id":"gen9vgc2024regh-2243104387","format":"[Gen 9] VGC 2024 Reg H","players":["VGCLTH lily","VGCLTH <1000ELO"],"log":"|raw|<div class=\"broadcast-blue\"><strong>This battle is required to be public due to a player having a name starting with 'vgclth'.<\/div>\n|j|\u2606VGCLTH lily\n|j|\u2606VGCLTH <1000ELO\n|t:|1731512222\n|gametype|doubles\n|player|p1|VGCLTH lily|akari|1738\n|player|p2|VGCLTH <1000ELO|1|1704\n|teamsize|p1|6\n|teamsize|p2|6\n|gen|9\n|tier|[Gen 9] VGC 2024 Reg H\n|rated|\n|rule|Species Clause: Limit one of each Pok\u00e9mon\n|rule|Item Clause: Limit 1 of each item\n|clearpoke\n|poke|p1|Baxcalibur, L50, F|\n|poke|p1|Dondozo, L50, M|\n|poke|p1|Kingambit, L50, M|\n|poke|p1|Rillaboom, L50, M|\n|poke|p1|Sneasler, L50, F|\n|poke|p1|Volcarona, L50, M|\n|poke|p2|Dondozo, L50, M|\n|poke|p2|Tatsugiri, L50, M|\n|poke|p2|Dragonite, L50, M|\n|poke|p2|Gholdengo, L50|\n|poke|p2|Glimmora, L50, F|\n|poke|p2|Talonflame, L50, F|\n|teampreview|4\n|inactive|Battle timer is ON: inactive players will automatically lose when time's up. (requested by VGCLTH <1000ELO)\n|inactive|VGCLTH lily also wants the timer to be on.\n|j| VGCLTH BBT\n|l| VGCLTH BBT\n|inactive|VGCLTH <1000ELO has 60 seconds left.\n|inactive|VGCLTH <1000ELO has 30 seconds left.\n|\n|t:|1731512284\n|start\n|switch|p1a: Kingambit|Kingambit, L50, M|100\/100\n|switch|p1b: Rillaboom|Rillaboom, L50, M|100\/100\n|switch|p2a: Glimmora|Glimmora, L50, F|100\/100\n|switch|p2b: Gholdengo|Gholdengo, L50|100\/100\n|-fieldstart|move: Grassy Terrain|[from] ability: Grassy Surge|[of] p1b: Rillaboom\n|turn|1\n|j| stewpeed\n|inactive|VGCLTH lily has 30 seconds left.\n|inactive|VGCLTH <1000ELO has 30 seconds left.\n|inactive|VGCLTH <1000ELO has 20 seconds left.\n|\n|t:|1731512322\n|switch|p2b: Dondozo|Dondozo, L50, M|100\/100\n|move|p1b: Rillaboom|Fake Out|p2b: Dondozo\n|-damage|p2b: Dondozo|92\/100\n|move|p2a: Glimmora|Sludge Bomb|p1b: Rillaboom\n|-supereffective|p1b: Rillaboom\n|-damage|p1b: Rillaboom|48\/100\n|move|p1a: Kingambit|Swords Dance|p1a: Kingambit\n|-boost|p1a: Kingambit|atk|2\n|\n|-heal|p1b: Rillaboom|54\/100|[from] Grassy Terrain\n|-heal|p2b: Dondozo|98\/100|[from] Grassy Terrain\n|-heal|p2b: Dondozo|100\/100|[from] item: Leftovers\n|upkeep\n|turn|2\n|inactive|VGCLTH lily has 30 seconds left.\n|inactive|VGCLTH <1000ELO has 30 seconds left.\n|inactive|VGCLTH lily has 20 seconds left.\n|inactive|VGCLTH <1000ELO has 20 seconds left.\n|inactive|VGCLTH <1000ELO has 15 seconds left.\n|\n|t:|1731512362\n|switch|p2a: Tatsugiri|Tatsugiri, L50, M|100\/100\n|-activate|p2a: Tatsugiri|ability: Commander|[of] p2b: Dondozo\n|-boost|p2b: Dondozo|atk|2\n|-boost|p2b: Dondozo|spa|2\n|-boost|p2b: Dondozo|spe|2\n|-boost|p2b: Dondozo|def|2\n|-boost|p2b: Dondozo|spd|2\n|-terastallize|p2b: Dondozo|Grass\n|move|p2b: Dondozo|Wave Crash|p1a: Kingambit\n|-damage|p1a: Kingambit|11\/100\n|-damage|p2b: Dondozo|75\/100|[from] Recoil\n|move|p1b: Rillaboom|High Horsepower|p2a: Tatsugiri|[miss]\n|-miss|p1b: Rillaboom|p2a: Tatsugiri\n|move|p1a: Kingambit|Kowtow Cleave|p2b: Dondozo\n|-damage|p2b: Dondozo|57\/100\n|\n|-heal|p2b: Dondozo|63\/100|[from] Grassy Terrain\n|-heal|p2b: Dondozo|69\/100|[from] item: Leftovers\n|-heal|p1b: Rillaboom|60\/100|[from] Grassy Terrain\n|-heal|p1a: Kingambit|17\/100|[from] Grassy Terrain\n|upkeep\n|turn|3\n|inactive|VGCLTH lily has 30 seconds left.\n|\n|t:|1731512395\n|switch|p1b: Dondozo|Dondozo, L50, M|100\/100\n|move|p1a: Kingambit|Protect|p1a: Kingambit\n|-singleturn|p1a: Kingambit|Protect\n|move|p2b: Dondozo|Order Up|p1b: Dondozo\n|-damage|p1b: Dondozo|85\/100\n|-boost|p2b: Dondozo|atk|1\n|\n|-heal|p2b: Dondozo|75\/100|[from] Grassy Terrain\n|-heal|p2b: Dondozo|81\/100|[from] item: Leftovers\n|-heal|p1a: Kingambit|23\/100|[from] Grassy Terrain\n|-heal|p1b: Dondozo|92\/100|[from] Grassy Terrain\n|-heal|p1b: Dondozo|98\/100|[from] item: Leftovers\n|upkeep\n|turn|4\n|\n|t:|1731512419\n|move|p2b: Dondozo|Wave Crash|p1a: Kingambit\n|-crit|p1a: Kingambit\n|-damage|p1a: Kingambit|0 fnt\n|faint|p1a: Kingambit\n|-damage|p2b: Dondozo|75\/100|[from] Recoil\n|move|p1b: Dondozo|Yawn|p2b: Dondozo\n|-start|p2b: Dondozo|move: Yawn|[of] p1b: Dondozo\n|\n|-heal|p2b: Dondozo|81\/100|[from] Grassy Terrain\n|-heal|p2b: Dondozo|87\/100|[from] item: Leftovers\n|-heal|p1b: Dondozo|100\/100|[from] Grassy Terrain\n|upkeep\n|\n|t:|1731512422\n|switch|p1a: Baxcalibur|Baxcalibur, L50, F|100\/100\n|turn|5\n|\n|t:|1731512427\n|move|p1a: Baxcalibur|Protect|p1a: Baxcalibur\n|-singleturn|p1a: Baxcalibur|Protect\n|move|p1b: Dondozo|Protect|p1b: Dondozo\n|-singleturn|p1b: Dondozo|Protect\n|move|p2b: Dondozo|Order Up|p1a: Baxcalibur\n|-activate|p1a: Baxcalibur|move: Protect\n|\n|-heal|p2b: Dondozo|93\/100|[from] Grassy Terrain\n|-heal|p2b: Dondozo|99\/100|[from] item: Leftovers\n|-end|p2b: Dondozo|move: Yawn|[silent]\n|-status|p2b: Dondozo|slp\n|-fieldend|move: Grassy Terrain\n|upkeep\n|turn|6\n|\n|t:|1731512438\n|cant|p2b: Dondozo|slp\n|move|p1a: Baxcalibur|Icicle Spear|p2b: Dondozo\n|-supereffective|p2b: Dondozo\n|-damage|p2b: Dondozo|86\/100 slp\n|-supereffective|p2b: Dondozo\n|-crit|p2b: Dondozo\n|-damage|p2b: Dondozo|51\/100 slp\n|-supereffective|p2b: Dondozo\n|-damage|p2b: Dondozo|40\/100 slp\n|-supereffective|p2b: Dondozo\n|-damage|p2b: Dondozo|29\/100 slp\n|-hitcount|p2b: Dondozo|4\n|move|p1b: Dondozo|Fissure|p2b: Dondozo|[miss]\n|-miss|p1b: Dondozo|p2b: Dondozo\n|\n|-heal|p2b: Dondozo|36\/100 slp|[from] item: Leftovers\n|upkeep\n|turn|7\n|\n|t:|1731512449\n|cant|p2b: Dondozo|slp\n|move|p1a: Baxcalibur|Scale Shot|p2b: Dondozo\n|-damage|p2b: Dondozo|30\/100 slp\n|-damage|p2b: Dondozo|24\/100 slp\n|-damage|p2b: Dondozo|18\/100 slp\n|-damage|p2b: Dondozo|13\/100 slp\n|-hitcount|p2b: Dondozo|4\n|-unboost|p1a: Baxcalibur|def|1\n|-boost|p1a: Baxcalibur|spe|1\n|move|p1b: Dondozo|Yawn||[still]\n|-fail|p1b: Dondozo\n|\n|-heal|p2b: Dondozo|19\/100 slp|[from] item: Leftovers\n|upkeep\n|turn|8\n|inactive|VGCLTH lily has 30 seconds left.\n|\n|t:|1731512475\n|move|p1a: Baxcalibur|Icicle Spear|p2b: Dondozo\n|-supereffective|p2b: Dondozo\n|-crit|p2b: Dondozo\n|-damage|p2b: Dondozo|0 fnt\n|faint|p2b: Dondozo\n|-hitcount|p2: Dondozo|1\n|move|p1b: Dondozo|Yawn|p2a: Tatsugiri\n|-start|p2a: Tatsugiri|move: Yawn|[of] p1b: Dondozo\n|\n|upkeep\n|inactive|VGCLTH <1000ELO has 30 seconds left.\n|inactive|VGCLTH <1000ELO has 20 seconds left.\n|inactive|VGCLTH <1000ELO has 15 seconds left.\n|inactive|VGCLTH <1000ELO has 10 seconds left.\n|\n|t:|1731512524\n|switch|p2b: Gholdengo|Gholdengo, L50|100\/100\n|turn|9\n|\n|t:|1731512543\n|move|p1a: Baxcalibur|Protect|p1a: Baxcalibur\n|-singleturn|p1a: Baxcalibur|Protect\n|move|p2a: Tatsugiri|Draco Meteor|p1b: Dondozo\n|-damage|p1b: Dondozo|53\/100\n|-unboost|p2a: Tatsugiri|spa|2\n|move|p2b: Gholdengo|Thunderbolt|p1b: Dondozo\n|-supereffective|p1b: Dondozo\n|-damage|p1b: Dondozo|0 fnt\n|faint|p1b: Dondozo\n|\n|-end|p2a: Tatsugiri|move: Yawn|[silent]\n|-status|p2a: Tatsugiri|slp\n|upkeep\n|\n|t:|1731512548\n|switch|p1b: Rillaboom|Rillaboom, L50, M|60\/100\n|-fieldstart|move: Grassy Terrain|[from] ability: Grassy Surge|[of] p1b: Rillaboom\n|turn|10\n|\n|t:|1731512560\n|switch|p2b: Glimmora|Glimmora, L50, F|100\/100\n|move|p1a: Baxcalibur|Icicle Spear|p2a: Tatsugiri\n|-damage|p2a: Tatsugiri|73\/100 slp\n|-damage|p2a: Tatsugiri|44\/100 slp\n|-damage|p2a: Tatsugiri|12\/100 slp\n|-damage|p2a: Tatsugiri|0 fnt\n|faint|p2a: Tatsugiri\n|-hitcount|p2: Tatsugiri|4\n|move|p1b: Rillaboom|High Horsepower|p2b: Glimmora\n|-supereffective|p2b: Glimmora\n|-damage|p2b: Glimmora|0 fnt\n|-activate|p2b: Glimmora|ability: Toxic Debris\n|-sidestart|p1: VGCLTH lily|move: Toxic Spikes\n|faint|p2b: Glimmora\n|\n|-heal|p1b: Rillaboom|66\/100|[from] Grassy Terrain\n|upkeep\n|\n|t:|1731512563\n|switch|p2b: Gholdengo|Gholdengo, L50|100\/100\n|turn|11\n|\n|t:|1731512575\n|-terastallize|p1b: Rillaboom|Water\n|move|p1a: Baxcalibur|Protect|p1a: Baxcalibur\n|-singleturn|p1a: Baxcalibur|Protect\n|move|p2b: Gholdengo|Make It Rain|p1a: Baxcalibur|[spread] p1b\n|-activate|p1a: Baxcalibur|move: Protect\n|-resisted|p1b: Rillaboom\n|-damage|p1b: Rillaboom|40\/100\n|-unboost|p2b: Gholdengo|spa|1\n|move|p1b: Rillaboom|High Horsepower|p2b: Gholdengo\n|-supereffective|p2b: Gholdengo\n|-damage|p2b: Gholdengo|28\/100\n|\n|-heal|p2b: Gholdengo|34\/100|[from] Grassy Terrain\n|-heal|p1b: Rillaboom|46\/100|[from] Grassy Terrain\n|upkeep\n|turn|12\n|-message|VGCLTH <1000ELO forfeited.\n|\n|win|VGCLTH lily\n|raw|VGCLTH lily's rating: 1738 &rarr; <strong>1756<\/strong><br \/>(+18 for winning)\n|raw|VGCLTH &lt;1000ELO's rating: 1704 &rarr; <strong>1686<\/strong><br \/>(-18 for losing)\n|l|\u2606VGCLTH <1000ELO\n|player|p2|\n|l|\u2606VGCLTH lily\n|player|p1|\n|l| stewpeed\n","uploadtime":1731512587,"views":19,"formatid":"gen9vgc2024regh","rating":1686,"private":0,"password":null}