{"id":"gen9vgc2024regh-2243417721","format":"[Gen 9] VGC 2024 Reg H","players":["daniiivgc","googer315"],"log":"|j|\u203ddaniiivgc\n|j|\u2606googer315\n|t:|1731544282\n|gametype|doubles\n|player|p1|daniiivgc|lucas|1727\n|player|p2|googer315|169|1728\n|teamsize|p1|6\n|teamsize|p2|6\n|gen|9\n|tier|[Gen 9] VGC 2024 Reg H\n|rated|\n|rule|Species Clause: Limit one of each Pok\u00e9mon\n|rule|Item Clause: Limit 1 of each item\n|clearpoke\n|poke|p1|Quaquaval, L50, M|\n|poke|p1|Amoonguss, L50, F|\n|poke|p1|Kingambit, L50, M|\n|poke|p1|Maushold, L50|\n|poke|p1|Archaludon, L50, F|\n|poke|p1|Pelipper, L50, M|\n|poke|p2|Dondozo, L50, F|\n|poke|p2|Tatsugiri, L50, F|\n|poke|p2|Glimmora, L50, F|\n|poke|p2|Maushold, L50|\n|poke|p2|Annihilape, L50, F|\n|poke|p2|Gholdengo, L50|\n|teampreview|4\n|inactive|Battle timer is ON: inactive players will automatically lose when time's up. (requested by googer315)\n|\n|t:|1731544312\n|start\n|switch|p1a: Maushold|Maushold, L50|100\/100\n|switch|p1b: Archaludon|Archaludon, L50, F|100\/100\n|switch|p2a: Gholdengo|Gholdengo, L50|100\/100\n|switch|p2b: Glimmora|Glimmora, L50, F|100\/100\n|turn|1\n|\n|t:|1731544327\n|move|p2a: Gholdengo|Trick|p1a: Maushold\n|-activate|p2a: Gholdengo|move: Trick|[of] p1a: Maushold\n|-item|p1a: Maushold|Choice Scarf|[from] move: Trick\n|-item|p2a: Gholdengo|Wide Lens|[from] move: Trick\n|move|p1a: Maushold|Taunt|p2b: Glimmora\n|-start|p2b: Glimmora|move: Taunt\n|move|p2b: Glimmora|Sludge Bomb|p1a: Maushold\n|-damage|p1a: Maushold|23\/100\n|move|p1b: Archaludon|Electro Shot||[still]\n|-prepare|p1b: Archaludon|Electro Shot\n|-boost|p1b: Archaludon|spa|1\n|-enditem|p1b: Archaludon|Power Herb\n|-anim|p1b: Archaludon|Electro Shot|p2b: Glimmora\n|-damage|p2b: Glimmora|9\/100\n|\n|upkeep\n|turn|2\n|\n|t:|1731544352\n|switch|p1a: Amoonguss|Amoonguss, L50, F|100\/100\n|-terastallize|p2b: Glimmora|Ground\n|move|p2b: Glimmora|Earth Power|p1b: Archaludon\n|-supereffective|p1b: Archaludon\n|-ability|p1b: Archaludon|Sturdy\n|-damage|p1b: Archaludon|1\/100\n|move|p1b: Archaludon|Aura Sphere|p2b: Glimmora\n|-damage|p2b: Glimmora|0 fnt\n|faint|p2b: Glimmora\n|move|p2a: Gholdengo|Make It Rain|p1b: Archaludon|[spread] p1a,p1b\n|-resisted|p1b: Archaludon\n|-damage|p1a: Amoonguss|50\/100\n|-damage|p1b: Archaludon|0 fnt\n|-unboost|p2a: Gholdengo|spa|1\n|-enditem|p1a: Amoonguss|Sitrus Berry|[eat]\n|-heal|p1a: Amoonguss|75\/100|[from] item: Sitrus Berry\n|faint|p1b: Archaludon\n|\n|upkeep\n|\n|t:|1731544373\n|switch|p2b: Annihilape|Annihilape, L50, F|100\/100\n|switch|p1b: Quaquaval|Quaquaval, L50, M|100\/100\n|turn|3\n|\n|t:|1731544381\n|switch|p2b: Maushold|Maushold, L50|100\/100\n|move|p1b: Quaquaval|Protect|p1b: Quaquaval\n|-singleturn|p1b: Quaquaval|Protect\n|move|p2a: Gholdengo|Thunderbolt|p1b: Quaquaval\n|-activate|p1b: Quaquaval|move: Protect\n|move|p1a: Amoonguss|Spore|p2b: Maushold\n|-activate|p2b: Maushold|item: Safety Goggles|Spore\n|\n|upkeep\n|turn|4\n|j| bluestraggler03\n|inactive|daniiivgc has 30 seconds left.\n|\n|t:|1731544408\n|switch|p1a: Maushold|Maushold, L50|23\/100\n|move|p2b: Maushold|Protect|p2b: Maushold\n|-singleturn|p2b: Maushold|Protect\n|move|p1b: Quaquaval|Close Combat|p2b: Maushold\n|-activate|p2b: Maushold|move: Protect\n|move|p2a: Gholdengo|Thunderbolt|p1b: Quaquaval\n|-supereffective|p1b: Quaquaval\n|-damage|p1b: Quaquaval|36\/100\n|\n|upkeep\n|turn|5\n|\n|t:|1731544433\n|switch|p2b: Annihilape|Annihilape, L50, F|100\/100\n|move|p1a: Maushold|Protect|p1a: Maushold\n|-singleturn|p1a: Maushold|Protect\n|move|p1b: Quaquaval|Close Combat|p2b: Annihilape\n|-immune|p2b: Annihilape\n|move|p2a: Gholdengo|Thunderbolt|p1b: Quaquaval\n|-supereffective|p1b: Quaquaval\n|-damage|p1b: Quaquaval|0 fnt\n|faint|p1b: Quaquaval\n|\n|upkeep\n|\n|t:|1731544440\n|switch|p1b: Amoonguss|Amoonguss, L50, F|100\/100\n|turn|6\n|j| AlabamaChristian\n|-message|daniiivgc forfeited.\n|\n|win|googer315\n|raw|daniiivgc's rating: 1727 &rarr; <strong>1707<\/strong><br \/>(-20 for losing)\n|raw|googer315's rating: 1728 &rarr; <strong>1748<\/strong><br \/>(+20 for winning)\n|l|\u203ddaniiivgc\n|player|p1|\n|l| AlabamaChristian\n|l|\u2606googer315\n|player|p2|\n|l| bluestraggler03\n","uploadtime":1731544638,"views":25,"formatid":"gen9vgc2024regh","rating":1707,"private":0,"password":null}