{"id":"gen9vgc2024regh-2243982531","format":"[Gen 9] VGC 2024 Reg H","players":["VGCLTH John Pork","trevanator"],"log":"|raw|<div class=\"broadcast-blue\"><strong>This battle is required to be public due to a player having a name starting with 'vgclth'.<\/div>\n|j|\u2606VGCLTH John Pork\n|j|\u2606trevanator\n|t:|1731617940\n|gametype|doubles\n|player|p1|VGCLTH John Pork|ogreclan|1785\n|player|p2|trevanator|169|1952\n|teamsize|p1|6\n|teamsize|p2|6\n|gen|9\n|tier|[Gen 9] VGC 2024 Reg H\n|rated|\n|rule|Species Clause: Limit one of each Pok\u00e9mon\n|rule|Item Clause: Limit 1 of each item\n|clearpoke\n|poke|p1|Whimsicott, L50, F|\n|poke|p1|Typhlosion-Hisui, L50, M|\n|poke|p1|Annihilape, L50, M|\n|poke|p1|Maushold-Four, L50|\n|poke|p1|Farigiraf, L50, M|\n|poke|p1|Ursaluna-Bloodmoon, L50, M|\n|poke|p2|Politoed, L50, M|\n|poke|p2|Gothitelle, L50, M|\n|poke|p2|Incineroar, L50, F|\n|poke|p2|Amoonguss, L50, M|\n|poke|p2|Kingdra, L50, M|\n|poke|p2|Archaludon, L50, M|\n|teampreview|4\n|j| UGCL\n|inactive|Battle timer is ON: inactive players will automatically lose when time's up. (requested by trevanator)\n|\n|t:|1731618005\n|start\n|switch|p1a: Sedate|Maushold-Four, L50|100\/100\n|switch|p1b: Their kindness is|Whimsicott, L50, F|100\/100\n|switch|p2a: Kingdra|Kingdra, L50, M|100\/100\n|switch|p2b: Politoed|Politoed, L50, M|100\/100\n|-weather|RainDance|[from] ability: Drizzle|[of] p2b: Politoed\n|turn|1\n|\n|t:|1731618022\n|switch|p2a: Incineroar|Incineroar, L50, F|100\/100\n|-ability|p2a: Incineroar|Intimidate|boost\n|-unboost|p1a: Sedate|atk|1\n|-unboost|p1b: Their kindness is|atk|1\n|move|p1b: Their kindness is|Sunny Day|p1b: Their kindness is\n|-weather|SunnyDay\n|move|p1a: Sedate|Population Bomb|p2b: Politoed\n|-damage|p2b: Politoed|93\/100\n|-damage|p2b: Politoed|85\/100\n|-damage|p2b: Politoed|78\/100\n|-damage|p2b: Politoed|70\/100\n|-damage|p2b: Politoed|62\/100\n|-damage|p2b: Politoed|54\/100\n|-damage|p2b: Politoed|46\/100\n|-damage|p2b: Politoed|38\/100\n|-damage|p2b: Politoed|30\/100\n|-damage|p2b: Politoed|22\/100\n|-hitcount|p2b: Politoed|10\n|move|p2b: Politoed|Weather Ball|p1b: Their kindness is\n|-supereffective|p1b: Their kindness is\n|-enditem|p1b: Their kindness is|Focus Sash\n|-damage|p1b: Their kindness is|1\/100\n|\n|-weather|SunnyDay|[upkeep]\n|-heal|p2b: Politoed|28\/100|[from] item: Leftovers\n|upkeep\n|turn|2\n|inactive|VGCLTH John Pork has 30 seconds left.\n|\n|t:|1731618051\n|switch|p2b: Gothitelle|Gothitelle, L50, M|100\/100\n|move|p1b: Their kindness is|Tailwind|p1b: Their kindness is\n|-sidestart|p1: VGCLTH John Pork|move: Tailwind\n|move|p1a: Sedate|Population Bomb|p2a: Incineroar\n|-damage|p2a: Incineroar|93\/100\n|-damage|p2a: Incineroar|86\/100\n|-crit|p2a: Incineroar\n|-damage|p2a: Incineroar|69\/100\n|-damage|p2a: Incineroar|62\/100\n|-damage|p2a: Incineroar|54\/100\n|-damage|p2a: Incineroar|47\/100\n|-damage|p2a: Incineroar|40\/100\n|-damage|p2a: Incineroar|32\/100\n|-damage|p2a: Incineroar|26\/100\n|-damage|p2a: Incineroar|19\/100\n|-hitcount|p2a: Incineroar|10\n|move|p2a: Incineroar|Knock Off|p1a: Sedate\n|-damage|p1a: Sedate|42\/100\n|-enditem|p1a: Sedate|Wide Lens|[from] move: Knock Off|[of] p2a: Incineroar\n|\n|-weather|SunnyDay|[upkeep]\n|upkeep\n|turn|3\n|\n|t:|1731618076\n|-terastallize|p1a: Sedate|Ghost\n|move|p2b: Gothitelle|Fake Out|p1b: Their kindness is\n|-damage|p1b: Their kindness is|0 fnt\n|faint|p1b: Their kindness is\n|move|p1a: Sedate|Population Bomb|p2b: Gothitelle\n|-damage|p2b: Gothitelle|93\/100\n|-damage|p2b: Gothitelle|86\/100\n|-damage|p2b: Gothitelle|79\/100\n|-damage|p2b: Gothitelle|72\/100\n|-damage|p2b: Gothitelle|64\/100\n|-damage|p2b: Gothitelle|58\/100\n|-damage|p2b: Gothitelle|50\/100\n|-enditem|p2b: Gothitelle|Sitrus Berry|[eat]\n|-heal|p2b: Gothitelle|75\/100|[from] item: Sitrus Berry\n|-damage|p2b: Gothitelle|68\/100\n|-damage|p2b: Gothitelle|61\/100\n|-damage|p2b: Gothitelle|54\/100\n|-hitcount|p2b: Gothitelle|10\n|move|p2a: Incineroar|Parting Shot|p1a: Sedate\n|-unboost|p1a: Sedate|atk|1\n|-unboost|p1a: Sedate|spa|1\n|\n|t:|1731618081\n|switch|p2a: Kingdra|Kingdra, L50, M|100\/100|[from] Parting Shot\n|\n|-weather|SunnyDay|[upkeep]\n|upkeep\n|\n|t:|1731618086\n|switch|p1b: It\u2019s used to|Annihilape, L50, M|100\/100\n|turn|4\n|\n|t:|1731618092\n|switch|p2b: Politoed|Politoed, L50, M|28\/100\n|-weather|RainDance|[from] ability: Drizzle|[of] p2b: Politoed\n|move|p1a: Sedate|Encore||[still]\n|-fail|p1a: Sedate\n|move|p1b: It\u2019s used to|Close Combat|p2a: Kingdra\n|-damage|p2a: Kingdra|1\/100\n|-unboost|p1b: It\u2019s used to|def|1\n|-unboost|p1b: It\u2019s used to|spd|1\n|move|p2a: Kingdra|Weather Ball|p1a: Sedate\n|-damage|p1a: Sedate|0 fnt\n|faint|p1a: Sedate\n|-damage|p2a: Kingdra|0 fnt|[from] item: Life Orb\n|faint|p2a: Kingdra\n|\n|-weather|RainDance|[upkeep]\n|-heal|p2b: Politoed|34\/100|[from] item: Leftovers\n|upkeep\n|\n|t:|1731618109\n|switch|p1a: Charade|Typhlosion-Hisui, L50, M|100\/100\n|switch|p2a: Gothitelle|Gothitelle, L50, M|54\/100\n|-item|p2b: Politoed|Leftovers|[from] ability: Frisk|[of] p1a: Charade\n|turn|5\n|\n|t:|1731618121\n|-terastallize|p2a: Gothitelle|Dark\n|move|p2b: Politoed|Protect|p2b: Politoed\n|-singleturn|p2b: Politoed|Protect\n|move|p1a: Charade|Shadow Ball|p2a: Gothitelle\n|-resisted|p2a: Gothitelle\n|-damage|p2a: Gothitelle|32\/100\n|move|p1b: It\u2019s used to|Close Combat|p2b: Politoed\n|-activate|p2b: Politoed|move: Protect\n|move|p2a: Gothitelle|Trick Room|p2a: Gothitelle\n|-fieldstart|move: Trick Room|[of] p2a: Gothitelle\n|\n|-weather|RainDance|[upkeep]\n|-heal|p2b: Politoed|40\/100|[from] item: Leftovers\n|-sideend|p1: VGCLTH John Pork|move: Tailwind\n|upkeep\n|turn|6\n|j| jlz04t1h\n|\n|t:|1731618139\n|move|p2a: Gothitelle|Psychic|p1b: It\u2019s used to\n|-supereffective|p1b: It\u2019s used to\n|-damage|p1b: It\u2019s used to|3\/100\n|move|p2b: Politoed|Weather Ball|p1a: Charade\n|-supereffective|p1a: Charade\n|-damage|p1a: Charade|0 fnt\n|faint|p1a: Charade\n|move|p1b: It\u2019s used to|Close Combat|p2a: Gothitelle\n|-supereffective|p2a: Gothitelle\n|-damage|p2a: Gothitelle|0 fnt\n|-unboost|p1b: It\u2019s used to|def|1\n|-unboost|p1b: It\u2019s used to|spd|1\n|faint|p2a: Gothitelle\n|\n|-weather|RainDance|[upkeep]\n|-heal|p2b: Politoed|46\/100|[from] item: Leftovers\n|upkeep\n|-message|VGCLTH John Pork forfeited.\n|\n|win|trevanator\n|raw|VGCLTH John Pork's rating: 1785 &rarr; <strong>1774<\/strong><br \/>(-11 for losing)\n|raw|trevanator's rating: 1952 &rarr; <strong>1963<\/strong><br \/>(+11 for winning)\n","uploadtime":1731618155,"views":200,"formatid":"gen9vgc2024regh","rating":1774,"private":0,"password":null}