{"id":"gen9vgc2024regh-2243771255","format":"[Gen 9] VGC 2024 Reg H","players":["czgogogo","vgclth elowyn"],"log":"|raw|<div class=\"broadcast-blue\"><strong>This battle is required to be public due to a player having a name starting with 'vgclth'.<\/div>\n|j|\u2606czgogogo\n|j|\u2606vgclth elowyn\n|t:|1731597550\n|gametype|doubles\n|player|p1|czgogogo|169|1805\n|player|p2|vgclth elowyn|1|1731\n|teamsize|p1|6\n|teamsize|p2|6\n|gen|9\n|tier|[Gen 9] VGC 2024 Reg H\n|rated|\n|rule|Species Clause: Limit one of each Pok\u00e9mon\n|rule|Item Clause: Limit 1 of each item\n|clearpoke\n|poke|p1|Lilligant-Hisui, L50, F|\n|poke|p1|Torkoal, L50, F|\n|poke|p1|Indeedee-F, L50, F|\n|poke|p1|Hatterene, L50, F|\n|poke|p1|Dusclops, L50, F|\n|poke|p1|Ursaluna, L50, M|\n|poke|p2|Smeargle, L50, M|\n|poke|p2|Farigiraf, L50, M|\n|poke|p2|Maushold-Four, L50|\n|poke|p2|Torkoal, L50, M|\n|poke|p2|Ursaluna-Bloodmoon, L50, M|\n|poke|p2|Weezing-Galar, L50, M|\n|teampreview|4\n|\n|t:|1731597580\n|start\n|switch|p1a: Lilligant|Lilligant-Hisui, L50, F|100\/100\n|switch|p1b: Hatterene|Hatterene, L50, F|100\/100\n|switch|p2a: Maushold|Maushold-Four, L50|100\/100\n|switch|p2b: Ursaluna|Ursaluna-Bloodmoon, L50, M|100\/100\n|turn|1\n|\n|t:|1731597612\n|switch|p2b: Weezing|Weezing-Galar, L50, M|100\/100\n|-ability|p2b: Weezing|Neutralizing Gas\n|switch|p1b: Torkoal|Torkoal, L50, F|100\/100\n|-terastallize|p1a: Lilligant|Ghost\n|move|p2a: Maushold|Population Bomb|p1b: Torkoal\n|-damage|p1b: Torkoal|94\/100\n|-damage|p1b: Torkoal|88\/100\n|-damage|p1b: Torkoal|82\/100\n|-damage|p1b: Torkoal|77\/100\n|-damage|p1b: Torkoal|71\/100\n|-damage|p1b: Torkoal|66\/100\n|-damage|p1b: Torkoal|60\/100\n|-damage|p1b: Torkoal|55\/100\n|-damage|p1b: Torkoal|49\/100\n|-damage|p1b: Torkoal|43\/100\n|-hitcount|p1b: Torkoal|10\n|move|p1a: Lilligant|Sleep Powder|p2b: Weezing\n|-status|p2b: Weezing|slp|[from] move: Sleep Powder\n|\n|upkeep\n|turn|2\n|\n|t:|1731597647\n|switch|p1b: Indeedee|Indeedee-F, L50, F|100\/100\n|move|p2a: Maushold|Population Bomb|p1b: Indeedee\n|-damage|p1b: Indeedee|93\/100\n|-damage|p2a: Maushold|84\/100|[from] item: Rocky Helmet|[of] p1b: Indeedee\n|-damage|p1b: Indeedee|86\/100\n|-damage|p2a: Maushold|68\/100|[from] item: Rocky Helmet|[of] p1b: Indeedee\n|-damage|p1b: Indeedee|78\/100\n|-damage|p2a: Maushold|52\/100|[from] item: Rocky Helmet|[of] p1b: Indeedee\n|-damage|p1b: Indeedee|72\/100\n|-damage|p2a: Maushold|36\/100|[from] item: Rocky Helmet|[of] p1b: Indeedee\n|-damage|p1b: Indeedee|65\/100\n|-damage|p2a: Maushold|20\/100|[from] item: Rocky Helmet|[of] p1b: Indeedee\n|-crit|p1b: Indeedee\n|-damage|p1b: Indeedee|53\/100\n|-damage|p2a: Maushold|4\/100|[from] item: Rocky Helmet|[of] p1b: Indeedee\n|-damage|p1b: Indeedee|46\/100\n|-damage|p2a: Maushold|0 fnt|[from] item: Rocky Helmet|[of] p1b: Indeedee\n|faint|p2a: Maushold\n|-hitcount|p1b: Indeedee|7\n|move|p1a: Lilligant|Sleep Powder|p2b: Weezing\n|-fail|p2b: Weezing|slp\n|cant|p2b: Weezing|slp\n|\n|upkeep\n|\n|t:|1731597661\n|switch|p2a: Ursaluna|Ursaluna-Bloodmoon, L50, M|100\/100\n|turn|3\n|\n|t:|1731597668\n|move|p2a: Ursaluna|Protect|p2a: Ursaluna\n|-singleturn|p2a: Ursaluna|Protect\n|move|p1a: Lilligant|Sleep Powder|p2a: Ursaluna\n|-activate|p2a: Ursaluna|move: Protect\n|move|p1b: Indeedee|Psychic|p2b: Weezing\n|-supereffective|p2b: Weezing\n|-damage|p2b: Weezing|24\/100 slp\n|cant|p2b: Weezing|slp\n|\n|upkeep\n|turn|4\n|j| VGCLTH lily\n|j| RNGeez RandBats\n|\n|t:|1731597698\n|-terastallize|p2a: Ursaluna|Normal\n|move|p1a: Lilligant|Close Combat|p2a: Ursaluna\n|-supereffective|p2a: Ursaluna\n|-damage|p2a: Ursaluna|30\/100\n|-unboost|p1a: Lilligant|def|1\n|-unboost|p1a: Lilligant|spd|1\n|move|p1b: Indeedee|Psychic|p2b: Weezing\n|-supereffective|p2b: Weezing\n|-damage|p2b: Weezing|0 fnt\n|faint|p2b: Weezing\n|-end|p2b: Weezing|ability: Neutralizing Gas\n|-fieldstart|move: Psychic Terrain|[from] ability: Psychic Surge|[of] p1b: Indeedee\n|move|p2a: Ursaluna|Hyper Voice|p1a: Lilligant|[spread] p1a,p1b\n|-crit|p1a: Lilligant\n|-enditem|p1a: Lilligant|Focus Sash\n|-damage|p1a: Lilligant|1\/100\n|-damage|p1b: Indeedee|0 fnt\n|faint|p1b: Indeedee\n|-damage|p2a: Ursaluna|20\/100|[from] item: Life Orb\n|\n|upkeep\n|\n|t:|1731597707\n|switch|p1b: Hatterene|Hatterene, L50, F|100\/100\n|switch|p2b: Torkoal|Torkoal, L50, M|100\/100\n|-weather|SunnyDay|[from] ability: Drought|[of] p2b: Torkoal\n|turn|5\n|\n|t:|1731597741\n|move|p2a: Ursaluna|Protect|p2a: Ursaluna\n|-singleturn|p2a: Ursaluna|Protect\n|move|p1a: Lilligant|Close Combat|p2a: Ursaluna\n|-activate|p2a: Ursaluna|move: Protect\n|move|p1b: Hatterene|Expanding Force|p2b: Torkoal|[spread] p2b\n|-activate|p2a: Ursaluna|move: Protect\n|-damage|p2b: Torkoal|0 fnt\n|faint|p2b: Torkoal\n|-damage|p1b: Hatterene|91\/100|[from] item: Life Orb\n|\n|-weather|SunnyDay|[upkeep]\n|upkeep\n|turn|6\n|-message|vgclth elowyn forfeited.\n|\n|win|czgogogo\n|raw|czgogogo's rating: 1805 &rarr; <strong>1821<\/strong><br \/>(+16 for winning)\n|raw|vgclth elowyn's rating: 1731 &rarr; <strong>1715<\/strong><br \/>(-16 for losing)\n|l| VGCLTH lily\n|l| RNGeez RandBats\n|l|\u2606vgclth elowyn\n|player|p2|\n","uploadtime":1731597911,"views":30,"formatid":"gen9vgc2024regh","rating":1715,"private":0,"password":null}