{"id":"gen9vgc2024regh-2243114681","format":"[Gen 9] VGC 2024 Reg H","players":["VGCLTH lily","smegmarizer"],"log":"|raw|<div class=\"broadcast-blue\"><strong>This battle is required to be public due to a player having a name starting with 'vgclth'.<\/div>\n|j|\u2606VGCLTH lily\n|j|\u2606smegmarizer\n|t:|1731513236\n|gametype|doubles\n|player|p1|VGCLTH lily|akari|1784\n|player|p2|smegmarizer|clown|1692\n|teamsize|p1|6\n|teamsize|p2|6\n|gen|9\n|tier|[Gen 9] VGC 2024 Reg H\n|rated|\n|rule|Species Clause: Limit one of each Pok\u00e9mon\n|rule|Item Clause: Limit 1 of each item\n|clearpoke\n|poke|p1|Baxcalibur, L50, F|\n|poke|p1|Dondozo, L50, M|\n|poke|p1|Kingambit, L50, M|\n|poke|p1|Rillaboom, L50, M|\n|poke|p1|Sneasler, L50, F|\n|poke|p1|Volcarona, L50, M|\n|poke|p2|Rillaboom, L50, F|\n|poke|p2|Kingambit, L50, F|\n|poke|p2|Sneasler, L50, F|\n|poke|p2|Volcarona, L50, F|\n|poke|p2|Maushold, L50|\n|poke|p2|Dragonite, L50, M|\n|teampreview|4\n|inactive|Battle timer is ON: inactive players will automatically lose when time's up. (requested by VGCLTH lily)\n|inactive|smegmarizer has 60 seconds left.\n|\n|t:|1731513272\n|start\n|switch|p1a: Baxcalibur|Baxcalibur, L50, F|100\/100\n|switch|p1b: Kingambit|Kingambit, L50, M|100\/100\n|switch|p2a: Volcarona|Volcarona, L50, F|100\/100\n|switch|p2b: Sneasler|Sneasler, L50, F|100\/100\n|turn|1\n|\n|t:|1731513290\n|-terastallize|p2a: Volcarona|Fairy\n|-terastallize|p1a: Baxcalibur|Ghost\n|move|p1b: Kingambit|Protect|p1b: Kingambit\n|-singleturn|p1b: Kingambit|Protect\n|move|p2b: Sneasler|Coaching|p2a: Volcarona\n|-boost|p2a: Volcarona|atk|1\n|-boost|p2a: Volcarona|def|1\n|move|p2a: Volcarona|Quiver Dance|p2a: Volcarona\n|-boost|p2a: Volcarona|spa|1\n|-boost|p2a: Volcarona|spd|1\n|-boost|p2a: Volcarona|spe|1\n|move|p1a: Baxcalibur|Scale Shot|p2a: Volcarona\n|-immune|p2a: Volcarona\n|\n|upkeep\n|turn|2\n|j| SerseCosmiVGC\n|\n|t:|1731513315\n|move|p1b: Kingambit|Sucker Punch||[still]\n|-fail|p1b: Kingambit\n|move|p2a: Volcarona|Quiver Dance|p2a: Volcarona\n|-boost|p2a: Volcarona|spa|1\n|-boost|p2a: Volcarona|spd|1\n|-boost|p2a: Volcarona|spe|1\n|move|p2b: Sneasler|Dire Claw|p1a: Baxcalibur\n|-resisted|p1a: Baxcalibur\n|-damage|p1a: Baxcalibur|80\/100\n|-status|p1a: Baxcalibur|par\n|move|p1a: Baxcalibur|Scale Shot|p2b: Sneasler\n|-damage|p2b: Sneasler|71\/100\n|-damage|p2b: Sneasler|43\/100\n|-damage|p2b: Sneasler|13\/100\n|-damage|p2b: Sneasler|0 fnt\n|faint|p2b: Sneasler\n|-hitcount|p2: Sneasler|4\n|-unboost|p1a: Baxcalibur|def|1\n|-boost|p1a: Baxcalibur|spe|1\n|\n|upkeep\n|j| Dogerunner\n|j| babiwi bewey\u2714\ufe0f\n|\n|t:|1731513338\n|switch|p2b: Rillaboom|Rillaboom, L50, F|100\/100\n|-fieldstart|move: Grassy Terrain|[from] ability: Grassy Surge|[of] p2b: Rillaboom\n|turn|3\n|c|\u2606VGCLTH lily|oh i am so goobed\n|\n|t:|1731513353\n|move|p2b: Rillaboom|Grassy Glide|p1a: Baxcalibur\n|-damage|p1a: Baxcalibur|18\/100 par\n|cant|p1a: Baxcalibur|par\n|move|p2a: Volcarona|Heat Wave|p1a: Baxcalibur|[spread] p1a,p1b\n|-supereffective|p1b: Kingambit\n|-damage|p1a: Baxcalibur|0 fnt\n|-damage|p1b: Kingambit|0 fnt\n|faint|p1a: Baxcalibur\n|faint|p1b: Kingambit\n|\n|upkeep\n|c|\u2606smegmarizer|the goobing is about to start\n|\n|t:|1731513360\n|switch|p1a: Volcarona|Volcarona, L50, M|100\/100\n|switch|p1b: Sneasler|Sneasler, L50, F|100\/100\n|turn|4\n|\n|t:|1731513370\n|move|p1b: Sneasler|Protect|p1b: Sneasler\n|-singleturn|p1b: Sneasler|Protect\n|move|p2b: Rillaboom|Grassy Glide|p1b: Sneasler\n|-activate|p1b: Sneasler|move: Protect\n|move|p2a: Volcarona|Tera Blast|p1b: Sneasler|[anim] Tera Blast Fairy\n|-activate|p1b: Sneasler|move: Protect\n|move|p1a: Volcarona|Heat Wave|p2b: Rillaboom|[spread] p2a,p2b\n|-crit|p2a: Volcarona\n|-supereffective|p2b: Rillaboom\n|-damage|p2a: Volcarona|54\/100\n|-damage|p2b: Rillaboom|45\/100\n|\n|-heal|p2a: Volcarona|60\/100|[from] Grassy Terrain\n|-heal|p2b: Rillaboom|51\/100|[from] Grassy Terrain\n|upkeep\n|turn|5\n|c|\u2606VGCLTH lily|yea\n|\n|t:|1731513387\n|move|p1a: Volcarona|Rage Powder|p1a: Volcarona\n|-singleturn|p1a: Volcarona|move: Rage Powder\n|move|p2b: Rillaboom|Grassy Glide|p1b: Sneasler\n|-resisted|p1b: Sneasler\n|-damage|p1b: Sneasler|69\/100\n|move|p2a: Volcarona|Tera Blast|p1a: Volcarona|[anim] Tera Blast Fairy\n|-resisted|p1a: Volcarona\n|-damage|p1a: Volcarona|68\/100\n|move|p1b: Sneasler|Dire Claw|p2a: Volcarona\n|-supereffective|p2a: Volcarona\n|-damage|p2a: Volcarona|0 fnt\n|-status|p1b: Sneasler|brn|[from] ability: Flame Body|[of] p2a: Volcarona\n|faint|p2a: Volcarona\n|\n|-heal|p1b: Sneasler|75\/100 brn|[from] Grassy Terrain\n|-heal|p1a: Volcarona|74\/100|[from] Grassy Terrain\n|-heal|p2b: Rillaboom|57\/100|[from] Grassy Terrain\n|-damage|p1b: Sneasler|69\/100 brn|[from] brn\n|upkeep\n|\n|t:|1731513392\n|switch|p2a: Maushold|Maushold, L50|100\/100\n|turn|6\n|c|\u2606smegmarizer|i trolled\n|l| Dogerunner\n|\n|t:|1731513414\n|move|p1b: Sneasler|Coaching|p1a: Volcarona\n|-boost|p1a: Volcarona|atk|1\n|-boost|p1a: Volcarona|def|1\n|move|p2a: Maushold|Super Fang|p1a: Volcarona\n|-damage|p1a: Volcarona|37\/100\n|move|p1a: Volcarona|Heat Wave|p2a: Maushold|[spread] p2a,p2b\n|-supereffective|p2b: Rillaboom\n|-damage|p2a: Maushold|58\/100\n|-damage|p2b: Rillaboom|13\/100\n|move|p2b: Rillaboom|High Horsepower|p1a: Volcarona\n|-damage|p1a: Volcarona|9\/100\n|\n|-heal|p1b: Sneasler|75\/100 brn|[from] Grassy Terrain\n|-heal|p2a: Maushold|64\/100|[from] Grassy Terrain\n|-heal|p1a: Volcarona|16\/100|[from] Grassy Terrain\n|-heal|p2b: Rillaboom|19\/100|[from] Grassy Terrain\n|-damage|p1b: Sneasler|69\/100 brn|[from] brn\n|upkeep\n|turn|7\n|\n|t:|1731513432\n|move|p2a: Maushold|Follow Me|p2a: Maushold\n|-singleturn|p2a: Maushold|move: Follow Me\n|move|p1b: Sneasler|Close Combat|p2a: Maushold\n|-supereffective|p2a: Maushold\n|-damage|p2a: Maushold|0 fnt\n|-unboost|p1b: Sneasler|def|1\n|-unboost|p1b: Sneasler|spd|1\n|faint|p2a: Maushold\n|move|p1a: Volcarona|Heat Wave|p2b: Rillaboom\n|-supereffective|p2b: Rillaboom\n|-damage|p2b: Rillaboom|0 fnt\n|faint|p2b: Rillaboom\n|\n|win|VGCLTH lily\n|raw|VGCLTH lily's rating: 1784 &rarr; <strong>1799<\/strong><br \/>(+15 for winning)\n|raw|smegmarizer's rating: 1692 &rarr; <strong>1677<\/strong><br \/>(-15 for losing)\n|c|\u2606VGCLTH lily|gg\n|c|\u2606smegmarizer|gg\n|l|\u2606smegmarizer\n|player|p2|\n|l|\u2606VGCLTH lily\n|player|p1|\n|l| SerseCosmiVGC\n|l| babiwi bewey\u2714\ufe0f\n","uploadtime":1731513441,"views":25,"formatid":"gen9vgc2024regh","rating":1677,"private":0,"password":null}