{"id":"gen9vgc2024regh-2243535368","format":"[Gen 9] VGC 2024 Reg H","players":["VGCLTH fangame","ye979402"],"log":"|j|\u2606VGCLTH fangame\n|j|\u2606ye979402\n|t:|1731560349\n|gametype|doubles\n|player|p1|VGCLTH fangame|red|1744\n|player|p2|ye979402|2|1672\n|teamsize|p1|6\n|teamsize|p2|6\n|gen|9\n|tier|[Gen 9] VGC 2024 Reg H\n|rated|\n|rule|Species Clause: Limit one of each Pok\u00e9mon\n|rule|Item Clause: Limit 1 of each item\n|clearpoke\n|poke|p1|Glaceon, L50, F|\n|poke|p1|Ninetales-Alola, L50, F|\n|poke|p1|Milotic, L50, M|\n|poke|p1|Incineroar, L50, F|\n|poke|p1|Ursaluna-Bloodmoon, L50, M|\n|poke|p1|Annihilape, L50, M|\n|poke|p2|Tyranitar, L50, F|\n|poke|p2|Excadrill, L50, F|\n|poke|p2|Primarina, L50, M|\n|poke|p2|Talonflame, L50, M|\n|poke|p2|Corviknight, L50, M|\n|poke|p2|Dragonite, L50, M|\n|teampreview|4\n|inactive|Battle timer is ON: inactive players will automatically lose when time's up. (requested by VGCLTH fangame)\n|inactive|VGCLTH fangame has 60 seconds left.\n|inactive|ye979402 has 60 seconds left.\n|j| Therazer456\n|inactive|VGCLTH fangame has 30 seconds left.\n|j| ChilledLotusA\n|inactive|VGCLTH fangame has 20 seconds left.\n|\n|t:|1731560423\n|start\n|switch|p1a: Milotic|Milotic, L50, M, shiny|100\/100\n|switch|p1b: Annihilape|Annihilape, L50, M, shiny|100\/100\n|switch|p2a: Talonflame|Talonflame, L50, M, shiny|100\/100\n|switch|p2b: Primarina|Primarina, L50, M, shiny|100\/100\n|turn|1\n|\n|t:|1731560437\n|-terastallize|p1b: Annihilape|Electric\n|move|p2b: Primarina|Protect|p2b: Primarina\n|-singleturn|p2b: Primarina|Protect\n|move|p2a: Talonflame|Brave Bird|p1b: Annihilape\n|-resisted|p1b: Annihilape\n|-damage|p1b: Annihilape|79\/100\n|-damage|p2a: Talonflame|91\/100|[from] Recoil\n|move|p1b: Annihilape|Bulk Up|p1b: Annihilape\n|-boost|p1b: Annihilape|atk|1\n|-boost|p1b: Annihilape|def|1\n|move|p1a: Milotic|Hypnosis|p2b: Primarina\n|-activate|p2b: Primarina|move: Protect\n|\n|-heal|p1b: Annihilape|85\/100|[from] item: Leftovers\n|upkeep\n|turn|2\n|\n|t:|1731560461\n|move|p2a: Talonflame|Tailwind|p2a: Talonflame\n|-sidestart|p2: ye979402|move: Tailwind\n|move|p2b: Primarina|Hyper Voice|p1a: Milotic|[spread] p1a,p1b\n|-resisted|p1a: Milotic\n|-crit|p1b: Annihilape\n|-damage|p1a: Milotic|89\/100\n|-damage|p1b: Annihilape|39\/100\n|-enditem|p2b: Primarina|Throat Spray\n|-boost|p2b: Primarina|spa|1|[from] item: Throat Spray\n|move|p1b: Annihilape|Rage Fist|p2b: Primarina\n|-damage|p2b: Primarina|11\/100\n|move|p1a: Milotic|Hypnosis|p2b: Primarina|[miss]\n|-miss|p1a: Milotic|p2b: Primarina\n|\n|-heal|p1b: Annihilape|45\/100|[from] item: Leftovers\n|upkeep\n|turn|3\n|j| mr pogostick\n|inactive|VGCLTH fangame has 30 seconds left.\n|inactive|ye979402 has 30 seconds left.\n|inactive|VGCLTH fangame has 20 seconds left.\n|inactive|VGCLTH fangame has 15 seconds left.\n|inactive|ye979402 has 20 seconds left.\n|inactive|VGCLTH fangame has 10 seconds left.\n|inactive|ye979402 has 15 seconds left.\n|inactive|VGCLTH fangame has 5 seconds left.\n|\n|t:|1731560516\n|move|p2a: Talonflame|Brave Bird|p1a: Milotic\n|-damage|p1a: Milotic|37\/100\n|-enditem|p1a: Milotic|Sitrus Berry|[eat]\n|-heal|p1a: Milotic|62\/100|[from] item: Sitrus Berry\n|-damage|p2a: Talonflame|69\/100|[from] Recoil\n|move|p2b: Primarina|Energy Ball|p1a: Milotic\n|-supereffective|p1a: Milotic\n|-damage|p1a: Milotic|1\/100\n|move|p1b: Annihilape|Rage Fist|p2b: Primarina\n|-damage|p2b: Primarina|0 fnt\n|faint|p2b: Primarina\n|move|p1a: Milotic|Hypnosis|p2a: Talonflame|[miss]\n|-miss|p1a: Milotic|p2a: Talonflame\n|\n|-heal|p1b: Annihilape|51\/100|[from] item: Leftovers\n|upkeep\n|\n|t:|1731560533\n|switch|p2b: Excadrill|Excadrill, L50, F, shiny|100\/100\n|turn|4\n|j| Drogonix\n|\n|t:|1731560546\n|move|p1b: Annihilape|Protect|p1b: Annihilape\n|-singleturn|p1b: Annihilape|Protect\n|move|p2a: Talonflame|Flare Blitz|p1b: Annihilape\n|-activate|p1b: Annihilape|move: Protect\n|move|p2b: Excadrill|Earthquake|p1a: Milotic|[spread] p1a\n|-activate|p1b: Annihilape|move: Protect\n|-immune|p2a: Talonflame\n|-damage|p1a: Milotic|0 fnt\n|faint|p1a: Milotic\n|\n|-heal|p1b: Annihilape|57\/100|[from] item: Leftovers\n|upkeep\n|\n|t:|1731560550\n|switch|p1a: Ursaluna|Ursaluna-Bloodmoon, L50, M|100\/100\n|turn|5\n|inactive|ye979402 has 30 seconds left.\n|\n|t:|1731560577\n|switch|p1b: Ninetales|Ninetales-Alola, L50, F, shiny|100\/100\n|-weather|Snow|[from] ability: Snow Warning|[of] p1b: Ninetales\n|-terastallize|p2b: Excadrill|Ground\n|move|p2a: Talonflame|Flare Blitz|p1b: Ninetales\n|-supereffective|p1b: Ninetales\n|-damage|p1b: Ninetales|6\/100\n|-damage|p2a: Talonflame|38\/100|[from] Recoil\n|move|p2b: Excadrill|Earthquake|p1b: Ninetales|[spread] p1a,p1b\n|-immune|p2a: Talonflame\n|-damage|p1a: Ursaluna|60\/100\n|-damage|p1b: Ninetales|0 fnt\n|faint|p1b: Ninetales\n|move|p1a: Ursaluna|Earth Power|p2b: Excadrill\n|-damage|p2b: Excadrill|25\/100\n|\n|-weather|Snow|[upkeep]\n|-sideend|p2: ye979402|move: Tailwind\n|upkeep\n|\n|t:|1731560581\n|switch|p1b: Annihilape|Annihilape, L50, M, shiny, tera:Electric|57\/100\n|turn|6\n|\n|t:|1731560602\n|move|p1b: Annihilape|Protect|p1b: Annihilape\n|-singleturn|p1b: Annihilape|Protect\n|move|p2b: Excadrill|Protect|p2b: Excadrill\n|-singleturn|p2b: Excadrill|Protect\n|move|p2a: Talonflame|Tailwind|p2a: Talonflame\n|-sidestart|p2: ye979402|move: Tailwind\n|move|p1a: Ursaluna|Hyper Voice|p2a: Talonflame|[spread] p2a\n|-activate|p2b: Excadrill|move: Protect\n|-crit|p2a: Talonflame\n|-damage|p2a: Talonflame|0 fnt\n|faint|p2a: Talonflame\n|\n|-weather|Snow|[upkeep]\n|-heal|p1b: Annihilape|63\/100|[from] item: Leftovers\n|upkeep\n|l| Drogonix\n|\n|t:|1731560617\n|switch|p2a: Tyranitar|Tyranitar, L50, F, shiny|100\/100\n|-weather|Sandstorm|[from] ability: Sand Stream|[of] p2a: Tyranitar\n|turn|7\n|j| Drogonix\n|\n|t:|1731560627\n|move|p1b: Annihilape|Protect||[still]\n|-fail|p1b: Annihilape\n|move|p2b: Excadrill|High Horsepower|p1b: Annihilape\n|-supereffective|p1b: Annihilape\n|-damage|p1b: Annihilape|0 fnt\n|faint|p1b: Annihilape\n|move|p2a: Tyranitar|Knock Off|p1a: Ursaluna\n|-damage|p1a: Ursaluna|0 fnt\n|-enditem|p1a: Ursaluna|Assault Vest|[from] move: Knock Off|[of] p2a: Tyranitar\n|faint|p1a: Ursaluna\n|\n|win|ye979402\n|raw|VGCLTH fangame's rating: 1729 &rarr; <strong>1706<\/strong><br \/>(-23 for losing)\n|raw|ye979402's rating: 1672 &rarr; <strong>1695<\/strong><br \/>(+23 for winning)\n|l| Drogonix\n|l|\u2606VGCLTH fangame\n|player|p1|\n|l| mr pogostick\n|l|\u2606ye979402\n|player|p2|\n|l| Therazer456\n|l| ChilledLotusA\n","uploadtime":1731560947,"views":19,"formatid":"gen9vgc2024regh","rating":1695,"private":0,"password":null}