{"id":"gen9vgc2024regh-2243794490","format":"[Gen 9] VGC 2024 Reg H","players":["vgclth elowyn","Smurshifu"],"log":"|raw|<div class=\"broadcast-blue\"><strong>This battle is required to be public due to a player having a name starting with 'vgclth'.<\/div>\n|j|\u2606vgclth elowyn\n|j|\u2606Smurshifu\n|t:|1731599836\n|gametype|doubles\n|player|p1|vgclth elowyn|1|1691\n|player|p2|Smurshifu|youngster-gen4dp|1725\n|teamsize|p1|6\n|teamsize|p2|6\n|gen|9\n|tier|[Gen 9] VGC 2024 Reg H\n|rated|\n|rule|Species Clause: Limit one of each Pok\u00e9mon\n|rule|Item Clause: Limit 1 of each item\n|clearpoke\n|poke|p1|Smeargle, L50, M|\n|poke|p1|Farigiraf, L50, F|\n|poke|p1|Maushold-Four, L50|\n|poke|p1|Torkoal, L50, M|\n|poke|p1|Ursaluna-Bloodmoon, L50, M|\n|poke|p1|Weezing-Galar, L50, F|\n|poke|p2|Gothitelle, L50, M|\n|poke|p2|Gengar, L50, M|\n|poke|p2|Archaludon, L50, M|\n|poke|p2|Dondozo, L50, M|\n|poke|p2|Tatsugiri, L50, F|\n|poke|p2|Flamigo, L50, M|\n|teampreview|4\n|inactive|Battle timer is ON: inactive players will automatically lose when time's up. (requested by vgclth elowyn)\n|\n|t:|1731599866\n|start\n|switch|p1a: Smeargle|Smeargle, L50, M|100\/100\n|switch|p1b: Farigiraf|Farigiraf, L50, F|100\/100\n|switch|p2a: Archaludon|Archaludon, L50, M|100\/100\n|switch|p2b: Gengar|Gengar, L50, M|100\/100\n|turn|1\n|j| DragonKenergy\n|\n|t:|1731599877\n|move|p1a: Smeargle|Follow Me|p1a: Smeargle\n|-singleturn|p1a: Smeargle|move: Follow Me\n|move|p2b: Gengar|Sludge Wave|p1a: Smeargle|[spread] p1a,p1b\n|-immune|p2a: Archaludon\n|-damage|p1a: Smeargle|30\/100\n|-damage|p1b: Farigiraf|73\/100\n|move|p2a: Archaludon|Electro Shot||[still]\n|-prepare|p2a: Archaludon|Electro Shot\n|-boost|p2a: Archaludon|spa|1\n|-enditem|p2a: Archaludon|Power Herb\n|-anim|p2a: Archaludon|Electro Shot|p1a: Smeargle\n|-damage|p1a: Smeargle|0 fnt\n|faint|p1a: Smeargle\n|move|p1b: Farigiraf|Trick Room|p1b: Farigiraf\n|-fieldstart|move: Trick Room|[of] p1b: Farigiraf\n|\n|upkeep\n|\n|t:|1731599893\n|switch|p1a: Ursaluna|Ursaluna-Bloodmoon, L50, M|100\/100\n|turn|2\n|\n|t:|1731599900\n|move|p2a: Archaludon|Protect|p2a: Archaludon\n|-singleturn|p2a: Archaludon|Protect\n|move|p2b: Gengar|Protect|p2b: Gengar\n|-singleturn|p2b: Gengar|Protect\n|move|p1b: Farigiraf|Twin Beam|p2a: Archaludon\n|-activate|p2a: Archaludon|move: Protect\n|move|p1a: Ursaluna|Earth Power|p2a: Archaludon\n|-activate|p2a: Archaludon|move: Protect\n|\n|upkeep\n|turn|3\n|\n|t:|1731599910\n|move|p1b: Farigiraf|Twin Beam|p2a: Archaludon\n|-resisted|p2a: Archaludon\n|-damage|p2a: Archaludon|90\/100\n|-resisted|p2a: Archaludon\n|-damage|p2a: Archaludon|79\/100\n|-hitcount|p2a: Archaludon|2\n|move|p1a: Ursaluna|Earth Power|p2a: Archaludon\n|-supereffective|p2a: Archaludon\n|-damage|p2a: Archaludon|0 fnt\n|faint|p2a: Archaludon\n|-damage|p1a: Ursaluna|90\/100|[from] item: Life Orb\n|move|p2b: Gengar|Sludge Wave|p1b: Farigiraf|[spread] p1a,p1b\n|-resisted|p1a: Ursaluna\n|-damage|p1a: Ursaluna|70\/100\n|-damage|p1b: Farigiraf|46\/100\n|\n|upkeep\n|\n|t:|1731599915\n|switch|p2a: Dondozo|Dondozo, L50, M|100\/100\n|turn|4\n|\n|t:|1731599928\n|switch|p1b: Weezing|Weezing-Galar, L50, F|100\/100\n|-ability|p1b: Weezing|Neutralizing Gas\n|switch|p2b: Tatsugiri|Tatsugiri, L50, F|100\/100\n|-terastallize|p1a: Ursaluna|Normal\n|move|p1a: Ursaluna|Hyper Voice|p2b: Tatsugiri|[spread] p2a,p2b\n|-damage|p2a: Dondozo|39\/100\n|-damage|p2b: Tatsugiri|26\/100\n|-damage|p1a: Ursaluna|60\/100|[from] item: Life Orb\n|move|p2a: Dondozo|Wave Crash|p1a: Ursaluna\n|-damage|p1a: Ursaluna|28\/100\n|-damage|p2a: Dondozo|28\/100|[from] Recoil\n|\n|-heal|p2a: Dondozo|35\/100|[from] item: Leftovers\n|upkeep\n|turn|5\n|\n|t:|1731599944\n|switch|p1a: Farigiraf|Farigiraf, L50, F|46\/100\n|move|p2a: Dondozo|Protect|p2a: Dondozo\n|-singleturn|p2a: Dondozo|Protect\n|move|p2b: Tatsugiri|Protect|p2b: Tatsugiri\n|-singleturn|p2b: Tatsugiri|Protect\n|move|p1b: Weezing|Dazzling Gleam|p2a: Dondozo|[spread] \n|-activate|p2a: Dondozo|move: Protect\n|-activate|p2b: Tatsugiri|move: Protect\n|\n|-heal|p2a: Dondozo|41\/100|[from] item: Leftovers\n|-fieldend|move: Trick Room\n|upkeep\n|turn|6\n|\n|t:|1731599958\n|-terastallize|p2a: Dondozo|Steel\n|move|p2b: Tatsugiri|Draco Meteor|p1a: Farigiraf\n|-damage|p1a: Farigiraf|0 fnt\n|-unboost|p2b: Tatsugiri|spa|2\n|faint|p1a: Farigiraf\n|move|p2a: Dondozo|Wave Crash|p1b: Weezing\n|-damage|p1b: Weezing|62\/100\n|-damage|p2a: Dondozo|31\/100|[from] Recoil\n|move|p1b: Weezing|Dazzling Gleam|p2a: Dondozo|[spread] p2a,p2b\n|-resisted|p2a: Dondozo\n|-supereffective|p2b: Tatsugiri\n|-damage|p2a: Dondozo|19\/100\n|-damage|p2b: Tatsugiri|0 fnt\n|faint|p2b: Tatsugiri\n|\n|-heal|p2a: Dondozo|25\/100|[from] item: Leftovers\n|upkeep\n|\n|t:|1731599964\n|switch|p2b: Gengar|Gengar, L50, M|100\/100\n|switch|p1a: Ursaluna|Ursaluna-Bloodmoon, L50, M, tera:Normal|28\/100\n|turn|7\n|\n|t:|1731599970\n|move|p1a: Ursaluna|Protect|p1a: Ursaluna\n|-singleturn|p1a: Ursaluna|Protect\n|move|p2b: Gengar|Sludge Wave|p1b: Weezing|[spread] p1b\n|-activate|p1a: Ursaluna|move: Protect\n|-immune|p2a: Dondozo\n|-damage|p1b: Weezing|12\/100\n|move|p2a: Dondozo|Heavy Slam|p1b: Weezing\n|-supereffective|p1b: Weezing\n|-damage|p1b: Weezing|0 fnt\n|faint|p1b: Weezing\n|-end|p1b: Weezing|ability: Neutralizing Gas\n|\n|-heal|p2a: Dondozo|31\/100|[from] item: Leftovers\n|upkeep\n|turn|8\n|-message|vgclth elowyn forfeited.\n|\n|win|Smurshifu\n|raw|vgclth elowyn's rating: 1711 &rarr; <strong>1692<\/strong><br \/>(-19 for losing)\n|raw|Smurshifu's rating: 1725 &rarr; <strong>1744<\/strong><br \/>(+19 for winning)\n|l|\u2606vgclth elowyn\n|player|p1|\n|l|\u2606Smurshifu\n|player|p2|\n|l| DragonKenergy\n","uploadtime":1731600121,"views":34,"formatid":"gen9vgc2024regh","rating":1692,"private":0,"password":null}