{"id":"gen9vgc2024regh-2243135368","format":"[Gen 9] VGC 2024 Reg H","players":["HumanRat","VGCLTH <1000ELO"],"log":"|raw|<div class=\"broadcast-blue\"><strong>This battle is required to be public due to a player having a name starting with 'vgclth'.<\/div>\n|j|\u2606HumanRat\n|j|\u2606VGCLTH <1000ELO\n|t:|1731515249\n|gametype|doubles\n|player|p1|HumanRat|rocketgrunt|1717\n|player|p2|VGCLTH <1000ELO|1|1735\n|teamsize|p1|6\n|teamsize|p2|6\n|gen|9\n|tier|[Gen 9] VGC 2024 Reg H\n|rated|\n|rule|Species Clause: Limit one of each Pok\u00e9mon\n|rule|Item Clause: Limit 1 of each item\n|clearpoke\n|poke|p1|Talonflame, L50, F|\n|poke|p1|Tyranitar, L50, F|\n|poke|p1|Milotic, L50, F|\n|poke|p1|Garchomp, L50, M|\n|poke|p1|Gholdengo, L50|\n|poke|p1|Electabuzz, L50, M|\n|poke|p2|Dondozo, L50, M|\n|poke|p2|Tatsugiri, L50, F|\n|poke|p2|Dragonite, L50, M|\n|poke|p2|Gholdengo, L50|\n|poke|p2|Glimmora, L50, F|\n|poke|p2|Talonflame, L50, M|\n|teampreview|4\n|inactive|Battle timer is ON: inactive players will automatically lose when time's up. (requested by VGCLTH <1000ELO)\n|inactive|HumanRat has 60 seconds left.\n|inactive|VGCLTH <1000ELO has 60 seconds left.\n|inactive|VGCLTH <1000ELO has 30 seconds left.\n|inactive|VGCLTH <1000ELO has 20 seconds left.\n|\n|t:|1731515322\n|start\n|switch|p1a: Talonflame|Talonflame, L50, F|100\/100\n|switch|p1b: Garchomp|Garchomp, L50, M|100\/100\n|switch|p2a: Dragonite|Dragonite, L50, M|100\/100\n|switch|p2b: Glimmora|Glimmora, L50, F|100\/100\n|turn|1\n|\n|t:|1731515327\n|-terastallize|p2b: Glimmora|Grass\n|move|p1a: Talonflame|Protect|p1a: Talonflame\n|-singleturn|p1a: Talonflame|Protect\n|move|p1b: Garchomp|Dragon Claw|p2a: Dragonite\n|-supereffective|p2a: Dragonite\n|-damage|p2a: Dragonite|47\/100\n|-damage|p1b: Garchomp|91\/100|[from] item: Life Orb\n|move|p2b: Glimmora|Power Gem|p1a: Talonflame\n|-activate|p1a: Talonflame|move: Protect\n|move|p2a: Dragonite|Earthquake|p1b: Garchomp|[spread] p2b,p1b\n|-activate|p1a: Talonflame|move: Protect\n|-resisted|p2b: Glimmora\n|-damage|p2b: Glimmora|82\/100\n|-damage|p1b: Garchomp|43\/100\n|-activate|p2b: Glimmora|ability: Toxic Debris\n|-sidestart|p1: HumanRat|move: Toxic Spikes\n|\n|upkeep\n|turn|2\n|\n|t:|1731515338\n|switch|p2a: Dondozo|Dondozo, L50, M|100\/100\n|move|p1a: Talonflame|Brave Bird|p2b: Glimmora\n|-supereffective|p2b: Glimmora\n|-damage|p2b: Glimmora|11\/100\n|-activate|p2b: Glimmora|ability: Toxic Debris\n|-sidestart|p1: HumanRat|move: Toxic Spikes\n|-damage|p1a: Talonflame|73\/100|[from] Recoil\n|move|p1b: Garchomp|Dragon Claw|p2a: Dondozo\n|-damage|p2a: Dondozo|60\/100\n|-damage|p1b: Garchomp|34\/100|[from] item: Life Orb\n|move|p2b: Glimmora|Power Gem|p1a: Talonflame\n|-supereffective|p1a: Talonflame\n|-damage|p1a: Talonflame|0 fnt\n|faint|p1a: Talonflame\n|\n|-heal|p2a: Dondozo|67\/100|[from] item: Leftovers\n|upkeep\n|\n|t:|1731515350\n|switch|p1a: Gholdengo|Gholdengo, L50|100\/100\n|turn|3\n|\n|t:|1731515355\n|switch|p1b: Milotic|Milotic, L50, F|100\/100\n|-status|p1b: Milotic|tox\n|switch|p2b: Tatsugiri|Tatsugiri, L50, F|100\/100\n|-activate|p2b: Tatsugiri|ability: Commander|[of] p2a: Dondozo\n|-boost|p2a: Dondozo|atk|2\n|-boost|p2a: Dondozo|spa|2\n|-boost|p2a: Dondozo|spe|2\n|-boost|p2a: Dondozo|def|2\n|-boost|p2a: Dondozo|spd|2\n|move|p2a: Dondozo|Earthquake|p1a: Gholdengo|[spread] p1a,p1b\n|-miss|p2a: Dondozo|p2b: Tatsugiri\n|-supereffective|p1a: Gholdengo\n|-damage|p1a: Gholdengo|0 fnt\n|-damage|p1b: Milotic|49\/100 tox\n|-enditem|p1b: Milotic|Sitrus Berry|[eat]\n|-heal|p1b: Milotic|74\/100 tox|[from] item: Sitrus Berry\n|faint|p1a: Gholdengo\n|\n|-heal|p2a: Dondozo|73\/100|[from] item: Leftovers\n|-damage|p1b: Milotic|68\/100 tox|[from] psn\n|upkeep\n|\n|t:|1731515361\n|switch|p1a: Garchomp|Garchomp, L50, M|34\/100\n|-status|p1a: Garchomp|tox\n|turn|4\n|\n|t:|1731515369\n|-terastallize|p1b: Milotic|Grass\n|move|p1a: Garchomp|Protect|p1a: Garchomp\n|-singleturn|p1a: Garchomp|Protect\n|move|p2a: Dondozo|Wave Crash|p1b: Milotic\n|-resisted|p1b: Milotic\n|-damage|p1b: Milotic|4\/100 tox\n|-damage|p2a: Dondozo|54\/100|[from] Recoil\n|move|p1b: Milotic|Haze|p1b: Milotic\n|-clearallboost\n|\n|-heal|p2a: Dondozo|60\/100|[from] item: Leftovers\n|-damage|p1a: Garchomp|28\/100 tox|[from] psn\n|-damage|p1b: Milotic|0 fnt|[from] psn\n|faint|p1b: Milotic\n|upkeep\n|turn|5\n|\n|t:|1731515375\n|move|p2a: Dondozo|Protect|p2a: Dondozo\n|-singleturn|p2a: Dondozo|Protect\n|move|p1a: Garchomp|Earthquake|p2b: Tatsugiri|[spread] \n|-miss|p1a: Garchomp|p2b: Tatsugiri\n|-activate|p2a: Dondozo|move: Protect\n|\n|-heal|p2a: Dondozo|66\/100|[from] item: Leftovers\n|-damage|p1a: Garchomp|16\/100 tox|[from] psn\n|upkeep\n|turn|6\n|\n|t:|1731515378\n|move|p1a: Garchomp|Dragon Claw|p2a: Dondozo\n|-damage|p2a: Dondozo|24\/100\n|-damage|p1a: Garchomp|6\/100 tox|[from] item: Life Orb\n|move|p2a: Dondozo|Wave Crash|p1a: Garchomp\n|-crit|p1a: Garchomp\n|-damage|p1a: Garchomp|0 fnt\n|-damage|p2a: Dondozo|12\/100|[from] ability: Rough Skin|[of] p1a: Garchomp\n|faint|p1a: Garchomp\n|-damage|p2a: Dondozo|11\/100|[from] Recoil\n|\n|win|VGCLTH <1000ELO\n|raw|HumanRat's rating: 1717 &rarr; <strong>1698<\/strong><br \/>(-19 for losing)\n|raw|VGCLTH &lt;1000ELO's rating: 1735 &rarr; <strong>1754<\/strong><br \/>(+19 for winning)\n|l|\u2606VGCLTH <1000ELO\n|player|p2|\n|l|\u2606HumanRat\n|player|p1|\n","uploadtime":1731515621,"views":29,"formatid":"gen9vgc2024regh","rating":1698,"private":0,"password":null}