{"id":"gen9vgc2024regh-2243477627","format":"[Gen 9] VGC 2024 Reg H","players":["VGCLTH Rishi","don't use magmar"],"log":"|raw|<div class=\"broadcast-blue\"><strong>This battle is required to be public due to a player having a name starting with 'vgclth'.<\/div>\n|j|\u2606VGCLTH Rishi\n|j|\u2606don't use magmar\n|t:|1731551854\n|gametype|doubles\n|player|p1|VGCLTH Rishi|101|1736\n|player|p2|don't use magmar|lucas|1823\n|teamsize|p1|6\n|teamsize|p2|6\n|gen|9\n|tier|[Gen 9] VGC 2024 Reg H\n|rated|\n|rule|Species Clause: Limit one of each Pok\u00e9mon\n|rule|Item Clause: Limit 1 of each item\n|clearpoke\n|poke|p1|Kommo-o, L50, F|\n|poke|p1|Rillaboom, L50, M|\n|poke|p1|Tyranitar, L50, F|\n|poke|p1|Talonflame, L50, M|\n|poke|p1|Gholdengo, L50|\n|poke|p1|Milotic, L50, M|\n|poke|p2|Incineroar, L50, F|\n|poke|p2|Amoonguss, L50, M|\n|poke|p2|Gholdengo, L50|\n|poke|p2|Sneasler, L50, M|\n|poke|p2|Palafin, L50, F|\n|poke|p2|Dragapult, L50, F|\n|teampreview|4\n|\n|t:|1731551905\n|start\n|switch|p1a: Milotic|Milotic, L50, M|100\/100\n|switch|p1b: Gholdengo|Gholdengo, L50|100\/100\n|switch|p2a: Palafin|Palafin, L50, F|100\/100\n|switch|p2b: Gholdengo|Gholdengo, L50|100\/100\n|turn|1\n|j| VGCLTH TnB\n|\n|t:|1731551968\n|detailschange|p2a: Palafin|Palafin-Hero, L50, F\n|switch|p2a: Sneasler|Sneasler, L50, M|100\/100\n|-terastallize|p1b: Gholdengo|Steel\n|-terastallize|p2b: Gholdengo|Steel\n|move|p1b: Gholdengo|Shadow Ball|p2b: Gholdengo\n|-damage|p2b: Gholdengo|26\/100\n|move|p2b: Gholdengo|Shadow Ball|p1b: Gholdengo\n|-damage|p1b: Gholdengo|36\/100\n|-damage|p2b: Gholdengo|16\/100|[from] item: Life Orb\n|move|p1a: Milotic|Scald|p2b: Gholdengo\n|-damage|p2b: Gholdengo|0 fnt\n|faint|p2b: Gholdengo\n|\n|upkeep\n|\n|t:|1731551976\n|switch|p2b: Palafin|Palafin-Hero, L50, F|100\/100\n|-activate|p2b: Palafin|ability: Zero to Hero\n|turn|2\n|\n|t:|1731551990\n|move|p2b: Palafin|Jet Punch|p1b: Gholdengo\n|-damage|p1b: Gholdengo|0 fnt\n|faint|p1b: Gholdengo\n|move|p2a: Sneasler|Close Combat|p1a: Milotic\n|-damage|p1a: Milotic|40\/100\n|-unboost|p2a: Sneasler|def|1\n|-unboost|p2a: Sneasler|spd|1\n|-enditem|p1a: Milotic|Sitrus Berry|[eat]\n|-heal|p1a: Milotic|65\/100|[from] item: Sitrus Berry\n|move|p1a: Milotic|Scald|p2a: Sneasler\n|-damage|p2a: Sneasler|18\/100\n|\n|upkeep\n|\n|t:|1731551996\n|switch|p1b: Rillaboom|Rillaboom, L50, M, shiny|100\/100\n|-fieldstart|move: Grassy Terrain|[from] ability: Grassy Surge|[of] p1b: Rillaboom\n|turn|3\n|\n|t:|1731552016\n|switch|p2b: Incineroar|Incineroar, L50, F|100\/100\n|-ability|p2b: Incineroar|Intimidate|boost\n|-unboost|p1a: Milotic|atk|1\n|-ability|p1a: Milotic|Competitive|boost\n|-boost|p1a: Milotic|spa|2\n|-unboost|p1b: Rillaboom|atk|1\n|move|p2a: Sneasler|Protect|p2a: Sneasler\n|-singleturn|p2a: Sneasler|Protect\n|move|p1b: Rillaboom|Grassy Glide|p2a: Sneasler\n|-activate|p2a: Sneasler|move: Protect\n|move|p1a: Milotic|Scald|p2b: Incineroar\n|-supereffective|p2b: Incineroar\n|-damage|p2b: Incineroar|0 fnt\n|faint|p2b: Incineroar\n|\n|-heal|p2a: Sneasler|24\/100|[from] Grassy Terrain\n|-heal|p1a: Milotic|71\/100|[from] Grassy Terrain\n|upkeep\n|\n|t:|1731552018\n|switch|p2b: Palafin|Palafin-Hero, L50, F|100\/100\n|turn|4\n|\n|t:|1731552026\n|move|p2b: Palafin|Jet Punch|p1a: Milotic\n|-resisted|p1a: Milotic\n|-damage|p1a: Milotic|45\/100\n|move|p1b: Rillaboom|Grassy Glide|p2a: Sneasler\n|-resisted|p2a: Sneasler\n|-damage|p2a: Sneasler|0 fnt\n|faint|p2a: Sneasler\n|move|p1a: Milotic|Scald|p2b: Palafin\n|-resisted|p2b: Palafin\n|-damage|p2b: Palafin|66\/100\n|\n|-heal|p2b: Palafin|72\/100|[from] Grassy Terrain\n|-heal|p1a: Milotic|52\/100|[from] Grassy Terrain\n|upkeep\n|turn|5\n|-message|don't use magmar forfeited.\n|\n|win|VGCLTH Rishi\n|raw|VGCLTH Rishi's rating: 1736 &rarr; <strong>1761<\/strong><br \/>(+25 for winning)\n|raw|don&apos;t use magmar's rating: 1823 &rarr; <strong>1798<\/strong><br \/>(-25 for losing)\n|l|\u2606VGCLTH Rishi\n|player|p1|\n|l|\u2606don't use magmar\n|player|p2|\n|j|\u2606don't use magmar\n|player|p2|don't use magmar|lucas|\n|l| VGCLTH TnB\n","uploadtime":1731552140,"views":85,"formatid":"gen9vgc2024regh","rating":1761,"private":0,"password":null}