{"id":"gen9vgc2024regh-2243765737","format":"[Gen 9] VGC 2024 Reg H","players":["DanielTail","vgclth elowyn"],"log":"|raw|<div class=\"broadcast-blue\"><strong>This battle is required to be public due to a player having a name starting with 'vgclth'.<\/div>\n|j|\u2606DanielTail\n|j|\u2606vgclth elowyn\n|t:|1731596998\n|gametype|doubles\n|player|p1|DanielTail|101|1657\n|player|p2|vgclth elowyn|1|1795\n|teamsize|p1|6\n|teamsize|p2|6\n|gen|9\n|tier|[Gen 9] VGC 2024 Reg H\n|rated|\n|rule|Species Clause: Limit one of each Pok\u00e9mon\n|rule|Item Clause: Limit 1 of each item\n|clearpoke\n|poke|p1|Dugtrio, L50, F|\n|poke|p1|Ninetales-Alola, L50, F|\n|poke|p1|Rotom-Heat, L50|\n|poke|p1|Incineroar, L50, F|\n|poke|p1|Kommo-o, L50, F|\n|poke|p1|Dragonite, L50, M|\n|poke|p2|Smeargle, L50, F|\n|poke|p2|Farigiraf, L50, M|\n|poke|p2|Maushold-Four, L50|\n|poke|p2|Torkoal, L50, F|\n|poke|p2|Ursaluna-Bloodmoon, L50, M|\n|poke|p2|Weezing-Galar, L50, M|\n|teampreview|4\n|inactive|Battle timer is ON: inactive players will automatically lose when time's up. (requested by vgclth elowyn)\n|inactive|DanielTail has 60 seconds left.\n|\n|t:|1731597069\n|start\n|switch|p1a: Dugtrio|Dugtrio, L50, F|100\/100\n|switch|p1b: Rotom|Rotom-Heat, L50|100\/100\n|switch|p2a: Smeargle|Smeargle, L50, F|100\/100\n|switch|p2b: Farigiraf|Farigiraf, L50, M|100\/100\n|turn|1\n|\n|t:|1731597079\n|move|p2a: Smeargle|Fake Out|p1b: Rotom\n|-damage|p1b: Rotom|94\/100\n|move|p1a: Dugtrio|Endeavor|p2b: Farigiraf\n|-damage|p2b: Farigiraf|42\/100\n|cant|p1b: Rotom|flinch\n|move|p2b: Farigiraf|Trick Room|p2b: Farigiraf\n|-fieldstart|move: Trick Room|[of] p2b: Farigiraf\n|\n|-ability|p2a: Smeargle|Moody|boost\n|-boost|p2a: Smeargle|spe|2\n|-unboost|p2a: Smeargle|spd|1\n|-enditem|p2a: Smeargle|Eject Pack\n|upkeep\n|\n|t:|1731597089\n|switch|p2a: Ursaluna|Ursaluna-Bloodmoon, L50, M|100\/100\n|turn|2\n|\n|t:|1731597110\n|-terastallize|p2a: Ursaluna|Normal\n|move|p1a: Dugtrio|Protect|p1a: Dugtrio\n|-singleturn|p1a: Dugtrio|Protect\n|move|p2b: Farigiraf|Twin Beam|p1a: Dugtrio\n|-activate|p1a: Dugtrio|move: Protect\n|move|p2a: Ursaluna|Hyper Voice|p1a: Dugtrio|[spread] p1b\n|-activate|p1a: Dugtrio|move: Protect\n|-damage|p1b: Rotom|17\/100\n|-damage|p2a: Ursaluna|90\/100|[from] item: Life Orb\n|move|p1b: Rotom|Volt Switch|p2b: Farigiraf\n|-damage|p2b: Farigiraf|1\/100\n|\n|t:|1731597121\n|switch|p1b: Kommo-o|Kommo-o, L50, F|100\/100|[from] Volt Switch\n|\n|upkeep\n|turn|3\n|j| MinamiSimp\n|\n|t:|1731597144\n|switch|p1a: Incineroar|Incineroar, L50, F|100\/100\n|-ability|p1a: Incineroar|Intimidate|boost\n|-unboost|p2a: Ursaluna|atk|1\n|-unboost|p2b: Farigiraf|atk|1\n|-terastallize|p1b: Kommo-o|Psychic\n|move|p2b: Farigiraf|Twin Beam|p1a: Incineroar\n|-immune|p1a: Incineroar\n|move|p2a: Ursaluna|Hyper Voice|p1b: Kommo-o|[spread] p1a,p1b\n|-damage|p1a: Incineroar|47\/100\n|-damage|p1b: Kommo-o|52\/100\n|-enditem|p1a: Incineroar|Sitrus Berry|[eat]\n|-heal|p1a: Incineroar|71\/100|[from] item: Sitrus Berry\n|-damage|p2a: Ursaluna|80\/100|[from] item: Life Orb\n|move|p1b: Kommo-o|Clanging Scales|p2a: Ursaluna|[spread] p2a,p2b\n|-damage|p2a: Ursaluna|34\/100\n|-damage|p2b: Farigiraf|0 fnt\n|faint|p2b: Farigiraf\n|-unboost|p1b: Kommo-o|def|1\n|\n|upkeep\n|\n|t:|1731597149\n|switch|p2b: Torkoal|Torkoal, L50, F|100\/100\n|-weather|SunnyDay|[from] ability: Drought|[of] p2b: Torkoal\n|turn|4\n|\n|t:|1731597163\n|move|p1a: Incineroar|Fake Out|p2b: Torkoal\n|-damage|p2b: Torkoal|92\/100\n|move|p1b: Kommo-o|Vacuum Wave|p2a: Ursaluna\n|-supereffective|p2a: Ursaluna\n|-damage|p2a: Ursaluna|0 fnt\n|faint|p2a: Ursaluna\n|cant|p2b: Torkoal|flinch\n|\n|-weather|SunnyDay|[upkeep]\n|upkeep\n|l| MinamiSimp\n|\n|t:|1731597184\n|switch|p2a: Smeargle|Smeargle, L50, F|100\/100\n|turn|5\n|\n|t:|1731597191\n|move|p2a: Smeargle|Fake Out|p1a: Incineroar\n|-damage|p1a: Incineroar|67\/100\n|move|p1b: Kommo-o|Vacuum Wave|p2b: Torkoal\n|-damage|p2b: Torkoal|68\/100\n|move|p2b: Torkoal|Eruption|p1b: Kommo-o|[spread] p1a,p1b\n|-resisted|p1a: Incineroar\n|-damage|p1a: Incineroar|40\/100\n|-damage|p1b: Kommo-o|0 fnt\n|faint|p1b: Kommo-o\n|cant|p1a: Incineroar|flinch\n|\n|-weather|SunnyDay|[upkeep]\n|-fieldend|move: Trick Room\n|-ability|p2a: Smeargle|Moody|boost\n|-boost|p2a: Smeargle|def|2\n|-unboost|p2a: Smeargle|spd|1\n|upkeep\n|\n|t:|1731597203\n|switch|p1b: Rotom|Rotom-Heat, L50|17\/100\n|turn|6\n|\n|t:|1731597223\n|move|p2a: Smeargle|Spore|p1a: Incineroar\n|-status|p1a: Incineroar|slp|[from] move: Spore\n|move|p1b: Rotom|Overheat|p2a: Smeargle\n|-damage|p2a: Smeargle|0 fnt\n|-unboost|p1b: Rotom|spa|2\n|faint|p2a: Smeargle\n|cant|p1a: Incineroar|slp\n|move|p2b: Torkoal|Eruption|p1a: Incineroar|[spread] p1a,p1b\n|-resisted|p1a: Incineroar\n|-resisted|p1b: Rotom\n|-damage|p1a: Incineroar|12\/100 slp\n|-damage|p1b: Rotom|0 fnt\n|faint|p1b: Rotom\n|\n|-weather|SunnyDay|[upkeep]\n|upkeep\n|\n|t:|1731597227\n|switch|p1b: Dugtrio|Dugtrio, L50, F|100\/100\n|turn|7\n|\n|t:|1731597233\n|move|p1b: Dugtrio|Earthquake|p2b: Torkoal|[spread] p1a,p2b\n|-supereffective|p1a: Incineroar\n|-supereffective|p2b: Torkoal\n|-damage|p1a: Incineroar|0 fnt\n|-damage|p2b: Torkoal|23\/100\n|faint|p1a: Incineroar\n|move|p2b: Torkoal|Eruption|p1b: Dugtrio\n|-damage|p1b: Dugtrio|22\/100\n|\n|-weather|SunnyDay|[upkeep]\n|upkeep\n|turn|8\n|\n|t:|1731597236\n|move|p1b: Dugtrio|Earthquake|p2b: Torkoal\n|-supereffective|p2b: Torkoal\n|-damage|p2b: Torkoal|0 fnt\n|faint|p2b: Torkoal\n|\n|win|DanielTail\n|raw|DanielTail's rating: 1657 &rarr; <strong>1685<\/strong><br \/>(+28 for winning)\n|raw|vgclth elowyn's rating: 1807 &rarr; <strong>1779<\/strong><br \/>(-28 for losing)\n|l|\u2606vgclth elowyn\n|player|p2|\n|l|\u2606DanielTail\n|player|p1|\n","uploadtime":1731597497,"views":23,"formatid":"gen9vgc2024regh","rating":1685,"private":0,"password":null}