{"id":"gen9vgc2024regh-2243236679","format":"[Gen 9] VGC 2024 Reg H","players":["Filefate","VGCLTH Cuwutie"],"log":"|raw|<div class=\"broadcast-blue\"><strong>This battle is required to be public due to a player having a name starting with 'vgclth'.<\/div>\n|j|\u203dFilefate\n|j|\u2606VGCLTH Cuwutie\n|t:|1731524832\n|gametype|doubles\n|player|p1|Filefate|hiker-gen4|1679\n|player|p2|VGCLTH Cuwutie|102|1696\n|teamsize|p1|6\n|teamsize|p2|6\n|gen|9\n|tier|[Gen 9] VGC 2024 Reg H\n|rated|\n|rule|Species Clause: Limit one of each Pok\u00e9mon\n|rule|Item Clause: Limit 1 of each item\n|clearpoke\n|poke|p1|Annihilape, L50, F|\n|poke|p1|Electrode-Hisui, L50|\n|poke|p1|Archaludon, L50, M|\n|poke|p1|Pelipper, L50, F|\n|poke|p1|Gothitelle, L50, F|\n|poke|p1|Basculegion, L50, M|\n|poke|p2|Smeargle, L50, M|\n|poke|p2|Farigiraf, L50, F|\n|poke|p2|Grimmsnarl, L50, M|\n|poke|p2|Torkoal, L50, M|\n|poke|p2|Ursaluna-Bloodmoon, L50, M|\n|poke|p2|Weezing-Galar, L50, F|\n|teampreview|4\n|inactive|Battle timer is ON: inactive players will automatically lose when time's up. (requested by Filefate)\n|inactive|Filefate has 60 seconds left.\n|\n|t:|1731524883\n|start\n|switch|p1a: Gothitelle|Gothitelle, L50, F, shiny|100\/100\n|switch|p1b: Electrode|Electrode-Hisui, L50|100\/100\n|switch|p2a: Smeargle|Smeargle, L50, M|100\/100\n|switch|p2b: Farigiraf|Farigiraf, L50, F|100\/100\n|turn|1\n|inactive|VGCLTH Cuwutie has 30 seconds left.\n|\n|t:|1731524917\n|move|p1b: Electrode|Taunt|p2a: Smeargle\n|-start|p2a: Smeargle|move: Taunt\n|cant|p2a: Smeargle|move: Taunt|Spore\n|move|p1a: Gothitelle|Imprison|p1a: Gothitelle\n|-start|p1a: Gothitelle|move: Imprison\n|cant|p2b: Farigiraf|move: Imprison|Trick Room\n|\n|-ability|p2a: Smeargle|Moody|boost\n|-boost|p2a: Smeargle|spe|2\n|-unboost|p2a: Smeargle|atk|1\n|-enditem|p2a: Smeargle|Eject Pack\n|upkeep\n|\n|t:|1731524921\n|switch|p2a: Weezing|Weezing-Galar, L50, F|100\/100\n|-ability|p2a: Weezing|Neutralizing Gas\n|turn|2\n|\n|t:|1731524942\n|move|p2b: Farigiraf|Helping Hand|p2a: Weezing\n|-singleturn|p2a: Weezing|Helping Hand|[of] p2b: Farigiraf\n|move|p1b: Electrode|Worry Seed|p2a: Weezing\n|-end|p2a: Weezing|ability: Neutralizing Gas\n|-endability|p2a: Weezing|Neutralizing Gas|[from] move: Worry Seed\n|-ability|p2a: Weezing|Insomnia|[from] move: Worry Seed\n|move|p1a: Gothitelle|Expanding Force|p2a: Weezing\n|-supereffective|p2a: Weezing\n|-damage|p2a: Weezing|27\/100\n|move|p2a: Weezing|Dazzling Gleam|p1a: Gothitelle|[spread] p1a,p1b\n|-damage|p1a: Gothitelle|64\/100\n|-damage|p1b: Electrode|45\/100\n|\n|-heal|p1a: Gothitelle|71\/100|[from] item: Leftovers\n|upkeep\n|turn|3\n|j| lokoz lost\n|j| 2thyfor\n|inactive|VGCLTH Cuwutie has 30 seconds left.\n|inactive|VGCLTH Cuwutie has 20 seconds left.\n|\n|t:|1731524981\n|switch|p1b: Archaludon|Archaludon, L50, M|100\/100\n|move|p1a: Gothitelle|Expanding Force|p2a: Weezing\n|-supereffective|p2a: Weezing\n|-damage|p2a: Weezing|0 fnt\n|faint|p2a: Weezing\n|move|p2b: Farigiraf|Twin Beam|p1b: Archaludon\n|-resisted|p1b: Archaludon\n|-damage|p1b: Archaludon|95\/100\n|-ability|p1b: Archaludon|Stamina|boost\n|-boost|p1b: Archaludon|def|1\n|-resisted|p1b: Archaludon\n|-damage|p1b: Archaludon|91\/100\n|-ability|p1b: Archaludon|Stamina|boost\n|-boost|p1b: Archaludon|def|1\n|-hitcount|p1b: Archaludon|2\n|\n|-heal|p1a: Gothitelle|77\/100|[from] item: Leftovers\n|upkeep\n|\n|t:|1731524984\n|switch|p2a: Smeargle|Smeargle, L50, M|100\/100\n|turn|4\n|inactive|Filefate has 30 seconds left.\n|inactive|Filefate has 20 seconds left.\n|inactive|Filefate has 15 seconds left.\n|\n|t:|1731525029\n|move|p2a: Smeargle|Spore|p1b: Archaludon\n|-status|p1b: Archaludon|slp|[from] move: Spore\n|cant|p1b: Archaludon|slp\n|move|p1a: Gothitelle|Rain Dance|p1a: Gothitelle\n|-weather|RainDance\n|move|p2b: Farigiraf|Twin Beam|p1a: Gothitelle\n|-resisted|p1a: Gothitelle\n|-damage|p1a: Gothitelle|72\/100\n|-resisted|p1a: Gothitelle\n|-damage|p1a: Gothitelle|67\/100\n|-hitcount|p1a: Gothitelle|2\n|\n|-weather|RainDance|[upkeep]\n|-heal|p1a: Gothitelle|73\/100|[from] item: Leftovers\n|-ability|p2a: Smeargle|Moody|boost\n|-boost|p2a: Smeargle|def|2\n|-unboost|p2a: Smeargle|spe|1\n|upkeep\n|turn|5\n|\n|t:|1731525054\n|cant|p1b: Archaludon|slp\n|move|p2a: Smeargle|Spore|p1a: Gothitelle\n|-status|p1a: Gothitelle|slp|[from] move: Spore\n|cant|p1a: Gothitelle|slp\n|move|p2b: Farigiraf|Twin Beam|p1a: Gothitelle\n|-resisted|p1a: Gothitelle\n|-damage|p1a: Gothitelle|68\/100 slp\n|-resisted|p1a: Gothitelle\n|-damage|p1a: Gothitelle|63\/100 slp\n|-hitcount|p1a: Gothitelle|2\n|\n|-weather|RainDance|[upkeep]\n|-heal|p1a: Gothitelle|69\/100 slp|[from] item: Leftovers\n|-ability|p2a: Smeargle|Moody|boost\n|-boost|p2a: Smeargle|spa|2\n|-unboost|p2a: Smeargle|spe|1\n|upkeep\n|turn|6\n|inactive|VGCLTH Cuwutie has 30 seconds left.\n|inactive|VGCLTH Cuwutie has 20 seconds left.\n|inactive|VGCLTH Cuwutie has 15 seconds left.\n|j| fool card\n|inactive|VGCLTH Cuwutie has 10 seconds left.\n|l| lokoz lost\n|inactive|VGCLTH Cuwutie has 5 seconds left.\n|\n|t:|1731525109\n|move|p2b: Farigiraf|Helping Hand|p2a: Smeargle\n|-singleturn|p2a: Smeargle|Helping Hand|[of] p2b: Farigiraf\n|move|p2a: Smeargle|Follow Me|p2a: Smeargle\n|-singleturn|p2a: Smeargle|move: Follow Me\n|cant|p1b: Archaludon|slp\n|-curestatus|p1a: Gothitelle|slp|[msg]\n|move|p1a: Gothitelle|Expanding Force|p2a: Smeargle\n|-damage|p2a: Smeargle|44\/100\n|\n|-weather|RainDance|[upkeep]\n|-heal|p1a: Gothitelle|75\/100|[from] item: Leftovers\n|-ability|p2a: Smeargle|Moody|boost\n|-boost|p2a: Smeargle|spa|2\n|-unboost|p2a: Smeargle|atk|1\n|upkeep\n|turn|7\n|l| 2thyfor\n|inactive|Filefate has 30 seconds left.\n|inactive|VGCLTH Cuwutie has 30 seconds left.\n|inactive|VGCLTH Cuwutie has 20 seconds left.\n|inactive|VGCLTH Cuwutie has 15 seconds left.\n|inactive|VGCLTH Cuwutie has 10 seconds left.\n|\n|t:|1731525155\n|-curestatus|p1b: Archaludon|slp|[msg]\n|move|p1b: Archaludon|Electro Shot||[still]\n|-prepare|p1b: Archaludon|Electro Shot\n|-boost|p1b: Archaludon|spa|1\n|-anim|p1b: Archaludon|Electro Shot|p2b: Farigiraf\n|-damage|p2b: Farigiraf|56\/100\n|move|p1a: Gothitelle|Expanding Force|p2a: Smeargle\n|-damage|p2a: Smeargle|0 fnt\n|faint|p2a: Smeargle\n|move|p2b: Farigiraf|Twin Beam|p1a: Gothitelle\n|-resisted|p1a: Gothitelle\n|-damage|p1a: Gothitelle|69\/100\n|-resisted|p1a: Gothitelle\n|-damage|p1a: Gothitelle|64\/100\n|-hitcount|p1a: Gothitelle|2\n|\n|-weather|RainDance|[upkeep]\n|-heal|p1a: Gothitelle|71\/100|[from] item: Leftovers\n|upkeep\n|\n|t:|1731525170\n|switch|p2a: Torkoal|Torkoal, L50, M|100\/100\n|-weather|SunnyDay|[from] ability: Drought|[of] p2a: Torkoal\n|turn|8\n|\n|t:|1731525185\n|switch|p1a: Pelipper|Pelipper, L50, F|100\/100\n|-weather|RainDance|[from] ability: Drizzle|[of] p1a: Pelipper\n|-terastallize|p2a: Torkoal|Fire\n|move|p2b: Farigiraf|Helping Hand|p2a: Torkoal\n|-singleturn|p2a: Torkoal|Helping Hand|[of] p2b: Farigiraf\n|move|p1b: Archaludon|Electro Shot||[still]\n|-prepare|p1b: Archaludon|Electro Shot\n|-boost|p1b: Archaludon|spa|1\n|-anim|p1b: Archaludon|Electro Shot|p2a: Torkoal\n|-damage|p2a: Torkoal|0 fnt\n|faint|p2a: Torkoal\n|\n|-weather|RainDance|[upkeep]\n|upkeep\n|turn|9\n|-message|VGCLTH Cuwutie forfeited.\n|\n|win|Filefate\n|raw|Filefate's rating: 1679 &rarr; <strong>1702<\/strong><br \/>(+23 for winning)\n|raw|VGCLTH Cuwutie's rating: 1737 &rarr; <strong>1714<\/strong><br \/>(-23 for losing)\n|l| fool card\n|j| fool card\n|l|\u203dFilefate\n|player|p1|\n|l|\u2606VGCLTH Cuwutie\n|player|p2|\n","uploadtime":1731525385,"views":33,"formatid":"gen9vgc2024regh","rating":1702,"private":0,"password":null}