{"id":"gen9vgc2024regh-2243702335","format":"[Gen 9] VGC 2024 Reg H","players":["VGCLTH SWM","VGCLTH Rishi"],"log":"|j|\u2606VGCLTH SWM\n|j|\u2606VGCLTH Rishi\n|t:|1731590036\n|gametype|doubles\n|player|p1|VGCLTH SWM|hugh|1802\n|player|p2|VGCLTH Rishi|shauntal|1774\n|teamsize|p1|6\n|teamsize|p2|6\n|gen|9\n|tier|[Gen 9] VGC 2024 Reg H\n|rated|\n|rule|Species Clause: Limit one of each Pok\u00e9mon\n|rule|Item Clause: Limit 1 of each item\n|clearpoke\n|poke|p1|Pelipper, L50, F|\n|poke|p1|Archaludon, L50, F|\n|poke|p1|Rillaboom, L50, M|\n|poke|p1|Sneasler, L50, M|\n|poke|p1|Incineroar, L50, M|\n|poke|p1|Gholdengo, L50|\n|poke|p2|Kommo-o, L50, F|\n|poke|p2|Rillaboom, L50, M|\n|poke|p2|Tyranitar, L50, F|\n|poke|p2|Talonflame, L50, F|\n|poke|p2|Gholdengo, L50|\n|poke|p2|Milotic, L50, M|\n|teampreview|4\n|c|\u2606VGCLTH Rishi|the run back after you beat my ass\n|c|\u2606VGCLTH Rishi|glhf\n|\n|t:|1731590138\n|start\n|switch|p1a: Pelipper|Pelipper, L50, F|100\/100\n|switch|p1b: Archaludon|Archaludon, L50, F|100\/100\n|switch|p2a: Kommo-o|Kommo-o, L50, F|100\/100\n|switch|p2b: Talonflame|Talonflame, L50, F|100\/100\n|-weather|RainDance|[from] ability: Drizzle|[of] p1a: Pelipper\n|turn|1\n|\n|t:|1731590156\n|switch|p2b: Tyranitar|Tyranitar, L50, F|100\/100\n|-weather|Sandstorm|[from] ability: Sand Stream|[of] p2b: Tyranitar\n|-terastallize|p1b: Archaludon|Electric\n|-terastallize|p2a: Kommo-o|Steel\n|move|p1a: Pelipper|Weather Ball|p2b: Tyranitar\n|-damage|p2b: Tyranitar|89\/100\n|move|p1b: Archaludon|Electro Shot||[still]\n|-prepare|p1b: Archaludon|Electro Shot\n|-boost|p1b: Archaludon|spa|1\n|-enditem|p1b: Archaludon|Power Herb\n|-anim|p1b: Archaludon|Electro Shot|p2a: Kommo-o\n|-damage|p2a: Kommo-o|12\/100\n|move|p2a: Kommo-o|Iron Defense|p2a: Kommo-o\n|-boost|p2a: Kommo-o|def|2\n|\n|-weather|Sandstorm|[upkeep]\n|-damage|p1a: Pelipper|95\/100|[from] Sandstorm\n|-damage|p1b: Archaludon|94\/100|[from] Sandstorm\n|-heal|p2a: Kommo-o|18\/100|[from] item: Leftovers\n|upkeep\n|turn|2\n|\n|t:|1731590189\n|switch|p1a: Rillaboom|Rillaboom, L50, M|100\/100\n|-fieldstart|move: Grassy Terrain|[from] ability: Grassy Surge|[of] p1a: Rillaboom\n|move|p2a: Kommo-o|Protect|p2a: Kommo-o\n|-singleturn|p2a: Kommo-o|Protect\n|move|p1b: Archaludon|Dragon Pulse|p2a: Kommo-o\n|-activate|p2a: Kommo-o|move: Protect\n|move|p2b: Tyranitar|Rock Slide|p1a: Rillaboom|[spread] p1a,p1b\n|-damage|p1a: Rillaboom|69\/100\n|-damage|p1b: Archaludon|67\/100\n|\n|-weather|Sandstorm|[upkeep]\n|-damage|p1b: Archaludon|61\/100|[from] Sandstorm\n|-damage|p1a: Rillaboom|63\/100|[from] Sandstorm\n|-heal|p1b: Archaludon|67\/100|[from] Grassy Terrain\n|-heal|p1a: Rillaboom|69\/100|[from] Grassy Terrain\n|-heal|p2a: Kommo-o|24\/100|[from] Grassy Terrain\n|-heal|p2a: Kommo-o|31\/100|[from] item: Leftovers\n|-heal|p2b: Tyranitar|95\/100|[from] Grassy Terrain\n|upkeep\n|turn|3\n|\n|t:|1731590218\n|switch|p2b: Gholdengo|Gholdengo, L50|100\/100\n|move|p1b: Archaludon|Dragon Pulse|p2a: Kommo-o\n|-resisted|p2a: Kommo-o\n|-damage|p2a: Kommo-o|4\/100\n|move|p1a: Rillaboom|Wood Hammer|p2b: Gholdengo\n|-resisted|p2b: Gholdengo\n|-damage|p2b: Gholdengo|60\/100\n|-damage|p1a: Rillaboom|58\/100|[from] Recoil\n|move|p2a: Kommo-o|Body Press|p1a: Rillaboom\n|-damage|p1a: Rillaboom|0 fnt\n|faint|p1a: Rillaboom\n|\n|-weather|Sandstorm|[upkeep]\n|-damage|p1b: Archaludon|61\/100|[from] Sandstorm\n|-heal|p1b: Archaludon|67\/100|[from] Grassy Terrain\n|-heal|p2b: Gholdengo|66\/100|[from] Grassy Terrain\n|-heal|p2a: Kommo-o|10\/100|[from] Grassy Terrain\n|-heal|p2a: Kommo-o|16\/100|[from] item: Leftovers\n|upkeep\n|\n|t:|1731590224\n|switch|p1a: Sneasler|Sneasler, L50, M|100\/100\n|-enditem|p1a: Sneasler|Grassy Seed\n|-boost|p1a: Sneasler|def|1|[from] item: Grassy Seed\n|turn|4\n|\n|t:|1731590252\n|move|p1a: Sneasler|Throat Chop|p2b: Gholdengo\n|-supereffective|p2b: Gholdengo\n|-damage|p2b: Gholdengo|0 fnt\n|faint|p2b: Gholdengo\n|move|p1b: Archaludon|Dragon Pulse|p2a: Kommo-o\n|-resisted|p2a: Kommo-o\n|-damage|p2a: Kommo-o|0 fnt\n|faint|p2a: Kommo-o\n|\n|-weather|Sandstorm|[upkeep]\n|-damage|p1a: Sneasler|95\/100|[from] Sandstorm\n|-damage|p1b: Archaludon|61\/100|[from] Sandstorm\n|-heal|p1a: Sneasler|100\/100|[from] Grassy Terrain\n|-heal|p1b: Archaludon|67\/100|[from] Grassy Terrain\n|upkeep\n|\n|t:|1731590255\n|switch|p2b: Tyranitar|Tyranitar, L50, F|95\/100\n|switch|p2a: Talonflame|Talonflame, L50, F|100\/100\n|turn|5\n|\n|t:|1731590283\n|move|p2a: Talonflame|Brave Bird|p1a: Sneasler\n|-supereffective|p1a: Sneasler\n|-damage|p1a: Sneasler|0 fnt\n|faint|p1a: Sneasler\n|-damage|p2a: Talonflame|67\/100|[from] Recoil\n|move|p1b: Archaludon|Dragon Pulse|p2a: Talonflame\n|-damage|p2a: Talonflame|0 fnt\n|faint|p2a: Talonflame\n|move|p2b: Tyranitar|Rock Slide|p1b: Archaludon\n|-damage|p1b: Archaludon|27\/100\n|\n|-weather|none\n|-heal|p1b: Archaludon|33\/100|[from] Grassy Terrain\n|-heal|p2b: Tyranitar|100\/100|[from] Grassy Terrain\n|upkeep\n|\n|t:|1731590285\n|switch|p1a: Pelipper|Pelipper, L50, F|95\/100\n|-weather|RainDance|[from] ability: Drizzle|[of] p1a: Pelipper\n|turn|6\n|\n|t:|1731590294\n|move|p1a: Pelipper|Weather Ball|p2b: Tyranitar\n|-supereffective|p2b: Tyranitar\n|-damage|p2b: Tyranitar|17\/100\n|move|p1b: Archaludon|Electro Shot||[still]\n|-prepare|p1b: Archaludon|Electro Shot\n|-boost|p1b: Archaludon|spa|1\n|-anim|p1b: Archaludon|Electro Shot|p2b: Tyranitar\n|-damage|p2b: Tyranitar|0 fnt\n|faint|p2b: Tyranitar\n|\n|win|VGCLTH SWM\n|raw|VGCLTH SWM's rating: 1802 &rarr; <strong>1820<\/strong><br \/>(+18 for winning)\n|raw|VGCLTH Rishi's rating: 1774 &rarr; <strong>1756<\/strong><br \/>(-18 for losing)\n|c|\u2606VGCLTH Rishi|ggs\n|l|\u2606VGCLTH Rishi\n|player|p2|\n|c|\u2606VGCLTH SWM|gg\n|l|\u2606VGCLTH SWM\n|player|p1|\n","uploadtime":1731590454,"views":26,"formatid":"gen9vgc2024regh","rating":1756,"private":0,"password":null}