{"id":"gen9vgc2024regh-2243379917","format":"[Gen 9] VGC 2024 Reg H","players":["VGCLTH Sac gaming","same blue"],"log":"|raw|<div class=\"broadcast-blue\"><strong>This battle is required to be public due to a player having a name starting with 'vgclth'.<\/div>\n|j|\u2606VGCLTH Sac gaming\n|j|\u2606same blue\n|t:|1731539599\n|gametype|doubles\n|player|p1|VGCLTH Sac gaming|steven|1734\n|player|p2|same blue|266|1788\n|teamsize|p1|6\n|teamsize|p2|6\n|gen|9\n|tier|[Gen 9] VGC 2024 Reg H\n|rated|\n|rule|Species Clause: Limit one of each Pok\u00e9mon\n|rule|Item Clause: Limit 1 of each item\n|clearpoke\n|poke|p1|Whimsicott, L50, M|\n|poke|p1|Dragonite, L50, M|\n|poke|p1|Ursaluna-Bloodmoon, L50, M|\n|poke|p1|Gholdengo, L50|\n|poke|p1|Incineroar, L50, F|\n|poke|p1|Annihilape, L50, M|\n|poke|p2|Annihilape, L50, F|\n|poke|p2|Grimmsnarl, L50, M|\n|poke|p2|Arcanine, L50, F|\n|poke|p2|Sinistcha, L50|\n|poke|p2|Maushold, L50|\n|poke|p2|Ursaluna-Bloodmoon, L50, M|\n|teampreview|4\nVGCLTH Sac gaming rejected open team sheets.\n|j| AlabamaChristian\n|\n|t:|1731539612\n|start\n|switch|p1a: Whimsicott|Whimsicott, L50, M|100\/100\n|switch|p1b: Annihilape|Annihilape, L50, M|100\/100\n|switch|p2a: Grimmsnarl|Grimmsnarl, L50, M|100\/100\n|switch|p2b: Arcanine|Arcanine, L50, F, shiny|100\/100\n|-ability|p2b: Arcanine|Intimidate|boost\n|-unboost|p1a: Whimsicott|atk|1\n|-unboost|p1b: Annihilape|atk|1\n|-ability|p1b: Annihilape|Defiant|boost\n|-boost|p1b: Annihilape|atk|2\n|turn|1\n|\n|t:|1731539626\n|-terastallize|p1b: Annihilape|Fighting\n|move|p1a: Whimsicott|Tailwind|p1a: Whimsicott\n|-sidestart|p1: VGCLTH Sac gaming|move: Tailwind\n|move|p2a: Grimmsnarl|Reflect|p2a: Grimmsnarl\n|-sidestart|p2: same blue|Reflect\n|move|p1b: Annihilape|Close Combat|p2b: Arcanine\n|-damage|p2b: Arcanine|22\/100\n|-unboost|p1b: Annihilape|def|1\n|-unboost|p1b: Annihilape|spd|1\n|move|p2b: Arcanine|Will-O-Wisp|p1b: Annihilape\n|-status|p1b: Annihilape|brn\n|\n|-damage|p1b: Annihilape|94\/100 brn|[from] brn\n|upkeep\n|turn|2\n|\n|t:|1731539649\n|move|p1a: Whimsicott|Moonblast|p2b: Arcanine\n|-resisted|p2b: Arcanine\n|-damage|p2b: Arcanine|2\/100\n|move|p1b: Annihilape|Final Gambit|p2a: Grimmsnarl\n|-damage|p2a: Grimmsnarl|8\/100\n|faint|p1b: Annihilape\n|move|p2b: Arcanine|Overheat|p1a: Whimsicott\n|-supereffective|p1a: Whimsicott\n|-enditem|p1a: Whimsicott|Focus Sash\n|-damage|p1a: Whimsicott|1\/100\n|-unboost|p2b: Arcanine|spa|2\n|move|p2a: Grimmsnarl|Spirit Break|p1a: Whimsicott\n|-damage|p1a: Whimsicott|0 fnt\n|faint|p1a: Whimsicott\n|\n|upkeep\n|\n|t:|1731539655\n|switch|p1a: Ursaluna|Ursaluna-Bloodmoon, L50, M|100\/100\n|switch|p1b: Gholdengo|Gholdengo, L50|100\/100\n|turn|3\n|\n|t:|1731539667\n|switch|p2b: Sinistcha|Sinistcha, L50|100\/100\n|-heal|p2a: Grimmsnarl|33\/100|[from] ability: Hospitality|[of] p2b: Sinistcha\n|move|p1a: Ursaluna|Vacuum Wave|p2a: Grimmsnarl\n|-damage|p2a: Grimmsnarl|18\/100\n|move|p2a: Grimmsnarl|Light Screen|p2a: Grimmsnarl\n|-sidestart|p2: same blue|move: Light Screen\n|move|p1b: Gholdengo|Make It Rain|p2b: Sinistcha|[spread] p2a,p2b\n|-supereffective|p2a: Grimmsnarl\n|-damage|p2a: Grimmsnarl|0 fnt\n|-damage|p2b: Sinistcha|59\/100\n|-unboost|p1b: Gholdengo|spa|1\n|faint|p2a: Grimmsnarl\n|\n|upkeep\n|\n|t:|1731539680\n|switch|p2a: Annihilape|Annihilape, L50, F, shiny|100\/100\n|turn|4\n|\n|t:|1731539684\n|move|p2a: Annihilape|Protect|p2a: Annihilape\n|-singleturn|p2a: Annihilape|Protect\n|move|p2b: Sinistcha|Protect|p2b: Sinistcha\n|-singleturn|p2b: Sinistcha|Protect\n|move|p1b: Gholdengo|Make It Rain|p2a: Annihilape|[spread] \n|-activate|p2a: Annihilape|move: Protect\n|-activate|p2b: Sinistcha|move: Protect\n|move|p1a: Ursaluna|Blood Moon|p2a: Annihilape\n|-activate|p2a: Annihilape|move: Protect\n|\n|-sideend|p1: VGCLTH Sac gaming|move: Tailwind\n|upkeep\n|turn|5\n|\n|t:|1731539704\n|-terastallize|p2a: Annihilape|Water\n|move|p2a: Annihilape|Bulk Up|p2a: Annihilape\n|-boost|p2a: Annihilape|atk|1\n|-boost|p2a: Annihilape|def|1\n|move|p1b: Gholdengo|Make It Rain|p2a: Annihilape|[spread] p2a,p2b\n|-resisted|p2a: Annihilape\n|-damage|p2a: Annihilape|84\/100\n|-damage|p2b: Sinistcha|30\/100\n|-unboost|p1b: Gholdengo|spa|1\n|-enditem|p2b: Sinistcha|Sitrus Berry|[eat]\n|-heal|p2b: Sinistcha|55\/100|[from] item: Sitrus Berry\n|move|p2b: Sinistcha|Life Dew|p2b: Sinistcha|[spread] p2a,p2b\n|-heal|p2a: Annihilape|100\/100\n|-heal|p2b: Sinistcha|80\/100\n|move|p1a: Ursaluna|Earth Power|p2a: Annihilape\n|-damage|p2a: Annihilape|66\/100\n|\n|-heal|p2a: Annihilape|71\/100|[from] item: Leftovers\n|upkeep\n|turn|6\n|\n|t:|1731539727\n|move|p2a: Annihilape|Drain Punch|p1a: Ursaluna\n|-supereffective|p1a: Ursaluna\n|-damage|p1a: Ursaluna|18\/100\n|-heal|p2a: Annihilape|100\/100|[from] drain|[of] p1a: Ursaluna\n|move|p1b: Gholdengo|Make It Rain|p2b: Sinistcha|[spread] p2a,p2b\n|-resisted|p2a: Annihilape\n|-damage|p2a: Annihilape|88\/100\n|-damage|p2b: Sinistcha|59\/100\n|-unboost|p1b: Gholdengo|spa|1\n|move|p2b: Sinistcha|Matcha Gotcha|p1b: Gholdengo|[spread] p1a,p1b\n|-supereffective|p1a: Ursaluna\n|-resisted|p1b: Gholdengo\n|-damage|p1a: Ursaluna|0 fnt\n|-heal|p2b: Sinistcha|69\/100|[from] drain|[of] p1a: Ursaluna\n|-damage|p1b: Gholdengo|86\/100\n|-heal|p2b: Sinistcha|76\/100|[from] drain|[of] p1b: Gholdengo\n|faint|p1a: Ursaluna\n|\n|-heal|p2a: Annihilape|94\/100|[from] item: Leftovers\n|upkeep\n|turn|7\n|-message|VGCLTH Sac gaming forfeited.\n|\n|win|same blue\n|raw|VGCLTH Sac gaming's rating: 1734 &rarr; <strong>1717<\/strong><br \/>(-17 for losing)\n|raw|same blue's rating: 1788 &rarr; <strong>1805<\/strong><br \/>(+17 for winning)\n|l|\u2606VGCLTH Sac gaming\n|player|p1|\n|l|\u2606same blue\n|player|p2|\n|j|\u2606same blue\n|player|p2|same blue|266|\n|l|\u2606same blue\n|player|p2|\n","uploadtime":1731539877,"views":29,"formatid":"gen9vgc2024regh","rating":1717,"private":0,"password":null}