{"id":"gen9vgc2024regh-2243702168","format":"[Gen 9] VGC 2024 Reg H","players":["redgannetVGC","VGCLTH SWM"],"log":"|raw|<div class=\"broadcast-blue\"><strong>This battle is required to be public due to a player having a name starting with 'vgclth'.<\/div>\n|j|\u2606redgannetVGC\n|j|\u2606VGCLTH SWM\n|t:|1731590013\n|gametype|doubles\n|player|p1|redgannetVGC|265|1741\n|player|p2|VGCLTH SWM|hugh|1802\n|teamsize|p1|6\n|teamsize|p2|6\n|gen|9\n|tier|[Gen 9] VGC 2024 Reg H\n|rated|\n|rule|Species Clause: Limit one of each Pok\u00e9mon\n|rule|Item Clause: Limit 1 of each item\n|clearpoke\n|poke|p1|Ninetales-Alola, L50, M|\n|poke|p1|Garchomp, L50, M|\n|poke|p1|Dragonite, L50, M|\n|poke|p1|Kingambit, L50, F|\n|poke|p1|Incineroar, L50, M|\n|poke|p1|Amoonguss, L50, M|\n|poke|p2|Pelipper, L50, M|\n|poke|p2|Archaludon, L50, F|\n|poke|p2|Rillaboom, L50, F|\n|poke|p2|Sneasler, L50, M|\n|poke|p2|Incineroar, L50, F|\n|poke|p2|Gholdengo, L50|\n|teampreview|4\n|j| thelasttheorem\n|inactive|Battle timer is ON: inactive players will automatically lose when time's up. (requested by redgannetVGC)\n|\n|t:|1731590053\n|start\n|switch|p1a: Dragonite|Dragonite, L50, M|100\/100\n|switch|p1b: Garchomp|Garchomp, L50, M|100\/100\n|switch|p2a: Archaludon|Archaludon, L50, F|100\/100\n|switch|p2b: Rillaboom|Rillaboom, L50, F|100\/100\n|-fieldstart|move: Grassy Terrain|[from] ability: Grassy Surge|[of] p2b: Rillaboom\n|turn|1\n|inactive|redgannetVGC has 30 seconds left.\n|inactive|redgannetVGC has 20 seconds left.\n|inactive|redgannetVGC has 15 seconds left.\n|inactive|redgannetVGC has 10 seconds left.\n|inactive|redgannetVGC has 5 seconds left.\n|\n|t:|1731590105\n|switch|p1b: Ninetales|Ninetales-Alola, L50, M|100\/100\n|-weather|Snow|[from] ability: Snow Warning|[of] p1b: Ninetales\n|move|p2b: Rillaboom|Fake Out|p1a: Dragonite\n|-damage|p1a: Dragonite|94\/100\n|move|p2a: Archaludon|Dragon Pulse|p1a: Dragonite\n|-supereffective|p1a: Dragonite\n|-damage|p1a: Dragonite|4\/100\n|cant|p1a: Dragonite|flinch\n|\n|-weather|Snow|[upkeep]\n|upkeep\n|turn|2\n|\n|t:|1731590130\n|-terastallize|p1b: Ninetales|Ghost\n|move|p1a: Dragonite|Extreme Speed|p2b: Rillaboom\n|-damage|p2b: Rillaboom|69\/100\n|move|p2b: Rillaboom|Grassy Glide|p1a: Dragonite\n|-resisted|p1a: Dragonite\n|-damage|p1a: Dragonite|0 fnt\n|faint|p1a: Dragonite\n|move|p1b: Ninetales|Blizzard|p2b: Rillaboom|[spread] p2a,p2b\n|-supereffective|p2b: Rillaboom\n|-damage|p2a: Archaludon|29\/100\n|-damage|p2b: Rillaboom|11\/100\n|-status|p2b: Rillaboom|frz\n|move|p2a: Archaludon|Flash Cannon|p1b: Ninetales\n|-damage|p1b: Ninetales|54\/100\n|\n|-weather|Snow|[upkeep]\n|-heal|p1b: Ninetales|60\/100|[from] Grassy Terrain\n|-heal|p2a: Archaludon|35\/100|[from] Grassy Terrain\n|-heal|p2b: Rillaboom|17\/100 frz|[from] Grassy Terrain\n|upkeep\n|inactive|redgannetVGC has 30 seconds left.\n|inactive|redgannetVGC has 20 seconds left.\n|\n|t:|1731590166\n|switch|p1a: Garchomp|Garchomp, L50, M|100\/100\n|turn|3\n|\n|t:|1731590184\n|move|p2a: Archaludon|Protect|p2a: Archaludon\n|-singleturn|p2a: Archaludon|Protect\n|-curestatus|p2b: Rillaboom|frz|[msg]\n|move|p2b: Rillaboom|Grassy Glide|p1a: Garchomp\n|-damage|p1a: Garchomp|62\/100\n|-damage|p2b: Rillaboom|5\/100|[from] ability: Rough Skin|[of] p1a: Garchomp\n|move|p1b: Ninetales|Blizzard|p2b: Rillaboom|[spread] p2b\n|-activate|p2a: Archaludon|move: Protect\n|-supereffective|p2b: Rillaboom\n|-damage|p2b: Rillaboom|0 fnt\n|faint|p2b: Rillaboom\n|move|p1a: Garchomp|Rock Slide|p2a: Archaludon\n|-activate|p2a: Archaludon|move: Protect\n|\n|-weather|Snow|[upkeep]\n|-heal|p1b: Ninetales|66\/100|[from] Grassy Terrain\n|-heal|p1a: Garchomp|68\/100|[from] Grassy Terrain\n|-heal|p2a: Archaludon|41\/100|[from] Grassy Terrain\n|upkeep\n|\n|t:|1731590196\n|switch|p2b: Sneasler|Sneasler, L50, M|100\/100\n|-enditem|p2b: Sneasler|Grassy Seed\n|-boost|p2b: Sneasler|def|1|[from] item: Grassy Seed\n|turn|4\n|\n|t:|1731590219\n|switch|p1a: Amoonguss|Amoonguss, L50, M|100\/100\n|switch|p2a: Incineroar|Incineroar, L50, F|100\/100\n|-ability|p2a: Incineroar|Intimidate|boost\n|-unboost|p1a: Amoonguss|atk|1\n|-unboost|p1b: Ninetales|atk|1\n|-terastallize|p2b: Sneasler|Dark\n|move|p2b: Sneasler|Throat Chop|p1b: Ninetales\n|-supereffective|p1b: Ninetales\n|-damage|p1b: Ninetales|0 fnt\n|faint|p1b: Ninetales\n|\n|-weather|Snow|[upkeep]\n|upkeep\n|inactive|redgannetVGC has 30 seconds left.\n|\n|t:|1731590249\n|switch|p1b: Garchomp|Garchomp, L50, M|68\/100\n|turn|5\n|inactive|VGCLTH SWM has 30 seconds left.\n|inactive|VGCLTH SWM has 20 seconds left.\n|inactive|VGCLTH SWM has 15 seconds left.\n|inactive|VGCLTH SWM has 10 seconds left.\n|\n|t:|1731590299\n|move|p2a: Incineroar|Fake Out|p1a: Amoonguss\n|-damage|p1a: Amoonguss|90\/100\n|move|p2b: Sneasler|Throat Chop|p1b: Garchomp\n|-damage|p1b: Garchomp|19\/100\n|-start|p1b: Garchomp|Throat Chop|[silent]\n|-damage|p2b: Sneasler|88\/100|[from] ability: Rough Skin|[of] p1b: Garchomp\n|move|p1b: Garchomp|Earthquake|p2b: Sneasler|[spread] p1a,p2a,p2b\n|-supereffective|p2a: Incineroar\n|-damage|p1a: Amoonguss|64\/100\n|-damage|p2a: Incineroar|59\/100\n|-damage|p2b: Sneasler|52\/100\n|cant|p1a: Amoonguss|flinch\n|\n|-weather|none\n|-heal|p2b: Sneasler|58\/100|[from] Grassy Terrain\n|-heal|p1b: Garchomp|25\/100|[from] Grassy Terrain\n|-heal|p2a: Incineroar|65\/100|[from] Grassy Terrain\n|-heal|p1a: Amoonguss|70\/100|[from] Grassy Terrain\n|-fieldend|move: Grassy Terrain\n|upkeep\n|turn|6\n|inactive|redgannetVGC has 30 seconds left.\n|inactive|VGCLTH SWM has 30 seconds left.\n|\n|t:|1731590334\n|switch|p2a: Archaludon|Archaludon, L50, F|41\/100\n|move|p2b: Sneasler|Protect|p2b: Sneasler\n|-singleturn|p2b: Sneasler|Protect\n|move|p1a: Amoonguss|Rage Powder|p1a: Amoonguss\n|-singleturn|p1a: Amoonguss|move: Rage Powder\n|move|p1b: Garchomp|Earthquake|p2b: Sneasler|[spread] p1a,p2a\n|-activate|p2b: Sneasler|move: Protect\n|-supereffective|p2a: Archaludon\n|-damage|p1a: Amoonguss|22\/100\n|-damage|p2a: Archaludon|0 fnt\n|-enditem|p1a: Amoonguss|Sitrus Berry|[eat]\n|-heal|p1a: Amoonguss|47\/100|[from] item: Sitrus Berry\n|faint|p2a: Archaludon\n|\n|-end|p1b: Garchomp|Throat Chop|[silent]\n|upkeep\n|\n|t:|1731590341\n|switch|p2a: Incineroar|Incineroar, L50, F|65\/100\n|-ability|p2a: Incineroar|Intimidate|boost\n|-unboost|p1a: Amoonguss|atk|1\n|-unboost|p1b: Garchomp|atk|1\n|turn|7\n|inactive|redgannetVGC has 30 seconds left.\n|\n|t:|1731590368\n|move|p1a: Amoonguss|Protect|p1a: Amoonguss\n|-singleturn|p1a: Amoonguss|Protect\n|move|p2a: Incineroar|Fake Out|p1a: Amoonguss\n|-activate|p1a: Amoonguss|move: Protect\n|move|p2b: Sneasler|Throat Chop|p1b: Garchomp\n|-damage|p1b: Garchomp|0 fnt\n|-damage|p2b: Sneasler|45\/100|[from] ability: Rough Skin|[of] p1b: Garchomp\n|faint|p1b: Garchomp\n|\n|upkeep\n|turn|8\n|l| thelasttheorem\n|inactive|redgannetVGC has 30 seconds left.\n|inactive|redgannetVGC has 20 seconds left.\n|inactive|redgannetVGC has 15 seconds left.\n|inactive|redgannetVGC has 10 seconds left.\n|inactive|redgannetVGC has 5 seconds left.\n|\n|t:|1731590423\n|move|p2b: Sneasler|Dire Claw|p1a: Amoonguss\n|-damage|p1a: Amoonguss|5\/100\n|move|p2a: Incineroar|Flare Blitz|p1a: Amoonguss\n|-supereffective|p1a: Amoonguss\n|-damage|p1a: Amoonguss|0 fnt\n|faint|p1a: Amoonguss\n|-damage|p2a: Incineroar|63\/100|[from] Recoil\n|\n|win|VGCLTH SWM\n|raw|redgannetVGC's rating: 1741 &rarr; <strong>1725<\/strong><br \/>(-16 for losing)\n|raw|VGCLTH SWM's rating: 1820 &rarr; <strong>1836<\/strong><br \/>(+16 for winning)\n|l|\u2606VGCLTH SWM\n|player|p2|\n|l|\u2606redgannetVGC\n|player|p1|\n|j|\u2606redgannetVGC\n|player|p1|redgannetVGC|265|\n","uploadtime":1731590592,"views":22,"formatid":"gen9vgc2024regh","rating":1725,"private":0,"password":null}