{"id":"gen9vgc2024regh-2243768474","format":"[Gen 9] VGC 2024 Reg H","players":["VGCLTH <1000ELO","vgclth elowyn"],"log":"|raw|<div class=\"broadcast-blue\"><strong>This battle is required to be public due to a player having a name starting with 'vgclth'.<\/div>\n|j|\u2606VGCLTH <1000ELO\n|j|\u2606vgclth elowyn\n|t:|1731597272\n|gametype|doubles\n|player|p1|VGCLTH <1000ELO|2|1754\n|player|p2|vgclth elowyn|1|1779\n|teamsize|p1|6\n|teamsize|p2|6\n|gen|9\n|tier|[Gen 9] VGC 2024 Reg H\n|rated|\n|rule|Species Clause: Limit one of each Pok\u00e9mon\n|rule|Item Clause: Limit 1 of each item\n|clearpoke\n|poke|p1|Dondozo, L50, M|\n|poke|p1|Tatsugiri, L50, M|\n|poke|p1|Dragonite, L50, M|\n|poke|p1|Gholdengo, L50|\n|poke|p1|Glimmora, L50, F|\n|poke|p1|Talonflame, L50, M|\n|poke|p2|Smeargle, L50, M|\n|poke|p2|Farigiraf, L50, M|\n|poke|p2|Maushold-Four, L50|\n|poke|p2|Torkoal, L50, M|\n|poke|p2|Ursaluna-Bloodmoon, L50, M|\n|poke|p2|Weezing-Galar, L50, F|\n|teampreview|4\n|inactive|Battle timer is ON: inactive players will automatically lose when time's up. (requested by VGCLTH <1000ELO)\n|inactive|VGCLTH <1000ELO has 60 seconds left.\n|j| RNGeez RandBats\n|inactive|VGCLTH <1000ELO has 30 seconds left.\n|l| RNGeez RandBats\n|inactive|VGCLTH <1000ELO has 20 seconds left.\n|inactive|VGCLTH <1000ELO has 15 seconds left.\n|inactive|VGCLTH <1000ELO has 10 seconds left.\n|inactive|VGCLTH <1000ELO has 5 seconds left.\n|\n|t:|1731597360\n|start\n|switch|p1a: Talonflame|Talonflame, L50, M|100\/100\n|switch|p1b: Dragonite|Dragonite, L50, M|100\/100\n|switch|p2a: Smeargle|Smeargle, L50, M|100\/100\n|switch|p2b: Farigiraf|Farigiraf, L50, M|100\/100\n|turn|1\n|inactive|VGCLTH <1000ELO has 30 seconds left.\n|\n|t:|1731597395\n|move|p2a: Smeargle|Follow Me|p2a: Smeargle\n|-singleturn|p2a: Smeargle|move: Follow Me\n|move|p1a: Talonflame|Taunt|p2a: Smeargle\n|-start|p2a: Smeargle|move: Taunt\n|move|p1b: Dragonite|Earthquake|p2a: Smeargle|[spread] p2a,p2b\n|-immune|p1a: Talonflame\n|-damage|p2a: Smeargle|0 fnt\n|-damage|p2b: Farigiraf|61\/100\n|faint|p2a: Smeargle\n|move|p2b: Farigiraf|Trick Room|p2b: Farigiraf\n|-fieldstart|move: Trick Room|[of] p2b: Farigiraf\n|\n|upkeep\n|inactive|vgclth elowyn has 30 seconds left.\n|\n|t:|1731597423\n|switch|p2a: Ursaluna|Ursaluna-Bloodmoon, L50, M|100\/100\n|turn|2\n|\n|t:|1731597431\n|-terastallize|p2a: Ursaluna|Normal\n|move|p2b: Farigiraf|Helping Hand|p2a: Ursaluna\n|-singleturn|p2a: Ursaluna|Helping Hand|[of] p2b: Farigiraf\n|move|p2a: Ursaluna|Hyper Voice|p1a: Talonflame|[spread] p1a,p1b\n|-damage|p1a: Talonflame|0 fnt\n|-damage|p1b: Dragonite|52\/100\n|faint|p1a: Talonflame\n|-damage|p2a: Ursaluna|90\/100|[from] item: Life Orb\n|move|p1b: Dragonite|Earthquake|p2a: Ursaluna|[spread] p2a,p2b\n|-damage|p2a: Ursaluna|57\/100\n|-damage|p2b: Farigiraf|20\/100\n|\n|upkeep\n|\n|t:|1731597438\n|switch|p1a: Dondozo|Dondozo, L50, M|100\/100\n|turn|3\n|inactive|vgclth elowyn has 30 seconds left.\n|inactive|vgclth elowyn has 20 seconds left.\n|inactive|vgclth elowyn has 15 seconds left.\n|\n|t:|1731597480\n|move|p2a: Ursaluna|Protect|p2a: Ursaluna\n|-singleturn|p2a: Ursaluna|Protect\n|move|p1a: Dondozo|Protect|p1a: Dondozo\n|-singleturn|p1a: Dondozo|Protect\n|move|p2b: Farigiraf|Twin Beam|p1a: Dondozo\n|-activate|p1a: Dondozo|move: Protect\n|move|p1b: Dragonite|Earthquake|p2b: Farigiraf|[spread] p2b\n|-activate|p1a: Dondozo|move: Protect\n|-activate|p2a: Ursaluna|move: Protect\n|-damage|p2b: Farigiraf|0 fnt\n|faint|p2b: Farigiraf\n|\n|upkeep\n|\n|t:|1731597484\n|switch|p2b: Torkoal|Torkoal, L50, M|100\/100\n|-weather|SunnyDay|[from] ability: Drought|[of] p2b: Torkoal\n|turn|4\n|\n|t:|1731597493\n|switch|p1b: Tatsugiri|Tatsugiri, L50, M|100\/100\n|-activate|p1b: Tatsugiri|ability: Commander|[of] p1a: Dondozo\n|-boost|p1a: Dondozo|atk|2\n|-boost|p1a: Dondozo|spa|2\n|-boost|p1a: Dondozo|spe|2\n|-boost|p1a: Dondozo|def|2\n|-boost|p1a: Dondozo|spd|2\n|move|p2b: Torkoal|Clear Smog|p1a: Dondozo\n|-damage|p1a: Dondozo|89\/100\n|-clearboost|p1a: Dondozo\n|move|p2a: Ursaluna|Hyper Voice|p1a: Dondozo|[spread] p1a\n|-miss|p2a: Ursaluna|p1b: Tatsugiri\n|-damage|p1a: Dondozo|6\/100\n|-damage|p2a: Ursaluna|47\/100|[from] item: Life Orb\n|move|p1a: Dondozo|Earthquake|p2a: Ursaluna|[spread] p2a,p2b\n|-miss|p1a: Dondozo|p1b: Tatsugiri\n|-supereffective|p2b: Torkoal\n|-damage|p2a: Ursaluna|29\/100\n|-damage|p2b: Torkoal|64\/100\n|\n|-weather|SunnyDay|[upkeep]\n|-heal|p1a: Dondozo|12\/100|[from] item: Leftovers\n|upkeep\n|turn|5\n|\n|t:|1731597503\n|move|p1a: Dondozo|Protect|p1a: Dondozo\n|-singleturn|p1a: Dondozo|Protect\n|move|p2b: Torkoal|Clear Smog|p1a: Dondozo\n|-activate|p1a: Dondozo|move: Protect\n|move|p2a: Ursaluna|Blood Moon|p1b: Tatsugiri|[miss]\n|-miss|p2a: Ursaluna|p1b: Tatsugiri\n|\n|-weather|SunnyDay|[upkeep]\n|-heal|p1a: Dondozo|18\/100|[from] item: Leftovers\n|-fieldend|move: Trick Room\n|upkeep\n|turn|6\n|\n|t:|1731597509\n|move|p2a: Ursaluna|Protect|p2a: Ursaluna\n|-singleturn|p2a: Ursaluna|Protect\n|move|p1a: Dondozo|Earthquake|p2b: Torkoal|[spread] p2b\n|-miss|p1a: Dondozo|p1b: Tatsugiri\n|-activate|p2a: Ursaluna|move: Protect\n|-supereffective|p2b: Torkoal\n|-damage|p2b: Torkoal|25\/100\n|move|p2b: Torkoal|Clear Smog|p1a: Dondozo\n|-damage|p1a: Dondozo|0 fnt\n|-clearboost|p1a: Dondozo\n|faint|p1a: Dondozo\n|\n|-weather|SunnyDay|[upkeep]\n|upkeep\n|\n|t:|1731597513\n|switch|p1a: Dragonite|Dragonite, L50, M|52\/100\n|turn|7\n|-message|vgclth elowyn forfeited.\n|\n|win|VGCLTH <1000ELO\n|raw|VGCLTH &lt;1000ELO's rating: 1754 &rarr; <strong>1774<\/strong><br \/>(+20 for winning)\n|raw|vgclth elowyn's rating: 1751 &rarr; <strong>1731<\/strong><br \/>(-20 for losing)\n|l|\u2606VGCLTH <1000ELO\n|player|p1|\n","uploadtime":1731597773,"views":19,"formatid":"gen9vgc2024regh","rating":1731,"private":0,"password":null}