{"id":"gen9vgc2024regh-2243400611","format":"[Gen 9] VGC 2024 Reg H","players":["Calamella","VGCLTH Slow"],"log":"|j|\u2606Calamella\n|j|\u2606VGCLTH Slow\n|t:|1731542120\n|gametype|doubles\n|player|p1|Calamella|101|1675\n|player|p2|VGCLTH Slow|skier|1737\n|teamsize|p1|6\n|teamsize|p2|6\n|gen|9\n|tier|[Gen 9] VGC 2024 Reg H\n|rated|\n|rule|Species Clause: Limit one of each Pok\u00e9mon\n|rule|Item Clause: Limit 1 of each item\n|clearpoke\n|poke|p1|Greninja-*, L50, F|\n|poke|p1|Archaludon, L50, M|\n|poke|p1|Annihilape, L50, F|\n|poke|p1|Pelipper, L50, M|\n|poke|p1|Rillaboom, L50, M|\n|poke|p1|Sneasler, L50, M|\n|poke|p2|Sableye, L50, F|\n|poke|p2|Sylveon, L50, F|\n|poke|p2|Archaludon, L50, F|\n|poke|p2|Volcarona, L50, F|\n|poke|p2|Rillaboom, L50, F|\n|poke|p2|Tauros-Paldea-Aqua, L50, M|\n|teampreview|4\n|\n|t:|1731542149\n|start\n|switch|p1a: Greninja|Greninja, L50, F|100\/100\n|switch|p1b: Annihilape|Annihilape, L50, F|100\/100\n|switch|p2a: Koko The Gorythmic|Rillaboom, L50, F|100\/100\n|switch|p2b: Shamonerona|Volcarona, L50, F, shiny|100\/100\n|-fieldstart|move: Grassy Terrain|[from] ability: Grassy Surge|[of] p2a: Koko The Gorythmic\n|turn|1\n|\n|t:|1731542164\n|-terastallize|p1a: Greninja|Ghost\n|move|p2b: Shamonerona|Protect|p2b: Shamonerona\n|-singleturn|p2b: Shamonerona|Protect\n|move|p1a: Greninja|Water Shuriken|p1b: Annihilape\n|-damage|p1b: Annihilape|94\/100\n|-damage|p1b: Annihilape|87\/100\n|-damage|p1b: Annihilape|80\/100\n|-damage|p1b: Annihilape|73\/100\n|-hitcount|p1b: Annihilape|4\n|move|p1b: Annihilape|Rage Fist|p2a: Koko The Gorythmic\n|-damage|p2a: Koko The Gorythmic|0 fnt\n|faint|p2a: Koko The Gorythmic\n|\n|-heal|p1b: Annihilape|79\/100|[from] Grassy Terrain\n|upkeep\n|\n|t:|1731542178\n|switch|p2a: Bullshifu|Tauros-Paldea-Aqua, L50, M, shiny|100\/100\n|-ability|p2a: Bullshifu|Intimidate|boost\n|-unboost|p1a: Greninja|atk|1\n|-unboost|p1b: Annihilape|atk|1\n|-ability|p1b: Annihilape|Defiant|boost\n|-boost|p1b: Annihilape|atk|2\n|-enditem|p2a: Bullshifu|Mirror Herb\n|-boost|p2a: Bullshifu|atk|2|[from] item: Mirror Herb\n|turn|2\n|\n|t:|1731542189\n|-terastallize|p2b: Shamonerona|Grass\n|move|p2a: Bullshifu|Aqua Jet|p1b: Annihilape\n|-damage|p1b: Annihilape|38\/100\n|move|p1a: Greninja|Water Shuriken|p2b: Shamonerona\n|-resisted|p2b: Shamonerona\n|-damage|p2b: Shamonerona|97\/100\n|-resisted|p2b: Shamonerona\n|-damage|p2b: Shamonerona|94\/100\n|-resisted|p2b: Shamonerona\n|-damage|p2b: Shamonerona|91\/100\n|-resisted|p2b: Shamonerona\n|-damage|p2b: Shamonerona|88\/100\n|-resisted|p2b: Shamonerona\n|-damage|p2b: Shamonerona|85\/100\n|-hitcount|p2b: Shamonerona|5\n|move|p1b: Annihilape|Rage Fist|p2a: Bullshifu\n|-damage|p2a: Bullshifu|0 fnt\n|faint|p2a: Bullshifu\n|move|p2b: Shamonerona|Quiver Dance|p2b: Shamonerona\n|-boost|p2b: Shamonerona|spa|1\n|-boost|p2b: Shamonerona|spd|1\n|-boost|p2b: Shamonerona|spe|1\n|\n|-heal|p1b: Annihilape|44\/100|[from] Grassy Terrain\n|-heal|p2b: Shamonerona|91\/100|[from] Grassy Terrain\n|upkeep\n|\n|t:|1731542195\n|switch|p2a: Snowblind|Sableye, L50, F|100\/100\n|turn|3\n|\n|t:|1731542213\n|switch|p1b: Archaludon|Archaludon, L50, M|100\/100\n|move|p2a: Snowblind|Encore|p1a: Greninja\n|-start|p1a: Greninja|Encore\n|move|p2b: Shamonerona|Giga Drain|p1b: Archaludon\n|-resisted|p1b: Archaludon\n|-damage|p1b: Archaludon|87\/100\n|-heal|p2b: Shamonerona|97\/100|[from] drain|[of] p1b: Archaludon\n|-ability|p1b: Archaludon|Stamina|boost\n|-boost|p1b: Archaludon|def|1\n|move|p1a: Greninja|Water Shuriken|p2b: Shamonerona\n|-resisted|p2b: Shamonerona\n|-damage|p2b: Shamonerona|95\/100\n|-resisted|p2b: Shamonerona\n|-damage|p2b: Shamonerona|93\/100\n|-resisted|p2b: Shamonerona\n|-damage|p2b: Shamonerona|91\/100\n|-resisted|p2b: Shamonerona\n|-damage|p2b: Shamonerona|88\/100\n|-hitcount|p2b: Shamonerona|4\n|\n|-heal|p2b: Shamonerona|94\/100|[from] Grassy Terrain\n|-heal|p1b: Archaludon|93\/100|[from] Grassy Terrain\n|upkeep\n|turn|4\n|j| ale cog\n|\n|t:|1731542232\n|move|p1a: Greninja|Water Shuriken|p1b: Archaludon\n|-resisted|p1b: Archaludon\n|-damage|p1b: Archaludon|90\/100\n|-ability|p1b: Archaludon|Stamina|boost\n|-boost|p1b: Archaludon|def|1\n|-resisted|p1b: Archaludon\n|-damage|p1b: Archaludon|87\/100\n|-ability|p1b: Archaludon|Stamina|boost\n|-boost|p1b: Archaludon|def|1\n|-resisted|p1b: Archaludon\n|-damage|p1b: Archaludon|84\/100\n|-ability|p1b: Archaludon|Stamina|boost\n|-boost|p1b: Archaludon|def|1\n|-resisted|p1b: Archaludon\n|-damage|p1b: Archaludon|82\/100\n|-ability|p1b: Archaludon|Stamina|boost\n|-boost|p1b: Archaludon|def|1\n|-hitcount|p1b: Archaludon|4\n|move|p2a: Snowblind|Disable|p1a: Greninja\n|-start|p1a: Greninja|Disable|Water Shuriken\n|move|p2b: Shamonerona|Quiver Dance|p2b: Shamonerona\n|-boost|p2b: Shamonerona|spa|1\n|-boost|p2b: Shamonerona|spd|1\n|-boost|p2b: Shamonerona|spe|1\n|move|p1b: Archaludon|Body Press|p2b: Shamonerona\n|-damage|p2b: Shamonerona|0 fnt\n|-status|p1b: Archaludon|brn|[from] ability: Flame Body|[of] p2b: Shamonerona\n|faint|p2b: Shamonerona\n|\n|-heal|p1b: Archaludon|88\/100 brn|[from] Grassy Terrain\n|-damage|p1b: Archaludon|82\/100 brn|[from] brn\n|upkeep\n|turn|5\n|-message|VGCLTH Slow forfeited.\n|\n|win|Calamella\n|raw|Calamella's rating: 1675 &rarr; <strong>1699<\/strong><br \/>(+24 for winning)\n|raw|VGCLTH Slow's rating: 1737 &rarr; <strong>1713<\/strong><br \/>(-24 for losing)\n|l|\u2606VGCLTH Slow\n|player|p2|\n","uploadtime":1731542265,"views":20,"formatid":"gen9vgc2024regh","rating":1699,"private":0,"password":null}