{"id":"gen9vgc2024regh-2243855974","format":"[Gen 9] VGC 2024 Reg H","players":["aayushjay","VGCLTH Rishi"],"log":"|j|\u2606aayushjay\n|j|\u2606VGCLTH Rishi\n|t:|1731605732\n|gametype|doubles\n|player|p1|aayushjay|steven|1705\n|player|p2|VGCLTH Rishi|shauntal|1822\n|teamsize|p1|6\n|teamsize|p2|6\n|gen|9\n|tier|[Gen 9] VGC 2024 Reg H\n|rated|\n|rule|Species Clause: Limit one of each Pok\u00e9mon\n|rule|Item Clause: Limit 1 of each item\n|clearpoke\n|poke|p1|Tyranitar, L50, M|\n|poke|p1|Metagross, L50|\n|poke|p1|Bronzong, L50|\n|poke|p1|Excadrill, L50, M|\n|poke|p1|Primarina, L50, M|\n|poke|p1|Smeargle, L50, F|\n|poke|p2|Kommo-o, L50, F|\n|poke|p2|Rillaboom, L50, M|\n|poke|p2|Tyranitar, L50, F|\n|poke|p2|Talonflame, L50, M|\n|poke|p2|Gholdengo, L50|\n|poke|p2|Milotic, L50, F|\n|teampreview|4\n|inactive|Battle timer is ON: inactive players will automatically lose when time's up. (requested by aayushjay)\n|inactive|VGCLTH Rishi has 60 seconds left.\n|\n|t:|1731605776\n|start\n|switch|p1a: Bronzong|Bronzong, L50|100\/100\n|switch|p1b: Tyranitar|Tyranitar, L50, M|100\/100\n|switch|p2a: Kommo-o|Kommo-o, L50, F|100\/100\n|switch|p2b: Rillaboom|Rillaboom, L50, M, shiny|100\/100\n|-fieldstart|move: Grassy Terrain|[from] ability: Grassy Surge|[of] p2b: Rillaboom\n|-weather|Sandstorm|[from] ability: Sand Stream|[of] p1b: Tyranitar\n|turn|1\n|inactive|VGCLTH Rishi has 30 seconds left.\n|j| VGCLTH Carrots\n|\n|t:|1731605807\n|switch|p1b: Metagross|Metagross, L50|100\/100\n|-terastallize|p2b: Rillaboom|Grass\n|move|p2a: Kommo-o|Flamethrower|p1a: Bronzong\n|-supereffective|p1a: Bronzong\n|-damage|p1a: Bronzong|37\/100\n|-damage|p2a: Kommo-o|91\/100|[from] item: Life Orb\n|move|p2b: Rillaboom|Wood Hammer|p1a: Bronzong\n|-resisted|p1a: Bronzong\n|-damage|p1a: Bronzong|0 fnt\n|faint|p1a: Bronzong\n|-damage|p2b: Rillaboom|91\/100|[from] Recoil\n|\n|-weather|Sandstorm|[upkeep]\n|-damage|p2b: Rillaboom|85\/100|[from] Sandstorm\n|-heal|p2a: Kommo-o|97\/100|[from] Grassy Terrain\n|-heal|p2b: Rillaboom|91\/100|[from] Grassy Terrain\n|upkeep\n|\n|t:|1731605818\n|switch|p1a: Tyranitar|Tyranitar, L50, M|100\/100\n|turn|2\n|inactive|VGCLTH Rishi has 30 seconds left.\n|\n|t:|1731605844\n|-terastallize|p1a: Tyranitar|Flying\n|move|p2a: Kommo-o|Flamethrower|p1b: Metagross\n|-supereffective|p1b: Metagross\n|-damage|p1b: Metagross|29\/100\n|-enditem|p1b: Metagross|Weakness Policy\n|-boost|p1b: Metagross|atk|2|[from] item: Weakness Policy\n|-boost|p1b: Metagross|spa|2|[from] item: Weakness Policy\n|-damage|p2a: Kommo-o|87\/100|[from] item: Life Orb\n|move|p2b: Rillaboom|Wood Hammer|p1b: Metagross\n|-resisted|p1b: Metagross\n|-damage|p1b: Metagross|0 fnt\n|faint|p1b: Metagross\n|-damage|p2b: Rillaboom|82\/100|[from] Recoil\n|move|p1a: Tyranitar|Knock Off|p2b: Rillaboom\n|-damage|p2b: Rillaboom|26\/100\n|-enditem|p2b: Rillaboom|Miracle Seed|[from] move: Knock Off|[of] p1a: Tyranitar\n|\n|-weather|Sandstorm|[upkeep]\n|-damage|p2b: Rillaboom|20\/100|[from] Sandstorm\n|-damage|p1a: Tyranitar|95\/100|[from] Sandstorm\n|-heal|p2a: Kommo-o|93\/100|[from] Grassy Terrain\n|-heal|p2b: Rillaboom|26\/100|[from] Grassy Terrain\n|upkeep\n|\n|t:|1731605854\n|switch|p1b: Primarina|Primarina, L50, M|100\/100\n|turn|3\n|\n|t:|1731605861\n|move|p2a: Kommo-o|Protect|p2a: Kommo-o\n|-singleturn|p2a: Kommo-o|Protect\n|move|p2b: Rillaboom|Protect|p2b: Rillaboom\n|-singleturn|p2b: Rillaboom|Protect\n|move|p1b: Primarina|Protect|p1b: Primarina\n|-singleturn|p1b: Primarina|Protect\n|move|p1a: Tyranitar|Rock Slide|p2b: Rillaboom|[spread] \n|-activate|p2a: Kommo-o|move: Protect\n|-activate|p2b: Rillaboom|move: Protect\n|\n|-weather|Sandstorm|[upkeep]\n|-damage|p2b: Rillaboom|20\/100|[from] Sandstorm\n|-damage|p1a: Tyranitar|89\/100|[from] Sandstorm\n|-damage|p1b: Primarina|95\/100|[from] Sandstorm\n|-heal|p2a: Kommo-o|99\/100|[from] Grassy Terrain\n|-heal|p2b: Rillaboom|26\/100|[from] Grassy Terrain\n|-heal|p1b: Primarina|100\/100|[from] Grassy Terrain\n|upkeep\n|turn|4\n|\n|t:|1731605871\n|move|p1b: Primarina|Protect||[still]\n|-fail|p1b: Primarina\n|move|p2a: Kommo-o|Clanging Scales|p1b: Primarina|[spread] p1a\n|-immune|p1b: Primarina\n|-damage|p1a: Tyranitar|61\/100\n|-unboost|p2a: Kommo-o|def|1\n|-damage|p2a: Kommo-o|89\/100|[from] item: Life Orb\n|move|p2b: Rillaboom|Wood Hammer|p1b: Primarina\n|-supereffective|p1b: Primarina\n|-damage|p1b: Primarina|0 fnt\n|faint|p1b: Primarina\n|-damage|p2b: Rillaboom|0 fnt|[from] Recoil\n|faint|p2b: Rillaboom\n|move|p1a: Tyranitar|Rock Slide|p2a: Kommo-o\n|-resisted|p2a: Kommo-o\n|-crit|p2a: Kommo-o\n|-damage|p2a: Kommo-o|44\/100\n|\n|-weather|Sandstorm|[upkeep]\n|-damage|p1a: Tyranitar|55\/100|[from] Sandstorm\n|-heal|p2a: Kommo-o|50\/100|[from] Grassy Terrain\n|upkeep\n|\n|t:|1731605875\n|switch|p2b: Milotic|Milotic, L50, F|100\/100\n|turn|5\n|\n|t:|1731605882\n|move|p2a: Kommo-o|Clanging Scales|p1a: Tyranitar\n|-damage|p1a: Tyranitar|15\/100\n|-unboost|p2a: Kommo-o|def|1\n|-damage|p2a: Kommo-o|40\/100|[from] item: Life Orb\n|move|p2b: Milotic|Ice Beam|p1a: Tyranitar\n|-supereffective|p1a: Tyranitar\n|-damage|p1a: Tyranitar|0 fnt\n|faint|p1a: Tyranitar\n|\n|win|VGCLTH Rishi\n|raw|aayushjay's rating: 1705 &rarr; <strong>1691<\/strong><br \/>(-14 for losing)\n|raw|VGCLTH Rishi's rating: 1822 &rarr; <strong>1836<\/strong><br \/>(+14 for winning)\n|l|\u2606aayushjay\n|player|p1|\n|l|\u2606VGCLTH Rishi\n|player|p2|\n|j| vgclth souly\n|l| vgclth souly\n|l| VGCLTH Carrots\n|j| VGCLTH Louis\n","uploadtime":1731606129,"views":24,"formatid":"gen9vgc2024regh","rating":1691,"private":0,"password":null}