{"id":"gen9vgc2024regh-2243891478","format":"[Gen 9] VGC 2024 Reg H","players":["VGCLTH lily","VGCLTH MINAMISIMP"],"log":"|raw|<div class=\"broadcast-blue\"><strong>This battle is required to be public due to a player having a name starting with 'vgclth'.<\/div>\n|j|\u2606VGCLTH lily\n|j|\u2606VGCLTH MINAMISIMP\n|t:|1731609064\n|gametype|doubles\n|player|p1|VGCLTH lily|akari|1714\n|player|p2|VGCLTH MINAMISIMP|miku-water|1824\n|teamsize|p1|6\n|teamsize|p2|6\n|gen|9\n|tier|[Gen 9] VGC 2024 Reg H\n|rated|\n|rule|Species Clause: Limit one of each Pok\u00e9mon\n|rule|Item Clause: Limit 1 of each item\n|clearpoke\n|poke|p1|Vivillon, L50, F|\n|poke|p1|Gliscor, L50, M|\n|poke|p1|Archaludon, L50, M|\n|poke|p1|Kingambit, L50, M|\n|poke|p1|Incineroar, L50, M|\n|poke|p1|Ninetales-Alola, L50, F|\n|poke|p2|Archaludon, L50, M|\n|poke|p2|Pelipper, L50, M|\n|poke|p2|Electabuzz, L50, F|\n|poke|p2|Kingambit, L50, F|\n|poke|p2|Rillaboom, L50, M|\n|poke|p2|Basculegion, L50, M|\n|teampreview|4\n|inactive|Battle timer is ON: inactive players will automatically lose when time's up. (requested by VGCLTH MINAMISIMP)\n|inactive|VGCLTH lily also wants the timer to be on.\n|inactive|VGCLTH lily has 60 seconds left.\n|\n|t:|1731609108\n|start\n|switch|p1a: Vivillon|Vivillon, L50, F, shiny|100\/100\n|switch|p1b: Archaludon|Archaludon, L50, M, shiny|100\/100\n|switch|p2a: Kingambit|Kingambit, L50, F|100\/100\n|switch|p2b: Electabuzz|Electabuzz, L50, F|100\/100\n|turn|1\n|\n|t:|1731609121\n|switch|p1a: Gliscor|Gliscor, L50, M, shiny|100\/100\n|move|p2b: Electabuzz|Follow Me|p2b: Electabuzz\n|-singleturn|p2b: Electabuzz|move: Follow Me\n|move|p1b: Archaludon|Electro Shot||[still]\n|-prepare|p1b: Archaludon|Electro Shot\n|-boost|p1b: Archaludon|spa|1\n|-enditem|p1b: Archaludon|Power Herb\n|-anim|p1b: Archaludon|Electro Shot|p2a: Kingambit\n|-damage|p2a: Kingambit|43\/100\n|move|p2a: Kingambit|Swords Dance|p2a: Kingambit\n|-boost|p2a: Kingambit|atk|2\n|\n|upkeep\n|turn|2\n|c|\u2606VGCLTH MINAMISIMP|stalwart...\n|c|\u2606VGCLTH MINAMISIMP|ok\n|inactive|VGCLTH MINAMISIMP has 30 seconds left.\n|\n|t:|1731609150\n|switch|p1a: Vivillon|Vivillon, L50, F, shiny|100\/100\n|move|p2a: Kingambit|Protect|p2a: Kingambit\n|-singleturn|p2a: Kingambit|Protect\n|move|p1b: Archaludon|Thunderbolt|p2a: Kingambit\n|-activate|p2a: Kingambit|move: Protect\n|move|p2b: Electabuzz|Electroweb|p1a: Vivillon|[spread] p1a,p1b\n|-supereffective|p1a: Vivillon\n|-resisted|p1b: Archaludon\n|-damage|p1a: Vivillon|43\/100\n|-damage|p1b: Archaludon|91\/100\n|-unboost|p1a: Vivillon|spe|1\n|-unboost|p1b: Archaludon|spe|1\n|\n|upkeep\n|turn|3\n|\n|t:|1731609165\n|-terastallize|p1a: Vivillon|Ghost\n|-terastallize|p2a: Kingambit|Dark\n|move|p1b: Archaludon|Protect|p1b: Archaludon\n|-singleturn|p1b: Archaludon|Protect\n|move|p2b: Electabuzz|Electroweb|p1b: Archaludon|[spread] p1a\n|-activate|p1b: Archaludon|move: Protect\n|-damage|p1a: Vivillon|17\/100\n|-unboost|p1a: Vivillon|spe|1\n|move|p1a: Vivillon|Tailwind|p1a: Vivillon\n|-sidestart|p1: VGCLTH lily|move: Tailwind\n|move|p2a: Kingambit|Kowtow Cleave|p1b: Archaludon\n|-activate|p1b: Archaludon|move: Protect\n|\n|upkeep\n|turn|4\n|\n|t:|1731609185\n|move|p2a: Kingambit|Protect|p2a: Kingambit\n|-singleturn|p2a: Kingambit|Protect\n|move|p1b: Archaludon|Dragon Pulse|p2b: Electabuzz\n|-damage|p2b: Electabuzz|52\/100\n|move|p1a: Vivillon|Hurricane|p2b: Electabuzz\n|-resisted|p2b: Electabuzz\n|-damage|p2b: Electabuzz|32\/100\n|-start|p2b: Electabuzz|confusion\n|-activate|p2b: Electabuzz|confusion\n|move|p2b: Electabuzz|Electroweb|p1a: Vivillon|[spread] p1a,p1b\n|-crit|p1a: Vivillon\n|-resisted|p1b: Archaludon\n|-damage|p1a: Vivillon|0 fnt\n|-damage|p1b: Archaludon|81\/100\n|-unboost|p1b: Archaludon|spe|1\n|faint|p1a: Vivillon\n|\n|upkeep\n|\n|t:|1731609203\n|switch|p1a: Gliscor|Gliscor, L50, M, shiny|100\/100\n|turn|5\n|\n|t:|1731609221\n|switch|p1b: Ninetales|Ninetales-Alola, L50, F, shiny|100\/100\n|-weather|Snow|[from] ability: Snow Warning|[of] p1b: Ninetales\n|-activate|p2b: Electabuzz|confusion\n|move|p2b: Electabuzz|Helping Hand|p2a: Kingambit\n|-singleturn|p2a: Kingambit|Helping Hand|[of] p2b: Electabuzz\n|move|p2a: Kingambit|Sucker Punch||[still]\n|-fail|p2a: Kingambit\n|move|p1a: Gliscor|Earthquake|p2b: Electabuzz|[spread] p1b,p2a,p2b\n|-supereffective|p2b: Electabuzz\n|-damage|p1b: Ninetales|50\/100\n|-damage|p2a: Kingambit|9\/100\n|-damage|p2b: Electabuzz|0 fnt\n|faint|p2b: Electabuzz\n|\n|-weather|Snow|[upkeep]\n|upkeep\n|\n|t:|1731609226\n|switch|p2b: Pelipper|Pelipper, L50, M|100\/100\n|-weather|RainDance|[from] ability: Drizzle|[of] p2b: Pelipper\n|turn|6\n|j| testingmoon7777\n|\n|t:|1731609247\n|switch|p1a: Archaludon|Archaludon, L50, M, shiny|81\/100\n|move|p2a: Kingambit|Sucker Punch||[still]\n|-fail|p2a: Kingambit\n|move|p1b: Ninetales|Freeze-Dry|p2a: Kingambit\n|-damage|p2a: Kingambit|0 fnt\n|faint|p2a: Kingambit\n|move|p2b: Pelipper|Weather Ball|p1b: Ninetales\n|-crit|p1b: Ninetales\n|-damage|p1b: Ninetales|0 fnt\n|faint|p1b: Ninetales\n|\n|-weather|RainDance|[upkeep]\n|-sideend|p1: VGCLTH lily|move: Tailwind\n|upkeep\n|\n|t:|1731609259\n|switch|p1b: Gliscor|Gliscor, L50, M, shiny|100\/100\n|switch|p2a: Basculegion|Basculegion, L50, M|100\/100\n|turn|7\n|\n|t:|1731609271\n|move|p2a: Basculegion|Last Respects|p1a: Archaludon\n|-damage|p1a: Archaludon|0 fnt\n|faint|p1a: Archaludon\n|move|p1b: Gliscor|Dual Wingbeat|p2b: Pelipper\n|-damage|p2b: Pelipper|67\/100\n|-crit|p2b: Pelipper\n|-damage|p2b: Pelipper|17\/100\n|-hitcount|p2b: Pelipper|2\n|move|p2b: Pelipper|Weather Ball|p1b: Gliscor\n|-supereffective|p1b: Gliscor\n|-damage|p1b: Gliscor|0 fnt\n|faint|p1b: Gliscor\n|\n|win|VGCLTH MINAMISIMP\n|raw|VGCLTH lily's rating: 1714 &rarr; <strong>1700<\/strong><br \/>(-14 for losing)\n|raw|VGCLTH MINAMISIMP's rating: 1824 &rarr; <strong>1838<\/strong><br \/>(+14 for winning)\n|l|\u2606VGCLTH lily\n|player|p1|\n|c|\u2606VGCLTH MINAMISIMP|gg\n|l|\u2606VGCLTH MINAMISIMP\n|player|p2|\n","uploadtime":1731609446,"views":21,"formatid":"gen9vgc2024regh","rating":1700,"private":0,"password":null}