{"id":"gen9vgc2024regh-2243730428","format":"[Gen 9] VGC 2024 Reg H","players":["VGCLTH MINAMISIMP","same blue"],"log":"|raw|<div class=\"broadcast-blue\"><strong>This battle is required to be public due to a player having a name starting with 'vgclth'.<\/div>\n|j|\u2606VGCLTH MINAMISIMP\n|j|\u2606same blue\n|t:|1731593317\n|gametype|doubles\n|player|p1|VGCLTH MINAMISIMP|miku-water|1831\n|player|p2|same blue|265|1821\n|teamsize|p1|6\n|teamsize|p2|6\n|gen|9\n|tier|[Gen 9] VGC 2024 Reg H\n|rated|\n|rule|Species Clause: Limit one of each Pok\u00e9mon\n|rule|Item Clause: Limit 1 of each item\n|clearpoke\n|poke|p1|Archaludon, L50, M|\n|poke|p1|Pelipper, L50, M|\n|poke|p1|Electabuzz, L50, F|\n|poke|p1|Kingambit, L50, F|\n|poke|p1|Rillaboom, L50, M|\n|poke|p1|Basculegion, L50, M|\n|poke|p2|Ursaluna-Bloodmoon, L50, M|\n|poke|p2|Whimsicott, L50, F|\n|poke|p2|Farigiraf, L50, M|\n|poke|p2|Annihilape, L50, F|\n|poke|p2|Basculegion, L50, M|\n|poke|p2|Volcarona, L50, M|\n|teampreview|4\n|inactive|Battle timer is ON: inactive players will automatically lose when time's up. (requested by VGCLTH MINAMISIMP)\n|\n|t:|1731593330\n|start\n|switch|p1a: Pelipper|Pelipper, L50, M|100\/100\n|switch|p1b: Basculegion|Basculegion, L50, M|100\/100\n|switch|p2a: Ursaluna|Ursaluna-Bloodmoon, L50, M|100\/100\n|switch|p2b: Whimsicott|Whimsicott, L50, F|100\/100\n|-weather|RainDance|[from] ability: Drizzle|[of] p1a: Pelipper\n|turn|1\n|\n|t:|1731593346\n|-terastallize|p2a: Ursaluna|Normal\n|move|p2b: Whimsicott|Tailwind|p2b: Whimsicott\n|-sidestart|p2: same blue|move: Tailwind\n|move|p1b: Basculegion|Flip Turn|p2a: Ursaluna\n|-damage|p2a: Ursaluna|44\/100\n|\n|t:|1731593352\n|switch|p1b: Rillaboom|Rillaboom, L50, M|100\/100|[from] Flip Turn\n|-fieldstart|move: Grassy Terrain|[from] ability: Grassy Surge|[of] p1b: Rillaboom\n|move|p2a: Ursaluna|Blood Moon|p1a: Pelipper\n|-enditem|p1a: Pelipper|Focus Sash\n|-damage|p1a: Pelipper|1\/100\n|-damage|p2a: Ursaluna|35\/100|[from] item: Life Orb\n|move|p1a: Pelipper|Hurricane|p2b: Whimsicott\n|-supereffective|p2b: Whimsicott\n|-enditem|p2b: Whimsicott|Focus Sash\n|-damage|p2b: Whimsicott|1\/100\n|\n|-weather|RainDance|[upkeep]\n|-heal|p2b: Whimsicott|7\/100|[from] Grassy Terrain\n|-heal|p2a: Ursaluna|41\/100|[from] Grassy Terrain\n|upkeep\n|turn|2\n|j| vgclth souly\n|\n|t:|1731593378\n|switch|p1a: Archaludon|Archaludon, L50, M|100\/100\n|move|p2b: Whimsicott|Encore|p2a: Ursaluna\n|-start|p2a: Ursaluna|Encore\n|move|p2a: Ursaluna|Blood Moon|p1a: Archaludon\n|-resisted|p1a: Archaludon\n|-damage|p1a: Archaludon|33\/100\n|-ability|p1a: Archaludon|Stamina|boost\n|-boost|p1a: Archaludon|def|1\n|-damage|p2a: Ursaluna|31\/100|[from] item: Life Orb\n|-hint|Some effects can force a Pokemon to use Blood Moon again in a row.\n|move|p1b: Rillaboom|Grassy Glide|p2b: Whimsicott\n|-resisted|p2b: Whimsicott\n|-damage|p2b: Whimsicott|0 fnt\n|faint|p2b: Whimsicott\n|\n|-weather|RainDance|[upkeep]\n|-heal|p2a: Ursaluna|37\/100|[from] Grassy Terrain\n|-heal|p1a: Archaludon|40\/100|[from] Grassy Terrain\n|-heal|p1a: Archaludon|46\/100|[from] item: Leftovers\n|upkeep\n|\n|t:|1731593397\n|switch|p2b: Annihilape|Annihilape, L50, F|100\/100\n|turn|3\n|\n|t:|1731593412\n|switch|p2a: Farigiraf|Farigiraf, L50, M|100\/100\n|-terastallize|p1a: Archaludon|Fairy\n|move|p2b: Annihilape|U-turn|p1b: Rillaboom\n|-supereffective|p1b: Rillaboom\n|-damage|p1b: Rillaboom|54\/100\n|\n|t:|1731593418\n|switch|p2b: Ursaluna|Ursaluna-Bloodmoon, L50, M, tera:Normal|37\/100|[from] U-turn\n|move|p1b: Rillaboom|Wood Hammer|p2a: Farigiraf\n|-damage|p2a: Farigiraf|21\/100\n|-damage|p1b: Rillaboom|26\/100|[from] Recoil\n|move|p1a: Archaludon|Electro Shot||[still]\n|-prepare|p1a: Archaludon|Electro Shot\n|-boost|p1a: Archaludon|spa|1\n|-anim|p1a: Archaludon|Electro Shot|p2b: Ursaluna\n|-damage|p2b: Ursaluna|0 fnt\n|faint|p2b: Ursaluna\n|\n|-weather|RainDance|[upkeep]\n|-heal|p2a: Farigiraf|27\/100|[from] Grassy Terrain\n|-heal|p1b: Rillaboom|32\/100|[from] Grassy Terrain\n|-heal|p1a: Archaludon|52\/100|[from] Grassy Terrain\n|-heal|p1a: Archaludon|58\/100|[from] item: Leftovers\n|upkeep\n|\n|t:|1731593429\n|switch|p2b: Annihilape|Annihilape, L50, F|100\/100\n|turn|4\n|\n|t:|1731593436\n|move|p1a: Archaludon|Protect|p1a: Archaludon\n|-singleturn|p1a: Archaludon|Protect\n|move|p2b: Annihilape|Rage Fist|p1a: Archaludon\n|-activate|p1a: Archaludon|move: Protect\n|move|p2a: Farigiraf|Hyper Voice|p1b: Rillaboom|[spread] p1b\n|-activate|p1a: Archaludon|move: Protect\n|-damage|p1b: Rillaboom|9\/100\n|-enditem|p2a: Farigiraf|Throat Spray\n|-boost|p2a: Farigiraf|spa|1|[from] item: Throat Spray\n|move|p1b: Rillaboom|Wood Hammer|p2a: Farigiraf\n|-damage|p2a: Farigiraf|0 fnt\n|faint|p2a: Farigiraf\n|-damage|p1b: Rillaboom|0 fnt|[from] Recoil\n|faint|p1b: Rillaboom\n|\n|-weather|RainDance|[upkeep]\n|-heal|p1a: Archaludon|65\/100|[from] Grassy Terrain\n|-heal|p1a: Archaludon|71\/100|[from] item: Leftovers\n|-sideend|p2: same blue|move: Tailwind\n|upkeep\n|\n|t:|1731593441\n|switch|p1b: Basculegion|Basculegion, L50, M|100\/100\n|turn|5\n|-message|same blue forfeited.\n|\n|win|VGCLTH MINAMISIMP\n|raw|VGCLTH MINAMISIMP's rating: 1831 &rarr; <strong>1850<\/strong><br \/>(+19 for winning)\n|raw|same blue's rating: 1821 &rarr; <strong>1802<\/strong><br \/>(-19 for losing)\n|l|\u2606same blue\n|player|p2|\n|l|\u2606VGCLTH MINAMISIMP\n|player|p1|\n|l| vgclth souly\n|j| vgclth souly\n|l| vgclth souly\n","uploadtime":1731593629,"views":24,"formatid":"gen9vgc2024regh","rating":1802,"private":0,"password":null}