{"id":"gen9vgc2024regh-2243353878","format":"[Gen 9] VGC 2024 Reg H","players":["VGCLTH Oinge","bgc0"],"log":"|j|\u2606VGCLTH Oinge\n|j|\u2606bgc0\n|t:|1731536649\n|gametype|doubles\n|player|p1|VGCLTH Oinge|mars|1751\n|player|p2|bgc0|steven|1824\n|teamsize|p1|6\n|teamsize|p2|6\n|gen|9\n|tier|[Gen 9] VGC 2024 Reg H\n|rated|\n|rule|Species Clause: Limit one of each Pok\u00e9mon\n|rule|Item Clause: Limit 1 of each item\n|clearpoke\n|poke|p1|Kilowattrel, L50, M|\n|poke|p1|Dragonite, L50, F|\n|poke|p1|Garchomp, L50, F|\n|poke|p1|Ninetales-Alola, L50, M|\n|poke|p1|Amoonguss, L50, M|\n|poke|p1|Incineroar, L50, M|\n|poke|p2|Espathra, L50, F|\n|poke|p2|Archaludon, L50, M|\n|poke|p2|Incineroar, L50, M|\n|poke|p2|Ninetales-Alola, L50, F|\n|poke|p2|Murkrow, L50, M|\n|poke|p2|Amoonguss, L50, M|\n|teampreview|4\n|j| ghostistheman\n|inactive|Battle timer is ON: inactive players will automatically lose when time's up. (requested by bgc0)\n|j| Satansinlaw\nbgc0 rejected open team sheets.\n|inactive|VGCLTH Oinge has 60 seconds left.\n|\n|t:|1731536702\n|start\n|switch|p1a: Kilowattrel|Kilowattrel, L50, M|100\/100\n|switch|p1b: Ninetales|Ninetales-Alola, L50, M|100\/100\n|switch|p2a: Murkrow|Murkrow, L50, M|100\/100\n|switch|p2b: Ninetales|Ninetales-Alola, L50, F, shiny|100\/100\n|-weather|Snow|[from] ability: Snow Warning|[of] p2b: Ninetales\n|turn|1\n|j| VGCLTH Ninjaboy\n|\n|t:|1731536722\n|switch|p1a: Incineroar|Incineroar, L50, M|100\/100\n|-ability|p1a: Incineroar|Intimidate|boost\n|-unboost|p2a: Murkrow|atk|1\n|-unboost|p2b: Ninetales|atk|1\n|move|p2a: Murkrow|Rain Dance|p2a: Murkrow\n|-weather|RainDance\n|move|p2b: Ninetales|Moonblast|p1b: Ninetales\n|-damage|p1b: Ninetales|35\/100\n|move|p1b: Ninetales|Moonblast|p2b: Ninetales\n|-damage|p2b: Ninetales|32\/100\n|-unboost|p2b: Ninetales|spa|1\n|\n|-weather|RainDance|[upkeep]\n|upkeep\n|turn|2\n|j| mr pogostick\n|inactive|VGCLTH Oinge has 30 seconds left.\n|inactive|bgc0 has 30 seconds left.\n|inactive|VGCLTH Oinge has 20 seconds left.\n|inactive|bgc0 has 20 seconds left.\n|inactive|VGCLTH Oinge has 15 seconds left.\n|\n|t:|1731536767\n|switch|p2b: Archaludon|Archaludon, L50, M, shiny|100\/100\n|move|p1a: Incineroar|Fake Out|p2b: Archaludon\n|-resisted|p2b: Archaludon\n|-damage|p2b: Archaludon|96\/100\n|move|p2a: Murkrow|Tailwind|p2a: Murkrow\n|-sidestart|p2: bgc0|move: Tailwind\n|move|p1b: Ninetales|Moonblast|p2b: Archaludon\n|-damage|p2b: Archaludon|19\/100\n|\n|-weather|RainDance|[upkeep]\n|upkeep\n|turn|3\n|inactive|bgc0 has 30 seconds left.\n|inactive|VGCLTH Oinge has 30 seconds left.\n|\n|t:|1731536805\n|switch|p2a: Espathra|Espathra, L50, F|100\/100\n|switch|p1b: Garchomp|Garchomp, L50, F|100\/100\n|move|p2b: Archaludon|Electro Shot||[still]\n|-prepare|p2b: Archaludon|Electro Shot\n|-boost|p2b: Archaludon|spa|1\n|-anim|p2b: Archaludon|Electro Shot|p1a: Incineroar\n|-damage|p1a: Incineroar|49\/100\n|move|p1a: Incineroar|Knock Off|p2b: Archaludon\n|-damage|p2b: Archaludon|0 fnt\n|-enditem|p2b: Archaludon|Power Herb|[from] move: Knock Off|[of] p1a: Incineroar\n|faint|p2b: Archaludon\n|\n|-weather|RainDance|[upkeep]\n|upkeep\n|\n|t:|1731536818\n|switch|p2b: Ninetales|Ninetales-Alola, L50, F, shiny|32\/100\n|-weather|Snow|[from] ability: Snow Warning|[of] p2b: Ninetales\n|turn|4\n|\n|t:|1731536839\n|-terastallize|p2a: Espathra|Fighting\n|-terastallize|p1b: Garchomp|Steel\n|move|p2b: Ninetales|Blizzard|p1a: Incineroar|[spread] p1a,p1b\n|-resisted|p1a: Incineroar\n|-resisted|p1b: Garchomp\n|-damage|p1a: Incineroar|30\/100\n|-damage|p1b: Garchomp|74\/100\n|-status|p1a: Incineroar|frz\n|move|p2a: Espathra|Tera Blast|p1a: Incineroar|[anim] Tera Blast Fighting\n|-supereffective|p1a: Incineroar\n|-crit|p1a: Incineroar\n|-damage|p1a: Incineroar|0 fnt\n|faint|p1a: Incineroar\n|move|p1b: Garchomp|Earthquake|p2b: Ninetales|[spread] p2a,p2b\n|-crit|p2a: Espathra\n|-enditem|p2a: Espathra|Focus Sash\n|-damage|p2a: Espathra|1\/100\n|-damage|p2b: Ninetales|0 fnt\n|faint|p2b: Ninetales\n|-damage|p1b: Garchomp|64\/100|[from] item: Life Orb\n|\n|-weather|Snow|[upkeep]\n|-ability|p2a: Espathra|Speed Boost|boost\n|-boost|p2a: Espathra|spe|1\n|upkeep\n|\n|t:|1731536856\n|switch|p2b: Murkrow|Murkrow, L50, M|100\/100\n|switch|p1a: Kilowattrel|Kilowattrel, L50, M|100\/100\n|turn|5\n|inactive|VGCLTH Oinge has 30 seconds left.\n|inactive|bgc0 has 30 seconds left.\n|\n|t:|1731536892\n|move|p2a: Espathra|Hypnosis|p1a: Kilowattrel|[miss]\n|-miss|p2a: Espathra|p1a: Kilowattrel\n|move|p2b: Murkrow|Brave Bird|p1a: Kilowattrel\n|-resisted|p1a: Kilowattrel\n|-damage|p1a: Kilowattrel|69\/100\n|-damage|p2b: Murkrow|92\/100|[from] Recoil\n|move|p1a: Kilowattrel|Thunderbolt|p2a: Espathra\n|-damage|p2a: Espathra|0 fnt\n|faint|p2a: Espathra\n|move|p1b: Garchomp|Dragon Claw|p2b: Murkrow\n|-crit|p2b: Murkrow\n|-damage|p2b: Murkrow|24\/100\n|-damage|p1b: Garchomp|54\/100|[from] item: Life Orb\n|\n|-weather|Snow|[upkeep]\n|-sideend|p2: bgc0|move: Tailwind\n|upkeep\n|turn|6\n|c|\u2606VGCLTH Oinge|gg\n|c|\u2606bgc0|Gg\n|-message|bgc0 forfeited.\n|\n|win|VGCLTH Oinge\n|raw|VGCLTH Oinge's rating: 1751 &rarr; <strong>1775<\/strong><br \/>(+24 for winning)\n|raw|bgc0's rating: 1824 &rarr; <strong>1800<\/strong><br \/>(-24 for losing)\n|l|\u2606bgc0\n|player|p2|\n|l|\u2606VGCLTH Oinge\n|player|p1|\n|l| Satansinlaw\n","uploadtime":1731537077,"views":30,"formatid":"gen9vgc2024regh","rating":1775,"private":0,"password":null}