{"id":"gen9vgc2024regh-2243350295","format":"[Gen 9] VGC 2024 Reg H","players":["sterben44","VGCLTH Slow"],"log":"|raw|<div class=\"broadcast-blue\"><strong>This battle is required to be public due to a player having a name starting with 'vgclth'.<\/div>\n|j|\u2606sterben44\n|j|\u2606VGCLTH Slow\n|t:|1731536249\n|gametype|doubles\n|player|p1|sterben44|hilda|1744\n|player|p2|VGCLTH Slow|skier|1740\n|teamsize|p1|6\n|teamsize|p2|6\n|gen|9\n|tier|[Gen 9] VGC 2024 Reg H\n|rated|\n|rule|Species Clause: Limit one of each Pok\u00e9mon\n|rule|Item Clause: Limit 1 of each item\n|clearpoke\n|poke|p1|Sneasler, L50, F|\n|poke|p1|Maushold-Four, L50|\n|poke|p1|Indeedee-F, L50, F|\n|poke|p1|Armarouge, L50, F|\n|poke|p1|Oranguru, L50, F|\n|poke|p1|Ursaluna-Bloodmoon, L50, M|\n|poke|p2|Sableye, L50, M|\n|poke|p2|Sylveon, L50, F|\n|poke|p2|Archaludon, L50, M|\n|poke|p2|Volcarona, L50, M|\n|poke|p2|Rillaboom, L50, F|\n|poke|p2|Tauros-Paldea-Aqua, L50, M|\n|teampreview|4\nVGCLTH Slow has agreed to open team sheets.\n|j| le difu\n|j| mr pogostick\n|l| mr pogostick\n|\n|t:|1731536303\n|start\n|switch|p1a: Maushold|Maushold-Four, L50|100\/100\n|switch|p1b: Oranguru|Oranguru, L50, F|100\/100\n|switch|p2a: Snowblind|Sableye, L50, M|100\/100\n|switch|p2b: Old Yeller|Sylveon, L50, F|100\/100\n|turn|1\n|\n|t:|1731536318\n|move|p2a: Snowblind|Will-O-Wisp|p1a: Maushold\n|-status|p1a: Maushold|brn\n|move|p1a: Maushold|Taunt|p2a: Snowblind\n|-start|p2a: Snowblind|move: Taunt\n|move|p2b: Old Yeller|Substitute|p2b: Old Yeller\n|-start|p2b: Old Yeller|Substitute\n|-damage|p2b: Old Yeller|76\/100\n|move|p1b: Oranguru|Trick Room|p1b: Oranguru\n|-fieldstart|move: Trick Room|[of] p1b: Oranguru\n|\n|-damage|p1a: Maushold|94\/100 brn|[from] brn\n|upkeep\n|turn|2\n|j| DaN00biest\n|j| number86\n|l| number86\n|\n|t:|1731536333\n|move|p1b: Oranguru|Protect|p1b: Oranguru\n|-singleturn|p1b: Oranguru|Protect\n|move|p2a: Snowblind|Foul Play|p1a: Maushold\n|-crit|p1a: Maushold\n|-damage|p1a: Maushold|13\/100 brn\n|move|p2b: Old Yeller|Hyper Voice|p1b: Oranguru|[spread] p1a\n|-activate|p1b: Oranguru|move: Protect\n|-damage|p1a: Maushold|0 fnt\n|faint|p1a: Maushold\n|-enditem|p2b: Old Yeller|Throat Spray\n|-boost|p2b: Old Yeller|spa|1|[from] item: Throat Spray\n|\n|upkeep\n|\n|t:|1731536342\n|switch|p1a: Ursaluna|Ursaluna-Bloodmoon, L50, M|100\/100\n|turn|3\n|\n|t:|1731536348\n|switch|p2a: Koko The Gorythmic|Rillaboom, L50, F|100\/100\n|-fieldstart|move: Grassy Terrain|[from] ability: Grassy Surge|[of] p2a: Koko The Gorythmic\n|-terastallize|p1a: Ursaluna|Normal\n|move|p2b: Old Yeller|Protect|p2b: Old Yeller\n|-singleturn|p2b: Old Yeller|Protect\n|move|p1a: Ursaluna|Hyper Voice|p2a: Koko The Gorythmic|[spread] p2a\n|-activate|p2b: Old Yeller|move: Protect\n|-damage|p2a: Koko The Gorythmic|56\/100\n|-enditem|p1a: Ursaluna|Throat Spray\n|-boost|p1a: Ursaluna|spa|1|[from] item: Throat Spray\n|-activate|p1b: Oranguru|ability: Symbiosis|Covert Cloak|[of] p1a: Ursaluna\n|move|p1b: Oranguru|Instruct|p1a: Ursaluna\n|-singleturn|p1a: Ursaluna|move: Instruct|[of] p1b: Oranguru\n|move|p1a: Ursaluna|Hyper Voice|p2b: Old Yeller|[spread] p2a\n|-activate|p2b: Old Yeller|move: Protect\n|-damage|p2a: Koko The Gorythmic|0 fnt\n|faint|p2a: Koko The Gorythmic\n|\n|-heal|p2b: Old Yeller|82\/100|[from] Grassy Terrain\n|upkeep\n|j| VGCLTH TnB\n|\n|t:|1731536363\n|switch|p2a: Snowblind|Sableye, L50, M|100\/100\n|turn|4\n|\n|t:|1731536374\n|move|p2a: Snowblind|Disable|p1a: Ursaluna\n|-start|p1a: Ursaluna|Disable|Hyper Voice\n|cant|p1a: Ursaluna|Disable|Hyper Voice\n|move|p1b: Oranguru|Encore|p2b: Old Yeller\n|-start|p2b: Old Yeller|Encore\n|move|p2b: Old Yeller|Protect||[still]\n|-fail|p2b: Old Yeller\n|\n|-heal|p2b: Old Yeller|87\/100|[from] Grassy Terrain\n|upkeep\n|turn|5\n|\n|t:|1731536387\n|move|p2b: Old Yeller|Protect|p2b: Old Yeller\n|-singleturn|p2b: Old Yeller|Protect\n|move|p2a: Snowblind|Encore|p1a: Ursaluna\n|-start|p1a: Ursaluna|Encore\n|cant|p1a: Ursaluna|Disable|Hyper Voice\n|move|p1b: Oranguru|Instruct|p1a: Ursaluna\n|-singleturn|p1a: Ursaluna|move: Instruct|[of] p1b: Oranguru\n|cant|p1a: Ursaluna|Disable|Hyper Voice\n|\n|-heal|p2b: Old Yeller|93\/100|[from] Grassy Terrain\n|-fieldend|move: Trick Room\n|upkeep\n|turn|6\n|\n|t:|1731536414\n|switch|p1a: Sneasler|Sneasler, L50, F|100\/100\n|move|p2b: Old Yeller|Protect||[still]\n|-fail|p2b: Old Yeller\n|move|p2a: Snowblind|Encore|p1b: Oranguru\n|-start|p1b: Oranguru|Encore\n|move|p1b: Oranguru|Instruct|p2b: Old Yeller\n|-singleturn|p2b: Old Yeller|move: Instruct|[of] p1b: Oranguru\n|move|p2b: Old Yeller|Protect||[still]\n|-fail|p2b: Old Yeller\n|\n|-heal|p2b: Old Yeller|99\/100|[from] Grassy Terrain\n|-end|p2b: Old Yeller|Encore\n|upkeep\n|turn|7\n|j| testingmoon7777\n|\n|t:|1731536435\n|move|p2a: Snowblind|Disable|p1b: Oranguru\n|-start|p1b: Oranguru|Disable|Instruct\n|move|p2b: Old Yeller|Hyper Voice|p1a: Sneasler|[spread] p1a,p1b\n|-damage|p1a: Sneasler|26\/100\n|-damage|p1b: Oranguru|54\/100\n|cant|p1b: Oranguru|Disable|Instruct\n|move|p1a: Sneasler|Dire Claw|p2b: Old Yeller\n|-supereffective|p2b: Old Yeller\n|-end|p2b: Old Yeller|Substitute\n|\n|-heal|p2b: Old Yeller|100\/100|[from] Grassy Terrain\n|-heal|p1b: Oranguru|60\/100|[from] Grassy Terrain\n|-heal|p1a: Sneasler|32\/100|[from] Grassy Terrain\n|-fieldend|move: Grassy Terrain\n|upkeep\n|turn|8\n|-message|sterben44 forfeited.\n|\n|win|VGCLTH Slow\n|raw|sterben44's rating: 1744 &rarr; <strong>1724<\/strong><br \/>(-20 for losing)\n|raw|VGCLTH Slow's rating: 1740 &rarr; <strong>1760<\/strong><br \/>(+20 for winning)\n|l|\u2606sterben44\n|player|p1|\n|l| le difu\n|l| DaN00biest\n|l| VGCLTH TnB\n|l|\u2606VGCLTH Slow\n|player|p2|\n|j| QuaquavalGangster\n|l| QuaquavalGangster\n|j| le difu\n","uploadtime":1731536450,"views":26,"formatid":"gen9vgc2024regh","rating":1724,"private":0,"password":null}