{"id":"gen9vgc2024regh-2243715545","format":"[Gen 9] VGC 2024 Reg H","players":["VGCLTH Rishi","karamingo"],"log":"|raw|<div class=\"broadcast-blue\"><strong>This battle is required to be public due to a player having a name starting with 'vgclth'.<\/div>\n|j|\u2606VGCLTH Rishi\n|j|\u2606karamingo\n|t:|1731591608\n|gametype|doubles\n|player|p1|VGCLTH Rishi|shauntal|1812\n|player|p2|karamingo|266|1797\n|teamsize|p1|6\n|teamsize|p2|6\n|gen|9\n|tier|[Gen 9] VGC 2024 Reg H\n|rated|\n|rule|Species Clause: Limit one of each Pok\u00e9mon\n|rule|Item Clause: Limit 1 of each item\n|clearpoke\n|poke|p1|Kommo-o, L50, M|\n|poke|p1|Rillaboom, L50, F|\n|poke|p1|Tyranitar, L50, M|\n|poke|p1|Talonflame, L50, M|\n|poke|p1|Gholdengo, L50|\n|poke|p1|Milotic, L50, F|\n|poke|p2|Ursaluna-Bloodmoon, L50, M|\n|poke|p2|Torkoal, L50, M|\n|poke|p2|Farigiraf, L50, M|\n|poke|p2|Smeargle, L50, F|\n|poke|p2|Indeedee-F, L50, F|\n|poke|p2|Hatterene, L50, F|\n|teampreview|4\n|j| bluestraggler03\nkaramingo rejected open team sheets.\n|inactive|Battle timer is ON: inactive players will automatically lose when time's up. (requested by karamingo)\n|j| Aldrich\n|inactive|VGCLTH Rishi has 60 seconds left.\n|\n|t:|1731591762\n|start\n|switch|p1a: Gholdengo|Gholdengo, L50|100\/100\n|switch|p1b: Tyranitar|Tyranitar, L50, M|100\/100\n|switch|p2a: Smeargle|Smeargle, L50, F|100\/100\n|switch|p2b: Farigiraf|Farigiraf, L50, M|100\/100\n|-weather|Sandstorm|[from] ability: Sand Stream|[of] p1b: Tyranitar\n|turn|1\n|\n|t:|1731591777\n|move|p2a: Smeargle|Follow Me|p2a: Smeargle\n|-singleturn|p2a: Smeargle|move: Follow Me\n|move|p1a: Gholdengo|Make It Rain|p2b: Farigiraf|[spread] p2a,p2b\n|-enditem|p2a: Smeargle|Focus Sash\n|-damage|p2a: Smeargle|1\/100\n|-damage|p2b: Farigiraf|38\/100\n|-unboost|p1a: Gholdengo|spa|1\n|move|p1b: Tyranitar|Knock Off|p2a: Smeargle\n|-damage|p2a: Smeargle|0 fnt\n|faint|p2a: Smeargle\n|move|p2b: Farigiraf|Trick Room|p2b: Farigiraf\n|-fieldstart|move: Trick Room|[of] p2b: Farigiraf\n|\n|-weather|Sandstorm|[upkeep]\n|-damage|p2b: Farigiraf|32\/100|[from] Sandstorm\n|upkeep\n|\n|t:|1731591792\n|switch|p2a: Torkoal|Torkoal, L50, M|100\/100\n|-weather|SunnyDay|[from] ability: Drought|[of] p2a: Torkoal\n|turn|2\n|j| jumbojoshenjoyer\n|inactive|VGCLTH Rishi has 30 seconds left.\n|j| vgclth souly\n|\n|t:|1731591827\n|switch|p2b: Ursaluna|Ursaluna-Bloodmoon, L50, M|100\/100\n|move|p2a: Torkoal|Eruption|p1a: Gholdengo|[spread] p1a,p1b\n|-supereffective|p1a: Gholdengo\n|-resisted|p1b: Tyranitar\n|-damage|p1a: Gholdengo|0 fnt\n|-damage|p1b: Tyranitar|70\/100\n|faint|p1a: Gholdengo\n|move|p1b: Tyranitar|Knock Off|p2a: Torkoal\n|-damage|p2a: Torkoal|63\/100\n|-enditem|p2a: Torkoal|Choice Specs|[from] move: Knock Off|[of] p1b: Tyranitar\n|\n|-weather|SunnyDay|[upkeep]\n|upkeep\n|\n|t:|1731591834\n|switch|p1a: Kommo-o|Kommo-o, L50, M|100\/100\n|turn|3\n|\n|t:|1731591848\n|switch|p1b: Milotic|Milotic, L50, F|100\/100\n|-terastallize|p2b: Ursaluna|Normal\n|move|p1a: Kommo-o|Protect|p1a: Kommo-o\n|-singleturn|p1a: Kommo-o|Protect\n|move|p2a: Torkoal|Weather Ball|p1b: Milotic\n|-resisted|p1b: Milotic\n|-damage|p1b: Milotic|78\/100\n|move|p2b: Ursaluna|Blood Moon|p1a: Kommo-o\n|-activate|p1a: Kommo-o|move: Protect\n|\n|-weather|SunnyDay|[upkeep]\n|upkeep\n|turn|4\n|inactive|VGCLTH Rishi has 30 seconds left.\n|\n|t:|1731591876\n|move|p2a: Torkoal|Eruption|p1a: Kommo-o|[spread] p1a,p1b\n|-resisted|p1a: Kommo-o\n|-resisted|p1b: Milotic\n|-damage|p1a: Kommo-o|82\/100\n|-damage|p1b: Milotic|62\/100\n|move|p2b: Ursaluna|Hyper Voice|p1b: Milotic|[spread] p1a,p1b\n|-damage|p1a: Kommo-o|25\/100\n|-damage|p1b: Milotic|12\/100\n|-enditem|p1b: Milotic|Sitrus Berry|[eat]\n|-heal|p1b: Milotic|37\/100|[from] item: Sitrus Berry\n|-damage|p2b: Ursaluna|91\/100|[from] item: Life Orb\n|move|p1b: Milotic|Scald|p2a: Torkoal\n|-supereffective|p2a: Torkoal\n|-damage|p2a: Torkoal|15\/100\n|move|p1a: Kommo-o|Body Press|p2b: Ursaluna\n|-supereffective|p2b: Ursaluna\n|-damage|p2b: Ursaluna|27\/100\n|\n|-weather|SunnyDay|[upkeep]\n|-heal|p1a: Kommo-o|32\/100|[from] item: Leftovers\n|upkeep\n|turn|5\n|inactive|karamingo has 30 seconds left.\n|l|\u2606karamingo\n|inactive|karamingo disconnected and has a minute to reconnect!\n|player|p2|\n|c|\u2606VGCLTH Rishi|bruh\n|inactive|karamingo has 20 seconds left.\n|c| jumbojoshenjoyer|bruhhh\n|l| bluestraggler03\n|inactive|karamingo has 15 seconds left.\n|inactive|karamingo has 10 seconds left.\n|c|\u2606VGCLTH Rishi|it was most likely over but like bruh\n|c| jumbojoshenjoyer|yeah lol\n|inactive|karamingo has 5 seconds left.\n|-message|karamingo lost due to inactivity.\n|\n|win|VGCLTH Rishi\n|raw|VGCLTH Rishi's rating: 1812 &rarr; <strong>1831<\/strong><br \/>(+19 for winning)\n|raw|karamingo's rating: 1797 &rarr; <strong>1778<\/strong><br \/>(-19 for losing)\n|l|\u2606VGCLTH Rishi\n|player|p1|\n|l| Aldrich\n|l| jumbojoshenjoyer\n|l| vgclth souly\n|j| vgclth souly\n|l| vgclth souly\n","uploadtime":1731592110,"views":49,"formatid":"gen9vgc2024regh","rating":1778,"private":0,"password":null}