{"id":"gen9vgc2024regh-2243850776","format":"[Gen 9] VGC 2024 Reg H","players":["Filefate","VGCLTH Rishi"],"log":"|raw|<div class=\"broadcast-blue\"><strong>This battle is required to be public due to a player having a name starting with 'vgclth'.<\/div>\n|j|\u203dFilefate\n|j|\u2606VGCLTH Rishi\n|t:|1731605245\n|gametype|doubles\n|player|p1|Filefate|hiker-gen4|1707\n|player|p2|VGCLTH Rishi|shauntal|1850\n|teamsize|p1|6\n|teamsize|p2|6\n|gen|9\n|tier|[Gen 9] VGC 2024 Reg H\n|rated|\n|rule|Species Clause: Limit one of each Pok\u00e9mon\n|rule|Item Clause: Limit 1 of each item\n|clearpoke\n|poke|p1|Annihilape, L50, F|\n|poke|p1|Electrode-Hisui, L50|\n|poke|p1|Archaludon, L50, F|\n|poke|p1|Pelipper, L50, F|\n|poke|p1|Gothitelle, L50, M|\n|poke|p1|Basculegion, L50, M|\n|poke|p2|Kommo-o, L50, F|\n|poke|p2|Rillaboom, L50, M|\n|poke|p2|Tyranitar, L50, F|\n|poke|p2|Talonflame, L50, M|\n|poke|p2|Gholdengo, L50|\n|poke|p2|Milotic, L50, M|\n|teampreview|4\n|inactive|Battle timer is ON: inactive players will automatically lose when time's up. (requested by Filefate)\n|inactive|VGCLTH Rishi has 60 seconds left.\n|inactive|VGCLTH Rishi has 30 seconds left.\n|\n|t:|1731605310\n|start\n|switch|p1a: Annihilape|Annihilape, L50, F|100\/100\n|switch|p1b: Electrode|Electrode-Hisui, L50|100\/100\n|switch|p2a: Kommo-o|Kommo-o, L50, F|100\/100\n|switch|p2b: Gholdengo|Gholdengo, L50|100\/100\n|turn|1\n|inactive|Filefate has 30 seconds left.\n|\n|t:|1731605339\n|-terastallize|p1a: Annihilape|Steel\n|move|p1b: Electrode|Bullet Seed|p1a: Annihilape\n|-resisted|p1a: Annihilape\n|-damage|p1a: Annihilape|98\/100\n|-resisted|p1a: Annihilape\n|-damage|p1a: Annihilape|96\/100\n|-resisted|p1a: Annihilape\n|-damage|p1a: Annihilape|93\/100\n|-resisted|p1a: Annihilape\n|-damage|p1a: Annihilape|91\/100\n|-hitcount|p1a: Annihilape|4\n|move|p1a: Annihilape|Rage Fist|p2b: Gholdengo\n|-supereffective|p2b: Gholdengo\n|-damage|p2b: Gholdengo|0 fnt\n|faint|p2b: Gholdengo\n|move|p2a: Kommo-o|Iron Defense|p2a: Kommo-o\n|-boost|p2a: Kommo-o|def|2\n|\n|upkeep\n|j| vgclth souly\n|\n|t:|1731605358\n|switch|p2b: Rillaboom|Rillaboom, L50, M, shiny|100\/100\n|-fieldstart|move: Grassy Terrain|[from] ability: Grassy Surge|[of] p2b: Rillaboom\n|turn|2\n|\n|t:|1731605370\n|switch|p1a: Archaludon|Archaludon, L50, F|100\/100\n|move|p2b: Rillaboom|Protect|p2b: Rillaboom\n|-singleturn|p2b: Rillaboom|Protect\n|move|p1b: Electrode|Bullet Seed|p1a: Archaludon\n|-resisted|p1a: Archaludon\n|-damage|p1a: Archaludon|99\/100\n|-ability|p1a: Archaludon|Stamina|boost\n|-boost|p1a: Archaludon|def|1\n|-resisted|p1a: Archaludon\n|-damage|p1a: Archaludon|99\/100\n|-ability|p1a: Archaludon|Stamina|boost\n|-boost|p1a: Archaludon|def|1\n|-resisted|p1a: Archaludon\n|-damage|p1a: Archaludon|99\/100\n|-ability|p1a: Archaludon|Stamina|boost\n|-boost|p1a: Archaludon|def|1\n|-resisted|p1a: Archaludon\n|-damage|p1a: Archaludon|98\/100\n|-ability|p1a: Archaludon|Stamina|boost\n|-boost|p1a: Archaludon|def|1\n|-resisted|p1a: Archaludon\n|-damage|p1a: Archaludon|98\/100\n|-ability|p1a: Archaludon|Stamina|boost\n|-boost|p1a: Archaludon|def|1\n|-hitcount|p1a: Archaludon|5\n|move|p2a: Kommo-o|Body Press|p1a: Archaludon\n|-supereffective|p1a: Archaludon\n|-damage|p1a: Archaludon|60\/100\n|-ability|p1a: Archaludon|Stamina|boost\n|-boost|p1a: Archaludon|def|1\n|\n|-heal|p1a: Archaludon|66\/100|[from] Grassy Terrain\n|upkeep\n|turn|3\n|\n|t:|1731605392\n|-terastallize|p2a: Kommo-o|Steel\n|move|p1b: Electrode|Taunt|p2a: Kommo-o\n|-start|p2a: Kommo-o|move: Taunt\n|move|p2b: Rillaboom|Wood Hammer|p1b: Electrode\n|-resisted|p1b: Electrode\n|-damage|p1b: Electrode|30\/100\n|-damage|p2b: Rillaboom|82\/100|[from] Recoil\n|move|p1a: Archaludon|Dragon Pulse|p2a: Kommo-o\n|-resisted|p2a: Kommo-o\n|-damage|p2a: Kommo-o|82\/100\n|cant|p2a: Kommo-o|move: Taunt|Iron Defense\n|\n|-heal|p1b: Electrode|36\/100|[from] Grassy Terrain\n|-heal|p2b: Rillaboom|87\/100|[from] Grassy Terrain\n|-heal|p1a: Archaludon|72\/100|[from] Grassy Terrain\n|-heal|p2a: Kommo-o|88\/100|[from] Grassy Terrain\n|-heal|p2a: Kommo-o|94\/100|[from] item: Leftovers\n|upkeep\n|turn|4\n|\n|t:|1731605412\n|move|p1b: Electrode|Reflect|p1b: Electrode\n|-sidestart|p1: Filefate|Reflect\n|move|p2b: Rillaboom|Wood Hammer|p1b: Electrode\n|-resisted|p1b: Electrode\n|-damage|p1b: Electrode|0 fnt\n|faint|p1b: Electrode\n|-damage|p2b: Rillaboom|78\/100|[from] Recoil\n|move|p2a: Kommo-o|Body Press|p1a: Archaludon\n|-supereffective|p1a: Archaludon\n|-damage|p1a: Archaludon|52\/100\n|move|p1a: Archaludon|Body Press|p2a: Kommo-o\n|-supereffective|p2a: Kommo-o\n|-damage|p2a: Kommo-o|39\/100\n|\n|-heal|p2b: Rillaboom|84\/100|[from] Grassy Terrain\n|-heal|p2a: Kommo-o|45\/100|[from] Grassy Terrain\n|-heal|p1a: Archaludon|58\/100|[from] Grassy Terrain\n|-heal|p2a: Kommo-o|51\/100|[from] item: Leftovers\n|upkeep\n|inactive|Filefate has 30 seconds left.\n|\n|t:|1731605441\n|switch|p1b: Annihilape|Annihilape, L50, F, tera:Steel|91\/100\n|turn|5\n|inactive|Filefate has 30 seconds left.\n|inactive|Filefate has 20 seconds left.\n|inactive|Filefate has 15 seconds left.\n|\n|t:|1731605481\n|switch|p1b: Pelipper|Pelipper, L50, F|100\/100\n|-weather|RainDance|[from] ability: Drizzle|[of] p1b: Pelipper\n|switch|p2b: Tyranitar|Tyranitar, L50, F|100\/100\n|-weather|Sandstorm|[from] ability: Sand Stream|[of] p2b: Tyranitar\n|move|p1a: Archaludon|Body Press|p2a: Kommo-o\n|-supereffective|p2a: Kommo-o\n|-damage|p2a: Kommo-o|0 fnt\n|faint|p2a: Kommo-o\n|\n|-weather|Sandstorm|[upkeep]\n|-damage|p1b: Pelipper|95\/100|[from] Sandstorm\n|-heal|p1a: Archaludon|64\/100|[from] Grassy Terrain\n|upkeep\n|-message|VGCLTH Rishi forfeited.\n|\n|win|Filefate\n|raw|Filefate's rating: 1707 &rarr; <strong>1735<\/strong><br \/>(+28 for winning)\n|raw|VGCLTH Rishi's rating: 1850 &rarr; <strong>1822<\/strong><br \/>(-28 for losing)\n|l| vgclth souly\n|l|\u2606VGCLTH Rishi\n|player|p2|\n|l|\u203dFilefate\n|player|p1|\n","uploadtime":1731605715,"views":28,"formatid":"gen9vgc2024regh","rating":1735,"private":0,"password":null}