{"id":"gen9vgc2024regh-2243837038","format":"[Gen 9] VGC 2024 Reg H","players":["nivea4","vgclth elowyn"],"log":"|raw|<div class=\"broadcast-blue\"><strong>This battle is required to be public due to a player having a name starting with 'vgclth'.<\/div>\n|j|\u2606nivea4\n|j|\u2606vgclth elowyn\n|t:|1731603928\n|gametype|doubles\n|player|p1|nivea4|169|1786\n|player|p2|vgclth elowyn|1|1692\n|teamsize|p1|6\n|teamsize|p2|6\n|gen|9\n|tier|[Gen 9] VGC 2024 Reg H\n|rated|\n|rule|Species Clause: Limit one of each Pok\u00e9mon\n|rule|Item Clause: Limit 1 of each item\n|clearpoke\n|poke|p1|Ursaluna-Bloodmoon, L50, M|\n|poke|p1|Gholdengo, L50|\n|poke|p1|Amoonguss, L50, M|\n|poke|p1|Volcarona, L50, F|\n|poke|p1|Grimmsnarl, L50, M|\n|poke|p1|Tyranitar, L50, M|\n|poke|p2|Smeargle, L50, M|\n|poke|p2|Farigiraf, L50, F|\n|poke|p2|Maushold-Four, L50|\n|poke|p2|Torkoal, L50, F|\n|poke|p2|Ursaluna-Bloodmoon, L50, M|\n|poke|p2|Weezing-Galar, L50, F|\n|teampreview|4\n|\n|t:|1731603985\n|start\n|switch|p1a: Gholdengo|Gholdengo, L50|100\/100\n|switch|p1b: Grimmsnarl|Grimmsnarl, L50, M|100\/100\n|switch|p2a: Smeargle|Smeargle, L50, M|100\/100\n|switch|p2b: Farigiraf|Farigiraf, L50, F|100\/100\n|turn|1\n|\n|t:|1731604011\n|switch|p2b: Weezing|Weezing-Galar, L50, F|100\/100\n|-ability|p2b: Weezing|Neutralizing Gas\n|move|p2a: Smeargle|Spore|p1a: Gholdengo\n|-status|p1a: Gholdengo|slp|[from] move: Spore\n|cant|p1a: Gholdengo|slp\n|move|p1b: Grimmsnarl|Light Screen|p1b: Grimmsnarl\n|-sidestart|p1: nivea4|move: Light Screen\n|\n|upkeep\n|turn|2\n|\n|t:|1731604029\n|switch|p2a: Torkoal|Torkoal, L50, F|100\/100\n|cant|p1a: Gholdengo|slp\n|move|p1b: Grimmsnarl|Spirit Break|p2a: Torkoal\n|-resisted|p2a: Torkoal\n|-damage|p2a: Torkoal|90\/100\n|-unboost|p2a: Torkoal|spa|1\n|move|p2b: Weezing|Fire Blast|p1a: Gholdengo\n|-supereffective|p1a: Gholdengo\n|-crit|p1a: Gholdengo\n|-damage|p1a: Gholdengo|8\/100 slp\n|\n|-heal|p1a: Gholdengo|14\/100 slp|[from] item: Leftovers\n|upkeep\n|turn|3\n|\n|t:|1731604057\n|-end|p2b: Weezing|ability: Neutralizing Gas\n|-weather|SunnyDay|[from] ability: Drought|[of] p2a: Torkoal\n|switch|p2b: Farigiraf|Farigiraf, L50, F|100\/100\n|-terastallize|p2a: Torkoal|Fire\n|-curestatus|p1a: Gholdengo|slp|[msg]\n|move|p1a: Gholdengo|Make It Rain|p2b: Farigiraf|[spread] p2a,p2b\n|-resisted|p2a: Torkoal\n|-damage|p2a: Torkoal|60\/100\n|-damage|p2b: Farigiraf|64\/100\n|-unboost|p1a: Gholdengo|spa|1\n|move|p1b: Grimmsnarl|Spirit Break|p2a: Torkoal\n|-resisted|p2a: Torkoal\n|-damage|p2a: Torkoal|50\/100\n|-unboost|p2a: Torkoal|spa|1\n|move|p2a: Torkoal|Eruption|p1b: Grimmsnarl|[spread] p1a,p1b\n|-supereffective|p1a: Gholdengo\n|-damage|p1a: Gholdengo|0 fnt\n|-damage|p1b: Grimmsnarl|81\/100\n|faint|p1a: Gholdengo\n|\n|-weather|SunnyDay|[upkeep]\n|upkeep\n|\n|t:|1731604078\n|switch|p1a: Tyranitar|Tyranitar, L50, M|100\/100\n|-weather|Sandstorm|[from] ability: Sand Stream|[of] p1a: Tyranitar\n|turn|4\n|\n|t:|1731604114\n|switch|p1b: Volcarona|Volcarona, L50, F|100\/100\n|switch|p2b: Weezing|Weezing-Galar, L50, F|100\/100\n|-ability|p2b: Weezing|Neutralizing Gas\n|move|p1a: Tyranitar|Knock Off|p2b: Weezing\n|-resisted|p2b: Weezing\n|-damage|p2b: Weezing|78\/100\n|-enditem|p2b: Weezing|Pixie Plate|[from] move: Knock Off|[of] p1a: Tyranitar\n|move|p2a: Torkoal|Eruption|p1b: Volcarona|[spread] p1a,p1b\n|-resisted|p1a: Tyranitar\n|-damage|p1a: Tyranitar|98\/100\n|-damage|p1b: Volcarona|87\/100\n|\n|-weather|Sandstorm|[upkeep]\n|-damage|p1b: Volcarona|81\/100|[from] Sandstorm\n|-damage|p2b: Weezing|73\/100|[from] Sandstorm\n|-damage|p2a: Torkoal|43\/100|[from] Sandstorm\n|upkeep\n|turn|5\n|\n|t:|1731604133\n|move|p2b: Weezing|Protect|p2b: Weezing\n|-singleturn|p2b: Weezing|Protect\n|move|p1b: Volcarona|Quiver Dance|p1b: Volcarona\n|-boost|p1b: Volcarona|spa|1\n|-boost|p1b: Volcarona|spd|1\n|-boost|p1b: Volcarona|spe|1\n|move|p1a: Tyranitar|Rock Slide|p2b: Weezing|[spread] p2a\n|-activate|p2b: Weezing|move: Protect\n|-supereffective|p2a: Torkoal\n|-damage|p2a: Torkoal|0 fnt\n|faint|p2a: Torkoal\n|\n|-weather|Sandstorm|[upkeep]\n|-damage|p1b: Volcarona|75\/100|[from] Sandstorm\n|-damage|p2b: Weezing|67\/100|[from] Sandstorm\n|upkeep\n|\n|t:|1731604149\n|switch|p2a: Smeargle|Smeargle, L50, M|100\/100\n|turn|6\n|\n|t:|1731604159\n|-terastallize|p1b: Volcarona|Grass\n|move|p1b: Volcarona|Giga Drain|p2a: Smeargle\n|-damage|p2a: Smeargle|0 fnt\n|-heal|p1b: Volcarona|100\/100|[from] drain|[of] p2a: Smeargle\n|faint|p2a: Smeargle\n|move|p1a: Tyranitar|Rock Slide|p2b: Weezing\n|-damage|p2b: Weezing|26\/100\n|move|p2b: Weezing|Dazzling Gleam|p1a: Tyranitar|[spread] p1a,p1b\n|-supereffective|p1a: Tyranitar\n|-damage|p1a: Tyranitar|85\/100\n|-damage|p1b: Volcarona|90\/100\n|\n|-weather|Sandstorm|[upkeep]\n|-damage|p1b: Volcarona|84\/100|[from] Sandstorm\n|-damage|p2b: Weezing|20\/100|[from] Sandstorm\n|upkeep\n|\n|t:|1731604162\n|switch|p2a: Farigiraf|Farigiraf, L50, F|64\/100\n|turn|7\n|-message|vgclth elowyn forfeited.\n|\n|win|nivea4\n|raw|nivea4's rating: 1786 &rarr; <strong>1800<\/strong><br \/>(+14 for winning)\n|raw|vgclth elowyn's rating: 1685 &rarr; <strong>1671<\/strong><br \/>(-14 for losing)\n|l|\u2606nivea4\n|player|p1|\n|l|\u2606vgclth elowyn\n|player|p2|\n","uploadtime":1731604333,"views":21,"formatid":"gen9vgc2024regh","rating":1671,"private":0,"password":null}