{"id":"gen9vgc2024regh-2243023554","format":"[Gen 9] VGC 2024 Reg H","players":["HarshEuroBarge","VGCLTH John Pork"],"log":"|raw|<div class=\"broadcast-blue\"><strong>This battle is required to be public due to a player having a name starting with 'vgclth'.<\/div>\n|j|\u2606HarshEuroBarge\n|j|\u2606VGCLTH John Pork\n|t:|1731503381\n|gametype|doubles\n|player|p1|HarshEuroBarge|265|1710\n|player|p2|VGCLTH John Pork|ogreclan|1788\n|teamsize|p1|6\n|teamsize|p2|6\n|gen|9\n|tier|[Gen 9] VGC 2024 Reg H\n|rated|\n|rule|Species Clause: Limit one of each Pok\u00e9mon\n|rule|Item Clause: Limit 1 of each item\n|clearpoke\n|poke|p1|Smeargle, L50, M|\n|poke|p1|Primeape, L50, M|\n|poke|p1|Rillaboom, L50, F|\n|poke|p1|Indeedee-F, L50, F|\n|poke|p1|Whimsicott, L50, F|\n|poke|p1|Krookodile, L50, F|\n|poke|p2|Whimsicott, L50, M|\n|poke|p2|Typhlosion-Hisui, L50, M|\n|poke|p2|Annihilape, L50, F|\n|poke|p2|Maushold-Four, L50|\n|poke|p2|Farigiraf, L50, F|\n|poke|p2|Ursaluna-Bloodmoon, L50, M|\n|teampreview|4\n|j| vgclth souly\n|\n|t:|1731503484\n|start\n|switch|p1a: Smeargle|Smeargle, L50, M|100\/100\n|switch|p1b: Primeape|Primeape, L50, M, shiny|100\/100\n|switch|p2a: Whimsicott|Whimsicott, L50, M|100\/100\n|switch|p2b: Typhlosion|Typhlosion-Hisui, L50, M|100\/100\n|-item|p1a: Smeargle|Focus Sash|[from] ability: Frisk|[of] p2b: Typhlosion\n|-item|p1b: Primeape|Eviolite|[from] ability: Frisk|[of] p2b: Typhlosion\n|turn|1\n|\n|t:|1731503494\n|-terastallize|p2b: Typhlosion|Fire\n|-terastallize|p1b: Primeape|Fire\n|move|p2a: Whimsicott|Sunny Day|p2a: Whimsicott\n|-weather|SunnyDay\n|move|p2b: Typhlosion|Eruption|p1b: Primeape|[spread] p1a,p1b\n|-resisted|p1b: Primeape\n|-enditem|p1a: Smeargle|Focus Sash\n|-damage|p1a: Smeargle|1\/100\n|-damage|p1b: Primeape|34\/100\n|move|p1a: Smeargle|Surging Strikes|p1b: Primeape\n|-supereffective|p1b: Primeape\n|-crit|p1b: Primeape\n|-damage|p1b: Primeape|34\/100\n|-setboost|p1b: Primeape|atk|6|[from] ability: Anger Point\n|-supereffective|p1b: Primeape\n|-crit|p1b: Primeape\n|-damage|p1b: Primeape|33\/100\n|-supereffective|p1b: Primeape\n|-crit|p1b: Primeape\n|-damage|p1b: Primeape|32\/100\n|-hitcount|p1b: Primeape|3\n|move|p1b: Primeape|Rage Fist|p2b: Typhlosion\n|-damage|p2b: Typhlosion|0 fnt\n|faint|p2b: Typhlosion\n|\n|-weather|SunnyDay|[upkeep]\n|-ability|p1a: Smeargle|Moody|boost\n|-boost|p1a: Smeargle|def|2\n|-unboost|p1a: Smeargle|spa|1\n|upkeep\n|\n|t:|1731503507\n|switch|p2b: Annihilape|Annihilape, L50, F|100\/100\n|turn|2\n|\n|t:|1731503525\n|move|p1b: Primeape|Protect|p1b: Primeape\n|-singleturn|p1b: Primeape|Protect\n|move|p2a: Whimsicott|Moonblast|p1a: Smeargle\n|-damage|p1a: Smeargle|0 fnt\n|faint|p1a: Smeargle\n|move|p2b: Annihilape|Close Combat|p1b: Primeape\n|-activate|p1b: Primeape|move: Protect\n|\n|-weather|SunnyDay|[upkeep]\n|upkeep\n|\n|t:|1731503540\n|switch|p1a: Indeedee|Indeedee-F, L50, F|100\/100\n|-fieldstart|move: Psychic Terrain|[from] ability: Psychic Surge|[of] p1a: Indeedee\n|turn|3\n|inactive|Battle timer is ON: inactive players will automatically lose when time's up. (requested by VGCLTH John Pork)\n|\n|t:|1731503562\n|move|p1a: Indeedee|Follow Me|p1a: Indeedee\n|-singleturn|p1a: Indeedee|move: Follow Me\n|move|p2a: Whimsicott|Moonblast|p1a: Indeedee\n|-damage|p1a: Indeedee|60\/100\n|move|p2b: Annihilape|Close Combat|p1a: Indeedee\n|-damage|p1a: Indeedee|0 fnt\n|-unboost|p2b: Annihilape|def|1\n|-unboost|p2b: Annihilape|spd|1\n|faint|p1a: Indeedee\n|move|p1b: Primeape|Fire Punch|p2a: Whimsicott\n|-supereffective|p2a: Whimsicott\n|-enditem|p2a: Whimsicott|Focus Sash\n|-damage|p2a: Whimsicott|1\/100\n|\n|-weather|SunnyDay|[upkeep]\n|upkeep\n|j| lokoz lost\n|\n|t:|1731503578\n|switch|p1a: Whimsicott|Whimsicott, L50, F|100\/100\n|turn|4\n|inactive|VGCLTH John Pork has 30 seconds left.\n|inactive|VGCLTH John Pork has 20 seconds left.\n|inactive|HarshEuroBarge has 30 seconds left.\n|inactive|VGCLTH John Pork has 15 seconds left.\n|inactive|VGCLTH John Pork has 10 seconds left.\n|\n|t:|1731503624\n|switch|p2b: Farigiraf|Farigiraf, L50, F|100\/100\n|move|p2a: Whimsicott|Tailwind|p2a: Whimsicott\n|-sidestart|p2: VGCLTH John Pork|move: Tailwind\n|move|p1a: Whimsicott|Tailwind|p1a: Whimsicott\n|-sidestart|p1: HarshEuroBarge|move: Tailwind\n|move|p1b: Primeape|Rage Fist|p2b: Farigiraf\n|-immune|p2b: Farigiraf\n|\n|-weather|SunnyDay|[upkeep]\n|upkeep\n|turn|5\n|\n|t:|1731503642\n|move|p2a: Whimsicott|Moonblast|p1b: Primeape\n|-resisted|p1b: Primeape\n|-damage|p1b: Primeape|18\/100\n|move|p1a: Whimsicott|Moonblast|p2a: Whimsicott\n|-damage|p2a: Whimsicott|0 fnt\n|faint|p2a: Whimsicott\n|move|p1b: Primeape|Fire Punch|p2b: Farigiraf\n|-damage|p2b: Farigiraf|0 fnt\n|faint|p2b: Farigiraf\n|\n|-weather|none\n|upkeep\n|\n|t:|1731503646\n|switch|p2b: Annihilape|Annihilape, L50, F|100\/100\n|turn|6\n|\n|t:|1731503667\n|move|p2b: Annihilape|Poison Jab|p1a: Whimsicott\n|-supereffective|p1a: Whimsicott\n|-damage|p1a: Whimsicott|0 fnt\n|-damage|p2b: Annihilape|84\/100|[from] item: Rocky Helmet|[of] p1a: Whimsicott\n|faint|p1a: Whimsicott\n|move|p1b: Primeape|Rage Fist|p2b: Annihilape\n|-supereffective|p2b: Annihilape\n|-damage|p2b: Annihilape|0 fnt\n|faint|p2b: Annihilape\n|\n|win|HarshEuroBarge\n|raw|HarshEuroBarge's rating: 1710 &rarr; <strong>1734<\/strong><br \/>(+24 for winning)\n|raw|VGCLTH John Pork's rating: 1788 &rarr; <strong>1764<\/strong><br \/>(-24 for losing)\n|l|\u2606HarshEuroBarge\n|player|p1|\n|l| lokoz lost\n|l|\u2606VGCLTH John Pork\n|player|p2|\n","uploadtime":1731503811,"views":48,"formatid":"gen9vgc2024regh","rating":1734,"private":0,"password":null}