{"id":"gen9vgc2024regh-2243771124","format":"[Gen 9] VGC 2024 Reg H","players":["my!lane","VGCLTH <1000ELO"],"log":"|raw|<div class=\"broadcast-blue\"><strong>This battle is required to be public due to a player having a name starting with 'vgclth'.<\/div>\n|j|\u2606my!lane\n|j|\u2606VGCLTH <1000ELO\n|t:|1731597536\n|gametype|doubles\n|player|p1|my!lane|roxie|1677\n|player|p2|VGCLTH <1000ELO|2|1774\n|teamsize|p1|6\n|teamsize|p2|6\n|gen|9\n|tier|[Gen 9] VGC 2024 Reg H\n|rated|\n|rule|Species Clause: Limit one of each Pok\u00e9mon\n|rule|Item Clause: Limit 1 of each item\n|clearpoke\n|poke|p1|Sinistcha, L50|\n|poke|p1|Clefable, L50, F|\n|poke|p1|Scrafty, L50, M|\n|poke|p1|Gastrodon, L50, M|\n|poke|p1|Gardevoir, L50, F|\n|poke|p1|Ceruledge, L50, F|\n|poke|p2|Dondozo, L50, M|\n|poke|p2|Tatsugiri, L50, F|\n|poke|p2|Dragonite, L50, M|\n|poke|p2|Gholdengo, L50|\n|poke|p2|Glimmora, L50, F|\n|poke|p2|Talonflame, L50, M|\n|teampreview|4\n|inactive|Battle timer is ON: inactive players will automatically lose when time's up. (requested by VGCLTH <1000ELO)\n|\n|t:|1731597556\n|start\n|switch|p1a: Gardevoir|Gardevoir, L50, F|100\/100\n|switch|p1b: Tea Time!|Sinistcha, L50|100\/100\n|switch|p2a: Glimmora|Glimmora, L50, F|100\/100\n|switch|p2b: Gholdengo|Gholdengo, L50|100\/100\n|-ability|p1a: Gardevoir|Good as Gold|[from] ability: Trace|[of] p2b: Gholdengo\n|turn|1\n|\n|t:|1731597563\n|-terastallize|p1b: Tea Time!|Poison\n|move|p1a: Gardevoir|Mystical Fire|p2b: Gholdengo\n|-supereffective|p2b: Gholdengo\n|-damage|p2b: Gholdengo|34\/100\n|-unboost|p2b: Gholdengo|spa|1\n|move|p2b: Gholdengo|Make It Rain|p1a: Gardevoir|[spread] p1a,p1b\n|-supereffective|p1a: Gardevoir\n|-damage|p1a: Gardevoir|0 fnt\n|-damage|p1b: Tea Time!|54\/100\n|-unboost|p2b: Gholdengo|spa|1\n|faint|p1a: Gardevoir\n|move|p2a: Glimmora|Mortal Spin|p1b: Tea Time!\n|-resisted|p1b: Tea Time!\n|-damage|p1b: Tea Time!|52\/100\n|move|p1b: Tea Time!|Trick Room|p1b: Tea Time!\n|-fieldstart|move: Trick Room|[of] p1b: Tea Time!\n|\n|upkeep\n|\n|t:|1731597577\n|switch|p1a: Landorous-S|Gastrodon, L50, M|100\/100\n|turn|2\n|inactive|VGCLTH <1000ELO has 30 seconds left.\n|inactive|VGCLTH <1000ELO has 20 seconds left.\n|inactive|VGCLTH <1000ELO has 15 seconds left.\n|inactive|VGCLTH <1000ELO has 10 seconds left.\n|inactive|VGCLTH <1000ELO has 5 seconds left.\n|\n|t:|1731597628\n|-terastallize|p2a: Glimmora|Grass\n|move|p1a: Landorous-S|Earth Power|p2a: Glimmora\n|-resisted|p2a: Glimmora\n|-damage|p2a: Glimmora|81\/100\n|-damage|p1a: Landorous-S|91\/100|[from] item: Life Orb\n|move|p1b: Tea Time!|Matcha Gotcha|p2a: Glimmora|[spread] p2a,p2b\n|-resisted|p2a: Glimmora\n|-resisted|p2b: Gholdengo\n|-damage|p2a: Glimmora|74\/100\n|-heal|p1b: Tea Time!|56\/100|[from] drain|[of] p2a: Glimmora\n|-damage|p2b: Gholdengo|20\/100\n|-heal|p1b: Tea Time!|63\/100|[from] drain|[of] p2b: Gholdengo\n|-status|p2a: Glimmora|brn\n|move|p2a: Glimmora|Earth Power|p1b: Tea Time!\n|-supereffective|p1b: Tea Time!\n|-damage|p1b: Tea Time!|18\/100\n|-enditem|p1b: Tea Time!|Sitrus Berry|[eat]\n|-heal|p1b: Tea Time!|43\/100|[from] item: Sitrus Berry\n|move|p2b: Gholdengo|Make It Rain|p1b: Tea Time!|[spread] p1a,p1b\n|-resisted|p1a: Landorous-S\n|-damage|p1a: Landorous-S|72\/100\n|-damage|p1b: Tea Time!|7\/100\n|-unboost|p2b: Gholdengo|spa|1\n|\n|-damage|p2a: Glimmora|68\/100 brn|[from] brn\n|upkeep\n|turn|3\n|inactive|my!lane has 30 seconds left.\n|inactive|VGCLTH <1000ELO has 30 seconds left.\n|inactive|my!lane has 20 seconds left.\n|\n|t:|1731597666\n|switch|p2b: Tatsugiri|Tatsugiri, L50, F|100\/100\n|move|p1a: Landorous-S|Muddy Water|p2b: Tatsugiri|[spread] p2a,p2b\n|-resisted|p2a: Glimmora\n|-resisted|p2b: Tatsugiri\n|-damage|p2a: Glimmora|54\/100 brn\n|-damage|p2b: Tatsugiri|89\/100\n|-unboost|p2a: Glimmora|accuracy|1\n|-damage|p1a: Landorous-S|62\/100|[from] item: Life Orb\n|move|p1b: Tea Time!|Matcha Gotcha|p2b: Tatsugiri|[spread] p2a,p2b\n|-resisted|p2a: Glimmora\n|-damage|p2a: Glimmora|46\/100 brn\n|-heal|p1b: Tea Time!|11\/100|[from] drain|[of] p2a: Glimmora\n|-damage|p2b: Tatsugiri|53\/100\n|-heal|p1b: Tea Time!|26\/100|[from] drain|[of] p2b: Tatsugiri\n|move|p2a: Glimmora|Earth Power|p1b: Tea Time!\n|-supereffective|p1b: Tea Time!\n|-damage|p1b: Tea Time!|0 fnt\n|faint|p1b: Tea Time!\n|\n|-damage|p2a: Glimmora|40\/100 brn|[from] brn\n|upkeep\n|\n|t:|1731597681\n|switch|p1b: Clef|Clefable, L50, F|100\/100\n|turn|4\n|j| RNGeez RandBats\n|l| RNGeez RandBats\n|\n|t:|1731597689\n|move|p2b: Tatsugiri|Protect|p2b: Tatsugiri\n|-singleturn|p2b: Tatsugiri|Protect\n|move|p1a: Landorous-S|Clear Smog|p2a: Glimmora\n|-supereffective|p2a: Glimmora\n|-damage|p2a: Glimmora|13\/100 brn\n|-clearboost|p2a: Glimmora\n|-damage|p1a: Landorous-S|53\/100|[from] item: Life Orb\n|move|p1b: Clef|Moonblast|p2b: Tatsugiri\n|-activate|p2b: Tatsugiri|move: Protect\n|move|p2a: Glimmora|Sludge Bomb|p1b: Clef\n|-supereffective|p1b: Clef\n|-damage|p1b: Clef|28\/100\n|\n|-damage|p2a: Glimmora|7\/100 brn|[from] brn\n|upkeep\n|turn|5\n|inactive|VGCLTH <1000ELO has 30 seconds left.\n|\n|t:|1731597720\n|switch|p2a: Gholdengo|Gholdengo, L50|20\/100\n|switch|p2b: Dondozo|Dondozo, L50, M|100\/100\n|move|p1a: Landorous-S|Earth Power|p2a: Gholdengo\n|-supereffective|p2a: Gholdengo\n|-damage|p2a: Gholdengo|0 fnt\n|faint|p2a: Gholdengo\n|-damage|p1a: Landorous-S|43\/100|[from] item: Life Orb\n|move|p1b: Clef|Moonblast|p2b: Dondozo\n|-damage|p2b: Dondozo|63\/100\n|\n|-heal|p2b: Dondozo|69\/100|[from] item: Leftovers\n|-fieldend|move: Trick Room\n|upkeep\n|\n|t:|1731597725\n|switch|p2a: Glimmora|Glimmora, L50, F, tera:Grass|7\/100 brn\n|turn|6\n|\n|t:|1731597737\n|switch|p2a: Tatsugiri|Tatsugiri, L50, F|53\/100\n|-activate|p2a: Tatsugiri|ability: Commander|[of] p2b: Dondozo\n|-boost|p2b: Dondozo|atk|2\n|-boost|p2b: Dondozo|spa|2\n|-boost|p2b: Dondozo|spe|2\n|-boost|p2b: Dondozo|def|2\n|-boost|p2b: Dondozo|spd|2\n|move|p1a: Landorous-S|Protect|p1a: Landorous-S\n|-singleturn|p1a: Landorous-S|Protect\n|move|p2b: Dondozo|Earthquake|p1a: Landorous-S|[spread] p1b\n|-miss|p2b: Dondozo|p2a: Tatsugiri\n|-activate|p1a: Landorous-S|move: Protect\n|-damage|p1b: Clef|8\/100\n|move|p1b: Clef|Moonblast|p2a: Tatsugiri|[miss]\n|-miss|p1b: Clef|p2a: Tatsugiri\n|\n|-heal|p2b: Dondozo|75\/100|[from] item: Leftovers\n|upkeep\n|turn|7\n|\n|t:|1731597742\n|move|p1b: Clef|Protect|p1b: Clef\n|-singleturn|p1b: Clef|Protect\n|move|p2b: Dondozo|Earthquake|p1a: Landorous-S|[spread] p1a\n|-miss|p2b: Dondozo|p2a: Tatsugiri\n|-activate|p1b: Clef|move: Protect\n|-damage|p1a: Landorous-S|0 fnt\n|faint|p1a: Landorous-S\n|\n|-heal|p2b: Dondozo|81\/100|[from] item: Leftovers\n|upkeep\n|turn|8\n|-message|my!lane forfeited.\n|\n|win|VGCLTH <1000ELO\n|raw|my!lane's rating: 1677 &rarr; <strong>1662<\/strong><br \/>(-15 for losing)\n|raw|VGCLTH &lt;1000ELO's rating: 1774 &rarr; <strong>1789<\/strong><br \/>(+15 for winning)\n|l|\u2606my!lane\n|player|p1|\n|l|\u2606VGCLTH <1000ELO\n|player|p2|\n","uploadtime":1731597911,"views":9,"formatid":"gen9vgc2024regh","rating":1662,"private":0,"password":null}