{"id":"gen9vgc2024regh-2243507597","format":"[Gen 9] VGC 2024 Reg H","players":["VGCLTH TnB","peesan"],"log":"|raw|<div class=\"broadcast-blue\"><strong>This battle is required to be public due to a player having a name starting with 'vgclth'.<\/div>\n|j|\u2606VGCLTH TnB\n|j|\u2606peesan\n|t:|1731556000\n|gametype|doubles\n|player|p1|VGCLTH TnB|roxanne-masters|1718\n|player|p2|peesan|2|1758\n|teamsize|p1|6\n|teamsize|p2|6\n|gen|9\n|tier|[Gen 9] VGC 2024 Reg H\n|rated|\n|rule|Species Clause: Limit one of each Pok\u00e9mon\n|rule|Item Clause: Limit 1 of each item\n|clearpoke\n|poke|p1|Klefki, L50, F|\n|poke|p1|Annihilape, L50, F|\n|poke|p1|Archaludon, L50, M|\n|poke|p1|Maushold, L50|\n|poke|p1|Sinistcha, L50|\n|poke|p1|Pelipper, L50, F|\n|poke|p2|Electabuzz, L50, M|\n|poke|p2|Ursaluna-Bloodmoon, L50, M|\n|poke|p2|Rillaboom, L50, F|\n|poke|p2|Dragonite, L50, M|\n|poke|p2|Sneasler, L50, M|\n|poke|p2|Volcarona, L50, F|\n|teampreview|4\n|inactive|Battle timer is ON: inactive players will automatically lose when time's up. (requested by VGCLTH TnB)\n|j| Therazer456\nVGCLTH TnB has agreed to open team sheets.\n|inactive|VGCLTH TnB has 60 seconds left.\n|\n|t:|1731556036\n|start\n|switch|p1a: Maushold|Maushold, L50|100\/100\n|switch|p1b: Annihilape|Annihilape, L50, F|100\/100\n|switch|p2a: Electabuzz|Electabuzz, L50, M|100\/100\n|switch|p2b: Ursaluna|Ursaluna-Bloodmoon, L50, M|100\/100\n|turn|1\n|inactive|VGCLTH TnB has 30 seconds left.\n|inactive|peesan has 30 seconds left.\n|\n|t:|1731556068\n|-terastallize|p2b: Ursaluna|Normal\n|move|p1a: Maushold|Protect|p1a: Maushold\n|-singleturn|p1a: Maushold|Protect\n|move|p1b: Annihilape|Protect|p1b: Annihilape\n|-singleturn|p1b: Annihilape|Protect\n|move|p2a: Electabuzz|Electroweb|p1b: Annihilape|[spread] \n|-activate|p1a: Maushold|move: Protect\n|-activate|p1b: Annihilape|move: Protect\n|move|p2b: Ursaluna|Hyper Voice|p1a: Maushold|[spread] \n|-activate|p1a: Maushold|move: Protect\n|-activate|p1b: Annihilape|move: Protect\n|\n|upkeep\n|turn|2\n|\n|t:|1731556085\n|move|p2a: Electabuzz|Follow Me|p2a: Electabuzz\n|-singleturn|p2a: Electabuzz|move: Follow Me\n|move|p1a: Maushold|Taunt|p2a: Electabuzz\n|-start|p2a: Electabuzz|move: Taunt\n|move|p1b: Annihilape|Drain Punch|p2a: Electabuzz\n|-damage|p2a: Electabuzz|74\/100\n|move|p2b: Ursaluna|Hyper Voice|p1b: Annihilape|[spread] p1a,p1b\n|-damage|p1a: Maushold|21\/100\n|-damage|p1b: Annihilape|54\/100\n|-damage|p2b: Ursaluna|91\/100|[from] item: Life Orb\n|\n|-heal|p1b: Annihilape|60\/100|[from] item: Leftovers\n|upkeep\n|turn|3\n|\n|t:|1731556100\n|switch|p1a: Klefki|Klefki, L50, F|100\/100\n|move|p1b: Annihilape|Protect|p1b: Annihilape\n|-singleturn|p1b: Annihilape|Protect\n|move|p2b: Ursaluna|Protect|p2b: Ursaluna\n|-singleturn|p2b: Ursaluna|Protect\n|move|p2a: Electabuzz|Electroweb|p1b: Annihilape|[spread] p1a\n|-activate|p1b: Annihilape|move: Protect\n|-damage|p1a: Klefki|88\/100\n|-unboost|p1a: Klefki|spe|1\n|\n|-heal|p1b: Annihilape|66\/100|[from] item: Leftovers\n|upkeep\n|turn|4\n|inactive|VGCLTH TnB has 30 seconds left.\n|\n|t:|1731556126\n|switch|p1b: Maushold|Maushold, L50|21\/100\n|move|p1a: Klefki|Light Screen|p1a: Klefki\n|-sidestart|p1: VGCLTH TnB|move: Light Screen\n|move|p2a: Electabuzz|Electroweb|p1a: Klefki|[spread] p1a\n|-miss|p2a: Electabuzz|p1b: Maushold\n|-damage|p1a: Klefki|82\/100\n|-unboost|p1a: Klefki|spe|1\n|move|p2b: Ursaluna|Blood Moon|p1b: Maushold\n|-damage|p1b: Maushold|0 fnt\n|faint|p1b: Maushold\n|-damage|p2b: Ursaluna|81\/100|[from] item: Life Orb\n|\n|upkeep\n|\n|t:|1731556135\n|switch|p1b: Annihilape|Annihilape, L50, F|66\/100\n|turn|5\n|\n|t:|1731556156\n|switch|p1a: Sinistcha|Sinistcha, L50|100\/100\n|-heal|p1b: Annihilape|91\/100|[from] ability: Hospitality|[of] p1a: Sinistcha\n|move|p2a: Electabuzz|Knock Off|p1b: Annihilape\n|-damage|p1b: Annihilape|73\/100\n|-enditem|p1b: Annihilape|Leftovers|[from] move: Knock Off|[of] p2a: Electabuzz\n|move|p1b: Annihilape|Drain Punch|p2b: Ursaluna\n|-supereffective|p2b: Ursaluna\n|-damage|p2b: Ursaluna|22\/100\n|-heal|p1b: Annihilape|99\/100|[from] drain|[of] p2b: Ursaluna\n|move|p2b: Ursaluna|Earth Power|p1a: Sinistcha\n|-resisted|p1a: Sinistcha\n|-damage|p1a: Sinistcha|80\/100\n|-damage|p2b: Ursaluna|12\/100|[from] item: Life Orb\n|\n|-end|p2a: Electabuzz|move: Taunt\n|upkeep\n|turn|6\n|inactive|VGCLTH TnB has 30 seconds left.\n|inactive|peesan has 30 seconds left.\n|inactive|VGCLTH TnB has 20 seconds left.\n|inactive|VGCLTH TnB has 15 seconds left.\n|\n|t:|1731556199\n|move|p2a: Electabuzz|Follow Me|p2a: Electabuzz\n|-singleturn|p2a: Electabuzz|move: Follow Me\n|move|p1a: Sinistcha|Rage Powder|p1a: Sinistcha\n|-singleturn|p1a: Sinistcha|move: Rage Powder\n|move|p1b: Annihilape|Rage Fist|p2a: Electabuzz\n|-damage|p2a: Electabuzz|23\/100\n|move|p2b: Ursaluna|Blood Moon|p1a: Sinistcha\n|-damage|p1a: Sinistcha|0 fnt\n|faint|p1a: Sinistcha\n|-damage|p2b: Ursaluna|2\/100|[from] item: Life Orb\n|\n|upkeep\n|\n|t:|1731556205\n|switch|p1a: Klefki|Klefki, L50, F|82\/100\n|turn|7\n|\n|t:|1731556222\n|move|p2b: Ursaluna|Protect|p2b: Ursaluna\n|-singleturn|p2b: Ursaluna|Protect\n|move|p2a: Electabuzz|Electroweb|p1a: Klefki|[spread] p1a,p1b\n|-damage|p1a: Klefki|72\/100\n|-damage|p1b: Annihilape|92\/100\n|-unboost|p1a: Klefki|spe|1\n|-unboost|p1b: Annihilape|spe|1\n|-ability|p1b: Annihilape|Defiant|boost\n|-boost|p1b: Annihilape|atk|2\n|move|p1b: Annihilape|Bulk Up|p1b: Annihilape\n|-boost|p1b: Annihilape|atk|1\n|-boost|p1b: Annihilape|def|1\n|move|p1a: Klefki|Dazzling Gleam|p2b: Ursaluna|[spread] p2a\n|-activate|p2b: Ursaluna|move: Protect\n|-damage|p2a: Electabuzz|8\/100\n|\n|upkeep\n|turn|8\n|inactive|peesan has 30 seconds left.\n|\n|t:|1731556250\n|move|p1b: Annihilape|Protect|p1b: Annihilape\n|-singleturn|p1b: Annihilape|Protect\n|move|p1a: Klefki|Reflect|p1a: Klefki\n|-sidestart|p1: VGCLTH TnB|Reflect\n|move|p2a: Electabuzz|Knock Off|p1a: Klefki\n|-resisted|p1a: Klefki\n|-damage|p1a: Klefki|67\/100\n|-enditem|p1a: Klefki|Light Clay|[from] move: Knock Off|[of] p2a: Electabuzz\n|move|p2b: Ursaluna|Earth Power|p1a: Klefki\n|-supereffective|p1a: Klefki\n|-damage|p1a: Klefki|0 fnt\n|faint|p1a: Klefki\n|-damage|p2b: Ursaluna|0 fnt|[from] item: Life Orb\n|faint|p2b: Ursaluna\n|\n|upkeep\n|\n|t:|1731556262\n|switch|p2b: Dragonite|Dragonite, L50, M|100\/100\n|turn|9\n|j| Son Vaxis\n|\n|t:|1731556284\n|move|p2a: Electabuzz|Follow Me|p2a: Electabuzz\n|-singleturn|p2a: Electabuzz|move: Follow Me\n|move|p2b: Dragonite|Scale Shot|p1b: Annihilape\n|-damage|p1b: Annihilape|85\/100\n|-damage|p1b: Annihilape|78\/100\n|-crit|p1b: Annihilape\n|-damage|p1b: Annihilape|56\/100\n|-damage|p1b: Annihilape|50\/100\n|-hitcount|p1b: Annihilape|4\n|-unboost|p2b: Dragonite|def|1\n|-boost|p2b: Dragonite|spe|1\n|move|p1b: Annihilape|Rage Fist|p2a: Electabuzz\n|-damage|p2a: Electabuzz|0 fnt\n|faint|p2a: Electabuzz\n|\n|upkeep\n|\n|t:|1731556296\n|switch|p2a: Sneasler|Sneasler, L50, M|100\/100\n|turn|10\n|\n|t:|1731556305\n|move|p2b: Dragonite|Protect|p2b: Dragonite\n|-singleturn|p2b: Dragonite|Protect\n|move|p2a: Sneasler|Dire Claw|p1b: Annihilape\n|-resisted|p1b: Annihilape\n|-crit|p1b: Annihilape\n|-damage|p1b: Annihilape|19\/100\n|-status|p1b: Annihilape|par\n|move|p1b: Annihilape|Rage Fist|p2b: Dragonite\n|-activate|p2b: Dragonite|move: Protect\n|\n|upkeep\n|turn|11\n|\n|t:|1731556316\n|move|p2b: Dragonite|Scale Shot|p1b: Annihilape\n|-damage|p1b: Annihilape|13\/100 par\n|-damage|p1b: Annihilape|5\/100 par\n|-damage|p1b: Annihilape|0 fnt\n|faint|p1b: Annihilape\n|-hitcount|p1: Annihilape|3\n|\n|win|peesan\n|raw|VGCLTH TnB's rating: 1718 &rarr; <strong>1700<\/strong><br \/>(-18 for losing)\n|raw|peesan's rating: 1758 &rarr; <strong>1776<\/strong><br \/>(+18 for winning)\n|l| Son Vaxis\n|l|\u2606peesan\n|player|p2|\n","uploadtime":1731556530,"views":62,"formatid":"gen9vgc2024regh","rating":1700,"private":0,"password":null}