{"id":"gen9vgc2024regh-2243416125","format":"[Gen 9] VGC 2024 Reg H","players":["VGCLTH Sac gaming","googer315"],"log":"|raw|<div class=\"broadcast-blue\"><strong>This battle is required to be public due to a player having a name starting with 'vgclth'.<\/div>\n|j|\u2606VGCLTH Sac gaming\n|j|\u2606googer315\n|t:|1731544077\n|gametype|doubles\n|player|p1|VGCLTH Sac gaming|steven|1646\n|player|p2|googer315|169|1754\n|teamsize|p1|6\n|teamsize|p2|6\n|gen|9\n|tier|[Gen 9] VGC 2024 Reg H\n|rated|\n|rule|Species Clause: Limit one of each Pok\u00e9mon\n|rule|Item Clause: Limit 1 of each item\n|clearpoke\n|poke|p1|Whimsicott, L50, M|\n|poke|p1|Dragonite, L50, F|\n|poke|p1|Ursaluna-Bloodmoon, L50, M|\n|poke|p1|Gholdengo, L50|\n|poke|p1|Incineroar, L50, M|\n|poke|p1|Annihilape, L50, M|\n|poke|p2|Dondozo, L50, F|\n|poke|p2|Tatsugiri, L50, F|\n|poke|p2|Glimmora, L50, F|\n|poke|p2|Maushold, L50|\n|poke|p2|Annihilape, L50, F|\n|poke|p2|Gholdengo, L50|\n|teampreview|4\nVGCLTH Sac gaming rejected open team sheets.\n|inactive|Battle timer is ON: inactive players will automatically lose when time's up. (requested by googer315)\n|j| FBISurveillanceMan\n|\n|t:|1731544102\n|start\n|switch|p1a: Whimsicott|Whimsicott, L50, M|100\/100\n|switch|p1b: Annihilape|Annihilape, L50, M|100\/100\n|switch|p2a: Gholdengo|Gholdengo, L50|100\/100\n|switch|p2b: Glimmora|Glimmora, L50, F|100\/100\n|turn|1\n|inactive|googer315 has 30 seconds left.\n|\n|t:|1731544131\n|move|p2a: Gholdengo|Make It Rain|p1a: Whimsicott|[spread] p1a,p1b\n|-supereffective|p1a: Whimsicott\n|-enditem|p1a: Whimsicott|Focus Sash\n|-damage|p1a: Whimsicott|1\/100\n|-damage|p1b: Annihilape|48\/100\n|-unboost|p2a: Gholdengo|spa|1\n|move|p1a: Whimsicott|Beat Up|p1b: Annihilape\n|-damage|p1b: Annihilape|46\/100\n|-damage|p1b: Annihilape|43\/100\n|-damage|p1b: Annihilape|41\/100\n|-damage|p1b: Annihilape|37\/100\n|-hitcount|p1b: Annihilape|4\n|move|p1b: Annihilape|Rage Fist|p2a: Gholdengo\n|-supereffective|p2a: Gholdengo\n|-damage|p2a: Gholdengo|0 fnt\n|faint|p2a: Gholdengo\n|move|p2b: Glimmora|Sludge Bomb|p1a: Whimsicott\n|-supereffective|p1a: Whimsicott\n|-damage|p1a: Whimsicott|0 fnt\n|faint|p1a: Whimsicott\n|\n|upkeep\n|\n|t:|1731544151\n|switch|p1a: Dragonite|Dragonite, L50, F|100\/100\n|switch|p2a: Dondozo|Dondozo, L50, F|100\/100\n|turn|2\n|\n|t:|1731544164\n|move|p2a: Dondozo|Protect|p2a: Dondozo\n|-singleturn|p2a: Dondozo|Protect\n|move|p1b: Annihilape|Rage Fist|p2a: Dondozo\n|-activate|p2a: Dondozo|move: Protect\n|move|p2b: Glimmora|Power Gem|p1a: Dragonite\n|-supereffective|p1a: Dragonite\n|-damage|p1a: Dragonite|48\/100\n|move|p1a: Dragonite|Scale Shot|p2a: Dondozo\n|-activate|p2a: Dondozo|move: Protect\n|\n|upkeep\n|turn|3\n|\n|t:|1731544178\n|switch|p2b: Tatsugiri|Tatsugiri, L50, F|100\/100\n|-activate|p2b: Tatsugiri|ability: Commander|[of] p2a: Dondozo\n|-boost|p2a: Dondozo|atk|2\n|-boost|p2a: Dondozo|spa|2\n|-boost|p2a: Dondozo|spe|2\n|-boost|p2a: Dondozo|def|2\n|-boost|p2a: Dondozo|spd|2\n|move|p1b: Annihilape|Rage Fist|p2a: Dondozo\n|-damage|p2a: Dondozo|58\/100\n|move|p1a: Dragonite|Haze|p1a: Dragonite\n|-clearallboost\n|move|p2a: Dondozo|Order Up|p1a: Dragonite\n|-supereffective|p1a: Dragonite\n|-crit|p1a: Dragonite\n|-damage|p1a: Dragonite|0 fnt\n|faint|p1a: Dragonite\n|-boost|p2a: Dondozo|atk|1\n|\n|-heal|p2a: Dondozo|64\/100|[from] item: Leftovers\n|upkeep\n|inactive|VGCLTH Sac gaming has 30 seconds left.\n|\n|t:|1731544208\n|switch|p1a: Ursaluna|Ursaluna-Bloodmoon, L50, M|100\/100\n|turn|4\n|\n|t:|1731544215\n|-terastallize|p1a: Ursaluna|Normal\n|move|p2a: Dondozo|Protect|p2a: Dondozo\n|-singleturn|p2a: Dondozo|Protect\n|move|p1b: Annihilape|Close Combat|p2b: Tatsugiri|[miss]\n|-miss|p1b: Annihilape|p2b: Tatsugiri\n|move|p1a: Ursaluna|Blood Moon|p2a: Dondozo\n|-activate|p2a: Dondozo|move: Protect\n|\n|-heal|p2a: Dondozo|70\/100|[from] item: Leftovers\n|upkeep\n|turn|5\n|\n|t:|1731544227\n|move|p1b: Annihilape|Rage Fist|p2a: Dondozo\n|-damage|p2a: Dondozo|0 fnt\n|faint|p2a: Dondozo\n|move|p1a: Ursaluna|Hyper Voice|p2b: Tatsugiri\n|-damage|p2b: Tatsugiri|12\/100\n|\n|upkeep\n|\n|t:|1731544233\n|switch|p2a: Glimmora|Glimmora, L50, F|100\/100\n|turn|6\n|inactive|googer315 has 30 seconds left.\n|-enditem|p2b: Tatsugiri|Custap Berry|[eat]\n|-activate|p2b: Tatsugiri|item: Custap Berry|[consumed]\n|\n|t:|1731544259\n|move|p1a: Ursaluna|Vacuum Wave|p2b: Tatsugiri\n|-crit|p2b: Tatsugiri\n|-damage|p2b: Tatsugiri|0 fnt\n|faint|p2b: Tatsugiri\n|move|p1b: Annihilape|Rage Fist|p2a: Glimmora\n|-enditem|p2a: Glimmora|Focus Sash\n|-damage|p2a: Glimmora|1\/100\n|-activate|p2a: Glimmora|ability: Toxic Debris\n|-sidestart|p1: VGCLTH Sac gaming|move: Toxic Spikes\n|move|p2a: Glimmora|Sludge Bomb|p1a: Ursaluna\n|-damage|p1a: Ursaluna|55\/100\n|\n|upkeep\n|turn|7\n|-message|googer315 forfeited.\n|\n|win|VGCLTH Sac gaming\n|raw|VGCLTH Sac gaming's rating: 1646 &rarr; <strong>1672<\/strong><br \/>(+26 for winning)\n|raw|googer315's rating: 1754 &rarr; <strong>1728<\/strong><br \/>(-26 for losing)\n|l|\u2606googer315\n|player|p2|\n","uploadtime":1731544277,"views":31,"formatid":"gen9vgc2024regh","rating":1672,"private":0,"password":null}