{"id":"gen9vgc2024regh-2243485833","format":"[Gen 9] VGC 2024 Reg H","players":["erenjagerbombs","VGCLTH Rishi"],"log":"|raw|<div class=\"broadcast-blue\"><strong>This battle is required to be public due to a player having a name starting with 'vgclth'.<\/div>\n|j|\u2606erenjagerbombs\n|j|\u2606VGCLTH Rishi\n|t:|1731552962\n|gametype|doubles\n|player|p1|erenjagerbombs|170|1716\n|player|p2|VGCLTH Rishi|101|1740\n|teamsize|p1|6\n|teamsize|p2|6\n|gen|9\n|tier|[Gen 9] VGC 2024 Reg H\n|rated|\n|rule|Species Clause: Limit one of each Pok\u00e9mon\n|rule|Item Clause: Limit 1 of each item\n|clearpoke\n|poke|p1|Hatterene, L50, F|\n|poke|p1|Indeedee-F, L50, F|\n|poke|p1|Torkoal, L50, M|\n|poke|p1|Maushold, L50|\n|poke|p1|Gallade, L50, M|\n|poke|p1|Ursaluna, L50, M|\n|poke|p2|Kommo-o, L50, F|\n|poke|p2|Rillaboom, L50, F|\n|poke|p2|Tyranitar, L50, F|\n|poke|p2|Talonflame, L50, F|\n|poke|p2|Gholdengo, L50|\n|poke|p2|Milotic, L50, F|\n|teampreview|4\n|inactive|Battle timer is ON: inactive players will automatically lose when time's up. (requested by erenjagerbombs)\n|inactive|VGCLTH Rishi has 60 seconds left.\n|\n|t:|1731553007\n|start\n|switch|p1a: Maushold|Maushold, L50|100\/100\n|switch|p1b: Gallade|Gallade, L50, M|100\/100\n|switch|p2a: Gholdengo|Gholdengo, L50|100\/100\n|switch|p2b: Tyranitar|Tyranitar, L50, F|100\/100\n|-weather|Sandstorm|[from] ability: Sand Stream|[of] p2b: Tyranitar\n|turn|1\n|\n|t:|1731553028\n|-terastallize|p2b: Tyranitar|Flying\n|-terastallize|p1b: Gallade|Fire\n|move|p2a: Gholdengo|Make It Rain|p1a: Maushold|[spread] p1a,p1b\n|-resisted|p1b: Gallade\n|-damage|p1a: Maushold|16\/100\n|-damage|p1b: Gallade|68\/100\n|-unboost|p2a: Gholdengo|spa|1\n|move|p1a: Maushold|Population Bomb|p2b: Tyranitar\n|-damage|p2b: Tyranitar|89\/100\n|-damage|p2b: Tyranitar|78\/100\n|-damage|p2b: Tyranitar|67\/100\n|-damage|p2b: Tyranitar|57\/100\n|-damage|p2b: Tyranitar|45\/100\n|-damage|p2b: Tyranitar|35\/100\n|-damage|p2b: Tyranitar|23\/100\n|-damage|p2b: Tyranitar|12\/100\n|-damage|p2b: Tyranitar|1\/100\n|-damage|p2b: Tyranitar|0 fnt\n|faint|p2b: Tyranitar\n|-hitcount|p2: Tyranitar|10\n|move|p1b: Gallade|Sacred Sword|p2a: Gholdengo\n|-immune|p2a: Gholdengo\n|\n|-weather|Sandstorm|[upkeep]\n|-damage|p1a: Maushold|10\/100|[from] Sandstorm\n|-damage|p1b: Gallade|63\/100|[from] Sandstorm\n|upkeep\n|\n|t:|1731553049\n|switch|p2b: Kommo-o|Kommo-o, L50, F|100\/100\n|turn|2\n|j| VGCLTH TnB\n|j| Therazer456\n|\n|t:|1731553061\n|move|p1a: Maushold|Follow Me|p1a: Maushold\n|-singleturn|p1a: Maushold|move: Follow Me\n|move|p2a: Gholdengo|Make It Rain|p1b: Gallade|[spread] p1a,p1b\n|-resisted|p1b: Gallade\n|-damage|p1a: Maushold|0 fnt\n|-damage|p1b: Gallade|42\/100\n|-unboost|p2a: Gholdengo|spa|1\n|faint|p1a: Maushold\n|move|p2b: Kommo-o|Body Press|p1b: Gallade\n|-damage|p1b: Gallade|0 fnt\n|faint|p1b: Gallade\n|\n|-weather|Sandstorm|[upkeep]\n|upkeep\n|\n|t:|1731553067\n|switch|p1a: Indeedee|Indeedee-F, L50, F|100\/100\n|switch|p1b: Torkoal|Torkoal, L50, M, shiny|100\/100\n|-fieldstart|move: Psychic Terrain|[from] ability: Psychic Surge|[of] p1a: Indeedee\n|-weather|SunnyDay|[from] ability: Drought|[of] p1b: Torkoal\n|turn|3\n|\n|t:|1731553081\n|move|p2a: Gholdengo|Make It Rain|p1b: Torkoal|[spread] p1a,p1b\n|-resisted|p1b: Torkoal\n|-damage|p1a: Indeedee|68\/100\n|-damage|p1b: Torkoal|76\/100\n|-unboost|p2a: Gholdengo|spa|1\n|move|p2b: Kommo-o|Iron Defense|p2b: Kommo-o\n|-boost|p2b: Kommo-o|def|2\n|move|p1a: Indeedee|Psychic|p2b: Kommo-o\n|-supereffective|p2b: Kommo-o\n|-damage|p2b: Kommo-o|38\/100\n|move|p1b: Torkoal|Heat Wave|p2b: Kommo-o|[spread] p2a,p2b\n|-supereffective|p2a: Gholdengo\n|-resisted|p2b: Kommo-o\n|-damage|p2a: Gholdengo|0 fnt\n|-damage|p2b: Kommo-o|8\/100\n|faint|p2a: Gholdengo\n|\n|-weather|SunnyDay|[upkeep]\n|-heal|p2b: Kommo-o|14\/100|[from] item: Leftovers\n|upkeep\n|\n|t:|1731553086\n|switch|p2a: Rillaboom|Rillaboom, L50, F, shiny|100\/100\n|-fieldstart|move: Grassy Terrain|[from] ability: Grassy Surge|[of] p2a: Rillaboom\n|turn|4\n|inactive|VGCLTH Rishi has 30 seconds left.\n|\n|t:|1731553119\n|move|p2a: Rillaboom|Fake Out|p1b: Torkoal\n|-damage|p1b: Torkoal|65\/100\n|move|p2b: Kommo-o|Body Press|p1a: Indeedee\n|-damage|p1a: Indeedee|0 fnt\n|faint|p1a: Indeedee\n|cant|p1b: Torkoal|flinch\n|\n|-weather|SunnyDay|[upkeep]\n|-heal|p2b: Kommo-o|20\/100|[from] Grassy Terrain\n|-heal|p2b: Kommo-o|27\/100|[from] item: Leftovers\n|-heal|p1b: Torkoal|72\/100|[from] Grassy Terrain\n|upkeep\n|turn|5\n|\n|t:|1731553125\n|move|p2a: Rillaboom|High Horsepower|p1b: Torkoal\n|-supereffective|p1b: Torkoal\n|-damage|p1b: Torkoal|22\/100\n|move|p2b: Kommo-o|Body Press|p1b: Torkoal\n|-damage|p1b: Torkoal|0 fnt\n|faint|p1b: Torkoal\n|\n|win|VGCLTH Rishi\n|raw|erenjagerbombs's rating: 1716 &rarr; <strong>1697<\/strong><br \/>(-19 for losing)\n|raw|VGCLTH Rishi's rating: 1740 &rarr; <strong>1759<\/strong><br \/>(+19 for winning)\n|l|\u2606VGCLTH Rishi\n|player|p2|\n|l| VGCLTH TnB\n","uploadtime":1731553345,"views":27,"formatid":"gen9vgc2024regh","rating":1697,"private":0,"password":null}