{"id":"gen9vgc2024regh-2243080739","format":"[Gen 9] VGC 2024 Reg H","players":["emu333","VGCLTH Cuwutie"],"log":"|j|\u2606emu333\n|j|\u2606VGCLTH Cuwutie\n|t:|1731509839\n|gametype|doubles\n|player|p1|emu333|acetrainerf|1803\n|player|p2|VGCLTH Cuwutie|102|1774\n|teamsize|p1|6\n|teamsize|p2|6\n|gen|9\n|tier|[Gen 9] VGC 2024 Reg H\n|rated|\n|rule|Species Clause: Limit one of each Pok\u00e9mon\n|rule|Item Clause: Limit 1 of each item\n|clearpoke\n|poke|p1|Gastrodon, L50, F|\n|poke|p1|Farigiraf, L50, M|\n|poke|p1|Grimmsnarl, L50, M|\n|poke|p1|Annihilape, L50, M|\n|poke|p1|Incineroar, L50, F|\n|poke|p1|Ursaluna-Bloodmoon, L50, M|\n|poke|p2|Smeargle, L50, M|\n|poke|p2|Farigiraf, L50, M|\n|poke|p2|Grimmsnarl, L50, M|\n|poke|p2|Torkoal, L50, M|\n|poke|p2|Ursaluna-Bloodmoon, L50, M|\n|poke|p2|Araquanid, L50, F|\n|teampreview|4\n|j| stewpeed\n|j| DonShitDozo\n|\n|t:|1731509878\n|start\n|switch|p1a: Incineroar|Incineroar, L50, F|100\/100\n|switch|p1b: Ursaluna|Ursaluna-Bloodmoon, L50, M|100\/100\n|switch|p2a: Smeargle|Smeargle, L50, M|100\/100\n|switch|p2b: Ursaluna|Ursaluna-Bloodmoon, L50, M|100\/100\n|turn|1\n|l|\u2606emu333\n|player|p1|\n|j| Trumpwonbro\n|j| Zordor\n|inactive|Battle timer is ON: inactive players will automatically lose when time's up. (requested by VGCLTH Cuwutie)\n|j|\u2606emu333\n|inactive|emu333 reconnected and has 70 seconds left.\n|player|p1|emu333|acetrainerf|\n|\n|t:|1731509936\n|switch|p1b: Annihilape|Annihilape, L50, M|100\/100\n|-terastallize|p2b: Ursaluna|Normal\n|move|p2a: Smeargle|Fake Out|p1b: Annihilape\n|-immune|p1b: Annihilape\n|move|p1a: Incineroar|Fake Out|p2b: Ursaluna\n|-damage|p2b: Ursaluna|90\/100\n|cant|p2b: Ursaluna|flinch\n|\n|-ability|p2a: Smeargle|Moody|boost\n|-boost|p2a: Smeargle|atk|2\n|-unboost|p2a: Smeargle|spe|1\n|-enditem|p2a: Smeargle|Eject Pack\n|upkeep\n|j| ChinaDragonVGC\n|\n|t:|1731509947\n|switch|p2a: Farigiraf|Farigiraf, L50, M|100\/100\n|turn|2\n|l| ChinaDragonVGC\n|\n|t:|1731509970\n|switch|p1a: Ursaluna|Ursaluna-Bloodmoon, L50, M|100\/100\n|move|p2b: Ursaluna|Protect|p2b: Ursaluna\n|-singleturn|p2b: Ursaluna|Protect\n|move|p1b: Annihilape|Substitute|p1b: Annihilape\n|-start|p1b: Annihilape|Substitute\n|-damage|p1b: Annihilape|76\/100\n|move|p2a: Farigiraf|Trick Room|p2a: Farigiraf\n|-fieldstart|move: Trick Room|[of] p2a: Farigiraf\n|\n|upkeep\n|turn|3\n|j| VGCLTH 2thyfor\n|\n|t:|1731509988\n|-terastallize|p1a: Ursaluna|Normal\n|move|p2a: Farigiraf|Helping Hand|p2b: Ursaluna\n|-singleturn|p2b: Ursaluna|Helping Hand|[of] p2a: Farigiraf\n|move|p1a: Ursaluna|Hyper Voice|p2b: Ursaluna|[spread] p2a,p2b\n|-damage|p2a: Farigiraf|41\/100\n|-damage|p2b: Ursaluna|3\/100\n|move|p2b: Ursaluna|Hyper Voice|p1a: Ursaluna|[spread] p1a,p1b\n|-damage|p1a: Ursaluna|0 fnt\n|-damage|p1b: Annihilape|0 fnt\n|faint|p1a: Ursaluna\n|faint|p1b: Annihilape\n|-damage|p2b: Ursaluna|0 fnt|[from] item: Life Orb\n|faint|p2b: Ursaluna\n|\n|upkeep\n|\n|t:|1731510004\n|switch|p1a: Gastrodon|Gastrodon, L50, F|100\/100\n|switch|p2b: Torkoal|Torkoal, L50, M|100\/100\n|switch|p1b: Incineroar|Incineroar, L50, F|100\/100\n|-weather|SunnyDay|[from] ability: Drought|[of] p2b: Torkoal\n|turn|4\n|\n|t:|1731510015\n|move|p2a: Farigiraf|Helping Hand|p2b: Torkoal\n|-singleturn|p2b: Torkoal|Helping Hand|[of] p2a: Farigiraf\n|move|p1a: Gastrodon|Earth Power|p2b: Torkoal\n|-supereffective|p2b: Torkoal\n|-damage|p2b: Torkoal|1\/100\n|move|p2b: Torkoal|Eruption|p1b: Incineroar|[spread] p1a,p1b\n|-resisted|p1a: Gastrodon\n|-resisted|p1b: Incineroar\n|-damage|p1a: Gastrodon|99\/100\n|-damage|p1b: Incineroar|99\/100\n|move|p1b: Incineroar|Knock Off|p2a: Farigiraf\n|-supereffective|p2a: Farigiraf\n|-damage|p2a: Farigiraf|0 fnt\n|-enditem|p2a: Farigiraf|Mental Herb|[from] move: Knock Off|[of] p1b: Incineroar\n|faint|p2a: Farigiraf\n|\n|-weather|SunnyDay|[upkeep]\n|upkeep\n|\n|t:|1731510017\n|switch|p2a: Smeargle|Smeargle, L50, M|100\/100\n|turn|5\n|-message|VGCLTH Cuwutie forfeited.\n|\n|win|emu333\n|raw|emu333's rating: 1803 &rarr; <strong>1821<\/strong><br \/>(+18 for winning)\n|raw|VGCLTH Cuwutie's rating: 1774 &rarr; <strong>1756<\/strong><br \/>(-18 for losing)\n|l|\u2606VGCLTH Cuwutie\n|player|p2|\n|l| DonShitDozo\n|l| Zordor\n|l| Trumpwonbro\n","uploadtime":1731510201,"views":28,"formatid":"gen9vgc2024regh","rating":1756,"private":0,"password":null}