{"id":"gen9vgc2024regh-2243833523","format":"[Gen 9] VGC 2024 Reg H","players":["TeraButter","vgclth chromate"],"log":"|raw|<div class=\"broadcast-blue\"><strong>This battle is required to be public due to a player having a name starting with 'vgclth'.<\/div>\n|j|\u2606TeraButter\n|j|\u2606vgclth chromate\n|t:|1731603587\n|gametype|doubles\n|player|p1|TeraButter|skullgruntf|1753\n|player|p2|vgclth chromate|allister|1770\n|teamsize|p1|6\n|teamsize|p2|6\n|gen|9\n|tier|[Gen 9] VGC 2024 Reg H\n|rated|\n|rule|Species Clause: Limit one of each Pok\u00e9mon\n|rule|Item Clause: Limit 1 of each item\n|clearpoke\n|poke|p1|Ursaluna-Bloodmoon, L50, M|\n|poke|p1|Espathra, L50, F|\n|poke|p1|Whimsicott, L50, F|\n|poke|p1|Archaludon, L50, F|\n|poke|p1|Typhlosion-Hisui, L50, M|\n|poke|p1|Indeedee, L50, M|\n|poke|p2|Archaludon, L50, F|\n|poke|p2|Pelipper, L50, M|\n|poke|p2|Basculegion, L50, M|\n|poke|p2|Gholdengo, L50|\n|poke|p2|Incineroar, L50, F|\n|poke|p2|Amoonguss, L50, F|\n|teampreview|4\n|inactive|Battle timer is ON: inactive players will automatically lose when time's up. (requested by TeraButter)\n|j| tiffanyjerome\n|inactive|TeraButter has 60 seconds left.\n|inactive|vgclth chromate has 60 seconds left.\n|inactive|TeraButter has 30 seconds left.\n|\n|t:|1731603652\n|start\n|switch|p1a: Whimsicott|Whimsicott, L50, F, shiny|100\/100\n|switch|p1b: Typhlosion|Typhlosion-Hisui, L50, M|100\/100\n|switch|p2a: Incineroar|Incineroar, L50, F|100\/100\n|switch|p2b: Gholdengo|Gholdengo, L50|100\/100\n|-ability|p2a: Incineroar|Intimidate|boost\n|-unboost|p1a: Whimsicott|atk|1\n|-unboost|p1b: Typhlosion|atk|1\n|turn|1\n|\n|t:|1731603664\n|-terastallize|p1b: Typhlosion|Fire\n|move|p2b: Gholdengo|Protect|p2b: Gholdengo\n|-singleturn|p2b: Gholdengo|Protect\n|move|p1a: Whimsicott|Sunny Day|p1a: Whimsicott\n|-weather|SunnyDay\n|move|p1b: Typhlosion|Eruption|p2b: Gholdengo|[spread] p2a\n|-activate|p2b: Gholdengo|move: Protect\n|-resisted|p2a: Incineroar\n|-damage|p2a: Incineroar|36\/100\n|move|p2a: Incineroar|Knock Off|p1b: Typhlosion\n|-damage|p1b: Typhlosion|38\/100\n|-enditem|p1b: Typhlosion|Charcoal|[from] move: Knock Off|[of] p2a: Incineroar\n|\n|-weather|SunnyDay|[upkeep]\n|upkeep\n|turn|2\n|\n|t:|1731603683\n|switch|p2a: Pelipper|Pelipper, L50, M|100\/100\n|-weather|RainDance|[from] ability: Drizzle|[of] p2a: Pelipper\n|-terastallize|p2b: Gholdengo|Water\n|move|p1a: Whimsicott|Moonblast|p2a: Pelipper\n|-crit|p2a: Pelipper\n|-damage|p2a: Pelipper|14\/100\n|move|p2b: Gholdengo|Make It Rain|p1b: Typhlosion|[spread] p1a,p1b\n|-supereffective|p1a: Whimsicott\n|-resisted|p1b: Typhlosion\n|-damage|p1a: Whimsicott|0 fnt\n|-damage|p1b: Typhlosion|0 fnt\n|-unboost|p2b: Gholdengo|spa|1\n|faint|p1a: Whimsicott\n|faint|p1b: Typhlosion\n|-damage|p2b: Gholdengo|91\/100|[from] item: Life Orb\n|\n|-weather|RainDance|[upkeep]\n|upkeep\n|\n|t:|1731603700\n|switch|p1a: Archaludon|Archaludon, L50, F|100\/100\n|switch|p1b: Ursaluna|Ursaluna-Bloodmoon, L50, M|100\/100\n|turn|3\n|inactive|vgclth chromate has 30 seconds left.\n|\n|t:|1731603728\n|move|p2b: Gholdengo|Protect|p2b: Gholdengo\n|-singleturn|p2b: Gholdengo|Protect\n|move|p1b: Ursaluna|Protect|p1b: Ursaluna\n|-singleturn|p1b: Ursaluna|Protect\n|move|p1a: Archaludon|Electro Shot||[still]\n|-prepare|p1a: Archaludon|Electro Shot\n|-boost|p1a: Archaludon|spa|1\n|-anim|p1a: Archaludon|Electro Shot|p2a: Pelipper\n|-supereffective|p2a: Pelipper\n|-damage|p2a: Pelipper|0 fnt\n|faint|p2a: Pelipper\n|\n|-weather|RainDance|[upkeep]\n|upkeep\n|\n|t:|1731603735\n|switch|p2a: Amoonguss|Amoonguss, L50, F|100\/100\n|turn|4\n|inactive|TeraButter has 30 seconds left.\n|\n|t:|1731603761\n|move|p2a: Amoonguss|Rage Powder|p2a: Amoonguss\n|-singleturn|p2a: Amoonguss|move: Rage Powder\n|move|p1a: Archaludon|Dragon Pulse|p2a: Amoonguss\n|-damage|p2a: Amoonguss|43\/100\n|-enditem|p2a: Amoonguss|Sitrus Berry|[eat]\n|-heal|p2a: Amoonguss|68\/100|[from] item: Sitrus Berry\n|move|p2b: Gholdengo|Nasty Plot|p2b: Gholdengo\n|-boost|p2b: Gholdengo|spa|2\n|move|p1b: Ursaluna|Blood Moon|p2a: Amoonguss\n|-damage|p2a: Amoonguss|0 fnt\n|faint|p2a: Amoonguss\n|-damage|p1b: Ursaluna|91\/100|[from] item: Life Orb\n|\n|-weather|RainDance|[upkeep]\n|upkeep\n|\n|t:|1731603774\n|switch|p2a: Incineroar|Incineroar, L50, F|36\/100\n|-ability|p2a: Incineroar|Intimidate|boost\n|-unboost|p1a: Archaludon|atk|1\n|-unboost|p1b: Ursaluna|atk|1\n|turn|5\n|j| oherrodersir\n|\n|t:|1731603791\n|move|p1a: Archaludon|Protect|p1a: Archaludon\n|-singleturn|p1a: Archaludon|Protect\n|move|p1b: Ursaluna|Protect|p1b: Ursaluna\n|-singleturn|p1b: Ursaluna|Protect\n|move|p2a: Incineroar|Fake Out|p1a: Archaludon\n|-activate|p1a: Archaludon|move: Protect\n|move|p2b: Gholdengo|Make It Rain|p1b: Ursaluna|[spread] \n|-activate|p1a: Archaludon|move: Protect\n|-activate|p1b: Ursaluna|move: Protect\n|\n|-weather|RainDance|[upkeep]\n|upkeep\n|turn|6\n|inactive|TeraButter has 30 seconds left.\n|inactive|TeraButter has 20 seconds left.\n|\n|t:|1731603828\n|move|p2b: Gholdengo|Protect|p2b: Gholdengo\n|-singleturn|p2b: Gholdengo|Protect\n|move|p1a: Archaludon|Electro Shot||[still]\n|-prepare|p1a: Archaludon|Electro Shot\n|-boost|p1a: Archaludon|spa|1\n|-anim|p1a: Archaludon|Electro Shot|p2a: Incineroar\n|-damage|p2a: Incineroar|0 fnt\n|faint|p2a: Incineroar\n|move|p1b: Ursaluna|Hyper Voice|p2b: Gholdengo\n|-activate|p2b: Gholdengo|move: Protect\n|\n|-weather|none\n|upkeep\n|turn|7\n|\n|t:|1731603844\n|move|p1a: Archaludon|Electro Shot||[still]\n|-prepare|p1a: Archaludon|Electro Shot\n|-boost|p1a: Archaludon|spa|1\n|-enditem|p1a: Archaludon|Power Herb\n|-anim|p1a: Archaludon|Electro Shot|p2b: Gholdengo\n|-supereffective|p2b: Gholdengo\n|-damage|p2b: Gholdengo|0 fnt\n|faint|p2b: Gholdengo\n|\n|win|TeraButter\n|raw|TeraButter's rating: 1753 &rarr; <strong>1774<\/strong><br \/>(+21 for winning)\n|raw|vgclth chromate's rating: 1770 &rarr; <strong>1749<\/strong><br \/>(-21 for losing)\n|l|\u2606vgclth chromate\n|player|p2|\n|l|\u2606TeraButter\n|player|p1|\n","uploadtime":1731604057,"views":27,"formatid":"gen9vgc2024regh","rating":1749,"private":0,"password":null}