{"id":"gen9vgc2024regh-2243189915","format":"[Gen 9] VGC 2024 Reg H","players":["VGCLTH lily","vgclth chromate"],"log":"|raw|<div class=\"broadcast-blue\"><strong>This battle is required to be public due to a player having a name starting with 'vgclth'.<\/div>\n|j|\u2606VGCLTH lily\n|j|\u2606vgclth chromate\n|t:|1731520424\n|gametype|doubles\n|player|p1|VGCLTH lily|akari|1719\n|player|p2|vgclth chromate|allister|1731\n|teamsize|p1|6\n|teamsize|p2|6\n|gen|9\n|tier|[Gen 9] VGC 2024 Reg H\n|rated|\n|rule|Species Clause: Limit one of each Pok\u00e9mon\n|rule|Item Clause: Limit 1 of each item\n|clearpoke\n|poke|p1|Baxcalibur, L50, F|\n|poke|p1|Dondozo, L50, M|\n|poke|p1|Kingambit, L50, M|\n|poke|p1|Rillaboom, L50, M|\n|poke|p1|Sneasler, L50, F|\n|poke|p1|Volcarona, L50, M|\n|poke|p2|Archaludon, L50, F|\n|poke|p2|Pelipper, L50, M|\n|poke|p2|Basculegion, L50, M|\n|poke|p2|Gholdengo, L50|\n|poke|p2|Incineroar, L50, M|\n|poke|p2|Amoonguss, L50, F|\n|teampreview|4\n|inactive|Battle timer is ON: inactive players will automatically lose when time's up. (requested by VGCLTH lily)\n|c|\u2606VGCLTH lily|how many times lmao\n|inactive|VGCLTH lily has 60 seconds left.\n|\n|t:|1731520459\n|start\n|switch|p1a: Baxcalibur|Baxcalibur, L50, F|100\/100\n|switch|p1b: Kingambit|Kingambit, L50, M|100\/100\n|switch|p2a: Amoonguss|Amoonguss, L50, F|100\/100\n|switch|p2b: Pelipper|Pelipper, L50, M|100\/100\n|-weather|RainDance|[from] ability: Drizzle|[of] p2b: Pelipper\n|turn|1\n|\n|t:|1731520469\n|move|p1a: Baxcalibur|Icicle Spear|p2b: Pelipper\n|-damage|p2b: Pelipper|80\/100\n|-damage|p2b: Pelipper|60\/100\n|-damage|p2b: Pelipper|39\/100\n|-damage|p2b: Pelipper|20\/100\n|-hitcount|p2b: Pelipper|4\n|move|p2b: Pelipper|Weather Ball|p1b: Kingambit\n|-damage|p1b: Kingambit|33\/100\n|move|p1b: Kingambit|Swords Dance|p1b: Kingambit\n|-boost|p1b: Kingambit|atk|2\n|move|p2a: Amoonguss|Spore|p1a: Baxcalibur\n|-status|p1a: Baxcalibur|slp|[from] move: Spore\n|\n|-weather|RainDance|[upkeep]\n|upkeep\n|turn|2\n|\n|t:|1731520490\n|move|p1b: Kingambit|Protect|p1b: Kingambit\n|-singleturn|p1b: Kingambit|Protect\n|cant|p1a: Baxcalibur|slp\n|move|p2b: Pelipper|Tailwind|p2b: Pelipper\n|-sidestart|p2: vgclth chromate|move: Tailwind\n|move|p2a: Amoonguss|Pollen Puff|p1b: Kingambit\n|-activate|p1b: Kingambit|move: Protect\n|\n|-weather|RainDance|[upkeep]\n|upkeep\n|turn|3\n|j| VGCLTH GoofyGoober\n|inactive|vgclth chromate has 30 seconds left.\n|inactive|vgclth chromate has 20 seconds left.\n|\n|t:|1731520527\n|switch|p2a: Archaludon|Archaludon, L50, F|100\/100\n|move|p1b: Kingambit|Sucker Punch|p2b: Pelipper\n|-damage|p2b: Pelipper|0 fnt\n|faint|p2b: Pelipper\n|cant|p1a: Baxcalibur|slp\n|\n|-weather|RainDance|[upkeep]\n|upkeep\n|c|\u2606VGCLTH lily|thank fk u didnt wake up\n|\n|t:|1731520542\n|switch|p2b: Incineroar|Incineroar, L50, M|100\/100\n|-ability|p2b: Incineroar|Intimidate|boost\n|-unboost|p1a: Baxcalibur|atk|1\n|-unboost|p1b: Kingambit|atk|1\n|-ability|p1b: Kingambit|Defiant|boost\n|-boost|p1b: Kingambit|atk|2\n|turn|4\n|c|\u2606VGCLTH lily|0-0\n|inactive|vgclth chromate has 30 seconds left.\n|inactive|vgclth chromate has 20 seconds left.\n|inactive|vgclth chromate has 15 seconds left.\n|inactive|vgclth chromate has 10 seconds left.\n|inactive|vgclth chromate has 5 seconds left.\n|\n|t:|1731520597\n|switch|p1a: Sneasler|Sneasler, L50, F|100\/100\n|move|p1b: Kingambit|Protect|p1b: Kingambit\n|-singleturn|p1b: Kingambit|Protect\n|move|p2b: Incineroar|Flare Blitz|p1a: Sneasler\n|-damage|p1a: Sneasler|52\/100\n|-status|p1a: Sneasler|brn\n|-damage|p2b: Incineroar|88\/100|[from] Recoil\n|move|p2a: Archaludon|Electro Shot||[still]\n|-prepare|p2a: Archaludon|Electro Shot\n|-boost|p2a: Archaludon|spa|1\n|-anim|p2a: Archaludon|Electro Shot|p1a: Sneasler\n|-crit|p1a: Sneasler\n|-damage|p1a: Sneasler|0 fnt\n|faint|p1a: Sneasler\n|\n|-weather|RainDance|[upkeep]\n|upkeep\n|\n|t:|1731520608\n|switch|p1a: Volcarona|Volcarona, L50, M|100\/100\n|turn|5\n|\n|t:|1731520627\n|-terastallize|p1b: Kingambit|Dark\n|move|p1b: Kingambit|Sucker Punch|p2a: Archaludon\n|-damage|p2a: Archaludon|11\/100\n|-ability|p2a: Archaludon|Stamina|boost\n|-boost|p2a: Archaludon|def|1\n|move|p2b: Incineroar|Knock Off|p1b: Kingambit\n|-resisted|p1b: Kingambit\n|-damage|p1b: Kingambit|15\/100\n|-enditem|p1b: Kingambit|Safety Goggles|[from] move: Knock Off|[of] p2b: Incineroar\n|move|p2a: Archaludon|Electro Shot||[still]\n|-prepare|p2a: Archaludon|Electro Shot\n|-boost|p2a: Archaludon|spa|1\n|-anim|p2a: Archaludon|Electro Shot|p1b: Kingambit\n|-damage|p1b: Kingambit|0 fnt\n|faint|p1b: Kingambit\n|move|p1a: Volcarona|Heat Wave|p2b: Incineroar|[spread] p2a,p2b\n|-resisted|p2b: Incineroar\n|-damage|p2a: Archaludon|0 fnt\n|-damage|p2b: Incineroar|79\/100\n|faint|p2a: Archaludon\n|\n|-weather|none\n|-sideend|p2: vgclth chromate|move: Tailwind\n|upkeep\n|\n|t:|1731520642\n|switch|p2a: Amoonguss|Amoonguss, L50, F|100\/100\n|switch|p1b: Baxcalibur|Baxcalibur, L50, F|100\/100 slp\n|turn|6\n|inactive|vgclth chromate has 30 seconds left.\n|c|\u2606vgclth chromate|Baxcalibur I kindly request that you sleep another turn\n|inactive|vgclth chromate has 20 seconds left.\n|\n|t:|1731520679\n|-terastallize|p2a: Amoonguss|Water\n|move|p1a: Volcarona|Heat Wave|p2b: Incineroar|[spread] p2a,p2b\n|-resisted|p2a: Amoonguss\n|-resisted|p2b: Incineroar\n|-damage|p2a: Amoonguss|85\/100\n|-damage|p2b: Incineroar|61\/100\n|cant|p1b: Baxcalibur|slp\n|move|p2b: Incineroar|Knock Off|p1b: Baxcalibur\n|-damage|p1b: Baxcalibur|58\/100 slp\n|-enditem|p1b: Baxcalibur|Loaded Dice|[from] move: Knock Off|[of] p2b: Incineroar\n|move|p2a: Amoonguss|Spore|p1b: Baxcalibur\n|-fail|p1b: Baxcalibur|slp\n|\n|upkeep\n|turn|7\n|j| VGCLTH Cuwutie\n|c|\u2606vgclth chromate|Oh I wasn\u2019t expecting to actually be right\n|inactive|vgclth chromate has 30 seconds left.\n|c|\u2606VGCLTH lily|lmao\n|c|\u2606VGCLTH lily|yea\n|\n|t:|1731520710\n|move|p2a: Amoonguss|Rage Powder|p2a: Amoonguss\n|-singleturn|p2a: Amoonguss|move: Rage Powder\n|move|p1a: Volcarona|Tera Blast|p2a: Amoonguss\n|-damage|p2a: Amoonguss|60\/100\n|-curestatus|p1b: Baxcalibur|slp|[msg]\n|move|p1b: Baxcalibur|Scale Shot|p2a: Amoonguss\n|-damage|p2a: Amoonguss|48\/100\n|-enditem|p2a: Amoonguss|Sitrus Berry|[eat]\n|-heal|p2a: Amoonguss|73\/100|[from] item: Sitrus Berry\n|-damage|p2a: Amoonguss|60\/100\n|-damage|p2a: Amoonguss|48\/100\n|-damage|p2a: Amoonguss|36\/100\n|-hitcount|p2a: Amoonguss|4\n|-unboost|p1b: Baxcalibur|def|1\n|-boost|p1b: Baxcalibur|spe|1\n|move|p2b: Incineroar|Knock Off|p1a: Volcarona\n|-damage|p1a: Volcarona|52\/100\n|-enditem|p1a: Volcarona|Covert Cloak|[from] move: Knock Off|[of] p2b: Incineroar\n|\n|upkeep\n|turn|8\n|c|\u2606VGCLTH lily|gz on being right\n|c| VGCLTH Cuwutie|bax is a gentleman\n|c|\u2606VGCLTH lily|i wish it fkin wasnt\n|c| VGCLTH GoofyGoober|bax needs its beauty sleep\n|inactive|VGCLTH lily has 30 seconds left.\n|inactive|vgclth chromate has 30 seconds left.\n|c| VGCLTH Cuwutie|lmfao someone just forfeited after matching into me\n|inactive|vgclth chromate has 20 seconds left.\n|c| VGCLTH Cuwutie|they faced me before\n|inactive|vgclth chromate has 15 seconds left.\n|c| VGCLTH Cuwutie|and got wrecked\n|\n|t:|1731520751\n|move|p2a: Amoonguss|Rage Powder|p2a: Amoonguss\n|-singleturn|p2a: Amoonguss|move: Rage Powder\n|move|p1b: Baxcalibur|Scale Shot|p2a: Amoonguss\n|-damage|p2a: Amoonguss|25\/100\n|-damage|p2a: Amoonguss|12\/100\n|-hitcount|p2a: Amoonguss|2\n|-unboost|p1b: Baxcalibur|def|1\n|-boost|p1b: Baxcalibur|spe|1\n|move|p1a: Volcarona|Heat Wave|p2a: Amoonguss|[spread] p2a,p2b\n|-resisted|p2a: Amoonguss\n|-resisted|p2b: Incineroar\n|-damage|p2a: Amoonguss|0 fnt\n|-damage|p2b: Incineroar|45\/100\n|faint|p2a: Amoonguss\n|move|p2b: Incineroar|Flare Blitz|p1a: Volcarona\n|-damage|p1a: Volcarona|0 fnt\n|faint|p1a: Volcarona\n|-damage|p2b: Incineroar|29\/100|[from] Recoil\n|\n|upkeep\n|turn|9\n|c| VGCLTH Cuwutie|now they're like \"nope\"\n|c|\u2606vgclth chromate|Oops threw maybe\n|c| VGCLTH GoofyGoober|they've seen your demonic cts :\/\n|c|\u2606VGCLTH lily|bax\n|c|\u2606VGCLTH lily|listen\n|inactive|VGCLTH lily has 30 seconds left.\n|inactive|vgclth chromate has 30 seconds left.\n|c|\u2606VGCLTH lily|dont fucking miss\n|c|\u2606VGCLTH lily|idc if i lose to 2 hit\n|c|\u2606vgclth chromate|Nah watch this miss\n|c|\u2606VGCLTH lily|just dont miss\n|\n|t:|1731520786\n|move|p1b: Baxcalibur|Scale Shot|p2b: Incineroar|[miss]\n|-miss|p1b: Baxcalibur|p2b: Incineroar\n|move|p2b: Incineroar|Flare Blitz|p1b: Baxcalibur\n|-damage|p1b: Baxcalibur|0 fnt\n|faint|p1b: Baxcalibur\n|-damage|p2b: Incineroar|10\/100|[from] Recoil\n|\n|win|vgclth chromate\n|raw|VGCLTH lily's rating: 1719 &rarr; <strong>1700<\/strong><br \/>(-19 for losing)\n|raw|vgclth chromate's rating: 1731 &rarr; <strong>1750<\/strong><br \/>(+19 for winning)\n|c|\u2606VGCLTH lily|fuck#\n|c|\u2606VGCLTH lily|bax u fkin idiot\n|c|\u2606VGCLTH lily|lol\n|c|\u2606VGCLTH lily|its right there\n|c|\u2606VGCLTH lily|0-0\n|c|\u2606vgclth chromate|Damn I\u2019m rng manipulating\n|c| VGCLTH Cuwutie|this bax is loyal to chromate\n|c|\u2606vgclth chromate|gg\n|l|\u2606VGCLTH lily\n|player|p1|\n|l|\u2606vgclth chromate\n|player|p2|\n","uploadtime":1731520798,"views":37,"formatid":"gen9vgc2024regh","rating":1700,"private":0,"password":null}