{"id":"gen9vgc2024regh-2243240026","format":"[Gen 9] VGC 2024 Reg H","players":["VGCLTH Rishi","2thyfor"],"log":"|raw|<div class=\"broadcast-blue\"><strong>This battle is required to be public due to a player having a name starting with 'vgclth'.<\/div>\n|j|\u2606VGCLTH Rishi\n|j|\u26062thyfor\n|t:|1731525152\n|gametype|doubles\n|player|p1|VGCLTH Rishi|shauntal|1722\n|player|p2|2thyfor|emmet|1675\n|teamsize|p1|6\n|teamsize|p2|6\n|gen|9\n|tier|[Gen 9] VGC 2024 Reg H\n|rated|\n|rule|Species Clause: Limit one of each Pok\u00e9mon\n|rule|Item Clause: Limit 1 of each item\n|clearpoke\n|poke|p1|Kommo-o, L50, F|\n|poke|p1|Rillaboom, L50, F|\n|poke|p1|Tyranitar, L50, M|\n|poke|p1|Talonflame, L50, M|\n|poke|p1|Gholdengo, L50|\n|poke|p1|Milotic, L50, F|\n|poke|p2|Dondozo, L50, M|\n|poke|p2|Tatsugiri, L50, M|\n|poke|p2|Sneasler, L50, F|\n|poke|p2|Indeedee, L50, M|\n|poke|p2|Ursaluna-Bloodmoon, L50, M|\n|poke|p2|Talonflame, L50, F|\n|teampreview|4\n|inactive|Battle timer is ON: inactive players will automatically lose when time's up. (requested by 2thyfor)\n|c|\u2606VGCLTH Rishi|Glhf\n|c|\u26062thyfor|u2\n|inactive|VGCLTH Rishi has 60 seconds left.\n|inactive|VGCLTH Rishi has 30 seconds left.\n|inactive|VGCLTH Rishi has 20 seconds left.\n|inactive|VGCLTH Rishi has 15 seconds left.\n|inactive|VGCLTH Rishi has 10 seconds left.\n|\n|t:|1731525233\n|start\n|switch|p1a: Kommo-o|Kommo-o, L50, F|100\/100\n|switch|p1b: Rillaboom|Rillaboom, L50, F, shiny|100\/100\n|switch|p2a: Talonflame|Talonflame, L50, F|100\/100\n|switch|p2b: Ursaluna|Ursaluna-Bloodmoon, L50, M|100\/100\n|-fieldstart|move: Grassy Terrain|[from] ability: Grassy Surge|[of] p1b: Rillaboom\n|turn|1\n|inactive|VGCLTH Rishi has 30 seconds left.\n|\n|t:|1731525260\n|switch|p1b: Milotic|Milotic, L50, F|100\/100\n|move|p2b: Ursaluna|Protect|p2b: Ursaluna\n|-singleturn|p2b: Ursaluna|Protect\n|move|p2a: Talonflame|Will-O-Wisp|p1a: Kommo-o|[miss]\n|-miss|p2a: Talonflame|p1a: Kommo-o\n|move|p1a: Kommo-o|Body Press|p2b: Ursaluna\n|-activate|p2b: Ursaluna|move: Protect\n|\n|upkeep\n|turn|2\n|\n|t:|1731525280\n|-terastallize|p2b: Ursaluna|Normal\n|move|p2a: Talonflame|Taunt|p1a: Kommo-o\n|-start|p1a: Kommo-o|move: Taunt\n|move|p1a: Kommo-o|Body Press|p2b: Ursaluna\n|-supereffective|p2b: Ursaluna\n|-damage|p2b: Ursaluna|27\/100\n|move|p2b: Ursaluna|Blood Moon|p1b: Milotic\n|-damage|p1b: Milotic|0 fnt\n|faint|p1b: Milotic\n|-damage|p2b: Ursaluna|18\/100|[from] item: Life Orb\n|\n|-heal|p2b: Ursaluna|23\/100|[from] Grassy Terrain\n|upkeep\n|\n|t:|1731525294\n|switch|p1b: Talonflame|Talonflame, L50, M|100\/100\n|turn|3\n|\n|t:|1731525305\n|move|p2b: Ursaluna|Protect|p2b: Ursaluna\n|-singleturn|p2b: Ursaluna|Protect\n|move|p2a: Talonflame|Tailwind|p2a: Talonflame\n|-sidestart|p2: 2thyfor|move: Tailwind\n|move|p1b: Talonflame|Tailwind|p1b: Talonflame\n|-sidestart|p1: VGCLTH Rishi|move: Tailwind\n|move|p1a: Kommo-o|Body Press|p2b: Ursaluna\n|-activate|p2b: Ursaluna|move: Protect\n|\n|-heal|p2b: Ursaluna|29\/100|[from] Grassy Terrain\n|upkeep\n|turn|4\n|\n|t:|1731525320\n|move|p1b: Talonflame|Brave Bird|p2a: Talonflame\n|-damage|p2a: Talonflame|35\/100\n|-damage|p1b: Talonflame|79\/100|[from] Recoil\n|move|p2a: Talonflame|Will-O-Wisp|p1a: Kommo-o\n|-status|p1a: Kommo-o|brn\n|move|p1a: Kommo-o|Body Press|p2b: Ursaluna\n|-supereffective|p2b: Ursaluna\n|-damage|p2b: Ursaluna|0 fnt\n|faint|p2b: Ursaluna\n|\n|-damage|p1a: Kommo-o|94\/100 brn|[from] brn\n|-end|p1a: Kommo-o|move: Taunt\n|upkeep\n|j| vgclth souly\n|\n|t:|1731525340\n|switch|p2b: Indeedee|Indeedee, L50, M|100\/100\n|-fieldstart|move: Psychic Terrain|[from] ability: Psychic Surge|[of] p2b: Indeedee\n|turn|5\n|\n|t:|1731525357\n|switch|p1b: Rillaboom|Rillaboom, L50, F, shiny|100\/100\n|-fieldstart|move: Grassy Terrain|[from] ability: Grassy Surge|[of] p1b: Rillaboom\n|-terastallize|p1a: Kommo-o|Steel\n|move|p2a: Talonflame|Brave Bird|p1b: Rillaboom\n|-supereffective|p1b: Rillaboom\n|-damage|p1b: Rillaboom|10\/100\n|-damage|p2a: Talonflame|0 fnt|[from] Recoil\n|faint|p2a: Talonflame\n|move|p2b: Indeedee|Expanding Force|p1b: Rillaboom\n|-damage|p1b: Rillaboom|0 fnt\n|faint|p1b: Rillaboom\n|move|p1a: Kommo-o|Body Press|p2b: Indeedee\n|-damage|p2b: Indeedee|52\/100\n|\n|-heal|p2b: Indeedee|58\/100|[from] Grassy Terrain\n|-heal|p1a: Kommo-o|100\/100 brn|[from] Grassy Terrain\n|-damage|p1a: Kommo-o|94\/100 brn|[from] brn\n|upkeep\n|\n|t:|1731525369\n|switch|p2a: Sneasler|Sneasler, L50, F|100\/100\n|switch|p1b: Talonflame|Talonflame, L50, M|79\/100\n|turn|6\n|\n|t:|1731525384\n|move|p1b: Talonflame|Protect|p1b: Talonflame\n|-singleturn|p1b: Talonflame|Protect\n|move|p2a: Sneasler|Protect|p2a: Sneasler\n|-singleturn|p2a: Sneasler|Protect\n|move|p1a: Kommo-o|Protect|p1a: Kommo-o\n|-singleturn|p1a: Kommo-o|Protect\n|move|p2b: Indeedee|Trick Room|p2b: Indeedee\n|-fieldstart|move: Trick Room|[of] p2b: Indeedee\n|\n|-heal|p1a: Kommo-o|100\/100 brn|[from] Grassy Terrain\n|-heal|p2b: Indeedee|64\/100|[from] Grassy Terrain\n|-damage|p1a: Kommo-o|94\/100 brn|[from] brn\n|-sideend|p2: 2thyfor|move: Tailwind\n|-sideend|p1: VGCLTH Rishi|move: Tailwind\n|upkeep\n|turn|7\n|\n|t:|1731525402\n|move|p2b: Indeedee|Helping Hand|p2a: Sneasler\n|-singleturn|p2a: Sneasler|Helping Hand|[of] p2b: Indeedee\n|move|p1a: Kommo-o|Iron Defense|p1a: Kommo-o\n|-boost|p1a: Kommo-o|def|2\n|move|p2a: Sneasler|Dire Claw|p1b: Talonflame\n|-damage|p1b: Talonflame|0 fnt\n|faint|p1b: Talonflame\n|\n|-heal|p1a: Kommo-o|100\/100 brn|[from] Grassy Terrain\n|-heal|p2b: Indeedee|70\/100|[from] Grassy Terrain\n|-damage|p1a: Kommo-o|94\/100 brn|[from] brn\n|upkeep\n|turn|8\n|\n|t:|1731525420\n|move|p1a: Kommo-o|Body Press|p2b: Indeedee\n|-damage|p2b: Indeedee|0 fnt\n|faint|p2b: Indeedee\n|move|p2a: Sneasler|Close Combat|p1a: Kommo-o\n|-supereffective|p1a: Kommo-o\n|-damage|p1a: Kommo-o|47\/100 brn\n|-unboost|p2a: Sneasler|def|1\n|-unboost|p2a: Sneasler|spd|1\n|\n|-heal|p1a: Kommo-o|53\/100 brn|[from] Grassy Terrain\n|-heal|p1a: Kommo-o|59\/100 brn|[from] item: Leftovers\n|-damage|p1a: Kommo-o|53\/100 brn|[from] brn\n|upkeep\n|turn|9\n|\n|t:|1731525435\n|move|p1a: Kommo-o|Iron Defense|p1a: Kommo-o\n|-boost|p1a: Kommo-o|def|2\n|move|p2a: Sneasler|Close Combat|p1a: Kommo-o\n|-supereffective|p1a: Kommo-o\n|-damage|p1a: Kommo-o|21\/100 brn\n|-unboost|p2a: Sneasler|def|1\n|-unboost|p2a: Sneasler|spd|1\n|\n|-heal|p1a: Kommo-o|27\/100 brn|[from] Grassy Terrain\n|-heal|p1a: Kommo-o|33\/100 brn|[from] item: Leftovers\n|-damage|p1a: Kommo-o|27\/100 brn|[from] brn\n|-fieldend|move: Grassy Terrain\n|upkeep\n|turn|10\n|\n|t:|1731525452\n|move|p1a: Kommo-o|Iron Defense|p1a: Kommo-o\n|-boost|p1a: Kommo-o|def|2\n|move|p2a: Sneasler|Close Combat|p1a: Kommo-o\n|-supereffective|p1a: Kommo-o\n|-damage|p1a: Kommo-o|3\/100 brn\n|-unboost|p2a: Sneasler|def|1\n|-unboost|p2a: Sneasler|spd|1\n|\n|-heal|p1a: Kommo-o|10\/100 brn|[from] item: Leftovers\n|-damage|p1a: Kommo-o|3\/100 brn|[from] brn\n|-fieldend|move: Trick Room\n|upkeep\n|turn|11\n|\n|t:|1731525457\n|move|p2a: Sneasler|Close Combat|p1a: Kommo-o\n|-supereffective|p1a: Kommo-o\n|-damage|p1a: Kommo-o|0 fnt\n|-unboost|p2a: Sneasler|def|1\n|-unboost|p2a: Sneasler|spd|1\n|faint|p1a: Kommo-o\n|\n|win|2thyfor\n|raw|VGCLTH Rishi's rating: 1722 &rarr; <strong>1699<\/strong><br \/>(-23 for losing)\n|raw|2thyfor's rating: 1675 &rarr; <strong>1698<\/strong><br \/>(+23 for winning)\n|c|\u26062thyfor|gg\n|c|\u2606VGCLTH Rishi|Ggs\n|l|\u26062thyfor\n|player|p2|\n|l|\u2606VGCLTH Rishi\n|player|p1|\n|l| vgclth souly\n|j|\u26062thyfor\n|player|p2|2thyfor|emmet|\n|l|\u26062thyfor\n|player|p2|\n","uploadtime":1731525479,"views":19,"formatid":"gen9vgc2024regh","rating":1698,"private":0,"password":null}