{"id":"gen9vgc2024regh-2243761681","format":"[Gen 9] VGC 2024 Reg H","players":["VGCLTH <1000ELO","fujishimamegumi"],"log":"|raw|<div class=\"broadcast-blue\"><strong>This battle is required to be public due to a player having a name starting with 'vgclth'.<\/div>\n|j|\u2606VGCLTH <1000ELO\n|j|\u2606fujishimamegumi\n|t:|1731596583\n|gametype|doubles\n|player|p1|VGCLTH <1000ELO|2|1791\n|player|p2|fujishimamegumi|169|1634\n|teamsize|p1|6\n|teamsize|p2|6\n|gen|9\n|tier|[Gen 9] VGC 2024 Reg H\n|rated|\n|rule|Species Clause: Limit one of each Pok\u00e9mon\n|rule|Item Clause: Limit 1 of each item\n|clearpoke\n|poke|p1|Dondozo, L50, M|\n|poke|p1|Tatsugiri, L50, M|\n|poke|p1|Dragonite, L50, M|\n|poke|p1|Gholdengo, L50|\n|poke|p1|Glimmora, L50, F|\n|poke|p1|Talonflame, L50, M|\n|poke|p2|Archaludon, L50, M|\n|poke|p2|Porygon2, L50|\n|poke|p2|Torkoal, L50, F|\n|poke|p2|Lilligant-Hisui, L50, F|\n|poke|p2|Dragonite, L50, M|\n|poke|p2|Kingambit, L50, M|\n|teampreview|4\n|inactive|Battle timer is ON: inactive players will automatically lose when time's up. (requested by VGCLTH <1000ELO)\n|inactive|fujishimamegumi has 60 seconds left.\n|inactive|fujishimamegumi has 30 seconds left.\n|inactive|fujishimamegumi has 20 seconds left.\n|\n|t:|1731596657\n|start\n|switch|p1a: Gholdengo|Gholdengo, L50|100\/100\n|switch|p1b: Glimmora|Glimmora, L50, F|100\/100\n|switch|p2a: Archaludon|Archaludon, L50, M|100\/100\n|switch|p2b: Porygon2|Porygon2, L50|100\/100\n|-ability|p2b: Porygon2|Download|boost\n|-boost|p2b: Porygon2|spa|1\n|turn|1\n|inactive|VGCLTH <1000ELO has 30 seconds left.\n|\n|t:|1731596682\n|-terastallize|p2a: Archaludon|Electric\n|move|p2a: Archaludon|Electro Shot||[still]\n|-prepare|p2a: Archaludon|Electro Shot\n|-boost|p2a: Archaludon|spa|1\n|-enditem|p2a: Archaludon|Power Herb\n|-anim|p2a: Archaludon|Electro Shot|p1a: Gholdengo\n|-damage|p1a: Gholdengo|0 fnt\n|faint|p1a: Gholdengo\n|move|p1b: Glimmora|Earth Power|p2a: Archaludon\n|-supereffective|p2a: Archaludon\n|-damage|p2a: Archaludon|18\/100\n|move|p2b: Porygon2|Trick Room|p2b: Porygon2\n|-fieldstart|move: Trick Room|[of] p2b: Porygon2\n|\n|upkeep\n|\n|t:|1731596690\n|switch|p1a: Dondozo|Dondozo, L50, M|100\/100\n|turn|2\n|\n|t:|1731596696\n|move|p1a: Dondozo|Protect|p1a: Dondozo\n|-singleturn|p1a: Dondozo|Protect\n|move|p2b: Porygon2|Tera Blast|p1a: Dondozo\n|-activate|p1a: Dondozo|move: Protect\n|move|p1b: Glimmora|Mortal Spin|p2a: Archaludon|[spread] p2a,p2b\n|-damage|p2a: Archaludon|14\/100\n|-damage|p2b: Porygon2|98\/100\n|-status|p2a: Archaludon|psn\n|-status|p2b: Porygon2|psn\n|move|p2a: Archaludon|Thunderbolt|p1a: Dondozo\n|-activate|p1a: Dondozo|move: Protect\n|\n|-damage|p2b: Porygon2|86\/100 psn|[from] psn\n|-damage|p2a: Archaludon|2\/100 psn|[from] psn\n|upkeep\n|turn|3\n|\n|t:|1731596705\n|switch|p1b: Tatsugiri|Tatsugiri, L50, M|100\/100\n|-activate|p1b: Tatsugiri|ability: Commander|[of] p1a: Dondozo\n|-boost|p1a: Dondozo|atk|2\n|-boost|p1a: Dondozo|spa|2\n|-boost|p1a: Dondozo|spe|2\n|-boost|p1a: Dondozo|def|2\n|-boost|p1a: Dondozo|spd|2\n|-terastallize|p1a: Dondozo|Grass\n|move|p2b: Porygon2|Tera Blast|p1a: Dondozo\n|-damage|p1a: Dondozo|79\/100\n|move|p2a: Archaludon|Thunderbolt|p1a: Dondozo\n|-resisted|p1a: Dondozo\n|-damage|p1a: Dondozo|64\/100\n|move|p1a: Dondozo|Wave Crash|p2b: Porygon2\n|-damage|p2b: Porygon2|17\/100 psn\n|-damage|p1a: Dondozo|44\/100|[from] Recoil\n|\n|-heal|p1a: Dondozo|50\/100|[from] item: Leftovers\n|-damage|p2b: Porygon2|4\/100 psn|[from] psn\n|-damage|p2a: Archaludon|0 fnt|[from] psn\n|faint|p2a: Archaludon\n|upkeep\n|\n|t:|1731596719\n|switch|p2a: Torkoal|Torkoal, L50, F|100\/100\n|-weather|SunnyDay|[from] ability: Drought|[of] p2a: Torkoal\n|turn|4\n|\n|t:|1731596725\n|move|p1a: Dondozo|Protect|p1a: Dondozo\n|-singleturn|p1a: Dondozo|Protect\n|move|p2a: Torkoal|Eruption|p1a: Dondozo|[spread] \n|-miss|p2a: Torkoal|p1b: Tatsugiri\n|-activate|p1a: Dondozo|move: Protect\n|move|p2b: Porygon2|Recover|p2b: Porygon2\n|-heal|p2b: Porygon2|54\/100 psn\n|\n|-weather|SunnyDay|[upkeep]\n|-heal|p1a: Dondozo|57\/100|[from] item: Leftovers\n|-damage|p2b: Porygon2|42\/100 psn|[from] psn\n|upkeep\n|turn|5\n|\n|t:|1731596731\n|move|p1a: Dondozo|Protect|p1a: Dondozo\n|-singleturn|p1a: Dondozo|Protect\n|move|p2a: Torkoal|Eruption|p1b: Tatsugiri|[spread] \n|-miss|p2a: Torkoal|p1b: Tatsugiri\n|-activate|p1a: Dondozo|move: Protect\n|move|p2b: Porygon2|Recover|p2b: Porygon2\n|-heal|p2b: Porygon2|92\/100 psn\n|\n|-weather|SunnyDay|[upkeep]\n|-heal|p1a: Dondozo|63\/100|[from] item: Leftovers\n|-damage|p2b: Porygon2|79\/100 psn|[from] psn\n|-fieldend|move: Trick Room\n|upkeep\n|turn|6\n|\n|t:|1731596735\n|move|p2a: Torkoal|Protect|p2a: Torkoal\n|-singleturn|p2a: Torkoal|Protect\n|move|p1a: Dondozo|Earthquake|p2b: Porygon2|[spread] p2b\n|-miss|p1a: Dondozo|p1b: Tatsugiri\n|-activate|p2a: Torkoal|move: Protect\n|-damage|p2b: Porygon2|50\/100 psn\n|move|p2b: Porygon2|Trick Room|p2b: Porygon2\n|-fieldstart|move: Trick Room|[of] p2b: Porygon2\n|\n|-weather|SunnyDay|[upkeep]\n|-heal|p1a: Dondozo|69\/100|[from] item: Leftovers\n|-damage|p2b: Porygon2|38\/100 psn|[from] psn\n|upkeep\n|turn|7\n|\n|t:|1731596741\n|move|p1a: Dondozo|Protect|p1a: Dondozo\n|-singleturn|p1a: Dondozo|Protect\n|move|p2a: Torkoal|Eruption|p1a: Dondozo|[spread] \n|-miss|p2a: Torkoal|p1b: Tatsugiri\n|-activate|p1a: Dondozo|move: Protect\n|move|p2b: Porygon2|Ice Beam|p1a: Dondozo\n|-activate|p1a: Dondozo|move: Protect\n|\n|-weather|SunnyDay|[upkeep]\n|-heal|p1a: Dondozo|75\/100|[from] item: Leftovers\n|-damage|p2b: Porygon2|25\/100 psn|[from] psn\n|upkeep\n|turn|8\n|\n|t:|1731596744\n|move|p1a: Dondozo|Protect||[still]\n|-fail|p1a: Dondozo\n|move|p2a: Torkoal|Eruption|p1a: Dondozo|[spread] p1a\n|-miss|p2a: Torkoal|p1b: Tatsugiri\n|-supereffective|p1a: Dondozo\n|-damage|p1a: Dondozo|0 fnt\n|faint|p1a: Dondozo\n|move|p2b: Porygon2|Ice Beam|p1b: Tatsugiri\n|-damage|p1b: Tatsugiri|50\/100\n|\n|-weather|none\n|-damage|p2b: Porygon2|13\/100 psn|[from] psn\n|upkeep\n|\n|t:|1731596745\n|switch|p1a: Glimmora|Glimmora, L50, F|100\/100\n|turn|9\n|\n|t:|1731596770\n|move|p1b: Tatsugiri|Protect|p1b: Tatsugiri\n|-singleturn|p1b: Tatsugiri|Protect\n|move|p2a: Torkoal|Earth Power|p1a: Glimmora\n|-supereffective|p1a: Glimmora\n|-damage|p1a: Glimmora|22\/100\n|move|p2b: Porygon2|Ice Beam|p1b: Tatsugiri\n|-activate|p1b: Tatsugiri|move: Protect\n|move|p1a: Glimmora|Power Gem|p2a: Torkoal\n|-supereffective|p2a: Torkoal\n|-damage|p2a: Torkoal|1\/100\n|\n|-damage|p2b: Porygon2|0 fnt|[from] psn\n|faint|p2b: Porygon2\n|upkeep\n|\n|t:|1731596775\n|switch|p2b: Kingambit|Kingambit, L50, M|100\/100\n|turn|10\n|\n|t:|1731596780\n|move|p2a: Torkoal|Earth Power|p1a: Glimmora\n|-supereffective|p1a: Glimmora\n|-damage|p1a: Glimmora|0 fnt\n|faint|p1a: Glimmora\n|move|p2b: Kingambit|Kowtow Cleave|p1b: Tatsugiri\n|-damage|p1b: Tatsugiri|0 fnt\n|faint|p1b: Tatsugiri\n|\n|win|fujishimamegumi\n|raw|VGCLTH &lt;1000ELO's rating: 1791 &rarr; <strong>1763<\/strong><br \/>(-28 for losing)\n|raw|fujishimamegumi's rating: 1634 &rarr; <strong>1662<\/strong><br \/>(+28 for winning)\n|l|\u2606VGCLTH <1000ELO\n|player|p1|\n|l|\u2606fujishimamegumi\n|player|p2|\n","uploadtime":1731596944,"views":21,"formatid":"gen9vgc2024regh","rating":1662,"private":0,"password":null}