{"id":"gen9vgc2024regh-2243166180","format":"[Gen 9] VGC 2024 Reg H","players":["lol l ol lol blue","Arcangel666"],"log":"|j|\u2606lol l ol lol blue\n|j|\u2606Arcangel666\n|t:|1731518200\n|gametype|doubles\n|player|p1|lol l ol lol blue|gentleman-gen4|1687\n|player|p2|Arcangel666|piers-masters|1727\n|teamsize|p1|6\n|teamsize|p2|6\n|gen|9\n|tier|[Gen 9] VGC 2024 Reg H\n|rated|\n|rule|Species Clause: Limit one of each Pok\u00e9mon\n|rule|Item Clause: Limit 1 of each item\n|clearpoke\n|poke|p1|Rillaboom, L50, F|\n|poke|p1|Blaziken, L50, F|\n|poke|p1|Kingambit, L50, M|\n|poke|p1|Incineroar, L50, M|\n|poke|p1|Sylveon, L50, F|\n|poke|p1|Kilowattrel, L50, F|\n|poke|p2|Gholdengo, L50|\n|poke|p2|Whimsicott, L50, F|\n|poke|p2|Pelipper, L50, M|\n|poke|p2|Basculegion, L50, M|\n|poke|p2|Archaludon, L50, M|\n|poke|p2|Amoonguss, L50, M|\n|teampreview|4\nlol l ol lol blue rejected open team sheets.\n|inactive|Battle timer is ON: inactive players will automatically lose when time's up. (requested by lol l ol lol blue)\n|\n|t:|1731518237\n|start\n|switch|p1a: Kilowattrel|Kilowattrel, L50, F|100\/100\n|switch|p1b: bulky boi|Blaziken, L50, F|100\/100\n|switch|p2a: Amoonguss|Amoonguss, L50, M, shiny|100\/100\n|switch|p2b: Archaludon|Archaludon, L50, M, shiny|100\/100\n|turn|1\n|inactive|lol l ol lol blue has 30 seconds left.\n|\n|t:|1731518264\n|switch|p2b: Pelipper|Pelipper, L50, M|100\/100\n|-weather|RainDance|[from] ability: Drizzle|[of] p2b: Pelipper\n|move|p1a: Kilowattrel|Thunderbolt|p2a: Amoonguss\n|-resisted|p2a: Amoonguss\n|-damage|p2a: Amoonguss|86\/100\n|move|p1b: bulky boi|Flare Blitz|p2a: Amoonguss\n|-supereffective|p2a: Amoonguss\n|-damage|p2a: Amoonguss|33\/100\n|-damage|p1b: bulky boi|84\/100|[from] item: Rocky Helmet|[of] p2a: Amoonguss\n|-damage|p1b: bulky boi|59\/100|[from] Recoil\n|move|p2a: Amoonguss|Spore|p1b: bulky boi\n|-status|p1b: bulky boi|slp|[from] move: Spore\n|\n|-weather|RainDance|[upkeep]\n|-ability|p1b: bulky boi|Speed Boost|boost\n|-boost|p1b: bulky boi|spe|1\n|upkeep\n|turn|2\n|\n|t:|1731518282\n|switch|p2b: Archaludon|Archaludon, L50, M, shiny|100\/100\n|switch|p2a: Basculegion|Basculegion, L50, M, shiny|100\/100\n|move|p1a: Kilowattrel|Protect|p1a: Kilowattrel\n|-singleturn|p1a: Kilowattrel|Protect\n|cant|p1b: bulky boi|slp\n|\n|-weather|RainDance|[upkeep]\n|-ability|p1b: bulky boi|Speed Boost|boost\n|-boost|p1b: bulky boi|spe|1\n|upkeep\n|turn|3\n|inactive|Arcangel666 has 30 seconds left.\n|\n|t:|1731518310\n|-terastallize|p1a: Kilowattrel|Electric\n|cant|p1b: bulky boi|slp\n|move|p2a: Basculegion|Flip Turn|p1b: bulky boi\n|-supereffective|p1b: bulky boi\n|-damage|p1b: bulky boi|0 fnt\n|faint|p1b: bulky boi\n|\n|t:|1731518317\n|switch|p2a: Amoonguss|Amoonguss, L50, M, shiny|66\/100|[from] Flip Turn\n|move|p1a: Kilowattrel|Thunderbolt|p2a: Amoonguss\n|-resisted|p2a: Amoonguss\n|-crit|p2a: Amoonguss\n|-damage|p2a: Amoonguss|38\/100\n|move|p2b: Archaludon|Draco Meteor|p1a: Kilowattrel\n|-enditem|p1a: Kilowattrel|Focus Sash\n|-damage|p1a: Kilowattrel|1\/100\n|-unboost|p2b: Archaludon|spa|2\n|\n|-weather|RainDance|[upkeep]\n|upkeep\n|\n|t:|1731518325\n|switch|p1b: Sylveon|Sylveon, L50, F|100\/100\n|turn|4\n|\n|t:|1731518335\n|move|p1a: Kilowattrel|Protect|p1a: Kilowattrel\n|-singleturn|p1a: Kilowattrel|Protect\n|move|p2b: Archaludon|Body Press|p1a: Kilowattrel\n|-activate|p1a: Kilowattrel|move: Protect\n|move|p1b: Sylveon|Hyper Voice|p2b: Archaludon|[spread] p2a,p2b\n|-resisted|p2a: Amoonguss\n|-damage|p2a: Amoonguss|23\/100\n|-damage|p2b: Archaludon|73\/100\n|-ability|p2b: Archaludon|Stamina|boost\n|-boost|p2b: Archaludon|def|1\n|-enditem|p1b: Sylveon|Throat Spray\n|-boost|p1b: Sylveon|spa|1|[from] item: Throat Spray\n|move|p2a: Amoonguss|Spore|p1b: Sylveon\n|-status|p1b: Sylveon|slp|[from] move: Spore\n|\n|-weather|RainDance|[upkeep]\n|upkeep\n|turn|5\n|\n|t:|1731518349\n|switch|p1a: donky|Rillaboom, L50, F|100\/100\n|-fieldstart|move: Grassy Terrain|[from] ability: Grassy Surge|[of] p1a: donky\n|move|p2b: Archaludon|Body Press|p1a: donky\n|-damage|p1a: donky|64\/100\n|cant|p1b: Sylveon|slp\n|move|p2a: Amoonguss|Clear Smog|p1b: Sylveon\n|-supereffective|p1b: Sylveon\n|-damage|p1b: Sylveon|77\/100 slp\n|-clearboost|p1b: Sylveon\n|\n|-weather|none\n|-heal|p1a: donky|70\/100|[from] Grassy Terrain\n|-heal|p2b: Archaludon|79\/100|[from] Grassy Terrain\n|-heal|p1b: Sylveon|83\/100 slp|[from] Grassy Terrain\n|-heal|p2a: Amoonguss|29\/100|[from] Grassy Terrain\n|upkeep\n|turn|6\n|\n|t:|1731518366\n|switch|p2a: Pelipper|Pelipper, L50, M|100\/100\n|-weather|RainDance|[from] ability: Drizzle|[of] p2a: Pelipper\n|move|p1a: donky|Fake Out|p2a: Pelipper\n|-damage|p2a: Pelipper|87\/100\n|move|p2b: Archaludon|Body Press|p1a: donky\n|-damage|p1a: donky|34\/100\n|-curestatus|p1b: Sylveon|slp|[msg]\n|move|p1b: Sylveon|Hyper Voice|p2a: Pelipper|[spread] p2a,p2b\n|-damage|p2a: Pelipper|14\/100\n|-damage|p2b: Archaludon|49\/100\n|-ability|p2b: Archaludon|Stamina|boost\n|-boost|p2b: Archaludon|def|1\n|\n|-weather|RainDance|[upkeep]\n|-heal|p1a: donky|40\/100|[from] Grassy Terrain\n|-heal|p2b: Archaludon|55\/100|[from] Grassy Terrain\n|-heal|p1b: Sylveon|89\/100|[from] Grassy Terrain\n|upkeep\n|turn|7\n|\n|t:|1731518390\n|move|p2a: Pelipper|Wide Guard|p2a: Pelipper\n|-singleturn|p2a: Pelipper|Wide Guard\n|move|p1a: donky|Grassy Glide|p2a: Pelipper\n|-damage|p2a: Pelipper|0 fnt\n|faint|p2a: Pelipper\n|move|p2b: Archaludon|Body Press|p1a: donky\n|-damage|p1a: donky|0 fnt\n|faint|p1a: donky\n|move|p1b: Sylveon|Shadow Ball|p2b: Archaludon\n|-damage|p2b: Archaludon|37\/100\n|-ability|p2b: Archaludon|Stamina|boost\n|-boost|p2b: Archaludon|def|1\n|\n|-weather|RainDance|[upkeep]\n|-heal|p2b: Archaludon|43\/100|[from] Grassy Terrain\n|-heal|p1b: Sylveon|95\/100|[from] Grassy Terrain\n|upkeep\n|\n|t:|1731518401\n|switch|p2a: Basculegion|Basculegion, L50, M, shiny|100\/100\n|switch|p1a: Kilowattrel|Kilowattrel, L50, F, tera:Electric|1\/100\n|turn|8\n|\n|t:|1731518421\n|move|p1a: Kilowattrel|Protect|p1a: Kilowattrel\n|-singleturn|p1a: Kilowattrel|Protect\n|move|p2a: Basculegion|Flip Turn|p1b: Sylveon\n|-damage|p1b: Sylveon|29\/100\n|\n|t:|1731518425\n|switch|p2a: Amoonguss|Amoonguss, L50, M, shiny|62\/100|[from] Flip Turn\n|move|p2b: Archaludon|Body Press|p1a: Kilowattrel\n|-activate|p1a: Kilowattrel|move: Protect\n|move|p1b: Sylveon|Hyper Voice|p2a: Amoonguss|[spread] p2a,p2b\n|-resisted|p2a: Amoonguss\n|-damage|p2a: Amoonguss|47\/100\n|-damage|p2b: Archaludon|15\/100\n|-ability|p2b: Archaludon|Stamina|boost\n|-boost|p2b: Archaludon|def|1\n|\n|-weather|RainDance|[upkeep]\n|-heal|p1a: Kilowattrel|7\/100|[from] Grassy Terrain\n|-heal|p2b: Archaludon|21\/100|[from] Grassy Terrain\n|-heal|p1b: Sylveon|35\/100|[from] Grassy Terrain\n|-heal|p2a: Amoonguss|53\/100|[from] Grassy Terrain\n|upkeep\n|turn|9\n|inactive|lol l ol lol blue has 30 seconds left.\n|\n|t:|1731518459\n|move|p1a: Kilowattrel|Air Slash|p2a: Amoonguss\n|-supereffective|p2a: Amoonguss\n|-damage|p2a: Amoonguss|0 fnt\n|faint|p2a: Amoonguss\n|move|p2b: Archaludon|Body Press|p1a: Kilowattrel\n|-damage|p1a: Kilowattrel|0 fnt\n|faint|p1a: Kilowattrel\n|move|p1b: Sylveon|Hyper Voice|p2b: Archaludon\n|-damage|p2b: Archaludon|0 fnt\n|faint|p2b: Archaludon\n|\n|-weather|RainDance|[upkeep]\n|-heal|p1b: Sylveon|40\/100|[from] Grassy Terrain\n|-fieldend|move: Grassy Terrain\n|upkeep\n|\n|t:|1731518463\n|switch|p2a: Basculegion|Basculegion, L50, M, shiny|100\/100\n|turn|10\n|\n|t:|1731518467\n|move|p1b: Sylveon|Protect|p1b: Sylveon\n|-singleturn|p1b: Sylveon|Protect\n|move|p2a: Basculegion|Last Respects|p1b: Sylveon\n|-activate|p1b: Sylveon|move: Protect\n|\n|-weather|none\n|upkeep\n|turn|11\n|\n|t:|1731518472\n|move|p2a: Basculegion|Last Respects|p1b: Sylveon\n|-damage|p1b: Sylveon|0 fnt\n|faint|p1b: Sylveon\n|\n|win|Arcangel666\n|raw|lol l ol lol blue's rating: 1687 &rarr; <strong>1669<\/strong><br \/>(-18 for losing)\n|raw|Arcangel666's rating: 1727 &rarr; <strong>1745<\/strong><br \/>(+18 for winning)\n|l|\u2606lol l ol lol blue\n|player|p1|\n|l|\u2606Arcangel666\n|player|p2|\n","uploadtime":1731518742,"views":22,"formatid":"gen9vgc2024regh","rating":1669,"private":0,"password":null}