{"id":"gen9vgc2024regh-2243894240","format":"[Gen 9] VGC 2024 Reg H","players":["VGCLTH MINAMISIMP","TeraButter"],"log":"|raw|<div class=\"broadcast-blue\"><strong>This battle is required to be public due to a player having a name starting with 'vgclth'.<\/div>\n|j|\u2606VGCLTH MINAMISIMP\n|j|\u2606TeraButter\n|t:|1731609325\n|gametype|doubles\n|player|p1|VGCLTH MINAMISIMP|miku-water|1838\n|player|p2|TeraButter|skullgruntf|1746\n|teamsize|p1|6\n|teamsize|p2|6\n|gen|9\n|tier|[Gen 9] VGC 2024 Reg H\n|rated|\n|rule|Species Clause: Limit one of each Pok\u00e9mon\n|rule|Item Clause: Limit 1 of each item\n|clearpoke\n|poke|p1|Archaludon, L50, F|\n|poke|p1|Pelipper, L50, M|\n|poke|p1|Electabuzz, L50, F|\n|poke|p1|Kingambit, L50, M|\n|poke|p1|Rillaboom, L50, F|\n|poke|p1|Basculegion, L50, M|\n|poke|p2|Incineroar, L50, M|\n|poke|p2|Ursaluna-Bloodmoon, L50, M|\n|poke|p2|Annihilape, L50, M|\n|poke|p2|Gastrodon, L50, M|\n|poke|p2|Malamar, L50, F|\n|poke|p2|Farigiraf, L50, F|\n|teampreview|4\n|inactive|Battle timer is ON: inactive players will automatically lose when time's up. (requested by TeraButter)\n|inactive|VGCLTH MINAMISIMP also wants the timer to be on.\n|j| testingmoon7777\n|inactive|TeraButter has 60 seconds left.\n|\n|t:|1731609359\n|start\n|switch|p1a: Pelipper|Pelipper, L50, M|100\/100\n|switch|p1b: Archaludon|Archaludon, L50, F|100\/100\n|switch|p2a: Incineroar|Incineroar, L50, M, shiny|100\/100\n|switch|p2b: Farigiraf|Farigiraf, L50, F, shiny|100\/100\n|-weather|RainDance|[from] ability: Drizzle|[of] p1a: Pelipper\n|turn|1\n|\n|t:|1731609375\n|move|p2a: Incineroar|Fake Out|p1a: Pelipper\n|-damage|p1a: Pelipper|84\/100\n|cant|p1a: Pelipper|flinch\n|move|p1b: Archaludon|Electro Shot||[still]\n|-prepare|p1b: Archaludon|Electro Shot\n|-boost|p1b: Archaludon|spa|1\n|-anim|p1b: Archaludon|Electro Shot|p2b: Farigiraf\n|-damage|p2b: Farigiraf|43\/100\n|move|p2b: Farigiraf|Trick Room|p2b: Farigiraf\n|-fieldstart|move: Trick Room|[of] p2b: Farigiraf\n|\n|-weather|RainDance|[upkeep]\n|upkeep\n|turn|2\n|\n|t:|1731609398\n|move|p2b: Farigiraf|Earthquake|p1b: Archaludon|[spread] p2a,p1b\n|-immune|p1a: Pelipper\n|-supereffective|p2a: Incineroar\n|-supereffective|p1b: Archaludon\n|-damage|p2a: Incineroar|73\/100\n|-damage|p1b: Archaludon|80\/100\n|-enditem|p2a: Incineroar|Weakness Policy\n|-boost|p2a: Incineroar|atk|2|[from] item: Weakness Policy\n|-boost|p2a: Incineroar|spa|2|[from] item: Weakness Policy\n|-ability|p1b: Archaludon|Stamina|boost\n|-boost|p1b: Archaludon|def|1\n|move|p2a: Incineroar|Knock Off|p1a: Pelipper\n|-damage|p1a: Pelipper|0 fnt\n|-enditem|p1a: Pelipper|Focus Sash|[from] move: Knock Off|[of] p2a: Incineroar\n|faint|p1a: Pelipper\n|move|p1b: Archaludon|Electro Shot||[still]\n|-prepare|p1b: Archaludon|Electro Shot\n|-boost|p1b: Archaludon|spa|1\n|-anim|p1b: Archaludon|Electro Shot|p2a: Incineroar\n|-damage|p2a: Incineroar|3\/100\n|\n|-weather|RainDance|[upkeep]\n|-heal|p1b: Archaludon|86\/100|[from] item: Leftovers\n|upkeep\n|\n|t:|1731609412\n|switch|p1a: Rillaboom|Rillaboom, L50, F|100\/100\n|-fieldstart|move: Grassy Terrain|[from] ability: Grassy Surge|[of] p1a: Rillaboom\n|turn|3\n|\n|t:|1731609431\n|move|p2b: Farigiraf|Psychic Noise|p1a: Rillaboom\n|-damage|p1a: Rillaboom|79\/100\n|-start|p1a: Rillaboom|move: Heal Block\n|move|p2a: Incineroar|Close Combat|p1b: Archaludon\n|-supereffective|p1b: Archaludon\n|-damage|p1b: Archaludon|17\/100\n|-unboost|p2a: Incineroar|def|1\n|-unboost|p2a: Incineroar|spd|1\n|-ability|p1b: Archaludon|Stamina|boost\n|-boost|p1b: Archaludon|def|1\n|move|p1b: Archaludon|Flash Cannon|p2b: Farigiraf\n|-damage|p2b: Farigiraf|0 fnt\n|faint|p2b: Farigiraf\n|move|p1a: Rillaboom|Wood Hammer|p2a: Incineroar\n|-resisted|p2a: Incineroar\n|-damage|p2a: Incineroar|0 fnt\n|faint|p2a: Incineroar\n|-damage|p1a: Rillaboom|78\/100|[from] Recoil\n|\n|-weather|RainDance|[upkeep]\n|-heal|p1b: Archaludon|23\/100|[from] Grassy Terrain\n|-heal|p1b: Archaludon|30\/100|[from] item: Leftovers\n|upkeep\n|\n|t:|1731609451\n|switch|p2b: Gastrodon|Gastrodon, L50, M|100\/100\n|switch|p2a: Ursaluna|Ursaluna-Bloodmoon, L50, M|100\/100\n|turn|4\n|\n|t:|1731609463\n|-terastallize|p2b: Gastrodon|Fire\n|move|p1b: Archaludon|Protect|p1b: Archaludon\n|-singleturn|p1b: Archaludon|Protect\n|move|p2b: Gastrodon|Ice Beam|p1a: Rillaboom\n|-supereffective|p1a: Rillaboom\n|-damage|p1a: Rillaboom|18\/100\n|-damage|p2b: Gastrodon|91\/100|[from] item: Life Orb\n|move|p2a: Ursaluna|Hyper Voice|p1a: Rillaboom|[spread] p1a\n|-activate|p1b: Archaludon|move: Protect\n|-damage|p1a: Rillaboom|0 fnt\n|faint|p1a: Rillaboom\n|\n|-weather|RainDance|[upkeep]\n|-heal|p2b: Gastrodon|97\/100|[from] Grassy Terrain\n|-heal|p1b: Archaludon|36\/100|[from] Grassy Terrain\n|-heal|p1b: Archaludon|42\/100|[from] item: Leftovers\n|upkeep\n|\n|t:|1731609472\n|switch|p1a: Kingambit|Kingambit, L50, M|100\/100\n|turn|5\n|\n|t:|1731609489\n|-terastallize|p1a: Kingambit|Dark\n|move|p1b: Archaludon|Protect|p1b: Archaludon\n|-singleturn|p1b: Archaludon|Protect\n|move|p2b: Gastrodon|Earth Power|p1b: Archaludon\n|-activate|p1b: Archaludon|move: Protect\n|move|p2a: Ursaluna|Hyper Voice|p1b: Archaludon|[spread] p1a\n|-activate|p1b: Archaludon|move: Protect\n|-damage|p1a: Kingambit|43\/100\n|move|p1a: Kingambit|Kowtow Cleave|p2a: Ursaluna\n|-damage|p2a: Ursaluna|43\/100\n|\n|-weather|none\n|-heal|p2b: Gastrodon|100\/100|[from] Grassy Terrain\n|-heal|p2a: Ursaluna|49\/100|[from] Grassy Terrain\n|-heal|p1a: Kingambit|48\/100|[from] Grassy Terrain\n|-heal|p1b: Archaludon|48\/100|[from] Grassy Terrain\n|-heal|p1b: Archaludon|55\/100|[from] item: Leftovers\n|-fieldend|move: Trick Room\n|upkeep\n|turn|6\n|inactive|VGCLTH MINAMISIMP has 30 seconds left.\n|inactive|TeraButter has 30 seconds left.\n|\n|t:|1731609520\n|move|p1b: Archaludon|Draco Meteor|p2b: Gastrodon\n|-damage|p2b: Gastrodon|0 fnt\n|-unboost|p1b: Archaludon|spa|2\n|faint|p2b: Gastrodon\n|move|p1a: Kingambit|Kowtow Cleave|p2a: Ursaluna\n|-damage|p2a: Ursaluna|0 fnt\n|faint|p2a: Ursaluna\n|\n|win|VGCLTH MINAMISIMP\n|raw|VGCLTH MINAMISIMP's rating: 1838 &rarr; <strong>1853<\/strong><br \/>(+15 for winning)\n|raw|TeraButter's rating: 1746 &rarr; <strong>1731<\/strong><br \/>(-15 for losing)\n|l|\u2606VGCLTH MINAMISIMP\n|player|p1|\n|l|\u2606TeraButter\n|player|p2|\n","uploadtime":1731609723,"views":36,"formatid":"gen9vgc2024regh","rating":1731,"private":0,"password":null}