{"id":"gen9vgc2024regh-2243254977","format":"[Gen 9] VGC 2024 Reg H","players":["VGCLTH MINAMISIMP","jrylam21"],"log":"|raw|<div class=\"broadcast-blue\"><strong>This battle is required to be public due to a player having a name starting with 'vgclth'.<\/div>\n|j|\u2606VGCLTH MINAMISIMP\n|j|\u2606jrylam21\n|t:|1731526569\n|gametype|doubles\n|player|p1|VGCLTH MINAMISIMP|miku-water|1681\n|player|p2|jrylam21|102|1690\n|teamsize|p1|6\n|teamsize|p2|6\n|gen|9\n|tier|[Gen 9] VGC 2024 Reg H\n|rated|\n|rule|Species Clause: Limit one of each Pok\u00e9mon\n|rule|Item Clause: Limit 1 of each item\n|clearpoke\n|poke|p1|Archaludon, L50, M|\n|poke|p1|Pelipper, L50, F|\n|poke|p1|Electabuzz, L50, M|\n|poke|p1|Kingambit, L50, F|\n|poke|p1|Rillaboom, L50, M|\n|poke|p1|Basculegion, L50, M|\n|poke|p2|Yanmega, L50, F|\n|poke|p2|Ursaluna, L50, M|\n|poke|p2|Porygon2, L50|\n|poke|p2|Incineroar, L50, F|\n|poke|p2|Dragonite, L50, F|\n|poke|p2|Hydreigon, L50, M|\n|teampreview|4\n|inactive|Battle timer is ON: inactive players will automatically lose when time's up. (requested by VGCLTH MINAMISIMP)\n|\n|t:|1731526593\n|start\n|switch|p1a: Pelipper|Pelipper, L50, F|100\/100\n|switch|p1b: Archaludon|Archaludon, L50, M|100\/100\n|switch|p2a: Yanmega|Yanmega, L50, F|100\/100\n|switch|p2b: Ursaluna|Ursaluna, L50, M|100\/100\n|-weather|RainDance|[from] ability: Drizzle|[of] p1a: Pelipper\n|turn|1\n|inactive|jrylam21 has 30 seconds left.\n|\n|t:|1731526620\n|-terastallize|p1b: Archaludon|Fairy\n|move|p2a: Yanmega|Detect|p2a: Yanmega\n|-singleturn|p2a: Yanmega|Protect\n|move|p2b: Ursaluna|Protect|p2b: Ursaluna\n|-singleturn|p2b: Ursaluna|Protect\n|move|p1a: Pelipper|Weather Ball|p2b: Ursaluna\n|-activate|p2b: Ursaluna|move: Protect\n|move|p1b: Archaludon|Electro Shot||[still]\n|-prepare|p1b: Archaludon|Electro Shot\n|-boost|p1b: Archaludon|spa|1\n|-anim|p1b: Archaludon|Electro Shot|p2a: Yanmega\n|-activate|p2a: Yanmega|move: Protect\n|\n|-weather|RainDance|[upkeep]\n|-ability|p2a: Yanmega|Speed Boost|boost\n|-boost|p2a: Yanmega|spe|1\n|-status|p2b: Ursaluna|brn|[from] item: Flame Orb\n|upkeep\n|turn|2\n|inactive|VGCLTH MINAMISIMP has 30 seconds left.\n|\n|t:|1731526647\n|-terastallize|p2b: Ursaluna|Ghost\n|move|p1b: Archaludon|Protect|p1b: Archaludon\n|-singleturn|p1b: Archaludon|Protect\n|move|p2a: Yanmega|Tailwind|p2a: Yanmega\n|-sidestart|p2: jrylam21|move: Tailwind\n|move|p2b: Ursaluna|Facade|p1b: Archaludon\n|-activate|p1b: Archaludon|move: Protect\n|move|p1a: Pelipper|Tailwind|p1a: Pelipper\n|-sidestart|p1: VGCLTH MINAMISIMP|move: Tailwind\n|\n|-weather|RainDance|[upkeep]\n|-damage|p2b: Ursaluna|95\/100 brn|[from] brn\n|-ability|p2a: Yanmega|Speed Boost|boost\n|-boost|p2a: Yanmega|spe|1\n|upkeep\n|turn|3\n|\n|t:|1731526669\n|move|p2a: Yanmega|Struggle Bug|p1b: Archaludon|[spread] p1a,p1b\n|-resisted|p1a: Pelipper\n|-resisted|p1b: Archaludon\n|-damage|p1a: Pelipper|83\/100\n|-damage|p1b: Archaludon|91\/100\n|-unboost|p1a: Pelipper|spa|1\n|-unboost|p1b: Archaludon|spa|1\n|-ability|p1b: Archaludon|Stamina|boost\n|-boost|p1b: Archaludon|def|1\n|move|p1a: Pelipper|Weather Ball|p2b: Ursaluna\n|-damage|p2b: Ursaluna|50\/100 brn\n|move|p1b: Archaludon|Electro Shot||[still]\n|-prepare|p1b: Archaludon|Electro Shot\n|-boost|p1b: Archaludon|spa|1\n|-anim|p1b: Archaludon|Electro Shot|p2a: Yanmega\n|-supereffective|p2a: Yanmega\n|-enditem|p2a: Yanmega|Focus Sash\n|-damage|p2a: Yanmega|1\/100\n|move|p2b: Ursaluna|Facade|p1b: Archaludon\n|-damage|p1b: Archaludon|31\/100\n|-ability|p1b: Archaludon|Stamina|boost\n|-boost|p1b: Archaludon|def|1\n|\n|-weather|RainDance|[upkeep]\n|-heal|p1b: Archaludon|37\/100|[from] item: Leftovers\n|-damage|p2b: Ursaluna|45\/100 brn|[from] brn\n|-ability|p2a: Yanmega|Speed Boost|boost\n|-boost|p2a: Yanmega|spe|1\n|upkeep\n|turn|4\n|inactive|jrylam21 has 30 seconds left.\n|\n|t:|1731526701\n|switch|p2b: Hydreigon|Hydreigon, L50, M|100\/100\n|move|p2a: Yanmega|Air Slash|p1b: Archaludon\n|-damage|p1b: Archaludon|0 fnt\n|faint|p1b: Archaludon\n|move|p1a: Pelipper|Hurricane|p2a: Yanmega\n|-supereffective|p2a: Yanmega\n|-damage|p2a: Yanmega|0 fnt\n|faint|p2a: Yanmega\n|\n|-weather|RainDance|[upkeep]\n|upkeep\n|\n|t:|1731526711\n|switch|p2a: Ursaluna|Ursaluna, L50, M, tera:Ghost|45\/100 brn\n|switch|p1b: Rillaboom|Rillaboom, L50, M|100\/100\n|-fieldstart|move: Grassy Terrain|[from] ability: Grassy Surge|[of] p1b: Rillaboom\n|turn|5\n|\n|t:|1731526719\n|switch|p1a: Electabuzz|Electabuzz, L50, M|100\/100\n|move|p2b: Hydreigon|Dark Pulse|p1a: Electabuzz\n|-damage|p1a: Electabuzz|49\/100\n|move|p1b: Rillaboom|Wood Hammer|p2a: Ursaluna\n|-damage|p2a: Ursaluna|0 fnt\n|faint|p2a: Ursaluna\n|-damage|p1b: Rillaboom|84\/100|[from] Recoil\n|\n|-weather|none\n|-heal|p1a: Electabuzz|55\/100|[from] Grassy Terrain\n|-heal|p1b: Rillaboom|90\/100|[from] Grassy Terrain\n|-sideend|p2: jrylam21|move: Tailwind\n|-sideend|p1: VGCLTH MINAMISIMP|move: Tailwind\n|upkeep\n|\n|t:|1731526732\n|switch|p2a: Incineroar|Incineroar, L50, F|100\/100\n|-ability|p2a: Incineroar|Intimidate|boost\n|-unboost|p1a: Electabuzz|atk|1\n|-unboost|p1b: Rillaboom|atk|1\n|turn|6\n|\n|t:|1731526743\n|switch|p1b: Pelipper|Pelipper, L50, F|83\/100\n|-weather|RainDance|[from] ability: Drizzle|[of] p1b: Pelipper\n|move|p1a: Electabuzz|Protect|p1a: Electabuzz\n|-singleturn|p1a: Electabuzz|Protect\n|move|p2a: Incineroar|Fake Out|p1a: Electabuzz\n|-activate|p1a: Electabuzz|move: Protect\n|move|p2b: Hydreigon|Dark Pulse|p1a: Electabuzz\n|-activate|p1a: Electabuzz|move: Protect\n|\n|-weather|RainDance|[upkeep]\n|-heal|p1a: Electabuzz|61\/100|[from] Grassy Terrain\n|upkeep\n|turn|7\n|\n|t:|1731526764\n|move|p1a: Electabuzz|Follow Me|p1a: Electabuzz\n|-singleturn|p1a: Electabuzz|move: Follow Me\n|move|p2b: Hydreigon|Dark Pulse|p1a: Electabuzz\n|-damage|p1a: Electabuzz|15\/100\n|move|p1b: Pelipper|Weather Ball|p2a: Incineroar\n|-supereffective|p2a: Incineroar\n|-damage|p2a: Incineroar|0 fnt\n|faint|p2a: Incineroar\n|\n|-weather|RainDance|[upkeep]\n|-heal|p1a: Electabuzz|21\/100|[from] Grassy Terrain\n|upkeep\n|turn|8\n|\n|t:|1731526775\n|move|p1a: Electabuzz|Follow Me|p1a: Electabuzz\n|-singleturn|p1a: Electabuzz|move: Follow Me\n|move|p2b: Hydreigon|Dark Pulse|p1a: Electabuzz\n|-damage|p1a: Electabuzz|0 fnt\n|faint|p1a: Electabuzz\n|move|p1b: Pelipper|Tailwind|p1b: Pelipper\n|-sidestart|p1: VGCLTH MINAMISIMP|move: Tailwind\n|\n|-weather|RainDance|[upkeep]\n|upkeep\n|\n|t:|1731526777\n|switch|p1a: Rillaboom|Rillaboom, L50, M|90\/100\n|turn|9\n|\n|t:|1731526785\n|move|p1a: Rillaboom|Fake Out|p2b: Hydreigon\n|-damage|p2b: Hydreigon|82\/100\n|move|p1b: Pelipper|Hurricane|p2b: Hydreigon\n|-damage|p2b: Hydreigon|26\/100\n|cant|p2b: Hydreigon|flinch\n|\n|-weather|RainDance|[upkeep]\n|-heal|p1a: Rillaboom|96\/100|[from] Grassy Terrain\n|-fieldend|move: Grassy Terrain\n|upkeep\n|turn|10\n|\n|t:|1731526791\n|move|p1a: Rillaboom|Wood Hammer|p2b: Hydreigon\n|-resisted|p2b: Hydreigon\n|-damage|p2b: Hydreigon|0 fnt\n|faint|p2b: Hydreigon\n|-damage|p1a: Rillaboom|89\/100|[from] Recoil\n|\n|win|VGCLTH MINAMISIMP\n|raw|VGCLTH MINAMISIMP's rating: 1681 &rarr; <strong>1702<\/strong><br \/>(+21 for winning)\n|raw|jrylam21's rating: 1690 &rarr; <strong>1669<\/strong><br \/>(-21 for losing)\n|l|\u2606VGCLTH MINAMISIMP\n|player|p1|\n","uploadtime":1731528523,"views":20,"formatid":"gen9vgc2024regh","rating":1669,"private":0,"password":null}