{"id":"gen9vgc2024regh-2243317668","format":"[Gen 9] VGC 2024 Reg H","players":["fullcrimp","VGCLTH MINAMISIMP"],"log":"|raw|<div class=\"broadcast-blue\"><strong>This battle is required to be public due to a player having a name starting with 'vgclth'.<\/div>\n|j|\u2606fullcrimp\n|j|\u2606VGCLTH MINAMISIMP\n|t:|1731532806\n|gametype|doubles\n|player|p1|fullcrimp|2|1744\n|player|p2|VGCLTH MINAMISIMP|miku-water|1763\n|teamsize|p1|6\n|teamsize|p2|6\n|gen|9\n|tier|[Gen 9] VGC 2024 Reg H\n|rated|\n|rule|Species Clause: Limit one of each Pok\u00e9mon\n|rule|Item Clause: Limit 1 of each item\n|clearpoke\n|poke|p1|Sneasler, L50, M|\n|poke|p1|Rillaboom, L50, F|\n|poke|p1|Electabuzz, L50, F|\n|poke|p1|Dragonite, L50, F|\n|poke|p1|Volcarona, L50, F|\n|poke|p1|Kingambit, L50, M|\n|poke|p2|Archaludon, L50, F|\n|poke|p2|Pelipper, L50, M|\n|poke|p2|Electabuzz, L50, M|\n|poke|p2|Kingambit, L50, F|\n|poke|p2|Rillaboom, L50, M|\n|poke|p2|Basculegion, L50, M|\n|teampreview|4\n|inactive|Battle timer is ON: inactive players will automatically lose when time's up. (requested by VGCLTH MINAMISIMP)\n|inactive|fullcrimp also wants the timer to be on.\n|c|\u2606fullcrimp|what does vgclth mean?\n|inactive|VGCLTH MINAMISIMP has 60 seconds left.\n|\n|t:|1731532844\n|start\n|switch|p1a: Sneasler|Sneasler, L50, M|100\/100\n|switch|p1b: Kingambit|Kingambit, L50, M|100\/100\n|switch|p2a: Pelipper|Pelipper, L50, M|100\/100\n|switch|p2b: Basculegion|Basculegion, L50, M|100\/100\n|-weather|RainDance|[from] ability: Drizzle|[of] p2a: Pelipper\n|turn|1\n|\n|t:|1731532861\n|move|p1b: Kingambit|Sucker Punch|p2b: Basculegion\n|-supereffective|p2b: Basculegion\n|-damage|p2b: Basculegion|0 fnt\n|faint|p2b: Basculegion\n|move|p1a: Sneasler|Dire Claw|p2a: Pelipper\n|-damage|p2a: Pelipper|43\/100\n|move|p2a: Pelipper|Tailwind|p2a: Pelipper\n|-sidestart|p2: VGCLTH MINAMISIMP|move: Tailwind\n|\n|-weather|RainDance|[upkeep]\n|upkeep\n|\n|t:|1731532865\n|switch|p2b: Archaludon|Archaludon, L50, F|100\/100\n|turn|2\n|\n|t:|1731532882\n|switch|p2a: Rillaboom|Rillaboom, L50, M|100\/100\n|-fieldstart|move: Grassy Terrain|[from] ability: Grassy Surge|[of] p2a: Rillaboom\n|-terastallize|p2b: Archaludon|Fairy\n|-terastallize|p1b: Kingambit|Dark\n|move|p1b: Kingambit|Sucker Punch||[still]\n|-fail|p1b: Kingambit\n|move|p2b: Archaludon|Electro Shot||[still]\n|-prepare|p2b: Archaludon|Electro Shot\n|-boost|p2b: Archaludon|spa|1\n|-anim|p2b: Archaludon|Electro Shot|p1a: Sneasler\n|-damage|p1a: Sneasler|29\/100\n|move|p1a: Sneasler|Close Combat|p2b: Archaludon\n|-resisted|p2b: Archaludon\n|-damage|p2b: Archaludon|79\/100\n|-unboost|p1a: Sneasler|def|1\n|-unboost|p1a: Sneasler|spd|1\n|-ability|p2b: Archaludon|Stamina|boost\n|-boost|p2b: Archaludon|def|1\n|-status|p2b: Archaludon|psn|[from] ability: Poison Touch|[of] p1a: Sneasler\n|\n|-weather|RainDance|[upkeep]\n|-heal|p2b: Archaludon|85\/100 psn|[from] Grassy Terrain\n|-heal|p2b: Archaludon|92\/100 psn|[from] item: Leftovers\n|-heal|p1a: Sneasler|35\/100|[from] Grassy Terrain\n|-damage|p2b: Archaludon|79\/100 psn|[from] psn\n|upkeep\n|turn|3\n|inactive|VGCLTH MINAMISIMP has 30 seconds left.\n|\n|t:|1731532911\n|move|p1b: Kingambit|Protect|p1b: Kingambit\n|-singleturn|p1b: Kingambit|Protect\n|move|p2a: Rillaboom|Grassy Glide|p1a: Sneasler\n|-resisted|p1a: Sneasler\n|-damage|p1a: Sneasler|0 fnt\n|faint|p1a: Sneasler\n|move|p2b: Archaludon|Electro Shot||[still]\n|-prepare|p2b: Archaludon|Electro Shot\n|-boost|p2b: Archaludon|spa|1\n|-anim|p2b: Archaludon|Electro Shot|p1b: Kingambit\n|-activate|p1b: Kingambit|move: Protect\n|\n|-weather|RainDance|[upkeep]\n|-heal|p2b: Archaludon|85\/100 psn|[from] Grassy Terrain\n|-heal|p2b: Archaludon|92\/100 psn|[from] item: Leftovers\n|-damage|p2b: Archaludon|79\/100 psn|[from] psn\n|upkeep\n|\n|t:|1731532923\n|switch|p1a: Rillaboom|Rillaboom, L50, F|100\/100\n|turn|4\n|\n|t:|1731532933\n|move|p1a: Rillaboom|Fake Out|p2b: Archaludon\n|-damage|p2b: Archaludon|72\/100 psn\n|-ability|p2b: Archaludon|Stamina|boost\n|-boost|p2b: Archaludon|def|1\n|move|p2a: Rillaboom|Wood Hammer|p1b: Kingambit\n|-damage|p1b: Kingambit|42\/100\n|-damage|p2a: Rillaboom|80\/100|[from] Recoil\n|cant|p2b: Archaludon|flinch\n|move|p1b: Kingambit|Kowtow Cleave|p2a: Rillaboom\n|-damage|p2a: Rillaboom|6\/100\n|\n|-weather|RainDance|[upkeep]\n|-heal|p2a: Rillaboom|12\/100|[from] Grassy Terrain\n|-heal|p2b: Archaludon|78\/100 psn|[from] Grassy Terrain\n|-heal|p2b: Archaludon|84\/100 psn|[from] item: Leftovers\n|-heal|p1b: Kingambit|48\/100|[from] Grassy Terrain\n|-damage|p2b: Archaludon|72\/100 psn|[from] psn\n|-sideend|p2: VGCLTH MINAMISIMP|move: Tailwind\n|upkeep\n|turn|5\n|\n|t:|1731532962\n|switch|p2a: Pelipper|Pelipper, L50, M|43\/100\n|move|p1a: Rillaboom|Grassy Glide|p2a: Pelipper\n|-damage|p2a: Pelipper|0 fnt\n|faint|p2a: Pelipper\n|move|p1b: Kingambit|Sucker Punch|p2b: Archaludon\n|-resisted|p2b: Archaludon\n|-damage|p2b: Archaludon|61\/100 psn\n|-ability|p2b: Archaludon|Stamina|boost\n|-boost|p2b: Archaludon|def|1\n|move|p2b: Archaludon|Electro Shot||[still]\n|-prepare|p2b: Archaludon|Electro Shot\n|-boost|p2b: Archaludon|spa|1\n|-anim|p2b: Archaludon|Electro Shot|p1b: Kingambit\n|-damage|p1b: Kingambit|0 fnt\n|faint|p1b: Kingambit\n|\n|-weather|none\n|-heal|p2b: Archaludon|68\/100 psn|[from] Grassy Terrain\n|-heal|p2b: Archaludon|74\/100 psn|[from] item: Leftovers\n|-damage|p2b: Archaludon|61\/100 psn|[from] psn\n|upkeep\n|\n|t:|1731532977\n|switch|p2a: Rillaboom|Rillaboom, L50, M|12\/100\n|switch|p1b: Volcarona|Volcarona, L50, F|100\/100\n|turn|6\n|\n|t:|1731532999\n|move|p2a: Rillaboom|Fake Out|p1a: Rillaboom\n|-damage|p1a: Rillaboom|86\/100\n|cant|p1a: Rillaboom|flinch\n|move|p1b: Volcarona|Heat Wave|p2a: Rillaboom|[spread] p2a,p2b\n|-supereffective|p2a: Rillaboom\n|-damage|p2a: Rillaboom|0 fnt\n|-damage|p2b: Archaludon|24\/100 psn\n|-ability|p2b: Archaludon|Stamina|boost\n|-boost|p2b: Archaludon|def|1\n|faint|p2a: Rillaboom\n|move|p2b: Archaludon|Flash Cannon|p1a: Rillaboom\n|-damage|p1a: Rillaboom|23\/100\n|\n|-heal|p2b: Archaludon|30\/100 psn|[from] Grassy Terrain\n|-heal|p2b: Archaludon|36\/100 psn|[from] item: Leftovers\n|-heal|p1a: Rillaboom|29\/100|[from] Grassy Terrain\n|-damage|p2b: Archaludon|24\/100 psn|[from] psn\n|-fieldend|move: Grassy Terrain\n|upkeep\n|turn|7\n|\n|t:|1731533022\n|move|p1b: Volcarona|Heat Wave|p2b: Archaludon\n|-damage|p2b: Archaludon|0 fnt\n|faint|p2b: Archaludon\n|\n|win|fullcrimp\n|raw|fullcrimp's rating: 1744 &rarr; <strong>1766<\/strong><br \/>(+22 for winning)\n|raw|VGCLTH MINAMISIMP's rating: 1787 &rarr; <strong>1765<\/strong><br \/>(-22 for losing)\n|l|\u2606VGCLTH MINAMISIMP\n|player|p2|\n|l|\u2606fullcrimp\n|player|p1|\n","uploadtime":1731533296,"views":28,"formatid":"gen9vgc2024regh","rating":1765,"private":0,"password":null}