{"id":"gen9vgc2024regh-2243487339","format":"[Gen 9] VGC 2024 Reg H","players":["my!lane","VGCLTH 2thyfor"],"log":"|raw|<div class=\"broadcast-blue\"><strong>This battle is required to be public due to a player having a name starting with 'vgclth'.<\/div>\n|j|\u2606my!lane\n|j|\u2606VGCLTH 2thyfor\n|t:|1731553171\n|gametype|doubles\n|player|p1|my!lane|roxie|1682\n|player|p2|VGCLTH 2thyfor|1|1772\n|teamsize|p1|6\n|teamsize|p2|6\n|gen|9\n|tier|[Gen 9] VGC 2024 Reg H\n|rated|\n|rule|Species Clause: Limit one of each Pok\u00e9mon\n|rule|Item Clause: Limit 1 of each item\n|clearpoke\n|poke|p1|Sinistcha, L50|\n|poke|p1|Clefable, L50, M|\n|poke|p1|Scrafty, L50, F|\n|poke|p1|Gastrodon, L50, M|\n|poke|p1|Gardevoir, L50, M|\n|poke|p1|Ceruledge, L50, M|\n|poke|p2|Dondozo, L50, M|\n|poke|p2|Tatsugiri, L50, M|\n|poke|p2|Sneasler, L50, F|\n|poke|p2|Indeedee, L50, M|\n|poke|p2|Ursaluna-Bloodmoon, L50, M|\n|poke|p2|Talonflame, L50, M|\n|teampreview|4\n|inactive|Battle timer is ON: inactive players will automatically lose when time's up. (requested by VGCLTH 2thyfor)\n|\n|t:|1731553195\n|start\n|switch|p1a: Gardevoir|Gardevoir, L50, M|100\/100\n|switch|p1b: Tea Time!|Sinistcha, L50|100\/100\n|switch|p2a: Indeedee|Indeedee, L50, M|100\/100\n|switch|p2b: Ursaluna|Ursaluna-Bloodmoon, L50, M|100\/100\n|-ability|p1a: Gardevoir|Mind's Eye|[from] ability: Trace|[of] p2b: Ursaluna\n|-fieldstart|move: Psychic Terrain|[from] ability: Psychic Surge|[of] p2a: Indeedee\n|turn|1\n|\n|t:|1731553200\n|-terastallize|p2b: Ursaluna|Normal\n|move|p1a: Gardevoir|Expanding Force|p2b: Ursaluna|[spread] p2a,p2b\n|-resisted|p2a: Indeedee\n|-damage|p2a: Indeedee|59\/100\n|-damage|p2b: Ursaluna|16\/100\n|move|p2a: Indeedee|Imprison|p2a: Indeedee\n|-start|p2a: Indeedee|move: Imprison\n|move|p2b: Ursaluna|Hyper Voice|p1b: Tea Time!|[spread] p1a,p1b\n|-damage|p1a: Gardevoir|26\/100\n|-damage|p1b: Tea Time!|38\/100\n|-enditem|p1b: Tea Time!|Sitrus Berry|[eat]\n|-heal|p1b: Tea Time!|62\/100|[from] item: Sitrus Berry\n|-damage|p2b: Ursaluna|7\/100|[from] item: Life Orb\n|move|p1b: Tea Time!|Matcha Gotcha|p2b: Ursaluna|[spread] p2a,p2b\n|-damage|p2a: Indeedee|27\/100\n|-heal|p1b: Tea Time!|75\/100|[from] drain|[of] p2a: Indeedee\n|-damage|p2b: Ursaluna|0 fnt\n|-heal|p1b: Tea Time!|78\/100|[from] drain|[of] p2b: Ursaluna\n|-status|p2a: Indeedee|brn\n|faint|p2b: Ursaluna\n|\n|-damage|p2a: Indeedee|21\/100 brn|[from] brn\n|upkeep\n|\n|t:|1731553211\n|switch|p2b: Sneasler|Sneasler, L50, F|100\/100\n|-enditem|p2b: Sneasler|Psychic Seed\n|-boost|p2b: Sneasler|spd|1|[from] item: Psychic Seed\n|turn|2\n|\n|t:|1731553227\n|switch|p1b: Scrafty|Scrafty, L50, F|100\/100\n|-ability|p1b: Scrafty|Intimidate|boost\n|-unboost|p2a: Indeedee|atk|1\n|-unboost|p2b: Sneasler|atk|1\n|move|p2b: Sneasler|Throat Chop|p1b: Scrafty\n|-resisted|p1b: Scrafty\n|-damage|p1b: Scrafty|96\/100\n|-start|p1b: Scrafty|Throat Chop|[silent]\n|-enditem|p1b: Scrafty|Eject Button\n|\n|t:|1731553236\n|switch|p1b: Tea Time!|Sinistcha, L50|78\/100\n|-activate|p1a: Gardevoir|move: Struggle\n|move|p1a: Gardevoir|Struggle|p2a: Indeedee\n|-damage|p2a: Indeedee|9\/100 brn\n|-damage|p1a: Gardevoir|1\/100|[from] recoil\n|move|p2a: Indeedee|Expanding Force|p1a: Gardevoir|[spread] p1a,p1b\n|-resisted|p1a: Gardevoir\n|-damage|p1a: Gardevoir|0 fnt\n|-damage|p1b: Tea Time!|34\/100\n|faint|p1a: Gardevoir\n|\n|-damage|p2a: Indeedee|3\/100 brn|[from] brn\n|upkeep\n|\n|t:|1731553251\n|switch|p1a: Landorous-S|Gastrodon, L50, M|100\/100\n|turn|3\n|\n|t:|1731553254\n|switch|p2b: Talonflame|Talonflame, L50, M|100\/100\n|switch|p1b: Scrafty|Scrafty, L50, F|96\/100\n|-ability|p1b: Scrafty|Intimidate|boost\n|-unboost|p2a: Indeedee|atk|1\n|-unboost|p2b: Talonflame|atk|1\n|move|p1a: Landorous-S|Protect|p1a: Landorous-S\n|-singleturn|p1a: Landorous-S|Protect\n|move|p2a: Indeedee|Expanding Force|p1a: Landorous-S|[spread] \n|-activate|p1a: Landorous-S|move: Protect\n|-immune|p1b: Scrafty\n|\n|-damage|p2a: Indeedee|0 fnt|[from] brn\n|faint|p2a: Indeedee\n|upkeep\n|\n|t:|1731553259\n|switch|p2a: Sneasler|Sneasler, L50, F|100\/100\n|turn|4\n|inactive|my!lane has 30 seconds left.\n|\n|t:|1731553291\n|switch|p1b: Tea Time!|Sinistcha, L50|34\/100\n|-terastallize|p1a: Landorous-S|Poison\n|move|p2a: Sneasler|Protect|p2a: Sneasler\n|-singleturn|p2a: Sneasler|Protect\n|move|p2b: Talonflame|Will-O-Wisp|p1b: Tea Time!|[miss]\n|-miss|p2b: Talonflame|p1b: Tea Time!\n|move|p1a: Landorous-S|Muddy Water|p2b: Talonflame|[spread] p2b\n|-activate|p2a: Sneasler|move: Protect\n|-supereffective|p2b: Talonflame\n|-damage|p2b: Talonflame|0 fnt\n|faint|p2b: Talonflame\n|-damage|p1a: Landorous-S|91\/100|[from] item: Life Orb\n|\n|upkeep\n|turn|5\n|-message|VGCLTH 2thyfor forfeited.\n|\n|win|my!lane\n|raw|my!lane's rating: 1682 &rarr; <strong>1707<\/strong><br \/>(+25 for winning)\n|raw|VGCLTH 2thyfor's rating: 1772 &rarr; <strong>1747<\/strong><br \/>(-25 for losing)\n|l|\u2606VGCLTH 2thyfor\n|player|p2|\n|l|\u2606my!lane\n|player|p1|\n","uploadtime":1731553483,"views":20,"formatid":"gen9vgc2024regh","rating":1707,"private":0,"password":null}