{"id":"gen9vgc2024regh-2243405161","format":"[Gen 9] VGC 2024 Reg H","players":["VGCLTH Thacrow","googer315"],"log":"|j|\u2606VGCLTH Thacrow\n|j|\u2606googer315\n|t:|1731542690\n|gametype|doubles\n|player|p1|VGCLTH Thacrow|wallace-masters|1787\n|player|p2|googer315|169|1818\n|teamsize|p1|6\n|teamsize|p2|6\n|gen|9\n|tier|[Gen 9] VGC 2024 Reg H\n|rated|\n|rule|Species Clause: Limit one of each Pok\u00e9mon\n|rule|Item Clause: Limit 1 of each item\n|clearpoke\n|poke|p1|Ceruledge, L50, M|\n|poke|p1|Gastrodon-East, L50, M|\n|poke|p1|Sneasler, L50, M|\n|poke|p1|Dragonite, L50, M|\n|poke|p1|Rillaboom, L50, M|\n|poke|p1|Kingambit, L50, M|\n|poke|p2|Dondozo, L50, F|\n|poke|p2|Tatsugiri, L50, F|\n|poke|p2|Glimmora, L50, F|\n|poke|p2|Maushold, L50|\n|poke|p2|Annihilape, L50, F|\n|poke|p2|Gholdengo, L50|\n|teampreview|4\n|inactive|Battle timer is ON: inactive players will automatically lose when time's up. (requested by googer315)\nVGCLTH Thacrow has agreed to open team sheets.\n|j| bluestraggler03\n|\n|t:|1731542702\n|start\n|switch|p1a: Kidturtle|Sneasler, L50, M, shiny|100\/100\n|switch|p1b: Godlyreal|Kingambit, L50, M|100\/100\n|switch|p2a: Gholdengo|Gholdengo, L50|100\/100\n|switch|p2b: Glimmora|Glimmora, L50, F|100\/100\n|turn|1\n|j| vgclth souly\n|inactive|googer315 has 30 seconds left.\n|\n|t:|1731542732\n|switch|p2a: Dondozo|Dondozo, L50, F|100\/100\n|move|p2b: Glimmora|Spiky Shield|p2b: Glimmora\n|-singleturn|p2b: Glimmora|move: Protect\n|move|p1b: Godlyreal|Sucker Punch||[still]\n|-fail|p1b: Godlyreal\n|move|p1a: Kidturtle|Close Combat|p2b: Glimmora\n|-activate|p2b: Glimmora|move: Protect\n|-damage|p1a: Kidturtle|88\/100|[from] Spiky Shield|[of] p2b: Glimmora\n|\n|upkeep\n|turn|2\n|j| FBISurveillanceMan\n|l| bluestraggler03\n|\n|t:|1731542745\n|switch|p2b: Tatsugiri|Tatsugiri, L50, F|100\/100\n|-activate|p2b: Tatsugiri|ability: Commander|[of] p2a: Dondozo\n|-boost|p2a: Dondozo|atk|2\n|-boost|p2a: Dondozo|spa|2\n|-boost|p2a: Dondozo|spe|2\n|-boost|p2a: Dondozo|def|2\n|-boost|p2a: Dondozo|spd|2\n|switch|p1b: Joe Dog|Gastrodon-East, L50, M|100\/100\n|move|p1a: Kidturtle|Close Combat|p2b: Tatsugiri|[miss]\n|-miss|p1a: Kidturtle|p2b: Tatsugiri\n|move|p2a: Dondozo|Order Up|p1a: Kidturtle\n|-damage|p1a: Kidturtle|15\/100\n|-boost|p2a: Dondozo|atk|1\n|\n|upkeep\n|turn|3\n|\n|t:|1731542761\n|-terastallize|p2a: Dondozo|Steel\n|move|p1a: Kidturtle|Dire Claw|p2a: Dondozo\n|-immune|p2a: Dondozo\n|move|p2a: Dondozo|Order Up|p1a: Kidturtle\n|-damage|p1a: Kidturtle|0 fnt\n|faint|p1a: Kidturtle\n|-boost|p2a: Dondozo|atk|1\n|move|p1b: Joe Dog|Clear Smog|p2a: Dondozo\n|-immune|p2a: Dondozo\n|\n|upkeep\n|\n|t:|1731542764\n|switch|p1a: Main Flutter|Dragonite, L50, M, shiny|100\/100\n|turn|4\n|\n|t:|1731542774\n|move|p1a: Main Flutter|Low Kick|p2a: Dondozo\n|-supereffective|p2a: Dondozo\n|-damage|p2a: Dondozo|71\/100\n|move|p2a: Dondozo|Order Up|p1a: Main Flutter\n|-supereffective|p1a: Main Flutter\n|-damage|p1a: Main Flutter|28\/100\n|-boost|p2a: Dondozo|atk|1\n|move|p1b: Joe Dog|Earth Power|p2a: Dondozo\n|-supereffective|p2a: Dondozo\n|-damage|p2a: Dondozo|44\/100\n|\n|-heal|p2a: Dondozo|50\/100|[from] item: Leftovers\n|upkeep\n|turn|5\n|\n|t:|1731542791\n|move|p1a: Main Flutter|Low Kick|p2a: Dondozo\n|-supereffective|p2a: Dondozo\n|-damage|p2a: Dondozo|18\/100\n|move|p2a: Dondozo|Order Up|p1b: Joe Dog\n|-damage|p1b: Joe Dog|18\/100\n|-enditem|p1b: Joe Dog|Sitrus Berry|[eat]\n|-heal|p1b: Joe Dog|43\/100|[from] item: Sitrus Berry\n|-boost|p2a: Dondozo|atk|1\n|move|p1b: Joe Dog|Earth Power|p2a: Dondozo\n|-supereffective|p2a: Dondozo\n|-damage|p2a: Dondozo|0 fnt\n|faint|p2a: Dondozo\n|\n|upkeep\n|\n|t:|1731542806\n|switch|p2a: Gholdengo|Gholdengo, L50|100\/100\n|turn|6\n|\n|t:|1731542817\n|move|p1b: Joe Dog|Protect|p1b: Joe Dog\n|-singleturn|p1b: Joe Dog|Protect\n|move|p1a: Main Flutter|Extreme Speed|p2b: Tatsugiri\n|-damage|p2b: Tatsugiri|45\/100\n|move|p2a: Gholdengo|Shadow Ball|p1b: Joe Dog\n|-activate|p1b: Joe Dog|move: Protect\n|move|p2b: Tatsugiri|Icy Wind|p1b: Joe Dog|[spread] p1a\n|-activate|p1b: Joe Dog|move: Protect\n|-supereffective|p1a: Main Flutter\n|-damage|p1a: Main Flutter|0 fnt\n|faint|p1a: Main Flutter\n|\n|upkeep\n|\n|t:|1731542819\n|switch|p1a: Godlyreal|Kingambit, L50, M|100\/100\n|turn|7\n|j| UGCL\n|j| VGCLTH Sac gaming\n|\n|t:|1731542838\n|move|p1b: Joe Dog|Protect|p1b: Joe Dog\n|-singleturn|p1b: Joe Dog|Protect\n|move|p2a: Gholdengo|Shadow Ball|p1b: Joe Dog\n|-activate|p1b: Joe Dog|move: Protect\n|move|p2b: Tatsugiri|Draco Meteor|p1b: Joe Dog\n|-activate|p1b: Joe Dog|move: Protect\n|move|p1a: Godlyreal|Kowtow Cleave|p2a: Gholdengo\n|-supereffective|p2a: Gholdengo\n|-damage|p2a: Gholdengo|0 fnt\n|faint|p2a: Gholdengo\n|\n|upkeep\n|c|\u2606googer315|oh come on\n|j| VGCLTH John Pork\n|\n|t:|1731542850\n|switch|p2a: Glimmora|Glimmora, L50, F|100\/100\n|turn|8\n|c| FBISurveillanceMan|haxcrow\n|\n|t:|1731542867\n|move|p2b: Tatsugiri|Endure|p2b: Tatsugiri\n|-singleturn|p2b: Tatsugiri|move: Endure\n|move|p1a: Godlyreal|Sucker Punch||[still]\n|-fail|p1a: Godlyreal\n|move|p2a: Glimmora|Earth Power|p1a: Godlyreal\n|-supereffective|p1a: Godlyreal\n|-damage|p1a: Godlyreal|58\/100\n|move|p1b: Joe Dog|Earth Power|p2a: Glimmora\n|-supereffective|p2a: Glimmora\n|-enditem|p2a: Glimmora|Focus Sash\n|-damage|p2a: Glimmora|1\/100\n|\n|upkeep\n|turn|9\n|j| pipikapipika\n|j| DaN00biest\n|inactive|googer315 has 30 seconds left.\n|inactive|googer315 has 20 seconds left.\n|inactive|googer315 has 15 seconds left.\n|inactive|googer315 has 10 seconds left.\n|l| pipikapipika\n|inactive|googer315 has 5 seconds left.\n|j| pipikapipika\n|\n|t:|1731542922\n|move|p2b: Tatsugiri|Endure|p2b: Tatsugiri\n|-singleturn|p2b: Tatsugiri|move: Endure\n|move|p1a: Godlyreal|Sucker Punch||[still]\n|-fail|p1a: Godlyreal\n|move|p2a: Glimmora|Earth Power|p1a: Godlyreal\n|-supereffective|p1a: Godlyreal\n|-damage|p1a: Godlyreal|9\/100\n|move|p1b: Joe Dog|Earth Power|p2a: Glimmora\n|-supereffective|p2a: Glimmora\n|-damage|p2a: Glimmora|0 fnt\n|faint|p2a: Glimmora\n|\n|upkeep\n|turn|10\n|c|\u2606googer315|f u\n|c| FBISurveillanceMan|fr\n|c|\u2606VGCLTH Thacrow|Rip u\n|inactive|googer315 has 30 seconds left.\n|c|\u2606VGCLTH Thacrow|Unfort luck\n|inactive|googer315 has 20 seconds left.\n|inactive|googer315 has 15 seconds left.\n|inactive|googer315 has 10 seconds left.\n|inactive|googer315 has 5 seconds left.\n|\n|t:|1731542977\n|move|p1a: Godlyreal|Sucker Punch|p2b: Tatsugiri\n|-damage|p2b: Tatsugiri|0 fnt\n|faint|p2b: Tatsugiri\n|\n|win|VGCLTH Thacrow\n|raw|VGCLTH Thacrow's rating: 1787 &rarr; <strong>1809<\/strong><br \/>(+22 for winning)\n|raw|googer315's rating: 1818 &rarr; <strong>1796<\/strong><br \/>(-22 for losing)\n|c| FBISurveillanceMan|mished\n|c| UGCL|mish\n|l| DaN00biest\n|l| UGCL\n|l| vgclth souly\n|l|\u2606VGCLTH Thacrow\n|player|p1|\n|l| VGCLTH Sac gaming\n|l|\u2606googer315\n|player|p2|\n|j| bluestraggler03\n|l| bluestraggler03\n|l| pipikapipika\n","uploadtime":1731543237,"views":47,"formatid":"gen9vgc2024regh","rating":1796,"private":0,"password":null}