{"id":"gen9vgc2024regh-2243049011","format":"[Gen 9] VGC 2024 Reg H","players":["VGCLTH Cuwutie","same blue"],"log":"|raw|<div class=\"broadcast-blue\"><strong>This battle is required to be public due to a player having a name starting with 'vgclth'.<\/div>\n|j|\u2606VGCLTH Cuwutie\n|j|\u2606same blue\n|t:|1731506412\n|gametype|doubles\n|player|p1|VGCLTH Cuwutie|102|1724\n|player|p2|same blue|101|1842\n|teamsize|p1|6\n|teamsize|p2|6\n|gen|9\n|tier|[Gen 9] VGC 2024 Reg H\n|rated|\n|rule|Species Clause: Limit one of each Pok\u00e9mon\n|rule|Item Clause: Limit 1 of each item\n|clearpoke\n|poke|p1|Smeargle, L50, F|\n|poke|p1|Farigiraf, L50, M|\n|poke|p1|Grimmsnarl, L50, M|\n|poke|p1|Torkoal, L50, M|\n|poke|p1|Ursaluna-Bloodmoon, L50, M|\n|poke|p1|Araquanid, L50, M|\n|poke|p2|Annihilape, L50, F|\n|poke|p2|Grimmsnarl, L50, M|\n|poke|p2|Arcanine, L50, M|\n|poke|p2|Sinistcha, L50|\n|poke|p2|Maushold, L50|\n|poke|p2|Murkrow, L50, M|\n|teampreview|4\n|inactive|Battle timer is ON: inactive players will automatically lose when time's up. (requested by same blue)\n|\n|t:|1731506453\n|start\n|switch|p1a: Smeargle|Smeargle, L50, F|100\/100\n|switch|p1b: Farigiraf|Farigiraf, L50, M|100\/100\n|switch|p2a: Grimmsnarl|Grimmsnarl, L50, M|100\/100\n|switch|p2b: Arcanine|Arcanine, L50, M, shiny|100\/100\n|-ability|p2b: Arcanine|Intimidate|boost\n|-unboost|p1a: Smeargle|atk|1\n|-enditem|p1a: Smeargle|Eject Pack\n|-unboost|p1b: Farigiraf|atk|1\n|inactive|VGCLTH Cuwutie has 30 seconds left.\n|\n|t:|1731506480\n|switch|p1a: Araquanid|Araquanid, L50, M|100\/100\n|turn|1\n|\n|t:|1731506490\n|-terastallize|p2b: Arcanine|Water\n|-terastallize|p1a: Araquanid|Water\n|move|p2a: Grimmsnarl|Reflect|p2a: Grimmsnarl\n|-sidestart|p2: same blue|Reflect\n|move|p2b: Arcanine|Snarl|p1b: Farigiraf|[spread] p1a,p1b\n|-supereffective|p1b: Farigiraf\n|-damage|p1a: Araquanid|92\/100\n|-damage|p1b: Farigiraf|86\/100\n|-unboost|p1a: Araquanid|spa|1\n|-unboost|p1b: Farigiraf|spa|1\n|move|p1a: Araquanid|Liquidation|p2b: Arcanine\n|-resisted|p2b: Arcanine\n|-damage|p2b: Arcanine|51\/100\n|move|p1b: Farigiraf|Trick Room|p1b: Farigiraf\n|-fieldstart|move: Trick Room|[of] p1b: Farigiraf\n|\n|upkeep\n|turn|2\n|j| pikavgc111\n|\n|t:|1731506508\n|switch|p1b: Ursaluna|Ursaluna-Bloodmoon, L50, M|100\/100\n|move|p2a: Grimmsnarl|Light Screen|p2a: Grimmsnarl\n|-sidestart|p2: same blue|move: Light Screen\n|move|p1a: Araquanid|Liquidation|p2b: Arcanine\n|-resisted|p2b: Arcanine\n|-damage|p2b: Arcanine|3\/100\n|move|p2b: Arcanine|Morning Sun|p2b: Arcanine\n|-heal|p2b: Arcanine|53\/100\n|\n|upkeep\n|turn|3\n|\n|t:|1731506528\n|switch|p2a: Sinistcha|Sinistcha, L50|100\/100\n|-heal|p2b: Arcanine|77\/100|[from] ability: Hospitality|[of] p2a: Sinistcha\n|move|p1a: Araquanid|Liquidation|p2a: Sinistcha\n|-resisted|p2a: Sinistcha\n|-damage|p2a: Sinistcha|64\/100\n|move|p1b: Ursaluna|Hyper Voice|p2b: Arcanine|[spread] p2a,p2b\n|-crit|p2a: Sinistcha\n|-damage|p2a: Sinistcha|0 fnt\n|-damage|p2b: Arcanine|37\/100\n|faint|p2a: Sinistcha\n|-damage|p1b: Ursaluna|90\/100|[from] item: Life Orb\n|move|p2b: Arcanine|Snarl|p1b: Ursaluna|[spread] p1a,p1b\n|-damage|p1a: Araquanid|83\/100\n|-damage|p1b: Ursaluna|80\/100\n|-unboost|p1a: Araquanid|spa|1\n|-unboost|p1b: Ursaluna|spa|1\n|\n|upkeep\n|\n|t:|1731506545\n|switch|p2a: Annihilape|Annihilape, L50, F, shiny|100\/100\n|turn|4\n|\n|t:|1731506555\n|move|p2a: Annihilape|Protect|p2a: Annihilape\n|-singleturn|p2a: Annihilape|Protect\n|move|p1a: Araquanid|Liquidation|p2a: Annihilape\n|-activate|p2a: Annihilape|move: Protect\n|move|p1b: Ursaluna|Blood Moon|p2b: Arcanine\n|-damage|p2b: Arcanine|0 fnt\n|faint|p2b: Arcanine\n|-damage|p1b: Ursaluna|70\/100|[from] item: Life Orb\n|\n|upkeep\n|\n|t:|1731506564\n|switch|p2b: Grimmsnarl|Grimmsnarl, L50, M|100\/100\n|turn|5\n|l| pikavgc111\n|inactive|VGCLTH Cuwutie has 30 seconds left.\n|j| vgclth souly\n|\n|t:|1731506594\n|move|p1a: Araquanid|Liquidation|p2a: Annihilape\n|-damage|p2a: Annihilape|0 fnt\n|faint|p2a: Annihilape\n|move|p1b: Ursaluna|Earth Power|p2b: Grimmsnarl\n|-damage|p2b: Grimmsnarl|75\/100\n|-damage|p1b: Ursaluna|60\/100|[from] item: Life Orb\n|move|p2b: Grimmsnarl|Spirit Break|p1a: Araquanid\n|-damage|p1a: Araquanid|50\/100\n|-unboost|p1a: Araquanid|spa|1\n|\n|-fieldend|move: Trick Room\n|upkeep\n|turn|6\n|-message|same blue forfeited.\n|\n|win|VGCLTH Cuwutie\n|raw|VGCLTH Cuwutie's rating: 1742 &rarr; <strong>1768<\/strong><br \/>(+26 for winning)\n|raw|same blue's rating: 1842 &rarr; <strong>1816<\/strong><br \/>(-26 for losing)\n|l|\u2606same blue\n|player|p2|\n|j| pikavgc111\n|l| pikavgc111\n|l|\u2606VGCLTH Cuwutie\n|player|p1|\n|l| vgclth souly\n","uploadtime":1731506866,"views":28,"formatid":"gen9vgc2024regh","rating":1768,"private":0,"password":null}