{"id":"gen9vgc2024regh-2243160953","format":"[Gen 9] VGC 2024 Reg H","players":["VGCLTH Cuwutie","Tilzy"],"log":"|raw|<div class=\"broadcast-blue\"><strong>This battle is required to be public due to a player having a name starting with 'vgclth'.<\/div>\n|j|\u2606VGCLTH Cuwutie\n|j|\u2606Tilzy\n|t:|1731517698\n|gametype|doubles\n|player|p1|VGCLTH Cuwutie|102|1682\n|player|p2|Tilzy|pokemaniac|1826\n|teamsize|p1|6\n|teamsize|p2|6\n|gen|9\n|tier|[Gen 9] VGC 2024 Reg H\n|rated|\n|rule|Species Clause: Limit one of each Pok\u00e9mon\n|rule|Item Clause: Limit 1 of each item\n|clearpoke\n|poke|p1|Smeargle, L50, F|\n|poke|p1|Farigiraf, L50, F|\n|poke|p1|Grimmsnarl, L50, M|\n|poke|p1|Torkoal, L50, F|\n|poke|p1|Ursaluna-Bloodmoon, L50, M|\n|poke|p1|Weezing-Galar, L50, F|\n|poke|p2|Toedscruel, L50, M|\n|poke|p2|Weezing-Galar, L50, F|\n|poke|p2|Corviknight, L50, M|\n|poke|p2|Garchomp, L50, F|\n|poke|p2|Typhlosion-Hisui, L50, F|\n|poke|p2|Palafin, L50, M|\n|teampreview|4\n|c|\u2606Tilzy|Oh No\n|\n|t:|1731517727\n|start\n|switch|p1a: Smeargle|Smeargle, L50, F|100\/100\n|switch|p1b: Farigiraf|Farigiraf, L50, F|100\/100\n|switch|p2a: Toedscruel|Toedscruel, L50, M, shiny|100\/100\n|switch|p2b: Weezing|Weezing-Galar, L50, F|100\/100\n|-ability|p2b: Weezing|Neutralizing Gas\n|turn|1\n|\n|t:|1731517751\n|-terastallize|p2b: Weezing|Flying\n|move|p2a: Toedscruel|Spore|p1a: Smeargle\n|-status|p1a: Smeargle|slp|[from] move: Spore\n|cant|p1a: Smeargle|slp\n|move|p2b: Weezing|Dazzling Gleam|p1b: Farigiraf|[spread] p1a,p1b\n|-damage|p1a: Smeargle|24\/100 slp\n|-damage|p1b: Farigiraf|71\/100\n|move|p1b: Farigiraf|Trick Room|p1b: Farigiraf\n|-fieldstart|move: Trick Room|[of] p1b: Farigiraf\n|\n|upkeep\n|turn|2\n|\n|t:|1731517769\n|-end|p2b: Weezing|ability: Neutralizing Gas\n|switch|p2b: Corviknight|Corviknight, L50, M|100\/100\n|switch|p1a: Ursaluna|Ursaluna-Bloodmoon, L50, M|100\/100\n|move|p1b: Farigiraf|Uproar|p2b: Corviknight\n|-resisted|p2b: Corviknight\n|-damage|p2b: Corviknight|85\/100\n|-start|p1b: Farigiraf|Uproar\n|move|p2a: Toedscruel|Spore|p1b: Farigiraf\n|-fail|p1b: Farigiraf|slp|[from] Uproar|[msg]\n|\n|-start|p1b: Farigiraf|Uproar|[upkeep]\n|upkeep\n|turn|3\n|c|\u2606Tilzy|Wow\n|\n|t:|1731517794\n|-terastallize|p1a: Ursaluna|Normal\n|move|p1b: Farigiraf|Uproar|p2b: Corviknight|[from]lockedmove\n|-resisted|p2b: Corviknight\n|-damage|p2b: Corviknight|70\/100\n|move|p1a: Ursaluna|Blood Moon|p2a: Toedscruel\n|-damage|p2a: Toedscruel|0 fnt\n|faint|p2a: Toedscruel\n|-damage|p1a: Ursaluna|90\/100|[from] item: Life Orb\n|move|p2b: Corviknight|Roost|p2b: Corviknight\n|-heal|p2b: Corviknight|100\/100\n|-singleturn|p2b: Corviknight|move: Roost\n|\n|-start|p1b: Farigiraf|Uproar|[upkeep]\n|upkeep\n|j| vgclth souly\n|\n|t:|1731517805\n|switch|p2a: Garchomp|Garchomp, L50, F|100\/100\n|turn|4\n|\n|t:|1731517810\n|move|p2a: Garchomp|Protect|p2a: Garchomp\n|-singleturn|p2a: Garchomp|Protect\n|move|p1b: Farigiraf|Uproar|p2a: Garchomp|[from]lockedmove\n|-activate|p2a: Garchomp|move: Protect\n|move|p1a: Ursaluna|Hyper Voice|p2a: Garchomp|[spread] p2b\n|-activate|p2a: Garchomp|move: Protect\n|-resisted|p2b: Corviknight\n|-damage|p2b: Corviknight|71\/100\n|-damage|p1a: Ursaluna|80\/100|[from] item: Life Orb\n|move|p2b: Corviknight|Roost|p2b: Corviknight\n|-heal|p2b: Corviknight|100\/100\n|-singleturn|p2b: Corviknight|move: Roost\n|\n|-end|p1b: Farigiraf|Uproar\n|upkeep\n|turn|5\n|\n|t:|1731517826\n|switch|p2a: Weezing|Weezing-Galar, L50, F, tera:Flying|100\/100\n|-ability|p2a: Weezing|Neutralizing Gas\n|move|p1b: Farigiraf|Helping Hand|p1a: Ursaluna\n|-singleturn|p1a: Ursaluna|Helping Hand|[of] p1b: Farigiraf\n|move|p1a: Ursaluna|Blood Moon|p2a: Weezing\n|-damage|p2a: Weezing|0 fnt\n|faint|p2a: Weezing\n|-end|p2a: Weezing|ability: Neutralizing Gas\n|-damage|p1a: Ursaluna|70\/100|[from] item: Life Orb\n|move|p2b: Corviknight|Brave Bird|p1b: Farigiraf\n|-damage|p1b: Farigiraf|34\/100\n|-damage|p2b: Corviknight|87\/100|[from] Recoil\n|\n|-fieldend|move: Trick Room\n|upkeep\n|\n|t:|1731517828\n|switch|p2a: Garchomp|Garchomp, L50, F|100\/100\n|turn|6\n|\n|t:|1731517837\n|switch|p1b: Smeargle|Smeargle, L50, F|24\/100 slp\n|move|p2a: Garchomp|Earthquake|p1a: Ursaluna|[spread] p1a,p1b\n|-immune|p2b: Corviknight\n|-damage|p1a: Ursaluna|33\/100\n|-damage|p1b: Smeargle|0 fnt\n|faint|p1b: Smeargle\n|-damage|p2a: Garchomp|91\/100|[from] item: Life Orb\n|move|p2b: Corviknight|Brave Bird|p1a: Ursaluna\n|-damage|p1a: Ursaluna|1\/100\n|-damage|p2b: Corviknight|76\/100|[from] Recoil\n|move|p1a: Ursaluna|Hyper Voice|p2a: Garchomp|[spread] p2a,p2b\n|-resisted|p2b: Corviknight\n|-damage|p2a: Garchomp|1\/100\n|-damage|p2b: Corviknight|42\/100\n|-enditem|p2b: Corviknight|Sitrus Berry|[eat]\n|-heal|p2b: Corviknight|67\/100|[from] item: Sitrus Berry\n|-damage|p1a: Ursaluna|0 fnt|[from] item: Life Orb\n|faint|p1a: Ursaluna\n|\n|upkeep\n|\n|t:|1731517845\n|switch|p1b: Farigiraf|Farigiraf, L50, F|34\/100\n|switch|p1a: Torkoal|Torkoal, L50, F|100\/100\n|-weather|SunnyDay|[from] ability: Drought|[of] p1a: Torkoal\n|turn|7\n|\n|t:|1731517851\n|move|p2a: Garchomp|Earthquake|p1b: Farigiraf|[spread] p1a,p1b\n|-immune|p2b: Corviknight\n|-supereffective|p1a: Torkoal\n|-crit|p1a: Torkoal\n|-damage|p1a: Torkoal|0 fnt\n|-damage|p1b: Farigiraf|0 fnt\n|faint|p1a: Torkoal\n|faint|p1b: Farigiraf\n|-damage|p2a: Garchomp|0 fnt|[from] item: Life Orb\n|faint|p2a: Garchomp\n|\n|win|Tilzy\n|raw|VGCLTH Cuwutie's rating: 1693 &rarr; <strong>1680<\/strong><br \/>(-13 for losing)\n|raw|Tilzy's rating: 1826 &rarr; <strong>1839<\/strong><br \/>(+13 for winning)\n","uploadtime":1731517861,"views":33,"formatid":"gen9vgc2024regh","rating":1680,"private":0,"password":null}