{"id":"gen9vgc2024regh-2243283912","format":"[Gen 9] VGC 2024 Reg H","players":["bgc0","VGCLTH Cuwutie"],"log":"|j|\u2606bgc0\n|j|\u2606VGCLTH Cuwutie\n|t:|1731529375\n|gametype|doubles\n|player|p1|bgc0|steven|1783\n|player|p2|VGCLTH Cuwutie|102|1757\n|teamsize|p1|6\n|teamsize|p2|6\n|gen|9\n|tier|[Gen 9] VGC 2024 Reg H\n|rated|\n|rule|Species Clause: Limit one of each Pok\u00e9mon\n|rule|Item Clause: Limit 1 of each item\n|clearpoke\n|poke|p1|Espathra, L50, F|\n|poke|p1|Archaludon, L50, M|\n|poke|p1|Incineroar, L50, M|\n|poke|p1|Ninetales-Alola, L50, F|\n|poke|p1|Murkrow, L50, M|\n|poke|p1|Amoonguss, L50, M|\n|poke|p2|Smeargle, L50, M|\n|poke|p2|Farigiraf, L50, F|\n|poke|p2|Grimmsnarl, L50, M|\n|poke|p2|Torkoal, L50, F|\n|poke|p2|Ursaluna-Bloodmoon, L50, M|\n|poke|p2|Weezing-Galar, L50, M|\n|teampreview|4\n|j| randomuser0000\n|j| VGCLTH John Pork\n|\n|t:|1731529406\n|start\n|switch|p1a: Incineroar|Incineroar, L50, M|100\/100\n|switch|p1b: Amoonguss|Amoonguss, L50, M|100\/100\n|switch|p2a: Smeargle|Smeargle, L50, M|100\/100\n|switch|p2b: Farigiraf|Farigiraf, L50, F|100\/100\n|-ability|p1a: Incineroar|Intimidate|boost\n|-unboost|p2a: Smeargle|atk|1\n|-enditem|p2a: Smeargle|Eject Pack\n|-unboost|p2b: Farigiraf|atk|1\n|\n|t:|1731529439\n|switch|p2a: Ursaluna|Ursaluna-Bloodmoon, L50, M|100\/100\n|turn|1\n|\n|t:|1731529467\n|-terastallize|p1a: Incineroar|Ghost\n|-terastallize|p2a: Ursaluna|Normal\n|move|p1b: Amoonguss|Protect|p1b: Amoonguss\n|-singleturn|p1b: Amoonguss|Protect\n|move|p1a: Incineroar|Knock Off|p2b: Farigiraf\n|-supereffective|p2b: Farigiraf\n|-damage|p2b: Farigiraf|32\/100\n|-enditem|p2b: Farigiraf|Mental Herb|[from] move: Knock Off|[of] p1a: Incineroar\n|move|p2a: Ursaluna|Blood Moon|p1b: Amoonguss\n|-activate|p1b: Amoonguss|move: Protect\n|move|p2b: Farigiraf|Trick Room|p2b: Farigiraf\n|-fieldstart|move: Trick Room|[of] p2b: Farigiraf\n|\n|upkeep\n|turn|2\n|\n|t:|1731529487\n|move|p1b: Amoonguss|Spore|p2a: Ursaluna\n|-status|p2a: Ursaluna|slp|[from] move: Spore\n|move|p2b: Farigiraf|Uproar|p1a: Incineroar\n|-immune|p1a: Incineroar\n|cant|p2a: Ursaluna|slp\n|move|p1a: Incineroar|Knock Off|p2b: Farigiraf\n|-supereffective|p2b: Farigiraf\n|-damage|p2b: Farigiraf|0 fnt\n|faint|p2b: Farigiraf\n|\n|upkeep\n|\n|t:|1731529501\n|switch|p2b: Torkoal|Torkoal, L50, F|100\/100\n|-weather|SunnyDay|[from] ability: Drought|[of] p2b: Torkoal\n|turn|3\n|\n|t:|1731529511\n|move|p1b: Amoonguss|Spore|p2b: Torkoal\n|-status|p2b: Torkoal|slp|[from] move: Spore\n|cant|p2b: Torkoal|slp\n|cant|p2a: Ursaluna|slp\n|move|p1a: Incineroar|Flare Blitz|p2a: Ursaluna\n|-damage|p2a: Ursaluna|50\/100 slp\n|-damage|p1a: Incineroar|82\/100|[from] Recoil\n|\n|-weather|SunnyDay|[upkeep]\n|upkeep\n|turn|4\n|\n|t:|1731529524\n|move|p1b: Amoonguss|Sludge Bomb|p2b: Torkoal\n|-damage|p2b: Torkoal|63\/100 slp\n|cant|p2b: Torkoal|slp\n|-curestatus|p2a: Ursaluna|slp|[msg]\n|move|p2a: Ursaluna|Hyper Voice|p1a: Incineroar|[spread] p1a,p1b\n|-damage|p1a: Incineroar|21\/100\n|-damage|p1b: Amoonguss|44\/100\n|-damage|p2a: Ursaluna|40\/100|[from] item: Life Orb\n|move|p1a: Incineroar|Flare Blitz|p2a: Ursaluna\n|-damage|p2a: Ursaluna|0 fnt\n|faint|p2a: Ursaluna\n|-damage|p1a: Incineroar|7\/100|[from] Recoil\n|\n|-weather|SunnyDay|[upkeep]\n|upkeep\n|\n|t:|1731529529\n|switch|p2a: Smeargle|Smeargle, L50, M|100\/100\n|turn|5\n|\n|t:|1731529550\n|move|p2a: Smeargle|Fake Out|p1b: Amoonguss\n|-damage|p1b: Amoonguss|40\/100\n|cant|p1b: Amoonguss|flinch\n|cant|p2b: Torkoal|slp\n|move|p1a: Incineroar|Knock Off|p2a: Smeargle\n|-crit|p2a: Smeargle\n|-damage|p2a: Smeargle|9\/100\n|\n|-weather|SunnyDay|[upkeep]\n|-fieldend|move: Trick Room\n|-ability|p2a: Smeargle|Moody|boost\n|-boost|p2a: Smeargle|spa|2\n|-unboost|p2a: Smeargle|def|1\n|upkeep\n|turn|6\n|\n|t:|1731529569\n|move|p1b: Amoonguss|Rage Powder|p1b: Amoonguss\n|-singleturn|p1b: Amoonguss|move: Rage Powder\n|move|p2a: Smeargle|Spore|p1b: Amoonguss\n|-immune|p1b: Amoonguss\n|move|p1a: Incineroar|Flare Blitz|p2a: Smeargle\n|-damage|p2a: Smeargle|0 fnt\n|faint|p2a: Smeargle\n|-damage|p1a: Incineroar|5\/100|[from] Recoil\n|-curestatus|p2b: Torkoal|slp|[msg]\n|move|p2b: Torkoal|Eruption|p1b: Amoonguss|[spread] p1a,p1b\n|-supereffective|p1b: Amoonguss\n|-damage|p1a: Incineroar|0 fnt\n|-damage|p1b: Amoonguss|0 fnt\n|faint|p1a: Incineroar\n|faint|p1b: Amoonguss\n|\n|-weather|SunnyDay|[upkeep]\n|upkeep\n|\n|t:|1731529576\n|switch|p1a: Archaludon|Archaludon, L50, M, shiny|100\/100\n|switch|p1b: Ninetales|Ninetales-Alola, L50, F, shiny|100\/100\n|-weather|Snow|[from] ability: Snow Warning|[of] p1b: Ninetales\n|turn|7\n|\n|t:|1731529584\n|move|p1b: Ninetales|Blizzard|p2b: Torkoal\n|-resisted|p2b: Torkoal\n|-damage|p2b: Torkoal|24\/100\n|move|p1a: Archaludon|Electro Shot||[still]\n|-prepare|p1a: Archaludon|Electro Shot\n|-boost|p1a: Archaludon|spa|1\n|-enditem|p1a: Archaludon|Power Herb\n|-anim|p1a: Archaludon|Electro Shot|p2b: Torkoal\n|-damage|p2b: Torkoal|0 fnt\n|faint|p2b: Torkoal\n|\n|win|bgc0\n|raw|bgc0's rating: 1783 &rarr; <strong>1801<\/strong><br \/>(+18 for winning)\n|raw|VGCLTH Cuwutie's rating: 1740 &rarr; <strong>1722<\/strong><br \/>(-18 for losing)\n|c|\u2606bgc0|Gg\n|l|\u2606VGCLTH Cuwutie\n|player|p2|\n|l|\u2606bgc0\n|player|p1|\n|l| randomuser0000\n|l| VGCLTH John Pork\n|j| 2thyfor\n|l| 2thyfor\n","uploadtime":1731529809,"views":26,"formatid":"gen9vgc2024regh","rating":1722,"private":0,"password":null}