{"id":"gen9vgc2024regh-2243071563","format":"[Gen 9] VGC 2024 Reg H","players":["VGCLTH Oinge","Zordor"],"log":"|j|\u2606VGCLTH Oinge\n|j|\u2606Zordor\n|t:|1731508879\n|gametype|doubles\n|player|p1|VGCLTH Oinge|mars|1728\n|player|p2|Zordor|pilot|1798\n|teamsize|p1|6\n|teamsize|p2|6\n|gen|9\n|tier|[Gen 9] VGC 2024 Reg H\n|rated|\n|rule|Species Clause: Limit one of each Pok\u00e9mon\n|rule|Item Clause: Limit 1 of each item\n|clearpoke\n|poke|p1|Kilowattrel, L50, M|\n|poke|p1|Dragonite, L50, F|\n|poke|p1|Garchomp, L50, F|\n|poke|p1|Ninetales-Alola, L50, M|\n|poke|p1|Amoonguss, L50, M|\n|poke|p1|Incineroar, L50, F|\n|poke|p2|Rotom-Wash, L50|\n|poke|p2|Sneasler, L50, F|\n|poke|p2|Kingambit, L50, F|\n|poke|p2|Armarouge, L50, M|\n|poke|p2|Dragapult, L50, F|\n|poke|p2|Venusaur, L50, F|\n|teampreview|4\n|j| femble1\n|j| stewpeed\n|inactive|Battle timer is ON: inactive players will automatically lose when time's up. (requested by VGCLTH Oinge)\n|\n|t:|1731508956\n|start\n|switch|p1a: Ninetales|Ninetales-Alola, L50, M|100\/100\n|switch|p1b: Incineroar|Incineroar, L50, F|100\/100\n|switch|p2a: Rotom|Rotom-Wash, L50|100\/100\n|switch|p2b: Armarouge|Armarouge, L50, M|100\/100\n|-weather|Snow|[from] ability: Snow Warning|[of] p1a: Ninetales\n|-ability|p1b: Incineroar|Intimidate|boost\n|-unboost|p2a: Rotom|atk|1\n|-unboost|p2b: Armarouge|atk|1\n|turn|1\n|\n|t:|1731508973\n|move|p1a: Ninetales|Freeze-Dry|p2a: Rotom\n|-supereffective|p2a: Rotom\n|-damage|p2a: Rotom|19\/100\n|-enditem|p2a: Rotom|Wiki Berry|[eat]\n|-heal|p2a: Rotom|52\/100|[from] item: Wiki Berry\n|move|p2a: Rotom|Electroweb|p1b: Incineroar|[spread] p1a,p1b\n|-damage|p1a: Ninetales|80\/100\n|-damage|p1b: Incineroar|87\/100\n|-unboost|p1a: Ninetales|spe|1\n|-unboost|p1b: Incineroar|spe|1\n|move|p2b: Armarouge|Meteor Beam||[still]\n|-prepare|p2b: Armarouge|Meteor Beam\n|-boost|p2b: Armarouge|spa|1\n|-enditem|p2b: Armarouge|Power Herb\n|-anim|p2b: Armarouge|Meteor Beam|p1b: Incineroar|[miss]\n|-miss|p2b: Armarouge|p1b: Incineroar\n|move|p1b: Incineroar|Knock Off|p2b: Armarouge\n|-supereffective|p2b: Armarouge\n|-damage|p2b: Armarouge|50\/100\n|\n|-weather|Snow|[upkeep]\n|upkeep\n|turn|2\n|inactive|VGCLTH Oinge has 30 seconds left.\n|\n|t:|1731509002\n|switch|p1a: Garchomp|Garchomp, L50, F|100\/100\n|move|p2a: Rotom|Hydro Pump|p1b: Incineroar\n|-supereffective|p1b: Incineroar\n|-damage|p1b: Incineroar|19\/100\n|move|p2b: Armarouge|Heat Wave|p1a: Garchomp|[spread] p1a,p1b\n|-resisted|p1a: Garchomp\n|-resisted|p1b: Incineroar\n|-damage|p1a: Garchomp|74\/100\n|-damage|p1b: Incineroar|0 fnt\n|faint|p1b: Incineroar\n|\n|-weather|Snow|[upkeep]\n|upkeep\n|\n|t:|1731509011\n|switch|p1b: Ninetales|Ninetales-Alola, L50, M|80\/100\n|turn|3\n|\n|t:|1731509030\n|move|p2a: Rotom|Protect|p2a: Rotom\n|-singleturn|p2a: Rotom|Protect\n|move|p1b: Ninetales|Freeze-Dry|p2a: Rotom\n|-activate|p2a: Rotom|move: Protect\n|move|p1a: Garchomp|Stomping Tantrum|p2b: Armarouge\n|-supereffective|p2b: Armarouge\n|-damage|p2b: Armarouge|0 fnt\n|faint|p2b: Armarouge\n|-damage|p1a: Garchomp|64\/100|[from] item: Life Orb\n|\n|-weather|Snow|[upkeep]\n|upkeep\n|inactive|Zordor has 30 seconds left.\n|\n|t:|1731509059\n|switch|p2b: Kingambit|Kingambit, L50, F, shiny|100\/100\n|turn|4\n|j| Trumpwonbro\n|\n|t:|1731509071\n|-terastallize|p2b: Kingambit|Flying\n|move|p1b: Ninetales|Freeze-Dry|p2a: Rotom\n|-supereffective|p2a: Rotom\n|-damage|p2a: Rotom|0 fnt\n|faint|p2a: Rotom\n|move|p1a: Garchomp|Stomping Tantrum|p2b: Kingambit\n|-immune|p2b: Kingambit\n|move|p2b: Kingambit|Iron Head|p1b: Ninetales\n|-supereffective|p1b: Ninetales\n|-damage|p1b: Ninetales|0 fnt\n|faint|p1b: Ninetales\n|\n|-weather|Snow|[upkeep]\n|upkeep\n|\n|t:|1731509077\n|switch|p1b: Dragonite|Dragonite, L50, F|100\/100\n|switch|p2a: Dragapult|Dragapult, L50, F|100\/100\n|turn|5\n|\n|t:|1731509102\n|-terastallize|p1b: Dragonite|Flying\n|move|p2b: Kingambit|Sucker Punch|p1a: Garchomp\n|-damage|p1a: Garchomp|29\/100\n|-damage|p2b: Kingambit|88\/100|[from] ability: Rough Skin|[of] p1a: Garchomp\n|move|p2a: Dragapult|Dragon Darts|p1a: Garchomp\n|-supereffective|p1a: Garchomp\n|-damage|p1a: Garchomp|0 fnt\n|-anim|p2a: Dragapult|Dragon Darts|p1b: Dragonite\n|-damage|p1b: Dragonite|77\/100\n|faint|p1a: Garchomp\n|move|p1b: Dragonite|Tera Blast|p2a: Dragapult|[anim] Tera Blast Flying\n|-damage|p2a: Dragapult|24\/100\n|\n|-weather|none\n|upkeep\n|turn|6\n|-message|VGCLTH Oinge forfeited.\n|\n|win|Zordor\n|raw|VGCLTH Oinge's rating: 1728 &rarr; <strong>1712<\/strong><br \/>(-16 for losing)\n|raw|Zordor's rating: 1798 &rarr; <strong>1814<\/strong><br \/>(+16 for winning)\n|l|\u2606VGCLTH Oinge\n|player|p1|\n|l| femble1\n|l| Trumpwonbro\n|l| stewpeed\n|l|\u2606Zordor\n|player|p2|\n","uploadtime":1731509368,"views":21,"formatid":"gen9vgc2024regh","rating":1712,"private":0,"password":null}