{"id":"gen9vgc2024regh-2243592955","format":"[Gen 9] VGC 2024 Reg H","players":["VGCLTH Sir Aaron","Pastels Badges"],"log":"|raw|<div class=\"broadcast-blue\"><strong>This battle is required to be public due to a player having a name starting with 'vgclth'.<\/div>\n|j|\u2606VGCLTH Sir Aaron\n|j|\u2606Pastels Badges\n|t:|1731571766\n|gametype|doubles\n|player|p1|VGCLTH Sir Aaron|red-masters3|1741\n|player|p2|Pastels Badges|rosa|1839\n|teamsize|p1|6\n|teamsize|p2|6\n|gen|9\n|tier|[Gen 9] VGC 2024 Reg H\n|rated|\n|rule|Species Clause: Limit one of each Pok\u00e9mon\n|rule|Item Clause: Limit 1 of each item\n|clearpoke\n|poke|p1|Sableye, L50, M|\n|poke|p1|Sylveon, L50, M|\n|poke|p1|Archaludon, L50, F|\n|poke|p1|Volcarona, L50, M|\n|poke|p1|Rillaboom, L50, F|\n|poke|p1|Tauros-Paldea-Aqua, L50, M|\n|poke|p2|Sneasler, L50, F|\n|poke|p2|Dragonite, L50, F|\n|poke|p2|Rillaboom, L50, M|\n|poke|p2|Volcarona, L50, M|\n|poke|p2|Dondozo, L50, F|\n|poke|p2|Kingambit, L50, F|\n|teampreview|4\n|j| moonrockdoobie\n|\n|t:|1731571810\n|start\n|switch|p1a: Snowblind|Sableye, L50, M|100\/100\n|switch|p1b: Shamonerona|Volcarona, L50, M, shiny|100\/100\n|switch|p2a: Sneasler|Sneasler, L50, F|100\/100\n|switch|p2b: Dragonite|Dragonite, L50, F|100\/100\n|turn|1\n|\n|t:|1731571826\n|move|p1a: Snowblind|Protect|p1a: Snowblind\n|-singleturn|p1a: Snowblind|Protect\n|move|p2a: Sneasler|Dire Claw|p1a: Snowblind\n|-activate|p1a: Snowblind|move: Protect\n|move|p1b: Shamonerona|Quiver Dance|p1b: Shamonerona\n|-boost|p1b: Shamonerona|spa|1\n|-boost|p1b: Shamonerona|spd|1\n|-boost|p1b: Shamonerona|spe|1\n|move|p2b: Dragonite|Scale Shot|p1a: Snowblind\n|-activate|p1a: Snowblind|move: Protect\n|\n|upkeep\n|turn|2\n|\n|t:|1731571845\n|move|p1a: Snowblind|Disable|p2b: Dragonite\n|-start|p2b: Dragonite|Disable|Scale Shot\n|move|p1b: Shamonerona|Quiver Dance|p1b: Shamonerona\n|-boost|p1b: Shamonerona|spa|1\n|-boost|p1b: Shamonerona|spd|1\n|-boost|p1b: Shamonerona|spe|1\n|move|p2a: Sneasler|Coaching|p2b: Dragonite\n|-boost|p2b: Dragonite|atk|1\n|-boost|p2b: Dragonite|def|1\n|cant|p2b: Dragonite|Disable|Scale Shot\n|\n|upkeep\n|turn|3\n|c| moonrockdoobie|lol\n|\n|t:|1731571863\n|move|p2b: Dragonite|Extreme Speed|p1b: Shamonerona\n|-damage|p1b: Shamonerona|44\/100\n|move|p1a: Snowblind|Encore|p2a: Sneasler\n|-start|p2a: Sneasler|Encore\n|move|p1b: Shamonerona|Heat Wave|p2b: Dragonite|[spread] p2a,p2b\n|-resisted|p2b: Dragonite\n|-damage|p2a: Sneasler|3\/100\n|-damage|p2b: Dragonite|82\/100\n|-status|p2b: Dragonite|brn\n|move|p2a: Sneasler|Coaching|p2b: Dragonite\n|-boost|p2b: Dragonite|atk|1\n|-boost|p2b: Dragonite|def|1\n|\n|-damage|p2b: Dragonite|76\/100 brn|[from] brn\n|upkeep\n|turn|4\n|j| Jasper2452\n|\n|t:|1731571934\n|switch|p2a: Dondozo|Dondozo, L50, F|100\/100\n|switch|p1a: Bullshifu|Tauros-Paldea-Aqua, L50, M, shiny|100\/100\n|-ability|p1a: Bullshifu|Intimidate|boost\n|-unboost|p2a: Dondozo|atk|1\n|-unboost|p2b: Dragonite|atk|1\n|move|p2b: Dragonite|Extreme Speed|p1b: Shamonerona\n|-damage|p1b: Shamonerona|18\/100\n|move|p1b: Shamonerona|Heat Wave|p2a: Dondozo|[spread] p2a,p2b\n|-resisted|p2a: Dondozo\n|-resisted|p2b: Dragonite\n|-damage|p2a: Dondozo|86\/100\n|-damage|p2b: Dragonite|39\/100 brn\n|\n|-heal|p2a: Dondozo|93\/100|[from] item: Leftovers\n|-damage|p2b: Dragonite|33\/100 brn|[from] brn\n|upkeep\n|turn|5\n|\n|t:|1731571958\n|switch|p1a: Koko The Gorythmic|Rillaboom, L50, F|100\/100\n|-fieldstart|move: Grassy Terrain|[from] ability: Grassy Surge|[of] p1a: Koko The Gorythmic\n|move|p1b: Shamonerona|Protect|p1b: Shamonerona\n|-singleturn|p1b: Shamonerona|Protect\n|move|p2b: Dragonite|Haze|p2b: Dragonite\n|-clearallboost\n|move|p2a: Dondozo|Yawn|p1a: Koko The Gorythmic\n|-start|p1a: Koko The Gorythmic|move: Yawn|[of] p2a: Dondozo\n|\n|-heal|p1b: Shamonerona|24\/100|[from] Grassy Terrain\n|-heal|p2a: Dondozo|99\/100|[from] Grassy Terrain\n|-heal|p2a: Dondozo|100\/100|[from] item: Leftovers\n|-damage|p2b: Dragonite|27\/100 brn|[from] brn\n|-end|p2b: Dragonite|Disable\n|upkeep\n|turn|6\n|\n|t:|1731571984\n|switch|p1a: Snowblind|Sableye, L50, M|100\/100\n|-terastallize|p1b: Shamonerona|Grass\n|move|p1b: Shamonerona|Giga Drain|p2a: Dondozo\n|-supereffective|p2a: Dondozo\n|-damage|p2a: Dondozo|28\/100\n|-heal|p1b: Shamonerona|72\/100|[from] drain|[of] p2a: Dondozo\n|move|p2b: Dragonite|Scale Shot|p1b: Shamonerona\n|-damage|p1b: Shamonerona|63\/100\n|-damage|p1b: Shamonerona|53\/100\n|-damage|p1b: Shamonerona|44\/100\n|-damage|p1b: Shamonerona|35\/100\n|-damage|p1b: Shamonerona|26\/100\n|-hitcount|p1b: Shamonerona|5\n|-unboost|p2b: Dragonite|def|1\n|-boost|p2b: Dragonite|spe|1\n|move|p2a: Dondozo|Yawn|p1a: Snowblind\n|-start|p1a: Snowblind|move: Yawn|[of] p2a: Dondozo\n|\n|-heal|p1b: Shamonerona|31\/100|[from] Grassy Terrain\n|-heal|p2a: Dondozo|34\/100|[from] Grassy Terrain\n|-heal|p2a: Dondozo|41\/100|[from] item: Leftovers\n|-damage|p2b: Dragonite|21\/100 brn|[from] brn\n|upkeep\n|turn|7\n|l| moonrockdoobie\n|\n|t:|1731572022\n|switch|p1a: Bullshifu|Tauros-Paldea-Aqua, L50, M, shiny|100\/100\n|-ability|p1a: Bullshifu|Intimidate|boost\n|-unboost|p2a: Dondozo|atk|1\n|-unboost|p2b: Dragonite|atk|1\n|move|p2b: Dragonite|Scale Shot|p1b: Shamonerona\n|-damage|p1b: Shamonerona|25\/100\n|-damage|p1b: Shamonerona|19\/100\n|-damage|p1b: Shamonerona|14\/100\n|-damage|p1b: Shamonerona|8\/100\n|-damage|p1b: Shamonerona|2\/100\n|-hitcount|p1b: Shamonerona|5\n|-unboost|p2b: Dragonite|def|1\n|-boost|p2b: Dragonite|spe|1\n|-enditem|p1a: Bullshifu|Mirror Herb\n|-boost|p1a: Bullshifu|spe|1|[from] item: Mirror Herb\n|move|p1b: Shamonerona|Heat Wave|p2b: Dragonite|[spread] p2a,p2b\n|-resisted|p2a: Dondozo\n|-resisted|p2b: Dragonite\n|-damage|p2a: Dondozo|27\/100\n|-damage|p2b: Dragonite|1\/100 brn\n|move|p2a: Dondozo|Yawn|p1a: Bullshifu\n|-start|p1a: Bullshifu|move: Yawn|[of] p2a: Dondozo\n|\n|-heal|p1b: Shamonerona|7\/100|[from] Grassy Terrain\n|-heal|p2a: Dondozo|34\/100|[from] Grassy Terrain\n|-heal|p2a: Dondozo|40\/100|[from] item: Leftovers\n|-damage|p2b: Dragonite|0 fnt|[from] brn\n|faint|p2b: Dragonite\n|upkeep\n|\n|t:|1731572046\n|switch|p2b: Sneasler|Sneasler, L50, F|3\/100\n|turn|8\n|\n|t:|1731572051\n|switch|p1b: Koko The Gorythmic|Rillaboom, L50, F|100\/100\n|move|p1a: Bullshifu|Aqua Jet|p2b: Sneasler\n|-damage|p2b: Sneasler|0 fnt\n|faint|p2b: Sneasler\n|move|p2a: Dondozo|Yawn||[still]\n|-fail|p2a: Dondozo\n|\n|-heal|p2a: Dondozo|46\/100|[from] Grassy Terrain\n|-heal|p2a: Dondozo|52\/100|[from] item: Leftovers\n|-end|p1a: Bullshifu|move: Yawn|[silent]\n|-status|p1a: Bullshifu|slp\n|upkeep\n|\n|t:|1731572056\n|switch|p2b: Volcarona|Volcarona, L50, M|100\/100\n|turn|9\n|\n|t:|1731572078\n|switch|p1a: Snowblind|Sableye, L50, M|100\/100\n|move|p2a: Dondozo|Protect|p2a: Dondozo\n|-singleturn|p2a: Dondozo|Protect\n|move|p1b: Koko The Gorythmic|Fake Out|p2a: Dondozo\n|-activate|p2a: Dondozo|move: Protect\n|move|p2b: Volcarona|Heat Wave|p1b: Koko The Gorythmic|[spread] p1a,p1b\n|-supereffective|p1b: Koko The Gorythmic\n|-damage|p1a: Snowblind|54\/100\n|-damage|p1b: Koko The Gorythmic|54\/100\n|\n|-heal|p1b: Koko The Gorythmic|60\/100|[from] Grassy Terrain\n|-heal|p1a: Snowblind|60\/100|[from] Grassy Terrain\n|-heal|p2a: Dondozo|58\/100|[from] Grassy Terrain\n|-heal|p2a: Dondozo|65\/100|[from] item: Leftovers\n|-fieldend|move: Grassy Terrain\n|upkeep\n|turn|10\n|\n|t:|1731572107\n|switch|p1b: Bullshifu|Tauros-Paldea-Aqua, L50, M, shiny|100\/100 slp\n|-ability|p1b: Bullshifu|Intimidate|boost\n|-unboost|p2a: Dondozo|atk|1\n|-unboost|p2b: Volcarona|atk|1\n|-terastallize|p2b: Volcarona|Fairy\n|move|p2a: Dondozo|Protect||[still]\n|-fail|p2a: Dondozo\n|move|p1a: Snowblind|Disable|p2b: Volcarona\n|-start|p2b: Volcarona|Disable|Heat Wave\n|move|p2b: Volcarona|Tera Blast|p1a: Snowblind|[anim] Tera Blast Fairy\n|-supereffective|p1a: Snowblind\n|-damage|p1a: Snowblind|0 fnt\n|faint|p1a: Snowblind\n|\n|-heal|p2a: Dondozo|71\/100|[from] item: Leftovers\n|upkeep\n|\n|t:|1731572144\n|switch|p1a: Koko The Gorythmic|Rillaboom, L50, F|60\/100\n|-fieldstart|move: Grassy Terrain|[from] ability: Grassy Surge|[of] p1a: Koko The Gorythmic\n|turn|11\n|\n|t:|1731572168\n|cant|p1b: Bullshifu|slp\n|move|p2b: Volcarona|Tera Blast|p1b: Bullshifu|[anim] Tera Blast Fairy\n|-supereffective|p1b: Bullshifu\n|-damage|p1b: Bullshifu|0 fnt\n|faint|p1b: Bullshifu\n|move|p1a: Koko The Gorythmic|Wood Hammer|p2b: Volcarona\n|-damage|p2b: Volcarona|18\/100\n|-status|p1a: Koko The Gorythmic|brn|[from] ability: Flame Body|[of] p2b: Volcarona\n|-enditem|p2b: Volcarona|Sitrus Berry|[eat]\n|-heal|p2b: Volcarona|43\/100|[from] item: Sitrus Berry\n|-damage|p1a: Koko The Gorythmic|34\/100 brn|[from] Recoil\n|move|p2a: Dondozo|Yawn||[still]\n|-fail|p2a: Dondozo\n|\n|-heal|p2b: Volcarona|49\/100|[from] Grassy Terrain\n|-heal|p1a: Koko The Gorythmic|40\/100 brn|[from] Grassy Terrain\n|-heal|p2a: Dondozo|77\/100|[from] Grassy Terrain\n|-heal|p2a: Dondozo|83\/100|[from] item: Leftovers\n|-damage|p1a: Koko The Gorythmic|34\/100 brn|[from] brn\n|upkeep\n|\n|t:|1731572183\n|switch|p1b: Shamonerona|Volcarona, L50, M, shiny, tera:Grass|7\/100\n|turn|12\n|\n|t:|1731572193\n|move|p2b: Volcarona|Protect|p2b: Volcarona\n|-singleturn|p2b: Volcarona|Protect\n|move|p1b: Shamonerona|Giga Drain|p2a: Dondozo\n|-supereffective|p2a: Dondozo\n|-damage|p2a: Dondozo|16\/100\n|-heal|p1b: Shamonerona|53\/100|[from] drain|[of] p2a: Dondozo\n|move|p1a: Koko The Gorythmic|Wood Hammer|p2b: Volcarona\n|-activate|p2b: Volcarona|move: Protect\n|move|p2a: Dondozo|Wave Crash|p1b: Shamonerona\n|-resisted|p1b: Shamonerona\n|-damage|p1b: Shamonerona|39\/100\n|-damage|p2a: Dondozo|12\/100|[from] Recoil\n|\n|-heal|p1b: Shamonerona|45\/100|[from] Grassy Terrain\n|-heal|p2b: Volcarona|55\/100|[from] Grassy Terrain\n|-heal|p1a: Koko The Gorythmic|40\/100 brn|[from] Grassy Terrain\n|-heal|p2a: Dondozo|18\/100|[from] Grassy Terrain\n|-heal|p2a: Dondozo|25\/100|[from] item: Leftovers\n|-damage|p1a: Koko The Gorythmic|34\/100 brn|[from] brn\n|upkeep\n|turn|13\n|\n|t:|1731572212\n|move|p1b: Shamonerona|Giga Drain|p2a: Dondozo\n|-supereffective|p2a: Dondozo\n|-damage|p2a: Dondozo|0 fnt\n|-heal|p1b: Shamonerona|61\/100|[from] drain|[of] p2a: Dondozo\n|faint|p2a: Dondozo\n|move|p2b: Volcarona|Quiver Dance|p2b: Volcarona\n|-boost|p2b: Volcarona|spa|1\n|-boost|p2b: Volcarona|spd|1\n|-boost|p2b: Volcarona|spe|1\n|move|p1a: Koko The Gorythmic|Wood Hammer|p2b: Volcarona\n|-damage|p2b: Volcarona|10\/100\n|-damage|p1a: Koko The Gorythmic|20\/100 brn|[from] Recoil\n|\n|-heal|p2b: Volcarona|17\/100|[from] Grassy Terrain\n|-heal|p1b: Shamonerona|67\/100|[from] Grassy Terrain\n|-heal|p1a: Koko The Gorythmic|26\/100 brn|[from] Grassy Terrain\n|-damage|p1a: Koko The Gorythmic|20\/100 brn|[from] brn\n|-end|p2b: Volcarona|Disable\n|upkeep\n|turn|14\n|\n|t:|1731572230\n|move|p1a: Koko The Gorythmic|Grassy Glide|p2b: Volcarona\n|-damage|p2b: Volcarona|0 fnt\n|faint|p2b: Volcarona\n|\n|win|VGCLTH Sir Aaron\n|raw|VGCLTH Sir Aaron's rating: 1741 &rarr; <strong>1766<\/strong><br \/>(+25 for winning)\n|raw|Pastels Badges's rating: 1839 &rarr; <strong>1814<\/strong><br \/>(-25 for losing)\n|l| Jasper2452\n|l|\u2606Pastels Badges\n|player|p2|\n","uploadtime":1731572319,"views":36,"formatid":"gen9vgc2024regh","rating":1766,"private":0,"password":null}