{"id":"gen9vgc2024regh-2243004512","format":"[Gen 9] VGC 2024 Reg H","players":["VGCLTH Thacrow","Gh0stlyPlanet"],"log":"|raw|<div class=\"broadcast-blue\"><strong>This battle is required to be public due to a player having a name starting with 'vgclth'.<\/div>\n|j|\u2606VGCLTH Thacrow\n|j|\u2606Gh0stlyPlanet\n|t:|1731500816\n|gametype|doubles\n|player|p1|VGCLTH Thacrow|wallace-masters|1830\n|player|p2|Gh0stlyPlanet|101|1768\n|teamsize|p1|6\n|teamsize|p2|5\n|gen|9\n|tier|[Gen 9] VGC 2024 Reg H\n|rated|\n|rule|Species Clause: Limit one of each Pok\u00e9mon\n|rule|Item Clause: Limit 1 of each item\n|clearpoke\n|poke|p1|Ceruledge, L50, F|\n|poke|p1|Gastrodon-East, L50, M|\n|poke|p1|Sneasler, L50, F|\n|poke|p1|Dragonite, L50, F|\n|poke|p1|Rillaboom, L50, M|\n|poke|p1|Kingambit, L50, M|\n|poke|p2|Dragonite, L50, F|\n|poke|p2|Ursaluna, L50, M|\n|poke|p2|Incineroar, L50, M|\n|poke|p2|Gholdengo, L50|\n|poke|p2|Ninetales-Alola, L50, F|\n|teampreview|4\n|inactive|Battle timer is ON: inactive players will automatically lose when time's up. (requested by Gh0stlyPlanet)\nVGCLTH Thacrow has agreed to open team sheets.\n|j| vgclth souly\n|inactive|Gh0stlyPlanet has 60 seconds left.\n|\n|t:|1731500863\n|start\n|switch|p1a: Kidturtle|Sneasler, L50, F, shiny|100\/100\n|switch|p1b: Godlyreal|Kingambit, L50, M|100\/100\n|switch|p2a: Ninetales|Ninetales-Alola, L50, F|100\/100\n|switch|p2b: Ursaluna|Ursaluna, L50, M|100\/100\n|-weather|Snow|[from] ability: Snow Warning|[of] p2a: Ninetales\n|turn|1\n|j| VGCLTH GoofyGoober\n|\n|t:|1731500881\n|-terastallize|p2b: Ursaluna|Water\n|move|p1a: Kidturtle|Coaching|p1b: Godlyreal\n|-boost|p1b: Godlyreal|atk|1\n|-boost|p1b: Godlyreal|def|1\n|move|p2a: Ninetales|Aurora Veil|p2a: Ninetales\n|-sidestart|p2: Gh0stlyPlanet|move: Aurora Veil\n|move|p2b: Ursaluna|Earthquake|p1b: Godlyreal|[spread] p2a,p1a,p1b\n|-supereffective|p1a: Kidturtle\n|-supereffective|p1b: Godlyreal\n|-damage|p2a: Ninetales|70\/100\n|-enditem|p1a: Kidturtle|Focus Sash\n|-damage|p1a: Kidturtle|1\/100\n|-damage|p1b: Godlyreal|58\/100\n|move|p1b: Godlyreal|Iron Head|p2a: Ninetales\n|-supereffective|p2a: Ninetales\n|-damage|p2a: Ninetales|0 fnt\n|faint|p2a: Ninetales\n|\n|-weather|Snow|[upkeep]\n|-status|p2b: Ursaluna|brn|[from] item: Flame Orb\n|upkeep\n|\n|t:|1731500892\n|switch|p2a: Dragonite|Dragonite, L50, F|100\/100\n|turn|2\n|\n|t:|1731500912\n|switch|p1a: AdlrichYan|Rillaboom, L50, M|100\/100\n|-fieldstart|move: Grassy Terrain|[from] ability: Grassy Surge|[of] p1a: AdlrichYan\n|move|p2a: Dragonite|Extreme Speed|p1a: AdlrichYan\n|-damage|p1a: AdlrichYan|69\/100\n|move|p2b: Ursaluna|Facade|p1b: Godlyreal\n|-resisted|p1b: Godlyreal\n|-damage|p1b: Godlyreal|25\/100\n|move|p1b: Godlyreal|Kowtow Cleave|p2a: Dragonite\n|-damage|p2a: Dragonite|73\/100\n|\n|-weather|Snow|[upkeep]\n|-heal|p1a: AdlrichYan|75\/100|[from] Grassy Terrain\n|-heal|p1b: Godlyreal|31\/100|[from] Grassy Terrain\n|-damage|p2b: Ursaluna|95\/100 brn|[from] brn\n|upkeep\n|turn|3\n|inactive|Gh0stlyPlanet has 30 seconds left.\n|\n|t:|1731500942\n|move|p1a: AdlrichYan|Fake Out|p2a: Dragonite\n|-damage|p2a: Dragonite|63\/100\n|move|p1b: Godlyreal|Sucker Punch||[still]\n|-fail|p1b: Godlyreal\n|cant|p2a: Dragonite|flinch\n|move|p2b: Ursaluna|Facade|p1a: AdlrichYan\n|-damage|p1a: AdlrichYan|0 fnt\n|faint|p1a: AdlrichYan\n|\n|-weather|Snow|[upkeep]\n|-heal|p2b: Ursaluna|100\/100 brn|[from] Grassy Terrain\n|-heal|p1b: Godlyreal|37\/100|[from] Grassy Terrain\n|-damage|p2b: Ursaluna|95\/100 brn|[from] brn\n|upkeep\n|\n|t:|1731500950\n|switch|p1a: Kidturtle|Sneasler, L50, F, shiny|1\/100\n|turn|4\n|\n|t:|1731500968\n|-terastallize|p1a: Kidturtle|Ghost\n|move|p1a: Kidturtle|Close Combat|p2b: Ursaluna\n|-damage|p2b: Ursaluna|58\/100 brn\n|-unboost|p1a: Kidturtle|def|1\n|-unboost|p1a: Kidturtle|spd|1\n|move|p2a: Dragonite|Tailwind|p2a: Dragonite\n|-sidestart|p2: Gh0stlyPlanet|move: Tailwind\n|move|p2b: Ursaluna|Earthquake|p1b: Godlyreal|[spread] p1a,p1b\n|-immune|p2a: Dragonite\n|-supereffective|p1b: Godlyreal\n|-damage|p1a: Kidturtle|0 fnt\n|-damage|p1b: Godlyreal|3\/100\n|faint|p1a: Kidturtle\n|move|p1b: Godlyreal|Kowtow Cleave|p2a: Dragonite\n|-damage|p2a: Dragonite|10\/100\n|\n|-weather|Snow|[upkeep]\n|-heal|p2b: Ursaluna|64\/100 brn|[from] Grassy Terrain\n|-heal|p1b: Godlyreal|9\/100|[from] Grassy Terrain\n|-damage|p2b: Ursaluna|58\/100 brn|[from] brn\n|upkeep\n|\n|t:|1731500979\n|switch|p1a: Christian|Ceruledge, L50, F|100\/100\n|turn|5\n|\n|t:|1731500991\n|move|p1a: Christian|Shadow Sneak|p2b: Ursaluna\n|-damage|p2b: Ursaluna|47\/100 brn\n|move|p1b: Godlyreal|Sucker Punch|p2b: Ursaluna\n|-damage|p2b: Ursaluna|12\/100 brn\n|move|p2a: Dragonite|Scale Shot|p1b: Godlyreal\n|-resisted|p1b: Godlyreal\n|-damage|p1b: Godlyreal|6\/100\n|-resisted|p1b: Godlyreal\n|-damage|p1b: Godlyreal|2\/100\n|-resisted|p1b: Godlyreal\n|-damage|p1b: Godlyreal|0 fnt\n|faint|p1b: Godlyreal\n|-hitcount|p1: Godlyreal|3\n|-unboost|p2a: Dragonite|def|1\n|-boost|p2a: Dragonite|spe|1\n|move|p2b: Ursaluna|Earthquake|p1a: Christian|[spread] p1a\n|-immune|p2a: Dragonite\n|-supereffective|p1a: Christian\n|-damage|p1a: Christian|23\/100\n|\n|-weather|none\n|-heal|p2b: Ursaluna|18\/100 brn|[from] Grassy Terrain\n|-heal|p1a: Christian|29\/100|[from] Grassy Terrain\n|-heal|p1a: Christian|35\/100|[from] item: Leftovers\n|-damage|p2b: Ursaluna|12\/100 brn|[from] brn\n|-sideend|p2: Gh0stlyPlanet|move: Aurora Veil\n|upkeep\n|turn|6\n|-message|VGCLTH Thacrow forfeited.\n|\n|win|Gh0stlyPlanet\n|raw|VGCLTH Thacrow's rating: 1830 &rarr; <strong>1806<\/strong><br \/>(-24 for losing)\n|raw|Gh0stlyPlanet's rating: 1768 &rarr; <strong>1792<\/strong><br \/>(+24 for winning)\n|l|\u2606VGCLTH Thacrow\n|player|p1|\n|l|\u2606Gh0stlyPlanet\n|player|p2|\n|l| vgclth souly\n|j|\u2606Gh0stlyPlanet\n|player|p2|Gh0stlyPlanet|101|\n|l|\u2606Gh0stlyPlanet\n|player|p2|\n","uploadtime":1731500995,"views":35,"formatid":"gen9vgc2024regh","rating":1792,"private":0,"password":null}