{"id":"gen9vgc2024regh-2243785300","format":"[Gen 9] VGC 2024 Reg H","players":["VGCLTH Rishi","Pastels Badges"],"log":"|raw|<div class=\"broadcast-blue\"><strong>This battle is required to be public due to a player having a name starting with 'vgclth'.<\/div>\n|j|\u2606VGCLTH Rishi\n|j|\u203dPastels Badges\n|t:|1731598928\n|gametype|doubles\n|player|p1|VGCLTH Rishi|shauntal|1846\n|player|p2|Pastels Badges|rosa|1811\n|teamsize|p1|6\n|teamsize|p2|6\n|gen|9\n|tier|[Gen 9] VGC 2024 Reg H\n|rated|\n|rule|Species Clause: Limit one of each Pok\u00e9mon\n|rule|Item Clause: Limit 1 of each item\n|clearpoke\n|poke|p1|Kommo-o, L50, M|\n|poke|p1|Rillaboom, L50, M|\n|poke|p1|Tyranitar, L50, F|\n|poke|p1|Talonflame, L50, M|\n|poke|p1|Gholdengo, L50|\n|poke|p1|Milotic, L50, F|\n|poke|p2|Sneasler, L50, M|\n|poke|p2|Dragonite, L50, F|\n|poke|p2|Rillaboom, L50, M|\n|poke|p2|Volcarona, L50, F|\n|poke|p2|Dondozo, L50, M|\n|poke|p2|Kingambit, L50, M|\n|teampreview|4\n|\n|t:|1731598953\n|start\n|switch|p1a: Tyranitar|Tyranitar, L50, F|100\/100\n|switch|p1b: Talonflame|Talonflame, L50, M|100\/100\n|switch|p2a: Sneasler|Sneasler, L50, M|100\/100\n|switch|p2b: Dondozo|Dondozo, L50, M|100\/100\n|-weather|Sandstorm|[from] ability: Sand Stream|[of] p1a: Tyranitar\n|turn|1\n|\n|t:|1731599007\n|switch|p1b: Milotic|Milotic, L50, F|100\/100\n|-terastallize|p1a: Tyranitar|Flying\n|move|p2a: Sneasler|Close Combat|p1a: Tyranitar\n|-resisted|p1a: Tyranitar\n|-damage|p1a: Tyranitar|76\/100\n|-unboost|p2a: Sneasler|def|1\n|-unboost|p2a: Sneasler|spd|1\n|move|p1a: Tyranitar|Tera Blast|p2a: Sneasler|[anim] Tera Blast Flying\n|-supereffective|p2a: Sneasler\n|-enditem|p2a: Sneasler|Focus Sash\n|-damage|p2a: Sneasler|1\/100\n|move|p2b: Dondozo|Wave Crash|p1b: Milotic\n|-resisted|p1b: Milotic\n|-damage|p1b: Milotic|78\/100\n|-damage|p2b: Dondozo|95\/100|[from] Recoil\n|\n|-weather|Sandstorm|[upkeep]\n|-damage|p2a: Sneasler|0 fnt|[from] Sandstorm\n|-damage|p1b: Milotic|72\/100|[from] Sandstorm\n|-damage|p1a: Tyranitar|70\/100|[from] Sandstorm\n|-damage|p2b: Dondozo|89\/100|[from] Sandstorm\n|faint|p2a: Sneasler\n|-heal|p2b: Dondozo|95\/100|[from] item: Leftovers\n|upkeep\n|\n|t:|1731599029\n|switch|p2a: Rillaboom|Rillaboom, L50, M|100\/100\n|-fieldstart|move: Grassy Terrain|[from] ability: Grassy Surge|[of] p2a: Rillaboom\n|turn|2\n|\n|t:|1731599047\n|switch|p1b: Kommo-o|Kommo-o, L50, M|100\/100\n|move|p2a: Rillaboom|Fake Out|p1a: Tyranitar\n|-damage|p1a: Tyranitar|58\/100\n|cant|p1a: Tyranitar|flinch\n|move|p2b: Dondozo|Yawn|p1a: Tyranitar\n|-start|p1a: Tyranitar|move: Yawn|[of] p2b: Dondozo\n|\n|-weather|Sandstorm|[upkeep]\n|-damage|p2a: Rillaboom|94\/100|[from] Sandstorm\n|-damage|p1a: Tyranitar|52\/100|[from] Sandstorm\n|-damage|p2b: Dondozo|89\/100|[from] Sandstorm\n|-heal|p2a: Rillaboom|100\/100|[from] Grassy Terrain\n|-heal|p2b: Dondozo|95\/100|[from] Grassy Terrain\n|-heal|p2b: Dondozo|100\/100|[from] item: Leftovers\n|upkeep\n|turn|3\n|j| stewpeed\n|j| VGCLTH 2thyfor\n|j| Smurshifu\n|\n|t:|1731599072\n|move|p2a: Rillaboom|Wood Hammer|p1a: Tyranitar\n|-resisted|p1a: Tyranitar\n|-damage|p1a: Tyranitar|16\/100\n|-damage|p2a: Rillaboom|88\/100|[from] Recoil\n|move|p1b: Kommo-o|Body Press|p2a: Rillaboom\n|-damage|p2a: Rillaboom|42\/100\n|move|p1a: Tyranitar|Tera Blast|p2a: Rillaboom|[anim] Tera Blast Flying\n|-supereffective|p2a: Rillaboom\n|-damage|p2a: Rillaboom|0 fnt\n|faint|p2a: Rillaboom\n|move|p2b: Dondozo|Yawn|p1b: Kommo-o\n|-start|p1b: Kommo-o|move: Yawn|[of] p2b: Dondozo\n|\n|-weather|Sandstorm|[upkeep]\n|-damage|p1a: Tyranitar|10\/100|[from] Sandstorm\n|-damage|p2b: Dondozo|94\/100|[from] Sandstorm\n|-heal|p2b: Dondozo|100\/100|[from] Grassy Terrain\n|-end|p1a: Tyranitar|move: Yawn|[silent]\n|-status|p1a: Tyranitar|slp\n|upkeep\n|\n|t:|1731599080\n|switch|p2a: Volcarona|Volcarona, L50, F|100\/100\n|turn|4\n|\n|t:|1731599090\n|switch|p1b: Milotic|Milotic, L50, F|72\/100\n|move|p2a: Volcarona|Quiver Dance|p2a: Volcarona\n|-boost|p2a: Volcarona|spa|1\n|-boost|p2a: Volcarona|spd|1\n|-boost|p2a: Volcarona|spe|1\n|cant|p1a: Tyranitar|slp\n|move|p2b: Dondozo|Yawn|p1b: Milotic\n|-start|p1b: Milotic|move: Yawn|[of] p2b: Dondozo\n|\n|-weather|Sandstorm|[upkeep]\n|-damage|p2a: Volcarona|94\/100|[from] Sandstorm\n|-damage|p1b: Milotic|66\/100|[from] Sandstorm\n|-damage|p1a: Tyranitar|4\/100 slp|[from] Sandstorm\n|-damage|p2b: Dondozo|94\/100|[from] Sandstorm\n|-heal|p2a: Volcarona|100\/100|[from] Grassy Terrain\n|-heal|p1b: Milotic|72\/100|[from] Grassy Terrain\n|-heal|p2b: Dondozo|100\/100|[from] Grassy Terrain\n|upkeep\n|turn|5\n|\n|t:|1731599117\n|switch|p1b: Kommo-o|Kommo-o, L50, M|100\/100\n|move|p2a: Volcarona|Heat Wave|p1b: Kommo-o|[spread] p1a,p1b\n|-resisted|p1b: Kommo-o\n|-damage|p1a: Tyranitar|0 fnt\n|-damage|p1b: Kommo-o|79\/100\n|-status|p1b: Kommo-o|brn\n|faint|p1a: Tyranitar\n|move|p2b: Dondozo|Wave Crash|p1b: Kommo-o\n|-resisted|p1b: Kommo-o\n|-damage|p1b: Kommo-o|65\/100 brn\n|-damage|p2b: Dondozo|97\/100|[from] Recoil\n|\n|-weather|none\n|-heal|p1b: Kommo-o|72\/100 brn|[from] Grassy Terrain\n|-heal|p1b: Kommo-o|78\/100 brn|[from] item: Leftovers\n|-heal|p2b: Dondozo|100\/100|[from] Grassy Terrain\n|-damage|p1b: Kommo-o|72\/100 brn|[from] brn\n|upkeep\n|\n|t:|1731599127\n|switch|p1a: Talonflame|Talonflame, L50, M|100\/100\n|turn|6\n|\n|t:|1731599148\n|switch|p1b: Milotic|Milotic, L50, F|72\/100\n|-terastallize|p2a: Volcarona|Fairy\n|move|p1a: Talonflame|Brave Bird|p2a: Volcarona\n|-damage|p2a: Volcarona|52\/100\n|-damage|p1a: Talonflame|80\/100|[from] Recoil\n|move|p2a: Volcarona|Tera Blast|p1b: Milotic|[anim] Tera Blast Fairy\n|-damage|p1b: Milotic|31\/100\n|-enditem|p1b: Milotic|Sitrus Berry|[eat]\n|-heal|p1b: Milotic|56\/100|[from] item: Sitrus Berry\n|move|p2b: Dondozo|Wave Crash|p1a: Talonflame\n|-supereffective|p1a: Talonflame\n|-damage|p1a: Talonflame|0 fnt\n|faint|p1a: Talonflame\n|-damage|p2b: Dondozo|85\/100|[from] Recoil\n|\n|-heal|p2a: Volcarona|58\/100|[from] Grassy Terrain\n|-heal|p1b: Milotic|62\/100|[from] Grassy Terrain\n|-heal|p2b: Dondozo|91\/100|[from] Grassy Terrain\n|-heal|p2b: Dondozo|97\/100|[from] item: Leftovers\n|-fieldend|move: Grassy Terrain\n|upkeep\n|\n|t:|1731599150\n|switch|p1a: Kommo-o|Kommo-o, L50, M|72\/100 brn\n|turn|7\n|-message|VGCLTH Rishi forfeited.\n|\n|win|Pastels Badges\n|raw|VGCLTH Rishi's rating: 1846 &rarr; <strong>1824<\/strong><br \/>(-22 for losing)\n|raw|Pastels Badges's rating: 1811 &rarr; <strong>1833<\/strong><br \/>(+22 for winning)\n|l|\u2606VGCLTH Rishi\n|player|p1|\n|l|\u203dPastels Badges\n|player|p2|\n|l| stewpeed\n|l| VGCLTH 2thyfor\n|l| Smurshifu\n|j| Smurshifu\n|l| Smurshifu\n","uploadtime":1731599431,"views":47,"formatid":"gen9vgc2024regh","rating":1824,"private":0,"password":null}