{"id":"gen9vgc2024regh-2243158875","format":"[Gen 9] VGC 2024 Reg H","players":["VGCLTH <1000ELO","HMUftao"],"log":"|raw|<div class=\"broadcast-blue\"><strong>This battle is required to be public due to a player having a name starting with 'vgclth'.<\/div>\n|j|\u2606VGCLTH <1000ELO\n|j|\u2606HMUftao\n|t:|1731517495\n|gametype|doubles\n|player|p1|VGCLTH <1000ELO|1|1777\n|player|p2|HMUftao|265|1728\n|teamsize|p1|6\n|teamsize|p2|6\n|gen|9\n|tier|[Gen 9] VGC 2024 Reg H\n|rated|\n|rule|Species Clause: Limit one of each Pok\u00e9mon\n|rule|Item Clause: Limit 1 of each item\n|clearpoke\n|poke|p1|Dondozo, L50, M|\n|poke|p1|Tatsugiri, L50, M|\n|poke|p1|Dragonite, L50, M|\n|poke|p1|Gholdengo, L50|\n|poke|p1|Glimmora, L50, F|\n|poke|p1|Talonflame, L50, M|\n|poke|p2|Archaludon, L50, M|\n|poke|p2|Garchomp, L50, M|\n|poke|p2|Pelipper, L50, F|\n|poke|p2|Rillaboom, L50, F|\n|poke|p2|Gholdengo, L50|\n|poke|p2|Incineroar, L50, M|\n|teampreview|4\n|inactive|Battle timer is ON: inactive players will automatically lose when time's up. (requested by HMUftao)\n|inactive|VGCLTH <1000ELO also wants the timer to be on.\n|\n|t:|1731517516\n|start\n|switch|p1a: Dragonite|Dragonite, L50, M|100\/100\n|switch|p1b: Glimmora|Glimmora, L50, F|100\/100\n|switch|p2a: Incineroar|Incineroar, L50, M|100\/100\n|switch|p2b: Gholdengo|Gholdengo, L50|100\/100\n|-ability|p2a: Incineroar|Intimidate|boost\n|-unboost|p1a: Dragonite|atk|1\n|-unboost|p1b: Glimmora|atk|1\n|turn|1\n|\n|t:|1731517527\n|switch|p1a: Dondozo|Dondozo, L50, M|100\/100\n|-terastallize|p1b: Glimmora|Grass\n|move|p2a: Incineroar|Fake Out|p1a: Dondozo\n|-crit|p1a: Dondozo\n|-damage|p1a: Dondozo|88\/100\n|move|p2b: Gholdengo|Make It Rain|p1a: Dondozo|[spread] p1a,p1b\n|-resisted|p1a: Dondozo\n|-damage|p1a: Dondozo|56\/100\n|-damage|p1b: Glimmora|62\/100\n|-unboost|p2b: Gholdengo|spa|1\n|move|p1b: Glimmora|Power Gem|p2a: Incineroar\n|-supereffective|p2a: Incineroar\n|-crit|p2a: Incineroar\n|-damage|p2a: Incineroar|16\/100\n|-enditem|p2a: Incineroar|Sitrus Berry|[eat]\n|-heal|p2a: Incineroar|41\/100|[from] item: Sitrus Berry\n|\n|-heal|p1a: Dondozo|62\/100|[from] item: Leftovers\n|upkeep\n|turn|2\n|inactive|VGCLTH <1000ELO has 30 seconds left.\n|\n|t:|1731517552\n|switch|p2a: Rillaboom|Rillaboom, L50, F|100\/100\n|-fieldstart|move: Grassy Terrain|[from] ability: Grassy Surge|[of] p2a: Rillaboom\n|move|p2b: Gholdengo|Nasty Plot|p2b: Gholdengo\n|-boost|p2b: Gholdengo|spa|2\n|move|p1b: Glimmora|Sludge Bomb|p2b: Gholdengo\n|-immune|p2b: Gholdengo\n|move|p1a: Dondozo|Wave Crash|p2a: Rillaboom\n|-resisted|p2a: Rillaboom\n|-damage|p2a: Rillaboom|73\/100\n|-damage|p1a: Dondozo|54\/100|[from] Recoil\n|\n|-heal|p2a: Rillaboom|79\/100|[from] Grassy Terrain\n|-heal|p1b: Glimmora|68\/100|[from] Grassy Terrain\n|-heal|p1a: Dondozo|60\/100|[from] Grassy Terrain\n|-heal|p1a: Dondozo|66\/100|[from] item: Leftovers\n|upkeep\n|turn|3\n|inactive|VGCLTH <1000ELO has 30 seconds left.\n|inactive|VGCLTH <1000ELO has 20 seconds left.\n|\n|t:|1731517588\n|switch|p2a: Incineroar|Incineroar, L50, M|41\/100\n|-ability|p2a: Incineroar|Intimidate|boost\n|-unboost|p1a: Dondozo|atk|1\n|-unboost|p1b: Glimmora|atk|1\n|switch|p1b: Tatsugiri|Tatsugiri, L50, M|100\/100\n|-activate|p1b: Tatsugiri|ability: Commander|[of] p1a: Dondozo\n|-boost|p1a: Dondozo|atk|2\n|-boost|p1a: Dondozo|spa|2\n|-boost|p1a: Dondozo|spe|2\n|-boost|p1a: Dondozo|def|2\n|-boost|p1a: Dondozo|spd|2\n|move|p1a: Dondozo|Wave Crash|p2b: Gholdengo\n|-damage|p2b: Gholdengo|23\/100\n|-damage|p1a: Dondozo|44\/100|[from] Recoil\n|move|p2b: Gholdengo|Make It Rain|p1b: Tatsugiri|[spread] p1a\n|-miss|p2b: Gholdengo|p1b: Tatsugiri\n|-resisted|p1a: Dondozo\n|-damage|p1a: Dondozo|30\/100\n|-unboost|p2b: Gholdengo|spa|1\n|\n|-heal|p1a: Dondozo|36\/100|[from] Grassy Terrain\n|-heal|p1a: Dondozo|42\/100|[from] item: Leftovers\n|-heal|p2b: Gholdengo|30\/100|[from] Grassy Terrain\n|-heal|p2a: Incineroar|47\/100|[from] Grassy Terrain\n|upkeep\n|turn|4\n|inactive|HMUftao has 30 seconds left.\n|\n|t:|1731517614\n|switch|p2b: Rillaboom|Rillaboom, L50, F|79\/100\n|move|p2a: Incineroar|Fake Out|p1a: Dondozo\n|-damage|p1a: Dondozo|38\/100\n|cant|p1a: Dondozo|flinch\n|\n|-heal|p1a: Dondozo|44\/100|[from] Grassy Terrain\n|-heal|p1a: Dondozo|51\/100|[from] item: Leftovers\n|-heal|p2b: Rillaboom|85\/100|[from] Grassy Terrain\n|-heal|p2a: Incineroar|53\/100|[from] Grassy Terrain\n|upkeep\n|turn|5\n|\n|t:|1731517632\n|switch|p2b: Archaludon|Archaludon, L50, M|100\/100\n|move|p1a: Dondozo|Protect|p1a: Dondozo\n|-singleturn|p1a: Dondozo|Protect\n|move|p2a: Incineroar|Parting Shot|p2b: Archaludon\n|-unboost|p2b: Archaludon|atk|1\n|-unboost|p2b: Archaludon|spa|1\n|\n|t:|1731517639\n|switch|p2a: Rillaboom|Rillaboom, L50, F|85\/100|[from] Parting Shot\n|\n|-heal|p1a: Dondozo|57\/100|[from] Grassy Terrain\n|-heal|p1a: Dondozo|63\/100|[from] item: Leftovers\n|-heal|p2a: Rillaboom|90\/100|[from] Grassy Terrain\n|upkeep\n|turn|6\n|\n|t:|1731517655\n|-terastallize|p2b: Archaludon|Electric\n|move|p1a: Dondozo|Protect|p1a: Dondozo\n|-singleturn|p1a: Dondozo|Protect\n|move|p2a: Rillaboom|Fake Out|p1a: Dondozo\n|-activate|p1a: Dondozo|move: Protect\n|move|p2b: Archaludon|Electro Shot||[still]\n|-prepare|p2b: Archaludon|Electro Shot\n|-boost|p2b: Archaludon|spa|1\n|-enditem|p2b: Archaludon|Power Herb\n|-anim|p2b: Archaludon|Electro Shot|p1a: Dondozo\n|-activate|p1a: Dondozo|move: Protect\n|\n|-heal|p1a: Dondozo|69\/100|[from] Grassy Terrain\n|-heal|p1a: Dondozo|76\/100|[from] item: Leftovers\n|-heal|p2a: Rillaboom|96\/100|[from] Grassy Terrain\n|-fieldend|move: Grassy Terrain\n|upkeep\n|turn|7\n|\n|t:|1731517672\n|move|p2b: Archaludon|Protect|p2b: Archaludon\n|-singleturn|p2b: Archaludon|Protect\n|move|p1a: Dondozo|Earthquake|p2a: Rillaboom|[spread] p2a\n|-miss|p1a: Dondozo|p1b: Tatsugiri\n|-activate|p2b: Archaludon|move: Protect\n|-resisted|p2a: Rillaboom\n|-damage|p2a: Rillaboom|78\/100\n|move|p2a: Rillaboom|Wood Hammer|p1a: Dondozo\n|-supereffective|p1a: Dondozo\n|-damage|p1a: Dondozo|30\/100\n|-damage|p2a: Rillaboom|61\/100|[from] Recoil\n|\n|-heal|p1a: Dondozo|36\/100|[from] item: Leftovers\n|upkeep\n|turn|8\n|\n|t:|1731517689\n|switch|p2a: Incineroar|Incineroar, L50, M|53\/100\n|-ability|p2a: Incineroar|Intimidate|boost\n|-unboost|p1a: Dondozo|atk|1\n|-unboost|p1b: Tatsugiri|atk|1\n|move|p1a: Dondozo|Earthquake|p2a: Incineroar|[spread] p2a,p2b\n|-miss|p1a: Dondozo|p1b: Tatsugiri\n|-supereffective|p2a: Incineroar\n|-supereffective|p2b: Archaludon\n|-damage|p2a: Incineroar|10\/100\n|-damage|p2b: Archaludon|60\/100\n|move|p2b: Archaludon|Draco Meteor|p1a: Dondozo\n|-damage|p1a: Dondozo|3\/100\n|-unboost|p2b: Archaludon|spa|2\n|\n|-heal|p1a: Dondozo|9\/100|[from] item: Leftovers\n|upkeep\n|turn|9\n|\n|t:|1731517711\n|switch|p2b: Rillaboom|Rillaboom, L50, F|61\/100\n|-fieldstart|move: Grassy Terrain|[from] ability: Grassy Surge|[of] p2b: Rillaboom\n|move|p2a: Incineroar|Fake Out|p1a: Dondozo\n|-crit|p1a: Dondozo\n|-damage|p1a: Dondozo|0 fnt\n|faint|p1a: Dondozo\n|\n|-heal|p2b: Rillaboom|67\/100|[from] Grassy Terrain\n|-heal|p2a: Incineroar|16\/100|[from] Grassy Terrain\n|upkeep\n|\n|t:|1731517722\n|switch|p1a: Glimmora|Glimmora, L50, F, tera:Grass|68\/100\n|turn|10\n|inactive|HMUftao has 30 seconds left.\n|inactive|VGCLTH <1000ELO has 30 seconds left.\n|inactive|HMUftao has 20 seconds left.\n|inactive|VGCLTH <1000ELO has 20 seconds left.\n|\n|t:|1731517763\n|move|p2b: Rillaboom|Grassy Glide|p1b: Tatsugiri\n|-damage|p1b: Tatsugiri|27\/100\n|move|p1b: Tatsugiri|Muddy Water|p2b: Rillaboom|[spread] p2a,p2b\n|-supereffective|p2a: Incineroar\n|-resisted|p2b: Rillaboom\n|-damage|p2a: Incineroar|0 fnt\n|-damage|p2b: Rillaboom|54\/100\n|faint|p2a: Incineroar\n|move|p1a: Glimmora|Sludge Bomb|p2b: Rillaboom\n|-supereffective|p2b: Rillaboom\n|-damage|p2b: Rillaboom|0 fnt\n|faint|p2b: Rillaboom\n|\n|-heal|p1b: Tatsugiri|33\/100|[from] Grassy Terrain\n|-heal|p1a: Glimmora|74\/100|[from] Grassy Terrain\n|upkeep\n|\n|t:|1731517776\n|switch|p2b: Archaludon|Archaludon, L50, M, tera:Electric|60\/100\n|switch|p2a: Gholdengo|Gholdengo, L50|30\/100\n|turn|11\n|\n|t:|1731517794\n|move|p2b: Archaludon|Protect|p2b: Archaludon\n|-singleturn|p2b: Archaludon|Protect\n|move|p1b: Tatsugiri|Muddy Water|p2a: Gholdengo|[spread] p2a\n|-activate|p2b: Archaludon|move: Protect\n|-damage|p2a: Gholdengo|0 fnt\n|faint|p2a: Gholdengo\n|move|p1a: Glimmora|Earth Power|p2b: Archaludon\n|-activate|p2b: Archaludon|move: Protect\n|\n|-heal|p2b: Archaludon|67\/100|[from] Grassy Terrain\n|-heal|p1b: Tatsugiri|39\/100|[from] Grassy Terrain\n|-heal|p1a: Glimmora|79\/100|[from] Grassy Terrain\n|upkeep\n|turn|12\n|-message|HMUftao forfeited.\n|\n|win|VGCLTH <1000ELO\n|raw|VGCLTH &lt;1000ELO's rating: 1777 &rarr; <strong>1794<\/strong><br \/>(+17 for winning)\n|raw|HMUftao's rating: 1728 &rarr; <strong>1711<\/strong><br \/>(-17 for losing)\n|l|\u2606HMUftao\n|player|p2|\n|l|\u2606VGCLTH <1000ELO\n|player|p1|\n","uploadtime":1731518051,"views":21,"formatid":"gen9vgc2024regh","rating":1711,"private":0,"password":null}