{"id":"gen9vgc2024regh-2243397486","format":"[Gen 9] VGC 2024 Reg H","players":["VGCLTH Slow","redgannetVGC"],"log":"|raw|<div class=\"broadcast-blue\"><strong>This battle is required to be public due to a player having a name starting with 'vgclth'.<\/div>\n|j|\u2606VGCLTH Slow\n|j|\u2606redgannetVGC\n|t:|1731541735\n|gametype|doubles\n|player|p1|VGCLTH Slow|skier|1760\n|player|p2|redgannetVGC|265|1707\n|teamsize|p1|6\n|teamsize|p2|6\n|gen|9\n|tier|[Gen 9] VGC 2024 Reg H\n|rated|\n|rule|Species Clause: Limit one of each Pok\u00e9mon\n|rule|Item Clause: Limit 1 of each item\n|clearpoke\n|poke|p1|Sableye, L50, M|\n|poke|p1|Sylveon, L50, F|\n|poke|p1|Archaludon, L50, M|\n|poke|p1|Volcarona, L50, F|\n|poke|p1|Rillaboom, L50, F|\n|poke|p1|Tauros-Paldea-Aqua, L50, M|\n|poke|p2|Charizard, L50, M|\n|poke|p2|Torkoal, L50, M|\n|poke|p2|Jumpluff, L50, M|\n|poke|p2|Porygon2, L50|\n|poke|p2|Incineroar, L50, M|\n|poke|p2|Ursaluna, L50, M|\n|teampreview|4\n|inactive|Battle timer is ON: inactive players will automatically lose when time's up. (requested by redgannetVGC)\nVGCLTH Slow has agreed to open team sheets.\n|inactive|redgannetVGC has 60 seconds left.\n|inactive|redgannetVGC has 30 seconds left.\n|\n|t:|1731541814\n|start\n|switch|p1a: Shamonerona|Volcarona, L50, F, shiny|100\/100\n|switch|p1b: Koko The Gorythmic|Rillaboom, L50, F|100\/100\n|switch|p2a: Charizard|Charizard, L50, M|100\/100\n|switch|p2b: Incineroar|Incineroar, L50, M|100\/100\n|-fieldstart|move: Grassy Terrain|[from] ability: Grassy Surge|[of] p1b: Koko The Gorythmic\n|-ability|p2b: Incineroar|Intimidate|boost\n|-unboost|p1a: Shamonerona|atk|1\n|-unboost|p1b: Koko The Gorythmic|atk|1\n|turn|1\n|j| mr pogostick\n|\n|t:|1731541829\n|switch|p2a: Torkoal|Torkoal, L50, M|100\/100\n|-weather|SunnyDay|[from] ability: Drought|[of] p2a: Torkoal\n|-terastallize|p1b: Koko The Gorythmic|Fire\n|move|p1a: Shamonerona|Protect|p1a: Shamonerona\n|-singleturn|p1a: Shamonerona|Protect\n|move|p1b: Koko The Gorythmic|Wood Hammer|p2a: Torkoal\n|-resisted|p2a: Torkoal\n|-damage|p2a: Torkoal|80\/100\n|-damage|p1b: Koko The Gorythmic|94\/100|[from] Recoil\n|move|p2b: Incineroar|Flare Blitz|p1a: Shamonerona\n|-activate|p1a: Shamonerona|move: Protect\n|\n|-weather|SunnyDay|[upkeep]\n|-heal|p1b: Koko The Gorythmic|100\/100|[from] Grassy Terrain\n|-heal|p2a: Torkoal|86\/100|[from] Grassy Terrain\n|upkeep\n|turn|2\n|l| mr pogostick\n|\n|t:|1731541849\n|move|p1a: Shamonerona|Heat Wave|p2b: Incineroar|[spread] p2a,p2b\n|-resisted|p2a: Torkoal\n|-resisted|p2b: Incineroar\n|-damage|p2a: Torkoal|50\/100\n|-damage|p2b: Incineroar|80\/100\n|move|p1b: Koko The Gorythmic|High Horsepower|p2b: Incineroar\n|-supereffective|p2b: Incineroar\n|-damage|p2b: Incineroar|45\/100\n|-enditem|p2b: Incineroar|Sitrus Berry|[eat]\n|-heal|p2b: Incineroar|70\/100|[from] item: Sitrus Berry\n|move|p2b: Incineroar|Flare Blitz|p1a: Shamonerona\n|-damage|p1a: Shamonerona|15\/100\n|-damage|p2b: Incineroar|43\/100|[from] Recoil\n|move|p2a: Torkoal|Overheat|p1a: Shamonerona\n|-damage|p1a: Shamonerona|0 fnt\n|-unboost|p2a: Torkoal|spa|2\n|-enditem|p2a: Torkoal|Eject Pack\n|faint|p1a: Shamonerona\n|j| ale cog\n|\n|t:|1731541864\n|switch|p2a: Porygon2|Porygon2, L50|100\/100\n|-ability|p2a: Porygon2|Download|boost\n|-boost|p2a: Porygon2|spa|1\n|\n|-weather|SunnyDay|[upkeep]\n|-heal|p2b: Incineroar|49\/100|[from] Grassy Terrain\n|upkeep\n|\n|t:|1731541869\n|switch|p1a: Old Yeller|Sylveon, L50, F|100\/100\n|turn|3\n|\n|t:|1731541882\n|switch|p1b: Snowblind|Sableye, L50, M|100\/100\n|move|p1a: Old Yeller|Substitute|p1a: Old Yeller\n|-start|p1a: Old Yeller|Substitute\n|-damage|p1a: Old Yeller|76\/100\n|move|p2b: Incineroar|Parting Shot|p1a: Old Yeller\n|-unboost|p1a: Old Yeller|atk|1\n|-unboost|p1a: Old Yeller|spa|1\n|\n|t:|1731541889\n|switch|p2b: Torkoal|Torkoal, L50, M|50\/100|[from] Parting Shot\n|move|p2a: Porygon2|Trick Room|p2a: Porygon2\n|-fieldstart|move: Trick Room|[of] p2a: Porygon2\n|\n|-weather|SunnyDay|[upkeep]\n|-heal|p2b: Torkoal|56\/100|[from] Grassy Terrain\n|-heal|p1a: Old Yeller|82\/100|[from] Grassy Terrain\n|upkeep\n|turn|4\n|\n|t:|1731541902\n|switch|p2a: Incineroar|Incineroar, L50, M|49\/100\n|-ability|p2a: Incineroar|Intimidate|boost\n|-immune|p1a: Old Yeller\n|-unboost|p1b: Snowblind|atk|1\n|move|p1b: Snowblind|Encore|p2a: Incineroar\n|-hint|Since gen 7, Dark is immune to Prankster moves.\n|-immune|p2a: Incineroar\n|move|p2b: Torkoal|Eruption|p1b: Snowblind|[spread] p1a,p1b\n|-end|p1a: Old Yeller|Substitute\n|-damage|p1b: Snowblind|50\/100\n|-enditem|p1b: Snowblind|Sitrus Berry|[eat]\n|-heal|p1b: Snowblind|75\/100|[from] item: Sitrus Berry\n|move|p1a: Old Yeller|Hyper Voice|p2b: Torkoal|[spread] p2a,p2b\n|-resisted|p2b: Torkoal\n|-damage|p2a: Incineroar|28\/100\n|-damage|p2b: Torkoal|39\/100\n|-enditem|p1a: Old Yeller|Throat Spray\n|-boost|p1a: Old Yeller|spa|1|[from] item: Throat Spray\n|\n|-weather|SunnyDay|[upkeep]\n|-heal|p2b: Torkoal|44\/100|[from] Grassy Terrain\n|-heal|p2a: Incineroar|34\/100|[from] Grassy Terrain\n|-heal|p1b: Snowblind|81\/100|[from] Grassy Terrain\n|-heal|p1a: Old Yeller|87\/100|[from] Grassy Terrain\n|upkeep\n|turn|5\n|inactive|redgannetVGC has 30 seconds left.\n|\n|t:|1731541931\n|switch|p1b: Koko The Gorythmic|Rillaboom, L50, F, tera:Fire|100\/100\n|move|p1a: Old Yeller|Protect|p1a: Old Yeller\n|-singleturn|p1a: Old Yeller|Protect\n|move|p2b: Torkoal|Overheat|p1b: Koko The Gorythmic\n|-resisted|p1b: Koko The Gorythmic\n|-crit|p1b: Koko The Gorythmic\n|-damage|p1b: Koko The Gorythmic|51\/100\n|-unboost|p2b: Torkoal|spa|2\n|move|p2a: Incineroar|Flare Blitz|p1a: Old Yeller\n|-activate|p1a: Old Yeller|move: Protect\n|\n|-weather|none\n|-heal|p2b: Torkoal|50\/100|[from] Grassy Terrain\n|-heal|p2a: Incineroar|40\/100|[from] Grassy Terrain\n|-heal|p1a: Old Yeller|93\/100|[from] Grassy Terrain\n|-heal|p1b: Koko The Gorythmic|57\/100|[from] Grassy Terrain\n|-fieldend|move: Grassy Terrain\n|upkeep\n|turn|6\n|j| bluestraggler03\n|\n|t:|1731541955\n|-terastallize|p2a: Incineroar|Ghost\n|move|p2b: Torkoal|Protect|p2b: Torkoal\n|-singleturn|p2b: Torkoal|Protect\n|move|p1b: Koko The Gorythmic|Fake Out|p2a: Incineroar\n|-immune|p2a: Incineroar\n|move|p2a: Incineroar|Parting Shot|p1a: Old Yeller\n|-unboost|p1a: Old Yeller|atk|1\n|-unboost|p1a: Old Yeller|spa|1\n|\n|t:|1731541967\n|switch|p2a: Porygon2|Porygon2, L50|100\/100|[from] Parting Shot\n|-ability|p2a: Porygon2|Download|boost\n|-boost|p2a: Porygon2|atk|1\n|move|p1a: Old Yeller|Substitute|p1a: Old Yeller\n|-start|p1a: Old Yeller|Substitute\n|-damage|p1a: Old Yeller|68\/100\n|\n|upkeep\n|turn|7\n|inactive|redgannetVGC has 30 seconds left.\n|\n|t:|1731541995\n|switch|p2b: Incineroar|Incineroar, L50, M, tera:Ghost|40\/100\n|-ability|p2b: Incineroar|Intimidate|boost\n|-immune|p1a: Old Yeller\n|-unboost|p1b: Koko The Gorythmic|atk|1\n|move|p2a: Porygon2|Tera Blast|p1b: Koko The Gorythmic\n|-damage|p1b: Koko The Gorythmic|26\/100\n|move|p1a: Old Yeller|Hyper Voice|p2a: Porygon2|[spread] p2a,p2b\n|-damage|p2a: Porygon2|84\/100\n|-damage|p2b: Incineroar|16\/100\n|move|p1b: Koko The Gorythmic|High Horsepower|p2b: Incineroar\n|-damage|p2b: Incineroar|0 fnt\n|faint|p2b: Incineroar\n|\n|-fieldend|move: Trick Room\n|upkeep\n|\n|t:|1731542012\n|switch|p2b: Charizard|Charizard, L50, M|100\/100\n|turn|8\n|\n|t:|1731542019\n|switch|p2a: Torkoal|Torkoal, L50, M|50\/100\n|-weather|SunnyDay|[from] ability: Drought|[of] p2a: Torkoal\n|move|p2b: Charizard|Heat Wave|p1a: Old Yeller|[spread] p1a,p1b\n|-end|p1a: Old Yeller|Substitute\n|-resisted|p1b: Koko The Gorythmic\n|-damage|p1b: Koko The Gorythmic|0 fnt\n|faint|p1b: Koko The Gorythmic\n|move|p1a: Old Yeller|Hyper Voice|p2a: Torkoal|[spread] p2a,p2b\n|-resisted|p2a: Torkoal\n|-resisted|p2b: Charizard\n|-damage|p2a: Torkoal|32\/100\n|-damage|p2b: Charizard|83\/100\n|\n|-weather|SunnyDay|[upkeep]\n|-damage|p2b: Charizard|71\/100|[from] ability: Solar Power|[of] p2b: Charizard\n|upkeep\n|\n|t:|1731542033\n|switch|p1b: Snowblind|Sableye, L50, M|81\/100\n|turn|9\n|\n|t:|1731542040\n|move|p1b: Snowblind|Disable|p2b: Charizard\n|-start|p2b: Charizard|Disable|Heat Wave\n|cant|p2b: Charizard|Disable|Heat Wave\n|move|p1a: Old Yeller|Tera Blast|p2a: Torkoal\n|-resisted|p2a: Torkoal\n|-damage|p2a: Torkoal|10\/100\n|move|p2a: Torkoal|Overheat|p1b: Snowblind\n|-crit|p1b: Snowblind\n|-damage|p1b: Snowblind|0 fnt\n|-unboost|p2a: Torkoal|spa|2\n|faint|p1b: Snowblind\n|\n|-weather|SunnyDay|[upkeep]\n|-damage|p2b: Charizard|58\/100|[from] ability: Solar Power|[of] p2b: Charizard\n|upkeep\n|turn|10\n|j| Serenemy\n|\n|t:|1731542050\n|move|p2a: Torkoal|Protect|p2a: Torkoal\n|-singleturn|p2a: Torkoal|Protect\n|-activate|p2b: Charizard|move: Struggle\n|move|p2b: Charizard|Struggle|p1a: Old Yeller\n|-damage|p1a: Old Yeller|57\/100\n|-damage|p2b: Charizard|33\/100|[from] recoil\n|move|p1a: Old Yeller|Hyper Voice|p2b: Charizard|[spread] p2b\n|-activate|p2a: Torkoal|move: Protect\n|-resisted|p2b: Charizard\n|-damage|p2b: Charizard|15\/100\n|\n|-weather|SunnyDay|[upkeep]\n|-damage|p2b: Charizard|3\/100|[from] ability: Solar Power|[of] p2b: Charizard\n|upkeep\n|turn|11\n|\n|t:|1731542058\n|-activate|p2b: Charizard|move: Struggle\n|move|p2b: Charizard|Struggle|p1a: Old Yeller\n|-crit|p1a: Old Yeller\n|-damage|p1a: Old Yeller|41\/100\n|-damage|p2b: Charizard|0 fnt|[from] recoil\n|faint|p2b: Charizard\n|move|p1a: Old Yeller|Hyper Voice|p2a: Torkoal\n|-resisted|p2a: Torkoal\n|-damage|p2a: Torkoal|0 fnt\n|faint|p2a: Torkoal\n|\n|-weather|SunnyDay|[upkeep]\n|upkeep\n|\n|t:|1731542062\n|switch|p2b: Porygon2|Porygon2, L50|84\/100\n|-ability|p2b: Porygon2|Download|boost\n|-boost|p2b: Porygon2|atk|1\n|turn|12\n|\n|t:|1731542067\n|move|p1a: Old Yeller|Tera Blast|p2b: Porygon2\n|-damage|p2b: Porygon2|62\/100\n|move|p2b: Porygon2|Tera Blast|p1a: Old Yeller\n|-damage|p1a: Old Yeller|9\/100\n|\n|-weather|none\n|upkeep\n|turn|13\n|\n|t:|1731542073\n|move|p1a: Old Yeller|Hyper Voice|p2b: Porygon2\n|-damage|p2b: Porygon2|39\/100\n|move|p2b: Porygon2|Tera Blast|p1a: Old Yeller\n|-crit|p1a: Old Yeller\n|-damage|p1a: Old Yeller|0 fnt\n|faint|p1a: Old Yeller\n|\n|win|redgannetVGC\n|raw|VGCLTH Slow's rating: 1760 &rarr; <strong>1737<\/strong><br \/>(-23 for losing)\n|raw|redgannetVGC's rating: 1707 &rarr; <strong>1730<\/strong><br \/>(+23 for winning)\n|l|\u2606redgannetVGC\n|player|p2|\n|l| ale cog\n|l|\u2606VGCLTH Slow\n|player|p1|\n","uploadtime":1731542076,"views":24,"formatid":"gen9vgc2024regh","rating":1730,"private":0,"password":null}