{"id":"gen9vgc2024regh-2243102672","format":"[Gen 9] VGC 2024 Reg H","players":["orioridance","VGCLTH <1000ELO"],"log":"|raw|<div class=\"broadcast-blue\"><strong>This battle is required to be public due to a player having a name starting with 'vgclth'.<\/div>\n|j|\u2606orioridance\n|j|\u2606VGCLTH <1000ELO\n|t:|1731512051\n|gametype|doubles\n|player|p1|orioridance|170|1715\n|player|p2|VGCLTH <1000ELO|1|1725\n|teamsize|p1|6\n|teamsize|p2|6\n|gen|9\n|tier|[Gen 9] VGC 2024 Reg H\n|rated|\n|rule|Species Clause: Limit one of each Pok\u00e9mon\n|rule|Item Clause: Limit 1 of each item\n|clearpoke\n|poke|p1|Dondozo, L50, M|\n|poke|p1|Tatsugiri, L50, F|\n|poke|p1|Pelipper, L50, F|\n|poke|p1|Archaludon, L50, M|\n|poke|p1|Basculegion, L50, M|\n|poke|p1|Meowscarada, L50, F|\n|poke|p2|Dondozo, L50, M|\n|poke|p2|Tatsugiri, L50, F|\n|poke|p2|Dragonite, L50, M|\n|poke|p2|Gholdengo, L50|\n|poke|p2|Glimmora, L50, F|\n|poke|p2|Talonflame, L50, M|\n|teampreview|4\n|inactive|Battle timer is ON: inactive players will automatically lose when time's up. (requested by VGCLTH <1000ELO)\n|\n|t:|1731512073\n|start\n|switch|p1a: Dondozo|Dondozo, L50, M|100\/100\n|switch|p1b: Pelipper|Pelipper, L50, F|100\/100\n|switch|p2a: Dragonite|Dragonite, L50, M|100\/100\n|switch|p2b: Glimmora|Glimmora, L50, F|100\/100\n|-weather|RainDance|[from] ability: Drizzle|[of] p1b: Pelipper\n|turn|1\n|\n|t:|1731512084\n|switch|p1b: Tatsugiri|Tatsugiri, L50, F|100\/100\n|-activate|p1b: Tatsugiri|ability: Commander|[of] p1a: Dondozo\n|-boost|p1a: Dondozo|atk|2\n|-boost|p1a: Dondozo|spa|2\n|-boost|p1a: Dondozo|spe|2\n|-boost|p1a: Dondozo|def|2\n|-boost|p1a: Dondozo|spd|2\n|-terastallize|p2b: Glimmora|Grass\n|move|p2a: Dragonite|Extreme Speed|p1b: Tatsugiri|[miss]\n|-miss|p2a: Dragonite|p1b: Tatsugiri\n|move|p1a: Dondozo|Surf|p2a: Dragonite|[spread] p2a,p2b\n|-miss|p1a: Dondozo|p1b: Tatsugiri\n|-resisted|p2a: Dragonite\n|-resisted|p2b: Glimmora\n|-damage|p2a: Dragonite|78\/100\n|-damage|p2b: Glimmora|69\/100\n|-damage|p1a: Dondozo|91\/100|[from] item: Life Orb\n|move|p2b: Glimmora|Mortal Spin|p1b: Tatsugiri|[spread] p1a\n|-miss|p2b: Glimmora|p1b: Tatsugiri\n|-damage|p1a: Dondozo|89\/100\n|-status|p1a: Dondozo|psn\n|\n|-weather|RainDance|[upkeep]\n|-damage|p1a: Dondozo|76\/100 psn|[from] psn\n|upkeep\n|turn|2\n|j| VGCLTH BBT\n|l| VGCLTH BBT\n|\n|t:|1731512106\n|move|p2a: Dragonite|Extreme Speed|p1a: Dondozo\n|-damage|p1a: Dondozo|60\/100 psn\n|move|p1a: Dondozo|Surf|p2a: Dragonite|[spread] p2a,p2b\n|-miss|p1a: Dondozo|p1b: Tatsugiri\n|-resisted|p2a: Dragonite\n|-resisted|p2b: Glimmora\n|-damage|p2a: Dragonite|31\/100\n|-damage|p2b: Glimmora|38\/100\n|-damage|p1a: Dondozo|50\/100 psn|[from] item: Life Orb\n|move|p2b: Glimmora|Sludge Bomb|p1a: Dondozo\n|-damage|p1a: Dondozo|28\/100 psn\n|\n|-weather|RainDance|[upkeep]\n|-damage|p1a: Dondozo|15\/100 psn|[from] psn\n|upkeep\n|turn|3\n|\n|t:|1731512114\n|switch|p2b: Dondozo|Dondozo, L50, M|100\/100\n|switch|p2a: Tatsugiri|Tatsugiri, L50, F|100\/100\n|-activate|p2a: Tatsugiri|ability: Commander|[of] p2b: Dondozo\n|-boost|p2b: Dondozo|atk|2\n|-boost|p2b: Dondozo|spa|2\n|-boost|p2b: Dondozo|spe|2\n|-boost|p2b: Dondozo|def|2\n|-boost|p2b: Dondozo|spd|2\n|-terastallize|p1a: Dondozo|Ghost\n|move|p1a: Dondozo|Surf|p2b: Dondozo|[spread] p2b\n|-miss|p1a: Dondozo|p1b: Tatsugiri\n|-miss|p1a: Dondozo|p2a: Tatsugiri\n|-resisted|p2b: Dondozo\n|-damage|p2b: Dondozo|74\/100\n|-damage|p1a: Dondozo|5\/100 psn|[from] item: Life Orb\n|\n|-weather|RainDance|[upkeep]\n|-heal|p2b: Dondozo|80\/100|[from] item: Leftovers\n|-damage|p1a: Dondozo|0 fnt|[from] psn\n|faint|p1a: Dondozo\n|upkeep\n|j| stewpeed\n|\n|t:|1731512121\n|switch|p1a: Meowscarada|Meowscarada, L50, F|100\/100\n|turn|4\n|\n|t:|1731512125\n|move|p1a: Meowscarada|Flower Trick|p2b: Dondozo\n|-supereffective|p2b: Dondozo\n|-crit|p2b: Dondozo\n|-damage|p2b: Dondozo|12\/100\n|move|p2b: Dondozo|Order Up|p1b: Tatsugiri\n|-supereffective|p1b: Tatsugiri\n|-damage|p1b: Tatsugiri|2\/100\n|-boost|p2b: Dondozo|atk|1\n|move|p1b: Tatsugiri|Draco Meteor|p2a: Tatsugiri|[miss]\n|-miss|p1b: Tatsugiri|p2a: Tatsugiri\n|\n|-weather|RainDance|[upkeep]\n|-heal|p2b: Dondozo|19\/100|[from] item: Leftovers\n|upkeep\n|turn|5\n|\n|t:|1731512131\n|move|p1a: Meowscarada|Flower Trick|p2b: Dondozo\n|-supereffective|p2b: Dondozo\n|-crit|p2b: Dondozo\n|-damage|p2b: Dondozo|0 fnt\n|faint|p2b: Dondozo\n|move|p1b: Tatsugiri|Draco Meteor|p2a: Tatsugiri\n|-supereffective|p2a: Tatsugiri\n|-enditem|p2a: Tatsugiri|Focus Sash\n|-damage|p2a: Tatsugiri|1\/100\n|-unboost|p1b: Tatsugiri|spa|2\n|\n|-weather|RainDance|[upkeep]\n|upkeep\n|inactive|VGCLTH <1000ELO has 30 seconds left.\n|\n|t:|1731512158\n|switch|p2b: Dragonite|Dragonite, L50, M|31\/100\n|turn|6\n|\n|t:|1731512181\n|move|p2b: Dragonite|Extreme Speed|p1a: Meowscarada\n|-damage|p1a: Meowscarada|30\/100\n|move|p1a: Meowscarada|Knock Off|p2a: Tatsugiri\n|-damage|p2a: Tatsugiri|0 fnt\n|faint|p2a: Tatsugiri\n|move|p1b: Tatsugiri|Draco Meteor|p2b: Dragonite\n|-supereffective|p2b: Dragonite\n|-damage|p2b: Dragonite|0 fnt\n|-unboost|p1b: Tatsugiri|spa|2\n|faint|p2b: Dragonite\n|\n|-weather|RainDance|[upkeep]\n|upkeep\n|-message|VGCLTH <1000ELO forfeited.\n|\n|win|orioridance\n|raw|orioridance's rating: 1715 &rarr; <strong>1736<\/strong><br \/>(+21 for winning)\n|raw|VGCLTH &lt;1000ELO's rating: 1725 &rarr; <strong>1704<\/strong><br \/>(-21 for losing)\n|l|\u2606VGCLTH <1000ELO\n|player|p2|\n|l|\u2606orioridance\n|player|p1|\n|l| stewpeed\n","uploadtime":1731512426,"views":18,"formatid":"gen9vgc2024regh","rating":1704,"private":0,"password":null}