{"id":"gen9vgc2024regh-2243411742","format":"[Gen 9] VGC 2024 Reg H","players":["VGCLTH Thacrow","balnam"],"log":"|raw|<div class=\"broadcast-blue\"><strong>This battle is required to be public due to a player having a name starting with 'vgclth'.<\/div>\n|j|\u2606VGCLTH Thacrow\n|j|\u2606balnam\n|t:|1731543516\n|gametype|doubles\n|player|p1|VGCLTH Thacrow|wallace-masters|1847\n|player|p2|balnam|2|1741\n|teamsize|p1|6\n|teamsize|p2|6\n|gen|9\n|tier|[Gen 9] VGC 2024 Reg H\n|rated|\n|rule|Species Clause: Limit one of each Pok\u00e9mon\n|rule|Item Clause: Limit 1 of each item\n|clearpoke\n|poke|p1|Ceruledge, L50, M|\n|poke|p1|Gastrodon-East, L50, F|\n|poke|p1|Sneasler, L50, F|\n|poke|p1|Dragonite, L50, M|\n|poke|p1|Rillaboom, L50, M|\n|poke|p1|Kingambit, L50, M|\n|poke|p2|Sneasler, L50, F|\n|poke|p2|Baxcalibur, L50, M|\n|poke|p2|Kingambit, L50, M|\n|poke|p2|Volcarona, L50, M|\n|poke|p2|Rillaboom, L50, F|\n|poke|p2|Gastrodon-East, L50, M|\n|teampreview|4\nVGCLTH Thacrow has agreed to open team sheets.\n|\n|t:|1731543545\n|start\n|switch|p1a: Kidturtle|Sneasler, L50, F, shiny|100\/100\n|switch|p1b: Main Flutter|Dragonite, L50, M, shiny|100\/100\n|switch|p2a: Kingambit|Kingambit, L50, M|100\/100\n|switch|p2b: Sneasler|Sneasler, L50, F|100\/100\n|turn|1\n|j| xclamation\n|j| vgclth souly\n|\n|t:|1731543571\n|-terastallize|p2a: Kingambit|Flying\n|move|p2b: Sneasler|Fake Out|p1b: Main Flutter\n|-damage|p1b: Main Flutter|94\/100\n|move|p1a: Kidturtle|Coaching|p1b: Main Flutter\n|-boost|p1b: Main Flutter|atk|1\n|-boost|p1b: Main Flutter|def|1\n|cant|p1b: Main Flutter|flinch\n|move|p2a: Kingambit|Tera Blast|p1a: Kidturtle|[anim] Tera Blast Flying\n|-supereffective|p1a: Kidturtle\n|-enditem|p1a: Kidturtle|Focus Sash\n|-damage|p1a: Kidturtle|1\/100\n|\n|upkeep\n|turn|2\n|\n|t:|1731543588\n|move|p1a: Kidturtle|Coaching|p1b: Main Flutter\n|-boost|p1b: Main Flutter|atk|1\n|-boost|p1b: Main Flutter|def|1\n|move|p2b: Sneasler|Coaching|p2a: Kingambit\n|-boost|p2a: Kingambit|atk|1\n|-boost|p2a: Kingambit|def|1\n|move|p1b: Main Flutter|Scale Shot|p2b: Sneasler\n|-damage|p2b: Sneasler|53\/100\n|-damage|p2b: Sneasler|5\/100\n|-damage|p2b: Sneasler|0 fnt\n|faint|p2b: Sneasler\n|-hitcount|p2: Sneasler|3\n|-unboost|p1b: Main Flutter|def|1\n|-boost|p1b: Main Flutter|spe|1\n|move|p2a: Kingambit|Kowtow Cleave|p1b: Main Flutter\n|-damage|p1b: Main Flutter|38\/100\n|\n|upkeep\n|\n|t:|1731543596\n|switch|p2b: Baxcalibur|Baxcalibur, L50, M|100\/100\n|turn|3\n|j| FBISurveillanceMan\n|\n|t:|1731543625\n|switch|p1a: Godlyreal|Kingambit, L50, M|100\/100\n|-terastallize|p1b: Main Flutter|Fairy\n|move|p2b: Baxcalibur|Protect|p2b: Baxcalibur\n|-singleturn|p2b: Baxcalibur|Protect\n|move|p1b: Main Flutter|Scale Shot|p2a: Kingambit|[miss]\n|-miss|p1b: Main Flutter|p2a: Kingambit\n|move|p2a: Kingambit|Kowtow Cleave|p1b: Main Flutter\n|-resisted|p1b: Main Flutter\n|-damage|p1b: Main Flutter|14\/100\n|\n|upkeep\n|turn|4\n|j| ProssettiVGC\n|l| vgclth souly\n|\n|t:|1731543655\n|switch|p2b: Rillaboom|Rillaboom, L50, F|100\/100\n|-fieldstart|move: Grassy Terrain|[from] ability: Grassy Surge|[of] p2b: Rillaboom\n|move|p1b: Main Flutter|Protect|p1b: Main Flutter\n|-singleturn|p1b: Main Flutter|Protect\n|move|p1a: Godlyreal|Kowtow Cleave|p2a: Kingambit\n|-damage|p2a: Kingambit|75\/100\n|move|p2a: Kingambit|Iron Head|p1b: Main Flutter\n|-activate|p1b: Main Flutter|move: Protect\n|\n|-heal|p1b: Main Flutter|20\/100|[from] Grassy Terrain\n|upkeep\n|turn|5\n|j| bluestraggler03\n|\n|t:|1731543675\n|move|p1b: Main Flutter|Protect||[still]\n|-fail|p1b: Main Flutter\n|move|p2b: Rillaboom|Grassy Glide|p1b: Main Flutter\n|-damage|p1b: Main Flutter|0 fnt\n|faint|p1b: Main Flutter\n|move|p1a: Godlyreal|Kowtow Cleave|p2a: Kingambit\n|-damage|p2a: Kingambit|52\/100\n|move|p2a: Kingambit|Kowtow Cleave|p1a: Godlyreal\n|-resisted|p1a: Godlyreal\n|-damage|p1a: Godlyreal|71\/100\n|\n|-heal|p1a: Godlyreal|77\/100|[from] Grassy Terrain\n|upkeep\n|\n|t:|1731543680\n|switch|p1b: Kidturtle|Sneasler, L50, F, shiny|1\/100\n|turn|6\n|\n|t:|1731543694\n|move|p1b: Kidturtle|Fake Out|p2a: Kingambit\n|-crit|p2a: Kingambit\n|-damage|p2a: Kingambit|35\/100\n|cant|p2a: Kingambit|flinch\n|move|p2b: Rillaboom|High Horsepower|p1a: Godlyreal\n|-supereffective|p1a: Godlyreal\n|-damage|p1a: Godlyreal|29\/100\n|move|p1a: Godlyreal|Kowtow Cleave|p2a: Kingambit\n|-damage|p2a: Kingambit|11\/100\n|\n|-heal|p1b: Kidturtle|7\/100|[from] Grassy Terrain\n|-heal|p1a: Godlyreal|35\/100|[from] Grassy Terrain\n|upkeep\n|turn|7\n|j| DaN00biest\n|\n|t:|1731543713\n|switch|p1b: Christian|Ceruledge, L50, M|100\/100\n|move|p1a: Godlyreal|Sucker Punch|p2a: Kingambit\n|-damage|p2a: Kingambit|0 fnt\n|faint|p2a: Kingambit\n|move|p2b: Rillaboom|High Horsepower|p1a: Godlyreal\n|-supereffective|p1a: Godlyreal\n|-damage|p1a: Godlyreal|0 fnt\n|faint|p1a: Godlyreal\n|\n|upkeep\n|\n|t:|1731543722\n|switch|p1a: Kidturtle|Sneasler, L50, F, shiny|7\/100\n|switch|p2a: Baxcalibur|Baxcalibur, L50, M|100\/100\n|turn|8\n|\n|t:|1731543736\n|move|p1a: Kidturtle|Fake Out|p2b: Rillaboom\n|-damage|p2b: Rillaboom|88\/100\n|cant|p2b: Rillaboom|flinch\n|move|p2a: Baxcalibur|Scale Shot|p1b: Christian\n|-damage|p1b: Christian|83\/100\n|-damage|p1b: Christian|65\/100\n|-damage|p1b: Christian|46\/100\n|-damage|p1b: Christian|29\/100\n|-hitcount|p1b: Christian|4\n|-unboost|p2a: Baxcalibur|def|1\n|-boost|p2a: Baxcalibur|spe|1\n|move|p1b: Christian|Bitter Blade|p2b: Rillaboom\n|-supereffective|p2b: Rillaboom\n|-damage|p2b: Rillaboom|0 fnt\n|-heal|p1b: Christian|80\/100|[from] drain|[of] p2b: Rillaboom\n|faint|p2b: Rillaboom\n|\n|-heal|p1a: Kidturtle|13\/100|[from] Grassy Terrain\n|-heal|p1b: Christian|86\/100|[from] Grassy Terrain\n|-heal|p1b: Christian|92\/100|[from] item: Leftovers\n|-fieldend|move: Grassy Terrain\n|upkeep\n|turn|9\n|\n|t:|1731543746\n|move|p2a: Baxcalibur|Ice Shard|p1a: Kidturtle\n|-damage|p1a: Kidturtle|0 fnt\n|faint|p1a: Kidturtle\n|move|p1b: Christian|Bitter Blade|p2a: Baxcalibur\n|-damage|p2a: Baxcalibur|30\/100\n|-heal|p1b: Christian|100\/100|[from] drain|[of] p2a: Baxcalibur\n|-ability|p2a: Baxcalibur|Thermal Exchange|boost\n|-boost|p2a: Baxcalibur|atk|1\n|\n|upkeep\n|turn|10\n|\n|t:|1731543754\n|move|p1b: Christian|Shadow Sneak|p2a: Baxcalibur\n|-damage|p2a: Baxcalibur|0 fnt\n|faint|p2a: Baxcalibur\n|\n|win|VGCLTH Thacrow\n|raw|VGCLTH Thacrow's rating: 1847 &rarr; <strong>1861<\/strong><br \/>(+14 for winning)\n|raw|balnam's rating: 1741 &rarr; <strong>1727<\/strong><br \/>(-14 for losing)\n|l|\u2606balnam\n|player|p2|\n|l|\u2606VGCLTH Thacrow\n|player|p1|\n|l| bluestraggler03\n|l| xclamation\n|l| DaN00biest\n|j| xclamation\n","uploadtime":1731543938,"views":23,"formatid":"gen9vgc2024regh","rating":1727,"private":0,"password":null}