{"id":"gen9vgc2024regh-2243398305","format":"[Gen 9] VGC 2024 Reg H","players":["VGCLTH Sac gaming","grovyleuwu"],"log":"|raw|<div class=\"broadcast-blue\"><strong>This battle is required to be public due to a player having a name starting with 'vgclth'.<\/div>\n|j|\u2606VGCLTH Sac gaming\n|j|\u2606grovyleuwu\n|t:|1731541834\n|gametype|doubles\n|player|p1|VGCLTH Sac gaming|steven|1744\n|player|p2|grovyleuwu|whitney|1800\n|teamsize|p1|6\n|teamsize|p2|6\n|gen|9\n|tier|[Gen 9] VGC 2024 Reg H\n|rated|\n|rule|Species Clause: Limit one of each Pok\u00e9mon\n|rule|Item Clause: Limit 1 of each item\n|clearpoke\n|poke|p1|Whimsicott, L50, F|\n|poke|p1|Dragonite, L50, F|\n|poke|p1|Ursaluna-Bloodmoon, L50, M|\n|poke|p1|Gholdengo, L50|\n|poke|p1|Incineroar, L50, M|\n|poke|p1|Annihilape, L50, F|\n|poke|p2|Pelipper, L50, F|\n|poke|p2|Sneasler, L50, M|\n|poke|p2|Archaludon, L50, M|\n|poke|p2|Indeedee, L50, M|\n|poke|p2|Basculegion, L50, M|\n|poke|p2|Talonflame, L50, F|\n|teampreview|4\n|inactive|Battle timer is ON: inactive players will automatically lose when time's up. (requested by grovyleuwu)\nVGCLTH Sac gaming rejected open team sheets.\n|\n|t:|1731541862\n|start\n|switch|p1a: Whimsicott|Whimsicott, L50, F|100\/100\n|switch|p1b: Dragonite|Dragonite, L50, F|100\/100\n|switch|p2a: Talonflame|Talonflame, L50, F|100\/100\n|switch|p2b: Archaludon|Archaludon, L50, M|100\/100\n|turn|1\n|\n|t:|1731541875\n|-terastallize|p2b: Archaludon|Electric\n|move|p2a: Talonflame|Tailwind|p2a: Talonflame\n|-sidestart|p2: grovyleuwu|move: Tailwind\n|move|p1a: Whimsicott|Tailwind|p1a: Whimsicott\n|-sidestart|p1: VGCLTH Sac gaming|move: Tailwind\n|move|p2b: Archaludon|Electro Shot||[still]\n|-prepare|p2b: Archaludon|Electro Shot\n|-boost|p2b: Archaludon|spa|1\n|-enditem|p2b: Archaludon|Power Herb\n|-anim|p2b: Archaludon|Electro Shot|p1b: Dragonite\n|-damage|p1b: Dragonite|47\/100\n|move|p1b: Dragonite|Scale Shot|p2a: Talonflame|[miss]\n|-miss|p1b: Dragonite|p2a: Talonflame\n|\n|upkeep\n|turn|2\n|inactive|VGCLTH Sac gaming has 30 seconds left.\n|\n|t:|1731541907\n|switch|p2a: Pelipper|Pelipper, L50, F|100\/100\n|-weather|RainDance|[from] ability: Drizzle|[of] p2a: Pelipper\n|move|p1b: Dragonite|Extreme Speed|p2b: Archaludon\n|-damage|p2b: Archaludon|72\/100\n|move|p1a: Whimsicott|Moonblast|p2b: Archaludon\n|-damage|p2b: Archaludon|16\/100\n|move|p2b: Archaludon|Electro Shot||[still]\n|-prepare|p2b: Archaludon|Electro Shot\n|-boost|p2b: Archaludon|spa|1\n|-anim|p2b: Archaludon|Electro Shot|p1b: Dragonite\n|-damage|p1b: Dragonite|0 fnt\n|faint|p1b: Dragonite\n|\n|-weather|RainDance|[upkeep]\n|upkeep\n|j| mr pogostick\n|j| vgclth souly\n|\n|t:|1731541924\n|switch|p1b: Gholdengo|Gholdengo, L50|100\/100\n|turn|3\n|\n|t:|1731541929\n|move|p2b: Archaludon|Protect|p2b: Archaludon\n|-singleturn|p2b: Archaludon|Protect\n|move|p2a: Pelipper|Hurricane|p1a: Whimsicott\n|-supereffective|p1a: Whimsicott\n|-enditem|p1a: Whimsicott|Focus Sash\n|-damage|p1a: Whimsicott|1\/100\n|move|p1a: Whimsicott|Moonblast|p2b: Archaludon\n|-activate|p2b: Archaludon|move: Protect\n|move|p1b: Gholdengo|Shadow Ball|p2a: Pelipper\n|-damage|p2a: Pelipper|0 fnt\n|faint|p2a: Pelipper\n|\n|-weather|RainDance|[upkeep]\n|upkeep\n|j| FBISurveillanceMan\n|\n|t:|1731541944\n|switch|p2a: Talonflame|Talonflame, L50, F|100\/100\n|turn|4\n|j| bluestraggler03\n|\n|t:|1731541958\n|move|p2a: Talonflame|Dual Wingbeat|p1a: Whimsicott\n|-supereffective|p1a: Whimsicott\n|-damage|p1a: Whimsicott|0 fnt\n|faint|p1a: Whimsicott\n|-hitcount|p1: Whimsicott|1\n|move|p2b: Archaludon|Electro Shot||[still]\n|-prepare|p2b: Archaludon|Electro Shot\n|-boost|p2b: Archaludon|spa|1\n|-anim|p2b: Archaludon|Electro Shot|p1b: Gholdengo\n|-damage|p1b: Gholdengo|0 fnt\n|faint|p1b: Gholdengo\n|\n|-weather|RainDance|[upkeep]\n|-sideend|p1: VGCLTH Sac gaming|move: Tailwind\n|-sideend|p2: grovyleuwu|move: Tailwind\n|upkeep\n|\n|t:|1731541967\n|switch|p1b: Ursaluna|Ursaluna-Bloodmoon, L50, M|100\/100\n|turn|5\n|\n|t:|1731541975\n|move|p2a: Talonflame|Dual Wingbeat|p1b: Ursaluna\n|-damage|p1b: Ursaluna|89\/100\n|-damage|p1b: Ursaluna|77\/100\n|-hitcount|p1b: Ursaluna|2\n|move|p1b: Ursaluna|Vacuum Wave|p2b: Archaludon\n|-damage|p2b: Archaludon|0 fnt\n|faint|p2b: Archaludon\n|\n|-weather|RainDance|[upkeep]\n|upkeep\n|\n|t:|1731541982\n|switch|p2b: Indeedee|Indeedee, L50, M|100\/100\n|-fieldstart|move: Psychic Terrain|[from] ability: Psychic Surge|[of] p2b: Indeedee\n|turn|6\n|\n|t:|1731542001\n|-terastallize|p1b: Ursaluna|Normal\n|move|p2a: Talonflame|Flare Blitz|p1b: Ursaluna\n|-damage|p1b: Ursaluna|61\/100\n|-damage|p2a: Talonflame|93\/100|[from] Recoil\n|move|p2b: Indeedee|Expanding Force|p1b: Ursaluna\n|-damage|p1b: Ursaluna|2\/100\n|move|p1b: Ursaluna|Blood Moon|p2b: Indeedee\n|-enditem|p2b: Indeedee|Focus Sash\n|-damage|p2b: Indeedee|1\/100\n|\n|-weather|none\n|upkeep\n|turn|7\n|-message|VGCLTH Sac gaming forfeited.\n|\n|win|grovyleuwu\n|raw|VGCLTH Sac gaming's rating: 1744 &rarr; <strong>1727<\/strong><br \/>(-17 for losing)\n|raw|grovyleuwu's rating: 1800 &rarr; <strong>1817<\/strong><br \/>(+17 for winning)\n|l|\u2606VGCLTH Sac gaming\n|player|p1|\n|j| Serenemy\n|l| mr pogostick\n|l|\u2606grovyleuwu\n|player|p2|\n|l| vgclth souly\n|j| vgclth souly\n","uploadtime":1731542136,"views":21,"formatid":"gen9vgc2024regh","rating":1727,"private":0,"password":null}