{"id":"gen9vgc2024regh-2243867320","format":"[Gen 9] VGC 2024 Reg H","players":["Allhailhippo","Diestoise"],"log":"|j|\u2606Allhailhippo\n|j|\u2606Diestoise\n|t:|1731606794\n|gametype|doubles\n|player|p1|Allhailhippo|265|1703\n|player|p2|Diestoise|blue|1690\n|teamsize|p1|6\n|teamsize|p2|6\n|gen|9\n|tier|[Gen 9] VGC 2024 Reg H\n|rated|\n|rule|Species Clause: Limit one of each Pok\u00e9mon\n|rule|Item Clause: Limit 1 of each item\n|clearpoke\n|poke|p1|Tyranitar, L50, F|\n|poke|p1|Houndstone, L50, F|\n|poke|p1|Whimsicott, L50, F|\n|poke|p1|Incineroar, L50, M|\n|poke|p1|Amoonguss, L50, M|\n|poke|p1|Garchomp, L50, F|\n|poke|p2|Tyranitar, L50, M|\n|poke|p2|Garchomp, L50, F|\n|poke|p2|Hydreigon, L50, F|\n|poke|p2|Primarina, L50, F|\n|poke|p2|Corviknight, L50, M|\n|poke|p2|Amoonguss, L50, M|\n|teampreview|4\n|inactive|Battle timer is ON: inactive players will automatically lose when time's up. (requested by Allhailhippo)\nAllhailhippo has agreed to open team sheets.\n|inactive|Diestoise has 60 seconds left.\n|j| pikavgc111\n|inactive|Diestoise has 30 seconds left.\n|inactive|Diestoise has 20 seconds left.\n|\n|t:|1731606867\n|start\n|switch|p1a: Anna|Whimsicott, L50, F|100\/100\n|switch|p1b: Garchomp|Garchomp, L50, F|100\/100\n|switch|p2a: Corviknight|Corviknight, L50, M, shiny|100\/100\n|switch|p2b: Amoonguss|Amoonguss, L50, M|100\/100\n|turn|1\n|\n|t:|1731606888\n|move|p1b: Garchomp|Dragon Claw|p2a: Corviknight\n|-resisted|p2a: Corviknight\n|-damage|p2a: Corviknight|79\/100\n|-damage|p1b: Garchomp|91\/100|[from] item: Life Orb\n|move|p1a: Anna|Moonblast|p2a: Corviknight\n|-resisted|p2a: Corviknight\n|-damage|p2a: Corviknight|64\/100\n|move|p2a: Corviknight|Brave Bird|p1a: Anna\n|-supereffective|p1a: Anna\n|-damage|p1a: Anna|9\/100\n|-damage|p2a: Corviknight|40\/100|[from] Recoil\n|move|p2b: Amoonguss|Spore|p1b: Garchomp\n|-status|p1b: Garchomp|slp|[from] move: Spore\n|\n|-heal|p2a: Corviknight|45\/100|[from] item: Leftovers\n|upkeep\n|turn|2\n|\n|t:|1731606909\n|move|p1a: Anna|Encore|p2a: Corviknight\n|-start|p2a: Corviknight|Encore\n|cant|p1b: Garchomp|slp\n|move|p2a: Corviknight|Brave Bird|p1a: Anna\n|-supereffective|p1a: Anna\n|-damage|p1a: Anna|0 fnt\n|faint|p1a: Anna\n|-damage|p2a: Corviknight|43\/100|[from] Recoil\n|move|p2b: Amoonguss|Pollen Puff|p2a: Corviknight\n|-heal|p2a: Corviknight|93\/100\n|\n|-heal|p2a: Corviknight|99\/100|[from] item: Leftovers\n|upkeep\n|\n|t:|1731606918\n|switch|p1a: Good Things|Tyranitar, L50, F|100\/100\n|-weather|Sandstorm|[from] ability: Sand Stream|[of] p1a: Good Things\n|turn|3\n|\n|t:|1731606936\n|switch|p2a: Hydreigon|Hydreigon, L50, F|100\/100\n|-terastallize|p1a: Good Things|Flying\n|cant|p1b: Garchomp|slp\n|move|p1a: Good Things|Tera Blast|p2b: Amoonguss|[anim] Tera Blast Flying\n|-supereffective|p2b: Amoonguss\n|-damage|p2b: Amoonguss|21\/100\n|-enditem|p2b: Amoonguss|Sitrus Berry|[eat]\n|-heal|p2b: Amoonguss|46\/100|[from] item: Sitrus Berry\n|move|p2b: Amoonguss|Spore|p1a: Good Things\n|-status|p1a: Good Things|slp|[from] move: Spore\n|\n|-weather|Sandstorm|[upkeep]\n|-damage|p2a: Hydreigon|95\/100|[from] Sandstorm\n|-damage|p1a: Good Things|95\/100 slp|[from] Sandstorm\n|-damage|p2b: Amoonguss|40\/100|[from] Sandstorm\n|upkeep\n|turn|4\n|\n|t:|1731606954\n|move|p2b: Amoonguss|Rage Powder|p2b: Amoonguss\n|-singleturn|p2b: Amoonguss|move: Rage Powder\n|move|p2a: Hydreigon|Draco Meteor|p1b: Garchomp\n|-supereffective|p1b: Garchomp\n|-damage|p1b: Garchomp|0 fnt\n|-unboost|p2a: Hydreigon|spa|2\n|faint|p1b: Garchomp\n|cant|p1a: Good Things|slp\n|\n|-weather|Sandstorm|[upkeep]\n|-damage|p2a: Hydreigon|89\/100|[from] Sandstorm\n|-damage|p1a: Good Things|89\/100 slp|[from] Sandstorm\n|-damage|p2b: Amoonguss|34\/100|[from] Sandstorm\n|upkeep\n|\n|t:|1731606959\n|switch|p1b: Rodent|Houndstone, L50, F|100\/100\n|turn|5\n|\n|t:|1731606979\n|switch|p2a: Corviknight|Corviknight, L50, M, shiny|99\/100\n|move|p1b: Rodent|Last Respects|p2b: Amoonguss\n|-damage|p2b: Amoonguss|0 fnt\n|faint|p2b: Amoonguss\n|cant|p1a: Good Things|slp\n|\n|-weather|Sandstorm|[upkeep]\n|-damage|p1a: Good Things|83\/100 slp|[from] Sandstorm\n|-heal|p2a: Corviknight|100\/100|[from] item: Leftovers\n|upkeep\n|\n|t:|1731606998\n|switch|p2b: Hydreigon|Hydreigon, L50, F|89\/100\n|turn|6\n|\n|t:|1731607018\n|move|p1b: Rodent|Protect|p1b: Rodent\n|-singleturn|p1b: Rodent|Protect\n|move|p2b: Hydreigon|Draco Meteor|p1a: Good Things\n|-damage|p1a: Good Things|43\/100 slp\n|-unboost|p2b: Hydreigon|spa|2\n|-curestatus|p1a: Good Things|slp|[msg]\n|move|p1a: Good Things|Low Kick|p2b: Hydreigon\n|-supereffective|p2b: Hydreigon\n|-damage|p2b: Hydreigon|7\/100\n|move|p2a: Corviknight|Bulk Up|p2a: Corviknight\n|-boost|p2a: Corviknight|atk|1\n|-boost|p2a: Corviknight|def|1\n|\n|-weather|Sandstorm|[upkeep]\n|-damage|p2b: Hydreigon|1\/100|[from] Sandstorm\n|-damage|p1a: Good Things|37\/100|[from] Sandstorm\n|upkeep\n|turn|7\n|\n|t:|1731607040\n|move|p1b: Rodent|Last Respects|p2b: Hydreigon\n|-resisted|p2b: Hydreigon\n|-damage|p2b: Hydreigon|0 fnt\n|faint|p2b: Hydreigon\n|move|p1a: Good Things|Knock Off|p2a: Corviknight\n|-damage|p2a: Corviknight|73\/100\n|-enditem|p2a: Corviknight|Leftovers|[from] move: Knock Off|[of] p1a: Good Things\n|move|p2a: Corviknight|Brave Bird|p1a: Good Things\n|-damage|p1a: Good Things|0 fnt\n|faint|p1a: Good Things\n|-damage|p2a: Corviknight|60\/100|[from] Recoil\n|\n|-weather|none\n|upkeep\n|\n|t:|1731607053\n|switch|p2b: Garchomp|Garchomp, L50, F|100\/100\n|turn|8\n|\n|t:|1731607062\n|move|p2b: Garchomp|Protect|p2b: Garchomp\n|-singleturn|p2b: Garchomp|Protect\n|move|p1b: Rodent|Last Respects|p2b: Garchomp\n|-activate|p2b: Garchomp|move: Protect\n|move|p2a: Corviknight|Tailwind|p2a: Corviknight\n|-sidestart|p2: Diestoise|move: Tailwind\n|\n|upkeep\n|turn|9\n|\n|t:|1731607078\n|-terastallize|p2b: Garchomp|Ground\n|move|p1b: Rodent|Protect|p1b: Rodent\n|-singleturn|p1b: Rodent|Protect\n|move|p2b: Garchomp|Earthquake|p1b: Rodent|[spread] \n|-activate|p1b: Rodent|move: Protect\n|-immune|p2a: Corviknight\n|move|p2a: Corviknight|Roost|p2a: Corviknight\n|-heal|p2a: Corviknight|100\/100\n|-singleturn|p2a: Corviknight|move: Roost\n|\n|upkeep\n|turn|10\n|\n|t:|1731607092\n|move|p1b: Rodent|Protect||[still]\n|-fail|p1b: Rodent\n|move|p2b: Garchomp|Earthquake|p1b: Rodent|[spread] p1b\n|-immune|p2a: Corviknight\n|-damage|p1b: Rodent|18\/100\n|-damage|p2b: Garchomp|91\/100|[from] item: Life Orb\n|move|p2a: Corviknight|Bulk Up|p2a: Corviknight\n|-boost|p2a: Corviknight|atk|1\n|-boost|p2a: Corviknight|def|1\n|\n|upkeep\n|turn|11\n|l| pikavgc111\n|-message|Allhailhippo forfeited.\n|\n|win|Diestoise\n|raw|Allhailhippo's rating: 1703 &rarr; <strong>1682<\/strong><br \/>(-21 for losing)\n|raw|Diestoise's rating: 1690 &rarr; <strong>1711<\/strong><br \/>(+21 for winning)\n|l|\u2606Allhailhippo\n|player|p1|\n|l|\u2606Diestoise\n|player|p2|\n","uploadtime":1731607373,"views":31,"formatid":"gen9vgc2024regh","rating":1682,"private":0,"password":null}