{"id":"gen9vgc2024regh-2243304447","format":"[Gen 9] VGC 2024 Reg H","players":["jrylam21","VGCLTH TnB"],"log":"|j|\u2606jrylam21\n|j|\u2606VGCLTH TnB\n|t:|1731531441\n|gametype|doubles\n|player|p1|jrylam21|102|1682\n|player|p2|VGCLTH TnB|roxanne-masters|1680\n|teamsize|p1|6\n|teamsize|p2|6\n|gen|9\n|tier|[Gen 9] VGC 2024 Reg H\n|rated|\n|rule|Species Clause: Limit one of each Pok\u00e9mon\n|rule|Item Clause: Limit 1 of each item\n|clearpoke\n|poke|p1|Yanmega, L50, F|\n|poke|p1|Ursaluna, L50, F|\n|poke|p1|Porygon2, L50|\n|poke|p1|Incineroar, L50, F|\n|poke|p1|Dragonite, L50, M|\n|poke|p1|Hydreigon, L50, F|\n|poke|p2|Klefki, L50, F|\n|poke|p2|Annihilape, L50, F|\n|poke|p2|Archaludon, L50, M|\n|poke|p2|Maushold, L50|\n|poke|p2|Sinistcha, L50|\n|poke|p2|Pelipper, L50, M|\n|teampreview|4\n|inactive|Battle timer is ON: inactive players will automatically lose when time's up. (requested by VGCLTH TnB)\nVGCLTH TnB has agreed to open team sheets.\n|inactive|VGCLTH TnB has 60 seconds left.\n|\n|t:|1731531500\n|start\n|switch|p1a: Yanmega|Yanmega, L50, F|100\/100\n|switch|p1b: Ursaluna|Ursaluna, L50, F|100\/100\n|switch|p2a: Archaludon|Archaludon, L50, M|100\/100\n|switch|p2b: Pelipper|Pelipper, L50, M|100\/100\n|-weather|RainDance|[from] ability: Drizzle|[of] p2b: Pelipper\n|turn|1\n|\n|t:|1731531525\n|-terastallize|p2a: Archaludon|Water\n|move|p1a: Yanmega|Detect|p1a: Yanmega\n|-singleturn|p1a: Yanmega|Protect\n|move|p1b: Ursaluna|Protect|p1b: Ursaluna\n|-singleturn|p1b: Ursaluna|Protect\n|move|p2a: Archaludon|Electro Shot||[still]\n|-prepare|p2a: Archaludon|Electro Shot\n|-boost|p2a: Archaludon|spa|1\n|-anim|p2a: Archaludon|Electro Shot|p1a: Yanmega\n|-activate|p1a: Yanmega|move: Protect\n|move|p2b: Pelipper|Tailwind|p2b: Pelipper\n|-sidestart|p2: VGCLTH TnB|move: Tailwind\n|\n|-weather|RainDance|[upkeep]\n|-ability|p1a: Yanmega|Speed Boost|boost\n|-boost|p1a: Yanmega|spe|1\n|-status|p1b: Ursaluna|brn|[from] item: Flame Orb\n|upkeep\n|turn|2\n|inactive|VGCLTH TnB has 30 seconds left.\n|\n|t:|1731531556\n|-terastallize|p1b: Ursaluna|Ghost\n|move|p1a: Yanmega|Tailwind|p1a: Yanmega\n|-sidestart|p1: jrylam21|move: Tailwind\n|move|p2a: Archaludon|Dragon Pulse|p1b: Ursaluna\n|-damage|p1b: Ursaluna|36\/100 brn\n|move|p2b: Pelipper|Weather Ball|p1b: Ursaluna\n|-damage|p1b: Ursaluna|0 fnt\n|faint|p1b: Ursaluna\n|\n|-weather|RainDance|[upkeep]\n|-ability|p1a: Yanmega|Speed Boost|boost\n|-boost|p1a: Yanmega|spe|1\n|upkeep\n|\n|t:|1731531570\n|switch|p1b: Dragonite|Dragonite, L50, M|100\/100\n|turn|3\n|\n|t:|1731531589\n|switch|p2b: Klefki|Klefki, L50, F|100\/100\n|move|p1b: Dragonite|Protect|p1b: Dragonite\n|-singleturn|p1b: Dragonite|Protect\n|move|p1a: Yanmega|Air Slash|p2a: Archaludon\n|-damage|p2a: Archaludon|72\/100\n|-ability|p2a: Archaludon|Stamina|boost\n|-boost|p2a: Archaludon|def|1\n|move|p2a: Archaludon|Dragon Pulse|p1b: Dragonite\n|-activate|p1b: Dragonite|move: Protect\n|\n|-weather|RainDance|[upkeep]\n|-ability|p1a: Yanmega|Speed Boost|boost\n|-boost|p1a: Yanmega|spe|1\n|upkeep\n|turn|4\n|\n|t:|1731531610\n|move|p2b: Klefki|Reflect|p2b: Klefki\n|-sidestart|p2: VGCLTH TnB|Reflect\n|move|p1a: Yanmega|Air Slash|p2a: Archaludon\n|-damage|p2a: Archaludon|44\/100\n|-ability|p2a: Archaludon|Stamina|boost\n|-boost|p2a: Archaludon|def|1\n|move|p1b: Dragonite|Haze|p1b: Dragonite\n|-clearallboost\n|cant|p2a: Archaludon|flinch\n|\n|-weather|RainDance|[upkeep]\n|-sideend|p2: VGCLTH TnB|move: Tailwind\n|-ability|p1a: Yanmega|Speed Boost|boost\n|-boost|p1a: Yanmega|spe|1\n|upkeep\n|turn|5\n|\n|t:|1731531629\n|move|p2b: Klefki|Light Screen|p2b: Klefki\n|-sidestart|p2: VGCLTH TnB|move: Light Screen\n|move|p1a: Yanmega|Air Slash|p2a: Archaludon\n|-damage|p2a: Archaludon|24\/100\n|-ability|p2a: Archaludon|Stamina|boost\n|-boost|p2a: Archaludon|def|1\n|move|p1b: Dragonite|Scale Shot|p2a: Archaludon\n|-crit|p2a: Archaludon\n|-damage|p2a: Archaludon|9\/100\n|-ability|p2a: Archaludon|Stamina|boost\n|-boost|p2a: Archaludon|def|1\n|-damage|p2a: Archaludon|5\/100\n|-ability|p2a: Archaludon|Stamina|boost\n|-boost|p2a: Archaludon|def|1\n|-damage|p2a: Archaludon|2\/100\n|-ability|p2a: Archaludon|Stamina|boost\n|-boost|p2a: Archaludon|def|1\n|-damage|p2a: Archaludon|0 fnt\n|faint|p2a: Archaludon\n|-hitcount|p2: Archaludon|4\n|-unboost|p1b: Dragonite|def|1\n|-boost|p1b: Dragonite|spe|1\n|\n|-weather|RainDance|[upkeep]\n|-sideend|p1: jrylam21|move: Tailwind\n|-ability|p1a: Yanmega|Speed Boost|boost\n|-boost|p1a: Yanmega|spe|1\n|upkeep\n|\n|t:|1731531640\n|switch|p2a: Pelipper|Pelipper, L50, M|100\/100\n|turn|6\n|\n|t:|1731531661\n|move|p1a: Yanmega|Struggle Bug|p2b: Klefki|[spread] p2a,p2b\n|-resisted|p2a: Pelipper\n|-resisted|p2b: Klefki\n|-damage|p2a: Pelipper|92\/100\n|-damage|p2b: Klefki|97\/100\n|-unboost|p2a: Pelipper|spa|1\n|-unboost|p2b: Klefki|spa|1\n|move|p1b: Dragonite|Scale Shot|p2a: Pelipper\n|-damage|p2a: Pelipper|81\/100\n|-damage|p2a: Pelipper|71\/100\n|-damage|p2a: Pelipper|61\/100\n|-damage|p2a: Pelipper|50\/100\n|-hitcount|p2a: Pelipper|4\n|-unboost|p1b: Dragonite|def|1\n|-boost|p1b: Dragonite|spe|1\n|move|p2a: Pelipper|Hurricane|p1a: Yanmega\n|-supereffective|p1a: Yanmega\n|-damage|p1a: Yanmega|10\/100\n|move|p2b: Klefki|Dazzling Gleam|p1a: Yanmega|[spread] p1a,p1b\n|-supereffective|p1b: Dragonite\n|-damage|p1a: Yanmega|0 fnt\n|-damage|p1b: Dragonite|89\/100\n|faint|p1a: Yanmega\n|\n|-weather|RainDance|[upkeep]\n|upkeep\n|\n|t:|1731531681\n|switch|p1a: Hydreigon|Hydreigon, L50, F|100\/100\n|turn|7\n|\n|t:|1731531700\n|switch|p2b: Sinistcha|Sinistcha, L50|100\/100\n|-heal|p2a: Pelipper|75\/100|[from] ability: Hospitality|[of] p2b: Sinistcha\n|move|p2a: Pelipper|Protect|p2a: Pelipper\n|-singleturn|p2a: Pelipper|Protect\n|move|p1b: Dragonite|Scale Shot|p2a: Pelipper\n|-activate|p2a: Pelipper|move: Protect\n|move|p1a: Hydreigon|Earth Power|p2b: Sinistcha\n|-resisted|p2b: Sinistcha\n|-damage|p2b: Sinistcha|86\/100\n|\n|-weather|RainDance|[upkeep]\n|upkeep\n|turn|8\n|\n|t:|1731531719\n|switch|p2a: Klefki|Klefki, L50, F|97\/100\n|move|p1b: Dragonite|Scale Shot|p2b: Sinistcha\n|-damage|p2b: Sinistcha|79\/100\n|-damage|p2b: Sinistcha|70\/100\n|-damage|p2b: Sinistcha|61\/100\n|-damage|p2b: Sinistcha|52\/100\n|-damage|p2b: Sinistcha|43\/100\n|-enditem|p2b: Sinistcha|Sitrus Berry|[eat]\n|-heal|p2b: Sinistcha|67\/100|[from] item: Sitrus Berry\n|-hitcount|p2b: Sinistcha|5\n|-unboost|p1b: Dragonite|def|1\n|-boost|p1b: Dragonite|spe|1\n|move|p1a: Hydreigon|Earth Power|p2b: Sinistcha\n|-resisted|p2b: Sinistcha\n|-damage|p2b: Sinistcha|53\/100\n|move|p2b: Sinistcha|Trick Room|p2b: Sinistcha\n|-fieldstart|move: Trick Room|[of] p2b: Sinistcha\n|\n|-weather|none\n|upkeep\n|turn|9\n|\n|t:|1731531744\n|move|p2b: Sinistcha|Strength Sap|p1b: Dragonite\n|-unboost|p1b: Dragonite|atk|1\n|-heal|p2b: Sinistcha|100\/100\n|move|p2a: Klefki|Dazzling Gleam|p1a: Hydreigon|[spread] p1a,p1b\n|-supereffective|p1a: Hydreigon\n|-supereffective|p1b: Dragonite\n|-damage|p1a: Hydreigon|12\/100\n|-damage|p1b: Dragonite|58\/100\n|move|p1a: Hydreigon|Earth Power|p2a: Klefki\n|-supereffective|p2a: Klefki\n|-damage|p2a: Klefki|44\/100\n|move|p1b: Dragonite|Scale Shot|p2b: Sinistcha\n|-crit|p2b: Sinistcha\n|-damage|p2b: Sinistcha|80\/100\n|-damage|p2b: Sinistcha|74\/100\n|-damage|p2b: Sinistcha|67\/100\n|-crit|p2b: Sinistcha\n|-damage|p2b: Sinistcha|48\/100\n|-hitcount|p2b: Sinistcha|4\n|-unboost|p1b: Dragonite|def|1\n|-boost|p1b: Dragonite|spe|1\n|\n|upkeep\n|turn|10\n|-message|jrylam21 forfeited.\n|\n|win|VGCLTH TnB\n|raw|jrylam21's rating: 1682 &rarr; <strong>1662<\/strong><br \/>(-20 for losing)\n|raw|VGCLTH TnB's rating: 1680 &rarr; <strong>1700<\/strong><br \/>(+20 for winning)\n|l|\u2606jrylam21\n|player|p1|\n","uploadtime":1731531818,"views":18,"formatid":"gen9vgc2024regh","rating":1662,"private":0,"password":null}