{"id":"gen9vgc2024regh-2244059124","format":"[Gen 9] VGC 2024 Reg H","players":["grovyleuwu","nukan up"],"log":"|j|\u2606grovyleuwu\n|j|\u2606nukan up\n|t:|1731626452\n|gametype|doubles\n|player|p1|grovyleuwu|whitney|1742\n|player|p2|nukan up|policeman-gen4|1701\n|teamsize|p1|6\n|teamsize|p2|6\n|gen|9\n|tier|[Gen 9] VGC 2024 Reg H\n|rated|\n|rule|Species Clause: Limit one of each Pok\u00e9mon\n|rule|Item Clause: Limit 1 of each item\n|clearpoke\n|poke|p1|Pelipper, L50, F|\n|poke|p1|Sneasler, L50, F|\n|poke|p1|Archaludon, L50, M|\n|poke|p1|Indeedee, L50, M|\n|poke|p1|Basculegion, L50, M|\n|poke|p1|Talonflame, L50, M|\n|poke|p2|Magmar, L50, M|\n|poke|p2|Baxcalibur, L50, F|\n|poke|p2|Rillaboom, L50, F|\n|poke|p2|Sneasler, L50, F|\n|poke|p2|Kingambit, L50, M|\n|poke|p2|Dondozo, L50, F|\n|teampreview|4\n|inactive|Battle timer is ON: inactive players will automatically lose when time's up. (requested by grovyleuwu)\n|inactive|nukan up also wants the timer to be on.\n|inactive|grovyleuwu has 60 seconds left.\n|\n|t:|1731626483\n|start\n|switch|p1a: Pelipper|Pelipper, L50, F|100\/100\n|switch|p1b: Basculegion|Basculegion, L50, M|100\/100\n|switch|p2a: Dondozo|Dondozo, L50, F|100\/100\n|switch|p2b: Baxcalibur|Baxcalibur, L50, F, shiny|100\/100\n|-weather|RainDance|[from] ability: Drizzle|[of] p1a: Pelipper\n|turn|1\n|\n|t:|1731626499\n|-terastallize|p1b: Basculegion|Water\n|move|p1b: Basculegion|Wave Crash|p2b: Baxcalibur\n|-resisted|p2b: Baxcalibur\n|-damage|p2b: Baxcalibur|23\/100\n|-damage|p1b: Basculegion|75\/100|[from] Recoil\n|-damage|p1b: Basculegion|66\/100|[from] item: Life Orb\n|move|p1a: Pelipper|Hurricane|p2b: Baxcalibur\n|-damage|p2b: Baxcalibur|0 fnt\n|faint|p2b: Baxcalibur\n|move|p2a: Dondozo|Yawn|p1b: Basculegion\n|-start|p1b: Basculegion|move: Yawn|[of] p2a: Dondozo\n|\n|-weather|RainDance|[upkeep]\n|upkeep\n|\n|t:|1731626510\n|switch|p2b: Kingambit|Kingambit, L50, M|100\/100\n|turn|2\n|\n|t:|1731626530\n|switch|p1b: Indeedee|Indeedee, L50, M|100\/100\n|-fieldstart|move: Psychic Terrain|[from] ability: Psychic Surge|[of] p1b: Indeedee\n|move|p1a: Pelipper|Hurricane|p2a: Dondozo\n|-damage|p2a: Dondozo|53\/100\n|-start|p2a: Dondozo|confusion\n|move|p2b: Kingambit|Swords Dance|p2b: Kingambit\n|-boost|p2b: Kingambit|atk|2\n|-activate|p2a: Dondozo|confusion\n|move|p2a: Dondozo|Yawn|p1a: Pelipper\n|-start|p1a: Pelipper|move: Yawn|[of] p2a: Dondozo\n|\n|-weather|RainDance|[upkeep]\n|-heal|p2a: Dondozo|59\/100|[from] item: Leftovers\n|upkeep\n|turn|3\n|\n|t:|1731626550\n|-activate|p2a: Dondozo|confusion\n|move|p2a: Dondozo|Protect|p2a: Dondozo\n|-singleturn|p2a: Dondozo|Protect\n|move|p1a: Pelipper|Hurricane|p2a: Dondozo\n|-activate|p2a: Dondozo|move: Protect\n|move|p1b: Indeedee|Expanding Force|p2a: Dondozo|[spread] \n|-activate|p2a: Dondozo|move: Protect\n|-immune|p2b: Kingambit\n|move|p2b: Kingambit|Kowtow Cleave|p1a: Pelipper\n|-damage|p1a: Pelipper|0 fnt\n|faint|p1a: Pelipper\n|\n|-weather|RainDance|[upkeep]\n|-heal|p2a: Dondozo|66\/100|[from] item: Leftovers\n|upkeep\n|\n|t:|1731626557\n|switch|p1a: Basculegion|Basculegion, L50, M, tera:Water|66\/100\n|turn|4\n|\n|t:|1731626575\n|switch|p2b: Sneasler|Sneasler, L50, F, shiny|100\/100\n|move|p1a: Basculegion|Wave Crash|p2b: Sneasler\n|-enditem|p2b: Sneasler|Focus Sash\n|-damage|p2b: Sneasler|1\/100\n|-damage|p1a: Basculegion|39\/100|[from] Recoil\n|-damage|p1a: Basculegion|30\/100|[from] item: Life Orb\n|move|p1b: Indeedee|Expanding Force|p2a: Dondozo|[spread] p2a,p2b\n|-supereffective|p2b: Sneasler\n|-damage|p2a: Dondozo|18\/100\n|-damage|p2b: Sneasler|0 fnt\n|faint|p2b: Sneasler\n|-end|p2a: Dondozo|confusion\n|move|p2a: Dondozo|Yawn|p1a: Basculegion\n|-start|p1a: Basculegion|move: Yawn|[of] p2a: Dondozo\n|\n|-weather|RainDance|[upkeep]\n|-heal|p2a: Dondozo|25\/100|[from] item: Leftovers\n|upkeep\n|\n|t:|1731626587\n|switch|p2b: Kingambit|Kingambit, L50, M|100\/100\n|turn|5\n|\n|t:|1731626603\n|switch|p1a: Sneasler|Sneasler, L50, F|100\/100\n|-enditem|p1a: Sneasler|Psychic Seed\n|-boost|p1a: Sneasler|spd|1|[from] item: Psychic Seed\n|move|p1b: Indeedee|Expanding Force|p2a: Dondozo|[spread] p2a\n|-immune|p2b: Kingambit\n|-damage|p2a: Dondozo|0 fnt\n|faint|p2a: Dondozo\n|move|p2b: Kingambit|Kowtow Cleave|p1b: Indeedee\n|-supereffective|p1b: Indeedee\n|-enditem|p1b: Indeedee|Focus Sash\n|-damage|p1b: Indeedee|1\/100\n|\n|-weather|none\n|upkeep\n|turn|6\n|-message|nukan up forfeited.\n|\n|win|grovyleuwu\n|raw|grovyleuwu's rating: 1742 &rarr; <strong>1760<\/strong><br \/>(+18 for winning)\n|raw|nukan up's rating: 1701 &rarr; <strong>1683<\/strong><br \/>(-18 for losing)\n|l|\u2606nukan up\n|player|p2|\n|l|\u2606grovyleuwu\n|player|p1|\n","uploadtime":1731626826,"views":20,"formatid":"gen9vgc2024regh","rating":1683,"private":0,"password":null}