{"id":"gen9vgc2024regh-2244242201","format":"[Gen 9] VGC 2024 Reg H","players":["don't use magmar","VGCLTH fangame10"],"log":"|raw|<div class=\"broadcast-blue\"><strong>This battle is required to be public due to a player having a name starting with 'vgclth'.<\/div>\n|j|\u2606don't use magmar\n|j|\u2606VGCLTH fangame10\n|t:|1731652487\n|gametype|doubles\n|player|p1|don't use magmar|lucas|1811\n|player|p2|VGCLTH fangame10|red|1763\n|teamsize|p1|6\n|teamsize|p2|6\n|gen|9\n|tier|[Gen 9] VGC 2024 Reg H\n|rated|\n|rule|Species Clause: Limit one of each Pok\u00e9mon\n|rule|Item Clause: Limit 1 of each item\n|clearpoke\n|poke|p1|Dondozo, L50, F|\n|poke|p1|Gholdengo, L50|\n|poke|p1|Sneasler, L50, F|\n|poke|p1|Ursaluna-Bloodmoon, L50, M|\n|poke|p1|Indeedee, L50, M|\n|poke|p1|Amoonguss, L50, F|\n|poke|p2|Glaceon, L50, F|\n|poke|p2|Ninetales-Alola, L50, F|\n|poke|p2|Milotic, L50, M|\n|poke|p2|Skeledirge, L50, M|\n|poke|p2|Ursaluna-Bloodmoon, L50, M|\n|poke|p2|Annihilape, L50, F|\n|teampreview|4\n|inactive|Battle timer is ON: inactive players will automatically lose when time's up. (requested by VGCLTH fangame10)\nVGCLTH fangame10 rejected open team sheets.\n|inactive|don't use magmar has 60 seconds left.\n|inactive|VGCLTH fangame10 has 60 seconds left.\n|\n|t:|1731652523\n|start\n|switch|p1a: Sneasler|Sneasler, L50, F|100\/100\n|switch|p1b: Indeedee|Indeedee, L50, M|100\/100\n|switch|p2a: Ninetales|Ninetales-Alola, L50, F, shiny|100\/100\n|switch|p2b: Milotic|Milotic, L50, M, shiny|100\/100\n|-weather|Snow|[from] ability: Snow Warning|[of] p2a: Ninetales\n|-fieldstart|move: Psychic Terrain|[from] ability: Psychic Surge|[of] p1b: Indeedee\n|-enditem|p1a: Sneasler|Psychic Seed\n|-boost|p1a: Sneasler|spd|1|[from] item: Psychic Seed\n|turn|1\n|\n|t:|1731652532\n|move|p1a: Sneasler|Dire Claw|p2a: Ninetales\n|-supereffective|p2a: Ninetales\n|-damage|p2a: Ninetales|13\/100\n|move|p2a: Ninetales|Aurora Veil|p2a: Ninetales\n|-sidestart|p2: VGCLTH fangame10|move: Aurora Veil\n|move|p1b: Indeedee|Expanding Force|p2a: Ninetales|[spread] p2a,p2b\n|-damage|p2a: Ninetales|0 fnt\n|-damage|p2b: Milotic|80\/100\n|faint|p2a: Ninetales\n|move|p2b: Milotic|Hypnosis|p1b: Indeedee|[miss]\n|-miss|p2b: Milotic|p1b: Indeedee\n|\n|-weather|Snow|[upkeep]\n|upkeep\n|\n|t:|1731652538\n|switch|p2a: Skeledirge|Skeledirge, L50, M, shiny|100\/100\n|turn|2\n|\n|t:|1731652553\n|move|p1a: Sneasler|Dire Claw|p2b: Milotic\n|-damage|p2b: Milotic|48\/100\n|-status|p2b: Milotic|par\n|-enditem|p2b: Milotic|Sitrus Berry|[eat]\n|-heal|p2b: Milotic|73\/100 par|[from] item: Sitrus Berry\n|move|p1b: Indeedee|Expanding Force|p2b: Milotic|[spread] p2a,p2b\n|-crit|p2a: Skeledirge\n|-damage|p2a: Skeledirge|20\/100\n|-damage|p2b: Milotic|51\/100 par\n|move|p2a: Skeledirge|Torch Song|p1a: Sneasler\n|-damage|p1a: Sneasler|50\/100\n|-boost|p2a: Skeledirge|spa|1\n|move|p2b: Milotic|Life Dew|p2b: Milotic|[spread] p2a,p2b\n|-heal|p2a: Skeledirge|45\/100\n|-heal|p2b: Milotic|76\/100 par\n|\n|-weather|Snow|[upkeep]\n|upkeep\n|turn|3\n|inactive|VGCLTH fangame10 has 30 seconds left.\n|\n|t:|1731652581\n|-terastallize|p2a: Skeledirge|Dark\n|move|p1a: Sneasler|Lash Out|p2a: Skeledirge\n|-resisted|p2a: Skeledirge\n|-damage|p2a: Skeledirge|36\/100\n|move|p1b: Indeedee|Expanding Force|p2a: Skeledirge|[spread] p2b\n|-immune|p2a: Skeledirge\n|-damage|p2b: Milotic|53\/100 par\n|move|p2a: Skeledirge|Torch Song|p1a: Sneasler\n|-damage|p1a: Sneasler|0 fnt\n|-boost|p2a: Skeledirge|spa|1\n|faint|p1a: Sneasler\n|move|p2b: Milotic|Hypnosis|p1b: Indeedee\n|-status|p1b: Indeedee|slp|[from] move: Hypnosis\n|\n|-weather|Snow|[upkeep]\n|upkeep\n|\n|t:|1731652589\n|switch|p1a: Gholdengo|Gholdengo, L50|100\/100\n|turn|4\n|\n|t:|1731652593\n|move|p1a: Gholdengo|Protect|p1a: Gholdengo\n|-singleturn|p1a: Gholdengo|Protect\n|move|p2a: Skeledirge|Protect|p2a: Skeledirge\n|-singleturn|p2a: Skeledirge|Protect\n|cant|p1b: Indeedee|slp\n|move|p2b: Milotic|Life Dew|p2b: Milotic|[spread] p2a,p2b\n|-heal|p2a: Skeledirge|62\/100\n|-heal|p2b: Milotic|78\/100 par\n|\n|-weather|Snow|[upkeep]\n|upkeep\n|turn|5\n|\n|t:|1731652606\n|-terastallize|p1a: Gholdengo|Water\n|cant|p1b: Indeedee|slp\n|move|p1a: Gholdengo|Make It Rain|p2a: Skeledirge|[spread] p2a,p2b\n|-resisted|p2b: Milotic\n|-crit|p2b: Milotic\n|-damage|p2a: Skeledirge|21\/100\n|-damage|p2b: Milotic|47\/100 par\n|-unboost|p1a: Gholdengo|spa|1\n|-damage|p1a: Gholdengo|91\/100|[from] item: Life Orb\n|move|p2a: Skeledirge|Snarl|p1a: Gholdengo|[spread] p1a,p1b\n|-supereffective|p1b: Indeedee\n|-damage|p1a: Gholdengo|41\/100\n|-enditem|p1b: Indeedee|Focus Sash\n|-damage|p1b: Indeedee|1\/100 slp\n|-unboost|p1a: Gholdengo|spa|1\n|-unboost|p1b: Indeedee|spa|1\n|move|p2b: Milotic|Life Dew|p2b: Milotic|[spread] p2a,p2b\n|-heal|p2a: Skeledirge|46\/100\n|-heal|p2b: Milotic|72\/100 par\n|\n|-weather|none\n|-sideend|p2: VGCLTH fangame10|move: Aurora Veil\n|-fieldend|move: Psychic Terrain\n|upkeep\n|turn|6\n|\n|t:|1731652624\n|move|p2a: Skeledirge|Protect|p2a: Skeledirge\n|-singleturn|p2a: Skeledirge|Protect\n|-curestatus|p1b: Indeedee|slp|[msg]\n|move|p1b: Indeedee|Encore|p2b: Milotic\n|-start|p2b: Milotic|Encore\n|move|p1a: Gholdengo|Make It Rain|p2a: Skeledirge|[spread] p2b\n|-activate|p2a: Skeledirge|move: Protect\n|-resisted|p2b: Milotic\n|-damage|p2b: Milotic|63\/100 par\n|-unboost|p1a: Gholdengo|spa|1\n|-damage|p1a: Gholdengo|31\/100|[from] item: Life Orb\n|move|p2b: Milotic|Life Dew|p2b: Milotic|[spread] p2a,p2b\n|-heal|p2a: Skeledirge|71\/100\n|-heal|p2b: Milotic|88\/100 par\n|\n|upkeep\n|turn|7\n|\n|t:|1731652631\n|switch|p2a: Ursaluna|Ursaluna-Bloodmoon, L50, M|100\/100\n|move|p1b: Indeedee|Encore||[still]\n|-fail|p1b: Indeedee\n|move|p1a: Gholdengo|Make It Rain|p2b: Milotic|[spread] p2a,p2b\n|-resisted|p2b: Milotic\n|-damage|p2a: Ursaluna|85\/100\n|-damage|p2b: Milotic|81\/100 par\n|-unboost|p1a: Gholdengo|spa|1\n|-damage|p1a: Gholdengo|21\/100|[from] item: Life Orb\n|cant|p2b: Milotic|par\n|\n|upkeep\n|turn|8\n|\n|t:|1731652639\n|switch|p1a: Amoonguss|Amoonguss, L50, F|100\/100\n|move|p1b: Indeedee|Expanding Force|p2a: Ursaluna\n|-damage|p2a: Ursaluna|69\/100\n|move|p2a: Ursaluna|Hyper Voice|p1b: Indeedee|[spread] p1a,p1b\n|-damage|p1a: Amoonguss|65\/100\n|-damage|p1b: Indeedee|0 fnt\n|faint|p1b: Indeedee\n|move|p2b: Milotic|Life Dew|p2b: Milotic|[spread] p2a,p2b\n|-heal|p2a: Ursaluna|94\/100\n|-heal|p2b: Milotic|100\/100 par\n|\n|-end|p2b: Milotic|Encore\n|upkeep\n|\n|t:|1731652640\n|switch|p1b: Gholdengo|Gholdengo, L50, tera:Water|21\/100\n|turn|9\n|\n|t:|1731652646\n|move|p1b: Gholdengo|Protect|p1b: Gholdengo\n|-singleturn|p1b: Gholdengo|Protect\n|move|p2a: Ursaluna|Blood Moon|p1a: Amoonguss\n|-damage|p1a: Amoonguss|0 fnt\n|faint|p1a: Amoonguss\n|move|p2b: Milotic|Life Dew||[still]|[spread] p2a,p2b\n|-heal|p2a: Ursaluna|100\/100\n|-fail|p2b: Milotic|heal\n|\n|upkeep\n|turn|10\n|-message|don't use magmar forfeited.\n|\n|win|VGCLTH fangame10\n|raw|don&apos;t use magmar's rating: 1811 &rarr; <strong>1788<\/strong><br \/>(-23 for losing)\n|raw|VGCLTH fangame10's rating: 1763 &rarr; <strong>1786<\/strong><br \/>(+23 for winning)\n|l|\u2606don't use magmar\n|player|p1|\n|l|\u2606VGCLTH fangame10\n|player|p2|\n","uploadtime":1731652902,"views":64,"formatid":"gen9vgc2024regh","rating":1786,"private":0,"password":null}