{"id":"gen9vgc2024regh-2244667495","format":"[Gen 9] VGC 2024 Reg H","players":["jbleacher2","vgclth papaneth"],"log":"|raw|<div class=\"broadcast-blue\"><strong>This battle is required to be public due to a player having a name starting with 'vgclth'.<\/div>\n|j|\u2606jbleacher2\n|j|\u2606vgclth papaneth\n|t:|1731706799\n|gametype|doubles\n|player|p1|jbleacher2|2|1744\n|player|p2|vgclth papaneth|rood|1690\n|teamsize|p1|6\n|teamsize|p2|6\n|gen|9\n|tier|[Gen 9] VGC 2024 Reg H\n|rated|\n|rule|Species Clause: Limit one of each Pok\u00e9mon\n|rule|Item Clause: Limit 1 of each item\n|clearpoke\n|poke|p1|Murkrow, L50, M|\n|poke|p1|Volcarona, L50, M|\n|poke|p1|Oricorio-Pom-Pom, L50, F|\n|poke|p1|Quaquaval, L50, F|\n|poke|p1|Archaludon, L50, M|\n|poke|p1|Golduck, L50, M|\n|poke|p2|Tyranitar, L50, F|\n|poke|p2|Gengar, L50, M|\n|poke|p2|Kommo-o, L50, M|\n|poke|p2|Rillaboom, L50, F|\n|poke|p2|Annihilape, L50, F|\n|poke|p2|Illumise, L50, F|\n|teampreview|4\n|inactive|Battle timer is ON: inactive players will automatically lose when time's up. (requested by jbleacher2)\n|\n|t:|1731706813\n|start\n|switch|p1a: Quaquaval|Quaquaval, L50, F|100\/100\n|switch|p1b: Oricorio|Oricorio-Pom-Pom, L50, F, shiny|100\/100\n|switch|p2a: Illumise|Illumise, L50, F|100\/100\n|switch|p2b: Kommo-o|Kommo-o, L50, M|100\/100\n|turn|1\n|j| volcaronavgc\n|\n|t:|1731706828\n|move|p2a: Illumise|Tailwind|p2a: Illumise\n|-sidestart|p2: vgclth papaneth|move: Tailwind\n|move|p2b: Kommo-o|Clanging Scales|p1b: Oricorio|[spread] p1a,p1b\n|-damage|p1a: Quaquaval|41\/100\n|-damage|p1b: Oricorio|29\/100\n|-unboost|p2b: Kommo-o|def|1\n|-damage|p2b: Kommo-o|91\/100|[from] item: Life Orb\n|move|p1a: Quaquaval|Aqua Step|p2a: Illumise\n|-damage|p2a: Illumise|60\/100\n|-boost|p1a: Quaquaval|spe|1\n|-activate|p1b: Oricorio|ability: Dancer\n|move|p1b: Oricorio|Aqua Step|p2a: Illumise|[from]ability: Dancer\n|-damage|p2a: Illumise|49\/100\n|-boost|p1b: Oricorio|spe|1\n|move|p1b: Oricorio|Air Slash|p2a: Illumise\n|-supereffective|p2a: Illumise\n|-damage|p2a: Illumise|0 fnt\n|faint|p2a: Illumise\n|\n|upkeep\n|\n|t:|1731706833\n|switch|p2a: Tyranitar|Tyranitar, L50, F, shiny|100\/100\n|-weather|Sandstorm|[from] ability: Sand Stream|[of] p2a: Tyranitar\n|turn|2\n|\n|t:|1731706850\n|-terastallize|p1b: Oricorio|Fairy\n|move|p1a: Quaquaval|Aqua Step|p2a: Tyranitar\n|-supereffective|p2a: Tyranitar\n|-damage|p2a: Tyranitar|33\/100\n|-boost|p1a: Quaquaval|spe|1\n|-activate|p1b: Oricorio|ability: Dancer\n|move|p1b: Oricorio|Aqua Step|p2a: Tyranitar|[from]ability: Dancer\n|-supereffective|p2a: Tyranitar\n|-damage|p2a: Tyranitar|15\/100\n|-boost|p1b: Oricorio|spe|1\n|move|p2b: Kommo-o|Clanging Scales|p1b: Oricorio|[spread] p1a\n|-immune|p1b: Oricorio\n|-damage|p1a: Quaquaval|0 fnt\n|faint|p1a: Quaquaval\n|-unboost|p2b: Kommo-o|def|1\n|-damage|p2b: Kommo-o|81\/100|[from] item: Life Orb\n|move|p1b: Oricorio|Revelation Dance|p2b: Kommo-o\n|-supereffective|p2b: Kommo-o\n|-damage|p2b: Kommo-o|0 fnt\n|faint|p2b: Kommo-o\n|move|p2a: Tyranitar|Rock Slide|p1b: Oricorio\n|-damage|p1b: Oricorio|0 fnt\n|faint|p1b: Oricorio\n|\n|-weather|Sandstorm|[upkeep]\n|upkeep\n|\n|t:|1731706870\n|switch|p2b: Annihilape|Annihilape, L50, F|100\/100\n|switch|p1a: Volcarona|Volcarona, L50, M|100\/100\n|switch|p1b: Archaludon|Archaludon, L50, M|100\/100\n|turn|3\n|\n|t:|1731706878\n|move|p1a: Volcarona|Protect|p1a: Volcarona\n|-singleturn|p1a: Volcarona|Protect\n|move|p2b: Annihilape|Final Gambit|p1b: Archaludon\n|-damage|p1b: Archaludon|0 fnt\n|faint|p2b: Annihilape\n|faint|p1b: Archaludon\n|move|p2a: Tyranitar|Rock Slide|p1a: Volcarona\n|-activate|p1a: Volcarona|move: Protect\n|\n|-weather|Sandstorm|[upkeep]\n|-damage|p1a: Volcarona|94\/100|[from] Sandstorm\n|-heal|p1a: Volcarona|100\/100|[from] item: Leftovers\n|upkeep\n|turn|4\n|inactive|vgclth papaneth has 30 seconds left.\n|\n|t:|1731706908\n|move|p1a: Volcarona|Protect|p1a: Volcarona\n|-singleturn|p1a: Volcarona|Protect\n|move|p2a: Tyranitar|Rock Slide|p1a: Volcarona\n|-activate|p1a: Volcarona|move: Protect\n|\n|-weather|Sandstorm|[upkeep]\n|-damage|p1a: Volcarona|94\/100|[from] Sandstorm\n|-heal|p1a: Volcarona|100\/100|[from] item: Leftovers\n|-sideend|p2: vgclth papaneth|move: Tailwind\n|upkeep\n|turn|5\n|\n|t:|1731706918\n|-terastallize|p2a: Tyranitar|Flying\n|move|p1a: Volcarona|Giga Drain|p2a: Tyranitar\n|-resisted|p2a: Tyranitar\n|-damage|p2a: Tyranitar|8\/100\n|move|p2a: Tyranitar|Rock Slide|p1a: Volcarona\n|-supereffective|p1a: Volcarona\n|-damage|p1a: Volcarona|0 fnt\n|faint|p1a: Volcarona\n|\n|win|vgclth papaneth\n|raw|jbleacher2's rating: 1744 &rarr; <strong>1721<\/strong><br \/>(-23 for losing)\n|raw|vgclth papaneth's rating: 1690 &rarr; <strong>1713<\/strong><br \/>(+23 for winning)\n|l|\u2606jbleacher2\n|player|p1|\n|l|\u2606vgclth papaneth\n|player|p2|\n","uploadtime":1731706922,"views":19,"formatid":"gen9vgc2024regh","rating":1713,"private":0,"password":null}