{"id":"gen9vgc2024regh-2244786018","format":"[Gen 9] VGC 2024 Reg H","players":["SlaymonSays","vgclth papaneth"],"log":"|j|\u2606SlaymonSays\n|j|\u2606vgclth papaneth\n|t:|1731721594\n|gametype|doubles\n|player|p1|SlaymonSays|1|1665\n|player|p2|vgclth papaneth|rood|1719\n|teamsize|p1|6\n|teamsize|p2|6\n|gen|9\n|tier|[Gen 9] VGC 2024 Reg H\n|rated|\n|rule|Species Clause: Limit one of each Pok\u00e9mon\n|rule|Item Clause: Limit 1 of each item\n|clearpoke\n|poke|p1|Politoed, L50, M|\n|poke|p1|Talonflame, L50, M|\n|poke|p1|Archaludon, L50, M|\n|poke|p1|Rillaboom, L50, F|\n|poke|p1|Gholdengo, L50|\n|poke|p1|Sneasler, L50, F|\n|poke|p2|Tyranitar, L50, M|\n|poke|p2|Gengar, L50, F|\n|poke|p2|Kommo-o, L50, F|\n|poke|p2|Rillaboom, L50, F|\n|poke|p2|Annihilape, L50, M|\n|poke|p2|Whimsicott, L50, F|\n|teampreview|4\n|j| Tsugia\n|inactive|Battle timer is ON: inactive players will automatically lose when time's up. (requested by vgclth papaneth)\n|inactive|SlaymonSays has 60 seconds left.\n|inactive|vgclth papaneth has 60 seconds left.\n|\n|t:|1731721638\n|start\n|switch|p1a: Talonflame|Talonflame, L50, M|100\/100\n|switch|p1b: Gholdengo|Gholdengo, L50|100\/100\n|switch|p2a: Kommo-o|Kommo-o, L50, F|100\/100\n|switch|p2b: Whimsicott|Whimsicott, L50, F|100\/100\n|turn|1\n|\n|t:|1731721662\n|-terastallize|p2a: Kommo-o|Fire\n|move|p1a: Talonflame|Dual Wingbeat|p2b: Whimsicott\n|-supereffective|p2b: Whimsicott\n|-damage|p2b: Whimsicott|59\/100\n|-supereffective|p2b: Whimsicott\n|-damage|p2b: Whimsicott|16\/100\n|-hitcount|p2b: Whimsicott|2\n|move|p2b: Whimsicott|Tailwind|p2b: Whimsicott\n|-sidestart|p2: vgclth papaneth|move: Tailwind\n|move|p2a: Kommo-o|Flamethrower|p1b: Gholdengo\n|-supereffective|p1b: Gholdengo\n|-damage|p1b: Gholdengo|0 fnt\n|faint|p1b: Gholdengo\n|-damage|p2a: Kommo-o|91\/100|[from] item: Life Orb\n|\n|upkeep\n|\n|t:|1731721676\n|switch|p1b: Politoed|Politoed, L50, M|100\/100\n|-weather|RainDance|[from] ability: Drizzle|[of] p1b: Politoed\n|turn|2\n|\n|t:|1731721698\n|-terastallize|p1b: Politoed|Water\n|move|p2b: Whimsicott|Encore|p1a: Talonflame\n|-start|p1a: Talonflame|Encore\n|move|p1a: Talonflame|Dual Wingbeat|p2a: Kommo-o\n|-damage|p2a: Kommo-o|74\/100\n|-damage|p2a: Kommo-o|58\/100\n|-hitcount|p2a: Kommo-o|2\n|move|p2a: Kommo-o|Clanging Scales|p1a: Talonflame|[spread] p1a,p1b\n|-damage|p1a: Talonflame|29\/100\n|-damage|p1b: Politoed|55\/100\n|-unboost|p2a: Kommo-o|def|1\n|-damage|p2a: Kommo-o|48\/100|[from] item: Life Orb\n|move|p1b: Politoed|Muddy Water|p2a: Kommo-o|[spread] p2a,p2b\n|-supereffective|p2a: Kommo-o\n|-resisted|p2b: Whimsicott\n|-damage|p2a: Kommo-o|0 fnt\n|-damage|p2b: Whimsicott|0 fnt\n|faint|p2a: Kommo-o\n|faint|p2b: Whimsicott\n|\n|-weather|RainDance|[upkeep]\n|upkeep\n|\n|t:|1731721704\n|switch|p2b: Rillaboom|Rillaboom, L50, F|100\/100\n|switch|p2a: Annihilape|Annihilape, L50, M|100\/100\n|-fieldstart|move: Grassy Terrain|[from] ability: Grassy Surge|[of] p2b: Rillaboom\n|turn|3\n|\n|t:|1731721722\n|switch|p1b: Archaludon|Archaludon, L50, M|100\/100\n|move|p2a: Annihilape|Close Combat|p1a: Talonflame\n|-resisted|p1a: Talonflame\n|-damage|p1a: Talonflame|0 fnt\n|-unboost|p2a: Annihilape|def|1\n|-unboost|p2a: Annihilape|spd|1\n|faint|p1a: Talonflame\n|move|p2b: Rillaboom|Wood Hammer|p1b: Archaludon\n|-resisted|p1b: Archaludon\n|-damage|p1b: Archaludon|79\/100\n|-ability|p1b: Archaludon|Stamina|boost\n|-boost|p1b: Archaludon|def|1\n|-damage|p2b: Rillaboom|93\/100|[from] Recoil\n|\n|-weather|RainDance|[upkeep]\n|-heal|p2b: Rillaboom|99\/100|[from] Grassy Terrain\n|-heal|p1b: Archaludon|85\/100|[from] Grassy Terrain\n|upkeep\n|\n|t:|1731721728\n|switch|p1a: Politoed|Politoed, L50, M, tera:Water|55\/100\n|turn|4\n|l| Tsugia\n|\n|t:|1731721746\n|move|p2a: Annihilape|Close Combat|p1b: Archaludon\n|-supereffective|p1b: Archaludon\n|-damage|p1b: Archaludon|39\/100\n|-unboost|p2a: Annihilape|def|1\n|-unboost|p2a: Annihilape|spd|1\n|-ability|p1b: Archaludon|Stamina|boost\n|-boost|p1b: Archaludon|def|1\n|move|p2b: Rillaboom|Wood Hammer|p1b: Archaludon\n|-resisted|p1b: Archaludon\n|-damage|p1b: Archaludon|28\/100\n|-ability|p1b: Archaludon|Stamina|boost\n|-boost|p1b: Archaludon|def|1\n|-damage|p2b: Rillaboom|95\/100|[from] Recoil\n|move|p1b: Archaludon|Electro Shot||[still]\n|-prepare|p1b: Archaludon|Electro Shot\n|-boost|p1b: Archaludon|spa|1\n|-anim|p1b: Archaludon|Electro Shot|p2a: Annihilape\n|-damage|p2a: Annihilape|0 fnt\n|faint|p2a: Annihilape\n|move|p1a: Politoed|Weather Ball|p2b: Rillaboom\n|-resisted|p2b: Rillaboom\n|-damage|p2b: Rillaboom|8\/100\n|\n|-weather|RainDance|[upkeep]\n|-heal|p2b: Rillaboom|14\/100|[from] Grassy Terrain\n|-heal|p1b: Archaludon|34\/100|[from] Grassy Terrain\n|-heal|p1a: Politoed|62\/100|[from] Grassy Terrain\n|-sideend|p2: vgclth papaneth|move: Tailwind\n|upkeep\n|turn|5\n|-message|vgclth papaneth forfeited.\n|\n|win|SlaymonSays\n|raw|SlaymonSays's rating: 1665 &rarr; <strong>1688<\/strong><br \/>(+23 for winning)\n|raw|vgclth papaneth's rating: 1719 &rarr; <strong>1696<\/strong><br \/>(-23 for losing)\n|l|\u2606vgclth papaneth\n|player|p2|\n|l|\u2606SlaymonSays\n|player|p1|\n","uploadtime":1731721918,"views":10,"formatid":"gen9vgc2024regh","rating":1688,"private":0,"password":null}