{"id":"gen9vgc2024regh-2244767189","format":"[Gen 9] VGC 2024 Reg H","players":["tex771","VGCLTH TnB"],"log":"|raw|<div class=\"broadcast-blue\"><strong>This battle is required to be public due to a player having a name starting with 'vgclth'.<\/div>\n|j|\u2606tex771\n|j|\u2606VGCLTH TnB\n|t:|1731719040\n|gametype|doubles\n|player|p1|tex771|266|1811\n|player|p2|VGCLTH TnB|roxanne-masters|1795\n|teamsize|p1|6\n|teamsize|p2|6\n|gen|9\n|tier|[Gen 9] VGC 2024 Reg H\n|rated|\n|rule|Species Clause: Limit one of each Pok\u00e9mon\n|rule|Item Clause: Limit 1 of each item\n|clearpoke\n|poke|p1|Gallade, L50, M|\n|poke|p1|Annihilape, L50, M|\n|poke|p1|Kingambit, L50, M|\n|poke|p1|Ninetales-Alola, L50, M|\n|poke|p1|Garchomp, L50, M|\n|poke|p1|Dragonite, L50, M|\n|poke|p2|Klefki, L50, F|\n|poke|p2|Annihilape, L50, F|\n|poke|p2|Archaludon, L50, F|\n|poke|p2|Maushold, L50|\n|poke|p2|Sinistcha, L50|\n|poke|p2|Pelipper, L50, M|\n|teampreview|4\n|inactive|Battle timer is ON: inactive players will automatically lose when time's up. (requested by VGCLTH TnB)\nVGCLTH TnB has agreed to open team sheets.\n|inactive|VGCLTH TnB has 60 seconds left.\n|\n|t:|1731719097\n|start\n|switch|p1a: Garchomp|Garchomp, L50, M|100\/100\n|switch|p1b: Dragonite|Dragonite, L50, M, shiny|100\/100\n|switch|p2a: Klefki|Klefki, L50, F|100\/100\n|switch|p2b: Pelipper|Pelipper, L50, M|100\/100\n|-weather|RainDance|[from] ability: Drizzle|[of] p2b: Pelipper\n|turn|1\n|\n|t:|1731719120\n|switch|p2b: Archaludon|Archaludon, L50, F|100\/100\n|-terastallize|p1b: Dragonite|Flying\n|move|p2a: Klefki|Reflect|p2a: Klefki\n|-sidestart|p2: VGCLTH TnB|Reflect\n|move|p1a: Garchomp|Dragon Claw|p2b: Archaludon\n|-damage|p2b: Archaludon|81\/100\n|-ability|p2b: Archaludon|Stamina|boost\n|-boost|p2b: Archaludon|def|1\n|move|p1b: Dragonite|Tera Blast|p2b: Archaludon|[anim] Tera Blast Flying\n|-resisted|p2b: Archaludon\n|-damage|p2b: Archaludon|72\/100\n|-ability|p2b: Archaludon|Stamina|boost\n|-boost|p2b: Archaludon|def|1\n|\n|-weather|RainDance|[upkeep]\n|upkeep\n|turn|2\n|inactive|tex771 has 30 seconds left.\n|inactive|VGCLTH TnB has 30 seconds left.\n|inactive|tex771 has 20 seconds left.\n|inactive|VGCLTH TnB has 20 seconds left.\n|\n|t:|1731719160\n|switch|p1a: Annihilape|Annihilape, L50, M|100\/100\n|move|p1b: Dragonite|Tera Blast|p2a: Klefki|[anim] Tera Blast Flying\n|-resisted|p2a: Klefki\n|-damage|p2a: Klefki|80\/100\n|move|p2b: Archaludon|Dragon Pulse|p1a: Annihilape\n|-damage|p1a: Annihilape|63\/100\n|move|p2a: Klefki|Dazzling Gleam|p1a: Annihilape|[spread] p1a,p1b\n|-supereffective|p1a: Annihilape\n|-damage|p1a: Annihilape|30\/100\n|-damage|p1b: Dragonite|91\/100\n|\n|-weather|RainDance|[upkeep]\n|upkeep\n|turn|3\n|inactive|tex771 has 30 seconds left.\n|\n|t:|1731719187\n|move|p1a: Annihilape|Protect|p1a: Annihilape\n|-singleturn|p1a: Annihilape|Protect\n|move|p1b: Dragonite|Low Kick|p2b: Archaludon\n|-supereffective|p2b: Archaludon\n|-damage|p2b: Archaludon|59\/100\n|-ability|p2b: Archaludon|Stamina|boost\n|-boost|p2b: Archaludon|def|1\n|move|p2b: Archaludon|Electro Shot||[still]\n|-prepare|p2b: Archaludon|Electro Shot\n|-boost|p2b: Archaludon|spa|1\n|-anim|p2b: Archaludon|Electro Shot|p1b: Dragonite\n|-supereffective|p1b: Dragonite\n|-damage|p1b: Dragonite|19\/100\n|move|p2a: Klefki|Dazzling Gleam|p1a: Annihilape|[spread] p1b\n|-activate|p1a: Annihilape|move: Protect\n|-damage|p1b: Dragonite|7\/100\n|\n|-weather|RainDance|[upkeep]\n|upkeep\n|turn|4\n|inactive|tex771 has 30 seconds left.\n|inactive|VGCLTH TnB has 30 seconds left.\n|inactive|tex771 has 20 seconds left.\n|inactive|tex771 has 15 seconds left.\n|inactive|tex771 has 10 seconds left.\n|\n|t:|1731719237\n|switch|p2a: Sinistcha|Sinistcha, L50|100\/100\n|-heal|p2b: Archaludon|84\/100|[from] ability: Hospitality|[of] p2a: Sinistcha\n|move|p1a: Annihilape|Final Gambit|p2b: Archaludon\n|-damage|p2b: Archaludon|52\/100\n|-ability|p2b: Archaludon|Stamina|boost\n|-boost|p2b: Archaludon|def|1\n|faint|p1a: Annihilape\n|move|p1b: Dragonite|Tera Blast|p2a: Sinistcha|[anim] Tera Blast Flying\n|-supereffective|p2a: Sinistcha\n|-damage|p2a: Sinistcha|30\/100\n|-enditem|p2a: Sinistcha|Sitrus Berry|[eat]\n|-heal|p2a: Sinistcha|55\/100|[from] item: Sitrus Berry\n|move|p2b: Archaludon|Flash Cannon|p1b: Dragonite\n|-damage|p1b: Dragonite|0 fnt\n|faint|p1b: Dragonite\n|\n|-weather|RainDance|[upkeep]\n|upkeep\n|\n|t:|1731719253\n|switch|p1a: Garchomp|Garchomp, L50, M|100\/100\n|switch|p1b: Gallade|Gallade, L50, M, shiny|100\/100\n|turn|5\n|inactive|VGCLTH TnB has 30 seconds left.\n|inactive|tex771 has 30 seconds left.\n|\n|t:|1731719284\n|switch|p2a: Klefki|Klefki, L50, F|80\/100\n|-terastallize|p2b: Archaludon|Bug\n|move|p1b: Gallade|Protect|p1b: Gallade\n|-singleturn|p1b: Gallade|Protect\n|move|p1a: Garchomp|Dragon Claw|p2a: Klefki\n|-immune|p2a: Klefki\n|move|p2b: Archaludon|Electro Shot||[still]\n|-prepare|p2b: Archaludon|Electro Shot\n|-boost|p2b: Archaludon|spa|1\n|-anim|p2b: Archaludon|Electro Shot|p1b: Gallade\n|-activate|p1b: Gallade|move: Protect\n|\n|-weather|RainDance|[upkeep]\n|upkeep\n|turn|6\n|-message|tex771 forfeited.\n|\n|win|VGCLTH TnB\n|raw|tex771's rating: 1811 &rarr; <strong>1790<\/strong><br \/>(-21 for losing)\n|raw|VGCLTH TnB's rating: 1795 &rarr; <strong>1816<\/strong><br \/>(+21 for winning)\n|l|\u2606tex771\n|player|p1|\n|l|\u2606VGCLTH TnB\n|player|p2|\n","uploadtime":1731719517,"views":36,"formatid":"gen9vgc2024regh","rating":1790,"private":0,"password":null}