{"id":"gen9vgc2024regh-2244011248","format":"[Gen 9] VGC 2024 Reg H","players":["VGCLTH John Pork","same blue"],"log":"|raw|<div class=\"broadcast-blue\"><strong>This battle is required to be public due to a player having a name starting with 'vgclth'.<\/div>\n|j|\u2606VGCLTH John Pork\n|j|\u2606same blue\n|t:|1731620975\n|gametype|doubles\n|player|p1|VGCLTH John Pork|ogreclan|1805\n|player|p2|same blue|2|1822\n|teamsize|p1|6\n|teamsize|p2|6\n|gen|9\n|tier|[Gen 9] VGC 2024 Reg H\n|rated|\n|rule|Species Clause: Limit one of each Pok\u00e9mon\n|rule|Item Clause: Limit 1 of each item\n|clearpoke\n|poke|p1|Whimsicott, L50, F|\n|poke|p1|Typhlosion-Hisui, L50, F|\n|poke|p1|Annihilape, L50, M|\n|poke|p1|Maushold-Four, L50|\n|poke|p1|Farigiraf, L50, M|\n|poke|p1|Ursaluna-Bloodmoon, L50, M|\n|poke|p2|Annihilape, L50, M|\n|poke|p2|Grimmsnarl, L50, M|\n|poke|p2|Arcanine, L50, F|\n|poke|p2|Sinistcha, L50|\n|poke|p2|Maushold, L50|\n|poke|p2|Murkrow, L50, F|\n|teampreview|4\n|j| UI Rain\n|\n|t:|1731621032\n|start\n|switch|p1a: Sedate|Maushold-Four, L50|100\/100\n|switch|p1b: They remain|Farigiraf, L50, M|100\/100\n|switch|p2a: Grimmsnarl|Grimmsnarl, L50, M|100\/100\n|switch|p2b: Arcanine|Arcanine, L50, F, shiny|100\/100\n|-ability|p2b: Arcanine|Intimidate|boost\n|-unboost|p1a: Sedate|atk|1\n|-unboost|p1b: They remain|atk|1\n|turn|1\n|\n|t:|1731621049\n|switch|p1a: Unashamed|Ursaluna-Bloodmoon, L50, M|100\/100\n|move|p2a: Grimmsnarl|Reflect|p2a: Grimmsnarl\n|-sidestart|p2: same blue|Reflect\n|move|p2b: Arcanine|Will-O-Wisp|p1a: Unashamed\n|-status|p1a: Unashamed|brn\n|move|p1b: They remain|Trick Room|p1b: They remain\n|-fieldstart|move: Trick Room|[of] p1b: They remain\n|\n|-damage|p1a: Unashamed|94\/100 brn|[from] brn\n|upkeep\n|turn|2\n|\n|t:|1731621069\n|-terastallize|p1a: Unashamed|Normal\n|move|p2a: Grimmsnarl|Light Screen|p2a: Grimmsnarl\n|-sidestart|p2: same blue|move: Light Screen\n|move|p1a: Unashamed|Hyper Voice|p2b: Arcanine|[spread] p2a,p2b\n|-damage|p2a: Grimmsnarl|59\/100\n|-damage|p2b: Arcanine|54\/100\n|-damage|p1a: Unashamed|85\/100 brn|[from] item: Life Orb\n|move|p1b: They remain|Psychic Noise|p2b: Arcanine\n|-damage|p2b: Arcanine|30\/100\n|-enditem|p1b: They remain|Throat Spray\n|-boost|p1b: They remain|spa|1|[from] item: Throat Spray\n|move|p2b: Arcanine|Snarl|p1a: Unashamed|[spread] p1a,p1b\n|-supereffective|p1b: They remain\n|-damage|p1a: Unashamed|74\/100 brn\n|-damage|p1b: They remain|82\/100\n|-unboost|p1a: Unashamed|spa|1\n|-unboost|p1b: They remain|spa|1\n|\n|-damage|p1a: Unashamed|68\/100 brn|[from] brn\n|upkeep\n|turn|3\n|\n|t:|1731621099\n|switch|p2b: Sinistcha|Sinistcha, L50|100\/100\n|-heal|p2a: Grimmsnarl|84\/100|[from] ability: Hospitality|[of] p2b: Sinistcha\n|move|p1a: Unashamed|Blood Moon|p2a: Grimmsnarl\n|-damage|p2a: Grimmsnarl|25\/100\n|-damage|p1a: Unashamed|58\/100 brn|[from] item: Life Orb\n|move|p2a: Grimmsnarl|Spirit Break|p1b: They remain\n|-damage|p1b: They remain|55\/100\n|-unboost|p1b: They remain|spa|1\n|move|p1b: They remain|Hyper Voice|p2b: Sinistcha|[spread] p2a\n|-immune|p2b: Sinistcha\n|-damage|p2a: Grimmsnarl|14\/100\n|\n|-damage|p1a: Unashamed|52\/100 brn|[from] brn\n|upkeep\n|turn|4\n|\n|t:|1731621139\n|switch|p2a: Annihilape|Annihilape, L50, M, shiny|100\/100\n|move|p1a: Unashamed|Hyper Voice|p2a: Annihilape|[spread] p2a,p2b\n|-damage|p2a: Annihilape|68\/100\n|-damage|p2b: Sinistcha|73\/100\n|-damage|p1a: Unashamed|43\/100 brn|[from] item: Life Orb\n|move|p1b: They remain|Imprison|p1b: They remain\n|-start|p1b: They remain|move: Imprison\n|move|p2b: Sinistcha|Matcha Gotcha|p1b: They remain|[spread] p1a,p1b\n|-damage|p1a: Unashamed|15\/100 brn\n|-heal|p2b: Sinistcha|89\/100|[from] drain|[of] p1a: Unashamed\n|-damage|p1b: They remain|29\/100\n|-heal|p2b: Sinistcha|100\/100|[from] drain|[of] p1b: They remain\n|\n|-heal|p2a: Annihilape|74\/100|[from] item: Leftovers\n|-damage|p1a: Unashamed|9\/100 brn|[from] brn\n|upkeep\n|turn|5\n|\n|t:|1731621159\n|switch|p1b: It\u2019s used to|Annihilape, L50, M|100\/100\n|move|p2b: Sinistcha|Protect|p2b: Sinistcha\n|-singleturn|p2b: Sinistcha|Protect\n|move|p2a: Annihilape|Protect|p2a: Annihilape\n|-singleturn|p2a: Annihilape|Protect\n|move|p1a: Unashamed|Blood Moon|p2b: Sinistcha\n|-activate|p2b: Sinistcha|move: Protect\n|\n|-heal|p2a: Annihilape|80\/100|[from] item: Leftovers\n|-damage|p1a: Unashamed|3\/100 brn|[from] brn\n|-fieldend|move: Trick Room\n|upkeep\n|turn|6\n|\n|t:|1731621169\n|move|p2a: Annihilape|Rage Fist|p1b: It\u2019s used to\n|-supereffective|p1b: It\u2019s used to\n|-damage|p1b: It\u2019s used to|0 fnt\n|faint|p1b: It\u2019s used to\n|move|p2b: Sinistcha|Matcha Gotcha|p1a: Unashamed\n|-crit|p1a: Unashamed\n|-damage|p1a: Unashamed|0 fnt\n|faint|p1a: Unashamed\n|\n|-heal|p2a: Annihilape|85\/100|[from] item: Leftovers\n|upkeep\n|\n|t:|1731621173\n|switch|p1b: Sedate|Maushold-Four, L50|100\/100\n|switch|p1a: They remain|Farigiraf, L50, M|29\/100\n|turn|7\n|-message|VGCLTH John Pork forfeited.\n|\n|win|same blue\n|raw|VGCLTH John Pork's rating: 1805 &rarr; <strong>1786<\/strong><br \/>(-19 for losing)\n|raw|same blue's rating: 1822 &rarr; <strong>1841<\/strong><br \/>(+19 for winning)\n|l|\u2606VGCLTH John Pork\n|player|p1|\n|j|\u2606VGCLTH John Pork\n|player|p1|VGCLTH John Pork|ogreclan|\n|l|\u2606VGCLTH John Pork\n|player|p1|\n|l| UI Rain\n|l|\u2606same blue\n|player|p2|\n|j| UI Rain\n","uploadtime":1731621383,"views":48,"formatid":"gen9vgc2024regh","rating":1786,"private":0,"password":null}