{"id":"gen9vgc2024regh-2244006393","format":"[Gen 9] VGC 2024 Reg H","players":["VGCLTH John Pork","same blue"],"log":"|raw|<div class=\"broadcast-blue\"><strong>This battle is required to be public due to a player having a name starting with 'vgclth'.<\/div>\n|j|\u2606VGCLTH John Pork\n|j|\u2606same blue\n|t:|1731620455\n|gametype|doubles\n|player|p1|VGCLTH John Pork|ogreclan|1801\n|player|p2|same blue|2|1781\n|teamsize|p1|6\n|teamsize|p2|6\n|gen|9\n|tier|[Gen 9] VGC 2024 Reg H\n|rated|\n|rule|Species Clause: Limit one of each Pok\u00e9mon\n|rule|Item Clause: Limit 1 of each item\n|clearpoke\n|poke|p1|Whimsicott, L50, F|\n|poke|p1|Typhlosion-Hisui, L50, M|\n|poke|p1|Annihilape, L50, F|\n|poke|p1|Maushold-Four, L50|\n|poke|p1|Farigiraf, L50, M|\n|poke|p1|Ursaluna-Bloodmoon, L50, M|\n|poke|p2|Annihilape, L50, F|\n|poke|p2|Grimmsnarl, L50, M|\n|poke|p2|Arcanine, L50, M|\n|poke|p2|Sinistcha, L50|\n|poke|p2|Maushold, L50|\n|poke|p2|Murkrow, L50, F|\n|teampreview|4\n|j| VGCLTH Carrots\n|\n|t:|1731620484\n|start\n|switch|p1a: Their kindness is|Whimsicott, L50, F|100\/100\n|switch|p1b: Unashamed|Ursaluna-Bloodmoon, L50, M|100\/100\n|switch|p2a: Annihilape|Annihilape, L50, F, shiny|100\/100\n|switch|p2b: Maushold|Maushold, L50|100\/100\n|turn|1\n|\n|t:|1731620502\n|-terastallize|p1b: Unashamed|Normal\n|move|p1a: Their kindness is|Tailwind|p1a: Their kindness is\n|-sidestart|p1: VGCLTH John Pork|move: Tailwind\n|move|p2b: Maushold|Beat Up|p2a: Annihilape\n|-damage|p2a: Annihilape|98\/100\n|-damage|p2a: Annihilape|97\/100\n|-damage|p2a: Annihilape|95\/100\n|-damage|p2a: Annihilape|93\/100\n|-hitcount|p2a: Annihilape|4\n|move|p1b: Unashamed|Hyper Voice|p2b: Maushold|[spread] p2a,p2b\n|-crit|p2a: Annihilape\n|-damage|p2a: Annihilape|20\/100\n|-damage|p2b: Maushold|11\/100\n|-damage|p1b: Unashamed|91\/100|[from] item: Life Orb\n|move|p2a: Annihilape|Drain Punch|p1b: Unashamed\n|-supereffective|p1b: Unashamed\n|-damage|p1b: Unashamed|39\/100\n|-heal|p2a: Annihilape|49\/100|[from] drain|[of] p1b: Unashamed\n|\n|-heal|p2a: Annihilape|55\/100|[from] item: Leftovers\n|upkeep\n|turn|2\n|\n|t:|1731620530\n|switch|p2b: Murkrow|Murkrow, L50, F|100\/100\n|move|p2a: Annihilape|Protect|p2a: Annihilape\n|-singleturn|p2a: Annihilape|Protect\n|move|p1a: Their kindness is|Moonblast|p2a: Annihilape\n|-activate|p2a: Annihilape|move: Protect\n|move|p1b: Unashamed|Blood Moon|p2a: Annihilape\n|-activate|p2a: Annihilape|move: Protect\n|\n|-heal|p2a: Annihilape|61\/100|[from] item: Leftovers\n|upkeep\n|turn|3\n|\n|t:|1731620565\n|switch|p2a: Maushold|Maushold, L50|11\/100\n|move|p1b: Unashamed|Vacuum Wave|p2a: Maushold\n|-supereffective|p2a: Maushold\n|-damage|p2a: Maushold|0 fnt\n|faint|p2a: Maushold\n|-damage|p1b: Unashamed|30\/100|[from] item: Life Orb\n|move|p2b: Murkrow|Tailwind|p2b: Murkrow\n|-sidestart|p2: same blue|move: Tailwind\n|move|p1a: Their kindness is|Moonblast|p2b: Murkrow\n|-supereffective|p2b: Murkrow\n|-damage|p2b: Murkrow|14\/100\n|\n|upkeep\n|j| UGCL\n|\n|t:|1731620577\n|switch|p2a: Annihilape|Annihilape, L50, F, shiny|61\/100\n|turn|4\n|\n|t:|1731620587\n|switch|p2b: Sinistcha|Sinistcha, L50|100\/100\n|-heal|p2a: Annihilape|85\/100|[from] ability: Hospitality|[of] p2b: Sinistcha\n|-terastallize|p2a: Annihilape|Water\n|move|p1b: Unashamed|Vacuum Wave|p2b: Sinistcha\n|-damage|p2b: Sinistcha|80\/100\n|-damage|p1b: Unashamed|20\/100|[from] item: Life Orb\n|move|p1a: Their kindness is|Moonblast|p2a: Annihilape\n|-damage|p2a: Annihilape|48\/100\n|move|p2a: Annihilape|Drain Punch|p1b: Unashamed\n|-supereffective|p1b: Unashamed\n|-damage|p1b: Unashamed|0 fnt\n|-heal|p2a: Annihilape|60\/100|[from] drain|[of] p1b: Unashamed\n|faint|p1b: Unashamed\n|\n|-heal|p2a: Annihilape|66\/100|[from] item: Leftovers\n|-sideend|p1: VGCLTH John Pork|move: Tailwind\n|upkeep\n|\n|t:|1731620594\n|switch|p1b: Charade|Typhlosion-Hisui, L50, M|100\/100\n|-item|p2a: Annihilape|Leftovers|[from] ability: Frisk|[of] p1b: Charade\n|-item|p2b: Sinistcha|Sitrus Berry|[from] ability: Frisk|[of] p1b: Charade\n|turn|5\n|\n|t:|1731620604\n|move|p2b: Sinistcha|Protect|p2b: Sinistcha\n|-singleturn|p2b: Sinistcha|Protect\n|move|p1a: Their kindness is|Sunny Day|p1a: Their kindness is\n|-weather|SunnyDay\n|move|p2a: Annihilape|Rage Fist|p1b: Charade\n|-supereffective|p1b: Charade\n|-damage|p1b: Charade|0 fnt\n|faint|p1b: Charade\n|\n|-weather|SunnyDay|[upkeep]\n|-heal|p2a: Annihilape|71\/100|[from] item: Leftovers\n|upkeep\n|c|\u2606VGCLTH John Pork|Brainfart\n|-message|VGCLTH John Pork forfeited.\n|\n|win|same blue\n|raw|VGCLTH John Pork's rating: 1801 &rarr; <strong>1780<\/strong><br \/>(-21 for losing)\n|raw|same blue's rating: 1781 &rarr; <strong>1802<\/strong><br \/>(+21 for winning)\n|l|\u2606VGCLTH John Pork\n|player|p1|\n|l|\u2606same blue\n|player|p2|\n|l| UGCL\n|l| VGCLTH Carrots\n","uploadtime":1731620827,"views":35,"formatid":"gen9vgc2024regh","rating":1780,"private":0,"password":null}