{"id":"gen9vgc2024regh-2244462880","format":"[Gen 9] VGC 2024 Reg H","players":["blindfishptsd","vgclth elowyn"],"log":"|j|\u2606blindfishptsd\n|j|\u2606vgclth elowyn\n|t:|1731685971\n|gametype|doubles\n|player|p1|blindfishptsd|olympia|1672\n|player|p2|vgclth elowyn|170|1757\n|teamsize|p1|6\n|teamsize|p2|6\n|gen|9\n|tier|[Gen 9] VGC 2024 Reg H\n|rated|\n|rule|Species Clause: Limit one of each Pok\u00e9mon\n|rule|Item Clause: Limit 1 of each item\n|clearpoke\n|poke|p1|Gholdengo, L50|\n|poke|p1|Glimmora, L50, F|\n|poke|p1|Talonflame, L50, M|\n|poke|p1|Dragonite, L50, M|\n|poke|p1|Dondozo, L50, M|\n|poke|p1|Tatsugiri, L50, F|\n|poke|p2|Chandelure, L50, M|\n|poke|p2|Sylveon, L50, M|\n|poke|p2|Talonflame, L50, F|\n|poke|p2|Dragapult, L50, M|\n|poke|p2|Electabuzz, L50, M|\n|poke|p2|Decidueye-Hisui, L50, M|\n|teampreview|4\n|inactive|Battle timer is ON: inactive players will automatically lose when time's up. (requested by blindfishptsd)\n|inactive|blindfishptsd has 60 seconds left.\n|\n|t:|1731686017\n|start\n|switch|p1a: Talonflame|Talonflame, L50, M|100\/100\n|switch|p1b: Gholdengo|Gholdengo, L50|100\/100\n|switch|p2a: Ampere|Electabuzz, L50, M|100\/100\n|switch|p2b: Soullight|Chandelure, L50, M|100\/100\n|turn|1\n|\n|t:|1731686023\n|move|p2a: Ampere|Follow Me|p2a: Ampere\n|-singleturn|p2a: Ampere|move: Follow Me\n|move|p1a: Talonflame|Flare Blitz|p2a: Ampere\n|-damage|p2a: Ampere|59\/100\n|-damage|p1a: Talonflame|85\/100|[from] Recoil\n|-damage|p1a: Talonflame|76\/100|[from] item: Life Orb\n|move|p1b: Gholdengo|Shadow Ball|p2a: Ampere\n|-damage|p2a: Ampere|9\/100\n|move|p2b: Soullight|Trick Room|p2b: Soullight\n|-fieldstart|move: Trick Room|[of] p2b: Soullight\n|\n|upkeep\n|turn|2\n|\n|t:|1731686037\n|switch|p1b: Tatsugiri|Tatsugiri, L50, F|100\/100\n|switch|p1a: Dondozo|Dondozo, L50, M|100\/100\n|-activate|p1b: Tatsugiri|ability: Commander|[of] p1a: Dondozo\n|-boost|p1a: Dondozo|atk|2\n|-boost|p1a: Dondozo|spa|2\n|-boost|p1a: Dondozo|spe|2\n|-boost|p1a: Dondozo|def|2\n|-boost|p1a: Dondozo|spd|2\n|move|p2a: Ampere|Electroweb|p1a: Dondozo|[spread] p1a\n|-miss|p2a: Ampere|p1b: Tatsugiri\n|-supereffective|p1a: Dondozo\n|-damage|p1a: Dondozo|86\/100\n|-unboost|p1a: Dondozo|spe|1\n|move|p2b: Soullight|Heat Wave|p1a: Dondozo|[spread] p1a\n|-miss|p2b: Soullight|p1b: Tatsugiri\n|-resisted|p1a: Dondozo\n|-damage|p1a: Dondozo|74\/100\n|-status|p1a: Dondozo|brn\n|\n|-heal|p1a: Dondozo|81\/100 brn|[from] item: Leftovers\n|-damage|p1a: Dondozo|74\/100 brn|[from] brn\n|upkeep\n|turn|3\n|\n|t:|1731686044\n|switch|p2a: Sniper|Decidueye-Hisui, L50, M|100\/100\n|move|p1a: Dondozo|Earthquake|p2b: Soullight|[spread] p2a,p2b\n|-miss|p1a: Dondozo|p1b: Tatsugiri\n|-resisted|p2a: Sniper\n|-supereffective|p2b: Soullight\n|-damage|p2a: Sniper|87\/100\n|-damage|p2b: Soullight|28\/100\n|move|p2b: Soullight|Shadow Ball|p1a: Dondozo\n|-damage|p1a: Dondozo|48\/100 brn\n|\n|-heal|p1a: Dondozo|54\/100 brn|[from] item: Leftovers\n|-damage|p1a: Dondozo|48\/100 brn|[from] brn\n|upkeep\n|turn|4\n|inactive|blindfishptsd has 30 seconds left.\n|inactive|vgclth elowyn has 30 seconds left.\n|inactive|vgclth elowyn has 20 seconds left.\n|inactive|vgclth elowyn has 15 seconds left.\n|\n|t:|1731686085\n|-terastallize|p2b: Soullight|Dark\n|move|p2a: Sniper|Haze|p2a: Sniper\n|-clearallboost\n|move|p1a: Dondozo|Order Up|p2a: Sniper\n|-damage|p2a: Sniper|72\/100\n|-boost|p1a: Dondozo|atk|1\n|move|p2b: Soullight|Shadow Ball|p1a: Dondozo\n|-damage|p1a: Dondozo|0 fnt\n|faint|p1a: Dondozo\n|\n|upkeep\n|\n|t:|1731686101\n|switch|p1a: Talonflame|Talonflame, L50, M|76\/100\n|turn|5\n|\n|t:|1731686121\n|move|p1b: Tatsugiri|Protect|p1b: Tatsugiri\n|-singleturn|p1b: Tatsugiri|Protect\n|move|p2a: Sniper|Triple Arrows|p1b: Tatsugiri\n|-activate|p1b: Tatsugiri|move: Protect\n|move|p2b: Soullight|Shadow Ball|p1a: Talonflame\n|-damage|p1a: Talonflame|0 fnt\n|faint|p1a: Talonflame\n|\n|-fieldend|move: Trick Room\n|upkeep\n|\n|t:|1731686128\n|switch|p1a: Gholdengo|Gholdengo, L50|100\/100\n|turn|6\n|\n|t:|1731686135\n|move|p2a: Sniper|Protect|p2a: Sniper\n|-singleturn|p2a: Sniper|Protect\n|move|p1a: Gholdengo|Make It Rain|p2a: Sniper|[spread] p2b\n|-activate|p2a: Sniper|move: Protect\n|-damage|p2b: Soullight|0 fnt\n|-unboost|p1a: Gholdengo|spa|1\n|faint|p2b: Soullight\n|move|p1b: Tatsugiri|Dragon Pulse|p2a: Sniper\n|-activate|p2a: Sniper|move: Protect\n|\n|upkeep\n|\n|t:|1731686157\n|switch|p2b: Moonlight|Sylveon, L50, M|100\/100\n|turn|7\n|\n|t:|1731686162\n|switch|p2b: Ampere|Electabuzz, L50, M|9\/100\n|-terastallize|p1a: Gholdengo|Steel\n|move|p2a: Sniper|Protect||[still]\n|-fail|p2a: Sniper\n|move|p1a: Gholdengo|Make It Rain|p2a: Sniper|[spread] p2a,p2b\n|-resisted|p2b: Ampere\n|-damage|p2a: Sniper|0 fnt\n|-damage|p2b: Ampere|0 fnt\n|-unboost|p1a: Gholdengo|spa|1\n|faint|p2a: Sniper\n|faint|p2b: Ampere\n|move|p1b: Tatsugiri|Muddy Water|p2: Sniper|[notarget]\n|-fail|p1b: Tatsugiri\n|\n|upkeep\n|\n|t:|1731686165\n|switch|p2b: Moonlight|Sylveon, L50, M|100\/100\n|turn|8\n|\n|t:|1731686173\n|move|p1a: Gholdengo|Make It Rain|p2b: Moonlight\n|-supereffective|p2b: Moonlight\n|-damage|p2b: Moonlight|0 fnt\n|-unboost|p1a: Gholdengo|spa|1\n|faint|p2b: Moonlight\n|\n|win|blindfishptsd\n|raw|blindfishptsd's rating: 1672 &rarr; <strong>1697<\/strong><br \/>(+25 for winning)\n|raw|vgclth elowyn's rating: 1757 &rarr; <strong>1732<\/strong><br \/>(-25 for losing)\n|l|\u2606blindfishptsd\n|player|p1|\n|j| vgclth souly\n|l| vgclth souly\n|l|\u2606vgclth elowyn\n|player|p2|\n","uploadtime":1731686390,"views":9,"formatid":"gen9vgc2024regh","rating":1697,"private":0,"password":null}