{"id":"gen9vgc2024regh-2244051149","format":"[Gen 9] VGC 2024 Reg H","players":["VGCLTH Glock Tuah","don't use magmar"],"log":"|raw|<div class=\"broadcast-blue\"><strong>This battle is required to be public due to a player having a name starting with 'vgclth'.<\/div>\n|j|\u2606VGCLTH Glock Tuah\n|j|\u2606don't use magmar\n|t:|1731625502\n|gametype|doubles\n|player|p1|VGCLTH Glock Tuah|koga-lgpe|1783\n|player|p2|don't use magmar|lucas|1837\n|teamsize|p1|6\n|teamsize|p2|6\n|gen|9\n|tier|[Gen 9] VGC 2024 Reg H\n|rated|\n|rule|Species Clause: Limit one of each Pok\u00e9mon\n|rule|Item Clause: Limit 1 of each item\n|clearpoke\n|poke|p1|Annihilape, L50, M|\n|poke|p1|Dondozo, L50, M|\n|poke|p1|Maushold-Four, L50|\n|poke|p1|Gholdengo, L50|\n|poke|p1|Whimsicott, L50, F|\n|poke|p1|Tatsugiri, L50, F|\n|poke|p2|Incineroar, L50, M|\n|poke|p2|Amoonguss, L50, F|\n|poke|p2|Gholdengo, L50|\n|poke|p2|Palafin, L50, M|\n|poke|p2|Dragapult, L50, M|\n|poke|p2|Garganacl, L50, F|\n|teampreview|4\n|inactive|Battle timer is ON: inactive players will automatically lose when time's up. (requested by VGCLTH Glock Tuah)\n|j| Red Fang X\n|l| Red Fang X\n|\n|t:|1731625531\n|start\n|switch|p1a: Maushold|Maushold-Four, L50|100\/100\n|switch|p1b: Annihilape|Annihilape, L50, M, shiny|100\/100\n|switch|p2a: Palafin|Palafin, L50, M|100\/100\n|switch|p2b: Dragapult|Dragapult, L50, M|100\/100\n|turn|1\n|\n|t:|1731625545\n|detailschange|p2a: Palafin|Palafin-Hero, L50, M\n|switch|p2a: Amoonguss|Amoonguss, L50, F|100\/100\n|-terastallize|p2b: Dragapult|Dragon\n|move|p2b: Dragapult|Outrage|p1b: Annihilape\n|-damage|p1b: Annihilape|0 fnt\n|faint|p1b: Annihilape\n|move|p1a: Maushold|Beat Up|p1: Annihilape|[notarget]\n|-fail|p1a: Maushold\n|\n|upkeep\n|\n|t:|1731625555\n|switch|p1b: Dondozo|Dondozo, L50, M, shiny|100\/100\n|turn|2\n|\n|t:|1731625560\n|switch|p1a: Tatsugiri|Tatsugiri, L50, F, shiny|100\/100\n|-activate|p1a: Tatsugiri|ability: Commander|[of] p1b: Dondozo\n|-boost|p1b: Dondozo|atk|2\n|-boost|p1b: Dondozo|spa|2\n|-boost|p1b: Dondozo|spe|2\n|-boost|p1b: Dondozo|def|2\n|-boost|p1b: Dondozo|spd|2\n|-terastallize|p1b: Dondozo|Grass\n|move|p2b: Dragapult|Outrage|p1a: Tatsugiri|[from]lockedmove|[miss]\n|-miss|p2b: Dragapult|p1a: Tatsugiri\n|move|p1b: Dondozo|Order Up|p2b: Dragapult\n|-supereffective|p2b: Dragapult\n|-damage|p2b: Dragapult|0 fnt\n|faint|p2b: Dragapult\n|-boost|p1b: Dondozo|atk|1\n|move|p2a: Amoonguss|Spore|p1b: Dondozo\n|-immune|p1b: Dondozo\n|\n|upkeep\n|\n|t:|1731625569\n|switch|p2b: Garganacl|Garganacl, L50, F|100\/100\n|turn|3\n|\n|t:|1731625576\n|move|p2b: Garganacl|Protect|p2b: Garganacl\n|-singleturn|p2b: Garganacl|Protect\n|move|p1b: Dondozo|Order Up|p2a: Amoonguss\n|-damage|p2a: Amoonguss|47\/100\n|-enditem|p2a: Amoonguss|Sitrus Berry|[eat]\n|-heal|p2a: Amoonguss|72\/100|[from] item: Sitrus Berry\n|-boost|p1b: Dondozo|atk|1\n|move|p2a: Amoonguss|Sludge Bomb|p1b: Dondozo\n|-supereffective|p1b: Dondozo\n|-damage|p1b: Dondozo|71\/100\n|\n|-heal|p1b: Dondozo|77\/100|[from] item: Leftovers\n|upkeep\n|turn|4\n|\n|t:|1731625591\n|move|p1b: Dondozo|Order Up|p2a: Amoonguss\n|-damage|p2a: Amoonguss|11\/100\n|-boost|p1b: Dondozo|atk|1\n|move|p2b: Garganacl|Salt Cure|p1b: Dondozo\n|-damage|p1b: Dondozo|73\/100\n|-start|p1b: Dondozo|Salt Cure\n|move|p2a: Amoonguss|Sludge Bomb|p1b: Dondozo\n|-supereffective|p1b: Dondozo\n|-damage|p1b: Dondozo|43\/100\n|-status|p1b: Dondozo|psn\n|\n|-heal|p1b: Dondozo|49\/100 psn|[from] item: Leftovers\n|-damage|p1b: Dondozo|36\/100 psn|[from] psn\n|-damage|p1b: Dondozo|24\/100 psn|[from] Salt Cure\n|upkeep\n|turn|5\n|j| Red Fang X\n|\n|t:|1731625612\n|move|p2b: Garganacl|Protect|p2b: Garganacl\n|-singleturn|p2b: Garganacl|Protect\n|move|p2a: Amoonguss|Protect|p2a: Amoonguss\n|-singleturn|p2a: Amoonguss|Protect\n|move|p1b: Dondozo|Order Up|p2a: Amoonguss\n|-activate|p2a: Amoonguss|move: Protect\n|\n|-heal|p1b: Dondozo|30\/100 psn|[from] item: Leftovers\n|-damage|p1b: Dondozo|18\/100 psn|[from] psn\n|-damage|p1b: Dondozo|5\/100 psn|[from] Salt Cure\n|upkeep\n|turn|6\n|inactive|VGCLTH Glock Tuah has 30 seconds left.\n|\n|t:|1731625642\n|move|p2b: Garganacl|Wide Guard|p2b: Garganacl\n|-singleturn|p2b: Garganacl|Wide Guard\n|move|p1b: Dondozo|Tera Blast|p2a: Amoonguss|[anim] Tera Blast Grass\n|-resisted|p2a: Amoonguss\n|-damage|p2a: Amoonguss|0 fnt\n|faint|p2a: Amoonguss\n|\n|-heal|p1b: Dondozo|12\/100 psn|[from] item: Leftovers\n|-damage|p1b: Dondozo|0 fnt|[from] psn\n|faint|p1b: Dondozo\n|upkeep\n|j| pikavgc111\n|\n|t:|1731625646\n|switch|p1b: Maushold|Maushold-Four, L50|100\/100\n|switch|p2a: Palafin|Palafin-Hero, L50, M|100\/100\n|-activate|p2a: Palafin|ability: Zero to Hero\n|turn|7\n|\n|t:|1731625653\n|move|p1b: Maushold|Follow Me|p1b: Maushold\n|-singleturn|p1b: Maushold|move: Follow Me\n|move|p1a: Tatsugiri|Draco Meteor|p2a: Palafin\n|-damage|p2a: Palafin|43\/100\n|-unboost|p1a: Tatsugiri|spa|2\n|move|p2a: Palafin|Close Combat|p1b: Maushold\n|-supereffective|p1b: Maushold\n|-enditem|p1b: Maushold|Focus Sash\n|-damage|p1b: Maushold|1\/100\n|-unboost|p2a: Palafin|def|1\n|-unboost|p2a: Palafin|spd|1\n|move|p2b: Garganacl|Salt Cure|p1b: Maushold\n|-damage|p1b: Maushold|0 fnt\n|faint|p1b: Maushold\n|\n|upkeep\n|turn|8\n|\n|t:|1731625660\n|move|p2a: Palafin|Jet Punch|p1a: Tatsugiri\n|-resisted|p1a: Tatsugiri\n|-damage|p1a: Tatsugiri|77\/100\n|move|p1a: Tatsugiri|Draco Meteor|p2a: Palafin\n|-damage|p2a: Palafin|0 fnt\n|-unboost|p1a: Tatsugiri|spa|2\n|faint|p2a: Palafin\n|move|p2b: Garganacl|Salt Cure|p1a: Tatsugiri\n|-damage|p1a: Tatsugiri|52\/100\n|-start|p1a: Tatsugiri|Salt Cure\n|\n|-damage|p1a: Tatsugiri|27\/100|[from] Salt Cure\n|upkeep\n|turn|9\n|\n|t:|1731625663\n|move|p2b: Garganacl|Protect|p2b: Garganacl\n|-singleturn|p2b: Garganacl|Protect\n|move|p1a: Tatsugiri|Draco Meteor|p2b: Garganacl\n|-activate|p2b: Garganacl|move: Protect\n|\n|-damage|p1a: Tatsugiri|2\/100|[from] Salt Cure\n|upkeep\n|turn|10\n|\n|t:|1731625665\n|move|p2b: Garganacl|Protect|p2b: Garganacl\n|-singleturn|p2b: Garganacl|Protect\n|move|p1a: Tatsugiri|Draco Meteor|p2b: Garganacl\n|-activate|p2b: Garganacl|move: Protect\n|\n|-damage|p1a: Tatsugiri|0 fnt|[from] Salt Cure\n|faint|p1a: Tatsugiri\n|\n|win|don't use magmar\n|upkeep\n|raw|VGCLTH Glock Tuah's rating: 1783 &rarr; <strong>1766<\/strong><br \/>(-17 for losing)\n|raw|don&apos;t use magmar's rating: 1837 &rarr; <strong>1854<\/strong><br \/>(+17 for winning)\n|l| pikavgc111\n|l|\u2606VGCLTH Glock Tuah\n|player|p1|\n|l|\u2606don't use magmar\n|player|p2|\n|l| Red Fang X\n","uploadtime":1731625820,"views":47,"formatid":"gen9vgc2024regh","rating":1766,"private":0,"password":null}