{"id":"gen9vgc2024regh-2244856388","format":"[Gen 9] VGC 2024 Reg H","players":["Betsie","VGCLTH Bigfoot"],"log":"|j|\u2606Betsie\n|j|\u2606VGCLTH Bigfoot\n|t:|1731731598\n|gametype|doubles\n|player|p1|Betsie|grimsley-masters|1694\n|player|p2|VGCLTH Bigfoot|falkner|1767\n|teamsize|p1|6\n|teamsize|p2|6\n|gen|9\n|tier|[Gen 9] VGC 2024 Reg H\n|rated|\n|rule|Species Clause: Limit one of each Pok\u00e9mon\n|rule|Item Clause: Limit 1 of each item\n|clearpoke\n|poke|p1|Kingambit, L50, M|\n|poke|p1|Sneasler, L50, F|\n|poke|p1|Dragonite, L50, M|\n|poke|p1|Primarina, L50, M|\n|poke|p1|Rillaboom, L50, F|\n|poke|p1|Volcarona, L50, F|\n|poke|p2|Ceruledge, L50, M|\n|poke|p2|Gastrodon-East, L50, M|\n|poke|p2|Sneasler, L50, F|\n|poke|p2|Dragonite, L50, M|\n|poke|p2|Rillaboom, L50, F|\n|poke|p2|Kingambit, L50, M|\n|teampreview|4\n|inactive|Battle timer is ON: inactive players will automatically lose when time's up. (requested by Betsie)\n|inactive|Betsie has 60 seconds left.\n|\n|t:|1731731633\n|start\n|switch|p1a: Sneasler|Sneasler, L50, F|100\/100\n|switch|p1b: Dragonite|Dragonite, L50, M|100\/100\n|switch|p2a: Sneasler|Sneasler, L50, F, shiny|100\/100\n|switch|p2b: Ceruledge|Ceruledge, L50, M|100\/100\n|turn|1\n|j| Ghostslayer15\n|l| Ghostslayer15\n|\n|t:|1731731647\n|move|p2a: Sneasler|Fake Out|p1b: Dragonite\n|-crit|p1b: Dragonite\n|-damage|p1b: Dragonite|88\/100\n|move|p1a: Sneasler|Coaching|p1b: Dragonite\n|-boost|p1b: Dragonite|atk|1\n|-boost|p1b: Dragonite|def|1\n|cant|p1b: Dragonite|flinch\n|move|p2b: Ceruledge|Bitter Blade|p1a: Sneasler\n|-damage|p1a: Sneasler|10\/100\n|\n|upkeep\n|turn|2\n|j| Ghostslayer15\n|c| Ghostslayer15|I\u2019m back\n|inactive|Betsie has 30 seconds left.\n|j| ProssettiVGC\n|inactive|Betsie has 20 seconds left.\n|c| ProssettiVGC|hey ghost\n|inactive|Betsie has 15 seconds left.\n|inactive|Betsie has 10 seconds left.\n|c| Ghostslayer15|What\n|c| ProssettiVGC|hi\n|\n|t:|1731731695\n|move|p2b: Ceruledge|Shadow Sneak|p1a: Sneasler\n|-damage|p1a: Sneasler|0 fnt\n|faint|p1a: Sneasler\n|move|p2a: Sneasler|Coaching|p2b: Ceruledge\n|-boost|p2b: Ceruledge|atk|1\n|-boost|p2b: Ceruledge|def|1\n|move|p1b: Dragonite|Scale Shot|p2b: Ceruledge\n|-damage|p2b: Ceruledge|86\/100\n|-damage|p2b: Ceruledge|70\/100\n|-damage|p2b: Ceruledge|54\/100\n|-damage|p2b: Ceruledge|37\/100\n|-hitcount|p2b: Ceruledge|4\n|-unboost|p1b: Dragonite|def|1\n|-boost|p1b: Dragonite|spe|1\n|\n|-heal|p2b: Ceruledge|43\/100|[from] item: Leftovers\n|upkeep\n|c| Ghostslayer15|hello\n|c|\u2606VGCLTH Bigfoot|ghost(ing?)\n|\n|t:|1731731702\n|switch|p1a: Primarina|Primarina, L50, M|100\/100\n|turn|3\n|c| Ghostslayer15|rizzing\n|c| ProssettiVGC|no, ghost slaying\n|\n|t:|1731731717\n|-terastallize|p2b: Ceruledge|Grass\n|move|p1b: Dragonite|Scale Shot|p2a: Sneasler\n|-damage|p2a: Sneasler|66\/100\n|-damage|p2a: Sneasler|32\/100\n|-damage|p2a: Sneasler|0 fnt\n|faint|p2a: Sneasler\n|-hitcount|p2: Sneasler|3\n|-unboost|p1b: Dragonite|def|1\n|-boost|p1b: Dragonite|spe|1\n|move|p2b: Ceruledge|Bitter Blade|p1b: Dragonite\n|-resisted|p1b: Dragonite\n|-damage|p1b: Dragonite|30\/100\n|-heal|p2b: Ceruledge|70\/100|[from] drain|[of] p1b: Dragonite\n|move|p1a: Primarina|Hyper Voice|p2b: Ceruledge\n|-resisted|p2b: Ceruledge\n|-damage|p2b: Ceruledge|49\/100\n|-enditem|p1a: Primarina|Throat Spray\n|-boost|p1a: Primarina|spa|1|[from] item: Throat Spray\n|\n|-heal|p2b: Ceruledge|55\/100|[from] item: Leftovers\n|upkeep\n|\n|t:|1731731722\n|switch|p2a: Rillaboom|Rillaboom, L50, F|100\/100\n|-fieldstart|move: Grassy Terrain|[from] ability: Grassy Surge|[of] p2a: Rillaboom\n|turn|4\n|c| Ghostslayer15|\ud83d\udc4d\n|l| Ghostslayer15\n|\n|t:|1731731738\n|move|p1b: Dragonite|Protect|p1b: Dragonite\n|-singleturn|p1b: Dragonite|Protect\n|move|p1a: Primarina|Protect|p1a: Primarina\n|-singleturn|p1a: Primarina|Protect\n|move|p2a: Rillaboom|Fake Out|p1a: Primarina\n|-activate|p1a: Primarina|move: Protect\n|move|p2b: Ceruledge|Shadow Sneak|p1b: Dragonite\n|-activate|p1b: Dragonite|move: Protect\n|\n|-heal|p2b: Ceruledge|61\/100|[from] Grassy Terrain\n|-heal|p2b: Ceruledge|67\/100|[from] item: Leftovers\n|upkeep\n|turn|5\n|j| Ghostslayer15\n|c| Ghostslayer15|Slay\n|\n|t:|1731731760\n|-terastallize|p1a: Primarina|Poison\n|move|p2b: Ceruledge|Protect|p2b: Ceruledge\n|-singleturn|p2b: Ceruledge|Protect\n|move|p1b: Dragonite|Tailwind|p1b: Dragonite\n|-sidestart|p1: Betsie|move: Tailwind\n|move|p1a: Primarina|Moonblast|p2b: Ceruledge\n|-activate|p2b: Ceruledge|move: Protect\n|move|p2a: Rillaboom|Wood Hammer|p1b: Dragonite\n|-resisted|p1b: Dragonite\n|-damage|p1b: Dragonite|0 fnt\n|faint|p1b: Dragonite\n|-damage|p2a: Rillaboom|91\/100|[from] Recoil\n|\n|-heal|p2a: Rillaboom|97\/100|[from] Grassy Terrain\n|-heal|p2b: Ceruledge|73\/100|[from] Grassy Terrain\n|-heal|p2b: Ceruledge|80\/100|[from] item: Leftovers\n|upkeep\n|\n|t:|1731731764\n|switch|p1b: Rillaboom|Rillaboom, L50, F|100\/100\n|turn|6\n|\n|t:|1731731770\n|move|p1b: Rillaboom|Fake Out|p2a: Rillaboom\n|-damage|p2a: Rillaboom|81\/100\n|move|p1a: Primarina|Moonblast|p2b: Ceruledge\n|-damage|p2b: Ceruledge|6\/100\n|cant|p2a: Rillaboom|flinch\n|move|p2b: Ceruledge|Bitter Blade|p1b: Rillaboom\n|-supereffective|p1b: Rillaboom\n|-damage|p1b: Rillaboom|0 fnt\n|-heal|p2b: Ceruledge|63\/100|[from] drain|[of] p1b: Rillaboom\n|faint|p1b: Rillaboom\n|\n|-heal|p2a: Rillaboom|87\/100|[from] Grassy Terrain\n|-heal|p2b: Ceruledge|69\/100|[from] Grassy Terrain\n|-heal|p2b: Ceruledge|75\/100|[from] item: Leftovers\n|upkeep\n|turn|7\n|l| ProssettiVGC\n|-message|Betsie forfeited.\n|\n|win|VGCLTH Bigfoot\n|raw|Betsie's rating: 1694 &rarr; <strong>1678<\/strong><br \/>(-16 for losing)\n|raw|VGCLTH Bigfoot's rating: 1767 &rarr; <strong>1783<\/strong><br \/>(+16 for winning)\n|l|\u2606Betsie\n|player|p1|\n|l|\u2606VGCLTH Bigfoot\n|player|p2|\n|l| Ghostslayer15\n","uploadtime":1731732048,"views":20,"formatid":"gen9vgc2024regh","rating":1678,"private":0,"password":null}