{"id":"gen9vgc2024regh-2244482396","format":"[Gen 9] VGC 2024 Reg H","players":["alex12389","VGCLTH Rishi"],"log":"|raw|<div class=\"broadcast-blue\"><strong>This battle is required to be public due to a player having a name starting with 'vgclth'.<\/div>\n|j|\u2606alex12389\n|j|\u2606VGCLTH Rishi\n|t:|1731687950\n|gametype|doubles\n|player|p1|alex12389|caitlin|1700\n|player|p2|VGCLTH Rishi|shauntal|1837\n|teamsize|p1|6\n|teamsize|p2|6\n|gen|9\n|tier|[Gen 9] VGC 2024 Reg H\n|rated|\n|rule|Species Clause: Limit one of each Pok\u00e9mon\n|rule|Item Clause: Limit 1 of each item\n|clearpoke\n|poke|p1|Armarouge, L50, F|\n|poke|p1|Indeedee-F, L50, F|\n|poke|p1|Ursaluna, L50, M|\n|poke|p1|Gallade, L50, M|\n|poke|p1|Torkoal, L50, M|\n|poke|p1|Lilligant-Hisui, L50, F|\n|poke|p2|Kommo-o, L50, F|\n|poke|p2|Rillaboom, L50, F|\n|poke|p2|Tyranitar, L50, F|\n|poke|p2|Talonflame, L50, M|\n|poke|p2|Gholdengo, L50|\n|poke|p2|Milotic, L50, F|\n|teampreview|4\n|inactive|Battle timer is ON: inactive players will automatically lose when time's up. (requested by alex12389)\n|inactive|VGCLTH Rishi has 60 seconds left.\n|j| Furret the heretic\n|inactive|alex12389 has 60 seconds left.\n|inactive|VGCLTH Rishi has 30 seconds left.\n|inactive|VGCLTH Rishi has 20 seconds left.\n|inactive|VGCLTH Rishi has 15 seconds left.\n|inactive|VGCLTH Rishi has 10 seconds left.\n|\n|t:|1731688032\n|start\n|switch|p1a: Indeedee|Indeedee-F, L50, F|100\/100\n|switch|p1b: Gallade|Gallade, L50, M|100\/100\n|switch|p2a: Talonflame|Talonflame, L50, M|100\/100\n|switch|p2b: Gholdengo|Gholdengo, L50|100\/100\n|-fieldstart|move: Psychic Terrain|[from] ability: Psychic Surge|[of] p1a: Indeedee\n|-enditem|p1a: Indeedee|Psychic Seed\n|-boost|p1a: Indeedee|spd|1|[from] item: Psychic Seed\n|turn|1\n|inactive|alex12389 has 30 seconds left.\n|inactive|VGCLTH Rishi has 30 seconds left.\n|inactive|VGCLTH Rishi has 20 seconds left.\n|\n|t:|1731688068\n|switch|p2a: Rillaboom|Rillaboom, L50, F, shiny|100\/100\n|-fieldstart|move: Grassy Terrain|[from] ability: Grassy Surge|[of] p2a: Rillaboom\n|move|p1a: Indeedee|Follow Me|p1a: Indeedee\n|-singleturn|p1a: Indeedee|move: Follow Me\n|move|p2b: Gholdengo|Make It Rain|p1a: Indeedee|[spread] p1a,p1b\n|-crit|p1a: Indeedee\n|-damage|p1a: Indeedee|4\/100\n|-damage|p1b: Gallade|37\/100\n|-unboost|p2b: Gholdengo|spa|1\n|move|p1b: Gallade|Trick Room|p1b: Gallade\n|-fieldstart|move: Trick Room|[of] p1b: Gallade\n|\n|-heal|p1b: Gallade|43\/100|[from] Grassy Terrain\n|-heal|p1a: Indeedee|10\/100|[from] Grassy Terrain\n|upkeep\n|turn|2\n|inactive|alex12389 has 30 seconds left.\n|inactive|VGCLTH Rishi has 30 seconds left.\n|\n|t:|1731688096\n|switch|p1a: Ursaluna|Ursaluna, L50, M|100\/100\n|move|p1b: Gallade|Wide Guard|p1b: Gallade\n|-singleturn|p1b: Gallade|Wide Guard\n|move|p2a: Rillaboom|Wood Hammer|p1a: Ursaluna\n|-supereffective|p1a: Ursaluna\n|-damage|p1a: Ursaluna|0 fnt\n|faint|p1a: Ursaluna\n|-damage|p2a: Rillaboom|61\/100|[from] Recoil\n|move|p2b: Gholdengo|Make It Rain|p1b: Gallade\n|-activate|p1b: Gallade|move: Wide Guard\n|\n|-heal|p1b: Gallade|48\/100|[from] Grassy Terrain\n|-heal|p2a: Rillaboom|67\/100|[from] Grassy Terrain\n|upkeep\n|\n|t:|1731688117\n|switch|p1a: Armarouge|Armarouge, L50, F|100\/100\n|turn|3\n|inactive|VGCLTH Rishi has 30 seconds left.\n|\n|t:|1731688149\n|switch|p1b: Indeedee|Indeedee-F, L50, F|10\/100\n|-fieldstart|move: Psychic Terrain|[from] ability: Psychic Surge|[of] p1b: Indeedee\n|move|p1a: Armarouge|Expanding Force|p2a: Rillaboom|[spread] p2a,p2b\n|-resisted|p2b: Gholdengo\n|-damage|p2a: Rillaboom|0 fnt\n|-damage|p2b: Gholdengo|50\/100\n|faint|p2a: Rillaboom\n|-damage|p1a: Armarouge|91\/100|[from] item: Life Orb\n|move|p2b: Gholdengo|Make It Rain|p1a: Armarouge|[spread] p1a,p1b\n|-resisted|p1a: Armarouge\n|-damage|p1a: Armarouge|65\/100\n|-damage|p1b: Indeedee|0 fnt\n|-unboost|p2b: Gholdengo|spa|1\n|faint|p1b: Indeedee\n|\n|upkeep\n|\n|t:|1731688167\n|switch|p1b: Gallade|Gallade, L50, M|48\/100\n|switch|p2a: Tyranitar|Tyranitar, L50, F|100\/100\n|-weather|Sandstorm|[from] ability: Sand Stream|[of] p2a: Tyranitar\n|turn|4\n|\n|t:|1731688190\n|-terastallize|p2a: Tyranitar|Flying\n|move|p1b: Gallade|Sacred Sword|p2a: Tyranitar\n|-resisted|p2a: Tyranitar\n|-damage|p2a: Tyranitar|70\/100\n|move|p1a: Armarouge|Expanding Force|p2a: Tyranitar|[spread] p2a,p2b\n|-resisted|p2b: Gholdengo\n|-damage|p2a: Tyranitar|15\/100\n|-damage|p2b: Gholdengo|0 fnt\n|faint|p2b: Gholdengo\n|-damage|p1a: Armarouge|56\/100|[from] item: Life Orb\n|move|p2a: Tyranitar|Knock Off|p1a: Armarouge\n|-supereffective|p1a: Armarouge\n|-damage|p1a: Armarouge|0 fnt\n|-enditem|p1a: Armarouge|Life Orb|[from] move: Knock Off|[of] p2a: Tyranitar\n|faint|p1a: Armarouge\n|\n|-weather|Sandstorm|[upkeep]\n|-damage|p1b: Gallade|43\/100|[from] Sandstorm\n|-damage|p2a: Tyranitar|9\/100|[from] Sandstorm\n|upkeep\n|\n|t:|1731688200\n|switch|p2b: Talonflame|Talonflame, L50, M|100\/100\n|turn|5\n|\n|t:|1731688213\n|move|p1b: Gallade|Psycho Cut|p2b: Talonflame\n|-damage|p2b: Talonflame|12\/100\n|move|p2a: Tyranitar|Knock Off|p1b: Gallade\n|-damage|p1b: Gallade|0 fnt\n|-enditem|p1b: Gallade|Clear Amulet|[from] move: Knock Off|[of] p2a: Tyranitar\n|faint|p1b: Gallade\n|\n|win|VGCLTH Rishi\n|raw|alex12389's rating: 1700 &rarr; <strong>1688<\/strong><br \/>(-12 for losing)\n|raw|VGCLTH Rishi's rating: 1837 &rarr; <strong>1849<\/strong><br \/>(+12 for winning)\n|l|\u2606VGCLTH Rishi\n|player|p2|\n|l|\u2606alex12389\n|player|p1|\n|l| Furret the heretic\n","uploadtime":1731688460,"views":16,"formatid":"gen9vgc2024regh","rating":1688,"private":0,"password":null}