{"id":"gen9vgc2024regh-2244464910","format":"[Gen 9] VGC 2024 Reg H","players":["hikofg","vgclth elowyn"],"log":"|raw|<div class=\"broadcast-blue\"><strong>This battle is required to be public due to a player having a name starting with 'vgclth'.<\/div>\n|j|\u2606hikofg\n|j|\u2606vgclth elowyn\n|t:|1731686174\n|gametype|doubles\n|player|p1|hikofg|fisherman-gen4|1686\n|player|p2|vgclth elowyn|170|1732\n|teamsize|p1|6\n|teamsize|p2|6\n|gen|9\n|tier|[Gen 9] VGC 2024 Reg H\n|rated|\n|rule|Species Clause: Limit one of each Pok\u00e9mon\n|rule|Item Clause: Limit 1 of each item\n|clearpoke\n|poke|p1|Dragonite, L50, M|\n|poke|p1|Tinkaton, L50, F|\n|poke|p1|Annihilape, L50, M|\n|poke|p1|Gastrodon-East, L50, F|\n|poke|p1|Rotom-Heat, L50|\n|poke|p1|Meowscarada, L50, F|\n|poke|p2|Chandelure, L50, M|\n|poke|p2|Sylveon, L50, M|\n|poke|p2|Talonflame, L50, F|\n|poke|p2|Dragapult, L50, M|\n|poke|p2|Electabuzz, L50, M|\n|poke|p2|Decidueye-Hisui, L50, F|\n|teampreview|4\n|inactive|Battle timer is ON: inactive players will automatically lose when time's up. (requested by hikofg)\n|\n|t:|1731686196\n|start\n|switch|p1a: Meowscarada|Meowscarada, L50, F, shiny|100\/100\n|switch|p1b: Dragonite|Dragonite, L50, M|100\/100\n|switch|p2a: Ampere|Electabuzz, L50, M|100\/100\n|switch|p2b: Turning|Dragapult, L50, M|100\/100\n|turn|1\n|\n|t:|1731686211\n|move|p2a: Ampere|Follow Me|p2a: Ampere\n|-singleturn|p2a: Ampere|move: Follow Me\n|move|p2b: Turning|Dragon Darts|p1a: Meowscarada\n|-damage|p1a: Meowscarada|41\/100\n|-anim|p2b: Turning|Dragon Darts|p1b: Dragonite\n|-supereffective|p1b: Dragonite\n|-crit|p1b: Dragonite\n|-damage|p1b: Dragonite|35\/100\n|move|p1a: Meowscarada|Knock Off|p2a: Ampere\n|-damage|p2a: Ampere|70\/100\n|-enditem|p2a: Ampere|Eviolite|[from] move: Knock Off|[of] p1a: Meowscarada\n|move|p1b: Dragonite|Scale Shot|p2a: Ampere\n|-damage|p2a: Ampere|54\/100\n|-damage|p2a: Ampere|39\/100\n|-damage|p2a: Ampere|23\/100\n|-damage|p2a: Ampere|8\/100\n|-damage|p2a: Ampere|0 fnt\n|faint|p2a: Ampere\n|-hitcount|p2: Ampere|5\n|-unboost|p1b: Dragonite|def|1\n|-boost|p1b: Dragonite|spe|1\n|\n|upkeep\n|\n|t:|1731686224\n|switch|p2a: MarcoFiaro|Talonflame, L50, F|100\/100\n|turn|2\n|\n|t:|1731686237\n|move|p1a: Meowscarada|Protect|p1a: Meowscarada\n|-singleturn|p1a: Meowscarada|Protect\n|move|p2a: MarcoFiaro|Tailwind|p2a: MarcoFiaro\n|-sidestart|p2: vgclth elowyn|move: Tailwind\n|move|p2b: Turning|Dragon Darts|p1b: Dragonite\n|-supereffective|p1b: Dragonite\n|-damage|p1b: Dragonite|0 fnt\n|faint|p1b: Dragonite\n|\n|upkeep\n|\n|t:|1731686242\n|switch|p1b: Rotom|Rotom-Heat, L50|100\/100\n|turn|3\n|\n|t:|1731686248\n|move|p2a: MarcoFiaro|Dual Wingbeat|p1a: Meowscarada|[miss]\n|-miss|p2a: MarcoFiaro|p1a: Meowscarada\n|move|p2b: Turning|Dragon Darts|p1b: Rotom\n|-damage|p1b: Rotom|58\/100\n|-anim|p2b: Turning|Dragon Darts|p1a: Meowscarada\n|-damage|p1a: Meowscarada|0 fnt\n|faint|p1a: Meowscarada\n|move|p1b: Rotom|Thunderbolt|p2a: MarcoFiaro\n|-supereffective|p2a: MarcoFiaro\n|-damage|p2a: MarcoFiaro|6\/100\n|\n|upkeep\n|\n|t:|1731686258\n|switch|p1a: Annihilape|Annihilape, L50, M, shiny|100\/100\n|turn|4\n|j| Furret the heretic\n|inactive|vgclth elowyn has 30 seconds left.\n|\n|t:|1731686288\n|-terastallize|p2a: MarcoFiaro|Stellar\n|-terastallize|p1a: Annihilape|Electric\n|move|p2a: MarcoFiaro|Flare Blitz|p1b: Rotom\n|-resisted|p1b: Rotom\n|-damage|p1b: Rotom|25\/100\n|-enditem|p1b: Rotom|Sitrus Berry|[eat]\n|-heal|p1b: Rotom|50\/100|[from] item: Sitrus Berry\n|-damage|p2a: MarcoFiaro|0 fnt|[from] Recoil\n|faint|p2a: MarcoFiaro\n|move|p2b: Turning|Dragon Darts|p1b: Rotom\n|-damage|p1b: Rotom|2\/100\n|-anim|p2b: Turning|Dragon Darts|p1a: Annihilape\n|-damage|p1a: Annihilape|63\/100\n|move|p1b: Rotom|Thunderbolt|p2b: Turning\n|-resisted|p2b: Turning\n|-damage|p2b: Turning|78\/100\n|move|p1a: Annihilape|Rage Fist|p2b: Turning\n|-supereffective|p2b: Turning\n|-damage|p2b: Turning|0 fnt\n|faint|p2b: Turning\n|\n|upkeep\n|\n|t:|1731686296\n|switch|p2b: Moonlight|Sylveon, L50, M|100\/100\n|turn|5\n|\n|t:|1731686308\n|move|p1b: Rotom|Protect|p1b: Rotom\n|-singleturn|p1b: Rotom|Protect\n|move|p1a: Annihilape|Protect|p1a: Annihilape\n|-singleturn|p1a: Annihilape|Protect\n|move|p2b: Moonlight|Hyper Voice|p1b: Rotom|[spread] \n|-activate|p1a: Annihilape|move: Protect\n|-activate|p1b: Rotom|move: Protect\n|\n|-sideend|p2: vgclth elowyn|move: Tailwind\n|upkeep\n|turn|6\n|\n|t:|1731686320\n|move|p1b: Rotom|Overheat|p2b: Moonlight\n|-damage|p2b: Moonlight|58\/100\n|-unboost|p1b: Rotom|spa|2\n|move|p1a: Annihilape|Drain Punch|p2b: Moonlight\n|-resisted|p2b: Moonlight\n|-damage|p2b: Moonlight|34\/100\n|-heal|p1a: Annihilape|73\/100|[from] drain|[of] p2b: Moonlight\n|move|p2b: Moonlight|Hyper Voice|p1b: Rotom|[spread] p1a,p1b\n|-resisted|p1b: Rotom\n|-damage|p1a: Annihilape|27\/100\n|-damage|p1b: Rotom|0 fnt\n|faint|p1b: Rotom\n|\n|upkeep\n|turn|7\n|\n|t:|1731686328\n|move|p1a: Annihilape|Rage Fist|p2b: Moonlight\n|-damage|p2b: Moonlight|0 fnt\n|faint|p2b: Moonlight\n|\n|win|hikofg\n|raw|hikofg's rating: 1686 &rarr; <strong>1709<\/strong><br \/>(+23 for winning)\n|raw|vgclth elowyn's rating: 1732 &rarr; <strong>1709<\/strong><br \/>(-23 for losing)\n|l|\u2606hikofg\n|player|p1|\n|l|\u2606vgclth elowyn\n|player|p2|\n|l| Furret the heretic\n","uploadtime":1731686528,"views":11,"formatid":"gen9vgc2024regh","rating":1709,"private":0,"password":null}