{"id":"gen9vgc2024regh-2244458824","format":"[Gen 9] VGC 2024 Reg H","players":["vgclth elowyn","teenage fanclub"],"log":"|raw|<div class=\"broadcast-blue\"><strong>This battle is required to be public due to a player having a name starting with 'vgclth'.<\/div>\n|j|\u2606vgclth elowyn\n|j|\u2606teenage fanclub\n|t:|1731685566\n|gametype|doubles\n|player|p1|vgclth elowyn|170|1705\n|player|p2|teenage fanclub|102|1718\n|teamsize|p1|6\n|teamsize|p2|6\n|gen|9\n|tier|[Gen 9] VGC 2024 Reg H\n|rated|\n|rule|Species Clause: Limit one of each Pok\u00e9mon\n|rule|Item Clause: Limit 1 of each item\n|clearpoke\n|poke|p1|Chandelure, L50, F|\n|poke|p1|Sylveon, L50, F|\n|poke|p1|Talonflame, L50, M|\n|poke|p1|Dragapult, L50, F|\n|poke|p1|Electabuzz, L50, M|\n|poke|p1|Decidueye-Hisui, L50, F|\n|poke|p2|Sneasler, L50, M|\n|poke|p2|Dragonite, L50, F|\n|poke|p2|Rillaboom, L50, F|\n|poke|p2|Volcarona, L50, M|\n|poke|p2|Dondozo, L50, F|\n|poke|p2|Kingambit, L50, M|\n|teampreview|4\n|inactive|Battle timer is ON: inactive players will automatically lose when time's up. (requested by teenage fanclub)\n|\n|t:|1731685597\n|start\n|switch|p1a: MarcoFiaro|Talonflame, L50, M|100\/100\n|switch|p1b: Soullight|Chandelure, L50, F|100\/100\n|switch|p2a: Volcarona|Volcarona, L50, M|100\/100\n|switch|p2b: Dragonite|Dragonite, L50, F|100\/100\n|turn|1\n|inactive|vgclth elowyn has 30 seconds left.\n|inactive|teenage fanclub has 30 seconds left.\n|\n|t:|1731685624\n|switch|p2a: Kingambit|Kingambit, L50, M|100\/100\n|move|p1a: MarcoFiaro|Tailwind|p1a: MarcoFiaro\n|-sidestart|p1: vgclth elowyn|move: Tailwind\n|move|p1b: Soullight|Heat Wave|p2a: Kingambit|[spread] p2a,p2b\n|-supereffective|p2a: Kingambit\n|-resisted|p2b: Dragonite\n|-damage|p2a: Kingambit|16\/100\n|-damage|p2b: Dragonite|88\/100\n|move|p2b: Dragonite|Scale Shot|p1a: MarcoFiaro\n|-damage|p1a: MarcoFiaro|79\/100\n|-damage|p1a: MarcoFiaro|57\/100\n|-damage|p1a: MarcoFiaro|36\/100\n|-damage|p1a: MarcoFiaro|12\/100\n|-hitcount|p1a: MarcoFiaro|4\n|-unboost|p2b: Dragonite|def|1\n|-boost|p2b: Dragonite|spe|1\n|\n|upkeep\n|turn|2\n|j| taiyakitory\n|\n|t:|1731685641\n|switch|p1a: Turning|Dragapult, L50, F|100\/100\n|move|p2b: Dragonite|Extreme Speed|p1a: Turning\n|-immune|p1a: Turning\n|move|p2a: Kingambit|Sucker Punch|p1b: Soullight\n|-supereffective|p1b: Soullight\n|-enditem|p1b: Soullight|Focus Sash\n|-damage|p1b: Soullight|1\/100\n|move|p1b: Soullight|Heat Wave|p2b: Dragonite|[spread] p2a,p2b\n|-supereffective|p2a: Kingambit\n|-resisted|p2b: Dragonite\n|-damage|p2a: Kingambit|0 fnt\n|-damage|p2b: Dragonite|63\/100\n|faint|p2a: Kingambit\n|\n|upkeep\n|\n|t:|1731685649\n|switch|p2a: Volcarona|Volcarona, L50, M|100\/100\n|turn|3\n|\n|t:|1731685670\n|-terastallize|p1a: Turning|Ghost\n|move|p2b: Dragonite|Protect|p2b: Dragonite\n|-singleturn|p2b: Dragonite|Protect\n|move|p2a: Volcarona|Protect|p2a: Volcarona\n|-singleturn|p2a: Volcarona|Protect\n|move|p1a: Turning|Tera Blast|p2b: Dragonite|[anim] Tera Blast Ghost\n|-activate|p2b: Dragonite|move: Protect\n|move|p1b: Soullight|Heat Wave|p2a: Volcarona|[spread] \n|-activate|p2a: Volcarona|move: Protect\n|-activate|p2b: Dragonite|move: Protect\n|\n|upkeep\n|turn|4\n|inactive|teenage fanclub has 30 seconds left.\n|j| sasol\n|inactive|teenage fanclub has 20 seconds left.\n|inactive|teenage fanclub has 15 seconds left.\n|\n|t:|1731685711\n|move|p1a: Turning|Tera Blast|p2b: Dragonite|[anim] Tera Blast Ghost\n|-damage|p2b: Dragonite|0 fnt\n|faint|p2b: Dragonite\n|move|p1b: Soullight|Heat Wave|p2a: Volcarona\n|-damage|p2a: Volcarona|47\/100\n|-enditem|p2a: Volcarona|Sitrus Berry|[eat]\n|-heal|p2a: Volcarona|72\/100|[from] item: Sitrus Berry\n|move|p2a: Volcarona|Quiver Dance|p2a: Volcarona\n|-boost|p2a: Volcarona|spa|1\n|-boost|p2a: Volcarona|spd|1\n|-boost|p2a: Volcarona|spe|1\n|\n|-sideend|p1: vgclth elowyn|move: Tailwind\n|upkeep\n|\n|t:|1731685716\n|switch|p2b: Sneasler|Sneasler, L50, M|100\/100\n|turn|5\n|inactive|vgclth elowyn has 30 seconds left.\n|inactive|teenage fanclub has 30 seconds left.\n|inactive|teenage fanclub has 20 seconds left.\n|inactive|teenage fanclub has 15 seconds left.\n|inactive|teenage fanclub has 10 seconds left.\n|inactive|teenage fanclub has 5 seconds left.\n|\n|t:|1731685767\n|-terastallize|p2a: Volcarona|Fairy\n|move|p2a: Volcarona|Tera Blast|p1b: Soullight|[anim] Tera Blast Fairy\n|-resisted|p1b: Soullight\n|-damage|p1b: Soullight|0 fnt\n|faint|p1b: Soullight\n|move|p1a: Turning|Tera Blast|p2a: Volcarona|[anim] Tera Blast Ghost\n|-damage|p2a: Volcarona|0 fnt\n|faint|p2a: Volcarona\n|move|p2b: Sneasler|Dire Claw|p1a: Turning\n|-resisted|p1a: Turning\n|-damage|p1a: Turning|69\/100\n|-status|p1a: Turning|psn\n|\n|-damage|p1a: Turning|57\/100 psn|[from] psn\n|upkeep\n|\n|t:|1731685774\n|switch|p1b: MarcoFiaro|Talonflame, L50, M|12\/100\n|turn|6\n|-message|teenage fanclub forfeited.\n|\n|win|vgclth elowyn\n|raw|vgclth elowyn's rating: 1720 &rarr; <strong>1740<\/strong><br \/>(+20 for winning)\n|raw|teenage fanclub's rating: 1718 &rarr; <strong>1698<\/strong><br \/>(-20 for losing)\n|l|\u2606teenage fanclub\n|player|p2|\n|l| taiyakitory\n|j| VGCLTH Carrots\n|l| sasol\n|l| VGCLTH Carrots\n","uploadtime":1731685977,"views":12,"formatid":"gen9vgc2024regh","rating":1698,"private":0,"password":null}