{"id":"gen9vgc2024regh-2244277630","format":"[Gen 9] VGC 2024 Reg H","players":["VGCLTH fangame10","jayjazZa"],"log":"|raw|<div class=\"broadcast-blue\"><strong>This battle is required to be public due to a player having a name starting with 'vgclth'.<\/div>\n|j|\u2606VGCLTH fangame10\n|j|\u2606jayjazZa\n|t:|1731659529\n|gametype|doubles\n|player|p1|VGCLTH fangame10|red|1804\n|player|p2|jayjazZa|265|1675\n|teamsize|p1|6\n|teamsize|p2|6\n|gen|9\n|tier|[Gen 9] VGC 2024 Reg H\n|rated|\n|rule|Species Clause: Limit one of each Pok\u00e9mon\n|rule|Item Clause: Limit 1 of each item\n|clearpoke\n|poke|p1|Glaceon, L50, F|\n|poke|p1|Ninetales-Alola, L50, F|\n|poke|p1|Milotic, L50, M|\n|poke|p1|Skeledirge, L50, M|\n|poke|p1|Ursaluna-Bloodmoon, L50, M|\n|poke|p1|Annihilape, L50, M|\n|poke|p2|Dondozo, L50, F|\n|poke|p2|Tatsugiri, L50, M|\n|poke|p2|Sneasler, L50, M|\n|poke|p2|Indeedee, L50, M|\n|poke|p2|Archaludon, L50, F|\n|poke|p2|Pelipper, L50, M|\n|teampreview|4\n|inactive|Battle timer is ON: inactive players will automatically lose when time's up. (requested by jayjazZa)\n|inactive|VGCLTH fangame10 also wants the timer to be on.\n|j| jlz04t1h\n|inactive|VGCLTH fangame10 has 60 seconds left.\n|\n|t:|1731659578\n|start\n|switch|p1a: Milotic|Milotic, L50, M, shiny|100\/100\n|switch|p1b: Ninetales|Ninetales-Alola, L50, F, shiny|100\/100\n|switch|p2a: Indeedee|Indeedee, L50, M|100\/100\n|switch|p2b: Sneasler|Sneasler, L50, M|100\/100\n|-weather|Snow|[from] ability: Snow Warning|[of] p1b: Ninetales\n|-fieldstart|move: Psychic Terrain|[from] ability: Psychic Surge|[of] p2a: Indeedee\n|-enditem|p2b: Sneasler|Psychic Seed\n|-boost|p2b: Sneasler|spd|1|[from] item: Psychic Seed\n|turn|1\n|\n|t:|1731659595\n|-terastallize|p2a: Indeedee|Psychic\n|move|p2b: Sneasler|Dire Claw|p1b: Ninetales\n|-supereffective|p1b: Ninetales\n|-damage|p1b: Ninetales|13\/100\n|move|p1b: Ninetales|Aurora Veil|p1b: Ninetales\n|-sidestart|p1: VGCLTH fangame10|move: Aurora Veil\n|move|p2a: Indeedee|Expanding Force|p1b: Ninetales|[spread] p1a,p1b\n|-damage|p1a: Milotic|73\/100\n|-damage|p1b: Ninetales|0 fnt\n|faint|p1b: Ninetales\n|move|p1a: Milotic|Coil|p1a: Milotic\n|-boost|p1a: Milotic|atk|1\n|-boost|p1a: Milotic|def|1\n|-boost|p1a: Milotic|accuracy|1\n|\n|-weather|Snow|[upkeep]\n|upkeep\n|\n|t:|1731659611\n|switch|p1b: Skeledirge|Skeledirge, L50, M, shiny|100\/100\n|turn|2\n|\n|t:|1731659617\n|switch|p2b: Pelipper|Pelipper, L50, M|100\/100\n|-weather|RainDance|[from] ability: Drizzle|[of] p2b: Pelipper\n|move|p1b: Skeledirge|Protect|p1b: Skeledirge\n|-singleturn|p1b: Skeledirge|Protect\n|move|p2a: Indeedee|Expanding Force|p1b: Skeledirge|[spread] p1a\n|-activate|p1b: Skeledirge|move: Protect\n|-damage|p1a: Milotic|41\/100\n|-enditem|p1a: Milotic|Sitrus Berry|[eat]\n|-heal|p1a: Milotic|66\/100|[from] item: Sitrus Berry\n|move|p1a: Milotic|Hypnosis|p2a: Indeedee\n|-status|p2a: Indeedee|slp|[from] move: Hypnosis\n|\n|-weather|RainDance|[upkeep]\n|upkeep\n|turn|3\n|\n|t:|1731659628\n|cant|p2a: Indeedee|slp\n|move|p1a: Milotic|Hypnosis|p2b: Pelipper\n|-status|p2b: Pelipper|slp|[from] move: Hypnosis\n|cant|p2b: Pelipper|slp\n|move|p1b: Skeledirge|Shadow Ball|p2a: Indeedee\n|-supereffective|p2a: Indeedee\n|-enditem|p2a: Indeedee|Focus Sash\n|-damage|p2a: Indeedee|1\/100 slp\n|\n|-weather|RainDance|[upkeep]\n|upkeep\n|turn|4\n|\n|t:|1731659637\n|cant|p2a: Indeedee|slp\n|move|p1a: Milotic|Muddy Water|p2a: Indeedee|[spread] p2a,p2b\n|-resisted|p2b: Pelipper\n|-damage|p2a: Indeedee|0 fnt\n|-damage|p2b: Pelipper|78\/100 slp\n|faint|p2a: Indeedee\n|cant|p2b: Pelipper|slp\n|move|p1b: Skeledirge|Shadow Ball|p2b: Pelipper\n|-damage|p2b: Pelipper|18\/100 slp\n|\n|-weather|RainDance|[upkeep]\n|upkeep\n|\n|t:|1731659640\n|switch|p2a: Archaludon|Archaludon, L50, F|100\/100\n|turn|5\n|\n|t:|1731659656\n|move|p2a: Archaludon|Electro Shot||[still]\n|-prepare|p2a: Archaludon|Electro Shot\n|-boost|p2a: Archaludon|spa|1\n|-anim|p2a: Archaludon|Electro Shot|p1a: Milotic\n|-supereffective|p1a: Milotic\n|-damage|p1a: Milotic|12\/100\n|move|p1a: Milotic|Muddy Water|p2a: Archaludon|[spread] p2a,p2b\n|-resisted|p2a: Archaludon\n|-resisted|p2b: Pelipper\n|-damage|p2a: Archaludon|84\/100\n|-damage|p2b: Pelipper|0 fnt\n|-ability|p2a: Archaludon|Stamina|boost\n|-boost|p2a: Archaludon|def|1\n|faint|p2b: Pelipper\n|move|p1b: Skeledirge|Torch Song|p2a: Archaludon\n|-damage|p2a: Archaludon|65\/100\n|-boost|p1b: Skeledirge|spa|1\n|-ability|p2a: Archaludon|Stamina|boost\n|-boost|p2a: Archaludon|def|1\n|\n|-weather|RainDance|[upkeep]\n|-sideend|p1: VGCLTH fangame10|move: Aurora Veil\n|-fieldend|move: Psychic Terrain\n|upkeep\n|\n|t:|1731659663\n|switch|p2b: Sneasler|Sneasler, L50, M|100\/100\n|turn|6\n|\n|t:|1731659679\n|move|p2b: Sneasler|Throat Chop|p1b: Skeledirge\n|-supereffective|p1b: Skeledirge\n|-damage|p1b: Skeledirge|47\/100\n|-start|p1b: Skeledirge|Throat Chop|[silent]\n|move|p2a: Archaludon|Electro Shot||[still]\n|-prepare|p2a: Archaludon|Electro Shot\n|-boost|p2a: Archaludon|spa|1\n|-anim|p2a: Archaludon|Electro Shot|p1a: Milotic\n|-supereffective|p1a: Milotic\n|-damage|p1a: Milotic|0 fnt\n|faint|p1a: Milotic\n|move|p1b: Skeledirge|Shadow Ball|p2a: Archaludon\n|-damage|p2a: Archaludon|8\/100\n|-ability|p2a: Archaludon|Stamina|boost\n|-boost|p2a: Archaludon|def|1\n|\n|-weather|none\n|upkeep\n|\n|t:|1731659683\n|switch|p1a: Glaceon|Glaceon, L50, F, shiny|100\/100\n|turn|7\n|inactive|VGCLTH fangame10 has 30 seconds left.\n|\n|t:|1731659712\n|-terastallize|p1b: Skeledirge|Dark\n|move|p1a: Glaceon|Ice Shard|p2b: Sneasler\n|-damage|p2b: Sneasler|85\/100\n|move|p2b: Sneasler|Throat Chop|p1b: Skeledirge\n|-resisted|p1b: Skeledirge\n|-damage|p1b: Skeledirge|34\/100\n|move|p2a: Archaludon|Flash Cannon|p1a: Glaceon\n|-supereffective|p1a: Glaceon\n|-damage|p1a: Glaceon|0 fnt\n|faint|p1a: Glaceon\n|move|p1b: Skeledirge|Shadow Ball|p2b: Sneasler\n|-damage|p2b: Sneasler|0 fnt\n|faint|p2b: Sneasler\n|\n|-end|p1b: Skeledirge|Throat Chop|[silent]\n|upkeep\n|turn|8\n|c|\u2606jayjazZa|Gg\n|\n|t:|1731659730\n|move|p2a: Archaludon|Body Press|p1b: Skeledirge\n|-supereffective|p1b: Skeledirge\n|-damage|p1b: Skeledirge|0 fnt\n|faint|p1b: Skeledirge\n|\n|win|jayjazZa\n|raw|VGCLTH fangame10's rating: 1804 &rarr; <strong>1777<\/strong><br \/>(-27 for losing)\n|raw|jayjazZa's rating: 1675 &rarr; <strong>1702<\/strong><br \/>(+27 for winning)\n|l|\u2606VGCLTH fangame10\n|player|p1|\n|l|\u2606jayjazZa\n|player|p2|\n|l| jlz04t1h\n","uploadtime":1731659944,"views":17,"formatid":"gen9vgc2024regh","rating":1702,"private":0,"password":null}