{"id":"gen9vgc2024regh-2244252741","format":"[Gen 9] VGC 2024 Reg H","players":["VGCLTH Sac gaming","kwsmumk"],"log":"|raw|<div class=\"broadcast-blue\"><strong>This battle is required to be public due to a player having a name starting with 'vgclth'.<\/div>\n|j|\u2606VGCLTH Sac gaming\n|j|\u2606kwsmumk\n|t:|1731654588\n|gametype|doubles\n|player|p1|VGCLTH Sac gaming|steven|1692\n|player|p2|kwsmumk|170|1752\n|teamsize|p1|6\n|teamsize|p2|6\n|gen|9\n|tier|[Gen 9] VGC 2024 Reg H\n|rated|\n|rule|Species Clause: Limit one of each Pok\u00e9mon\n|rule|Item Clause: Limit 1 of each item\n|clearpoke\n|poke|p1|Whimsicott, L50, F|\n|poke|p1|Dragonite, L50, M|\n|poke|p1|Ursaluna-Bloodmoon, L50, M|\n|poke|p1|Gholdengo, L50|\n|poke|p1|Incineroar, L50, M|\n|poke|p1|Annihilape, L50, F|\n|poke|p2|Sneasler, L50, F|\n|poke|p2|Dondozo, L50, F|\n|poke|p2|Volcarona, L50, F|\n|poke|p2|Incineroar, L50, F|\n|poke|p2|Dragapult, L50, M|\n|poke|p2|Rillaboom, L50, F|\n|teampreview|4\n|inactive|Battle timer is ON: inactive players will automatically lose when time's up. (requested by VGCLTH Sac gaming)\nVGCLTH Sac gaming rejected open team sheets.\n|inactive|kwsmumk has 60 seconds left.\n|\n|t:|1731654634\n|start\n|switch|p1a: Whimsicott|Whimsicott, L50, F|100\/100\n|switch|p1b: Annihilape|Annihilape, L50, F|100\/100\n|switch|p2a: Dondozo|Dondozo, L50, F|100\/100\n|switch|p2b: Volcarona|Volcarona, L50, F|100\/100\n|turn|1\n|\n|t:|1731654649\n|-terastallize|p2b: Volcarona|Fairy\n|move|p1a: Whimsicott|Tailwind|p1a: Whimsicott\n|-sidestart|p1: VGCLTH Sac gaming|move: Tailwind\n|move|p1b: Annihilape|Final Gambit|p2b: Volcarona\n|-damage|p2b: Volcarona|0 fnt\n|faint|p1b: Annihilape\n|faint|p2b: Volcarona\n|move|p2a: Dondozo|Liquidation|p1a: Whimsicott\n|-resisted|p1a: Whimsicott\n|-damage|p1a: Whimsicott|79\/100\n|\n|upkeep\n|\n|t:|1731654661\n|switch|p1b: Gholdengo|Gholdengo, L50|100\/100\n|switch|p2b: Incineroar|Incineroar, L50, F|100\/100\n|-ability|p2b: Incineroar|Intimidate|boost\n|-unboost|p1a: Whimsicott|atk|1\n|-unboost|p1b: Gholdengo|atk|1\n|turn|2\n|\n|t:|1731654674\n|move|p1a: Whimsicott|Moonblast|p2b: Incineroar\n|-damage|p2b: Incineroar|75\/100\n|-unboost|p2b: Incineroar|spa|1\n|move|p1b: Gholdengo|Power Gem|p2b: Incineroar\n|-supereffective|p2b: Incineroar\n|-damage|p2b: Incineroar|15\/100\n|-enditem|p2b: Incineroar|Sitrus Berry|[eat]\n|-heal|p2b: Incineroar|40\/100|[from] item: Sitrus Berry\n|move|p2b: Incineroar|Knock Off|p1b: Gholdengo\n|-supereffective|p1b: Gholdengo\n|-damage|p1b: Gholdengo|7\/100\n|-enditem|p1b: Gholdengo|Choice Specs|[from] move: Knock Off|[of] p2b: Incineroar\n|move|p2a: Dondozo|Fissure|p1b: Gholdengo|[miss]\n|-miss|p2a: Dondozo|p1b: Gholdengo\n|\n|upkeep\n|turn|3\n|inactive|VGCLTH Sac gaming has 30 seconds left.\n|inactive|kwsmumk has 30 seconds left.\n|inactive|VGCLTH Sac gaming has 20 seconds left.\n|inactive|VGCLTH Sac gaming has 15 seconds left.\n|\n|t:|1731654714\n|move|p1a: Whimsicott|Moonblast|p2a: Dondozo\n|-damage|p2a: Dondozo|73\/100\n|-unboost|p2a: Dondozo|spa|1\n|move|p1b: Gholdengo|Power Gem|p2b: Incineroar\n|-supereffective|p2b: Incineroar\n|-damage|p2b: Incineroar|0 fnt\n|faint|p2b: Incineroar\n|move|p2a: Dondozo|Liquidation|p1b: Gholdengo\n|-damage|p1b: Gholdengo|0 fnt\n|faint|p1b: Gholdengo\n|\n|-heal|p2a: Dondozo|80\/100|[from] item: Leftovers\n|upkeep\n|j| mr pogostick\n|l| mr pogostick\n|\n|t:|1731654726\n|switch|p1b: Ursaluna|Ursaluna-Bloodmoon, L50, M|100\/100\n|switch|p2b: Dragapult|Dragapult, L50, M|100\/100\n|turn|4\n|\n|t:|1731654743\n|-terastallize|p1b: Ursaluna|Normal\n|move|p1b: Ursaluna|Vacuum Wave|p2b: Dragapult\n|-damage|p2b: Dragapult|78\/100\n|move|p1a: Whimsicott|Moonblast|p2b: Dragapult\n|-supereffective|p2b: Dragapult\n|-damage|p2b: Dragapult|0 fnt\n|faint|p2b: Dragapult\n|move|p2a: Dondozo|Liquidation|p1b: Ursaluna\n|-damage|p1b: Ursaluna|80\/100\n|\n|-heal|p2a: Dondozo|86\/100|[from] item: Leftovers\n|-sideend|p1: VGCLTH Sac gaming|move: Tailwind\n|upkeep\n|turn|5\n|\n|t:|1731654753\n|move|p1a: Whimsicott|Encore|p2a: Dondozo\n|-start|p2a: Dondozo|Encore\n|move|p1b: Ursaluna|Blood Moon|p2a: Dondozo\n|-damage|p2a: Dondozo|1\/100\n|move|p2a: Dondozo|Liquidation|p1b: Ursaluna\n|-damage|p1b: Ursaluna|57\/100\n|-unboost|p1b: Ursaluna|def|1\n|\n|-heal|p2a: Dondozo|7\/100|[from] item: Leftovers\n|upkeep\n|turn|6\n|-message|kwsmumk forfeited.\n|\n|win|VGCLTH Sac gaming\n|raw|VGCLTH Sac gaming's rating: 1685 &rarr; <strong>1709<\/strong><br \/>(+24 for winning)\n|raw|kwsmumk's rating: 1752 &rarr; <strong>1728<\/strong><br \/>(-24 for losing)\n|l|\u2606kwsmumk\n|player|p2|\n|l|\u2606VGCLTH Sac gaming\n|player|p1|\n","uploadtime":1731654973,"views":31,"formatid":"gen9vgc2024regh","rating":1709,"private":0,"password":null}