{"id":"gen9vgc2024regh-2244444230","format":"[Gen 9] VGC 2024 Reg H","players":["woshin00b","Sodiumtoad"],"log":"|j|\u2606woshin00b\n|j|\u2606Sodiumtoad\n|t:|1731684109\n|gametype|doubles\n|player|p1|woshin00b|youngcouple-gen4dp|1669\n|player|p2|Sodiumtoad|janine|1686\n|teamsize|p1|6\n|teamsize|p2|6\n|gen|9\n|tier|[Gen 9] VGC 2024 Reg H\n|rated|\n|rule|Species Clause: Limit one of each Pok\u00e9mon\n|rule|Item Clause: Limit 1 of each item\n|clearpoke\n|poke|p1|Talonflame, L50, F|\n|poke|p1|Garchomp, L50, F|\n|poke|p1|Gholdengo, L50|\n|poke|p1|Dragonite, L50, M|\n|poke|p1|Murkrow, L50, M|\n|poke|p1|Zoroark-Hisui, L50, M|\n|poke|p2|Poliwrath, L50, M|\n|poke|p2|Pelipper, L50, F|\n|poke|p2|Indeedee-F, L50, F|\n|poke|p2|Sinistcha, L50|\n|poke|p2|Braviary-Hisui, L50, M|\n|poke|p2|Annihilape, L50, M|\n|teampreview|4\n|\n|t:|1731684171\n|start\n|switch|p1a: Talonflame|Talonflame, L50, F|100\/100\n|switch|p1b: Gholdengo|Gholdengo, L50|100\/100\n|switch|p2a: Annihilape|Annihilape, L50, M|100\/100\n|switch|p2b: Indeedee|Indeedee-F, L50, F|100\/100\n|-fieldstart|move: Psychic Terrain|[from] ability: Psychic Surge|[of] p2b: Indeedee\n|turn|1\n|\n|t:|1731684216\n|-terastallize|p1b: Gholdengo|Steel\n|move|p2a: Annihilape|U-turn|p1a: Talonflame\n|-resisted|p1a: Talonflame\n|-damage|p1a: Talonflame|81\/100\n|replace|p1a: Zoroark|Zoroark-Hisui, L50, M\n|-end|p1a: Zoroark|Illusion\n|\n|t:|1731684229\n|switch|p2a: Pelipper|Pelipper, L50, F|100\/100|[from] U-turn\n|-weather|RainDance|[from] ability: Drizzle|[of] p2a: Pelipper\n|move|p1a: Zoroark|Taunt|p2b: Indeedee\n|-start|p2b: Indeedee|move: Taunt\n|move|p1b: Gholdengo|Make It Rain|p2a: Pelipper|[spread] p2a,p2b\n|-resisted|p2a: Pelipper\n|-damage|p2a: Pelipper|26\/100\n|-damage|p2b: Indeedee|12\/100\n|-unboost|p1b: Gholdengo|spa|1\n|cant|p2b: Indeedee|move: Taunt|Trick Room\n|\n|-weather|RainDance|[upkeep]\n|upkeep\n|turn|2\n|\n|t:|1731684250\n|move|p2a: Pelipper|Wide Guard|p2a: Pelipper\n|-singleturn|p2a: Pelipper|Wide Guard\n|move|p1a: Zoroark|Taunt|p2a: Pelipper\n|-start|p2a: Pelipper|move: Taunt\n|move|p1b: Gholdengo|Make It Rain|p2b: Indeedee|[spread] \n|-activate|p2a: Pelipper|move: Wide Guard\n|-activate|p2b: Indeedee|move: Wide Guard\n|move|p2b: Indeedee|Psychic|p1a: Zoroark\n|-damage|p1a: Zoroark|4\/100\n|\n|-weather|RainDance|[upkeep]\n|upkeep\n|turn|3\n|\n|t:|1731684273\n|move|p1a: Zoroark|Hyper Voice|p2b: Indeedee|[spread] p2a,p2b\n|-damage|p2a: Pelipper|0 fnt\n|-damage|p2b: Indeedee|0 fnt\n|faint|p2a: Pelipper\n|faint|p2b: Indeedee\n|move|p1b: Gholdengo|Make It Rain|p2: Pelipper|[notarget]\n|-fail|p1b: Gholdengo\n|\n|-weather|RainDance|[upkeep]\n|upkeep\n|\n|t:|1731684276\n|switch|p2b: Braviary|Braviary-Hisui, L50, M|100\/100\n|switch|p2a: Annihilape|Annihilape, L50, M|100\/100\n|turn|4\n|\n|t:|1731684303\n|switch|p1b: Dragonite|Dragonite, L50, M|100\/100\n|-terastallize|p2b: Braviary|Psychic\n|move|p1a: Zoroark|Protect|p1a: Zoroark\n|-singleturn|p1a: Zoroark|Protect\n|move|p2a: Annihilape|Final Gambit|p1b: Dragonite\n|-damage|p1b: Dragonite|0 fnt\n|faint|p2a: Annihilape\n|faint|p1b: Dragonite\n|move|p2b: Braviary|Expanding Force|p1a: Zoroark\n|-activate|p1a: Zoroark|move: Protect\n|\n|-weather|RainDance|[upkeep]\n|upkeep\n|\n|t:|1731684321\n|switch|p1b: Gholdengo|Gholdengo, L50, tera:Steel|100\/100\n|turn|5\n|c|\u2606Sodiumtoad|Ggwp\n|\n|t:|1731684330\n|move|p1a: Zoroark|Taunt|p2b: Braviary\n|-start|p2b: Braviary|move: Taunt\n|move|p1b: Gholdengo|Shadow Ball|p2b: Braviary\n|-supereffective|p2b: Braviary\n|-damage|p2b: Braviary|0 fnt\n|faint|p2b: Braviary\n|\n|win|woshin00b\n|raw|woshin00b's rating: 1669 &rarr; <strong>1690<\/strong><br \/>(+21 for winning)\n|raw|Sodiumtoad's rating: 1686 &rarr; <strong>1665<\/strong><br \/>(-21 for losing)\n|l|\u2606woshin00b\n|player|p1|\n|l|\u2606Sodiumtoad\n|player|p2|\n","uploadtime":1731684597,"views":10,"formatid":"gen9vgc2024regh","rating":1665,"private":0,"password":null}