{"id":"gen9vgc2024regh-2244897440","format":"[Gen 9] VGC 2024 Reg H","players":["VGCLTH mt","sdhywgfsgg"],"log":"|raw|<div class=\"broadcast-blue\"><strong>This battle is required to be public due to a player having a name starting with 'vgclth'.<\/div>\n|j|\u2606VGCLTH mt\n|j|\u2606sdhywgfsgg\n|t:|1731739525\n|gametype|doubles\n|player|p1|VGCLTH mt|cynthia|1760\n|player|p2|sdhywgfsgg|101|1656\n|teamsize|p1|6\n|teamsize|p2|6\n|gen|9\n|tier|[Gen 9] VGC 2024 Reg H\n|rated|\n|rule|Species Clause: Limit one of each Pok\u00e9mon\n|rule|Item Clause: Limit 1 of each item\n|clearpoke\n|poke|p1|Ursaluna-Bloodmoon, L50, M|\n|poke|p1|Gholdengo, L50|\n|poke|p1|Dragonite, L50, M|\n|poke|p1|Primarina, L50, F|\n|poke|p1|Incineroar, L50, M|\n|poke|p1|Amoonguss, L50, M|\n|poke|p2|Incineroar, L50, M|\n|poke|p2|Gothitelle, L50, F|\n|poke|p2|Gengar, L50, M|\n|poke|p2|Garchomp, L50, F|\n|poke|p2|Ninetales-Alola, L50, F|\n|poke|p2|Garganacl, L50, F|\n|teampreview|4\n|inactive|Battle timer is ON: inactive players will automatically lose when time's up. (requested by sdhywgfsgg)\n|inactive|VGCLTH mt also wants the timer to be on.\n|inactive|VGCLTH mt has 60 seconds left.\n|\n|t:|1731739558\n|start\n|switch|p1a: Gholdengo|Gholdengo, L50, shiny|100\/100\n|switch|p1b: Ursaluna|Ursaluna-Bloodmoon, L50, M|100\/100\n|switch|p2a: Gothitelle|Gothitelle, L50, F|100\/100\n|switch|p2b: Incineroar|Incineroar, L50, M|100\/100\n|-ability|p2b: Incineroar|Intimidate|boost\n|-unboost|p1a: Gholdengo|atk|1\n|-unboost|p1b: Ursaluna|atk|1\n|turn|1\n|\n|t:|1731739586\n|move|p2a: Gothitelle|Fake Out|p1b: Ursaluna\n|-damage|p1b: Ursaluna|97\/100\n|move|p1a: Gholdengo|Shadow Ball|p2a: Gothitelle\n|-supereffective|p2a: Gothitelle\n|-damage|p2a: Gothitelle|32\/100\n|-enditem|p2a: Gothitelle|Sitrus Berry|[eat]\n|-heal|p2a: Gothitelle|56\/100|[from] item: Sitrus Berry\n|move|p1b: Ursaluna|Blood Moon|p2a: Gothitelle\n|-damage|p2a: Gothitelle|0 fnt\n|faint|p2a: Gothitelle\n|move|p2b: Incineroar|Knock Off|p1a: Gholdengo\n|-supereffective|p1a: Gholdengo\n|-damage|p1a: Gholdengo|15\/100\n|-enditem|p1a: Gholdengo|Focus Sash|[from] move: Knock Off|[of] p2b: Incineroar\n|\n|upkeep\n|\n|t:|1731739603\n|switch|p2a: Garganacl|Garganacl, L50, F|100\/100\n|turn|2\n|j| parsley<3\n|inactive|VGCLTH mt has 30 seconds left.\n|\n|t:|1731739629\n|-terastallize|p2a: Garganacl|Flying\n|move|p2b: Incineroar|Protect|p2b: Incineroar\n|-singleturn|p2b: Incineroar|Protect\n|move|p1a: Gholdengo|Make It Rain|p2b: Incineroar|[spread] p2a\n|-activate|p2b: Incineroar|move: Protect\n|-damage|p2a: Garganacl|65\/100\n|-unboost|p1a: Gholdengo|spa|1\n|move|p1b: Ursaluna|Earth Power|p2b: Incineroar\n|-activate|p2b: Incineroar|move: Protect\n|move|p2a: Garganacl|Salt Cure|p1b: Ursaluna\n|-resisted|p1b: Ursaluna\n|-damage|p1b: Ursaluna|92\/100\n|\n|-heal|p2a: Garganacl|71\/100|[from] item: Leftovers\n|upkeep\n|turn|3\n|inactive|VGCLTH mt has 30 seconds left.\n|inactive|sdhywgfsgg has 30 seconds left.\n|inactive|VGCLTH mt has 20 seconds left.\n|\n|t:|1731739666\n|move|p2a: Garganacl|Protect|p2a: Garganacl\n|-singleturn|p2a: Garganacl|Protect\n|move|p1a: Gholdengo|Make It Rain|p2a: Garganacl|[spread] p2b\n|-activate|p2a: Garganacl|move: Protect\n|-resisted|p2b: Incineroar\n|-damage|p2b: Incineroar|87\/100\n|-unboost|p1a: Gholdengo|spa|1\n|move|p1b: Ursaluna|Earth Power|p2b: Incineroar\n|-supereffective|p2b: Incineroar\n|-damage|p2b: Incineroar|2\/100\n|move|p2b: Incineroar|Parting Shot|p1b: Ursaluna\n|-unboost|p1b: Ursaluna|atk|1\n|-unboost|p1b: Ursaluna|spa|1\n|\n|t:|1731739682\n|switch|p2b: Ninetales|Ninetales-Alola, L50, F|100\/100|[from] Parting Shot\n|-weather|Snow|[from] ability: Snow Warning|[of] p2b: Ninetales\n|\n|-weather|Snow|[upkeep]\n|-heal|p2a: Garganacl|77\/100|[from] item: Leftovers\n|upkeep\n|turn|4\n|\n|t:|1731739703\n|move|p1a: Gholdengo|Protect|p1a: Gholdengo\n|-singleturn|p1a: Gholdengo|Protect\n|move|p2b: Ninetales|Blizzard|p1a: Gholdengo|[spread] p1b\n|-activate|p1a: Gholdengo|move: Protect\n|-supereffective|p1b: Ursaluna\n|-damage|p1b: Ursaluna|22\/100\n|move|p1b: Ursaluna|Blood Moon|p2a: Garganacl\n|-damage|p2a: Garganacl|42\/100\n|move|p2a: Garganacl|Salt Cure|p1a: Gholdengo\n|-activate|p1a: Gholdengo|move: Protect\n|\n|-weather|Snow|[upkeep]\n|-heal|p2a: Garganacl|48\/100|[from] item: Leftovers\n|upkeep\n|turn|5\n|\n|t:|1731739714\n|move|p2b: Ninetales|Blizzard|p1a: Gholdengo|[spread] p1a,p1b\n|-resisted|p1a: Gholdengo\n|-supereffective|p1b: Ursaluna\n|-damage|p1a: Gholdengo|0 fnt\n|-damage|p1b: Ursaluna|0 fnt\n|faint|p1a: Gholdengo\n|faint|p1b: Ursaluna\n|move|p2a: Garganacl|Recover|p2a: Garganacl\n|-heal|p2a: Garganacl|99\/100\n|\n|-weather|Snow|[upkeep]\n|-heal|p2a: Garganacl|100\/100|[from] item: Leftovers\n|upkeep\n|\n|t:|1731739718\n|switch|p1a: Incineroar|Incineroar, L50, M, shiny|100\/100\n|switch|p1b: Primarina|Primarina, L50, F, shiny|100\/100\n|-ability|p1a: Incineroar|Intimidate|boost\n|-unboost|p2a: Garganacl|atk|1\n|-unboost|p2b: Ninetales|atk|1\n|turn|6\n|\n|t:|1731739744\n|move|p1a: Incineroar|Fake Out|p2b: Ninetales\n|-damage|p2b: Ninetales|89\/100\n|move|p1b: Primarina|Encore|p2a: Garganacl\n|-start|p2a: Garganacl|Encore\n|cant|p2b: Ninetales|flinch\n|move|p2a: Garganacl|Recover||[still]\n|-fail|p2a: Garganacl|heal\n|\n|-weather|Snow|[upkeep]\n|upkeep\n|turn|7\n|j| Receptionitis15\n|inactive|VGCLTH mt has 30 seconds left.\n|inactive|VGCLTH mt has 20 seconds left.\n|inactive|VGCLTH mt has 15 seconds left.\n|inactive|VGCLTH mt has 10 seconds left.\n|\n|t:|1731739790\n|move|p1b: Primarina|Encore|p2b: Ninetales\n|-start|p2b: Ninetales|Encore\n|move|p2b: Ninetales|Blizzard|p1b: Primarina|[spread] p1a,p1b\n|-resisted|p1a: Incineroar\n|-resisted|p1b: Primarina\n|-damage|p1a: Incineroar|90\/100\n|-damage|p1b: Primarina|86\/100\n|move|p1a: Incineroar|Flare Blitz|p2b: Ninetales\n|-supereffective|p2b: Ninetales\n|-damage|p2b: Ninetales|2\/100\n|-damage|p1a: Incineroar|68\/100|[from] Recoil\n|move|p2a: Garganacl|Recover||[still]\n|-fail|p2a: Garganacl|heal\n|\n|-weather|none\n|upkeep\n|turn|8\n|inactive|sdhywgfsgg has 30 seconds left.\n|\n|t:|1731739816\n|switch|p2a: Incineroar|Incineroar, L50, M|2\/100\n|-ability|p2a: Incineroar|Intimidate|boost\n|-unboost|p1a: Incineroar|atk|1\n|-unboost|p1b: Primarina|atk|1\n|move|p1b: Primarina|Encore||[still]\n|-fail|p1b: Primarina\n|move|p2b: Ninetales|Blizzard|p1a: Incineroar|[spread] \n|-miss|p2b: Ninetales|p1a: Incineroar\n|-miss|p2b: Ninetales|p1b: Primarina\n|move|p1a: Incineroar|Knock Off|p1b: Primarina\n|-resisted|p1b: Primarina\n|-damage|p1b: Primarina|68\/100\n|-enditem|p1b: Primarina|Choice Scarf|[from] move: Knock Off|[of] p1a: Incineroar\n|\n|upkeep\n|turn|9\n|\n|t:|1731739836\n|switch|p2b: Garganacl|Garganacl, L50, F, tera:Flying|100\/100\n|move|p2a: Incineroar|Fake Out|p1b: Primarina\n|-damage|p1b: Primarina|51\/100\n|cant|p1b: Primarina|flinch\n|move|p1a: Incineroar|Knock Off|p2a: Incineroar\n|-resisted|p2a: Incineroar\n|-damage|p2a: Incineroar|0 fnt\n|-enditem|p2a: Incineroar|Safety Goggles|[from] move: Knock Off|[of] p1a: Incineroar\n|faint|p2a: Incineroar\n|\n|upkeep\n|\n|t:|1731739844\n|switch|p2a: Ninetales|Ninetales-Alola, L50, F|2\/100\n|-weather|Snow|[from] ability: Snow Warning|[of] p2a: Ninetales\n|turn|10\n|\n|t:|1731739855\n|-terastallize|p1b: Primarina|Water\n|move|p2a: Ninetales|Blizzard|p1b: Primarina|[spread] p1a,p1b\n|-resisted|p1a: Incineroar\n|-resisted|p1b: Primarina\n|-damage|p1a: Incineroar|58\/100\n|-damage|p1b: Primarina|37\/100\n|move|p1b: Primarina|Hyper Voice|p2b: Garganacl|[spread] p2a,p2b\n|-damage|p2a: Ninetales|0 fnt\n|-damage|p2b: Garganacl|70\/100\n|faint|p2a: Ninetales\n|move|p1a: Incineroar|Knock Off|p2b: Garganacl\n|-damage|p2b: Garganacl|54\/100\n|-enditem|p2b: Garganacl|Leftovers|[from] move: Knock Off|[of] p1a: Incineroar\n|move|p2b: Garganacl|Salt Cure|p1b: Primarina\n|-damage|p1b: Primarina|17\/100\n|-start|p1b: Primarina|Salt Cure\n|\n|-weather|Snow|[upkeep]\n|-damage|p1b: Primarina|0 fnt|[from] Salt Cure\n|faint|p1b: Primarina\n|upkeep\n|turn|11\n|\n|t:|1731739874\n|move|p1a: Incineroar|Flare Blitz|p2b: Garganacl\n|-damage|p2b: Garganacl|33\/100\n|-damage|p1a: Incineroar|51\/100|[from] Recoil\n|move|p2b: Garganacl|Recover|p2b: Garganacl\n|-heal|p2b: Garganacl|83\/100\n|\n|-weather|Snow|[upkeep]\n|upkeep\n|turn|12\n|-message|VGCLTH mt forfeited.\n|\n|win|sdhywgfsgg\n|raw|VGCLTH mt's rating: 1760 &rarr; <strong>1734<\/strong><br \/>(-26 for losing)\n|raw|sdhywgfsgg's rating: 1656 &rarr; <strong>1682<\/strong><br \/>(+26 for winning)\n|l|\u2606VGCLTH mt\n|player|p1|\n|l|\u2606sdhywgfsgg\n|player|p2|\n|c| parsley<3|scarf prim is cool\n|l| parsley<3\n|l| Receptionitis15\n","uploadtime":1731740038,"views":14,"formatid":"gen9vgc2024regh","rating":1682,"private":0,"password":null}