{"id":"gen9vgc2024regh-2244472931","format":"[Gen 9] VGC 2024 Reg H","players":["vgclth elowyn","woshin00b"],"log":"|j|\u2606vgclth elowyn\n|j|\u2606woshin00b\n|t:|1731686999\n|gametype|doubles\n|player|p1|vgclth elowyn|170|1750\n|player|p2|woshin00b|youngcouple-gen4dp|1683\n|teamsize|p1|6\n|teamsize|p2|6\n|gen|9\n|tier|[Gen 9] VGC 2024 Reg H\n|rated|\n|rule|Species Clause: Limit one of each Pok\u00e9mon\n|rule|Item Clause: Limit 1 of each item\n|clearpoke\n|poke|p1|Chandelure, L50, M|\n|poke|p1|Sylveon, L50, F|\n|poke|p1|Talonflame, L50, M|\n|poke|p1|Dragapult, L50, M|\n|poke|p1|Electabuzz, L50, M|\n|poke|p1|Decidueye-Hisui, L50, F|\n|poke|p2|Talonflame, L50, M|\n|poke|p2|Garchomp, L50, F|\n|poke|p2|Gholdengo, L50|\n|poke|p2|Dragonite, L50, M|\n|poke|p2|Murkrow, L50, F|\n|poke|p2|Zoroark-Hisui, L50, F|\n|teampreview|4\n|\n|t:|1731687024\n|start\n|switch|p1a: MarcoFiaro|Talonflame, L50, M|100\/100\n|switch|p1b: Soullight|Chandelure, L50, M|100\/100\n|switch|p2a: Talonflame|Talonflame, L50, M|100\/100\n|switch|p2b: Garchomp|Garchomp, L50, F|100\/100\n|turn|1\n|\n|t:|1731687046\n|move|p1a: MarcoFiaro|Tailwind|p1a: MarcoFiaro\n|-sidestart|p1: vgclth elowyn|move: Tailwind\n|move|p2a: Talonflame|Brave Bird|p1b: Soullight\n|-enditem|p1b: Soullight|Focus Sash\n|-damage|p1b: Soullight|1\/100\n|-damage|p2a: Talonflame|72\/100|[from] Recoil\n|move|p2b: Garchomp|Rock Slide|p1b: Soullight|[spread] p1b\n|-miss|p2b: Garchomp|p1a: MarcoFiaro\n|-supereffective|p1b: Soullight\n|-damage|p1b: Soullight|0 fnt\n|faint|p1b: Soullight\n|\n|upkeep\n|\n|t:|1731687062\n|switch|p1b: Turning|Dragapult, L50, M|100\/100\n|turn|2\n|\n|t:|1731687069\n|switch|p1a: Moonlight|Sylveon, L50, F|100\/100\n|-terastallize|p1b: Turning|Ghost\n|-terastallize|p2b: Garchomp|Steel\n|move|p1b: Turning|Tera Blast|p2a: Talonflame|[anim] Tera Blast Ghost\n|-damage|p2a: Talonflame|0 fnt\n|faint|p2a: Talonflame\n|move|p2b: Garchomp|Rock Slide|p1a: Moonlight|[spread] p1a,p1b\n|-damage|p1a: Moonlight|71\/100\n|-damage|p1b: Turning|70\/100\n|\n|upkeep\n|\n|t:|1731687086\n|switch|p2a: Dragonite|Dragonite, L50, M|100\/100\n|turn|3\n|j| Furret the heretic\n|\n|t:|1731687094\n|move|p2a: Dragonite|Protect|p2a: Dragonite\n|-singleturn|p2a: Dragonite|Protect\n|move|p1b: Turning|Tera Blast|p2a: Dragonite|[anim] Tera Blast Ghost\n|-activate|p2a: Dragonite|move: Protect\n|move|p1a: Moonlight|Hyper Voice|p2b: Garchomp|[spread] p2b\n|-activate|p2a: Dragonite|move: Protect\n|-resisted|p2b: Garchomp\n|-damage|p2b: Garchomp|71\/100\n|move|p2b: Garchomp|Rock Slide|p1a: Moonlight|[spread] p1a,p1b\n|-damage|p1a: Moonlight|39\/100\n|-damage|p1b: Turning|42\/100\n|\n|upkeep\n|turn|4\n|\n|t:|1731687114\n|move|p1b: Turning|Tera Blast|p2a: Dragonite|[anim] Tera Blast Ghost\n|-immune|p2a: Dragonite\n|move|p1a: Moonlight|Hyper Voice|p2b: Garchomp|[spread] p2a,p2b\n|-resisted|p2b: Garchomp\n|-enditem|p2a: Dragonite|Focus Sash\n|-damage|p2a: Dragonite|1\/100\n|-damage|p2b: Garchomp|37\/100\n|replace|p2a: Zoroark|Zoroark-Hisui, L50, F\n|-end|p2a: Zoroark|Illusion\n|move|p2b: Garchomp|Rock Slide|p1a: Moonlight|[spread] p1a,p1b\n|-crit|p1a: Moonlight\n|-damage|p1a: Moonlight|0 fnt\n|-damage|p1b: Turning|14\/100\n|faint|p1a: Moonlight\n|move|p2a: Zoroark|Shadow Ball|p1b: Turning\n|-supereffective|p1b: Turning\n|-damage|p1b: Turning|0 fnt\n|faint|p1b: Turning\n|\n|-sideend|p1: vgclth elowyn|move: Tailwind\n|upkeep\n|\n|t:|1731687122\n|switch|p1b: MarcoFiaro|Talonflame, L50, M|100\/100\n|turn|5\n|-message|vgclth elowyn forfeited.\n|\n|win|woshin00b\n|raw|vgclth elowyn's rating: 1731 &rarr; <strong>1708<\/strong><br \/>(-23 for losing)\n|raw|woshin00b's rating: 1683 &rarr; <strong>1706<\/strong><br \/>(+23 for winning)\n|l|\u2606vgclth elowyn\n|player|p1|\n|l|\u2606woshin00b\n|player|p2|\n|l| Furret the heretic\n","uploadtime":1731687356,"views":10,"formatid":"gen9vgc2024regh","rating":1706,"private":0,"password":null}