{"id":"gen9vgc2024regh-2244339339","format":"[Gen 9] VGC 2024 Reg H","players":["VGCLTH Sac gaming","ray4gej"],"log":"|j|\u2606VGCLTH Sac gaming\n|j|\u2606ray4gej\n|t:|1731670765\n|gametype|doubles\n|player|p1|VGCLTH Sac gaming|steven|1710\n|player|p2|ray4gej|265|1728\n|teamsize|p1|6\n|teamsize|p2|6\n|gen|9\n|tier|[Gen 9] VGC 2024 Reg H\n|rated|\n|rule|Species Clause: Limit one of each Pok\u00e9mon\n|rule|Item Clause: Limit 1 of each item\n|clearpoke\n|poke|p1|Whimsicott, L50, M|\n|poke|p1|Dragonite, L50, M|\n|poke|p1|Ursaluna-Bloodmoon, L50, M|\n|poke|p1|Gholdengo, L50|\n|poke|p1|Incineroar, L50, F|\n|poke|p1|Annihilape, L50, F|\n|poke|p2|Dondozo, L50, F|\n|poke|p2|Tatsugiri, L50, M|\n|poke|p2|Sneasler, L50, M|\n|poke|p2|Flamigo, L50, F|\n|poke|p2|Amoonguss, L50, M|\n|poke|p2|Gholdengo, L50|\n|teampreview|4\n|inactive|Battle timer is ON: inactive players will automatically lose when time's up. (requested by VGCLTH Sac gaming)\nVGCLTH Sac gaming rejected open team sheets.\n|j| KOPLUS\n|j| qiyeO.o\n|inactive|ray4gej has 60 seconds left.\n|\n|t:|1731670798\n|start\n|switch|p1a: Whimsicott|Whimsicott, L50, M|100\/100\n|switch|p1b: Dragonite|Dragonite, L50, M|100\/100\n|switch|p2a: Gholdengo|Gholdengo, L50|100\/100\n|switch|p2b: Tatsugiri|Tatsugiri, L50, M|100\/100\n|turn|1\n|\n|t:|1731670814\n|-terastallize|p2a: Gholdengo|Steel\n|move|p1a: Whimsicott|Tailwind|p1a: Whimsicott\n|-sidestart|p1: VGCLTH Sac gaming|move: Tailwind\n|move|p1b: Dragonite|Scale Shot|p2b: Tatsugiri|[miss]\n|-miss|p1b: Dragonite|p2b: Tatsugiri\n|move|p2b: Tatsugiri|Icy Wind|p1a: Whimsicott|[spread] p1a,p1b\n|-supereffective|p1a: Whimsicott\n|-supereffective|p1b: Dragonite\n|-damage|p1a: Whimsicott|53\/100\n|-damage|p1b: Dragonite|71\/100\n|-unboost|p1a: Whimsicott|spe|1\n|-unboost|p1b: Dragonite|spe|1\n|move|p2a: Gholdengo|Make It Rain|p1b: Dragonite|[spread] p1a,p1b\n|-supereffective|p1a: Whimsicott\n|-damage|p1a: Whimsicott|0 fnt\n|-damage|p1b: Dragonite|0 fnt\n|-unboost|p2a: Gholdengo|spa|1\n|faint|p1a: Whimsicott\n|faint|p1b: Dragonite\n|\n|upkeep\n|\n|t:|1731670821\n|switch|p1a: Ursaluna|Ursaluna-Bloodmoon, L50, M|100\/100\n|switch|p1b: Gholdengo|Gholdengo, L50|100\/100\n|turn|2\n|\n|t:|1731670833\n|switch|p2a: Dondozo|Dondozo, L50, F, shiny|100\/100\n|-activate|p2b: Tatsugiri|ability: Commander|[of] p2a: Dondozo\n|-boost|p2a: Dondozo|atk|2\n|-boost|p2a: Dondozo|spa|2\n|-boost|p2a: Dondozo|spe|2\n|-boost|p2a: Dondozo|def|2\n|-boost|p2a: Dondozo|spd|2\n|-terastallize|p1b: Gholdengo|Steel\n|move|p1b: Gholdengo|Make It Rain|p2a: Dondozo|[spread] p2a\n|-miss|p1b: Gholdengo|p2b: Tatsugiri\n|-resisted|p2a: Dondozo\n|-damage|p2a: Dondozo|77\/100\n|-unboost|p1b: Gholdengo|spa|1\n|move|p1a: Ursaluna|Earth Power|p2a: Dondozo\n|-damage|p2a: Dondozo|53\/100\n|\n|upkeep\n|turn|3\n|inactive|VGCLTH Sac gaming has 30 seconds left.\n|inactive|VGCLTH Sac gaming has 20 seconds left.\n|\n|t:|1731670871\n|move|p1b: Gholdengo|Make It Rain|p2a: Dondozo|[spread] p2a\n|-miss|p1b: Gholdengo|p2b: Tatsugiri\n|-resisted|p2a: Dondozo\n|-damage|p2a: Dondozo|29\/100\n|-unboost|p1b: Gholdengo|spa|1\n|move|p1a: Ursaluna|Blood Moon|p2a: Dondozo\n|-damage|p2a: Dondozo|0 fnt\n|faint|p2a: Dondozo\n|\n|upkeep\n|c|\u2606ray4gej|Sry about thay\n|\n|t:|1731670883\n|switch|p2a: Flamigo|Flamigo, L50, F|100\/100\n|turn|4\n|\n|t:|1731670895\n|move|p2a: Flamigo|Protect|p2a: Flamigo\n|-singleturn|p2a: Flamigo|Protect\n|move|p1a: Ursaluna|Vacuum Wave|p2a: Flamigo\n|-activate|p2a: Flamigo|move: Protect\n|move|p1b: Gholdengo|Make It Rain|p2b: Tatsugiri|[spread] p2b\n|-activate|p2a: Flamigo|move: Protect\n|-resisted|p2b: Tatsugiri\n|-damage|p2b: Tatsugiri|71\/100\n|-unboost|p1b: Gholdengo|spa|1\n|move|p2b: Tatsugiri|Icy Wind|p1b: Gholdengo|[spread] p1a,p1b\n|-supereffective|p1a: Ursaluna\n|-resisted|p1b: Gholdengo\n|-damage|p1a: Ursaluna|80\/100\n|-damage|p1b: Gholdengo|92\/100\n|-unboost|p1a: Ursaluna|spe|1\n|-unboost|p1b: Gholdengo|spe|1\n|\n|-sideend|p1: VGCLTH Sac gaming|move: Tailwind\n|upkeep\n|turn|5\n|\n|t:|1731670904\n|move|p2b: Tatsugiri|Icy Wind|p1b: Gholdengo|[spread] p1a,p1b\n|-supereffective|p1a: Ursaluna\n|-resisted|p1b: Gholdengo\n|-damage|p1a: Ursaluna|60\/100\n|-damage|p1b: Gholdengo|84\/100\n|-unboost|p1a: Ursaluna|spe|1\n|-unboost|p1b: Gholdengo|spe|1\n|move|p2a: Flamigo|Close Combat|p1b: Gholdengo\n|-supereffective|p1b: Gholdengo\n|-damage|p1b: Gholdengo|0 fnt\n|-unboost|p2a: Flamigo|def|1\n|-unboost|p2a: Flamigo|spd|1\n|faint|p1b: Gholdengo\n|move|p1a: Ursaluna|Hyper Voice|p2b: Tatsugiri|[spread] p2a,p2b\n|-damage|p2a: Flamigo|7\/100\n|-damage|p2b: Tatsugiri|25\/100\n|\n|upkeep\n|turn|6\n|\n|t:|1731670910\n|switch|p2a: Gholdengo|Gholdengo, L50, tera:Steel|100\/100\n|move|p1a: Ursaluna|Vacuum Wave|p2a: Gholdengo\n|-supereffective|p2a: Gholdengo\n|-damage|p2a: Gholdengo|71\/100\n|move|p2b: Tatsugiri|Icy Wind|p1a: Ursaluna\n|-supereffective|p1a: Ursaluna\n|-damage|p1a: Ursaluna|29\/100\n|-unboost|p1a: Ursaluna|spe|1\n|\n|upkeep\n|turn|7\n|-message|VGCLTH Sac gaming forfeited.\n|\n|win|ray4gej\n|raw|VGCLTH Sac gaming's rating: 1710 &rarr; <strong>1691<\/strong><br \/>(-19 for losing)\n|raw|ray4gej's rating: 1728 &rarr; <strong>1747<\/strong><br \/>(+19 for winning)\n|l|\u2606VGCLTH Sac gaming\n|player|p1|\n|l| KOPLUS\n|l| qiyeO.o\n","uploadtime":1731671056,"views":17,"formatid":"gen9vgc2024regh","rating":1691,"private":0,"password":null}