{"id":"gen9vgc2024regh-2244216580","format":"[Gen 9] VGC 2024 Reg H","players":["The Umpire","VGCLTH NOTREALVGC"],"log":"|raw|<div class=\"broadcast-blue\"><strong>This battle is required to be public due to a player having a name starting with 'vgclth'.<\/div>\n|j|\u2606The Umpire\n|j|\u2606VGCLTH NOTREALVGC\n|t:|1731647623\n|gametype|doubles\n|player|p1|The Umpire|volkner|1812\n|player|p2|VGCLTH NOTREALVGC|dawn|1736\n|teamsize|p1|6\n|teamsize|p2|6\n|gen|9\n|tier|[Gen 9] VGC 2024 Reg H\n|rated|\n|rule|Species Clause: Limit one of each Pok\u00e9mon\n|rule|Item Clause: Limit 1 of each item\n|clearpoke\n|poke|p1|Baxcalibur, L50, F|\n|poke|p1|Dondozo, L50, M|\n|poke|p1|Kingambit, L50, M|\n|poke|p1|Rillaboom, L50, M|\n|poke|p1|Sneasler, L50, M|\n|poke|p1|Volcarona, L50, M|\n|poke|p2|Indeedee, L50, M|\n|poke|p2|Dondozo, L50, M|\n|poke|p2|Talonflame, L50, M|\n|poke|p2|Tatsugiri, L50, M|\n|poke|p2|Sneasler, L50, M|\n|poke|p2|Ursaluna-Bloodmoon, L50, M|\n|teampreview|4\n|inactive|Battle timer is ON: inactive players will automatically lose when time's up. (requested by VGCLTH NOTREALVGC)\nVGCLTH NOTREALVGC has agreed to open team sheets.\nThe Umpire has agreed to open team sheets.\n|inactive|VGCLTH NOTREALVGC has 30 seconds left.\n|inactive|VGCLTH NOTREALVGC has 20 seconds left.\n|inactive|VGCLTH NOTREALVGC has 15 seconds left.\n|\n|t:|1731647674\n|start\n|switch|p1a: Dondozo|Dondozo, L50, M|100\/100\n|switch|p1b: Sneasler|Sneasler, L50, M|100\/100\n|switch|p2a: Talonflame|Talonflame, L50, M|100\/100\n|switch|p2b: Ursaluna|Ursaluna-Bloodmoon, L50, M|100\/100\n|turn|1\n|\n|t:|1731647692\n|-terastallize|p2b: Ursaluna|Ghost\n|move|p2a: Talonflame|Will-O-Wisp|p1a: Dondozo\n|-status|p1a: Dondozo|brn\n|move|p1b: Sneasler|Close Combat|p2b: Ursaluna\n|-immune|p2b: Ursaluna\n|move|p2b: Ursaluna|Blood Moon|p1a: Dondozo\n|-damage|p1a: Dondozo|27\/100 brn\n|-damage|p2b: Ursaluna|91\/100|[from] item: Life Orb\n|move|p1a: Dondozo|Liquidation|p2a: Talonflame\n|-supereffective|p2a: Talonflame\n|-damage|p2a: Talonflame|56\/100\n|\n|-heal|p1a: Dondozo|34\/100 brn|[from] item: Leftovers\n|-damage|p1a: Dondozo|27\/100 brn|[from] brn\n|upkeep\n|turn|2\n|\n|t:|1731647716\n|switch|p1a: Rillaboom|Rillaboom, L50, M|100\/100\n|-fieldstart|move: Grassy Terrain|[from] ability: Grassy Surge|[of] p1a: Rillaboom\n|move|p2a: Talonflame|Tailwind|p2a: Talonflame\n|-sidestart|p2: VGCLTH NOTREALVGC|move: Tailwind\n|move|p2b: Ursaluna|Hyper Voice|p1b: Sneasler|[spread] p1a,p1b\n|-damage|p1a: Rillaboom|65\/100\n|-damage|p1b: Sneasler|25\/100\n|-damage|p2b: Ursaluna|81\/100|[from] item: Life Orb\n|move|p1b: Sneasler|Dire Claw|p2a: Talonflame\n|-damage|p2a: Talonflame|0 fnt\n|faint|p2a: Talonflame\n|\n|-heal|p2b: Ursaluna|87\/100|[from] Grassy Terrain\n|-heal|p1b: Sneasler|31\/100|[from] Grassy Terrain\n|-heal|p1a: Rillaboom|71\/100|[from] Grassy Terrain\n|upkeep\n|\n|t:|1731647727\n|switch|p2a: Indeedee|Indeedee, L50, M|100\/100\n|-fieldstart|move: Psychic Terrain|[from] ability: Psychic Surge|[of] p2a: Indeedee\n|turn|3\n|j| VGCLTH R0gue\n|\n|t:|1731647737\n|switch|p1a: Dondozo|Dondozo, L50, M|27\/100 brn\n|move|p1b: Sneasler|Protect|p1b: Sneasler\n|-singleturn|p1b: Sneasler|Protect\n|move|p2a: Indeedee|Expanding Force|p1a: Dondozo|[spread] p1a\n|-activate|p1b: Sneasler|move: Protect\n|-damage|p1a: Dondozo|0 fnt\n|faint|p1a: Dondozo\n|move|p2b: Ursaluna|Hyper Voice|p1b: Sneasler\n|-activate|p1b: Sneasler|move: Protect\n|\n|upkeep\n|\n|t:|1731647748\n|switch|p1a: Rillaboom|Rillaboom, L50, M|71\/100\n|-fieldstart|move: Grassy Terrain|[from] ability: Grassy Surge|[of] p1a: Rillaboom\n|turn|4\n|inactive|VGCLTH NOTREALVGC has 30 seconds left.\n|\n|t:|1731647780\n|move|p2a: Indeedee|Expanding Force|p1b: Sneasler\n|-supereffective|p1b: Sneasler\n|-damage|p1b: Sneasler|0 fnt\n|faint|p1b: Sneasler\n|move|p2b: Ursaluna|Blood Moon|p1a: Rillaboom\n|-damage|p1a: Rillaboom|0 fnt\n|faint|p1a: Rillaboom\n|-damage|p2b: Ursaluna|78\/100|[from] item: Life Orb\n|\n|-heal|p2b: Ursaluna|84\/100|[from] Grassy Terrain\n|upkeep\n|\n|t:|1731647787\n|switch|p1b: Baxcalibur|Baxcalibur, L50, F|100\/100\n|turn|5\n|\n|t:|1731647794\n|move|p2a: Indeedee|Expanding Force|p1b: Baxcalibur\n|-damage|p1b: Baxcalibur|66\/100\n|move|p2b: Ursaluna|Hyper Voice|p1b: Baxcalibur\n|-damage|p1b: Baxcalibur|0 fnt\n|faint|p1b: Baxcalibur\n|-damage|p2b: Ursaluna|74\/100|[from] item: Life Orb\n|\n|win|VGCLTH NOTREALVGC\n|raw|The Umpire's rating: 1812 &rarr; <strong>1788<\/strong><br \/>(-24 for losing)\n|raw|VGCLTH NOTREALVGC's rating: 1736 &rarr; <strong>1760<\/strong><br \/>(+24 for winning)\n|l|\u2606The Umpire\n|player|p1|\n|l|\u2606VGCLTH NOTREALVGC\n|player|p2|\n|l| VGCLTH R0gue\n","uploadtime":1731647931,"views":47,"formatid":"gen9vgc2024regh","rating":1760,"private":0,"password":null}