{"id":"gen9vgc2024regh-2244343145","format":"[Gen 9] VGC 2024 Reg H","players":["VGCLTH Sac gaming","ray4gej"],"log":"|j|\u2606VGCLTH Sac gaming\n|j|\u2606ray4gej\n|t:|1731671375\n|gametype|doubles\n|player|p1|VGCLTH Sac gaming|steven|1689\n|player|p2|ray4gej|265|1740\n|teamsize|p1|6\n|teamsize|p2|6\n|gen|9\n|tier|[Gen 9] VGC 2024 Reg H\n|rated|\n|rule|Species Clause: Limit one of each Pok\u00e9mon\n|rule|Item Clause: Limit 1 of each item\n|clearpoke\n|poke|p1|Whimsicott, L50, F|\n|poke|p1|Dragonite, L50, F|\n|poke|p1|Ursaluna-Bloodmoon, L50, M|\n|poke|p1|Gholdengo, L50|\n|poke|p1|Incineroar, L50, F|\n|poke|p1|Annihilape, L50, F|\n|poke|p2|Dondozo, L50, F|\n|poke|p2|Tatsugiri, L50, F|\n|poke|p2|Sneasler, L50, F|\n|poke|p2|Flamigo, L50, F|\n|poke|p2|Amoonguss, L50, M|\n|poke|p2|Gholdengo, L50|\n|teampreview|4\n|inactive|Battle timer is ON: inactive players will automatically lose when time's up. (requested by VGCLTH Sac gaming)\nVGCLTH Sac gaming rejected open team sheets.\n|inactive|ray4gej has 60 seconds left.\n|\n|t:|1731671418\n|start\n|switch|p1a: Whimsicott|Whimsicott, L50, F|100\/100\n|switch|p1b: Gholdengo|Gholdengo, L50|100\/100\n|switch|p2a: Gholdengo|Gholdengo, L50|100\/100\n|switch|p2b: Flamigo|Flamigo, L50, F|100\/100\n|turn|1\n|\n|t:|1731671439\n|-terastallize|p1b: Gholdengo|Steel\n|-terastallize|p2a: Gholdengo|Steel\n|move|p1a: Whimsicott|Tailwind|p1a: Whimsicott\n|-sidestart|p1: VGCLTH Sac gaming|move: Tailwind\n|move|p1b: Gholdengo|Make It Rain|p2a: Gholdengo|[spread] p2a,p2b\n|-resisted|p2a: Gholdengo\n|-damage|p2a: Gholdengo|50\/100\n|-enditem|p2b: Flamigo|Focus Sash\n|-damage|p2b: Flamigo|1\/100\n|-unboost|p1b: Gholdengo|spa|1\n|move|p2b: Flamigo|Tailwind|p2b: Flamigo\n|-sidestart|p2: ray4gej|move: Tailwind\n|move|p2a: Gholdengo|Make It Rain|p1a: Whimsicott|[spread] p1a,p1b\n|-supereffective|p1a: Whimsicott\n|-resisted|p1b: Gholdengo\n|-enditem|p1a: Whimsicott|Focus Sash\n|-damage|p1a: Whimsicott|1\/100\n|-damage|p1b: Gholdengo|61\/100\n|-unboost|p2a: Gholdengo|spa|1\n|\n|upkeep\n|turn|2\n|\n|t:|1731671456\n|move|p2b: Flamigo|Protect|p2b: Flamigo\n|-singleturn|p2b: Flamigo|Protect\n|move|p1a: Whimsicott|Encore|p2b: Flamigo\n|-activate|p2b: Flamigo|move: Protect\n|move|p1b: Gholdengo|Make It Rain|p2a: Gholdengo|[spread] p2a\n|-activate|p2b: Flamigo|move: Protect\n|-resisted|p2a: Gholdengo\n|-crit|p2a: Gholdengo\n|-damage|p2a: Gholdengo|0 fnt\n|-unboost|p1b: Gholdengo|spa|1\n|faint|p2a: Gholdengo\n|\n|upkeep\n|\n|t:|1731671470\n|switch|p2a: Tatsugiri|Tatsugiri, L50, F|100\/100\n|turn|3\n|\n|t:|1731671479\n|move|p2a: Tatsugiri|Icy Wind|p1b: Gholdengo|[spread] p1a,p1b\n|-supereffective|p1a: Whimsicott\n|-resisted|p1b: Gholdengo\n|-damage|p1a: Whimsicott|0 fnt\n|-damage|p1b: Gholdengo|53\/100\n|-unboost|p1b: Gholdengo|spe|1\n|faint|p1a: Whimsicott\n|move|p2b: Flamigo|Close Combat|p1b: Gholdengo\n|-supereffective|p1b: Gholdengo\n|-damage|p1b: Gholdengo|0 fnt\n|-unboost|p2b: Flamigo|def|1\n|-unboost|p2b: Flamigo|spd|1\n|faint|p1b: Gholdengo\n|\n|upkeep\n|\n|t:|1731671483\n|switch|p1a: Ursaluna|Ursaluna-Bloodmoon, L50, M|100\/100\n|switch|p1b: Dragonite|Dragonite, L50, F|100\/100\n|turn|4\n|j| qiyeO.o\n|inactive|ray4gej has 30 seconds left.\n|inactive|ray4gej has 20 seconds left.\n|inactive|ray4gej has 15 seconds left.\n|inactive|ray4gej has 10 seconds left.\n|\n|t:|1731671529\n|move|p2b: Flamigo|Protect|p2b: Flamigo\n|-singleturn|p2b: Flamigo|Protect\n|move|p1a: Ursaluna|Vacuum Wave|p2b: Flamigo\n|-activate|p2b: Flamigo|move: Protect\n|move|p2a: Tatsugiri|Icy Wind|p1b: Dragonite|[spread] p1a\n|-miss|p2a: Tatsugiri|p1b: Dragonite\n|-supereffective|p1a: Ursaluna\n|-damage|p1a: Ursaluna|77\/100\n|-unboost|p1a: Ursaluna|spe|1\n|move|p1b: Dragonite|Scale Shot|p2a: Tatsugiri\n|-supereffective|p2a: Tatsugiri\n|-damage|p2a: Tatsugiri|42\/100\n|-supereffective|p2a: Tatsugiri\n|-damage|p2a: Tatsugiri|0 fnt\n|faint|p2a: Tatsugiri\n|-hitcount|p2: Tatsugiri|2\n|-unboost|p1b: Dragonite|def|1\n|-boost|p1b: Dragonite|spe|1\n|\n|-sideend|p1: VGCLTH Sac gaming|move: Tailwind\n|-sideend|p2: ray4gej|move: Tailwind\n|upkeep\n|\n|t:|1731671540\n|switch|p2a: Dondozo|Dondozo, L50, F, shiny|100\/100\n|turn|5\n|\n|t:|1731671561\n|move|p2b: Flamigo|Protect|p2b: Flamigo\n|-singleturn|p2b: Flamigo|Protect\n|move|p1a: Ursaluna|Vacuum Wave|p2b: Flamigo\n|-activate|p2b: Flamigo|move: Protect\n|move|p1b: Dragonite|Scale Shot|p2a: Dondozo\n|-damage|p2a: Dondozo|90\/100\n|-damage|p2a: Dondozo|80\/100\n|-damage|p2a: Dondozo|70\/100\n|-damage|p2a: Dondozo|60\/100\n|-damage|p2a: Dondozo|51\/100\n|-hitcount|p2a: Dondozo|5\n|-unboost|p1b: Dragonite|def|1\n|-boost|p1b: Dragonite|spe|1\n|move|p2a: Dondozo|Wave Crash|p1a: Ursaluna\n|-supereffective|p1a: Ursaluna\n|-damage|p1a: Ursaluna|0 fnt\n|faint|p1a: Ursaluna\n|-damage|p2a: Dondozo|30\/100|[from] Recoil\n|\n|upkeep\n|turn|6\n|\n|t:|1731671575\n|move|p1b: Dragonite|Extreme Speed|p2b: Flamigo\n|-damage|p2b: Flamigo|0 fnt\n|faint|p2b: Flamigo\n|move|p2a: Dondozo|Order Up|p1b: Dragonite\n|-supereffective|p1b: Dragonite\n|-damage|p1b: Dragonite|76\/100\n|\n|upkeep\n|turn|7\n|\n|t:|1731671581\n|move|p1b: Dragonite|Scale Shot|p2a: Dondozo\n|-damage|p2a: Dondozo|20\/100\n|-crit|p2a: Dondozo\n|-damage|p2a: Dondozo|5\/100\n|-damage|p2a: Dondozo|0 fnt\n|faint|p2a: Dondozo\n|-hitcount|p2: Dondozo|3\n|\n|win|VGCLTH Sac gaming\n|raw|VGCLTH Sac gaming's rating: 1704 &rarr; <strong>1726<\/strong><br \/>(+22 for winning)\n|raw|ray4gej's rating: 1740 &rarr; <strong>1718<\/strong><br \/>(-22 for losing)\n|c|\u2606ray4gej|If course\n|l|\u2606VGCLTH Sac gaming\n|player|p1|\n|c|\u2606ray4gej|Ggwp\n|l|\u2606ray4gej\n|player|p2|\n|l| qiyeO.o\n","uploadtime":1731671586,"views":13,"formatid":"gen9vgc2024regh","rating":1718,"private":0,"password":null}