{"id":"gen9vgc2024regh-2244231842","format":"[Gen 9] VGC 2024 Reg H","players":["greenlightdmp","lightwatt"],"log":"|j|\u2606greenlightdmp\n|j|\u2606lightwatt\n|t:|1731650448\n|gametype|doubles\n|player|p1|greenlightdmp|102|1762\n|player|p2|lightwatt|palmer|1761\n|teamsize|p1|6\n|teamsize|p2|6\n|gen|9\n|tier|[Gen 9] VGC 2024 Reg H\n|rated|\n|rule|Species Clause: Limit one of each Pok\u00e9mon\n|rule|Item Clause: Limit 1 of each item\n|clearpoke\n|poke|p1|Pelipper, L50, F|\n|poke|p1|Archaludon, L50, F|\n|poke|p1|Sneasler, L50, M|\n|poke|p1|Dragonite, L50, M|\n|poke|p1|Basculegion, L50, M|\n|poke|p1|Rillaboom, L50, F|\n|poke|p2|Gothitelle, L50, M|\n|poke|p2|Amoonguss, L50, M|\n|poke|p2|Ursaluna-Bloodmoon, L50, M|\n|poke|p2|Tyranitar, L50, F|\n|poke|p2|Incineroar, L50, M|\n|poke|p2|Annihilape, L50, F|\n|teampreview|4\n|inactive|Battle timer is ON: inactive players will automatically lose when time's up. (requested by lightwatt)\n|inactive|greenlightdmp has 60 seconds left.\n|inactive|lightwatt has 60 seconds left.\n|inactive|greenlightdmp has 30 seconds left.\n|inactive|greenlightdmp has 20 seconds left.\n|inactive|greenlightdmp has 15 seconds left.\n|inactive|greenlightdmp has 10 seconds left.\n|\n|t:|1731650535\n|start\n|switch|p1a: VEGETA|Basculegion, L50, M|100\/100\n|switch|p1b: Slim Shady|Sneasler, L50, M|100\/100\n|switch|p2a: Tyranitar|Tyranitar, L50, F|100\/100\n|switch|p2b: Annihilape|Annihilape, L50, F|100\/100\n|-weather|Sandstorm|[from] ability: Sand Stream|[of] p2a: Tyranitar\n|turn|1\n|j| subarun\n|inactive|greenlightdmp has 30 seconds left.\n|inactive|greenlightdmp has 20 seconds left.\n|\n|t:|1731650574\n|switch|p2a: Amoonguss|Amoonguss, L50, M, shiny|100\/100\n|-terastallize|p2b: Annihilape|Water\n|move|p1a: VEGETA|Flip Turn|p2b: Annihilape\n|-resisted|p2b: Annihilape\n|-damage|p2b: Annihilape|78\/100\n|\n|t:|1731650584\n|switch|p1a: MACHBACK|Archaludon, L50, F|100\/100|[from] Flip Turn\n|move|p1b: Slim Shady|Throat Chop|p2b: Annihilape\n|-damage|p2b: Annihilape|51\/100\n|-start|p2b: Annihilape|Throat Chop|[silent]\n|move|p2b: Annihilape|Bulk Up|p2b: Annihilape\n|-boost|p2b: Annihilape|atk|1\n|-boost|p2b: Annihilape|def|1\n|\n|-weather|Sandstorm|[upkeep]\n|-damage|p1b: Slim Shady|95\/100|[from] Sandstorm\n|-damage|p2b: Annihilape|45\/100|[from] Sandstorm\n|-damage|p2a: Amoonguss|95\/100|[from] Sandstorm\n|-heal|p2b: Annihilape|51\/100|[from] item: Leftovers\n|upkeep\n|turn|2\n|\n|t:|1731650604\n|switch|p1b: Pelipper|Pelipper, L50, F|100\/100\n|-weather|RainDance|[from] ability: Drizzle|[of] p1b: Pelipper\n|-terastallize|p1a: MACHBACK|Grass\n|move|p2a: Amoonguss|Rage Powder|p2a: Amoonguss\n|-singleturn|p2a: Amoonguss|move: Rage Powder\n|move|p2b: Annihilape|Rage Fist|p1b: Pelipper\n|-damage|p1b: Pelipper|10\/100\n|move|p1a: MACHBACK|Electro Shot||[still]\n|-prepare|p1a: MACHBACK|Electro Shot\n|-boost|p1a: MACHBACK|spa|1\n|-anim|p1a: MACHBACK|Electro Shot|p2b: Annihilape\n|-supereffective|p2b: Annihilape\n|-damage|p2b: Annihilape|0 fnt\n|faint|p2b: Annihilape\n|\n|-weather|RainDance|[upkeep]\n|upkeep\n|\n|t:|1731650617\n|switch|p2b: Tyranitar|Tyranitar, L50, F|100\/100\n|-weather|Sandstorm|[from] ability: Sand Stream|[of] p2b: Tyranitar\n|turn|3\n|inactive|greenlightdmp has 30 seconds left.\n|inactive|greenlightdmp has 20 seconds left.\n|inactive|greenlightdmp has 15 seconds left.\n|inactive|greenlightdmp has 10 seconds left.\n|\n|t:|1731650664\n|move|p1b: Pelipper|Hurricane|p2a: Amoonguss|[miss]\n|-miss|p1b: Pelipper|p2a: Amoonguss\n|move|p1a: MACHBACK|Flash Cannon|p2a: Amoonguss\n|-damage|p2a: Amoonguss|48\/100\n|-enditem|p2a: Amoonguss|Sitrus Berry|[eat]\n|-heal|p2a: Amoonguss|73\/100|[from] item: Sitrus Berry\n|move|p2b: Tyranitar|Knock Off|p1a: MACHBACK\n|-damage|p1a: MACHBACK|59\/100\n|-ability|p1a: MACHBACK|Stamina|boost\n|-boost|p1a: MACHBACK|def|1\n|-enditem|p1a: MACHBACK|Assault Vest|[from] move: Knock Off|[of] p2b: Tyranitar\n|move|p2a: Amoonguss|Spore|p1b: Pelipper\n|-status|p1b: Pelipper|slp|[from] move: Spore\n|\n|-weather|Sandstorm|[upkeep]\n|-damage|p1b: Pelipper|4\/100 slp|[from] Sandstorm\n|-damage|p1a: MACHBACK|53\/100|[from] Sandstorm\n|-damage|p2a: Amoonguss|67\/100|[from] Sandstorm\n|upkeep\n|turn|4\n|inactive|greenlightdmp has 30 seconds left.\n|inactive|lightwatt has 30 seconds left.\n|inactive|lightwatt has 20 seconds left.\n|inactive|lightwatt has 15 seconds left.\n|\n|t:|1731650721\n|switch|p1b: Slim Shady|Sneasler, L50, M|95\/100\n|switch|p2b: Incineroar|Incineroar, L50, M|100\/100\n|-ability|p2b: Incineroar|Intimidate|boost\n|-unboost|p1a: MACHBACK|atk|1\n|-unboost|p1b: Slim Shady|atk|1\n|move|p1a: MACHBACK|Body Press|p2b: Incineroar\n|-supereffective|p2b: Incineroar\n|-damage|p2b: Incineroar|36\/100\n|move|p2a: Amoonguss|Clear Smog|p1a: MACHBACK\n|-supereffective|p1a: MACHBACK\n|-damage|p1a: MACHBACK|11\/100\n|-clearboost|p1a: MACHBACK\n|-ability|p1a: MACHBACK|Stamina|boost\n|-boost|p1a: MACHBACK|def|1\n|\n|-weather|Sandstorm|[upkeep]\n|-damage|p1b: Slim Shady|89\/100|[from] Sandstorm\n|-damage|p1a: MACHBACK|5\/100|[from] Sandstorm\n|-damage|p2a: Amoonguss|62\/100|[from] Sandstorm\n|upkeep\n|turn|5\n|inactive|greenlightdmp has 30 seconds left.\n|inactive|greenlightdmp has 20 seconds left.\n|inactive|lightwatt has 30 seconds left.\n|\n|t:|1731650759\n|switch|p1b: Pelipper|Pelipper, L50, F|4\/100 slp\n|-weather|RainDance|[from] ability: Drizzle|[of] p1b: Pelipper\n|move|p2b: Incineroar|Fake Out|p1b: Pelipper\n|-damage|p1b: Pelipper|0 fnt\n|faint|p1b: Pelipper\n|move|p1a: MACHBACK|Draco Meteor|p2a: Amoonguss|[miss]\n|-miss|p1a: MACHBACK|p2a: Amoonguss\n|move|p2a: Amoonguss|Pollen Puff|p2b: Incineroar\n|-heal|p2b: Incineroar|86\/100\n|\n|-weather|RainDance|[upkeep]\n|upkeep\n|\n|t:|1731650773\n|switch|p1b: Slim Shady|Sneasler, L50, M|89\/100\n|turn|6\n|j| mr pogostick\n|\n|t:|1731650800\n|switch|p2a: Tyranitar|Tyranitar, L50, F|100\/100\n|-weather|Sandstorm|[from] ability: Sand Stream|[of] p2a: Tyranitar\n|move|p1b: Slim Shady|Dire Claw|p2a: Tyranitar\n|-resisted|p2a: Tyranitar\n|-damage|p2a: Tyranitar|84\/100\n|move|p1a: MACHBACK|Flash Cannon|p2a: Tyranitar\n|-supereffective|p2a: Tyranitar\n|-damage|p2a: Tyranitar|49\/100\n|move|p2b: Incineroar|Parting Shot|p1b: Slim Shady\n|-unboost|p1b: Slim Shady|atk|1\n|-unboost|p1b: Slim Shady|spa|1\n|\n|t:|1731650810\n|switch|p2b: Amoonguss|Amoonguss, L50, M, shiny|95\/100|[from] Parting Shot\n|\n|-weather|Sandstorm|[upkeep]\n|-damage|p1b: Slim Shady|83\/100|[from] Sandstorm\n|-damage|p1a: MACHBACK|0 fnt|[from] Sandstorm\n|-damage|p2b: Amoonguss|89\/100|[from] Sandstorm\n|faint|p1a: MACHBACK\n|upkeep\n|\n|t:|1731650814\n|switch|p1a: VEGETA|Basculegion, L50, M|100\/100\n|turn|7\n|\n|t:|1731650829\n|move|p2b: Amoonguss|Rage Powder|p2b: Amoonguss\n|-singleturn|p2b: Amoonguss|move: Rage Powder\n|move|p1a: VEGETA|Last Respects|p2b: Amoonguss\n|-damage|p2b: Amoonguss|0 fnt\n|faint|p2b: Amoonguss\n|move|p1b: Slim Shady|Close Combat|p2a: Tyranitar\n|-supereffective|p2a: Tyranitar\n|-damage|p2a: Tyranitar|0 fnt\n|-unboost|p1b: Slim Shady|def|1\n|-unboost|p1b: Slim Shady|spd|1\n|faint|p2a: Tyranitar\n|\n|-weather|Sandstorm|[upkeep]\n|-damage|p1a: VEGETA|94\/100|[from] Sandstorm\n|-damage|p1b: Slim Shady|77\/100|[from] Sandstorm\n|upkeep\n|\n|t:|1731650848\n|switch|p2b: Incineroar|Incineroar, L50, M|86\/100\n|-ability|p2b: Incineroar|Intimidate|boost\n|-unboost|p1a: VEGETA|atk|1\n|-unboost|p1b: Slim Shady|atk|1\n|turn|8\n|\n|t:|1731650868\n|move|p2b: Incineroar|Fake Out|p1b: Slim Shady\n|-damage|p1b: Slim Shady|50\/100\n|move|p1a: VEGETA|Last Respects|p2b: Incineroar\n|-resisted|p2b: Incineroar\n|-damage|p2b: Incineroar|58\/100\n|cant|p1b: Slim Shady|flinch\n|\n|-weather|Sandstorm|[upkeep]\n|-damage|p1a: VEGETA|88\/100|[from] Sandstorm\n|-damage|p1b: Slim Shady|45\/100|[from] Sandstorm\n|upkeep\n|turn|9\n|\n|t:|1731650876\n|move|p1a: VEGETA|Last Respects|p2b: Incineroar\n|-resisted|p2b: Incineroar\n|-damage|p2b: Incineroar|31\/100\n|move|p1b: Slim Shady|Close Combat|p2b: Incineroar\n|-supereffective|p2b: Incineroar\n|-damage|p2b: Incineroar|0 fnt\n|-unboost|p1b: Slim Shady|def|1\n|-unboost|p1b: Slim Shady|spd|1\n|faint|p2b: Incineroar\n|\n|win|greenlightdmp\n|raw|greenlightdmp's rating: 1762 &rarr; <strong>1782<\/strong><br \/>(+20 for winning)\n|raw|lightwatt's rating: 1761 &rarr; <strong>1741<\/strong><br \/>(-20 for losing)\n|l|\u2606lightwatt\n|player|p2|\n|l| subarun\n|l| mr pogostick\n|l|\u2606greenlightdmp\n|player|p1|\n","uploadtime":1731650892,"views":52,"formatid":"gen9vgc2024regh","rating":1741,"private":0,"password":null}