{"id":"gen9vgc2024regh-2244754032","format":"[Gen 9] VGC 2024 Reg H","players":["VGCLTH John Pork","finalkingambittcg"],"log":"|raw|<div class=\"broadcast-blue\"><strong>This battle is required to be public due to a player having a name starting with 'vgclth'.<\/div>\n|j|\u2606VGCLTH John Pork\n|j|\u203dfinalkingambittcg\n|t:|1731717309\n|gametype|doubles\n|player|p1|VGCLTH John Pork|ogreclan|1731\n|player|p2|finalkingambittcg|101|1754\n|teamsize|p1|6\n|teamsize|p2|6\n|gen|9\n|tier|[Gen 9] VGC 2024 Reg H\n|rated|\n|rule|Species Clause: Limit one of each Pok\u00e9mon\n|rule|Item Clause: Limit 1 of each item\n|clearpoke\n|poke|p1|Whimsicott, L50, M|\n|poke|p1|Typhlosion-Hisui, L50, M|\n|poke|p1|Annihilape, L50, F|\n|poke|p1|Maushold-Four, L50|\n|poke|p1|Farigiraf, L50, F|\n|poke|p1|Ursaluna-Bloodmoon, L50, M|\n|poke|p2|Kingambit, L50, F|\n|poke|p2|Dragapult, L50, M|\n|poke|p2|Ursaluna-Bloodmoon, L50, M|\n|poke|p2|Annihilape, L50, F|\n|poke|p2|Dragonite, L50, M|\n|poke|p2|Magmar, L50, F|\n|teampreview|4\n|inactive|Battle timer is ON: inactive players will automatically lose when time's up. (requested by VGCLTH John Pork)\n|j| BionicFox\n|j| bluestraggler03\n|\n|t:|1731717331\n|start\n|switch|p1a: Their kindness is|Whimsicott, L50, M|100\/100\n|switch|p1b: Unashamed|Ursaluna-Bloodmoon, L50, M|100\/100\n|switch|p2a: Ursaluna|Ursaluna-Bloodmoon, L50, M|100\/100\n|switch|p2b: Dragonite|Dragonite, L50, M|100\/100\n|turn|1\n|\n|t:|1731717353\n|move|p1a: Their kindness is|Moonblast|p2b: Dragonite\n|-supereffective|p2b: Dragonite\n|-damage|p2b: Dragonite|70\/100\n|move|p2b: Dragonite|Scale Shot|p1b: Unashamed\n|-damage|p1b: Unashamed|90\/100\n|-damage|p1b: Unashamed|80\/100\n|-damage|p1b: Unashamed|70\/100\n|-damage|p1b: Unashamed|61\/100\n|-hitcount|p1b: Unashamed|4\n|-unboost|p2b: Dragonite|def|1\n|-boost|p2b: Dragonite|spe|1\n|move|p1b: Unashamed|Blood Moon|p2a: Ursaluna\n|-damage|p2a: Ursaluna|33\/100\n|-damage|p1b: Unashamed|52\/100|[from] item: Life Orb\n|move|p2a: Ursaluna|Hyper Voice|p1b: Unashamed|[spread] p1a,p1b\n|-damage|p1a: Their kindness is|45\/100\n|-damage|p1b: Unashamed|9\/100\n|\n|upkeep\n|turn|2\n|\n|t:|1731717377\n|move|p1a: Their kindness is|Tailwind|p1a: Their kindness is\n|-sidestart|p1: VGCLTH John Pork|move: Tailwind\n|move|p1b: Unashamed|Vacuum Wave|p2a: Ursaluna\n|-supereffective|p2a: Ursaluna\n|-damage|p2a: Ursaluna|3\/100\n|-damage|p1b: Unashamed|0 fnt|[from] item: Life Orb\n|faint|p1b: Unashamed\n|move|p2a: Ursaluna|Vacuum Wave|p1a: Their kindness is\n|-resisted|p1a: Their kindness is\n|-damage|p1a: Their kindness is|32\/100\n|move|p2b: Dragonite|Encore|p1a: Their kindness is\n|-start|p1a: Their kindness is|Encore\n|\n|upkeep\n|\n|t:|1731717384\n|switch|p1b: Sedate|Maushold-Four, L50|100\/100\n|turn|3\n|j| Fancy Cucudrula\n|\n|t:|1731717408\n|switch|p1a: It\u2019s used to|Annihilape, L50, F|100\/100\n|move|p1b: Sedate|Population Bomb|p2b: Dragonite\n|-damage|p2b: Dragonite|55\/100\n|-damage|p2b: Dragonite|41\/100\n|-damage|p2b: Dragonite|26\/100\n|-damage|p2b: Dragonite|11\/100\n|-damage|p2b: Dragonite|0 fnt\n|faint|p2b: Dragonite\n|-hitcount|p2: Dragonite|5\n|move|p2a: Ursaluna|Blood Moon|p1a: It\u2019s used to\n|-damage|p1a: It\u2019s used to|23\/100\n|\n|upkeep\n|\n|t:|1731717420\n|switch|p2b: Kingambit|Kingambit, L50, F|100\/100\n|-activate|p2b: Kingambit|ability: Supreme Overlord\n|-start|p2b: Kingambit|fallen1|[silent]\n|turn|4\n|\n|t:|1731717443\n|-terastallize|p2b: Kingambit|Ghost\n|move|p2a: Ursaluna|Vacuum Wave|p1b: Sedate\n|-supereffective|p1b: Sedate\n|-damage|p1b: Sedate|54\/100\n|move|p1b: Sedate|Population Bomb|p2a: Ursaluna\n|-damage|p2a: Ursaluna|0 fnt\n|faint|p2a: Ursaluna\n|-hitcount|p2: Ursaluna|1\n|move|p1a: It\u2019s used to|Close Combat|p2b: Kingambit\n|-immune|p2b: Kingambit\n|move|p2b: Kingambit|Kowtow Cleave|p1a: It\u2019s used to\n|-damage|p1a: It\u2019s used to|0 fnt\n|faint|p1a: It\u2019s used to\n|\n|upkeep\n|\n|t:|1731717453\n|switch|p1a: Their kindness is|Whimsicott, L50, M|32\/100\n|switch|p2a: Magmar|Magmar, L50, F|100\/100\n|turn|5\n|-message|VGCLTH John Pork forfeited.\n|\n|win|finalkingambittcg\n|raw|VGCLTH John Pork's rating: 1709 &rarr; <strong>1692<\/strong><br \/>(-17 for losing)\n|raw|finalkingambittcg's rating: 1754 &rarr; <strong>1771<\/strong><br \/>(+17 for winning)\n|l|\u2606VGCLTH John Pork\n|player|p1|\n|j|\u2606VGCLTH John Pork\n|player|p1|VGCLTH John Pork|ogreclan|\n|l|\u2606VGCLTH John Pork\n|player|p1|\n|l| bluestraggler03\n|l| Fancy Cucudrula\n|l| BionicFox\n","uploadtime":1731717480,"views":20,"formatid":"gen9vgc2024regh","rating":1692,"private":0,"password":null}