{"id":"gen9vgc2024regh-2244469882","format":"[Gen 9] VGC 2024 Reg H","players":["vgclth elowyn","VGCLTH Rishi"],"log":"|j|\u2606vgclth elowyn\n|j|\u2606VGCLTH Rishi\n|t:|1731686687\n|gametype|doubles\n|player|p1|vgclth elowyn|170|1750\n|player|p2|VGCLTH Rishi|shauntal|1775\n|teamsize|p1|6\n|teamsize|p2|6\n|gen|9\n|tier|[Gen 9] VGC 2024 Reg H\n|rated|\n|rule|Species Clause: Limit one of each Pok\u00e9mon\n|rule|Item Clause: Limit 1 of each item\n|clearpoke\n|poke|p1|Chandelure, L50, F|\n|poke|p1|Sylveon, L50, M|\n|poke|p1|Talonflame, L50, M|\n|poke|p1|Dragapult, L50, F|\n|poke|p1|Electabuzz, L50, F|\n|poke|p1|Decidueye-Hisui, L50, F|\n|poke|p2|Kommo-o, L50, F|\n|poke|p2|Rillaboom, L50, M|\n|poke|p2|Tyranitar, L50, F|\n|poke|p2|Talonflame, L50, F|\n|poke|p2|Gholdengo, L50|\n|poke|p2|Milotic, L50, M|\n|teampreview|4\n|c|\u2606VGCLTH Rishi|glhf\n|c|\u2606vgclth elowyn|u2\n|\n|t:|1731686765\n|start\n|switch|p1a: MarcoFiaro|Talonflame, L50, M|100\/100\n|switch|p1b: Turning|Dragapult, L50, F|100\/100\n|switch|p2a: Rillaboom|Rillaboom, L50, M, shiny|100\/100\n|switch|p2b: Gholdengo|Gholdengo, L50|100\/100\n|-fieldstart|move: Grassy Terrain|[from] ability: Grassy Surge|[of] p2a: Rillaboom\n|turn|1\n|\n|t:|1731686792\n|switch|p2b: Tyranitar|Tyranitar, L50, F|100\/100\n|-weather|Sandstorm|[from] ability: Sand Stream|[of] p2b: Tyranitar\n|-terastallize|p1b: Turning|Ghost\n|move|p2a: Rillaboom|Protect|p2a: Rillaboom\n|-singleturn|p2a: Rillaboom|Protect\n|move|p1a: MarcoFiaro|Tailwind|p1a: MarcoFiaro\n|-sidestart|p1: vgclth elowyn|move: Tailwind\n|move|p1b: Turning|Tera Blast|p2b: Tyranitar|[anim] Tera Blast Ghost\n|-resisted|p2b: Tyranitar\n|-damage|p2b: Tyranitar|65\/100\n|\n|-weather|Sandstorm|[upkeep]\n|-damage|p1a: MarcoFiaro|95\/100|[from] Sandstorm\n|-damage|p1b: Turning|94\/100|[from] Sandstorm\n|-damage|p2a: Rillaboom|94\/100|[from] Sandstorm\n|-heal|p1b: Turning|100\/100|[from] Grassy Terrain\n|-heal|p2a: Rillaboom|100\/100|[from] Grassy Terrain\n|-heal|p2b: Tyranitar|72\/100|[from] Grassy Terrain\n|upkeep\n|turn|2\n|\n|t:|1731686846\n|move|p2a: Rillaboom|Grassy Glide|p1b: Turning\n|-damage|p1b: Turning|39\/100\n|move|p1a: MarcoFiaro|Sunny Day|p1a: MarcoFiaro\n|-weather|SunnyDay\n|move|p1b: Turning|Tera Blast|p2a: Rillaboom|[anim] Tera Blast Ghost\n|-damage|p2a: Rillaboom|20\/100\n|move|p2b: Tyranitar|Rock Slide|p1b: Turning|[spread] p1b\n|-miss|p2b: Tyranitar|p1a: MarcoFiaro\n|-damage|p1b: Turning|0 fnt\n|faint|p1b: Turning\n|\n|-weather|SunnyDay|[upkeep]\n|-heal|p2a: Rillaboom|26\/100|[from] Grassy Terrain\n|-heal|p2b: Tyranitar|78\/100|[from] Grassy Terrain\n|upkeep\n|\n|t:|1731686857\n|switch|p1b: Moonlight|Sylveon, L50, M|100\/100\n|turn|3\n|\n|t:|1731686896\n|move|p2a: Rillaboom|Protect|p2a: Rillaboom\n|-singleturn|p2a: Rillaboom|Protect\n|move|p1a: MarcoFiaro|Flare Blitz|p2b: Tyranitar\n|-resisted|p2b: Tyranitar\n|-damage|p2b: Tyranitar|51\/100\n|-damage|p1a: MarcoFiaro|84\/100|[from] Recoil\n|move|p1b: Moonlight|Hyper Voice|p2b: Tyranitar|[spread] p2b\n|-activate|p2a: Rillaboom|move: Protect\n|-supereffective|p2b: Tyranitar\n|-damage|p2b: Tyranitar|0 fnt\n|faint|p2b: Tyranitar\n|\n|-weather|SunnyDay|[upkeep]\n|-heal|p2a: Rillaboom|32\/100|[from] Grassy Terrain\n|upkeep\n|\n|t:|1731686907\n|switch|p2b: Talonflame|Talonflame, L50, F|100\/100\n|turn|4\n|\n|t:|1731686941\n|move|p2b: Talonflame|Tailwind|p2b: Talonflame\n|-sidestart|p2: VGCLTH Rishi|move: Tailwind\n|move|p1a: MarcoFiaro|Dual Wingbeat|p2b: Talonflame\n|-damage|p2b: Talonflame|82\/100\n|-damage|p2b: Talonflame|65\/100\n|-hitcount|p2b: Talonflame|2\n|move|p2a: Rillaboom|Wood Hammer|p1b: Moonlight\n|-damage|p1b: Moonlight|0 fnt\n|faint|p1b: Moonlight\n|-damage|p2a: Rillaboom|4\/100|[from] Recoil\n|\n|-weather|SunnyDay|[upkeep]\n|-heal|p2a: Rillaboom|10\/100|[from] Grassy Terrain\n|-sideend|p1: vgclth elowyn|move: Tailwind\n|upkeep\n|\n|t:|1731686949\n|switch|p1b: Soullight|Chandelure, L50, F|100\/100\n|turn|5\n|\n|t:|1731686975\n|move|p2b: Talonflame|Brave Bird|p1b: Soullight\n|-damage|p1b: Soullight|43\/100\n|-damage|p2b: Talonflame|50\/100|[from] Recoil\n|move|p2a: Rillaboom|Wood Hammer|p1b: Soullight\n|-resisted|p1b: Soullight\n|-damage|p1b: Soullight|0 fnt\n|faint|p1b: Soullight\n|-damage|p2a: Rillaboom|0 fnt|[from] Recoil\n|faint|p2a: Rillaboom\n|move|p1a: MarcoFiaro|Flare Blitz|p2b: Talonflame\n|-resisted|p2b: Talonflame\n|-damage|p2b: Talonflame|6\/100\n|-damage|p1a: MarcoFiaro|67\/100|[from] Recoil\n|\n|-weather|SunnyDay|[upkeep]\n|-fieldend|move: Grassy Terrain\n|upkeep\n|\n|t:|1731686990\n|switch|p2a: Gholdengo|Gholdengo, L50|100\/100\n|turn|6\n|\n|t:|1731687020\n|move|p2b: Talonflame|Protect|p2b: Talonflame\n|-singleturn|p2b: Talonflame|Protect\n|move|p2a: Gholdengo|Thunderbolt|p1a: MarcoFiaro\n|-supereffective|p1a: MarcoFiaro\n|-damage|p1a: MarcoFiaro|0 fnt\n|faint|p1a: MarcoFiaro\n|\n|win|VGCLTH Rishi\n|raw|vgclth elowyn's rating: 1750 &rarr; <strong>1731<\/strong><br \/>(-19 for losing)\n|raw|VGCLTH Rishi's rating: 1775 &rarr; <strong>1794<\/strong><br \/>(+19 for winning)\n|l|\u2606VGCLTH Rishi\n|player|p2|\n","uploadtime":1731687218,"views":10,"formatid":"gen9vgc2024regh","rating":1731,"private":0,"password":null}