{"id":"gen9vgc2024regh-2244764806","format":"[Gen 9] VGC 2024 Reg H","players":["vgclth papaneth","VGCLTH TnB"],"log":"|raw|<div class=\"broadcast-blue\"><strong>This battle is required to be public due to a player having a name starting with 'vgclth'.<\/div>\n|j|\u2606vgclth papaneth\n|j|\u2606VGCLTH TnB\n|t:|1731718722\n|gametype|doubles\n|player|p1|vgclth papaneth|rood|1691\n|player|p2|VGCLTH TnB|roxanne-masters|1805\n|teamsize|p1|6\n|teamsize|p2|6\n|gen|9\n|tier|[Gen 9] VGC 2024 Reg H\n|rated|\n|rule|Species Clause: Limit one of each Pok\u00e9mon\n|rule|Item Clause: Limit 1 of each item\n|clearpoke\n|poke|p1|Tyranitar, L50, F|\n|poke|p1|Gengar, L50, F|\n|poke|p1|Kommo-o, L50, F|\n|poke|p1|Rillaboom, L50, F|\n|poke|p1|Annihilape, L50, M|\n|poke|p1|Whimsicott, L50, M|\n|poke|p2|Klefki, L50, M|\n|poke|p2|Annihilape, L50, M|\n|poke|p2|Archaludon, L50, F|\n|poke|p2|Maushold, L50|\n|poke|p2|Sinistcha, L50|\n|poke|p2|Pelipper, L50, F|\n|teampreview|4\n|inactive|Battle timer is ON: inactive players will automatically lose when time's up. (requested by VGCLTH TnB)\n|c|\u2606vgclth papaneth|we run it back gaming\n|inactive|vgclth papaneth has 60 seconds left.\n|inactive|VGCLTH TnB has 60 seconds left.\nVGCLTH TnB has agreed to open team sheets.\nvgclth papaneth has agreed to open team sheets.\n|inactive|vgclth papaneth has 30 seconds left.\n|inactive|VGCLTH TnB has 30 seconds left.\n|inactive|VGCLTH TnB has 20 seconds left.\n|inactive|VGCLTH TnB has 15 seconds left.\n|inactive|VGCLTH TnB has 10 seconds left.\n|\n|t:|1731718805\n|start\n|switch|p1a: Rillaboom|Rillaboom, L50, F|100\/100\n|switch|p1b: Whimsicott|Whimsicott, L50, M|100\/100\n|switch|p2a: Maushold|Maushold, L50|100\/100\n|switch|p2b: Pelipper|Pelipper, L50, F|100\/100\n|-fieldstart|move: Grassy Terrain|[from] ability: Grassy Surge|[of] p1a: Rillaboom\n|-weather|RainDance|[from] ability: Drizzle|[of] p2b: Pelipper\n|turn|1\n|j| Fancy Cucudrula\n|\n|t:|1731718823\n|switch|p2b: Archaludon|Archaludon, L50, F|100\/100\n|move|p2a: Maushold|Protect|p2a: Maushold\n|-singleturn|p2a: Maushold|Protect\n|move|p1b: Whimsicott|Moonblast|p2b: Archaludon\n|-damage|p2b: Archaludon|86\/100\n|-ability|p2b: Archaludon|Stamina|boost\n|-boost|p2b: Archaludon|def|1\n|move|p1a: Rillaboom|U-turn|p2b: Archaludon\n|-resisted|p2b: Archaludon\n|-damage|p2b: Archaludon|79\/100\n|-ability|p2b: Archaludon|Stamina|boost\n|-boost|p2b: Archaludon|def|1\n|\n|t:|1731718828\n|switch|p1a: Kommo-o|Kommo-o, L50, F|100\/100|[from] U-turn\n|\n|-weather|RainDance|[upkeep]\n|-heal|p2b: Archaludon|85\/100|[from] Grassy Terrain\n|upkeep\n|turn|2\n|inactive|vgclth papaneth has 30 seconds left.\n|inactive|VGCLTH TnB has 30 seconds left.\n|inactive|vgclth papaneth has 20 seconds left.\n|inactive|vgclth papaneth has 15 seconds left.\n|inactive|vgclth papaneth has 10 seconds left.\n|\n|t:|1731718876\n|-terastallize|p1a: Kommo-o|Fire\n|move|p2a: Maushold|Follow Me|p2a: Maushold\n|-singleturn|p2a: Maushold|move: Follow Me\n|move|p1b: Whimsicott|Moonblast|p2a: Maushold\n|-damage|p2a: Maushold|70\/100\n|-unboost|p2a: Maushold|spa|1\n|move|p1a: Kommo-o|Clanging Scales|p2a: Maushold|[spread] p2a,p2b\n|-crit|p2b: Archaludon\n|-damage|p2a: Maushold|14\/100\n|-damage|p2b: Archaludon|48\/100\n|-ability|p2b: Archaludon|Stamina|boost\n|-boost|p2b: Archaludon|def|1\n|-unboost|p1a: Kommo-o|def|1\n|-damage|p1a: Kommo-o|91\/100|[from] item: Life Orb\n|move|p2b: Archaludon|Dragon Pulse|p1a: Kommo-o\n|-damage|p1a: Kommo-o|42\/100\n|\n|-weather|RainDance|[upkeep]\n|-heal|p1a: Kommo-o|48\/100|[from] Grassy Terrain\n|-heal|p2a: Maushold|20\/100|[from] Grassy Terrain\n|-heal|p2b: Archaludon|54\/100|[from] Grassy Terrain\n|upkeep\n|turn|3\n|\n|t:|1731718899\n|switch|p2a: Sinistcha|Sinistcha, L50|100\/100\n|-heal|p2b: Archaludon|79\/100|[from] ability: Hospitality|[of] p2a: Sinistcha\n|move|p1a: Kommo-o|Protect|p1a: Kommo-o\n|-singleturn|p1a: Kommo-o|Protect\n|move|p1b: Whimsicott|Tailwind|p1b: Whimsicott\n|-sidestart|p1: vgclth papaneth|move: Tailwind\n|move|p2b: Archaludon|Electro Shot||[still]\n|-prepare|p2b: Archaludon|Electro Shot\n|-boost|p2b: Archaludon|spa|1\n|-anim|p2b: Archaludon|Electro Shot|p1a: Kommo-o\n|-activate|p1a: Kommo-o|move: Protect\n|\n|-weather|RainDance|[upkeep]\n|-heal|p1a: Kommo-o|54\/100|[from] Grassy Terrain\n|-heal|p2b: Archaludon|85\/100|[from] Grassy Terrain\n|upkeep\n|turn|4\n|inactive|vgclth papaneth has 30 seconds left.\n|\n|t:|1731718926\n|-terastallize|p2b: Archaludon|Bug\n|move|p1b: Whimsicott|Moonblast|p2b: Archaludon\n|-damage|p2b: Archaludon|64\/100\n|-ability|p2b: Archaludon|Stamina|boost\n|-boost|p2b: Archaludon|def|1\n|move|p1a: Kommo-o|Clanging Scales|p2b: Archaludon|[spread] p2a,p2b\n|-damage|p2a: Sinistcha|56\/100\n|-damage|p2b: Archaludon|28\/100\n|-ability|p2b: Archaludon|Stamina|boost\n|-boost|p2b: Archaludon|def|1\n|-unboost|p1a: Kommo-o|def|1\n|-damage|p1a: Kommo-o|44\/100|[from] item: Life Orb\n|move|p2b: Archaludon|Dragon Pulse|p1a: Kommo-o\n|-damage|p1a: Kommo-o|0 fnt\n|faint|p1a: Kommo-o\n|move|p2a: Sinistcha|Trick Room|p2a: Sinistcha\n|-fieldstart|move: Trick Room|[of] p2a: Sinistcha\n|\n|-weather|RainDance|[upkeep]\n|-heal|p2a: Sinistcha|62\/100|[from] Grassy Terrain\n|-heal|p2b: Archaludon|34\/100|[from] Grassy Terrain\n|upkeep\n|\n|t:|1731718942\n|switch|p1a: Annihilape|Annihilape, L50, M|100\/100\n|turn|5\n|\n|t:|1731718961\n|switch|p2a: Maushold|Maushold, L50|20\/100\n|move|p1b: Whimsicott|Encore||[still]\n|-fail|p1b: Whimsicott\n|move|p2b: Archaludon|Flash Cannon|p1b: Whimsicott\n|-supereffective|p1b: Whimsicott\n|-damage|p1b: Whimsicott|0 fnt\n|faint|p1b: Whimsicott\n|move|p1a: Annihilape|Final Gambit|p2b: Archaludon\n|-damage|p2b: Archaludon|0 fnt\n|faint|p1a: Annihilape\n|faint|p2b: Archaludon\n|\n|-weather|RainDance|[upkeep]\n|-heal|p2a: Maushold|26\/100|[from] Grassy Terrain\n|-fieldend|move: Grassy Terrain\n|upkeep\n|\n|t:|1731718972\n|switch|p2b: Sinistcha|Sinistcha, L50|62\/100\n|switch|p1b: Rillaboom|Rillaboom, L50, F|100\/100\n|-heal|p2a: Maushold|51\/100|[from] ability: Hospitality|[of] p2b: Sinistcha\n|-fieldstart|move: Grassy Terrain|[from] ability: Grassy Surge|[of] p1b: Rillaboom\n|turn|6\n|\n|t:|1731718990\n|move|p2a: Maushold|Protect|p2a: Maushold\n|-singleturn|p2a: Maushold|Protect\n|move|p2b: Sinistcha|Strength Sap|p1b: Rillaboom\n|-unboost|p1b: Rillaboom|atk|1\n|-heal|p2b: Sinistcha|100\/100\n|move|p1b: Rillaboom|Wood Hammer|p2b: Sinistcha\n|-resisted|p2b: Sinistcha\n|-damage|p2b: Sinistcha|74\/100\n|-damage|p1b: Rillaboom|91\/100|[from] Recoil\n|\n|-weather|RainDance|[upkeep]\n|-heal|p2b: Sinistcha|80\/100|[from] Grassy Terrain\n|-heal|p2a: Maushold|57\/100|[from] Grassy Terrain\n|-heal|p1b: Rillaboom|98\/100|[from] Grassy Terrain\n|-sideend|p1: vgclth papaneth|move: Tailwind\n|upkeep\n|turn|7\n|\n|t:|1731719002\n|switch|p2a: Pelipper|Pelipper, L50, F|100\/100\n|move|p2b: Sinistcha|Shadow Ball|p1b: Rillaboom\n|-damage|p1b: Rillaboom|54\/100\n|move|p1b: Rillaboom|Wood Hammer|p2a: Pelipper\n|-damage|p2a: Pelipper|4\/100\n|-damage|p1b: Rillaboom|25\/100|[from] Recoil\n|\n|-weather|RainDance|[upkeep]\n|-heal|p2b: Sinistcha|86\/100|[from] Grassy Terrain\n|-heal|p1b: Rillaboom|31\/100|[from] Grassy Terrain\n|upkeep\n|turn|8\n|\n|t:|1731719011\n|move|p2b: Sinistcha|Shadow Ball|p1b: Rillaboom\n|-damage|p1b: Rillaboom|0 fnt\n|faint|p1b: Rillaboom\n|\n|win|VGCLTH TnB\n|raw|vgclth papaneth's rating: 1691 &rarr; <strong>1676<\/strong><br \/>(-15 for losing)\n|raw|VGCLTH TnB's rating: 1780 &rarr; <strong>1795<\/strong><br \/>(+15 for winning)\n|c|\u2606vgclth papaneth|gg\n|c|\u2606VGCLTH TnB|gg\n|l|\u2606vgclth papaneth\n|player|p1|\n|l| Fancy Cucudrula\n|l|\u2606VGCLTH TnB\n|player|p2|\n","uploadtime":1731719238,"views":19,"formatid":"gen9vgc2024regh","rating":1676,"private":0,"password":null}