{"id":"gen9vgc2024regh-2244752329","format":"[Gen 9] VGC 2024 Reg H","players":["Filefate","VGCLTH John Pork"],"log":"|raw|<div class=\"broadcast-blue\"><strong>This battle is required to be public due to a player having a name starting with 'vgclth'.<\/div>\n|j|\u2606Filefate\n|j|\u2606VGCLTH John Pork\n|t:|1731717081\n|gametype|doubles\n|player|p1|Filefate|hiker-gen4|1698\n|player|p2|VGCLTH John Pork|ogreclan|1731\n|teamsize|p1|6\n|teamsize|p2|6\n|gen|9\n|tier|[Gen 9] VGC 2024 Reg H\n|rated|\n|rule|Species Clause: Limit one of each Pok\u00e9mon\n|rule|Item Clause: Limit 1 of each item\n|clearpoke\n|poke|p1|Annihilape, L50, M|\n|poke|p1|Electrode-Hisui, L50|\n|poke|p1|Archaludon, L50, M|\n|poke|p1|Pelipper, L50, F|\n|poke|p1|Gothitelle, L50, M|\n|poke|p1|Basculegion, L50, M|\n|poke|p2|Whimsicott, L50, F|\n|poke|p2|Typhlosion-Hisui, L50, F|\n|poke|p2|Annihilape, L50, F|\n|poke|p2|Maushold-Four, L50|\n|poke|p2|Farigiraf, L50, F|\n|poke|p2|Ursaluna-Bloodmoon, L50, M|\n|teampreview|4\n|inactive|Battle timer is ON: inactive players will automatically lose when time's up. (requested by VGCLTH John Pork)\n|inactive|Filefate also wants the timer to be on.\n|inactive|Filefate has 60 seconds left.\n|\n|t:|1731717139\n|start\n|switch|p1a: Pelipper|Pelipper, L50, F|100\/100\n|switch|p1b: Archaludon|Archaludon, L50, M|100\/100\n|switch|p2a: Their kindness is|Whimsicott, L50, F|100\/100\n|switch|p2b: It\u2019s used to|Annihilape, L50, F|100\/100\n|-weather|RainDance|[from] ability: Drizzle|[of] p1a: Pelipper\n|turn|1\n|inactive|Filefate has 30 seconds left.\n|inactive|Filefate has 20 seconds left.\n|\n|t:|1731717177\n|-terastallize|p2b: It\u2019s used to|Fire\n|move|p2a: Their kindness is|Sunny Day|p2a: Their kindness is\n|-weather|SunnyDay\n|move|p2b: It\u2019s used to|Close Combat|p1b: Archaludon\n|-supereffective|p1b: Archaludon\n|-damage|p1b: Archaludon|0 fnt\n|-unboost|p2b: It\u2019s used to|def|1\n|-unboost|p2b: It\u2019s used to|spd|1\n|faint|p1b: Archaludon\n|move|p1a: Pelipper|Hurricane|p2b: It\u2019s used to|[miss]\n|-miss|p1a: Pelipper|p2b: It\u2019s used to\n|\n|-weather|SunnyDay|[upkeep]\n|upkeep\n|\n|t:|1731717193\n|switch|p1b: Gothitelle|Gothitelle, L50, M, shiny|100\/100\n|turn|2\n|inactive|Filefate has 30 seconds left.\n|\n|t:|1731717221\n|move|p2a: Their kindness is|Moonblast|p1a: Pelipper\n|-damage|p1a: Pelipper|53\/100\n|-unboost|p1a: Pelipper|spa|1\n|move|p2b: It\u2019s used to|Close Combat|p1a: Pelipper\n|-resisted|p1a: Pelipper\n|-damage|p1a: Pelipper|18\/100\n|-unboost|p2b: It\u2019s used to|def|1\n|-unboost|p2b: It\u2019s used to|spd|1\n|move|p1b: Gothitelle|Rain Dance|p1b: Gothitelle\n|-weather|RainDance\n|move|p1a: Pelipper|Hurricane|p2a: Their kindness is\n|-supereffective|p2a: Their kindness is\n|-damage|p2a: Their kindness is|12\/100\n|-start|p2a: Their kindness is|confusion\n|\n|-weather|RainDance|[upkeep]\n|upkeep\n|turn|3\n|j| Fancy Cucudrula\n|\n|t:|1731717241\n|-activate|p2a: Their kindness is|confusion\n|move|p2a: Their kindness is|Sunny Day|p2a: Their kindness is\n|-weather|SunnyDay\n|move|p2b: It\u2019s used to|Close Combat|p1a: Pelipper\n|-resisted|p1a: Pelipper\n|-damage|p1a: Pelipper|0 fnt\n|-unboost|p2b: It\u2019s used to|def|1\n|-unboost|p2b: It\u2019s used to|spd|1\n|faint|p1a: Pelipper\n|move|p1b: Gothitelle|Rain Dance|p1b: Gothitelle\n|-weather|RainDance\n|\n|-weather|RainDance|[upkeep]\n|upkeep\n|\n|t:|1731717246\n|switch|p1a: Basculegion|Basculegion, L50, M, shiny|100\/100\n|turn|4\n|inactive|Filefate has 30 seconds left.\n|\n|t:|1731717273\n|-terastallize|p1a: Basculegion|Water\n|-activate|p2a: Their kindness is|confusion\n|-damage|p2a: Their kindness is|3\/100|[from] confusion\n|move|p1a: Basculegion|Waterfall|p2b: It\u2019s used to\n|-supereffective|p2b: It\u2019s used to\n|-damage|p2b: It\u2019s used to|0 fnt\n|faint|p2b: It\u2019s used to\n|move|p1b: Gothitelle|Expanding Force|p2a: Their kindness is\n|-damage|p2a: Their kindness is|0 fnt\n|faint|p2a: Their kindness is\n|\n|-weather|RainDance|[upkeep]\n|upkeep\n|\n|t:|1731717281\n|switch|p2a: Charade|Typhlosion-Hisui, L50, F|100\/100\n|switch|p2b: Unashamed|Ursaluna-Bloodmoon, L50, M|100\/100\n|-item|p1a: Basculegion|Focus Sash|[from] ability: Frisk|[of] p2a: Charade\n|-item|p1b: Gothitelle|Leftovers|[from] ability: Frisk|[of] p2a: Charade\n|turn|5\n|inactive|Filefate has 30 seconds left.\n|inactive|Filefate has 20 seconds left.\n|\n|t:|1731717318\n|move|p1a: Basculegion|Waterfall|p2a: Charade\n|-supereffective|p2a: Charade\n|-damage|p2a: Charade|0 fnt\n|faint|p2a: Charade\n|move|p1b: Gothitelle|Expanding Force|p2b: Unashamed\n|-damage|p2b: Unashamed|70\/100\n|move|p2b: Unashamed|Blood Moon|p1a: Basculegion\n|-enditem|p1a: Basculegion|Focus Sash\n|-damage|p1a: Basculegion|1\/100\n|-damage|p2b: Unashamed|61\/100|[from] item: Life Orb\n|\n|-weather|RainDance|[upkeep]\n|upkeep\n|turn|6\n|\n|t:|1731717334\n|move|p2b: Unashamed|Vacuum Wave|p1a: Basculegion\n|-damage|p1a: Basculegion|0 fnt\n|faint|p1a: Basculegion\n|-damage|p2b: Unashamed|51\/100|[from] item: Life Orb\n|move|p1b: Gothitelle|Expanding Force|p2b: Unashamed\n|-crit|p2b: Unashamed\n|-damage|p2b: Unashamed|6\/100\n|\n|-weather|RainDance|[upkeep]\n|upkeep\n|turn|7\n|\n|t:|1731717354\n|move|p1b: Gothitelle|Expanding Force|p2b: Unashamed\n|-damage|p2b: Unashamed|0 fnt\n|faint|p2b: Unashamed\n|\n|win|Filefate\n|raw|Filefate's rating: 1698 &rarr; <strong>1720<\/strong><br \/>(+22 for winning)\n|raw|VGCLTH John Pork's rating: 1731 &rarr; <strong>1709<\/strong><br \/>(-22 for losing)\n|l|\u2606VGCLTH John Pork\n|player|p2|\n","uploadtime":1731717378,"views":17,"formatid":"gen9vgc2024regh","rating":1709,"private":0,"password":null}