{"id":"gen9vgc2024regh-2244411824","format":"[Gen 9] VGC 2024 Reg H","players":["VGCLTH MinamiSimp","1212kkekrk"],"log":"|raw|<div class=\"broadcast-blue\"><strong>This battle is required to be public due to a player having a name starting with 'vgclth'.<\/div>\n|j|\u2606VGCLTH MinamiSimp\n|j|\u26061212kkekrk\n|t:|1731680671\n|gametype|doubles\n|player|p1|VGCLTH MinamiSimp|miku-water|1828\n|player|p2|1212kkekrk|101|1768\n|teamsize|p1|6\n|teamsize|p2|6\n|gen|9\n|tier|[Gen 9] VGC 2024 Reg H\n|rated|\n|rule|Species Clause: Limit one of each Pok\u00e9mon\n|rule|Item Clause: Limit 1 of each item\n|clearpoke\n|poke|p1|Archaludon, L50, M|\n|poke|p1|Pelipper, L50, F|\n|poke|p1|Electabuzz, L50, M|\n|poke|p1|Kingambit, L50, M|\n|poke|p1|Rillaboom, L50, M|\n|poke|p1|Basculegion, L50, M|\n|poke|p2|Armarouge, L50, F|\n|poke|p2|Indeedee-F, L50, F|\n|poke|p2|Garchomp, L50, M|\n|poke|p2|Weezing-Galar, L50, F|\n|poke|p2|Maushold-Four, L50|\n|poke|p2|Annihilape, L50, F|\n|teampreview|4\n|inactive|Battle timer is ON: inactive players will automatically lose when time's up. (requested by VGCLTH MinamiSimp)\n|\n|t:|1731680687\n|start\n|switch|p1a: Pelipper|Pelipper, L50, F|100\/100\n|switch|p1b: Basculegion|Basculegion, L50, M|100\/100\n|switch|p2a: Maushold|Maushold-Four, L50|100\/100\n|switch|p2b: Annihilape|Annihilape, L50, F|100\/100\n|-weather|RainDance|[from] ability: Drizzle|[of] p1a: Pelipper\n|turn|1\n|\n|t:|1731680699\n|-terastallize|p2b: Annihilape|Water\n|move|p1b: Basculegion|Wave Crash|p2a: Maushold\n|-damage|p2a: Maushold|0 fnt\n|faint|p2a: Maushold\n|-damage|p1b: Basculegion|70\/100|[from] Recoil\n|move|p2b: Annihilape|Bulk Up|p2b: Annihilape\n|-boost|p2b: Annihilape|atk|1\n|-boost|p2b: Annihilape|def|1\n|move|p1a: Pelipper|Tailwind|p1a: Pelipper\n|-sidestart|p1: VGCLTH MinamiSimp|move: Tailwind\n|\n|-weather|RainDance|[upkeep]\n|upkeep\n|\n|t:|1731680705\n|switch|p2a: Indeedee|Indeedee-F, L50, F|100\/100\n|-fieldstart|move: Psychic Terrain|[from] ability: Psychic Surge|[of] p2a: Indeedee\n|turn|2\n|\n|t:|1731680710\n|move|p2a: Indeedee|Protect|p2a: Indeedee\n|-singleturn|p2a: Indeedee|Protect\n|move|p1b: Basculegion|Wave Crash|p2a: Indeedee\n|-activate|p2a: Indeedee|move: Protect\n|move|p1a: Pelipper|Hurricane|p2b: Annihilape\n|-damage|p2b: Annihilape|53\/100\n|move|p2b: Annihilape|Rage Fist|p1b: Basculegion\n|-supereffective|p1b: Basculegion\n|-damage|p1b: Basculegion|0 fnt\n|faint|p1b: Basculegion\n|\n|-weather|RainDance|[upkeep]\n|-heal|p2b: Annihilape|59\/100|[from] item: Leftovers\n|upkeep\n|\n|t:|1731680720\n|switch|p1b: Archaludon|Archaludon, L50, M|100\/100\n|turn|3\n|\n|t:|1731680728\n|-terastallize|p1a: Pelipper|Stellar\n|move|p2a: Indeedee|Follow Me|p2a: Indeedee\n|-singleturn|p2a: Indeedee|move: Follow Me\n|move|p1a: Pelipper|Weather Ball|p2a: Indeedee\n|-damage|p2a: Indeedee|15\/100\n|move|p1b: Archaludon|Electro Shot||[still]\n|-prepare|p1b: Archaludon|Electro Shot\n|-boost|p1b: Archaludon|spa|1\n|-anim|p1b: Archaludon|Electro Shot|p2a: Indeedee\n|-damage|p2a: Indeedee|0 fnt\n|faint|p2a: Indeedee\n|move|p2b: Annihilape|Rage Fist|p1a: Pelipper\n|-damage|p1a: Pelipper|27\/100\n|\n|-weather|RainDance|[upkeep]\n|-heal|p2b: Annihilape|65\/100|[from] item: Leftovers\n|upkeep\n|j| Mixam91\n|\n|t:|1731680735\n|switch|p2a: Armarouge|Armarouge, L50, F|100\/100\n|turn|4\n|\n|t:|1731680742\n|move|p2b: Annihilape|Protect|p2b: Annihilape\n|-singleturn|p2b: Annihilape|Protect\n|move|p1a: Pelipper|Weather Ball|p2a: Armarouge\n|-supereffective|p2a: Armarouge\n|-damage|p2a: Armarouge|0 fnt\n|faint|p2a: Armarouge\n|move|p1b: Archaludon|Electro Shot||[still]\n|-prepare|p1b: Archaludon|Electro Shot\n|-boost|p1b: Archaludon|spa|1\n|-anim|p1b: Archaludon|Electro Shot|p2b: Annihilape\n|-activate|p2b: Annihilape|move: Protect\n|\n|-weather|RainDance|[upkeep]\n|-heal|p2b: Annihilape|71\/100|[from] item: Leftovers\n|-sideend|p1: VGCLTH MinamiSimp|move: Tailwind\n|upkeep\n|turn|5\n|\n|t:|1731680753\n|move|p2b: Annihilape|Rage Fist|p1a: Pelipper\n|-damage|p1a: Pelipper|0 fnt\n|faint|p1a: Pelipper\n|move|p1b: Archaludon|Electro Shot||[still]\n|-prepare|p1b: Archaludon|Electro Shot\n|-boost|p1b: Archaludon|spa|1\n|-anim|p1b: Archaludon|Electro Shot|p2b: Annihilape\n|-supereffective|p2b: Annihilape\n|-damage|p2b: Annihilape|0 fnt\n|faint|p2b: Annihilape\n|\n|win|VGCLTH MinamiSimp\n|raw|VGCLTH MinamiSimp's rating: 1828 &rarr; <strong>1845<\/strong><br \/>(+17 for winning)\n|raw|1212kkekrk's rating: 1768 &rarr; <strong>1751<\/strong><br \/>(-17 for losing)\n|l|\u2606VGCLTH MinamiSimp\n|player|p1|\n|l|\u26061212kkekrk\n|player|p2|\n","uploadtime":1731681011,"views":11,"formatid":"gen9vgc2024regh","rating":1751,"private":0,"password":null}