{"id":"gen9vgc2024regh-2244727840","format":"[Gen 9] VGC 2024 Reg H","players":["blindfishptsd","VGCLTH John Pork"],"log":"|raw|<div class=\"broadcast-blue\"><strong>This battle is required to be public due to a player having a name starting with 'vgclth'.<\/div>\n|j|\u2606blindfishptsd\n|j|\u2606VGCLTH John Pork\n|t:|1731713931\n|gametype|doubles\n|player|p1|blindfishptsd|olympia|1701\n|player|p2|VGCLTH John Pork|ogreclan|1683\n|teamsize|p1|6\n|teamsize|p2|6\n|gen|9\n|tier|[Gen 9] VGC 2024 Reg H\n|rated|\n|rule|Species Clause: Limit one of each Pok\u00e9mon\n|rule|Item Clause: Limit 1 of each item\n|clearpoke\n|poke|p1|Gholdengo, L50|\n|poke|p1|Glimmora, L50, F|\n|poke|p1|Talonflame, L50, M|\n|poke|p1|Dragonite, L50, F|\n|poke|p1|Dondozo, L50, M|\n|poke|p1|Tatsugiri, L50, F|\n|poke|p2|Whimsicott, L50, F|\n|poke|p2|Typhlosion-Hisui, L50, F|\n|poke|p2|Annihilape, L50, M|\n|poke|p2|Maushold-Four, L50|\n|poke|p2|Farigiraf, L50, M|\n|poke|p2|Ursaluna-Bloodmoon, L50, M|\n|teampreview|4\n|inactive|Battle timer is ON: inactive players will automatically lose when time's up. (requested by VGCLTH John Pork)\n|inactive|blindfishptsd also wants the timer to be on.\n|\n|t:|1731713946\n|start\n|switch|p1a: Talonflame|Talonflame, L50, M|100\/100\n|switch|p1b: Glimmora|Glimmora, L50, F|100\/100\n|switch|p2a: Sedate|Maushold-Four, L50|100\/100\n|switch|p2b: They remain|Farigiraf, L50, M|100\/100\n|turn|1\n|\n|t:|1731713965\n|switch|p1a: Dondozo|Dondozo, L50, M|100\/100\n|move|p2a: Sedate|Follow Me|p2a: Sedate\n|-singleturn|p2a: Sedate|move: Follow Me\n|move|p1b: Glimmora|Sludge Bomb|p2a: Sedate\n|-damage|p2a: Sedate|32\/100\n|move|p2b: They remain|Trick Room|p2b: They remain\n|-fieldstart|move: Trick Room|[of] p2b: They remain\n|\n|upkeep\n|turn|2\n|\n|t:|1731713989\n|switch|p2a: Unashamed|Ursaluna-Bloodmoon, L50, M|100\/100\n|move|p1a: Dondozo|Protect|p1a: Dondozo\n|-singleturn|p1a: Dondozo|Protect\n|move|p1b: Glimmora|Spiky Shield|p1b: Glimmora\n|-singleturn|p1b: Glimmora|move: Protect\n|move|p2b: They remain|Psychic Noise|p1b: Glimmora\n|-activate|p1b: Glimmora|move: Protect\n|\n|upkeep\n|turn|3\n|\n|t:|1731713999\n|switch|p1b: Tatsugiri|Tatsugiri, L50, F|100\/100\n|-activate|p1b: Tatsugiri|ability: Commander|[of] p1a: Dondozo\n|-boost|p1a: Dondozo|atk|2\n|-boost|p1a: Dondozo|spa|2\n|-boost|p1a: Dondozo|spe|2\n|-boost|p1a: Dondozo|def|2\n|-boost|p1a: Dondozo|spd|2\n|-terastallize|p2a: Unashamed|Normal\n|move|p2a: Unashamed|Blood Moon|p1a: Dondozo\n|-damage|p1a: Dondozo|26\/100\n|-damage|p2a: Unashamed|91\/100|[from] item: Life Orb\n|move|p2b: They remain|Psychic Noise|p1a: Dondozo\n|-damage|p1a: Dondozo|8\/100\n|-start|p1a: Dondozo|move: Heal Block\n|-enditem|p2b: They remain|Throat Spray\n|-boost|p2b: They remain|spa|1|[from] item: Throat Spray\n|move|p1a: Dondozo|Wave Crash|p2a: Unashamed\n|-damage|p2a: Unashamed|9\/100\n|-damage|p1a: Dondozo|0 fnt|[from] Recoil\n|faint|p1a: Dondozo\n|\n|upkeep\n|\n|t:|1731714011\n|switch|p1a: Glimmora|Glimmora, L50, F|100\/100\n|turn|4\n|\n|t:|1731714020\n|move|p1a: Glimmora|Spiky Shield|p1a: Glimmora\n|-singleturn|p1a: Glimmora|move: Protect\n|move|p2a: Unashamed|Hyper Voice|p1b: Tatsugiri|[spread] p1b\n|-activate|p1a: Glimmora|move: Protect\n|-damage|p1b: Tatsugiri|13\/100\n|-damage|p2a: Unashamed|0 fnt|[from] item: Life Orb\n|faint|p2a: Unashamed\n|move|p2b: They remain|Hyper Voice|p1b: Tatsugiri|[spread] p1b\n|-activate|p1a: Glimmora|move: Protect\n|-damage|p1b: Tatsugiri|0 fnt\n|faint|p1b: Tatsugiri\n|\n|upkeep\n|\n|t:|1731714030\n|switch|p2a: Sedate|Maushold-Four, L50|32\/100\n|switch|p1b: Talonflame|Talonflame, L50, M|100\/100\n|turn|5\n|\n|t:|1731714049\n|-terastallize|p1a: Glimmora|Grass\n|move|p2b: They remain|Psychic Noise|p1a: Glimmora\n|-damage|p1a: Glimmora|34\/100\n|-start|p1a: Glimmora|move: Heal Block\n|move|p1a: Glimmora|Sludge Bomb|p2a: Sedate\n|-damage|p2a: Sedate|0 fnt\n|faint|p2a: Sedate\n|move|p1b: Talonflame|Flare Blitz|p2b: They remain\n|-damage|p2b: They remain|45\/100\n|-damage|p1b: Talonflame|74\/100|[from] Recoil\n|-damage|p1b: Talonflame|64\/100|[from] item: Life Orb\n|\n|-fieldend|move: Trick Room\n|upkeep\n|\n|t:|1731714051\n|switch|p2a: It\u2019s used to|Annihilape, L50, M|100\/100\n|turn|6\n|\n|t:|1731714065\n|move|p1b: Talonflame|Brave Bird|p2a: It\u2019s used to\n|-supereffective|p2a: It\u2019s used to\n|-damage|p2a: It\u2019s used to|0 fnt\n|faint|p2a: It\u2019s used to\n|-damage|p1b: Talonflame|24\/100|[from] Recoil\n|-damage|p1b: Talonflame|14\/100|[from] item: Life Orb\n|move|p1a: Glimmora|Meteor Beam||[still]\n|-prepare|p1a: Glimmora|Meteor Beam\n|-boost|p1a: Glimmora|spa|1\n|-enditem|p1a: Glimmora|Power Herb\n|-anim|p1a: Glimmora|Meteor Beam|p2b: They remain\n|-damage|p2b: They remain|0 fnt\n|faint|p2b: They remain\n|\n|win|blindfishptsd\n|raw|blindfishptsd's rating: 1701 &rarr; <strong>1720<\/strong><br \/>(+19 for winning)\n|raw|VGCLTH John Pork's rating: 1683 &rarr; <strong>1664<\/strong><br \/>(-19 for losing)\n|l|\u2606blindfishptsd\n|player|p1|\n","uploadtime":1731714078,"views":11,"formatid":"gen9vgc2024regh","rating":1664,"private":0,"password":null}