{"id":"gen9vgc2024regh-2244032172","format":"[Gen 9] VGC 2024 Reg H","players":["VGCLTH Sac gaming","jbleacher2"],"log":"|raw|<div class=\"broadcast-blue\"><strong>This battle is required to be public due to a player having a name starting with 'vgclth'.<\/div>\n|j|\u2606VGCLTH Sac gaming\n|j|\u2606jbleacher2\n|t:|1731623316\n|gametype|doubles\n|player|p1|VGCLTH Sac gaming|steven|1704\n|player|p2|jbleacher2|101|1856\n|teamsize|p1|6\n|teamsize|p2|6\n|gen|9\n|tier|[Gen 9] VGC 2024 Reg H\n|rated|\n|rule|Species Clause: Limit one of each Pok\u00e9mon\n|rule|Item Clause: Limit 1 of each item\n|clearpoke\n|poke|p1|Whimsicott, L50, M|\n|poke|p1|Dragonite, L50, M|\n|poke|p1|Ursaluna-Bloodmoon, L50, M|\n|poke|p1|Gholdengo, L50|\n|poke|p1|Incineroar, L50, F|\n|poke|p1|Annihilape, L50, M|\n|poke|p2|Murkrow, L50, M|\n|poke|p2|Volcarona, L50, F|\n|poke|p2|Oricorio-Pom-Pom, L50, F|\n|poke|p2|Quaquaval, L50, M|\n|poke|p2|Archaludon, L50, M|\n|poke|p2|Golduck, L50, M|\n|teampreview|4\n|inactive|Battle timer is ON: inactive players will automatically lose when time's up. (requested by jbleacher2)\n|inactive|VGCLTH Sac gaming also wants the timer to be on.\nVGCLTH Sac gaming rejected open team sheets.\n|\n|t:|1731623340\n|start\n|switch|p1a: Whimsicott|Whimsicott, L50, M|100\/100\n|switch|p1b: Annihilape|Annihilape, L50, M|100\/100\n|switch|p2a: Quaquaval|Quaquaval, L50, M|100\/100\n|switch|p2b: Murkrow|Murkrow, L50, M, shiny|100\/100\n|turn|1\n|\n|t:|1731623355\n|-terastallize|p2a: Quaquaval|Ghost\n|move|p1a: Whimsicott|Tailwind|p1a: Whimsicott\n|-sidestart|p1: VGCLTH Sac gaming|move: Tailwind\n|move|p2b: Murkrow|Tailwind|p2b: Murkrow\n|-sidestart|p2: jbleacher2|move: Tailwind\n|move|p2a: Quaquaval|Aqua Step|p1b: Annihilape\n|-damage|p1b: Annihilape|59\/100\n|-boost|p2a: Quaquaval|spe|1\n|move|p1b: Annihilape|Final Gambit|p2a: Quaquaval\n|-immune|p2a: Quaquaval\n|\n|upkeep\n|turn|2\n|\n|t:|1731623370\n|move|p1a: Whimsicott|Encore|p2a: Quaquaval\n|-start|p2a: Quaquaval|Encore\n|move|p2a: Quaquaval|Aqua Step|p1a: Whimsicott\n|-resisted|p1a: Whimsicott\n|-damage|p1a: Whimsicott|69\/100\n|-boost|p2a: Quaquaval|spe|1\n|move|p1b: Annihilape|Rage Fist|p2a: Quaquaval\n|-supereffective|p2a: Quaquaval\n|-damage|p2a: Quaquaval|0 fnt\n|faint|p2a: Quaquaval\n|move|p2b: Murkrow|Brave Bird|p1a: Whimsicott\n|-supereffective|p1a: Whimsicott\n|-damage|p1a: Whimsicott|0 fnt\n|faint|p1a: Whimsicott\n|-damage|p2b: Murkrow|82\/100|[from] Recoil\n|\n|upkeep\n|\n|t:|1731623386\n|switch|p1a: Gholdengo|Gholdengo, L50|100\/100\n|switch|p2a: Volcarona|Volcarona, L50, F|100\/100\n|turn|3\n|\n|t:|1731623392\n|switch|p2b: Oricorio|Oricorio-Pom-Pom, L50, F, shiny|100\/100\n|-terastallize|p1a: Gholdengo|Steel\n|move|p1b: Annihilape|Close Combat|p2b: Oricorio\n|-resisted|p2b: Oricorio\n|-damage|p2b: Oricorio|62\/100\n|-unboost|p1b: Annihilape|def|1\n|-unboost|p1b: Annihilape|spd|1\n|move|p2a: Volcarona|Quiver Dance|p2a: Volcarona\n|-boost|p2a: Volcarona|spa|1\n|-boost|p2a: Volcarona|spd|1\n|-boost|p2a: Volcarona|spe|1\n|-activate|p2b: Oricorio|ability: Dancer\n|move|p2b: Oricorio|Quiver Dance|p2b: Oricorio|[from]ability: Dancer\n|-boost|p2b: Oricorio|spa|1\n|-boost|p2b: Oricorio|spd|1\n|-boost|p2b: Oricorio|spe|1\n|move|p1a: Gholdengo|Power Gem|p2a: Volcarona\n|-supereffective|p2a: Volcarona\n|-damage|p2a: Volcarona|0 fnt\n|faint|p2a: Volcarona\n|\n|upkeep\n|\n|t:|1731623412\n|switch|p2a: Murkrow|Murkrow, L50, M, shiny|82\/100\n|turn|4\n|\n|t:|1731623434\n|move|p2b: Oricorio|Protect|p2b: Oricorio\n|-singleturn|p2b: Oricorio|Protect\n|move|p1b: Annihilape|Rage Fist|p2b: Oricorio\n|-activate|p2b: Oricorio|move: Protect\n|move|p1a: Gholdengo|Power Gem|p2b: Oricorio\n|-activate|p2b: Oricorio|move: Protect\n|move|p2a: Murkrow|Brave Bird|p1b: Annihilape\n|-supereffective|p1b: Annihilape\n|-damage|p1b: Annihilape|0 fnt\n|faint|p1b: Annihilape\n|-damage|p2a: Murkrow|59\/100|[from] Recoil\n|\n|-sideend|p1: VGCLTH Sac gaming|move: Tailwind\n|-sideend|p2: jbleacher2|move: Tailwind\n|upkeep\n|\n|t:|1731623437\n|switch|p1b: Ursaluna|Ursaluna-Bloodmoon, L50, M|100\/100\n|turn|5\n|\n|t:|1731623454\n|move|p2a: Murkrow|Tailwind|p2a: Murkrow\n|-sidestart|p2: jbleacher2|move: Tailwind\n|move|p2b: Oricorio|Revelation Dance|p1a: Gholdengo\n|-damage|p1a: Gholdengo|20\/100\n|move|p1a: Gholdengo|Power Gem|p2b: Oricorio\n|-supereffective|p2b: Oricorio\n|-damage|p2b: Oricorio|0 fnt\n|faint|p2b: Oricorio\n|move|p1b: Ursaluna|Blood Moon|p2a: Murkrow\n|-damage|p2a: Murkrow|0 fnt\n|faint|p2a: Murkrow\n|\n|win|VGCLTH Sac gaming\n|raw|VGCLTH Sac gaming's rating: 1674 &rarr; <strong>1704<\/strong><br \/>(+30 for winning)\n|raw|jbleacher2's rating: 1856 &rarr; <strong>1826<\/strong><br \/>(-30 for losing)\n|l|\u2606jbleacher2\n|player|p2|\n|l|\u2606VGCLTH Sac gaming\n|player|p1|\n","uploadtime":1731623460,"views":54,"formatid":"gen9vgc2024regh","rating":1704,"private":0,"password":null}