{"id":"gen9vgc2024regh-2244793695","format":"[Gen 9] VGC 2024 Reg H","players":["por minha atendido","VGCLTH TnB"],"log":"|raw|<div class=\"broadcast-blue\"><strong>This battle is required to be public due to a player having a name starting with 'vgclth'.<\/div>\n|j|\u2606por minha atendido\n|j|\u2606VGCLTH TnB\n|t:|1731722622\n|gametype|doubles\n|player|p1|por minha atendido|266|1758\n|player|p2|VGCLTH TnB|roxanne-masters|1748\n|teamsize|p1|6\n|teamsize|p2|6\n|gen|9\n|tier|[Gen 9] VGC 2024 Reg H\n|rated|\n|rule|Species Clause: Limit one of each Pok\u00e9mon\n|rule|Item Clause: Limit 1 of each item\n|clearpoke\n|poke|p1|Maushold, L50|\n|poke|p1|Delphox, L50, M|\n|poke|p1|Murkrow, L50, M|\n|poke|p1|Sneasler, L50, M|\n|poke|p1|Indeedee, L50, M|\n|poke|p1|Gholdengo, L50|\n|poke|p2|Klefki, L50, F|\n|poke|p2|Annihilape, L50, M|\n|poke|p2|Archaludon, L50, M|\n|poke|p2|Maushold, L50|\n|poke|p2|Sinistcha, L50|\n|poke|p2|Pelipper, L50, F|\n|teampreview|4\n|inactive|Battle timer is ON: inactive players will automatically lose when time's up. (requested by VGCLTH TnB)\nVGCLTH TnB has agreed to open team sheets.\n|\n|t:|1731722645\n|start\n|switch|p1a: Gholdengo|Gholdengo, L50|100\/100\n|switch|p1b: Indeedee|Indeedee, L50, M|100\/100\n|switch|p2a: Klefki|Klefki, L50, F|100\/100\n|switch|p2b: Pelipper|Pelipper, L50, F|100\/100\n|-fieldstart|move: Psychic Terrain|[from] ability: Psychic Surge|[of] p1b: Indeedee\n|-weather|RainDance|[from] ability: Drizzle|[of] p2b: Pelipper\n|turn|1\n|j| ThaOpeningAct\n|j| BrkesRBrkn\n|\n|t:|1731722667\n|-terastallize|p1a: Gholdengo|Steel\n|move|p2b: Pelipper|Protect|p2b: Pelipper\n|-singleturn|p2b: Pelipper|Protect\n|move|p2a: Klefki|Light Screen|p2a: Klefki\n|-sidestart|p2: VGCLTH TnB|move: Light Screen\n|move|p1b: Indeedee|Expanding Force|p2a: Klefki|[spread] p2a\n|-activate|p2b: Pelipper|move: Protect\n|-resisted|p2a: Klefki\n|-damage|p2a: Klefki|82\/100\n|move|p1a: Gholdengo|Make It Rain|p2b: Pelipper|[spread] p2a\n|-activate|p2b: Pelipper|move: Protect\n|-damage|p2a: Klefki|16\/100\n|-unboost|p1a: Gholdengo|spa|1\n|\n|-weather|RainDance|[upkeep]\n|upkeep\n|turn|2\n|inactive|VGCLTH TnB has 30 seconds left.\n|\n|t:|1731722694\n|switch|p2b: Archaludon|Archaludon, L50, M|100\/100\n|move|p2a: Klefki|Misty Terrain|p2a: Klefki\n|-fieldstart|move: Misty Terrain\n|move|p1b: Indeedee|Expanding Force|p2b: Archaludon\n|-resisted|p2b: Archaludon\n|-damage|p2b: Archaludon|91\/100\n|-ability|p2b: Archaludon|Stamina|boost\n|-boost|p2b: Archaludon|def|1\n|move|p1a: Gholdengo|Make It Rain|p2a: Klefki|[spread] p2a,p2b\n|-resisted|p2b: Archaludon\n|-damage|p2a: Klefki|0 fnt\n|-damage|p2b: Archaludon|75\/100\n|-unboost|p1a: Gholdengo|spa|1\n|-ability|p2b: Archaludon|Stamina|boost\n|-boost|p2b: Archaludon|def|1\n|faint|p2a: Klefki\n|\n|-weather|RainDance|[upkeep]\n|upkeep\n|\n|t:|1731722704\n|switch|p2a: Sinistcha|Sinistcha, L50|100\/100\n|-heal|p2b: Archaludon|99\/100|[from] ability: Hospitality|[of] p2a: Sinistcha\n|turn|3\n|inactive|por minha atendido has 30 seconds left.\n|\n|t:|1731722731\n|switch|p1a: Delphox|Delphox, L50, M|100\/100\n|switch|p2a: Pelipper|Pelipper, L50, F|100\/100\n|move|p1b: Indeedee|Imprison|p1b: Indeedee\n|-start|p1b: Indeedee|move: Imprison\n|move|p2b: Archaludon|Electro Shot||[still]\n|-prepare|p2b: Archaludon|Electro Shot\n|-boost|p2b: Archaludon|spa|1\n|-anim|p2b: Archaludon|Electro Shot|p1b: Indeedee\n|-damage|p1b: Indeedee|18\/100\n|\n|-weather|RainDance|[upkeep]\n|upkeep\n|turn|4\n|\n|t:|1731722747\n|move|p1a: Delphox|Expanding Force|p2a: Pelipper\n|-damage|p2a: Pelipper|54\/100\n|-damage|p1a: Delphox|91\/100|[from] item: Life Orb\n|move|p1b: Indeedee|Expanding Force|p2a: Pelipper\n|-damage|p2a: Pelipper|16\/100\n|move|p2a: Pelipper|Tailwind|p2a: Pelipper\n|-sidestart|p2: VGCLTH TnB|move: Tailwind\n|move|p2b: Archaludon|Electro Shot||[still]\n|-prepare|p2b: Archaludon|Electro Shot\n|-boost|p2b: Archaludon|spa|1\n|-anim|p2b: Archaludon|Electro Shot|p1b: Indeedee\n|-damage|p1b: Indeedee|0 fnt\n|faint|p1b: Indeedee\n|\n|-weather|RainDance|[upkeep]\n|upkeep\n|\n|t:|1731722760\n|switch|p1b: Sneasler|Sneasler, L50, M|100\/100\n|turn|5\n|\n|t:|1731722771\n|move|p1b: Sneasler|Protect|p1b: Sneasler\n|-singleturn|p1b: Sneasler|Protect\n|move|p1a: Delphox|Protect|p1a: Delphox\n|-singleturn|p1a: Delphox|Protect\n|move|p2a: Pelipper|Weather Ball|p1a: Delphox\n|-activate|p1a: Delphox|move: Protect\n|move|p2b: Archaludon|Electro Shot||[still]\n|-prepare|p2b: Archaludon|Electro Shot\n|-boost|p2b: Archaludon|spa|1\n|-anim|p2b: Archaludon|Electro Shot|p1b: Sneasler\n|-activate|p1b: Sneasler|move: Protect\n|\n|-weather|RainDance|[upkeep]\n|upkeep\n|turn|6\n|inactive|por minha atendido has 30 seconds left.\n|inactive|VGCLTH TnB has 30 seconds left.\n|inactive|por minha atendido has 20 seconds left.\n|inactive|por minha atendido has 15 seconds left.\n|inactive|por minha atendido has 10 seconds left.\n|inactive|por minha atendido has 5 seconds left.\n|\n|t:|1731722824\n|move|p2a: Pelipper|Weather Ball|p1a: Delphox\n|-supereffective|p1a: Delphox\n|-damage|p1a: Delphox|0 fnt\n|faint|p1a: Delphox\n|move|p2b: Archaludon|Electro Shot||[still]\n|-prepare|p2b: Archaludon|Electro Shot\n|-boost|p2b: Archaludon|spa|1\n|-anim|p2b: Archaludon|Electro Shot|p1b: Sneasler\n|-damage|p1b: Sneasler|0 fnt\n|faint|p1b: Sneasler\n|\n|-weather|RainDance|[upkeep]\n|-fieldend|Misty Terrain\n|upkeep\n|-message|por minha atendido forfeited.\n|\n|win|VGCLTH TnB\n|raw|por minha atendido's rating: 1773 &rarr; <strong>1752<\/strong><br \/>(-21 for losing)\n|raw|VGCLTH TnB's rating: 1748 &rarr; <strong>1769<\/strong><br \/>(+21 for winning)\n|l|\u2606por minha atendido\n|player|p1|\n|l|\u2606VGCLTH TnB\n|player|p2|\n|l| BrkesRBrkn\n|l| ThaOpeningAct\n","uploadtime":1731723036,"views":13,"formatid":"gen9vgc2024regh","rating":1752,"private":0,"password":null}