{"id":"gen9vgc2024regh-2244753260","format":"[Gen 9] VGC 2024 Reg H","players":["VGCLTH Glock Tuah","ray4gej"],"log":"|raw|<div class=\"broadcast-blue\"><strong>This battle is required to be public due to a player having a name starting with 'vgclth'.<\/div>\n|j|\u2606VGCLTH Glock Tuah\n|j|\u2606ray4gej\n|t:|1731717201\n|gametype|doubles\n|player|p1|VGCLTH Glock Tuah|koga-lgpe|1709\n|player|p2|ray4gej|170|1822\n|teamsize|p1|6\n|teamsize|p2|6\n|gen|9\n|tier|[Gen 9] VGC 2024 Reg H\n|rated|\n|rule|Species Clause: Limit one of each Pok\u00e9mon\n|rule|Item Clause: Limit 1 of each item\n|clearpoke\n|poke|p1|Annihilape, L50, F|\n|poke|p1|Dondozo, L50, F|\n|poke|p1|Maushold-Four, L50|\n|poke|p1|Gholdengo, L50|\n|poke|p1|Whimsicott, L50, M|\n|poke|p1|Tatsugiri, L50, M|\n|poke|p2|Dondozo, L50, F|\n|poke|p2|Tatsugiri, L50, M|\n|poke|p2|Sneasler, L50, F|\n|poke|p2|Flamigo, L50, M|\n|poke|p2|Amoonguss, L50, M|\n|poke|p2|Gholdengo, L50|\n|teampreview|4\n|inactive|Battle timer is ON: inactive players will automatically lose when time's up. (requested by VGCLTH Glock Tuah)\n|inactive|ray4gej has 60 seconds left.\n|j| Fancy Cucudrula\n|\n|t:|1731717244\n|start\n|switch|p1a: Maushold|Maushold-Four, L50|100\/100\n|switch|p1b: Annihilape|Annihilape, L50, F, shiny|100\/100\n|switch|p2a: Sneasler|Sneasler, L50, F|100\/100\n|switch|p2b: Flamigo|Flamigo, L50, M|100\/100\n|turn|1\n|\n|t:|1731717263\n|move|p2a: Sneasler|Coaching|p2b: Flamigo\n|-boost|p2b: Flamigo|atk|1\n|-boost|p2b: Flamigo|def|1\n|move|p1a: Maushold|Beat Up|p1b: Annihilape\n|-damage|p1b: Annihilape|99\/100\n|-damage|p1b: Annihilape|96\/100\n|-damage|p1b: Annihilape|94\/100\n|-damage|p1b: Annihilape|92\/100\n|-hitcount|p1b: Annihilape|4\n|move|p2b: Flamigo|Tailwind|p2b: Flamigo\n|-sidestart|p2: ray4gej|move: Tailwind\n|move|p1b: Annihilape|Rage Fist|p2a: Sneasler\n|-damage|p2a: Sneasler|0 fnt\n|faint|p2a: Sneasler\n|\n|upkeep\n|\n|t:|1731717282\n|switch|p2a: Gholdengo|Gholdengo, L50|100\/100\n|turn|2\n|\n|t:|1731717293\n|move|p2a: Gholdengo|Protect|p2a: Gholdengo\n|-singleturn|p2a: Gholdengo|Protect\n|move|p1a: Maushold|Follow Me|p1a: Maushold\n|-singleturn|p1a: Maushold|move: Follow Me\n|move|p2b: Flamigo|Close Combat|p1a: Maushold\n|-supereffective|p1a: Maushold\n|-enditem|p1a: Maushold|Focus Sash\n|-damage|p1a: Maushold|1\/100\n|-unboost|p2b: Flamigo|def|1\n|-unboost|p2b: Flamigo|spd|1\n|move|p1b: Annihilape|Rage Fist|p2a: Gholdengo\n|-activate|p2a: Gholdengo|move: Protect\n|\n|upkeep\n|turn|3\n|\n|t:|1731717315\n|-terastallize|p2a: Gholdengo|Steel\n|-terastallize|p1b: Annihilape|Fire\n|move|p1a: Maushold|Follow Me|p1a: Maushold\n|-singleturn|p1a: Maushold|move: Follow Me\n|move|p2b: Flamigo|Close Combat|p1a: Maushold\n|-supereffective|p1a: Maushold\n|-damage|p1a: Maushold|0 fnt\n|-unboost|p2b: Flamigo|def|1\n|-unboost|p2b: Flamigo|spd|1\n|faint|p1a: Maushold\n|move|p2a: Gholdengo|Make It Rain|p1b: Annihilape\n|-resisted|p1b: Annihilape\n|-damage|p1b: Annihilape|58\/100\n|-unboost|p2a: Gholdengo|spa|1\n|move|p1b: Annihilape|Rage Fist|p2a: Gholdengo\n|-damage|p2a: Gholdengo|0 fnt\n|faint|p2a: Gholdengo\n|\n|upkeep\n|j| bluestraggler03\n|\n|t:|1731717323\n|switch|p1a: Dondozo|Dondozo, L50, F, shiny|100\/100\n|switch|p2a: Amoonguss|Amoonguss, L50, M|100\/100\n|turn|4\n|j| VGCLTH R0gue\n|\n|t:|1731717336\n|move|p1b: Annihilape|Protect|p1b: Annihilape\n|-singleturn|p1b: Annihilape|Protect\n|move|p2b: Flamigo|Close Combat|p1b: Annihilape\n|-activate|p1b: Annihilape|move: Protect\n|move|p2a: Amoonguss|Clear Smog|p1a: Dondozo\n|-damage|p1a: Dondozo|84\/100\n|-clearboost|p1a: Dondozo\n|move|p1a: Dondozo|Order Up|p2b: Flamigo\n|-damage|p2b: Flamigo|64\/100\n|\n|-heal|p1a: Dondozo|91\/100|[from] item: Leftovers\n|-sideend|p2: ray4gej|move: Tailwind\n|upkeep\n|turn|5\n|\n|t:|1731717354\n|switch|p1b: Tatsugiri|Tatsugiri, L50, M, shiny|100\/100\n|-activate|p1b: Tatsugiri|ability: Commander|[of] p1a: Dondozo\n|-boost|p1a: Dondozo|atk|2\n|-boost|p1a: Dondozo|spa|2\n|-boost|p1a: Dondozo|spe|2\n|-boost|p1a: Dondozo|def|2\n|-boost|p1a: Dondozo|spd|2\n|move|p2b: Flamigo|Protect|p2b: Flamigo\n|-singleturn|p2b: Flamigo|Protect\n|move|p2a: Amoonguss|Protect|p2a: Amoonguss\n|-singleturn|p2a: Amoonguss|Protect\n|move|p1a: Dondozo|Order Up|p2b: Flamigo\n|-activate|p2b: Flamigo|move: Protect\n|\n|-heal|p1a: Dondozo|97\/100|[from] item: Leftovers\n|upkeep\n|turn|6\n|\n|t:|1731717361\n|move|p2a: Amoonguss|Rage Powder|p2a: Amoonguss\n|-singleturn|p2a: Amoonguss|move: Rage Powder\n|move|p1a: Dondozo|Order Up|p2a: Amoonguss\n|-damage|p2a: Amoonguss|58\/100\n|-boost|p1a: Dondozo|atk|1\n|move|p2b: Flamigo|Tailwind|p2b: Flamigo\n|-sidestart|p2: ray4gej|move: Tailwind\n|\n|-heal|p1a: Dondozo|100\/100|[from] item: Leftovers\n|upkeep\n|turn|7\n|\n|t:|1731717379\n|move|p2b: Flamigo|Close Combat|p1a: Dondozo\n|-damage|p1a: Dondozo|78\/100\n|-unboost|p2b: Flamigo|def|1\n|-unboost|p2b: Flamigo|spd|1\n|move|p1a: Dondozo|Wave Crash|p2a: Amoonguss\n|-resisted|p2a: Amoonguss\n|-damage|p2a: Amoonguss|0 fnt\n|faint|p2a: Amoonguss\n|-damage|p1a: Dondozo|60\/100|[from] Recoil\n|\n|-heal|p1a: Dondozo|66\/100|[from] item: Leftovers\n|upkeep\n|turn|8\n|\n|t:|1731717398\n|move|p1a: Dondozo|Protect|p1a: Dondozo\n|-singleturn|p1a: Dondozo|Protect\n|move|p2b: Flamigo|Close Combat|p1a: Dondozo\n|-activate|p1a: Dondozo|move: Protect\n|\n|-heal|p1a: Dondozo|72\/100|[from] item: Leftovers\n|upkeep\n|turn|9\n|\n|t:|1731717400\n|move|p2b: Flamigo|Close Combat|p1a: Dondozo\n|-damage|p1a: Dondozo|53\/100\n|-unboost|p2b: Flamigo|def|1\n|-unboost|p2b: Flamigo|spd|1\n|move|p1a: Dondozo|Order Up|p2b: Flamigo\n|-damage|p2b: Flamigo|0 fnt\n|faint|p2b: Flamigo\n|\n|win|VGCLTH Glock Tuah\n|raw|VGCLTH Glock Tuah's rating: 1709 &rarr; <strong>1735<\/strong><br \/>(+26 for winning)\n|raw|ray4gej's rating: 1822 &rarr; <strong>1796<\/strong><br \/>(-26 for losing)\n|l|\u2606VGCLTH Glock Tuah\n|player|p1|\n|c|\u2606ray4gej|Soeed tie?\n|l| bluestraggler03\n|l| VGCLTH R0gue\n|l| Fancy Cucudrula\n","uploadtime":1731717554,"views":19,"formatid":"gen9vgc2024regh","rating":1735,"private":0,"password":null}