{"id":"gen9vgc2024regh-2244278723","format":"[Gen 9] VGC 2024 Reg H","players":["Tilzy","VGCLTH fangame10"],"log":"|j|\u2606Tilzy\n|j|\u2606VGCLTH fangame10\n|t:|1731659740\n|gametype|doubles\n|player|p1|Tilzy|266|1883\n|player|p2|VGCLTH fangame10|red|1804\n|teamsize|p1|6\n|teamsize|p2|6\n|gen|9\n|tier|[Gen 9] VGC 2024 Reg H\n|rated|\n|rule|Species Clause: Limit one of each Pok\u00e9mon\n|rule|Item Clause: Limit 1 of each item\n|clearpoke\n|poke|p1|Toedscruel, L50, F|\n|poke|p1|Weezing-Galar, L50, M|\n|poke|p1|Corviknight, L50, M|\n|poke|p1|Garchomp, L50, F|\n|poke|p1|Typhlosion-Hisui, L50, F|\n|poke|p1|Palafin, L50, M|\n|poke|p2|Glaceon, L50, F|\n|poke|p2|Ninetales-Alola, L50, F|\n|poke|p2|Milotic, L50, M|\n|poke|p2|Skeledirge, L50, M|\n|poke|p2|Ursaluna-Bloodmoon, L50, M|\n|poke|p2|Annihilape, L50, M|\n|teampreview|4\n|inactive|Battle timer is ON: inactive players will automatically lose when time's up. (requested by VGCLTH fangame10)\n|c|\u2606VGCLTH fangame10|glhf\n|c|\u2606Tilzy|oh no\n|c|\u2606Tilzy|glhf\nTilzy has agreed to open team sheets.\nVGCLTH fangame10 has agreed to open team sheets.\n|inactive|Tilzy has 30 seconds left.\n|inactive|VGCLTH fangame10 has 30 seconds left.\n|inactive|Tilzy has 20 seconds left.\n|inactive|VGCLTH fangame10 has 20 seconds left.\n|inactive|Tilzy has 15 seconds left.\n|inactive|VGCLTH fangame10 has 15 seconds left.\n|j| jlz04t1h\n|inactive|VGCLTH fangame10 has 10 seconds left.\n|inactive|VGCLTH fangame10 has 5 seconds left.\n|\n|t:|1731659804\n|start\n|switch|p1a: Toedscruel|Toedscruel, L50, F, shiny|100\/100\n|switch|p1b: Weezing|Weezing-Galar, L50, M|100\/100\n|switch|p2a: Milotic|Milotic, L50, M, shiny|100\/100\n|switch|p2b: Skeledirge|Skeledirge, L50, M, shiny|100\/100\n|-ability|p1b: Weezing|Neutralizing Gas\n|turn|1\n|j| VGCLTH Sac gaming\n|inactive|VGCLTH fangame10 has 30 seconds left.\n|inactive|VGCLTH fangame10 has 20 seconds left.\n|j| Finabas\n|inactive|VGCLTH fangame10 has 15 seconds left.\n|inactive|VGCLTH fangame10 has 10 seconds left.\n|\n|t:|1731659853\n|-terastallize|p1a: Toedscruel|Water\n|-terastallize|p2a: Milotic|Grass\n|move|p2b: Skeledirge|Protect|p2b: Skeledirge\n|-singleturn|p2b: Skeledirge|Protect\n|move|p1a: Toedscruel|Spore|p2a: Milotic\n|-immune|p2a: Milotic\n|move|p2a: Milotic|Hypnosis|p1b: Weezing\n|-status|p1b: Weezing|slp|[from] move: Hypnosis\n|cant|p1b: Weezing|slp\n|\n|upkeep\n|turn|2\n|\n|t:|1731659872\n|move|p1a: Toedscruel|Earth Power|p2b: Skeledirge\n|-supereffective|p2b: Skeledirge\n|-damage|p2b: Skeledirge|53\/100\n|move|p2a: Milotic|Coil|p2a: Milotic\n|-boost|p2a: Milotic|atk|1\n|-boost|p2a: Milotic|def|1\n|-boost|p2a: Milotic|accuracy|1\n|cant|p1b: Weezing|slp\n|move|p2b: Skeledirge|Torch Song|p1b: Weezing\n|-damage|p1b: Weezing|48\/100 slp\n|-boost|p2b: Skeledirge|spa|1\n|\n|upkeep\n|turn|3\n|\n|t:|1731659887\n|move|p1a: Toedscruel|Acid Spray|p2a: Milotic\n|-supereffective|p2a: Milotic\n|-damage|p2a: Milotic|90\/100\n|-unboost|p2a: Milotic|spd|2\n|move|p2a: Milotic|Hypnosis|p1a: Toedscruel\n|-status|p1a: Toedscruel|slp|[from] move: Hypnosis\n|cant|p1b: Weezing|slp\n|move|p2b: Skeledirge|Torch Song|p1b: Weezing\n|-damage|p1b: Weezing|0 fnt\n|-boost|p2b: Skeledirge|spa|1\n|faint|p1b: Weezing\n|-end|p1b: Weezing|ability: Neutralizing Gas\n|\n|upkeep\n|\n|t:|1731659897\n|switch|p1b: Typhlosion|Typhlosion-Hisui, L50, F|100\/100\n|turn|4\n|\n|t:|1731659912\n|move|p1b: Typhlosion|Shadow Ball|p2b: Skeledirge\n|-supereffective|p2b: Skeledirge\n|-damage|p2b: Skeledirge|0 fnt\n|faint|p2b: Skeledirge\n|cant|p1a: Toedscruel|slp\n|move|p2a: Milotic|Hypnosis|p1b: Typhlosion\n|-status|p1b: Typhlosion|slp|[from] move: Hypnosis\n|\n|upkeep\n|\n|t:|1731659921\n|switch|p2b: Ninetales|Ninetales-Alola, L50, F, shiny|100\/100\n|-weather|Snow|[from] ability: Snow Warning|[of] p2b: Ninetales\n|turn|5\n|c|\u2606Tilzy|that first hypnosis hit was sooo big\n|\n|t:|1731659939\n|switch|p1b: Garchomp|Garchomp, L50, F|100\/100\n|switch|p2a: Annihilape|Annihilape, L50, M, shiny|100\/100\n|move|p2b: Ninetales|Aurora Veil|p2b: Ninetales\n|-sidestart|p2: VGCLTH fangame10|move: Aurora Veil\n|-curestatus|p1a: Toedscruel|slp|[msg]\n|move|p1a: Toedscruel|Spore|p2b: Ninetales\n|-status|p2b: Ninetales|slp|[from] move: Spore\n|\n|-weather|Snow|[upkeep]\n|upkeep\n|turn|6\n|c|\u2606VGCLTH fangame10|that's unfortunately how a lot of the games I do have to go\n|\n|t:|1731659958\n|move|p2a: Annihilape|Protect|p2a: Annihilape\n|-singleturn|p2a: Annihilape|Protect\n|cant|p2b: Ninetales|slp\n|move|p1b: Garchomp|Stomping Tantrum|p2b: Ninetales\n|-damage|p2b: Ninetales|67\/100 slp\n|-damage|p1b: Garchomp|91\/100|[from] item: Life Orb\n|move|p1a: Toedscruel|Acid Spray|p2b: Ninetales\n|-supereffective|p2b: Ninetales\n|-damage|p2b: Ninetales|54\/100 slp\n|-unboost|p2b: Ninetales|spd|2\n|\n|-weather|Snow|[upkeep]\n|upkeep\n|turn|7\n|\n|t:|1731659978\n|-curestatus|p2b: Ninetales|slp|[msg]\n|move|p2b: Ninetales|Blizzard|p1b: Garchomp|[spread] p1a,p1b\n|-resisted|p1a: Toedscruel\n|-supereffective|p1b: Garchomp\n|-damage|p1a: Toedscruel|88\/100\n|-damage|p1b: Garchomp|0 fnt\n|faint|p1b: Garchomp\n|move|p2a: Annihilape|Bulk Up|p2a: Annihilape\n|-boost|p2a: Annihilape|atk|1\n|-boost|p2a: Annihilape|def|1\n|move|p1a: Toedscruel|Spore|p2a: Annihilape\n|-status|p2a: Annihilape|slp|[from] move: Spore\n|\n|-weather|Snow|[upkeep]\n|upkeep\n|c|\u2606Tilzy|and t1 wake.. i cant\n|\n|t:|1731659989\n|switch|p1b: Typhlosion|Typhlosion-Hisui, L50, F|100\/100 slp\n|turn|8\n|j| VGCLTH NOTREALVGC\n|\n|t:|1731660002\n|cant|p1b: Typhlosion|slp\n|move|p2b: Ninetales|Blizzard|p1a: Toedscruel|[spread] p1a,p1b\n|-resisted|p1a: Toedscruel\n|-resisted|p1b: Typhlosion\n|-damage|p1a: Toedscruel|75\/100\n|-damage|p1b: Typhlosion|78\/100 slp\n|cant|p2a: Annihilape|slp\n|move|p1a: Toedscruel|Spore|p2b: Ninetales\n|-status|p2b: Ninetales|slp|[from] move: Spore\n|\n|-weather|Snow|[upkeep]\n|upkeep\n|turn|9\n|\n|t:|1731660016\n|-curestatus|p1b: Typhlosion|slp|[msg]\n|move|p1b: Typhlosion|Shadow Ball|p2a: Annihilape\n|-supereffective|p2a: Annihilape\n|-crit|p2a: Annihilape\n|-damage|p2a: Annihilape|0 fnt\n|faint|p2a: Annihilape\n|cant|p2b: Ninetales|slp\n|move|p1a: Toedscruel|Acid Spray|p2b: Ninetales\n|-supereffective|p2b: Ninetales\n|-damage|p2b: Ninetales|29\/100 slp\n|-unboost|p2b: Ninetales|spd|2\n|\n|-weather|none\n|-sideend|p2: VGCLTH fangame10|move: Aurora Veil\n|upkeep\n|\n|t:|1731660019\n|switch|p2a: Milotic|Milotic, L50, M, shiny, tera:Grass|90\/100\n|turn|10\n|\n|t:|1731660041\n|move|p1b: Typhlosion|Shadow Ball|p2a: Milotic\n|-damage|p2a: Milotic|62\/100\n|cant|p2b: Ninetales|slp\n|move|p1a: Toedscruel|Acid Spray|p2b: Ninetales\n|-supereffective|p2b: Ninetales\n|-damage|p2b: Ninetales|0 fnt\n|faint|p2b: Ninetales\n|move|p2a: Milotic|Muddy Water|p1b: Typhlosion|[spread] \n|-miss|p2a: Milotic|p1a: Toedscruel\n|-miss|p2a: Milotic|p1b: Typhlosion\n|\n|upkeep\n|turn|11\n|l| VGCLTH NOTREALVGC\n|c|\u2606Tilzy|wtf is that game\n|\n|t:|1731660060\n|move|p1b: Typhlosion|Shadow Ball|p2a: Milotic\n|-damage|p2a: Milotic|33\/100\n|-enditem|p2a: Milotic|Sitrus Berry|[eat]\n|-heal|p2a: Milotic|58\/100|[from] item: Sitrus Berry\n|move|p1a: Toedscruel|Acid Spray|p2a: Milotic\n|-supereffective|p2a: Milotic\n|-damage|p2a: Milotic|47\/100\n|-unboost|p2a: Milotic|spd|2\n|-ability|p2a: Milotic|Competitive|boost\n|-boost|p2a: Milotic|spa|2\n|move|p2a: Milotic|Hypnosis|p1b: Typhlosion|[miss]\n|-miss|p2a: Milotic|p1b: Typhlosion\n|\n|upkeep\n|turn|12\n|\n|t:|1731660072\n|move|p1b: Typhlosion|Shadow Ball|p2a: Milotic\n|-damage|p2a: Milotic|0 fnt\n|faint|p2a: Milotic\n|\n|win|Tilzy\n|raw|Tilzy's rating: 1883 &rarr; <strong>1897<\/strong><br \/>(+14 for winning)\n|raw|VGCLTH fangame10's rating: 1777 &rarr; <strong>1763<\/strong><br \/>(-14 for losing)\n|c|\u2606VGCLTH fangame10|gg\n|l|\u2606VGCLTH fangame10\n|player|p2|\n|c|\u2606Tilzy|gg\n","uploadtime":1731660080,"views":44,"formatid":"gen9vgc2024regh","rating":1763,"private":0,"password":null}