{"id":"gen9vgc2024regh-2244735429","format":"[Gen 9] VGC 2024 Reg H","players":["dou test 9000","VGCLTH low laddr"],"log":"|j|\u2606dou test 9000\n|j|\u2606VGCLTH low laddr\n|t:|1731714885\n|gametype|doubles\n|player|p1|dou test 9000|pilot|1695\n|player|p2|VGCLTH low laddr|lucas|1848\n|teamsize|p1|6\n|teamsize|p2|6\n|gen|9\n|tier|[Gen 9] VGC 2024 Reg H\n|rated|\n|rule|Species Clause: Limit one of each Pok\u00e9mon\n|rule|Item Clause: Limit 1 of each item\n|clearpoke\n|poke|p1|Rotom-Wash, L50|\n|poke|p1|Sneasler, L50, F|\n|poke|p1|Armarouge, L50, M|\n|poke|p1|Hydreigon, L50, F|\n|poke|p1|Venusaur, L50, M|\n|poke|p1|Ursaluna, L50, M|\n|poke|p2|Dondozo, L50, M|\n|poke|p2|Tatsugiri, L50, F|\n|poke|p2|Sneasler, L50, M|\n|poke|p2|Indeedee, L50, M|\n|poke|p2|Talonflame, L50, M|\n|poke|p2|Ursaluna-Bloodmoon, L50, M|\n|teampreview|4\n|inactive|Battle timer is ON: inactive players will automatically lose when time's up. (requested by VGCLTH low laddr)\nVGCLTH low laddr has agreed to open team sheets.\n|inactive|VGCLTH low laddr has 60 seconds left.\n|\n|t:|1731714921\n|start\n|switch|p1a: Ursaluna|Ursaluna, L50, M|100\/100\n|switch|p1b: Sneasler|Sneasler, L50, F|100\/100\n|switch|p2a: Sneasler|Sneasler, L50, M|100\/100\n|switch|p2b: Indeedee|Indeedee, L50, M|100\/100\n|-fieldstart|move: Psychic Terrain|[from] ability: Psychic Surge|[of] p2b: Indeedee\n|-enditem|p2a: Sneasler|Psychic Seed\n|-boost|p2a: Sneasler|spd|1|[from] item: Psychic Seed\n|turn|1\n|\n|t:|1731714931\n|-terastallize|p1a: Ursaluna|Ghost\n|move|p1b: Sneasler|Protect|p1b: Sneasler\n|-singleturn|p1b: Sneasler|Protect\n|move|p2a: Sneasler|Dire Claw|p1b: Sneasler\n|-activate|p1b: Sneasler|move: Protect\n|move|p2b: Indeedee|Expanding Force|p1a: Ursaluna|[spread] p1a\n|-activate|p1b: Sneasler|move: Protect\n|-damage|p1a: Ursaluna|66\/100\n|move|p1a: Ursaluna|Earthquake|p2b: Indeedee|[spread] p2a,p2b\n|-activate|p1b: Sneasler|move: Protect\n|-supereffective|p2a: Sneasler\n|-damage|p2a: Sneasler|0 fnt\n|-enditem|p2b: Indeedee|Focus Sash\n|-damage|p2b: Indeedee|1\/100\n|faint|p2a: Sneasler\n|\n|upkeep\n|\n|t:|1731714935\n|switch|p2a: Dondozo|Dondozo, L50, M|100\/100\n|turn|2\n|inactive|dou test 9000 has 30 seconds left.\n|\n|t:|1731714966\n|switch|p2b: Tatsugiri|Tatsugiri, L50, F, shiny|100\/100\n|-activate|p2b: Tatsugiri|ability: Commander|[of] p2a: Dondozo\n|-boost|p2a: Dondozo|atk|2\n|-boost|p2a: Dondozo|spa|2\n|-boost|p2a: Dondozo|spe|2\n|-boost|p2a: Dondozo|def|2\n|-boost|p2a: Dondozo|spd|2\n|move|p1b: Sneasler|Dire Claw|p2b: Tatsugiri|[miss]\n|-miss|p1b: Sneasler|p2b: Tatsugiri\n|move|p2a: Dondozo|Earthquake|p1b: Sneasler|[spread] p1a,p1b\n|-miss|p2a: Dondozo|p2b: Tatsugiri\n|-supereffective|p1b: Sneasler\n|-damage|p1a: Ursaluna|32\/100\n|-enditem|p1b: Sneasler|Focus Sash\n|-damage|p1b: Sneasler|1\/100\n|move|p1a: Ursaluna|Body Slam|p2a: Dondozo\n|-damage|p2a: Dondozo|81\/100\n|\n|-heal|p2a: Dondozo|88\/100|[from] item: Leftovers\n|upkeep\n|turn|3\n|\n|t:|1731714982\n|switch|p1a: Rotom|Rotom-Wash, L50|100\/100\n|move|p1b: Sneasler|Rock Tomb|p2a: Dondozo\n|-damage|p2a: Dondozo|81\/100\n|-unboost|p2a: Dondozo|spe|1\n|move|p2a: Dondozo|Earthquake|p1a: Rotom|[spread] p1b\n|-miss|p2a: Dondozo|p2b: Tatsugiri\n|-immune|p1a: Rotom|[from] ability: Levitate\n|-supereffective|p1b: Sneasler\n|-damage|p1b: Sneasler|0 fnt\n|faint|p1b: Sneasler\n|\n|-heal|p2a: Dondozo|87\/100|[from] item: Leftovers\n|upkeep\n|\n|t:|1731714989\n|switch|p1b: Venusaur|Venusaur, L50, M|100\/100\n|turn|4\n|\n|t:|1731715004\n|-terastallize|p2a: Dondozo|Grass\n|move|p1a: Rotom|Will-O-Wisp|p2a: Dondozo\n|-status|p2a: Dondozo|brn\n|move|p2a: Dondozo|Order Up|p1a: Rotom\n|-damage|p1a: Rotom|74\/100\n|-boost|p2a: Dondozo|atk|1\n|move|p1b: Venusaur|Giga Drain|p2a: Dondozo\n|-resisted|p2a: Dondozo\n|-damage|p2a: Dondozo|80\/100 brn\n|\n|-heal|p2a: Dondozo|86\/100 brn|[from] item: Leftovers\n|-damage|p2a: Dondozo|80\/100 brn|[from] brn\n|upkeep\n|turn|5\n|\n|t:|1731715012\n|move|p1a: Rotom|Electroweb|p2b: Tatsugiri|[spread] p2a\n|-miss|p1a: Rotom|p2b: Tatsugiri\n|-resisted|p2a: Dondozo\n|-damage|p2a: Dondozo|76\/100 brn\n|-unboost|p2a: Dondozo|spe|1\n|move|p1b: Venusaur|Sludge Bomb|p2a: Dondozo\n|-supereffective|p2a: Dondozo\n|-damage|p2a: Dondozo|34\/100 brn\n|move|p2a: Dondozo|Order Up|p1a: Rotom\n|-damage|p1a: Rotom|42\/100\n|-enditem|p1a: Rotom|Sitrus Berry|[eat]\n|-heal|p1a: Rotom|67\/100|[from] item: Sitrus Berry\n|-boost|p2a: Dondozo|atk|1\n|\n|-heal|p2a: Dondozo|40\/100 brn|[from] item: Leftovers\n|-damage|p2a: Dondozo|34\/100 brn|[from] brn\n|-fieldend|move: Psychic Terrain\n|upkeep\n|turn|6\n|\n|t:|1731715034\n|move|p1a: Rotom|Electroweb|p2a: Dondozo|[spread] p2a\n|-miss|p1a: Rotom|p2b: Tatsugiri\n|-resisted|p2a: Dondozo\n|-crit|p2a: Dondozo\n|-damage|p2a: Dondozo|22\/100 brn\n|-unboost|p2a: Dondozo|spe|1\n|move|p1b: Venusaur|Sludge Bomb|p2a: Dondozo\n|-supereffective|p2a: Dondozo\n|-damage|p2a: Dondozo|0 fnt\n|faint|p2a: Dondozo\n|\n|upkeep\n|\n|t:|1731715038\n|switch|p2a: Indeedee|Indeedee, L50, M|1\/100\n|-fieldstart|move: Psychic Terrain|[from] ability: Psychic Surge|[of] p2a: Indeedee\n|turn|7\n|inactive|dou test 9000 has 30 seconds left.\n|\n|t:|1731715063\n|move|p1b: Venusaur|Protect|p1b: Venusaur\n|-singleturn|p1b: Venusaur|Protect\n|move|p2b: Tatsugiri|Dragon Pulse|p1a: Rotom\n|-damage|p1a: Rotom|15\/100\n|move|p2a: Indeedee|Expanding Force|p1b: Venusaur|[spread] p1a\n|-activate|p1b: Venusaur|move: Protect\n|-damage|p1a: Rotom|0 fnt\n|faint|p1a: Rotom\n|\n|upkeep\n|\n|t:|1731715068\n|switch|p1a: Ursaluna|Ursaluna, L50, M, tera:Ghost|32\/100\n|turn|8\n|\n|t:|1731715086\n|move|p2b: Tatsugiri|Dragon Pulse|p1b: Venusaur\n|-damage|p1b: Venusaur|60\/100\n|move|p2a: Indeedee|Expanding Force|p1b: Venusaur|[spread] p1a,p1b\n|-supereffective|p1b: Venusaur\n|-damage|p1a: Ursaluna|0 fnt\n|-damage|p1b: Venusaur|0 fnt\n|faint|p1a: Ursaluna\n|faint|p1b: Venusaur\n|\n|win|VGCLTH low laddr\n|raw|dou test 9000's rating: 1695 &rarr; <strong>1683<\/strong><br \/>(-12 for losing)\n|raw|VGCLTH low laddr's rating: 1848 &rarr; <strong>1860<\/strong><br \/>(+12 for winning)\n|l|\u2606dou test 9000\n|player|p1|\n|l|\u2606VGCLTH low laddr\n|player|p2|\n","uploadtime":1731715342,"views":27,"formatid":"gen9vgc2024regh","rating":1683,"private":0,"password":null}