{"id":"gen9vgc2024regh-2244198522","format":"[Gen 9] VGC 2024 Reg H","players":["VGCLTH Oinge","ubss_omisa"],"log":"|raw|<div class=\"broadcast-blue\"><strong>This battle is required to be public due to a player having a name starting with 'vgclth'.<\/div>\n|j|\u2606VGCLTH Oinge\n|j|\u2606ubss_omisa\n|t:|1731644634\n|gametype|doubles\n|player|p1|VGCLTH Oinge|mars|1688\n|player|p2|ubss_omisa|2|1953\n|teamsize|p1|6\n|teamsize|p2|6\n|gen|9\n|tier|[Gen 9] VGC 2024 Reg H\n|rated|\n|rule|Species Clause: Limit one of each Pok\u00e9mon\n|rule|Item Clause: Limit 1 of each item\n|clearpoke\n|poke|p1|Torkoal, L50, F|\n|poke|p1|Indeedee-F, L50, F|\n|poke|p1|Hatterene, L50, F|\n|poke|p1|Gallade, L50, M|\n|poke|p1|Maushold-Four, L50|\n|poke|p1|Ursaluna, L50, M|\n|poke|p2|Maushold-Four, L50|\n|poke|p2|Annihilape, L50, F|\n|poke|p2|Archaludon, L50, M|\n|poke|p2|Dragonite, L50, M|\n|poke|p2|Ursaluna-Bloodmoon, L50, M|\n|poke|p2|Sableye, L50, F|\n|teampreview|4\n|inactive|Battle timer is ON: inactive players will automatically lose when time's up. (requested by VGCLTH Oinge)\n|j| VGCLTH TnB\n|\n|t:|1731644683\n|start\n|switch|p1a: Gallade|Gallade, L50, M|100\/100\n|switch|p1b: Indeedee|Indeedee-F, L50, F|100\/100\n|switch|p2a: Sableye|Sableye, L50, F|100\/100\n|switch|p2b: Dragonite|Dragonite, L50, M|100\/100\n|-fieldstart|move: Psychic Terrain|[from] ability: Psychic Surge|[of] p1b: Indeedee\n|-enditem|p1b: Indeedee|Psychic Seed\n|-boost|p1b: Indeedee|spd|1|[from] item: Psychic Seed\n|turn|1\n|\n|t:|1731644706\n|switch|p1b: Hatterene|Hatterene, L50, F|100\/100\n|move|p2a: Sableye|Reflect|p2a: Sableye\n|-sidestart|p2: ubss_omisa|Reflect\n|move|p2b: Dragonite|Scale Shot|p1a: Gallade|[miss]\n|-miss|p2b: Dragonite|p1a: Gallade\n|move|p1a: Gallade|Trick Room|p1a: Gallade\n|-fieldstart|move: Trick Room|[of] p1a: Gallade\n|\n|upkeep\n|turn|2\n|\n|t:|1731644720\n|move|p2b: Dragonite|Protect|p2b: Dragonite\n|-singleturn|p2b: Dragonite|Protect\n|move|p2a: Sableye|Light Screen|p2a: Sableye\n|-sidestart|p2: ubss_omisa|move: Light Screen\n|move|p1b: Hatterene|Dazzling Gleam|p2b: Dragonite|[spread] p2a\n|-activate|p2b: Dragonite|move: Protect\n|-supereffective|p2a: Sableye\n|-damage|p2a: Sableye|31\/100\n|-damage|p1b: Hatterene|91\/100|[from] item: Life Orb\n|move|p1a: Gallade|Psycho Cut|p2b: Dragonite\n|-activate|p2b: Dragonite|move: Protect\n|\n|upkeep\n|turn|3\n|l| VGCLTH TnB\n|inactive|VGCLTH Oinge has 30 seconds left.\n|\n|t:|1731644745\n|move|p2a: Sableye|Reflect||[still]\n|-fail|p2a: Sableye\n|move|p1b: Hatterene|Dazzling Gleam|p2a: Sableye|[spread] p2a,p2b\n|-supereffective|p2a: Sableye\n|-supereffective|p2b: Dragonite\n|-damage|p2a: Sableye|0 fnt\n|-damage|p2b: Dragonite|66\/100\n|faint|p2a: Sableye\n|-damage|p1b: Hatterene|81\/100|[from] item: Life Orb\n|move|p1a: Gallade|Sacred Sword|p2b: Dragonite\n|-resisted|p2b: Dragonite\n|-damage|p2b: Dragonite|41\/100\n|move|p2b: Dragonite|Scale Shot|p1a: Gallade\n|-damage|p1a: Gallade|80\/100\n|-damage|p1a: Gallade|59\/100\n|-damage|p1a: Gallade|38\/100\n|-damage|p1a: Gallade|17\/100\n|-damage|p1a: Gallade|0 fnt\n|faint|p1a: Gallade\n|-hitcount|p1: Gallade|5\n|-unboost|p2b: Dragonite|def|1\n|-boost|p2b: Dragonite|spe|1\n|\n|upkeep\n|inactive|ubss_omisa has 30 seconds left.\n|\n|t:|1731644775\n|switch|p2a: Ursaluna|Ursaluna-Bloodmoon, L50, M|100\/100\n|switch|p1a: Ursaluna|Ursaluna, L50, M|100\/100\n|turn|4\n|inactive|ubss_omisa has 30 seconds left.\n|\n|t:|1731644801\n|switch|p2b: Maushold|Maushold-Four, L50|100\/100\n|move|p1b: Hatterene|Dazzling Gleam|p2b: Maushold|[spread] p2a,p2b\n|-damage|p2a: Ursaluna|86\/100\n|-damage|p2b: Maushold|64\/100\n|-damage|p1b: Hatterene|71\/100|[from] item: Life Orb\n|move|p1a: Ursaluna|Facade|p2a: Ursaluna\n|-damage|p2a: Ursaluna|70\/100\n|move|p2a: Ursaluna|Blood Moon|p1b: Hatterene\n|-damage|p1b: Hatterene|0 fnt\n|faint|p1b: Hatterene\n|\n|-status|p1a: Ursaluna|brn|[from] item: Flame Orb\n|upkeep\n|j| Te sang hyeok\n|\n|t:|1731644812\n|switch|p1b: Indeedee|Indeedee-F, L50, F|100\/100\n|turn|5\n|inactive|VGCLTH Oinge has 30 seconds left.\n|\n|t:|1731644845\n|-terastallize|p2a: Ursaluna|Ghost\n|move|p2b: Maushold|Protect|p2b: Maushold\n|-singleturn|p2b: Maushold|Protect\n|move|p1a: Ursaluna|Facade|p2b: Maushold\n|-activate|p2b: Maushold|move: Protect\n|move|p2a: Ursaluna|Hyper Voice|p1a: Ursaluna|[spread] p1a,p1b\n|-damage|p1a: Ursaluna|65\/100 brn\n|-damage|p1b: Indeedee|64\/100\n|move|p1b: Indeedee|Dazzling Gleam|p2b: Maushold|[spread] p2a\n|-activate|p2b: Maushold|move: Protect\n|-damage|p2a: Ursaluna|66\/100\n|\n|-damage|p1a: Ursaluna|59\/100 brn|[from] brn\n|-fieldend|move: Trick Room\n|-fieldend|move: Psychic Terrain\n|upkeep\n|turn|6\n|\n|t:|1731644866\n|-terastallize|p1a: Ursaluna|Ghost\n|move|p1b: Indeedee|Follow Me|p1b: Indeedee\n|-singleturn|p1b: Indeedee|move: Follow Me\n|move|p2b: Maushold|Population Bomb|p1b: Indeedee\n|-damage|p1b: Indeedee|59\/100\n|-damage|p1b: Indeedee|53\/100\n|-damage|p1b: Indeedee|47\/100\n|-damage|p1b: Indeedee|42\/100\n|-damage|p1b: Indeedee|36\/100\n|-damage|p1b: Indeedee|30\/100\n|-damage|p1b: Indeedee|25\/100\n|-damage|p1b: Indeedee|20\/100\n|-damage|p1b: Indeedee|14\/100\n|-damage|p1b: Indeedee|8\/100\n|-hitcount|p1b: Indeedee|10\n|move|p2a: Ursaluna|Hyper Voice|p1a: Ursaluna|[spread] p1a,p1b\n|-damage|p1a: Ursaluna|25\/100 brn\n|-damage|p1b: Indeedee|0 fnt\n|faint|p1b: Indeedee\n|move|p1a: Ursaluna|Earthquake|p2a: Ursaluna|[spread] p2a,p2b\n|-crit|p2b: Maushold\n|-damage|p2a: Ursaluna|43\/100\n|-damage|p2b: Maushold|0 fnt\n|faint|p2b: Maushold\n|\n|-damage|p1a: Ursaluna|19\/100 brn|[from] brn\n|upkeep\n|-message|VGCLTH Oinge forfeited.\n|\n|win|ubss_omisa\n|raw|VGCLTH Oinge's rating: 1688 &rarr; <strong>1681<\/strong><br \/>(-7 for losing)\n|raw|ubss_omisa's rating: 1953 &rarr; <strong>1960<\/strong><br \/>(+7 for winning)\n|l|\u2606VGCLTH Oinge\n|player|p1|\n|l|\u2606ubss_omisa\n|player|p2|\n|l| Te sang hyeok\n","uploadtime":1731645014,"views":113,"formatid":"gen9vgc2024regh","rating":1681,"private":0,"password":null}