{"id":"gen9vgc2024regh-2244599095","format":"[Gen 9] VGC 2024 Reg H","players":["VGCLTH Sir Aaron","jdarcan"],"log":"|j|\u2606VGCLTH Sir Aaron\n|j|\u2606jdarcan\n|t:|1731699431\n|gametype|doubles\n|player|p1|VGCLTH Sir Aaron|red-masters3|1649\n|player|p2|jdarcan|pokemonranger|1698\n|teamsize|p1|6\n|teamsize|p2|6\n|gen|9\n|tier|[Gen 9] VGC 2024 Reg H\n|rated|\n|rule|Species Clause: Limit one of each Pok\u00e9mon\n|rule|Item Clause: Limit 1 of each item\n|clearpoke\n|poke|p1|Sableye, L50, F|\n|poke|p1|Sylveon, L50, F|\n|poke|p1|Archaludon, L50, M|\n|poke|p1|Volcarona, L50, F|\n|poke|p1|Rillaboom, L50, F|\n|poke|p1|Tauros-Paldea-Aqua, L50, M|\n|poke|p2|Kilowattrel, L50, F|\n|poke|p2|Ninetales-Alola, L50, F|\n|poke|p2|Garchomp, L50, M|\n|poke|p2|Corviknight, L50, F|\n|poke|p2|Chandelure, L50, M|\n|poke|p2|Raichu, L50, F|\n|teampreview|4\n|\n|t:|1731699486\n|start\n|switch|p1a: Snowblind|Sableye, L50, F|100\/100\n|switch|p1b: Shamonerona|Volcarona, L50, F, shiny|100\/100\n|switch|p2a: Raichu|Raichu, L50, F|100\/100\n|switch|p2b: Chandelure|Chandelure, L50, M|100\/100\n|turn|1\n|inactive|Battle timer is ON: inactive players will automatically lose when time's up. (requested by VGCLTH Sir Aaron)\n|\n|t:|1731699550\n|move|p2b: Chandelure|Burning Jealousy|p1a: Snowblind|[spread] p1a,p1b\n|-damage|p1a: Snowblind|63\/100\n|-damage|p1b: Shamonerona|72\/100\n|move|p2a: Raichu|Eerie Impulse|p1b: Shamonerona\n|-unboost|p1b: Shamonerona|spa|2\n|move|p1b: Shamonerona|Quiver Dance|p1b: Shamonerona\n|-boost|p1b: Shamonerona|spa|1\n|-boost|p1b: Shamonerona|spd|1\n|-boost|p1b: Shamonerona|spe|1\n|move|p1a: Snowblind|Foul Play|p2b: Chandelure\n|-supereffective|p2b: Chandelure\n|-damage|p2b: Chandelure|55\/100\n|\n|upkeep\n|turn|2\n|\n|t:|1731699573\n|move|p1a: Snowblind|Disable|p2a: Raichu\n|-start|p2a: Raichu|Disable|Eerie Impulse\n|move|p2b: Chandelure|Burning Jealousy|p1a: Snowblind|[spread] p1a,p1b\n|-damage|p1a: Snowblind|27\/100\n|-damage|p1b: Shamonerona|53\/100\n|-enditem|p1a: Snowblind|Sitrus Berry|[eat]\n|-heal|p1a: Snowblind|52\/100|[from] item: Sitrus Berry\n|move|p1b: Shamonerona|Quiver Dance|p1b: Shamonerona\n|-boost|p1b: Shamonerona|spa|1\n|-boost|p1b: Shamonerona|spd|1\n|-boost|p1b: Shamonerona|spe|1\n|move|p2a: Raichu|Fake Tears|p1b: Shamonerona\n|-unboost|p1b: Shamonerona|spd|2\n|\n|upkeep\n|turn|3\n|inactive|VGCLTH Sir Aaron has 30 seconds left.\n|\n|t:|1731699599\n|move|p1a: Snowblind|Protect|p1a: Snowblind\n|-singleturn|p1a: Snowblind|Protect\n|move|p1b: Shamonerona|Quiver Dance|p1b: Shamonerona\n|-boost|p1b: Shamonerona|spa|1\n|-boost|p1b: Shamonerona|spd|1\n|-boost|p1b: Shamonerona|spe|1\n|move|p2b: Chandelure|Burning Jealousy|p1b: Shamonerona|[spread] p1b\n|-activate|p1a: Snowblind|move: Protect\n|-damage|p1b: Shamonerona|36\/100\n|move|p2a: Raichu|Volt Switch|p1a: Snowblind\n|-activate|p1a: Snowblind|move: Protect\n|\n|upkeep\n|turn|4\n|inactive|jdarcan has 30 seconds left.\n|j| kyog9t\n|inactive|jdarcan has 20 seconds left.\n|inactive|jdarcan has 15 seconds left.\n|\n|t:|1731699644\n|switch|p2b: Garchomp|Garchomp, L50, M|100\/100\n|move|p1a: Snowblind|Disable||[still]\n|-fail|p1a: Snowblind\n|move|p1b: Shamonerona|Quiver Dance|p1b: Shamonerona\n|-boost|p1b: Shamonerona|spa|1\n|-boost|p1b: Shamonerona|spd|1\n|-boost|p1b: Shamonerona|spe|1\n|move|p2a: Raichu|Volt Switch|p1a: Snowblind\n|-damage|p1a: Snowblind|13\/100\n|\n|t:|1731699659\n|switch|p2a: Ninetales|Ninetales-Alola, L50, F|100\/100|[from] Volt Switch\n|-weather|Snow|[from] ability: Snow Warning|[of] p2a: Ninetales\n|\n|-weather|Snow|[upkeep]\n|upkeep\n|turn|5\n|\n|t:|1731699683\n|switch|p2a: Chandelure|Chandelure, L50, M|55\/100\n|move|p1a: Snowblind|Protect|p1a: Snowblind\n|-singleturn|p1a: Snowblind|Protect\n|move|p1b: Shamonerona|Protect|p1b: Shamonerona\n|-singleturn|p1b: Shamonerona|Protect\n|move|p2b: Garchomp|Earthquake|p1b: Shamonerona|[spread] p2a\n|-activate|p1a: Snowblind|move: Protect\n|-activate|p1b: Shamonerona|move: Protect\n|-supereffective|p2a: Chandelure\n|-damage|p2a: Chandelure|0 fnt\n|faint|p2a: Chandelure\n|-damage|p2b: Garchomp|91\/100|[from] item: Life Orb\n|\n|-weather|Snow|[upkeep]\n|upkeep\n|inactive|jdarcan has 30 seconds left.\n|\n|t:|1731699714\n|switch|p2a: Ninetales|Ninetales-Alola, L50, F|100\/100\n|turn|6\n|j| MinamiSimp\n|\n|t:|1731699725\n|-terastallize|p1b: Shamonerona|Grass\n|-terastallize|p2a: Ninetales|Water\n|move|p1a: Snowblind|Encore|p2b: Garchomp\n|-start|p2b: Garchomp|Encore\n|move|p1b: Shamonerona|Giga Drain|p2a: Ninetales\n|-supereffective|p2a: Ninetales\n|-damage|p2a: Ninetales|0 fnt\n|-heal|p1b: Shamonerona|75\/100|[from] drain|[of] p2a: Ninetales\n|faint|p2a: Ninetales\n|move|p2b: Garchomp|Earthquake|p1b: Shamonerona|[spread] p1a,p1b\n|-resisted|p1b: Shamonerona\n|-damage|p1a: Snowblind|0 fnt\n|-damage|p1b: Shamonerona|47\/100\n|faint|p1a: Snowblind\n|-damage|p2b: Garchomp|81\/100|[from] item: Life Orb\n|\n|-weather|Snow|[upkeep]\n|upkeep\n|-message|jdarcan forfeited.\n|\n|win|VGCLTH Sir Aaron\n|raw|VGCLTH Sir Aaron's rating: 1649 &rarr; <strong>1672<\/strong><br \/>(+23 for winning)\n|raw|jdarcan's rating: 1698 &rarr; <strong>1675<\/strong><br \/>(-23 for losing)\n|l|\u2606jdarcan\n|player|p2|\n","uploadtime":1731699752,"views":13,"formatid":"gen9vgc2024regh","rating":1672,"private":0,"password":null}