{"id":"gen9vgc2024regh-2244095372","format":"[Gen 9] VGC 2024 Reg H","players":["VGCLTH Pengu","travelers60"],"log":"|raw|<div class=\"broadcast-blue\"><strong>This battle is required to be public due to a player having a name starting with 'vgclth'.<\/div>\n|j|\u2606VGCLTH Pengu\n|j|\u2606travelers60\n|t:|1731630896\n|gametype|doubles\n|player|p1|VGCLTH Pengu|rosa-masters|1689\n|player|p2|travelers60|1|1661\n|teamsize|p1|6\n|teamsize|p2|6\n|gen|9\n|tier|[Gen 9] VGC 2024 Reg H\n|rated|\n|rule|Species Clause: Limit one of each Pok\u00e9mon\n|rule|Item Clause: Limit 1 of each item\n|clearpoke\n|poke|p1|Porygon2, L50|\n|poke|p1|Ursaluna, L50, M|\n|poke|p1|Archaludon, L50, F|\n|poke|p1|Pelipper, L50, M|\n|poke|p1|Basculegion, L50, M|\n|poke|p1|Maushold, L50|\n|poke|p2|Ninetales-Alola, L50, F|\n|poke|p2|Rotom-Frost, L50|\n|poke|p2|Garchomp, L50, F|\n|poke|p2|Annihilape, L50, F|\n|poke|p2|Magmar, L50, F|\n|poke|p2|Gholdengo, L50|\n|teampreview|4\n|inactive|Battle timer is ON: inactive players will automatically lose when time's up. (requested by travelers60)\n|inactive|VGCLTH Pengu also wants the timer to be on.\nVGCLTH Pengu has agreed to open team sheets.\n|inactive|travelers60 has 60 seconds left.\n|inactive|travelers60 has 30 seconds left.\n|inactive|travelers60 has 20 seconds left.\n|inactive|travelers60 has 15 seconds left.\n|inactive|travelers60 has 10 seconds left.\n|\n|t:|1731630980\n|start\n|switch|p1a: Pelipper|Pelipper, L50, M|100\/100\n|switch|p1b: Basculegion|Basculegion, L50, M|100\/100\n|switch|p2a: Rotom|Rotom-Frost, L50|100\/100\n|switch|p2b: Garchomp|Garchomp, L50, F|100\/100\n|-weather|RainDance|[from] ability: Drizzle|[of] p1a: Pelipper\n|turn|1\n|\n|t:|1731630997\n|switch|p2b: Ninetales|Ninetales-Alola, L50, F|100\/100\n|-weather|Snow|[from] ability: Snow Warning|[of] p2b: Ninetales\n|move|p1a: Pelipper|Wide Guard|p1a: Pelipper\n|-singleturn|p1a: Pelipper|Wide Guard\n|move|p1b: Basculegion|Wave Crash|p2a: Rotom\n|-damage|p2a: Rotom|43\/100\n|-damage|p1b: Basculegion|85\/100|[from] Recoil\n|-damage|p1b: Basculegion|75\/100|[from] item: Life Orb\n|move|p2a: Rotom|Volt Switch|p1b: Basculegion\n|-supereffective|p1b: Basculegion\n|-damage|p1b: Basculegion|0 fnt\n|faint|p1b: Basculegion\n|\n|t:|1731631014\n|switch|p2a: Gholdengo|Gholdengo, L50|100\/100|[from] Volt Switch\n|\n|-weather|Snow|[upkeep]\n|upkeep\n|\n|t:|1731631019\n|switch|p1b: Maushold|Maushold, L50|100\/100\n|turn|2\n|\n|t:|1731631026\n|move|p1a: Pelipper|Wide Guard|p1a: Pelipper\n|-singleturn|p1a: Pelipper|Wide Guard\n|move|p1b: Maushold|Population Bomb|p2b: Ninetales\n|-damage|p2b: Ninetales|93\/100\n|-damage|p2b: Ninetales|87\/100\n|-damage|p2b: Ninetales|80\/100\n|-damage|p2b: Ninetales|73\/100\n|-damage|p2b: Ninetales|66\/100\n|-damage|p2b: Ninetales|60\/100\n|-damage|p2b: Ninetales|54\/100\n|-damage|p2b: Ninetales|47\/100\n|-damage|p2b: Ninetales|40\/100\n|-damage|p2b: Ninetales|34\/100\n|-hitcount|p2b: Ninetales|10\n|move|p2b: Ninetales|Aurora Veil|p2b: Ninetales\n|-sidestart|p2: travelers60|move: Aurora Veil\n|move|p2a: Gholdengo|Nasty Plot|p2a: Gholdengo\n|-boost|p2a: Gholdengo|spa|2\n|\n|-weather|Snow|[upkeep]\n|upkeep\n|turn|3\n|inactive|travelers60 has 30 seconds left.\n|\n|t:|1731631056\n|switch|p2b: Garchomp|Garchomp, L50, F|100\/100\n|move|p1b: Maushold|Population Bomb|p2b: Garchomp\n|-damage|p2b: Garchomp|96\/100\n|-damage|p1b: Maushold|88\/100|[from] ability: Rough Skin|[of] p2b: Garchomp\n|-damage|p2b: Garchomp|90\/100\n|-damage|p1b: Maushold|76\/100|[from] ability: Rough Skin|[of] p2b: Garchomp\n|-damage|p2b: Garchomp|85\/100\n|-damage|p1b: Maushold|64\/100|[from] ability: Rough Skin|[of] p2b: Garchomp\n|-damage|p2b: Garchomp|80\/100\n|-damage|p1b: Maushold|52\/100|[from] ability: Rough Skin|[of] p2b: Garchomp\n|-damage|p2b: Garchomp|74\/100\n|-damage|p1b: Maushold|40\/100|[from] ability: Rough Skin|[of] p2b: Garchomp\n|-damage|p2b: Garchomp|69\/100\n|-damage|p1b: Maushold|29\/100|[from] ability: Rough Skin|[of] p2b: Garchomp\n|-damage|p2b: Garchomp|63\/100\n|-damage|p1b: Maushold|16\/100|[from] ability: Rough Skin|[of] p2b: Garchomp\n|-crit|p2b: Garchomp\n|-damage|p2b: Garchomp|52\/100\n|-damage|p1b: Maushold|4\/100|[from] ability: Rough Skin|[of] p2b: Garchomp\n|-damage|p2b: Garchomp|46\/100\n|-damage|p1b: Maushold|0 fnt|[from] ability: Rough Skin|[of] p2b: Garchomp\n|faint|p1b: Maushold\n|-hitcount|p2b: Garchomp|9\n|move|p2a: Gholdengo|Shadow Ball|p1a: Pelipper\n|-enditem|p1a: Pelipper|Focus Sash\n|-damage|p1a: Pelipper|1\/100\n|move|p1a: Pelipper|Tailwind|p1a: Pelipper\n|-sidestart|p1: VGCLTH Pengu|move: Tailwind\n|\n|-weather|Snow|[upkeep]\n|upkeep\n|\n|t:|1731631062\n|switch|p1b: Archaludon|Archaludon, L50, F|100\/100\n|turn|4\n|inactive|travelers60 has 30 seconds left.\n|inactive|travelers60 has 20 seconds left.\n|inactive|travelers60 has 15 seconds left.\n|inactive|travelers60 has 10 seconds left.\n|inactive|travelers60 has 5 seconds left.\n|\n|t:|1731631113\n|-terastallize|p2b: Garchomp|Steel\n|move|p1a: Pelipper|Weather Ball|p2b: Garchomp\n|-resisted|p2b: Garchomp\n|-damage|p2b: Garchomp|35\/100\n|move|p1b: Archaludon|Snarl|p2a: Gholdengo|[spread] p2a,p2b\n|-supereffective|p2a: Gholdengo\n|-damage|p2a: Gholdengo|82\/100\n|-damage|p2b: Garchomp|25\/100\n|-unboost|p2a: Gholdengo|spa|1\n|-unboost|p2b: Garchomp|spa|1\n|move|p2b: Garchomp|Stomping Tantrum|p1b: Archaludon\n|-supereffective|p1b: Archaludon\n|-damage|p1b: Archaludon|29\/100\n|-ability|p1b: Archaludon|Stamina|boost\n|-boost|p1b: Archaludon|def|1\n|-damage|p2b: Garchomp|15\/100|[from] item: Life Orb\n|move|p2a: Gholdengo|Make It Rain|p1a: Pelipper|[spread] p1a,p1b\n|-resisted|p1a: Pelipper\n|-resisted|p1b: Archaludon\n|-damage|p1a: Pelipper|0 fnt\n|-damage|p1b: Archaludon|2\/100\n|-unboost|p2a: Gholdengo|spa|1\n|-ability|p1b: Archaludon|Stamina|boost\n|-boost|p1b: Archaludon|def|1\n|faint|p1a: Pelipper\n|\n|-weather|Snow|[upkeep]\n|upkeep\n|turn|5\n|-message|VGCLTH Pengu forfeited.\n|\n|win|travelers60\n|raw|VGCLTH Pengu's rating: 1689 &rarr; <strong>1667<\/strong><br \/>(-22 for losing)\n|raw|travelers60's rating: 1661 &rarr; <strong>1683<\/strong><br \/>(+22 for winning)\n|l|\u2606VGCLTH Pengu\n|player|p1|\n|l|\u2606travelers60\n|player|p2|\n","uploadtime":1731631301,"views":38,"formatid":"gen9vgc2024regh","rating":1667,"private":0,"password":null}