{"id":"gen9vgc2024regh-2244570202","format":"[Gen 9] VGC 2024 Reg H","players":["vgclth elowyn","VGCLTH 2thyfor"],"log":"|raw|<div class=\"broadcast-blue\"><strong>This battle is required to be public due to a player having a name starting with 'vgclth'.<\/div>\n|j|\u2606vgclth elowyn\n|j|\u2606VGCLTH 2thyfor\n|t:|1731696559\n|gametype|doubles\n|player|p1|vgclth elowyn|170|1708\n|player|p2|VGCLTH 2thyfor|emmet|1710\n|teamsize|p1|6\n|teamsize|p2|6\n|gen|9\n|tier|[Gen 9] VGC 2024 Reg H\n|rated|\n|rule|Species Clause: Limit one of each Pok\u00e9mon\n|rule|Item Clause: Limit 1 of each item\n|clearpoke\n|poke|p1|Chandelure, L50, F|\n|poke|p1|Sylveon, L50, F|\n|poke|p1|Talonflame, L50, M|\n|poke|p1|Dragapult, L50, F|\n|poke|p1|Electabuzz, L50, M|\n|poke|p1|Decidueye-Hisui, L50, M|\n|poke|p2|Dondozo, L50, M|\n|poke|p2|Tatsugiri, L50, M|\n|poke|p2|Sneasler, L50, F|\n|poke|p2|Indeedee, L50, M|\n|poke|p2|Ursaluna-Bloodmoon, L50, M|\n|poke|p2|Talonflame, L50, F|\n|teampreview|4\n|inactive|Battle timer is ON: inactive players will automatically lose when time's up. (requested by VGCLTH 2thyfor)\n|j| Former Fang\n|j| juanvn\n|inactive|vgclth elowyn has 60 seconds left.\n|\n|t:|1731696598\n|start\n|switch|p1a: MarcoFiaro|Talonflame, L50, M|100\/100\n|switch|p1b: Soullight|Chandelure, L50, F|100\/100\n|switch|p2a: Talonflame|Talonflame, L50, F|100\/100\n|switch|p2b: Ursaluna|Ursaluna-Bloodmoon, L50, M|100\/100\n|turn|1\n|\n|t:|1731696617\n|move|p1a: MarcoFiaro|Tailwind|p1a: MarcoFiaro\n|-sidestart|p1: vgclth elowyn|move: Tailwind\n|move|p1b: Soullight|Heat Wave|p2b: Ursaluna|[spread] p2a,p2b\n|-resisted|p2a: Talonflame\n|-damage|p2a: Talonflame|67\/100\n|-damage|p2b: Ursaluna|47\/100\n|-status|p2b: Ursaluna|brn\n|move|p2a: Talonflame|Taunt|p1b: Soullight\n|-start|p1b: Soullight|move: Taunt\n|move|p2b: Ursaluna|Hyper Voice|p1b: Soullight|[spread] p1a,p1b\n|-damage|p1a: MarcoFiaro|19\/100\n|-damage|p1b: Soullight|30\/100\n|-damage|p2b: Ursaluna|38\/100 brn|[from] item: Life Orb\n|\n|-damage|p2b: Ursaluna|32\/100 brn|[from] brn\n|upkeep\n|turn|2\n|j| AlabamaChristian\n|\n|t:|1731696639\n|move|p1a: MarcoFiaro|Dual Wingbeat|p2a: Talonflame\n|-damage|p2a: Talonflame|45\/100\n|-damage|p2a: Talonflame|19\/100\n|-hitcount|p2a: Talonflame|2\n|move|p1b: Soullight|Shadow Ball|p2a: Talonflame\n|-damage|p2a: Talonflame|0 fnt\n|faint|p2a: Talonflame\n|move|p2b: Ursaluna|Hyper Voice|p1a: MarcoFiaro|[spread] p1a,p1b\n|-damage|p1a: MarcoFiaro|0 fnt\n|-damage|p1b: Soullight|0 fnt\n|faint|p1a: MarcoFiaro\n|faint|p1b: Soullight\n|-damage|p2b: Ursaluna|22\/100 brn|[from] item: Life Orb\n|\n|-damage|p2b: Ursaluna|16\/100 brn|[from] brn\n|upkeep\n|j| volcaronavgc\n|\n|t:|1731696646\n|switch|p1a: Turning|Dragapult, L50, F|100\/100\n|switch|p2a: Sneasler|Sneasler, L50, F|100\/100\n|switch|p1b: Ampere|Electabuzz, L50, M|100\/100\n|turn|3\n|\n|t:|1731696656\n|move|p2a: Sneasler|Protect|p2a: Sneasler\n|-singleturn|p2a: Sneasler|Protect\n|move|p1b: Ampere|Follow Me|p1b: Ampere\n|-singleturn|p1b: Ampere|move: Follow Me\n|move|p1a: Turning|Dragon Darts|p2b: Ursaluna\n|-damage|p2b: Ursaluna|0 fnt\n|faint|p2b: Ursaluna\n|\n|upkeep\n|\n|t:|1731696658\n|switch|p2b: Indeedee|Indeedee, L50, M|100\/100\n|-fieldstart|move: Psychic Terrain|[from] ability: Psychic Surge|[of] p2b: Indeedee\n|-enditem|p2a: Sneasler|Psychic Seed\n|-boost|p2a: Sneasler|spd|1|[from] item: Psychic Seed\n|turn|4\n|\n|t:|1731696668\n|move|p1a: Turning|Dragon Darts|p2a: Sneasler\n|-damage|p2a: Sneasler|31\/100\n|-anim|p1a: Turning|Dragon Darts|p2b: Indeedee\n|-damage|p2b: Indeedee|11\/100\n|move|p2a: Sneasler|Close Combat|p1b: Ampere\n|-damage|p1b: Ampere|49\/100\n|-unboost|p2a: Sneasler|def|1\n|-unboost|p2a: Sneasler|spd|1\n|move|p1b: Ampere|Electroweb|p2b: Indeedee|[spread] p2a,p2b\n|-damage|p2a: Sneasler|11\/100\n|-damage|p2b: Indeedee|0 fnt\n|-unboost|p2a: Sneasler|spe|1\n|faint|p2b: Indeedee\n|\n|-sideend|p1: vgclth elowyn|move: Tailwind\n|upkeep\n|turn|5\n|\n|t:|1731696680\n|move|p2a: Sneasler|Close Combat|p1b: Ampere\n|-crit|p1b: Ampere\n|-damage|p1b: Ampere|0 fnt\n|-unboost|p2a: Sneasler|def|1\n|-unboost|p2a: Sneasler|spd|1\n|faint|p1b: Ampere\n|move|p1a: Turning|Dragon Darts|p2a: Sneasler\n|-damage|p2a: Sneasler|0 fnt\n|faint|p2a: Sneasler\n|\n|win|vgclth elowyn\n|raw|vgclth elowyn's rating: 1708 &rarr; <strong>1728<\/strong><br \/>(+20 for winning)\n|raw|VGCLTH 2thyfor's rating: 1710 &rarr; <strong>1690<\/strong><br \/>(-20 for losing)\n|c|\u2606VGCLTH 2thyfor|gg\n|l|\u2606VGCLTH 2thyfor\n|player|p2|\n|l| Former Fang\n|l| juanvn\n|l| volcaronavgc\n|c|\u2606vgclth elowyn|gg\n","uploadtime":1731696946,"views":9,"formatid":"gen9vgc2024regh","rating":1690,"private":0,"password":null}