{"id":"gen9vgc2024regh-2244790346","format":"[Gen 9] VGC 2024 Reg H","players":["same blue","VGCLTH TnB"],"log":"|raw|<div class=\"broadcast-blue\"><strong>This battle is required to be public due to a player having a name starting with 'vgclth'.<\/div>\n|j|\u2606same blue\n|j|\u2606VGCLTH TnB\n|t:|1731722173\n|gametype|doubles\n|player|p1|same blue|102|1768\n|player|p2|VGCLTH TnB|roxanne-masters|1768\n|teamsize|p1|6\n|teamsize|p2|6\n|gen|9\n|tier|[Gen 9] VGC 2024 Reg H\n|rated|\n|rule|Species Clause: Limit one of each Pok\u00e9mon\n|rule|Item Clause: Limit 1 of each item\n|clearpoke\n|poke|p1|Annihilape, L50, M|\n|poke|p1|Grimmsnarl, L50, M|\n|poke|p1|Arcanine, L50, F|\n|poke|p1|Sinistcha, L50|\n|poke|p1|Maushold, L50|\n|poke|p1|Murkrow, L50, F|\n|poke|p2|Klefki, L50, M|\n|poke|p2|Annihilape, L50, M|\n|poke|p2|Archaludon, L50, F|\n|poke|p2|Maushold, L50|\n|poke|p2|Sinistcha, L50|\n|poke|p2|Pelipper, L50, F|\n|teampreview|4\n|inactive|Battle timer is ON: inactive players will automatically lose when time's up. (requested by VGCLTH TnB)\nVGCLTH TnB has agreed to open team sheets.\n|inactive|VGCLTH TnB has 60 seconds left.\n|\n|t:|1731722206\n|start\n|switch|p1a: Maushold|Maushold, L50|100\/100\n|switch|p1b: Annihilape|Annihilape, L50, M, shiny|100\/100\n|switch|p2a: Maushold|Maushold, L50|100\/100\n|switch|p2b: Annihilape|Annihilape, L50, M|100\/100\n|turn|1\n|\n|t:|1731722229\n|move|p2a: Maushold|Follow Me|p2a: Maushold\n|-singleturn|p2a: Maushold|move: Follow Me\n|move|p1a: Maushold|Taunt|p2a: Maushold\n|-start|p2a: Maushold|move: Taunt\n|move|p1b: Annihilape|Bulk Up|p1b: Annihilape\n|-boost|p1b: Annihilape|atk|1\n|-boost|p1b: Annihilape|def|1\n|move|p2b: Annihilape|Bulk Up|p2b: Annihilape\n|-boost|p2b: Annihilape|atk|1\n|-boost|p2b: Annihilape|def|1\n|\n|upkeep\n|turn|2\n|\n|t:|1731722249\n|-terastallize|p1b: Annihilape|Water\n|-terastallize|p2b: Annihilape|Fire\n|move|p1a: Maushold|Beat Up|p1b: Annihilape\n|-damage|p1b: Annihilape|99\/100\n|-damage|p1b: Annihilape|98\/100\n|-damage|p1b: Annihilape|97\/100\n|-damage|p1b: Annihilape|96\/100\n|-hitcount|p1b: Annihilape|4\n|move|p1b: Annihilape|Rage Fist|p2b: Annihilape\n|-damage|p2b: Annihilape|17\/100\n|move|p2a: Maushold|Beat Up|p2b: Annihilape\n|-damage|p2b: Annihilape|16\/100\n|-damage|p2b: Annihilape|14\/100\n|-damage|p2b: Annihilape|13\/100\n|-damage|p2b: Annihilape|11\/100\n|-hitcount|p2b: Annihilape|4\n|move|p2b: Annihilape|Drain Punch|p1a: Maushold\n|-supereffective|p1a: Maushold\n|-enditem|p1a: Maushold|Focus Sash\n|-damage|p1a: Maushold|1\/100\n|-heal|p2b: Annihilape|49\/100|[from] drain|[of] p1a: Maushold\n|\n|-heal|p1b: Annihilape|100\/100|[from] item: Leftovers\n|-heal|p2b: Annihilape|55\/100|[from] item: Leftovers\n|upkeep\n|turn|3\n|inactive|same blue has 30 seconds left.\n|inactive|VGCLTH TnB has 30 seconds left.\n|\n|t:|1731722279\n|move|p2b: Annihilape|Protect|p2b: Annihilape\n|-singleturn|p2b: Annihilape|Protect\n|move|p1a: Maushold|Taunt||[still]\n|-fail|p1a: Maushold\n|move|p1b: Annihilape|Rage Fist|p2b: Annihilape\n|-activate|p2b: Annihilape|move: Protect\n|move|p2a: Maushold|Beat Up|p1a: Maushold\n|-damage|p1a: Maushold|0 fnt\n|faint|p1a: Maushold\n|-hitcount|p1: Maushold|1\n|\n|-heal|p2b: Annihilape|62\/100|[from] item: Leftovers\n|upkeep\n|\n|t:|1731722288\n|switch|p1a: Murkrow|Murkrow, L50, F|100\/100\n|turn|4\n|inactive|VGCLTH TnB has 30 seconds left.\n|inactive|VGCLTH TnB has 20 seconds left.\n|\n|t:|1731722325\n|switch|p2a: Sinistcha|Sinistcha, L50|100\/100\n|-heal|p2b: Annihilape|87\/100|[from] ability: Hospitality|[of] p2a: Sinistcha\n|switch|p2b: Klefki|Klefki, L50, M|100\/100\n|move|p1a: Murkrow|Tailwind|p1a: Murkrow\n|-sidestart|p1: same blue|move: Tailwind\n|move|p1b: Annihilape|Rage Fist|p2b: Klefki\n|-damage|p2b: Klefki|0 fnt\n|faint|p2b: Klefki\n|\n|upkeep\n|\n|t:|1731722343\n|switch|p2b: Maushold|Maushold, L50|100\/100\n|turn|5\n|\n|t:|1731722361\n|switch|p1a: Sinistcha|Sinistcha, L50|100\/100\n|move|p2b: Maushold|Follow Me|p2b: Maushold\n|-singleturn|p2b: Maushold|move: Follow Me\n|move|p1b: Annihilape|Drain Punch|p2b: Maushold\n|-supereffective|p2b: Maushold\n|-damage|p2b: Maushold|0 fnt\n|faint|p2b: Maushold\n|move|p2a: Sinistcha|Trick Room|p2a: Sinistcha\n|-fieldstart|move: Trick Room|[of] p2a: Sinistcha\n|\n|upkeep\n|\n|t:|1731722365\n|switch|p2b: Annihilape|Annihilape, L50, M, tera:Fire|87\/100\n|turn|6\n|inactive|same blue has 30 seconds left.\n|\n|t:|1731722399\n|move|p1a: Sinistcha|Rage Powder|p1a: Sinistcha\n|-singleturn|p1a: Sinistcha|move: Rage Powder\n|move|p2a: Sinistcha|Curse|p1b: Annihilape\n|-start|p1b: Annihilape|Curse|[of] p2a: Sinistcha\n|-damage|p2a: Sinistcha|50\/100\n|-enditem|p2a: Sinistcha|Sitrus Berry|[eat]\n|-heal|p2a: Sinistcha|75\/100|[from] item: Sitrus Berry\n|move|p2b: Annihilape|Bulk Up|p2b: Annihilape\n|-boost|p2b: Annihilape|atk|1\n|-boost|p2b: Annihilape|def|1\n|move|p1b: Annihilape|Rage Fist|p2b: Annihilape\n|-damage|p2b: Annihilape|0 fnt\n|faint|p2b: Annihilape\n|\n|-damage|p1b: Annihilape|76\/100|[from] Curse\n|upkeep\n|turn|7\n|-message|VGCLTH TnB forfeited.\n|\n|win|same blue\n|raw|same blue's rating: 1768 &rarr; <strong>1788<\/strong><br \/>(+20 for winning)\n|raw|VGCLTH TnB's rating: 1768 &rarr; <strong>1748<\/strong><br \/>(-20 for losing)\n|l|\u2606same blue\n|player|p1|\n|l|\u2606VGCLTH TnB\n|player|p2|\n","uploadtime":1731722616,"views":15,"formatid":"gen9vgc2024regh","rating":1748,"private":0,"password":null}