{"id":"gen9vgc2024regh-2244304434","format":"[Gen 9] VGC 2024 Reg H","players":["juzgrda","VGCLTH Carrots"],"log":"|raw|<div class=\"broadcast-blue\"><strong>This battle is required to be public due to a player having a name starting with 'vgclth'.<\/div>\n|j|\u2606juzgrda\n|j|\u2606VGCLTH Carrots\n|t:|1731664586\n|gametype|doubles\n|player|p1|juzgrda|265|1708\n|player|p2|VGCLTH Carrots|101|1761\n|teamsize|p1|6\n|teamsize|p2|6\n|gen|9\n|tier|[Gen 9] VGC 2024 Reg H\n|rated|\n|rule|Species Clause: Limit one of each Pok\u00e9mon\n|rule|Item Clause: Limit 1 of each item\n|clearpoke\n|poke|p1|Garchomp, L50, F|\n|poke|p1|Ninetales-Alola, L50, F|\n|poke|p1|Rotom-Frost, L50|\n|poke|p1|Dragonite, L50, F|\n|poke|p1|Incineroar, L50, F|\n|poke|p1|Gastrodon, L50, M|\n|poke|p2|Rillaboom, L50, F|\n|poke|p2|Kingambit, L50, M|\n|poke|p2|Sneasler, L50, F|\n|poke|p2|Dragonite, L50, M|\n|poke|p2|Gastrodon, L50, M|\n|poke|p2|Ceruledge, L50, F|\n|teampreview|4\n|inactive|Battle timer is ON: inactive players will automatically lose when time's up. (requested by juzgrda)\n|\n|t:|1731664600\n|start\n|switch|p1a: Ninetales|Ninetales-Alola, L50, F|100\/100\n|switch|p1b: Rotom|Rotom-Frost, L50|100\/100\n|switch|p2a: Sneasler|Sneasler, L50, F|100\/100\n|switch|p2b: Dragonite|Dragonite, L50, M|100\/100\n|-weather|Snow|[from] ability: Snow Warning|[of] p1a: Ninetales\n|turn|1\n|\n|t:|1731664610\n|-terastallize|p2b: Dragonite|Ghost\n|move|p1a: Ninetales|Icy Wind|p2b: Dragonite|[spread] p2a,p2b\n|-damage|p2a: Sneasler|77\/100\n|-damage|p2b: Dragonite|92\/100\n|-unboost|p2a: Sneasler|spe|1\n|-unboost|p2b: Dragonite|spe|1\n|move|p1b: Rotom|Blizzard|p2b: Dragonite|[spread] p2a,p2b\n|-damage|p2a: Sneasler|0 fnt\n|-damage|p2b: Dragonite|27\/100\n|-status|p2b: Dragonite|frz\n|faint|p2a: Sneasler\n|cant|p2b: Dragonite|frz\n|\n|-weather|Snow|[upkeep]\n|upkeep\n|c|\u2606VGCLTH Carrots|are you shitting me\n|\n|t:|1731664620\n|switch|p2a: Rillaboom|Rillaboom, L50, F|100\/100\n|-fieldstart|move: Grassy Terrain|[from] ability: Grassy Surge|[of] p2a: Rillaboom\n|turn|2\n|\n|t:|1731664630\n|switch|p1a: Garchomp|Garchomp, L50, F|100\/100\n|move|p2a: Rillaboom|Fake Out|p1b: Rotom\n|-damage|p1b: Rotom|88\/100\n|cant|p1b: Rotom|flinch\n|-curestatus|p2b: Dragonite|frz|[msg]\n|move|p2b: Dragonite|Scale Shot|p1b: Rotom\n|-damage|p1b: Rotom|75\/100\n|-damage|p1b: Rotom|61\/100\n|-damage|p1b: Rotom|47\/100\n|-damage|p1b: Rotom|31\/100\n|-hitcount|p1b: Rotom|4\n|-unboost|p2b: Dragonite|def|1\n|-boost|p2b: Dragonite|spe|1\n|\n|-weather|Snow|[upkeep]\n|-heal|p2b: Dragonite|33\/100|[from] Grassy Terrain\n|upkeep\n|turn|3\n|j| jlz04t1h\n|\n|t:|1731664649\n|switch|p1b: Ninetales|Ninetales-Alola, L50, F|100\/100\n|switch|p2b: Kingambit|Kingambit, L50, M|100\/100\n|-terastallize|p1a: Garchomp|Steel\n|move|p2a: Rillaboom|Grassy Glide|p1b: Ninetales\n|-damage|p1b: Ninetales|49\/100\n|move|p1a: Garchomp|Dragon Claw|p2b: Kingambit\n|-resisted|p2b: Kingambit\n|-damage|p2b: Kingambit|79\/100\n|\n|-weather|Snow|[upkeep]\n|-heal|p1b: Ninetales|56\/100|[from] Grassy Terrain\n|-heal|p2b: Kingambit|85\/100|[from] Grassy Terrain\n|upkeep\n|turn|4\n|\n|t:|1731664668\n|move|p2a: Rillaboom|Grassy Glide|p1b: Ninetales\n|-damage|p1b: Ninetales|9\/100\n|move|p2b: Kingambit|Sucker Punch|p1b: Ninetales\n|-resisted|p1b: Ninetales\n|-damage|p1b: Ninetales|0 fnt\n|faint|p1b: Ninetales\n|move|p1a: Garchomp|Dragon Claw|p2a: Rillaboom\n|-damage|p2a: Rillaboom|37\/100\n|\n|-weather|Snow|[upkeep]\n|-heal|p2a: Rillaboom|43\/100|[from] Grassy Terrain\n|-heal|p2b: Kingambit|90\/100|[from] Grassy Terrain\n|upkeep\n|j| Kal0sunleashed\n|\n|t:|1731664682\n|switch|p1b: Dragonite|Dragonite, L50, F|100\/100\n|turn|5\n|inactive|VGCLTH Carrots has 30 seconds left.\n|\n|t:|1731664715\n|move|p2a: Rillaboom|Grassy Glide|p1a: Garchomp\n|-resisted|p1a: Garchomp\n|-damage|p1a: Garchomp|78\/100\n|-damage|p2a: Rillaboom|31\/100|[from] ability: Rough Skin|[of] p1a: Garchomp\n|move|p2b: Kingambit|Sucker Punch|p1a: Garchomp\n|-damage|p1a: Garchomp|39\/100\n|-damage|p2b: Kingambit|78\/100|[from] ability: Rough Skin|[of] p1a: Garchomp\n|move|p1a: Garchomp|Dragon Claw|p2b: Kingambit\n|-resisted|p2b: Kingambit\n|-damage|p2b: Kingambit|54\/100\n|move|p1b: Dragonite|Low Kick|p2b: Kingambit\n|-supereffective|p2b: Kingambit\n|-damage|p2b: Kingambit|0 fnt\n|faint|p2b: Kingambit\n|\n|-weather|none\n|-heal|p1a: Garchomp|46\/100|[from] Grassy Terrain\n|-heal|p2a: Rillaboom|37\/100|[from] Grassy Terrain\n|upkeep\n|\n|t:|1731664719\n|switch|p2b: Dragonite|Dragonite, L50, M, tera:Ghost|33\/100\n|turn|6\n|c|\u2606VGCLTH Carrots|gg\n|c|\u2606VGCLTH Carrots|that freeze tho\n|\n|t:|1731664731\n|switch|p1b: Rotom|Rotom-Frost, L50|31\/100\n|move|p2b: Dragonite|Protect|p2b: Dragonite\n|-singleturn|p2b: Dragonite|Protect\n|move|p1a: Garchomp|Dragon Claw|p2a: Rillaboom\n|-damage|p2a: Rillaboom|0 fnt\n|faint|p2a: Rillaboom\n|\n|-heal|p1a: Garchomp|52\/100|[from] Grassy Terrain\n|-heal|p2b: Dragonite|39\/100|[from] Grassy Terrain\n|-fieldend|move: Grassy Terrain\n|upkeep\n|turn|7\n|-message|VGCLTH Carrots forfeited.\n|\n|win|juzgrda\n|raw|juzgrda's rating: 1708 &rarr; <strong>1731<\/strong><br \/>(+23 for winning)\n|raw|VGCLTH Carrots's rating: 1761 &rarr; <strong>1738<\/strong><br \/>(-23 for losing)\n|l|\u2606VGCLTH Carrots\n|player|p2|\n|l|\u2606juzgrda\n|player|p1|\n|j|\u2606VGCLTH Carrots\n|player|p2|VGCLTH Carrots|101|\n|j| magicalarcher57\n|l| magicalarcher57\n|n| CarrotsAreVeryPog|vgclthcarrots\n|l| Kal0sunleashed\n","uploadtime":1731664752,"views":19,"formatid":"gen9vgc2024regh","rating":1731,"private":0,"password":null}