{"id":"gen9vgc2024regh-2244461046","format":"[Gen 9] VGC 2024 Reg H","players":["vgclth elowyn","1212kkekrk"],"log":"|raw|<div class=\"broadcast-blue\"><strong>This battle is required to be public due to a player having a name starting with 'vgclth'.<\/div>\n|j|\u2606vgclth elowyn\n|j|\u26061212kkekrk\n|t:|1731685790\n|gametype|doubles\n|player|p1|vgclth elowyn|170|1740\n|player|p2|1212kkekrk|101|1689\n|teamsize|p1|6\n|teamsize|p2|6\n|gen|9\n|tier|[Gen 9] VGC 2024 Reg H\n|rated|\n|rule|Species Clause: Limit one of each Pok\u00e9mon\n|rule|Item Clause: Limit 1 of each item\n|clearpoke\n|poke|p1|Chandelure, L50, M|\n|poke|p1|Sylveon, L50, M|\n|poke|p1|Talonflame, L50, F|\n|poke|p1|Dragapult, L50, F|\n|poke|p1|Electabuzz, L50, M|\n|poke|p1|Decidueye-Hisui, L50, M|\n|poke|p2|Armarouge, L50, M|\n|poke|p2|Indeedee-F, L50, F|\n|poke|p2|Garchomp, L50, M|\n|poke|p2|Weezing-Galar, L50, M|\n|poke|p2|Maushold-Four, L50|\n|poke|p2|Annihilape, L50, F|\n|teampreview|4\n|\n|t:|1731685829\n|start\n|switch|p1a: Ampere|Electabuzz, L50, M|100\/100\n|switch|p1b: Soullight|Chandelure, L50, M|100\/100\n|switch|p2a: Indeedee|Indeedee-F, L50, F|100\/100\n|switch|p2b: Armarouge|Armarouge, L50, M|100\/100\n|-fieldstart|move: Psychic Terrain|[from] ability: Psychic Surge|[of] p2a: Indeedee\n|turn|1\n|inactive|Battle timer is ON: inactive players will automatically lose when time's up. (requested by 1212kkekrk)\n|\n|t:|1731685840\n|-terastallize|p1b: Soullight|Dark\n|move|p2a: Indeedee|Follow Me|p2a: Indeedee\n|-singleturn|p2a: Indeedee|move: Follow Me\n|move|p1b: Soullight|Imprison|p1b: Soullight\n|-start|p1b: Soullight|move: Imprison\n|move|p1a: Ampere|Taunt|p2a: Indeedee\n|-start|p2a: Indeedee|move: Taunt\n|move|p2b: Armarouge|Expanding Force|p1b: Soullight|[spread] p1a\n|-immune|p1b: Soullight\n|-damage|p1a: Ampere|31\/100\n|-damage|p2b: Armarouge|91\/100|[from] item: Life Orb\n|\n|upkeep\n|turn|2\n|\n|t:|1731685853\n|switch|p2a: Garchomp|Garchomp, L50, M|100\/100\n|switch|p2b: Weezing|Weezing-Galar, L50, M|100\/100\n|-ability|p2b: Weezing|Neutralizing Gas\n|move|p1b: Soullight|Shadow Ball|p2b: Weezing\n|-damage|p2b: Weezing|34\/100\n|-enditem|p2b: Weezing|Sitrus Berry|[eat]\n|-heal|p2b: Weezing|59\/100|[from] item: Sitrus Berry\n|move|p1a: Ampere|Taunt|p2b: Weezing\n|-start|p2b: Weezing|move: Taunt\n|\n|upkeep\n|turn|3\n|j| VGCLTH Carrots\n|j| sasol\n|c| VGCLTH Carrots|:0\n|j| Furret the heretic\n|c| VGCLTH Carrots|insert im proud of you\n|inactive|vgclth elowyn has 30 seconds left.\n|c| VGCLTH Carrots|this seems like a relatively honest team\n|inactive|vgclth elowyn has 20 seconds left.\n|\n|t:|1731685889\n|move|p2a: Garchomp|Stomping Tantrum|p1a: Ampere\n|-supereffective|p1a: Ampere\n|-damage|p1a: Ampere|0 fnt\n|faint|p1a: Ampere\n|move|p1b: Soullight|Shadow Ball|p2b: Weezing\n|-damage|p2b: Weezing|0 fnt\n|faint|p2b: Weezing\n|-end|p2b: Weezing|ability: Neutralizing Gas\n|\n|upkeep\n|\n|t:|1731685904\n|switch|p1a: Turning|Dragapult, L50, F|100\/100\n|switch|p2b: Indeedee|Indeedee-F, L50, F|100\/100\n|turn|4\n|c|\u2606vgclth elowyn|It's my gc 2 tteam\n|c| VGCLTH Carrots|interesting\n|\n|t:|1731685918\n|-terastallize|p2b: Indeedee|Fairy\n|move|p2b: Indeedee|Follow Me|p2b: Indeedee\n|-singleturn|p2b: Indeedee|move: Follow Me\n|move|p2a: Garchomp|Stomping Tantrum|p1b: Soullight\n|-damage|p1b: Soullight|40\/100\n|move|p1a: Turning|Dragon Darts|p2b: Indeedee\n|-immune|p2b: Indeedee\n|move|p1b: Soullight|Heat Wave|p2b: Indeedee|[spread] p2a,p2b\n|-resisted|p2a: Garchomp\n|-damage|p2a: Garchomp|75\/100\n|-damage|p2b: Indeedee|58\/100\n|-status|p2a: Garchomp|brn\n|\n|-damage|p2a: Garchomp|69\/100 brn|[from] brn\n|upkeep\n|turn|5\n|\n|t:|1731685940\n|move|p2b: Indeedee|Follow Me|p2b: Indeedee\n|-singleturn|p2b: Indeedee|move: Follow Me\n|move|p2a: Garchomp|Stomping Tantrum|p1b: Soullight\n|-damage|p1b: Soullight|13\/100\n|move|p1a: Turning|Dragon Darts|p2b: Indeedee\n|-immune|p2b: Indeedee\n|move|p1b: Soullight|Heat Wave|p2a: Garchomp|[spread] p2a,p2b\n|-resisted|p2a: Garchomp\n|-damage|p2a: Garchomp|44\/100 brn\n|-damage|p2b: Indeedee|13\/100\n|\n|-damage|p2a: Garchomp|38\/100 brn|[from] brn\n|-fieldend|move: Psychic Terrain\n|upkeep\n|turn|6\n|\n|t:|1731685952\n|switch|p1b: Moonlight|Sylveon, L50, M|100\/100\n|move|p2b: Indeedee|Follow Me|p2b: Indeedee\n|-singleturn|p2b: Indeedee|move: Follow Me\n|move|p2a: Garchomp|Stomping Tantrum|p1b: Moonlight\n|-damage|p1b: Moonlight|70\/100\n|move|p1a: Turning|Dragon Darts|p2b: Indeedee\n|-immune|p2b: Indeedee\n|\n|-damage|p2a: Garchomp|32\/100 brn|[from] brn\n|upkeep\n|turn|7\n|-message|1212kkekrk forfeited.\n|\n|win|vgclth elowyn\n|raw|vgclth elowyn's rating: 1740 &rarr; <strong>1757<\/strong><br \/>(+17 for winning)\n|raw|1212kkekrk's rating: 1689 &rarr; <strong>1672<\/strong><br \/>(-17 for losing)\n|l|\u26061212kkekrk\n|player|p2|\n|l| sasol\n|l| Furret the heretic\n","uploadtime":1731686114,"views":11,"formatid":"gen9vgc2024regh","rating":1672,"private":0,"password":null}