{"id":"gen9vgc2024regh-2244578778","format":"[Gen 9] VGC 2024 Reg H","players":["Zordor","VGCLTH Rishi"],"log":"|j|\u2606Zordor\n|j|\u2606VGCLTH Rishi\n|t:|1731697411\n|gametype|doubles\n|player|p1|Zordor|pilot|1788\n|player|p2|VGCLTH Rishi|shauntal|1782\n|teamsize|p1|6\n|teamsize|p2|6\n|gen|9\n|tier|[Gen 9] VGC 2024 Reg H\n|rated|\n|rule|Species Clause: Limit one of each Pok\u00e9mon\n|rule|Item Clause: Limit 1 of each item\n|clearpoke\n|poke|p1|Rotom-Wash, L50|\n|poke|p1|Sneasler, L50, M|\n|poke|p1|Armarouge, L50, M|\n|poke|p1|Venusaur, L50, M|\n|poke|p1|Hydreigon, L50, M|\n|poke|p1|Dragonite, L50, F|\n|poke|p2|Kommo-o, L50, M|\n|poke|p2|Rillaboom, L50, M|\n|poke|p2|Tyranitar, L50, M|\n|poke|p2|Talonflame, L50, M|\n|poke|p2|Gholdengo, L50|\n|poke|p2|Milotic, L50, M|\n|teampreview|4\n|\n|t:|1731697482\n|start\n|switch|p1a: Dragonite|Dragonite, L50, F|100\/100\n|switch|p1b: Sneasler|Sneasler, L50, M|100\/100\n|switch|p2a: Milotic|Milotic, L50, M|100\/100\n|switch|p2b: Rillaboom|Rillaboom, L50, M, shiny|100\/100\n|-fieldstart|move: Grassy Terrain|[from] ability: Grassy Surge|[of] p2b: Rillaboom\n|turn|1\n|inactive|Battle timer is ON: inactive players will automatically lose when time's up. (requested by VGCLTH Rishi)\n|inactive|VGCLTH Rishi has 60 seconds left.\n|j| AlabamaChristian\n|inactive|VGCLTH Rishi has 30 seconds left.\n|inactive|VGCLTH Rishi has 20 seconds left.\n|inactive|VGCLTH Rishi has 15 seconds left.\n|inactive|VGCLTH Rishi has 10 seconds left.\n|\n|t:|1731697566\n|move|p2b: Rillaboom|Fake Out|p1b: Sneasler\n|-damage|p1b: Sneasler|78\/100\n|cant|p1b: Sneasler|flinch\n|move|p1a: Dragonite|Ice Spinner|p2b: Rillaboom\n|-supereffective|p2b: Rillaboom\n|-damage|p2b: Rillaboom|43\/100\n|-fieldend|move: Grassy Terrain\n|move|p2a: Milotic|Ice Beam|p1a: Dragonite\n|-supereffective|p1a: Dragonite\n|-damage|p1a: Dragonite|32\/100\n|\n|upkeep\n|turn|2\n|inactive|VGCLTH Rishi has 30 seconds left.\n|\n|t:|1731697598\n|move|p2b: Rillaboom|Protect|p2b: Rillaboom\n|-singleturn|p2b: Rillaboom|Protect\n|move|p1b: Sneasler|Dire Claw|p2a: Milotic\n|-damage|p2a: Milotic|64\/100\n|move|p1a: Dragonite|Dragon Claw|p2a: Milotic\n|-damage|p2a: Milotic|22\/100\n|-enditem|p2a: Milotic|Sitrus Berry|[eat]\n|-heal|p2a: Milotic|47\/100|[from] item: Sitrus Berry\n|move|p2a: Milotic|Ice Beam|p1a: Dragonite\n|-supereffective|p1a: Dragonite\n|-damage|p1a: Dragonite|0 fnt\n|faint|p1a: Dragonite\n|\n|upkeep\n|\n|t:|1731697619\n|switch|p1a: Armarouge|Armarouge, L50, M|100\/100\n|turn|3\n|inactive|VGCLTH Rishi has 30 seconds left.\n|\n|t:|1731697648\n|move|p1b: Sneasler|Dire Claw|p2b: Rillaboom\n|-supereffective|p2b: Rillaboom\n|-damage|p2b: Rillaboom|0 fnt\n|faint|p2b: Rillaboom\n|move|p1a: Armarouge|Meteor Beam||[still]\n|-prepare|p1a: Armarouge|Meteor Beam\n|-boost|p1a: Armarouge|spa|1\n|-enditem|p1a: Armarouge|Power Herb\n|-anim|p1a: Armarouge|Meteor Beam|p2a: Milotic\n|-damage|p2a: Milotic|5\/100\n|move|p2a: Milotic|Scald|p1a: Armarouge\n|-supereffective|p1a: Armarouge\n|-damage|p1a: Armarouge|21\/100\n|\n|upkeep\n|\n|t:|1731697660\n|switch|p2b: Tyranitar|Tyranitar, L50, M|100\/100\n|-weather|Sandstorm|[from] ability: Sand Stream|[of] p2b: Tyranitar\n|turn|4\n|\n|t:|1731697676\n|-terastallize|p2b: Tyranitar|Flying\n|move|p1b: Sneasler|Close Combat|p2b: Tyranitar\n|-resisted|p2b: Tyranitar\n|-damage|p2b: Tyranitar|76\/100\n|-unboost|p1b: Sneasler|def|1\n|-unboost|p1b: Sneasler|spd|1\n|move|p1a: Armarouge|Heat Wave|p2b: Tyranitar|[spread] p2a\n|-miss|p1a: Armarouge|p2b: Tyranitar\n|-resisted|p2a: Milotic\n|-damage|p2a: Milotic|0 fnt\n|faint|p2a: Milotic\n|move|p2b: Tyranitar|Rock Slide|p1b: Sneasler|[spread] p1b\n|-miss|p2b: Tyranitar|p1a: Armarouge\n|-resisted|p1b: Sneasler\n|-damage|p1b: Sneasler|45\/100\n|\n|-weather|Sandstorm|[upkeep]\n|-damage|p1b: Sneasler|39\/100|[from] Sandstorm\n|-damage|p1a: Armarouge|15\/100|[from] Sandstorm\n|-damage|p2b: Tyranitar|70\/100|[from] Sandstorm\n|upkeep\n|\n|t:|1731697690\n|switch|p2a: Gholdengo|Gholdengo, L50|100\/100\n|turn|5\n|\n|t:|1731697701\n|move|p1b: Sneasler|Protect|p1b: Sneasler\n|-singleturn|p1b: Sneasler|Protect\n|move|p1a: Armarouge|Protect|p1a: Armarouge\n|-singleturn|p1a: Armarouge|Protect\n|move|p2a: Gholdengo|Make It Rain|p1a: Armarouge|[spread] \n|-activate|p1a: Armarouge|move: Protect\n|-activate|p1b: Sneasler|move: Protect\n|move|p2b: Tyranitar|Rock Slide|p1b: Sneasler|[spread] \n|-activate|p1a: Armarouge|move: Protect\n|-activate|p1b: Sneasler|move: Protect\n|\n|-weather|Sandstorm|[upkeep]\n|-damage|p1b: Sneasler|32\/100|[from] Sandstorm\n|-damage|p1a: Armarouge|9\/100|[from] Sandstorm\n|-damage|p2b: Tyranitar|64\/100|[from] Sandstorm\n|upkeep\n|turn|6\n|\n|t:|1731697710\n|move|p1b: Sneasler|Rock Tomb|p2a: Gholdengo\n|-resisted|p2a: Gholdengo\n|-damage|p2a: Gholdengo|89\/100\n|-unboost|p2a: Gholdengo|spe|1\n|move|p1a: Armarouge|Heat Wave|p2b: Tyranitar|[spread] p2a,p2b\n|-supereffective|p2a: Gholdengo\n|-damage|p2a: Gholdengo|0 fnt\n|-damage|p2b: Tyranitar|35\/100\n|faint|p2a: Gholdengo\n|move|p2b: Tyranitar|Rock Slide|p1a: Armarouge|[spread] p1a,p1b\n|-supereffective|p1a: Armarouge\n|-resisted|p1b: Sneasler\n|-damage|p1a: Armarouge|0 fnt\n|-damage|p1b: Sneasler|0 fnt\n|faint|p1a: Armarouge\n|faint|p1b: Sneasler\n|\n|-weather|Sandstorm|[upkeep]\n|-damage|p2b: Tyranitar|29\/100|[from] Sandstorm\n|upkeep\n|j| Fancy Cucudrula\n|\n|t:|1731697725\n|switch|p1b: Venusaur|Venusaur, L50, M|100\/100\n|turn|7\n|\n|t:|1731697728\n|move|p1b: Venusaur|Protect|p1b: Venusaur\n|-singleturn|p1b: Venusaur|Protect\n|move|p2b: Tyranitar|Tera Blast|p1b: Venusaur|[anim] Tera Blast Flying\n|-activate|p1b: Venusaur|move: Protect\n|\n|-weather|Sandstorm|[upkeep]\n|-damage|p1b: Venusaur|94\/100|[from] Sandstorm\n|-damage|p2b: Tyranitar|23\/100|[from] Sandstorm\n|-heal|p1b: Venusaur|100\/100|[from] item: Leftovers\n|upkeep\n|turn|8\n|\n|t:|1731697733\n|-terastallize|p1b: Venusaur|Steel\n|move|p1b: Venusaur|Sludge Bomb|p2b: Tyranitar\n|-damage|p2b: Tyranitar|0 fnt\n|faint|p2b: Tyranitar\n|\n|win|Zordor\n|raw|Zordor's rating: 1788 &rarr; <strong>1808<\/strong><br \/>(+20 for winning)\n|raw|VGCLTH Rishi's rating: 1782 &rarr; <strong>1762<\/strong><br \/>(-20 for losing)\n|l|\u2606VGCLTH Rishi\n|player|p2|\n|l| AlabamaChristian\n|l| Fancy Cucudrula\n","uploadtime":1731697745,"views":14,"formatid":"gen9vgc2024regh","rating":1762,"private":0,"password":null}