{"id":"gen9vgc2024regh-2244001099","format":"[Gen 9] VGC 2024 Reg H","players":["VGCLTH fangame10","Regibagel"],"log":"|raw|<div class=\"broadcast-blue\"><strong>This battle is required to be public due to a player having a name starting with 'vgclth'.<\/div>\n|j|\u2606VGCLTH fangame10\n|j|\u2606Regibagel\n|t:|1731619894\n|gametype|doubles\n|player|p1|VGCLTH fangame10|red|1738\n|player|p2|Regibagel|102|1697\n|teamsize|p1|6\n|teamsize|p2|6\n|gen|9\n|tier|[Gen 9] VGC 2024 Reg H\n|rated|\n|rule|Species Clause: Limit one of each Pok\u00e9mon\n|rule|Item Clause: Limit 1 of each item\n|clearpoke\n|poke|p1|Glaceon, L50, F|\n|poke|p1|Ninetales-Alola, L50, F|\n|poke|p1|Milotic, L50, M|\n|poke|p1|Skeledirge, L50, M|\n|poke|p1|Ursaluna-Bloodmoon, L50, M|\n|poke|p1|Annihilape, L50, M|\n|poke|p2|Murkrow, L50, F|\n|poke|p2|Basculegion, L50, M|\n|poke|p2|Gholdengo, L50|\n|poke|p2|Pawmot, L50, F|\n|poke|p2|Farigiraf, L50, M|\n|poke|p2|Kommo-o, L50, F|\n|teampreview|4\n|inactive|Battle timer is ON: inactive players will automatically lose when time's up. (requested by VGCLTH fangame10)\n|inactive|Regibagel has 60 seconds left.\n|inactive|Regibagel has 30 seconds left.\n|\n|t:|1731619963\n|start\n|switch|p1a: Milotic|Milotic, L50, M, shiny|100\/100\n|switch|p1b: Annihilape|Annihilape, L50, M, shiny|100\/100\n|switch|p2a: Murkrow|Murkrow, L50, F, shiny|100\/100\n|switch|p2b: Kommo-o|Kommo-o, L50, F|100\/100\n|turn|1\n|inactive|Regibagel has 30 seconds left.\n|inactive|Regibagel has 20 seconds left.\n|\n|t:|1731619998\n|move|p2a: Murkrow|Tailwind|p2a: Murkrow\n|-sidestart|p2: Regibagel|move: Tailwind\n|move|p2b: Kommo-o|Clanging Scales|p1b: Annihilape|[spread] p1a,p1b\n|-damage|p1a: Milotic|66\/100\n|-damage|p1b: Annihilape|54\/100\n|-unboost|p2b: Kommo-o|def|1\n|-damage|p2b: Kommo-o|91\/100|[from] item: Life Orb\n|move|p1b: Annihilape|Bulk Up|p1b: Annihilape\n|-boost|p1b: Annihilape|atk|1\n|-boost|p1b: Annihilape|def|1\n|move|p1a: Milotic|Hypnosis|p2b: Kommo-o\n|-status|p2b: Kommo-o|slp|[from] move: Hypnosis\n|\n|-heal|p1b: Annihilape|60\/100|[from] item: Leftovers\n|upkeep\n|turn|2\n|inactive|Regibagel has 30 seconds left.\n|\n|t:|1731620028\n|-terastallize|p1b: Annihilape|Electric\n|move|p2a: Murkrow|Haze|p2a: Murkrow\n|-clearallboost\n|cant|p2b: Kommo-o|slp\n|move|p1b: Annihilape|Drain Punch|p2b: Kommo-o\n|-damage|p2b: Kommo-o|63\/100 slp\n|-heal|p1b: Annihilape|70\/100|[from] drain|[of] p2b: Kommo-o\n|move|p1a: Milotic|Life Dew|p1a: Milotic|[spread] p1a,p1b\n|-heal|p1a: Milotic|91\/100\n|-heal|p1b: Annihilape|95\/100\n|\n|-heal|p1b: Annihilape|100\/100|[from] item: Leftovers\n|upkeep\n|turn|3\n|inactive|Regibagel has 30 seconds left.\n|inactive|VGCLTH fangame10 has 30 seconds left.\n|inactive|Regibagel has 20 seconds left.\n|\n|t:|1731620070\n|-curestatus|p2b: Kommo-o|slp|[msg]\n|move|p2b: Kommo-o|Clanging Scales|p1b: Annihilape|[spread] p1a,p1b\n|-damage|p1a: Milotic|59\/100\n|-damage|p1b: Annihilape|57\/100\n|-unboost|p2b: Kommo-o|def|1\n|-damage|p2b: Kommo-o|53\/100|[from] item: Life Orb\n|move|p2a: Murkrow|Brave Bird|p1a: Milotic\n|-damage|p1a: Milotic|7\/100\n|-enditem|p1a: Milotic|Sitrus Berry|[eat]\n|-heal|p1a: Milotic|32\/100|[from] item: Sitrus Berry\n|-damage|p2a: Murkrow|80\/100|[from] Recoil\n|move|p1b: Annihilape|Drain Punch|p2b: Kommo-o\n|-damage|p2b: Kommo-o|8\/100\n|-heal|p1b: Annihilape|73\/100|[from] drain|[of] p2b: Kommo-o\n|move|p1a: Milotic|Hypnosis|p2a: Murkrow\n|-status|p2a: Murkrow|slp|[from] move: Hypnosis\n|\n|-heal|p1b: Annihilape|79\/100|[from] item: Leftovers\n|upkeep\n|turn|4\n|inactive|VGCLTH fangame10 has 30 seconds left.\n|inactive|Regibagel has 30 seconds left.\n|inactive|Regibagel has 20 seconds left.\n|\n|t:|1731620110\n|cant|p2a: Murkrow|slp\n|move|p2b: Kommo-o|Clanging Scales|p1b: Annihilape|[spread] p1a,p1b\n|-damage|p1a: Milotic|0 fnt\n|-damage|p1b: Annihilape|33\/100\n|faint|p1a: Milotic\n|-unboost|p2b: Kommo-o|def|1\n|-damage|p2b: Kommo-o|0 fnt|[from] item: Life Orb\n|faint|p2b: Kommo-o\n|move|p1b: Annihilape|Bulk Up|p1b: Annihilape\n|-boost|p1b: Annihilape|atk|1\n|-boost|p1b: Annihilape|def|1\n|\n|-heal|p1b: Annihilape|39\/100|[from] item: Leftovers\n|-sideend|p2: Regibagel|move: Tailwind\n|upkeep\n|\n|t:|1731620133\n|switch|p2b: Pawmot|Pawmot, L50, F, shiny|100\/100\n|switch|p1a: Ninetales|Ninetales-Alola, L50, F, shiny|100\/100\n|-weather|Snow|[from] ability: Snow Warning|[of] p1a: Ninetales\n|turn|5\n|inactive|Regibagel has 30 seconds left.\n|\n|t:|1731620168\n|move|p2b: Pawmot|Fake Out|p1b: Annihilape\n|-damage|p1b: Annihilape|30\/100\n|cant|p2a: Murkrow|slp\n|move|p1a: Ninetales|Blizzard|p2a: Murkrow|[spread] p2a,p2b\n|-supereffective|p2a: Murkrow\n|-damage|p2a: Murkrow|13\/100 slp\n|-damage|p2b: Pawmot|45\/100\n|cant|p1b: Annihilape|flinch\n|\n|-weather|Snow|[upkeep]\n|-heal|p1b: Annihilape|36\/100|[from] item: Leftovers\n|upkeep\n|turn|6\n|\n|t:|1731620189\n|cant|p2a: Murkrow|slp\n|move|p1a: Ninetales|Aurora Veil|p1a: Ninetales\n|-sidestart|p1: VGCLTH fangame10|move: Aurora Veil\n|move|p2b: Pawmot|Revival Blessing|p2b: Pawmot\n|\n|t:|1731620195\n|-heal|p2: Kommo-o|50\/100|[from] move: Revival Blessing\n|move|p1b: Annihilape|Drain Punch|p2a: Murkrow\n|-damage|p2a: Murkrow|0 fnt\n|-heal|p1b: Annihilape|41\/100|[from] drain|[of] p2a: Murkrow\n|faint|p2a: Murkrow\n|\n|-weather|Snow|[upkeep]\n|-heal|p1b: Annihilape|47\/100|[from] item: Leftovers\n|upkeep\n|\n|t:|1731620207\n|switch|p2a: Kommo-o|Kommo-o, L50, F|50\/100\n|turn|7\n|inactive|Regibagel has 30 seconds left.\n|\n|t:|1731620235\n|-terastallize|p2a: Kommo-o|Steel\n|move|p1a: Ninetales|Blizzard|p2b: Pawmot|[spread] p2a,p2b\n|-resisted|p2a: Kommo-o\n|-damage|p2a: Kommo-o|34\/100\n|-damage|p2b: Pawmot|0 fnt\n|faint|p2b: Pawmot\n|move|p1b: Annihilape|Rage Fist|p2a: Kommo-o\n|-damage|p2a: Kommo-o|0 fnt\n|faint|p2a: Kommo-o\n|\n|-weather|Snow|[upkeep]\n|-heal|p1b: Annihilape|53\/100|[from] item: Leftovers\n|upkeep\n|-message|Regibagel forfeited.\n|\n|win|VGCLTH fangame10\n|raw|VGCLTH fangame10's rating: 1738 &rarr; <strong>1756<\/strong><br \/>(+18 for winning)\n|raw|Regibagel's rating: 1697 &rarr; <strong>1679<\/strong><br \/>(-18 for losing)\n|l|\u2606VGCLTH fangame10\n|player|p1|\n|l|\u2606Regibagel\n|player|p2|\n","uploadtime":1731620410,"views":21,"formatid":"gen9vgc2024regh","rating":1679,"private":0,"password":null}