{"id":"gen9vgc2024regh-2244774662","format":"[Gen 9] VGC 2024 Reg H","players":["finalkingambittcg","vgclth papaneth"],"log":"|raw|<div class=\"broadcast-blue\"><strong>This battle is required to be public due to a player having a name starting with 'vgclth'.<\/div>\n|j|\u203dfinalkingambittcg\n|j|\u2606vgclth papaneth\n|t:|1731720045\n|gametype|doubles\n|player|p1|finalkingambittcg|101|1798\n|player|p2|vgclth papaneth|rood|1681\n|teamsize|p1|6\n|teamsize|p2|6\n|gen|9\n|tier|[Gen 9] VGC 2024 Reg H\n|rated|\n|rule|Species Clause: Limit one of each Pok\u00e9mon\n|rule|Item Clause: Limit 1 of each item\n|clearpoke\n|poke|p1|Kingambit, L50, F|\n|poke|p1|Dragapult, L50, F|\n|poke|p1|Ursaluna-Bloodmoon, L50, M|\n|poke|p1|Annihilape, L50, M|\n|poke|p1|Blaziken, L50, F|\n|poke|p1|Gastrodon, L50, M|\n|poke|p2|Tyranitar, L50, M|\n|poke|p2|Gengar, L50, M|\n|poke|p2|Kommo-o, L50, M|\n|poke|p2|Rillaboom, L50, F|\n|poke|p2|Annihilape, L50, M|\n|poke|p2|Whimsicott, L50, M|\n|teampreview|4\n|inactive|Battle timer is ON: inactive players will automatically lose when time's up. (requested by vgclth papaneth)\n|\n|t:|1731720082\n|start\n|switch|p1a: Dragapult|Dragapult, L50, F|100\/100\n|switch|p1b: Ursaluna|Ursaluna-Bloodmoon, L50, M|100\/100\n|switch|p2a: Whimsicott|Whimsicott, L50, M|100\/100\n|switch|p2b: Kommo-o|Kommo-o, L50, M|100\/100\n|turn|1\n|\n|t:|1731720099\n|move|p2b: Kommo-o|Protect|p2b: Kommo-o\n|-singleturn|p2b: Kommo-o|Protect\n|move|p2a: Whimsicott|Tailwind|p2a: Whimsicott\n|-sidestart|p2: vgclth papaneth|move: Tailwind\n|move|p1a: Dragapult|Light Screen|p1a: Dragapult\n|-sidestart|p1: finalkingambittcg|move: Light Screen\n|move|p1b: Ursaluna|Blood Moon|p2b: Kommo-o\n|-activate|p2b: Kommo-o|move: Protect\n|\n|upkeep\n|turn|2\n|\n|t:|1731720114\n|switch|p1a: Annihilape|Annihilape, L50, M|100\/100\n|move|p2a: Whimsicott|Encore||[still]\n|-fail|p2a: Whimsicott\n|move|p2b: Kommo-o|Clanging Scales|p1a: Annihilape|[spread] p1a,p1b\n|-damage|p1a: Annihilape|78\/100\n|-damage|p1b: Ursaluna|78\/100\n|-unboost|p2b: Kommo-o|def|1\n|-damage|p2b: Kommo-o|91\/100|[from] item: Life Orb\n|move|p1b: Ursaluna|Earth Power|p2b: Kommo-o\n|-damage|p2b: Kommo-o|34\/100\n|\n|upkeep\n|turn|3\n|\n|t:|1731720129\n|move|p2a: Whimsicott|Moonblast|p1a: Annihilape\n|-supereffective|p1a: Annihilape\n|-damage|p1a: Annihilape|56\/100\n|move|p2b: Kommo-o|Aura Sphere|p1b: Ursaluna\n|-supereffective|p1b: Ursaluna\n|-damage|p1b: Ursaluna|40\/100\n|-damage|p2b: Kommo-o|24\/100|[from] item: Life Orb\n|move|p1a: Annihilape|Drain Punch|p2b: Kommo-o\n|-damage|p2b: Kommo-o|0 fnt\n|-heal|p1a: Annihilape|64\/100|[from] drain|[of] p2b: Kommo-o\n|faint|p2b: Kommo-o\n|move|p1b: Ursaluna|Blood Moon|p2a: Whimsicott\n|-damage|p2a: Whimsicott|12\/100\n|\n|upkeep\n|\n|t:|1731720135\n|switch|p2b: Rillaboom|Rillaboom, L50, F|100\/100\n|-fieldstart|move: Grassy Terrain|[from] ability: Grassy Surge|[of] p2b: Rillaboom\n|turn|4\n|\n|t:|1731720152\n|switch|p1b: Dragapult|Dragapult, L50, F|100\/100\n|-terastallize|p1a: Annihilape|Fire\n|move|p2a: Whimsicott|Encore|p1a: Annihilape\n|-start|p1a: Annihilape|Encore\n|move|p2b: Rillaboom|Wood Hammer|p1b: Dragapult\n|-resisted|p1b: Dragapult\n|-crit|p1b: Dragapult\n|-damage|p1b: Dragapult|0 fnt\n|faint|p1b: Dragapult\n|-damage|p2b: Rillaboom|64\/100|[from] Recoil\n|move|p1a: Annihilape|Drain Punch|p2a: Whimsicott\n|-resisted|p2a: Whimsicott\n|-damage|p2a: Whimsicott|0 fnt\n|-heal|p1a: Annihilape|68\/100|[from] drain|[of] p2a: Whimsicott\n|-damage|p1a: Annihilape|52\/100|[from] item: Rocky Helmet|[of] p2a: Whimsicott\n|faint|p2a: Whimsicott\n|\n|-heal|p2b: Rillaboom|70\/100|[from] Grassy Terrain\n|-heal|p1a: Annihilape|58\/100|[from] Grassy Terrain\n|-sideend|p2: vgclth papaneth|move: Tailwind\n|upkeep\n|\n|t:|1731720164\n|switch|p1b: Ursaluna|Ursaluna-Bloodmoon, L50, M|40\/100\n|switch|p2a: Annihilape|Annihilape, L50, M|100\/100\n|turn|5\n|\n|t:|1731720175\n|-terastallize|p2b: Rillaboom|Ghost\n|move|p2a: Annihilape|Close Combat|p1a: Annihilape\n|-damage|p1a: Annihilape|15\/100\n|-unboost|p2a: Annihilape|def|1\n|-unboost|p2a: Annihilape|spd|1\n|-enditem|p1a: Annihilape|Sitrus Berry|[eat]\n|-heal|p1a: Annihilape|40\/100|[from] item: Sitrus Berry\n|move|p2b: Rillaboom|Wood Hammer|p1b: Ursaluna\n|-supereffective|p1b: Ursaluna\n|-damage|p1b: Ursaluna|0 fnt\n|faint|p1b: Ursaluna\n|-damage|p2b: Rillaboom|55\/100|[from] Recoil\n|move|p1a: Annihilape|Drain Punch|p2b: Rillaboom\n|-immune|p2b: Rillaboom\n|\n|-heal|p2b: Rillaboom|61\/100|[from] Grassy Terrain\n|-heal|p1a: Annihilape|46\/100|[from] Grassy Terrain\n|upkeep\n|\n|t:|1731720182\n|switch|p1b: Kingambit|Kingambit, L50, F|100\/100\n|-activate|p1b: Kingambit|ability: Supreme Overlord\n|-start|p1b: Kingambit|fallen2|[silent]\n|turn|6\n|\n|t:|1731720191\n|move|p1b: Kingambit|Protect|p1b: Kingambit\n|-singleturn|p1b: Kingambit|Protect\n|move|p2a: Annihilape|Close Combat|p1b: Kingambit\n|-activate|p1b: Kingambit|move: Protect\n|move|p2b: Rillaboom|Wood Hammer|p1a: Annihilape\n|-resisted|p1a: Annihilape\n|-damage|p1a: Annihilape|0 fnt\n|faint|p1a: Annihilape\n|-damage|p2b: Rillaboom|43\/100|[from] Recoil\n|\n|-heal|p2b: Rillaboom|49\/100|[from] Grassy Terrain\n|upkeep\n|turn|7\n|\n|t:|1731720196\n|move|p1b: Kingambit|Sucker Punch|p2a: Annihilape\n|-damage|p2a: Annihilape|8\/100\n|move|p2a: Annihilape|Close Combat|p1b: Kingambit\n|-supereffective|p1b: Kingambit\n|-damage|p1b: Kingambit|0 fnt\n|-unboost|p2a: Annihilape|def|1\n|-unboost|p2a: Annihilape|spd|1\n|faint|p1b: Kingambit\n|-end|p1b: Kingambit|fallen2|[silent]\n|\n|win|vgclth papaneth\n|raw|finalkingambittcg's rating: 1798 &rarr; <strong>1772<\/strong><br \/>(-26 for losing)\n|raw|vgclth papaneth's rating: 1681 &rarr; <strong>1707<\/strong><br \/>(+26 for winning)\n","uploadtime":1731720200,"views":11,"formatid":"gen9vgc2024regh","rating":1707,"private":0,"password":null}