{"id":"gen9vgc2024regh-2244479694","format":"[Gen 9] VGC 2024 Reg H","players":["VGCLTH Rishi","vgclth elowyn"],"log":"|j|\u2606VGCLTH Rishi\n|j|\u2606vgclth elowyn\n|t:|1731687679\n|gametype|doubles\n|player|p1|VGCLTH Rishi|shauntal|1820\n|player|p2|vgclth elowyn|170|1759\n|teamsize|p1|6\n|teamsize|p2|6\n|gen|9\n|tier|[Gen 9] VGC 2024 Reg H\n|rated|\n|rule|Species Clause: Limit one of each Pok\u00e9mon\n|rule|Item Clause: Limit 1 of each item\n|clearpoke\n|poke|p1|Kommo-o, L50, F|\n|poke|p1|Rillaboom, L50, F|\n|poke|p1|Tyranitar, L50, M|\n|poke|p1|Talonflame, L50, F|\n|poke|p1|Gholdengo, L50|\n|poke|p1|Milotic, L50, F|\n|poke|p2|Chandelure, L50, M|\n|poke|p2|Sylveon, L50, M|\n|poke|p2|Talonflame, L50, M|\n|poke|p2|Dragapult, L50, M|\n|poke|p2|Electabuzz, L50, M|\n|poke|p2|Decidueye-Hisui, L50, F|\n|teampreview|4\n|j| Furret the heretic\n|\n|t:|1731687736\n|start\n|switch|p1a: Rillaboom|Rillaboom, L50, F, shiny|100\/100\n|switch|p1b: Milotic|Milotic, L50, F|100\/100\n|switch|p2a: Ampere|Electabuzz, L50, M|100\/100\n|switch|p2b: Soullight|Chandelure, L50, M|100\/100\n|-fieldstart|move: Grassy Terrain|[from] ability: Grassy Surge|[of] p1a: Rillaboom\n|turn|1\n|\n|t:|1731687762\n|switch|p1a: Tyranitar|Tyranitar, L50, M|100\/100\n|-weather|Sandstorm|[from] ability: Sand Stream|[of] p1a: Tyranitar\n|move|p2a: Ampere|Follow Me|p2a: Ampere\n|-singleturn|p2a: Ampere|move: Follow Me\n|move|p1b: Milotic|Scald|p2a: Ampere\n|-damage|p2a: Ampere|72\/100\n|move|p2b: Soullight|Trick Room|p2b: Soullight\n|-fieldstart|move: Trick Room|[of] p2b: Soullight\n|\n|-weather|Sandstorm|[upkeep]\n|-damage|p1b: Milotic|95\/100|[from] Sandstorm\n|-damage|p2a: Ampere|66\/100|[from] Sandstorm\n|-damage|p2b: Soullight|95\/100|[from] Sandstorm\n|-heal|p1b: Milotic|100\/100|[from] Grassy Terrain\n|-heal|p2a: Ampere|72\/100|[from] Grassy Terrain\n|-heal|p2b: Soullight|100\/100|[from] Grassy Terrain\n|upkeep\n|turn|2\n|\n|t:|1731687786\n|move|p1a: Tyranitar|Knock Off|p2a: Ampere\n|-damage|p2a: Ampere|35\/100\n|-enditem|p2a: Ampere|Eviolite|[from] move: Knock Off|[of] p1a: Tyranitar\n|move|p1b: Milotic|Scald|p2a: Ampere\n|-damage|p2a: Ampere|0 fnt\n|faint|p2a: Ampere\n|move|p2b: Soullight|Shadow Ball|p1b: Milotic\n|-damage|p1b: Milotic|67\/100\n|\n|-weather|Sandstorm|[upkeep]\n|-damage|p1b: Milotic|61\/100|[from] Sandstorm\n|-damage|p2b: Soullight|95\/100|[from] Sandstorm\n|-heal|p1b: Milotic|67\/100|[from] Grassy Terrain\n|-heal|p2b: Soullight|100\/100|[from] Grassy Terrain\n|upkeep\n|\n|t:|1731687793\n|switch|p2a: Moonlight|Sylveon, L50, M|100\/100\n|turn|3\n|\n|t:|1731687815\n|switch|p2b: Sniper|Decidueye-Hisui, L50, F|100\/100\n|-terastallize|p2a: Moonlight|Fairy\n|move|p1a: Tyranitar|Rock Slide|p2a: Moonlight|[spread] p2a,p2b\n|-resisted|p2b: Sniper\n|-damage|p2a: Moonlight|54\/100\n|-damage|p2b: Sniper|82\/100\n|move|p1b: Milotic|Ice Beam|p2b: Sniper\n|-supereffective|p2b: Sniper\n|-damage|p2b: Sniper|29\/100\n|cant|p2a: Moonlight|flinch\n|\n|-weather|Sandstorm|[upkeep]\n|-damage|p2b: Sniper|23\/100|[from] Sandstorm\n|-damage|p1b: Milotic|61\/100|[from] Sandstorm\n|-damage|p2a: Moonlight|48\/100|[from] Sandstorm\n|-heal|p2b: Sniper|29\/100|[from] Grassy Terrain\n|-heal|p1b: Milotic|67\/100|[from] Grassy Terrain\n|-heal|p2a: Moonlight|54\/100|[from] Grassy Terrain\n|upkeep\n|turn|4\n|\n|t:|1731687838\n|move|p1b: Milotic|Protect|p1b: Milotic\n|-singleturn|p1b: Milotic|Protect\n|move|p1a: Tyranitar|Rock Slide|p2b: Sniper|[spread] p2a,p2b\n|-resisted|p2b: Sniper\n|-damage|p2a: Moonlight|6\/100\n|-damage|p2b: Sniper|11\/100\n|move|p2b: Sniper|Leaf Blade|p1b: Milotic\n|-activate|p1b: Milotic|move: Protect\n|move|p2a: Moonlight|Hyper Voice|p1b: Milotic|[spread] p1a\n|-activate|p1b: Milotic|move: Protect\n|-supereffective|p1a: Tyranitar\n|-damage|p1a: Tyranitar|36\/100\n|\n|-weather|Sandstorm|[upkeep]\n|-damage|p2b: Sniper|5\/100|[from] Sandstorm\n|-damage|p1b: Milotic|61\/100|[from] Sandstorm\n|-damage|p2a: Moonlight|0 fnt|[from] Sandstorm\n|faint|p2a: Moonlight\n|-heal|p1a: Tyranitar|42\/100|[from] Grassy Terrain\n|-heal|p2b: Sniper|11\/100|[from] Grassy Terrain\n|-heal|p1b: Milotic|67\/100|[from] Grassy Terrain\n|upkeep\n|\n|t:|1731687843\n|switch|p2a: Soullight|Chandelure, L50, M|100\/100\n|turn|5\n|-message|vgclth elowyn forfeited.\n|\n|win|VGCLTH Rishi\n|raw|VGCLTH Rishi's rating: 1820 &rarr; <strong>1837<\/strong><br \/>(+17 for winning)\n|raw|vgclth elowyn's rating: 1759 &rarr; <strong>1742<\/strong><br \/>(-17 for losing)\n|l|\u2606VGCLTH Rishi\n|player|p1|\n|j| Drogonix\n|l| Furret the heretic\n|l| Drogonix\n","uploadtime":1731688046,"views":21,"formatid":"gen9vgc2024regh","rating":1742,"private":0,"password":null}