{"id":"gen9vgc2024regh-2244919668","format":"[Gen 9] VGC 2024 Reg H","players":["VGCLTH Carrots","redgannetVGC"],"log":"|raw|<div class=\"broadcast-blue\"><strong>This battle is required to be public due to a player having a name starting with 'vgclth'.<\/div>\n|j|\u2606VGCLTH Carrots\n|j|\u2606redgannetVGC\n|t:|1731744492\n|gametype|doubles\n|player|p1|VGCLTH Carrots|266|1675\n|player|p2|redgannetVGC|marlon|1869\n|teamsize|p1|6\n|teamsize|p2|6\n|gen|9\n|tier|[Gen 9] VGC 2024 Reg H\n|rated|\n|rule|Species Clause: Limit one of each Pok\u00e9mon\n|rule|Item Clause: Limit 1 of each item\n|clearpoke\n|poke|p1|Rillaboom, L50, F|\n|poke|p1|Kingambit, L50, M|\n|poke|p1|Sneasler, L50, F|\n|poke|p1|Dragonite, L50, M|\n|poke|p1|Gastrodon, L50, F|\n|poke|p1|Ceruledge, L50, F|\n|poke|p2|Ninetales-Alola, L50, F|\n|poke|p2|Dragonite, L50, M|\n|poke|p2|Gholdengo, L50|\n|poke|p2|Magmar, L50, F|\n|poke|p2|Ursaluna-Bloodmoon, L50, M|\n|poke|p2|Annihilape, L50, F|\n|teampreview|4\n|j| Taismara zika\n|inactive|Battle timer is ON: inactive players will automatically lose when time's up. (requested by redgannetVGC)\n|c| Taismara zika|Go\n|c| Taismara zika|Play the game\n|c| Taismara zika|Now\n|\n|t:|1731744547\n|start\n|switch|p1a: Sneasler|Sneasler, L50, F|100\/100\n|switch|p1b: Dragonite|Dragonite, L50, M|100\/100\n|switch|p2a: Magmar|Magmar, L50, F|100\/100\n|switch|p2b: Annihilape|Annihilape, L50, F|100\/100\n|turn|1\n|l|\u2606VGCLTH Carrots\n|inactive|VGCLTH Carrots disconnected and has a minute to reconnect!\n|player|p1|\n|j|\u2606VGCLTH Carrots\n|inactive|VGCLTH Carrots reconnected and has 35 seconds left.\n|player|p1|VGCLTH Carrots|266|\n|inactive|VGCLTH Carrots has 30 seconds left.\n|\n|t:|1731744578\n|move|p1a: Sneasler|Coaching|p1b: Dragonite\n|-boost|p1b: Dragonite|atk|1\n|-boost|p1b: Dragonite|def|1\n|move|p2b: Annihilape|Bulk Up|p2b: Annihilape\n|-boost|p2b: Annihilape|atk|1\n|-boost|p2b: Annihilape|def|1\n|move|p1b: Dragonite|Scale Shot|p2a: Magmar\n|-damage|p2a: Magmar|83\/100\n|-damage|p2a: Magmar|65\/100\n|-damage|p2a: Magmar|49\/100\n|-damage|p2a: Magmar|31\/100\n|-damage|p2a: Magmar|16\/100\n|-hitcount|p2a: Magmar|5\n|-unboost|p1b: Dragonite|def|1\n|-boost|p1b: Dragonite|spe|1\n|move|p2a: Magmar|Clear Smog|p1b: Dragonite\n|-damage|p1b: Dragonite|94\/100\n|-clearboost|p1b: Dragonite\n|\n|upkeep\n|turn|2\n|inactive|redgannetVGC has 30 seconds left.\n|inactive|redgannetVGC has 20 seconds left.\n|inactive|redgannetVGC has 15 seconds left.\n|inactive|redgannetVGC has 10 seconds left.\n|\n|t:|1731744627\n|move|p2a: Magmar|Follow Me|p2a: Magmar\n|-singleturn|p2a: Magmar|move: Follow Me\n|move|p1a: Sneasler|Coaching|p1b: Dragonite\n|-boost|p1b: Dragonite|atk|1\n|-boost|p1b: Dragonite|def|1\n|move|p2b: Annihilape|Bulk Up|p2b: Annihilape\n|-boost|p2b: Annihilape|atk|1\n|-boost|p2b: Annihilape|def|1\n|move|p1b: Dragonite|Tera Blast|p2a: Magmar\n|-damage|p2a: Magmar|3\/100\n|\n|upkeep\n|turn|3\n|inactive|redgannetVGC has 30 seconds left.\n|inactive|redgannetVGC has 20 seconds left.\n|\n|t:|1731744663\n|switch|p2a: Ninetales|Ninetales-Alola, L50, F|100\/100\n|-weather|Snow|[from] ability: Snow Warning|[of] p2a: Ninetales\n|move|p1a: Sneasler|Coaching|p1b: Dragonite\n|-boost|p1b: Dragonite|atk|1\n|-boost|p1b: Dragonite|def|1\n|move|p2b: Annihilape|Rage Fist|p1a: Sneasler\n|-damage|p1a: Sneasler|27\/100\n|move|p1b: Dragonite|Scale Shot|p2a: Ninetales\n|-immune|p2a: Ninetales\n|\n|-weather|Snow|[upkeep]\n|upkeep\n|turn|4\n|inactive|redgannetVGC has 30 seconds left.\n|j| supersnapz\n|\n|t:|1731744692\n|switch|p2a: Magmar|Magmar, L50, F|3\/100\n|-terastallize|p2b: Annihilape|Water\n|-terastallize|p1b: Dragonite|Ghost\n|move|p1a: Sneasler|Coaching|p1b: Dragonite\n|-boost|p1b: Dragonite|atk|1\n|-boost|p1b: Dragonite|def|1\n|move|p2b: Annihilape|Rage Fist|p1a: Sneasler\n|-damage|p1a: Sneasler|0 fnt\n|faint|p1a: Sneasler\n|move|p1b: Dragonite|Tera Blast|p2b: Annihilape|[anim] Tera Blast Ghost\n|-damage|p2b: Annihilape|37\/100\n|\n|-weather|Snow|[upkeep]\n|upkeep\n|\n|t:|1731744704\n|switch|p1a: Rillaboom|Rillaboom, L50, F|100\/100\n|-fieldstart|move: Grassy Terrain|[from] ability: Grassy Surge|[of] p1a: Rillaboom\n|turn|5\n|\n|t:|1731744717\n|move|p2b: Annihilape|Protect|p2b: Annihilape\n|-singleturn|p2b: Annihilape|Protect\n|move|p2a: Magmar|Protect|p2a: Magmar\n|-singleturn|p2a: Magmar|Protect\n|move|p1a: Rillaboom|Fake Out|p2b: Annihilape\n|-activate|p2b: Annihilape|move: Protect\n|move|p1b: Dragonite|Scale Shot|p2a: Magmar\n|-activate|p2a: Magmar|move: Protect\n|\n|-weather|Snow|[upkeep]\n|-heal|p2b: Annihilape|43\/100|[from] Grassy Terrain\n|-heal|p1b: Dragonite|99\/100|[from] Grassy Terrain\n|-heal|p2a: Magmar|9\/100|[from] Grassy Terrain\n|upkeep\n|turn|6\n|inactive|redgannetVGC has 30 seconds left.\n|\n|t:|1731744743\n|move|p1b: Dragonite|Protect|p1b: Dragonite\n|-singleturn|p1b: Dragonite|Protect\n|move|p2a: Magmar|Follow Me|p2a: Magmar\n|-singleturn|p2a: Magmar|move: Follow Me\n|move|p1a: Rillaboom|Grassy Glide|p2a: Magmar\n|-resisted|p2a: Magmar\n|-damage|p2a: Magmar|0 fnt\n|faint|p2a: Magmar\n|move|p2b: Annihilape|Rage Fist|p1b: Dragonite\n|-activate|p1b: Dragonite|move: Protect\n|\n|-weather|Snow|[upkeep]\n|-heal|p2b: Annihilape|49\/100|[from] Grassy Terrain\n|-heal|p1b: Dragonite|100\/100|[from] Grassy Terrain\n|upkeep\n|l| Taismara zika\n|\n|t:|1731744748\n|switch|p2a: Ninetales|Ninetales-Alola, L50, F|100\/100\n|turn|7\n|\n|t:|1731744759\n|move|p2b: Annihilape|Protect|p2b: Annihilape\n|-singleturn|p2b: Annihilape|Protect\n|move|p2a: Ninetales|Encore|p1b: Dragonite\n|-start|p1b: Dragonite|Encore\n|move|p1b: Dragonite|Protect||[still]\n|-fail|p1b: Dragonite\n|move|p1a: Rillaboom|Wood Hammer|p2b: Annihilape\n|-activate|p2b: Annihilape|move: Protect\n|\n|-weather|none\n|-heal|p2b: Annihilape|56\/100|[from] Grassy Terrain\n|upkeep\n|turn|8\n|\n|t:|1731744774\n|switch|p1a: Kingambit|Kingambit, L50, M|100\/100\n|move|p1b: Dragonite|Protect|p1b: Dragonite\n|-singleturn|p1b: Dragonite|Protect\n|move|p2a: Ninetales|Blizzard|p1a: Kingambit|[spread] p1a\n|-activate|p1b: Dragonite|move: Protect\n|-resisted|p1a: Kingambit\n|-crit|p1a: Kingambit\n|-damage|p1a: Kingambit|88\/100\n|move|p2b: Annihilape|Drain Punch|p1a: Kingambit\n|-supereffective|p1a: Kingambit\n|-damage|p1a: Kingambit|0 fnt\n|-heal|p2b: Annihilape|99\/100|[from] drain|[of] p1a: Kingambit\n|faint|p1a: Kingambit\n|\n|-heal|p2b: Annihilape|100\/100|[from] Grassy Terrain\n|upkeep\n|-message|VGCLTH Carrots forfeited.\n|\n|win|redgannetVGC\n|raw|VGCLTH Carrots's rating: 1675 &rarr; <strong>1665<\/strong><br \/>(-10 for losing)\n|raw|redgannetVGC's rating: 1869 &rarr; <strong>1879<\/strong><br \/>(+10 for winning)\n|l|\u2606VGCLTH Carrots\n|player|p1|\n|l| supersnapz\n|l|\u2606redgannetVGC\n|player|p2|\n","uploadtime":1731745050,"views":22,"formatid":"gen9vgc2024regh","rating":1665,"private":0,"password":null}