{"id":"gen9vgc2024regh-2244584763","format":"[Gen 9] VGC 2024 Reg H","players":["hikofg","VGCLTH Rishi"],"log":"|raw|<div class=\"broadcast-blue\"><strong>This battle is required to be public due to a player having a name starting with 'vgclth'.<\/div>\n|j|\u2606hikofg\n|j|\u2606VGCLTH Rishi\n|t:|1731697987\n|gametype|doubles\n|player|p1|hikofg|fisherman-gen4|1687\n|player|p2|VGCLTH Rishi|shauntal|1762\n|teamsize|p1|6\n|teamsize|p2|6\n|gen|9\n|tier|[Gen 9] VGC 2024 Reg H\n|rated|\n|rule|Species Clause: Limit one of each Pok\u00e9mon\n|rule|Item Clause: Limit 1 of each item\n|clearpoke\n|poke|p1|Dragonite, L50, M|\n|poke|p1|Tinkaton, L50, F|\n|poke|p1|Annihilape, L50, M|\n|poke|p1|Gastrodon-East, L50, F|\n|poke|p1|Rotom-Heat, L50|\n|poke|p1|Meowscarada, L50, F|\n|poke|p2|Kommo-o, L50, M|\n|poke|p2|Rillaboom, L50, M|\n|poke|p2|Tyranitar, L50, F|\n|poke|p2|Talonflame, L50, M|\n|poke|p2|Gholdengo, L50|\n|poke|p2|Milotic, L50, M|\n|teampreview|4\n|inactive|Battle timer is ON: inactive players will automatically lose when time's up. (requested by hikofg)\n|inactive|hikofg has 60 seconds left.\n|inactive|VGCLTH Rishi has 60 seconds left.\n|\n|t:|1731698032\n|start\n|switch|p1a: Annihilape|Annihilape, L50, M, shiny|100\/100\n|switch|p1b: Rotom|Rotom-Heat, L50|100\/100\n|switch|p2a: Rillaboom|Rillaboom, L50, M, shiny|100\/100\n|switch|p2b: Tyranitar|Tyranitar, L50, F|100\/100\n|-fieldstart|move: Grassy Terrain|[from] ability: Grassy Surge|[of] p2a: Rillaboom\n|-weather|Sandstorm|[from] ability: Sand Stream|[of] p2b: Tyranitar\n|turn|1\n|\n|t:|1731698057\n|switch|p1b: Tinkaton|Tinkaton, L50, F, shiny|100\/100\n|-ability|p1b: Tinkaton|Mold Breaker\n|switch|p2b: Talonflame|Talonflame, L50, M|100\/100\n|-terastallize|p1a: Annihilape|Electric\n|move|p2a: Rillaboom|Protect|p2a: Rillaboom\n|-singleturn|p2a: Rillaboom|Protect\n|move|p1a: Annihilape|Bulk Up|p1a: Annihilape\n|-boost|p1a: Annihilape|atk|1\n|-boost|p1a: Annihilape|def|1\n|\n|-weather|Sandstorm|[upkeep]\n|-damage|p2a: Rillaboom|94\/100|[from] Sandstorm\n|-heal|p2a: Rillaboom|100\/100|[from] Grassy Terrain\n|upkeep\n|turn|2\n|\n|t:|1731698075\n|-terastallize|p2b: Talonflame|Ghost\n|move|p1b: Tinkaton|Fake Out|p2b: Talonflame\n|-immune|p2b: Talonflame\n|move|p2b: Talonflame|Tailwind|p2b: Talonflame\n|-sidestart|p2: VGCLTH Rishi|move: Tailwind\n|move|p2a: Rillaboom|Wood Hammer|p1a: Annihilape\n|-damage|p1a: Annihilape|37\/100\n|-damage|p2a: Rillaboom|78\/100|[from] Recoil\n|move|p1a: Annihilape|Bulk Up|p1a: Annihilape\n|-boost|p1a: Annihilape|atk|1\n|-boost|p1a: Annihilape|def|1\n|\n|-weather|Sandstorm|[upkeep]\n|-damage|p2a: Rillaboom|72\/100|[from] Sandstorm\n|-heal|p2a: Rillaboom|78\/100|[from] Grassy Terrain\n|-heal|p1a: Annihilape|43\/100|[from] Grassy Terrain\n|upkeep\n|turn|3\n|\n|t:|1731698095\n|move|p1a: Annihilape|Protect|p1a: Annihilape\n|-singleturn|p1a: Annihilape|Protect\n|move|p2b: Talonflame|Flare Blitz|p1a: Annihilape\n|-activate|p1a: Annihilape|move: Protect\n|move|p2a: Rillaboom|Wood Hammer|p1a: Annihilape\n|-activate|p1a: Annihilape|move: Protect\n|move|p1b: Tinkaton|Knock Off|p2a: Rillaboom\n|-damage|p2a: Rillaboom|57\/100\n|-enditem|p2a: Rillaboom|Miracle Seed|[from] move: Knock Off|[of] p1b: Tinkaton\n|\n|-weather|Sandstorm|[upkeep]\n|-damage|p2a: Rillaboom|51\/100|[from] Sandstorm\n|-heal|p2a: Rillaboom|57\/100|[from] Grassy Terrain\n|-heal|p1a: Annihilape|49\/100|[from] Grassy Terrain\n|upkeep\n|turn|4\n|\n|t:|1731698111\n|move|p2b: Talonflame|Flare Blitz|p1a: Annihilape\n|-damage|p1a: Annihilape|32\/100\n|-damage|p2b: Talonflame|93\/100|[from] Recoil\n|move|p2a: Rillaboom|Wood Hammer|p1a: Annihilape\n|-damage|p1a: Annihilape|0 fnt\n|faint|p1a: Annihilape\n|-damage|p2a: Rillaboom|46\/100|[from] Recoil\n|move|p1b: Tinkaton|Gigaton Hammer|p2a: Rillaboom\n|-damage|p2a: Rillaboom|0 fnt\n|faint|p2a: Rillaboom\n|\n|-weather|Sandstorm|[upkeep]\n|-heal|p2b: Talonflame|99\/100|[from] Grassy Terrain\n|upkeep\n|j| vgclth souly\n|j| jdarcan\n|j| Fancy Cucudrula\n|\n|t:|1731698125\n|switch|p2a: Tyranitar|Tyranitar, L50, F|100\/100\n|switch|p1a: Dragonite|Dragonite, L50, M|100\/100\n|turn|5\n|\n|t:|1731698138\n|move|p2b: Talonflame|Flare Blitz|p1b: Tinkaton\n|-supereffective|p1b: Tinkaton\n|-damage|p1b: Tinkaton|27\/100\n|-damage|p2b: Talonflame|72\/100|[from] Recoil\n|move|p2a: Tyranitar|Rock Slide|p1a: Dragonite|[spread] p1a,p1b\n|-supereffective|p1a: Dragonite\n|-resisted|p1b: Tinkaton\n|-damage|p1a: Dragonite|68\/100\n|-damage|p1b: Tinkaton|12\/100\n|move|p1a: Dragonite|Scale Shot|p2b: Talonflame\n|-damage|p2b: Talonflame|57\/100\n|-crit|p2b: Talonflame\n|-damage|p2b: Talonflame|31\/100\n|-damage|p2b: Talonflame|13\/100\n|-damage|p2b: Talonflame|0 fnt\n|faint|p2b: Talonflame\n|-hitcount|p2: Talonflame|4\n|-unboost|p1a: Dragonite|def|1\n|-boost|p1a: Dragonite|spe|1\n|move|p1b: Tinkaton|Knock Off|p2a: Tyranitar\n|-resisted|p2a: Tyranitar\n|-damage|p2a: Tyranitar|91\/100\n|-enditem|p2a: Tyranitar|Assault Vest|[from] move: Knock Off|[of] p1b: Tinkaton\n|\n|-weather|none\n|-heal|p2a: Tyranitar|97\/100|[from] Grassy Terrain\n|-heal|p1b: Tinkaton|17\/100|[from] Grassy Terrain\n|-sideend|p2: VGCLTH Rishi|move: Tailwind\n|-fieldend|move: Grassy Terrain\n|upkeep\n|\n|t:|1731698148\n|switch|p2b: Gholdengo|Gholdengo, L50|100\/100\n|turn|6\n|\n|t:|1731698170\n|move|p1a: Dragonite|Stomping Tantrum|p2a: Tyranitar\n|-supereffective|p2a: Tyranitar\n|-damage|p2a: Tyranitar|51\/100\n|move|p2b: Gholdengo|Shadow Ball|p1b: Tinkaton\n|-damage|p1b: Tinkaton|0 fnt\n|faint|p1b: Tinkaton\n|move|p2a: Tyranitar|Rock Slide|p1a: Dragonite|[miss]\n|-miss|p2a: Tyranitar|p1a: Dragonite\n|\n|upkeep\n|\n|t:|1731698176\n|switch|p1b: Rotom|Rotom-Heat, L50|100\/100\n|turn|7\n|\n|t:|1731698190\n|move|p1a: Dragonite|Stomping Tantrum|p2a: Tyranitar\n|-supereffective|p2a: Tyranitar\n|-damage|p2a: Tyranitar|6\/100\n|move|p1b: Rotom|Thunderbolt|p2a: Tyranitar\n|-crit|p2a: Tyranitar\n|-damage|p2a: Tyranitar|0 fnt\n|faint|p2a: Tyranitar\n|move|p2b: Gholdengo|Shadow Ball|p1b: Rotom\n|-damage|p1b: Rotom|31\/100\n|-enditem|p1b: Rotom|Sitrus Berry|[eat]\n|-heal|p1b: Rotom|56\/100|[from] item: Sitrus Berry\n|\n|upkeep\n|turn|8\n|-message|VGCLTH Rishi forfeited.\n|\n|win|hikofg\n|raw|hikofg's rating: 1687 &rarr; <strong>1712<\/strong><br \/>(+25 for winning)\n|raw|VGCLTH Rishi's rating: 1776 &rarr; <strong>1751<\/strong><br \/>(-25 for losing)\n|l|\u2606VGCLTH Rishi\n|player|p2|\n|l|\u2606hikofg\n|player|p1|\n|l| vgclth souly\n|l| Fancy Cucudrula\n","uploadtime":1731698472,"views":20,"formatid":"gen9vgc2024regh","rating":1712,"private":0,"password":null}