{"id":"gen9vgc2024regh-2244219233","format":"[Gen 9] VGC 2024 Reg H","players":["VGCLTH NOTREALVGC","ImSoKanzenSaimin"],"log":"|raw|<div class=\"broadcast-blue\"><strong>This battle is required to be public due to a player having a name starting with 'vgclth'.<\/div>\n|j|\u2606VGCLTH NOTREALVGC\n|j|\u203dImSoKanzenSaimin\n|t:|1731648096\n|gametype|doubles\n|player|p1|VGCLTH NOTREALVGC|dawn|1735\n|player|p2|ImSoKanzenSaimin|ash|1752\n|teamsize|p1|6\n|teamsize|p2|6\n|gen|9\n|tier|[Gen 9] VGC 2024 Reg H\n|rated|\n|rule|Species Clause: Limit one of each Pok\u00e9mon\n|rule|Item Clause: Limit 1 of each item\n|clearpoke\n|poke|p1|Indeedee, L50, M|\n|poke|p1|Dondozo, L50, M|\n|poke|p1|Talonflame, L50, M|\n|poke|p1|Tatsugiri, L50, M|\n|poke|p1|Sneasler, L50, M|\n|poke|p1|Ursaluna-Bloodmoon, L50, M|\n|poke|p2|Ninetales, L50, M|\n|poke|p2|Venusaur, L50, M|\n|poke|p2|Incineroar, L50, M|\n|poke|p2|Rillaboom, L50, M|\n|poke|p2|Tatsugiri, L50, M|\n|poke|p2|Dondozo, L50, M|\n|teampreview|4\n|inactive|Battle timer is ON: inactive players will automatically lose when time's up. (requested by ImSoKanzenSaimin)\n|inactive|VGCLTH NOTREALVGC also wants the timer to be on.\nVGCLTH NOTREALVGC has agreed to open team sheets.\n|inactive|VGCLTH NOTREALVGC has 60 seconds left.\n|\n|t:|1731648152\n|start\n|switch|p1a: Indeedee|Indeedee, L50, M|100\/100\n|switch|p1b: Sneasler|Sneasler, L50, M|100\/100\n|switch|p2a: Ninetales|Ninetales, L50, M, shiny|100\/100\n|switch|p2b: Venusaur|Venusaur, L50, M|100\/100\n|-weather|SunnyDay|[from] ability: Drought|[of] p2a: Ninetales\n|-fieldstart|move: Psychic Terrain|[from] ability: Psychic Surge|[of] p1a: Indeedee\n|-enditem|p1b: Sneasler|Psychic Seed\n|-boost|p1b: Sneasler|spd|1|[from] item: Psychic Seed\n|turn|1\n|j| mr pogostick\n|\n|t:|1731648161\n|move|p1b: Sneasler|Dire Claw|p2b: Venusaur\n|-damage|p2b: Venusaur|33\/100\n|move|p2b: Venusaur|Sleep Powder|p1b: Sneasler\n|-status|p1b: Sneasler|slp|[from] move: Sleep Powder\n|move|p2a: Ninetales|Hypnosis|p1a: Indeedee\n|-status|p1a: Indeedee|slp|[from] move: Hypnosis\n|cant|p1a: Indeedee|slp\n|\n|-weather|SunnyDay|[upkeep]\n|upkeep\n|turn|2\n|\n|t:|1731648176\n|cant|p1b: Sneasler|slp\n|move|p2b: Venusaur|Sludge Bomb|p1a: Indeedee\n|-damage|p1a: Indeedee|38\/100 slp\n|move|p2a: Ninetales|Heat Wave|p1a: Indeedee|[spread] p1a,p1b\n|-damage|p1a: Indeedee|0 fnt\n|-damage|p1b: Sneasler|62\/100 slp\n|faint|p1a: Indeedee\n|\n|-weather|SunnyDay|[upkeep]\n|upkeep\n|\n|t:|1731648184\n|switch|p1a: Dondozo|Dondozo, L50, M|100\/100\n|turn|3\n|\n|t:|1731648191\n|move|p1a: Dondozo|Protect|p1a: Dondozo\n|-singleturn|p1a: Dondozo|Protect\n|cant|p1b: Sneasler|slp\n|move|p2b: Venusaur|Sleep Powder|p1a: Dondozo\n|-activate|p1a: Dondozo|move: Protect\n|move|p2a: Ninetales|Heat Wave|p1a: Dondozo|[spread] p1b\n|-activate|p1a: Dondozo|move: Protect\n|-damage|p1b: Sneasler|23\/100 slp\n|\n|-weather|SunnyDay|[upkeep]\n|upkeep\n|turn|4\n|\n|t:|1731648202\n|switch|p1b: Tatsugiri|Tatsugiri, L50, M|100\/100\n|-activate|p1b: Tatsugiri|ability: Commander|[of] p1a: Dondozo\n|-boost|p1a: Dondozo|atk|2\n|-boost|p1a: Dondozo|spa|2\n|-boost|p1a: Dondozo|spe|2\n|-boost|p1a: Dondozo|def|2\n|-boost|p1a: Dondozo|spd|2\n|switch|p2b: Tatsugiri|Tatsugiri, L50, M, shiny|100\/100\n|switch|p2a: Dondozo|Dondozo, L50, M, shiny|100\/100\n|-activate|p2b: Tatsugiri|ability: Commander|[of] p2a: Dondozo\n|-boost|p2a: Dondozo|atk|2\n|-boost|p2a: Dondozo|spa|2\n|-boost|p2a: Dondozo|spe|2\n|-boost|p2a: Dondozo|def|2\n|-boost|p2a: Dondozo|spd|2\n|-terastallize|p1a: Dondozo|Grass\n|move|p1a: Dondozo|Earthquake|p2a: Dondozo|[spread] p2a\n|-miss|p1a: Dondozo|p1b: Tatsugiri\n|-miss|p1a: Dondozo|p2b: Tatsugiri\n|-damage|p2a: Dondozo|86\/100\n|\n|-weather|SunnyDay|[upkeep]\n|-heal|p2a: Dondozo|93\/100|[from] item: Leftovers\n|upkeep\n|turn|5\n|\n|t:|1731648206\n|move|p1a: Dondozo|Order Up|p2a: Dondozo\n|-damage|p2a: Dondozo|76\/100\n|-boost|p1a: Dondozo|atk|1\n|move|p2a: Dondozo|Order Up|p1a: Dondozo\n|-damage|p1a: Dondozo|83\/100\n|-boost|p2a: Dondozo|atk|1\n|\n|-weather|none\n|-heal|p1a: Dondozo|89\/100|[from] item: Leftovers\n|-heal|p2a: Dondozo|82\/100|[from] item: Leftovers\n|-fieldend|move: Psychic Terrain\n|upkeep\n|turn|6\n|\n|t:|1731648209\n|move|p1a: Dondozo|Order Up|p2a: Dondozo\n|-damage|p2a: Dondozo|65\/100\n|-boost|p1a: Dondozo|atk|1\n|move|p2a: Dondozo|Order Up|p1a: Dondozo\n|-damage|p1a: Dondozo|73\/100\n|-boost|p2a: Dondozo|atk|1\n|\n|-heal|p1a: Dondozo|79\/100|[from] item: Leftovers\n|-heal|p2a: Dondozo|71\/100|[from] item: Leftovers\n|upkeep\n|turn|7\n|\n|t:|1731648211\n|move|p1a: Dondozo|Order Up|p2a: Dondozo\n|-damage|p2a: Dondozo|54\/100\n|-boost|p1a: Dondozo|atk|1\n|move|p2a: Dondozo|Order Up|p1a: Dondozo\n|-damage|p1a: Dondozo|63\/100\n|-boost|p2a: Dondozo|atk|1\n|\n|-heal|p1a: Dondozo|70\/100|[from] item: Leftovers\n|-heal|p2a: Dondozo|61\/100|[from] item: Leftovers\n|upkeep\n|turn|8\n|\n|t:|1731648215\n|move|p1a: Dondozo|Order Up|p2a: Dondozo\n|-damage|p2a: Dondozo|46\/100\n|-boost|p1a: Dondozo|atk|1\n|move|p2a: Dondozo|Order Up|p1a: Dondozo\n|-crit|p1a: Dondozo\n|-damage|p1a: Dondozo|44\/100\n|-boost|p2a: Dondozo|atk|1\n|\n|-heal|p1a: Dondozo|50\/100|[from] item: Leftovers\n|-heal|p2a: Dondozo|52\/100|[from] item: Leftovers\n|upkeep\n|turn|9\n|\n|t:|1731648217\n|move|p1a: Dondozo|Protect|p1a: Dondozo\n|-singleturn|p1a: Dondozo|Protect\n|move|p2a: Dondozo|Order Up|p1a: Dondozo\n|-activate|p1a: Dondozo|move: Protect\n|\n|-heal|p1a: Dondozo|57\/100|[from] item: Leftovers\n|-heal|p2a: Dondozo|58\/100|[from] item: Leftovers\n|upkeep\n|turn|10\n|\n|t:|1731648219\n|move|p1a: Dondozo|Order Up|p2a: Dondozo\n|-damage|p2a: Dondozo|41\/100\n|-boost|p1a: Dondozo|atk|0\n|move|p2a: Dondozo|Order Up|p1a: Dondozo\n|-damage|p1a: Dondozo|39\/100\n|-boost|p2a: Dondozo|atk|0\n|\n|-heal|p1a: Dondozo|45\/100|[from] item: Leftovers\n|-heal|p2a: Dondozo|47\/100|[from] item: Leftovers\n|upkeep\n|turn|11\n|\n|t:|1731648222\n|move|p1a: Dondozo|Protect|p1a: Dondozo\n|-singleturn|p1a: Dondozo|Protect\n|move|p2a: Dondozo|Order Up|p1a: Dondozo\n|-activate|p1a: Dondozo|move: Protect\n|\n|-heal|p1a: Dondozo|51\/100|[from] item: Leftovers\n|-heal|p2a: Dondozo|53\/100|[from] item: Leftovers\n|upkeep\n|turn|12\n|\n|t:|1731648223\n|move|p1a: Dondozo|Order Up|p2a: Dondozo\n|-damage|p2a: Dondozo|38\/100\n|-boost|p1a: Dondozo|atk|0\n|move|p2a: Dondozo|Order Up|p1a: Dondozo\n|-damage|p1a: Dondozo|32\/100\n|-boost|p2a: Dondozo|atk|0\n|\n|-heal|p1a: Dondozo|39\/100|[from] item: Leftovers\n|-heal|p2a: Dondozo|44\/100|[from] item: Leftovers\n|upkeep\n|turn|13\n|\n|t:|1731648225\n|move|p1a: Dondozo|Protect|p1a: Dondozo\n|-singleturn|p1a: Dondozo|Protect\n|move|p2a: Dondozo|Order Up|p1a: Dondozo\n|-activate|p1a: Dondozo|move: Protect\n|\n|-heal|p1a: Dondozo|45\/100|[from] item: Leftovers\n|-heal|p2a: Dondozo|50\/100|[from] item: Leftovers\n|upkeep\n|turn|14\n|\n|t:|1731648227\n|move|p1a: Dondozo|Order Up|p2a: Dondozo\n|-damage|p2a: Dondozo|35\/100\n|-boost|p1a: Dondozo|atk|0\n|move|p2a: Dondozo|Order Up|p1a: Dondozo\n|-damage|p1a: Dondozo|26\/100\n|-boost|p2a: Dondozo|atk|0\n|\n|-heal|p1a: Dondozo|32\/100|[from] item: Leftovers\n|-heal|p2a: Dondozo|41\/100|[from] item: Leftovers\n|upkeep\n|turn|15\n|\n|t:|1731648230\n|move|p1a: Dondozo|Protect|p1a: Dondozo\n|-singleturn|p1a: Dondozo|Protect\n|move|p2a: Dondozo|Order Up|p1a: Dondozo\n|-activate|p1a: Dondozo|move: Protect\n|\n|-heal|p1a: Dondozo|39\/100|[from] item: Leftovers\n|-heal|p2a: Dondozo|47\/100|[from] item: Leftovers\n|upkeep\n|turn|16\n|\n|t:|1731648232\n|move|p1a: Dondozo|Order Up|p2a: Dondozo\n|-damage|p2a: Dondozo|31\/100\n|-boost|p1a: Dondozo|atk|0\n|move|p2a: Dondozo|Order Up|p1a: Dondozo\n|-damage|p1a: Dondozo|21\/100\n|-boost|p2a: Dondozo|atk|0\n|\n|-heal|p1a: Dondozo|27\/100|[from] item: Leftovers\n|-heal|p2a: Dondozo|38\/100|[from] item: Leftovers\n|upkeep\n|turn|17\n|\n|t:|1731648234\n|move|p2a: Dondozo|Protect|p2a: Dondozo\n|-singleturn|p2a: Dondozo|Protect\n|move|p1a: Dondozo|Order Up|p2a: Dondozo\n|-activate|p2a: Dondozo|move: Protect\n|\n|-heal|p1a: Dondozo|34\/100|[from] item: Leftovers\n|-heal|p2a: Dondozo|44\/100|[from] item: Leftovers\n|upkeep\n|turn|18\n|\n|t:|1731648237\n|move|p1a: Dondozo|Protect|p1a: Dondozo\n|-singleturn|p1a: Dondozo|Protect\n|move|p2a: Dondozo|Wave Crash|p1a: Dondozo\n|-activate|p1a: Dondozo|move: Protect\n|\n|-heal|p1a: Dondozo|40\/100|[from] item: Leftovers\n|-heal|p2a: Dondozo|50\/100|[from] item: Leftovers\n|upkeep\n|turn|19\n|\n|t:|1731648240\n|move|p1a: Dondozo|Order Up|p2a: Dondozo\n|-damage|p2a: Dondozo|33\/100\n|-boost|p1a: Dondozo|atk|0\n|move|p2a: Dondozo|Wave Crash|p1a: Dondozo\n|-resisted|p1a: Dondozo\n|-crit|p1a: Dondozo\n|-damage|p1a: Dondozo|9\/100\n|-damage|p2a: Dondozo|23\/100|[from] Recoil\n|\n|-heal|p1a: Dondozo|16\/100|[from] item: Leftovers\n|-heal|p2a: Dondozo|29\/100|[from] item: Leftovers\n|upkeep\n|turn|20\n|c|\u2606VGCLTH NOTREALVGC|lol\n|\n|t:|1731648248\n|move|p1a: Dondozo|Wave Crash|p2a: Dondozo\n|-resisted|p2a: Dondozo\n|-damage|p2a: Dondozo|11\/100\n|-damage|p1a: Dondozo|10\/100|[from] Recoil\n|move|p2a: Dondozo|Wave Crash|p1a: Dondozo\n|-resisted|p1a: Dondozo\n|-damage|p1a: Dondozo|0 fnt\n|faint|p1a: Dondozo\n|-damage|p2a: Dondozo|8\/100|[from] Recoil\n|\n|-heal|p2a: Dondozo|14\/100|[from] item: Leftovers\n|upkeep\n|\n|t:|1731648250\n|switch|p1a: Sneasler|Sneasler, L50, M|23\/100 slp\n|turn|21\n|inactive|VGCLTH NOTREALVGC has 30 seconds left.\n|\n|t:|1731648283\n|move|p1b: Tatsugiri|Dragon Pulse|p2a: Dondozo\n|-damage|p2a: Dondozo|0 fnt\n|faint|p2a: Dondozo\n|-curestatus|p1a: Sneasler|slp|[msg]\n|move|p1a: Sneasler|Close Combat|p2b: Tatsugiri\n|-enditem|p2b: Tatsugiri|Focus Sash\n|-damage|p2b: Tatsugiri|1\/100\n|-unboost|p1a: Sneasler|def|1\n|-unboost|p1a: Sneasler|spd|1\n|\n|upkeep\n|\n|t:|1731648297\n|switch|p2a: Venusaur|Venusaur, L50, M|33\/100\n|turn|22\n|\n|t:|1731648316\n|switch|p2b: Ninetales|Ninetales, L50, M, shiny|100\/100\n|-weather|SunnyDay|[from] ability: Drought|[of] p2b: Ninetales\n|move|p2a: Venusaur|Sleep Powder|p1b: Tatsugiri\n|-status|p1b: Tatsugiri|slp|[from] move: Sleep Powder\n|cant|p1b: Tatsugiri|slp\n|move|p1a: Sneasler|Dire Claw|p2b: Ninetales\n|-damage|p2b: Ninetales|36\/100\n|-status|p2b: Ninetales|par\n|\n|-weather|SunnyDay|[upkeep]\n|upkeep\n|turn|23\n|\n|t:|1731648335\n|move|p1a: Sneasler|Protect|p1a: Sneasler\n|-singleturn|p1a: Sneasler|Protect\n|move|p2a: Venusaur|Weather Ball|p1a: Sneasler\n|-activate|p1a: Sneasler|move: Protect\n|cant|p1b: Tatsugiri|slp\n|move|p2b: Ninetales|Overheat|p1b: Tatsugiri\n|-resisted|p1b: Tatsugiri\n|-damage|p1b: Tatsugiri|75\/100 slp\n|-unboost|p2b: Ninetales|spa|2\n|\n|-weather|SunnyDay|[upkeep]\n|upkeep\n|turn|24\n|j| subarun\n|\n|t:|1731648347\n|move|p1a: Sneasler|Protect||[still]\n|-fail|p1a: Sneasler\n|move|p2a: Venusaur|Leaf Storm|p1b: Tatsugiri\n|-damage|p1b: Tatsugiri|0 fnt\n|-unboost|p2a: Venusaur|spa|2\n|faint|p1b: Tatsugiri\n|move|p2b: Ninetales|Heat Wave|p1a: Sneasler\n|-damage|p1a: Sneasler|0 fnt\n|faint|p1a: Sneasler\n|\n|win|ImSoKanzenSaimin\n|raw|VGCLTH NOTREALVGC's rating: 1735 &rarr; <strong>1716<\/strong><br \/>(-19 for losing)\n|raw|ImSoKanzenSaimin's rating: 1752 &rarr; <strong>1771<\/strong><br \/>(+19 for winning)\n|l| mr pogostick\n|l|\u2606VGCLTH NOTREALVGC\n|player|p1|\n|l|\u203dImSoKanzenSaimin\n|player|p2|\n|l| subarun\n","uploadtime":1731648622,"views":44,"formatid":"gen9vgc2024regh","rating":1716,"private":0,"password":null}