{"id":"gen9vgc2024regh-2244803371","format":"[Gen 9] VGC 2024 Reg H","players":["VGCLTH TnB","jayjazZa"],"log":"|raw|<div class=\"broadcast-blue\"><strong>This battle is required to be public due to a player having a name starting with 'vgclth'.<\/div>\n|j|\u2606VGCLTH TnB\n|j|\u2606jayjazZa\n|t:|1731723958\n|gametype|doubles\n|player|p1|VGCLTH TnB|roxanne-masters|1809\n|player|p2|jayjazZa|ghetsis|1739\n|teamsize|p1|6\n|teamsize|p2|6\n|gen|9\n|tier|[Gen 9] VGC 2024 Reg H\n|rated|\n|rule|Species Clause: Limit one of each Pok\u00e9mon\n|rule|Item Clause: Limit 1 of each item\n|clearpoke\n|poke|p1|Klefki, L50, F|\n|poke|p1|Annihilape, L50, F|\n|poke|p1|Archaludon, L50, F|\n|poke|p1|Maushold, L50|\n|poke|p1|Sinistcha, L50|\n|poke|p1|Pelipper, L50, F|\n|poke|p2|Gallade, L50, M|\n|poke|p2|Exeggutor, L50, F|\n|poke|p2|Zoroark-Hisui, L50, M|\n|poke|p2|Ursaluna, L50, F|\n|poke|p2|Torkoal, L50, F|\n|poke|p2|Indeedee-F, L50, F|\n|teampreview|4\n|inactive|Battle timer is ON: inactive players will automatically lose when time's up. (requested by jayjazZa)\n|inactive|VGCLTH TnB also wants the timer to be on.\nVGCLTH TnB has agreed to open team sheets.\n|inactive|jayjazZa has 60 seconds left.\n|\n|t:|1731724001\n|start\n|switch|p1a: Klefki|Klefki, L50, F|100\/100\n|switch|p1b: Archaludon|Archaludon, L50, F|100\/100\n|switch|p2a: Stella|Exeggutor, L50, F|100\/100\n|switch|p2b: York|Indeedee-F, L50, F|100\/100\n|-fieldstart|move: Psychic Terrain|[from] ability: Psychic Surge|[of] p2b: York\n|-enditem|p2b: York|Psychic Seed\n|-boost|p2b: York|spd|1|[from] item: Psychic Seed\n|turn|1\n|inactive|VGCLTH TnB has 30 seconds left.\n|\n|t:|1731724032\n|-terastallize|p2a: Stella|Stellar\n|move|p2b: York|Helping Hand|p2a: Stella\n|-singleturn|p2a: Stella|Helping Hand|[of] p2b: York\n|move|p1a: Klefki|Light Screen|p1a: Klefki\n|-sidestart|p1: VGCLTH TnB|move: Light Screen\n|move|p2a: Stella|Hyper Voice|p1a: Klefki|[spread] p1a,p1b\n|-resisted|p1a: Klefki\n|-resisted|p1b: Archaludon\n|-damage|p1a: Klefki|66\/100\n|-damage|p1b: Archaludon|78\/100\n|-ability|p1b: Archaludon|Stamina|boost\n|-boost|p1b: Archaludon|def|1\n|move|p1b: Archaludon|Flash Cannon|p2a: Stella\n|-damage|p2a: Stella|20\/100\n|replace|p2a: Zoroark|Zoroark-Hisui, L50, M\n|-end|p2a: Zoroark|Illusion\n|\n|upkeep\n|turn|2\n|\n|t:|1731724057\n|move|p2a: Zoroark|Hyper Voice|p1a: Klefki|[spread] p1a,p1b\n|-resisted|p1a: Klefki\n|-resisted|p1b: Archaludon\n|-damage|p1a: Klefki|50\/100\n|-damage|p1b: Archaludon|66\/100\n|-ability|p1b: Archaludon|Stamina|boost\n|-boost|p1b: Archaludon|def|1\n|move|p1b: Archaludon|Dragon Pulse|p2a: Zoroark\n|-damage|p2a: Zoroark|0 fnt\n|faint|p2a: Zoroark\n|move|p1a: Klefki|Dazzling Gleam|p2b: York\n|-damage|p2b: York|85\/100\n|move|p2b: York|Trick Room|p2b: York\n|-fieldstart|move: Trick Room|[of] p2b: York\n|\n|upkeep\n|\n|t:|1731724060\n|switch|p2a: Atlas|Torkoal, L50, F|100\/100\n|-weather|SunnyDay|[from] ability: Drought|[of] p2a: Atlas\n|turn|3\n|\n|t:|1731724082\n|switch|p1a: Pelipper|Pelipper, L50, F|100\/100\n|-weather|RainDance|[from] ability: Drizzle|[of] p1a: Pelipper\n|move|p2b: York|Helping Hand|p2a: Atlas\n|-singleturn|p2a: Atlas|Helping Hand|[of] p2b: York\n|move|p2a: Atlas|Eruption|p1a: Pelipper|[spread] p1a,p1b\n|-resisted|p1a: Pelipper\n|-damage|p1a: Pelipper|80\/100\n|-damage|p1b: Archaludon|43\/100\n|-ability|p1b: Archaludon|Stamina|boost\n|-boost|p1b: Archaludon|def|1\n|move|p1b: Archaludon|Electro Shot||[still]\n|-prepare|p1b: Archaludon|Electro Shot\n|-boost|p1b: Archaludon|spa|1\n|-anim|p1b: Archaludon|Electro Shot|p2a: Atlas\n|-damage|p2a: Atlas|14\/100\n|\n|-weather|RainDance|[upkeep]\n|upkeep\n|turn|4\n|j| stewpeed\n|inactive|VGCLTH TnB has 30 seconds left.\n|inactive|VGCLTH TnB has 20 seconds left.\n|inactive|VGCLTH TnB has 15 seconds left.\n|\n|t:|1731724123\n|switch|p2a: Stella|Exeggutor, L50, F|100\/100\n|switch|p1a: Sinistcha|Sinistcha, L50|100\/100\n|-heal|p1b: Archaludon|68\/100|[from] ability: Hospitality|[of] p1a: Sinistcha\n|move|p2b: York|Follow Me|p2b: York\n|-singleturn|p2b: York|move: Follow Me\n|move|p1b: Archaludon|Electro Shot||[still]\n|-prepare|p1b: Archaludon|Electro Shot\n|-boost|p1b: Archaludon|spa|1\n|-anim|p1b: Archaludon|Electro Shot|p2b: York\n|-damage|p2b: York|28\/100\n|\n|-weather|RainDance|[upkeep]\n|upkeep\n|turn|5\n|inactive|VGCLTH TnB has 30 seconds left.\n|inactive|VGCLTH TnB has 20 seconds left.\n|\n|t:|1731724159\n|move|p2b: York|Helping Hand|p2a: Stella\n|-singleturn|p2a: Stella|Helping Hand|[of] p2b: York\n|move|p1b: Archaludon|Dragon Pulse|p2b: York\n|-damage|p2b: York|0 fnt\n|faint|p2b: York\n|move|p2a: Stella|Expanding Force|p1b: Archaludon|[spread] p1a,p1b\n|-resisted|p1b: Archaludon\n|-damage|p1a: Sinistcha|45\/100\n|-damage|p1b: Archaludon|43\/100\n|-ability|p1b: Archaludon|Stamina|boost\n|-boost|p1b: Archaludon|def|1\n|-enditem|p1a: Sinistcha|Sitrus Berry|[eat]\n|-heal|p1a: Sinistcha|70\/100|[from] item: Sitrus Berry\n|move|p1a: Sinistcha|Trick Room|p1a: Sinistcha\n|-fieldend|move: Trick Room\n|\n|-weather|RainDance|[upkeep]\n|-fieldend|move: Psychic Terrain\n|upkeep\n|\n|t:|1731724166\n|switch|p2b: Atlas|Torkoal, L50, F|14\/100\n|-weather|SunnyDay|[from] ability: Drought|[of] p2b: Atlas\n|turn|6\n|\n|t:|1731724187\n|move|p2a: Stella|Sleep Powder|p1b: Archaludon\n|-status|p1b: Archaludon|slp|[from] move: Sleep Powder\n|cant|p1b: Archaludon|slp\n|move|p1a: Sinistcha|Curse|p2a: Stella\n|-start|p2a: Stella|Curse|[of] p1a: Sinistcha\n|-damage|p1a: Sinistcha|20\/100\n|move|p2b: Atlas|Weather Ball|p1a: Sinistcha\n|-supereffective|p1a: Sinistcha\n|-damage|p1a: Sinistcha|0 fnt\n|faint|p1a: Sinistcha\n|\n|-weather|SunnyDay|[upkeep]\n|-damage|p2a: Stella|76\/100|[from] Curse\n|upkeep\n|\n|t:|1731724194\n|switch|p1a: Pelipper|Pelipper, L50, F|80\/100\n|-weather|RainDance|[from] ability: Drizzle|[of] p1a: Pelipper\n|turn|7\n|\n|t:|1731724210\n|move|p1a: Pelipper|Hurricane|p2b: Atlas\n|-damage|p2b: Atlas|0 fnt\n|faint|p2b: Atlas\n|move|p2a: Stella|Expanding Force|p1a: Pelipper\n|-damage|p1a: Pelipper|41\/100\n|cant|p1b: Archaludon|slp\n|\n|-weather|RainDance|[upkeep]\n|-damage|p2a: Stella|51\/100|[from] Curse\n|upkeep\n|turn|8\n|-message|jayjazZa forfeited.\n|\n|win|VGCLTH TnB\n|raw|VGCLTH TnB's rating: 1809 &rarr; <strong>1825<\/strong><br \/>(+16 for winning)\n|raw|jayjazZa's rating: 1739 &rarr; <strong>1723<\/strong><br \/>(-16 for losing)\n|l|\u2606jayjazZa\n|player|p2|\n|l|\u2606VGCLTH TnB\n|player|p1|\n|l| stewpeed\n","uploadtime":1731724435,"views":15,"formatid":"gen9vgc2024regh","rating":1723,"private":0,"password":null}