{"id":"gen9vgc2024regh-2244703124","format":"[Gen 9] VGC 2024 Reg H","players":["TheTingLuGoesSKRR","VGCLTH Louis"],"log":"|raw|<div class=\"broadcast-blue\"><strong>This battle is required to be public due to a player having a name starting with 'vgclth'.<\/div>\n|j|\u2606TheTingLuGoesSKRR\n|j|\u2606VGCLTH Louis\n|t:|1731710923\n|gametype|doubles\n|player|p1|TheTingLuGoesSKRR|169|1693\n|player|p2|VGCLTH Louis|#scl4breakers|1708\n|teamsize|p1|6\n|teamsize|p2|6\n|gen|9\n|tier|[Gen 9] VGC 2024 Reg H\n|rated|\n|rule|Species Clause: Limit one of each Pok\u00e9mon\n|rule|Item Clause: Limit 1 of each item\n|clearpoke\n|poke|p1|Ninetales-Alola, L50, F|\n|poke|p1|Delphox, L50, M|\n|poke|p1|Indeedee, L50, M|\n|poke|p1|Kingambit, L50, M|\n|poke|p1|Sneasler, L50, F|\n|poke|p1|Milotic, L50, F|\n|poke|p2|Kommo-o, L50, M|\n|poke|p2|Volcarona, L50, F|\n|poke|p2|Murkrow, L50, F|\n|poke|p2|Gholdengo, L50|\n|poke|p2|Rillaboom, L50, F|\n|poke|p2|Sneasler, L50, F|\n|teampreview|4\n|inactive|Battle timer is ON: inactive players will automatically lose when time's up. (requested by VGCLTH Louis)\n|inactive|TheTingLuGoesSKRR also wants the timer to be on.\n|inactive|TheTingLuGoesSKRR has 60 seconds left.\n|\n|t:|1731710973\n|start\n|switch|p1a: Indeedee|Indeedee, L50, M|100\/100\n|switch|p1b: Sneasler|Sneasler, L50, F|100\/100\n|switch|p2a: Volcarona|Volcarona, L50, F|100\/100\n|switch|p2b: Gholdengo|Gholdengo, L50|100\/100\n|-fieldstart|move: Psychic Terrain|[from] ability: Psychic Surge|[of] p1a: Indeedee\n|-enditem|p1b: Sneasler|Psychic Seed\n|-boost|p1b: Sneasler|spd|1|[from] item: Psychic Seed\n|turn|1\n|inactive|TheTingLuGoesSKRR has 30 seconds left.\n|inactive|VGCLTH Louis has 30 seconds left.\n|\n|t:|1731711005\n|-terastallize|p1b: Sneasler|Dark\n|-terastallize|p2b: Gholdengo|Steel\n|move|p2a: Volcarona|Rage Powder|p2a: Volcarona\n|-singleturn|p2a: Volcarona|move: Rage Powder\n|move|p1b: Sneasler|Throat Chop|p2a: Volcarona\n|-damage|p2a: Volcarona|36\/100\n|move|p1a: Indeedee|Expanding Force|p2a: Volcarona|[spread] p2a,p2b\n|-resisted|p2b: Gholdengo\n|-damage|p2a: Volcarona|0 fnt\n|-damage|p2b: Gholdengo|69\/100\n|faint|p2a: Volcarona\n|move|p2b: Gholdengo|Make It Rain|p1b: Sneasler|[spread] p1a,p1b\n|-enditem|p1a: Indeedee|Focus Sash\n|-damage|p1a: Indeedee|1\/100\n|-damage|p1b: Sneasler|31\/100\n|-unboost|p2b: Gholdengo|spa|1\n|-damage|p2b: Gholdengo|59\/100|[from] item: Life Orb\n|\n|upkeep\n|\n|t:|1731711019\n|switch|p2a: Rillaboom|Rillaboom, L50, F|100\/100\n|-fieldstart|move: Grassy Terrain|[from] ability: Grassy Surge|[of] p2a: Rillaboom\n|turn|2\n|j| VGCLTH Sac gaming\n|\n|t:|1731711026\n|switch|p1a: Delphox|Delphox, L50, M|100\/100\n|switch|p2b: Sneasler|Sneasler, L50, F|100\/100\n|-enditem|p2b: Sneasler|Grassy Seed\n|-boost|p2b: Sneasler|def|1|[from] item: Grassy Seed\n|move|p1b: Sneasler|Protect|p1b: Sneasler\n|-singleturn|p1b: Sneasler|Protect\n|move|p2a: Rillaboom|Grassy Glide|p1b: Sneasler\n|-activate|p1b: Sneasler|move: Protect\n|\n|-heal|p1b: Sneasler|36\/100|[from] Grassy Terrain\n|upkeep\n|turn|3\n|inactive|TheTingLuGoesSKRR has 30 seconds left.\n|inactive|TheTingLuGoesSKRR has 20 seconds left.\n|l| VGCLTH Sac gaming\n|\n|t:|1731711062\n|switch|p1b: Indeedee|Indeedee, L50, M|1\/100\n|-fieldstart|move: Psychic Terrain|[from] ability: Psychic Surge|[of] p1b: Indeedee\n|move|p2b: Sneasler|Protect|p2b: Sneasler\n|-singleturn|p2b: Sneasler|Protect\n|move|p1a: Delphox|Expanding Force|p2b: Sneasler|[spread] p2a\n|-activate|p2b: Sneasler|move: Protect\n|-damage|p2a: Rillaboom|41\/100\n|-damage|p1a: Delphox|90\/100|[from] item: Life Orb\n|move|p2a: Rillaboom|High Horsepower|p1a: Delphox\n|-supereffective|p1a: Delphox\n|-damage|p1a: Delphox|0 fnt\n|faint|p1a: Delphox\n|\n|upkeep\n|\n|t:|1731711077\n|switch|p1a: Ninetales|Ninetales-Alola, L50, F|100\/100\n|-weather|Snow|[from] ability: Snow Warning|[of] p1a: Ninetales\n|turn|4\n|\n|t:|1731711087\n|switch|p2a: Gholdengo|Gholdengo, L50, tera:Steel|59\/100\n|move|p2b: Sneasler|Throat Chop|p1b: Indeedee\n|-supereffective|p1b: Indeedee\n|-damage|p1b: Indeedee|0 fnt\n|faint|p1b: Indeedee\n|move|p1a: Ninetales|Blizzard|p2a: Gholdengo|[spread] p2a,p2b\n|-resisted|p2a: Gholdengo\n|-damage|p2a: Gholdengo|34\/100\n|-damage|p2b: Sneasler|40\/100\n|\n|-weather|Snow|[upkeep]\n|upkeep\n|\n|t:|1731711099\n|switch|p1b: Sneasler|Sneasler, L50, F, tera:Dark|36\/100\n|turn|5\n|\n|t:|1731711109\n|move|p1b: Sneasler|Protect|p1b: Sneasler\n|-singleturn|p1b: Sneasler|Protect\n|move|p2b: Sneasler|Close Combat|p1b: Sneasler\n|-activate|p1b: Sneasler|move: Protect\n|move|p1a: Ninetales|Blizzard|p2a: Gholdengo|[spread] p2a,p2b\n|-resisted|p2a: Gholdengo\n|-damage|p2a: Gholdengo|9\/100\n|-damage|p2b: Sneasler|0 fnt\n|faint|p2b: Sneasler\n|move|p2a: Gholdengo|Make It Rain|p1b: Sneasler|[spread] p1a\n|-activate|p1b: Sneasler|move: Protect\n|-supereffective|p1a: Ninetales\n|-damage|p1a: Ninetales|0 fnt\n|-unboost|p2a: Gholdengo|spa|1\n|faint|p1a: Ninetales\n|-damage|p2a: Gholdengo|0 fnt|[from] item: Life Orb\n|faint|p2a: Gholdengo\n|\n|-weather|Snow|[upkeep]\n|upkeep\n|\n|t:|1731711114\n|switch|p2b: Rillaboom|Rillaboom, L50, F|41\/100\n|-fieldstart|move: Grassy Terrain|[from] ability: Grassy Surge|[of] p2b: Rillaboom\n|turn|6\n|\n|t:|1731711125\n|move|p2b: Rillaboom|Grassy Glide|p1b: Sneasler\n|-damage|p1b: Sneasler|0 fnt\n|faint|p1b: Sneasler\n|\n|win|VGCLTH Louis\n|raw|TheTingLuGoesSKRR's rating: 1693 &rarr; <strong>1674<\/strong><br \/>(-19 for losing)\n|raw|VGCLTH Louis's rating: 1708 &rarr; <strong>1727<\/strong><br \/>(+19 for winning)\n|l|\u2606TheTingLuGoesSKRR\n|player|p1|\n|l|\u2606VGCLTH Louis\n|player|p2|\n","uploadtime":1731711334,"views":11,"formatid":"gen9vgc2024regh","rating":1674,"private":0,"password":null}