{"id":"gen9vgc2024regh-2244902804","format":"[Gen 9] VGC 2024 Reg H","players":["VGCLTH mt","don't use magmar"],"log":"|raw|<div class=\"broadcast-blue\"><strong>This battle is required to be public due to a player having a name starting with 'vgclth'.<\/div>\n|j|\u2606VGCLTH mt\n|j|\u2606don't use magmar\n|t:|1731740691\n|gametype|doubles\n|player|p1|VGCLTH mt|cynthia|1718\n|player|p2|don't use magmar|lucas|1883\n|teamsize|p1|6\n|teamsize|p2|6\n|gen|9\n|tier|[Gen 9] VGC 2024 Reg H\n|rated|\n|rule|Species Clause: Limit one of each Pok\u00e9mon\n|rule|Item Clause: Limit 1 of each item\n|clearpoke\n|poke|p1|Ursaluna-Bloodmoon, L50, M|\n|poke|p1|Gholdengo, L50|\n|poke|p1|Dragonite, L50, M|\n|poke|p1|Primarina, L50, F|\n|poke|p1|Incineroar, L50, M|\n|poke|p1|Amoonguss, L50, M|\n|poke|p2|Incineroar, L50, M|\n|poke|p2|Amoonguss, L50, F|\n|poke|p2|Gholdengo, L50|\n|poke|p2|Palafin, L50, F|\n|poke|p2|Dragapult, L50, F|\n|poke|p2|Ursaluna-Bloodmoon, L50, M|\n|teampreview|4\n|inactive|Battle timer is ON: inactive players will automatically lose when time's up. (requested by VGCLTH mt)\n|inactive|VGCLTH mt has 60 seconds left.\n|j| emenfekd\n|inactive|VGCLTH mt has 30 seconds left.\n|\n|t:|1731740759\n|start\n|switch|p1a: Gholdengo|Gholdengo, L50, shiny|100\/100\n|switch|p1b: Ursaluna|Ursaluna-Bloodmoon, L50, M|100\/100\n|switch|p2a: Gholdengo|Gholdengo, L50|100\/100\n|switch|p2b: Incineroar|Incineroar, L50, M|100\/100\n|-ability|p2b: Incineroar|Intimidate|boost\n|-unboost|p1a: Gholdengo|atk|1\n|-unboost|p1b: Ursaluna|atk|1\n|turn|1\n|inactive|don't use magmar has 30 seconds left.\n|\n|t:|1731740787\n|switch|p1a: Incineroar|Incineroar, L50, M, shiny|100\/100\n|-ability|p1a: Incineroar|Intimidate|boost\n|-unboost|p2a: Gholdengo|atk|1\n|-unboost|p2b: Incineroar|atk|1\n|-terastallize|p2a: Gholdengo|Steel\n|move|p2b: Incineroar|Fake Out|p1b: Ursaluna\n|-damage|p1b: Ursaluna|94\/100\n|move|p2a: Gholdengo|Make It Rain|p1b: Ursaluna|[spread] p1a,p1b\n|-resisted|p1a: Incineroar\n|-damage|p1a: Incineroar|73\/100\n|-damage|p1b: Ursaluna|2\/100\n|-unboost|p2a: Gholdengo|spa|1\n|-damage|p2a: Gholdengo|91\/100|[from] item: Life Orb\n|move|p1b: Ursaluna|Earth Power|p2a: Gholdengo\n|-supereffective|p2a: Gholdengo\n|-damage|p2a: Gholdengo|0 fnt\n|faint|p2a: Gholdengo\n|\n|upkeep\n|\n|t:|1731740793\n|switch|p2a: Palafin|Palafin, L50, F|100\/100\n|turn|2\n|\n|t:|1731740808\n|detailschange|p2a: Palafin|Palafin-Hero, L50, F\n|switch|p2a: Amoonguss|Amoonguss, L50, F|100\/100\n|move|p1a: Incineroar|Fake Out|p2a: Amoonguss\n|-damage|p2a: Amoonguss|92\/100\n|move|p2b: Incineroar|Knock Off|p1b: Ursaluna\n|-damage|p1b: Ursaluna|0 fnt\n|-enditem|p1b: Ursaluna|Covert Cloak|[from] move: Knock Off|[of] p2b: Incineroar\n|faint|p1b: Ursaluna\n|\n|upkeep\n|\n|t:|1731740831\n|switch|p1b: Dragonite|Dragonite, L50, M, shiny|100\/100\n|turn|3\n|\n|t:|1731740849\n|-terastallize|p1a: Incineroar|Grass\n|move|p1b: Dragonite|Low Kick|p2b: Incineroar\n|-supereffective|p2b: Incineroar\n|-damage|p2b: Incineroar|35\/100\n|move|p2b: Incineroar|Parting Shot|p1a: Incineroar\n|-unboost|p1a: Incineroar|atk|1\n|-unboost|p1a: Incineroar|spa|1\n|\n|t:|1731740854\n|switch|p2b: Palafin|Palafin-Hero, L50, F|100\/100|[from] Parting Shot\n|-activate|p2b: Palafin|ability: Zero to Hero\n|move|p1a: Incineroar|Flare Blitz|p2a: Amoonguss\n|-supereffective|p2a: Amoonguss\n|-damage|p2a: Amoonguss|40\/100\n|-enditem|p2a: Amoonguss|Sitrus Berry|[eat]\n|-heal|p2a: Amoonguss|65\/100|[from] item: Sitrus Berry\n|-damage|p1a: Incineroar|54\/100|[from] Recoil\n|move|p2a: Amoonguss|Spore|p1b: Dragonite\n|-status|p1b: Dragonite|slp|[from] move: Spore\n|\n|upkeep\n|turn|4\n|\n|t:|1731740873\n|cant|p1b: Dragonite|slp\n|move|p2b: Palafin|Wave Crash|p1b: Dragonite\n|-resisted|p1b: Dragonite\n|-damage|p1b: Dragonite|74\/100 slp\n|-damage|p2b: Palafin|93\/100|[from] Recoil\n|move|p1a: Incineroar|Parting Shot|p2b: Palafin\n|-unboost|p2b: Palafin|atk|1\n|-unboost|p2b: Palafin|spa|1\n|\n|t:|1731740880\n|switch|p1a: Gholdengo|Gholdengo, L50, shiny|100\/100|[from] Parting Shot\n|move|p2a: Amoonguss|Sludge Bomb|p1b: Dragonite\n|-damage|p1b: Dragonite|51\/100 slp\n|\n|upkeep\n|turn|5\n|\n|t:|1731740891\n|switch|p2a: Incineroar|Incineroar, L50, M|35\/100\n|-ability|p2a: Incineroar|Intimidate|boost\n|-unboost|p1a: Gholdengo|atk|1\n|-unboost|p1b: Dragonite|atk|1\n|move|p1a: Gholdengo|Nasty Plot|p1a: Gholdengo\n|-boost|p1a: Gholdengo|spa|2\n|cant|p1b: Dragonite|slp\n|move|p2b: Palafin|Wave Crash|p1a: Gholdengo\n|-damage|p1a: Gholdengo|31\/100\n|-damage|p2b: Palafin|75\/100|[from] Recoil\n|\n|upkeep\n|turn|6\n|\n|t:|1731740914\n|move|p1a: Gholdengo|Protect|p1a: Gholdengo\n|-singleturn|p1a: Gholdengo|Protect\n|move|p2a: Incineroar|Fake Out|p1b: Dragonite\n|-damage|p1b: Dragonite|39\/100 slp\n|move|p2b: Palafin|Jet Punch|p1a: Gholdengo\n|-activate|p1a: Gholdengo|move: Protect\n|cant|p1b: Dragonite|slp\n|\n|upkeep\n|turn|7\n|\n|t:|1731740922\n|switch|p1b: Incineroar|Incineroar, L50, M, shiny, tera:Grass|54\/100\n|-ability|p1b: Incineroar|Intimidate|boost\n|-unboost|p2a: Incineroar|atk|1\n|-unboost|p2b: Palafin|atk|1\n|move|p2b: Palafin|Protect|p2b: Palafin\n|-singleturn|p2b: Palafin|Protect\n|move|p1a: Gholdengo|Make It Rain|p2b: Palafin|[spread] p2a\n|-activate|p2b: Palafin|move: Protect\n|-resisted|p2a: Incineroar\n|-damage|p2a: Incineroar|0 fnt\n|-unboost|p1a: Gholdengo|spa|1\n|faint|p2a: Incineroar\n|\n|upkeep\n|\n|t:|1731740926\n|switch|p2a: Amoonguss|Amoonguss, L50, F|98\/100\n|turn|8\n|\n|t:|1731740945\n|move|p1b: Incineroar|Fake Out|p2b: Palafin\n|-damage|p2b: Palafin|65\/100\n|cant|p2b: Palafin|flinch\n|move|p1a: Gholdengo|Make It Rain|p2a: Amoonguss|[spread] p2a,p2b\n|-resisted|p2b: Palafin\n|-damage|p2a: Amoonguss|33\/100\n|-damage|p2b: Palafin|32\/100\n|-unboost|p1a: Gholdengo|spa|1\n|move|p2a: Amoonguss|Sludge Bomb|p1b: Incineroar\n|-supereffective|p1b: Incineroar\n|-damage|p1b: Incineroar|16\/100\n|-enditem|p1b: Incineroar|Sitrus Berry|[eat]\n|-heal|p1b: Incineroar|41\/100|[from] item: Sitrus Berry\n|\n|upkeep\n|turn|9\n|inactive|VGCLTH mt has 30 seconds left.\n|inactive|VGCLTH mt has 20 seconds left.\n|\n|t:|1731740982\n|move|p2b: Palafin|Protect|p2b: Palafin\n|-singleturn|p2b: Palafin|Protect\n|move|p2a: Amoonguss|Protect|p2a: Amoonguss\n|-singleturn|p2a: Amoonguss|Protect\n|move|p1a: Gholdengo|Make It Rain|p2b: Palafin|[spread] \n|-activate|p2a: Amoonguss|move: Protect\n|-activate|p2b: Palafin|move: Protect\n|move|p1b: Incineroar|Flare Blitz|p2a: Amoonguss\n|-activate|p2a: Amoonguss|move: Protect\n|\n|upkeep\n|turn|10\n|\n|t:|1731740992\n|move|p2b: Palafin|Jet Punch|p1a: Gholdengo\n|-damage|p1a: Gholdengo|4\/100\n|move|p1a: Gholdengo|Make It Rain|p2b: Palafin|[spread] p2a,p2b\n|-resisted|p2b: Palafin\n|-damage|p2a: Amoonguss|0 fnt\n|-damage|p2b: Palafin|10\/100\n|-unboost|p1a: Gholdengo|spa|1\n|faint|p2a: Amoonguss\n|move|p1b: Incineroar|Flare Blitz|p2b: Palafin\n|-resisted|p2b: Palafin\n|-damage|p2b: Palafin|0 fnt\n|faint|p2b: Palafin\n|-damage|p1b: Incineroar|37\/100|[from] Recoil\n|\n|win|VGCLTH mt\n|raw|VGCLTH mt's rating: 1718 &rarr; <strong>1747<\/strong><br \/>(+29 for winning)\n|raw|don&apos;t use magmar's rating: 1883 &rarr; <strong>1854<\/strong><br \/>(-29 for losing)\n|l|\u2606don't use magmar\n|player|p2|\n|l|\u2606VGCLTH mt\n|player|p1|\n|j| parsley<3\n","uploadtime":1731741151,"views":46,"formatid":"gen9vgc2024regh","rating":1747,"private":0,"password":null}