{"id":"gen9vgc2024regh-2244824674","format":"[Gen 9] VGC 2024 Reg H","players":["vgclth papaneth","VGCLTH Glock Tuah"],"log":"|raw|<div class=\"broadcast-blue\"><strong>This battle is required to be public due to a player having a name starting with 'vgclth'.<\/div>\n|j|\u2606vgclth papaneth\n|j|\u2606VGCLTH Glock Tuah\n|t:|1731726912\n|gametype|doubles\n|player|p1|vgclth papaneth|rood|1725\n|player|p2|VGCLTH Glock Tuah|koga-lgpe|1717\n|teamsize|p1|6\n|teamsize|p2|6\n|gen|9\n|tier|[Gen 9] VGC 2024 Reg H\n|rated|\n|rule|Species Clause: Limit one of each Pok\u00e9mon\n|rule|Item Clause: Limit 1 of each item\n|clearpoke\n|poke|p1|Tyranitar, L50, M|\n|poke|p1|Gengar, L50, M|\n|poke|p1|Kommo-o, L50, M|\n|poke|p1|Rillaboom, L50, M|\n|poke|p1|Annihilape, L50, F|\n|poke|p1|Whimsicott, L50, F|\n|poke|p2|Annihilape, L50, F|\n|poke|p2|Dondozo, L50, F|\n|poke|p2|Maushold-Four, L50|\n|poke|p2|Gholdengo, L50|\n|poke|p2|Whimsicott, L50, M|\n|poke|p2|Tatsugiri, L50, F|\n|teampreview|4\n|inactive|Battle timer is ON: inactive players will automatically lose when time's up. (requested by VGCLTH Glock Tuah)\n|j| ThaOpeningAct\n|inactive|vgclth papaneth has 60 seconds left.\n|\n|t:|1731726961\n|start\n|switch|p1a: Kommo-o|Kommo-o, L50, M|100\/100\n|switch|p1b: Whimsicott|Whimsicott, L50, F|100\/100\n|switch|p2a: Maushold|Maushold-Four, L50|100\/100\n|switch|p2b: Annihilape|Annihilape, L50, F, shiny|100\/100\n|turn|1\n|j| VGCLTH TnB\n|\n|t:|1731726984\n|move|p1b: Whimsicott|Tailwind|p1b: Whimsicott\n|-sidestart|p1: vgclth papaneth|move: Tailwind\n|move|p1a: Kommo-o|Aura Sphere|p2a: Maushold\n|-supereffective|p2a: Maushold\n|-enditem|p2a: Maushold|Focus Sash\n|-damage|p2a: Maushold|1\/100\n|-damage|p1a: Kommo-o|91\/100|[from] item: Life Orb\n|move|p2a: Maushold|Beat Up|p2b: Annihilape\n|-damage|p2b: Annihilape|99\/100\n|-damage|p2b: Annihilape|96\/100\n|-damage|p2b: Annihilape|94\/100\n|-damage|p2b: Annihilape|92\/100\n|-hitcount|p2b: Annihilape|4\n|move|p2b: Annihilape|Rage Fist|p1b: Whimsicott\n|-damage|p1b: Whimsicott|0 fnt\n|faint|p1b: Whimsicott\n|\n|upkeep\n|\n|t:|1731726996\n|switch|p1b: Rillaboom|Rillaboom, L50, M|100\/100\n|-fieldstart|move: Grassy Terrain|[from] ability: Grassy Surge|[of] p1b: Rillaboom\n|turn|2\n|\n|t:|1731727021\n|move|p2a: Maushold|Protect|p2a: Maushold\n|-singleturn|p2a: Maushold|Protect\n|move|p1a: Kommo-o|Clanging Scales|p2a: Maushold|[spread] p2b\n|-activate|p2a: Maushold|move: Protect\n|-damage|p2b: Annihilape|66\/100\n|-unboost|p1a: Kommo-o|def|1\n|-damage|p1a: Kommo-o|81\/100|[from] item: Life Orb\n|move|p1b: Rillaboom|High Horsepower|p2b: Annihilape\n|-damage|p2b: Annihilape|29\/100\n|-enditem|p2b: Annihilape|Sitrus Berry|[eat]\n|-heal|p2b: Annihilape|54\/100|[from] item: Sitrus Berry\n|move|p2b: Annihilape|Rage Fist|p1b: Rillaboom\n|-crit|p1b: Rillaboom\n|-damage|p1b: Rillaboom|0 fnt\n|faint|p1b: Rillaboom\n|\n|-heal|p1a: Kommo-o|87\/100|[from] Grassy Terrain\n|-heal|p2a: Maushold|7\/100|[from] Grassy Terrain\n|-heal|p2b: Annihilape|60\/100|[from] Grassy Terrain\n|upkeep\n|\n|t:|1731727026\n|switch|p1b: Gengar|Gengar, L50, M|100\/100\n|turn|3\n|\n|t:|1731727035\n|switch|p2a: Dondozo|Dondozo, L50, F, shiny|100\/100\n|switch|p2b: Tatsugiri|Tatsugiri, L50, F, shiny|100\/100\n|-activate|p2b: Tatsugiri|ability: Commander|[of] p2a: Dondozo\n|-boost|p2a: Dondozo|atk|2\n|-boost|p2a: Dondozo|spa|2\n|-boost|p2a: Dondozo|spe|2\n|-boost|p2a: Dondozo|def|2\n|-boost|p2a: Dondozo|spd|2\n|move|p1a: Kommo-o|Protect|p1a: Kommo-o\n|-singleturn|p1a: Kommo-o|Protect\n|move|p1b: Gengar|Sludge Bomb|p2a: Dondozo\n|-damage|p2a: Dondozo|75\/100\n|\n|-heal|p1a: Kommo-o|93\/100|[from] Grassy Terrain\n|-heal|p2a: Dondozo|81\/100|[from] Grassy Terrain\n|-heal|p2a: Dondozo|87\/100|[from] item: Leftovers\n|upkeep\n|turn|4\n|\n|t:|1731727046\n|move|p1b: Gengar|Haze|p1b: Gengar\n|-clearallboost\n|move|p1a: Kommo-o|Clanging Scales|p2b: Tatsugiri|[spread] p2a\n|-miss|p1a: Kommo-o|p2b: Tatsugiri\n|-crit|p2a: Dondozo\n|-damage|p2a: Dondozo|16\/100\n|-unboost|p1a: Kommo-o|def|1\n|-damage|p1a: Kommo-o|83\/100|[from] item: Life Orb\n|move|p2a: Dondozo|Order Up|p1a: Kommo-o\n|-supereffective|p1a: Kommo-o\n|-damage|p1a: Kommo-o|34\/100\n|-boost|p2a: Dondozo|atk|1\n|\n|-heal|p1a: Kommo-o|40\/100|[from] Grassy Terrain\n|-heal|p2a: Dondozo|22\/100|[from] Grassy Terrain\n|-heal|p2a: Dondozo|28\/100|[from] item: Leftovers\n|-sideend|p1: vgclth papaneth|move: Tailwind\n|upkeep\n|turn|5\n|\n|t:|1731727064\n|move|p1b: Gengar|Sludge Bomb|p2a: Dondozo\n|-damage|p2a: Dondozo|0 fnt\n|faint|p2a: Dondozo\n|move|p1a: Kommo-o|Clanging Scales|p2b: Tatsugiri\n|-supereffective|p2b: Tatsugiri\n|-damage|p2b: Tatsugiri|0 fnt\n|faint|p2b: Tatsugiri\n|-unboost|p1a: Kommo-o|def|1\n|-damage|p1a: Kommo-o|30\/100|[from] item: Life Orb\n|\n|-heal|p1a: Kommo-o|36\/100|[from] Grassy Terrain\n|upkeep\n|\n|t:|1731727067\n|switch|p2b: Annihilape|Annihilape, L50, F, shiny|60\/100\n|switch|p2a: Maushold|Maushold-Four, L50|7\/100\n|turn|6\n|\n|t:|1731727091\n|-terastallize|p2b: Annihilape|Fire\n|move|p1b: Gengar|Protect|p1b: Gengar\n|-singleturn|p1b: Gengar|Protect\n|move|p1a: Kommo-o|Protect|p1a: Kommo-o\n|-singleturn|p1a: Kommo-o|Protect\n|move|p2a: Maushold|Beat Up|p1b: Gengar\n|-activate|p1b: Gengar|move: Protect\n|move|p2b: Annihilape|Rage Fist|p1b: Gengar\n|-activate|p1b: Gengar|move: Protect\n|\n|-heal|p2a: Maushold|13\/100|[from] Grassy Terrain\n|-heal|p1a: Kommo-o|42\/100|[from] Grassy Terrain\n|-heal|p2b: Annihilape|66\/100|[from] Grassy Terrain\n|-fieldend|move: Grassy Terrain\n|upkeep\n|turn|7\n|\n|t:|1731727105\n|-terastallize|p1b: Gengar|Stellar\n|move|p2a: Maushold|Beat Up|p1b: Gengar\n|-supereffective|p1b: Gengar\n|-damage|p1b: Gengar|90\/100\n|-supereffective|p1b: Gengar\n|-damage|p1b: Gengar|77\/100\n|-hitcount|p1b: Gengar|2\n|move|p1b: Gengar|Sludge Bomb|p2b: Annihilape\n|-damage|p2b: Annihilape|31\/100\n|move|p1a: Kommo-o|Clanging Scales|p2a: Maushold|[spread] p2a,p2b\n|-damage|p2a: Maushold|0 fnt\n|-damage|p2b: Annihilape|4\/100\n|faint|p2a: Maushold\n|-unboost|p1a: Kommo-o|def|1\n|-damage|p1a: Kommo-o|32\/100|[from] item: Life Orb\n|move|p2b: Annihilape|Drain Punch|p1a: Kommo-o\n|-damage|p1a: Kommo-o|0 fnt\n|-heal|p2b: Annihilape|15\/100|[from] drain|[of] p1a: Kommo-o\n|faint|p1a: Kommo-o\n|\n|upkeep\n|turn|8\n|\n|t:|1731727112\n|move|p1b: Gengar|Shadow Ball|p2b: Annihilape\n|-damage|p2b: Annihilape|0 fnt\n|faint|p2b: Annihilape\n|\n|win|vgclth papaneth\n|raw|vgclth papaneth's rating: 1725 &rarr; <strong>1745<\/strong><br \/>(+20 for winning)\n|raw|VGCLTH Glock Tuah's rating: 1717 &rarr; <strong>1697<\/strong><br \/>(-20 for losing)\n|l|\u2606VGCLTH Glock Tuah\n|player|p2|\n|l| VGCLTH TnB\n|l| ThaOpeningAct\n|l|\u2606vgclth papaneth\n|player|p1|\n","uploadtime":1731727115,"views":38,"formatid":"gen9vgc2024regh","rating":1697,"private":0,"password":null}