{"id":"gen9vgc2024regh-2244776127","format":"[Gen 9] VGC 2024 Reg H","players":["testing_chue","ray4gej"],"log":"|j|\u2606testing_chue\n|j|\u2606ray4gej\n|t:|1731720237\n|gametype|doubles\n|player|p1|testing_chue|doctor|1661\n|player|p2|ray4gej|170|1744\n|teamsize|p1|6\n|teamsize|p2|6\n|gen|9\n|tier|[Gen 9] VGC 2024 Reg H\n|rated|\n|rule|Species Clause: Limit one of each Pok\u00e9mon\n|rule|Item Clause: Limit 1 of each item\n|clearpoke\n|poke|p1|Oranguru, L50, F|\n|poke|p1|Ursaluna-Bloodmoon, L50, M|\n|poke|p1|Indeedee-F, L50, F|\n|poke|p1|Torkoal, L50, F|\n|poke|p1|Armarouge, L50, M|\n|poke|p1|Conkeldurr, L50, M|\n|poke|p2|Dondozo, L50, F|\n|poke|p2|Tatsugiri, L50, M|\n|poke|p2|Sneasler, L50, F|\n|poke|p2|Flamigo, L50, M|\n|poke|p2|Amoonguss, L50, F|\n|poke|p2|Gholdengo, L50|\n|teampreview|4\n|inactive|Battle timer is ON: inactive players will automatically lose when time's up. (requested by testing_chue)\n|\n|t:|1731720254\n|start\n|switch|p1a: Armarouge|Armarouge, L50, M|100\/100\n|switch|p1b: Indeedee|Indeedee-F, L50, F|100\/100\n|switch|p2a: Gholdengo|Gholdengo, L50|100\/100\n|switch|p2b: Amoonguss|Amoonguss, L50, F|100\/100\n|-fieldstart|move: Psychic Terrain|[from] ability: Psychic Surge|[of] p1b: Indeedee\n|turn|1\n|\n|t:|1731720277\n|-terastallize|p2b: Amoonguss|Water\n|move|p2a: Gholdengo|Protect|p2a: Gholdengo\n|-singleturn|p2a: Gholdengo|Protect\n|move|p1a: Armarouge|Protect|p1a: Armarouge\n|-singleturn|p1a: Armarouge|Protect\n|move|p1b: Indeedee|Follow Me|p1b: Indeedee\n|-singleturn|p1b: Indeedee|move: Follow Me\n|move|p2b: Amoonguss|Spore|p1b: Indeedee\n|-status|p1b: Indeedee|slp|[from] move: Spore\n|\n|upkeep\n|turn|2\n|\n|t:|1731720299\n|-terastallize|p1a: Armarouge|Grass\n|cant|p1b: Indeedee|slp\n|move|p2a: Gholdengo|Make It Rain|p1a: Armarouge|[spread] p1a,p1b\n|-damage|p1a: Armarouge|50\/100\n|-damage|p1b: Indeedee|60\/100 slp\n|-unboost|p2a: Gholdengo|spa|1\n|-enditem|p1b: Indeedee|Eject Button\n|\n|t:|1731720302\n|switch|p1b: Torkoal|Torkoal, L50, F|100\/100\n|-weather|SunnyDay|[from] ability: Drought|[of] p1b: Torkoal\n|move|p2b: Amoonguss|Spore|p1a: Armarouge\n|-immune|p1a: Armarouge\n|move|p1a: Armarouge|Trick Room|p1a: Armarouge\n|-fieldstart|move: Trick Room|[of] p1a: Armarouge\n|\n|-weather|SunnyDay|[upkeep]\n|upkeep\n|turn|3\n|\n|t:|1731720319\n|move|p1b: Torkoal|Protect|p1b: Torkoal\n|-singleturn|p1b: Torkoal|Protect\n|move|p2a: Gholdengo|Protect|p2a: Gholdengo\n|-singleturn|p2a: Gholdengo|Protect\n|move|p2b: Amoonguss|Spore|p1b: Torkoal\n|-activate|p1b: Torkoal|move: Protect\n|move|p1a: Armarouge|Expanding Force|p2a: Gholdengo|[spread] p2b\n|-activate|p2a: Gholdengo|move: Protect\n|-damage|p2b: Amoonguss|53\/100\n|\n|-weather|SunnyDay|[upkeep]\n|upkeep\n|turn|4\n|\n|t:|1731720335\n|switch|p1b: Indeedee|Indeedee-F, L50, F|60\/100 slp\n|move|p2b: Amoonguss|Spore|p1b: Indeedee\n|-fail|p1b: Indeedee|slp\n|move|p1a: Armarouge|Heat Wave|p2a: Gholdengo|[spread] p2a,p2b\n|-supereffective|p2a: Gholdengo\n|-resisted|p2b: Amoonguss\n|-damage|p2a: Gholdengo|0 fnt\n|-damage|p2b: Amoonguss|31\/100\n|-enditem|p2b: Amoonguss|Sitrus Berry|[eat]\n|-heal|p2b: Amoonguss|55\/100|[from] item: Sitrus Berry\n|faint|p2a: Gholdengo\n|\n|-weather|SunnyDay|[upkeep]\n|upkeep\n|\n|t:|1731720349\n|switch|p2a: Dondozo|Dondozo, L50, F, shiny|100\/100\n|turn|5\n|\n|t:|1731720354\n|switch|p2b: Tatsugiri|Tatsugiri, L50, M|100\/100\n|-activate|p2b: Tatsugiri|ability: Commander|[of] p2a: Dondozo\n|-boost|p2a: Dondozo|atk|2\n|-boost|p2a: Dondozo|spa|2\n|-boost|p2a: Dondozo|spe|2\n|-boost|p2a: Dondozo|def|2\n|-boost|p2a: Dondozo|spd|2\n|move|p1a: Armarouge|Expanding Force|p2a: Dondozo|[spread] p2a\n|-miss|p1a: Armarouge|p2b: Tatsugiri\n|-damage|p2a: Dondozo|68\/100\n|cant|p1b: Indeedee|slp\n|move|p2a: Dondozo|Order Up|p1a: Armarouge\n|-damage|p1a: Armarouge|9\/100\n|-boost|p2a: Dondozo|atk|1\n|\n|-weather|SunnyDay|[upkeep]\n|-fieldend|move: Psychic Terrain\n|upkeep\n|turn|6\n|-message|ray4gej forfeited.\n|\n|win|testing_chue\n|raw|testing_chue's rating: 1661 &rarr; <strong>1686<\/strong><br \/>(+25 for winning)\n|raw|ray4gej's rating: 1744 &rarr; <strong>1719<\/strong><br \/>(-25 for losing)\n|l|\u2606ray4gej\n|player|p2|\n|l|\u2606testing_chue\n|player|p1|\n","uploadtime":1731720636,"views":23,"formatid":"gen9vgc2024regh","rating":1686,"private":0,"password":null}