{"id":"gen9vgc2024regh-2244314654","format":"[Gen 9] VGC 2024 Reg H","players":["VGCLTH Carrots","jayjazZa"],"log":"|raw|<div class=\"broadcast-blue\"><strong>This battle is required to be public due to a player having a name starting with 'vgclth'.<\/div>\n|j|\u2606VGCLTH Carrots\n|j|\u2606jayjazZa\n|t:|1731666450\n|gametype|doubles\n|player|p1|VGCLTH Carrots|101|1689\n|player|p2|jayjazZa|265|1753\n|teamsize|p1|6\n|teamsize|p2|6\n|gen|9\n|tier|[Gen 9] VGC 2024 Reg H\n|rated|\n|rule|Species Clause: Limit one of each Pok\u00e9mon\n|rule|Item Clause: Limit 1 of each item\n|clearpoke\n|poke|p1|Rillaboom, L50, F|\n|poke|p1|Kingambit, L50, M|\n|poke|p1|Sneasler, L50, F|\n|poke|p1|Dragonite, L50, F|\n|poke|p1|Gastrodon, L50, F|\n|poke|p1|Ceruledge, L50, M|\n|poke|p2|Dondozo, L50, M|\n|poke|p2|Tatsugiri, L50, M|\n|poke|p2|Sneasler, L50, M|\n|poke|p2|Indeedee, L50, M|\n|poke|p2|Archaludon, L50, F|\n|poke|p2|Pelipper, L50, M|\n|teampreview|4\n|inactive|Battle timer is ON: inactive players will automatically lose when time's up. (requested by jayjazZa)\n|j| SnrubYesthatlldo\n|\n|t:|1731666474\n|start\n|switch|p1a: Dragonite|Dragonite, L50, F|100\/100\n|switch|p1b: Sneasler|Sneasler, L50, F|100\/100\n|switch|p2a: Indeedee|Indeedee, L50, M|100\/100\n|switch|p2b: Sneasler|Sneasler, L50, M|100\/100\n|-fieldstart|move: Psychic Terrain|[from] ability: Psychic Surge|[of] p2a: Indeedee\n|-enditem|p2b: Sneasler|Psychic Seed\n|-boost|p2b: Sneasler|spd|1|[from] item: Psychic Seed\n|turn|1\n|\n|t:|1731666493\n|switch|p1b: Rillaboom|Rillaboom, L50, F|100\/100\n|-fieldstart|move: Grassy Terrain|[from] ability: Grassy Surge|[of] p1b: Rillaboom\n|-terastallize|p2a: Indeedee|Psychic\n|-terastallize|p1a: Dragonite|Ghost\n|move|p2b: Sneasler|Dire Claw|p1a: Dragonite\n|-resisted|p1a: Dragonite\n|-damage|p1a: Dragonite|87\/100\n|move|p2a: Indeedee|Expanding Force|p1a: Dragonite\n|-damage|p1a: Dragonite|31\/100\n|move|p1a: Dragonite|Scale Shot|p2b: Sneasler\n|-damage|p2b: Sneasler|73\/100\n|-damage|p2b: Sneasler|47\/100\n|-damage|p2b: Sneasler|22\/100\n|-damage|p2b: Sneasler|0 fnt\n|faint|p2b: Sneasler\n|-hitcount|p2: Sneasler|4\n|-unboost|p1a: Dragonite|def|1\n|-boost|p1a: Dragonite|spe|1\n|\n|-heal|p1a: Dragonite|37\/100|[from] Grassy Terrain\n|upkeep\n|j| Mixam91\n|\n|t:|1731666498\n|switch|p2b: Pelipper|Pelipper, L50, M|100\/100\n|-weather|RainDance|[from] ability: Drizzle|[of] p2b: Pelipper\n|turn|2\n|\n|t:|1731666511\n|switch|p2a: Archaludon|Archaludon, L50, F|100\/100\n|move|p1b: Rillaboom|Fake Out|p2a: Archaludon\n|-resisted|p2a: Archaludon\n|-damage|p2a: Archaludon|94\/100\n|-ability|p2a: Archaludon|Stamina|boost\n|-boost|p2a: Archaludon|def|1\n|move|p1a: Dragonite|Scale Shot|p2b: Pelipper\n|-damage|p2b: Pelipper|86\/100\n|-damage|p2b: Pelipper|71\/100\n|-crit|p2b: Pelipper\n|-damage|p2b: Pelipper|49\/100\n|-damage|p2b: Pelipper|35\/100\n|-hitcount|p2b: Pelipper|4\n|-unboost|p1a: Dragonite|def|1\n|-boost|p1a: Dragonite|spe|1\n|move|p2b: Pelipper|Tailwind|p2b: Pelipper\n|-sidestart|p2: jayjazZa|move: Tailwind\n|\n|-weather|RainDance|[upkeep]\n|-heal|p2a: Archaludon|100\/100|[from] Grassy Terrain\n|-heal|p1a: Dragonite|43\/100|[from] Grassy Terrain\n|upkeep\n|turn|3\n|\n|t:|1731666532\n|move|p1a: Dragonite|Protect|p1a: Dragonite\n|-singleturn|p1a: Dragonite|Protect\n|move|p1b: Rillaboom|Grassy Glide|p2b: Pelipper\n|-damage|p2b: Pelipper|0 fnt\n|faint|p2b: Pelipper\n|move|p2a: Archaludon|Electro Shot||[still]\n|-prepare|p2a: Archaludon|Electro Shot\n|-boost|p2a: Archaludon|spa|1\n|-anim|p2a: Archaludon|Electro Shot|p1a: Dragonite\n|-activate|p1a: Dragonite|move: Protect\n|\n|-weather|RainDance|[upkeep]\n|-heal|p1a: Dragonite|49\/100|[from] Grassy Terrain\n|upkeep\n|\n|t:|1731666534\n|switch|p2b: Indeedee|Indeedee, L50, M, tera:Psychic|100\/100\n|-fieldstart|move: Psychic Terrain|[from] ability: Psychic Surge|[of] p2b: Indeedee\n|turn|4\n|\n|t:|1731666541\n|switch|p1b: Kingambit|Kingambit, L50, M|100\/100\n|move|p2b: Indeedee|Expanding Force|p1a: Dragonite|[spread] p1a\n|-immune|p1b: Kingambit\n|-damage|p1a: Dragonite|0 fnt\n|faint|p1a: Dragonite\n|move|p2a: Archaludon|Draco Meteor|p1b: Kingambit\n|-resisted|p1b: Kingambit\n|-damage|p1b: Kingambit|66\/100\n|-unboost|p2a: Archaludon|spa|2\n|\n|-weather|RainDance|[upkeep]\n|upkeep\n|\n|t:|1731666546\n|switch|p1a: Rillaboom|Rillaboom, L50, F|100\/100\n|-fieldstart|move: Grassy Terrain|[from] ability: Grassy Surge|[of] p1a: Rillaboom\n|turn|5\n|\n|t:|1731666552\n|move|p2b: Indeedee|Protect|p2b: Indeedee\n|-singleturn|p2b: Indeedee|Protect\n|move|p1b: Kingambit|Sucker Punch||[still]\n|-fail|p1b: Kingambit\n|move|p2a: Archaludon|Electro Shot||[still]\n|-prepare|p2a: Archaludon|Electro Shot\n|-boost|p2a: Archaludon|spa|1\n|-anim|p2a: Archaludon|Electro Shot|p1b: Kingambit\n|-damage|p1b: Kingambit|38\/100\n|move|p1a: Rillaboom|Wood Hammer|p2b: Indeedee\n|-activate|p2b: Indeedee|move: Protect\n|\n|-weather|RainDance|[upkeep]\n|-heal|p1b: Kingambit|44\/100|[from] Grassy Terrain\n|-sideend|p2: jayjazZa|move: Tailwind\n|upkeep\n|turn|6\n|\n|t:|1731666570\n|move|p1b: Kingambit|Sucker Punch|p2b: Indeedee\n|-supereffective|p2b: Indeedee\n|-enditem|p2b: Indeedee|Focus Sash\n|-damage|p2b: Indeedee|1\/100\n|move|p2b: Indeedee|Expanding Force|p1b: Kingambit\n|-immune|p1b: Kingambit\n|move|p2a: Archaludon|Body Press|p1b: Kingambit\n|-supereffective|p1b: Kingambit\n|-damage|p1b: Kingambit|0 fnt\n|faint|p1b: Kingambit\n|move|p1a: Rillaboom|Wood Hammer|p2b: Indeedee\n|-damage|p2b: Indeedee|0 fnt\n|faint|p2b: Indeedee\n|-damage|p1a: Rillaboom|99\/100|[from] Recoil\n|\n|-weather|none\n|-heal|p1a: Rillaboom|100\/100|[from] Grassy Terrain\n|upkeep\n|\n|t:|1731666573\n|switch|p1b: Sneasler|Sneasler, L50, F|100\/100\n|turn|7\n|\n|t:|1731666580\n|move|p1b: Sneasler|Close Combat|p2a: Archaludon\n|-supereffective|p2a: Archaludon\n|-damage|p2a: Archaludon|27\/100\n|-unboost|p1b: Sneasler|def|1\n|-unboost|p1b: Sneasler|spd|1\n|-ability|p2a: Archaludon|Stamina|boost\n|-boost|p2a: Archaludon|def|1\n|move|p2a: Archaludon|Flash Cannon|p1b: Sneasler\n|-damage|p1b: Sneasler|8\/100\n|move|p1a: Rillaboom|Knock Off|p2a: Archaludon\n|-damage|p2a: Archaludon|11\/100\n|-ability|p2a: Archaludon|Stamina|boost\n|-boost|p2a: Archaludon|def|1\n|-enditem|p2a: Archaludon|Assault Vest|[from] move: Knock Off|[of] p1a: Rillaboom\n|\n|-heal|p1b: Sneasler|14\/100|[from] Grassy Terrain\n|-heal|p2a: Archaludon|17\/100|[from] Grassy Terrain\n|upkeep\n|turn|8\n|\n|t:|1731666586\n|move|p1b: Sneasler|Close Combat|p2a: Archaludon\n|-supereffective|p2a: Archaludon\n|-damage|p2a: Archaludon|0 fnt\n|-unboost|p1b: Sneasler|def|1\n|-unboost|p1b: Sneasler|spd|1\n|faint|p2a: Archaludon\n|\n|win|VGCLTH Carrots\n|raw|VGCLTH Carrots's rating: 1689 &rarr; <strong>1713<\/strong><br \/>(+24 for winning)\n|raw|jayjazZa's rating: 1753 &rarr; <strong>1729<\/strong><br \/>(-24 for losing)\n|l|\u2606jayjazZa\n|player|p2|\n|l|\u2606VGCLTH Carrots\n|player|p1|\n|l| Mixam91\n|l| SnrubYesthatlldo\n","uploadtime":1731666752,"views":13,"formatid":"gen9vgc2024regh","rating":1713,"private":0,"password":null}