{"id":"gen9vgc2024regh-2244769654","format":"[Gen 9] VGC 2024 Reg H","players":["VGCLTH TnB","Pastels Badges"],"log":"|raw|<div class=\"broadcast-blue\"><strong>This battle is required to be public due to a player having a name starting with 'vgclth'.<\/div>\n|j|\u2606VGCLTH TnB\n|j|\u2606Pastels Badges\n|t:|1731719367\n|gametype|doubles\n|player|p1|VGCLTH TnB|roxanne-masters|1816\n|player|p2|Pastels Badges|rosa|1856\n|teamsize|p1|6\n|teamsize|p2|6\n|gen|9\n|tier|[Gen 9] VGC 2024 Reg H\n|rated|\n|rule|Species Clause: Limit one of each Pok\u00e9mon\n|rule|Item Clause: Limit 1 of each item\n|clearpoke\n|poke|p1|Klefki, L50, F|\n|poke|p1|Annihilape, L50, F|\n|poke|p1|Archaludon, L50, M|\n|poke|p1|Maushold, L50|\n|poke|p1|Sinistcha, L50|\n|poke|p1|Pelipper, L50, F|\n|poke|p2|Sneasler, L50, M|\n|poke|p2|Dragonite, L50, M|\n|poke|p2|Rillaboom, L50, M|\n|poke|p2|Volcarona, L50, M|\n|poke|p2|Dondozo, L50, M|\n|poke|p2|Kingambit, L50, M|\n|teampreview|4\n|inactive|Battle timer is ON: inactive players will automatically lose when time's up. (requested by VGCLTH TnB)\nVGCLTH TnB has agreed to open team sheets.\n|\n|t:|1731719393\n|start\n|switch|p1a: Klefki|Klefki, L50, F|100\/100\n|switch|p1b: Annihilape|Annihilape, L50, F|100\/100\n|switch|p2a: Sneasler|Sneasler, L50, M|100\/100\n|switch|p2b: Dragonite|Dragonite, L50, M|100\/100\n|turn|1\n|\n|t:|1731719417\n|move|p1b: Annihilape|Protect|p1b: Annihilape\n|-singleturn|p1b: Annihilape|Protect\n|move|p1a: Klefki|Reflect|p1a: Klefki\n|-sidestart|p1: VGCLTH TnB|Reflect\n|move|p2a: Sneasler|Coaching|p2b: Dragonite\n|-boost|p2b: Dragonite|atk|1\n|-boost|p2b: Dragonite|def|1\n|move|p2b: Dragonite|Scale Shot|p1b: Annihilape\n|-activate|p1b: Annihilape|move: Protect\n|\n|upkeep\n|turn|2\n|\n|t:|1731719425\n|move|p1a: Klefki|Misty Terrain|p1a: Klefki\n|-fieldstart|move: Misty Terrain\n|move|p2a: Sneasler|Coaching|p2b: Dragonite\n|-boost|p2b: Dragonite|atk|1\n|-boost|p2b: Dragonite|def|1\n|move|p2b: Dragonite|Scale Shot|p1b: Annihilape\n|-damage|p1b: Annihilape|91\/100\n|-damage|p1b: Annihilape|82\/100\n|-damage|p1b: Annihilape|73\/100\n|-damage|p1b: Annihilape|63\/100\n|-hitcount|p1b: Annihilape|4\n|-unboost|p2b: Dragonite|def|1\n|-boost|p2b: Dragonite|spe|1\n|move|p1b: Annihilape|Bulk Up|p1b: Annihilape\n|-boost|p1b: Annihilape|atk|1\n|-boost|p1b: Annihilape|def|1\n|\n|-heal|p1b: Annihilape|70\/100|[from] item: Leftovers\n|upkeep\n|turn|3\n|\n|t:|1731719446\n|move|p2b: Dragonite|Scale Shot|p1b: Annihilape\n|-damage|p1b: Annihilape|63\/100\n|-crit|p1b: Annihilape\n|-damage|p1b: Annihilape|41\/100\n|-damage|p1b: Annihilape|35\/100\n|-damage|p1b: Annihilape|28\/100\n|-damage|p1b: Annihilape|22\/100\n|-hitcount|p1b: Annihilape|5\n|-unboost|p2b: Dragonite|def|1\n|-boost|p2b: Dragonite|spe|1\n|move|p2a: Sneasler|Close Combat|p1a: Klefki\n|-damage|p1a: Klefki|52\/100\n|-unboost|p2a: Sneasler|def|1\n|-unboost|p2a: Sneasler|spd|1\n|move|p1b: Annihilape|Rage Fist|p2a: Sneasler\n|-enditem|p2a: Sneasler|Focus Sash\n|-damage|p2a: Sneasler|1\/100\n|move|p1a: Klefki|Dazzling Gleam|p2a: Sneasler|[spread] p2a,p2b\n|-supereffective|p2b: Dragonite\n|-damage|p2a: Sneasler|0 fnt\n|-damage|p2b: Dragonite|83\/100\n|faint|p2a: Sneasler\n|\n|-heal|p1b: Annihilape|28\/100|[from] item: Leftovers\n|upkeep\n|\n|t:|1731719467\n|switch|p2a: Volcarona|Volcarona, L50, M|100\/100\n|turn|4\n|inactive|VGCLTH TnB has 30 seconds left.\n|\n|t:|1731719498\n|move|p1b: Annihilape|Protect|p1b: Annihilape\n|-singleturn|p1b: Annihilape|Protect\n|move|p1a: Klefki|Light Screen|p1a: Klefki\n|-sidestart|p1: VGCLTH TnB|move: Light Screen\n|move|p2b: Dragonite|Scale Shot|p1b: Annihilape\n|-activate|p1b: Annihilape|move: Protect\n|move|p2a: Volcarona|Quiver Dance|p2a: Volcarona\n|-boost|p2a: Volcarona|spa|1\n|-boost|p2a: Volcarona|spd|1\n|-boost|p2a: Volcarona|spe|1\n|\n|-heal|p1b: Annihilape|35\/100|[from] item: Leftovers\n|upkeep\n|turn|5\n|\n|t:|1731719517\n|switch|p1a: Sinistcha|Sinistcha, L50|100\/100\n|-heal|p1b: Annihilape|60\/100|[from] ability: Hospitality|[of] p1a: Sinistcha\n|-terastallize|p1b: Annihilape|Fire\n|move|p2b: Dragonite|Scale Shot|p1b: Annihilape\n|-damage|p1b: Annihilape|53\/100\n|-damage|p1b: Annihilape|47\/100\n|-damage|p1b: Annihilape|39\/100\n|-damage|p1b: Annihilape|33\/100\n|-hitcount|p1b: Annihilape|4\n|-unboost|p2b: Dragonite|def|1\n|-boost|p2b: Dragonite|spe|1\n|move|p2a: Volcarona|Heat Wave|p1a: Sinistcha|[spread] p1a,p1b\n|-supereffective|p1a: Sinistcha\n|-crit|p1a: Sinistcha\n|-resisted|p1b: Annihilape\n|-damage|p1a: Sinistcha|0 fnt\n|-damage|p1b: Annihilape|20\/100\n|faint|p1a: Sinistcha\n|move|p1b: Annihilape|Rage Fist|p2a: Volcarona\n|-damage|p2a: Volcarona|0 fnt\n|faint|p2a: Volcarona\n|\n|-heal|p1b: Annihilape|26\/100|[from] item: Leftovers\n|upkeep\n|\n|t:|1731719538\n|switch|p2a: Dondozo|Dondozo, L50, M|100\/100\n|switch|p1a: Maushold|Maushold, L50|100\/100\n|turn|6\n|inactive|VGCLTH TnB has 30 seconds left.\n|inactive|Pastels Badges has 30 seconds left.\n|\n|t:|1731719569\n|-terastallize|p2b: Dragonite|Normal\n|move|p2a: Dondozo|Protect|p2a: Dondozo\n|-singleturn|p2a: Dondozo|Protect\n|move|p2b: Dragonite|Extreme Speed|p1b: Annihilape\n|-damage|p1b: Annihilape|0 fnt\n|faint|p1b: Annihilape\n|move|p1a: Maushold|Follow Me|p1a: Maushold\n|-singleturn|p1a: Maushold|move: Follow Me\n|\n|-fieldend|Misty Terrain\n|upkeep\n|-message|VGCLTH TnB forfeited.\n|\n|win|Pastels Badges\n|raw|VGCLTH TnB's rating: 1816 &rarr; <strong>1798<\/strong><br \/>(-18 for losing)\n|raw|Pastels Badges's rating: 1856 &rarr; <strong>1874<\/strong><br \/>(+18 for winning)\n|l|\u2606Pastels Badges\n|player|p2|\n","uploadtime":1731719795,"views":45,"formatid":"gen9vgc2024regh","rating":1798,"private":0,"password":null}