{"id":"gen9vgc2024regh-2244748346","format":"[Gen 9] VGC 2024 Reg H","players":["VGCLTH John Pork","I eat cabbages"],"log":"|raw|<div class=\"broadcast-blue\"><strong>This battle is required to be public due to a player having a name starting with 'vgclth'.<\/div>\n|j|\u2606VGCLTH John Pork\n|j|\u2606I eat cabbages\n|t:|1731716558\n|gametype|doubles\n|player|p1|VGCLTH John Pork|ogreclan|1707\n|player|p2|I eat cabbages|whitney|1697\n|teamsize|p1|6\n|teamsize|p2|6\n|gen|9\n|tier|[Gen 9] VGC 2024 Reg H\n|rated|\n|rule|Species Clause: Limit one of each Pok\u00e9mon\n|rule|Item Clause: Limit 1 of each item\n|clearpoke\n|poke|p1|Whimsicott, L50, F|\n|poke|p1|Typhlosion-Hisui, L50, F|\n|poke|p1|Annihilape, L50, F|\n|poke|p1|Maushold-Four, L50|\n|poke|p1|Farigiraf, L50, F|\n|poke|p1|Ursaluna-Bloodmoon, L50, M|\n|poke|p2|Ursaluna-Bloodmoon, L50, M|\n|poke|p2|Grimmsnarl, L50, M|\n|poke|p2|Archaludon, L50, F|\n|poke|p2|Ninetales-Alola, L50, M|\n|poke|p2|Annihilape, L50, F|\n|poke|p2|Magmar, L50, M|\n|teampreview|4\n|inactive|Battle timer is ON: inactive players will automatically lose when time's up. (requested by VGCLTH John Pork)\n|inactive|I eat cabbages has 60 seconds left.\n|\n|t:|1731716593\n|start\n|switch|p1a: Sedate|Maushold-Four, L50|100\/100\n|switch|p1b: They remain|Farigiraf, L50, F|100\/100\n|switch|p2a: Ursaluna|Ursaluna-Bloodmoon, L50, M|100\/100\n|switch|p2b: Grimmsnarl|Grimmsnarl, L50, M|100\/100\n|turn|1\n|inactive|VGCLTH John Pork has 30 seconds left.\n|\n|t:|1731716623\n|-terastallize|p2a: Ursaluna|Ghost\n|move|p1a: Sedate|Follow Me|p1a: Sedate\n|-singleturn|p1a: Sedate|move: Follow Me\n|move|p2b: Grimmsnarl|Light Screen|p2b: Grimmsnarl\n|-sidestart|p2: I eat cabbages|move: Light Screen\n|move|p2a: Ursaluna|Hyper Voice|p1a: Sedate|[spread] p1a,p1b\n|-damage|p1a: Sedate|44\/100\n|-damage|p1b: They remain|60\/100\n|move|p1b: They remain|Trick Room|p1b: They remain\n|-fieldstart|move: Trick Room|[of] p1b: They remain\n|\n|upkeep\n|turn|2\n|\n|t:|1731716629\n|move|p2b: Grimmsnarl|Reflect|p2b: Grimmsnarl\n|-sidestart|p2: I eat cabbages|Reflect\n|move|p1b: They remain|Psychic Noise|p2a: Ursaluna\n|-damage|p2a: Ursaluna|84\/100\n|-start|p2a: Ursaluna|move: Heal Block\n|-enditem|p1b: They remain|Throat Spray\n|-boost|p1b: They remain|spa|1|[from] item: Throat Spray\n|move|p2a: Ursaluna|Hyper Voice|p1b: They remain|[spread] p1a,p1b\n|-damage|p1a: Sedate|0 fnt\n|-damage|p1b: They remain|24\/100\n|faint|p1a: Sedate\n|\n|upkeep\n|\n|t:|1731716638\n|switch|p1a: Unashamed|Ursaluna-Bloodmoon, L50, M|100\/100\n|turn|3\n|\n|t:|1731716651\n|-terastallize|p1a: Unashamed|Normal\n|move|p2b: Grimmsnarl|Thunder Wave|p2a: Ursaluna\n|-status|p2a: Ursaluna|par\n|move|p2a: Ursaluna|Hyper Voice|p1a: Unashamed|[spread] p1a,p1b\n|-damage|p1a: Unashamed|53\/100\n|-damage|p1b: They remain|0 fnt\n|faint|p1b: They remain\n|move|p1a: Unashamed|Blood Moon|p2a: Ursaluna\n|-damage|p2a: Ursaluna|13\/100 par\n|-damage|p1a: Unashamed|43\/100|[from] item: Life Orb\n|\n|-end|p2a: Ursaluna|move: Heal Block\n|upkeep\n|\n|t:|1731716658\n|switch|p1b: It\u2019s used to|Annihilape, L50, F|100\/100\n|turn|4\n|\n|t:|1731716674\n|move|p1a: Unashamed|Vacuum Wave|p2a: Ursaluna\n|-damage|p2a: Ursaluna|1\/100 par\n|-damage|p1a: Unashamed|34\/100|[from] item: Life Orb\n|move|p2b: Grimmsnarl|Thunder Wave|p1b: It\u2019s used to\n|-status|p1b: It\u2019s used to|par\n|cant|p2a: Ursaluna|par\n|cant|p1b: It\u2019s used to|par\n|\n|upkeep\n|turn|5\n|\n|t:|1731716697\n|move|p1a: Unashamed|Vacuum Wave|p2a: Ursaluna\n|-damage|p2a: Ursaluna|0 fnt\n|faint|p2a: Ursaluna\n|-damage|p1a: Unashamed|24\/100|[from] item: Life Orb\n|move|p2b: Grimmsnarl|Thunder Wave|p1a: Unashamed|[miss]\n|-miss|p2b: Grimmsnarl|p1a: Unashamed\n|move|p1b: It\u2019s used to|Drain Punch|p2b: Grimmsnarl\n|-damage|p2b: Grimmsnarl|63\/100\n|\n|-fieldend|move: Trick Room\n|upkeep\n|\n|t:|1731716706\n|switch|p2a: Annihilape|Annihilape, L50, F|100\/100\n|turn|6\n|-message|VGCLTH John Pork forfeited.\n|\n|win|I eat cabbages\n|raw|VGCLTH John Pork's rating: 1707 &rarr; <strong>1686<\/strong><br \/>(-21 for losing)\n|raw|I eat cabbages's rating: 1697 &rarr; <strong>1718<\/strong><br \/>(+21 for winning)\n|l|\u2606VGCLTH John Pork\n|player|p1|\n|l|\u2606I eat cabbages\n|player|p2|\n","uploadtime":1731716720,"views":20,"formatid":"gen9vgc2024regh","rating":1686,"private":0,"password":null}