{"id":"gen9vgc2024regh-2244235975","format":"[Gen 9] VGC 2024 Reg H","players":["VGCLTH NOTREALVGC","don't use magmar"],"log":"|raw|<div class=\"broadcast-blue\"><strong>This battle is required to be public due to a player having a name starting with 'vgclth'.<\/div>\n|j|\u2606VGCLTH NOTREALVGC\n|j|\u2606don't use magmar\n|t:|1731651253\n|gametype|doubles\n|player|p1|VGCLTH NOTREALVGC|dawn|1748\n|player|p2|don't use magmar|lucas|1763\n|teamsize|p1|6\n|teamsize|p2|6\n|gen|9\n|tier|[Gen 9] VGC 2024 Reg H\n|rated|\n|rule|Species Clause: Limit one of each Pok\u00e9mon\n|rule|Item Clause: Limit 1 of each item\n|clearpoke\n|poke|p1|Indeedee, L50, M|\n|poke|p1|Dondozo, L50, M|\n|poke|p1|Talonflame, L50, M|\n|poke|p1|Tatsugiri, L50, M|\n|poke|p1|Sneasler, L50, M|\n|poke|p1|Ursaluna-Bloodmoon, L50, M|\n|poke|p2|Dondozo, L50, F|\n|poke|p2|Rillaboom, L50, F|\n|poke|p2|Gholdengo, L50|\n|poke|p2|Sneasler, L50, F|\n|poke|p2|Ursaluna-Bloodmoon, L50, M|\n|poke|p2|Dragonite, L50, F|\n|teampreview|4\n|inactive|Battle timer is ON: inactive players will automatically lose when time's up. (requested by VGCLTH NOTREALVGC)\n|j| VGCLTH TnB\nVGCLTH NOTREALVGC has agreed to open team sheets.\n|j| mr pogostick\n|inactive|VGCLTH NOTREALVGC has 60 seconds left.\n|\n|t:|1731651288\n|start\n|switch|p1a: Talonflame|Talonflame, L50, M|100\/100\n|switch|p1b: Ursaluna|Ursaluna-Bloodmoon, L50, M|100\/100\n|switch|p2a: Sneasler|Sneasler, L50, F|100\/100\n|switch|p2b: Dragonite|Dragonite, L50, F|100\/100\n|turn|1\n|\n|t:|1731651307\n|-terastallize|p1b: Ursaluna|Ghost\n|move|p2a: Sneasler|Fake Out|p1b: Ursaluna\n|-immune|p1b: Ursaluna\n|move|p1a: Talonflame|Will-O-Wisp|p2b: Dragonite\n|-status|p2b: Dragonite|brn\n|move|p2b: Dragonite|Scale Shot|p1a: Talonflame\n|-damage|p1a: Talonflame|89\/100\n|-crit|p1a: Talonflame\n|-damage|p1a: Talonflame|72\/100\n|-damage|p1a: Talonflame|60\/100\n|-damage|p1a: Talonflame|49\/100\n|-damage|p1a: Talonflame|38\/100\n|-hitcount|p1a: Talonflame|5\n|-unboost|p2b: Dragonite|def|1\n|-boost|p2b: Dragonite|spe|1\n|move|p1b: Ursaluna|Hyper Voice|p2b: Dragonite|[spread] p2a,p2b\n|-damage|p2a: Sneasler|36\/100\n|-damage|p2b: Dragonite|74\/100 brn\n|-damage|p1b: Ursaluna|91\/100|[from] item: Life Orb\n|\n|-damage|p2b: Dragonite|68\/100 brn|[from] brn\n|upkeep\n|turn|2\n|\n|t:|1731651319\n|move|p2b: Dragonite|Scale Shot|p1a: Talonflame\n|-damage|p1a: Talonflame|27\/100\n|-damage|p1a: Talonflame|15\/100\n|-damage|p1a: Talonflame|4\/100\n|-damage|p1a: Talonflame|0 fnt\n|faint|p1a: Talonflame\n|-hitcount|p1: Talonflame|4\n|-unboost|p2b: Dragonite|def|1\n|-boost|p2b: Dragonite|spe|1\n|move|p2a: Sneasler|Dire Claw|p1b: Ursaluna\n|-resisted|p1b: Ursaluna\n|-damage|p1b: Ursaluna|75\/100\n|-status|p1b: Ursaluna|slp\n|cant|p1b: Ursaluna|slp\n|\n|-damage|p2b: Dragonite|62\/100 brn|[from] brn\n|upkeep\n|\n|t:|1731651325\n|switch|p1a: Sneasler|Sneasler, L50, M|100\/100\n|turn|3\n|\n|t:|1731651335\n|move|p1a: Sneasler|Protect|p1a: Sneasler\n|-singleturn|p1a: Sneasler|Protect\n|move|p2b: Dragonite|Scale Shot|p1a: Sneasler\n|-activate|p1a: Sneasler|move: Protect\n|move|p2a: Sneasler|Dire Claw|p1a: Sneasler\n|-activate|p1a: Sneasler|move: Protect\n|cant|p1b: Ursaluna|slp\n|\n|-damage|p2b: Dragonite|56\/100 brn|[from] brn\n|upkeep\n|turn|4\n|\n|t:|1731651345\n|switch|p1b: Indeedee|Indeedee, L50, M|100\/100\n|-fieldstart|move: Psychic Terrain|[from] ability: Psychic Surge|[of] p1b: Indeedee\n|-enditem|p1a: Sneasler|Psychic Seed\n|-boost|p1a: Sneasler|spd|1|[from] item: Psychic Seed\n|move|p1a: Sneasler|Dire Claw|p2b: Dragonite\n|-damage|p2b: Dragonite|0 fnt\n|faint|p2b: Dragonite\n|move|p2a: Sneasler|Close Combat|p1a: Sneasler\n|-resisted|p1a: Sneasler\n|-damage|p1a: Sneasler|45\/100\n|-unboost|p2a: Sneasler|def|1\n|-unboost|p2a: Sneasler|spd|1\n|\n|upkeep\n|\n|t:|1731651359\n|switch|p2b: Rillaboom|Rillaboom, L50, F|100\/100\n|-fieldstart|move: Grassy Terrain|[from] ability: Grassy Surge|[of] p2b: Rillaboom\n|turn|5\n|\n|t:|1731651370\n|switch|p1b: Ursaluna|Ursaluna-Bloodmoon, L50, M, tera:Ghost|75\/100 slp\n|move|p1a: Sneasler|Protect|p1a: Sneasler\n|-singleturn|p1a: Sneasler|Protect\n|move|p2b: Rillaboom|Fake Out|p1a: Sneasler\n|-activate|p1a: Sneasler|move: Protect\n|move|p2a: Sneasler|Dire Claw|p1b: Ursaluna\n|-resisted|p1b: Ursaluna\n|-damage|p1b: Ursaluna|58\/100 slp\n|\n|-heal|p1a: Sneasler|51\/100|[from] Grassy Terrain\n|-heal|p2a: Sneasler|42\/100|[from] Grassy Terrain\n|-heal|p1b: Ursaluna|63\/100 slp|[from] Grassy Terrain\n|upkeep\n|turn|6\n|\n|t:|1731651384\n|switch|p2b: Dondozo|Dondozo, L50, F|100\/100\n|move|p1a: Sneasler|Dire Claw|p2a: Sneasler\n|-resisted|p2a: Sneasler\n|-crit|p2a: Sneasler\n|-damage|p2a: Sneasler|0 fnt\n|faint|p2a: Sneasler\n|cant|p1b: Ursaluna|slp\n|\n|-heal|p1a: Sneasler|57\/100|[from] Grassy Terrain\n|-heal|p1b: Ursaluna|69\/100 slp|[from] Grassy Terrain\n|upkeep\n|\n|t:|1731651389\n|switch|p2a: Rillaboom|Rillaboom, L50, F|100\/100\n|turn|7\n|\n|t:|1731651410\n|-terastallize|p2a: Rillaboom|Fire\n|-curestatus|p1b: Ursaluna|slp|[msg]\n|move|p1b: Ursaluna|Protect|p1b: Ursaluna\n|-singleturn|p1b: Ursaluna|Protect\n|move|p1a: Sneasler|Dire Claw|p2a: Rillaboom\n|-damage|p2a: Rillaboom|61\/100\n|-status|p2a: Rillaboom|par\n|move|p2b: Dondozo|Wave Crash|p1a: Sneasler\n|-damage|p1a: Sneasler|0 fnt\n|faint|p1a: Sneasler\n|-damage|p2b: Dondozo|88\/100|[from] Recoil\n|move|p2a: Rillaboom|Wood Hammer|p1b: Ursaluna\n|-activate|p1b: Ursaluna|move: Protect\n|\n|-heal|p1b: Ursaluna|75\/100|[from] Grassy Terrain\n|-heal|p2b: Dondozo|95\/100|[from] Grassy Terrain\n|-heal|p2b: Dondozo|100\/100|[from] item: Leftovers\n|-heal|p2a: Rillaboom|67\/100 par|[from] Grassy Terrain\n|upkeep\n|\n|t:|1731651414\n|switch|p1a: Indeedee|Indeedee, L50, M|100\/100\n|-fieldstart|move: Psychic Terrain|[from] ability: Psychic Surge|[of] p1a: Indeedee\n|turn|8\n|\n|t:|1731651425\n|move|p1a: Indeedee|Expanding Force|p2b: Dondozo|[spread] p2a,p2b\n|-damage|p2a: Rillaboom|8\/100 par\n|-damage|p2b: Dondozo|63\/100\n|move|p1b: Ursaluna|Earth Power|p2a: Rillaboom\n|-supereffective|p2a: Rillaboom\n|-damage|p2a: Rillaboom|0 fnt\n|faint|p2a: Rillaboom\n|-damage|p1b: Ursaluna|66\/100|[from] item: Life Orb\n|move|p2b: Dondozo|Yawn|p1a: Indeedee\n|-start|p1a: Indeedee|move: Yawn|[of] p2b: Dondozo\n|\n|-heal|p2b: Dondozo|69\/100|[from] item: Leftovers\n|upkeep\n|turn|9\n|\n|t:|1731651431\n|move|p2b: Dondozo|Protect|p2b: Dondozo\n|-singleturn|p2b: Dondozo|Protect\n|move|p1a: Indeedee|Expanding Force|p2b: Dondozo\n|-activate|p2b: Dondozo|move: Protect\n|move|p1b: Ursaluna|Hyper Voice|p2b: Dondozo\n|-activate|p2b: Dondozo|move: Protect\n|\n|-heal|p2b: Dondozo|76\/100|[from] item: Leftovers\n|-end|p1a: Indeedee|move: Yawn|[silent]\n|-status|p1a: Indeedee|slp\n|upkeep\n|turn|10\n|\n|t:|1731651434\n|cant|p1a: Indeedee|slp\n|move|p1b: Ursaluna|Blood Moon|p2b: Dondozo\n|-damage|p2b: Dondozo|1\/100\n|-damage|p1b: Ursaluna|56\/100|[from] item: Life Orb\n|move|p2b: Dondozo|Yawn|p1b: Ursaluna\n|-start|p1b: Ursaluna|move: Yawn|[of] p2b: Dondozo\n|\n|-heal|p2b: Dondozo|8\/100|[from] item: Leftovers\n|upkeep\n|turn|11\n|\n|t:|1731651438\n|move|p2b: Dondozo|Protect|p2b: Dondozo\n|-singleturn|p2b: Dondozo|Protect\n|cant|p1a: Indeedee|slp\n|move|p1b: Ursaluna|Hyper Voice|p2b: Dondozo\n|-activate|p2b: Dondozo|move: Protect\n|\n|-heal|p2b: Dondozo|14\/100|[from] item: Leftovers\n|-end|p1b: Ursaluna|move: Yawn|[silent]\n|-status|p1b: Ursaluna|slp\n|upkeep\n|turn|12\n|\n|t:|1731651441\n|cant|p1a: Indeedee|slp\n|cant|p1b: Ursaluna|slp\n|move|p2b: Dondozo|Wave Crash|p1b: Ursaluna\n|-damage|p1b: Ursaluna|13\/100 slp\n|-damage|p2b: Dondozo|3\/100|[from] Recoil\n|\n|-heal|p2b: Dondozo|9\/100|[from] item: Leftovers\n|-fieldend|move: Psychic Terrain\n|upkeep\n|turn|13\n|\n|t:|1731651443\n|-curestatus|p1a: Indeedee|slp|[msg]\n|move|p1a: Indeedee|Expanding Force|p2b: Dondozo\n|-damage|p2b: Dondozo|0 fnt\n|faint|p2b: Dondozo\n|\n|win|VGCLTH NOTREALVGC\n|raw|VGCLTH NOTREALVGC's rating: 1748 &rarr; <strong>1769<\/strong><br \/>(+21 for winning)\n|raw|don&apos;t use magmar's rating: 1763 &rarr; <strong>1742<\/strong><br \/>(-21 for losing)\n|l|\u2606don't use magmar\n|player|p2|\n|l|\u2606VGCLTH NOTREALVGC\n|player|p1|\n|l| mr pogostick\n|l| VGCLTH TnB\n","uploadtime":1731651659,"views":65,"formatid":"gen9vgc2024regh","rating":1742,"private":0,"password":null}