{"id":"gen9vgc2024regh-2244301715","format":"[Gen 9] VGC 2024 Reg H","players":["qiyeO.o","VGCLTH fangame10"],"log":"|j|\u2606qiyeO.o\n|j|\u2606VGCLTH fangame10\n|t:|1731664095\n|gametype|doubles\n|player|p1|qiyeO.o|nancy|1666\n|player|p2|VGCLTH fangame10|red|1747\n|teamsize|p1|6\n|teamsize|p2|6\n|gen|9\n|tier|[Gen 9] VGC 2024 Reg H\n|rated|\n|rule|Species Clause: Limit one of each Pok\u00e9mon\n|rule|Item Clause: Limit 1 of each item\n|clearpoke\n|poke|p1|Dragonite, L50, F|\n|poke|p1|Gholdengo, L50|\n|poke|p1|Kingambit, L50, M|\n|poke|p1|Primarina, L50, F|\n|poke|p1|Rillaboom, L50, F|\n|poke|p1|Archaludon, L50, F|\n|poke|p2|Glaceon, L50, F|\n|poke|p2|Ninetales-Alola, L50, F|\n|poke|p2|Milotic, L50, M|\n|poke|p2|Skeledirge, L50, M|\n|poke|p2|Ursaluna-Bloodmoon, L50, M|\n|poke|p2|Annihilape, L50, M|\n|teampreview|4\n|inactive|Battle timer is ON: inactive players will automatically lose when time's up. (requested by VGCLTH fangame10)\n|inactive|qiyeO.o has 60 seconds left.\n|inactive|qiyeO.o has 30 seconds left.\n|\n|t:|1731664159\n|start\n|switch|p1a: \u897f\u897f\u7684\u65bd|Primarina, L50, F, shiny|100\/100\n|switch|p1b: \u5bcc\u5bcc\u7684\u8c6a|Gholdengo, L50|100\/100\n|switch|p2a: Ninetales|Ninetales-Alola, L50, F, shiny|100\/100\n|switch|p2b: Annihilape|Annihilape, L50, M, shiny|100\/100\n|-weather|Snow|[from] ability: Snow Warning|[of] p2a: Ninetales\n|turn|1\n|inactive|qiyeO.o has 30 seconds left.\n|\n|t:|1731664189\n|-terastallize|p1b: \u5bcc\u5bcc\u7684\u8c6a|Steel\n|-terastallize|p2b: Annihilape|Electric\n|move|p1b: \u5bcc\u5bcc\u7684\u8c6a|Make It Rain|p2b: Annihilape|[spread] p2a,p2b\n|-supereffective|p2a: Ninetales\n|-resisted|p2b: Annihilape\n|-damage|p2a: Ninetales|0 fnt\n|-damage|p2b: Annihilape|71\/100\n|-unboost|p1b: \u5bcc\u5bcc\u7684\u8c6a|spa|1\n|faint|p2a: Ninetales\n|move|p2b: Annihilape|Rage Fist|p1b: \u5bcc\u5bcc\u7684\u8c6a\n|-damage|p1b: \u5bcc\u5bcc\u7684\u8c6a|54\/100\n|move|p1a: \u897f\u897f\u7684\u65bd|Moonblast|p2b: Annihilape\n|-damage|p2b: Annihilape|22\/100\n|-unboost|p2b: Annihilape|spa|1\n|-ability|p2b: Annihilape|Defiant|boost\n|-boost|p2b: Annihilape|atk|2\n|\n|-weather|Snow|[upkeep]\n|-heal|p2b: Annihilape|28\/100|[from] item: Leftovers\n|upkeep\n|inactive|VGCLTH fangame10 has 30 seconds left.\n|\n|t:|1731664215\n|switch|p2a: Milotic|Milotic, L50, M, shiny|100\/100\n|turn|2\n|\n|t:|1731664228\n|move|p1b: \u5bcc\u5bcc\u7684\u8c6a|Make It Rain|p2b: Annihilape|[spread] p2a,p2b\n|-resisted|p2a: Milotic\n|-resisted|p2b: Annihilape\n|-damage|p2a: Milotic|86\/100\n|-damage|p2b: Annihilape|7\/100\n|-unboost|p1b: \u5bcc\u5bcc\u7684\u8c6a|spa|1\n|move|p2b: Annihilape|Rage Fist|p1a: \u897f\u897f\u7684\u65bd\n|-damage|p1a: \u897f\u897f\u7684\u65bd|0 fnt\n|faint|p1a: \u897f\u897f\u7684\u65bd\n|move|p2a: Milotic|Life Dew|p2a: Milotic|[spread] p2a,p2b\n|-heal|p2a: Milotic|100\/100\n|-heal|p2b: Annihilape|32\/100\n|\n|-weather|Snow|[upkeep]\n|-heal|p2b: Annihilape|38\/100|[from] item: Leftovers\n|upkeep\n|\n|t:|1731664237\n|switch|p1a: \u5976\u5976\u7684\u9f99|Dragonite, L50, F|100\/100\n|turn|3\n|\n|t:|1731664248\n|switch|p1b: \u5927\u5927\u7684\u5c06|Kingambit, L50, M|100\/100\n|move|p2b: Annihilape|Protect|p2b: Annihilape\n|-singleturn|p2b: Annihilape|Protect\n|move|p1a: \u5976\u5976\u7684\u9f99|Scale Shot|p2a: Milotic\n|-damage|p2a: Milotic|85\/100\n|-damage|p2a: Milotic|66\/100\n|-damage|p2a: Milotic|48\/100\n|-enditem|p2a: Milotic|Sitrus Berry|[eat]\n|-heal|p2a: Milotic|73\/100|[from] item: Sitrus Berry\n|-damage|p2a: Milotic|57\/100\n|-hitcount|p2a: Milotic|4\n|-unboost|p1a: \u5976\u5976\u7684\u9f99|def|1\n|-boost|p1a: \u5976\u5976\u7684\u9f99|spe|1\n|move|p2a: Milotic|Life Dew|p2a: Milotic|[spread] p2a,p2b\n|-heal|p2a: Milotic|82\/100\n|-heal|p2b: Annihilape|63\/100\n|\n|-weather|Snow|[upkeep]\n|-heal|p2b: Annihilape|69\/100|[from] item: Leftovers\n|upkeep\n|turn|4\n|\n|t:|1731664269\n|move|p1b: \u5927\u5927\u7684\u5c06|Sucker Punch|p2b: Annihilape\n|-damage|p2b: Annihilape|18\/100\n|move|p1a: \u5976\u5976\u7684\u9f99|Scale Shot|p2b: Annihilape\n|-damage|p2b: Annihilape|3\/100\n|-damage|p2b: Annihilape|0 fnt\n|faint|p2b: Annihilape\n|-hitcount|p2: Annihilape|2\n|-unboost|p1a: \u5976\u5976\u7684\u9f99|def|1\n|-boost|p1a: \u5976\u5976\u7684\u9f99|spe|1\n|move|p2a: Milotic|Coil|p2a: Milotic\n|-boost|p2a: Milotic|atk|1\n|-boost|p2a: Milotic|def|1\n|-boost|p2a: Milotic|accuracy|1\n|\n|-weather|Snow|[upkeep]\n|upkeep\n|\n|t:|1731664271\n|switch|p2b: Ursaluna|Ursaluna-Bloodmoon, L50, M|100\/100\n|turn|5\n|inactive|qiyeO.o has 30 seconds left.\n|\n|t:|1731664300\n|move|p1b: \u5927\u5927\u7684\u5c06|Sucker Punch|p2b: Ursaluna\n|-damage|p2b: Ursaluna|60\/100\n|move|p1a: \u5976\u5976\u7684\u9f99|Scale Shot|p2b: Ursaluna\n|-damage|p2b: Ursaluna|49\/100\n|-damage|p2b: Ursaluna|37\/100\n|-damage|p2b: Ursaluna|25\/100\n|-damage|p2b: Ursaluna|13\/100\n|-damage|p2b: Ursaluna|0 fnt\n|faint|p2b: Ursaluna\n|-hitcount|p2: Ursaluna|5\n|-unboost|p1a: \u5976\u5976\u7684\u9f99|def|1\n|-boost|p1a: \u5976\u5976\u7684\u9f99|spe|1\n|move|p2a: Milotic|Hypnosis|p1a: \u5976\u5976\u7684\u9f99\n|-status|p1a: \u5976\u5976\u7684\u9f99|slp|[from] move: Hypnosis\n|\n|-weather|none\n|upkeep\n|turn|6\n|\n|t:|1731664318\n|switch|p1b: \u5bcc\u5bcc\u7684\u8c6a|Gholdengo, L50, tera:Steel|54\/100\n|cant|p1a: \u5976\u5976\u7684\u9f99|slp\n|move|p2a: Milotic|Coil|p2a: Milotic\n|-boost|p2a: Milotic|atk|1\n|-boost|p2a: Milotic|def|1\n|-boost|p2a: Milotic|accuracy|1\n|\n|upkeep\n|turn|7\n|\n|t:|1731664322\n|-curestatus|p1a: \u5976\u5976\u7684\u9f99|slp|[msg]\n|move|p1a: \u5976\u5976\u7684\u9f99|Scale Shot|p2a: Milotic\n|-damage|p2a: Milotic|73\/100\n|-damage|p2a: Milotic|65\/100\n|-damage|p2a: Milotic|55\/100\n|-damage|p2a: Milotic|46\/100\n|-hitcount|p2a: Milotic|4\n|-unboost|p1a: \u5976\u5976\u7684\u9f99|def|1\n|-boost|p1a: \u5976\u5976\u7684\u9f99|spe|1\n|move|p1b: \u5bcc\u5bcc\u7684\u8c6a|Trick|p2a: Milotic\n|-activate|p1b: \u5bcc\u5bcc\u7684\u8c6a|move: Trick|[of] p2a: Milotic\n|-item|p2a: Milotic|Choice Scarf|[from] move: Trick\n|-enditem|p1b: \u5bcc\u5bcc\u7684\u8c6a|Choice Scarf|[silent]|[from] move: Trick\n|move|p2a: Milotic|Muddy Water|p1a: \u5976\u5976\u7684\u9f99|[spread] p1a,p1b\n|-resisted|p1a: \u5976\u5976\u7684\u9f99\n|-damage|p1a: \u5976\u5976\u7684\u9f99|95\/100\n|-damage|p1b: \u5bcc\u5bcc\u7684\u8c6a|25\/100\n|-unboost|p1a: \u5976\u5976\u7684\u9f99|accuracy|1\n|\n|upkeep\n|turn|8\n|-message|VGCLTH fangame10 forfeited.\n|\n|win|qiyeO.o\n|raw|qiyeO.o's rating: 1666 &rarr; <strong>1689<\/strong><br \/>(+23 for winning)\n|raw|VGCLTH fangame10's rating: 1719 &rarr; <strong>1696<\/strong><br \/>(-23 for losing)\n|l|\u2606VGCLTH fangame10\n|player|p2|\n|l|\u2606qiyeO.o\n|player|p1|\n","uploadtime":1731664345,"views":14,"formatid":"gen9vgc2024regh","rating":1689,"private":0,"password":null}