{"id":"gen9vgc2024regh-2244301049","format":"[Gen 9] VGC 2024 Reg H","players":["fastest testing","VGCLTH Carrots"],"log":"|raw|<div class=\"broadcast-blue\"><strong>This battle is required to be public due to a player having a name starting with 'vgclth'.<\/div>\n|j|\u2606fastest testing\n|j|\u2606VGCLTH Carrots\n|t:|1731663975\n|gametype|doubles\n|player|p1|fastest testing|169|1652\n|player|p2|VGCLTH Carrots|101|1778\n|teamsize|p1|6\n|teamsize|p2|6\n|gen|9\n|tier|[Gen 9] VGC 2024 Reg H\n|rated|\n|rule|Species Clause: Limit one of each Pok\u00e9mon\n|rule|Item Clause: Limit 1 of each item\n|clearpoke\n|poke|p1|Mimikyu, L50, F|\n|poke|p1|Torkoal, L50, M|\n|poke|p1|Ursaluna-Bloodmoon, L50, M|\n|poke|p1|Primarina, L50, F|\n|poke|p1|Annihilape, L50, M|\n|poke|p1|Rillaboom, L50, M|\n|poke|p2|Rillaboom, L50, F|\n|poke|p2|Kingambit, L50, M|\n|poke|p2|Sneasler, L50, F|\n|poke|p2|Dragonite, L50, F|\n|poke|p2|Gastrodon, L50, F|\n|poke|p2|Ceruledge, L50, M|\n|teampreview|4\n|\n|t:|1731664011\n|start\n|switch|p1a: Annihilape|Annihilape, L50, M|100\/100\n|switch|p1b: Mimikyu|Mimikyu, L50, F|100\/100\n|switch|p2a: Sneasler|Sneasler, L50, F|100\/100\n|switch|p2b: Dragonite|Dragonite, L50, F|100\/100\n|turn|1\n|\n|t:|1731664049\n|move|p2b: Dragonite|Protect|p2b: Dragonite\n|-singleturn|p2b: Dragonite|Protect\n|move|p1b: Mimikyu|Protect|p1b: Mimikyu\n|-singleturn|p1b: Mimikyu|Protect\n|move|p2a: Sneasler|Coaching|p2b: Dragonite\n|-boost|p2b: Dragonite|atk|1\n|-boost|p2b: Dragonite|def|1\n|move|p1a: Annihilape|Shadow Claw|p2a: Sneasler\n|-damage|p2a: Sneasler|54\/100\n|\n|upkeep\n|turn|2\n|\n|t:|1731664062\n|move|p2a: Sneasler|Coaching|p2b: Dragonite\n|-boost|p2b: Dragonite|atk|1\n|-boost|p2b: Dragonite|def|1\n|move|p1a: Annihilape|Final Gambit|p2b: Dragonite\n|-damage|p2b: Dragonite|0 fnt\n|faint|p1a: Annihilape\n|faint|p2b: Dragonite\n|move|p1b: Mimikyu|Trick Room|p1b: Mimikyu\n|-fieldstart|move: Trick Room|[of] p1b: Mimikyu\n|\n|upkeep\n|\n|t:|1731664078\n|switch|p2b: Rillaboom|Rillaboom, L50, F|100\/100\n|switch|p1a: Ursaluna|Ursaluna-Bloodmoon, L50, M|100\/100\n|-fieldstart|move: Grassy Terrain|[from] ability: Grassy Surge|[of] p2b: Rillaboom\n|turn|3\n|\n|t:|1731664091\n|-terastallize|p1a: Ursaluna|Normal\n|move|p2b: Rillaboom|Fake Out|p1a: Ursaluna\n|-damage|p1a: Ursaluna|90\/100\n|cant|p1a: Ursaluna|flinch\n|move|p1b: Mimikyu|Will-O-Wisp|p2b: Rillaboom\n|-status|p2b: Rillaboom|brn\n|move|p2a: Sneasler|Coaching|p2b: Rillaboom\n|-boost|p2b: Rillaboom|atk|1\n|-boost|p2b: Rillaboom|def|1\n|\n|-heal|p1a: Ursaluna|96\/100|[from] Grassy Terrain\n|-heal|p2a: Sneasler|60\/100|[from] Grassy Terrain\n|-damage|p2b: Rillaboom|95\/100 brn|[from] brn\n|upkeep\n|turn|4\n|\n|t:|1731664109\n|switch|p1b: Torkoal|Torkoal, L50, M|100\/100\n|-weather|SunnyDay|[from] ability: Drought|[of] p1b: Torkoal\n|move|p1a: Ursaluna|Hyper Voice|p2a: Sneasler|[spread] p2a,p2b\n|-damage|p2a: Sneasler|0 fnt\n|-damage|p2b: Rillaboom|20\/100 brn\n|faint|p2a: Sneasler\n|-damage|p1a: Ursaluna|86\/100|[from] item: Life Orb\n|move|p2b: Rillaboom|Wood Hammer|p1a: Ursaluna\n|-damage|p1a: Ursaluna|30\/100\n|-damage|p2b: Rillaboom|0 fnt|[from] Recoil\n|faint|p2b: Rillaboom\n|\n|-weather|SunnyDay|[upkeep]\n|-heal|p1a: Ursaluna|36\/100|[from] Grassy Terrain\n|upkeep\n|\n|t:|1731664116\n|switch|p2b: Kingambit|Kingambit, L50, M|100\/100\n|turn|5\n|-message|VGCLTH Carrots forfeited.\n|\n|win|fastest testing\n|raw|fastest testing's rating: 1652 &rarr; <strong>1679<\/strong><br \/>(+27 for winning)\n|raw|VGCLTH Carrots's rating: 1778 &rarr; <strong>1751<\/strong><br \/>(-27 for losing)\n|l|\u2606VGCLTH Carrots\n|player|p2|\n|l|\u2606fastest testing\n|player|p1|\n","uploadtime":1731664392,"views":16,"formatid":"gen9vgc2024regh","rating":1679,"private":0,"password":null}