{"id":"gen9vgc2024regh-2244757420","format":"[Gen 9] VGC 2024 Reg H","players":["VGCLTH R0gue","VGCLTH John Pork"],"log":"|raw|<div class=\"broadcast-blue\"><strong>This battle is required to be public due to a player having a name starting with 'vgclth'.<\/div>\n|j|\u2606VGCLTH R0gue\n|j|\u2606VGCLTH John Pork\n|t:|1731717758\n|gametype|doubles\n|player|p1|VGCLTH R0gue|ingo|1662\n|player|p2|VGCLTH John Pork|ogreclan|1734\n|teamsize|p1|6\n|teamsize|p2|6\n|gen|9\n|tier|[Gen 9] VGC 2024 Reg H\n|rated|\n|rule|Species Clause: Limit one of each Pok\u00e9mon\n|rule|Item Clause: Limit 1 of each item\n|clearpoke\n|poke|p1|Sneasler, L50, M|\n|poke|p1|Primarina, L50, M|\n|poke|p1|Kingambit, L50, M|\n|poke|p1|Rillaboom, L50, M|\n|poke|p1|Electabuzz, L50, M|\n|poke|p1|Dragapult, L50, F|\n|poke|p2|Whimsicott, L50, M|\n|poke|p2|Typhlosion-Hisui, L50, F|\n|poke|p2|Annihilape, L50, F|\n|poke|p2|Maushold-Four, L50|\n|poke|p2|Farigiraf, L50, F|\n|poke|p2|Ursaluna-Bloodmoon, L50, M|\n|teampreview|4\n|inactive|Battle timer is ON: inactive players will automatically lose when time's up. (requested by VGCLTH John Pork)\n|inactive|VGCLTH R0gue also wants the timer to be on.\nVGCLTH R0gue has agreed to open team sheets.\n|inactive|VGCLTH John Pork has 60 seconds left.\n|\n|t:|1731717793\n|start\n|switch|p1a: Washed|Primarina, L50, M|100\/100\n|switch|p1b: Wifi error|Electabuzz, L50, M|100\/100\n|switch|p2a: Their kindness is|Whimsicott, L50, M|100\/100\n|switch|p2b: It\u2019s used to|Annihilape, L50, F|100\/100\n|turn|1\n|j| UGCL\n|\n|t:|1731717804\n|move|p1b: Wifi error|Follow Me|p1b: Wifi error\n|-singleturn|p1b: Wifi error|move: Follow Me\n|move|p2a: Their kindness is|Moonblast|p1b: Wifi error\n|-damage|p1b: Wifi error|70\/100\n|move|p2b: It\u2019s used to|Close Combat|p1b: Wifi error\n|-damage|p1b: Wifi error|0 fnt\n|-unboost|p2b: It\u2019s used to|def|1\n|-unboost|p2b: It\u2019s used to|spd|1\n|faint|p1b: Wifi error\n|move|p1a: Washed|Hyper Voice|p2a: Their kindness is|[spread] p2a,p2b\n|-resisted|p2a: Their kindness is\n|-damage|p2a: Their kindness is|73\/100\n|-damage|p2b: It\u2019s used to|49\/100\n|-enditem|p1a: Washed|Throat Spray\n|-boost|p1a: Washed|spa|1|[from] item: Throat Spray\n|\n|upkeep\n|\n|t:|1731717812\n|switch|p1b: Sorry for hax|Sneasler, L50, M|100\/100\n|turn|2\n|\n|t:|1731717822\n|switch|p2b: Sedate|Maushold-Four, L50|100\/100\n|-terastallize|p2a: Their kindness is|Ghost\n|move|p2a: Their kindness is|Sunny Day|p2a: Their kindness is\n|-weather|SunnyDay\n|move|p1b: Sorry for hax|Dire Claw|p2a: Their kindness is\n|-resisted|p2a: Their kindness is\n|-damage|p2a: Their kindness is|42\/100\n|move|p1a: Washed|Moonblast|p2b: Sedate\n|-damage|p2b: Sedate|0 fnt\n|faint|p2b: Sedate\n|\n|-weather|SunnyDay|[upkeep]\n|upkeep\n|\n|t:|1731717835\n|switch|p2b: It\u2019s used to|Annihilape, L50, F|49\/100\n|turn|3\n|\n|t:|1731717843\n|move|p1a: Washed|Protect|p1a: Washed\n|-singleturn|p1a: Washed|Protect\n|move|p2a: Their kindness is|Tailwind|p2a: Their kindness is\n|-sidestart|p2: VGCLTH John Pork|move: Tailwind\n|move|p2b: It\u2019s used to|Rage Fist|p1a: Washed\n|-activate|p1a: Washed|move: Protect\n|move|p1b: Sorry for hax|Dire Claw|p2b: It\u2019s used to\n|-resisted|p2b: It\u2019s used to\n|-damage|p2b: It\u2019s used to|26\/100\n|-status|p2b: It\u2019s used to|par\n|\n|-weather|SunnyDay|[upkeep]\n|upkeep\n|turn|4\n|j| Fancy Cucudrula\n|c|\u2606VGCLTH John Pork|Without fail\n|\n|t:|1731717855\n|-terastallize|p1b: Sorry for hax|Stellar\n|move|p2a: Their kindness is|Moonblast|p1b: Sorry for hax\n|-damage|p1b: Sorry for hax|56\/100\n|move|p1b: Sorry for hax|Dire Claw|p2b: It\u2019s used to\n|-resisted|p2b: It\u2019s used to\n|-damage|p2b: It\u2019s used to|0 fnt\n|faint|p2b: It\u2019s used to\n|move|p1a: Washed|Moonblast|p2a: Their kindness is\n|-damage|p2a: Their kindness is|0 fnt\n|faint|p2a: Their kindness is\n|\n|-weather|SunnyDay|[upkeep]\n|upkeep\n|c|\u2606VGCLTH R0gue|srry\n|\n|t:|1731717860\n|switch|p2b: Unashamed|Ursaluna-Bloodmoon, L50, M|100\/100\n|turn|5\n|\n|t:|1731717867\n|switch|p1b: Locked In|Kingambit, L50, M|100\/100\n|move|p1a: Washed|Protect|p1a: Washed\n|-singleturn|p1a: Washed|Protect\n|move|p2b: Unashamed|Blood Moon|p1a: Washed\n|-activate|p1a: Washed|move: Protect\n|\n|-weather|SunnyDay|[upkeep]\n|upkeep\n|turn|6\n|-message|VGCLTH John Pork forfeited.\n|\n|win|VGCLTH R0gue\n|raw|VGCLTH R0gue's rating: 1662 &rarr; <strong>1686<\/strong><br \/>(+24 for winning)\n|raw|VGCLTH John Pork's rating: 1734 &rarr; <strong>1710<\/strong><br \/>(-24 for losing)\n|l|\u2606VGCLTH John Pork\n|player|p2|\n","uploadtime":1731717874,"views":18,"formatid":"gen9vgc2024regh","rating":1686,"private":0,"password":null}