{"id":"gen9vgc2024regh-2244745092","format":"[Gen 9] VGC 2024 Reg H","players":["post_testing","VGCLTH Glock Tuah"],"log":"|raw|<div class=\"broadcast-blue\"><strong>This battle is required to be public due to a player having a name starting with 'vgclth'.<\/div>\n|j|\u2606post_testing\n|j|\u2606VGCLTH Glock Tuah\n|t:|1731716130\n|gametype|doubles\n|player|p1|post_testing|1|1748\n|player|p2|VGCLTH Glock Tuah|koga-lgpe|1790\n|teamsize|p1|6\n|teamsize|p2|6\n|gen|9\n|tier|[Gen 9] VGC 2024 Reg H\n|rated|\n|rule|Species Clause: Limit one of each Pok\u00e9mon\n|rule|Item Clause: Limit 1 of each item\n|clearpoke\n|poke|p1|Indeedee, L50, M|\n|poke|p1|Sneasler, L50, M|\n|poke|p1|Archaludon, L50, F|\n|poke|p1|Pelipper, L50, F|\n|poke|p1|Basculegion, L50, M|\n|poke|p1|Delphox, L50, M|\n|poke|p2|Annihilape, L50, M|\n|poke|p2|Dondozo, L50, M|\n|poke|p2|Maushold-Four, L50|\n|poke|p2|Gholdengo, L50|\n|poke|p2|Whimsicott, L50, F|\n|poke|p2|Tatsugiri, L50, M|\n|teampreview|4\n|inactive|Battle timer is ON: inactive players will automatically lose when time's up. (requested by VGCLTH Glock Tuah)\n|\n|t:|1731716154\n|start\n|switch|p1a: Delphox|Delphox, L50, M|100\/100\n|switch|p1b: Indeedee|Indeedee, L50, M|100\/100\n|switch|p2a: Maushold|Maushold-Four, L50|100\/100\n|switch|p2b: Annihilape|Annihilape, L50, M, shiny|100\/100\n|-fieldstart|move: Psychic Terrain|[from] ability: Psychic Surge|[of] p1b: Indeedee\n|turn|1\n|\n|t:|1731716176\n|-terastallize|p2b: Annihilape|Fire\n|move|p2a: Maushold|Beat Up|p2b: Annihilape\n|-damage|p2b: Annihilape|99\/100\n|-damage|p2b: Annihilape|96\/100\n|-damage|p2b: Annihilape|94\/100\n|-damage|p2b: Annihilape|92\/100\n|-hitcount|p2b: Annihilape|4\n|move|p1a: Delphox|Heat Wave|p2b: Annihilape|[spread] p2a,p2b\n|-resisted|p2b: Annihilape\n|-damage|p2a: Maushold|49\/100\n|-damage|p2b: Annihilape|80\/100\n|-damage|p1a: Delphox|90\/100|[from] item: Life Orb\n|move|p1b: Indeedee|Expanding Force|p2b: Annihilape|[spread] p2a,p2b\n|-damage|p2a: Maushold|0 fnt\n|-damage|p2b: Annihilape|49\/100\n|-enditem|p2b: Annihilape|Sitrus Berry|[eat]\n|-heal|p2b: Annihilape|74\/100|[from] item: Sitrus Berry\n|faint|p2a: Maushold\n|move|p2b: Annihilape|Rage Fist|p1a: Delphox\n|-supereffective|p1a: Delphox\n|-damage|p1a: Delphox|0 fnt\n|faint|p1a: Delphox\n|\n|upkeep\n|\n|t:|1731716199\n|switch|p2a: Dondozo|Dondozo, L50, M, shiny|100\/100\n|switch|p1a: Basculegion|Basculegion, L50, M|100\/100\n|turn|2\n|\n|t:|1731716218\n|switch|p2b: Tatsugiri|Tatsugiri, L50, M, shiny|100\/100\n|-activate|p2b: Tatsugiri|ability: Commander|[of] p2a: Dondozo\n|-boost|p2a: Dondozo|atk|2\n|-boost|p2a: Dondozo|spa|2\n|-boost|p2a: Dondozo|spe|2\n|-boost|p2a: Dondozo|def|2\n|-boost|p2a: Dondozo|spd|2\n|move|p2a: Dondozo|Order Up|p1a: Basculegion\n|-damage|p1a: Basculegion|41\/100\n|-boost|p2a: Dondozo|atk|1\n|move|p1b: Indeedee|Expanding Force|p2b: Tatsugiri|[spread] p2a\n|-miss|p1b: Indeedee|p2b: Tatsugiri\n|-damage|p2a: Dondozo|69\/100\n|move|p1a: Basculegion|Flip Turn|p2a: Dondozo\n|-resisted|p2a: Dondozo\n|-damage|p2a: Dondozo|62\/100\n|\n|t:|1731716234\n|switch|p1a: Archaludon|Archaludon, L50, F|100\/100|[from] Flip Turn\n|\n|-heal|p2a: Dondozo|68\/100|[from] item: Leftovers\n|upkeep\n|turn|3\n|j| quhairuru\n|\n|t:|1731716252\n|-terastallize|p1a: Archaludon|Fairy\n|move|p2a: Dondozo|Protect|p2a: Dondozo\n|-singleturn|p2a: Dondozo|Protect\n|move|p1a: Archaludon|Dragon Pulse|p2a: Dondozo\n|-activate|p2a: Dondozo|move: Protect\n|move|p1b: Indeedee|Trick Room|p1b: Indeedee\n|-fieldstart|move: Trick Room|[of] p1b: Indeedee\n|\n|-heal|p2a: Dondozo|75\/100|[from] item: Leftovers\n|upkeep\n|turn|4\n|\n|t:|1731716271\n|move|p1a: Archaludon|Electro Shot||[still]\n|-prepare|p1a: Archaludon|Electro Shot\n|-boost|p1a: Archaludon|spa|1\n|move|p1b: Indeedee|Expanding Force|p2b: Tatsugiri|[spread] p2a\n|-miss|p1b: Indeedee|p2b: Tatsugiri\n|-damage|p2a: Dondozo|45\/100\n|move|p2a: Dondozo|Wave Crash|p1a: Archaludon\n|-damage|p1a: Archaludon|0 fnt\n|faint|p1a: Archaludon\n|-damage|p2a: Dondozo|17\/100|[from] Recoil\n|\n|-heal|p2a: Dondozo|23\/100|[from] item: Leftovers\n|upkeep\n|\n|t:|1731716284\n|switch|p1a: Basculegion|Basculegion, L50, M|41\/100\n|turn|5\n|\n|t:|1731716291\n|move|p2a: Dondozo|Protect|p2a: Dondozo\n|-singleturn|p2a: Dondozo|Protect\n|move|p1a: Basculegion|Last Respects|p2a: Dondozo\n|-activate|p2a: Dondozo|move: Protect\n|move|p1b: Indeedee|Expanding Force|p2a: Dondozo|[spread] \n|-miss|p1b: Indeedee|p2b: Tatsugiri\n|-activate|p2a: Dondozo|move: Protect\n|\n|-heal|p2a: Dondozo|29\/100|[from] item: Leftovers\n|-fieldend|move: Psychic Terrain\n|upkeep\n|turn|6\n|\n|t:|1731716310\n|move|p1a: Basculegion|Last Respects|p2a: Dondozo\n|-damage|p2a: Dondozo|4\/100\n|move|p1b: Indeedee|Tera Blast|p2a: Dondozo\n|-damage|p2a: Dondozo|0 fnt\n|faint|p2a: Dondozo\n|\n|upkeep\n|\n|t:|1731716313\n|switch|p2a: Annihilape|Annihilape, L50, M, shiny, tera:Fire|74\/100\n|turn|7\n|\n|t:|1731716326\n|move|p1a: Basculegion|Protect|p1a: Basculegion\n|-singleturn|p1a: Basculegion|Protect\n|move|p2a: Annihilape|Rage Fist|p1a: Basculegion\n|-activate|p1a: Basculegion|move: Protect\n|move|p1b: Indeedee|Expanding Force|p2b: Tatsugiri\n|-damage|p2b: Tatsugiri|50\/100\n|move|p2b: Tatsugiri|Draco Meteor|p1b: Indeedee\n|-damage|p1b: Indeedee|9\/100\n|-unboost|p2b: Tatsugiri|spa|2\n|\n|-fieldend|move: Trick Room\n|upkeep\n|turn|8\n|\n|t:|1731716350\n|move|p2b: Tatsugiri|Draco Meteor|p1a: Basculegion\n|-damage|p1a: Basculegion|6\/100\n|-unboost|p2b: Tatsugiri|spa|2\n|move|p1b: Indeedee|Expanding Force|p2b: Tatsugiri\n|-damage|p2b: Tatsugiri|0 fnt\n|faint|p2b: Tatsugiri\n|move|p2a: Annihilape|Drain Punch|p1b: Indeedee\n|-damage|p1b: Indeedee|0 fnt\n|-heal|p2a: Annihilape|77\/100|[from] drain|[of] p1b: Indeedee\n|faint|p1b: Indeedee\n|move|p1a: Basculegion|Wave Crash|p2a: Annihilape\n|-supereffective|p2a: Annihilape\n|-damage|p2a: Annihilape|0 fnt\n|faint|p2a: Annihilape\n|-damage|p1a: Basculegion|0 fnt|[from] Recoil\n|faint|p1a: Basculegion\n|\n|win|post_testing\n|raw|post_testing's rating: 1748 &rarr; <strong>1770<\/strong><br \/>(+22 for winning)\n|raw|VGCLTH Glock Tuah's rating: 1790 &rarr; <strong>1768<\/strong><br \/>(-22 for losing)\n|l|\u2606VGCLTH Glock Tuah\n|player|p2|\n|c|\u2606post_testing|Gg\n|l| quhairuru\n|l|\u2606post_testing\n|player|p1|\n","uploadtime":1731716370,"views":28,"formatid":"gen9vgc2024regh","rating":1768,"private":0,"password":null}