{"id":"gen9vgc2024regh-2244442225","format":"[Gen 9] VGC 2024 Reg H","players":["actuary97","ray4gej"],"log":"|j|\u2606actuary97\n|j|\u2606ray4gej\n|t:|1731683904\n|gametype|doubles\n|player|p1|actuary97|sabrina-frlg|1804\n|player|p2|ray4gej|266|1760\n|teamsize|p1|6\n|teamsize|p2|6\n|gen|9\n|tier|[Gen 9] VGC 2024 Reg H\n|rated|\n|rule|Species Clause: Limit one of each Pok\u00e9mon\n|rule|Item Clause: Limit 1 of each item\n|clearpoke\n|poke|p1|Whimsicott, L50, F|\n|poke|p1|Gallade, L50, M|\n|poke|p1|Archaludon, L50, F|\n|poke|p1|Malamar, L50, F|\n|poke|p1|Indeedee, L50, M|\n|poke|p1|Drifblim, L50, M|\n|poke|p2|Dondozo, L50, F|\n|poke|p2|Tatsugiri, L50, F|\n|poke|p2|Sneasler, L50, F|\n|poke|p2|Flamigo, L50, F|\n|poke|p2|Amoonguss, L50, F|\n|poke|p2|Gholdengo, L50|\n|teampreview|4\nactuary97 has agreed to open team sheets.\nray4gej has agreed to open team sheets.\n|\n|t:|1731684010\n|start\n|switch|p1a: Tapu Deedee|Indeedee, L50, M, shiny|100\/100\n|switch|p1b: \ud83c\udf88\ud83d\udc7b\ud83c\udf83\ud83d\udc7b\ud83c\udf83\ud83c\udf88|Drifblim, L50, M|100\/100\n|switch|p2a: Amoonguss|Amoonguss, L50, F|100\/100\n|switch|p2b: Gholdengo|Gholdengo, L50|100\/100\n|-fieldstart|move: Psychic Terrain|[from] ability: Psychic Surge|[of] p1a: Tapu Deedee\n|-enditem|p1b: \ud83c\udf88\ud83d\udc7b\ud83c\udf83\ud83d\udc7b\ud83c\udf83\ud83c\udf88|Psychic Seed\n|-boost|p1b: \ud83c\udf88\ud83d\udc7b\ud83c\udf83\ud83d\udc7b\ud83c\udf83\ud83c\udf88|spd|1|[from] item: Psychic Seed\n|turn|1\n|\n|t:|1731684031\n|-terastallize|p2a: Amoonguss|Water\n|move|p2b: Gholdengo|Protect|p2b: Gholdengo\n|-singleturn|p2b: Gholdengo|Protect\n|move|p1b: \ud83c\udf88\ud83d\udc7b\ud83c\udf83\ud83d\udc7b\ud83c\udf83\ud83c\udf88|Icy Wind|p2b: Gholdengo|[spread] p2a\n|-activate|p2b: Gholdengo|move: Protect\n|-resisted|p2a: Amoonguss\n|-damage|p2a: Amoonguss|97\/100\n|-unboost|p2a: Amoonguss|spe|1\n|move|p1a: Tapu Deedee|Expanding Force|p2a: Amoonguss|[spread] p2a\n|-activate|p2b: Gholdengo|move: Protect\n|-damage|p2a: Amoonguss|33\/100\n|-enditem|p2a: Amoonguss|Sitrus Berry|[eat]\n|-heal|p2a: Amoonguss|58\/100|[from] item: Sitrus Berry\n|move|p2a: Amoonguss|Spore|p1a: Tapu Deedee\n|-status|p1a: Tapu Deedee|slp|[from] move: Spore\n|\n|upkeep\n|turn|2\n|\n|t:|1731684050\n|move|p1b: \ud83c\udf88\ud83d\udc7b\ud83c\udf83\ud83d\udc7b\ud83c\udf83\ud83c\udf88|Icy Wind|p2a: Amoonguss|[spread] p2a,p2b\n|-resisted|p2a: Amoonguss\n|-resisted|p2b: Gholdengo\n|-damage|p2a: Amoonguss|54\/100\n|-damage|p2b: Gholdengo|96\/100\n|-unboost|p2a: Amoonguss|spe|1\n|-unboost|p2b: Gholdengo|spe|1\n|cant|p1a: Tapu Deedee|slp\n|move|p2b: Gholdengo|Nasty Plot|p2b: Gholdengo\n|-boost|p2b: Gholdengo|spa|2\n|move|p2a: Amoonguss|Spore|p1b: \ud83c\udf88\ud83d\udc7b\ud83c\udf83\ud83d\udc7b\ud83c\udf83\ud83c\udf88\n|-status|p1b: \ud83c\udf88\ud83d\udc7b\ud83c\udf83\ud83d\udc7b\ud83c\udf83\ud83c\udf88|slp|[from] move: Spore\n|\n|upkeep\n|turn|3\n|\n|t:|1731684062\n|move|p2a: Amoonguss|Protect|p2a: Amoonguss\n|-singleturn|p2a: Amoonguss|Protect\n|cant|p1b: \ud83c\udf88\ud83d\udc7b\ud83c\udf83\ud83d\udc7b\ud83c\udf83\ud83c\udf88|slp\n|cant|p1a: Tapu Deedee|slp\n|move|p2b: Gholdengo|Make It Rain|p1b: \ud83c\udf88\ud83d\udc7b\ud83c\udf83\ud83d\udc7b\ud83c\udf83\ud83c\udf88|[spread] p1a,p1b\n|-crit|p1a: Tapu Deedee\n|-damage|p1a: Tapu Deedee|0 fnt\n|-damage|p1b: \ud83c\udf88\ud83d\udc7b\ud83c\udf83\ud83d\udc7b\ud83c\udf83\ud83c\udf88|30\/100 slp\n|-unboost|p2b: Gholdengo|spa|1\n|faint|p1a: Tapu Deedee\n|\n|upkeep\n|\n|t:|1731684069\n|switch|p1a: \u2694\ufe0fKing\u2694\ufe0f|Gallade, L50, M, shiny|100\/100\n|turn|4\n|\n|t:|1731684096\n|switch|p2a: Flamigo|Flamigo, L50, F|100\/100\n|-terastallize|p1a: \u2694\ufe0fKing\u2694\ufe0f|Grass\n|cant|p1b: \ud83c\udf88\ud83d\udc7b\ud83c\udf83\ud83d\udc7b\ud83c\udf83\ud83c\udf88|slp\n|move|p1a: \u2694\ufe0fKing\u2694\ufe0f|Leaf Blade|p2a: Flamigo\n|-resisted|p2a: Flamigo\n|-damage|p2a: Flamigo|45\/100\n|move|p2b: Gholdengo|Nasty Plot|p2b: Gholdengo\n|-boost|p2b: Gholdengo|spa|2\n|\n|upkeep\n|turn|5\n|\n|t:|1731684129\n|-curestatus|p1b: \ud83c\udf88\ud83d\udc7b\ud83c\udf83\ud83d\udc7b\ud83c\udf83\ud83c\udf88|slp|[msg]\n|move|p1b: \ud83c\udf88\ud83d\udc7b\ud83c\udf83\ud83d\udc7b\ud83c\udf83\ud83c\udf88|Strength Sap|p2a: Flamigo\n|-unboost|p2a: Flamigo|atk|1\n|-heal|p1b: \ud83c\udf88\ud83d\udc7b\ud83c\udf83\ud83d\udc7b\ud83c\udf83\ud83c\udf88|100\/100\n|move|p2a: Flamigo|Tailwind|p2a: Flamigo\n|-sidestart|p2: ray4gej|move: Tailwind\n|move|p2b: Gholdengo|Make It Rain|p1a: \u2694\ufe0fKing\u2694\ufe0f|[spread] p1a,p1b\n|-damage|p1a: \u2694\ufe0fKing\u2694\ufe0f|0 fnt\n|-damage|p1b: \ud83c\udf88\ud83d\udc7b\ud83c\udf83\ud83d\udc7b\ud83c\udf83\ud83c\udf88|21\/100\n|-unboost|p2b: Gholdengo|spa|1\n|faint|p1a: \u2694\ufe0fKing\u2694\ufe0f\n|\n|-fieldend|move: Psychic Terrain\n|upkeep\n|\n|t:|1731684138\n|switch|p1a: Malamother|Malamar, L50, F|100\/100\n|turn|6\n|\n|t:|1731684157\n|switch|p2a: Amoonguss|Amoonguss, L50, F, tera:Water|87\/100\n|move|p1b: \ud83c\udf88\ud83d\udc7b\ud83c\udf83\ud83d\udc7b\ud83c\udf83\ud83c\udf88|Strength Sap|p1a: Malamother\n|-boost|p1a: Malamother|atk|1\n|-heal|p1b: \ud83c\udf88\ud83d\udc7b\ud83c\udf83\ud83d\udc7b\ud83c\udf83\ud83c\udf88|77\/100\n|move|p2b: Gholdengo|Make It Rain|p1a: Malamother|[spread] p1a,p1b\n|-damage|p1a: Malamother|4\/100\n|-damage|p1b: \ud83c\udf88\ud83d\udc7b\ud83c\udf83\ud83d\udc7b\ud83c\udf83\ud83c\udf88|12\/100\n|-unboost|p2b: Gholdengo|spa|1\n|-enditem|p1a: Malamother|Sitrus Berry|[eat]\n|-heal|p1a: Malamother|28\/100|[from] item: Sitrus Berry\n|move|p1a: Malamother|Knock Off|p2b: Gholdengo\n|-supereffective|p2b: Gholdengo\n|-damage|p2b: Gholdengo|0 fnt\n|-enditem|p2b: Gholdengo|Metal Coat|[from] move: Knock Off|[of] p1a: Malamother\n|faint|p2b: Gholdengo\n|\n|upkeep\n|\n|t:|1731684173\n|switch|p2b: Sneasler|Sneasler, L50, F|100\/100\n|turn|7\n|\n|t:|1731684189\n|move|p2b: Sneasler|Dire Claw|p1b: \ud83c\udf88\ud83d\udc7b\ud83c\udf83\ud83d\udc7b\ud83c\udf83\ud83c\udf88\n|-resisted|p1b: \ud83c\udf88\ud83d\udc7b\ud83c\udf83\ud83d\udc7b\ud83c\udf83\ud83c\udf88\n|-damage|p1b: \ud83c\udf88\ud83d\udc7b\ud83c\udf83\ud83d\udc7b\ud83c\udf83\ud83c\udf88|0 fnt\n|faint|p1b: \ud83c\udf88\ud83d\udc7b\ud83c\udf83\ud83d\udc7b\ud83c\udf83\ud83c\udf88\n|move|p2a: Amoonguss|Spore|p1a: Malamother\n|-status|p1a: Malamother|slp|[from] move: Spore\n|cant|p1a: Malamother|slp\n|\n|upkeep\n|turn|8\n|\n|t:|1731684198\n|move|p2a: Amoonguss|Rage Powder|p2a: Amoonguss\n|-singleturn|p2a: Amoonguss|move: Rage Powder\n|move|p2b: Sneasler|Close Combat|p1a: Malamother\n|-damage|p1a: Malamother|0 fnt\n|-unboost|p2b: Sneasler|def|1\n|-unboost|p2b: Sneasler|spd|1\n|faint|p1a: Malamother\n|\n|win|ray4gej\n|raw|actuary97's rating: 1804 &rarr; <strong>1781<\/strong><br \/>(-23 for losing)\n|raw|ray4gej's rating: 1760 &rarr; <strong>1783<\/strong><br \/>(+23 for winning)\n|c|\u2606actuary97|gg\n|c|\u2606ray4gej|Gg\n|l|\u2606actuary97\n|player|p1|\n|l|\u2606ray4gej\n|player|p2|\n","uploadtime":1731684459,"views":41,"formatid":"gen9vgc2024regh","rating":1781,"private":0,"password":null}