{"id":"gen9vgc2024regh-2244653907","format":"[Gen 9] VGC 2024 Reg H","players":["vgclth papaneth","Amphinoben"],"log":"|raw|<div class=\"broadcast-blue\"><strong>This battle is required to be public due to a player having a name starting with 'vgclth'.<\/div>\n|j|\u2606vgclth papaneth\n|j|\u2606Amphinoben\n|t:|1731705303\n|gametype|doubles\n|player|p1|vgclth papaneth|rood|1683\n|player|p2|Amphinoben|benga|1714\n|teamsize|p1|6\n|teamsize|p2|6\n|gen|9\n|tier|[Gen 9] VGC 2024 Reg H\n|rated|\n|rule|Species Clause: Limit one of each Pok\u00e9mon\n|rule|Item Clause: Limit 1 of each item\n|clearpoke\n|poke|p1|Tyranitar, L50, M|\n|poke|p1|Gengar, L50, M|\n|poke|p1|Kommo-o, L50, F|\n|poke|p1|Rillaboom, L50, F|\n|poke|p1|Annihilape, L50, F|\n|poke|p1|Illumise, L50, F|\n|poke|p2|Palafin, L50, M|\n|poke|p2|Incineroar, L50, M|\n|poke|p2|Pelipper, L50, M|\n|poke|p2|Archaludon, L50, M|\n|poke|p2|Rillaboom, L50, M|\n|poke|p2|Sneasler, L50, F|\n|teampreview|4\nAmphinoben has agreed to open team sheets.\n|c|\u2606Amphinoben|Real \"vgc\" named accept\n|j| kyog9t\n|\n|t:|1731705379\n|start\n|switch|p1a: Rillaboom|Rillaboom, L50, F|100\/100\n|switch|p1b: Annihilape|Annihilape, L50, F|100\/100\n|switch|p2a: Palafin|Palafin, L50, M|100\/100\n|switch|p2b: Pelipper|Pelipper, L50, M|100\/100\n|-fieldstart|move: Grassy Terrain|[from] ability: Grassy Surge|[of] p1a: Rillaboom\n|-weather|RainDance|[from] ability: Drizzle|[of] p2b: Pelipper\n|turn|1\n|j| Partan\n|l| Partan\n|\n|t:|1731705425\n|move|p2a: Palafin|Protect|p2a: Palafin\n|-singleturn|p2a: Palafin|Protect\n|move|p1b: Annihilape|U-turn|p2b: Pelipper\n|-resisted|p2b: Pelipper\n|-damage|p2b: Pelipper|88\/100\n|\n|t:|1731705433\n|switch|p1b: Tyranitar|Tyranitar, L50, M, shiny|100\/100|[from] U-turn\n|-weather|Sandstorm|[from] ability: Sand Stream|[of] p1b: Tyranitar\n|move|p1a: Rillaboom|Wood Hammer|p2b: Pelipper\n|-damage|p2b: Pelipper|0 fnt\n|faint|p2b: Pelipper\n|-damage|p1a: Rillaboom|78\/100|[from] Recoil\n|\n|-weather|Sandstorm|[upkeep]\n|-damage|p1a: Rillaboom|72\/100|[from] Sandstorm\n|-damage|p2a: Palafin|94\/100|[from] Sandstorm\n|-heal|p1a: Rillaboom|78\/100|[from] Grassy Terrain\n|-heal|p2a: Palafin|100\/100|[from] Grassy Terrain\n|upkeep\n|\n|t:|1731705476\n|switch|p2b: Archaludon|Archaludon, L50, M, shiny|100\/100\n|turn|2\n|\n|t:|1731705502\n|detailschange|p2a: Palafin|Palafin-Hero, L50, M\n|switch|p2a: Rillaboom|Rillaboom, L50, M|100\/100\n|switch|p1b: Annihilape|Annihilape, L50, F|100\/100\n|move|p1a: Rillaboom|Wood Hammer|p2a: Rillaboom\n|-resisted|p2a: Rillaboom\n|-damage|p2a: Rillaboom|33\/100\n|-damage|p1a: Rillaboom|54\/100|[from] Recoil\n|move|p2b: Archaludon|Dragon Pulse|p1a: Rillaboom\n|-damage|p1a: Rillaboom|0 fnt\n|faint|p1a: Rillaboom\n|\n|-weather|Sandstorm|[upkeep]\n|-damage|p1b: Annihilape|95\/100|[from] Sandstorm\n|-damage|p2a: Rillaboom|27\/100|[from] Sandstorm\n|-heal|p1b: Annihilape|100\/100|[from] Grassy Terrain\n|-heal|p2a: Rillaboom|33\/100|[from] Grassy Terrain\n|upkeep\n|\n|t:|1731705518\n|switch|p1a: Kommo-o|Kommo-o, L50, F|100\/100\n|turn|3\n|l| kyog9t\n|\n|t:|1731705550\n|move|p1a: Kommo-o|Protect|p1a: Kommo-o\n|-singleturn|p1a: Kommo-o|Protect\n|move|p2a: Rillaboom|Grassy Glide|p1b: Annihilape\n|-damage|p1b: Annihilape|54\/100\n|move|p1b: Annihilape|Final Gambit|p2b: Archaludon\n|-damage|p2b: Archaludon|40\/100\n|-ability|p2b: Archaludon|Stamina|boost\n|-boost|p2b: Archaludon|def|1\n|faint|p1b: Annihilape\n|move|p2b: Archaludon|Dragon Pulse|p1a: Kommo-o\n|-activate|p1a: Kommo-o|move: Protect\n|\n|-weather|Sandstorm|[upkeep]\n|-damage|p1a: Kommo-o|95\/100|[from] Sandstorm\n|-damage|p2a: Rillaboom|27\/100|[from] Sandstorm\n|-heal|p1a: Kommo-o|100\/100|[from] Grassy Terrain\n|-heal|p2a: Rillaboom|33\/100|[from] Grassy Terrain\n|-heal|p2b: Archaludon|46\/100|[from] Grassy Terrain\n|upkeep\n|j| hiiya papaya\n|\n|t:|1731705556\n|switch|p1b: Tyranitar|Tyranitar, L50, M, shiny|100\/100\n|turn|4\n|l| hiiya papaya\n|\n|t:|1731705597\n|-terastallize|p1b: Tyranitar|Flying\n|move|p2a: Rillaboom|Protect|p2a: Rillaboom\n|-singleturn|p2a: Rillaboom|Protect\n|move|p1a: Kommo-o|Aura Sphere|p2b: Archaludon\n|-supereffective|p2b: Archaludon\n|-damage|p2b: Archaludon|0 fnt\n|faint|p2b: Archaludon\n|-damage|p1a: Kommo-o|91\/100|[from] item: Life Orb\n|move|p1b: Tyranitar|Tera Blast|p2a: Rillaboom|[anim] Tera Blast Flying\n|-activate|p2a: Rillaboom|move: Protect\n|\n|-weather|Sandstorm|[upkeep]\n|-damage|p1a: Kommo-o|85\/100|[from] Sandstorm\n|-damage|p2a: Rillaboom|27\/100|[from] Sandstorm\n|-damage|p1b: Tyranitar|94\/100|[from] Sandstorm\n|-heal|p1a: Kommo-o|91\/100|[from] Grassy Terrain\n|-heal|p2a: Rillaboom|33\/100|[from] Grassy Terrain\n|upkeep\n|\n|t:|1731705608\n|switch|p2b: Palafin|Palafin-Hero, L50, M|100\/100\n|-activate|p2b: Palafin|ability: Zero to Hero\n|turn|5\n|\n|t:|1731705674\n|-terastallize|p2b: Palafin|Water\n|move|p1a: Kommo-o|Protect|p1a: Kommo-o\n|-singleturn|p1a: Kommo-o|Protect\n|move|p2a: Rillaboom|Grassy Glide|p1b: Tyranitar\n|-resisted|p1b: Tyranitar\n|-damage|p1b: Tyranitar|76\/100\n|move|p2b: Palafin|Wave Crash|p1b: Tyranitar\n|-damage|p1b: Tyranitar|0 fnt\n|faint|p1b: Tyranitar\n|-damage|p2b: Palafin|74\/100|[from] Recoil\n|\n|-weather|none\n|-heal|p1a: Kommo-o|97\/100|[from] Grassy Terrain\n|-heal|p2b: Palafin|81\/100|[from] Grassy Terrain\n|-heal|p2a: Rillaboom|40\/100|[from] Grassy Terrain\n|-fieldend|move: Grassy Terrain\n|upkeep\n|turn|6\n|\n|t:|1731705697\n|move|p1a: Kommo-o|Flamethrower|p2a: Rillaboom\n|-supereffective|p2a: Rillaboom\n|-damage|p2a: Rillaboom|0 fnt\n|faint|p2a: Rillaboom\n|-damage|p1a: Kommo-o|87\/100|[from] item: Life Orb\n|move|p2b: Palafin|Wave Crash|p1a: Kommo-o\n|-resisted|p1a: Kommo-o\n|-damage|p1a: Kommo-o|20\/100\n|-damage|p2b: Palafin|64\/100|[from] Recoil\n|\n|upkeep\n|turn|7\n|\n|t:|1731705718\n|move|p2b: Palafin|Protect|p2b: Palafin\n|-singleturn|p2b: Palafin|Protect\n|move|p1a: Kommo-o|Clanging Scales|p2b: Palafin\n|-activate|p2b: Palafin|move: Protect\n|\n|upkeep\n|turn|8\n|\n|t:|1731705725\n|move|p1a: Kommo-o|Protect|p1a: Kommo-o\n|-singleturn|p1a: Kommo-o|Protect\n|move|p2b: Palafin|Jet Punch|p1a: Kommo-o\n|-activate|p1a: Kommo-o|move: Protect\n|\n|upkeep\n|turn|9\n|\n|t:|1731705731\n|move|p2b: Palafin|Protect|p2b: Palafin\n|-singleturn|p2b: Palafin|Protect\n|move|p1a: Kommo-o|Clanging Scales|p2b: Palafin\n|-activate|p2b: Palafin|move: Protect\n|\n|upkeep\n|turn|10\n|\n|t:|1731705737\n|move|p2b: Palafin|Jet Punch|p1a: Kommo-o\n|-resisted|p1a: Kommo-o\n|-damage|p1a: Kommo-o|0 fnt\n|faint|p1a: Kommo-o\n|\n|win|Amphinoben\n|raw|vgclth papaneth's rating: 1683 &rarr; <strong>1665<\/strong><br \/>(-18 for losing)\n|raw|Amphinoben's rating: 1714 &rarr; <strong>1732<\/strong><br \/>(+18 for winning)\n|l|\u2606vgclth papaneth\n|player|p1|\n|c|\u2606Amphinoben|Lol\n|l|\u2606Amphinoben\n|player|p2|\n|j| VGCLTH Ninjaboy\n|j| girl latias\n|l| girl latias\n|j| girl latias\n|l| girl latias\n","uploadtime":1731705941,"views":10,"formatid":"gen9vgc2024regh","rating":1665,"private":0,"password":null}