{"id":"gen9vgc2024regh-2244468938","format":"[Gen 9] VGC 2024 Reg H","players":["shidorin","VGCLTH Carrots"],"log":"|raw|<div class=\"broadcast-blue\"><strong>This battle is required to be public due to a player having a name starting with 'vgclth'.<\/div>\n|j|\u2606shidorin\n|j|\u2606VGCLTH Carrots\n|t:|1731686589\n|gametype|doubles\n|player|p1|shidorin|hilda-wonderlauncher|1730\n|player|p2|VGCLTH Carrots|265|1738\n|teamsize|p1|6\n|teamsize|p2|6\n|gen|9\n|tier|[Gen 9] VGC 2024 Reg H\n|rated|\n|rule|Species Clause: Limit one of each Pok\u00e9mon\n|rule|Item Clause: Limit 1 of each item\n|clearpoke\n|poke|p1|Archaludon, L50, F|\n|poke|p1|Pelipper, L50, M|\n|poke|p1|Incineroar, L50, M|\n|poke|p1|Sinistcha, L50|\n|poke|p1|Garchomp, L50, F|\n|poke|p1|Weezing-Galar, L50, F|\n|poke|p2|Rillaboom, L50, F|\n|poke|p2|Kingambit, L50, M|\n|poke|p2|Sneasler, L50, F|\n|poke|p2|Dragonite, L50, M|\n|poke|p2|Gastrodon, L50, F|\n|poke|p2|Ceruledge, L50, F|\n|teampreview|4\n|inactive|Battle timer is ON: inactive players will automatically lose when time's up. (requested by VGCLTH Carrots)\n|inactive|shidorin has 60 seconds left.\n|\n|t:|1731686627\n|start\n|switch|p1a: Pelipper|Pelipper, L50, M|100\/100\n|switch|p1b: Archaludon|Archaludon, L50, F|100\/100\n|switch|p2a: Rillaboom|Rillaboom, L50, F|100\/100\n|switch|p2b: Kingambit|Kingambit, L50, M|100\/100\n|-weather|RainDance|[from] ability: Drizzle|[of] p1a: Pelipper\n|-fieldstart|move: Grassy Terrain|[from] ability: Grassy Surge|[of] p2a: Rillaboom\n|turn|1\n|\n|t:|1731686650\n|move|p2a: Rillaboom|Fake Out|p1a: Pelipper\n|-damage|p1a: Pelipper|83\/100\n|cant|p1a: Pelipper|flinch\n|move|p1b: Archaludon|Electro Shot||[still]\n|-prepare|p1b: Archaludon|Electro Shot\n|-boost|p1b: Archaludon|spa|1\n|-anim|p1b: Archaludon|Electro Shot|p2b: Kingambit\n|-damage|p2b: Kingambit|59\/100\n|move|p2b: Kingambit|Kowtow Cleave|p1b: Archaludon\n|-damage|p1b: Archaludon|61\/100\n|-ability|p1b: Archaludon|Stamina|boost\n|-boost|p1b: Archaludon|def|1\n|\n|-weather|RainDance|[upkeep]\n|-heal|p1b: Archaludon|67\/100|[from] Grassy Terrain\n|-heal|p2b: Kingambit|65\/100|[from] Grassy Terrain\n|upkeep\n|turn|2\n|\n|t:|1731686668\n|switch|p1a: Sinistcha|Sinistcha, L50|100\/100\n|-heal|p1b: Archaludon|92\/100|[from] ability: Hospitality|[of] p1a: Sinistcha\n|move|p1b: Archaludon|Aura Sphere|p2b: Kingambit\n|-supereffective|p2b: Kingambit\n|-damage|p2b: Kingambit|0 fnt\n|faint|p2b: Kingambit\n|move|p2a: Rillaboom|Wood Hammer|p1a: Sinistcha\n|-resisted|p1a: Sinistcha\n|-damage|p1a: Sinistcha|57\/100\n|-damage|p2a: Rillaboom|88\/100|[from] Recoil\n|\n|-weather|RainDance|[upkeep]\n|-heal|p1b: Archaludon|98\/100|[from] Grassy Terrain\n|-heal|p2a: Rillaboom|94\/100|[from] Grassy Terrain\n|-heal|p1a: Sinistcha|63\/100|[from] Grassy Terrain\n|upkeep\n|\n|t:|1731686688\n|switch|p2b: Dragonite|Dragonite, L50, M|100\/100\n|turn|3\n|\n|t:|1731686694\n|switch|p1a: Incineroar|Incineroar, L50, M|100\/100\n|-ability|p1a: Incineroar|Intimidate|boost\n|-unboost|p2a: Rillaboom|atk|1\n|-unboost|p2b: Dragonite|atk|1\n|move|p2b: Dragonite|Protect|p2b: Dragonite\n|-singleturn|p2b: Dragonite|Protect\n|move|p1b: Archaludon|Electro Shot||[still]\n|-prepare|p1b: Archaludon|Electro Shot\n|-boost|p1b: Archaludon|spa|1\n|-anim|p1b: Archaludon|Electro Shot|p2b: Dragonite\n|-activate|p2b: Dragonite|move: Protect\n|move|p2a: Rillaboom|Knock Off|p1a: Incineroar\n|-resisted|p1a: Incineroar\n|-damage|p1a: Incineroar|90\/100\n|-enditem|p1a: Incineroar|Safety Goggles|[from] move: Knock Off|[of] p2a: Rillaboom\n|\n|-weather|RainDance|[upkeep]\n|-heal|p1b: Archaludon|100\/100|[from] Grassy Terrain\n|-heal|p2a: Rillaboom|99\/100|[from] Grassy Terrain\n|-heal|p1a: Incineroar|96\/100|[from] Grassy Terrain\n|upkeep\n|turn|4\n|\n|t:|1731686718\n|switch|p2a: Sneasler|Sneasler, L50, F|100\/100\n|-terastallize|p2b: Dragonite|Ghost\n|move|p1a: Incineroar|Fake Out|p2b: Dragonite\n|-immune|p2b: Dragonite\n|move|p2b: Dragonite|Scale Shot|p1b: Archaludon\n|-crit|p1b: Archaludon\n|-damage|p1b: Archaludon|85\/100\n|-ability|p1b: Archaludon|Stamina|boost\n|-boost|p1b: Archaludon|def|1\n|-damage|p1b: Archaludon|82\/100\n|-ability|p1b: Archaludon|Stamina|boost\n|-boost|p1b: Archaludon|def|1\n|-damage|p1b: Archaludon|79\/100\n|-ability|p1b: Archaludon|Stamina|boost\n|-boost|p1b: Archaludon|def|1\n|-damage|p1b: Archaludon|76\/100\n|-ability|p1b: Archaludon|Stamina|boost\n|-boost|p1b: Archaludon|def|1\n|-hitcount|p1b: Archaludon|4\n|-unboost|p2b: Dragonite|def|1\n|-boost|p2b: Dragonite|spe|1\n|move|p1b: Archaludon|Electro Shot||[still]\n|-prepare|p1b: Archaludon|Electro Shot\n|-boost|p1b: Archaludon|spa|1\n|-anim|p1b: Archaludon|Electro Shot|p2b: Dragonite\n|-damage|p2b: Dragonite|45\/100\n|\n|-weather|RainDance|[upkeep]\n|-heal|p2b: Dragonite|51\/100|[from] Grassy Terrain\n|-heal|p1b: Archaludon|82\/100|[from] Grassy Terrain\n|-heal|p1a: Incineroar|100\/100|[from] Grassy Terrain\n|upkeep\n|turn|5\n|inactive|shidorin has 30 seconds left.\n|\n|t:|1731686751\n|switch|p1a: Sinistcha|Sinistcha, L50|63\/100\n|-heal|p1b: Archaludon|100\/100|[from] ability: Hospitality|[of] p1a: Sinistcha\n|move|p2b: Dragonite|Haze|p2b: Dragonite\n|-clearallboost\n|move|p2a: Sneasler|Close Combat|p1b: Archaludon\n|-supereffective|p1b: Archaludon\n|-damage|p1b: Archaludon|3\/100\n|-unboost|p2a: Sneasler|def|1\n|-unboost|p2a: Sneasler|spd|1\n|-ability|p1b: Archaludon|Stamina|boost\n|-boost|p1b: Archaludon|def|1\n|move|p1b: Archaludon|Electro Shot||[still]\n|-prepare|p1b: Archaludon|Electro Shot\n|-boost|p1b: Archaludon|spa|1\n|-anim|p1b: Archaludon|Electro Shot|p2a: Sneasler\n|-enditem|p2a: Sneasler|Focus Sash\n|-damage|p2a: Sneasler|1\/100\n|\n|-weather|none\n|-heal|p2a: Sneasler|7\/100|[from] Grassy Terrain\n|-heal|p2b: Dragonite|57\/100|[from] Grassy Terrain\n|-heal|p1b: Archaludon|9\/100|[from] Grassy Terrain\n|-heal|p1a: Sinistcha|69\/100|[from] Grassy Terrain\n|-fieldend|move: Grassy Terrain\n|upkeep\n|turn|6\n|inactive|VGCLTH Carrots has 30 seconds left.\n|\n|t:|1731686781\n|switch|p1b: Incineroar|Incineroar, L50, M|100\/100\n|-ability|p1b: Incineroar|Intimidate|boost\n|-unboost|p2a: Sneasler|atk|1\n|-unboost|p2b: Dragonite|atk|1\n|move|p2a: Sneasler|Close Combat|p1b: Incineroar\n|-supereffective|p1b: Incineroar\n|-damage|p1b: Incineroar|22\/100\n|-unboost|p2a: Sneasler|def|1\n|-unboost|p2a: Sneasler|spd|1\n|move|p2b: Dragonite|Tera Blast|p1a: Sinistcha|[anim] Tera Blast Ghost\n|-supereffective|p1a: Sinistcha\n|-damage|p1a: Sinistcha|12\/100\n|-enditem|p1a: Sinistcha|Sitrus Berry|[eat]\n|-heal|p1a: Sinistcha|36\/100|[from] item: Sitrus Berry\n|move|p1a: Sinistcha|Trick Room|p1a: Sinistcha\n|-fieldstart|move: Trick Room|[of] p1a: Sinistcha\n|\n|upkeep\n|turn|7\n|\n|t:|1731686804\n|switch|p2a: Rillaboom|Rillaboom, L50, F|99\/100\n|-fieldstart|move: Grassy Terrain|[from] ability: Grassy Surge|[of] p2a: Rillaboom\n|move|p2b: Dragonite|Protect|p2b: Dragonite\n|-singleturn|p2b: Dragonite|Protect\n|move|p1b: Incineroar|Knock Off|p2b: Dragonite\n|-activate|p2b: Dragonite|move: Protect\n|move|p1a: Sinistcha|Life Dew|p1a: Sinistcha|[spread] p1a,p1b\n|-heal|p1a: Sinistcha|62\/100\n|-heal|p1b: Incineroar|48\/100\n|\n|-heal|p1b: Incineroar|53\/100|[from] Grassy Terrain\n|-heal|p1a: Sinistcha|68\/100|[from] Grassy Terrain\n|-heal|p2a: Rillaboom|100\/100|[from] Grassy Terrain\n|-heal|p2b: Dragonite|63\/100|[from] Grassy Terrain\n|upkeep\n|turn|8\n|inactive|shidorin has 30 seconds left.\n|inactive|VGCLTH Carrots has 30 seconds left.\n|\n|t:|1731686833\n|switch|p1b: Archaludon|Archaludon, L50, F|9\/100\n|move|p2a: Rillaboom|Fake Out|p1b: Archaludon\n|-resisted|p1b: Archaludon\n|-damage|p1b: Archaludon|4\/100\n|-ability|p1b: Archaludon|Stamina|boost\n|-boost|p1b: Archaludon|def|1\n|move|p1a: Sinistcha|Life Dew|p1a: Sinistcha|[spread] p1a,p1b\n|-heal|p1a: Sinistcha|93\/100\n|-heal|p1b: Archaludon|28\/100\n|move|p2b: Dragonite|Tera Blast|p1a: Sinistcha|[anim] Tera Blast Ghost\n|-supereffective|p1a: Sinistcha\n|-damage|p1a: Sinistcha|36\/100\n|\n|-heal|p1a: Sinistcha|42\/100|[from] Grassy Terrain\n|-heal|p1b: Archaludon|35\/100|[from] Grassy Terrain\n|-heal|p2b: Dragonite|69\/100|[from] Grassy Terrain\n|upkeep\n|turn|9\n|inactive|shidorin has 30 seconds left.\n|\n|t:|1731686860\n|move|p1a: Sinistcha|Life Dew|p1a: Sinistcha|[spread] p1a,p1b\n|-heal|p1a: Sinistcha|67\/100\n|-heal|p1b: Archaludon|59\/100\n|move|p2a: Rillaboom|Knock Off|p1b: Archaludon\n|-damage|p1b: Archaludon|41\/100\n|-ability|p1b: Archaludon|Stamina|boost\n|-boost|p1b: Archaludon|def|1\n|-enditem|p1b: Archaludon|Assault Vest|[from] move: Knock Off|[of] p2a: Rillaboom\n|move|p1b: Archaludon|Draco Meteor|p2b: Dragonite\n|-damage|p2b: Dragonite|6\/100\n|-unboost|p1b: Archaludon|spa|2\n|move|p2b: Dragonite|Tera Blast|p1b: Archaludon|[anim] Tera Blast Ghost\n|-damage|p1b: Archaludon|30\/100\n|-ability|p1b: Archaludon|Stamina|boost\n|-boost|p1b: Archaludon|def|1\n|\n|-heal|p1a: Sinistcha|74\/100|[from] Grassy Terrain\n|-heal|p1b: Archaludon|37\/100|[from] Grassy Terrain\n|-heal|p2b: Dragonite|12\/100|[from] Grassy Terrain\n|upkeep\n|turn|10\n|-message|VGCLTH Carrots forfeited.\n|\n|win|shidorin\n|raw|shidorin's rating: 1730 &rarr; <strong>1750<\/strong><br \/>(+20 for winning)\n|raw|VGCLTH Carrots's rating: 1738 &rarr; <strong>1718<\/strong><br \/>(-20 for losing)\n|l|\u2606VGCLTH Carrots\n|player|p2|\n|l|\u2606shidorin\n|player|p1|\n","uploadtime":1731686882,"views":28,"formatid":"gen9vgc2024regh","rating":1718,"private":0,"password":null}