{"id":"gen9vgc2024regh-2244540383","format":"[Gen 9] VGC 2024 Reg H","players":["woshin00b","power123452123"],"log":"|j|\u2606woshin00b\n|j|\u2606power123452123\n|t:|1731693661\n|gametype|doubles\n|player|p1|woshin00b|youngcouple-gen4dp|1751\n|player|p2|power123452123|2|1782\n|teamsize|p1|6\n|teamsize|p2|6\n|gen|9\n|tier|[Gen 9] VGC 2024 Reg H\n|rated|\n|rule|Species Clause: Limit one of each Pok\u00e9mon\n|rule|Item Clause: Limit 1 of each item\n|clearpoke\n|poke|p1|Talonflame, L50, M|\n|poke|p1|Garchomp, L50, M|\n|poke|p1|Gholdengo, L50|\n|poke|p1|Dragonite, L50, M|\n|poke|p1|Murkrow, L50, M|\n|poke|p1|Zoroark-Hisui, L50, F|\n|poke|p2|Palafin, L50, M|\n|poke|p2|Gholdengo, L50|\n|poke|p2|Incineroar, L50, F|\n|poke|p2|Rillaboom, L50, F|\n|poke|p2|Pelipper, L50, F|\n|poke|p2|Kingambit, L50, F|\n|teampreview|4\npower123452123 has agreed to open team sheets.\n|inactive|Battle timer is ON: inactive players will automatically lose when time's up. (requested by power123452123)\n|c|\u2606power123452123|can we have ots pls\n|inactive|power123452123 has 60 seconds left.\n|\n|t:|1731693716\n|start\n|switch|p1a: Dragonite|Dragonite, L50, M|100\/100\n|switch|p1b: Gholdengo|Gholdengo, L50|100\/100\n|switch|p2a: Palafin|Palafin, L50, M|100\/100\n|switch|p2b: Kingambit|Kingambit, L50, F|100\/100\n|turn|1\n|inactive|power123452123 has 30 seconds left.\n|inactive|power123452123 has 20 seconds left.\n|inactive|woshin00b has 30 seconds left.\n|\n|t:|1731693757\n|detailschange|p2a: Palafin|Palafin-Hero, L50, M\n|switch|p2a: Incineroar|Incineroar, L50, F|100\/100\n|-ability|p2a: Incineroar|Intimidate|boost\n|-unboost|p1a: Dragonite|atk|1\n|-unboost|p1b: Gholdengo|atk|1\n|-terastallize|p1b: Gholdengo|Steel\n|move|p1a: Dragonite|Hyper Voice|p2b: Kingambit|[spread] p2a,p2b\n|-resisted|p2b: Kingambit\n|-damage|p2a: Incineroar|75\/100\n|-damage|p2b: Kingambit|82\/100\n|move|p1b: Gholdengo|Make It Rain|p2a: Incineroar|[spread] p2a,p2b\n|-resisted|p2a: Incineroar\n|-resisted|p2b: Kingambit\n|-damage|p2a: Incineroar|31\/100\n|-damage|p2b: Kingambit|30\/100\n|-unboost|p1b: Gholdengo|spa|1\n|move|p2b: Kingambit|Swords Dance|p2b: Kingambit\n|-boost|p2b: Kingambit|atk|2\n|\n|upkeep\n|turn|2\n|inactive|woshin00b has 30 seconds left.\n|inactive|power123452123 has 30 seconds left.\n|\n|t:|1731693791\n|switch|p1b: Dragonite|Dragonite, L50, M|100\/100\n|move|p2a: Incineroar|Fake Out|p1b: Dragonite\n|-damage|p1b: Dragonite|95\/100\n|move|p1a: Dragonite|Hyper Voice|p2a: Incineroar|[spread] p2a,p2b\n|-resisted|p2b: Kingambit\n|-damage|p2a: Incineroar|5\/100\n|-damage|p2b: Kingambit|13\/100\n|move|p2b: Kingambit|Kowtow Cleave|p1b: Dragonite\n|-damage|p1b: Dragonite|0 fnt\n|faint|p1b: Dragonite\n|\n|upkeep\n|c|\u2606power123452123|lol this is kinda funny\n|c|\u2606power123452123|2 dragonite\n|\n|t:|1731693806\n|switch|p1b: Talonflame|Talonflame, L50, M|100\/100\n|turn|3\n|\n|t:|1731693811\n|move|p2b: Kingambit|Protect|p2b: Kingambit\n|-singleturn|p2b: Kingambit|Protect\n|move|p1b: Talonflame|Brave Bird|p2b: Kingambit\n|-activate|p2b: Kingambit|move: Protect\n|move|p1a: Dragonite|Hyper Voice|p2a: Incineroar|[spread] p2a\n|-activate|p2b: Kingambit|move: Protect\n|-damage|p2a: Incineroar|0 fnt\n|faint|p2a: Incineroar\n|\n|upkeep\n|\n|t:|1731693816\n|switch|p2a: Palafin|Palafin-Hero, L50, M|100\/100\n|-activate|p2a: Palafin|ability: Zero to Hero\n|turn|4\n|\n|t:|1731693831\n|move|p1b: Talonflame|Brave Bird|p2b: Kingambit\n|-resisted|p2b: Kingambit\n|-damage|p2b: Kingambit|0 fnt\n|faint|p2b: Kingambit\n|-damage|p1b: Talonflame|95\/100|[from] Recoil\n|move|p2a: Palafin|Jet Punch|p1a: Dragonite\n|-damage|p1a: Dragonite|10\/100\n|replace|p1a: Zoroark|Zoroark-Hisui, L50, F\n|-end|p1a: Zoroark|Illusion\n|move|p1a: Zoroark|Shadow Ball|p2a: Palafin\n|-damage|p2a: Palafin|59\/100\n|\n|upkeep\n|\n|t:|1731693840\n|switch|p2b: Pelipper|Pelipper, L50, F|100\/100\n|-weather|RainDance|[from] ability: Drizzle|[of] p2b: Pelipper\n|turn|5\n|\n|t:|1731693851\n|move|p2a: Palafin|Jet Punch|p1b: Talonflame\n|-supereffective|p1b: Talonflame\n|-damage|p1b: Talonflame|0 fnt\n|faint|p1b: Talonflame\n|move|p1a: Zoroark|Shadow Ball|p2a: Palafin\n|-damage|p2a: Palafin|22\/100\n|move|p2b: Pelipper|Tailwind|p2b: Pelipper\n|-sidestart|p2: power123452123|move: Tailwind\n|\n|-weather|RainDance|[upkeep]\n|upkeep\n|\n|t:|1731693861\n|switch|p1b: Gholdengo|Gholdengo, L50, tera:Steel|100\/100\n|turn|6\n|\n|t:|1731693877\n|-terastallize|p2a: Palafin|Water\n|move|p2a: Palafin|Wave Crash|p1b: Gholdengo\n|-damage|p1b: Gholdengo|0 fnt\n|faint|p1b: Gholdengo\n|-damage|p2a: Palafin|0 fnt|[from] Recoil\n|faint|p2a: Palafin\n|move|p2b: Pelipper|Weather Ball|p1a: Zoroark\n|-crit|p1a: Zoroark\n|-damage|p1a: Zoroark|0 fnt\n|faint|p1a: Zoroark\n|\n|win|power123452123\n|raw|woshin00b's rating: 1751 &rarr; <strong>1733<\/strong><br \/>(-18 for losing)\n|raw|power123452123's rating: 1782 &rarr; <strong>1800<\/strong><br \/>(+18 for winning)\n|l|\u2606woshin00b\n|player|p1|\n|l|\u2606power123452123\n|player|p2|\n","uploadtime":1731694032,"views":9,"formatid":"gen9vgc2024regh","rating":1733,"private":0,"password":null}