{"id":"gen9vgc2024regh-2244739399","format":"[Gen 9] VGC 2024 Reg H","players":["post_testing","VGCLTH John Pork"],"log":"|raw|<div class=\"broadcast-blue\"><strong>This battle is required to be public due to a player having a name starting with 'vgclth'.<\/div>\n|j|\u2606post_testing\n|j|\u2606VGCLTH John Pork\n|t:|1731715396\n|gametype|doubles\n|player|p1|post_testing|1|1754\n|player|p2|VGCLTH John Pork|ogreclan|1661\n|teamsize|p1|6\n|teamsize|p2|6\n|gen|9\n|tier|[Gen 9] VGC 2024 Reg H\n|rated|\n|rule|Species Clause: Limit one of each Pok\u00e9mon\n|rule|Item Clause: Limit 1 of each item\n|clearpoke\n|poke|p1|Indeedee, L50, M|\n|poke|p1|Sneasler, L50, F|\n|poke|p1|Archaludon, L50, F|\n|poke|p1|Pelipper, L50, F|\n|poke|p1|Basculegion, L50, M|\n|poke|p1|Delphox, L50, M|\n|poke|p2|Whimsicott, L50, F|\n|poke|p2|Typhlosion-Hisui, L50, F|\n|poke|p2|Annihilape, L50, M|\n|poke|p2|Maushold-Four, L50|\n|poke|p2|Farigiraf, L50, M|\n|poke|p2|Ursaluna-Bloodmoon, L50, M|\n|teampreview|4\n|inactive|Battle timer is ON: inactive players will automatically lose when time's up. (requested by VGCLTH John Pork)\n|\n|t:|1731715423\n|start\n|switch|p1a: dahyun|Pelipper, L50, F|100\/100\n|switch|p1b: Basculegion|Basculegion, L50, M|100\/100\n|switch|p2a: Sedate|Maushold-Four, L50|100\/100\n|switch|p2b: They remain|Farigiraf, L50, M|100\/100\n|-weather|RainDance|[from] ability: Drizzle|[of] p1a: dahyun\n|turn|1\n|\n|t:|1731715446\n|move|p1b: Basculegion|Protect|p1b: Basculegion\n|-singleturn|p1b: Basculegion|Protect\n|move|p2a: Sedate|Follow Me|p2a: Sedate\n|-singleturn|p2a: Sedate|move: Follow Me\n|move|p1a: dahyun|Icy Wind|p2b: They remain|[spread] p2a,p2b\n|-damage|p2a: Sedate|88\/100\n|-damage|p2b: They remain|91\/100\n|-unboost|p2a: Sedate|spe|1\n|-unboost|p2b: They remain|spe|1\n|move|p2b: They remain|Trick Room|p2b: They remain\n|-fieldstart|move: Trick Room|[of] p2b: They remain\n|\n|-weather|RainDance|[upkeep]\n|upkeep\n|turn|2\n|inactive|post_testing has 30 seconds left.\n|\n|t:|1731715471\n|switch|p1b: Indeedee|Indeedee, L50, M|100\/100\n|-fieldstart|move: Psychic Terrain|[from] ability: Psychic Surge|[of] p1b: Indeedee\n|move|p2b: They remain|Psychic Noise|p1b: Indeedee\n|-resisted|p1b: Indeedee\n|-damage|p1b: Indeedee|72\/100\n|-start|p1b: Indeedee|move: Heal Block\n|-enditem|p2b: They remain|Throat Spray\n|-boost|p2b: They remain|spa|1|[from] item: Throat Spray\n|move|p2a: Sedate|Population Bomb|p1a: dahyun\n|-damage|p1a: dahyun|89\/100\n|-damage|p1a: dahyun|77\/100\n|-damage|p1a: dahyun|64\/100\n|-damage|p1a: dahyun|53\/100\n|-damage|p1a: dahyun|42\/100\n|-damage|p1a: dahyun|29\/100\n|-damage|p1a: dahyun|18\/100\n|-damage|p1a: dahyun|7\/100\n|-damage|p1a: dahyun|0 fnt\n|faint|p1a: dahyun\n|-hitcount|p1: dahyun|9\n|\n|-weather|RainDance|[upkeep]\n|upkeep\n|inactive|post_testing has 30 seconds left.\n|\n|t:|1731715505\n|switch|p1a: Basculegion|Basculegion, L50, M|100\/100\n|turn|3\n|inactive|VGCLTH John Pork has 30 seconds left.\n|\n|t:|1731715536\n|switch|p1b: Archaludon|Archaludon, L50, F|100\/100\n|move|p1a: Basculegion|Protect|p1a: Basculegion\n|-singleturn|p1a: Basculegion|Protect\n|move|p2b: They remain|Psychic Noise|p1b: Archaludon\n|-resisted|p1b: Archaludon\n|-damage|p1b: Archaludon|77\/100\n|-start|p1b: Archaludon|move: Heal Block\n|-ability|p1b: Archaludon|Stamina|boost\n|-boost|p1b: Archaludon|def|1\n|move|p2a: Sedate|Population Bomb|p1b: Archaludon\n|-resisted|p1b: Archaludon\n|-damage|p1b: Archaludon|74\/100\n|-ability|p1b: Archaludon|Stamina|boost\n|-boost|p1b: Archaludon|def|1\n|-resisted|p1b: Archaludon\n|-damage|p1b: Archaludon|72\/100\n|-ability|p1b: Archaludon|Stamina|boost\n|-boost|p1b: Archaludon|def|1\n|-resisted|p1b: Archaludon\n|-damage|p1b: Archaludon|71\/100\n|-ability|p1b: Archaludon|Stamina|boost\n|-boost|p1b: Archaludon|def|1\n|-resisted|p1b: Archaludon\n|-damage|p1b: Archaludon|69\/100\n|-ability|p1b: Archaludon|Stamina|boost\n|-boost|p1b: Archaludon|def|1\n|-resisted|p1b: Archaludon\n|-damage|p1b: Archaludon|68\/100\n|-ability|p1b: Archaludon|Stamina|boost\n|-boost|p1b: Archaludon|def|1\n|-resisted|p1b: Archaludon\n|-damage|p1b: Archaludon|67\/100\n|-resisted|p1b: Archaludon\n|-damage|p1b: Archaludon|66\/100\n|-resisted|p1b: Archaludon\n|-damage|p1b: Archaludon|65\/100\n|-resisted|p1b: Archaludon\n|-damage|p1b: Archaludon|64\/100\n|-resisted|p1b: Archaludon\n|-damage|p1b: Archaludon|62\/100\n|-hitcount|p1b: Archaludon|10\n|\n|-weather|RainDance|[upkeep]\n|upkeep\n|turn|4\n|inactive|post_testing has 30 seconds left.\n|inactive|post_testing has 20 seconds left.\n|inactive|post_testing has 15 seconds left.\n|\n|t:|1731715580\n|switch|p2b: Unashamed|Ursaluna-Bloodmoon, L50, M|100\/100\n|switch|p1a: Indeedee|Indeedee, L50, M|72\/100\n|move|p1b: Archaludon|Snarl|p2b: Unashamed|[spread] p2a,p2b\n|-damage|p2a: Sedate|68\/100\n|-damage|p2b: Unashamed|84\/100\n|-unboost|p2a: Sedate|spa|1\n|-unboost|p2b: Unashamed|spa|1\n|move|p2a: Sedate|Encore||[still]\n|-fail|p2a: Sedate\n|\n|-weather|RainDance|[upkeep]\n|-end|p1b: Archaludon|move: Heal Block\n|upkeep\n|turn|5\n|inactive|post_testing has 30 seconds left.\n|\n|t:|1731715606\n|switch|p1a: Basculegion|Basculegion, L50, M|100\/100\n|-terastallize|p2b: Unashamed|Normal\n|-terastallize|p1b: Archaludon|Fairy\n|move|p2b: Unashamed|Blood Moon|p1b: Archaludon\n|-damage|p1b: Archaludon|0 fnt\n|faint|p1b: Archaludon\n|-damage|p2b: Unashamed|74\/100|[from] item: Life Orb\n|move|p2a: Sedate|Population Bomb|p1a: Basculegion\n|-immune|p1a: Basculegion\n|\n|-weather|none\n|-fieldend|move: Trick Room\n|upkeep\n|\n|t:|1731715624\n|switch|p1b: Indeedee|Indeedee, L50, M|72\/100\n|turn|6\n|inactive|VGCLTH John Pork has 30 seconds left.\n|inactive|VGCLTH John Pork has 20 seconds left.\n|inactive|VGCLTH John Pork has 15 seconds left.\n|\n|t:|1731715664\n|move|p2a: Sedate|Protect|p2a: Sedate\n|-singleturn|p2a: Sedate|Protect\n|move|p1b: Indeedee|Expanding Force|p2b: Unashamed|[spread] p2b\n|-activate|p2a: Sedate|move: Protect\n|-damage|p2b: Unashamed|10\/100\n|move|p1a: Basculegion|Wave Crash|p2a: Sedate\n|-activate|p2a: Sedate|move: Protect\n|move|p2b: Unashamed|Hyper Voice|p1a: Basculegion|[spread] p1a,p1b\n|-damage|p1a: Basculegion|56\/100\n|-damage|p1b: Indeedee|11\/100\n|-damage|p2b: Unashamed|0 fnt|[from] item: Life Orb\n|faint|p2b: Unashamed\n|\n|-fieldend|move: Psychic Terrain\n|upkeep\n|\n|t:|1731715670\n|switch|p2b: It\u2019s used to|Annihilape, L50, M|100\/100\n|turn|7\n|inactive|post_testing has 30 seconds left.\n|inactive|post_testing has 20 seconds left.\n|\n|t:|1731715710\n|move|p2b: It\u2019s used to|Rage Fist|p1a: Basculegion\n|-supereffective|p1a: Basculegion\n|-damage|p1a: Basculegion|0 fnt\n|faint|p1a: Basculegion\n|move|p1b: Indeedee|Tera Blast|p2a: Sedate\n|-damage|p2a: Sedate|9\/100\n|move|p2a: Sedate|Population Bomb|p1b: Indeedee\n|-damage|p1b: Indeedee|0 fnt\n|faint|p1b: Indeedee\n|-hitcount|p1: Indeedee|1\n|\n|win|VGCLTH John Pork\n|raw|post_testing's rating: 1754 &rarr; <strong>1730<\/strong><br \/>(-24 for losing)\n|raw|VGCLTH John Pork's rating: 1683 &rarr; <strong>1707<\/strong><br \/>(+24 for winning)\n|l|\u2606post_testing\n|player|p1|\n|l|\u2606VGCLTH John Pork\n|player|p2|\n","uploadtime":1731715773,"views":18,"formatid":"gen9vgc2024regh","rating":1707,"private":0,"password":null}