{"id":"gen9vgc2024regh-2244014934","format":"[Gen 9] VGC 2024 Reg H","players":["jrylam21","RustyChair13"],"log":"|j|\u2606jrylam21\n|j|\u2606RustyChair13\n|t:|1731621377\n|gametype|doubles\n|player|p1|jrylam21|102|1653\n|player|p2|RustyChair13|scientist-gen4|1711\n|teamsize|p1|6\n|teamsize|p2|6\n|gen|9\n|tier|[Gen 9] VGC 2024 Reg H\n|rated|\n|rule|Species Clause: Limit one of each Pok\u00e9mon\n|rule|Item Clause: Limit 1 of each item\n|clearpoke\n|poke|p1|Yanmega, L50, M|\n|poke|p1|Ursaluna, L50, M|\n|poke|p1|Porygon2, L50|\n|poke|p1|Incineroar, L50, M|\n|poke|p1|Dragonite, L50, F|\n|poke|p1|Hydreigon, L50, F|\n|poke|p2|Talonflame, L50, F|\n|poke|p2|Dragapult, L50, M|\n|poke|p2|Electabuzz, L50, M|\n|poke|p2|Sylveon, L50, M|\n|poke|p2|Decidueye-Hisui, L50, F|\n|poke|p2|Chandelure, L50, F|\n|teampreview|4\n|j| hoozayisdead\n|inactive|Battle timer is ON: inactive players will automatically lose when time's up. (requested by jrylam21)\n|\n|t:|1731621406\n|start\n|switch|p1a: Yanmega|Yanmega, L50, M|100\/100\n|switch|p1b: Ursaluna|Ursaluna, L50, M|100\/100\n|switch|p2a: Ampere|Electabuzz, L50, M|100\/100\n|switch|p2b: Moonlight|Sylveon, L50, M, shiny|100\/100\n|turn|1\n|\n|t:|1731621414\n|move|p1a: Yanmega|Detect|p1a: Yanmega\n|-singleturn|p1a: Yanmega|Protect\n|move|p1b: Ursaluna|Protect|p1b: Ursaluna\n|-singleturn|p1b: Ursaluna|Protect\n|move|p2a: Ampere|Feint|p1b: Ursaluna\n|-activate|p1b: Ursaluna|move: Feint\n|-damage|p1b: Ursaluna|96\/100\n|move|p2b: Moonlight|Hyper Voice|p1b: Ursaluna|[spread] p1b\n|-activate|p1a: Yanmega|move: Protect\n|-damage|p1b: Ursaluna|34\/100\n|\n|-ability|p1a: Yanmega|Speed Boost|boost\n|-boost|p1a: Yanmega|spe|1\n|-status|p1b: Ursaluna|brn|[from] item: Flame Orb\n|upkeep\n|turn|2\n|\n|t:|1731621429\n|move|p2a: Ampere|Follow Me|p2a: Ampere\n|-singleturn|p2a: Ampere|move: Follow Me\n|move|p1a: Yanmega|Tailwind|p1a: Yanmega\n|-sidestart|p1: jrylam21|move: Tailwind\n|move|p1b: Ursaluna|Earthquake|p2a: Ampere|[spread] p2a,p2b\n|-immune|p1a: Yanmega\n|-supereffective|p2a: Ampere\n|-damage|p2a: Ampere|4\/100\n|-damage|p2b: Moonlight|0 fnt\n|faint|p2b: Moonlight\n|\n|-damage|p1b: Ursaluna|28\/100 brn|[from] brn\n|-ability|p1a: Yanmega|Speed Boost|boost\n|-boost|p1a: Yanmega|spe|1\n|upkeep\n|\n|t:|1731621443\n|switch|p2b: Turning|Dragapult, L50, M, shiny|100\/100\n|turn|3\n|\n|t:|1731621468\n|move|p2a: Ampere|Feint|p1a: Yanmega\n|-damage|p1a: Yanmega|94\/100\n|move|p1a: Yanmega|Struggle Bug|p2a: Ampere|[spread] p2a,p2b\n|-resisted|p2b: Turning\n|-damage|p2a: Ampere|0 fnt\n|-damage|p2b: Turning|88\/100\n|faint|p2a: Ampere\n|move|p2b: Turning|Dragon Darts|p1a: Yanmega\n|-damage|p1a: Yanmega|40\/100\n|-anim|p2b: Turning|Dragon Darts|p1b: Ursaluna\n|-damage|p1b: Ursaluna|0 fnt\n|faint|p1b: Ursaluna\n|\n|-ability|p1a: Yanmega|Speed Boost|boost\n|-boost|p1a: Yanmega|spe|1\n|upkeep\n|\n|t:|1731621481\n|switch|p2a: Sniper|Decidueye-Hisui, L50, F|100\/100\n|switch|p1b: Hydreigon|Hydreigon, L50, F|100\/100\n|turn|4\n|\n|t:|1731621492\n|-terastallize|p1b: Hydreigon|Poison\n|-terastallize|p2b: Turning|Ghost\n|move|p2a: Sniper|Protect|p2a: Sniper\n|-singleturn|p2a: Sniper|Protect\n|move|p1a: Yanmega|Air Slash|p2a: Sniper\n|-activate|p2a: Sniper|move: Protect\n|move|p1b: Hydreigon|Dark Pulse|p2b: Turning\n|-supereffective|p2b: Turning\n|-damage|p2b: Turning|0 fnt\n|faint|p2b: Turning\n|\n|-ability|p1a: Yanmega|Speed Boost|boost\n|-boost|p1a: Yanmega|spe|1\n|upkeep\n|turn|5\n|-message|RustyChair13 forfeited.\n|\n|win|jrylam21\n|raw|jrylam21's rating: 1653 &rarr; <strong>1676<\/strong><br \/>(+23 for winning)\n|raw|RustyChair13's rating: 1711 &rarr; <strong>1688<\/strong><br \/>(-23 for losing)\n|l|\u2606RustyChair13\n|player|p2|\n|l|\u2606jrylam21\n|player|p1|\n|l| hoozayisdead\n","uploadtime":1731621662,"views":25,"formatid":"gen9vgc2024regh","rating":1676,"private":0,"password":null}