{"id":"gen9vgc2024regh-2244741344","format":"[Gen 9] VGC 2024 Reg H","players":["Spottedwoot","VGCLTH Glock Tuah"],"log":"|raw|<div class=\"broadcast-blue\"><strong>This battle is required to be public due to a player having a name starting with 'vgclth'.<\/div>\n|j|\u2606Spottedwoot\n|j|\u2606VGCLTH Glock Tuah\n|t:|1731715642\n|gametype|doubles\n|player|p1|Spottedwoot|170|1678\n|player|p2|VGCLTH Glock Tuah|koga-lgpe|1815\n|teamsize|p1|6\n|teamsize|p2|6\n|gen|9\n|tier|[Gen 9] VGC 2024 Reg H\n|rated|\n|rule|Species Clause: Limit one of each Pok\u00e9mon\n|rule|Item Clause: Limit 1 of each item\n|clearpoke\n|poke|p1|Kingambit, L50, F|\n|poke|p1|Primarina, L50, F|\n|poke|p1|Salamence, L50, M|\n|poke|p1|Gholdengo, L50|\n|poke|p1|Sneasler, L50, F|\n|poke|p1|Volcarona, L50, M|\n|poke|p2|Annihilape, L50, M|\n|poke|p2|Dondozo, L50, F|\n|poke|p2|Maushold-Four, L50|\n|poke|p2|Gholdengo, L50|\n|poke|p2|Whimsicott, L50, M|\n|poke|p2|Tatsugiri, L50, F|\n|teampreview|4\n|inactive|Battle timer is ON: inactive players will automatically lose when time's up. (requested by VGCLTH Glock Tuah)\n|\n|t:|1731715666\n|start\n|switch|p1a: Salamence|Salamence, L50, M|100\/100\n|switch|p1b: Volcarona|Volcarona, L50, M|100\/100\n|switch|p2a: Maushold|Maushold-Four, L50|100\/100\n|switch|p2b: Annihilape|Annihilape, L50, M, shiny|100\/100\n|-ability|p1a: Salamence|Intimidate|boost\n|-unboost|p2a: Maushold|atk|1\n|-unboost|p2b: Annihilape|atk|1\n|-ability|p2b: Annihilape|Defiant|boost\n|-boost|p2b: Annihilape|atk|2\n|turn|1\n|\n|t:|1731715675\n|move|p2a: Maushold|Taunt|p1b: Volcarona\n|-start|p1b: Volcarona|move: Taunt\n|move|p1a: Salamence|Tailwind|p1a: Salamence\n|-sidestart|p1: Spottedwoot|move: Tailwind\n|move|p1b: Volcarona|Heat Wave|p2a: Maushold|[spread] p2a,p2b\n|-damage|p2a: Maushold|57\/100\n|-damage|p2b: Annihilape|80\/100\n|move|p2b: Annihilape|Bulk Up|p2b: Annihilape\n|-boost|p2b: Annihilape|atk|1\n|-boost|p2b: Annihilape|def|1\n|\n|upkeep\n|turn|2\n|\n|t:|1731715694\n|-terastallize|p1b: Volcarona|Fairy\n|move|p2a: Maushold|Protect|p2a: Maushold\n|-singleturn|p2a: Maushold|Protect\n|move|p1a: Salamence|Hurricane|p2b: Annihilape\n|-supereffective|p2b: Annihilape\n|-damage|p2b: Annihilape|1\/100\n|-enditem|p2b: Annihilape|Sitrus Berry|[eat]\n|-heal|p2b: Annihilape|26\/100|[from] item: Sitrus Berry\n|-damage|p1a: Salamence|90\/100|[from] item: Life Orb\n|move|p1b: Volcarona|Tera Blast|p2b: Annihilape|[anim] Tera Blast Fairy\n|-supereffective|p2b: Annihilape\n|-damage|p2b: Annihilape|0 fnt\n|faint|p2b: Annihilape\n|\n|upkeep\n|\n|t:|1731715704\n|switch|p2b: Dondozo|Dondozo, L50, F, shiny|100\/100\n|turn|3\n|j| UGCL\n|\n|t:|1731715710\n|switch|p2a: Tatsugiri|Tatsugiri, L50, F, shiny|100\/100\n|-activate|p2a: Tatsugiri|ability: Commander|[of] p2b: Dondozo\n|-boost|p2b: Dondozo|atk|2\n|-boost|p2b: Dondozo|spa|2\n|-boost|p2b: Dondozo|spe|2\n|-boost|p2b: Dondozo|def|2\n|-boost|p2b: Dondozo|spd|2\n|move|p1b: Volcarona|Tera Blast|p2a: Tatsugiri|[anim] Tera Blast Fairy|[miss]\n|-miss|p1b: Volcarona|p2a: Tatsugiri\n|move|p1a: Salamence|Draco Meteor|p2b: Dondozo\n|-damage|p2b: Dondozo|60\/100\n|-unboost|p1a: Salamence|spa|2\n|-damage|p1a: Salamence|80\/100|[from] item: Life Orb\n|move|p2b: Dondozo|Wave Crash|p1b: Volcarona\n|-damage|p1b: Volcarona|0 fnt\n|faint|p1b: Volcarona\n|-damage|p2b: Dondozo|36\/100|[from] Recoil\n|\n|-heal|p2b: Dondozo|43\/100|[from] item: Leftovers\n|upkeep\n|\n|t:|1731715712\n|switch|p1b: Primarina|Primarina, L50, F|100\/100\n|turn|4\n|\n|t:|1731715718\n|move|p1a: Salamence|Draco Meteor|p2b: Dondozo\n|-damage|p2b: Dondozo|0 fnt\n|-unboost|p1a: Salamence|spa|2\n|faint|p2b: Dondozo\n|-damage|p1a: Salamence|70\/100|[from] item: Life Orb\n|move|p1b: Primarina|Haze|p1b: Primarina\n|-clearallboost\n|\n|-sideend|p1: Spottedwoot|move: Tailwind\n|upkeep\n|\n|t:|1731715721\n|switch|p2b: Maushold|Maushold-Four, L50|57\/100\n|turn|5\n|\n|t:|1731715728\n|-terastallize|p2a: Tatsugiri|Steel\n|move|p2a: Tatsugiri|Tera Blast|p1a: Salamence|[anim] Tera Blast Steel\n|-damage|p1a: Salamence|23\/100\n|move|p2b: Maushold|Taunt|p1b: Primarina\n|-start|p1b: Primarina|move: Taunt\n|move|p1a: Salamence|Tailwind|p1a: Salamence\n|-sidestart|p1: Spottedwoot|move: Tailwind\n|move|p1b: Primarina|Moonblast|p2a: Tatsugiri\n|-resisted|p2a: Tatsugiri\n|-damage|p2a: Tatsugiri|78\/100\n|\n|upkeep\n|turn|6\n|-message|VGCLTH Glock Tuah forfeited.\n|\n|win|Spottedwoot\n|raw|Spottedwoot's rating: 1678 &rarr; <strong>1706<\/strong><br \/>(+28 for winning)\n|raw|VGCLTH Glock Tuah's rating: 1815 &rarr; <strong>1787<\/strong><br \/>(-28 for losing)\n|l|\u2606VGCLTH Glock Tuah\n|player|p2|\n","uploadtime":1731715739,"views":98,"formatid":"gen9vgc2024regh","rating":1706,"private":0,"password":null}