{"id":"gen9vgc2024regh-2244601527","format":"[Gen 9] VGC 2024 Reg H","players":["jbleacher2","VGCLTH Rishi"],"log":"|raw|<div class=\"broadcast-blue\"><strong>This battle is required to be public due to a player having a name starting with 'vgclth'.<\/div>\n|j|\u2606jbleacher2\n|j|\u2606VGCLTH Rishi\n|t:|1731699682\n|gametype|doubles\n|player|p1|jbleacher2|2|1925\n|player|p2|VGCLTH Rishi|shauntal|1774\n|teamsize|p1|6\n|teamsize|p2|6\n|gen|9\n|tier|[Gen 9] VGC 2024 Reg H\n|rated|\n|rule|Species Clause: Limit one of each Pok\u00e9mon\n|rule|Item Clause: Limit 1 of each item\n|clearpoke\n|poke|p1|Murkrow, L50, M|\n|poke|p1|Volcarona, L50, F|\n|poke|p1|Oricorio-Pom-Pom, L50, F|\n|poke|p1|Quaquaval, L50, F|\n|poke|p1|Archaludon, L50, M|\n|poke|p1|Golduck, L50, M|\n|poke|p2|Kommo-o, L50, F|\n|poke|p2|Rillaboom, L50, F|\n|poke|p2|Tyranitar, L50, F|\n|poke|p2|Talonflame, L50, F|\n|poke|p2|Gholdengo, L50|\n|poke|p2|Milotic, L50, M|\n|teampreview|4\n|inactive|Battle timer is ON: inactive players will automatically lose when time's up. (requested by jbleacher2)\n|inactive|VGCLTH Rishi has 60 seconds left.\n|inactive|VGCLTH Rishi has 30 seconds left.\n|j| jdarcan\n|inactive|VGCLTH Rishi has 20 seconds left.\n|\n|t:|1731699756\n|start\n|switch|p1a: Quaquaval|Quaquaval, L50, F|100\/100\n|switch|p1b: Oricorio|Oricorio-Pom-Pom, L50, F, shiny|100\/100\n|switch|p2a: Tyranitar|Tyranitar, L50, F|100\/100\n|switch|p2b: Rillaboom|Rillaboom, L50, F, shiny|100\/100\n|-fieldstart|move: Grassy Terrain|[from] ability: Grassy Surge|[of] p2b: Rillaboom\n|-weather|Sandstorm|[from] ability: Sand Stream|[of] p2a: Tyranitar\n|turn|1\n|\n|t:|1731699775\n|switch|p2a: Kommo-o|Kommo-o, L50, F|100\/100\n|-terastallize|p1a: Quaquaval|Ghost\n|move|p2b: Rillaboom|Grassy Glide|p1a: Quaquaval\n|-damage|p1a: Quaquaval|33\/100\n|move|p1a: Quaquaval|Aqua Step|p2a: Kommo-o\n|-resisted|p2a: Kommo-o\n|-damage|p2a: Kommo-o|87\/100\n|-boost|p1a: Quaquaval|spe|1\n|-activate|p1b: Oricorio|ability: Dancer\n|move|p1b: Oricorio|Aqua Step|p2a: Kommo-o|[from]ability: Dancer\n|-resisted|p2a: Kommo-o\n|-damage|p2a: Kommo-o|83\/100\n|-boost|p1b: Oricorio|spe|1\n|move|p1b: Oricorio|Revelation Dance|p2a: Kommo-o\n|-resisted|p2a: Kommo-o\n|-damage|p2a: Kommo-o|64\/100\n|\n|-weather|Sandstorm|[upkeep]\n|-damage|p1a: Quaquaval|27\/100|[from] Sandstorm\n|-damage|p1b: Oricorio|94\/100|[from] Sandstorm\n|-damage|p2b: Rillaboom|94\/100|[from] Sandstorm\n|-heal|p1a: Quaquaval|33\/100|[from] Grassy Terrain\n|-heal|p2b: Rillaboom|100\/100|[from] Grassy Terrain\n|-heal|p2a: Kommo-o|70\/100|[from] Grassy Terrain\n|-heal|p2a: Kommo-o|76\/100|[from] item: Leftovers\n|upkeep\n|turn|2\n|\n|t:|1731699790\n|switch|p1a: Volcarona|Volcarona, L50, F|100\/100\n|switch|p2a: Tyranitar|Tyranitar, L50, F|100\/100\n|move|p2b: Rillaboom|Grassy Glide|p1a: Volcarona\n|-resisted|p1a: Volcarona\n|-damage|p1a: Volcarona|87\/100\n|-status|p2b: Rillaboom|brn|[from] ability: Flame Body|[of] p1a: Volcarona\n|move|p1b: Oricorio|Air Slash|p2b: Rillaboom\n|-supereffective|p2b: Rillaboom\n|-damage|p2b: Rillaboom|8\/100 brn\n|\n|-weather|Sandstorm|[upkeep]\n|-damage|p1b: Oricorio|88\/100|[from] Sandstorm\n|-damage|p1a: Volcarona|81\/100|[from] Sandstorm\n|-damage|p2b: Rillaboom|2\/100 brn|[from] Sandstorm\n|-heal|p1a: Volcarona|87\/100|[from] Grassy Terrain\n|-heal|p1a: Volcarona|94\/100|[from] item: Leftovers\n|-heal|p2b: Rillaboom|8\/100 brn|[from] Grassy Terrain\n|-damage|p2b: Rillaboom|2\/100 brn|[from] brn\n|upkeep\n|turn|3\n|j| Satansinlaw\n|\n|t:|1731699814\n|move|p1a: Volcarona|Protect|p1a: Volcarona\n|-singleturn|p1a: Volcarona|Protect\n|move|p2b: Rillaboom|Grassy Glide|p1b: Oricorio\n|-resisted|p1b: Oricorio\n|-damage|p1b: Oricorio|72\/100\n|move|p1b: Oricorio|Baton Pass|p1b: Oricorio\n|\n|t:|1731699822\n|switch|p1b: Archaludon|Archaludon, L50, M|100\/100|[from] Baton Pass\n|move|p2a: Tyranitar|Rock Slide|p1a: Volcarona|[spread] p1b\n|-activate|p1a: Volcarona|move: Protect\n|-resisted|p1b: Archaludon\n|-damage|p1b: Archaludon|89\/100\n|-ability|p1b: Archaludon|Stamina|boost\n|-boost|p1b: Archaludon|def|1\n|\n|-weather|Sandstorm|[upkeep]\n|-damage|p1a: Volcarona|87\/100|[from] Sandstorm\n|-damage|p2b: Rillaboom|0 fnt|[from] Sandstorm\n|faint|p2b: Rillaboom\n|-heal|p1b: Archaludon|95\/100|[from] Grassy Terrain\n|-heal|p1a: Volcarona|94\/100|[from] Grassy Terrain\n|-heal|p1a: Volcarona|99\/100|[from] item: Leftovers\n|upkeep\n|\n|t:|1731699827\n|switch|p2b: Talonflame|Talonflame, L50, F|100\/100\n|turn|4\n|inactive|jbleacher2 has 30 seconds left.\n|\n|t:|1731699856\n|switch|p1a: Quaquaval|Quaquaval, L50, F, tera:Ghost|33\/100\n|-terastallize|p2a: Tyranitar|Flying\n|move|p2b: Talonflame|Tailwind|p2b: Talonflame\n|-sidestart|p2: VGCLTH Rishi|move: Tailwind\n|move|p2a: Tyranitar|Tera Blast|p1a: Quaquaval|[anim] Tera Blast Flying\n|-damage|p1a: Quaquaval|0 fnt\n|faint|p1a: Quaquaval\n|move|p1b: Archaludon|Body Press|p2a: Tyranitar\n|-resisted|p2a: Tyranitar\n|-damage|p2a: Tyranitar|86\/100\n|\n|-weather|Sandstorm|[upkeep]\n|-damage|p2a: Tyranitar|80\/100|[from] Sandstorm\n|-heal|p1b: Archaludon|100\/100|[from] Grassy Terrain\n|upkeep\n|\n|t:|1731699868\n|switch|p1a: Oricorio|Oricorio-Pom-Pom, L50, F, shiny|72\/100\n|turn|5\n|j| Zordor\n|\n|t:|1731699879\n|move|p1a: Oricorio|Protect|p1a: Oricorio\n|-singleturn|p1a: Oricorio|Protect\n|move|p2b: Talonflame|Flare Blitz|p1a: Oricorio\n|-activate|p1a: Oricorio|move: Protect\n|move|p2a: Tyranitar|Low Kick|p1b: Archaludon\n|-supereffective|p1b: Archaludon\n|-damage|p1b: Archaludon|73\/100\n|-ability|p1b: Archaludon|Stamina|boost\n|-boost|p1b: Archaludon|def|1\n|move|p1b: Archaludon|Dragon Pulse|p2a: Tyranitar\n|-damage|p2a: Tyranitar|58\/100\n|\n|-weather|none\n|-heal|p1b: Archaludon|79\/100|[from] Grassy Terrain\n|-fieldend|move: Grassy Terrain\n|upkeep\n|turn|6\n|j| kyog9t\n|\n|t:|1731699901\n|switch|p1a: Volcarona|Volcarona, L50, F|99\/100\n|move|p2b: Talonflame|Flare Blitz|p1b: Archaludon\n|-damage|p1b: Archaludon|65\/100\n|-ability|p1b: Archaludon|Stamina|boost\n|-boost|p1b: Archaludon|def|1\n|-damage|p2b: Talonflame|95\/100|[from] Recoil\n|move|p2a: Tyranitar|Rock Slide|p1b: Archaludon|[spread] p1a,p1b\n|-supereffective|p1a: Volcarona\n|-resisted|p1b: Archaludon\n|-damage|p1a: Volcarona|0 fnt\n|-damage|p1b: Archaludon|60\/100\n|-ability|p1b: Archaludon|Stamina|boost\n|-boost|p1b: Archaludon|def|1\n|faint|p1a: Volcarona\n|move|p1b: Archaludon|Flash Cannon|p2a: Tyranitar\n|-damage|p2a: Tyranitar|38\/100\n|\n|upkeep\n|l| kyog9t\n|\n|t:|1731699908\n|switch|p1a: Oricorio|Oricorio-Pom-Pom, L50, F, shiny|72\/100\n|turn|7\n|\n|t:|1731699919\n|move|p2b: Talonflame|Protect|p2b: Talonflame\n|-singleturn|p2b: Talonflame|Protect\n|move|p1a: Oricorio|Protect|p1a: Oricorio\n|-singleturn|p1a: Oricorio|Protect\n|move|p2a: Tyranitar|Knock Off|p1a: Oricorio\n|-activate|p1a: Oricorio|move: Protect\n|move|p1b: Archaludon|Body Press|p2b: Talonflame\n|-activate|p2b: Talonflame|move: Protect\n|\n|-sideend|p2: VGCLTH Rishi|move: Tailwind\n|upkeep\n|turn|8\n|\n|t:|1731699933\n|move|p2b: Talonflame|Tailwind|p2b: Talonflame\n|-sidestart|p2: VGCLTH Rishi|move: Tailwind\n|move|p2a: Tyranitar|Knock Off|p1a: Oricorio\n|-damage|p1a: Oricorio|0 fnt\n|-enditem|p1a: Oricorio|Covert Cloak|[from] move: Knock Off|[of] p2a: Tyranitar\n|faint|p1a: Oricorio\n|move|p1b: Archaludon|Dragon Pulse|p2a: Tyranitar\n|-damage|p2a: Tyranitar|18\/100\n|\n|upkeep\n|turn|9\n|\n|t:|1731699944\n|move|p2b: Talonflame|Flare Blitz|p1b: Archaludon\n|-damage|p1b: Archaludon|52\/100\n|-ability|p1b: Archaludon|Stamina|boost\n|-boost|p1b: Archaludon|def|1\n|-damage|p2b: Talonflame|92\/100|[from] Recoil\n|move|p2a: Tyranitar|Low Kick|p1b: Archaludon\n|-supereffective|p1b: Archaludon\n|-damage|p1b: Archaludon|37\/100\n|-ability|p1b: Archaludon|Stamina|boost\n|-boost|p1b: Archaludon|def|1\n|move|p1b: Archaludon|Dragon Pulse|p2a: Tyranitar\n|-damage|p2a: Tyranitar|0 fnt\n|faint|p2a: Tyranitar\n|\n|upkeep\n|\n|t:|1731699948\n|switch|p2a: Kommo-o|Kommo-o, L50, F|76\/100\n|turn|10\n|\n|t:|1731699955\n|move|p2b: Talonflame|Flare Blitz|p1b: Archaludon\n|-damage|p1b: Archaludon|30\/100\n|-damage|p2b: Talonflame|89\/100|[from] Recoil\n|move|p2a: Kommo-o|Flamethrower|p1b: Archaludon\n|-damage|p1b: Archaludon|16\/100\n|move|p1b: Archaludon|Dragon Pulse|p2a: Kommo-o\n|-supereffective|p2a: Kommo-o\n|-damage|p2a: Kommo-o|10\/100\n|\n|-heal|p2a: Kommo-o|16\/100|[from] item: Leftovers\n|upkeep\n|turn|11\n|j| VGCLTH Sac gaming\n|\n|t:|1731699961\n|move|p2b: Talonflame|Flare Blitz|p1b: Archaludon\n|-damage|p1b: Archaludon|10\/100\n|-damage|p2b: Talonflame|87\/100|[from] Recoil\n|move|p2a: Kommo-o|Flamethrower|p1b: Archaludon\n|-damage|p1b: Archaludon|0 fnt\n|faint|p1b: Archaludon\n|\n|win|VGCLTH Rishi\n|raw|jbleacher2's rating: 1925 &rarr; <strong>1897<\/strong><br \/>(-28 for losing)\n|raw|VGCLTH Rishi's rating: 1774 &rarr; <strong>1802<\/strong><br \/>(+28 for winning)\n|l|\u2606jbleacher2\n|player|p1|\n|l| VGCLTH Sac gaming\n","uploadtime":1731699970,"views":43,"formatid":"gen9vgc2024regh","rating":1802,"private":0,"password":null}