{"id":"gen9vgc2024regh-2244047058","format":"[Gen 9] VGC 2024 Reg H","players":["VGCLTH Sac gaming","VGCLTH Glock Tuah"],"log":"|raw|<div class=\"broadcast-blue\"><strong>This battle is required to be public due to a player having a name starting with 'vgclth'.<\/div>\n|j|\u2606VGCLTH Sac gaming\n|j|\u2606VGCLTH Glock Tuah\n|t:|1731625007\n|gametype|doubles\n|player|p1|VGCLTH Sac gaming|steven|1685\n|player|p2|VGCLTH Glock Tuah|koga-lgpe|1770\n|teamsize|p1|6\n|teamsize|p2|6\n|gen|9\n|tier|[Gen 9] VGC 2024 Reg H\n|rated|\n|rule|Species Clause: Limit one of each Pok\u00e9mon\n|rule|Item Clause: Limit 1 of each item\n|clearpoke\n|poke|p1|Whimsicott, L50, F|\n|poke|p1|Dragonite, L50, M|\n|poke|p1|Ursaluna-Bloodmoon, L50, M|\n|poke|p1|Gholdengo, L50|\n|poke|p1|Incineroar, L50, M|\n|poke|p1|Annihilape, L50, M|\n|poke|p2|Annihilape, L50, M|\n|poke|p2|Dondozo, L50, M|\n|poke|p2|Maushold-Four, L50|\n|poke|p2|Gholdengo, L50|\n|poke|p2|Whimsicott, L50, M|\n|poke|p2|Tatsugiri, L50, M|\n|teampreview|4\n|inactive|Battle timer is ON: inactive players will automatically lose when time's up. (requested by VGCLTH Glock Tuah)\n|inactive|VGCLTH Sac gaming also wants the timer to be on.\nVGCLTH Sac gaming rejected open team sheets.\n|\n|t:|1731625019\n|start\n|switch|p1a: Whimsicott|Whimsicott, L50, F|100\/100\n|switch|p1b: Gholdengo|Gholdengo, L50|100\/100\n|switch|p2a: Maushold|Maushold-Four, L50|100\/100\n|switch|p2b: Annihilape|Annihilape, L50, M, shiny|100\/100\n|turn|1\n|\n|t:|1731625035\n|-terastallize|p2b: Annihilape|Fire\n|move|p1a: Whimsicott|Tailwind|p1a: Whimsicott\n|-sidestart|p1: VGCLTH Sac gaming|move: Tailwind\n|move|p1b: Gholdengo|Make It Rain|p2b: Annihilape|[spread] p2a,p2b\n|-resisted|p2b: Annihilape\n|-damage|p2a: Maushold|15\/100\n|-damage|p2b: Annihilape|82\/100\n|-unboost|p1b: Gholdengo|spa|1\n|move|p2a: Maushold|Beat Up|p2b: Annihilape\n|-crit|p2b: Annihilape\n|-damage|p2b: Annihilape|79\/100\n|-damage|p2b: Annihilape|77\/100\n|-damage|p2b: Annihilape|75\/100\n|-damage|p2b: Annihilape|73\/100\n|-hitcount|p2b: Annihilape|4\n|move|p2b: Annihilape|Rage Fist|p1a: Whimsicott\n|-enditem|p1a: Whimsicott|Focus Sash\n|-damage|p1a: Whimsicott|1\/100\n|\n|upkeep\n|turn|2\n|j| VGCLTH John Pork\n|inactive|VGCLTH Sac gaming has 30 seconds left.\n|\n|t:|1731625061\n|switch|p1b: Ursaluna|Ursaluna-Bloodmoon, L50, M|100\/100\n|move|p2a: Maushold|Protect|p2a: Maushold\n|-singleturn|p2a: Maushold|Protect\n|move|p1a: Whimsicott|Moonblast|p2a: Maushold\n|-activate|p2a: Maushold|move: Protect\n|move|p2b: Annihilape|Rage Fist|p1b: Ursaluna\n|-immune|p1b: Ursaluna\n|\n|upkeep\n|turn|3\n|\n|t:|1731625080\n|switch|p2a: Dondozo|Dondozo, L50, M, shiny|100\/100\n|switch|p2b: Tatsugiri|Tatsugiri, L50, M, shiny|100\/100\n|-activate|p2b: Tatsugiri|ability: Commander|[of] p2a: Dondozo\n|-boost|p2a: Dondozo|atk|2\n|-boost|p2a: Dondozo|spa|2\n|-boost|p2a: Dondozo|spe|2\n|-boost|p2a: Dondozo|def|2\n|-boost|p2a: Dondozo|spd|2\n|move|p1a: Whimsicott|Encore||[still]\n|-fail|p1a: Whimsicott\n|move|p1b: Ursaluna|Earth Power|p2b: Tatsugiri|[miss]\n|-miss|p1b: Ursaluna|p2b: Tatsugiri\n|\n|upkeep\n|turn|4\n|l| VGCLTH John Pork\n|\n|t:|1731625093\n|switch|p1a: Dragonite|Dragonite, L50, M|100\/100\n|-terastallize|p1b: Ursaluna|Normal\n|move|p1b: Ursaluna|Blood Moon|p2a: Dondozo\n|-damage|p2a: Dondozo|41\/100\n|move|p2a: Dondozo|Wave Crash|p1a: Dragonite\n|-resisted|p1a: Dragonite\n|-damage|p1a: Dragonite|69\/100\n|-damage|p2a: Dondozo|33\/100|[from] Recoil\n|\n|-heal|p2a: Dondozo|40\/100|[from] item: Leftovers\n|-sideend|p1: VGCLTH Sac gaming|move: Tailwind\n|upkeep\n|turn|5\n|\n|t:|1731625107\n|move|p2a: Dondozo|Order Up|p1a: Dragonite\n|-supereffective|p1a: Dragonite\n|-damage|p1a: Dragonite|0 fnt\n|faint|p1a: Dragonite\n|-boost|p2a: Dondozo|atk|1\n|move|p1b: Ursaluna|Hyper Voice|p2a: Dondozo|[spread] p2a\n|-miss|p1b: Ursaluna|p2b: Tatsugiri\n|-damage|p2a: Dondozo|10\/100\n|\n|-heal|p2a: Dondozo|16\/100|[from] item: Leftovers\n|upkeep\n|\n|t:|1731625112\n|switch|p1a: Whimsicott|Whimsicott, L50, F|1\/100\n|turn|6\n|\n|t:|1731625115\n|move|p1a: Whimsicott|Tailwind|p1a: Whimsicott\n|-sidestart|p1: VGCLTH Sac gaming|move: Tailwind\n|move|p1b: Ursaluna|Hyper Voice|p2a: Dondozo|[spread] p2a\n|-miss|p1b: Ursaluna|p2b: Tatsugiri\n|-damage|p2a: Dondozo|0 fnt\n|faint|p2a: Dondozo\n|\n|upkeep\n|\n|t:|1731625119\n|switch|p2a: Maushold|Maushold-Four, L50|15\/100\n|turn|7\n|\n|t:|1731625128\n|move|p2a: Maushold|Protect|p2a: Maushold\n|-singleturn|p2a: Maushold|Protect\n|move|p1a: Whimsicott|Moonblast|p2b: Tatsugiri\n|-supereffective|p2b: Tatsugiri\n|-damage|p2b: Tatsugiri|29\/100\n|move|p2b: Tatsugiri|Icy Wind|p1a: Whimsicott|[spread] p1a,p1b\n|-supereffective|p1a: Whimsicott\n|-damage|p1a: Whimsicott|0 fnt\n|-damage|p1b: Ursaluna|89\/100\n|-unboost|p1b: Ursaluna|spe|1\n|faint|p1a: Whimsicott\n|move|p1b: Ursaluna|Hyper Voice|p2a: Maushold|[spread] p2b\n|-activate|p2a: Maushold|move: Protect\n|-damage|p2b: Tatsugiri|0 fnt\n|faint|p2b: Tatsugiri\n|\n|upkeep\n|\n|t:|1731625132\n|switch|p1a: Gholdengo|Gholdengo, L50|100\/100\n|switch|p2b: Annihilape|Annihilape, L50, M, shiny, tera:Fire|73\/100\n|turn|8\n|\n|t:|1731625149\n|move|p2a: Maushold|Follow Me|p2a: Maushold\n|-singleturn|p2a: Maushold|move: Follow Me\n|move|p1a: Gholdengo|Make It Rain|p2b: Annihilape|[spread] p2a,p2b\n|-resisted|p2b: Annihilape\n|-damage|p2a: Maushold|0 fnt\n|-damage|p2b: Annihilape|53\/100\n|-unboost|p1a: Gholdengo|spa|1\n|faint|p2a: Maushold\n|move|p1b: Ursaluna|Earth Power|p2b: Annihilape\n|-supereffective|p2b: Annihilape\n|-damage|p2b: Annihilape|0 fnt\n|faint|p2b: Annihilape\n|\n|win|VGCLTH Sac gaming\n|raw|VGCLTH Sac gaming's rating: 1685 &rarr; <strong>1710<\/strong><br \/>(+25 for winning)\n|raw|VGCLTH Glock Tuah's rating: 1770 &rarr; <strong>1745<\/strong><br \/>(-25 for losing)\n|c|\u2606VGCLTH Sac gaming|gg\n|l|\u2606VGCLTH Glock Tuah\n|player|p2|\n","uploadtime":1731625155,"views":36,"formatid":"gen9vgc2024regh","rating":1710,"private":0,"password":null}