{"id":"gen9vgc2024regh-2244030619","format":"[Gen 9] VGC 2024 Reg H","players":["VGCLTH Sac gaming","nivea4"],"log":"|raw|<div class=\"broadcast-blue\"><strong>This battle is required to be public due to a player having a name starting with 'vgclth'.<\/div>\n|j|\u2606VGCLTH Sac gaming\n|j|\u2606nivea4\n|t:|1731623132\n|gametype|doubles\n|player|p1|VGCLTH Sac gaming|steven|1664\n|player|p2|nivea4|170|1797\n|teamsize|p1|6\n|teamsize|p2|6\n|gen|9\n|tier|[Gen 9] VGC 2024 Reg H\n|rated|\n|rule|Species Clause: Limit one of each Pok\u00e9mon\n|rule|Item Clause: Limit 1 of each item\n|clearpoke\n|poke|p1|Whimsicott, L50, F|\n|poke|p1|Dragonite, L50, M|\n|poke|p1|Ursaluna-Bloodmoon, L50, M|\n|poke|p1|Gholdengo, L50|\n|poke|p1|Incineroar, L50, M|\n|poke|p1|Annihilape, L50, M|\n|poke|p2|Ursaluna-Bloodmoon, L50, M|\n|poke|p2|Gholdengo, L50|\n|poke|p2|Amoonguss, L50, F|\n|poke|p2|Volcarona, L50, M|\n|poke|p2|Grimmsnarl, L50, M|\n|poke|p2|Tyranitar, L50, M|\n|teampreview|4\n|inactive|Battle timer is ON: inactive players will automatically lose when time's up. (requested by VGCLTH Sac gaming)\nVGCLTH Sac gaming rejected open team sheets.\n|\n|t:|1731623150\n|start\n|switch|p1a: Whimsicott|Whimsicott, L50, F|100\/100\n|switch|p1b: Annihilape|Annihilape, L50, M|100\/100\n|switch|p2a: Grimmsnarl|Grimmsnarl, L50, M|100\/100\n|switch|p2b: Volcarona|Volcarona, L50, M|100\/100\n|turn|1\n|\n|t:|1731623164\n|move|p2a: Grimmsnarl|Thunder Wave|p1a: Whimsicott\n|-status|p1a: Whimsicott|par\n|move|p1b: Annihilape|Rage Fist|p2b: Volcarona\n|-damage|p2b: Volcarona|75\/100\n|move|p2b: Volcarona|Heat Wave|p1a: Whimsicott|[spread] p1a,p1b\n|-supereffective|p1a: Whimsicott\n|-enditem|p1a: Whimsicott|Focus Sash\n|-damage|p1a: Whimsicott|1\/100 par\n|-damage|p1b: Annihilape|64\/100\n|cant|p1a: Whimsicott|par\n|\n|upkeep\n|turn|2\n|\n|t:|1731623183\n|cant|p1a: Whimsicott|par\n|move|p2a: Grimmsnarl|Reflect|p2a: Grimmsnarl\n|-sidestart|p2: nivea4|Reflect\n|move|p1b: Annihilape|Final Gambit|p2b: Volcarona\n|-damage|p2b: Volcarona|8\/100\n|faint|p1b: Annihilape\n|move|p2b: Volcarona|Heat Wave|p1a: Whimsicott\n|-supereffective|p1a: Whimsicott\n|-damage|p1a: Whimsicott|0 fnt\n|faint|p1a: Whimsicott\n|\n|upkeep\n|\n|t:|1731623189\n|switch|p1a: Ursaluna|Ursaluna-Bloodmoon, L50, M|100\/100\n|switch|p1b: Gholdengo|Gholdengo, L50|100\/100\n|turn|3\n|\n|t:|1731623202\n|-terastallize|p1b: Gholdengo|Steel\n|move|p2b: Volcarona|Protect|p2b: Volcarona\n|-singleturn|p2b: Volcarona|Protect\n|move|p1a: Ursaluna|Vacuum Wave|p2b: Volcarona\n|-activate|p2b: Volcarona|move: Protect\n|move|p1b: Gholdengo|Make It Rain|p2b: Volcarona|[spread] p2a\n|-activate|p2b: Volcarona|move: Protect\n|-supereffective|p2a: Grimmsnarl\n|-damage|p2a: Grimmsnarl|0 fnt\n|-unboost|p1b: Gholdengo|spa|1\n|faint|p2a: Grimmsnarl\n|\n|upkeep\n|\n|t:|1731623217\n|switch|p2a: Ursaluna|Ursaluna-Bloodmoon, L50, M|100\/100\n|turn|4\n|\n|t:|1731623224\n|switch|p2b: Gholdengo|Gholdengo, L50|100\/100\n|move|p1b: Gholdengo|Make It Rain|p2a: Ursaluna|[spread] p2a,p2b\n|-resisted|p2b: Gholdengo\n|-damage|p2a: Ursaluna|29\/100\n|-damage|p2b: Gholdengo|68\/100\n|-unboost|p1b: Gholdengo|spa|1\n|move|p1a: Ursaluna|Blood Moon|p2a: Ursaluna\n|-damage|p2a: Ursaluna|0 fnt\n|faint|p2a: Ursaluna\n|\n|-heal|p2b: Gholdengo|74\/100|[from] item: Leftovers\n|upkeep\n|\n|t:|1731623238\n|switch|p2a: Volcarona|Volcarona, L50, M|8\/100\n|turn|5\n|\n|t:|1731623248\n|move|p1b: Gholdengo|Make It Rain|p2b: Gholdengo|[spread] p2a,p2b\n|-resisted|p2a: Volcarona\n|-resisted|p2b: Gholdengo\n|-damage|p2a: Volcarona|0 fnt\n|-damage|p2b: Gholdengo|50\/100\n|-unboost|p1b: Gholdengo|spa|1\n|faint|p2a: Volcarona\n|move|p2b: Gholdengo|Nasty Plot|p2b: Gholdengo\n|-boost|p2b: Gholdengo|spa|2\n|move|p1a: Ursaluna|Earth Power|p2b: Gholdengo\n|-supereffective|p2b: Gholdengo\n|-damage|p2b: Gholdengo|0 fnt\n|faint|p2b: Gholdengo\n|\n|win|VGCLTH Sac gaming\n|raw|VGCLTH Sac gaming's rating: 1677 &rarr; <strong>1704<\/strong><br \/>(+27 for winning)\n|raw|nivea4's rating: 1797 &rarr; <strong>1770<\/strong><br \/>(-27 for losing)\n|l|\u2606nivea4\n|player|p2|\n|c|\u2606VGCLTH Sac gaming|gg\n","uploadtime":1731623253,"views":19,"formatid":"gen9vgc2024regh","rating":1704,"private":0,"password":null}