{"id":"gen9vgc2024regh-2244580075","format":"[Gen 9] VGC 2024 Reg H","players":["Grade a type b","jdarcan"],"log":"|j|\u2606Grade a type b\n|j|\u2606jdarcan\n|t:|1731697537\n|gametype|doubles\n|player|p1|Grade a type b|265|1778\n|player|p2|jdarcan|pokemonranger|1678\n|teamsize|p1|6\n|teamsize|p2|6\n|gen|9\n|tier|[Gen 9] VGC 2024 Reg H\n|rated|\n|rule|Species Clause: Limit one of each Pok\u00e9mon\n|rule|Item Clause: Limit 1 of each item\n|clearpoke\n|poke|p1|Whimsicott, L50, M|\n|poke|p1|Tyranitar, L50, F|\n|poke|p1|Ursaluna-Bloodmoon, L50, M|\n|poke|p1|Gholdengo, L50|\n|poke|p1|Dragonite, L50, F|\n|poke|p1|Primarina, L50, F|\n|poke|p2|Kilowattrel, L50, F|\n|poke|p2|Garchomp, L50, F|\n|poke|p2|Corviknight, L50, F|\n|poke|p2|Raichu, L50, F|\n|poke|p2|Ninetales-Alola, L50, M|\n|poke|p2|Chandelure, L50, M|\n|teampreview|4\n|inactive|Battle timer is ON: inactive players will automatically lose when time's up. (requested by Grade a type b)\n|inactive|jdarcan has 60 seconds left.\n|inactive|jdarcan has 30 seconds left.\n|\n|t:|1731697601\n|start\n|switch|p1a: Whimsicott|Whimsicott, L50, M|100\/100\n|switch|p1b: Tyranitar|Tyranitar, L50, F|100\/100\n|switch|p2a: Kilowattrel|Kilowattrel, L50, F|100\/100\n|switch|p2b: Garchomp|Garchomp, L50, F|100\/100\n|-weather|Sandstorm|[from] ability: Sand Stream|[of] p1b: Tyranitar\n|turn|1\n|inactive|Grade a type b has 30 seconds left.\n|\n|t:|1731697631\n|switch|p2a: Ninetales|Ninetales-Alola, L50, M|100\/100\n|-weather|Snow|[from] ability: Snow Warning|[of] p2a: Ninetales\n|-terastallize|p1b: Tyranitar|Flying\n|move|p1a: Whimsicott|Tailwind|p1a: Whimsicott\n|-sidestart|p1: Grade a type b|move: Tailwind\n|move|p2b: Garchomp|Iron Head|p1a: Whimsicott\n|-supereffective|p1a: Whimsicott\n|-damage|p1a: Whimsicott|17\/100\n|-damage|p2b: Garchomp|91\/100|[from] item: Life Orb\n|move|p1b: Tyranitar|Rock Slide|p2a: Ninetales|[spread] p2a,p2b\n|-supereffective|p2a: Ninetales\n|-resisted|p2b: Garchomp\n|-damage|p2a: Ninetales|36\/100\n|-damage|p2b: Garchomp|75\/100\n|\n|-weather|Snow|[upkeep]\n|upkeep\n|turn|2\n|inactive|jdarcan has 30 seconds left.\n|inactive|Grade a type b has 30 seconds left.\n|inactive|jdarcan has 20 seconds left.\n|inactive|jdarcan has 15 seconds left.\n|inactive|jdarcan has 10 seconds left.\n|inactive|jdarcan has 5 seconds left.\n|\n|t:|1731697685\n|switch|p1a: Gholdengo|Gholdengo, L50|100\/100\n|move|p2a: Ninetales|Blizzard|p1a: Gholdengo|[spread] p1a,p1b\n|-resisted|p1a: Gholdengo\n|-supereffective|p1b: Tyranitar\n|-damage|p1a: Gholdengo|71\/100\n|-damage|p1b: Tyranitar|48\/100\n|move|p2b: Garchomp|Iron Head|p1a: Gholdengo\n|-resisted|p1a: Gholdengo\n|-damage|p1a: Gholdengo|50\/100\n|-damage|p2b: Garchomp|65\/100|[from] item: Life Orb\n|move|p1b: Tyranitar|Rock Slide|p2b: Garchomp|[spread] p2a,p2b\n|-supereffective|p2a: Ninetales\n|-resisted|p2b: Garchomp\n|-damage|p2a: Ninetales|0 fnt\n|-damage|p2b: Garchomp|49\/100\n|faint|p2a: Ninetales\n|\n|-weather|Snow|[upkeep]\n|upkeep\n|\n|t:|1731697704\n|switch|p2a: Kilowattrel|Kilowattrel, L50, F|100\/100\n|turn|3\n|\n|t:|1731697709\n|move|p2b: Garchomp|Protect|p2b: Garchomp\n|-singleturn|p2b: Garchomp|Protect\n|move|p1a: Gholdengo|Make It Rain|p2a: Kilowattrel|[spread] p2a\n|-activate|p2b: Garchomp|move: Protect\n|-resisted|p2a: Kilowattrel\n|-damage|p2a: Kilowattrel|37\/100\n|-unboost|p1a: Gholdengo|spa|1\n|move|p2a: Kilowattrel|Tailwind|p2a: Kilowattrel\n|-sidestart|p2: jdarcan|move: Tailwind\n|-start|p2a: Kilowattrel|Charge|Tailwind|[from] ability: Wind Power\n|move|p1b: Tyranitar|Rock Slide|p2a: Kilowattrel|[spread] \n|-activate|p2b: Garchomp|move: Protect\n|-miss|p1b: Tyranitar|p2a: Kilowattrel\n|\n|-weather|Snow|[upkeep]\n|upkeep\n|turn|4\n|j| Fancy Cucudrula\n|inactive|jdarcan has 30 seconds left.\n|\n|t:|1731697738\n|switch|p1b: Ursaluna|Ursaluna-Bloodmoon, L50, M|100\/100\n|move|p2a: Kilowattrel|Discharge|p1a: Gholdengo|[spread] p1a\n|-immune|p2b: Garchomp\n|-immune|p1b: Ursaluna\n|-damage|p1a: Gholdengo|0 fnt\n|faint|p1a: Gholdengo\n|-end|p2a: Kilowattrel|Charge|[silent]\n|move|p2b: Garchomp|Iron Head|p1b: Ursaluna\n|-damage|p1b: Ursaluna|71\/100\n|-damage|p2b: Garchomp|39\/100|[from] item: Life Orb\n|\n|-weather|Snow|[upkeep]\n|-sideend|p1: Grade a type b|move: Tailwind\n|upkeep\n|\n|t:|1731697748\n|switch|p1a: Whimsicott|Whimsicott, L50, M|17\/100\n|turn|5\n|inactive|jdarcan has 30 seconds left.\n|\n|t:|1731697773\n|move|p1a: Whimsicott|Encore|p2a: Kilowattrel\n|-start|p2a: Kilowattrel|Encore\n|move|p2a: Kilowattrel|Discharge|p1b: Ursaluna|[spread] p1a\n|-immune|p2b: Garchomp\n|-immune|p1b: Ursaluna\n|-resisted|p1a: Whimsicott\n|-damage|p1a: Whimsicott|0 fnt\n|faint|p1a: Whimsicott\n|move|p2b: Garchomp|Earthquake|p1b: Ursaluna|[spread] p1b\n|-immune|p2a: Kilowattrel\n|-damage|p1b: Ursaluna|27\/100\n|-damage|p2b: Garchomp|29\/100|[from] item: Life Orb\n|move|p1b: Ursaluna|Hyper Voice|p2b: Garchomp|[spread] p2a,p2b\n|-damage|p2a: Kilowattrel|0 fnt\n|-damage|p2b: Garchomp|0 fnt\n|faint|p2a: Kilowattrel\n|faint|p2b: Garchomp\n|-damage|p1b: Ursaluna|17\/100|[from] item: Life Orb\n|\n|-weather|none\n|upkeep\n|j| thelasttheorem\n|\n|t:|1731697791\n|switch|p2a: Corviknight|Corviknight, L50, F|100\/100\n|switch|p1a: Tyranitar|Tyranitar, L50, F, tera:Flying|48\/100\n|-weather|Sandstorm|[from] ability: Sand Stream|[of] p1a: Tyranitar\n|turn|6\n|inactive|jdarcan has 30 seconds left.\n|inactive|jdarcan has 20 seconds left.\n|inactive|jdarcan has 15 seconds left.\n|\n|t:|1731697831\n|move|p1b: Ursaluna|Protect|p1b: Ursaluna\n|-singleturn|p1b: Ursaluna|Protect\n|move|p2a: Corviknight|Bulk Up|p2a: Corviknight\n|-boost|p2a: Corviknight|atk|1\n|-boost|p2a: Corviknight|def|1\n|move|p1a: Tyranitar|Knock Off|p2a: Corviknight\n|-damage|p2a: Corviknight|74\/100\n|-enditem|p2a: Corviknight|Maranga Berry|[from] move: Knock Off|[of] p1a: Tyranitar\n|\n|-weather|Sandstorm|[upkeep]\n|-damage|p1a: Tyranitar|43\/100|[from] Sandstorm\n|-sideend|p2: jdarcan|move: Tailwind\n|upkeep\n|turn|7\n|\n|t:|1731697851\n|move|p1b: Ursaluna|Blood Moon|p2a: Corviknight\n|-resisted|p2a: Corviknight\n|-damage|p2a: Corviknight|28\/100\n|-damage|p1b: Ursaluna|8\/100|[from] item: Life Orb\n|move|p2a: Corviknight|Brave Bird|p1b: Ursaluna\n|-damage|p1b: Ursaluna|0 fnt\n|faint|p1b: Ursaluna\n|-damage|p2a: Corviknight|25\/100|[from] Recoil\n|move|p1a: Tyranitar|Rock Slide|p2a: Corviknight\n|-damage|p2a: Corviknight|4\/100\n|\n|-weather|Sandstorm|[upkeep]\n|-damage|p1a: Tyranitar|37\/100|[from] Sandstorm\n|upkeep\n|turn|8\n|\n|t:|1731697866\n|move|p2a: Corviknight|Roost|p2a: Corviknight\n|-heal|p2a: Corviknight|55\/100\n|-singleturn|p2a: Corviknight|move: Roost\n|move|p1a: Tyranitar|Low Kick|p2a: Corviknight\n|-supereffective|p2a: Corviknight\n|-damage|p2a: Corviknight|24\/100\n|\n|-weather|Sandstorm|[upkeep]\n|-damage|p1a: Tyranitar|31\/100|[from] Sandstorm\n|upkeep\n|turn|9\n|\n|t:|1731697887\n|move|p2a: Corviknight|Brave Bird|p1a: Tyranitar\n|-damage|p1a: Tyranitar|0 fnt\n|faint|p1a: Tyranitar\n|-damage|p2a: Corviknight|14\/100|[from] Recoil\n|\n|win|jdarcan\n|raw|Grade a type b's rating: 1778 &rarr; <strong>1752<\/strong><br \/>(-26 for losing)\n|raw|jdarcan's rating: 1678 &rarr; <strong>1704<\/strong><br \/>(+26 for winning)\n|l|\u2606Grade a type b\n|player|p1|\n|l| thelasttheorem\n|l| Fancy Cucudrula\n","uploadtime":1731698056,"views":9,"formatid":"gen9vgc2024regh","rating":1704,"private":0,"password":null}