{"id":"gen9vgc2024regh-2244227003","format":"[Gen 9] VGC 2024 Reg H","players":["kintamamaruzero","VGCLTH mt"],"log":"|raw|<div class=\"broadcast-blue\"><strong>This battle is required to be public due to a player having a name starting with 'vgclth'.<\/div>\n|j|\u2606kintamamaruzero\n|j|\u2606VGCLTH mt\n|t:|1731649535\n|gametype|doubles\n|player|p1|kintamamaruzero|169|1748\n|player|p2|VGCLTH mt|cynthia|1695\n|teamsize|p1|6\n|teamsize|p2|6\n|gen|9\n|tier|[Gen 9] VGC 2024 Reg H\n|rated|\n|rule|Species Clause: Limit one of each Pok\u00e9mon\n|rule|Item Clause: Limit 1 of each item\n|clearpoke\n|poke|p1|Clefable, L50, F|\n|poke|p1|Gholdengo, L50|\n|poke|p1|Annihilape, L50, F|\n|poke|p1|Kilowattrel, L50, F|\n|poke|p1|Garchomp, L50, M|\n|poke|p1|Tyranitar, L50, M|\n|poke|p2|Ursaluna-Bloodmoon, L50, M|\n|poke|p2|Gholdengo, L50|\n|poke|p2|Dragonite, L50, M|\n|poke|p2|Primarina, L50, F|\n|poke|p2|Incineroar, L50, M|\n|poke|p2|Amoonguss, L50, M|\n|teampreview|4\n|inactive|Battle timer is ON: inactive players will automatically lose when time's up. (requested by VGCLTH mt)\n|inactive|kintamamaruzero has 60 seconds left.\n|inactive|VGCLTH mt has 60 seconds left.\n|inactive|kintamamaruzero has 30 seconds left.\n|inactive|VGCLTH mt has 30 seconds left.\n|inactive|VGCLTH mt has 20 seconds left.\n|\n|t:|1731649607\n|start\n|switch|p1a: Garchomp|Garchomp, L50, M|100\/100\n|switch|p1b: Tyranitar|Tyranitar, L50, M|100\/100\n|switch|p2a: Gholdengo|Gholdengo, L50, shiny|100\/100\n|switch|p2b: Ursaluna|Ursaluna-Bloodmoon, L50, M|100\/100\n|-weather|Sandstorm|[from] ability: Sand Stream|[of] p1b: Tyranitar\n|turn|1\n|j| VGCLTH TnB\n|\n|t:|1731649628\n|-terastallize|p1b: Tyranitar|Flying\n|move|p2a: Gholdengo|Protect|p2a: Gholdengo\n|-singleturn|p2a: Gholdengo|Protect\n|move|p1a: Garchomp|Earthquake|p2a: Gholdengo|[spread] p2b\n|-activate|p2a: Gholdengo|move: Protect\n|-immune|p1b: Tyranitar\n|-damage|p2b: Ursaluna|63\/100\n|-damage|p1a: Garchomp|91\/100|[from] item: Life Orb\n|move|p1b: Tyranitar|Low Kick|p2b: Ursaluna\n|-supereffective|p2b: Ursaluna\n|-damage|p2b: Ursaluna|0 fnt\n|faint|p2b: Ursaluna\n|\n|-weather|Sandstorm|[upkeep]\n|-damage|p1b: Tyranitar|94\/100|[from] Sandstorm\n|upkeep\n|\n|t:|1731649638\n|switch|p2b: Primarina|Primarina, L50, F, shiny|100\/100\n|turn|2\n|inactive|kintamamaruzero has 30 seconds left.\n|\n|t:|1731649667\n|-terastallize|p2a: Gholdengo|Steel\n|move|p2b: Primarina|Icy Wind|p1b: Tyranitar|[spread] p1a,p1b\n|-supereffective|p1a: Garchomp\n|-supereffective|p1b: Tyranitar\n|-damage|p1a: Garchomp|29\/100\n|-damage|p1b: Tyranitar|77\/100\n|-unboost|p1a: Garchomp|spe|1\n|-unboost|p1b: Tyranitar|spe|1\n|move|p2a: Gholdengo|Make It Rain|p1a: Garchomp|[spread] p1a,p1b\n|-damage|p1a: Garchomp|0 fnt\n|-damage|p1b: Tyranitar|41\/100\n|-unboost|p2a: Gholdengo|spa|1\n|faint|p1a: Garchomp\n|move|p1b: Tyranitar|Knock Off|p2a: Gholdengo\n|-damage|p2a: Gholdengo|34\/100\n|-enditem|p2a: Gholdengo|Focus Sash|[from] move: Knock Off|[of] p1b: Tyranitar\n|\n|-weather|Sandstorm|[upkeep]\n|-damage|p2b: Primarina|95\/100|[from] Sandstorm\n|-damage|p1b: Tyranitar|35\/100|[from] Sandstorm\n|upkeep\n|\n|t:|1731649691\n|switch|p1a: Gholdengo|Gholdengo, L50|100\/100\n|turn|3\n|\n|t:|1731649713\n|move|p2a: Gholdengo|Protect|p2a: Gholdengo\n|-singleturn|p2a: Gholdengo|Protect\n|move|p2b: Primarina|Icy Wind|p1b: Tyranitar|[spread] p1a,p1b\n|-resisted|p1a: Gholdengo\n|-supereffective|p1b: Tyranitar\n|-damage|p1a: Gholdengo|93\/100\n|-damage|p1b: Tyranitar|19\/100\n|-unboost|p1a: Gholdengo|spe|1\n|-unboost|p1b: Tyranitar|spe|1\n|move|p1a: Gholdengo|Make It Rain|p2a: Gholdengo|[spread] p2b\n|-activate|p2a: Gholdengo|move: Protect\n|-damage|p2b: Primarina|37\/100\n|-unboost|p1a: Gholdengo|spa|1\n|move|p1b: Tyranitar|Knock Off|p2a: Gholdengo\n|-activate|p2a: Gholdengo|move: Protect\n|\n|-weather|Sandstorm|[upkeep]\n|-damage|p2b: Primarina|31\/100|[from] Sandstorm\n|-damage|p1b: Tyranitar|13\/100|[from] Sandstorm\n|upkeep\n|turn|4\n|inactive|kintamamaruzero has 30 seconds left.\n|inactive|kintamamaruzero has 20 seconds left.\n|\n|t:|1731649753\n|move|p2b: Primarina|Icy Wind|p1b: Tyranitar|[spread] p1a,p1b\n|-resisted|p1a: Gholdengo\n|-supereffective|p1b: Tyranitar\n|-damage|p1a: Gholdengo|84\/100\n|-damage|p1b: Tyranitar|0 fnt\n|-unboost|p1a: Gholdengo|spe|1\n|faint|p1b: Tyranitar\n|move|p2a: Gholdengo|Shadow Ball|p1a: Gholdengo\n|-supereffective|p1a: Gholdengo\n|-damage|p1a: Gholdengo|16\/100\n|move|p1a: Gholdengo|Shadow Ball|p2a: Gholdengo\n|-damage|p2a: Gholdengo|0 fnt\n|faint|p2a: Gholdengo\n|\n|-weather|Sandstorm|[upkeep]\n|-damage|p2b: Primarina|25\/100|[from] Sandstorm\n|upkeep\n|\n|t:|1731649762\n|switch|p2a: Dragonite|Dragonite, L50, M, shiny|100\/100\n|switch|p1b: Clefable|Clefable, L50, F|100\/100\n|turn|5\n|\n|t:|1731649776\n|move|p2b: Primarina|Icy Wind|p1a: Gholdengo|[spread] p1a,p1b\n|-resisted|p1a: Gholdengo\n|-damage|p1a: Gholdengo|8\/100\n|-damage|p1b: Clefable|86\/100\n|-unboost|p1a: Gholdengo|spe|1\n|-unboost|p1b: Clefable|spe|1\n|move|p2a: Dragonite|Stomping Tantrum|p1a: Gholdengo\n|-supereffective|p1a: Gholdengo\n|-damage|p1a: Gholdengo|0 fnt\n|faint|p1a: Gholdengo\n|move|p1b: Clefable|Encore|p2a: Dragonite\n|-start|p2a: Dragonite|Encore\n|\n|-weather|none\n|upkeep\n|turn|6\n|\n|t:|1731649786\n|move|p2b: Primarina|Icy Wind|p1b: Clefable\n|-damage|p1b: Clefable|69\/100\n|-unboost|p1b: Clefable|spe|1\n|move|p2a: Dragonite|Stomping Tantrum|p1b: Clefable\n|-damage|p1b: Clefable|44\/100\n|-enditem|p1b: Clefable|Sitrus Berry|[eat]\n|-heal|p1b: Clefable|69\/100|[from] item: Sitrus Berry\n|move|p1b: Clefable|Moonblast|p2a: Dragonite\n|-supereffective|p2a: Dragonite\n|-damage|p2a: Dragonite|77\/100\n|\n|upkeep\n|turn|7\n|\n|t:|1731649795\n|move|p2b: Primarina|Icy Wind|p1b: Clefable\n|-damage|p1b: Clefable|49\/100\n|-unboost|p1b: Clefable|spe|1\n|move|p2a: Dragonite|Stomping Tantrum|p1b: Clefable\n|-damage|p1b: Clefable|24\/100\n|move|p1b: Clefable|Moonblast|p2a: Dragonite\n|-supereffective|p2a: Dragonite\n|-damage|p2a: Dragonite|29\/100\n|-unboost|p2a: Dragonite|spa|1\n|\n|upkeep\n|turn|8\n|c|\u2606kintamamaruzero|gg\n|inactive|kintamamaruzero has 30 seconds left.\n|\n|t:|1731649829\n|move|p2b: Primarina|Icy Wind|p1b: Clefable\n|-damage|p1b: Clefable|6\/100\n|-unboost|p1b: Clefable|spe|1\n|move|p2a: Dragonite|Stomping Tantrum|p1b: Clefable\n|-damage|p1b: Clefable|0 fnt\n|faint|p1b: Clefable\n|\n|win|VGCLTH mt\n|raw|kintamamaruzero's rating: 1748 &rarr; <strong>1725<\/strong><br \/>(-23 for losing)\n|raw|VGCLTH mt's rating: 1695 &rarr; <strong>1718<\/strong><br \/>(+23 for winning)\n|l|\u2606kintamamaruzero\n|player|p1|\n|l|\u2606VGCLTH mt\n|player|p2|\n|l| VGCLTH TnB\n","uploadtime":1731650002,"views":27,"formatid":"gen9vgc2024regh","rating":1718,"private":0,"password":null}