{"id":"gen9vgc2024regh-2244663344","format":"[Gen 9] VGC 2024 Reg H","players":["Filefate","VGCLTH Ninjaboy"],"log":"|raw|<div class=\"broadcast-blue\"><strong>This battle is required to be public due to a player having a name starting with 'vgclth'.<\/div>\n|j|\u2606Filefate\n|j|\u2606VGCLTH Ninjaboy\n|t:|1731706332\n|gametype|doubles\n|player|p1|Filefate|hiker-gen4|1687\n|player|p2|VGCLTH Ninjaboy|preschoolers|1690\n|teamsize|p1|6\n|teamsize|p2|6\n|gen|9\n|tier|[Gen 9] VGC 2024 Reg H\n|rated|\n|rule|Species Clause: Limit one of each Pok\u00e9mon\n|rule|Item Clause: Limit 1 of each item\n|clearpoke\n|poke|p1|Annihilape, L50, F|\n|poke|p1|Electrode-Hisui, L50|\n|poke|p1|Archaludon, L50, M|\n|poke|p1|Pelipper, L50, F|\n|poke|p1|Gothitelle, L50, F|\n|poke|p1|Basculegion, L50, M|\n|poke|p2|Kommo-o, L50, M|\n|poke|p2|Dondozo, L50, F|\n|poke|p2|Rillaboom, L50, M|\n|poke|p2|Sneasler, L50, F|\n|poke|p2|Electabuzz, L50, F|\n|poke|p2|Gholdengo, L50|\n|teampreview|4\n|inactive|Battle timer is ON: inactive players will automatically lose when time's up. (requested by Filefate)\n|inactive|VGCLTH Ninjaboy has 60 seconds left.\n|j| girl latias\n|\n|t:|1731706380\n|start\n|switch|p1a: Annihilape|Annihilape, L50, F|100\/100\n|switch|p1b: Electrode|Electrode-Hisui, L50|100\/100\n|switch|p2a: Electabuzz|Electabuzz, L50, F|100\/100\n|switch|p2b: Kommo-o|Kommo-o, L50, M|100\/100\n|turn|1\n|j| Partan\n|inactive|Filefate has 30 seconds left.\n|\n|t:|1731706410\n|-terastallize|p2a: Electabuzz|Ghost\n|move|p2a: Electabuzz|Follow Me|p2a: Electabuzz\n|-singleturn|p2a: Electabuzz|move: Follow Me\n|move|p1b: Electrode|Taunt|p2a: Electabuzz\n|-start|p2a: Electabuzz|move: Taunt\n|move|p1a: Annihilape|Rage Fist|p2a: Electabuzz\n|-supereffective|p2a: Electabuzz\n|-damage|p2a: Electabuzz|53\/100\n|move|p2b: Kommo-o|Clangorous Soul|p2b: Kommo-o\n|-boost|p2b: Kommo-o|atk|1\n|-boost|p2b: Kommo-o|def|1\n|-boost|p2b: Kommo-o|spa|1\n|-boost|p2b: Kommo-o|spd|1\n|-boost|p2b: Kommo-o|spe|1\n|-damage|p2b: Kommo-o|68\/100\n|-enditem|p2b: Kommo-o|Throat Spray\n|-boost|p2b: Kommo-o|spa|1|[from] item: Throat Spray\n|\n|upkeep\n|turn|2\n|\n|t:|1731706430\n|-terastallize|p1a: Annihilape|Steel\n|move|p2b: Kommo-o|Protect|p2b: Kommo-o\n|-singleturn|p2b: Kommo-o|Protect\n|move|p1b: Electrode|Bullet Seed|p1a: Annihilape\n|-resisted|p1a: Annihilape\n|-damage|p1a: Annihilape|98\/100\n|-resisted|p1a: Annihilape\n|-damage|p1a: Annihilape|96\/100\n|-resisted|p1a: Annihilape\n|-damage|p1a: Annihilape|95\/100\n|-resisted|p1a: Annihilape\n|-crit|p1a: Annihilape\n|-damage|p1a: Annihilape|91\/100\n|-hitcount|p1a: Annihilape|4\n|move|p1a: Annihilape|Rage Fist|p2b: Kommo-o\n|-activate|p2b: Kommo-o|move: Protect\n|move|p2a: Electabuzz|Electroweb|p1b: Electrode|[spread] p1a,p1b\n|-resisted|p1b: Electrode\n|-damage|p1a: Annihilape|77\/100\n|-damage|p1b: Electrode|96\/100\n|-unboost|p1a: Annihilape|spe|1\n|-ability|p1a: Annihilape|Defiant|boost\n|-boost|p1a: Annihilape|atk|2\n|-unboost|p1b: Electrode|spe|1\n|\n|upkeep\n|turn|3\n|inactive|Filefate has 30 seconds left.\n|\n|t:|1731706457\n|switch|p1a: Pelipper|Pelipper, L50, F|100\/100\n|-weather|RainDance|[from] ability: Drizzle|[of] p1a: Pelipper\n|move|p2b: Kommo-o|Flamethrower|p1a: Pelipper\n|-resisted|p1a: Pelipper\n|-damage|p1a: Pelipper|86\/100\n|move|p2a: Electabuzz|Electroweb|p1b: Electrode|[spread] p1a,p1b\n|-supereffective|p1a: Pelipper\n|-resisted|p1b: Electrode\n|-damage|p1a: Pelipper|14\/100\n|-damage|p1b: Electrode|92\/100\n|-unboost|p1a: Pelipper|spe|1\n|-unboost|p1b: Electrode|spe|1\n|move|p1b: Electrode|Taunt|p2b: Kommo-o\n|-start|p2b: Kommo-o|move: Taunt\n|\n|-weather|RainDance|[upkeep]\n|upkeep\n|turn|4\n|\n|t:|1731706477\n|move|p2b: Kommo-o|Flamethrower|p1b: Electrode\n|-supereffective|p1b: Electrode\n|-damage|p1b: Electrode|32\/100\n|move|p2a: Electabuzz|Electroweb|p1a: Pelipper|[spread] p1a,p1b\n|-supereffective|p1a: Pelipper\n|-resisted|p1b: Electrode\n|-damage|p1a: Pelipper|0 fnt\n|-damage|p1b: Electrode|29\/100\n|-unboost|p1b: Electrode|spe|1\n|faint|p1a: Pelipper\n|move|p1b: Electrode|Taunt||[still]\n|-fail|p1b: Electrode\n|\n|-weather|RainDance|[upkeep]\n|-end|p2a: Electabuzz|move: Taunt\n|upkeep\n|\n|t:|1731706493\n|switch|p1a: Annihilape|Annihilape, L50, F, tera:Steel|77\/100\n|turn|5\n|l| Partan\n|\n|t:|1731706504\n|move|p2a: Electabuzz|Follow Me|p2a: Electabuzz\n|-singleturn|p2a: Electabuzz|move: Follow Me\n|move|p2b: Kommo-o|Flamethrower|p1a: Annihilape\n|-supereffective|p1a: Annihilape\n|-damage|p1a: Annihilape|27\/100\n|move|p1a: Annihilape|Rage Fist|p2a: Electabuzz\n|-supereffective|p2a: Electabuzz\n|-damage|p2a: Electabuzz|0 fnt\n|faint|p2a: Electabuzz\n|move|p1b: Electrode|Taunt||[still]\n|-fail|p1b: Electrode\n|\n|-weather|RainDance|[upkeep]\n|upkeep\n|\n|t:|1731706514\n|switch|p2a: Sneasler|Sneasler, L50, F|100\/100\n|turn|6\n|\n|t:|1731706523\n|switch|p1a: Archaludon|Archaludon, L50, M|100\/100\n|move|p2a: Sneasler|Fake Out|p1b: Electrode\n|-damage|p1b: Electrode|8\/100\n|move|p2b: Kommo-o|Flamethrower|p1a: Archaludon\n|-damage|p1a: Archaludon|86\/100\n|-ability|p1a: Archaludon|Stamina|boost\n|-boost|p1a: Archaludon|def|1\n|cant|p1b: Electrode|flinch\n|\n|-weather|RainDance|[upkeep]\n|-end|p2b: Kommo-o|move: Taunt\n|upkeep\n|turn|7\n|\n|t:|1731706541\n|move|p2b: Kommo-o|Protect|p2b: Kommo-o\n|-singleturn|p2b: Kommo-o|Protect\n|move|p2a: Sneasler|Close Combat|p1a: Archaludon\n|-supereffective|p1a: Archaludon\n|-damage|p1a: Archaludon|18\/100\n|-unboost|p2a: Sneasler|def|1\n|-unboost|p2a: Sneasler|spd|1\n|-ability|p1a: Archaludon|Stamina|boost\n|-boost|p1a: Archaludon|def|1\n|move|p1a: Archaludon|Dragon Pulse|p2b: Kommo-o\n|-activate|p2b: Kommo-o|move: Protect\n|move|p1b: Electrode|Reflect|p1b: Electrode\n|-sidestart|p1: Filefate|Reflect\n|\n|-weather|RainDance|[upkeep]\n|upkeep\n|turn|8\n|\n|t:|1731706562\n|move|p2b: Kommo-o|Clanging Scales|p1b: Electrode|[spread] p1a\n|-immune|p1b: Electrode|[from] ability: Soundproof\n|-damage|p1a: Archaludon|0 fnt\n|faint|p1a: Archaludon\n|-unboost|p2b: Kommo-o|def|1\n|move|p2a: Sneasler|Close Combat|p1b: Electrode\n|-damage|p1b: Electrode|0 fnt\n|-unboost|p2a: Sneasler|def|1\n|-unboost|p2a: Sneasler|spd|1\n|faint|p1b: Electrode\n|\n|-weather|RainDance|[upkeep]\n|upkeep\n|-message|Filefate forfeited.\n|\n|win|VGCLTH Ninjaboy\n|raw|Filefate's rating: 1687 &rarr; <strong>1667<\/strong><br \/>(-20 for losing)\n|raw|VGCLTH Ninjaboy's rating: 1690 &rarr; <strong>1710<\/strong><br \/>(+20 for winning)\n|l|\u2606Filefate\n|player|p1|\n|l| girl latias\n","uploadtime":1731706573,"views":11,"formatid":"gen9vgc2024regh","rating":1667,"private":0,"password":null}