{"id":"gen9vgc2024regh-2244697568","format":"[Gen 9] VGC 2024 Reg H","players":["VGCLTH Louis","por minha atendido"],"log":"|raw|<div class=\"broadcast-blue\"><strong>This battle is required to be public due to a player having a name starting with 'vgclth'.<\/div>\n|j|\u2606VGCLTH Louis\n|j|\u2606por minha atendido\n|t:|1731710268\n|gametype|doubles\n|player|p1|VGCLTH Louis|#scl4breakers|1683\n|player|p2|por minha atendido|266|1746\n|teamsize|p1|6\n|teamsize|p2|6\n|gen|9\n|tier|[Gen 9] VGC 2024 Reg H\n|rated|\n|rule|Species Clause: Limit one of each Pok\u00e9mon\n|rule|Item Clause: Limit 1 of each item\n|clearpoke\n|poke|p1|Dragonite, L50, M|\n|poke|p1|Sneasler, L50, M|\n|poke|p1|Electabuzz, L50, M|\n|poke|p1|Indeedee, L50, M|\n|poke|p1|Ursaluna-Bloodmoon, L50, M|\n|poke|p1|Talonflame, L50, M|\n|poke|p2|Garchomp, L50, F|\n|poke|p2|Delphox, L50, F|\n|poke|p2|Murkrow, L50, F|\n|poke|p2|Sneasler, L50, F|\n|poke|p2|Indeedee, L50, M|\n|poke|p2|Gholdengo, L50|\n|teampreview|4\n|inactive|Battle timer is ON: inactive players will automatically lose when time's up. (requested by VGCLTH Louis)\n|\n|t:|1731710297\n|start\n|switch|p1a: Indeedee|Indeedee, L50, M|100\/100\n|switch|p1b: Sneasler|Sneasler, L50, M|100\/100\n|switch|p2a: Gholdengo|Gholdengo, L50|100\/100\n|switch|p2b: Murkrow|Murkrow, L50, F|100\/100\n|-fieldstart|move: Psychic Terrain|[from] ability: Psychic Surge|[of] p1a: Indeedee\n|-enditem|p1b: Sneasler|Psychic Seed\n|-boost|p1b: Sneasler|spd|1|[from] item: Psychic Seed\n|turn|1\n|\n|t:|1731710321\n|-terastallize|p2a: Gholdengo|Steel\n|move|p1b: Sneasler|Protect|p1b: Sneasler\n|-singleturn|p1b: Sneasler|Protect\n|move|p2b: Murkrow|Tailwind|p2b: Murkrow\n|-sidestart|p2: por minha atendido|move: Tailwind\n|move|p2a: Gholdengo|Make It Rain|p1b: Sneasler|[spread] p1a\n|-activate|p1b: Sneasler|move: Protect\n|-enditem|p1a: Indeedee|Focus Sash\n|-damage|p1a: Indeedee|1\/100\n|-unboost|p2a: Gholdengo|spa|1\n|move|p1a: Indeedee|Tera Blast|p2b: Murkrow\n|-damage|p2b: Murkrow|62\/100\n|\n|upkeep\n|turn|2\n|\n|t:|1731710331\n|switch|p2a: Delphox|Delphox, L50, F|100\/100\n|move|p1b: Sneasler|Close Combat|p2a: Delphox\n|-resisted|p2a: Delphox\n|-damage|p2a: Delphox|51\/100\n|-unboost|p1b: Sneasler|def|1\n|-unboost|p1b: Sneasler|spd|1\n|move|p2b: Murkrow|Foul Play|p1b: Sneasler\n|-resisted|p1b: Sneasler\n|-damage|p1b: Sneasler|30\/100\n|move|p1a: Indeedee|Expanding Force|p2b: Murkrow|[spread] p2a\n|-immune|p2b: Murkrow\n|-resisted|p2a: Delphox\n|-crit|p2a: Delphox\n|-damage|p2a: Delphox|8\/100\n|\n|upkeep\n|turn|3\n|\n|t:|1731710343\n|move|p1b: Sneasler|Throat Chop|p2a: Delphox\n|-supereffective|p2a: Delphox\n|-damage|p2a: Delphox|0 fnt\n|faint|p2a: Delphox\n|move|p2b: Murkrow|Foul Play|p1b: Sneasler\n|-resisted|p1b: Sneasler\n|-damage|p1b: Sneasler|0 fnt\n|faint|p1b: Sneasler\n|move|p1a: Indeedee|Tera Blast|p2b: Murkrow\n|-damage|p2b: Murkrow|21\/100\n|\n|upkeep\n|\n|t:|1731710366\n|switch|p1b: Talonflame|Talonflame, L50, M|100\/100\n|switch|p2a: Gholdengo|Gholdengo, L50, tera:Steel|100\/100\n|turn|4\n|\n|t:|1731710389\n|move|p2b: Murkrow|Protect|p2b: Murkrow\n|-singleturn|p2b: Murkrow|Protect\n|move|p1b: Talonflame|Tailwind|p1b: Talonflame\n|-sidestart|p1: VGCLTH Louis|move: Tailwind\n|move|p1a: Indeedee|Tera Blast|p2b: Murkrow\n|-activate|p2b: Murkrow|move: Protect\n|move|p2a: Gholdengo|Make It Rain|p1a: Indeedee|[spread] p1a,p1b\n|-resisted|p1b: Talonflame\n|-damage|p1a: Indeedee|0 fnt\n|-damage|p1b: Talonflame|21\/100\n|-unboost|p2a: Gholdengo|spa|1\n|faint|p1a: Indeedee\n|\n|-sideend|p2: por minha atendido|move: Tailwind\n|upkeep\n|\n|t:|1731710390\n|switch|p1a: Ursaluna|Ursaluna-Bloodmoon, L50, M|100\/100\n|turn|5\n|\n|t:|1731710398\n|move|p2b: Murkrow|Tailwind|p2b: Murkrow\n|-sidestart|p2: por minha atendido|move: Tailwind\n|move|p1b: Talonflame|Flare Blitz|p2a: Gholdengo\n|-supereffective|p2a: Gholdengo\n|-crit|p2a: Gholdengo\n|-damage|p2a: Gholdengo|0 fnt\n|faint|p2a: Gholdengo\n|-damage|p1b: Talonflame|0 fnt|[from] Recoil\n|faint|p1b: Talonflame\n|move|p1a: Ursaluna|Hyper Voice|p2b: Murkrow\n|-damage|p2b: Murkrow|0 fnt\n|faint|p2b: Murkrow\n|-damage|p1a: Ursaluna|91\/100|[from] item: Life Orb\n|\n|-fieldend|move: Psychic Terrain\n|upkeep\n|\n|t:|1731710406\n|switch|p2b: Indeedee|Indeedee, L50, M|100\/100\n|-fieldstart|move: Psychic Terrain|[from] ability: Psychic Surge|[of] p2b: Indeedee\n|turn|6\n|\n|t:|1731710421\n|move|p2b: Indeedee|Expanding Force|p1a: Ursaluna\n|-damage|p1a: Ursaluna|0 fnt\n|faint|p1a: Ursaluna\n|\n|win|por minha atendido\n|raw|VGCLTH Louis's rating: 1683 &rarr; <strong>1667<\/strong><br \/>(-16 for losing)\n|raw|por minha atendido's rating: 1762 &rarr; <strong>1778<\/strong><br \/>(+16 for winning)\n|l|\u2606VGCLTH Louis\n|player|p1|\n|l|\u2606por minha atendido\n|player|p2|\n","uploadtime":1731710424,"views":12,"formatid":"gen9vgc2024regh","rating":1667,"private":0,"password":null}