{"id":"gen9vgc2024regh-2244831537","format":"[Gen 9] VGC 2024 Reg H","players":["vgclth papaneth","Djjwjwwjj"],"log":"|raw|<div class=\"broadcast-blue\"><strong>This battle is required to be public due to a player having a name starting with 'vgclth'.<\/div>\n|j|\u2606vgclth papaneth\n|j|\u2606Djjwjwwjj\n|t:|1731727852\n|gametype|doubles\n|player|p1|vgclth papaneth|rood|1732\n|player|p2|Djjwjwwjj|266|1829\n|teamsize|p1|6\n|teamsize|p2|6\n|gen|9\n|tier|[Gen 9] VGC 2024 Reg H\n|rated|\n|rule|Species Clause: Limit one of each Pok\u00e9mon\n|rule|Item Clause: Limit 1 of each item\n|clearpoke\n|poke|p1|Tyranitar, L50, F|\n|poke|p1|Gengar, L50, F|\n|poke|p1|Kommo-o, L50, F|\n|poke|p1|Rillaboom, L50, M|\n|poke|p1|Annihilape, L50, F|\n|poke|p1|Whimsicott, L50, F|\n|poke|p2|Incineroar, L50, F|\n|poke|p2|Palafin, L50, F|\n|poke|p2|Rillaboom, L50, M|\n|poke|p2|Pelipper, L50, M|\n|poke|p2|Amoonguss, L50, M|\n|poke|p2|Gholdengo, L50|\n|teampreview|4\n|inactive|Battle timer is ON: inactive players will automatically lose when time's up. (requested by Djjwjwwjj)\n|inactive|vgclth papaneth has 60 seconds left.\n|inactive|Djjwjwwjj has 60 seconds left.\n|inactive|vgclth papaneth has 30 seconds left.\n|inactive|Djjwjwwjj has 30 seconds left.\n|inactive|Djjwjwwjj has 20 seconds left.\n|\n|t:|1731727922\n|start\n|switch|p1a: Rillaboom|Rillaboom, L50, M|100\/100\n|switch|p1b: Gengar|Gengar, L50, F|100\/100\n|switch|p2a: Pelipper|Pelipper, L50, M|100\/100\n|switch|p2b: Palafin|Palafin, L50, F|100\/100\n|-weather|RainDance|[from] ability: Drizzle|[of] p2a: Pelipper\n|-fieldstart|move: Grassy Terrain|[from] ability: Grassy Surge|[of] p1a: Rillaboom\n|turn|1\n|inactive|Djjwjwwjj has 30 seconds left.\n|\n|t:|1731727954\n|detailschange|p2b: Palafin|Palafin-Hero, L50, F\n|switch|p2b: Incineroar|Incineroar, L50, F|100\/100\n|-ability|p2b: Incineroar|Intimidate|boost\n|-unboost|p1a: Rillaboom|atk|1\n|-unboost|p1b: Gengar|atk|1\n|move|p2a: Pelipper|Hurricane|p1b: Gengar\n|-damage|p1b: Gengar|25\/100\n|move|p1b: Gengar|Shadow Ball|p2a: Pelipper\n|-damage|p2a: Pelipper|34\/100\n|move|p1a: Rillaboom|Wood Hammer|p2a: Pelipper\n|-damage|p2a: Pelipper|0 fnt\n|faint|p2a: Pelipper\n|-damage|p1a: Rillaboom|92\/100|[from] Recoil\n|\n|-weather|RainDance|[upkeep]\n|-heal|p1b: Gengar|31\/100|[from] Grassy Terrain\n|-heal|p1a: Rillaboom|98\/100|[from] Grassy Terrain\n|upkeep\n|\n|t:|1731727974\n|switch|p2a: Palafin|Palafin-Hero, L50, F|100\/100\n|-activate|p2a: Palafin|ability: Zero to Hero\n|turn|2\n|inactive|vgclth papaneth has 30 seconds left.\n|\n|t:|1731728003\n|switch|p1a: Kommo-o|Kommo-o, L50, F|100\/100\n|-terastallize|p2a: Palafin|Water\n|move|p2b: Incineroar|Fake Out|p1a: Kommo-o\n|-damage|p1a: Kommo-o|90\/100\n|move|p1b: Gengar|Sludge Bomb|p2a: Palafin\n|-damage|p2a: Palafin|49\/100\n|-status|p2a: Palafin|psn\n|move|p2a: Palafin|Wave Crash|p1a: Kommo-o\n|-resisted|p1a: Kommo-o\n|-damage|p1a: Kommo-o|0 fnt\n|faint|p1a: Kommo-o\n|-damage|p2a: Palafin|24\/100 psn|[from] Recoil\n|\n|-weather|RainDance|[upkeep]\n|-heal|p1b: Gengar|37\/100|[from] Grassy Terrain\n|-heal|p2a: Palafin|30\/100 psn|[from] Grassy Terrain\n|-damage|p2a: Palafin|18\/100 psn|[from] psn\n|upkeep\n|\n|t:|1731728014\n|switch|p1a: Rillaboom|Rillaboom, L50, M|98\/100\n|turn|3\n|j| VGCLTH TnB\n|\n|t:|1731728031\n|switch|p2a: Gholdengo|Gholdengo, L50|100\/100\n|move|p1b: Gengar|Sludge Bomb|p2b: Incineroar\n|-damage|p2b: Incineroar|53\/100\n|move|p1a: Rillaboom|High Horsepower|p2b: Incineroar\n|-supereffective|p2b: Incineroar\n|-damage|p2b: Incineroar|0 fnt\n|faint|p2b: Incineroar\n|\n|-weather|RainDance|[upkeep]\n|-heal|p1b: Gengar|43\/100|[from] Grassy Terrain\n|-heal|p1a: Rillaboom|100\/100|[from] Grassy Terrain\n|upkeep\n|\n|t:|1731728047\n|switch|p2b: Palafin|Palafin-Hero, L50, F, tera:Water|18\/100 psn\n|turn|4\n|\n|t:|1731728056\n|move|p2b: Palafin|Jet Punch|p1b: Gengar\n|-damage|p1b: Gengar|0 fnt\n|faint|p1b: Gengar\n|move|p1a: Rillaboom|High Horsepower|p2a: Gholdengo\n|-supereffective|p2a: Gholdengo\n|-damage|p2a: Gholdengo|6\/100\n|move|p2a: Gholdengo|Nasty Plot|p2a: Gholdengo\n|-boost|p2a: Gholdengo|spa|2\n|\n|-weather|RainDance|[upkeep]\n|-heal|p2b: Palafin|24\/100 psn|[from] Grassy Terrain\n|-heal|p2a: Gholdengo|12\/100|[from] Grassy Terrain\n|-damage|p2b: Palafin|11\/100 psn|[from] psn\n|upkeep\n|\n|t:|1731728058\n|switch|p1b: Annihilape|Annihilape, L50, F|100\/100\n|turn|5\n|\n|t:|1731728078\n|-terastallize|p1b: Annihilape|Steel\n|move|p2a: Gholdengo|Protect|p2a: Gholdengo\n|-singleturn|p2a: Gholdengo|Protect\n|move|p2b: Palafin|Jet Punch|p1b: Annihilape\n|-crit|p1b: Annihilape\n|-damage|p1b: Annihilape|0 fnt\n|faint|p1b: Annihilape\n|move|p1a: Rillaboom|High Horsepower|p2a: Gholdengo\n|-activate|p2a: Gholdengo|move: Protect\n|\n|-weather|none\n|-heal|p2b: Palafin|17\/100 psn|[from] Grassy Terrain\n|-heal|p2a: Gholdengo|18\/100|[from] Grassy Terrain\n|-damage|p2b: Palafin|5\/100 psn|[from] psn\n|-fieldend|move: Grassy Terrain\n|upkeep\n|turn|6\n|\n|t:|1731728095\n|move|p2b: Palafin|Jet Punch|p1a: Rillaboom\n|-resisted|p1a: Rillaboom\n|-damage|p1a: Rillaboom|58\/100\n|move|p1a: Rillaboom|High Horsepower|p2a: Gholdengo\n|-supereffective|p2a: Gholdengo\n|-damage|p2a: Gholdengo|0 fnt\n|faint|p2a: Gholdengo\n|\n|-damage|p2b: Palafin|0 fnt|[from] psn\n|faint|p2b: Palafin\n|\n|win|vgclth papaneth\n|upkeep\n|raw|vgclth papaneth's rating: 1732 &rarr; <strong>1757<\/strong><br \/>(+25 for winning)\n|raw|Djjwjwwjj's rating: 1829 &rarr; <strong>1804<\/strong><br \/>(-25 for losing)\n|l|\u2606Djjwjwwjj\n|player|p2|\n|l| VGCLTH TnB\n|l|\u2606vgclth papaneth\n|player|p1|\n","uploadtime":1731728102,"views":18,"formatid":"gen9vgc2024regh","rating":1757,"private":0,"password":null}