{"id":"gen9vgc2024regh-2244819708","format":"[Gen 9] VGC 2024 Reg H","players":["VGCLTH 2thyfor","orangesbox"],"log":"|raw|<div class=\"broadcast-blue\"><strong>This battle is required to be public due to a player having a name starting with 'vgclth'.<\/div>\n|j|\u2606VGCLTH 2thyfor\n|j|\u2606orangesbox\n|t:|1731726230\n|gametype|doubles\n|player|p1|VGCLTH 2thyfor|2|1714\n|player|p2|orangesbox|266|1732\n|teamsize|p1|6\n|teamsize|p2|6\n|gen|9\n|tier|[Gen 9] VGC 2024 Reg H\n|rated|\n|rule|Species Clause: Limit one of each Pok\u00e9mon\n|rule|Item Clause: Limit 1 of each item\n|clearpoke\n|poke|p1|Dondozo, L50, M|\n|poke|p1|Tatsugiri-Droopy, L50, M|\n|poke|p1|Sneasler, L50, F|\n|poke|p1|Indeedee, L50, M|\n|poke|p1|Archaludon, L50, M|\n|poke|p1|Murkrow, L50, M|\n|poke|p2|Ursaluna-Bloodmoon, L50, M|\n|poke|p2|Dragonite, L50, M|\n|poke|p2|Archaludon, L50, M|\n|poke|p2|Sneasler, L50, F|\n|poke|p2|Gholdengo, L50|\n|poke|p2|Primarina, L50, M|\n|teampreview|4\n|inactive|Battle timer is ON: inactive players will automatically lose when time's up. (requested by VGCLTH 2thyfor)\n|j| Therazer456\n|\n|t:|1731726252\n|start\n|switch|p1a: Murkrow|Murkrow, L50, M|100\/100\n|switch|p1b: Archaludon|Archaludon, L50, M|100\/100\n|switch|p2a: Dragonite|Dragonite, L50, M|100\/100\n|switch|p2b: Sneasler|Sneasler, L50, F|100\/100\n|turn|1\n|\n|t:|1731726264\n|-terastallize|p1b: Archaludon|Fairy\n|move|p2b: Sneasler|Protect|p2b: Sneasler\n|-singleturn|p2b: Sneasler|Protect\n|move|p1a: Murkrow|Tailwind|p1a: Murkrow\n|-sidestart|p1: VGCLTH 2thyfor|move: Tailwind\n|move|p1b: Archaludon|Dragon Pulse|p2a: Dragonite\n|-supereffective|p2a: Dragonite\n|-damage|p2a: Dragonite|56\/100\n|move|p2a: Dragonite|Scale Shot|p1a: Murkrow\n|-damage|p1a: Murkrow|87\/100\n|-damage|p1a: Murkrow|75\/100\n|-damage|p1a: Murkrow|62\/100\n|-damage|p1a: Murkrow|48\/100\n|-damage|p1a: Murkrow|34\/100\n|-hitcount|p1a: Murkrow|5\n|-unboost|p2a: Dragonite|def|1\n|-boost|p2a: Dragonite|spe|1\n|\n|upkeep\n|turn|2\n|inactive|orangesbox has 30 seconds left.\n|inactive|orangesbox has 20 seconds left.\n|\n|t:|1731726302\n|move|p2a: Dragonite|Protect|p2a: Dragonite\n|-singleturn|p2a: Dragonite|Protect\n|move|p1a: Murkrow|Brave Bird|p2b: Sneasler\n|-supereffective|p2b: Sneasler\n|-damage|p2b: Sneasler|0 fnt\n|faint|p2b: Sneasler\n|-damage|p1a: Murkrow|2\/100|[from] Recoil\n|move|p1b: Archaludon|Dragon Pulse|p2a: Dragonite\n|-activate|p2a: Dragonite|move: Protect\n|\n|upkeep\n|j| VGCLTH TnB\n|\n|t:|1731726311\n|switch|p2b: Archaludon|Archaludon, L50, M|100\/100\n|turn|3\n|\n|t:|1731726319\n|move|p2a: Dragonite|Extreme Speed|p1a: Murkrow\n|-damage|p1a: Murkrow|0 fnt\n|faint|p1a: Murkrow\n|move|p1b: Archaludon|Dragon Pulse|p2a: Dragonite\n|-supereffective|p2a: Dragonite\n|-damage|p2a: Dragonite|0 fnt\n|faint|p2a: Dragonite\n|move|p2b: Archaludon|Flash Cannon|p1b: Archaludon\n|-supereffective|p1b: Archaludon\n|-damage|p1b: Archaludon|20\/100\n|-ability|p1b: Archaludon|Stamina|boost\n|-boost|p1b: Archaludon|def|1\n|\n|upkeep\n|\n|t:|1731726326\n|switch|p2a: Primarina|Primarina, L50, M|100\/100\n|switch|p1a: Sneasler|Sneasler, L50, F|100\/100\n|turn|4\n|\n|t:|1731726338\n|-terastallize|p2a: Primarina|Steel\n|move|p1a: Sneasler|Protect|p1a: Sneasler\n|-singleturn|p1a: Sneasler|Protect\n|move|p2b: Archaludon|Protect|p2b: Archaludon\n|-singleturn|p2b: Archaludon|Protect\n|move|p1b: Archaludon|Thunderbolt|p2a: Primarina\n|-damage|p2a: Primarina|68\/100\n|-status|p2a: Primarina|par\n|move|p2a: Primarina|Hyper Voice|p1b: Archaludon|[spread] p1b\n|-activate|p1a: Sneasler|move: Protect\n|-damage|p1b: Archaludon|0 fnt\n|faint|p1b: Archaludon\n|\n|-sideend|p1: VGCLTH 2thyfor|move: Tailwind\n|upkeep\n|\n|t:|1731726340\n|switch|p1b: Indeedee|Indeedee, L50, M|100\/100\n|-fieldstart|move: Psychic Terrain|[from] ability: Psychic Surge|[of] p1b: Indeedee\n|-enditem|p1a: Sneasler|Psychic Seed\n|-boost|p1a: Sneasler|spd|1|[from] item: Psychic Seed\n|turn|5\n|\n|t:|1731726357\n|move|p1a: Sneasler|Close Combat|p2b: Archaludon\n|-supereffective|p2b: Archaludon\n|-ability|p2b: Archaludon|Sturdy\n|-damage|p2b: Archaludon|1\/100\n|-unboost|p1a: Sneasler|def|1\n|-unboost|p1a: Sneasler|spd|1\n|move|p1b: Indeedee|Expanding Force|p2a: Primarina|[spread] p2a,p2b\n|-resisted|p2a: Primarina\n|-resisted|p2b: Archaludon\n|-damage|p2a: Primarina|42\/100 par\n|-damage|p2b: Archaludon|0 fnt\n|faint|p2b: Archaludon\n|move|p2a: Primarina|Hyper Voice|p1a: Sneasler|[spread] p1a,p1b\n|-damage|p1a: Sneasler|57\/100\n|-damage|p1b: Indeedee|58\/100\n|\n|upkeep\n|turn|6\n|-message|orangesbox forfeited.\n|\n|win|VGCLTH 2thyfor\n|raw|VGCLTH 2thyfor's rating: 1714 &rarr; <strong>1735<\/strong><br \/>(+21 for winning)\n|raw|orangesbox's rating: 1732 &rarr; <strong>1711<\/strong><br \/>(-21 for losing)\n|l|\u2606orangesbox\n|player|p2|\n|l|\u2606VGCLTH 2thyfor\n|player|p1|\n|l| VGCLTH TnB\n|l| Therazer456\n","uploadtime":1731726521,"views":10,"formatid":"gen9vgc2024regh","rating":1711,"private":0,"password":null}