{"id":"gen9vgc2024regh-2244585556","format":"[Gen 9] VGC 2024 Reg H","players":["greenlightdmp","scyther oil"],"log":"|j|\u2606greenlightdmp\n|j|\u2606scyther oil\n|t:|1731698064\n|gametype|doubles\n|player|p1|greenlightdmp|170|1798\n|player|p2|scyther oil|swimmer-gen4dp|1702\n|teamsize|p1|6\n|teamsize|p2|6\n|gen|9\n|tier|[Gen 9] VGC 2024 Reg H\n|rated|\n|rule|Species Clause: Limit one of each Pok\u00e9mon\n|rule|Item Clause: Limit 1 of each item\n|clearpoke\n|poke|p1|Pelipper, L50, M|\n|poke|p1|Archaludon, L50, F|\n|poke|p1|Sneasler, L50, F|\n|poke|p1|Dragonite, L50, M|\n|poke|p1|Basculegion, L50, M|\n|poke|p1|Rillaboom, L50, F|\n|poke|p2|Tatsugiri, L50, F|\n|poke|p2|Dondozo, L50, M|\n|poke|p2|Archaludon, L50, F|\n|poke|p2|Pelipper, L50, M|\n|poke|p2|Glimmora, L50, F|\n|poke|p2|Chandelure, L50, F|\n|teampreview|4\n|j| jdarcan\n|\n|t:|1731698111\n|start\n|switch|p1a: Pelipper|Pelipper, L50, M|100\/100\n|switch|p1b: MACHBACK|Archaludon, L50, F|100\/100\n|switch|p2a: Chandelure|Chandelure, L50, F|100\/100\n|switch|p2b: Glimmora|Glimmora, L50, F|100\/100\n|-weather|RainDance|[from] ability: Drizzle|[of] p1a: Pelipper\n|turn|1\n|j| Fancy Cucudrula\n|\n|t:|1731698141\n|move|p2b: Glimmora|Earth Power|p1b: MACHBACK\n|-supereffective|p1b: MACHBACK\n|-damage|p1b: MACHBACK|45\/100\n|-ability|p1b: MACHBACK|Stamina|boost\n|-boost|p1b: MACHBACK|def|1\n|move|p1a: Pelipper|Tailwind|p1a: Pelipper\n|-sidestart|p1: greenlightdmp|move: Tailwind\n|move|p1b: MACHBACK|Flash Cannon|p2b: Glimmora\n|-supereffective|p2b: Glimmora\n|-enditem|p2b: Glimmora|Focus Sash\n|-damage|p2b: Glimmora|1\/100\n|move|p2a: Chandelure|Shadow Ball|p1a: Pelipper\n|-damage|p1a: Pelipper|30\/100\n|\n|-weather|RainDance|[upkeep]\n|upkeep\n|turn|2\n|\n|t:|1731698167\n|switch|p2b: Tatsugiri|Tatsugiri, L50, F|100\/100\n|switch|p2a: Dondozo|Dondozo, L50, M, shiny|100\/100\n|-activate|p2b: Tatsugiri|ability: Commander|[of] p2a: Dondozo\n|-boost|p2a: Dondozo|atk|2\n|-boost|p2a: Dondozo|spa|2\n|-boost|p2a: Dondozo|spe|2\n|-boost|p2a: Dondozo|def|2\n|-boost|p2a: Dondozo|spd|2\n|move|p1a: Pelipper|Weather Ball|p2a: Dondozo\n|-resisted|p2a: Dondozo\n|-damage|p2a: Dondozo|89\/100\n|move|p1b: MACHBACK|Electro Shot||[still]\n|-prepare|p1b: MACHBACK|Electro Shot\n|-boost|p1b: MACHBACK|spa|1\n|-anim|p1b: MACHBACK|Electro Shot|p2b: Tatsugiri|[miss]\n|-miss|p1b: MACHBACK|p2b: Tatsugiri\n|\n|-weather|RainDance|[upkeep]\n|-heal|p2a: Dondozo|95\/100|[from] item: Leftovers\n|upkeep\n|turn|3\n|\n|t:|1731698182\n|switch|p1a: Dragonite|Dragonite, L50, M|100\/100\n|move|p1b: MACHBACK|Electro Shot||[still]\n|-prepare|p1b: MACHBACK|Electro Shot\n|-boost|p1b: MACHBACK|spa|1\n|-anim|p1b: MACHBACK|Electro Shot|p2a: Dondozo\n|-supereffective|p2a: Dondozo\n|-damage|p2a: Dondozo|61\/100\n|move|p2a: Dondozo|Order Up|p1a: Dragonite\n|-supereffective|p1a: Dragonite\n|-damage|p1a: Dragonite|52\/100\n|-boost|p2a: Dondozo|atk|1\n|\n|-weather|RainDance|[upkeep]\n|-heal|p2a: Dondozo|67\/100|[from] item: Leftovers\n|upkeep\n|turn|4\n|\n|t:|1731698199\n|move|p1a: Dragonite|Haze|p1a: Dragonite\n|-clearallboost\n|move|p1b: MACHBACK|Electro Shot||[still]\n|-prepare|p1b: MACHBACK|Electro Shot\n|-boost|p1b: MACHBACK|spa|1\n|-anim|p1b: MACHBACK|Electro Shot|p2a: Dondozo\n|-supereffective|p2a: Dondozo\n|-damage|p2a: Dondozo|0 fnt\n|faint|p2a: Dondozo\n|\n|-weather|RainDance|[upkeep]\n|-sideend|p1: greenlightdmp|move: Tailwind\n|upkeep\n|\n|t:|1731698210\n|switch|p2a: Chandelure|Chandelure, L50, F|100\/100\n|turn|5\n|\n|t:|1731698231\n|-terastallize|p1a: Dragonite|Normal\n|move|p2b: Tatsugiri|Icy Wind|p1a: Dragonite|[spread] p1a,p1b\n|-damage|p1a: Dragonite|37\/100\n|-damage|p1b: MACHBACK|33\/100\n|-unboost|p1b: MACHBACK|spe|1\n|-ability|p1b: MACHBACK|Stamina|boost\n|-boost|p1b: MACHBACK|def|1\n|move|p1a: Dragonite|Stomping Tantrum|p2a: Chandelure\n|-supereffective|p2a: Chandelure\n|-damage|p2a: Chandelure|41\/100\n|-enditem|p2a: Chandelure|Sitrus Berry|[eat]\n|-heal|p2a: Chandelure|65\/100|[from] item: Sitrus Berry\n|move|p2a: Chandelure|Shadow Ball|p1b: MACHBACK\n|-damage|p1b: MACHBACK|0 fnt\n|faint|p1b: MACHBACK\n|\n|-weather|none\n|upkeep\n|\n|t:|1731698265\n|switch|p1b: Pelipper|Pelipper, L50, M|30\/100\n|-weather|RainDance|[from] ability: Drizzle|[of] p1b: Pelipper\n|turn|6\n|\n|t:|1731698292\n|-terastallize|p2b: Tatsugiri|Steel\n|move|p2b: Tatsugiri|Icy Wind|p1a: Dragonite|[spread] p1a,p1b\n|-damage|p1a: Dragonite|21\/100\n|-damage|p1b: Pelipper|12\/100\n|-unboost|p1b: Pelipper|spe|1\n|move|p1a: Dragonite|Stomping Tantrum|p2a: Chandelure\n|-supereffective|p2a: Chandelure\n|-damage|p2a: Chandelure|0 fnt\n|faint|p2a: Chandelure\n|move|p1b: Pelipper|Tailwind|p1b: Pelipper\n|-sidestart|p1: greenlightdmp|move: Tailwind\n|\n|-weather|RainDance|[upkeep]\n|upkeep\n|\n|t:|1731698301\n|switch|p2a: Glimmora|Glimmora, L50, F|1\/100\n|turn|7\n|\n|t:|1731698316\n|move|p1a: Dragonite|Stomping Tantrum|p2b: Tatsugiri\n|-supereffective|p2b: Tatsugiri\n|-damage|p2b: Tatsugiri|0 fnt\n|faint|p2b: Tatsugiri\n|move|p1b: Pelipper|Weather Ball|p2a: Glimmora\n|-supereffective|p2a: Glimmora\n|-damage|p2a: Glimmora|0 fnt\n|faint|p2a: Glimmora\n|\n|win|greenlightdmp\n|raw|greenlightdmp's rating: 1798 &rarr; <strong>1813<\/strong><br \/>(+15 for winning)\n|raw|scyther oil's rating: 1702 &rarr; <strong>1687<\/strong><br \/>(-15 for losing)\n|l| Fancy Cucudrula\n|l|\u2606scyther oil\n|player|p2|\n|l|\u2606greenlightdmp\n|player|p1|\n","uploadtime":1731698332,"views":24,"formatid":"gen9vgc2024regh","rating":1687,"private":0,"password":null}