{"id":"gen9vgc2024regh-2244440903","format":"[Gen 9] VGC 2024 Reg H","players":["Sodiumtoad","jdarcan"],"log":"|j|\u2606Sodiumtoad\n|j|\u2606jdarcan\n|t:|1731683768\n|gametype|doubles\n|player|p1|Sodiumtoad|janine|1710\n|player|p2|jdarcan|pokemonranger|1645\n|teamsize|p1|6\n|teamsize|p2|6\n|gen|9\n|tier|[Gen 9] VGC 2024 Reg H\n|rated|\n|rule|Species Clause: Limit one of each Pok\u00e9mon\n|rule|Item Clause: Limit 1 of each item\n|clearpoke\n|poke|p1|Poliwrath, L50, F|\n|poke|p1|Pelipper, L50, F|\n|poke|p1|Indeedee-F, L50, F|\n|poke|p1|Sinistcha, L50|\n|poke|p1|Braviary-Hisui, L50, M|\n|poke|p1|Annihilape, L50, M|\n|poke|p2|Archaludon, L50, M|\n|poke|p2|Gardevoir, L50, M|\n|poke|p2|Overqwil, L50, M|\n|poke|p2|Annihilape, L50, M|\n|poke|p2|Pelipper, L50, F|\n|poke|p2|Smeargle, L50, F|\n|teampreview|4\n|\n|t:|1731683829\n|start\n|switch|p1a: Poliwrath|Poliwrath, L50, F|100\/100\n|switch|p1b: Indeedee|Indeedee-F, L50, F|100\/100\n|switch|p2a: Gardevoir|Gardevoir, L50, M|100\/100\n|switch|p2b: Overqwil|Overqwil, L50, M|100\/100\n|-ability|p2a: Gardevoir|Water Absorb|[from] ability: Trace|[of] p1a: Poliwrath\n|-fieldstart|move: Psychic Terrain|[from] ability: Psychic Surge|[of] p1b: Indeedee\n|turn|1\n|\n|t:|1731683852\n|-terastallize|p1a: Poliwrath|Fire\n|move|p2b: Overqwil|Gunk Shot|p1a: Poliwrath\n|-damage|p1a: Poliwrath|26\/100\n|-enditem|p1a: Poliwrath|Sitrus Berry|[eat]\n|-heal|p1a: Poliwrath|51\/100|[from] item: Sitrus Berry\n|-damage|p2b: Overqwil|91\/100|[from] item: Life Orb\n|move|p2a: Gardevoir|Moonblast|p1a: Poliwrath\n|-resisted|p1a: Poliwrath\n|-damage|p1a: Poliwrath|14\/100\n|move|p1a: Poliwrath|Belly Drum||[still]\n|-fail|p1a: Poliwrath\n|move|p1b: Indeedee|Trick Room|p1b: Indeedee\n|-fieldstart|move: Trick Room|[of] p1b: Indeedee\n|\n|upkeep\n|turn|2\n|\n|t:|1731683888\n|move|p1a: Poliwrath|Liquidation|p2b: Overqwil\n|-damage|p2b: Overqwil|42\/100\n|move|p1b: Indeedee|Heal Pulse|p1a: Poliwrath\n|-heal|p1a: Poliwrath|64\/100\n|move|p2a: Gardevoir|Moonblast|p1a: Poliwrath\n|-resisted|p1a: Poliwrath\n|-damage|p1a: Poliwrath|30\/100\n|move|p2b: Overqwil|Lash Out|p1b: Indeedee\n|-supereffective|p1b: Indeedee\n|-damage|p1b: Indeedee|7\/100\n|-damage|p2b: Overqwil|33\/100|[from] item: Life Orb\n|\n|upkeep\n|turn|3\n|\n|t:|1731683932\n|switch|p1b: Sinistcha|Sinistcha, L50|100\/100\n|-heal|p1a: Poliwrath|55\/100|[from] ability: Hospitality|[of] p1b: Sinistcha\n|move|p1a: Poliwrath|Liquidation|p2b: Overqwil\n|-damage|p2b: Overqwil|0 fnt\n|faint|p2b: Overqwil\n|move|p2a: Gardevoir|Moonblast|p1b: Sinistcha\n|-damage|p1b: Sinistcha|11\/100\n|-unboost|p1b: Sinistcha|spa|1\n|\n|upkeep\n|\n|t:|1731683949\n|switch|p2b: Archaludon|Archaludon, L50, M|100\/100\n|turn|4\n|\n|t:|1731683970\n|move|p1b: Sinistcha|Shadow Ball|p2a: Gardevoir\n|-supereffective|p2a: Gardevoir\n|-damage|p2a: Gardevoir|51\/100\n|move|p1a: Poliwrath|Drain Punch|p2b: Archaludon\n|-supereffective|p2b: Archaludon\n|-damage|p2b: Archaludon|47\/100\n|-heal|p1a: Poliwrath|81\/100|[from] drain|[of] p2b: Archaludon\n|-ability|p2b: Archaludon|Stamina|boost\n|-boost|p2b: Archaludon|def|1\n|move|p2a: Gardevoir|Moonblast|p1a: Poliwrath\n|-resisted|p1a: Poliwrath\n|-damage|p1a: Poliwrath|46\/100\n|-unboost|p1a: Poliwrath|spa|1\n|move|p2b: Archaludon|Draco Meteor|p1a: Poliwrath\n|-damage|p1a: Poliwrath|0 fnt\n|-unboost|p2b: Archaludon|spa|2\n|faint|p1a: Poliwrath\n|\n|upkeep\n|\n|t:|1731683991\n|switch|p1a: Indeedee|Indeedee-F, L50, F|7\/100\n|turn|5\n|\n|t:|1731684033\n|-terastallize|p2a: Gardevoir|Fire\n|move|p1b: Sinistcha|Shadow Ball|p2a: Gardevoir\n|-damage|p2a: Gardevoir|26\/100\n|move|p1a: Indeedee|Psychic|p2a: Gardevoir\n|-damage|p2a: Gardevoir|0 fnt\n|faint|p2a: Gardevoir\n|move|p2b: Archaludon|Flash Cannon|p1b: Sinistcha\n|-damage|p1b: Sinistcha|0 fnt\n|faint|p1b: Sinistcha\n|\n|-fieldend|move: Trick Room\n|-fieldend|move: Psychic Terrain\n|upkeep\n|\n|t:|1731684043\n|switch|p2a: Pelipper|Pelipper, L50, F|100\/100\n|switch|p1b: Pelipper|Pelipper, L50, F|100\/100\n|-weather|RainDance|[from] ability: Drizzle|[of] p2a: Pelipper\n|turn|6\n|\n|t:|1731684074\n|move|p1b: Pelipper|Protect|p1b: Pelipper\n|-singleturn|p1b: Pelipper|Protect\n|move|p2a: Pelipper|Weather Ball|p1a: Indeedee\n|-damage|p1a: Indeedee|0 fnt\n|faint|p1a: Indeedee\n|move|p2b: Archaludon|Electro Shot||[still]\n|-prepare|p2b: Archaludon|Electro Shot\n|-boost|p2b: Archaludon|spa|1\n|-anim|p2b: Archaludon|Electro Shot|p1b: Pelipper\n|-activate|p1b: Pelipper|move: Protect\n|\n|-weather|RainDance|[upkeep]\n|upkeep\n|turn|7\n|c|\u2606Sodiumtoad|Ggwp\n|\n|t:|1731684087\n|move|p2a: Pelipper|Hurricane|p1b: Pelipper\n|-damage|p1b: Pelipper|35\/100\n|move|p2b: Archaludon|Electro Shot||[still]\n|-prepare|p2b: Archaludon|Electro Shot\n|-boost|p2b: Archaludon|spa|1\n|-anim|p2b: Archaludon|Electro Shot|p1b: Pelipper\n|-supereffective|p1b: Pelipper\n|-damage|p1b: Pelipper|0 fnt\n|faint|p1b: Pelipper\n|\n|win|jdarcan\n|raw|Sodiumtoad's rating: 1710 &rarr; <strong>1686<\/strong><br \/>(-24 for losing)\n|raw|jdarcan's rating: 1645 &rarr; <strong>1669<\/strong><br \/>(+24 for winning)\n|c|\u2606jdarcan|Thx\n|l|\u2606Sodiumtoad\n|player|p1|\n|l|\u2606jdarcan\n|player|p2|\n","uploadtime":1731684321,"views":12,"formatid":"gen9vgc2024regh","rating":1669,"private":0,"password":null}