{"id":"gen9vgc2024regh-2244299384","format":"[Gen 9] VGC 2024 Reg H","players":["VGCLTH fangame10","everlance"],"log":"|raw|<div class=\"broadcast-blue\"><strong>This battle is required to be public due to a player having a name starting with 'vgclth'.<\/div>\n|j|\u2606VGCLTH fangame10\n|j|\u2606everlance\n|t:|1731663679\n|gametype|doubles\n|player|p1|VGCLTH fangame10|red|1729\n|player|p2|everlance|2|1689\n|teamsize|p1|6\n|teamsize|p2|6\n|gen|9\n|tier|[Gen 9] VGC 2024 Reg H\n|rated|\n|rule|Species Clause: Limit one of each Pok\u00e9mon\n|rule|Item Clause: Limit 1 of each item\n|clearpoke\n|poke|p1|Glaceon, L50, F|\n|poke|p1|Ninetales-Alola, L50, F|\n|poke|p1|Milotic, L50, M|\n|poke|p1|Skeledirge, L50, M|\n|poke|p1|Ursaluna-Bloodmoon, L50, M|\n|poke|p1|Annihilape, L50, F|\n|poke|p2|Glimmora, L50, F|\n|poke|p2|Garchomp, L50, F|\n|poke|p2|Sneasler, L50, M|\n|poke|p2|Indeedee, L50, M|\n|poke|p2|Whimsicott, L50, F|\n|poke|p2|Armarouge, L50, M|\n|teampreview|4\n|inactive|Battle timer is ON: inactive players will automatically lose when time's up. (requested by VGCLTH fangame10)\n|inactive|VGCLTH fangame10 has 60 seconds left.\n|\n|t:|1731663719\n|start\n|switch|p1a: Ninetales|Ninetales-Alola, L50, F, shiny|100\/100\n|switch|p1b: Skeledirge|Skeledirge, L50, M, shiny|100\/100\n|switch|p2a: Whimsicott|Whimsicott, L50, F|100\/100\n|switch|p2b: Glimmora|Glimmora, L50, F|100\/100\n|-weather|Snow|[from] ability: Snow Warning|[of] p1a: Ninetales\n|turn|1\n|\n|t:|1731663742\n|switch|p1a: Milotic|Milotic, L50, M, shiny|100\/100\n|-terastallize|p1b: Skeledirge|Dark\n|move|p2a: Whimsicott|Tailwind|p2a: Whimsicott\n|-sidestart|p2: everlance|move: Tailwind\n|move|p2b: Glimmora|Meteor Beam||[still]\n|-prepare|p2b: Glimmora|Meteor Beam\n|-boost|p2b: Glimmora|spa|1\n|-enditem|p2b: Glimmora|Power Herb\n|-anim|p2b: Glimmora|Meteor Beam|p1b: Skeledirge\n|-damage|p1b: Skeledirge|44\/100\n|move|p1b: Skeledirge|Torch Song|p2a: Whimsicott\n|-supereffective|p2a: Whimsicott\n|-enditem|p2a: Whimsicott|Focus Sash\n|-damage|p2a: Whimsicott|1\/100\n|-boost|p1b: Skeledirge|spa|1\n|\n|-weather|Snow|[upkeep]\n|upkeep\n|turn|2\n|inactive|VGCLTH fangame10 has 30 seconds left.\n|inactive|everlance has 30 seconds left.\n|inactive|everlance has 20 seconds left.\n|inactive|everlance has 15 seconds left.\n|\n|t:|1731663784\n|move|p1b: Skeledirge|Protect|p1b: Skeledirge\n|-singleturn|p1b: Skeledirge|Protect\n|move|p2a: Whimsicott|Endeavor|p1a: Milotic\n|-damage|p1a: Milotic|1\/100\n|-enditem|p1a: Milotic|Sitrus Berry|[eat]\n|-heal|p1a: Milotic|26\/100|[from] item: Sitrus Berry\n|move|p2b: Glimmora|Sludge Bomb|p1a: Milotic\n|-damage|p1a: Milotic|0 fnt\n|faint|p1a: Milotic\n|\n|-weather|Snow|[upkeep]\n|upkeep\n|\n|t:|1731663789\n|switch|p1a: Ursaluna|Ursaluna-Bloodmoon, L50, M|100\/100\n|turn|3\n|inactive|everlance has 30 seconds left.\n|\n|t:|1731663819\n|-terastallize|p2b: Glimmora|Ground\n|move|p1a: Ursaluna|Vacuum Wave|p2a: Whimsicott\n|-resisted|p2a: Whimsicott\n|-damage|p2a: Whimsicott|0 fnt\n|faint|p2a: Whimsicott\n|move|p2b: Glimmora|Earth Power|p1a: Ursaluna\n|-damage|p1a: Ursaluna|53\/100\n|move|p1b: Skeledirge|Shadow Ball|p2b: Glimmora\n|-damage|p2b: Glimmora|28\/100\n|\n|-weather|Snow|[upkeep]\n|upkeep\n|\n|t:|1731663831\n|switch|p2a: Armarouge|Armarouge, L50, M|100\/100\n|turn|4\n|inactive|everlance has 30 seconds left.\n|\n|t:|1731663866\n|move|p2b: Glimmora|Earth Power|p1a: Ursaluna\n|-damage|p1a: Ursaluna|5\/100\n|move|p2a: Armarouge|Heat Wave|p1a: Ursaluna|[spread] p1a,p1b\n|-damage|p1a: Ursaluna|0 fnt\n|-damage|p1b: Skeledirge|3\/100\n|faint|p1a: Ursaluna\n|move|p1b: Skeledirge|Shadow Ball|p2a: Armarouge\n|-supereffective|p2a: Armarouge\n|-damage|p2a: Armarouge|0 fnt\n|faint|p2a: Armarouge\n|\n|-weather|Snow|[upkeep]\n|-sideend|p2: everlance|move: Tailwind\n|upkeep\n|\n|t:|1731663875\n|switch|p2a: Indeedee|Indeedee, L50, M|100\/100\n|switch|p1a: Ninetales|Ninetales-Alola, L50, F, shiny|100\/100\n|-fieldstart|move: Psychic Terrain|[from] ability: Psychic Surge|[of] p2a: Indeedee\n|turn|5\n|\n|t:|1731663883\n|move|p1b: Skeledirge|Protect|p1b: Skeledirge\n|-singleturn|p1b: Skeledirge|Protect\n|move|p1a: Ninetales|Blizzard|p2a: Indeedee|[spread] p2a,p2b\n|-supereffective|p2b: Glimmora\n|-damage|p2a: Indeedee|54\/100\n|-damage|p2b: Glimmora|0 fnt\n|faint|p2b: Glimmora\n|move|p2a: Indeedee|Dazzling Gleam|p1b: Skeledirge|[spread] p1a\n|-activate|p1b: Skeledirge|move: Protect\n|-damage|p1a: Ninetales|80\/100\n|\n|-weather|none\n|upkeep\n|turn|6\n|\n|t:|1731663892\n|move|p1a: Ninetales|Blizzard|p2a: Indeedee\n|-damage|p2a: Indeedee|0 fnt\n|faint|p2a: Indeedee\n|\n|win|VGCLTH fangame10\n|raw|VGCLTH fangame10's rating: 1729 &rarr; <strong>1747<\/strong><br \/>(+18 for winning)\n|raw|everlance's rating: 1689 &rarr; <strong>1671<\/strong><br \/>(-18 for losing)\n|l|\u2606VGCLTH fangame10\n|player|p1|\n|l|\u2606everlance\n|player|p2|\n","uploadtime":1731664115,"views":20,"formatid":"gen9vgc2024regh","rating":1671,"private":0,"password":null}