{"id":"gen9vgc2024regh-2244964280","format":"[Gen 9] VGC 2024 Reg H","players":["same blue","VGCLTH <1000ELO"],"log":"|raw|<div class=\"broadcast-blue\"><strong>This battle is required to be public due to a player having a name starting with 'vgclth'.<\/div>\n|j|\u2606same blue\n|j|\u2606VGCLTH <1000ELO\n|t:|1731755022\n|gametype|doubles\n|player|p1|same blue|102|1778\n|player|p2|VGCLTH <1000ELO|1|1866\n|teamsize|p1|6\n|teamsize|p2|6\n|gen|9\n|tier|[Gen 9] VGC 2024 Reg H\n|rated|\n|rule|Species Clause: Limit one of each Pok\u00e9mon\n|rule|Item Clause: Limit 1 of each item\n|clearpoke\n|poke|p1|Gholdengo, L50|\n|poke|p1|Maushold, L50|\n|poke|p1|Archaludon, L50, F|\n|poke|p1|Tauros-Paldea-Aqua, L50, M|\n|poke|p1|Pelipper, L50, M|\n|poke|p1|Weavile, L50, M|\n|poke|p2|Dondozo, L50, M|\n|poke|p2|Tatsugiri, L50, M|\n|poke|p2|Dragonite, L50, M|\n|poke|p2|Gholdengo, L50|\n|poke|p2|Glimmora, L50, F|\n|poke|p2|Talonflame, L50, F|\n|teampreview|4\n|inactive|Battle timer is ON: inactive players will automatically lose when time's up. (requested by VGCLTH <1000ELO)\n|inactive|same blue has 60 seconds left.\n|inactive|VGCLTH <1000ELO has 60 seconds left.\n|\n|t:|1731755078\n|start\n|switch|p1a: Gholdengo|Gholdengo, L50|100\/100\n|switch|p1b: Maushold|Maushold, L50|100\/100\n|switch|p2a: Gholdengo|Gholdengo, L50|100\/100\n|switch|p2b: Glimmora|Glimmora, L50, F|100\/100\n|turn|1\n|inactive|VGCLTH <1000ELO has 30 seconds left.\n|inactive|VGCLTH <1000ELO has 20 seconds left.\n|inactive|VGCLTH <1000ELO has 15 seconds left.\n|inactive|VGCLTH <1000ELO has 10 seconds left.\n|inactive|VGCLTH <1000ELO has 5 seconds left.\n|\n|t:|1731755132\n|-terastallize|p1a: Gholdengo|Steel\n|move|p1b: Maushold|Protect|p1b: Maushold\n|-singleturn|p1b: Maushold|Protect\n|move|p2a: Gholdengo|Make It Rain|p1b: Maushold|[spread] p1a\n|-activate|p1b: Maushold|move: Protect\n|-resisted|p1a: Gholdengo\n|-damage|p1a: Gholdengo|69\/100\n|-unboost|p2a: Gholdengo|spa|1\n|move|p1a: Gholdengo|Make It Rain|p2a: Gholdengo|[spread] p2a,p2b\n|-resisted|p2a: Gholdengo\n|-supereffective|p2b: Glimmora\n|-damage|p2a: Gholdengo|43\/100\n|-damage|p2b: Glimmora|0 fnt\n|-unboost|p1a: Gholdengo|spa|1\n|faint|p2b: Glimmora\n|\n|upkeep\n|\n|t:|1731755139\n|switch|p2b: Dondozo|Dondozo, L50, M|100\/100\n|turn|2\n|\n|t:|1731755162\n|switch|p2a: Tatsugiri|Tatsugiri, L50, M|100\/100\n|-activate|p2a: Tatsugiri|ability: Commander|[of] p2b: Dondozo\n|-boost|p2b: Dondozo|atk|2\n|-boost|p2b: Dondozo|spa|2\n|-boost|p2b: Dondozo|spe|2\n|-boost|p2b: Dondozo|def|2\n|-boost|p2b: Dondozo|spd|2\n|move|p2b: Dondozo|Earthquake|p1a: Gholdengo|[spread] p1a,p1b\n|-miss|p2b: Dondozo|p2a: Tatsugiri\n|-supereffective|p1a: Gholdengo\n|-crit|p1a: Gholdengo\n|-damage|p1a: Gholdengo|0 fnt\n|-damage|p1b: Maushold|42\/100\n|faint|p1a: Gholdengo\n|move|p1b: Maushold|Super Fang|p2b: Dondozo\n|-damage|p2b: Dondozo|51\/100\n|\n|-heal|p2b: Dondozo|57\/100|[from] item: Leftovers\n|upkeep\n|\n|t:|1731755177\n|switch|p1a: Pelipper|Pelipper, L50, M|100\/100\n|-weather|RainDance|[from] ability: Drizzle|[of] p1a: Pelipper\n|turn|3\n|\n|t:|1731755197\n|move|p1b: Maushold|Protect|p1b: Maushold\n|-singleturn|p1b: Maushold|Protect\n|move|p2b: Dondozo|Order Up|p1a: Pelipper\n|-damage|p1a: Pelipper|63\/100\n|-boost|p2b: Dondozo|atk|1\n|move|p1a: Pelipper|Tailwind|p1a: Pelipper\n|-sidestart|p1: same blue|move: Tailwind\n|\n|-weather|RainDance|[upkeep]\n|-heal|p2b: Dondozo|63\/100|[from] item: Leftovers\n|upkeep\n|turn|4\n|\n|t:|1731755205\n|move|p2b: Dondozo|Protect|p2b: Dondozo\n|-singleturn|p2b: Dondozo|Protect\n|move|p1b: Maushold|Super Fang|p2b: Dondozo\n|-activate|p2b: Dondozo|move: Protect\n|move|p1a: Pelipper|Hurricane|p2b: Dondozo\n|-activate|p2b: Dondozo|move: Protect\n|\n|-weather|RainDance|[upkeep]\n|-heal|p2b: Dondozo|69\/100|[from] item: Leftovers\n|upkeep\n|turn|5\n|\n|t:|1731755214\n|move|p1b: Maushold|Super Fang|p2b: Dondozo\n|-damage|p2b: Dondozo|35\/100\n|move|p1a: Pelipper|Hurricane|p2b: Dondozo\n|-damage|p2b: Dondozo|12\/100\n|move|p2b: Dondozo|Order Up|p1b: Maushold\n|-damage|p1b: Maushold|0 fnt\n|faint|p1b: Maushold\n|-boost|p2b: Dondozo|atk|1\n|\n|-weather|RainDance|[upkeep]\n|-heal|p2b: Dondozo|19\/100|[from] item: Leftovers\n|upkeep\n|\n|t:|1731755223\n|switch|p1b: Tauros|Tauros-Paldea-Aqua, L50, M|100\/100\n|-ability|p1b: Tauros|Intimidate|boost\n|-unboost|p2a: Tatsugiri|atk|1\n|-unboost|p2b: Dondozo|atk|1\n|turn|6\n|\n|t:|1731755242\n|move|p2b: Dondozo|Protect|p2b: Dondozo\n|-singleturn|p2b: Dondozo|Protect\n|move|p1b: Tauros|Close Combat|p2b: Dondozo\n|-activate|p2b: Dondozo|move: Protect\n|move|p1a: Pelipper|Hurricane|p2a: Tatsugiri|[miss]\n|-miss|p1a: Pelipper|p2a: Tatsugiri\n|\n|-weather|RainDance|[upkeep]\n|-heal|p2b: Dondozo|25\/100|[from] item: Leftovers\n|-sideend|p1: same blue|move: Tailwind\n|upkeep\n|turn|7\n|\n|t:|1731755260\n|move|p1a: Pelipper|Protect|p1a: Pelipper\n|-singleturn|p1a: Pelipper|Protect\n|move|p2b: Dondozo|Wave Crash|p1a: Pelipper\n|-activate|p1a: Pelipper|move: Protect\n|move|p1b: Tauros|Close Combat|p2b: Dondozo\n|-damage|p2b: Dondozo|4\/100\n|-unboost|p1b: Tauros|def|1\n|-unboost|p1b: Tauros|spd|1\n|\n|-weather|none\n|-heal|p2b: Dondozo|10\/100|[from] item: Leftovers\n|upkeep\n|turn|8\n|\n|t:|1731755274\n|move|p2b: Dondozo|Wave Crash|p1a: Pelipper\n|-resisted|p1a: Pelipper\n|-damage|p1a: Pelipper|0 fnt\n|faint|p1a: Pelipper\n|-damage|p2b: Dondozo|0 fnt|[from] Recoil\n|faint|p2b: Dondozo\n|move|p1b: Tauros|Wave Crash|p2a: Tatsugiri\n|-resisted|p2a: Tatsugiri\n|-damage|p2a: Tatsugiri|74\/100\n|-damage|p1b: Tauros|92\/100|[from] Recoil\n|\n|upkeep\n|\n|t:|1731755276\n|switch|p2b: Gholdengo|Gholdengo, L50|43\/100\n|turn|9\n|\n|t:|1731755285\n|move|p1b: Tauros|Wave Crash|p2b: Gholdengo\n|-damage|p2b: Gholdengo|0 fnt\n|faint|p2b: Gholdengo\n|-damage|p1b: Tauros|77\/100|[from] Recoil\n|move|p2a: Tatsugiri|Draco Meteor|p1b: Tauros\n|-damage|p1b: Tauros|0 fnt\n|-unboost|p2a: Tatsugiri|spa|2\n|faint|p1b: Tauros\n|\n|win|VGCLTH <1000ELO\n|raw|same blue's rating: 1778 &rarr; <strong>1763<\/strong><br \/>(-15 for losing)\n|raw|VGCLTH &lt;1000ELO's rating: 1866 &rarr; <strong>1881<\/strong><br \/>(+15 for winning)\n|c|\u2606VGCLTH <1000ELO|gg\n|l|\u2606same blue\n|player|p1|\n|l|\u2606VGCLTH <1000ELO\n|player|p2|\n","uploadtime":1731755425,"views":23,"formatid":"gen9vgc2024regh","rating":1763,"private":0,"password":null}