{"id":"gen9vgc2024regh-2244749507","format":"[Gen 9] VGC 2024 Reg H","players":["VGCLTH John Pork","VGCLTH Glock Tuah"],"log":"|raw|<div class=\"broadcast-blue\"><strong>This battle is required to be public due to a player having a name starting with 'vgclth'.<\/div>\n|j|\u2606VGCLTH John Pork\n|j|\u2606VGCLTH Glock Tuah\n|t:|1731716707\n|gametype|doubles\n|player|p1|VGCLTH John Pork|ogreclan|1707\n|player|p2|VGCLTH Glock Tuah|koga-lgpe|1744\n|teamsize|p1|6\n|teamsize|p2|6\n|gen|9\n|tier|[Gen 9] VGC 2024 Reg H\n|rated|\n|rule|Species Clause: Limit one of each Pok\u00e9mon\n|rule|Item Clause: Limit 1 of each item\n|clearpoke\n|poke|p1|Whimsicott, L50, M|\n|poke|p1|Typhlosion-Hisui, L50, M|\n|poke|p1|Annihilape, L50, F|\n|poke|p1|Maushold-Four, L50|\n|poke|p1|Farigiraf, L50, F|\n|poke|p1|Ursaluna-Bloodmoon, L50, M|\n|poke|p2|Annihilape, L50, F|\n|poke|p2|Dondozo, L50, M|\n|poke|p2|Maushold-Four, L50|\n|poke|p2|Gholdengo, L50|\n|poke|p2|Whimsicott, L50, M|\n|poke|p2|Tatsugiri, L50, F|\n|teampreview|4\n|inactive|Battle timer is ON: inactive players will automatically lose when time's up. (requested by VGCLTH Glock Tuah)\n|inactive|VGCLTH John Pork also wants the timer to be on.\n|inactive|VGCLTH John Pork has 60 seconds left.\n|\n|t:|1731716752\n|start\n|switch|p1a: Their kindness is|Whimsicott, L50, M|100\/100\n|switch|p1b: Charade|Typhlosion-Hisui, L50, M|100\/100\n|switch|p2a: Maushold|Maushold-Four, L50|100\/100\n|switch|p2b: Annihilape|Annihilape, L50, F, shiny|100\/100\n|-item|p2a: Maushold|Focus Sash|[from] ability: Frisk|[of] p1b: Charade\n|-item|p2b: Annihilape|Sitrus Berry|[from] ability: Frisk|[of] p1b: Charade\n|turn|1\n|inactive|VGCLTH Glock Tuah has 30 seconds left.\n|\n|t:|1731716778\n|-terastallize|p2b: Annihilape|Fire\n|move|p1a: Their kindness is|Sunny Day|p1a: Their kindness is\n|-weather|SunnyDay\n|move|p2a: Maushold|Beat Up|p2b: Annihilape\n|-damage|p2b: Annihilape|99\/100\n|-damage|p2b: Annihilape|96\/100\n|-damage|p2b: Annihilape|94\/100\n|-damage|p2b: Annihilape|92\/100\n|-hitcount|p2b: Annihilape|4\n|move|p1b: Charade|Eruption|p2a: Maushold|[spread] p2a,p2b\n|-resisted|p2b: Annihilape\n|-enditem|p2a: Maushold|Focus Sash\n|-damage|p2a: Maushold|1\/100\n|-damage|p2b: Annihilape|55\/100\n|move|p2b: Annihilape|Rage Fist|p1b: Charade\n|-supereffective|p1b: Charade\n|-damage|p1b: Charade|0 fnt\n|faint|p1b: Charade\n|\n|-weather|SunnyDay|[upkeep]\n|upkeep\n|\n|t:|1731716783\n|switch|p1b: Unashamed|Ursaluna-Bloodmoon, L50, M|100\/100\n|turn|2\n|\n|t:|1731716793\n|-terastallize|p1b: Unashamed|Normal\n|move|p2a: Maushold|Follow Me|p2a: Maushold\n|-singleturn|p2a: Maushold|move: Follow Me\n|move|p1a: Their kindness is|Tailwind|p1a: Their kindness is\n|-sidestart|p1: VGCLTH John Pork|move: Tailwind\n|move|p1b: Unashamed|Hyper Voice|p2a: Maushold|[spread] p2a,p2b\n|-damage|p2a: Maushold|0 fnt\n|-damage|p2b: Annihilape|10\/100\n|-enditem|p2b: Annihilape|Sitrus Berry|[eat]\n|-heal|p2b: Annihilape|35\/100|[from] item: Sitrus Berry\n|faint|p2a: Maushold\n|-damage|p1b: Unashamed|91\/100|[from] item: Life Orb\n|move|p2b: Annihilape|Rage Fist|p1a: Their kindness is\n|-enditem|p1a: Their kindness is|Focus Sash\n|-damage|p1a: Their kindness is|1\/100\n|\n|-weather|SunnyDay|[upkeep]\n|upkeep\n|\n|t:|1731716796\n|switch|p2a: Dondozo|Dondozo, L50, M, shiny|100\/100\n|turn|3\n|\n|t:|1731716813\n|switch|p2b: Tatsugiri|Tatsugiri, L50, F, shiny|100\/100\n|-activate|p2b: Tatsugiri|ability: Commander|[of] p2a: Dondozo\n|-boost|p2a: Dondozo|atk|2\n|-boost|p2a: Dondozo|spa|2\n|-boost|p2a: Dondozo|spe|2\n|-boost|p2a: Dondozo|def|2\n|-boost|p2a: Dondozo|spd|2\n|move|p1a: Their kindness is|Moonblast|p2a: Dondozo\n|-damage|p2a: Dondozo|79\/100\n|-unboost|p2a: Dondozo|spa|1\n|move|p2a: Dondozo|Wave Crash|p1a: Their kindness is\n|-resisted|p1a: Their kindness is\n|-damage|p1a: Their kindness is|0 fnt\n|faint|p1a: Their kindness is\n|-damage|p2a: Dondozo|79\/100|[from] Recoil\n|move|p1b: Unashamed|Hyper Voice|p2a: Dondozo|[spread] p2a\n|-miss|p1b: Unashamed|p2b: Tatsugiri\n|-crit|p2a: Dondozo\n|-damage|p2a: Dondozo|0 fnt\n|faint|p2a: Dondozo\n|-damage|p1b: Unashamed|81\/100|[from] item: Life Orb\n|\n|-weather|SunnyDay|[upkeep]\n|upkeep\n|\n|t:|1731716819\n|switch|p1a: Sedate|Maushold-Four, L50|100\/100\n|switch|p2a: Annihilape|Annihilape, L50, F, shiny, tera:Fire|35\/100\n|turn|4\n|\n|t:|1731716828\n|move|p2a: Annihilape|Protect|p2a: Annihilape\n|-singleturn|p2a: Annihilape|Protect\n|move|p1a: Sedate|Population Bomb|p2b: Tatsugiri\n|-damage|p2b: Tatsugiri|80\/100\n|-damage|p2b: Tatsugiri|61\/100\n|-damage|p2b: Tatsugiri|40\/100\n|-damage|p2b: Tatsugiri|17\/100\n|-damage|p2b: Tatsugiri|0 fnt\n|faint|p2b: Tatsugiri\n|-hitcount|p2: Tatsugiri|5\n|move|p1b: Unashamed|Hyper Voice|p2a: Annihilape\n|-activate|p2a: Annihilape|move: Protect\n|\n|-weather|SunnyDay|[upkeep]\n|upkeep\n|turn|5\n|\n|t:|1731716832\n|move|p1a: Sedate|Population Bomb|p2a: Annihilape\n|-damage|p2a: Annihilape|25\/100\n|-damage|p2a: Annihilape|13\/100\n|-damage|p2a: Annihilape|2\/100\n|-damage|p2a: Annihilape|0 fnt\n|faint|p2a: Annihilape\n|-hitcount|p2: Annihilape|4\n|\n|win|VGCLTH John Pork\n|raw|VGCLTH John Pork's rating: 1686 &rarr; <strong>1709<\/strong><br \/>(+23 for winning)\n|raw|VGCLTH Glock Tuah's rating: 1744 &rarr; <strong>1721<\/strong><br \/>(-23 for losing)\n|l|\u2606VGCLTH Glock Tuah\n|player|p2|\n|l|\u2606VGCLTH John Pork\n|player|p1|\n|j| VGCLTH R0gue\n|l| VGCLTH R0gue\n","uploadtime":1731716869,"views":15,"formatid":"gen9vgc2024regh","rating":1709,"private":0,"password":null}