{"id":"gen9vgc2024regh-2244226225","format":"[Gen 9] VGC 2024 Reg H","players":["VGCLTH NOTREALVGC","ubss_omisa"],"log":"|raw|<div class=\"broadcast-blue\"><strong>This battle is required to be public due to a player having a name starting with 'vgclth'.<\/div>\n|j|\u2606VGCLTH NOTREALVGC\n|j|\u2606ubss_omisa\n|t:|1731649380\n|gametype|doubles\n|player|p1|VGCLTH NOTREALVGC|dawn|1750\n|player|p2|ubss_omisa|2|1961\n|teamsize|p1|6\n|teamsize|p2|6\n|gen|9\n|tier|[Gen 9] VGC 2024 Reg H\n|rated|\n|rule|Species Clause: Limit one of each Pok\u00e9mon\n|rule|Item Clause: Limit 1 of each item\n|clearpoke\n|poke|p1|Indeedee, L50, M|\n|poke|p1|Dondozo, L50, M|\n|poke|p1|Talonflame, L50, M|\n|poke|p1|Tatsugiri, L50, M|\n|poke|p1|Sneasler, L50, M|\n|poke|p1|Ursaluna-Bloodmoon, L50, M|\n|poke|p2|Maushold-Four, L50|\n|poke|p2|Annihilape, L50, M|\n|poke|p2|Archaludon, L50, F|\n|poke|p2|Dragonite, L50, M|\n|poke|p2|Ursaluna-Bloodmoon, L50, M|\n|poke|p2|Sableye, L50, M|\n|teampreview|4\n|inactive|Battle timer is ON: inactive players will automatically lose when time's up. (requested by VGCLTH NOTREALVGC)\nVGCLTH NOTREALVGC has agreed to open team sheets.\n|inactive|VGCLTH NOTREALVGC has 60 seconds left.\n|inactive|VGCLTH NOTREALVGC has 30 seconds left.\n|\n|t:|1731649445\n|start\n|switch|p1a: Talonflame|Talonflame, L50, M|100\/100\n|switch|p1b: Ursaluna|Ursaluna-Bloodmoon, L50, M|100\/100\n|switch|p2a: Sableye|Sableye, L50, M|100\/100\n|switch|p2b: Ursaluna|Ursaluna-Bloodmoon, L50, M|100\/100\n|turn|1\n|inactive|VGCLTH NOTREALVGC has 30 seconds left.\n|\n|t:|1731649479\n|move|p2a: Sableye|Light Screen|p2a: Sableye\n|-sidestart|p2: ubss_omisa|move: Light Screen\n|move|p1a: Talonflame|Flare Blitz|p2b: Ursaluna\n|-damage|p2b: Ursaluna|69\/100\n|-damage|p1a: Talonflame|86\/100|[from] Recoil\n|move|p1b: Ursaluna|Blood Moon|p2b: Ursaluna\n|-damage|p2b: Ursaluna|15\/100\n|-damage|p1b: Ursaluna|91\/100|[from] item: Life Orb\n|move|p2b: Ursaluna|Blood Moon|p1a: Talonflame\n|-damage|p1a: Talonflame|0 fnt\n|faint|p1a: Talonflame\n|\n|upkeep\n|\n|t:|1731649484\n|switch|p1a: Sneasler|Sneasler, L50, M|100\/100\n|turn|2\n|\n|t:|1731649494\n|move|p2b: Ursaluna|Vacuum Wave|p1a: Sneasler\n|-resisted|p1a: Sneasler\n|-damage|p1a: Sneasler|89\/100\n|move|p2a: Sableye|Reflect|p2a: Sableye\n|-sidestart|p2: ubss_omisa|Reflect\n|move|p1a: Sneasler|Dire Claw|p2a: Sableye\n|-resisted|p2a: Sableye\n|-damage|p2a: Sableye|80\/100\n|move|p1b: Ursaluna|Hyper Voice|p2a: Sableye|[spread] p2a,p2b\n|-crit|p2b: Ursaluna\n|-damage|p2a: Sableye|37\/100\n|-damage|p2b: Ursaluna|0 fnt\n|faint|p2b: Ursaluna\n|-damage|p1b: Ursaluna|81\/100|[from] item: Life Orb\n|\n|upkeep\n|\n|t:|1731649504\n|switch|p2b: Dragonite|Dragonite, L50, M|100\/100\n|turn|3\n|\n|t:|1731649519\n|move|p1a: Sneasler|Protect|p1a: Sneasler\n|-singleturn|p1a: Sneasler|Protect\n|move|p2a: Sableye|Disable|p1a: Sneasler\n|-activate|p1a: Sneasler|move: Protect\n|move|p2b: Dragonite|Scale Shot|p1b: Ursaluna\n|-damage|p1b: Ursaluna|69\/100\n|-damage|p1b: Ursaluna|57\/100\n|-damage|p1b: Ursaluna|45\/100\n|-damage|p1b: Ursaluna|33\/100\n|-damage|p1b: Ursaluna|20\/100\n|-hitcount|p1b: Ursaluna|5\n|-unboost|p2b: Dragonite|def|1\n|-boost|p2b: Dragonite|spe|1\n|move|p1b: Ursaluna|Hyper Voice|p2a: Sableye|[spread] p2a,p2b\n|-damage|p2a: Sableye|0 fnt\n|-damage|p2b: Dragonite|81\/100\n|faint|p2a: Sableye\n|-damage|p1b: Ursaluna|11\/100|[from] item: Life Orb\n|\n|upkeep\n|\n|t:|1731649538\n|switch|p2a: Annihilape|Annihilape, L50, M|100\/100\n|turn|4\n|j| mr pogostick\n|\n|t:|1731649550\n|switch|p1b: Indeedee|Indeedee, L50, M|100\/100\n|-fieldstart|move: Psychic Terrain|[from] ability: Psychic Surge|[of] p1b: Indeedee\n|-enditem|p1a: Sneasler|Psychic Seed\n|-boost|p1a: Sneasler|spd|1|[from] item: Psychic Seed\n|move|p1a: Sneasler|Dire Claw|p2b: Dragonite\n|-damage|p2b: Dragonite|24\/100\n|move|p2b: Dragonite|Scale Shot|p1a: Sneasler\n|-damage|p1a: Sneasler|65\/100\n|-damage|p1a: Sneasler|42\/100\n|-damage|p1a: Sneasler|14\/100\n|-damage|p1a: Sneasler|0 fnt\n|faint|p1a: Sneasler\n|-hitcount|p1: Sneasler|4\n|-unboost|p2b: Dragonite|def|1\n|-boost|p2b: Dragonite|spe|1\n|move|p2a: Annihilape|Drain Punch|p1b: Indeedee\n|-damage|p1b: Indeedee|34\/100\n|\n|upkeep\n|\n|t:|1731649558\n|switch|p1a: Ursaluna|Ursaluna-Bloodmoon, L50, M|11\/100\n|turn|5\n|\n|t:|1731649582\n|-terastallize|p1b: Indeedee|Psychic\n|-terastallize|p2a: Annihilape|Water\n|move|p2b: Dragonite|Scale Shot|p1b: Indeedee\n|-damage|p1b: Indeedee|4\/100\n|-damage|p1b: Indeedee|0 fnt\n|faint|p1b: Indeedee\n|-hitcount|p1: Indeedee|2\n|-unboost|p2b: Dragonite|def|1\n|-boost|p2b: Dragonite|spe|1\n|move|p2a: Annihilape|Drain Punch|p1a: Ursaluna\n|-supereffective|p1a: Ursaluna\n|-damage|p1a: Ursaluna|0 fnt\n|faint|p1a: Ursaluna\n|\n|win|ubss_omisa\n|raw|VGCLTH NOTREALVGC's rating: 1750 &rarr; <strong>1741<\/strong><br \/>(-9 for losing)\n|raw|ubss_omisa's rating: 1961 &rarr; <strong>1970<\/strong><br \/>(+9 for winning)\n|l|\u2606VGCLTH NOTREALVGC\n|player|p1|\n|l|\u2606ubss_omisa\n|player|p2|\n","uploadtime":1731649726,"views":92,"formatid":"gen9vgc2024regh","rating":1741,"private":0,"password":null}