{"id":"gen9vgc2024regh-2244229803","format":"[Gen 9] VGC 2024 Reg H","players":["VGCLTH NOTREALVGC","lightwatt"],"log":"|raw|<div class=\"broadcast-blue\"><strong>This battle is required to be public due to a player having a name starting with 'vgclth'.<\/div>\n|j|\u2606VGCLTH NOTREALVGC\n|j|\u2606lightwatt\n|t:|1731650061\n|gametype|doubles\n|player|p1|VGCLTH NOTREALVGC|dawn|1741\n|player|p2|lightwatt|palmer|1741\n|teamsize|p1|6\n|teamsize|p2|6\n|gen|9\n|tier|[Gen 9] VGC 2024 Reg H\n|rated|\n|rule|Species Clause: Limit one of each Pok\u00e9mon\n|rule|Item Clause: Limit 1 of each item\n|clearpoke\n|poke|p1|Indeedee, L50, M|\n|poke|p1|Dondozo, L50, M|\n|poke|p1|Talonflame, L50, M|\n|poke|p1|Tatsugiri, L50, M|\n|poke|p1|Sneasler, L50, M|\n|poke|p1|Ursaluna-Bloodmoon, L50, M|\n|poke|p2|Gothitelle, L50, M|\n|poke|p2|Amoonguss, L50, F|\n|poke|p2|Ursaluna-Bloodmoon, L50, M|\n|poke|p2|Tyranitar, L50, M|\n|poke|p2|Incineroar, L50, F|\n|poke|p2|Annihilape, L50, M|\n|teampreview|4\n|inactive|Battle timer is ON: inactive players will automatically lose when time's up. (requested by lightwatt)\n|inactive|VGCLTH NOTREALVGC also wants the timer to be on.\nVGCLTH NOTREALVGC has agreed to open team sheets.\n|inactive|VGCLTH NOTREALVGC has 60 seconds left.\n|inactive|lightwatt has 60 seconds left.\n|j| subarun\n|inactive|VGCLTH NOTREALVGC has 30 seconds left.\n|\n|t:|1731650121\n|start\n|switch|p1a: Ursaluna|Ursaluna-Bloodmoon, L50, M|100\/100\n|switch|p1b: Indeedee|Indeedee, L50, M|100\/100\n|switch|p2a: Gothitelle|Gothitelle, L50, M|100\/100\n|switch|p2b: Tyranitar|Tyranitar, L50, M|100\/100\n|-fieldstart|move: Psychic Terrain|[from] ability: Psychic Surge|[of] p1b: Indeedee\n|-weather|Sandstorm|[from] ability: Sand Stream|[of] p2b: Tyranitar\n|turn|1\n|l| subarun\n|inactive|lightwatt has 30 seconds left.\n|inactive|lightwatt has 20 seconds left.\n|inactive|lightwatt has 15 seconds left.\n|inactive|lightwatt has 10 seconds left.\n|\n|t:|1731650169\n|move|p1b: Indeedee|Expanding Force|p2a: Gothitelle|[spread] p2a\n|-immune|p2b: Tyranitar\n|-resisted|p2a: Gothitelle\n|-damage|p2a: Gothitelle|77\/100\n|move|p1a: Ursaluna|Blood Moon|p2a: Gothitelle\n|-damage|p2a: Gothitelle|0 fnt\n|faint|p2a: Gothitelle\n|-damage|p1a: Ursaluna|91\/100|[from] item: Life Orb\n|move|p2b: Tyranitar|Knock Off|p1b: Indeedee\n|-supereffective|p1b: Indeedee\n|-enditem|p1b: Indeedee|Focus Sash\n|-damage|p1b: Indeedee|1\/100\n|\n|-weather|Sandstorm|[upkeep]\n|-damage|p1b: Indeedee|0 fnt|[from] Sandstorm\n|faint|p1b: Indeedee\n|upkeep\n|\n|t:|1731650182\n|switch|p1b: Dondozo|Dondozo, L50, M|100\/100\n|switch|p2a: Amoonguss|Amoonguss, L50, F, shiny|100\/100\n|turn|2\n|inactive|lightwatt has 30 seconds left.\n|\n|t:|1731650207\n|switch|p1a: Tatsugiri|Tatsugiri, L50, M|100\/100\n|-activate|p1a: Tatsugiri|ability: Commander|[of] p1b: Dondozo\n|-boost|p1b: Dondozo|atk|2\n|-boost|p1b: Dondozo|spa|2\n|-boost|p1b: Dondozo|spe|2\n|-boost|p1b: Dondozo|def|2\n|-boost|p1b: Dondozo|spd|2\n|switch|p2b: Incineroar|Incineroar, L50, F|100\/100\n|-ability|p2b: Incineroar|Intimidate|boost\n|-unboost|p1a: Tatsugiri|atk|1\n|-unboost|p1b: Dondozo|atk|1\n|-terastallize|p1b: Dondozo|Grass\n|move|p1b: Dondozo|Wave Crash|p2b: Incineroar\n|-supereffective|p2b: Incineroar\n|-damage|p2b: Incineroar|0 fnt\n|faint|p2b: Incineroar\n|-damage|p1b: Dondozo|71\/100|[from] Recoil\n|move|p2a: Amoonguss|Clear Smog|p1b: Dondozo\n|-supereffective|p1b: Dondozo\n|-damage|p1b: Dondozo|54\/100\n|-clearboost|p1b: Dondozo\n|\n|-weather|Sandstorm|[upkeep]\n|-damage|p1a: Tatsugiri|94\/100|[from] Sandstorm\n|-damage|p1b: Dondozo|48\/100|[from] Sandstorm\n|-damage|p2a: Amoonguss|95\/100|[from] Sandstorm\n|-heal|p1b: Dondozo|54\/100|[from] item: Leftovers\n|upkeep\n|\n|t:|1731650212\n|switch|p2b: Tyranitar|Tyranitar, L50, M|100\/100\n|turn|3\n|\n|t:|1731650235\n|-terastallize|p2b: Tyranitar|Flying\n|move|p1b: Dondozo|Protect|p1b: Dondozo\n|-singleturn|p1b: Dondozo|Protect\n|move|p2b: Tyranitar|Tera Blast|p1b: Dondozo|[anim] Tera Blast Flying\n|-activate|p1b: Dondozo|move: Protect\n|move|p2a: Amoonguss|Spore|p1b: Dondozo\n|-activate|p1b: Dondozo|move: Protect\n|\n|-weather|Sandstorm|[upkeep]\n|-damage|p1a: Tatsugiri|88\/100|[from] Sandstorm\n|-damage|p2b: Tyranitar|94\/100|[from] Sandstorm\n|-damage|p1b: Dondozo|48\/100|[from] Sandstorm\n|-damage|p2a: Amoonguss|89\/100|[from] Sandstorm\n|-heal|p1b: Dondozo|54\/100|[from] item: Leftovers\n|upkeep\n|turn|4\n|\n|t:|1731650247\n|move|p2b: Tyranitar|Tera Blast|p1b: Dondozo|[anim] Tera Blast Flying\n|-supereffective|p1b: Dondozo\n|-damage|p1b: Dondozo|0 fnt\n|faint|p1b: Dondozo\n|move|p2a: Amoonguss|Spore|p1a: Tatsugiri\n|-status|p1a: Tatsugiri|slp|[from] move: Spore\n|\n|-weather|Sandstorm|[upkeep]\n|-damage|p1a: Tatsugiri|82\/100 slp|[from] Sandstorm\n|-damage|p2b: Tyranitar|88\/100|[from] Sandstorm\n|-damage|p2a: Amoonguss|83\/100|[from] Sandstorm\n|upkeep\n|\n|t:|1731650249\n|switch|p1b: Ursaluna|Ursaluna-Bloodmoon, L50, M|91\/100\n|turn|5\n|\n|t:|1731650259\n|move|p1b: Ursaluna|Protect|p1b: Ursaluna\n|-singleturn|p1b: Ursaluna|Protect\n|move|p2a: Amoonguss|Rage Powder|p2a: Amoonguss\n|-singleturn|p2a: Amoonguss|move: Rage Powder\n|cant|p1a: Tatsugiri|slp\n|move|p2b: Tyranitar|Low Kick|p1b: Ursaluna\n|-activate|p1b: Ursaluna|move: Protect\n|\n|-weather|none\n|-fieldend|move: Psychic Terrain\n|upkeep\n|turn|6\n|\n|t:|1731650271\n|move|p2a: Amoonguss|Rage Powder|p2a: Amoonguss\n|-singleturn|p2a: Amoonguss|move: Rage Powder\n|cant|p1a: Tatsugiri|slp\n|move|p1b: Ursaluna|Blood Moon|p2a: Amoonguss\n|-damage|p2a: Amoonguss|2\/100\n|-enditem|p2a: Amoonguss|Sitrus Berry|[eat]\n|-heal|p2a: Amoonguss|27\/100|[from] item: Sitrus Berry\n|-damage|p1b: Ursaluna|81\/100|[from] item: Life Orb\n|move|p2b: Tyranitar|Knock Off|p1b: Ursaluna\n|-damage|p1b: Ursaluna|36\/100\n|-enditem|p1b: Ursaluna|Life Orb|[from] move: Knock Off|[of] p2b: Tyranitar\n|\n|upkeep\n|turn|7\n|j| VGCLTH TnB\n|\n|t:|1731650283\n|move|p2a: Amoonguss|Rage Powder|p2a: Amoonguss\n|-singleturn|p2a: Amoonguss|move: Rage Powder\n|cant|p1a: Tatsugiri|slp\n|move|p1b: Ursaluna|Hyper Voice|p2b: Tyranitar|[spread] p2a,p2b\n|-damage|p2a: Amoonguss|0 fnt\n|-damage|p2b: Tyranitar|63\/100\n|faint|p2a: Amoonguss\n|move|p2b: Tyranitar|Knock Off|p1a: Tatsugiri\n|-crit|p1a: Tatsugiri\n|-damage|p1a: Tatsugiri|0 fnt\n|-enditem|p1a: Tatsugiri|Choice Scarf|[from] move: Knock Off|[of] p2b: Tyranitar\n|faint|p1a: Tatsugiri\n|\n|upkeep\n|turn|8\n|\n|t:|1731650290\n|move|p1b: Ursaluna|Blood Moon|p2b: Tyranitar\n|-damage|p2b: Tyranitar|8\/100\n|move|p2b: Tyranitar|Low Kick|p1b: Ursaluna\n|-supereffective|p1b: Ursaluna\n|-damage|p1b: Ursaluna|0 fnt\n|faint|p1b: Ursaluna\n|\n|win|lightwatt\n|raw|VGCLTH NOTREALVGC's rating: 1741 &rarr; <strong>1721<\/strong><br \/>(-20 for losing)\n|raw|lightwatt's rating: 1741 &rarr; <strong>1761<\/strong><br \/>(+20 for winning)\n|l|\u2606VGCLTH NOTREALVGC\n|player|p1|\n|l| VGCLTH TnB\n|j| VGCLTH TnB\n|l| VGCLTH TnB\n|l|\u2606lightwatt\n|player|p2|\n","uploadtime":1731650554,"views":27,"formatid":"gen9vgc2024regh","rating":1721,"private":0,"password":null}