{"id":"gen9vgc2024regh-2244018575","format":"[Gen 9] VGC 2024 Reg H","players":["VGCLTH John Pork","le difu"],"log":"|raw|<div class=\"broadcast-blue\"><strong>This battle is required to be public due to a player having a name starting with 'vgclth'.<\/div>\n|j|\u2606VGCLTH John Pork\n|j|\u203dle difu\n|t:|1731621784\n|gametype|doubles\n|player|p1|VGCLTH John Pork|ogreclan|1765\n|player|p2|le difu|gambler|1836\n|teamsize|p1|6\n|teamsize|p2|6\n|gen|9\n|tier|[Gen 9] VGC 2024 Reg H\n|rated|\n|rule|Species Clause: Limit one of each Pok\u00e9mon\n|rule|Item Clause: Limit 1 of each item\n|clearpoke\n|poke|p1|Whimsicott, L50, F|\n|poke|p1|Typhlosion-Hisui, L50, F|\n|poke|p1|Annihilape, L50, F|\n|poke|p1|Maushold-Four, L50|\n|poke|p1|Farigiraf, L50, F|\n|poke|p1|Ursaluna-Bloodmoon, L50, M|\n|poke|p2|Tyranitar, L50, F|\n|poke|p2|Garchomp, L50, F|\n|poke|p2|Talonflame, L50, M|\n|poke|p2|Arcanine-Hisui, L50, M|\n|poke|p2|Gholdengo, L50|\n|poke|p2|Sinistcha-Masterpiece, L50|\n|teampreview|4\n|\n|t:|1731621814\n|start\n|switch|p1a: Sedate|Maushold-Four, L50|100\/100\n|switch|p1b: They remain|Farigiraf, L50, F|100\/100\n|switch|p2a: Talonflame|Talonflame, L50, M|100\/100\n|switch|p2b: Arcanine|Arcanine-Hisui, L50, M|100\/100\n|turn|1\n|\n|t:|1731621837\n|move|p1a: Sedate|Follow Me|p1a: Sedate\n|-singleturn|p1a: Sedate|move: Follow Me\n|move|p2a: Talonflame|Taunt|p1a: Sedate\n|-start|p1a: Sedate|move: Taunt\n|move|p2b: Arcanine|Flare Blitz|p1a: Sedate\n|-damage|p1a: Sedate|6\/100\n|move|p1b: They remain|Trick Room|p1b: They remain\n|-fieldstart|move: Trick Room|[of] p1b: They remain\n|\n|upkeep\n|turn|2\n|j| ProssettiVGC\n|\n|t:|1731621851\n|switch|p2a: Tyranitar|Tyranitar, L50, F|100\/100\n|-weather|Sandstorm|[from] ability: Sand Stream|[of] p2a: Tyranitar\n|move|p1b: They remain|Psychic Noise|p2b: Arcanine\n|-damage|p2b: Arcanine|72\/100\n|-start|p2b: Arcanine|move: Heal Block\n|-enditem|p1b: They remain|Throat Spray\n|-boost|p1b: They remain|spa|1|[from] item: Throat Spray\n|move|p2b: Arcanine|Flare Blitz|p1b: They remain\n|-damage|p1b: They remain|46\/100\n|move|p1a: Sedate|Population Bomb|p2a: Tyranitar\n|-resisted|p2a: Tyranitar\n|-damage|p2a: Tyranitar|96\/100\n|-resisted|p2a: Tyranitar\n|-damage|p2a: Tyranitar|91\/100\n|-resisted|p2a: Tyranitar\n|-damage|p2a: Tyranitar|87\/100\n|-resisted|p2a: Tyranitar\n|-damage|p2a: Tyranitar|82\/100\n|-resisted|p2a: Tyranitar\n|-damage|p2a: Tyranitar|78\/100\n|-resisted|p2a: Tyranitar\n|-damage|p2a: Tyranitar|73\/100\n|-resisted|p2a: Tyranitar\n|-damage|p2a: Tyranitar|69\/100\n|-resisted|p2a: Tyranitar\n|-crit|p2a: Tyranitar\n|-damage|p2a: Tyranitar|63\/100\n|-resisted|p2a: Tyranitar\n|-damage|p2a: Tyranitar|58\/100\n|-resisted|p2a: Tyranitar\n|-damage|p2a: Tyranitar|54\/100\n|-hitcount|p2a: Tyranitar|10\n|\n|-weather|Sandstorm|[upkeep]\n|-damage|p1b: They remain|40\/100|[from] Sandstorm\n|-damage|p1a: Sedate|0 fnt|[from] Sandstorm\n|faint|p1a: Sedate\n|upkeep\n|\n|t:|1731621855\n|switch|p1a: Unashamed|Ursaluna-Bloodmoon, L50, M|100\/100\n|turn|3\n|\n|t:|1731621892\n|switch|p2a: Talonflame|Talonflame, L50, M|100\/100\n|-terastallize|p1a: Unashamed|Normal\n|move|p2b: Arcanine|Protect|p2b: Arcanine\n|-singleturn|p2b: Arcanine|Protect\n|move|p1a: Unashamed|Blood Moon|p2a: Talonflame\n|-damage|p2a: Talonflame|0 fnt\n|faint|p2a: Talonflame\n|-damage|p1a: Unashamed|91\/100|[from] item: Life Orb\n|move|p1b: They remain|Psychic Noise|p2b: Arcanine\n|-activate|p2b: Arcanine|move: Protect\n|\n|-weather|Sandstorm|[upkeep]\n|-damage|p1a: Unashamed|85\/100|[from] Sandstorm\n|-damage|p1b: They remain|34\/100|[from] Sandstorm\n|-end|p2b: Arcanine|move: Heal Block\n|upkeep\n|\n|t:|1731621902\n|switch|p2a: Tyranitar|Tyranitar, L50, F|54\/100\n|turn|4\n|\n|t:|1731621931\n|move|p1a: Unashamed|Hyper Voice|p2a: Tyranitar|[spread] p2a,p2b\n|-resisted|p2a: Tyranitar\n|-resisted|p2b: Arcanine\n|-damage|p2a: Tyranitar|41\/100\n|-damage|p2b: Arcanine|42\/100\n|-damage|p1a: Unashamed|75\/100|[from] item: Life Orb\n|move|p1b: They remain|Psychic Noise|p2a: Tyranitar\n|-immune|p2a: Tyranitar\n|move|p2a: Tyranitar|Low Kick|p1a: Unashamed\n|-supereffective|p1a: Unashamed\n|-damage|p1a: Unashamed|20\/100\n|move|p2b: Arcanine|Flare Blitz|p1b: They remain\n|-damage|p1b: They remain|0 fnt\n|faint|p1b: They remain\n|\n|-weather|Sandstorm|[upkeep]\n|-damage|p1a: Unashamed|13\/100|[from] Sandstorm\n|upkeep\n|\n|t:|1731621932\n|switch|p1b: It\u2019s used to|Annihilape, L50, F|100\/100\n|turn|5\n|\n|t:|1731621942\n|-terastallize|p2a: Tyranitar|Flying\n|move|p2b: Arcanine|Extreme Speed|p1a: Unashamed\n|-damage|p1a: Unashamed|0 fnt\n|faint|p1a: Unashamed\n|move|p2a: Tyranitar|Tera Blast|p1b: It\u2019s used to|[anim] Tera Blast Flying\n|-supereffective|p1b: It\u2019s used to\n|-damage|p1b: It\u2019s used to|9\/100\n|move|p1b: It\u2019s used to|Drain Punch|p2a: Tyranitar\n|-resisted|p2a: Tyranitar\n|-damage|p2a: Tyranitar|18\/100\n|-heal|p1b: It\u2019s used to|22\/100|[from] drain|[of] p2a: Tyranitar\n|\n|-weather|Sandstorm|[upkeep]\n|-damage|p2a: Tyranitar|12\/100|[from] Sandstorm\n|-damage|p1b: It\u2019s used to|16\/100|[from] Sandstorm\n|-fieldend|move: Trick Room\n|upkeep\n|turn|6\n|\n|t:|1731621959\n|move|p1b: It\u2019s used to|Drain Punch|p2a: Tyranitar\n|-resisted|p2a: Tyranitar\n|-damage|p2a: Tyranitar|0 fnt\n|-heal|p1b: It\u2019s used to|23\/100|[from] drain|[of] p2a: Tyranitar\n|faint|p2a: Tyranitar\n|move|p2b: Arcanine|Flare Blitz|p1b: It\u2019s used to\n|-damage|p1b: It\u2019s used to|0 fnt\n|faint|p1b: It\u2019s used to\n|\n|win|le difu\n|raw|VGCLTH John Pork's rating: 1765 &rarr; <strong>1749<\/strong><br \/>(-16 for losing)\n|raw|le difu's rating: 1836 &rarr; <strong>1852<\/strong><br \/>(+16 for winning)\n|l|\u2606VGCLTH John Pork\n|player|p1|\n|l| ProssettiVGC\n","uploadtime":1731621962,"views":25,"formatid":"gen9vgc2024regh","rating":1749,"private":0,"password":null}