{"id":"gen9vgc2024regh-2244164115","format":"[Gen 9] VGC 2024 Reg H","players":["VGCLTH TnB","jayjazZa"],"log":"|raw|<div class=\"broadcast-blue\"><strong>This battle is required to be public due to a player having a name starting with 'vgclth'.<\/div>\n|j|\u2606VGCLTH TnB\n|j|\u2606jayjazZa\n|t:|1731639744\n|gametype|doubles\n|player|p1|VGCLTH TnB|roxanne-masters|1728\n|player|p2|jayjazZa|1|1775\n|teamsize|p1|6\n|teamsize|p2|6\n|gen|9\n|tier|[Gen 9] VGC 2024 Reg H\n|rated|\n|rule|Species Clause: Limit one of each Pok\u00e9mon\n|rule|Item Clause: Limit 1 of each item\n|clearpoke\n|poke|p1|Klefki, L50, M|\n|poke|p1|Annihilape, L50, F|\n|poke|p1|Archaludon, L50, F|\n|poke|p1|Maushold, L50|\n|poke|p1|Sinistcha, L50|\n|poke|p1|Pelipper, L50, M|\n|poke|p2|Delphox, L50, F|\n|poke|p2|Indeedee, L50, M|\n|poke|p2|Sneasler, L50, F|\n|poke|p2|Murkrow, L50, F|\n|poke|p2|Basculegion, L50, M|\n|poke|p2|Archaludon, L50, M|\n|teampreview|4\n|inactive|Battle timer is ON: inactive players will automatically lose when time's up. (requested by jayjazZa)\n|inactive|VGCLTH TnB also wants the timer to be on.\nVGCLTH TnB has agreed to open team sheets.\n|inactive|VGCLTH TnB has 60 seconds left.\n|inactive|jayjazZa has 60 seconds left.\n|\n|t:|1731639783\n|start\n|switch|p1a: Klefki|Klefki, L50, M|100\/100\n|switch|p1b: Pelipper|Pelipper, L50, M|100\/100\n|switch|p2a: Indeedee|Indeedee, L50, M|100\/100\n|switch|p2b: Sneasler|Sneasler, L50, F|100\/100\n|-fieldstart|move: Psychic Terrain|[from] ability: Psychic Surge|[of] p2a: Indeedee\n|-enditem|p2b: Sneasler|Psychic Seed\n|-boost|p2b: Sneasler|spd|1|[from] item: Psychic Seed\n|-weather|RainDance|[from] ability: Drizzle|[of] p1b: Pelipper\n|turn|1\n|\n|t:|1731639807\n|move|p1b: Pelipper|Protect|p1b: Pelipper\n|-singleturn|p1b: Pelipper|Protect\n|move|p1a: Klefki|Reflect|p1a: Klefki\n|-sidestart|p1: VGCLTH TnB|Reflect\n|move|p2b: Sneasler|Dire Claw|p1b: Pelipper\n|-activate|p1b: Pelipper|move: Protect\n|move|p2a: Indeedee|Expanding Force|p1a: Klefki|[spread] p1a\n|-activate|p1b: Pelipper|move: Protect\n|-resisted|p1a: Klefki\n|-damage|p1a: Klefki|77\/100\n|\n|-weather|RainDance|[upkeep]\n|upkeep\n|turn|2\n|\n|t:|1731639825\n|switch|p1b: Archaludon|Archaludon, L50, F|100\/100\n|-terastallize|p2a: Indeedee|Psychic\n|move|p1a: Klefki|Misty Terrain|p1a: Klefki\n|-fieldstart|move: Misty Terrain\n|move|p2b: Sneasler|Dire Claw|p1b: Archaludon\n|-immune|p1b: Archaludon\n|move|p2a: Indeedee|Expanding Force|p1b: Archaludon\n|-resisted|p1b: Archaludon\n|-damage|p1b: Archaludon|84\/100\n|-ability|p1b: Archaludon|Stamina|boost\n|-boost|p1b: Archaludon|def|1\n|\n|-weather|RainDance|[upkeep]\n|upkeep\n|turn|3\n|\n|t:|1731639846\n|switch|p1a: Sinistcha|Sinistcha, L50|100\/100\n|-heal|p1b: Archaludon|100\/100|[from] ability: Hospitality|[of] p1a: Sinistcha\n|move|p2b: Sneasler|Close Combat|p1b: Archaludon\n|-supereffective|p1b: Archaludon\n|-damage|p1b: Archaludon|56\/100\n|-unboost|p2b: Sneasler|def|1\n|-unboost|p2b: Sneasler|spd|1\n|-ability|p1b: Archaludon|Stamina|boost\n|-boost|p1b: Archaludon|def|1\n|move|p2a: Indeedee|Expanding Force|p1b: Archaludon\n|-resisted|p1b: Archaludon\n|-damage|p1b: Archaludon|40\/100\n|-ability|p1b: Archaludon|Stamina|boost\n|-boost|p1b: Archaludon|def|1\n|move|p1b: Archaludon|Electro Shot||[still]\n|-prepare|p1b: Archaludon|Electro Shot\n|-boost|p1b: Archaludon|spa|1\n|-anim|p1b: Archaludon|Electro Shot|p2a: Indeedee\n|-damage|p2a: Indeedee|13\/100\n|\n|-weather|RainDance|[upkeep]\n|upkeep\n|turn|4\n|inactive|VGCLTH TnB has 30 seconds left.\n|inactive|VGCLTH TnB has 20 seconds left.\n|inactive|VGCLTH TnB has 15 seconds left.\n|\n|t:|1731639890\n|switch|p2a: Archaludon|Archaludon, L50, M|100\/100\n|move|p2b: Sneasler|Dire Claw|p1a: Sinistcha\n|-damage|p1a: Sinistcha|73\/100\n|move|p1b: Archaludon|Electro Shot||[still]\n|-prepare|p1b: Archaludon|Electro Shot\n|-boost|p1b: Archaludon|spa|1\n|-anim|p1b: Archaludon|Electro Shot|p2a: Archaludon\n|-resisted|p2a: Archaludon\n|-damage|p2a: Archaludon|59\/100\n|-ability|p2a: Archaludon|Stamina|boost\n|-boost|p2a: Archaludon|def|1\n|move|p1a: Sinistcha|Trick Room|p1a: Sinistcha\n|-fieldstart|move: Trick Room|[of] p1a: Sinistcha\n|\n|-weather|RainDance|[upkeep]\n|upkeep\n|turn|5\n|\n|t:|1731639913\n|switch|p2a: Delphox|Delphox, L50, F|100\/100\n|move|p1a: Sinistcha|Rage Powder|p1a: Sinistcha\n|-singleturn|p1a: Sinistcha|move: Rage Powder\n|move|p1b: Archaludon|Electro Shot||[still]\n|-prepare|p1b: Archaludon|Electro Shot\n|-boost|p1b: Archaludon|spa|1\n|-anim|p1b: Archaludon|Electro Shot|p2b: Sneasler\n|-damage|p2b: Sneasler|0 fnt\n|faint|p2b: Sneasler\n|\n|-weather|RainDance|[upkeep]\n|upkeep\n|\n|t:|1731639915\n|switch|p2b: Indeedee|Indeedee, L50, M, tera:Psychic|13\/100\n|-fieldstart|move: Psychic Terrain|[from] ability: Psychic Surge|[of] p2b: Indeedee\n|turn|6\n|\n|t:|1731639928\n|move|p2b: Indeedee|Protect|p2b: Indeedee\n|-singleturn|p2b: Indeedee|Protect\n|move|p1a: Sinistcha|Shadow Ball|p2b: Indeedee\n|-activate|p2b: Indeedee|move: Protect\n|move|p1b: Archaludon|Electro Shot||[still]\n|-prepare|p1b: Archaludon|Electro Shot\n|-boost|p1b: Archaludon|spa|1\n|-anim|p1b: Archaludon|Electro Shot|p2a: Delphox\n|-damage|p2a: Delphox|0 fnt\n|faint|p2a: Delphox\n|\n|-weather|RainDance|[upkeep]\n|upkeep\n|\n|t:|1731639931\n|switch|p2a: Archaludon|Archaludon, L50, M|59\/100\n|turn|7\n|-message|jayjazZa forfeited.\n|\n|win|VGCLTH TnB\n|raw|VGCLTH TnB's rating: 1728 &rarr; <strong>1751<\/strong><br \/>(+23 for winning)\n|raw|jayjazZa's rating: 1775 &rarr; <strong>1752<\/strong><br \/>(-23 for losing)\n|l|\u2606jayjazZa\n|player|p2|\n|l|\u2606VGCLTH TnB\n|player|p1|\n","uploadtime":1731640097,"views":22,"formatid":"gen9vgc2024regh","rating":1751,"private":0,"password":null}