{"id":"gen9vgc2024regh-2244002507","format":"[Gen 9] VGC 2024 Reg H","players":["VGCLTH Carrots","e8he8hei"],"log":"|raw|<div class=\"broadcast-blue\"><strong>This battle is required to be public due to a player having a name starting with 'vgclth'.<\/div>\n|j|\u2606VGCLTH Carrots\n|j|\u2606e8he8hei\n|t:|1731620040\n|gametype|doubles\n|player|p1|VGCLTH Carrots|266|1760\n|player|p2|e8he8hei|lady-gen4|1763\n|teamsize|p1|6\n|teamsize|p2|6\n|gen|9\n|tier|[Gen 9] VGC 2024 Reg H\n|rated|\n|rule|Species Clause: Limit one of each Pok\u00e9mon\n|rule|Item Clause: Limit 1 of each item\n|clearpoke\n|poke|p1|Rillaboom, L50, F|\n|poke|p1|Kingambit, L50, M|\n|poke|p1|Sneasler, L50, F|\n|poke|p1|Dragonite, L50, M|\n|poke|p1|Gastrodon, L50, F|\n|poke|p1|Ceruledge, L50, M|\n|poke|p2|Tauros-Paldea-Aqua, L50, M|\n|poke|p2|Pelipper, L50, M|\n|poke|p2|Whimsicott, L50, M|\n|poke|p2|Incineroar, L50, F|\n|poke|p2|Sinistcha, L50|\n|poke|p2|Archaludon, L50, F|\n|teampreview|4\n|inactive|Battle timer is ON: inactive players will automatically lose when time's up. (requested by e8he8hei)\n|inactive|VGCLTH Carrots also wants the timer to be on.\n|inactive|e8he8hei has 60 seconds left.\n|\n|t:|1731620094\n|start\n|switch|p1a: Sneasler|Sneasler, L50, F|100\/100\n|switch|p1b: Dragonite|Dragonite, L50, M|100\/100\n|switch|p2a: Tauros|Tauros-Paldea-Aqua, L50, M|100\/100\n|switch|p2b: Whimsicott|Whimsicott, L50, M|100\/100\n|-ability|p2a: Tauros|Intimidate|boost\n|-unboost|p1a: Sneasler|atk|1\n|-unboost|p1b: Dragonite|atk|1\n|turn|1\n|\n|t:|1731620111\n|move|p1b: Dragonite|Protect|p1b: Dragonite\n|-singleturn|p1b: Dragonite|Protect\n|move|p1a: Sneasler|Coaching|p1b: Dragonite\n|-boost|p1b: Dragonite|atk|1\n|-boost|p1b: Dragonite|def|1\n|-enditem|p2a: Tauros|Mirror Herb\n|-boost|p2a: Tauros|atk|1|[from] item: Mirror Herb\n|-boost|p2a: Tauros|def|1|[from] item: Mirror Herb\n|move|p2b: Whimsicott|Moonblast|p1a: Sneasler\n|-damage|p1a: Sneasler|56\/100\n|move|p2a: Tauros|Wave Crash|p1a: Sneasler\n|-damage|p1a: Sneasler|0 fnt\n|faint|p1a: Sneasler\n|-damage|p2a: Tauros|81\/100|[from] Recoil\n|\n|upkeep\n|\n|t:|1731620115\n|switch|p1a: Rillaboom|Rillaboom, L50, F|100\/100\n|-fieldstart|move: Grassy Terrain|[from] ability: Grassy Surge|[of] p1a: Rillaboom\n|turn|2\n|inactive|VGCLTH Carrots has 30 seconds left.\n|\n|t:|1731620148\n|-terastallize|p2a: Tauros|Steel\n|move|p2b: Whimsicott|Moonblast|p1b: Dragonite\n|-supereffective|p1b: Dragonite\n|-damage|p1b: Dragonite|63\/100\n|move|p2a: Tauros|Wave Crash|p1b: Dragonite\n|-resisted|p1b: Dragonite\n|-damage|p1b: Dragonite|31\/100\n|-damage|p2a: Tauros|70\/100|[from] Recoil\n|move|p1b: Dragonite|Scale Shot|p2a: Tauros\n|-resisted|p2a: Tauros\n|-damage|p2a: Tauros|64\/100\n|-resisted|p2a: Tauros\n|-damage|p2a: Tauros|58\/100\n|-resisted|p2a: Tauros\n|-damage|p2a: Tauros|52\/100\n|-resisted|p2a: Tauros\n|-damage|p2a: Tauros|46\/100\n|-resisted|p2a: Tauros\n|-damage|p2a: Tauros|40\/100\n|-hitcount|p2a: Tauros|5\n|-unboost|p1b: Dragonite|def|1\n|-boost|p1b: Dragonite|spe|1\n|move|p1a: Rillaboom|Wood Hammer|p2a: Tauros\n|-resisted|p2a: Tauros\n|-damage|p2a: Tauros|2\/100\n|-damage|p1a: Rillaboom|91\/100|[from] Recoil\n|\n|-heal|p2a: Tauros|8\/100|[from] Grassy Terrain\n|-heal|p1a: Rillaboom|97\/100|[from] Grassy Terrain\n|upkeep\n|turn|3\n|\n|t:|1731620171\n|switch|p2a: Archaludon|Archaludon, L50, F|100\/100\n|move|p1b: Dragonite|Protect|p1b: Dragonite\n|-singleturn|p1b: Dragonite|Protect\n|move|p2b: Whimsicott|Moonblast|p1b: Dragonite\n|-activate|p1b: Dragonite|move: Protect\n|move|p1a: Rillaboom|Wood Hammer|p2b: Whimsicott\n|-resisted|p2b: Whimsicott\n|-damage|p2b: Whimsicott|30\/100\n|-damage|p1a: Rillaboom|81\/100|[from] Recoil\n|\n|-heal|p2b: Whimsicott|36\/100|[from] Grassy Terrain\n|-heal|p1a: Rillaboom|87\/100|[from] Grassy Terrain\n|upkeep\n|turn|4\n|inactive|VGCLTH Carrots has 30 seconds left.\n|inactive|e8he8hei has 30 seconds left.\n|inactive|VGCLTH Carrots has 20 seconds left.\n|inactive|e8he8hei has 20 seconds left.\n|inactive|VGCLTH Carrots has 15 seconds left.\n|inactive|e8he8hei has 15 seconds left.\n|inactive|VGCLTH Carrots has 10 seconds left.\n|inactive|e8he8hei has 10 seconds left.\n|inactive|VGCLTH Carrots has 5 seconds left.\n|inactive|e8he8hei has 5 seconds left.\n|\n|t:|1731620225\n|switch|p1b: Kingambit|Kingambit, L50, M|100\/100\n|switch|p2a: Tauros|Tauros-Paldea-Aqua, L50, M, tera:Steel|8\/100\n|-ability|p2a: Tauros|Intimidate|boost\n|-unboost|p1a: Rillaboom|atk|1\n|-unboost|p1b: Kingambit|atk|1\n|-ability|p1b: Kingambit|Defiant|boost\n|-boost|p1b: Kingambit|atk|2\n|move|p2b: Whimsicott|Moonblast|p1b: Kingambit\n|-damage|p1b: Kingambit|78\/100\n|-unboost|p1b: Kingambit|spa|1\n|-ability|p1b: Kingambit|Defiant|boost\n|-boost|p1b: Kingambit|atk|2\n|move|p1a: Rillaboom|Wood Hammer|p2b: Whimsicott\n|-resisted|p2b: Whimsicott\n|-damage|p2b: Whimsicott|0 fnt\n|faint|p2b: Whimsicott\n|-damage|p1a: Rillaboom|80\/100|[from] Recoil\n|\n|-heal|p2a: Tauros|14\/100|[from] Grassy Terrain\n|-heal|p1a: Rillaboom|85\/100|[from] Grassy Terrain\n|-heal|p1b: Kingambit|84\/100|[from] Grassy Terrain\n|upkeep\n|\n|t:|1731620235\n|switch|p2b: Pelipper|Pelipper, L50, M|100\/100\n|-weather|RainDance|[from] ability: Drizzle|[of] p2b: Pelipper\n|turn|5\n|inactive|VGCLTH Carrots has 30 seconds left.\n|inactive|VGCLTH Carrots has 20 seconds left.\n|inactive|VGCLTH Carrots has 15 seconds left.\n|inactive|VGCLTH Carrots has 10 seconds left.\n|inactive|VGCLTH Carrots has 5 seconds left.\n|\n|t:|1731620289\n|move|p1a: Rillaboom|Grassy Glide|p2a: Tauros\n|-resisted|p2a: Tauros\n|-damage|p2a: Tauros|0 fnt\n|faint|p2a: Tauros\n|move|p2b: Pelipper|Hurricane|p1a: Rillaboom\n|-supereffective|p1a: Rillaboom\n|-damage|p1a: Rillaboom|0 fnt\n|faint|p1a: Rillaboom\n|-damage|p2b: Pelipper|91\/100|[from] item: Life Orb\n|move|p1b: Kingambit|Kowtow Cleave|p2b: Pelipper\n|-damage|p2b: Pelipper|0 fnt\n|faint|p2b: Pelipper\n|\n|-weather|RainDance|[upkeep]\n|-heal|p1b: Kingambit|90\/100|[from] Grassy Terrain\n|upkeep\n|inactive|VGCLTH Carrots has 30 seconds left.\n|inactive|VGCLTH Carrots has 20 seconds left.\n|inactive|VGCLTH Carrots has 15 seconds left.\n|inactive|VGCLTH Carrots has 10 seconds left.\n|inactive|VGCLTH Carrots has 5 seconds left.\n|\n|t:|1731620344\n|switch|p2b: Archaludon|Archaludon, L50, F|100\/100\n|switch|p1a: Dragonite|Dragonite, L50, M|31\/100\n|turn|6\n|\n|t:|1731620359\n|-terastallize|p1b: Kingambit|Flying\n|move|p1a: Dragonite|Protect|p1a: Dragonite\n|-singleturn|p1a: Dragonite|Protect\n|move|p2b: Archaludon|Body Press|p1b: Kingambit\n|-resisted|p1b: Kingambit\n|-damage|p1b: Kingambit|81\/100\n|move|p1b: Kingambit|Kowtow Cleave|p2b: Archaludon\n|-damage|p2b: Archaludon|17\/100\n|-ability|p2b: Archaludon|Stamina|boost\n|-boost|p2b: Archaludon|def|1\n|\n|-weather|RainDance|[upkeep]\n|-heal|p2b: Archaludon|23\/100|[from] Grassy Terrain\n|-fieldend|move: Grassy Terrain\n|upkeep\n|turn|7\n|\n|t:|1731620366\n|move|p1b: Kingambit|Sucker Punch|p2b: Archaludon\n|-damage|p2b: Archaludon|0 fnt\n|faint|p2b: Archaludon\n|\n|win|VGCLTH Carrots\n|raw|VGCLTH Carrots's rating: 1760 &rarr; <strong>1779<\/strong><br \/>(+19 for winning)\n|raw|e8he8hei's rating: 1743 &rarr; <strong>1724<\/strong><br \/>(-19 for losing)\n|l|\u2606e8he8hei\n|player|p2|\n|l|\u2606VGCLTH Carrots\n|player|p1|\n","uploadtime":1731620549,"views":27,"formatid":"gen9vgc2024regh","rating":1724,"private":0,"password":null}