{"id":"gen9vgc2024regh-2244232453","format":"[Gen 9] VGC 2024 Reg H","players":["VGCLTH NOTREALVGC","kintamamaruzero"],"log":"|raw|<div class=\"broadcast-blue\"><strong>This battle is required to be public due to a player having a name starting with 'vgclth'.<\/div>\n|j|\u2606VGCLTH NOTREALVGC\n|j|\u2606kintamamaruzero\n|t:|1731650564\n|gametype|doubles\n|player|p1|VGCLTH NOTREALVGC|dawn|1735\n|player|p2|kintamamaruzero|169|1743\n|teamsize|p1|6\n|teamsize|p2|6\n|gen|9\n|tier|[Gen 9] VGC 2024 Reg H\n|rated|\n|rule|Species Clause: Limit one of each Pok\u00e9mon\n|rule|Item Clause: Limit 1 of each item\n|clearpoke\n|poke|p1|Indeedee, L50, M|\n|poke|p1|Dondozo, L50, M|\n|poke|p1|Talonflame, L50, M|\n|poke|p1|Tatsugiri, L50, M|\n|poke|p1|Sneasler, L50, M|\n|poke|p1|Ursaluna-Bloodmoon, L50, M|\n|poke|p2|Clefable, L50, F|\n|poke|p2|Gholdengo, L50|\n|poke|p2|Annihilape, L50, F|\n|poke|p2|Kilowattrel, L50, M|\n|poke|p2|Garchomp, L50, M|\n|poke|p2|Tyranitar, L50, F|\n|teampreview|4\n|inactive|Battle timer is ON: inactive players will automatically lose when time's up. (requested by VGCLTH NOTREALVGC)\nVGCLTH NOTREALVGC has agreed to open team sheets.\n|inactive|VGCLTH NOTREALVGC has 60 seconds left.\n|inactive|kintamamaruzero has 60 seconds left.\nkintamamaruzero has agreed to open team sheets.\n|j| VGCLTH TnB\n|inactive|VGCLTH NOTREALVGC has 30 seconds left.\n|inactive|kintamamaruzero has 30 seconds left.\n|inactive|kintamamaruzero has 20 seconds left.\n|inactive|kintamamaruzero has 15 seconds left.\n|\n|t:|1731650649\n|start\n|switch|p1a: Talonflame|Talonflame, L50, M|100\/100\n|switch|p1b: Ursaluna|Ursaluna-Bloodmoon, L50, M|100\/100\n|switch|p2a: Kilowattrel|Kilowattrel, L50, M|100\/100\n|switch|p2b: Garchomp|Garchomp, L50, M|100\/100\n|turn|1\n|inactive|VGCLTH NOTREALVGC has 30 seconds left.\n|inactive|kintamamaruzero has 30 seconds left.\n|inactive|kintamamaruzero has 20 seconds left.\n|inactive|kintamamaruzero has 15 seconds left.\n|inactive|kintamamaruzero has 10 seconds left.\n|inactive|kintamamaruzero has 5 seconds left.\n|\n|t:|1731650704\n|move|p1a: Talonflame|Tailwind|p1a: Talonflame\n|-sidestart|p1: VGCLTH NOTREALVGC|move: Tailwind\n|move|p1b: Ursaluna|Hyper Voice|p2b: Garchomp|[spread] p2a,p2b\n|-damage|p2a: Kilowattrel|15\/100\n|-damage|p2b: Garchomp|40\/100\n|-damage|p1b: Ursaluna|91\/100|[from] item: Life Orb\n|move|p2a: Kilowattrel|Discharge|p1b: Ursaluna|[spread] p1a\n|-immune|p2b: Garchomp\n|-immune|p1b: Ursaluna\n|-supereffective|p1a: Talonflame\n|-damage|p1a: Talonflame|10\/100\n|move|p2b: Garchomp|Earthquake|p1a: Talonflame|[spread] p1b\n|-immune|p2a: Kilowattrel\n|-immune|p1a: Talonflame\n|-damage|p1b: Ursaluna|49\/100\n|-damage|p2b: Garchomp|31\/100|[from] item: Life Orb\n|\n|upkeep\n|turn|2\n|inactive|kintamamaruzero has 30 seconds left.\n|\n|t:|1731650732\n|switch|p2b: Gholdengo|Gholdengo, L50|100\/100\n|move|p2a: Kilowattrel|Protect|p2a: Kilowattrel\n|-singleturn|p2a: Kilowattrel|Protect\n|move|p1a: Talonflame|Dual Wingbeat|p2a: Kilowattrel\n|-activate|p2a: Kilowattrel|move: Protect\n|move|p1b: Ursaluna|Hyper Voice|p2a: Kilowattrel|[spread] p2b\n|-activate|p2a: Kilowattrel|move: Protect\n|-resisted|p2b: Gholdengo\n|-damage|p2b: Gholdengo|74\/100\n|-damage|p1b: Ursaluna|40\/100|[from] item: Life Orb\n|\n|upkeep\n|turn|3\n|inactive|kintamamaruzero has 30 seconds left.\n|\n|t:|1731650763\n|-terastallize|p2b: Gholdengo|Flying\n|move|p1a: Talonflame|Flare Blitz|p2b: Gholdengo\n|-damage|p2b: Gholdengo|22\/100\n|-damage|p1a: Talonflame|0 fnt|[from] Recoil\n|faint|p1a: Talonflame\n|move|p1b: Ursaluna|Hyper Voice|p2a: Kilowattrel|[spread] p2a,p2b\n|-crit|p2a: Kilowattrel\n|-damage|p2a: Kilowattrel|0 fnt\n|-damage|p2b: Gholdengo|0 fnt\n|faint|p2a: Kilowattrel\n|faint|p2b: Gholdengo\n|-damage|p1b: Ursaluna|30\/100|[from] item: Life Orb\n|\n|upkeep\n|\n|t:|1731650772\n|switch|p1a: Dondozo|Dondozo, L50, M|100\/100\n|switch|p2a: Clefable|Clefable, L50, F|100\/100\n|switch|p2b: Garchomp|Garchomp, L50, M|31\/100\n|turn|4\n|\n|t:|1731650786\n|switch|p1b: Tatsugiri|Tatsugiri, L50, M|100\/100\n|-activate|p1b: Tatsugiri|ability: Commander|[of] p1a: Dondozo\n|-boost|p1a: Dondozo|atk|2\n|-boost|p1a: Dondozo|spa|2\n|-boost|p1a: Dondozo|spe|2\n|-boost|p1a: Dondozo|def|2\n|-boost|p1a: Dondozo|spd|2\n|move|p2b: Garchomp|Protect|p2b: Garchomp\n|-singleturn|p2b: Garchomp|Protect\n|move|p2a: Clefable|Protect|p2a: Clefable\n|-singleturn|p2a: Clefable|Protect\n|move|p1a: Dondozo|Earthquake|p2b: Garchomp|[spread] \n|-miss|p1a: Dondozo|p1b: Tatsugiri\n|-activate|p2a: Clefable|move: Protect\n|-activate|p2b: Garchomp|move: Protect\n|\n|-sideend|p1: VGCLTH NOTREALVGC|move: Tailwind\n|upkeep\n|turn|5\n|c|\u2606kintamamaruzero|Gg\n|c|\u2606VGCLTH NOTREALVGC|GG\n|-message|kintamamaruzero forfeited.\n|\n|win|VGCLTH NOTREALVGC\n|raw|VGCLTH NOTREALVGC's rating: 1735 &rarr; <strong>1755<\/strong><br \/>(+20 for winning)\n|raw|kintamamaruzero's rating: 1743 &rarr; <strong>1723<\/strong><br \/>(-20 for losing)\n|l|\u2606VGCLTH NOTREALVGC\n|player|p1|\n|l|\u2606kintamamaruzero\n|player|p2|\n|l| VGCLTH TnB\n","uploadtime":1731650969,"views":30,"formatid":"gen9vgc2024regh","rating":1723,"private":0,"password":null}