{"id":"gen9vgc2024regh-2244665680","format":"[Gen 9] VGC 2024 Reg H","players":["jbleacher2","VGCLTH Ninjaboy"],"log":"|raw|<div class=\"broadcast-blue\"><strong>This battle is required to be public due to a player having a name starting with 'vgclth'.<\/div>\n|j|\u2606jbleacher2\n|j|\u2606VGCLTH Ninjaboy\n|t:|1731706590\n|gametype|doubles\n|player|p1|jbleacher2|2|1725\n|player|p2|VGCLTH Ninjaboy|preschoolers|1710\n|teamsize|p1|6\n|teamsize|p2|6\n|gen|9\n|tier|[Gen 9] VGC 2024 Reg H\n|rated|\n|rule|Species Clause: Limit one of each Pok\u00e9mon\n|rule|Item Clause: Limit 1 of each item\n|clearpoke\n|poke|p1|Murkrow, L50, M|\n|poke|p1|Volcarona, L50, F|\n|poke|p1|Oricorio-Pom-Pom, L50, F|\n|poke|p1|Quaquaval, L50, F|\n|poke|p1|Archaludon, L50, F|\n|poke|p1|Golduck, L50, F|\n|poke|p2|Kommo-o, L50, F|\n|poke|p2|Dondozo, L50, M|\n|poke|p2|Rillaboom, L50, M|\n|poke|p2|Sneasler, L50, F|\n|poke|p2|Electabuzz, L50, M|\n|poke|p2|Gholdengo, L50|\n|teampreview|4\n|inactive|Battle timer is ON: inactive players will automatically lose when time's up. (requested by jbleacher2)\n|j| girl latias\n|inactive|jbleacher2 has 60 seconds left.\n|j| Partan\n|\n|t:|1731706625\n|start\n|switch|p1a: Volcarona|Volcarona, L50, F|100\/100\n|switch|p1b: Oricorio|Oricorio-Pom-Pom, L50, F, shiny|100\/100\n|switch|p2a: Dondozo|Dondozo, L50, M|100\/100\n|switch|p2b: Sneasler|Sneasler, L50, F|100\/100\n|turn|1\n|l| Partan\n|inactive|jbleacher2 has 30 seconds left.\n|inactive|VGCLTH Ninjaboy has 30 seconds left.\n|\n|t:|1731706651\n|move|p2b: Sneasler|Dire Claw|p1a: Volcarona\n|-damage|p1a: Volcarona|54\/100\n|-status|p2b: Sneasler|brn|[from] ability: Flame Body|[of] p1a: Volcarona\n|move|p1a: Volcarona|Giga Drain|p2a: Dondozo\n|-supereffective|p2a: Dondozo\n|-damage|p2a: Dondozo|64\/100\n|-heal|p1a: Volcarona|83\/100|[from] drain|[of] p2a: Dondozo\n|move|p1b: Oricorio|Revelation Dance|p2a: Dondozo\n|-supereffective|p2a: Dondozo\n|-damage|p2a: Dondozo|8\/100\n|move|p2a: Dondozo|Wave Crash|p1a: Volcarona\n|-supereffective|p1a: Volcarona\n|-damage|p1a: Volcarona|0 fnt\n|faint|p1a: Volcarona\n|-damage|p2a: Dondozo|0 fnt|[from] Recoil\n|faint|p2a: Dondozo\n|\n|-damage|p2b: Sneasler|95\/100 brn|[from] brn\n|upkeep\n|\n|t:|1731706662\n|switch|p1a: Archaludon|Archaludon, L50, F|100\/100\n|switch|p2a: Kommo-o|Kommo-o, L50, F|100\/100\n|turn|2\n|j| Amphinoben\n|\n|t:|1731706680\n|-terastallize|p2a: Kommo-o|Fire\n|-terastallize|p1a: Archaludon|Ghost\n|move|p2b: Sneasler|Close Combat|p1a: Archaludon\n|-immune|p1a: Archaludon\n|move|p2a: Kommo-o|Clangorous Soul|p2a: Kommo-o\n|-boost|p2a: Kommo-o|atk|1\n|-boost|p2a: Kommo-o|def|1\n|-boost|p2a: Kommo-o|spa|1\n|-boost|p2a: Kommo-o|spd|1\n|-boost|p2a: Kommo-o|spe|1\n|-damage|p2a: Kommo-o|68\/100\n|-enditem|p2a: Kommo-o|Throat Spray\n|-boost|p2a: Kommo-o|spa|1|[from] item: Throat Spray\n|-activate|p1b: Oricorio|ability: Dancer\n|move|p1b: Oricorio|Clangorous Soul|p1b: Oricorio|[from]ability: Dancer\n|-boost|p1b: Oricorio|atk|1\n|-boost|p1b: Oricorio|def|1\n|-boost|p1b: Oricorio|spa|1\n|-boost|p1b: Oricorio|spd|1\n|-boost|p1b: Oricorio|spe|1\n|-damage|p1b: Oricorio|68\/100\n|move|p1b: Oricorio|Air Slash|p2b: Sneasler\n|-supereffective|p2b: Sneasler\n|-damage|p2b: Sneasler|0 fnt\n|faint|p2b: Sneasler\n|move|p1a: Archaludon|Dragon Pulse|p2a: Kommo-o\n|-damage|p2a: Kommo-o|45\/100\n|\n|upkeep\n|\n|t:|1731706685\n|switch|p2b: Electabuzz|Electabuzz, L50, M|100\/100\n|turn|3\n|inactive|jbleacher2 has 30 seconds left.\n|inactive|jbleacher2 has 20 seconds left.\n|j| volcaronavgc\n|\n|t:|1731706722\n|move|p2b: Electabuzz|Follow Me|p2b: Electabuzz\n|-singleturn|p2b: Electabuzz|move: Follow Me\n|move|p2a: Kommo-o|Clanging Scales|p1b: Oricorio|[spread] p1a,p1b\n|-damage|p1a: Archaludon|62\/100\n|-damage|p1b: Oricorio|13\/100\n|-ability|p1a: Archaludon|Stamina|boost\n|-boost|p1a: Archaludon|def|1\n|-unboost|p2a: Kommo-o|def|1\n|move|p1b: Oricorio|Baton Pass|p1b: Oricorio\n|\n|t:|1731706726\n|switch|p1b: Golduck|Golduck, L50, F|100\/100|[from] Baton Pass\n|-ability|p1b: Golduck|Cloud Nine\n|move|p1a: Archaludon|Dragon Pulse|p2b: Electabuzz\n|-damage|p2b: Electabuzz|70\/100\n|\n|upkeep\n|turn|4\n|\n|t:|1731706739\n|move|p2b: Electabuzz|Follow Me|p2b: Electabuzz\n|-singleturn|p2b: Electabuzz|move: Follow Me\n|move|p1b: Golduck|Muddy Water|p2a: Kommo-o|[spread] p2a,p2b\n|-supereffective|p2a: Kommo-o\n|-damage|p2a: Kommo-o|3\/100\n|-damage|p2b: Electabuzz|45\/100\n|move|p2a: Kommo-o|Clanging Scales|p1b: Golduck|[spread] p1a,p1b\n|-damage|p1a: Archaludon|28\/100\n|-damage|p1b: Golduck|57\/100\n|-ability|p1a: Archaludon|Stamina|boost\n|-boost|p1a: Archaludon|def|1\n|-unboost|p2a: Kommo-o|def|1\n|move|p1a: Archaludon|Dragon Pulse|p2b: Electabuzz\n|-damage|p2b: Electabuzz|15\/100\n|\n|upkeep\n|turn|5\n|\n|t:|1731706760\n|move|p2b: Electabuzz|Helping Hand|p2a: Kommo-o\n|-singleturn|p2a: Kommo-o|Helping Hand|[of] p2b: Electabuzz\n|move|p1b: Golduck|Muddy Water|p2a: Kommo-o|[spread] p2a,p2b\n|-supereffective|p2a: Kommo-o\n|-damage|p2a: Kommo-o|0 fnt\n|-damage|p2b: Electabuzz|0 fnt\n|faint|p2a: Kommo-o\n|faint|p2b: Electabuzz\n|\n|win|jbleacher2\n|raw|jbleacher2's rating: 1725 &rarr; <strong>1744<\/strong><br \/>(+19 for winning)\n|raw|VGCLTH Ninjaboy's rating: 1710 &rarr; <strong>1691<\/strong><br \/>(-19 for losing)\n|l| volcaronavgc\n|c| Amphinoben|Good to see what close team sheets can do\n|l|\u2606jbleacher2\n|player|p1|\n|l| girl latias\n","uploadtime":1731706908,"views":21,"formatid":"gen9vgc2024regh","rating":1691,"private":0,"password":null}