{"id":"gen9vgc2024regh-2244726371","format":"[Gen 9] VGC 2024 Reg H","players":["meowsticgaming","VGCLTH John Pork"],"log":"|raw|<div class=\"broadcast-blue\"><strong>This battle is required to be public due to a player having a name starting with 'vgclth'.<\/div>\n|j|\u2606meowsticgaming\n|j|\u2606VGCLTH John Pork\n|t:|1731713746\n|gametype|doubles\n|player|p1|meowsticgaming|burglar-gen1rb|1692\n|player|p2|VGCLTH John Pork|ogreclan|1704\n|teamsize|p1|6\n|teamsize|p2|6\n|gen|9\n|tier|[Gen 9] VGC 2024 Reg H\n|rated|\n|rule|Species Clause: Limit one of each Pok\u00e9mon\n|rule|Item Clause: Limit 1 of each item\n|clearpoke\n|poke|p1|Dondozo, L50, F|\n|poke|p1|Tatsugiri, L50, F|\n|poke|p1|Glimmora, L50, M|\n|poke|p1|Kingambit, L50, F|\n|poke|p1|Annihilape, L50, F|\n|poke|p1|Dragonite, L50, F|\n|poke|p2|Whimsicott, L50, F|\n|poke|p2|Typhlosion-Hisui, L50, F|\n|poke|p2|Annihilape, L50, F|\n|poke|p2|Maushold-Four, L50|\n|poke|p2|Farigiraf, L50, F|\n|poke|p2|Ursaluna-Bloodmoon, L50, M|\n|teampreview|4\n|inactive|Battle timer is ON: inactive players will automatically lose when time's up. (requested by VGCLTH John Pork)\n|\n|t:|1731713766\n|start\n|switch|p1a: Roosdaal|Glimmora, L50, M|100\/100\n|switch|p1b: Olen|Dragonite, L50, F|100\/100\n|switch|p2a: Their kindness is|Whimsicott, L50, F|100\/100\n|switch|p2b: Unashamed|Ursaluna-Bloodmoon, L50, M|100\/100\n|turn|1\n|\n|t:|1731713784\n|-terastallize|p1a: Roosdaal|Grass\n|move|p2a: Their kindness is|Tailwind|p2a: Their kindness is\n|-sidestart|p2: VGCLTH John Pork|move: Tailwind\n|move|p2b: Unashamed|Hyper Voice|p1a: Roosdaal|[spread] p1a,p1b\n|-damage|p1a: Roosdaal|33\/100\n|-damage|p1b: Olen|71\/100\n|-enditem|p1a: Roosdaal|Sitrus Berry|[eat]\n|-heal|p1a: Roosdaal|58\/100|[from] item: Sitrus Berry\n|-damage|p2b: Unashamed|91\/100|[from] item: Life Orb\n|move|p1a: Roosdaal|Mortal Spin|p2b: Unashamed|[spread] p2a,p2b\n|-supereffective|p2a: Their kindness is\n|-resisted|p2b: Unashamed\n|-damage|p2a: Their kindness is|74\/100\n|-damage|p2b: Unashamed|89\/100\n|-status|p2a: Their kindness is|psn\n|-status|p2b: Unashamed|psn\n|move|p1b: Olen|Ice Spinner|p2b: Unashamed\n|-supereffective|p2b: Unashamed\n|-damage|p2b: Unashamed|45\/100 psn\n|\n|-damage|p2a: Their kindness is|62\/100 psn|[from] psn\n|-damage|p2b: Unashamed|32\/100 psn|[from] psn\n|upkeep\n|turn|2\n|inactive|meowsticgaming has 30 seconds left.\n|inactive|meowsticgaming has 20 seconds left.\n|\n|t:|1731713821\n|move|p1b: Olen|Extreme Speed|p2b: Unashamed\n|-damage|p2b: Unashamed|9\/100 psn\n|move|p2a: Their kindness is|Moonblast|p1b: Olen\n|-supereffective|p1b: Olen\n|-damage|p1b: Olen|30\/100\n|move|p2b: Unashamed|Hyper Voice|p1a: Roosdaal|[spread] p1a,p1b\n|-damage|p1a: Roosdaal|0 fnt\n|-damage|p1b: Olen|0 fnt\n|faint|p1a: Roosdaal\n|faint|p1b: Olen\n|-damage|p2b: Unashamed|0 fnt|[from] item: Life Orb\n|faint|p2b: Unashamed\n|\n|-damage|p2a: Their kindness is|49\/100 psn|[from] psn\n|upkeep\n|\n|t:|1731713832\n|switch|p1a: Diksmuide|Dondozo, L50, F|100\/100\n|switch|p1b: Glabbeek|Tatsugiri, L50, F|100\/100\n|switch|p2b: Sedate|Maushold-Four, L50|100\/100\n|-activate|p1b: Glabbeek|ability: Commander|[of] p1a: Diksmuide\n|-boost|p1a: Diksmuide|atk|2\n|-boost|p1a: Diksmuide|spa|2\n|-boost|p1a: Diksmuide|spe|2\n|-boost|p1a: Diksmuide|def|2\n|-boost|p1a: Diksmuide|spd|2\n|turn|3\n|\n|t:|1731713840\n|move|p2a: Their kindness is|Sunny Day|p2a: Their kindness is\n|-weather|SunnyDay\n|move|p2b: Sedate|Population Bomb|p1a: Diksmuide\n|-damage|p1a: Diksmuide|97\/100\n|-damage|p1a: Diksmuide|92\/100\n|-damage|p1a: Diksmuide|88\/100\n|-damage|p1a: Diksmuide|83\/100\n|-damage|p1a: Diksmuide|79\/100\n|-damage|p1a: Diksmuide|75\/100\n|-damage|p1a: Diksmuide|71\/100\n|-damage|p1a: Diksmuide|66\/100\n|-damage|p1a: Diksmuide|62\/100\n|-damage|p1a: Diksmuide|57\/100\n|-hitcount|p1a: Diksmuide|10\n|move|p1a: Diksmuide|Heavy Slam|p2a: Their kindness is\n|-supereffective|p2a: Their kindness is\n|-damage|p2a: Their kindness is|0 fnt\n|faint|p2a: Their kindness is\n|\n|-weather|SunnyDay|[upkeep]\n|-heal|p1a: Diksmuide|63\/100|[from] item: Leftovers\n|upkeep\n|\n|t:|1731713845\n|switch|p2a: It\u2019s used to|Annihilape, L50, F|100\/100\n|turn|4\n|\n|t:|1731713860\n|move|p2b: Sedate|Protect|p2b: Sedate\n|-singleturn|p2b: Sedate|Protect\n|move|p2a: It\u2019s used to|Rage Fist|p1a: Diksmuide\n|-crit|p1a: Diksmuide\n|-damage|p1a: Diksmuide|25\/100\n|move|p1a: Diksmuide|Order Up|p2b: Sedate\n|-activate|p2b: Sedate|move: Protect\n|\n|-weather|SunnyDay|[upkeep]\n|-heal|p1a: Diksmuide|31\/100|[from] item: Leftovers\n|-sideend|p2: VGCLTH John Pork|move: Tailwind\n|upkeep\n|turn|5\n|\n|t:|1731713878\n|move|p1a: Diksmuide|Heavy Slam|p2b: Sedate\n|-damage|p2b: Sedate|0 fnt\n|faint|p2b: Sedate\n|move|p2a: It\u2019s used to|Rage Fist|p1a: Diksmuide\n|-damage|p1a: Diksmuide|19\/100\n|\n|-weather|SunnyDay|[upkeep]\n|-heal|p1a: Diksmuide|25\/100|[from] item: Leftovers\n|upkeep\n|turn|6\n|\n|t:|1731713884\n|move|p1a: Diksmuide|Protect|p1a: Diksmuide\n|-singleturn|p1a: Diksmuide|Protect\n|move|p2a: It\u2019s used to|Rage Fist|p1a: Diksmuide\n|-activate|p1a: Diksmuide|move: Protect\n|\n|-weather|SunnyDay|[upkeep]\n|-heal|p1a: Diksmuide|31\/100|[from] item: Leftovers\n|upkeep\n|turn|7\n|\n|t:|1731713894\n|move|p1a: Diksmuide|Order Up|p2a: It\u2019s used to\n|-damage|p2a: It\u2019s used to|47\/100\n|-boost|p1a: Diksmuide|atk|1\n|move|p2a: It\u2019s used to|Rage Fist|p1a: Diksmuide\n|-damage|p1a: Diksmuide|5\/100\n|\n|-weather|none\n|-heal|p1a: Diksmuide|11\/100|[from] item: Leftovers\n|upkeep\n|turn|8\n|\n|t:|1731713914\n|move|p1a: Diksmuide|Wave Crash|p2a: It\u2019s used to\n|-damage|p2a: It\u2019s used to|0 fnt\n|faint|p2a: It\u2019s used to\n|-damage|p1a: Diksmuide|0 fnt|[from] Recoil\n|faint|p1a: Diksmuide\n|\n|win|meowsticgaming\n|raw|meowsticgaming's rating: 1692 &rarr; <strong>1713<\/strong><br \/>(+21 for winning)\n|raw|VGCLTH John Pork's rating: 1704 &rarr; <strong>1683<\/strong><br \/>(-21 for losing)\n|l|\u2606meowsticgaming\n|player|p1|\n|l|\u2606VGCLTH John Pork\n|player|p2|\n","uploadtime":1731713918,"views":24,"formatid":"gen9vgc2024regh","rating":1683,"private":0,"password":null}