{"id":"gen9vgc2024regh-2244673076","format":"[Gen 9] VGC 2024 Reg H","players":["VGCLTH low laddr","Cxdv"],"log":"|raw|<div class=\"broadcast-blue\"><strong>This battle is required to be public due to a player having a name starting with 'vgclth'.<\/div>\n|j|\u2606VGCLTH low laddr\n|j|\u2606Cxdv\n|t:|1731707426\n|gametype|doubles\n|player|p1|VGCLTH low laddr|lucas|1743\n|player|p2|Cxdv|1|1760\n|teamsize|p1|6\n|teamsize|p2|6\n|gen|9\n|tier|[Gen 9] VGC 2024 Reg H\n|rated|\n|rule|Species Clause: Limit one of each Pok\u00e9mon\n|rule|Item Clause: Limit 1 of each item\n|clearpoke\n|poke|p1|Dondozo, L50, F|\n|poke|p1|Tatsugiri, L50, F|\n|poke|p1|Sneasler, L50, M|\n|poke|p1|Indeedee, L50, M|\n|poke|p1|Talonflame, L50, F|\n|poke|p1|Ursaluna-Bloodmoon, L50, M|\n|poke|p2|Baxcalibur, L50, M|\n|poke|p2|Talonflame, L50, F|\n|poke|p2|Zoroark-Hisui, L50, F|\n|poke|p2|Rotom-Wash, L50|\n|poke|p2|Dragonite, L50, F|\n|poke|p2|Grimmsnarl, L50, M|\n|teampreview|4\n|inactive|Battle timer is ON: inactive players will automatically lose when time's up. (requested by Cxdv)\n|inactive|VGCLTH low laddr also wants the timer to be on.\nVGCLTH low laddr has agreed to open team sheets.\n|inactive|Cxdv has 60 seconds left.\n|\n|t:|1731707468\n|start\n|switch|p1a: Talonflame|Talonflame, L50, F|100\/100\n|switch|p1b: Ursaluna|Ursaluna-Bloodmoon, L50, M|100\/100\n|switch|p2a: Talonflame|Talonflame, L50, F|100\/100\n|switch|p2b: Dragonite|Dragonite, L50, F|100\/100\n|turn|1\n|inactive|VGCLTH low laddr has 30 seconds left.\n|\n|t:|1731707494\n|-terastallize|p1b: Ursaluna|Normal\n|move|p1a: Talonflame|Dual Wingbeat|p2b: Dragonite\n|-damage|p2b: Dragonite|91\/100\n|-damage|p2b: Dragonite|75\/100\n|-hitcount|p2b: Dragonite|2\n|move|p2a: Talonflame|Tailwind|p2a: Talonflame\n|-sidestart|p2: Cxdv|move: Tailwind\n|move|p2b: Dragonite|Breaking Swipe|p1b: Ursaluna|[spread] p1a,p1b\n|-damage|p1a: Talonflame|65\/100\n|-damage|p1b: Ursaluna|80\/100\n|-unboost|p1b: Ursaluna|atk|1\n|move|p1b: Ursaluna|Hyper Voice|p2a: Talonflame|[spread] p2a,p2b\n|-damage|p2a: Talonflame|0 fnt\n|-damage|p2b: Dragonite|23\/100\n|faint|p2a: Talonflame\n|-damage|p1b: Ursaluna|70\/100|[from] item: Life Orb\n|\n|upkeep\n|\n|t:|1731707516\n|switch|p2a: Grimmsnarl|Grimmsnarl, L50, M|100\/100\n|turn|2\n|inactive|VGCLTH low laddr has 30 seconds left.\n|inactive|Cxdv has 30 seconds left.\n|\n|t:|1731707552\n|-terastallize|p2b: Dragonite|Normal\n|move|p1b: Ursaluna|Protect|p1b: Ursaluna\n|-singleturn|p1b: Ursaluna|Protect\n|move|p2a: Grimmsnarl|Fake Out|p1b: Ursaluna\n|-activate|p1b: Ursaluna|move: Protect\n|move|p2b: Dragonite|Extreme Speed|p1a: Talonflame\n|-damage|p1a: Talonflame|0 fnt\n|faint|p1a: Talonflame\n|\n|upkeep\n|inactive|VGCLTH low laddr has 30 seconds left.\n|\n|t:|1731707581\n|switch|p1a: Sneasler|Sneasler, L50, M|100\/100\n|turn|3\n|j| kyog9t\n|\n|t:|1731707593\n|switch|p1b: Indeedee|Indeedee, L50, M|100\/100\n|-fieldstart|move: Psychic Terrain|[from] ability: Psychic Surge|[of] p1b: Indeedee\n|-enditem|p1a: Sneasler|Psychic Seed\n|-boost|p1a: Sneasler|spd|1|[from] item: Psychic Seed\n|move|p1a: Sneasler|Dire Claw|p2b: Dragonite\n|-damage|p2b: Dragonite|0 fnt\n|faint|p2b: Dragonite\n|move|p2a: Grimmsnarl|Spirit Break|p1b: Indeedee\n|-damage|p1b: Indeedee|34\/100\n|-unboost|p1b: Indeedee|spa|1\n|\n|upkeep\n|\n|t:|1731707601\n|switch|p2b: Rotom|Rotom-Wash, L50|100\/100\n|turn|4\n|\n|t:|1731707623\n|move|p1b: Indeedee|Helping Hand|p1a: Sneasler\n|-singleturn|p1a: Sneasler|Helping Hand|[of] p1b: Indeedee\n|move|p1a: Sneasler|Close Combat|p2b: Rotom\n|-damage|p2b: Rotom|0 fnt\n|-unboost|p1a: Sneasler|def|1\n|-unboost|p1a: Sneasler|spd|1\n|faint|p2b: Rotom\n|move|p2a: Grimmsnarl|Spirit Break|p1a: Sneasler\n|-damage|p1a: Sneasler|24\/100\n|-unboost|p1a: Sneasler|spa|1\n|\n|-sideend|p2: Cxdv|move: Tailwind\n|upkeep\n|turn|5\n|\n|t:|1731707633\n|move|p1b: Indeedee|Helping Hand|p1a: Sneasler\n|-singleturn|p1a: Sneasler|Helping Hand|[of] p1b: Indeedee\n|move|p1a: Sneasler|Dire Claw|p2a: Grimmsnarl\n|-supereffective|p2a: Grimmsnarl\n|-damage|p2a: Grimmsnarl|0 fnt\n|faint|p2a: Grimmsnarl\n|\n|win|VGCLTH low laddr\n|raw|VGCLTH low laddr's rating: 1743 &rarr; <strong>1764<\/strong><br \/>(+21 for winning)\n|raw|Cxdv's rating: 1760 &rarr; <strong>1739<\/strong><br \/>(-21 for losing)\n|l|\u2606Cxdv\n|player|p2|\n|l|\u2606VGCLTH low laddr\n|player|p1|\n|l| kyog9t\n","uploadtime":1731707878,"views":16,"formatid":"gen9vgc2024regh","rating":1739,"private":0,"password":null}