{"id":"gen9vgc2024regh-2244344517","format":"[Gen 9] VGC 2024 Reg H","players":["bryu19020","VGCLTH Sac gaming"],"log":"|raw|<div class=\"broadcast-blue\"><strong>This battle is required to be public due to a player having a name starting with 'vgclth'.<\/div>\n|j|\u2606bryu19020\n|j|\u2606VGCLTH Sac gaming\n|t:|1731671596\n|gametype|doubles\n|player|p1|bryu19020|265|1674\n|player|p2|VGCLTH Sac gaming|steven|1726\n|teamsize|p1|5\n|teamsize|p2|6\n|gen|9\n|tier|[Gen 9] VGC 2024 Reg H\n|rated|\n|rule|Species Clause: Limit one of each Pok\u00e9mon\n|rule|Item Clause: Limit 1 of each item\n|clearpoke\n|poke|p1|Ninetales-Alola, L50, F|\n|poke|p1|Mamoswine, L50, M|\n|poke|p1|Cetitan, L50, F|\n|poke|p1|Rotom-Frost, L50|\n|poke|p1|Cryogonal, L50|\n|poke|p2|Whimsicott, L50, M|\n|poke|p2|Dragonite, L50, F|\n|poke|p2|Ursaluna-Bloodmoon, L50, M|\n|poke|p2|Gholdengo, L50|\n|poke|p2|Incineroar, L50, F|\n|poke|p2|Annihilape, L50, M|\n|teampreview|4\n|inactive|Battle timer is ON: inactive players will automatically lose when time's up. (requested by VGCLTH Sac gaming)\nVGCLTH Sac gaming rejected open team sheets.\n|\n|t:|1731671622\n|start\n|switch|p1a: Ninetales|Ninetales-Alola, L50, F|100\/100\n|switch|p1b: Mamoswine|Mamoswine, L50, M|100\/100\n|switch|p2a: Whimsicott|Whimsicott, L50, M|100\/100\n|switch|p2b: Annihilape|Annihilape, L50, M|100\/100\n|-weather|Snow|[from] ability: Snow Warning|[of] p1a: Ninetales\n|turn|1\n|\n|t:|1731671647\n|move|p2a: Whimsicott|Tailwind|p2a: Whimsicott\n|-sidestart|p2: VGCLTH Sac gaming|move: Tailwind\n|move|p2b: Annihilape|Final Gambit|p1a: Ninetales\n|-damage|p1a: Ninetales|0 fnt\n|faint|p2b: Annihilape\n|faint|p1a: Ninetales\n|move|p1b: Mamoswine|Icicle Crash|p2a: Whimsicott|[miss]\n|-miss|p1b: Mamoswine|p2a: Whimsicott\n|\n|-weather|Snow|[upkeep]\n|upkeep\n|inactive|bryu19020 has 30 seconds left.\n|\n|t:|1731671676\n|switch|p1a: Cetitan|Cetitan, L50, F|100\/100\n|switch|p2b: Gholdengo|Gholdengo, L50|100\/100\n|turn|2\n|inactive|VGCLTH Sac gaming has 30 seconds left.\n|inactive|bryu19020 has 30 seconds left.\n|inactive|VGCLTH Sac gaming has 20 seconds left.\n|\n|t:|1731671713\n|-terastallize|p2b: Gholdengo|Steel\n|-terastallize|p1a: Cetitan|Ground\n|move|p2a: Whimsicott|Encore|p1b: Mamoswine\n|-start|p1b: Mamoswine|Encore\n|move|p2b: Gholdengo|Make It Rain|p1a: Cetitan|[spread] p1a,p1b\n|-supereffective|p1b: Mamoswine\n|-damage|p1a: Cetitan|11\/100\n|-enditem|p1b: Mamoswine|Focus Sash\n|-damage|p1b: Mamoswine|1\/100\n|-unboost|p2b: Gholdengo|spa|1\n|move|p1a: Cetitan|High Horsepower|p2b: Gholdengo\n|-supereffective|p2b: Gholdengo\n|-damage|p2b: Gholdengo|0 fnt\n|faint|p2b: Gholdengo\n|move|p1b: Mamoswine|Icicle Crash|p2a: Whimsicott\n|-supereffective|p2a: Whimsicott\n|-enditem|p2a: Whimsicott|Focus Sash\n|-damage|p2a: Whimsicott|1\/100\n|\n|-weather|Snow|[upkeep]\n|upkeep\n|j| KOPLUS\n|\n|t:|1731671722\n|switch|p2b: Ursaluna|Ursaluna-Bloodmoon, L50, M|100\/100\n|turn|3\n|j| jlz04t1h\n|inactive|bryu19020 has 30 seconds left.\n|j| qiyeO.o\n|\n|t:|1731671750\n|move|p2b: Ursaluna|Vacuum Wave|p1a: Cetitan\n|-damage|p1a: Cetitan|0 fnt\n|faint|p1a: Cetitan\n|move|p2a: Whimsicott|Moonblast|p1b: Mamoswine|[miss]\n|-miss|p2a: Whimsicott|p1b: Mamoswine\n|move|p1b: Mamoswine|Icicle Crash|p2a: Whimsicott\n|-supereffective|p2a: Whimsicott\n|-damage|p2a: Whimsicott|0 fnt\n|faint|p2a: Whimsicott\n|\n|-weather|Snow|[upkeep]\n|upkeep\n|\n|t:|1731671758\n|switch|p1a: Rotom|Rotom-Frost, L50|100\/100\n|turn|4\n|\n|t:|1731671773\n|move|p1a: Rotom|Blizzard|p2b: Ursaluna\n|-supereffective|p2b: Ursaluna\n|-damage|p2b: Ursaluna|8\/100\n|move|p2b: Ursaluna|Hyper Voice|p1b: Mamoswine|[spread] p1a,p1b\n|-damage|p1a: Rotom|50\/100\n|-damage|p1b: Mamoswine|0 fnt\n|faint|p1b: Mamoswine\n|\n|-weather|Snow|[upkeep]\n|-sideend|p2: VGCLTH Sac gaming|move: Tailwind\n|upkeep\n|turn|5\n|\n|t:|1731671779\n|move|p2b: Ursaluna|Vacuum Wave|p1a: Rotom\n|-supereffective|p1a: Rotom\n|-damage|p1a: Rotom|8\/100\n|move|p1a: Rotom|Blizzard|p2b: Ursaluna\n|-supereffective|p2b: Ursaluna\n|-damage|p2b: Ursaluna|0 fnt\n|faint|p2b: Ursaluna\n|\n|win|bryu19020\n|raw|bryu19020's rating: 1674 &rarr; <strong>1697<\/strong><br \/>(+23 for winning)\n|raw|VGCLTH Sac gaming's rating: 1726 &rarr; <strong>1703<\/strong><br \/>(-23 for losing)\n|l|\u2606VGCLTH Sac gaming\n|player|p2|\n|l| qiyeO.o\n|l|\u2606bryu19020\n|player|p1|\n|l| KOPLUS\n|l| jlz04t1h\n","uploadtime":1731672028,"views":19,"formatid":"gen9vgc2024regh","rating":1697,"private":0,"password":null}