{"id":"gen9vgc2024regh-2244227863","format":"[Gen 9] VGC 2024 Reg H","players":["Break Theory","VGCLTH R0gue"],"log":"|raw|<div class=\"broadcast-blue\"><strong>This battle is required to be public due to a player having a name starting with 'vgclth'.<\/div>\n|j|\u203dBreak Theory\n|j|\u2606VGCLTH R0gue\n|t:|1731649695\n|gametype|doubles\n|player|p1|Break Theory|marley|1744\n|player|p2|VGCLTH R0gue|ingo|1684\n|teamsize|p1|6\n|teamsize|p2|6\n|gen|9\n|tier|[Gen 9] VGC 2024 Reg H\n|rated|\n|rule|Species Clause: Limit one of each Pok\u00e9mon\n|rule|Item Clause: Limit 1 of each item\n|clearpoke\n|poke|p1|Dragonite, L50, F|\n|poke|p1|Gholdengo, L50|\n|poke|p1|Ursaluna-Bloodmoon, L50, M|\n|poke|p1|Sneasler, L50, F|\n|poke|p1|Incineroar, L50, F|\n|poke|p1|Rillaboom, L50, F|\n|poke|p2|Sneasler, L50, F|\n|poke|p2|Primarina, L50, M|\n|poke|p2|Kingambit, L50, F|\n|poke|p2|Rillaboom, L50, M|\n|poke|p2|Electabuzz, L50, M|\n|poke|p2|Dragapult, L50, F|\n|teampreview|4\n|inactive|Battle timer is ON: inactive players will automatically lose when time's up. (requested by VGCLTH R0gue)\n|inactive|Break Theory also wants the timer to be on.\nVGCLTH R0gue has agreed to open team sheets.\n|\n|t:|1731649719\n|start\n|switch|p1a: Incineroar|Incineroar, L50, F|100\/100\n|switch|p1b: Ursaluna|Ursaluna-Bloodmoon, L50, M|100\/100\n|switch|p2a: Washed|Primarina, L50, M|100\/100\n|switch|p2b: Sorry for hax|Sneasler, L50, F|100\/100\n|-ability|p1a: Incineroar|Intimidate|boost\n|-unboost|p2a: Washed|atk|1\n|-unboost|p2b: Sorry for hax|atk|1\n|turn|1\n|\n|t:|1731649742\n|-terastallize|p2b: Sorry for hax|Stellar\n|move|p1a: Incineroar|Fake Out|p2a: Washed\n|-damage|p2a: Washed|88\/100\n|move|p2b: Sorry for hax|Close Combat|p1b: Ursaluna\n|-supereffective|p1b: Ursaluna\n|-damage|p1b: Ursaluna|11\/100\n|-unboost|p2b: Sorry for hax|def|1\n|-unboost|p2b: Sorry for hax|spd|1\n|cant|p2a: Washed|flinch\n|move|p1b: Ursaluna|Blood Moon|p2a: Washed\n|-damage|p2a: Washed|27\/100\n|\n|-heal|p1b: Ursaluna|17\/100|[from] item: Leftovers\n|upkeep\n|turn|2\n|\n|t:|1731649756\n|move|p1b: Ursaluna|Protect|p1b: Ursaluna\n|-singleturn|p1b: Ursaluna|Protect\n|move|p2b: Sorry for hax|Close Combat|p1a: Incineroar\n|-supereffective|p1a: Incineroar\n|-damage|p1a: Incineroar|26\/100\n|-unboost|p2b: Sorry for hax|def|1\n|-unboost|p2b: Sorry for hax|spd|1\n|-enditem|p1a: Incineroar|Sitrus Berry|[eat]\n|-heal|p1a: Incineroar|51\/100|[from] item: Sitrus Berry\n|move|p2a: Washed|Hyper Voice|p1a: Incineroar|[spread] p1a\n|-activate|p1b: Ursaluna|move: Protect\n|-supereffective|p1a: Incineroar\n|-damage|p1a: Incineroar|0 fnt\n|faint|p1a: Incineroar\n|-enditem|p2a: Washed|Throat Spray\n|-boost|p2a: Washed|spa|1|[from] item: Throat Spray\n|\n|-heal|p1b: Ursaluna|23\/100|[from] item: Leftovers\n|upkeep\n|\n|t:|1731649774\n|switch|p1a: Dragonite|Dragonite, L50, F|100\/100\n|turn|3\n|\n|t:|1731649782\n|switch|p1b: Sneasler|Sneasler, L50, F|100\/100\n|move|p2a: Washed|Protect|p2a: Washed\n|-singleturn|p2a: Washed|Protect\n|move|p2b: Sorry for hax|Dire Claw|p1a: Dragonite\n|-damage|p1a: Dragonite|80\/100\n|move|p1a: Dragonite|Scale Shot|p2b: Sorry for hax\n|-damage|p2b: Sorry for hax|48\/100\n|-damage|p2b: Sorry for hax|0 fnt\n|faint|p2b: Sorry for hax\n|-hitcount|p2: Sorry for hax|2\n|-unboost|p1a: Dragonite|def|1\n|-boost|p1a: Dragonite|spe|1\n|\n|upkeep\n|\n|t:|1731649792\n|switch|p2b: o7|Dragapult, L50, F|100\/100\n|turn|4\n|\n|t:|1731649809\n|-terastallize|p1a: Dragonite|Fairy\n|move|p2b: o7|Dragon Darts|p1b: Sneasler\n|-damage|p1b: Sneasler|40\/100\n|-anim|p2b: o7|Dragon Darts|p1b: Sneasler\n|-damage|p1b: Sneasler|0 fnt\n|faint|p1b: Sneasler\n|move|p1a: Dragonite|Scale Shot|p2b: o7\n|-supereffective|p2b: o7\n|-damage|p2b: o7|60\/100\n|-supereffective|p2b: o7\n|-damage|p2b: o7|20\/100\n|-supereffective|p2b: o7\n|-damage|p2b: o7|0 fnt\n|faint|p2b: o7\n|-hitcount|p2: o7|3\n|-unboost|p1a: Dragonite|def|1\n|-boost|p1a: Dragonite|spe|1\n|move|p2a: Washed|Hyper Voice|p1a: Dragonite\n|-damage|p1a: Dragonite|12\/100\n|\n|upkeep\n|\n|t:|1731649832\n|switch|p2b: Locked In|Kingambit, L50, F|100\/100\n|switch|p1b: Ursaluna|Ursaluna-Bloodmoon, L50, M|23\/100\n|turn|5\n|\n|t:|1731649840\n|move|p1a: Dragonite|Protect|p1a: Dragonite\n|-singleturn|p1a: Dragonite|Protect\n|move|p1b: Ursaluna|Protect|p1b: Ursaluna\n|-singleturn|p1b: Ursaluna|Protect\n|move|p2b: Locked In|Sucker Punch||[still]\n|-fail|p2b: Locked In\n|move|p2a: Washed|Hyper Voice|p1b: Ursaluna|[spread] \n|-activate|p1a: Dragonite|move: Protect\n|-activate|p1b: Ursaluna|move: Protect\n|\n|-heal|p1b: Ursaluna|29\/100|[from] item: Leftovers\n|upkeep\n|turn|6\n|\n|t:|1731649850\n|move|p1a: Dragonite|Extreme Speed|p2a: Washed\n|-damage|p2a: Washed|0 fnt\n|faint|p2a: Washed\n|move|p1b: Ursaluna|Vacuum Wave|p2b: Locked In\n|-supereffective|p2b: Locked In\n|-damage|p2b: Locked In|41\/100\n|move|p2b: Locked In|Sucker Punch||[still]\n|-fail|p2b: Locked In\n|\n|-heal|p1b: Ursaluna|35\/100|[from] item: Leftovers\n|upkeep\n|turn|7\n|\n|t:|1731649860\n|move|p1a: Dragonite|Extreme Speed|p2b: Locked In\n|-resisted|p2b: Locked In\n|-damage|p2b: Locked In|30\/100\n|move|p1b: Ursaluna|Vacuum Wave|p2b: Locked In\n|-supereffective|p2b: Locked In\n|-damage|p2b: Locked In|0 fnt\n|faint|p2b: Locked In\n|\n|win|Break Theory\n|raw|Break Theory's rating: 1744 &rarr; <strong>1761<\/strong><br \/>(+17 for winning)\n|raw|VGCLTH R0gue's rating: 1684 &rarr; <strong>1667<\/strong><br \/>(-17 for losing)\n|j| VGCLTH TnB\n|l|\u2606VGCLTH R0gue\n|player|p2|\n|l|\u203dBreak Theory\n|player|p1|\n|l| VGCLTH TnB\n","uploadtime":1731650002,"views":25,"formatid":"gen9vgc2024regh","rating":1667,"private":0,"password":null}