{"id":"gen9vgc2024regh-2244200324","format":"[Gen 9] VGC 2024 Reg H","players":["VGCLTH Oinge","jrylam21"],"log":"|j|\u2606VGCLTH Oinge\n|j|\u2606jrylam21\n|t:|1731644919\n|gametype|doubles\n|player|p1|VGCLTH Oinge|mars|1681\n|player|p2|jrylam21|102|1691\n|teamsize|p1|6\n|teamsize|p2|6\n|gen|9\n|tier|[Gen 9] VGC 2024 Reg H\n|rated|\n|rule|Species Clause: Limit one of each Pok\u00e9mon\n|rule|Item Clause: Limit 1 of each item\n|clearpoke\n|poke|p1|Torkoal, L50, F|\n|poke|p1|Indeedee-F, L50, F|\n|poke|p1|Hatterene, L50, F|\n|poke|p1|Gallade, L50, M|\n|poke|p1|Maushold-Four, L50|\n|poke|p1|Ursaluna, L50, M|\n|poke|p2|Yanmega, L50, M|\n|poke|p2|Ursaluna, L50, M|\n|poke|p2|Porygon2, L50|\n|poke|p2|Incineroar, L50, M|\n|poke|p2|Dragonite, L50, M|\n|poke|p2|Hydreigon, L50, M|\n|teampreview|4\n|inactive|Battle timer is ON: inactive players will automatically lose when time's up. (requested by VGCLTH Oinge)\n|\n|t:|1731644971\n|start\n|switch|p1a: Gallade|Gallade, L50, M|100\/100\n|switch|p1b: Indeedee|Indeedee-F, L50, F|100\/100\n|switch|p2a: Yanmega|Yanmega, L50, M|100\/100\n|switch|p2b: Ursaluna|Ursaluna, L50, M|100\/100\n|-fieldstart|move: Psychic Terrain|[from] ability: Psychic Surge|[of] p1b: Indeedee\n|-enditem|p1b: Indeedee|Psychic Seed\n|-boost|p1b: Indeedee|spd|1|[from] item: Psychic Seed\n|turn|1\n|\n|t:|1731644990\n|move|p2a: Yanmega|Struggle Bug|p1a: Gallade|[spread] p1a,p1b\n|-supereffective|p1b: Indeedee\n|-damage|p1a: Gallade|81\/100\n|-damage|p1b: Indeedee|76\/100\n|-unboost|p1b: Indeedee|spa|1\n|move|p2b: Ursaluna|Earthquake|p1a: Gallade|[spread] p1a,p1b\n|-immune|p2a: Yanmega\n|-crit|p1a: Gallade\n|-damage|p1a: Gallade|0 fnt\n|-damage|p1b: Indeedee|35\/100\n|faint|p1a: Gallade\n|move|p1b: Indeedee|Trick Room|p1b: Indeedee\n|-fieldstart|move: Trick Room|[of] p1b: Indeedee\n|\n|-status|p2b: Ursaluna|brn|[from] item: Flame Orb\n|-ability|p2a: Yanmega|Speed Boost|boost\n|-boost|p2a: Yanmega|spe|1\n|upkeep\n|\n|t:|1731645001\n|switch|p1a: Hatterene|Hatterene, L50, F|100\/100\n|turn|2\n|\n|t:|1731645016\n|move|p2b: Ursaluna|Protect|p2b: Ursaluna\n|-singleturn|p2b: Ursaluna|Protect\n|move|p2a: Yanmega|Detect|p2a: Yanmega\n|-singleturn|p2a: Yanmega|Protect\n|move|p1a: Hatterene|Expanding Force|p2b: Ursaluna|[spread] \n|-activate|p2a: Yanmega|move: Protect\n|-activate|p2b: Ursaluna|move: Protect\n|move|p1b: Indeedee|Dazzling Gleam|p2b: Ursaluna|[spread] \n|-activate|p2a: Yanmega|move: Protect\n|-activate|p2b: Ursaluna|move: Protect\n|\n|-damage|p2b: Ursaluna|95\/100 brn|[from] brn\n|-ability|p2a: Yanmega|Speed Boost|boost\n|-boost|p2a: Yanmega|spe|1\n|upkeep\n|turn|3\n|j| VGCedo55\n|\n|t:|1731645035\n|switch|p2b: Incineroar|Incineroar, L50, M|100\/100\n|-ability|p2b: Incineroar|Intimidate|boost\n|-unboost|p1a: Hatterene|atk|1\n|-unboost|p1b: Indeedee|atk|1\n|move|p1a: Hatterene|Expanding Force|p2b: Incineroar|[spread] p2a\n|-immune|p2b: Incineroar\n|-enditem|p2a: Yanmega|Focus Sash\n|-damage|p2a: Yanmega|1\/100\n|-damage|p1a: Hatterene|91\/100|[from] item: Life Orb\n|move|p1b: Indeedee|Dazzling Gleam|p2a: Yanmega|[spread] p2a,p2b\n|-damage|p2a: Yanmega|0 fnt\n|-damage|p2b: Incineroar|92\/100\n|faint|p2a: Yanmega\n|\n|upkeep\n|\n|t:|1731645051\n|switch|p2a: Dragonite|Dragonite, L50, M|100\/100\n|turn|4\n|\n|t:|1731645061\n|switch|p1b: Ursaluna|Ursaluna, L50, M|100\/100\n|move|p2a: Dragonite|Protect|p2a: Dragonite\n|-singleturn|p2a: Dragonite|Protect\n|move|p1a: Hatterene|Dazzling Gleam|p2a: Dragonite|[spread] p2b\n|-activate|p2a: Dragonite|move: Protect\n|-damage|p2b: Incineroar|51\/100\n|-damage|p1a: Hatterene|81\/100|[from] item: Life Orb\n|move|p2b: Incineroar|Flare Blitz|p1a: Hatterene\n|-damage|p1a: Hatterene|19\/100\n|-damage|p2b: Incineroar|35\/100|[from] Recoil\n|-enditem|p2b: Incineroar|Sitrus Berry|[eat]\n|-heal|p2b: Incineroar|59\/100|[from] item: Sitrus Berry\n|\n|-status|p1b: Ursaluna|brn|[from] item: Flame Orb\n|upkeep\n|turn|5\n|inactive|jrylam21 has 30 seconds left.\n|inactive|jrylam21 has 20 seconds left.\n|inactive|jrylam21 has 15 seconds left.\n|\n|t:|1731645104\n|-terastallize|p2a: Dragonite|Fairy\n|move|p1a: Hatterene|Dazzling Gleam|p2b: Incineroar|[spread] p2a,p2b\n|-damage|p2a: Dragonite|77\/100\n|-damage|p2b: Incineroar|19\/100\n|-damage|p1a: Hatterene|9\/100|[from] item: Life Orb\n|move|p1b: Ursaluna|Facade|p2a: Dragonite\n|-crit|p2a: Dragonite\n|-damage|p2a: Dragonite|0 fnt\n|faint|p2a: Dragonite\n|move|p2b: Incineroar|Flare Blitz|p1a: Hatterene\n|-damage|p1a: Hatterene|0 fnt\n|faint|p1a: Hatterene\n|-damage|p2b: Incineroar|16\/100|[from] Recoil\n|\n|-damage|p1b: Ursaluna|95\/100 brn|[from] brn\n|-fieldend|move: Trick Room\n|-fieldend|move: Psychic Terrain\n|upkeep\n|\n|t:|1731645119\n|switch|p2a: Ursaluna|Ursaluna, L50, M|95\/100 brn\n|switch|p1a: Indeedee|Indeedee-F, L50, F|35\/100\n|-fieldstart|move: Psychic Terrain|[from] ability: Psychic Surge|[of] p1a: Indeedee\n|turn|6\n|\n|t:|1731645140\n|-terastallize|p1b: Ursaluna|Ghost\n|move|p1a: Indeedee|Helping Hand|p1b: Ursaluna\n|-singleturn|p1b: Ursaluna|Helping Hand|[of] p1a: Indeedee\n|move|p2a: Ursaluna|Protect|p2a: Ursaluna\n|-singleturn|p2a: Ursaluna|Protect\n|move|p2b: Incineroar|Knock Off|p1a: Indeedee\n|-supereffective|p1a: Indeedee\n|-damage|p1a: Indeedee|0 fnt\n|faint|p1a: Indeedee\n|move|p1b: Ursaluna|Earthquake|p2b: Incineroar|[spread] p2b\n|-activate|p2a: Ursaluna|move: Protect\n|-supereffective|p2b: Incineroar\n|-damage|p2b: Incineroar|0 fnt\n|faint|p2b: Incineroar\n|\n|-damage|p2a: Ursaluna|89\/100 brn|[from] brn\n|-damage|p1b: Ursaluna|89\/100 brn|[from] brn\n|upkeep\n|turn|7\n|\n|t:|1731645155\n|move|p2a: Ursaluna|Earthquake|p1b: Ursaluna\n|-damage|p1b: Ursaluna|25\/100 brn\n|move|p1b: Ursaluna|Facade|p2a: Ursaluna\n|-damage|p2a: Ursaluna|0 fnt\n|faint|p2a: Ursaluna\n|\n|win|VGCLTH Oinge\n|raw|VGCLTH Oinge's rating: 1681 &rarr; <strong>1702<\/strong><br \/>(+21 for winning)\n|raw|jrylam21's rating: 1691 &rarr; <strong>1670<\/strong><br \/>(-21 for losing)\n|l|\u2606VGCLTH Oinge\n|player|p1|\n|l| VGCedo55\n","uploadtime":1731645163,"views":23,"formatid":"gen9vgc2024regh","rating":1670,"private":0,"password":null}