{"id":"gen9vgc2024regh-2244891591","format":"[Gen 9] VGC 2024 Reg H","players":["gw_8941","VGCLTH mt"],"log":"|raw|<div class=\"broadcast-blue\"><strong>This battle is required to be public due to a player having a name starting with 'vgclth'.<\/div>\n|j|\u2606gw_8941\n|j|\u2606VGCLTH mt\n|t:|1731738326\n|gametype|doubles\n|player|p1|gw_8941|hilbert-wonderlauncher|1673\n|player|p2|VGCLTH mt|cynthia|1761\n|teamsize|p1|6\n|teamsize|p2|6\n|gen|9\n|tier|[Gen 9] VGC 2024 Reg H\n|rated|\n|rule|Species Clause: Limit one of each Pok\u00e9mon\n|rule|Item Clause: Limit 1 of each item\n|clearpoke\n|poke|p1|Dondozo, L50, M|\n|poke|p1|Tatsugiri, L50, M|\n|poke|p1|Annihilape, L50, M|\n|poke|p1|Volcarona, L50, F|\n|poke|p1|Dragonite, L50, M|\n|poke|p1|Archaludon, L50, M|\n|poke|p2|Ursaluna-Bloodmoon, L50, M|\n|poke|p2|Gholdengo, L50|\n|poke|p2|Dragonite, L50, M|\n|poke|p2|Primarina, L50, F|\n|poke|p2|Incineroar, L50, M|\n|poke|p2|Amoonguss, L50, M|\n|teampreview|4\n|inactive|Battle timer is ON: inactive players will automatically lose when time's up. (requested by VGCLTH mt)\n|inactive|gw_8941 also wants the timer to be on.\n|inactive|gw_8941 has 60 seconds left.\n|inactive|VGCLTH mt has 60 seconds left.\n|j| Ratrap\n|inactive|VGCLTH mt has 30 seconds left.\n|inactive|VGCLTH mt has 20 seconds left.\n|inactive|VGCLTH mt has 15 seconds left.\n|\n|t:|1731738403\n|start\n|switch|p1a: Annihilape|Annihilape, L50, M, shiny|100\/100\n|switch|p1b: Volcarona|Volcarona, L50, F|100\/100\n|switch|p2a: Ursaluna|Ursaluna-Bloodmoon, L50, M|100\/100\n|switch|p2b: Gholdengo|Gholdengo, L50, shiny|100\/100\n|turn|1\n|inactive|gw_8941 has 30 seconds left.\n|\n|t:|1731738432\n|move|p1a: Annihilape|Protect|p1a: Annihilape\n|-singleturn|p1a: Annihilape|Protect\n|move|p2b: Gholdengo|Shadow Ball|p1a: Annihilape\n|-activate|p1a: Annihilape|move: Protect\n|move|p1b: Volcarona|Heat Wave|p2a: Ursaluna|[spread] p2a\n|-miss|p1b: Volcarona|p2b: Gholdengo\n|-damage|p2a: Ursaluna|62\/100\n|move|p2a: Ursaluna|Blood Moon|p1a: Annihilape\n|-activate|p1a: Annihilape|move: Protect\n|\n|upkeep\n|turn|2\n|\n|t:|1731738450\n|-terastallize|p1a: Annihilape|Water\n|move|p2b: Gholdengo|Protect|p2b: Gholdengo\n|-singleturn|p2b: Gholdengo|Protect\n|move|p1b: Volcarona|Heat Wave|p2b: Gholdengo|[spread] p2a\n|-activate|p2b: Gholdengo|move: Protect\n|-damage|p2a: Ursaluna|20\/100\n|move|p1a: Annihilape|Bulk Up|p1a: Annihilape\n|-boost|p1a: Annihilape|atk|1\n|-boost|p1a: Annihilape|def|1\n|move|p2a: Ursaluna|Hyper Voice|p1b: Volcarona|[spread] p1a,p1b\n|-damage|p1a: Annihilape|69\/100\n|-damage|p1b: Volcarona|68\/100\n|\n|upkeep\n|turn|3\n|\n|t:|1731738466\n|move|p2b: Gholdengo|Shadow Ball|p1a: Annihilape\n|-damage|p1a: Annihilape|38\/100\n|move|p1b: Volcarona|Heat Wave|p2a: Ursaluna|[spread] p2b\n|-miss|p1b: Volcarona|p2a: Ursaluna\n|-supereffective|p2b: Gholdengo\n|-damage|p2b: Gholdengo|29\/100\n|move|p1a: Annihilape|Rage Fist|p2b: Gholdengo\n|-supereffective|p2b: Gholdengo\n|-damage|p2b: Gholdengo|0 fnt\n|faint|p2b: Gholdengo\n|move|p2a: Ursaluna|Blood Moon|p1a: Annihilape\n|-damage|p1a: Annihilape|0 fnt\n|faint|p1a: Annihilape\n|\n|upkeep\n|\n|t:|1731738475\n|switch|p2b: Incineroar|Incineroar, L50, M, shiny|100\/100\n|switch|p1a: Dragonite|Dragonite, L50, M|100\/100\n|-ability|p2b: Incineroar|Intimidate|boost\n|-unboost|p1a: Dragonite|atk|1\n|-unboost|p1b: Volcarona|atk|1\n|turn|4\n|\n|t:|1731738492\n|move|p2b: Incineroar|Fake Out|p1a: Dragonite\n|-damage|p1a: Dragonite|95\/100\n|cant|p1a: Dragonite|flinch\n|move|p1b: Volcarona|Heat Wave|p2a: Ursaluna|[spread] p2a,p2b\n|-resisted|p2b: Incineroar\n|-damage|p2a: Ursaluna|0 fnt\n|-damage|p2b: Incineroar|89\/100\n|faint|p2a: Ursaluna\n|\n|upkeep\n|\n|t:|1731738498\n|switch|p2a: Amoonguss|Amoonguss, L50, M, shiny|100\/100\n|turn|5\n|\n|t:|1731738513\n|-terastallize|p2a: Amoonguss|Water\n|move|p1a: Dragonite|Haze|p1a: Dragonite\n|-clearallboost\n|move|p1b: Volcarona|Heat Wave|p2a: Amoonguss|[spread] p2a\n|-miss|p1b: Volcarona|p2b: Incineroar\n|-resisted|p2a: Amoonguss\n|-damage|p2a: Amoonguss|86\/100\n|move|p2b: Incineroar|Flare Blitz|p1b: Volcarona\n|-damage|p1b: Volcarona|28\/100\n|-enditem|p1b: Volcarona|Sitrus Berry|[eat]\n|-heal|p1b: Volcarona|53\/100|[from] item: Sitrus Berry\n|-damage|p2b: Incineroar|76\/100|[from] Recoil\n|move|p2a: Amoonguss|Spore|p1a: Dragonite\n|-status|p1a: Dragonite|slp|[from] move: Spore\n|\n|upkeep\n|turn|6\n|inactive|VGCLTH mt has 30 seconds left.\n|inactive|VGCLTH mt has 20 seconds left.\n|inactive|VGCLTH mt has 15 seconds left.\n|inactive|VGCLTH mt has 10 seconds left.\n|inactive|VGCLTH mt has 5 seconds left.\n|\n|t:|1731738566\n|cant|p1a: Dragonite|slp\n|move|p1b: Volcarona|Heat Wave|p2b: Incineroar|[spread] p2a,p2b\n|-resisted|p2a: Amoonguss\n|-resisted|p2b: Incineroar\n|-damage|p2a: Amoonguss|72\/100\n|-damage|p2b: Incineroar|66\/100\n|move|p2b: Incineroar|Flare Blitz|p1b: Volcarona\n|-crit|p1b: Volcarona\n|-damage|p1b: Volcarona|0 fnt\n|faint|p1b: Volcarona\n|-damage|p2b: Incineroar|50\/100|[from] Recoil\n|-enditem|p2b: Incineroar|Sitrus Berry|[eat]\n|-heal|p2b: Incineroar|74\/100|[from] item: Sitrus Berry\n|move|p2a: Amoonguss|Pollen Puff|p2b: Incineroar\n|-heal|p2b: Incineroar|100\/100\n|\n|upkeep\n|\n|t:|1731738581\n|switch|p1b: Archaludon|Archaludon, L50, M|100\/100\n|turn|7\n|inactive|VGCLTH mt has 30 seconds left.\n|\n|t:|1731738607\n|move|p1b: Archaludon|Protect|p1b: Archaludon\n|-singleturn|p1b: Archaludon|Protect\n|cant|p1a: Dragonite|slp\n|move|p2b: Incineroar|Knock Off|p1a: Dragonite\n|-damage|p1a: Dragonite|53\/100 slp\n|-enditem|p1a: Dragonite|Loaded Dice|[from] move: Knock Off|[of] p2b: Incineroar\n|move|p2a: Amoonguss|Spore|p1b: Archaludon\n|-activate|p1b: Archaludon|move: Protect\n|\n|upkeep\n|turn|8\n|\n|t:|1731738626\n|-curestatus|p1a: Dragonite|slp|[msg]\n|move|p1a: Dragonite|Extreme Speed|p2b: Incineroar\n|-damage|p2b: Incineroar|69\/100\n|move|p1b: Archaludon|Electro Shot||[still]\n|-prepare|p1b: Archaludon|Electro Shot\n|-boost|p1b: Archaludon|spa|1\n|-enditem|p1b: Archaludon|Power Herb\n|-anim|p1b: Archaludon|Electro Shot|p2a: Amoonguss\n|-supereffective|p2a: Amoonguss\n|-damage|p2a: Amoonguss|0 fnt\n|faint|p2a: Amoonguss\n|move|p2b: Incineroar|Knock Off|p1a: Dragonite\n|-damage|p1a: Dragonite|24\/100\n|\n|upkeep\n|turn|9\n|-message|VGCLTH mt forfeited.\n|\n|win|gw_8941\n|raw|gw_8941's rating: 1673 &rarr; <strong>1699<\/strong><br \/>(+26 for winning)\n|raw|VGCLTH mt's rating: 1773 &rarr; <strong>1747<\/strong><br \/>(-26 for losing)\n|l|\u2606VGCLTH mt\n|player|p2|\n|l|\u2606gw_8941\n|player|p1|\n","uploadtime":1731738785,"views":11,"formatid":"gen9vgc2024regh","rating":1699,"private":0,"password":null}