{"id":"gen9vgc2024regh-2244000143","format":"[Gen 9] VGC 2024 Reg H","players":["e8he8hei","VGCLTH John Pork"],"log":"|raw|<div class=\"broadcast-blue\"><strong>This battle is required to be public due to a player having a name starting with 'vgclth'.<\/div>\n|j|\u2606e8he8hei\n|j|\u2606VGCLTH John Pork\n|t:|1731619792\n|gametype|doubles\n|player|p1|e8he8hei|lady-gen4|1756\n|player|p2|VGCLTH John Pork|ogreclan|1774\n|teamsize|p1|6\n|teamsize|p2|6\n|gen|9\n|tier|[Gen 9] VGC 2024 Reg H\n|rated|\n|rule|Species Clause: Limit one of each Pok\u00e9mon\n|rule|Item Clause: Limit 1 of each item\n|clearpoke\n|poke|p1|Tauros-Paldea-Aqua, L50, M|\n|poke|p1|Pelipper, L50, M|\n|poke|p1|Whimsicott, L50, M|\n|poke|p1|Incineroar, L50, F|\n|poke|p1|Sinistcha, L50|\n|poke|p1|Archaludon, L50, F|\n|poke|p2|Whimsicott, L50, M|\n|poke|p2|Typhlosion-Hisui, L50, F|\n|poke|p2|Annihilape, L50, F|\n|poke|p2|Maushold-Four, L50|\n|poke|p2|Farigiraf, L50, F|\n|poke|p2|Ursaluna-Bloodmoon, L50, M|\n|teampreview|4\n|inactive|Battle timer is ON: inactive players will automatically lose when time's up. (requested by e8he8hei)\n|\n|t:|1731619821\n|start\n|switch|p1a: Whimsicott|Whimsicott, L50, M|100\/100\n|switch|p1b: Tauros|Tauros-Paldea-Aqua, L50, M|100\/100\n|switch|p2a: Their kindness is|Whimsicott, L50, M|100\/100\n|switch|p2b: It\u2019s used to|Annihilape, L50, F|100\/100\n|-ability|p1b: Tauros|Intimidate|boost\n|-unboost|p2a: Their kindness is|atk|1\n|-unboost|p2b: It\u2019s used to|atk|1\n|-ability|p2b: It\u2019s used to|Defiant|boost\n|-boost|p2b: It\u2019s used to|atk|2\n|-enditem|p1b: Tauros|Mirror Herb\n|-boost|p1b: Tauros|atk|2|[from] item: Mirror Herb\n|turn|1\n|inactive|e8he8hei has 30 seconds left.\n|inactive|e8he8hei has 20 seconds left.\n|inactive|e8he8hei has 15 seconds left.\n|\n|t:|1731619863\n|-terastallize|p1b: Tauros|Steel\n|move|p1a: Whimsicott|Tailwind|p1a: Whimsicott\n|-sidestart|p1: e8he8hei|move: Tailwind\n|move|p2a: Their kindness is|Sunny Day|p2a: Their kindness is\n|-weather|SunnyDay\n|move|p1b: Tauros|Wave Crash|p2b: It\u2019s used to\n|-damage|p2b: It\u2019s used to|37\/100\n|-damage|p1b: Tauros|75\/100|[from] Recoil\n|move|p2b: It\u2019s used to|Close Combat|p1b: Tauros\n|-supereffective|p1b: Tauros\n|-crit|p1b: Tauros\n|-damage|p1b: Tauros|0 fnt\n|-unboost|p2b: It\u2019s used to|def|1\n|-unboost|p2b: It\u2019s used to|spd|1\n|faint|p1b: Tauros\n|\n|-weather|SunnyDay|[upkeep]\n|upkeep\n|\n|t:|1731619872\n|switch|p1b: Archaludon|Archaludon, L50, F|100\/100\n|turn|2\n|\n|t:|1731619881\n|switch|p2b: Unashamed|Ursaluna-Bloodmoon, L50, M|100\/100\n|move|p2a: Their kindness is|Tailwind|p2a: Their kindness is\n|-sidestart|p2: VGCLTH John Pork|move: Tailwind\n|move|p1a: Whimsicott|Moonblast|p2a: Their kindness is\n|-damage|p2a: Their kindness is|45\/100\n|-unboost|p2a: Their kindness is|spa|1\n|move|p1b: Archaludon|Flash Cannon|p2b: Unashamed\n|-damage|p2b: Unashamed|58\/100\n|\n|-weather|SunnyDay|[upkeep]\n|upkeep\n|turn|3\n|inactive|e8he8hei has 30 seconds left.\n|inactive|VGCLTH John Pork has 30 seconds left.\n|\n|t:|1731619915\n|switch|p2a: It\u2019s used to|Annihilape, L50, F|37\/100\n|move|p1a: Whimsicott|Beat Up|p1b: Archaludon\n|-damage|p1b: Archaludon|99\/100\n|-ability|p1b: Archaludon|Stamina|boost\n|-boost|p1b: Archaludon|def|1\n|-damage|p1b: Archaludon|97\/100\n|-ability|p1b: Archaludon|Stamina|boost\n|-boost|p1b: Archaludon|def|1\n|-damage|p1b: Archaludon|96\/100\n|-ability|p1b: Archaludon|Stamina|boost\n|-boost|p1b: Archaludon|def|1\n|-hitcount|p1b: Archaludon|3\n|move|p1b: Archaludon|Body Press|p2b: Unashamed\n|-supereffective|p2b: Unashamed\n|-damage|p2b: Unashamed|0 fnt\n|faint|p2b: Unashamed\n|\n|-weather|SunnyDay|[upkeep]\n|upkeep\n|\n|t:|1731619922\n|switch|p2b: Charade|Typhlosion-Hisui, L50, F|100\/100\n|-item|p1a: Whimsicott|Focus Sash|[from] ability: Frisk|[of] p2b: Charade\n|-item|p1b: Archaludon|Assault Vest|[from] ability: Frisk|[of] p2b: Charade\n|turn|4\n|\n|t:|1731619933\n|switch|p2b: Their kindness is|Whimsicott, L50, M|45\/100\n|switch|p1b: Pelipper|Pelipper, L50, M|100\/100\n|-weather|RainDance|[from] ability: Drizzle|[of] p1b: Pelipper\n|move|p1a: Whimsicott|Moonblast|p2a: It\u2019s used to\n|-supereffective|p2a: It\u2019s used to\n|-damage|p2a: It\u2019s used to|0 fnt\n|faint|p2a: It\u2019s used to\n|\n|-weather|RainDance|[upkeep]\n|-sideend|p1: e8he8hei|move: Tailwind\n|upkeep\n|\n|t:|1731619936\n|switch|p2a: Charade|Typhlosion-Hisui, L50, F|100\/100\n|-item|p1a: Whimsicott|Focus Sash|[from] ability: Frisk|[of] p2a: Charade\n|-item|p1b: Pelipper|Life Orb|[from] ability: Frisk|[of] p2a: Charade\n|turn|5\n|inactive|e8he8hei has 30 seconds left.\n|\n|t:|1731619962\n|switch|p1b: Archaludon|Archaludon, L50, F|96\/100\n|-terastallize|p2a: Charade|Fire\n|move|p2b: Their kindness is|Moonblast|p1b: Archaludon\n|-damage|p1b: Archaludon|65\/100\n|-unboost|p1b: Archaludon|spa|1\n|-ability|p1b: Archaludon|Stamina|boost\n|-boost|p1b: Archaludon|def|1\n|move|p2a: Charade|Eruption|p1a: Whimsicott|[spread] p1a,p1b\n|-supereffective|p1a: Whimsicott\n|-enditem|p1a: Whimsicott|Focus Sash\n|-damage|p1a: Whimsicott|1\/100\n|-damage|p1b: Archaludon|21\/100\n|-ability|p1b: Archaludon|Stamina|boost\n|-boost|p1b: Archaludon|def|1\n|move|p1a: Whimsicott|Moonblast|p2b: Their kindness is\n|-damage|p2b: Their kindness is|0 fnt\n|faint|p2b: Their kindness is\n|\n|-weather|RainDance|[upkeep]\n|-sideend|p2: VGCLTH John Pork|move: Tailwind\n|upkeep\n|turn|6\n|-message|VGCLTH John Pork forfeited.\n|\n|win|e8he8hei\n|raw|e8he8hei's rating: 1756 &rarr; <strong>1777<\/strong><br \/>(+21 for winning)\n|raw|VGCLTH John Pork's rating: 1774 &rarr; <strong>1753<\/strong><br \/>(-21 for losing)\n|l|\u2606VGCLTH John Pork\n|player|p2|\n|l|\u2606e8he8hei\n|player|p1|\n","uploadtime":1731620132,"views":35,"formatid":"gen9vgc2024regh","rating":1753,"private":0,"password":null}