{"id":"gen9vgc2024regh-2244225742","format":"[Gen 9] VGC 2024 Reg H","players":["VGCLTH mt","The Umpire"],"log":"|raw|<div class=\"broadcast-blue\"><strong>This battle is required to be public due to a player having a name starting with 'vgclth'.<\/div>\n|j|\u2606VGCLTH mt\n|j|\u2606The Umpire\n|t:|1731649290\n|gametype|doubles\n|player|p1|VGCLTH mt|cynthia|1712\n|player|p2|The Umpire|volkner|1760\n|teamsize|p1|6\n|teamsize|p2|6\n|gen|9\n|tier|[Gen 9] VGC 2024 Reg H\n|rated|\n|rule|Species Clause: Limit one of each Pok\u00e9mon\n|rule|Item Clause: Limit 1 of each item\n|clearpoke\n|poke|p1|Ursaluna-Bloodmoon, L50, M|\n|poke|p1|Gholdengo, L50|\n|poke|p1|Dragonite, L50, M|\n|poke|p1|Primarina, L50, F|\n|poke|p1|Incineroar, L50, M|\n|poke|p1|Amoonguss, L50, M|\n|poke|p2|Baxcalibur, L50, F|\n|poke|p2|Dondozo, L50, M|\n|poke|p2|Kingambit, L50, M|\n|poke|p2|Rillaboom, L50, M|\n|poke|p2|Sneasler, L50, M|\n|poke|p2|Volcarona, L50, M|\n|teampreview|4\n|inactive|Battle timer is ON: inactive players will automatically lose when time's up. (requested by VGCLTH mt)\n|inactive|VGCLTH mt has 60 seconds left.\n|inactive|VGCLTH mt has 30 seconds left.\n|inactive|VGCLTH mt has 20 seconds left.\n|inactive|VGCLTH mt has 15 seconds left.\n|\n|t:|1731649367\n|start\n|switch|p1a: Gholdengo|Gholdengo, L50, shiny|100\/100\n|switch|p1b: Dragonite|Dragonite, L50, M, shiny|100\/100\n|switch|p2a: Kingambit|Kingambit, L50, M|100\/100\n|switch|p2b: Sneasler|Sneasler, L50, M|100\/100\n|turn|1\n|\n|t:|1731649380\n|move|p2a: Kingambit|Sucker Punch||[still]\n|-fail|p2a: Kingambit\n|move|p2b: Sneasler|Coaching|p2a: Kingambit\n|-boost|p2a: Kingambit|atk|1\n|-boost|p2a: Kingambit|def|1\n|move|p1a: Gholdengo|Nasty Plot|p1a: Gholdengo\n|-boost|p1a: Gholdengo|spa|2\n|move|p1b: Dragonite|Stomping Tantrum|p2a: Kingambit\n|-supereffective|p2a: Kingambit\n|-damage|p2a: Kingambit|71\/100\n|\n|upkeep\n|turn|2\n|j| mr pogostick\n|\n|t:|1731649398\n|move|p2a: Kingambit|Sucker Punch|p1a: Gholdengo\n|-supereffective|p1a: Gholdengo\n|-enditem|p1a: Gholdengo|Focus Sash\n|-damage|p1a: Gholdengo|1\/100\n|move|p2b: Sneasler|Dire Claw|p1b: Dragonite\n|-damage|p1b: Dragonite|79\/100\n|-status|p1b: Dragonite|slp\n|move|p1a: Gholdengo|Make It Rain|p2b: Sneasler|[spread] p2a,p2b\n|-resisted|p2a: Kingambit\n|-damage|p2a: Kingambit|28\/100\n|-enditem|p2b: Sneasler|Focus Sash\n|-damage|p2b: Sneasler|1\/100\n|-unboost|p1a: Gholdengo|spa|1\n|cant|p1b: Dragonite|slp\n|\n|upkeep\n|turn|3\n|\n|t:|1731649422\n|move|p1a: Gholdengo|Protect|p1a: Gholdengo\n|-singleturn|p1a: Gholdengo|Protect\n|cant|p1b: Dragonite|slp\n|move|p2a: Kingambit|Sucker Punch||[still]\n|-fail|p2a: Kingambit\n|move|p2b: Sneasler|Dire Claw|p1b: Dragonite\n|-damage|p1b: Dragonite|30\/100 slp\n|\n|upkeep\n|turn|4\n|inactive|The Umpire has 30 seconds left.\n|\n|t:|1731649452\n|cant|p1b: Dragonite|slp\n|move|p2a: Kingambit|Sucker Punch||[still]\n|-fail|p2a: Kingambit\n|move|p2b: Sneasler|Dire Claw|p1b: Dragonite\n|-damage|p1b: Dragonite|0 fnt\n|faint|p1b: Dragonite\n|move|p1a: Gholdengo|Nasty Plot|p1a: Gholdengo\n|-boost|p1a: Gholdengo|spa|2\n|\n|upkeep\n|\n|t:|1731649455\n|switch|p1b: Ursaluna|Ursaluna-Bloodmoon, L50, M|100\/100\n|turn|5\n|\n|t:|1731649465\n|move|p1b: Ursaluna|Vacuum Wave|p2a: Kingambit\n|-supereffective|p2a: Kingambit\n|-damage|p2a: Kingambit|0 fnt\n|faint|p2a: Kingambit\n|move|p2b: Sneasler|Close Combat|p1b: Ursaluna\n|-supereffective|p1b: Ursaluna\n|-damage|p1b: Ursaluna|11\/100\n|-unboost|p2b: Sneasler|def|1\n|-unboost|p2b: Sneasler|spd|1\n|move|p1a: Gholdengo|Shadow Ball|p2b: Sneasler\n|-damage|p2b: Sneasler|0 fnt\n|faint|p2b: Sneasler\n|\n|upkeep\n|\n|t:|1731649471\n|switch|p2b: Baxcalibur|Baxcalibur, L50, F|100\/100\n|switch|p2a: Volcarona|Volcarona, L50, M|100\/100\n|turn|6\n|\n|t:|1731649479\n|move|p1a: Gholdengo|Protect|p1a: Gholdengo\n|-singleturn|p1a: Gholdengo|Protect\n|move|p2b: Baxcalibur|Ice Shard|p1a: Gholdengo\n|-activate|p1a: Gholdengo|move: Protect\n|move|p2a: Volcarona|Tera Blast|p1b: Ursaluna\n|-damage|p1b: Ursaluna|0 fnt\n|faint|p1b: Ursaluna\n|\n|upkeep\n|\n|t:|1731649485\n|switch|p1b: Primarina|Primarina, L50, F, shiny|100\/100\n|turn|7\n|inactive|The Umpire has 30 seconds left.\n|\n|t:|1731649513\n|-terastallize|p1b: Primarina|Water\n|-terastallize|p2a: Volcarona|Fairy\n|move|p1a: Gholdengo|Protect||[still]\n|-fail|p1a: Gholdengo\n|move|p2b: Baxcalibur|Ice Shard|p1a: Gholdengo\n|-resisted|p1a: Gholdengo\n|-damage|p1a: Gholdengo|0 fnt\n|faint|p1a: Gholdengo\n|move|p1b: Primarina|Hyper Voice|p2a: Volcarona|[spread] p2a,p2b\n|-resisted|p2b: Baxcalibur\n|-damage|p2a: Volcarona|63\/100\n|-damage|p2b: Baxcalibur|77\/100\n|move|p2a: Volcarona|Quiver Dance|p2a: Volcarona\n|-boost|p2a: Volcarona|spa|1\n|-boost|p2a: Volcarona|spd|1\n|-boost|p2a: Volcarona|spe|1\n|\n|upkeep\n|turn|8\n|-message|VGCLTH mt forfeited.\n|\n|win|The Umpire\n|raw|VGCLTH mt's rating: 1712 &rarr; <strong>1695<\/strong><br \/>(-17 for losing)\n|raw|The Umpire's rating: 1760 &rarr; <strong>1777<\/strong><br \/>(+17 for winning)\n|l|\u2606VGCLTH mt\n|player|p1|\n|l| mr pogostick\n|l|\u2606The Umpire\n|player|p2|\n","uploadtime":1731649726,"views":19,"formatid":"gen9vgc2024regh","rating":1695,"private":0,"password":null}