{"id":"gen9vgc2024regh-2244156166","format":"[Gen 9] VGC 2024 Reg H","players":["VGCLTH TnB","CIEL senior"],"log":"|raw|<div class=\"broadcast-blue\"><strong>This battle is required to be public due to a player having a name starting with 'vgclth'.<\/div>\n|j|\u2606VGCLTH TnB\n|j|\u2606CIEL senior\n|t:|1731638707\n|gametype|doubles\n|player|p1|VGCLTH TnB|roxanne-masters|1687\n|player|p2|CIEL senior|1|1740\n|teamsize|p1|6\n|teamsize|p2|6\n|gen|9\n|tier|[Gen 9] VGC 2024 Reg H\n|rated|\n|rule|Species Clause: Limit one of each Pok\u00e9mon\n|rule|Item Clause: Limit 1 of each item\n|clearpoke\n|poke|p1|Klefki, L50, M|\n|poke|p1|Annihilape, L50, M|\n|poke|p1|Archaludon, L50, M|\n|poke|p1|Maushold, L50|\n|poke|p1|Sinistcha, L50|\n|poke|p1|Pelipper, L50, M|\n|poke|p2|Grimmsnarl, L50, M|\n|poke|p2|Ursaluna-Bloodmoon, L50, M|\n|poke|p2|Gholdengo, L50|\n|poke|p2|Incineroar, L50, F|\n|poke|p2|Annihilape, L50, M|\n|poke|p2|Rillaboom, L50, M|\n|teampreview|4\n|inactive|Battle timer is ON: inactive players will automatically lose when time's up. (requested by VGCLTH TnB)\nVGCLTH TnB has agreed to open team sheets.\n|\n|t:|1731638735\n|start\n|switch|p1a: Maushold|Maushold, L50|100\/100\n|switch|p1b: Annihilape|Annihilape, L50, M|100\/100\n|switch|p2a: Grimmsnarl|Grimmsnarl, L50, M|100\/100\n|switch|p2b: Ursaluna|Ursaluna-Bloodmoon, L50, M|100\/100\n|turn|1\n|\n|t:|1731638758\n|move|p2a: Grimmsnarl|Reflect|p2a: Grimmsnarl\n|-sidestart|p2: CIEL senior|Reflect\n|move|p1a: Maushold|Taunt|p2a: Grimmsnarl\n|-start|p2a: Grimmsnarl|move: Taunt\n|move|p1b: Annihilape|Bulk Up|p1b: Annihilape\n|-boost|p1b: Annihilape|atk|1\n|-boost|p1b: Annihilape|def|1\n|move|p2b: Ursaluna|Calm Mind|p2b: Ursaluna\n|-boost|p2b: Ursaluna|spa|1\n|-boost|p2b: Ursaluna|spd|1\n|\n|upkeep\n|turn|2\n|inactive|VGCLTH TnB has 30 seconds left.\n|inactive|VGCLTH TnB has 20 seconds left.\n|\n|t:|1731638796\n|-terastallize|p2b: Ursaluna|Water\n|move|p1a: Maushold|Beat Up|p1b: Annihilape\n|-damage|p1b: Annihilape|99\/100\n|-damage|p1b: Annihilape|97\/100\n|-damage|p1b: Annihilape|96\/100\n|-damage|p1b: Annihilape|95\/100\n|-hitcount|p1b: Annihilape|4\n|move|p1b: Annihilape|Drain Punch|p2b: Ursaluna\n|-damage|p2b: Ursaluna|74\/100\n|-heal|p1b: Annihilape|100\/100|[from] drain|[of] p2b: Ursaluna\n|move|p2a: Grimmsnarl|Spirit Break|p1a: Maushold\n|-damage|p1a: Maushold|72\/100\n|move|p2b: Ursaluna|Hyper Voice|p1a: Maushold|[spread] p1a,p1b\n|-damage|p1a: Maushold|14\/100\n|-damage|p1b: Annihilape|69\/100\n|\n|-heal|p1b: Annihilape|75\/100|[from] item: Leftovers\n|-heal|p2b: Ursaluna|80\/100|[from] item: Leftovers\n|upkeep\n|turn|3\n|\n|t:|1731638818\n|switch|p1a: Sinistcha|Sinistcha, L50|100\/100\n|-heal|p1b: Annihilape|99\/100|[from] ability: Hospitality|[of] p1a: Sinistcha\n|switch|p2a: Gholdengo|Gholdengo, L50|100\/100\n|move|p2b: Ursaluna|Protect|p2b: Ursaluna\n|-singleturn|p2b: Ursaluna|Protect\n|move|p1b: Annihilape|Rage Fist|p2b: Ursaluna\n|-activate|p2b: Ursaluna|move: Protect\n|\n|-heal|p1b: Annihilape|100\/100|[from] item: Leftovers\n|-heal|p2b: Ursaluna|86\/100|[from] item: Leftovers\n|upkeep\n|turn|4\n|\n|t:|1731638838\n|switch|p1a: Maushold|Maushold, L50|14\/100\n|move|p2a: Gholdengo|Shadow Ball|p1a: Maushold\n|-immune|p1a: Maushold\n|move|p1b: Annihilape|Rage Fist|p2b: Ursaluna\n|-damage|p2b: Ursaluna|0 fnt\n|faint|p2b: Ursaluna\n|\n|upkeep\n|\n|t:|1731638858\n|switch|p2b: Grimmsnarl|Grimmsnarl, L50, M|100\/100\n|turn|5\n|\n|t:|1731638874\n|move|p1a: Maushold|Follow Me|p1a: Maushold\n|-singleturn|p1a: Maushold|move: Follow Me\n|move|p2b: Grimmsnarl|Thunder Wave|p1a: Maushold|[miss]\n|-miss|p2b: Grimmsnarl|p1a: Maushold\n|move|p2a: Gholdengo|Nasty Plot|p2a: Gholdengo\n|-boost|p2a: Gholdengo|spa|2\n|move|p1b: Annihilape|Rage Fist|p2a: Gholdengo\n|-supereffective|p2a: Gholdengo\n|-enditem|p2a: Gholdengo|Focus Sash\n|-damage|p2a: Gholdengo|1\/100\n|\n|upkeep\n|turn|6\n|j| GooglePay\n|\n|t:|1731638890\n|move|p1b: Annihilape|Protect|p1b: Annihilape\n|-singleturn|p1b: Annihilape|Protect\n|move|p2a: Gholdengo|Make It Rain|p1a: Maushold|[spread] p1a\n|-activate|p1b: Annihilape|move: Protect\n|-damage|p1a: Maushold|0 fnt\n|-unboost|p2a: Gholdengo|spa|1\n|faint|p1a: Maushold\n|move|p2b: Grimmsnarl|Spirit Break|p1b: Annihilape\n|-activate|p1b: Annihilape|move: Protect\n|\n|upkeep\n|\n|t:|1731638898\n|switch|p1a: Klefki|Klefki, L50, M|100\/100\n|turn|7\n|inactive|VGCLTH TnB has 30 seconds left.\n|\n|t:|1731638924\n|-terastallize|p1b: Annihilape|Fire\n|move|p1a: Klefki|Misty Terrain|p1a: Klefki\n|-fieldstart|move: Misty Terrain\n|move|p2b: Grimmsnarl|Thunder Wave|p1b: Annihilape|[miss]\n|-miss|p2b: Grimmsnarl|p1b: Annihilape\n|move|p2a: Gholdengo|Shadow Ball|p1b: Annihilape\n|-damage|p1b: Annihilape|50\/100\n|move|p1b: Annihilape|Rage Fist|p2a: Gholdengo\n|-supereffective|p2a: Gholdengo\n|-damage|p2a: Gholdengo|0 fnt\n|faint|p2a: Gholdengo\n|\n|-heal|p1b: Annihilape|56\/100|[from] item: Leftovers\n|upkeep\n|\n|t:|1731638935\n|switch|p2a: Annihilape|Annihilape, L50, M|100\/100\n|turn|8\n|\n|t:|1731638943\n|move|p1a: Klefki|Reflect|p1a: Klefki\n|-sidestart|p1: VGCLTH TnB|Reflect\n|move|p2a: Annihilape|Bulk Up|p2a: Annihilape\n|-boost|p2a: Annihilape|atk|1\n|-boost|p2a: Annihilape|def|1\n|move|p1b: Annihilape|Rage Fist|p2a: Annihilape\n|-supereffective|p2a: Annihilape\n|-damage|p2a: Annihilape|0 fnt\n|faint|p2a: Annihilape\n|move|p2b: Grimmsnarl|Spirit Break|p1a: Klefki\n|-resisted|p1a: Klefki\n|-damage|p1a: Klefki|91\/100\n|-unboost|p1a: Klefki|spa|1\n|\n|-heal|p1b: Annihilape|63\/100|[from] item: Leftovers\n|-sideend|p2: CIEL senior|Reflect\n|upkeep\n|turn|9\n|-message|CIEL senior forfeited.\n|\n|win|VGCLTH TnB\n|raw|VGCLTH TnB's rating: 1687 &rarr; <strong>1710<\/strong><br \/>(+23 for winning)\n|raw|CIEL senior's rating: 1740 &rarr; <strong>1717<\/strong><br \/>(-23 for losing)\n|l|\u2606CIEL senior\n|player|p2|\n|l|\u2606VGCLTH TnB\n|player|p1|\n","uploadtime":1731639117,"views":65,"formatid":"gen9vgc2024regh","rating":1710,"private":0,"password":null}