{"id":"gen9vgc2024regh-2244127080","format":"[Gen 9] VGC 2024 Reg H","players":["actuary97","VGCLTH fangame10"],"log":"|j|\u2606actuary97\n|j|\u2606VGCLTH fangame10\n|t:|1731634949\n|gametype|doubles\n|player|p1|actuary97|sabrina-frlg|1831\n|player|p2|VGCLTH fangame10|red|1781\n|teamsize|p1|6\n|teamsize|p2|6\n|gen|9\n|tier|[Gen 9] VGC 2024 Reg H\n|rated|\n|rule|Species Clause: Limit one of each Pok\u00e9mon\n|rule|Item Clause: Limit 1 of each item\n|clearpoke\n|poke|p1|Whimsicott, L50, F|\n|poke|p1|Gallade, L50, M|\n|poke|p1|Archaludon, L50, F|\n|poke|p1|Malamar, L50, F|\n|poke|p1|Indeedee, L50, M|\n|poke|p1|Drifblim, L50, M|\n|poke|p2|Glaceon, L50, F|\n|poke|p2|Ninetales-Alola, L50, F|\n|poke|p2|Milotic, L50, M|\n|poke|p2|Skeledirge, L50, M|\n|poke|p2|Ursaluna-Bloodmoon, L50, M|\n|poke|p2|Annihilape, L50, F|\n|teampreview|4\n|inactive|Battle timer is ON: inactive players will automatically lose when time's up. (requested by VGCLTH fangame10)\nactuary97 has agreed to open team sheets.\nVGCLTH fangame10 rejected open team sheets.\n|inactive|VGCLTH fangame10 has 60 seconds left.\n|inactive|VGCLTH fangame10 has 30 seconds left.\n|\n|t:|1731635010\n|start\n|switch|p1a: Mischief Mother|Whimsicott, L50, F, shiny|100\/100\n|switch|p1b: Tapu Deedee|Indeedee, L50, M, shiny|100\/100\n|switch|p2a: Ninetales|Ninetales-Alola, L50, F, shiny|100\/100\n|switch|p2b: Milotic|Milotic, L50, M, shiny|100\/100\n|-weather|Snow|[from] ability: Snow Warning|[of] p2a: Ninetales\n|-fieldstart|move: Psychic Terrain|[from] ability: Psychic Surge|[of] p1b: Tapu Deedee\n|turn|1\n|\n|t:|1731635021\n|move|p2a: Ninetales|Protect|p2a: Ninetales\n|-singleturn|p2a: Ninetales|Protect\n|move|p1a: Mischief Mother|Tailwind|p1a: Mischief Mother\n|-sidestart|p1: actuary97|move: Tailwind\n|move|p1b: Tapu Deedee|Expanding Force|p2a: Ninetales|[spread] p2b\n|-activate|p2a: Ninetales|move: Protect\n|-damage|p2b: Milotic|42\/100\n|-enditem|p2b: Milotic|Sitrus Berry|[eat]\n|-heal|p2b: Milotic|67\/100|[from] item: Sitrus Berry\n|move|p2b: Milotic|Hypnosis|p1b: Tapu Deedee\n|-status|p1b: Tapu Deedee|slp|[from] move: Hypnosis\n|\n|-weather|Snow|[upkeep]\n|upkeep\n|turn|2\n|\n|t:|1731635030\n|move|p1a: Mischief Mother|Moonblast|p2a: Ninetales\n|-damage|p2a: Ninetales|63\/100\n|cant|p1b: Tapu Deedee|slp\n|move|p2a: Ninetales|Aurora Veil|p2a: Ninetales\n|-sidestart|p2: VGCLTH fangame10|move: Aurora Veil\n|move|p2b: Milotic|Coil|p2b: Milotic\n|-boost|p2b: Milotic|atk|1\n|-boost|p2b: Milotic|def|1\n|-boost|p2b: Milotic|accuracy|1\n|\n|-weather|Snow|[upkeep]\n|upkeep\n|turn|3\n|\n|t:|1731635040\n|move|p1a: Mischief Mother|Encore|p2b: Milotic\n|-activate|p2b: Milotic|move: Psychic Terrain\n|cant|p1b: Tapu Deedee|slp\n|move|p2a: Ninetales|Blizzard|p1b: Tapu Deedee|[spread] p1a,p1b\n|-supereffective|p1a: Mischief Mother\n|-enditem|p1a: Mischief Mother|Focus Sash\n|-damage|p1a: Mischief Mother|1\/100\n|-damage|p1b: Tapu Deedee|61\/100 slp\n|move|p2b: Milotic|Muddy Water|p1b: Tapu Deedee|[spread] p1a,p1b\n|-resisted|p1a: Mischief Mother\n|-damage|p1a: Mischief Mother|0 fnt\n|-damage|p1b: Tapu Deedee|31\/100 slp\n|faint|p1a: Mischief Mother\n|\n|-weather|Snow|[upkeep]\n|upkeep\n|\n|t:|1731635045\n|switch|p1a: \u2694\ufe0fKing\u2694\ufe0f|Gallade, L50, M, shiny|100\/100\n|turn|4\n|\n|t:|1731635055\n|-terastallize|p1a: \u2694\ufe0fKing\u2694\ufe0f|Grass\n|cant|p1b: Tapu Deedee|slp\n|move|p1a: \u2694\ufe0fKing\u2694\ufe0f|Leaf Blade|p2b: Milotic\n|-supereffective|p2b: Milotic\n|-damage|p2b: Milotic|0 fnt\n|faint|p2b: Milotic\n|move|p2a: Ninetales|Blizzard|p1a: \u2694\ufe0fKing\u2694\ufe0f|[spread] p1a,p1b\n|-supereffective|p1a: \u2694\ufe0fKing\u2694\ufe0f\n|-damage|p1a: \u2694\ufe0fKing\u2694\ufe0f|36\/100\n|-damage|p1b: Tapu Deedee|0 fnt\n|faint|p1b: Tapu Deedee\n|\n|-weather|Snow|[upkeep]\n|-sideend|p1: actuary97|move: Tailwind\n|upkeep\n|\n|t:|1731635059\n|switch|p1b: Malamother|Malamar, L50, F|100\/100\n|switch|p2b: Glaceon|Glaceon, L50, F, shiny|100\/100\n|turn|5\n|\n|t:|1731635066\n|move|p1a: \u2694\ufe0fKing\u2694\ufe0f|Protect|p1a: \u2694\ufe0fKing\u2694\ufe0f\n|-singleturn|p1a: \u2694\ufe0fKing\u2694\ufe0f|Protect\n|move|p2a: Ninetales|Blizzard|p1b: Malamother|[spread] p1b\n|-activate|p1a: \u2694\ufe0fKing\u2694\ufe0f|move: Protect\n|-damage|p1b: Malamother|69\/100\n|move|p1b: Malamother|Superpower|p2b: Glaceon\n|-supereffective|p2b: Glaceon\n|-damage|p2b: Glaceon|75\/100\n|-boost|p1b: Malamother|atk|1\n|-boost|p1b: Malamother|def|1\n|move|p2b: Glaceon|Freeze-Dry|p1a: \u2694\ufe0fKing\u2694\ufe0f\n|-activate|p1a: \u2694\ufe0fKing\u2694\ufe0f|move: Protect\n|\n|-weather|none\n|-fieldend|move: Psychic Terrain\n|upkeep\n|turn|6\n|\n|t:|1731635074\n|switch|p2a: Ursaluna|Ursaluna-Bloodmoon, L50, M|100\/100\n|-terastallize|p2b: Glaceon|Fire\n|move|p1a: \u2694\ufe0fKing\u2694\ufe0f|Sacred Sword|p2b: Glaceon\n|-damage|p2b: Glaceon|24\/100\n|move|p1b: Malamother|Superpower|p2b: Glaceon\n|-damage|p2b: Glaceon|0 fnt\n|-boost|p1b: Malamother|atk|1\n|-boost|p1b: Malamother|def|1\n|faint|p2b: Glaceon\n|\n|-sideend|p2: VGCLTH fangame10|move: Aurora Veil\n|upkeep\n|\n|t:|1731635077\n|switch|p2b: Ninetales|Ninetales-Alola, L50, F, shiny|63\/100\n|-weather|Snow|[from] ability: Snow Warning|[of] p2b: Ninetales\n|turn|7\n|\n|t:|1731635090\n|move|p1a: \u2694\ufe0fKing\u2694\ufe0f|Protect|p1a: \u2694\ufe0fKing\u2694\ufe0f\n|-singleturn|p1a: \u2694\ufe0fKing\u2694\ufe0f|Protect\n|move|p2a: Ursaluna|Vacuum Wave|p1b: Malamother\n|-damage|p1b: Malamother|54\/100\n|move|p2b: Ninetales|Blizzard|p1a: \u2694\ufe0fKing\u2694\ufe0f|[spread] p1b\n|-activate|p1a: \u2694\ufe0fKing\u2694\ufe0f|move: Protect\n|-damage|p1b: Malamother|25\/100\n|-enditem|p1b: Malamother|Sitrus Berry|[eat]\n|-heal|p1b: Malamother|50\/100|[from] item: Sitrus Berry\n|move|p1b: Malamother|Superpower|p2b: Ninetales\n|-damage|p2b: Ninetales|2\/100\n|-boost|p1b: Malamother|atk|1\n|-boost|p1b: Malamother|def|1\n|\n|-weather|Snow|[upkeep]\n|upkeep\n|turn|8\n|j| VGCLTH NOTREALVGC\n|l| VGCLTH NOTREALVGC\n|\n|t:|1731635100\n|move|p2b: Ninetales|Blizzard|p1b: Malamother|[spread] p1a,p1b\n|-supereffective|p1a: \u2694\ufe0fKing\u2694\ufe0f\n|-damage|p1a: \u2694\ufe0fKing\u2694\ufe0f|0 fnt\n|-damage|p1b: Malamother|20\/100\n|faint|p1a: \u2694\ufe0fKing\u2694\ufe0f\n|move|p1b: Malamother|Superpower|p2a: Ursaluna\n|-supereffective|p2a: Ursaluna\n|-damage|p2a: Ursaluna|0 fnt\n|-boost|p1b: Malamother|atk|1\n|-boost|p1b: Malamother|def|1\n|faint|p2a: Ursaluna\n|\n|-weather|Snow|[upkeep]\n|upkeep\n|turn|9\n|\n|t:|1731635105\n|move|p2b: Ninetales|Blizzard|p1b: Malamother\n|-crit|p1b: Malamother\n|-damage|p1b: Malamother|0 fnt\n|faint|p1b: Malamother\n|\n|win|VGCLTH fangame10\n|raw|actuary97's rating: 1831 &rarr; <strong>1807<\/strong><br \/>(-24 for losing)\n|raw|VGCLTH fangame10's rating: 1752 &rarr; <strong>1776<\/strong><br \/>(+24 for winning)\n|l|\u2606VGCLTH fangame10\n|player|p2|\n","uploadtime":1731635366,"views":44,"formatid":"gen9vgc2024regh","rating":1776,"private":0,"password":null}