{"id":"gen9vgc2024regh-2244238000","format":"[Gen 9] VGC 2024 Reg H","players":["Djjwjwwjj","VGCLTH fangame10"],"log":"|raw|<div class=\"broadcast-blue\"><strong>This battle is required to be public due to a player having a name starting with 'vgclth'.<\/div>\n|j|\u2606Djjwjwwjj\n|j|\u2606VGCLTH fangame10\n|t:|1731651645\n|gametype|doubles\n|player|p1|Djjwjwwjj|265|1723\n|player|p2|VGCLTH fangame10|red|1792\n|teamsize|p1|6\n|teamsize|p2|6\n|gen|9\n|tier|[Gen 9] VGC 2024 Reg H\n|rated|\n|rule|Species Clause: Limit one of each Pok\u00e9mon\n|rule|Item Clause: Limit 1 of each item\n|clearpoke\n|poke|p1|Incineroar, L50, M|\n|poke|p1|Palafin, L50, M|\n|poke|p1|Rillaboom, L50, F|\n|poke|p1|Pelipper, L50, F|\n|poke|p1|Amoonguss, L50, F|\n|poke|p1|Gholdengo, L50|\n|poke|p2|Glaceon, L50, F|\n|poke|p2|Ninetales-Alola, L50, F|\n|poke|p2|Milotic, L50, M|\n|poke|p2|Skeledirge, L50, M|\n|poke|p2|Ursaluna-Bloodmoon, L50, M|\n|poke|p2|Annihilape, L50, M|\n|teampreview|4\n|inactive|Battle timer is ON: inactive players will automatically lose when time's up. (requested by VGCLTH fangame10)\n|inactive|Djjwjwwjj also wants the timer to be on.\n|\n|t:|1731651667\n|start\n|switch|p1a: Palafin|Palafin, L50, M|100\/100\n|switch|p1b: Gholdengo|Gholdengo, L50|100\/100\n|switch|p2a: Ninetales|Ninetales-Alola, L50, F, shiny|100\/100\n|switch|p2b: Annihilape|Annihilape, L50, M, shiny|100\/100\n|-weather|Snow|[from] ability: Snow Warning|[of] p2a: Ninetales\n|turn|1\n|\n|t:|1731651689\n|detailschange|p1a: Palafin|Palafin-Hero, L50, M\n|switch|p1a: Pelipper|Pelipper, L50, F|100\/100\n|-weather|RainDance|[from] ability: Drizzle|[of] p1a: Pelipper\n|move|p2a: Ninetales|Icicle Spear|p2b: Annihilape\n|-damage|p2b: Annihilape|95\/100\n|-crit|p2b: Annihilape\n|-damage|p2b: Annihilape|86\/100\n|-damage|p2b: Annihilape|80\/100\n|-damage|p2b: Annihilape|73\/100\n|-crit|p2b: Annihilape\n|-damage|p2b: Annihilape|65\/100\n|-hitcount|p2b: Annihilape|5\n|move|p2b: Annihilape|Rage Fist|p1b: Gholdengo\n|-supereffective|p1b: Gholdengo\n|-damage|p1b: Gholdengo|0 fnt\n|faint|p1b: Gholdengo\n|\n|-weather|RainDance|[upkeep]\n|-heal|p2b: Annihilape|71\/100|[from] item: Leftovers\n|upkeep\n|j| VGCLTH TnB\n|j| AlabamaChristian\n|\n|t:|1731651710\n|switch|p1b: Palafin|Palafin-Hero, L50, M|100\/100\n|-activate|p1b: Palafin|ability: Zero to Hero\n|turn|2\n|inactive|Djjwjwwjj has 30 seconds left.\n|inactive|VGCLTH fangame10 has 30 seconds left.\n|\n|t:|1731651742\n|switch|p2a: Glaceon|Glaceon, L50, F, shiny|100\/100\n|-terastallize|p1b: Palafin|Water\n|move|p1a: Pelipper|Hurricane|p2a: Glaceon\n|-damage|p2a: Glaceon|55\/100\n|move|p1b: Palafin|Wave Crash|p2b: Annihilape\n|-damage|p2b: Annihilape|0 fnt\n|faint|p2b: Annihilape\n|-damage|p1b: Palafin|73\/100|[from] Recoil\n|\n|-weather|RainDance|[upkeep]\n|upkeep\n|\n|t:|1731651748\n|switch|p2b: Ninetales|Ninetales-Alola, L50, F, shiny|100\/100\n|-weather|Snow|[from] ability: Snow Warning|[of] p2b: Ninetales\n|turn|3\n|j| VGCLTH NOTREALVGC\n|\n|t:|1731651768\n|switch|p2a: Milotic|Milotic, L50, M, shiny|100\/100\n|move|p1a: Pelipper|Hurricane|p2b: Ninetales\n|-damage|p2b: Ninetales|51\/100\n|move|p2b: Ninetales|Aurora Veil|p2b: Ninetales\n|-sidestart|p2: VGCLTH fangame10|move: Aurora Veil\n|move|p1b: Palafin|Wave Crash|p2a: Milotic\n|-resisted|p2a: Milotic\n|-damage|p2a: Milotic|47\/100\n|-enditem|p2a: Milotic|Sitrus Berry|[eat]\n|-heal|p2a: Milotic|72\/100|[from] item: Sitrus Berry\n|-damage|p1b: Palafin|55\/100|[from] Recoil\n|\n|-weather|Snow|[upkeep]\n|upkeep\n|turn|4\n|c| VGCLTH TnB|half through veil is crazy\n|\n|t:|1731651789\n|switch|p1b: Rillaboom|Rillaboom, L50, F|100\/100\n|-fieldstart|move: Grassy Terrain|[from] ability: Grassy Surge|[of] p1b: Rillaboom\n|move|p2b: Ninetales|Protect|p2b: Ninetales\n|-singleturn|p2b: Ninetales|Protect\n|move|p1a: Pelipper|Hurricane|p2a: Milotic|[miss]\n|-miss|p1a: Pelipper|p2a: Milotic\n|move|p2a: Milotic|Hypnosis|p1b: Rillaboom|[miss]\n|-miss|p2a: Milotic|p1b: Rillaboom\n|\n|-weather|Snow|[upkeep]\n|-heal|p2b: Ninetales|57\/100|[from] Grassy Terrain\n|-heal|p2a: Milotic|78\/100|[from] Grassy Terrain\n|upkeep\n|turn|5\n|\n|t:|1731651812\n|move|p1a: Pelipper|Hurricane|p2b: Ninetales|[miss]\n|-miss|p1a: Pelipper|p2b: Ninetales\n|move|p2b: Ninetales|Blizzard|p1b: Rillaboom|[spread] p1a,p1b\n|-supereffective|p1b: Rillaboom\n|-damage|p1a: Pelipper|47\/100\n|-damage|p1b: Rillaboom|57\/100\n|-status|p1b: Rillaboom|frz\n|move|p2a: Milotic|Hypnosis||[still]\n|-fail|p2a: Milotic\n|cant|p1b: Rillaboom|frz\n|\n|-weather|Snow|[upkeep]\n|-heal|p2b: Ninetales|63\/100|[from] Grassy Terrain\n|-heal|p2a: Milotic|84\/100|[from] Grassy Terrain\n|-heal|p1b: Rillaboom|63\/100 frz|[from] Grassy Terrain\n|upkeep\n|turn|6\n|\n|t:|1731651832\n|switch|p1a: Palafin|Palafin-Hero, L50, M, tera:Water|55\/100\n|move|p2b: Ninetales|Blizzard|p1a: Palafin|[spread] p1a,p1b\n|-resisted|p1a: Palafin\n|-supereffective|p1b: Rillaboom\n|-damage|p1a: Palafin|38\/100\n|-damage|p1b: Rillaboom|27\/100 frz\n|move|p2a: Milotic|Coil|p2a: Milotic\n|-boost|p2a: Milotic|atk|1\n|-boost|p2a: Milotic|def|1\n|-boost|p2a: Milotic|accuracy|1\n|-curestatus|p1b: Rillaboom|frz|[msg]\n|move|p1b: Rillaboom|Wood Hammer|p2a: Milotic\n|-supereffective|p2a: Milotic\n|-damage|p2a: Milotic|0 fnt\n|faint|p2a: Milotic\n|-damage|p1b: Rillaboom|1\/100|[from] Recoil\n|\n|-weather|Snow|[upkeep]\n|-heal|p2b: Ninetales|68\/100|[from] Grassy Terrain\n|-heal|p1a: Palafin|44\/100|[from] Grassy Terrain\n|-heal|p1b: Rillaboom|7\/100|[from] Grassy Terrain\n|upkeep\n|\n|t:|1731651838\n|switch|p2a: Glaceon|Glaceon, L50, F, shiny|55\/100\n|turn|7\n|\n|t:|1731651858\n|switch|p1b: Pelipper|Pelipper, L50, F|47\/100\n|-weather|RainDance|[from] ability: Drizzle|[of] p1b: Pelipper\n|move|p1a: Palafin|Jet Punch|p2a: Glaceon\n|-crit|p2a: Glaceon\n|-damage|p2a: Glaceon|0 fnt\n|faint|p2a: Glaceon\n|move|p2b: Ninetales|Blizzard|p1a: Palafin|[spread] p1b\n|-miss|p2b: Ninetales|p1a: Palafin\n|-damage|p1b: Pelipper|0 fnt\n|faint|p1b: Pelipper\n|\n|-weather|RainDance|[upkeep]\n|-heal|p2b: Ninetales|74\/100|[from] Grassy Terrain\n|-heal|p1a: Palafin|50\/100|[from] Grassy Terrain\n|-sideend|p2: VGCLTH fangame10|move: Aurora Veil\n|upkeep\n|-message|VGCLTH fangame10 forfeited.\n|\n|win|Djjwjwwjj\n|raw|Djjwjwwjj's rating: 1723 &rarr; <strong>1747<\/strong><br \/>(+24 for winning)\n|raw|VGCLTH fangame10's rating: 1792 &rarr; <strong>1768<\/strong><br \/>(-24 for losing)\n|l|\u2606VGCLTH fangame10\n|player|p2|\n|l| VGCLTH TnB\n|l|\u2606Djjwjwwjj\n|player|p1|\n","uploadtime":1731652074,"views":27,"formatid":"gen9vgc2024regh","rating":1747,"private":0,"password":null}