{"id":"gen9vgc2024regh-2244512845","format":"[Gen 9] VGC 2024 Reg H","players":["shidorin","VGCLTH John Pork"],"log":"|raw|<div class=\"broadcast-blue\"><strong>This battle is required to be public due to a player having a name starting with 'vgclth'.<\/div>\n|j|\u2606shidorin\n|j|\u2606VGCLTH John Pork\n|t:|1731690946\n|gametype|doubles\n|player|p1|shidorin|hilda-wonderlauncher|1686\n|player|p2|VGCLTH John Pork|ogreclan|1707\n|teamsize|p1|6\n|teamsize|p2|6\n|gen|9\n|tier|[Gen 9] VGC 2024 Reg H\n|rated|\n|rule|Species Clause: Limit one of each Pok\u00e9mon\n|rule|Item Clause: Limit 1 of each item\n|clearpoke\n|poke|p1|Archaludon, L50, M|\n|poke|p1|Pelipper, L50, M|\n|poke|p1|Incineroar, L50, M|\n|poke|p1|Sinistcha, L50|\n|poke|p1|Garchomp, L50, F|\n|poke|p1|Weezing-Galar, L50, F|\n|poke|p2|Whimsicott, L50, F|\n|poke|p2|Typhlosion-Hisui, L50, F|\n|poke|p2|Annihilape, L50, F|\n|poke|p2|Maushold-Four, L50|\n|poke|p2|Farigiraf, L50, M|\n|poke|p2|Ursaluna-Bloodmoon, L50, M|\n|teampreview|4\n|inactive|Battle timer is ON: inactive players will automatically lose when time's up. (requested by VGCLTH John Pork)\n|inactive|VGCLTH John Pork has 60 seconds left.\n|inactive|shidorin has 60 seconds left.\n|\n|t:|1731691001\n|start\n|switch|p1a: Garchomp|Garchomp, L50, F|100\/100\n|switch|p1b: Weezing|Weezing-Galar, L50, F|100\/100\n|switch|p2a: Their kindness is|Whimsicott, L50, F|100\/100\n|switch|p2b: It\u2019s used to|Annihilape, L50, F|100\/100\n|turn|1\n|\n|t:|1731691011\n|move|p2a: Their kindness is|Beat Up|p2b: It\u2019s used to\n|-damage|p2b: It\u2019s used to|98\/100\n|-damage|p2b: It\u2019s used to|96\/100\n|-damage|p2b: It\u2019s used to|93\/100\n|-damage|p2b: It\u2019s used to|90\/100\n|-hitcount|p2b: It\u2019s used to|4\n|move|p1a: Garchomp|Earthquake|p2b: It\u2019s used to|[spread] p2a,p2b\n|-immune|p1b: Weezing|[from] ability: Levitate\n|-resisted|p2a: Their kindness is\n|-damage|p2a: Their kindness is|60\/100\n|-damage|p2b: It\u2019s used to|18\/100\n|move|p2b: It\u2019s used to|Rage Fist|p1b: Weezing\n|-enditem|p1b: Weezing|Focus Sash\n|-damage|p1b: Weezing|1\/100\n|move|p1b: Weezing|Dazzling Gleam|p2a: Their kindness is|[spread] p2a,p2b\n|-supereffective|p2b: It\u2019s used to\n|-damage|p2a: Their kindness is|18\/100\n|-damage|p2b: It\u2019s used to|0 fnt\n|faint|p2b: It\u2019s used to\n|\n|upkeep\n|inactive|VGCLTH John Pork has 30 seconds left.\n|inactive|VGCLTH John Pork has 20 seconds left.\n|\n|t:|1731691048\n|switch|p2b: Unashamed|Ursaluna-Bloodmoon, L50, M|100\/100\n|turn|2\n|j| pcord cypher\n|\n|t:|1731691064\n|switch|p1a: Archaludon|Archaludon, L50, M|100\/100\n|-terastallize|p2b: Unashamed|Normal\n|move|p2a: Their kindness is|Tailwind|p2a: Their kindness is\n|-sidestart|p2: VGCLTH John Pork|move: Tailwind\n|move|p2b: Unashamed|Blood Moon|p1a: Archaludon\n|-resisted|p1a: Archaludon\n|-damage|p1a: Archaludon|52\/100\n|-ability|p1a: Archaludon|Stamina|boost\n|-boost|p1a: Archaludon|def|1\n|-damage|p2b: Unashamed|91\/100|[from] item: Life Orb\n|move|p1b: Weezing|Taunt|p2a: Their kindness is\n|-start|p2a: Their kindness is|move: Taunt\n|\n|upkeep\n|turn|3\n|inactive|shidorin has 30 seconds left.\n|\n|t:|1731691098\n|switch|p1b: Sinistcha|Sinistcha, L50|100\/100\n|-heal|p1a: Archaludon|77\/100|[from] ability: Hospitality|[of] p1b: Sinistcha\n|-terastallize|p1a: Archaludon|Fairy\n|move|p2a: Their kindness is|Moonblast|p1b: Sinistcha\n|-damage|p1b: Sinistcha|68\/100\n|move|p2b: Unashamed|Earth Power|p1a: Archaludon\n|-damage|p1a: Archaludon|33\/100\n|-ability|p1a: Archaludon|Stamina|boost\n|-boost|p1a: Archaludon|def|1\n|-damage|p2b: Unashamed|81\/100|[from] item: Life Orb\n|move|p1a: Archaludon|Flash Cannon|p2a: Their kindness is\n|-supereffective|p2a: Their kindness is\n|-damage|p2a: Their kindness is|0 fnt\n|faint|p2a: Their kindness is\n|\n|upkeep\n|\n|t:|1731691110\n|switch|p2a: Sedate|Maushold-Four, L50|100\/100\n|turn|4\n|\n|t:|1731691129\n|move|p2a: Sedate|Follow Me|p2a: Sedate\n|-singleturn|p2a: Sedate|move: Follow Me\n|move|p1b: Sinistcha|Rage Powder|p1b: Sinistcha\n|-singleturn|p1b: Sinistcha|move: Rage Powder\n|move|p2b: Unashamed|Blood Moon|p1b: Sinistcha\n|-damage|p1b: Sinistcha|0 fnt\n|faint|p1b: Sinistcha\n|-damage|p2b: Unashamed|72\/100|[from] item: Life Orb\n|move|p1a: Archaludon|Aura Sphere|p2a: Sedate\n|-supereffective|p2a: Sedate\n|-damage|p2a: Sedate|30\/100\n|\n|upkeep\n|\n|t:|1731691142\n|switch|p1b: Weezing|Weezing-Galar, L50, F|1\/100\n|turn|5\n|\n|t:|1731691154\n|move|p1b: Weezing|Protect|p1b: Weezing\n|-singleturn|p1b: Weezing|Protect\n|move|p2a: Sedate|Population Bomb|p1b: Weezing\n|-activate|p1b: Weezing|move: Protect\n|move|p2b: Unashamed|Hyper Voice|p1b: Weezing|[spread] p1a\n|-activate|p1b: Weezing|move: Protect\n|-damage|p1a: Archaludon|0 fnt\n|faint|p1a: Archaludon\n|-damage|p2b: Unashamed|62\/100|[from] item: Life Orb\n|\n|-sideend|p2: VGCLTH John Pork|move: Tailwind\n|upkeep\n|l| pcord cypher\n|\n|t:|1731691165\n|switch|p1a: Garchomp|Garchomp, L50, F|100\/100\n|turn|6\n|inactive|VGCLTH John Pork has 30 seconds left.\n|\n|t:|1731691194\n|move|p2a: Sedate|Population Bomb|p1b: Weezing\n|-damage|p1b: Weezing|0 fnt\n|faint|p1b: Weezing\n|-hitcount|p1: Weezing|1\n|move|p1a: Garchomp|Earthquake|p2a: Sedate|[spread] p2a,p2b\n|-crit|p2b: Unashamed\n|-damage|p2a: Sedate|0 fnt\n|-damage|p2b: Unashamed|0 fnt\n|faint|p2a: Sedate\n|faint|p2b: Unashamed\n|\n|win|shidorin\n|raw|shidorin's rating: 1686 &rarr; <strong>1706<\/strong><br \/>(+20 for winning)\n|raw|VGCLTH John Pork's rating: 1682 &rarr; <strong>1662<\/strong><br \/>(-20 for losing)\n|l|\u2606VGCLTH John Pork\n|player|p2|\n|l|\u2606shidorin\n|player|p1|\n","uploadtime":1731691397,"views":10,"formatid":"gen9vgc2024regh","rating":1662,"private":0,"password":null}