{"id":"gen9vgc2024regh-2244772663","format":"[Gen 9] VGC 2024 Reg H","players":["vgclth papaneth","alex9876"],"log":"|raw|<div class=\"broadcast-blue\"><strong>This battle is required to be public due to a player having a name starting with 'vgclth'.<\/div>\n|j|\u2606vgclth papaneth\n|j|\u2606alex9876\n|t:|1731719775\n|gametype|doubles\n|player|p1|vgclth papaneth|rood|1651\n|player|p2|alex9876|1|1846\n|teamsize|p1|6\n|teamsize|p2|6\n|gen|9\n|tier|[Gen 9] VGC 2024 Reg H\n|rated|\n|rule|Species Clause: Limit one of each Pok\u00e9mon\n|rule|Item Clause: Limit 1 of each item\n|clearpoke\n|poke|p1|Tyranitar, L50, F|\n|poke|p1|Gengar, L50, F|\n|poke|p1|Kommo-o, L50, M|\n|poke|p1|Rillaboom, L50, M|\n|poke|p1|Annihilape, L50, M|\n|poke|p1|Whimsicott, L50, M|\n|poke|p2|Dondozo, L50, M|\n|poke|p2|Tatsugiri, L50, M|\n|poke|p2|Glimmora, L50, M|\n|poke|p2|Dragonite, L50, M|\n|poke|p2|Gholdengo, L50|\n|poke|p2|Talonflame, L50, M|\n|teampreview|4\n|inactive|Battle timer is ON: inactive players will automatically lose when time's up. (requested by vgclth papaneth)\n|inactive|vgclth papaneth has 60 seconds left.\n|inactive|vgclth papaneth has 30 seconds left.\n|\n|t:|1731719841\n|start\n|switch|p1a: Kommo-o|Kommo-o, L50, M|100\/100\n|switch|p1b: Whimsicott|Whimsicott, L50, M|100\/100\n|switch|p2a: Gholdengo|Gholdengo, L50|100\/100\n|switch|p2b: Talonflame|Talonflame, L50, M|100\/100\n|turn|1\n|\n|t:|1731719847\n|-terastallize|p1a: Kommo-o|Fire\n|move|p2b: Talonflame|Tailwind|p2b: Talonflame\n|-sidestart|p2: alex9876|move: Tailwind\n|move|p1b: Whimsicott|Tailwind|p1b: Whimsicott\n|-sidestart|p1: vgclth papaneth|move: Tailwind\n|move|p1a: Kommo-o|Flamethrower|p2a: Gholdengo\n|-supereffective|p2a: Gholdengo\n|-damage|p2a: Gholdengo|0 fnt\n|faint|p2a: Gholdengo\n|-damage|p1a: Kommo-o|91\/100|[from] item: Life Orb\n|\n|upkeep\n|inactive|alex9876 has 30 seconds left.\n|inactive|alex9876 has 20 seconds left.\n|inactive|alex9876 has 15 seconds left.\n|inactive|alex9876 has 10 seconds left.\n|inactive|alex9876 has 5 seconds left.\n|\n|t:|1731719897\n|switch|p2a: Tatsugiri|Tatsugiri, L50, M|100\/100\n|turn|2\n|\n|t:|1731719912\n|move|p1a: Kommo-o|Protect|p1a: Kommo-o\n|-singleturn|p1a: Kommo-o|Protect\n|move|p2b: Talonflame|Brave Bird|p1b: Whimsicott\n|-supereffective|p1b: Whimsicott\n|-damage|p1b: Whimsicott|0 fnt\n|-damage|p2b: Talonflame|84\/100|[from] item: Rocky Helmet|[of] p1b: Whimsicott\n|faint|p1b: Whimsicott\n|-damage|p2b: Talonflame|52\/100|[from] Recoil\n|move|p2a: Tatsugiri|Muddy Water|p1a: Kommo-o\n|-activate|p1a: Kommo-o|move: Protect\n|\n|upkeep\n|\n|t:|1731719919\n|switch|p1b: Annihilape|Annihilape, L50, M|100\/100\n|turn|3\n|j| Ghostslayer15\n|inactive|alex9876 has 30 seconds left.\n|l| Ghostslayer15\n|j| Ghostslayer15\n|inactive|alex9876 has 20 seconds left.\n|inactive|alex9876 has 15 seconds left.\n|c| Ghostslayer15|Let\u2019s go gengar\n|\n|t:|1731719962\n|switch|p2a: Dondozo|Dondozo, L50, M|100\/100\n|move|p1b: Annihilape|Final Gambit|p2a: Dondozo\n|-damage|p2a: Dondozo|4\/100\n|faint|p1b: Annihilape\n|move|p2b: Talonflame|Brave Bird|p1a: Kommo-o\n|-damage|p1a: Kommo-o|40\/100\n|-damage|p2b: Talonflame|36\/100|[from] Recoil\n|move|p1a: Kommo-o|Clanging Scales|p2b: Talonflame|[spread] p2a,p2b\n|-damage|p2a: Dondozo|0 fnt\n|-damage|p2b: Talonflame|0 fnt\n|faint|p2a: Dondozo\n|faint|p2b: Talonflame\n|-unboost|p1a: Kommo-o|def|1\n|-damage|p1a: Kommo-o|30\/100|[from] item: Life Orb\n|\n|upkeep\n|\n|t:|1731719976\n|switch|p2b: Tatsugiri|Tatsugiri, L50, M|100\/100\n|switch|p1b: Gengar|Gengar, L50, F|100\/100\n|turn|4\n|\n|t:|1731719990\n|-terastallize|p2b: Tatsugiri|Steel\n|move|p1a: Kommo-o|Protect|p1a: Kommo-o\n|-singleturn|p1a: Kommo-o|Protect\n|move|p2b: Tatsugiri|Muddy Water|p1b: Gengar|[spread] p1b\n|-activate|p1a: Kommo-o|move: Protect\n|-damage|p1b: Gengar|40\/100\n|move|p1b: Gengar|Sludge Bomb|p2b: Tatsugiri\n|-immune|p2b: Tatsugiri\n|\n|-sideend|p1: vgclth papaneth|move: Tailwind\n|-sideend|p2: alex9876|move: Tailwind\n|upkeep\n|turn|5\n|\n|t:|1731720002\n|move|p2b: Tatsugiri|Muddy Water|p1a: Kommo-o|[spread] p1b\n|-miss|p2b: Tatsugiri|p1a: Kommo-o\n|-damage|p1b: Gengar|0 fnt\n|faint|p1b: Gengar\n|move|p1a: Kommo-o|Flamethrower|p2b: Tatsugiri\n|-supereffective|p2b: Tatsugiri\n|-damage|p2b: Tatsugiri|0 fnt\n|faint|p2b: Tatsugiri\n|-damage|p1a: Kommo-o|20\/100|[from] item: Life Orb\n|\n|win|vgclth papaneth\n|raw|vgclth papaneth's rating: 1651 &rarr; <strong>1681<\/strong><br \/>(+30 for winning)\n|raw|alex9876's rating: 1846 &rarr; <strong>1816<\/strong><br \/>(-30 for losing)\n|c|\u2606vgclth papaneth|tactical avoid\n|l| Ghostslayer15\n|l|\u2606vgclth papaneth\n|player|p1|\n|l|\u2606alex9876\n|player|p2|\n","uploadtime":1731720011,"views":16,"formatid":"gen9vgc2024regh","rating":1681,"private":0,"password":null}