{"id":"gen9vgc2024regh-2244165756","format":"[Gen 9] VGC 2024 Reg H","players":["VGCLTH TnB","lastmake"],"log":"|raw|<div class=\"broadcast-blue\"><strong>This battle is required to be public due to a player having a name starting with 'vgclth'.<\/div>\n|j|\u2606VGCLTH TnB\n|j|\u2606lastmake\n|t:|1731639965\n|gametype|doubles\n|player|p1|VGCLTH TnB|roxanne-masters|1751\n|player|p2|lastmake|2|1753\n|teamsize|p1|6\n|teamsize|p2|6\n|gen|9\n|tier|[Gen 9] VGC 2024 Reg H\n|rated|\n|rule|Species Clause: Limit one of each Pok\u00e9mon\n|rule|Item Clause: Limit 1 of each item\n|clearpoke\n|poke|p1|Klefki, L50, M|\n|poke|p1|Annihilape, L50, M|\n|poke|p1|Archaludon, L50, M|\n|poke|p1|Maushold, L50|\n|poke|p1|Sinistcha, L50|\n|poke|p1|Pelipper, L50, F|\n|poke|p2|Pelipper, L50, M|\n|poke|p2|Ursaluna, L50, M|\n|poke|p2|Archaludon, L50, F|\n|poke|p2|Sinistcha-Masterpiece, L50|\n|poke|p2|Dragonite, L50, M|\n|poke|p2|Basculegion, L50, M|\n|teampreview|4\n|inactive|Battle timer is ON: inactive players will automatically lose when time's up. (requested by VGCLTH TnB)\nVGCLTH TnB has agreed to open team sheets.\n|\n|t:|1731639995\n|start\n|switch|p1a: Maushold|Maushold, L50|100\/100\n|switch|p1b: Archaludon|Archaludon, L50, M|100\/100\n|switch|p2a: Ursaluna|Ursaluna, L50, M|100\/100\n|switch|p2b: Sinistcha|Sinistcha-Masterpiece, L50|100\/100\n|turn|1\n|\n|t:|1731640016\n|switch|p1b: Pelipper|Pelipper, L50, F|100\/100\n|-weather|RainDance|[from] ability: Drizzle|[of] p1b: Pelipper\n|move|p2b: Sinistcha|Rage Powder|p2b: Sinistcha\n|-singleturn|p2b: Sinistcha|move: Rage Powder\n|move|p1a: Maushold|Taunt|p2b: Sinistcha\n|-start|p2b: Sinistcha|move: Taunt\n|move|p2a: Ursaluna|Facade|p1a: Maushold\n|-damage|p1a: Maushold|59\/100\n|\n|-weather|RainDance|[upkeep]\n|-status|p2a: Ursaluna|brn|[from] item: Flame Orb\n|upkeep\n|turn|2\n|\n|t:|1731640034\n|switch|p1b: Archaludon|Archaludon, L50, M|100\/100\n|switch|p2a: Archaludon|Archaludon, L50, F|100\/100\n|move|p1a: Maushold|Beat Up|p1b: Archaludon\n|-damage|p1b: Archaludon|99\/100\n|-ability|p1b: Archaludon|Stamina|boost\n|-boost|p1b: Archaludon|def|1\n|-damage|p1b: Archaludon|98\/100\n|-ability|p1b: Archaludon|Stamina|boost\n|-boost|p1b: Archaludon|def|1\n|-damage|p1b: Archaludon|97\/100\n|-ability|p1b: Archaludon|Stamina|boost\n|-boost|p1b: Archaludon|def|1\n|-damage|p1b: Archaludon|97\/100\n|-ability|p1b: Archaludon|Stamina|boost\n|-boost|p1b: Archaludon|def|1\n|-hitcount|p1b: Archaludon|4\n|move|p2b: Sinistcha|Matcha Gotcha|p1b: Archaludon|[spread] p1a\n|-miss|p2b: Sinistcha|p1b: Archaludon\n|-damage|p1a: Maushold|30\/100\n|\n|-weather|RainDance|[upkeep]\n|upkeep\n|turn|3\n|inactive|lastmake has 30 seconds left.\n|j| Zombini62\n|\n|t:|1731640063\n|switch|p2b: Ursaluna|Ursaluna, L50, M|100\/100 brn\n|-terastallize|p2a: Archaludon|Fairy\n|move|p1a: Maushold|Protect|p1a: Maushold\n|-singleturn|p1a: Maushold|Protect\n|move|p2a: Archaludon|Electro Shot||[still]\n|-prepare|p2a: Archaludon|Electro Shot\n|-boost|p2a: Archaludon|spa|1\n|-anim|p2a: Archaludon|Electro Shot|p1a: Maushold\n|-activate|p1a: Maushold|move: Protect\n|move|p1b: Archaludon|Body Press|p2a: Archaludon\n|-resisted|p2a: Archaludon\n|-damage|p2a: Archaludon|76\/100\n|-ability|p2a: Archaludon|Stamina|boost\n|-boost|p2a: Archaludon|def|1\n|\n|-weather|RainDance|[upkeep]\n|-damage|p2b: Ursaluna|94\/100 brn|[from] brn\n|upkeep\n|turn|4\n|inactive|VGCLTH TnB has 30 seconds left.\n|inactive|lastmake has 30 seconds left.\n|\n|t:|1731640092\n|switch|p2b: Sinistcha|Sinistcha-Masterpiece, L50|100\/100\n|-heal|p2a: Archaludon|100\/100|[from] ability: Hospitality|[of] p2b: Sinistcha\n|move|p1a: Maushold|Follow Me|p1a: Maushold\n|-singleturn|p1a: Maushold|move: Follow Me\n|move|p2a: Archaludon|Electro Shot||[still]\n|-prepare|p2a: Archaludon|Electro Shot\n|-boost|p2a: Archaludon|spa|1\n|-anim|p2a: Archaludon|Electro Shot|p1a: Maushold\n|-damage|p1a: Maushold|0 fnt\n|faint|p1a: Maushold\n|move|p1b: Archaludon|Electro Shot||[still]\n|-prepare|p1b: Archaludon|Electro Shot\n|-boost|p1b: Archaludon|spa|1\n|-anim|p1b: Archaludon|Electro Shot|p2a: Archaludon\n|-damage|p2a: Archaludon|56\/100\n|-ability|p2a: Archaludon|Stamina|boost\n|-boost|p2a: Archaludon|def|1\n|\n|-weather|RainDance|[upkeep]\n|upkeep\n|\n|t:|1731640116\n|switch|p1a: Pelipper|Pelipper, L50, F|100\/100\n|turn|5\n|\n|t:|1731640139\n|move|p1a: Pelipper|Protect|p1a: Pelipper\n|-singleturn|p1a: Pelipper|Protect\n|move|p2b: Sinistcha|Rage Powder|p2b: Sinistcha\n|-singleturn|p2b: Sinistcha|move: Rage Powder\n|move|p2a: Archaludon|Draco Meteor|p1b: Archaludon\n|-damage|p1b: Archaludon|0 fnt\n|-unboost|p2a: Archaludon|spa|2\n|faint|p1b: Archaludon\n|\n|-weather|RainDance|[upkeep]\n|upkeep\n|-message|VGCLTH TnB forfeited.\n|\n|win|lastmake\n|raw|VGCLTH TnB's rating: 1751 &rarr; <strong>1731<\/strong><br \/>(-20 for losing)\n|raw|lastmake's rating: 1753 &rarr; <strong>1773<\/strong><br \/>(+20 for winning)\n|l| Zombini62\n|l|\u2606lastmake\n|player|p2|\n","uploadtime":1731640378,"views":27,"formatid":"gen9vgc2024regh","rating":1731,"private":0,"password":null}