{"id":"gen9vgc2024regh-2244809756","format":"[Gen 9] VGC 2024 Reg H","players":["badpiplupvgc","blindfishptsd"],"log":"|j|\u2606badpiplupvgc\n|j|\u2606blindfishptsd\n|t:|1731724831\n|gametype|doubles\n|player|p1|badpiplupvgc|265|1701\n|player|p2|blindfishptsd|olympia|1828\n|teamsize|p1|6\n|teamsize|p2|6\n|gen|9\n|tier|[Gen 9] VGC 2024 Reg H\n|rated|\n|rule|Species Clause: Limit one of each Pok\u00e9mon\n|rule|Item Clause: Limit 1 of each item\n|clearpoke\n|poke|p1|Tyranitar, L50, M|\n|poke|p1|Excadrill, L50, F|\n|poke|p1|Indeedee-F, L50, F|\n|poke|p1|Armarouge, L50, M|\n|poke|p1|Sneasler, L50, M|\n|poke|p1|Milotic, L50, M|\n|poke|p2|Gholdengo, L50|\n|poke|p2|Glimmora, L50, F|\n|poke|p2|Talonflame, L50, F|\n|poke|p2|Dragonite, L50, M|\n|poke|p2|Dondozo, L50, F|\n|poke|p2|Tatsugiri, L50, M|\n|teampreview|4\n|inactive|Battle timer is ON: inactive players will automatically lose when time's up. (requested by blindfishptsd)\n|inactive|badpiplupvgc has 60 seconds left.\n|\n|t:|1731724873\n|start\n|switch|p1a: Excadrill|Excadrill, L50, F, shiny|100\/100\n|switch|p1b: Tyranitar|Tyranitar, L50, M, shiny|100\/100\n|switch|p2a: Talonflame|Talonflame, L50, F|100\/100\n|switch|p2b: Dragonite|Dragonite, L50, M|100\/100\n|-weather|Sandstorm|[from] ability: Sand Stream|[of] p1b: Tyranitar\n|turn|1\n|inactive|badpiplupvgc has 30 seconds left.\n|inactive|blindfishptsd has 30 seconds left.\n|\n|t:|1731724907\n|move|p2a: Talonflame|Tailwind|p2a: Talonflame\n|-sidestart|p2: blindfishptsd|move: Tailwind\n|move|p1a: Excadrill|Iron Head|p2a: Talonflame\n|-resisted|p2a: Talonflame\n|-damage|p2a: Talonflame|65\/100\n|move|p2b: Dragonite|Earthquake|p1a: Excadrill|[spread] p1a,p1b\n|-immune|p2a: Talonflame\n|-supereffective|p1a: Excadrill\n|-supereffective|p1b: Tyranitar\n|-enditem|p1a: Excadrill|Focus Sash\n|-damage|p1a: Excadrill|1\/100\n|-damage|p1b: Tyranitar|35\/100\n|move|p1b: Tyranitar|Rock Slide|p2a: Talonflame|[spread] p2a,p2b\n|-supereffective|p2a: Talonflame\n|-crit|p2a: Talonflame\n|-supereffective|p2b: Dragonite\n|-damage|p2a: Talonflame|0 fnt\n|-damage|p2b: Dragonite|71\/100\n|faint|p2a: Talonflame\n|\n|-weather|Sandstorm|[upkeep]\n|-damage|p2b: Dragonite|65\/100|[from] Sandstorm\n|upkeep\n|\n|t:|1731724919\n|switch|p2a: Dondozo|Dondozo, L50, F|100\/100\n|turn|2\n|\n|t:|1731724933\n|switch|p2b: Tatsugiri|Tatsugiri, L50, M|100\/100\n|-activate|p2b: Tatsugiri|ability: Commander|[of] p2a: Dondozo\n|-boost|p2a: Dondozo|atk|2\n|-boost|p2a: Dondozo|spa|2\n|-boost|p2a: Dondozo|spe|2\n|-boost|p2a: Dondozo|def|2\n|-boost|p2a: Dondozo|spd|2\n|switch|p1b: Milotic|Milotic, L50, M|100\/100\n|move|p1a: Excadrill|Protect|p1a: Excadrill\n|-singleturn|p1a: Excadrill|Protect\n|move|p2a: Dondozo|Earthquake|p1b: Milotic|[spread] p1b\n|-miss|p2a: Dondozo|p2b: Tatsugiri\n|-activate|p1a: Excadrill|move: Protect\n|-damage|p1b: Milotic|55\/100\n|\n|-weather|Sandstorm|[upkeep]\n|-damage|p2a: Dondozo|94\/100|[from] Sandstorm\n|-damage|p2b: Tatsugiri|95\/100|[from] Sandstorm\n|-damage|p1b: Milotic|49\/100|[from] Sandstorm\n|-enditem|p1b: Milotic|Sitrus Berry|[eat]\n|-heal|p1b: Milotic|74\/100|[from] item: Sitrus Berry\n|-heal|p2a: Dondozo|100\/100|[from] item: Leftovers\n|upkeep\n|turn|3\n|inactive|badpiplupvgc has 30 seconds left.\n|\n|t:|1731724960\n|move|p2a: Dondozo|Earthquake|p1b: Milotic|[spread] p1a,p1b\n|-miss|p2a: Dondozo|p2b: Tatsugiri\n|-supereffective|p1a: Excadrill\n|-damage|p1a: Excadrill|0 fnt\n|-damage|p1b: Milotic|25\/100\n|faint|p1a: Excadrill\n|move|p1b: Milotic|Haze|p1b: Milotic\n|-clearallboost\n|\n|-weather|Sandstorm|[upkeep]\n|-damage|p2b: Tatsugiri|89\/100|[from] Sandstorm\n|-damage|p2a: Dondozo|94\/100|[from] Sandstorm\n|-damage|p1b: Milotic|19\/100|[from] Sandstorm\n|-heal|p2a: Dondozo|100\/100|[from] item: Leftovers\n|upkeep\n|\n|t:|1731724971\n|switch|p1a: Tyranitar|Tyranitar, L50, M, shiny|35\/100\n|turn|4\n|j| Kpxbrothers\n|\n|t:|1731724986\n|-terastallize|p1a: Tyranitar|Flying\n|move|p1b: Milotic|Protect|p1b: Milotic\n|-singleturn|p1b: Milotic|Protect\n|move|p2a: Dondozo|Earthquake|p1b: Milotic|[spread] \n|-miss|p2a: Dondozo|p2b: Tatsugiri\n|-activate|p1b: Milotic|move: Protect\n|-immune|p1a: Tyranitar\n|move|p1a: Tyranitar|Knock Off|p2a: Dondozo\n|-damage|p2a: Dondozo|59\/100\n|-enditem|p2a: Dondozo|Leftovers|[from] move: Knock Off|[of] p1a: Tyranitar\n|\n|-weather|Sandstorm|[upkeep]\n|-damage|p2b: Tatsugiri|84\/100|[from] Sandstorm\n|-damage|p2a: Dondozo|53\/100|[from] Sandstorm\n|-damage|p1b: Milotic|13\/100|[from] Sandstorm\n|-damage|p1a: Tyranitar|29\/100|[from] Sandstorm\n|-sideend|p2: blindfishptsd|move: Tailwind\n|upkeep\n|turn|5\n|inactive|badpiplupvgc has 30 seconds left.\n|\n|t:|1731725011\n|move|p1b: Milotic|Scald|p2a: Dondozo\n|-resisted|p2a: Dondozo\n|-damage|p2a: Dondozo|35\/100\n|-status|p2a: Dondozo|brn\n|move|p2a: Dondozo|Wave Crash|p1a: Tyranitar\n|-damage|p1a: Tyranitar|7\/100\n|-damage|p2a: Dondozo|28\/100 brn|[from] Recoil\n|move|p1a: Tyranitar|Tera Blast|p2a: Dondozo|[anim] Tera Blast Flying\n|-damage|p2a: Dondozo|0 fnt\n|faint|p2a: Dondozo\n|\n|-weather|none\n|upkeep\n|\n|t:|1731725022\n|switch|p2a: Dragonite|Dragonite, L50, M|65\/100\n|turn|6\n|\n|t:|1731725044\n|move|p1b: Milotic|Protect|p1b: Milotic\n|-singleturn|p1b: Milotic|Protect\n|move|p2b: Tatsugiri|Dragon Pulse|p1b: Milotic\n|-activate|p1b: Milotic|move: Protect\n|move|p2a: Dragonite|Aerial Ace|p1a: Tyranitar\n|-damage|p1a: Tyranitar|0 fnt\n|faint|p1a: Tyranitar\n|\n|upkeep\n|\n|t:|1731725052\n|switch|p1a: Sneasler|Sneasler, L50, M|100\/100\n|turn|7\n|\n|t:|1731725061\n|move|p1a: Sneasler|Dire Claw|p2a: Dragonite\n|-damage|p2a: Dragonite|19\/100\n|move|p2b: Tatsugiri|Muddy Water|p1b: Milotic|[spread] p1a,p1b\n|-resisted|p1b: Milotic\n|-damage|p1a: Sneasler|60\/100\n|-damage|p1b: Milotic|2\/100\n|-unboost|p1b: Milotic|accuracy|1\n|-ability|p1b: Milotic|Competitive|boost\n|-boost|p1b: Milotic|spa|2\n|move|p1b: Milotic|Icy Wind|p2b: Tatsugiri|[spread] p2a,p2b\n|-supereffective|p2a: Dragonite\n|-damage|p2a: Dragonite|0 fnt\n|-damage|p2b: Tatsugiri|55\/100\n|-unboost|p2b: Tatsugiri|spe|1\n|faint|p2a: Dragonite\n|\n|upkeep\n|turn|8\n|\n|t:|1731725078\n|-terastallize|p2b: Tatsugiri|Stellar\n|move|p1a: Sneasler|Close Combat|p2b: Tatsugiri\n|-damage|p2b: Tatsugiri|0 fnt\n|-unboost|p1a: Sneasler|def|1\n|-unboost|p1a: Sneasler|spd|1\n|faint|p2b: Tatsugiri\n|\n|win|badpiplupvgc\n|raw|badpiplupvgc's rating: 1701 &rarr; <strong>1728<\/strong><br \/>(+27 for winning)\n|raw|blindfishptsd's rating: 1828 &rarr; <strong>1801<\/strong><br \/>(-27 for losing)\n|l|\u2606badpiplupvgc\n|player|p1|\n","uploadtime":1731725274,"views":10,"formatid":"gen9vgc2024regh","rating":1728,"private":0,"password":null}