{"id":"gen9vgc2024regh-2244784594","format":"[Gen 9] VGC 2024 Reg H","players":["FROM APOCALYPSE","vgclth papaneth"],"log":"|raw|<div class=\"broadcast-blue\"><strong>This battle is required to be public due to a player having a name starting with 'vgclth'.<\/div>\n|j|\u2606FROM APOCALYPSE\n|j|\u2606vgclth papaneth\n|t:|1731721400\n|gametype|doubles\n|player|p1|FROM APOCALYPSE|rosa|1866\n|player|p2|vgclth papaneth|rood|1732\n|teamsize|p1|6\n|teamsize|p2|6\n|gen|9\n|tier|[Gen 9] VGC 2024 Reg H\n|rated|\n|rule|Species Clause: Limit one of each Pok\u00e9mon\n|rule|Item Clause: Limit 1 of each item\n|clearpoke\n|poke|p1|Sneasler, L50, F|\n|poke|p1|Dragonite, L50, F|\n|poke|p1|Rillaboom, L50, F|\n|poke|p1|Volcarona, L50, M|\n|poke|p1|Dondozo, L50, M|\n|poke|p1|Kingambit, L50, M|\n|poke|p2|Tyranitar, L50, F|\n|poke|p2|Gengar, L50, M|\n|poke|p2|Kommo-o, L50, M|\n|poke|p2|Rillaboom, L50, F|\n|poke|p2|Annihilape, L50, M|\n|poke|p2|Whimsicott, L50, F|\n|teampreview|4\n|inactive|Battle timer is ON: inactive players will automatically lose when time's up. (requested by vgclth papaneth)\n|j| Satansinlaw\n|inactive|FROM APOCALYPSE has 60 seconds left.\n|\n|t:|1731721455\n|start\n|switch|p1a: Sneasler|Sneasler, L50, F|100\/100\n|switch|p1b: Dondozo|Dondozo, L50, M|100\/100\n|switch|p2a: Whimsicott|Whimsicott, L50, F|100\/100\n|switch|p2b: Kommo-o|Kommo-o, L50, M|100\/100\n|turn|1\n|\n|t:|1731721467\n|move|p2b: Kommo-o|Protect|p2b: Kommo-o\n|-singleturn|p2b: Kommo-o|Protect\n|move|p2a: Whimsicott|Taunt|p1a: Sneasler\n|-start|p1a: Sneasler|move: Taunt\n|move|p1a: Sneasler|Dire Claw|p2a: Whimsicott\n|-supereffective|p2a: Whimsicott\n|-damage|p2a: Whimsicott|0 fnt\n|faint|p2a: Whimsicott\n|move|p1b: Dondozo|Yawn|p2b: Kommo-o\n|-activate|p2b: Kommo-o|move: Protect\n|\n|upkeep\n|\n|t:|1731721472\n|switch|p2a: Tyranitar|Tyranitar, L50, F, shiny|100\/100\n|-weather|Sandstorm|[from] ability: Sand Stream|[of] p2a: Tyranitar\n|turn|2\n|l| Satansinlaw\n|\n|t:|1731721493\n|-terastallize|p2a: Tyranitar|Flying\n|move|p1a: Sneasler|Dire Claw|p2b: Kommo-o\n|-damage|p2b: Kommo-o|59\/100\n|-status|p2b: Kommo-o|psn\n|move|p2b: Kommo-o|Clanging Scales|p1b: Dondozo|[spread] p1a,p1b\n|-damage|p1a: Sneasler|40\/100\n|-damage|p1b: Dondozo|65\/100\n|-unboost|p2b: Kommo-o|def|1\n|-damage|p2b: Kommo-o|49\/100 psn|[from] item: Life Orb\n|move|p2a: Tyranitar|Tera Blast|p1a: Sneasler|[anim] Tera Blast Flying\n|-supereffective|p1a: Sneasler\n|-damage|p1a: Sneasler|0 fnt\n|faint|p1a: Sneasler\n|move|p1b: Dondozo|Yawn|p2a: Tyranitar\n|-start|p2a: Tyranitar|move: Yawn|[of] p1b: Dondozo\n|\n|-weather|Sandstorm|[upkeep]\n|-damage|p2b: Kommo-o|43\/100 psn|[from] Sandstorm\n|-damage|p2a: Tyranitar|94\/100|[from] Sandstorm\n|-damage|p1b: Dondozo|59\/100|[from] Sandstorm\n|-heal|p1b: Dondozo|65\/100|[from] item: Leftovers\n|-damage|p2b: Kommo-o|31\/100 psn|[from] psn\n|upkeep\n|\n|t:|1731721507\n|switch|p1a: Volcarona|Volcarona, L50, M|100\/100\n|turn|3\n|\n|t:|1731721514\n|switch|p2a: Annihilape|Annihilape, L50, M|100\/100\n|move|p1a: Volcarona|Protect|p1a: Volcarona\n|-singleturn|p1a: Volcarona|Protect\n|move|p2b: Kommo-o|Clanging Scales|p1a: Volcarona|[spread] p1b\n|-activate|p1a: Volcarona|move: Protect\n|-damage|p1b: Dondozo|30\/100\n|-unboost|p2b: Kommo-o|def|1\n|-damage|p2b: Kommo-o|21\/100 psn|[from] item: Life Orb\n|move|p1b: Dondozo|Yawn|p2a: Annihilape\n|-start|p2a: Annihilape|move: Yawn|[of] p1b: Dondozo\n|\n|-weather|Sandstorm|[upkeep]\n|-damage|p2a: Annihilape|95\/100|[from] Sandstorm\n|-damage|p2b: Kommo-o|15\/100 psn|[from] Sandstorm\n|-damage|p1a: Volcarona|94\/100|[from] Sandstorm\n|-damage|p1b: Dondozo|24\/100|[from] Sandstorm\n|-heal|p1b: Dondozo|30\/100|[from] item: Leftovers\n|-damage|p2b: Kommo-o|3\/100 psn|[from] psn\n|upkeep\n|turn|4\n|\n|t:|1731721528\n|switch|p2b: Tyranitar|Tyranitar, L50, F, shiny, tera:Flying|94\/100\n|move|p2a: Annihilape|Final Gambit|p1a: Volcarona\n|-damage|p1a: Volcarona|0 fnt\n|faint|p2a: Annihilape\n|faint|p1a: Volcarona\n|move|p1b: Dondozo|Wave Crash|p2b: Tyranitar\n|-damage|p2b: Tyranitar|58\/100\n|-damage|p1b: Dondozo|21\/100|[from] Recoil\n|\n|-weather|Sandstorm|[upkeep]\n|-damage|p2b: Tyranitar|52\/100|[from] Sandstorm\n|-damage|p1b: Dondozo|15\/100|[from] Sandstorm\n|-heal|p1b: Dondozo|21\/100|[from] item: Leftovers\n|upkeep\n|\n|t:|1731721543\n|switch|p2a: Kommo-o|Kommo-o, L50, M|3\/100 psn\n|switch|p1a: Rillaboom|Rillaboom, L50, F|100\/100\n|-fieldstart|move: Grassy Terrain|[from] ability: Grassy Surge|[of] p1a: Rillaboom\n|turn|5\n|\n|t:|1731721555\n|move|p1a: Rillaboom|Fake Out|p2b: Tyranitar\n|-damage|p2b: Tyranitar|40\/100\n|move|p2a: Kommo-o|Clanging Scales|p1b: Dondozo|[spread] p1a,p1b\n|-damage|p1a: Rillaboom|65\/100\n|-damage|p1b: Dondozo|0 fnt\n|faint|p1b: Dondozo\n|-unboost|p2a: Kommo-o|def|1\n|-damage|p2a: Kommo-o|0 fnt|[from] item: Life Orb\n|faint|p2a: Kommo-o\n|cant|p2b: Tyranitar|flinch\n|\n|-weather|Sandstorm|[upkeep]\n|-damage|p1a: Rillaboom|59\/100|[from] Sandstorm\n|-damage|p2b: Tyranitar|34\/100|[from] Sandstorm\n|-heal|p1a: Rillaboom|65\/100|[from] Grassy Terrain\n|upkeep\n|turn|6\n|\n|t:|1731721569\n|-terastallize|p1a: Rillaboom|Fire\n|move|p1a: Rillaboom|Wood Hammer|p2b: Tyranitar\n|-resisted|p2b: Tyranitar\n|-damage|p2b: Tyranitar|1\/100\n|-damage|p1a: Rillaboom|54\/100|[from] Recoil\n|move|p2b: Tyranitar|Tera Blast|p1a: Rillaboom|[anim] Tera Blast Flying\n|-damage|p1a: Rillaboom|14\/100\n|\n|-weather|none\n|-heal|p1a: Rillaboom|20\/100|[from] Grassy Terrain\n|upkeep\n|turn|7\n|\n|t:|1731721574\n|move|p1a: Rillaboom|Grassy Glide|p2b: Tyranitar\n|-resisted|p2b: Tyranitar\n|-damage|p2b: Tyranitar|0 fnt\n|faint|p2b: Tyranitar\n|\n|win|FROM APOCALYPSE\n|raw|FROM APOCALYPSE's rating: 1866 &rarr; <strong>1879<\/strong><br \/>(+13 for winning)\n|raw|vgclth papaneth's rating: 1732 &rarr; <strong>1719<\/strong><br \/>(-13 for losing)\n|l|\u2606vgclth papaneth\n|player|p2|\n|l|\u2606FROM APOCALYPSE\n|player|p1|\n","uploadtime":1731721777,"views":13,"formatid":"gen9vgc2024regh","rating":1719,"private":0,"password":null}