{"id":"gen9vgc2024regh-2244595314","format":"[Gen 9] VGC 2024 Reg H","players":["rgktest","emu2567"],"log":"|j|\u2606rgktest\n|j|\u2606emu2567\n|t:|1731699038\n|gametype|doubles\n|player|p1|rgktest|2|1697\n|player|p2|emu2567|acetrainerf|1817\n|teamsize|p1|6\n|teamsize|p2|6\n|gen|9\n|tier|[Gen 9] VGC 2024 Reg H\n|rated|\n|rule|Species Clause: Limit one of each Pok\u00e9mon\n|rule|Item Clause: Limit 1 of each item\n|clearpoke\n|poke|p1|Incineroar, L50, M|\n|poke|p1|Sneasler, L50, M|\n|poke|p1|Smeargle, L50, F|\n|poke|p1|Ursaluna-Bloodmoon, L50, M|\n|poke|p1|Farigiraf, L50, M|\n|poke|p1|Gholdengo, L50|\n|poke|p2|Gastrodon, L50, F|\n|poke|p2|Farigiraf, L50, M|\n|poke|p2|Grimmsnarl, L50, M|\n|poke|p2|Annihilape, L50, F|\n|poke|p2|Incineroar, L50, M|\n|poke|p2|Ursaluna-Bloodmoon, L50, M|\n|teampreview|4\n|j| jdarcan\n|\n|t:|1731699095\n|start\n|switch|p1a: Gholdengo|Gholdengo, L50|100\/100\n|switch|p1b: Smeargle|Smeargle, L50, F|100\/100\n|switch|p2a: Farigiraf|Farigiraf, L50, M|100\/100\n|switch|p2b: Incineroar|Incineroar, L50, M|100\/100\n|turn|1\n|\n|t:|1731699120\n|-terastallize|p1a: Gholdengo|Steel\n|-terastallize|p2b: Incineroar|Grass\n|move|p1a: Gholdengo|Make It Rain|p2a: Farigiraf|[spread] p2a,p2b\n|-damage|p2a: Farigiraf|21\/100\n|-damage|p2b: Incineroar|0 fnt\n|-unboost|p1a: Gholdengo|spa|1\n|faint|p2b: Incineroar\n|move|p1b: Smeargle|Spore|p2a: Farigiraf\n|-ability|p2a: Farigiraf|Sap Sipper|boost\n|-boost|p2a: Farigiraf|atk|1\n|move|p2a: Farigiraf|Trick Room|p2a: Farigiraf\n|-fieldstart|move: Trick Room|[of] p2a: Farigiraf\n|\n|upkeep\n|\n|t:|1731699136\n|switch|p2b: Annihilape|Annihilape, L50, F|100\/100\n|turn|2\n|\n|t:|1731699162\n|move|p2a: Farigiraf|Earthquake|p1b: Smeargle|[spread] p2b,p1a,p1b\n|-supereffective|p1a: Gholdengo\n|-damage|p2b: Annihilape|77\/100\n|-damage|p1a: Gholdengo|55\/100\n|-damage|p1b: Smeargle|68\/100\n|move|p1b: Smeargle|Spore|p2b: Annihilape\n|-activate|p2b: Annihilape|item: Safety Goggles|Spore\n|move|p2b: Annihilape|Drain Punch|p1b: Smeargle\n|-supereffective|p1b: Smeargle\n|-damage|p1b: Smeargle|0 fnt\n|-heal|p2b: Annihilape|100\/100|[from] drain|[of] p1b: Smeargle\n|faint|p1b: Smeargle\n|move|p1a: Gholdengo|Make It Rain|p2a: Farigiraf|[spread] p2a,p2b\n|-crit|p2a: Farigiraf\n|-damage|p2a: Farigiraf|0 fnt\n|-damage|p2b: Annihilape|42\/100\n|-unboost|p1a: Gholdengo|spa|1\n|faint|p2a: Farigiraf\n|\n|upkeep\n|\n|t:|1731699182\n|switch|p2a: Ursaluna|Ursaluna-Bloodmoon, L50, M|100\/100\n|switch|p1b: Sneasler|Sneasler, L50, M|100\/100\n|turn|3\n|\n|t:|1731699201\n|switch|p1a: Incineroar|Incineroar, L50, M|100\/100\n|-ability|p1a: Incineroar|Intimidate|boost\n|-unboost|p2a: Ursaluna|atk|1\n|-unboost|p2b: Annihilape|atk|1\n|-ability|p2b: Annihilape|Defiant|boost\n|-boost|p2b: Annihilape|atk|2\n|move|p1b: Sneasler|Fake Out|p2a: Ursaluna\n|-damage|p2a: Ursaluna|88\/100\n|cant|p2a: Ursaluna|flinch\n|move|p2b: Annihilape|Rage Fist|p1b: Sneasler\n|-damage|p1b: Sneasler|0 fnt\n|faint|p1b: Sneasler\n|\n|upkeep\n|\n|t:|1731699213\n|switch|p1b: Gholdengo|Gholdengo, L50, tera:Steel|55\/100\n|turn|4\n|j| kyog9t\n|\n|t:|1731699226\n|move|p2a: Ursaluna|Earth Power|p1b: Gholdengo\n|-supereffective|p1b: Gholdengo\n|-damage|p1b: Gholdengo|0 fnt\n|faint|p1b: Gholdengo\n|move|p1a: Incineroar|Flare Blitz|p2b: Annihilape\n|-damage|p2b: Annihilape|0 fnt\n|faint|p2b: Annihilape\n|-damage|p1a: Incineroar|85\/100|[from] Recoil\n|\n|upkeep\n|turn|5\n|\n|t:|1731699237\n|move|p2a: Ursaluna|Earth Power|p1a: Incineroar\n|-supereffective|p1a: Incineroar\n|-damage|p1a: Incineroar|0 fnt\n|faint|p1a: Incineroar\n|\n|win|emu2567\n|raw|rgktest's rating: 1697 &rarr; <strong>1684<\/strong><br \/>(-13 for losing)\n|raw|emu2567's rating: 1817 &rarr; <strong>1830<\/strong><br \/>(+13 for winning)\n|l|\u2606rgktest\n|player|p1|\n","uploadtime":1731699443,"views":26,"formatid":"gen9vgc2024regh","rating":1684,"private":0,"password":null}