{"id":"gen9vgc2024regh-2244389579","format":"[Gen 9] VGC 2024 Reg H","players":["naioton","VGCLTH Oinge"],"log":"|raw|<div class=\"broadcast-blue\"><strong>This battle is required to be public due to a player having a name starting with 'vgclth'.<\/div>\n|j|\u2606naioton\n|j|\u2606VGCLTH Oinge\n|t:|1731678045\n|gametype|doubles\n|player|p1|naioton|265|1668\n|player|p2|VGCLTH Oinge|mars|1740\n|teamsize|p1|6\n|teamsize|p2|6\n|gen|9\n|tier|[Gen 9] VGC 2024 Reg H\n|rated|\n|rule|Species Clause: Limit one of each Pok\u00e9mon\n|rule|Item Clause: Limit 1 of each item\n|clearpoke\n|poke|p1|Garchomp, L50, F|\n|poke|p1|Ninetales-Alola, L50, M|\n|poke|p1|Rotom-Frost, L50|\n|poke|p1|Dragonite, L50, M|\n|poke|p1|Incineroar, L50, F|\n|poke|p1|Gastrodon, L50, F|\n|poke|p2|Torkoal, L50, M|\n|poke|p2|Indeedee-F, L50, F|\n|poke|p2|Hatterene, L50, F|\n|poke|p2|Gallade, L50, M|\n|poke|p2|Maushold-Four, L50|\n|poke|p2|Ursaluna, L50, M|\n|teampreview|4\n|inactive|Battle timer is ON: inactive players will automatically lose when time's up. (requested by naioton)\n|\n|t:|1731678063\n|start\n|switch|p1a: Dragonite|Dragonite, L50, M|100\/100\n|switch|p1b: Garchomp|Garchomp, L50, F|100\/100\n|switch|p2a: Indeedee|Indeedee-F, L50, F|100\/100\n|switch|p2b: Gallade|Gallade, L50, M|100\/100\n|-fieldstart|move: Psychic Terrain|[from] ability: Psychic Surge|[of] p2a: Indeedee\n|-enditem|p2a: Indeedee|Psychic Seed\n|-boost|p2a: Indeedee|spd|1|[from] item: Psychic Seed\n|turn|1\n|\n|t:|1731678080\n|move|p2a: Indeedee|Follow Me|p2a: Indeedee\n|-singleturn|p2a: Indeedee|move: Follow Me\n|move|p1b: Garchomp|Earthquake|p2b: Gallade|[spread] p2a,p2b\n|-immune|p1a: Dragonite\n|-damage|p2a: Indeedee|42\/100\n|-damage|p2b: Gallade|30\/100\n|move|p1a: Dragonite|Ice Spinner|p2a: Indeedee\n|-damage|p2a: Indeedee|12\/100\n|-fieldend|move: Psychic Terrain\n|move|p2b: Gallade|Trick Room|p2b: Gallade\n|-fieldstart|move: Trick Room|[of] p2b: Gallade\n|\n|upkeep\n|turn|2\n|\n|t:|1731678094\n|move|p2a: Indeedee|Helping Hand|p2b: Gallade\n|-singleturn|p2b: Gallade|Helping Hand|[of] p2a: Indeedee\n|move|p1a: Dragonite|Extreme Speed|p2b: Gallade\n|-damage|p2b: Gallade|0 fnt\n|faint|p2b: Gallade\n|move|p1b: Garchomp|Earthquake|p2a: Indeedee|[spread] p2a\n|-immune|p1a: Dragonite\n|-damage|p2a: Indeedee|0 fnt\n|faint|p2a: Indeedee\n|\n|upkeep\n|\n|t:|1731678100\n|switch|p2b: Hatterene|Hatterene, L50, F|100\/100\n|switch|p2a: Torkoal|Torkoal, L50, M|100\/100\n|-weather|SunnyDay|[from] ability: Drought|[of] p2a: Torkoal\n|turn|3\n|\n|t:|1731678121\n|-terastallize|p2a: Torkoal|Fire\n|move|p1a: Dragonite|Extreme Speed|p2b: Hatterene\n|-damage|p2b: Hatterene|63\/100\n|move|p2a: Torkoal|Heat Wave|p1a: Dragonite|[spread] p1a,p1b\n|-resisted|p1a: Dragonite\n|-crit|p1a: Dragonite\n|-resisted|p1b: Garchomp\n|-damage|p1a: Dragonite|77\/100\n|-damage|p1b: Garchomp|52\/100\n|-status|p1b: Garchomp|brn\n|move|p2b: Hatterene|Dazzling Gleam|p1b: Garchomp|[spread] p1a,p1b\n|-supereffective|p1a: Dragonite\n|-supereffective|p1b: Garchomp\n|-damage|p1a: Dragonite|12\/100\n|-damage|p1b: Garchomp|0 fnt\n|faint|p1b: Garchomp\n|-damage|p2b: Hatterene|53\/100|[from] item: Life Orb\n|\n|-weather|SunnyDay|[upkeep]\n|upkeep\n|\n|t:|1731678140\n|switch|p1b: Gastrodon|Gastrodon, L50, F|100\/100\n|turn|4\n|\n|t:|1731678145\n|move|p1b: Gastrodon|Protect|p1b: Gastrodon\n|-singleturn|p1b: Gastrodon|Protect\n|move|p1a: Dragonite|Extreme Speed|p2a: Torkoal\n|-damage|p2a: Torkoal|77\/100\n|move|p2a: Torkoal|Heat Wave|p1a: Dragonite|[spread] p1a\n|-activate|p1b: Gastrodon|move: Protect\n|-resisted|p1a: Dragonite\n|-damage|p1a: Dragonite|0 fnt\n|faint|p1a: Dragonite\n|move|p2b: Hatterene|Dazzling Gleam|p1b: Gastrodon\n|-activate|p1b: Gastrodon|move: Protect\n|\n|-weather|SunnyDay|[upkeep]\n|upkeep\n|j| GooglePay\n|j| Mixam91\n|\n|t:|1731678160\n|switch|p1a: Incineroar|Incineroar, L50, F|100\/100\n|-ability|p1a: Incineroar|Intimidate|boost\n|-unboost|p2a: Torkoal|atk|1\n|-unboost|p2b: Hatterene|atk|1\n|turn|5\n|\n|t:|1731678165\n|-terastallize|p1b: Gastrodon|Fire\n|move|p1a: Incineroar|Fake Out|p2b: Hatterene\n|-damage|p2b: Hatterene|40\/100\n|move|p2a: Torkoal|Heat Wave|p1a: Incineroar|[spread] p1a,p1b\n|-resisted|p1a: Incineroar\n|-resisted|p1b: Gastrodon\n|-damage|p1a: Incineroar|58\/100\n|-damage|p1b: Gastrodon|65\/100\n|cant|p2b: Hatterene|flinch\n|move|p1b: Gastrodon|Earth Power|p2a: Torkoal\n|-supereffective|p2a: Torkoal\n|-damage|p2a: Torkoal|0 fnt\n|faint|p2a: Torkoal\n|\n|-weather|SunnyDay|[upkeep]\n|-heal|p1b: Gastrodon|71\/100|[from] item: Leftovers\n|-fieldend|move: Trick Room\n|upkeep\n|turn|6\n|\n|t:|1731678179\n|move|p1a: Incineroar|Flare Blitz|p2b: Hatterene\n|-damage|p2b: Hatterene|0 fnt\n|faint|p2b: Hatterene\n|-damage|p1a: Incineroar|48\/100|[from] Recoil\n|-enditem|p1a: Incineroar|Sitrus Berry|[eat]\n|-heal|p1a: Incineroar|73\/100|[from] item: Sitrus Berry\n|\n|win|naioton\n|raw|naioton's rating: 1668 &rarr; <strong>1692<\/strong><br \/>(+24 for winning)\n|raw|VGCLTH Oinge's rating: 1740 &rarr; <strong>1716<\/strong><br \/>(-24 for losing)\n|l|\u2606VGCLTH Oinge\n|player|p2|\n|l|\u2606naioton\n|player|p1|\n|l| Mixam91\n|j| N3_ArieL\n|l| N3_ArieL\n","uploadtime":1731678389,"views":11,"formatid":"gen9vgc2024regh","rating":1692,"private":0,"password":null}