{"id":"gen9vgc2024regh-2244186311","format":"[Gen 9] VGC 2024 Reg H","players":["winterbreak","TimmytheGlueEater"],"log":"|j|\u2606winterbreak\n|j|\u2606TimmytheGlueEater\n|t:|1731642795\n|gametype|doubles\n|player|p1|winterbreak|lucas-gen4pt|1854\n|player|p2|TimmytheGlueEater|riley|1634\n|teamsize|p1|6\n|teamsize|p2|6\n|gen|9\n|tier|[Gen 9] VGC 2024 Reg H\n|rated|\n|rule|Species Clause: Limit one of each Pok\u00e9mon\n|rule|Item Clause: Limit 1 of each item\n|clearpoke\n|poke|p1|Primarina, L50, F|\n|poke|p1|Ursaluna-Bloodmoon, L50, M|\n|poke|p1|Gholdengo, L50|\n|poke|p1|Porygon2, L50|\n|poke|p1|Incineroar, L50, M|\n|poke|p1|Rillaboom, L50, M|\n|poke|p2|Pelipper, L50, M|\n|poke|p2|Amoonguss, L50, M|\n|poke|p2|Incineroar, L50, F|\n|poke|p2|Porygon2, L50|\n|poke|p2|Archaludon, L50, F|\n|poke|p2|Ursaluna, L50, F|\n|teampreview|4\n|inactive|Battle timer is ON: inactive players will automatically lose when time's up. (requested by TimmytheGlueEater)\n|j| plplk\n|l| plplk\n|inactive|winterbreak has 60 seconds left.\n|inactive|winterbreak has 30 seconds left.\n|\n|t:|1731642859\n|start\n|switch|p1a: Porygon2|Porygon2, L50|100\/100\n|switch|p1b: Incineroar|Incineroar, L50, M|100\/100\n|switch|p2a: Pelipper|Pelipper, L50, M|100\/100\n|switch|p2b: Archaludon|Archaludon, L50, F|100\/100\n|-weather|RainDance|[from] ability: Drizzle|[of] p2a: Pelipper\n|-ability|p1b: Incineroar|Intimidate|boost\n|-unboost|p2a: Pelipper|atk|1\n|-unboost|p2b: Archaludon|atk|1\n|-ability|p1a: Porygon2|Download|boost\n|-boost|p1a: Porygon2|spa|1\n|turn|1\n|\n|t:|1731642878\n|switch|p2a: Porygon2|Porygon2, L50|100\/100\n|-ability|p2a: Porygon2|Download|boost\n|-boost|p2a: Porygon2|atk|1\n|move|p1b: Incineroar|Fake Out|p2a: Porygon2\n|-damage|p2a: Porygon2|95\/100\n|move|p2b: Archaludon|Electro Shot||[still]\n|-prepare|p2b: Archaludon|Electro Shot\n|-boost|p2b: Archaludon|spa|1\n|-anim|p2b: Archaludon|Electro Shot|p1a: Porygon2\n|-damage|p1a: Porygon2|61\/100\n|move|p1a: Porygon2|Trick Room|p1a: Porygon2\n|-fieldstart|move: Trick Room|[of] p1a: Porygon2\n|\n|-weather|RainDance|[upkeep]\n|upkeep\n|turn|2\n|\n|t:|1731642902\n|-terastallize|p2a: Porygon2|Fighting\n|move|p1a: Porygon2|Recover|p1a: Porygon2\n|-heal|p1a: Porygon2|100\/100\n|move|p1b: Incineroar|Knock Off|p2b: Archaludon\n|-damage|p2b: Archaludon|73\/100\n|-ability|p2b: Archaludon|Stamina|boost\n|-boost|p2b: Archaludon|def|1\n|-enditem|p2b: Archaludon|Assault Vest|[from] move: Knock Off|[of] p1b: Incineroar\n|move|p2a: Porygon2|Tera Blast|p1a: Porygon2|[anim] Tera Blast Fighting\n|-supereffective|p1a: Porygon2\n|-damage|p1a: Porygon2|62\/100\n|move|p2b: Archaludon|Electro Shot||[still]\n|-prepare|p2b: Archaludon|Electro Shot\n|-boost|p2b: Archaludon|spa|1\n|-anim|p2b: Archaludon|Electro Shot|p1b: Incineroar\n|-damage|p1b: Incineroar|48\/100\n|-enditem|p1b: Incineroar|Sitrus Berry|[eat]\n|-heal|p1b: Incineroar|72\/100|[from] item: Sitrus Berry\n|\n|-weather|RainDance|[upkeep]\n|upkeep\n|turn|3\n|inactive|winterbreak has 30 seconds left.\n|\n|t:|1731642930\n|switch|p2b: Pelipper|Pelipper, L50, M|100\/100\n|-terastallize|p1a: Porygon2|Ground\n|move|p1a: Porygon2|Tera Blast|p2b: Pelipper|[anim] Tera Blast Ground\n|-immune|p2b: Pelipper\n|move|p1b: Incineroar|Knock Off|p2a: Porygon2\n|-resisted|p2a: Porygon2\n|-damage|p2a: Porygon2|85\/100\n|-enditem|p2a: Porygon2|Eviolite|[from] move: Knock Off|[of] p1b: Incineroar\n|move|p2a: Porygon2|Trick Room|p2a: Porygon2\n|-fieldend|move: Trick Room\n|\n|-weather|RainDance|[upkeep]\n|upkeep\n|turn|4\n|c|\u2606winterbreak|why\n|inactive|winterbreak has 30 seconds left.\n|inactive|winterbreak has 20 seconds left.\n|inactive|winterbreak has 15 seconds left.\n|inactive|winterbreak has 10 seconds left.\n|\n|t:|1731642980\n|switch|p1a: Rillaboom|Rillaboom, L50, M|100\/100\n|-fieldstart|move: Grassy Terrain|[from] ability: Grassy Surge|[of] p1a: Rillaboom\n|move|p2b: Pelipper|Weather Ball|p1a: Rillaboom\n|-resisted|p1a: Rillaboom\n|-damage|p1a: Rillaboom|72\/100\n|move|p2a: Porygon2|Tera Blast|p1b: Incineroar|[anim] Tera Blast Fighting\n|-supereffective|p1b: Incineroar\n|-crit|p1b: Incineroar\n|-damage|p1b: Incineroar|0 fnt\n|faint|p1b: Incineroar\n|\n|-weather|RainDance|[upkeep]\n|-heal|p1a: Rillaboom|78\/100|[from] Grassy Terrain\n|-heal|p2a: Porygon2|92\/100|[from] Grassy Terrain\n|upkeep\n|inactive|winterbreak has 30 seconds left.\n|inactive|winterbreak has 20 seconds left.\n|\n|t:|1731643015\n|switch|p1b: Gholdengo|Gholdengo, L50|100\/100\n|turn|5\n|inactive|winterbreak has 30 seconds left.\n|inactive|winterbreak has 20 seconds left.\n|inactive|winterbreak has 15 seconds left.\n|inactive|winterbreak has 10 seconds left.\n|\n|t:|1731643061\n|switch|p2b: Archaludon|Archaludon, L50, F|73\/100\n|move|p1a: Rillaboom|Grassy Glide|p2b: Archaludon\n|-resisted|p2b: Archaludon\n|-damage|p2b: Archaludon|65\/100\n|-ability|p2b: Archaludon|Stamina|boost\n|-boost|p2b: Archaludon|def|1\n|move|p1b: Gholdengo|Shadow Ball|p2b: Archaludon\n|-damage|p2b: Archaludon|21\/100\n|-ability|p2b: Archaludon|Stamina|boost\n|-boost|p2b: Archaludon|def|1\n|move|p2a: Porygon2|Ice Beam|p1a: Rillaboom\n|-supereffective|p1a: Rillaboom\n|-damage|p1a: Rillaboom|44\/100\n|\n|-weather|none\n|-heal|p1a: Rillaboom|50\/100|[from] Grassy Terrain\n|-heal|p2b: Archaludon|27\/100|[from] Grassy Terrain\n|-heal|p2a: Porygon2|98\/100|[from] Grassy Terrain\n|upkeep\n|turn|6\n|inactive|winterbreak has 30 seconds left.\n|inactive|TimmytheGlueEater has 30 seconds left.\n|\n|t:|1731643093\n|switch|p2b: Incineroar|Incineroar, L50, F|100\/100\n|-ability|p2b: Incineroar|Intimidate|boost\n|-unboost|p1a: Rillaboom|atk|1\n|-unboost|p1b: Gholdengo|atk|1\n|move|p1a: Rillaboom|Grassy Glide|p2a: Porygon2\n|-damage|p2a: Porygon2|79\/100\n|move|p1b: Gholdengo|Shadow Ball|p2b: Incineroar\n|-resisted|p2b: Incineroar\n|-damage|p2b: Incineroar|79\/100\n|move|p2a: Porygon2|Trick Room|p2a: Porygon2\n|-fieldstart|move: Trick Room|[of] p2a: Porygon2\n|\n|-heal|p2a: Porygon2|85\/100|[from] Grassy Terrain\n|-heal|p2b: Incineroar|85\/100|[from] Grassy Terrain\n|-heal|p1a: Rillaboom|56\/100|[from] Grassy Terrain\n|upkeep\n|turn|7\n|-message|winterbreak forfeited.\n|\n|win|TimmytheGlueEater\n|raw|winterbreak's rating: 1854 &rarr; <strong>1823<\/strong><br \/>(-31 for losing)\n|raw|TimmytheGlueEater's rating: 1634 &rarr; <strong>1665<\/strong><br \/>(+31 for winning)\n|l|\u2606winterbreak\n|player|p1|\n","uploadtime":1731643119,"views":33,"formatid":"gen9vgc2024regh","rating":1665,"private":0,"password":null}