{"id":"gen9vgc2024regh-2244409563","format":"[Gen 9] VGC 2024 Reg H","players":["darioggggggg","VGCLTH MinamiSimp"],"log":"|raw|<div class=\"broadcast-blue\"><strong>This battle is required to be public due to a player having a name starting with 'vgclth'.<\/div>\n|j|\u2606darioggggggg\n|j|\u2606VGCLTH MinamiSimp\n|t:|1731680414\n|gametype|doubles\n|player|p1|darioggggggg|101|1764\n|player|p2|VGCLTH MinamiSimp|miku-water|1853\n|teamsize|p1|6\n|teamsize|p2|6\n|gen|9\n|tier|[Gen 9] VGC 2024 Reg H\n|rated|\n|rule|Species Clause: Limit one of each Pok\u00e9mon\n|rule|Item Clause: Limit 1 of each item\n|clearpoke\n|poke|p1|Incineroar, L50, F|\n|poke|p1|Porygon2, L50|\n|poke|p1|Charizard, L50, F|\n|poke|p1|Jumpluff, L50, F|\n|poke|p1|Torkoal, L50, F|\n|poke|p1|Ursaluna, L50, F|\n|poke|p2|Archaludon, L50, M|\n|poke|p2|Pelipper, L50, M|\n|poke|p2|Electabuzz, L50, M|\n|poke|p2|Kingambit, L50, M|\n|poke|p2|Rillaboom, L50, M|\n|poke|p2|Basculegion, L50, M|\n|teampreview|4\n|inactive|Battle timer is ON: inactive players will automatically lose when time's up. (requested by VGCLTH MinamiSimp)\n|\n|t:|1731680441\n|start\n|switch|p1a: Jumpluff|Jumpluff, L50, F|100\/100\n|switch|p1b: Porygon2|Porygon2, L50|100\/100\n|switch|p2a: Basculegion|Basculegion, L50, M|100\/100\n|switch|p2b: Archaludon|Archaludon, L50, M|100\/100\n|-ability|p1b: Porygon2|Download|boost\n|-boost|p1b: Porygon2|spa|1\n|turn|1\n|inactive|VGCLTH MinamiSimp has 30 seconds left.\n|inactive|VGCLTH MinamiSimp has 20 seconds left.\n|inactive|VGCLTH MinamiSimp has 15 seconds left.\n|inactive|VGCLTH MinamiSimp has 10 seconds left.\n|inactive|VGCLTH MinamiSimp has 5 seconds left.\n|\n|t:|1731680493\n|-terastallize|p2a: Basculegion|Grass\n|-terastallize|p1b: Porygon2|Fighting\n|move|p2b: Archaludon|Protect|p2b: Archaludon\n|-singleturn|p2b: Archaludon|Protect\n|move|p1a: Jumpluff|Sleep Powder|p2a: Basculegion\n|-immune|p2a: Basculegion\n|move|p2a: Basculegion|Flip Turn|p1b: Porygon2\n|-damage|p1b: Porygon2|70\/100\n|\n|t:|1731680503\n|switch|p2a: Pelipper|Pelipper, L50, M|100\/100|[from] Flip Turn\n|-weather|RainDance|[from] ability: Drizzle|[of] p2a: Pelipper\n|move|p1b: Porygon2|Tera Blast|p2b: Archaludon|[anim] Tera Blast Fighting\n|-activate|p2b: Archaludon|move: Protect\n|\n|-weather|RainDance|[upkeep]\n|upkeep\n|turn|2\n|\n|t:|1731680524\n|switch|p2a: Basculegion|Basculegion, L50, M, tera:Grass|100\/100\n|switch|p2b: Electabuzz|Electabuzz, L50, M|100\/100\n|switch|p1b: Torkoal|Torkoal, L50, F|100\/100\n|-weather|SunnyDay|[from] ability: Drought|[of] p1b: Torkoal\n|move|p1a: Jumpluff|Sleep Powder|p2a: Basculegion\n|-immune|p2a: Basculegion\n|\n|-weather|SunnyDay|[upkeep]\n|upkeep\n|turn|3\n|inactive|VGCLTH MinamiSimp has 30 seconds left.\n|\n|t:|1731680550\n|switch|p2a: Pelipper|Pelipper, L50, M|100\/100\n|-weather|RainDance|[from] ability: Drizzle|[of] p2a: Pelipper\n|move|p1a: Jumpluff|Sunny Day|p1a: Jumpluff\n|-weather|SunnyDay\n|move|p2b: Electabuzz|Electroweb|p1b: Torkoal|[spread] p1a,p1b\n|-damage|p1a: Jumpluff|87\/100\n|-damage|p1b: Torkoal|83\/100\n|-unboost|p1a: Jumpluff|spe|1\n|-unboost|p1b: Torkoal|spe|1\n|-enditem|p1b: Torkoal|Eject Pack\n|\n|t:|1731680567\n|switch|p1b: Charizard|Charizard, L50, F|100\/100\n|\n|-weather|SunnyDay|[upkeep]\n|-damage|p1b: Charizard|88\/100|[from] ability: Solar Power|[of] p1b: Charizard\n|upkeep\n|turn|4\n|\n|t:|1731680584\n|move|p1a: Jumpluff|Tailwind|p1a: Jumpluff\n|-sidestart|p1: darioggggggg|move: Tailwind\n|move|p1b: Charizard|Overheat|p2b: Electabuzz\n|-damage|p2b: Electabuzz|0 fnt\n|-unboost|p1b: Charizard|spa|2\n|faint|p2b: Electabuzz\n|move|p2a: Pelipper|Weather Ball|p1a: Jumpluff\n|-supereffective|p1a: Jumpluff\n|-damage|p1a: Jumpluff|0 fnt\n|faint|p1a: Jumpluff\n|\n|-weather|SunnyDay|[upkeep]\n|-damage|p1b: Charizard|76\/100|[from] ability: Solar Power|[of] p1b: Charizard\n|upkeep\n|\n|t:|1731680603\n|switch|p1a: Porygon2|Porygon2, L50, tera:Fighting|70\/100\n|switch|p2b: Archaludon|Archaludon, L50, M|100\/100\n|-ability|p1a: Porygon2|Download|boost\n|-boost|p1a: Porygon2|spa|1\n|turn|5\n|\n|t:|1731680624\n|move|p1b: Charizard|Overheat|p2a: Pelipper\n|-resisted|p2a: Pelipper\n|-damage|p2a: Pelipper|11\/100\n|-unboost|p1b: Charizard|spa|2\n|move|p1a: Porygon2|Ice Beam|p2a: Pelipper\n|-crit|p2a: Pelipper\n|-damage|p2a: Pelipper|0 fnt\n|faint|p2a: Pelipper\n|move|p2b: Archaludon|Flash Cannon|p1a: Porygon2\n|-damage|p1a: Porygon2|54\/100\n|\n|-weather|SunnyDay|[upkeep]\n|-damage|p1b: Charizard|63\/100|[from] ability: Solar Power|[of] p1b: Charizard\n|upkeep\n|j| Mixam91\n|\n|t:|1731680629\n|switch|p2a: Basculegion|Basculegion, L50, M, tera:Grass|100\/100\n|turn|6\n|inactive|VGCLTH MinamiSimp has 30 seconds left.\n|\n|t:|1731680656\n|move|p1b: Charizard|Overheat|p2a: Basculegion\n|-supereffective|p2a: Basculegion\n|-damage|p2a: Basculegion|0 fnt\n|-unboost|p1b: Charizard|spa|2\n|faint|p2a: Basculegion\n|move|p1a: Porygon2|Recover|p1a: Porygon2\n|-heal|p1a: Porygon2|100\/100\n|move|p2b: Archaludon|Flash Cannon|p1a: Porygon2\n|-damage|p1a: Porygon2|83\/100\n|\n|-weather|SunnyDay|[upkeep]\n|-damage|p1b: Charizard|51\/100|[from] ability: Solar Power|[of] p1b: Charizard\n|upkeep\n|turn|7\n|c|\u2606VGCLTH MinamiSimp|gg\n|-message|VGCLTH MinamiSimp forfeited.\n|\n|win|darioggggggg\n|raw|darioggggggg's rating: 1764 &rarr; <strong>1789<\/strong><br \/>(+25 for winning)\n|raw|VGCLTH MinamiSimp's rating: 1853 &rarr; <strong>1828<\/strong><br \/>(-25 for losing)\n|l|\u2606darioggggggg\n|player|p1|\n|l|\u2606VGCLTH MinamiSimp\n|player|p2|\n|l| Mixam91\n","uploadtime":1731680873,"views":63,"formatid":"gen9vgc2024regh","rating":1789,"private":0,"password":null}