{"id":"gen9vgc2024regh-2244808607","format":"[Gen 9] VGC 2024 Reg H","players":["VGCLTH 2thyfor","Nightflash2735"],"log":"|raw|<div class=\"broadcast-blue\"><strong>This battle is required to be public due to a player having a name starting with 'vgclth'.<\/div>\n|j|\u2606VGCLTH 2thyfor\n|j|\u2606Nightflash2735\n|t:|1731724674\n|gametype|doubles\n|player|p1|VGCLTH 2thyfor|2|1747\n|player|p2|Nightflash2735|169|1649\n|teamsize|p1|6\n|teamsize|p2|6\n|gen|9\n|tier|[Gen 9] VGC 2024 Reg H\n|rated|\n|rule|Species Clause: Limit one of each Pok\u00e9mon\n|rule|Item Clause: Limit 1 of each item\n|clearpoke\n|poke|p1|Grimmsnarl, L50, M|\n|poke|p1|Dondozo, L50, M|\n|poke|p1|Sneasler, L50, F|\n|poke|p1|Dragonite, L50, M|\n|poke|p1|Gholdengo, L50|\n|poke|p1|Rillaboom, L50, F|\n|poke|p2|Electabuzz, L50, F|\n|poke|p2|Ursaluna-Bloodmoon, L50, M|\n|poke|p2|Farigiraf, L50, F|\n|poke|p2|Kommo-o, L50, M|\n|poke|p2|Gholdengo, L50|\n|poke|p2|Rillaboom, L50, M|\n|teampreview|4\n|inactive|Battle timer is ON: inactive players will automatically lose when time's up. (requested by VGCLTH 2thyfor)\nVGCLTH 2thyfor has agreed to open team sheets.\nNightflash2735 has agreed to open team sheets.\n|inactive|VGCLTH 2thyfor has 30 seconds left.\n|inactive|Nightflash2735 has 30 seconds left.\n|inactive|Nightflash2735 has 20 seconds left.\n|inactive|Nightflash2735 has 15 seconds left.\n|\n|t:|1731724732\n|start\n|switch|p1a: Grimmsnarl|Grimmsnarl, L50, M|100\/100\n|switch|p1b: Rillaboom|Rillaboom, L50, F|100\/100\n|switch|p2a: Rillaboom|Rillaboom, L50, M|100\/100\n|switch|p2b: Gholdengo|Gholdengo, L50|100\/100\n|-fieldstart|move: Grassy Terrain|[from] ability: Grassy Surge|[of] p1b: Rillaboom\n|turn|1\n|\n|t:|1731724743\n|move|p1b: Rillaboom|Fake Out|p2a: Rillaboom\n|-damage|p2a: Rillaboom|88\/100\n|cant|p2a: Rillaboom|flinch\n|move|p1a: Grimmsnarl|Light Screen|p1a: Grimmsnarl\n|-sidestart|p1: VGCLTH 2thyfor|move: Light Screen\n|move|p2b: Gholdengo|Make It Rain|p1a: Grimmsnarl|[spread] p1a,p1b\n|-supereffective|p1a: Grimmsnarl\n|-crit|p1a: Grimmsnarl\n|-damage|p1a: Grimmsnarl|0 fnt\n|-damage|p1b: Rillaboom|62\/100\n|-unboost|p2b: Gholdengo|spa|1\n|faint|p1a: Grimmsnarl\n|\n|-heal|p1b: Rillaboom|69\/100|[from] Grassy Terrain\n|-heal|p2a: Rillaboom|94\/100|[from] Grassy Terrain\n|upkeep\n|\n|t:|1731724751\n|switch|p1a: Gholdengo|Gholdengo, L50|100\/100\n|turn|2\n|\n|t:|1731724769\n|move|p1a: Gholdengo|Nasty Plot|p1a: Gholdengo\n|-boost|p1a: Gholdengo|spa|2\n|move|p2b: Gholdengo|Make It Rain|p1a: Gholdengo|[spread] p1a,p1b\n|-resisted|p1a: Gholdengo\n|-damage|p1a: Gholdengo|83\/100\n|-damage|p1b: Rillaboom|41\/100\n|-unboost|p2b: Gholdengo|spa|1\n|move|p1b: Rillaboom|Wood Hammer|p2b: Gholdengo\n|-resisted|p2b: Gholdengo\n|-damage|p2b: Gholdengo|58\/100\n|-damage|p1b: Rillaboom|29\/100|[from] Recoil\n|move|p2a: Rillaboom|U-turn|p1b: Rillaboom\n|-supereffective|p1b: Rillaboom\n|-damage|p1b: Rillaboom|0 fnt\n|faint|p1b: Rillaboom\n|\n|t:|1731724785\n|switch|p2a: Electabuzz|Electabuzz, L50, F|100\/100|[from] U-turn\n|\n|-heal|p1a: Gholdengo|89\/100|[from] Grassy Terrain\n|-heal|p2b: Gholdengo|64\/100|[from] Grassy Terrain\n|upkeep\n|\n|t:|1731724789\n|switch|p1b: Sneasler|Sneasler, L50, F|100\/100\n|turn|3\n|\n|t:|1731724795\n|-terastallize|p1b: Sneasler|Stellar\n|move|p2a: Electabuzz|Protect|p2a: Electabuzz\n|-singleturn|p2a: Electabuzz|Protect\n|move|p1b: Sneasler|Close Combat|p2a: Electabuzz\n|-activate|p2a: Electabuzz|move: Protect\n|move|p2b: Gholdengo|Make It Rain|p1b: Sneasler|[spread] p1a,p1b\n|-resisted|p1a: Gholdengo\n|-crit|p1a: Gholdengo\n|-damage|p1a: Gholdengo|27\/100\n|-damage|p1b: Sneasler|68\/100\n|-unboost|p2b: Gholdengo|spa|1\n|move|p1a: Gholdengo|Make It Rain|p2a: Electabuzz|[spread] p2b\n|-activate|p2a: Electabuzz|move: Protect\n|-resisted|p2b: Gholdengo\n|-damage|p2b: Gholdengo|0 fnt\n|-unboost|p1a: Gholdengo|spa|1\n|faint|p2b: Gholdengo\n|-damage|p1a: Gholdengo|17\/100|[from] item: Life Orb\n|\n|-heal|p1b: Sneasler|73\/100|[from] Grassy Terrain\n|-heal|p1a: Gholdengo|23\/100|[from] Grassy Terrain\n|upkeep\n|j| A Giant Rat\n|\n|t:|1731724813\n|switch|p2b: Rillaboom|Rillaboom, L50, M|94\/100\n|turn|4\n|\n|t:|1731724816\n|move|p1b: Sneasler|Protect|p1b: Sneasler\n|-singleturn|p1b: Sneasler|Protect\n|move|p1a: Gholdengo|Protect|p1a: Gholdengo\n|-singleturn|p1a: Gholdengo|Protect\n|move|p2b: Rillaboom|Fake Out|p1b: Sneasler\n|-activate|p1b: Sneasler|move: Protect\n|move|p2a: Electabuzz|Electroweb|p1a: Gholdengo|[spread] \n|-activate|p1a: Gholdengo|move: Protect\n|-activate|p1b: Sneasler|move: Protect\n|\n|-heal|p1b: Sneasler|79\/100|[from] Grassy Terrain\n|-heal|p1a: Gholdengo|29\/100|[from] Grassy Terrain\n|-heal|p2b: Rillaboom|99\/100|[from] Grassy Terrain\n|upkeep\n|turn|5\n|\n|t:|1731724835\n|move|p1b: Sneasler|Close Combat|p2a: Electabuzz\n|-damage|p2a: Electabuzz|10\/100\n|-unboost|p1b: Sneasler|def|1\n|-unboost|p1b: Sneasler|spd|1\n|-status|p2a: Electabuzz|psn|[from] ability: Poison Touch|[of] p1b: Sneasler\n|move|p2a: Electabuzz|Electroweb|p1b: Sneasler|[spread] p1a,p1b\n|-damage|p1a: Gholdengo|18\/100\n|-damage|p1b: Sneasler|60\/100\n|-unboost|p1a: Gholdengo|spe|1\n|-unboost|p1b: Sneasler|spe|1\n|move|p2b: Rillaboom|Wood Hammer|p1a: Gholdengo\n|-resisted|p1a: Gholdengo\n|-damage|p1a: Gholdengo|0 fnt\n|faint|p1a: Gholdengo\n|-damage|p2b: Rillaboom|95\/100|[from] Recoil\n|\n|-heal|p2a: Electabuzz|16\/100 psn|[from] Grassy Terrain\n|-heal|p1b: Sneasler|66\/100|[from] Grassy Terrain\n|-heal|p2b: Rillaboom|100\/100|[from] Grassy Terrain\n|-damage|p2a: Electabuzz|4\/100 psn|[from] psn\n|-fieldend|move: Grassy Terrain\n|upkeep\n|turn|6\n|\n|t:|1731724852\n|move|p1b: Sneasler|Protect|p1b: Sneasler\n|-singleturn|p1b: Sneasler|Protect\n|move|p2a: Electabuzz|Electroweb|p1b: Sneasler\n|-activate|p1b: Sneasler|move: Protect\n|move|p2b: Rillaboom|Wood Hammer|p1b: Sneasler\n|-activate|p1b: Sneasler|move: Protect\n|\n|-damage|p2a: Electabuzz|0 fnt|[from] psn\n|faint|p2a: Electabuzz\n|upkeep\n|\n|t:|1731724868\n|switch|p2a: Ursaluna|Ursaluna-Bloodmoon, L50, M|100\/100\n|turn|7\n|\n|t:|1731724876\n|-terastallize|p2a: Ursaluna|Fairy\n|move|p1b: Sneasler|Dire Claw|p2b: Rillaboom\n|-supereffective|p2b: Rillaboom\n|-damage|p2b: Rillaboom|2\/100\n|move|p2b: Rillaboom|Wood Hammer|p1b: Sneasler\n|-resisted|p1b: Sneasler\n|-damage|p1b: Sneasler|0 fnt\n|faint|p1b: Sneasler\n|-damage|p2b: Rillaboom|0 fnt|[from] Recoil\n|faint|p2b: Rillaboom\n|\n|win|Nightflash2735\n|raw|VGCLTH 2thyfor's rating: 1747 &rarr; <strong>1722<\/strong><br \/>(-25 for losing)\n|raw|Nightflash2735's rating: 1649 &rarr; <strong>1674<\/strong><br \/>(+25 for winning)\n|l|\u2606VGCLTH 2thyfor\n|player|p1|\n","uploadtime":1731724888,"views":53,"formatid":"gen9vgc2024regh","rating":1674,"private":0,"password":null}