{"id":"gen9vgc2024regh-2244336232","format":"[Gen 9] VGC 2024 Reg H","players":["VGCLTH Sac gaming","Tilzy"],"log":"|raw|<div class=\"broadcast-blue\"><strong>This battle is required to be public due to a player having a name starting with 'vgclth'.<\/div>\n|j|\u2606VGCLTH Sac gaming\n|j|\u2606Tilzy\n|t:|1731670257\n|gametype|doubles\n|player|p1|VGCLTH Sac gaming|steven|1683\n|player|p2|Tilzy|266|1871\n|teamsize|p1|6\n|teamsize|p2|6\n|gen|9\n|tier|[Gen 9] VGC 2024 Reg H\n|rated|\n|rule|Species Clause: Limit one of each Pok\u00e9mon\n|rule|Item Clause: Limit 1 of each item\n|clearpoke\n|poke|p1|Whimsicott, L50, M|\n|poke|p1|Dragonite, L50, M|\n|poke|p1|Ursaluna-Bloodmoon, L50, M|\n|poke|p1|Gholdengo, L50|\n|poke|p1|Incineroar, L50, M|\n|poke|p1|Annihilape, L50, M|\n|poke|p2|Toedscruel, L50, F|\n|poke|p2|Weezing-Galar, L50, M|\n|poke|p2|Corviknight, L50, F|\n|poke|p2|Garchomp, L50, M|\n|poke|p2|Typhlosion-Hisui, L50, F|\n|poke|p2|Palafin, L50, F|\n|teampreview|4\n|inactive|Battle timer is ON: inactive players will automatically lose when time's up. (requested by VGCLTH Sac gaming)\nTilzy has agreed to open team sheets.\nVGCLTH Sac gaming rejected open team sheets.\n|j| jlz04t1h\n|\n|t:|1731670285\n|start\n|switch|p1a: Whimsicott|Whimsicott, L50, M|100\/100\n|switch|p1b: Annihilape|Annihilape, L50, M|100\/100\n|switch|p2a: Typhlosion|Typhlosion-Hisui, L50, F|100\/100\n|switch|p2b: Weezing|Weezing-Galar, L50, M|100\/100\n|-ability|p2b: Weezing|Neutralizing Gas\n|turn|1\n|inactive|Tilzy has 30 seconds left.\n|\n|t:|1731670317\n|-terastallize|p1a: Whimsicott|Ghost\n|move|p2a: Typhlosion|Eruption|p1b: Annihilape|[spread] p1a,p1b\n|-crit|p1a: Whimsicott\n|-enditem|p1a: Whimsicott|Focus Sash\n|-damage|p1a: Whimsicott|1\/100\n|-damage|p1b: Annihilape|43\/100\n|move|p1a: Whimsicott|Tailwind|p1a: Whimsicott\n|-sidestart|p1: VGCLTH Sac gaming|move: Tailwind\n|move|p1b: Annihilape|Rage Fist|p2a: Typhlosion\n|-supereffective|p2a: Typhlosion\n|-damage|p2a: Typhlosion|0 fnt\n|faint|p2a: Typhlosion\n|move|p2b: Weezing|Dazzling Gleam|p1b: Annihilape|[spread] p1a,p1b\n|-supereffective|p1b: Annihilape\n|-damage|p1a: Whimsicott|0 fnt\n|-damage|p1b: Annihilape|0 fnt\n|faint|p1a: Whimsicott\n|faint|p1b: Annihilape\n|\n|upkeep\n|\n|t:|1731670323\n|switch|p1a: Ursaluna|Ursaluna-Bloodmoon, L50, M|100\/100\n|switch|p1b: Dragonite|Dragonite, L50, M|100\/100\n|switch|p2a: Corviknight|Corviknight, L50, F|100\/100\n|turn|2\n|\n|t:|1731670337\n|move|p1b: Dragonite|Extreme Speed|p2b: Weezing\n|-damage|p2b: Weezing|70\/100\n|move|p1a: Ursaluna|Earth Power|p2b: Weezing\n|-supereffective|p2b: Weezing\n|-damage|p2b: Weezing|0 fnt\n|faint|p2b: Weezing\n|-end|p2b: Weezing|ability: Neutralizing Gas\n|move|p2a: Corviknight|Tailwind|p2a: Corviknight\n|-sidestart|p2: Tilzy|move: Tailwind\n|\n|upkeep\n|\n|t:|1731670343\n|switch|p2b: Garchomp|Garchomp, L50, M|100\/100\n|turn|3\n|\n|t:|1731670350\n|move|p2b: Garchomp|Protect|p2b: Garchomp\n|-singleturn|p2b: Garchomp|Protect\n|move|p1b: Dragonite|Protect|p1b: Dragonite\n|-singleturn|p1b: Dragonite|Protect\n|move|p2a: Corviknight|Brave Bird|p1b: Dragonite\n|-activate|p1b: Dragonite|move: Protect\n|move|p1a: Ursaluna|Blood Moon|p2b: Garchomp\n|-activate|p2b: Garchomp|move: Protect\n|\n|upkeep\n|turn|4\n|\n|t:|1731670361\n|-terastallize|p2b: Garchomp|Ground\n|move|p2b: Garchomp|Dragon Claw|p1b: Dragonite\n|-supereffective|p1b: Dragonite\n|-damage|p1b: Dragonite|42\/100\n|-damage|p2b: Garchomp|91\/100|[from] item: Life Orb\n|move|p1b: Dragonite|Scale Shot|p2b: Garchomp\n|-damage|p2b: Garchomp|74\/100\n|-crit|p2b: Garchomp\n|-damage|p2b: Garchomp|50\/100\n|-damage|p2b: Garchomp|35\/100\n|-damage|p2b: Garchomp|19\/100\n|-damage|p2b: Garchomp|5\/100\n|-hitcount|p2b: Garchomp|5\n|-unboost|p1b: Dragonite|def|1\n|-boost|p1b: Dragonite|spe|1\n|move|p2a: Corviknight|Brave Bird|p1b: Dragonite\n|-damage|p1b: Dragonite|0 fnt\n|faint|p1b: Dragonite\n|-damage|p2a: Corviknight|89\/100|[from] Recoil\n|move|p1a: Ursaluna|Hyper Voice|p2a: Corviknight|[spread] p2a,p2b\n|-resisted|p2a: Corviknight\n|-damage|p2a: Corviknight|70\/100\n|-damage|p2b: Garchomp|0 fnt\n|faint|p2b: Garchomp\n|\n|-sideend|p1: VGCLTH Sac gaming|move: Tailwind\n|upkeep\n|turn|5\n|\n|t:|1731670379\n|move|p2a: Corviknight|Bulk Up|p2a: Corviknight\n|-boost|p2a: Corviknight|atk|1\n|-boost|p2a: Corviknight|def|1\n|move|p1a: Ursaluna|Blood Moon|p2a: Corviknight\n|-resisted|p2a: Corviknight\n|-damage|p2a: Corviknight|35\/100\n|-enditem|p2a: Corviknight|Sitrus Berry|[eat]\n|-heal|p2a: Corviknight|60\/100|[from] item: Sitrus Berry\n|\n|-sideend|p2: Tilzy|move: Tailwind\n|upkeep\n|turn|6\n|inactive|Tilzy has 30 seconds left.\n|inactive|Tilzy has 20 seconds left.\n|\n|t:|1731670417\n|move|p2a: Corviknight|Roost|p2a: Corviknight\n|-heal|p2a: Corviknight|100\/100\n|-singleturn|p2a: Corviknight|move: Roost\n|move|p1a: Ursaluna|Earth Power|p2a: Corviknight\n|-supereffective|p2a: Corviknight\n|-damage|p2a: Corviknight|7\/100\n|\n|upkeep\n|turn|7\n|\n|t:|1731670421\n|move|p1a: Ursaluna|Vacuum Wave|p2a: Corviknight\n|-damage|p2a: Corviknight|0 fnt\n|faint|p2a: Corviknight\n|\n|win|VGCLTH Sac gaming\n|raw|VGCLTH Sac gaming's rating: 1683 &rarr; <strong>1713<\/strong><br \/>(+30 for winning)\n|raw|Tilzy's rating: 1871 &rarr; <strong>1841<\/strong><br \/>(-30 for losing)\n|c|\u2606VGCLTH Sac gaming|gg\n|l|\u2606Tilzy\n|player|p2|\n|l|\u2606VGCLTH Sac gaming\n|player|p1|\n|l| jlz04t1h\n","uploadtime":1731670427,"views":23,"formatid":"gen9vgc2024regh","rating":1713,"private":0,"password":null}