{"id":"gen9vgc2024regh-2244303861","format":"[Gen 9] VGC 2024 Reg H","players":["crescent5","VGCLTH fangame10"],"log":"|raw|<div class=\"broadcast-blue\"><strong>This battle is required to be public due to a player having a name starting with 'vgclth'.<\/div>\n|j|\u2606crescent5\n|j|\u2606VGCLTH fangame10\n|t:|1731664480\n|gametype|doubles\n|player|p1|crescent5|2|1679\n|player|p2|VGCLTH fangame10|red|1720\n|teamsize|p1|6\n|teamsize|p2|6\n|gen|9\n|tier|[Gen 9] VGC 2024 Reg H\n|rated|\n|rule|Species Clause: Limit one of each Pok\u00e9mon\n|rule|Item Clause: Limit 1 of each item\n|clearpoke\n|poke|p1|Indeedee-F, L50, F|\n|poke|p1|Hatterene, L50, F|\n|poke|p1|Gallade, L50, M|\n|poke|p1|Torkoal, L50, M|\n|poke|p1|Maushold, L50|\n|poke|p1|Annihilape, L50, M|\n|poke|p2|Glaceon, L50, F|\n|poke|p2|Ninetales-Alola, L50, F|\n|poke|p2|Milotic, L50, M|\n|poke|p2|Skeledirge, L50, M|\n|poke|p2|Ursaluna-Bloodmoon, L50, M|\n|poke|p2|Annihilape, L50, M|\n|teampreview|4\n|inactive|Battle timer is ON: inactive players will automatically lose when time's up. (requested by VGCLTH fangame10)\n|\n|t:|1731664509\n|start\n|switch|p1a: Gallade|Gallade, L50, M|100\/100\n|switch|p1b: Indeedee|Indeedee-F, L50, F|100\/100\n|switch|p2a: Skeledirge|Skeledirge, L50, M, shiny|100\/100\n|switch|p2b: Ursaluna|Ursaluna-Bloodmoon, L50, M|100\/100\n|-fieldstart|move: Psychic Terrain|[from] ability: Psychic Surge|[of] p1b: Indeedee\n|-enditem|p1b: Indeedee|Psychic Seed\n|-boost|p1b: Indeedee|spd|1|[from] item: Psychic Seed\n|turn|1\n|j| jlz04t1h\n|\n|t:|1731664539\n|-terastallize|p2b: Ursaluna|Normal\n|move|p1a: Gallade|Wide Guard|p1a: Gallade\n|-singleturn|p1a: Gallade|Wide Guard\n|move|p2a: Skeledirge|Snarl|p1b: Indeedee|[spread] \n|-activate|p1a: Gallade|move: Wide Guard\n|-activate|p1b: Indeedee|move: Wide Guard\n|move|p2b: Ursaluna|Hyper Voice|p1b: Indeedee|[spread] \n|-activate|p1a: Gallade|move: Wide Guard\n|-activate|p1b: Indeedee|move: Wide Guard\n|move|p1b: Indeedee|Trick Room|p1b: Indeedee\n|-fieldstart|move: Trick Room|[of] p1b: Indeedee\n|\n|upkeep\n|turn|2\n|j| Kal0sunleashed\n|\n|t:|1731664557\n|switch|p2b: Ninetales|Ninetales-Alola, L50, F, shiny|100\/100\n|-weather|Snow|[from] ability: Snow Warning|[of] p2b: Ninetales\n|move|p1a: Gallade|Sacred Sword|p2b: Ninetales\n|-damage|p2b: Ninetales|25\/100\n|move|p1b: Indeedee|Baton Pass|p1b: Indeedee\n|\n|t:|1731664565\n|switch|p1b: Hatterene|Hatterene, L50, F|100\/100|[from] Baton Pass\n|move|p2a: Skeledirge|Snarl|p1a: Gallade|[spread] p1a,p1b\n|-crit|p1a: Gallade\n|-damage|p1a: Gallade|83\/100\n|-damage|p1b: Hatterene|85\/100\n|-unboost|p1b: Hatterene|spa|1\n|\n|-weather|Snow|[upkeep]\n|upkeep\n|turn|3\n|\n|t:|1731664577\n|move|p2a: Skeledirge|Protect|p2a: Skeledirge\n|-singleturn|p2a: Skeledirge|Protect\n|move|p2b: Ninetales|Protect|p2b: Ninetales\n|-singleturn|p2b: Ninetales|Protect\n|move|p1b: Hatterene|Expanding Force|p2a: Skeledirge|[spread] \n|-activate|p2a: Skeledirge|move: Protect\n|-activate|p2b: Ninetales|move: Protect\n|move|p1a: Gallade|Psycho Cut|p2a: Skeledirge\n|-activate|p2a: Skeledirge|move: Protect\n|\n|-weather|Snow|[upkeep]\n|upkeep\n|turn|4\n|\n|t:|1731664587\n|switch|p2a: Milotic|Milotic, L50, M, shiny|100\/100\n|move|p2b: Ninetales|Protect|p2b: Ninetales\n|-singleturn|p2b: Ninetales|Protect\n|move|p1b: Hatterene|Expanding Force|p2b: Ninetales|[spread] p2a\n|-activate|p2b: Ninetales|move: Protect\n|-damage|p2a: Milotic|64\/100\n|-damage|p1b: Hatterene|75\/100|[from] item: Life Orb\n|move|p1a: Gallade|Psycho Cut|p2a: Milotic\n|-crit|p2a: Milotic\n|-damage|p2a: Milotic|0 fnt\n|faint|p2a: Milotic\n|\n|-weather|Snow|[upkeep]\n|upkeep\n|\n|t:|1731664589\n|switch|p2a: Skeledirge|Skeledirge, L50, M, shiny|100\/100\n|turn|5\n|\n|t:|1731664604\n|move|p2a: Skeledirge|Protect|p2a: Skeledirge\n|-singleturn|p2a: Skeledirge|Protect\n|move|p2b: Ninetales|Blizzard|p1a: Gallade|[spread] p1a,p1b\n|-damage|p1a: Gallade|57\/100\n|-damage|p1b: Hatterene|55\/100\n|move|p1b: Hatterene|Trick Room|p1b: Hatterene\n|-fieldend|move: Trick Room\n|move|p1a: Gallade|Trick Room|p1a: Gallade\n|-fieldstart|move: Trick Room|[of] p1a: Gallade\n|\n|-weather|Snow|[upkeep]\n|-fieldend|move: Psychic Terrain\n|upkeep\n|turn|6\n|\n|t:|1731664615\n|switch|p1a: Indeedee|Indeedee-F, L50, F|100\/100\n|-fieldstart|move: Psychic Terrain|[from] ability: Psychic Surge|[of] p1a: Indeedee\n|move|p2a: Skeledirge|Protect||[still]\n|-fail|p2a: Skeledirge\n|move|p2b: Ninetales|Protect|p2b: Ninetales\n|-singleturn|p2b: Ninetales|Protect\n|move|p1b: Hatterene|Expanding Force|p2b: Ninetales|[spread] p2a\n|-activate|p2b: Ninetales|move: Protect\n|-damage|p2a: Skeledirge|20\/100\n|-damage|p1b: Hatterene|45\/100|[from] item: Life Orb\n|\n|-weather|none\n|upkeep\n|turn|7\n|\n|t:|1731664628\n|move|p2a: Skeledirge|Protect|p2a: Skeledirge\n|-singleturn|p2a: Skeledirge|Protect\n|move|p2b: Ninetales|Protect|p2b: Ninetales\n|-singleturn|p2b: Ninetales|Protect\n|move|p1b: Hatterene|Expanding Force|p2a: Skeledirge|[spread] \n|-activate|p2a: Skeledirge|move: Protect\n|-activate|p2b: Ninetales|move: Protect\n|move|p1a: Indeedee|Baton Pass|p1a: Indeedee\n|\n|t:|1731664632\n|switch|p1a: Torkoal|Torkoal, L50, M, shiny|100\/100|[from] Baton Pass\n|-weather|SunnyDay|[from] ability: Drought|[of] p1a: Torkoal\n|\n|-weather|SunnyDay|[upkeep]\n|upkeep\n|turn|8\n|\n|t:|1731664636\n|move|p2a: Skeledirge|Protect||[still]\n|-fail|p2a: Skeledirge\n|move|p2b: Ninetales|Protect||[still]\n|-fail|p2b: Ninetales\n|move|p1a: Torkoal|Eruption|p2a: Skeledirge|[spread] p2a,p2b\n|-resisted|p2a: Skeledirge\n|-supereffective|p2b: Ninetales\n|-damage|p2a: Skeledirge|0 fnt\n|-damage|p2b: Ninetales|0 fnt\n|faint|p2a: Skeledirge\n|faint|p2b: Ninetales\n|move|p1b: Hatterene|Expanding Force|p2: Skeledirge|[notarget]\n|-fail|p1b: Hatterene\n|\n|-weather|SunnyDay|[upkeep]\n|upkeep\n|\n|t:|1731664638\n|switch|p2b: Ursaluna|Ursaluna-Bloodmoon, L50, M, tera:Normal|100\/100\n|turn|9\n|\n|t:|1731664645\n|switch|p1a: Indeedee|Indeedee-F, L50, F|100\/100\n|move|p1b: Hatterene|Expanding Force|p2b: Ursaluna\n|-damage|p2b: Ursaluna|44\/100\n|-damage|p1b: Hatterene|36\/100|[from] item: Life Orb\n|move|p2b: Ursaluna|Blood Moon|p1a: Indeedee\n|-damage|p1a: Indeedee|0 fnt\n|faint|p1a: Indeedee\n|\n|-weather|SunnyDay|[upkeep]\n|-fieldend|move: Trick Room\n|upkeep\n|\n|t:|1731664649\n|switch|p1a: Gallade|Gallade, L50, M|57\/100\n|turn|10\n|\n|t:|1731664654\n|move|p1a: Gallade|Sacred Sword|p2b: Ursaluna\n|-supereffective|p2b: Ursaluna\n|-damage|p2b: Ursaluna|0 fnt\n|faint|p2b: Ursaluna\n|\n|win|crescent5\n|raw|crescent5's rating: 1679 &rarr; <strong>1701<\/strong><br \/>(+22 for winning)\n|raw|VGCLTH fangame10's rating: 1720 &rarr; <strong>1698<\/strong><br \/>(-22 for losing)\n|l|\u2606VGCLTH fangame10\n|player|p2|\n|l| Kal0sunleashed\n|l|\u2606crescent5\n|player|p1|\n","uploadtime":1731664667,"views":49,"formatid":"gen9vgc2024regh","rating":1698,"private":0,"password":null}