{"id":"gen9vgc2024regh-2244140231","format":"[Gen 9] VGC 2024 Reg H","players":["VGCLTH Sac gaming","Pastels Badges"],"log":"|raw|<div class=\"broadcast-blue\"><strong>This battle is required to be public due to a player having a name starting with 'vgclth'.<\/div>\n|j|\u2606VGCLTH Sac gaming\n|j|\u2606Pastels Badges\n|t:|1731636625\n|gametype|doubles\n|player|p1|VGCLTH Sac gaming|steven|1675\n|player|p2|Pastels Badges|rosa|1852\n|teamsize|p1|6\n|teamsize|p2|6\n|gen|9\n|tier|[Gen 9] VGC 2024 Reg H\n|rated|\n|rule|Species Clause: Limit one of each Pok\u00e9mon\n|rule|Item Clause: Limit 1 of each item\n|clearpoke\n|poke|p1|Whimsicott, L50, M|\n|poke|p1|Dragonite, L50, F|\n|poke|p1|Ursaluna-Bloodmoon, L50, M|\n|poke|p1|Gholdengo, L50|\n|poke|p1|Incineroar, L50, F|\n|poke|p1|Annihilape, L50, F|\n|poke|p2|Sneasler, L50, F|\n|poke|p2|Dragonite, L50, F|\n|poke|p2|Rillaboom, L50, M|\n|poke|p2|Volcarona, L50, F|\n|poke|p2|Dondozo, L50, M|\n|poke|p2|Kingambit, L50, F|\n|teampreview|4\n|inactive|Battle timer is ON: inactive players will automatically lose when time's up. (requested by VGCLTH Sac gaming)\nVGCLTH Sac gaming rejected open team sheets.\n|inactive|Pastels Badges has 60 seconds left.\n|\n|t:|1731636675\n|start\n|switch|p1a: Whimsicott|Whimsicott, L50, M|100\/100\n|switch|p1b: Annihilape|Annihilape, L50, F|100\/100\n|switch|p2a: Sneasler|Sneasler, L50, F|100\/100\n|switch|p2b: Dondozo|Dondozo, L50, M|100\/100\n|turn|1\n|\n|t:|1731636688\n|move|p1a: Whimsicott|Tailwind|p1a: Whimsicott\n|-sidestart|p1: VGCLTH Sac gaming|move: Tailwind\n|move|p1b: Annihilape|Final Gambit|p2b: Dondozo\n|-damage|p2b: Dondozo|23\/100\n|faint|p1b: Annihilape\n|move|p2a: Sneasler|Dire Claw|p1a: Whimsicott\n|-supereffective|p1a: Whimsicott\n|-enditem|p1a: Whimsicott|Focus Sash\n|-damage|p1a: Whimsicott|1\/100\n|move|p2b: Dondozo|Yawn|p1a: Whimsicott\n|-start|p1a: Whimsicott|move: Yawn|[of] p2b: Dondozo\n|\n|-heal|p2b: Dondozo|30\/100|[from] item: Leftovers\n|upkeep\n|\n|t:|1731636696\n|switch|p1b: Dragonite|Dragonite, L50, F|100\/100\n|turn|2\n|inactive|Pastels Badges has 30 seconds left.\n|\n|t:|1731636725\n|switch|p1a: Ursaluna|Ursaluna-Bloodmoon, L50, M|100\/100\n|move|p1b: Dragonite|Scale Shot|p2a: Sneasler\n|-damage|p2a: Sneasler|77\/100\n|-damage|p2a: Sneasler|51\/100\n|-damage|p2a: Sneasler|26\/100\n|-damage|p2a: Sneasler|0 fnt\n|faint|p2a: Sneasler\n|-hitcount|p2: Sneasler|4\n|-unboost|p1b: Dragonite|def|1\n|-boost|p1b: Dragonite|spe|1\n|move|p2b: Dondozo|Yawn|p1b: Dragonite\n|-start|p1b: Dragonite|move: Yawn|[of] p2b: Dondozo\n|\n|-heal|p2b: Dondozo|36\/100|[from] item: Leftovers\n|upkeep\n|j| plplk\n|inactive|Pastels Badges has 30 seconds left.\n|\n|t:|1731636757\n|switch|p2a: Rillaboom|Rillaboom, L50, M|100\/100\n|-fieldstart|move: Grassy Terrain|[from] ability: Grassy Surge|[of] p2a: Rillaboom\n|turn|3\n|inactive|Pastels Badges has 30 seconds left.\n|\n|t:|1731636787\n|switch|p1b: Whimsicott|Whimsicott, L50, M|1\/100\n|-terastallize|p1a: Ursaluna|Normal\n|move|p2b: Dondozo|Protect|p2b: Dondozo\n|-singleturn|p2b: Dondozo|Protect\n|move|p1a: Ursaluna|Blood Moon|p2a: Rillaboom\n|-damage|p2a: Rillaboom|15\/100\n|move|p2a: Rillaboom|Wood Hammer|p1a: Ursaluna\n|-damage|p1a: Ursaluna|42\/100\n|-damage|p2a: Rillaboom|0 fnt|[from] Recoil\n|faint|p2a: Rillaboom\n|\n|-heal|p1b: Whimsicott|7\/100|[from] Grassy Terrain\n|-heal|p1a: Ursaluna|48\/100|[from] Grassy Terrain\n|-heal|p2b: Dondozo|42\/100|[from] Grassy Terrain\n|-heal|p2b: Dondozo|48\/100|[from] item: Leftovers\n|upkeep\n|\n|t:|1731636801\n|switch|p2a: Volcarona|Volcarona, L50, F|100\/100\n|turn|4\n|\n|t:|1731636814\n|move|p1b: Whimsicott|Encore|p2b: Dondozo\n|-start|p2b: Dondozo|Encore\n|move|p1a: Ursaluna|Hyper Voice|p2a: Volcarona|[spread] p2a,p2b\n|-damage|p2a: Volcarona|55\/100\n|-damage|p2b: Dondozo|11\/100\n|move|p2a: Volcarona|Heat Wave|p1a: Ursaluna|[spread] p1a,p1b\n|-supereffective|p1b: Whimsicott\n|-damage|p1a: Ursaluna|21\/100\n|-damage|p1b: Whimsicott|0 fnt\n|faint|p1b: Whimsicott\n|move|p2b: Dondozo|Protect||[still]\n|-fail|p2b: Dondozo\n|\n|-heal|p1a: Ursaluna|27\/100|[from] Grassy Terrain\n|-heal|p2a: Volcarona|61\/100|[from] Grassy Terrain\n|-heal|p2b: Dondozo|17\/100|[from] Grassy Terrain\n|-heal|p2b: Dondozo|23\/100|[from] item: Leftovers\n|-sideend|p1: VGCLTH Sac gaming|move: Tailwind\n|upkeep\n|\n|t:|1731636819\n|switch|p1b: Dragonite|Dragonite, L50, F|100\/100\n|turn|5\n|\n|t:|1731636843\n|-terastallize|p2a: Volcarona|Fairy\n|move|p2b: Dondozo|Protect|p2b: Dondozo\n|-singleturn|p2b: Dondozo|Protect\n|move|p1b: Dragonite|Extreme Speed|p2a: Volcarona\n|-damage|p2a: Volcarona|32\/100\n|-status|p1b: Dragonite|brn|[from] ability: Flame Body|[of] p2a: Volcarona\n|-enditem|p2a: Volcarona|Sitrus Berry|[eat]\n|-heal|p2a: Volcarona|57\/100|[from] item: Sitrus Berry\n|move|p1a: Ursaluna|Vacuum Wave|p2a: Volcarona\n|-resisted|p2a: Volcarona\n|-damage|p2a: Volcarona|50\/100\n|move|p2a: Volcarona|Heat Wave|p1a: Ursaluna|[spread] p1a\n|-miss|p2a: Volcarona|p1b: Dragonite\n|-damage|p1a: Ursaluna|2\/100\n|\n|-heal|p2a: Volcarona|56\/100|[from] Grassy Terrain\n|-heal|p1a: Ursaluna|8\/100|[from] Grassy Terrain\n|-heal|p2b: Dondozo|30\/100|[from] Grassy Terrain\n|-heal|p2b: Dondozo|36\/100|[from] item: Leftovers\n|-damage|p1b: Dragonite|95\/100 brn|[from] brn\n|upkeep\n|turn|6\n|inactive|VGCLTH Sac gaming has 30 seconds left.\n|\n|t:|1731636869\n|move|p2b: Dondozo|Protect||[still]\n|-fail|p2b: Dondozo\n|move|p1b: Dragonite|Extreme Speed|p2a: Volcarona\n|-crit|p2a: Volcarona\n|-damage|p2a: Volcarona|34\/100\n|move|p2a: Volcarona|Tera Blast|p1a: Ursaluna|[anim] Tera Blast Fairy\n|-damage|p1a: Ursaluna|0 fnt\n|faint|p1a: Ursaluna\n|\n|-heal|p2a: Volcarona|40\/100|[from] Grassy Terrain\n|-heal|p2b: Dondozo|42\/100|[from] Grassy Terrain\n|-heal|p2b: Dondozo|48\/100|[from] item: Leftovers\n|-damage|p1b: Dragonite|89\/100 brn|[from] brn\n|-end|p2b: Dondozo|Encore\n|upkeep\n|turn|7\n|\n|t:|1731636880\n|move|p1b: Dragonite|Extreme Speed|p2a: Volcarona\n|-damage|p2a: Volcarona|25\/100\n|move|p2a: Volcarona|Tera Blast|p1b: Dragonite|[anim] Tera Blast Fairy\n|-supereffective|p1b: Dragonite\n|-crit|p1b: Dragonite\n|-damage|p1b: Dragonite|0 fnt\n|faint|p1b: Dragonite\n|\n|win|Pastels Badges\n|raw|VGCLTH Sac gaming's rating: 1675 &rarr; <strong>1664<\/strong><br \/>(-11 for losing)\n|raw|Pastels Badges's rating: 1852 &rarr; <strong>1863<\/strong><br \/>(+11 for winning)\n","uploadtime":1731636884,"views":35,"formatid":"gen9vgc2024regh","rating":1664,"private":0,"password":null}