{"id":"gen9vgc2024regh-2244807286","format":"[Gen 9] VGC 2024 Reg H","players":["VGCLTH TnB","AMY0134"],"log":"|raw|<div class=\"broadcast-blue\"><strong>This battle is required to be public due to a player having a name starting with 'vgclth'.<\/div>\n|j|\u2606VGCLTH TnB\n|j|\u2606AMY0134\n|t:|1731724493\n|gametype|doubles\n|player|p1|VGCLTH TnB|roxanne-masters|1838\n|player|p2|AMY0134|blackbelt-gen4dp|1782\n|teamsize|p1|6\n|teamsize|p2|6\n|gen|9\n|tier|[Gen 9] VGC 2024 Reg H\n|rated|\n|rule|Species Clause: Limit one of each Pok\u00e9mon\n|rule|Item Clause: Limit 1 of each item\n|clearpoke\n|poke|p1|Klefki, L50, F|\n|poke|p1|Annihilape, L50, M|\n|poke|p1|Archaludon, L50, F|\n|poke|p1|Maushold, L50|\n|poke|p1|Sinistcha, L50|\n|poke|p1|Pelipper, L50, F|\n|poke|p2|Maushold-Four, L50|\n|poke|p2|Annihilape, L50, F|\n|poke|p2|Sneasler, L50, F|\n|poke|p2|Indeedee, L50, M|\n|poke|p2|Decidueye-Hisui, L50, F|\n|poke|p2|Ninetales-Alola, L50, F|\n|teampreview|4\n|inactive|Battle timer is ON: inactive players will automatically lose when time's up. (requested by VGCLTH TnB)\nVGCLTH TnB has agreed to open team sheets.\n|inactive|AMY0134 has 60 seconds left.\n|inactive|VGCLTH TnB has 60 seconds left.\n|j| stewpeed\n|\n|t:|1731724558\n|start\n|switch|p1a: Maushold|Maushold, L50|100\/100\n|switch|p1b: Sinistcha|Sinistcha, L50|100\/100\n|switch|p2a: Indeedee|Indeedee, L50, M, shiny|100\/100\n|switch|p2b: Annihilape|Annihilape, L50, F, shiny|100\/100\n|-fieldstart|move: Psychic Terrain|[from] ability: Psychic Surge|[of] p2a: Indeedee\n|turn|1\n|inactive|VGCLTH TnB has 30 seconds left.\n|\n|t:|1731724585\n|switch|p2a: Ninetales|Ninetales-Alola, L50, F, shiny|100\/100\n|-weather|Snow|[from] ability: Snow Warning|[of] p2a: Ninetales\n|switch|p1b: Archaludon|Archaludon, L50, F|100\/100\n|move|p1a: Maushold|Protect|p1a: Maushold\n|-singleturn|p1a: Maushold|Protect\n|move|p2b: Annihilape|Drain Punch|p1a: Maushold\n|-activate|p1a: Maushold|move: Protect\n|\n|-weather|Snow|[upkeep]\n|upkeep\n|turn|2\n|inactive|AMY0134 has 30 seconds left.\n|\n|t:|1731724612\n|switch|p1a: Pelipper|Pelipper, L50, F|100\/100\n|-weather|RainDance|[from] ability: Drizzle|[of] p1a: Pelipper\n|move|p2a: Ninetales|Icy Wind|p1a: Pelipper|[spread] p1a,p1b\n|-damage|p1a: Pelipper|81\/100\n|-damage|p1b: Archaludon|90\/100\n|-unboost|p1a: Pelipper|spe|1\n|-unboost|p1b: Archaludon|spe|1\n|-ability|p1b: Archaludon|Stamina|boost\n|-boost|p1b: Archaludon|def|1\n|move|p2b: Annihilape|Drain Punch|p1b: Archaludon\n|-supereffective|p1b: Archaludon\n|-damage|p1b: Archaludon|61\/100\n|-ability|p1b: Archaludon|Stamina|boost\n|-boost|p1b: Archaludon|def|1\n|move|p1b: Archaludon|Flash Cannon|p2a: Ninetales\n|-supereffective|p2a: Ninetales\n|-damage|p2a: Ninetales|0 fnt\n|faint|p2a: Ninetales\n|\n|-weather|RainDance|[upkeep]\n|upkeep\n|\n|t:|1731724637\n|switch|p2a: Indeedee|Indeedee, L50, M, shiny|100\/100\n|turn|3\n|inactive|VGCLTH TnB has 30 seconds left.\n|inactive|VGCLTH TnB has 20 seconds left.\n|\n|t:|1731724673\n|switch|p1a: Maushold|Maushold, L50|100\/100\n|move|p2a: Indeedee|Expanding Force|p1b: Archaludon|[spread] p1a,p1b\n|-resisted|p1b: Archaludon\n|-damage|p1a: Maushold|45\/100\n|-damage|p1b: Archaludon|48\/100\n|-ability|p1b: Archaludon|Stamina|boost\n|-boost|p1b: Archaludon|def|1\n|move|p2b: Annihilape|Drain Punch|p1a: Maushold\n|-supereffective|p1a: Maushold\n|-damage|p1a: Maushold|0 fnt\n|faint|p1a: Maushold\n|move|p1b: Archaludon|Electro Shot||[still]\n|-prepare|p1b: Archaludon|Electro Shot\n|-boost|p1b: Archaludon|spa|1\n|-anim|p1b: Archaludon|Electro Shot|p2a: Indeedee\n|-damage|p2a: Indeedee|19\/100\n|\n|-weather|RainDance|[upkeep]\n|upkeep\n|\n|t:|1731724679\n|switch|p1a: Sinistcha|Sinistcha, L50|100\/100\n|-heal|p1b: Archaludon|73\/100|[from] ability: Hospitality|[of] p1a: Sinistcha\n|turn|4\n|inactive|AMY0134 has 30 seconds left.\n|\n|t:|1731724712\n|move|p2a: Indeedee|Expanding Force|p1b: Archaludon|[spread] p1a,p1b\n|-resisted|p1b: Archaludon\n|-damage|p1a: Sinistcha|51\/100\n|-damage|p1b: Archaludon|52\/100\n|-ability|p1b: Archaludon|Stamina|boost\n|-boost|p1b: Archaludon|def|1\n|move|p2b: Annihilape|Final Gambit|p1b: Archaludon\n|-damage|p1b: Archaludon|0 fnt\n|faint|p2b: Annihilape\n|faint|p1b: Archaludon\n|move|p1a: Sinistcha|Trick Room|p1a: Sinistcha\n|-fieldstart|move: Trick Room|[of] p1a: Sinistcha\n|\n|-weather|RainDance|[upkeep]\n|upkeep\n|\n|t:|1731724724\n|switch|p1b: Pelipper|Pelipper, L50, F|81\/100\n|switch|p2b: Decidueye|Decidueye-Hisui, L50, F|100\/100\n|turn|5\n|\n|t:|1731724736\n|-terastallize|p2b: Decidueye|Fire\n|move|p2b: Decidueye|Triple Arrows|p1b: Pelipper\n|-resisted|p1b: Pelipper\n|-crit|p1b: Pelipper\n|-damage|p1b: Pelipper|45\/100\n|move|p1a: Sinistcha|Life Dew|p1a: Sinistcha|[spread] p1a,p1b\n|-heal|p1a: Sinistcha|76\/100\n|-heal|p1b: Pelipper|70\/100\n|move|p1b: Pelipper|Hurricane|p2a: Indeedee\n|-damage|p2a: Indeedee|0 fnt\n|faint|p2a: Indeedee\n|\n|-weather|RainDance|[upkeep]\n|-fieldend|move: Psychic Terrain\n|upkeep\n|turn|6\n|\n|t:|1731724761\n|move|p2b: Decidueye|Triple Arrows|p1b: Pelipper\n|-resisted|p1b: Pelipper\n|-damage|p1b: Pelipper|46\/100\n|cant|p1b: Pelipper|flinch\n|move|p1a: Sinistcha|Trick Room|p1a: Sinistcha\n|-fieldend|move: Trick Room\n|\n|-weather|RainDance|[upkeep]\n|upkeep\n|turn|7\n|\n|t:|1731724774\n|move|p1b: Pelipper|Weather Ball|p2b: Decidueye\n|-supereffective|p2b: Decidueye\n|-damage|p2b: Decidueye|0 fnt\n|faint|p2b: Decidueye\n|\n|win|VGCLTH TnB\n|raw|VGCLTH TnB's rating: 1838 &rarr; <strong>1855<\/strong><br \/>(+17 for winning)\n|raw|AMY0134's rating: 1782 &rarr; <strong>1765<\/strong><br \/>(-17 for losing)\n|l|\u2606AMY0134\n|player|p2|\n|l| stewpeed\n|l|\u2606VGCLTH TnB\n|player|p1|\n","uploadtime":1731724995,"views":45,"formatid":"gen9vgc2024regh","rating":1765,"private":0,"password":null}