{"id":"gen9vgc2024regh-2244485209","format":"[Gen 9] VGC 2024 Reg H","players":["VGCLTH Rishi","jbleacher2"],"log":"|raw|<div class=\"broadcast-blue\"><strong>This battle is required to be public due to a player having a name starting with 'vgclth'.<\/div>\n|j|\u2606VGCLTH Rishi\n|j|\u2606jbleacher2\n|t:|1731688222\n|gametype|doubles\n|player|p1|VGCLTH Rishi|shauntal|1849\n|player|p2|jbleacher2|2|1892\n|teamsize|p1|6\n|teamsize|p2|6\n|gen|9\n|tier|[Gen 9] VGC 2024 Reg H\n|rated|\n|rule|Species Clause: Limit one of each Pok\u00e9mon\n|rule|Item Clause: Limit 1 of each item\n|clearpoke\n|poke|p1|Kommo-o, L50, M|\n|poke|p1|Rillaboom, L50, M|\n|poke|p1|Tyranitar, L50, F|\n|poke|p1|Talonflame, L50, M|\n|poke|p1|Gholdengo, L50|\n|poke|p1|Milotic, L50, F|\n|poke|p2|Murkrow, L50, F|\n|poke|p2|Volcarona, L50, F|\n|poke|p2|Oricorio-Pom-Pom, L50, F|\n|poke|p2|Quaquaval, L50, M|\n|poke|p2|Archaludon, L50, M|\n|poke|p2|Golduck, L50, F|\n|teampreview|4\n|inactive|Battle timer is ON: inactive players will automatically lose when time's up. (requested by jbleacher2)\n|inactive|VGCLTH Rishi has 60 seconds left.\n|j| Furret the heretic\n|inactive|VGCLTH Rishi has 30 seconds left.\n|inactive|VGCLTH Rishi has 20 seconds left.\n|inactive|VGCLTH Rishi has 15 seconds left.\n|inactive|VGCLTH Rishi has 10 seconds left.\n|inactive|VGCLTH Rishi has 5 seconds left.\n|\n|t:|1731688308\n|start\n|switch|p1a: Rillaboom|Rillaboom, L50, M, shiny|100\/100\n|switch|p1b: Tyranitar|Tyranitar, L50, F|100\/100\n|switch|p2a: Quaquaval|Quaquaval, L50, M|100\/100\n|switch|p2b: Oricorio|Oricorio-Pom-Pom, L50, F, shiny|100\/100\n|-fieldstart|move: Grassy Terrain|[from] ability: Grassy Surge|[of] p1a: Rillaboom\n|-weather|Sandstorm|[from] ability: Sand Stream|[of] p1b: Tyranitar\n|turn|1\n|\n|t:|1731688330\n|switch|p1b: Gholdengo|Gholdengo, L50|100\/100\n|-terastallize|p2a: Quaquaval|Ghost\n|move|p1a: Rillaboom|Grassy Glide|p2a: Quaquaval\n|-damage|p2a: Quaquaval|36\/100\n|move|p2a: Quaquaval|Aqua Step|p1b: Gholdengo\n|-damage|p1b: Gholdengo|56\/100\n|-boost|p2a: Quaquaval|spe|1\n|-activate|p2b: Oricorio|ability: Dancer\n|move|p2b: Oricorio|Aqua Step|p1b: Gholdengo|[from]ability: Dancer\n|-damage|p1b: Gholdengo|43\/100\n|-boost|p2b: Oricorio|spe|1\n|move|p2b: Oricorio|Revelation Dance|p1b: Gholdengo\n|-damage|p1b: Gholdengo|0 fnt\n|faint|p1b: Gholdengo\n|\n|-weather|Sandstorm|[upkeep]\n|-damage|p2a: Quaquaval|30\/100|[from] Sandstorm\n|-damage|p2b: Oricorio|94\/100|[from] Sandstorm\n|-damage|p1a: Rillaboom|94\/100|[from] Sandstorm\n|-heal|p2a: Quaquaval|36\/100|[from] Grassy Terrain\n|-heal|p1a: Rillaboom|100\/100|[from] Grassy Terrain\n|upkeep\n|\n|t:|1731688350\n|switch|p1b: Tyranitar|Tyranitar, L50, F|100\/100\n|turn|2\n|\n|t:|1731688366\n|move|p1a: Rillaboom|Grassy Glide|p2a: Quaquaval\n|-damage|p2a: Quaquaval|0 fnt\n|faint|p2a: Quaquaval\n|move|p2b: Oricorio|Baton Pass|p2b: Oricorio\n|\n|t:|1731688369\n|switch|p2b: Archaludon|Archaludon, L50, M|100\/100|[from] Baton Pass\n|move|p1b: Tyranitar|Rock Slide|p2b: Archaludon\n|-resisted|p2b: Archaludon\n|-damage|p2b: Archaludon|84\/100\n|-ability|p2b: Archaludon|Stamina|boost\n|-boost|p2b: Archaludon|def|1\n|\n|-weather|Sandstorm|[upkeep]\n|-damage|p1a: Rillaboom|94\/100|[from] Sandstorm\n|-heal|p2b: Archaludon|90\/100|[from] Grassy Terrain\n|-heal|p1a: Rillaboom|100\/100|[from] Grassy Terrain\n|upkeep\n|\n|t:|1731688374\n|switch|p2a: Oricorio|Oricorio-Pom-Pom, L50, F, shiny|94\/100\n|turn|3\n|inactive|VGCLTH Rishi has 30 seconds left.\n|\n|t:|1731688406\n|-terastallize|p1b: Tyranitar|Flying\n|move|p2b: Archaludon|Body Press|p1b: Tyranitar\n|-resisted|p1b: Tyranitar\n|-damage|p1b: Tyranitar|86\/100\n|move|p2a: Oricorio|Revelation Dance|p1b: Tyranitar\n|-supereffective|p1b: Tyranitar\n|-damage|p1b: Tyranitar|37\/100\n|move|p1a: Rillaboom|Wood Hammer|p2a: Oricorio\n|-resisted|p2a: Oricorio\n|-damage|p2a: Oricorio|15\/100\n|-damage|p1a: Rillaboom|78\/100|[from] Recoil\n|move|p1b: Tyranitar|Knock Off|p2b: Archaludon\n|-damage|p2b: Archaludon|63\/100\n|-ability|p2b: Archaludon|Stamina|boost\n|-boost|p2b: Archaludon|def|1\n|-enditem|p2b: Archaludon|Assault Vest|[from] move: Knock Off|[of] p1b: Tyranitar\n|\n|-weather|Sandstorm|[upkeep]\n|-damage|p2a: Oricorio|9\/100|[from] Sandstorm\n|-damage|p1a: Rillaboom|72\/100|[from] Sandstorm\n|-damage|p1b: Tyranitar|30\/100|[from] Sandstorm\n|-heal|p2b: Archaludon|69\/100|[from] Grassy Terrain\n|-heal|p1a: Rillaboom|78\/100|[from] Grassy Terrain\n|upkeep\n|turn|4\n|\n|t:|1731688428\n|move|p2a: Oricorio|Protect|p2a: Oricorio\n|-singleturn|p2a: Oricorio|Protect\n|move|p1a: Rillaboom|Grassy Glide|p2a: Oricorio\n|-activate|p2a: Oricorio|move: Protect\n|move|p2b: Archaludon|Dragon Pulse|p1b: Tyranitar\n|-damage|p1b: Tyranitar|9\/100\n|move|p1b: Tyranitar|Low Kick|p2b: Archaludon\n|-supereffective|p2b: Archaludon\n|-damage|p2b: Archaludon|47\/100\n|-ability|p2b: Archaludon|Stamina|boost\n|-boost|p2b: Archaludon|def|1\n|\n|-weather|Sandstorm|[upkeep]\n|-damage|p2a: Oricorio|3\/100|[from] Sandstorm\n|-damage|p1a: Rillaboom|72\/100|[from] Sandstorm\n|-damage|p1b: Tyranitar|3\/100|[from] Sandstorm\n|-heal|p2b: Archaludon|53\/100|[from] Grassy Terrain\n|-heal|p1a: Rillaboom|78\/100|[from] Grassy Terrain\n|upkeep\n|turn|5\n|j| DonShitDozo\n|inactive|VGCLTH Rishi has 30 seconds left.\n|l| Furret the heretic\n|inactive|VGCLTH Rishi has 20 seconds left.\n|\n|t:|1731688464\n|switch|p2a: Volcarona|Volcarona, L50, F|100\/100\n|move|p1a: Rillaboom|Grassy Glide|p2a: Volcarona\n|-resisted|p2a: Volcarona\n|-damage|p2a: Volcarona|87\/100\n|-status|p1a: Rillaboom|brn|[from] ability: Flame Body|[of] p2a: Volcarona\n|move|p2b: Archaludon|Dragon Pulse|p1b: Tyranitar\n|-damage|p1b: Tyranitar|0 fnt\n|faint|p1b: Tyranitar\n|\n|-weather|none\n|-heal|p2b: Archaludon|59\/100|[from] Grassy Terrain\n|-heal|p2a: Volcarona|94\/100|[from] Grassy Terrain\n|-heal|p2a: Volcarona|99\/100|[from] item: Leftovers\n|-heal|p1a: Rillaboom|84\/100 brn|[from] Grassy Terrain\n|-damage|p1a: Rillaboom|78\/100 brn|[from] brn\n|-fieldend|move: Grassy Terrain\n|upkeep\n|-message|VGCLTH Rishi forfeited.\n|\n|win|jbleacher2\n|raw|VGCLTH Rishi's rating: 1849 &rarr; <strong>1831<\/strong><br \/>(-18 for losing)\n|raw|jbleacher2's rating: 1892 &rarr; <strong>1910<\/strong><br \/>(+18 for winning)\n|l|\u2606VGCLTH Rishi\n|player|p1|\n|l|\u2606jbleacher2\n|player|p2|\n|l| DonShitDozo\n","uploadtime":1731688736,"views":92,"formatid":"gen9vgc2024regh","rating":1831,"private":0,"password":null}