{"id":"gen9vgc2024regh-2244240041","format":"[Gen 9] VGC 2024 Reg H","players":["greenlightdmp","VGCLTH NOTREALVGC"],"log":"|raw|<div class=\"broadcast-blue\"><strong>This battle is required to be public due to a player having a name starting with 'vgclth'.<\/div>\n|j|\u2606greenlightdmp\n|j|\u2606VGCLTH NOTREALVGC\n|t:|1731652049\n|gametype|doubles\n|player|p1|greenlightdmp|102|1782\n|player|p2|VGCLTH NOTREALVGC|dawn|1768\n|teamsize|p1|6\n|teamsize|p2|6\n|gen|9\n|tier|[Gen 9] VGC 2024 Reg H\n|rated|\n|rule|Species Clause: Limit one of each Pok\u00e9mon\n|rule|Item Clause: Limit 1 of each item\n|clearpoke\n|poke|p1|Pelipper, L50, M|\n|poke|p1|Archaludon, L50, F|\n|poke|p1|Sneasler, L50, M|\n|poke|p1|Dragonite, L50, F|\n|poke|p1|Basculegion, L50, M|\n|poke|p1|Rillaboom, L50, F|\n|poke|p2|Indeedee, L50, M|\n|poke|p2|Dondozo, L50, M|\n|poke|p2|Talonflame, L50, M|\n|poke|p2|Tatsugiri, L50, M|\n|poke|p2|Sneasler, L50, M|\n|poke|p2|Ursaluna-Bloodmoon, L50, M|\n|teampreview|4\n|inactive|Battle timer is ON: inactive players will automatically lose when time's up. (requested by VGCLTH NOTREALVGC)\n|j| tjoahy\n|inactive|greenlightdmp has 60 seconds left.\n|inactive|VGCLTH NOTREALVGC has 60 seconds left.\nVGCLTH NOTREALVGC has agreed to open team sheets.\n|inactive|VGCLTH NOTREALVGC has 30 seconds left.\n|\n|t:|1731652112\n|start\n|switch|p1a: Pelipper|Pelipper, L50, M|100\/100\n|switch|p1b: Rillaboom|Rillaboom, L50, F|100\/100\n|switch|p2a: Indeedee|Indeedee, L50, M|100\/100\n|switch|p2b: Sneasler|Sneasler, L50, M|100\/100\n|-fieldstart|move: Psychic Terrain|[from] ability: Psychic Surge|[of] p2a: Indeedee\n|-enditem|p2b: Sneasler|Psychic Seed\n|-boost|p2b: Sneasler|spd|1|[from] item: Psychic Seed\n|-fieldstart|move: Grassy Terrain|[from] ability: Grassy Surge|[of] p1b: Rillaboom\n|-weather|RainDance|[from] ability: Drizzle|[of] p1a: Pelipper\n|turn|1\n|j| VGCLTH TnB\n|inactive|greenlightdmp has 30 seconds left.\n|j| AlabamaChristian\n|inactive|greenlightdmp has 20 seconds left.\n|\n|t:|1731652150\n|switch|p2a: Talonflame|Talonflame, L50, M|100\/100\n|move|p1b: Rillaboom|Fake Out|p2b: Sneasler\n|-damage|p2b: Sneasler|77\/100\n|cant|p2b: Sneasler|flinch\n|move|p1a: Pelipper|Tailwind|p1a: Pelipper\n|-sidestart|p1: greenlightdmp|move: Tailwind\n|\n|-weather|RainDance|[upkeep]\n|-heal|p2b: Sneasler|83\/100|[from] Grassy Terrain\n|upkeep\n|turn|2\n|inactive|greenlightdmp has 30 seconds left.\n|inactive|VGCLTH NOTREALVGC has 30 seconds left.\n|\n|t:|1731652185\n|move|p2b: Sneasler|Protect|p2b: Sneasler\n|-singleturn|p2b: Sneasler|Protect\n|move|p1b: Rillaboom|Grassy Glide|p2a: Talonflame\n|-resisted|p2a: Talonflame\n|-damage|p2a: Talonflame|87\/100\n|move|p1a: Pelipper|Weather Ball|p2a: Talonflame\n|-supereffective|p2a: Talonflame\n|-damage|p2a: Talonflame|0 fnt\n|faint|p2a: Talonflame\n|\n|-weather|RainDance|[upkeep]\n|-heal|p2b: Sneasler|89\/100|[from] Grassy Terrain\n|upkeep\n|\n|t:|1731652187\n|switch|p2a: Indeedee|Indeedee, L50, M|100\/100\n|-fieldstart|move: Psychic Terrain|[from] ability: Psychic Surge|[of] p2a: Indeedee\n|turn|3\n|l| VGCLTH TnB\n|inactive|greenlightdmp has 30 seconds left.\n|\n|t:|1731652214\n|-terastallize|p2b: Sneasler|Dark\n|move|p2b: Sneasler|Dire Claw|p1a: Pelipper\n|-damage|p1a: Pelipper|45\/100\n|-status|p1a: Pelipper|par\n|move|p1b: Rillaboom|Bullet Seed|p2a: Indeedee\n|-damage|p2a: Indeedee|74\/100\n|-damage|p2a: Indeedee|49\/100\n|-damage|p2a: Indeedee|20\/100\n|-damage|p2a: Indeedee|0 fnt\n|faint|p2a: Indeedee\n|-hitcount|p2: Indeedee|4\n|move|p1a: Pelipper|Hurricane|p2b: Sneasler\n|-damage|p2b: Sneasler|48\/100\n|-start|p2b: Sneasler|confusion\n|\n|-weather|RainDance|[upkeep]\n|upkeep\n|\n|t:|1731652221\n|switch|p2a: Ursaluna|Ursaluna-Bloodmoon, L50, M|100\/100\n|turn|4\n|\n|t:|1731652244\n|-activate|p2b: Sneasler|confusion\n|move|p2b: Sneasler|Dire Claw|p1a: Pelipper\n|-damage|p1a: Pelipper|0 fnt\n|faint|p1a: Pelipper\n|move|p1b: Rillaboom|Bullet Seed|p2a: Ursaluna\n|-supereffective|p2a: Ursaluna\n|-damage|p2a: Ursaluna|81\/100\n|-supereffective|p2a: Ursaluna\n|-damage|p2a: Ursaluna|61\/100\n|-supereffective|p2a: Ursaluna\n|-damage|p2a: Ursaluna|42\/100\n|-supereffective|p2a: Ursaluna\n|-damage|p2a: Ursaluna|22\/100\n|-hitcount|p2a: Ursaluna|4\n|move|p2a: Ursaluna|Blood Moon|p1b: Rillaboom\n|-damage|p1b: Rillaboom|4\/100\n|-damage|p2a: Ursaluna|13\/100|[from] item: Life Orb\n|\n|-weather|RainDance|[upkeep]\n|-sideend|p1: greenlightdmp|move: Tailwind\n|upkeep\n|\n|t:|1731652261\n|switch|p1a: Dragonite|Dragonite, L50, F|100\/100\n|turn|5\n|inactive|greenlightdmp has 30 seconds left.\n|\n|t:|1731652289\n|-activate|p2b: Sneasler|confusion\n|move|p2b: Sneasler|Dire Claw|p1b: Rillaboom\n|-supereffective|p1b: Rillaboom\n|-damage|p1b: Rillaboom|0 fnt\n|faint|p1b: Rillaboom\n|move|p1a: Dragonite|Stomping Tantrum|p2b: Sneasler\n|-damage|p2b: Sneasler|0 fnt\n|faint|p2b: Sneasler\n|move|p2a: Ursaluna|Hyper Voice|p1a: Dragonite\n|-damage|p1a: Dragonite|62\/100\n|-damage|p2a: Ursaluna|3\/100|[from] item: Life Orb\n|\n|-weather|none\n|upkeep\n|\n|t:|1731652300\n|switch|p1b: MACHBACK|Archaludon, L50, F|100\/100\n|turn|6\n|-message|VGCLTH NOTREALVGC forfeited.\n|\n|win|greenlightdmp\n|raw|greenlightdmp's rating: 1782 &rarr; <strong>1801<\/strong><br \/>(+19 for winning)\n|raw|VGCLTH NOTREALVGC's rating: 1768 &rarr; <strong>1749<\/strong><br \/>(-19 for losing)\n|l|\u2606VGCLTH NOTREALVGC\n|player|p2|\n","uploadtime":1731652314,"views":64,"formatid":"gen9vgc2024regh","rating":1749,"private":0,"password":null}