{"id":"gen9vgc2024regh-2244262012","format":"[Gen 9] VGC 2024 Reg H","players":["Aki Hoshino","emu2567"],"log":"|j|\u2606Aki Hoshino\n|j|\u2606emu2567\n|t:|1731656479\n|gametype|doubles\n|player|p1|Aki Hoshino|aromalady|1686\n|player|p2|emu2567|acetrainerf|1791\n|teamsize|p1|6\n|teamsize|p2|6\n|gen|9\n|tier|[Gen 9] VGC 2024 Reg H\n|rated|\n|rule|Species Clause: Limit one of each Pok\u00e9mon\n|rule|Item Clause: Limit 1 of each item\n|clearpoke\n|poke|p1|Grimmsnarl, L50, M|\n|poke|p1|Volcarona, L50, F|\n|poke|p1|Gholdengo, L50|\n|poke|p1|Ursaluna-Bloodmoon, L50, M|\n|poke|p1|Annihilape, L50, M|\n|poke|p1|Primarina, L50, F|\n|poke|p2|Gastrodon, L50, F|\n|poke|p2|Farigiraf, L50, M|\n|poke|p2|Grimmsnarl, L50, M|\n|poke|p2|Annihilape, L50, M|\n|poke|p2|Incineroar, L50, M|\n|poke|p2|Ursaluna-Bloodmoon, L50, M|\n|teampreview|4\n|\n|t:|1731656510\n|start\n|switch|p1a: Grimmsnarl|Grimmsnarl, L50, M|100\/100\n|switch|p1b: Annihilape|Annihilape, L50, M|100\/100\n|switch|p2a: Farigiraf|Farigiraf, L50, M|100\/100\n|switch|p2b: Incineroar|Incineroar, L50, M|100\/100\n|turn|1\n|\n|t:|1731656550\n|move|p1b: Annihilape|Protect|p1b: Annihilape\n|-singleturn|p1b: Annihilape|Protect\n|move|p1a: Grimmsnarl|Light Screen|p1a: Grimmsnarl\n|-sidestart|p1: Aki Hoshino|move: Light Screen\n|move|p2b: Incineroar|Knock Off|p1b: Annihilape\n|-activate|p1b: Annihilape|move: Protect\n|move|p2a: Farigiraf|Trick Room|p2a: Farigiraf\n|-fieldstart|move: Trick Room|[of] p2a: Farigiraf\n|\n|upkeep\n|turn|2\n|\n|t:|1731656591\n|-terastallize|p1b: Annihilape|Water\n|move|p1a: Grimmsnarl|Reflect|p1a: Grimmsnarl\n|-sidestart|p1: Aki Hoshino|Reflect\n|move|p2a: Farigiraf|Earthquake|p1a: Grimmsnarl|[spread] p2b,p1a,p1b\n|-supereffective|p2b: Incineroar\n|-damage|p2b: Incineroar|68\/100\n|-damage|p1a: Grimmsnarl|90\/100\n|-damage|p1b: Annihilape|89\/100\n|-enditem|p2b: Incineroar|Weakness Policy\n|-boost|p2b: Incineroar|atk|2|[from] item: Weakness Policy\n|-boost|p2b: Incineroar|spa|2|[from] item: Weakness Policy\n|move|p2b: Incineroar|Knock Off|p1b: Annihilape\n|-damage|p1b: Annihilape|16\/100\n|-enditem|p1b: Annihilape|Safety Goggles|[from] move: Knock Off|[of] p2b: Incineroar\n|move|p1b: Annihilape|Bulk Up|p1b: Annihilape\n|-boost|p1b: Annihilape|atk|1\n|-boost|p1b: Annihilape|def|1\n|\n|upkeep\n|turn|3\n|\n|t:|1731656618\n|move|p1b: Annihilape|Protect|p1b: Annihilape\n|-singleturn|p1b: Annihilape|Protect\n|move|p2a: Farigiraf|Psychic Noise|p1b: Annihilape\n|-activate|p1b: Annihilape|move: Protect\n|move|p2b: Incineroar|Flare Blitz|p1a: Grimmsnarl\n|-damage|p1a: Grimmsnarl|9\/100\n|-damage|p2b: Incineroar|41\/100|[from] Recoil\n|move|p1a: Grimmsnarl|Spirit Break|p2b: Incineroar\n|-damage|p2b: Incineroar|12\/100\n|-unboost|p2b: Incineroar|spa|1\n|\n|upkeep\n|turn|4\n|j| mr pogostick\n|l| mr pogostick\n|\n|t:|1731656693\n|switch|p1a: Primarina|Primarina, L50, F|100\/100\n|move|p2a: Farigiraf|Psychic Noise|p1b: Annihilape\n|-damage|p1b: Annihilape|0 fnt\n|faint|p1b: Annihilape\n|move|p2b: Incineroar|Knock Off|p1a: Primarina\n|-resisted|p1a: Primarina\n|-damage|p1a: Primarina|65\/100\n|-enditem|p1a: Primarina|Sitrus Berry|[from] move: Knock Off|[of] p2b: Incineroar\n|\n|upkeep\n|\n|t:|1731656704\n|switch|p1b: Ursaluna|Ursaluna-Bloodmoon, L50, M|100\/100\n|turn|5\n|\n|t:|1731656717\n|move|p2a: Farigiraf|Psychic Noise|p1b: Ursaluna\n|-damage|p1b: Ursaluna|91\/100\n|-start|p1b: Ursaluna|move: Heal Block\n|move|p2b: Incineroar|Close Combat|p1b: Ursaluna\n|-supereffective|p1b: Ursaluna\n|-crit|p1b: Ursaluna\n|-damage|p1b: Ursaluna|0 fnt\n|-unboost|p2b: Incineroar|def|1\n|-unboost|p2b: Incineroar|spd|1\n|faint|p1b: Ursaluna\n|move|p1a: Primarina|Moonblast|p2a: Farigiraf\n|-damage|p2a: Farigiraf|62\/100\n|\n|-fieldend|move: Trick Room\n|upkeep\n|\n|t:|1731656730\n|switch|p1b: Grimmsnarl|Grimmsnarl, L50, M|9\/100\n|turn|6\n|\n|t:|1731656746\n|move|p1a: Primarina|Moonblast|p2a: Farigiraf\n|-damage|p2a: Farigiraf|22\/100\n|move|p1b: Grimmsnarl|Spirit Break|p2b: Incineroar\n|-damage|p2b: Incineroar|0 fnt\n|faint|p2b: Incineroar\n|move|p2a: Farigiraf|Trick Room|p2a: Farigiraf\n|-fieldstart|move: Trick Room|[of] p2a: Farigiraf\n|\n|upkeep\n|\n|t:|1731656756\n|switch|p2b: Ursaluna|Ursaluna-Bloodmoon, L50, M|100\/100\n|turn|7\n|\n|t:|1731656765\n|-terastallize|p2b: Ursaluna|Normal\n|move|p2b: Ursaluna|Hyper Voice|p1a: Primarina|[spread] p1a,p1b\n|-damage|p1a: Primarina|17\/100\n|-damage|p1b: Grimmsnarl|0 fnt\n|faint|p1b: Grimmsnarl\n|move|p2a: Farigiraf|Psychic Noise|p1a: Primarina\n|-damage|p1a: Primarina|0 fnt\n|faint|p1a: Primarina\n|\n|win|emu2567\n|raw|Aki Hoshino's rating: 1686 &rarr; <strong>1672<\/strong><br \/>(-14 for losing)\n|raw|emu2567's rating: 1791 &rarr; <strong>1805<\/strong><br \/>(+14 for winning)\n|l|\u2606Aki Hoshino\n|player|p1|\n|l|\u2606emu2567\n|player|p2|\n","uploadtime":1731656907,"views":33,"formatid":"gen9vgc2024regh","rating":1672,"private":0,"password":null}