{"id":"gen9vgc2024regh-2244771199","format":"[Gen 9] VGC 2024 Reg H","players":["VGCLTH TnB","blindfishptsd"],"log":"|j|\u2606VGCLTH TnB\n|j|\u2606blindfishptsd\n|t:|1731719580\n|gametype|doubles\n|player|p1|VGCLTH TnB|roxanne-masters|1798\n|player|p2|blindfishptsd|olympia|1775\n|teamsize|p1|6\n|teamsize|p2|6\n|gen|9\n|tier|[Gen 9] VGC 2024 Reg H\n|rated|\n|rule|Species Clause: Limit one of each Pok\u00e9mon\n|rule|Item Clause: Limit 1 of each item\n|clearpoke\n|poke|p1|Klefki, L50, M|\n|poke|p1|Annihilape, L50, F|\n|poke|p1|Archaludon, L50, M|\n|poke|p1|Maushold, L50|\n|poke|p1|Sinistcha, L50|\n|poke|p1|Pelipper, L50, F|\n|poke|p2|Gholdengo, L50|\n|poke|p2|Glimmora, L50, M|\n|poke|p2|Talonflame, L50, M|\n|poke|p2|Dragonite, L50, M|\n|poke|p2|Dondozo, L50, F|\n|poke|p2|Tatsugiri, L50, M|\n|teampreview|4\n|inactive|Battle timer is ON: inactive players will automatically lose when time's up. (requested by VGCLTH TnB)\n|inactive|blindfishptsd also wants the timer to be on.\n|inactive|VGCLTH TnB has 60 seconds left.\n|j| NoahTNasty\nVGCLTH TnB has agreed to open team sheets.\nblindfishptsd has agreed to open team sheets.\n|\n|t:|1731719656\n|start\n|switch|p1a: Archaludon|Archaludon, L50, M|100\/100\n|switch|p1b: Pelipper|Pelipper, L50, F|100\/100\n|switch|p2a: Talonflame|Talonflame, L50, M|100\/100\n|switch|p2b: Gholdengo|Gholdengo, L50|100\/100\n|-weather|RainDance|[from] ability: Drizzle|[of] p1b: Pelipper\n|turn|1\n|inactive|VGCLTH TnB has 30 seconds left.\n|\n|t:|1731719687\n|move|p2a: Talonflame|Brave Bird|p1b: Pelipper\n|-damage|p1b: Pelipper|39\/100\n|-damage|p2a: Talonflame|79\/100|[from] Recoil\n|-damage|p2a: Talonflame|69\/100|[from] item: Life Orb\n|move|p2b: Gholdengo|Make It Rain|p1a: Archaludon|[spread] p1a,p1b\n|-resisted|p1a: Archaludon\n|-resisted|p1b: Pelipper\n|-damage|p1a: Archaludon|74\/100\n|-damage|p1b: Pelipper|0 fnt\n|-unboost|p2b: Gholdengo|spa|1\n|-ability|p1a: Archaludon|Stamina|boost\n|-boost|p1a: Archaludon|def|1\n|faint|p1b: Pelipper\n|move|p1a: Archaludon|Electro Shot||[still]\n|-prepare|p1a: Archaludon|Electro Shot\n|-boost|p1a: Archaludon|spa|1\n|-anim|p1a: Archaludon|Electro Shot|p2b: Gholdengo\n|-damage|p2b: Gholdengo|29\/100\n|\n|-weather|RainDance|[upkeep]\n|upkeep\n|j| UGCL\n|\n|t:|1731719697\n|switch|p1b: Klefki|Klefki, L50, M|100\/100\n|turn|2\n|inactive|VGCLTH TnB has 30 seconds left.\n|j| Ghostslayer15\n|\n|t:|1731719722\n|move|p1b: Klefki|Reflect|p1b: Klefki\n|-sidestart|p1: VGCLTH TnB|Reflect\n|move|p2a: Talonflame|Flare Blitz|p1b: Klefki\n|-supereffective|p1b: Klefki\n|-damage|p1b: Klefki|56\/100\n|-damage|p2a: Talonflame|53\/100|[from] Recoil\n|-damage|p2a: Talonflame|44\/100|[from] item: Life Orb\n|move|p2b: Gholdengo|Make It Rain|p1b: Klefki|[spread] p1a,p1b\n|-resisted|p1a: Archaludon\n|-damage|p1a: Archaludon|57\/100\n|-damage|p1b: Klefki|11\/100\n|-unboost|p2b: Gholdengo|spa|1\n|-ability|p1a: Archaludon|Stamina|boost\n|-boost|p1a: Archaludon|def|1\n|move|p1a: Archaludon|Electro Shot||[still]\n|-prepare|p1a: Archaludon|Electro Shot\n|-boost|p1a: Archaludon|spa|1\n|-anim|p1a: Archaludon|Electro Shot|p2b: Gholdengo\n|-damage|p2b: Gholdengo|0 fnt\n|faint|p2b: Gholdengo\n|\n|-weather|RainDance|[upkeep]\n|upkeep\n|\n|t:|1731719741\n|switch|p2b: Dondozo|Dondozo, L50, F|100\/100\n|turn|3\n|\n|t:|1731719758\n|switch|p1b: Sinistcha|Sinistcha, L50|100\/100\n|-heal|p1a: Archaludon|82\/100|[from] ability: Hospitality|[of] p1b: Sinistcha\n|move|p2b: Dondozo|Protect|p2b: Dondozo\n|-singleturn|p2b: Dondozo|Protect\n|move|p2a: Talonflame|Will-O-Wisp|p1a: Archaludon\n|-status|p1a: Archaludon|brn\n|move|p1a: Archaludon|Dragon Pulse|p2b: Dondozo\n|-activate|p2b: Dondozo|move: Protect\n|\n|-weather|RainDance|[upkeep]\n|-damage|p1a: Archaludon|76\/100 brn|[from] brn\n|upkeep\n|turn|4\n|\n|t:|1731719780\n|switch|p1b: Klefki|Klefki, L50, M|11\/100\n|-terastallize|p2b: Dondozo|Grass\n|move|p2a: Talonflame|Brave Bird|p1b: Klefki\n|-resisted|p1b: Klefki\n|-damage|p1b: Klefki|0 fnt\n|faint|p1b: Klefki\n|-damage|p2a: Talonflame|40\/100|[from] Recoil\n|-damage|p2a: Talonflame|30\/100|[from] item: Life Orb\n|move|p1a: Archaludon|Electro Shot||[still]\n|-prepare|p1a: Archaludon|Electro Shot\n|-boost|p1a: Archaludon|spa|1\n|-anim|p1a: Archaludon|Electro Shot|p2b: Dondozo\n|-resisted|p2b: Dondozo\n|-damage|p2b: Dondozo|80\/100\n|move|p2b: Dondozo|Earthquake|p1a: Archaludon|[spread] p1a\n|-immune|p2a: Talonflame\n|-supereffective|p1a: Archaludon\n|-damage|p1a: Archaludon|54\/100 brn\n|-ability|p1a: Archaludon|Stamina|boost\n|-boost|p1a: Archaludon|def|1\n|\n|-weather|RainDance|[upkeep]\n|-heal|p2b: Dondozo|86\/100|[from] item: Leftovers\n|-damage|p1a: Archaludon|48\/100 brn|[from] brn\n|upkeep\n|\n|t:|1731719784\n|switch|p1b: Sinistcha|Sinistcha, L50|100\/100\n|-heal|p1a: Archaludon|73\/100 brn|[from] ability: Hospitality|[of] p1b: Sinistcha\n|turn|5\n|\n|t:|1731719804\n|move|p2b: Dondozo|Protect|p2b: Dondozo\n|-singleturn|p2b: Dondozo|Protect\n|move|p2a: Talonflame|Brave Bird|p1b: Sinistcha\n|-supereffective|p1b: Sinistcha\n|-damage|p1b: Sinistcha|27\/100\n|-enditem|p1b: Sinistcha|Sitrus Berry|[eat]\n|-heal|p1b: Sinistcha|52\/100|[from] item: Sitrus Berry\n|-damage|p2a: Talonflame|2\/100|[from] Recoil\n|-damage|p2a: Talonflame|0 fnt|[from] item: Life Orb\n|faint|p2a: Talonflame\n|move|p1a: Archaludon|Dragon Pulse|p2b: Dondozo\n|-activate|p2b: Dondozo|move: Protect\n|move|p1b: Sinistcha|Trick Room|p1b: Sinistcha\n|-fieldstart|move: Trick Room|[of] p1b: Sinistcha\n|\n|-weather|RainDance|[upkeep]\n|-heal|p2b: Dondozo|93\/100|[from] item: Leftovers\n|-damage|p1a: Archaludon|67\/100 brn|[from] brn\n|upkeep\n|\n|t:|1731719810\n|switch|p2a: Tatsugiri|Tatsugiri, L50, M|100\/100\n|-activate|p2a: Tatsugiri|ability: Commander|[of] p2b: Dondozo\n|-boost|p2b: Dondozo|atk|2\n|-boost|p2b: Dondozo|spa|2\n|-boost|p2b: Dondozo|spe|2\n|-boost|p2b: Dondozo|def|2\n|-boost|p2b: Dondozo|spd|2\n|turn|6\n|\n|t:|1731719819\n|move|p1b: Sinistcha|Strength Sap|p2b: Dondozo\n|-unboost|p2b: Dondozo|atk|1\n|-heal|p1b: Sinistcha|100\/100\n|move|p1a: Archaludon|Dragon Pulse|p2b: Dondozo\n|-damage|p2b: Dondozo|70\/100\n|move|p2b: Dondozo|Order Up|p1b: Sinistcha\n|-damage|p1b: Sinistcha|78\/100\n|-boost|p2b: Dondozo|atk|1\n|\n|-weather|RainDance|[upkeep]\n|-heal|p2b: Dondozo|76\/100|[from] item: Leftovers\n|-damage|p1a: Archaludon|61\/100 brn|[from] brn\n|upkeep\n|turn|7\n|\n|t:|1731719831\n|move|p2b: Dondozo|Protect|p2b: Dondozo\n|-singleturn|p2b: Dondozo|Protect\n|move|p1b: Sinistcha|Strength Sap|p2b: Dondozo\n|-activate|p2b: Dondozo|move: Protect\n|move|p1a: Archaludon|Dragon Pulse|p2b: Dondozo\n|-activate|p2b: Dondozo|move: Protect\n|\n|-weather|RainDance|[upkeep]\n|-heal|p2b: Dondozo|82\/100|[from] item: Leftovers\n|-damage|p1a: Archaludon|55\/100 brn|[from] brn\n|upkeep\n|turn|8\n|inactive|VGCLTH TnB has 30 seconds left.\n|inactive|VGCLTH TnB has 20 seconds left.\n|\n|t:|1731719869\n|-terastallize|p1a: Archaludon|Bug\n|move|p1b: Sinistcha|Strength Sap|p2b: Dondozo\n|-unboost|p2b: Dondozo|atk|1\n|-heal|p1b: Sinistcha|100\/100\n|move|p1a: Archaludon|Dragon Pulse|p2b: Dondozo\n|-damage|p2b: Dondozo|60\/100\n|move|p2b: Dondozo|Order Up|p1a: Archaludon\n|-damage|p1a: Archaludon|38\/100 brn\n|-ability|p1a: Archaludon|Stamina|boost\n|-boost|p1a: Archaludon|def|1\n|-boost|p2b: Dondozo|atk|1\n|\n|-weather|none\n|-heal|p2b: Dondozo|66\/100|[from] item: Leftovers\n|-damage|p1a: Archaludon|32\/100 brn|[from] brn\n|upkeep\n|turn|9\n|\n|t:|1731719882\n|move|p2b: Dondozo|Protect|p2b: Dondozo\n|-singleturn|p2b: Dondozo|Protect\n|move|p1b: Sinistcha|Shadow Ball|p2b: Dondozo\n|-activate|p2b: Dondozo|move: Protect\n|move|p1a: Archaludon|Dragon Pulse|p2b: Dondozo\n|-activate|p2b: Dondozo|move: Protect\n|\n|-heal|p2b: Dondozo|72\/100|[from] item: Leftovers\n|-damage|p1a: Archaludon|26\/100 brn|[from] brn\n|-sideend|p1: VGCLTH TnB|Reflect\n|-fieldend|move: Trick Room\n|upkeep\n|turn|10\n|\n|t:|1731719897\n|move|p2b: Dondozo|Order Up|p1a: Archaludon\n|-damage|p1a: Archaludon|0 fnt\n|faint|p1a: Archaludon\n|-boost|p2b: Dondozo|atk|1\n|move|p1b: Sinistcha|Trick Room|p1b: Sinistcha\n|-fieldstart|move: Trick Room|[of] p1b: Sinistcha\n|\n|-heal|p2b: Dondozo|78\/100|[from] item: Leftovers\n|upkeep\n|turn|11\n|-message|VGCLTH TnB forfeited.\n|\n|win|blindfishptsd\n|raw|VGCLTH TnB's rating: 1798 &rarr; <strong>1777<\/strong><br \/>(-21 for losing)\n|raw|blindfishptsd's rating: 1775 &rarr; <strong>1796<\/strong><br \/>(+21 for winning)\n|l| Ghostslayer15\n|l| UGCL\n","uploadtime":1731720074,"views":21,"formatid":"gen9vgc2024regh","rating":1777,"private":0,"password":null}