{"id":"gen9vgc2024regh-2244976410","format":"[Gen 9] VGC 2024 Reg H","players":["Beccca","patrat soup"],"log":"|j|\u2606Beccca\n|j|\u2606patrat soup\n|t:|1731757613\n|gametype|doubles\n|player|p1|Beccca|265|1682\n|player|p2|patrat soup|cilan|1708\n|teamsize|p1|6\n|teamsize|p2|6\n|gen|9\n|tier|[Gen 9] VGC 2024 Reg H\n|rated|\n|rule|Species Clause: Limit one of each Pok\u00e9mon\n|rule|Item Clause: Limit 1 of each item\n|clearpoke\n|poke|p1|Dondozo, L50, M|\n|poke|p1|Tatsugiri, L50, F|\n|poke|p1|Indeedee, L50, M|\n|poke|p1|Sneasler, L50, F|\n|poke|p1|Typhlosion-Hisui, L50, F|\n|poke|p1|Dragonite, L50, M|\n|poke|p2|Dondozo, L50, F|\n|poke|p2|Garganacl, L50, M|\n|poke|p2|Incineroar, L50, F|\n|poke|p2|Annihilape, L50, M|\n|poke|p2|Dragapult, L50, M|\n|poke|p2|Sinistcha, L50|\n|teampreview|4\n|\n|t:|1731757633\n|start\n|switch|p1a: Sneasler|Sneasler, L50, F|100\/100\n|switch|p1b: Indeedee|Indeedee, L50, M|100\/100\n|switch|p2a: Dragapult|Dragapult, L50, M|100\/100\n|switch|p2b: Annihilape|Annihilape, L50, M|100\/100\n|-fieldstart|move: Psychic Terrain|[from] ability: Psychic Surge|[of] p1b: Indeedee\n|-enditem|p1a: Sneasler|Psychic Seed\n|-boost|p1a: Sneasler|spd|1|[from] item: Psychic Seed\n|turn|1\n|\n|t:|1731757661\n|switch|p2a: mr. breast|Incineroar, L50, F|100\/100\n|-ability|p2a: mr. breast|Intimidate|boost\n|-unboost|p1a: Sneasler|atk|1\n|-unboost|p1b: Indeedee|atk|1\n|-terastallize|p1a: Sneasler|Dark\n|move|p1a: Sneasler|Throat Chop|p2a: mr. breast\n|-resisted|p2a: mr. breast\n|-damage|p2a: mr. breast|86\/100\n|-start|p2a: mr. breast|Throat Chop|[silent]\n|move|p2b: Annihilape|U-turn|p1b: Indeedee\n|-supereffective|p1b: Indeedee\n|-damage|p1b: Indeedee|30\/100\n|\n|t:|1731757671\n|switch|p2b: feet finder|Dondozo, L50, F|100\/100|[from] U-turn\n|move|p1b: Indeedee|Expanding Force|p2b: feet finder|[spread] p2b\n|-immune|p2a: mr. breast\n|-crit|p2b: feet finder\n|-damage|p2b: feet finder|42\/100\n|\n|-heal|p2b: feet finder|48\/100|[from] item: Leftovers\n|upkeep\n|turn|2\n|\n|t:|1731757689\n|-terastallize|p2a: mr. breast|Ghost\n|move|p1b: Indeedee|Helping Hand|p1a: Sneasler\n|-singleturn|p1a: Sneasler|Helping Hand|[of] p1b: Indeedee\n|move|p2b: feet finder|Protect|p2b: feet finder\n|-singleturn|p2b: feet finder|Protect\n|move|p1a: Sneasler|Close Combat|p2a: mr. breast\n|-immune|p2a: mr. breast\n|move|p2a: mr. breast|Knock Off|p1b: Indeedee\n|-supereffective|p1b: Indeedee\n|-damage|p1b: Indeedee|0 fnt\n|-enditem|p1b: Indeedee|Focus Sash|[from] move: Knock Off|[of] p2a: mr. breast\n|faint|p1b: Indeedee\n|\n|-heal|p2b: feet finder|54\/100|[from] item: Leftovers\n|-end|p2a: mr. breast|Throat Chop|[silent]\n|upkeep\n|\n|t:|1731757710\n|switch|p1b: Tatsugiri|Tatsugiri, L50, F|100\/100\n|turn|3\n|\n|t:|1731757721\n|switch|p2b: Annihilape|Annihilape, L50, M|100\/100\n|move|p1a: Sneasler|Throat Chop|p2a: mr. breast\n|-supereffective|p2a: mr. breast\n|-damage|p2a: mr. breast|29\/100\n|-start|p2a: mr. breast|Throat Chop|[silent]\n|move|p1b: Tatsugiri|Draco Meteor|p2b: Annihilape\n|-damage|p2b: Annihilape|9\/100\n|-unboost|p1b: Tatsugiri|spa|2\n|cant|p2a: mr. breast|move: Throat Chop\n|\n|upkeep\n|turn|4\n|\n|t:|1731757743\n|switch|p2a: feet finder|Dondozo, L50, F|54\/100\n|move|p1a: Sneasler|Dire Claw|p2b: Annihilape\n|-resisted|p2b: Annihilape\n|-damage|p2b: Annihilape|0 fnt\n|faint|p2b: Annihilape\n|move|p1b: Tatsugiri|Draco Meteor|p2a: feet finder\n|-damage|p2a: feet finder|0 fnt\n|-unboost|p1b: Tatsugiri|spa|2\n|faint|p2a: feet finder\n|\n|upkeep\n|\n|t:|1731757749\n|switch|p2b: mr. breast|Incineroar, L50, F, tera:Ghost|29\/100\n|switch|p2a: Dragapult|Dragapult, L50, M|100\/100\n|-ability|p2b: mr. breast|Intimidate|boost\n|-unboost|p1a: Sneasler|atk|1\n|-unboost|p1b: Tatsugiri|atk|1\n|turn|5\n|\n|t:|1731757766\n|switch|p1a: Dondozo|Dondozo, L50, M|100\/100\n|-activate|p1b: Tatsugiri|ability: Commander|[of] p1a: Dondozo\n|-boost|p1a: Dondozo|atk|2\n|-boost|p1a: Dondozo|spa|2\n|-boost|p1a: Dondozo|spe|2\n|-boost|p1a: Dondozo|def|2\n|-boost|p1a: Dondozo|spd|2\n|move|p2a: Dragapult|Dragon Darts|p1a: Dondozo\n|-damage|p1a: Dondozo|85\/100\n|-anim|p2a: Dragapult|Dragon Darts|p1a: Dondozo\n|-damage|p1a: Dondozo|70\/100\n|move|p2b: mr. breast|Knock Off|p1a: Dondozo\n|-damage|p1a: Dondozo|57\/100\n|-enditem|p1a: Dondozo|Leftovers|[from] move: Knock Off|[of] p2b: mr. breast\n|\n|-fieldend|move: Psychic Terrain\n|upkeep\n|turn|6\n|\n|t:|1731757784\n|move|p2a: Dragapult|Dragon Darts|p1a: Dondozo\n|-damage|p1a: Dondozo|43\/100\n|-anim|p2a: Dragapult|Dragon Darts|p1a: Dondozo\n|-damage|p1a: Dondozo|28\/100\n|move|p1a: Dondozo|Earthquake|p2a: Dragapult|[spread] p2a,p2b\n|-miss|p1a: Dondozo|p1b: Tatsugiri\n|-damage|p2a: Dragapult|39\/100\n|-damage|p2b: mr. breast|0 fnt\n|faint|p2b: mr. breast\n|\n|upkeep\n|turn|7\n|\n|t:|1731757796\n|move|p2a: Dragapult|Dragon Darts|p1a: Dondozo\n|-damage|p1a: Dondozo|14\/100\n|-anim|p2a: Dragapult|Dragon Darts|p1a: Dondozo\n|-damage|p1a: Dondozo|0 fnt\n|faint|p1a: Dondozo\n|\n|upkeep\n|\n|t:|1731757802\n|switch|p1a: Sneasler|Sneasler, L50, F, tera:Dark|100\/100\n|turn|8\n|\n|t:|1731757808\n|move|p2a: Dragapult|Dragon Darts|p1a: Sneasler\n|-damage|p1a: Sneasler|29\/100\n|-anim|p2a: Dragapult|Dragon Darts|p1b: Tatsugiri\n|-supereffective|p1b: Tatsugiri\n|-damage|p1b: Tatsugiri|0 fnt\n|faint|p1b: Tatsugiri\n|move|p1a: Sneasler|Throat Chop|p2a: Dragapult\n|-supereffective|p2a: Dragapult\n|-damage|p2a: Dragapult|0 fnt\n|faint|p2a: Dragapult\n|\n|win|Beccca\n|raw|Beccca's rating: 1682 &rarr; <strong>1703<\/strong><br \/>(+21 for winning)\n|raw|patrat soup's rating: 1708 &rarr; <strong>1687<\/strong><br \/>(-21 for losing)\n|l|\u2606patrat soup\n|player|p2|\n|l|\u2606Beccca\n|player|p1|\n","uploadtime":1731757831,"views":13,"formatid":"gen9vgc2024regh","rating":1687,"private":0,"password":null}