{"id":"gen9vgc2024regh-2244675770","format":"[Gen 9] VGC 2024 Reg H","players":["tritan11","lightwatt"],"log":"|j|\u203dtritan11\n|j|\u2606lightwatt\n|t:|1731707740\n|gametype|doubles\n|player|p1|tritan11|2|1723\n|player|p2|lightwatt|palmer|1708\n|teamsize|p1|6\n|teamsize|p2|6\n|gen|9\n|tier|[Gen 9] VGC 2024 Reg H\n|rated|\n|rule|Species Clause: Limit one of each Pok\u00e9mon\n|rule|Item Clause: Limit 1 of each item\n|clearpoke\n|poke|p1|Hatterene, L50, F|\n|poke|p1|Indeedee-F, L50, F|\n|poke|p1|Amoonguss, L50, M|\n|poke|p1|Araquanid, L50, M|\n|poke|p1|Ursaluna-Bloodmoon, L50, M|\n|poke|p1|Incineroar, L50, M|\n|poke|p2|Gothitelle, L50, F|\n|poke|p2|Amoonguss, L50, F|\n|poke|p2|Ursaluna-Bloodmoon, L50, M|\n|poke|p2|Tyranitar, L50, M|\n|poke|p2|Incineroar, L50, F|\n|poke|p2|Annihilape, L50, F|\n|teampreview|4\n|inactive|Battle timer is ON: inactive players will automatically lose when time's up. (requested by lightwatt)\n|inactive|tritan11 also wants the timer to be on.\n|inactive|lightwatt has 60 seconds left.\n|inactive|tritan11 has 60 seconds left.\n|\n|t:|1731707781\n|start\n|switch|p1a: Hatterene|Hatterene, L50, F|100\/100\n|switch|p1b: Incineroar|Incineroar, L50, M|100\/100\n|switch|p2a: Gothitelle|Gothitelle, L50, F|100\/100\n|switch|p2b: Tyranitar|Tyranitar, L50, M|100\/100\n|-weather|Sandstorm|[from] ability: Sand Stream|[of] p2b: Tyranitar\n|-ability|p1b: Incineroar|Intimidate|boost\n|-unboost|p2a: Gothitelle|atk|1\n|-unboost|p2b: Tyranitar|atk|1\n|turn|1\n|\n|t:|1731707800\n|switch|p2a: Annihilape|Annihilape, L50, F|100\/100\n|move|p1a: Hatterene|Protect|p1a: Hatterene\n|-singleturn|p1a: Hatterene|Protect\n|move|p2b: Tyranitar|Knock Off|p1a: Hatterene\n|-activate|p1a: Hatterene|move: Protect\n|move|p1b: Incineroar|Knock Off|p2a: Annihilape\n|-damage|p2a: Annihilape|45\/100\n|-enditem|p2a: Annihilape|Leftovers|[from] move: Knock Off|[of] p1b: Incineroar\n|\n|-weather|Sandstorm|[upkeep]\n|-damage|p2a: Annihilape|39\/100|[from] Sandstorm\n|-damage|p1b: Incineroar|95\/100|[from] Sandstorm\n|-damage|p1a: Hatterene|94\/100|[from] Sandstorm\n|upkeep\n|turn|2\n|inactive|tritan11 has 30 seconds left.\n|\n|t:|1731707829\n|-terastallize|p1a: Hatterene|Steel\n|move|p2a: Annihilape|Rage Fist|p1a: Hatterene\n|-damage|p1a: Hatterene|47\/100\n|move|p2b: Tyranitar|Rock Slide|p1a: Hatterene|[spread] p1b\n|-miss|p2b: Tyranitar|p1a: Hatterene\n|-supereffective|p1b: Incineroar\n|-damage|p1b: Incineroar|55\/100\n|cant|p1b: Incineroar|flinch\n|move|p1a: Hatterene|Trick Room|p1a: Hatterene\n|-fieldstart|move: Trick Room|[of] p1a: Hatterene\n|\n|-weather|Sandstorm|[upkeep]\n|-damage|p1b: Incineroar|49\/100|[from] Sandstorm\n|-damage|p2a: Annihilape|33\/100|[from] Sandstorm\n|upkeep\n|turn|3\n|inactive|lightwatt has 30 seconds left.\n|inactive|lightwatt has 20 seconds left.\n|\n|t:|1731707864\n|switch|p2b: Gothitelle|Gothitelle, L50, F|100\/100\n|move|p2a: Annihilape|Protect|p2a: Annihilape\n|-singleturn|p2a: Annihilape|Protect\n|move|p1a: Hatterene|Dazzling Gleam|p2a: Annihilape|[spread] p2b\n|-activate|p2a: Annihilape|move: Protect\n|-damage|p2b: Gothitelle|68\/100\n|move|p1b: Incineroar|U-turn|p2b: Gothitelle\n|-supereffective|p2b: Gothitelle\n|-damage|p2b: Gothitelle|29\/100\n|\n|t:|1731707874\n|switch|p1b: Ursaluna|Ursaluna-Bloodmoon, L50, M|100\/100|[from] U-turn\n|\n|-weather|Sandstorm|[upkeep]\n|-damage|p2b: Gothitelle|23\/100|[from] Sandstorm\n|-damage|p2a: Annihilape|26\/100|[from] Sandstorm\n|upkeep\n|turn|4\n|\n|t:|1731707882\n|move|p2b: Gothitelle|Protect|p2b: Gothitelle\n|-singleturn|p2b: Gothitelle|Protect\n|move|p1a: Hatterene|Dazzling Gleam|p2a: Annihilape|[spread] p2a\n|-activate|p2b: Gothitelle|move: Protect\n|-supereffective|p2a: Annihilape\n|-damage|p2a: Annihilape|0 fnt\n|faint|p2a: Annihilape\n|move|p1b: Ursaluna|Hyper Voice|p2b: Gothitelle\n|-activate|p2b: Gothitelle|move: Protect\n|\n|-weather|Sandstorm|[upkeep]\n|-damage|p2b: Gothitelle|17\/100|[from] Sandstorm\n|upkeep\n|\n|t:|1731707887\n|switch|p2a: Amoonguss|Amoonguss, L50, F, shiny|100\/100\n|turn|5\n|\n|t:|1731707895\n|switch|p2b: Tyranitar|Tyranitar, L50, M|100\/100\n|move|p1a: Hatterene|Expanding Force|p2a: Amoonguss\n|-supereffective|p2a: Amoonguss\n|-damage|p2a: Amoonguss|24\/100\n|-enditem|p2a: Amoonguss|Sitrus Berry|[eat]\n|-heal|p2a: Amoonguss|49\/100|[from] item: Sitrus Berry\n|move|p2a: Amoonguss|Spore|p1b: Ursaluna\n|-status|p1b: Ursaluna|slp|[from] move: Spore\n|cant|p1b: Ursaluna|slp\n|\n|-weather|none\n|upkeep\n|turn|6\n|j| Partan\n|l| Partan\n|inactive|tritan11 has 30 seconds left.\n|inactive|lightwatt has 30 seconds left.\n|\n|t:|1731707933\n|switch|p2a: Gothitelle|Gothitelle, L50, F|17\/100\n|switch|p1b: Incineroar|Incineroar, L50, M|49\/100\n|-ability|p1b: Incineroar|Intimidate|boost\n|-unboost|p2a: Gothitelle|atk|1\n|-unboost|p2b: Tyranitar|atk|1\n|move|p1a: Hatterene|Dazzling Gleam|p2a: Gothitelle|[spread] p2a,p2b\n|-supereffective|p2b: Tyranitar\n|-damage|p2a: Gothitelle|0 fnt\n|-damage|p2b: Tyranitar|55\/100\n|faint|p2a: Gothitelle\n|move|p2b: Tyranitar|Knock Off|p1a: Hatterene\n|-damage|p1a: Hatterene|6\/100\n|-enditem|p1a: Hatterene|Focus Sash|[from] move: Knock Off|[of] p2b: Tyranitar\n|\n|-fieldend|move: Trick Room\n|upkeep\n|\n|t:|1731707937\n|switch|p2a: Amoonguss|Amoonguss, L50, F, shiny|82\/100\n|turn|7\n|inactive|tritan11 has 30 seconds left.\n|inactive|lightwatt has 30 seconds left.\n|inactive|tritan11 has 20 seconds left.\n|inactive|lightwatt has 20 seconds left.\n|inactive|lightwatt has 15 seconds left.\n|inactive|lightwatt has 10 seconds left.\n|\n|t:|1731707985\n|switch|p1a: Ursaluna|Ursaluna-Bloodmoon, L50, M|100\/100 slp\n|-terastallize|p2a: Amoonguss|Water\n|move|p1b: Incineroar|Fake Out|p2b: Tyranitar\n|-resisted|p2b: Tyranitar\n|-crit|p2b: Tyranitar\n|-damage|p2b: Tyranitar|46\/100\n|cant|p2b: Tyranitar|flinch\n|move|p2a: Amoonguss|Pollen Puff|p2b: Tyranitar\n|-heal|p2b: Tyranitar|96\/100\n|\n|upkeep\n|turn|8\n|\n|t:|1731708006\n|move|p2b: Tyranitar|Low Kick|p1a: Ursaluna\n|-supereffective|p1a: Ursaluna\n|-damage|p1a: Ursaluna|56\/100 slp\n|-curestatus|p1a: Ursaluna|slp|[msg]\n|move|p1a: Ursaluna|Blood Moon|p2a: Amoonguss\n|-damage|p2a: Amoonguss|0 fnt\n|faint|p2a: Amoonguss\n|-damage|p1a: Ursaluna|46\/100|[from] item: Life Orb\n|move|p1b: Incineroar|Knock Off|p2b: Tyranitar\n|-resisted|p2b: Tyranitar\n|-damage|p2b: Tyranitar|73\/100\n|-enditem|p2b: Tyranitar|Assault Vest|[from] move: Knock Off|[of] p1b: Incineroar\n|\n|upkeep\n|turn|9\n|\n|t:|1731708025\n|move|p1a: Ursaluna|Protect|p1a: Ursaluna\n|-singleturn|p1a: Ursaluna|Protect\n|move|p2b: Tyranitar|Low Kick|p1a: Ursaluna\n|-activate|p1a: Ursaluna|move: Protect\n|move|p1b: Incineroar|U-turn|p2b: Tyranitar\n|-supereffective|p2b: Tyranitar\n|-damage|p2b: Tyranitar|32\/100\n|-message|lightwatt forfeited.\n|\n|win|tritan11\n|raw|tritan11's rating: 1723 &rarr; <strong>1742<\/strong><br \/>(+19 for winning)\n|raw|lightwatt's rating: 1708 &rarr; <strong>1689<\/strong><br \/>(-19 for losing)\n|l|\u2606lightwatt\n|player|p2|\n|l|\u203dtritan11\n|player|p1|\n","uploadtime":1731708292,"views":11,"formatid":"gen9vgc2024regh","rating":1689,"private":0,"password":null}