{"id":"gen9vgc2024regh-2244186514","format":"[Gen 9] VGC 2024 Reg H","players":["VGCLTH Oinge","hnn241"],"log":"|raw|<div class=\"broadcast-blue\"><strong>This battle is required to be public due to a player having a name starting with 'vgclth'.<\/div>\n|j|\u2606VGCLTH Oinge\n|j|\u2606hnn241\n|t:|1731642824\n|gametype|doubles\n|player|p1|VGCLTH Oinge|mars|1733\n|player|p2|hnn241|lass-gen4dp|1723\n|teamsize|p1|6\n|teamsize|p2|6\n|gen|9\n|tier|[Gen 9] VGC 2024 Reg H\n|rated|\n|rule|Species Clause: Limit one of each Pok\u00e9mon\n|rule|Item Clause: Limit 1 of each item\n|clearpoke\n|poke|p1|Torkoal, L50, F|\n|poke|p1|Indeedee-F, L50, F|\n|poke|p1|Hatterene, L50, F|\n|poke|p1|Gallade, L50, M|\n|poke|p1|Maushold-Four, L50|\n|poke|p1|Ursaluna, L50, M|\n|poke|p2|Tyranitar, L50, F|\n|poke|p2|Excadrill, L50, M|\n|poke|p2|Indeedee, L50, M|\n|poke|p2|Dragapult, L50, F|\n|poke|p2|Sneasler, L50, M|\n|poke|p2|Corviknight, L50, F|\n|teampreview|4\n|j| VGCLTH TnB\n|inactive|Battle timer is ON: inactive players will automatically lose when time's up. (requested by VGCLTH Oinge)\n|j| plplk\n|\n|t:|1731642908\n|start\n|switch|p1a: Maushold|Maushold-Four, L50|100\/100\n|switch|p1b: Indeedee|Indeedee-F, L50, F|100\/100\n|switch|p2a: Indeedee|Indeedee, L50, M|100\/100\n|switch|p2b: Corviknight|Corviknight, L50, F|100\/100\n|-fieldstart|move: Psychic Terrain|[from] ability: Psychic Surge|[of] p2a: Indeedee\n|-enditem|p1b: Indeedee|Psychic Seed\n|-boost|p1b: Indeedee|spd|1|[from] item: Psychic Seed\n|-enditem|p2b: Corviknight|Psychic Seed\n|-boost|p2b: Corviknight|spd|1|[from] item: Psychic Seed\n|turn|1\n|l| VGCLTH TnB\n|\n|t:|1731642923\n|move|p2a: Indeedee|Trick|p1b: Indeedee\n|-activate|p2a: Indeedee|move: Trick|[of] p1b: Indeedee\n|-item|p1b: Indeedee|Choice Scarf|[from] move: Trick\n|-enditem|p2a: Indeedee|Choice Scarf|[silent]|[from] move: Trick\n|move|p1a: Maushold|Population Bomb|p2a: Indeedee\n|-damage|p2a: Indeedee|78\/100\n|-damage|p2a: Indeedee|55\/100\n|-damage|p2a: Indeedee|33\/100\n|-damage|p2a: Indeedee|8\/100\n|-damage|p2a: Indeedee|0 fnt\n|faint|p2a: Indeedee\n|-hitcount|p2: Indeedee|5\n|move|p2b: Corviknight|Bulk Up|p2b: Corviknight\n|-boost|p2b: Corviknight|atk|1\n|-boost|p2b: Corviknight|def|1\n|move|p1b: Indeedee|Trick Room|p1b: Indeedee\n|-fieldstart|move: Trick Room|[of] p1b: Indeedee\n|\n|upkeep\n|\n|t:|1731642941\n|switch|p2a: Tyranitar|Tyranitar, L50, F|100\/100\n|-weather|Sandstorm|[from] ability: Sand Stream|[of] p2a: Tyranitar\n|turn|2\n|\n|t:|1731642959\n|switch|p1b: Hatterene|Hatterene, L50, F|100\/100\n|move|p1a: Maushold|Follow Me|p1a: Maushold\n|-singleturn|p1a: Maushold|move: Follow Me\n|move|p2a: Tyranitar|Knock Off|p1a: Maushold\n|-damage|p1a: Maushold|10\/100\n|-enditem|p1a: Maushold|Wide Lens|[from] move: Knock Off|[of] p2a: Tyranitar\n|move|p2b: Corviknight|Bulk Up|p2b: Corviknight\n|-boost|p2b: Corviknight|atk|1\n|-boost|p2b: Corviknight|def|1\n|\n|-weather|Sandstorm|[upkeep]\n|-damage|p1b: Hatterene|94\/100|[from] Sandstorm\n|-damage|p1a: Maushold|4\/100|[from] Sandstorm\n|upkeep\n|turn|3\n|inactive|hnn241 has 30 seconds left.\n|inactive|hnn241 has 20 seconds left.\n|l| plplk\n|inactive|hnn241 has 15 seconds left.\n|inactive|hnn241 has 10 seconds left.\n|inactive|hnn241 has 5 seconds left.\n|\n|t:|1731643010\n|switch|p2a: Excadrill|Excadrill, L50, M|100\/100\n|move|p1a: Maushold|Follow Me|p1a: Maushold\n|-singleturn|p1a: Maushold|move: Follow Me\n|move|p1b: Hatterene|Dazzling Gleam|p2a: Excadrill|[spread] p2a,p2b\n|-resisted|p2a: Excadrill\n|-resisted|p2b: Corviknight\n|-damage|p2a: Excadrill|69\/100\n|-damage|p2b: Corviknight|87\/100\n|-damage|p1b: Hatterene|85\/100|[from] item: Life Orb\n|move|p2b: Corviknight|Bulk Up|p2b: Corviknight\n|-boost|p2b: Corviknight|atk|1\n|-boost|p2b: Corviknight|def|1\n|\n|-weather|Sandstorm|[upkeep]\n|-damage|p1b: Hatterene|79\/100|[from] Sandstorm\n|-damage|p1a: Maushold|0 fnt|[from] Sandstorm\n|faint|p1a: Maushold\n|upkeep\n|j| mr pogostick\n|\n|t:|1731643019\n|switch|p1a: Ursaluna|Ursaluna, L50, M|100\/100\n|turn|4\n|inactive|hnn241 has 30 seconds left.\n|\n|t:|1731643046\n|move|p2a: Excadrill|Protect|p2a: Excadrill\n|-singleturn|p2a: Excadrill|Protect\n|move|p1b: Hatterene|Expanding Force|p2b: Corviknight|[spread] p2b\n|-activate|p2a: Excadrill|move: Protect\n|-resisted|p2b: Corviknight\n|-damage|p2b: Corviknight|60\/100\n|-damage|p1b: Hatterene|69\/100|[from] item: Life Orb\n|move|p1a: Ursaluna|Facade|p2a: Excadrill\n|-activate|p2a: Excadrill|move: Protect\n|move|p2b: Corviknight|Power Trip|p1b: Hatterene\n|-damage|p1b: Hatterene|0 fnt\n|faint|p1b: Hatterene\n|\n|-weather|Sandstorm|[upkeep]\n|-status|p1a: Ursaluna|brn|[from] item: Flame Orb\n|upkeep\n|\n|t:|1731643049\n|switch|p1b: Indeedee|Indeedee-F, L50, F|100\/100\n|turn|5\n|inactive|hnn241 has 30 seconds left.\n|\n|t:|1731643077\n|move|p1b: Indeedee|Helping Hand|p1a: Ursaluna\n|-singleturn|p1a: Ursaluna|Helping Hand|[of] p1b: Indeedee\n|move|p1a: Ursaluna|Facade|p2b: Corviknight\n|-resisted|p2b: Corviknight\n|-damage|p2b: Corviknight|34\/100\n|move|p2b: Corviknight|Power Trip|p1b: Indeedee\n|-supereffective|p1b: Indeedee\n|-damage|p1b: Indeedee|0 fnt\n|faint|p1b: Indeedee\n|move|p2a: Excadrill|Earthquake|p1a: Ursaluna|[spread] p1a\n|-immune|p2b: Corviknight\n|-damage|p1a: Ursaluna|71\/100 brn\n|\n|-weather|Sandstorm|[upkeep]\n|-damage|p1a: Ursaluna|65\/100 brn|[from] brn\n|-fieldend|move: Trick Room\n|-fieldend|move: Psychic Terrain\n|upkeep\n|turn|6\n|-message|VGCLTH Oinge forfeited.\n|\n|win|hnn241\n|raw|VGCLTH Oinge's rating: 1733 &rarr; <strong>1712<\/strong><br \/>(-21 for losing)\n|raw|hnn241's rating: 1723 &rarr; <strong>1744<\/strong><br \/>(+21 for winning)\n|l|\u2606VGCLTH Oinge\n|player|p1|\n|l| mr pogostick\n|l|\u2606hnn241\n|player|p2|\n","uploadtime":1731643328,"views":37,"formatid":"gen9vgc2024regh","rating":1712,"private":0,"password":null}