{"id":"gen9vgc2024regh-2244670437","format":"[Gen 9] VGC 2024 Reg H","players":["Amphinoben","VGCLTH low laddr"],"log":"|raw|<div class=\"broadcast-blue\"><strong>This battle is required to be public due to a player having a name starting with 'vgclth'.<\/div>\n|j|\u2606Amphinoben\n|j|\u2606VGCLTH low laddr\n|t:|1731707129\n|gametype|doubles\n|player|p1|Amphinoben|benga|1760\n|player|p2|VGCLTH low laddr|lucas|1763\n|teamsize|p1|6\n|teamsize|p2|6\n|gen|9\n|tier|[Gen 9] VGC 2024 Reg H\n|rated|\n|rule|Species Clause: Limit one of each Pok\u00e9mon\n|rule|Item Clause: Limit 1 of each item\n|clearpoke\n|poke|p1|Palafin, L50, M|\n|poke|p1|Incineroar, L50, M|\n|poke|p1|Pelipper, L50, M|\n|poke|p1|Archaludon, L50, M|\n|poke|p1|Rillaboom, L50, F|\n|poke|p1|Sneasler, L50, F|\n|poke|p2|Dondozo, L50, M|\n|poke|p2|Tatsugiri, L50, F|\n|poke|p2|Sneasler, L50, F|\n|poke|p2|Indeedee, L50, M|\n|poke|p2|Talonflame, L50, F|\n|poke|p2|Ursaluna-Bloodmoon, L50, M|\n|teampreview|4\n|inactive|Battle timer is ON: inactive players will automatically lose when time's up. (requested by VGCLTH low laddr)\nAmphinoben has agreed to open team sheets.\nVGCLTH low laddr has agreed to open team sheets.\n|j| CDark\n|inactive|Amphinoben has 30 seconds left.\n|inactive|VGCLTH low laddr has 30 seconds left.\n|inactive|Amphinoben has 20 seconds left.\n|inactive|Amphinoben has 15 seconds left.\n|inactive|Amphinoben has 10 seconds left.\n|\n|t:|1731707183\n|start\n|switch|p1a: Palafin|Palafin, L50, M|100\/100\n|switch|p1b: Sneasler|Sneasler, L50, F, shiny|100\/100\n|switch|p2a: Talonflame|Talonflame, L50, F|100\/100\n|switch|p2b: Ursaluna|Ursaluna-Bloodmoon, L50, M|100\/100\n|turn|1\n|j| VGCLTH TnB\n|j| blyng\n|l| blyng\n|inactive|Amphinoben has 30 seconds left.\n|inactive|Amphinoben has 20 seconds left.\n|inactive|Amphinoben has 15 seconds left.\n|inactive|Amphinoben has 10 seconds left.\n|inactive|Amphinoben has 5 seconds left.\n|\n|t:|1731707237\n|detailschange|p1a: Palafin|Palafin-Hero, L50, M\n|switch|p1a: Incineroar|Incineroar, L50, M, shiny|100\/100\n|-ability|p1a: Incineroar|Intimidate|boost\n|-unboost|p2a: Talonflame|atk|1\n|-unboost|p2b: Ursaluna|atk|1\n|-terastallize|p2a: Talonflame|Stellar\n|-terastallize|p1b: Sneasler|Stellar\n|move|p2a: Talonflame|Dual Wingbeat|p1b: Sneasler\n|-supereffective|p1b: Sneasler\n|-damage|p1b: Sneasler|60\/100\n|-supereffective|p1b: Sneasler\n|-damage|p1b: Sneasler|16\/100\n|-hitcount|p1b: Sneasler|2\n|move|p1b: Sneasler|Close Combat|p2b: Ursaluna\n|-supereffective|p2b: Ursaluna\n|-damage|p2b: Ursaluna|0 fnt\n|-unboost|p1b: Sneasler|def|1\n|-unboost|p1b: Sneasler|spd|1\n|faint|p2b: Ursaluna\n|\n|upkeep\n|\n|t:|1731707252\n|switch|p2b: Sneasler|Sneasler, L50, F|100\/100\n|turn|2\n|\n|t:|1731707268\n|move|p1a: Incineroar|Fake Out|p2a: Talonflame\n|-damage|p2a: Talonflame|82\/100\n|move|p2a: Talonflame|Dual Wingbeat|p1b: Sneasler\n|-supereffective|p1b: Sneasler\n|-damage|p1b: Sneasler|0 fnt\n|faint|p1b: Sneasler\n|-hitcount|p1: Sneasler|1\n|move|p2b: Sneasler|Close Combat|p1a: Incineroar\n|-supereffective|p1a: Incineroar\n|-damage|p1a: Incineroar|2\/100\n|-unboost|p2b: Sneasler|def|1\n|-unboost|p2b: Sneasler|spd|1\n|\n|upkeep\n|\n|t:|1731707281\n|switch|p1b: Palafin|Palafin-Hero, L50, M|100\/100\n|-activate|p1b: Palafin|ability: Zero to Hero\n|turn|3\n|\n|t:|1731707297\n|switch|p2a: Indeedee|Indeedee, L50, M|100\/100\n|-fieldstart|move: Psychic Terrain|[from] ability: Psychic Surge|[of] p2a: Indeedee\n|-enditem|p2b: Sneasler|Psychic Seed\n|-boost|p2b: Sneasler|spd|1|[from] item: Psychic Seed\n|switch|p1a: Rillaboom|Rillaboom, L50, F|100\/100\n|-fieldstart|move: Grassy Terrain|[from] ability: Grassy Surge|[of] p1a: Rillaboom\n|move|p1b: Palafin|Jet Punch|p2a: Indeedee\n|-enditem|p2a: Indeedee|Focus Sash\n|-damage|p2a: Indeedee|1\/100\n|move|p2b: Sneasler|Dire Claw|p1b: Palafin\n|-damage|p1b: Palafin|61\/100\n|-status|p1b: Palafin|slp\n|\n|-heal|p2a: Indeedee|7\/100|[from] Grassy Terrain\n|-heal|p1b: Palafin|67\/100 slp|[from] Grassy Terrain\n|upkeep\n|turn|4\n|j| hellsnowolf\n|c|\u2606Amphinoben|Omggggg\n|c|\u2606Amphinoben|Boyyy\n|inactive|Amphinoben has 30 seconds left.\n|c|\u2606Amphinoben|At least that was your out\n|inactive|Amphinoben has 20 seconds left.\n|inactive|Amphinoben has 15 seconds left.\n|inactive|Amphinoben has 10 seconds left.\n|\n|t:|1731707345\n|switch|p2a: Talonflame|Talonflame, L50, F, tera:Stellar|82\/100\n|switch|p1a: Incineroar|Incineroar, L50, M, shiny|2\/100\n|-ability|p1a: Incineroar|Intimidate|boost\n|-unboost|p2a: Talonflame|atk|1\n|-unboost|p2b: Sneasler|atk|1\n|cant|p1b: Palafin|slp\n|move|p2b: Sneasler|Dire Claw|p1a: Incineroar\n|-damage|p1a: Incineroar|0 fnt\n|faint|p1a: Incineroar\n|\n|-heal|p1b: Palafin|73\/100 slp|[from] Grassy Terrain\n|upkeep\n|\n|t:|1731707355\n|switch|p1a: Rillaboom|Rillaboom, L50, F|100\/100\n|turn|5\n|inactive|Amphinoben has 30 seconds left.\n|\n|t:|1731707383\n|move|p1a: Rillaboom|Protect|p1a: Rillaboom\n|-singleturn|p1a: Rillaboom|Protect\n|move|p2b: Sneasler|Dire Claw|p1a: Rillaboom\n|-activate|p1a: Rillaboom|move: Protect\n|move|p2a: Talonflame|Flare Blitz|p1a: Rillaboom\n|-activate|p1a: Rillaboom|move: Protect\n|-curestatus|p1b: Palafin|slp|[msg]\n|move|p1b: Palafin|Wave Crash|p2b: Sneasler\n|-damage|p2b: Sneasler|0 fnt\n|faint|p2b: Sneasler\n|-damage|p1b: Palafin|47\/100|[from] Recoil\n|\n|-heal|p1b: Palafin|53\/100|[from] Grassy Terrain\n|upkeep\n|\n|t:|1731707387\n|switch|p2b: Indeedee|Indeedee, L50, M|7\/100\n|-fieldstart|move: Psychic Terrain|[from] ability: Psychic Surge|[of] p2b: Indeedee\n|turn|6\n|\n|t:|1731707410\n|move|p1b: Palafin|Jet Punch|p2a: Talonflame\n|-hint|Psychic Terrain doesn't affect Pok\u00e9mon immune to Ground.\n|-supereffective|p2a: Talonflame\n|-damage|p2a: Talonflame|0 fnt\n|faint|p2a: Talonflame\n|move|p2b: Indeedee|Expanding Force|p1a: Rillaboom|[spread] p1a,p1b\n|-damage|p1a: Rillaboom|40\/100\n|-damage|p1b: Palafin|3\/100\n|move|p1a: Rillaboom|Wood Hammer|p2b: Indeedee\n|-damage|p2b: Indeedee|0 fnt\n|faint|p2b: Indeedee\n|-damage|p1a: Rillaboom|38\/100|[from] Recoil\n|\n|win|Amphinoben\n|raw|Amphinoben's rating: 1760 &rarr; <strong>1780<\/strong><br \/>(+20 for winning)\n|raw|VGCLTH low laddr's rating: 1763 &rarr; <strong>1743<\/strong><br \/>(-20 for losing)\n|l| CDark\n|c|\u2606Amphinoben|And you still dont win\n|l|\u2606Amphinoben\n|player|p1|\n","uploadtime":1731707599,"views":12,"formatid":"gen9vgc2024regh","rating":1743,"private":0,"password":null}