{"id":"gen9vgc2024regh-2244755099","format":"[Gen 9] VGC 2024 Reg H","players":["VGCLTH John Pork","ray4gej"],"log":"|raw|<div class=\"broadcast-blue\"><strong>This battle is required to be public due to a player having a name starting with 'vgclth'.<\/div>\n|j|\u2606VGCLTH John Pork\n|j|\u2606ray4gej\n|t:|1731717451\n|gametype|doubles\n|player|p1|VGCLTH John Pork|ogreclan|1709\n|player|p2|ray4gej|170|1796\n|teamsize|p1|6\n|teamsize|p2|6\n|gen|9\n|tier|[Gen 9] VGC 2024 Reg H\n|rated|\n|rule|Species Clause: Limit one of each Pok\u00e9mon\n|rule|Item Clause: Limit 1 of each item\n|clearpoke\n|poke|p1|Whimsicott, L50, F|\n|poke|p1|Typhlosion-Hisui, L50, M|\n|poke|p1|Annihilape, L50, F|\n|poke|p1|Maushold-Four, L50|\n|poke|p1|Farigiraf, L50, F|\n|poke|p1|Ursaluna-Bloodmoon, L50, M|\n|poke|p2|Dondozo, L50, F|\n|poke|p2|Tatsugiri, L50, F|\n|poke|p2|Sneasler, L50, F|\n|poke|p2|Flamigo, L50, F|\n|poke|p2|Amoonguss, L50, M|\n|poke|p2|Gholdengo, L50|\n|teampreview|4\n|inactive|Battle timer is ON: inactive players will automatically lose when time's up. (requested by VGCLTH John Pork)\n|\n|t:|1731717478\n|start\n|switch|p1a: Sedate|Maushold-Four, L50|100\/100\n|switch|p1b: Charade|Typhlosion-Hisui, L50, M|100\/100\n|switch|p2a: Sneasler|Sneasler, L50, F|100\/100\n|switch|p2b: Flamigo|Flamigo, L50, F|100\/100\n|-item|p2a: Sneasler|Clear Amulet|[from] ability: Frisk|[of] p1b: Charade\n|-item|p2b: Flamigo|Focus Sash|[from] ability: Frisk|[of] p1b: Charade\n|turn|1\n|j| bluestraggler03\n|\n|t:|1731717498\n|-terastallize|p1a: Sedate|Ghost\n|move|p2b: Flamigo|Protect|p2b: Flamigo\n|-singleturn|p2b: Flamigo|Protect\n|move|p2a: Sneasler|Dire Claw|p1b: Charade\n|-resisted|p1b: Charade\n|-damage|p1b: Charade|68\/100\n|move|p1a: Sedate|Population Bomb|p2b: Flamigo\n|-activate|p2b: Flamigo|move: Protect\n|move|p1b: Charade|Overheat|p2a: Sneasler\n|-damage|p2a: Sneasler|0 fnt\n|-unboost|p1b: Charade|spa|2\n|faint|p2a: Sneasler\n|\n|upkeep\n|\n|t:|1731717521\n|switch|p2a: Tatsugiri|Tatsugiri, L50, F|100\/100\n|turn|2\n|\n|t:|1731717528\n|move|p2a: Tatsugiri|Draco Meteor|p1a: Sedate\n|-damage|p1a: Sedate|4\/100\n|-unboost|p2a: Tatsugiri|spa|2\n|move|p1a: Sedate|Population Bomb|p2a: Tatsugiri\n|-crit|p2a: Tatsugiri\n|-damage|p2a: Tatsugiri|67\/100\n|-damage|p2a: Tatsugiri|48\/100\n|-damage|p2a: Tatsugiri|26\/100\n|-damage|p2a: Tatsugiri|5\/100\n|-damage|p2a: Tatsugiri|0 fnt\n|faint|p2a: Tatsugiri\n|-hitcount|p2: Tatsugiri|5\n|move|p1b: Charade|Overheat|p2b: Flamigo\n|-damage|p2b: Flamigo|20\/100\n|-unboost|p1b: Charade|spa|2\n|move|p2b: Flamigo|Tailwind|p2b: Flamigo\n|-sidestart|p2: ray4gej|move: Tailwind\n|\n|upkeep\n|\n|t:|1731717535\n|switch|p2a: Dondozo|Dondozo, L50, F, shiny|100\/100\n|turn|3\n|j| Fancy Cucudrula\n|\n|t:|1731717542\n|move|p1a: Sedate|Follow Me|p1a: Sedate\n|-singleturn|p1a: Sedate|move: Follow Me\n|move|p2b: Flamigo|Close Combat|p1a: Sedate\n|-damage|p1a: Sedate|0 fnt\n|-unboost|p2b: Flamigo|def|1\n|-unboost|p2b: Flamigo|spd|1\n|faint|p1a: Sedate\n|move|p2a: Dondozo|Wave Crash|p1b: Charade\n|-supereffective|p1b: Charade\n|-damage|p1b: Charade|0 fnt\n|faint|p1b: Charade\n|-damage|p2a: Dondozo|87\/100|[from] Recoil\n|\n|upkeep\n|\n|t:|1731717545\n|switch|p1a: Unashamed|Ursaluna-Bloodmoon, L50, M|100\/100\n|switch|p1b: Their kindness is|Whimsicott, L50, F|100\/100\n|turn|4\n|\n|t:|1731717559\n|move|p1b: Their kindness is|Sunny Day|p1b: Their kindness is\n|-weather|SunnyDay\n|move|p1a: Unashamed|Vacuum Wave|p2b: Flamigo\n|-resisted|p2b: Flamigo\n|-damage|p2b: Flamigo|0 fnt\n|faint|p2b: Flamigo\n|-damage|p1a: Unashamed|91\/100|[from] item: Life Orb\n|move|p2a: Dondozo|Wave Crash|p1a: Unashamed\n|-supereffective|p1a: Unashamed\n|-damage|p1a: Unashamed|58\/100\n|-damage|p2a: Dondozo|78\/100|[from] Recoil\n|\n|-weather|SunnyDay|[upkeep]\n|upkeep\n|turn|5\n|-message|ray4gej forfeited.\n|\n|win|VGCLTH John Pork\n|raw|VGCLTH John Pork's rating: 1692 &rarr; <strong>1718<\/strong><br \/>(+26 for winning)\n|raw|ray4gej's rating: 1796 &rarr; <strong>1770<\/strong><br \/>(-26 for losing)\n|l|\u2606ray4gej\n|player|p2|\n|l|\u2606VGCLTH John Pork\n|player|p1|\n","uploadtime":1731717608,"views":14,"formatid":"gen9vgc2024regh","rating":1718,"private":0,"password":null}