{"id":"gen9vgc2024regh-2244626325","format":"[Gen 9] VGC 2024 Reg H","players":["vgclth elowyn","vgclth papaneth"],"log":"|raw|<div class=\"broadcast-blue\"><strong>This battle is required to be public due to a player having a name starting with 'vgclth'.<\/div>\n|j|\u2606vgclth elowyn\n|j|\u2606vgclth papaneth\n|t:|1731702310\n|gametype|doubles\n|player|p1|vgclth elowyn|170|1726\n|player|p2|vgclth papaneth|rood|1685\n|teamsize|p1|6\n|teamsize|p2|6\n|gen|9\n|tier|[Gen 9] VGC 2024 Reg H\n|rated|\n|rule|Species Clause: Limit one of each Pok\u00e9mon\n|rule|Item Clause: Limit 1 of each item\n|clearpoke\n|poke|p1|Chandelure, L50, M|\n|poke|p1|Sylveon, L50, M|\n|poke|p1|Talonflame, L50, F|\n|poke|p1|Dragapult, L50, F|\n|poke|p1|Electabuzz, L50, F|\n|poke|p1|Decidueye-Hisui, L50, F|\n|poke|p2|Tyranitar, L50, M|\n|poke|p2|Gengar, L50, M|\n|poke|p2|Kommo-o, L50, F|\n|poke|p2|Rillaboom, L50, M|\n|poke|p2|Annihilape, L50, F|\n|poke|p2|Illumise, L50, F|\n|teampreview|4\n|j| Ghostistheman\n|j| Partan\n|j| hiiya papaya\n|l| hiiya papaya\n|\n|t:|1731702346\n|start\n|switch|p1a: Ampere|Electabuzz, L50, F|100\/100\n|switch|p1b: Turning|Dragapult, L50, F|100\/100\n|switch|p2a: Illumise|Illumise, L50, F|100\/100\n|switch|p2b: Kommo-o|Kommo-o, L50, F|100\/100\n|turn|1\n|\n|t:|1731702360\n|-terastallize|p1b: Turning|Ghost\n|move|p2a: Illumise|Protect|p2a: Illumise\n|-singleturn|p2a: Illumise|Protect\n|move|p2b: Kommo-o|Protect|p2b: Kommo-o\n|-singleturn|p2b: Kommo-o|Protect\n|move|p1b: Turning|Tera Blast|p2b: Kommo-o|[anim] Tera Blast Ghost\n|-activate|p2b: Kommo-o|move: Protect\n|move|p1a: Ampere|Electroweb|p2b: Kommo-o|[spread] \n|-activate|p2a: Illumise|move: Protect\n|-activate|p2b: Kommo-o|move: Protect\n|\n|upkeep\n|turn|2\n|\n|t:|1731702400\n|move|p2a: Illumise|Tailwind|p2a: Illumise\n|-sidestart|p2: vgclth papaneth|move: Tailwind\n|move|p2b: Kommo-o|Clanging Scales|p1a: Ampere|[spread] p1a,p1b\n|-damage|p1a: Ampere|60\/100\n|-damage|p1b: Turning|36\/100\n|-unboost|p2b: Kommo-o|def|1\n|-damage|p2b: Kommo-o|91\/100|[from] item: Life Orb\n|move|p1b: Turning|Tera Blast|p2b: Kommo-o|[anim] Tera Blast Ghost\n|-damage|p2b: Kommo-o|0 fnt\n|faint|p2b: Kommo-o\n|move|p1a: Ampere|Electroweb|p2a: Illumise\n|-damage|p2a: Illumise|79\/100\n|-unboost|p2a: Illumise|spe|1\n|\n|upkeep\n|\n|t:|1731702409\n|switch|p2b: Tyranitar|Tyranitar, L50, M, shiny|100\/100\n|-weather|Sandstorm|[from] ability: Sand Stream|[of] p2b: Tyranitar\n|turn|3\n|\n|t:|1731702424\n|move|p2b: Tyranitar|Rock Slide|p1a: Ampere|[spread] p1a,p1b\n|-damage|p1a: Ampere|37\/100\n|-damage|p1b: Turning|0 fnt\n|faint|p1b: Turning\n|move|p2a: Illumise|Infestation|p1a: Ampere\n|-damage|p1a: Ampere|32\/100\n|-activate|p1a: Ampere|move: Infestation|[of] p2a: Illumise\n|move|p1a: Ampere|Taunt|p2a: Illumise\n|-start|p2a: Illumise|move: Taunt\n|-enditem|p2a: Illumise|Mental Herb\n|-end|p2a: Illumise|move: Taunt\n|\n|-weather|Sandstorm|[upkeep]\n|-damage|p2a: Illumise|73\/100|[from] Sandstorm\n|-damage|p1a: Ampere|26\/100|[from] Sandstorm\n|-damage|p1a: Ampere|13\/100|[from] move: Infestation|[partiallytrapped]\n|upkeep\n|\n|t:|1731702431\n|switch|p1b: MarcoFiaro|Talonflame, L50, F|100\/100\n|turn|4\n|\n|t:|1731702442\n|move|p2a: Illumise|Protect|p2a: Illumise\n|-singleturn|p2a: Illumise|Protect\n|move|p1b: MarcoFiaro|Tailwind|p1b: MarcoFiaro\n|-sidestart|p1: vgclth elowyn|move: Tailwind\n|move|p1a: Ampere|Taunt|p2a: Illumise\n|-activate|p2a: Illumise|move: Protect\n|move|p2b: Tyranitar|Rock Slide|p1a: Ampere|[spread] p1b\n|-miss|p2b: Tyranitar|p1a: Ampere\n|-supereffective|p1b: MarcoFiaro\n|-damage|p1b: MarcoFiaro|0 fnt\n|faint|p1b: MarcoFiaro\n|\n|-weather|Sandstorm|[upkeep]\n|-damage|p1a: Ampere|8\/100|[from] Sandstorm\n|-damage|p2a: Illumise|67\/100|[from] Sandstorm\n|-damage|p1a: Ampere|0 fnt|[from] move: Infestation|[partiallytrapped]\n|faint|p1a: Ampere\n|upkeep\n|\n|t:|1731702446\n|switch|p1b: Moonlight|Sylveon, L50, M|100\/100\n|turn|5\n|l| Partan\n|\n|t:|1731702483\n|-terastallize|p2b: Tyranitar|Flying\n|move|p2a: Illumise|Protect|p2a: Illumise\n|-singleturn|p2a: Illumise|Protect\n|move|p1b: Moonlight|Hyper Voice|p2a: Illumise|[spread] p2b\n|-activate|p2a: Illumise|move: Protect\n|-damage|p2b: Tyranitar|65\/100\n|move|p2b: Tyranitar|Tera Blast|p1b: Moonlight|[anim] Tera Blast Flying\n|-damage|p1b: Moonlight|37\/100\n|\n|-weather|Sandstorm|[upkeep]\n|-damage|p1b: Moonlight|31\/100|[from] Sandstorm\n|-damage|p2b: Tyranitar|59\/100|[from] Sandstorm\n|-damage|p2a: Illumise|62\/100|[from] Sandstorm\n|-sideend|p2: vgclth papaneth|move: Tailwind\n|upkeep\n|turn|6\n|\n|t:|1731702492\n|move|p2a: Illumise|Tailwind|p2a: Illumise\n|-sidestart|p2: vgclth papaneth|move: Tailwind\n|move|p1b: Moonlight|Hyper Voice|p2a: Illumise|[spread] p2a,p2b\n|-damage|p2a: Illumise|0 fnt\n|-damage|p2b: Tyranitar|24\/100\n|faint|p2a: Illumise\n|move|p2b: Tyranitar|Tera Blast|p1b: Moonlight|[anim] Tera Blast Flying\n|-damage|p1b: Moonlight|0 fnt\n|faint|p1b: Moonlight\n|\n|win|vgclth papaneth\n|raw|vgclth elowyn's rating: 1726 &rarr; <strong>1704<\/strong><br \/>(-22 for losing)\n|raw|vgclth papaneth's rating: 1685 &rarr; <strong>1707<\/strong><br \/>(+22 for winning)\n","uploadtime":1731702496,"views":18,"formatid":"gen9vgc2024regh","rating":1704,"private":0,"password":null}