{"id":"gen9vgc2024regh-2244795604","format":"[Gen 9] VGC 2024 Reg H","players":["jayjazZa","VGCLTH TnB"],"log":"|raw|<div class=\"broadcast-blue\"><strong>This battle is required to be public due to a player having a name starting with 'vgclth'.<\/div>\n|j|\u2606jayjazZa\n|j|\u2606VGCLTH TnB\n|t:|1731722880\n|gametype|doubles\n|player|p1|jayjazZa|ghetsis|1800\n|player|p2|VGCLTH TnB|roxanne-masters|1769\n|teamsize|p1|6\n|teamsize|p2|6\n|gen|9\n|tier|[Gen 9] VGC 2024 Reg H\n|rated|\n|rule|Species Clause: Limit one of each Pok\u00e9mon\n|rule|Item Clause: Limit 1 of each item\n|clearpoke\n|poke|p1|Gallade, L50, M|\n|poke|p1|Exeggutor, L50, M|\n|poke|p1|Zoroark-Hisui, L50, F|\n|poke|p1|Ursaluna, L50, M|\n|poke|p1|Torkoal, L50, M|\n|poke|p1|Indeedee-F, L50, F|\n|poke|p2|Klefki, L50, M|\n|poke|p2|Annihilape, L50, M|\n|poke|p2|Archaludon, L50, M|\n|poke|p2|Maushold, L50|\n|poke|p2|Sinistcha, L50|\n|poke|p2|Pelipper, L50, M|\n|teampreview|4\n|inactive|Battle timer is ON: inactive players will automatically lose when time's up. (requested by jayjazZa)\n|inactive|VGCLTH TnB also wants the timer to be on.\n|j| BrkesRBrkn\nVGCLTH TnB has agreed to open team sheets.\n|inactive|jayjazZa has 60 seconds left.\n|inactive|VGCLTH TnB has 60 seconds left.\n|\n|t:|1731722941\n|start\n|switch|p1a: Stella|Exeggutor, L50, M|100\/100\n|switch|p1b: York|Indeedee-F, L50, F|100\/100\n|switch|p2a: Klefki|Klefki, L50, M|100\/100\n|switch|p2b: Pelipper|Pelipper, L50, M|100\/100\n|-weather|RainDance|[from] ability: Drizzle|[of] p2b: Pelipper\n|-fieldstart|move: Psychic Terrain|[from] ability: Psychic Surge|[of] p1b: York\n|-enditem|p1b: York|Psychic Seed\n|-boost|p1b: York|spd|1|[from] item: Psychic Seed\n|turn|1\n|\n|t:|1731722956\n|switch|p2b: Archaludon|Archaludon, L50, M|100\/100\n|switch|p1b: Atlas|Torkoal, L50, M|100\/100\n|-weather|SunnyDay|[from] ability: Drought|[of] p1b: Atlas\n|-terastallize|p1a: Stella|Psychic\n|move|p2a: Klefki|Misty Terrain|p2a: Klefki\n|-fieldstart|move: Misty Terrain\n|move|p1a: Stella|Expanding Force|p2a: Klefki\n|-resisted|p2a: Klefki\n|-damage|p2a: Klefki|72\/100\n|\n|-weather|SunnyDay|[upkeep]\n|upkeep\n|turn|2\n|inactive|VGCLTH TnB has 30 seconds left.\n|\n|t:|1731722983\n|switch|p2a: Pelipper|Pelipper, L50, M|100\/100\n|-weather|RainDance|[from] ability: Drizzle|[of] p2a: Pelipper\n|switch|p1b: York|Indeedee-F, L50, F|100\/100\n|-fieldstart|move: Psychic Terrain|[from] ability: Psychic Surge|[of] p1b: York\n|move|p1a: Stella|Expanding Force|p2b: Archaludon|[spread] p2a,p2b\n|-resisted|p2b: Archaludon\n|-damage|p2a: Pelipper|0 fnt\n|-damage|p2b: Archaludon|67\/100\n|-ability|p2b: Archaludon|Stamina|boost\n|-boost|p2b: Archaludon|def|1\n|faint|p2a: Pelipper\n|move|p2b: Archaludon|Electro Shot||[still]\n|-prepare|p2b: Archaludon|Electro Shot\n|-boost|p2b: Archaludon|spa|1\n|-anim|p2b: Archaludon|Electro Shot|p1b: York\n|-damage|p1b: York|43\/100\n|\n|-weather|RainDance|[upkeep]\n|upkeep\n|\n|t:|1731722997\n|switch|p2a: Klefki|Klefki, L50, M|72\/100\n|turn|3\n|\n|t:|1731723013\n|switch|p1b: Atlas|Torkoal, L50, M|100\/100\n|-weather|SunnyDay|[from] ability: Drought|[of] p1b: Atlas\n|move|p2a: Klefki|Light Screen|p2a: Klefki\n|-sidestart|p2: VGCLTH TnB|move: Light Screen\n|move|p1a: Stella|Sleep Powder|p2b: Archaludon|[miss]\n|-miss|p1a: Stella|p2b: Archaludon\n|move|p2b: Archaludon|Flash Cannon|p1a: Stella\n|-damage|p1a: Stella|27\/100\n|\n|-weather|SunnyDay|[upkeep]\n|upkeep\n|turn|4\n|inactive|VGCLTH TnB has 30 seconds left.\n|\n|t:|1731723042\n|move|p1a: Stella|Expanding Force|p2a: Klefki|[spread] p2a,p2b\n|-resisted|p2a: Klefki\n|-resisted|p2b: Archaludon\n|-damage|p2a: Klefki|46\/100\n|-damage|p2b: Archaludon|47\/100\n|-ability|p2b: Archaludon|Stamina|boost\n|-boost|p2b: Archaludon|def|1\n|move|p2b: Archaludon|Dragon Pulse|p1b: Atlas\n|-damage|p1b: Atlas|16\/100\n|move|p2a: Klefki|Dazzling Gleam|p1b: Atlas|[spread] p1a,p1b\n|-resisted|p1b: Atlas\n|-damage|p1a: Stella|4\/100\n|-damage|p1b: Atlas|3\/100\n|move|p1b: Atlas|Eruption|p2b: Archaludon|[spread] p2a,p2b\n|-supereffective|p2a: Klefki\n|-damage|p2a: Klefki|43\/100\n|-damage|p2b: Archaludon|46\/100\n|-ability|p2b: Archaludon|Stamina|boost\n|-boost|p2b: Archaludon|def|1\n|\n|-weather|SunnyDay|[upkeep]\n|upkeep\n|turn|5\n|\n|t:|1731723065\n|move|p2a: Klefki|Misty Terrain|p2a: Klefki\n|-fieldstart|move: Misty Terrain\n|move|p1a: Stella|Sleep Powder|p2b: Archaludon|[miss]\n|-miss|p1a: Stella|p2b: Archaludon\n|move|p2b: Archaludon|Flash Cannon|p1a: Stella\n|-damage|p1a: Stella|0 fnt\n|faint|p1a: Stella\n|move|p1b: Atlas|Weather Ball|p2a: Klefki\n|-supereffective|p2a: Klefki\n|-damage|p2a: Klefki|0 fnt\n|faint|p2a: Klefki\n|\n|-weather|SunnyDay|[upkeep]\n|upkeep\n|\n|t:|1731723071\n|switch|p1a: York|Indeedee-F, L50, F|100\/100\n|switch|p2a: Sinistcha|Sinistcha, L50|100\/100\n|-heal|p2b: Archaludon|71\/100|[from] ability: Hospitality|[of] p2a: Sinistcha\n|turn|6\n|inactive|VGCLTH TnB has 30 seconds left.\n|inactive|VGCLTH TnB has 20 seconds left.\n|\n|t:|1731723106\n|switch|p1b: York|Indeedee-F, L50, F|43\/100\n|-fieldstart|move: Psychic Terrain|[from] ability: Psychic Surge|[of] p1b: York\n|move|p1a: York|Flamethrower|p2b: Archaludon\n|-damage|p2b: Archaludon|39\/100\n|-ability|p2b: Archaludon|Stamina|boost\n|-boost|p2b: Archaludon|def|1\n|move|p2b: Archaludon|Flash Cannon|p1b: York\n|-damage|p1b: York|0 fnt\n|faint|p1b: York\n|move|p2a: Sinistcha|Life Dew||[still]|[spread] p2a,p2b\n|-fail|p2a: Sinistcha|heal\n|-heal|p2b: Archaludon|64\/100\n|\n|-weather|SunnyDay|[upkeep]\n|upkeep\n|\n|t:|1731723115\n|switch|p1b: Atlas|Torkoal, L50, M|3\/100\n|turn|7\n|\n|t:|1731723125\n|-terastallize|p2a: Sinistcha|Water\n|move|p2a: Sinistcha|Rage Powder|p2a: Sinistcha\n|-singleturn|p2a: Sinistcha|move: Rage Powder\n|move|p1a: York|Flamethrower|p2a: Sinistcha\n|-resisted|p2a: Sinistcha\n|-damage|p2a: Sinistcha|77\/100\n|move|p2b: Archaludon|Dragon Pulse|p1b: Atlas\n|-damage|p1b: Atlas|0 fnt\n|faint|p1b: Atlas\n|\n|-weather|none\n|upkeep\n|turn|8\n|-message|jayjazZa forfeited.\n|\n|win|VGCLTH TnB\n|raw|jayjazZa's rating: 1800 &rarr; <strong>1778<\/strong><br \/>(-22 for losing)\n|raw|VGCLTH TnB's rating: 1769 &rarr; <strong>1791<\/strong><br \/>(+22 for winning)\n|l|\u2606jayjazZa\n|player|p1|\n|l| BrkesRBrkn\n|l|\u2606VGCLTH TnB\n|player|p2|\n","uploadtime":1731723317,"views":39,"formatid":"gen9vgc2024regh","rating":1778,"private":0,"password":null}