{"id":"gen9vgc2024regh-2244013402","format":"[Gen 9] VGC 2024 Reg H","players":["Jujahxh","VGCLTH John Pork"],"log":"|raw|<div class=\"broadcast-blue\"><strong>This battle is required to be public due to a player having a name starting with 'vgclth'.<\/div>\n|j|\u2606Jujahxh\n|j|\u2606VGCLTH John Pork\n|t:|1731621210\n|gametype|doubles\n|player|p1|Jujahxh|169|1658\n|player|p2|VGCLTH John Pork|ogreclan|1786\n|teamsize|p1|6\n|teamsize|p2|6\n|gen|9\n|tier|[Gen 9] VGC 2024 Reg H\n|rated|\n|rule|Species Clause: Limit one of each Pok\u00e9mon\n|rule|Item Clause: Limit 1 of each item\n|clearpoke\n|poke|p1|Annihilape, L50, M|\n|poke|p1|Maushold-Four, L50|\n|poke|p1|Dragapult, L50, M|\n|poke|p1|Grimmsnarl, L50, M|\n|poke|p1|Volcarona, L50, M|\n|poke|p1|Gholdengo, L50|\n|poke|p2|Whimsicott, L50, F|\n|poke|p2|Typhlosion-Hisui, L50, F|\n|poke|p2|Annihilape, L50, F|\n|poke|p2|Maushold-Four, L50|\n|poke|p2|Farigiraf, L50, F|\n|poke|p2|Ursaluna-Bloodmoon, L50, M|\n|teampreview|4\n|inactive|Battle timer is ON: inactive players will automatically lose when time's up. (requested by Jujahxh)\n|\n|t:|1731621252\n|start\n|switch|p1a: Gholdengo|Gholdengo, L50|100\/100\n|switch|p1b: Grimmsnarl|Grimmsnarl, L50, M|100\/100\n|switch|p2a: Sedate|Maushold-Four, L50|100\/100\n|switch|p2b: They remain|Farigiraf, L50, F|100\/100\n|turn|1\n|inactive|Jujahxh has 30 seconds left.\n|\n|t:|1731621283\n|move|p1b: Grimmsnarl|Reflect|p1b: Grimmsnarl\n|-sidestart|p1: Jujahxh|Reflect\n|move|p1a: Gholdengo|Make It Rain|p2b: They remain|[spread] p2a,p2b\n|-crit|p2a: Sedate\n|-damage|p2a: Sedate|0 fnt\n|-damage|p2b: They remain|50\/100\n|-unboost|p1a: Gholdengo|spa|1\n|faint|p2a: Sedate\n|move|p2b: They remain|Trick Room|p2b: They remain\n|-fieldstart|move: Trick Room|[of] p2b: They remain\n|\n|upkeep\n|j| Finabas\n|\n|t:|1731621288\n|switch|p2a: Unashamed|Ursaluna-Bloodmoon, L50, M|100\/100\n|turn|2\n|\n|t:|1731621304\n|-terastallize|p2a: Unashamed|Normal\n|move|p1b: Grimmsnarl|Light Screen|p1b: Grimmsnarl\n|-sidestart|p1: Jujahxh|move: Light Screen\n|move|p2a: Unashamed|Blood Moon|p1b: Grimmsnarl\n|-damage|p1b: Grimmsnarl|21\/100\n|-damage|p2a: Unashamed|91\/100|[from] item: Life Orb\n|move|p2b: They remain|Hyper Voice|p1a: Gholdengo|[spread] p1b\n|-immune|p1a: Gholdengo\n|-damage|p1b: Grimmsnarl|2\/100\n|-enditem|p2b: They remain|Throat Spray\n|-boost|p2b: They remain|spa|1|[from] item: Throat Spray\n|move|p1a: Gholdengo|Make It Rain|p2b: They remain|[spread] p2a,p2b\n|-damage|p2a: Unashamed|49\/100\n|-damage|p2b: They remain|16\/100\n|-unboost|p1a: Gholdengo|spa|1\n|\n|upkeep\n|turn|3\n|j| UGCL\n|\n|t:|1731621324\n|switch|p1b: Annihilape|Annihilape, L50, M|100\/100\n|move|p2a: Unashamed|Earth Power|p1a: Gholdengo\n|-supereffective|p1a: Gholdengo\n|-damage|p1a: Gholdengo|0 fnt\n|faint|p1a: Gholdengo\n|-damage|p2a: Unashamed|39\/100|[from] item: Life Orb\n|move|p2b: They remain|Hyper Voice|p1b: Annihilape\n|-immune|p1b: Annihilape\n|\n|upkeep\n|inactive|Jujahxh has 30 seconds left.\n|\n|t:|1731621353\n|switch|p1a: Dragapult|Dragapult, L50, M|100\/100\n|turn|4\n|\n|t:|1731621371\n|switch|p1b: Grimmsnarl|Grimmsnarl, L50, M|2\/100\n|move|p2a: Unashamed|Hyper Voice|p1b: Grimmsnarl|[spread] p1a,p1b\n|-damage|p1a: Dragapult|33\/100\n|-damage|p1b: Grimmsnarl|0 fnt\n|faint|p1b: Grimmsnarl\n|-damage|p2a: Unashamed|30\/100|[from] item: Life Orb\n|move|p2b: They remain|Psychic Noise|p1a: Dragapult\n|-damage|p1a: Dragapult|0 fnt\n|faint|p1a: Dragapult\n|\n|upkeep\n|\n|t:|1731621377\n|switch|p1b: Annihilape|Annihilape, L50, M|100\/100\n|turn|5\n|\n|t:|1731621380\n|move|p1b: Annihilape|Protect|p1b: Annihilape\n|-singleturn|p1b: Annihilape|Protect\n|move|p2a: Unashamed|Blood Moon|p1b: Annihilape\n|-activate|p1b: Annihilape|move: Protect\n|move|p2b: They remain|Psychic Noise|p1b: Annihilape\n|-activate|p1b: Annihilape|move: Protect\n|\n|-fieldend|move: Trick Room\n|upkeep\n|turn|6\n|\n|t:|1731621386\n|move|p1b: Annihilape|Drain Punch|p2b: They remain\n|-damage|p2b: They remain|0 fnt\n|faint|p2b: They remain\n|move|p2a: Unashamed|Hyper Voice|p1b: Annihilape\n|-damage|p1b: Annihilape|60\/100\n|-damage|p2a: Unashamed|20\/100|[from] item: Life Orb\n|\n|-heal|p1b: Annihilape|66\/100|[from] item: Leftovers\n|upkeep\n|\n|t:|1731621388\n|switch|p2b: It\u2019s used to|Annihilape, L50, F|100\/100\n|turn|7\n|\n|t:|1731621399\n|-terastallize|p1b: Annihilape|Fire\n|move|p2b: It\u2019s used to|Rage Fist|p1b: Annihilape\n|-damage|p1b: Annihilape|42\/100\n|move|p1b: Annihilape|Drain Punch|p2a: Unashamed\n|-supereffective|p2a: Unashamed\n|-damage|p2a: Unashamed|0 fnt\n|-heal|p1b: Annihilape|52\/100|[from] drain|[of] p2a: Unashamed\n|faint|p2a: Unashamed\n|\n|-heal|p1b: Annihilape|58\/100|[from] item: Leftovers\n|upkeep\n|turn|8\n|\n|t:|1731621404\n|move|p1b: Annihilape|Protect|p1b: Annihilape\n|-singleturn|p1b: Annihilape|Protect\n|move|p2b: It\u2019s used to|Rage Fist|p1b: Annihilape\n|-activate|p1b: Annihilape|move: Protect\n|\n|-heal|p1b: Annihilape|64\/100|[from] item: Leftovers\n|-sideend|p1: Jujahxh|Reflect\n|upkeep\n|turn|9\n|\n|t:|1731621408\n|move|p2b: It\u2019s used to|Rage Fist|p1b: Annihilape\n|-damage|p1b: Annihilape|29\/100\n|move|p1b: Annihilape|Rage Fist|p2b: It\u2019s used to\n|-supereffective|p2b: It\u2019s used to\n|-damage|p2b: It\u2019s used to|0 fnt\n|faint|p2b: It\u2019s used to\n|\n|win|Jujahxh\n|raw|Jujahxh's rating: 1658 &rarr; <strong>1685<\/strong><br \/>(+27 for winning)\n|raw|VGCLTH John Pork's rating: 1786 &rarr; <strong>1759<\/strong><br \/>(-27 for losing)\n|l|\u2606Jujahxh\n|player|p1|\n|l|\u2606VGCLTH John Pork\n|player|p2|\n|l| Finabas\n","uploadtime":1731621442,"views":25,"formatid":"gen9vgc2024regh","rating":1685,"private":0,"password":null}