{"id":"gen9vgc2024regh-2244673279","format":"[Gen 9] VGC 2024 Reg H","players":["lightwatt","VGCLTH low laddr"],"log":"|j|\u2606lightwatt\n|j|\u2606VGCLTH low laddr\n|t:|1731707451\n|gametype|doubles\n|player|p1|lightwatt|palmer|1726\n|player|p2|VGCLTH low laddr|lucas|1743\n|teamsize|p1|6\n|teamsize|p2|6\n|gen|9\n|tier|[Gen 9] VGC 2024 Reg H\n|rated|\n|rule|Species Clause: Limit one of each Pok\u00e9mon\n|rule|Item Clause: Limit 1 of each item\n|clearpoke\n|poke|p1|Gothitelle, L50, M|\n|poke|p1|Amoonguss, L50, M|\n|poke|p1|Ursaluna-Bloodmoon, L50, M|\n|poke|p1|Tyranitar, L50, F|\n|poke|p1|Incineroar, L50, M|\n|poke|p1|Annihilape, L50, M|\n|poke|p2|Dondozo, L50, F|\n|poke|p2|Tatsugiri, L50, F|\n|poke|p2|Sneasler, L50, F|\n|poke|p2|Indeedee, L50, M|\n|poke|p2|Talonflame, L50, F|\n|poke|p2|Ursaluna-Bloodmoon, L50, M|\n|teampreview|4\n|inactive|Battle timer is ON: inactive players will automatically lose when time's up. (requested by VGCLTH low laddr)\n|inactive|lightwatt also wants the timer to be on.\n|\n|t:|1731707477\n|start\n|switch|p1a: Tyranitar|Tyranitar, L50, F|100\/100\n|switch|p1b: Gothitelle|Gothitelle, L50, M|100\/100\n|switch|p2a: Sneasler|Sneasler, L50, F|100\/100\n|switch|p2b: Indeedee|Indeedee, L50, M|100\/100\n|-fieldstart|move: Psychic Terrain|[from] ability: Psychic Surge|[of] p2b: Indeedee\n|-enditem|p2a: Sneasler|Psychic Seed\n|-boost|p2a: Sneasler|spd|1|[from] item: Psychic Seed\n|-weather|Sandstorm|[from] ability: Sand Stream|[of] p1a: Tyranitar\n|turn|1\n|j| kyog9t\n|inactive|VGCLTH low laddr has 30 seconds left.\n|inactive|VGCLTH low laddr has 20 seconds left.\n|inactive|VGCLTH low laddr has 15 seconds left.\n|inactive|VGCLTH low laddr has 10 seconds left.\n|\n|t:|1731707525\n|-terastallize|p2a: Sneasler|Dark\n|-terastallize|p1b: Gothitelle|Dark\n|move|p2a: Sneasler|Throat Chop|p1b: Gothitelle\n|-resisted|p1b: Gothitelle\n|-damage|p1b: Gothitelle|84\/100\n|-start|p1b: Gothitelle|Throat Chop|[silent]\n|move|p2b: Indeedee|Expanding Force|p1b: Gothitelle|[spread] \n|-immune|p1a: Tyranitar\n|-immune|p1b: Gothitelle\n|move|p1a: Tyranitar|Knock Off|p2b: Indeedee\n|-supereffective|p2b: Indeedee\n|-enditem|p2b: Indeedee|Focus Sash\n|-damage|p2b: Indeedee|1\/100\n|move|p1b: Gothitelle|Trick Room|p1b: Gothitelle\n|-fieldstart|move: Trick Room|[of] p1b: Gothitelle\n|\n|-weather|Sandstorm|[upkeep]\n|-damage|p1b: Gothitelle|78\/100|[from] Sandstorm\n|-damage|p2b: Indeedee|0 fnt|[from] Sandstorm\n|-damage|p2a: Sneasler|95\/100|[from] Sandstorm\n|faint|p2b: Indeedee\n|upkeep\n|\n|t:|1731707530\n|switch|p2b: Dondozo|Dondozo, L50, F|100\/100\n|turn|2\n|inactive|VGCLTH low laddr has 30 seconds left.\n|inactive|VGCLTH low laddr has 20 seconds left.\n|inactive|VGCLTH low laddr has 15 seconds left.\n|\n|t:|1731707573\n|move|p1b: Gothitelle|Protect|p1b: Gothitelle\n|-singleturn|p1b: Gothitelle|Protect\n|move|p2b: Dondozo|Protect|p2b: Dondozo\n|-singleturn|p2b: Dondozo|Protect\n|move|p1a: Tyranitar|Knock Off|p2b: Dondozo\n|-activate|p2b: Dondozo|move: Protect\n|move|p2a: Sneasler|Close Combat|p1a: Tyranitar\n|-supereffective|p1a: Tyranitar\n|-damage|p1a: Tyranitar|0 fnt\n|-unboost|p2a: Sneasler|def|1\n|-unboost|p2a: Sneasler|spd|1\n|faint|p1a: Tyranitar\n|\n|-weather|Sandstorm|[upkeep]\n|-damage|p1b: Gothitelle|72\/100|[from] Sandstorm\n|-damage|p2b: Dondozo|94\/100|[from] Sandstorm\n|-damage|p2a: Sneasler|89\/100|[from] Sandstorm\n|-heal|p2b: Dondozo|100\/100|[from] item: Leftovers\n|-end|p1b: Gothitelle|Throat Chop|[silent]\n|upkeep\n|\n|t:|1731707579\n|switch|p1a: Ursaluna|Ursaluna-Bloodmoon, L50, M|100\/100\n|turn|3\n|\n|t:|1731707597\n|switch|p1b: Amoonguss|Amoonguss, L50, M, shiny|100\/100\n|move|p2b: Dondozo|Protect||[still]\n|-fail|p2b: Dondozo\n|move|p1a: Ursaluna|Hyper Voice|p2a: Sneasler|[spread] p2a,p2b\n|-damage|p2a: Sneasler|19\/100\n|-damage|p2b: Dondozo|45\/100\n|-damage|p1a: Ursaluna|91\/100|[from] item: Life Orb\n|move|p2a: Sneasler|Close Combat|p1b: Amoonguss\n|-resisted|p1b: Amoonguss\n|-damage|p1b: Amoonguss|75\/100\n|-unboost|p2a: Sneasler|def|1\n|-unboost|p2a: Sneasler|spd|1\n|\n|-weather|Sandstorm|[upkeep]\n|-damage|p1b: Amoonguss|69\/100|[from] Sandstorm\n|-damage|p2b: Dondozo|39\/100|[from] Sandstorm\n|-damage|p2a: Sneasler|13\/100|[from] Sandstorm\n|-heal|p2b: Dondozo|45\/100|[from] item: Leftovers\n|upkeep\n|turn|4\n|\n|t:|1731707609\n|switch|p2a: Tatsugiri|Tatsugiri, L50, F, shiny|100\/100\n|-activate|p2a: Tatsugiri|ability: Commander|[of] p2b: Dondozo\n|-boost|p2b: Dondozo|atk|2\n|-boost|p2b: Dondozo|spa|2\n|-boost|p2b: Dondozo|spe|2\n|-boost|p2b: Dondozo|def|2\n|-boost|p2b: Dondozo|spd|2\n|move|p2b: Dondozo|Protect|p2b: Dondozo\n|-singleturn|p2b: Dondozo|Protect\n|move|p1b: Amoonguss|Spore|p2b: Dondozo\n|-activate|p2b: Dondozo|move: Protect\n|move|p1a: Ursaluna|Hyper Voice|p2a: Tatsugiri|[spread] \n|-miss|p1a: Ursaluna|p2a: Tatsugiri\n|-activate|p2b: Dondozo|move: Protect\n|\n|-weather|Sandstorm|[upkeep]\n|-damage|p1b: Amoonguss|63\/100|[from] Sandstorm\n|-damage|p2b: Dondozo|39\/100|[from] Sandstorm\n|-damage|p2a: Tatsugiri|95\/100|[from] Sandstorm\n|-heal|p2b: Dondozo|45\/100|[from] item: Leftovers\n|upkeep\n|turn|5\n|inactive|VGCLTH low laddr has 30 seconds left.\n|\n|t:|1731707636\n|move|p2b: Dondozo|Protect|p2b: Dondozo\n|-singleturn|p2b: Dondozo|Protect\n|move|p1b: Amoonguss|Spore|p2b: Dondozo\n|-activate|p2b: Dondozo|move: Protect\n|move|p1a: Ursaluna|Blood Moon|p2b: Dondozo\n|-activate|p2b: Dondozo|move: Protect\n|\n|-weather|none\n|-heal|p2b: Dondozo|51\/100|[from] item: Leftovers\n|-fieldend|move: Trick Room\n|-fieldend|move: Psychic Terrain\n|upkeep\n|turn|6\n|inactive|lightwatt has 30 seconds left.\n|\n|t:|1731707662\n|move|p1a: Ursaluna|Protect|p1a: Ursaluna\n|-singleturn|p1a: Ursaluna|Protect\n|move|p2b: Dondozo|Wave Crash|p1a: Ursaluna\n|-activate|p1a: Ursaluna|move: Protect\n|move|p1b: Amoonguss|Spore|p2b: Dondozo\n|-status|p2b: Dondozo|slp|[from] move: Spore\n|\n|-heal|p2b: Dondozo|58\/100 slp|[from] item: Leftovers\n|upkeep\n|turn|7\n|\n|t:|1731707670\n|cant|p2b: Dondozo|slp\n|move|p1a: Ursaluna|Blood Moon|p2b: Dondozo\n|-damage|p2b: Dondozo|2\/100 slp\n|-damage|p1a: Ursaluna|81\/100|[from] item: Life Orb\n|move|p1b: Amoonguss|Clear Smog|p2b: Dondozo\n|-damage|p2b: Dondozo|0 fnt\n|-clearboost|p2b: Dondozo\n|faint|p2b: Dondozo\n|\n|upkeep\n|\n|t:|1731707675\n|switch|p2b: Sneasler|Sneasler, L50, F, tera:Dark|13\/100\n|turn|8\n|\n|t:|1731707683\n|move|p1b: Amoonguss|Rage Powder|p1b: Amoonguss\n|-singleturn|p1b: Amoonguss|move: Rage Powder\n|move|p2a: Tatsugiri|Muddy Water|p1b: Amoonguss|[spread] p1a,p1b\n|-supereffective|p1a: Ursaluna\n|-resisted|p1b: Amoonguss\n|-damage|p1a: Ursaluna|0 fnt\n|-damage|p1b: Amoonguss|48\/100\n|-enditem|p1b: Amoonguss|Sitrus Berry|[eat]\n|-heal|p1b: Amoonguss|72\/100|[from] item: Sitrus Berry\n|faint|p1a: Ursaluna\n|move|p2b: Sneasler|Dire Claw|p1b: Amoonguss\n|-damage|p1b: Amoonguss|41\/100\n|-status|p1b: Amoonguss|par\n|\n|upkeep\n|\n|t:|1731707689\n|switch|p1a: Gothitelle|Gothitelle, L50, M, tera:Dark|72\/100\n|turn|9\n|\n|t:|1731707700\n|move|p2b: Sneasler|Protect|p2b: Sneasler\n|-singleturn|p2b: Sneasler|Protect\n|move|p1a: Gothitelle|Protect|p1a: Gothitelle\n|-singleturn|p1a: Gothitelle|Protect\n|move|p2a: Tatsugiri|Muddy Water|p1b: Amoonguss|[spread] p1b\n|-activate|p1a: Gothitelle|move: Protect\n|-resisted|p1b: Amoonguss\n|-damage|p1b: Amoonguss|24\/100 par\n|-unboost|p1b: Amoonguss|accuracy|1\n|move|p1b: Amoonguss|Clear Smog|p2b: Sneasler\n|-activate|p2b: Sneasler|move: Protect\n|\n|upkeep\n|turn|10\n|\n|t:|1731707711\n|move|p1a: Gothitelle|Protect||[still]\n|-fail|p1a: Gothitelle\n|move|p2a: Tatsugiri|Muddy Water|p1a: Gothitelle|[spread] p1a,p1b\n|-resisted|p1b: Amoonguss\n|-damage|p1a: Gothitelle|41\/100\n|-damage|p1b: Amoonguss|9\/100 par\n|-unboost|p1a: Gothitelle|accuracy|1\n|move|p2b: Sneasler|Close Combat|p1a: Gothitelle\n|-supereffective|p1a: Gothitelle\n|-damage|p1a: Gothitelle|0 fnt\n|-unboost|p2b: Sneasler|def|1\n|-unboost|p2b: Sneasler|spd|1\n|faint|p1a: Gothitelle\n|move|p1b: Amoonguss|Clear Smog|p2b: Sneasler\n|-damage|p2b: Sneasler|0 fnt\n|-clearboost|p2b: Sneasler\n|faint|p2b: Sneasler\n|\n|upkeep\n|turn|11\n|-message|lightwatt forfeited.\n|\n|win|VGCLTH low laddr\n|raw|lightwatt's rating: 1726 &rarr; <strong>1708<\/strong><br \/>(-18 for losing)\n|raw|VGCLTH low laddr's rating: 1764 &rarr; <strong>1782<\/strong><br \/>(+18 for winning)\n|l|\u2606lightwatt\n|player|p1|\n|l|\u2606VGCLTH low laddr\n|player|p2|\n|l| kyog9t\n","uploadtime":1731707878,"views":16,"formatid":"gen9vgc2024regh","rating":1708,"private":0,"password":null}