{"id":"gen9vgc2024regh-2244462053","format":"[Gen 9] VGC 2024 Reg H","players":["14RMC","VGCLTH Carrots"],"log":"|raw|<div class=\"broadcast-blue\"><strong>This battle is required to be public due to a player having a name starting with 'vgclth'.<\/div>\n|j|\u260614RMC\n|j|\u2606VGCLTH Carrots\n|t:|1731685889\n|gametype|doubles\n|player|p1|14RMC|riley|1645\n|player|p2|VGCLTH Carrots|265|1751\n|teamsize|p1|6\n|teamsize|p2|6\n|gen|9\n|tier|[Gen 9] VGC 2024 Reg H\n|rated|\n|rule|Species Clause: Limit one of each Pok\u00e9mon\n|rule|Item Clause: Limit 1 of each item\n|clearpoke\n|poke|p1|Tyranitar, L50, F|\n|poke|p1|Kommo-o, L50, F|\n|poke|p1|Excadrill, L50, F|\n|poke|p1|Rillaboom, L50, M|\n|poke|p1|Tauros-Paldea-Aqua, L50, M|\n|poke|p1|Volcarona, L50, M|\n|poke|p2|Rillaboom, L50, F|\n|poke|p2|Kingambit, L50, M|\n|poke|p2|Sneasler, L50, F|\n|poke|p2|Dragonite, L50, M|\n|poke|p2|Gastrodon, L50, F|\n|poke|p2|Ceruledge, L50, M|\n|teampreview|4\n|inactive|Battle timer is ON: inactive players will automatically lose when time's up. (requested by VGCLTH Carrots)\n|\n|t:|1731685915\n|start\n|switch|p1a: Tyranitar|Tyranitar, L50, F|100\/100\n|switch|p1b: Excadrill|Excadrill, L50, F, shiny|100\/100\n|switch|p2a: Sneasler|Sneasler, L50, F|100\/100\n|switch|p2b: Dragonite|Dragonite, L50, M|100\/100\n|-weather|Sandstorm|[from] ability: Sand Stream|[of] p1a: Tyranitar\n|turn|1\n|\n|t:|1731685932\n|switch|p1a: Tauros|Tauros-Paldea-Aqua, L50, M|100\/100\n|-ability|p1a: Tauros|Intimidate|boost\n|-unboost|p2a: Sneasler|atk|1\n|-unboost|p2b: Dragonite|atk|1\n|-terastallize|p1b: Excadrill|Ghost\n|move|p2a: Sneasler|Fake Out|p1b: Excadrill\n|-immune|p1b: Excadrill\n|move|p1b: Excadrill|High Horsepower|p2a: Sneasler\n|-supereffective|p2a: Sneasler\n|-enditem|p2a: Sneasler|Focus Sash\n|-damage|p2a: Sneasler|1\/100\n|move|p2b: Dragonite|Scale Shot|p1b: Excadrill\n|-damage|p1b: Excadrill|86\/100\n|-damage|p1b: Excadrill|71\/100\n|-crit|p1b: Excadrill\n|-damage|p1b: Excadrill|40\/100\n|-damage|p1b: Excadrill|25\/100\n|-hitcount|p1b: Excadrill|4\n|-unboost|p2b: Dragonite|def|1\n|-boost|p2b: Dragonite|spe|1\n|-enditem|p1a: Tauros|Mirror Herb\n|-boost|p1a: Tauros|spe|1|[from] item: Mirror Herb\n|\n|-weather|Sandstorm|[upkeep]\n|-damage|p2a: Sneasler|0 fnt|[from] Sandstorm\n|-damage|p1a: Tauros|94\/100|[from] Sandstorm\n|-damage|p2b: Dragonite|95\/100|[from] Sandstorm\n|faint|p2a: Sneasler\n|upkeep\n|\n|t:|1731685938\n|switch|p2a: Rillaboom|Rillaboom, L50, F|100\/100\n|-fieldstart|move: Grassy Terrain|[from] ability: Grassy Surge|[of] p2a: Rillaboom\n|turn|2\n|inactive|14RMC has 30 seconds left.\n|\n|t:|1731685966\n|move|p2a: Rillaboom|Grassy Glide|p1b: Excadrill\n|-damage|p1b: Excadrill|0 fnt\n|faint|p1b: Excadrill\n|move|p1a: Tauros|Close Combat|p2a: Rillaboom\n|-damage|p2a: Rillaboom|43\/100\n|-unboost|p1a: Tauros|def|1\n|-unboost|p1a: Tauros|spd|1\n|move|p2b: Dragonite|Haze|p2b: Dragonite\n|-clearallboost\n|\n|-weather|Sandstorm|[upkeep]\n|-damage|p1a: Tauros|88\/100|[from] Sandstorm\n|-damage|p2b: Dragonite|89\/100|[from] Sandstorm\n|-damage|p2a: Rillaboom|38\/100|[from] Sandstorm\n|-heal|p1a: Tauros|94\/100|[from] Grassy Terrain\n|-heal|p2a: Rillaboom|43\/100|[from] Grassy Terrain\n|upkeep\n|j| Furret the heretic\n|\n|t:|1731685980\n|switch|p1b: Tyranitar|Tyranitar, L50, F|100\/100\n|turn|3\n|\n|t:|1731686002\n|switch|p1a: Kommo-o|Kommo-o, L50, F, shiny|100\/100\n|move|p2a: Rillaboom|Grassy Glide|p1a: Kommo-o\n|-resisted|p1a: Kommo-o\n|-damage|p1a: Kommo-o|80\/100\n|move|p1b: Tyranitar|Icy Wind|p2a: Rillaboom|[spread] p2a,p2b\n|-supereffective|p2a: Rillaboom\n|-supereffective|p2b: Dragonite\n|-damage|p2a: Rillaboom|27\/100\n|-damage|p2b: Dragonite|55\/100\n|-unboost|p2a: Rillaboom|spe|1\n|-unboost|p2b: Dragonite|spe|1\n|move|p2b: Dragonite|Scale Shot|p1a: Kommo-o|[miss]\n|-miss|p2b: Dragonite|p1a: Kommo-o\n|\n|-weather|Sandstorm|[upkeep]\n|-damage|p2b: Dragonite|49\/100|[from] Sandstorm\n|-damage|p2a: Rillaboom|21\/100|[from] Sandstorm\n|-heal|p1a: Kommo-o|86\/100|[from] Grassy Terrain\n|-heal|p2a: Rillaboom|27\/100|[from] Grassy Terrain\n|upkeep\n|turn|4\n|inactive|VGCLTH Carrots has 30 seconds left.\n|inactive|14RMC has 30 seconds left.\n|\n|t:|1731686035\n|switch|p1a: Tauros|Tauros-Paldea-Aqua, L50, M|94\/100\n|-ability|p1a: Tauros|Intimidate|boost\n|-unboost|p2a: Rillaboom|atk|1\n|-unboost|p2b: Dragonite|atk|1\n|switch|p2a: Kingambit|Kingambit, L50, M|100\/100\n|move|p1b: Tyranitar|Icy Wind|p2b: Dragonite|[spread] p2a\n|-miss|p1b: Tyranitar|p2b: Dragonite\n|-resisted|p2a: Kingambit\n|-damage|p2a: Kingambit|98\/100\n|-unboost|p2a: Kingambit|spe|1\n|-ability|p2a: Kingambit|Defiant|boost\n|-boost|p2a: Kingambit|atk|2\n|move|p2b: Dragonite|Scale Shot|p1a: Tauros\n|-damage|p1a: Tauros|82\/100\n|-damage|p1a: Tauros|71\/100\n|-damage|p1a: Tauros|60\/100\n|-damage|p1a: Tauros|48\/100\n|-hitcount|p1a: Tauros|4\n|-unboost|p2b: Dragonite|def|1\n|-boost|p2b: Dragonite|spe|1\n|\n|-weather|Sandstorm|[upkeep]\n|-damage|p1a: Tauros|42\/100|[from] Sandstorm\n|-damage|p2b: Dragonite|43\/100|[from] Sandstorm\n|-heal|p1a: Tauros|48\/100|[from] Grassy Terrain\n|-heal|p2a: Kingambit|100\/100|[from] Grassy Terrain\n|upkeep\n|turn|5\n|inactive|VGCLTH Carrots has 30 seconds left.\n|\n|t:|1731686066\n|switch|p1b: Kommo-o|Kommo-o, L50, F, shiny|86\/100\n|-terastallize|p2a: Kingambit|Flying\n|move|p1a: Tauros|Close Combat|p2a: Kingambit\n|-resisted|p2a: Kingambit\n|-damage|p2a: Kingambit|79\/100\n|-unboost|p1a: Tauros|def|1\n|-unboost|p1a: Tauros|spd|1\n|move|p2b: Dragonite|Scale Shot|p1a: Tauros\n|-damage|p1a: Tauros|32\/100\n|-damage|p1a: Tauros|13\/100\n|-damage|p1a: Tauros|0 fnt\n|faint|p1a: Tauros\n|-hitcount|p1: Tauros|3\n|-unboost|p2b: Dragonite|def|1\n|-boost|p2b: Dragonite|spe|1\n|move|p2a: Kingambit|Iron Head|p1b: Kommo-o\n|-damage|p1b: Kommo-o|11\/100\n|\n|-weather|none\n|-heal|p1b: Kommo-o|16\/100|[from] Grassy Terrain\n|upkeep\n|\n|t:|1731686078\n|switch|p1a: Tyranitar|Tyranitar, L50, F|100\/100\n|-weather|Sandstorm|[from] ability: Sand Stream|[of] p1a: Tyranitar\n|turn|6\n|\n|t:|1731686085\n|move|p1b: Kommo-o|Protect|p1b: Kommo-o\n|-singleturn|p1b: Kommo-o|Protect\n|move|p2b: Dragonite|Tera Blast|p1b: Kommo-o\n|-activate|p1b: Kommo-o|move: Protect\n|move|p1a: Tyranitar|Rock Slide|p2a: Kingambit|[spread] p2a,p2b\n|-supereffective|p2a: Kingambit\n|-supereffective|p2b: Dragonite\n|-damage|p2a: Kingambit|29\/100\n|-damage|p2b: Dragonite|0 fnt\n|faint|p2b: Dragonite\n|cant|p2a: Kingambit|flinch\n|\n|-weather|Sandstorm|[upkeep]\n|-damage|p2a: Kingambit|24\/100|[from] Sandstorm\n|-heal|p1b: Kommo-o|22\/100|[from] Grassy Terrain\n|-fieldend|move: Grassy Terrain\n|upkeep\n|\n|t:|1731686093\n|switch|p2b: Rillaboom|Rillaboom, L50, F|27\/100\n|-fieldstart|move: Grassy Terrain|[from] ability: Grassy Surge|[of] p2b: Rillaboom\n|turn|7\n|\n|t:|1731686101\n|move|p2b: Rillaboom|Fake Out|p1a: Tyranitar\n|-resisted|p1a: Tyranitar\n|-damage|p1a: Tyranitar|93\/100\n|move|p2a: Kingambit|Sucker Punch|p1b: Kommo-o\n|-resisted|p1b: Kommo-o\n|-damage|p1b: Kommo-o|0 fnt\n|faint|p1b: Kommo-o\n|cant|p1a: Tyranitar|flinch\n|\n|-weather|Sandstorm|[upkeep]\n|-damage|p2b: Rillaboom|21\/100|[from] Sandstorm\n|-damage|p2a: Kingambit|18\/100|[from] Sandstorm\n|-heal|p1a: Tyranitar|99\/100|[from] Grassy Terrain\n|-heal|p2b: Rillaboom|27\/100|[from] Grassy Terrain\n|upkeep\n|turn|8\n|\n|t:|1731686107\n|move|p1a: Tyranitar|Rock Slide|p2a: Kingambit|[spread] p2a,p2b\n|-supereffective|p2a: Kingambit\n|-damage|p2a: Kingambit|0 fnt\n|-damage|p2b: Rillaboom|0 fnt\n|faint|p2a: Kingambit\n|faint|p2b: Rillaboom\n|\n|win|14RMC\n|raw|14RMC's rating: 1645 &rarr; <strong>1671<\/strong><br \/>(+26 for winning)\n|raw|VGCLTH Carrots's rating: 1751 &rarr; <strong>1725<\/strong><br \/>(-26 for losing)\n|c|\u2606VGCLTH Carrots|gg\n|c|\u260614RMC|Gg\n|c|\u2606VGCLTH Carrots|fucking flinch\n|c|\u260614RMC|Haha\n|c|\u260614RMC|thats life\n|l|\u2606VGCLTH Carrots\n|player|p2|\n|l|\u260614RMC\n|player|p1|\n|l| Furret the heretic\n","uploadtime":1731686252,"views":10,"formatid":"gen9vgc2024regh","rating":1671,"private":0,"password":null}