{"id":"gen9vgc2024regh-2244716469","format":"[Gen 9] VGC 2024 Reg H","players":["VGCLTH Louis","redgannetVGC"],"log":"|raw|<div class=\"broadcast-blue\"><strong>This battle is required to be public due to a player having a name starting with 'vgclth'.<\/div>\n|j|\u2606VGCLTH Louis\n|j|\u2606redgannetVGC\n|t:|1731712522\n|gametype|doubles\n|player|p1|VGCLTH Louis|#scl4breakers|1703\n|player|p2|redgannetVGC|101|1816\n|teamsize|p1|6\n|teamsize|p2|6\n|gen|9\n|tier|[Gen 9] VGC 2024 Reg H\n|rated|\n|rule|Species Clause: Limit one of each Pok\u00e9mon\n|rule|Item Clause: Limit 1 of each item\n|clearpoke\n|poke|p1|Dragonite, L50, F|\n|poke|p1|Sneasler, L50, F|\n|poke|p1|Ninetales-Alola, L50, M|\n|poke|p1|Indeedee, L50, M|\n|poke|p1|Ursaluna-Bloodmoon, L50, M|\n|poke|p1|Talonflame, L50, M|\n|poke|p2|Ninetales-Alola, L50, M|\n|poke|p2|Dragonite, L50, F|\n|poke|p2|Gholdengo, L50|\n|poke|p2|Magmar, L50, F|\n|poke|p2|Ursaluna-Bloodmoon, L50, M|\n|poke|p2|Annihilape, L50, F|\n|teampreview|4\n|inactive|Battle timer is ON: inactive players will automatically lose when time's up. (requested by VGCLTH Louis)\n|j| Bohoennian\n|inactive|VGCLTH Louis has 60 seconds left.\n|inactive|redgannetVGC has 60 seconds left.\n|\n|t:|1731712580\n|start\n|switch|p1a: Ursaluna|Ursaluna-Bloodmoon, L50, M|100\/100\n|switch|p1b: Talonflame|Talonflame, L50, M|100\/100\n|switch|p2a: Ursaluna|Ursaluna-Bloodmoon, L50, M|100\/100\n|switch|p2b: Ninetales|Ninetales-Alola, L50, M|100\/100\n|-weather|Snow|[from] ability: Snow Warning|[of] p2b: Ninetales\n|turn|1\n|inactive|VGCLTH Louis has 30 seconds left.\n|\n|t:|1731712607\n|move|p1b: Talonflame|Tailwind|p1b: Talonflame\n|-sidestart|p1: VGCLTH Louis|move: Tailwind\n|move|p1a: Ursaluna|Blood Moon|p2b: Ninetales\n|-damage|p2b: Ninetales|0 fnt\n|faint|p2b: Ninetales\n|-damage|p1a: Ursaluna|91\/100|[from] item: Life Orb\n|move|p2a: Ursaluna|Blood Moon|p1a: Ursaluna\n|-damage|p1a: Ursaluna|0 fnt\n|faint|p1a: Ursaluna\n|\n|-weather|Snow|[upkeep]\n|upkeep\n|\n|t:|1731712630\n|switch|p2b: Magmar|Magmar, L50, F|100\/100\n|switch|p1a: Indeedee|Indeedee, L50, M|100\/100\n|-fieldstart|move: Psychic Terrain|[from] ability: Psychic Surge|[of] p1a: Indeedee\n|turn|2\n|inactive|VGCLTH Louis has 30 seconds left.\n|\n|t:|1731712656\n|move|p2b: Magmar|Protect|p2b: Magmar\n|-singleturn|p2b: Magmar|Protect\n|move|p1b: Talonflame|Flare Blitz|p2a: Ursaluna\n|-damage|p2a: Ursaluna|67\/100\n|-status|p2a: Ursaluna|brn\n|-damage|p1b: Talonflame|86\/100|[from] Recoil\n|move|p1a: Indeedee|Expanding Force|p2b: Magmar|[spread] p2a\n|-activate|p2b: Magmar|move: Protect\n|-damage|p2a: Ursaluna|22\/100 brn\n|move|p2a: Ursaluna|Hyper Voice|p1a: Indeedee|[spread] p1a,p1b\n|-damage|p1a: Indeedee|48\/100\n|-damage|p1b: Talonflame|25\/100\n|\n|-weather|Snow|[upkeep]\n|-damage|p2a: Ursaluna|15\/100 brn|[from] brn\n|upkeep\n|turn|3\n|\n|t:|1731712680\n|switch|p2b: Gholdengo|Gholdengo, L50|100\/100\n|move|p2a: Ursaluna|Vacuum Wave|p1b: Talonflame\n|-hint|Psychic Terrain doesn't affect Pok\u00e9mon immune to Ground.\n|-resisted|p1b: Talonflame\n|-damage|p1b: Talonflame|12\/100\n|move|p1b: Talonflame|Dual Wingbeat|p2b: Gholdengo\n|-resisted|p2b: Gholdengo\n|-damage|p2b: Gholdengo|93\/100\n|-resisted|p2b: Gholdengo\n|-damage|p2b: Gholdengo|87\/100\n|-hitcount|p2b: Gholdengo|2\n|move|p1a: Indeedee|Expanding Force|p2a: Ursaluna|[spread] p2a,p2b\n|-resisted|p2b: Gholdengo\n|-damage|p2a: Ursaluna|0 fnt\n|-damage|p2b: Gholdengo|60\/100\n|faint|p2a: Ursaluna\n|\n|-weather|Snow|[upkeep]\n|upkeep\n|\n|t:|1731712688\n|switch|p2a: Magmar|Magmar, L50, F|100\/100\n|turn|4\n|\n|t:|1731712707\n|move|p2a: Magmar|Follow Me|p2a: Magmar\n|-singleturn|p2a: Magmar|move: Follow Me\n|move|p1b: Talonflame|Flare Blitz|p2a: Magmar\n|-resisted|p2a: Magmar\n|-damage|p2a: Magmar|85\/100\n|-damage|p1b: Talonflame|6\/100|[from] Recoil\n|move|p1a: Indeedee|Expanding Force|p2a: Magmar|[spread] p2a,p2b\n|-resisted|p2b: Gholdengo\n|-damage|p2a: Magmar|45\/100\n|-damage|p2b: Gholdengo|36\/100\n|move|p2b: Gholdengo|Make It Rain|p1a: Indeedee|[spread] p1a,p1b\n|-resisted|p1b: Talonflame\n|-damage|p1a: Indeedee|0 fnt\n|-damage|p1b: Talonflame|0 fnt\n|-unboost|p2b: Gholdengo|spa|1\n|faint|p1a: Indeedee\n|faint|p1b: Talonflame\n|\n|-weather|Snow|[upkeep]\n|-sideend|p1: VGCLTH Louis|move: Tailwind\n|upkeep\n|\n|t:|1731712711\n|switch|p1b: Sneasler|Sneasler, L50, F|100\/100\n|-enditem|p1b: Sneasler|Psychic Seed\n|-boost|p1b: Sneasler|spd|1|[from] item: Psychic Seed\n|turn|5\n|\n|t:|1731712719\n|move|p2b: Gholdengo|Protect|p2b: Gholdengo\n|-singleturn|p2b: Gholdengo|Protect\n|move|p2a: Magmar|Protect|p2a: Magmar\n|-singleturn|p2a: Magmar|Protect\n|move|p1b: Sneasler|Close Combat|p2a: Magmar\n|-activate|p2a: Magmar|move: Protect\n|\n|-weather|none\n|upkeep\n|turn|6\n|inactive|redgannetVGC has 30 seconds left.\n|\n|t:|1731712744\n|move|p2a: Magmar|Follow Me|p2a: Magmar\n|-singleturn|p2a: Magmar|move: Follow Me\n|move|p1b: Sneasler|Close Combat|p2a: Magmar\n|-damage|p2a: Magmar|0 fnt\n|-unboost|p1b: Sneasler|def|1\n|-unboost|p1b: Sneasler|spd|1\n|-status|p1b: Sneasler|brn|[from] ability: Flame Body|[of] p2a: Magmar\n|faint|p2a: Magmar\n|move|p2b: Gholdengo|Nasty Plot|p2b: Gholdengo\n|-boost|p2b: Gholdengo|spa|2\n|\n|-damage|p1b: Sneasler|95\/100 brn|[from] brn\n|-fieldend|move: Psychic Terrain\n|upkeep\n|turn|7\n|\n|t:|1731712754\n|-terastallize|p1b: Sneasler|Dark\n|move|p2b: Gholdengo|Protect|p2b: Gholdengo\n|-singleturn|p2b: Gholdengo|Protect\n|move|p1b: Sneasler|Throat Chop|p2b: Gholdengo\n|-activate|p2b: Gholdengo|move: Protect\n|\n|-damage|p1b: Sneasler|89\/100 brn|[from] brn\n|upkeep\n|turn|8\n|\n|t:|1731712763\n|move|p1b: Sneasler|Throat Chop|p2b: Gholdengo\n|-supereffective|p2b: Gholdengo\n|-damage|p2b: Gholdengo|0 fnt\n|faint|p2b: Gholdengo\n|\n|win|VGCLTH Louis\n|raw|VGCLTH Louis's rating: 1699 &rarr; <strong>1725<\/strong><br \/>(+26 for winning)\n|raw|redgannetVGC's rating: 1816 &rarr; <strong>1790<\/strong><br \/>(-26 for losing)\n|l|\u2606redgannetVGC\n|player|p2|\n|l| Bohoennian\n|l|\u2606VGCLTH Louis\n|player|p1|\n","uploadtime":1731712994,"views":12,"formatid":"gen9vgc2024regh","rating":1725,"private":0,"password":null}