{"id":"gen9vgc2024regh-2244698749","format":"[Gen 9] VGC 2024 Reg H","players":["ciraulo","VGCLTH low laddr"],"log":"|j|\u2606ciraulo\n|j|\u2606VGCLTH low laddr\n|t:|1731710401\n|gametype|doubles\n|player|p1|ciraulo|266|1677\n|player|p2|VGCLTH low laddr|lucas|1827\n|teamsize|p1|6\n|teamsize|p2|6\n|gen|9\n|tier|[Gen 9] VGC 2024 Reg H\n|rated|\n|rule|Species Clause: Limit one of each Pok\u00e9mon\n|rule|Item Clause: Limit 1 of each item\n|clearpoke\n|poke|p1|Tyranitar, L50, M|\n|poke|p1|Excadrill, L50, F|\n|poke|p1|Rotom-Heat, L50|\n|poke|p1|Corviknight, L50, M|\n|poke|p1|Weezing-Galar, L50, F|\n|poke|p1|Toedscruel, L50, M|\n|poke|p2|Dondozo, L50, F|\n|poke|p2|Tatsugiri, L50, M|\n|poke|p2|Sneasler, L50, F|\n|poke|p2|Indeedee, L50, M|\n|poke|p2|Talonflame, L50, M|\n|poke|p2|Ursaluna-Bloodmoon, L50, M|\n|teampreview|4\n|inactive|Battle timer is ON: inactive players will automatically lose when time's up. (requested by VGCLTH low laddr)\n|inactive|ciraulo also wants the timer to be on.\nciraulo rejected open team sheets.\n|inactive|ciraulo has 60 seconds left.\n|inactive|VGCLTH low laddr has 60 seconds left.\n|\n|t:|1731710460\n|start\n|switch|p1a: Rotom|Rotom-Heat, L50|100\/100\n|switch|p1b: Excadrill|Excadrill, L50, F|100\/100\n|switch|p2a: Sneasler|Sneasler, L50, F|100\/100\n|switch|p2b: Ursaluna|Ursaluna-Bloodmoon, L50, M|100\/100\n|turn|1\n|\n|t:|1731710480\n|-terastallize|p2a: Sneasler|Dark\n|move|p1b: Excadrill|Protect|p1b: Excadrill\n|-singleturn|p1b: Excadrill|Protect\n|move|p1a: Rotom|Volt Switch|p2a: Sneasler\n|-damage|p2a: Sneasler|56\/100\n|\n|t:|1731710496\n|switch|p1a: Tyranitar|Tyranitar, L50, M|100\/100|[from] Volt Switch\n|-weather|Sandstorm|[from] ability: Sand Stream|[of] p1a: Tyranitar\n|move|p2a: Sneasler|Close Combat|p1b: Excadrill\n|-activate|p1b: Excadrill|move: Protect\n|move|p2b: Ursaluna|Hyper Voice|p1a: Tyranitar|[spread] p1a\n|-activate|p1b: Excadrill|move: Protect\n|-resisted|p1a: Tyranitar\n|-damage|p1a: Tyranitar|85\/100\n|-damage|p2b: Ursaluna|91\/100|[from] item: Life Orb\n|\n|-weather|Sandstorm|[upkeep]\n|-damage|p2a: Sneasler|50\/100|[from] Sandstorm\n|upkeep\n|turn|2\n|inactive|ciraulo has 30 seconds left.\n|inactive|ciraulo has 20 seconds left.\n|\n|t:|1731710532\n|-terastallize|p1a: Tyranitar|Flying\n|move|p2a: Sneasler|Protect|p2a: Sneasler\n|-singleturn|p2a: Sneasler|Protect\n|move|p1b: Excadrill|Earthquake|p2a: Sneasler|[spread] p2b\n|-activate|p2a: Sneasler|move: Protect\n|-immune|p1a: Tyranitar\n|-damage|p2b: Ursaluna|60\/100\n|move|p1a: Tyranitar|Tera Blast|p2b: Ursaluna|[anim] Tera Blast Flying\n|-damage|p2b: Ursaluna|27\/100\n|move|p2b: Ursaluna|Hyper Voice|p1b: Excadrill|[spread] p1a,p1b\n|-resisted|p1b: Excadrill\n|-damage|p1a: Tyranitar|41\/100\n|-damage|p1b: Excadrill|68\/100\n|-damage|p2b: Ursaluna|17\/100|[from] item: Life Orb\n|\n|-weather|Sandstorm|[upkeep]\n|-damage|p2a: Sneasler|45\/100|[from] Sandstorm\n|-damage|p1a: Tyranitar|35\/100|[from] Sandstorm\n|upkeep\n|turn|3\n|inactive|ciraulo has 30 seconds left.\n|\n|t:|1731710563\n|switch|p2a: Tatsugiri|Tatsugiri, L50, M, shiny|100\/100\n|switch|p1a: Rotom|Rotom-Heat, L50|100\/100\n|switch|p2b: Dondozo|Dondozo, L50, F|100\/100\n|-activate|p2a: Tatsugiri|ability: Commander|[of] p2b: Dondozo\n|-boost|p2b: Dondozo|atk|2\n|-boost|p2b: Dondozo|spa|2\n|-boost|p2b: Dondozo|spe|2\n|-boost|p2b: Dondozo|def|2\n|-boost|p2b: Dondozo|spd|2\n|move|p1b: Excadrill|Earthquake|p2a: Tatsugiri|[spread] p2b\n|-miss|p1b: Excadrill|p2a: Tatsugiri\n|-immune|p1a: Rotom|[from] ability: Levitate\n|-damage|p2b: Dondozo|87\/100\n|\n|-weather|Sandstorm|[upkeep]\n|-damage|p1a: Rotom|95\/100|[from] Sandstorm\n|-damage|p2a: Tatsugiri|95\/100|[from] Sandstorm\n|-damage|p2b: Dondozo|81\/100|[from] Sandstorm\n|-heal|p2b: Dondozo|87\/100|[from] item: Leftovers\n|upkeep\n|turn|4\n|inactive|ciraulo has 30 seconds left.\n|\n|t:|1731710593\n|move|p1b: Excadrill|Earthquake|p2b: Dondozo|[spread] p2b\n|-miss|p1b: Excadrill|p2a: Tatsugiri\n|-immune|p1a: Rotom|[from] ability: Levitate\n|-damage|p2b: Dondozo|72\/100\n|move|p1a: Rotom|Volt Switch|p2b: Dondozo\n|-supereffective|p2b: Dondozo\n|-damage|p2b: Dondozo|35\/100\n|\n|t:|1731710600\n|switch|p1a: Tyranitar|Tyranitar, L50, M, tera:Flying|35\/100|[from] Volt Switch\n|move|p2b: Dondozo|Wave Crash|p1a: Tyranitar\n|-damage|p1a: Tyranitar|0 fnt\n|faint|p1a: Tyranitar\n|-damage|p2b: Dondozo|25\/100|[from] Recoil\n|\n|-weather|Sandstorm|[upkeep]\n|-damage|p2a: Tatsugiri|89\/100|[from] Sandstorm\n|-damage|p2b: Dondozo|19\/100|[from] Sandstorm\n|-heal|p2b: Dondozo|25\/100|[from] item: Leftovers\n|upkeep\n|\n|t:|1731710602\n|switch|p1a: Rotom|Rotom-Heat, L50|95\/100\n|turn|5\n|\n|t:|1731710611\n|move|p2b: Dondozo|Protect|p2b: Dondozo\n|-singleturn|p2b: Dondozo|Protect\n|move|p1b: Excadrill|Earthquake|p2a: Tatsugiri|[spread] \n|-miss|p1b: Excadrill|p2a: Tatsugiri\n|-activate|p2b: Dondozo|move: Protect\n|-immune|p1a: Rotom|[from] ability: Levitate\n|move|p1a: Rotom|Thunderbolt|p2b: Dondozo\n|-activate|p2b: Dondozo|move: Protect\n|\n|-weather|none\n|-heal|p2b: Dondozo|31\/100|[from] item: Leftovers\n|upkeep\n|turn|6\n|\n|t:|1731710620\n|move|p1a: Rotom|Thunderbolt|p2b: Dondozo\n|-supereffective|p2b: Dondozo\n|-damage|p2b: Dondozo|0 fnt\n|faint|p2b: Dondozo\n|move|p1b: Excadrill|Earthquake|p2a: Tatsugiri|[spread] p2a\n|-immune|p1a: Rotom|[from] ability: Levitate\n|-damage|p2a: Tatsugiri|24\/100\n|\n|upkeep\n|\n|t:|1731710631\n|switch|p2b: Sneasler|Sneasler, L50, F, tera:Dark|45\/100\n|turn|7\n|\n|t:|1731710648\n|switch|p1a: Weezing|Weezing-Galar, L50, F|100\/100\n|-ability|p1a: Weezing|Neutralizing Gas\n|move|p2b: Sneasler|Protect|p2b: Sneasler\n|-singleturn|p2b: Sneasler|Protect\n|move|p1b: Excadrill|Protect|p1b: Excadrill\n|-singleturn|p1b: Excadrill|Protect\n|move|p2a: Tatsugiri|Muddy Water|p1a: Weezing|[spread] p1a\n|-activate|p1b: Excadrill|move: Protect\n|-damage|p1a: Weezing|55\/100\n|-unboost|p1a: Weezing|accuracy|1\n|\n|upkeep\n|turn|8\n|inactive|ciraulo has 30 seconds left.\n|\n|t:|1731710682\n|move|p2a: Tatsugiri|Muddy Water|p1b: Excadrill|[spread] p1a,p1b\n|-supereffective|p1b: Excadrill\n|-damage|p1a: Weezing|3\/100\n|-damage|p1b: Excadrill|0 fnt\n|-unboost|p1a: Weezing|accuracy|1\n|faint|p1b: Excadrill\n|move|p2b: Sneasler|Dire Claw|p1a: Weezing\n|-damage|p1a: Weezing|0 fnt\n|faint|p1a: Weezing\n|-end|p1a: Weezing|ability: Neutralizing Gas\n|\n|upkeep\n|\n|t:|1731710685\n|switch|p1b: Rotom|Rotom-Heat, L50|95\/100\n|turn|9\n|\n|t:|1731710691\n|move|p1b: Rotom|Electroweb|p2a: Tatsugiri|[spread] p2a,p2b\n|-damage|p2a: Tatsugiri|0 fnt\n|-damage|p2b: Sneasler|18\/100\n|-unboost|p2b: Sneasler|spe|1\n|faint|p2a: Tatsugiri\n|move|p2b: Sneasler|Dire Claw|p1b: Rotom\n|-damage|p1b: Rotom|40\/100\n|-status|p1b: Rotom|slp\n|\n|upkeep\n|\n|t:|1731710693\n|switch|p2a: Ursaluna|Ursaluna-Bloodmoon, L50, M|17\/100\n|turn|10\n|-message|ciraulo forfeited.\n|\n|win|VGCLTH low laddr\n|raw|ciraulo's rating: 1677 &rarr; <strong>1665<\/strong><br \/>(-12 for losing)\n|raw|VGCLTH low laddr's rating: 1827 &rarr; <strong>1839<\/strong><br \/>(+12 for winning)\n|j| haruka&slowpoke\n|l|\u2606ciraulo\n|player|p1|\n|l|\u2606VGCLTH low laddr\n|player|p2|\n|l| haruka&slowpoke\n","uploadtime":1731710919,"views":14,"formatid":"gen9vgc2024regh","rating":1665,"private":0,"password":null}