{"id":"gen9vgc2024regh-2244906994","format":"[Gen 9] VGC 2024 Reg H","players":["VGCLTH Sir Aaron","kintamamaruzero"],"log":"|raw|<div class=\"broadcast-blue\"><strong>This battle is required to be public due to a player having a name starting with 'vgclth'.<\/div>\n|j|\u2606VGCLTH Sir Aaron\n|j|\u2606kintamamaruzero\n|t:|1731741618\n|gametype|doubles\n|player|p1|VGCLTH Sir Aaron|red-masters3|1708\n|player|p2|kintamamaruzero|170|1713\n|teamsize|p1|6\n|teamsize|p2|6\n|gen|9\n|tier|[Gen 9] VGC 2024 Reg H\n|rated|\n|rule|Species Clause: Limit one of each Pok\u00e9mon\n|rule|Item Clause: Limit 1 of each item\n|clearpoke\n|poke|p1|Sableye, L50, F|\n|poke|p1|Sylveon, L50, M|\n|poke|p1|Archaludon, L50, F|\n|poke|p1|Volcarona, L50, M|\n|poke|p1|Rillaboom, L50, F|\n|poke|p1|Tauros-Paldea-Aqua, L50, M|\n|poke|p2|Clefable, L50, M|\n|poke|p2|Gholdengo, L50|\n|poke|p2|Annihilape, L50, F|\n|poke|p2|Kilowattrel, L50, M|\n|poke|p2|Garchomp, L50, F|\n|poke|p2|Tyranitar, L50, M|\n|teampreview|4\n|\n|t:|1731741642\n|start\n|switch|p1a: Snowblind|Sableye, L50, F|100\/100\n|switch|p1b: Shamonerona|Volcarona, L50, M, shiny|100\/100\n|switch|p2a: Tyranitar|Tyranitar, L50, M|100\/100\n|switch|p2b: Garchomp|Garchomp, L50, F|100\/100\n|-weather|Sandstorm|[from] ability: Sand Stream|[of] p2a: Tyranitar\n|turn|1\n|inactive|Battle timer is ON: inactive players will automatically lose when time's up. (requested by VGCLTH Sir Aaron)\n|\n|t:|1731741678\n|move|p1a: Snowblind|Protect|p1a: Snowblind\n|-singleturn|p1a: Snowblind|Protect\n|move|p2b: Garchomp|Protect|p2b: Garchomp\n|-singleturn|p2b: Garchomp|Protect\n|move|p1b: Shamonerona|Protect|p1b: Shamonerona\n|-singleturn|p1b: Shamonerona|Protect\n|move|p2a: Tyranitar|Rock Slide|p1b: Shamonerona|[spread] \n|-activate|p1a: Snowblind|move: Protect\n|-activate|p1b: Shamonerona|move: Protect\n|\n|-weather|Sandstorm|[upkeep]\n|-damage|p1b: Shamonerona|95\/100|[from] Sandstorm\n|-damage|p1a: Snowblind|95\/100|[from] Sandstorm\n|upkeep\n|turn|2\n|\n|t:|1731741694\n|switch|p2b: Clefable|Clefable, L50, M|100\/100\n|-terastallize|p1b: Shamonerona|Grass\n|move|p1a: Snowblind|Encore||[still]\n|-fail|p1a: Snowblind\n|move|p1b: Shamonerona|Quiver Dance|p1b: Shamonerona\n|-boost|p1b: Shamonerona|spa|1\n|-boost|p1b: Shamonerona|spd|1\n|-boost|p1b: Shamonerona|spe|1\n|move|p2a: Tyranitar|Rock Slide|p1a: Snowblind|[spread] p1a,p1b\n|-damage|p1a: Snowblind|58\/100\n|-damage|p1b: Shamonerona|60\/100\n|\n|-weather|Sandstorm|[upkeep]\n|-damage|p1b: Shamonerona|54\/100|[from] Sandstorm\n|-damage|p2b: Clefable|94\/100|[from] Sandstorm\n|-damage|p1a: Snowblind|52\/100|[from] Sandstorm\n|upkeep\n|turn|3\n|inactive|kintamamaruzero has 30 seconds left.\n|\n|t:|1731741724\n|move|p1a: Snowblind|Protect|p1a: Snowblind\n|-singleturn|p1a: Snowblind|Protect\n|move|p2b: Clefable|Follow Me|p2b: Clefable\n|-singleturn|p2b: Clefable|move: Follow Me\n|move|p1b: Shamonerona|Giga Drain|p2b: Clefable\n|-damage|p2b: Clefable|58\/100\n|-heal|p1b: Shamonerona|73\/100|[from] drain|[of] p2b: Clefable\n|move|p2a: Tyranitar|Rock Slide|p1b: Shamonerona|[spread] p1b\n|-activate|p1a: Snowblind|move: Protect\n|-damage|p1b: Shamonerona|34\/100\n|\n|-weather|Sandstorm|[upkeep]\n|-damage|p1b: Shamonerona|28\/100|[from] Sandstorm\n|-damage|p2b: Clefable|52\/100|[from] Sandstorm\n|-damage|p1a: Snowblind|46\/100|[from] Sandstorm\n|-enditem|p1a: Snowblind|Sitrus Berry|[eat]\n|-heal|p1a: Snowblind|71\/100|[from] item: Sitrus Berry\n|upkeep\n|turn|4\n|\n|t:|1731741749\n|-terastallize|p2a: Tyranitar|Flying\n|move|p1b: Shamonerona|Protect|p1b: Shamonerona\n|-singleturn|p1b: Shamonerona|Protect\n|move|p2b: Clefable|Protect|p2b: Clefable\n|-singleturn|p2b: Clefable|Protect\n|move|p1a: Snowblind|Disable|p2b: Clefable\n|-activate|p2b: Clefable|move: Protect\n|move|p2a: Tyranitar|Rock Slide|p1b: Shamonerona|[spread] \n|-activate|p1b: Shamonerona|move: Protect\n|-miss|p2a: Tyranitar|p1a: Snowblind\n|\n|-weather|Sandstorm|[upkeep]\n|-damage|p1b: Shamonerona|22\/100|[from] Sandstorm\n|-damage|p2a: Tyranitar|94\/100|[from] Sandstorm\n|-damage|p2b: Clefable|46\/100|[from] Sandstorm\n|-damage|p1a: Snowblind|65\/100|[from] Sandstorm\n|-enditem|p2b: Clefable|Sitrus Berry|[eat]\n|-heal|p2b: Clefable|71\/100|[from] item: Sitrus Berry\n|upkeep\n|turn|5\n|\n|t:|1731741769\n|move|p1a: Snowblind|Disable|p2a: Tyranitar\n|-start|p2a: Tyranitar|Disable|Rock Slide\n|move|p1b: Shamonerona|Heat Wave|p2a: Tyranitar|[spread] p2a,p2b\n|-damage|p2a: Tyranitar|61\/100\n|-damage|p2b: Clefable|35\/100\n|-status|p2a: Tyranitar|brn\n|move|p2a: Tyranitar|Tera Blast|p1b: Shamonerona|[anim] Tera Blast Flying\n|-supereffective|p1b: Shamonerona\n|-damage|p1b: Shamonerona|0 fnt\n|faint|p1b: Shamonerona\n|move|p2b: Clefable|Moonblast|p1a: Snowblind\n|-supereffective|p1a: Snowblind\n|-damage|p1a: Snowblind|0 fnt\n|faint|p1a: Snowblind\n|\n|-weather|none\n|-damage|p2a: Tyranitar|55\/100 brn|[from] brn\n|upkeep\n|\n|t:|1731741780\n|switch|p1b: Old Yeller|Sylveon, L50, M, shiny|100\/100\n|switch|p1a: Bullshifu|Tauros-Paldea-Aqua, L50, M, shiny|100\/100\n|-ability|p1a: Bullshifu|Intimidate|boost\n|-unboost|p2a: Tyranitar|atk|1\n|-unboost|p2b: Clefable|atk|1\n|turn|6\n|\n|t:|1731741796\n|move|p1a: Bullshifu|Protect|p1a: Bullshifu\n|-singleturn|p1a: Bullshifu|Protect\n|move|p2b: Clefable|Follow Me|p2b: Clefable\n|-singleturn|p2b: Clefable|move: Follow Me\n|move|p2a: Tyranitar|Knock Off|p1a: Bullshifu\n|-activate|p1a: Bullshifu|move: Protect\n|move|p1b: Old Yeller|Hyper Voice|p2b: Clefable|[spread] p2a,p2b\n|-damage|p2a: Tyranitar|27\/100 brn\n|-damage|p2b: Clefable|0 fnt\n|faint|p2b: Clefable\n|\n|-damage|p2a: Tyranitar|21\/100 brn|[from] brn\n|upkeep\n|\n|t:|1731741799\n|switch|p2b: Gholdengo|Gholdengo, L50|100\/100\n|turn|7\n|inactive|VGCLTH Sir Aaron has 30 seconds left.\n|\n|t:|1731741827\n|move|p1b: Old Yeller|Protect|p1b: Old Yeller\n|-singleturn|p1b: Old Yeller|Protect\n|move|p1a: Bullshifu|Wave Crash|p2a: Tyranitar\n|-damage|p2a: Tyranitar|0 fnt\n|faint|p2a: Tyranitar\n|-damage|p1a: Bullshifu|92\/100|[from] Recoil\n|-damage|p1a: Bullshifu|82\/100|[from] item: Life Orb\n|move|p2b: Gholdengo|Make It Rain|p1a: Bullshifu|[spread] p1a\n|-activate|p1b: Old Yeller|move: Protect\n|-resisted|p1a: Bullshifu\n|-damage|p1a: Bullshifu|38\/100\n|-unboost|p2b: Gholdengo|spa|1\n|\n|upkeep\n|\n|t:|1731741841\n|switch|p2a: Garchomp|Garchomp, L50, F|100\/100\n|turn|8\n|\n|t:|1731741845\n|move|p1a: Bullshifu|Protect|p1a: Bullshifu\n|-singleturn|p1a: Bullshifu|Protect\n|move|p2a: Garchomp|Stomping Tantrum|p1b: Old Yeller\n|-damage|p1b: Old Yeller|44\/100\n|-damage|p2a: Garchomp|91\/100|[from] item: Life Orb\n|move|p2b: Gholdengo|Make It Rain|p1b: Old Yeller|[spread] p1b\n|-activate|p1a: Bullshifu|move: Protect\n|-supereffective|p1b: Old Yeller\n|-damage|p1b: Old Yeller|0 fnt\n|-unboost|p2b: Gholdengo|spa|1\n|faint|p1b: Old Yeller\n|\n|upkeep\n|turn|9\n|-message|VGCLTH Sir Aaron forfeited.\n|\n|win|kintamamaruzero\n|raw|VGCLTH Sir Aaron's rating: 1708 &rarr; <strong>1688<\/strong><br \/>(-20 for losing)\n|raw|kintamamaruzero's rating: 1713 &rarr; <strong>1733<\/strong><br \/>(+20 for winning)\n|j| VGCLTH TnB\n|l| VGCLTH TnB\n","uploadtime":1731742129,"views":16,"formatid":"gen9vgc2024regh","rating":1688,"private":0,"password":null}