{"id":"gen9vgc2024regh-2244286440","format":"[Gen 9] VGC 2024 Reg H","players":["VGCLTH fangame10","macarhao"],"log":"|raw|<div class=\"broadcast-blue\"><strong>This battle is required to be public due to a player having a name starting with 'vgclth'.<\/div>\n|j|\u2606VGCLTH fangame10\n|j|\u2606macarhao\n|t:|1731661235\n|gametype|doubles\n|player|p1|VGCLTH fangame10|red|1703\n|player|p2|macarhao|dawn|1737\n|teamsize|p1|6\n|teamsize|p2|6\n|gen|9\n|tier|[Gen 9] VGC 2024 Reg H\n|rated|\n|rule|Species Clause: Limit one of each Pok\u00e9mon\n|rule|Item Clause: Limit 1 of each item\n|clearpoke\n|poke|p1|Glaceon, L50, F|\n|poke|p1|Ninetales-Alola, L50, F|\n|poke|p1|Milotic, L50, M|\n|poke|p1|Skeledirge, L50, M|\n|poke|p1|Ursaluna-Bloodmoon, L50, M|\n|poke|p1|Annihilape, L50, M|\n|poke|p2|Gothitelle, L50, F|\n|poke|p2|Incineroar, L50, M|\n|poke|p2|Rillaboom, L50, F|\n|poke|p2|Volcarona, L50, M|\n|poke|p2|Whimsicott, L50, F|\n|poke|p2|Primarina, L50, F|\n|teampreview|4\n|inactive|Battle timer is ON: inactive players will automatically lose when time's up. (requested by VGCLTH fangame10)\n|inactive|VGCLTH fangame10 has 60 seconds left.\n|inactive|macarhao has 60 seconds left.\n|\n|t:|1731661285\n|start\n|switch|p1a: Milotic|Milotic, L50, M, shiny|100\/100\n|switch|p1b: Skeledirge|Skeledirge, L50, M, shiny|100\/100\n|switch|p2a: Volcarona|Volcarona, L50, M|100\/100\n|switch|p2b: Whimsicott|Whimsicott, L50, F|100\/100\n|turn|1\n|\n|t:|1731661294\n|-terastallize|p2a: Volcarona|Grass\n|move|p2b: Whimsicott|Moonblast|p1a: Milotic\n|-damage|p1a: Milotic|80\/100\n|-unboost|p1a: Milotic|spa|1\n|-ability|p1a: Milotic|Competitive|boost\n|-boost|p1a: Milotic|spa|2\n|move|p2a: Volcarona|Giga Drain|p1a: Milotic\n|-supereffective|p1a: Milotic\n|-damage|p1a: Milotic|0 fnt\n|faint|p1a: Milotic\n|move|p1b: Skeledirge|Torch Song|p2b: Whimsicott\n|-supereffective|p2b: Whimsicott\n|-enditem|p2b: Whimsicott|Focus Sash\n|-damage|p2b: Whimsicott|1\/100\n|-boost|p1b: Skeledirge|spa|1\n|\n|upkeep\n|\n|t:|1731661299\n|switch|p1a: Ursaluna|Ursaluna-Bloodmoon, L50, M|100\/100\n|turn|2\n|\n|t:|1731661319\n|switch|p2b: Incineroar|Incineroar, L50, M|100\/100\n|-ability|p2b: Incineroar|Intimidate|boost\n|-unboost|p1a: Ursaluna|atk|1\n|-unboost|p1b: Skeledirge|atk|1\n|move|p1a: Ursaluna|Vacuum Wave|p2b: Incineroar\n|-supereffective|p2b: Incineroar\n|-damage|p2b: Incineroar|75\/100\n|move|p2a: Volcarona|Giga Drain|p1a: Ursaluna\n|-supereffective|p1a: Ursaluna\n|-damage|p1a: Ursaluna|23\/100\n|move|p1b: Skeledirge|Torch Song|p2a: Volcarona\n|-supereffective|p2a: Volcarona\n|-damage|p2a: Volcarona|0 fnt\n|-boost|p1b: Skeledirge|spa|1\n|faint|p2a: Volcarona\n|\n|upkeep\n|\n|t:|1731661334\n|switch|p2a: Whimsicott|Whimsicott, L50, F|1\/100\n|turn|3\n|\n|t:|1731661352\n|switch|p1a: Ninetales|Ninetales-Alola, L50, F, shiny|100\/100\n|-weather|Snow|[from] ability: Snow Warning|[of] p1a: Ninetales\n|move|p2b: Incineroar|Fake Out|p1a: Ninetales\n|-damage|p1a: Ninetales|90\/100\n|move|p2a: Whimsicott|Moonblast|p1a: Ninetales\n|-damage|p1a: Ninetales|51\/100\n|move|p1b: Skeledirge|Torch Song|p2a: Whimsicott\n|-supereffective|p2a: Whimsicott\n|-damage|p2a: Whimsicott|0 fnt\n|-boost|p1b: Skeledirge|spa|1\n|faint|p2a: Whimsicott\n|\n|-weather|Snow|[upkeep]\n|upkeep\n|\n|t:|1731661364\n|switch|p2a: Primarina|Primarina, L50, F|100\/100\n|turn|4\n|\n|t:|1731661387\n|-terastallize|p1b: Skeledirge|Dark\n|move|p2a: Primarina|Protect|p2a: Primarina\n|-singleturn|p2a: Primarina|Protect\n|move|p1a: Ninetales|Aurora Veil|p1a: Ninetales\n|-sidestart|p1: VGCLTH fangame10|move: Aurora Veil\n|move|p1b: Skeledirge|Shadow Ball|p2a: Primarina\n|-activate|p2a: Primarina|move: Protect\n|move|p2b: Incineroar|Knock Off|p1b: Skeledirge\n|-resisted|p1b: Skeledirge\n|-damage|p1b: Skeledirge|89\/100\n|-enditem|p1b: Skeledirge|Safety Goggles|[from] move: Knock Off|[of] p2b: Incineroar\n|\n|-weather|Snow|[upkeep]\n|upkeep\n|turn|5\n|-message|macarhao forfeited.\n|\n|win|VGCLTH fangame10\n|raw|VGCLTH fangame10's rating: 1719 &rarr; <strong>1740<\/strong><br \/>(+21 for winning)\n|raw|macarhao's rating: 1737 &rarr; <strong>1716<\/strong><br \/>(-21 for losing)\n|l|\u2606macarhao\n|player|p2|\n|l|\u2606VGCLTH fangame10\n|player|p1|\n","uploadtime":1731661755,"views":23,"formatid":"gen9vgc2024regh","rating":1716,"private":0,"password":null}