{"id":"gen9vgc2024regh-2244294079","format":"[Gen 9] VGC 2024 Reg H","players":["VGCLTH fangame10","AAAlelele"],"log":"|j|\u2606VGCLTH fangame10\n|j|\u2606AAAlelele\n|t:|1731662696\n|gametype|doubles\n|player|p1|VGCLTH fangame10|red|1750\n|player|p2|AAAlelele|ninjaboy|1643\n|teamsize|p1|6\n|teamsize|p2|6\n|gen|9\n|tier|[Gen 9] VGC 2024 Reg H\n|rated|\n|rule|Species Clause: Limit one of each Pok\u00e9mon\n|rule|Item Clause: Limit 1 of each item\n|clearpoke\n|poke|p1|Glaceon, L50, F|\n|poke|p1|Ninetales-Alola, L50, F|\n|poke|p1|Milotic, L50, M|\n|poke|p1|Skeledirge, L50, M|\n|poke|p1|Ursaluna-Bloodmoon, L50, M|\n|poke|p1|Annihilape, L50, M|\n|poke|p2|Excadrill, L50, M|\n|poke|p2|Tyranitar, L50, M|\n|poke|p2|Sneasler, L50, F|\n|poke|p2|Indeedee-F, L50, F|\n|poke|p2|Bronzong, L50|\n|poke|p2|Ursaluna-Bloodmoon, L50, M|\n|teampreview|4\n|inactive|Battle timer is ON: inactive players will automatically lose when time's up. (requested by VGCLTH fangame10)\n|inactive|VGCLTH fangame10 has 60 seconds left.\n|inactive|AAAlelele has 60 seconds left.\n|\n|t:|1731662748\n|start\n|switch|p1a: Milotic|Milotic, L50, M, shiny|100\/100\n|switch|p1b: Annihilape|Annihilape, L50, M, shiny|100\/100\n|switch|p2a: Sneasler|Sneasler, L50, F|100\/100\n|switch|p2b: Indeedee|Indeedee-F, L50, F|100\/100\n|-fieldstart|move: Psychic Terrain|[from] ability: Psychic Surge|[of] p2b: Indeedee\n|-enditem|p2a: Sneasler|Psychic Seed\n|-boost|p2a: Sneasler|spd|1|[from] item: Psychic Seed\n|turn|1\n|\n|t:|1731662763\n|move|p1b: Annihilape|Protect|p1b: Annihilape\n|-singleturn|p1b: Annihilape|Protect\n|move|p2b: Indeedee|Follow Me|p2b: Indeedee\n|-singleturn|p2b: Indeedee|move: Follow Me\n|move|p2a: Sneasler|Dire Claw|p1a: Milotic\n|-damage|p1a: Milotic|56\/100\n|move|p1a: Milotic|Hypnosis|p2b: Indeedee|[miss]\n|-miss|p1a: Milotic|p2b: Indeedee\n|\n|upkeep\n|turn|2\n|\n|t:|1731662778\n|move|p2a: Sneasler|Close Combat|p1a: Milotic\n|-damage|p1a: Milotic|0 fnt\n|-unboost|p2a: Sneasler|def|1\n|-unboost|p2a: Sneasler|spd|1\n|faint|p1a: Milotic\n|move|p1b: Annihilape|Bulk Up|p1b: Annihilape\n|-boost|p1b: Annihilape|atk|1\n|-boost|p1b: Annihilape|def|1\n|move|p2b: Indeedee|Psychic|p1b: Annihilape\n|-supereffective|p1b: Annihilape\n|-damage|p1b: Annihilape|36\/100\n|\n|-heal|p1b: Annihilape|42\/100|[from] item: Leftovers\n|upkeep\n|\n|t:|1731662790\n|switch|p1a: Ninetales|Ninetales-Alola, L50, F, shiny|100\/100\n|-weather|Snow|[from] ability: Snow Warning|[of] p1a: Ninetales\n|turn|3\n|\n|t:|1731662817\n|switch|p2a: Tyranitar|Tyranitar, L50, M, shiny|100\/100\n|-weather|Sandstorm|[from] ability: Sand Stream|[of] p2a: Tyranitar\n|-terastallize|p1b: Annihilape|Electric\n|move|p1a: Ninetales|Blizzard|p2a: Tyranitar|[spread] p2b\n|-miss|p1a: Ninetales|p2a: Tyranitar\n|-damage|p2b: Indeedee|73\/100\n|move|p1b: Annihilape|Drain Punch|p2b: Indeedee\n|-damage|p2b: Indeedee|30\/100\n|-heal|p1b: Annihilape|59\/100|[from] drain|[of] p2b: Indeedee\n|move|p2b: Indeedee|Psychic|p1a: Ninetales\n|-damage|p1a: Ninetales|53\/100\n|\n|-weather|Sandstorm|[upkeep]\n|-damage|p1a: Ninetales|47\/100|[from] Sandstorm\n|-damage|p1b: Annihilape|53\/100|[from] Sandstorm\n|-heal|p1b: Annihilape|59\/100|[from] item: Leftovers\n|upkeep\n|turn|4\n|inactive|AAAlelele has 30 seconds left.\n|inactive|VGCLTH fangame10 has 30 seconds left.\n|\n|t:|1731662852\n|switch|p1a: Ursaluna|Ursaluna-Bloodmoon, L50, M|100\/100\n|move|p2b: Indeedee|Follow Me|p2b: Indeedee\n|-singleturn|p2b: Indeedee|move: Follow Me\n|move|p1b: Annihilape|Bulk Up|p1b: Annihilape\n|-boost|p1b: Annihilape|atk|1\n|-boost|p1b: Annihilape|def|1\n|move|p2a: Tyranitar|Rock Slide|p1a: Ursaluna|[spread] p1b\n|-miss|p2a: Tyranitar|p1a: Ursaluna\n|-damage|p1b: Annihilape|43\/100\n|\n|-weather|Sandstorm|[upkeep]\n|-damage|p1b: Annihilape|37\/100|[from] Sandstorm\n|-heal|p1b: Annihilape|43\/100|[from] item: Leftovers\n|upkeep\n|turn|5\n|\n|t:|1731662872\n|move|p1b: Annihilape|Drain Punch|p2b: Indeedee\n|-damage|p2b: Indeedee|0 fnt\n|-heal|p1b: Annihilape|55\/100|[from] drain|[of] p2b: Indeedee\n|faint|p2b: Indeedee\n|move|p2a: Tyranitar|Low Kick|p1a: Ursaluna\n|-supereffective|p1a: Ursaluna\n|-damage|p1a: Ursaluna|32\/100\n|move|p1a: Ursaluna|Earth Power|p2a: Tyranitar\n|-supereffective|p2a: Tyranitar\n|-crit|p2a: Tyranitar\n|-damage|p2a: Tyranitar|39\/100\n|-unboost|p2a: Tyranitar|spd|1\n|\n|-weather|Sandstorm|[upkeep]\n|-damage|p1b: Annihilape|49\/100|[from] Sandstorm\n|-heal|p1b: Annihilape|55\/100|[from] item: Leftovers\n|-fieldend|move: Psychic Terrain\n|upkeep\n|\n|t:|1731662883\n|switch|p2b: Excadrill|Excadrill, L50, M|100\/100\n|turn|6\n|\n|t:|1731662901\n|switch|p1a: Ninetales|Ninetales-Alola, L50, F, shiny|47\/100\n|-weather|Snow|[from] ability: Snow Warning|[of] p1a: Ninetales\n|-terastallize|p2a: Tyranitar|Flying\n|move|p1b: Annihilape|Drain Punch|p2b: Excadrill\n|-supereffective|p2b: Excadrill\n|-enditem|p2b: Excadrill|Focus Sash\n|-damage|p2b: Excadrill|1\/100\n|-heal|p1b: Annihilape|98\/100|[from] drain|[of] p2b: Excadrill\n|move|p2b: Excadrill|Earthquake|p1b: Annihilape|[spread] p1a,p1b\n|-immune|p2a: Tyranitar\n|-supereffective|p1b: Annihilape\n|-damage|p1a: Ninetales|9\/100\n|-damage|p1b: Annihilape|55\/100\n|move|p2a: Tyranitar|Knock Off|p1b: Annihilape\n|-damage|p1b: Annihilape|29\/100\n|-enditem|p1b: Annihilape|Leftovers|[from] move: Knock Off|[of] p2a: Tyranitar\n|\n|-weather|Snow|[upkeep]\n|upkeep\n|turn|7\n|j| mr pogostick\n|l| mr pogostick\n|inactive|AAAlelele has 30 seconds left.\n|inactive|VGCLTH fangame10 has 30 seconds left.\n|\n|t:|1731662936\n|switch|p2a: Sneasler|Sneasler, L50, F|100\/100\n|move|p2b: Excadrill|Protect|p2b: Excadrill\n|-singleturn|p2b: Excadrill|Protect\n|move|p1a: Ninetales|Aurora Veil|p1a: Ninetales\n|-sidestart|p1: VGCLTH fangame10|move: Aurora Veil\n|move|p1b: Annihilape|Rage Fist|p2b: Excadrill\n|-activate|p2b: Excadrill|move: Protect\n|\n|-weather|Snow|[upkeep]\n|upkeep\n|turn|8\n|inactive|VGCLTH fangame10 has 30 seconds left.\n|inactive|AAAlelele has 30 seconds left.\n|\n|t:|1731662967\n|move|p1b: Annihilape|Protect|p1b: Annihilape\n|-singleturn|p1b: Annihilape|Protect\n|move|p2a: Sneasler|Close Combat|p1a: Ninetales\n|-crit|p1a: Ninetales\n|-damage|p1a: Ninetales|0 fnt\n|-unboost|p2a: Sneasler|def|1\n|-unboost|p2a: Sneasler|spd|1\n|faint|p1a: Ninetales\n|move|p2b: Excadrill|Iron Head|p1b: Annihilape\n|-activate|p1b: Annihilape|move: Protect\n|\n|-weather|Snow|[upkeep]\n|upkeep\n|\n|t:|1731662969\n|switch|p1a: Ursaluna|Ursaluna-Bloodmoon, L50, M|32\/100\n|turn|9\n|\n|t:|1731662981\n|move|p2b: Excadrill|Protect|p2b: Excadrill\n|-singleturn|p2b: Excadrill|Protect\n|move|p1a: Ursaluna|Vacuum Wave|p2b: Excadrill\n|-activate|p2b: Excadrill|move: Protect\n|move|p2a: Sneasler|Close Combat|p1a: Ursaluna\n|-supereffective|p1a: Ursaluna\n|-damage|p1a: Ursaluna|0 fnt\n|-unboost|p2a: Sneasler|def|1\n|-unboost|p2a: Sneasler|spd|1\n|faint|p1a: Ursaluna\n|move|p1b: Annihilape|Rage Fist|p2a: Sneasler\n|-damage|p2a: Sneasler|0 fnt\n|faint|p2a: Sneasler\n|\n|-weather|Snow|[upkeep]\n|upkeep\n|\n|t:|1731662990\n|switch|p2a: Tyranitar|Tyranitar, L50, M, shiny, tera:Flying|39\/100\n|-weather|Sandstorm|[from] ability: Sand Stream|[of] p2a: Tyranitar\n|turn|10\n|\n|t:|1731663004\n|move|p2b: Excadrill|Earthquake|p1b: Annihilape|[spread] p1b\n|-immune|p2a: Tyranitar\n|-supereffective|p1b: Annihilape\n|-damage|p1b: Annihilape|5\/100\n|move|p1b: Annihilape|Rage Fist|p2b: Excadrill\n|-damage|p2b: Excadrill|0 fnt\n|faint|p2b: Excadrill\n|move|p2a: Tyranitar|Rock Slide|p1b: Annihilape\n|-damage|p1b: Annihilape|0 fnt\n|faint|p1b: Annihilape\n|\n|win|AAAlelele\n|raw|VGCLTH fangame10's rating: 1750 &rarr; <strong>1724<\/strong><br \/>(-26 for losing)\n|raw|AAAlelele's rating: 1643 &rarr; <strong>1669<\/strong><br \/>(+26 for winning)\n|l|\u2606VGCLTH fangame10\n|player|p1|\n","uploadtime":1731663022,"views":20,"formatid":"gen9vgc2024regh","rating":1669,"private":0,"password":null}