{"id":"gen9vgc2024regh-2244784495","format":"[Gen 9] VGC 2024 Reg H","players":["ray4gej","VGCLTH TnB"],"log":"|j|\u2606ray4gej\n|j|\u2606VGCLTH TnB\n|t:|1731721385\n|gametype|doubles\n|player|p1|ray4gej|170|1722\n|player|p2|VGCLTH TnB|roxanne-masters|1758\n|teamsize|p1|6\n|teamsize|p2|6\n|gen|9\n|tier|[Gen 9] VGC 2024 Reg H\n|rated|\n|rule|Species Clause: Limit one of each Pok\u00e9mon\n|rule|Item Clause: Limit 1 of each item\n|clearpoke\n|poke|p1|Dondozo, L50, F|\n|poke|p1|Tatsugiri, L50, F|\n|poke|p1|Sneasler, L50, M|\n|poke|p1|Flamigo, L50, F|\n|poke|p1|Amoonguss, L50, M|\n|poke|p1|Gholdengo, L50|\n|poke|p2|Klefki, L50, F|\n|poke|p2|Annihilape, L50, M|\n|poke|p2|Archaludon, L50, M|\n|poke|p2|Maushold, L50|\n|poke|p2|Sinistcha, L50|\n|poke|p2|Pelipper, L50, M|\n|teampreview|4\n|inactive|Battle timer is ON: inactive players will automatically lose when time's up. (requested by VGCLTH TnB)\nVGCLTH TnB has agreed to open team sheets.\n|inactive|VGCLTH TnB has 60 seconds left.\n|\n|t:|1731721425\n|start\n|switch|p1a: Sneasler|Sneasler, L50, M|100\/100\n|switch|p1b: Flamigo|Flamigo, L50, F|100\/100\n|switch|p2a: Klefki|Klefki, L50, F|100\/100\n|switch|p2b: Pelipper|Pelipper, L50, M|100\/100\n|-weather|RainDance|[from] ability: Drizzle|[of] p2b: Pelipper\n|turn|1\n|\n|t:|1731721446\n|switch|p2b: Archaludon|Archaludon, L50, M|100\/100\n|move|p1a: Sneasler|Fake Out|p2a: Klefki\n|-resisted|p2a: Klefki\n|-damage|p2a: Klefki|94\/100\n|cant|p2a: Klefki|flinch\n|move|p1b: Flamigo|Dual Wingbeat|p2b: Archaludon\n|-resisted|p2b: Archaludon\n|-damage|p2b: Archaludon|94\/100\n|-ability|p2b: Archaludon|Stamina|boost\n|-boost|p2b: Archaludon|def|1\n|-resisted|p2b: Archaludon\n|-damage|p2b: Archaludon|89\/100\n|-ability|p2b: Archaludon|Stamina|boost\n|-boost|p2b: Archaludon|def|1\n|-hitcount|p2b: Archaludon|2\n|\n|-weather|RainDance|[upkeep]\n|upkeep\n|turn|2\n|\n|t:|1731721460\n|move|p2a: Klefki|Reflect|p2a: Klefki\n|-sidestart|p2: VGCLTH TnB|Reflect\n|move|p1a: Sneasler|Close Combat|p2a: Klefki\n|-damage|p2a: Klefki|49\/100\n|-unboost|p1a: Sneasler|def|1\n|-unboost|p1a: Sneasler|spd|1\n|move|p1b: Flamigo|Close Combat|p2a: Klefki\n|-damage|p2a: Klefki|4\/100\n|-unboost|p1b: Flamigo|def|1\n|-unboost|p1b: Flamigo|spd|1\n|move|p2b: Archaludon|Electro Shot||[still]\n|-prepare|p2b: Archaludon|Electro Shot\n|-boost|p2b: Archaludon|spa|1\n|-anim|p2b: Archaludon|Electro Shot|p1b: Flamigo\n|-supereffective|p1b: Flamigo\n|-enditem|p1b: Flamigo|Focus Sash\n|-damage|p1b: Flamigo|1\/100\n|\n|-weather|RainDance|[upkeep]\n|upkeep\n|turn|3\n|inactive|ray4gej has 30 seconds left.\n|inactive|VGCLTH TnB has 30 seconds left.\n|\n|t:|1731721489\n|switch|p2a: Pelipper|Pelipper, L50, M|100\/100\n|move|p1a: Sneasler|Dire Claw|p2a: Pelipper\n|-damage|p2a: Pelipper|70\/100\n|-status|p2a: Pelipper|slp\n|move|p1b: Flamigo|Close Combat|p2a: Pelipper\n|-resisted|p2a: Pelipper\n|-damage|p2a: Pelipper|49\/100 slp\n|-unboost|p1b: Flamigo|def|1\n|-unboost|p1b: Flamigo|spd|1\n|move|p2b: Archaludon|Electro Shot||[still]\n|-prepare|p2b: Archaludon|Electro Shot\n|-boost|p2b: Archaludon|spa|1\n|-anim|p2b: Archaludon|Electro Shot|p1a: Sneasler\n|-damage|p1a: Sneasler|0 fnt\n|faint|p1a: Sneasler\n|\n|-weather|RainDance|[upkeep]\n|upkeep\n|\n|t:|1731721504\n|switch|p1a: Dondozo|Dondozo, L50, F, shiny|100\/100\n|turn|4\n|j| VGCLTH R0gue\n|\n|t:|1731721521\n|move|p1a: Dondozo|Protect|p1a: Dondozo\n|-singleturn|p1a: Dondozo|Protect\n|move|p1b: Flamigo|Close Combat|p2a: Pelipper\n|-resisted|p2a: Pelipper\n|-damage|p2a: Pelipper|30\/100 slp\n|-unboost|p1b: Flamigo|def|1\n|-unboost|p1b: Flamigo|spd|1\n|cant|p2a: Pelipper|slp\n|move|p2b: Archaludon|Electro Shot||[still]\n|-prepare|p2b: Archaludon|Electro Shot\n|-boost|p2b: Archaludon|spa|1\n|-anim|p2b: Archaludon|Electro Shot|p1b: Flamigo\n|-supereffective|p1b: Flamigo\n|-damage|p1b: Flamigo|0 fnt\n|faint|p1b: Flamigo\n|\n|-weather|RainDance|[upkeep]\n|upkeep\n|\n|t:|1731721528\n|switch|p1b: Tatsugiri|Tatsugiri, L50, F|100\/100\n|-activate|p1b: Tatsugiri|ability: Commander|[of] p1a: Dondozo\n|-boost|p1a: Dondozo|atk|2\n|-boost|p1a: Dondozo|spa|2\n|-boost|p1a: Dondozo|spe|2\n|-boost|p1a: Dondozo|def|2\n|-boost|p1a: Dondozo|spd|2\n|turn|5\n|\n|t:|1731721538\n|-terastallize|p1a: Dondozo|Poison\n|move|p1a: Dondozo|Wave Crash|p2a: Pelipper\n|-resisted|p2a: Pelipper\n|-damage|p2a: Pelipper|0 fnt\n|faint|p2a: Pelipper\n|-damage|p1a: Dondozo|94\/100|[from] Recoil\n|move|p2b: Archaludon|Dragon Pulse|p1a: Dondozo\n|-damage|p1a: Dondozo|75\/100\n|\n|-weather|RainDance|[upkeep]\n|upkeep\n|\n|t:|1731721543\n|switch|p2a: Sinistcha|Sinistcha, L50|100\/100\n|-heal|p2b: Archaludon|100\/100|[from] ability: Hospitality|[of] p2a: Sinistcha\n|turn|6\n|\n|t:|1731721552\n|move|p1a: Dondozo|Order Up|p2a: Sinistcha\n|-damage|p2a: Sinistcha|76\/100\n|-boost|p1a: Dondozo|atk|1\n|move|p2b: Archaludon|Dragon Pulse|p1a: Dondozo\n|-damage|p1a: Dondozo|55\/100\n|move|p2a: Sinistcha|Trick Room|p2a: Sinistcha\n|-fieldstart|move: Trick Room|[of] p2a: Sinistcha\n|\n|-weather|RainDance|[upkeep]\n|upkeep\n|turn|7\n|\n|t:|1731721565\n|move|p2a: Sinistcha|Curse|p1a: Dondozo\n|-start|p1a: Dondozo|Curse|[of] p2a: Sinistcha\n|-damage|p2a: Sinistcha|26\/100\n|-enditem|p2a: Sinistcha|Sitrus Berry|[eat]\n|-heal|p2a: Sinistcha|51\/100|[from] item: Sitrus Berry\n|move|p2b: Archaludon|Electro Shot||[still]\n|-prepare|p2b: Archaludon|Electro Shot\n|-boost|p2b: Archaludon|spa|1\n|-anim|p2b: Archaludon|Electro Shot|p1a: Dondozo\n|-damage|p1a: Dondozo|35\/100\n|move|p1a: Dondozo|Order Up|p2b: Archaludon\n|-damage|p2b: Archaludon|77\/100\n|-ability|p2b: Archaludon|Stamina|boost\n|-boost|p2b: Archaludon|def|1\n|-boost|p1a: Dondozo|atk|1\n|\n|-weather|RainDance|[upkeep]\n|-damage|p1a: Dondozo|10\/100|[from] Curse\n|upkeep\n|turn|8\n|\n|t:|1731721573\n|move|p2a: Sinistcha|Life Dew|p2a: Sinistcha|[spread] p2a,p2b\n|-heal|p2a: Sinistcha|76\/100\n|-heal|p2b: Archaludon|100\/100\n|move|p2b: Archaludon|Electro Shot||[still]\n|-prepare|p2b: Archaludon|Electro Shot\n|-boost|p2b: Archaludon|spa|1\n|-anim|p2b: Archaludon|Electro Shot|p1a: Dondozo\n|-damage|p1a: Dondozo|0 fnt\n|faint|p1a: Dondozo\n|\n|-weather|none\n|upkeep\n|turn|9\n|-message|ray4gej forfeited.\n|\n|win|VGCLTH TnB\n|raw|ray4gej's rating: 1722 &rarr; <strong>1704<\/strong><br \/>(-18 for losing)\n|raw|VGCLTH TnB's rating: 1758 &rarr; <strong>1776<\/strong><br \/>(+18 for winning)\n|l|\u2606ray4gej\n|player|p1|\n|l|\u2606VGCLTH TnB\n|player|p2|\n|l| VGCLTH R0gue\n","uploadtime":1731721777,"views":19,"formatid":"gen9vgc2024regh","rating":1704,"private":0,"password":null}