{"id":"gen9vgc2024regh-2244000633","format":"[Gen 9] VGC 2024 Reg H","players":["VGCLTH Sac gaming","Spottedwoot"],"log":"|j|\u2606VGCLTH Sac gaming\n|j|\u2606Spottedwoot\n|t:|1731619847\n|gametype|doubles\n|player|p1|VGCLTH Sac gaming|steven|1703\n|player|p2|Spottedwoot|170|1682\n|teamsize|p1|6\n|teamsize|p2|6\n|gen|9\n|tier|[Gen 9] VGC 2024 Reg H\n|rated|\n|rule|Species Clause: Limit one of each Pok\u00e9mon\n|rule|Item Clause: Limit 1 of each item\n|clearpoke\n|poke|p1|Whimsicott, L50, M|\n|poke|p1|Dragonite, L50, F|\n|poke|p1|Ursaluna-Bloodmoon, L50, M|\n|poke|p1|Gholdengo, L50|\n|poke|p1|Incineroar, L50, M|\n|poke|p1|Annihilape, L50, M|\n|poke|p2|Kingambit, L50, M|\n|poke|p2|Primarina, L50, F|\n|poke|p2|Salamence, L50, F|\n|poke|p2|Gholdengo, L50|\n|poke|p2|Sneasler, L50, F|\n|poke|p2|Volcarona, L50, M|\n|teampreview|4\n|inactive|Battle timer is ON: inactive players will automatically lose when time's up. (requested by VGCLTH Sac gaming)\nVGCLTH Sac gaming rejected open team sheets.\n|inactive|Spottedwoot has 60 seconds left.\n|\n|t:|1731619883\n|start\n|switch|p1a: Whimsicott|Whimsicott, L50, M|100\/100\n|switch|p1b: Annihilape|Annihilape, L50, M|100\/100\n|switch|p2a: Salamence|Salamence, L50, F|100\/100\n|switch|p2b: Sneasler|Sneasler, L50, F|100\/100\n|-ability|p2a: Salamence|Intimidate|boost\n|-unboost|p1a: Whimsicott|atk|1\n|-unboost|p1b: Annihilape|atk|1\n|-ability|p1b: Annihilape|Defiant|boost\n|-boost|p1b: Annihilape|atk|2\n|turn|1\n|\n|t:|1731619893\n|-terastallize|p1a: Whimsicott|Ghost\n|move|p2a: Salamence|Protect|p2a: Salamence\n|-singleturn|p2a: Salamence|Protect\n|move|p1a: Whimsicott|Tailwind|p1a: Whimsicott\n|-sidestart|p1: VGCLTH Sac gaming|move: Tailwind\n|move|p1b: Annihilape|Final Gambit|p2a: Salamence\n|-activate|p2a: Salamence|move: Protect\n|move|p2b: Sneasler|Dire Claw|p1a: Whimsicott\n|-resisted|p1a: Whimsicott\n|-damage|p1a: Whimsicott|69\/100\n|-status|p1a: Whimsicott|psn\n|\n|-damage|p1a: Whimsicott|58\/100 psn|[from] psn\n|upkeep\n|turn|2\n|inactive|Spottedwoot has 30 seconds left.\n|\n|t:|1731619920\n|move|p1a: Whimsicott|Encore|p2a: Salamence\n|-start|p2a: Salamence|Encore\n|move|p1b: Annihilape|Rage Fist|p2b: Sneasler\n|-damage|p2b: Sneasler|48\/100\n|move|p2b: Sneasler|Dire Claw|p1a: Whimsicott\n|-resisted|p1a: Whimsicott\n|-damage|p1a: Whimsicott|23\/100 psn\n|move|p2a: Salamence|Protect||[still]\n|-fail|p2a: Salamence\n|\n|-damage|p1a: Whimsicott|11\/100 psn|[from] psn\n|upkeep\n|turn|3\n|\n|t:|1731619936\n|switch|p1a: Gholdengo|Gholdengo, L50|100\/100\n|switch|p2a: Volcarona|Volcarona, L50, M|100\/100\n|move|p2b: Sneasler|Protect|p2b: Sneasler\n|-singleturn|p2b: Sneasler|Protect\n|move|p1b: Annihilape|Rage Fist|p2b: Sneasler\n|-activate|p2b: Sneasler|move: Protect\n|\n|upkeep\n|turn|4\n|\n|t:|1731619959\n|move|p2a: Volcarona|Protect|p2a: Volcarona\n|-singleturn|p2a: Volcarona|Protect\n|move|p1b: Annihilape|Rage Fist|p2b: Sneasler\n|-damage|p2b: Sneasler|0 fnt\n|faint|p2b: Sneasler\n|move|p1a: Gholdengo|Power Gem|p2a: Volcarona\n|-activate|p2a: Volcarona|move: Protect\n|\n|-sideend|p1: VGCLTH Sac gaming|move: Tailwind\n|upkeep\n|\n|t:|1731619969\n|switch|p2b: Salamence|Salamence, L50, F|100\/100\n|-ability|p2b: Salamence|Intimidate|boost\n|-unboost|p1a: Gholdengo|atk|1\n|-unboost|p1b: Annihilape|atk|1\n|-ability|p1b: Annihilape|Defiant|boost\n|-boost|p1b: Annihilape|atk|2\n|turn|5\n|\n|t:|1731619977\n|-terastallize|p2a: Volcarona|Fairy\n|move|p2a: Volcarona|Heat Wave|p1b: Annihilape|[spread] p1a,p1b\n|-supereffective|p1a: Gholdengo\n|-damage|p1a: Gholdengo|7\/100\n|-damage|p1b: Annihilape|60\/100\n|move|p2b: Salamence|Hurricane|p1b: Annihilape|[miss]\n|-miss|p2b: Salamence|p1b: Annihilape\n|move|p1b: Annihilape|Rage Fist|p2a: Volcarona\n|-damage|p2a: Volcarona|0 fnt\n|faint|p2a: Volcarona\n|move|p1a: Gholdengo|Power Gem|p2b: Salamence\n|-supereffective|p2b: Salamence\n|-damage|p2b: Salamence|2\/100\n|\n|upkeep\n|\n|t:|1731619984\n|switch|p2a: Primarina|Primarina, L50, F|100\/100\n|turn|6\n|\n|t:|1731620006\n|move|p2b: Salamence|Tailwind|p2b: Salamence\n|-sidestart|p2: Spottedwoot|move: Tailwind\n|move|p2a: Primarina|Moonblast|p1b: Annihilape\n|-supereffective|p1b: Annihilape\n|-damage|p1b: Annihilape|0 fnt\n|faint|p1b: Annihilape\n|move|p1a: Gholdengo|Power Gem|p2b: Salamence\n|-supereffective|p2b: Salamence\n|-damage|p2b: Salamence|0 fnt\n|faint|p2b: Salamence\n|\n|upkeep\n|\n|t:|1731620012\n|switch|p1b: Whimsicott|Whimsicott, L50, M, tera:Ghost|11\/100 psn\n|turn|7\n|\n|t:|1731620015\n|switch|p1a: Ursaluna|Ursaluna-Bloodmoon, L50, M|100\/100\n|move|p1b: Whimsicott|Tailwind|p1b: Whimsicott\n|-sidestart|p1: VGCLTH Sac gaming|move: Tailwind\n|move|p2a: Primarina|Hyper Voice|p1a: Ursaluna|[spread] p1a,p1b\n|-supereffective|p1a: Ursaluna\n|-crit|p1b: Whimsicott\n|-damage|p1a: Ursaluna|45\/100\n|-damage|p1b: Whimsicott|0 fnt\n|faint|p1b: Whimsicott\n|-enditem|p2a: Primarina|Throat Spray\n|-boost|p2a: Primarina|spa|1|[from] item: Throat Spray\n|\n|upkeep\n|\n|t:|1731620035\n|switch|p1b: Gholdengo|Gholdengo, L50|7\/100\n|turn|8\n|\n|t:|1731620038\n|move|p1b: Gholdengo|Make It Rain|p2a: Primarina\n|-damage|p2a: Primarina|20\/100\n|-unboost|p1b: Gholdengo|spa|1\n|move|p2a: Primarina|Hyper Voice|p1b: Gholdengo|[spread] p1a,p1b\n|-supereffective|p1a: Ursaluna\n|-damage|p1a: Ursaluna|0 fnt\n|-damage|p1b: Gholdengo|0 fnt\n|faint|p1a: Ursaluna\n|faint|p1b: Gholdengo\n|\n|win|Spottedwoot\n|raw|VGCLTH Sac gaming's rating: 1703 &rarr; <strong>1682<\/strong><br \/>(-21 for losing)\n|raw|Spottedwoot's rating: 1682 &rarr; <strong>1703<\/strong><br \/>(+21 for winning)\n|l|\u2606VGCLTH Sac gaming\n|player|p1|\n|l|\u2606Spottedwoot\n|player|p2|\n","uploadtime":1731620045,"views":121,"formatid":"gen9vgc2024regh","rating":1682,"private":0,"password":null}