{"id":"gen9vgc2024regh-2244269978","format":"[Gen 9] VGC 2024 Reg H","players":["psyspammusubi","VGCLTH Sac gaming"],"log":"|raw|<div class=\"broadcast-blue\"><strong>This battle is required to be public due to a player having a name starting with 'vgclth'.<\/div>\n|j|\u2606psyspammusubi\n|j|\u2606VGCLTH Sac gaming\n|t:|1731658050\n|gametype|doubles\n|player|p1|psyspammusubi|1|1662\n|player|p2|VGCLTH Sac gaming|steven|1676\n|teamsize|p1|6\n|teamsize|p2|6\n|gen|9\n|tier|[Gen 9] VGC 2024 Reg H\n|rated|\n|rule|Species Clause: Limit one of each Pok\u00e9mon\n|rule|Item Clause: Limit 1 of each item\n|clearpoke\n|poke|p1|Magmar, L50, M|\n|poke|p1|Kingambit, L50, F|\n|poke|p1|Rillaboom, L50, M|\n|poke|p1|Primarina, L50, F|\n|poke|p1|Dragapult, L50, M|\n|poke|p1|Sneasler, L50, M|\n|poke|p2|Whimsicott, L50, F|\n|poke|p2|Dragonite, L50, M|\n|poke|p2|Ursaluna-Bloodmoon, L50, M|\n|poke|p2|Gholdengo, L50|\n|poke|p2|Incineroar, L50, F|\n|poke|p2|Annihilape, L50, F|\n|teampreview|4\n|inactive|Battle timer is ON: inactive players will automatically lose when time's up. (requested by VGCLTH Sac gaming)\npsyspammusubi has agreed to open team sheets.\nVGCLTH Sac gaming rejected open team sheets.\n|inactive|psyspammusubi has 60 seconds left.\n|\n|t:|1731658104\n|start\n|switch|p1a: Magmar|Magmar, L50, M|100\/100\n|switch|p1b: Sneasler|Sneasler, L50, M|100\/100\n|switch|p2a: Whimsicott|Whimsicott, L50, F|100\/100\n|switch|p2b: Annihilape|Annihilape, L50, F|100\/100\n|turn|1\n|\n|t:|1731658122\n|-terastallize|p1a: Magmar|Ghost\n|move|p2a: Whimsicott|Tailwind|p2a: Whimsicott\n|-sidestart|p2: VGCLTH Sac gaming|move: Tailwind\n|move|p2b: Annihilape|Final Gambit|p1a: Magmar\n|-immune|p1a: Magmar\n|move|p1b: Sneasler|Dire Claw|p2a: Whimsicott\n|-supereffective|p2a: Whimsicott\n|-enditem|p2a: Whimsicott|Focus Sash\n|-damage|p2a: Whimsicott|1\/100\n|-status|p2a: Whimsicott|psn\n|move|p1a: Magmar|Will-O-Wisp|p2b: Annihilape\n|-status|p2b: Annihilape|brn\n|\n|-damage|p2a: Whimsicott|0 fnt|[from] psn\n|faint|p2a: Whimsicott\n|-damage|p2b: Annihilape|94\/100 brn|[from] brn\n|upkeep\n|\n|t:|1731658127\n|switch|p2a: Gholdengo|Gholdengo, L50|100\/100\n|turn|2\n|j| jlz04t1h\n|j| Amungs\n|\n|t:|1731658150\n|-terastallize|p2a: Gholdengo|Steel\n|move|p1b: Sneasler|Protect|p1b: Sneasler\n|-singleturn|p1b: Sneasler|Protect\n|move|p1a: Magmar|Protect|p1a: Magmar\n|-singleturn|p1a: Magmar|Protect\n|move|p2b: Annihilape|Rage Fist|p1a: Magmar\n|-activate|p1a: Magmar|move: Protect\n|move|p2a: Gholdengo|Make It Rain|p1b: Sneasler|[spread] \n|-activate|p1a: Magmar|move: Protect\n|-activate|p1b: Sneasler|move: Protect\n|\n|-damage|p2b: Annihilape|88\/100 brn|[from] brn\n|upkeep\n|turn|3\n|l| Amungs\n|inactive|psyspammusubi has 30 seconds left.\n|\n|t:|1731658176\n|move|p1a: Magmar|Follow Me|p1a: Magmar\n|-singleturn|p1a: Magmar|move: Follow Me\n|move|p2b: Annihilape|Rage Fist|p1a: Magmar\n|-supereffective|p1a: Magmar\n|-damage|p1a: Magmar|85\/100\n|move|p2a: Gholdengo|Make It Rain|p1a: Magmar|[spread] p1a,p1b\n|-damage|p1a: Magmar|10\/100\n|-enditem|p1b: Sneasler|Focus Sash\n|-damage|p1b: Sneasler|1\/100\n|-unboost|p2a: Gholdengo|spa|1\n|move|p1b: Sneasler|Close Combat|p2a: Gholdengo\n|-supereffective|p2a: Gholdengo\n|-damage|p2a: Gholdengo|0 fnt\n|-unboost|p1b: Sneasler|def|1\n|-unboost|p1b: Sneasler|spd|1\n|faint|p2a: Gholdengo\n|\n|-damage|p2b: Annihilape|82\/100 brn|[from] brn\n|upkeep\n|c|\u2606VGCLTH Sac gaming|f off\n|\n|t:|1731658186\n|switch|p2a: Dragonite|Dragonite, L50, M|100\/100\n|turn|4\n|inactive|psyspammusubi has 30 seconds left.\n|\n|t:|1731658211\n|move|p1b: Sneasler|Protect|p1b: Sneasler\n|-singleturn|p1b: Sneasler|Protect\n|move|p1a: Magmar|Protect|p1a: Magmar\n|-singleturn|p1a: Magmar|Protect\n|move|p2b: Annihilape|Rage Fist|p1a: Magmar\n|-activate|p1a: Magmar|move: Protect\n|move|p2a: Dragonite|Scale Shot|p1b: Sneasler\n|-activate|p1b: Sneasler|move: Protect\n|\n|-damage|p2b: Annihilape|76\/100 brn|[from] brn\n|-sideend|p2: VGCLTH Sac gaming|move: Tailwind\n|upkeep\n|turn|5\n|inactive|psyspammusubi has 30 seconds left.\n|\n|t:|1731658236\n|move|p1b: Sneasler|Dire Claw|p2a: Dragonite\n|-damage|p2a: Dragonite|75\/100\n|-status|p2a: Dragonite|psn\n|move|p2b: Annihilape|Rage Fist|p1b: Sneasler\n|-damage|p1b: Sneasler|0 fnt\n|faint|p1b: Sneasler\n|move|p2a: Dragonite|Scale Shot|p1a: Magmar\n|-damage|p1a: Magmar|0 fnt\n|faint|p1a: Magmar\n|-hitcount|p1: Magmar|1\n|-unboost|p2a: Dragonite|def|1\n|-boost|p2a: Dragonite|spe|1\n|\n|-damage|p2a: Dragonite|63\/100 psn|[from] psn\n|-damage|p2b: Annihilape|70\/100 brn|[from] brn\n|upkeep\n|\n|t:|1731658252\n|switch|p1b: Dragapult|Dragapult, L50, M|100\/100\n|switch|p1a: Kingambit|Kingambit, L50, F|100\/100\n|turn|6\n|\n|t:|1731658270\n|move|p1a: Kingambit|Protect|p1a: Kingambit\n|-singleturn|p1a: Kingambit|Protect\n|move|p2a: Dragonite|Scale Shot|p1b: Dragapult\n|-supereffective|p1b: Dragapult\n|-damage|p1b: Dragapult|60\/100\n|-supereffective|p1b: Dragapult\n|-damage|p1b: Dragapult|19\/100\n|-supereffective|p1b: Dragapult\n|-damage|p1b: Dragapult|0 fnt\n|faint|p1b: Dragapult\n|-hitcount|p1: Dragapult|3\n|-unboost|p2a: Dragonite|def|1\n|-boost|p2a: Dragonite|spe|1\n|move|p2b: Annihilape|Final Gambit|p1a: Kingambit\n|-activate|p1a: Kingambit|move: Protect\n|\n|-damage|p2a: Dragonite|51\/100 psn|[from] psn\n|-damage|p2b: Annihilape|64\/100 brn|[from] brn\n|upkeep\n|turn|7\n|inactive|psyspammusubi has 30 seconds left.\n|\n|t:|1731658301\n|move|p2a: Dragonite|Scale Shot|p1a: Kingambit\n|-resisted|p1a: Kingambit\n|-damage|p1a: Kingambit|95\/100\n|-resisted|p1a: Kingambit\n|-damage|p1a: Kingambit|90\/100\n|-resisted|p1a: Kingambit\n|-damage|p1a: Kingambit|84\/100\n|-resisted|p1a: Kingambit\n|-damage|p1a: Kingambit|78\/100\n|-hitcount|p1a: Kingambit|4\n|-unboost|p2a: Dragonite|def|1\n|-boost|p2a: Dragonite|spe|1\n|move|p2b: Annihilape|Final Gambit|p1a: Kingambit\n|-damage|p1a: Kingambit|16\/100\n|faint|p2b: Annihilape\n|move|p1a: Kingambit|Swords Dance|p1a: Kingambit\n|-boost|p1a: Kingambit|atk|2\n|\n|-damage|p2a: Dragonite|39\/100 psn|[from] psn\n|upkeep\n|turn|8\n|\n|t:|1731658321\n|move|p1a: Kingambit|Protect|p1a: Kingambit\n|-singleturn|p1a: Kingambit|Protect\n|move|p2a: Dragonite|Scale Shot|p1a: Kingambit\n|-activate|p1a: Kingambit|move: Protect\n|\n|-damage|p2a: Dragonite|27\/100 psn|[from] psn\n|upkeep\n|turn|9\n|\n|t:|1731658330\n|move|p1a: Kingambit|Sucker Punch||[still]\n|-fail|p1a: Kingambit\n|move|p2a: Dragonite|Haze|p2a: Dragonite\n|-clearallboost\n|\n|-damage|p2a: Dragonite|15\/100 psn|[from] psn\n|upkeep\n|turn|10\n|\n|t:|1731658336\n|move|p1a: Kingambit|Protect|p1a: Kingambit\n|-singleturn|p1a: Kingambit|Protect\n|move|p2a: Dragonite|Scale Shot|p1a: Kingambit\n|-activate|p1a: Kingambit|move: Protect\n|\n|-damage|p2a: Dragonite|3\/100 psn|[from] psn\n|upkeep\n|turn|11\n|\n|t:|1731658341\n|move|p1a: Kingambit|Sucker Punch|p2a: Dragonite\n|-damage|p2a: Dragonite|0 fnt\n|faint|p2a: Dragonite\n|\n|win|psyspammusubi\n|raw|psyspammusubi's rating: 1662 &rarr; <strong>1685<\/strong><br \/>(+23 for winning)\n|raw|VGCLTH Sac gaming's rating: 1709 &rarr; <strong>1686<\/strong><br \/>(-23 for losing)\n|l|\u2606VGCLTH Sac gaming\n|player|p2|\n","uploadtime":1731658344,"views":35,"formatid":"gen9vgc2024regh","rating":1685,"private":0,"password":null}