{"id":"gen9vgc2024regh-2244547241","format":"[Gen 9] VGC 2024 Reg H","players":["jdarcan","elvegis1"],"log":"|j|\u2606jdarcan\n|j|\u2606elvegis1\n|t:|1731694341\n|gametype|doubles\n|player|p1|jdarcan|pokemonranger|1687\n|player|p2|elvegis1|lucas|1651\n|teamsize|p1|6\n|teamsize|p2|6\n|gen|9\n|tier|[Gen 9] VGC 2024 Reg H\n|rated|\n|rule|Species Clause: Limit one of each Pok\u00e9mon\n|rule|Item Clause: Limit 1 of each item\n|clearpoke\n|poke|p1|Kilowattrel, L50, M|\n|poke|p1|Garchomp, L50, M|\n|poke|p1|Corviknight, L50, M|\n|poke|p1|Raichu, L50, F|\n|poke|p1|Ninetales-Alola, L50, F|\n|poke|p1|Chandelure, L50, F|\n|poke|p2|Incineroar, L50, M|\n|poke|p2|Gholdengo, L50|\n|poke|p2|Dondozo, L50, F|\n|poke|p2|Magnezone, L50|\n|poke|p2|Ursaluna, L50, M|\n|poke|p2|Dusclops, L50, F|\n|teampreview|4\n|inactive|Battle timer is ON: inactive players will automatically lose when time's up. (requested by elvegis1)\n|inactive|jdarcan has 60 seconds left.\n|\n|t:|1731694398\n|start\n|switch|p1a: Kilowattrel|Kilowattrel, L50, M|100\/100\n|switch|p1b: Garchomp|Garchomp, L50, M|100\/100\n|switch|p2a: Dusclops|Dusclops, L50, F|100\/100\n|switch|p2b: Dondozo|Dondozo, L50, F|100\/100\n|-item|p1a: Kilowattrel|Focus Sash|[from] ability: Frisk|[of] p2a: Dusclops\n|-item|p1b: Garchomp|Life Orb|[from] ability: Frisk|[of] p2a: Dusclops\n|turn|1\n|\n|t:|1731694420\n|switch|p2b: Ursaluna|Ursaluna, L50, M|100\/100\n|move|p1a: Kilowattrel|Discharge|p2a: Dusclops|[spread] p2a\n|-immune|p1b: Garchomp\n|-immune|p2b: Ursaluna\n|-damage|p2a: Dusclops|88\/100\n|move|p1b: Garchomp|Earthquake|p2a: Dusclops|[spread] p2a,p2b\n|-immune|p1a: Kilowattrel\n|-damage|p2a: Dusclops|56\/100\n|-damage|p2b: Ursaluna|64\/100\n|-damage|p1b: Garchomp|91\/100|[from] item: Life Orb\n|move|p2a: Dusclops|Trick Room|p2a: Dusclops\n|-fieldstart|move: Trick Room|[of] p2a: Dusclops\n|\n|-status|p2b: Ursaluna|brn|[from] item: Flame Orb\n|upkeep\n|turn|2\n|\n|t:|1731694443\n|move|p1b: Garchomp|Protect|p1b: Garchomp\n|-singleturn|p1b: Garchomp|Protect\n|move|p1a: Kilowattrel|Protect|p1a: Kilowattrel\n|-singleturn|p1a: Kilowattrel|Protect\n|move|p2a: Dusclops|Pain Split|p1a: Kilowattrel\n|-activate|p1a: Kilowattrel|move: Protect\n|move|p2b: Ursaluna|Facade|p1b: Garchomp\n|-activate|p1b: Garchomp|move: Protect\n|\n|-damage|p2b: Ursaluna|58\/100 brn|[from] brn\n|upkeep\n|turn|3\n|\n|t:|1731694458\n|switch|p1b: Corviknight|Corviknight, L50, M|100\/100\n|move|p2a: Dusclops|Pain Split|p1a: Kilowattrel\n|-sethp|p1a: Kilowattrel|78\/100|[from] move: Pain Split|[silent]\n|-sethp|p2a: Dusclops|77\/100|[from] move: Pain Split\n|move|p2b: Ursaluna|Facade|p1b: Corviknight\n|-resisted|p1b: Corviknight\n|-damage|p1b: Corviknight|56\/100\n|move|p1a: Kilowattrel|Air Slash|p2b: Ursaluna\n|-damage|p2b: Ursaluna|34\/100 brn\n|\n|-damage|p2b: Ursaluna|28\/100 brn|[from] brn\n|upkeep\n|turn|4\n|inactive|jdarcan has 30 seconds left.\n|\n|t:|1731694489\n|move|p2a: Dusclops|Will-O-Wisp|p1b: Corviknight\n|-status|p1b: Corviknight|brn\n|move|p2b: Ursaluna|Facade|p1a: Kilowattrel\n|-damage|p1a: Kilowattrel|0 fnt\n|faint|p1a: Kilowattrel\n|move|p1b: Corviknight|Roost|p1b: Corviknight\n|-heal|p1b: Corviknight|100\/100 brn\n|-singleturn|p1b: Corviknight|move: Roost\n|\n|-damage|p2b: Ursaluna|22\/100 brn|[from] brn\n|-damage|p1b: Corviknight|95\/100 brn|[from] brn\n|upkeep\n|\n|t:|1731694505\n|switch|p1a: Garchomp|Garchomp, L50, M|91\/100\n|turn|5\n|\n|t:|1731694514\n|move|p1a: Garchomp|Protect|p1a: Garchomp\n|-singleturn|p1a: Garchomp|Protect\n|move|p2a: Dusclops|Pain Split|p1b: Corviknight\n|-sethp|p1b: Corviknight|75\/100 brn|[from] move: Pain Split|[silent]\n|-sethp|p2a: Dusclops|100\/100|[from] move: Pain Split\n|move|p2b: Ursaluna|Facade|p1a: Garchomp\n|-activate|p1a: Garchomp|move: Protect\n|move|p1b: Corviknight|Body Press|p2b: Ursaluna\n|-supereffective|p2b: Ursaluna\n|-damage|p2b: Ursaluna|3\/100 brn\n|\n|-damage|p2b: Ursaluna|0 fnt|[from] brn\n|faint|p2b: Ursaluna\n|-damage|p1b: Corviknight|69\/100 brn|[from] brn\n|-fieldend|move: Trick Room\n|upkeep\n|\n|t:|1731694532\n|switch|p2b: Dondozo|Dondozo, L50, F|100\/100\n|turn|6\n|\n|t:|1731694550\n|switch|p1b: Ninetales|Ninetales-Alola, L50, F|100\/100\n|-weather|Snow|[from] ability: Snow Warning|[of] p1b: Ninetales\n|move|p1a: Garchomp|Outrage|p2a: Dusclops\n|-damage|p2a: Dusclops|54\/100\n|-damage|p1a: Garchomp|81\/100|[from] item: Life Orb\n|move|p2b: Dondozo|Yawn|p1a: Garchomp\n|-start|p1a: Garchomp|move: Yawn|[of] p2b: Dondozo\n|move|p2a: Dusclops|Trick Room|p2a: Dusclops\n|-fieldstart|move: Trick Room|[of] p2a: Dusclops\n|\n|-weather|Snow|[upkeep]\n|upkeep\n|turn|7\n|inactive|elvegis1 has 30 seconds left.\n|\n|t:|1731694578\n|move|p2a: Dusclops|Pain Split|p1b: Ninetales\n|-sethp|p1b: Ninetales|77\/100|[from] move: Pain Split|[silent]\n|-sethp|p2a: Dusclops|78\/100|[from] move: Pain Split\n|move|p2b: Dondozo|Yawn|p1b: Ninetales\n|-start|p1b: Ninetales|move: Yawn|[of] p2b: Dondozo\n|move|p1a: Garchomp|Outrage|p2a: Dusclops|[from]lockedmove\n|-damage|p2a: Dusclops|30\/100\n|-damage|p1a: Garchomp|71\/100|[from] item: Life Orb\n|move|p1b: Ninetales|Blizzard|p2b: Dondozo|[spread] p2a,p2b\n|-resisted|p2b: Dondozo\n|-damage|p2a: Dusclops|7\/100\n|-damage|p2b: Dondozo|82\/100\n|\n|-weather|Snow|[upkeep]\n|-heal|p2b: Dondozo|88\/100|[from] item: Leftovers\n|-end|p1a: Garchomp|move: Yawn|[silent]\n|-status|p1a: Garchomp|slp\n|upkeep\n|turn|8\n|inactive|jdarcan has 30 seconds left.\n|\n|t:|1731694606\n|move|p2a: Dusclops|Pain Split|p1b: Ninetales\n|-sethp|p1b: Ninetales|42\/100|[from] move: Pain Split|[silent]\n|-sethp|p2a: Dusclops|43\/100|[from] move: Pain Split\n|move|p2b: Dondozo|Wave Crash|p1b: Ninetales\n|-crit|p1b: Ninetales\n|-damage|p1b: Ninetales|0 fnt\n|faint|p1b: Ninetales\n|-damage|p2b: Dondozo|80\/100|[from] Recoil\n|cant|p1a: Garchomp|slp\n|\n|-weather|Snow|[upkeep]\n|-heal|p2b: Dondozo|86\/100|[from] item: Leftovers\n|upkeep\n|\n|t:|1731694613\n|switch|p1b: Corviknight|Corviknight, L50, M|69\/100 brn\n|turn|9\n|-message|jdarcan forfeited.\n|\n|win|elvegis1\n|raw|jdarcan's rating: 1687 &rarr; <strong>1665<\/strong><br \/>(-22 for losing)\n|raw|elvegis1's rating: 1651 &rarr; <strong>1673<\/strong><br \/>(+22 for winning)\n|l|\u2606elvegis1\n|player|p2|\n","uploadtime":1731694863,"views":9,"formatid":"gen9vgc2024regh","rating":1665,"private":0,"password":null}