{"id":"gen9vgc2024regh-2244256794","format":"[Gen 9] VGC 2024 Reg H","players":["VGCLTH Sac gaming","juzgrda"],"log":"|raw|<div class=\"broadcast-blue\"><strong>This battle is required to be public due to a player having a name starting with 'vgclth'.<\/div>\n|j|\u2606VGCLTH Sac gaming\n|j|\u2606juzgrda\n|t:|1731655406\n|gametype|doubles\n|player|p1|VGCLTH Sac gaming|steven|1659\n|player|p2|juzgrda|265|1722\n|teamsize|p1|6\n|teamsize|p2|6\n|gen|9\n|tier|[Gen 9] VGC 2024 Reg H\n|rated|\n|rule|Species Clause: Limit one of each Pok\u00e9mon\n|rule|Item Clause: Limit 1 of each item\n|clearpoke\n|poke|p1|Whimsicott, L50, M|\n|poke|p1|Dragonite, L50, F|\n|poke|p1|Ursaluna-Bloodmoon, L50, M|\n|poke|p1|Gholdengo, L50|\n|poke|p1|Incineroar, L50, M|\n|poke|p1|Annihilape, L50, F|\n|poke|p2|Sinistcha, L50|\n|poke|p2|Ursaluna-Bloodmoon, L50, M|\n|poke|p2|Incineroar, L50, F|\n|poke|p2|Greninja-*, L50, M|\n|poke|p2|Archaludon, L50, M|\n|poke|p2|Pelipper, L50, F|\n|teampreview|4\n|inactive|Battle timer is ON: inactive players will automatically lose when time's up. (requested by juzgrda)\n|inactive|VGCLTH Sac gaming also wants the timer to be on.\nVGCLTH Sac gaming rejected open team sheets.\n|j| jlz04t1h\n|inactive|juzgrda has 60 seconds left.\n|\n|t:|1731655447\n|start\n|switch|p1a: Whimsicott|Whimsicott, L50, M|100\/100\n|switch|p1b: Annihilape|Annihilape, L50, F|100\/100\n|switch|p2a: Pelipper|Pelipper, L50, F|100\/100\n|switch|p2b: Greninja|Greninja, L50, M|100\/100\n|-weather|RainDance|[from] ability: Drizzle|[of] p2a: Pelipper\n|turn|1\n|\n|t:|1731655462\n|switch|p2b: Sinistcha|Sinistcha, L50|100\/100\n|-terastallize|p2a: Pelipper|Ghost\n|move|p1a: Whimsicott|Tailwind|p1a: Whimsicott\n|-sidestart|p1: VGCLTH Sac gaming|move: Tailwind\n|move|p1b: Annihilape|Final Gambit|p2b: Sinistcha\n|-immune|p2b: Sinistcha\n|move|p2a: Pelipper|Hurricane|p1a: Whimsicott\n|-supereffective|p1a: Whimsicott\n|-enditem|p1a: Whimsicott|Focus Sash\n|-damage|p1a: Whimsicott|1\/100\n|\n|-weather|RainDance|[upkeep]\n|upkeep\n|turn|2\n|\n|t:|1731655482\n|move|p1a: Whimsicott|Beat Up|p1b: Annihilape\n|-damage|p1b: Annihilape|98\/100\n|-damage|p1b: Annihilape|95\/100\n|-damage|p1b: Annihilape|93\/100\n|-damage|p1b: Annihilape|91\/100\n|-hitcount|p1b: Annihilape|4\n|move|p1b: Annihilape|Rage Fist|p2b: Sinistcha\n|-supereffective|p2b: Sinistcha\n|-damage|p2b: Sinistcha|0 fnt\n|faint|p2b: Sinistcha\n|move|p2a: Pelipper|Hurricane|p1b: Annihilape\n|-supereffective|p1b: Annihilape\n|-damage|p1b: Annihilape|5\/100\n|-start|p1b: Annihilape|confusion\n|\n|-weather|RainDance|[upkeep]\n|upkeep\n|\n|t:|1731655490\n|switch|p2b: Archaludon|Archaludon, L50, M|100\/100\n|turn|3\n|\n|t:|1731655504\n|move|p1a: Whimsicott|Moonblast|p2b: Archaludon\n|-damage|p2b: Archaludon|50\/100\n|-activate|p1b: Annihilape|confusion\n|move|p1b: Annihilape|Rage Fist|p2b: Archaludon\n|-crit|p2b: Archaludon\n|-damage|p2b: Archaludon|0 fnt\n|faint|p2b: Archaludon\n|move|p2a: Pelipper|Hurricane|p1a: Whimsicott\n|-supereffective|p1a: Whimsicott\n|-damage|p1a: Whimsicott|0 fnt\n|faint|p1a: Whimsicott\n|\n|-weather|RainDance|[upkeep]\n|upkeep\n|\n|t:|1731655513\n|switch|p1a: Gholdengo|Gholdengo, L50|100\/100\n|switch|p2b: Greninja|Greninja, L50, M|100\/100\n|turn|4\n|\n|t:|1731655518\n|-terastallize|p1a: Gholdengo|Steel\n|move|p2b: Greninja|Protect|p2b: Greninja\n|-start|p2b: Greninja|typechange|Normal|[from] ability: Protean\n|-singleturn|p2b: Greninja|Protect\n|-activate|p1b: Annihilape|confusion\n|-damage|p1b: Annihilape|0 fnt|[from] confusion\n|faint|p1b: Annihilape\n|move|p1a: Gholdengo|Make It Rain|p2b: Greninja|[spread] p2a\n|-activate|p2b: Greninja|move: Protect\n|-damage|p2a: Pelipper|0 fnt\n|-unboost|p1a: Gholdengo|spa|1\n|faint|p2a: Pelipper\n|\n|-weather|RainDance|[upkeep]\n|-sideend|p1: VGCLTH Sac gaming|move: Tailwind\n|upkeep\n|j| devi25\n|\n|t:|1731655522\n|switch|p1b: Ursaluna|Ursaluna-Bloodmoon, L50, M|100\/100\n|turn|5\n|\n|t:|1731655528\n|move|p2b: Greninja|Hydro Pump|p1b: Ursaluna\n|-supereffective|p1b: Ursaluna\n|-damage|p1b: Ursaluna|0 fnt\n|faint|p1b: Ursaluna\n|-damage|p2b: Greninja|91\/100|[from] item: Life Orb\n|move|p1a: Gholdengo|Make It Rain|p2b: Greninja\n|-damage|p2b: Greninja|0 fnt\n|-unboost|p1a: Gholdengo|spa|1\n|faint|p2b: Greninja\n|\n|win|VGCLTH Sac gaming\n|raw|VGCLTH Sac gaming's rating: 1670 &rarr; <strong>1693<\/strong><br \/>(+23 for winning)\n|raw|juzgrda's rating: 1722 &rarr; <strong>1699<\/strong><br \/>(-23 for losing)\n|l|\u2606juzgrda\n|player|p2|\n|l|\u2606VGCLTH Sac gaming\n|player|p1|\n","uploadtime":1731655801,"views":26,"formatid":"gen9vgc2024regh","rating":1693,"private":0,"password":null}