{"id":"gen9vgc2024regh-2244698466","format":"[Gen 9] VGC 2024 Reg H","players":["VGCLTH Louis","Dathluke"],"log":"|raw|<div class=\"broadcast-blue\"><strong>This battle is required to be public due to a player having a name starting with 'vgclth'.<\/div>\n|j|\u2606VGCLTH Louis\n|j|\u2606Dathluke\n|t:|1731710368\n|gametype|doubles\n|player|p1|VGCLTH Louis|#scl4breakers|1683\n|player|p2|Dathluke|larry|1799\n|teamsize|p1|6\n|teamsize|p2|6\n|gen|9\n|tier|[Gen 9] VGC 2024 Reg H\n|rated|\n|rule|Species Clause: Limit one of each Pok\u00e9mon\n|rule|Item Clause: Limit 1 of each item\n|clearpoke\n|poke|p1|Dragonite, L50, F|\n|poke|p1|Sneasler, L50, F|\n|poke|p1|Electabuzz, L50, F|\n|poke|p1|Indeedee, L50, M|\n|poke|p1|Ursaluna-Bloodmoon, L50, M|\n|poke|p1|Talonflame, L50, M|\n|poke|p2|Milotic, L50, F|\n|poke|p2|Tyranitar, L50, M|\n|poke|p2|Talonflame, L50, M|\n|poke|p2|Gholdengo, L50|\n|poke|p2|Garchomp, L50, M|\n|poke|p2|Sinistcha, L50|\n|teampreview|4\n|inactive|Battle timer is ON: inactive players will automatically lose when time's up. (requested by VGCLTH Louis)\nDathluke has agreed to open team sheets.\nVGCLTH Louis has agreed to open team sheets.\n|j| Partan\n|inactive|VGCLTH Louis has 30 seconds left.\n|\n|t:|1731710416\n|start\n|switch|p1a: Sneasler|Sneasler, L50, F|100\/100\n|switch|p1b: Indeedee|Indeedee, L50, M|100\/100\n|switch|p2a: Sinistcha|Sinistcha, L50|100\/100\n|switch|p2b: Tyranitar|Tyranitar, L50, M|100\/100\n|-fieldstart|move: Psychic Terrain|[from] ability: Psychic Surge|[of] p1b: Indeedee\n|-enditem|p1a: Sneasler|Psychic Seed\n|-boost|p1a: Sneasler|spd|1|[from] item: Psychic Seed\n|-weather|Sandstorm|[from] ability: Sand Stream|[of] p2b: Tyranitar\n|turn|1\n|\n|t:|1731710438\n|-terastallize|p1a: Sneasler|Dark\n|move|p2a: Sinistcha|Rage Powder|p2a: Sinistcha\n|-singleturn|p2a: Sinistcha|move: Rage Powder\n|move|p1a: Sneasler|Throat Chop|p2a: Sinistcha\n|-supereffective|p2a: Sinistcha\n|-damage|p2a: Sinistcha|12\/100\n|-start|p2a: Sinistcha|Throat Chop|[silent]\n|-enditem|p2a: Sinistcha|Sitrus Berry|[eat]\n|-heal|p2a: Sinistcha|36\/100|[from] item: Sitrus Berry\n|move|p1b: Indeedee|Imprison|p1b: Indeedee\n|-start|p1b: Indeedee|move: Imprison\n|move|p2b: Tyranitar|Knock Off|p1b: Indeedee\n|-supereffective|p1b: Indeedee\n|-enditem|p1b: Indeedee|Focus Sash\n|-damage|p1b: Indeedee|1\/100\n|\n|-weather|Sandstorm|[upkeep]\n|-damage|p1a: Sneasler|95\/100|[from] Sandstorm\n|-damage|p1b: Indeedee|0 fnt|[from] Sandstorm\n|-damage|p2a: Sinistcha|30\/100|[from] Sandstorm\n|faint|p1b: Indeedee\n|upkeep\n|\n|t:|1731710445\n|switch|p1b: Ursaluna|Ursaluna-Bloodmoon, L50, M|100\/100\n|turn|2\n|\n|t:|1731710465\n|switch|p1b: Talonflame|Talonflame, L50, M|100\/100\n|-terastallize|p2b: Tyranitar|Flying\n|move|p1a: Sneasler|Throat Chop|p2a: Sinistcha\n|-supereffective|p2a: Sinistcha\n|-damage|p2a: Sinistcha|0 fnt\n|faint|p2a: Sinistcha\n|move|p2b: Tyranitar|Low Kick|p1b: Talonflame\n|-resisted|p1b: Talonflame\n|-damage|p1b: Talonflame|89\/100\n|\n|-weather|Sandstorm|[upkeep]\n|-damage|p1a: Sneasler|89\/100|[from] Sandstorm\n|-damage|p1b: Talonflame|83\/100|[from] Sandstorm\n|-damage|p2b: Tyranitar|94\/100|[from] Sandstorm\n|upkeep\n|\n|t:|1731710480\n|switch|p2a: Talonflame|Talonflame, L50, M|100\/100\n|turn|3\n|\n|t:|1731710491\n|move|p2a: Talonflame|Protect|p2a: Talonflame\n|-singleturn|p2a: Talonflame|Protect\n|move|p1a: Sneasler|Dire Claw|p2b: Tyranitar\n|-damage|p2b: Tyranitar|58\/100\n|move|p1b: Talonflame|Tailwind|p1b: Talonflame\n|-sidestart|p1: VGCLTH Louis|move: Tailwind\n|move|p2b: Tyranitar|Rock Slide|p1b: Talonflame|[spread] p1a,p1b\n|-supereffective|p1b: Talonflame\n|-crit|p1b: Talonflame\n|-damage|p1a: Sneasler|37\/100\n|-damage|p1b: Talonflame|0 fnt\n|faint|p1b: Talonflame\n|\n|-weather|Sandstorm|[upkeep]\n|-damage|p1a: Sneasler|31\/100|[from] Sandstorm\n|-damage|p2b: Tyranitar|52\/100|[from] Sandstorm\n|upkeep\n|\n|t:|1731710499\n|switch|p1b: Ursaluna|Ursaluna-Bloodmoon, L50, M|100\/100\n|turn|4\n|\n|t:|1731710505\n|move|p2a: Talonflame|Tailwind|p2a: Talonflame\n|-sidestart|p2: Dathluke|move: Tailwind\n|move|p1a: Sneasler|Dire Claw|p2b: Tyranitar\n|-damage|p2b: Tyranitar|14\/100\n|-status|p2b: Tyranitar|par\n|move|p1b: Ursaluna|Hyper Voice|p2a: Talonflame|[spread] p2a,p2b\n|-crit|p2b: Tyranitar\n|-damage|p2a: Talonflame|26\/100\n|-damage|p2b: Tyranitar|0 fnt\n|faint|p2b: Tyranitar\n|-damage|p1b: Ursaluna|91\/100|[from] item: Life Orb\n|\n|-weather|Sandstorm|[upkeep]\n|-damage|p1a: Sneasler|25\/100|[from] Sandstorm\n|upkeep\n|\n|t:|1731710510\n|switch|p2b: Gholdengo|Gholdengo, L50|100\/100\n|turn|5\n|j| physicstesting8\n|\n|t:|1731710518\n|move|p1a: Sneasler|Throat Chop|p2b: Gholdengo\n|-supereffective|p2b: Gholdengo\n|-damage|p2b: Gholdengo|0 fnt\n|faint|p2b: Gholdengo\n|move|p2a: Talonflame|Flare Blitz|p1b: Ursaluna\n|-damage|p1b: Ursaluna|54\/100\n|-damage|p2a: Talonflame|12\/100|[from] Recoil\n|move|p1b: Ursaluna|Hyper Voice|p2a: Talonflame\n|-damage|p2a: Talonflame|0 fnt\n|faint|p2a: Talonflame\n|-damage|p1b: Ursaluna|45\/100|[from] item: Life Orb\n|\n|win|VGCLTH Louis\n|raw|VGCLTH Louis's rating: 1667 &rarr; <strong>1694<\/strong><br \/>(+27 for winning)\n|raw|Dathluke's rating: 1799 &rarr; <strong>1772<\/strong><br \/>(-27 for losing)\n|l|\u2606VGCLTH Louis\n|player|p1|\n|l| physicstesting8\n|j| wizzpoower\n|l|\u2606Dathluke\n|player|p2|\n|l| wizzpoower\n|j| VGCLTH Sac gaming\n|l| VGCLTH Sac gaming\n","uploadtime":1731710521,"views":11,"formatid":"gen9vgc2024regh","rating":1694,"private":0,"password":null}