{"id":"gen9vgc2024regh-2244316803","format":"[Gen 9] VGC 2024 Reg H","players":["Animod_test","VGCLTH Carrots"],"log":"|raw|<div class=\"broadcast-blue\"><strong>This battle is required to be public due to a player having a name starting with 'vgclth'.<\/div>\n|j|\u2606Animod_test\n|j|\u2606VGCLTH Carrots\n|t:|1731666824\n|gametype|doubles\n|player|p1|Animod_test|scientist|1746\n|player|p2|VGCLTH Carrots|101|1729\n|teamsize|p1|6\n|teamsize|p2|6\n|gen|9\n|tier|[Gen 9] VGC 2024 Reg H\n|rated|\n|rule|Species Clause: Limit one of each Pok\u00e9mon\n|rule|Item Clause: Limit 1 of each item\n|clearpoke\n|poke|p1|Archaludon, L50, M|\n|poke|p1|Basculegion, L50, M|\n|poke|p1|Pelipper, L50, M|\n|poke|p1|Gholdengo, L50|\n|poke|p1|Murkrow, L50, F|\n|poke|p1|Rillaboom, L50, M|\n|poke|p2|Rillaboom, L50, F|\n|poke|p2|Kingambit, L50, M|\n|poke|p2|Sneasler, L50, F|\n|poke|p2|Dragonite, L50, M|\n|poke|p2|Gastrodon, L50, M|\n|poke|p2|Ceruledge, L50, F|\n|teampreview|4\n|\n|t:|1731666859\n|start\n|switch|p1a: Archaludon|Archaludon, L50, M|100\/100\n|switch|p1b: Rillaboom|Rillaboom, L50, M|100\/100\n|switch|p2a: Sneasler|Sneasler, L50, F|100\/100\n|switch|p2b: Dragonite|Dragonite, L50, M|100\/100\n|-fieldstart|move: Grassy Terrain|[from] ability: Grassy Surge|[of] p1b: Rillaboom\n|turn|1\n|j| SnrubYesthatlldo\n|j| Mixam91\n|inactive|Battle timer is ON: inactive players will automatically lose when time's up. (requested by VGCLTH Carrots)\n|j| mr pogostick\n|\n|t:|1731666917\n|switch|p1a: Basculegion|Basculegion, L50, M, shiny|100\/100\n|move|p2a: Sneasler|Fake Out|p1b: Rillaboom\n|-damage|p1b: Rillaboom|86\/100\n|cant|p1b: Rillaboom|flinch\n|move|p2b: Dragonite|Scale Shot|p1b: Rillaboom\n|-damage|p1b: Rillaboom|70\/100\n|-damage|p1b: Rillaboom|56\/100\n|-damage|p1b: Rillaboom|42\/100\n|-damage|p1b: Rillaboom|28\/100\n|-damage|p1b: Rillaboom|15\/100\n|-hitcount|p1b: Rillaboom|5\n|-unboost|p2b: Dragonite|def|1\n|-boost|p2b: Dragonite|spe|1\n|\n|-heal|p1b: Rillaboom|21\/100|[from] Grassy Terrain\n|upkeep\n|turn|2\n|j| vgclth souly\n|l| Mixam91\n|\n|t:|1731666939\n|move|p1b: Rillaboom|Grassy Glide|p2a: Sneasler\n|-resisted|p2a: Sneasler\n|-damage|p2a: Sneasler|67\/100\n|move|p2b: Dragonite|Scale Shot|p1a: Basculegion\n|-damage|p1a: Basculegion|83\/100\n|-damage|p1a: Basculegion|65\/100\n|-crit|p1a: Basculegion\n|-damage|p1a: Basculegion|38\/100\n|-damage|p1a: Basculegion|21\/100\n|-crit|p1a: Basculegion\n|-damage|p1a: Basculegion|0 fnt\n|faint|p1a: Basculegion\n|-hitcount|p1: Basculegion|5\n|-unboost|p2b: Dragonite|def|1\n|-boost|p2b: Dragonite|spe|1\n|move|p2a: Sneasler|Coaching|p2b: Dragonite\n|-boost|p2b: Dragonite|atk|1\n|-boost|p2b: Dragonite|def|1\n|\n|-heal|p2a: Sneasler|73\/100|[from] Grassy Terrain\n|-heal|p1b: Rillaboom|27\/100|[from] Grassy Terrain\n|upkeep\n|l| vgclth souly\n|inactive|Animod_test has 30 seconds left.\n|\n|t:|1731666967\n|switch|p1a: Murkrow|Murkrow, L50, F|100\/100\n|turn|3\n|\n|t:|1731666981\n|move|p2b: Dragonite|Protect|p2b: Dragonite\n|-singleturn|p2b: Dragonite|Protect\n|move|p1b: Rillaboom|Grassy Glide|p2a: Sneasler\n|-resisted|p2a: Sneasler\n|-damage|p2a: Sneasler|40\/100\n|move|p2a: Sneasler|Coaching|p2b: Dragonite\n|-boost|p2b: Dragonite|atk|1\n|-boost|p2b: Dragonite|def|1\n|move|p1a: Murkrow|Foul Play|p2a: Sneasler\n|-resisted|p2a: Sneasler\n|-damage|p2a: Sneasler|0 fnt\n|faint|p2a: Sneasler\n|\n|-heal|p1b: Rillaboom|33\/100|[from] Grassy Terrain\n|upkeep\n|\n|t:|1731666987\n|switch|p2a: Rillaboom|Rillaboom, L50, F|100\/100\n|turn|4\n|\n|t:|1731667001\n|switch|p1b: Archaludon|Archaludon, L50, M|100\/100\n|-terastallize|p1a: Murkrow|Ghost\n|move|p2a: Rillaboom|Fake Out|p1a: Murkrow\n|-immune|p1a: Murkrow\n|move|p1a: Murkrow|Haze|p1a: Murkrow\n|-clearallboost\n|move|p2b: Dragonite|Scale Shot|p1b: Archaludon\n|-damage|p1b: Archaludon|91\/100\n|-ability|p1b: Archaludon|Stamina|boost\n|-boost|p1b: Archaludon|def|1\n|-damage|p1b: Archaludon|84\/100\n|-ability|p1b: Archaludon|Stamina|boost\n|-boost|p1b: Archaludon|def|1\n|-damage|p1b: Archaludon|78\/100\n|-ability|p1b: Archaludon|Stamina|boost\n|-boost|p1b: Archaludon|def|1\n|-damage|p1b: Archaludon|73\/100\n|-ability|p1b: Archaludon|Stamina|boost\n|-boost|p1b: Archaludon|def|1\n|-hitcount|p1b: Archaludon|4\n|-unboost|p2b: Dragonite|def|1\n|-boost|p2b: Dragonite|spe|1\n|\n|-heal|p1b: Archaludon|80\/100|[from] Grassy Terrain\n|upkeep\n|turn|5\n|\n|t:|1731667025\n|move|p2b: Dragonite|Protect|p2b: Dragonite\n|-singleturn|p2b: Dragonite|Protect\n|move|p1a: Murkrow|Tailwind|p1a: Murkrow\n|-sidestart|p1: Animod_test|move: Tailwind\n|move|p1b: Archaludon|Flash Cannon|p2b: Dragonite\n|-activate|p2b: Dragonite|move: Protect\n|move|p2a: Rillaboom|Knock Off|p1a: Murkrow\n|-supereffective|p1a: Murkrow\n|-crit|p1a: Murkrow\n|-damage|p1a: Murkrow|2\/100\n|-enditem|p1a: Murkrow|Eviolite|[from] move: Knock Off|[of] p2a: Rillaboom\n|\n|-heal|p1b: Archaludon|86\/100|[from] Grassy Terrain\n|-heal|p1a: Murkrow|8\/100|[from] Grassy Terrain\n|-fieldend|move: Grassy Terrain\n|upkeep\n|turn|6\n|\n|t:|1731667042\n|switch|p2b: Kingambit|Kingambit, L50, M|100\/100\n|move|p1a: Murkrow|Foul Play|p2b: Kingambit\n|-resisted|p2b: Kingambit\n|-damage|p2b: Kingambit|82\/100\n|move|p1b: Archaludon|Draco Meteor|p2b: Kingambit\n|-resisted|p2b: Kingambit\n|-damage|p2b: Kingambit|60\/100\n|-unboost|p1b: Archaludon|spa|2\n|move|p2a: Rillaboom|Knock Off|p1a: Murkrow\n|-supereffective|p1a: Murkrow\n|-damage|p1a: Murkrow|0 fnt\n|faint|p1a: Murkrow\n|\n|upkeep\n|\n|t:|1731667051\n|switch|p1a: Rillaboom|Rillaboom, L50, M|33\/100\n|-fieldstart|move: Grassy Terrain|[from] ability: Grassy Surge|[of] p1a: Rillaboom\n|turn|7\n|\n|t:|1731667063\n|-terastallize|p2b: Kingambit|Flying\n|move|p1a: Rillaboom|Fake Out|p2a: Rillaboom\n|-damage|p2a: Rillaboom|86\/100\n|move|p2b: Kingambit|Sucker Punch||[still]\n|-fail|p2b: Kingambit\n|move|p1b: Archaludon|Body Press|p2b: Kingambit\n|-resisted|p2b: Kingambit\n|-damage|p2b: Kingambit|31\/100\n|cant|p2a: Rillaboom|flinch\n|\n|-heal|p1a: Rillaboom|40\/100|[from] Grassy Terrain\n|-heal|p1b: Archaludon|92\/100|[from] Grassy Terrain\n|-heal|p2a: Rillaboom|92\/100|[from] Grassy Terrain\n|upkeep\n|turn|8\n|\n|t:|1731667086\n|switch|p2a: Dragonite|Dragonite, L50, M|100\/100\n|move|p1a: Rillaboom|Bullet Seed|p2b: Kingambit\n|-resisted|p2b: Kingambit\n|-damage|p2b: Kingambit|25\/100\n|-resisted|p2b: Kingambit\n|-damage|p2b: Kingambit|19\/100\n|-resisted|p2b: Kingambit\n|-damage|p2b: Kingambit|13\/100\n|-resisted|p2b: Kingambit\n|-damage|p2b: Kingambit|6\/100\n|-resisted|p2b: Kingambit\n|-damage|p2b: Kingambit|0 fnt\n|faint|p2b: Kingambit\n|-hitcount|p2: Kingambit|5\n|move|p1b: Archaludon|Flash Cannon|p2a: Dragonite\n|-damage|p2a: Dragonite|89\/100\n|\n|-heal|p1a: Rillaboom|46\/100|[from] Grassy Terrain\n|-heal|p1b: Archaludon|98\/100|[from] Grassy Terrain\n|-sideend|p1: Animod_test|move: Tailwind\n|upkeep\n|\n|t:|1731667088\n|switch|p2b: Rillaboom|Rillaboom, L50, F|92\/100\n|turn|9\n|inactive|Animod_test has 30 seconds left.\n|\n|t:|1731667114\n|move|p2b: Rillaboom|Fake Out|p1b: Archaludon\n|-resisted|p1b: Archaludon\n|-damage|p1b: Archaludon|96\/100\n|-ability|p1b: Archaludon|Stamina|boost\n|-boost|p1b: Archaludon|def|1\n|move|p1a: Rillaboom|Grassy Glide|p1b: Archaludon\n|-resisted|p1b: Archaludon\n|-damage|p1b: Archaludon|95\/100\n|-ability|p1b: Archaludon|Stamina|boost\n|-boost|p1b: Archaludon|def|1\n|move|p2a: Dragonite|Scale Shot|p1a: Rillaboom\n|-damage|p1a: Rillaboom|30\/100\n|-damage|p1a: Rillaboom|16\/100\n|-damage|p1a: Rillaboom|1\/100\n|-damage|p1a: Rillaboom|0 fnt\n|faint|p1a: Rillaboom\n|-hitcount|p1: Rillaboom|4\n|-unboost|p2a: Dragonite|def|1\n|-boost|p2a: Dragonite|spe|1\n|cant|p1b: Archaludon|flinch\n|\n|-heal|p1b: Archaludon|100\/100|[from] Grassy Terrain\n|-heal|p2b: Rillaboom|98\/100|[from] Grassy Terrain\n|upkeep\n|turn|10\n|\n|t:|1731667138\n|move|p2a: Dragonite|Haze|p2a: Dragonite\n|-clearallboost\n|move|p1b: Archaludon|Body Press|p2b: Rillaboom\n|-damage|p2b: Rillaboom|76\/100\n|move|p2b: Rillaboom|Knock Off|p1b: Archaludon\n|-damage|p1b: Archaludon|77\/100\n|-ability|p1b: Archaludon|Stamina|boost\n|-boost|p1b: Archaludon|def|1\n|-enditem|p1b: Archaludon|Assault Vest|[from] move: Knock Off|[of] p2b: Rillaboom\n|\n|-heal|p1b: Archaludon|83\/100|[from] Grassy Terrain\n|-heal|p2b: Rillaboom|82\/100|[from] Grassy Terrain\n|upkeep\n|turn|11\n|\n|t:|1731667146\n|move|p2a: Dragonite|Protect|p2a: Dragonite\n|-singleturn|p2a: Dragonite|Protect\n|move|p1b: Archaludon|Draco Meteor|p2a: Dragonite\n|-activate|p2a: Dragonite|move: Protect\n|move|p2b: Rillaboom|Knock Off|p1b: Archaludon\n|-damage|p1b: Archaludon|71\/100\n|-ability|p1b: Archaludon|Stamina|boost\n|-boost|p1b: Archaludon|def|1\n|\n|-heal|p1b: Archaludon|78\/100|[from] Grassy Terrain\n|-heal|p2b: Rillaboom|88\/100|[from] Grassy Terrain\n|-fieldend|move: Grassy Terrain\n|upkeep\n|turn|12\n|\n|t:|1731667157\n|move|p2a: Dragonite|Haze|p2a: Dragonite\n|-clearallboost\n|move|p1b: Archaludon|Draco Meteor|p2a: Dragonite|[miss]\n|-miss|p1b: Archaludon|p2a: Dragonite\n|move|p2b: Rillaboom|Knock Off|p1b: Archaludon\n|-damage|p1b: Archaludon|63\/100\n|-ability|p1b: Archaludon|Stamina|boost\n|-boost|p1b: Archaludon|def|1\n|\n|upkeep\n|turn|13\n|\n|t:|1731667167\n|move|p2a: Dragonite|Protect|p2a: Dragonite\n|-singleturn|p2a: Dragonite|Protect\n|move|p1b: Archaludon|Draco Meteor|p2a: Dragonite\n|-activate|p2a: Dragonite|move: Protect\n|move|p2b: Rillaboom|Knock Off|p1b: Archaludon\n|-damage|p1b: Archaludon|52\/100\n|-ability|p1b: Archaludon|Stamina|boost\n|-boost|p1b: Archaludon|def|1\n|\n|upkeep\n|turn|14\n|\n|t:|1731667173\n|move|p2a: Dragonite|Haze|p2a: Dragonite\n|-clearallboost\n|move|p1b: Archaludon|Draco Meteor|p2a: Dragonite\n|-supereffective|p2a: Dragonite\n|-damage|p2a: Dragonite|0 fnt\n|-unboost|p1b: Archaludon|spa|2\n|faint|p2a: Dragonite\n|move|p2b: Rillaboom|Knock Off|p1b: Archaludon\n|-damage|p1b: Archaludon|35\/100\n|-ability|p1b: Archaludon|Stamina|boost\n|-boost|p1b: Archaludon|def|1\n|\n|upkeep\n|turn|15\n|\n|t:|1731667180\n|move|p1b: Archaludon|Body Press|p2b: Rillaboom\n|-damage|p2b: Rillaboom|54\/100\n|move|p2b: Rillaboom|Knock Off|p1b: Archaludon\n|-damage|p1b: Archaludon|23\/100\n|-ability|p1b: Archaludon|Stamina|boost\n|-boost|p1b: Archaludon|def|1\n|\n|upkeep\n|turn|16\n|\n|t:|1731667186\n|move|p1b: Archaludon|Body Press|p2b: Rillaboom\n|-damage|p2b: Rillaboom|8\/100\n|move|p2b: Rillaboom|Knock Off|p1b: Archaludon\n|-damage|p1b: Archaludon|15\/100\n|-ability|p1b: Archaludon|Stamina|boost\n|-boost|p1b: Archaludon|def|1\n|\n|upkeep\n|turn|17\n|\n|t:|1731667191\n|move|p1b: Archaludon|Body Press|p2b: Rillaboom\n|-damage|p2b: Rillaboom|0 fnt\n|faint|p2b: Rillaboom\n|\n|win|Animod_test\n|raw|Animod_test's rating: 1746 &rarr; <strong>1765<\/strong><br \/>(+19 for winning)\n|raw|VGCLTH Carrots's rating: 1729 &rarr; <strong>1710<\/strong><br \/>(-19 for losing)\n|l|\u2606VGCLTH Carrots\n|player|p2|\n|c|\u2606Animod_test|gg\n|l| SnrubYesthatlldo\n","uploadtime":1731667198,"views":24,"formatid":"gen9vgc2024regh","rating":1710,"private":0,"password":null}