{"id":"gen9vgc2024regh-2244054766","format":"[Gen 9] VGC 2024 Reg H","players":["VGCLTH Sac gaming","grovyleuwu"],"log":"|j|\u2606VGCLTH Sac gaming\n|j|\u2606grovyleuwu\n|t:|1731625938\n|gametype|doubles\n|player|p1|VGCLTH Sac gaming|steven|1725\n|player|p2|grovyleuwu|whitney|1777\n|teamsize|p1|6\n|teamsize|p2|6\n|gen|9\n|tier|[Gen 9] VGC 2024 Reg H\n|rated|\n|rule|Species Clause: Limit one of each Pok\u00e9mon\n|rule|Item Clause: Limit 1 of each item\n|clearpoke\n|poke|p1|Whimsicott, L50, M|\n|poke|p1|Dragonite, L50, F|\n|poke|p1|Ursaluna-Bloodmoon, L50, M|\n|poke|p1|Gholdengo, L50|\n|poke|p1|Incineroar, L50, F|\n|poke|p1|Annihilape, L50, M|\n|poke|p2|Pelipper, L50, M|\n|poke|p2|Sneasler, L50, F|\n|poke|p2|Archaludon, L50, M|\n|poke|p2|Indeedee, L50, M|\n|poke|p2|Basculegion, L50, M|\n|poke|p2|Talonflame, L50, F|\n|teampreview|4\n|inactive|Battle timer is ON: inactive players will automatically lose when time's up. (requested by grovyleuwu)\n|inactive|VGCLTH Sac gaming also wants the timer to be on.\nVGCLTH Sac gaming rejected open team sheets.\n|\n|t:|1731625949\n|start\n|switch|p1a: Whimsicott|Whimsicott, L50, M|100\/100\n|switch|p1b: Dragonite|Dragonite, L50, F|100\/100\n|switch|p2a: Talonflame|Talonflame, L50, F|100\/100\n|switch|p2b: Archaludon|Archaludon, L50, M|100\/100\n|turn|1\n|inactive|grovyleuwu has 30 seconds left.\n|inactive|grovyleuwu has 20 seconds left.\n|\n|t:|1731625986\n|-terastallize|p2b: Archaludon|Electric\n|move|p2a: Talonflame|Dual Wingbeat|p1b: Dragonite\n|-damage|p1b: Dragonite|92\/100\n|-damage|p1b: Dragonite|73\/100\n|-hitcount|p1b: Dragonite|2\n|move|p1a: Whimsicott|Tailwind|p1a: Whimsicott\n|-sidestart|p1: VGCLTH Sac gaming|move: Tailwind\n|move|p1b: Dragonite|Scale Shot|p2a: Talonflame\n|-damage|p2a: Talonflame|77\/100\n|-damage|p2a: Talonflame|55\/100\n|-damage|p2a: Talonflame|33\/100\n|-damage|p2a: Talonflame|8\/100\n|-hitcount|p2a: Talonflame|4\n|-unboost|p1b: Dragonite|def|1\n|-boost|p1b: Dragonite|spe|1\n|move|p2b: Archaludon|Electro Shot||[still]\n|-prepare|p2b: Archaludon|Electro Shot\n|-boost|p2b: Archaludon|spa|1\n|-enditem|p2b: Archaludon|Power Herb\n|-anim|p2b: Archaludon|Electro Shot|p1b: Dragonite\n|-damage|p1b: Dragonite|0 fnt\n|faint|p1b: Dragonite\n|\n|upkeep\n|\n|t:|1731626004\n|switch|p1b: Ursaluna|Ursaluna-Bloodmoon, L50, M|100\/100\n|turn|2\n|\n|t:|1731626026\n|move|p1a: Whimsicott|Encore|p2b: Archaludon\n|-start|p2b: Archaludon|Encore\n|move|p2a: Talonflame|Tailwind|p2a: Talonflame\n|-sidestart|p2: grovyleuwu|move: Tailwind\n|move|p2b: Archaludon|Electro Shot||[still]\n|-prepare|p2b: Archaludon|Electro Shot\n|-boost|p2b: Archaludon|spa|1\n|move|p1b: Ursaluna|Hyper Voice|p2b: Archaludon|[spread] p2a,p2b\n|-damage|p2a: Talonflame|0 fnt\n|-damage|p2b: Archaludon|40\/100\n|faint|p2a: Talonflame\n|\n|upkeep\n|\n|t:|1731626035\n|switch|p2a: Indeedee|Indeedee, L50, M|100\/100\n|-fieldstart|move: Psychic Terrain|[from] ability: Psychic Surge|[of] p2a: Indeedee\n|turn|3\n|\n|t:|1731626042\n|-terastallize|p1b: Ursaluna|Normal\n|move|p1a: Whimsicott|Moonblast|p2b: Archaludon\n|-crit|p2b: Archaludon\n|-damage|p2b: Archaludon|0 fnt\n|faint|p2b: Archaludon\n|move|p2a: Indeedee|Expanding Force|p1a: Whimsicott|[spread] p1a,p1b\n|-damage|p1a: Whimsicott|14\/100\n|-damage|p1b: Ursaluna|60\/100\n|move|p1b: Ursaluna|Hyper Voice|p2a: Indeedee\n|-damage|p2a: Indeedee|10\/100\n|\n|upkeep\n|\n|t:|1731626052\n|switch|p2b: Pelipper|Pelipper, L50, M|100\/100\n|-weather|RainDance|[from] ability: Drizzle|[of] p2b: Pelipper\n|turn|4\n|\n|t:|1731626072\n|move|p2b: Pelipper|Weather Ball|p1a: Whimsicott\n|-resisted|p1a: Whimsicott\n|-damage|p1a: Whimsicott|0 fnt\n|faint|p1a: Whimsicott\n|move|p2a: Indeedee|Expanding Force|p1b: Ursaluna\n|-damage|p1b: Ursaluna|1\/100\n|move|p1b: Ursaluna|Hyper Voice|p2a: Indeedee|[spread] p2a,p2b\n|-crit|p2a: Indeedee\n|-damage|p2a: Indeedee|0 fnt\n|-damage|p2b: Pelipper|16\/100\n|faint|p2a: Indeedee\n|\n|-weather|RainDance|[upkeep]\n|-sideend|p1: VGCLTH Sac gaming|move: Tailwind\n|upkeep\n|\n|t:|1731626076\n|switch|p1a: Gholdengo|Gholdengo, L50|100\/100\n|turn|5\n|-message|grovyleuwu forfeited.\n|\n|win|VGCLTH Sac gaming\n|raw|VGCLTH Sac gaming's rating: 1725 &rarr; <strong>1748<\/strong><br \/>(+23 for winning)\n|raw|grovyleuwu's rating: 1777 &rarr; <strong>1754<\/strong><br \/>(-23 for losing)\n|l|\u2606grovyleuwu\n|player|p2|\n|j| mr pogostick\n","uploadtime":1731626088,"views":20,"formatid":"gen9vgc2024regh","rating":1748,"private":0,"password":null}