{"id":"gen9vgc2024regh-2244806338","format":"[Gen 9] VGC 2024 Reg H","players":["VGCLTH Ninjaboy","1212kkekrk"],"log":"|raw|<div class=\"broadcast-blue\"><strong>This battle is required to be public due to a player having a name starting with 'vgclth'.<\/div>\n|j|\u203dVGCLTH Ninjaboy\n|j|\u26061212kkekrk\n|t:|1731724364\n|gametype|doubles\n|player|p1|VGCLTH Ninjaboy|preschoolers|1706\n|player|p2|1212kkekrk|170|1713\n|teamsize|p1|6\n|teamsize|p2|6\n|gen|9\n|tier|[Gen 9] VGC 2024 Reg H\n|rated|\n|rule|Species Clause: Limit one of each Pok\u00e9mon\n|rule|Item Clause: Limit 1 of each item\n|clearpoke\n|poke|p1|Kommo-o, L50, F|\n|poke|p1|Dondozo, L50, M|\n|poke|p1|Rillaboom, L50, F|\n|poke|p1|Sneasler, L50, F|\n|poke|p1|Electabuzz, L50, M|\n|poke|p1|Gholdengo, L50|\n|poke|p2|Armarouge, L50, F|\n|poke|p2|Indeedee-F, L50, F|\n|poke|p2|Garchomp, L50, F|\n|poke|p2|Weezing-Galar, L50, F|\n|poke|p2|Maushold-Four, L50|\n|poke|p2|Annihilape, L50, M|\n|teampreview|4\n|\n|t:|1731724388\n|start\n|switch|p1a: Kommo-o|Kommo-o, L50, F|100\/100\n|switch|p1b: Electabuzz|Electabuzz, L50, M|100\/100\n|switch|p2a: Maushold|Maushold-Four, L50|100\/100\n|switch|p2b: Annihilape|Annihilape, L50, M|100\/100\n|turn|1\n|inactive|Battle timer is ON: inactive players will automatically lose when time's up. (requested by 1212kkekrk)\n|\n|t:|1731724394\n|move|p1b: Electabuzz|Follow Me|p1b: Electabuzz\n|-singleturn|p1b: Electabuzz|move: Follow Me\n|move|p2a: Maushold|Taunt|p1b: Electabuzz\n|-start|p1b: Electabuzz|move: Taunt\n|move|p2b: Annihilape|Bulk Up|p2b: Annihilape\n|-boost|p2b: Annihilape|atk|1\n|-boost|p2b: Annihilape|def|1\n|move|p1a: Kommo-o|Clangorous Soul|p1a: Kommo-o\n|-boost|p1a: Kommo-o|atk|1\n|-boost|p1a: Kommo-o|def|1\n|-boost|p1a: Kommo-o|spa|1\n|-boost|p1a: Kommo-o|spd|1\n|-boost|p1a: Kommo-o|spe|1\n|-damage|p1a: Kommo-o|68\/100\n|-enditem|p1a: Kommo-o|Throat Spray\n|-boost|p1a: Kommo-o|spa|1|[from] item: Throat Spray\n|\n|upkeep\n|turn|2\n|inactive|VGCLTH Ninjaboy has 30 seconds left.\n|\n|t:|1731724422\n|-terastallize|p2a: Maushold|Ghost\n|move|p1a: Kommo-o|Protect|p1a: Kommo-o\n|-singleturn|p1a: Kommo-o|Protect\n|move|p2a: Maushold|Beat Up|p2b: Annihilape\n|-damage|p2b: Annihilape|99\/100\n|-damage|p2b: Annihilape|98\/100\n|-damage|p2b: Annihilape|97\/100\n|-damage|p2b: Annihilape|96\/100\n|-hitcount|p2b: Annihilape|4\n|move|p1b: Electabuzz|Electroweb|p2b: Annihilape|[spread] p2a,p2b\n|-damage|p2a: Maushold|82\/100\n|-damage|p2b: Annihilape|87\/100\n|-unboost|p2a: Maushold|spe|1\n|-unboost|p2b: Annihilape|spe|1\n|-ability|p2b: Annihilape|Defiant|boost\n|-boost|p2b: Annihilape|atk|2\n|move|p2b: Annihilape|Rage Fist|p1a: Kommo-o\n|-activate|p1a: Kommo-o|move: Protect\n|\n|-heal|p2b: Annihilape|93\/100|[from] item: Leftovers\n|upkeep\n|turn|3\n|\n|t:|1731724439\n|move|p1a: Kommo-o|Clanging Scales|p2a: Maushold|[spread] p2a,p2b\n|-damage|p2a: Maushold|1\/100\n|-damage|p2b: Annihilape|47\/100\n|-unboost|p1a: Kommo-o|def|1\n|move|p1b: Electabuzz|Electroweb|p2a: Maushold|[spread] p2a,p2b\n|-damage|p2a: Maushold|0 fnt\n|-damage|p2b: Annihilape|38\/100\n|-unboost|p2b: Annihilape|spe|1\n|-ability|p2b: Annihilape|Defiant|boost\n|-boost|p2b: Annihilape|atk|2\n|faint|p2a: Maushold\n|move|p2b: Annihilape|Rage Fist|p1a: Kommo-o\n|-damage|p1a: Kommo-o|0 fnt\n|faint|p1a: Kommo-o\n|\n|-heal|p2b: Annihilape|44\/100|[from] item: Leftovers\n|upkeep\n|\n|t:|1731724449\n|switch|p2a: Indeedee|Indeedee-F, L50, F|100\/100\n|switch|p1a: Rillaboom|Rillaboom, L50, F|100\/100\n|-fieldstart|move: Grassy Terrain|[from] ability: Grassy Surge|[of] p1a: Rillaboom\n|-fieldstart|move: Psychic Terrain|[from] ability: Psychic Surge|[of] p2a: Indeedee\n|turn|4\n|\n|t:|1731724460\n|move|p2b: Annihilape|Protect|p2b: Annihilape\n|-singleturn|p2b: Annihilape|Protect\n|move|p1b: Electabuzz|Electroweb|p2a: Indeedee|[spread] p2a\n|-activate|p2b: Annihilape|move: Protect\n|-damage|p2a: Indeedee|85\/100\n|-unboost|p2a: Indeedee|spe|1\n|move|p1a: Rillaboom|Wood Hammer|p2a: Indeedee\n|-damage|p2a: Indeedee|30\/100\n|-damage|p1a: Rillaboom|84\/100|[from] Recoil\n|move|p2a: Indeedee|Trick Room|p2a: Indeedee\n|-fieldstart|move: Trick Room|[of] p2a: Indeedee\n|\n|-heal|p2b: Annihilape|50\/100|[from] item: Leftovers\n|-end|p1b: Electabuzz|move: Taunt\n|upkeep\n|turn|5\n|\n|t:|1731724473\n|switch|p1a: Dondozo|Dondozo, L50, M|100\/100\n|move|p2a: Indeedee|Helping Hand|p2b: Annihilape\n|-singleturn|p2b: Annihilape|Helping Hand|[of] p2a: Indeedee\n|move|p1b: Electabuzz|Protect|p1b: Electabuzz\n|-singleturn|p1b: Electabuzz|Protect\n|move|p2b: Annihilape|Drain Punch|p1b: Electabuzz\n|-activate|p1b: Electabuzz|move: Protect\n|\n|-heal|p2b: Annihilape|56\/100|[from] item: Leftovers\n|upkeep\n|turn|6\n|\n|t:|1731724492\n|switch|p1b: Rillaboom|Rillaboom, L50, F|84\/100\n|-fieldstart|move: Grassy Terrain|[from] ability: Grassy Surge|[of] p1b: Rillaboom\n|move|p2a: Indeedee|Helping Hand|p2b: Annihilape\n|-singleturn|p2b: Annihilape|Helping Hand|[of] p2a: Indeedee\n|move|p1a: Dondozo|Yawn|p2b: Annihilape\n|-start|p2b: Annihilape|move: Yawn|[of] p1a: Dondozo\n|move|p2b: Annihilape|Rage Fist|p1a: Dondozo\n|-damage|p1a: Dondozo|0 fnt\n|faint|p1a: Dondozo\n|\n|-heal|p2a: Indeedee|37\/100|[from] Grassy Terrain\n|-heal|p2b: Annihilape|62\/100|[from] Grassy Terrain\n|-heal|p2b: Annihilape|68\/100|[from] item: Leftovers\n|-heal|p1b: Rillaboom|90\/100|[from] Grassy Terrain\n|upkeep\n|\n|t:|1731724502\n|switch|p1a: Electabuzz|Electabuzz, L50, M|100\/100\n|turn|7\n|\n|t:|1731724515\n|switch|p2a: Armarouge|Armarouge, L50, F|100\/100\n|move|p1a: Electabuzz|Follow Me|p1a: Electabuzz\n|-singleturn|p1a: Electabuzz|move: Follow Me\n|move|p2b: Annihilape|Drain Punch|p1a: Electabuzz\n|-damage|p1a: Electabuzz|7\/100\n|-heal|p2b: Annihilape|100\/100|[from] drain|[of] p1a: Electabuzz\n|move|p1b: Rillaboom|Wood Hammer|p2b: Annihilape\n|-damage|p2b: Annihilape|48\/100\n|-damage|p1b: Rillaboom|71\/100|[from] Recoil\n|\n|-heal|p2b: Annihilape|53\/100|[from] Grassy Terrain\n|-heal|p2b: Annihilape|59\/100|[from] item: Leftovers\n|-heal|p1b: Rillaboom|77\/100|[from] Grassy Terrain\n|-heal|p1a: Electabuzz|13\/100|[from] Grassy Terrain\n|-end|p2b: Annihilape|move: Yawn|[silent]\n|-status|p2b: Annihilape|slp\n|upkeep\n|turn|8\n|\n|t:|1731724528\n|switch|p2b: Indeedee|Indeedee-F, L50, F|37\/100\n|-fieldstart|move: Psychic Terrain|[from] ability: Psychic Surge|[of] p2b: Indeedee\n|-terastallize|p1b: Rillaboom|Fire\n|move|p1a: Electabuzz|Helping Hand|p1b: Rillaboom\n|-singleturn|p1b: Rillaboom|Helping Hand|[of] p1a: Electabuzz\n|move|p2a: Armarouge|Expanding Force|p1a: Electabuzz|[spread] p1a,p1b\n|-damage|p1a: Electabuzz|0 fnt\n|-damage|p1b: Rillaboom|26\/100\n|faint|p1a: Electabuzz\n|-damage|p2a: Armarouge|91\/100|[from] item: Life Orb\n|move|p1b: Rillaboom|High Horsepower|p2a: Armarouge\n|-supereffective|p2a: Armarouge\n|-damage|p2a: Armarouge|0 fnt\n|faint|p2a: Armarouge\n|\n|-fieldend|move: Trick Room\n|upkeep\n|j| stewpeed\n|\n|t:|1731724541\n|switch|p2a: Annihilape|Annihilape, L50, M|59\/100 slp\n|turn|9\n|\n|t:|1731724546\n|move|p2b: Indeedee|Protect|p2b: Indeedee\n|-singleturn|p2b: Indeedee|Protect\n|cant|p2a: Annihilape|slp\n|move|p1b: Rillaboom|High Horsepower|p2b: Indeedee\n|-activate|p2b: Indeedee|move: Protect\n|\n|-heal|p2a: Annihilape|65\/100 slp|[from] item: Leftovers\n|upkeep\n|turn|10\n|\n|t:|1731724554\n|move|p2b: Indeedee|Protect||[still]\n|-fail|p2b: Indeedee\n|cant|p2a: Annihilape|slp\n|move|p1b: Rillaboom|Wood Hammer|p2a: Annihilape\n|-damage|p2a: Annihilape|9\/100 slp\n|-damage|p1b: Rillaboom|5\/100|[from] Recoil\n|\n|-heal|p2a: Annihilape|15\/100 slp|[from] item: Leftovers\n|upkeep\n|turn|11\n|\n|t:|1731724562\n|move|p2b: Indeedee|Follow Me|p2b: Indeedee\n|-singleturn|p2b: Indeedee|move: Follow Me\n|cant|p2a: Annihilape|slp\n|move|p1b: Rillaboom|High Horsepower|p2b: Indeedee\n|-damage|p2b: Indeedee|8\/100\n|\n|-heal|p2a: Annihilape|21\/100 slp|[from] item: Leftovers\n|upkeep\n|turn|12\n|\n|t:|1731724569\n|move|p2b: Indeedee|Follow Me|p2b: Indeedee\n|-singleturn|p2b: Indeedee|move: Follow Me\n|-curestatus|p2a: Annihilape|slp|[msg]\n|move|p2a: Annihilape|Rage Fist|p1b: Rillaboom\n|-damage|p1b: Rillaboom|0 fnt\n|faint|p1b: Rillaboom\n|\n|win|1212kkekrk\n|raw|VGCLTH Ninjaboy's rating: 1706 &rarr; <strong>1686<\/strong><br \/>(-20 for losing)\n|raw|1212kkekrk's rating: 1713 &rarr; <strong>1733<\/strong><br \/>(+20 for winning)\n|l|\u26061212kkekrk\n|player|p2|\n|l| stewpeed\n","uploadtime":1731724715,"views":12,"formatid":"gen9vgc2024regh","rating":1686,"private":0,"password":null}