{"id":"gen9vgc2024regh-2244243051","format":"[Gen 9] VGC 2024 Reg H","players":["VGCLTH fangame10","lastmake"],"log":"|raw|<div class=\"broadcast-blue\"><strong>This battle is required to be public due to a player having a name starting with 'vgclth'.<\/div>\n|j|\u2606VGCLTH fangame10\n|j|\u2606lastmake\n|t:|1731652658\n|gametype|doubles\n|player|p1|VGCLTH fangame10|red|1786\n|player|p2|lastmake|169|1748\n|teamsize|p1|6\n|teamsize|p2|6\n|gen|9\n|tier|[Gen 9] VGC 2024 Reg H\n|rated|\n|rule|Species Clause: Limit one of each Pok\u00e9mon\n|rule|Item Clause: Limit 1 of each item\n|clearpoke\n|poke|p1|Glaceon, L50, F|\n|poke|p1|Ninetales-Alola, L50, F|\n|poke|p1|Milotic, L50, M|\n|poke|p1|Skeledirge, L50, M|\n|poke|p1|Ursaluna-Bloodmoon, L50, M|\n|poke|p1|Annihilape, L50, M|\n|poke|p2|Pelipper, L50, F|\n|poke|p2|Ursaluna, L50, M|\n|poke|p2|Archaludon, L50, F|\n|poke|p2|Sinistcha-Masterpiece, L50|\n|poke|p2|Dragonite, L50, M|\n|poke|p2|Basculegion, L50, M|\n|teampreview|4\n|inactive|Battle timer is ON: inactive players will automatically lose when time's up. (requested by VGCLTH fangame10)\n|\n|t:|1731652685\n|start\n|switch|p1a: Milotic|Milotic, L50, M, shiny|100\/100\n|switch|p1b: Annihilape|Annihilape, L50, M, shiny|100\/100\n|switch|p2a: Basculegion|Basculegion, L50, M|100\/100\n|switch|p2b: Archaludon|Archaludon, L50, F|100\/100\n|turn|1\n|\n|t:|1731652700\n|switch|p2b: Pelipper|Pelipper, L50, F|100\/100\n|-weather|RainDance|[from] ability: Drizzle|[of] p2b: Pelipper\n|move|p1b: Annihilape|Protect|p1b: Annihilape\n|-singleturn|p1b: Annihilape|Protect\n|move|p2a: Basculegion|Wave Crash|p1b: Annihilape\n|-activate|p1b: Annihilape|move: Protect\n|move|p1a: Milotic|Hypnosis|p2a: Basculegion|[miss]\n|-miss|p1a: Milotic|p2a: Basculegion\n|\n|-weather|RainDance|[upkeep]\n|upkeep\n|turn|2\n|\n|t:|1731652721\n|switch|p1b: Ninetales|Ninetales-Alola, L50, F, shiny|100\/100\n|-weather|Snow|[from] ability: Snow Warning|[of] p1b: Ninetales\n|switch|p2b: Archaludon|Archaludon, L50, F|100\/100\n|move|p2a: Basculegion|Wave Crash|p1b: Ninetales\n|-damage|p1b: Ninetales|18\/100\n|-damage|p2a: Basculegion|79\/100|[from] Recoil\n|move|p1a: Milotic|Coil|p1a: Milotic\n|-boost|p1a: Milotic|atk|1\n|-boost|p1a: Milotic|def|1\n|-boost|p1a: Milotic|accuracy|1\n|\n|-weather|Snow|[upkeep]\n|upkeep\n|turn|3\n|\n|t:|1731652746\n|switch|p2b: Pelipper|Pelipper, L50, F|100\/100\n|-weather|RainDance|[from] ability: Drizzle|[of] p2b: Pelipper\n|move|p1b: Ninetales|Protect|p1b: Ninetales\n|-singleturn|p1b: Ninetales|Protect\n|move|p2a: Basculegion|Wave Crash|p1b: Ninetales\n|-activate|p1b: Ninetales|move: Protect\n|move|p1a: Milotic|Hypnosis|p2a: Basculegion\n|-status|p2a: Basculegion|slp|[from] move: Hypnosis\n|\n|-weather|RainDance|[upkeep]\n|upkeep\n|turn|4\n|\n|t:|1731652772\n|cant|p2a: Basculegion|slp\n|move|p1b: Ninetales|Blizzard|p2b: Pelipper|[spread] p2b\n|-miss|p1b: Ninetales|p2a: Basculegion\n|-damage|p2b: Pelipper|49\/100\n|move|p1a: Milotic|Coil|p1a: Milotic\n|-boost|p1a: Milotic|atk|1\n|-boost|p1a: Milotic|def|1\n|-boost|p1a: Milotic|accuracy|1\n|move|p2b: Pelipper|Tailwind|p2b: Pelipper\n|-sidestart|p2: lastmake|move: Tailwind\n|\n|-weather|RainDance|[upkeep]\n|upkeep\n|turn|5\n|\n|t:|1731652790\n|switch|p1b: Glaceon|Glaceon, L50, F, shiny|100\/100\n|move|p2b: Pelipper|Protect|p2b: Pelipper\n|-singleturn|p2b: Pelipper|Protect\n|cant|p2a: Basculegion|slp\n|move|p1a: Milotic|Hypnosis|p2b: Pelipper\n|-activate|p2b: Pelipper|move: Protect\n|\n|-weather|RainDance|[upkeep]\n|upkeep\n|turn|6\n|\n|t:|1731652805\n|switch|p2b: Archaludon|Archaludon, L50, F|100\/100\n|-curestatus|p2a: Basculegion|slp|[msg]\n|move|p2a: Basculegion|Wave Crash|p1b: Glaceon\n|-damage|p1b: Glaceon|0 fnt\n|faint|p1b: Glaceon\n|-damage|p2a: Basculegion|50\/100|[from] Recoil\n|move|p1a: Milotic|Hypnosis|p2b: Archaludon\n|-status|p2b: Archaludon|slp|[from] move: Hypnosis\n|\n|-weather|RainDance|[upkeep]\n|upkeep\n|\n|t:|1731652810\n|switch|p1b: Annihilape|Annihilape, L50, M, shiny|100\/100\n|turn|7\n|\n|t:|1731652828\n|-terastallize|p1a: Milotic|Grass\n|move|p1b: Annihilape|Protect|p1b: Annihilape\n|-singleturn|p1b: Annihilape|Protect\n|move|p2a: Basculegion|Wave Crash|p1b: Annihilape\n|-activate|p1b: Annihilape|move: Protect\n|cant|p2b: Archaludon|slp\n|move|p1a: Milotic|Hypnosis|p2a: Basculegion\n|-status|p2a: Basculegion|slp|[from] move: Hypnosis\n|\n|-weather|none\n|-sideend|p2: lastmake|move: Tailwind\n|upkeep\n|turn|8\n|inactive|VGCLTH fangame10 has 30 seconds left.\n|inactive|lastmake has 30 seconds left.\n|\n|t:|1731652862\n|switch|p2a: Ursaluna|Ursaluna, L50, M|100\/100\n|switch|p1a: Ninetales|Ninetales-Alola, L50, F, shiny|18\/100\n|-weather|Snow|[from] ability: Snow Warning|[of] p1a: Ninetales\n|move|p1b: Annihilape|Bulk Up|p1b: Annihilape\n|-boost|p1b: Annihilape|atk|1\n|-boost|p1b: Annihilape|def|1\n|cant|p2b: Archaludon|slp\n|\n|-weather|Snow|[upkeep]\n|-status|p2a: Ursaluna|brn|[from] item: Flame Orb\n|upkeep\n|turn|9\n|j| uppercut vgc\n|j| AlabamaChristian\n|inactive|lastmake has 30 seconds left.\n|\n|t:|1731652890\n|switch|p2b: Pelipper|Pelipper, L50, F|49\/100\n|-weather|RainDance|[from] ability: Drizzle|[of] p2b: Pelipper\n|-terastallize|p2a: Ursaluna|Water\n|move|p1a: Ninetales|Icicle Spear|p1b: Annihilape\n|-damage|p1b: Annihilape|96\/100\n|-damage|p1b: Annihilape|92\/100\n|-damage|p1b: Annihilape|88\/100\n|-damage|p1b: Annihilape|83\/100\n|-damage|p1b: Annihilape|79\/100\n|-hitcount|p1b: Annihilape|5\n|move|p1b: Annihilape|Rage Fist|p2b: Pelipper\n|-damage|p2b: Pelipper|0 fnt\n|faint|p2b: Pelipper\n|move|p2a: Ursaluna|Facade|p1a: Ninetales\n|-damage|p1a: Ninetales|0 fnt\n|faint|p1a: Ninetales\n|\n|-weather|RainDance|[upkeep]\n|-heal|p1b: Annihilape|85\/100|[from] item: Leftovers\n|-damage|p2a: Ursaluna|94\/100 brn|[from] brn\n|upkeep\n|l| uppercut vgc\n|\n|t:|1731652914\n|switch|p1a: Milotic|Milotic, L50, M, shiny, tera:Grass|100\/100\n|switch|p2b: Archaludon|Archaludon, L50, F|100\/100 slp\n|turn|10\n|\n|t:|1731652922\n|move|p1b: Annihilape|Rage Fist|p2a: Ursaluna\n|-crit|p2a: Ursaluna\n|-damage|p2a: Ursaluna|0 fnt\n|faint|p2a: Ursaluna\n|move|p1a: Milotic|Coil|p1a: Milotic\n|-boost|p1a: Milotic|atk|1\n|-boost|p1a: Milotic|def|1\n|-boost|p1a: Milotic|accuracy|1\n|-curestatus|p2b: Archaludon|slp|[msg]\n|move|p2b: Archaludon|Electro Shot||[still]\n|-prepare|p2b: Archaludon|Electro Shot\n|-boost|p2b: Archaludon|spa|1\n|-anim|p2b: Archaludon|Electro Shot|p1b: Annihilape\n|-damage|p1b: Annihilape|23\/100\n|\n|-weather|RainDance|[upkeep]\n|-heal|p1b: Annihilape|29\/100|[from] item: Leftovers\n|upkeep\n|\n|t:|1731652938\n|switch|p2a: Basculegion|Basculegion, L50, M|50\/100 slp\n|turn|11\n|\n|t:|1731652950\n|cant|p2a: Basculegion|slp\n|move|p1b: Annihilape|Rage Fist|p2b: Archaludon\n|-damage|p2b: Archaludon|0 fnt\n|faint|p2b: Archaludon\n|move|p1a: Milotic|Life Dew||[still]|[spread] p1a,p1b\n|-fail|p1a: Milotic|heal\n|-heal|p1b: Annihilape|54\/100\n|\n|-weather|RainDance|[upkeep]\n|-heal|p1b: Annihilape|60\/100|[from] item: Leftovers\n|upkeep\n|turn|12\n|-message|lastmake forfeited.\n|\n|win|VGCLTH fangame10\n|raw|VGCLTH fangame10's rating: 1786 &rarr; <strong>1804<\/strong><br \/>(+18 for winning)\n|raw|lastmake's rating: 1748 &rarr; <strong>1730<\/strong><br \/>(-18 for losing)\n|l|\u2606lastmake\n|player|p2|\n","uploadtime":1731652962,"views":25,"formatid":"gen9vgc2024regh","rating":1730,"private":0,"password":null}