{"id":"gen9vgc2024regh-2244215387","format":"[Gen 9] VGC 2024 Reg H","players":["VGCLTH NOTREALVGC","jayjazZa"],"log":"|raw|<div class=\"broadcast-blue\"><strong>This battle is required to be public due to a player having a name starting with 'vgclth'.<\/div>\n|j|\u2606VGCLTH NOTREALVGC\n|j|\u2606jayjazZa\n|t:|1731647417\n|gametype|doubles\n|player|p1|VGCLTH NOTREALVGC|dawn|1716\n|player|p2|jayjazZa|1|1723\n|teamsize|p1|6\n|teamsize|p2|6\n|gen|9\n|tier|[Gen 9] VGC 2024 Reg H\n|rated|\n|rule|Species Clause: Limit one of each Pok\u00e9mon\n|rule|Item Clause: Limit 1 of each item\n|clearpoke\n|poke|p1|Indeedee, L50, M|\n|poke|p1|Dondozo, L50, M|\n|poke|p1|Talonflame, L50, M|\n|poke|p1|Tatsugiri, L50, M|\n|poke|p1|Sneasler, L50, M|\n|poke|p1|Ursaluna-Bloodmoon, L50, M|\n|poke|p2|Dondozo, L50, M|\n|poke|p2|Tatsugiri, L50, F|\n|poke|p2|Sneasler, L50, F|\n|poke|p2|Indeedee, L50, M|\n|poke|p2|Archaludon, L50, F|\n|poke|p2|Pelipper, L50, F|\n|teampreview|4\n|inactive|Battle timer is ON: inactive players will automatically lose when time's up. (requested by jayjazZa)\n|inactive|VGCLTH NOTREALVGC also wants the timer to be on.\nVGCLTH NOTREALVGC has agreed to open team sheets.\n|j| VGCLTH TnB\n|inactive|VGCLTH NOTREALVGC has 60 seconds left.\n|\n|t:|1731647455\n|start\n|switch|p1a: Dondozo|Dondozo, L50, M|100\/100\n|switch|p1b: Indeedee|Indeedee, L50, M|100\/100\n|switch|p2a: Indeedee|Indeedee, L50, M|100\/100\n|switch|p2b: Sneasler|Sneasler, L50, F|100\/100\n|-fieldstart|move: Psychic Terrain|[from] ability: Psychic Surge|[of] p2a: Indeedee\n|-enditem|p2b: Sneasler|Psychic Seed\n|-boost|p2b: Sneasler|spd|1|[from] item: Psychic Seed\n|turn|1\n|\n|t:|1731647468\n|switch|p1b: Tatsugiri|Tatsugiri, L50, M|100\/100\n|-activate|p1b: Tatsugiri|ability: Commander|[of] p1a: Dondozo\n|-boost|p1a: Dondozo|atk|2\n|-boost|p1a: Dondozo|spa|2\n|-boost|p1a: Dondozo|spe|2\n|-boost|p1a: Dondozo|def|2\n|-boost|p1a: Dondozo|spd|2\n|-terastallize|p2b: Sneasler|Dark\n|move|p2b: Sneasler|Dire Claw|p1a: Dondozo\n|-damage|p1a: Dondozo|83\/100\n|-status|p1a: Dondozo|slp\n|cant|p1a: Dondozo|slp\n|move|p2a: Indeedee|Expanding Force|p1a: Dondozo|[spread] p1a\n|-miss|p2a: Indeedee|p1b: Tatsugiri\n|-damage|p1a: Dondozo|51\/100 slp\n|\n|-heal|p1a: Dondozo|57\/100 slp|[from] item: Leftovers\n|upkeep\n|turn|2\n|j| mr pogostick\n|\n|t:|1731647482\n|move|p2b: Sneasler|Close Combat|p1a: Dondozo\n|-damage|p1a: Dondozo|33\/100 slp\n|-unboost|p2b: Sneasler|def|1\n|-unboost|p2b: Sneasler|spd|1\n|cant|p1a: Dondozo|slp\n|move|p2a: Indeedee|Expanding Force|p1b: Tatsugiri|[spread] p1a\n|-miss|p2a: Indeedee|p1b: Tatsugiri\n|-damage|p1a: Dondozo|5\/100 slp\n|\n|-heal|p1a: Dondozo|12\/100 slp|[from] item: Leftovers\n|upkeep\n|turn|3\n|\n|t:|1731647497\n|-curestatus|p1a: Dondozo|slp|[msg]\n|move|p1a: Dondozo|Protect|p1a: Dondozo\n|-singleturn|p1a: Dondozo|Protect\n|move|p2b: Sneasler|Close Combat|p1a: Dondozo\n|-activate|p1a: Dondozo|move: Protect\n|move|p2a: Indeedee|Expanding Force|p1b: Tatsugiri|[spread] \n|-miss|p2a: Indeedee|p1b: Tatsugiri\n|-activate|p1a: Dondozo|move: Protect\n|\n|-heal|p1a: Dondozo|18\/100|[from] item: Leftovers\n|upkeep\n|turn|4\n|\n|t:|1731647508\n|move|p1a: Dondozo|Protect||[still]\n|-fail|p1a: Dondozo\n|move|p2b: Sneasler|Close Combat|p1a: Dondozo\n|-damage|p1a: Dondozo|0 fnt\n|-unboost|p2b: Sneasler|def|1\n|-unboost|p2b: Sneasler|spd|1\n|faint|p1a: Dondozo\n|move|p2a: Indeedee|Expanding Force|p1b: Tatsugiri\n|-damage|p1b: Tatsugiri|2\/100\n|\n|upkeep\n|\n|t:|1731647511\n|switch|p1a: Sneasler|Sneasler, L50, M|100\/100\n|-enditem|p1a: Sneasler|Psychic Seed\n|-boost|p1a: Sneasler|spd|1|[from] item: Psychic Seed\n|turn|5\n|\n|t:|1731647527\n|-terastallize|p1a: Sneasler|Dark\n|move|p2b: Sneasler|Dire Claw|p1b: Tatsugiri\n|-damage|p1b: Tatsugiri|0 fnt\n|faint|p1b: Tatsugiri\n|move|p1a: Sneasler|Close Combat|p2b: Sneasler\n|-supereffective|p2b: Sneasler\n|-damage|p2b: Sneasler|0 fnt\n|-unboost|p1a: Sneasler|def|1\n|-unboost|p1a: Sneasler|spd|1\n|faint|p2b: Sneasler\n|move|p2a: Indeedee|Expanding Force|p1a: Sneasler\n|-immune|p1a: Sneasler\n|\n|-fieldend|move: Psychic Terrain\n|upkeep\n|\n|t:|1731647530\n|switch|p2b: Dondozo|Dondozo, L50, M|100\/100\n|switch|p1b: Indeedee|Indeedee, L50, M|100\/100\n|-fieldstart|move: Psychic Terrain|[from] ability: Psychic Surge|[of] p1b: Indeedee\n|turn|6\n|\n|t:|1731647543\n|switch|p2a: Tatsugiri|Tatsugiri, L50, F|100\/100\n|-activate|p2a: Tatsugiri|ability: Commander|[of] p2b: Dondozo\n|-boost|p2b: Dondozo|atk|2\n|-boost|p2b: Dondozo|spa|2\n|-boost|p2b: Dondozo|spe|2\n|-boost|p2b: Dondozo|def|2\n|-boost|p2b: Dondozo|spd|2\n|move|p1a: Sneasler|Dire Claw|p2b: Dondozo\n|-damage|p2b: Dondozo|84\/100\n|-status|p2b: Dondozo|slp\n|cant|p2b: Dondozo|slp\n|move|p1b: Indeedee|Expanding Force|p2b: Dondozo|[spread] p2b\n|-miss|p1b: Indeedee|p2a: Tatsugiri\n|-damage|p2b: Dondozo|52\/100 slp\n|\n|-heal|p2b: Dondozo|59\/100 slp|[from] item: Leftovers\n|upkeep\n|turn|7\n|c|\u2606VGCLTH NOTREALVGC|xD\n|\n|t:|1731647549\n|move|p1a: Sneasler|Close Combat|p2b: Dondozo\n|-crit|p2b: Dondozo\n|-damage|p2b: Dondozo|0 fnt\n|-unboost|p1a: Sneasler|def|1\n|-unboost|p1a: Sneasler|spd|1\n|faint|p2b: Dondozo\n|move|p1b: Indeedee|Expanding Force|p2a: Tatsugiri\n|-crit|p2a: Tatsugiri\n|-damage|p2a: Tatsugiri|0 fnt\n|faint|p2a: Tatsugiri\n|\n|upkeep\n|c|\u2606VGCLTH NOTREALVGC|ok ya\n|c|\u2606VGCLTH NOTREALVGC|gg\n|c|\u2606jayjazZa|Hahahaahh I deserved that\n|\n|t:|1731647561\n|switch|p2b: Indeedee|Indeedee, L50, M|100\/100\n|turn|8\n|-message|jayjazZa forfeited.\n|\n|win|VGCLTH NOTREALVGC\n|raw|VGCLTH NOTREALVGC's rating: 1716 &rarr; <strong>1736<\/strong><br \/>(+20 for winning)\n|raw|jayjazZa's rating: 1723 &rarr; <strong>1703<\/strong><br \/>(-20 for losing)\n|l|\u2606jayjazZa\n|player|p2|\n|l|\u2606VGCLTH NOTREALVGC\n|player|p1|\n|l| VGCLTH TnB\n|l| mr pogostick\n|j| VGCLTH R0gue\n|l| VGCLTH R0gue\n","uploadtime":1731647795,"views":25,"formatid":"gen9vgc2024regh","rating":1703,"private":0,"password":null}