{"id":"gen9vgc2024regh-2244737099","format":"[Gen 9] VGC 2024 Reg H","players":["don't use magmar","VGCLTH low laddr"],"log":"|raw|<div class=\"broadcast-blue\"><strong>This battle is required to be public due to a player having a name starting with 'vgclth'.<\/div>\n|j|\u2606don't use magmar\n|j|\u2606VGCLTH low laddr\n|t:|1731715097\n|gametype|doubles\n|player|p1|don't use magmar|lucas|1828\n|player|p2|VGCLTH low laddr|lucas|1860\n|teamsize|p1|6\n|teamsize|p2|6\n|gen|9\n|tier|[Gen 9] VGC 2024 Reg H\n|rated|\n|rule|Species Clause: Limit one of each Pok\u00e9mon\n|rule|Item Clause: Limit 1 of each item\n|clearpoke\n|poke|p1|Incineroar, L50, M|\n|poke|p1|Amoonguss, L50, F|\n|poke|p1|Gholdengo, L50|\n|poke|p1|Palafin, L50, F|\n|poke|p1|Dragapult, L50, F|\n|poke|p1|Ursaluna-Bloodmoon, L50, M|\n|poke|p2|Dondozo, L50, M|\n|poke|p2|Tatsugiri, L50, F|\n|poke|p2|Sneasler, L50, F|\n|poke|p2|Indeedee, L50, M|\n|poke|p2|Talonflame, L50, F|\n|poke|p2|Ursaluna-Bloodmoon, L50, M|\n|teampreview|4\n|inactive|Battle timer is ON: inactive players will automatically lose when time's up. (requested by VGCLTH low laddr)\nVGCLTH low laddr has agreed to open team sheets.\n|inactive|VGCLTH low laddr has 60 seconds left.\n|inactive|VGCLTH low laddr has 30 seconds left.\n|inactive|VGCLTH low laddr has 20 seconds left.\n|\n|t:|1731715171\n|start\n|switch|p1a: Ursaluna|Ursaluna-Bloodmoon, L50, M|100\/100\n|switch|p1b: Amoonguss|Amoonguss, L50, F|100\/100\n|switch|p2a: Sneasler|Sneasler, L50, F|100\/100\n|switch|p2b: Indeedee|Indeedee, L50, M|100\/100\n|-fieldstart|move: Psychic Terrain|[from] ability: Psychic Surge|[of] p2b: Indeedee\n|-enditem|p2a: Sneasler|Psychic Seed\n|-boost|p2a: Sneasler|spd|1|[from] item: Psychic Seed\n|turn|1\n|inactive|don't use magmar has 30 seconds left.\n|\n|t:|1731715205\n|switch|p1a: Incineroar|Incineroar, L50, M|100\/100\n|-ability|p1a: Incineroar|Intimidate|boost\n|-unboost|p2a: Sneasler|atk|1\n|-unboost|p2b: Indeedee|atk|1\n|-terastallize|p2b: Indeedee|Psychic\n|-terastallize|p1b: Amoonguss|Psychic\n|move|p2a: Sneasler|Dire Claw|p1b: Amoonguss\n|-damage|p1b: Amoonguss|77\/100\n|move|p2b: Indeedee|Expanding Force|p1b: Amoonguss|[spread] p1b\n|-immune|p1a: Incineroar\n|-resisted|p1b: Amoonguss\n|-damage|p1b: Amoonguss|48\/100\n|-enditem|p1b: Amoonguss|Sitrus Berry|[eat]\n|-heal|p1b: Amoonguss|73\/100|[from] item: Sitrus Berry\n|move|p1b: Amoonguss|Spore|p2a: Sneasler\n|-status|p2a: Sneasler|slp|[from] move: Spore\n|\n|upkeep\n|turn|2\n|\n|t:|1731715229\n|move|p2b: Indeedee|Protect|p2b: Indeedee\n|-singleturn|p2b: Indeedee|Protect\n|cant|p2a: Sneasler|slp\n|move|p1a: Incineroar|Flare Blitz|p2a: Sneasler\n|-damage|p2a: Sneasler|4\/100 slp\n|-damage|p1a: Incineroar|76\/100|[from] Recoil\n|move|p1b: Amoonguss|Spore|p2b: Indeedee\n|-activate|p2b: Indeedee|move: Protect\n|\n|upkeep\n|turn|3\n|\n|t:|1731715242\n|cant|p2a: Sneasler|slp\n|move|p2b: Indeedee|Expanding Force|p1b: Amoonguss|[spread] p1b\n|-immune|p1a: Incineroar\n|-resisted|p1b: Amoonguss\n|-damage|p1b: Amoonguss|43\/100\n|move|p1a: Incineroar|Parting Shot|p2a: Sneasler\n|-unboost|p2a: Sneasler|atk|1\n|-unboost|p2a: Sneasler|spa|1\n|\n|t:|1731715245\n|switch|p1a: Dragapult|Dragapult, L50, F|100\/100|[from] Parting Shot\n|move|p1b: Amoonguss|Spore|p2b: Indeedee\n|-status|p2b: Indeedee|slp|[from] move: Spore\n|\n|upkeep\n|turn|4\n|\n|t:|1731715257\n|cant|p2a: Sneasler|slp\n|move|p1a: Dragapult|Dragon Darts|p2a: Sneasler\n|-damage|p2a: Sneasler|0 fnt\n|-anim|p1a: Dragapult|Dragon Darts|p2b: Indeedee\n|-crit|p2b: Indeedee\n|-enditem|p2b: Indeedee|Focus Sash\n|-damage|p2b: Indeedee|1\/100 slp\n|faint|p2a: Sneasler\n|cant|p2b: Indeedee|slp\n|move|p1b: Amoonguss|Sludge Bomb|p2b: Indeedee\n|-damage|p2b: Indeedee|0 fnt\n|faint|p2b: Indeedee\n|\n|upkeep\n|\n|t:|1731715259\n|switch|p2a: Dondozo|Dondozo, L50, M|100\/100\n|switch|p2b: Tatsugiri|Tatsugiri, L50, F, shiny|100\/100\n|-activate|p2b: Tatsugiri|ability: Commander|[of] p2a: Dondozo\n|-boost|p2a: Dondozo|atk|2\n|-boost|p2a: Dondozo|spa|2\n|-boost|p2a: Dondozo|spe|2\n|-boost|p2a: Dondozo|def|2\n|-boost|p2a: Dondozo|spd|2\n|turn|5\n|\n|t:|1731715267\n|switch|p1b: Incineroar|Incineroar, L50, M|76\/100\n|-ability|p1b: Incineroar|Intimidate|boost\n|-unboost|p2a: Dondozo|atk|1\n|-unboost|p2b: Tatsugiri|atk|1\n|move|p1a: Dragapult|Dragon Darts|p2a: Dondozo\n|-damage|p2a: Dondozo|87\/100\n|-anim|p1a: Dragapult|Dragon Darts|p2a: Dondozo\n|-damage|p2a: Dondozo|72\/100\n|move|p2a: Dondozo|Wave Crash|p1b: Incineroar\n|-supereffective|p1b: Incineroar\n|-damage|p1b: Incineroar|0 fnt\n|faint|p1b: Incineroar\n|-damage|p2a: Dondozo|50\/100|[from] Recoil\n|\n|-heal|p2a: Dondozo|56\/100|[from] item: Leftovers\n|-fieldend|move: Psychic Terrain\n|upkeep\n|\n|t:|1731715271\n|switch|p1b: Amoonguss|Amoonguss, L50, F, tera:Psychic|77\/100\n|turn|6\n|-message|VGCLTH low laddr forfeited.\n|\n|win|don't use magmar\n|raw|don&apos;t use magmar's rating: 1828 &rarr; <strong>1850<\/strong><br \/>(+22 for winning)\n|raw|VGCLTH low laddr's rating: 1860 &rarr; <strong>1838<\/strong><br \/>(-22 for losing)\n|l|\u2606VGCLTH low laddr\n|player|p2|\n|l|\u2606don't use magmar\n|player|p1|\n","uploadtime":1731715481,"views":123,"formatid":"gen9vgc2024regh","rating":1838,"private":0,"password":null}