{"id":"gen9vgc2024regh-2244657997","format":"[Gen 9] VGC 2024 Reg H","players":["VGCLTH Ninjaboy","vgclth papaneth"],"log":"|raw|<div class=\"broadcast-blue\"><strong>This battle is required to be public due to a player having a name starting with 'vgclth'.<\/div>\n|j|\u2606VGCLTH Ninjaboy\n|j|\u2606vgclth papaneth\n|t:|1731705745\n|gametype|doubles\n|player|p1|VGCLTH Ninjaboy|preschoolers|1698\n|player|p2|vgclth papaneth|rood|1665\n|teamsize|p1|6\n|teamsize|p2|6\n|gen|9\n|tier|[Gen 9] VGC 2024 Reg H\n|rated|\n|rule|Species Clause: Limit one of each Pok\u00e9mon\n|rule|Item Clause: Limit 1 of each item\n|clearpoke\n|poke|p1|Kommo-o, L50, M|\n|poke|p1|Dondozo, L50, M|\n|poke|p1|Rillaboom, L50, F|\n|poke|p1|Sneasler, L50, F|\n|poke|p1|Electabuzz, L50, M|\n|poke|p1|Gholdengo, L50|\n|poke|p2|Tyranitar, L50, M|\n|poke|p2|Gengar, L50, M|\n|poke|p2|Kommo-o, L50, F|\n|poke|p2|Rillaboom, L50, M|\n|poke|p2|Annihilape, L50, M|\n|poke|p2|Illumise, L50, F|\n|teampreview|4\n|inactive|Battle timer is ON: inactive players will automatically lose when time's up. (requested by vgclth papaneth)\n|j| volcaronavgc\n|inactive|VGCLTH Ninjaboy has 60 seconds left.\n|l| volcaronavgc\n|inactive|VGCLTH Ninjaboy has 30 seconds left.\n|inactive|VGCLTH Ninjaboy has 20 seconds left.\n|inactive|VGCLTH Ninjaboy has 15 seconds left.\n|inactive|vgclth papaneth has 60 seconds left.\n|inactive|vgclth papaneth has 30 seconds left.\n|j| girl latias\n|\n|t:|1731705869\n|start\n|switch|p1a: Kommo-o|Kommo-o, L50, M|100\/100\n|switch|p1b: Electabuzz|Electabuzz, L50, M|100\/100\n|switch|p2a: Annihilape|Annihilape, L50, M|100\/100\n|switch|p2b: Rillaboom|Rillaboom, L50, M|100\/100\n|-fieldstart|move: Grassy Terrain|[from] ability: Grassy Surge|[of] p2b: Rillaboom\n|turn|1\n|\n|t:|1731705884\n|move|p1b: Electabuzz|Protect|p1b: Electabuzz\n|-singleturn|p1b: Electabuzz|Protect\n|move|p1a: Kommo-o|Protect|p1a: Kommo-o\n|-singleturn|p1a: Kommo-o|Protect\n|move|p2a: Annihilape|U-turn|p1b: Electabuzz\n|-activate|p1b: Electabuzz|move: Protect\n|move|p2b: Rillaboom|Wood Hammer|p1b: Electabuzz\n|-activate|p1b: Electabuzz|move: Protect\n|\n|upkeep\n|turn|2\n|\n|t:|1731705903\n|switch|p2a: Kommo-o|Kommo-o, L50, F|100\/100\n|-terastallize|p1a: Kommo-o|Fire\n|move|p1b: Electabuzz|Electroweb|p2b: Rillaboom|[spread] p2a,p2b\n|-resisted|p2a: Kommo-o\n|-resisted|p2b: Rillaboom\n|-damage|p2a: Kommo-o|93\/100\n|-damage|p2b: Rillaboom|92\/100\n|-unboost|p2a: Kommo-o|spe|1\n|-unboost|p2b: Rillaboom|spe|1\n|move|p1a: Kommo-o|Clangorous Soul|p1a: Kommo-o\n|-boost|p1a: Kommo-o|atk|1\n|-boost|p1a: Kommo-o|def|1\n|-boost|p1a: Kommo-o|spa|1\n|-boost|p1a: Kommo-o|spd|1\n|-boost|p1a: Kommo-o|spe|1\n|-damage|p1a: Kommo-o|68\/100\n|-enditem|p1a: Kommo-o|Throat Spray\n|-boost|p1a: Kommo-o|spa|1|[from] item: Throat Spray\n|move|p2b: Rillaboom|Wood Hammer|p1b: Electabuzz\n|-damage|p1b: Electabuzz|0 fnt\n|faint|p1b: Electabuzz\n|-damage|p2b: Rillaboom|61\/100|[from] Recoil\n|\n|-heal|p1a: Kommo-o|74\/100|[from] Grassy Terrain\n|-heal|p2a: Kommo-o|99\/100|[from] Grassy Terrain\n|-heal|p2b: Rillaboom|67\/100|[from] Grassy Terrain\n|upkeep\n|\n|t:|1731705916\n|switch|p1b: Sneasler|Sneasler, L50, F|100\/100\n|turn|3\n|\n|t:|1731705939\n|move|p1b: Sneasler|Fake Out|p2a: Kommo-o\n|-damage|p2a: Kommo-o|85\/100\n|move|p1a: Kommo-o|Clangorous Soul|p1a: Kommo-o\n|-boost|p1a: Kommo-o|atk|1\n|-boost|p1a: Kommo-o|def|1\n|-boost|p1a: Kommo-o|spa|1\n|-boost|p1a: Kommo-o|spd|1\n|-boost|p1a: Kommo-o|spe|1\n|-damage|p1a: Kommo-o|41\/100\n|cant|p2a: Kommo-o|flinch\n|move|p2b: Rillaboom|Wood Hammer|p1a: Kommo-o\n|-resisted|p1a: Kommo-o\n|-damage|p1a: Kommo-o|15\/100\n|-damage|p2b: Rillaboom|58\/100|[from] Recoil\n|\n|-heal|p1a: Kommo-o|21\/100|[from] Grassy Terrain\n|-heal|p2a: Kommo-o|91\/100|[from] Grassy Terrain\n|-heal|p2b: Rillaboom|65\/100|[from] Grassy Terrain\n|upkeep\n|turn|4\n|inactive|VGCLTH Ninjaboy has 30 seconds left.\n|\n|t:|1731705967\n|move|p1a: Kommo-o|Protect|p1a: Kommo-o\n|-singleturn|p1a: Kommo-o|Protect\n|move|p1b: Sneasler|Close Combat|p2a: Kommo-o\n|-damage|p2a: Kommo-o|31\/100\n|-unboost|p1b: Sneasler|def|1\n|-unboost|p1b: Sneasler|spd|1\n|move|p2a: Kommo-o|Clanging Scales|p1b: Sneasler|[spread] p1b\n|-activate|p1a: Kommo-o|move: Protect\n|-enditem|p1b: Sneasler|Focus Sash\n|-damage|p1b: Sneasler|1\/100\n|-unboost|p2a: Kommo-o|def|1\n|-damage|p2a: Kommo-o|21\/100|[from] item: Life Orb\n|move|p2b: Rillaboom|Wood Hammer|p1a: Kommo-o\n|-activate|p1a: Kommo-o|move: Protect\n|\n|-heal|p1b: Sneasler|7\/100|[from] Grassy Terrain\n|-heal|p1a: Kommo-o|27\/100|[from] Grassy Terrain\n|-heal|p2a: Kommo-o|27\/100|[from] Grassy Terrain\n|-heal|p2b: Rillaboom|71\/100|[from] Grassy Terrain\n|upkeep\n|turn|5\n|\n|t:|1731705976\n|move|p1b: Sneasler|Close Combat|p2a: Kommo-o\n|-damage|p2a: Kommo-o|0 fnt\n|-unboost|p1b: Sneasler|def|1\n|-unboost|p1b: Sneasler|spd|1\n|faint|p2a: Kommo-o\n|move|p1a: Kommo-o|Flamethrower|p2b: Rillaboom\n|-supereffective|p2b: Rillaboom\n|-damage|p2b: Rillaboom|0 fnt\n|faint|p2b: Rillaboom\n|\n|-heal|p1b: Sneasler|13\/100|[from] Grassy Terrain\n|-heal|p1a: Kommo-o|32\/100|[from] Grassy Terrain\n|-fieldend|move: Grassy Terrain\n|upkeep\n|\n|t:|1731705979\n|switch|p2a: Annihilape|Annihilape, L50, M|100\/100\n|switch|p2b: Tyranitar|Tyranitar, L50, M, shiny|100\/100\n|-weather|Sandstorm|[from] ability: Sand Stream|[of] p2b: Tyranitar\n|turn|6\n|\n|t:|1731705988\n|-terastallize|p2b: Tyranitar|Flying\n|move|p1b: Sneasler|Close Combat|p2b: Tyranitar\n|-resisted|p2b: Tyranitar\n|-damage|p2b: Tyranitar|76\/100\n|-unboost|p1b: Sneasler|def|1\n|-unboost|p1b: Sneasler|spd|1\n|move|p1a: Kommo-o|Clangorous Soul||[still]\n|-fail|p1a: Kommo-o\n|move|p2a: Annihilape|Close Combat|p1a: Kommo-o\n|-damage|p1a: Kommo-o|12\/100\n|-unboost|p2a: Annihilape|def|1\n|-unboost|p2a: Annihilape|spd|1\n|move|p2b: Tyranitar|Rock Slide|p1a: Kommo-o|[spread] p1a,p1b\n|-supereffective|p1a: Kommo-o\n|-resisted|p1b: Sneasler\n|-damage|p1a: Kommo-o|0 fnt\n|-damage|p1b: Sneasler|0 fnt\n|faint|p1a: Kommo-o\n|faint|p1b: Sneasler\n|\n|-weather|Sandstorm|[upkeep]\n|-damage|p2a: Annihilape|95\/100|[from] Sandstorm\n|-damage|p2b: Tyranitar|70\/100|[from] Sandstorm\n|upkeep\n|\n|t:|1731706012\n|switch|p1b: Dondozo|Dondozo, L50, M|100\/100\n|turn|7\n|\n|t:|1731706018\n|move|p2a: Annihilape|Close Combat|p1b: Dondozo\n|-damage|p1b: Dondozo|70\/100\n|-unboost|p2a: Annihilape|def|1\n|-unboost|p2a: Annihilape|spd|1\n|move|p2b: Tyranitar|Knock Off|p1b: Dondozo\n|-damage|p1b: Dondozo|38\/100\n|-enditem|p1b: Dondozo|Leftovers|[from] move: Knock Off|[of] p2b: Tyranitar\n|move|p1b: Dondozo|Yawn|p2b: Tyranitar\n|-start|p2b: Tyranitar|move: Yawn|[of] p1b: Dondozo\n|\n|-weather|Sandstorm|[upkeep]\n|-damage|p2a: Annihilape|89\/100|[from] Sandstorm\n|-damage|p2b: Tyranitar|64\/100|[from] Sandstorm\n|-damage|p1b: Dondozo|32\/100|[from] Sandstorm\n|upkeep\n|turn|8\n|c|\u2606VGCLTH Ninjaboy|Worst misclick ever\n|c|\u2606vgclth papaneth|i was gonna say\n|c|\u2606vgclth papaneth|that had to be a misclick\n|inactive|VGCLTH Ninjaboy has 30 seconds left.\n|c| girl latias|F\n|c|\u2606VGCLTH Ninjaboy|I played this so correct, fuck man\n|inactive|VGCLTH Ninjaboy has 20 seconds left.\n|inactive|VGCLTH Ninjaboy has 15 seconds left.\n|-message|VGCLTH Ninjaboy forfeited.\n|\n|win|vgclth papaneth\n|raw|VGCLTH Ninjaboy's rating: 1698 &rarr; <strong>1676<\/strong><br \/>(-22 for losing)\n|raw|vgclth papaneth's rating: 1665 &rarr; <strong>1687<\/strong><br \/>(+22 for winning)\n|l|\u2606vgclth papaneth\n|player|p2|\n|l| girl latias\n|j| girl latias\n|l| girl latias\n","uploadtime":1731706217,"views":9,"formatid":"gen9vgc2024regh","rating":1676,"private":0,"password":null}