{"id":"gen9vgc2024regh-2245263334","format":"[Gen 9] VGC 2024 Reg H","players":["VGCLTH fangame10","redgannetVGC"],"log":"|raw|<div class=\"broadcast-blue\"><strong>This battle is required to be public due to a player having a name starting with 'vgclth'.<\/div>\n|j|\u2606VGCLTH fangame10\n|j|\u2606redgannetVGC\n|t:|1731796934\n|gametype|doubles\n|player|p1|VGCLTH fangame10|red|1738\n|player|p2|redgannetVGC|marlon|1736\n|teamsize|p1|6\n|teamsize|p2|6\n|gen|9\n|tier|[Gen 9] VGC 2024 Reg H\n|rated|\n|rule|Species Clause: Limit one of each Pok\u00e9mon\n|rule|Item Clause: Limit 1 of each item\n|clearpoke\n|poke|p1|Glaceon, L50, F|\n|poke|p1|Ninetales-Alola, L50, F|\n|poke|p1|Milotic, L50, M|\n|poke|p1|Skeledirge, L50, M|\n|poke|p1|Ursaluna-Bloodmoon, L50, M|\n|poke|p1|Annihilape, L50, M|\n|poke|p2|Ninetales-Alola, L50, F|\n|poke|p2|Dragonite, L50, F|\n|poke|p2|Gholdengo, L50|\n|poke|p2|Magmar, L50, F|\n|poke|p2|Ursaluna-Bloodmoon, L50, M|\n|poke|p2|Annihilape, L50, F|\n|teampreview|4\n|inactive|Battle timer is ON: inactive players will automatically lose when time's up. (requested by VGCLTH fangame10)\n|inactive|VGCLTH fangame10 has 60 seconds left.\n|inactive|redgannetVGC has 60 seconds left.\n|j| jdarcan\n|inactive|redgannetVGC has 30 seconds left.\n|inactive|redgannetVGC has 20 seconds left.\n|inactive|redgannetVGC has 15 seconds left.\n|inactive|redgannetVGC has 10 seconds left.\n|inactive|redgannetVGC has 5 seconds left.\n|\n|t:|1731797023\n|start\n|switch|p1a: Ninetales|Ninetales-Alola, L50, F, shiny|100\/100\n|switch|p1b: Ursaluna|Ursaluna-Bloodmoon, L50, M|100\/100\n|switch|p2a: Ninetales|Ninetales-Alola, L50, F|100\/100\n|switch|p2b: Gholdengo|Gholdengo, L50|100\/100\n|-weather|Snow|[from] ability: Snow Warning|[of] p1a: Ninetales\n|turn|1\n|\n|t:|1731797032\n|move|p1a: Ninetales|Aurora Veil|p1a: Ninetales\n|-sidestart|p1: VGCLTH fangame10|move: Aurora Veil\n|move|p2a: Ninetales|Aurora Veil|p2a: Ninetales\n|-sidestart|p2: redgannetVGC|move: Aurora Veil\n|move|p2b: Gholdengo|Make It Rain|p1a: Ninetales|[spread] p1a,p1b\n|-supereffective|p1a: Ninetales\n|-damage|p1a: Ninetales|0 fnt\n|-damage|p1b: Ursaluna|75\/100\n|-unboost|p2b: Gholdengo|spa|1\n|faint|p1a: Ninetales\n|move|p1b: Ursaluna|Earth Power|p2b: Gholdengo\n|-supereffective|p2b: Gholdengo\n|-damage|p2b: Gholdengo|27\/100\n|\n|-weather|Snow|[upkeep]\n|upkeep\n|inactive|VGCLTH fangame10 has 30 seconds left.\n|\n|t:|1731797059\n|switch|p1a: Milotic|Milotic, L50, M, shiny|100\/100\n|turn|2\n|\n|t:|1731797075\n|switch|p2b: Annihilape|Annihilape, L50, F|100\/100\n|-terastallize|p1b: Ursaluna|Normal\n|move|p2a: Ninetales|Blizzard|p1a: Milotic|[spread] p1a,p1b\n|-resisted|p1a: Milotic\n|-damage|p1a: Milotic|95\/100\n|-damage|p1b: Ursaluna|62\/100\n|move|p1a: Milotic|Hypnosis|p2a: Ninetales\n|-status|p2a: Ninetales|slp|[from] move: Hypnosis\n|move|p1b: Ursaluna|Hyper Voice|p2a: Ninetales|[spread] p2a,p2b\n|-damage|p2a: Ninetales|62\/100 slp\n|-damage|p2b: Annihilape|68\/100\n|\n|-weather|Snow|[upkeep]\n|upkeep\n|turn|3\n|\n|t:|1731797097\n|move|p2b: Annihilape|Protect|p2b: Annihilape\n|-singleturn|p2b: Annihilape|Protect\n|cant|p2a: Ninetales|slp\n|move|p1a: Milotic|Life Dew|p1a: Milotic|[spread] p1a,p1b\n|-heal|p1a: Milotic|100\/100\n|-heal|p1b: Ursaluna|87\/100\n|move|p1b: Ursaluna|Blood Moon|p2b: Annihilape\n|-activate|p2b: Annihilape|move: Protect\n|\n|-weather|Snow|[upkeep]\n|upkeep\n|turn|4\n|\n|t:|1731797113\n|switch|p2b: Gholdengo|Gholdengo, L50|27\/100\n|cant|p2a: Ninetales|slp\n|move|p1a: Milotic|Hypnosis|p2b: Gholdengo\n|-immune|p2b: Gholdengo|[from] ability: Good as Gold\n|move|p1b: Ursaluna|Hyper Voice|p2b: Gholdengo|[spread] p2a,p2b\n|-resisted|p2b: Gholdengo\n|-damage|p2a: Ninetales|23\/100 slp\n|-damage|p2b: Gholdengo|9\/100\n|\n|-weather|Snow|[upkeep]\n|upkeep\n|turn|5\n|\n|t:|1731797130\n|-curestatus|p2a: Ninetales|slp|[msg]\n|move|p2a: Ninetales|Encore|p1a: Milotic\n|-start|p1a: Milotic|Encore\n|move|p1a: Milotic|Hypnosis|p2b: Gholdengo\n|-immune|p2b: Gholdengo|[from] ability: Good as Gold\n|move|p2b: Gholdengo|Make It Rain|p1a: Milotic|[spread] p1a,p1b\n|-resisted|p1a: Milotic\n|-damage|p1a: Milotic|88\/100\n|-damage|p1b: Ursaluna|63\/100\n|-unboost|p2b: Gholdengo|spa|1\n|move|p1b: Ursaluna|Hyper Voice|p2b: Gholdengo|[spread] p2a,p2b\n|-resisted|p2b: Gholdengo\n|-damage|p2a: Ninetales|0 fnt\n|-damage|p2b: Gholdengo|0 fnt\n|faint|p2a: Ninetales\n|faint|p2b: Gholdengo\n|\n|-weather|none\n|-sideend|p1: VGCLTH fangame10|move: Aurora Veil\n|upkeep\n|\n|t:|1731797141\n|switch|p2a: Annihilape|Annihilape, L50, F|68\/100\n|switch|p2b: Magmar|Magmar, L50, F|100\/100\n|turn|6\n|\n|t:|1731797161\n|switch|p1a: Annihilape|Annihilape, L50, M, shiny|100\/100\n|move|p2b: Magmar|Follow Me|p2b: Magmar\n|-singleturn|p2b: Magmar|move: Follow Me\n|move|p2a: Annihilape|Bulk Up|p2a: Annihilape\n|-boost|p2a: Annihilape|atk|1\n|-boost|p2a: Annihilape|def|1\n|move|p1b: Ursaluna|Earth Power|p2b: Magmar\n|-supereffective|p2b: Magmar\n|-damage|p2b: Magmar|47\/100\n|\n|upkeep\n|turn|7\n|inactive|VGCLTH fangame10 has 30 seconds left.\n|\n|t:|1731797189\n|move|p1b: Ursaluna|Vacuum Wave|p1a: Annihilape\n|-damage|p1a: Annihilape|86\/100\n|move|p1a: Annihilape|Bulk Up|p1a: Annihilape\n|-boost|p1a: Annihilape|atk|1\n|-boost|p1a: Annihilape|def|1\n|move|p2a: Annihilape|Drain Punch|p1b: Ursaluna\n|-supereffective|p1b: Ursaluna\n|-damage|p1b: Ursaluna|0 fnt\n|-heal|p2a: Annihilape|99\/100|[from] drain|[of] p1b: Ursaluna\n|faint|p1b: Ursaluna\n|move|p2b: Magmar|Overheat|p1a: Annihilape|[miss]\n|-miss|p2b: Magmar|p1a: Annihilape\n|\n|-heal|p1a: Annihilape|92\/100|[from] item: Leftovers\n|upkeep\n|\n|t:|1731797192\n|switch|p1b: Milotic|Milotic, L50, M, shiny|88\/100\n|turn|8\n|inactive|redgannetVGC has 30 seconds left.\n|\n|t:|1731797221\n|-terastallize|p2a: Annihilape|Water\n|move|p2b: Magmar|Protect|p2b: Magmar\n|-singleturn|p2b: Magmar|Protect\n|move|p2a: Annihilape|Bulk Up|p2a: Annihilape\n|-boost|p2a: Annihilape|atk|1\n|-boost|p2a: Annihilape|def|1\n|move|p1a: Annihilape|Bulk Up|p1a: Annihilape\n|-boost|p1a: Annihilape|atk|1\n|-boost|p1a: Annihilape|def|1\n|move|p1b: Milotic|Life Dew|p1b: Milotic|[spread] p1a,p1b\n|-heal|p1a: Annihilape|100\/100\n|-heal|p1b: Milotic|100\/100\n|\n|-sideend|p2: redgannetVGC|move: Aurora Veil\n|upkeep\n|turn|9\n|\n|t:|1731797239\n|move|p2a: Annihilape|Rage Fist|p1b: Milotic\n|-damage|p1b: Milotic|11\/100\n|-enditem|p1b: Milotic|Sitrus Berry|[eat]\n|-heal|p1b: Milotic|36\/100|[from] item: Sitrus Berry\n|move|p1a: Annihilape|Rage Fist|p2b: Magmar\n|-damage|p2b: Magmar|0 fnt\n|faint|p2b: Magmar\n|move|p1b: Milotic|Hypnosis|p2a: Annihilape\n|-status|p2a: Annihilape|slp|[from] move: Hypnosis\n|\n|upkeep\n|turn|10\n|\n|t:|1731797250\n|cant|p2a: Annihilape|slp\n|move|p1a: Annihilape|Bulk Up|p1a: Annihilape\n|-boost|p1a: Annihilape|atk|1\n|-boost|p1a: Annihilape|def|1\n|move|p1b: Milotic|Coil|p1b: Milotic\n|-boost|p1b: Milotic|atk|1\n|-boost|p1b: Milotic|def|1\n|-boost|p1b: Milotic|accuracy|1\n|\n|upkeep\n|turn|11\n|\n|t:|1731797260\n|move|p1a: Annihilape|Bulk Up|p1a: Annihilape\n|-boost|p1a: Annihilape|atk|1\n|-boost|p1a: Annihilape|def|1\n|-curestatus|p2a: Annihilape|slp|[msg]\n|move|p2a: Annihilape|Rage Fist|p1b: Milotic\n|-damage|p1b: Milotic|0 fnt\n|faint|p1b: Milotic\n|\n|upkeep\n|turn|12\n|\n|t:|1731797269\n|move|p2a: Annihilape|Bulk Up|p2a: Annihilape\n|-boost|p2a: Annihilape|atk|1\n|-boost|p2a: Annihilape|def|1\n|move|p1a: Annihilape|Rage Fist|p2a: Annihilape\n|-damage|p2a: Annihilape|51\/100\n|\n|upkeep\n|turn|13\n|\n|t:|1731797275\n|move|p2a: Annihilape|Bulk Up|p2a: Annihilape\n|-boost|p2a: Annihilape|atk|1\n|-boost|p2a: Annihilape|def|1\n|move|p1a: Annihilape|Bulk Up|p1a: Annihilape\n|-boost|p1a: Annihilape|atk|1\n|-boost|p1a: Annihilape|def|1\n|\n|upkeep\n|turn|14\n|\n|t:|1731797280\n|move|p2a: Annihilape|Bulk Up|p2a: Annihilape\n|-boost|p2a: Annihilape|atk|1\n|-boost|p2a: Annihilape|def|1\n|move|p1a: Annihilape|Rage Fist|p2a: Annihilape\n|-damage|p2a: Annihilape|9\/100\n|\n|upkeep\n|turn|15\n|\n|t:|1731797285\n|move|p1a: Annihilape|Rage Fist|p2a: Annihilape\n|-damage|p2a: Annihilape|0 fnt\n|faint|p2a: Annihilape\n|\n|win|VGCLTH fangame10\n|raw|VGCLTH fangame10's rating: 1738 &rarr; <strong>1758<\/strong><br \/>(+20 for winning)\n|raw|redgannetVGC's rating: 1736 &rarr; <strong>1716<\/strong><br \/>(-20 for losing)\n|l|\u2606VGCLTH fangame10\n|player|p1|\n|l|\u2606redgannetVGC\n|player|p2|\n","uploadtime":1731797516,"views":12,"formatid":"gen9vgc2024regh","rating":1716,"private":0,"password":null}