{"id":"gen9vgc2024regh-2245486020","format":"[Gen 9] VGC 2024 Reg H","players":["spikemonkey76701","VGCLTH fangame"],"log":"|raw|<div class=\"broadcast-blue\"><strong>This battle is required to be public due to a player having a name starting with 'vgclth'.<\/div>\n|j|\u2606spikemonkey76701\n|j|\u2606VGCLTH fangame\n|t:|1731830756\n|gametype|doubles\n|player|p1|spikemonkey76701|swimmerf|1771\n|player|p2|VGCLTH fangame|red|1809\n|teamsize|p1|6\n|teamsize|p2|6\n|gen|9\n|tier|[Gen 9] VGC 2024 Reg H\n|rated|\n|rule|Species Clause: Limit one of each Pok\u00e9mon\n|rule|Item Clause: Limit 1 of each item\n|clearpoke\n|poke|p1|Primarina, L50, M|\n|poke|p1|Pelipper, L50, M|\n|poke|p1|Ursaluna, L50, F|\n|poke|p1|Archaludon, L50, M|\n|poke|p1|Sinistcha, L50|\n|poke|p1|Sneasler, L50, M|\n|poke|p2|Glaceon, L50, F|\n|poke|p2|Ninetales-Alola, L50, F|\n|poke|p2|Milotic, L50, M|\n|poke|p2|Incineroar, L50, F|\n|poke|p2|Ursaluna-Bloodmoon, L50, M|\n|poke|p2|Annihilape, L50, M|\n|teampreview|4\n|inactive|Battle timer is ON: inactive players will automatically lose when time's up. (requested by VGCLTH fangame)\n|inactive|spikemonkey76701 has 60 seconds left.\n|\n|t:|1731830807\n|start\n|switch|p1a: Archaludon|Archaludon, L50, M|100\/100\n|switch|p1b: Primarina|Primarina, L50, M|100\/100\n|switch|p2a: Glaceon|Glaceon, L50, F, shiny|100\/100\n|switch|p2b: Milotic|Milotic, L50, M, shiny|100\/100\n|turn|1\n|\n|t:|1731830827\n|move|p2b: Milotic|Hypnosis|p1a: Archaludon|[miss]\n|-miss|p2b: Milotic|p1a: Archaludon\n|move|p2a: Glaceon|Freeze-Dry|p1b: Primarina\n|-supereffective|p1b: Primarina\n|-damage|p1b: Primarina|0 fnt\n|faint|p1b: Primarina\n|move|p1a: Archaludon|Flash Cannon|p2a: Glaceon\n|-supereffective|p2a: Glaceon\n|-damage|p2a: Glaceon|17\/100\n|\n|upkeep\n|\n|t:|1731830839\n|switch|p1b: Sinistcha|Sinistcha, L50|100\/100\n|turn|2\n|\n|t:|1731830851\n|-terastallize|p1b: Sinistcha|Fire\n|move|p2b: Milotic|Hypnosis|p1a: Archaludon\n|-status|p1a: Archaludon|slp|[from] move: Hypnosis\n|move|p2a: Glaceon|Freeze-Dry|p1b: Sinistcha\n|-resisted|p1b: Sinistcha\n|-crit|p1b: Sinistcha\n|-damage|p1b: Sinistcha|58\/100\n|cant|p1a: Archaludon|slp\n|move|p1b: Sinistcha|Trick Room|p1b: Sinistcha\n|-fieldstart|move: Trick Room|[of] p1b: Sinistcha\n|\n|upkeep\n|turn|3\n|\n|t:|1731830867\n|switch|p2a: Incineroar|Incineroar, L50, F, shiny|100\/100\n|-ability|p2a: Incineroar|Intimidate|boost\n|-unboost|p1a: Archaludon|atk|1\n|-unboost|p1b: Sinistcha|atk|1\n|move|p1b: Sinistcha|Matcha Gotcha|p2a: Incineroar|[spread] p2a\n|-miss|p1b: Sinistcha|p2b: Milotic\n|-resisted|p2a: Incineroar\n|-damage|p2a: Incineroar|89\/100\n|-heal|p1b: Sinistcha|65\/100|[from] drain|[of] p2a: Incineroar\n|cant|p1a: Archaludon|slp\n|move|p2b: Milotic|Coil|p2b: Milotic\n|-boost|p2b: Milotic|atk|1\n|-boost|p2b: Milotic|def|1\n|-boost|p2b: Milotic|accuracy|1\n|\n|upkeep\n|turn|4\n|inactive|spikemonkey76701 has 30 seconds left.\n|\n|t:|1731830892\n|switch|p1b: Pelipper|Pelipper, L50, M|100\/100\n|-weather|RainDance|[from] ability: Drizzle|[of] p1b: Pelipper\n|-curestatus|p1a: Archaludon|slp|[msg]\n|move|p1a: Archaludon|Electro Shot||[still]\n|-prepare|p1a: Archaludon|Electro Shot\n|-boost|p1a: Archaludon|spa|1\n|-enditem|p2a: Incineroar|Mirror Herb\n|-boost|p2a: Incineroar|spa|1|[from] item: Mirror Herb\n|-anim|p1a: Archaludon|Electro Shot|p2b: Milotic\n|-supereffective|p2b: Milotic\n|-crit|p2b: Milotic\n|-damage|p2b: Milotic|0 fnt\n|faint|p2b: Milotic\n|move|p2a: Incineroar|Knock Off|p1b: Pelipper\n|-damage|p1b: Pelipper|53\/100\n|-enditem|p1b: Pelipper|Covert Cloak|[from] move: Knock Off|[of] p2a: Incineroar\n|\n|-weather|RainDance|[upkeep]\n|upkeep\n|\n|t:|1731830905\n|switch|p2b: Ninetales|Ninetales-Alola, L50, F, shiny|100\/100\n|-weather|Snow|[from] ability: Snow Warning|[of] p2b: Ninetales\n|turn|5\n|j| god marty\n|\n|t:|1731830920\n|switch|p1b: Sinistcha|Sinistcha, L50, tera:Fire|65\/100\n|move|p2b: Ninetales|Protect|p2b: Ninetales\n|-singleturn|p2b: Ninetales|Protect\n|move|p1a: Archaludon|Flash Cannon|p2b: Ninetales\n|-activate|p2b: Ninetales|move: Protect\n|move|p2a: Incineroar|Parting Shot|p1a: Archaludon\n|-unboost|p1a: Archaludon|atk|1\n|-unboost|p1a: Archaludon|spa|1\n|\n|t:|1731830922\n|switch|p2a: Glaceon|Glaceon, L50, F, shiny|17\/100|[from] Parting Shot\n|\n|-weather|Snow|[upkeep]\n|upkeep\n|turn|6\n|inactive|spikemonkey76701 has 30 seconds left.\n|\n|t:|1731830948\n|switch|p2a: Incineroar|Incineroar, L50, F, shiny|89\/100\n|-ability|p2a: Incineroar|Intimidate|boost\n|-unboost|p1a: Archaludon|atk|1\n|-unboost|p1b: Sinistcha|atk|1\n|-terastallize|p2b: Ninetales|Ghost\n|move|p1b: Sinistcha|Matcha Gotcha|p2a: Incineroar|[spread] p2b\n|-miss|p1b: Sinistcha|p2a: Incineroar\n|-damage|p2b: Ninetales|69\/100\n|-heal|p1b: Sinistcha|79\/100|[from] drain|[of] p2b: Ninetales\n|move|p1a: Archaludon|Flash Cannon|p2b: Ninetales\n|-damage|p2b: Ninetales|25\/100\n|move|p2b: Ninetales|Blizzard|p1a: Archaludon|[spread] p1a,p1b\n|-resisted|p1b: Sinistcha\n|-damage|p1a: Archaludon|78\/100\n|-damage|p1b: Sinistcha|65\/100\n|-ability|p1a: Archaludon|Stamina|boost\n|-boost|p1a: Archaludon|def|1\n|\n|-weather|Snow|[upkeep]\n|-fieldend|move: Trick Room\n|upkeep\n|turn|7\n|inactive|spikemonkey76701 has 30 seconds left.\n|inactive|spikemonkey76701 has 20 seconds left.\n|inactive|spikemonkey76701 has 15 seconds left.\n|\n|t:|1731830992\n|move|p2a: Incineroar|Fake Out|p1b: Sinistcha\n|-damage|p1b: Sinistcha|53\/100\n|move|p2b: Ninetales|Blizzard|p1b: Sinistcha|[spread] p1a,p1b\n|-resisted|p1b: Sinistcha\n|-damage|p1a: Archaludon|55\/100\n|-damage|p1b: Sinistcha|37\/100\n|-ability|p1a: Archaludon|Stamina|boost\n|-boost|p1a: Archaludon|def|1\n|-enditem|p1b: Sinistcha|Sitrus Berry|[eat]\n|-heal|p1b: Sinistcha|62\/100|[from] item: Sitrus Berry\n|move|p1a: Archaludon|Flash Cannon|p2b: Ninetales\n|-damage|p2b: Ninetales|0 fnt\n|faint|p2b: Ninetales\n|cant|p1b: Sinistcha|flinch\n|\n|-weather|Snow|[upkeep]\n|upkeep\n|\n|t:|1731830997\n|switch|p2b: Glaceon|Glaceon, L50, F, shiny|17\/100\n|turn|8\n|\n|t:|1731831014\n|switch|p1b: Pelipper|Pelipper, L50, M|53\/100\n|-weather|RainDance|[from] ability: Drizzle|[of] p1b: Pelipper\n|move|p2a: Incineroar|Knock Off|p1b: Pelipper\n|-damage|p1b: Pelipper|22\/100\n|move|p2b: Glaceon|Blizzard|p1a: Archaludon|[spread] p1b\n|-miss|p2b: Glaceon|p1a: Archaludon\n|-damage|p1b: Pelipper|0 fnt\n|faint|p1b: Pelipper\n|move|p1a: Archaludon|Flash Cannon|p2b: Glaceon\n|-supereffective|p2b: Glaceon\n|-crit|p2b: Glaceon\n|-damage|p2b: Glaceon|0 fnt\n|faint|p2b: Glaceon\n|\n|-weather|RainDance|[upkeep]\n|upkeep\n|-message|VGCLTH fangame forfeited.\n|\n|win|spikemonkey76701\n|raw|spikemonkey76701's rating: 1771 &rarr; <strong>1793<\/strong><br \/>(+22 for winning)\n|raw|VGCLTH fangame's rating: 1809 &rarr; <strong>1787<\/strong><br \/>(-22 for losing)\n|l|\u2606VGCLTH fangame\n|player|p2|\n|l|\u2606spikemonkey76701\n|player|p1|\n|l| god marty\n","uploadtime":1731831240,"views":20,"formatid":"gen9vgc2024regh","rating":1787,"private":0,"password":null}