{"id":"gen9vgc2024regh-2245854310","format":"[Gen 9] VGC 2024 Reg H","players":["VGCLTH TnB","richzonDX"],"log":"|raw|<div class=\"broadcast-blue\"><strong>This battle is required to be public due to a player having a name starting with 'vgclth'.<\/div>\n|j|\u2606VGCLTH TnB\n|j|\u2606richzonDX\n|t:|1731884617\n|gametype|doubles\n|player|p1|VGCLTH TnB|roxanne-masters|1895\n|player|p2|richzonDX|dawn-gen4pt|1826\n|teamsize|p1|6\n|teamsize|p2|6\n|gen|9\n|tier|[Gen 9] VGC 2024 Reg H\n|rated|\n|rule|Species Clause: Limit one of each Pok\u00e9mon\n|rule|Item Clause: Limit 1 of each item\n|clearpoke\n|poke|p1|Klefki, L50, F|\n|poke|p1|Annihilape, L50, M|\n|poke|p1|Archaludon, L50, F|\n|poke|p1|Maushold, L50|\n|poke|p1|Sinistcha, L50|\n|poke|p1|Pelipper, L50, M|\n|poke|p2|Archaludon, L50, M|\n|poke|p2|Incineroar, L50, M|\n|poke|p2|Gholdengo, L50|\n|poke|p2|Dragonite, L50, F|\n|poke|p2|Ursaluna-Bloodmoon, L50, M|\n|poke|p2|Primarina, L50, F|\n|teampreview|4\n|inactive|Battle timer is ON: inactive players will automatically lose when time's up. (requested by VGCLTH TnB)\nVGCLTH TnB has agreed to open team sheets.\n|inactive|VGCLTH TnB has 60 seconds left.\n|\n|t:|1731884652\n|start\n|switch|p1a: Maushold|Maushold, L50|100\/100\n|switch|p1b: Archaludon|Archaludon, L50, F|100\/100\n|switch|p2a: Ursaluna|Ursaluna-Bloodmoon, L50, M|100\/100\n|switch|p2b: Dragonite|Dragonite, L50, F, shiny|100\/100\n|turn|1\n|\n|t:|1731884670\n|move|p1a: Maushold|Beat Up|p1b: Archaludon\n|-damage|p1b: Archaludon|99\/100\n|-ability|p1b: Archaludon|Stamina|boost\n|-boost|p1b: Archaludon|def|1\n|-damage|p1b: Archaludon|97\/100\n|-ability|p1b: Archaludon|Stamina|boost\n|-boost|p1b: Archaludon|def|1\n|-damage|p1b: Archaludon|97\/100\n|-ability|p1b: Archaludon|Stamina|boost\n|-boost|p1b: Archaludon|def|1\n|-damage|p1b: Archaludon|96\/100\n|-ability|p1b: Archaludon|Stamina|boost\n|-boost|p1b: Archaludon|def|1\n|-hitcount|p1b: Archaludon|4\n|move|p2b: Dragonite|Scale Shot|p1a: Maushold\n|-damage|p1a: Maushold|87\/100\n|-damage|p1a: Maushold|73\/100\n|-damage|p1a: Maushold|57\/100\n|-damage|p1a: Maushold|44\/100\n|-hitcount|p1a: Maushold|4\n|-unboost|p2b: Dragonite|def|1\n|-boost|p2b: Dragonite|spe|1\n|move|p2a: Ursaluna|Earth Power|p1a: Maushold\n|-damage|p1a: Maushold|0 fnt\n|faint|p1a: Maushold\n|move|p1b: Archaludon|Body Press|p2a: Ursaluna\n|-supereffective|p2a: Ursaluna\n|-enditem|p2a: Ursaluna|Focus Sash\n|-damage|p2a: Ursaluna|1\/100\n|\n|upkeep\n|inactive|VGCLTH TnB has 30 seconds left.\n|inactive|VGCLTH TnB has 20 seconds left.\n|inactive|VGCLTH TnB has 15 seconds left.\n|inactive|VGCLTH TnB has 10 seconds left.\n|\n|t:|1731884715\n|switch|p1a: Sinistcha|Sinistcha, L50|100\/100\n|-heal|p1b: Archaludon|100\/100|[from] ability: Hospitality|[of] p1a: Sinistcha\n|turn|2\n|inactive|VGCLTH TnB has 30 seconds left.\n|inactive|richzonDX has 30 seconds left.\n|inactive|richzonDX has 20 seconds left.\n|inactive|richzonDX has 15 seconds left.\n|\n|t:|1731884757\n|move|p2b: Dragonite|Scale Shot|p1a: Sinistcha\n|-damage|p1a: Sinistcha|87\/100\n|-damage|p1a: Sinistcha|75\/100\n|-damage|p1a: Sinistcha|61\/100\n|-damage|p1a: Sinistcha|49\/100\n|-enditem|p1a: Sinistcha|Sitrus Berry|[eat]\n|-heal|p1a: Sinistcha|74\/100|[from] item: Sitrus Berry\n|-damage|p1a: Sinistcha|61\/100\n|-hitcount|p1a: Sinistcha|5\n|-unboost|p2b: Dragonite|def|1\n|-boost|p2b: Dragonite|spe|1\n|move|p2a: Ursaluna|Earth Power|p1b: Archaludon\n|-supereffective|p1b: Archaludon\n|-damage|p1b: Archaludon|27\/100\n|-ability|p1b: Archaludon|Stamina|boost\n|-boost|p1b: Archaludon|def|1\n|move|p1b: Archaludon|Dragon Pulse|p2a: Ursaluna\n|-damage|p2a: Ursaluna|0 fnt\n|faint|p2a: Ursaluna\n|move|p1a: Sinistcha|Trick Room|p1a: Sinistcha\n|-fieldstart|move: Trick Room|[of] p1a: Sinistcha\n|\n|upkeep\n|\n|t:|1731884775\n|switch|p2a: Primarina|Primarina, L50, F|100\/100\n|turn|3\n|\n|t:|1731884792\n|-terastallize|p2a: Primarina|Grass\n|move|p1a: Sinistcha|Life Dew|p1a: Sinistcha|[spread] p1a,p1b\n|-heal|p1a: Sinistcha|86\/100\n|-heal|p1b: Archaludon|52\/100\n|move|p2a: Primarina|Moonblast|p1b: Archaludon\n|-damage|p1b: Archaludon|16\/100\n|-ability|p1b: Archaludon|Stamina|boost\n|-boost|p1b: Archaludon|def|1\n|move|p1b: Archaludon|Dragon Pulse|p2b: Dragonite\n|-supereffective|p2b: Dragonite\n|-damage|p2b: Dragonite|57\/100\n|move|p2b: Dragonite|Scale Shot|p1a: Sinistcha|[miss]\n|-miss|p2b: Dragonite|p1a: Sinistcha\n|\n|upkeep\n|turn|4\n|inactive|richzonDX has 30 seconds left.\n|inactive|richzonDX has 20 seconds left.\n|inactive|richzonDX has 15 seconds left.\n|inactive|richzonDX has 10 seconds left.\n|inactive|richzonDX has 5 seconds left.\n|\n|t:|1731884846\n|move|p1a: Sinistcha|Life Dew|p1a: Sinistcha|[spread] p1a,p1b\n|-heal|p1a: Sinistcha|100\/100\n|-heal|p1b: Archaludon|41\/100\n|move|p2a: Primarina|Moonblast|p1b: Archaludon\n|-damage|p1b: Archaludon|3\/100\n|move|p1b: Archaludon|Body Press|p2a: Primarina\n|-damage|p2a: Primarina|0 fnt\n|faint|p2a: Primarina\n|move|p2b: Dragonite|Haze|p2b: Dragonite\n|-clearallboost\n|\n|upkeep\n|\n|t:|1731884855\n|switch|p2a: Gholdengo|Gholdengo, L50, shiny|100\/100\n|turn|5\n|inactive|VGCLTH TnB has 30 seconds left.\n|inactive|richzonDX has 30 seconds left.\n|inactive|VGCLTH TnB has 20 seconds left.\n|\n|t:|1731884895\n|move|p2b: Dragonite|Protect|p2b: Dragonite\n|-singleturn|p2b: Dragonite|Protect\n|move|p1a: Sinistcha|Rage Powder|p1a: Sinistcha\n|-singleturn|p1a: Sinistcha|move: Rage Powder\n|move|p1b: Archaludon|Dragon Pulse|p2b: Dragonite\n|-activate|p2b: Dragonite|move: Protect\n|move|p2a: Gholdengo|Nasty Plot|p2a: Gholdengo\n|-boost|p2a: Gholdengo|spa|2\n|\n|upkeep\n|turn|6\n|\n|t:|1731884918\n|move|p1a: Sinistcha|Curse|p2a: Gholdengo\n|-immune|p2a: Gholdengo|[from] ability: Good as Gold\n|move|p1b: Archaludon|Dragon Pulse|p2b: Dragonite\n|-supereffective|p2b: Dragonite\n|-damage|p2b: Dragonite|0 fnt\n|faint|p2b: Dragonite\n|move|p2a: Gholdengo|Make It Rain|p1b: Archaludon|[spread] p1a,p1b\n|-resisted|p1b: Archaludon\n|-damage|p1a: Sinistcha|4\/100\n|-damage|p1b: Archaludon|0 fnt\n|-unboost|p2a: Gholdengo|spa|1\n|faint|p1b: Archaludon\n|\n|-fieldend|move: Trick Room\n|upkeep\n|\n|t:|1731884922\n|switch|p1b: Pelipper|Pelipper, L50, M|100\/100\n|-weather|RainDance|[from] ability: Drizzle|[of] p1b: Pelipper\n|turn|7\n|inactive|VGCLTH TnB has 30 seconds left.\n|\n|t:|1731884952\n|move|p1b: Pelipper|Protect|p1b: Pelipper\n|-singleturn|p1b: Pelipper|Protect\n|move|p2a: Gholdengo|Make It Rain|p1a: Sinistcha|[spread] p1a\n|-activate|p1b: Pelipper|move: Protect\n|-damage|p1a: Sinistcha|0 fnt\n|-unboost|p2a: Gholdengo|spa|1\n|faint|p1a: Sinistcha\n|\n|-weather|RainDance|[upkeep]\n|upkeep\n|turn|8\n|\n|t:|1731884956\n|move|p2a: Gholdengo|Shadow Ball|p1b: Pelipper\n|-damage|p1b: Pelipper|38\/100\n|move|p1b: Pelipper|Weather Ball|p2a: Gholdengo\n|-damage|p2a: Gholdengo|43\/100\n|\n|-weather|RainDance|[upkeep]\n|upkeep\n|turn|9\n|\n|t:|1731884961\n|move|p2a: Gholdengo|Shadow Ball|p1b: Pelipper\n|-damage|p1b: Pelipper|0 fnt\n|faint|p1b: Pelipper\n|\n|win|richzonDX\n|raw|VGCLTH TnB's rating: 1895 &rarr; <strong>1871<\/strong><br \/>(-24 for losing)\n|raw|richzonDX's rating: 1826 &rarr; <strong>1850<\/strong><br \/>(+24 for winning)\n|l|\u2606richzonDX\n|player|p2|\n|j| Thorsten_123\n","uploadtime":1731885121,"views":118,"formatid":"gen9vgc2024regh","rating":1850,"private":0,"password":null}