{"id":"gen9vgc2024regh-2245759160","format":"[Gen 9] VGC 2024 Reg H","players":["Zordor","jet black polter"],"log":"|j|\u2606Zordor\n|j|\u2606jet black polter\n|t:|1731873465\n|gametype|doubles\n|player|p1|Zordor|pilot|1787\n|player|p2|jet black polter|169|1660\n|teamsize|p1|6\n|teamsize|p2|6\n|gen|9\n|tier|[Gen 9] VGC 2024 Reg H\n|rated|\n|rule|Species Clause: Limit one of each Pok\u00e9mon\n|rule|Item Clause: Limit 1 of each item\n|clearpoke\n|poke|p1|Rotom-Wash, L50|\n|poke|p1|Sneasler, L50, M|\n|poke|p1|Armarouge, L50, M|\n|poke|p1|Venusaur, L50, M|\n|poke|p1|Scizor, L50, F|\n|poke|p1|Dragapult, L50, F|\n|poke|p2|Sneasler, L50, F|\n|poke|p2|Volcarona, L50, M|\n|poke|p2|Garganacl, L50, F|\n|poke|p2|Meowscarada, L50, F|\n|poke|p2|Salamence, L50, F|\n|poke|p2|Kingambit, L50, M|\n|teampreview|4\n|inactive|Battle timer is ON: inactive players will automatically lose when time's up. (requested by jet black polter)\n|inactive|Zordor has 60 seconds left.\n|\n|t:|1731873550\n|start\n|switch|p1a: Sneasler|Sneasler, L50, M|100\/100\n|switch|p1b: Scizor|Scizor, L50, F|100\/100\n|switch|p2a: Salamence|Salamence, L50, F|100\/100\n|switch|p2b: Volcarona|Volcarona, L50, M|100\/100\n|-ability|p2a: Salamence|Intimidate|boost\n|-unboost|p1a: Sneasler|atk|1\n|-unboost|p1b: Scizor|atk|1\n|turn|1\n|\n|t:|1731873566\n|move|p2a: Salamence|Flamethrower|p1b: Scizor\n|-supereffective|p1b: Scizor\n|-damage|p1b: Scizor|0 fnt\n|faint|p1b: Scizor\n|move|p1a: Sneasler|Rock Tomb|p2b: Volcarona\n|-supereffective|p2b: Volcarona\n|-damage|p2b: Volcarona|55\/100\n|move|p2b: Volcarona|Will-O-Wisp|p1a: Sneasler\n|-status|p1a: Sneasler|brn\n|\n|-damage|p1a: Sneasler|94\/100 brn|[from] brn\n|upkeep\n|c|\u2606jet black polter|wow\n|\n|t:|1731873578\n|switch|p1b: Dragapult|Dragapult, L50, F|100\/100\n|turn|2\n|j| TRIPLE RILABOOM\n|\n|t:|1731873590\n|switch|p2a: Garganacl|Garganacl, L50, F|100\/100\n|move|p1b: Dragapult|Dragon Darts|p2a: Garganacl\n|-damage|p2a: Garganacl|84\/100\n|-anim|p1b: Dragapult|Dragon Darts|p2b: Volcarona\n|-damage|p2b: Volcarona|33\/100\n|move|p1a: Sneasler|Close Combat|p2a: Garganacl\n|-supereffective|p2a: Garganacl\n|-damage|p2a: Garganacl|58\/100\n|-unboost|p1a: Sneasler|def|1\n|-unboost|p1a: Sneasler|spd|1\n|move|p2b: Volcarona|Will-O-Wisp|p1b: Dragapult\n|-status|p1b: Dragapult|brn\n|\n|-heal|p2a: Garganacl|64\/100|[from] item: Leftovers\n|-damage|p1b: Dragapult|94\/100 brn|[from] brn\n|-damage|p1a: Sneasler|88\/100 brn|[from] brn\n|upkeep\n|turn|3\n|\n|t:|1731873606\n|switch|p1b: Venusaur|Venusaur, L50, M|100\/100\n|move|p2a: Garganacl|Protect|p2a: Garganacl\n|-singleturn|p2a: Garganacl|Protect\n|move|p1a: Sneasler|Rock Tomb|p2b: Volcarona\n|-supereffective|p2b: Volcarona\n|-damage|p2b: Volcarona|7\/100\n|move|p2b: Volcarona|Fiery Dance|p1a: Sneasler\n|-damage|p1a: Sneasler|21\/100 brn\n|-boost|p2b: Volcarona|spa|1\n|\n|-heal|p2a: Garganacl|70\/100|[from] item: Leftovers\n|-damage|p1a: Sneasler|15\/100 brn|[from] brn\n|upkeep\n|turn|4\n|\n|t:|1731873625\n|-terastallize|p2a: Garganacl|Flying\n|move|p1b: Venusaur|Protect|p1b: Venusaur\n|-singleturn|p1b: Venusaur|Protect\n|move|p1a: Sneasler|Rock Tomb|p2a: Garganacl\n|-supereffective|p2a: Garganacl\n|-damage|p2a: Garganacl|61\/100\n|-unboost|p2a: Garganacl|spe|1\n|move|p2b: Volcarona|Fiery Dance|p1b: Venusaur\n|-activate|p1b: Venusaur|move: Protect\n|move|p2a: Garganacl|Salt Cure|p1b: Venusaur\n|-activate|p1b: Venusaur|move: Protect\n|\n|-heal|p2a: Garganacl|67\/100|[from] item: Leftovers\n|-damage|p1a: Sneasler|9\/100 brn|[from] brn\n|upkeep\n|turn|5\n|\n|t:|1731873635\n|move|p1a: Sneasler|Rock Tomb|p2b: Volcarona\n|-supereffective|p2b: Volcarona\n|-damage|p2b: Volcarona|0 fnt\n|faint|p2b: Volcarona\n|move|p1b: Venusaur|Sludge Bomb|p2a: Garganacl\n|-damage|p2a: Garganacl|40\/100\n|move|p2a: Garganacl|Recover|p2a: Garganacl\n|-heal|p2a: Garganacl|90\/100\n|\n|-heal|p2a: Garganacl|96\/100|[from] item: Leftovers\n|-damage|p1a: Sneasler|3\/100 brn|[from] brn\n|upkeep\n|\n|t:|1731873637\n|switch|p2b: Salamence|Salamence, L50, F|100\/100\n|-ability|p2b: Salamence|Intimidate|boost\n|-unboost|p1a: Sneasler|atk|1\n|-unboost|p1b: Venusaur|atk|1\n|turn|6\n|\n|t:|1731873650\n|move|p1b: Venusaur|Protect|p1b: Venusaur\n|-singleturn|p1b: Venusaur|Protect\n|move|p2b: Salamence|Breaking Swipe|p1a: Sneasler|[spread] p1a\n|-activate|p1b: Venusaur|move: Protect\n|-damage|p1a: Sneasler|0 fnt\n|faint|p1a: Sneasler\n|move|p2a: Garganacl|Salt Cure|p1b: Venusaur\n|-activate|p1b: Venusaur|move: Protect\n|\n|-heal|p2a: Garganacl|100\/100|[from] item: Leftovers\n|upkeep\n|\n|t:|1731873655\n|switch|p1a: Dragapult|Dragapult, L50, F|94\/100 brn\n|turn|7\n|\n|t:|1731873668\n|move|p2b: Salamence|Breaking Swipe|p1b: Venusaur|[spread] p1a,p1b\n|-supereffective|p1a: Dragapult\n|-damage|p1a: Dragapult|51\/100 brn\n|-damage|p1b: Venusaur|80\/100\n|-unboost|p1b: Venusaur|atk|1\n|move|p1a: Dragapult|Dragon Darts|p2a: Garganacl\n|-damage|p2a: Garganacl|92\/100\n|-anim|p1a: Dragapult|Dragon Darts|p2b: Salamence\n|-supereffective|p2b: Salamence\n|-damage|p2b: Salamence|73\/100\n|move|p1b: Venusaur|Sludge Bomb|p2a: Garganacl\n|-damage|p2a: Garganacl|68\/100\n|move|p2a: Garganacl|Salt Cure|p1b: Venusaur\n|-damage|p1b: Venusaur|64\/100\n|-start|p1b: Venusaur|Salt Cure\n|\n|-heal|p1b: Venusaur|71\/100|[from] item: Leftovers\n|-heal|p2a: Garganacl|74\/100|[from] item: Leftovers\n|-damage|p1a: Dragapult|45\/100 brn|[from] brn\n|-damage|p1b: Venusaur|58\/100|[from] Salt Cure\n|upkeep\n|-enditem|p1a: Dragapult|Sitrus Berry|[eat]\n|-heal|p1a: Dragapult|70\/100 brn|[from] item: Sitrus Berry\n|turn|8\n|\n|t:|1731873692\n|move|p2b: Salamence|Breaking Swipe|p1a: Dragapult|[spread] p1a,p1b\n|-supereffective|p1a: Dragapult\n|-damage|p1a: Dragapult|27\/100 brn\n|-damage|p1b: Venusaur|36\/100\n|-unboost|p1b: Venusaur|atk|1\n|move|p1a: Dragapult|Dragon Darts|p2b: Salamence\n|-supereffective|p2b: Salamence\n|-damage|p2b: Salamence|43\/100\n|-anim|p1a: Dragapult|Dragon Darts|p2a: Garganacl\n|-damage|p2a: Garganacl|67\/100\n|move|p1b: Venusaur|Sludge Bomb|p2b: Salamence\n|-damage|p2b: Salamence|0 fnt\n|faint|p2b: Salamence\n|move|p2a: Garganacl|Salt Cure|p1a: Dragapult\n|-damage|p1a: Dragapult|12\/100 brn\n|-start|p1a: Dragapult|Salt Cure\n|\n|-heal|p1b: Venusaur|42\/100|[from] item: Leftovers\n|-heal|p2a: Garganacl|72\/100|[from] item: Leftovers\n|-damage|p1a: Dragapult|5\/100 brn|[from] brn\n|-damage|p1a: Dragapult|0 fnt|[from] Salt Cure\n|faint|p1a: Dragapult\n|-damage|p1b: Venusaur|30\/100|[from] Salt Cure\n|upkeep\n|\n|t:|1731873695\n|switch|p2b: Meowscarada|Meowscarada, L50, F|100\/100\n|turn|9\n|\n|t:|1731873714\n|move|p2b: Meowscarada|Knock Off|p1b: Venusaur\n|-damage|p1b: Venusaur|0 fnt\n|-enditem|p1b: Venusaur|Leftovers|[from] move: Knock Off|[of] p2b: Meowscarada\n|faint|p1b: Venusaur\n|\n|win|jet black polter\n|raw|Zordor's rating: 1787 &rarr; <strong>1760<\/strong><br \/>(-27 for losing)\n|raw|jet black polter's rating: 1660 &rarr; <strong>1687<\/strong><br \/>(+27 for winning)\n|l|\u2606Zordor\n|player|p1|\n|l|\u2606jet black polter\n|player|p2|\n","uploadtime":1731873971,"views":12,"formatid":"gen9vgc2024regh","rating":1687,"private":0,"password":null}