{"id":"gen9vgc2024regh-2245395052","format":"[Gen 9] VGC 2024 Reg H","players":["ye979402","shulivgc"],"log":"|j|\u2606ye979402\n|j|\u2606shulivgc\n|t:|1731814553\n|gametype|doubles\n|player|p1|ye979402|2|1711\n|player|p2|shulivgc|#smogonxnpa2024draftee2|1829\n|teamsize|p1|6\n|teamsize|p2|6\n|gen|9\n|tier|[Gen 9] VGC 2024 Reg H\n|rated|\n|rule|Species Clause: Limit one of each Pok\u00e9mon\n|rule|Item Clause: Limit 1 of each item\n|clearpoke\n|poke|p1|Tyranitar, L50, F|\n|poke|p1|Excadrill, L50, F|\n|poke|p1|Primarina, L50, M|\n|poke|p1|Talonflame, L50, M|\n|poke|p1|Corviknight, L50, M|\n|poke|p1|Dragonite, L50, M|\n|poke|p2|Incineroar, L50, M|\n|poke|p2|Amoonguss, L50, F|\n|poke|p2|Porygon2, L50|\n|poke|p2|Sneasler, L50, F|\n|poke|p2|Ursaluna-Bloodmoon, L50, M|\n|poke|p2|Dragonite, L50, F|\n|teampreview|4\n|j| Therazer456\n|\n|t:|1731814593\n|start\n|switch|p1a: Talonflame|Talonflame, L50, M, shiny|100\/100\n|switch|p1b: Primarina|Primarina, L50, M, shiny|100\/100\n|switch|p2a: Incineroar|Incineroar, L50, M|100\/100\n|switch|p2b: Porygon2|Porygon2, L50|100\/100\n|-ability|p2a: Incineroar|Intimidate|boost\n|-unboost|p1a: Talonflame|atk|1\n|-unboost|p1b: Primarina|atk|1\n|-ability|p2b: Porygon2|Download|boost\n|-boost|p2b: Porygon2|atk|1\n|turn|1\n|j| Satansinlaw\n|\n|t:|1731814620\n|move|p2a: Incineroar|Fake Out|p1b: Primarina\n|-damage|p1b: Primarina|87\/100\n|move|p1a: Talonflame|Taunt|p2b: Porygon2\n|-start|p2b: Porygon2|move: Taunt\n|cant|p1b: Primarina|flinch\n|move|p2b: Porygon2|Tera Blast|p1a: Talonflame\n|-damage|p1a: Talonflame|46\/100\n|\n|upkeep\n|turn|2\n|\n|t:|1731814645\n|switch|p1a: Corviknight|Corviknight, L50, M, shiny|100\/100\n|switch|p2a: Amoonguss|Amoonguss, L50, F|100\/100\n|move|p1b: Primarina|Hyper Voice|p2b: Porygon2|[spread] p2a,p2b\n|-resisted|p2a: Amoonguss\n|-damage|p2a: Amoonguss|87\/100\n|-damage|p2b: Porygon2|80\/100\n|-enditem|p1b: Primarina|Throat Spray\n|-boost|p1b: Primarina|spa|1|[from] item: Throat Spray\n|move|p2b: Porygon2|Tera Blast|p1a: Corviknight\n|-resisted|p1a: Corviknight\n|-damage|p1a: Corviknight|86\/100\n|\n|upkeep\n|turn|3\n|\n|t:|1731814692\n|move|p1a: Corviknight|Bulk Up|p1a: Corviknight\n|-boost|p1a: Corviknight|atk|1\n|-boost|p1a: Corviknight|def|1\n|move|p1b: Primarina|Moonblast|p2b: Porygon2\n|-damage|p2b: Porygon2|34\/100\n|move|p2b: Porygon2|Tera Blast|p1b: Primarina\n|-damage|p1b: Primarina|59\/100\n|move|p2a: Amoonguss|Spore|p1a: Corviknight\n|-status|p1a: Corviknight|slp|[from] move: Spore\n|\n|-end|p2b: Porygon2|move: Taunt\n|upkeep\n|turn|4\n|\n|t:|1731814744\n|move|p2b: Porygon2|Protect|p2b: Porygon2\n|-singleturn|p2b: Porygon2|Protect\n|cant|p1a: Corviknight|slp\n|move|p1b: Primarina|Hyper Voice|p2b: Porygon2|[spread] p2a\n|-activate|p2b: Porygon2|move: Protect\n|-resisted|p2a: Amoonguss\n|-damage|p2a: Amoonguss|63\/100\n|move|p2a: Amoonguss|Spore|p1b: Primarina\n|-status|p1b: Primarina|slp|[from] move: Spore\n|\n|upkeep\n|turn|5\n|\n|t:|1731814783\n|switch|p2a: Ursaluna|Ursaluna-Bloodmoon, L50, M|100\/100\n|cant|p1a: Corviknight|slp\n|cant|p1b: Primarina|slp\n|move|p2b: Porygon2|Trick Room|p2b: Porygon2\n|-fieldstart|move: Trick Room|[of] p2b: Porygon2\n|\n|upkeep\n|turn|6\n|\n|t:|1731814799\n|switch|p2b: Amoonguss|Amoonguss, L50, F|96\/100\n|switch|p1b: Talonflame|Talonflame, L50, M, shiny|46\/100\n|-curestatus|p1a: Corviknight|slp|[msg]\n|move|p1a: Corviknight|Body Press|p2b: Amoonguss\n|-resisted|p2b: Amoonguss\n|-damage|p2b: Amoonguss|85\/100\n|move|p2a: Ursaluna|Blood Moon|p1b: Talonflame\n|-damage|p1b: Talonflame|0 fnt\n|faint|p1b: Talonflame\n|\n|upkeep\n|\n|t:|1731814815\n|switch|p1b: Primarina|Primarina, L50, M, shiny|59\/100 slp\n|turn|7\n|\n|t:|1731814829\n|-terastallize|p2a: Ursaluna|Water\n|-curestatus|p1b: Primarina|slp|[msg]\n|move|p1b: Primarina|Protect|p1b: Primarina\n|-singleturn|p1b: Primarina|Protect\n|move|p2b: Amoonguss|Spore|p1a: Corviknight\n|-status|p1a: Corviknight|slp|[from] move: Spore\n|cant|p1a: Corviknight|slp\n|move|p2a: Ursaluna|Hyper Voice|p1a: Corviknight|[spread] p1a\n|-activate|p1b: Primarina|move: Protect\n|-resisted|p1a: Corviknight\n|-damage|p1a: Corviknight|71\/100 slp\n|\n|upkeep\n|turn|8\n|\n|t:|1731814854\n|switch|p1b: Tyranitar|Tyranitar, L50, F, shiny|100\/100\n|-weather|Sandstorm|[from] ability: Sand Stream|[of] p1b: Tyranitar\n|move|p2b: Amoonguss|Spore|p1b: Tyranitar\n|-status|p1b: Tyranitar|slp|[from] move: Spore\n|cant|p1a: Corviknight|slp\n|move|p2a: Ursaluna|Hyper Voice|p1a: Corviknight|[spread] p1a,p1b\n|-resisted|p1a: Corviknight\n|-resisted|p1b: Tyranitar\n|-damage|p1a: Corviknight|55\/100 slp\n|-damage|p1b: Tyranitar|89\/100 slp\n|\n|-weather|Sandstorm|[upkeep]\n|-damage|p2b: Amoonguss|79\/100|[from] Sandstorm\n|-damage|p2a: Ursaluna|94\/100|[from] Sandstorm\n|upkeep\n|turn|9\n|\n|t:|1731814902\n|switch|p2b: Porygon2|Porygon2, L50|34\/100\n|-ability|p2b: Porygon2|Download|boost\n|-boost|p2b: Porygon2|spa|1\n|-terastallize|p1b: Tyranitar|Flying\n|cant|p1b: Tyranitar|slp\n|-curestatus|p1a: Corviknight|slp|[msg]\n|move|p1a: Corviknight|Roost|p1a: Corviknight\n|-heal|p1a: Corviknight|100\/100\n|-singleturn|p1a: Corviknight|move: Roost\n|move|p2a: Ursaluna|Earth Power|p1b: Tyranitar\n|-immune|p1b: Tyranitar\n|\n|-weather|Sandstorm|[upkeep]\n|-damage|p2b: Porygon2|28\/100|[from] Sandstorm\n|-damage|p1b: Tyranitar|83\/100 slp|[from] Sandstorm\n|-damage|p2a: Ursaluna|88\/100|[from] Sandstorm\n|-fieldend|move: Trick Room\n|upkeep\n|turn|10\n|\n|t:|1731814950\n|move|p2a: Ursaluna|Blood Moon|p1b: Tyranitar\n|-damage|p1b: Tyranitar|14\/100 slp\n|move|p1a: Corviknight|Brave Bird|p2a: Ursaluna\n|-damage|p2a: Ursaluna|36\/100\n|-damage|p1a: Corviknight|83\/100|[from] Recoil\n|cant|p1b: Tyranitar|slp\n|move|p2b: Porygon2|Trick Room|p2b: Porygon2\n|-fieldstart|move: Trick Room|[of] p2b: Porygon2\n|\n|-weather|Sandstorm|[upkeep]\n|-damage|p2b: Porygon2|22\/100|[from] Sandstorm\n|-damage|p1b: Tyranitar|8\/100 slp|[from] Sandstorm\n|-damage|p2a: Ursaluna|30\/100|[from] Sandstorm\n|upkeep\n|turn|11\n|\n|t:|1731814987\n|move|p2b: Porygon2|Tera Blast|p1b: Tyranitar\n|-damage|p1b: Tyranitar|0 fnt\n|faint|p1b: Tyranitar\n|move|p1a: Corviknight|Brave Bird|p2a: Ursaluna\n|-damage|p2a: Ursaluna|0 fnt\n|faint|p2a: Ursaluna\n|-damage|p1a: Corviknight|73\/100|[from] Recoil\n|\n|-weather|Sandstorm|[upkeep]\n|-damage|p2b: Porygon2|16\/100|[from] Sandstorm\n|upkeep\n|\n|t:|1731815003\n|switch|p1b: Primarina|Primarina, L50, M, shiny|59\/100\n|switch|p2a: Amoonguss|Amoonguss, L50, F|100\/100\n|turn|12\n|\n|t:|1731815039\n|move|p2b: Porygon2|Protect|p2b: Porygon2\n|-singleturn|p2b: Porygon2|Protect\n|move|p2a: Amoonguss|Spore|p1a: Corviknight\n|-status|p1a: Corviknight|slp|[from] move: Spore\n|move|p1b: Primarina|Hyper Voice|p2a: Amoonguss|[spread] p2a\n|-activate|p2b: Porygon2|move: Protect\n|-resisted|p2a: Amoonguss\n|-damage|p2a: Amoonguss|85\/100\n|cant|p1a: Corviknight|slp\n|\n|-weather|none\n|upkeep\n|turn|13\n|\n|t:|1731815054\n|move|p1b: Primarina|Protect|p1b: Primarina\n|-singleturn|p1b: Primarina|Protect\n|move|p2a: Amoonguss|Pollen Puff|p2b: Porygon2\n|-heal|p2b: Porygon2|66\/100\n|move|p2b: Porygon2|Ice Beam|p1a: Corviknight\n|-damage|p1a: Corviknight|39\/100 slp\n|-enditem|p1a: Corviknight|Sitrus Berry|[eat]\n|-heal|p1a: Corviknight|64\/100 slp|[from] item: Sitrus Berry\n|-curestatus|p1a: Corviknight|slp|[msg]\n|move|p1a: Corviknight|Brave Bird|p2a: Amoonguss\n|-supereffective|p2a: Amoonguss\n|-damage|p2a: Amoonguss|0 fnt\n|faint|p2a: Amoonguss\n|-damage|p1a: Corviknight|34\/100|[from] Recoil\n|\n|upkeep\n|\n|t:|1731815069\n|switch|p2a: Incineroar|Incineroar, L50, M|100\/100\n|-ability|p2a: Incineroar|Intimidate|boost\n|-ability|p1a: Corviknight|Mirror Armor\n|-unboost|p2a: Incineroar|atk|1\n|-unboost|p1b: Primarina|atk|1\n|turn|14\n|\n|t:|1731815083\n|move|p2a: Incineroar|Fake Out|p1b: Primarina\n|-damage|p1b: Primarina|51\/100\n|move|p2b: Porygon2|Ice Beam|p1a: Corviknight\n|-damage|p1a: Corviknight|5\/100\n|cant|p1b: Primarina|flinch\n|move|p1a: Corviknight|Roost|p1a: Corviknight\n|-heal|p1a: Corviknight|55\/100\n|-singleturn|p1a: Corviknight|move: Roost\n|\n|-fieldend|move: Trick Room\n|upkeep\n|turn|15\n|\n|t:|1731815104\n|move|p1a: Corviknight|Roost|p1a: Corviknight\n|-heal|p1a: Corviknight|100\/100\n|-singleturn|p1a: Corviknight|move: Roost\n|move|p1b: Primarina|Hyper Voice|p2a: Incineroar|[spread] p2a,p2b\n|-supereffective|p2a: Incineroar\n|-crit|p2a: Incineroar\n|-damage|p2a: Incineroar|0 fnt\n|-damage|p2b: Porygon2|45\/100\n|faint|p2a: Incineroar\n|move|p2b: Porygon2|Ice Beam|p1a: Corviknight\n|-resisted|p1a: Corviknight\n|-damage|p1a: Corviknight|84\/100\n|\n|upkeep\n|turn|16\n|-message|shulivgc forfeited.\n|\n|win|ye979402\n|raw|ye979402's rating: 1711 &rarr; <strong>1738<\/strong><br \/>(+27 for winning)\n|raw|shulivgc's rating: 1829 &rarr; <strong>1802<\/strong><br \/>(-27 for losing)\n|l|\u2606shulivgc\n|player|p2|\n|l|\u2606ye979402\n|player|p1|\n|l| Therazer456\n","uploadtime":1731815123,"views":51,"formatid":"gen9vgc2024regh","rating":1738,"private":0,"password":null}