{"id":"gen9vgc2024regh-2245893884","format":"[Gen 9] VGC 2024 Reg H","players":["VGCLTH Sac gaming","eriksp"],"log":"|j|\u2606VGCLTH Sac gaming\n|j|\u2606eriksp\n|t:|1731889690\n|gametype|doubles\n|player|p1|VGCLTH Sac gaming|steven|1749\n|player|p2|eriksp|volkner-masters|1812\n|teamsize|p1|6\n|teamsize|p2|6\n|gen|9\n|tier|[Gen 9] VGC 2024 Reg H\n|rated|\n|rule|Species Clause: Limit one of each Pok\u00e9mon\n|rule|Item Clause: Limit 1 of each item\n|clearpoke\n|poke|p1|Whimsicott, L50, F|\n|poke|p1|Dragonite, L50, F|\n|poke|p1|Ursaluna-Bloodmoon, L50, M|\n|poke|p1|Gholdengo, L50|\n|poke|p1|Incineroar, L50, M|\n|poke|p1|Annihilape, L50, F|\n|poke|p2|Baxcalibur, L50, F|\n|poke|p2|Kingambit, L50, M|\n|poke|p2|Sneasler, L50, M|\n|poke|p2|Rillaboom, L50, M|\n|poke|p2|Volcarona, L50, M|\n|poke|p2|Basculegion, L50, M|\n|teampreview|4\neriksp has agreed to open team sheets.\nVGCLTH Sac gaming has agreed to open team sheets.\n|inactive|Battle timer is ON: inactive players will automatically lose when time's up. (requested by VGCLTH Sac gaming)\n|\n|t:|1731889770\n|start\n|switch|p1a: Annihilape|Annihilape, L50, F|100\/100\n|switch|p1b: Dragonite|Dragonite, L50, F|100\/100\n|switch|p2a: Volcarona|Volcarona, L50, M|100\/100\n|switch|p2b: Basculegion|Basculegion, L50, M|100\/100\n|turn|1\n|\n|t:|1731889788\n|-terastallize|p2b: Basculegion|Fairy\n|move|p2b: Basculegion|Tera Blast|p1a: Annihilape|[anim] Tera Blast Fairy\n|-supereffective|p1a: Annihilape\n|-damage|p1a: Annihilape|0 fnt\n|faint|p1a: Annihilape\n|move|p2a: Volcarona|Heat Wave|p1b: Dragonite\n|-resisted|p1b: Dragonite\n|-damage|p1b: Dragonite|87\/100\n|move|p1b: Dragonite|Scale Shot|p2b: Basculegion\n|-immune|p2b: Basculegion\n|\n|upkeep\n|\n|t:|1731889798\n|switch|p1a: Incineroar|Incineroar, L50, M|100\/100\n|-ability|p1a: Incineroar|Intimidate|boost\n|-unboost|p2a: Volcarona|atk|1\n|-unboost|p2b: Basculegion|atk|1\n|turn|2\n|\n|t:|1731889818\n|switch|p2a: Baxcalibur|Baxcalibur, L50, F|100\/100\n|move|p2b: Basculegion|Tera Blast|p1b: Dragonite|[anim] Tera Blast Fairy\n|-supereffective|p1b: Dragonite\n|-damage|p1b: Dragonite|11\/100\n|move|p1b: Dragonite|Scale Shot|p2a: Baxcalibur\n|-supereffective|p2a: Baxcalibur\n|-damage|p2a: Baxcalibur|73\/100\n|-supereffective|p2a: Baxcalibur\n|-damage|p2a: Baxcalibur|43\/100\n|-supereffective|p2a: Baxcalibur\n|-damage|p2a: Baxcalibur|11\/100\n|-supereffective|p2a: Baxcalibur\n|-damage|p2a: Baxcalibur|0 fnt\n|faint|p2a: Baxcalibur\n|-hitcount|p2: Baxcalibur|4\n|-unboost|p1b: Dragonite|def|1\n|-boost|p1b: Dragonite|spe|1\n|move|p1a: Incineroar|Parting Shot|p2b: Basculegion\n|-unboost|p2b: Basculegion|atk|1\n|-unboost|p2b: Basculegion|spa|1\n|j| vgclth souly\n|\n|t:|1731889830\n|switch|p1a: Ursaluna|Ursaluna-Bloodmoon, L50, M|100\/100|[from] Parting Shot\n|\n|upkeep\n|\n|t:|1731889837\n|switch|p2a: Volcarona|Volcarona, L50, M|100\/100\n|turn|3\n|j| testingmoon7777\n|\n|t:|1731889853\n|-terastallize|p1a: Ursaluna|Normal\n|move|p1b: Dragonite|Protect|p1b: Dragonite\n|-singleturn|p1b: Dragonite|Protect\n|move|p2b: Basculegion|Tera Blast|p1b: Dragonite|[anim] Tera Blast Fairy\n|-activate|p1b: Dragonite|move: Protect\n|move|p2a: Volcarona|Quiver Dance|p2a: Volcarona\n|-boost|p2a: Volcarona|spa|1\n|-boost|p2a: Volcarona|spd|1\n|-boost|p2a: Volcarona|spe|1\n|move|p1a: Ursaluna|Hyper Voice|p2b: Basculegion|[spread] p2a,p2b\n|-damage|p2a: Volcarona|69\/100\n|-damage|p2b: Basculegion|36\/100\n|\n|upkeep\n|turn|4\n|inactive|VGCLTH Sac gaming has 30 seconds left.\n|\n|t:|1731889881\n|switch|p1b: Incineroar|Incineroar, L50, M|100\/100\n|-ability|p1b: Incineroar|Intimidate|boost\n|-unboost|p2a: Volcarona|atk|1\n|-unboost|p2b: Basculegion|atk|1\n|move|p2a: Volcarona|Heat Wave|p1b: Incineroar|[spread] p1a,p1b\n|-resisted|p1b: Incineroar\n|-damage|p1a: Ursaluna|54\/100\n|-damage|p1b: Incineroar|76\/100\n|-status|p1a: Ursaluna|brn\n|move|p2b: Basculegion|Tera Blast|p1a: Ursaluna|[anim] Tera Blast Fairy\n|-damage|p1a: Ursaluna|38\/100 brn\n|move|p1a: Ursaluna|Blood Moon|p2a: Volcarona\n|-damage|p2a: Volcarona|9\/100\n|\n|-damage|p1a: Ursaluna|32\/100 brn|[from] brn\n|upkeep\n|turn|5\n|j| Playeroo7\n|inactive|VGCLTH Sac gaming has 30 seconds left.\n|\n|t:|1731889910\n|move|p2a: Volcarona|Protect|p2a: Volcarona\n|-singleturn|p2a: Volcarona|Protect\n|move|p1b: Incineroar|Fake Out|p2a: Volcarona\n|-activate|p2a: Volcarona|move: Protect\n|move|p2b: Basculegion|Tera Blast|p1a: Ursaluna|[anim] Tera Blast Fairy\n|-damage|p1a: Ursaluna|14\/100 brn\n|move|p1a: Ursaluna|Hyper Voice|p2a: Volcarona|[spread] p2b\n|-activate|p2a: Volcarona|move: Protect\n|-damage|p2b: Basculegion|0 fnt\n|faint|p2b: Basculegion\n|\n|-damage|p1a: Ursaluna|8\/100 brn|[from] brn\n|upkeep\n|\n|t:|1731889918\n|switch|p2b: K-Dot|Kingambit, L50, M, shiny|100\/100\n|turn|6\n|\n|t:|1731889941\n|move|p1a: Ursaluna|Vacuum Wave|p2a: Volcarona\n|-resisted|p2a: Volcarona\n|-damage|p2a: Volcarona|4\/100\n|move|p2a: Volcarona|Heat Wave|p1a: Ursaluna|[spread] p1a,p1b\n|-resisted|p1b: Incineroar\n|-damage|p1a: Ursaluna|0 fnt\n|-damage|p1b: Incineroar|51\/100\n|faint|p1a: Ursaluna\n|move|p1b: Incineroar|Flare Blitz|p2b: K-Dot\n|-supereffective|p2b: K-Dot\n|-damage|p2b: K-Dot|13\/100\n|-damage|p1b: Incineroar|22\/100|[from] Recoil\n|move|p2b: K-Dot|Low Kick|p1b: Incineroar\n|-supereffective|p1b: Incineroar\n|-damage|p1b: Incineroar|0 fnt\n|faint|p1b: Incineroar\n|\n|upkeep\n|\n|t:|1731889951\n|switch|p1b: Dragonite|Dragonite, L50, F|11\/100\n|turn|7\n|\n|t:|1731889960\n|move|p1b: Dragonite|Protect|p1b: Dragonite\n|-singleturn|p1b: Dragonite|Protect\n|move|p2a: Volcarona|Tera Blast|p1b: Dragonite\n|-activate|p1b: Dragonite|move: Protect\n|move|p2b: K-Dot|Kowtow Cleave|p1b: Dragonite\n|-activate|p1b: Dragonite|move: Protect\n|\n|upkeep\n|turn|8\n|\n|t:|1731889964\n|move|p1b: Dragonite|Extreme Speed|p2a: Volcarona\n|-damage|p2a: Volcarona|0 fnt\n|faint|p2a: Volcarona\n|move|p2b: K-Dot|Kowtow Cleave|p1b: Dragonite\n|-damage|p1b: Dragonite|0 fnt\n|faint|p1b: Dragonite\n|\n|win|eriksp\n|raw|VGCLTH Sac gaming's rating: 1749 &rarr; <strong>1733<\/strong><br \/>(-16 for losing)\n|raw|eriksp's rating: 1812 &rarr; <strong>1828<\/strong><br \/>(+16 for winning)\n|l|\u2606VGCLTH Sac gaming\n|player|p1|\n|l|\u2606eriksp\n|player|p2|\n|l| Playeroo7\n|l| vgclth souly\n","uploadtime":1731890113,"views":18,"formatid":"gen9vgc2024regh","rating":1733,"private":0,"password":null}