{"id":"gen9vgc2024regh-2245675288","format":"[Gen 9] VGC 2024 Reg H","players":["ruizuuuu","vgclth cuwutie"],"log":"|raw|<div class=\"broadcast-blue\"><strong>This battle is required to be public due to a player having a name starting with 'vgclth'.<\/div>\n|j|\u2606ruizuuuu\n|j|\u2606vgclth cuwutie\n|t:|1731863553\n|gametype|doubles\n|player|p1|ruizuuuu|lass-gen4dp|1725\n|player|p2|vgclth cuwutie|hanbei-conquest|1783\n|teamsize|p1|6\n|teamsize|p2|6\n|gen|9\n|tier|[Gen 9] VGC 2024 Reg H\n|rated|\n|rule|Species Clause: Limit one of each Pok\u00e9mon\n|rule|Item Clause: Limit 1 of each item\n|clearpoke\n|poke|p1|Archaludon, L50, F|\n|poke|p1|Gholdengo, L50|\n|poke|p1|Pelipper, L50, M|\n|poke|p1|Ursaluna, L50, F|\n|poke|p1|Dragonite, L50, M|\n|poke|p1|Sinistcha, L50|\n|poke|p2|Chandelure, L50, M|\n|poke|p2|Sylveon, L50, F|\n|poke|p2|Talonflame, L50, M|\n|poke|p2|Dragapult, L50, M|\n|poke|p2|Electabuzz, L50, F|\n|poke|p2|Dragonite, L50, F|\n|teampreview|4\n|inactive|Battle timer is ON: inactive players will automatically lose when time's up. (requested by ruizuuuu)\n|\n|t:|1731863577\n|start\n|switch|p1a: Ursaluna|Ursaluna, L50, F|100\/100\n|switch|p1b: Dragonite|Dragonite, L50, M|100\/100\n|switch|p2a: MarcoFiaro|Talonflame, L50, M|100\/100\n|switch|p2b: Soullight|Chandelure, L50, M|100\/100\n|turn|1\n|\n|t:|1731863597\n|move|p2a: MarcoFiaro|Tailwind|p2a: MarcoFiaro\n|-sidestart|p2: vgclth cuwutie|move: Tailwind\n|move|p2b: Soullight|Heat Wave|p1b: Dragonite|[spread] p1a,p1b\n|-resisted|p1b: Dragonite\n|-damage|p1a: Ursaluna|56\/100\n|-damage|p1b: Dragonite|91\/100\n|move|p1b: Dragonite|Encore|p2a: MarcoFiaro\n|-start|p2a: MarcoFiaro|Encore\n|move|p1a: Ursaluna|Earthquake|p2a: MarcoFiaro|[spread] p2b\n|-immune|p1b: Dragonite\n|-immune|p2a: MarcoFiaro\n|-supereffective|p2b: Soullight\n|-enditem|p2b: Soullight|Focus Sash\n|-damage|p2b: Soullight|1\/100\n|\n|-status|p1a: Ursaluna|brn|[from] item: Flame Orb\n|upkeep\n|turn|2\n|inactive|ruizuuuu has 30 seconds left.\n|inactive|ruizuuuu has 20 seconds left.\n|inactive|ruizuuuu has 15 seconds left.\n|\n|t:|1731863640\n|switch|p2a: Ampere|Electabuzz, L50, F|100\/100\n|-terastallize|p1a: Ursaluna|Water\n|move|p2b: Soullight|Heat Wave|p1a: Ursaluna|[spread] p1a,p1b\n|-resisted|p1a: Ursaluna\n|-resisted|p1b: Dragonite\n|-damage|p1a: Ursaluna|34\/100 brn\n|-damage|p1b: Dragonite|71\/100\n|-status|p1b: Dragonite|brn\n|move|p1b: Dragonite|Tailwind|p1b: Dragonite\n|-sidestart|p1: ruizuuuu|move: Tailwind\n|move|p1a: Ursaluna|Earthquake|p2b: Soullight|[spread] p2a,p2b\n|-immune|p1b: Dragonite\n|-supereffective|p2a: Ampere\n|-supereffective|p2b: Soullight\n|-damage|p2a: Ampere|4\/100\n|-damage|p2b: Soullight|0 fnt\n|faint|p2b: Soullight\n|\n|-damage|p1b: Dragonite|65\/100 brn|[from] brn\n|-damage|p1a: Ursaluna|28\/100 brn|[from] brn\n|upkeep\n|\n|t:|1731863648\n|switch|p2b: Moonlight|Sylveon, L50, F|100\/100\n|turn|3\n|inactive|ruizuuuu has 30 seconds left.\n|j| volcaronavgc\n|inactive|ruizuuuu has 20 seconds left.\n|inactive|ruizuuuu has 15 seconds left.\n|\n|t:|1731863689\n|switch|p1b: Archaludon|Archaludon, L50, F|100\/100\n|-terastallize|p2b: Moonlight|Fairy\n|move|p1a: Ursaluna|Protect|p1a: Ursaluna\n|-singleturn|p1a: Ursaluna|Protect\n|move|p2a: Ampere|Electroweb|p1a: Ursaluna|[spread] p1b\n|-activate|p1a: Ursaluna|move: Protect\n|-resisted|p1b: Archaludon\n|-damage|p1b: Archaludon|96\/100\n|-unboost|p1b: Archaludon|spe|1\n|-ability|p1b: Archaludon|Stamina|boost\n|-boost|p1b: Archaludon|def|1\n|move|p2b: Moonlight|Hyper Voice|p1a: Ursaluna|[spread] p1b\n|-activate|p1a: Ursaluna|move: Protect\n|-damage|p1b: Archaludon|36\/100\n|-ability|p1b: Archaludon|Stamina|boost\n|-boost|p1b: Archaludon|def|1\n|\n|-damage|p1a: Ursaluna|21\/100 brn|[from] brn\n|upkeep\n|turn|4\n|inactive|ruizuuuu has 30 seconds left.\n|inactive|ruizuuuu has 20 seconds left.\n|inactive|ruizuuuu has 15 seconds left.\n|\n|t:|1731863732\n|switch|p2a: MarcoFiaro|Talonflame, L50, M|100\/100\n|move|p2b: Moonlight|Hyper Voice|p1a: Ursaluna|[spread] p1a,p1b\n|-damage|p1a: Ursaluna|0 fnt\n|-damage|p1b: Archaludon|0 fnt\n|faint|p1a: Ursaluna\n|faint|p1b: Archaludon\n|\n|-sideend|p2: vgclth cuwutie|move: Tailwind\n|upkeep\n|\n|t:|1731863738\n|switch|p1b: Dragonite|Dragonite, L50, M|65\/100 brn\n|switch|p1a: Gholdengo|Gholdengo, L50|100\/100\n|turn|5\n|\n|t:|1731863762\n|move|p2a: MarcoFiaro|Tailwind|p2a: MarcoFiaro\n|-sidestart|p2: vgclth cuwutie|move: Tailwind\n|move|p1a: Gholdengo|Make It Rain|p2b: Moonlight|[spread] p2a,p2b\n|-resisted|p2a: MarcoFiaro\n|-supereffective|p2b: Moonlight\n|-damage|p2a: MarcoFiaro|63\/100\n|-damage|p2b: Moonlight|12\/100\n|-unboost|p1a: Gholdengo|spa|1\n|move|p1b: Dragonite|Encore|p2a: MarcoFiaro\n|-start|p2a: MarcoFiaro|Encore\n|move|p2b: Moonlight|Hyper Voice|p1a: Gholdengo|[spread] p1a,p1b\n|-resisted|p1a: Gholdengo\n|-supereffective|p1b: Dragonite\n|-damage|p1a: Gholdengo|52\/100\n|-damage|p1b: Dragonite|0 fnt\n|faint|p1b: Dragonite\n|\n|-sideend|p1: ruizuuuu|move: Tailwind\n|upkeep\n|turn|6\n|\n|t:|1731863775\n|switch|p2a: Ampere|Electabuzz, L50, F|4\/100\n|move|p2b: Moonlight|Hyper Voice|p1a: Gholdengo\n|-resisted|p1a: Gholdengo\n|-damage|p1a: Gholdengo|0 fnt\n|faint|p1a: Gholdengo\n|\n|win|vgclth cuwutie\n|raw|ruizuuuu's rating: 1725 &rarr; <strong>1708<\/strong><br \/>(-17 for losing)\n|raw|vgclth cuwutie's rating: 1783 &rarr; <strong>1800<\/strong><br \/>(+17 for winning)\n|l|\u2606ruizuuuu\n|player|p1|\n","uploadtime":1731863969,"views":25,"formatid":"gen9vgc2024regh","rating":1708,"private":0,"password":null}