{"id":"gen9vgc2024regh-2245722597","format":"[Gen 9] VGC 2024 Reg H","players":["VGCLTH skibidi","onworkhan92"],"log":"|raw|<div class=\"broadcast-blue\"><strong>This battle is required to be public due to a player having a name starting with 'vgclth'.<\/div>\n|j|\u2606VGCLTH skibidi\n|j|\u2606onworkhan92\n|t:|1731869220\n|gametype|doubles\n|player|p1|VGCLTH skibidi|piers-masters|1776\n|player|p2|onworkhan92|101|1685\n|teamsize|p1|6\n|teamsize|p2|6\n|gen|9\n|tier|[Gen 9] VGC 2024 Reg H\n|rated|\n|rule|Species Clause: Limit one of each Pok\u00e9mon\n|rule|Item Clause: Limit 1 of each item\n|clearpoke\n|poke|p1|Ceruledge, L50, M|\n|poke|p1|Gastrodon-East, L50, F|\n|poke|p1|Sneasler, L50, M|\n|poke|p1|Kingambit, L50, M|\n|poke|p1|Rillaboom, L50, F|\n|poke|p1|Dragonite, L50, M|\n|poke|p2|Ursaluna, L50, M|\n|poke|p2|Basculegion, L50, M|\n|poke|p2|Dragonite, L50, M|\n|poke|p2|Archaludon, L50, F|\n|poke|p2|Pelipper, L50, F|\n|poke|p2|Sinistcha, L50|\n|teampreview|4\n|inactive|Battle timer is ON: inactive players will automatically lose when time's up. (requested by VGCLTH skibidi)\n|j| vgclth elowyn\n|c|\u2606onworkhan92|lol hello again haha\n|c|\u2606VGCLTH skibidi|hey\n|inactive|onworkhan92 has 60 seconds left.\n|\n|t:|1731869277\n|start\n|switch|p1a: Let's go gambling|Sneasler, L50, M|100\/100\n|switch|p1b: Godlyreal|Kingambit, L50, M|100\/100\n|switch|p2a: Basculegion|Basculegion, L50, M|100\/100\n|switch|p2b: Sinistcha|Sinistcha, L50|100\/100\n|turn|1\n|\n|t:|1731869293\n|switch|p1a: Joe Dog|Gastrodon-East, L50, F|100\/100\n|-terastallize|p2b: Sinistcha|Dark\n|move|p2a: Basculegion|Flip Turn|p1a: Joe Dog\n|-ability|p1a: Joe Dog|Storm Drain|boost\n|-boost|p1a: Joe Dog|spa|1\n|move|p1b: Godlyreal|Kowtow Cleave|p2a: Basculegion\n|-supereffective|p2a: Basculegion\n|-damage|p2a: Basculegion|0 fnt\n|faint|p2a: Basculegion\n|move|p2b: Sinistcha|Trick Room|p2b: Sinistcha\n|-fieldstart|move: Trick Room|[of] p2b: Sinistcha\n|\n|upkeep\n|\n|t:|1731869303\n|switch|p2a: Archaludon|Archaludon, L50, F|100\/100\n|turn|2\n|inactive|onworkhan92 has 30 seconds left.\n|\n|t:|1731869331\n|switch|p2a: Pelipper|Pelipper, L50, F|100\/100\n|-weather|RainDance|[from] ability: Drizzle|[of] p2a: Pelipper\n|move|p1a: Joe Dog|Earth Power|p2a: Pelipper\n|-immune|p2a: Pelipper\n|move|p1b: Godlyreal|Kowtow Cleave|p2a: Pelipper\n|-damage|p2a: Pelipper|36\/100\n|move|p2b: Sinistcha|Matcha Gotcha|p1b: Godlyreal|[spread] p1a,p1b\n|-supereffective|p1a: Joe Dog\n|-crit|p1a: Joe Dog\n|-resisted|p1b: Godlyreal\n|-damage|p1a: Joe Dog|0 fnt\n|-damage|p1b: Godlyreal|92\/100\n|faint|p1a: Joe Dog\n|\n|-weather|RainDance|[upkeep]\n|upkeep\n|\n|t:|1731869341\n|switch|p1a: Rizzler|Rillaboom, L50, F|100\/100\n|-fieldstart|move: Grassy Terrain|[from] ability: Grassy Surge|[of] p1a: Rizzler\n|turn|3\n|\n|t:|1731869352\n|switch|p2b: Archaludon|Archaludon, L50, F|100\/100\n|-terastallize|p1a: Rizzler|Fire\n|move|p2a: Pelipper|Protect|p2a: Pelipper\n|-singleturn|p2a: Pelipper|Protect\n|move|p1b: Godlyreal|Kowtow Cleave|p2b: Archaludon\n|-damage|p2b: Archaludon|66\/100\n|-ability|p2b: Archaludon|Stamina|boost\n|-boost|p2b: Archaludon|def|1\n|move|p1a: Rizzler|Wood Hammer|p2b: Archaludon\n|-resisted|p2b: Archaludon\n|-damage|p2b: Archaludon|55\/100\n|-ability|p2b: Archaludon|Stamina|boost\n|-boost|p2b: Archaludon|def|1\n|-damage|p1a: Rizzler|97\/100|[from] Recoil\n|\n|-weather|RainDance|[upkeep]\n|-heal|p1b: Godlyreal|98\/100|[from] Grassy Terrain\n|-heal|p2b: Archaludon|61\/100|[from] Grassy Terrain\n|-heal|p1a: Rizzler|100\/100|[from] Grassy Terrain\n|upkeep\n|turn|4\n|\n|t:|1731869376\n|switch|p2a: Sinistcha|Sinistcha, L50, tera:Dark|100\/100\n|-heal|p2b: Archaludon|86\/100|[from] ability: Hospitality|[of] p2a: Sinistcha\n|move|p1b: Godlyreal|Kowtow Cleave|p2a: Sinistcha\n|-resisted|p2a: Sinistcha\n|-damage|p2a: Sinistcha|77\/100\n|move|p2b: Archaludon|Electro Shot||[still]\n|-prepare|p2b: Archaludon|Electro Shot\n|-boost|p2b: Archaludon|spa|1\n|-anim|p2b: Archaludon|Electro Shot|p1b: Godlyreal\n|-damage|p1b: Godlyreal|60\/100\n|move|p1a: Rizzler|High Horsepower|p2b: Archaludon\n|-supereffective|p2b: Archaludon\n|-damage|p2b: Archaludon|64\/100\n|-ability|p2b: Archaludon|Stamina|boost\n|-boost|p2b: Archaludon|def|1\n|\n|-weather|RainDance|[upkeep]\n|-heal|p1b: Godlyreal|66\/100|[from] Grassy Terrain\n|-heal|p2a: Sinistcha|83\/100|[from] Grassy Terrain\n|-heal|p2b: Archaludon|70\/100|[from] Grassy Terrain\n|upkeep\n|turn|5\n|inactive|onworkhan92 has 30 seconds left.\n|\n|t:|1731869406\n|switch|p2a: Pelipper|Pelipper, L50, F|36\/100\n|switch|p1a: Let's go gambling|Sneasler, L50, M|100\/100\n|move|p1b: Godlyreal|Iron Head|p2a: Pelipper\n|-resisted|p2a: Pelipper\n|-damage|p2a: Pelipper|3\/100\n|move|p2b: Archaludon|Body Press|p1b: Godlyreal\n|-supereffective|p1b: Godlyreal\n|-damage|p1b: Godlyreal|0 fnt\n|faint|p1b: Godlyreal\n|\n|-weather|RainDance|[upkeep]\n|-heal|p2b: Archaludon|76\/100|[from] Grassy Terrain\n|-fieldend|move: Trick Room\n|upkeep\n|\n|t:|1731869409\n|switch|p1b: Rizzler|Rillaboom, L50, F, tera:Fire|100\/100\n|turn|6\n|c|\u2606VGCLTH skibidi|well, ive played u 3 times so u kinda know the mu lol\n|\n|t:|1731869432\n|move|p2a: Pelipper|Protect|p2a: Pelipper\n|-singleturn|p2a: Pelipper|Protect\n|move|p1b: Rizzler|Fake Out|p2b: Archaludon\n|-resisted|p2b: Archaludon\n|-damage|p2b: Archaludon|74\/100\n|-ability|p2b: Archaludon|Stamina|boost\n|-boost|p2b: Archaludon|def|1\n|move|p1a: Let's go gambling|Close Combat|p2b: Archaludon\n|-supereffective|p2b: Archaludon\n|-damage|p2b: Archaludon|49\/100\n|-unboost|p1a: Let's go gambling|def|1\n|-unboost|p1a: Let's go gambling|spd|1\n|-ability|p2b: Archaludon|Stamina|boost\n|-boost|p2b: Archaludon|def|1\n|cant|p2b: Archaludon|flinch\n|\n|-weather|none\n|-heal|p2b: Archaludon|55\/100|[from] Grassy Terrain\n|upkeep\n|turn|7\n|c|\u2606onworkhan92|haha finally\n|\n|t:|1731869454\n|switch|p2a: Sinistcha|Sinistcha, L50, tera:Dark|83\/100\n|-heal|p2b: Archaludon|80\/100|[from] ability: Hospitality|[of] p2a: Sinistcha\n|move|p1a: Let's go gambling|Close Combat|p2b: Archaludon\n|-supereffective|p2b: Archaludon\n|-damage|p2b: Archaludon|57\/100\n|-unboost|p1a: Let's go gambling|def|1\n|-unboost|p1a: Let's go gambling|spd|1\n|-ability|p2b: Archaludon|Stamina|boost\n|-boost|p2b: Archaludon|def|1\n|move|p1b: Rizzler|High Horsepower|p2b: Archaludon\n|-supereffective|p2b: Archaludon\n|-damage|p2b: Archaludon|45\/100\n|move|p2b: Archaludon|Flash Cannon|p1a: Let's go gambling\n|-enditem|p1a: Let's go gambling|Focus Sash\n|-damage|p1a: Let's go gambling|1\/100\n|-unboost|p1a: Let's go gambling|spd|1\n|\n|-heal|p1a: Let's go gambling|7\/100|[from] Grassy Terrain\n|-heal|p2b: Archaludon|51\/100|[from] Grassy Terrain\n|-heal|p2a: Sinistcha|89\/100|[from] Grassy Terrain\n|-fieldend|move: Grassy Terrain\n|upkeep\n|turn|8\n|inactive|onworkhan92 has 30 seconds left.\n|\n|t:|1731869481\n|move|p2a: Sinistcha|Rage Powder|p2a: Sinistcha\n|-singleturn|p2a: Sinistcha|move: Rage Powder\n|move|p1a: Let's go gambling|Close Combat|p2a: Sinistcha\n|-supereffective|p2a: Sinistcha\n|-damage|p2a: Sinistcha|0 fnt\n|-unboost|p1a: Let's go gambling|def|1\n|-unboost|p1a: Let's go gambling|spd|1\n|faint|p2a: Sinistcha\n|move|p1b: Rizzler|High Horsepower|p2b: Archaludon\n|-supereffective|p2b: Archaludon\n|-damage|p2b: Archaludon|40\/100\n|move|p2b: Archaludon|Flash Cannon|p1a: Let's go gambling\n|-damage|p1a: Let's go gambling|0 fnt\n|faint|p1a: Let's go gambling\n|\n|upkeep\n|c|\u2606VGCLTH skibidi|well, nothing i can do anymore, hope i dont play u again lol\n|c|\u2606onworkhan92|haha but was good practise\n|j| BreadTest\n|c|\u2606onworkhan92|for stuttbart regional\n|\n|t:|1731869503\n|switch|p2a: Pelipper|Pelipper, L50, F|3\/100\n|-weather|RainDance|[from] ability: Drizzle|[of] p2a: Pelipper\n|turn|9\n|j| standardvr\n|\n|t:|1731869513\n|move|p1b: Rizzler|High Horsepower|p2b: Archaludon\n|-supereffective|p2b: Archaludon\n|-crit|p2b: Archaludon\n|-damage|p2b: Archaludon|0 fnt\n|faint|p2b: Archaludon\n|move|p2a: Pelipper|Muddy Water|p1b: Rizzler|[miss]\n|-miss|p2a: Pelipper|p1b: Rizzler\n|\n|-weather|RainDance|[upkeep]\n|upkeep\n|turn|10\n|c|\u2606VGCLTH skibidi|OMFG\n|l| standardvr\n|\n|t:|1731869523\n|move|p1b: Rizzler|Wood Hammer|p2a: Pelipper\n|-damage|p2a: Pelipper|0 fnt\n|faint|p2a: Pelipper\n|-damage|p1b: Rizzler|99\/100|[from] Recoil\n|\n|win|VGCLTH skibidi\n|raw|VGCLTH skibidi's rating: 1776 &rarr; <strong>1791<\/strong><br \/>(+15 for winning)\n|raw|onworkhan92's rating: 1685 &rarr; <strong>1670<\/strong><br \/>(-15 for losing)\n|c|\u2606VGCLTH skibidi|IM HIIIIIIIIIIIIIIIIIIIM\n|c|\u2606onworkhan92|no way\n|c|\u2606onworkhan92|hahaha\n|c|\u2606onworkhan92|ggwp\n|c|\u2606VGCLTH skibidi|im so sorry lol\n|c|\u2606VGCLTH skibidi|ggq\n|c|\u2606onworkhan92|lol I got so damn critted but nnot dalty of this haha\n|c|\u2606onworkhan92|nice match\n|c|\u2606VGCLTH skibidi|ye it was fun\n|l|\u2606VGCLTH skibidi\n|player|p1|\n|c|\u2606onworkhan92|ggwp again, see u again\n","uploadtime":1731869538,"views":48,"formatid":"gen9vgc2024regh","rating":1670,"private":0,"password":null}