{"id":"gen9vgc2024regh-2245691857","format":"[Gen 9] VGC 2024 Reg H","players":["ruizuuuu","VGCLTH Bigfoot"],"log":"|raw|<div class=\"broadcast-blue\"><strong>This battle is required to be public due to a player having a name starting with 'vgclth'.<\/div>\n|j|\u2606ruizuuuu\n|j|\u2606VGCLTH Bigfoot\n|t:|1731865554\n|gametype|doubles\n|player|p1|ruizuuuu|lass-gen4dp|1700\n|player|p2|VGCLTH Bigfoot|falkner|1732\n|teamsize|p1|6\n|teamsize|p2|6\n|gen|9\n|tier|[Gen 9] VGC 2024 Reg H\n|rated|\n|rule|Species Clause: Limit one of each Pok\u00e9mon\n|rule|Item Clause: Limit 1 of each item\n|clearpoke\n|poke|p1|Archaludon, L50, F|\n|poke|p1|Gholdengo, L50|\n|poke|p1|Pelipper, L50, F|\n|poke|p1|Ursaluna, L50, F|\n|poke|p1|Dragonite, L50, F|\n|poke|p1|Sinistcha, L50|\n|poke|p2|Ceruledge, L50, M|\n|poke|p2|Gastrodon-East, L50, M|\n|poke|p2|Sneasler, L50, M|\n|poke|p2|Dragonite, L50, F|\n|poke|p2|Rillaboom, L50, F|\n|poke|p2|Kingambit, L50, M|\n|teampreview|4\n|inactive|Battle timer is ON: inactive players will automatically lose when time's up. (requested by ruizuuuu)\n|j| vgclth cuwutie\n|c| vgclth cuwutie|cmon ruizuuu\n|inactive|VGCLTH Bigfoot has 60 seconds left.\n|\n|t:|1731865585\n|start\n|switch|p1a: Dragonite|Dragonite, L50, F|100\/100\n|switch|p1b: Ursaluna|Ursaluna, L50, F|100\/100\n|switch|p2a: Sneasler|Sneasler, L50, M, shiny|100\/100\n|switch|p2b: Kingambit|Kingambit, L50, M|100\/100\n|turn|1\n|inactive|ruizuuuu has 30 seconds left.\n|inactive|VGCLTH Bigfoot has 30 seconds left.\n|inactive|ruizuuuu has 20 seconds left.\n|inactive|ruizuuuu has 15 seconds left.\n|\n|t:|1731865627\n|switch|p2a: Joe Dog|Gastrodon-East, L50, M|100\/100\n|-terastallize|p1b: Ursaluna|Water\n|-terastallize|p2b: Kingambit|Flying\n|move|p1a: Dragonite|Scale Shot|p2a: Joe Dog\n|-damage|p2a: Joe Dog|88\/100\n|-damage|p2a: Joe Dog|75\/100\n|-damage|p2a: Joe Dog|64\/100\n|-damage|p2a: Joe Dog|51\/100\n|-damage|p2a: Joe Dog|39\/100\n|-enditem|p2a: Joe Dog|Sitrus Berry|[eat]\n|-heal|p2a: Joe Dog|63\/100|[from] item: Sitrus Berry\n|-hitcount|p2a: Joe Dog|5\n|-unboost|p1a: Dragonite|def|1\n|-boost|p1a: Dragonite|spe|1\n|move|p1b: Ursaluna|Earthquake|p2a: Joe Dog|[spread] p2a\n|-immune|p1a: Dragonite\n|-immune|p2b: Kingambit\n|-damage|p2a: Joe Dog|17\/100\n|move|p2b: Kingambit|Kowtow Cleave|p1a: Dragonite\n|-damage|p1a: Dragonite|70\/100\n|\n|-status|p1b: Ursaluna|brn|[from] item: Flame Orb\n|upkeep\n|turn|2\n|inactive|ruizuuuu has 30 seconds left.\n|inactive|VGCLTH Bigfoot has 30 seconds left.\n|inactive|VGCLTH Bigfoot has 20 seconds left.\n|\n|t:|1731865664\n|switch|p2b: Sneasler|Sneasler, L50, M, shiny|100\/100\n|move|p1a: Dragonite|Scale Shot|p2a: Joe Dog\n|-damage|p2a: Joe Dog|4\/100\n|-damage|p2a: Joe Dog|0 fnt\n|faint|p2a: Joe Dog\n|-hitcount|p2: Joe Dog|2\n|-unboost|p1a: Dragonite|def|1\n|-boost|p1a: Dragonite|spe|1\n|move|p1b: Ursaluna|Facade|p2b: Sneasler\n|-enditem|p2b: Sneasler|Focus Sash\n|-damage|p2b: Sneasler|1\/100\n|\n|-damage|p1b: Ursaluna|94\/100 brn|[from] brn\n|upkeep\n|\n|t:|1731865670\n|switch|p2a: Dragonite|Dragonite, L50, F|100\/100\n|turn|3\n|inactive|ruizuuuu has 30 seconds left.\n|inactive|ruizuuuu has 20 seconds left.\n|\n|t:|1731865709\n|move|p2b: Sneasler|Fake Out|p1a: Dragonite\n|-damage|p1a: Dragonite|45\/100\n|cant|p1a: Dragonite|flinch\n|move|p2a: Dragonite|Scale Shot|p1b: Ursaluna\n|-damage|p1b: Ursaluna|82\/100 brn\n|-damage|p1b: Ursaluna|70\/100 brn\n|-damage|p1b: Ursaluna|59\/100 brn\n|-damage|p1b: Ursaluna|47\/100 brn\n|-damage|p1b: Ursaluna|34\/100 brn\n|-hitcount|p1b: Ursaluna|5\n|-unboost|p2a: Dragonite|def|1\n|-boost|p2a: Dragonite|spe|1\n|move|p1b: Ursaluna|Earthquake|p2a: Dragonite|[spread] p2b\n|-immune|p1a: Dragonite\n|-immune|p2a: Dragonite\n|-supereffective|p2b: Sneasler\n|-damage|p2b: Sneasler|0 fnt\n|faint|p2b: Sneasler\n|\n|-damage|p1b: Ursaluna|28\/100 brn|[from] brn\n|upkeep\n|\n|t:|1731865720\n|switch|p2b: Kingambit|Kingambit, L50, M, tera:Flying|100\/100\n|turn|4\n|inactive|ruizuuuu has 30 seconds left.\n|\n|t:|1731865754\n|switch|p1a: Sinistcha|Sinistcha, L50|100\/100\n|-heal|p1b: Ursaluna|53\/100 brn|[from] ability: Hospitality|[of] p1a: Sinistcha\n|switch|p1b: Archaludon|Archaludon, L50, F|100\/100\n|move|p2a: Dragonite|Extreme Speed|p1a: Sinistcha\n|-immune|p1a: Sinistcha\n|move|p2b: Kingambit|Sucker Punch||[still]\n|-fail|p2b: Kingambit\n|\n|upkeep\n|turn|5\n|inactive|ruizuuuu has 30 seconds left.\n|inactive|ruizuuuu has 20 seconds left.\n|inactive|ruizuuuu has 15 seconds left.\n|\n|t:|1731865799\n|move|p2a: Dragonite|Scale Shot|p1a: Sinistcha\n|-damage|p1a: Sinistcha|87\/100\n|-damage|p1a: Sinistcha|74\/100\n|-damage|p1a: Sinistcha|59\/100\n|-damage|p1a: Sinistcha|46\/100\n|-enditem|p1a: Sinistcha|Sitrus Berry|[eat]\n|-heal|p1a: Sinistcha|71\/100|[from] item: Sitrus Berry\n|-damage|p1a: Sinistcha|58\/100\n|-hitcount|p1a: Sinistcha|5\n|-unboost|p2a: Dragonite|def|1\n|-boost|p2a: Dragonite|spe|1\n|move|p1b: Archaludon|Flash Cannon|p2a: Dragonite\n|-damage|p2a: Dragonite|80\/100\n|move|p1a: Sinistcha|Life Dew||[still]|[spread] p1a,p1b\n|-heal|p1a: Sinistcha|84\/100\n|-fail|p1b: Archaludon|heal\n|move|p2b: Kingambit|Kowtow Cleave|p1a: Sinistcha\n|-supereffective|p1a: Sinistcha\n|-damage|p1a: Sinistcha|0 fnt\n|faint|p1a: Sinistcha\n|\n|upkeep\n|inactive|ruizuuuu has 30 seconds left.\n|\n|t:|1731865830\n|switch|p1a: Dragonite|Dragonite, L50, F|45\/100\n|turn|6\n|inactive|ruizuuuu has 30 seconds left.\n|\n|t:|1731865861\n|move|p2a: Dragonite|Protect|p2a: Dragonite\n|-singleturn|p2a: Dragonite|Protect\n|move|p1a: Dragonite|Scale Shot|p2a: Dragonite\n|-activate|p2a: Dragonite|move: Protect\n|move|p1b: Archaludon|Flash Cannon|p2a: Dragonite\n|-activate|p2a: Dragonite|move: Protect\n|move|p2b: Kingambit|Kowtow Cleave|p1a: Dragonite\n|-damage|p1a: Dragonite|0 fnt\n|faint|p1a: Dragonite\n|\n|upkeep\n|-message|ruizuuuu forfeited.\n|\n|win|VGCLTH Bigfoot\n|raw|ruizuuuu's rating: 1700 &rarr; <strong>1682<\/strong><br \/>(-18 for losing)\n|raw|VGCLTH Bigfoot's rating: 1732 &rarr; <strong>1750<\/strong><br \/>(+18 for winning)\n|l|\u2606ruizuuuu\n|player|p1|\n|l|\u2606VGCLTH Bigfoot\n|player|p2|\n","uploadtime":1731866052,"views":11,"formatid":"gen9vgc2024regh","rating":1682,"private":0,"password":null}