{"id":"gen9vgc2024regh-2245775933","format":"[Gen 9] VGC 2024 Reg H","players":["Undentable1","VGCLTH low laddr"],"log":"|raw|<div class=\"broadcast-blue\"><strong>This battle is required to be public due to a player having a name starting with 'vgclth'.<\/div>\n|j|\u2606Undentable1\n|j|\u2606VGCLTH low laddr\n|t:|1731875414\n|gametype|doubles\n|player|p1|Undentable1|lance|1708\n|player|p2|VGCLTH low laddr|lucas|1716\n|teamsize|p1|6\n|teamsize|p2|6\n|gen|9\n|tier|[Gen 9] VGC 2024 Reg H\n|rated|\n|rule|Species Clause: Limit one of each Pok\u00e9mon\n|rule|Item Clause: Limit 1 of each item\n|clearpoke\n|poke|p1|Dragonite, L50, M|\n|poke|p1|Kingambit, L50, F|\n|poke|p1|Tauros-Paldea-Aqua, L50, M|\n|poke|p1|Archaludon, L50, F|\n|poke|p1|Pelipper, L50, M|\n|poke|p1|Rillaboom, L50, F|\n|poke|p2|Sneasler, L50, M|\n|poke|p2|Ursaluna-Bloodmoon, L50, M|\n|poke|p2|Incineroar, L50, M|\n|poke|p2|Gholdengo, L50|\n|poke|p2|Rillaboom, L50, M|\n|poke|p2|Dragonite, L50, M|\n|teampreview|4\n|inactive|Battle timer is ON: inactive players will automatically lose when time's up. (requested by Undentable1)\n|inactive|VGCLTH low laddr also wants the timer to be on.\n|inactive|Undentable1 has 60 seconds left.\n|inactive|VGCLTH low laddr has 60 seconds left.\n|\n|t:|1731875451\n|start\n|switch|p1a: Pelipper|Pelipper, L50, M|100\/100\n|switch|p1b: Kingambit|Kingambit, L50, F|100\/100\n|switch|p2a: Dragonite|Dragonite, L50, M|100\/100\n|switch|p2b: Sneasler|Sneasler, L50, M|100\/100\n|-weather|RainDance|[from] ability: Drizzle|[of] p1a: Pelipper\n|turn|1\n|\n|t:|1731875470\n|move|p2b: Sneasler|Dire Claw|p1a: Pelipper\n|-damage|p1a: Pelipper|53\/100\n|move|p2a: Dragonite|Scale Shot|p1a: Pelipper\n|-damage|p1a: Pelipper|37\/100\n|-damage|p1a: Pelipper|19\/100\n|-damage|p1a: Pelipper|3\/100\n|-damage|p1a: Pelipper|0 fnt\n|faint|p1a: Pelipper\n|-hitcount|p1: Pelipper|4\n|-unboost|p2a: Dragonite|def|1\n|-boost|p2a: Dragonite|spe|1\n|move|p1b: Kingambit|Kowtow Cleave|p2b: Sneasler\n|-resisted|p2b: Sneasler\n|-damage|p2b: Sneasler|60\/100\n|\n|-weather|RainDance|[upkeep]\n|upkeep\n|j| TheBlueGastrodon\n|\n|t:|1731875480\n|switch|p1a: Dragonite|Dragonite, L50, M|100\/100\n|turn|2\n|inactive|Undentable1 has 30 seconds left.\n|inactive|VGCLTH low laddr has 30 seconds left.\n|inactive|VGCLTH low laddr has 20 seconds left.\n|inactive|VGCLTH low laddr has 15 seconds left.\n|\n|t:|1731875534\n|-terastallize|p1a: Dragonite|Fairy\n|move|p1b: Kingambit|Protect|p1b: Kingambit\n|-singleturn|p1b: Kingambit|Protect\n|move|p2a: Dragonite|Scale Shot|p1a: Dragonite\n|-immune|p1a: Dragonite\n|move|p2b: Sneasler|Dire Claw|p1a: Dragonite\n|-supereffective|p1a: Dragonite\n|-damage|p1a: Dragonite|52\/100\n|move|p1a: Dragonite|Scale Shot|p2b: Sneasler|[miss]\n|-miss|p1a: Dragonite|p2b: Sneasler\n|\n|-weather|RainDance|[upkeep]\n|upkeep\n|turn|3\n|c|\u2606Undentable1|welp\n|inactive|Undentable1 has 30 seconds left.\n|\n|t:|1731875564\n|move|p1a: Dragonite|Protect|p1a: Dragonite\n|-singleturn|p1a: Dragonite|Protect\n|move|p2a: Dragonite|Extreme Speed|p1a: Dragonite\n|-activate|p1a: Dragonite|move: Protect\n|move|p2b: Sneasler|Close Combat|p1b: Kingambit\n|-supereffective|p1b: Kingambit\n|-enditem|p1b: Kingambit|Focus Sash\n|-damage|p1b: Kingambit|1\/100\n|-unboost|p2b: Sneasler|def|1\n|-unboost|p2b: Sneasler|spd|1\n|move|p1b: Kingambit|Iron Head|p2b: Sneasler\n|-damage|p2b: Sneasler|0 fnt\n|faint|p2b: Sneasler\n|\n|-weather|RainDance|[upkeep]\n|upkeep\n|\n|t:|1731875576\n|switch|p2b: Rillaboom|Rillaboom, L50, M|100\/100\n|-fieldstart|move: Grassy Terrain|[from] ability: Grassy Surge|[of] p2b: Rillaboom\n|turn|4\n|\n|t:|1731875592\n|-terastallize|p2a: Dragonite|Fairy\n|move|p2a: Dragonite|Extreme Speed|p1b: Kingambit\n|-resisted|p1b: Kingambit\n|-damage|p1b: Kingambit|0 fnt\n|faint|p1b: Kingambit\n|move|p1a: Dragonite|Scale Shot|p2a: Dragonite\n|-immune|p2a: Dragonite\n|move|p2b: Rillaboom|Wood Hammer|p1a: Dragonite\n|-crit|p1a: Dragonite\n|-damage|p1a: Dragonite|0 fnt\n|faint|p1a: Dragonite\n|-damage|p2b: Rillaboom|87\/100|[from] Recoil\n|\n|-weather|RainDance|[upkeep]\n|-heal|p2b: Rillaboom|93\/100|[from] Grassy Terrain\n|upkeep\n|j| mr pogostick\n|l| mr pogostick\n|\n|t:|1731875598\n|switch|p1b: Archaludon|Archaludon, L50, F|100\/100\n|turn|5\n|\n|t:|1731875611\n|move|p2a: Dragonite|Scale Shot|p1b: Archaludon\n|-damage|p1b: Archaludon|89\/100\n|-damage|p1b: Archaludon|78\/100\n|-damage|p1b: Archaludon|65\/100\n|-crit|p1b: Archaludon\n|-damage|p1b: Archaludon|47\/100\n|-hitcount|p1b: Archaludon|4\n|-unboost|p2a: Dragonite|def|1\n|-boost|p2a: Dragonite|spe|1\n|move|p1b: Archaludon|Electro Shot||[still]\n|-prepare|p1b: Archaludon|Electro Shot\n|-boost|p1b: Archaludon|spa|1\n|-anim|p1b: Archaludon|Electro Shot|p2a: Dragonite\n|-damage|p2a: Dragonite|67\/100\n|move|p2b: Rillaboom|Wood Hammer|p1b: Archaludon\n|-resisted|p1b: Archaludon\n|-damage|p1b: Archaludon|31\/100\n|-damage|p2b: Rillaboom|88\/100|[from] Recoil\n|\n|-weather|none\n|-heal|p2a: Dragonite|73\/100|[from] Grassy Terrain\n|-heal|p1b: Archaludon|37\/100|[from] Grassy Terrain\n|-heal|p2b: Rillaboom|94\/100|[from] Grassy Terrain\n|upkeep\n|turn|6\n|\n|t:|1731875625\n|move|p2a: Dragonite|Tailwind|p2a: Dragonite\n|-sidestart|p2: VGCLTH low laddr|move: Tailwind\n|move|p2b: Rillaboom|Wood Hammer|p1b: Archaludon\n|-resisted|p1b: Archaludon\n|-crit|p1b: Archaludon\n|-damage|p1b: Archaludon|10\/100\n|-damage|p2b: Rillaboom|87\/100|[from] Recoil\n|move|p1b: Archaludon|Electro Shot||[still]\n|-prepare|p1b: Archaludon|Electro Shot\n|-boost|p1b: Archaludon|spa|1\n|-enditem|p1b: Archaludon|Power Herb\n|-anim|p1b: Archaludon|Electro Shot|p2a: Dragonite\n|-damage|p2a: Dragonite|0 fnt\n|faint|p2a: Dragonite\n|\n|-heal|p2b: Rillaboom|93\/100|[from] Grassy Terrain\n|-heal|p1b: Archaludon|16\/100|[from] Grassy Terrain\n|upkeep\n|\n|t:|1731875644\n|switch|p2a: Ursaluna|Ursaluna-Bloodmoon, L50, M|100\/100\n|turn|7\n|\n|t:|1731875649\n|move|p2b: Rillaboom|Wood Hammer|p1b: Archaludon\n|-resisted|p1b: Archaludon\n|-damage|p1b: Archaludon|0 fnt\n|faint|p1b: Archaludon\n|-damage|p2b: Rillaboom|89\/100|[from] Recoil\n|\n|win|VGCLTH low laddr\n|raw|Undentable1's rating: 1708 &rarr; <strong>1687<\/strong><br \/>(-21 for losing)\n|raw|VGCLTH low laddr's rating: 1694 &rarr; <strong>1715<\/strong><br \/>(+21 for winning)\n|l|\u2606VGCLTH low laddr\n|player|p2|\n|l| TheBlueGastrodon\n|l|\u2606Undentable1\n|player|p1|\n|j| vgclth cuwutie\n","uploadtime":1731875915,"views":12,"formatid":"gen9vgc2024regh","rating":1687,"private":0,"password":null}