{"id":"gen9vgc2024regh-2245870724","format":"[Gen 9] VGC 2024 Reg H","players":["VGCLTH John Pork","VGCLTH Bigfoot"],"log":"|raw|<div class=\"broadcast-blue\"><strong>This battle is required to be public due to a player having a name starting with 'vgclth'.<\/div>\n|j|\u2606VGCLTH John Pork\n|j|\u2606VGCLTH Bigfoot\n|t:|1731886667\n|gametype|doubles\n|player|p1|VGCLTH John Pork|ogreclan|1719\n|player|p2|VGCLTH Bigfoot|falkner|1750\n|teamsize|p1|6\n|teamsize|p2|6\n|gen|9\n|tier|[Gen 9] VGC 2024 Reg H\n|rated|\n|rule|Species Clause: Limit one of each Pok\u00e9mon\n|rule|Item Clause: Limit 1 of each item\n|clearpoke\n|poke|p1|Whimsicott, L50, M|\n|poke|p1|Typhlosion-Hisui, L50, M|\n|poke|p1|Annihilape, L50, M|\n|poke|p1|Maushold-Four, L50|\n|poke|p1|Farigiraf, L50, F|\n|poke|p1|Ursaluna-Bloodmoon, L50, M|\n|poke|p2|Ceruledge, L50, M|\n|poke|p2|Gastrodon-East, L50, F|\n|poke|p2|Sneasler, L50, F|\n|poke|p2|Dragonite, L50, F|\n|poke|p2|Rillaboom, L50, M|\n|poke|p2|Kingambit, L50, M|\n|teampreview|4\n|inactive|Battle timer is ON: inactive players will automatically lose when time's up. (requested by VGCLTH John Pork)\n|inactive|VGCLTH John Pork has 60 seconds left.\n|inactive|VGCLTH Bigfoot has 60 seconds left.\n|\n|t:|1731886709\n|start\n|switch|p1a: Their kindness is|Whimsicott, L50, M|100\/100\n|switch|p1b: It\u2019s used to|Annihilape, L50, M|100\/100\n|switch|p2a: Sneasler|Sneasler, L50, F, shiny|100\/100\n|switch|p2b: Kingambit|Kingambit, L50, M|100\/100\n|turn|1\n|inactive|VGCLTH Bigfoot has 30 seconds left.\n|inactive|VGCLTH Bigfoot has 20 seconds left.\n|\n|t:|1731886746\n|switch|p2b: Ceruledge|Ceruledge, L50, M|100\/100\n|move|p2a: Sneasler|Dire Claw|p1a: Their kindness is\n|-supereffective|p1a: Their kindness is\n|-enditem|p1a: Their kindness is|Focus Sash\n|-damage|p1a: Their kindness is|1\/100\n|-status|p1a: Their kindness is|slp\n|cant|p1a: Their kindness is|slp\n|move|p1b: It\u2019s used to|Rage Fist|p2b: Ceruledge\n|-supereffective|p2b: Ceruledge\n|-damage|p2b: Ceruledge|17\/100\n|\n|-heal|p2b: Ceruledge|23\/100|[from] item: Leftovers\n|upkeep\n|turn|2\n|c|\u2606VGCLTH John Pork|Amazing\n|c|\u2606VGCLTH John Pork|literally every time\n|inactive|VGCLTH Bigfoot has 30 seconds left.\n|inactive|VGCLTH Bigfoot has 20 seconds left.\n|inactive|VGCLTH Bigfoot has 15 seconds left.\n|\n|t:|1731886789\n|switch|p2b: Kingambit|Kingambit, L50, M|100\/100\n|-curestatus|p1a: Their kindness is|slp|[msg]\n|move|p1a: Their kindness is|Tailwind|p1a: Their kindness is\n|-sidestart|p1: VGCLTH John Pork|move: Tailwind\n|move|p1b: It\u2019s used to|Rage Fist|p2a: Sneasler\n|-damage|p2a: Sneasler|39\/100\n|move|p2a: Sneasler|Dire Claw|p1a: Their kindness is\n|-supereffective|p1a: Their kindness is\n|-crit|p1a: Their kindness is\n|-damage|p1a: Their kindness is|0 fnt\n|faint|p1a: Their kindness is\n|\n|upkeep\n|inactive|VGCLTH John Pork has 30 seconds left.\n|\n|t:|1731886817\n|switch|p1a: Sedate|Maushold-Four, L50|100\/100\n|turn|3\n|j| mr pogostick\n|\n|t:|1731886842\n|-terastallize|p1a: Sedate|Ghost\n|-terastallize|p2b: Kingambit|Flying\n|move|p1a: Sedate|Population Bomb|p2b: Kingambit\n|-damage|p2b: Kingambit|93\/100\n|-damage|p2b: Kingambit|84\/100\n|-damage|p2b: Kingambit|75\/100\n|-damage|p2b: Kingambit|66\/100\n|-damage|p2b: Kingambit|58\/100\n|-damage|p2b: Kingambit|50\/100\n|-damage|p2b: Kingambit|42\/100\n|-damage|p2b: Kingambit|33\/100\n|-damage|p2b: Kingambit|24\/100\n|-damage|p2b: Kingambit|15\/100\n|-hitcount|p2b: Kingambit|10\n|move|p1b: It\u2019s used to|Rage Fist|p2b: Kingambit\n|-damage|p2b: Kingambit|0 fnt\n|faint|p2b: Kingambit\n|move|p2a: Sneasler|Coaching|p2: Kingambit|[notarget]\n|-fail|p2a: Sneasler\n|\n|upkeep\n|\n|t:|1731886849\n|switch|p2b: Rillaboom|Rillaboom, L50, M|100\/100\n|-fieldstart|move: Grassy Terrain|[from] ability: Grassy Surge|[of] p2b: Rillaboom\n|turn|4\n|\n|t:|1731886862\n|move|p2b: Rillaboom|Grassy Glide|p1a: Sedate\n|-damage|p1a: Sedate|30\/100\n|move|p1a: Sedate|Population Bomb|p2b: Rillaboom\n|-damage|p2b: Rillaboom|89\/100\n|-damage|p2b: Rillaboom|77\/100\n|-damage|p2b: Rillaboom|66\/100\n|-damage|p2b: Rillaboom|54\/100\n|-damage|p2b: Rillaboom|43\/100\n|-damage|p2b: Rillaboom|33\/100\n|-damage|p2b: Rillaboom|22\/100\n|-damage|p2b: Rillaboom|12\/100\n|-damage|p2b: Rillaboom|0 fnt\n|faint|p2b: Rillaboom\n|-hitcount|p2: Rillaboom|9\n|move|p1b: It\u2019s used to|Rage Fist|p2a: Sneasler\n|-damage|p2a: Sneasler|0 fnt\n|faint|p2a: Sneasler\n|\n|-heal|p1a: Sedate|36\/100|[from] Grassy Terrain\n|upkeep\n|\n|t:|1731886865\n|switch|p2b: Ceruledge|Ceruledge, L50, M|23\/100\n|turn|5\n|-message|VGCLTH Bigfoot forfeited.\n|\n|win|VGCLTH John Pork\n|raw|VGCLTH John Pork's rating: 1719 &rarr; <strong>1741<\/strong><br \/>(+22 for winning)\n|raw|VGCLTH Bigfoot's rating: 1750 &rarr; <strong>1728<\/strong><br \/>(-22 for losing)\n|l|\u2606VGCLTH Bigfoot\n|player|p2|\n|l|\u2606VGCLTH John Pork\n|player|p1|\n|l| mr pogostick\n","uploadtime":1731887061,"views":11,"formatid":"gen9vgc2024regh","rating":1728,"private":0,"password":null}