{"id":"gen9vgc2024regh-2245182826","format":"[Gen 9] VGC 2024 Reg H","players":["big raina","VGCLTH NOTREALVGC"],"log":"|raw|<div class=\"broadcast-blue\"><strong>This battle is required to be public due to a player having a name starting with 'vgclth'.<\/div>\n|j|\u2606big raina\n|j|\u2606VGCLTH NOTREALVGC\n|t:|1731786966\n|gametype|doubles\n|player|p1|big raina|1|1717\n|player|p2|VGCLTH NOTREALVGC|dawn|1754\n|teamsize|p1|6\n|teamsize|p2|6\n|gen|9\n|tier|[Gen 9] VGC 2024 Reg H\n|rated|\n|rule|Species Clause: Limit one of each Pok\u00e9mon\n|rule|Item Clause: Limit 1 of each item\n|clearpoke\n|poke|p1|Ursaluna-Bloodmoon, L50, M|\n|poke|p1|Dragonite, L50, M|\n|poke|p1|Kommo-o, L50, F|\n|poke|p1|Grimmsnarl, L50, M|\n|poke|p1|Volcarona, L50, M|\n|poke|p1|Archaludon, L50, F|\n|poke|p2|Indeedee, L50, M|\n|poke|p2|Dondozo, L50, M|\n|poke|p2|Talonflame, L50, M|\n|poke|p2|Tatsugiri, L50, M|\n|poke|p2|Sneasler, L50, M|\n|poke|p2|Ursaluna-Bloodmoon, L50, M|\n|teampreview|4\n|inactive|Battle timer is ON: inactive players will automatically lose when time's up. (requested by VGCLTH NOTREALVGC)\nVGCLTH NOTREALVGC has agreed to open team sheets.\n|\n|t:|1731786996\n|start\n|switch|p1a: Grimmsnarl|Grimmsnarl, L50, M|100\/100\n|switch|p1b: Volcarona|Volcarona, L50, M|100\/100\n|switch|p2a: Sneasler|Sneasler, L50, M|100\/100\n|switch|p2b: Indeedee|Indeedee, L50, M|100\/100\n|-fieldstart|move: Psychic Terrain|[from] ability: Psychic Surge|[of] p2b: Indeedee\n|-enditem|p2a: Sneasler|Psychic Seed\n|-boost|p2a: Sneasler|spd|1|[from] item: Psychic Seed\n|turn|1\n|\n|t:|1731787010\n|move|p2b: Indeedee|Helping Hand|p2a: Sneasler\n|-singleturn|p2a: Sneasler|Helping Hand|[of] p2b: Indeedee\n|move|p1a: Grimmsnarl|Reflect|p1a: Grimmsnarl\n|-sidestart|p1: big raina|Reflect\n|move|p2a: Sneasler|Dire Claw|p1a: Grimmsnarl\n|-supereffective|p1a: Grimmsnarl\n|-damage|p1a: Grimmsnarl|5\/100\n|move|p1b: Volcarona|Struggle Bug|p2b: Indeedee|[spread] p2a,p2b\n|-resisted|p2a: Sneasler\n|-supereffective|p2b: Indeedee\n|-damage|p2a: Sneasler|97\/100\n|-damage|p2b: Indeedee|52\/100\n|-unboost|p2a: Sneasler|spa|1\n|-unboost|p2b: Indeedee|spa|1\n|\n|upkeep\n|turn|2\n|\n|t:|1731787029\n|move|p1a: Grimmsnarl|Light Screen|p1a: Grimmsnarl\n|-sidestart|p1: big raina|move: Light Screen\n|move|p2a: Sneasler|Dire Claw|p1a: Grimmsnarl\n|-supereffective|p1a: Grimmsnarl\n|-damage|p1a: Grimmsnarl|0 fnt\n|faint|p1a: Grimmsnarl\n|move|p2b: Indeedee|Expanding Force|p1b: Volcarona\n|-damage|p1b: Volcarona|69\/100\n|move|p1b: Volcarona|Struggle Bug|p2b: Indeedee|[spread] p2a,p2b\n|-resisted|p2a: Sneasler\n|-supereffective|p2b: Indeedee\n|-damage|p2a: Sneasler|93\/100\n|-damage|p2b: Indeedee|6\/100\n|-unboost|p2a: Sneasler|spa|1\n|-unboost|p2b: Indeedee|spa|1\n|\n|upkeep\n|\n|t:|1731787033\n|switch|p1a: Dragonite|Dragonite, L50, M|100\/100\n|turn|3\n|\n|t:|1731787044\n|move|p2a: Sneasler|Dire Claw|p1a: Dragonite\n|-damage|p1a: Dragonite|84\/100\n|-status|p1a: Dragonite|par\n|move|p2b: Indeedee|Expanding Force|p1a: Dragonite|[spread] p1a,p1b\n|-damage|p1a: Dragonite|65\/100 par\n|-damage|p1b: Volcarona|52\/100\n|move|p1b: Volcarona|Struggle Bug|p2b: Indeedee|[spread] p2a,p2b\n|-resisted|p2a: Sneasler\n|-crit|p2a: Sneasler\n|-supereffective|p2b: Indeedee\n|-damage|p2a: Sneasler|84\/100\n|-damage|p2b: Indeedee|0 fnt\n|-unboost|p2a: Sneasler|spa|1\n|faint|p2b: Indeedee\n|move|p1a: Dragonite|Scale Shot|p2a: Sneasler\n|-damage|p2a: Sneasler|58\/100\n|-damage|p2a: Sneasler|33\/100\n|-damage|p2a: Sneasler|8\/100\n|-damage|p2a: Sneasler|0 fnt\n|faint|p2a: Sneasler\n|-hitcount|p2: Sneasler|4\n|-unboost|p1a: Dragonite|def|1\n|-boost|p1a: Dragonite|spe|1\n|\n|upkeep\n|\n|t:|1731787050\n|switch|p2a: Ursaluna|Ursaluna-Bloodmoon, L50, M|100\/100\n|switch|p2b: Talonflame|Talonflame, L50, M|100\/100\n|turn|4\n|\n|t:|1731787064\n|-terastallize|p2b: Talonflame|Stellar\n|move|p2b: Talonflame|Flare Blitz|p1b: Volcarona\n|-damage|p1b: Volcarona|5\/100\n|-damage|p2b: Talonflame|83\/100|[from] Recoil\n|move|p1b: Volcarona|Struggle Bug|p2a: Ursaluna|[spread] p2a,p2b\n|-resisted|p2b: Talonflame\n|-damage|p2a: Ursaluna|76\/100\n|-damage|p2b: Talonflame|77\/100\n|-unboost|p2a: Ursaluna|spa|1\n|move|p2a: Ursaluna|Blood Moon|p1a: Dragonite\n|-damage|p1a: Dragonite|15\/100 par\n|-damage|p2a: Ursaluna|67\/100|[from] item: Life Orb\n|cant|p1a: Dragonite|par\n|\n|upkeep\n|turn|5\n|inactive|big raina has 30 seconds left.\n|\n|t:|1731787091\n|move|p1a: Dragonite|Protect|p1a: Dragonite\n|-singleturn|p1a: Dragonite|Protect\n|move|p2b: Talonflame|Tailwind|p2b: Talonflame\n|-sidestart|p2: VGCLTH NOTREALVGC|move: Tailwind\n|move|p2a: Ursaluna|Hyper Voice|p1a: Dragonite|[spread] p1b\n|-activate|p1a: Dragonite|move: Protect\n|-damage|p1b: Volcarona|0 fnt\n|faint|p1b: Volcarona\n|-damage|p2a: Ursaluna|57\/100|[from] item: Life Orb\n|\n|-fieldend|move: Psychic Terrain\n|upkeep\n|\n|t:|1731787097\n|switch|p1b: Ursaluna|Ursaluna-Bloodmoon, L50, M|100\/100\n|turn|6\n|\n|t:|1731787118\n|move|p2a: Ursaluna|Protect|p2a: Ursaluna\n|-singleturn|p2a: Ursaluna|Protect\n|move|p1a: Dragonite|Extreme Speed|p2b: Talonflame\n|-damage|p2b: Talonflame|33\/100\n|move|p2b: Talonflame|Dual Wingbeat|p1a: Dragonite|[miss]\n|-miss|p2b: Talonflame|p1a: Dragonite\n|move|p1b: Ursaluna|Blood Moon|p2a: Ursaluna\n|-activate|p2a: Ursaluna|move: Protect\n|\n|upkeep\n|turn|7\n|\n|t:|1731787136\n|cant|p1a: Dragonite|par\n|move|p2b: Talonflame|Dual Wingbeat|p1b: Ursaluna\n|-damage|p1b: Ursaluna|89\/100\n|-damage|p1b: Ursaluna|78\/100\n|-hitcount|p1b: Ursaluna|2\n|move|p2a: Ursaluna|Hyper Voice|p1a: Dragonite|[spread] p1a,p1b\n|-damage|p1a: Dragonite|0 fnt\n|-damage|p1b: Ursaluna|62\/100\n|faint|p1a: Dragonite\n|-damage|p2a: Ursaluna|48\/100|[from] item: Life Orb\n|move|p1b: Ursaluna|Earth Power|p2a: Ursaluna\n|-damage|p2a: Ursaluna|0 fnt\n|faint|p2a: Ursaluna\n|\n|upkeep\n|turn|8\n|\n|t:|1731787147\n|move|p2b: Talonflame|Flare Blitz|p1b: Ursaluna\n|-damage|p1b: Ursaluna|41\/100\n|-damage|p2b: Talonflame|24\/100|[from] Recoil\n|move|p1b: Ursaluna|Hyper Voice|p2b: Talonflame\n|-damage|p2b: Talonflame|0 fnt\n|faint|p2b: Talonflame\n|\n|win|big raina\n|raw|big raina's rating: 1717 &rarr; <strong>1739<\/strong><br \/>(+22 for winning)\n|raw|VGCLTH NOTREALVGC's rating: 1754 &rarr; <strong>1732<\/strong><br \/>(-22 for losing)\n|l|\u2606VGCLTH NOTREALVGC\n|player|p2|\n|l|\u2606big raina\n|player|p1|\n","uploadtime":1731787374,"views":16,"formatid":"gen9vgc2024regh","rating":1732,"private":0,"password":null}