{"id":"gen9vgc2024regh-2245872394","format":"[Gen 9] VGC 2024 Reg H","players":["VGCLTH John Pork","VGCLTH Thacrow"],"log":"|raw|<div class=\"broadcast-blue\"><strong>This battle is required to be public due to a player having a name starting with 'vgclth'.<\/div>\n|j|\u2606VGCLTH John Pork\n|j|\u2606VGCLTH Thacrow\n|t:|1731886878\n|gametype|doubles\n|player|p1|VGCLTH John Pork|ogreclan|1741\n|player|p2|VGCLTH Thacrow|wallace-masters|1892\n|teamsize|p1|6\n|teamsize|p2|6\n|gen|9\n|tier|[Gen 9] VGC 2024 Reg H\n|rated|\n|rule|Species Clause: Limit one of each Pok\u00e9mon\n|rule|Item Clause: Limit 1 of each item\n|clearpoke\n|poke|p1|Whimsicott, L50, F|\n|poke|p1|Typhlosion-Hisui, L50, M|\n|poke|p1|Annihilape, L50, M|\n|poke|p1|Maushold-Four, L50|\n|poke|p1|Farigiraf, L50, F|\n|poke|p1|Ursaluna-Bloodmoon, L50, M|\n|poke|p2|Archaludon, L50, M|\n|poke|p2|Dragonite, L50, F|\n|poke|p2|Pelipper, L50, M|\n|poke|p2|Ursaluna, L50, M|\n|poke|p2|Sinistcha, L50|\n|poke|p2|Gholdengo, L50|\n|teampreview|4\n|inactive|Battle timer is ON: inactive players will automatically lose when time's up. (requested by VGCLTH John Pork)\n|c|\u2606VGCLTH Thacrow|:O\nVGCLTH Thacrow has agreed to open team sheets.\n|\n|t:|1731886905\n|start\n|switch|p1a: Their kindness is|Whimsicott, L50, F|100\/100\n|switch|p1b: Sedate|Maushold-Four, L50|100\/100\n|switch|p2a: Dragonite|Dragonite, L50, F|100\/100\n|switch|p2b: Pelipper|Pelipper, L50, M|100\/100\n|-weather|RainDance|[from] ability: Drizzle|[of] p2b: Pelipper\n|turn|1\n|j| mr pogostick\n|\n|t:|1731886912\n|-terastallize|p2b: Pelipper|Ghost\n|move|p1a: Their kindness is|Sunny Day|p1a: Their kindness is\n|-weather|SunnyDay\n|move|p1b: Sedate|Population Bomb|p2b: Pelipper\n|-immune|p2b: Pelipper\n|move|p2a: Dragonite|Scale Shot|p1b: Sedate\n|-damage|p1b: Sedate|74\/100\n|-damage|p1b: Sedate|50\/100\n|-damage|p1b: Sedate|28\/100\n|-damage|p1b: Sedate|4\/100\n|-hitcount|p1b: Sedate|4\n|-unboost|p2a: Dragonite|def|1\n|-boost|p2a: Dragonite|spe|1\n|move|p2b: Pelipper|Tailwind|p2b: Pelipper\n|-sidestart|p2: VGCLTH Thacrow|move: Tailwind\n|\n|-weather|SunnyDay|[upkeep]\n|upkeep\n|turn|2\n|\n|t:|1731886922\n|-terastallize|p1b: Sedate|Ghost\n|move|p1a: Their kindness is|Tailwind|p1a: Their kindness is\n|-sidestart|p1: VGCLTH John Pork|move: Tailwind\n|move|p2a: Dragonite|Scale Shot|p1b: Sedate|[miss]\n|-miss|p2a: Dragonite|p1b: Sedate\n|move|p1b: Sedate|Population Bomb|p2a: Dragonite\n|-damage|p2a: Dragonite|92\/100\n|-damage|p2a: Dragonite|73\/100\n|-damage|p2a: Dragonite|53\/100\n|-damage|p2a: Dragonite|35\/100\n|-crit|p2a: Dragonite\n|-damage|p2a: Dragonite|4\/100\n|-damage|p2a: Dragonite|0 fnt\n|faint|p2a: Dragonite\n|-hitcount|p2: Dragonite|6\n|move|p2b: Pelipper|Hurricane|p1a: Their kindness is\n|-supereffective|p1a: Their kindness is\n|-enditem|p1a: Their kindness is|Focus Sash\n|-damage|p1a: Their kindness is|1\/100\n|\n|-weather|SunnyDay|[upkeep]\n|upkeep\n|\n|t:|1731886931\n|switch|p2a: Gholdengo|Gholdengo, L50|100\/100\n|turn|3\n|\n|t:|1731886944\n|switch|p2b: Archaludon|Archaludon, L50, M|100\/100\n|move|p2a: Gholdengo|Make It Rain|p1b: Sedate|[spread] p1a,p1b\n|-supereffective|p1a: Their kindness is\n|-damage|p1a: Their kindness is|0 fnt\n|-damage|p1b: Sedate|0 fnt\n|-unboost|p2a: Gholdengo|spa|1\n|faint|p1a: Their kindness is\n|faint|p1b: Sedate\n|\n|-weather|SunnyDay|[upkeep]\n|upkeep\n|\n|t:|1731886947\n|switch|p1a: Charade|Typhlosion-Hisui, L50, M|100\/100\n|switch|p1b: Unashamed|Ursaluna-Bloodmoon, L50, M|100\/100\n|-item|p2a: Gholdengo|Choice Scarf|[from] ability: Frisk|[of] p1a: Charade\n|-item|p2b: Archaludon|Assault Vest|[from] ability: Frisk|[of] p1a: Charade\n|turn|4\n|j| Thorsten_123\n|\n|t:|1731886959\n|switch|p2b: Pelipper|Pelipper, L50, M, tera:Ghost|100\/100\n|-weather|RainDance|[from] ability: Drizzle|[of] p2b: Pelipper\n|move|p2a: Gholdengo|Make It Rain|p1a: Charade|[spread] p1a,p1b\n|-resisted|p1a: Charade\n|-damage|p1a: Charade|77\/100\n|-damage|p1b: Unashamed|59\/100\n|-unboost|p2a: Gholdengo|spa|1\n|move|p1a: Charade|Eruption|p2b: Pelipper|[spread] p2a,p2b\n|-supereffective|p2a: Gholdengo\n|-damage|p2a: Gholdengo|33\/100\n|-damage|p2b: Pelipper|45\/100\n|move|p1b: Unashamed|Earth Power|p2b: Pelipper\n|-damage|p2b: Pelipper|0 fnt\n|faint|p2b: Pelipper\n|-damage|p1b: Unashamed|49\/100|[from] item: Life Orb\n|\n|-weather|RainDance|[upkeep]\n|-sideend|p2: VGCLTH Thacrow|move: Tailwind\n|upkeep\n|\n|t:|1731886968\n|switch|p2b: Archaludon|Archaludon, L50, M|100\/100\n|turn|5\n|\n|t:|1731886972\n|move|p1a: Charade|Eruption|p2a: Gholdengo|[spread] p2a,p2b\n|-supereffective|p2a: Gholdengo\n|-crit|p2a: Gholdengo\n|-damage|p2a: Gholdengo|0 fnt\n|-damage|p2b: Archaludon|75\/100\n|-ability|p2b: Archaludon|Stamina|boost\n|-boost|p2b: Archaludon|def|1\n|faint|p2a: Gholdengo\n|move|p1b: Unashamed|Earth Power|p2b: Archaludon\n|-supereffective|p2b: Archaludon\n|-damage|p2b: Archaludon|0 fnt\n|faint|p2b: Archaludon\n|-damage|p1b: Unashamed|40\/100|[from] item: Life Orb\n|\n|win|VGCLTH John Pork\n|raw|VGCLTH John Pork's rating: 1741 &rarr; <strong>1769<\/strong><br \/>(+28 for winning)\n|raw|VGCLTH Thacrow's rating: 1892 &rarr; <strong>1864<\/strong><br \/>(-28 for losing)\n|c|\u2606VGCLTH Thacrow|Hax\n|l| mr pogostick\n|c|\u2606VGCLTH John Pork|What happened to the ceruledge\n|c|\u2606VGCLTH John Pork|btw holy elo\n|c|\u2606VGCLTH John Pork|revenge for whatever the hell that was that happened last time\n|c|\u2606VGCLTH Thacrow|Idk Im trying this out\n|l| Thorsten_123\n|l|\u2606VGCLTH John Pork\n|player|p1|\n|l|\u2606VGCLTH Thacrow\n|player|p2|\n","uploadtime":1731887200,"views":39,"formatid":"gen9vgc2024regh","rating":1769,"private":0,"password":null}