{"id":"gen9vgc2024regh-2245631900","format":"[Gen 9] VGC 2024 Reg H","players":["same blue","VGCLTH ladderboy66"],"log":"|raw|<div class=\"broadcast-blue\"><strong>This battle is required to be public due to a player having a name starting with 'vgclth'.<\/div>\n|j|\u2606same blue\n|j|\u2606VGCLTH ladderboy66\n|t:|1731858089\n|gametype|doubles\n|player|p1|same blue|265|1656\n|player|p2|VGCLTH ladderboy66|169|1717\n|teamsize|p1|6\n|teamsize|p2|6\n|gen|9\n|tier|[Gen 9] VGC 2024 Reg H\n|rated|\n|rule|Species Clause: Limit one of each Pok\u00e9mon\n|rule|Item Clause: Limit 1 of each item\n|clearpoke\n|poke|p1|Rillaboom, L50, M|\n|poke|p1|Arcanine, L50, F|\n|poke|p1|Primarina, L50, F|\n|poke|p1|Electabuzz, L50, F|\n|poke|p1|Dragonite, L50, M|\n|poke|p1|Ursaluna-Bloodmoon, L50, M|\n|poke|p2|Archaludon, L50, M|\n|poke|p2|Whimsicott, L50, M|\n|poke|p2|Pelipper, L50, M|\n|poke|p2|Basculegion, L50, M|\n|poke|p2|Gholdengo, L50|\n|poke|p2|Rillaboom, L50, F|\n|teampreview|4\n|\n|t:|1731858127\n|start\n|switch|p1a: Arcanine|Arcanine, L50, F|100\/100\n|switch|p1b: Electabuzz|Electabuzz, L50, F|100\/100\n|switch|p2a: Whimsicott|Whimsicott, L50, M|100\/100\n|switch|p2b: Rillaboom|Rillaboom, L50, F|100\/100\n|-ability|p1a: Arcanine|Intimidate|boost\n|-unboost|p2a: Whimsicott|atk|1\n|-unboost|p2b: Rillaboom|atk|1\n|-fieldstart|move: Grassy Terrain|[from] ability: Grassy Surge|[of] p2b: Rillaboom\n|turn|1\n|\n|t:|1731858155\n|move|p2b: Rillaboom|Fake Out|p1b: Electabuzz\n|-damage|p1b: Electabuzz|92\/100\n|move|p2a: Whimsicott|Tailwind|p2a: Whimsicott\n|-sidestart|p2: VGCLTH ladderboy66|move: Tailwind\n|cant|p1b: Electabuzz|flinch\n|move|p1a: Arcanine|Flare Blitz|p2a: Whimsicott\n|-supereffective|p2a: Whimsicott\n|-damage|p2a: Whimsicott|0 fnt\n|faint|p2a: Whimsicott\n|-damage|p1a: Arcanine|68\/100|[from] Recoil\n|\n|-heal|p1b: Electabuzz|98\/100|[from] Grassy Terrain\n|-heal|p1a: Arcanine|74\/100|[from] Grassy Terrain\n|upkeep\n|\n|t:|1731858157\n|switch|p2a: Pelipper|Pelipper, L50, M|100\/100\n|-weather|RainDance|[from] ability: Drizzle|[of] p2a: Pelipper\n|turn|2\n|\n|t:|1731858187\n|switch|p1a: Dragonite|Dragonite, L50, M|100\/100\n|move|p1b: Electabuzz|Protect|p1b: Electabuzz\n|-singleturn|p1b: Electabuzz|Protect\n|move|p2b: Rillaboom|Wood Hammer|p1b: Electabuzz\n|-activate|p1b: Electabuzz|move: Protect\n|move|p2a: Pelipper|Weather Ball|p1b: Electabuzz\n|-activate|p1b: Electabuzz|move: Protect\n|\n|-weather|RainDance|[upkeep]\n|-heal|p1b: Electabuzz|100\/100|[from] Grassy Terrain\n|upkeep\n|turn|3\n|\n|t:|1731858217\n|move|p2b: Rillaboom|Wood Hammer|p1b: Electabuzz\n|-damage|p1b: Electabuzz|36\/100\n|-damage|p2b: Rillaboom|79\/100|[from] Recoil\n|move|p2a: Pelipper|Weather Ball|p1b: Electabuzz\n|-damage|p1b: Electabuzz|0 fnt\n|faint|p1b: Electabuzz\n|-damage|p2a: Pelipper|91\/100|[from] item: Life Orb\n|move|p1a: Dragonite|Scale Shot|p2b: Rillaboom\n|-damage|p2b: Rillaboom|64\/100\n|-damage|p2b: Rillaboom|47\/100\n|-damage|p2b: Rillaboom|31\/100\n|-damage|p2b: Rillaboom|15\/100\n|-hitcount|p2b: Rillaboom|4\n|-unboost|p1a: Dragonite|def|1\n|-boost|p1a: Dragonite|spe|1\n|\n|-weather|RainDance|[upkeep]\n|-heal|p2b: Rillaboom|22\/100|[from] Grassy Terrain\n|upkeep\n|\n|t:|1731858237\n|switch|p1b: Arcanine|Arcanine, L50, F|74\/100\n|-ability|p1b: Arcanine|Intimidate|boost\n|-unboost|p2a: Pelipper|atk|1\n|-unboost|p2b: Rillaboom|atk|1\n|turn|4\n|\n|t:|1731858262\n|move|p1b: Arcanine|Protect|p1b: Arcanine\n|-singleturn|p1b: Arcanine|Protect\n|move|p2b: Rillaboom|Wood Hammer|p1a: Dragonite\n|-resisted|p1a: Dragonite\n|-damage|p1a: Dragonite|91\/100\n|-damage|p2b: Rillaboom|19\/100|[from] Recoil\n|move|p2a: Pelipper|Hurricane|p1a: Dragonite\n|-damage|p1a: Dragonite|23\/100\n|-damage|p2a: Pelipper|82\/100|[from] item: Life Orb\n|move|p1a: Dragonite|Tailwind|p1a: Dragonite\n|-sidestart|p1: same blue|move: Tailwind\n|\n|-weather|RainDance|[upkeep]\n|-heal|p1b: Arcanine|80\/100|[from] Grassy Terrain\n|-heal|p2b: Rillaboom|25\/100|[from] Grassy Terrain\n|-sideend|p2: VGCLTH ladderboy66|move: Tailwind\n|upkeep\n|turn|5\n|\n|t:|1731858303\n|-terastallize|p2b: Rillaboom|Grass\n|move|p2a: Pelipper|Protect|p2a: Pelipper\n|-singleturn|p2a: Pelipper|Protect\n|move|p1a: Dragonite|Scale Shot|p2a: Pelipper\n|-activate|p2a: Pelipper|move: Protect\n|move|p1b: Arcanine|Will-O-Wisp|p2b: Rillaboom\n|-status|p2b: Rillaboom|brn\n|move|p2b: Rillaboom|Wood Hammer|p1a: Dragonite\n|-resisted|p1a: Dragonite\n|-damage|p1a: Dragonite|10\/100\n|-damage|p2b: Rillaboom|21\/100 brn|[from] Recoil\n|\n|-weather|RainDance|[upkeep]\n|-heal|p1b: Arcanine|86\/100|[from] Grassy Terrain\n|-heal|p2b: Rillaboom|27\/100 brn|[from] Grassy Terrain\n|-damage|p2b: Rillaboom|21\/100 brn|[from] brn\n|-fieldend|move: Grassy Terrain\n|upkeep\n|turn|6\n|j| Chili's Lab\n|\n|t:|1731858336\n|switch|p2a: Gholdengo|Gholdengo, L50|100\/100\n|move|p1a: Dragonite|Scale Shot|p2a: Gholdengo\n|-resisted|p2a: Gholdengo\n|-damage|p2a: Gholdengo|92\/100\n|-resisted|p2a: Gholdengo\n|-damage|p2a: Gholdengo|83\/100\n|-resisted|p2a: Gholdengo\n|-damage|p2a: Gholdengo|75\/100\n|-resisted|p2a: Gholdengo\n|-damage|p2a: Gholdengo|66\/100\n|-resisted|p2a: Gholdengo\n|-damage|p2a: Gholdengo|58\/100\n|-hitcount|p2a: Gholdengo|5\n|-unboost|p1a: Dragonite|def|1\n|-boost|p1a: Dragonite|spe|1\n|move|p1b: Arcanine|Flare Blitz|p2b: Rillaboom\n|-supereffective|p2b: Rillaboom\n|-damage|p2b: Rillaboom|0 fnt\n|faint|p2b: Rillaboom\n|-damage|p1b: Arcanine|78\/100|[from] Recoil\n|\n|-weather|none\n|upkeep\n|\n|t:|1731858344\n|switch|p2b: Pelipper|Pelipper, L50, M|82\/100\n|-weather|RainDance|[from] ability: Drizzle|[of] p2b: Pelipper\n|turn|7\n|\n|t:|1731858371\n|move|p1a: Dragonite|Scale Shot|p2b: Pelipper\n|-damage|p2b: Pelipper|61\/100\n|-damage|p2b: Pelipper|41\/100\n|-damage|p2b: Pelipper|23\/100\n|-damage|p2b: Pelipper|3\/100\n|-damage|p2b: Pelipper|0 fnt\n|faint|p2b: Pelipper\n|-hitcount|p2: Pelipper|5\n|-unboost|p1a: Dragonite|def|1\n|-boost|p1a: Dragonite|spe|1\n|move|p1b: Arcanine|Flare Blitz|p2a: Gholdengo\n|-supereffective|p2a: Gholdengo\n|-damage|p2a: Gholdengo|0 fnt\n|faint|p2a: Gholdengo\n|-damage|p1b: Arcanine|60\/100|[from] Recoil\n|\n|win|same blue\n|raw|same blue's rating: 1656 &rarr; <strong>1679<\/strong><br \/>(+23 for winning)\n|raw|VGCLTH ladderboy66's rating: 1717 &rarr; <strong>1694<\/strong><br \/>(-23 for losing)\n|l|\u2606VGCLTH ladderboy66\n|player|p2|\n|l|\u2606same blue\n|player|p1|\n|l| Chili's Lab\n|j| vgclthmagnetman\n|l| vgclthmagnetman\n","uploadtime":1731858570,"views":12,"formatid":"gen9vgc2024regh","rating":1679,"private":0,"password":null}