{"id":"gen9vgc2024regh-2245702268","format":"[Gen 9] VGC 2024 Reg H","players":["vgclth papaneth","por minha atendido"],"log":"|raw|<div class=\"broadcast-blue\"><strong>This battle is required to be public due to a player having a name starting with 'vgclth'.<\/div>\n|j|\u2606vgclth papaneth\n|j|\u2606por minha atendido\n|t:|1731866807\n|gametype|doubles\n|player|p1|vgclth papaneth|rood|1726\n|player|p2|por minha atendido|102|1754\n|teamsize|p1|6\n|teamsize|p2|6\n|gen|9\n|tier|[Gen 9] VGC 2024 Reg H\n|rated|\n|rule|Species Clause: Limit one of each Pok\u00e9mon\n|rule|Item Clause: Limit 1 of each item\n|clearpoke\n|poke|p1|Tyranitar, L50, M|\n|poke|p1|Gengar, L50, M|\n|poke|p1|Kommo-o, L50, F|\n|poke|p1|Rillaboom, L50, M|\n|poke|p1|Annihilape, L50, M|\n|poke|p1|Whimsicott, L50, M|\n|poke|p2|Annihilape, L50, M|\n|poke|p2|Delphox, L50, F|\n|poke|p2|Murkrow, L50, M|\n|poke|p2|Sneasler, L50, M|\n|poke|p2|Indeedee, L50, M|\n|poke|p2|Gholdengo, L50|\n|teampreview|4\n|inactive|Battle timer is ON: inactive players will automatically lose when time's up. (requested by vgclth papaneth)\n|l|\u2606por minha atendido\n|inactive|por minha atendido disconnected and has a minute to reconnect!\n|player|p2|\n|j|\u2606por minha atendido\n|inactive|por minha atendido reconnected and has 75 seconds left.\n|player|p2|por minha atendido|102|\n|inactive|vgclth papaneth has 60 seconds left.\n|inactive|por minha atendido has 60 seconds left.\n|\n|t:|1731866845\n|start\n|switch|p1a: Rillaboom|Rillaboom, L50, M|100\/100\n|switch|p1b: Whimsicott|Whimsicott, L50, M|100\/100\n|switch|p2a: Gholdengo|Gholdengo, L50|100\/100\n|switch|p2b: Murkrow|Murkrow, L50, M|100\/100\n|-fieldstart|move: Grassy Terrain|[from] ability: Grassy Surge|[of] p1a: Rillaboom\n|turn|1\n|\n|t:|1731866861\n|move|p1b: Whimsicott|Tailwind|p1b: Whimsicott\n|-sidestart|p1: vgclth papaneth|move: Tailwind\n|move|p1a: Rillaboom|High Horsepower|p2a: Gholdengo\n|-supereffective|p2a: Gholdengo\n|-damage|p2a: Gholdengo|0 fnt\n|faint|p2a: Gholdengo\n|move|p2b: Murkrow|Foul Play|p1b: Whimsicott\n|-resisted|p1b: Whimsicott\n|-damage|p1b: Whimsicott|89\/100\n|\n|-heal|p1b: Whimsicott|95\/100|[from] Grassy Terrain\n|upkeep\n|\n|t:|1731866869\n|switch|p2a: Indeedee|Indeedee, L50, M|100\/100\n|-fieldstart|move: Psychic Terrain|[from] ability: Psychic Surge|[of] p2a: Indeedee\n|turn|2\n|\n|t:|1731866878\n|switch|p1a: Tyranitar|Tyranitar, L50, M, shiny|100\/100\n|-weather|Sandstorm|[from] ability: Sand Stream|[of] p1a: Tyranitar\n|move|p2a: Indeedee|Protect|p2a: Indeedee\n|-singleturn|p2a: Indeedee|Protect\n|move|p1b: Whimsicott|Moonblast|p2a: Indeedee\n|-activate|p2a: Indeedee|move: Protect\n|move|p2b: Murkrow|Foul Play|p1a: Tyranitar\n|-resisted|p1a: Tyranitar\n|-damage|p1a: Tyranitar|79\/100\n|\n|-weather|Sandstorm|[upkeep]\n|-damage|p1b: Whimsicott|89\/100|[from] Sandstorm\n|-damage|p2a: Indeedee|95\/100|[from] Sandstorm\n|-damage|p2b: Murkrow|95\/100|[from] Sandstorm\n|upkeep\n|turn|3\n|j| Finabas\n|\n|t:|1731866893\n|switch|p1a: Rillaboom|Rillaboom, L50, M|100\/100\n|-fieldstart|move: Grassy Terrain|[from] ability: Grassy Surge|[of] p1a: Rillaboom\n|switch|p2b: Sneasler|Sneasler, L50, M|100\/100\n|move|p1b: Whimsicott|Encore|p2a: Indeedee\n|-start|p2a: Indeedee|Encore\n|move|p2a: Indeedee|Protect||[still]\n|-fail|p2a: Indeedee\n|\n|-weather|Sandstorm|[upkeep]\n|-damage|p1b: Whimsicott|83\/100|[from] Sandstorm\n|-damage|p1a: Rillaboom|94\/100|[from] Sandstorm\n|-damage|p2b: Sneasler|95\/100|[from] Sandstorm\n|-damage|p2a: Indeedee|89\/100|[from] Sandstorm\n|-heal|p1b: Whimsicott|89\/100|[from] Grassy Terrain\n|-heal|p1a: Rillaboom|100\/100|[from] Grassy Terrain\n|-heal|p2b: Sneasler|100\/100|[from] Grassy Terrain\n|-heal|p2a: Indeedee|95\/100|[from] Grassy Terrain\n|upkeep\n|turn|4\n|\n|t:|1731866913\n|switch|p2a: Murkrow|Murkrow, L50, M|95\/100\n|move|p2b: Sneasler|Protect|p2b: Sneasler\n|-singleturn|p2b: Sneasler|Protect\n|move|p1b: Whimsicott|Moonblast|p2a: Murkrow\n|-supereffective|p2a: Murkrow\n|-damage|p2a: Murkrow|37\/100\n|move|p1a: Rillaboom|Wood Hammer|p2a: Murkrow\n|-resisted|p2a: Murkrow\n|-damage|p2a: Murkrow|0 fnt\n|faint|p2a: Murkrow\n|-damage|p1a: Rillaboom|89\/100|[from] Recoil\n|\n|-weather|Sandstorm|[upkeep]\n|-damage|p1b: Whimsicott|83\/100|[from] Sandstorm\n|-damage|p1a: Rillaboom|83\/100|[from] Sandstorm\n|-damage|p2b: Sneasler|95\/100|[from] Sandstorm\n|-heal|p1b: Whimsicott|89\/100|[from] Grassy Terrain\n|-heal|p1a: Rillaboom|89\/100|[from] Grassy Terrain\n|-heal|p2b: Sneasler|100\/100|[from] Grassy Terrain\n|-sideend|p1: vgclth papaneth|move: Tailwind\n|upkeep\n|l| Finabas\n|\n|t:|1731866927\n|switch|p2a: Indeedee|Indeedee, L50, M|95\/100\n|-fieldstart|move: Psychic Terrain|[from] ability: Psychic Surge|[of] p2a: Indeedee\n|-enditem|p2b: Sneasler|Psychic Seed\n|-boost|p2b: Sneasler|spd|1|[from] item: Psychic Seed\n|turn|5\n|\n|t:|1731866937\n|switch|p1a: Kommo-o|Kommo-o, L50, F|100\/100\n|-terastallize|p2a: Indeedee|Psychic\n|move|p1b: Whimsicott|Tailwind|p1b: Whimsicott\n|-sidestart|p1: vgclth papaneth|move: Tailwind\n|move|p2b: Sneasler|Close Combat|p1a: Kommo-o\n|-damage|p1a: Kommo-o|28\/100\n|-unboost|p2b: Sneasler|def|1\n|-unboost|p2b: Sneasler|spd|1\n|move|p2a: Indeedee|Expanding Force|p1a: Kommo-o|[spread] p1a,p1b\n|-supereffective|p1a: Kommo-o\n|-damage|p1a: Kommo-o|0 fnt\n|-damage|p1b: Whimsicott|4\/100\n|faint|p1a: Kommo-o\n|\n|-weather|Sandstorm|[upkeep]\n|-damage|p2b: Sneasler|95\/100|[from] Sandstorm\n|-damage|p1b: Whimsicott|0 fnt|[from] Sandstorm\n|-damage|p2a: Indeedee|89\/100|[from] Sandstorm\n|faint|p1b: Whimsicott\n|upkeep\n|\n|t:|1731866940\n|switch|p1b: Rillaboom|Rillaboom, L50, M|89\/100\n|switch|p1a: Tyranitar|Tyranitar, L50, M, shiny|79\/100\n|-fieldstart|move: Grassy Terrain|[from] ability: Grassy Surge|[of] p1b: Rillaboom\n|turn|6\n|\n|t:|1731866956\n|-terastallize|p1a: Tyranitar|Flying\n|move|p2b: Sneasler|Protect|p2b: Sneasler\n|-singleturn|p2b: Sneasler|Protect\n|move|p2a: Indeedee|Protect|p2a: Indeedee\n|-singleturn|p2a: Indeedee|Protect\n|move|p1b: Rillaboom|Grassy Glide|p2a: Indeedee\n|-activate|p2a: Indeedee|move: Protect\n|move|p1a: Tyranitar|Tera Blast|p2b: Sneasler|[anim] Tera Blast Flying\n|-activate|p2b: Sneasler|move: Protect\n|\n|-weather|none\n|-heal|p2b: Sneasler|100\/100|[from] Grassy Terrain\n|-heal|p1b: Rillaboom|95\/100|[from] Grassy Terrain\n|-heal|p2a: Indeedee|95\/100|[from] Grassy Terrain\n|upkeep\n|turn|7\n|inactive|por minha atendido has 30 seconds left.\n|inactive|por minha atendido has 20 seconds left.\n|inactive|por minha atendido has 15 seconds left.\n|\n|t:|1731866997\n|move|p1b: Rillaboom|Grassy Glide|p2a: Indeedee\n|-damage|p2a: Indeedee|0 fnt\n|faint|p2a: Indeedee\n|move|p2b: Sneasler|Dire Claw|p1b: Rillaboom\n|-supereffective|p1b: Rillaboom\n|-damage|p1b: Rillaboom|0 fnt\n|faint|p1b: Rillaboom\n|move|p1a: Tyranitar|Tera Blast|p2b: Sneasler|[anim] Tera Blast Flying\n|-supereffective|p2b: Sneasler\n|-damage|p2b: Sneasler|0 fnt\n|faint|p2b: Sneasler\n|\n|win|vgclth papaneth\n|raw|vgclth papaneth's rating: 1726 &rarr; <strong>1748<\/strong><br \/>(+22 for winning)\n|raw|por minha atendido's rating: 1754 &rarr; <strong>1732<\/strong><br \/>(-22 for losing)\n|l|\u2606por minha atendido\n|player|p2|\n|l|\u2606vgclth papaneth\n|player|p1|\n","uploadtime":1731867163,"views":12,"formatid":"gen9vgc2024regh","rating":1732,"private":0,"password":null}