{"id":"gen9vgc2024regh-2245857103","format":"[Gen 9] VGC 2024 Reg H","players":["VGCLTH TnB","VGCLTH Sac gaming"],"log":"|j|\u2606VGCLTH TnB\n|j|\u2606VGCLTH Sac gaming\n|t:|1731884964\n|gametype|doubles\n|player|p1|VGCLTH TnB|roxanne-masters|1871\n|player|p2|VGCLTH Sac gaming|steven|1808\n|teamsize|p1|6\n|teamsize|p2|6\n|gen|9\n|tier|[Gen 9] VGC 2024 Reg H\n|rated|\n|rule|Species Clause: Limit one of each Pok\u00e9mon\n|rule|Item Clause: Limit 1 of each item\n|clearpoke\n|poke|p1|Klefki, L50, M|\n|poke|p1|Annihilape, L50, M|\n|poke|p1|Archaludon, L50, M|\n|poke|p1|Maushold, L50|\n|poke|p1|Sinistcha, L50|\n|poke|p1|Pelipper, L50, F|\n|poke|p2|Whimsicott, L50, F|\n|poke|p2|Dragonite, L50, F|\n|poke|p2|Ursaluna-Bloodmoon, L50, M|\n|poke|p2|Gholdengo, L50|\n|poke|p2|Incineroar, L50, F|\n|poke|p2|Annihilape, L50, M|\n|teampreview|4\n|inactive|Battle timer is ON: inactive players will automatically lose when time's up. (requested by VGCLTH TnB)\nVGCLTH Sac gaming rejected open team sheets.\n|inactive|VGCLTH TnB has 60 seconds left.\n|inactive|VGCLTH Sac gaming has 60 seconds left.\n|\n|t:|1731885025\n|start\n|switch|p1a: Maushold|Maushold, L50|100\/100\n|switch|p1b: Pelipper|Pelipper, L50, F|100\/100\n|switch|p2a: Whimsicott|Whimsicott, L50, F|100\/100\n|switch|p2b: Dragonite|Dragonite, L50, F|100\/100\n|-weather|RainDance|[from] ability: Drizzle|[of] p1b: Pelipper\n|turn|1\n|inactive|VGCLTH TnB has 30 seconds left.\n|inactive|VGCLTH TnB has 20 seconds left.\n|inactive|VGCLTH Sac gaming has 30 seconds left.\n|inactive|VGCLTH Sac gaming has 20 seconds left.\n|inactive|VGCLTH Sac gaming has 15 seconds left.\n|\n|t:|1731885075\n|switch|p1b: Archaludon|Archaludon, L50, M|100\/100\n|move|p1a: Maushold|Protect|p1a: Maushold\n|-singleturn|p1a: Maushold|Protect\n|move|p2a: Whimsicott|Tailwind|p2a: Whimsicott\n|-sidestart|p2: VGCLTH Sac gaming|move: Tailwind\n|move|p2b: Dragonite|Scale Shot|p1a: Maushold\n|-activate|p1a: Maushold|move: Protect\n|\n|-weather|RainDance|[upkeep]\n|upkeep\n|turn|2\n|inactive|VGCLTH TnB has 30 seconds left.\n|inactive|VGCLTH TnB has 20 seconds left.\n|inactive|VGCLTH TnB has 15 seconds left.\n|inactive|VGCLTH Sac gaming has 30 seconds left.\n|\n|t:|1731885120\n|move|p2a: Whimsicott|Moonblast|p1a: Maushold\n|-damage|p1a: Maushold|60\/100\n|move|p2b: Dragonite|Scale Shot|p1a: Maushold\n|-damage|p1a: Maushold|45\/100\n|-damage|p1a: Maushold|31\/100\n|-damage|p1a: Maushold|15\/100\n|-damage|p1a: Maushold|0 fnt\n|faint|p1a: Maushold\n|-hitcount|p1: Maushold|4\n|-unboost|p2b: Dragonite|def|1\n|-boost|p2b: Dragonite|spe|1\n|move|p1b: Archaludon|Electro Shot||[still]\n|-prepare|p1b: Archaludon|Electro Shot\n|-boost|p1b: Archaludon|spa|1\n|-anim|p1b: Archaludon|Electro Shot|p2b: Dragonite\n|-damage|p2b: Dragonite|67\/100\n|\n|-weather|RainDance|[upkeep]\n|upkeep\n|\n|t:|1731885132\n|switch|p1a: Sinistcha|Sinistcha, L50|100\/100\n|turn|3\n|j| Thorsten_123\n|\n|t:|1731885155\n|move|p2b: Dragonite|Scale Shot|p1a: Sinistcha\n|-damage|p1a: Sinistcha|88\/100\n|-damage|p1a: Sinistcha|76\/100\n|-damage|p1a: Sinistcha|65\/100\n|-damage|p1a: Sinistcha|52\/100\n|-hitcount|p1a: Sinistcha|4\n|-unboost|p2b: Dragonite|def|1\n|-boost|p2b: Dragonite|spe|1\n|move|p2a: Whimsicott|Moonblast|p1a: Sinistcha\n|-damage|p1a: Sinistcha|18\/100\n|-enditem|p1a: Sinistcha|Sitrus Berry|[eat]\n|-heal|p1a: Sinistcha|43\/100|[from] item: Sitrus Berry\n|move|p1b: Archaludon|Electro Shot||[still]\n|-prepare|p1b: Archaludon|Electro Shot\n|-boost|p1b: Archaludon|spa|1\n|-anim|p1b: Archaludon|Electro Shot|p2a: Whimsicott\n|-resisted|p2a: Whimsicott\n|-damage|p2a: Whimsicott|36\/100\n|move|p1a: Sinistcha|Trick Room|p1a: Sinistcha\n|-fieldstart|move: Trick Room|[of] p1a: Sinistcha\n|\n|-weather|RainDance|[upkeep]\n|upkeep\n|turn|4\n|inactive|VGCLTH Sac gaming has 30 seconds left.\n|\n|t:|1731885183\n|switch|p1a: Pelipper|Pelipper, L50, F|100\/100\n|move|p2a: Whimsicott|Encore||[still]\n|-fail|p2a: Whimsicott\n|move|p1b: Archaludon|Electro Shot||[still]\n|-prepare|p1b: Archaludon|Electro Shot\n|-boost|p1b: Archaludon|spa|1\n|-anim|p1b: Archaludon|Electro Shot|p2b: Dragonite\n|-damage|p2b: Dragonite|0 fnt\n|faint|p2b: Dragonite\n|\n|-weather|RainDance|[upkeep]\n|-sideend|p2: VGCLTH Sac gaming|move: Tailwind\n|upkeep\n|\n|t:|1731885202\n|switch|p2b: Gholdengo|Gholdengo, L50|100\/100\n|turn|5\n|\n|t:|1731885221\n|move|p1b: Archaludon|Electro Shot||[still]\n|-prepare|p1b: Archaludon|Electro Shot\n|-boost|p1b: Archaludon|spa|1\n|-anim|p1b: Archaludon|Electro Shot|p2b: Gholdengo\n|-damage|p2b: Gholdengo|0 fnt\n|faint|p2b: Gholdengo\n|move|p1a: Pelipper|Hurricane|p2a: Whimsicott\n|-supereffective|p2a: Whimsicott\n|-damage|p2a: Whimsicott|0 fnt\n|faint|p2a: Whimsicott\n|\n|-weather|RainDance|[upkeep]\n|upkeep\n|-message|VGCLTH Sac gaming forfeited.\n|\n|win|VGCLTH TnB\n|raw|VGCLTH TnB's rating: 1871 &rarr; <strong>1887<\/strong><br \/>(+16 for winning)\n|raw|VGCLTH Sac gaming's rating: 1808 &rarr; <strong>1792<\/strong><br \/>(-16 for losing)\n|l|\u2606VGCLTH Sac gaming\n|player|p2|\n|l|\u2606VGCLTH TnB\n|player|p1|\n|l| Thorsten_123\n","uploadtime":1731885398,"views":32,"formatid":"gen9vgc2024regh","rating":1792,"private":0,"password":null}