{"id":"gen9vgc2024regh-2245931899","format":"[Gen 9] VGC 2024 Reg H","players":["VGCLTH Sac gaming","don't use magmar"],"log":"|raw|<div class=\"broadcast-blue\"><strong>This battle is required to be public due to a player having a name starting with 'vgclth'.<\/div>\n|j|\u2606VGCLTH Sac gaming\n|j|\u2606don't use magmar\n|t:|1731894513\n|gametype|doubles\n|player|p1|VGCLTH Sac gaming|steven|1709\n|player|p2|don't use magmar|lucas|1907\n|teamsize|p1|6\n|teamsize|p2|6\n|gen|9\n|tier|[Gen 9] VGC 2024 Reg H\n|rated|\n|rule|Species Clause: Limit one of each Pok\u00e9mon\n|rule|Item Clause: Limit 1 of each item\n|clearpoke\n|poke|p1|Whimsicott, L50, M|\n|poke|p1|Dragonite, L50, M|\n|poke|p1|Ursaluna-Bloodmoon, L50, M|\n|poke|p1|Gholdengo, L50|\n|poke|p1|Incineroar, L50, F|\n|poke|p1|Annihilape, L50, F|\n|poke|p2|Incineroar, L50, F|\n|poke|p2|Amoonguss, L50, M|\n|poke|p2|Gholdengo, L50|\n|poke|p2|Sneasler, L50, M|\n|poke|p2|Ursaluna-Bloodmoon, L50, M|\n|poke|p2|Palafin, L50, F|\n|teampreview|4\n|inactive|Battle timer is ON: inactive players will automatically lose when time's up. (requested by don't use magmar)\n|\n|t:|1731894552\n|start\n|switch|p1a: Incineroar|Incineroar, L50, F|100\/100\n|switch|p1b: Gholdengo|Gholdengo, L50|100\/100\n|switch|p2a: Palafin|Palafin, L50, F|100\/100\n|switch|p2b: Gholdengo|Gholdengo, L50|100\/100\n|-ability|p1a: Incineroar|Intimidate|boost\n|-unboost|p2a: Palafin|atk|1\n|-unboost|p2b: Gholdengo|atk|1\n|turn|1\n|\n|t:|1731894573\n|switch|p1b: Ursaluna|Ursaluna-Bloodmoon, L50, M|100\/100\n|detailschange|p2a: Palafin|Palafin-Hero, L50, F\n|switch|p2a: Incineroar|Incineroar, L50, F|100\/100\n|-ability|p2a: Incineroar|Intimidate|boost\n|-unboost|p1a: Incineroar|atk|1\n|-unboost|p1b: Ursaluna|atk|1\n|move|p2b: Gholdengo|Make It Rain|p1b: Ursaluna|[spread] p1a,p1b\n|-resisted|p1a: Incineroar\n|-damage|p1a: Incineroar|74\/100\n|-damage|p1b: Ursaluna|57\/100\n|-unboost|p2b: Gholdengo|spa|1\n|move|p1a: Incineroar|Knock Off|p2b: Gholdengo\n|-supereffective|p2b: Gholdengo\n|-damage|p2b: Gholdengo|37\/100\n|-enditem|p2b: Gholdengo|Choice Scarf|[from] move: Knock Off|[of] p1a: Incineroar\n|\n|upkeep\n|turn|2\n|\n|t:|1731894597\n|move|p2a: Incineroar|Fake Out|p1b: Ursaluna\n|-damage|p1b: Ursaluna|47\/100\n|move|p1a: Incineroar|Fake Out||[still]\n|-hint|Fake Out only works on your first turn out.\n|-fail|p1a: Incineroar\n|move|p2b: Gholdengo|Make It Rain|p1a: Incineroar|[spread] p1a,p1b\n|-resisted|p1a: Incineroar\n|-damage|p1a: Incineroar|58\/100\n|-damage|p1b: Ursaluna|17\/100\n|-unboost|p2b: Gholdengo|spa|1\n|cant|p1b: Ursaluna|flinch\n|\n|upkeep\n|turn|3\n|\n|t:|1731894614\n|move|p1b: Ursaluna|Vacuum Wave|p2b: Gholdengo\n|-supereffective|p2b: Gholdengo\n|-damage|p2b: Gholdengo|0 fnt\n|faint|p2b: Gholdengo\n|move|p2a: Incineroar|Knock Off|p1b: Ursaluna\n|-damage|p1b: Ursaluna|0 fnt\n|-enditem|p1b: Ursaluna|Assault Vest|[from] move: Knock Off|[of] p2a: Incineroar\n|faint|p1b: Ursaluna\n|move|p1a: Incineroar|Parting Shot|p2a: Incineroar\n|-unboost|p2a: Incineroar|atk|1\n|-unboost|p2a: Incineroar|spa|1\n|\n|t:|1731894625\n|switch|p1a: Gholdengo|Gholdengo, L50|100\/100|[from] Parting Shot\n|\n|upkeep\n|\n|t:|1731894629\n|switch|p2b: Ursaluna|Ursaluna-Bloodmoon, L50, M|100\/100\n|switch|p1b: Incineroar|Incineroar, L50, F|58\/100\n|-ability|p1b: Incineroar|Intimidate|boost\n|-unboost|p2a: Incineroar|atk|1\n|-unboost|p2b: Ursaluna|atk|1\n|turn|4\n|\n|t:|1731894644\n|-terastallize|p1a: Gholdengo|Steel\n|move|p1a: Gholdengo|Make It Rain|p2a: Incineroar|[spread] p2a,p2b\n|-resisted|p2a: Incineroar\n|-damage|p2a: Incineroar|56\/100\n|-damage|p2b: Ursaluna|22\/100\n|-unboost|p1a: Gholdengo|spa|1\n|move|p2a: Incineroar|Flare Blitz|p1a: Gholdengo\n|-supereffective|p1a: Gholdengo\n|-damage|p1a: Gholdengo|38\/100\n|-damage|p2a: Incineroar|39\/100|[from] Recoil\n|move|p1b: Incineroar|Knock Off|p2b: Ursaluna\n|-damage|p2b: Ursaluna|0 fnt\n|-enditem|p2b: Ursaluna|Assault Vest|[from] move: Knock Off|[of] p1b: Incineroar\n|faint|p2b: Ursaluna\n|\n|upkeep\n|\n|t:|1731894650\n|switch|p2b: Palafin|Palafin-Hero, L50, F|100\/100\n|-activate|p2b: Palafin|ability: Zero to Hero\n|turn|5\n|\n|t:|1731894665\n|switch|p1b: Annihilape|Annihilape, L50, F|100\/100\n|move|p2b: Palafin|Jet Punch|p1a: Gholdengo\n|-damage|p1a: Gholdengo|0 fnt\n|faint|p1a: Gholdengo\n|move|p2a: Incineroar|Knock Off|p1b: Annihilape\n|-damage|p1b: Annihilape|76\/100\n|-enditem|p1b: Annihilape|Safety Goggles|[from] move: Knock Off|[of] p2a: Incineroar\n|\n|upkeep\n|\n|t:|1731894673\n|switch|p1a: Incineroar|Incineroar, L50, F|58\/100\n|-ability|p1a: Incineroar|Intimidate|boost\n|-unboost|p2a: Incineroar|atk|1\n|-unboost|p2b: Palafin|atk|1\n|turn|6\n|\n|t:|1731894686\n|-terastallize|p2a: Incineroar|Flying\n|move|p2b: Palafin|Protect|p2b: Palafin\n|-singleturn|p2b: Palafin|Protect\n|move|p1a: Incineroar|Fake Out|p2b: Palafin\n|-activate|p2b: Palafin|move: Protect\n|move|p1b: Annihilape|Coaching|p1a: Incineroar\n|-boost|p1a: Incineroar|atk|1\n|-boost|p1a: Incineroar|def|1\n|move|p2a: Incineroar|Flare Blitz|p1b: Annihilape\n|-damage|p1b: Annihilape|52\/100\n|-damage|p2a: Incineroar|31\/100|[from] Recoil\n|\n|upkeep\n|turn|7\n|\n|t:|1731894704\n|move|p1b: Annihilape|Rage Fist|p2b: Palafin\n|-damage|p2b: Palafin|39\/100\n|move|p2b: Palafin|Wave Crash|p1a: Incineroar\n|-supereffective|p1a: Incineroar\n|-damage|p1a: Incineroar|0 fnt\n|faint|p1a: Incineroar\n|-damage|p2b: Palafin|21\/100|[from] Recoil\n|move|p2a: Incineroar|Flare Blitz|p1b: Annihilape\n|-damage|p1b: Annihilape|30\/100\n|-damage|p2a: Incineroar|24\/100|[from] Recoil\n|\n|upkeep\n|turn|8\n|\n|t:|1731894715\n|move|p2b: Palafin|Jet Punch|p1b: Annihilape\n|-damage|p1b: Annihilape|0 fnt\n|faint|p1b: Annihilape\n|\n|win|don't use magmar\n|raw|VGCLTH Sac gaming's rating: 1709 &rarr; <strong>1699<\/strong><br \/>(-10 for losing)\n|raw|don&apos;t use magmar's rating: 1907 &rarr; <strong>1917<\/strong><br \/>(+10 for winning)\n","uploadtime":1731894718,"views":60,"formatid":"gen9vgc2024regh","rating":1699,"private":0,"password":null}