{"id":"gen9vgc2024regh-2245188010","format":"[Gen 9] VGC 2024 Reg H","players":["vgclth elowyn","jbleacher2"],"log":"|raw|<div class=\"broadcast-blue\"><strong>This battle is required to be public due to a player having a name starting with 'vgclth'.<\/div>\n|j|\u2606vgclth elowyn\n|j|\u2606jbleacher2\n|t:|1731787598\n|gametype|doubles\n|player|p1|vgclth elowyn|266|1691\n|player|p2|jbleacher2|266|1733\n|teamsize|p1|6\n|teamsize|p2|6\n|gen|9\n|tier|[Gen 9] VGC 2024 Reg H\n|rated|\n|rule|Species Clause: Limit one of each Pok\u00e9mon\n|rule|Item Clause: Limit 1 of each item\n|clearpoke\n|poke|p1|Dragonite, L50, F|\n|poke|p1|Sneasler, L50, M|\n|poke|p1|Electabuzz, L50, M|\n|poke|p1|Indeedee, L50, M|\n|poke|p1|Ursaluna-Bloodmoon, L50, M|\n|poke|p1|Talonflame, L50, M|\n|poke|p2|Murkrow, L50, F|\n|poke|p2|Volcarona, L50, F|\n|poke|p2|Oricorio-Pom-Pom, L50, F|\n|poke|p2|Quaquaval, L50, F|\n|poke|p2|Archaludon, L50, M|\n|poke|p2|Golduck, L50, M|\n|teampreview|4\n|inactive|Battle timer is ON: inactive players will automatically lose when time's up. (requested by jbleacher2)\n|\n|t:|1731787622\n|start\n|switch|p1a: Indeedee|Indeedee, L50, M|100\/100\n|switch|p1b: Sneasler|Sneasler, L50, M|100\/100\n|switch|p2a: Archaludon|Archaludon, L50, M|100\/100\n|switch|p2b: Murkrow|Murkrow, L50, F, shiny|100\/100\n|-fieldstart|move: Psychic Terrain|[from] ability: Psychic Surge|[of] p1a: Indeedee\n|-enditem|p1b: Sneasler|Psychic Seed\n|-boost|p1b: Sneasler|spd|1|[from] item: Psychic Seed\n|turn|1\n|\n|t:|1731787632\n|-terastallize|p2a: Archaludon|Ghost\n|move|p1b: Sneasler|Close Combat|p2a: Archaludon\n|-immune|p2a: Archaludon\n|move|p1a: Indeedee|Expanding Force|p2a: Archaludon|[spread] p2a\n|-immune|p2b: Murkrow\n|-damage|p2a: Archaludon|67\/100\n|-ability|p2a: Archaludon|Stamina|boost\n|-boost|p2a: Archaludon|def|1\n|move|p2a: Archaludon|Snarl|p1a: Indeedee|[spread] p1a,p1b\n|-supereffective|p1a: Indeedee\n|-resisted|p1b: Sneasler\n|-damage|p1a: Indeedee|67\/100\n|-damage|p1b: Sneasler|95\/100\n|-unboost|p1a: Indeedee|spa|1\n|-unboost|p1b: Sneasler|spa|1\n|move|p2b: Murkrow|Brave Bird|p1b: Sneasler\n|-supereffective|p1b: Sneasler\n|-damage|p1b: Sneasler|0 fnt\n|faint|p1b: Sneasler\n|-damage|p2b: Murkrow|71\/100|[from] Recoil\n|\n|upkeep\n|\n|t:|1731787642\n|switch|p1b: Dragonite|Dragonite, L50, F|100\/100\n|turn|2\n|\n|t:|1731787660\n|-terastallize|p1a: Indeedee|Psychic\n|move|p2b: Murkrow|Feather Dance|p1b: Dragonite\n|-unboost|p1b: Dragonite|atk|2\n|move|p1a: Indeedee|Expanding Force|p2a: Archaludon|[spread] p2a\n|-immune|p2b: Murkrow\n|-damage|p2a: Archaludon|34\/100\n|-ability|p2a: Archaludon|Stamina|boost\n|-boost|p2a: Archaludon|def|1\n|move|p1b: Dragonite|Scale Shot|p2b: Murkrow\n|-damage|p2b: Murkrow|63\/100\n|-damage|p2b: Murkrow|56\/100\n|-damage|p2b: Murkrow|49\/100\n|-damage|p2b: Murkrow|42\/100\n|-damage|p2b: Murkrow|36\/100\n|-hitcount|p2b: Murkrow|5\n|-unboost|p1b: Dragonite|def|1\n|-boost|p1b: Dragonite|spe|1\n|move|p2a: Archaludon|Snarl|p1a: Indeedee|[spread] p1a,p1b\n|-supereffective|p1a: Indeedee\n|-damage|p1a: Indeedee|33\/100\n|-damage|p1b: Dragonite|95\/100\n|-unboost|p1a: Indeedee|spa|1\n|-unboost|p1b: Dragonite|spa|1\n|\n|upkeep\n|turn|3\n|j| jdarcan\n|inactive|vgclth elowyn has 30 seconds left.\n|\n|t:|1731787689\n|move|p2b: Murkrow|Tailwind|p2b: Murkrow\n|-sidestart|p2: jbleacher2|move: Tailwind\n|move|p2a: Archaludon|Dragon Pulse|p1b: Dragonite\n|-supereffective|p1b: Dragonite\n|-damage|p1b: Dragonite|22\/100\n|move|p1b: Dragonite|Scale Shot|p2b: Murkrow\n|-damage|p2b: Murkrow|29\/100\n|-damage|p2b: Murkrow|21\/100\n|-damage|p2b: Murkrow|14\/100\n|-damage|p2b: Murkrow|7\/100\n|-damage|p2b: Murkrow|0 fnt\n|faint|p2b: Murkrow\n|-hitcount|p2: Murkrow|5\n|-unboost|p1b: Dragonite|def|1\n|-boost|p1b: Dragonite|spe|1\n|move|p1a: Indeedee|Expanding Force|p2a: Archaludon\n|-damage|p2a: Archaludon|1\/100\n|-ability|p2a: Archaludon|Stamina|boost\n|-boost|p2a: Archaludon|def|1\n|\n|upkeep\n|\n|t:|1731787699\n|switch|p2b: Quaquaval|Quaquaval, L50, F|100\/100\n|turn|4\n|\n|t:|1731787714\n|move|p1b: Dragonite|Protect|p1b: Dragonite\n|-singleturn|p1b: Dragonite|Protect\n|move|p2b: Quaquaval|Aqua Step|p1a: Indeedee\n|-damage|p1a: Indeedee|0 fnt\n|-boost|p2b: Quaquaval|spe|1\n|faint|p1a: Indeedee\n|-ability|p2b: Quaquaval|Moxie|boost\n|-boost|p2b: Quaquaval|atk|1\n|move|p2a: Archaludon|Dragon Pulse|p1b: Dragonite\n|-activate|p1b: Dragonite|move: Protect\n|\n|upkeep\n|\n|t:|1731787738\n|switch|p1a: Talonflame|Talonflame, L50, M|100\/100\n|turn|5\n|\n|t:|1731787749\n|move|p1a: Talonflame|Tailwind|p1a: Talonflame\n|-sidestart|p1: vgclth elowyn|move: Tailwind\n|move|p2b: Quaquaval|Aqua Step|p1a: Talonflame\n|-supereffective|p1a: Talonflame\n|-damage|p1a: Talonflame|0 fnt\n|-boost|p2b: Quaquaval|spe|1\n|faint|p1a: Talonflame\n|-ability|p2b: Quaquaval|Moxie|boost\n|-boost|p2b: Quaquaval|atk|1\n|move|p1b: Dragonite|Scale Shot|p2a: Archaludon\n|-damage|p2a: Archaludon|0 fnt\n|faint|p2a: Archaludon\n|-hitcount|p2: Archaludon|1\n|-unboost|p1b: Dragonite|def|1\n|-boost|p1b: Dragonite|spe|1\n|\n|-fieldend|move: Psychic Terrain\n|upkeep\n|\n|t:|1731787759\n|switch|p2a: Volcarona|Volcarona, L50, F|100\/100\n|turn|6\n|\n|t:|1731787766\n|move|p2b: Quaquaval|Aqua Step|p1b: Dragonite\n|-resisted|p1b: Dragonite\n|-damage|p1b: Dragonite|0 fnt\n|-boost|p2b: Quaquaval|spe|1\n|faint|p1b: Dragonite\n|\n|win|jbleacher2\n|raw|vgclth elowyn's rating: 1691 &rarr; <strong>1673<\/strong><br \/>(-18 for losing)\n|raw|jbleacher2's rating: 1733 &rarr; <strong>1751<\/strong><br \/>(+18 for winning)\n|l|\u2606vgclth elowyn\n|player|p1|\n|l|\u2606jbleacher2\n|player|p2|\n","uploadtime":1731787929,"views":323,"formatid":"gen9vgc2024regh","rating":1673,"private":0,"password":null}