{"id":"gen9vgc2024regh-2245460936","format":"[Gen 9] VGC 2024 Reg H","players":["VGCLTH fangame","kendrickmalamar1"],"log":"|j|\u2606VGCLTH fangame\n|j|\u2606kendrickmalamar1\n|t:|1731825407\n|gametype|doubles\n|player|p1|VGCLTH fangame|red|1730\n|player|p2|kendrickmalamar1|volkner-masters|1733\n|teamsize|p1|6\n|teamsize|p2|6\n|gen|9\n|tier|[Gen 9] VGC 2024 Reg H\n|rated|\n|rule|Species Clause: Limit one of each Pok\u00e9mon\n|rule|Item Clause: Limit 1 of each item\n|clearpoke\n|poke|p1|Glaceon, L50, F|\n|poke|p1|Ninetales-Alola, L50, F|\n|poke|p1|Milotic, L50, M|\n|poke|p1|Incineroar, L50, F|\n|poke|p1|Ursaluna-Bloodmoon, L50, M|\n|poke|p1|Annihilape, L50, M|\n|poke|p2|Baxcalibur, L50, F|\n|poke|p2|Kingambit, L50, M|\n|poke|p2|Sneasler, L50, M|\n|poke|p2|Rillaboom, L50, M|\n|poke|p2|Volcarona, L50, M|\n|poke|p2|Basculegion, L50, M|\n|teampreview|4\n|inactive|Battle timer is ON: inactive players will automatically lose when time's up. (requested by VGCLTH fangame)\nkendrickmalamar1 has agreed to open team sheets.\nVGCLTH fangame rejected open team sheets.\n|inactive|VGCLTH fangame has 60 seconds left.\n|\n|t:|1731825442\n|start\n|switch|p1a: Ninetales|Ninetales-Alola, L50, F, shiny|100\/100\n|switch|p1b: Annihilape|Annihilape, L50, M, shiny|100\/100\n|switch|p2a: Volcarona|Volcarona, L50, M|100\/100\n|switch|p2b: Basculegion|Basculegion, L50, M|100\/100\n|-weather|Snow|[from] ability: Snow Warning|[of] p1a: Ninetales\n|turn|1\n|\n|t:|1731825461\n|-terastallize|p2b: Basculegion|Fairy\n|move|p2b: Basculegion|Tera Blast|p1b: Annihilape|[anim] Tera Blast Fairy\n|-supereffective|p1b: Annihilape\n|-damage|p1b: Annihilape|0 fnt\n|faint|p1b: Annihilape\n|move|p1a: Ninetales|Aurora Veil|p1a: Ninetales\n|-sidestart|p1: VGCLTH fangame|move: Aurora Veil\n|move|p2a: Volcarona|Heat Wave|p1a: Ninetales|[miss]\n|-miss|p2a: Volcarona|p1a: Ninetales\n|\n|-weather|Snow|[upkeep]\n|upkeep\n|\n|t:|1731825466\n|switch|p1b: Incineroar|Incineroar, L50, F, shiny|100\/100\n|-ability|p1b: Incineroar|Intimidate|boost\n|-unboost|p2a: Volcarona|atk|1\n|-unboost|p2b: Basculegion|atk|1\n|turn|2\n|\n|t:|1731825481\n|move|p2b: Basculegion|Tera Blast|p1a: Ninetales|[anim] Tera Blast Fairy\n|-damage|p1a: Ninetales|74\/100\n|move|p1a: Ninetales|Blizzard|p2b: Basculegion|[spread] p2a,p2b\n|-resisted|p2a: Volcarona\n|-damage|p2a: Volcarona|86\/100\n|-damage|p2b: Basculegion|68\/100\n|move|p2a: Volcarona|Heat Wave|p1b: Incineroar|[spread] p1a,p1b\n|-supereffective|p1a: Ninetales\n|-resisted|p1b: Incineroar\n|-damage|p1a: Ninetales|19\/100\n|-damage|p1b: Incineroar|90\/100\n|move|p1b: Incineroar|Knock Off|p2b: Basculegion\n|-resisted|p2b: Basculegion\n|-damage|p2b: Basculegion|38\/100\n|-enditem|p2b: Basculegion|Choice Scarf|[from] move: Knock Off|[of] p1b: Incineroar\n|\n|-weather|Snow|[upkeep]\n|upkeep\n|turn|3\n|\n|t:|1731825504\n|switch|p1a: Milotic|Milotic, L50, M, shiny|100\/100\n|move|p2a: Volcarona|Heat Wave|p1a: Milotic|[spread] p1a,p1b\n|-resisted|p1a: Milotic\n|-resisted|p1b: Incineroar\n|-damage|p1a: Milotic|93\/100\n|-damage|p1b: Incineroar|80\/100\n|move|p2b: Basculegion|Wave Crash|p1b: Incineroar\n|-supereffective|p1b: Incineroar\n|-damage|p1b: Incineroar|31\/100\n|-damage|p2b: Basculegion|21\/100|[from] Recoil\n|move|p1b: Incineroar|Knock Off|p2a: Volcarona\n|-damage|p2a: Volcarona|32\/100\n|-enditem|p2a: Volcarona|Covert Cloak|[from] move: Knock Off|[of] p1b: Incineroar\n|\n|-weather|Snow|[upkeep]\n|upkeep\n|turn|4\n|inactive|VGCLTH fangame has 30 seconds left.\n|inactive|kendrickmalamar1 has 30 seconds left.\n|inactive|VGCLTH fangame has 20 seconds left.\n|inactive|VGCLTH fangame has 15 seconds left.\n|\n|t:|1731825548\n|switch|p2b: Baxcalibur|Baxcalibur, L50, F|100\/100\n|-terastallize|p1b: Incineroar|Water\n|move|p2a: Volcarona|Protect|p2a: Volcarona\n|-singleturn|p2a: Volcarona|Protect\n|move|p1a: Milotic|Hypnosis|p2b: Baxcalibur\n|-status|p2b: Baxcalibur|slp|[from] move: Hypnosis\n|move|p1b: Incineroar|Knock Off|p2a: Volcarona\n|-activate|p2a: Volcarona|move: Protect\n|\n|-weather|Snow|[upkeep]\n|upkeep\n|turn|5\n|\n|t:|1731825562\n|move|p2a: Volcarona|Tera Blast|p1b: Incineroar\n|-damage|p1b: Incineroar|14\/100\n|cant|p2b: Baxcalibur|slp\n|move|p1a: Milotic|Coil|p1a: Milotic\n|-boost|p1a: Milotic|atk|1\n|-boost|p1a: Milotic|def|1\n|-boost|p1a: Milotic|accuracy|1\n|move|p1b: Incineroar|Knock Off|p2b: Baxcalibur\n|-damage|p2b: Baxcalibur|70\/100 slp\n|-enditem|p2b: Baxcalibur|Loaded Dice|[from] move: Knock Off|[of] p1b: Incineroar\n|\n|-weather|none\n|-sideend|p1: VGCLTH fangame|move: Aurora Veil\n|upkeep\n|turn|6\n|inactive|VGCLTH fangame has 30 seconds left.\n|inactive|VGCLTH fangame has 20 seconds left.\n|inactive|VGCLTH fangame has 15 seconds left.\n|inactive|VGCLTH fangame has 10 seconds left.\n|inactive|VGCLTH fangame has 5 seconds left.\n|\n|t:|1731825615\n|move|p2a: Volcarona|Tera Blast|p1b: Incineroar\n|-damage|p1b: Incineroar|0 fnt\n|faint|p1b: Incineroar\n|-curestatus|p2b: Baxcalibur|slp|[msg]\n|move|p2b: Baxcalibur|Scale Shot|p1a: Milotic|[miss]\n|-miss|p2b: Baxcalibur|p1a: Milotic\n|move|p1a: Milotic|Muddy Water|p2a: Volcarona|[spread] p2a,p2b\n|-supereffective|p2a: Volcarona\n|-resisted|p2b: Baxcalibur\n|-damage|p2a: Volcarona|0 fnt\n|-damage|p2b: Baxcalibur|58\/100\n|faint|p2a: Volcarona\n|\n|upkeep\n|\n|t:|1731825625\n|switch|p2a: Aaliyah|Sneasler, L50, M|100\/100\n|switch|p1b: Ninetales|Ninetales-Alola, L50, F, shiny|19\/100\n|-weather|Snow|[from] ability: Snow Warning|[of] p1b: Ninetales\n|turn|7\n|inactive|VGCLTH fangame has 30 seconds left.\n|j| dirk2202\n|inactive|kendrickmalamar1 has 30 seconds left.\n|inactive|VGCLTH fangame has 20 seconds left.\n|\n|t:|1731825660\n|move|p2a: Aaliyah|Dire Claw|p1b: Ninetales\n|-supereffective|p1b: Ninetales\n|-damage|p1b: Ninetales|0 fnt\n|faint|p1b: Ninetales\n|move|p2b: Baxcalibur|Scale Shot|p1a: Milotic\n|-damage|p1a: Milotic|80\/100\n|-damage|p1a: Milotic|67\/100\n|-hitcount|p1a: Milotic|2\n|-unboost|p2b: Baxcalibur|def|1\n|-boost|p2b: Baxcalibur|spe|1\n|move|p1a: Milotic|Muddy Water|p2a: Aaliyah|[spread] p2a,p2b\n|-resisted|p2b: Baxcalibur\n|-damage|p2a: Aaliyah|67\/100\n|-damage|p2b: Baxcalibur|46\/100\n|\n|-weather|Snow|[upkeep]\n|upkeep\n|turn|8\n|-message|VGCLTH fangame forfeited.\n|\n|win|kendrickmalamar1\n|raw|VGCLTH fangame's rating: 1730 &rarr; <strong>1710<\/strong><br \/>(-20 for losing)\n|raw|kendrickmalamar1's rating: 1733 &rarr; <strong>1753<\/strong><br \/>(+20 for winning)\n|l|\u2606VGCLTH fangame\n|player|p1|\n|l|\u2606kendrickmalamar1\n|player|p2|\n|l| dirk2202\n","uploadtime":1731825854,"views":10,"formatid":"gen9vgc2024regh","rating":1710,"private":0,"password":null}