{"id":"gen9vgc2024regh-2245604320","format":"[Gen 9] VGC 2024 Reg H","players":["VGCLTH ladderboy66","same blue"],"log":"|raw|<div class=\"broadcast-blue\"><strong>This battle is required to be public due to a player having a name starting with 'vgclth'.<\/div>\n|j|\u2606VGCLTH ladderboy66\n|j|\u2606same blue\n|t:|1731854238\n|gametype|doubles\n|player|p1|VGCLTH ladderboy66|169|1673\n|player|p2|same blue|265|1785\n|teamsize|p1|6\n|teamsize|p2|6\n|gen|9\n|tier|[Gen 9] VGC 2024 Reg H\n|rated|\n|rule|Species Clause: Limit one of each Pok\u00e9mon\n|rule|Item Clause: Limit 1 of each item\n|clearpoke\n|poke|p1|Archaludon, L50, M|\n|poke|p1|Whimsicott, L50, F|\n|poke|p1|Pelipper, L50, M|\n|poke|p1|Basculegion, L50, M|\n|poke|p1|Gholdengo, L50|\n|poke|p1|Rillaboom, L50, F|\n|poke|p2|Orthworm, L50, M|\n|poke|p2|Dragonite, L50, M|\n|poke|p2|Electabuzz, L50, M|\n|poke|p2|Ursaluna, L50, F|\n|poke|p2|Primarina, L50, F|\n|poke|p2|Volcarona, L50, F|\n|teampreview|4\n|inactive|Battle timer is ON: inactive players will automatically lose when time's up. (requested by same blue)\n|\n|t:|1731854270\n|start\n|switch|p1a: Gholdengo|Gholdengo, L50|100\/100\n|switch|p1b: Rillaboom|Rillaboom, L50, F|100\/100\n|switch|p2a: Orthworm|Orthworm, L50, M|100\/100\n|switch|p2b: Electabuzz|Electabuzz, L50, M|100\/100\n|-fieldstart|move: Grassy Terrain|[from] ability: Grassy Surge|[of] p1b: Rillaboom\n|turn|1\n|\n|t:|1731854290\n|move|p1a: Gholdengo|Shadow Ball|p2a: Orthworm\n|-damage|p2a: Orthworm|18\/100\n|-enditem|p2a: Orthworm|Sitrus Berry|[eat]\n|-heal|p2a: Orthworm|43\/100|[from] item: Sitrus Berry\n|move|p2b: Electabuzz|Electroweb|p1a: Gholdengo|[spread] p1b\n|-miss|p2b: Electabuzz|p1a: Gholdengo\n|-resisted|p1b: Rillaboom\n|-damage|p1b: Rillaboom|94\/100\n|-unboost|p1b: Rillaboom|spe|1\n|move|p1b: Rillaboom|Taunt|p2a: Orthworm\n|-start|p2a: Orthworm|move: Taunt\n|cant|p2a: Orthworm|move: Taunt|Shed Tail\n|\n|-heal|p1b: Rillaboom|99\/100|[from] Grassy Terrain\n|-heal|p2a: Orthworm|49\/100|[from] Grassy Terrain\n|upkeep\n|turn|2\n|inactive|VGCLTH ladderboy66 has 30 seconds left.\n|\n|t:|1731854321\n|switch|p2a: Ursaluna|Ursaluna, L50, F|100\/100\n|move|p2b: Electabuzz|Protect|p2b: Electabuzz\n|-singleturn|p2b: Electabuzz|Protect\n|move|p1a: Gholdengo|Shadow Ball|p2b: Electabuzz\n|-activate|p2b: Electabuzz|move: Protect\n|move|p1b: Rillaboom|Taunt|p2a: Ursaluna\n|-start|p2a: Ursaluna|move: Taunt\n|\n|-heal|p1b: Rillaboom|100\/100|[from] Grassy Terrain\n|-status|p2a: Ursaluna|brn|[from] item: Flame Orb\n|upkeep\n|turn|3\n|inactive|VGCLTH ladderboy66 has 30 seconds left.\n|inactive|VGCLTH ladderboy66 has 20 seconds left.\n|inactive|VGCLTH ladderboy66 has 15 seconds left.\n|\n|t:|1731854362\n|-terastallize|p1b: Rillaboom|Grass\n|move|p2b: Electabuzz|Follow Me|p2b: Electabuzz\n|-singleturn|p2b: Electabuzz|move: Follow Me\n|move|p1b: Rillaboom|Grassy Glide|p2b: Electabuzz\n|-damage|p2b: Electabuzz|57\/100\n|move|p1a: Gholdengo|Shadow Ball|p2b: Electabuzz\n|-damage|p2b: Electabuzz|7\/100\n|move|p2a: Ursaluna|Facade|p1b: Rillaboom\n|-damage|p1b: Rillaboom|0 fnt\n|faint|p1b: Rillaboom\n|\n|-heal|p2b: Electabuzz|13\/100|[from] Grassy Terrain\n|-damage|p2a: Ursaluna|94\/100 brn|[from] brn\n|upkeep\n|\n|t:|1731854382\n|switch|p1b: Basculegion|Basculegion, L50, M|100\/100\n|turn|4\n|\n|t:|1731854406\n|switch|p2a: Orthworm|Orthworm, L50, M|49\/100\n|move|p2b: Electabuzz|Protect|p2b: Electabuzz\n|-singleturn|p2b: Electabuzz|Protect\n|move|p1a: Gholdengo|Shadow Ball|p2b: Electabuzz\n|-activate|p2b: Electabuzz|move: Protect\n|move|p1b: Basculegion|Substitute|p1b: Basculegion\n|-start|p1b: Basculegion|Substitute\n|-damage|p1b: Basculegion|76\/100\n|\n|-heal|p2b: Electabuzz|19\/100|[from] Grassy Terrain\n|-heal|p1b: Basculegion|82\/100|[from] Grassy Terrain\n|-heal|p2a: Orthworm|56\/100|[from] Grassy Terrain\n|upkeep\n|turn|5\n|\n|t:|1731854430\n|switch|p1a: Pelipper|Pelipper, L50, M|100\/100\n|-weather|RainDance|[from] ability: Drizzle|[of] p1a: Pelipper\n|move|p2a: Orthworm|Protect|p2a: Orthworm\n|-singleturn|p2a: Orthworm|Protect\n|move|p1b: Basculegion|Last Respects|p2b: Electabuzz\n|-damage|p2b: Electabuzz|0 fnt\n|faint|p2b: Electabuzz\n|\n|-weather|RainDance|[upkeep]\n|-heal|p1b: Basculegion|88\/100|[from] Grassy Terrain\n|-heal|p2a: Orthworm|62\/100|[from] Grassy Terrain\n|-fieldend|move: Grassy Terrain\n|upkeep\n|\n|t:|1731854440\n|switch|p2b: Dragonite|Dragonite, L50, M|100\/100\n|turn|6\n|\n|t:|1731854455\n|move|p1b: Basculegion|Last Respects|p2b: Dragonite\n|-damage|p2b: Dragonite|75\/100\n|move|p2b: Dragonite|Tailwind|p2b: Dragonite\n|-sidestart|p2: same blue|move: Tailwind\n|move|p2a: Orthworm|Shed Tail|p2a: Orthworm\n|-start|p2a: Orthworm|Substitute|[from] move: Shed Tail\n|-damage|p2a: Orthworm|12\/100\n|\n|t:|1731854461\n|switch|p2a: Ursaluna|Ursaluna, L50, F|94\/100 brn|[from] Shed Tail\n|move|p1a: Pelipper|Hurricane|p2b: Dragonite\n|-damage|p2b: Dragonite|0 fnt\n|faint|p2b: Dragonite\n|-damage|p1a: Pelipper|91\/100|[from] item: Life Orb\n|\n|-weather|RainDance|[upkeep]\n|-damage|p2a: Ursaluna|88\/100 brn|[from] brn\n|upkeep\n|\n|t:|1731854470\n|switch|p2b: Orthworm|Orthworm, L50, M|12\/100\n|turn|7\n|\n|t:|1731854483\n|move|p2a: Ursaluna|Protect|p2a: Ursaluna\n|-singleturn|p2a: Ursaluna|Protect\n|move|p1b: Basculegion|Wave Crash|p2a: Ursaluna\n|-activate|p2a: Ursaluna|move: Protect\n|move|p2b: Orthworm|Heavy Slam|p1b: Basculegion\n|-resisted|p1b: Basculegion\n|-crit|p1b: Basculegion\n|-activate|p1b: Basculegion|move: Substitute|[damage]\n|move|p1a: Pelipper|Weather Ball|p2a: Ursaluna\n|-activate|p2a: Ursaluna|move: Protect\n|\n|-weather|RainDance|[upkeep]\n|-damage|p2a: Ursaluna|82\/100 brn|[from] brn\n|upkeep\n|turn|8\n|\n|t:|1731854498\n|move|p1b: Basculegion|Wave Crash|p2a: Ursaluna\n|-supereffective|p2a: Ursaluna\n|-end|p2a: Ursaluna|Substitute\n|-damage|p1b: Basculegion|82\/100|[from] Recoil|[of] p2a: Ursaluna\n|move|p2a: Ursaluna|Facade|p1a: Pelipper\n|-damage|p1a: Pelipper|0 fnt\n|faint|p1a: Pelipper\n|move|p2b: Orthworm|Heavy Slam|p1b: Basculegion\n|-resisted|p1b: Basculegion\n|-activate|p1b: Basculegion|move: Substitute|[damage]\n|\n|-weather|RainDance|[upkeep]\n|-damage|p2a: Ursaluna|76\/100 brn|[from] brn\n|upkeep\n|\n|t:|1731854508\n|switch|p1a: Gholdengo|Gholdengo, L50|100\/100\n|turn|9\n|\n|t:|1731854518\n|-terastallize|p2a: Ursaluna|Ghost\n|move|p1b: Basculegion|Wave Crash|p2a: Ursaluna\n|-damage|p2a: Ursaluna|8\/100 brn\n|-damage|p1b: Basculegion|61\/100|[from] Recoil\n|move|p2a: Ursaluna|Earthquake|p1a: Gholdengo|[spread] p1a,p1b\n|-heal|p2b: Orthworm|37\/100|[from] ability: Earth Eater|[of] p2a: Ursaluna\n|-end|p1b: Basculegion|Substitute\n|-supereffective|p1a: Gholdengo\n|-damage|p1a: Gholdengo|0 fnt\n|faint|p1a: Gholdengo\n|move|p2b: Orthworm|Heavy Slam|p1b: Basculegion\n|-resisted|p1b: Basculegion\n|-damage|p1b: Basculegion|52\/100\n|\n|-weather|none\n|-damage|p2a: Ursaluna|2\/100 brn|[from] brn\n|-sideend|p2: same blue|move: Tailwind\n|upkeep\n|turn|10\n|\n|t:|1731854533\n|move|p1b: Basculegion|Protect|p1b: Basculegion\n|-singleturn|p1b: Basculegion|Protect\n|move|p2a: Ursaluna|Earthquake|p1b: Basculegion|[spread] \n|-activate|p1b: Basculegion|move: Protect\n|-heal|p2b: Orthworm|62\/100|[from] ability: Earth Eater|[of] p2a: Ursaluna\n|move|p2b: Orthworm|Heavy Slam|p1b: Basculegion\n|-activate|p1b: Basculegion|move: Protect\n|\n|-damage|p2a: Ursaluna|0 fnt|[from] brn\n|faint|p2a: Ursaluna\n|upkeep\n|turn|11\n|\n|t:|1731854538\n|move|p1b: Basculegion|Last Respects|p2b: Orthworm\n|-damage|p2b: Orthworm|5\/100\n|move|p2b: Orthworm|Heavy Slam|p1b: Basculegion\n|-resisted|p1b: Basculegion\n|-damage|p1b: Basculegion|43\/100\n|-enditem|p1b: Basculegion|Sitrus Berry|[eat]\n|-heal|p1b: Basculegion|67\/100|[from] item: Sitrus Berry\n|\n|upkeep\n|turn|12\n|-message|same blue forfeited.\n|\n|win|VGCLTH ladderboy66\n|raw|VGCLTH ladderboy66's rating: 1673 &rarr; <strong>1699<\/strong><br \/>(+26 for winning)\n|raw|same blue's rating: 1785 &rarr; <strong>1759<\/strong><br \/>(-26 for losing)\n|l|\u2606same blue\n|player|p2|\n|l|\u2606VGCLTH ladderboy66\n|player|p1|\n","uploadtime":1731854817,"views":10,"formatid":"gen9vgc2024regh","rating":1699,"private":0,"password":null}