{"id":"gen9vgc2024regh-2245635228","format":"[Gen 9] VGC 2024 Reg H","players":["VGCLTH mt","Tilzy"],"log":"|raw|<div class=\"broadcast-blue\"><strong>This battle is required to be public due to a player having a name starting with 'vgclth'.<\/div>\n|j|\u2606VGCLTH mt\n|j|\u2606Tilzy\n|t:|1731858524\n|gametype|doubles\n|player|p1|VGCLTH mt|#smogonxnpa2024draftee2|1754\n|player|p2|Tilzy|pokemaniac|1820\n|teamsize|p1|6\n|teamsize|p2|6\n|gen|9\n|tier|[Gen 9] VGC 2024 Reg H\n|rated|\n|rule|Species Clause: Limit one of each Pok\u00e9mon\n|rule|Item Clause: Limit 1 of each item\n|clearpoke\n|poke|p1|Ursaluna-Bloodmoon, L50, M|\n|poke|p1|Gholdengo, L50|\n|poke|p1|Dragonite, L50, M|\n|poke|p1|Primarina, L50, F|\n|poke|p1|Incineroar, L50, M|\n|poke|p1|Amoonguss, L50, M|\n|poke|p2|Toedscruel, L50, M|\n|poke|p2|Weezing-Galar, L50, M|\n|poke|p2|Corviknight, L50, F|\n|poke|p2|Garchomp, L50, F|\n|poke|p2|Typhlosion-Hisui, L50, F|\n|poke|p2|Palafin, L50, F|\n|teampreview|4\n|inactive|Battle timer is ON: inactive players will automatically lose when time's up. (requested by VGCLTH mt)\nTilzy has agreed to open team sheets.\n|inactive|VGCLTH mt has 60 seconds left.\n|inactive|VGCLTH mt has 30 seconds left.\n|\n|t:|1731858587\n|start\n|switch|p1a: Primarina|Primarina, L50, F, shiny|100\/100\n|switch|p1b: Gholdengo|Gholdengo, L50, shiny|100\/100\n|switch|p2a: Toedscruel|Toedscruel, L50, M, shiny|100\/100\n|switch|p2b: Weezing|Weezing-Galar, L50, M|100\/100\n|-ability|p2b: Weezing|Neutralizing Gas\n|turn|1\n|\n|t:|1731858610\n|-terastallize|p2b: Weezing|Flying\n|move|p1a: Primarina|Icy Wind|p2b: Weezing|[spread] p2a,p2b\n|-supereffective|p2a: Toedscruel\n|-supereffective|p2b: Weezing\n|-damage|p2a: Toedscruel|52\/100\n|-damage|p2b: Weezing|66\/100\n|-unboost|p2b: Weezing|spe|1\n|move|p2a: Toedscruel|Spore|p1b: Gholdengo\n|-status|p1b: Gholdengo|slp|[from] move: Spore\n|cant|p1b: Gholdengo|slp\n|move|p2b: Weezing|Sludge Bomb|p1a: Primarina\n|-supereffective|p1a: Primarina\n|-damage|p1a: Primarina|0 fnt\n|faint|p1a: Primarina\n|\n|upkeep\n|\n|t:|1731858621\n|switch|p1a: Dragonite|Dragonite, L50, M, shiny|100\/100\n|turn|2\n|\n|t:|1731858641\n|-end|p2b: Weezing|ability: Neutralizing Gas\n|switch|p2b: Garchomp|Garchomp, L50, F|100\/100\n|move|p1a: Dragonite|Extreme Speed|p2a: Toedscruel\n|-damage|p2a: Toedscruel|13\/100\n|move|p2a: Toedscruel|Spore|p1a: Dragonite\n|-status|p1a: Dragonite|slp|[from] move: Spore\n|-curestatus|p1b: Gholdengo|slp|[msg]\n|move|p1b: Gholdengo|Make It Rain|p2b: Garchomp|[spread] p2a,p2b\n|-damage|p2a: Toedscruel|0 fnt\n|-damage|p2b: Garchomp|38\/100\n|-unboost|p1b: Gholdengo|spa|1\n|faint|p2a: Toedscruel\n|\n|upkeep\n|\n|t:|1731858658\n|switch|p2a: Corviknight|Corviknight, L50, F|100\/100\n|turn|3\n|inactive|Tilzy has 30 seconds left.\n|inactive|VGCLTH mt has 30 seconds left.\n|\n|t:|1731858697\n|move|p1b: Gholdengo|Protect|p1b: Gholdengo\n|-singleturn|p1b: Gholdengo|Protect\n|cant|p1a: Dragonite|slp\n|move|p2b: Garchomp|Stomping Tantrum|p1b: Gholdengo\n|-activate|p1b: Gholdengo|move: Protect\n|move|p2a: Corviknight|Tailwind|p2a: Corviknight\n|-sidestart|p2: Tilzy|move: Tailwind\n|\n|upkeep\n|turn|4\n|\n|t:|1731858722\n|move|p2b: Garchomp|Stomping Tantrum|p1b: Gholdengo\n|-supereffective|p1b: Gholdengo\n|-enditem|p1b: Gholdengo|Focus Sash\n|-damage|p1b: Gholdengo|1\/100\n|-damage|p2b: Garchomp|28\/100|[from] item: Life Orb\n|move|p2a: Corviknight|Brave Bird|p1a: Dragonite\n|-damage|p1a: Dragonite|75\/100 slp\n|-damage|p2a: Corviknight|94\/100|[from] Recoil\n|move|p1b: Gholdengo|Shadow Ball|p2a: Corviknight\n|-damage|p2a: Corviknight|67\/100\n|cant|p1a: Dragonite|slp\n|\n|upkeep\n|turn|5\n|\n|t:|1731858743\n|move|p1b: Gholdengo|Protect|p1b: Gholdengo\n|-singleturn|p1b: Gholdengo|Protect\n|-curestatus|p1a: Dragonite|slp|[msg]\n|move|p1a: Dragonite|Extreme Speed|p2b: Garchomp\n|-damage|p2b: Garchomp|0 fnt\n|-damage|p1a: Dragonite|63\/100|[from] ability: Rough Skin|[of] p2b: Garchomp\n|faint|p2b: Garchomp\n|move|p2a: Corviknight|Brave Bird|p1b: Gholdengo\n|-activate|p1b: Gholdengo|move: Protect\n|\n|upkeep\n|\n|t:|1731858750\n|switch|p2b: Weezing|Weezing-Galar, L50, M, tera:Flying|66\/100\n|-ability|p2b: Weezing|Neutralizing Gas\n|turn|6\n|inactive|Tilzy has 30 seconds left.\n|l|\u2606Tilzy\n|inactive|Tilzy disconnected and has a minute to reconnect!\n|player|p2|\n|inactive|Tilzy has 20 seconds left.\n|inactive|Tilzy has 15 seconds left.\n|inactive|Tilzy has 10 seconds left.\n|inactive|Tilzy has 5 seconds left.\n|-message|Tilzy lost due to inactivity.\n|\n|win|VGCLTH mt\n|raw|VGCLTH mt's rating: 1754 &rarr; <strong>1778<\/strong><br \/>(+24 for winning)\n|raw|Tilzy's rating: 1820 &rarr; <strong>1796<\/strong><br \/>(-24 for losing)\n|l|\u2606VGCLTH mt\n|player|p1|\n|j|\u2606Tilzy\n|player|p2|Tilzy|pokemaniac|\n|l|\u2606Tilzy\n|player|p2|\n","uploadtime":1731858987,"views":24,"formatid":"gen9vgc2024regh","rating":1778,"private":0,"password":null}