{"id":"gen9vgc2024regh-2245517511","format":"[Gen 9] VGC 2024 Reg H","players":["VGCLTH fangame","Djjwjwwjj"],"log":"|raw|<div class=\"broadcast-blue\"><strong>This battle is required to be public due to a player having a name starting with 'vgclth'.<\/div>\n|j|\u2606VGCLTH fangame\n|j|\u2606Djjwjwwjj\n|t:|1731838119\n|gametype|doubles\n|player|p1|VGCLTH fangame|red|1759\n|player|p2|Djjwjwwjj|1|1698\n|teamsize|p1|6\n|teamsize|p2|6\n|gen|9\n|tier|[Gen 9] VGC 2024 Reg H\n|rated|\n|rule|Species Clause: Limit one of each Pok\u00e9mon\n|rule|Item Clause: Limit 1 of each item\n|clearpoke\n|poke|p1|Glaceon, L50, F|\n|poke|p1|Ninetales-Alola, L50, F|\n|poke|p1|Milotic, L50, M|\n|poke|p1|Incineroar, L50, F|\n|poke|p1|Ursaluna-Bloodmoon, L50, M|\n|poke|p1|Annihilape, L50, M|\n|poke|p2|Palafin, L50, F|\n|poke|p2|Incineroar, L50, M|\n|poke|p2|Amoonguss, L50, F|\n|poke|p2|Farigiraf, L50, F|\n|poke|p2|Ursaluna-Bloodmoon, L50, M|\n|poke|p2|Annihilape, L50, M|\n|teampreview|4\n|inactive|Battle timer is ON: inactive players will automatically lose when time's up. (requested by Djjwjwwjj)\n|inactive|VGCLTH fangame also wants the timer to be on.\n|j| Therazer456\n|inactive|VGCLTH fangame has 60 seconds left.\n|inactive|Djjwjwwjj has 60 seconds left.\n|inactive|Djjwjwwjj has 30 seconds left.\n|\n|t:|1731838192\n|start\n|switch|p1a: Ninetales|Ninetales-Alola, L50, F, shiny|100\/100\n|switch|p1b: Glaceon|Glaceon, L50, F, shiny|100\/100\n|switch|p2a: Annihilape|Annihilape, L50, M|100\/100\n|switch|p2b: Palafin|Palafin, L50, F|100\/100\n|-weather|Snow|[from] ability: Snow Warning|[of] p1a: Ninetales\n|turn|1\n|\n|t:|1731838208\n|detailschange|p2b: Palafin|Palafin-Hero, L50, F\n|switch|p2b: Incineroar|Incineroar, L50, M|100\/100\n|-ability|p2b: Incineroar|Intimidate|boost\n|-unboost|p1a: Ninetales|atk|1\n|-unboost|p1b: Glaceon|atk|1\n|move|p2a: Annihilape|Final Gambit|p1b: Glaceon\n|-damage|p1b: Glaceon|0 fnt\n|faint|p2a: Annihilape\n|faint|p1b: Glaceon\n|move|p1a: Ninetales|Aurora Veil|p1a: Ninetales\n|-sidestart|p1: VGCLTH fangame|move: Aurora Veil\n|\n|-weather|Snow|[upkeep]\n|upkeep\n|\n|t:|1731838227\n|switch|p2a: Palafin|Palafin-Hero, L50, F|100\/100\n|switch|p1b: Ursaluna|Ursaluna-Bloodmoon, L50, M|100\/100\n|-activate|p2a: Palafin|ability: Zero to Hero\n|turn|2\n|\n|t:|1731838239\n|switch|p1a: Milotic|Milotic, L50, M, shiny|100\/100\n|-terastallize|p1b: Ursaluna|Normal\n|move|p2a: Palafin|Flip Turn|p1b: Ursaluna\n|-damage|p1b: Ursaluna|73\/100\n|j| vgclth elowyn\n|\n|t:|1731838246\n|switch|p2a: Amoonguss|Amoonguss, L50, F|100\/100|[from] Flip Turn\n|move|p2b: Incineroar|Knock Off|p1b: Ursaluna\n|-damage|p1b: Ursaluna|49\/100\n|-enditem|p1b: Ursaluna|Assault Vest|[from] move: Knock Off|[of] p2b: Incineroar\n|move|p1b: Ursaluna|Hyper Voice|p2a: Amoonguss|[spread] p2a,p2b\n|-damage|p2a: Amoonguss|54\/100\n|-damage|p2b: Incineroar|53\/100\n|\n|-weather|Snow|[upkeep]\n|upkeep\n|turn|3\n|\n|t:|1731838273\n|switch|p2a: Palafin|Palafin-Hero, L50, F|100\/100\n|move|p1a: Milotic|Life Dew||[still]|[spread] p1a,p1b\n|-fail|p1a: Milotic|heal\n|-heal|p1b: Ursaluna|74\/100\n|move|p2b: Incineroar|Parting Shot|p1b: Ursaluna\n|-unboost|p1b: Ursaluna|atk|1\n|-unboost|p1b: Ursaluna|spa|1\n|\n|t:|1731838282\n|switch|p2b: Amoonguss|Amoonguss, L50, F|87\/100|[from] Parting Shot\n|move|p1b: Ursaluna|Blood Moon|p2a: Palafin\n|-damage|p2a: Palafin|28\/100\n|\n|-weather|Snow|[upkeep]\n|upkeep\n|turn|4\n|l| Therazer456\n|inactive|Djjwjwwjj has 30 seconds left.\n|\n|t:|1731838309\n|-terastallize|p2a: Palafin|Water\n|move|p2a: Palafin|Flip Turn|p1b: Ursaluna\n|-damage|p1b: Ursaluna|37\/100\n|\n|t:|1731838314\n|switch|p2a: Incineroar|Incineroar, L50, M|53\/100|[from] Flip Turn\n|-ability|p2a: Incineroar|Intimidate|boost\n|-unboost|p1a: Milotic|atk|1\n|-ability|p1a: Milotic|Competitive|boost\n|-boost|p1a: Milotic|spa|2\n|-enditem|p2a: Incineroar|Mirror Herb\n|-boost|p2a: Incineroar|spa|2|[from] item: Mirror Herb\n|-unboost|p1b: Ursaluna|atk|1\n|move|p1a: Milotic|Hypnosis|p2b: Amoonguss\n|-status|p2b: Amoonguss|slp|[from] move: Hypnosis\n|move|p1b: Ursaluna|Hyper Voice|p2a: Incineroar|[spread] p2a,p2b\n|-damage|p2a: Incineroar|21\/100\n|-damage|p2b: Amoonguss|58\/100 slp\n|cant|p2b: Amoonguss|slp\n|\n|-weather|Snow|[upkeep]\n|upkeep\n|turn|5\n|c| vgclth elowyn|mirror herb incin\n|c| vgclth elowyn|-=-\n|inactive|VGCLTH fangame has 30 seconds left.\n|inactive|Djjwjwwjj has 30 seconds left.\n|\n|t:|1731838341\n|move|p1a: Milotic|Coil|p1a: Milotic\n|-boost|p1a: Milotic|atk|1\n|-boost|p1a: Milotic|def|1\n|-boost|p1a: Milotic|accuracy|1\n|move|p2a: Incineroar|Knock Off|p1a: Milotic\n|-damage|p1a: Milotic|78\/100\n|-enditem|p1a: Milotic|Sitrus Berry|[from] move: Knock Off|[of] p2a: Incineroar\n|move|p1b: Ursaluna|Blood Moon|p2b: Amoonguss\n|-damage|p2b: Amoonguss|0 fnt\n|faint|p2b: Amoonguss\n|\n|-weather|none\n|-sideend|p1: VGCLTH fangame|move: Aurora Veil\n|upkeep\n|\n|t:|1731838356\n|switch|p2b: Palafin|Palafin-Hero, L50, F, tera:Water|28\/100\n|turn|6\n|\n|t:|1731838378\n|move|p2b: Palafin|Close Combat|p1a: Milotic\n|-damage|p1a: Milotic|16\/100\n|-unboost|p2b: Palafin|def|1\n|-unboost|p2b: Palafin|spd|1\n|move|p1a: Milotic|Muddy Water|p2a: Incineroar|[spread] p2a,p2b\n|-supereffective|p2a: Incineroar\n|-resisted|p2b: Palafin\n|-damage|p2a: Incineroar|0 fnt\n|-damage|p2b: Palafin|0 fnt\n|faint|p2a: Incineroar\n|faint|p2b: Palafin\n|\n|win|VGCLTH fangame\n|raw|VGCLTH fangame's rating: 1759 &rarr; <strong>1776<\/strong><br \/>(+17 for winning)\n|raw|Djjwjwwjj's rating: 1698 &rarr; <strong>1681<\/strong><br \/>(-17 for losing)\n|l|\u2606VGCLTH fangame\n|player|p1|\n|l|\u2606Djjwjwwjj\n|player|p2|\n","uploadtime":1731838590,"views":17,"formatid":"gen9vgc2024regh","rating":1681,"private":0,"password":null}