{"id":"gen9vgc2024regh-2245458286","format":"[Gen 9] VGC 2024 Reg H","players":["kendrickmalamar1","winterbreak"],"log":"|j|\u2606kendrickmalamar1\n|j|\u2606winterbreak\n|t:|1731824874\n|gametype|doubles\n|player|p1|kendrickmalamar1|volkner-masters|1734\n|player|p2|winterbreak|lucas-gen4pt|1739\n|teamsize|p1|6\n|teamsize|p2|6\n|gen|9\n|tier|[Gen 9] VGC 2024 Reg H\n|rated|\n|rule|Species Clause: Limit one of each Pok\u00e9mon\n|rule|Item Clause: Limit 1 of each item\n|clearpoke\n|poke|p1|Baxcalibur, L50, F|\n|poke|p1|Kingambit, L50, M|\n|poke|p1|Sneasler, L50, F|\n|poke|p1|Rillaboom, L50, F|\n|poke|p1|Volcarona, L50, M|\n|poke|p1|Basculegion, L50, M|\n|poke|p2|Annihilape, L50, F|\n|poke|p2|Maushold, L50|\n|poke|p2|Archaludon, L50, M|\n|poke|p2|Gholdengo, L50|\n|poke|p2|Sableye, L50, F|\n|poke|p2|Ursaluna-Bloodmoon, L50, M|\n|teampreview|4\nkendrickmalamar1 has agreed to open team sheets.\n|\n|t:|1731824923\n|start\n|switch|p1a: Basculegion|Basculegion, L50, M|100\/100\n|switch|p1b: Volcarona|Volcarona, L50, M|100\/100\n|switch|p2a: Archaludon|Archaludon, L50, M|100\/100\n|switch|p2b: Sableye|Sableye, L50, F|100\/100\n|turn|1\n|\n|t:|1731824940\n|move|p2b: Sableye|Reflect|p2b: Sableye\n|-sidestart|p2: winterbreak|Reflect\n|move|p1a: Basculegion|Flip Turn|p2b: Sableye\n|-damage|p2b: Sableye|67\/100\n|\n|t:|1731824945\n|switch|p1a: Aaliyah|Sneasler, L50, F|100\/100|[from] Flip Turn\n|move|p1b: Volcarona|Heat Wave|p2b: Sableye|[spread] p2a,p2b\n|-damage|p2a: Archaludon|69\/100\n|-damage|p2b: Sableye|22\/100\n|-ability|p2a: Archaludon|Stamina|boost\n|-boost|p2a: Archaludon|def|1\n|move|p2a: Archaludon|Stealth Rock|p1a: Aaliyah\n|-sidestart|p1: kendrickmalamar1|move: Stealth Rock\n|\n|upkeep\n|turn|2\n|\n|t:|1731824968\n|move|p2b: Sableye|Light Screen|p2b: Sableye\n|-sidestart|p2: winterbreak|move: Light Screen\n|move|p1a: Aaliyah|Close Combat|p2a: Archaludon\n|-supereffective|p2a: Archaludon\n|-damage|p2a: Archaludon|32\/100\n|-unboost|p1a: Aaliyah|def|1\n|-unboost|p1a: Aaliyah|spd|1\n|-ability|p2a: Archaludon|Stamina|boost\n|-boost|p2a: Archaludon|def|1\n|-enditem|p2a: Archaludon|Sitrus Berry|[eat]\n|-heal|p2a: Archaludon|57\/100|[from] item: Sitrus Berry\n|move|p1b: Volcarona|Heat Wave|p2a: Archaludon|[spread] p2a,p2b\n|-damage|p2a: Archaludon|34\/100\n|-damage|p2b: Sableye|0 fnt\n|-ability|p2a: Archaludon|Stamina|boost\n|-boost|p2a: Archaludon|def|1\n|faint|p2b: Sableye\n|move|p2a: Archaludon|Body Press|p1a: Aaliyah\n|-resisted|p1a: Aaliyah\n|-damage|p1a: Aaliyah|19\/100\n|\n|upkeep\n|\n|t:|1731824998\n|switch|p2b: Annihilape|Annihilape, L50, F|100\/100\n|turn|3\n|\n|t:|1731825088\n|move|p2b: Annihilape|Protect|p2b: Annihilape\n|-singleturn|p2b: Annihilape|Protect\n|move|p1a: Aaliyah|Close Combat|p2a: Archaludon\n|-supereffective|p2a: Archaludon\n|-damage|p2a: Archaludon|11\/100\n|-unboost|p1a: Aaliyah|def|1\n|-unboost|p1a: Aaliyah|spd|1\n|-ability|p2a: Archaludon|Stamina|boost\n|-boost|p2a: Archaludon|def|1\n|move|p1b: Volcarona|Heat Wave|p2b: Annihilape|[spread] p2a\n|-activate|p2b: Annihilape|move: Protect\n|-damage|p2a: Archaludon|0 fnt\n|faint|p2a: Archaludon\n|\n|upkeep\n|\n|t:|1731825100\n|switch|p2a: Maushold|Maushold, L50|100\/100\n|turn|4\n|\n|t:|1731825111\n|move|p2a: Maushold|Protect|p2a: Maushold\n|-singleturn|p2a: Maushold|Protect\n|move|p1a: Aaliyah|Close Combat|p2a: Maushold\n|-activate|p2a: Maushold|move: Protect\n|move|p2b: Annihilape|Bulk Up|p2b: Annihilape\n|-boost|p2b: Annihilape|atk|1\n|-boost|p2b: Annihilape|def|1\n|move|p1b: Volcarona|Heat Wave|p2b: Annihilape|[spread] p2b\n|-activate|p2a: Maushold|move: Protect\n|-damage|p2b: Annihilape|83\/100\n|\n|-heal|p2b: Annihilape|89\/100|[from] item: Leftovers\n|upkeep\n|turn|5\n|inactive|Battle timer is ON: inactive players will automatically lose when time's up. (requested by kendrickmalamar1)\n|\n|t:|1731825175\n|-terastallize|p2a: Maushold|Ghost\n|-terastallize|p1b: Volcarona|Fairy\n|move|p1a: Aaliyah|Close Combat|p2a: Maushold\n|-immune|p2a: Maushold\n|move|p2a: Maushold|Population Bomb|p1a: Aaliyah\n|-damage|p1a: Aaliyah|0 fnt\n|faint|p1a: Aaliyah\n|-hitcount|p1: Aaliyah|1\n|move|p2b: Annihilape|Bulk Up|p2b: Annihilape\n|-boost|p2b: Annihilape|atk|1\n|-boost|p2b: Annihilape|def|1\n|move|p1b: Volcarona|Tera Blast|p2b: Annihilape|[anim] Tera Blast Fairy\n|-supereffective|p2b: Annihilape\n|-damage|p2b: Annihilape|54\/100\n|\n|-heal|p2b: Annihilape|60\/100|[from] item: Leftovers\n|upkeep\n|\n|t:|1731825182\n|switch|p1a: Basculegion|Basculegion, L50, M|100\/100\n|-damage|p1a: Basculegion|88\/100|[from] Stealth Rock\n|turn|6\n|inactive|winterbreak has 30 seconds left.\n|\n|t:|1731825208\n|move|p2a: Maushold|Follow Me|p2a: Maushold\n|-singleturn|p2a: Maushold|move: Follow Me\n|move|p1a: Basculegion|Last Respects|p2a: Maushold\n|-supereffective|p2a: Maushold\n|-damage|p2a: Maushold|0 fnt\n|faint|p2a: Maushold\n|move|p2b: Annihilape|Rage Fist|p1a: Basculegion\n|-supereffective|p1a: Basculegion\n|-damage|p1a: Basculegion|0 fnt\n|faint|p1a: Basculegion\n|move|p1b: Volcarona|Tera Blast|p2b: Annihilape|[anim] Tera Blast Fairy\n|-supereffective|p2b: Annihilape\n|-damage|p2b: Annihilape|14\/100\n|\n|-heal|p2b: Annihilape|21\/100|[from] item: Leftovers\n|upkeep\n|\n|t:|1731825215\n|switch|p1a: K-Dot|Kingambit, L50, M, shiny|100\/100\n|-damage|p1a: K-Dot|94\/100|[from] Stealth Rock\n|turn|7\n|\n|t:|1731825224\n|move|p1a: K-Dot|Sucker Punch|p2b: Annihilape\n|-damage|p2b: Annihilape|7\/100\n|move|p2b: Annihilape|Drain Punch|p1a: K-Dot\n|-supereffective|p1a: K-Dot\n|-damage|p1a: K-Dot|0 fnt\n|-heal|p2b: Annihilape|52\/100|[from] drain|[of] p1a: K-Dot\n|faint|p1a: K-Dot\n|move|p1b: Volcarona|Tera Blast|p2b: Annihilape|[anim] Tera Blast Fairy\n|-supereffective|p2b: Annihilape\n|-damage|p2b: Annihilape|6\/100\n|\n|-heal|p2b: Annihilape|12\/100|[from] item: Leftovers\n|upkeep\n|turn|8\n|\n|t:|1731825237\n|move|p2b: Annihilape|Rage Fist|p1b: Volcarona\n|-damage|p1b: Volcarona|0 fnt\n|faint|p1b: Volcarona\n|\n|win|winterbreak\n|raw|kendrickmalamar1's rating: 1734 &rarr; <strong>1714<\/strong><br \/>(-20 for losing)\n|raw|winterbreak's rating: 1739 &rarr; <strong>1759<\/strong><br \/>(+20 for winning)\n|l|\u2606kendrickmalamar1\n|player|p1|\n","uploadtime":1731825440,"views":23,"formatid":"gen9vgc2024regh","rating":1714,"private":0,"password":null}