{"id":"gen9vgc2024regh-2245821892","format":"[Gen 9] VGC 2024 Reg H","players":["vovomaxben10","VGCLTH Rishi"],"log":"|raw|<div class=\"broadcast-blue\"><strong>This battle is required to be public due to a player having a name starting with 'vgclth'.<\/div>\n|j|\u2606vovomaxben10\n|j|\u2606VGCLTH Rishi\n|t:|1731880732\n|gametype|doubles\n|player|p1|vovomaxben10|lucas|1709\n|player|p2|VGCLTH Rishi|shauntal|1816\n|teamsize|p1|6\n|teamsize|p2|6\n|gen|9\n|tier|[Gen 9] VGC 2024 Reg H\n|rated|\n|rule|Species Clause: Limit one of each Pok\u00e9mon\n|rule|Item Clause: Limit 1 of each item\n|clearpoke\n|poke|p1|Talonflame, L50, F|\n|poke|p1|Ursaluna-Bloodmoon, L50, M|\n|poke|p1|Sneasler, L50, M|\n|poke|p1|Indeedee, L50, M|\n|poke|p1|Hydreigon, L50, M|\n|poke|p1|Clefable, L50, M|\n|poke|p2|Kommo-o, L50, M|\n|poke|p2|Rillaboom, L50, M|\n|poke|p2|Tyranitar, L50, F|\n|poke|p2|Talonflame, L50, M|\n|poke|p2|Gholdengo, L50|\n|poke|p2|Milotic, L50, M|\n|teampreview|4\n|j| futonkagebunshin\n|\n|t:|1731880775\n|start\n|switch|p1a: Hydreigon|Hydreigon, L50, M|100\/100\n|switch|p1b: Sneasler|Sneasler, L50, M|100\/100\n|switch|p2a: Tyranitar|Tyranitar, L50, F|100\/100\n|switch|p2b: Rillaboom|Rillaboom, L50, M, shiny|100\/100\n|-fieldstart|move: Grassy Terrain|[from] ability: Grassy Surge|[of] p2b: Rillaboom\n|-weather|Sandstorm|[from] ability: Sand Stream|[of] p2a: Tyranitar\n|turn|1\n|\n|t:|1731880792\n|-terastallize|p2a: Tyranitar|Flying\n|move|p1b: Sneasler|Protect|p1b: Sneasler\n|-singleturn|p1b: Sneasler|Protect\n|move|p2b: Rillaboom|Protect|p2b: Rillaboom\n|-singleturn|p2b: Rillaboom|Protect\n|move|p1a: Hydreigon|Heat Wave|p2a: Tyranitar|[spread] p2a\n|-activate|p2b: Rillaboom|move: Protect\n|-damage|p2a: Tyranitar|85\/100\n|move|p2a: Tyranitar|Tera Blast|p1b: Sneasler|[anim] Tera Blast Flying\n|-activate|p1b: Sneasler|move: Protect\n|\n|-weather|Sandstorm|[upkeep]\n|-damage|p1b: Sneasler|95\/100|[from] Sandstorm\n|-damage|p1a: Hydreigon|95\/100|[from] Sandstorm\n|-damage|p2b: Rillaboom|94\/100|[from] Sandstorm\n|-damage|p2a: Tyranitar|79\/100|[from] Sandstorm\n|-heal|p1b: Sneasler|100\/100|[from] Grassy Terrain\n|-heal|p2b: Rillaboom|100\/100|[from] Grassy Terrain\n|upkeep\n|turn|2\n|\n|t:|1731880808\n|-terastallize|p1b: Sneasler|Stellar\n|move|p2b: Rillaboom|Grassy Glide|p1a: Hydreigon\n|-resisted|p1a: Hydreigon\n|-damage|p1a: Hydreigon|66\/100\n|move|p1b: Sneasler|Dire Claw|p2a: Tyranitar\n|-damage|p2a: Tyranitar|26\/100\n|move|p1a: Hydreigon|Draco Meteor|p2a: Tyranitar|[miss]\n|-miss|p1a: Hydreigon|p2a: Tyranitar\n|move|p2a: Tyranitar|Low Kick|p1a: Hydreigon\n|-supereffective|p1a: Hydreigon\n|-damage|p1a: Hydreigon|0 fnt\n|faint|p1a: Hydreigon\n|\n|-weather|Sandstorm|[upkeep]\n|-damage|p1b: Sneasler|95\/100|[from] Sandstorm\n|-damage|p2b: Rillaboom|94\/100|[from] Sandstorm\n|-damage|p2a: Tyranitar|20\/100|[from] Sandstorm\n|-heal|p1b: Sneasler|100\/100|[from] Grassy Terrain\n|-heal|p2b: Rillaboom|100\/100|[from] Grassy Terrain\n|upkeep\n|\n|t:|1731880820\n|switch|p1a: Indeedee|Indeedee, L50, M|100\/100\n|-fieldstart|move: Psychic Terrain|[from] ability: Psychic Surge|[of] p1a: Indeedee\n|-enditem|p1b: Sneasler|Psychic Seed\n|-boost|p1b: Sneasler|spd|1|[from] item: Psychic Seed\n|turn|3\n|\n|t:|1731880831\n|switch|p2b: Gholdengo|Gholdengo, L50|100\/100\n|move|p1b: Sneasler|Dire Claw|p2b: Gholdengo\n|-immune|p2b: Gholdengo\n|move|p1a: Indeedee|Expanding Force|p2b: Gholdengo|[spread] p2a,p2b\n|-resisted|p2b: Gholdengo\n|-damage|p2a: Tyranitar|0 fnt\n|-damage|p2b: Gholdengo|70\/100\n|faint|p2a: Tyranitar\n|\n|-weather|Sandstorm|[upkeep]\n|-damage|p1b: Sneasler|95\/100|[from] Sandstorm\n|-damage|p1a: Indeedee|95\/100|[from] Sandstorm\n|upkeep\n|\n|t:|1731880837\n|switch|p2a: Rillaboom|Rillaboom, L50, M, shiny|100\/100\n|-fieldstart|move: Grassy Terrain|[from] ability: Grassy Surge|[of] p2a: Rillaboom\n|turn|4\n|\n|t:|1731880847\n|switch|p1a: Clefable|Clefable, L50, M|100\/100\n|move|p1b: Sneasler|Protect|p1b: Sneasler\n|-singleturn|p1b: Sneasler|Protect\n|move|p2a: Rillaboom|Fake Out|p1b: Sneasler\n|-activate|p1b: Sneasler|move: Protect\n|move|p2b: Gholdengo|Make It Rain|p1a: Clefable|[spread] p1a\n|-activate|p1b: Sneasler|move: Protect\n|-supereffective|p1a: Clefable\n|-damage|p1a: Clefable|0 fnt\n|-unboost|p2b: Gholdengo|spa|1\n|faint|p1a: Clefable\n|\n|-weather|Sandstorm|[upkeep]\n|-damage|p1b: Sneasler|89\/100|[from] Sandstorm\n|-damage|p2a: Rillaboom|94\/100|[from] Sandstorm\n|-heal|p1b: Sneasler|95\/100|[from] Grassy Terrain\n|-heal|p2b: Gholdengo|76\/100|[from] Grassy Terrain\n|-heal|p2a: Rillaboom|100\/100|[from] Grassy Terrain\n|upkeep\n|\n|t:|1731880851\n|switch|p1a: Indeedee|Indeedee, L50, M|95\/100\n|-fieldstart|move: Psychic Terrain|[from] ability: Psychic Surge|[of] p1a: Indeedee\n|turn|5\n|\n|t:|1731880874\n|move|p2a: Rillaboom|Protect|p2a: Rillaboom\n|-singleturn|p2a: Rillaboom|Protect\n|move|p1b: Sneasler|Dire Claw|p2a: Rillaboom\n|-activate|p2a: Rillaboom|move: Protect\n|move|p1a: Indeedee|Expanding Force|p2a: Rillaboom|[spread] p2b\n|-activate|p2a: Rillaboom|move: Protect\n|-resisted|p2b: Gholdengo\n|-damage|p2b: Gholdengo|47\/100\n|move|p2b: Gholdengo|Make It Rain|p1a: Indeedee|[spread] p1a,p1b\n|-damage|p1a: Indeedee|35\/100\n|-damage|p1b: Sneasler|51\/100\n|-unboost|p2b: Gholdengo|spa|1\n|\n|-weather|none\n|upkeep\n|turn|6\n|\n|t:|1731880888\n|move|p1b: Sneasler|Throat Chop|p2b: Gholdengo\n|-supereffective|p2b: Gholdengo\n|-damage|p2b: Gholdengo|0 fnt\n|faint|p2b: Gholdengo\n|move|p1a: Indeedee|Expanding Force|p2a: Rillaboom\n|-damage|p2a: Rillaboom|18\/100\n|move|p2a: Rillaboom|Wood Hammer|p1b: Sneasler\n|-resisted|p1b: Sneasler\n|-damage|p1b: Sneasler|0 fnt\n|faint|p1b: Sneasler\n|-damage|p2a: Rillaboom|5\/100|[from] Recoil\n|\n|upkeep\n|\n|t:|1731880896\n|switch|p2b: Talonflame|Talonflame, L50, M|100\/100\n|turn|7\n|\n|t:|1731880900\n|move|p2b: Talonflame|Tailwind|p2b: Talonflame\n|-sidestart|p2: VGCLTH Rishi|move: Tailwind\n|move|p2a: Rillaboom|Wood Hammer|p1a: Indeedee\n|-damage|p1a: Indeedee|0 fnt\n|faint|p1a: Indeedee\n|-damage|p2a: Rillaboom|0 fnt|[from] Recoil\n|faint|p2a: Rillaboom\n|\n|win|VGCLTH Rishi\n|raw|vovomaxben10's rating: 1709 &rarr; <strong>1695<\/strong><br \/>(-14 for losing)\n|raw|VGCLTH Rishi's rating: 1816 &rarr; <strong>1830<\/strong><br \/>(+14 for winning)\n|l|\u2606vovomaxben10\n|player|p1|\n|l|\u2606VGCLTH Rishi\n|player|p2|\n|j| Finabas\n|l| Finabas\n","uploadtime":1731881103,"views":18,"formatid":"gen9vgc2024regh","rating":1695,"private":0,"password":null}