{"id":"gen9vgc2024regh-2245099311","format":"[Gen 9] VGC 2024 Reg H","players":["thacrow","jdarcan"],"log":"|j|\u2606thacrow\n|j|\u2606jdarcan\n|t:|1731776540\n|gametype|doubles\n|player|p1|thacrow|wallace-masters|1689\n|player|p2|jdarcan|pokemonranger|1698\n|teamsize|p1|6\n|teamsize|p2|6\n|gen|9\n|tier|[Gen 9] VGC 2024 Reg H\n|rated|\n|rule|Species Clause: Limit one of each Pok\u00e9mon\n|rule|Item Clause: Limit 1 of each item\n|clearpoke\n|poke|p1|Ceruledge, L50, F|\n|poke|p1|Gastrodon-East, L50, M|\n|poke|p1|Sneasler, L50, F|\n|poke|p1|Dragonite, L50, F|\n|poke|p1|Rillaboom, L50, M|\n|poke|p1|Kingambit, L50, M|\n|poke|p2|Archaludon, L50, M|\n|poke|p2|Gardevoir, L50, M|\n|poke|p2|Overqwil, L50, M|\n|poke|p2|Annihilape, L50, F|\n|poke|p2|Pelipper, L50, M|\n|poke|p2|Smeargle, L50, M|\n|teampreview|4\n|\n|t:|1731776574\n|start\n|switch|p1a: Kidturtle|Sneasler, L50, F, shiny|100\/100\n|switch|p1b: Main Flutter|Dragonite, L50, F, shiny|100\/100\n|switch|p2a: Annihilape|Annihilape, L50, F|100\/100\n|switch|p2b: Pelipper|Pelipper, L50, M|100\/100\n|-weather|RainDance|[from] ability: Drizzle|[of] p2b: Pelipper\n|turn|1\n|\n|t:|1731776605\n|move|p2b: Pelipper|Protect|p2b: Pelipper\n|-singleturn|p2b: Pelipper|Protect\n|move|p2a: Annihilape|U-turn|p1a: Kidturtle\n|-resisted|p1a: Kidturtle\n|-damage|p1a: Kidturtle|92\/100\n|\n|t:|1731776612\n|switch|p2a: Archaludon|Archaludon, L50, M|100\/100|[from] U-turn\n|move|p1a: Kidturtle|Coaching|p1b: Main Flutter\n|-boost|p1b: Main Flutter|atk|1\n|-boost|p1b: Main Flutter|def|1\n|move|p1b: Main Flutter|Scale Shot|p2a: Archaludon\n|-damage|p2a: Archaludon|84\/100\n|-ability|p2a: Archaludon|Stamina|boost\n|-boost|p2a: Archaludon|def|1\n|-damage|p2a: Archaludon|73\/100\n|-ability|p2a: Archaludon|Stamina|boost\n|-boost|p2a: Archaludon|def|1\n|-damage|p2a: Archaludon|65\/100\n|-ability|p2a: Archaludon|Stamina|boost\n|-boost|p2a: Archaludon|def|1\n|-damage|p2a: Archaludon|58\/100\n|-ability|p2a: Archaludon|Stamina|boost\n|-boost|p2a: Archaludon|def|1\n|-crit|p2a: Archaludon\n|-damage|p2a: Archaludon|33\/100\n|-ability|p2a: Archaludon|Stamina|boost\n|-boost|p2a: Archaludon|def|1\n|-hitcount|p2a: Archaludon|5\n|-unboost|p1b: Main Flutter|def|1\n|-boost|p1b: Main Flutter|spe|1\n|\n|-weather|RainDance|[upkeep]\n|upkeep\n|turn|2\n|\n|t:|1731776644\n|move|p1b: Main Flutter|Scale Shot|p2b: Pelipper\n|-damage|p2b: Pelipper|73\/100\n|-damage|p2b: Pelipper|44\/100\n|-damage|p2b: Pelipper|15\/100\n|-damage|p2b: Pelipper|0 fnt\n|faint|p2b: Pelipper\n|-hitcount|p2: Pelipper|4\n|-unboost|p1b: Main Flutter|def|1\n|-boost|p1b: Main Flutter|spe|1\n|move|p1a: Kidturtle|Close Combat|p2a: Archaludon\n|-supereffective|p2a: Archaludon\n|-damage|p2a: Archaludon|5\/100\n|-unboost|p1a: Kidturtle|def|1\n|-unboost|p1a: Kidturtle|spd|1\n|-ability|p2a: Archaludon|Stamina|boost\n|-boost|p2a: Archaludon|def|1\n|move|p2a: Archaludon|Electro Shot||[still]\n|-prepare|p2a: Archaludon|Electro Shot\n|-boost|p2a: Archaludon|spa|1\n|-anim|p2a: Archaludon|Electro Shot|p1a: Kidturtle\n|-damage|p1a: Kidturtle|0 fnt\n|faint|p1a: Kidturtle\n|\n|-weather|RainDance|[upkeep]\n|upkeep\n|\n|t:|1731776665\n|switch|p1a: Joe Dog|Gastrodon-East, L50, M|100\/100\n|switch|p2b: Smeargle|Smeargle, L50, M|100\/100\n|turn|3\n|\n|t:|1731776693\n|move|p1b: Main Flutter|Protect|p1b: Main Flutter\n|-singleturn|p1b: Main Flutter|Protect\n|move|p1a: Joe Dog|Protect|p1a: Joe Dog\n|-singleturn|p1a: Joe Dog|Protect\n|move|p2b: Smeargle|Follow Me|p2b: Smeargle\n|-singleturn|p2b: Smeargle|move: Follow Me\n|move|p2a: Archaludon|Draco Meteor|p1b: Main Flutter\n|-activate|p1b: Main Flutter|move: Protect\n|\n|-weather|RainDance|[upkeep]\n|-ability|p2b: Smeargle|Moody|boost\n|-boost|p2b: Smeargle|spe|2\n|-unboost|p2b: Smeargle|spa|1\n|upkeep\n|turn|4\n|\n|t:|1731776717\n|move|p2b: Smeargle|Follow Me|p2b: Smeargle\n|-singleturn|p2b: Smeargle|move: Follow Me\n|move|p1b: Main Flutter|Scale Shot|p2b: Smeargle\n|-damage|p2b: Smeargle|50\/100\n|-damage|p2b: Smeargle|0 fnt\n|faint|p2b: Smeargle\n|-hitcount|p2: Smeargle|2\n|-unboost|p1b: Main Flutter|def|1\n|-boost|p1b: Main Flutter|spe|1\n|move|p2a: Archaludon|Draco Meteor|p1b: Main Flutter\n|-supereffective|p1b: Main Flutter\n|-damage|p1b: Main Flutter|5\/100\n|-unboost|p2a: Archaludon|spa|2\n|move|p1a: Joe Dog|Earth Power|p2a: Archaludon\n|-supereffective|p2a: Archaludon\n|-damage|p2a: Archaludon|0 fnt\n|faint|p2a: Archaludon\n|\n|-weather|RainDance|[upkeep]\n|upkeep\n|j| qiyeO.o\n|\n|t:|1731776733\n|switch|p2a: Annihilape|Annihilape, L50, F|100\/100\n|turn|5\n|\n|t:|1731776749\n|move|p1b: Main Flutter|Scale Shot|p2a: Annihilape\n|-crit|p2a: Annihilape\n|-damage|p2a: Annihilape|63\/100\n|-damage|p2a: Annihilape|39\/100\n|-damage|p2a: Annihilape|16\/100\n|-damage|p2a: Annihilape|0 fnt\n|faint|p2a: Annihilape\n|-hitcount|p2: Annihilape|4\n|\n|win|thacrow\n|raw|thacrow's rating: 1689 &rarr; <strong>1710<\/strong><br \/>(+21 for winning)\n|raw|jdarcan's rating: 1698 &rarr; <strong>1677<\/strong><br \/>(-21 for losing)\n|l|\u2606thacrow\n|player|p1|\n|l| qiyeO.o\n|l|\u2606jdarcan\n|player|p2|\n","uploadtime":1731776963,"views":10,"formatid":"gen9vgc2024regh","rating":1677,"private":0,"password":null}