{"id":"gen9vgc2024regh-2245281275","format":"[Gen 9] VGC 2024 Reg H","players":["jbleacher2","VGCLTH low laddr"],"log":"|raw|<div class=\"broadcast-blue\"><strong>This battle is required to be public due to a player having a name starting with 'vgclth'.<\/div>\n|j|\u2606jbleacher2\n|j|\u2606VGCLTH low laddr\n|t:|1731799276\n|gametype|doubles\n|player|p1|jbleacher2|266|1689\n|player|p2|VGCLTH low laddr|lucas|1816\n|teamsize|p1|6\n|teamsize|p2|6\n|gen|9\n|tier|[Gen 9] VGC 2024 Reg H\n|rated|\n|rule|Species Clause: Limit one of each Pok\u00e9mon\n|rule|Item Clause: Limit 1 of each item\n|clearpoke\n|poke|p1|Murkrow, L50, M|\n|poke|p1|Volcarona, L50, M|\n|poke|p1|Oricorio-Pom-Pom, L50, F|\n|poke|p1|Quaquaval, L50, F|\n|poke|p1|Archaludon, L50, F|\n|poke|p1|Golduck, L50, F|\n|poke|p2|Sneasler, L50, F|\n|poke|p2|Ursaluna-Bloodmoon, L50, M|\n|poke|p2|Incineroar, L50, F|\n|poke|p2|Gholdengo, L50|\n|poke|p2|Rillaboom, L50, F|\n|poke|p2|Dragonite, L50, F|\n|teampreview|4\n|inactive|Battle timer is ON: inactive players will automatically lose when time's up. (requested by VGCLTH low laddr)\n|inactive|jbleacher2 also wants the timer to be on.\n|j| jdarcan\n|inactive|jbleacher2 has 60 seconds left.\n|inactive|VGCLTH low laddr has 60 seconds left.\nVGCLTH low laddr has agreed to open team sheets.\n|\n|t:|1731799326\n|start\n|switch|p1a: Quaquaval|Quaquaval, L50, F|100\/100\n|switch|p1b: Oricorio|Oricorio-Pom-Pom, L50, F, shiny|100\/100\n|switch|p2a: Dragonite|Dragonite, L50, F|100\/100\n|switch|p2b: Rillaboom|Rillaboom, L50, F|100\/100\n|-fieldstart|move: Grassy Terrain|[from] ability: Grassy Surge|[of] p2b: Rillaboom\n|turn|1\n|\n|t:|1731799336\n|-terastallize|p1a: Quaquaval|Ghost\n|move|p2b: Rillaboom|Fake Out|p1b: Oricorio\n|-damage|p1b: Oricorio|80\/100\n|move|p1a: Quaquaval|Triple Axel|p2a: Dragonite\n|-supereffective|p2a: Dragonite\n|-damage|p2a: Dragonite|84\/100\n|-supereffective|p2a: Dragonite\n|-damage|p2a: Dragonite|24\/100\n|-supereffective|p2a: Dragonite\n|-damage|p2a: Dragonite|0 fnt\n|faint|p2a: Dragonite\n|-ability|p1a: Quaquaval|Moxie|boost\n|-boost|p1a: Quaquaval|atk|1\n|-hitcount|p2: Dragonite|3\n|move|p1b: Oricorio|Revelation Dance|p2b: Rillaboom\n|-resisted|p2b: Rillaboom\n|-damage|p2b: Rillaboom|86\/100\n|\n|-heal|p2b: Rillaboom|92\/100|[from] Grassy Terrain\n|upkeep\n|\n|t:|1731799348\n|switch|p2a: Gholdengo|Gholdengo, L50|100\/100\n|turn|2\n|\n|t:|1731799358\n|switch|p1b: Volcarona|Volcarona, L50, M|100\/100\n|move|p2b: Rillaboom|Grassy Glide|p1a: Quaquaval\n|-damage|p1a: Quaquaval|51\/100\n|move|p1a: Quaquaval|Triple Axel|p2b: Rillaboom\n|-supereffective|p2b: Rillaboom\n|-damage|p2b: Rillaboom|72\/100\n|-supereffective|p2b: Rillaboom\n|-damage|p2b: Rillaboom|35\/100\n|-supereffective|p2b: Rillaboom\n|-damage|p2b: Rillaboom|0 fnt\n|faint|p2b: Rillaboom\n|-ability|p1a: Quaquaval|Moxie|boost\n|-boost|p1a: Quaquaval|atk|1\n|-hitcount|p2: Rillaboom|3\n|move|p2a: Gholdengo|Make It Rain|p1a: Quaquaval|[spread] p1a,p1b\n|-resisted|p1b: Volcarona\n|-damage|p1a: Quaquaval|0 fnt\n|-damage|p1b: Volcarona|71\/100\n|-unboost|p2a: Gholdengo|spa|1\n|faint|p1a: Quaquaval\n|-damage|p2a: Gholdengo|91\/100|[from] item: Life Orb\n|\n|-heal|p1b: Volcarona|77\/100|[from] Grassy Terrain\n|-heal|p1b: Volcarona|84\/100|[from] item: Leftovers\n|-heal|p2a: Gholdengo|97\/100|[from] Grassy Terrain\n|upkeep\n|\n|t:|1731799363\n|switch|p1a: Oricorio|Oricorio-Pom-Pom, L50, F, shiny|80\/100\n|switch|p2b: Sneasler|Sneasler, L50, F|100\/100\n|turn|3\n|inactive|VGCLTH low laddr has 30 seconds left.\n|\n|t:|1731799391\n|-terastallize|p2b: Sneasler|Stellar\n|move|p1a: Oricorio|Protect|p1a: Oricorio\n|-singleturn|p1a: Oricorio|Protect\n|move|p2b: Sneasler|Dire Claw|p1b: Volcarona\n|-damage|p1b: Volcarona|25\/100\n|-status|p2b: Sneasler|brn|[from] ability: Flame Body|[of] p1b: Volcarona\n|move|p1b: Volcarona|Quiver Dance|p1b: Volcarona\n|-boost|p1b: Volcarona|spa|1\n|-boost|p1b: Volcarona|spd|1\n|-boost|p1b: Volcarona|spe|1\n|-activate|p1a: Oricorio|ability: Dancer\n|move|p1a: Oricorio|Quiver Dance|p1a: Oricorio|[from]ability: Dancer\n|-boost|p1a: Oricorio|spa|1\n|-boost|p1a: Oricorio|spd|1\n|-boost|p1a: Oricorio|spe|1\n|move|p2a: Gholdengo|Shadow Ball|p1b: Volcarona\n|-damage|p1b: Volcarona|0 fnt\n|faint|p1b: Volcarona\n|-damage|p2a: Gholdengo|87\/100|[from] item: Life Orb\n|\n|-heal|p2a: Gholdengo|93\/100|[from] Grassy Terrain\n|-damage|p2b: Sneasler|95\/100 brn|[from] brn\n|upkeep\n|\n|t:|1731799396\n|switch|p1b: Archaludon|Archaludon, L50, F|100\/100\n|turn|4\n|\n|t:|1731799416\n|move|p1a: Oricorio|Air Slash|p2b: Sneasler\n|-supereffective|p2b: Sneasler\n|-damage|p2b: Sneasler|0 fnt\n|faint|p2b: Sneasler\n|move|p2a: Gholdengo|Shadow Ball|p1b: Archaludon\n|-damage|p1b: Archaludon|78\/100\n|-ability|p1b: Archaludon|Stamina|boost\n|-boost|p1b: Archaludon|def|1\n|-damage|p2a: Gholdengo|83\/100|[from] item: Life Orb\n|move|p1b: Archaludon|Snarl|p2a: Gholdengo\n|-supereffective|p2a: Gholdengo\n|-damage|p2a: Gholdengo|53\/100\n|-unboost|p2a: Gholdengo|spa|1\n|\n|-heal|p2a: Gholdengo|60\/100|[from] Grassy Terrain\n|-heal|p1b: Archaludon|85\/100|[from] Grassy Terrain\n|upkeep\n|turn|5\n|-message|VGCLTH low laddr forfeited.\n|\n|win|jbleacher2\n|raw|jbleacher2's rating: 1689 &rarr; <strong>1716<\/strong><br \/>(+27 for winning)\n|raw|VGCLTH low laddr's rating: 1816 &rarr; <strong>1789<\/strong><br \/>(-27 for losing)\n|l|\u2606VGCLTH low laddr\n|player|p2|\n","uploadtime":1731799560,"views":24,"formatid":"gen9vgc2024regh","rating":1716,"private":0,"password":null}