{"id":"gen9vgc2024regh-2245677306","format":"[Gen 9] VGC 2024 Reg H","players":["VGCLTH Bigfoot","tmgwta"],"log":"|raw|<div class=\"broadcast-blue\"><strong>This battle is required to be public due to a player having a name starting with 'vgclth'.<\/div>\n|j|\u2606VGCLTH Bigfoot\n|j|\u2606tmgwta\n|t:|1731863787\n|gametype|doubles\n|player|p1|VGCLTH Bigfoot|falkner|1707\n|player|p2|tmgwta|265|1755\n|teamsize|p1|6\n|teamsize|p2|6\n|gen|9\n|tier|[Gen 9] VGC 2024 Reg H\n|rated|\n|rule|Species Clause: Limit one of each Pok\u00e9mon\n|rule|Item Clause: Limit 1 of each item\n|clearpoke\n|poke|p1|Ceruledge, L50, M|\n|poke|p1|Gastrodon-East, L50, M|\n|poke|p1|Sneasler, L50, F|\n|poke|p1|Dragonite, L50, F|\n|poke|p1|Rillaboom, L50, M|\n|poke|p1|Kingambit, L50, M|\n|poke|p2|Dragonite, L50, F|\n|poke|p2|Gholdengo, L50|\n|poke|p2|Annihilape, L50, M|\n|poke|p2|Rillaboom, L50, M|\n|poke|p2|Incineroar, L50, M|\n|poke|p2|Electabuzz, L50, F|\n|teampreview|4\n|inactive|Battle timer is ON: inactive players will automatically lose when time's up. (requested by tmgwta)\ntmgwta rejected open team sheets.\n|inactive|VGCLTH Bigfoot has 60 seconds left.\n|\n|t:|1731863824\n|start\n|switch|p1a: Sneasler|Sneasler, L50, F, shiny|100\/100\n|switch|p1b: Kingambit|Kingambit, L50, M|100\/100\n|switch|p2a: Annihilape|Annihilape, L50, M|100\/100\n|switch|p2b: Incineroar|Incineroar, L50, M|100\/100\n|-ability|p2b: Incineroar|Intimidate|boost\n|-unboost|p1a: Sneasler|atk|1\n|-unboost|p1b: Kingambit|atk|1\n|-ability|p1b: Kingambit|Defiant|boost\n|-boost|p1b: Kingambit|atk|2\n|-enditem|p2b: Incineroar|Mirror Herb\n|-boost|p2b: Incineroar|atk|2|[from] item: Mirror Herb\n|turn|1\n|inactive|tmgwta has 30 seconds left.\n|j| Peroquecuones\n|\n|t:|1731863855\n|-terastallize|p1b: Kingambit|Flying\n|move|p1a: Sneasler|Fake Out|p2b: Incineroar\n|-damage|p2b: Incineroar|91\/100\n|cant|p2b: Incineroar|flinch\n|move|p2a: Annihilape|Coaching|p2b: Incineroar\n|-boost|p2b: Incineroar|atk|1\n|-boost|p2b: Incineroar|def|1\n|move|p1b: Kingambit|Tera Blast|p2b: Incineroar|[anim] Tera Blast Flying\n|-damage|p2b: Incineroar|48\/100\n|\n|upkeep\n|turn|2\n|inactive|VGCLTH Bigfoot has 30 seconds left.\n|inactive|tmgwta has 30 seconds left.\n|inactive|VGCLTH Bigfoot has 20 seconds left.\n|inactive|tmgwta has 20 seconds left.\n|inactive|VGCLTH Bigfoot has 15 seconds left.\n|inactive|tmgwta has 15 seconds left.\n|inactive|VGCLTH Bigfoot has 10 seconds left.\n|inactive|VGCLTH Bigfoot has 5 seconds left.\n|\n|t:|1731863910\n|move|p1a: Sneasler|Dire Claw|p2a: Annihilape\n|-resisted|p2a: Annihilape\n|-damage|p2a: Annihilape|84\/100\n|-status|p2a: Annihilape|slp\n|cant|p2a: Annihilape|slp\n|move|p2b: Incineroar|Flare Blitz|p1b: Kingambit\n|-damage|p1b: Kingambit|17\/100\n|-damage|p2b: Incineroar|20\/100|[from] Recoil\n|move|p1b: Kingambit|Kowtow Cleave|p2a: Annihilape\n|-damage|p2a: Annihilape|1\/100 slp\n|\n|upkeep\n|turn|3\n|\n|t:|1731863928\n|-terastallize|p2b: Incineroar|Ghost\n|move|p1a: Sneasler|Close Combat|p2b: Incineroar\n|-immune|p2b: Incineroar\n|cant|p2a: Annihilape|slp\n|move|p2b: Incineroar|Knock Off|p1a: Sneasler\n|-resisted|p1a: Sneasler\n|-damage|p1a: Sneasler|21\/100\n|-enditem|p1a: Sneasler|Focus Sash|[from] move: Knock Off|[of] p2b: Incineroar\n|move|p1b: Kingambit|Kowtow Cleave|p2a: Annihilape\n|-damage|p2a: Annihilape|0 fnt\n|faint|p2a: Annihilape\n|\n|upkeep\n|\n|t:|1731863949\n|switch|p2a: Dragonite|Dragonite, L50, F|100\/100\n|turn|4\n|l| Peroquecuones\n|inactive|VGCLTH Bigfoot has 30 seconds left.\n|inactive|VGCLTH Bigfoot has 20 seconds left.\n|\n|t:|1731863986\n|move|p2a: Dragonite|Extreme Speed|p1b: Kingambit\n|-damage|p1b: Kingambit|0 fnt\n|faint|p1b: Kingambit\n|move|p1a: Sneasler|Dire Claw|p2b: Incineroar\n|-resisted|p2b: Incineroar\n|-damage|p2b: Incineroar|11\/100\n|move|p2b: Incineroar|Knock Off|p1a: Sneasler\n|-resisted|p1a: Sneasler\n|-damage|p1a: Sneasler|0 fnt\n|faint|p1a: Sneasler\n|\n|upkeep\n|\n|t:|1731863989\n|switch|p1a: Dragonite|Dragonite, L50, F|100\/100\n|switch|p1b: Joe Dog|Gastrodon-East, L50, M|100\/100\n|turn|5\n|\n|t:|1731864006\n|move|p2a: Dragonite|Scale Shot|p1a: Dragonite|[miss]\n|-miss|p2a: Dragonite|p1a: Dragonite\n|move|p1a: Dragonite|Scale Shot|p2a: Dragonite\n|-supereffective|p2a: Dragonite\n|-damage|p2a: Dragonite|86\/100\n|-supereffective|p2a: Dragonite\n|-damage|p2a: Dragonite|53\/100\n|-supereffective|p2a: Dragonite\n|-damage|p2a: Dragonite|21\/100\n|-supereffective|p2a: Dragonite\n|-damage|p2a: Dragonite|0 fnt\n|faint|p2a: Dragonite\n|-hitcount|p2: Dragonite|4\n|-unboost|p1a: Dragonite|def|1\n|-boost|p1a: Dragonite|spe|1\n|move|p2b: Incineroar|Knock Off|p1b: Joe Dog\n|-damage|p1b: Joe Dog|11\/100\n|-enditem|p1b: Joe Dog|Sitrus Berry|[from] move: Knock Off|[of] p2b: Incineroar\n|move|p1b: Joe Dog|Earth Power|p2b: Incineroar\n|-damage|p2b: Incineroar|0 fnt\n|faint|p2b: Incineroar\n|\n|upkeep\n|\n|t:|1731864014\n|switch|p2b: Gholdengo|Gholdengo, L50|100\/100\n|turn|6\n|\n|t:|1731864024\n|move|p1a: Dragonite|Scale Shot|p2b: Gholdengo\n|-resisted|p2b: Gholdengo\n|-damage|p2b: Gholdengo|94\/100\n|-resisted|p2b: Gholdengo\n|-damage|p2b: Gholdengo|87\/100\n|-resisted|p2b: Gholdengo\n|-damage|p2b: Gholdengo|81\/100\n|-resisted|p2b: Gholdengo\n|-damage|p2b: Gholdengo|74\/100\n|-hitcount|p2b: Gholdengo|4\n|-unboost|p1a: Dragonite|def|1\n|-boost|p1a: Dragonite|spe|1\n|move|p2b: Gholdengo|Make It Rain|p1a: Dragonite|[spread] p1a,p1b\n|-resisted|p1b: Joe Dog\n|-damage|p1a: Dragonite|77\/100\n|-damage|p1b: Joe Dog|0 fnt\n|-unboost|p2b: Gholdengo|spa|1\n|faint|p1b: Joe Dog\n|\n|upkeep\n|turn|7\n|\n|t:|1731864033\n|move|p1a: Dragonite|Scale Shot|p2b: Gholdengo\n|-resisted|p2b: Gholdengo\n|-damage|p2b: Gholdengo|68\/100\n|-resisted|p2b: Gholdengo\n|-damage|p2b: Gholdengo|60\/100\n|-resisted|p2b: Gholdengo\n|-crit|p2b: Gholdengo\n|-damage|p2b: Gholdengo|51\/100\n|-resisted|p2b: Gholdengo\n|-crit|p2b: Gholdengo\n|-damage|p2b: Gholdengo|42\/100\n|-enditem|p2b: Gholdengo|Sitrus Berry|[eat]\n|-heal|p2b: Gholdengo|67\/100|[from] item: Sitrus Berry\n|-resisted|p2b: Gholdengo\n|-damage|p2b: Gholdengo|59\/100\n|-hitcount|p2b: Gholdengo|5\n|-unboost|p1a: Dragonite|def|1\n|-boost|p1a: Dragonite|spe|1\n|move|p2b: Gholdengo|Nasty Plot|p2b: Gholdengo\n|-boost|p2b: Gholdengo|spa|2\n|\n|upkeep\n|turn|8\n|\n|t:|1731864038\n|move|p1a: Dragonite|Scale Shot|p2b: Gholdengo|[miss]\n|-miss|p1a: Dragonite|p2b: Gholdengo\n|move|p2b: Gholdengo|Make It Rain|p1a: Dragonite\n|-damage|p1a: Dragonite|0 fnt\n|-unboost|p2b: Gholdengo|spa|1\n|faint|p1a: Dragonite\n|\n|win|tmgwta\n|raw|VGCLTH Bigfoot's rating: 1707 &rarr; <strong>1690<\/strong><br \/>(-17 for losing)\n|raw|tmgwta's rating: 1755 &rarr; <strong>1772<\/strong><br \/>(+17 for winning)\n|l|\u2606VGCLTH Bigfoot\n|player|p1|\n|l|\u2606tmgwta\n|player|p2|\n","uploadtime":1731864247,"views":11,"formatid":"gen9vgc2024regh","rating":1690,"private":0,"password":null}