{"id":"gen9vgc2024regh-2245415240","format":"[Gen 9] VGC 2024 Reg H","players":["jayjazZa","VGCLTH Bigfoot"],"log":"|raw|<div class=\"broadcast-blue\"><strong>This battle is required to be public due to a player having a name starting with 'vgclth'.<\/div>\n|j|\u2606jayjazZa\n|j|\u2606VGCLTH Bigfoot\n|t:|1731817494\n|gametype|doubles\n|player|p1|jayjazZa|169|1736\n|player|p2|VGCLTH Bigfoot|falkner|1743\n|teamsize|p1|6\n|teamsize|p2|6\n|gen|9\n|tier|[Gen 9] VGC 2024 Reg H\n|rated|\n|rule|Species Clause: Limit one of each Pok\u00e9mon\n|rule|Item Clause: Limit 1 of each item\n|clearpoke\n|poke|p1|Dondozo, L50, F|\n|poke|p1|Tatsugiri, L50, M|\n|poke|p1|Sneasler, L50, F|\n|poke|p1|Indeedee, L50, M|\n|poke|p1|Archaludon, L50, F|\n|poke|p1|Pelipper, L50, F|\n|poke|p2|Ceruledge, L50, F|\n|poke|p2|Gastrodon-East, L50, M|\n|poke|p2|Sneasler, L50, M|\n|poke|p2|Dragonite, L50, M|\n|poke|p2|Rillaboom, L50, F|\n|poke|p2|Kingambit, L50, M|\n|teampreview|4\n|inactive|Battle timer is ON: inactive players will automatically lose when time's up. (requested by jayjazZa)\n|\n|t:|1731817516\n|start\n|switch|p1a: Indeedee|Indeedee, L50, M|100\/100\n|switch|p1b: Sneasler|Sneasler, L50, F|100\/100\n|switch|p2a: Sneasler|Sneasler, L50, M, shiny|100\/100\n|switch|p2b: Kingambit|Kingambit, L50, M|100\/100\n|-fieldstart|move: Psychic Terrain|[from] ability: Psychic Surge|[of] p1a: Indeedee\n|-enditem|p1b: Sneasler|Psychic Seed\n|-boost|p1b: Sneasler|spd|1|[from] item: Psychic Seed\n|turn|1\n|\n|t:|1731817538\n|-terastallize|p2b: Kingambit|Flying\n|move|p1b: Sneasler|Dire Claw|p2a: Sneasler\n|-resisted|p2a: Sneasler\n|-damage|p2a: Sneasler|62\/100\n|move|p2a: Sneasler|Close Combat|p1a: Indeedee\n|-enditem|p1a: Indeedee|Focus Sash\n|-damage|p1a: Indeedee|1\/100\n|-unboost|p2a: Sneasler|def|1\n|-unboost|p2a: Sneasler|spd|1\n|move|p1a: Indeedee|Expanding Force|p2b: Kingambit|[spread] p2a,p2b\n|-supereffective|p2a: Sneasler\n|-damage|p2a: Sneasler|0 fnt\n|-damage|p2b: Kingambit|65\/100\n|faint|p2a: Sneasler\n|move|p2b: Kingambit|Tera Blast|p1b: Sneasler|[anim] Tera Blast Flying\n|-supereffective|p1b: Sneasler\n|-damage|p1b: Sneasler|0 fnt\n|faint|p1b: Sneasler\n|\n|upkeep\n|\n|t:|1731817551\n|switch|p2a: Rillaboom|Rillaboom, L50, F|100\/100\n|switch|p1b: Archaludon|Archaludon, L50, F|100\/100\n|-fieldstart|move: Grassy Terrain|[from] ability: Grassy Surge|[of] p2a: Rillaboom\n|turn|2\n|\n|t:|1731817560\n|switch|p1a: Pelipper|Pelipper, L50, F|100\/100\n|-weather|RainDance|[from] ability: Drizzle|[of] p1a: Pelipper\n|switch|p2b: Joe Dog|Gastrodon-East, L50, M|100\/100\n|move|p2a: Rillaboom|Grassy Glide|p1a: Pelipper\n|-damage|p1a: Pelipper|57\/100\n|move|p1b: Archaludon|Electro Shot||[still]\n|-prepare|p1b: Archaludon|Electro Shot\n|-boost|p1b: Archaludon|spa|1\n|-anim|p1b: Archaludon|Electro Shot|p2b: Joe Dog\n|-immune|p2b: Joe Dog\n|\n|-weather|RainDance|[upkeep]\n|upkeep\n|turn|3\n|\n|t:|1731817583\n|-terastallize|p1b: Archaludon|Grass\n|move|p2b: Joe Dog|Protect|p2b: Joe Dog\n|-singleturn|p2b: Joe Dog|Protect\n|move|p1b: Archaludon|Draco Meteor|p2a: Rillaboom\n|-damage|p2a: Rillaboom|0 fnt\n|-unboost|p1b: Archaludon|spa|2\n|faint|p2a: Rillaboom\n|move|p1a: Pelipper|Hurricane|p2b: Joe Dog\n|-activate|p2b: Joe Dog|move: Protect\n|\n|-weather|RainDance|[upkeep]\n|upkeep\n|\n|t:|1731817590\n|switch|p2a: Kingambit|Kingambit, L50, M, tera:Flying|65\/100\n|turn|4\n|\n|t:|1731817596\n|move|p1b: Archaludon|Electro Shot||[still]\n|-prepare|p1b: Archaludon|Electro Shot\n|-boost|p1b: Archaludon|spa|1\n|-anim|p1b: Archaludon|Electro Shot|p2a: Kingambit\n|-supereffective|p2a: Kingambit\n|-damage|p2a: Kingambit|1\/100\n|move|p1a: Pelipper|Hurricane|p2a: Kingambit\n|-damage|p2a: Kingambit|0 fnt\n|faint|p2a: Kingambit\n|move|p2b: Joe Dog|Ice Beam|p1b: Archaludon\n|-supereffective|p1b: Archaludon\n|-damage|p1b: Archaludon|58\/100\n|-ability|p1b: Archaludon|Stamina|boost\n|-boost|p1b: Archaludon|def|1\n|\n|-weather|RainDance|[upkeep]\n|-heal|p1b: Archaludon|64\/100|[from] Grassy Terrain\n|upkeep\n|turn|5\n|c|\u2606jayjazZa|Gg\n|-message|VGCLTH Bigfoot forfeited.\n|\n|win|jayjazZa\n|raw|jayjazZa's rating: 1736 &rarr; <strong>1756<\/strong><br \/>(+20 for winning)\n|raw|VGCLTH Bigfoot's rating: 1743 &rarr; <strong>1723<\/strong><br \/>(-20 for losing)\n|l|\u2606VGCLTH Bigfoot\n|player|p2|\n|c|\u2606jayjazZa|did you bring the snail for dozo\n|l|\u2606jayjazZa\n|player|p1|\n","uploadtime":1731817869,"views":11,"formatid":"gen9vgc2024regh","rating":1723,"private":0,"password":null}