{"id":"gen9vgc2024regh-2245644016","format":"[Gen 9] VGC 2024 Reg H","players":["VGCLTH skibidi","jbleacher2"],"log":"|raw|<div class=\"broadcast-blue\"><strong>This battle is required to be public due to a player having a name starting with 'vgclth'.<\/div>\n|j|\u2606VGCLTH skibidi\n|j|\u2606jbleacher2\n|t:|1731859654\n|gametype|doubles\n|player|p1|VGCLTH skibidi|piers-masters|1763\n|player|p2|jbleacher2|170|1635\n|teamsize|p1|6\n|teamsize|p2|6\n|gen|9\n|tier|[Gen 9] VGC 2024 Reg H\n|rated|\n|rule|Species Clause: Limit one of each Pok\u00e9mon\n|rule|Item Clause: Limit 1 of each item\n|clearpoke\n|poke|p1|Farigiraf, L50, F|\n|poke|p1|Armarouge, L50, F|\n|poke|p1|Annihilape, L50, M|\n|poke|p1|Indeedee-F, L50, F|\n|poke|p1|Torkoal, L50, M|\n|poke|p1|Lilligant-Hisui, L50, F|\n|poke|p2|Murkrow, L50, M|\n|poke|p2|Volcarona, L50, M|\n|poke|p2|Oricorio-Pom-Pom, L50, F|\n|poke|p2|Quaquaval, L50, F|\n|poke|p2|Archaludon, L50, M|\n|poke|p2|Golduck, L50, F|\n|teampreview|4\n|inactive|Battle timer is ON: inactive players will automatically lose when time's up. (requested by jbleacher2)\n|inactive|VGCLTH skibidi also wants the timer to be on.\n|inactive|VGCLTH skibidi has 60 seconds left.\n|inactive|jbleacher2 has 60 seconds left.\n|\n|t:|1731859698\n|start\n|switch|p1a: Armarouge|Armarouge, L50, F|100\/100\n|switch|p1b: Annihilape|Annihilape, L50, M|100\/100\n|switch|p2a: Quaquaval|Quaquaval, L50, F|100\/100\n|switch|p2b: Golduck|Golduck, L50, F|100\/100\n|-ability|p2b: Golduck|Cloud Nine\n|turn|1\n|\n|t:|1731859713\n|switch|p2b: Murkrow|Murkrow, L50, M, shiny|100\/100\n|move|p1a: Armarouge|Endure|p1a: Armarouge\n|-singleturn|p1a: Armarouge|move: Endure\n|move|p1b: Annihilape|Earthquake|p2a: Quaquaval|[spread] p1a,p2a\n|-immune|p2b: Murkrow\n|-supereffective|p1a: Armarouge\n|-damage|p1a: Armarouge|53\/100\n|-damage|p2a: Quaquaval|74\/100\n|-ability|p1a: Armarouge|Weak Armor|boost\n|-unboost|p1a: Armarouge|def|1\n|-boost|p1a: Armarouge|spe|2\n|-enditem|p1a: Armarouge|Weakness Policy\n|-boost|p1a: Armarouge|atk|2|[from] item: Weakness Policy\n|-boost|p1a: Armarouge|spa|2|[from] item: Weakness Policy\n|move|p2a: Quaquaval|Aqua Step|p1b: Annihilape\n|-damage|p1b: Annihilape|64\/100\n|-boost|p2a: Quaquaval|spe|1\n|\n|upkeep\n|turn|2\n|\n|t:|1731859734\n|switch|p1b: Indeedee|Indeedee-F, L50, F|100\/100\n|-fieldstart|move: Psychic Terrain|[from] ability: Psychic Surge|[of] p1b: Indeedee\n|-terastallize|p1a: Armarouge|Psychic\n|move|p2b: Murkrow|Haze|p2b: Murkrow\n|-clearallboost\n|move|p2a: Quaquaval|Aqua Step|p1a: Armarouge\n|-damage|p1a: Armarouge|5\/100\n|-boost|p2a: Quaquaval|spe|1\n|-ability|p1a: Armarouge|Weak Armor|boost\n|-unboost|p1a: Armarouge|def|1\n|-boost|p1a: Armarouge|spe|2\n|move|p1a: Armarouge|Heat Wave|p2b: Murkrow|[spread] p2a,p2b\n|-resisted|p2a: Quaquaval\n|-damage|p2a: Quaquaval|47\/100\n|-damage|p2b: Murkrow|59\/100\n|\n|upkeep\n|turn|3\n|inactive|jbleacher2 has 30 seconds left.\n|\n|t:|1731859763\n|switch|p2a: Archaludon|Archaludon, L50, M|100\/100\n|move|p1b: Indeedee|Follow Me|p1b: Indeedee\n|-singleturn|p1b: Indeedee|move: Follow Me\n|move|p1a: Armarouge|Heat Wave|p2b: Murkrow|[spread] p2a\n|-miss|p1a: Armarouge|p2b: Murkrow\n|-damage|p2a: Archaludon|77\/100\n|-ability|p2a: Archaludon|Stamina|boost\n|-boost|p2a: Archaludon|def|1\n|move|p2b: Murkrow|Brave Bird|p1b: Indeedee\n|-damage|p1b: Indeedee|65\/100\n|-damage|p2b: Murkrow|46\/100|[from] Recoil\n|\n|upkeep\n|turn|4\n|inactive|VGCLTH skibidi has 30 seconds left.\n|\n|t:|1731859790\n|move|p1a: Armarouge|Heat Wave|p2b: Murkrow|[spread] p2a,p2b\n|-damage|p2a: Archaludon|56\/100\n|-damage|p2b: Murkrow|5\/100\n|-ability|p2a: Archaludon|Stamina|boost\n|-boost|p2a: Archaludon|def|1\n|move|p2a: Archaludon|Snarl|p1b: Indeedee|[spread] p1a,p1b\n|-supereffective|p1a: Armarouge\n|-supereffective|p1b: Indeedee\n|-damage|p1a: Armarouge|0 fnt\n|-damage|p1b: Indeedee|41\/100\n|-unboost|p1b: Indeedee|spa|1\n|faint|p1a: Armarouge\n|move|p2b: Murkrow|Brave Bird|p1b: Indeedee\n|-damage|p1b: Indeedee|7\/100\n|-damage|p2b: Murkrow|0 fnt|[from] Recoil\n|faint|p2b: Murkrow\n|move|p1b: Indeedee|Trick Room|p1b: Indeedee\n|-fieldstart|move: Trick Room|[of] p1b: Indeedee\n|\n|upkeep\n|\n|t:|1731859804\n|switch|p2b: Golduck|Golduck, L50, F|100\/100\n|switch|p1a: Torkoal|Torkoal, L50, M|100\/100\n|-weather|SunnyDay|[from] ability: Drought|[of] p1a: Torkoal\n|-ability|p2b: Golduck|Cloud Nine\n|turn|5\n|\n|t:|1731859822\n|move|p1b: Indeedee|Helping Hand|p1a: Torkoal\n|-singleturn|p1a: Torkoal|Helping Hand|[of] p1b: Indeedee\n|move|p1a: Torkoal|Eruption|p2a: Archaludon|[spread] p2a,p2b\n|-resisted|p2b: Golduck\n|-damage|p2a: Archaludon|0 fnt\n|-damage|p2b: Golduck|36\/100\n|faint|p2a: Archaludon\n|move|p2b: Golduck|Muddy Water|p1b: Indeedee|[spread] p1a,p1b\n|-supereffective|p1a: Torkoal\n|-damage|p1a: Torkoal|39\/100\n|-damage|p1b: Indeedee|0 fnt\n|faint|p1b: Indeedee\n|\n|-weather|SunnyDay|[upkeep]\n|upkeep\n|\n|t:|1731859826\n|switch|p1b: Annihilape|Annihilape, L50, M|64\/100\n|switch|p2a: Quaquaval|Quaquaval, L50, F|47\/100\n|turn|6\n|\n|t:|1731859836\n|move|p1a: Torkoal|Eruption|p2a: Quaquaval|[spread] p2a,p2b\n|-resisted|p2a: Quaquaval\n|-resisted|p2b: Golduck\n|-damage|p2a: Quaquaval|27\/100\n|-damage|p2b: Golduck|21\/100\n|move|p2b: Golduck|Muddy Water|p1a: Torkoal|[spread] p1a\n|-miss|p2b: Golduck|p1b: Annihilape\n|-supereffective|p1a: Torkoal\n|-damage|p1a: Torkoal|0 fnt\n|faint|p1a: Torkoal\n|move|p2a: Quaquaval|Aqua Step|p1b: Annihilape\n|-damage|p1b: Annihilape|24\/100\n|-boost|p2a: Quaquaval|spe|1\n|move|p1b: Annihilape|Close Combat|p2a: Quaquaval\n|-damage|p2a: Quaquaval|0 fnt\n|-unboost|p1b: Annihilape|def|1\n|-unboost|p1b: Annihilape|spd|1\n|faint|p2a: Quaquaval\n|\n|-weather|SunnyDay|[upkeep]\n|-fieldend|move: Psychic Terrain\n|upkeep\n|turn|7\n|\n|t:|1731859846\n|move|p2b: Golduck|Muddy Water|p1b: Annihilape\n|-damage|p1b: Annihilape|0 fnt\n|faint|p1b: Annihilape\n|\n|win|jbleacher2\n|raw|VGCLTH skibidi's rating: 1763 &rarr; <strong>1736<\/strong><br \/>(-27 for losing)\n|raw|jbleacher2's rating: 1635 &rarr; <strong>1662<\/strong><br \/>(+27 for winning)\n|l|\u2606VGCLTH skibidi\n|player|p1|\n|l|\u2606jbleacher2\n|player|p2|\n","uploadtime":1731860099,"views":8,"formatid":"gen9vgc2024regh","rating":1662,"private":0,"password":null}