{"id":"gen9vgc2024regh-2245183261","format":"[Gen 9] VGC 2024 Reg H","players":["vgclth elowyn","ThiccestAppletun"],"log":"|j|\u2606vgclth elowyn\n|j|\u2606ThiccestAppletun\n|t:|1731787018\n|gametype|doubles\n|player|p1|vgclth elowyn|266|1739\n|player|p2|ThiccestAppletun|265|1698\n|teamsize|p1|6\n|teamsize|p2|6\n|gen|9\n|tier|[Gen 9] VGC 2024 Reg H\n|rated|\n|rule|Species Clause: Limit one of each Pok\u00e9mon\n|rule|Item Clause: Limit 1 of each item\n|clearpoke\n|poke|p1|Dragonite, L50, M|\n|poke|p1|Sneasler, L50, M|\n|poke|p1|Electabuzz, L50, F|\n|poke|p1|Indeedee, L50, M|\n|poke|p1|Ursaluna-Bloodmoon, L50, M|\n|poke|p1|Talonflame, L50, F|\n|poke|p2|Dondozo, L50, F|\n|poke|p2|Tatsugiri, L50, F|\n|poke|p2|Pelipper, L50, F|\n|poke|p2|Archaludon, L50, M|\n|poke|p2|Rillaboom, L50, M|\n|poke|p2|Pawmot, L50, M|\n|teampreview|4\n|inactive|Battle timer is ON: inactive players will automatically lose when time's up. (requested by ThiccestAppletun)\n|\n|t:|1731787059\n|start\n|switch|p1a: Sneasler|Sneasler, L50, M|100\/100\n|switch|p1b: Dragonite|Dragonite, L50, M|100\/100\n|switch|p2a: Pelipper|Pelipper, L50, F|100\/100\n|switch|p2b: Dondozo|Dondozo, L50, F|100\/100\n|-weather|RainDance|[from] ability: Drizzle|[of] p2a: Pelipper\n|turn|1\n|inactive|vgclth elowyn has 30 seconds left.\n|inactive|ThiccestAppletun has 30 seconds left.\n|inactive|vgclth elowyn has 20 seconds left.\n|inactive|vgclth elowyn has 15 seconds left.\n|inactive|vgclth elowyn has 10 seconds left.\n|inactive|vgclth elowyn has 5 seconds left.\n|\n|t:|1731787113\n|move|p1a: Sneasler|Protect|p1a: Sneasler\n|-singleturn|p1a: Sneasler|Protect\n|move|p1b: Dragonite|Protect|p1b: Dragonite\n|-singleturn|p1b: Dragonite|Protect\n|move|p2b: Dondozo|Protect|p2b: Dondozo\n|-singleturn|p2b: Dondozo|Protect\n|move|p2a: Pelipper|Tailwind|p2a: Pelipper\n|-sidestart|p2: ThiccestAppletun|move: Tailwind\n|\n|-weather|RainDance|[upkeep]\n|upkeep\n|turn|2\n|inactive|ThiccestAppletun has 30 seconds left.\n|\n|t:|1731787143\n|switch|p2a: Tatsugiri|Tatsugiri, L50, F|100\/100\n|-activate|p2a: Tatsugiri|ability: Commander|[of] p2b: Dondozo\n|-boost|p2b: Dondozo|atk|2\n|-boost|p2b: Dondozo|spa|2\n|-boost|p2b: Dondozo|spe|2\n|-boost|p2b: Dondozo|def|2\n|-boost|p2b: Dondozo|spd|2\n|switch|p1b: Indeedee|Indeedee, L50, M|100\/100\n|-fieldstart|move: Psychic Terrain|[from] ability: Psychic Surge|[of] p1b: Indeedee\n|-enditem|p1a: Sneasler|Psychic Seed\n|-boost|p1a: Sneasler|spd|1|[from] item: Psychic Seed\n|-terastallize|p2b: Dondozo|Water\n|move|p2b: Dondozo|Surf|p1a: Sneasler|[spread] p1a,p1b\n|-miss|p2b: Dondozo|p2a: Tatsugiri\n|-damage|p1a: Sneasler|0 fnt\n|-enditem|p1b: Indeedee|Focus Sash\n|-damage|p1b: Indeedee|1\/100\n|faint|p1a: Sneasler\n|\n|-weather|RainDance|[upkeep]\n|upkeep\n|\n|t:|1731787150\n|switch|p1a: Dragonite|Dragonite, L50, M|100\/100\n|turn|3\n|\n|t:|1731787159\n|move|p1b: Indeedee|Protect|p1b: Indeedee\n|-singleturn|p1b: Indeedee|Protect\n|move|p2b: Dondozo|Surf|p1b: Indeedee|[spread] p1a\n|-miss|p2b: Dondozo|p2a: Tatsugiri\n|-activate|p1b: Indeedee|move: Protect\n|-resisted|p1a: Dragonite\n|-damage|p1a: Dragonite|69\/100\n|move|p1a: Dragonite|Haze|p1a: Dragonite\n|-clearallboost\n|\n|-weather|RainDance|[upkeep]\n|upkeep\n|turn|4\n|\n|t:|1731787182\n|move|p1b: Indeedee|Protect|p1b: Indeedee\n|-singleturn|p1b: Indeedee|Protect\n|move|p2b: Dondozo|Surf|p1b: Indeedee|[spread] p1a\n|-miss|p2b: Dondozo|p2a: Tatsugiri\n|-activate|p1b: Indeedee|move: Protect\n|-resisted|p1a: Dragonite\n|-damage|p1a: Dragonite|35\/100\n|move|p1a: Dragonite|Scale Shot|p2b: Dondozo\n|-damage|p2b: Dondozo|91\/100\n|-damage|p2b: Dondozo|81\/100\n|-damage|p2b: Dondozo|72\/100\n|-damage|p2b: Dondozo|62\/100\n|-crit|p2b: Dondozo\n|-damage|p2b: Dondozo|47\/100\n|-hitcount|p2b: Dondozo|5\n|-unboost|p1a: Dragonite|def|1\n|-boost|p1a: Dragonite|spe|1\n|\n|-weather|RainDance|[upkeep]\n|-sideend|p2: ThiccestAppletun|move: Tailwind\n|upkeep\n|turn|5\n|\n|t:|1731787196\n|move|p1a: Dragonite|Scale Shot|p2b: Dondozo\n|-damage|p2b: Dondozo|38\/100\n|-damage|p2b: Dondozo|28\/100\n|-damage|p2b: Dondozo|20\/100\n|-damage|p2b: Dondozo|12\/100\n|-hitcount|p2b: Dondozo|4\n|-unboost|p1a: Dragonite|def|1\n|-boost|p1a: Dragonite|spe|1\n|move|p1b: Indeedee|Expanding Force|p2b: Dondozo|[spread] p2b\n|-miss|p1b: Indeedee|p2a: Tatsugiri\n|-damage|p2b: Dondozo|0 fnt\n|faint|p2b: Dondozo\n|\n|-weather|none\n|upkeep\n|\n|t:|1731787201\n|switch|p2b: Pelipper|Pelipper, L50, F|100\/100\n|-weather|RainDance|[from] ability: Drizzle|[of] p2b: Pelipper\n|turn|6\n|inactive|vgclth elowyn has 30 seconds left.\n|inactive|ThiccestAppletun has 30 seconds left.\n|inactive|vgclth elowyn has 20 seconds left.\n|inactive|vgclth elowyn has 15 seconds left.\n|inactive|vgclth elowyn has 10 seconds left.\n|inactive|vgclth elowyn has 5 seconds left.\n|\n|t:|1731787257\n|switch|p2b: Archaludon|Archaludon, L50, M|100\/100\n|move|p1a: Dragonite|Scale Shot|p2b: Archaludon\n|-damage|p2b: Archaludon|89\/100\n|-ability|p2b: Archaludon|Stamina|boost\n|-boost|p2b: Archaludon|def|1\n|-damage|p2b: Archaludon|83\/100\n|-ability|p2b: Archaludon|Stamina|boost\n|-boost|p2b: Archaludon|def|1\n|-damage|p2b: Archaludon|78\/100\n|-ability|p2b: Archaludon|Stamina|boost\n|-boost|p2b: Archaludon|def|1\n|-damage|p2b: Archaludon|73\/100\n|-ability|p2b: Archaludon|Stamina|boost\n|-boost|p2b: Archaludon|def|1\n|-damage|p2b: Archaludon|69\/100\n|-ability|p2b: Archaludon|Stamina|boost\n|-boost|p2b: Archaludon|def|1\n|-hitcount|p2b: Archaludon|5\n|-unboost|p1a: Dragonite|def|1\n|-boost|p1a: Dragonite|spe|1\n|move|p2a: Tatsugiri|Icy Wind|p1a: Dragonite|[spread] p1a,p1b\n|-supereffective|p1a: Dragonite\n|-damage|p1a: Dragonite|0 fnt\n|-damage|p1b: Indeedee|0 fnt\n|faint|p1a: Dragonite\n|faint|p1b: Indeedee\n|\n|-weather|RainDance|[upkeep]\n|-fieldend|move: Psychic Terrain\n|upkeep\n|\n|t:|1731787268\n|switch|p1b: Talonflame|Talonflame, L50, F|100\/100\n|turn|7\n|-message|vgclth elowyn forfeited.\n|\n|win|ThiccestAppletun\n|raw|vgclth elowyn's rating: 1713 &rarr; <strong>1692<\/strong><br \/>(-21 for losing)\n|raw|ThiccestAppletun's rating: 1698 &rarr; <strong>1719<\/strong><br \/>(+21 for winning)\n|l|\u2606vgclth elowyn\n|player|p1|\n|l|\u2606ThiccestAppletun\n|player|p2|\n","uploadtime":1731787512,"views":12,"formatid":"gen9vgc2024regh","rating":1692,"private":0,"password":null}