{"id":"gen9vgc2024regh-2245518710","format":"[Gen 9] VGC 2024 Reg H","players":["VGCLTH fangame","Hikawari"],"log":"|j|\u2606VGCLTH fangame\n|j|\u2606Hikawari\n|t:|1731838380\n|gametype|doubles\n|player|p1|VGCLTH fangame|red|1776\n|player|p2|Hikawari|102|1834\n|teamsize|p1|6\n|teamsize|p2|6\n|gen|9\n|tier|[Gen 9] VGC 2024 Reg H\n|rated|\n|rule|Species Clause: Limit one of each Pok\u00e9mon\n|rule|Item Clause: Limit 1 of each item\n|clearpoke\n|poke|p1|Glaceon, L50, F|\n|poke|p1|Ninetales-Alola, L50, F|\n|poke|p1|Milotic, L50, M|\n|poke|p1|Incineroar, L50, F|\n|poke|p1|Ursaluna-Bloodmoon, L50, M|\n|poke|p1|Annihilape, L50, M|\n|poke|p2|Sneasler, L50, F|\n|poke|p2|Murkrow, L50, F|\n|poke|p2|Gholdengo, L50|\n|poke|p2|Indeedee, L50, M|\n|poke|p2|Annihilape, L50, F|\n|poke|p2|Sinistcha, L50|\n|teampreview|4\n|inactive|Battle timer is ON: inactive players will automatically lose when time's up. (requested by VGCLTH fangame)\n|inactive|VGCLTH fangame has 60 seconds left.\n|\n|t:|1731838411\n|start\n|switch|p1a: Milotic|Milotic, L50, M, shiny|100\/100\n|switch|p1b: Ninetales|Ninetales-Alola, L50, F, shiny|100\/100\n|switch|p2a: Murkrow|Murkrow, L50, F|100\/100\n|switch|p2b: Annihilape|Annihilape, L50, F, shiny|100\/100\n|-weather|Snow|[from] ability: Snow Warning|[of] p1b: Ninetales\n|turn|1\n|\n|t:|1731838432\n|switch|p1b: Annihilape|Annihilape, L50, M, shiny|100\/100\n|move|p2a: Murkrow|Tailwind|p2a: Murkrow\n|-sidestart|p2: Hikawari|move: Tailwind\n|move|p2b: Annihilape|Bulk Up|p2b: Annihilape\n|-boost|p2b: Annihilape|atk|1\n|-boost|p2b: Annihilape|def|1\n|move|p1a: Milotic|Hypnosis|p2b: Annihilape|[miss]\n|-miss|p1a: Milotic|p2b: Annihilape\n|\n|-weather|Snow|[upkeep]\n|upkeep\n|turn|2\n|\n|t:|1731838452\n|switch|p2a: Gholdengo|Gholdengo, L50|100\/100\n|-terastallize|p1b: Annihilape|Electric\n|move|p2b: Annihilape|Bulk Up|p2b: Annihilape\n|-boost|p2b: Annihilape|atk|1\n|-boost|p2b: Annihilape|def|1\n|move|p1b: Annihilape|Bulk Up|p1b: Annihilape\n|-boost|p1b: Annihilape|atk|1\n|-boost|p1b: Annihilape|def|1\n|move|p1a: Milotic|Hypnosis|p2b: Annihilape\n|-status|p2b: Annihilape|slp|[from] move: Hypnosis\n|\n|-weather|Snow|[upkeep]\n|upkeep\n|turn|3\n|\n|t:|1731838465\n|move|p2a: Gholdengo|Trick|p1b: Annihilape\n|-activate|p2a: Gholdengo|move: Trick|[of] p1b: Annihilape\n|-item|p1b: Annihilape|Choice Specs|[from] move: Trick\n|-item|p2a: Gholdengo|Leftovers|[from] move: Trick\n|cant|p2b: Annihilape|slp\n|move|p1b: Annihilape|Rage Fist|p2a: Gholdengo\n|-supereffective|p2a: Gholdengo\n|-damage|p2a: Gholdengo|29\/100\n|move|p1a: Milotic|Coil|p1a: Milotic\n|-boost|p1a: Milotic|atk|1\n|-boost|p1a: Milotic|def|1\n|-boost|p1a: Milotic|accuracy|1\n|\n|-weather|Snow|[upkeep]\n|-heal|p2a: Gholdengo|35\/100|[from] item: Leftovers\n|upkeep\n|turn|4\n|\n|t:|1731838485\n|move|p2a: Gholdengo|Shadow Ball|p1a: Milotic\n|-damage|p1a: Milotic|68\/100\n|-unboost|p1a: Milotic|spd|1\n|-ability|p1a: Milotic|Competitive|boost\n|-boost|p1a: Milotic|spa|2\n|cant|p2b: Annihilape|slp\n|move|p1b: Annihilape|Rage Fist|p2a: Gholdengo\n|-supereffective|p2a: Gholdengo\n|-damage|p2a: Gholdengo|0 fnt\n|faint|p2a: Gholdengo\n|move|p1a: Milotic|Hypnosis|p2b: Annihilape\n|-fail|p2b: Annihilape|slp\n|\n|-weather|Snow|[upkeep]\n|-sideend|p2: Hikawari|move: Tailwind\n|upkeep\n|\n|t:|1731838496\n|switch|p2a: Sneasler|Sneasler, L50, F, shiny|100\/100\n|turn|5\n|\n|t:|1731838516\n|move|p2a: Sneasler|Fake Out|p1a: Milotic\n|-damage|p1a: Milotic|53\/100\n|-damage|p2a: Sneasler|91\/100|[from] item: Life Orb\n|move|p1b: Annihilape|Rage Fist|p2b: Annihilape\n|-supereffective|p2b: Annihilape\n|-damage|p2b: Annihilape|78\/100 slp\n|cant|p1a: Milotic|flinch\n|cant|p2b: Annihilape|slp\n|\n|-weather|none\n|-heal|p2b: Annihilape|84\/100 slp|[from] item: Leftovers\n|upkeep\n|turn|6\n|\n|t:|1731838532\n|move|p2a: Sneasler|Dire Claw|p1a: Milotic\n|-damage|p1a: Milotic|9\/100\n|-status|p1a: Milotic|par\n|-enditem|p1a: Milotic|Sitrus Berry|[eat]\n|-heal|p1a: Milotic|34\/100 par|[from] item: Sitrus Berry\n|-damage|p2a: Sneasler|81\/100|[from] item: Life Orb\n|move|p1b: Annihilape|Rage Fist|p2a: Sneasler\n|-damage|p2a: Sneasler|30\/100\n|-curestatus|p2b: Annihilape|slp|[msg]\n|move|p2b: Annihilape|Rage Fist|p1a: Milotic\n|-damage|p1a: Milotic|0 fnt\n|faint|p1a: Milotic\n|\n|-heal|p2b: Annihilape|90\/100|[from] item: Leftovers\n|upkeep\n|\n|t:|1731838543\n|switch|p1a: Ninetales|Ninetales-Alola, L50, F, shiny|100\/100\n|-weather|Snow|[from] ability: Snow Warning|[of] p1a: Ninetales\n|turn|7\n|\n|t:|1731838552\n|-terastallize|p2b: Annihilape|Fire\n|move|p2a: Sneasler|Dire Claw|p1a: Ninetales\n|-supereffective|p1a: Ninetales\n|-damage|p1a: Ninetales|0 fnt\n|faint|p1a: Ninetales\n|-damage|p2a: Sneasler|20\/100|[from] item: Life Orb\n|move|p1b: Annihilape|Rage Fist|p2a: Sneasler\n|-damage|p2a: Sneasler|0 fnt\n|faint|p2a: Sneasler\n|move|p2b: Annihilape|Rage Fist|p1b: Annihilape\n|-damage|p1b: Annihilape|49\/100\n|\n|-weather|Snow|[upkeep]\n|-heal|p2b: Annihilape|96\/100|[from] item: Leftovers\n|upkeep\n|\n|t:|1731838562\n|switch|p2a: Murkrow|Murkrow, L50, F|100\/100\n|switch|p1a: Incineroar|Incineroar, L50, F, shiny|100\/100\n|-ability|p1a: Incineroar|Intimidate|boost\n|-unboost|p2a: Murkrow|atk|1\n|-unboost|p2b: Annihilape|atk|1\n|-ability|p2b: Annihilape|Defiant|boost\n|-boost|p2b: Annihilape|atk|2\n|turn|8\n|\n|t:|1731838574\n|move|p1a: Incineroar|Fake Out|p2b: Annihilape\n|-damage|p2b: Annihilape|90\/100\n|move|p1b: Annihilape|Rage Fist|p2b: Annihilape\n|-damage|p2b: Annihilape|69\/100\n|move|p2a: Murkrow|Foul Play|p1a: Incineroar\n|-resisted|p1a: Incineroar\n|-damage|p1a: Incineroar|79\/100\n|cant|p2b: Annihilape|flinch\n|\n|-weather|Snow|[upkeep]\n|-heal|p2b: Annihilape|75\/100|[from] item: Leftovers\n|upkeep\n|turn|9\n|\n|t:|1731838582\n|move|p2a: Murkrow|Tailwind|p2a: Murkrow\n|-sidestart|p2: Hikawari|move: Tailwind\n|move|p2b: Annihilape|Drain Punch|p1a: Incineroar\n|-supereffective|p1a: Incineroar\n|-damage|p1a: Incineroar|0 fnt\n|-heal|p2b: Annihilape|100\/100|[from] drain|[of] p1a: Incineroar\n|faint|p1a: Incineroar\n|move|p1b: Annihilape|Rage Fist|p2b: Annihilape\n|-damage|p2b: Annihilape|78\/100\n|\n|-weather|Snow|[upkeep]\n|-heal|p2b: Annihilape|84\/100|[from] item: Leftovers\n|upkeep\n|turn|10\n|-message|VGCLTH fangame forfeited.\n|\n|win|Hikawari\n|raw|VGCLTH fangame's rating: 1776 &rarr; <strong>1759<\/strong><br \/>(-17 for losing)\n|raw|Hikawari's rating: 1834 &rarr; <strong>1851<\/strong><br \/>(+17 for winning)\n|l|\u2606VGCLTH fangame\n|player|p1|\n|l|\u2606Hikawari\n|player|p2|\n","uploadtime":1731838729,"views":16,"formatid":"gen9vgc2024regh","rating":1759,"private":0,"password":null}