{"id":"gen9vgc2024regh-2245805226","format":"[Gen 9] VGC 2024 Reg H","players":["VGCLTH lily","The Slimmest Jesus"],"log":"|raw|<div class=\"broadcast-blue\"><strong>This battle is required to be public due to a player having a name starting with 'vgclth'.<\/div>\n|j|\u2606VGCLTH lily\n|j|\u2606The Slimmest Jesus\n|t:|1731878829\n|gametype|doubles\n|player|p1|VGCLTH lily|akari|1701\n|player|p2|The Slimmest Jesus|102|1688\n|teamsize|p1|6\n|teamsize|p2|6\n|gen|9\n|tier|[Gen 9] VGC 2024 Reg H\n|rated|\n|rule|Species Clause: Limit one of each Pok\u00e9mon\n|rule|Item Clause: Limit 1 of each item\n|clearpoke\n|poke|p1|Toxicroak, L50, M|\n|poke|p1|Pelipper, L50, F|\n|poke|p1|Archaludon, L50, F|\n|poke|p1|Amoonguss, L50, M|\n|poke|p1|Basculegion, L50, M|\n|poke|p1|Kingambit, L50, F|\n|poke|p2|Sneasler, L50, M|\n|poke|p2|Indeedee, L50, M|\n|poke|p2|Gholdengo, L50|\n|poke|p2|Murkrow, L50, F|\n|poke|p2|Ursaluna, L50, F|\n|poke|p2|Zoroark-Hisui, L50, M|\n|teampreview|4\n|inactive|Battle timer is ON: inactive players will automatically lose when time's up. (requested by The Slimmest Jesus)\n|j| sillyeboy\n|inactive|The Slimmest Jesus has 60 seconds left.\n|l| sillyeboy\n|inactive|The Slimmest Jesus has 30 seconds left.\n|\n|t:|1731878900\n|start\n|switch|p1a: Gashadokuro|Basculegion, L50, M, shiny|100\/100\n|switch|p1b: Kingambit|Kingambit, L50, F|100\/100\n|switch|p2a: Sneasler|Sneasler, L50, M|100\/100\n|switch|p2b: Indeedee|Indeedee, L50, M|100\/100\n|-fieldstart|move: Psychic Terrain|[from] ability: Psychic Surge|[of] p2b: Indeedee\n|-enditem|p2a: Sneasler|Psychic Seed\n|-boost|p2a: Sneasler|spd|1|[from] item: Psychic Seed\n|turn|1\n|inactive|The Slimmest Jesus has 30 seconds left.\n|inactive|The Slimmest Jesus has 20 seconds left.\n|inactive|The Slimmest Jesus has 15 seconds left.\n|\n|t:|1731878943\n|switch|p1a: Gianni Morandi|Archaludon, L50, F, shiny|100\/100\n|move|p2a: Sneasler|Protect|p2a: Sneasler\n|-singleturn|p2a: Sneasler|Protect\n|move|p2b: Indeedee|Protect|p2b: Indeedee\n|-singleturn|p2b: Indeedee|Protect\n|move|p1b: Kingambit|Protect||[still]\n|-fail|p1b: Kingambit\n|\n|upkeep\n|turn|2\n|inactive|The Slimmest Jesus has 30 seconds left.\n|inactive|The Slimmest Jesus has 20 seconds left.\n|inactive|The Slimmest Jesus has 15 seconds left.\n|inactive|The Slimmest Jesus has 10 seconds left.\n|inactive|The Slimmest Jesus has 5 seconds left.\n|\n|t:|1731878994\n|switch|p2b: Ursaluna|Ursaluna, L50, F|100\/100\n|switch|p1b: Gmail|Pelipper, L50, F, shiny|100\/100\n|-weather|RainDance|[from] ability: Drizzle|[of] p1b: Gmail\n|-terastallize|p1a: Gianni Morandi|Grass\n|move|p2a: Sneasler|Close Combat|p1a: Gianni Morandi\n|-damage|p1a: Gianni Morandi|55\/100\n|-unboost|p2a: Sneasler|def|1\n|-unboost|p2a: Sneasler|spd|1\n|-ability|p1a: Gianni Morandi|Stamina|boost\n|-boost|p1a: Gianni Morandi|def|1\n|move|p1a: Gianni Morandi|Electro Shot||[still]\n|-prepare|p1a: Gianni Morandi|Electro Shot\n|-boost|p1a: Gianni Morandi|spa|1\n|-anim|p1a: Gianni Morandi|Electro Shot|p2a: Sneasler\n|-damage|p2a: Sneasler|9\/100\n|\n|-weather|RainDance|[upkeep]\n|-status|p2b: Ursaluna|brn|[from] item: Flame Orb\n|upkeep\n|turn|3\n|inactive|VGCLTH lily has 30 seconds left.\n|inactive|The Slimmest Jesus has 30 seconds left.\n|inactive|The Slimmest Jesus has 20 seconds left.\n|inactive|The Slimmest Jesus has 15 seconds left.\n|inactive|The Slimmest Jesus has 10 seconds left.\n|inactive|The Slimmest Jesus has 5 seconds left.\n|\n|t:|1731879046\n|move|p2b: Ursaluna|Protect|p2b: Ursaluna\n|-singleturn|p2b: Ursaluna|Protect\n|move|p2a: Sneasler|Dire Claw|p1a: Gianni Morandi\n|-supereffective|p1a: Gianni Morandi\n|-damage|p1a: Gianni Morandi|14\/100\n|-ability|p1a: Gianni Morandi|Stamina|boost\n|-boost|p1a: Gianni Morandi|def|1\n|move|p1b: Gmail|Tailwind|p1b: Gmail\n|-sidestart|p1: VGCLTH lily|move: Tailwind\n|move|p1a: Gianni Morandi|Electro Shot||[still]\n|-prepare|p1a: Gianni Morandi|Electro Shot\n|-boost|p1a: Gianni Morandi|spa|1\n|-anim|p1a: Gianni Morandi|Electro Shot|p2a: Sneasler\n|-damage|p2a: Sneasler|0 fnt\n|faint|p2a: Sneasler\n|\n|-weather|RainDance|[upkeep]\n|-damage|p2b: Ursaluna|95\/100 brn|[from] brn\n|upkeep\n|inactive|The Slimmest Jesus has 30 seconds left.\n|\n|t:|1731879071\n|switch|p2a: Murkrow|Murkrow, L50, F|100\/100\n|turn|4\n|inactive|The Slimmest Jesus has 30 seconds left.\n|inactive|The Slimmest Jesus has 20 seconds left.\n|j| BionicFox\n|inactive|The Slimmest Jesus has 15 seconds left.\n|\n|t:|1731879111\n|-terastallize|p2b: Ursaluna|Ghost\n|move|p2a: Murkrow|Tailwind|p2a: Murkrow\n|-sidestart|p2: The Slimmest Jesus|move: Tailwind\n|move|p1b: Gmail|Weather Ball|p2b: Ursaluna\n|-damage|p2b: Ursaluna|35\/100 brn\n|move|p1a: Gianni Morandi|Draco Meteor|p2b: Ursaluna|[miss]\n|-miss|p1a: Gianni Morandi|p2b: Ursaluna\n|move|p2b: Ursaluna|Facade|p1b: Gmail\n|-crit|p1b: Gmail\n|-enditem|p1b: Gmail|Focus Sash\n|-damage|p1b: Gmail|1\/100\n|\n|-weather|RainDance|[upkeep]\n|-damage|p2b: Ursaluna|29\/100 brn|[from] brn\n|upkeep\n|turn|5\n|inactive|The Slimmest Jesus has 30 seconds left.\n|inactive|The Slimmest Jesus has 20 seconds left.\n|inactive|The Slimmest Jesus has 15 seconds left.\n|inactive|The Slimmest Jesus has 10 seconds left.\n|inactive|The Slimmest Jesus has 5 seconds left.\n|\n|t:|1731879163\n|switch|p1b: Kingambit|Kingambit, L50, F|100\/100\n|move|p2b: Ursaluna|Protect|p2b: Ursaluna\n|-singleturn|p2b: Ursaluna|Protect\n|move|p2a: Murkrow|Foul Play|p1a: Gianni Morandi\n|-damage|p1a: Gianni Morandi|3\/100\n|-ability|p1a: Gianni Morandi|Stamina|boost\n|-boost|p1a: Gianni Morandi|def|1\n|move|p1a: Gianni Morandi|Electro Shot||[still]\n|-prepare|p1a: Gianni Morandi|Electro Shot\n|-boost|p1a: Gianni Morandi|spa|1\n|-anim|p1a: Gianni Morandi|Electro Shot|p2a: Murkrow\n|-supereffective|p2a: Murkrow\n|-damage|p2a: Murkrow|0 fnt\n|faint|p2a: Murkrow\n|\n|-weather|RainDance|[upkeep]\n|-damage|p2b: Ursaluna|23\/100 brn|[from] brn\n|-fieldend|move: Psychic Terrain\n|upkeep\n|\n|t:|1731879183\n|switch|p2a: Indeedee|Indeedee, L50, M|100\/100\n|-fieldstart|move: Psychic Terrain|[from] ability: Psychic Surge|[of] p2a: Indeedee\n|turn|6\n|\n|t:|1731879193\n|move|p2a: Indeedee|Expanding Force|p1a: Gianni Morandi|[spread] p1a\n|-immune|p1b: Kingambit\n|-damage|p1a: Gianni Morandi|0 fnt\n|faint|p1a: Gianni Morandi\n|move|p2b: Ursaluna|Headlong Rush|p1b: Kingambit\n|-supereffective|p1b: Kingambit\n|-damage|p1b: Kingambit|0 fnt\n|-unboost|p2b: Ursaluna|def|1\n|-unboost|p2b: Ursaluna|spd|1\n|faint|p1b: Kingambit\n|\n|-weather|none\n|-damage|p2b: Ursaluna|18\/100 brn|[from] brn\n|-sideend|p1: VGCLTH lily|move: Tailwind\n|upkeep\n|\n|t:|1731879198\n|switch|p1a: Gashadokuro|Basculegion, L50, M, shiny|100\/100\n|switch|p1b: Gmail|Pelipper, L50, F, shiny|1\/100\n|-weather|RainDance|[from] ability: Drizzle|[of] p1b: Gmail\n|turn|7\n|inactive|The Slimmest Jesus has 30 seconds left.\n|inactive|VGCLTH lily has 30 seconds left.\n|inactive|The Slimmest Jesus has 20 seconds left.\n|inactive|The Slimmest Jesus has 15 seconds left.\n|inactive|The Slimmest Jesus has 10 seconds left.\n|inactive|The Slimmest Jesus has 5 seconds left.\n|\n|t:|1731879248\n|move|p1b: Gmail|Protect|p1b: Gmail\n|-singleturn|p1b: Gmail|Protect\n|move|p2a: Indeedee|Expanding Force|p1a: Gashadokuro|[spread] p1a\n|-activate|p1b: Gmail|move: Protect\n|-damage|p1a: Gashadokuro|47\/100\n|move|p1a: Gashadokuro|Flip Turn|p2a: Indeedee\n|-enditem|p2a: Indeedee|Focus Sash\n|-damage|p2a: Indeedee|1\/100\n|move|p2b: Ursaluna|Headlong Rush|p1a: Gashadokuro\n|-damage|p1a: Gashadokuro|0 fnt\n|-unboost|p2b: Ursaluna|def|1\n|-unboost|p2b: Ursaluna|spd|1\n|faint|p1a: Gashadokuro\n|\n|-weather|RainDance|[upkeep]\n|-damage|p2b: Ursaluna|12\/100 brn|[from] brn\n|-sideend|p2: The Slimmest Jesus|move: Tailwind\n|upkeep\n|turn|8\n|-message|VGCLTH lily forfeited.\n|\n|win|The Slimmest Jesus\n|raw|VGCLTH lily's rating: 1701 &rarr; <strong>1680<\/strong><br \/>(-21 for losing)\n|raw|The Slimmest Jesus's rating: 1688 &rarr; <strong>1709<\/strong><br \/>(+21 for winning)\n|l|\u2606VGCLTH lily\n|player|p1|\n|l|\u2606The Slimmest Jesus\n|player|p2|\n","uploadtime":1731879439,"views":11,"formatid":"gen9vgc2024regh","rating":1680,"private":0,"password":null}