{"id":"gen9vgc2024regh-2245866433","format":"[Gen 9] VGC 2024 Reg H","players":["VGCLTH Thacrow","por minha atendido"],"log":"|raw|<div class=\"broadcast-blue\"><strong>This battle is required to be public due to a player having a name starting with 'vgclth'.<\/div>\n|j|\u2606VGCLTH Thacrow\n|j|\u2606por minha atendido\n|t:|1731886126\n|gametype|doubles\n|player|p1|VGCLTH Thacrow|wallace-masters|1886\n|player|p2|por minha atendido|1|1790\n|teamsize|p1|6\n|teamsize|p2|6\n|gen|9\n|tier|[Gen 9] VGC 2024 Reg H\n|rated|\n|rule|Species Clause: Limit one of each Pok\u00e9mon\n|rule|Item Clause: Limit 1 of each item\n|clearpoke\n|poke|p1|Archaludon, L50, M|\n|poke|p1|Dragonite, L50, M|\n|poke|p1|Pelipper, L50, M|\n|poke|p1|Ursaluna, L50, F|\n|poke|p1|Sinistcha, L50|\n|poke|p1|Gholdengo, L50|\n|poke|p2|Amoonguss, L50, M|\n|poke|p2|Delphox, L50, F|\n|poke|p2|Murkrow, L50, F|\n|poke|p2|Sneasler, L50, F|\n|poke|p2|Indeedee, L50, M|\n|poke|p2|Gholdengo, L50|\n|teampreview|4\nVGCLTH Thacrow has agreed to open team sheets.\n|inactive|Battle timer is ON: inactive players will automatically lose when time's up. (requested by por minha atendido)\n|\n|t:|1731886151\n|start\n|switch|p1a: Dragonite|Dragonite, L50, M|100\/100\n|switch|p1b: Gholdengo|Gholdengo, L50|100\/100\n|switch|p2a: Gholdengo|Gholdengo, L50|100\/100\n|switch|p2b: Indeedee|Indeedee, L50, M|100\/100\n|-fieldstart|move: Psychic Terrain|[from] ability: Psychic Surge|[of] p2b: Indeedee\n|turn|1\n|\n|t:|1731886164\n|-terastallize|p2a: Gholdengo|Steel\n|move|p1b: Gholdengo|Shadow Ball|p2a: Gholdengo\n|-damage|p2a: Gholdengo|47\/100\n|move|p2b: Indeedee|Expanding Force|p1b: Gholdengo|[spread] p1a,p1b\n|-resisted|p1b: Gholdengo\n|-damage|p1a: Dragonite|70\/100\n|-damage|p1b: Gholdengo|66\/100\n|move|p2a: Gholdengo|Make It Rain|p1a: Dragonite|[spread] p1a,p1b\n|-resisted|p1b: Gholdengo\n|-damage|p1a: Dragonite|0 fnt\n|-damage|p1b: Gholdengo|7\/100\n|-unboost|p2a: Gholdengo|spa|1\n|faint|p1a: Dragonite\n|\n|upkeep\n|j| showdown the spire\n|\n|t:|1731886171\n|switch|p1a: Archaludon|Archaludon, L50, M|100\/100\n|turn|2\n|\n|t:|1731886181\n|move|p1b: Gholdengo|Shadow Ball|p2a: Gholdengo\n|-damage|p2a: Gholdengo|0 fnt\n|faint|p2a: Gholdengo\n|move|p2b: Indeedee|Expanding Force|p1a: Archaludon|[spread] p1a,p1b\n|-resisted|p1a: Archaludon\n|-resisted|p1b: Gholdengo\n|-damage|p1a: Archaludon|79\/100\n|-damage|p1b: Gholdengo|0 fnt\n|-ability|p1a: Archaludon|Stamina|boost\n|-boost|p1a: Archaludon|def|1\n|faint|p1b: Gholdengo\n|move|p1a: Archaludon|Snarl|p2b: Indeedee\n|-supereffective|p2b: Indeedee\n|-damage|p2b: Indeedee|52\/100\n|-unboost|p2b: Indeedee|spa|1\n|\n|upkeep\n|\n|t:|1731886186\n|switch|p2a: Delphox|Delphox, L50, F|100\/100\n|switch|p1b: Pelipper|Pelipper, L50, M|100\/100\n|-weather|RainDance|[from] ability: Drizzle|[of] p1b: Pelipper\n|turn|3\n|j| Thorsten_123\n|inactive|VGCLTH Thacrow has 30 seconds left.\n|\n|t:|1731886213\n|move|p1b: Pelipper|Protect|p1b: Pelipper\n|-singleturn|p1b: Pelipper|Protect\n|move|p2a: Delphox|Expanding Force|p1b: Pelipper|[spread] p1a\n|-activate|p1b: Pelipper|move: Protect\n|-resisted|p1a: Archaludon\n|-damage|p1a: Archaludon|50\/100\n|-ability|p1a: Archaludon|Stamina|boost\n|-boost|p1a: Archaludon|def|1\n|-damage|p2a: Delphox|91\/100|[from] item: Life Orb\n|move|p2b: Indeedee|Expanding Force|p1a: Archaludon|[spread] p1a\n|-activate|p1b: Pelipper|move: Protect\n|-resisted|p1a: Archaludon\n|-damage|p1a: Archaludon|36\/100\n|-ability|p1a: Archaludon|Stamina|boost\n|-boost|p1a: Archaludon|def|1\n|move|p1a: Archaludon|Snarl|p2b: Indeedee|[spread] p2a,p2b\n|-supereffective|p2a: Delphox\n|-supereffective|p2b: Indeedee\n|-damage|p2a: Delphox|60\/100\n|-damage|p2b: Indeedee|15\/100\n|-unboost|p2a: Delphox|spa|1\n|-unboost|p2b: Indeedee|spa|1\n|\n|-weather|RainDance|[upkeep]\n|upkeep\n|turn|4\n|j| Reyggor\n|\n|t:|1731886227\n|move|p1b: Pelipper|Protect||[still]\n|-fail|p1b: Pelipper\n|move|p2a: Delphox|Expanding Force|p1b: Pelipper|[spread] p1a,p1b\n|-resisted|p1a: Archaludon\n|-damage|p1a: Archaludon|16\/100\n|-damage|p1b: Pelipper|17\/100\n|-ability|p1a: Archaludon|Stamina|boost\n|-boost|p1a: Archaludon|def|1\n|-damage|p2a: Delphox|50\/100|[from] item: Life Orb\n|move|p2b: Indeedee|Expanding Force|p1a: Archaludon|[spread] p1a,p1b\n|-resisted|p1a: Archaludon\n|-damage|p1a: Archaludon|5\/100\n|-damage|p1b: Pelipper|0 fnt\n|-ability|p1a: Archaludon|Stamina|boost\n|-boost|p1a: Archaludon|def|1\n|faint|p1b: Pelipper\n|move|p1a: Archaludon|Snarl|p2a: Delphox|[spread] p2a,p2b\n|-supereffective|p2a: Delphox\n|-supereffective|p2b: Indeedee\n|-damage|p2a: Delphox|20\/100\n|-damage|p2b: Indeedee|0 fnt\n|-unboost|p2a: Delphox|spa|1\n|faint|p2b: Indeedee\n|\n|-weather|RainDance|[upkeep]\n|upkeep\n|\n|t:|1731886233\n|switch|p2b: Sneasler|Sneasler, L50, F|100\/100\n|-enditem|p2b: Sneasler|Psychic Seed\n|-boost|p2b: Sneasler|spd|1|[from] item: Psychic Seed\n|turn|5\n|\n|t:|1731886249\n|move|p2b: Sneasler|Throat Chop|p1a: Archaludon\n|-damage|p1a: Archaludon|0 fnt\n|faint|p1a: Archaludon\n|\n|win|por minha atendido\n|raw|VGCLTH Thacrow's rating: 1886 &rarr; <strong>1861<\/strong><br \/>(-25 for losing)\n|raw|por minha atendido's rating: 1790 &rarr; <strong>1815<\/strong><br \/>(+25 for winning)\n|l|\u2606VGCLTH Thacrow\n|player|p1|\n|l| showdown the spire\n|l| Thorsten_123\n|l| Reyggor\n","uploadtime":1731886418,"views":33,"formatid":"gen9vgc2024regh","rating":1815,"private":0,"password":null}