{"id":"gen9vgc2024regh-2245043734","format":"[Gen 9] VGC 2024 Reg H","players":["thacrow","Gameplaya"],"log":"|j|\u2606thacrow\n|j|\u2606Gameplaya\n|t:|1731769154\n|gametype|doubles\n|player|p1|thacrow|wallace-masters|1735\n|player|p2|Gameplaya|teamrocket|1709\n|teamsize|p1|6\n|teamsize|p2|6\n|gen|9\n|tier|[Gen 9] VGC 2024 Reg H\n|rated|\n|rule|Species Clause: Limit one of each Pok\u00e9mon\n|rule|Item Clause: Limit 1 of each item\n|clearpoke\n|poke|p1|Ceruledge, L50, F|\n|poke|p1|Gastrodon-East, L50, F|\n|poke|p1|Sneasler, L50, F|\n|poke|p1|Dragonite, L50, M|\n|poke|p1|Rillaboom, L50, M|\n|poke|p1|Kingambit, L50, M|\n|poke|p2|Magmar, L50, M|\n|poke|p2|Murkrow, L50, M|\n|poke|p2|Ursaluna-Bloodmoon, L50, M|\n|poke|p2|Typhlosion-Hisui, L50, M|\n|poke|p2|Dragonite, L50, M|\n|poke|p2|Gyarados, L50, M|\n|teampreview|4\n|inactive|Battle timer is ON: inactive players will automatically lose when time's up. (requested by Gameplaya)\nthacrow has agreed to open team sheets.\n|inactive|Gameplaya has 60 seconds left.\n|\n|t:|1731769185\n|start\n|switch|p1a: Kidturtle|Sneasler, L50, F, shiny|100\/100\n|switch|p1b: Godlyreal|Kingambit, L50, M|100\/100\n|switch|p2a: Ursaluna|Ursaluna-Bloodmoon, L50, M|100\/100\n|switch|p2b: Murkrow|Murkrow, L50, M|100\/100\n|turn|1\n|\n|t:|1731769209\n|move|p2a: Ursaluna|Protect|p2a: Ursaluna\n|-singleturn|p2a: Ursaluna|Protect\n|move|p1a: Kidturtle|Coaching|p1b: Godlyreal\n|-boost|p1b: Godlyreal|atk|1\n|-boost|p1b: Godlyreal|def|1\n|move|p2b: Murkrow|Foul Play|p1a: Kidturtle\n|-resisted|p1a: Kidturtle\n|-damage|p1a: Kidturtle|59\/100\n|move|p1b: Godlyreal|Iron Head|p2b: Murkrow\n|-enditem|p2b: Murkrow|Focus Sash\n|-damage|p2b: Murkrow|1\/100\n|\n|upkeep\n|turn|2\n|\n|t:|1731769225\n|switch|p1a: Main Flutter|Dragonite, L50, M, shiny|100\/100\n|move|p2b: Murkrow|Tailwind|p2b: Murkrow\n|-sidestart|p2: Gameplaya|move: Tailwind\n|move|p2a: Ursaluna|Earth Power|p1b: Godlyreal\n|-supereffective|p1b: Godlyreal\n|-damage|p1b: Godlyreal|10\/100\n|-damage|p2a: Ursaluna|91\/100|[from] item: Life Orb\n|move|p1b: Godlyreal|Kowtow Cleave|p2a: Ursaluna\n|-damage|p2a: Ursaluna|32\/100\n|\n|upkeep\n|turn|3\n|inactive|Gameplaya has 30 seconds left.\n|inactive|Gameplaya has 20 seconds left.\n|inactive|Gameplaya has 15 seconds left.\n|\n|t:|1731769266\n|switch|p2b: Typhlosion|Typhlosion-Hisui, L50, M|100\/100\n|-item|p1a: Main Flutter|Loaded Dice|[from] ability: Frisk|[of] p2b: Typhlosion\n|-item|p1b: Godlyreal|Assault Vest|[from] ability: Frisk|[of] p2b: Typhlosion\n|move|p2a: Ursaluna|Protect|p2a: Ursaluna\n|-singleturn|p2a: Ursaluna|Protect\n|move|p1a: Main Flutter|Extreme Speed|p2b: Typhlosion\n|-immune|p2b: Typhlosion\n|move|p1b: Godlyreal|Sucker Punch||[still]\n|-fail|p1b: Godlyreal\n|\n|upkeep\n|turn|4\n|inactive|Gameplaya has 30 seconds left.\n|\n|t:|1731769296\n|switch|p2a: Murkrow|Murkrow, L50, M|1\/100\n|move|p1b: Godlyreal|Sucker Punch||[still]\n|-fail|p1b: Godlyreal\n|move|p2b: Typhlosion|Heat Wave|p1a: Main Flutter|[spread] p1a,p1b\n|-resisted|p1a: Main Flutter\n|-supereffective|p1b: Godlyreal\n|-damage|p1a: Main Flutter|88\/100\n|-damage|p1b: Godlyreal|0 fnt\n|faint|p1b: Godlyreal\n|move|p1a: Main Flutter|Scale Shot|p2b: Typhlosion\n|-damage|p2b: Typhlosion|78\/100\n|-damage|p2b: Typhlosion|58\/100\n|-damage|p2b: Typhlosion|35\/100\n|-damage|p2b: Typhlosion|12\/100\n|-hitcount|p2b: Typhlosion|4\n|-unboost|p1a: Main Flutter|def|1\n|-boost|p1a: Main Flutter|spe|1\n|\n|upkeep\n|\n|t:|1731769304\n|switch|p1b: Christian|Ceruledge, L50, F|100\/100\n|turn|5\n|\n|t:|1731769323\n|switch|p2b: Gyarados|Gyarados, L50, M|100\/100\n|-ability|p2b: Gyarados|Intimidate|boost\n|-unboost|p1a: Main Flutter|atk|1\n|-unboost|p1b: Christian|atk|1\n|move|p2a: Murkrow|Protect|p2a: Murkrow\n|-singleturn|p2a: Murkrow|Protect\n|move|p1a: Main Flutter|Extreme Speed|p2a: Murkrow\n|-activate|p2a: Murkrow|move: Protect\n|move|p1b: Christian|Shadow Sneak|p2b: Gyarados\n|-damage|p2b: Gyarados|81\/100\n|\n|-sideend|p2: Gameplaya|move: Tailwind\n|upkeep\n|turn|6\n|\n|t:|1731769341\n|switch|p1b: Kidturtle|Sneasler, L50, F, shiny|59\/100\n|move|p1a: Main Flutter|Extreme Speed|p2a: Murkrow\n|-damage|p2a: Murkrow|0 fnt\n|faint|p2a: Murkrow\n|move|p2b: Gyarados|Waterfall|p1b: Kidturtle\n|-damage|p1b: Kidturtle|0 fnt\n|faint|p1b: Kidturtle\n|\n|upkeep\n|\n|t:|1731769352\n|switch|p1b: Christian|Ceruledge, L50, F|100\/100\n|switch|p2a: Typhlosion|Typhlosion-Hisui, L50, M|12\/100\n|-item|p1a: Main Flutter|Loaded Dice|[from] ability: Frisk|[of] p2a: Typhlosion\n|-item|p1b: Christian|Leftovers|[from] ability: Frisk|[of] p2a: Typhlosion\n|turn|7\n|\n|t:|1731769362\n|switch|p2a: Ursaluna|Ursaluna-Bloodmoon, L50, M|32\/100\n|-terastallize|p1b: Christian|Grass\n|move|p1a: Main Flutter|Scale Shot|p2a: Ursaluna\n|-damage|p2a: Ursaluna|24\/100\n|-damage|p2a: Ursaluna|15\/100\n|-damage|p2a: Ursaluna|7\/100\n|-damage|p2a: Ursaluna|0 fnt\n|faint|p2a: Ursaluna\n|-hitcount|p2: Ursaluna|4\n|-unboost|p1a: Main Flutter|def|1\n|-boost|p1a: Main Flutter|spe|1\n|move|p2b: Gyarados|Waterfall|p1b: Christian\n|-resisted|p1b: Christian\n|-damage|p1b: Christian|77\/100\n|cant|p1b: Christian|flinch\n|\n|-heal|p1b: Christian|83\/100|[from] item: Leftovers\n|upkeep\n|\n|t:|1731769383\n|switch|p2a: Typhlosion|Typhlosion-Hisui, L50, M|12\/100\n|-item|p1a: Main Flutter|Loaded Dice|[from] ability: Frisk|[of] p2a: Typhlosion\n|-item|p1b: Christian|Leftovers|[from] ability: Frisk|[of] p2a: Typhlosion\n|turn|8\n|\n|t:|1731769394\n|move|p1b: Christian|Shadow Sneak|p2a: Typhlosion\n|-supereffective|p2a: Typhlosion\n|-damage|p2a: Typhlosion|0 fnt\n|faint|p2a: Typhlosion\n|move|p1a: Main Flutter|Scale Shot|p2b: Gyarados|[miss]\n|-miss|p1a: Main Flutter|p2b: Gyarados\n|move|p2b: Gyarados|Waterfall|p1a: Main Flutter\n|-resisted|p1a: Main Flutter\n|-damage|p1a: Main Flutter|43\/100\n|\n|-heal|p1b: Christian|89\/100|[from] item: Leftovers\n|upkeep\n|turn|9\n|\n|t:|1731769407\n|move|p1a: Main Flutter|Scale Shot|p2b: Gyarados\n|-crit|p2b: Gyarados\n|-damage|p2b: Gyarados|50\/100\n|-enditem|p2b: Gyarados|Sitrus Berry|[eat]\n|-heal|p2b: Gyarados|75\/100|[from] item: Sitrus Berry\n|-damage|p2b: Gyarados|62\/100\n|-damage|p2b: Gyarados|48\/100\n|-damage|p2b: Gyarados|36\/100\n|-hitcount|p2b: Gyarados|4\n|-unboost|p1a: Main Flutter|def|1\n|-boost|p1a: Main Flutter|spe|1\n|move|p2b: Gyarados|Waterfall|p1a: Main Flutter\n|-resisted|p1a: Main Flutter\n|-damage|p1a: Main Flutter|0 fnt\n|faint|p1a: Main Flutter\n|move|p1b: Christian|Bulk Up|p1b: Christian\n|-boost|p1b: Christian|atk|1\n|-boost|p1b: Christian|def|1\n|\n|-heal|p1b: Christian|96\/100|[from] item: Leftovers\n|upkeep\n|turn|10\n|\n|t:|1731769428\n|move|p1b: Christian|Shadow Sneak|p2b: Gyarados\n|-damage|p2b: Gyarados|0 fnt\n|faint|p2b: Gyarados\n|\n|win|thacrow\n|raw|thacrow's rating: 1735 &rarr; <strong>1754<\/strong><br \/>(+19 for winning)\n|raw|Gameplaya's rating: 1709 &rarr; <strong>1690<\/strong><br \/>(-19 for losing)\n|l|\u2606Gameplaya\n|player|p2|\n|l|\u2606thacrow\n|player|p1|\n","uploadtime":1731769633,"views":11,"formatid":"gen9vgc2024regh","rating":1690,"private":0,"password":null}