{"id":"gen9vgc2024regh-2245237071","format":"[Gen 9] VGC 2024 Reg H","players":["VGCLTH low laddr","finalkingambittcg"],"log":"|raw|<div class=\"broadcast-blue\"><strong>This battle is required to be public due to a player having a name starting with 'vgclth'.<\/div>\n|j|\u2606VGCLTH low laddr\n|j|\u203dfinalkingambittcg\n|t:|1731793623\n|gametype|doubles\n|player|p1|VGCLTH low laddr|lucas|1758\n|player|p2|finalkingambittcg|102|1738\n|teamsize|p1|6\n|teamsize|p2|6\n|gen|9\n|tier|[Gen 9] VGC 2024 Reg H\n|rated|\n|rule|Species Clause: Limit one of each Pok\u00e9mon\n|rule|Item Clause: Limit 1 of each item\n|clearpoke\n|poke|p1|Dondozo, L50, F|\n|poke|p1|Tatsugiri, L50, M|\n|poke|p1|Sneasler, L50, M|\n|poke|p1|Indeedee, L50, M|\n|poke|p1|Talonflame, L50, F|\n|poke|p1|Ursaluna-Bloodmoon, L50, M|\n|poke|p2|Kingambit, L50, M|\n|poke|p2|Klefki, L50, M|\n|poke|p2|Ursaluna-Bloodmoon, L50, M|\n|poke|p2|Annihilape, L50, M|\n|poke|p2|Greninja-*, L50, M|\n|poke|p2|Dusclops, L50, F|\n|teampreview|4\n|inactive|Battle timer is ON: inactive players will automatically lose when time's up. (requested by VGCLTH low laddr)\n|\n|t:|1731793644\n|start\n|switch|p1a: Sneasler|Sneasler, L50, M|100\/100\n|switch|p1b: Ursaluna|Ursaluna-Bloodmoon, L50, M|100\/100\n|switch|p2a: Klefki|Klefki, L50, M|100\/100\n|switch|p2b: Ursaluna|Ursaluna-Bloodmoon, L50, M|100\/100\n|turn|1\n|inactive|VGCLTH low laddr has 30 seconds left.\n|inactive|VGCLTH low laddr has 20 seconds left.\n|j| jdarcan\n|\n|t:|1731793684\n|switch|p2b: Annihilape|Annihilape, L50, M|100\/100\n|move|p2a: Klefki|Light Screen|p2a: Klefki\n|-sidestart|p2: finalkingambittcg|move: Light Screen\n|move|p1a: Sneasler|Close Combat|p2b: Annihilape\n|-immune|p2b: Annihilape\n|move|p1b: Ursaluna|Earth Power|p2a: Klefki\n|-supereffective|p2a: Klefki\n|-damage|p2a: Klefki|20\/100\n|-damage|p1b: Ursaluna|91\/100|[from] item: Life Orb\n|\n|upkeep\n|turn|2\n|\n|t:|1731793701\n|move|p2a: Klefki|Reflect|p2a: Klefki\n|-sidestart|p2: finalkingambittcg|Reflect\n|move|p1a: Sneasler|Dire Claw|p2b: Annihilape\n|-resisted|p2b: Annihilape\n|-damage|p2b: Annihilape|89\/100\n|move|p2b: Annihilape|Drain Punch|p1b: Ursaluna\n|-supereffective|p1b: Ursaluna\n|-damage|p1b: Ursaluna|45\/100\n|-heal|p2b: Annihilape|100\/100|[from] drain|[of] p1b: Ursaluna\n|move|p1b: Ursaluna|Blood Moon|p2b: Annihilape\n|-damage|p2b: Annihilape|53\/100\n|-damage|p1b: Ursaluna|36\/100|[from] item: Life Orb\n|\n|-heal|p2b: Annihilape|59\/100|[from] item: Leftovers\n|upkeep\n|turn|3\n|\n|t:|1731793719\n|switch|p1b: Dondozo|Dondozo, L50, F|100\/100\n|move|p2a: Klefki|Misty Terrain|p2a: Klefki\n|-fieldstart|move: Misty Terrain\n|move|p1a: Sneasler|Close Combat|p2a: Klefki\n|-damage|p2a: Klefki|0 fnt\n|-unboost|p1a: Sneasler|def|1\n|-unboost|p1a: Sneasler|spd|1\n|faint|p2a: Klefki\n|move|p2b: Annihilape|Rage Fist|p1a: Sneasler\n|-damage|p1a: Sneasler|0 fnt\n|faint|p1a: Sneasler\n|\n|-heal|p2b: Annihilape|65\/100|[from] item: Leftovers\n|upkeep\n|\n|t:|1731793728\n|switch|p1a: Ursaluna|Ursaluna-Bloodmoon, L50, M|36\/100\n|switch|p2a: Dusclops|Dusclops, L50, F|100\/100\n|-item|p1a: Ursaluna|Life Orb|[from] ability: Frisk|[of] p2a: Dusclops\n|-item|p1b: Dondozo|Leftovers|[from] ability: Frisk|[of] p2a: Dusclops\n|turn|4\n|\n|t:|1731793739\n|switch|p1a: Tatsugiri|Tatsugiri, L50, M, shiny|100\/100\n|-activate|p1a: Tatsugiri|ability: Commander|[of] p1b: Dondozo\n|-boost|p1b: Dondozo|atk|2\n|-boost|p1b: Dondozo|spa|2\n|-boost|p1b: Dondozo|spe|2\n|-boost|p1b: Dondozo|def|2\n|-boost|p1b: Dondozo|spd|2\n|move|p2b: Annihilape|Protect|p2b: Annihilape\n|-singleturn|p2b: Annihilape|Protect\n|move|p1b: Dondozo|Wave Crash|p2b: Annihilape\n|-activate|p2b: Annihilape|move: Protect\n|move|p2a: Dusclops|Trick Room|p2a: Dusclops\n|-fieldstart|move: Trick Room|[of] p2a: Dusclops\n|\n|-heal|p2b: Annihilape|71\/100|[from] item: Leftovers\n|upkeep\n|turn|5\n|-message|VGCLTH low laddr forfeited.\n|\n|win|finalkingambittcg\n|raw|VGCLTH low laddr's rating: 1733 &rarr; <strong>1713<\/strong><br \/>(-20 for losing)\n|raw|finalkingambittcg's rating: 1738 &rarr; <strong>1758<\/strong><br \/>(+20 for winning)\n|l|\u2606VGCLTH low laddr\n|player|p1|\n","uploadtime":1731793966,"views":11,"formatid":"gen9vgc2024regh","rating":1713,"private":0,"password":null}