{"id":"gen9vgc2024regh-2245694406","format":"[Gen 9] VGC 2024 Reg H","players":["por minha atendido","vgclth cuwutie"],"log":"|raw|<div class=\"broadcast-blue\"><strong>This battle is required to be public due to a player having a name starting with 'vgclth'.<\/div>\n|j|\u2606por minha atendido\n|j|\u2606vgclth cuwutie\n|t:|1731865865\n|gametype|doubles\n|player|p1|por minha atendido|102|1789\n|player|p2|vgclth cuwutie|hanbei-conquest|1813\n|teamsize|p1|6\n|teamsize|p2|6\n|gen|9\n|tier|[Gen 9] VGC 2024 Reg H\n|rated|\n|rule|Species Clause: Limit one of each Pok\u00e9mon\n|rule|Item Clause: Limit 1 of each item\n|clearpoke\n|poke|p1|Annihilape, L50, M|\n|poke|p1|Delphox, L50, M|\n|poke|p1|Murkrow, L50, F|\n|poke|p1|Sneasler, L50, M|\n|poke|p1|Indeedee, L50, M|\n|poke|p1|Gholdengo, L50|\n|poke|p2|Chandelure, L50, M|\n|poke|p2|Sylveon, L50, F|\n|poke|p2|Talonflame, L50, M|\n|poke|p2|Dragapult, L50, M|\n|poke|p2|Electabuzz, L50, M|\n|poke|p2|Dragonite, L50, M|\n|teampreview|4\n|j| Omw2stealurteam\n|inactive|Battle timer is ON: inactive players will automatically lose when time's up. (requested by por minha atendido)\n|\n|t:|1731865899\n|start\n|switch|p1a: Indeedee|Indeedee, L50, M|100\/100\n|switch|p1b: Sneasler|Sneasler, L50, M|100\/100\n|switch|p2a: MarcoFiaro|Talonflame, L50, M|100\/100\n|switch|p2b: Soullight|Chandelure, L50, M|100\/100\n|-fieldstart|move: Psychic Terrain|[from] ability: Psychic Surge|[of] p1a: Indeedee\n|-enditem|p1b: Sneasler|Psychic Seed\n|-boost|p1b: Sneasler|spd|1|[from] item: Psychic Seed\n|turn|1\n|inactive|por minha atendido has 30 seconds left.\n|inactive|por minha atendido has 20 seconds left.\n|inactive|por minha atendido has 15 seconds left.\n|inactive|por minha atendido has 10 seconds left.\n|inactive|por minha atendido has 5 seconds left.\n|\n|t:|1731865952\n|-terastallize|p2b: Soullight|Dark\n|move|p1b: Sneasler|Dire Claw|p2b: Soullight\n|-damage|p2b: Soullight|27\/100\n|-status|p2b: Soullight|par\n|move|p2a: MarcoFiaro|Flare Blitz|p1a: Indeedee\n|-enditem|p1a: Indeedee|Focus Sash\n|-damage|p1a: Indeedee|1\/100\n|-damage|p2a: MarcoFiaro|72\/100|[from] Recoil\n|move|p1a: Indeedee|Expanding Force|p2b: Soullight|[spread] p2a\n|-immune|p2b: Soullight\n|-damage|p2a: MarcoFiaro|0 fnt\n|faint|p2a: MarcoFiaro\n|move|p2b: Soullight|Trick Room|p2b: Soullight\n|-fieldstart|move: Trick Room|[of] p2b: Soullight\n|\n|upkeep\n|inactive|vgclth cuwutie has 30 seconds left.\n|inactive|vgclth cuwutie has 20 seconds left.\n|\n|t:|1731865989\n|switch|p2a: Dragonite|Dragonite, L50, M|100\/100\n|turn|2\n|inactive|por minha atendido has 30 seconds left.\n|\n|t:|1731866018\n|move|p2b: Soullight|Shadow Ball|p1b: Sneasler\n|-damage|p1b: Sneasler|58\/100\n|move|p2a: Dragonite|Low Kick|p1a: Indeedee\n|-damage|p1a: Indeedee|0 fnt\n|faint|p1a: Indeedee\n|move|p1b: Sneasler|Dire Claw|p2a: Dragonite\n|-damage|p2a: Dragonite|77\/100\n|-status|p2a: Dragonite|par\n|\n|upkeep\n|\n|t:|1731866025\n|switch|p1a: Delphox|Delphox, L50, M|100\/100\n|turn|3\n|\n|t:|1731866034\n|-terastallize|p1a: Delphox|Fighting\n|move|p2b: Soullight|Shadow Ball|p1a: Delphox\n|-damage|p1a: Delphox|36\/100\n|move|p2a: Dragonite|Scale Shot|p1b: Sneasler\n|-damage|p1b: Sneasler|36\/100\n|-damage|p1b: Sneasler|12\/100\n|-damage|p1b: Sneasler|0 fnt\n|faint|p1b: Sneasler\n|-hitcount|p1: Sneasler|3\n|-unboost|p2a: Dragonite|def|1\n|-boost|p2a: Dragonite|spe|1\n|move|p1a: Delphox|Heat Wave|p2b: Soullight|[spread] p2a\n|-start|p2b: Soullight|ability: Flash Fire\n|-resisted|p2a: Dragonite\n|-damage|p2a: Dragonite|53\/100 par\n|-damage|p1a: Delphox|26\/100|[from] item: Life Orb\n|\n|upkeep\n|inactive|por minha atendido has 30 seconds left.\n|inactive|por minha atendido has 20 seconds left.\n|inactive|por minha atendido has 15 seconds left.\n|inactive|por minha atendido has 10 seconds left.\n|inactive|por minha atendido has 5 seconds left.\n|\n|t:|1731866089\n|switch|p1b: Murkrow|Murkrow, L50, F|100\/100\n|turn|4\n|inactive|por minha atendido has 30 seconds left.\n|inactive|por minha atendido has 20 seconds left.\n|inactive|por minha atendido has 15 seconds left.\n|\n|t:|1731866132\n|move|p1a: Delphox|Protect|p1a: Delphox\n|-singleturn|p1a: Delphox|Protect\n|cant|p2b: Soullight|par\n|cant|p2a: Dragonite|par\n|move|p1b: Murkrow|Foul Play|p2a: Dragonite\n|-damage|p2a: Dragonite|0 fnt\n|faint|p2a: Dragonite\n|\n|upkeep\n|\n|t:|1731866139\n|switch|p2a: Moonlight|Sylveon, L50, F|100\/100\n|turn|5\n|c|\u2606vgclth cuwutie|ok was wondering where the paras would come\n|inactive|por minha atendido has 30 seconds left.\n|c|\u2606vgclth cuwutie|lucky for me it was this turn\n|\n|t:|1731866170\n|move|p1b: Murkrow|Protect|p1b: Murkrow\n|-singleturn|p1b: Murkrow|Protect\n|move|p1a: Delphox|Protect||[still]\n|-fail|p1a: Delphox\n|move|p2b: Soullight|Heat Wave|p1b: Murkrow|[spread] p1a\n|-activate|p1b: Murkrow|move: Protect\n|-damage|p1a: Delphox|0 fnt\n|faint|p1a: Delphox\n|move|p2a: Moonlight|Hyper Voice|p1b: Murkrow\n|-activate|p1b: Murkrow|move: Protect\n|\n|-fieldend|move: Trick Room\n|-fieldend|move: Psychic Terrain\n|upkeep\n|turn|6\n|-message|por minha atendido forfeited.\n|\n|win|vgclth cuwutie\n|raw|por minha atendido's rating: 1789 &rarr; <strong>1770<\/strong><br \/>(-19 for losing)\n|raw|vgclth cuwutie's rating: 1813 &rarr; <strong>1832<\/strong><br \/>(+19 for winning)\n|l|\u2606por minha atendido\n|player|p1|\n|l|\u2606vgclth cuwutie\n|player|p2|\n|l| Omw2stealurteam\n","uploadtime":1731866330,"views":26,"formatid":"gen9vgc2024regh","rating":1770,"private":0,"password":null}