{"id":"gen9vgc2024regh-2245245750","format":"[Gen 9] VGC 2024 Reg H","players":["jayjazZa","VGCLTH low laddr"],"log":"|raw|<div class=\"broadcast-blue\"><strong>This battle is required to be public due to a player having a name starting with 'vgclth'.<\/div>\n|j|\u2606jayjazZa\n|j|\u2606VGCLTH low laddr\n|t:|1731794709\n|gametype|doubles\n|player|p1|jayjazZa|1|1703\n|player|p2|VGCLTH low laddr|lucas|1758\n|teamsize|p1|6\n|teamsize|p2|6\n|gen|9\n|tier|[Gen 9] VGC 2024 Reg H\n|rated|\n|rule|Species Clause: Limit one of each Pok\u00e9mon\n|rule|Item Clause: Limit 1 of each item\n|clearpoke\n|poke|p1|Dondozo, L50, F|\n|poke|p1|Tatsugiri, L50, M|\n|poke|p1|Sneasler, L50, F|\n|poke|p1|Indeedee, L50, M|\n|poke|p1|Archaludon, L50, F|\n|poke|p1|Pelipper, L50, F|\n|poke|p2|Murkrow, L50, M|\n|poke|p2|Typhlosion-Hisui, L50, M|\n|poke|p2|Garchomp, L50, M|\n|poke|p2|Vivillon-Icy Snow, L50, M|\n|poke|p2|Archaludon, L50, M|\n|poke|p2|Primarina, L50, F|\n|teampreview|4\n|inactive|Battle timer is ON: inactive players will automatically lose when time's up. (requested by VGCLTH low laddr)\n|inactive|jayjazZa also wants the timer to be on.\n|inactive|VGCLTH low laddr has 60 seconds left.\n|\n|t:|1731794758\n|start\n|switch|p1a: Indeedee|Indeedee, L50, M|100\/100\n|switch|p1b: Sneasler|Sneasler, L50, F|100\/100\n|switch|p2a: Garchomp|Garchomp, L50, M|100\/100\n|switch|p2b: Vivillon|Vivillon-Icy Snow, L50, M, shiny|100\/100\n|-fieldstart|move: Psychic Terrain|[from] ability: Psychic Surge|[of] p1a: Indeedee\n|-enditem|p1b: Sneasler|Psychic Seed\n|-boost|p1b: Sneasler|spd|1|[from] item: Psychic Seed\n|turn|1\n|\n|t:|1731794775\n|move|p1b: Sneasler|Dire Claw|p2b: Vivillon\n|-damage|p2b: Vivillon|12\/100\n|-status|p2b: Vivillon|slp\n|move|p2a: Garchomp|Earthquake|p1b: Sneasler|[spread] p1a,p1b\n|-immune|p2b: Vivillon\n|-supereffective|p1b: Sneasler\n|-enditem|p1a: Indeedee|Focus Sash\n|-damage|p1a: Indeedee|1\/100\n|-damage|p1b: Sneasler|0 fnt\n|faint|p1b: Sneasler\n|-damage|p2a: Garchomp|91\/100|[from] item: Life Orb\n|move|p1a: Indeedee|Expanding Force|p2b: Vivillon|[spread] p2a,p2b\n|-damage|p2a: Garchomp|30\/100\n|-damage|p2b: Vivillon|0 fnt\n|faint|p2b: Vivillon\n|\n|upkeep\n|\n|t:|1731794786\n|switch|p1b: Archaludon|Archaludon, L50, F|100\/100\n|switch|p2b: Murkrow|Murkrow, L50, M|100\/100\n|turn|2\n|\n|t:|1731794794\n|switch|p1a: Pelipper|Pelipper, L50, F|100\/100\n|-weather|RainDance|[from] ability: Drizzle|[of] p1a: Pelipper\n|-terastallize|p1b: Archaludon|Grass\n|move|p2b: Murkrow|Sunny Day|p2b: Murkrow\n|-weather|SunnyDay\n|move|p2a: Garchomp|Earthquake|p1b: Archaludon|[spread] p1b\n|-immune|p2b: Murkrow\n|-immune|p1a: Pelipper\n|-resisted|p1b: Archaludon\n|-damage|p1b: Archaludon|81\/100\n|-ability|p1b: Archaludon|Stamina|boost\n|-boost|p1b: Archaludon|def|1\n|-damage|p2a: Garchomp|21\/100|[from] item: Life Orb\n|move|p1b: Archaludon|Electro Shot||[still]\n|-prepare|p1b: Archaludon|Electro Shot\n|-boost|p1b: Archaludon|spa|1\n|\n|-weather|SunnyDay|[upkeep]\n|upkeep\n|turn|3\n|\n|t:|1731794810\n|-terastallize|p2b: Murkrow|Ghost\n|move|p2a: Garchomp|Dragon Claw|p1a: Pelipper\n|-crit|p1a: Pelipper\n|-damage|p1a: Pelipper|17\/100\n|-damage|p2a: Garchomp|11\/100|[from] item: Life Orb\n|move|p1b: Archaludon|Electro Shot|p2b: Murkrow|[from]lockedmove\n|-damage|p2b: Murkrow|42\/100\n|move|p2b: Murkrow|Foul Play|p1a: Pelipper\n|-damage|p1a: Pelipper|3\/100\n|move|p1a: Pelipper|Tailwind|p1a: Pelipper\n|-sidestart|p1: jayjazZa|move: Tailwind\n|\n|-weather|SunnyDay|[upkeep]\n|upkeep\n|turn|4\n|j| jdarcan\n|\n|t:|1731794832\n|move|p1a: Pelipper|Protect|p1a: Pelipper\n|-singleturn|p1a: Pelipper|Protect\n|move|p2b: Murkrow|Tailwind|p2b: Murkrow\n|-sidestart|p2: VGCLTH low laddr|move: Tailwind\n|move|p2a: Garchomp|Dragon Claw|p1a: Pelipper\n|-activate|p1a: Pelipper|move: Protect\n|move|p1b: Archaludon|Flash Cannon|p2b: Murkrow\n|-crit|p2b: Murkrow\n|-damage|p2b: Murkrow|0 fnt\n|faint|p2b: Murkrow\n|\n|-weather|SunnyDay|[upkeep]\n|upkeep\n|\n|t:|1731794835\n|switch|p2b: Archaludon|Archaludon, L50, M|100\/100\n|turn|5\n|\n|t:|1731794854\n|move|p2a: Garchomp|Protect|p2a: Garchomp\n|-singleturn|p2a: Garchomp|Protect\n|move|p1b: Archaludon|Flash Cannon|p2a: Garchomp\n|-activate|p2a: Garchomp|move: Protect\n|move|p2b: Archaludon|Electro Shot||[still]\n|-prepare|p2b: Archaludon|Electro Shot\n|-boost|p2b: Archaludon|spa|1\n|-enditem|p2b: Archaludon|Power Herb\n|-anim|p2b: Archaludon|Electro Shot|p1a: Pelipper\n|-supereffective|p1a: Pelipper\n|-damage|p1a: Pelipper|0 fnt\n|faint|p1a: Pelipper\n|\n|-weather|SunnyDay|[upkeep]\n|-fieldend|move: Psychic Terrain\n|upkeep\n|\n|t:|1731794857\n|switch|p1a: Indeedee|Indeedee, L50, M|1\/100\n|-fieldstart|move: Psychic Terrain|[from] ability: Psychic Surge|[of] p1a: Indeedee\n|turn|6\n|\n|t:|1731794879\n|move|p1a: Indeedee|Protect|p1a: Indeedee\n|-singleturn|p1a: Indeedee|Protect\n|move|p2a: Garchomp|Dragon Claw|p1a: Indeedee\n|-activate|p1a: Indeedee|move: Protect\n|move|p2b: Archaludon|Draco Meteor|p1b: Archaludon\n|-damage|p1b: Archaludon|0 fnt\n|-unboost|p2b: Archaludon|spa|2\n|faint|p1b: Archaludon\n|\n|-weather|none\n|-sideend|p1: jayjazZa|move: Tailwind\n|upkeep\n|turn|7\n|-message|jayjazZa forfeited.\n|\n|win|VGCLTH low laddr\n|raw|jayjazZa's rating: 1703 &rarr; <strong>1686<\/strong><br \/>(-17 for losing)\n|raw|VGCLTH low laddr's rating: 1758 &rarr; <strong>1775<\/strong><br \/>(+17 for winning)\n|l|\u2606jayjazZa\n|player|p1|\n|l|\u2606VGCLTH low laddr\n|player|p2|\n","uploadtime":1731795064,"views":13,"formatid":"gen9vgc2024regh","rating":1686,"private":0,"password":null}