{"id":"gen9vgc2024regh-2245489567","format":"[Gen 9] VGC 2024 Reg H","players":["Spottedwoot","vgclthmagnetman"],"log":"|j|\u2606Spottedwoot\n|j|\u2606vgclthmagnetman\n|t:|1731831581\n|gametype|doubles\n|player|p1|Spottedwoot|101|1712\n|player|p2|vgclthmagnetman|102|1657\n|teamsize|p1|6\n|teamsize|p2|6\n|gen|9\n|tier|[Gen 9] VGC 2024 Reg H\n|rated|\n|rule|Species Clause: Limit one of each Pok\u00e9mon\n|rule|Item Clause: Limit 1 of each item\n|clearpoke\n|poke|p1|Kingambit, L50, M|\n|poke|p1|Primarina, L50, F|\n|poke|p1|Salamence, L50, M|\n|poke|p1|Gholdengo, L50|\n|poke|p1|Sneasler, L50, M|\n|poke|p1|Volcarona, L50, M|\n|poke|p2|Archaludon, L50, M|\n|poke|p2|Pelipper, L50, M|\n|poke|p2|Incineroar, L50, M|\n|poke|p2|Amoonguss, L50, F|\n|poke|p2|Gholdengo, L50|\n|poke|p2|Basculegion, L50, M|\n|teampreview|4\n|\n|t:|1731831609\n|start\n|switch|p1a: Salamence|Salamence, L50, M|100\/100\n|switch|p1b: Sneasler|Sneasler, L50, M|100\/100\n|switch|p2a: Pelipper|Pelipper, L50, M|100\/100\n|switch|p2b: Archaludon|Archaludon, L50, M|100\/100\n|-ability|p1a: Salamence|Intimidate|boost\n|-unboost|p2a: Pelipper|atk|1\n|-unboost|p2b: Archaludon|atk|1\n|-weather|RainDance|[from] ability: Drizzle|[of] p2a: Pelipper\n|turn|1\n|j| thelasttheorem\n|inactive|Battle timer is ON: inactive players will automatically lose when time's up. (requested by Spottedwoot)\n|inactive|vgclthmagnetman has 60 seconds left.\n|\n|t:|1731831667\n|move|p1b: Sneasler|Close Combat|p2b: Archaludon\n|-supereffective|p2b: Archaludon\n|-damage|p2b: Archaludon|13\/100\n|-unboost|p1b: Sneasler|def|1\n|-unboost|p1b: Sneasler|spd|1\n|-ability|p2b: Archaludon|Stamina|boost\n|-boost|p2b: Archaludon|def|1\n|move|p1a: Salamence|Tailwind|p1a: Salamence\n|-sidestart|p1: Spottedwoot|move: Tailwind\n|move|p2a: Pelipper|Tailwind|p2a: Pelipper\n|-sidestart|p2: vgclthmagnetman|move: Tailwind\n|move|p2b: Archaludon|Electro Shot||[still]\n|-prepare|p2b: Archaludon|Electro Shot\n|-boost|p2b: Archaludon|spa|1\n|-anim|p2b: Archaludon|Electro Shot|p1b: Sneasler\n|-enditem|p1b: Sneasler|Focus Sash\n|-damage|p1b: Sneasler|1\/100\n|\n|-weather|RainDance|[upkeep]\n|upkeep\n|turn|2\n|\n|t:|1731831688\n|switch|p2b: Amoonguss|Amoonguss, L50, F|100\/100\n|move|p1b: Sneasler|Close Combat|p2b: Amoonguss\n|-resisted|p2b: Amoonguss\n|-damage|p2b: Amoonguss|75\/100\n|-unboost|p1b: Sneasler|def|1\n|-unboost|p1b: Sneasler|spd|1\n|-damage|p1b: Sneasler|0 fnt|[from] item: Rocky Helmet|[of] p2b: Amoonguss\n|faint|p1b: Sneasler\n|move|p1a: Salamence|Hurricane|p2a: Pelipper\n|-enditem|p2a: Pelipper|Focus Sash\n|-damage|p2a: Pelipper|1\/100\n|-damage|p1a: Salamence|90\/100|[from] item: Life Orb\n|move|p2a: Pelipper|Hurricane|p1a: Salamence\n|-damage|p1a: Salamence|25\/100\n|-start|p1a: Salamence|confusion\n|\n|-weather|RainDance|[upkeep]\n|upkeep\n|\n|t:|1731831697\n|switch|p1b: Kingambit|Kingambit, L50, M|100\/100\n|turn|3\n|\n|t:|1731831711\n|move|p2b: Amoonguss|Protect|p2b: Amoonguss\n|-singleturn|p2b: Amoonguss|Protect\n|-activate|p1a: Salamence|confusion\n|move|p1a: Salamence|Hurricane|p2b: Amoonguss\n|-activate|p2b: Amoonguss|move: Protect\n|move|p2a: Pelipper|Weather Ball|p1b: Kingambit\n|-damage|p1b: Kingambit|43\/100\n|move|p1b: Kingambit|Swords Dance|p1b: Kingambit\n|-boost|p1b: Kingambit|atk|2\n|\n|-weather|RainDance|[upkeep]\n|upkeep\n|turn|4\n|\n|t:|1731831727\n|move|p2b: Amoonguss|Rage Powder|p2b: Amoonguss\n|-singleturn|p2b: Amoonguss|move: Rage Powder\n|move|p1b: Kingambit|Sucker Punch|p2a: Pelipper\n|-damage|p2a: Pelipper|0 fnt\n|faint|p2a: Pelipper\n|-end|p1a: Salamence|confusion\n|move|p1a: Salamence|Hurricane|p2b: Amoonguss\n|-supereffective|p2b: Amoonguss\n|-crit|p2b: Amoonguss\n|-damage|p2b: Amoonguss|0 fnt\n|faint|p2b: Amoonguss\n|-damage|p1a: Salamence|15\/100|[from] item: Life Orb\n|\n|-weather|RainDance|[upkeep]\n|-sideend|p2: vgclthmagnetman|move: Tailwind\n|-sideend|p1: Spottedwoot|move: Tailwind\n|upkeep\n|\n|t:|1731831731\n|switch|p2a: Basculegion|Basculegion, L50, M|100\/100\n|switch|p2b: Archaludon|Archaludon, L50, M|13\/100\n|turn|5\n|\n|t:|1731831738\n|-terastallize|p2a: Basculegion|Water\n|move|p1a: Salamence|Protect|p1a: Salamence\n|-singleturn|p1a: Salamence|Protect\n|move|p1b: Kingambit|Protect|p1b: Kingambit\n|-singleturn|p1b: Kingambit|Protect\n|move|p2a: Basculegion|Aqua Jet|p1a: Salamence\n|-activate|p1a: Salamence|move: Protect\n|move|p2b: Archaludon|Body Press|p1b: Kingambit\n|-activate|p1b: Kingambit|move: Protect\n|\n|-weather|none\n|upkeep\n|turn|6\n|\n|t:|1731831748\n|move|p2a: Basculegion|Aqua Jet|p1a: Salamence\n|-resisted|p1a: Salamence\n|-damage|p1a: Salamence|0 fnt\n|faint|p1a: Salamence\n|move|p2b: Archaludon|Body Press|p1b: Kingambit\n|-supereffective|p1b: Kingambit\n|-damage|p1b: Kingambit|0 fnt\n|faint|p1b: Kingambit\n|\n|upkeep\n|\n|t:|1731831751\n|switch|p1b: Gholdengo|Gholdengo, L50|100\/100\n|turn|7\n|\n|t:|1731831759\n|move|p2a: Basculegion|Aqua Jet|p1b: Gholdengo\n|-damage|p1b: Gholdengo|55\/100\n|move|p1b: Gholdengo|Shadow Ball|p2b: Archaludon\n|-damage|p2b: Archaludon|0 fnt\n|faint|p2b: Archaludon\n|\n|upkeep\n|turn|8\n|\n|t:|1731831765\n|move|p2a: Basculegion|Aqua Jet|p1b: Gholdengo\n|-damage|p1b: Gholdengo|9\/100\n|move|p1b: Gholdengo|Shadow Ball|p2a: Basculegion\n|-damage|p2a: Basculegion|32\/100\n|\n|upkeep\n|turn|9\n|\n|t:|1731831769\n|move|p2a: Basculegion|Aqua Jet|p1b: Gholdengo\n|-damage|p1b: Gholdengo|0 fnt\n|faint|p1b: Gholdengo\n|\n|win|vgclthmagnetman\n|raw|Spottedwoot's rating: 1712 &rarr; <strong>1689<\/strong><br \/>(-23 for losing)\n|raw|vgclthmagnetman's rating: 1657 &rarr; <strong>1680<\/strong><br \/>(+23 for winning)\n","uploadtime":1731831771,"views":88,"formatid":"gen9vgc2024regh","rating":1680,"private":0,"password":null}