{"id":"gen9vgc2024regh-2245261593","format":"[Gen 9] VGC 2024 Reg H","players":["Delightl","vgclth cuwutie"],"log":"|raw|<div class=\"broadcast-blue\"><strong>This battle is required to be public due to a player having a name starting with 'vgclth'.<\/div>\n|j|\u2606Delightl\n|j|\u2606vgclth cuwutie\n|t:|1731796713\n|gametype|doubles\n|player|p1|Delightl|unknownf|1739\n|player|p2|vgclth cuwutie|266|1720\n|teamsize|p1|6\n|teamsize|p2|6\n|gen|9\n|tier|[Gen 9] VGC 2024 Reg H\n|rated|\n|rule|Species Clause: Limit one of each Pok\u00e9mon\n|rule|Item Clause: Limit 1 of each item\n|clearpoke\n|poke|p1|Amoonguss, L50, M|\n|poke|p1|Incineroar, L50, M|\n|poke|p1|Volcarona, L50, F|\n|poke|p1|Dragapult, L50, M|\n|poke|p1|Kingambit, L50, M|\n|poke|p1|Primarina, L50, M|\n|poke|p2|Smeargle, L50, M|\n|poke|p2|Farigiraf, L50, M|\n|poke|p2|Maushold-Four, L50|\n|poke|p2|Torkoal, L50, M|\n|poke|p2|Ursaluna-Bloodmoon, L50, M|\n|poke|p2|Weezing-Galar, L50, F|\n|teampreview|4\n|j| jdarcan\n|inactive|Battle timer is ON: inactive players will automatically lose when time's up. (requested by vgclth cuwutie)\n|\n|t:|1731796752\n|start\n|switch|p1a: Volcarona|Volcarona, L50, F, shiny|100\/100\n|switch|p1b: Incineroar|Incineroar, L50, M|100\/100\n|switch|p2a: Smeargle|Smeargle, L50, M|100\/100\n|switch|p2b: Farigiraf|Farigiraf, L50, M|100\/100\n|-ability|p1b: Incineroar|Intimidate|boost\n|-unboost|p2a: Smeargle|atk|1\n|-enditem|p2a: Smeargle|Eject Pack\n|-unboost|p2b: Farigiraf|atk|1\n|\n|t:|1731796765\n|switch|p2a: Ursaluna|Ursaluna-Bloodmoon, L50, M|100\/100\n|turn|1\n|\n|t:|1731796774\n|-terastallize|p2a: Ursaluna|Normal\n|move|p1a: Volcarona|Quiver Dance|p1a: Volcarona\n|-boost|p1a: Volcarona|spa|1\n|-boost|p1a: Volcarona|spd|1\n|-boost|p1a: Volcarona|spe|1\n|move|p1b: Incineroar|Parting Shot|p2a: Ursaluna\n|-unboost|p2a: Ursaluna|atk|1\n|-unboost|p2a: Ursaluna|spa|1\n|\n|t:|1731796782\n|switch|p1b: Kingambit|Kingambit, L50, M|100\/100|[from] Parting Shot\n|move|p2a: Ursaluna|Blood Moon|p1a: Volcarona\n|-damage|p1a: Volcarona|38\/100\n|-damage|p2a: Ursaluna|90\/100|[from] item: Life Orb\n|move|p2b: Farigiraf|Trick Room|p2b: Farigiraf\n|-fieldstart|move: Trick Room|[of] p2b: Farigiraf\n|\n|-heal|p1a: Volcarona|44\/100|[from] item: Leftovers\n|upkeep\n|turn|2\n|\n|t:|1731796797\n|switch|p1b: Amoonguss|Amoonguss, L50, M|100\/100\n|move|p2b: Farigiraf|Helping Hand|p2a: Ursaluna\n|-singleturn|p2a: Ursaluna|Helping Hand|[of] p2b: Farigiraf\n|move|p1a: Volcarona|Protect|p1a: Volcarona\n|-singleturn|p1a: Volcarona|Protect\n|move|p2a: Ursaluna|Earth Power|p1b: Amoonguss\n|-damage|p1b: Amoonguss|45\/100\n|-damage|p2a: Ursaluna|80\/100|[from] item: Life Orb\n|\n|-heal|p1a: Volcarona|49\/100|[from] item: Leftovers\n|upkeep\n|turn|3\n|\n|t:|1731796810\n|-terastallize|p1b: Amoonguss|Water\n|move|p1b: Amoonguss|Spore|p2a: Ursaluna\n|-status|p2a: Ursaluna|slp|[from] move: Spore\n|move|p2b: Farigiraf|Uproar|p1b: Amoonguss\n|-curestatus|p2a: Ursaluna|slp|[msg]\n|-damage|p1b: Amoonguss|18\/100\n|-start|p2b: Farigiraf|Uproar\n|move|p2a: Ursaluna|Blood Moon|p1a: Volcarona\n|-damage|p1a: Volcarona|0 fnt\n|faint|p1a: Volcarona\n|-damage|p2a: Ursaluna|70\/100|[from] item: Life Orb\n|\n|-start|p2b: Farigiraf|Uproar|[upkeep]\n|upkeep\n|\n|t:|1731796821\n|switch|p1a: Kingambit|Kingambit, L50, M|100\/100\n|turn|4\n|inactive|vgclth cuwutie has 30 seconds left.\n|\n|t:|1731796850\n|move|p1b: Amoonguss|Protect|p1b: Amoonguss\n|-singleturn|p1b: Amoonguss|Protect\n|move|p2b: Farigiraf|Uproar|p1b: Amoonguss|[from]lockedmove\n|-activate|p1b: Amoonguss|move: Protect\n|move|p2a: Ursaluna|Earth Power|p1a: Kingambit\n|-supereffective|p1a: Kingambit\n|-damage|p1a: Kingambit|14\/100\n|-damage|p2a: Ursaluna|60\/100|[from] item: Life Orb\n|move|p1a: Kingambit|Swords Dance|p1a: Kingambit\n|-boost|p1a: Kingambit|atk|2\n|\n|-start|p2b: Farigiraf|Uproar|[upkeep]\n|upkeep\n|turn|5\n|\n|t:|1731796868\n|switch|p1b: Incineroar|Incineroar, L50, M|100\/100\n|-ability|p1b: Incineroar|Intimidate|boost\n|-unboost|p2a: Ursaluna|atk|1\n|-unboost|p2b: Farigiraf|atk|1\n|move|p1a: Kingambit|Protect|p1a: Kingambit\n|-singleturn|p1a: Kingambit|Protect\n|move|p2b: Farigiraf|Uproar|p1b: Incineroar|[from]lockedmove\n|-damage|p1b: Incineroar|72\/100\n|move|p2a: Ursaluna|Hyper Voice|p1b: Incineroar|[spread] p1b\n|-activate|p1a: Kingambit|move: Protect\n|-damage|p1b: Incineroar|36\/100\n|-damage|p2a: Ursaluna|50\/100|[from] item: Life Orb\n|\n|-fieldend|move: Trick Room\n|-end|p2b: Farigiraf|Uproar\n|upkeep\n|turn|6\n|\n|t:|1731796881\n|move|p1b: Incineroar|Parting Shot|p2b: Farigiraf\n|-unboost|p2b: Farigiraf|atk|1\n|-unboost|p2b: Farigiraf|spa|1\n|\n|t:|1731796884\n|switch|p1b: Amoonguss|Amoonguss, L50, M, tera:Water|51\/100|[from] Parting Shot\n|move|p1a: Kingambit|Kowtow Cleave|p2a: Ursaluna\n|-damage|p2a: Ursaluna|0 fnt\n|faint|p2a: Ursaluna\n|move|p2b: Farigiraf|Trick Room|p2b: Farigiraf\n|-fieldstart|move: Trick Room|[of] p2b: Farigiraf\n|\n|upkeep\n|\n|t:|1731796888\n|switch|p2a: Torkoal|Torkoal, L50, M|100\/100\n|-weather|SunnyDay|[from] ability: Drought|[of] p2a: Torkoal\n|turn|7\n|\n|t:|1731796901\n|move|p2b: Farigiraf|Helping Hand|p2a: Torkoal\n|-singleturn|p2a: Torkoal|Helping Hand|[of] p2b: Farigiraf\n|move|p1a: Kingambit|Protect|p1a: Kingambit\n|-singleturn|p1a: Kingambit|Protect\n|move|p2a: Torkoal|Eruption|p1b: Amoonguss|[spread] p1b\n|-activate|p1a: Kingambit|move: Protect\n|-resisted|p1b: Amoonguss\n|-damage|p1b: Amoonguss|0 fnt\n|faint|p1b: Amoonguss\n|\n|-weather|SunnyDay|[upkeep]\n|upkeep\n|-message|Delightl forfeited.\n|\n|win|vgclth cuwutie\n|raw|Delightl's rating: 1739 &rarr; <strong>1719<\/strong><br \/>(-20 for losing)\n|raw|vgclth cuwutie's rating: 1734 &rarr; <strong>1754<\/strong><br \/>(+20 for winning)\n|l|\u2606Delightl\n|player|p1|\n|l|\u2606vgclth cuwutie\n|player|p2|\n","uploadtime":1731797109,"views":15,"formatid":"gen9vgc2024regh","rating":1719,"private":0,"password":null}