{"id":"gen9vgc2024regh-2245142132","format":"[Gen 9] VGC 2024 Reg H","players":["vgclth elowyn","big raina"],"log":"|raw|<div class=\"broadcast-blue\"><strong>This battle is required to be public due to a player having a name starting with 'vgclth'.<\/div>\n|j|\u2606vgclth elowyn\n|j|\u2606big raina\n|t:|1731781918\n|gametype|doubles\n|player|p1|vgclth elowyn|266|1734\n|player|p2|big raina|1|1733\n|teamsize|p1|6\n|teamsize|p2|6\n|gen|9\n|tier|[Gen 9] VGC 2024 Reg H\n|rated|\n|rule|Species Clause: Limit one of each Pok\u00e9mon\n|rule|Item Clause: Limit 1 of each item\n|clearpoke\n|poke|p1|Dondozo, L50, M|\n|poke|p1|Tatsugiri, L50, F|\n|poke|p1|Dragonite, L50, F|\n|poke|p1|Gholdengo, L50|\n|poke|p1|Tyranitar, L50, F|\n|poke|p1|Murkrow, L50, M|\n|poke|p2|Ursaluna-Bloodmoon, L50, M|\n|poke|p2|Dragonite, L50, M|\n|poke|p2|Kommo-o, L50, F|\n|poke|p2|Grimmsnarl, L50, M|\n|poke|p2|Volcarona, L50, M|\n|poke|p2|Archaludon, L50, M|\n|teampreview|4\n|inactive|Battle timer is ON: inactive players will automatically lose when time's up. (requested by vgclth elowyn)\n|\n|t:|1731781958\n|start\n|switch|p1a: Tyranitar|Tyranitar, L50, F|100\/100\n|switch|p1b: Gholdengo|Gholdengo, L50|100\/100\n|switch|p2a: Grimmsnarl|Grimmsnarl, L50, M|100\/100\n|switch|p2b: Ursaluna|Ursaluna-Bloodmoon, L50, M|100\/100\n|-weather|Sandstorm|[from] ability: Sand Stream|[of] p1a: Tyranitar\n|turn|1\n|\n|t:|1731781974\n|switch|p1b: Dragonite|Dragonite, L50, F|100\/100\n|move|p2a: Grimmsnarl|Reflect|p2a: Grimmsnarl\n|-sidestart|p2: big raina|Reflect\n|move|p1a: Tyranitar|Brick Break|p2b: Ursaluna\n|-sideend|p2: big raina|Reflect\n|-supereffective|p2b: Ursaluna\n|-damage|p2b: Ursaluna|53\/100\n|move|p2b: Ursaluna|Earth Power|p1a: Tyranitar\n|-supereffective|p1a: Tyranitar\n|-damage|p1a: Tyranitar|58\/100\n|\n|-weather|Sandstorm|[upkeep]\n|-damage|p1b: Dragonite|95\/100|[from] Sandstorm\n|-damage|p2a: Grimmsnarl|95\/100|[from] Sandstorm\n|upkeep\n|turn|2\n|j| ChinaDragonVGC\n|l| ChinaDragonVGC\n|inactive|big raina has 30 seconds left.\n|\n|t:|1731782002\n|-terastallize|p1b: Dragonite|Flying\n|-terastallize|p2b: Ursaluna|Poison\n|move|p2a: Grimmsnarl|Thunder Wave|p1b: Dragonite\n|-status|p1b: Dragonite|par\n|move|p1a: Tyranitar|Brick Break|p2b: Ursaluna\n|-resisted|p2b: Ursaluna\n|-damage|p2b: Ursaluna|43\/100\n|move|p2b: Ursaluna|Earth Power|p1a: Tyranitar\n|-supereffective|p1a: Tyranitar\n|-damage|p1a: Tyranitar|16\/100\n|cant|p1b: Dragonite|par\n|\n|-weather|Sandstorm|[upkeep]\n|-damage|p2b: Ursaluna|37\/100|[from] Sandstorm\n|-damage|p2a: Grimmsnarl|89\/100|[from] Sandstorm\n|-damage|p1b: Dragonite|89\/100 par|[from] Sandstorm\n|upkeep\n|turn|3\n|j| ChinaDragonVGC\n|\n|t:|1731782014\n|move|p2b: Ursaluna|Vacuum Wave|p1a: Tyranitar\n|-supereffective|p1a: Tyranitar\n|-damage|p1a: Tyranitar|0 fnt\n|faint|p1a: Tyranitar\n|move|p2a: Grimmsnarl|Reflect|p2a: Grimmsnarl\n|-sidestart|p2: big raina|Reflect\n|move|p1b: Dragonite|Tera Blast|p2b: Ursaluna|[anim] Tera Blast Flying\n|-damage|p2b: Ursaluna|0 fnt\n|faint|p2b: Ursaluna\n|\n|-weather|Sandstorm|[upkeep]\n|-damage|p2a: Grimmsnarl|83\/100|[from] Sandstorm\n|-damage|p1b: Dragonite|83\/100 par|[from] Sandstorm\n|upkeep\n|\n|t:|1731782029\n|switch|p1a: Murkrow|Murkrow, L50, M|100\/100\n|switch|p2b: Dragonite|Dragonite, L50, M|100\/100\n|turn|4\n|\n|t:|1731782041\n|move|p1a: Murkrow|Tailwind|p1a: Murkrow\n|-sidestart|p1: vgclth elowyn|move: Tailwind\n|move|p2b: Dragonite|Scale Shot|p1b: Dragonite\n|-damage|p1b: Dragonite|66\/100 par\n|-damage|p1b: Dragonite|50\/100 par\n|-damage|p1b: Dragonite|32\/100 par\n|-damage|p1b: Dragonite|15\/100 par\n|-hitcount|p1b: Dragonite|4\n|-unboost|p2b: Dragonite|def|1\n|-boost|p2b: Dragonite|spe|1\n|cant|p1b: Dragonite|par\n|move|p2a: Grimmsnarl|Foul Play|p1b: Dragonite\n|-damage|p1b: Dragonite|0 fnt\n|faint|p1b: Dragonite\n|\n|-weather|Sandstorm|[upkeep]\n|-damage|p1a: Murkrow|95\/100|[from] Sandstorm\n|-damage|p2b: Dragonite|95\/100|[from] Sandstorm\n|-damage|p2a: Grimmsnarl|77\/100|[from] Sandstorm\n|upkeep\n|\n|t:|1731782045\n|switch|p1b: Gholdengo|Gholdengo, L50|100\/100\n|turn|5\n|\n|t:|1731782054\n|move|p2a: Grimmsnarl|Light Screen|p2a: Grimmsnarl\n|-sidestart|p2: big raina|move: Light Screen\n|move|p1b: Gholdengo|Make It Rain|p2a: Grimmsnarl|[spread] p2a,p2b\n|-supereffective|p2a: Grimmsnarl\n|-damage|p2a: Grimmsnarl|0 fnt\n|-damage|p2b: Dragonite|41\/100\n|-unboost|p1b: Gholdengo|spa|1\n|faint|p2a: Grimmsnarl\n|move|p1a: Murkrow|Brave Bird|p2b: Dragonite\n|-damage|p2b: Dragonite|0 fnt\n|faint|p2b: Dragonite\n|-damage|p1a: Murkrow|81\/100|[from] Recoil\n|\n|-weather|none\n|upkeep\n|\n|t:|1731782058\n|switch|p2b: Kommo-o|Kommo-o, L50, F|100\/100\n|turn|6\n|\n|t:|1731782068\n|move|p1b: Gholdengo|Make It Rain|p2b: Kommo-o\n|-damage|p2b: Kommo-o|53\/100\n|-unboost|p1b: Gholdengo|spa|1\n|move|p1a: Murkrow|Brave Bird|p2b: Kommo-o\n|-supereffective|p2b: Kommo-o\n|-damage|p2b: Kommo-o|10\/100\n|-damage|p1a: Murkrow|67\/100|[from] Recoil\n|move|p2b: Kommo-o|Flamethrower|p1b: Gholdengo\n|-supereffective|p1b: Gholdengo\n|-damage|p1b: Gholdengo|33\/100\n|\n|upkeep\n|turn|7\n|l| ChinaDragonVGC\n|\n|t:|1731782079\n|move|p1b: Gholdengo|Make It Rain|p2b: Kommo-o\n|-damage|p2b: Kommo-o|0 fnt\n|-unboost|p1b: Gholdengo|spa|1\n|faint|p2b: Kommo-o\n|\n|win|vgclth elowyn\n|raw|vgclth elowyn's rating: 1709 &rarr; <strong>1730<\/strong><br \/>(+21 for winning)\n|raw|big raina's rating: 1733 &rarr; <strong>1712<\/strong><br \/>(-21 for losing)\n|l|\u2606big raina\n|player|p2|\n","uploadtime":1731782238,"views":17,"formatid":"gen9vgc2024regh","rating":1712,"private":0,"password":null}