{"id":"gen9vgc2024regh-2245522157","format":"[Gen 9] VGC 2024 Reg H","players":["lightwatt","VGCLTH fangame"],"log":"|j|\u2606lightwatt\n|j|\u2606VGCLTH fangame\n|t:|1731839131\n|gametype|doubles\n|player|p1|lightwatt|palmer|1656\n|player|p2|VGCLTH fangame|red|1791\n|teamsize|p1|6\n|teamsize|p2|6\n|gen|9\n|tier|[Gen 9] VGC 2024 Reg H\n|rated|\n|rule|Species Clause: Limit one of each Pok\u00e9mon\n|rule|Item Clause: Limit 1 of each item\n|clearpoke\n|poke|p1|Gothitelle, L50, F|\n|poke|p1|Amoonguss, L50, F|\n|poke|p1|Ursaluna-Bloodmoon, L50, M|\n|poke|p1|Tyranitar, L50, M|\n|poke|p1|Sneasler, L50, M|\n|poke|p1|Kingambit, L50, F|\n|poke|p2|Glaceon, L50, F|\n|poke|p2|Ninetales-Alola, L50, F|\n|poke|p2|Milotic, L50, M|\n|poke|p2|Incineroar, L50, F|\n|poke|p2|Ursaluna-Bloodmoon, L50, M|\n|poke|p2|Annihilape, L50, F|\n|teampreview|4\n|inactive|Battle timer is ON: inactive players will automatically lose when time's up. (requested by VGCLTH fangame)\n|inactive|lightwatt also wants the timer to be on.\n|inactive|lightwatt has 60 seconds left.\n|\n|t:|1731839169\n|start\n|switch|p1a: Gothitelle|Gothitelle, L50, F|100\/100\n|switch|p1b: Sneasler|Sneasler, L50, M|100\/100\n|switch|p2a: Annihilape|Annihilape, L50, F, shiny|100\/100\n|switch|p2b: Ninetales|Ninetales-Alola, L50, F, shiny|100\/100\n|-weather|Snow|[from] ability: Snow Warning|[of] p2b: Ninetales\n|turn|1\n|\n|t:|1731839187\n|-terastallize|p2b: Ninetales|Ghost\n|move|p1a: Gothitelle|Helping Hand|p1b: Sneasler\n|-singleturn|p1b: Sneasler|Helping Hand|[of] p1a: Gothitelle\n|move|p1b: Sneasler|Dire Claw|p2b: Ninetales\n|-resisted|p2b: Ninetales\n|-damage|p2b: Ninetales|53\/100\n|-status|p2b: Ninetales|psn|[from] ability: Poison Touch|[of] p1b: Sneasler\n|move|p2b: Ninetales|Icicle Spear|p2a: Annihilape\n|-damage|p2a: Annihilape|94\/100\n|-damage|p2a: Annihilape|88\/100\n|-damage|p2a: Annihilape|82\/100\n|-damage|p2a: Annihilape|76\/100\n|-hitcount|p2a: Annihilape|4\n|move|p2a: Annihilape|Rage Fist|p1a: Gothitelle\n|-supereffective|p1a: Gothitelle\n|-damage|p1a: Gothitelle|0 fnt\n|faint|p1a: Gothitelle\n|\n|-weather|Snow|[upkeep]\n|-heal|p2a: Annihilape|82\/100|[from] item: Leftovers\n|-damage|p2b: Ninetales|40\/100 psn|[from] psn\n|upkeep\n|inactive|lightwatt has 30 seconds left.\n|inactive|lightwatt has 20 seconds left.\n|\n|t:|1731839225\n|switch|p1a: Ursaluna|Ursaluna-Bloodmoon, L50, M|100\/100\n|turn|2\n|inactive|lightwatt has 30 seconds left.\n|\n|t:|1731839254\n|-terastallize|p1a: Ursaluna|Ghost\n|move|p2a: Annihilape|Protect|p2a: Annihilape\n|-singleturn|p2a: Annihilape|Protect\n|move|p1b: Sneasler|Dire Claw|p2a: Annihilape\n|-activate|p2a: Annihilape|move: Protect\n|move|p2b: Ninetales|Blizzard|p1a: Ursaluna|[spread] p1a,p1b\n|-damage|p1a: Ursaluna|68\/100\n|-damage|p1b: Sneasler|62\/100\n|move|p1a: Ursaluna|Hyper Voice|p2b: Ninetales|[spread] p2b\n|-activate|p2a: Annihilape|move: Protect\n|-damage|p2b: Ninetales|0 fnt\n|faint|p2b: Ninetales\n|-damage|p1a: Ursaluna|58\/100|[from] item: Life Orb\n|\n|-weather|Snow|[upkeep]\n|-heal|p2a: Annihilape|88\/100|[from] item: Leftovers\n|upkeep\n|\n|t:|1731839261\n|switch|p2b: Milotic|Milotic, L50, M, shiny|100\/100\n|turn|3\n|\n|t:|1731839275\n|switch|p1a: Tyranitar|Tyranitar, L50, M|100\/100\n|-weather|Sandstorm|[from] ability: Sand Stream|[of] p1a: Tyranitar\n|move|p1b: Sneasler|Dire Claw|p2a: Annihilape\n|-resisted|p2a: Annihilape\n|-damage|p2a: Annihilape|65\/100\n|-status|p2a: Annihilape|par\n|move|p2b: Milotic|Coil|p2b: Milotic\n|-boost|p2b: Milotic|atk|1\n|-boost|p2b: Milotic|def|1\n|-boost|p2b: Milotic|accuracy|1\n|move|p2a: Annihilape|Rage Fist|p1a: Tyranitar\n|-resisted|p1a: Tyranitar\n|-damage|p1a: Tyranitar|48\/100\n|\n|-weather|Sandstorm|[upkeep]\n|-damage|p1b: Sneasler|56\/100|[from] Sandstorm\n|-damage|p2b: Milotic|94\/100|[from] Sandstorm\n|-damage|p2a: Annihilape|59\/100 par|[from] Sandstorm\n|-heal|p2a: Annihilape|65\/100 par|[from] item: Leftovers\n|upkeep\n|turn|4\n|\n|t:|1731839292\n|move|p1b: Sneasler|Dire Claw|p2b: Milotic\n|-damage|p2b: Milotic|61\/100\n|-status|p2b: Milotic|par\n|move|p1a: Tyranitar|Knock Off|p2a: Annihilape\n|-damage|p2a: Annihilape|13\/100 par\n|-enditem|p2a: Annihilape|Leftovers|[from] move: Knock Off|[of] p1a: Tyranitar\n|move|p2a: Annihilape|Rage Fist|p1b: Sneasler\n|-damage|p1b: Sneasler|0 fnt\n|faint|p1b: Sneasler\n|move|p2b: Milotic|Hypnosis|p1a: Tyranitar\n|-status|p1a: Tyranitar|slp|[from] move: Hypnosis\n|\n|-weather|Sandstorm|[upkeep]\n|-damage|p2a: Annihilape|7\/100 par|[from] Sandstorm\n|-damage|p2b: Milotic|55\/100 par|[from] Sandstorm\n|upkeep\n|\n|t:|1731839299\n|switch|p1b: Ursaluna|Ursaluna-Bloodmoon, L50, M, tera:Ghost|58\/100\n|turn|5\n|\n|t:|1731839305\n|move|p1b: Ursaluna|Protect|p1b: Ursaluna\n|-singleturn|p1b: Ursaluna|Protect\n|cant|p1a: Tyranitar|slp\n|cant|p2a: Annihilape|par\n|move|p2b: Milotic|Hypnosis|p1b: Ursaluna\n|-activate|p1b: Ursaluna|move: Protect\n|\n|-weather|Sandstorm|[upkeep]\n|-damage|p2a: Annihilape|1\/100 par|[from] Sandstorm\n|-damage|p2b: Milotic|49\/100 par|[from] Sandstorm\n|-damage|p1b: Ursaluna|52\/100|[from] Sandstorm\n|-enditem|p2b: Milotic|Sitrus Berry|[eat]\n|-heal|p2b: Milotic|74\/100 par|[from] item: Sitrus Berry\n|upkeep\n|turn|6\n|\n|t:|1731839322\n|cant|p1a: Tyranitar|slp\n|cant|p2a: Annihilape|par\n|move|p2b: Milotic|Hypnosis|p1b: Ursaluna|[miss]\n|-miss|p2b: Milotic|p1b: Ursaluna\n|move|p1b: Ursaluna|Hyper Voice|p2b: Milotic|[spread] p2a,p2b\n|-damage|p2a: Annihilape|0 fnt\n|-damage|p2b: Milotic|44\/100 par\n|faint|p2a: Annihilape\n|-damage|p1b: Ursaluna|43\/100|[from] item: Life Orb\n|\n|-weather|Sandstorm|[upkeep]\n|-damage|p2b: Milotic|37\/100 par|[from] Sandstorm\n|-damage|p1b: Ursaluna|37\/100|[from] Sandstorm\n|upkeep\n|\n|t:|1731839325\n|switch|p2a: Ursaluna|Ursaluna-Bloodmoon, L50, M|100\/100\n|turn|7\n|\n|t:|1731839339\n|cant|p1a: Tyranitar|slp\n|move|p2a: Ursaluna|Earth Power|p1a: Tyranitar\n|-supereffective|p1a: Tyranitar\n|-damage|p1a: Tyranitar|3\/100 slp\n|-unboost|p1a: Tyranitar|spd|1\n|move|p2b: Milotic|Muddy Water|p1b: Ursaluna|[spread] p1a,p1b\n|-supereffective|p1a: Tyranitar\n|-damage|p1a: Tyranitar|0 fnt\n|-damage|p1b: Ursaluna|12\/100\n|faint|p1a: Tyranitar\n|move|p1b: Ursaluna|Blood Moon|p2a: Ursaluna\n|-crit|p2a: Ursaluna\n|-damage|p2a: Ursaluna|0 fnt\n|faint|p2a: Ursaluna\n|-damage|p1b: Ursaluna|2\/100|[from] item: Life Orb\n|\n|-weather|none\n|upkeep\n|turn|8\n|\n|t:|1731839353\n|move|p1b: Ursaluna|Protect|p1b: Ursaluna\n|-singleturn|p1b: Ursaluna|Protect\n|move|p2b: Milotic|Muddy Water|p1b: Ursaluna\n|-activate|p1b: Ursaluna|move: Protect\n|\n|upkeep\n|turn|9\n|\n|t:|1731839358\n|cant|p2b: Milotic|par\n|move|p1b: Ursaluna|Blood Moon|p2b: Milotic\n|-damage|p2b: Milotic|0 fnt\n|faint|p2b: Milotic\n|-damage|p1b: Ursaluna|0 fnt|[from] item: Life Orb\n|faint|p1b: Ursaluna\n|\n|win|lightwatt\n|raw|lightwatt's rating: 1656 &rarr; <strong>1683<\/strong><br \/>(+27 for winning)\n|raw|VGCLTH fangame's rating: 1791 &rarr; <strong>1764<\/strong><br \/>(-27 for losing)\n|l|\u2606VGCLTH fangame\n|player|p2|\n","uploadtime":1731839558,"views":22,"formatid":"gen9vgc2024regh","rating":1683,"private":0,"password":null}