{"id":"gen9vgc2024regh-2245874002","format":"[Gen 9] VGC 2024 Reg H","players":["VGCLTH Sac gaming","vgclth souly"],"log":"|raw|<div class=\"broadcast-blue\"><strong>This battle is required to be public due to a player having a name starting with 'vgclth'.<\/div>\n|j|\u2606VGCLTH Sac gaming\n|j|\u2606vgclth souly\n|t:|1731887082\n|gametype|doubles\n|player|p1|VGCLTH Sac gaming|steven|1747\n|player|p2|vgclth souly|#smogonxnpa2024draftee|1833\n|teamsize|p1|6\n|teamsize|p2|6\n|gen|9\n|tier|[Gen 9] VGC 2024 Reg H\n|rated|\n|rule|Species Clause: Limit one of each Pok\u00e9mon\n|rule|Item Clause: Limit 1 of each item\n|clearpoke\n|poke|p1|Whimsicott, L50, F|\n|poke|p1|Dragonite, L50, F|\n|poke|p1|Ursaluna-Bloodmoon, L50, M|\n|poke|p1|Gholdengo, L50|\n|poke|p1|Incineroar, L50, F|\n|poke|p1|Annihilape, L50, M|\n|poke|p2|Archaludon, L50, F|\n|poke|p2|Pelipper, L50, F|\n|poke|p2|Electabuzz, L50, F|\n|poke|p2|Kingambit, L50, M|\n|poke|p2|Rillaboom, L50, M|\n|poke|p2|Basculegion, L50, M|\n|teampreview|4\n|inactive|Battle timer is ON: inactive players will automatically lose when time's up. (requested by vgclth souly)\n|j| SantiXtreme_01\n|c| SantiXtreme_01|Hi souly\n|\n|t:|1731887103\n|start\n|switch|p1a: Whimsicott|Whimsicott, L50, F|100\/100\n|switch|p1b: Annihilape|Annihilape, L50, M|100\/100\n|switch|p2a: Pelipper|Pelipper, L50, F|100\/100\n|switch|p2b: Basculegion|Basculegion, L50, M|100\/100\n|-weather|RainDance|[from] ability: Drizzle|[of] p2a: Pelipper\n|turn|1\n|c| SantiXtreme_01|remember me\n|c|\u2606vgclth souly|No\n|c| SantiXtreme_01|Form the ffa\n|c| SantiXtreme_01|from\n|j| mr pogostick\n|c| SantiXtreme_01|with sven\n|inactive|VGCLTH Sac gaming has 30 seconds left.\n|\n|t:|1731887133\n|move|p2b: Basculegion|Wave Crash|p1b: Annihilape\n|-damage|p1b: Annihilape|0 fnt\n|faint|p1b: Annihilape\n|-damage|p2b: Basculegion|67\/100|[from] Recoil\n|move|p1a: Whimsicott|Moonblast|p2b: Basculegion\n|-damage|p2b: Basculegion|28\/100\n|-unboost|p2b: Basculegion|spa|1\n|move|p2a: Pelipper|Tailwind|p2a: Pelipper\n|-sidestart|p2: vgclth souly|move: Tailwind\n|\n|-weather|RainDance|[upkeep]\n|upkeep\n|c|\u2606vgclth souly|What\n|c| SantiXtreme_01|I think cuz of the avatar\n|c| SantiXtreme_01|nvm\n|\n|t:|1731887146\n|switch|p1b: Dragonite|Dragonite, L50, F|100\/100\n|turn|2\n|c|\u2606vgclth souly|Oh ye a lot of people have it\n|\n|t:|1731887158\n|move|p1a: Whimsicott|Encore|p2a: Pelipper\n|-start|p2a: Pelipper|Encore\n|move|p2b: Basculegion|Wave Crash|p1a: Whimsicott\n|-resisted|p1a: Whimsicott\n|-damage|p1a: Whimsicott|4\/100\n|-damage|p2b: Basculegion|6\/100|[from] Recoil\n|move|p2a: Pelipper|Tailwind||[still]\n|-fail|p2a: Pelipper\n|move|p1b: Dragonite|Scale Shot|p2b: Basculegion\n|-damage|p2b: Basculegion|0 fnt\n|faint|p2b: Basculegion\n|-hitcount|p2: Basculegion|1\n|-unboost|p1b: Dragonite|def|1\n|-boost|p1b: Dragonite|spe|1\n|\n|-weather|RainDance|[upkeep]\n|upkeep\n|\n|t:|1731887161\n|switch|p2b: Archaludon|Archaludon, L50, F|100\/100\n|turn|3\n|c| SantiXtreme_01|Yeah nvm\n|c| SantiXtreme_01|srry\n|\n|t:|1731887175\n|switch|p2a: Rillaboom|Rillaboom, L50, M|100\/100\n|-fieldstart|move: Grassy Terrain|[from] ability: Grassy Surge|[of] p2a: Rillaboom\n|move|p1a: Whimsicott|Tailwind|p1a: Whimsicott\n|-sidestart|p1: VGCLTH Sac gaming|move: Tailwind\n|move|p1b: Dragonite|Scale Shot|p2a: Rillaboom\n|-damage|p2a: Rillaboom|86\/100\n|-damage|p2a: Rillaboom|72\/100\n|-damage|p2a: Rillaboom|59\/100\n|-damage|p2a: Rillaboom|45\/100\n|-hitcount|p2a: Rillaboom|4\n|-unboost|p1b: Dragonite|def|1\n|-boost|p1b: Dragonite|spe|1\n|move|p2b: Archaludon|Electro Shot||[still]\n|-prepare|p2b: Archaludon|Electro Shot\n|-boost|p2b: Archaludon|spa|1\n|-anim|p2b: Archaludon|Electro Shot|p1b: Dragonite\n|-damage|p1b: Dragonite|72\/100\n|\n|-weather|RainDance|[upkeep]\n|-heal|p1a: Whimsicott|10\/100|[from] Grassy Terrain\n|-heal|p2a: Rillaboom|51\/100|[from] Grassy Terrain\n|upkeep\n|turn|4\n|inactive|VGCLTH Sac gaming has 30 seconds left.\n|inactive|VGCLTH Sac gaming has 20 seconds left.\n|\n|t:|1731887211\n|move|p1b: Dragonite|Protect|p1b: Dragonite\n|-singleturn|p1b: Dragonite|Protect\n|move|p2a: Rillaboom|Grassy Glide|p1a: Whimsicott\n|-resisted|p1a: Whimsicott\n|-damage|p1a: Whimsicott|0 fnt\n|faint|p1a: Whimsicott\n|move|p2b: Archaludon|Electro Shot||[still]\n|-prepare|p2b: Archaludon|Electro Shot\n|-boost|p2b: Archaludon|spa|1\n|-anim|p2b: Archaludon|Electro Shot|p1b: Dragonite\n|-activate|p1b: Dragonite|move: Protect\n|\n|-weather|RainDance|[upkeep]\n|-heal|p2a: Rillaboom|57\/100|[from] Grassy Terrain\n|-sideend|p2: vgclth souly|move: Tailwind\n|upkeep\n|\n|t:|1731887219\n|switch|p1a: Gholdengo|Gholdengo, L50|100\/100\n|turn|5\n|inactive|vgclth souly has 30 seconds left.\n|\n|t:|1731887245\n|-terastallize|p1a: Gholdengo|Steel\n|-terastallize|p2a: Rillaboom|Fire\n|move|p1b: Dragonite|Scale Shot|p2b: Archaludon\n|-damage|p2b: Archaludon|91\/100\n|-ability|p2b: Archaludon|Stamina|boost\n|-boost|p2b: Archaludon|def|1\n|-damage|p2b: Archaludon|82\/100\n|-ability|p2b: Archaludon|Stamina|boost\n|-boost|p2b: Archaludon|def|1\n|-damage|p2b: Archaludon|77\/100\n|-ability|p2b: Archaludon|Stamina|boost\n|-boost|p2b: Archaludon|def|1\n|-damage|p2b: Archaludon|72\/100\n|-ability|p2b: Archaludon|Stamina|boost\n|-boost|p2b: Archaludon|def|1\n|-damage|p2b: Archaludon|69\/100\n|-ability|p2b: Archaludon|Stamina|boost\n|-boost|p2b: Archaludon|def|1\n|-hitcount|p2b: Archaludon|5\n|-unboost|p1b: Dragonite|def|1\n|-boost|p1b: Dragonite|spe|1\n|move|p1a: Gholdengo|Make It Rain|p2b: Archaludon|[spread] p2a,p2b\n|-resisted|p2a: Rillaboom\n|-crit|p2a: Rillaboom\n|-resisted|p2b: Archaludon\n|-damage|p2a: Rillaboom|0 fnt\n|-damage|p2b: Archaludon|23\/100\n|-unboost|p1a: Gholdengo|spa|1\n|-ability|p2b: Archaludon|Stamina|boost\n|-boost|p2b: Archaludon|def|1\n|faint|p2a: Rillaboom\n|move|p2b: Archaludon|Electro Shot||[still]\n|-prepare|p2b: Archaludon|Electro Shot\n|-boost|p2b: Archaludon|spa|1\n|-anim|p2b: Archaludon|Electro Shot|p1a: Gholdengo\n|-damage|p1a: Gholdengo|0 fnt\n|faint|p1a: Gholdengo\n|\n|-weather|none\n|-heal|p2b: Archaludon|30\/100|[from] Grassy Terrain\n|-heal|p2b: Archaludon|36\/100|[from] item: Leftovers\n|upkeep\n|\n|t:|1731887253\n|switch|p2a: Pelipper|Pelipper, L50, F|100\/100\n|-weather|RainDance|[from] ability: Drizzle|[of] p2a: Pelipper\n|turn|6\n|inactive|VGCLTH Sac gaming has 30 seconds left.\n|\n|t:|1731887278\n|move|p1b: Dragonite|Scale Shot|p2a: Pelipper\n|-damage|p2a: Pelipper|82\/100\n|-damage|p2a: Pelipper|60\/100\n|-damage|p2a: Pelipper|38\/100\n|-damage|p2a: Pelipper|17\/100\n|-hitcount|p2a: Pelipper|4\n|-unboost|p1b: Dragonite|def|1\n|-boost|p1b: Dragonite|spe|1\n|move|p2a: Pelipper|Hurricane|p1b: Dragonite\n|-damage|p1b: Dragonite|21\/100\n|move|p2b: Archaludon|Electro Shot||[still]\n|-prepare|p2b: Archaludon|Electro Shot\n|-boost|p2b: Archaludon|spa|1\n|-anim|p2b: Archaludon|Electro Shot|p1b: Dragonite\n|-damage|p1b: Dragonite|0 fnt\n|faint|p1b: Dragonite\n|\n|win|vgclth souly\n|raw|VGCLTH Sac gaming's rating: 1747 &rarr; <strong>1732<\/strong><br \/>(-15 for losing)\n|raw|vgclth souly's rating: 1833 &rarr; <strong>1848<\/strong><br \/>(+15 for winning)\n|c|\u2606VGCLTH Sac gaming|gg\n","uploadtime":1731887286,"views":19,"formatid":"gen9vgc2024regh","rating":1732,"private":0,"password":null}