{"id":"gen9vgc2024regh-2245244145","format":"[Gen 9] VGC 2024 Reg H","players":["VolanR","ThiccestAppletun"],"log":"|j|\u2606VolanR\n|j|\u2606ThiccestAppletun\n|t:|1731794508\n|gametype|doubles\n|player|p1|VolanR|emmet|1650\n|player|p2|ThiccestAppletun|265|1752\n|teamsize|p1|6\n|teamsize|p2|6\n|gen|9\n|tier|[Gen 9] VGC 2024 Reg H\n|rated|\n|rule|Species Clause: Limit one of each Pok\u00e9mon\n|rule|Item Clause: Limit 1 of each item\n|clearpoke\n|poke|p1|Archaludon, L50, F|\n|poke|p1|Pelipper, L50, F|\n|poke|p1|Sinistcha, L50|\n|poke|p1|Gholdengo, L50|\n|poke|p1|Ursaluna, L50, M|\n|poke|p1|Dragonite, L50, F|\n|poke|p2|Dondozo, L50, M|\n|poke|p2|Tatsugiri, L50, M|\n|poke|p2|Pelipper, L50, F|\n|poke|p2|Archaludon, L50, M|\n|poke|p2|Rillaboom, L50, M|\n|poke|p2|Pawmot, L50, F|\n|teampreview|4\n|j| blyng\nVolanR has agreed to open team sheets.\nThiccestAppletun rejected open team sheets.\n|inactive|Battle timer is ON: inactive players will automatically lose when time's up. (requested by ThiccestAppletun)\n|inactive|VolanR has 60 seconds left.\n|\n|t:|1731794574\n|start\n|switch|p1a: Sinistcha|Sinistcha, L50|100\/100\n|switch|p1b: Dragonite|Dragonite, L50, F|100\/100\n|switch|p2a: Pelipper|Pelipper, L50, F|100\/100\n|switch|p2b: Archaludon|Archaludon, L50, M|100\/100\n|-weather|RainDance|[from] ability: Drizzle|[of] p2a: Pelipper\n|turn|1\n|inactive|VolanR has 30 seconds left.\n|inactive|ThiccestAppletun has 30 seconds left.\n|inactive|VolanR has 20 seconds left.\n|inactive|ThiccestAppletun has 20 seconds left.\n|\n|t:|1731794617\n|move|p1b: Dragonite|Scale Shot|p2a: Pelipper|[miss]\n|-miss|p1b: Dragonite|p2a: Pelipper\n|move|p2b: Archaludon|Draco Meteor|p1a: Sinistcha\n|-damage|p1a: Sinistcha|42\/100\n|-unboost|p2b: Archaludon|spa|2\n|-enditem|p1a: Sinistcha|Sitrus Berry|[eat]\n|-heal|p1a: Sinistcha|66\/100|[from] item: Sitrus Berry\n|move|p2a: Pelipper|Hurricane|p1a: Sinistcha\n|-supereffective|p1a: Sinistcha\n|-damage|p1a: Sinistcha|0 fnt\n|faint|p1a: Sinistcha\n|\n|-weather|RainDance|[upkeep]\n|upkeep\n|\n|t:|1731794630\n|switch|p1a: Archaludon|Archaludon, L50, F|100\/100\n|turn|2\n|\n|t:|1731794647\n|-terastallize|p2a: Pelipper|Steel\n|move|p1b: Dragonite|Scale Shot|p2a: Pelipper\n|-resisted|p2a: Pelipper\n|-damage|p2a: Pelipper|92\/100\n|-resisted|p2a: Pelipper\n|-damage|p2a: Pelipper|83\/100\n|-resisted|p2a: Pelipper\n|-damage|p2a: Pelipper|75\/100\n|-resisted|p2a: Pelipper\n|-damage|p2a: Pelipper|67\/100\n|-resisted|p2a: Pelipper\n|-damage|p2a: Pelipper|58\/100\n|-hitcount|p2a: Pelipper|5\n|-unboost|p1b: Dragonite|def|1\n|-boost|p1b: Dragonite|spe|1\n|move|p2b: Archaludon|Electro Shot||[still]\n|-prepare|p2b: Archaludon|Electro Shot\n|-boost|p2b: Archaludon|spa|1\n|-anim|p2b: Archaludon|Electro Shot|p1b: Dragonite\n|-damage|p1b: Dragonite|86\/100\n|move|p1a: Archaludon|Electro Shot||[still]\n|-prepare|p1a: Archaludon|Electro Shot\n|-boost|p1a: Archaludon|spa|1\n|-anim|p1a: Archaludon|Electro Shot|p2a: Pelipper\n|-damage|p2a: Pelipper|0 fnt\n|faint|p2a: Pelipper\n|\n|-weather|RainDance|[upkeep]\n|upkeep\n|inactive|ThiccestAppletun has 30 seconds left.\n|\n|t:|1731794677\n|switch|p2a: Dondozo|Dondozo, L50, M|100\/100\n|turn|3\n|\n|t:|1731794703\n|-terastallize|p1b: Dragonite|Fairy\n|move|p2a: Dondozo|Protect|p2a: Dondozo\n|-singleturn|p2a: Dondozo|Protect\n|move|p1b: Dragonite|Scale Shot|p2b: Archaludon\n|-damage|p2b: Archaludon|89\/100\n|-ability|p2b: Archaludon|Stamina|boost\n|-boost|p2b: Archaludon|def|1\n|-crit|p2b: Archaludon\n|-damage|p2b: Archaludon|72\/100\n|-ability|p2b: Archaludon|Stamina|boost\n|-boost|p2b: Archaludon|def|1\n|-damage|p2b: Archaludon|65\/100\n|-ability|p2b: Archaludon|Stamina|boost\n|-boost|p2b: Archaludon|def|1\n|-damage|p2b: Archaludon|60\/100\n|-ability|p2b: Archaludon|Stamina|boost\n|-boost|p2b: Archaludon|def|1\n|-damage|p2b: Archaludon|57\/100\n|-ability|p2b: Archaludon|Stamina|boost\n|-boost|p2b: Archaludon|def|1\n|-hitcount|p2b: Archaludon|5\n|-unboost|p1b: Dragonite|def|1\n|-boost|p1b: Dragonite|spe|1\n|move|p2b: Archaludon|Draco Meteor|p1b: Dragonite\n|-immune|p1b: Dragonite\n|move|p1a: Archaludon|Electro Shot||[still]\n|-prepare|p1a: Archaludon|Electro Shot\n|-boost|p1a: Archaludon|spa|1\n|-anim|p1a: Archaludon|Electro Shot|p2a: Dondozo\n|-activate|p2a: Dondozo|move: Protect\n|\n|-weather|RainDance|[upkeep]\n|upkeep\n|turn|4\n|\n|t:|1731794718\n|switch|p2b: Tatsugiri|Tatsugiri, L50, M|100\/100\n|-activate|p2b: Tatsugiri|ability: Commander|[of] p2a: Dondozo\n|-boost|p2a: Dondozo|atk|2\n|-boost|p2a: Dondozo|spa|2\n|-boost|p2a: Dondozo|spe|2\n|-boost|p2a: Dondozo|def|2\n|-boost|p2a: Dondozo|spd|2\n|move|p1b: Dragonite|Haze|p1b: Dragonite\n|-clearallboost\n|move|p1a: Archaludon|Electro Shot||[still]\n|-prepare|p1a: Archaludon|Electro Shot\n|-boost|p1a: Archaludon|spa|1\n|-anim|p1a: Archaludon|Electro Shot|p2a: Dondozo\n|-supereffective|p2a: Dondozo\n|-damage|p2a: Dondozo|14\/100\n|move|p2a: Dondozo|Surf|p1a: Archaludon|[spread] p1a,p1b\n|-miss|p2a: Dondozo|p2b: Tatsugiri\n|-resisted|p1a: Archaludon\n|-damage|p1a: Archaludon|84\/100\n|-damage|p1b: Dragonite|37\/100\n|-ability|p1a: Archaludon|Stamina|boost\n|-boost|p1a: Archaludon|def|1\n|\n|-weather|RainDance|[upkeep]\n|upkeep\n|turn|5\n|\n|t:|1731794740\n|move|p1b: Dragonite|Extreme Speed|p2a: Dondozo\n|-crit|p2a: Dondozo\n|-damage|p2a: Dondozo|0 fnt\n|faint|p2a: Dondozo\n|move|p1a: Archaludon|Electro Shot||[still]\n|-prepare|p1a: Archaludon|Electro Shot\n|-boost|p1a: Archaludon|spa|1\n|-anim|p1a: Archaludon|Electro Shot|p2b: Tatsugiri\n|-damage|p2b: Tatsugiri|0 fnt\n|faint|p2b: Tatsugiri\n|\n|-weather|none\n|upkeep\n|-message|ThiccestAppletun forfeited.\n|\n|win|VolanR\n|raw|VolanR's rating: 1650 &rarr; <strong>1676<\/strong><br \/>(+26 for winning)\n|raw|ThiccestAppletun's rating: 1752 &rarr; <strong>1726<\/strong><br \/>(-26 for losing)\n|l|\u2606ThiccestAppletun\n|player|p2|\n|c|\u2606VolanR|gg\n|l|\u2606VolanR\n|player|p1|\n|l| blyng\n","uploadtime":1731794927,"views":15,"formatid":"gen9vgc2024regh","rating":1676,"private":0,"password":null}