{"id":"gen9vgc2024regh-2245834606","format":"[Gen 9] VGC 2024 Reg H","players":["thacrow","VGCLTH Sac gaming"],"log":"|j|\u2606thacrow\n|j|\u2606VGCLTH Sac gaming\n|t:|1731882234\n|gametype|doubles\n|player|p1|thacrow|wallace-masters|1721\n|player|p2|VGCLTH Sac gaming|steven|1807\n|teamsize|p1|6\n|teamsize|p2|6\n|gen|9\n|tier|[Gen 9] VGC 2024 Reg H\n|rated|\n|rule|Species Clause: Limit one of each Pok\u00e9mon\n|rule|Item Clause: Limit 1 of each item\n|clearpoke\n|poke|p1|Ceruledge, L50, M|\n|poke|p1|Gastrodon-East, L50, F|\n|poke|p1|Sneasler, L50, F|\n|poke|p1|Dragonite, L50, M|\n|poke|p1|Rillaboom, L50, F|\n|poke|p1|Kingambit, L50, M|\n|poke|p2|Whimsicott, L50, M|\n|poke|p2|Dragonite, L50, F|\n|poke|p2|Ursaluna-Bloodmoon, L50, M|\n|poke|p2|Gholdengo, L50|\n|poke|p2|Incineroar, L50, F|\n|poke|p2|Annihilape, L50, F|\n|teampreview|4\n|c|\u2606thacrow|Oh\n|j| Tailwindmakeitrain\nthacrow has agreed to open team sheets.\nVGCLTH Sac gaming rejected open team sheets.\n|inactive|Battle timer is ON: inactive players will automatically lose when time's up. (requested by thacrow)\n|\n|t:|1731882339\n|start\n|switch|p1a: Kidturtle|Sneasler, L50, F, shiny|100\/100\n|switch|p1b: Godlyreal|Kingambit, L50, M|100\/100\n|switch|p2a: Annihilape|Annihilape, L50, F|100\/100\n|switch|p2b: Dragonite|Dragonite, L50, F|100\/100\n|turn|1\n|j| vgclth papaneth\n|\n|t:|1731882357\n|-terastallize|p1b: Godlyreal|Flying\n|move|p1a: Kidturtle|Fake Out|p2b: Dragonite\n|-damage|p2b: Dragonite|93\/100\n|move|p2a: Annihilape|Coaching|p2b: Dragonite\n|-boost|p2b: Dragonite|atk|1\n|-boost|p2b: Dragonite|def|1\n|cant|p2b: Dragonite|flinch\n|move|p1b: Godlyreal|Tera Blast|p2a: Annihilape|[anim] Tera Blast Flying\n|-supereffective|p2a: Annihilape\n|-damage|p2a: Annihilape|0 fnt\n|faint|p2a: Annihilape\n|\n|upkeep\n|inactive|VGCLTH Sac gaming has 30 seconds left.\n|inactive|VGCLTH Sac gaming has 20 seconds left.\n|\n|t:|1731882393\n|switch|p2a: Incineroar|Incineroar, L50, F|100\/100\n|-ability|p2a: Incineroar|Intimidate|boost\n|-unboost|p1a: Kidturtle|atk|1\n|-unboost|p1b: Godlyreal|atk|1\n|-ability|p1b: Godlyreal|Defiant|boost\n|-boost|p1b: Godlyreal|atk|2\n|-enditem|p2a: Incineroar|Mirror Herb\n|-boost|p2a: Incineroar|atk|2|[from] item: Mirror Herb\n|turn|2\n|j| mr pogostick\n|l| mr pogostick\n|\n|t:|1731882406\n|move|p2a: Incineroar|Fake Out|p1a: Kidturtle\n|-damage|p1a: Kidturtle|62\/100\n|move|p1b: Godlyreal|Sucker Punch||[still]\n|-fail|p1b: Godlyreal\n|cant|p1a: Kidturtle|flinch\n|move|p2b: Dragonite|Scale Shot|p1a: Kidturtle\n|-damage|p1a: Kidturtle|24\/100\n|-damage|p1a: Kidturtle|0 fnt\n|faint|p1a: Kidturtle\n|-hitcount|p1: Kidturtle|2\n|-unboost|p2b: Dragonite|def|1\n|-boost|p2b: Dragonite|spe|1\n|\n|upkeep\n|\n|t:|1731882412\n|switch|p1a: Main Flutter|Dragonite, L50, M, shiny|100\/100\n|turn|3\n|inactive|VGCLTH Sac gaming has 30 seconds left.\n|\n|t:|1731882439\n|move|p2b: Dragonite|Protect|p2b: Dragonite\n|-singleturn|p2b: Dragonite|Protect\n|move|p1a: Main Flutter|Extreme Speed|p2b: Dragonite\n|-activate|p2b: Dragonite|move: Protect\n|move|p1b: Godlyreal|Sucker Punch||[still]\n|-fail|p1b: Godlyreal\n|move|p2a: Incineroar|Flare Blitz|p1b: Godlyreal\n|-damage|p1b: Godlyreal|17\/100\n|-damage|p2a: Incineroar|73\/100|[from] Recoil\n|\n|upkeep\n|turn|4\n|j|%Tb0lt\n|inactive|VGCLTH Sac gaming has 30 seconds left.\n|\n|t:|1731882472\n|-terastallize|p2b: Dragonite|Steel\n|move|p2b: Dragonite|Extreme Speed|p1b: Godlyreal\n|-damage|p1b: Godlyreal|0 fnt\n|faint|p1b: Godlyreal\n|move|p1a: Main Flutter|Scale Shot|p2b: Dragonite\n|-resisted|p2b: Dragonite\n|-damage|p2b: Dragonite|86\/100\n|-resisted|p2b: Dragonite\n|-damage|p2b: Dragonite|78\/100\n|-resisted|p2b: Dragonite\n|-damage|p2b: Dragonite|70\/100\n|-resisted|p2b: Dragonite\n|-damage|p2b: Dragonite|62\/100\n|-resisted|p2b: Dragonite\n|-damage|p2b: Dragonite|54\/100\n|-hitcount|p2b: Dragonite|5\n|-unboost|p1a: Main Flutter|def|1\n|-boost|p1a: Main Flutter|spe|1\n|move|p2a: Incineroar|Knock Off|p1a: Main Flutter\n|-damage|p1a: Main Flutter|36\/100\n|-enditem|p1a: Main Flutter|Loaded Dice|[from] move: Knock Off|[of] p2a: Incineroar\n|\n|upkeep\n|\n|t:|1731882476\n|switch|p1b: AdlrichYan|Rillaboom, L50, F|100\/100\n|-fieldstart|move: Grassy Terrain|[from] ability: Grassy Surge|[of] p1b: AdlrichYan\n|turn|5\n|j| ProssettiVGC\n|l|%Tb0lt\n|inactive|VGCLTH Sac gaming has 30 seconds left.\n|\n|t:|1731882504\n|switch|p2a: Ursaluna|Ursaluna-Bloodmoon, L50, M|100\/100\n|move|p2b: Dragonite|Protect|p2b: Dragonite\n|-singleturn|p2b: Dragonite|Protect\n|move|p1a: Main Flutter|Low Kick|p2a: Ursaluna\n|-supereffective|p2a: Ursaluna\n|-damage|p2a: Ursaluna|36\/100\n|move|p1b: AdlrichYan|High Horsepower|p2a: Ursaluna\n|-damage|p2a: Ursaluna|11\/100\n|\n|-heal|p2b: Dragonite|60\/100|[from] Grassy Terrain\n|-heal|p2a: Ursaluna|16\/100|[from] Grassy Terrain\n|upkeep\n|turn|6\n|inactive|VGCLTH Sac gaming has 30 seconds left.\n|inactive|VGCLTH Sac gaming has 20 seconds left.\n|\n|t:|1731882540\n|switch|p2a: Incineroar|Incineroar, L50, F|73\/100\n|-ability|p2a: Incineroar|Intimidate|boost\n|-unboost|p1a: Main Flutter|atk|1\n|-unboost|p1b: AdlrichYan|atk|1\n|move|p2b: Dragonite|Extreme Speed|p1a: Main Flutter\n|-damage|p1a: Main Flutter|0 fnt\n|faint|p1a: Main Flutter\n|move|p1b: AdlrichYan|High Horsepower|p2b: Dragonite\n|-supereffective|p2b: Dragonite\n|-damage|p2b: Dragonite|7\/100\n|\n|-heal|p2b: Dragonite|13\/100|[from] Grassy Terrain\n|-heal|p2a: Incineroar|79\/100|[from] Grassy Terrain\n|upkeep\n|turn|7\n|-message|thacrow forfeited.\n|\n|win|VGCLTH Sac gaming\n|raw|thacrow's rating: 1721 &rarr; <strong>1706<\/strong><br \/>(-15 for losing)\n|raw|VGCLTH Sac gaming's rating: 1807 &rarr; <strong>1822<\/strong><br \/>(+15 for winning)\n|l|\u2606thacrow\n|player|p1|\n|l|\u2606VGCLTH Sac gaming\n|player|p2|\n|l| vgclth papaneth\n|l| Tailwindmakeitrain\n","uploadtime":1731882548,"views":12,"formatid":"gen9vgc2024regh","rating":1706,"private":0,"password":null}