{"id":"gen9vgc2024regh-2245860227","format":"[Gen 9] VGC 2024 Reg H","players":["richzonDX","VGCLTH TnB"],"log":"|raw|<div class=\"broadcast-blue\"><strong>This battle is required to be public due to a player having a name starting with 'vgclth'.<\/div>\n|j|\u2606richzonDX\n|j|\u2606VGCLTH TnB\n|t:|1731885352\n|gametype|doubles\n|player|p1|richzonDX|dawn-gen4pt|1873\n|player|p2|VGCLTH TnB|roxanne-masters|1887\n|teamsize|p1|6\n|teamsize|p2|6\n|gen|9\n|tier|[Gen 9] VGC 2024 Reg H\n|rated|\n|rule|Species Clause: Limit one of each Pok\u00e9mon\n|rule|Item Clause: Limit 1 of each item\n|clearpoke\n|poke|p1|Archaludon, L50, M|\n|poke|p1|Incineroar, L50, M|\n|poke|p1|Gholdengo, L50|\n|poke|p1|Dragonite, L50, M|\n|poke|p1|Ursaluna-Bloodmoon, L50, M|\n|poke|p1|Primarina, L50, M|\n|poke|p2|Klefki, L50, F|\n|poke|p2|Annihilape, L50, F|\n|poke|p2|Archaludon, L50, F|\n|poke|p2|Maushold, L50|\n|poke|p2|Sinistcha, L50|\n|poke|p2|Pelipper, L50, M|\n|teampreview|4\n|inactive|Battle timer is ON: inactive players will automatically lose when time's up. (requested by VGCLTH TnB)\nVGCLTH TnB has agreed to open team sheets.\n|inactive|VGCLTH TnB has 60 seconds left.\n|\n|t:|1731885402\n|start\n|switch|p1a: Ursaluna|Ursaluna-Bloodmoon, L50, M|100\/100\n|switch|p1b: Dragonite|Dragonite, L50, M, shiny|100\/100\n|switch|p2a: Klefki|Klefki, L50, F|100\/100\n|switch|p2b: Pelipper|Pelipper, L50, M|100\/100\n|-weather|RainDance|[from] ability: Drizzle|[of] p2b: Pelipper\n|turn|1\n|inactive|VGCLTH TnB has 30 seconds left.\n|inactive|VGCLTH TnB has 20 seconds left.\n|\n|t:|1731885441\n|switch|p1a: Primarina|Primarina, L50, M|100\/100\n|switch|p2b: Archaludon|Archaludon, L50, F|100\/100\n|move|p2a: Klefki|Light Screen|p2a: Klefki\n|-sidestart|p2: VGCLTH TnB|move: Light Screen\n|move|p1b: Dragonite|Scale Shot|p2b: Archaludon\n|-damage|p2b: Archaludon|91\/100\n|-ability|p2b: Archaludon|Stamina|boost\n|-boost|p2b: Archaludon|def|1\n|-damage|p2b: Archaludon|83\/100\n|-ability|p2b: Archaludon|Stamina|boost\n|-boost|p2b: Archaludon|def|1\n|-damage|p2b: Archaludon|78\/100\n|-ability|p2b: Archaludon|Stamina|boost\n|-boost|p2b: Archaludon|def|1\n|-damage|p2b: Archaludon|73\/100\n|-ability|p2b: Archaludon|Stamina|boost\n|-boost|p2b: Archaludon|def|1\n|-damage|p2b: Archaludon|70\/100\n|-ability|p2b: Archaludon|Stamina|boost\n|-boost|p2b: Archaludon|def|1\n|-hitcount|p2b: Archaludon|5\n|-unboost|p1b: Dragonite|def|1\n|-boost|p1b: Dragonite|spe|1\n|\n|-weather|RainDance|[upkeep]\n|upkeep\n|turn|2\n|j| Thorsten_123\n|inactive|richzonDX has 30 seconds left.\n|inactive|richzonDX has 20 seconds left.\n|\n|t:|1731885478\n|-terastallize|p1a: Primarina|Grass\n|move|p1b: Dragonite|Haze|p1b: Dragonite\n|-clearallboost\n|move|p2b: Archaludon|Electro Shot||[still]\n|-prepare|p2b: Archaludon|Electro Shot\n|-boost|p2b: Archaludon|spa|1\n|-anim|p2b: Archaludon|Electro Shot|p1a: Primarina\n|-resisted|p1a: Primarina\n|-damage|p1a: Primarina|81\/100\n|move|p2a: Klefki|Dazzling Gleam|p1a: Primarina|[spread] p1a,p1b\n|-supereffective|p1b: Dragonite\n|-damage|p1a: Primarina|70\/100\n|-damage|p1b: Dragonite|83\/100\n|move|p1a: Primarina|Hyper Voice|p2a: Klefki|[spread] p2a,p2b\n|-resisted|p2b: Archaludon\n|-damage|p2a: Klefki|65\/100\n|-damage|p2b: Archaludon|57\/100\n|-ability|p2b: Archaludon|Stamina|boost\n|-boost|p2b: Archaludon|def|1\n|\n|-weather|RainDance|[upkeep]\n|upkeep\n|turn|3\n|inactive|richzonDX has 30 seconds left.\n|inactive|VGCLTH TnB has 30 seconds left.\n|\n|t:|1731885511\n|switch|p2a: Sinistcha|Sinistcha, L50|100\/100\n|-heal|p2b: Archaludon|82\/100|[from] ability: Hospitality|[of] p2a: Sinistcha\n|move|p1b: Dragonite|Haze|p1b: Dragonite\n|-clearallboost\n|move|p2b: Archaludon|Dragon Pulse|p1b: Dragonite\n|-supereffective|p1b: Dragonite\n|-damage|p1b: Dragonite|0 fnt\n|faint|p1b: Dragonite\n|move|p1a: Primarina|Hyper Voice|p2b: Archaludon|[spread] p2a,p2b\n|-resisted|p2a: Sinistcha\n|-resisted|p2b: Archaludon\n|-damage|p2a: Sinistcha|82\/100\n|-damage|p2b: Archaludon|68\/100\n|-ability|p2b: Archaludon|Stamina|boost\n|-boost|p2b: Archaludon|def|1\n|\n|-weather|RainDance|[upkeep]\n|upkeep\n|\n|t:|1731885531\n|switch|p1b: Ursaluna|Ursaluna-Bloodmoon, L50, M|100\/100\n|turn|4\n|\n|t:|1731885555\n|move|p2a: Sinistcha|Rage Powder|p2a: Sinistcha\n|-singleturn|p2a: Sinistcha|move: Rage Powder\n|move|p1b: Ursaluna|Blood Moon|p2a: Sinistcha\n|-damage|p2a: Sinistcha|32\/100\n|-enditem|p2a: Sinistcha|Sitrus Berry|[eat]\n|-heal|p2a: Sinistcha|57\/100|[from] item: Sitrus Berry\n|move|p2b: Archaludon|Body Press|p1a: Primarina\n|-damage|p1a: Primarina|22\/100\n|move|p1a: Primarina|Ice Beam|p2a: Sinistcha\n|-supereffective|p2a: Sinistcha\n|-damage|p2a: Sinistcha|17\/100\n|\n|-weather|RainDance|[upkeep]\n|upkeep\n|turn|5\n|inactive|richzonDX has 30 seconds left.\n|inactive|VGCLTH TnB has 30 seconds left.\n|inactive|VGCLTH TnB has 20 seconds left.\n|\n|t:|1731885593\n|move|p2a: Sinistcha|Rage Powder|p2a: Sinistcha\n|-singleturn|p2a: Sinistcha|move: Rage Powder\n|move|p1b: Ursaluna|Earth Power|p2a: Sinistcha\n|-resisted|p2a: Sinistcha\n|-damage|p2a: Sinistcha|3\/100\n|move|p2b: Archaludon|Body Press|p1b: Ursaluna\n|-supereffective|p1b: Ursaluna\n|-damage|p1b: Ursaluna|35\/100\n|move|p1a: Primarina|Moonblast|p2b: Archaludon\n|-damage|p2b: Archaludon|41\/100\n|-ability|p2b: Archaludon|Stamina|boost\n|-boost|p2b: Archaludon|def|1\n|\n|-weather|RainDance|[upkeep]\n|upkeep\n|turn|6\n|inactive|VGCLTH TnB has 30 seconds left.\n|inactive|VGCLTH TnB has 20 seconds left.\n|inactive|VGCLTH TnB has 15 seconds left.\n|inactive|richzonDX has 30 seconds left.\n|inactive|VGCLTH TnB has 10 seconds left.\n|\n|t:|1731885645\n|move|p1b: Ursaluna|Protect|p1b: Ursaluna\n|-singleturn|p1b: Ursaluna|Protect\n|move|p2a: Sinistcha|Rage Powder|p2a: Sinistcha\n|-singleturn|p2a: Sinistcha|move: Rage Powder\n|move|p2b: Archaludon|Dragon Pulse|p1b: Ursaluna\n|-activate|p1b: Ursaluna|move: Protect\n|move|p1a: Primarina|Hyper Voice|p2a: Sinistcha|[spread] p2a,p2b\n|-resisted|p2a: Sinistcha\n|-resisted|p2b: Archaludon\n|-damage|p2a: Sinistcha|0 fnt\n|-damage|p2b: Archaludon|28\/100\n|-ability|p2b: Archaludon|Stamina|boost\n|-boost|p2b: Archaludon|def|1\n|faint|p2a: Sinistcha\n|\n|-weather|RainDance|[upkeep]\n|upkeep\n|inactive|VGCLTH TnB has 30 seconds left.\n|inactive|VGCLTH TnB has 20 seconds left.\n|inactive|VGCLTH TnB has 15 seconds left.\n|\n|t:|1731885689\n|switch|p2a: Pelipper|Pelipper, L50, M|100\/100\n|turn|7\n|inactive|VGCLTH TnB has 30 seconds left.\n|inactive|VGCLTH TnB has 20 seconds left.\n|inactive|VGCLTH TnB has 15 seconds left.\n|inactive|VGCLTH TnB has 10 seconds left.\n|\n|t:|1731885736\n|switch|p2b: Klefki|Klefki, L50, F|65\/100\n|switch|p1a: Gholdengo|Gholdengo, L50, shiny|100\/100\n|move|p1b: Ursaluna|Vacuum Wave|p2b: Klefki\n|-damage|p2b: Klefki|56\/100\n|move|p2a: Pelipper|Weather Ball|p1b: Ursaluna\n|-supereffective|p1b: Ursaluna\n|-damage|p1b: Ursaluna|0 fnt\n|faint|p1b: Ursaluna\n|\n|-weather|RainDance|[upkeep]\n|upkeep\n|\n|t:|1731885740\n|switch|p1b: Primarina|Primarina, L50, M, tera:Grass|22\/100\n|turn|8\n|inactive|VGCLTH TnB has 30 seconds left.\n|\n|t:|1731885771\n|move|p1a: Gholdengo|Nasty Plot|p1a: Gholdengo\n|-boost|p1a: Gholdengo|spa|2\n|move|p2a: Pelipper|Weather Ball|p1a: Gholdengo\n|-damage|p1a: Gholdengo|33\/100\n|move|p2b: Klefki|Dazzling Gleam|p1a: Gholdengo|[spread] p1a,p1b\n|-resisted|p1a: Gholdengo\n|-damage|p1a: Gholdengo|24\/100\n|-damage|p1b: Primarina|11\/100\n|-enditem|p1a: Gholdengo|Salac Berry|[eat]\n|-boost|p1a: Gholdengo|spe|1|[from] item: Salac Berry\n|move|p1b: Primarina|Moonblast|p2a: Pelipper\n|-damage|p2a: Pelipper|55\/100\n|-unboost|p2a: Pelipper|spa|1\n|\n|-weather|none\n|-sideend|p2: VGCLTH TnB|move: Light Screen\n|upkeep\n|turn|9\n|inactive|richzonDX has 30 seconds left.\n|inactive|VGCLTH TnB has 30 seconds left.\n|inactive|richzonDX has 20 seconds left.\n|inactive|VGCLTH TnB has 20 seconds left.\n|inactive|richzonDX has 15 seconds left.\n|inactive|VGCLTH TnB has 15 seconds left.\n|inactive|VGCLTH TnB has 10 seconds left.\n|inactive|VGCLTH TnB has 5 seconds left.\n|\n|t:|1731885822\n|move|p2a: Pelipper|Protect|p2a: Pelipper\n|-singleturn|p2a: Pelipper|Protect\n|move|p2b: Klefki|Light Screen|p2b: Klefki\n|-sidestart|p2: VGCLTH TnB|move: Light Screen\n|move|p1a: Gholdengo|Shadow Ball|p2a: Pelipper\n|-activate|p2a: Pelipper|move: Protect\n|move|p1b: Primarina|Hyper Voice|p2a: Pelipper|[spread] p2b\n|-activate|p2a: Pelipper|move: Protect\n|-damage|p2b: Klefki|32\/100\n|\n|upkeep\n|turn|10\n|inactive|richzonDX has 30 seconds left.\n|inactive|VGCLTH TnB has 30 seconds left.\n|\n|t:|1731885855\n|move|p1a: Gholdengo|Make It Rain|p2b: Klefki|[spread] p2a,p2b\n|-resisted|p2a: Pelipper\n|-damage|p2a: Pelipper|11\/100\n|-damage|p2b: Klefki|0 fnt\n|-unboost|p1a: Gholdengo|spa|1\n|faint|p2b: Klefki\n|move|p2a: Pelipper|Hurricane|p1b: Primarina\n|-supereffective|p1b: Primarina\n|-damage|p1b: Primarina|0 fnt\n|faint|p1b: Primarina\n|\n|upkeep\n|\n|t:|1731885863\n|switch|p2b: Archaludon|Archaludon, L50, F|28\/100\n|turn|11\n|\n|t:|1731885872\n|move|p1a: Gholdengo|Shadow Ball|p2b: Archaludon\n|-damage|p2b: Archaludon|0 fnt\n|faint|p2b: Archaludon\n|move|p2a: Pelipper|Hurricane|p1a: Gholdengo|[miss]\n|-miss|p2a: Pelipper|p1a: Gholdengo\n|\n|upkeep\n|turn|12\n|\n|t:|1731885876\n|move|p1a: Gholdengo|Shadow Ball|p2a: Pelipper\n|-damage|p2a: Pelipper|0 fnt\n|faint|p2a: Pelipper\n|\n|win|richzonDX\n|raw|richzonDX's rating: 1873 &rarr; <strong>1894<\/strong><br \/>(+21 for winning)\n|raw|VGCLTH TnB's rating: 1887 &rarr; <strong>1866<\/strong><br \/>(-21 for losing)\n|l| Thorsten_123\n|l|\u2606richzonDX\n|player|p1|\n|l|\u2606VGCLTH TnB\n|player|p2|\n","uploadtime":1731886091,"views":197,"formatid":"gen9vgc2024regh","rating":1866,"private":0,"password":null}