{"id":"gen9vgc2024regh-2245248860","format":"[Gen 9] VGC 2024 Reg H","players":["ThiccestAppletun","vgclth cuwutie"],"log":"|j|\u2606ThiccestAppletun\n|j|\u2606vgclth cuwutie\n|t:|1731795099\n|gametype|doubles\n|player|p1|ThiccestAppletun|265|1698\n|player|p2|vgclth cuwutie|266|1714\n|teamsize|p1|6\n|teamsize|p2|6\n|gen|9\n|tier|[Gen 9] VGC 2024 Reg H\n|rated|\n|rule|Species Clause: Limit one of each Pok\u00e9mon\n|rule|Item Clause: Limit 1 of each item\n|clearpoke\n|poke|p1|Dondozo, L50, M|\n|poke|p1|Tatsugiri, L50, F|\n|poke|p1|Pelipper, L50, M|\n|poke|p1|Archaludon, L50, M|\n|poke|p1|Rillaboom, L50, F|\n|poke|p1|Pawmot, L50, M|\n|poke|p2|Smeargle, L50, M|\n|poke|p2|Farigiraf, L50, M|\n|poke|p2|Maushold-Four, L50|\n|poke|p2|Torkoal, L50, F|\n|poke|p2|Ursaluna-Bloodmoon, L50, M|\n|poke|p2|Weezing-Galar, L50, F|\n|teampreview|4\n|\n|t:|1731795106\n|start\n|switch|p1a: Pelipper|Pelipper, L50, M|100\/100\n|switch|p1b: Pawmot|Pawmot, L50, M|100\/100\n|switch|p2a: Smeargle|Smeargle, L50, M|100\/100\n|switch|p2b: Farigiraf|Farigiraf, L50, M|100\/100\n|-weather|RainDance|[from] ability: Drizzle|[of] p1a: Pelipper\n|turn|1\n|\n|t:|1731795114\n|-terastallize|p1b: Pawmot|Ghost\n|move|p2a: Smeargle|Fake Out|p1b: Pawmot\n|-immune|p1b: Pawmot\n|move|p1b: Pawmot|Close Combat|p2b: Farigiraf\n|-damage|p2b: Farigiraf|48\/100\n|-unboost|p1b: Pawmot|def|1\n|-unboost|p1b: Pawmot|spd|1\n|move|p1a: Pelipper|Weather Ball|p2b: Farigiraf\n|-damage|p2b: Farigiraf|0 fnt\n|faint|p2b: Farigiraf\n|\n|-weather|RainDance|[upkeep]\n|-ability|p2a: Smeargle|Moody|boost\n|-boost|p2a: Smeargle|spe|2\n|-unboost|p2a: Smeargle|spd|1\n|-enditem|p2a: Smeargle|Eject Pack\n|upkeep\n|\n|t:|1731795122\n|switch|p2a: Weezing|Weezing-Galar, L50, F|100\/100\n|switch|p2b: Torkoal|Torkoal, L50, F|100\/100\n|-ability|p2a: Weezing|Neutralizing Gas\n|turn|2\n|\n|t:|1731795147\n|-end|p2a: Weezing|ability: Neutralizing Gas\n|-weather|SunnyDay|[from] ability: Drought|[of] p2b: Torkoal\n|switch|p2a: Smeargle|Smeargle, L50, M|100\/100\n|move|p1b: Pawmot|Close Combat|p2a: Smeargle\n|-supereffective|p2a: Smeargle\n|-crit|p2a: Smeargle\n|-damage|p2a: Smeargle|0 fnt\n|-unboost|p1b: Pawmot|def|1\n|-unboost|p1b: Pawmot|spd|1\n|faint|p2a: Smeargle\n|move|p1a: Pelipper|Weather Ball|p2b: Torkoal\n|-resisted|p2b: Torkoal\n|-damage|p2b: Torkoal|72\/100\n|move|p2b: Torkoal|Weather Ball|p1b: Pawmot\n|-enditem|p1b: Pawmot|Focus Sash\n|-damage|p1b: Pawmot|1\/100\n|\n|-weather|SunnyDay|[upkeep]\n|upkeep\n|\n|t:|1731795163\n|switch|p2a: Weezing|Weezing-Galar, L50, F|100\/100\n|-ability|p2a: Weezing|Neutralizing Gas\n|turn|3\n|j| volcaronavgc\n|\n|t:|1731795175\n|move|p1b: Pawmot|Protect|p1b: Pawmot\n|-singleturn|p1b: Pawmot|Protect\n|move|p1a: Pelipper|Hurricane|p2b: Torkoal\n|-damage|p2b: Torkoal|6\/100\n|move|p2a: Weezing|Dazzling Gleam|p1b: Pawmot|[spread] p1a\n|-activate|p1b: Pawmot|move: Protect\n|-damage|p1a: Pelipper|60\/100\n|move|p2b: Torkoal|Weather Ball|p1a: Pelipper\n|-resisted|p1a: Pelipper\n|-damage|p1a: Pelipper|0 fnt\n|faint|p1a: Pelipper\n|\n|-weather|SunnyDay|[upkeep]\n|upkeep\n|\n|t:|1731795187\n|switch|p1a: Tatsugiri|Tatsugiri, L50, F|100\/100\n|turn|4\n|inactive|Battle timer is ON: inactive players will automatically lose when time's up. (requested by ThiccestAppletun)\n|\n|t:|1731795219\n|move|p1a: Tatsugiri|Muddy Water|p2a: Weezing|[spread] p2a,p2b\n|-supereffective|p2b: Torkoal\n|-damage|p2a: Weezing|79\/100\n|-damage|p2b: Torkoal|0 fnt\n|faint|p2b: Torkoal\n|move|p1b: Pawmot|Close Combat|p2a: Weezing\n|-resisted|p2a: Weezing\n|-damage|p2a: Weezing|67\/100\n|-unboost|p1b: Pawmot|def|1\n|-unboost|p1b: Pawmot|spd|1\n|move|p2a: Weezing|Dazzling Gleam|p1a: Tatsugiri|[spread] p1a,p1b\n|-supereffective|p1a: Tatsugiri\n|-damage|p1a: Tatsugiri|38\/100\n|-damage|p1b: Pawmot|0 fnt\n|faint|p1b: Pawmot\n|\n|-weather|SunnyDay|[upkeep]\n|upkeep\n|\n|t:|1731795225\n|switch|p1b: Dondozo|Dondozo, L50, M|100\/100\n|turn|5\n|\n|t:|1731795247\n|move|p1b: Dondozo|Protect|p1b: Dondozo\n|-singleturn|p1b: Dondozo|Protect\n|move|p1a: Tatsugiri|Muddy Water|p2a: Weezing\n|-damage|p2a: Weezing|39\/100\n|move|p2a: Weezing|Dazzling Gleam|p1b: Dondozo|[spread] p1a\n|-activate|p1b: Dondozo|move: Protect\n|-supereffective|p1a: Tatsugiri\n|-damage|p1a: Tatsugiri|0 fnt\n|faint|p1a: Tatsugiri\n|\n|-weather|SunnyDay|[upkeep]\n|upkeep\n|turn|6\n|\n|t:|1731795254\n|move|p1b: Dondozo|Surf|p2a: Weezing\n|-damage|p2a: Weezing|10\/100\n|move|p2a: Weezing|Dazzling Gleam|p1b: Dondozo\n|-damage|p1b: Dondozo|61\/100\n|\n|-weather|none\n|upkeep\n|turn|7\n|\n|t:|1731795257\n|move|p1b: Dondozo|Surf|p2a: Weezing\n|-damage|p2a: Weezing|0 fnt\n|faint|p2a: Weezing\n|-end|p2a: Weezing|ability: Neutralizing Gas\n|\n|win|ThiccestAppletun\n|raw|ThiccestAppletun's rating: 1698 &rarr; <strong>1719<\/strong><br \/>(+21 for winning)\n|raw|vgclth cuwutie's rating: 1714 &rarr; <strong>1693<\/strong><br \/>(-21 for losing)\n|l|\u2606ThiccestAppletun\n|player|p1|\n|l| volcaronavgc\n|l|\u2606vgclth cuwutie\n|player|p2|\n","uploadtime":1731795474,"views":16,"formatid":"gen9vgc2024regh","rating":1693,"private":0,"password":null}