{"id":"gen9vgc2024regh-2245648149","format":"[Gen 9] VGC 2024 Reg H","players":["urmomtest","Snorlax Double"],"log":"|j|\u203durmomtest\n|j|\u2606Snorlax Double\n|t:|1731860167\n|gametype|doubles\n|player|p1|urmomtest|riley|1777\n|player|p2|Snorlax Double|eusine|1660\n|teamsize|p1|6\n|teamsize|p2|6\n|gen|9\n|tier|[Gen 9] VGC 2024 Reg H\n|rated|\n|rule|Species Clause: Limit one of each Pok\u00e9mon\n|rule|Item Clause: Limit 1 of each item\n|clearpoke\n|poke|p1|Garchomp, L50, F|\n|poke|p1|Amoonguss, L50, M|\n|poke|p1|Gholdengo, L50|\n|poke|p1|Kilowattrel, L50, M|\n|poke|p1|Tyranitar, L50, M|\n|poke|p1|Sneasler, L50, M|\n|poke|p2|Archaludon, L50, M|\n|poke|p2|Pelipper, L50, F|\n|poke|p2|Sinistcha, L50|\n|poke|p2|Dragonite, L50, M|\n|poke|p2|Ursaluna, L50, M|\n|poke|p2|Gholdengo, L50|\n|teampreview|4\n|inactive|Battle timer is ON: inactive players will automatically lose when time's up. (requested by Snorlax Double)\n|\n|t:|1731860191\n|start\n|switch|p1a: Garchomp|Garchomp, L50, F|100\/100\n|switch|p1b: Kilowattrel|Kilowattrel, L50, M|100\/100\n|switch|p2a: Dragonite|Dragonite, L50, M|100\/100\n|switch|p2b: Ursaluna|Ursaluna, L50, M|100\/100\n|turn|1\n|\n|t:|1731860214\n|move|p1b: Kilowattrel|Thunderbolt|p2a: Dragonite\n|-damage|p2a: Dragonite|82\/100\n|move|p1a: Garchomp|Dragon Claw|p2a: Dragonite\n|-supereffective|p2a: Dragonite\n|-damage|p2a: Dragonite|0 fnt\n|faint|p2a: Dragonite\n|-damage|p1a: Garchomp|91\/100|[from] item: Life Orb\n|move|p2b: Ursaluna|Earthquake|p1a: Garchomp|[spread] p1a\n|-immune|p1b: Kilowattrel\n|-damage|p1a: Garchomp|44\/100\n|\n|-status|p2b: Ursaluna|brn|[from] item: Flame Orb\n|upkeep\n|\n|t:|1731860221\n|switch|p2a: Pelipper|Pelipper, L50, F|100\/100\n|-weather|RainDance|[from] ability: Drizzle|[of] p2a: Pelipper\n|turn|2\n|\n|t:|1731860237\n|move|p1b: Kilowattrel|Tailwind|p1b: Kilowattrel\n|-sidestart|p1: urmomtest|move: Tailwind\n|move|p1a: Garchomp|Dragon Claw|p2a: Pelipper\n|-crit|p2a: Pelipper\n|-damage|p2a: Pelipper|7\/100\n|-damage|p1a: Garchomp|34\/100|[from] item: Life Orb\n|move|p2a: Pelipper|Tailwind|p2a: Pelipper\n|-sidestart|p2: Snorlax Double|move: Tailwind\n|move|p2b: Ursaluna|Earthquake|p1b: Kilowattrel|[spread] p1a\n|-immune|p2a: Pelipper\n|-immune|p1b: Kilowattrel\n|-damage|p1a: Garchomp|0 fnt\n|faint|p1a: Garchomp\n|\n|-weather|RainDance|[upkeep]\n|-damage|p2b: Ursaluna|94\/100 brn|[from] brn\n|upkeep\n|\n|t:|1731860255\n|switch|p1a: Sneasler|Sneasler, L50, M|100\/100\n|turn|3\n|\n|t:|1731860275\n|switch|p2a: Archaludon|Archaludon, L50, M|100\/100\n|-terastallize|p2b: Ursaluna|Ghost\n|move|p1b: Kilowattrel|Thunderbolt|p2a: Archaludon\n|-resisted|p2a: Archaludon\n|-damage|p2a: Archaludon|88\/100\n|-ability|p2a: Archaludon|Stamina|boost\n|-boost|p2a: Archaludon|def|1\n|move|p1a: Sneasler|Close Combat|p2b: Ursaluna\n|-immune|p2b: Ursaluna\n|move|p2b: Ursaluna|Facade|p1a: Sneasler\n|-damage|p1a: Sneasler|0 fnt\n|faint|p1a: Sneasler\n|\n|-weather|RainDance|[upkeep]\n|-damage|p2b: Ursaluna|88\/100 brn|[from] brn\n|upkeep\n|\n|t:|1731860278\n|switch|p1a: Gholdengo|Gholdengo, L50|100\/100\n|turn|4\n|inactive|Snorlax Double has 30 seconds left.\n|inactive|Snorlax Double has 20 seconds left.\n|\n|t:|1731860316\n|move|p1b: Kilowattrel|Protect|p1b: Kilowattrel\n|-singleturn|p1b: Kilowattrel|Protect\n|move|p2b: Ursaluna|Protect|p2b: Ursaluna\n|-singleturn|p2b: Ursaluna|Protect\n|move|p1a: Gholdengo|Shadow Ball|p2b: Ursaluna\n|-activate|p2b: Ursaluna|move: Protect\n|move|p2a: Archaludon|Electro Shot||[still]\n|-prepare|p2a: Archaludon|Electro Shot\n|-boost|p2a: Archaludon|spa|1\n|-anim|p2a: Archaludon|Electro Shot|p1a: Gholdengo\n|-damage|p1a: Gholdengo|45\/100\n|\n|-weather|RainDance|[upkeep]\n|-heal|p1a: Gholdengo|52\/100|[from] item: Leftovers\n|-damage|p2b: Ursaluna|82\/100 brn|[from] brn\n|upkeep\n|turn|5\n|j| Seaksos\n|l| Seaksos\n|\n|t:|1731860334\n|switch|p2b: Pelipper|Pelipper, L50, F|7\/100\n|move|p1b: Kilowattrel|Air Slash|p2a: Archaludon\n|-resisted|p2a: Archaludon\n|-damage|p2a: Archaludon|77\/100\n|-ability|p2a: Archaludon|Stamina|boost\n|-boost|p2a: Archaludon|def|1\n|move|p1a: Gholdengo|Shadow Ball|p2b: Pelipper\n|-damage|p2b: Pelipper|0 fnt\n|faint|p2b: Pelipper\n|cant|p2a: Archaludon|flinch\n|\n|-weather|RainDance|[upkeep]\n|-heal|p1a: Gholdengo|58\/100|[from] item: Leftovers\n|-sideend|p2: Snorlax Double|move: Tailwind\n|-sideend|p1: urmomtest|move: Tailwind\n|upkeep\n|\n|t:|1731860345\n|switch|p2b: Ursaluna|Ursaluna, L50, M, tera:Ghost|82\/100 brn\n|turn|6\n|inactive|urmomtest has 30 seconds left.\n|\n|t:|1731860371\n|move|p1b: Kilowattrel|Protect|p1b: Kilowattrel\n|-singleturn|p1b: Kilowattrel|Protect\n|move|p1a: Gholdengo|Shadow Ball|p2b: Ursaluna\n|-supereffective|p2b: Ursaluna\n|-damage|p2b: Ursaluna|5\/100 brn\n|-unboost|p2b: Ursaluna|spd|1\n|move|p2a: Archaludon|Electro Shot||[still]\n|-prepare|p2a: Archaludon|Electro Shot\n|-boost|p2a: Archaludon|spa|1\n|-anim|p2a: Archaludon|Electro Shot|p1a: Gholdengo\n|-damage|p1a: Gholdengo|0 fnt\n|faint|p1a: Gholdengo\n|move|p2b: Ursaluna|Facade|p1b: Kilowattrel\n|-activate|p1b: Kilowattrel|move: Protect\n|\n|-weather|none\n|-damage|p2b: Ursaluna|0 fnt|[from] brn\n|faint|p2b: Ursaluna\n|upkeep\n|turn|7\n|\n|t:|1731860390\n|move|p1b: Kilowattrel|Air Slash|p2a: Archaludon\n|-resisted|p2a: Archaludon\n|-damage|p2a: Archaludon|64\/100\n|-ability|p2a: Archaludon|Stamina|boost\n|-boost|p2a: Archaludon|def|1\n|move|p2a: Archaludon|Flash Cannon|p1b: Kilowattrel\n|-resisted|p1b: Kilowattrel\n|-damage|p1b: Kilowattrel|44\/100\n|\n|upkeep\n|turn|8\n|\n|t:|1731860399\n|move|p1b: Kilowattrel|Air Slash|p2a: Archaludon\n|-resisted|p2a: Archaludon\n|-damage|p2a: Archaludon|53\/100\n|-ability|p2a: Archaludon|Stamina|boost\n|-boost|p2a: Archaludon|def|1\n|move|p2a: Archaludon|Body Press|p1b: Kilowattrel\n|-resisted|p1b: Kilowattrel\n|-damage|p1b: Kilowattrel|0 fnt\n|faint|p1b: Kilowattrel\n|\n|win|Snorlax Double\n|raw|urmomtest's rating: 1777 &rarr; <strong>1751<\/strong><br \/>(-26 for losing)\n|raw|Snorlax Double's rating: 1660 &rarr; <strong>1686<\/strong><br \/>(+26 for winning)\n|l|\u203durmomtest\n|player|p1|\n|l|\u2606Snorlax Double\n|player|p2|\n","uploadtime":1731860655,"views":10,"formatid":"gen9vgc2024regh","rating":1686,"private":0,"password":null}