{"id":"gen9vgc2024regh-2245603336","format":"[Gen 9] VGC 2024 Reg H","players":["ba oil","Dr Scoob"],"log":"|j|\u2606ba oil\n|j|\u2606Dr Scoob\n|t:|1731854090\n|gametype|doubles\n|player|p1|ba oil|swimmer-gen4dp|1648\n|player|p2|Dr Scoob|101|1727\n|teamsize|p1|6\n|teamsize|p2|6\n|gen|9\n|tier|[Gen 9] VGC 2024 Reg H\n|rated|\n|rule|Species Clause: Limit one of each Pok\u00e9mon\n|rule|Item Clause: Limit 1 of each item\n|clearpoke\n|poke|p1|Tatsugiri, L50, M|\n|poke|p1|Dondozo, L50, M|\n|poke|p1|Archaludon, L50, M|\n|poke|p1|Pelipper, L50, M|\n|poke|p1|Glimmora, L50, M|\n|poke|p1|Baxcalibur, L50, M|\n|poke|p2|Ursaluna-Bloodmoon, L50, M|\n|poke|p2|Incineroar, L50, F|\n|poke|p2|Annihilape, L50, F|\n|poke|p2|Rillaboom, L50, M|\n|poke|p2|Whimsicott, L50, M|\n|poke|p2|Gholdengo, L50|\n|teampreview|4\nDr Scoob has agreed to open team sheets.\n|\n|t:|1731854129\n|start\n|switch|p1a: Glimmora|Glimmora, L50, M|100\/100\n|switch|p1b: Archaludon|Archaludon, L50, M|100\/100\n|switch|p2a: Cotton eye Joe|Whimsicott, L50, M|100\/100\n|switch|p2b: Capitalism|Gholdengo, L50|100\/100\n|turn|1\n|j| Quesam\n|inactive|Battle timer is ON: inactive players will automatically lose when time's up. (requested by Dr Scoob)\n|\n|t:|1731854140\n|move|p2a: Cotton eye Joe|Fake Tears|p1b: Archaludon\n|-unboost|p1b: Archaludon|spd|2\n|move|p1a: Glimmora|Earth Power|p2b: Capitalism\n|-supereffective|p2b: Capitalism\n|-damage|p2b: Capitalism|31\/100\n|move|p2b: Capitalism|Shadow Ball|p1b: Archaludon\n|-damage|p1b: Archaludon|4\/100\n|-unboost|p1b: Archaludon|spd|1\n|-ability|p1b: Archaludon|Stamina|boost\n|-boost|p1b: Archaludon|def|1\n|move|p1b: Archaludon|Flash Cannon|p2a: Cotton eye Joe\n|-supereffective|p2a: Cotton eye Joe\n|-enditem|p2a: Cotton eye Joe|Focus Sash\n|-damage|p2a: Cotton eye Joe|1\/100\n|\n|upkeep\n|turn|2\n|\n|t:|1731854161\n|move|p2a: Cotton eye Joe|Tailwind|p2a: Cotton eye Joe\n|-sidestart|p2: Dr Scoob|move: Tailwind\n|move|p2b: Capitalism|Shadow Ball|p1a: Glimmora\n|-damage|p1a: Glimmora|16\/100\n|move|p1a: Glimmora|Earth Power|p2b: Capitalism\n|-supereffective|p2b: Capitalism\n|-damage|p2b: Capitalism|0 fnt\n|faint|p2b: Capitalism\n|move|p1b: Archaludon|Snarl|p2a: Cotton eye Joe\n|-resisted|p2a: Cotton eye Joe\n|-damage|p2a: Cotton eye Joe|0 fnt\n|faint|p2a: Cotton eye Joe\n|\n|upkeep\n|\n|t:|1731854168\n|switch|p2a: Monkey Business|Annihilape, L50, F|100\/100\n|switch|p2b: UnBEARable|Ursaluna-Bloodmoon, L50, M|100\/100\n|turn|3\n|\n|t:|1731854181\n|move|p1a: Glimmora|Spiky Shield|p1a: Glimmora\n|-singleturn|p1a: Glimmora|move: Protect\n|move|p2a: Monkey Business|Bulk Up|p2a: Monkey Business\n|-boost|p2a: Monkey Business|atk|1\n|-boost|p2a: Monkey Business|def|1\n|move|p2b: UnBEARable|Hyper Voice|p1a: Glimmora|[spread] p1b\n|-activate|p1a: Glimmora|move: Protect\n|-resisted|p1b: Archaludon\n|-damage|p1b: Archaludon|0 fnt\n|faint|p1b: Archaludon\n|-enditem|p2b: UnBEARable|Throat Spray\n|-boost|p2b: UnBEARable|spa|1|[from] item: Throat Spray\n|\n|upkeep\n|\n|t:|1731854189\n|switch|p1b: Dondozo|Dondozo, L50, M, shiny|100\/100\n|turn|4\n|inactive|ba oil has 30 seconds left.\n|\n|t:|1731854215\n|switch|p1a: Tatsugiri|Tatsugiri, L50, M|100\/100\n|-activate|p1a: Tatsugiri|ability: Commander|[of] p1b: Dondozo\n|-boost|p1b: Dondozo|atk|2\n|-boost|p1b: Dondozo|spa|2\n|-boost|p1b: Dondozo|spe|2\n|-boost|p1b: Dondozo|def|2\n|-boost|p1b: Dondozo|spd|2\n|-terastallize|p2b: UnBEARable|Normal\n|move|p1b: Dondozo|Protect|p1b: Dondozo\n|-singleturn|p1b: Dondozo|Protect\n|move|p2a: Monkey Business|Rock Slide|p1a: Tatsugiri|[spread] \n|-miss|p2a: Monkey Business|p1a: Tatsugiri\n|-activate|p1b: Dondozo|move: Protect\n|move|p2b: UnBEARable|Blood Moon|p1b: Dondozo\n|-activate|p1b: Dondozo|move: Protect\n|\n|upkeep\n|turn|5\n|\n|t:|1731854236\n|move|p2a: Monkey Business|Drain Punch|p1b: Dondozo\n|-damage|p1b: Dondozo|87\/100\n|move|p2b: UnBEARable|Hyper Voice|p1a: Tatsugiri|[spread] p1b\n|-miss|p2b: UnBEARable|p1a: Tatsugiri\n|-damage|p1b: Dondozo|67\/100\n|move|p1b: Dondozo|Order Up|p2b: UnBEARable\n|-crit|p2b: UnBEARable\n|-damage|p2b: UnBEARable|45\/100\n|-boost|p1b: Dondozo|atk|1\n|\n|-heal|p1b: Dondozo|73\/100|[from] item: Leftovers\n|-sideend|p2: Dr Scoob|move: Tailwind\n|upkeep\n|turn|6\n|\n|t:|1731854257\n|move|p1b: Dondozo|Protect|p1b: Dondozo\n|-singleturn|p1b: Dondozo|Protect\n|move|p2b: UnBEARable|Protect|p2b: UnBEARable\n|-singleturn|p2b: UnBEARable|Protect\n|move|p2a: Monkey Business|Drain Punch|p1b: Dondozo\n|-activate|p1b: Dondozo|move: Protect\n|\n|-heal|p1b: Dondozo|79\/100|[from] item: Leftovers\n|upkeep\n|turn|7\n|\n|t:|1731854263\n|move|p1b: Dondozo|Wave Crash|p2b: UnBEARable\n|-damage|p2b: UnBEARable|0 fnt\n|faint|p2b: UnBEARable\n|-damage|p1b: Dondozo|66\/100|[from] Recoil\n|move|p2a: Monkey Business|Rock Slide|p1a: Tatsugiri|[spread] p1b\n|-miss|p2a: Monkey Business|p1a: Tatsugiri\n|-damage|p1b: Dondozo|60\/100\n|\n|-heal|p1b: Dondozo|66\/100|[from] item: Leftovers\n|upkeep\n|turn|8\n|-message|Dr Scoob forfeited.\n|\n|win|ba oil\n|raw|ba oil's rating: 1648 &rarr; <strong>1672<\/strong><br \/>(+24 for winning)\n|raw|Dr Scoob's rating: 1727 &rarr; <strong>1703<\/strong><br \/>(-24 for losing)\n|l|\u2606Dr Scoob\n|player|p2|\n|l|\u2606ba oil\n|player|p1|\n|l| Quesam\n","uploadtime":1731854540,"views":13,"formatid":"gen9vgc2024regh","rating":1672,"private":0,"password":null}