{"id":"gen9vgc2024regh-2245439654","format":"[Gen 9] VGC 2024 Reg H","players":["SnoozeVGC","VGCLTH low laddr"],"log":"|raw|<div class=\"broadcast-blue\"><strong>This battle is required to be public due to a player having a name starting with 'vgclth'.<\/div>\n|j|\u2606SnoozeVGC\n|j|\u2606VGCLTH low laddr\n|t:|1731821422\n|gametype|doubles\n|player|p1|SnoozeVGC|juan|1695\n|player|p2|VGCLTH low laddr|lucas|1759\n|teamsize|p1|6\n|teamsize|p2|6\n|gen|9\n|tier|[Gen 9] VGC 2024 Reg H\n|rated|\n|rule|Species Clause: Limit one of each Pok\u00e9mon\n|rule|Item Clause: Limit 1 of each item\n|clearpoke\n|poke|p1|Grimmsnarl, L50, M|\n|poke|p1|Arcanine, L50, M|\n|poke|p1|Scizor, L50, M|\n|poke|p1|Primarina, L50, F|\n|poke|p1|Kommo-o, L50, M|\n|poke|p1|Ursaluna, L50, F|\n|poke|p2|Sneasler, L50, F|\n|poke|p2|Ursaluna-Bloodmoon, L50, M|\n|poke|p2|Incineroar, L50, F|\n|poke|p2|Gholdengo, L50|\n|poke|p2|Rillaboom, L50, F|\n|poke|p2|Dragonite, L50, M|\n|teampreview|4\n|inactive|Battle timer is ON: inactive players will automatically lose when time's up. (requested by VGCLTH low laddr)\n|inactive|SnoozeVGC also wants the timer to be on.\nVGCLTH low laddr has agreed to open team sheets.\n|inactive|SnoozeVGC has 60 seconds left.\n|inactive|VGCLTH low laddr has 60 seconds left.\n|\n|t:|1731821466\n|start\n|switch|p1a: Grimmsnarl|Grimmsnarl, L50, M, shiny|100\/100\n|switch|p1b: Arcanine|Arcanine, L50, M, shiny|100\/100\n|switch|p2a: Gholdengo|Gholdengo, L50|100\/100\n|switch|p2b: Incineroar|Incineroar, L50, F|100\/100\n|-ability|p1b: Arcanine|Intimidate|boost\n|-unboost|p2a: Gholdengo|atk|1\n|-unboost|p2b: Incineroar|atk|1\n|-ability|p2b: Incineroar|Intimidate|boost\n|-unboost|p1a: Grimmsnarl|atk|1\n|-unboost|p1b: Arcanine|atk|1\n|turn|1\n|inactive|SnoozeVGC has 30 seconds left.\n|j| meet me at the\n|inactive|SnoozeVGC has 20 seconds left.\n|inactive|VGCLTH low laddr has 30 seconds left.\n|inactive|SnoozeVGC has 15 seconds left.\n|\n|t:|1731821510\n|move|p2b: Incineroar|Fake Out|p1b: Arcanine\n|-damage|p1b: Arcanine|93\/100\n|move|p1a: Grimmsnarl|Light Screen|p1a: Grimmsnarl\n|-sidestart|p1: SnoozeVGC|move: Light Screen\n|move|p1b: Arcanine|Snarl|p2a: Gholdengo|[spread] p2b\n|-miss|p1b: Arcanine|p2a: Gholdengo\n|-resisted|p2b: Incineroar\n|-crit|p2b: Incineroar\n|-damage|p2b: Incineroar|95\/100\n|-unboost|p2b: Incineroar|spa|1\n|move|p2a: Gholdengo|Nasty Plot|p2a: Gholdengo\n|-boost|p2a: Gholdengo|spa|2\n|\n|upkeep\n|turn|2\n|\n|t:|1731821525\n|-terastallize|p1a: Grimmsnarl|Dark\n|move|p2a: Gholdengo|Protect|p2a: Gholdengo\n|-singleturn|p2a: Gholdengo|Protect\n|move|p1b: Arcanine|Snarl|p2a: Gholdengo|[spread] p2b\n|-activate|p2a: Gholdengo|move: Protect\n|-resisted|p2b: Incineroar\n|-damage|p2b: Incineroar|91\/100\n|-unboost|p2b: Incineroar|spa|1\n|move|p2b: Incineroar|Knock Off|p1b: Arcanine\n|-damage|p1b: Arcanine|68\/100\n|-enditem|p1b: Arcanine|Covert Cloak|[from] move: Knock Off|[of] p2b: Incineroar\n|move|p1a: Grimmsnarl|Spirit Break|p2a: Gholdengo\n|-activate|p2a: Gholdengo|move: Protect\n|\n|upkeep\n|turn|3\n|inactive|VGCLTH low laddr has 30 seconds left.\n|\n|t:|1731821555\n|move|p1b: Arcanine|Snarl|p2b: Incineroar|[spread] p2a,p2b\n|-supereffective|p2a: Gholdengo\n|-resisted|p2b: Incineroar\n|-damage|p2a: Gholdengo|81\/100\n|-damage|p2b: Incineroar|88\/100\n|-unboost|p2a: Gholdengo|spa|1\n|-unboost|p2b: Incineroar|spa|1\n|move|p2a: Gholdengo|Make It Rain|p1b: Arcanine|[spread] p1a,p1b\n|-resisted|p1b: Arcanine\n|-damage|p1a: Grimmsnarl|41\/100\n|-damage|p1b: Arcanine|36\/100\n|-unboost|p2a: Gholdengo|spa|1\n|-damage|p2a: Gholdengo|71\/100|[from] item: Life Orb\n|move|p2b: Incineroar|Parting Shot|p1b: Arcanine\n|-unboost|p1b: Arcanine|atk|1\n|-unboost|p1b: Arcanine|spa|1\n|\n|t:|1731821564\n|switch|p2b: Dragonite|Dragonite, L50, M|100\/100|[from] Parting Shot\n|move|p1a: Grimmsnarl|Spirit Break|p2a: Gholdengo\n|-resisted|p2a: Gholdengo\n|-damage|p2a: Gholdengo|61\/100\n|-unboost|p2a: Gholdengo|spa|1\n|\n|upkeep\n|turn|4\n|\n|t:|1731821580\n|move|p1a: Grimmsnarl|Parting Shot|p2b: Dragonite\n|-unboost|p2b: Dragonite|atk|1\n|-unboost|p2b: Dragonite|spa|1\n|\n|t:|1731821582\n|switch|p1a: Kommo-o|Kommo-o, L50, M, shiny|100\/100|[from] Parting Shot\n|move|p1b: Arcanine|Snarl|p2a: Gholdengo|[spread] p2a,p2b\n|-supereffective|p2a: Gholdengo\n|-damage|p2a: Gholdengo|48\/100\n|-damage|p2b: Dragonite|97\/100\n|-unboost|p2a: Gholdengo|spa|1\n|-unboost|p2b: Dragonite|spa|1\n|move|p2b: Dragonite|Scale Shot|p1b: Arcanine\n|-damage|p1b: Arcanine|25\/100\n|-crit|p1b: Arcanine\n|-damage|p1b: Arcanine|4\/100\n|-crit|p1b: Arcanine\n|-damage|p1b: Arcanine|0 fnt\n|faint|p1b: Arcanine\n|-hitcount|p1: Arcanine|3\n|-unboost|p2b: Dragonite|def|1\n|-boost|p2b: Dragonite|spe|1\n|move|p2a: Gholdengo|Nasty Plot|p2a: Gholdengo\n|-boost|p2a: Gholdengo|spa|2\n|\n|upkeep\n|\n|t:|1731821588\n|switch|p1b: Grimmsnarl|Grimmsnarl, L50, M, shiny, tera:Dark|41\/100\n|turn|5\n|\n|t:|1731821600\n|-terastallize|p2b: Dragonite|Fairy\n|move|p1b: Grimmsnarl|Parting Shot|p2b: Dragonite\n|-unboost|p2b: Dragonite|atk|1\n|-unboost|p2b: Dragonite|spa|1\n|\n|t:|1731821604\n|switch|p1b: Primarina|Primarina, L50, F, shiny|100\/100|[from] Parting Shot\n|move|p2b: Dragonite|Scale Shot|p1a: Kommo-o\n|-supereffective|p1a: Kommo-o\n|-damage|p1a: Kommo-o|84\/100\n|-supereffective|p1a: Kommo-o\n|-damage|p1a: Kommo-o|68\/100\n|-supereffective|p1a: Kommo-o\n|-damage|p1a: Kommo-o|51\/100\n|-supereffective|p1a: Kommo-o\n|-crit|p1a: Kommo-o\n|-damage|p1a: Kommo-o|6\/100\n|-enditem|p1a: Kommo-o|Sitrus Berry|[eat]\n|-heal|p1a: Kommo-o|30\/100|[from] item: Sitrus Berry\n|-hitcount|p1a: Kommo-o|4\n|-unboost|p2b: Dragonite|def|1\n|-boost|p2b: Dragonite|spe|1\n|move|p1a: Kommo-o|Clangorous Soul||[still]\n|-fail|p1a: Kommo-o\n|move|p2a: Gholdengo|Make It Rain|p1a: Kommo-o|[spread] p1a,p1b\n|-damage|p1a: Kommo-o|0 fnt\n|-damage|p1b: Primarina|64\/100\n|-unboost|p2a: Gholdengo|spa|1\n|faint|p1a: Kommo-o\n|-damage|p2a: Gholdengo|38\/100|[from] item: Life Orb\n|\n|upkeep\n|-message|SnoozeVGC forfeited.\n|\n|win|VGCLTH low laddr\n|raw|SnoozeVGC's rating: 1695 &rarr; <strong>1679<\/strong><br \/>(-16 for losing)\n|raw|VGCLTH low laddr's rating: 1759 &rarr; <strong>1775<\/strong><br \/>(+16 for winning)\n|l|\u2606SnoozeVGC\n|player|p1|\n|l| meet me at the\n","uploadtime":1731821850,"views":13,"formatid":"gen9vgc2024regh","rating":1679,"private":0,"password":null}