{"id":"gen9vgc2024regh-2245502287","format":"[Gen 9] VGC 2024 Reg H","players":["Spottedwoot","VGCLTH fangame"],"log":"|j|\u2606Spottedwoot\n|j|\u2606VGCLTH fangame\n|t:|1731834512\n|gametype|doubles\n|player|p1|Spottedwoot|101|1725\n|player|p2|VGCLTH fangame|red|1685\n|teamsize|p1|6\n|teamsize|p2|6\n|gen|9\n|tier|[Gen 9] VGC 2024 Reg H\n|rated|\n|rule|Species Clause: Limit one of each Pok\u00e9mon\n|rule|Item Clause: Limit 1 of each item\n|clearpoke\n|poke|p1|Kingambit, L50, F|\n|poke|p1|Primarina, L50, F|\n|poke|p1|Salamence, L50, M|\n|poke|p1|Gholdengo, L50|\n|poke|p1|Sneasler, L50, F|\n|poke|p1|Volcarona, L50, F|\n|poke|p2|Glaceon, L50, F|\n|poke|p2|Ninetales-Alola, L50, F|\n|poke|p2|Milotic, L50, M|\n|poke|p2|Incineroar, L50, F|\n|poke|p2|Ursaluna-Bloodmoon, L50, M|\n|poke|p2|Annihilape, L50, F|\n|teampreview|4\n|inactive|Battle timer is ON: inactive players will automatically lose when time's up. (requested by VGCLTH fangame)\n|inactive|Spottedwoot has 60 seconds left.\n|inactive|VGCLTH fangame has 60 seconds left.\n|inactive|VGCLTH fangame has 30 seconds left.\n|inactive|VGCLTH fangame has 20 seconds left.\n|inactive|VGCLTH fangame has 15 seconds left.\n|\n|t:|1731834588\n|start\n|switch|p1a: Salamence|Salamence, L50, M|100\/100\n|switch|p1b: Gholdengo|Gholdengo, L50|100\/100\n|switch|p2a: Ninetales|Ninetales-Alola, L50, F, shiny|100\/100\n|switch|p2b: Annihilape|Annihilape, L50, F, shiny|100\/100\n|-weather|Snow|[from] ability: Snow Warning|[of] p2a: Ninetales\n|-ability|p1a: Salamence|Intimidate|boost\n|-unboost|p2a: Ninetales|atk|1\n|-unboost|p2b: Annihilape|atk|1\n|-ability|p2b: Annihilape|Defiant|boost\n|-boost|p2b: Annihilape|atk|2\n|turn|1\n|inactive|Spottedwoot has 30 seconds left.\n|inactive|VGCLTH fangame has 30 seconds left.\n|inactive|Spottedwoot has 20 seconds left.\n|inactive|Spottedwoot has 15 seconds left.\n|inactive|Spottedwoot has 10 seconds left.\n|\n|t:|1731834633\n|-terastallize|p1a: Salamence|Fairy\n|-terastallize|p2b: Annihilape|Electric\n|move|p2a: Ninetales|Aurora Veil|p2a: Ninetales\n|-sidestart|p2: VGCLTH fangame|move: Aurora Veil\n|move|p1a: Salamence|Tailwind|p1a: Salamence\n|-sidestart|p1: Spottedwoot|move: Tailwind\n|move|p1b: Gholdengo|Make It Rain|p2a: Ninetales|[spread] p2a,p2b\n|-supereffective|p2a: Ninetales\n|-resisted|p2b: Annihilape\n|-damage|p2a: Ninetales|0 fnt\n|-damage|p2b: Annihilape|79\/100\n|-unboost|p1b: Gholdengo|spa|1\n|faint|p2a: Ninetales\n|move|p2b: Annihilape|Bulk Up|p2b: Annihilape\n|-boost|p2b: Annihilape|atk|1\n|-boost|p2b: Annihilape|def|1\n|\n|-weather|Snow|[upkeep]\n|-heal|p2b: Annihilape|85\/100|[from] item: Leftovers\n|upkeep\n|\n|t:|1731834640\n|switch|p2a: Milotic|Milotic, L50, M, shiny|100\/100\n|turn|2\n|\n|t:|1731834648\n|switch|p1b: Volcarona|Volcarona, L50, F|100\/100\n|move|p2b: Annihilape|Protect|p2b: Annihilape\n|-singleturn|p2b: Annihilape|Protect\n|move|p1a: Salamence|Draco Meteor|p2b: Annihilape\n|-activate|p2b: Annihilape|move: Protect\n|move|p2a: Milotic|Coil|p2a: Milotic\n|-boost|p2a: Milotic|atk|1\n|-boost|p2a: Milotic|def|1\n|-boost|p2a: Milotic|accuracy|1\n|\n|-weather|Snow|[upkeep]\n|-heal|p2b: Annihilape|91\/100|[from] item: Leftovers\n|upkeep\n|turn|3\n|\n|t:|1731834660\n|move|p1b: Volcarona|Heat Wave|p2b: Annihilape|[spread] p2a\n|-miss|p1b: Volcarona|p2b: Annihilape\n|-resisted|p2a: Milotic\n|-damage|p2a: Milotic|93\/100\n|move|p1a: Salamence|Draco Meteor|p2b: Annihilape\n|-damage|p2b: Annihilape|41\/100\n|-unboost|p1a: Salamence|spa|2\n|-damage|p1a: Salamence|90\/100|[from] item: Life Orb\n|move|p2b: Annihilape|Rage Fist|p1b: Volcarona\n|-damage|p1b: Volcarona|0 fnt\n|-status|p2b: Annihilape|brn|[from] ability: Flame Body|[of] p1b: Volcarona\n|faint|p1b: Volcarona\n|move|p2a: Milotic|Hypnosis|p1a: Salamence\n|-status|p1a: Salamence|slp|[from] move: Hypnosis\n|\n|-weather|Snow|[upkeep]\n|-heal|p2b: Annihilape|47\/100 brn|[from] item: Leftovers\n|-damage|p2b: Annihilape|41\/100 brn|[from] brn\n|upkeep\n|\n|t:|1731834668\n|switch|p1b: Gholdengo|Gholdengo, L50|100\/100\n|turn|4\n|\n|t:|1731834680\n|move|p2b: Annihilape|Protect|p2b: Annihilape\n|-singleturn|p2b: Annihilape|Protect\n|cant|p1a: Salamence|slp\n|move|p1b: Gholdengo|Shadow Ball|p2b: Annihilape\n|-activate|p2b: Annihilape|move: Protect\n|move|p2a: Milotic|Life Dew|p2a: Milotic|[spread] p2a,p2b\n|-heal|p2a: Milotic|100\/100\n|-heal|p2b: Annihilape|66\/100 brn\n|\n|-weather|Snow|[upkeep]\n|-heal|p2b: Annihilape|72\/100 brn|[from] item: Leftovers\n|-damage|p2b: Annihilape|66\/100 brn|[from] brn\n|-sideend|p1: Spottedwoot|move: Tailwind\n|upkeep\n|turn|5\n|\n|t:|1731834688\n|switch|p1a: Sneasler|Sneasler, L50, F|100\/100\n|move|p2b: Annihilape|Rage Fist|p1b: Gholdengo\n|-supereffective|p1b: Gholdengo\n|-damage|p1b: Gholdengo|0 fnt\n|faint|p1b: Gholdengo\n|move|p2a: Milotic|Coil|p2a: Milotic\n|-boost|p2a: Milotic|atk|1\n|-boost|p2a: Milotic|def|1\n|-boost|p2a: Milotic|accuracy|1\n|\n|-weather|none\n|-heal|p2b: Annihilape|72\/100 brn|[from] item: Leftovers\n|-damage|p2b: Annihilape|66\/100 brn|[from] brn\n|-sideend|p2: VGCLTH fangame|move: Aurora Veil\n|upkeep\n|-message|Spottedwoot forfeited.\n|\n|win|VGCLTH fangame\n|raw|Spottedwoot's rating: 1725 &rarr; <strong>1703<\/strong><br \/>(-22 for losing)\n|raw|VGCLTH fangame's rating: 1685 &rarr; <strong>1707<\/strong><br \/>(+22 for winning)\n","uploadtime":1731834696,"views":100,"formatid":"gen9vgc2024regh","rating":1703,"private":0,"password":null}