{"id":"gen9vgc2024regh-2245240397","format":"[Gen 9] VGC 2024 Reg H","players":["finalkingambittcg","vgclth cuwutie"],"log":"|raw|<div class=\"broadcast-blue\"><strong>This battle is required to be public due to a player having a name starting with 'vgclth'.<\/div>\n|j|\u203dfinalkingambittcg\n|j|\u2606vgclth cuwutie\n|t:|1731794038\n|gametype|doubles\n|player|p1|finalkingambittcg|102|1773\n|player|p2|vgclth cuwutie|266|1823\n|teamsize|p1|6\n|teamsize|p2|6\n|gen|9\n|tier|[Gen 9] VGC 2024 Reg H\n|rated|\n|rule|Species Clause: Limit one of each Pok\u00e9mon\n|rule|Item Clause: Limit 1 of each item\n|clearpoke\n|poke|p1|Kingambit, L50, M|\n|poke|p1|Klefki, L50, M|\n|poke|p1|Ursaluna-Bloodmoon, L50, M|\n|poke|p1|Annihilape, L50, M|\n|poke|p1|Greninja-*, L50, M|\n|poke|p1|Dusclops, L50, F|\n|poke|p2|Smeargle, L50, F|\n|poke|p2|Farigiraf, L50, F|\n|poke|p2|Maushold-Four, L50|\n|poke|p2|Torkoal, L50, F|\n|poke|p2|Ursaluna-Bloodmoon, L50, M|\n|poke|p2|Weezing-Galar, L50, M|\n|teampreview|4\n|j| volcaronavgc\n|inactive|Battle timer is ON: inactive players will automatically lose when time's up. (requested by vgclth cuwutie)\n|\n|t:|1731794104\n|start\n|switch|p1a: Klefki|Klefki, L50, M|100\/100\n|switch|p1b: Ursaluna|Ursaluna-Bloodmoon, L50, M|100\/100\n|switch|p2a: Smeargle|Smeargle, L50, F|100\/100\n|switch|p2b: Farigiraf|Farigiraf, L50, F|100\/100\n|turn|1\n|\n|t:|1731794122\n|move|p1a: Klefki|Misty Terrain|p1a: Klefki\n|-fieldstart|move: Misty Terrain\n|move|p2a: Smeargle|Spore|p1b: Ursaluna\n|-activate|p1b: Ursaluna|move: Misty Terrain\n|move|p1b: Ursaluna|Blood Moon|p2b: Farigiraf\n|-damage|p2b: Farigiraf|37\/100\n|move|p2b: Farigiraf|Trick Room|p2b: Farigiraf\n|-fieldstart|move: Trick Room|[of] p2b: Farigiraf\n|\n|-ability|p2a: Smeargle|Moody|boost\n|-boost|p2a: Smeargle|spe|2\n|-unboost|p2a: Smeargle|spd|1\n|-enditem|p2a: Smeargle|Eject Pack\n|upkeep\n|\n|t:|1731794125\n|switch|p2a: Torkoal|Torkoal, L50, F|100\/100\n|-weather|SunnyDay|[from] ability: Drought|[of] p2a: Torkoal\n|turn|2\n|\n|t:|1731794148\n|-terastallize|p2a: Torkoal|Fire\n|-terastallize|p1b: Ursaluna|Dragon\n|move|p2b: Farigiraf|Helping Hand|p2a: Torkoal\n|-singleturn|p2a: Torkoal|Helping Hand|[of] p2b: Farigiraf\n|move|p1a: Klefki|Light Screen|p1a: Klefki\n|-sidestart|p1: finalkingambittcg|move: Light Screen\n|move|p2a: Torkoal|Eruption|p1b: Ursaluna|[spread] p1a,p1b\n|-supereffective|p1a: Klefki\n|-resisted|p1b: Ursaluna\n|-damage|p1a: Klefki|0 fnt\n|-damage|p1b: Ursaluna|52\/100\n|faint|p1a: Klefki\n|move|p1b: Ursaluna|Earth Power|p2a: Torkoal\n|-supereffective|p2a: Torkoal\n|-damage|p2a: Torkoal|0 fnt\n|faint|p2a: Torkoal\n|\n|-weather|SunnyDay|[upkeep]\n|upkeep\n|\n|t:|1731794169\n|switch|p2a: Ursaluna|Ursaluna-Bloodmoon, L50, M|100\/100\n|switch|p1a: Kingambit|Kingambit, L50, M|100\/100\n|-activate|p1a: Kingambit|ability: Supreme Overlord\n|-start|p1a: Kingambit|fallen1|[silent]\n|turn|3\n|\n|t:|1731794183\n|move|p2b: Farigiraf|Helping Hand|p2a: Ursaluna\n|-singleturn|p2a: Ursaluna|Helping Hand|[of] p2b: Farigiraf\n|move|p2a: Ursaluna|Blood Moon|p1b: Ursaluna\n|-damage|p1b: Ursaluna|0 fnt\n|faint|p1b: Ursaluna\n|-damage|p2a: Ursaluna|90\/100|[from] item: Life Orb\n|move|p1a: Kingambit|Kowtow Cleave|p2b: Farigiraf\n|-supereffective|p2b: Farigiraf\n|-damage|p2b: Farigiraf|0 fnt\n|faint|p2b: Farigiraf\n|\n|-weather|SunnyDay|[upkeep]\n|upkeep\n|\n|t:|1731794189\n|switch|p2b: Smeargle|Smeargle, L50, F|100\/100\n|switch|p1b: Annihilape|Annihilape, L50, M|100\/100\n|turn|4\n|\n|t:|1731794201\n|move|p2a: Ursaluna|Earth Power|p1a: Kingambit\n|-supereffective|p1a: Kingambit\n|-damage|p1a: Kingambit|9\/100\n|-damage|p2a: Ursaluna|80\/100|[from] item: Life Orb\n|move|p1a: Kingambit|Kowtow Cleave|p2b: Smeargle\n|-damage|p2b: Smeargle|0 fnt\n|faint|p2b: Smeargle\n|move|p1b: Annihilape|Drain Punch|p2a: Ursaluna\n|-supereffective|p2a: Ursaluna\n|-damage|p2a: Ursaluna|39\/100\n|\n|-weather|SunnyDay|[upkeep]\n|upkeep\n|turn|5\n|\n|t:|1731794211\n|move|p1a: Kingambit|Protect|p1a: Kingambit\n|-singleturn|p1a: Kingambit|Protect\n|move|p1b: Annihilape|Protect|p1b: Annihilape\n|-singleturn|p1b: Annihilape|Protect\n|move|p2a: Ursaluna|Blood Moon|p1b: Annihilape\n|-activate|p1b: Annihilape|move: Protect\n|\n|-weather|SunnyDay|[upkeep]\n|-fieldend|move: Trick Room\n|-fieldend|Misty Terrain\n|upkeep\n|turn|6\n|-message|vgclth cuwutie forfeited.\n|\n|win|finalkingambittcg\n|raw|finalkingambittcg's rating: 1773 &rarr; <strong>1795<\/strong><br \/>(+22 for winning)\n|raw|vgclth cuwutie's rating: 1803 &rarr; <strong>1781<\/strong><br \/>(-22 for losing)\n","uploadtime":1731794376,"views":31,"formatid":"gen9vgc2024regh","rating":1781,"private":0,"password":null}