{"id":"gen9vgc2024regh-2245714739","format":"[Gen 9] VGC 2024 Reg H","players":["Jdaboy1337","onworkhan92"],"log":"|j|\u2606Jdaboy1337\n|j|\u2606onworkhan92\n|t:|1731868281\n|gametype|doubles\n|player|p1|Jdaboy1337|265|1715\n|player|p2|onworkhan92|101|1692\n|teamsize|p1|6\n|teamsize|p2|6\n|gen|9\n|tier|[Gen 9] VGC 2024 Reg H\n|rated|\n|rule|Species Clause: Limit one of each Pok\u00e9mon\n|rule|Item Clause: Limit 1 of each item\n|clearpoke\n|poke|p1|Baxcalibur, L50, F|\n|poke|p1|Ninetales-Alola, L50, F|\n|poke|p1|Annihilape, L50, F|\n|poke|p1|Armarouge, L50, M|\n|poke|p1|Indeedee-F, L50, F|\n|poke|p1|Weavile, L50, F|\n|poke|p2|Ursaluna, L50, M|\n|poke|p2|Basculegion, L50, M|\n|poke|p2|Dragonite, L50, M|\n|poke|p2|Archaludon, L50, M|\n|poke|p2|Pelipper, L50, M|\n|poke|p2|Sinistcha, L50|\n|teampreview|4\n|inactive|Battle timer is ON: inactive players will automatically lose when time's up. (requested by Jdaboy1337)\n|inactive|Jdaboy1337 has 60 seconds left.\n|inactive|onworkhan92 has 60 seconds left.\n|\n|t:|1731868337\n|start\n|switch|p1a: Indeedee|Indeedee-F, L50, F|100\/100\n|switch|p1b: Weavile|Weavile, L50, F|100\/100\n|switch|p2a: Basculegion|Basculegion, L50, M|100\/100\n|switch|p2b: Dragonite|Dragonite, L50, M|100\/100\n|-ability|p1b: Weavile|Pressure\n|-fieldstart|move: Psychic Terrain|[from] ability: Psychic Surge|[of] p1a: Indeedee\n|turn|1\n|\n|t:|1731868361\n|switch|p1b: Ninetales|Ninetales-Alola, L50, F|100\/100\n|-weather|Snow|[from] ability: Snow Warning|[of] p1b: Ninetales\n|move|p2b: Dragonite|Protect|p2b: Dragonite\n|-singleturn|p2b: Dragonite|Protect\n|move|p1a: Indeedee|Follow Me|p1a: Indeedee\n|-singleturn|p1a: Indeedee|move: Follow Me\n|move|p2a: Basculegion|Flip Turn|p1a: Indeedee\n|-damage|p1a: Indeedee|62\/100\n|-damage|p2a: Basculegion|84\/100|[from] item: Rocky Helmet|[of] p1a: Indeedee\n|\n|t:|1731868377\n|switch|p2a: Pelipper|Pelipper, L50, M|100\/100|[from] Flip Turn\n|-weather|RainDance|[from] ability: Drizzle|[of] p2a: Pelipper\n|\n|-weather|RainDance|[upkeep]\n|upkeep\n|turn|2\n|\n|t:|1731868389\n|switch|p1b: Weavile|Weavile, L50, F|100\/100\n|-ability|p1b: Weavile|Pressure\n|switch|p2a: Archaludon|Archaludon, L50, M|100\/100\n|move|p1a: Indeedee|Follow Me|p1a: Indeedee\n|-singleturn|p1a: Indeedee|move: Follow Me\n|move|p2b: Dragonite|Scale Shot|p1a: Indeedee\n|-damage|p1a: Indeedee|49\/100\n|-damage|p1a: Indeedee|34\/100\n|-damage|p1a: Indeedee|21\/100\n|-damage|p1a: Indeedee|6\/100\n|-hitcount|p1a: Indeedee|4\n|-unboost|p2b: Dragonite|def|1\n|-boost|p2b: Dragonite|spe|1\n|\n|-weather|RainDance|[upkeep]\n|upkeep\n|turn|3\n|\n|t:|1731868407\n|move|p2b: Dragonite|Protect|p2b: Dragonite\n|-singleturn|p2b: Dragonite|Protect\n|move|p1a: Indeedee|Protect|p1a: Indeedee\n|-singleturn|p1a: Indeedee|Protect\n|move|p1b: Weavile|Knock Off|p2a: Archaludon\n|-damage|p2a: Archaludon|73\/100\n|-ability|p2a: Archaludon|Stamina|boost\n|-boost|p2a: Archaludon|def|1\n|-enditem|p2a: Archaludon|Assault Vest|[from] move: Knock Off|[of] p1b: Weavile\n|move|p2a: Archaludon|Snarl|p1b: Weavile|[spread] p1b\n|-activate|p1a: Indeedee|move: Protect\n|-resisted|p1b: Weavile\n|-damage|p1b: Weavile|92\/100\n|-unboost|p1b: Weavile|spa|1\n|\n|-weather|RainDance|[upkeep]\n|upkeep\n|turn|4\n|inactive|onworkhan92 has 30 seconds left.\n|inactive|onworkhan92 has 20 seconds left.\n|inactive|onworkhan92 has 15 seconds left.\n|\n|t:|1731868452\n|-terastallize|p2b: Dragonite|Fairy\n|move|p1a: Indeedee|Follow Me|p1a: Indeedee\n|-singleturn|p1a: Indeedee|move: Follow Me\n|move|p2b: Dragonite|Tailwind|p2b: Dragonite\n|-sidestart|p2: onworkhan92|move: Tailwind\n|move|p2a: Archaludon|Electro Shot||[still]\n|-prepare|p2a: Archaludon|Electro Shot\n|-boost|p2a: Archaludon|spa|1\n|-anim|p2a: Archaludon|Electro Shot|p1a: Indeedee\n|-damage|p1a: Indeedee|0 fnt\n|faint|p1a: Indeedee\n|move|p1b: Weavile|Triple Axel|p2b: Dragonite\n|-damage|p2b: Dragonite|92\/100\n|-damage|p2b: Dragonite|56\/100\n|-damage|p2b: Dragonite|6\/100\n|-hitcount|p2b: Dragonite|3\n|\n|-weather|RainDance|[upkeep]\n|upkeep\n|\n|t:|1731868460\n|switch|p1a: Ninetales|Ninetales-Alola, L50, F|100\/100\n|-weather|Snow|[from] ability: Snow Warning|[of] p1a: Ninetales\n|turn|5\n|\n|t:|1731868478\n|switch|p2b: Pelipper|Pelipper, L50, M|100\/100\n|-weather|RainDance|[from] ability: Drizzle|[of] p2b: Pelipper\n|move|p2a: Archaludon|Flash Cannon|p1a: Ninetales\n|-supereffective|p1a: Ninetales\n|-crit|p1a: Ninetales\n|-damage|p1a: Ninetales|0 fnt\n|faint|p1a: Ninetales\n|move|p1b: Weavile|Triple Axel|p2b: Pelipper\n|-damage|p2b: Pelipper|89\/100\n|-damage|p2b: Pelipper|64\/100\n|-damage|p2b: Pelipper|22\/100\n|-hitcount|p2b: Pelipper|3\n|\n|-weather|RainDance|[upkeep]\n|-fieldend|move: Psychic Terrain\n|upkeep\n|\n|t:|1731868484\n|switch|p1a: Baxcalibur|Baxcalibur, L50, F, shiny|100\/100\n|turn|6\n|\n|t:|1731868500\n|-terastallize|p1a: Baxcalibur|Poison\n|move|p2b: Pelipper|Hurricane|p1a: Baxcalibur\n|-damage|p1a: Baxcalibur|45\/100\n|move|p2a: Archaludon|Electro Shot||[still]\n|-prepare|p2a: Archaludon|Electro Shot\n|-boost|p2a: Archaludon|spa|1\n|-anim|p2a: Archaludon|Electro Shot|p1b: Weavile\n|-damage|p1b: Weavile|0 fnt\n|faint|p1b: Weavile\n|move|p1a: Baxcalibur|Scale Shot|p2a: Archaludon\n|-damage|p2a: Archaludon|67\/100\n|-ability|p2a: Archaludon|Stamina|boost\n|-boost|p2a: Archaludon|def|1\n|-damage|p2a: Archaludon|62\/100\n|-ability|p2a: Archaludon|Stamina|boost\n|-boost|p2a: Archaludon|def|1\n|-crit|p2a: Archaludon\n|-damage|p2a: Archaludon|48\/100\n|-ability|p2a: Archaludon|Stamina|boost\n|-boost|p2a: Archaludon|def|1\n|-damage|p2a: Archaludon|45\/100\n|-ability|p2a: Archaludon|Stamina|boost\n|-boost|p2a: Archaludon|def|1\n|-damage|p2a: Archaludon|42\/100\n|-ability|p2a: Archaludon|Stamina|boost\n|-boost|p2a: Archaludon|def|1\n|-hitcount|p2a: Archaludon|5\n|-unboost|p1a: Baxcalibur|def|1\n|-boost|p1a: Baxcalibur|spe|1\n|\n|-weather|RainDance|[upkeep]\n|upkeep\n|turn|7\n|-message|Jdaboy1337 forfeited.\n|\n|win|onworkhan92\n|raw|Jdaboy1337's rating: 1715 &rarr; <strong>1694<\/strong><br \/>(-21 for losing)\n|raw|onworkhan92's rating: 1692 &rarr; <strong>1713<\/strong><br \/>(+21 for winning)\n|l|\u2606Jdaboy1337\n|player|p1|\n|l|\u2606onworkhan92\n|player|p2|\n","uploadtime":1731868691,"views":10,"formatid":"gen9vgc2024regh","rating":1694,"private":0,"password":null}