{"id":"gen9vgc2024regh-2245140850","format":"[Gen 9] VGC 2024 Reg H","players":["eriksp2","vgclth elowyn"],"log":"|j|\u2606eriksp2\n|j|\u2606vgclth elowyn\n|t:|1731781757\n|gametype|doubles\n|player|p1|eriksp2|volkner-masters|1653\n|player|p2|vgclth elowyn|266|1734\n|teamsize|p1|6\n|teamsize|p2|6\n|gen|9\n|tier|[Gen 9] VGC 2024 Reg H\n|rated|\n|rule|Species Clause: Limit one of each Pok\u00e9mon\n|rule|Item Clause: Limit 1 of each item\n|clearpoke\n|poke|p1|Baxcalibur, L50, F|\n|poke|p1|Kingambit, L50, M|\n|poke|p1|Sneasler, L50, F|\n|poke|p1|Rillaboom, L50, M|\n|poke|p1|Volcarona, L50, F|\n|poke|p1|Basculegion, L50, M|\n|poke|p2|Dondozo, L50, F|\n|poke|p2|Tatsugiri, L50, M|\n|poke|p2|Dragonite, L50, F|\n|poke|p2|Gholdengo, L50|\n|poke|p2|Tyranitar, L50, M|\n|poke|p2|Murkrow, L50, F|\n|teampreview|4\neriksp2 has agreed to open team sheets.\n|c|\u2606eriksp2|glhf\n|c|\u2606vgclth elowyn|u2\n|\n|t:|1731781802\n|start\n|switch|p1a: K-Dot|Kingambit, L50, M, shiny|100\/100\n|switch|p1b: Volcarona|Volcarona, L50, F|100\/100\n|switch|p2a: Tyranitar|Tyranitar, L50, M|100\/100\n|switch|p2b: Dragonite|Dragonite, L50, F|100\/100\n|-weather|Sandstorm|[from] ability: Sand Stream|[of] p2a: Tyranitar\n|turn|1\n|j| volcaronavgc\n|\n|t:|1731781842\n|-terastallize|p2b: Dragonite|Flying\n|-terastallize|p1a: K-Dot|Ghost\n|move|p1b: Volcarona|Protect|p1b: Volcarona\n|-singleturn|p1b: Volcarona|Protect\n|move|p2b: Dragonite|Tera Blast|p1b: Volcarona|[anim] Tera Blast Flying\n|-activate|p1b: Volcarona|move: Protect\n|move|p2a: Tyranitar|Brick Break|p1a: K-Dot\n|-immune|p1a: K-Dot\n|move|p1a: K-Dot|Low Kick|p2a: Tyranitar\n|-supereffective|p2a: Tyranitar\n|-damage|p2a: Tyranitar|0 fnt\n|faint|p2a: Tyranitar\n|\n|-weather|Sandstorm|[upkeep]\n|-damage|p1b: Volcarona|94\/100|[from] Sandstorm\n|-damage|p2b: Dragonite|95\/100|[from] Sandstorm\n|-damage|p1a: K-Dot|94\/100|[from] Sandstorm\n|upkeep\n|\n|t:|1731781850\n|switch|p2a: Dondozo|Dondozo, L50, F|100\/100\n|turn|2\n|\n|t:|1731781870\n|move|p2a: Dondozo|Protect|p2a: Dondozo\n|-singleturn|p2a: Dondozo|Protect\n|move|p1b: Volcarona|Heat Wave|p2a: Dondozo|[spread] p2b\n|-activate|p2a: Dondozo|move: Protect\n|-damage|p2b: Dragonite|53\/100\n|move|p2b: Dragonite|Tera Blast|p1a: K-Dot|[anim] Tera Blast Flying\n|-damage|p1a: K-Dot|26\/100\n|move|p1a: K-Dot|Kowtow Cleave|p2b: Dragonite\n|-damage|p2b: Dragonite|0 fnt\n|faint|p2b: Dragonite\n|\n|-weather|Sandstorm|[upkeep]\n|-damage|p1b: Volcarona|88\/100|[from] Sandstorm\n|-damage|p2a: Dondozo|94\/100|[from] Sandstorm\n|-damage|p1a: K-Dot|20\/100|[from] Sandstorm\n|-heal|p2a: Dondozo|100\/100|[from] item: Leftovers\n|upkeep\n|\n|t:|1731781875\n|switch|p2b: Tatsugiri|Tatsugiri, L50, M|100\/100\n|-activate|p2b: Tatsugiri|ability: Commander|[of] p2a: Dondozo\n|-boost|p2a: Dondozo|atk|2\n|-boost|p2a: Dondozo|spa|2\n|-boost|p2a: Dondozo|spe|2\n|-boost|p2a: Dondozo|def|2\n|-boost|p2a: Dondozo|spd|2\n|turn|3\n|\n|t:|1731781891\n|switch|p1b: Phife|Rillaboom, L50, M, shiny|100\/100\n|-fieldstart|move: Grassy Terrain|[from] ability: Grassy Surge|[of] p1b: Phife\n|move|p2a: Dondozo|Wave Crash|p1b: Phife\n|-resisted|p1b: Phife\n|-damage|p1b: Phife|52\/100\n|-damage|p2a: Dondozo|86\/100|[from] Recoil\n|move|p1a: K-Dot|Kowtow Cleave|p2a: Dondozo\n|-damage|p2a: Dondozo|68\/100\n|\n|-weather|Sandstorm|[upkeep]\n|-damage|p2b: Tatsugiri|95\/100|[from] Sandstorm\n|-damage|p2a: Dondozo|62\/100|[from] Sandstorm\n|-damage|p1b: Phife|47\/100|[from] Sandstorm\n|-damage|p1a: K-Dot|14\/100|[from] Sandstorm\n|-heal|p2b: Tatsugiri|100\/100|[from] Grassy Terrain\n|-heal|p2a: Dondozo|68\/100|[from] Grassy Terrain\n|-heal|p2a: Dondozo|74\/100|[from] item: Leftovers\n|-heal|p1b: Phife|52\/100|[from] Grassy Terrain\n|-heal|p1a: K-Dot|20\/100|[from] Grassy Terrain\n|upkeep\n|turn|4\n|\n|t:|1731781904\n|move|p2a: Dondozo|Protect|p2a: Dondozo\n|-singleturn|p2a: Dondozo|Protect\n|move|p1b: Phife|Fake Out|p2a: Dondozo\n|-activate|p2a: Dondozo|move: Protect\n|move|p1a: K-Dot|Kowtow Cleave|p2a: Dondozo\n|-activate|p2a: Dondozo|move: Protect\n|\n|-weather|Sandstorm|[upkeep]\n|-damage|p2b: Tatsugiri|95\/100|[from] Sandstorm\n|-damage|p2a: Dondozo|68\/100|[from] Sandstorm\n|-damage|p1b: Phife|47\/100|[from] Sandstorm\n|-damage|p1a: K-Dot|14\/100|[from] Sandstorm\n|-heal|p2b: Tatsugiri|100\/100|[from] Grassy Terrain\n|-heal|p2a: Dondozo|74\/100|[from] Grassy Terrain\n|-heal|p2a: Dondozo|81\/100|[from] item: Leftovers\n|-heal|p1b: Phife|52\/100|[from] Grassy Terrain\n|-heal|p1a: K-Dot|20\/100|[from] Grassy Terrain\n|upkeep\n|turn|5\n|\n|t:|1731781909\n|move|p2a: Dondozo|Wave Crash|p1b: Phife\n|-resisted|p1b: Phife\n|-damage|p1b: Phife|6\/100\n|-damage|p2a: Dondozo|66\/100|[from] Recoil\n|move|p1b: Phife|Wood Hammer|p2a: Dondozo\n|-supereffective|p2a: Dondozo\n|-damage|p2a: Dondozo|5\/100\n|-damage|p1b: Phife|0 fnt|[from] Recoil\n|faint|p1b: Phife\n|move|p1a: K-Dot|Kowtow Cleave|p2a: Dondozo\n|-crit|p2a: Dondozo\n|-damage|p2a: Dondozo|0 fnt\n|faint|p2a: Dondozo\n|\n|-weather|none\n|-heal|p1a: K-Dot|26\/100|[from] Grassy Terrain\n|upkeep\n|\n|t:|1731781920\n|switch|p1b: Basculegion|Basculegion, L50, M|100\/100\n|turn|6\n|c|\u2606eriksp2|ggwp\n|\n|t:|1731781937\n|move|p1a: K-Dot|Sucker Punch|p2b: Tatsugiri\n|-damage|p2b: Tatsugiri|24\/100\n|move|p2b: Tatsugiri|Muddy Water|p1b: Basculegion|[spread] p1a\n|-miss|p2b: Tatsugiri|p1b: Basculegion\n|-damage|p1a: K-Dot|6\/100\n|-unboost|p1a: K-Dot|accuracy|1\n|-ability|p1a: K-Dot|Defiant|boost\n|-boost|p1a: K-Dot|atk|2\n|move|p1b: Basculegion|Last Respects|p2b: Tatsugiri\n|-crit|p2b: Tatsugiri\n|-damage|p2b: Tatsugiri|0 fnt\n|faint|p2b: Tatsugiri\n|\n|win|eriksp2\n|raw|eriksp2's rating: 1653 &rarr; <strong>1678<\/strong><br \/>(+25 for winning)\n|raw|vgclth elowyn's rating: 1734 &rarr; <strong>1709<\/strong><br \/>(-25 for losing)\n","uploadtime":1731781941,"views":15,"formatid":"gen9vgc2024regh","rating":1678,"private":0,"password":null}