{"id":"gen9vgc2024regh-2245846013","format":"[Gen 9] VGC 2024 Reg H","players":["VGCLTH Glock Tuah","vgclth chromate"],"log":"|raw|<div class=\"broadcast-blue\"><strong>This battle is required to be public due to a player having a name starting with 'vgclth'.<\/div>\n|j|\u2606VGCLTH Glock Tuah\n|j|\u2606vgclth chromate\n|t:|1731883601\n|gametype|doubles\n|player|p1|VGCLTH Glock Tuah|koga-lgpe|1747\n|player|p2|vgclth chromate|allister|1861\n|teamsize|p1|6\n|teamsize|p2|6\n|gen|9\n|tier|[Gen 9] VGC 2024 Reg H\n|rated|\n|rule|Species Clause: Limit one of each Pok\u00e9mon\n|rule|Item Clause: Limit 1 of each item\n|clearpoke\n|poke|p1|Annihilape, L50, M|\n|poke|p1|Dondozo, L50, F|\n|poke|p1|Maushold-Four, L50|\n|poke|p1|Gholdengo, L50|\n|poke|p1|Whimsicott, L50, M|\n|poke|p1|Tatsugiri, L50, F|\n|poke|p2|Archaludon, L50, F|\n|poke|p2|Pelipper, L50, M|\n|poke|p2|Basculegion, L50, M|\n|poke|p2|Gholdengo, L50|\n|poke|p2|Incineroar, L50, M|\n|poke|p2|Amoonguss, L50, M|\n|teampreview|4\n|inactive|Battle timer is ON: inactive players will automatically lose when time's up. (requested by VGCLTH Glock Tuah)\n|inactive|VGCLTH Glock Tuah has 60 seconds left.\n|inactive|vgclth chromate has 60 seconds left.\n|j| VGCLTH Sac gaming\n|j|%Tb0lt\n|j|+Eeveon7\u2764\n|j| Finabas\n|j| FBISurveillanceMan\n|j| VGCLTH Brix\n|j| HarshEuroBarge\n|j| Therazer456\n|inactive|VGCLTH Glock Tuah has 30 seconds left.\n|\n|t:|1731883663\n|start\n|switch|p1a: Maushold|Maushold-Four, L50|100\/100\n|switch|p1b: Dondozo|Dondozo, L50, F, shiny|100\/100\n|switch|p2a: Archaludon|Archaludon, L50, F|100\/100\n|switch|p2b: Pelipper|Pelipper, L50, M|100\/100\n|-weather|RainDance|[from] ability: Drizzle|[of] p2b: Pelipper\n|turn|1\n|j| VGCLTH Thacrow\n|inactive|VGCLTH Glock Tuah has 30 seconds left.\n|\n|t:|1731883689\n|switch|p1a: Tatsugiri|Tatsugiri, L50, F, shiny|100\/100\n|-activate|p1a: Tatsugiri|ability: Commander|[of] p1b: Dondozo\n|-boost|p1b: Dondozo|atk|2\n|-boost|p1b: Dondozo|spa|2\n|-boost|p1b: Dondozo|spe|2\n|-boost|p1b: Dondozo|def|2\n|-boost|p1b: Dondozo|spd|2\n|move|p2b: Pelipper|Protect|p2b: Pelipper\n|-singleturn|p2b: Pelipper|Protect\n|move|p1b: Dondozo|Order Up|p2b: Pelipper\n|-activate|p2b: Pelipper|move: Protect\n|move|p2a: Archaludon|Electro Shot||[still]\n|-prepare|p2a: Archaludon|Electro Shot\n|-boost|p2a: Archaludon|spa|1\n|-anim|p2a: Archaludon|Electro Shot|p1b: Dondozo\n|-supereffective|p1b: Dondozo\n|-damage|p1b: Dondozo|53\/100\n|\n|-weather|RainDance|[upkeep]\n|-heal|p1b: Dondozo|60\/100|[from] item: Leftovers\n|upkeep\n|turn|2\n|\n|t:|1731883703\n|move|p1b: Dondozo|Order Up|p2b: Pelipper\n|-damage|p2b: Pelipper|31\/100\n|-boost|p1b: Dondozo|atk|1\n|move|p2b: Pelipper|Tailwind|p2b: Pelipper\n|-sidestart|p2: vgclth chromate|move: Tailwind\n|move|p2a: Archaludon|Electro Shot||[still]\n|-prepare|p2a: Archaludon|Electro Shot\n|-boost|p2a: Archaludon|spa|1\n|-anim|p2a: Archaludon|Electro Shot|p1b: Dondozo\n|-supereffective|p1b: Dondozo\n|-damage|p1b: Dondozo|12\/100\n|\n|-weather|RainDance|[upkeep]\n|-heal|p1b: Dondozo|18\/100|[from] item: Leftovers\n|upkeep\n|turn|3\n|\n|t:|1731883718\n|move|p1b: Dondozo|Protect|p1b: Dondozo\n|-singleturn|p1b: Dondozo|Protect\n|move|p2b: Pelipper|Hurricane|p1b: Dondozo\n|-activate|p1b: Dondozo|move: Protect\n|move|p2a: Archaludon|Electro Shot||[still]\n|-prepare|p2a: Archaludon|Electro Shot\n|-boost|p2a: Archaludon|spa|1\n|-anim|p2a: Archaludon|Electro Shot|p1b: Dondozo\n|-activate|p1b: Dondozo|move: Protect\n|\n|-weather|RainDance|[upkeep]\n|-heal|p1b: Dondozo|24\/100|[from] item: Leftovers\n|upkeep\n|turn|4\n|j| Stuffpersonn\n|\n|t:|1731883725\n|move|p2b: Pelipper|Hurricane|p1b: Dondozo\n|-damage|p1b: Dondozo|0 fnt\n|faint|p1b: Dondozo\n|move|p2a: Archaludon|Electro Shot||[still]\n|-prepare|p2a: Archaludon|Electro Shot\n|-boost|p2a: Archaludon|spa|1\n|-anim|p2a: Archaludon|Electro Shot|p1a: Tatsugiri\n|-damage|p1a: Tatsugiri|0 fnt\n|faint|p1a: Tatsugiri\n|\n|-weather|RainDance|[upkeep]\n|upkeep\n|j| macella\n|\n|t:|1731883729\n|switch|p1a: Maushold|Maushold-Four, L50|100\/100\n|switch|p1b: Annihilape|Annihilape, L50, M, shiny|100\/100\n|turn|5\n|inactive|vgclth chromate has 30 seconds left.\n|\n|t:|1731883758\n|switch|p2b: Amoonguss|Amoonguss, L50, M|100\/100\n|move|p2a: Archaludon|Electro Shot||[still]\n|-prepare|p2a: Archaludon|Electro Shot\n|-boost|p2a: Archaludon|spa|1\n|-anim|p2a: Archaludon|Electro Shot|p1a: Maushold\n|-enditem|p1a: Maushold|Focus Sash\n|-damage|p1a: Maushold|1\/100\n|move|p1a: Maushold|Beat Up|p1b: Annihilape\n|-damage|p1b: Annihilape|99\/100\n|-damage|p1b: Annihilape|96\/100\n|-hitcount|p1b: Annihilape|2\n|move|p1b: Annihilape|Rage Fist|p2a: Archaludon\n|-damage|p2a: Archaludon|55\/100\n|-ability|p2a: Archaludon|Stamina|boost\n|-boost|p2a: Archaludon|def|1\n|\n|-weather|none\n|-sideend|p2: vgclth chromate|move: Tailwind\n|upkeep\n|turn|6\n|j| SeaWolfMikess\n|inactive|VGCLTH Glock Tuah has 30 seconds left.\n|inactive|vgclth chromate has 30 seconds left.\n|\n|t:|1731883788\n|move|p1a: Maushold|Taunt|p2b: Amoonguss\n|-start|p2b: Amoonguss|move: Taunt\n|move|p1b: Annihilape|Rage Fist|p2b: Amoonguss\n|-damage|p2b: Amoonguss|51\/100\n|move|p2a: Archaludon|Dragon Pulse|p1a: Maushold\n|-crit|p1a: Maushold\n|-damage|p1a: Maushold|0 fnt\n|faint|p1a: Maushold\n|move|p2b: Amoonguss|Pollen Puff|p1b: Annihilape\n|-resisted|p1b: Annihilape\n|-damage|p1b: Annihilape|92\/100\n|\n|upkeep\n|turn|7\n|\n|t:|1731883796\n|move|p1b: Annihilape|Rage Fist|p2b: Amoonguss\n|-damage|p2b: Amoonguss|0 fnt\n|faint|p2b: Amoonguss\n|move|p2a: Archaludon|Dragon Pulse|p1b: Annihilape\n|-damage|p1b: Annihilape|0 fnt\n|faint|p1b: Annihilape\n|\n|win|vgclth chromate\n|raw|VGCLTH Glock Tuah's rating: 1747 &rarr; <strong>1733<\/strong><br \/>(-14 for losing)\n|raw|vgclth chromate's rating: 1861 &rarr; <strong>1875<\/strong><br \/>(+14 for winning)\n|l|\u2606VGCLTH Glock Tuah\n|player|p1|\n|c|\u2606vgclth chromate|I locked in\n|c|\u2606vgclth chromate|gg\n|l| VGCLTH Sac gaming\n|l|+Eeveon7\u2764\n|l|\u2606vgclth chromate\n|player|p2|\n|l| VGCLTH Thacrow\n|c| SeaWolfMikess|huge win\n|l| Stuffpersonn\n|l| SeaWolfMikess\n|l| VGCLTH Brix\n|l| Therazer456\n|l|%Tb0lt\n|l| macella\n|l| HarshEuroBarge\n","uploadtime":1731884012,"views":84,"formatid":"gen9vgc2024regh","rating":1733,"private":0,"password":null}