{"id":"gen9vgc2024regh-2245396176","format":"[Gen 9] VGC 2024 Reg H","players":["Code0735","VGCLTH fangame"],"log":"|raw|<div class=\"broadcast-blue\"><strong>This battle is required to be public due to a player having a name starting with 'vgclth'.<\/div>\n|j|\u2606Code0735\n|j|\u2606VGCLTH fangame\n|t:|1731814719\n|gametype|doubles\n|player|p1|Code0735|blue|1666\n|player|p2|VGCLTH fangame|red|1717\n|teamsize|p1|6\n|teamsize|p2|6\n|gen|9\n|tier|[Gen 9] VGC 2024 Reg H\n|rated|\n|rule|Species Clause: Limit one of each Pok\u00e9mon\n|rule|Item Clause: Limit 1 of each item\n|clearpoke\n|poke|p1|Snorlax, L50, M|\n|poke|p1|Dragonite, L50, M|\n|poke|p1|Corviknight, L50, M|\n|poke|p1|Indeedee-F, L50, F|\n|poke|p1|Armarouge, L50, M|\n|poke|p1|Sinistcha-Masterpiece, L50|\n|poke|p2|Glaceon, L50, F|\n|poke|p2|Ninetales-Alola, L50, F|\n|poke|p2|Milotic, L50, M|\n|poke|p2|Incineroar, L50, F|\n|poke|p2|Ursaluna-Bloodmoon, L50, M|\n|poke|p2|Annihilape, L50, F|\n|teampreview|4\n|inactive|Battle timer is ON: inactive players will automatically lose when time's up. (requested by VGCLTH fangame)\n|inactive|VGCLTH fangame has 60 seconds left.\n|\n|t:|1731814768\n|start\n|switch|p1a: Snorlax|Snorlax, L50, M|100\/100\n|switch|p1b: Indeedee|Indeedee-F, L50, F|100\/100\n|switch|p2a: Ninetales|Ninetales-Alola, L50, F, shiny|100\/100\n|switch|p2b: Milotic|Milotic, L50, M, shiny|100\/100\n|-weather|Snow|[from] ability: Snow Warning|[of] p2a: Ninetales\n|-fieldstart|move: Psychic Terrain|[from] ability: Psychic Surge|[of] p1b: Indeedee\n|turn|1\n|\n|t:|1731814777\n|move|p2a: Ninetales|Aurora Veil|p2a: Ninetales\n|-sidestart|p2: VGCLTH fangame|move: Aurora Veil\n|move|p2b: Milotic|Hypnosis|p1b: Indeedee|[miss]\n|-miss|p2b: Milotic|p1b: Indeedee\n|move|p1a: Snorlax|Belly Drum|p1a: Snorlax\n|-damage|p1a: Snorlax|50\/100\n|-setboost|p1a: Snorlax|atk|6|[from] move: Belly Drum\n|-enditem|p1a: Snorlax|Sitrus Berry|[eat]\n|-heal|p1a: Snorlax|75\/100|[from] item: Sitrus Berry\n|move|p1b: Indeedee|Trick Room|p1b: Indeedee\n|-fieldstart|move: Trick Room|[of] p1b: Indeedee\n|\n|-weather|Snow|[upkeep]\n|upkeep\n|turn|2\n|\n|t:|1731814791\n|switch|p2a: Incineroar|Incineroar, L50, F, shiny|100\/100\n|-ability|p2a: Incineroar|Intimidate|boost\n|-unboost|p1a: Snorlax|atk|1\n|-unboost|p1b: Indeedee|atk|1\n|move|p1b: Indeedee|Follow Me|p1b: Indeedee\n|-singleturn|p1b: Indeedee|move: Follow Me\n|move|p1a: Snorlax|Body Slam|p2b: Milotic\n|-damage|p2b: Milotic|9\/100\n|-status|p2b: Milotic|par\n|-enditem|p2b: Milotic|Sitrus Berry|[eat]\n|-heal|p2b: Milotic|34\/100 par|[from] item: Sitrus Berry\n|cant|p2b: Milotic|par\n|\n|-weather|Snow|[upkeep]\n|upkeep\n|turn|3\n|\n|t:|1731814807\n|switch|p2b: Ninetales|Ninetales-Alola, L50, F, shiny|100\/100\n|move|p1b: Indeedee|Follow Me|p1b: Indeedee\n|-singleturn|p1b: Indeedee|move: Follow Me\n|move|p1a: Snorlax|Body Slam|p2b: Ninetales\n|-crit|p2b: Ninetales\n|-damage|p2b: Ninetales|0 fnt\n|faint|p2b: Ninetales\n|move|p2a: Incineroar|Knock Off|p1b: Indeedee\n|-supereffective|p1b: Indeedee\n|-damage|p1b: Indeedee|12\/100\n|-enditem|p1b: Indeedee|Safety Goggles|[from] move: Knock Off|[of] p2a: Incineroar\n|\n|-weather|Snow|[upkeep]\n|upkeep\n|\n|t:|1731814813\n|switch|p2b: Milotic|Milotic, L50, M, shiny|34\/100 par\n|turn|4\n|\n|t:|1731814823\n|move|p1b: Indeedee|Follow Me|p1b: Indeedee\n|-singleturn|p1b: Indeedee|move: Follow Me\n|move|p1a: Snorlax|High Horsepower|p2a: Incineroar\n|-supereffective|p2a: Incineroar\n|-damage|p2a: Incineroar|0 fnt\n|faint|p2a: Incineroar\n|cant|p2b: Milotic|par\n|\n|-weather|Snow|[upkeep]\n|upkeep\n|\n|t:|1731814825\n|switch|p2a: Ursaluna|Ursaluna-Bloodmoon, L50, M|100\/100\n|turn|5\n|\n|t:|1731814846\n|-terastallize|p2a: Ursaluna|Normal\n|move|p1a: Snorlax|Body Slam|p2b: Milotic\n|-damage|p2b: Milotic|0 fnt\n|faint|p2b: Milotic\n|move|p2a: Ursaluna|Hyper Voice|p1a: Snorlax|[spread] p1a,p1b\n|-damage|p1a: Snorlax|42\/100\n|-damage|p1b: Indeedee|0 fnt\n|faint|p1b: Indeedee\n|\n|-weather|none\n|-sideend|p2: VGCLTH fangame|move: Aurora Veil\n|-fieldend|move: Trick Room\n|-fieldend|move: Psychic Terrain\n|upkeep\n|\n|t:|1731814852\n|switch|p1b: Sinistcha|Sinistcha-Masterpiece, L50|100\/100\n|-heal|p1a: Snorlax|67\/100|[from] ability: Hospitality|[of] p1b: Sinistcha\n|turn|6\n|\n|t:|1731814864\n|move|p2a: Ursaluna|Hyper Voice|p1a: Snorlax|[spread] p1a,p1b\n|-damage|p1a: Snorlax|33\/100\n|-damage|p1b: Sinistcha|53\/100\n|move|p1a: Snorlax|Body Slam|p2a: Ursaluna\n|-damage|p2a: Ursaluna|7\/100\n|move|p1b: Sinistcha|Trick Room|p1b: Sinistcha\n|-fieldstart|move: Trick Room|[of] p1b: Sinistcha\n|\n|upkeep\n|turn|7\n|-message|VGCLTH fangame forfeited.\n|\n|win|Code0735\n|raw|Code0735's rating: 1666 &rarr; <strong>1688<\/strong><br \/>(+22 for winning)\n|raw|VGCLTH fangame's rating: 1695 &rarr; <strong>1673<\/strong><br \/>(-22 for losing)\n|l|\u2606VGCLTH fangame\n|player|p2|\n|l|\u2606Code0735\n|player|p1|\n","uploadtime":1731815117,"views":20,"formatid":"gen9vgc2024regh","rating":1673,"private":0,"password":null}