{"id":"gen9vgc2024regh-2245706715","format":"[Gen 9] VGC 2024 Reg H","players":["vgclth elowyn","por minha atendido"],"log":"|raw|<div class=\"broadcast-blue\"><strong>This battle is required to be public due to a player having a name starting with 'vgclth'.<\/div>\n|j|\u2606vgclth elowyn\n|j|\u2606por minha atendido\n|t:|1731867345\n|gametype|doubles\n|player|p1|vgclth elowyn|hanbei-conquest|1759\n|player|p2|por minha atendido|102|1747\n|teamsize|p1|6\n|teamsize|p2|6\n|gen|9\n|tier|[Gen 9] VGC 2024 Reg H\n|rated|\n|rule|Species Clause: Limit one of each Pok\u00e9mon\n|rule|Item Clause: Limit 1 of each item\n|clearpoke\n|poke|p1|Chandelure, L50, M|\n|poke|p1|Sylveon, L50, M|\n|poke|p1|Talonflame, L50, M|\n|poke|p1|Dragapult, L50, F|\n|poke|p1|Electabuzz, L50, F|\n|poke|p1|Dragonite, L50, M|\n|poke|p2|Annihilape, L50, M|\n|poke|p2|Delphox, L50, F|\n|poke|p2|Murkrow, L50, M|\n|poke|p2|Sneasler, L50, M|\n|poke|p2|Indeedee, L50, M|\n|poke|p2|Gholdengo, L50|\n|teampreview|4\n|\n|t:|1731867396\n|start\n|switch|p1a: MarcoFiaro|Talonflame, L50, M|100\/100\n|switch|p1b: Soullight|Chandelure, L50, M|100\/100\n|switch|p2a: Indeedee|Indeedee, L50, M|100\/100\n|switch|p2b: Sneasler|Sneasler, L50, M|100\/100\n|-fieldstart|move: Psychic Terrain|[from] ability: Psychic Surge|[of] p2a: Indeedee\n|-enditem|p2b: Sneasler|Psychic Seed\n|-boost|p2b: Sneasler|spd|1|[from] item: Psychic Seed\n|turn|1\n|inactive|Battle timer is ON: inactive players will automatically lose when time's up. (requested by por minha atendido)\n|\n|t:|1731867413\n|move|p1a: MarcoFiaro|Tailwind|p1a: MarcoFiaro\n|-sidestart|p1: vgclth elowyn|move: Tailwind\n|move|p2b: Sneasler|Close Combat|p1b: Soullight\n|-immune|p1b: Soullight\n|move|p1b: Soullight|Heat Wave|p2b: Sneasler|[spread] p2a\n|-miss|p1b: Soullight|p2b: Sneasler\n|-damage|p2a: Indeedee|38\/100\n|-status|p2a: Indeedee|brn\n|move|p2a: Indeedee|Expanding Force|p1a: MarcoFiaro|[spread] p1a,p1b\n|-crit|p1a: MarcoFiaro\n|-damage|p1a: MarcoFiaro|0 fnt\n|-damage|p1b: Soullight|11\/100\n|faint|p1a: MarcoFiaro\n|\n|-damage|p2a: Indeedee|32\/100 brn|[from] brn\n|upkeep\n|\n|t:|1731867431\n|switch|p1a: Turning|Dragapult, L50, F|100\/100\n|turn|2\n|\n|t:|1731867455\n|-terastallize|p1a: Turning|Ghost\n|move|p1a: Turning|Tera Blast|p2b: Sneasler|[anim] Tera Blast Ghost\n|-damage|p2b: Sneasler|0 fnt\n|faint|p2b: Sneasler\n|move|p1b: Soullight|Heat Wave|p2a: Indeedee\n|-damage|p2a: Indeedee|0 fnt\n|faint|p2a: Indeedee\n|\n|upkeep\n|\n|t:|1731867460\n|switch|p2b: Delphox|Delphox, L50, F|100\/100\n|switch|p2a: Murkrow|Murkrow, L50, M|100\/100\n|turn|3\n|inactive|vgclth elowyn has 30 seconds left.\n|\n|t:|1731867486\n|-terastallize|p2b: Delphox|Fighting\n|move|p2a: Murkrow|Tailwind|p2a: Murkrow\n|-sidestart|p2: por minha atendido|move: Tailwind\n|move|p1a: Turning|Tera Blast|p2b: Delphox|[anim] Tera Blast Ghost\n|-crit|p2b: Delphox\n|-damage|p2b: Delphox|0 fnt\n|faint|p2b: Delphox\n|move|p1b: Soullight|Trick Room|p1b: Soullight\n|-fieldstart|move: Trick Room|[of] p1b: Soullight\n|\n|upkeep\n|turn|4\n|\n|t:|1731867499\n|switch|p1a: Moonlight|Sylveon, L50, M|100\/100\n|move|p2a: Murkrow|Foul Play|p1b: Soullight\n|-supereffective|p1b: Soullight\n|-damage|p1b: Soullight|0 fnt\n|faint|p1b: Soullight\n|\n|-sideend|p1: vgclth elowyn|move: Tailwind\n|upkeep\n|\n|t:|1731867502\n|switch|p1b: Turning|Dragapult, L50, F, tera:Ghost|100\/100\n|turn|5\n|-message|por minha atendido forfeited.\n|\n|win|vgclth elowyn\n|raw|vgclth elowyn's rating: 1759 &rarr; <strong>1777<\/strong><br \/>(+18 for winning)\n|raw|por minha atendido's rating: 1727 &rarr; <strong>1709<\/strong><br \/>(-18 for losing)\n|l|\u2606por minha atendido\n|player|p2|\n|j| volcaronavgc\n|l| volcaronavgc\n","uploadtime":1731867719,"views":16,"formatid":"gen9vgc2024regh","rating":1709,"private":0,"password":null}