{"id":"gen9vgc2024regh-2245776097","format":"[Gen 9] VGC 2024 Reg H","players":["VGCLTH low laddr","Sletterene"],"log":"|raw|<div class=\"broadcast-blue\"><strong>This battle is required to be public due to a player having a name starting with 'vgclth'.<\/div>\n|j|\u2606VGCLTH low laddr\n|j|\u2606Sletterene\n|t:|1731875431\n|gametype|doubles\n|player|p1|VGCLTH low laddr|lucas|1716\n|player|p2|Sletterene|giovanni|1678\n|teamsize|p1|6\n|teamsize|p2|6\n|gen|9\n|tier|[Gen 9] VGC 2024 Reg H\n|rated|\n|rule|Species Clause: Limit one of each Pok\u00e9mon\n|rule|Item Clause: Limit 1 of each item\n|clearpoke\n|poke|p1|Sneasler, L50, M|\n|poke|p1|Ursaluna-Bloodmoon, L50, M|\n|poke|p1|Incineroar, L50, F|\n|poke|p1|Gholdengo, L50|\n|poke|p1|Rillaboom, L50, F|\n|poke|p1|Dragonite, L50, F|\n|poke|p2|Weezing-Galar, L50, F|\n|poke|p2|Weavile, L50, F|\n|poke|p2|Gholdengo, L50|\n|poke|p2|Goodra-Hisui, L50, M|\n|poke|p2|Sinistcha, L50|\n|poke|p2|Ursaluna-Bloodmoon, L50, M|\n|teampreview|4\n|inactive|Battle timer is ON: inactive players will automatically lose when time's up. (requested by VGCLTH low laddr)\n|j| kirby3657\n|inactive|VGCLTH low laddr has 60 seconds left.\n|\n|t:|1731875463\n|start\n|switch|p1a: Dragonite|Dragonite, L50, F|100\/100\n|switch|p1b: Gholdengo|Gholdengo, L50|100\/100\n|switch|p2a: Goodra|Goodra-Hisui, L50, M|100\/100\n|switch|p2b: Weavile|Weavile, L50, F|100\/100\n|-ability|p2b: Weavile|Pressure\n|turn|1\n|l| kirby3657\n|inactive|VGCLTH low laddr has 30 seconds left.\n|inactive|VGCLTH low laddr has 20 seconds left.\n|inactive|VGCLTH low laddr has 15 seconds left.\n|inactive|VGCLTH low laddr has 10 seconds left.\n|\n|t:|1731875512\n|move|p1a: Dragonite|Protect|p1a: Dragonite\n|-singleturn|p1a: Dragonite|Protect\n|move|p1b: Gholdengo|Protect|p1b: Gholdengo\n|-singleturn|p1b: Gholdengo|Protect\n|move|p2b: Weavile|Knock Off|p1b: Gholdengo\n|-activate|p1b: Gholdengo|move: Protect\n|move|p2a: Goodra|Shelter|p2a: Goodra\n|-boost|p2a: Goodra|def|2\n|\n|upkeep\n|turn|2\n|\n|t:|1731875527\n|-terastallize|p1b: Gholdengo|Water\n|move|p2b: Weavile|Knock Off|p1b: Gholdengo\n|-damage|p1b: Gholdengo|54\/100\n|-enditem|p1b: Gholdengo|Life Orb|[from] move: Knock Off|[of] p2b: Weavile\n|move|p1a: Dragonite|Scale Shot|p2b: Weavile\n|-damage|p2b: Weavile|76\/100\n|-damage|p2b: Weavile|50\/100\n|-damage|p2b: Weavile|25\/100\n|-damage|p2b: Weavile|2\/100\n|-damage|p2b: Weavile|0 fnt\n|faint|p2b: Weavile\n|-hitcount|p2: Weavile|5\n|-unboost|p1a: Dragonite|def|1\n|-boost|p1a: Dragonite|spe|1\n|move|p1b: Gholdengo|Nasty Plot|p1b: Gholdengo\n|-boost|p1b: Gholdengo|spa|2\n|move|p2a: Goodra|Breaking Swipe|p1b: Gholdengo|[spread] p1a,p1b\n|-supereffective|p1a: Dragonite\n|-damage|p1a: Dragonite|75\/100\n|-damage|p1b: Gholdengo|39\/100\n|-unboost|p1a: Dragonite|atk|1\n|-unboost|p1b: Gholdengo|atk|1\n|\n|upkeep\n|\n|t:|1731875548\n|switch|p2b: GroteBeer|Ursaluna-Bloodmoon, L50, M|100\/100\n|turn|3\n|\n|t:|1731875566\n|move|p1a: Dragonite|Scale Shot|p2b: GroteBeer\n|-damage|p2b: GroteBeer|94\/100\n|-damage|p2b: GroteBeer|87\/100\n|-damage|p2b: GroteBeer|81\/100\n|-damage|p2b: GroteBeer|74\/100\n|-hitcount|p2b: GroteBeer|4\n|-unboost|p1a: Dragonite|def|1\n|-boost|p1a: Dragonite|spe|1\n|move|p1b: Gholdengo|Shadow Ball|p2a: Goodra\n|-damage|p2a: Goodra|47\/100\n|move|p2a: Goodra|Breaking Swipe|p1b: Gholdengo|[spread] p1a,p1b\n|-supereffective|p1a: Dragonite\n|-damage|p1a: Dragonite|9\/100\n|-damage|p1b: Gholdengo|24\/100\n|-unboost|p1a: Dragonite|atk|1\n|-unboost|p1b: Gholdengo|atk|1\n|move|p2b: GroteBeer|Hyper Voice|p1a: Dragonite|[spread] p1a,p1b\n|-damage|p1a: Dragonite|0 fnt\n|-damage|p1b: Gholdengo|0 fnt\n|faint|p1a: Dragonite\n|faint|p1b: Gholdengo\n|\n|-heal|p2a: Goodra|53\/100|[from] item: Leftovers\n|upkeep\n|\n|t:|1731875570\n|switch|p1a: Sneasler|Sneasler, L50, M|100\/100\n|switch|p1b: Ursaluna|Ursaluna-Bloodmoon, L50, M|100\/100\n|turn|4\n|j| ProssettiVGC\n|\n|t:|1731875592\n|switch|p2b: Sinistcha|Sinistcha, L50|100\/100\n|-heal|p2a: Goodra|78\/100|[from] ability: Hospitality|[of] p2b: Sinistcha\n|move|p2a: Goodra|Protect|p2a: Goodra\n|-singleturn|p2a: Goodra|Protect\n|move|p1a: Sneasler|Close Combat|p2b: Sinistcha\n|-immune|p2b: Sinistcha\n|move|p1b: Ursaluna|Earth Power|p2a: Goodra\n|-activate|p2a: Goodra|move: Protect\n|\n|-heal|p2a: Goodra|84\/100|[from] item: Leftovers\n|upkeep\n|turn|5\n|\n|t:|1731875605\n|-terastallize|p2a: Goodra|Fighting\n|move|p1b: Ursaluna|Protect|p1b: Ursaluna\n|-singleturn|p1b: Ursaluna|Protect\n|move|p1a: Sneasler|Dire Claw|p2b: Sinistcha\n|-damage|p2b: Sinistcha|65\/100\n|-status|p2b: Sinistcha|psn\n|move|p2b: Sinistcha|Matcha Gotcha|p1b: Ursaluna|[spread] p1a\n|-activate|p1b: Ursaluna|move: Protect\n|-resisted|p1a: Sneasler\n|-damage|p1a: Sneasler|83\/100\n|-heal|p2b: Sinistcha|73\/100 psn|[from] drain|[of] p1a: Sneasler\n|move|p2a: Goodra|Body Press|p1b: Ursaluna\n|-activate|p1b: Ursaluna|move: Protect\n|\n|-heal|p2a: Goodra|90\/100|[from] item: Leftovers\n|-damage|p2b: Sinistcha|60\/100 psn|[from] psn\n|upkeep\n|turn|6\n|inactive|VGCLTH low laddr has 30 seconds left.\n|\n|t:|1731875634\n|move|p1a: Sneasler|Dire Claw|p2a: Goodra\n|-damage|p2a: Goodra|75\/100\n|-status|p2a: Goodra|par\n|move|p2b: Sinistcha|Matcha Gotcha|p1a: Sneasler|[spread] p1a,p1b\n|-resisted|p1a: Sneasler\n|-supereffective|p1b: Ursaluna\n|-damage|p1a: Sneasler|67\/100\n|-heal|p2b: Sinistcha|68\/100 psn|[from] drain|[of] p1a: Sneasler\n|-damage|p1b: Ursaluna|54\/100\n|-heal|p2b: Sinistcha|95\/100 psn|[from] drain|[of] p1b: Ursaluna\n|-status|p1a: Sneasler|brn\n|move|p1b: Ursaluna|Blood Moon|p2b: Sinistcha\n|-damage|p2b: Sinistcha|26\/100 psn\n|-enditem|p2b: Sinistcha|Sitrus Berry|[eat]\n|-heal|p2b: Sinistcha|51\/100 psn|[from] item: Sitrus Berry\n|move|p2a: Goodra|Body Press|p1b: Ursaluna\n|-supereffective|p1b: Ursaluna\n|-damage|p1b: Ursaluna|0 fnt\n|faint|p1b: Ursaluna\n|\n|-heal|p2a: Goodra|81\/100 par|[from] item: Leftovers\n|-damage|p2b: Sinistcha|38\/100 psn|[from] psn\n|-damage|p1a: Sneasler|61\/100 brn|[from] brn\n|upkeep\n|turn|7\n|-message|VGCLTH low laddr forfeited.\n|\n|win|Sletterene\n|raw|VGCLTH low laddr's rating: 1716 &rarr; <strong>1694<\/strong><br \/>(-22 for losing)\n|raw|Sletterene's rating: 1678 &rarr; <strong>1700<\/strong><br \/>(+22 for winning)\n|l|\u2606VGCLTH low laddr\n|player|p1|\n|l|\u2606Sletterene\n|player|p2|\n|l| ProssettiVGC\n","uploadtime":1731875915,"views":16,"formatid":"gen9vgc2024regh","rating":1694,"private":0,"password":null}