{"id":"gen9vgc2024regh-2245166941","format":"[Gen 9] VGC 2024 Reg H","players":["vgclth elowyn","jdarcan"],"log":"|j|\u2606vgclth elowyn\n|j|\u2606jdarcan\n|t:|1731785010\n|gametype|doubles\n|player|p1|vgclth elowyn|266|1750\n|player|p2|jdarcan|pokemonranger|1737\n|teamsize|p1|6\n|teamsize|p2|6\n|gen|9\n|tier|[Gen 9] VGC 2024 Reg H\n|rated|\n|rule|Species Clause: Limit one of each Pok\u00e9mon\n|rule|Item Clause: Limit 1 of each item\n|clearpoke\n|poke|p1|Dragonite, L50, F|\n|poke|p1|Sneasler, L50, M|\n|poke|p1|Electabuzz, L50, F|\n|poke|p1|Indeedee, L50, M|\n|poke|p1|Ursaluna-Bloodmoon, L50, M|\n|poke|p1|Talonflame, L50, M|\n|poke|p2|Grimmsnarl, L50, M|\n|poke|p2|Gyarados, L50, M|\n|poke|p2|Gholdengo, L50|\n|poke|p2|Baxcalibur, L50, M|\n|poke|p2|Talonflame, L50, F|\n|poke|p2|Hydreigon, L50, F|\n|teampreview|4\n|\n|t:|1731785057\n|start\n|switch|p1a: Ursaluna|Ursaluna-Bloodmoon, L50, M|100\/100\n|switch|p1b: Sneasler|Sneasler, L50, M|100\/100\n|switch|p2a: Grimmsnarl|Grimmsnarl, L50, M|100\/100\n|switch|p2b: Gholdengo|Gholdengo, L50|100\/100\n|turn|1\n|j| Bohoennian\n|\n|t:|1731785075\n|move|p2a: Grimmsnarl|Light Screen|p2a: Grimmsnarl\n|-sidestart|p2: jdarcan|move: Light Screen\n|move|p1b: Sneasler|Dire Claw|p2a: Grimmsnarl\n|-supereffective|p2a: Grimmsnarl\n|-damage|p2a: Grimmsnarl|2\/100\n|-status|p2a: Grimmsnarl|slp\n|move|p1a: Ursaluna|Blood Moon|p2a: Grimmsnarl\n|-damage|p2a: Grimmsnarl|0 fnt\n|faint|p2a: Grimmsnarl\n|-damage|p1a: Ursaluna|91\/100|[from] item: Life Orb\n|move|p2b: Gholdengo|Make It Rain|p1a: Ursaluna|[spread] p1a,p1b\n|-damage|p1a: Ursaluna|2\/100\n|-damage|p1b: Sneasler|8\/100\n|-unboost|p2b: Gholdengo|spa|1\n|-damage|p2b: Gholdengo|91\/100|[from] item: Life Orb\n|\n|upkeep\n|\n|t:|1731785095\n|switch|p2a: Baxcalibur|Baxcalibur, L50, M|100\/100\n|turn|2\n|\n|t:|1731785109\n|switch|p2b: Gyarados|Gyarados, L50, M|100\/100\n|-ability|p2b: Gyarados|Intimidate|boost\n|-unboost|p1a: Ursaluna|atk|1\n|-unboost|p1b: Sneasler|atk|1\n|-terastallize|p2a: Baxcalibur|Ground\n|move|p1a: Ursaluna|Protect|p1a: Ursaluna\n|-singleturn|p1a: Ursaluna|Protect\n|move|p1b: Sneasler|Close Combat|p2a: Baxcalibur\n|-damage|p2a: Baxcalibur|62\/100\n|-unboost|p1b: Sneasler|def|1\n|-unboost|p1b: Sneasler|spd|1\n|move|p2a: Baxcalibur|Earthquake|p1a: Ursaluna|[spread] p1b\n|-activate|p1a: Ursaluna|move: Protect\n|-immune|p2b: Gyarados\n|-supereffective|p1b: Sneasler\n|-damage|p1b: Sneasler|0 fnt\n|faint|p1b: Sneasler\n|\n|upkeep\n|\n|t:|1731785138\n|switch|p1b: Talonflame|Talonflame, L50, M|100\/100\n|turn|3\n|j| Partan\n|\n|t:|1731785160\n|switch|p1a: Dragonite|Dragonite, L50, F|100\/100\n|move|p2a: Baxcalibur|Ice Shard|p1a: Dragonite\n|-supereffective|p1a: Dragonite\n|-damage|p1a: Dragonite|42\/100\n|move|p1b: Talonflame|Will-O-Wisp|p2b: Gyarados\n|-status|p2b: Gyarados|brn\n|move|p2b: Gyarados|Waterfall|p1b: Talonflame\n|-supereffective|p1b: Talonflame\n|-damage|p1b: Talonflame|49\/100\n|\n|-damage|p2b: Gyarados|95\/100 brn|[from] brn\n|upkeep\n|turn|4\n|\n|t:|1731785203\n|-terastallize|p1a: Dragonite|Fairy\n|move|p2a: Baxcalibur|Ice Shard|p1a: Dragonite\n|-damage|p1a: Dragonite|13\/100\n|move|p1b: Talonflame|Flare Blitz|p2a: Baxcalibur\n|-damage|p2a: Baxcalibur|17\/100\n|-ability|p2a: Baxcalibur|Thermal Exchange|boost\n|-boost|p2a: Baxcalibur|atk|1\n|-damage|p1b: Talonflame|29\/100|[from] Recoil\n|move|p2b: Gyarados|Waterfall|p1b: Talonflame\n|-supereffective|p1b: Talonflame\n|-damage|p1b: Talonflame|0 fnt\n|faint|p1b: Talonflame\n|move|p1a: Dragonite|Scale Shot|p2a: Baxcalibur\n|-damage|p2a: Baxcalibur|5\/100\n|-damage|p2a: Baxcalibur|0 fnt\n|faint|p2a: Baxcalibur\n|-hitcount|p2: Baxcalibur|2\n|-unboost|p1a: Dragonite|def|1\n|-boost|p1a: Dragonite|spe|1\n|\n|-damage|p2b: Gyarados|89\/100 brn|[from] brn\n|upkeep\n|\n|t:|1731785218\n|switch|p1b: Ursaluna|Ursaluna-Bloodmoon, L50, M|2\/100\n|switch|p2a: Gholdengo|Gholdengo, L50|91\/100\n|turn|5\n|\n|t:|1731785249\n|move|p1a: Dragonite|Scale Shot|p2b: Gyarados\n|-damage|p2b: Gyarados|74\/100 brn\n|-damage|p2b: Gyarados|58\/100 brn\n|-damage|p2b: Gyarados|44\/100 brn\n|-damage|p2b: Gyarados|28\/100 brn\n|-damage|p2b: Gyarados|14\/100 brn\n|-hitcount|p2b: Gyarados|5\n|-unboost|p1a: Dragonite|def|1\n|-boost|p1a: Dragonite|spe|1\n|move|p2b: Gyarados|Waterfall|p1b: Ursaluna\n|-supereffective|p1b: Ursaluna\n|-damage|p1b: Ursaluna|0 fnt\n|faint|p1b: Ursaluna\n|move|p2a: Gholdengo|Make It Rain|p1a: Dragonite\n|-supereffective|p1a: Dragonite\n|-damage|p1a: Dragonite|0 fnt\n|-unboost|p2a: Gholdengo|spa|1\n|faint|p1a: Dragonite\n|-damage|p2a: Gholdengo|81\/100|[from] item: Life Orb\n|\n|win|jdarcan\n|raw|vgclth elowyn's rating: 1765 &rarr; <strong>1743<\/strong><br \/>(-22 for losing)\n|raw|jdarcan's rating: 1737 &rarr; <strong>1759<\/strong><br \/>(+22 for winning)\n|l| Bohoennian\n|l| Partan\n|l|\u2606jdarcan\n|player|p2|\n|j| volcaronavgc\n|l| volcaronavgc\n","uploadtime":1731785431,"views":15,"formatid":"gen9vgc2024regh","rating":1743,"private":0,"password":null}