{"id":"gen9vgc2024regh-2245260141","format":"[Gen 9] VGC 2024 Reg H","players":["Pretty23","VGCLTH Bigfoot"],"log":"|raw|<div class=\"broadcast-blue\"><strong>This battle is required to be public due to a player having a name starting with 'vgclth'.<\/div>\n|j|\u2606Pretty23\n|j|\u2606VGCLTH Bigfoot\n|t:|1731796524\n|gametype|doubles\n|player|p1|Pretty23|veteran|1686\n|player|p2|VGCLTH Bigfoot|falkner|1789\n|teamsize|p1|6\n|teamsize|p2|6\n|gen|9\n|tier|[Gen 9] VGC 2024 Reg H\n|rated|\n|rule|Species Clause: Limit one of each Pok\u00e9mon\n|rule|Item Clause: Limit 1 of each item\n|clearpoke\n|poke|p1|Pelipper, L50, M|\n|poke|p1|Archaludon, L50, F|\n|poke|p1|Dragonite, L50, F|\n|poke|p1|Ursaluna, L50, M|\n|poke|p1|Gholdengo, L50|\n|poke|p1|Sinistcha, L50|\n|poke|p2|Ceruledge, L50, M|\n|poke|p2|Gastrodon-East, L50, M|\n|poke|p2|Sneasler, L50, F|\n|poke|p2|Dragonite, L50, F|\n|poke|p2|Rillaboom, L50, F|\n|poke|p2|Kingambit, L50, M|\n|teampreview|4\n|inactive|Battle timer is ON: inactive players will automatically lose when time's up. (requested by Pretty23)\n|inactive|Pretty23 has 60 seconds left.\n|j| jdarcan\n|\n|t:|1731796578\n|start\n|switch|p1a: Pelipper|Pelipper, L50, M, shiny|100\/100\n|switch|p1b: Archaludon|Archaludon, L50, F, shiny|100\/100\n|switch|p2a: Sneasler|Sneasler, L50, F, shiny|100\/100\n|switch|p2b: Kingambit|Kingambit, L50, M|100\/100\n|-weather|RainDance|[from] ability: Drizzle|[of] p1a: Pelipper\n|turn|1\n|inactive|Pretty23 has 30 seconds left.\n|inactive|Pretty23 has 20 seconds left.\n|\n|t:|1731796617\n|switch|p1b: Sinistcha|Sinistcha, L50|100\/100\n|-terastallize|p2b: Kingambit|Flying\n|move|p2a: Sneasler|Fake Out|p1a: Pelipper\n|-damage|p1a: Pelipper|80\/100\n|cant|p1a: Pelipper|flinch\n|move|p2b: Kingambit|Kowtow Cleave|p1a: Pelipper\n|-damage|p1a: Pelipper|14\/100\n|\n|-weather|RainDance|[upkeep]\n|upkeep\n|turn|2\n|j| ssdarswva\n|l| ssdarswva\n|inactive|Pretty23 has 30 seconds left.\n|inactive|VGCLTH Bigfoot has 30 seconds left.\n|\n|t:|1731796645\n|move|p1b: Sinistcha|Rage Powder|p1b: Sinistcha\n|-singleturn|p1b: Sinistcha|move: Rage Powder\n|move|p2a: Sneasler|Dire Claw|p1b: Sinistcha\n|-damage|p1b: Sinistcha|61\/100\n|-status|p1b: Sinistcha|slp\n|move|p1a: Pelipper|Tailwind|p1a: Pelipper\n|-sidestart|p1: Pretty23|move: Tailwind\n|move|p2b: Kingambit|Kowtow Cleave|p1b: Sinistcha\n|-supereffective|p1b: Sinistcha\n|-damage|p1b: Sinistcha|0 fnt\n|faint|p1b: Sinistcha\n|\n|-weather|RainDance|[upkeep]\n|upkeep\n|\n|t:|1731796660\n|switch|p1b: Archaludon|Archaludon, L50, F, shiny|100\/100\n|turn|3\n|inactive|VGCLTH Bigfoot has 30 seconds left.\n|\n|t:|1731796685\n|-terastallize|p1b: Archaludon|Fighting\n|move|p2b: Kingambit|Sucker Punch|p1a: Pelipper\n|-damage|p1a: Pelipper|0 fnt\n|faint|p1a: Pelipper\n|move|p1b: Archaludon|Electro Shot||[still]\n|-prepare|p1b: Archaludon|Electro Shot\n|-boost|p1b: Archaludon|spa|1\n|-anim|p1b: Archaludon|Electro Shot|p2a: Sneasler\n|-damage|p2a: Sneasler|6\/100\n|move|p2a: Sneasler|Dire Claw|p1b: Archaludon\n|-damage|p1b: Archaludon|70\/100\n|-ability|p1b: Archaludon|Stamina|boost\n|-boost|p1b: Archaludon|def|1\n|\n|-weather|RainDance|[upkeep]\n|upkeep\n|\n|t:|1731796700\n|switch|p1a: Ursaluna|Ursaluna, L50, M|100\/100\n|turn|4\n|\n|t:|1731796720\n|switch|p2b: Joe Dog|Gastrodon-East, L50, M|100\/100\n|move|p1b: Archaludon|Electro Shot||[still]\n|-prepare|p1b: Archaludon|Electro Shot\n|-boost|p1b: Archaludon|spa|1\n|-anim|p1b: Archaludon|Electro Shot|p2b: Joe Dog\n|-immune|p2b: Joe Dog\n|move|p2a: Sneasler|Close Combat|p1a: Ursaluna\n|-supereffective|p1a: Ursaluna\n|-damage|p1a: Ursaluna|0 fnt\n|-unboost|p2a: Sneasler|def|1\n|-unboost|p2a: Sneasler|spd|1\n|faint|p1a: Ursaluna\n|\n|-weather|RainDance|[upkeep]\n|upkeep\n|turn|5\n|-message|Pretty23 forfeited.\n|\n|win|VGCLTH Bigfoot\n|raw|Pretty23's rating: 1686 &rarr; <strong>1672<\/strong><br \/>(-14 for losing)\n|raw|VGCLTH Bigfoot's rating: 1789 &rarr; <strong>1803<\/strong><br \/>(+14 for winning)\n|l|\u2606Pretty23\n|player|p1|\n|l|\u2606VGCLTH Bigfoot\n|player|p2|\n","uploadtime":1731796972,"views":12,"formatid":"gen9vgc2024regh","rating":1672,"private":0,"password":null}