{"id":"gen9vgc2024regh-2245823962","format":"[Gen 9] VGC 2024 Reg H","players":["eriksp","VGCLTH Rishi"],"log":"|j|\u2606eriksp\n|j|\u2606VGCLTH Rishi\n|t:|1731880969\n|gametype|doubles\n|player|p1|eriksp|volkner-masters|1768\n|player|p2|VGCLTH Rishi|shauntal|1830\n|teamsize|p1|6\n|teamsize|p2|6\n|gen|9\n|tier|[Gen 9] VGC 2024 Reg H\n|rated|\n|rule|Species Clause: Limit one of each Pok\u00e9mon\n|rule|Item Clause: Limit 1 of each item\n|clearpoke\n|poke|p1|Baxcalibur, L50, F|\n|poke|p1|Kingambit, L50, M|\n|poke|p1|Sneasler, L50, M|\n|poke|p1|Rillaboom, L50, F|\n|poke|p1|Volcarona, L50, M|\n|poke|p1|Basculegion, L50, M|\n|poke|p2|Kommo-o, L50, F|\n|poke|p2|Rillaboom, L50, M|\n|poke|p2|Tyranitar, L50, M|\n|poke|p2|Talonflame, L50, F|\n|poke|p2|Gholdengo, L50|\n|poke|p2|Milotic, L50, F|\n|teampreview|4\neriksp has agreed to open team sheets.\n|j| futonkagebunshin\n|j| UGCL\n|c| UGCL|vgclth\n|c| UGCL|:O\n|inactive|Battle timer is ON: inactive players will automatically lose when time's up. (requested by eriksp)\n|c|\u2606eriksp|hi mish\n|j| Finabas\n|c| UGCL|hi\n|c|\u2606eriksp|glhf\n|\n|t:|1731881057\n|start\n|switch|p1a: Volcarona|Volcarona, L50, M|100\/100\n|switch|p1b: Basculegion|Basculegion, L50, M|100\/100\n|switch|p2a: Gholdengo|Gholdengo, L50|100\/100\n|switch|p2b: Talonflame|Talonflame, L50, F|100\/100\n|turn|1\n|c|\u2606VGCLTH Rishi|glhf\n|c|\u2606VGCLTH Rishi|finabas\n|c|\u2606VGCLTH Rishi|I dont think I am going to make it\n|c|\u2606VGCLTH Rishi|I am playing in an online card game regional pepeHands\n|inactive|eriksp has 30 seconds left.\n|inactive|VGCLTH Rishi has 30 seconds left.\n|inactive|eriksp has 20 seconds left.\n|l| UGCL\n|\n|t:|1731881094\n|-terastallize|p1a: Volcarona|Fairy\n|move|p2b: Talonflame|Tailwind|p2b: Talonflame\n|-sidestart|p2: VGCLTH Rishi|move: Tailwind\n|move|p2a: Gholdengo|Shadow Ball|p1b: Basculegion\n|-supereffective|p1b: Basculegion\n|-damage|p1b: Basculegion|0 fnt\n|faint|p1b: Basculegion\n|move|p1a: Volcarona|Heat Wave|p2a: Gholdengo|[spread] p2a,p2b\n|-supereffective|p2a: Gholdengo\n|-resisted|p2b: Talonflame\n|-damage|p2a: Gholdengo|15\/100\n|-damage|p2b: Talonflame|76\/100\n|\n|upkeep\n|\n|t:|1731881112\n|switch|p1b: Phife|Rillaboom, L50, F, shiny|100\/100\n|-fieldstart|move: Grassy Terrain|[from] ability: Grassy Surge|[of] p1b: Phife\n|turn|2\n|inactive|VGCLTH Rishi has 30 seconds left.\n|inactive|VGCLTH Rishi has 20 seconds left.\n|\n|t:|1731881148\n|switch|p2a: Kommo-o|Kommo-o, L50, F|100\/100\n|move|p2b: Talonflame|Protect|p2b: Talonflame\n|-singleturn|p2b: Talonflame|Protect\n|move|p1b: Phife|Grassy Glide|p2a: Kommo-o\n|-resisted|p2a: Kommo-o\n|-damage|p2a: Kommo-o|86\/100\n|move|p1a: Volcarona|Quiver Dance|p1a: Volcarona\n|-boost|p1a: Volcarona|spa|1\n|-boost|p1a: Volcarona|spd|1\n|-boost|p1a: Volcarona|spe|1\n|\n|-heal|p2a: Kommo-o|92\/100|[from] Grassy Terrain\n|-heal|p2a: Kommo-o|98\/100|[from] item: Leftovers\n|upkeep\n|turn|3\n|j| TheRealShaggy\n|\n|t:|1731881167\n|switch|p1b: K-Dot|Kingambit, L50, M, shiny|100\/100\n|move|p2b: Talonflame|Brave Bird|p1b: K-Dot\n|-resisted|p1b: K-Dot\n|-damage|p1b: K-Dot|86\/100\n|-damage|p2b: Talonflame|71\/100|[from] Recoil\n|move|p2a: Kommo-o|Body Press|p1b: K-Dot\n|-supereffective|p1b: K-Dot\n|-damage|p1b: K-Dot|0 fnt\n|faint|p1b: K-Dot\n|move|p1a: Volcarona|Tera Blast|p2a: Kommo-o|[anim] Tera Blast Fairy\n|-supereffective|p2a: Kommo-o\n|-damage|p2a: Kommo-o|0 fnt\n|faint|p2a: Kommo-o\n|\n|upkeep\n|\n|t:|1731881179\n|switch|p2a: Gholdengo|Gholdengo, L50|15\/100\n|switch|p1b: Phife|Rillaboom, L50, F, shiny|100\/100\n|turn|4\n|c|\u2606eriksp|ouch\n|\n|t:|1731881189\n|move|p1a: Volcarona|Protect|p1a: Volcarona\n|-singleturn|p1a: Volcarona|Protect\n|move|p1b: Phife|Grassy Glide|p2a: Gholdengo\n|-resisted|p2a: Gholdengo\n|-damage|p2a: Gholdengo|0 fnt\n|faint|p2a: Gholdengo\n|move|p2b: Talonflame|Flare Blitz|p1b: Phife\n|-supereffective|p1b: Phife\n|-damage|p1b: Phife|27\/100\n|-damage|p2b: Talonflame|41\/100|[from] Recoil\n|\n|-heal|p1b: Phife|33\/100|[from] Grassy Terrain\n|-sideend|p2: VGCLTH Rishi|move: Tailwind\n|upkeep\n|\n|t:|1731881194\n|switch|p2a: Tyranitar|Tyranitar, L50, M|100\/100\n|-weather|Sandstorm|[from] ability: Sand Stream|[of] p2a: Tyranitar\n|turn|5\n|inactive|eriksp has 30 seconds left.\n|\n|t:|1731881223\n|-terastallize|p2a: Tyranitar|Flying\n|move|p2b: Talonflame|Protect|p2b: Talonflame\n|-singleturn|p2b: Talonflame|Protect\n|move|p1b: Phife|Grassy Glide|p2b: Talonflame\n|-activate|p2b: Talonflame|move: Protect\n|move|p1a: Volcarona|Heat Wave|p2b: Talonflame|[spread] p2a\n|-activate|p2b: Talonflame|move: Protect\n|-damage|p2a: Tyranitar|65\/100\n|move|p2a: Tyranitar|Rock Slide|p1a: Volcarona|[spread] p1b\n|-miss|p2a: Tyranitar|p1a: Volcarona\n|-damage|p1b: Phife|3\/100\n|\n|-weather|Sandstorm|[upkeep]\n|-damage|p1a: Volcarona|94\/100|[from] Sandstorm\n|-damage|p1b: Phife|0 fnt|[from] Sandstorm\n|-damage|p2a: Tyranitar|59\/100|[from] Sandstorm\n|faint|p1b: Phife\n|-heal|p1a: Volcarona|100\/100|[from] Grassy Terrain\n|upkeep\n|turn|6\n|inactive|VGCLTH Rishi has 30 seconds left.\n|\n|t:|1731881248\n|move|p1a: Volcarona|Heat Wave|p2b: Talonflame|[spread] p2a,p2b\n|-resisted|p2b: Talonflame\n|-damage|p2a: Tyranitar|24\/100\n|-damage|p2b: Talonflame|7\/100\n|move|p2b: Talonflame|Tailwind|p2b: Talonflame\n|-sidestart|p2: VGCLTH Rishi|move: Tailwind\n|move|p2a: Tyranitar|Tera Blast|p1a: Volcarona|[anim] Tera Blast Flying\n|-damage|p1a: Volcarona|50\/100\n|\n|-weather|Sandstorm|[upkeep]\n|-damage|p1a: Volcarona|44\/100|[from] Sandstorm\n|-damage|p2a: Tyranitar|18\/100|[from] Sandstorm\n|-heal|p1a: Volcarona|50\/100|[from] Grassy Terrain\n|-fieldend|move: Grassy Terrain\n|upkeep\n|turn|7\n|\n|t:|1731881256\n|move|p1a: Volcarona|Protect|p1a: Volcarona\n|-singleturn|p1a: Volcarona|Protect\n|move|p2b: Talonflame|Flare Blitz|p1a: Volcarona\n|-activate|p1a: Volcarona|move: Protect\n|move|p2a: Tyranitar|Tera Blast|p1a: Volcarona|[anim] Tera Blast Flying\n|-activate|p1a: Volcarona|move: Protect\n|\n|-weather|Sandstorm|[upkeep]\n|-damage|p1a: Volcarona|44\/100|[from] Sandstorm\n|-damage|p2a: Tyranitar|12\/100|[from] Sandstorm\n|upkeep\n|turn|8\n|\n|t:|1731881270\n|move|p2b: Talonflame|Flare Blitz|p1a: Volcarona\n|-damage|p1a: Volcarona|1\/100\n|-damage|p2b: Talonflame|0 fnt|[from] Recoil\n|faint|p2b: Talonflame\n|move|p1a: Volcarona|Heat Wave|p2a: Tyranitar\n|-crit|p2a: Tyranitar\n|-damage|p2a: Tyranitar|0 fnt\n|faint|p2a: Tyranitar\n|\n|win|eriksp\n|raw|eriksp's rating: 1768 &rarr; <strong>1792<\/strong><br \/>(+24 for winning)\n|raw|VGCLTH Rishi's rating: 1830 &rarr; <strong>1806<\/strong><br \/>(-24 for losing)\n|c|\u2606VGCLTH Rishi|gg\n|c|\u2606eriksp|holy shit\n|c|\u2606eriksp|ggs\n|l|\u2606VGCLTH Rishi\n|player|p2|\n|l| TheRealShaggy\n|l|\u2606eriksp\n|player|p1|\n|l| futonkagebunshin\n","uploadtime":1731881280,"views":93,"formatid":"gen9vgc2024regh","rating":1792,"private":0,"password":null}