{"id":"gen9vgc2024regh-2245267659","format":"[Gen 9] VGC 2024 Reg H","players":["VGCLTH low laddr","vgclth cuwutie"],"log":"|j|\u2606VGCLTH low laddr\n|j|\u2606vgclth cuwutie\n|t:|1731797494\n|gametype|doubles\n|player|p1|VGCLTH low laddr|lucas|1761\n|player|p2|vgclth cuwutie|266|1760\n|teamsize|p1|6\n|teamsize|p2|6\n|gen|9\n|tier|[Gen 9] VGC 2024 Reg H\n|rated|\n|rule|Species Clause: Limit one of each Pok\u00e9mon\n|rule|Item Clause: Limit 1 of each item\n|clearpoke\n|poke|p1|Sneasler, L50, F|\n|poke|p1|Ursaluna-Bloodmoon, L50, M|\n|poke|p1|Incineroar, L50, M|\n|poke|p1|Gholdengo, L50|\n|poke|p1|Rillaboom, L50, F|\n|poke|p1|Dragonite, L50, F|\n|poke|p2|Smeargle, L50, M|\n|poke|p2|Farigiraf, L50, M|\n|poke|p2|Maushold-Four, L50|\n|poke|p2|Torkoal, L50, F|\n|poke|p2|Ursaluna-Bloodmoon, L50, M|\n|poke|p2|Weezing-Galar, L50, F|\n|teampreview|4\n|inactive|Battle timer is ON: inactive players will automatically lose when time's up. (requested by VGCLTH low laddr)\n|inactive|VGCLTH low laddr has 60 seconds left.\n|j| VGCLTH Python\n|inactive|VGCLTH low laddr has 30 seconds left.\n|\n|t:|1731797557\n|start\n|switch|p1a: Ursaluna|Ursaluna-Bloodmoon, L50, M|100\/100\n|switch|p1b: Gholdengo|Gholdengo, L50|100\/100\n|switch|p2a: Smeargle|Smeargle, L50, M|100\/100\n|switch|p2b: Farigiraf|Farigiraf, L50, M|100\/100\n|turn|1\n|\n|t:|1731797568\n|move|p2a: Smeargle|Wide Guard|p2a: Smeargle\n|-singleturn|p2a: Smeargle|Wide Guard\n|move|p1b: Gholdengo|Make It Rain|p2a: Smeargle|[spread] \n|-activate|p2a: Smeargle|move: Wide Guard\n|-activate|p2b: Farigiraf|move: Wide Guard\n|move|p1a: Ursaluna|Blood Moon|p2b: Farigiraf\n|-damage|p2b: Farigiraf|48\/100\n|move|p2b: Farigiraf|Trick Room|p2b: Farigiraf\n|-fieldstart|move: Trick Room|[of] p2b: Farigiraf\n|\n|-ability|p2a: Smeargle|Moody|boost\n|-boost|p2a: Smeargle|spe|2\n|-unboost|p2a: Smeargle|spd|1\n|-enditem|p2a: Smeargle|Eject Pack\n|upkeep\n|\n|t:|1731797572\n|switch|p2a: Torkoal|Torkoal, L50, F|100\/100\n|-weather|SunnyDay|[from] ability: Drought|[of] p2a: Torkoal\n|turn|2\n|\n|t:|1731797582\n|-terastallize|p2a: Torkoal|Fire\n|move|p2b: Farigiraf|Helping Hand|p2a: Torkoal\n|-singleturn|p2a: Torkoal|Helping Hand|[of] p2b: Farigiraf\n|move|p1a: Ursaluna|Protect|p1a: Ursaluna\n|-singleturn|p1a: Ursaluna|Protect\n|move|p1b: Gholdengo|Protect|p1b: Gholdengo\n|-singleturn|p1b: Gholdengo|Protect\n|move|p2a: Torkoal|Eruption|p1a: Ursaluna|[spread] \n|-activate|p1a: Ursaluna|move: Protect\n|-activate|p1b: Gholdengo|move: Protect\n|\n|-weather|SunnyDay|[upkeep]\n|upkeep\n|turn|3\n|\n|t:|1731797595\n|switch|p1a: Dragonite|Dragonite, L50, F|100\/100\n|-terastallize|p1b: Gholdengo|Water\n|move|p2b: Farigiraf|Helping Hand|p2a: Torkoal\n|-singleturn|p2a: Torkoal|Helping Hand|[of] p2b: Farigiraf\n|move|p2a: Torkoal|Eruption|p1a: Dragonite|[spread] p1a,p1b\n|-resisted|p1a: Dragonite\n|-resisted|p1b: Gholdengo\n|-damage|p1a: Dragonite|40\/100\n|-damage|p1b: Gholdengo|0 fnt\n|faint|p1b: Gholdengo\n|\n|-weather|SunnyDay|[upkeep]\n|upkeep\n|\n|t:|1731797605\n|switch|p1b: Rillaboom|Rillaboom, L50, F|100\/100\n|-fieldstart|move: Grassy Terrain|[from] ability: Grassy Surge|[of] p1b: Rillaboom\n|turn|4\n|\n|t:|1731797614\n|move|p2b: Farigiraf|Helping Hand|p2a: Torkoal\n|-singleturn|p2a: Torkoal|Helping Hand|[of] p2b: Farigiraf\n|move|p1b: Rillaboom|Fake Out|p2a: Torkoal\n|-damage|p2a: Torkoal|89\/100\n|cant|p2a: Torkoal|flinch\n|move|p1a: Dragonite|Scale Shot|p2a: Torkoal\n|-damage|p2a: Torkoal|80\/100\n|-damage|p2a: Torkoal|69\/100\n|-damage|p2a: Torkoal|59\/100\n|-damage|p2a: Torkoal|49\/100\n|-damage|p2a: Torkoal|38\/100\n|-hitcount|p2a: Torkoal|5\n|-unboost|p1a: Dragonite|def|1\n|-boost|p1a: Dragonite|spe|1\n|\n|-weather|SunnyDay|[upkeep]\n|-heal|p2a: Torkoal|45\/100|[from] Grassy Terrain\n|-heal|p2b: Farigiraf|54\/100|[from] Grassy Terrain\n|upkeep\n|turn|5\n|\n|t:|1731797637\n|move|p2b: Farigiraf|Helping Hand|p2a: Torkoal\n|-singleturn|p2a: Torkoal|Helping Hand|[of] p2b: Farigiraf\n|move|p1a: Dragonite|Extreme Speed|p2a: Torkoal\n|-damage|p2a: Torkoal|23\/100\n|move|p1b: Rillaboom|Grassy Glide|p2a: Torkoal\n|-resisted|p2a: Torkoal\n|-damage|p2a: Torkoal|9\/100\n|move|p2a: Torkoal|Eruption|p1a: Dragonite|[spread] p1a,p1b\n|-resisted|p1a: Dragonite\n|-supereffective|p1b: Rillaboom\n|-damage|p1a: Dragonite|31\/100\n|-damage|p1b: Rillaboom|77\/100\n|\n|-weather|SunnyDay|[upkeep]\n|-heal|p2a: Torkoal|15\/100|[from] Grassy Terrain\n|-heal|p2b: Farigiraf|60\/100|[from] Grassy Terrain\n|-heal|p1b: Rillaboom|83\/100|[from] Grassy Terrain\n|-fieldend|move: Trick Room\n|upkeep\n|turn|6\n|\n|t:|1731797652\n|switch|p2a: Smeargle|Smeargle, L50, M|100\/100\n|move|p1a: Dragonite|Scale Shot|p2b: Farigiraf\n|-damage|p2b: Farigiraf|47\/100\n|-crit|p2b: Farigiraf\n|-damage|p2b: Farigiraf|28\/100\n|-damage|p2b: Farigiraf|15\/100\n|-damage|p2b: Farigiraf|2\/100\n|-damage|p2b: Farigiraf|0 fnt\n|faint|p2b: Farigiraf\n|-hitcount|p2: Farigiraf|5\n|-unboost|p1a: Dragonite|def|1\n|-boost|p1a: Dragonite|spe|1\n|move|p1b: Rillaboom|U-turn|p2a: Smeargle\n|-damage|p2a: Smeargle|41\/100\n|\n|t:|1731797656\n|switch|p1b: Ursaluna|Ursaluna-Bloodmoon, L50, M|100\/100|[from] U-turn\n|\n|-weather|none\n|-heal|p2a: Smeargle|47\/100|[from] Grassy Terrain\n|-ability|p2a: Smeargle|Moody|boost\n|-boost|p2a: Smeargle|def|2\n|-unboost|p2a: Smeargle|spa|1\n|upkeep\n|\n|t:|1731797660\n|switch|p2b: Ursaluna|Ursaluna-Bloodmoon, L50, M|100\/100\n|turn|7\n|\n|t:|1731797669\n|move|p1a: Dragonite|Protect|p1a: Dragonite\n|-singleturn|p1a: Dragonite|Protect\n|move|p2a: Smeargle|Fake Out|p1a: Dragonite\n|-activate|p1a: Dragonite|move: Protect\n|move|p1b: Ursaluna|Blood Moon|p2b: Ursaluna\n|-damage|p2b: Ursaluna|21\/100\n|move|p2b: Ursaluna|Hyper Voice|p1a: Dragonite|[spread] p1b\n|-activate|p1a: Dragonite|move: Protect\n|-damage|p1b: Ursaluna|48\/100\n|-damage|p2b: Ursaluna|11\/100|[from] item: Life Orb\n|\n|-heal|p2a: Smeargle|53\/100|[from] Grassy Terrain\n|-heal|p1b: Ursaluna|55\/100|[from] Grassy Terrain\n|-heal|p2b: Ursaluna|17\/100|[from] Grassy Terrain\n|-ability|p2a: Smeargle|Moody|boost\n|-boost|p2a: Smeargle|spd|2\n|-unboost|p2a: Smeargle|atk|1\n|upkeep\n|turn|8\n|inactive|VGCLTH low laddr has 30 seconds left.\n|\n|t:|1731797698\n|move|p2b: Ursaluna|Protect|p2b: Ursaluna\n|-singleturn|p2b: Ursaluna|Protect\n|move|p1a: Dragonite|Scale Shot|p2a: Smeargle\n|-damage|p2a: Smeargle|34\/100\n|-damage|p2a: Smeargle|19\/100\n|-damage|p2a: Smeargle|2\/100\n|-damage|p2a: Smeargle|0 fnt\n|faint|p2a: Smeargle\n|-hitcount|p2: Smeargle|4\n|-unboost|p1a: Dragonite|def|1\n|-boost|p1a: Dragonite|spe|1\n|move|p1b: Ursaluna|Earth Power|p2b: Ursaluna\n|-activate|p2b: Ursaluna|move: Protect\n|\n|-heal|p1b: Ursaluna|61\/100|[from] Grassy Terrain\n|-heal|p2b: Ursaluna|23\/100|[from] Grassy Terrain\n|-fieldend|move: Grassy Terrain\n|upkeep\n|\n|t:|1731797707\n|switch|p2a: Torkoal|Torkoal, L50, F, tera:Fire|15\/100\n|-weather|SunnyDay|[from] ability: Drought|[of] p2a: Torkoal\n|turn|9\n|-message|vgclth cuwutie forfeited.\n|\n|win|VGCLTH low laddr\n|raw|VGCLTH low laddr's rating: 1761 &rarr; <strong>1779<\/strong><br \/>(+18 for winning)\n|raw|vgclth cuwutie's rating: 1730 &rarr; <strong>1712<\/strong><br \/>(-18 for losing)\n|l|\u2606vgclth cuwutie\n|player|p2|\n|l|\u2606VGCLTH low laddr\n|player|p1|\n|l| VGCLTH Python\n","uploadtime":1731797924,"views":14,"formatid":"gen9vgc2024regh","rating":1712,"private":0,"password":null}