{"id":"gen9vgc2024regh-2245188120","format":"[Gen 9] VGC 2024 Reg H","players":["Tritan11","VGCLTH Glock Tuah"],"log":"|raw|<div class=\"broadcast-blue\"><strong>This battle is required to be public due to a player having a name starting with 'vgclth'.<\/div>\n|j|\u2606Tritan11\n|j|\u2606VGCLTH Glock Tuah\n|t:|1731787613\n|gametype|doubles\n|player|p1|Tritan11|169|1752\n|player|p2|VGCLTH Glock Tuah|koga-lgpe|1720\n|teamsize|p1|6\n|teamsize|p2|6\n|gen|9\n|tier|[Gen 9] VGC 2024 Reg H\n|rated|\n|rule|Species Clause: Limit one of each Pok\u00e9mon\n|rule|Item Clause: Limit 1 of each item\n|clearpoke\n|poke|p1|Hatterene, L50, F|\n|poke|p1|Indeedee-F, L50, F|\n|poke|p1|Amoonguss, L50, M|\n|poke|p1|Araquanid, L50, F|\n|poke|p1|Ursaluna-Bloodmoon, L50, M|\n|poke|p1|Incineroar, L50, F|\n|poke|p2|Annihilape, L50, F|\n|poke|p2|Dondozo, L50, F|\n|poke|p2|Maushold-Four, L50|\n|poke|p2|Gholdengo, L50|\n|poke|p2|Whimsicott, L50, M|\n|poke|p2|Tatsugiri, L50, F|\n|teampreview|4\n|inactive|Battle timer is ON: inactive players will automatically lose when time's up. (requested by VGCLTH Glock Tuah)\n|inactive|Tritan11 also wants the timer to be on.\n|inactive|Tritan11 has 60 seconds left.\n|j| jdarcan\n|inactive|Tritan11 has 30 seconds left.\n|inactive|Tritan11 has 20 seconds left.\n|inactive|Tritan11 has 15 seconds left.\n|\n|t:|1731787690\n|start\n|switch|p1a: Indeedee|Indeedee-F, L50, F|100\/100\n|switch|p1b: Hatterene|Hatterene, L50, F|100\/100\n|switch|p2a: Maushold|Maushold-Four, L50|100\/100\n|switch|p2b: Annihilape|Annihilape, L50, F, shiny|100\/100\n|-fieldstart|move: Psychic Terrain|[from] ability: Psychic Surge|[of] p1a: Indeedee\n|turn|1\n|j| Bohoennian\n|\n|t:|1731787707\n|move|p1a: Indeedee|Follow Me|p1a: Indeedee\n|-singleturn|p1a: Indeedee|move: Follow Me\n|move|p2a: Maushold|Taunt|p1a: Indeedee\n|-start|p1a: Indeedee|move: Taunt\n|move|p2b: Annihilape|Bulk Up|p2b: Annihilape\n|-boost|p2b: Annihilape|atk|1\n|-boost|p2b: Annihilape|def|1\n|move|p1b: Hatterene|Trick Room|p1b: Hatterene\n|-fieldstart|move: Trick Room|[of] p1b: Hatterene\n|\n|upkeep\n|turn|2\n|\n|t:|1731787724\n|-terastallize|p2b: Annihilape|Fire\n|move|p2a: Maushold|Protect|p2a: Maushold\n|-singleturn|p2a: Maushold|Protect\n|move|p1b: Hatterene|Expanding Force|p2a: Maushold|[spread] p2b\n|-activate|p2a: Maushold|move: Protect\n|-damage|p2b: Annihilape|62\/100\n|move|p1a: Indeedee|Psychic|p2b: Annihilape\n|-damage|p2b: Annihilape|40\/100\n|-enditem|p2b: Annihilape|Sitrus Berry|[eat]\n|-heal|p2b: Annihilape|65\/100|[from] item: Sitrus Berry\n|move|p2b: Annihilape|Rage Fist|p1b: Hatterene\n|-supereffective|p1b: Hatterene\n|-enditem|p1b: Hatterene|Focus Sash\n|-damage|p1b: Hatterene|1\/100\n|\n|upkeep\n|turn|3\n|\n|t:|1731787745\n|move|p2a: Maushold|Follow Me|p2a: Maushold\n|-singleturn|p2a: Maushold|move: Follow Me\n|move|p1b: Hatterene|Expanding Force|p2b: Annihilape|[spread] p2a,p2b\n|-damage|p2a: Maushold|13\/100\n|-damage|p2b: Annihilape|22\/100\n|move|p1a: Indeedee|Psychic|p2a: Maushold\n|-damage|p2a: Maushold|0 fnt\n|faint|p2a: Maushold\n|move|p2b: Annihilape|Drain Punch|p1a: Indeedee\n|-damage|p1a: Indeedee|47\/100\n|-heal|p2b: Annihilape|44\/100|[from] drain|[of] p1a: Indeedee\n|\n|upkeep\n|\n|t:|1731787752\n|switch|p2a: Dondozo|Dondozo, L50, F, shiny|100\/100\n|turn|4\n|\n|t:|1731787762\n|switch|p2b: Tatsugiri|Tatsugiri, L50, F, shiny|100\/100\n|-activate|p2b: Tatsugiri|ability: Commander|[of] p2a: Dondozo\n|-boost|p2a: Dondozo|atk|2\n|-boost|p2a: Dondozo|spa|2\n|-boost|p2a: Dondozo|spe|2\n|-boost|p2a: Dondozo|def|2\n|-boost|p2a: Dondozo|spd|2\n|move|p1b: Hatterene|Expanding Force|p2a: Dondozo|[spread] p2a\n|-miss|p1b: Hatterene|p2b: Tatsugiri\n|-damage|p2a: Dondozo|64\/100\n|move|p1a: Indeedee|Psychic|p2b: Tatsugiri|[miss]\n|-miss|p1a: Indeedee|p2b: Tatsugiri\n|move|p2a: Dondozo|Order Up|p1a: Indeedee\n|-damage|p1a: Indeedee|0 fnt\n|faint|p1a: Indeedee\n|-boost|p2a: Dondozo|atk|1\n|\n|-heal|p2a: Dondozo|71\/100|[from] item: Leftovers\n|upkeep\n|\n|t:|1731787777\n|switch|p1a: Amoonguss|Amoonguss, L50, M|100\/100\n|turn|5\n|\n|t:|1731787799\n|move|p1b: Hatterene|Expanding Force|p2a: Dondozo|[spread] p2a\n|-miss|p1b: Hatterene|p2b: Tatsugiri\n|-damage|p2a: Dondozo|30\/100\n|move|p1a: Amoonguss|Spore|p2a: Dondozo\n|-status|p2a: Dondozo|slp|[from] move: Spore\n|cant|p2a: Dondozo|slp\n|\n|-heal|p2a: Dondozo|36\/100 slp|[from] item: Leftovers\n|-fieldend|move: Trick Room\n|-fieldend|move: Psychic Terrain\n|upkeep\n|turn|6\n|j| Conquistatore\n|\n|t:|1731787809\n|cant|p2a: Dondozo|slp\n|move|p1a: Amoonguss|Clear Smog|p2a: Dondozo\n|-damage|p2a: Dondozo|29\/100 slp\n|-clearboost|p2a: Dondozo\n|move|p1b: Hatterene|Trick Room|p1b: Hatterene\n|-fieldstart|move: Trick Room|[of] p1b: Hatterene\n|\n|-heal|p2a: Dondozo|35\/100 slp|[from] item: Leftovers\n|upkeep\n|turn|7\n|l| Conquistatore\n|\n|t:|1731787826\n|switch|p1a: Ursaluna|Ursaluna-Bloodmoon, L50, M|100\/100\n|move|p1b: Hatterene|Expanding Force|p2a: Dondozo\n|-damage|p2a: Dondozo|0 fnt\n|faint|p2a: Dondozo\n|\n|upkeep\n|\n|t:|1731787829\n|switch|p2a: Annihilape|Annihilape, L50, F, shiny, tera:Fire|44\/100\n|turn|8\n|\n|t:|1731787839\n|-terastallize|p1a: Ursaluna|Normal\n|move|p2a: Annihilape|Protect|p2a: Annihilape\n|-singleturn|p2a: Annihilape|Protect\n|move|p1b: Hatterene|Dazzling Gleam|p2a: Annihilape|[spread] p2b\n|-activate|p2a: Annihilape|move: Protect\n|-supereffective|p2b: Tatsugiri\n|-damage|p2b: Tatsugiri|12\/100\n|move|p1a: Ursaluna|Hyper Voice|p2b: Tatsugiri|[spread] p2b\n|-activate|p2a: Annihilape|move: Protect\n|-damage|p2b: Tatsugiri|0 fnt\n|faint|p2b: Tatsugiri\n|-damage|p1a: Ursaluna|90\/100|[from] item: Life Orb\n|\n|upkeep\n|turn|9\n|-message|VGCLTH Glock Tuah forfeited.\n|\n|win|Tritan11\n|raw|Tritan11's rating: 1752 &rarr; <strong>1770<\/strong><br \/>(+18 for winning)\n|raw|VGCLTH Glock Tuah's rating: 1720 &rarr; <strong>1702<\/strong><br \/>(-18 for losing)\n|l|\u2606VGCLTH Glock Tuah\n|player|p2|\n|l| Bohoennian\n|l|\u2606Tritan11\n|player|p1|\n","uploadtime":1731788068,"views":24,"formatid":"gen9vgc2024regh","rating":1702,"private":0,"password":null}