{"id":"gen9vgc2024regh-2245889288","format":"[Gen 9] VGC 2024 Reg H","players":["VGCLTH Sac gaming","spikemonkey76701"],"log":"|raw|<div class=\"broadcast-blue\"><strong>This battle is required to be public due to a player having a name starting with 'vgclth'.<\/div>\n|j|\u2606VGCLTH Sac gaming\n|j|\u2606spikemonkey76701\n|t:|1731889076\n|gametype|doubles\n|player|p1|VGCLTH Sac gaming|steven|1736\n|player|p2|spikemonkey76701|swimmerf|1801\n|teamsize|p1|6\n|teamsize|p2|6\n|gen|9\n|tier|[Gen 9] VGC 2024 Reg H\n|rated|\n|rule|Species Clause: Limit one of each Pok\u00e9mon\n|rule|Item Clause: Limit 1 of each item\n|clearpoke\n|poke|p1|Whimsicott, L50, M|\n|poke|p1|Dragonite, L50, F|\n|poke|p1|Ursaluna-Bloodmoon, L50, M|\n|poke|p1|Gholdengo, L50|\n|poke|p1|Incineroar, L50, M|\n|poke|p1|Annihilape, L50, F|\n|poke|p2|Primarina, L50, F|\n|poke|p2|Pelipper, L50, F|\n|poke|p2|Ursaluna, L50, F|\n|poke|p2|Archaludon, L50, M|\n|poke|p2|Sinistcha, L50|\n|poke|p2|Sneasler, L50, M|\n|teampreview|4\n|j| testingmoon7777\nVGCLTH Sac gaming rejected open team sheets.\n|\n|t:|1731889112\n|start\n|switch|p1a: Annihilape|Annihilape, L50, F|100\/100\n|switch|p1b: Dragonite|Dragonite, L50, F|100\/100\n|switch|p2a: Sneasler|Sneasler, L50, M|100\/100\n|switch|p2b: Sinistcha|Sinistcha, L50|100\/100\n|turn|1\n|\n|t:|1731889127\n|-terastallize|p1b: Dragonite|Steel\n|move|p2a: Sneasler|Dire Claw|p1b: Dragonite\n|-immune|p1b: Dragonite\n|move|p1a: Annihilape|Rage Fist|p2b: Sinistcha\n|-supereffective|p2b: Sinistcha\n|-damage|p2b: Sinistcha|60\/100\n|move|p1b: Dragonite|Scale Shot|p2b: Sinistcha\n|-damage|p2b: Sinistcha|47\/100\n|-enditem|p2b: Sinistcha|Sitrus Berry|[eat]\n|-heal|p2b: Sinistcha|71\/100|[from] item: Sitrus Berry\n|-damage|p2b: Sinistcha|57\/100\n|-crit|p2b: Sinistcha\n|-damage|p2b: Sinistcha|37\/100\n|-damage|p2b: Sinistcha|23\/100\n|-hitcount|p2b: Sinistcha|4\n|-unboost|p1b: Dragonite|def|1\n|-boost|p1b: Dragonite|spe|1\n|move|p2b: Sinistcha|Trick Room|p2b: Sinistcha\n|-fieldstart|move: Trick Room|[of] p2b: Sinistcha\n|\n|upkeep\n|turn|2\n|\n|t:|1731889155\n|switch|p1b: Gholdengo|Gholdengo, L50|100\/100\n|-terastallize|p2a: Sneasler|Stellar\n|move|p2b: Sinistcha|Rage Powder|p2b: Sinistcha\n|-singleturn|p2b: Sinistcha|move: Rage Powder\n|move|p1a: Annihilape|Close Combat|p2a: Sneasler\n|-resisted|p2a: Sneasler\n|-damage|p2a: Sneasler|58\/100\n|-unboost|p1a: Annihilape|def|1\n|-unboost|p1a: Annihilape|spd|1\n|move|p2a: Sneasler|Close Combat|p1b: Gholdengo\n|-immune|p1b: Gholdengo\n|\n|upkeep\n|turn|3\n|\n|t:|1731889189\n|switch|p2b: Pelipper|Pelipper, L50, F|100\/100\n|-weather|RainDance|[from] ability: Drizzle|[of] p2b: Pelipper\n|switch|p1a: Dragonite|Dragonite, L50, F, tera:Steel|100\/100\n|move|p1b: Gholdengo|Make It Rain|p2b: Pelipper|[spread] p2a,p2b\n|-resisted|p2b: Pelipper\n|-damage|p2a: Sneasler|0 fnt\n|-damage|p2b: Pelipper|47\/100\n|-unboost|p1b: Gholdengo|spa|1\n|faint|p2a: Sneasler\n|\n|-weather|RainDance|[upkeep]\n|upkeep\n|\n|t:|1731889199\n|switch|p2a: Primarina|Primarina, L50, F|100\/100\n|turn|4\n|\n|t:|1731889218\n|move|p1a: Dragonite|Protect|p1a: Dragonite\n|-singleturn|p1a: Dragonite|Protect\n|move|p2a: Primarina|Hyper Voice|p1a: Dragonite|[spread] p1b\n|-activate|p1a: Dragonite|move: Protect\n|-crit|p1b: Gholdengo\n|-damage|p1b: Gholdengo|8\/100\n|-enditem|p2a: Primarina|Throat Spray\n|-boost|p2a: Primarina|spa|1|[from] item: Throat Spray\n|move|p2b: Pelipper|Weather Ball|p1a: Dragonite\n|-activate|p1a: Dragonite|move: Protect\n|move|p1b: Gholdengo|Make It Rain|p2a: Primarina|[spread] p2a,p2b\n|-resisted|p2b: Pelipper\n|-damage|p2a: Primarina|59\/100\n|-damage|p2b: Pelipper|10\/100\n|-unboost|p1b: Gholdengo|spa|1\n|\n|-weather|RainDance|[upkeep]\n|upkeep\n|turn|5\n|\n|t:|1731889242\n|switch|p2b: Sinistcha|Sinistcha, L50|23\/100\n|-heal|p2a: Primarina|83\/100|[from] ability: Hospitality|[of] p2b: Sinistcha\n|switch|p1b: Annihilape|Annihilape, L50, F|100\/100\n|move|p1a: Dragonite|Extreme Speed|p2b: Sinistcha\n|-immune|p2b: Sinistcha\n|move|p2a: Primarina|Hyper Voice|p1b: Annihilape|[spread] p1a,p1b\n|-damage|p1a: Dragonite|58\/100\n|-damage|p1b: Annihilape|13\/100\n|\n|-weather|RainDance|[upkeep]\n|-fieldend|move: Trick Room\n|upkeep\n|turn|6\n|\n|t:|1731889269\n|move|p2b: Sinistcha|Rage Powder|p2b: Sinistcha\n|-singleturn|p2b: Sinistcha|move: Rage Powder\n|move|p1b: Annihilape|Rage Fist|p2a: Primarina\n|-damage|p2a: Primarina|30\/100\n|move|p1a: Dragonite|Scale Shot|p2b: Sinistcha\n|-damage|p2b: Sinistcha|8\/100\n|-crit|p2b: Sinistcha\n|-damage|p2b: Sinistcha|0 fnt\n|faint|p2b: Sinistcha\n|-hitcount|p2: Sinistcha|2\n|-unboost|p1a: Dragonite|def|1\n|-boost|p1a: Dragonite|spe|1\n|move|p2a: Primarina|Hyper Voice|p1b: Annihilape|[spread] p1a,p1b\n|-damage|p1a: Dragonite|0 fnt\n|-damage|p1b: Annihilape|0 fnt\n|faint|p1a: Dragonite\n|faint|p1b: Annihilape\n|\n|-weather|RainDance|[upkeep]\n|upkeep\n|\n|t:|1731889284\n|switch|p1b: Gholdengo|Gholdengo, L50|8\/100\n|switch|p1a: Ursaluna|Ursaluna-Bloodmoon, L50, M|100\/100\n|switch|p2b: Pelipper|Pelipper, L50, F|10\/100\n|turn|7\n|\n|t:|1731889295\n|move|p2b: Pelipper|Wide Guard|p2b: Pelipper\n|-singleturn|p2b: Pelipper|Wide Guard\n|move|p1a: Ursaluna|Vacuum Wave|p2b: Pelipper\n|-resisted|p2b: Pelipper\n|-damage|p2b: Pelipper|0 fnt\n|faint|p2b: Pelipper\n|move|p1b: Gholdengo|Shadow Ball|p2a: Primarina\n|-damage|p2a: Primarina|0 fnt\n|faint|p2a: Primarina\n|\n|win|VGCLTH Sac gaming\n|raw|VGCLTH Sac gaming's rating: 1736 &rarr; <strong>1760<\/strong><br \/>(+24 for winning)\n|raw|spikemonkey76701's rating: 1801 &rarr; <strong>1777<\/strong><br \/>(-24 for losing)\n|l|\u2606VGCLTH Sac gaming\n|player|p1|\n|l|\u2606spikemonkey76701\n|player|p2|\n|l| testingmoon7777\n","uploadtime":1731889300,"views":17,"formatid":"gen9vgc2024regh","rating":1760,"private":0,"password":null}