{"id":"gen9vgc2024regh-2245739806","format":"[Gen 9] VGC 2024 Reg H","players":["Sodiumtoad","Pasodoble"],"log":"|j|\u2606Sodiumtoad\n|j|\u2606Pasodoble\n|t:|1731871226\n|gametype|doubles\n|player|p1|Sodiumtoad|janine|1645\n|player|p2|Pasodoble|169|1698\n|teamsize|p1|6\n|teamsize|p2|6\n|gen|9\n|tier|[Gen 9] VGC 2024 Reg H\n|rated|\n|rule|Species Clause: Limit one of each Pok\u00e9mon\n|rule|Item Clause: Limit 1 of each item\n|clearpoke\n|poke|p1|Poliwrath, L50, F|\n|poke|p1|Pelipper, L50, F|\n|poke|p1|Indeedee-F, L50, F|\n|poke|p1|Braviary-Hisui, L50, M|\n|poke|p1|Annihilape, L50, F|\n|poke|p1|Grimmsnarl, L50, M|\n|poke|p2|Hydreigon, L50, F|\n|poke|p2|Gholdengo, L50|\n|poke|p2|Whimsicott, L50, M|\n|poke|p2|Dragapult, L50, M|\n|poke|p2|Blaziken, L50, F|\n|poke|p2|Garchomp, L50, F|\n|teampreview|4\n|j| ibengie\nPasodoble has agreed to open team sheets.\n|\n|t:|1731871278\n|start\n|switch|p1a: Annihilape|Annihilape, L50, F|100\/100\n|switch|p1b: Indeedee|Indeedee-F, L50, F|100\/100\n|switch|p2a: Whimsicott|Whimsicott, L50, M|100\/100\n|switch|p2b: Gholdengo|Gholdengo, L50|100\/100\n|-fieldstart|move: Psychic Terrain|[from] ability: Psychic Surge|[of] p1b: Indeedee\n|turn|1\n|\n|t:|1731871294\n|move|p2a: Whimsicott|Protect|p2a: Whimsicott\n|-singleturn|p2a: Whimsicott|Protect\n|move|p1a: Annihilape|Final Gambit|p2b: Gholdengo\n|-immune|p2b: Gholdengo\n|move|p2b: Gholdengo|Make It Rain|p1a: Annihilape|[spread] p1a,p1b\n|-damage|p1a: Annihilape|26\/100\n|-damage|p1b: Indeedee|32\/100\n|-unboost|p2b: Gholdengo|spa|1\n|move|p1b: Indeedee|Trick Room|p1b: Indeedee\n|-fieldstart|move: Trick Room|[of] p1b: Indeedee\n|\n|upkeep\n|turn|2\n|\n|t:|1731871314\n|move|p1b: Indeedee|Psychic|p2a: Whimsicott\n|-damage|p2a: Whimsicott|35\/100\n|move|p2b: Gholdengo|Make It Rain|p1a: Annihilape|[spread] p1a,p1b\n|-damage|p1a: Annihilape|0 fnt\n|-damage|p1b: Indeedee|0 fnt\n|-unboost|p2b: Gholdengo|spa|1\n|faint|p1a: Annihilape\n|faint|p1b: Indeedee\n|move|p2a: Whimsicott|Moonblast|p1: Annihilape|[notarget]\n|-fail|p2a: Whimsicott\n|\n|upkeep\n|\n|t:|1731871319\n|switch|p1b: Grimmsnarl|Grimmsnarl, L50, M|100\/100\n|switch|p1a: Braviary|Braviary-Hisui, L50, M|100\/100\n|turn|3\n|\n|t:|1731871337\n|-terastallize|p1a: Braviary|Psychic\n|move|p2a: Whimsicott|Protect|p2a: Whimsicott\n|-singleturn|p2a: Whimsicott|Protect\n|move|p1b: Grimmsnarl|Spirit Break|p2b: Gholdengo\n|-resisted|p2b: Gholdengo\n|-damage|p2b: Gholdengo|77\/100\n|-unboost|p2b: Gholdengo|spa|1\n|move|p1a: Braviary|Expanding Force|p2b: Gholdengo|[spread] p2b\n|-activate|p2a: Whimsicott|move: Protect\n|-resisted|p2b: Gholdengo\n|-damage|p2b: Gholdengo|0 fnt\n|faint|p2b: Gholdengo\n|-damage|p1a: Braviary|91\/100|[from] item: Life Orb\n|\n|upkeep\n|\n|t:|1731871374\n|switch|p2b: Hydreigon|Hydreigon, L50, F|100\/100\n|turn|4\n|\n|t:|1731871392\n|-terastallize|p2b: Hydreigon|Ghost\n|move|p1b: Grimmsnarl|Spirit Break|p2b: Hydreigon\n|-damage|p2b: Hydreigon|52\/100\n|-unboost|p2b: Hydreigon|spa|1\n|move|p1a: Braviary|Expanding Force|p2a: Whimsicott|[spread] p2a,p2b\n|-damage|p2a: Whimsicott|0 fnt\n|-damage|p2b: Hydreigon|0 fnt\n|faint|p2a: Whimsicott\n|faint|p2b: Hydreigon\n|-damage|p1a: Braviary|81\/100|[from] item: Life Orb\n|\n|upkeep\n|\n|t:|1731871399\n|switch|p2b: Garchomp|Garchomp, L50, F|100\/100\n|turn|5\n|\n|t:|1731871425\n|move|p2b: Garchomp|Protect|p2b: Garchomp\n|-singleturn|p2b: Garchomp|Protect\n|move|p1b: Grimmsnarl|Spirit Break|p2b: Garchomp\n|-activate|p2b: Garchomp|move: Protect\n|move|p1a: Braviary|Expanding Force|p2b: Garchomp\n|-activate|p2b: Garchomp|move: Protect\n|\n|-fieldend|move: Trick Room\n|-fieldend|move: Psychic Terrain\n|upkeep\n|turn|6\n|\n|t:|1731871434\n|move|p1a: Braviary|Protect|p1a: Braviary\n|-singleturn|p1a: Braviary|Protect\n|move|p2b: Garchomp|Earthquake|p1b: Grimmsnarl|[spread] p1b\n|-activate|p1a: Braviary|move: Protect\n|-crit|p1b: Grimmsnarl\n|-damage|p1b: Grimmsnarl|21\/100\n|move|p1b: Grimmsnarl|Spirit Break|p2b: Garchomp\n|-supereffective|p2b: Garchomp\n|-damage|p2b: Garchomp|8\/100\n|-unboost|p2b: Garchomp|spa|1\n|-damage|p1b: Grimmsnarl|9\/100|[from] ability: Rough Skin|[of] p2b: Garchomp\n|\n|upkeep\n|turn|7\n|inactive|Battle timer is ON: inactive players will automatically lose when time's up. (requested by Sodiumtoad)\n|inactive|Pasodoble has 60 seconds left.\n|\n|t:|1731871536\n|move|p2b: Garchomp|Scale Shot|p1a: Braviary\n|-damage|p1a: Braviary|63\/100\n|-damage|p1a: Braviary|46\/100\n|-crit|p1a: Braviary\n|-damage|p1a: Braviary|21\/100\n|-damage|p1a: Braviary|5\/100\n|-damage|p1a: Braviary|0 fnt\n|faint|p1a: Braviary\n|-hitcount|p1: Braviary|5\n|-unboost|p2b: Garchomp|def|1\n|-boost|p2b: Garchomp|spe|1\n|move|p1b: Grimmsnarl|Spirit Break|p2b: Garchomp\n|-supereffective|p2b: Garchomp\n|-damage|p2b: Garchomp|0 fnt\n|-damage|p1b: Grimmsnarl|0 fnt|[from] ability: Rough Skin|[of] p2b: Garchomp\n|faint|p2b: Garchomp\n|faint|p1b: Grimmsnarl\n|\n|win|Sodiumtoad\n|raw|Sodiumtoad's rating: 1645 &rarr; <strong>1668<\/strong><br \/>(+23 for winning)\n|raw|Pasodoble's rating: 1698 &rarr; <strong>1675<\/strong><br \/>(-23 for losing)\n|l|\u2606Pasodoble\n|player|p2|\n|l|\u2606Sodiumtoad\n|player|p1|\n|l| ibengie\n","uploadtime":1731871748,"views":12,"formatid":"gen9vgc2024regh","rating":1668,"private":0,"password":null}