{"id":"gen9vgc2024regh-2245296755","format":"[Gen 9] VGC 2024 Reg H","players":["VGCLTH Python","don't use magmar"],"log":"|raw|<div class=\"broadcast-blue\"><strong>This battle is required to be public due to a player having a name starting with 'vgclth'.<\/div>\n|j|\u2606VGCLTH Python\n|j|\u2606don't use magmar\n|t:|1731801293\n|gametype|doubles\n|player|p1|VGCLTH Python|yellow|1706\n|player|p2|don't use magmar|lucas|1814\n|teamsize|p1|6\n|teamsize|p2|6\n|gen|9\n|tier|[Gen 9] VGC 2024 Reg H\n|rated|\n|rule|Species Clause: Limit one of each Pok\u00e9mon\n|rule|Item Clause: Limit 1 of each item\n|clearpoke\n|poke|p1|Gholdengo, L50|\n|poke|p1|Glimmora, L50, M|\n|poke|p1|Murkrow, L50, F|\n|poke|p1|Meowscarada, L50, F|\n|poke|p1|Ursaluna, L50, M|\n|poke|p1|Indeedee, L50, M|\n|poke|p2|Incineroar, L50, F|\n|poke|p2|Amoonguss, L50, M|\n|poke|p2|Porygon2, L50|\n|poke|p2|Sneasler, L50, F|\n|poke|p2|Palafin, L50, M|\n|poke|p2|Ursaluna-Bloodmoon, L50, M|\n|teampreview|4\n|inactive|Battle timer is ON: inactive players will automatically lose when time's up. (requested by VGCLTH Python)\n|j| cfyow\n|\n|t:|1731801331\n|start\n|switch|p1a: Indeedee|Indeedee, L50, M|100\/100\n|switch|p1b: Glimmora|Glimmora, L50, M|100\/100\n|switch|p2a: Incineroar|Incineroar, L50, F|100\/100\n|switch|p2b: Sneasler|Sneasler, L50, F|100\/100\n|-fieldstart|move: Psychic Terrain|[from] ability: Psychic Surge|[of] p1a: Indeedee\n|-ability|p2a: Incineroar|Intimidate|boost\n|-unboost|p1a: Indeedee|atk|1\n|-unboost|p1b: Glimmora|atk|1\n|turn|1\n|inactive|don't use magmar has 30 seconds left.\n|\n|t:|1731801364\n|-terastallize|p2b: Sneasler|Stellar\n|move|p2b: Sneasler|Close Combat|p1b: Glimmora\n|-damage|p1b: Glimmora|0 fnt\n|-unboost|p2b: Sneasler|def|1\n|-unboost|p2b: Sneasler|spd|1\n|-activate|p1b: Glimmora|ability: Toxic Debris\n|-sidestart|p2: don't use magmar|move: Toxic Spikes\n|faint|p1b: Glimmora\n|move|p1a: Indeedee|Expanding Force|p2a: Incineroar|[spread] p2b\n|-immune|p2a: Incineroar\n|-supereffective|p2b: Sneasler\n|-enditem|p2b: Sneasler|Focus Sash\n|-damage|p2b: Sneasler|1\/100\n|move|p2a: Incineroar|Knock Off|p1a: Indeedee\n|-supereffective|p1a: Indeedee\n|-enditem|p1a: Indeedee|Focus Sash\n|-damage|p1a: Indeedee|1\/100\n|\n|upkeep\n|\n|t:|1731801379\n|switch|p1b: Ursaluna|Ursaluna, L50, M|100\/100\n|turn|2\n|inactive|don't use magmar has 30 seconds left.\n|\n|t:|1731801404\n|move|p2b: Sneasler|Protect|p2b: Sneasler\n|-singleturn|p2b: Sneasler|Protect\n|move|p1a: Indeedee|Imprison|p1a: Indeedee\n|-start|p1a: Indeedee|move: Imprison\n|move|p2a: Incineroar|Parting Shot|p1a: Indeedee\n|-unboost|p1a: Indeedee|atk|1\n|-unboost|p1a: Indeedee|spa|1\n|\n|t:|1731801408\n|switch|p2a: Porygon2|Porygon2, L50|100\/100|[from] Parting Shot\n|-status|p2a: Porygon2|psn\n|-ability|p2a: Porygon2|Download|boost\n|-boost|p2a: Porygon2|atk|1\n|move|p1b: Ursaluna|Facade|p2b: Sneasler\n|-activate|p2b: Sneasler|move: Protect\n|\n|-damage|p2a: Porygon2|88\/100 psn|[from] psn\n|-status|p1b: Ursaluna|brn|[from] item: Flame Orb\n|upkeep\n|turn|3\n|inactive|VGCLTH Python has 30 seconds left.\n|\n|t:|1731801439\n|-terastallize|p1b: Ursaluna|Ghost\n|move|p2b: Sneasler|Dire Claw|p1a: Indeedee\n|-damage|p1a: Indeedee|0 fnt\n|faint|p1a: Indeedee\n|move|p1b: Ursaluna|Facade|p2a: Porygon2\n|-damage|p2a: Porygon2|4\/100 psn\n|move|p2a: Porygon2|Ice Beam|p1b: Ursaluna\n|-damage|p1b: Ursaluna|75\/100 brn\n|\n|-damage|p2a: Porygon2|0 fnt|[from] psn\n|faint|p2a: Porygon2\n|-damage|p1b: Ursaluna|69\/100 brn|[from] brn\n|upkeep\n|\n|t:|1731801451\n|switch|p1a: Meowscarada|Meowscarada, L50, F|100\/100\n|switch|p2a: Ursaluna|Ursaluna-Bloodmoon, L50, M|100\/100\n|-status|p2a: Ursaluna|psn\n|turn|4\n|\n|t:|1731801469\n|move|p1a: Meowscarada|Flower Trick|p2b: Sneasler\n|-start|p1a: Meowscarada|typechange|Grass|[from] ability: Protean\n|-resisted|p2b: Sneasler\n|-crit|p2b: Sneasler\n|-damage|p2b: Sneasler|0 fnt\n|faint|p2b: Sneasler\n|move|p2a: Ursaluna|Blood Moon|p1b: Ursaluna\n|-damage|p1b: Ursaluna|2\/100 brn\n|move|p1b: Ursaluna|Drain Punch|p2a: Ursaluna\n|-supereffective|p2a: Ursaluna\n|-damage|p2a: Ursaluna|37\/100 psn\n|-heal|p1b: Ursaluna|30\/100 brn|[from] drain|[of] p2a: Ursaluna\n|\n|-damage|p2a: Ursaluna|24\/100 psn|[from] psn\n|-damage|p1b: Ursaluna|24\/100 brn|[from] brn\n|upkeep\n|\n|t:|1731801475\n|switch|p2b: Incineroar|Incineroar, L50, F|100\/100\n|-status|p2b: Incineroar|psn\n|-ability|p2b: Incineroar|Intimidate|boost\n|-unboost|p1a: Meowscarada|atk|1\n|-unboost|p1b: Ursaluna|atk|1\n|turn|5\n|\n|t:|1731801483\n|move|p1b: Ursaluna|Protect|p1b: Ursaluna\n|-singleturn|p1b: Ursaluna|Protect\n|move|p1a: Meowscarada|Flower Trick|p2a: Ursaluna\n|-supereffective|p2a: Ursaluna\n|-crit|p2a: Ursaluna\n|-damage|p2a: Ursaluna|0 fnt\n|faint|p2a: Ursaluna\n|move|p2b: Incineroar|Knock Off|p1b: Ursaluna\n|-activate|p1b: Ursaluna|move: Protect\n|\n|-damage|p2b: Incineroar|88\/100 psn|[from] psn\n|-damage|p1b: Ursaluna|18\/100 brn|[from] brn\n|-fieldend|move: Psychic Terrain\n|upkeep\n|turn|6\n|\n|t:|1731801499\n|move|p1b: Ursaluna|Protect||[still]\n|-fail|p1b: Ursaluna\n|move|p1a: Meowscarada|Flower Trick|p2b: Incineroar\n|-resisted|p2b: Incineroar\n|-crit|p2b: Incineroar\n|-damage|p2b: Incineroar|52\/100 psn\n|move|p2b: Incineroar|Knock Off|p1b: Ursaluna\n|-supereffective|p1b: Ursaluna\n|-damage|p1b: Ursaluna|0 fnt\n|-enditem|p1b: Ursaluna|Flame Orb|[from] move: Knock Off|[of] p2b: Incineroar\n|faint|p1b: Ursaluna\n|\n|-damage|p2b: Incineroar|40\/100 psn|[from] psn\n|upkeep\n|turn|7\n|\n|t:|1731801506\n|move|p1a: Meowscarada|Flower Trick|p2b: Incineroar\n|-resisted|p2b: Incineroar\n|-crit|p2b: Incineroar\n|-damage|p2b: Incineroar|7\/100 psn\n|move|p2b: Incineroar|Flare Blitz|p1a: Meowscarada\n|-supereffective|p1a: Meowscarada\n|-damage|p1a: Meowscarada|0 fnt\n|faint|p1a: Meowscarada\n|-damage|p2b: Incineroar|0 fnt|[from] Recoil\n|faint|p2b: Incineroar\n|\n|win|don't use magmar\n|raw|VGCLTH Python's rating: 1706 &rarr; <strong>1692<\/strong><br \/>(-14 for losing)\n|raw|don&apos;t use magmar's rating: 1814 &rarr; <strong>1828<\/strong><br \/>(+14 for winning)\n|l|\u2606don't use magmar\n|player|p2|\n|l|\u2606VGCLTH Python\n|player|p1|\n","uploadtime":1731801750,"views":39,"formatid":"gen9vgc2024regh","rating":1692,"private":0,"password":null}