{"id":"gen9vgc2024regh-2245465888","format":"[Gen 9] VGC 2024 Reg H","players":["jayjazZa","VGCLTH fangame"],"log":"|raw|<div class=\"broadcast-blue\"><strong>This battle is required to be public due to a player having a name starting with 'vgclth'.<\/div>\n|j|\u2606jayjazZa\n|j|\u2606VGCLTH fangame\n|t:|1731826399\n|gametype|doubles\n|player|p1|jayjazZa|169|1758\n|player|p2|VGCLTH fangame|red|1710\n|teamsize|p1|6\n|teamsize|p2|6\n|gen|9\n|tier|[Gen 9] VGC 2024 Reg H\n|rated|\n|rule|Species Clause: Limit one of each Pok\u00e9mon\n|rule|Item Clause: Limit 1 of each item\n|clearpoke\n|poke|p1|Gallade, L50, M|\n|poke|p1|Exeggutor, L50, F|\n|poke|p1|Zoroark-Hisui, L50, M|\n|poke|p1|Ursaluna, L50, F|\n|poke|p1|Torkoal, L50, F|\n|poke|p1|Indeedee-F, L50, F|\n|poke|p2|Glaceon, L50, F|\n|poke|p2|Ninetales-Alola, L50, F|\n|poke|p2|Milotic, L50, M|\n|poke|p2|Incineroar, L50, F|\n|poke|p2|Ursaluna-Bloodmoon, L50, M|\n|poke|p2|Annihilape, L50, F|\n|teampreview|4\n|inactive|Battle timer is ON: inactive players will automatically lose when time's up. (requested by VGCLTH fangame)\n|inactive|jayjazZa also wants the timer to be on.\n|\n|t:|1731826428\n|start\n|switch|p1a: Stella|Exeggutor, L50, F|100\/100\n|switch|p1b: York|Indeedee-F, L50, F|100\/100\n|switch|p2a: Milotic|Milotic, L50, M, shiny|100\/100\n|switch|p2b: Incineroar|Incineroar, L50, F, shiny|100\/100\n|-ability|p2b: Incineroar|Intimidate|boost\n|-unboost|p1a: Stella|atk|1\n|-unboost|p1b: York|atk|1\n|-fieldstart|move: Psychic Terrain|[from] ability: Psychic Surge|[of] p1b: York\n|-enditem|p1b: York|Psychic Seed\n|-boost|p1b: York|spd|1|[from] item: Psychic Seed\n|-enditem|p2b: Incineroar|Mirror Herb\n|-boost|p2b: Incineroar|spd|1|[from] item: Mirror Herb\n|turn|1\n|inactive|jayjazZa has 30 seconds left.\n|\n|t:|1731826456\n|-terastallize|p1a: Stella|Stellar\n|move|p1b: York|Helping Hand|p1a: Stella\n|-singleturn|p1a: Stella|Helping Hand|[of] p1b: York\n|move|p1a: Stella|Hyper Voice|p2a: Milotic|[spread] p2a,p2b\n|-damage|p2a: Milotic|35\/100\n|-damage|p2b: Incineroar|38\/100\n|-enditem|p2a: Milotic|Sitrus Berry|[eat]\n|-heal|p2a: Milotic|60\/100|[from] item: Sitrus Berry\n|move|p2a: Milotic|Hypnosis|p1b: York\n|-status|p1b: York|slp|[from] move: Hypnosis\n|move|p2b: Incineroar|Knock Off|p1a: Stella\n|-supereffective|p1a: Stella\n|-damage|p1a: Stella|0 fnt\n|replace|p1a: Zoroark|Zoroark-Hisui, L50, M\n|-end|p1a: Zoroark|Illusion\n|-enditem|p1a: Zoroark|Choice Specs|[from] move: Knock Off|[of] p2b: Incineroar\n|faint|p1a: Zoroark\n|\n|upkeep\n|\n|t:|1731826462\n|switch|p1a: Atlas|Torkoal, L50, F|100\/100\n|-weather|SunnyDay|[from] ability: Drought|[of] p1a: Atlas\n|turn|2\n|\n|t:|1731826474\n|move|p2a: Milotic|Life Dew|p2a: Milotic|[spread] p2a,p2b\n|-heal|p2a: Milotic|85\/100\n|-heal|p2b: Incineroar|63\/100\n|move|p2b: Incineroar|Knock Off|p1b: York\n|-supereffective|p1b: York\n|-damage|p1b: York|45\/100 slp\n|move|p1a: Atlas|Eruption|p2b: Incineroar|[spread] p2a,p2b\n|-resisted|p2a: Milotic\n|-resisted|p2b: Incineroar\n|-damage|p2a: Milotic|56\/100\n|-damage|p2b: Incineroar|38\/100\n|cant|p1b: York|slp\n|\n|-weather|SunnyDay|[upkeep]\n|upkeep\n|turn|3\n|j| lswagh\n|\n|t:|1731826493\n|move|p2a: Milotic|Muddy Water|p1a: Atlas|[spread] p1a,p1b\n|-supereffective|p1a: Atlas\n|-damage|p1a: Atlas|69\/100\n|-damage|p1b: York|38\/100 slp\n|move|p2b: Incineroar|Flare Blitz|p1b: York\n|-damage|p1b: York|0 fnt\n|faint|p1b: York\n|-damage|p2b: Incineroar|27\/100|[from] Recoil\n|move|p1a: Atlas|Eruption|p2a: Milotic|[spread] p2a,p2b\n|-resisted|p2a: Milotic\n|-resisted|p2b: Incineroar\n|-damage|p2a: Milotic|38\/100\n|-damage|p2b: Incineroar|11\/100\n|\n|-weather|SunnyDay|[upkeep]\n|upkeep\n|j| RNGeez RandBats\n|\n|t:|1731826499\n|switch|p1b: Stella|Exeggutor, L50, F|100\/100\n|turn|4\n|l| RNGeez RandBats\n|\n|t:|1731826512\n|move|p1b: Stella|Sleep Powder|p2a: Milotic|[miss]\n|-miss|p1b: Stella|p2a: Milotic\n|move|p2a: Milotic|Life Dew|p2a: Milotic|[spread] p2a,p2b\n|-heal|p2a: Milotic|63\/100\n|-heal|p2b: Incineroar|36\/100\n|move|p2b: Incineroar|Flare Blitz|p1b: Stella\n|-supereffective|p1b: Stella\n|-enditem|p1b: Stella|Focus Sash\n|-damage|p1b: Stella|1\/100\n|-damage|p2b: Incineroar|8\/100|[from] Recoil\n|move|p1a: Atlas|Eruption|p2b: Incineroar|[spread] p2a,p2b\n|-resisted|p2a: Milotic\n|-resisted|p2b: Incineroar\n|-damage|p2a: Milotic|43\/100\n|-damage|p2b: Incineroar|0 fnt\n|faint|p2b: Incineroar\n|\n|-weather|SunnyDay|[upkeep]\n|upkeep\n|\n|t:|1731826516\n|switch|p2b: Ninetales|Ninetales-Alola, L50, F, shiny|100\/100\n|-weather|Snow|[from] ability: Snow Warning|[of] p2b: Ninetales\n|turn|5\n|-message|jayjazZa forfeited.\n|\n|win|VGCLTH fangame\n|raw|jayjazZa's rating: 1758 &rarr; <strong>1735<\/strong><br \/>(-23 for losing)\n|raw|VGCLTH fangame's rating: 1710 &rarr; <strong>1733<\/strong><br \/>(+23 for winning)\n|l|\u2606jayjazZa\n|player|p1|\n|l|\u2606VGCLTH fangame\n|player|p2|\n","uploadtime":1731826682,"views":13,"formatid":"gen9vgc2024regh","rating":1733,"private":0,"password":null}