{"id":"gen9vgc2024regh-2245255857","format":"[Gen 9] VGC 2024 Reg H","players":["Zordor","vgclth cuwutie"],"log":"|j|\u2606Zordor\n|j|\u2606vgclth cuwutie\n|t:|1731795978\n|gametype|doubles\n|player|p1|Zordor|pilot|1843\n|player|p2|vgclth cuwutie|266|1757\n|teamsize|p1|6\n|teamsize|p2|6\n|gen|9\n|tier|[Gen 9] VGC 2024 Reg H\n|rated|\n|rule|Species Clause: Limit one of each Pok\u00e9mon\n|rule|Item Clause: Limit 1 of each item\n|clearpoke\n|poke|p1|Rotom-Wash, L50|\n|poke|p1|Sneasler, L50, M|\n|poke|p1|Armarouge, L50, F|\n|poke|p1|Venusaur, L50, F|\n|poke|p1|Hydreigon, L50, M|\n|poke|p1|Scizor, L50, M|\n|poke|p2|Smeargle, L50, M|\n|poke|p2|Farigiraf, L50, M|\n|poke|p2|Maushold-Four, L50|\n|poke|p2|Torkoal, L50, M|\n|poke|p2|Ursaluna-Bloodmoon, L50, M|\n|poke|p2|Weezing-Galar, L50, F|\n|teampreview|4\n|j| jdarcan\n|\n|t:|1731796040\n|start\n|switch|p1a: Rotom|Rotom-Wash, L50|100\/100\n|switch|p1b: Scizor|Scizor, L50, M|100\/100\n|switch|p2a: Smeargle|Smeargle, L50, M|100\/100\n|switch|p2b: Farigiraf|Farigiraf, L50, M|100\/100\n|turn|1\n|\n|t:|1731796066\n|move|p2a: Smeargle|Fake Out|p1b: Scizor\n|-resisted|p1b: Scizor\n|-damage|p1b: Scizor|99\/100\n|move|p1a: Rotom|Electroweb|p2a: Smeargle|[spread] p2a,p2b\n|-damage|p2a: Smeargle|69\/100\n|-damage|p2b: Farigiraf|88\/100\n|-unboost|p2a: Smeargle|spe|1\n|-enditem|p2a: Smeargle|Eject Pack\n|-unboost|p2b: Farigiraf|spe|1\n|\n|t:|1731796076\n|switch|p2a: Ursaluna|Ursaluna-Bloodmoon, L50, M|100\/100\n|cant|p1b: Scizor|flinch\n|move|p2b: Farigiraf|Trick Room|p2b: Farigiraf\n|-fieldstart|move: Trick Room|[of] p2b: Farigiraf\n|\n|upkeep\n|turn|2\n|\n|t:|1731796089\n|-terastallize|p2a: Ursaluna|Normal\n|move|p2b: Farigiraf|Helping Hand|p2a: Ursaluna\n|-singleturn|p2a: Ursaluna|Helping Hand|[of] p2b: Farigiraf\n|move|p1a: Rotom|Protect|p1a: Rotom\n|-singleturn|p1a: Rotom|Protect\n|move|p2a: Ursaluna|Hyper Voice|p1b: Scizor|[spread] p1b\n|-activate|p1a: Rotom|move: Protect\n|-resisted|p1b: Scizor\n|-damage|p1b: Scizor|57\/100\n|-damage|p2a: Ursaluna|90\/100|[from] item: Life Orb\n|move|p1b: Scizor|Knock Off|p2a: Ursaluna\n|-damage|p2a: Ursaluna|65\/100\n|-enditem|p2a: Ursaluna|Life Orb|[from] move: Knock Off|[of] p1b: Scizor\n|\n|upkeep\n|turn|3\n|\n|t:|1731796131\n|move|p2b: Farigiraf|Helping Hand|p2a: Ursaluna\n|-singleturn|p2a: Ursaluna|Helping Hand|[of] p2b: Farigiraf\n|move|p2a: Ursaluna|Blood Moon|p1a: Rotom\n|-damage|p1a: Rotom|0 fnt\n|faint|p1a: Rotom\n|move|p1b: Scizor|Bug Bite|p2b: Farigiraf\n|-supereffective|p2b: Farigiraf\n|-damage|p2b: Farigiraf|0 fnt\n|faint|p2b: Farigiraf\n|\n|upkeep\n|\n|t:|1731796151\n|switch|p2b: Torkoal|Torkoal, L50, M|100\/100\n|switch|p1a: Hydreigon|Hydreigon, L50, M|100\/100\n|-weather|SunnyDay|[from] ability: Drought|[of] p2b: Torkoal\n|turn|4\n|\n|t:|1731796158\n|switch|p1b: Armarouge|Armarouge, L50, F|100\/100\n|move|p2b: Torkoal|Eruption|p1b: Armarouge|[spread] p1a\n|-start|p1b: Armarouge|ability: Flash Fire\n|-resisted|p1a: Hydreigon\n|-damage|p1a: Hydreigon|46\/100\n|move|p2a: Ursaluna|Hyper Voice|p1a: Hydreigon|[spread] p1a,p1b\n|-damage|p1a: Hydreigon|0 fnt\n|-damage|p1b: Armarouge|38\/100\n|faint|p1a: Hydreigon\n|\n|-weather|SunnyDay|[upkeep]\n|upkeep\n|\n|t:|1731796168\n|switch|p1a: Scizor|Scizor, L50, M|57\/100\n|turn|5\n|\n|t:|1731796202\n|switch|p2b: Smeargle|Smeargle, L50, M|69\/100\n|-terastallize|p1a: Scizor|Water\n|move|p1b: Armarouge|Protect|p1b: Armarouge\n|-singleturn|p1b: Armarouge|Protect\n|move|p2a: Ursaluna|Hyper Voice|p1b: Armarouge|[spread] p1a\n|-activate|p1b: Armarouge|move: Protect\n|-damage|p1a: Scizor|18\/100\n|move|p1a: Scizor|Bug Bite|p2a: Ursaluna\n|-damage|p2a: Ursaluna|30\/100\n|\n|-weather|SunnyDay|[upkeep]\n|-fieldend|move: Trick Room\n|-ability|p2b: Smeargle|Moody|boost\n|-boost|p2b: Smeargle|spa|2\n|-unboost|p2b: Smeargle|def|1\n|upkeep\n|turn|6\n|j| UGCL\n|\n|t:|1731796242\n|move|p2a: Ursaluna|Protect|p2a: Ursaluna\n|-singleturn|p2a: Ursaluna|Protect\n|move|p2b: Smeargle|Spore|p1b: Armarouge\n|-status|p1b: Armarouge|slp|[from] move: Spore\n|cant|p1b: Armarouge|slp\n|move|p1a: Scizor|Bug Bite|p2a: Ursaluna\n|-activate|p2a: Ursaluna|move: Protect\n|\n|-weather|SunnyDay|[upkeep]\n|-ability|p2b: Smeargle|Moody|boost\n|-boost|p2b: Smeargle|spe|2\n|-unboost|p2b: Smeargle|def|1\n|upkeep\n|turn|7\n|\n|t:|1731796275\n|move|p1a: Scizor|Bullet Punch|p2b: Smeargle\n|-damage|p2b: Smeargle|0 fnt\n|faint|p2b: Smeargle\n|cant|p1b: Armarouge|slp\n|move|p2a: Ursaluna|Hyper Voice|p1a: Scizor|[spread] p1a,p1b\n|-damage|p1a: Scizor|0 fnt\n|-damage|p1b: Armarouge|0 fnt\n|faint|p1a: Scizor\n|faint|p1b: Armarouge\n|\n|win|vgclth cuwutie\n|raw|Zordor's rating: 1843 &rarr; <strong>1818<\/strong><br \/>(-25 for losing)\n|raw|vgclth cuwutie's rating: 1757 &rarr; <strong>1782<\/strong><br \/>(+25 for winning)\n|l|\u2606Zordor\n|player|p1|\n|l| UGCL\n|l|\u2606vgclth cuwutie\n|player|p2|\n","uploadtime":1731796427,"views":26,"formatid":"gen9vgc2024regh","rating":1782,"private":0,"password":null}