{"id":"gen9vgc2024regh-2245269233","format":"[Gen 9] VGC 2024 Reg H","players":["VGCLTH fangame10","CabbageConnoisseur"],"log":"|raw|<div class=\"broadcast-blue\"><strong>This battle is required to be public due to a player having a name starting with 'vgclth'.<\/div>\n|j|\u2606VGCLTH fangame10\n|j|\u2606CabbageConnoisseur\n|t:|1731797701\n|gametype|doubles\n|player|p1|VGCLTH fangame10|red|1717\n|player|p2|CabbageConnoisseur|266|1735\n|teamsize|p1|6\n|teamsize|p2|6\n|gen|9\n|tier|[Gen 9] VGC 2024 Reg H\n|rated|\n|rule|Species Clause: Limit one of each Pok\u00e9mon\n|rule|Item Clause: Limit 1 of each item\n|clearpoke\n|poke|p1|Glaceon, L50, F|\n|poke|p1|Ninetales-Alola, L50, F|\n|poke|p1|Milotic, L50, M|\n|poke|p1|Skeledirge, L50, M|\n|poke|p1|Ursaluna-Bloodmoon, L50, M|\n|poke|p1|Annihilape, L50, M|\n|poke|p2|Ursaluna-Bloodmoon, L50, M|\n|poke|p2|Grimmsnarl, L50, M|\n|poke|p2|Archaludon, L50, M|\n|poke|p2|Ninetales-Alola, L50, F|\n|poke|p2|Annihilape, L50, F|\n|poke|p2|Magmar, L50, F|\n|teampreview|4\n|inactive|Battle timer is ON: inactive players will automatically lose when time's up. (requested by VGCLTH fangame10)\n|\n|t:|1731797730\n|start\n|switch|p1a: Ninetales|Ninetales-Alola, L50, F, shiny|100\/100\n|switch|p1b: Ursaluna|Ursaluna-Bloodmoon, L50, M|100\/100\n|switch|p2a: Grimmsnarl|Grimmsnarl, L50, M|100\/100\n|switch|p2b: Annihilape|Annihilape, L50, F|100\/100\n|-weather|Snow|[from] ability: Snow Warning|[of] p1a: Ninetales\n|turn|1\n|inactive|VGCLTH fangame10 has 30 seconds left.\n|inactive|CabbageConnoisseur has 30 seconds left.\n|\n|t:|1731797760\n|switch|p1b: Annihilape|Annihilape, L50, M, shiny|100\/100\n|-terastallize|p2b: Annihilape|Water\n|move|p2a: Grimmsnarl|Light Screen|p2a: Grimmsnarl\n|-sidestart|p2: CabbageConnoisseur|move: Light Screen\n|move|p1a: Ninetales|Aurora Veil|p1a: Ninetales\n|-sidestart|p1: VGCLTH fangame10|move: Aurora Veil\n|move|p2b: Annihilape|Bulk Up|p2b: Annihilape\n|-boost|p2b: Annihilape|atk|1\n|-boost|p2b: Annihilape|def|1\n|\n|-weather|Snow|[upkeep]\n|upkeep\n|turn|2\n|\n|t:|1731797769\n|-terastallize|p1b: Annihilape|Electric\n|move|p2a: Grimmsnarl|Thunder Wave|p1a: Ninetales\n|-status|p1a: Ninetales|par\n|move|p1b: Annihilape|Bulk Up|p1b: Annihilape\n|-boost|p1b: Annihilape|atk|1\n|-boost|p1b: Annihilape|def|1\n|move|p2b: Annihilape|Bulk Up|p2b: Annihilape\n|-boost|p2b: Annihilape|atk|1\n|-boost|p2b: Annihilape|def|1\n|move|p1a: Ninetales|Icicle Spear|p1b: Annihilape\n|-damage|p1b: Annihilape|98\/100\n|-damage|p1b: Annihilape|95\/100\n|-damage|p1b: Annihilape|92\/100\n|-damage|p1b: Annihilape|89\/100\n|-hitcount|p1b: Annihilape|4\n|\n|-weather|Snow|[upkeep]\n|-heal|p1b: Annihilape|95\/100|[from] item: Leftovers\n|upkeep\n|turn|3\n|\n|t:|1731797781\n|move|p2a: Grimmsnarl|Reflect|p2a: Grimmsnarl\n|-sidestart|p2: CabbageConnoisseur|Reflect\n|move|p1b: Annihilape|Rage Fist|p2b: Annihilape\n|-damage|p2b: Annihilape|55\/100\n|move|p2b: Annihilape|Bulk Up|p2b: Annihilape\n|-boost|p2b: Annihilape|atk|1\n|-boost|p2b: Annihilape|def|1\n|move|p1a: Ninetales|Icicle Spear|p1b: Annihilape\n|-damage|p1b: Annihilape|92\/100\n|-damage|p1b: Annihilape|89\/100\n|-damage|p1b: Annihilape|87\/100\n|-damage|p1b: Annihilape|84\/100\n|-hitcount|p1b: Annihilape|4\n|\n|-weather|Snow|[upkeep]\n|-heal|p1b: Annihilape|90\/100|[from] item: Leftovers\n|-heal|p2b: Annihilape|62\/100|[from] item: Leftovers\n|upkeep\n|turn|4\n|\n|t:|1731797797\n|switch|p1a: Ursaluna|Ursaluna-Bloodmoon, L50, M|100\/100\n|move|p1b: Annihilape|Rage Fist|p2b: Annihilape\n|-damage|p2b: Annihilape|3\/100\n|move|p2b: Annihilape|Rage Fist|p1b: Annihilape\n|-damage|p1b: Annihilape|6\/100\n|move|p2a: Grimmsnarl|Foul Play|p1b: Annihilape\n|-damage|p1b: Annihilape|0 fnt\n|faint|p1b: Annihilape\n|\n|-weather|Snow|[upkeep]\n|-heal|p2b: Annihilape|9\/100|[from] item: Leftovers\n|upkeep\n|j| DonShitDozo\n|\n|t:|1731797800\n|switch|p1b: Glaceon|Glaceon, L50, F, shiny|100\/100\n|turn|5\n|j| jdarcan\n|\n|t:|1731797810\n|move|p2a: Grimmsnarl|Thunder Wave|p1b: Glaceon\n|-status|p1b: Glaceon|par\n|move|p1a: Ursaluna|Vacuum Wave|p2b: Annihilape\n|-damage|p2b: Annihilape|0 fnt\n|faint|p2b: Annihilape\n|move|p1b: Glaceon|Blizzard|p2a: Grimmsnarl\n|-damage|p2a: Grimmsnarl|38\/100\n|\n|-weather|none\n|-sideend|p1: VGCLTH fangame10|move: Aurora Veil\n|upkeep\n|\n|t:|1731797817\n|switch|p2b: Magmar|Magmar, L50, F|100\/100\n|turn|6\n|\n|t:|1731797825\n|switch|p2a: Ursaluna|Ursaluna-Bloodmoon, L50, M|100\/100\n|switch|p1b: Ninetales|Ninetales-Alola, L50, F, shiny|100\/100 par\n|-weather|Snow|[from] ability: Snow Warning|[of] p1b: Ninetales\n|move|p2b: Magmar|Heat Wave|p1a: Ursaluna|[spread] p1a,p1b\n|-supereffective|p1b: Ninetales\n|-damage|p1a: Ursaluna|82\/100\n|-damage|p1b: Ninetales|48\/100 par\n|-status|p1a: Ursaluna|brn\n|move|p1a: Ursaluna|Hyper Voice|p2b: Magmar|[spread] p2a,p2b\n|-damage|p2a: Ursaluna|80\/100\n|-damage|p2b: Magmar|81\/100\n|\n|-weather|Snow|[upkeep]\n|-damage|p1a: Ursaluna|76\/100 brn|[from] brn\n|upkeep\n|turn|7\n|\n|t:|1731797833\n|move|p2b: Magmar|Heat Wave|p1a: Ursaluna|[spread] p1a,p1b\n|-supereffective|p1b: Ninetales\n|-damage|p1a: Ursaluna|59\/100 brn\n|-damage|p1b: Ninetales|0 fnt\n|faint|p1b: Ninetales\n|move|p2a: Ursaluna|Blood Moon|p1a: Ursaluna\n|-damage|p1a: Ursaluna|10\/100 brn\n|move|p1a: Ursaluna|Hyper Voice|p2b: Magmar|[spread] p2a,p2b\n|-damage|p2a: Ursaluna|61\/100\n|-damage|p2b: Magmar|64\/100\n|\n|-weather|Snow|[upkeep]\n|-damage|p1a: Ursaluna|4\/100 brn|[from] brn\n|upkeep\n|\n|t:|1731797836\n|switch|p1b: Glaceon|Glaceon, L50, F, shiny|100\/100 par\n|turn|8\n|\n|t:|1731797853\n|move|p1a: Ursaluna|Vacuum Wave|p2a: Ursaluna\n|-supereffective|p2a: Ursaluna\n|-damage|p2a: Ursaluna|44\/100\n|move|p2b: Magmar|Heat Wave|p1b: Glaceon|[spread] p1a,p1b\n|-supereffective|p1b: Glaceon\n|-damage|p1a: Ursaluna|0 fnt\n|-damage|p1b: Glaceon|50\/100 par\n|faint|p1a: Ursaluna\n|move|p2a: Ursaluna|Hyper Voice|p1b: Glaceon\n|-damage|p1b: Glaceon|0 fnt\n|faint|p1b: Glaceon\n|\n|win|CabbageConnoisseur\n|raw|VGCLTH fangame10's rating: 1717 &rarr; <strong>1698<\/strong><br \/>(-19 for losing)\n|raw|CabbageConnoisseur's rating: 1735 &rarr; <strong>1754<\/strong><br \/>(+19 for winning)\n|l|\u2606VGCLTH fangame10\n|player|p1|\n|l| DonShitDozo\n|l|\u2606CabbageConnoisseur\n|player|p2|\n","uploadtime":1731798060,"views":14,"formatid":"gen9vgc2024regh","rating":1698,"private":0,"password":null}