{"id":"gen9vgc2024regh-2245702237","format":"[Gen 9] VGC 2024 Reg H","players":["kendrickmalamar1","VGCLTH skibidi"],"log":"|raw|<div class=\"broadcast-blue\"><strong>This battle is required to be public due to a player having a name starting with 'vgclth'.<\/div>\n|j|\u2606kendrickmalamar1\n|j|\u2606VGCLTH skibidi\n|t:|1731866802\n|gametype|doubles\n|player|p1|kendrickmalamar1|volkner-masters|1755\n|player|p2|VGCLTH skibidi|piers-masters|1677\n|teamsize|p1|6\n|teamsize|p2|6\n|gen|9\n|tier|[Gen 9] VGC 2024 Reg H\n|rated|\n|rule|Species Clause: Limit one of each Pok\u00e9mon\n|rule|Item Clause: Limit 1 of each item\n|clearpoke\n|poke|p1|Rillaboom, L50, M|\n|poke|p1|Primarina, L50, M|\n|poke|p1|Sneasler, L50, F|\n|poke|p1|Dragapult, L50, F|\n|poke|p1|Kingambit, L50, M|\n|poke|p1|Magmar, L50, F|\n|poke|p2|Ceruledge, L50, F|\n|poke|p2|Gastrodon-East, L50, M|\n|poke|p2|Sneasler, L50, F|\n|poke|p2|Kingambit, L50, M|\n|poke|p2|Rillaboom, L50, M|\n|poke|p2|Dragonite, L50, F|\n|teampreview|4\n|inactive|Battle timer is ON: inactive players will automatically lose when time's up. (requested by VGCLTH skibidi)\nkendrickmalamar1 has agreed to open team sheets.\nVGCLTH skibidi has agreed to open team sheets.\n|inactive|kendrickmalamar1 has 30 seconds left.\n|j| volcaronavgc\n|inactive|kendrickmalamar1 has 20 seconds left.\n|inactive|kendrickmalamar1 has 15 seconds left.\n|inactive|kendrickmalamar1 has 10 seconds left.\n|inactive|kendrickmalamar1 has 5 seconds left.\n|\n|t:|1731866862\n|start\n|switch|p1a: Mrs. MissWisp|Magmar, L50, F|100\/100\n|switch|p1b: Lauryn Hill|Primarina, L50, M, shiny|100\/100\n|switch|p2a: Godlyreal|Kingambit, L50, M|100\/100\n|switch|p2b: Let's go gambling|Sneasler, L50, F|100\/100\n|turn|1\n|j| Finabas\n|l| Finabas\n|inactive|VGCLTH skibidi has 30 seconds left.\n|\n|t:|1731866887\n|switch|p2a: King Arthur|Ceruledge, L50, F|100\/100\n|move|p1b: Lauryn Hill|Protect|p1b: Lauryn Hill\n|-singleturn|p1b: Lauryn Hill|Protect\n|move|p2b: Let's go gambling|Coaching|p2a: King Arthur\n|-boost|p2a: King Arthur|atk|1\n|-boost|p2a: King Arthur|def|1\n|move|p1a: Mrs. MissWisp|Will-O-Wisp|p2a: King Arthur\n|-start|p2a: King Arthur|ability: Flash Fire\n|\n|upkeep\n|turn|2\n|\n|t:|1731866898\n|-terastallize|p2a: King Arthur|Grass\n|move|p1a: Mrs. MissWisp|Follow Me|p1a: Mrs. MissWisp\n|-singleturn|p1a: Mrs. MissWisp|move: Follow Me\n|move|p2b: Let's go gambling|Dire Claw|p1a: Mrs. MissWisp\n|-damage|p1a: Mrs. MissWisp|64\/100\n|move|p2a: King Arthur|Bitter Blade|p1a: Mrs. MissWisp\n|-resisted|p1a: Mrs. MissWisp\n|-crit|p1a: Mrs. MissWisp\n|-damage|p1a: Mrs. MissWisp|0 fnt\n|faint|p1a: Mrs. MissWisp\n|move|p1b: Lauryn Hill|Hyper Voice|p2a: King Arthur|[spread] p2a,p2b\n|-resisted|p2a: King Arthur\n|-damage|p2a: King Arthur|86\/100\n|-damage|p2b: Let's go gambling|60\/100\n|\n|-heal|p2a: King Arthur|92\/100|[from] item: Leftovers\n|upkeep\n|\n|t:|1731866904\n|switch|p1a: Q-Tip|Dragapult, L50, F, shiny|100\/100\n|turn|3\n|\n|t:|1731866925\n|-terastallize|p1a: Q-Tip|Ghost\n|move|p2a: King Arthur|Shadow Sneak|p1a: Q-Tip\n|-supereffective|p1a: Q-Tip\n|-damage|p1a: Q-Tip|8\/100\n|move|p1a: Q-Tip|Phantom Force||[still]\n|-prepare|p1a: Q-Tip|Phantom Force\n|move|p2b: Let's go gambling|Dire Claw|p1b: Lauryn Hill\n|-supereffective|p1b: Lauryn Hill\n|-damage|p1b: Lauryn Hill|9\/100\n|-enditem|p1b: Lauryn Hill|Sitrus Berry|[eat]\n|-heal|p1b: Lauryn Hill|34\/100|[from] item: Sitrus Berry\n|move|p1b: Lauryn Hill|Moonblast|p2a: King Arthur\n|-damage|p2a: King Arthur|43\/100\n|\n|-heal|p2a: King Arthur|49\/100|[from] item: Leftovers\n|upkeep\n|turn|4\n|\n|t:|1731866941\n|-end|p2a: King Arthur|ability: Flash Fire|[silent]\n|switch|p2a: Godlyreal|Kingambit, L50, M|100\/100\n|move|p1a: Q-Tip|Phantom Force|p2a: Godlyreal|[from]lockedmove\n|-resisted|p2a: Godlyreal\n|-damage|p2a: Godlyreal|63\/100\n|move|p2b: Let's go gambling|Dire Claw|p1b: Lauryn Hill\n|-supereffective|p1b: Lauryn Hill\n|-damage|p1b: Lauryn Hill|0 fnt\n|faint|p1b: Lauryn Hill\n|\n|upkeep\n|\n|t:|1731866949\n|switch|p1b: K-Dot|Kingambit, L50, M, shiny|100\/100\n|turn|5\n|\n|t:|1731866958\n|move|p2a: Godlyreal|Sucker Punch|p1a: Q-Tip\n|-supereffective|p1a: Q-Tip\n|-damage|p1a: Q-Tip|0 fnt\n|faint|p1a: Q-Tip\n|move|p2b: Let's go gambling|Close Combat|p1b: K-Dot\n|-supereffective|p1b: K-Dot\n|-damage|p1b: K-Dot|0 fnt\n|-unboost|p2b: Let's go gambling|def|1\n|-unboost|p2b: Let's go gambling|spd|1\n|faint|p1b: K-Dot\n|\n|win|VGCLTH skibidi\n|raw|kendrickmalamar1's rating: 1755 &rarr; <strong>1732<\/strong><br \/>(-23 for losing)\n|raw|VGCLTH skibidi's rating: 1697 &rarr; <strong>1720<\/strong><br \/>(+23 for winning)\n|l|\u2606VGCLTH skibidi\n|player|p2|\n|l|\u2606kendrickmalamar1\n|player|p1|\n|l| volcaronavgc\n","uploadtime":1731867163,"views":11,"formatid":"gen9vgc2024regh","rating":1720,"private":0,"password":null}