{"id":"gen9vgc2024regh-2245644151","format":"[Gen 9] VGC 2024 Reg H","players":["Tilzy","VGCLTH ladderboy66"],"log":"|raw|<div class=\"broadcast-blue\"><strong>This battle is required to be public due to a player having a name starting with 'vgclth'.<\/div>\n|j|\u2606Tilzy\n|j|\u2606VGCLTH ladderboy66\n|t:|1731859672\n|gametype|doubles\n|player|p1|Tilzy|pokemaniac|1735\n|player|p2|VGCLTH ladderboy66|169|1747\n|teamsize|p1|6\n|teamsize|p2|6\n|gen|9\n|tier|[Gen 9] VGC 2024 Reg H\n|rated|\n|rule|Species Clause: Limit one of each Pok\u00e9mon\n|rule|Item Clause: Limit 1 of each item\n|clearpoke\n|poke|p1|Toedscruel, L50, F|\n|poke|p1|Weezing-Galar, L50, M|\n|poke|p1|Corviknight, L50, M|\n|poke|p1|Garchomp, L50, M|\n|poke|p1|Typhlosion-Hisui, L50, F|\n|poke|p1|Palafin, L50, M|\n|poke|p2|Archaludon, L50, M|\n|poke|p2|Whimsicott, L50, F|\n|poke|p2|Pelipper, L50, F|\n|poke|p2|Basculegion, L50, M|\n|poke|p2|Gholdengo, L50|\n|poke|p2|Rillaboom, L50, M|\n|teampreview|4\n|j| Seaksos\nTilzy has agreed to open team sheets.\n|\n|t:|1731859751\n|start\n|switch|p1a: Weezing|Weezing-Galar, L50, M|100\/100\n|switch|p1b: Typhlosion|Typhlosion-Hisui, L50, F|100\/100\n|switch|p2a: Pelipper|Pelipper, L50, F|100\/100\n|switch|p2b: Gholdengo|Gholdengo, L50|100\/100\n|-ability|p1a: Weezing|Neutralizing Gas\n|turn|1\n|\n|t:|1731859774\n|-terastallize|p1a: Weezing|Flying\n|move|p2a: Pelipper|Wide Guard|p2a: Pelipper\n|-singleturn|p2a: Pelipper|Wide Guard\n|move|p1b: Typhlosion|Overheat|p2b: Gholdengo\n|-supereffective|p2b: Gholdengo\n|-crit|p2b: Gholdengo\n|-damage|p2b: Gholdengo|0 fnt\n|-unboost|p1b: Typhlosion|spa|2\n|faint|p2b: Gholdengo\n|move|p1a: Weezing|Sludge Bomb|p2a: Pelipper\n|-damage|p2a: Pelipper|5\/100\n|\n|upkeep\n|\n|t:|1731859783\n|switch|p2b: Basculegion|Basculegion, L50, M|100\/100\n|turn|2\n|j| Reyggor\n|\n|t:|1731859812\n|switch|p1b: Corviknight|Corviknight, L50, M|100\/100\n|move|p2a: Pelipper|Protect||[still]\n|-fail|p2a: Pelipper\n|move|p2b: Basculegion|Substitute|p2b: Basculegion\n|-start|p2b: Basculegion|Substitute\n|-damage|p2b: Basculegion|76\/100\n|move|p1a: Weezing|Sludge Bomb|p2a: Pelipper\n|-damage|p2a: Pelipper|0 fnt\n|faint|p2a: Pelipper\n|\n|upkeep\n|\n|t:|1731859819\n|switch|p2a: Rillaboom|Rillaboom, L50, M|100\/100\n|turn|3\n|\n|t:|1731859840\n|move|p2a: Rillaboom|Fake Out|p1a: Weezing\n|-damage|p1a: Weezing|87\/100\n|move|p2b: Basculegion|Last Respects|p1b: Corviknight\n|-damage|p1b: Corviknight|40\/100\n|-enditem|p1b: Corviknight|Sitrus Berry|[eat]\n|-heal|p1b: Corviknight|65\/100|[from] item: Sitrus Berry\n|move|p1b: Corviknight|Brave Bird|p2b: Basculegion\n|-end|p2b: Basculegion|Substitute\n|-damage|p1b: Corviknight|57\/100|[from] Recoil|[of] p2b: Basculegion\n|cant|p1a: Weezing|flinch\n|\n|upkeep\n|turn|4\n|\n|t:|1731859868\n|move|p2a: Rillaboom|Wood Hammer|p1b: Corviknight\n|-resisted|p1b: Corviknight\n|-crit|p1b: Corviknight\n|-damage|p1b: Corviknight|34\/100\n|-damage|p2a: Rillaboom|91\/100|[from] Recoil\n|move|p2b: Basculegion|Last Respects|p1b: Corviknight\n|-crit|p1b: Corviknight\n|-damage|p1b: Corviknight|0 fnt\n|faint|p1b: Corviknight\n|move|p1a: Weezing|Sludge Bomb|p2a: Rillaboom\n|-supereffective|p2a: Rillaboom\n|-damage|p2a: Rillaboom|0 fnt\n|faint|p2a: Rillaboom\n|\n|upkeep\n|\n|t:|1731859874\n|switch|p1b: Typhlosion|Typhlosion-Hisui, L50, F|100\/100\n|turn|5\n|j| Deltalini\n|\n|t:|1731859893\n|-terastallize|p2b: Basculegion|Water\n|move|p1b: Typhlosion|Shadow Ball|p2b: Basculegion\n|-damage|p2b: Basculegion|36\/100\n|-enditem|p2b: Basculegion|Sitrus Berry|[eat]\n|-heal|p2b: Basculegion|61\/100|[from] item: Sitrus Berry\n|move|p2b: Basculegion|Last Respects|p1b: Typhlosion\n|-supereffective|p1b: Typhlosion\n|-damage|p1b: Typhlosion|0 fnt\n|faint|p1b: Typhlosion\n|move|p1a: Weezing|Sludge Bomb|p2b: Basculegion\n|-damage|p2b: Basculegion|8\/100\n|-status|p2b: Basculegion|psn\n|\n|-damage|p2b: Basculegion|0 fnt|[from] psn\n|faint|p2b: Basculegion\n|\n|win|Tilzy\n|upkeep\n|raw|Tilzy's rating: 1735 &rarr; <strong>1756<\/strong><br \/>(+21 for winning)\n|raw|VGCLTH ladderboy66's rating: 1747 &rarr; <strong>1726<\/strong><br \/>(-21 for losing)\n|l|\u2606Tilzy\n|player|p1|\n|l|\u2606VGCLTH ladderboy66\n|player|p2|\n|l| Seaksos\n|l| Reyggor\n|l| Deltalini\n","uploadtime":1731860099,"views":7,"formatid":"gen9vgc2024regh","rating":1726,"private":0,"password":null}