{"id":"gen9vgc2024regh-2245389783","format":"[Gen 9] VGC 2024 Reg H","players":["vaporeonH20","ye979402"],"log":"|j|\u2606vaporeonH20\n|j|\u2606ye979402\n|t:|1731813793\n|gametype|doubles\n|player|p1|vaporeonH20|norman|1663\n|player|p2|ye979402|2|1759\n|teamsize|p1|6\n|teamsize|p2|6\n|gen|9\n|tier|[Gen 9] VGC 2024 Reg H\n|rated|\n|rule|Species Clause: Limit one of each Pok\u00e9mon\n|rule|Item Clause: Limit 1 of each item\n|clearpoke\n|poke|p1|Weezing-Galar, L50, M|\n|poke|p1|Volcarona, L50, M|\n|poke|p1|Baxcalibur, L50, F|\n|poke|p1|Incineroar, L50, F|\n|poke|p1|Ursaluna-Bloodmoon, L50, M|\n|poke|p1|Sinistcha, L50|\n|poke|p2|Tyranitar, L50, F|\n|poke|p2|Excadrill, L50, F|\n|poke|p2|Primarina, L50, M|\n|poke|p2|Talonflame, L50, M|\n|poke|p2|Corviknight, L50, M|\n|poke|p2|Dragonite, L50, M|\n|teampreview|4\n|inactive|Battle timer is ON: inactive players will automatically lose when time's up. (requested by vaporeonH20)\n|j| FubakiVGC\n|j| GooglePay\n|inactive|vaporeonH20 has 60 seconds left.\n|inactive|ye979402 has 60 seconds left.\n|\n|t:|1731813846\n|start\n|switch|p1a: Weezing|Weezing-Galar, L50, M|100\/100\n|switch|p1b: Incineroar|Incineroar, L50, F|100\/100\n|switch|p2a: Talonflame|Talonflame, L50, M, shiny|100\/100\n|switch|p2b: Primarina|Primarina, L50, M, shiny|100\/100\n|-ability|p1a: Weezing|Neutralizing Gas\n|-block|p1b: Incineroar|item: Ability Shield\n|-ability|p1b: Incineroar|Intimidate|boost\n|-unboost|p2a: Talonflame|atk|1\n|-unboost|p2b: Primarina|atk|1\n|turn|1\n|inactive|vaporeonH20 has 30 seconds left.\n|\n|t:|1731813871\n|move|p2b: Primarina|Protect|p2b: Primarina\n|-singleturn|p2b: Primarina|Protect\n|move|p1b: Incineroar|Fake Out|p2b: Primarina\n|-activate|p2b: Primarina|move: Protect\n|move|p2a: Talonflame|Tailwind|p2a: Talonflame\n|-sidestart|p2: ye979402|move: Tailwind\n|move|p1a: Weezing|Dazzling Gleam|p2a: Talonflame|[spread] p2a\n|-activate|p2b: Primarina|move: Protect\n|-resisted|p2a: Talonflame\n|-damage|p2a: Talonflame|88\/100\n|\n|upkeep\n|turn|2\n|inactive|ye979402 has 30 seconds left.\n|\n|t:|1731813903\n|switch|p2b: Corviknight|Corviknight, L50, M, shiny|100\/100\n|move|p2a: Talonflame|Taunt|p1a: Weezing\n|-start|p1a: Weezing|move: Taunt\n|move|p1b: Incineroar|Parting Shot|p2a: Talonflame\n|-unboost|p2a: Talonflame|atk|1\n|-unboost|p2a: Talonflame|spa|1\n|\n|t:|1731813912\n|switch|p1b: Volcarona|Volcarona, L50, M|100\/100|[from] Parting Shot\n|cant|p1a: Weezing|move: Taunt|Pain Split\n|\n|upkeep\n|turn|3\n|inactive|ye979402 has 30 seconds left.\n|\n|t:|1731813940\n|switch|p2a: Tyranitar|Tyranitar, L50, F, shiny|100\/100\n|switch|p1b: Incineroar|Incineroar, L50, F|100\/100\n|-ability|p1b: Incineroar|Intimidate|boost\n|-unboost|p2a: Tyranitar|atk|1\n|-unboost|p2b: Corviknight|atk|1\n|-terastallize|p2b: Corviknight|Dragon\n|move|p2b: Corviknight|Brave Bird|p1b: Incineroar\n|-damage|p1b: Incineroar|77\/100\n|-damage|p2b: Corviknight|93\/100|[from] Recoil\n|move|p1a: Weezing|Dazzling Gleam|p2b: Corviknight|[spread] p2a,p2b\n|-supereffective|p2a: Tyranitar\n|-supereffective|p2b: Corviknight\n|-damage|p2a: Tyranitar|67\/100\n|-damage|p2b: Corviknight|60\/100\n|\n|upkeep\n|turn|4\n|\n|t:|1731813964\n|move|p1b: Incineroar|Fake Out|p2a: Tyranitar\n|-resisted|p2a: Tyranitar\n|-damage|p2a: Tyranitar|63\/100\n|move|p2b: Corviknight|Bulk Up|p2b: Corviknight\n|-boost|p2b: Corviknight|atk|1\n|-boost|p2b: Corviknight|def|1\n|cant|p2a: Tyranitar|flinch\n|move|p1a: Weezing|Dazzling Gleam|p2a: Tyranitar|[spread] p2a,p2b\n|-supereffective|p2a: Tyranitar\n|-supereffective|p2b: Corviknight\n|-damage|p2a: Tyranitar|26\/100\n|-damage|p2b: Corviknight|30\/100\n|-enditem|p2b: Corviknight|Sitrus Berry|[eat]\n|-heal|p2b: Corviknight|55\/100|[from] item: Sitrus Berry\n|\n|-end|p1a: Weezing|move: Taunt\n|-sideend|p2: ye979402|move: Tailwind\n|upkeep\n|turn|5\n|\n|t:|1731813988\n|-terastallize|p1b: Incineroar|Ghost\n|move|p2b: Corviknight|Roost|p2b: Corviknight\n|-heal|p2b: Corviknight|100\/100\n|move|p2a: Tyranitar|Rock Slide|p1b: Incineroar|[spread] p1a,p1b\n|-damage|p1a: Weezing|72\/100\n|-damage|p1b: Incineroar|49\/100\n|move|p1b: Incineroar|Parting Shot|p2b: Corviknight\n|-unboost|p2b: Corviknight|atk|1\n|-unboost|p2b: Corviknight|spa|1\n|\n|t:|1731813999\n|switch|p1b: Ursaluna|Ursaluna-Bloodmoon, L50, M|100\/100|[from] Parting Shot\n|cant|p1a: Weezing|flinch\n|\n|upkeep\n|turn|6\n|\n|t:|1731814016\n|switch|p2a: Talonflame|Talonflame, L50, M, shiny|88\/100\n|move|p2b: Corviknight|Bulk Up|p2b: Corviknight\n|-boost|p2b: Corviknight|atk|1\n|-boost|p2b: Corviknight|def|1\n|move|p1a: Weezing|Dazzling Gleam|p2b: Corviknight|[spread] p2a,p2b\n|-resisted|p2a: Talonflame\n|-supereffective|p2b: Corviknight\n|-damage|p2a: Talonflame|74\/100\n|-damage|p2b: Corviknight|68\/100\n|move|p1b: Ursaluna|Moonblast|p2b: Corviknight\n|-supereffective|p2b: Corviknight\n|-damage|p2b: Corviknight|6\/100\n|\n|upkeep\n|turn|7\n|\n|t:|1731814034\n|move|p2a: Talonflame|Tailwind|p2a: Talonflame\n|-sidestart|p2: ye979402|move: Tailwind\n|move|p2b: Corviknight|Body Press|p1b: Ursaluna\n|-supereffective|p1b: Ursaluna\n|-damage|p1b: Ursaluna|49\/100\n|move|p1a: Weezing|Dazzling Gleam|p2b: Corviknight|[spread] p2a,p2b\n|-resisted|p2a: Talonflame\n|-supereffective|p2b: Corviknight\n|-damage|p2a: Talonflame|60\/100\n|-damage|p2b: Corviknight|0 fnt\n|faint|p2b: Corviknight\n|move|p1b: Ursaluna|Hyper Voice|p2a: Talonflame\n|-damage|p2a: Talonflame|0 fnt\n|faint|p2a: Talonflame\n|\n|upkeep\n|\n|t:|1731814049\n|switch|p2a: Primarina|Primarina, L50, M, shiny|100\/100\n|switch|p2b: Tyranitar|Tyranitar, L50, F, shiny|26\/100\n|turn|8\n|j| AlabamaChristian\n|inactive|ye979402 has 30 seconds left.\n|\n|t:|1731814077\n|switch|p1b: Incineroar|Incineroar, L50, F, tera:Ghost|49\/100\n|-ability|p1b: Incineroar|Intimidate|boost\n|-unboost|p2a: Primarina|atk|1\n|-unboost|p2b: Tyranitar|atk|1\n|move|p1a: Weezing|Protect|p1a: Weezing\n|-singleturn|p1a: Weezing|Protect\n|move|p2b: Tyranitar|Rock Slide|p1b: Incineroar|[spread] p1b\n|-activate|p1a: Weezing|move: Protect\n|-damage|p1b: Incineroar|23\/100\n|move|p2a: Primarina|Hyper Voice|p1a: Weezing|[spread] \n|-activate|p1a: Weezing|move: Protect\n|-immune|p1b: Incineroar\n|\n|upkeep\n|turn|9\n|l| AlabamaChristian\n|\n|t:|1731814098\n|move|p1b: Incineroar|Fake Out|p2b: Tyranitar\n|-resisted|p2b: Tyranitar\n|-damage|p2b: Tyranitar|22\/100\n|cant|p2b: Tyranitar|flinch\n|move|p2a: Primarina|Hyper Voice|p1b: Incineroar|[spread] p1a\n|-immune|p1b: Incineroar\n|-damage|p1a: Weezing|45\/100\n|-enditem|p1a: Weezing|Sitrus Berry|[eat]\n|-heal|p1a: Weezing|70\/100|[from] item: Sitrus Berry\n|-enditem|p2a: Primarina|Throat Spray\n|-boost|p2a: Primarina|spa|1|[from] item: Throat Spray\n|move|p1a: Weezing|Pain Split|p2a: Primarina\n|-sethp|p2a: Primarina|76\/100|[from] move: Pain Split|[silent]\n|-sethp|p1a: Weezing|100\/100|[from] move: Pain Split\n|\n|upkeep\n|turn|10\n|inactive|ye979402 has 30 seconds left.\n|\n|t:|1731814124\n|move|p2b: Tyranitar|Rock Slide|p1b: Incineroar|[spread] p1a,p1b\n|-damage|p1a: Weezing|72\/100\n|-damage|p1b: Incineroar|0 fnt\n|faint|p1b: Incineroar\n|move|p2a: Primarina|Hyper Voice|p1a: Weezing\n|-damage|p1a: Weezing|12\/100\n|move|p1a: Weezing|Dazzling Gleam|p2a: Primarina|[spread] p2a,p2b\n|-supereffective|p2b: Tyranitar\n|-damage|p2a: Primarina|60\/100\n|-damage|p2b: Tyranitar|0 fnt\n|faint|p2b: Tyranitar\n|\n|-sideend|p2: ye979402|move: Tailwind\n|upkeep\n|\n|t:|1731814138\n|switch|p1b: Ursaluna|Ursaluna-Bloodmoon, L50, M|49\/100\n|turn|11\n|\n|t:|1731814144\n|move|p1a: Weezing|Protect|p1a: Weezing\n|-singleturn|p1a: Weezing|Protect\n|move|p2a: Primarina|Hyper Voice|p1b: Ursaluna|[spread] p1b\n|-activate|p1a: Weezing|move: Protect\n|-damage|p1b: Ursaluna|25\/100\n|move|p1b: Ursaluna|Blood Moon|p2a: Primarina\n|-damage|p2a: Primarina|0 fnt\n|faint|p2a: Primarina\n|\n|win|vaporeonH20\n|raw|vaporeonH20's rating: 1663 &rarr; <strong>1688<\/strong><br \/>(+25 for winning)\n|raw|ye979402's rating: 1759 &rarr; <strong>1734<\/strong><br \/>(-25 for losing)\n|l|\u2606ye979402\n|player|p2|\n|l| FubakiVGC\n","uploadtime":1731814292,"views":10,"formatid":"gen9vgc2024regh","rating":1688,"private":0,"password":null}