{"id":"gen9vgc2024regh-2245785973","format":"[Gen 9] VGC 2024 Reg H","players":["VGCLTH lily","pokefan65"],"log":"|raw|<div class=\"broadcast-blue\"><strong>This battle is required to be public due to a player having a name starting with 'vgclth'.<\/div>\n|j|\u2606VGCLTH lily\n|j|\u2606pokefan65\n|t:|1731876558\n|gametype|doubles\n|player|p1|VGCLTH lily|akari|1728\n|player|p2|pokefan65|alder|1724\n|teamsize|p1|6\n|teamsize|p2|6\n|gen|9\n|tier|[Gen 9] VGC 2024 Reg H\n|rated|\n|rule|Species Clause: Limit one of each Pok\u00e9mon\n|rule|Item Clause: Limit 1 of each item\n|clearpoke\n|poke|p1|Baxcalibur, L50, F|\n|poke|p1|Dondozo, L50, M|\n|poke|p1|Kingambit, L50, M|\n|poke|p1|Rillaboom, L50, M|\n|poke|p1|Sneasler, L50, F|\n|poke|p1|Volcarona, L50, M|\n|poke|p2|Rillaboom, L50, M|\n|poke|p2|Electabuzz, L50, M|\n|poke|p2|Archaludon, L50, M|\n|poke|p2|Kingambit, L50, M|\n|poke|p2|Pelipper, L50, M|\n|poke|p2|Basculegion, L50, M|\n|teampreview|4\n|inactive|Battle timer is ON: inactive players will automatically lose when time's up. (requested by pokefan65)\n|inactive|pokefan65 has 60 seconds left.\n|\n|t:|1731876609\n|start\n|switch|p1a: Baxcalibur|Baxcalibur, L50, F|100\/100\n|switch|p1b: Sneasler|Sneasler, L50, F|100\/100\n|switch|p2a: Pelipper|Pelipper, L50, M|100\/100\n|switch|p2b: Archaludon|Archaludon, L50, M|100\/100\n|-weather|RainDance|[from] ability: Drizzle|[of] p2a: Pelipper\n|turn|1\n|inactive|pokefan65 has 30 seconds left.\n|inactive|pokefan65 has 20 seconds left.\n|\n|t:|1731876646\n|move|p2a: Pelipper|Protect|p2a: Pelipper\n|-singleturn|p2a: Pelipper|Protect\n|move|p1b: Sneasler|Dire Claw|p2a: Pelipper\n|-activate|p2a: Pelipper|move: Protect\n|move|p1a: Baxcalibur|Icicle Spear|p2a: Pelipper\n|-activate|p2a: Pelipper|move: Protect\n|move|p2b: Archaludon|Electro Shot||[still]\n|-prepare|p2b: Archaludon|Electro Shot\n|-boost|p2b: Archaludon|spa|1\n|-anim|p2b: Archaludon|Electro Shot|p1b: Sneasler\n|-damage|p1b: Sneasler|17\/100\n|\n|-weather|RainDance|[upkeep]\n|upkeep\n|turn|2\n|inactive|pokefan65 has 30 seconds left.\n|j| Broccol1\n|inactive|pokefan65 has 20 seconds left.\n|\n|t:|1731876683\n|-terastallize|p1b: Sneasler|Stellar\n|-terastallize|p2a: Pelipper|Ghost\n|move|p1b: Sneasler|Close Combat|p2b: Archaludon\n|-supereffective|p2b: Archaludon\n|-damage|p2b: Archaludon|0 fnt\n|-unboost|p1b: Sneasler|def|1\n|-unboost|p1b: Sneasler|spd|1\n|faint|p2b: Archaludon\n|move|p1a: Baxcalibur|Icicle Spear|p2a: Pelipper\n|-damage|p2a: Pelipper|78\/100\n|-damage|p2a: Pelipper|59\/100\n|-damage|p2a: Pelipper|39\/100\n|-damage|p2a: Pelipper|16\/100\n|-damage|p2a: Pelipper|0 fnt\n|faint|p2a: Pelipper\n|-hitcount|p2: Pelipper|5\n|\n|-weather|RainDance|[upkeep]\n|upkeep\n|\n|t:|1731876700\n|switch|p2a: Basculegion|Basculegion, L50, M|100\/100\n|switch|p2b: Electabuzz|Electabuzz, L50, M|100\/100\n|turn|3\n|\n|t:|1731876714\n|move|p2b: Electabuzz|Follow Me|p2b: Electabuzz\n|-singleturn|p2b: Electabuzz|move: Follow Me\n|move|p2a: Basculegion|Last Respects|p1b: Sneasler\n|-damage|p1b: Sneasler|0 fnt\n|faint|p1b: Sneasler\n|move|p1a: Baxcalibur|Scale Shot|p2b: Electabuzz\n|-crit|p2b: Electabuzz\n|-damage|p2b: Electabuzz|84\/100\n|-damage|p2b: Electabuzz|73\/100\n|-damage|p2b: Electabuzz|62\/100\n|-damage|p2b: Electabuzz|49\/100\n|-crit|p2b: Electabuzz\n|-damage|p2b: Electabuzz|33\/100\n|-hitcount|p2b: Electabuzz|5\n|-unboost|p1a: Baxcalibur|def|1\n|-boost|p1a: Baxcalibur|spe|1\n|\n|-weather|RainDance|[upkeep]\n|upkeep\n|\n|t:|1731876727\n|switch|p1b: Kingambit|Kingambit, L50, M|100\/100\n|turn|4\n|\n|t:|1731876736\n|move|p1a: Baxcalibur|Protect|p1a: Baxcalibur\n|-singleturn|p1a: Baxcalibur|Protect\n|move|p2b: Electabuzz|Follow Me|p2b: Electabuzz\n|-singleturn|p2b: Electabuzz|move: Follow Me\n|move|p2a: Basculegion|Last Respects|p1a: Baxcalibur\n|-activate|p1a: Baxcalibur|move: Protect\n|move|p1b: Kingambit|Kowtow Cleave|p2b: Electabuzz\n|-damage|p2b: Electabuzz|0 fnt\n|faint|p2b: Electabuzz\n|\n|-weather|RainDance|[upkeep]\n|upkeep\n|turn|5\n|\n|t:|1731876748\n|move|p1a: Baxcalibur|Ice Shard|p2a: Basculegion\n|-resisted|p2a: Basculegion\n|-damage|p2a: Basculegion|85\/100\n|move|p1b: Kingambit|Sucker Punch|p2a: Basculegion\n|-supereffective|p2a: Basculegion\n|-damage|p2a: Basculegion|0 fnt\n|faint|p2a: Basculegion\n|\n|win|VGCLTH lily\n|raw|VGCLTH lily's rating: 1728 &rarr; <strong>1748<\/strong><br \/>(+20 for winning)\n|raw|pokefan65's rating: 1724 &rarr; <strong>1704<\/strong><br \/>(-20 for losing)\n","uploadtime":1731876751,"views":10,"formatid":"gen9vgc2024regh","rating":1704,"private":0,"password":null}