{"id":"gen9vgc2024regh-2245735735","format":"[Gen 9] VGC 2024 Reg H","players":["gw_8941","VGCLTH Python"],"log":"|raw|<div class=\"broadcast-blue\"><strong>This battle is required to be public due to a player having a name starting with 'vgclth'.<\/div>\n|j|\u2606gw_8941\n|j|\u2606VGCLTH Python\n|t:|1731870756\n|gametype|doubles\n|player|p1|gw_8941|hilbert-wonderlauncher|1740\n|player|p2|VGCLTH Python|yellow|1694\n|teamsize|p1|6\n|teamsize|p2|6\n|gen|9\n|tier|[Gen 9] VGC 2024 Reg H\n|rated|\n|rule|Species Clause: Limit one of each Pok\u00e9mon\n|rule|Item Clause: Limit 1 of each item\n|clearpoke\n|poke|p1|Dondozo, L50, M|\n|poke|p1|Tatsugiri, L50, M|\n|poke|p1|Annihilape, L50, M|\n|poke|p1|Volcarona, L50, F|\n|poke|p1|Dragonite, L50, M|\n|poke|p1|Archaludon, L50, F|\n|poke|p2|Baxcalibur, L50, F|\n|poke|p2|Sneasler, L50, F|\n|poke|p2|Magmar, L50, F|\n|poke|p2|Kingambit, L50, M|\n|poke|p2|Rillaboom, L50, F|\n|poke|p2|Dondozo, L50, F|\n|teampreview|4\n|inactive|Battle timer is ON: inactive players will automatically lose when time's up. (requested by gw_8941)\n|inactive|gw_8941 has 60 seconds left.\n|inactive|VGCLTH Python has 60 seconds left.\n|\n|t:|1731870799\n|start\n|switch|p1a: Volcarona|Volcarona, L50, F|100\/100\n|switch|p1b: Annihilape|Annihilape, L50, M, shiny|100\/100\n|switch|p2a: Sneasler|Sneasler, L50, F|100\/100\n|switch|p2b: Baxcalibur|Baxcalibur, L50, F|100\/100\n|turn|1\n|\n|t:|1731870813\n|move|p1a: Volcarona|Protect|p1a: Volcarona\n|-singleturn|p1a: Volcarona|Protect\n|move|p2a: Sneasler|Coaching|p2b: Baxcalibur\n|-boost|p2b: Baxcalibur|atk|1\n|-boost|p2b: Baxcalibur|def|1\n|move|p1b: Annihilape|Bulk Up|p1b: Annihilape\n|-boost|p1b: Annihilape|atk|1\n|-boost|p1b: Annihilape|def|1\n|move|p2b: Baxcalibur|Scale Shot|p1a: Volcarona\n|-activate|p1a: Volcarona|move: Protect\n|\n|upkeep\n|turn|2\n|inactive|gw_8941 has 30 seconds left.\n|\n|t:|1731870841\n|move|p2a: Sneasler|Protect|p2a: Sneasler\n|-singleturn|p2a: Sneasler|Protect\n|move|p1b: Annihilape|Bulk Up|p1b: Annihilape\n|-boost|p1b: Annihilape|atk|1\n|-boost|p1b: Annihilape|def|1\n|move|p1a: Volcarona|Tailwind|p1a: Volcarona\n|-sidestart|p1: gw_8941|move: Tailwind\n|move|p2b: Baxcalibur|Scale Shot|p1a: Volcarona\n|-damage|p1a: Volcarona|74\/100\n|-damage|p1a: Volcarona|48\/100\n|-enditem|p1a: Volcarona|Sitrus Berry|[eat]\n|-heal|p1a: Volcarona|73\/100|[from] item: Sitrus Berry\n|-damage|p1a: Volcarona|49\/100\n|-damage|p1a: Volcarona|26\/100\n|-damage|p1a: Volcarona|3\/100\n|-hitcount|p1a: Volcarona|5\n|-unboost|p2b: Baxcalibur|def|1\n|-boost|p2b: Baxcalibur|spe|1\n|\n|upkeep\n|turn|3\n|\n|t:|1731870862\n|move|p2b: Baxcalibur|Ice Shard|p1a: Volcarona\n|-resisted|p1a: Volcarona\n|-damage|p1a: Volcarona|0 fnt\n|faint|p1a: Volcarona\n|move|p1b: Annihilape|Drain Punch|p2b: Baxcalibur\n|-supereffective|p2b: Baxcalibur\n|-damage|p2b: Baxcalibur|0 fnt\n|faint|p2b: Baxcalibur\n|move|p2a: Sneasler|Dire Claw|p1b: Annihilape\n|-resisted|p1b: Annihilape\n|-damage|p1b: Annihilape|89\/100\n|-status|p1b: Annihilape|par\n|\n|upkeep\n|\n|t:|1731870876\n|switch|p1a: Archaludon|Archaludon, L50, F|100\/100\n|switch|p2b: Dondozo|Dondozo, L50, F|100\/100\n|turn|4\n|inactive|gw_8941 has 30 seconds left.\n|\n|t:|1731870903\n|move|p1a: Archaludon|Protect|p1a: Archaludon\n|-singleturn|p1a: Archaludon|Protect\n|move|p2a: Sneasler|Protect|p2a: Sneasler\n|-singleturn|p2a: Sneasler|Protect\n|move|p2b: Dondozo|Protect|p2b: Dondozo\n|-singleturn|p2b: Dondozo|Protect\n|cant|p1b: Annihilape|par\n|\n|upkeep\n|turn|5\n|\n|t:|1731870926\n|-terastallize|p1a: Archaludon|Stellar\n|move|p1a: Archaludon|Electro Shot||[still]\n|-prepare|p1a: Archaludon|Electro Shot\n|-boost|p1a: Archaludon|spa|1\n|-enditem|p1a: Archaludon|Power Herb\n|-anim|p1a: Archaludon|Electro Shot|p2b: Dondozo\n|-supereffective|p2b: Dondozo\n|-damage|p2b: Dondozo|25\/100\n|move|p2a: Sneasler|Coaching|p2b: Dondozo\n|-boost|p2b: Dondozo|atk|1\n|-boost|p2b: Dondozo|def|1\n|move|p1b: Annihilape|Rage Fist|p2b: Dondozo\n|-damage|p2b: Dondozo|11\/100\n|move|p2b: Dondozo|Wave Crash|p1b: Annihilape\n|-damage|p1b: Annihilape|18\/100 par\n|-damage|p2b: Dondozo|0 fnt|[from] Recoil\n|faint|p2b: Dondozo\n|\n|-sideend|p1: gw_8941|move: Tailwind\n|upkeep\n|\n|t:|1731870935\n|switch|p2b: Rillaboom|Rillaboom, L50, F|100\/100\n|-fieldstart|move: Grassy Terrain|[from] ability: Grassy Surge|[of] p2b: Rillaboom\n|turn|6\n|inactive|gw_8941 has 30 seconds left.\n|\n|t:|1731870963\n|move|p2b: Rillaboom|Grassy Glide|p1b: Annihilape\n|-damage|p1b: Annihilape|0 fnt\n|faint|p1b: Annihilape\n|move|p2a: Sneasler|Coaching|p2b: Rillaboom\n|-boost|p2b: Rillaboom|atk|1\n|-boost|p2b: Rillaboom|def|1\n|move|p1a: Archaludon|Flash Cannon|p2a: Sneasler\n|-enditem|p2a: Sneasler|Focus Sash\n|-damage|p2a: Sneasler|1\/100\n|\n|-heal|p2a: Sneasler|7\/100|[from] Grassy Terrain\n|upkeep\n|\n|t:|1731870971\n|switch|p1b: Dragonite|Dragonite, L50, M|100\/100\n|turn|7\n|\n|t:|1731870981\n|move|p2a: Sneasler|Protect|p2a: Sneasler\n|-singleturn|p2a: Sneasler|Protect\n|move|p1b: Dragonite|Extreme Speed|p2a: Sneasler\n|-activate|p2a: Sneasler|move: Protect\n|move|p1a: Archaludon|Draco Meteor|p2b: Rillaboom|[miss]\n|-miss|p1a: Archaludon|p2b: Rillaboom\n|move|p2b: Rillaboom|High Horsepower|p1a: Archaludon\n|-supereffective|p1a: Archaludon\n|-damage|p1a: Archaludon|14\/100\n|\n|-heal|p2a: Sneasler|13\/100|[from] Grassy Terrain\n|-heal|p1a: Archaludon|20\/100|[from] Grassy Terrain\n|upkeep\n|turn|8\n|\n|t:|1731870997\n|move|p2a: Sneasler|Protect||[still]\n|-fail|p2a: Sneasler\n|move|p1a: Archaludon|Protect|p1a: Archaludon\n|-singleturn|p1a: Archaludon|Protect\n|move|p1b: Dragonite|Extreme Speed|p2a: Sneasler\n|-damage|p2a: Sneasler|0 fnt\n|faint|p2a: Sneasler\n|move|p2b: Rillaboom|Grassy Glide|p1a: Archaludon\n|-activate|p1a: Archaludon|move: Protect\n|\n|-heal|p1a: Archaludon|26\/100|[from] Grassy Terrain\n|upkeep\n|turn|9\n|\n|t:|1731871011\n|move|p2b: Rillaboom|Grassy Glide|p1a: Archaludon\n|-resisted|p1a: Archaludon\n|-damage|p1a: Archaludon|15\/100\n|move|p1a: Archaludon|Draco Meteor|p2b: Rillaboom|[miss]\n|-miss|p1a: Archaludon|p2b: Rillaboom\n|move|p1b: Dragonite|Haze|p1b: Dragonite\n|-clearallboost\n|\n|-heal|p1a: Archaludon|21\/100|[from] Grassy Terrain\n|upkeep\n|turn|10\n|-message|VGCLTH Python forfeited.\n|\n|win|gw_8941\n|raw|gw_8941's rating: 1740 &rarr; <strong>1757<\/strong><br \/>(+17 for winning)\n|raw|VGCLTH Python's rating: 1694 &rarr; <strong>1677<\/strong><br \/>(-17 for losing)\n|l|\u2606VGCLTH Python\n|player|p2|\n|l|\u2606gw_8941\n|player|p1|\n","uploadtime":1731871192,"views":14,"formatid":"gen9vgc2024regh","rating":1677,"private":0,"password":null}