{"id":"gen9vgc2024regh-2245241898","format":"[Gen 9] VGC 2024 Reg H","players":["VGCLTH low laddr","vgclth cuwutie"],"log":"|raw|<div class=\"broadcast-blue\"><strong>This battle is required to be public due to a player having a name starting with 'vgclth'.<\/div>\n|j|\u2606VGCLTH low laddr\n|j|\u2606vgclth cuwutie\n|t:|1731794225\n|gametype|doubles\n|player|p1|VGCLTH low laddr|lucas|1721\n|player|p2|vgclth cuwutie|266|1803\n|teamsize|p1|6\n|teamsize|p2|6\n|gen|9\n|tier|[Gen 9] VGC 2024 Reg H\n|rated|\n|rule|Species Clause: Limit one of each Pok\u00e9mon\n|rule|Item Clause: Limit 1 of each item\n|clearpoke\n|poke|p1|Murkrow, L50, M|\n|poke|p1|Typhlosion-Hisui, L50, M|\n|poke|p1|Garchomp, L50, F|\n|poke|p1|Vivillon-Icy Snow, L50, M|\n|poke|p1|Archaludon, L50, F|\n|poke|p1|Primarina, L50, F|\n|poke|p2|Smeargle, L50, F|\n|poke|p2|Farigiraf, L50, M|\n|poke|p2|Maushold-Four, L50|\n|poke|p2|Torkoal, L50, M|\n|poke|p2|Ursaluna-Bloodmoon, L50, M|\n|poke|p2|Weezing-Galar, L50, F|\n|teampreview|4\n|inactive|Battle timer is ON: inactive players will automatically lose when time's up. (requested by VGCLTH low laddr)\n|inactive|VGCLTH low laddr has 60 seconds left.\n|\n|t:|1731794277\n|start\n|switch|p1a: Typhlosion|Typhlosion-Hisui, L50, M|100\/100\n|switch|p1b: Primarina|Primarina, L50, F|100\/100\n|switch|p2a: Smeargle|Smeargle, L50, F|100\/100\n|switch|p2b: Farigiraf|Farigiraf, L50, M|100\/100\n|turn|1\n|\n|t:|1731794300\n|-terastallize|p1a: Typhlosion|Fire\n|-terastallize|p2b: Farigiraf|Water\n|move|p2a: Smeargle|Fake Out|p1b: Primarina\n|-damage|p1b: Primarina|95\/100\n|move|p1a: Typhlosion|Overheat|p2b: Farigiraf\n|-resisted|p2b: Farigiraf\n|-damage|p2b: Farigiraf|46\/100\n|-unboost|p1a: Typhlosion|spa|2\n|cant|p1b: Primarina|flinch\n|move|p2b: Farigiraf|Trick Room|p2b: Farigiraf\n|-fieldstart|move: Trick Room|[of] p2b: Farigiraf\n|\n|-ability|p2a: Smeargle|Moody|boost\n|-boost|p2a: Smeargle|spe|2\n|-unboost|p2a: Smeargle|def|1\n|-enditem|p2a: Smeargle|Eject Pack\n|upkeep\n|\n|t:|1731794307\n|switch|p2a: Ursaluna|Ursaluna-Bloodmoon, L50, M|100\/100\n|turn|2\n|\n|t:|1731794322\n|move|p2b: Farigiraf|Helping Hand|p2a: Ursaluna\n|-singleturn|p2a: Ursaluna|Helping Hand|[of] p2b: Farigiraf\n|move|p2a: Ursaluna|Blood Moon|p1b: Primarina\n|-damage|p1b: Primarina|0 fnt\n|faint|p1b: Primarina\n|-damage|p2a: Ursaluna|90\/100|[from] item: Life Orb\n|move|p1a: Typhlosion|Overheat|p2a: Ursaluna\n|-damage|p2a: Ursaluna|18\/100\n|-unboost|p1a: Typhlosion|spa|2\n|\n|upkeep\n|\n|t:|1731794333\n|switch|p1b: Garchomp|Garchomp, L50, F|100\/100\n|turn|3\n|\n|t:|1731794341\n|switch|p1a: Archaludon|Archaludon, L50, F|100\/100\n|move|p2b: Farigiraf|Helping Hand|p2a: Ursaluna\n|-singleturn|p2a: Ursaluna|Helping Hand|[of] p2b: Farigiraf\n|move|p1b: Garchomp|Protect|p1b: Garchomp\n|-singleturn|p1b: Garchomp|Protect\n|move|p2a: Ursaluna|Hyper Voice|p1b: Garchomp|[spread] p1a\n|-activate|p1b: Garchomp|move: Protect\n|-resisted|p1a: Archaludon\n|-damage|p1a: Archaludon|37\/100\n|-damage|p2a: Ursaluna|8\/100|[from] item: Life Orb\n|\n|upkeep\n|turn|4\n|\n|t:|1731794360\n|switch|p1a: Typhlosion|Typhlosion-Hisui, L50, M, tera:Fire|100\/100\n|move|p2b: Farigiraf|Twin Beam|p1b: Garchomp\n|-damage|p1b: Garchomp|85\/100\n|-damage|p1b: Garchomp|68\/100\n|-hitcount|p1b: Garchomp|2\n|move|p2a: Ursaluna|Earth Power|p1a: Typhlosion\n|-supereffective|p1a: Typhlosion\n|-damage|p1a: Typhlosion|0 fnt\n|faint|p1a: Typhlosion\n|-damage|p2a: Ursaluna|0 fnt|[from] item: Life Orb\n|faint|p2a: Ursaluna\n|move|p1b: Garchomp|Earthquake|p2b: Farigiraf\n|-damage|p2b: Farigiraf|0 fnt\n|faint|p2b: Farigiraf\n|-damage|p1b: Garchomp|59\/100|[from] item: Life Orb\n|\n|upkeep\n|\n|t:|1731794369\n|switch|p2b: Smeargle|Smeargle, L50, F|100\/100\n|switch|p2a: Torkoal|Torkoal, L50, M|100\/100\n|switch|p1a: Archaludon|Archaludon, L50, F|37\/100\n|-weather|SunnyDay|[from] ability: Drought|[of] p2a: Torkoal\n|turn|5\n|j| Partan\n|inactive|vgclth cuwutie has 30 seconds left.\n|\n|t:|1731794402\n|move|p1a: Archaludon|Protect|p1a: Archaludon\n|-singleturn|p1a: Archaludon|Protect\n|move|p1b: Garchomp|Protect|p1b: Garchomp\n|-singleturn|p1b: Garchomp|Protect\n|move|p2b: Smeargle|Fake Out|p1b: Garchomp\n|-activate|p1b: Garchomp|move: Protect\n|move|p2a: Torkoal|Eruption|p1b: Garchomp|[spread] \n|-activate|p1a: Archaludon|move: Protect\n|-activate|p1b: Garchomp|move: Protect\n|\n|-weather|SunnyDay|[upkeep]\n|-fieldend|move: Trick Room\n|-ability|p2b: Smeargle|Moody|boost\n|-boost|p2b: Smeargle|atk|2\n|-unboost|p2b: Smeargle|spe|1\n|upkeep\n|turn|6\n|inactive|VGCLTH low laddr has 30 seconds left.\n|\n|t:|1731794430\n|move|p2b: Smeargle|Follow Me|p2b: Smeargle\n|-singleturn|p2b: Smeargle|move: Follow Me\n|move|p1b: Garchomp|Stomping Tantrum|p2b: Smeargle\n|-damage|p2b: Smeargle|0 fnt\n|faint|p2b: Smeargle\n|-damage|p1b: Garchomp|49\/100|[from] item: Life Orb\n|move|p1a: Archaludon|Electro Shot||[still]\n|-prepare|p1a: Archaludon|Electro Shot\n|-boost|p1a: Archaludon|spa|1\n|-enditem|p1a: Archaludon|Power Herb\n|-anim|p1a: Archaludon|Electro Shot|p2a: Torkoal\n|-crit|p2a: Torkoal\n|-damage|p2a: Torkoal|0 fnt\n|faint|p2a: Torkoal\n|\n|win|VGCLTH low laddr\n|raw|VGCLTH low laddr's rating: 1721 &rarr; <strong>1744<\/strong><br \/>(+23 for winning)\n|raw|vgclth cuwutie's rating: 1781 &rarr; <strong>1758<\/strong><br \/>(-23 for losing)\n|l|\u2606VGCLTH low laddr\n|player|p1|\n|l| Partan\n","uploadtime":1731794653,"views":11,"formatid":"gen9vgc2024regh","rating":1744,"private":0,"password":null}