{"id":"gen9vgc2024regh-2245711385","format":"[Gen 9] VGC 2024 Reg H","players":["vgclth papaneth","vgclth elowyn"],"log":"|j|\u2606vgclth papaneth\n|j|\u2606vgclth elowyn\n|t:|1731867895\n|gametype|doubles\n|player|p1|vgclth papaneth|rood|1748\n|player|p2|vgclth elowyn|hanbei-conquest|1806\n|teamsize|p1|6\n|teamsize|p2|6\n|gen|9\n|tier|[Gen 9] VGC 2024 Reg H\n|rated|\n|rule|Species Clause: Limit one of each Pok\u00e9mon\n|rule|Item Clause: Limit 1 of each item\n|clearpoke\n|poke|p1|Tyranitar, L50, F|\n|poke|p1|Gengar, L50, F|\n|poke|p1|Kommo-o, L50, F|\n|poke|p1|Rillaboom, L50, F|\n|poke|p1|Annihilape, L50, M|\n|poke|p1|Whimsicott, L50, F|\n|poke|p2|Chandelure, L50, M|\n|poke|p2|Sylveon, L50, M|\n|poke|p2|Talonflame, L50, F|\n|poke|p2|Dragapult, L50, F|\n|poke|p2|Electabuzz, L50, M|\n|poke|p2|Dragonite, L50, F|\n|teampreview|4\n|j| BreadTest\n|j|%Tb0lt\n|j| volcaronavgc\n|j| UGCL\n|j| Jfabricio23\n|inactive|Battle timer is ON: inactive players will automatically lose when time's up. (requested by vgclth papaneth)\n|c|\u2606vgclth papaneth|glhfd\n|\n|t:|1731867964\n|start\n|switch|p1a: Kommo-o|Kommo-o, L50, F|100\/100\n|switch|p1b: Whimsicott|Whimsicott, L50, F|100\/100\n|switch|p2a: Ampere|Electabuzz, L50, M|100\/100\n|switch|p2b: Soullight|Chandelure, L50, M|100\/100\n|turn|1\n|inactive|vgclth papaneth has 30 seconds left.\n|\n|t:|1731867991\n|-terastallize|p1b: Whimsicott|Ghost\n|move|p2a: Ampere|Follow Me|p2a: Ampere\n|-singleturn|p2a: Ampere|move: Follow Me\n|move|p1b: Whimsicott|Taunt|p2a: Ampere\n|-start|p2a: Ampere|move: Taunt\n|move|p1a: Kommo-o|Clanging Scales|p2b: Soullight|[spread] p2a,p2b\n|-damage|p2a: Ampere|60\/100\n|-damage|p2b: Soullight|33\/100\n|-unboost|p1a: Kommo-o|def|1\n|-damage|p1a: Kommo-o|91\/100|[from] item: Life Orb\n|move|p2b: Soullight|Trick Room|p2b: Soullight\n|-fieldstart|move: Trick Room|[of] p2b: Soullight\n|\n|upkeep\n|turn|2\n|\n|t:|1731868012\n|switch|p2a: Dragonite|Dragonite, L50, F|100\/100\n|switch|p2b: Moonlight|Sylveon, L50, M|100\/100\n|move|p1b: Whimsicott|Encore||[still]\n|-fail|p1b: Whimsicott\n|move|p1a: Kommo-o|Flamethrower|p2a: Dragonite\n|-resisted|p2a: Dragonite\n|-damage|p2a: Dragonite|92\/100\n|-status|p2a: Dragonite|brn\n|-damage|p1a: Kommo-o|81\/100|[from] item: Life Orb\n|\n|-damage|p2a: Dragonite|86\/100 brn|[from] brn\n|upkeep\n|turn|3\n|\n|t:|1731868037\n|-terastallize|p2b: Moonlight|Fairy\n|move|p1a: Kommo-o|Protect|p1a: Kommo-o\n|-singleturn|p1a: Kommo-o|Protect\n|move|p2b: Moonlight|Hyper Voice|p1b: Whimsicott|[spread] p1b\n|-activate|p1a: Kommo-o|move: Protect\n|-damage|p1b: Whimsicott|9\/100\n|move|p2a: Dragonite|Scale Shot|p1a: Kommo-o\n|-activate|p1a: Kommo-o|move: Protect\n|move|p1b: Whimsicott|Moonblast|p2a: Dragonite\n|-supereffective|p2a: Dragonite\n|-damage|p2a: Dragonite|24\/100 brn\n|\n|-damage|p2a: Dragonite|18\/100 brn|[from] brn\n|upkeep\n|turn|4\n|inactive|vgclth papaneth has 30 seconds left.\n|inactive|vgclth papaneth has 20 seconds left.\n|inactive|vgclth papaneth has 15 seconds left.\n|inactive|vgclth papaneth has 10 seconds left.\n|\n|t:|1731868084\n|switch|p2a: Ampere|Electabuzz, L50, M|60\/100\n|switch|p1a: Tyranitar|Tyranitar, L50, F, shiny|100\/100\n|-weather|Sandstorm|[from] ability: Sand Stream|[of] p1a: Tyranitar\n|move|p1b: Whimsicott|Encore|p2b: Moonlight\n|-start|p2b: Moonlight|Encore\n|move|p2b: Moonlight|Hyper Voice|p1a: Tyranitar|[spread] p1a,p1b\n|-supereffective|p1a: Tyranitar\n|-crit|p1a: Tyranitar\n|-damage|p1a: Tyranitar|0 fnt\n|-damage|p1b: Whimsicott|0 fnt\n|faint|p1a: Tyranitar\n|faint|p1b: Whimsicott\n|\n|-weather|Sandstorm|[upkeep]\n|-damage|p2b: Moonlight|95\/100|[from] Sandstorm\n|-damage|p2a: Ampere|55\/100|[from] Sandstorm\n|upkeep\n|\n|t:|1731868091\n|switch|p1a: Kommo-o|Kommo-o, L50, F|81\/100\n|switch|p1b: Rillaboom|Rillaboom, L50, F|100\/100\n|-fieldstart|move: Grassy Terrain|[from] ability: Grassy Surge|[of] p1b: Rillaboom\n|turn|5\n|\n|t:|1731868113\n|move|p1b: Rillaboom|Grassy Glide|p2b: Moonlight\n|-damage|p2b: Moonlight|10\/100\n|move|p2b: Moonlight|Hyper Voice|p1b: Rillaboom|[spread] p1b\n|-immune|p1a: Kommo-o|[from] ability: Soundproof\n|-damage|p1b: Rillaboom|0 fnt\n|faint|p1b: Rillaboom\n|move|p2a: Ampere|Electroweb|p1a: Kommo-o\n|-resisted|p1a: Kommo-o\n|-damage|p1a: Kommo-o|71\/100\n|-unboost|p1a: Kommo-o|spe|1\n|move|p1a: Kommo-o|Flamethrower|p2b: Moonlight\n|-damage|p2b: Moonlight|0 fnt\n|faint|p2b: Moonlight\n|-damage|p1a: Kommo-o|61\/100|[from] item: Life Orb\n|\n|-weather|Sandstorm|[upkeep]\n|-damage|p1a: Kommo-o|55\/100|[from] Sandstorm\n|-damage|p2a: Ampere|49\/100|[from] Sandstorm\n|-heal|p1a: Kommo-o|61\/100|[from] Grassy Terrain\n|-heal|p2a: Ampere|55\/100|[from] Grassy Terrain\n|-fieldend|move: Trick Room\n|upkeep\n|\n|t:|1731868129\n|switch|p2b: Dragonite|Dragonite, L50, F|18\/100 brn\n|turn|6\n|\n|t:|1731868133\n|move|p1a: Kommo-o|Protect|p1a: Kommo-o\n|-singleturn|p1a: Kommo-o|Protect\n|move|p2a: Ampere|Feint|p1a: Kommo-o\n|-activate|p1a: Kommo-o|move: Feint\n|-damage|p1a: Kommo-o|55\/100\n|move|p2b: Dragonite|Scale Shot|p1a: Kommo-o\n|-supereffective|p1a: Kommo-o\n|-damage|p1a: Kommo-o|40\/100\n|-supereffective|p1a: Kommo-o\n|-damage|p1a: Kommo-o|28\/100\n|-supereffective|p1a: Kommo-o\n|-damage|p1a: Kommo-o|14\/100\n|-supereffective|p1a: Kommo-o\n|-damage|p1a: Kommo-o|0 fnt\n|faint|p1a: Kommo-o\n|-hitcount|p1: Kommo-o|4\n|\n|win|vgclth elowyn\n|raw|vgclth papaneth's rating: 1748 &rarr; <strong>1731<\/strong><br \/>(-17 for losing)\n|raw|vgclth elowyn's rating: 1806 &rarr; <strong>1823<\/strong><br \/>(+17 for winning)\n|l|\u2606vgclth papaneth\n|player|p1|\n|l| volcaronavgc\n|l|%Tb0lt\n|l| BreadTest\n|l| Jfabricio23\n","uploadtime":1731868275,"views":18,"formatid":"gen9vgc2024regh","rating":1731,"private":0,"password":null}