{"id":"gen9vgc2024regh-2245156564","format":"[Gen 9] VGC 2024 Reg H","players":["Jdaboy1337","jdarcan"],"log":"|j|\u2606Jdaboy1337\n|j|\u2606jdarcan\n|t:|1731783726\n|gametype|doubles\n|player|p1|Jdaboy1337|266|1653\n|player|p2|jdarcan|pokemonranger|1757\n|teamsize|p1|6\n|teamsize|p2|6\n|gen|9\n|tier|[Gen 9] VGC 2024 Reg H\n|rated|\n|rule|Species Clause: Limit one of each Pok\u00e9mon\n|rule|Item Clause: Limit 1 of each item\n|clearpoke\n|poke|p1|Meowscarada, L50, M|\n|poke|p1|Primeape, L50, F|\n|poke|p1|Dragonite, L50, M|\n|poke|p1|Incineroar, L50, F|\n|poke|p1|Archaludon, L50, M|\n|poke|p1|Ninetales-Alola, L50, M|\n|poke|p2|Grimmsnarl, L50, M|\n|poke|p2|Gyarados, L50, F|\n|poke|p2|Gholdengo, L50|\n|poke|p2|Baxcalibur, L50, F|\n|poke|p2|Talonflame, L50, F|\n|poke|p2|Hydreigon, L50, M|\n|teampreview|4\n|inactive|Battle timer is ON: inactive players will automatically lose when time's up. (requested by Jdaboy1337)\n|inactive|Jdaboy1337 has 60 seconds left.\n|inactive|jdarcan has 60 seconds left.\n|inactive|Jdaboy1337 has 30 seconds left.\n|inactive|jdarcan has 30 seconds left.\n|inactive|jdarcan has 20 seconds left.\n|inactive|jdarcan has 15 seconds left.\n|inactive|jdarcan has 10 seconds left.\n|inactive|jdarcan has 5 seconds left.\n|\n|t:|1731783815\n|start\n|switch|p1a: Archaludon|Archaludon, L50, M|100\/100\n|switch|p1b: Incineroar|Incineroar, L50, F|100\/100\n|switch|p2a: Grimmsnarl|Grimmsnarl, L50, M|100\/100\n|switch|p2b: Gholdengo|Gholdengo, L50|100\/100\n|-ability|p1b: Incineroar|Intimidate|boost\n|-unboost|p2a: Grimmsnarl|atk|1\n|-unboost|p2b: Gholdengo|atk|1\n|turn|1\n|\n|t:|1731783831\n|switch|p2b: Hydreigon|Hydreigon, L50, M|100\/100\n|move|p2a: Grimmsnarl|Light Screen|p2a: Grimmsnarl\n|-sidestart|p2: jdarcan|move: Light Screen\n|move|p1a: Archaludon|Electro Shot||[still]\n|-prepare|p1a: Archaludon|Electro Shot\n|-boost|p1a: Archaludon|spa|1\n|-enditem|p1a: Archaludon|Power Herb\n|-anim|p1a: Archaludon|Electro Shot|p2a: Grimmsnarl\n|-damage|p2a: Grimmsnarl|60\/100\n|move|p1b: Incineroar|Flare Blitz|p2b: Hydreigon\n|-resisted|p2b: Hydreigon\n|-damage|p2b: Hydreigon|64\/100\n|-damage|p1b: Incineroar|91\/100|[from] Recoil\n|\n|upkeep\n|turn|2\n|\n|t:|1731783856\n|switch|p2b: Gholdengo|Gholdengo, L50|100\/100\n|move|p1a: Archaludon|Protect|p1a: Archaludon\n|-singleturn|p1a: Archaludon|Protect\n|move|p2a: Grimmsnarl|Parting Shot|p1a: Archaludon\n|-activate|p1a: Archaludon|move: Protect\n|move|p1b: Incineroar|Knock Off|p2b: Gholdengo\n|-supereffective|p2b: Gholdengo\n|-damage|p2b: Gholdengo|5\/100\n|-enditem|p2b: Gholdengo|Life Orb|[from] move: Knock Off|[of] p1b: Incineroar\n|\n|upkeep\n|turn|3\n|inactive|Jdaboy1337 has 30 seconds left.\n|\n|t:|1731783882\n|move|p2a: Grimmsnarl|Parting Shot|p1a: Archaludon\n|-unboost|p1a: Archaludon|atk|1\n|-unboost|p1a: Archaludon|spa|1\n|\n|t:|1731783887\n|switch|p2a: Hydreigon|Hydreigon, L50, M|64\/100|[from] Parting Shot\n|move|p1a: Archaludon|Flash Cannon|p2a: Hydreigon\n|-damage|p2a: Hydreigon|33\/100\n|move|p2b: Gholdengo|Shadow Ball|p1a: Archaludon\n|-damage|p1a: Archaludon|28\/100\n|move|p1b: Incineroar|U-turn|p2a: Hydreigon\n|-supereffective|p2a: Hydreigon\n|-damage|p2a: Hydreigon|0 fnt\n|faint|p2a: Hydreigon\n|\n|t:|1731783897\n|switch|p1b: Meowscarada|Meowscarada, L50, M|100\/100|[from] U-turn\n|\n|upkeep\n|j| Fancy Cucudrula\n|\n|t:|1731783919\n|switch|p2a: Baxcalibur|Baxcalibur, L50, F|100\/100\n|turn|4\n|\n|t:|1731783936\n|switch|p1a: Incineroar|Incineroar, L50, F|91\/100\n|-ability|p1a: Incineroar|Intimidate|boost\n|-unboost|p2a: Baxcalibur|atk|1\n|-unboost|p2b: Gholdengo|atk|1\n|move|p1b: Meowscarada|Protect|p1b: Meowscarada\n|-singleturn|p1b: Meowscarada|Protect\n|move|p2a: Baxcalibur|Earthquake|p1a: Incineroar|[spread] p2b,p1a\n|-activate|p1b: Meowscarada|move: Protect\n|-supereffective|p2b: Gholdengo\n|-supereffective|p1a: Incineroar\n|-damage|p2b: Gholdengo|0 fnt\n|-damage|p1a: Incineroar|52\/100\n|faint|p2b: Gholdengo\n|\n|upkeep\n|\n|t:|1731783947\n|switch|p2b: Grimmsnarl|Grimmsnarl, L50, M|60\/100\n|turn|5\n|\n|t:|1731783954\n|move|p1a: Incineroar|Fake Out|p2b: Grimmsnarl\n|-damage|p2b: Grimmsnarl|47\/100\n|move|p1b: Meowscarada|Flower Trick|p2b: Grimmsnarl\n|-crit|p2b: Grimmsnarl\n|-damage|p2b: Grimmsnarl|0 fnt\n|faint|p2b: Grimmsnarl\n|move|p2a: Baxcalibur|Icicle Crash|p1b: Meowscarada\n|-supereffective|p1b: Meowscarada\n|-enditem|p1b: Meowscarada|Focus Sash\n|-damage|p1b: Meowscarada|1\/100\n|\n|upkeep\n|turn|6\n|\n|t:|1731783969\n|move|p1b: Meowscarada|Protect|p1b: Meowscarada\n|-singleturn|p1b: Meowscarada|Protect\n|move|p2a: Baxcalibur|Earthquake|p1a: Incineroar|[spread] p1a\n|-activate|p1b: Meowscarada|move: Protect\n|-supereffective|p1a: Incineroar\n|-damage|p1a: Incineroar|10\/100\n|move|p1a: Incineroar|U-turn|p2a: Baxcalibur\n|-damage|p2a: Baxcalibur|77\/100\n|\n|t:|1731783975\n|switch|p1a: Dragonite|Dragonite, L50, M|100\/100|[from] U-turn\n|\n|upkeep\n|turn|7\n|\n|t:|1731783983\n|switch|p1b: Incineroar|Incineroar, L50, F|10\/100\n|-ability|p1b: Incineroar|Intimidate|boost\n|-unboost|p2a: Baxcalibur|atk|1\n|-terastallize|p1a: Dragonite|Steel\n|-terastallize|p2a: Baxcalibur|Ground\n|move|p2a: Baxcalibur|Ice Shard|p1b: Incineroar\n|-resisted|p1b: Incineroar\n|-damage|p1b: Incineroar|4\/100\n|move|p1a: Dragonite|Scale Shot|p2a: Baxcalibur\n|-damage|p2a: Baxcalibur|64\/100\n|-damage|p2a: Baxcalibur|51\/100\n|-crit|p2a: Baxcalibur\n|-damage|p2a: Baxcalibur|31\/100\n|-crit|p2a: Baxcalibur\n|-damage|p2a: Baxcalibur|10\/100\n|-hitcount|p2a: Baxcalibur|4\n|-unboost|p1a: Dragonite|def|1\n|-boost|p1a: Dragonite|spe|1\n|\n|upkeep\n|turn|8\n|-message|jdarcan forfeited.\n|\n|win|Jdaboy1337\n|raw|Jdaboy1337's rating: 1653 &rarr; <strong>1679<\/strong><br \/>(+26 for winning)\n|raw|jdarcan's rating: 1757 &rarr; <strong>1731<\/strong><br \/>(-26 for losing)\n|l|\u2606Jdaboy1337\n|player|p1|\n","uploadtime":1731784181,"views":14,"formatid":"gen9vgc2024regh","rating":1679,"private":0,"password":null}