{"id":"gen9vgc2024regh-2245341777","format":"[Gen 9] VGC 2024 Reg H","players":["emu2567","vgclthmagnetman"],"log":"|j|\u2606emu2567\n|j|\u2606vgclthmagnetman\n|t:|1731807186\n|gametype|doubles\n|player|p1|emu2567|acetrainerf|1685\n|player|p2|vgclthmagnetman|1|1698\n|teamsize|p1|6\n|teamsize|p2|6\n|gen|9\n|tier|[Gen 9] VGC 2024 Reg H\n|rated|\n|rule|Species Clause: Limit one of each Pok\u00e9mon\n|rule|Item Clause: Limit 1 of each item\n|clearpoke\n|poke|p1|Gastrodon, L50, M|\n|poke|p1|Farigiraf, L50, M|\n|poke|p1|Grimmsnarl, L50, M|\n|poke|p1|Annihilape, L50, M|\n|poke|p1|Incineroar, L50, F|\n|poke|p1|Ursaluna-Bloodmoon, L50, M|\n|poke|p2|Archaludon, L50, F|\n|poke|p2|Pelipper, L50, F|\n|poke|p2|Incineroar, L50, M|\n|poke|p2|Amoonguss, L50, F|\n|poke|p2|Gholdengo, L50|\n|poke|p2|Basculegion, L50, M|\n|teampreview|4\nvgclthmagnetman has agreed to open team sheets.\n|j| Blastoisebestie\n|\n|t:|1731807210\n|start\n|switch|p1a: Farigiraf|Farigiraf, L50, M|100\/100\n|switch|p1b: Incineroar|Incineroar, L50, F|100\/100\n|switch|p2a: Basculegion|Basculegion, L50, M|100\/100\n|switch|p2b: Gholdengo|Gholdengo, L50|100\/100\n|turn|1\n|\n|t:|1731807234\n|switch|p2b: Pelipper|Pelipper, L50, F|100\/100\n|-weather|RainDance|[from] ability: Drizzle|[of] p2b: Pelipper\n|-terastallize|p1a: Farigiraf|Water\n|move|p2a: Basculegion|Wave Crash|p1a: Farigiraf\n|-resisted|p1a: Farigiraf\n|-damage|p1a: Farigiraf|46\/100\n|-damage|p2a: Basculegion|80\/100|[from] Recoil\n|move|p1b: Incineroar|Knock Off|p2b: Pelipper\n|-damage|p2b: Pelipper|34\/100\n|-enditem|p2b: Pelipper|Focus Sash|[from] move: Knock Off|[of] p1b: Incineroar\n|move|p1a: Farigiraf|Trick Room|p1a: Farigiraf\n|-fieldstart|move: Trick Room|[of] p1a: Farigiraf\n|\n|-weather|RainDance|[upkeep]\n|upkeep\n|turn|2\n|\n|t:|1731807256\n|switch|p2a: Amoonguss|Amoonguss, L50, F|100\/100\n|move|p2b: Pelipper|Protect|p2b: Pelipper\n|-singleturn|p2b: Pelipper|Protect\n|move|p1a: Farigiraf|Psychic Noise|p2b: Pelipper\n|-activate|p2b: Pelipper|move: Protect\n|move|p1b: Incineroar|Knock Off|p2a: Amoonguss\n|-damage|p2a: Amoonguss|55\/100\n|-damage|p1b: Incineroar|84\/100|[from] item: Rocky Helmet|[of] p2a: Amoonguss\n|-enditem|p2a: Amoonguss|Rocky Helmet|[from] move: Knock Off|[of] p1b: Incineroar\n|\n|-weather|RainDance|[upkeep]\n|upkeep\n|turn|3\n|\n|t:|1731807275\n|move|p2a: Amoonguss|Spore|p1a: Farigiraf\n|-ability|p1a: Farigiraf|Sap Sipper|boost\n|-boost|p1a: Farigiraf|atk|1\n|move|p1a: Farigiraf|Psychic Noise|p2b: Pelipper\n|-damage|p2b: Pelipper|0 fnt\n|faint|p2b: Pelipper\n|move|p1b: Incineroar|Knock Off|p1a: Farigiraf\n|-damage|p1a: Farigiraf|5\/100\n|-enditem|p1a: Farigiraf|Mental Herb|[from] move: Knock Off|[of] p1b: Incineroar\n|\n|-weather|RainDance|[upkeep]\n|upkeep\n|\n|t:|1731807285\n|switch|p2b: Gholdengo|Gholdengo, L50|100\/100\n|turn|4\n|\n|t:|1731807298\n|switch|p1b: Annihilape|Annihilape, L50, M|100\/100\n|move|p2a: Amoonguss|Protect|p2a: Amoonguss\n|-singleturn|p2a: Amoonguss|Protect\n|move|p2b: Gholdengo|Protect|p2b: Gholdengo\n|-singleturn|p2b: Gholdengo|Protect\n|move|p1a: Farigiraf|Earthquake|p2a: Amoonguss|[spread] p1b\n|-activate|p2a: Amoonguss|move: Protect\n|-activate|p2b: Gholdengo|move: Protect\n|-damage|p1b: Annihilape|79\/100\n|\n|-weather|RainDance|[upkeep]\n|upkeep\n|turn|5\n|\n|t:|1731807316\n|move|p2a: Amoonguss|Pollen Puff|p1a: Farigiraf\n|-damage|p1a: Farigiraf|0 fnt\n|faint|p1a: Farigiraf\n|move|p1b: Annihilape|Rage Fist|p2b: Gholdengo\n|-supereffective|p2b: Gholdengo\n|-damage|p2b: Gholdengo|4\/100\n|move|p2b: Gholdengo|Nasty Plot|p2b: Gholdengo\n|-boost|p2b: Gholdengo|spa|2\n|\n|-weather|none\n|-heal|p2b: Gholdengo|10\/100|[from] item: Leftovers\n|-fieldend|move: Trick Room\n|upkeep\n|\n|t:|1731807330\n|switch|p1a: Incineroar|Incineroar, L50, F|84\/100\n|turn|6\n|\n|t:|1731807337\n|move|p1a: Incineroar|Fake Out|p2a: Amoonguss\n|-damage|p2a: Amoonguss|44\/100\n|cant|p2a: Amoonguss|flinch\n|move|p2b: Gholdengo|Make It Rain|p1a: Incineroar|[spread] p1a,p1b\n|-resisted|p1a: Incineroar\n|-damage|p1a: Incineroar|40\/100\n|-damage|p1b: Annihilape|0 fnt\n|-unboost|p2b: Gholdengo|spa|1\n|faint|p1b: Annihilape\n|\n|-heal|p2b: Gholdengo|16\/100|[from] item: Leftovers\n|upkeep\n|j| jdarcan\n|\n|t:|1731807352\n|switch|p1b: Ursaluna|Ursaluna-Bloodmoon, L50, M|100\/100\n|turn|7\n|\n|t:|1731807360\n|move|p2b: Gholdengo|Protect|p2b: Gholdengo\n|-singleturn|p2b: Gholdengo|Protect\n|move|p1b: Ursaluna|Vacuum Wave|p2b: Gholdengo\n|-activate|p2b: Gholdengo|move: Protect\n|move|p1a: Incineroar|Flare Blitz|p2a: Amoonguss\n|-supereffective|p2a: Amoonguss\n|-damage|p2a: Amoonguss|0 fnt\n|faint|p2a: Amoonguss\n|-damage|p1a: Incineroar|24\/100|[from] Recoil\n|\n|-heal|p2b: Gholdengo|22\/100|[from] item: Leftovers\n|upkeep\n|\n|t:|1731807366\n|switch|p2a: Basculegion|Basculegion, L50, M|80\/100\n|turn|8\n|\n|t:|1731807380\n|-terastallize|p2a: Basculegion|Water\n|move|p1b: Ursaluna|Vacuum Wave|p2b: Gholdengo\n|-supereffective|p2b: Gholdengo\n|-damage|p2b: Gholdengo|0 fnt\n|faint|p2b: Gholdengo\n|move|p2a: Basculegion|Wave Crash|p1a: Incineroar\n|-supereffective|p1a: Incineroar\n|-damage|p1a: Incineroar|0 fnt\n|faint|p1a: Incineroar\n|-damage|p2a: Basculegion|71\/100|[from] Recoil\n|\n|upkeep\n|turn|9\n|-message|emu2567 forfeited.\n|\n|win|vgclthmagnetman\n|raw|emu2567's rating: 1685 &rarr; <strong>1666<\/strong><br \/>(-19 for losing)\n|raw|vgclthmagnetman's rating: 1698 &rarr; <strong>1717<\/strong><br \/>(+19 for winning)\n|l|\u2606emu2567\n|player|p1|\n","uploadtime":1731807392,"views":60,"formatid":"gen9vgc2024regh","rating":1666,"private":0,"password":null}