{"id":"gen9vgc2024regh-2245899008","format":"[Gen 9] VGC 2024 Reg H","players":["VGCLTH <1000ELO","eriksp"],"log":"|raw|<div class=\"broadcast-blue\"><strong>This battle is required to be public due to a player having a name starting with 'vgclth'.<\/div>\n|j|\u2606VGCLTH <1000ELO\n|j|\u2606eriksp\n|t:|1731890340\n|gametype|doubles\n|player|p1|VGCLTH <1000ELO|266|1879\n|player|p2|eriksp|volkner-masters|1803\n|teamsize|p1|6\n|teamsize|p2|6\n|gen|9\n|tier|[Gen 9] VGC 2024 Reg H\n|rated|\n|rule|Species Clause: Limit one of each Pok\u00e9mon\n|rule|Item Clause: Limit 1 of each item\n|clearpoke\n|poke|p1|Dondozo, L50, M|\n|poke|p1|Tatsugiri, L50, F|\n|poke|p1|Dragonite, L50, M|\n|poke|p1|Gholdengo, L50|\n|poke|p1|Glimmora, L50, F|\n|poke|p1|Talonflame, L50, F|\n|poke|p2|Baxcalibur, L50, F|\n|poke|p2|Kingambit, L50, M|\n|poke|p2|Sneasler, L50, M|\n|poke|p2|Rillaboom, L50, M|\n|poke|p2|Volcarona, L50, F|\n|poke|p2|Basculegion, L50, M|\n|teampreview|4\n|inactive|Battle timer is ON: inactive players will automatically lose when time's up. (requested by VGCLTH <1000ELO)\neriksp has agreed to open team sheets.\nVGCLTH <1000ELO has agreed to open team sheets.\n|c|\u2606eriksp|glhf\n|c|\u2606VGCLTH <1000ELO|u2\n|inactive|VGCLTH <1000ELO has 30 seconds left.\n|inactive|VGCLTH <1000ELO has 20 seconds left.\n|inactive|VGCLTH <1000ELO has 15 seconds left.\n|inactive|VGCLTH <1000ELO has 10 seconds left.\n|inactive|VGCLTH <1000ELO has 5 seconds left.\n|\n|t:|1731890399\n|start\n|switch|p1a: Gholdengo|Gholdengo, L50|100\/100\n|switch|p1b: Glimmora|Glimmora, L50, F|100\/100\n|switch|p2a: Volcarona|Volcarona, L50, F|100\/100\n|switch|p2b: Basculegion|Basculegion, L50, M|100\/100\n|turn|1\n|inactive|VGCLTH <1000ELO has 30 seconds left.\n|inactive|eriksp has 30 seconds left.\n|inactive|VGCLTH <1000ELO has 20 seconds left.\n|inactive|eriksp has 20 seconds left.\n|inactive|VGCLTH <1000ELO has 15 seconds left.\n|inactive|eriksp has 15 seconds left.\n|inactive|eriksp has 10 seconds left.\n|\n|t:|1731890446\n|switch|p1a: Dondozo|Dondozo, L50, M|100\/100\n|switch|p1b: Tatsugiri|Tatsugiri, L50, F|100\/100\n|-activate|p1b: Tatsugiri|ability: Commander|[of] p1a: Dondozo\n|-boost|p1a: Dondozo|atk|2\n|-boost|p1a: Dondozo|spa|2\n|-boost|p1a: Dondozo|spe|2\n|-boost|p1a: Dondozo|def|2\n|-boost|p1a: Dondozo|spd|2\n|-terastallize|p2a: Volcarona|Fairy\n|move|p2b: Basculegion|Wave Crash|p1a: Dondozo\n|-resisted|p1a: Dondozo\n|-damage|p1a: Dondozo|87\/100\n|-damage|p2b: Basculegion|95\/100|[from] Recoil\n|move|p2a: Volcarona|Heat Wave|p1b: Tatsugiri|[spread] p1a\n|-miss|p2a: Volcarona|p1b: Tatsugiri\n|-resisted|p1a: Dondozo\n|-damage|p1a: Dondozo|76\/100\n|\n|-heal|p1a: Dondozo|83\/100|[from] item: Leftovers\n|upkeep\n|turn|2\n|\n|t:|1731890465\n|switch|p2b: Phife|Rillaboom, L50, M, shiny|100\/100\n|-fieldstart|move: Grassy Terrain|[from] ability: Grassy Surge|[of] p2b: Phife\n|move|p2a: Volcarona|Protect|p2a: Volcarona\n|-singleturn|p2a: Volcarona|Protect\n|move|p1a: Dondozo|Order Up|p2b: Phife\n|-damage|p2b: Phife|55\/100\n|-boost|p1a: Dondozo|atk|1\n|\n|-heal|p1a: Dondozo|89\/100|[from] Grassy Terrain\n|-heal|p1a: Dondozo|95\/100|[from] item: Leftovers\n|-heal|p2b: Phife|61\/100|[from] Grassy Terrain\n|upkeep\n|turn|3\n|\n|t:|1731890483\n|switch|p2a: Aaliyah|Sneasler, L50, M|100\/100\n|move|p2b: Phife|Fake Out|p1a: Dondozo\n|-damage|p1a: Dondozo|90\/100\n|cant|p1a: Dondozo|flinch\n|\n|-heal|p1a: Dondozo|96\/100|[from] Grassy Terrain\n|-heal|p1a: Dondozo|100\/100|[from] item: Leftovers\n|-heal|p2b: Phife|67\/100|[from] Grassy Terrain\n|upkeep\n|turn|4\n|\n|t:|1731890499\n|move|p1a: Dondozo|Protect|p1a: Dondozo\n|-singleturn|p1a: Dondozo|Protect\n|move|p2a: Aaliyah|Fake Out|p1a: Dondozo\n|-activate|p1a: Dondozo|move: Protect\n|move|p2b: Phife|Wood Hammer|p1a: Dondozo\n|-activate|p1a: Dondozo|move: Protect\n|\n|-heal|p2b: Phife|73\/100|[from] Grassy Terrain\n|upkeep\n|turn|5\n|\n|t:|1731890518\n|-terastallize|p1a: Dondozo|Grass\n|move|p2a: Aaliyah|Dire Claw|p1a: Dondozo\n|-supereffective|p1a: Dondozo\n|-damage|p1a: Dondozo|68\/100\n|move|p1a: Dondozo|Order Up|p2b: Phife\n|-damage|p2b: Phife|18\/100\n|-boost|p1a: Dondozo|atk|1\n|move|p2b: Phife|Wood Hammer|p1a: Dondozo\n|-resisted|p1a: Dondozo\n|-damage|p1a: Dondozo|52\/100\n|-damage|p2b: Phife|12\/100|[from] Recoil\n|\n|-heal|p1a: Dondozo|58\/100|[from] Grassy Terrain\n|-heal|p1a: Dondozo|64\/100|[from] item: Leftovers\n|-heal|p2b: Phife|18\/100|[from] Grassy Terrain\n|upkeep\n|turn|6\n|\n|t:|1731890536\n|switch|p2b: Volcarona|Volcarona, L50, F, tera:Fairy|100\/100\n|move|p1a: Dondozo|Protect|p1a: Dondozo\n|-singleturn|p1a: Dondozo|Protect\n|move|p2a: Aaliyah|Dire Claw|p1a: Dondozo\n|-activate|p1a: Dondozo|move: Protect\n|\n|-heal|p1a: Dondozo|70\/100|[from] Grassy Terrain\n|-heal|p1a: Dondozo|76\/100|[from] item: Leftovers\n|-fieldend|move: Grassy Terrain\n|upkeep\n|turn|7\n|\n|t:|1731890550\n|move|p2a: Aaliyah|Dire Claw|p1a: Dondozo\n|-supereffective|p1a: Dondozo\n|-damage|p1a: Dondozo|47\/100\n|-status|p1a: Dondozo|par\n|move|p2b: Volcarona|Heat Wave|p1a: Dondozo|[spread] p1a\n|-miss|p2b: Volcarona|p1b: Tatsugiri\n|-supereffective|p1a: Dondozo\n|-damage|p1a: Dondozo|10\/100 par\n|cant|p1a: Dondozo|par\n|\n|-heal|p1a: Dondozo|16\/100 par|[from] item: Leftovers\n|upkeep\n|turn|8\n|\n|t:|1731890563\n|move|p2a: Aaliyah|Dire Claw|p1a: Dondozo\n|-supereffective|p1a: Dondozo\n|-crit|p1a: Dondozo\n|-damage|p1a: Dondozo|0 fnt\n|faint|p1a: Dondozo\n|move|p2b: Volcarona|Tera Blast|p1b: Tatsugiri|[anim] Tera Blast Fairy\n|-supereffective|p1b: Tatsugiri\n|-enditem|p1b: Tatsugiri|Focus Sash\n|-damage|p1b: Tatsugiri|1\/100\n|\n|upkeep\n|\n|t:|1731890568\n|switch|p1a: Gholdengo|Gholdengo, L50|100\/100\n|turn|9\n|inactive|VGCLTH <1000ELO has 30 seconds left.\n|j| lilbao4545\n|inactive|VGCLTH <1000ELO has 20 seconds left.\n|inactive|VGCLTH <1000ELO has 15 seconds left.\n|\n|t:|1731890609\n|move|p1b: Tatsugiri|Protect|p1b: Tatsugiri\n|-singleturn|p1b: Tatsugiri|Protect\n|move|p2b: Volcarona|Protect|p2b: Volcarona\n|-singleturn|p2b: Volcarona|Protect\n|move|p2a: Aaliyah|Dire Claw|p1b: Tatsugiri\n|-activate|p1b: Tatsugiri|move: Protect\n|move|p1a: Gholdengo|Make It Rain|p2a: Aaliyah|[spread] p2a\n|-activate|p2b: Volcarona|move: Protect\n|-enditem|p2a: Aaliyah|Focus Sash\n|-damage|p2a: Aaliyah|1\/100\n|-unboost|p1a: Gholdengo|spa|1\n|\n|upkeep\n|turn|10\n|\n|t:|1731890616\n|switch|p1b: Glimmora|Glimmora, L50, F|100\/100\n|move|p2a: Aaliyah|Dire Claw|p1b: Glimmora\n|-resisted|p1b: Glimmora\n|-damage|p1b: Glimmora|93\/100\n|-activate|p1b: Glimmora|ability: Toxic Debris\n|-sidestart|p2: eriksp|move: Toxic Spikes\n|move|p1a: Gholdengo|Make It Rain|p2a: Aaliyah|[spread] p2a,p2b\n|-supereffective|p2b: Volcarona\n|-damage|p2a: Aaliyah|0 fnt\n|-damage|p2b: Volcarona|0 fnt\n|-unboost|p1a: Gholdengo|spa|1\n|faint|p2a: Aaliyah\n|faint|p2b: Volcarona\n|\n|upkeep\n|\n|t:|1731890629\n|switch|p2a: Basculegion|Basculegion, L50, M|95\/100\n|switch|p2b: Phife|Rillaboom, L50, M, shiny|18\/100\n|-status|p2a: Basculegion|psn\n|-status|p2b: Phife|psn\n|-fieldstart|move: Grassy Terrain|[from] ability: Grassy Surge|[of] p2b: Phife\n|turn|11\n|inactive|VGCLTH <1000ELO has 30 seconds left.\n|inactive|VGCLTH <1000ELO has 20 seconds left.\n|inactive|VGCLTH <1000ELO has 15 seconds left.\n|inactive|VGCLTH <1000ELO has 10 seconds left.\n|inactive|VGCLTH <1000ELO has 5 seconds left.\n|\n|t:|1731890683\n|move|p2b: Phife|Fake Out|p1b: Glimmora\n|-resisted|p1b: Glimmora\n|-damage|p1b: Glimmora|88\/100\n|-activate|p1b: Glimmora|ability: Toxic Debris\n|-sidestart|p2: eriksp|move: Toxic Spikes\n|move|p2a: Basculegion|Last Respects|p1a: Gholdengo\n|-supereffective|p1a: Gholdengo\n|-damage|p1a: Gholdengo|0 fnt\n|faint|p1a: Gholdengo\n|cant|p1b: Glimmora|flinch\n|\n|-heal|p2a: Basculegion|100\/100 psn|[from] Grassy Terrain\n|-heal|p2b: Phife|24\/100 psn|[from] Grassy Terrain\n|-heal|p1b: Glimmora|94\/100|[from] Grassy Terrain\n|-damage|p2a: Basculegion|88\/100 psn|[from] psn\n|-damage|p2b: Phife|12\/100 psn|[from] psn\n|upkeep\n|\n|t:|1731890685\n|switch|p1a: Tatsugiri|Tatsugiri, L50, F|1\/100\n|turn|12\n|\n|t:|1731890709\n|move|p2b: Phife|Grassy Glide|p1a: Tatsugiri\n|-damage|p1a: Tatsugiri|0 fnt\n|faint|p1a: Tatsugiri\n|move|p2a: Basculegion|Last Respects|p1b: Glimmora\n|-damage|p1b: Glimmora|6\/100\n|move|p1b: Glimmora|Power Gem|p2a: Basculegion\n|-damage|p2a: Basculegion|50\/100 psn\n|\n|-heal|p2a: Basculegion|56\/100 psn|[from] Grassy Terrain\n|-heal|p2b: Phife|17\/100 psn|[from] Grassy Terrain\n|-heal|p1b: Glimmora|12\/100|[from] Grassy Terrain\n|-damage|p2a: Basculegion|44\/100 psn|[from] psn\n|-damage|p2b: Phife|5\/100 psn|[from] psn\n|upkeep\n|turn|13\n|c|\u2606eriksp|ggwp\n|inactive|VGCLTH <1000ELO has 30 seconds left.\n|l| lilbao4545\n|inactive|VGCLTH <1000ELO has 20 seconds left.\n|c|\u2606VGCLTH <1000ELO|gg\n|inactive|VGCLTH <1000ELO has 15 seconds left.\n|\n|t:|1731890751\n|move|p2b: Phife|Grassy Glide|p1b: Glimmora\n|-damage|p1b: Glimmora|0 fnt\n|faint|p1b: Glimmora\n|\n|win|eriksp\n|raw|VGCLTH &lt;1000ELO's rating: 1879 &rarr; <strong>1855<\/strong><br \/>(-24 for losing)\n|raw|eriksp's rating: 1803 &rarr; <strong>1827<\/strong><br \/>(+24 for winning)\n|l|\u2606eriksp\n|player|p2|\n|j|\u2606eriksp\n|player|p2|eriksp|volkner-masters|\n","uploadtime":1731890758,"views":85,"formatid":"gen9vgc2024regh","rating":1827,"private":0,"password":null}