{"id":"gen9vgc2024regh-2245437110","format":"[Gen 9] VGC 2024 Reg H","players":["woshin00b","VGCNEOPHYTE"],"log":"|j|\u2606woshin00b\n|j|\u2606VGCNEOPHYTE\n|t:|1731820976\n|gametype|doubles\n|player|p1|woshin00b|youngcouple-gen4dp|1723\n|player|p2|VGCNEOPHYTE|chuck|1641\n|teamsize|p1|6\n|teamsize|p2|6\n|gen|9\n|tier|[Gen 9] VGC 2024 Reg H\n|rated|\n|rule|Species Clause: Limit one of each Pok\u00e9mon\n|rule|Item Clause: Limit 1 of each item\n|clearpoke\n|poke|p1|Talonflame, L50, M|\n|poke|p1|Garchomp, L50, M|\n|poke|p1|Gholdengo, L50|\n|poke|p1|Dragonite, L50, F|\n|poke|p1|Murkrow, L50, F|\n|poke|p1|Zoroark-Hisui, L50, M|\n|poke|p2|Magmar, L50, M|\n|poke|p2|Baxcalibur, L50, F|\n|poke|p2|Rillaboom, L50, M|\n|poke|p2|Sneasler, L50, M|\n|poke|p2|Kingambit, L50, M|\n|poke|p2|Dondozo, L50, M|\n|teampreview|4\n|inactive|Battle timer is ON: inactive players will automatically lose when time's up. (requested by VGCNEOPHYTE)\n|inactive|woshin00b has 60 seconds left.\n|inactive|VGCNEOPHYTE has 60 seconds left.\n|\n|t:|1731821011\n|start\n|switch|p1a: Talonflame|Talonflame, L50, M|100\/100\n|switch|p1b: Garchomp|Garchomp, L50, M|100\/100\n|switch|p2a: Magmar|Magmar, L50, M|100\/100\n|switch|p2b: Dondozo|Dondozo, L50, M|100\/100\n|turn|1\n|\n|t:|1731821028\n|move|p1b: Garchomp|Earthquake|p2b: Dondozo|[spread] p2a,p2b\n|-immune|p1a: Talonflame\n|-supereffective|p2a: Magmar\n|-damage|p2a: Magmar|31\/100\n|-damage|p2b: Dondozo|75\/100\n|move|p1a: Talonflame|U-turn|p2a: Magmar\n|-resisted|p2a: Magmar\n|-damage|p2a: Magmar|19\/100\n|\n|t:|1731821038\n|switch|p1a: Gholdengo|Gholdengo, L50|100\/100|[from] U-turn\n|move|p2a: Magmar|Will-O-Wisp|p1b: Garchomp|[miss]\n|-miss|p2a: Magmar|p1b: Garchomp\n|move|p2b: Dondozo|Wave Crash|p1a: Gholdengo\n|-damage|p1a: Gholdengo|56\/100\n|-damage|p2b: Dondozo|65\/100|[from] Recoil\n|\n|-heal|p2b: Dondozo|71\/100|[from] item: Leftovers\n|upkeep\n|turn|2\n|\n|t:|1731821057\n|switch|p1b: Dragonite|Dragonite, L50, F|100\/100\n|move|p2a: Magmar|Protect|p2a: Magmar\n|-singleturn|p2a: Magmar|Protect\n|move|p1a: Gholdengo|Thunderbolt|p2b: Dondozo\n|-supereffective|p2b: Dondozo\n|-damage|p2b: Dondozo|0 fnt\n|faint|p2b: Dondozo\n|\n|upkeep\n|\n|t:|1731821069\n|switch|p2b: Kingambit|Kingambit, L50, M|100\/100\n|turn|3\n|\n|t:|1731821077\n|switch|p1a: Garchomp|Garchomp, L50, M|100\/100\n|move|p2a: Magmar|Will-O-Wisp|p1b: Dragonite\n|-status|p1b: Dragonite|brn\n|move|p1b: Dragonite|Waterfall|p2a: Magmar\n|-supereffective|p2a: Magmar\n|-damage|p2a: Magmar|0 fnt\n|faint|p2a: Magmar\n|move|p2b: Kingambit|Swords Dance|p2b: Kingambit\n|-boost|p2b: Kingambit|atk|2\n|\n|-damage|p1b: Dragonite|94\/100 brn|[from] brn\n|upkeep\n|\n|t:|1731821089\n|switch|p2a: Baxcalibur|Baxcalibur, L50, F|100\/100\n|turn|4\n|\n|t:|1731821100\n|-terastallize|p1a: Garchomp|Steel\n|move|p2a: Baxcalibur|Ice Shard|p1b: Dragonite\n|-supereffective|p1b: Dragonite\n|-damage|p1b: Dragonite|0 fnt\n|faint|p1b: Dragonite\n|move|p2b: Kingambit|Sucker Punch|p1a: Garchomp\n|-damage|p1a: Garchomp|6\/100\n|-damage|p2b: Kingambit|88\/100|[from] ability: Rough Skin|[of] p1a: Garchomp\n|move|p1a: Garchomp|Earthquake|p2b: Kingambit|[spread] p2a,p2b\n|-supereffective|p2b: Kingambit\n|-damage|p2a: Baxcalibur|57\/100\n|-damage|p2b: Kingambit|32\/100\n|\n|upkeep\n|\n|t:|1731821114\n|switch|p1b: Talonflame|Talonflame, L50, M|100\/100\n|turn|5\n|\n|t:|1731821131\n|move|p2b: Kingambit|Protect|p2b: Kingambit\n|-singleturn|p2b: Kingambit|Protect\n|move|p1b: Talonflame|Brave Bird|p2b: Kingambit\n|-activate|p2b: Kingambit|move: Protect\n|move|p2a: Baxcalibur|Ice Shard|p1a: Garchomp\n|-resisted|p1a: Garchomp\n|-damage|p1a: Garchomp|0 fnt\n|faint|p1a: Garchomp\n|\n|upkeep\n|\n|t:|1731821140\n|switch|p1a: Gholdengo|Gholdengo, L50|56\/100\n|turn|6\n|\n|t:|1731821156\n|move|p1b: Talonflame|Brave Bird|p2b: Kingambit\n|-resisted|p2b: Kingambit\n|-damage|p2b: Kingambit|4\/100\n|-damage|p1b: Talonflame|88\/100|[from] Recoil\n|move|p2b: Kingambit|Sucker Punch|p1a: Gholdengo\n|-supereffective|p1a: Gholdengo\n|-damage|p1a: Gholdengo|0 fnt\n|faint|p1a: Gholdengo\n|move|p2a: Baxcalibur|Scale Shot|p1b: Talonflame\n|-damage|p1b: Talonflame|63\/100\n|-damage|p1b: Talonflame|36\/100\n|-damage|p1b: Talonflame|10\/100\n|-damage|p1b: Talonflame|0 fnt\n|faint|p1b: Talonflame\n|-hitcount|p1: Talonflame|4\n|\n|win|VGCNEOPHYTE\n|raw|woshin00b's rating: 1723 &rarr; <strong>1698<\/strong><br \/>(-25 for losing)\n|raw|VGCNEOPHYTE's rating: 1641 &rarr; <strong>1666<\/strong><br \/>(+25 for winning)\n|c|\u2606VGCNEOPHYTE|gg\n|l|\u2606woshin00b\n|player|p1|\n|l|\u2606VGCNEOPHYTE\n|player|p2|\n|j| Cinnamon Swirly2\n","uploadtime":1731821298,"views":11,"formatid":"gen9vgc2024regh","rating":1666,"private":0,"password":null}