{"id":"gen9vgc2024regh-2245813159","format":"[Gen 9] VGC 2024 Reg H","players":["vgclth papaneth","gw_8941"],"log":"|raw|<div class=\"broadcast-blue\"><strong>This battle is required to be public due to a player having a name starting with 'vgclth'.<\/div>\n|j|\u2606vgclth papaneth\n|j|\u2606gw_8941\n|t:|1731879735\n|gametype|doubles\n|player|p1|vgclth papaneth|rood|1714\n|player|p2|gw_8941|hilbert-wonderlauncher|1724\n|teamsize|p1|6\n|teamsize|p2|6\n|gen|9\n|tier|[Gen 9] VGC 2024 Reg H\n|rated|\n|rule|Species Clause: Limit one of each Pok\u00e9mon\n|rule|Item Clause: Limit 1 of each item\n|clearpoke\n|poke|p1|Tyranitar, L50, M|\n|poke|p1|Gengar, L50, M|\n|poke|p1|Kommo-o, L50, F|\n|poke|p1|Rillaboom, L50, M|\n|poke|p1|Annihilape, L50, M|\n|poke|p1|Whimsicott, L50, F|\n|poke|p2|Dondozo, L50, M|\n|poke|p2|Tatsugiri, L50, M|\n|poke|p2|Annihilape, L50, F|\n|poke|p2|Volcarona, L50, F|\n|poke|p2|Dragonite, L50, M|\n|poke|p2|Archaludon, L50, M|\n|teampreview|4\n|inactive|Battle timer is ON: inactive players will automatically lose when time's up. (requested by gw_8941)\n|j| Broccol1\n|inactive|vgclth papaneth has 60 seconds left.\n|j| futonkagebunshin\n|inactive|vgclth papaneth has 30 seconds left.\n|\n|t:|1731879806\n|start\n|switch|p1a: Whimsicott|Whimsicott, L50, F|100\/100\n|switch|p1b: Kommo-o|Kommo-o, L50, F|100\/100\n|switch|p2a: Volcarona|Volcarona, L50, F|100\/100\n|switch|p2b: Dragonite|Dragonite, L50, M|100\/100\n|turn|1\n|\n|t:|1731879823\n|-terastallize|p1b: Kommo-o|Fire\n|move|p2b: Dragonite|Extreme Speed|p1a: Whimsicott\n|-damage|p1a: Whimsicott|61\/100\n|move|p1a: Whimsicott|Moonblast|p2b: Dragonite\n|-supereffective|p2b: Dragonite\n|-damage|p2b: Dragonite|43\/100\n|move|p1b: Kommo-o|Clanging Scales|p2b: Dragonite|[spread] p2a,p2b\n|-supereffective|p2b: Dragonite\n|-damage|p2a: Volcarona|58\/100\n|-damage|p2b: Dragonite|0 fnt\n|faint|p2b: Dragonite\n|-unboost|p1b: Kommo-o|def|1\n|-damage|p1b: Kommo-o|91\/100|[from] item: Life Orb\n|move|p2a: Volcarona|Heat Wave|p1a: Whimsicott|[spread] p1a,p1b\n|-supereffective|p1a: Whimsicott\n|-resisted|p1b: Kommo-o\n|-damage|p1a: Whimsicott|0 fnt\n|-damage|p1b: Kommo-o|73\/100\n|faint|p1a: Whimsicott\n|\n|upkeep\n|inactive|vgclth papaneth has 30 seconds left.\n|\n|t:|1731879851\n|switch|p1a: Gengar|Gengar, L50, M|100\/100\n|switch|p2b: Dondozo|Dondozo, L50, M, shiny|100\/100\n|turn|2\n|inactive|vgclth papaneth has 30 seconds left.\n|inactive|gw_8941 has 30 seconds left.\n|inactive|gw_8941 has 20 seconds left.\n|\n|t:|1731879889\n|-terastallize|p2b: Dondozo|Steel\n|move|p1a: Gengar|Protect|p1a: Gengar\n|-singleturn|p1a: Gengar|Protect\n|move|p1b: Kommo-o|Clanging Scales|p2b: Dondozo|[spread] p2a,p2b\n|-resisted|p2b: Dondozo\n|-damage|p2a: Volcarona|17\/100\n|-damage|p2b: Dondozo|73\/100\n|-enditem|p2a: Volcarona|Sitrus Berry|[eat]\n|-heal|p2a: Volcarona|42\/100|[from] item: Sitrus Berry\n|-unboost|p1b: Kommo-o|def|1\n|-damage|p1b: Kommo-o|63\/100|[from] item: Life Orb\n|move|p2a: Volcarona|Tailwind|p2a: Volcarona\n|-sidestart|p2: gw_8941|move: Tailwind\n|move|p2b: Dondozo|Heavy Slam|p1a: Gengar\n|-activate|p1a: Gengar|move: Protect\n|\n|upkeep\n|turn|3\n|\n|t:|1731879908\n|move|p1b: Kommo-o|Protect|p1b: Kommo-o\n|-singleturn|p1b: Kommo-o|Protect\n|move|p2a: Volcarona|Heat Wave|p1a: Gengar|[spread] p1a\n|-activate|p1b: Kommo-o|move: Protect\n|-damage|p1a: Gengar|50\/100\n|move|p2b: Dondozo|Wave Crash|p1b: Kommo-o\n|-activate|p1b: Kommo-o|move: Protect\n|move|p1a: Gengar|Haze|p1a: Gengar\n|-clearallboost\n|\n|upkeep\n|turn|4\n|\n|t:|1731879932\n|move|p2a: Volcarona|Heat Wave|p1b: Kommo-o|[spread] p1a,p1b\n|-resisted|p1b: Kommo-o\n|-damage|p1a: Gengar|0 fnt\n|-damage|p1b: Kommo-o|44\/100\n|faint|p1a: Gengar\n|move|p2b: Dondozo|Wave Crash|p1b: Kommo-o\n|-supereffective|p1b: Kommo-o\n|-damage|p1b: Kommo-o|0 fnt\n|faint|p1b: Kommo-o\n|-damage|p2b: Dondozo|64\/100|[from] Recoil\n|\n|upkeep\n|\n|t:|1731879935\n|switch|p1b: Annihilape|Annihilape, L50, M|100\/100\n|turn|5\n|\n|t:|1731879943\n|move|p2b: Dondozo|Protect|p2b: Dondozo\n|-singleturn|p2b: Dondozo|Protect\n|move|p2a: Volcarona|Will-O-Wisp|p1b: Annihilape|[miss]\n|-miss|p2a: Volcarona|p1b: Annihilape\n|move|p1b: Annihilape|Close Combat|p2b: Dondozo\n|-activate|p2b: Dondozo|move: Protect\n|\n|-sideend|p2: gw_8941|move: Tailwind\n|upkeep\n|turn|6\n|-message|vgclth papaneth forfeited.\n|\n|win|gw_8941\n|raw|vgclth papaneth's rating: 1714 &rarr; <strong>1695<\/strong><br \/>(-19 for losing)\n|raw|gw_8941's rating: 1724 &rarr; <strong>1743<\/strong><br \/>(+19 for winning)\n|l|\u2606vgclth papaneth\n|player|p1|\n|l|\u2606gw_8941\n|player|p2|\n|l| Broccol1\n","uploadtime":1731880132,"views":11,"formatid":"gen9vgc2024regh","rating":1695,"private":0,"password":null}