{"id":"gen9vgc2024regh-2245872542","format":"[Gen 9] VGC 2024 Reg H","players":["vgclth souly","VGCLTH Bigfoot"],"log":"|raw|<div class=\"broadcast-blue\"><strong>This battle is required to be public due to a player having a name starting with 'vgclth'.<\/div>\n|j|\u2606vgclth souly\n|j|\u2606VGCLTH Bigfoot\n|t:|1731886895\n|gametype|doubles\n|player|p1|vgclth souly|#smogonxnpa2024draftee|1818\n|player|p2|VGCLTH Bigfoot|falkner|1728\n|teamsize|p1|6\n|teamsize|p2|6\n|gen|9\n|tier|[Gen 9] VGC 2024 Reg H\n|rated|\n|rule|Species Clause: Limit one of each Pok\u00e9mon\n|rule|Item Clause: Limit 1 of each item\n|clearpoke\n|poke|p1|Archaludon, L50, F|\n|poke|p1|Pelipper, L50, F|\n|poke|p1|Electabuzz, L50, M|\n|poke|p1|Kingambit, L50, M|\n|poke|p1|Rillaboom, L50, M|\n|poke|p1|Basculegion, L50, M|\n|poke|p2|Ceruledge, L50, M|\n|poke|p2|Gastrodon-East, L50, F|\n|poke|p2|Sneasler, L50, F|\n|poke|p2|Dragonite, L50, F|\n|poke|p2|Rillaboom, L50, M|\n|poke|p2|Kingambit, L50, M|\n|teampreview|4\n|j| mr pogostick\n|inactive|Battle timer is ON: inactive players will automatically lose when time's up. (requested by vgclth souly)\n|\n|t:|1731886923\n|start\n|switch|p1a: Archaludon|Archaludon, L50, F|100\/100\n|switch|p1b: Pelipper|Pelipper, L50, F|100\/100\n|switch|p2a: Sneasler|Sneasler, L50, F, shiny|100\/100\n|switch|p2b: Kingambit|Kingambit, L50, M|100\/100\n|-weather|RainDance|[from] ability: Drizzle|[of] p1b: Pelipper\n|turn|1\n|\n|t:|1731886941\n|-terastallize|p2b: Kingambit|Flying\n|move|p2a: Sneasler|Close Combat|p1a: Archaludon\n|-supereffective|p1a: Archaludon\n|-damage|p1a: Archaludon|18\/100\n|-unboost|p2a: Sneasler|def|1\n|-unboost|p2a: Sneasler|spd|1\n|-ability|p1a: Archaludon|Stamina|boost\n|-boost|p1a: Archaludon|def|1\n|move|p1b: Pelipper|Hurricane|p2a: Sneasler\n|-supereffective|p2a: Sneasler\n|-enditem|p2a: Sneasler|Focus Sash\n|-damage|p2a: Sneasler|1\/100\n|move|p1a: Archaludon|Electro Shot||[still]\n|-prepare|p1a: Archaludon|Electro Shot\n|-boost|p1a: Archaludon|spa|1\n|-anim|p1a: Archaludon|Electro Shot|p2b: Kingambit\n|-supereffective|p2b: Kingambit\n|-damage|p2b: Kingambit|25\/100\n|move|p2b: Kingambit|Tera Blast|p1a: Archaludon|[anim] Tera Blast Flying\n|-resisted|p1a: Archaludon\n|-damage|p1a: Archaludon|7\/100\n|-ability|p1a: Archaludon|Stamina|boost\n|-boost|p1a: Archaludon|def|1\n|\n|-weather|RainDance|[upkeep]\n|-heal|p1a: Archaludon|14\/100|[from] item: Leftovers\n|upkeep\n|turn|2\n|\n|t:|1731886965\n|move|p1a: Archaludon|Protect|p1a: Archaludon\n|-singleturn|p1a: Archaludon|Protect\n|move|p2b: Kingambit|Sucker Punch|p1b: Pelipper\n|-damage|p1b: Pelipper|48\/100\n|move|p2a: Sneasler|Dire Claw|p1b: Pelipper\n|-damage|p1b: Pelipper|0 fnt\n|faint|p1b: Pelipper\n|\n|-weather|RainDance|[upkeep]\n|-heal|p1a: Archaludon|20\/100|[from] item: Leftovers\n|upkeep\n|\n|t:|1731886969\n|switch|p1b: Rillaboom|Rillaboom, L50, M|100\/100\n|-fieldstart|move: Grassy Terrain|[from] ability: Grassy Surge|[of] p1b: Rillaboom\n|turn|3\n|\n|t:|1731886986\n|switch|p2b: Joe Dog|Gastrodon-East, L50, F|100\/100\n|-terastallize|p1a: Archaludon|Fairy\n|move|p1b: Rillaboom|Grassy Glide|p2a: Sneasler\n|-resisted|p2a: Sneasler\n|-damage|p2a: Sneasler|0 fnt\n|faint|p2a: Sneasler\n|move|p1a: Archaludon|Electro Shot||[still]\n|-prepare|p1a: Archaludon|Electro Shot\n|-boost|p1a: Archaludon|spa|1\n|-anim|p1a: Archaludon|Electro Shot|p2b: Joe Dog\n|-immune|p2b: Joe Dog\n|\n|-weather|RainDance|[upkeep]\n|-heal|p1a: Archaludon|26\/100|[from] Grassy Terrain\n|-heal|p1a: Archaludon|32\/100|[from] item: Leftovers\n|upkeep\n|\n|t:|1731886992\n|switch|p2a: Rillaboom|Rillaboom, L50, M|100\/100\n|turn|4\n|\n|t:|1731887013\n|move|p1a: Archaludon|Protect|p1a: Archaludon\n|-singleturn|p1a: Archaludon|Protect\n|move|p2a: Rillaboom|Fake Out|p1b: Rillaboom\n|-damage|p1b: Rillaboom|84\/100\n|cant|p1b: Rillaboom|flinch\n|move|p2b: Joe Dog|Ice Beam|p1b: Rillaboom\n|-supereffective|p1b: Rillaboom\n|-damage|p1b: Rillaboom|49\/100\n|\n|-weather|RainDance|[upkeep]\n|-heal|p1b: Rillaboom|55\/100|[from] Grassy Terrain\n|-heal|p1a: Archaludon|39\/100|[from] Grassy Terrain\n|-heal|p1a: Archaludon|45\/100|[from] item: Leftovers\n|upkeep\n|turn|5\n|\n|t:|1731887022\n|move|p2b: Joe Dog|Protect|p2b: Joe Dog\n|-singleturn|p2b: Joe Dog|Protect\n|move|p1b: Rillaboom|Grassy Glide|p2b: Joe Dog\n|-activate|p2b: Joe Dog|move: Protect\n|move|p2a: Rillaboom|Wood Hammer|p1a: Archaludon\n|-damage|p1a: Archaludon|7\/100\n|-ability|p1a: Archaludon|Stamina|boost\n|-boost|p1a: Archaludon|def|1\n|-damage|p2a: Rillaboom|87\/100|[from] Recoil\n|move|p1a: Archaludon|Draco Meteor|p2a: Rillaboom\n|-damage|p2a: Rillaboom|0 fnt\n|-unboost|p1a: Archaludon|spa|2\n|faint|p2a: Rillaboom\n|\n|-weather|none\n|-heal|p1b: Rillaboom|61\/100|[from] Grassy Terrain\n|-heal|p1a: Archaludon|13\/100|[from] Grassy Terrain\n|-heal|p1a: Archaludon|19\/100|[from] item: Leftovers\n|upkeep\n|\n|t:|1731887032\n|switch|p2a: Kingambit|Kingambit, L50, M, tera:Flying|25\/100\n|turn|6\n|\n|t:|1731887054\n|move|p2b: Joe Dog|Protect|p2b: Joe Dog\n|-singleturn|p2b: Joe Dog|Protect\n|move|p1b: Rillaboom|Wood Hammer|p2a: Kingambit\n|-resisted|p2a: Kingambit\n|-damage|p2a: Kingambit|0 fnt\n|faint|p2a: Kingambit\n|-damage|p1b: Rillaboom|53\/100|[from] Recoil\n|move|p1a: Archaludon|Flash Cannon|p2b: Joe Dog\n|-activate|p2b: Joe Dog|move: Protect\n|\n|-heal|p1b: Rillaboom|59\/100|[from] Grassy Terrain\n|-heal|p1a: Archaludon|25\/100|[from] Grassy Terrain\n|-heal|p1a: Archaludon|32\/100|[from] item: Leftovers\n|upkeep\n|turn|7\n|-message|VGCLTH Bigfoot forfeited.\n|\n|win|vgclth souly\n|raw|vgclth souly's rating: 1818 &rarr; <strong>1833<\/strong><br \/>(+15 for winning)\n|raw|VGCLTH Bigfoot's rating: 1728 &rarr; <strong>1713<\/strong><br \/>(-15 for losing)\n|l|\u2606VGCLTH Bigfoot\n|player|p2|\n|l|\u2606vgclth souly\n|player|p1|\n|l| mr pogostick\n","uploadtime":1731887200,"views":29,"formatid":"gen9vgc2024regh","rating":1713,"private":0,"password":null}