{"id":"gen9vgc2024regh-2245707902","format":"[Gen 9] VGC 2024 Reg H","players":["jbleacher2","VGCLTH skibidi"],"log":"|raw|<div class=\"broadcast-blue\"><strong>This battle is required to be public due to a player having a name starting with 'vgclth'.<\/div>\n|j|\u2606jbleacher2\n|j|\u2606VGCLTH skibidi\n|t:|1731867486\n|gametype|doubles\n|player|p1|jbleacher2|170|1640\n|player|p2|VGCLTH skibidi|piers-masters|1746\n|teamsize|p1|6\n|teamsize|p2|6\n|gen|9\n|tier|[Gen 9] VGC 2024 Reg H\n|rated|\n|rule|Species Clause: Limit one of each Pok\u00e9mon\n|rule|Item Clause: Limit 1 of each item\n|clearpoke\n|poke|p1|Murkrow, L50, M|\n|poke|p1|Volcarona, L50, M|\n|poke|p1|Oricorio-Pom-Pom, L50, F|\n|poke|p1|Quaquaval, L50, F|\n|poke|p1|Archaludon, L50, F|\n|poke|p1|Golduck, L50, M|\n|poke|p2|Ceruledge, L50, F|\n|poke|p2|Gastrodon-East, L50, F|\n|poke|p2|Sneasler, L50, M|\n|poke|p2|Kingambit, L50, M|\n|poke|p2|Rillaboom, L50, F|\n|poke|p2|Dragonite, L50, F|\n|teampreview|4\n|inactive|Battle timer is ON: inactive players will automatically lose when time's up. (requested by VGCLTH skibidi)\n|inactive|jbleacher2 also wants the timer to be on.\n|inactive|VGCLTH skibidi has 60 seconds left.\n|\n|t:|1731867517\n|start\n|switch|p1a: Quaquaval|Quaquaval, L50, F|100\/100\n|switch|p1b: Volcarona|Volcarona, L50, M|100\/100\n|switch|p2a: Imagine I miss lol|Dragonite, L50, F|100\/100\n|switch|p2b: Let's go gambling|Sneasler, L50, M|100\/100\n|turn|1\n|\n|t:|1731867531\n|move|p1a: Quaquaval|Triple Axel|p2a: Imagine I miss lol|[miss]\n|-miss|p1a: Quaquaval|p2a: Imagine I miss lol\n|move|p2b: Let's go gambling|Coaching|p2a: Imagine I miss lol\n|-boost|p2a: Imagine I miss lol|atk|1\n|-boost|p2a: Imagine I miss lol|def|1\n|move|p1b: Volcarona|Quiver Dance|p1b: Volcarona\n|-boost|p1b: Volcarona|spa|1\n|-boost|p1b: Volcarona|spd|1\n|-boost|p1b: Volcarona|spe|1\n|move|p2a: Imagine I miss lol|Scale Shot|p1a: Quaquaval\n|-damage|p1a: Quaquaval|74\/100\n|-damage|p1a: Quaquaval|44\/100\n|-damage|p1a: Quaquaval|14\/100\n|-damage|p1a: Quaquaval|0 fnt\n|faint|p1a: Quaquaval\n|-hitcount|p1: Quaquaval|4\n|-unboost|p2a: Imagine I miss lol|def|1\n|-boost|p2a: Imagine I miss lol|spe|1\n|\n|upkeep\n|\n|t:|1731867535\n|switch|p1a: Oricorio|Oricorio-Pom-Pom, L50, F, shiny|100\/100\n|turn|2\n|\n|t:|1731867548\n|-terastallize|p1a: Oricorio|Fairy\n|move|p1b: Volcarona|Fiery Dance|p2b: Let's go gambling\n|-damage|p2b: Let's go gambling|24\/100\n|-boost|p1b: Volcarona|spa|1\n|-activate|p1a: Oricorio|ability: Dancer\n|move|p1a: Oricorio|Fiery Dance|p2b: Let's go gambling|[from]ability: Dancer\n|-damage|p2b: Let's go gambling|0 fnt\n|faint|p2b: Let's go gambling\n|move|p2a: Imagine I miss lol|Scale Shot|p1b: Volcarona\n|-damage|p1b: Volcarona|77\/100\n|-damage|p1b: Volcarona|54\/100\n|-damage|p1b: Volcarona|29\/100\n|-damage|p1b: Volcarona|3\/100\n|-damage|p1b: Volcarona|0 fnt\n|faint|p1b: Volcarona\n|-hitcount|p1: Volcarona|5\n|-unboost|p2a: Imagine I miss lol|def|1\n|-boost|p2a: Imagine I miss lol|spe|1\n|move|p1a: Oricorio|Revelation Dance|p2a: Imagine I miss lol\n|-supereffective|p2a: Imagine I miss lol\n|-damage|p2a: Imagine I miss lol|55\/100\n|\n|upkeep\n|\n|t:|1731867561\n|switch|p2b: Rizzler|Rillaboom, L50, F|100\/100\n|switch|p1b: Archaludon|Archaludon, L50, F|100\/100\n|-fieldstart|move: Grassy Terrain|[from] ability: Grassy Surge|[of] p2b: Rizzler\n|turn|3\n|\n|t:|1731867575\n|-terastallize|p2a: Imagine I miss lol|Fairy\n|move|p2b: Rizzler|Fake Out|p1a: Oricorio\n|-damage|p1a: Oricorio|78\/100\n|move|p2a: Imagine I miss lol|Low Kick|p1b: Archaludon\n|-supereffective|p1b: Archaludon\n|-damage|p1b: Archaludon|39\/100\n|-ability|p1b: Archaludon|Stamina|boost\n|-boost|p1b: Archaludon|def|1\n|move|p1a: Oricorio|Revelation Dance|p2a: Imagine I miss lol\n|-damage|p2a: Imagine I miss lol|10\/100\n|move|p1b: Archaludon|Dragon Pulse|p2a: Imagine I miss lol\n|-immune|p2a: Imagine I miss lol\n|\n|-heal|p2a: Imagine I miss lol|16\/100|[from] Grassy Terrain\n|-heal|p1a: Oricorio|84\/100|[from] Grassy Terrain\n|-heal|p1b: Archaludon|45\/100|[from] Grassy Terrain\n|upkeep\n|turn|4\n|\n|t:|1731867583\n|move|p1a: Oricorio|Protect|p1a: Oricorio\n|-singleturn|p1a: Oricorio|Protect\n|move|p2a: Imagine I miss lol|Extreme Speed|p1a: Oricorio\n|-activate|p1a: Oricorio|move: Protect\n|move|p2b: Rizzler|Grassy Glide|p1a: Oricorio\n|-activate|p1a: Oricorio|move: Protect\n|move|p1b: Archaludon|Flash Cannon|p2a: Imagine I miss lol\n|-supereffective|p2a: Imagine I miss lol\n|-damage|p2a: Imagine I miss lol|0 fnt\n|faint|p2a: Imagine I miss lol\n|\n|-heal|p1a: Oricorio|90\/100|[from] Grassy Terrain\n|-heal|p1b: Archaludon|51\/100|[from] Grassy Terrain\n|upkeep\n|\n|t:|1731867585\n|switch|p2a: Godlyreal|Kingambit, L50, M|100\/100\n|turn|5\n|\n|t:|1731867599\n|move|p2a: Godlyreal|Sucker Punch|p1b: Archaludon\n|-damage|p1b: Archaludon|31\/100\n|-ability|p1b: Archaludon|Stamina|boost\n|-boost|p1b: Archaludon|def|1\n|move|p2b: Rizzler|High Horsepower|p1b: Archaludon\n|-supereffective|p1b: Archaludon\n|-damage|p1b: Archaludon|3\/100\n|-ability|p1b: Archaludon|Stamina|boost\n|-boost|p1b: Archaludon|def|1\n|move|p1a: Oricorio|Air Slash|p2b: Rizzler\n|-supereffective|p2b: Rizzler\n|-damage|p2b: Rizzler|7\/100\n|move|p1b: Archaludon|Body Press|p2a: Godlyreal\n|-supereffective|p2a: Godlyreal\n|-damage|p2a: Godlyreal|0 fnt\n|faint|p2a: Godlyreal\n|\n|-heal|p2b: Rizzler|13\/100|[from] Grassy Terrain\n|-heal|p1a: Oricorio|96\/100|[from] Grassy Terrain\n|-heal|p1b: Archaludon|9\/100|[from] Grassy Terrain\n|upkeep\n|turn|6\n|\n|t:|1731867617\n|move|p2b: Rizzler|High Horsepower|p1b: Archaludon\n|-supereffective|p1b: Archaludon\n|-damage|p1b: Archaludon|0 fnt\n|faint|p1b: Archaludon\n|move|p1a: Oricorio|Revelation Dance|p2b: Rizzler\n|-damage|p2b: Rizzler|0 fnt\n|faint|p2b: Rizzler\n|\n|win|jbleacher2\n|raw|jbleacher2's rating: 1640 &rarr; <strong>1667<\/strong><br \/>(+27 for winning)\n|raw|VGCLTH skibidi's rating: 1766 &rarr; <strong>1739<\/strong><br \/>(-27 for losing)\n|l|\u2606VGCLTH skibidi\n|player|p2|\n|l|\u2606jbleacher2\n|player|p1|\n","uploadtime":1731867857,"views":19,"formatid":"gen9vgc2024regh","rating":1667,"private":0,"password":null}