{"id":"gen9vgc2024regh-2245715377","format":"[Gen 9] VGC 2024 Reg H","players":["Zordor","vgclth elowyn"],"log":"|j|\u2606Zordor\n|j|\u2606vgclth elowyn\n|t:|1731868356\n|gametype|doubles\n|player|p1|Zordor|pilot|1774\n|player|p2|vgclth elowyn|hanbei-conquest|1840\n|teamsize|p1|6\n|teamsize|p2|6\n|gen|9\n|tier|[Gen 9] VGC 2024 Reg H\n|rated|\n|rule|Species Clause: Limit one of each Pok\u00e9mon\n|rule|Item Clause: Limit 1 of each item\n|clearpoke\n|poke|p1|Rotom-Wash, L50|\n|poke|p1|Sneasler, L50, F|\n|poke|p1|Armarouge, L50, F|\n|poke|p1|Venusaur, L50, M|\n|poke|p1|Hydreigon, L50, M|\n|poke|p1|Scizor, L50, M|\n|poke|p2|Chandelure, L50, M|\n|poke|p2|Sylveon, L50, F|\n|poke|p2|Talonflame, L50, F|\n|poke|p2|Dragapult, L50, M|\n|poke|p2|Electabuzz, L50, M|\n|poke|p2|Dragonite, L50, M|\n|teampreview|4\n|j| BreadTest\n|j| Jfabricio23\n|\n|t:|1731868403\n|start\n|switch|p1a: Sneasler|Sneasler, L50, F|100\/100\n|switch|p1b: Rotom|Rotom-Wash, L50|100\/100\n|switch|p2a: MarcoFiaro|Talonflame, L50, F|100\/100\n|switch|p2b: Soullight|Chandelure, L50, M|100\/100\n|turn|1\n|j| VGCLTH Python\n|\n|t:|1731868424\n|move|p2a: MarcoFiaro|Sunny Day|p2a: MarcoFiaro\n|-weather|SunnyDay\n|move|p1a: Sneasler|Rock Tomb|p2b: Soullight\n|-supereffective|p2b: Soullight\n|-damage|p2b: Soullight|47\/100\n|-unboost|p2b: Soullight|spe|1\n|move|p1b: Rotom|Electroweb|p2b: Soullight|[spread] p2a,p2b\n|-supereffective|p2a: MarcoFiaro\n|-damage|p2a: MarcoFiaro|50\/100\n|-damage|p2b: Soullight|24\/100\n|-unboost|p2b: Soullight|spe|1\n|move|p2b: Soullight|Heat Wave|p1a: Sneasler|[spread] p1a,p1b\n|-resisted|p1b: Rotom\n|-damage|p1a: Sneasler|19\/100\n|-damage|p1b: Rotom|64\/100\n|\n|-weather|SunnyDay|[upkeep]\n|upkeep\n|turn|2\n|\n|t:|1731868443\n|move|p2a: MarcoFiaro|Tailwind|p2a: MarcoFiaro\n|-sidestart|p2: vgclth elowyn|move: Tailwind\n|move|p1a: Sneasler|Rock Tomb|p2a: MarcoFiaro\n|-supereffective|p2a: MarcoFiaro\n|-damage|p2a: MarcoFiaro|0 fnt\n|faint|p2a: MarcoFiaro\n|move|p1b: Rotom|Electroweb|p2b: Soullight\n|-damage|p2b: Soullight|0 fnt\n|faint|p2b: Soullight\n|\n|-weather|SunnyDay|[upkeep]\n|upkeep\n|\n|t:|1731868448\n|switch|p2a: Turning|Dragapult, L50, M|100\/100\n|switch|p2b: Dragonite|Dragonite, L50, M|100\/100\n|turn|3\n|j| The_Beast1440\n|\n|t:|1731868459\n|-terastallize|p2a: Turning|Ghost\n|move|p1a: Sneasler|Protect|p1a: Sneasler\n|-singleturn|p1a: Sneasler|Protect\n|move|p1b: Rotom|Protect|p1b: Rotom\n|-singleturn|p1b: Rotom|Protect\n|move|p2a: Turning|Tera Blast|p1b: Rotom|[anim] Tera Blast Ghost\n|-activate|p1b: Rotom|move: Protect\n|move|p2b: Dragonite|Scale Shot|p1a: Sneasler\n|-activate|p1a: Sneasler|move: Protect\n|\n|-weather|SunnyDay|[upkeep]\n|upkeep\n|turn|4\n|\n|t:|1731868494\n|move|p2a: Turning|Tera Blast|p1b: Rotom|[anim] Tera Blast Ghost\n|-damage|p1b: Rotom|0 fnt\n|faint|p1b: Rotom\n|move|p2b: Dragonite|Scale Shot|p1a: Sneasler\n|-damage|p1a: Sneasler|0 fnt\n|faint|p1a: Sneasler\n|-hitcount|p1: Sneasler|1\n|-unboost|p2b: Dragonite|def|1\n|-boost|p2b: Dragonite|spe|1\n|\n|-weather|SunnyDay|[upkeep]\n|upkeep\n|\n|t:|1731868499\n|switch|p1a: Armarouge|Armarouge, L50, F|100\/100\n|switch|p1b: Scizor|Scizor, L50, M|100\/100\n|turn|5\n|\n|t:|1731868530\n|-terastallize|p1a: Armarouge|Dark\n|move|p1b: Scizor|Bullet Punch|p2a: Turning\n|-damage|p2a: Turning|54\/100\n|move|p2b: Dragonite|Scale Shot|p1b: Scizor\n|-resisted|p1b: Scizor\n|-damage|p1b: Scizor|94\/100\n|-resisted|p1b: Scizor\n|-damage|p1b: Scizor|87\/100\n|-resisted|p1b: Scizor\n|-crit|p1b: Scizor\n|-damage|p1b: Scizor|77\/100\n|-resisted|p1b: Scizor\n|-damage|p1b: Scizor|70\/100\n|-hitcount|p1b: Scizor|4\n|-unboost|p2b: Dragonite|def|1\n|-boost|p2b: Dragonite|spe|1\n|move|p2a: Turning|Tera Blast|p1b: Scizor|[anim] Tera Blast Ghost\n|-damage|p1b: Scizor|0 fnt\n|faint|p1b: Scizor\n|move|p1a: Armarouge|Heat Wave|p2b: Dragonite|[spread] p2b\n|-miss|p1a: Armarouge|p2a: Turning\n|-resisted|p2b: Dragonite\n|-damage|p2b: Dragonite|88\/100\n|\n|-weather|none\n|-sideend|p2: vgclth elowyn|move: Tailwind\n|upkeep\n|turn|6\n|l| BreadTest\n|\n|t:|1731868560\n|move|p2b: Dragonite|Low Kick|p1a: Armarouge\n|-supereffective|p1a: Armarouge\n|-damage|p1a: Armarouge|48\/100\n|move|p2a: Turning|Tera Blast|p1a: Armarouge|[anim] Tera Blast Ghost\n|-resisted|p1a: Armarouge\n|-damage|p1a: Armarouge|5\/100\n|move|p1a: Armarouge|Meteor Beam||[still]\n|-prepare|p1a: Armarouge|Meteor Beam\n|-boost|p1a: Armarouge|spa|1\n|-enditem|p1a: Armarouge|Power Herb\n|-anim|p1a: Armarouge|Meteor Beam|p2b: Dragonite\n|-supereffective|p2b: Dragonite\n|-damage|p2b: Dragonite|0 fnt\n|faint|p2b: Dragonite\n|\n|upkeep\n|turn|7\n|\n|t:|1731868567\n|move|p2a: Turning|Tera Blast|p1a: Armarouge|[anim] Tera Blast Ghost\n|-resisted|p1a: Armarouge\n|-damage|p1a: Armarouge|0 fnt\n|faint|p1a: Armarouge\n|\n|win|vgclth elowyn\n|raw|Zordor's rating: 1774 &rarr; <strong>1758<\/strong><br \/>(-16 for losing)\n|raw|vgclth elowyn's rating: 1840 &rarr; <strong>1856<\/strong><br \/>(+16 for winning)\n|l|\u2606Zordor\n|player|p1|\n|l| The_Beast1440\n|l| Jfabricio23\n|n| vgclth cuwutie|vgclthelowyn\n|n|\u2606vgclth elowyn|vgclthcuwutie\n|l|\u2606vgclth elowyn\n|player|p2|\n","uploadtime":1731868831,"views":25,"formatid":"gen9vgc2024regh","rating":1758,"private":0,"password":null}