{"id":"gen9vgc2024regh-2245628434","format":"[Gen 9] VGC 2024 Reg H","players":["VGCLTH skibidi","smoking brocoli"],"log":"|raw|<div class=\"broadcast-blue\"><strong>This battle is required to be public due to a player having a name starting with 'vgclth'.<\/div>\n|j|\u2606VGCLTH skibidi\n|j|\u2606smoking brocoli\n|t:|1731857627\n|gametype|doubles\n|player|p1|VGCLTH skibidi|piers-masters|1728\n|player|p2|smoking brocoli|grimsley-gen7|1717\n|teamsize|p1|6\n|teamsize|p2|6\n|gen|9\n|tier|[Gen 9] VGC 2024 Reg H\n|rated|\n|rule|Species Clause: Limit one of each Pok\u00e9mon\n|rule|Item Clause: Limit 1 of each item\n|clearpoke\n|poke|p1|Farigiraf, L50, F|\n|poke|p1|Armarouge, L50, M|\n|poke|p1|Annihilape, L50, M|\n|poke|p1|Indeedee-F, L50, F|\n|poke|p1|Torkoal, L50, M|\n|poke|p1|Lilligant-Hisui, L50, F|\n|poke|p2|Kommo-o, L50, F|\n|poke|p2|Ribombee, L50, M|\n|poke|p2|Gholdengo, L50|\n|poke|p2|Incineroar, L50, F|\n|poke|p2|Porygon2, L50|\n|poke|p2|Amoonguss, L50, F|\n|teampreview|4\n|inactive|Battle timer is ON: inactive players will automatically lose when time's up. (requested by VGCLTH skibidi)\n|inactive|VGCLTH skibidi has 60 seconds left.\n|inactive|smoking brocoli has 60 seconds left.\nsmoking brocoli has agreed to open team sheets.\nVGCLTH skibidi rejected open team sheets.\n|inactive|smoking brocoli has 30 seconds left.\n|j| Satansinlaw\n|inactive|smoking brocoli has 20 seconds left.\n|inactive|smoking brocoli has 15 seconds left.\n|\n|t:|1731857704\n|start\n|switch|p1a: Armarouge|Armarouge, L50, M|100\/100\n|switch|p1b: Annihilape|Annihilape, L50, M|100\/100\n|switch|p2a: Gholdengo|Gholdengo, L50|100\/100\n|switch|p2b: Porygon2|Porygon2, L50|100\/100\n|-ability|p2b: Porygon2|Download|boost\n|-boost|p2b: Porygon2|spa|1\n|turn|1\n|inactive|smoking brocoli has 30 seconds left.\n|\n|t:|1731857736\n|switch|p2b: Incineroar|Incineroar, L50, F|100\/100\n|-ability|p2b: Incineroar|Intimidate|boost\n|-unboost|p1a: Armarouge|atk|1\n|-unboost|p1b: Annihilape|atk|1\n|-ability|p1b: Annihilape|Defiant|boost\n|-boost|p1b: Annihilape|atk|2\n|-terastallize|p1b: Annihilape|Ground\n|-terastallize|p2a: Gholdengo|Water\n|move|p1b: Annihilape|Earthquake|p2b: Incineroar|[spread] p1a,p2a,p2b\n|-supereffective|p1a: Armarouge\n|-supereffective|p2b: Incineroar\n|-damage|p1a: Armarouge|0 fnt\n|-damage|p2a: Gholdengo|57\/100\n|-damage|p2b: Incineroar|14\/100\n|faint|p1a: Armarouge\n|move|p2a: Gholdengo|Shadow Ball|p1b: Annihilape\n|-damage|p1b: Annihilape|53\/100\n|-damage|p2a: Gholdengo|48\/100|[from] item: Life Orb\n|\n|upkeep\n|j| Luckelule\n|inactive|VGCLTH skibidi has 30 seconds left.\n|inactive|VGCLTH skibidi has 20 seconds left.\n|inactive|VGCLTH skibidi has 15 seconds left.\n|\n|t:|1731857778\n|switch|p1a: Indeedee|Indeedee-F, L50, F|100\/100\n|-fieldstart|move: Psychic Terrain|[from] ability: Psychic Surge|[of] p1a: Indeedee\n|turn|2\n|\n|t:|1731857788\n|move|p1a: Indeedee|Helping Hand|p1b: Annihilape\n|-singleturn|p1b: Annihilape|Helping Hand|[of] p1a: Indeedee\n|move|p2a: Gholdengo|Protect|p2a: Gholdengo\n|-singleturn|p2a: Gholdengo|Protect\n|move|p1b: Annihilape|Earthquake|p2a: Gholdengo|[spread] p1a,p2b\n|-activate|p2a: Gholdengo|move: Protect\n|-supereffective|p2b: Incineroar\n|-damage|p1a: Indeedee|43\/100\n|-damage|p2b: Incineroar|0 fnt\n|faint|p2b: Incineroar\n|\n|upkeep\n|\n|t:|1731857800\n|switch|p2b: Porygon2|Porygon2, L50|100\/100\n|-ability|p2b: Porygon2|Download|boost\n|-boost|p2b: Porygon2|atk|1\n|turn|3\n|\n|t:|1731857812\n|switch|p2a: Amoonguss|Amoonguss, L50, F|100\/100\n|move|p1a: Indeedee|Helping Hand|p1b: Annihilape\n|-singleturn|p1b: Annihilape|Helping Hand|[of] p1a: Indeedee\n|move|p1b: Annihilape|Earthquake|p2b: Porygon2|[spread] p1a,p2a,p2b\n|-damage|p1a: Indeedee|0 fnt\n|-damage|p2a: Amoonguss|51\/100\n|-damage|p2b: Porygon2|57\/100\n|faint|p1a: Indeedee\n|move|p2b: Porygon2|Ice Beam|p1b: Annihilape\n|-supereffective|p1b: Annihilape\n|-damage|p1b: Annihilape|11\/100\n|\n|upkeep\n|\n|t:|1731857816\n|switch|p1a: Torkoal|Torkoal, L50, M|100\/100\n|-weather|SunnyDay|[from] ability: Drought|[of] p1a: Torkoal\n|turn|4\n|l| Satansinlaw\n|\n|t:|1731857839\n|move|p1b: Annihilape|Earthquake|p2a: Amoonguss|[spread] p1a,p2a,p2b\n|-supereffective|p1a: Torkoal\n|-damage|p1a: Torkoal|28\/100\n|-damage|p2a: Amoonguss|14\/100\n|-damage|p2b: Porygon2|30\/100\n|-enditem|p2a: Amoonguss|Sitrus Berry|[eat]\n|-heal|p2a: Amoonguss|39\/100|[from] item: Sitrus Berry\n|move|p2b: Porygon2|Ice Beam|p1b: Annihilape\n|-supereffective|p1b: Annihilape\n|-damage|p1b: Annihilape|0 fnt\n|faint|p1b: Annihilape\n|move|p2a: Amoonguss|Spore|p1a: Torkoal\n|-status|p1a: Torkoal|slp|[from] move: Spore\n|cant|p1a: Torkoal|slp\n|\n|-weather|SunnyDay|[upkeep]\n|upkeep\n|turn|5\n|-message|VGCLTH skibidi forfeited.\n|\n|win|smoking brocoli\n|raw|VGCLTH skibidi's rating: 1728 &rarr; <strong>1707<\/strong><br \/>(-21 for losing)\n|raw|smoking brocoli's rating: 1717 &rarr; <strong>1738<\/strong><br \/>(+21 for winning)\n|l|\u2606VGCLTH skibidi\n|player|p1|\n|l|\u2606smoking brocoli\n|player|p2|\n|l| Luckelule\n|j| Satansinlaw\n","uploadtime":1731858014,"views":14,"formatid":"gen9vgc2024regh","rating":1707,"private":0,"password":null}