{"id":"gen9vgc2024regh-2245681403","format":"[Gen 9] VGC 2024 Reg H","players":["VGCLTH Bigfoot","Shigeru Miyadozo"],"log":"|raw|<div class=\"broadcast-blue\"><strong>This battle is required to be public due to a player having a name starting with 'vgclth'.<\/div>\n|j|\u2606VGCLTH Bigfoot\n|j|\u2606Shigeru Miyadozo\n|t:|1731864286\n|gametype|doubles\n|player|p1|VGCLTH Bigfoot|falkner|1690\n|player|p2|Shigeru Miyadozo|265|1795\n|teamsize|p1|6\n|teamsize|p2|6\n|gen|9\n|tier|[Gen 9] VGC 2024 Reg H\n|rated|\n|rule|Species Clause: Limit one of each Pok\u00e9mon\n|rule|Item Clause: Limit 1 of each item\n|clearpoke\n|poke|p1|Ceruledge, L50, M|\n|poke|p1|Gastrodon-East, L50, M|\n|poke|p1|Sneasler, L50, F|\n|poke|p1|Dragonite, L50, F|\n|poke|p1|Rillaboom, L50, F|\n|poke|p1|Kingambit, L50, M|\n|poke|p2|Dondozo, L50, M|\n|poke|p2|Tatsugiri, L50, M|\n|poke|p2|Dragonite, L50, M|\n|poke|p2|Gholdengo, L50|\n|poke|p2|Glimmora, L50, F|\n|poke|p2|Talonflame, L50, F|\n|teampreview|4\n|inactive|Battle timer is ON: inactive players will automatically lose when time's up. (requested by Shigeru Miyadozo)\n|j| Jesuuuus\n|inactive|VGCLTH Bigfoot has 60 seconds left.\n|inactive|Shigeru Miyadozo has 60 seconds left.\n|j| thacrow\n|inactive|Shigeru Miyadozo has 30 seconds left.\n|inactive|Shigeru Miyadozo has 20 seconds left.\n|inactive|Shigeru Miyadozo has 15 seconds left.\n|inactive|Shigeru Miyadozo has 10 seconds left.\n|\n|t:|1731864372\n|start\n|switch|p1a: Sneasler|Sneasler, L50, F, shiny|100\/100\n|switch|p1b: Kingambit|Kingambit, L50, M|100\/100\n|switch|p2a: Dragonite|Dragonite, L50, M|100\/100\n|switch|p2b: Talonflame|Talonflame, L50, F|100\/100\n|turn|1\n|inactive|VGCLTH Bigfoot has 30 seconds left.\n|inactive|VGCLTH Bigfoot has 20 seconds left.\n|inactive|Shigeru Miyadozo has 30 seconds left.\n|l| Jesuuuus\n|inactive|Shigeru Miyadozo has 20 seconds left.\n|inactive|Shigeru Miyadozo has 15 seconds left.\n|inactive|Shigeru Miyadozo has 10 seconds left.\n|inactive|VGCLTH Bigfoot has 15 seconds left.\n|inactive|VGCLTH Bigfoot has 10 seconds left.\n|\n|t:|1731864449\n|switch|p1b: Ceruledge|Ceruledge, L50, M|100\/100\n|move|p2a: Dragonite|Extreme Speed|p1a: Sneasler\n|-damage|p1a: Sneasler|17\/100\n|move|p1a: Sneasler|Dire Claw|p2b: Talonflame\n|-damage|p2b: Talonflame|40\/100\n|move|p2b: Talonflame|Flare Blitz|p1b: Ceruledge\n|-start|p1b: Ceruledge|ability: Flash Fire\n|\n|upkeep\n|turn|2\n|inactive|VGCLTH Bigfoot has 30 seconds left.\n|inactive|Shigeru Miyadozo has 30 seconds left.\n|\n|t:|1731864486\n|switch|p1a: Kingambit|Kingambit, L50, M|100\/100\n|switch|p2b: Dondozo|Dondozo, L50, M|100\/100\n|move|p2a: Dragonite|Extreme Speed|p1a: Kingambit\n|-resisted|p1a: Kingambit\n|-damage|p1a: Kingambit|83\/100\n|move|p1b: Ceruledge|Bitter Blade|p2b: Dondozo\n|-resisted|p2b: Dondozo\n|-damage|p2b: Dondozo|75\/100\n|\n|-heal|p2b: Dondozo|81\/100|[from] item: Leftovers\n|upkeep\n|turn|3\n|inactive|Shigeru Miyadozo has 30 seconds left.\n|inactive|Shigeru Miyadozo has 20 seconds left.\n|inactive|Shigeru Miyadozo has 15 seconds left.\n|\n|t:|1731864529\n|switch|p2a: Tatsugiri|Tatsugiri, L50, M|100\/100\n|-activate|p2a: Tatsugiri|ability: Commander|[of] p2b: Dondozo\n|-boost|p2b: Dondozo|atk|2\n|-boost|p2b: Dondozo|spa|2\n|-boost|p2b: Dondozo|spe|2\n|-boost|p2b: Dondozo|def|2\n|-boost|p2b: Dondozo|spd|2\n|switch|p1a: Joe Dog|Gastrodon-East, L50, M|100\/100\n|move|p1b: Ceruledge|Protect|p1b: Ceruledge\n|-singleturn|p1b: Ceruledge|Protect\n|move|p2b: Dondozo|Earthquake|p1b: Ceruledge|[spread] p1a\n|-miss|p2b: Dondozo|p2a: Tatsugiri\n|-activate|p1b: Ceruledge|move: Protect\n|-damage|p1a: Joe Dog|58\/100\n|\n|-heal|p2b: Dondozo|88\/100|[from] item: Leftovers\n|upkeep\n|turn|4\n|inactive|Shigeru Miyadozo has 30 seconds left.\n|inactive|Shigeru Miyadozo has 20 seconds left.\n|inactive|Shigeru Miyadozo has 15 seconds left.\n|inactive|Shigeru Miyadozo has 10 seconds left.\n|inactive|Shigeru Miyadozo has 5 seconds left.\n|\n|t:|1731864579\n|-terastallize|p1a: Joe Dog|Flying\n|move|p2b: Dondozo|Order Up|p1b: Ceruledge\n|-damage|p1b: Ceruledge|42\/100\n|-boost|p2b: Dondozo|atk|1\n|move|p1b: Ceruledge|Bitter Blade|p2b: Dondozo\n|-resisted|p2b: Dondozo\n|-damage|p2b: Dondozo|74\/100\n|-heal|p1b: Ceruledge|51\/100|[from] drain|[of] p2b: Dondozo\n|move|p1a: Joe Dog|Clear Smog|p2b: Dondozo\n|-damage|p2b: Dondozo|67\/100\n|-clearboost|p2b: Dondozo\n|\n|-heal|p1b: Ceruledge|57\/100|[from] item: Leftovers\n|-heal|p2b: Dondozo|73\/100|[from] item: Leftovers\n|upkeep\n|turn|5\n|\n|t:|1731864595\n|move|p1b: Ceruledge|Bitter Blade|p2b: Dondozo\n|-resisted|p2b: Dondozo\n|-damage|p2b: Dondozo|44\/100\n|-heal|p1b: Ceruledge|75\/100|[from] drain|[of] p2b: Dondozo\n|move|p2b: Dondozo|Order Up|p1a: Joe Dog\n|-damage|p1a: Joe Dog|35\/100\n|-enditem|p1a: Joe Dog|Sitrus Berry|[eat]\n|-heal|p1a: Joe Dog|60\/100|[from] item: Sitrus Berry\n|-boost|p2b: Dondozo|atk|1\n|move|p1a: Joe Dog|Earth Power|p2b: Dondozo\n|-damage|p2b: Dondozo|9\/100\n|\n|-heal|p1b: Ceruledge|81\/100|[from] item: Leftovers\n|-heal|p2b: Dondozo|16\/100|[from] item: Leftovers\n|upkeep\n|turn|6\n|\n|t:|1731864618\n|switch|p1a: Kingambit|Kingambit, L50, M|83\/100\n|move|p1b: Ceruledge|Protect|p1b: Ceruledge\n|-singleturn|p1b: Ceruledge|Protect\n|move|p2b: Dondozo|Order Up|p1a: Kingambit\n|-resisted|p1a: Kingambit\n|-damage|p1a: Kingambit|69\/100\n|-boost|p2b: Dondozo|atk|1\n|\n|-heal|p1b: Ceruledge|87\/100|[from] item: Leftovers\n|-heal|p2b: Dondozo|22\/100|[from] item: Leftovers\n|upkeep\n|turn|7\n|\n|t:|1731864634\n|move|p2b: Dondozo|Protect|p2b: Dondozo\n|-singleturn|p2b: Dondozo|Protect\n|move|p1b: Ceruledge|Bitter Blade|p2b: Dondozo\n|-activate|p2b: Dondozo|move: Protect\n|move|p1a: Kingambit|Kowtow Cleave|p2b: Dondozo\n|-activate|p2b: Dondozo|move: Protect\n|\n|-heal|p1b: Ceruledge|93\/100|[from] item: Leftovers\n|-heal|p2b: Dondozo|28\/100|[from] item: Leftovers\n|upkeep\n|turn|8\n|inactive|VGCLTH Bigfoot has 30 seconds left.\n|\n|t:|1731864660\n|move|p1b: Ceruledge|Bulk Up|p1b: Ceruledge\n|-boost|p1b: Ceruledge|atk|1\n|-boost|p1b: Ceruledge|def|1\n|move|p2b: Dondozo|Earthquake|p1a: Kingambit|[spread] p1a,p1b\n|-miss|p2b: Dondozo|p2a: Tatsugiri\n|-supereffective|p1a: Kingambit\n|-supereffective|p1b: Ceruledge\n|-damage|p1a: Kingambit|0 fnt\n|-damage|p1b: Ceruledge|0 fnt\n|faint|p1a: Kingambit\n|faint|p1b: Ceruledge\n|\n|-heal|p2b: Dondozo|34\/100|[from] item: Leftovers\n|upkeep\n|\n|t:|1731864677\n|switch|p1b: Sneasler|Sneasler, L50, F, shiny|17\/100\n|switch|p1a: Joe Dog|Gastrodon-East, L50, M, tera:Flying|60\/100\n|turn|9\n|\n|t:|1731864683\n|move|p2b: Dondozo|Protect|p2b: Dondozo\n|-singleturn|p2b: Dondozo|Protect\n|move|p1b: Sneasler|Fake Out|p2b: Dondozo\n|-activate|p2b: Dondozo|move: Protect\n|move|p1a: Joe Dog|Earth Power|p2b: Dondozo\n|-activate|p2b: Dondozo|move: Protect\n|\n|-heal|p2b: Dondozo|40\/100|[from] item: Leftovers\n|upkeep\n|turn|10\n|l| thacrow\n|\n|t:|1731864689\n|move|p1b: Sneasler|Close Combat|p2b: Dondozo\n|-damage|p2b: Dondozo|0 fnt\n|-unboost|p1b: Sneasler|def|1\n|-unboost|p1b: Sneasler|spd|1\n|faint|p2b: Dondozo\n|move|p1a: Joe Dog|Earth Power|p2a: Tatsugiri\n|-damage|p2a: Tatsugiri|58\/100\n|\n|upkeep\n|inactive|Shigeru Miyadozo has 30 seconds left.\n|\n|t:|1731864715\n|switch|p2b: Dragonite|Dragonite, L50, M|100\/100\n|turn|11\n|\n|t:|1731864722\n|-terastallize|p2b: Dragonite|Normal\n|move|p2b: Dragonite|Extreme Speed|p1b: Sneasler\n|-damage|p1b: Sneasler|0 fnt\n|faint|p1b: Sneasler\n|move|p2a: Tatsugiri|Draco Meteor|p1a: Joe Dog\n|-damage|p1a: Joe Dog|4\/100\n|-unboost|p2a: Tatsugiri|spa|2\n|move|p1a: Joe Dog|Ice Beam|p2b: Dragonite\n|-damage|p2b: Dragonite|89\/100\n|\n|upkeep\n|turn|12\n|-message|VGCLTH Bigfoot forfeited.\n|\n|win|Shigeru Miyadozo\n|raw|VGCLTH Bigfoot's rating: 1690 &rarr; <strong>1676<\/strong><br \/>(-14 for losing)\n|raw|Shigeru Miyadozo's rating: 1795 &rarr; <strong>1809<\/strong><br \/>(+14 for winning)\n|l|\u2606VGCLTH Bigfoot\n|player|p1|\n|l|\u2606Shigeru Miyadozo\n|player|p2|\n","uploadtime":1731864941,"views":4,"formatid":"gen9vgc2024regh","rating":1676,"private":0,"password":null}