{"id":"gen9vgc2024regh-2245120645","format":"[Gen 9] VGC 2024 Reg H","players":["binday","vgclth elowyn"],"log":"|raw|<div class=\"broadcast-blue\"><strong>This battle is required to be public due to a player having a name starting with 'vgclth'.<\/div>\n|j|\u2606binday\n|j|\u2606vgclth elowyn\n|t:|1731779226\n|gametype|doubles\n|player|p1|binday|170|1692\n|player|p2|vgclth elowyn|266|1729\n|teamsize|p1|6\n|teamsize|p2|6\n|gen|9\n|tier|[Gen 9] VGC 2024 Reg H\n|rated|\n|rule|Species Clause: Limit one of each Pok\u00e9mon\n|rule|Item Clause: Limit 1 of each item\n|clearpoke\n|poke|p1|Gholdengo, L50|\n|poke|p1|Dragonite, L50, M|\n|poke|p1|Sneasler, L50, F|\n|poke|p1|Ursaluna-Bloodmoon, L50, M|\n|poke|p1|Porygon2, L50|\n|poke|p1|Vivillon, L50, M|\n|poke|p2|Dondozo, L50, F|\n|poke|p2|Tatsugiri, L50, F|\n|poke|p2|Dragonite, L50, M|\n|poke|p2|Gholdengo, L50|\n|poke|p2|Tyranitar, L50, F|\n|poke|p2|Murkrow, L50, M|\n|teampreview|4\n|j| Peroquecuones\n|\n|t:|1731779268\n|start\n|switch|p1a: Gholdengo|Gholdengo, L50|100\/100\n|switch|p1b: Dragonite|Dragonite, L50, M|100\/100\n|switch|p2a: Murkrow|Murkrow, L50, M|100\/100\n|switch|p2b: Gholdengo|Gholdengo, L50|100\/100\n|turn|1\n|\n|t:|1731779285\n|-terastallize|p2b: Gholdengo|Steel\n|move|p2a: Murkrow|Tailwind|p2a: Murkrow\n|-sidestart|p2: vgclth elowyn|move: Tailwind\n|move|p2b: Gholdengo|Make It Rain|p1b: Dragonite|[spread] p1a,p1b\n|-resisted|p1a: Gholdengo\n|-damage|p1a: Gholdengo|46\/100\n|-damage|p1b: Dragonite|51\/100\n|-unboost|p2b: Gholdengo|spa|1\n|move|p1a: Gholdengo|Focus Blast|p2b: Gholdengo\n|-supereffective|p2b: Gholdengo\n|-damage|p2b: Gholdengo|5\/100\n|move|p1b: Dragonite|Tailwind|p1b: Dragonite\n|-sidestart|p1: binday|move: Tailwind\n|\n|upkeep\n|turn|2\n|\n|t:|1731779315\n|switch|p2b: Dragonite|Dragonite, L50, M|100\/100\n|move|p1a: Gholdengo|Focus Blast|p2b: Dragonite\n|-resisted|p2b: Dragonite\n|-damage|p2b: Dragonite|77\/100\n|move|p1b: Dragonite|Scale Shot|p2a: Murkrow\n|-damage|p2a: Murkrow|84\/100\n|-damage|p2a: Murkrow|68\/100\n|-damage|p2a: Murkrow|52\/100\n|-damage|p2a: Murkrow|35\/100\n|-damage|p2a: Murkrow|19\/100\n|-hitcount|p2a: Murkrow|5\n|-unboost|p1b: Dragonite|def|1\n|-boost|p1b: Dragonite|spe|1\n|move|p2a: Murkrow|Brave Bird|p1b: Dragonite\n|-damage|p1b: Dragonite|0 fnt\n|faint|p1b: Dragonite\n|-damage|p2a: Murkrow|2\/100|[from] Recoil\n|\n|upkeep\n|\n|t:|1731779324\n|switch|p1b: Sneasler|Sneasler, L50, F|100\/100\n|turn|3\n|\n|t:|1731779340\n|switch|p1a: Porygon2|Porygon2, L50|100\/100\n|-ability|p1a: Porygon2|Download|boost\n|-boost|p1a: Porygon2|atk|1\n|switch|p2a: Gholdengo|Gholdengo, L50, tera:Steel|5\/100\n|move|p2b: Dragonite|Extreme Speed|p1b: Sneasler\n|-damage|p1b: Sneasler|26\/100\n|move|p1b: Sneasler|Dire Claw|p2b: Dragonite\n|-damage|p2b: Dragonite|32\/100\n|-status|p2b: Dragonite|psn|[from] ability: Poison Touch|[of] p1b: Sneasler\n|\n|-damage|p2b: Dragonite|20\/100 psn|[from] psn\n|upkeep\n|turn|4\n|l| Peroquecuones\n|\n|t:|1731779366\n|move|p1b: Sneasler|Protect|p1b: Sneasler\n|-singleturn|p1b: Sneasler|Protect\n|move|p2b: Dragonite|Extreme Speed|p1b: Sneasler\n|-activate|p1b: Sneasler|move: Protect\n|move|p2a: Gholdengo|Steel Beam|p1a: Porygon2\n|-damage|p1a: Porygon2|0 fnt\n|-damage|p2a: Gholdengo|0 fnt|[from] steelbeam\n|faint|p2a: Gholdengo\n|faint|p1a: Porygon2\n|\n|-damage|p2b: Dragonite|8\/100 psn|[from] psn\n|-sideend|p2: vgclth elowyn|move: Tailwind\n|-sideend|p1: binday|move: Tailwind\n|upkeep\n|\n|t:|1731779379\n|switch|p2a: Murkrow|Murkrow, L50, M|2\/100\n|switch|p1a: Gholdengo|Gholdengo, L50|46\/100\n|turn|5\n|\n|t:|1731779385\n|move|p1b: Sneasler|Protect||[still]\n|-fail|p1b: Sneasler\n|move|p2b: Dragonite|Extreme Speed|p1b: Sneasler\n|-damage|p1b: Sneasler|0 fnt\n|faint|p1b: Sneasler\n|move|p2a: Murkrow|Tailwind|p2a: Murkrow\n|-sidestart|p2: vgclth elowyn|move: Tailwind\n|move|p1a: Gholdengo|Make It Rain|p2b: Dragonite|[spread] p2a,p2b\n|-damage|p2a: Murkrow|0 fnt\n|-damage|p2b: Dragonite|0 fnt\n|-unboost|p1a: Gholdengo|spa|1\n|faint|p2a: Murkrow\n|faint|p2b: Dragonite\n|\n|upkeep\n|\n|t:|1731779388\n|switch|p2b: Tyranitar|Tyranitar, L50, F|100\/100\n|-weather|Sandstorm|[from] ability: Sand Stream|[of] p2b: Tyranitar\n|turn|6\n|\n|t:|1731779401\n|-terastallize|p1a: Gholdengo|Steel\n|move|p2b: Tyranitar|Knock Off|p1a: Gholdengo\n|-damage|p1a: Gholdengo|0 fnt\n|-enditem|p1a: Gholdengo|Choice Scarf|[from] move: Knock Off|[of] p2b: Tyranitar\n|faint|p1a: Gholdengo\n|\n|win|vgclth elowyn\n|raw|binday's rating: 1692 &rarr; <strong>1674<\/strong><br \/>(-18 for losing)\n|raw|vgclth elowyn's rating: 1729 &rarr; <strong>1747<\/strong><br \/>(+18 for winning)\n|l|\u2606binday\n|player|p1|\n","uploadtime":1731779601,"views":15,"formatid":"gen9vgc2024regh","rating":1674,"private":0,"password":null}