{"id":"gen9vgc2024regh-2245266300","format":"[Gen 9] VGC 2024 Reg H","players":["vgclth cuwutie","VGCLTH fangame10"],"log":"|j|\u2606vgclth cuwutie\n|j|\u2606VGCLTH fangame10\n|t:|1731797319\n|gametype|doubles\n|player|p1|vgclth cuwutie|266|1753\n|player|p2|VGCLTH fangame10|red|1758\n|teamsize|p1|6\n|teamsize|p2|6\n|gen|9\n|tier|[Gen 9] VGC 2024 Reg H\n|rated|\n|rule|Species Clause: Limit one of each Pok\u00e9mon\n|rule|Item Clause: Limit 1 of each item\n|clearpoke\n|poke|p1|Smeargle, L50, M|\n|poke|p1|Farigiraf, L50, M|\n|poke|p1|Maushold-Four, L50|\n|poke|p1|Torkoal, L50, F|\n|poke|p1|Ursaluna-Bloodmoon, L50, M|\n|poke|p1|Weezing-Galar, L50, F|\n|poke|p2|Glaceon, L50, F|\n|poke|p2|Ninetales-Alola, L50, F|\n|poke|p2|Milotic, L50, M|\n|poke|p2|Skeledirge, L50, M|\n|poke|p2|Ursaluna-Bloodmoon, L50, M|\n|poke|p2|Annihilape, L50, M|\n|teampreview|4\n|inactive|Battle timer is ON: inactive players will automatically lose when time's up. (requested by VGCLTH fangame10)\n|inactive|VGCLTH fangame10 has 60 seconds left.\n|\n|t:|1731797350\n|start\n|switch|p1a: Smeargle|Smeargle, L50, M|100\/100\n|switch|p1b: Farigiraf|Farigiraf, L50, M|100\/100\n|switch|p2a: Milotic|Milotic, L50, M, shiny|100\/100\n|switch|p2b: Skeledirge|Skeledirge, L50, M, shiny|100\/100\n|turn|1\n|inactive|vgclth cuwutie has 30 seconds left.\n|\n|t:|1731797384\n|move|p1a: Smeargle|Spore|p2a: Milotic\n|-status|p2a: Milotic|slp|[from] move: Spore\n|cant|p2a: Milotic|slp\n|move|p2b: Skeledirge|Snarl|p1a: Smeargle|[spread] p1a,p1b\n|-supereffective|p1b: Farigiraf\n|-damage|p1a: Smeargle|74\/100\n|-damage|p1b: Farigiraf|78\/100\n|-unboost|p1a: Smeargle|spa|1\n|-enditem|p1a: Smeargle|Eject Pack\n|-unboost|p1b: Farigiraf|spa|1\n|\n|t:|1731797388\n|switch|p1a: Torkoal|Torkoal, L50, F|100\/100\n|-weather|SunnyDay|[from] ability: Drought|[of] p1a: Torkoal\n|move|p1b: Farigiraf|Trick Room|p1b: Farigiraf\n|-fieldstart|move: Trick Room|[of] p1b: Farigiraf\n|\n|-weather|SunnyDay|[upkeep]\n|upkeep\n|turn|2\n|\n|t:|1731797393\n|-terastallize|p1a: Torkoal|Fire\n|move|p1b: Farigiraf|Helping Hand|p1a: Torkoal\n|-singleturn|p1a: Torkoal|Helping Hand|[of] p1b: Farigiraf\n|move|p1a: Torkoal|Eruption|p2b: Skeledirge|[spread] p2a,p2b\n|-resisted|p2a: Milotic\n|-resisted|p2b: Skeledirge\n|-crit|p2b: Skeledirge\n|-damage|p2a: Milotic|34\/100 slp\n|-damage|p2b: Skeledirge|0 fnt\n|-enditem|p2a: Milotic|Sitrus Berry|[eat]\n|-heal|p2a: Milotic|59\/100 slp|[from] item: Sitrus Berry\n|faint|p2b: Skeledirge\n|cant|p2a: Milotic|slp\n|\n|-weather|SunnyDay|[upkeep]\n|upkeep\n|\n|t:|1731797402\n|switch|p2b: Ninetales|Ninetales-Alola, L50, F, shiny|100\/100\n|-weather|Snow|[from] ability: Snow Warning|[of] p2b: Ninetales\n|turn|3\n|\n|t:|1731797416\n|move|p1b: Farigiraf|Helping Hand|p1a: Torkoal\n|-singleturn|p1a: Torkoal|Helping Hand|[of] p1b: Farigiraf\n|move|p2b: Ninetales|Protect|p2b: Ninetales\n|-singleturn|p2b: Ninetales|Protect\n|move|p1a: Torkoal|Eruption|p2a: Milotic|[spread] p2a\n|-activate|p2b: Ninetales|move: Protect\n|-resisted|p2a: Milotic\n|-damage|p2a: Milotic|16\/100 slp\n|cant|p2a: Milotic|slp\n|\n|-weather|Snow|[upkeep]\n|upkeep\n|turn|4\n|\n|t:|1731797427\n|move|p1b: Farigiraf|Helping Hand|p1a: Torkoal\n|-singleturn|p1a: Torkoal|Helping Hand|[of] p1b: Farigiraf\n|move|p2b: Ninetales|Protect|p2b: Ninetales\n|-singleturn|p2b: Ninetales|Protect\n|move|p1a: Torkoal|Eruption|p2b: Ninetales|[spread] p2a\n|-activate|p2b: Ninetales|move: Protect\n|-resisted|p2a: Milotic\n|-damage|p2a: Milotic|0 fnt\n|faint|p2a: Milotic\n|\n|-weather|Snow|[upkeep]\n|upkeep\n|\n|t:|1731797428\n|switch|p2a: Ursaluna|Ursaluna-Bloodmoon, L50, M|100\/100\n|turn|5\n|j| jdarcan\n|inactive|vgclth cuwutie has 30 seconds left.\n|inactive|vgclth cuwutie has 20 seconds left.\n|inactive|vgclth cuwutie has 15 seconds left.\n|inactive|vgclth cuwutie has 10 seconds left.\n|inactive|vgclth cuwutie has 5 seconds left.\n|\n|t:|1731797480\n|-terastallize|p2a: Ursaluna|Normal\n|move|p1b: Farigiraf|Helping Hand|p1a: Torkoal\n|-singleturn|p1a: Torkoal|Helping Hand|[of] p1b: Farigiraf\n|move|p2b: Ninetales|Protect||[still]\n|-fail|p2b: Ninetales\n|move|p1a: Torkoal|Eruption|p2a: Ursaluna|[spread] p2a,p2b\n|-supereffective|p2b: Ninetales\n|-damage|p2a: Ursaluna|0 fnt\n|-damage|p2b: Ninetales|0 fnt\n|faint|p2a: Ursaluna\n|faint|p2b: Ninetales\n|\n|win|vgclth cuwutie\n|raw|vgclth cuwutie's rating: 1764 &rarr; <strong>1784<\/strong><br \/>(+20 for winning)\n|raw|VGCLTH fangame10's rating: 1758 &rarr; <strong>1738<\/strong><br \/>(-20 for losing)\n|l|\u2606VGCLTH fangame10\n|player|p2|\n|l|\u2606vgclth cuwutie\n|player|p1|\n","uploadtime":1731797652,"views":19,"formatid":"gen9vgc2024regh","rating":1738,"private":0,"password":null}