{"id":"gen9vgc2024regh-2245471579","format":"[Gen 9] VGC 2024 Reg H","players":["pepusiman","VGCLTH fangame"],"log":"|raw|<div class=\"broadcast-blue\"><strong>This battle is required to be public due to a player having a name starting with 'vgclth'.<\/div>\n|j|\u2606pepusiman\n|j|\u2606VGCLTH fangame\n|t:|1731827597\n|gametype|doubles\n|player|p1|pepusiman|102|1792\n|player|p2|VGCLTH fangame|red|1773\n|teamsize|p1|6\n|teamsize|p2|6\n|gen|9\n|tier|[Gen 9] VGC 2024 Reg H\n|rated|\n|rule|Species Clause: Limit one of each Pok\u00e9mon\n|rule|Item Clause: Limit 1 of each item\n|clearpoke\n|poke|p1|Dondozo, L50, M|\n|poke|p1|Tatsugiri, L50, M|\n|poke|p1|Salazzle, L50, F|\n|poke|p1|Archaludon, L50, M|\n|poke|p1|Dragonite, L50, M|\n|poke|p1|Volcarona, L50, F|\n|poke|p2|Glaceon, L50, F|\n|poke|p2|Ninetales-Alola, L50, F|\n|poke|p2|Milotic, L50, M|\n|poke|p2|Incineroar, L50, F|\n|poke|p2|Ursaluna-Bloodmoon, L50, M|\n|poke|p2|Annihilape, L50, M|\n|teampreview|4\n|inactive|Battle timer is ON: inactive players will automatically lose when time's up. (requested by VGCLTH fangame)\n|j| sevenstarsvgc\n|l| sevenstarsvgc\n|inactive|VGCLTH fangame has 60 seconds left.\n|\n|t:|1731827642\n|start\n|switch|p1a: Dondozo|Dondozo, L50, M|100\/100\n|switch|p1b: Archaludon|Archaludon, L50, M|100\/100\n|switch|p2a: Incineroar|Incineroar, L50, F, shiny|100\/100\n|switch|p2b: Ninetales|Ninetales-Alola, L50, F, shiny|100\/100\n|-weather|Snow|[from] ability: Snow Warning|[of] p2b: Ninetales\n|-ability|p2a: Incineroar|Intimidate|boost\n|-unboost|p1a: Dondozo|atk|1\n|-unboost|p1b: Archaludon|atk|1\n|turn|1\n|inactive|pepusiman has 30 seconds left.\n|\n|t:|1731827667\n|-terastallize|p2b: Ninetales|Ghost\n|move|p2b: Ninetales|Aurora Veil|p2b: Ninetales\n|-sidestart|p2: VGCLTH fangame|move: Aurora Veil\n|move|p1b: Archaludon|Flash Cannon|p2b: Ninetales\n|-damage|p2b: Ninetales|69\/100\n|move|p2a: Incineroar|Parting Shot|p1a: Dondozo\n|-unboost|p1a: Dondozo|atk|1\n|-unboost|p1a: Dondozo|spa|1\n|\n|t:|1731827671\n|switch|p2a: Annihilape|Annihilape, L50, M, shiny|100\/100|[from] Parting Shot\n|move|p1a: Dondozo|Yawn|p2b: Ninetales\n|-start|p2b: Ninetales|move: Yawn|[of] p1a: Dondozo\n|\n|-weather|Snow|[upkeep]\n|upkeep\n|turn|2\n|\n|t:|1731827692\n|move|p2b: Ninetales|Icicle Spear|p2a: Annihilape\n|-damage|p2a: Annihilape|96\/100\n|-damage|p2a: Annihilape|91\/100\n|-damage|p2a: Annihilape|87\/100\n|-damage|p2a: Annihilape|83\/100\n|-hitcount|p2a: Annihilape|4\n|move|p2a: Annihilape|Rage Fist|p1a: Dondozo\n|-damage|p1a: Dondozo|50\/100\n|move|p1b: Archaludon|Stealth Rock|p2b: Ninetales\n|-sidestart|p2: VGCLTH fangame|move: Stealth Rock\n|move|p1a: Dondozo|Yawn|p2a: Annihilape\n|-start|p2a: Annihilape|move: Yawn|[of] p1a: Dondozo\n|\n|-weather|Snow|[upkeep]\n|-heal|p2a: Annihilape|89\/100|[from] item: Leftovers\n|-heal|p1a: Dondozo|56\/100|[from] item: Leftovers\n|-end|p2b: Ninetales|move: Yawn|[silent]\n|-status|p2b: Ninetales|slp\n|upkeep\n|turn|3\n|inactive|pepusiman has 30 seconds left.\n|\n|t:|1731827721\n|switch|p2b: Milotic|Milotic, L50, M, shiny|100\/100\n|-damage|p2b: Milotic|88\/100|[from] Stealth Rock\n|move|p2a: Annihilape|Rage Fist|p1b: Archaludon\n|-damage|p1b: Archaludon|20\/100\n|move|p1b: Archaludon|Flash Cannon|p2a: Annihilape\n|-crit|p2a: Annihilape\n|-damage|p2a: Annihilape|30\/100\n|move|p1a: Dondozo|Heavy Slam|p2a: Annihilape\n|-damage|p2a: Annihilape|23\/100\n|\n|-weather|Snow|[upkeep]\n|-heal|p2a: Annihilape|29\/100|[from] item: Leftovers\n|-heal|p1a: Dondozo|62\/100|[from] item: Leftovers\n|-end|p2a: Annihilape|move: Yawn|[silent]\n|-status|p2a: Annihilape|slp\n|upkeep\n|turn|4\n|-enditem|p1b: Archaludon|Custap Berry|[eat]\n|-activate|p1b: Archaludon|item: Custap Berry|[consumed]\n|\n|t:|1731827742\n|switch|p2a: Ninetales|Ninetales-Alola, L50, F, shiny, tera:Ghost|69\/100 slp\n|-damage|p2a: Ninetales|57\/100 slp|[from] Stealth Rock\n|move|p1b: Archaludon|Draco Meteor|p2a: Ninetales|[miss]\n|-miss|p1b: Archaludon|p2a: Ninetales\n|move|p2b: Milotic|Hypnosis|p1b: Archaludon|[miss]\n|-miss|p2b: Milotic|p1b: Archaludon\n|move|p1a: Dondozo|Yawn|p2b: Milotic\n|-start|p2b: Milotic|move: Yawn|[of] p1a: Dondozo\n|\n|-weather|Snow|[upkeep]\n|-heal|p1a: Dondozo|69\/100|[from] item: Leftovers\n|upkeep\n|turn|5\n|\n|t:|1731827764\n|cant|p2a: Ninetales|slp\n|move|p1b: Archaludon|Flash Cannon|p2a: Ninetales\n|-damage|p2a: Ninetales|27\/100 slp\n|move|p2b: Milotic|Hypnosis|p1b: Archaludon\n|-status|p1b: Archaludon|slp|[from] move: Hypnosis\n|move|p1a: Dondozo|Yawn||[still]\n|-fail|p1a: Dondozo\n|\n|-weather|none\n|-heal|p1a: Dondozo|75\/100|[from] item: Leftovers\n|-end|p2b: Milotic|move: Yawn|[silent]\n|-status|p2b: Milotic|slp\n|-sideend|p2: VGCLTH fangame|move: Aurora Veil\n|upkeep\n|turn|6\n|\n|t:|1731827784\n|switch|p1b: Volcarona|Volcarona, L50, F|100\/100\n|-curestatus|p2a: Ninetales|slp|[msg]\n|move|p2a: Ninetales|Blizzard|p1a: Dondozo|[spread] p1a\n|-miss|p2a: Ninetales|p1b: Volcarona\n|-resisted|p1a: Dondozo\n|-damage|p1a: Dondozo|64\/100\n|cant|p2b: Milotic|slp\n|move|p1a: Dondozo|Heavy Slam|p2a: Ninetales\n|-damage|p2a: Ninetales|7\/100\n|\n|-heal|p1a: Dondozo|71\/100|[from] item: Leftovers\n|upkeep\n|turn|7\n|inactive|pepusiman has 30 seconds left.\n|\n|t:|1731827813\n|move|p2a: Ninetales|Blizzard|p1a: Dondozo|[spread] \n|-miss|p2a: Ninetales|p1a: Dondozo\n|-miss|p2a: Ninetales|p1b: Volcarona\n|move|p1b: Volcarona|Heat Wave|p2a: Ninetales|[spread] p2a,p2b\n|-resisted|p2b: Milotic\n|-damage|p2a: Ninetales|0 fnt\n|-damage|p2b: Milotic|77\/100 slp\n|faint|p2a: Ninetales\n|-curestatus|p2b: Milotic|slp|[msg]\n|move|p2b: Milotic|Hypnosis|p1b: Volcarona\n|-status|p1b: Volcarona|slp|[from] move: Hypnosis\n|move|p1a: Dondozo|Body Press|p2b: Milotic\n|-damage|p2b: Milotic|52\/100\n|\n|-heal|p1a: Dondozo|77\/100|[from] item: Leftovers\n|upkeep\n|\n|t:|1731827823\n|switch|p2a: Annihilape|Annihilape, L50, M, shiny|29\/100 slp\n|-damage|p2a: Annihilape|23\/100 slp|[from] Stealth Rock\n|turn|8\n|\n|t:|1731827837\n|cant|p2a: Annihilape|slp\n|cant|p1b: Volcarona|slp\n|move|p2b: Milotic|Life Dew|p2b: Milotic|[spread] p2a,p2b\n|-heal|p2a: Annihilape|48\/100 slp\n|-heal|p2b: Milotic|77\/100\n|move|p1a: Dondozo|Yawn|p2b: Milotic\n|-start|p2b: Milotic|move: Yawn|[of] p1a: Dondozo\n|\n|-heal|p2a: Annihilape|53\/100 slp|[from] item: Leftovers\n|-heal|p1a: Dondozo|83\/100|[from] item: Leftovers\n|upkeep\n|turn|9\n|\n|t:|1731827855\n|switch|p2b: Incineroar|Incineroar, L50, F, shiny|100\/100\n|-damage|p2b: Incineroar|76\/100|[from] Stealth Rock\n|-ability|p2b: Incineroar|Intimidate|boost\n|-unboost|p1a: Dondozo|atk|1\n|-unboost|p1b: Volcarona|atk|1\n|switch|p1a: Dragonite|Dragonite, L50, M|100\/100\n|cant|p2a: Annihilape|slp\n|cant|p1b: Volcarona|slp\n|\n|-heal|p2a: Annihilape|59\/100 slp|[from] item: Leftovers\n|upkeep\n|turn|10\n|inactive|VGCLTH fangame has 30 seconds left.\n|inactive|VGCLTH fangame has 20 seconds left.\n|inactive|VGCLTH fangame has 15 seconds left.\n|inactive|VGCLTH fangame has 10 seconds left.\n|inactive|VGCLTH fangame has 5 seconds left.\n|\n|t:|1731827910\n|move|p1a: Dragonite|Protect|p1a: Dragonite\n|-singleturn|p1a: Dragonite|Protect\n|move|p2b: Incineroar|Fake Out|p1b: Volcarona\n|-damage|p1b: Volcarona|86\/100 slp\n|-curestatus|p2a: Annihilape|slp|[msg]\n|move|p2a: Annihilape|Rage Fist|p1a: Dragonite\n|-activate|p1a: Dragonite|move: Protect\n|cant|p1b: Volcarona|slp\n|\n|-heal|p2a: Annihilape|65\/100|[from] item: Leftovers\n|upkeep\n|turn|11\n|\n|t:|1731827934\n|-terastallize|p1a: Dragonite|Normal\n|move|p2a: Annihilape|Rage Fist|p1b: Volcarona\n|-damage|p1b: Volcarona|0 fnt\n|-status|p2a: Annihilape|brn|[from] ability: Flame Body|[of] p1b: Volcarona\n|faint|p1b: Volcarona\n|move|p1a: Dragonite|Scale Shot|p2a: Annihilape|[miss]\n|-miss|p1a: Dragonite|p2a: Annihilape\n|move|p2b: Incineroar|Knock Off|p1a: Dragonite\n|-damage|p1a: Dragonite|74\/100\n|-enditem|p1a: Dragonite|Loaded Dice|[from] move: Knock Off|[of] p2b: Incineroar\n|\n|-heal|p2a: Annihilape|71\/100 brn|[from] item: Leftovers\n|-damage|p2a: Annihilape|65\/100 brn|[from] brn\n|upkeep\n|\n|t:|1731827951\n|switch|p1b: Dondozo|Dondozo, L50, M|83\/100\n|turn|12\n|inactive|VGCLTH fangame has 30 seconds left.\n|\n|t:|1731827983\n|move|p2a: Annihilape|Drain Punch|p1a: Dragonite\n|-supereffective|p1a: Dragonite\n|-damage|p1a: Dragonite|38\/100\n|-heal|p2a: Annihilape|79\/100 brn|[from] drain|[of] p1a: Dragonite\n|move|p1a: Dragonite|Low Kick|p2b: Incineroar\n|-supereffective|p2b: Incineroar\n|-damage|p2b: Incineroar|16\/100\n|move|p2b: Incineroar|Parting Shot|p1a: Dragonite\n|-unboost|p1a: Dragonite|atk|1\n|-unboost|p1a: Dragonite|spa|1\n|\n|t:|1731827985\n|switch|p2b: Milotic|Milotic, L50, M, shiny|77\/100|[from] Parting Shot\n|-damage|p2b: Milotic|64\/100|[from] Stealth Rock\n|move|p1b: Dondozo|Body Press|p2b: Milotic\n|-damage|p2b: Milotic|39\/100\n|-enditem|p2b: Milotic|Sitrus Berry|[eat]\n|-heal|p2b: Milotic|64\/100|[from] item: Sitrus Berry\n|\n|-heal|p2a: Annihilape|85\/100 brn|[from] item: Leftovers\n|-heal|p1b: Dondozo|89\/100|[from] item: Leftovers\n|-damage|p2a: Annihilape|79\/100 brn|[from] brn\n|upkeep\n|turn|13\n|inactive|pepusiman has 30 seconds left.\n|-message|pepusiman forfeited.\n|\n|win|VGCLTH fangame\n|raw|pepusiman's rating: 1792 &rarr; <strong>1771<\/strong><br \/>(-21 for losing)\n|raw|VGCLTH fangame's rating: 1773 &rarr; <strong>1794<\/strong><br \/>(+21 for winning)\n|l|\u2606pepusiman\n|player|p1|\n|l|\u2606VGCLTH fangame\n|player|p2|\n","uploadtime":1731828201,"views":11,"formatid":"gen9vgc2024regh","rating":1771,"private":0,"password":null}