{"id":"gen9vgc2024regh-2245107770","format":"[Gen 9] VGC 2024 Reg H","players":["ye979402","jdarcan"],"log":"|j|\u2606ye979402\n|j|\u2606jdarcan\n|t:|1731777609\n|gametype|doubles\n|player|p1|ye979402|265|1701\n|player|p2|jdarcan|pokemonranger|1713\n|teamsize|p1|6\n|teamsize|p2|6\n|gen|9\n|tier|[Gen 9] VGC 2024 Reg H\n|rated|\n|rule|Species Clause: Limit one of each Pok\u00e9mon\n|rule|Item Clause: Limit 1 of each item\n|clearpoke\n|poke|p1|Tyranitar, L50, F|\n|poke|p1|Excadrill, L50, F|\n|poke|p1|Primarina, L50, M|\n|poke|p1|Talonflame, L50, M|\n|poke|p1|Corviknight, L50, M|\n|poke|p1|Dragonite, L50, M|\n|poke|p2|Kilowattrel, L50, F|\n|poke|p2|Garchomp, L50, M|\n|poke|p2|Tsareena, L50, F|\n|poke|p2|Arcanine-Hisui, L50, F|\n|poke|p2|Ninetales-Alola, L50, M|\n|poke|p2|Gholdengo, L50|\n|teampreview|4\n|\n|t:|1731777672\n|start\n|switch|p1a: Talonflame|Talonflame, L50, M, shiny|100\/100\n|switch|p1b: Primarina|Primarina, L50, M, shiny|100\/100\n|switch|p2a: Kilowattrel|Kilowattrel, L50, F|100\/100\n|switch|p2b: Arcanine|Arcanine-Hisui, L50, F|100\/100\n|-ability|p2b: Arcanine|Intimidate|boost\n|-unboost|p1a: Talonflame|atk|1\n|-unboost|p1b: Primarina|atk|1\n|turn|1\n|\n|t:|1731777734\n|-terastallize|p2b: Arcanine|Grass\n|move|p1a: Talonflame|Tailwind|p1a: Talonflame\n|-sidestart|p1: ye979402|move: Tailwind\n|move|p2a: Kilowattrel|Tailwind|p2a: Kilowattrel\n|-sidestart|p2: jdarcan|move: Tailwind\n|move|p2b: Arcanine|Rock Slide|p1b: Primarina|[spread] p1a,p1b\n|-supereffective|p1a: Talonflame\n|-damage|p1a: Talonflame|0 fnt\n|-damage|p1b: Primarina|75\/100\n|faint|p1a: Talonflame\n|move|p1b: Primarina|Hyper Voice|p2a: Kilowattrel|[spread] p2a,p2b\n|-resisted|p2b: Arcanine\n|-damage|p2a: Kilowattrel|41\/100\n|-damage|p2b: Arcanine|88\/100\n|-enditem|p1b: Primarina|Throat Spray\n|-boost|p1b: Primarina|spa|1|[from] item: Throat Spray\n|\n|upkeep\n|\n|t:|1731777752\n|switch|p1a: Tyranitar|Tyranitar, L50, F, shiny|100\/100\n|-weather|Sandstorm|[from] ability: Sand Stream|[of] p1a: Tyranitar\n|turn|2\n|\n|t:|1731777800\n|switch|p2b: Garchomp|Garchomp, L50, M|100\/100\n|move|p1b: Primarina|Protect|p1b: Primarina\n|-singleturn|p1b: Primarina|Protect\n|move|p2a: Kilowattrel|Thunderbolt|p1b: Primarina\n|-activate|p1b: Primarina|move: Protect\n|move|p1a: Tyranitar|Rock Slide|p2a: Kilowattrel|[spread] p2b\n|-miss|p1a: Tyranitar|p2a: Kilowattrel\n|-resisted|p2b: Garchomp\n|-damage|p2b: Garchomp|76\/100\n|\n|-weather|Sandstorm|[upkeep]\n|-damage|p2a: Kilowattrel|35\/100|[from] Sandstorm\n|-damage|p1b: Primarina|69\/100|[from] Sandstorm\n|upkeep\n|turn|3\n|\n|t:|1731777828\n|-terastallize|p1b: Primarina|Grass\n|move|p2a: Kilowattrel|Thunderbolt|p1b: Primarina\n|-resisted|p1b: Primarina\n|-damage|p1b: Primarina|52\/100\n|move|p2b: Garchomp|Earthquake|p1a: Tyranitar|[spread] p1a,p1b\n|-immune|p2a: Kilowattrel\n|-supereffective|p1a: Tyranitar\n|-crit|p1a: Tyranitar\n|-resisted|p1b: Primarina\n|-damage|p1a: Tyranitar|0 fnt\n|-damage|p1b: Primarina|27\/100\n|faint|p1a: Tyranitar\n|-damage|p2b: Garchomp|66\/100|[from] item: Life Orb\n|move|p1b: Primarina|Hyper Voice|p2b: Garchomp|[spread] p2a,p2b\n|-damage|p2a: Kilowattrel|0 fnt\n|-damage|p2b: Garchomp|10\/100\n|faint|p2a: Kilowattrel\n|\n|-weather|Sandstorm|[upkeep]\n|-damage|p1b: Primarina|21\/100|[from] Sandstorm\n|upkeep\n|\n|t:|1731777847\n|switch|p2a: Ninetales|Ninetales-Alola, L50, M|100\/100\n|switch|p1a: Excadrill|Excadrill, L50, F, shiny|100\/100\n|-weather|Snow|[from] ability: Snow Warning|[of] p2a: Ninetales\n|turn|4\n|\n|t:|1731777874\n|move|p2a: Ninetales|Protect|p2a: Ninetales\n|-singleturn|p2a: Ninetales|Protect\n|move|p1b: Primarina|Protect|p1b: Primarina\n|-singleturn|p1b: Primarina|Protect\n|move|p2b: Garchomp|Earthquake|p1a: Excadrill|[spread] p1a\n|-activate|p2a: Ninetales|move: Protect\n|-activate|p1b: Primarina|move: Protect\n|-supereffective|p1a: Excadrill\n|-enditem|p1a: Excadrill|Focus Sash\n|-damage|p1a: Excadrill|1\/100\n|-damage|p2b: Garchomp|0 fnt|[from] item: Life Orb\n|faint|p2b: Garchomp\n|move|p1a: Excadrill|Iron Head|p2a: Ninetales\n|-activate|p2a: Ninetales|move: Protect\n|\n|-weather|Snow|[upkeep]\n|-sideend|p2: jdarcan|move: Tailwind\n|-sideend|p1: ye979402|move: Tailwind\n|upkeep\n|\n|t:|1731777892\n|switch|p2b: Arcanine|Arcanine-Hisui, L50, F, tera:Grass|88\/100\n|-ability|p2b: Arcanine|Intimidate|boost\n|-unboost|p1a: Excadrill|atk|1\n|-unboost|p1b: Primarina|atk|1\n|turn|5\n|\n|t:|1731777902\n|move|p2a: Ninetales|Blizzard|p1a: Excadrill|[spread] p1a,p1b\n|-supereffective|p1b: Primarina\n|-damage|p1a: Excadrill|0 fnt\n|-damage|p1b: Primarina|0 fnt\n|faint|p1a: Excadrill\n|faint|p1b: Primarina\n|\n|win|jdarcan\n|raw|ye979402's rating: 1701 &rarr; <strong>1682<\/strong><br \/>(-19 for losing)\n|raw|jdarcan's rating: 1713 &rarr; <strong>1732<\/strong><br \/>(+19 for winning)\n|l|\u2606ye979402\n|player|p1|\n|l|\u2606jdarcan\n|player|p2|\n","uploadtime":1731778074,"views":10,"formatid":"gen9vgc2024regh","rating":1682,"private":0,"password":null}