{"id":"gen9vgc2024regh-2245011606","format":"[Gen 9] VGC 2024 Reg H","players":["Amire","emu2567"],"log":"|j|\u2606Amire\n|j|\u2606emu2567\n|t:|1731764214\n|gametype|doubles\n|player|p1|Amire|flint|1687\n|player|p2|emu2567|acetrainerf|1843\n|teamsize|p1|6\n|teamsize|p2|6\n|gen|9\n|tier|[Gen 9] VGC 2024 Reg H\n|rated|\n|rule|Species Clause: Limit one of each Pok\u00e9mon\n|rule|Item Clause: Limit 1 of each item\n|clearpoke\n|poke|p1|Gholdengo, L50|\n|poke|p1|Stonjourner, L50, F|\n|poke|p1|Talonflame, L50, F|\n|poke|p1|Ursaluna-Bloodmoon, L50, M|\n|poke|p1|Dragonite, L50, F|\n|poke|p1|Rillaboom, L50, F|\n|poke|p2|Gastrodon, L50, F|\n|poke|p2|Farigiraf, L50, F|\n|poke|p2|Grimmsnarl, L50, M|\n|poke|p2|Annihilape, L50, M|\n|poke|p2|Incineroar, L50, F|\n|poke|p2|Ursaluna-Bloodmoon, L50, M|\n|teampreview|4\nAmire has agreed to open team sheets.\n|inactive|Battle timer is ON: inactive players will automatically lose when time's up. (requested by Amire)\n|inactive|Amire has 60 seconds left.\n|\n|t:|1731764282\n|start\n|switch|p1a: Stonjourner|Stonjourner, L50, F, shiny|100\/100\n|switch|p1b: Ursaluna|Ursaluna-Bloodmoon, L50, M|100\/100\n|switch|p2a: Farigiraf|Farigiraf, L50, F|100\/100\n|switch|p2b: Incineroar|Incineroar, L50, F|100\/100\n|turn|1\n|c|\u2606Amire|Blaze=\n|inactive|Amire has 30 seconds left.\n|\n|t:|1731764312\n|move|p2b: Incineroar|Fake Out|p1b: Ursaluna\n|-damage|p1b: Ursaluna|90\/100\n|move|p1a: Stonjourner|Rock Slide|p2b: Incineroar|[spread] p2b\n|-miss|p1a: Stonjourner|p2a: Farigiraf\n|-supereffective|p2b: Incineroar\n|-damage|p2b: Incineroar|38\/100\n|-enditem|p2b: Incineroar|Weakness Policy\n|-boost|p2b: Incineroar|atk|2|[from] item: Weakness Policy\n|-boost|p2b: Incineroar|spa|2|[from] item: Weakness Policy\n|cant|p1b: Ursaluna|flinch\n|move|p2a: Farigiraf|Trick Room|p2a: Farigiraf\n|-fieldstart|move: Trick Room|[of] p2a: Farigiraf\n|\n|upkeep\n|turn|2\n|\n|t:|1731764338\n|-terastallize|p1b: Ursaluna|Water\n|move|p2a: Farigiraf|Psychic Noise|p1a: Stonjourner\n|-damage|p1a: Stonjourner|13\/100\n|-start|p1a: Stonjourner|move: Heal Block\n|move|p2b: Incineroar|Close Combat|p1b: Ursaluna\n|-damage|p1b: Ursaluna|24\/100\n|-unboost|p2b: Incineroar|def|1\n|-unboost|p2b: Incineroar|spd|1\n|move|p1b: Ursaluna|Blood Moon|p2a: Farigiraf\n|-damage|p2a: Farigiraf|4\/100\n|move|p1a: Stonjourner|Rock Slide|p2a: Farigiraf|[spread] p2a,p2b\n|-supereffective|p2b: Incineroar\n|-damage|p2a: Farigiraf|0 fnt\n|-damage|p2b: Incineroar|0 fnt\n|faint|p2a: Farigiraf\n|faint|p2b: Incineroar\n|\n|upkeep\n|\n|t:|1731764360\n|switch|p2a: Ursaluna|Ursaluna-Bloodmoon, L50, M|100\/100\n|switch|p2b: Annihilape|Annihilape, L50, M|100\/100\n|turn|3\n|inactive|Amire has 30 seconds left.\n|\n|t:|1731764385\n|move|p1b: Ursaluna|Vacuum Wave|p2a: Ursaluna\n|-supereffective|p2a: Ursaluna\n|-damage|p2a: Ursaluna|58\/100\n|move|p2a: Ursaluna|Hyper Voice|p1a: Stonjourner|[spread] p1a,p1b\n|-resisted|p1a: Stonjourner\n|-damage|p1a: Stonjourner|0 fnt\n|-damage|p1b: Ursaluna|0 fnt\n|faint|p1a: Stonjourner\n|faint|p1b: Ursaluna\n|move|p2b: Annihilape|Drain Punch|p1: Stonjourner|[notarget]\n|-fail|p2b: Annihilape\n|\n|upkeep\n|\n|t:|1731764395\n|switch|p1b: Gholdengo|Gholdengo, L50|100\/100\n|switch|p1a: Rillaboom|Rillaboom, L50, F|100\/100\n|-fieldstart|move: Grassy Terrain|[from] ability: Grassy Surge|[of] p1a: Rillaboom\n|turn|4\n|\n|t:|1731764409\n|-terastallize|p2b: Annihilape|Steel\n|move|p1a: Rillaboom|Fake Out|p2a: Ursaluna\n|-damage|p2a: Ursaluna|48\/100\n|cant|p2a: Ursaluna|flinch\n|move|p2b: Annihilape|Bulk Up|p2b: Annihilape\n|-boost|p2b: Annihilape|atk|1\n|-boost|p2b: Annihilape|def|1\n|move|p1b: Gholdengo|Shadow Ball|p2b: Annihilape\n|-damage|p2b: Annihilape|50\/100\n|-damage|p1b: Gholdengo|91\/100|[from] item: Life Orb\n|\n|-heal|p2a: Ursaluna|54\/100|[from] Grassy Terrain\n|-heal|p2b: Annihilape|56\/100|[from] Grassy Terrain\n|-heal|p1b: Gholdengo|97\/100|[from] Grassy Terrain\n|upkeep\n|turn|5\n|inactive|emu2567 has 30 seconds left.\n|inactive|emu2567 has 20 seconds left.\n|inactive|emu2567 has 15 seconds left.\n|inactive|emu2567 has 10 seconds left.\n|inactive|emu2567 has 5 seconds left.\n|\n|t:|1731764465\n|move|p1b: Gholdengo|Protect|p1b: Gholdengo\n|-singleturn|p1b: Gholdengo|Protect\n|move|p1a: Rillaboom|Grassy Glide|p2a: Ursaluna\n|-supereffective|p2a: Ursaluna\n|-damage|p2a: Ursaluna|0 fnt\n|faint|p2a: Ursaluna\n|move|p2b: Annihilape|Drain Punch|p1b: Gholdengo\n|-activate|p1b: Gholdengo|move: Protect\n|\n|-heal|p2b: Annihilape|62\/100|[from] Grassy Terrain\n|-heal|p1b: Gholdengo|100\/100|[from] Grassy Terrain\n|-fieldend|move: Trick Room\n|upkeep\n|turn|6\n|inactive|emu2567 has 30 seconds left.\n|inactive|emu2567 has 20 seconds left.\n|inactive|emu2567 has 15 seconds left.\n|inactive|emu2567 has 10 seconds left.\n|inactive|emu2567 has 5 seconds left.\n|\n|t:|1731764520\n|move|p1b: Gholdengo|Shadow Ball|p2b: Annihilape\n|-damage|p2b: Annihilape|13\/100\n|-damage|p1b: Gholdengo|91\/100|[from] item: Life Orb\n|move|p1a: Rillaboom|High Horsepower|p2b: Annihilape\n|-supereffective|p2b: Annihilape\n|-damage|p2b: Annihilape|0 fnt\n|faint|p2b: Annihilape\n|\n|win|Amire\n|raw|Amire's rating: 1687 &rarr; <strong>1715<\/strong><br \/>(+28 for winning)\n|raw|emu2567's rating: 1843 &rarr; <strong>1815<\/strong><br \/>(-28 for losing)\n|c|\u2606Amire|gg\n|l|\u2606emu2567\n|player|p2|\n|l|\u2606Amire\n|player|p1|\n","uploadtime":1731764787,"views":43,"formatid":"gen9vgc2024regh","rating":1715,"private":0,"password":null}