{"id":"gen9vgc2024regh-2245271400","format":"[Gen 9] VGC 2024 Reg H","players":["CabbageConnoisseur","VGCLTH low laddr"],"log":"|raw|<div class=\"broadcast-blue\"><strong>This battle is required to be public due to a player having a name starting with 'vgclth'.<\/div>\n|j|\u2606CabbageConnoisseur\n|j|\u2606VGCLTH low laddr\n|t:|1731797986\n|gametype|doubles\n|player|p1|CabbageConnoisseur|266|1754\n|player|p2|VGCLTH low laddr|lucas|1769\n|teamsize|p1|6\n|teamsize|p2|6\n|gen|9\n|tier|[Gen 9] VGC 2024 Reg H\n|rated|\n|rule|Species Clause: Limit one of each Pok\u00e9mon\n|rule|Item Clause: Limit 1 of each item\n|clearpoke\n|poke|p1|Ursaluna-Bloodmoon, L50, M|\n|poke|p1|Grimmsnarl, L50, M|\n|poke|p1|Archaludon, L50, M|\n|poke|p1|Ninetales-Alola, L50, M|\n|poke|p1|Annihilape, L50, M|\n|poke|p1|Magmar, L50, M|\n|poke|p2|Sneasler, L50, M|\n|poke|p2|Ursaluna-Bloodmoon, L50, M|\n|poke|p2|Incineroar, L50, M|\n|poke|p2|Gholdengo, L50|\n|poke|p2|Rillaboom, L50, M|\n|poke|p2|Dragonite, L50, F|\n|teampreview|4\n|inactive|Battle timer is ON: inactive players will automatically lose when time's up. (requested by VGCLTH low laddr)\n|inactive|VGCLTH low laddr has 60 seconds left.\n|\n|t:|1731798021\n|start\n|switch|p1a: Grimmsnarl|Grimmsnarl, L50, M|100\/100\n|switch|p1b: Annihilape|Annihilape, L50, M|100\/100\n|switch|p2a: Gholdengo|Gholdengo, L50|100\/100\n|switch|p2b: Rillaboom|Rillaboom, L50, M|100\/100\n|-fieldstart|move: Grassy Terrain|[from] ability: Grassy Surge|[of] p2b: Rillaboom\n|turn|1\n|\n|t:|1731798034\n|-terastallize|p1b: Annihilape|Water\n|move|p1a: Grimmsnarl|Light Screen|p1a: Grimmsnarl\n|-sidestart|p1: CabbageConnoisseur|move: Light Screen\n|move|p2a: Gholdengo|Nasty Plot|p2a: Gholdengo\n|-boost|p2a: Gholdengo|spa|2\n|move|p1b: Annihilape|Bulk Up|p1b: Annihilape\n|-boost|p1b: Annihilape|atk|1\n|-boost|p1b: Annihilape|def|1\n|move|p2b: Rillaboom|Wood Hammer|p1b: Annihilape\n|-supereffective|p1b: Annihilape\n|-damage|p1b: Annihilape|4\/100\n|-damage|p2b: Rillaboom|69\/100|[from] Recoil\n|\n|-heal|p1b: Annihilape|11\/100|[from] Grassy Terrain\n|-heal|p1b: Annihilape|17\/100|[from] item: Leftovers\n|-heal|p2b: Rillaboom|74\/100|[from] Grassy Terrain\n|upkeep\n|turn|2\n|\n|t:|1731798054\n|switch|p1a: Ninetales|Ninetales-Alola, L50, M|100\/100\n|-weather|Snow|[from] ability: Snow Warning|[of] p1a: Ninetales\n|move|p1b: Annihilape|Protect|p1b: Annihilape\n|-singleturn|p1b: Annihilape|Protect\n|move|p2b: Rillaboom|Grassy Glide|p1b: Annihilape\n|-activate|p1b: Annihilape|move: Protect\n|move|p2a: Gholdengo|Make It Rain|p1b: Annihilape|[spread] p1a\n|-activate|p1b: Annihilape|move: Protect\n|-supereffective|p1a: Ninetales\n|-damage|p1a: Ninetales|0 fnt\n|-unboost|p2a: Gholdengo|spa|1\n|faint|p1a: Ninetales\n|-damage|p2a: Gholdengo|91\/100|[from] item: Life Orb\n|\n|-weather|Snow|[upkeep]\n|-heal|p2a: Gholdengo|97\/100|[from] Grassy Terrain\n|-heal|p1b: Annihilape|23\/100|[from] Grassy Terrain\n|-heal|p1b: Annihilape|29\/100|[from] item: Leftovers\n|-heal|p2b: Rillaboom|80\/100|[from] Grassy Terrain\n|upkeep\n|\n|t:|1731798059\n|switch|p1a: Magmar|Magmar, L50, M|100\/100\n|turn|3\n|j| jdarcan\n|\n|t:|1731798083\n|move|p1a: Magmar|Follow Me|p1a: Magmar\n|-singleturn|p1a: Magmar|move: Follow Me\n|move|p2a: Gholdengo|Make It Rain|p1b: Annihilape|[spread] p1a,p1b\n|-resisted|p1a: Magmar\n|-resisted|p1b: Annihilape\n|-damage|p1a: Magmar|78\/100\n|-damage|p1b: Annihilape|4\/100\n|-unboost|p2a: Gholdengo|spa|1\n|-damage|p2a: Gholdengo|87\/100|[from] item: Life Orb\n|move|p1b: Annihilape|Drain Punch|p2b: Rillaboom\n|-crit|p2b: Rillaboom\n|-damage|p2b: Rillaboom|3\/100\n|-heal|p1b: Annihilape|43\/100|[from] drain|[of] p2b: Rillaboom\n|move|p2b: Rillaboom|U-turn|p1a: Magmar\n|-resisted|p1a: Magmar\n|-damage|p1a: Magmar|70\/100\n|\n|t:|1731798091\n|switch|p2b: Sneasler|Sneasler, L50, M|100\/100|[from] U-turn\n|\n|-weather|Snow|[upkeep]\n|-heal|p2a: Gholdengo|93\/100|[from] Grassy Terrain\n|-heal|p1b: Annihilape|49\/100|[from] Grassy Terrain\n|-heal|p1b: Annihilape|55\/100|[from] item: Leftovers\n|-heal|p1a: Magmar|75\/100|[from] Grassy Terrain\n|upkeep\n|turn|4\n|\n|t:|1731798112\n|-terastallize|p2b: Sneasler|Stellar\n|move|p2b: Sneasler|Close Combat|p1b: Annihilape\n|-damage|p1b: Annihilape|0 fnt\n|-unboost|p2b: Sneasler|def|1\n|-unboost|p2b: Sneasler|spd|1\n|faint|p1b: Annihilape\n|move|p2a: Gholdengo|Make It Rain|p1a: Magmar\n|-resisted|p1a: Magmar\n|-damage|p1a: Magmar|57\/100\n|-unboost|p2a: Gholdengo|spa|1\n|-damage|p2a: Gholdengo|83\/100|[from] item: Life Orb\n|move|p1a: Magmar|Heat Wave|p2a: Gholdengo|[spread] p2a,p2b\n|-supereffective|p2a: Gholdengo\n|-damage|p2a: Gholdengo|34\/100\n|-damage|p2b: Sneasler|54\/100\n|\n|-weather|Snow|[upkeep]\n|-heal|p2b: Sneasler|59\/100|[from] Grassy Terrain\n|-heal|p2a: Gholdengo|40\/100|[from] Grassy Terrain\n|-heal|p1a: Magmar|63\/100|[from] Grassy Terrain\n|upkeep\n|\n|t:|1731798117\n|switch|p1b: Grimmsnarl|Grimmsnarl, L50, M|100\/100\n|turn|5\n|\n|t:|1731798124\n|switch|p2a: Incineroar|Incineroar, L50, M|100\/100\n|-ability|p2a: Incineroar|Intimidate|boost\n|-unboost|p1a: Magmar|atk|1\n|-unboost|p1b: Grimmsnarl|atk|1\n|move|p1b: Grimmsnarl|Thunder Wave|p2b: Sneasler\n|-status|p2b: Sneasler|par\n|move|p1a: Magmar|Heat Wave|p2b: Sneasler|[spread] p2a,p2b\n|-resisted|p2a: Incineroar\n|-damage|p2a: Incineroar|91\/100\n|-damage|p2b: Sneasler|6\/100 par\n|move|p2b: Sneasler|Dire Claw|p1b: Grimmsnarl\n|-supereffective|p1b: Grimmsnarl\n|-damage|p1b: Grimmsnarl|0 fnt\n|faint|p1b: Grimmsnarl\n|\n|-weather|Snow|[upkeep]\n|-heal|p1a: Magmar|69\/100|[from] Grassy Terrain\n|-heal|p2b: Sneasler|11\/100 par|[from] Grassy Terrain\n|-heal|p2a: Incineroar|97\/100|[from] Grassy Terrain\n|-fieldend|move: Grassy Terrain\n|upkeep\n|turn|6\n|\n|t:|1731798136\n|switch|p2b: Rillaboom|Rillaboom, L50, M|3\/100\n|-fieldstart|move: Grassy Terrain|[from] ability: Grassy Surge|[of] p2b: Rillaboom\n|move|p1a: Magmar|Protect|p1a: Magmar\n|-singleturn|p1a: Magmar|Protect\n|move|p2a: Incineroar|Fake Out|p1a: Magmar\n|-activate|p1a: Magmar|move: Protect\n|\n|-weather|none\n|-heal|p1a: Magmar|75\/100|[from] Grassy Terrain\n|-heal|p2b: Rillaboom|9\/100|[from] Grassy Terrain\n|-heal|p2a: Incineroar|100\/100|[from] Grassy Terrain\n|upkeep\n|turn|7\n|-message|CabbageConnoisseur forfeited.\n|\n|win|VGCLTH low laddr\n|raw|CabbageConnoisseur's rating: 1754 &rarr; <strong>1735<\/strong><br \/>(-19 for losing)\n|raw|VGCLTH low laddr's rating: 1769 &rarr; <strong>1788<\/strong><br \/>(+19 for winning)\n|l|\u2606CabbageConnoisseur\n|player|p1|\n|l|\u2606VGCLTH low laddr\n|player|p2|\n","uploadtime":1731798147,"views":17,"formatid":"gen9vgc2024regh","rating":1735,"private":0,"password":null}