{"id":"gen9vgc2024regh-2245896074","format":"[Gen 9] VGC 2024 Reg H","players":["VGCLTH Sac gaming","don't use magmar"],"log":"|raw|<div class=\"broadcast-blue\"><strong>This battle is required to be public due to a player having a name starting with 'vgclth'.<\/div>\n|j|\u2606VGCLTH Sac gaming\n|j|\u2606don't use magmar\n|t:|1731889969\n|gametype|doubles\n|player|p1|VGCLTH Sac gaming|steven|1733\n|player|p2|don't use magmar|lucas|1720\n|teamsize|p1|6\n|teamsize|p2|6\n|gen|9\n|tier|[Gen 9] VGC 2024 Reg H\n|rated|\n|rule|Species Clause: Limit one of each Pok\u00e9mon\n|rule|Item Clause: Limit 1 of each item\n|clearpoke\n|poke|p1|Whimsicott, L50, M|\n|poke|p1|Dragonite, L50, M|\n|poke|p1|Ursaluna-Bloodmoon, L50, M|\n|poke|p1|Gholdengo, L50|\n|poke|p1|Incineroar, L50, M|\n|poke|p1|Annihilape, L50, F|\n|poke|p2|Incineroar, L50, F|\n|poke|p2|Amoonguss, L50, M|\n|poke|p2|Gholdengo, L50|\n|poke|p2|Sneasler, L50, F|\n|poke|p2|Ursaluna-Bloodmoon, L50, M|\n|poke|p2|Palafin, L50, F|\n|teampreview|4\n|\n|t:|1731889989\n|start\n|switch|p1a: Annihilape|Annihilape, L50, F|100\/100\n|switch|p1b: Dragonite|Dragonite, L50, M|100\/100\n|switch|p2a: Palafin|Palafin, L50, F|100\/100\n|switch|p2b: Ursaluna|Ursaluna-Bloodmoon, L50, M|100\/100\n|turn|1\n|j| Therazer456\n|\n|t:|1731890001\n|detailschange|p2a: Palafin|Palafin-Hero, L50, F\n|switch|p2a: Incineroar|Incineroar, L50, F|100\/100\n|-ability|p2a: Incineroar|Intimidate|boost\n|-unboost|p1a: Annihilape|atk|1\n|-ability|p1a: Annihilape|Defiant|boost\n|-boost|p1a: Annihilape|atk|2\n|-unboost|p1b: Dragonite|atk|1\n|switch|p2b: Gholdengo|Gholdengo, L50|100\/100\n|move|p1a: Annihilape|Close Combat|p2b: Gholdengo\n|-immune|p2b: Gholdengo\n|move|p1b: Dragonite|Scale Shot|p2b: Gholdengo\n|-resisted|p2b: Gholdengo\n|-damage|p2b: Gholdengo|95\/100\n|-resisted|p2b: Gholdengo\n|-damage|p2b: Gholdengo|89\/100\n|-resisted|p2b: Gholdengo\n|-damage|p2b: Gholdengo|84\/100\n|-resisted|p2b: Gholdengo\n|-damage|p2b: Gholdengo|78\/100\n|-hitcount|p2b: Gholdengo|4\n|-unboost|p1b: Dragonite|def|1\n|-boost|p1b: Dragonite|spe|1\n|\n|upkeep\n|turn|2\n|\n|t:|1731890032\n|move|p1b: Dragonite|Protect|p1b: Dragonite\n|-singleturn|p1b: Dragonite|Protect\n|move|p2a: Incineroar|Fake Out|p1b: Dragonite\n|-activate|p1b: Dragonite|move: Protect\n|move|p2b: Gholdengo|Make It Rain|p1b: Dragonite|[spread] p1a\n|-activate|p1b: Dragonite|move: Protect\n|-damage|p1a: Annihilape|54\/100\n|-unboost|p2b: Gholdengo|spa|1\n|move|p1a: Annihilape|Rage Fist|p2b: Gholdengo\n|-supereffective|p2b: Gholdengo\n|-damage|p2b: Gholdengo|0 fnt\n|faint|p2b: Gholdengo\n|\n|upkeep\n|\n|t:|1731890035\n|switch|p2b: Palafin|Palafin-Hero, L50, F|100\/100\n|-activate|p2b: Palafin|ability: Zero to Hero\n|turn|3\n|j| vgclth souly\n|\n|t:|1731890054\n|-terastallize|p2b: Palafin|Water\n|move|p2b: Palafin|Jet Punch|p1a: Annihilape\n|-damage|p1a: Annihilape|0 fnt\n|faint|p1a: Annihilape\n|move|p1b: Dragonite|Scale Shot|p2b: Palafin\n|-damage|p2b: Palafin|91\/100\n|-damage|p2b: Palafin|83\/100\n|-damage|p2b: Palafin|73\/100\n|-damage|p2b: Palafin|64\/100\n|-crit|p2b: Palafin\n|-damage|p2b: Palafin|44\/100\n|-hitcount|p2b: Palafin|5\n|-unboost|p1b: Dragonite|def|1\n|-boost|p1b: Dragonite|spe|1\n|move|p2a: Incineroar|Knock Off|p1b: Dragonite\n|-damage|p1b: Dragonite|49\/100\n|-enditem|p1b: Dragonite|Loaded Dice|[from] move: Knock Off|[of] p2a: Incineroar\n|\n|upkeep\n|\n|t:|1731890067\n|switch|p1a: Gholdengo|Gholdengo, L50|100\/100\n|turn|4\n|inactive|Battle timer is ON: inactive players will automatically lose when time's up. (requested by don't use magmar)\n|\n|t:|1731890100\n|-terastallize|p1a: Gholdengo|Steel\n|move|p1b: Dragonite|Extreme Speed|p2a: Incineroar\n|-crit|p2a: Incineroar\n|-damage|p2a: Incineroar|55\/100\n|move|p2b: Palafin|Jet Punch|p1b: Dragonite\n|-resisted|p1b: Dragonite\n|-damage|p1b: Dragonite|0 fnt\n|faint|p1b: Dragonite\n|move|p1a: Gholdengo|Make It Rain|p2a: Incineroar|[spread] p2a,p2b\n|-resisted|p2a: Incineroar\n|-resisted|p2b: Palafin\n|-damage|p2a: Incineroar|8\/100\n|-damage|p2b: Palafin|2\/100\n|-unboost|p1a: Gholdengo|spa|1\n|move|p2a: Incineroar|Flare Blitz|p1a: Gholdengo\n|-supereffective|p1a: Gholdengo\n|-damage|p1a: Gholdengo|0 fnt\n|faint|p1a: Gholdengo\n|-damage|p2a: Incineroar|0 fnt|[from] Recoil\n|faint|p2a: Incineroar\n|\n|upkeep\n|\n|t:|1731890113\n|switch|p1b: Ursaluna|Ursaluna-Bloodmoon, L50, M|100\/100\n|switch|p2a: Ursaluna|Ursaluna-Bloodmoon, L50, M|100\/100\n|turn|5\n|l| vgclth souly\n|\n|t:|1731890119\n|move|p2b: Palafin|Jet Punch|p1b: Ursaluna\n|-supereffective|p1b: Ursaluna\n|-damage|p1b: Ursaluna|4\/100\n|move|p1b: Ursaluna|Vacuum Wave|p2b: Palafin\n|-crit|p2b: Palafin\n|-damage|p2b: Palafin|0 fnt\n|faint|p2b: Palafin\n|move|p2a: Ursaluna|Blood Moon|p1b: Ursaluna\n|-damage|p1b: Ursaluna|0 fnt\n|faint|p1b: Ursaluna\n|\n|win|don't use magmar\n|raw|VGCLTH Sac gaming's rating: 1733 &rarr; <strong>1712<\/strong><br \/>(-21 for losing)\n|raw|don&apos;t use magmar's rating: 1720 &rarr; <strong>1741<\/strong><br \/>(+21 for winning)\n|l|\u2606VGCLTH Sac gaming\n|player|p1|\n|j| vgclth souly\n|l|\u2606don't use magmar\n|player|p2|\n|l| vgclth souly\n|j| vgclth souly\n|l| Therazer456\n|l| vgclth souly\n","uploadtime":1731890390,"views":33,"formatid":"gen9vgc2024regh","rating":1712,"private":0,"password":null}