{"id":"gen9vgc2024regh-2245249050","format":"[Gen 9] VGC 2024 Reg H","players":["VGCLTH low laddr","vgclth cuwutie"],"log":"|raw|<div class=\"broadcast-blue\"><strong>This battle is required to be public due to a player having a name starting with 'vgclth'.<\/div>\n|j|\u2606VGCLTH low laddr\n|j|\u2606vgclth cuwutie\n|t:|1731795123\n|gametype|doubles\n|player|p1|VGCLTH low laddr|lucas|1775\n|player|p2|vgclth cuwutie|266|1714\n|teamsize|p1|6\n|teamsize|p2|6\n|gen|9\n|tier|[Gen 9] VGC 2024 Reg H\n|rated|\n|rule|Species Clause: Limit one of each Pok\u00e9mon\n|rule|Item Clause: Limit 1 of each item\n|clearpoke\n|poke|p1|Murkrow, L50, M|\n|poke|p1|Typhlosion-Hisui, L50, F|\n|poke|p1|Garchomp, L50, M|\n|poke|p1|Vivillon-Icy Snow, L50, F|\n|poke|p1|Archaludon, L50, M|\n|poke|p1|Primarina, L50, F|\n|poke|p2|Smeargle, L50, M|\n|poke|p2|Farigiraf, L50, F|\n|poke|p2|Maushold-Four, L50|\n|poke|p2|Torkoal, L50, F|\n|poke|p2|Ursaluna-Bloodmoon, L50, M|\n|poke|p2|Weezing-Galar, L50, M|\n|teampreview|4\n|inactive|Battle timer is ON: inactive players will automatically lose when time's up. (requested by VGCLTH low laddr)\n|\n|t:|1731795152\n|start\n|switch|p1a: Typhlosion|Typhlosion-Hisui, L50, F|100\/100\n|switch|p1b: Vivillon|Vivillon-Icy Snow, L50, F, shiny|100\/100\n|switch|p2a: Smeargle|Smeargle, L50, M|100\/100\n|switch|p2b: Farigiraf|Farigiraf, L50, F|100\/100\n|turn|1\n|inactive|vgclth cuwutie has 30 seconds left.\n|inactive|vgclth cuwutie has 20 seconds left.\n|\n|t:|1731795188\n|-terastallize|p1b: Vivillon|Ghost\n|-terastallize|p2b: Farigiraf|Water\n|move|p1a: Typhlosion|Eruption|p2b: Farigiraf|[spread] p2a,p2b\n|-resisted|p2b: Farigiraf\n|-damage|p2a: Smeargle|0 fnt\n|-damage|p2b: Farigiraf|67\/100\n|faint|p2a: Smeargle\n|move|p1b: Vivillon|Sleep Powder|p2b: Farigiraf\n|-ability|p2b: Farigiraf|Sap Sipper|boost\n|-boost|p2b: Farigiraf|atk|1\n|move|p2b: Farigiraf|Trick Room|p2b: Farigiraf\n|-fieldstart|move: Trick Room|[of] p2b: Farigiraf\n|\n|upkeep\n|\n|t:|1731795202\n|switch|p2a: Ursaluna|Ursaluna-Bloodmoon, L50, M|100\/100\n|turn|2\n|\n|t:|1731795214\n|move|p2b: Farigiraf|Twin Beam|p1b: Vivillon\n|-damage|p1b: Vivillon|73\/100\n|-damage|p1b: Vivillon|42\/100\n|-hitcount|p1b: Vivillon|2\n|move|p2a: Ursaluna|Hyper Voice|p1b: Vivillon|[spread] p1a,p1b\n|-damage|p1a: Typhlosion|35\/100\n|-damage|p1b: Vivillon|0 fnt\n|faint|p1b: Vivillon\n|-damage|p2a: Ursaluna|90\/100|[from] item: Life Orb\n|move|p1a: Typhlosion|Eruption|p2a: Ursaluna|[spread] p2a,p2b\n|-resisted|p2b: Farigiraf\n|-damage|p2a: Ursaluna|59\/100\n|-damage|p2b: Farigiraf|56\/100\n|\n|upkeep\n|\n|t:|1731795226\n|switch|p1b: Garchomp|Garchomp, L50, M|100\/100\n|turn|3\n|inactive|vgclth cuwutie has 30 seconds left.\n|inactive|vgclth cuwutie has 20 seconds left.\n|\n|t:|1731795264\n|move|p2b: Farigiraf|Helping Hand|p2a: Ursaluna\n|-singleturn|p2a: Ursaluna|Helping Hand|[of] p2b: Farigiraf\n|move|p1b: Garchomp|Protect|p1b: Garchomp\n|-singleturn|p1b: Garchomp|Protect\n|move|p2a: Ursaluna|Hyper Voice|p1b: Garchomp|[spread] p1a\n|-activate|p1b: Garchomp|move: Protect\n|-damage|p1a: Typhlosion|0 fnt\n|faint|p1a: Typhlosion\n|-damage|p2a: Ursaluna|49\/100|[from] item: Life Orb\n|\n|upkeep\n|\n|t:|1731795270\n|switch|p1a: Archaludon|Archaludon, L50, M|100\/100\n|turn|4\n|j| jdarcan\n|\n|t:|1731795292\n|move|p1b: Garchomp|Protect||[still]\n|-fail|p1b: Garchomp\n|move|p2b: Farigiraf|Twin Beam|p1a: Archaludon\n|-resisted|p1a: Archaludon\n|-damage|p1a: Archaludon|88\/100\n|-resisted|p1a: Archaludon\n|-damage|p1a: Archaludon|77\/100\n|-hitcount|p1a: Archaludon|2\n|move|p2a: Ursaluna|Earth Power|p1a: Archaludon\n|-supereffective|p1a: Archaludon\n|-damage|p1a: Archaludon|0 fnt\n|faint|p1a: Archaludon\n|-damage|p2a: Ursaluna|39\/100|[from] item: Life Orb\n|\n|upkeep\n|turn|5\n|\n|t:|1731795305\n|move|p2b: Farigiraf|Helping Hand|p2a: Ursaluna\n|-singleturn|p2a: Ursaluna|Helping Hand|[of] p2b: Farigiraf\n|move|p1b: Garchomp|Protect|p1b: Garchomp\n|-singleturn|p1b: Garchomp|Protect\n|move|p2a: Ursaluna|Blood Moon|p1b: Garchomp\n|-activate|p1b: Garchomp|move: Protect\n|\n|-fieldend|move: Trick Room\n|upkeep\n|turn|6\n|\n|t:|1731795311\n|move|p1b: Garchomp|Earthquake|p2b: Farigiraf|[spread] p2a,p2b\n|-damage|p2a: Ursaluna|4\/100\n|-damage|p2b: Farigiraf|8\/100\n|-damage|p1b: Garchomp|91\/100|[from] item: Life Orb\n|move|p2a: Ursaluna|Hyper Voice|p1b: Garchomp\n|-damage|p1b: Garchomp|11\/100\n|-damage|p2a: Ursaluna|0 fnt|[from] item: Life Orb\n|faint|p2a: Ursaluna\n|move|p2b: Farigiraf|Trick Room|p2b: Farigiraf\n|-fieldstart|move: Trick Room|[of] p2b: Farigiraf\n|\n|upkeep\n|\n|t:|1731795313\n|switch|p2a: Torkoal|Torkoal, L50, F|100\/100\n|-weather|SunnyDay|[from] ability: Drought|[of] p2a: Torkoal\n|turn|7\n|-message|VGCLTH low laddr forfeited.\n|\n|win|vgclth cuwutie\n|raw|VGCLTH low laddr's rating: 1775 &rarr; <strong>1750<\/strong><br \/>(-25 for losing)\n|raw|vgclth cuwutie's rating: 1693 &rarr; <strong>1718<\/strong><br \/>(+25 for winning)\n|l|\u2606VGCLTH low laddr\n|player|p1|\n|l|\u2606vgclth cuwutie\n|player|p2|\n","uploadtime":1731795474,"views":16,"formatid":"gen9vgc2024regh","rating":1718,"private":0,"password":null}