{"id":"gen9vgc2024regh-2245891035","format":"[Gen 9] VGC 2024 Reg H","players":["VGCLTH Sac gaming","don't use magmar"],"log":"|raw|<div class=\"broadcast-blue\"><strong>This battle is required to be public due to a player having a name starting with 'vgclth'.<\/div>\n|j|\u2606VGCLTH Sac gaming\n|j|\u2606don't use magmar\n|t:|1731889307\n|gametype|doubles\n|player|p1|VGCLTH Sac gaming|steven|1760\n|player|p2|don't use magmar|lucas|1743\n|teamsize|p1|6\n|teamsize|p2|6\n|gen|9\n|tier|[Gen 9] VGC 2024 Reg H\n|rated|\n|rule|Species Clause: Limit one of each Pok\u00e9mon\n|rule|Item Clause: Limit 1 of each item\n|clearpoke\n|poke|p1|Whimsicott, L50, F|\n|poke|p1|Dragonite, L50, M|\n|poke|p1|Ursaluna-Bloodmoon, L50, M|\n|poke|p1|Gholdengo, L50|\n|poke|p1|Incineroar, L50, F|\n|poke|p1|Annihilape, L50, F|\n|poke|p2|Rillaboom, L50, M|\n|poke|p2|Garchomp, L50, M|\n|poke|p2|Sneasler, L50, F|\n|poke|p2|Gholdengo, L50|\n|poke|p2|Ursaluna-Bloodmoon, L50, M|\n|poke|p2|Mimikyu, L50, F|\n|teampreview|4\nVGCLTH Sac gaming has agreed to open team sheets.\n|inactive|Battle timer is ON: inactive players will automatically lose when time's up. (requested by don't use magmar)\n|\n|t:|1731889357\n|start\n|switch|p1a: Dragonite|Dragonite, L50, M|100\/100\n|switch|p1b: Gholdengo|Gholdengo, L50|100\/100\n|switch|p2a: Sneasler|Sneasler, L50, F|100\/100\n|switch|p2b: Mimikyu|Mimikyu, L50, F|100\/100\n|turn|1\n|\n|t:|1731889372\n|switch|p1b: Incineroar|Incineroar, L50, F|100\/100\n|-ability|p1b: Incineroar|Intimidate|boost\n|-unboost|p2a: Sneasler|atk|1\n|-unboost|p2b: Mimikyu|atk|1\n|-terastallize|p2b: Mimikyu|Ghost\n|move|p2a: Sneasler|Fake Out|p1a: Dragonite\n|-damage|p1a: Dragonite|96\/100\n|move|p2b: Mimikyu|Shadow Claw|p1b: Incineroar\n|-resisted|p1b: Incineroar\n|-damage|p1b: Incineroar|87\/100\n|-damage|p2b: Mimikyu|90\/100|[from] item: Life Orb\n|cant|p1a: Dragonite|flinch\n|\n|upkeep\n|turn|2\n|\n|t:|1731889395\n|move|p2a: Sneasler|Protect|p2a: Sneasler\n|-singleturn|p2a: Sneasler|Protect\n|move|p2b: Mimikyu|Play Rough|p1a: Dragonite\n|-supereffective|p1a: Dragonite\n|-damage|p1a: Dragonite|29\/100\n|-damage|p2b: Mimikyu|80\/100|[from] item: Life Orb\n|move|p1a: Dragonite|Scale Shot|p2b: Mimikyu\n|-activate|p2b: Mimikyu|ability: Disguise\n|-damage|p2b: Mimikyu|80\/100\n|detailschange|p2b: Mimikyu|Mimikyu-Busted, L50, F, tera:Ghost\n|-damage|p2b: Mimikyu|68\/100|[from] pokemon: Mimikyu-Busted\n|-damage|p2b: Mimikyu|42\/100\n|-damage|p2b: Mimikyu|19\/100\n|-damage|p2b: Mimikyu|0 fnt\n|faint|p2b: Mimikyu\n|-hitcount|p2: Mimikyu|4\n|-unboost|p1a: Dragonite|def|1\n|-boost|p1a: Dragonite|spe|1\n|move|p1b: Incineroar|Knock Off|p2a: Sneasler\n|-activate|p2a: Sneasler|move: Protect\n|\n|upkeep\n|\n|t:|1731889399\n|switch|p2b: Gholdengo|Gholdengo, L50|100\/100\n|turn|3\n|\n|t:|1731889419\n|switch|p2a: Rillaboom|Rillaboom, L50, M|100\/100\n|-fieldstart|move: Grassy Terrain|[from] ability: Grassy Surge|[of] p2a: Rillaboom\n|-enditem|p2b: Gholdengo|Grassy Seed\n|-boost|p2b: Gholdengo|def|1|[from] item: Grassy Seed\n|-enditem|p1b: Incineroar|Mirror Herb\n|-boost|p1b: Incineroar|def|1|[from] item: Mirror Herb\n|move|p1a: Dragonite|Scale Shot|p2a: Rillaboom\n|-damage|p2a: Rillaboom|85\/100\n|-damage|p2a: Rillaboom|69\/100\n|-damage|p2a: Rillaboom|55\/100\n|-damage|p2a: Rillaboom|40\/100\n|-damage|p2a: Rillaboom|25\/100\n|-hitcount|p2a: Rillaboom|5\n|-unboost|p1a: Dragonite|def|1\n|-boost|p1a: Dragonite|spe|1\n|move|p2b: Gholdengo|Shadow Ball|p1a: Dragonite\n|-damage|p1a: Dragonite|0 fnt\n|faint|p1a: Dragonite\n|move|p1b: Incineroar|Knock Off|p2b: Gholdengo\n|-supereffective|p2b: Gholdengo\n|-damage|p2b: Gholdengo|55\/100\n|\n|-heal|p2b: Gholdengo|61\/100|[from] Grassy Terrain\n|-heal|p2a: Rillaboom|31\/100|[from] Grassy Terrain\n|-heal|p1b: Incineroar|93\/100|[from] Grassy Terrain\n|upkeep\n|\n|t:|1731889442\n|switch|p1a: Gholdengo|Gholdengo, L50|100\/100\n|turn|4\n|\n|t:|1731889464\n|move|p2b: Gholdengo|Protect|p2b: Gholdengo\n|-singleturn|p2b: Gholdengo|Protect\n|move|p2a: Rillaboom|Grassy Glide|p1a: Gholdengo\n|-resisted|p1a: Gholdengo\n|-damage|p1a: Gholdengo|72\/100\n|move|p1a: Gholdengo|Shadow Ball|p2b: Gholdengo\n|-activate|p2b: Gholdengo|move: Protect\n|move|p1b: Incineroar|Knock Off|p2a: Rillaboom\n|-damage|p2a: Rillaboom|0 fnt\n|-enditem|p2a: Rillaboom|Miracle Seed|[from] move: Knock Off|[of] p1b: Incineroar\n|faint|p2a: Rillaboom\n|\n|-heal|p1a: Gholdengo|78\/100|[from] Grassy Terrain\n|-heal|p2b: Gholdengo|68\/100|[from] Grassy Terrain\n|-heal|p1b: Incineroar|99\/100|[from] Grassy Terrain\n|upkeep\n|\n|t:|1731889467\n|switch|p2a: Sneasler|Sneasler, L50, F|100\/100\n|turn|5\n|j| UGCL\n|\n|t:|1731889490\n|move|p2a: Sneasler|Close Combat|p1b: Incineroar\n|-supereffective|p1b: Incineroar\n|-damage|p1b: Incineroar|20\/100\n|-unboost|p2a: Sneasler|def|1\n|-unboost|p2a: Sneasler|spd|1\n|move|p2b: Gholdengo|Shadow Ball|p1a: Gholdengo\n|-supereffective|p1a: Gholdengo\n|-damage|p1a: Gholdengo|0 fnt\n|faint|p1a: Gholdengo\n|move|p1b: Incineroar|Flare Blitz|p2b: Gholdengo\n|-supereffective|p2b: Gholdengo\n|-damage|p2b: Gholdengo|0 fnt\n|faint|p2b: Gholdengo\n|-damage|p1b: Incineroar|1\/100|[from] Recoil\n|\n|-heal|p1b: Incineroar|7\/100|[from] Grassy Terrain\n|upkeep\n|\n|t:|1731889503\n|switch|p1a: Ursaluna|Ursaluna-Bloodmoon, L50, M|100\/100\n|turn|6\n|l| UGCL\n|\n|t:|1731889510\n|-terastallize|p1a: Ursaluna|Normal\n|move|p2a: Sneasler|Dire Claw|p1b: Incineroar\n|-damage|p1b: Incineroar|0 fnt\n|faint|p1b: Incineroar\n|move|p1a: Ursaluna|Blood Moon|p2a: Sneasler\n|-enditem|p2a: Sneasler|Focus Sash\n|-damage|p2a: Sneasler|1\/100\n|\n|-heal|p2a: Sneasler|7\/100|[from] Grassy Terrain\n|upkeep\n|turn|7\n|\n|t:|1731889518\n|move|p1a: Ursaluna|Vacuum Wave|p2a: Sneasler\n|-resisted|p2a: Sneasler\n|-damage|p2a: Sneasler|0 fnt\n|faint|p2a: Sneasler\n|\n|win|VGCLTH Sac gaming\n|raw|VGCLTH Sac gaming's rating: 1760 &rarr; <strong>1779<\/strong><br \/>(+19 for winning)\n|raw|don&apos;t use magmar's rating: 1743 &rarr; <strong>1724<\/strong><br \/>(-19 for losing)\n|l|\u2606don't use magmar\n|player|p2|\n|l|\u2606VGCLTH Sac gaming\n|player|p1|\n","uploadtime":1731889521,"views":39,"formatid":"gen9vgc2024regh","rating":1724,"private":0,"password":null}