{"id":"gen9vgc2024regh-2245727492","format":"[Gen 9] VGC 2024 Reg H","players":["VGCLTH skibidi","Zordor"],"log":"|raw|<div class=\"broadcast-blue\"><strong>This battle is required to be public due to a player having a name starting with 'vgclth'.<\/div>\n|j|\u2606VGCLTH skibidi\n|j|\u2606Zordor\n|t:|1731869796\n|gametype|doubles\n|player|p1|VGCLTH skibidi|piers-masters|1765\n|player|p2|Zordor|pilot|1752\n|teamsize|p1|6\n|teamsize|p2|6\n|gen|9\n|tier|[Gen 9] VGC 2024 Reg H\n|rated|\n|rule|Species Clause: Limit one of each Pok\u00e9mon\n|rule|Item Clause: Limit 1 of each item\n|clearpoke\n|poke|p1|Ceruledge, L50, F|\n|poke|p1|Gastrodon-East, L50, M|\n|poke|p1|Sneasler, L50, M|\n|poke|p1|Kingambit, L50, M|\n|poke|p1|Rillaboom, L50, M|\n|poke|p1|Dragonite, L50, M|\n|poke|p2|Rotom-Wash, L50|\n|poke|p2|Sneasler, L50, F|\n|poke|p2|Armarouge, L50, F|\n|poke|p2|Venusaur, L50, F|\n|poke|p2|Hydreigon, L50, M|\n|poke|p2|Scizor, L50, F|\n|teampreview|4\n|inactive|Battle timer is ON: inactive players will automatically lose when time's up. (requested by VGCLTH skibidi)\n|inactive|VGCLTH skibidi has 60 seconds left.\n|\n|t:|1731869828\n|start\n|switch|p1a: Imagine I miss lol|Dragonite, L50, M|100\/100\n|switch|p1b: Let's go gambling|Sneasler, L50, M|100\/100\n|switch|p2a: Sneasler|Sneasler, L50, F|100\/100\n|switch|p2b: Armarouge|Armarouge, L50, F|100\/100\n|turn|1\n|j| vgclth elowyn\n|\n|t:|1731869836\n|move|p2a: Sneasler|Protect|p2a: Sneasler\n|-singleturn|p2a: Sneasler|Protect\n|move|p2b: Armarouge|Protect|p2b: Armarouge\n|-singleturn|p2b: Armarouge|Protect\n|move|p1b: Let's go gambling|Fake Out|p2b: Armarouge\n|-activate|p2b: Armarouge|move: Protect\n|move|p1a: Imagine I miss lol|Scale Shot|p2a: Sneasler\n|-activate|p2a: Sneasler|move: Protect\n|\n|upkeep\n|turn|2\n|l| vgclth elowyn\n|\n|t:|1731869849\n|move|p1b: Let's go gambling|Dire Claw|p2b: Armarouge\n|-damage|p2b: Armarouge|62\/100\n|-status|p2b: Armarouge|psn\n|move|p2a: Sneasler|Rock Tomb|p1a: Imagine I miss lol\n|-supereffective|p1a: Imagine I miss lol\n|-damage|p1a: Imagine I miss lol|79\/100\n|-unboost|p1a: Imagine I miss lol|spe|1\n|move|p2b: Armarouge|Meteor Beam||[still]\n|-prepare|p2b: Armarouge|Meteor Beam\n|-boost|p2b: Armarouge|spa|1\n|-enditem|p2b: Armarouge|Power Herb\n|-anim|p2b: Armarouge|Meteor Beam|p1a: Imagine I miss lol\n|-supereffective|p1a: Imagine I miss lol\n|-damage|p1a: Imagine I miss lol|0 fnt\n|faint|p1a: Imagine I miss lol\n|\n|-damage|p2b: Armarouge|50\/100 psn|[from] psn\n|upkeep\n|\n|t:|1731869857\n|switch|p1a: Godlyreal|Kingambit, L50, M|100\/100\n|turn|3\n|\n|t:|1731869865\n|-terastallize|p1a: Godlyreal|Flying\n|move|p2b: Armarouge|Protect|p2b: Armarouge\n|-singleturn|p2b: Armarouge|Protect\n|move|p2a: Sneasler|Rock Tomb|p1b: Let's go gambling\n|-resisted|p1b: Let's go gambling\n|-damage|p1b: Let's go gambling|85\/100\n|-unboost|p1b: Let's go gambling|spe|1\n|move|p1b: Let's go gambling|Coaching|p1a: Godlyreal\n|-boost|p1a: Godlyreal|atk|1\n|-boost|p1a: Godlyreal|def|1\n|move|p1a: Godlyreal|Tera Blast|p2a: Sneasler|[anim] Tera Blast Flying\n|-supereffective|p2a: Sneasler\n|-enditem|p2a: Sneasler|Focus Sash\n|-damage|p2a: Sneasler|1\/100\n|\n|-damage|p2b: Armarouge|38\/100 psn|[from] psn\n|upkeep\n|turn|4\n|j| vgclth cuwutie\n|inactive|Zordor has 30 seconds left.\n|c| vgclth cuwutie|Let's go zordor\n|inactive|Zordor has 20 seconds left.\n|\n|t:|1731869901\n|-terastallize|p2b: Armarouge|Dark\n|move|p1a: Godlyreal|Sucker Punch|p2b: Armarouge\n|-resisted|p2b: Armarouge\n|-damage|p2b: Armarouge|8\/100 psn\n|move|p2a: Sneasler|Dire Claw|p1a: Godlyreal\n|-damage|p1a: Godlyreal|81\/100\n|move|p2b: Armarouge|Psychic|p1a: Godlyreal\n|-damage|p1a: Godlyreal|41\/100\n|move|p1b: Let's go gambling|Close Combat|p2a: Sneasler\n|-resisted|p2a: Sneasler\n|-damage|p2a: Sneasler|0 fnt\n|-unboost|p1b: Let's go gambling|def|1\n|-unboost|p1b: Let's go gambling|spd|1\n|faint|p2a: Sneasler\n|\n|-damage|p2b: Armarouge|0 fnt|[from] psn\n|faint|p2b: Armarouge\n|upkeep\n|\n|t:|1731869913\n|switch|p2a: Hydreigon|Hydreigon, L50, M|100\/100\n|switch|p2b: Scizor|Scizor, L50, F|100\/100\n|turn|5\n|\n|t:|1731869931\n|switch|p1b: Rizzler|Rillaboom, L50, M|100\/100\n|-fieldstart|move: Grassy Terrain|[from] ability: Grassy Surge|[of] p1b: Rizzler\n|move|p1a: Godlyreal|Sucker Punch|p2b: Scizor\n|-damage|p2b: Scizor|36\/100\n|move|p2a: Hydreigon|Earth Power|p1b: Rizzler\n|-resisted|p1b: Rizzler\n|-damage|p1b: Rizzler|84\/100\n|move|p2b: Scizor|Knock Off|p1a: Godlyreal\n|-damage|p1a: Godlyreal|22\/100\n|-enditem|p1a: Godlyreal|Assault Vest|[from] move: Knock Off|[of] p2b: Scizor\n|\n|-heal|p1b: Rizzler|90\/100|[from] Grassy Terrain\n|-heal|p2b: Scizor|42\/100|[from] Grassy Terrain\n|upkeep\n|turn|6\n|\n|t:|1731869950\n|move|p1b: Rizzler|Fake Out|p2b: Scizor\n|-resisted|p2b: Scizor\n|-damage|p2b: Scizor|35\/100\n|cant|p2b: Scizor|flinch\n|move|p2a: Hydreigon|Dark Pulse|p1a: Godlyreal\n|-damage|p1a: Godlyreal|0 fnt\n|faint|p1a: Godlyreal\n|\n|-heal|p1b: Rizzler|96\/100|[from] Grassy Terrain\n|-heal|p2b: Scizor|41\/100|[from] Grassy Terrain\n|upkeep\n|\n|t:|1731869952\n|switch|p1a: Let's go gambling|Sneasler, L50, M|85\/100\n|turn|7\n|j| DonShitDozo\n|inactive|Zordor has 30 seconds left.\n|\n|t:|1731869979\n|move|p2b: Scizor|Bullet Punch|p1a: Let's go gambling\n|-damage|p1a: Let's go gambling|31\/100\n|move|p1a: Let's go gambling|Close Combat|p2b: Scizor\n|-damage|p2b: Scizor|0 fnt\n|-unboost|p1a: Let's go gambling|def|1\n|-unboost|p1a: Let's go gambling|spd|1\n|faint|p2b: Scizor\n|move|p2a: Hydreigon|Earth Power|p1a: Let's go gambling\n|-supereffective|p1a: Let's go gambling\n|-damage|p1a: Let's go gambling|0 fnt\n|faint|p1a: Let's go gambling\n|move|p1b: Rizzler|Wood Hammer|p2a: Hydreigon\n|-resisted|p2a: Hydreigon\n|-damage|p2a: Hydreigon|43\/100\n|-damage|p1b: Rizzler|77\/100|[from] Recoil\n|\n|-heal|p1b: Rizzler|83\/100|[from] Grassy Terrain\n|upkeep\n|turn|8\n|l| vgclth cuwutie\n|\n|t:|1731869987\n|move|p2a: Hydreigon|Protect|p2a: Hydreigon\n|-singleturn|p2a: Hydreigon|Protect\n|move|p1b: Rizzler|Wood Hammer|p2a: Hydreigon\n|-activate|p2a: Hydreigon|move: Protect\n|\n|-heal|p1b: Rizzler|89\/100|[from] Grassy Terrain\n|upkeep\n|turn|9\n|\n|t:|1731869994\n|move|p2a: Hydreigon|Dark Pulse|p1b: Rizzler\n|-damage|p1b: Rizzler|38\/100\n|move|p1b: Rizzler|Wood Hammer|p2a: Hydreigon\n|-resisted|p2a: Hydreigon\n|-damage|p2a: Hydreigon|0 fnt\n|faint|p2a: Hydreigon\n|-damage|p1b: Rizzler|24\/100|[from] Recoil\n|\n|win|VGCLTH skibidi\n|raw|VGCLTH skibidi's rating: 1765 &rarr; <strong>1784<\/strong><br \/>(+19 for winning)\n|raw|Zordor's rating: 1752 &rarr; <strong>1733<\/strong><br \/>(-19 for losing)\n|l|\u2606VGCLTH skibidi\n|player|p1|\n|l|\u2606Zordor\n|player|p2|\n|l|donshitdozo\n","uploadtime":1731870219,"views":19,"formatid":"gen9vgc2024regh","rating":1733,"private":0,"password":null}