{"id":"gen9vgc2024regh-2245266188","format":"[Gen 9] VGC 2024 Reg H","players":["vgclth cuwutie","redgannetVGC"],"log":"|raw|<div class=\"broadcast-blue\"><strong>This battle is required to be public due to a player having a name starting with 'vgclth'.<\/div>\n|j|\u2606vgclth cuwutie\n|j|\u2606redgannetVGC\n|t:|1731797305\n|gametype|doubles\n|player|p1|vgclth cuwutie|266|1753\n|player|p2|redgannetVGC|marlon|1716\n|teamsize|p1|6\n|teamsize|p2|6\n|gen|9\n|tier|[Gen 9] VGC 2024 Reg H\n|rated|\n|rule|Species Clause: Limit one of each Pok\u00e9mon\n|rule|Item Clause: Limit 1 of each item\n|clearpoke\n|poke|p1|Smeargle, L50, M|\n|poke|p1|Farigiraf, L50, F|\n|poke|p1|Maushold-Four, L50|\n|poke|p1|Torkoal, L50, M|\n|poke|p1|Ursaluna-Bloodmoon, L50, M|\n|poke|p1|Weezing-Galar, L50, F|\n|poke|p2|Ninetales-Alola, L50, M|\n|poke|p2|Dragonite, L50, M|\n|poke|p2|Gholdengo, L50|\n|poke|p2|Magmar, L50, F|\n|poke|p2|Ursaluna-Bloodmoon, L50, M|\n|poke|p2|Annihilape, L50, F|\n|teampreview|4\n|inactive|Battle timer is ON: inactive players will automatically lose when time's up. (requested by redgannetVGC)\n|j| paypau1\n|\n|t:|1731797322\n|start\n|switch|p1a: Smeargle|Smeargle, L50, M|100\/100\n|switch|p1b: Farigiraf|Farigiraf, L50, F|100\/100\n|switch|p2a: Ninetales|Ninetales-Alola, L50, M|100\/100\n|switch|p2b: Dragonite|Dragonite, L50, M|100\/100\n|-weather|Snow|[from] ability: Snow Warning|[of] p2a: Ninetales\n|turn|1\n|\n|t:|1731797340\n|-terastallize|p2a: Ninetales|Ghost\n|move|p1a: Smeargle|Fake Out|p2a: Ninetales\n|-immune|p2a: Ninetales\n|move|p2a: Ninetales|Aurora Veil|p2a: Ninetales\n|-sidestart|p2: redgannetVGC|move: Aurora Veil\n|move|p2b: Dragonite|Scale Shot|p1a: Smeargle|[miss]\n|-miss|p2b: Dragonite|p1a: Smeargle\n|move|p1b: Farigiraf|Trick Room|p1b: Farigiraf\n|-fieldstart|move: Trick Room|[of] p1b: Farigiraf\n|\n|-weather|Snow|[upkeep]\n|-ability|p1a: Smeargle|Moody|boost\n|-boost|p1a: Smeargle|def|2\n|-unboost|p1a: Smeargle|spa|1\n|-enditem|p1a: Smeargle|Eject Pack\n|upkeep\n|\n|t:|1731797347\n|switch|p1a: Torkoal|Torkoal, L50, M|100\/100\n|-weather|SunnyDay|[from] ability: Drought|[of] p1a: Torkoal\n|turn|2\n|j| poptycoppty\n|\n|t:|1731797355\n|switch|p2a: Magmar|Magmar, L50, F|100\/100\n|-terastallize|p1a: Torkoal|Fire\n|move|p1b: Farigiraf|Helping Hand|p1a: Torkoal\n|-singleturn|p1a: Torkoal|Helping Hand|[of] p1b: Farigiraf\n|move|p2b: Dragonite|Protect|p2b: Dragonite\n|-singleturn|p2b: Dragonite|Protect\n|move|p1a: Torkoal|Eruption|p2a: Magmar|[spread] p2a\n|-activate|p2b: Dragonite|move: Protect\n|-resisted|p2a: Magmar\n|-damage|p2a: Magmar|43\/100\n|\n|-weather|SunnyDay|[upkeep]\n|upkeep\n|turn|3\n|\n|t:|1731797364\n|move|p1b: Farigiraf|Helping Hand|p1a: Torkoal\n|-singleturn|p1a: Torkoal|Helping Hand|[of] p1b: Farigiraf\n|move|p2a: Magmar|Protect|p2a: Magmar\n|-singleturn|p2a: Magmar|Protect\n|move|p1a: Torkoal|Eruption|p2a: Magmar|[spread] p2b\n|-activate|p2a: Magmar|move: Protect\n|-resisted|p2b: Dragonite\n|-damage|p2b: Dragonite|66\/100\n|move|p2b: Dragonite|Scale Shot|p1a: Torkoal\n|-damage|p1a: Torkoal|90\/100\n|-damage|p1a: Torkoal|80\/100\n|-damage|p1a: Torkoal|69\/100\n|-damage|p1a: Torkoal|58\/100\n|-hitcount|p1a: Torkoal|4\n|-unboost|p2b: Dragonite|def|1\n|-boost|p2b: Dragonite|spe|1\n|\n|-weather|SunnyDay|[upkeep]\n|upkeep\n|turn|4\n|inactive|vgclth cuwutie has 30 seconds left.\n|inactive|vgclth cuwutie has 20 seconds left.\n|inactive|vgclth cuwutie has 15 seconds left.\n|\n|t:|1731797405\n|move|p1b: Farigiraf|Helping Hand|p1a: Torkoal\n|-singleturn|p1a: Torkoal|Helping Hand|[of] p1b: Farigiraf\n|move|p2a: Magmar|Follow Me|p2a: Magmar\n|-singleturn|p2a: Magmar|move: Follow Me\n|move|p1a: Torkoal|Eruption|p2b: Dragonite|[spread] p2a,p2b\n|-resisted|p2a: Magmar\n|-crit|p2a: Magmar\n|-resisted|p2b: Dragonite\n|-damage|p2a: Magmar|0 fnt\n|-damage|p2b: Dragonite|24\/100\n|faint|p2a: Magmar\n|move|p2b: Dragonite|Scale Shot|p1a: Torkoal\n|-damage|p1a: Torkoal|48\/100\n|-damage|p1a: Torkoal|37\/100\n|-damage|p1a: Torkoal|26\/100\n|-damage|p1a: Torkoal|16\/100\n|-hitcount|p1a: Torkoal|4\n|-unboost|p2b: Dragonite|def|1\n|-boost|p2b: Dragonite|spe|1\n|\n|-weather|SunnyDay|[upkeep]\n|upkeep\n|\n|t:|1731797425\n|switch|p2a: Ursaluna|Ursaluna-Bloodmoon, L50, M|100\/100\n|turn|5\n|j| jdarcan\n|\n|t:|1731797433\n|move|p2b: Dragonite|Protect|p2b: Dragonite\n|-singleturn|p2b: Dragonite|Protect\n|move|p1a: Torkoal|Eruption|p2b: Dragonite|[spread] p2a\n|-activate|p2b: Dragonite|move: Protect\n|-damage|p2a: Ursaluna|90\/100\n|move|p1b: Farigiraf|Twin Beam|p2b: Dragonite\n|-activate|p2b: Dragonite|move: Protect\n|move|p2a: Ursaluna|Blood Moon|p1b: Farigiraf\n|-damage|p1b: Farigiraf|41\/100\n|\n|-weather|SunnyDay|[upkeep]\n|-fieldend|move: Trick Room\n|upkeep\n|turn|6\n|l| poptycoppty\n|\n|t:|1731797449\n|move|p2b: Dragonite|Ice Spinner|p1b: Farigiraf\n|-damage|p1b: Farigiraf|15\/100\n|move|p2a: Ursaluna|Hyper Voice|p1a: Torkoal|[spread] p1a,p1b\n|-damage|p1a: Torkoal|0 fnt\n|-damage|p1b: Farigiraf|0 fnt\n|faint|p1a: Torkoal\n|faint|p1b: Farigiraf\n|\n|-weather|none\n|upkeep\n|\n|t:|1731797453\n|switch|p1b: Ursaluna|Ursaluna-Bloodmoon, L50, M|100\/100\n|switch|p1a: Smeargle|Smeargle, L50, M|100\/100\n|turn|7\n|\n|t:|1731797471\n|move|p1a: Smeargle|Fake Out|p2a: Ursaluna\n|-damage|p2a: Ursaluna|88\/100\n|move|p2b: Dragonite|Scale Shot|p1a: Smeargle\n|-damage|p1a: Smeargle|69\/100\n|-damage|p1a: Smeargle|36\/100\n|-crit|p1a: Smeargle\n|-damage|p1a: Smeargle|0 fnt\n|faint|p1a: Smeargle\n|-hitcount|p1: Smeargle|3\n|-unboost|p2b: Dragonite|def|1\n|-boost|p2b: Dragonite|spe|1\n|cant|p2a: Ursaluna|flinch\n|move|p1b: Ursaluna|Hyper Voice|p2b: Dragonite|[spread] p2a,p2b\n|-damage|p2a: Ursaluna|59\/100\n|-damage|p2b: Dragonite|0 fnt\n|faint|p2b: Dragonite\n|-damage|p1b: Ursaluna|90\/100|[from] item: Life Orb\n|\n|upkeep\n|\n|t:|1731797482\n|switch|p2b: Ninetales|Ninetales-Alola, L50, M, tera:Ghost|100\/100\n|-weather|Snow|[from] ability: Snow Warning|[of] p2b: Ninetales\n|turn|8\n|\n|t:|1731797489\n|move|p2b: Ninetales|Blizzard|p1b: Ursaluna\n|-supereffective|p1b: Ursaluna\n|-damage|p1b: Ursaluna|14\/100\n|move|p2a: Ursaluna|Blood Moon|p1b: Ursaluna\n|-damage|p1b: Ursaluna|0 fnt\n|faint|p1b: Ursaluna\n|\n|win|redgannetVGC\n|raw|vgclth cuwutie's rating: 1784 &rarr; <strong>1760<\/strong><br \/>(-24 for losing)\n|raw|redgannetVGC's rating: 1716 &rarr; <strong>1740<\/strong><br \/>(+24 for winning)\n|l|\u2606redgannetVGC\n|player|p2|\n|l|\u2606vgclth cuwutie\n|player|p1|\n|l| paypau1\n","uploadtime":1731797652,"views":18,"formatid":"gen9vgc2024regh","rating":1740,"private":0,"password":null}