{"id":"gen9vgc2024regh-2245269411","format":"[Gen 9] VGC 2024 Reg H","players":["Matheusmimo","VGCLTH low laddr"],"log":"|raw|<div class=\"broadcast-blue\"><strong>This battle is required to be public due to a player having a name starting with 'vgclth'.<\/div>\n|j|\u2606Matheusmimo\n|j|\u2606VGCLTH low laddr\n|t:|1731797724\n|gametype|doubles\n|player|p1|Matheusmimo|2|1735\n|player|p2|VGCLTH low laddr|lucas|1779\n|teamsize|p1|6\n|teamsize|p2|6\n|gen|9\n|tier|[Gen 9] VGC 2024 Reg H\n|rated|\n|rule|Species Clause: Limit one of each Pok\u00e9mon\n|rule|Item Clause: Limit 1 of each item\n|clearpoke\n|poke|p1|Pelipper, L50, M|\n|poke|p1|Gholdengo, L50|\n|poke|p1|Primarina, L50, M|\n|poke|p1|Archaludon, L50, M|\n|poke|p1|Sneasler, L50, M|\n|poke|p1|Basculegion, L50, M|\n|poke|p2|Sneasler, L50, F|\n|poke|p2|Ursaluna-Bloodmoon, L50, M|\n|poke|p2|Incineroar, L50, M|\n|poke|p2|Gholdengo, L50|\n|poke|p2|Rillaboom, L50, M|\n|poke|p2|Dragonite, L50, M|\n|teampreview|4\n|inactive|Battle timer is ON: inactive players will automatically lose when time's up. (requested by VGCLTH low laddr)\n|inactive|Matheusmimo also wants the timer to be on.\n|inactive|Matheusmimo has 60 seconds left.\n|inactive|VGCLTH low laddr has 60 seconds left.\n|\n|t:|1731797781\n|start\n|switch|p1a: Sneasler|Sneasler, L50, M|100\/100\n|switch|p1b: Primarina|Primarina, L50, M|100\/100\n|switch|p2a: Dragonite|Dragonite, L50, M|100\/100\n|switch|p2b: Ursaluna|Ursaluna-Bloodmoon, L50, M|100\/100\n|turn|1\n|\n|t:|1731797802\n|move|p2a: Dragonite|Protect|p2a: Dragonite\n|-singleturn|p2a: Dragonite|Protect\n|move|p1a: Sneasler|Fake Out|p2a: Dragonite\n|-activate|p2a: Dragonite|move: Protect\n|move|p2b: Ursaluna|Earth Power|p1a: Sneasler\n|-supereffective|p1a: Sneasler\n|-damage|p1a: Sneasler|0 fnt\n|faint|p1a: Sneasler\n|move|p1b: Primarina|Hyper Voice|p2b: Ursaluna|[spread] p2b\n|-activate|p2a: Dragonite|move: Protect\n|-supereffective|p2b: Ursaluna\n|-damage|p2b: Ursaluna|23\/100\n|-enditem|p1b: Primarina|Throat Spray\n|-boost|p1b: Primarina|spa|1|[from] item: Throat Spray\n|\n|upkeep\n|j| jdarcan\n|\n|t:|1731797823\n|switch|p1a: Pelipper|Pelipper, L50, M|100\/100\n|-weather|RainDance|[from] ability: Drizzle|[of] p1a: Pelipper\n|turn|2\n|\n|t:|1731797844\n|-terastallize|p1b: Primarina|Steel\n|move|p2a: Dragonite|Tailwind|p2a: Dragonite\n|-sidestart|p2: VGCLTH low laddr|move: Tailwind\n|move|p2b: Ursaluna|Blood Moon|p1b: Primarina\n|-resisted|p1b: Primarina\n|-damage|p1b: Primarina|72\/100\n|move|p1a: Pelipper|Blizzard|p2a: Dragonite|[spread] p2a\n|-miss|p1a: Pelipper|p2b: Ursaluna\n|-supereffective|p2a: Dragonite\n|-crit|p2a: Dragonite\n|-damage|p2a: Dragonite|17\/100\n|move|p1b: Primarina|Icy Wind|p2a: Dragonite|[spread] p2a,p2b\n|-supereffective|p2a: Dragonite\n|-supereffective|p2b: Ursaluna\n|-damage|p2a: Dragonite|0 fnt\n|-damage|p2b: Ursaluna|0 fnt\n|faint|p2a: Dragonite\n|faint|p2b: Ursaluna\n|\n|-weather|RainDance|[upkeep]\n|upkeep\n|\n|t:|1731797850\n|switch|p2a: Gholdengo|Gholdengo, L50|100\/100\n|switch|p2b: Sneasler|Sneasler, L50, F|100\/100\n|turn|3\n|inactive|Matheusmimo has 30 seconds left.\n|inactive|Matheusmimo has 20 seconds left.\n|\n|t:|1731797889\n|move|p1a: Pelipper|Wide Guard|p1a: Pelipper\n|-singleturn|p1a: Pelipper|Wide Guard\n|move|p2b: Sneasler|Dire Claw|p1a: Pelipper\n|-damage|p1a: Pelipper|55\/100\n|-status|p1a: Pelipper|psn\n|move|p2a: Gholdengo|Shadow Ball|p1a: Pelipper\n|-damage|p1a: Pelipper|0 fnt\n|faint|p1a: Pelipper\n|-damage|p2a: Gholdengo|91\/100|[from] item: Life Orb\n|move|p1b: Primarina|Hyper Voice|p2a: Gholdengo|[spread] p2a,p2b\n|-damage|p2a: Gholdengo|12\/100\n|-enditem|p2b: Sneasler|Focus Sash\n|-damage|p2b: Sneasler|1\/100\n|\n|-weather|RainDance|[upkeep]\n|upkeep\n|\n|t:|1731797908\n|switch|p1a: Archaludon|Archaludon, L50, M|100\/100\n|turn|4\n|\n|t:|1731797932\n|move|p1b: Primarina|Protect|p1b: Primarina\n|-singleturn|p1b: Primarina|Protect\n|move|p2b: Sneasler|Close Combat|p1b: Primarina\n|-activate|p1b: Primarina|move: Protect\n|move|p2a: Gholdengo|Shadow Ball|p1a: Archaludon\n|-damage|p1a: Archaludon|57\/100\n|-ability|p1a: Archaludon|Stamina|boost\n|-boost|p1a: Archaludon|def|1\n|-damage|p2a: Gholdengo|3\/100|[from] item: Life Orb\n|move|p1a: Archaludon|Body Press|p2b: Sneasler\n|-resisted|p2b: Sneasler\n|-damage|p2b: Sneasler|0 fnt\n|faint|p2b: Sneasler\n|\n|-weather|RainDance|[upkeep]\n|upkeep\n|turn|5\n|-message|VGCLTH low laddr forfeited.\n|\n|win|Matheusmimo\n|raw|Matheusmimo's rating: 1735 &rarr; <strong>1758<\/strong><br \/>(+23 for winning)\n|raw|VGCLTH low laddr's rating: 1779 &rarr; <strong>1756<\/strong><br \/>(-23 for losing)\n|l|\u2606VGCLTH low laddr\n|player|p2|\n|l|\u2606Matheusmimo\n|player|p1|\n","uploadtime":1731798196,"views":20,"formatid":"gen9vgc2024regh","rating":1756,"private":0,"password":null}