{"id":"gen9vgc2024regh-2245061599","format":"[Gen 9] VGC 2024 Reg H","players":["VGCLTH ladderboy66","Juen411"],"log":"|raw|<div class=\"broadcast-blue\"><strong>This battle is required to be public due to a player having a name starting with 'vgclth'.<\/div>\n|j|\u2606VGCLTH ladderboy66\n|j|\u2606Juen411\n|t:|1731771612\n|gametype|doubles\n|player|p1|VGCLTH ladderboy66|1|1639\n|player|p2|Juen411|cynthia-gen4|1690\n|teamsize|p1|6\n|teamsize|p2|6\n|gen|9\n|tier|[Gen 9] VGC 2024 Reg H\n|rated|\n|rule|Species Clause: Limit one of each Pok\u00e9mon\n|rule|Item Clause: Limit 1 of each item\n|clearpoke\n|poke|p1|Archaludon, L50, M|\n|poke|p1|Whimsicott, L50, F|\n|poke|p1|Pelipper, L50, M|\n|poke|p1|Basculegion, L50, M|\n|poke|p1|Gholdengo, L50|\n|poke|p1|Rillaboom, L50, F|\n|poke|p2|Garchomp, L50, F|\n|poke|p2|Amoonguss, L50, M|\n|poke|p2|Incineroar, L50, F|\n|poke|p2|Gholdengo, L50|\n|poke|p2|Flamigo, L50, M|\n|poke|p2|Ninetales-Alola, L50, F|\n|teampreview|4\n|inactive|Battle timer is ON: inactive players will automatically lose when time's up. (requested by Juen411)\n|inactive|VGCLTH ladderboy66 has 60 seconds left.\n|\n|t:|1731771659\n|start\n|switch|p1a: Whimsicott|Whimsicott, L50, F|100\/100\n|switch|p1b: Pelipper|Pelipper, L50, M|100\/100\n|switch|p2a: Incineroar|Incineroar, L50, F|100\/100\n|switch|p2b: Ninetales|Ninetales-Alola, L50, F|100\/100\n|-weather|Snow|[from] ability: Snow Warning|[of] p2b: Ninetales\n|-weather|RainDance|[from] ability: Drizzle|[of] p1b: Pelipper\n|-ability|p2a: Incineroar|Intimidate|boost\n|-unboost|p1a: Whimsicott|atk|1\n|-unboost|p1b: Pelipper|atk|1\n|turn|1\n|inactive|Juen411 has 30 seconds left.\n|\n|t:|1731771693\n|switch|p1b: Archaludon|Archaludon, L50, M|100\/100\n|-terastallize|p2a: Incineroar|Water\n|move|p2b: Ninetales|Freeze-Dry|p1b: Archaludon\n|-damage|p1b: Archaludon|81\/100\n|-ability|p1b: Archaludon|Stamina|boost\n|-boost|p1b: Archaludon|def|1\n|move|p1a: Whimsicott|Beat Up|p1b: Archaludon\n|-damage|p1b: Archaludon|80\/100\n|-ability|p1b: Archaludon|Stamina|boost\n|-boost|p1b: Archaludon|def|1\n|-damage|p1b: Archaludon|79\/100\n|-ability|p1b: Archaludon|Stamina|boost\n|-boost|p1b: Archaludon|def|1\n|-damage|p1b: Archaludon|78\/100\n|-ability|p1b: Archaludon|Stamina|boost\n|-boost|p1b: Archaludon|def|1\n|-damage|p1b: Archaludon|78\/100\n|-ability|p1b: Archaludon|Stamina|boost\n|-boost|p1b: Archaludon|def|1\n|-hitcount|p1b: Archaludon|4\n|move|p2a: Incineroar|Flare Blitz|p1a: Whimsicott\n|-supereffective|p1a: Whimsicott\n|-damage|p1a: Whimsicott|56\/100\n|-damage|p2a: Incineroar|89\/100|[from] Recoil\n|\n|-weather|RainDance|[upkeep]\n|upkeep\n|turn|2\n|inactive|VGCLTH ladderboy66 has 30 seconds left.\n|inactive|VGCLTH ladderboy66 has 20 seconds left.\n|\n|t:|1731771731\n|switch|p2b: Flamigo|Flamigo, L50, M|100\/100\n|move|p1a: Whimsicott|Light Screen|p1a: Whimsicott\n|-sidestart|p1: VGCLTH ladderboy66|move: Light Screen\n|move|p1b: Archaludon|Electro Shot||[still]\n|-prepare|p1b: Archaludon|Electro Shot\n|-boost|p1b: Archaludon|spa|1\n|-anim|p1b: Archaludon|Electro Shot|p2a: Incineroar\n|-supereffective|p2a: Incineroar\n|-damage|p2a: Incineroar|16\/100\n|move|p2a: Incineroar|U-turn|p1a: Whimsicott\n|-damage|p1a: Whimsicott|38\/100\n|\n|t:|1731771740\n|switch|p2a: Ninetales|Ninetales-Alola, L50, F|100\/100|[from] U-turn\n|-weather|Snow|[from] ability: Snow Warning|[of] p2a: Ninetales\n|\n|-weather|Snow|[upkeep]\n|upkeep\n|turn|3\n|inactive|VGCLTH ladderboy66 has 30 seconds left.\n|\n|t:|1731771772\n|switch|p2a: Garchomp|Garchomp, L50, F|100\/100\n|switch|p1a: Pelipper|Pelipper, L50, M|100\/100\n|-weather|RainDance|[from] ability: Drizzle|[of] p1a: Pelipper\n|-terastallize|p1b: Archaludon|Ghost\n|move|p2b: Flamigo|Close Combat|p1b: Archaludon\n|-damage|p1b: Archaludon|65\/100\n|-unboost|p2b: Flamigo|def|1\n|-unboost|p2b: Flamigo|spd|1\n|-ability|p1b: Archaludon|Stamina|boost\n|-boost|p1b: Archaludon|def|1\n|move|p1b: Archaludon|Electro Shot||[still]\n|-prepare|p1b: Archaludon|Electro Shot\n|-boost|p1b: Archaludon|spa|1\n|-anim|p1b: Archaludon|Electro Shot|p2b: Flamigo\n|-supereffective|p2b: Flamigo\n|-enditem|p2b: Flamigo|Focus Sash\n|-damage|p2b: Flamigo|1\/100\n|\n|-weather|RainDance|[upkeep]\n|upkeep\n|turn|4\n|inactive|VGCLTH ladderboy66 has 30 seconds left.\n|inactive|Juen411 has 30 seconds left.\n|inactive|VGCLTH ladderboy66 has 20 seconds left.\n|\n|t:|1731771807\n|switch|p1a: Rillaboom|Rillaboom, L50, F|100\/100\n|-fieldstart|move: Grassy Terrain|[from] ability: Grassy Surge|[of] p1a: Rillaboom\n|move|p2a: Garchomp|Dragon Claw|p1a: Rillaboom\n|-damage|p1a: Rillaboom|41\/100\n|-damage|p2a: Garchomp|91\/100|[from] item: Life Orb\n|move|p2b: Flamigo|Brave Bird|p1a: Rillaboom\n|-supereffective|p1a: Rillaboom\n|-damage|p1a: Rillaboom|0 fnt\n|faint|p1a: Rillaboom\n|-damage|p2b: Flamigo|0 fnt|[from] Recoil\n|faint|p2b: Flamigo\n|move|p1b: Archaludon|Dragon Pulse|p2a: Garchomp\n|-supereffective|p2a: Garchomp\n|-damage|p2a: Garchomp|0 fnt\n|faint|p2a: Garchomp\n|\n|-weather|RainDance|[upkeep]\n|-heal|p1b: Archaludon|71\/100|[from] Grassy Terrain\n|upkeep\n|\n|t:|1731771826\n|switch|p2a: Incineroar|Incineroar, L50, F, tera:Water|16\/100\n|switch|p2b: Ninetales|Ninetales-Alola, L50, F|100\/100\n|switch|p1a: Whimsicott|Whimsicott, L50, F|38\/100\n|-weather|Snow|[from] ability: Snow Warning|[of] p2b: Ninetales\n|-ability|p2a: Incineroar|Intimidate|boost\n|-unboost|p1a: Whimsicott|atk|1\n|-unboost|p1b: Archaludon|atk|1\n|turn|5\n|\n|t:|1731771848\n|move|p1a: Whimsicott|Tailwind|p1a: Whimsicott\n|-sidestart|p1: VGCLTH ladderboy66|move: Tailwind\n|move|p2b: Ninetales|Freeze-Dry|p1a: Whimsicott\n|-supereffective|p1a: Whimsicott\n|-damage|p1a: Whimsicott|0 fnt\n|faint|p1a: Whimsicott\n|move|p1b: Archaludon|Dragon Pulse|p2a: Incineroar\n|-damage|p2a: Incineroar|0 fnt\n|faint|p2a: Incineroar\n|\n|-weather|Snow|[upkeep]\n|-heal|p1b: Archaludon|77\/100|[from] Grassy Terrain\n|upkeep\n|\n|t:|1731771851\n|switch|p1a: Pelipper|Pelipper, L50, M|100\/100\n|-weather|RainDance|[from] ability: Drizzle|[of] p1a: Pelipper\n|turn|6\n|\n|t:|1731771869\n|move|p1a: Pelipper|Weather Ball|p2b: Ninetales\n|-damage|p2b: Ninetales|0 fnt\n|faint|p2b: Ninetales\n|-damage|p1a: Pelipper|91\/100|[from] item: Life Orb\n|\n|win|VGCLTH ladderboy66\n|raw|VGCLTH ladderboy66's rating: 1639 &rarr; <strong>1662<\/strong><br \/>(+23 for winning)\n|raw|Juen411's rating: 1690 &rarr; <strong>1667<\/strong><br \/>(-23 for losing)\n|l|\u2606Juen411\n|player|p2|\n|l|\u2606VGCLTH ladderboy66\n|player|p1|\n","uploadtime":1731772125,"views":11,"formatid":"gen9vgc2024regh","rating":1662,"private":0,"password":null}