{"id":"gen9vgc2024regh-2245930638","format":"[Gen 9] VGC 2024 Reg H","players":["vgclth chromate","SkullySully"],"log":"|raw|<div class=\"broadcast-blue\"><strong>This battle is required to be public due to a player having a name starting with 'vgclth'.<\/div>\n|j|\u2606vgclth chromate\n|j|\u2606SkullySully\n|t:|1731894361\n|gametype|doubles\n|player|p1|vgclth chromate|allister|1811\n|player|p2|SkullySully|blaine|1689\n|teamsize|p1|6\n|teamsize|p2|6\n|gen|9\n|tier|[Gen 9] VGC 2024 Reg H\n|rated|\n|rule|Species Clause: Limit one of each Pok\u00e9mon\n|rule|Item Clause: Limit 1 of each item\n|clearpoke\n|poke|p1|Archaludon, L50, F|\n|poke|p1|Pelipper, L50, F|\n|poke|p1|Basculegion, L50, M|\n|poke|p1|Gholdengo, L50|\n|poke|p1|Incineroar, L50, F|\n|poke|p1|Amoonguss, L50, F|\n|poke|p2|Sinistcha-Masterpiece, L50|\n|poke|p2|Ursaluna, L50, F|\n|poke|p2|Zoroark-Hisui, L50, M|\n|poke|p2|Gholdengo, L50|\n|poke|p2|Archaludon, L50, F|\n|poke|p2|Pelipper, L50, M|\n|teampreview|4\n|\n|t:|1731894395\n|start\n|switch|p1a: Gholdengo|Gholdengo, L50|100\/100\n|switch|p1b: Amoonguss|Amoonguss, L50, F|100\/100\n|switch|p2a: Gholdengo|Gholdengo, L50, shiny|100\/100\n|switch|p2b: Archaludon|Archaludon, L50, F|100\/100\n|turn|1\n|\n|t:|1731894407\n|move|p1a: Gholdengo|Protect|p1a: Gholdengo\n|-singleturn|p1a: Gholdengo|Protect\n|move|p2a: Gholdengo|Trick|p1b: Amoonguss\n|-activate|p2a: Gholdengo|move: Trick|[of] p1b: Amoonguss\n|-item|p1b: Amoonguss|Choice Scarf|[from] move: Trick\n|-item|p2a: Gholdengo|Sitrus Berry|[from] move: Trick\n|move|p2b: Archaludon|Snarl|p1a: Gholdengo|[spread] p1b\n|-activate|p1a: Gholdengo|move: Protect\n|-damage|p1b: Amoonguss|88\/100\n|-unboost|p1b: Amoonguss|spa|1\n|move|p1b: Amoonguss|Spore|p2b: Archaludon\n|-status|p2b: Archaludon|slp|[from] move: Spore\n|\n|upkeep\n|turn|2\n|\n|t:|1731894423\n|switch|p1b: Incineroar|Incineroar, L50, F|100\/100\n|-ability|p1b: Incineroar|Intimidate|boost\n|-unboost|p2a: Gholdengo|atk|1\n|-unboost|p2b: Archaludon|atk|1\n|-terastallize|p1a: Gholdengo|Water\n|-terastallize|p2a: Gholdengo|Flying\n|move|p1a: Gholdengo|Nasty Plot|p1a: Gholdengo\n|-boost|p1a: Gholdengo|spa|2\n|move|p2a: Gholdengo|Shadow Ball|p1a: Gholdengo\n|-damage|p1a: Gholdengo|45\/100\n|cant|p2b: Archaludon|slp\n|\n|upkeep\n|turn|3\n|j| nongyboii\n|\n|t:|1731894448\n|switch|p2a: Sinistcha|Sinistcha-Masterpiece, L50, shiny|100\/100\n|move|p1a: Gholdengo|Make It Rain|p2a: Sinistcha|[spread] p2a,p2b\n|-resisted|p2b: Archaludon\n|-enditem|p2a: Sinistcha|Focus Sash\n|-damage|p2a: Sinistcha|1\/100\n|-damage|p2b: Archaludon|51\/100 slp\n|-unboost|p1a: Gholdengo|spa|1\n|replace|p2a: Zoroark|Zoroark-Hisui, L50, M, shiny\n|-end|p2a: Zoroark|Illusion\n|-ability|p2b: Archaludon|Stamina|boost\n|-boost|p2b: Archaludon|def|1\n|-damage|p1a: Gholdengo|35\/100|[from] item: Life Orb\n|move|p1b: Incineroar|Knock Off|p2b: Archaludon\n|-damage|p2b: Archaludon|29\/100 slp\n|-ability|p2b: Archaludon|Stamina|boost\n|-boost|p2b: Archaludon|def|1\n|-enditem|p2b: Archaludon|Assault Vest|[from] move: Knock Off|[of] p1b: Incineroar\n|cant|p2b: Archaludon|slp\n|\n|upkeep\n|turn|4\n|\n|t:|1731894470\n|move|p1a: Gholdengo|Protect|p1a: Gholdengo\n|-singleturn|p1a: Gholdengo|Protect\n|move|p2a: Zoroark|Icy Wind|p1b: Incineroar|[spread] p1b\n|-activate|p1a: Gholdengo|move: Protect\n|-resisted|p1b: Incineroar\n|-damage|p1b: Incineroar|94\/100\n|-unboost|p1b: Incineroar|spe|1\n|-curestatus|p2b: Archaludon|slp|[msg]\n|move|p2b: Archaludon|Body Press|p1b: Incineroar\n|-supereffective|p1b: Incineroar\n|-damage|p1b: Incineroar|8\/100\n|move|p1b: Incineroar|Flare Blitz|p2a: Zoroark\n|-damage|p2a: Zoroark|0 fnt\n|faint|p2a: Zoroark\n|-damage|p1b: Incineroar|8\/100|[from] Recoil\n|\n|upkeep\n|\n|t:|1731894490\n|switch|p2a: Gholdengo|Gholdengo, L50, shiny, tera:Flying|100\/100\n|turn|5\n|l| nongyboii\n|\n|t:|1731894510\n|switch|p1b: Amoonguss|Amoonguss, L50, F|100\/100\n|move|p1a: Gholdengo|Make It Rain|p2b: Archaludon|[spread] p2a,p2b\n|-resisted|p2b: Archaludon\n|-damage|p2a: Gholdengo|0 fnt\n|-damage|p2b: Archaludon|0 fnt\n|-unboost|p1a: Gholdengo|spa|1\n|faint|p2a: Gholdengo\n|faint|p2b: Archaludon\n|-damage|p1a: Gholdengo|25\/100|[from] item: Life Orb\n|\n|upkeep\n|-message|SkullySully forfeited.\n|\n|win|vgclth chromate\n|raw|vgclth chromate's rating: 1811 &rarr; <strong>1824<\/strong><br \/>(+13 for winning)\n|raw|SkullySully's rating: 1689 &rarr; <strong>1676<\/strong><br \/>(-13 for losing)\n|l|\u2606SkullySully\n|player|p2|\n|l|\u2606vgclth chromate\n|player|p1|\n","uploadtime":1731894661,"views":18,"formatid":"gen9vgc2024regh","rating":1676,"private":0,"password":null}