{"id":"gen9vgc2024regh-2245128187","format":"[Gen 9] VGC 2024 Reg H","players":["Djjwjwwjj","vgclth elowyn"],"log":"|raw|<div class=\"broadcast-blue\"><strong>This battle is required to be public due to a player having a name starting with 'vgclth'.<\/div>\n|j|\u2606Djjwjwwjj\n|j|\u2606vgclth elowyn\n|t:|1731780183\n|gametype|doubles\n|player|p1|Djjwjwwjj|170|1693\n|player|p2|vgclth elowyn|266|1758\n|teamsize|p1|6\n|teamsize|p2|6\n|gen|9\n|tier|[Gen 9] VGC 2024 Reg H\n|rated|\n|rule|Species Clause: Limit one of each Pok\u00e9mon\n|rule|Item Clause: Limit 1 of each item\n|clearpoke\n|poke|p1|Palafin, L50, M|\n|poke|p1|Incineroar, L50, F|\n|poke|p1|Amoonguss, L50, F|\n|poke|p1|Farigiraf, L50, F|\n|poke|p1|Ursaluna-Bloodmoon, L50, M|\n|poke|p1|Dragapult, L50, M|\n|poke|p2|Dondozo, L50, M|\n|poke|p2|Tatsugiri, L50, M|\n|poke|p2|Dragonite, L50, M|\n|poke|p2|Gholdengo, L50|\n|poke|p2|Tyranitar, L50, F|\n|poke|p2|Murkrow, L50, M|\n|teampreview|4\n|inactive|Battle timer is ON: inactive players will automatically lose when time's up. (requested by Djjwjwwjj)\n|\n|t:|1731780211\n|start\n|switch|p1a: Incineroar|Incineroar, L50, F|100\/100\n|switch|p1b: Farigiraf|Farigiraf, L50, F|100\/100\n|switch|p2a: Gholdengo|Gholdengo, L50|100\/100\n|switch|p2b: Dragonite|Dragonite, L50, M|100\/100\n|-ability|p1a: Incineroar|Intimidate|boost\n|-unboost|p2a: Gholdengo|atk|1\n|-fail|p2b: Dragonite|unboost|Attack|[from] ability: Inner Focus|[of] p2b: Dragonite\n|turn|1\n|\n|t:|1731780228\n|-terastallize|p2b: Dragonite|Flying\n|move|p1b: Farigiraf|Protect|p1b: Farigiraf\n|-singleturn|p1b: Farigiraf|Protect\n|move|p2a: Gholdengo|Make It Rain|p1b: Farigiraf|[spread] p1a\n|-activate|p1b: Farigiraf|move: Protect\n|-resisted|p1a: Incineroar\n|-damage|p1a: Incineroar|67\/100\n|-unboost|p2a: Gholdengo|spa|1\n|move|p2b: Dragonite|Tera Blast|p1b: Farigiraf|[anim] Tera Blast Flying\n|-activate|p1b: Farigiraf|move: Protect\n|move|p1a: Incineroar|Flare Blitz|p2a: Gholdengo\n|-supereffective|p2a: Gholdengo\n|-damage|p2a: Gholdengo|3\/100\n|-damage|p1a: Incineroar|41\/100|[from] Recoil\n|\n|upkeep\n|turn|2\n|inactive|Djjwjwwjj has 30 seconds left.\n|\n|t:|1731780255\n|move|p2a: Gholdengo|Make It Rain|p1a: Incineroar|[spread] p1a,p1b\n|-resisted|p1a: Incineroar\n|-damage|p1a: Incineroar|16\/100\n|-damage|p1b: Farigiraf|57\/100\n|-unboost|p2a: Gholdengo|spa|1\n|move|p2b: Dragonite|Tera Blast|p1b: Farigiraf|[anim] Tera Blast Flying\n|-crit|p1b: Farigiraf\n|-damage|p1b: Farigiraf|0 fnt\n|faint|p1b: Farigiraf\n|move|p1a: Incineroar|Parting Shot|p2b: Dragonite\n|-unboost|p2b: Dragonite|atk|1\n|-unboost|p2b: Dragonite|spa|1\n|j| UGCL\n|\n|t:|1731780276\n|switch|p1a: Ursaluna|Ursaluna-Bloodmoon, L50, M|100\/100|[from] Parting Shot\n|\n|upkeep\n|l| UGCL\n|\n|t:|1731780286\n|switch|p1b: Amoonguss|Amoonguss, L50, F|100\/100\n|turn|3\n|\n|t:|1731780300\n|switch|p2a: Murkrow|Murkrow, L50, M|100\/100\n|move|p1b: Amoonguss|Protect|p1b: Amoonguss\n|-singleturn|p1b: Amoonguss|Protect\n|move|p2b: Dragonite|Tera Blast|p1b: Amoonguss|[anim] Tera Blast Flying\n|-activate|p1b: Amoonguss|move: Protect\n|move|p1a: Ursaluna|Blood Moon|p2b: Dragonite\n|-damage|p2b: Dragonite|0 fnt\n|faint|p2b: Dragonite\n|-damage|p1a: Ursaluna|91\/100|[from] item: Life Orb\n|\n|upkeep\n|\n|t:|1731780308\n|switch|p2b: Gholdengo|Gholdengo, L50|3\/100\n|turn|4\n|\n|t:|1731780323\n|-terastallize|p1b: Amoonguss|Water\n|move|p1a: Ursaluna|Protect|p1a: Ursaluna\n|-singleturn|p1a: Ursaluna|Protect\n|move|p2b: Gholdengo|Make It Rain|p1b: Amoonguss|[spread] p1b\n|-activate|p1a: Ursaluna|move: Protect\n|-resisted|p1b: Amoonguss\n|-damage|p1b: Amoonguss|69\/100\n|-unboost|p2b: Gholdengo|spa|1\n|move|p2a: Murkrow|Brave Bird|p1a: Ursaluna\n|-activate|p1a: Ursaluna|move: Protect\n|move|p1b: Amoonguss|Spore|p2a: Murkrow\n|-status|p2a: Murkrow|slp|[from] move: Spore\n|\n|upkeep\n|turn|5\n|j| roccagamer4273.\n|\n|t:|1731780347\n|switch|p2b: Tyranitar|Tyranitar, L50, F|100\/100\n|-weather|Sandstorm|[from] ability: Sand Stream|[of] p2b: Tyranitar\n|cant|p2a: Murkrow|slp\n|move|p1a: Ursaluna|Hyper Voice|p2b: Tyranitar|[spread] p2a,p2b\n|-resisted|p2b: Tyranitar\n|-damage|p2a: Murkrow|51\/100 slp\n|-damage|p2b: Tyranitar|90\/100\n|-damage|p1a: Ursaluna|81\/100|[from] item: Life Orb\n|move|p1b: Amoonguss|Pollen Puff|p1a: Ursaluna\n|-heal|p1a: Ursaluna|100\/100\n|\n|-weather|Sandstorm|[upkeep]\n|-damage|p2a: Murkrow|45\/100 slp|[from] Sandstorm\n|-damage|p1b: Amoonguss|63\/100|[from] Sandstorm\n|upkeep\n|turn|6\n|inactive|Djjwjwwjj has 30 seconds left.\n|\n|t:|1731780373\n|switch|p1b: Incineroar|Incineroar, L50, F|16\/100\n|-ability|p1b: Incineroar|Intimidate|boost\n|-unboost|p2a: Murkrow|atk|1\n|-unboost|p2b: Tyranitar|atk|1\n|-curestatus|p2a: Murkrow|slp|[msg]\n|move|p2a: Murkrow|Taunt|p1b: Incineroar\n|-hint|Since gen 7, Dark is immune to Prankster moves.\n|-immune|p1b: Incineroar\n|move|p2b: Tyranitar|Knock Off|p1b: Incineroar\n|-resisted|p1b: Incineroar\n|-damage|p1b: Incineroar|0 fnt\n|-enditem|p1b: Incineroar|Safety Goggles|[from] move: Knock Off|[of] p2b: Tyranitar\n|faint|p1b: Incineroar\n|move|p1a: Ursaluna|Hyper Voice|p2b: Tyranitar|[spread] p2a,p2b\n|-resisted|p2b: Tyranitar\n|-damage|p2a: Murkrow|0 fnt\n|-damage|p2b: Tyranitar|79\/100\n|faint|p2a: Murkrow\n|-damage|p1a: Ursaluna|91\/100|[from] item: Life Orb\n|\n|-weather|Sandstorm|[upkeep]\n|upkeep\n|\n|t:|1731780394\n|switch|p1b: Amoonguss|Amoonguss, L50, F, tera:Water|96\/100\n|switch|p2a: Gholdengo|Gholdengo, L50|3\/100\n|turn|7\n|\n|t:|1731780419\n|move|p1a: Ursaluna|Protect|p1a: Ursaluna\n|-singleturn|p1a: Ursaluna|Protect\n|move|p2a: Gholdengo|Thunderbolt|p1b: Amoonguss\n|-supereffective|p1b: Amoonguss\n|-damage|p1b: Amoonguss|21\/100\n|-enditem|p1b: Amoonguss|Sitrus Berry|[eat]\n|-heal|p1b: Amoonguss|46\/100|[from] item: Sitrus Berry\n|move|p2b: Tyranitar|Knock Off|p1b: Amoonguss\n|-damage|p1b: Amoonguss|27\/100\n|move|p1b: Amoonguss|Spore|p2b: Tyranitar\n|-status|p2b: Tyranitar|slp|[from] move: Spore\n|\n|-weather|Sandstorm|[upkeep]\n|-damage|p1b: Amoonguss|21\/100|[from] Sandstorm\n|upkeep\n|turn|8\n|inactive|Djjwjwwjj has 30 seconds left.\n|\n|t:|1731780445\n|move|p1b: Amoonguss|Protect|p1b: Amoonguss\n|-singleturn|p1b: Amoonguss|Protect\n|move|p2a: Gholdengo|Thunderbolt|p1b: Amoonguss\n|-activate|p1b: Amoonguss|move: Protect\n|cant|p2b: Tyranitar|slp\n|move|p1a: Ursaluna|Earth Power|p2b: Tyranitar\n|-supereffective|p2b: Tyranitar\n|-damage|p2b: Tyranitar|20\/100 slp\n|-damage|p1a: Ursaluna|81\/100|[from] item: Life Orb\n|\n|-weather|Sandstorm|[upkeep]\n|-damage|p1b: Amoonguss|15\/100|[from] Sandstorm\n|upkeep\n|turn|9\n|j| Red Fang X\n|l| Red Fang X\n|\n|t:|1731780465\n|move|p1b: Amoonguss|Rage Powder|p1b: Amoonguss\n|-singleturn|p1b: Amoonguss|move: Rage Powder\n|move|p2a: Gholdengo|Thunderbolt|p1b: Amoonguss\n|-supereffective|p1b: Amoonguss\n|-damage|p1b: Amoonguss|0 fnt\n|faint|p1b: Amoonguss\n|cant|p2b: Tyranitar|slp\n|move|p1a: Ursaluna|Earth Power|p2b: Tyranitar\n|-supereffective|p2b: Tyranitar\n|-damage|p2b: Tyranitar|0 fnt\n|faint|p2b: Tyranitar\n|-damage|p1a: Ursaluna|71\/100|[from] item: Life Orb\n|\n|-weather|none\n|upkeep\n|turn|10\n|\n|t:|1731780480\n|move|p2a: Gholdengo|Thunderbolt|p1a: Ursaluna\n|-immune|p1a: Ursaluna\n|move|p1a: Ursaluna|Hyper Voice|p2a: Gholdengo\n|-resisted|p2a: Gholdengo\n|-damage|p2a: Gholdengo|0 fnt\n|faint|p2a: Gholdengo\n|-damage|p1a: Ursaluna|61\/100|[from] item: Life Orb\n|\n|win|Djjwjwwjj\n|raw|Djjwjwwjj's rating: 1693 &rarr; <strong>1717<\/strong><br \/>(+24 for winning)\n|raw|vgclth elowyn's rating: 1758 &rarr; <strong>1734<\/strong><br \/>(-24 for losing)\n|l|\u2606Djjwjwwjj\n|player|p1|\n|l|\u2606vgclth elowyn\n|player|p2|\n","uploadtime":1731780711,"views":14,"formatid":"gen9vgc2024regh","rating":1717,"private":0,"password":null}