{"id":"gen9vgc2024regh-2245124781","format":"[Gen 9] VGC 2024 Reg H","players":["vgclth elowyn","jordolowe"],"log":"|raw|<div class=\"broadcast-blue\"><strong>This battle is required to be public due to a player having a name starting with 'vgclth'.<\/div>\n|j|\u2606vgclth elowyn\n|j|\u2606jordolowe\n|t:|1731779747\n|gametype|doubles\n|player|p1|vgclth elowyn|266|1724\n|player|p2|jordolowe|1|1698\n|teamsize|p1|6\n|teamsize|p2|6\n|gen|9\n|tier|[Gen 9] VGC 2024 Reg H\n|rated|\n|rule|Species Clause: Limit one of each Pok\u00e9mon\n|rule|Item Clause: Limit 1 of each item\n|clearpoke\n|poke|p1|Dondozo, L50, M|\n|poke|p1|Tatsugiri, L50, M|\n|poke|p1|Dragonite, L50, F|\n|poke|p1|Gholdengo, L50|\n|poke|p1|Tyranitar, L50, M|\n|poke|p1|Murkrow, L50, M|\n|poke|p2|Sneasler, L50, F|\n|poke|p2|Rillaboom, L50, M|\n|poke|p2|Magmar, L50, F|\n|poke|p2|Dragapult, L50, M|\n|poke|p2|Kingambit, L50, M|\n|poke|p2|Primarina, L50, F|\n|teampreview|4\n|inactive|Battle timer is ON: inactive players will automatically lose when time's up. (requested by jordolowe)\n|\n|t:|1731779778\n|start\n|switch|p1a: Murkrow|Murkrow, L50, M|100\/100\n|switch|p1b: Dragonite|Dragonite, L50, F|100\/100\n|switch|p2a: Magmar|Magmar, L50, F, shiny|100\/100\n|switch|p2b: Kingambit|Kingambit, L50, M, shiny|100\/100\n|turn|1\n|\n|t:|1731779792\n|-terastallize|p1b: Dragonite|Flying\n|move|p2b: Kingambit|Protect|p2b: Kingambit\n|-singleturn|p2b: Kingambit|Protect\n|move|p1a: Murkrow|Taunt|p2a: Magmar\n|-start|p2a: Magmar|move: Taunt\n|move|p1b: Dragonite|Tera Blast|p2b: Kingambit|[anim] Tera Blast Flying\n|-activate|p2b: Kingambit|move: Protect\n|cant|p2a: Magmar|move: Taunt|Will-O-Wisp\n|\n|upkeep\n|turn|2\n|\n|t:|1731779812\n|switch|p1a: Tyranitar|Tyranitar, L50, M|100\/100\n|-weather|Sandstorm|[from] ability: Sand Stream|[of] p1a: Tyranitar\n|move|p1b: Dragonite|Tera Blast|p2b: Kingambit|[anim] Tera Blast Flying\n|-resisted|p2b: Kingambit\n|-damage|p2b: Kingambit|69\/100\n|move|p2a: Magmar|Overheat|p1a: Tyranitar|[miss]\n|-miss|p2a: Magmar|p1a: Tyranitar\n|move|p2b: Kingambit|Kowtow Cleave|p1b: Dragonite\n|-damage|p1b: Dragonite|32\/100\n|\n|-weather|Sandstorm|[upkeep]\n|-damage|p1b: Dragonite|26\/100|[from] Sandstorm\n|-damage|p2a: Magmar|95\/100|[from] Sandstorm\n|upkeep\n|turn|3\n|inactive|jordolowe has 30 seconds left.\n|\n|t:|1731779840\n|switch|p1b: Gholdengo|Gholdengo, L50|100\/100\n|switch|p2a: Primarina|Primarina, L50, F, shiny|100\/100\n|move|p1a: Tyranitar|Brick Break|p2b: Kingambit\n|-supereffective|p2b: Kingambit\n|-damage|p2b: Kingambit|0 fnt\n|faint|p2b: Kingambit\n|\n|-weather|Sandstorm|[upkeep]\n|-damage|p2a: Primarina|95\/100|[from] Sandstorm\n|upkeep\n|\n|t:|1731779849\n|switch|p2b: Dragapult|Dragapult, L50, M, shiny|100\/100\n|turn|4\n|\n|t:|1731779865\n|move|p2b: Dragapult|Phantom Force||[still]\n|-prepare|p2b: Dragapult|Phantom Force\n|move|p1b: Gholdengo|Thunderbolt|p2a: Primarina\n|-supereffective|p2a: Primarina\n|-damage|p2a: Primarina|10\/100\n|-enditem|p2a: Primarina|Sitrus Berry|[eat]\n|-heal|p2a: Primarina|35\/100|[from] item: Sitrus Berry\n|move|p1a: Tyranitar|Knock Off|p2b: Dragapult|[miss]\n|-miss|p1a: Tyranitar|p2b: Dragapult\n|move|p2a: Primarina|Hyper Voice|p1a: Tyranitar|[spread] p1a,p1b\n|-supereffective|p1a: Tyranitar\n|-damage|p1a: Tyranitar|69\/100\n|-damage|p1b: Gholdengo|60\/100\n|\n|-weather|Sandstorm|[upkeep]\n|-damage|p2b: Dragapult|94\/100|[from] Sandstorm\n|-damage|p2a: Primarina|29\/100|[from] Sandstorm\n|upkeep\n|turn|5\n|\n|t:|1731779886\n|switch|p1b: Murkrow|Murkrow, L50, M|100\/100\n|move|p2b: Dragapult|Phantom Force|p1b: Murkrow|[from]lockedmove\n|-resisted|p1b: Murkrow\n|-damage|p1b: Murkrow|63\/100\n|move|p1a: Tyranitar|Knock Off|p2b: Dragapult\n|-supereffective|p2b: Dragapult\n|-damage|p2b: Dragapult|0 fnt\n|-enditem|p2b: Dragapult|Choice Band|[from] move: Knock Off|[of] p1a: Tyranitar\n|faint|p2b: Dragapult\n|move|p2a: Primarina|Moonblast|p1a: Tyranitar\n|-supereffective|p1a: Tyranitar\n|-damage|p1a: Tyranitar|27\/100\n|-unboost|p1a: Tyranitar|spa|1\n|\n|-weather|Sandstorm|[upkeep]\n|-damage|p1b: Murkrow|57\/100|[from] Sandstorm\n|-damage|p2a: Primarina|23\/100|[from] Sandstorm\n|upkeep\n|\n|t:|1731779903\n|switch|p2b: Magmar|Magmar, L50, F, shiny|95\/100\n|turn|6\n|\n|t:|1731779913\n|move|p2b: Magmar|Protect|p2b: Magmar\n|-singleturn|p2b: Magmar|Protect\n|move|p1b: Murkrow|Tailwind|p1b: Murkrow\n|-sidestart|p1: vgclth elowyn|move: Tailwind\n|move|p1a: Tyranitar|Rock Slide|p2b: Magmar|[spread] p2a\n|-activate|p2b: Magmar|move: Protect\n|-damage|p2a: Primarina|0 fnt\n|faint|p2a: Primarina\n|\n|-weather|none\n|upkeep\n|turn|7\n|-message|jordolowe forfeited.\n|\n|win|vgclth elowyn\n|raw|vgclth elowyn's rating: 1740 &rarr; <strong>1758<\/strong><br \/>(+18 for winning)\n|raw|jordolowe's rating: 1698 &rarr; <strong>1680<\/strong><br \/>(-18 for losing)\n|l|\u2606jordolowe\n|player|p2|\n|n| vgclth cuwutie|vgclthelowyn\n|n|\u2606vgclth elowyn|vgclthcuwutie\n|l|\u2606vgclth elowyn\n|player|p1|\n","uploadtime":1731780156,"views":36,"formatid":"gen9vgc2024regh","rating":1680,"private":0,"password":null}