{"id":"gen9vgc2024regh-2245935059","format":"[Gen 9] VGC 2024 Reg H","players":["balnam","vgclth chromate"],"log":"|raw|<div class=\"broadcast-blue\"><strong>This battle is required to be public due to a player having a name starting with 'vgclth'.<\/div>\n|j|\u2606balnam\n|j|\u2606vgclth chromate\n|t:|1731894921\n|gametype|doubles\n|player|p1|balnam|170|1712\n|player|p2|vgclth chromate|allister|1834\n|teamsize|p1|6\n|teamsize|p2|6\n|gen|9\n|tier|[Gen 9] VGC 2024 Reg H\n|rated|\n|rule|Species Clause: Limit one of each Pok\u00e9mon\n|rule|Item Clause: Limit 1 of each item\n|clearpoke\n|poke|p1|Ursaluna-Bloodmoon, L50, M|\n|poke|p1|Volcarona, L50, M|\n|poke|p1|Sableye, L50, M|\n|poke|p1|Maushold, L50|\n|poke|p1|Primarina, L50, M|\n|poke|p1|Rillaboom, L50, M|\n|poke|p2|Archaludon, L50, F|\n|poke|p2|Pelipper, L50, F|\n|poke|p2|Basculegion, L50, M|\n|poke|p2|Gholdengo, L50|\n|poke|p2|Incineroar, L50, M|\n|poke|p2|Amoonguss, L50, F|\n|teampreview|4\n|\n|t:|1731894970\n|start\n|switch|p1a: Sableye|Sableye, L50, M|100\/100\n|switch|p1b: Ursaluna|Ursaluna-Bloodmoon, L50, M|100\/100\n|switch|p2a: Archaludon|Archaludon, L50, F|100\/100\n|switch|p2b: Pelipper|Pelipper, L50, F|100\/100\n|-weather|RainDance|[from] ability: Drizzle|[of] p2b: Pelipper\n|turn|1\n|\n|t:|1731894995\n|move|p1a: Sableye|Light Screen|p1a: Sableye\n|-sidestart|p1: balnam|move: Light Screen\n|move|p2b: Pelipper|Weather Ball|p1b: Ursaluna\n|-supereffective|p1b: Ursaluna\n|-damage|p1b: Ursaluna|23\/100\n|move|p2a: Archaludon|Electro Shot||[still]\n|-prepare|p2a: Archaludon|Electro Shot\n|-boost|p2a: Archaludon|spa|1\n|-anim|p2a: Archaludon|Electro Shot|p1a: Sableye\n|-damage|p1a: Sableye|50\/100\n|move|p1b: Ursaluna|Blood Moon|p2b: Pelipper\n|-enditem|p2b: Pelipper|Focus Sash\n|-damage|p2b: Pelipper|1\/100\n|\n|-weather|RainDance|[upkeep]\n|upkeep\n|turn|2\n|\n|t:|1731895015\n|move|p1b: Ursaluna|Vacuum Wave|p2b: Pelipper\n|-resisted|p2b: Pelipper\n|-damage|p2b: Pelipper|0 fnt\n|faint|p2b: Pelipper\n|move|p1a: Sableye|Reflect|p1a: Sableye\n|-sidestart|p1: balnam|Reflect\n|move|p2a: Archaludon|Electro Shot||[still]\n|-prepare|p2a: Archaludon|Electro Shot\n|-boost|p2a: Archaludon|spa|1\n|-anim|p2a: Archaludon|Electro Shot|p1a: Sableye\n|-damage|p1a: Sableye|0 fnt\n|faint|p1a: Sableye\n|\n|-weather|RainDance|[upkeep]\n|upkeep\n|\n|t:|1731895028\n|switch|p2b: Amoonguss|Amoonguss, L50, F|100\/100\n|switch|p1a: Maushold|Maushold, L50|100\/100\n|turn|3\n|\n|t:|1731895043\n|move|p1a: Maushold|Protect|p1a: Maushold\n|-singleturn|p1a: Maushold|Protect\n|move|p2a: Archaludon|Dragon Pulse|p1b: Ursaluna\n|-damage|p1b: Ursaluna|0 fnt\n|faint|p1b: Ursaluna\n|move|p2b: Amoonguss|Spore|p1a: Maushold\n|-activate|p1a: Maushold|move: Protect\n|\n|-weather|RainDance|[upkeep]\n|upkeep\n|\n|t:|1731895059\n|switch|p1b: Primarina|Primarina, L50, M|100\/100\n|turn|4\n|\n|t:|1731895070\n|-terastallize|p1b: Primarina|Poison\n|move|p1a: Maushold|Taunt|p2b: Amoonguss\n|-start|p2b: Amoonguss|move: Taunt\n|move|p2a: Archaludon|Electro Shot||[still]\n|-prepare|p2a: Archaludon|Electro Shot\n|-boost|p2a: Archaludon|spa|1\n|-anim|p2a: Archaludon|Electro Shot|p1a: Maushold\n|-damage|p1a: Maushold|19\/100\n|move|p1b: Primarina|Moonblast|p2a: Archaludon\n|-damage|p2a: Archaludon|53\/100\n|-ability|p2a: Archaludon|Stamina|boost\n|-boost|p2a: Archaludon|def|1\n|cant|p2b: Amoonguss|move: Taunt|Spore\n|\n|-weather|RainDance|[upkeep]\n|upkeep\n|turn|5\n|\n|t:|1731895093\n|move|p1a: Maushold|Super Fang|p2b: Amoonguss\n|-damage|p2b: Amoonguss|50\/100\n|-enditem|p2b: Amoonguss|Sitrus Berry|[eat]\n|-heal|p2b: Amoonguss|75\/100|[from] item: Sitrus Berry\n|move|p2a: Archaludon|Electro Shot||[still]\n|-prepare|p2a: Archaludon|Electro Shot\n|-boost|p2a: Archaludon|spa|1\n|-anim|p2a: Archaludon|Electro Shot|p1b: Primarina\n|-damage|p1b: Primarina|48\/100\n|move|p1b: Primarina|Moonblast|p2b: Amoonguss\n|-resisted|p2b: Amoonguss\n|-damage|p2b: Amoonguss|40\/100\n|-unboost|p2b: Amoonguss|spa|1\n|move|p2b: Amoonguss|Pollen Puff|p2a: Archaludon\n|-heal|p2a: Archaludon|100\/100\n|\n|-weather|none\n|upkeep\n|turn|6\n|\n|t:|1731895105\n|move|p1a: Maushold|Super Fang|p2a: Archaludon\n|-damage|p2a: Archaludon|51\/100\n|-ability|p2a: Archaludon|Stamina|boost\n|-boost|p2a: Archaludon|def|1\n|move|p2a: Archaludon|Dragon Pulse|p1b: Primarina\n|-damage|p1b: Primarina|0 fnt\n|faint|p1b: Primarina\n|move|p2b: Amoonguss|Pollen Puff|p2a: Archaludon\n|-heal|p2a: Archaludon|100\/100\n|\n|-end|p2b: Amoonguss|move: Taunt\n|upkeep\n|turn|7\n|-message|balnam forfeited.\n|\n|win|vgclth chromate\n|raw|balnam's rating: 1712 &rarr; <strong>1699<\/strong><br \/>(-13 for losing)\n|raw|vgclth chromate's rating: 1834 &rarr; <strong>1847<\/strong><br \/>(+13 for winning)\n|l|\u2606balnam\n|player|p1|\n|l|\u2606vgclth chromate\n|player|p2|\n","uploadtime":1731895355,"views":27,"formatid":"gen9vgc2024regh","rating":1699,"private":0,"password":null}