{"id":"gen9vgc2024regh-2245391016","format":"[Gen 9] VGC 2024 Reg H","players":["The Umpire","VGCLTH fangame"],"log":"|raw|<div class=\"broadcast-blue\"><strong>This battle is required to be public due to a player having a name starting with 'vgclth'.<\/div>\n|j|\u2606The Umpire\n|j|\u2606VGCLTH fangame\n|t:|1731813967\n|gametype|doubles\n|player|p1|The Umpire|volkner|1755\n|player|p2|VGCLTH fangame|red|1679\n|teamsize|p1|6\n|teamsize|p2|6\n|gen|9\n|tier|[Gen 9] VGC 2024 Reg H\n|rated|\n|rule|Species Clause: Limit one of each Pok\u00e9mon\n|rule|Item Clause: Limit 1 of each item\n|clearpoke\n|poke|p1|Clefairy, L50, F|\n|poke|p1|Sneasler, L50, M|\n|poke|p1|Ursaluna-Bloodmoon, L50, M|\n|poke|p1|Dragonite, L50, M|\n|poke|p1|Gholdengo, L50|\n|poke|p1|Incineroar, L50, F|\n|poke|p2|Glaceon, L50, F|\n|poke|p2|Ninetales-Alola, L50, F|\n|poke|p2|Milotic, L50, M|\n|poke|p2|Incineroar, L50, F|\n|poke|p2|Ursaluna-Bloodmoon, L50, M|\n|poke|p2|Annihilape, L50, M|\n|teampreview|4\n|inactive|Battle timer is ON: inactive players will automatically lose when time's up. (requested by VGCLTH fangame)\n|\n|t:|1731813995\n|start\n|switch|p1a: Clefairy|Clefairy, L50, F|100\/100\n|switch|p1b: Gholdengo|Gholdengo, L50|100\/100\n|switch|p2a: Ninetales|Ninetales-Alola, L50, F, shiny|100\/100\n|switch|p2b: Incineroar|Incineroar, L50, F, shiny|100\/100\n|-weather|Snow|[from] ability: Snow Warning|[of] p2a: Ninetales\n|-ability|p2b: Incineroar|Intimidate|boost\n|-unboost|p1a: Clefairy|atk|1\n|-unboost|p1b: Gholdengo|atk|1\n|turn|1\n|\n|t:|1731814014\n|move|p1a: Clefairy|Follow Me|p1a: Clefairy\n|-singleturn|p1a: Clefairy|move: Follow Me\n|move|p2a: Ninetales|Aurora Veil|p2a: Ninetales\n|-sidestart|p2: VGCLTH fangame|move: Aurora Veil\n|move|p1b: Gholdengo|Nasty Plot|p1b: Gholdengo\n|-boost|p1b: Gholdengo|spa|2\n|-enditem|p2b: Incineroar|Mirror Herb\n|-boost|p2b: Incineroar|spa|2|[from] item: Mirror Herb\n|move|p2b: Incineroar|Knock Off|p1a: Clefairy\n|-resisted|p1a: Clefairy\n|-damage|p1a: Clefairy|80\/100\n|-enditem|p1a: Clefairy|Eviolite|[from] move: Knock Off|[of] p2b: Incineroar\n|\n|-weather|Snow|[upkeep]\n|upkeep\n|turn|2\n|\n|t:|1731814028\n|move|p1a: Clefairy|Follow Me|p1a: Clefairy\n|-singleturn|p1a: Clefairy|move: Follow Me\n|move|p2a: Ninetales|Blizzard|p1a: Clefairy|[spread] p1a,p1b\n|-resisted|p1b: Gholdengo\n|-damage|p1a: Clefairy|42\/100\n|-damage|p1b: Gholdengo|88\/100\n|move|p1b: Gholdengo|Nasty Plot|p1b: Gholdengo\n|-boost|p1b: Gholdengo|spa|2\n|move|p2b: Incineroar|Flare Blitz|p1a: Clefairy\n|-damage|p1a: Clefairy|0 fnt\n|faint|p1a: Clefairy\n|-damage|p2b: Incineroar|89\/100|[from] Recoil\n|\n|-weather|Snow|[upkeep]\n|upkeep\n|\n|t:|1731814040\n|switch|p1a: Sneasler|Sneasler, L50, M|100\/100\n|turn|3\n|\n|t:|1731814051\n|-terastallize|p1b: Gholdengo|Water\n|move|p2a: Ninetales|Protect|p2a: Ninetales\n|-singleturn|p2a: Ninetales|Protect\n|move|p1a: Sneasler|Fake Out|p2a: Ninetales\n|-activate|p2a: Ninetales|move: Protect\n|move|p1b: Gholdengo|Make It Rain|p2a: Ninetales|[spread] p2b\n|-activate|p2a: Ninetales|move: Protect\n|-resisted|p2b: Incineroar\n|-damage|p2b: Incineroar|38\/100\n|-unboost|p1b: Gholdengo|spa|1\n|-damage|p1b: Gholdengo|78\/100|[from] item: Life Orb\n|move|p2b: Incineroar|Flare Blitz|p1b: Gholdengo\n|-resisted|p1b: Gholdengo\n|-damage|p1b: Gholdengo|48\/100\n|-damage|p2b: Incineroar|29\/100|[from] Recoil\n|\n|-weather|Snow|[upkeep]\n|upkeep\n|turn|4\n|j| AlabamaChristian\n|l| AlabamaChristian\n|\n|t:|1731814072\n|move|p1a: Sneasler|Dire Claw|p2a: Ninetales\n|-supereffective|p2a: Ninetales\n|-damage|p2a: Ninetales|42\/100\n|-status|p2a: Ninetales|psn\n|move|p2a: Ninetales|Blizzard|p1b: Gholdengo|[spread] p1a,p1b\n|-resisted|p1b: Gholdengo\n|-damage|p1a: Sneasler|56\/100\n|-damage|p1b: Gholdengo|33\/100\n|-status|p1a: Sneasler|frz\n|move|p1b: Gholdengo|Make It Rain|p2b: Incineroar|[spread] p2a,p2b\n|-supereffective|p2a: Ninetales\n|-resisted|p2b: Incineroar\n|-damage|p2a: Ninetales|0 fnt\n|-damage|p2b: Incineroar|0 fnt\n|-unboost|p1b: Gholdengo|spa|1\n|faint|p2a: Ninetales\n|faint|p2b: Incineroar\n|-damage|p1b: Gholdengo|23\/100|[from] item: Life Orb\n|\n|-weather|Snow|[upkeep]\n|upkeep\n|\n|t:|1731814075\n|switch|p2a: Annihilape|Annihilape, L50, M, shiny|100\/100\n|switch|p2b: Ursaluna|Ursaluna-Bloodmoon, L50, M|100\/100\n|turn|5\n|\n|t:|1731814096\n|-terastallize|p2b: Ursaluna|Normal\n|move|p1b: Gholdengo|Protect|p1b: Gholdengo\n|-singleturn|p1b: Gholdengo|Protect\n|cant|p1a: Sneasler|frz\n|move|p2a: Annihilape|Drain Punch|p1b: Gholdengo\n|-activate|p1b: Gholdengo|move: Protect\n|move|p2b: Ursaluna|Hyper Voice|p1a: Sneasler|[spread] p1a\n|-activate|p1b: Gholdengo|move: Protect\n|-damage|p1a: Sneasler|0 fnt\n|faint|p1a: Sneasler\n|\n|-weather|none\n|-sideend|p2: VGCLTH fangame|move: Aurora Veil\n|upkeep\n|\n|t:|1731814108\n|switch|p1a: Ursaluna|Ursaluna-Bloodmoon, L50, M|100\/100\n|turn|6\n|\n|t:|1731814119\n|move|p2a: Annihilape|Drain Punch|p1b: Gholdengo\n|-damage|p1b: Gholdengo|0 fnt\n|faint|p1b: Gholdengo\n|move|p1a: Ursaluna|Blood Moon|p2b: Ursaluna\n|-damage|p2b: Ursaluna|47\/100\n|move|p2b: Ursaluna|Blood Moon|p1a: Ursaluna\n|-damage|p1a: Ursaluna|22\/100\n|\n|upkeep\n|turn|7\n|\n|t:|1731814128\n|move|p2b: Ursaluna|Vacuum Wave|p1a: Ursaluna\n|-supereffective|p1a: Ursaluna\n|-damage|p1a: Ursaluna|1\/100\n|move|p2a: Annihilape|Drain Punch|p1a: Ursaluna\n|-supereffective|p1a: Ursaluna\n|-damage|p1a: Ursaluna|0 fnt\n|faint|p1a: Ursaluna\n|\n|win|VGCLTH fangame\n|raw|The Umpire's rating: 1755 &rarr; <strong>1731<\/strong><br \/>(-24 for losing)\n|raw|VGCLTH fangame's rating: 1679 &rarr; <strong>1703<\/strong><br \/>(+24 for winning)\n|l|\u2606The Umpire\n|player|p1|\n|l|\u2606VGCLTH fangame\n|player|p2|\n","uploadtime":1731814292,"views":11,"formatid":"gen9vgc2024regh","rating":1703,"private":0,"password":null}