{"id":"gen9vgc2024regh-2245225287","format":"[Gen 9] VGC 2024 Reg H","players":["vgclth cuwutie","VGCLTH SWM"],"log":"|j|\u2606vgclth cuwutie\n|j|\u2606VGCLTH SWM\n|t:|1731792155\n|gametype|doubles\n|player|p1|vgclth cuwutie|266|1807\n|player|p2|VGCLTH SWM|hugh|1840\n|teamsize|p1|6\n|teamsize|p2|6\n|gen|9\n|tier|[Gen 9] VGC 2024 Reg H\n|rated|\n|rule|Species Clause: Limit one of each Pok\u00e9mon\n|rule|Item Clause: Limit 1 of each item\n|clearpoke\n|poke|p1|Smeargle, L50, M|\n|poke|p1|Farigiraf, L50, M|\n|poke|p1|Maushold-Four, L50|\n|poke|p1|Torkoal, L50, F|\n|poke|p1|Ursaluna-Bloodmoon, L50, M|\n|poke|p1|Weezing-Galar, L50, M|\n|poke|p2|Pelipper, L50, M|\n|poke|p2|Archaludon, L50, M|\n|poke|p2|Rillaboom, L50, F|\n|poke|p2|Sneasler, L50, F|\n|poke|p2|Incineroar, L50, M|\n|poke|p2|Gholdengo, L50|\n|teampreview|4\n|\n|t:|1731792172\n|start\n|switch|p1a: Smeargle|Smeargle, L50, M|100\/100\n|switch|p1b: Farigiraf|Farigiraf, L50, M|100\/100\n|switch|p2a: Rillaboom|Rillaboom, L50, F|100\/100\n|switch|p2b: Gholdengo|Gholdengo, L50|100\/100\n|-fieldstart|move: Grassy Terrain|[from] ability: Grassy Surge|[of] p2a: Rillaboom\n|turn|1\n|\n|t:|1731792184\n|move|p1a: Smeargle|Wide Guard|p1a: Smeargle\n|-singleturn|p1a: Smeargle|Wide Guard\n|move|p2b: Gholdengo|Nasty Plot|p2b: Gholdengo\n|-boost|p2b: Gholdengo|spa|2\n|move|p2a: Rillaboom|High Horsepower|p1a: Smeargle\n|-damage|p1a: Smeargle|25\/100\n|move|p1b: Farigiraf|Trick Room|p1b: Farigiraf\n|-fieldstart|move: Trick Room|[of] p1b: Farigiraf\n|\n|-heal|p1a: Smeargle|31\/100|[from] Grassy Terrain\n|-ability|p1a: Smeargle|Moody|boost\n|-boost|p1a: Smeargle|spd|2\n|-unboost|p1a: Smeargle|spe|1\n|-enditem|p1a: Smeargle|Eject Pack\n|upkeep\n|\n|t:|1731792188\n|switch|p1a: Torkoal|Torkoal, L50, F|100\/100\n|-weather|SunnyDay|[from] ability: Drought|[of] p1a: Torkoal\n|turn|2\n|\n|t:|1731792202\n|switch|p1b: Weezing|Weezing-Galar, L50, M|100\/100\n|-ability|p1b: Weezing|Neutralizing Gas\n|-terastallize|p1a: Torkoal|Fire\n|-terastallize|p2a: Rillaboom|Fire\n|move|p2b: Gholdengo|Protect|p2b: Gholdengo\n|-singleturn|p2b: Gholdengo|Protect\n|move|p1a: Torkoal|Eruption|p2a: Rillaboom|[spread] p2a\n|-activate|p2b: Gholdengo|move: Protect\n|-resisted|p2a: Rillaboom\n|-damage|p2a: Rillaboom|53\/100\n|move|p2a: Rillaboom|High Horsepower|p1a: Torkoal\n|-supereffective|p1a: Torkoal\n|-damage|p1a: Torkoal|53\/100\n|\n|-weather|SunnyDay|[upkeep]\n|-heal|p1a: Torkoal|59\/100|[from] Grassy Terrain\n|-heal|p2a: Rillaboom|59\/100|[from] Grassy Terrain\n|upkeep\n|turn|3\n|\n|t:|1731792231\n|switch|p2b: Incineroar|Incineroar, L50, M|100\/100\n|move|p1a: Torkoal|Eruption|p2b: Incineroar|[spread] p2a,p2b\n|-resisted|p2a: Rillaboom\n|-resisted|p2b: Incineroar\n|-crit|p2b: Incineroar\n|-damage|p2a: Rillaboom|29\/100\n|-damage|p2b: Incineroar|41\/100\n|move|p1b: Weezing|Sludge Bomb|p2a: Rillaboom\n|-damage|p2a: Rillaboom|0 fnt\n|faint|p2a: Rillaboom\n|\n|-weather|SunnyDay|[upkeep]\n|-heal|p1a: Torkoal|65\/100|[from] Grassy Terrain\n|-heal|p2b: Incineroar|47\/100|[from] Grassy Terrain\n|upkeep\n|\n|t:|1731792240\n|switch|p2a: Archaludon|Archaludon, L50, M|100\/100\n|turn|4\n|\n|t:|1731792283\n|move|p2b: Incineroar|Fake Out|p1a: Torkoal\n|-damage|p1a: Torkoal|56\/100\n|cant|p1a: Torkoal|flinch\n|move|p1b: Weezing|Dazzling Gleam|p2a: Archaludon|[spread] p2a,p2b\n|-damage|p2a: Archaludon|63\/100\n|-damage|p2b: Incineroar|26\/100\n|move|p2a: Archaludon|Electro Shot||[still]\n|-prepare|p2a: Archaludon|Electro Shot\n|-boost|p2a: Archaludon|spa|1\n|-enditem|p2a: Archaludon|Power Herb\n|-anim|p2a: Archaludon|Electro Shot|p1a: Torkoal\n|-damage|p1a: Torkoal|0 fnt\n|faint|p1a: Torkoal\n|\n|-weather|SunnyDay|[upkeep]\n|-heal|p2b: Incineroar|32\/100|[from] Grassy Terrain\n|-heal|p2a: Archaludon|69\/100|[from] Grassy Terrain\n|upkeep\n|\n|t:|1731792295\n|switch|p1a: Smeargle|Smeargle, L50, M|31\/100\n|turn|5\n|\n|t:|1731792306\n|switch|p2b: Gholdengo|Gholdengo, L50|100\/100\n|move|p2a: Archaludon|Protect|p2a: Archaludon\n|-singleturn|p2a: Archaludon|Protect\n|move|p1b: Weezing|Sludge Bomb|p2b: Gholdengo\n|-immune|p2b: Gholdengo\n|move|p1a: Smeargle|Spore|p2a: Archaludon\n|-activate|p2a: Archaludon|move: Protect\n|\n|-weather|SunnyDay|[upkeep]\n|-heal|p1a: Smeargle|38\/100|[from] Grassy Terrain\n|-heal|p2a: Archaludon|75\/100|[from] Grassy Terrain\n|-fieldend|move: Trick Room\n|-fieldend|move: Grassy Terrain\n|upkeep\n|turn|6\n|j| jdarcan\n|\n|t:|1731792318\n|move|p1a: Smeargle|Wide Guard|p1a: Smeargle\n|-singleturn|p1a: Smeargle|Wide Guard\n|move|p2a: Archaludon|Dragon Pulse|p1a: Smeargle\n|-damage|p1a: Smeargle|0 fnt\n|faint|p1a: Smeargle\n|move|p2b: Gholdengo|Make It Rain|p1b: Weezing\n|-activate|p1b: Weezing|move: Wide Guard\n|move|p1b: Weezing|Fire Blast|p2b: Gholdengo\n|-supereffective|p2b: Gholdengo\n|-damage|p2b: Gholdengo|0 fnt\n|faint|p2b: Gholdengo\n|\n|-weather|none\n|upkeep\n|\n|t:|1731792325\n|switch|p1a: Farigiraf|Farigiraf, L50, M|100\/100\n|switch|p2b: Incineroar|Incineroar, L50, M|32\/100\n|turn|7\n|\n|t:|1731792340\n|move|p2a: Archaludon|Flash Cannon|p1b: Weezing\n|-supereffective|p1b: Weezing\n|-damage|p1b: Weezing|0 fnt\n|faint|p1b: Weezing\n|-end|p1b: Weezing|ability: Neutralizing Gas\n|-ability|p2b: Incineroar|Intimidate|boost\n|-unboost|p1a: Farigiraf|atk|1\n|move|p2b: Incineroar|Knock Off|p1a: Farigiraf\n|-supereffective|p1a: Farigiraf\n|-damage|p1a: Farigiraf|29\/100\n|-enditem|p1a: Farigiraf|Mental Herb|[from] move: Knock Off|[of] p2b: Incineroar\n|move|p1a: Farigiraf|Trick Room|p1a: Farigiraf\n|-fieldstart|move: Trick Room|[of] p1a: Farigiraf\n|\n|upkeep\n|turn|8\n|\n|t:|1731792351\n|move|p1a: Farigiraf|Uproar|p2a: Archaludon\n|-resisted|p2a: Archaludon\n|-damage|p2a: Archaludon|47\/100\n|-start|p1a: Farigiraf|Uproar\n|move|p2b: Incineroar|Flare Blitz|p1a: Farigiraf\n|-damage|p1a: Farigiraf|0 fnt\n|faint|p1a: Farigiraf\n|-damage|p2b: Incineroar|21\/100|[from] Recoil\n|\n|win|VGCLTH SWM\n|raw|vgclth cuwutie's rating: 1817 &rarr; <strong>1798<\/strong><br \/>(-19 for losing)\n|raw|VGCLTH SWM's rating: 1840 &rarr; <strong>1859<\/strong><br \/>(+19 for winning)\n|l|\u2606vgclth cuwutie\n|player|p1|\n|j| chromate\n|l|\u2606VGCLTH SWM\n|player|p2|\n","uploadtime":1731792590,"views":59,"formatid":"gen9vgc2024regh","rating":1798,"private":0,"password":null}