{"id":"gen9vgc2024regh-2245252629","format":"[Gen 9] VGC 2024 Reg H","players":["redgannetVGC","VGCLTH low laddr"],"log":"|raw|<div class=\"broadcast-blue\"><strong>This battle is required to be public due to a player having a name starting with 'vgclth'.<\/div>\n|j|\u2606redgannetVGC\n|j|\u2606VGCLTH low laddr\n|t:|1731795577\n|gametype|doubles\n|player|p1|redgannetVGC|marlon|1739\n|player|p2|VGCLTH low laddr|lucas|1735\n|teamsize|p1|6\n|teamsize|p2|6\n|gen|9\n|tier|[Gen 9] VGC 2024 Reg H\n|rated|\n|rule|Species Clause: Limit one of each Pok\u00e9mon\n|rule|Item Clause: Limit 1 of each item\n|clearpoke\n|poke|p1|Ninetales-Alola, L50, M|\n|poke|p1|Dragonite, L50, F|\n|poke|p1|Gholdengo, L50|\n|poke|p1|Magmar, L50, M|\n|poke|p1|Ursaluna-Bloodmoon, L50, M|\n|poke|p1|Annihilape, L50, M|\n|poke|p2|Murkrow, L50, M|\n|poke|p2|Typhlosion-Hisui, L50, M|\n|poke|p2|Garchomp, L50, M|\n|poke|p2|Vivillon-Icy Snow, L50, F|\n|poke|p2|Archaludon, L50, M|\n|poke|p2|Primarina, L50, F|\n|teampreview|4\n|inactive|Battle timer is ON: inactive players will automatically lose when time's up. (requested by VGCLTH low laddr)\n|inactive|redgannetVGC has 60 seconds left.\n|inactive|VGCLTH low laddr has 60 seconds left.\n|j| jdarcan\n|inactive|VGCLTH low laddr has 30 seconds left.\n|inactive|VGCLTH low laddr has 20 seconds left.\n|inactive|VGCLTH low laddr has 15 seconds left.\n|\n|t:|1731795656\n|start\n|switch|p1a: Dragonite|Dragonite, L50, F|100\/100\n|switch|p1b: Magmar|Magmar, L50, M|100\/100\n|switch|p2a: Primarina|Primarina, L50, F|100\/100\n|switch|p2b: Archaludon|Archaludon, L50, M|100\/100\n|turn|1\n|inactive|redgannetVGC has 30 seconds left.\n|inactive|redgannetVGC has 20 seconds left.\n|inactive|redgannetVGC has 15 seconds left.\n|inactive|redgannetVGC has 10 seconds left.\n|\n|t:|1731795705\n|move|p2b: Archaludon|Protect|p2b: Archaludon\n|-singleturn|p2b: Archaludon|Protect\n|move|p1a: Dragonite|Scale Shot|p2b: Archaludon\n|-activate|p2b: Archaludon|move: Protect\n|move|p1b: Magmar|Overheat|p2b: Archaludon\n|-activate|p2b: Archaludon|move: Protect\n|move|p2a: Primarina|Hyper Voice|p1a: Dragonite|[spread] p1a,p1b\n|-resisted|p1a: Dragonite\n|-supereffective|p1b: Magmar\n|-damage|p1a: Dragonite|92\/100\n|-damage|p1b: Magmar|45\/100\n|\n|upkeep\n|turn|2\n|\n|t:|1731795720\n|-terastallize|p1b: Magmar|Grass\n|move|p1b: Magmar|Follow Me|p1b: Magmar\n|-singleturn|p1b: Magmar|move: Follow Me\n|move|p2b: Archaludon|Electro Shot||[still]\n|-prepare|p2b: Archaludon|Electro Shot\n|-boost|p2b: Archaludon|spa|1\n|-enditem|p2b: Archaludon|Power Herb\n|-anim|p2b: Archaludon|Electro Shot|p1b: Magmar\n|-resisted|p1b: Magmar\n|-damage|p1b: Magmar|20\/100\n|move|p1a: Dragonite|Scale Shot|p2b: Archaludon\n|-damage|p2b: Archaludon|88\/100\n|-damage|p2b: Archaludon|76\/100\n|-damage|p2b: Archaludon|64\/100\n|-damage|p2b: Archaludon|52\/100\n|-damage|p2b: Archaludon|40\/100\n|-hitcount|p2b: Archaludon|5\n|-unboost|p1a: Dragonite|def|1\n|-boost|p1a: Dragonite|spe|1\n|move|p2a: Primarina|Moonblast|p1b: Magmar\n|-damage|p1b: Magmar|0 fnt\n|faint|p1b: Magmar\n|\n|upkeep\n|inactive|redgannetVGC has 30 seconds left.\n|\n|t:|1731795750\n|switch|p1b: Ninetales|Ninetales-Alola, L50, M|100\/100\n|-weather|Snow|[from] ability: Snow Warning|[of] p1b: Ninetales\n|turn|3\n|\n|t:|1731795763\n|move|p1a: Dragonite|Scale Shot|p2b: Archaludon\n|-damage|p2b: Archaludon|27\/100\n|-damage|p2b: Archaludon|14\/100\n|-damage|p2b: Archaludon|3\/100\n|-damage|p2b: Archaludon|0 fnt\n|faint|p2b: Archaludon\n|-hitcount|p2: Archaludon|4\n|-unboost|p1a: Dragonite|def|1\n|-boost|p1a: Dragonite|spe|1\n|move|p1b: Ninetales|Aurora Veil|p1b: Ninetales\n|-sidestart|p1: redgannetVGC|move: Aurora Veil\n|move|p2a: Primarina|Moonblast|p1a: Dragonite\n|-supereffective|p1a: Dragonite\n|-damage|p1a: Dragonite|23\/100\n|\n|-weather|Snow|[upkeep]\n|upkeep\n|\n|t:|1731795774\n|switch|p2b: Garchomp|Garchomp, L50, M|100\/100\n|turn|4\n|inactive|redgannetVGC has 30 seconds left.\n|\n|t:|1731795804\n|move|p1a: Dragonite|Protect|p1a: Dragonite\n|-singleturn|p1a: Dragonite|Protect\n|move|p2b: Garchomp|Protect|p2b: Garchomp\n|-singleturn|p2b: Garchomp|Protect\n|move|p1b: Ninetales|Blizzard|p2a: Primarina|[spread] p2a\n|-activate|p2b: Garchomp|move: Protect\n|-resisted|p2a: Primarina\n|-damage|p2a: Primarina|90\/100\n|move|p2a: Primarina|Hyper Voice|p1a: Dragonite|[spread] p1b\n|-activate|p1a: Dragonite|move: Protect\n|-damage|p1b: Ninetales|77\/100\n|\n|-weather|Snow|[upkeep]\n|upkeep\n|turn|5\n|inactive|redgannetVGC has 30 seconds left.\n|\n|t:|1731795834\n|-terastallize|p2b: Garchomp|Steel\n|move|p1a: Dragonite|Scale Shot|p2b: Garchomp\n|-resisted|p2b: Garchomp\n|-damage|p2b: Garchomp|93\/100\n|-resisted|p2b: Garchomp\n|-damage|p2b: Garchomp|86\/100\n|-resisted|p2b: Garchomp\n|-damage|p2b: Garchomp|80\/100\n|-resisted|p2b: Garchomp\n|-damage|p2b: Garchomp|73\/100\n|-hitcount|p2b: Garchomp|4\n|-unboost|p1a: Dragonite|def|1\n|-boost|p1a: Dragonite|spe|1\n|move|p1b: Ninetales|Encore|p2b: Garchomp\n|-start|p2b: Garchomp|Encore\n|move|p2b: Garchomp|Protect|p2b: Garchomp\n|-singleturn|p2b: Garchomp|Protect\n|move|p2a: Primarina|Moonblast|p1b: Ninetales\n|-damage|p1b: Ninetales|45\/100\n|\n|-weather|Snow|[upkeep]\n|upkeep\n|turn|6\n|inactive|redgannetVGC has 30 seconds left.\n|inactive|VGCLTH low laddr has 30 seconds left.\n|\n|t:|1731795867\n|switch|p1b: Ursaluna|Ursaluna-Bloodmoon, L50, M|100\/100\n|switch|p2b: Vivillon|Vivillon-Icy Snow, L50, F, shiny|100\/100\n|move|p1a: Dragonite|Tailwind|p1a: Dragonite\n|-sidestart|p1: redgannetVGC|move: Tailwind\n|move|p2a: Primarina|Moonblast|p1a: Dragonite\n|-supereffective|p1a: Dragonite\n|-damage|p1a: Dragonite|0 fnt\n|faint|p1a: Dragonite\n|\n|-weather|Snow|[upkeep]\n|upkeep\n|inactive|redgannetVGC has 30 seconds left.\n|inactive|redgannetVGC has 20 seconds left.\n|inactive|redgannetVGC has 15 seconds left.\n|inactive|redgannetVGC has 10 seconds left.\n|inactive|redgannetVGC has 5 seconds left.\n|\n|t:|1731795922\n|switch|p1a: Ninetales|Ninetales-Alola, L50, M|45\/100\n|turn|7\n|inactive|VGCLTH low laddr has 30 seconds left.\n|\n|t:|1731795956\n|move|p2b: Vivillon|Protect|p2b: Vivillon\n|-singleturn|p2b: Vivillon|Protect\n|move|p2a: Primarina|Protect|p2a: Primarina\n|-singleturn|p2a: Primarina|Protect\n|move|p1a: Ninetales|Blizzard|p2b: Vivillon|[spread] \n|-activate|p2a: Primarina|move: Protect\n|-activate|p2b: Vivillon|move: Protect\n|move|p1b: Ursaluna|Hyper Voice|p2a: Primarina|[spread] \n|-activate|p2a: Primarina|move: Protect\n|-activate|p2b: Vivillon|move: Protect\n|\n|-weather|none\n|upkeep\n|turn|8\n|\n|t:|1731795977\n|move|p1a: Ninetales|Icy Wind|p2a: Primarina|[spread] p2a,p2b\n|-resisted|p2a: Primarina\n|-supereffective|p2b: Vivillon\n|-damage|p2a: Primarina|84\/100\n|-damage|p2b: Vivillon|43\/100\n|-unboost|p2a: Primarina|spe|1\n|-unboost|p2b: Vivillon|spe|1\n|move|p1b: Ursaluna|Hyper Voice|p2a: Primarina|[spread] p2a,p2b\n|-damage|p2a: Primarina|46\/100\n|-damage|p2b: Vivillon|0 fnt\n|-enditem|p2a: Primarina|Sitrus Berry|[eat]\n|-heal|p2a: Primarina|71\/100|[from] item: Sitrus Berry\n|faint|p2b: Vivillon\n|move|p2a: Primarina|Hyper Voice|p1a: Ninetales|[spread] p1a,p1b\n|-supereffective|p1b: Ursaluna\n|-damage|p1a: Ninetales|21\/100\n|-damage|p1b: Ursaluna|60\/100\n|\n|upkeep\n|\n|t:|1731795990\n|switch|p2b: Garchomp|Garchomp, L50, M, tera:Steel|73\/100\n|turn|9\n|\n|t:|1731796011\n|move|p2b: Garchomp|Protect|p2b: Garchomp\n|-singleturn|p2b: Garchomp|Protect\n|move|p1a: Ninetales|Icy Wind|p2a: Primarina|[spread] \n|-activate|p2b: Garchomp|move: Protect\n|-miss|p1a: Ninetales|p2a: Primarina\n|move|p1b: Ursaluna|Earth Power|p2b: Garchomp\n|-activate|p2b: Garchomp|move: Protect\n|move|p2a: Primarina|Hyper Voice|p1a: Ninetales|[spread] p1a,p1b\n|-supereffective|p1b: Ursaluna\n|-damage|p1a: Ninetales|0 fnt\n|-damage|p1b: Ursaluna|21\/100\n|faint|p1a: Ninetales\n|\n|-sideend|p1: redgannetVGC|move: Tailwind\n|upkeep\n|turn|10\n|\n|t:|1731796021\n|move|p2b: Garchomp|Stomping Tantrum|p1b: Ursaluna\n|-damage|p1b: Ursaluna|0 fnt\n|faint|p1b: Ursaluna\n|-damage|p2b: Garchomp|64\/100|[from] item: Life Orb\n|\n|win|VGCLTH low laddr\n|raw|redgannetVGC's rating: 1739 &rarr; <strong>1720<\/strong><br \/>(-19 for losing)\n|raw|VGCLTH low laddr's rating: 1751 &rarr; <strong>1770<\/strong><br \/>(+19 for winning)\n|l|\u2606VGCLTH low laddr\n|player|p2|\n","uploadtime":1731796291,"views":18,"formatid":"gen9vgc2024regh","rating":1720,"private":0,"password":null}