{"id":"gen9vgc2024regh-2245714412","format":"[Gen 9] VGC 2024 Reg H","players":["spaccas","VGCLTH skibidi"],"log":"|raw|<div class=\"broadcast-blue\"><strong>This battle is required to be public due to a player having a name starting with 'vgclth'.<\/div>\n|j|\u2606spaccas\n|j|\u2606VGCLTH skibidi\n|t:|1731868244\n|gametype|doubles\n|player|p1|spaccas|265|1668\n|player|p2|VGCLTH skibidi|piers-masters|1797\n|teamsize|p1|6\n|teamsize|p2|6\n|gen|9\n|tier|[Gen 9] VGC 2024 Reg H\n|rated|\n|rule|Species Clause: Limit one of each Pok\u00e9mon\n|rule|Item Clause: Limit 1 of each item\n|clearpoke\n|poke|p1|Archaludon, L50, M|\n|poke|p1|Pelipper, L50, F|\n|poke|p1|Basculegion, L50, M|\n|poke|p1|Salamence, L50, M|\n|poke|p1|Dondozo, L50, M|\n|poke|p1|Tatsugiri, L50, F|\n|poke|p2|Ceruledge, L50, F|\n|poke|p2|Gastrodon-East, L50, M|\n|poke|p2|Sneasler, L50, F|\n|poke|p2|Kingambit, L50, M|\n|poke|p2|Rillaboom, L50, M|\n|poke|p2|Dragonite, L50, M|\n|teampreview|4\n|inactive|Battle timer is ON: inactive players will automatically lose when time's up. (requested by VGCLTH skibidi)\nspaccas rejected open team sheets.\n|inactive|spaccas has 60 seconds left.\n|\n|t:|1731868286\n|start\n|switch|p1a: Basculegion|Basculegion, L50, M|100\/100\n|switch|p1b: Salamence|Salamence, L50, M|100\/100\n|switch|p2a: Let's go gambling|Sneasler, L50, F|100\/100\n|switch|p2b: Godlyreal|Kingambit, L50, M|100\/100\n|-ability|p1b: Salamence|Intimidate|boost\n|-unboost|p2a: Let's go gambling|atk|1\n|-unboost|p2b: Godlyreal|atk|1\n|-ability|p2b: Godlyreal|Defiant|boost\n|-boost|p2b: Godlyreal|atk|2\n|turn|1\n|\n|t:|1731868303\n|move|p2a: Let's go gambling|Fake Out|p1b: Salamence\n|-damage|p1b: Salamence|89\/100\n|move|p2b: Godlyreal|Sucker Punch|p1a: Basculegion\n|-supereffective|p1a: Basculegion\n|-damage|p1a: Basculegion|0 fnt\n|faint|p1a: Basculegion\n|cant|p1b: Salamence|flinch\n|\n|upkeep\n|\n|t:|1731868308\n|switch|p1a: Archaludon|Archaludon, L50, M|100\/100\n|turn|2\n|\n|t:|1731868323\n|-terastallize|p1a: Archaludon|Bug\n|move|p2a: Let's go gambling|Close Combat|p1a: Archaludon\n|-resisted|p1a: Archaludon\n|-damage|p1a: Archaludon|85\/100\n|-unboost|p2a: Let's go gambling|def|1\n|-unboost|p2a: Let's go gambling|spd|1\n|-ability|p1a: Archaludon|Stamina|boost\n|-boost|p1a: Archaludon|def|1\n|move|p1b: Salamence|Tailwind|p1b: Salamence\n|-sidestart|p1: spaccas|move: Tailwind\n|move|p1a: Archaludon|Body Press|p2b: Godlyreal\n|-supereffective|p2b: Godlyreal\n|-damage|p2b: Godlyreal|0 fnt\n|faint|p2b: Godlyreal\n|\n|upkeep\n|\n|t:|1731868330\n|switch|p2b: Joe Dog|Gastrodon-East, L50, M|100\/100\n|turn|3\n|\n|t:|1731868343\n|switch|p2a: Rizzler|Rillaboom, L50, M|100\/100\n|-fieldstart|move: Grassy Terrain|[from] ability: Grassy Surge|[of] p2a: Rizzler\n|move|p1b: Salamence|Protect|p1b: Salamence\n|-singleturn|p1b: Salamence|Protect\n|move|p1a: Archaludon|Dragon Pulse|p2a: Rizzler\n|-damage|p2a: Rizzler|51\/100\n|move|p2b: Joe Dog|Ice Beam|p1b: Salamence\n|-activate|p1b: Salamence|move: Protect\n|\n|-heal|p1a: Archaludon|91\/100|[from] Grassy Terrain\n|-heal|p2a: Rizzler|57\/100|[from] Grassy Terrain\n|upkeep\n|turn|4\n|\n|t:|1731868363\n|switch|p1b: Tatsugiri|Tatsugiri, L50, F|100\/100\n|move|p2a: Rizzler|Fake Out|p1b: Tatsugiri\n|-damage|p1b: Tatsugiri|71\/100\n|move|p1a: Archaludon|Dragon Pulse|p2a: Rizzler\n|-damage|p2a: Rizzler|0 fnt\n|faint|p2a: Rizzler\n|move|p2b: Joe Dog|Ice Beam|p1b: Tatsugiri\n|-damage|p1b: Tatsugiri|39\/100\n|\n|-heal|p1b: Tatsugiri|46\/100|[from] Grassy Terrain\n|-heal|p1a: Archaludon|97\/100|[from] Grassy Terrain\n|upkeep\n|\n|t:|1731868365\n|switch|p2a: Let's go gambling|Sneasler, L50, F|100\/100\n|turn|5\n|\n|t:|1731868382\n|move|p2a: Let's go gambling|Fake Out|p1a: Archaludon\n|-damage|p1a: Archaludon|89\/100\n|-ability|p1a: Archaludon|Stamina|boost\n|-boost|p1a: Archaludon|def|1\n|move|p1b: Tatsugiri|Draco Meteor|p2a: Let's go gambling\n|-damage|p2a: Let's go gambling|13\/100\n|-unboost|p1b: Tatsugiri|spa|2\n|cant|p1a: Archaludon|flinch\n|move|p2b: Joe Dog|Ice Beam|p1b: Tatsugiri\n|-damage|p1b: Tatsugiri|18\/100\n|\n|-heal|p1b: Tatsugiri|24\/100|[from] Grassy Terrain\n|-heal|p1a: Archaludon|95\/100|[from] Grassy Terrain\n|-heal|p2a: Let's go gambling|19\/100|[from] Grassy Terrain\n|-sideend|p1: spaccas|move: Tailwind\n|upkeep\n|turn|6\n|\n|t:|1731868399\n|-terastallize|p2b: Joe Dog|Flying\n|move|p2a: Let's go gambling|Dire Claw|p1a: Archaludon\n|-damage|p1a: Archaludon|77\/100\n|-ability|p1a: Archaludon|Stamina|boost\n|-boost|p1a: Archaludon|def|1\n|move|p1b: Tatsugiri|Taunt|p2b: Joe Dog\n|-start|p2b: Joe Dog|move: Taunt\n|move|p1a: Archaludon|Dragon Pulse|p2a: Let's go gambling\n|-damage|p2a: Let's go gambling|0 fnt\n|faint|p2a: Let's go gambling\n|move|p2b: Joe Dog|Ice Beam|p1b: Tatsugiri\n|-damage|p1b: Tatsugiri|0 fnt\n|faint|p1b: Tatsugiri\n|\n|-heal|p1a: Archaludon|83\/100|[from] Grassy Terrain\n|upkeep\n|\n|t:|1731868411\n|switch|p1b: Salamence|Salamence, L50, M|89\/100\n|-ability|p1b: Salamence|Intimidate|boost\n|-unboost|p2b: Joe Dog|atk|1\n|turn|7\n|\n|t:|1731868418\n|move|p1b: Salamence|Protect|p1b: Salamence\n|-singleturn|p1b: Salamence|Protect\n|move|p1a: Archaludon|Electro Shot||[still]\n|-prepare|p1a: Archaludon|Electro Shot\n|-boost|p1a: Archaludon|spa|1\n|move|p2b: Joe Dog|Ice Beam|p1a: Archaludon\n|-damage|p1a: Archaludon|68\/100\n|-ability|p1a: Archaludon|Stamina|boost\n|-boost|p1a: Archaludon|def|1\n|\n|-heal|p1a: Archaludon|74\/100|[from] Grassy Terrain\n|-fieldend|move: Grassy Terrain\n|upkeep\n|turn|8\n|\n|t:|1731868426\n|move|p1b: Salamence|Draco Meteor|p2b: Joe Dog\n|-damage|p2b: Joe Dog|52\/100\n|-unboost|p1b: Salamence|spa|2\n|move|p1a: Archaludon|Electro Shot|p2b: Joe Dog|[from]lockedmove\n|-supereffective|p2b: Joe Dog\n|-damage|p2b: Joe Dog|0 fnt\n|faint|p2b: Joe Dog\n|\n|win|spaccas\n|raw|spaccas's rating: 1668 &rarr; <strong>1695<\/strong><br \/>(+27 for winning)\n|raw|VGCLTH skibidi's rating: 1797 &rarr; <strong>1770<\/strong><br \/>(-27 for losing)\n|l|\u2606VGCLTH skibidi\n|player|p2|\n|l|\u2606spaccas\n|player|p1|\n","uploadtime":1731868691,"views":21,"formatid":"gen9vgc2024regh","rating":1695,"private":0,"password":null}