{"id":"gen9vgc2024regh-2245156038","format":"[Gen 9] VGC 2024 Reg H","players":["Capitan taquito","vgclth elowyn"],"log":"|raw|<div class=\"broadcast-blue\"><strong>This battle is required to be public due to a player having a name starting with 'vgclth'.<\/div>\n|j|\u2606Capitan taquito\n|j|\u2606vgclth elowyn\n|t:|1731783656\n|gametype|doubles\n|player|p1|Capitan taquito|170|1678\n|player|p2|vgclth elowyn|266|1763\n|teamsize|p1|6\n|teamsize|p2|6\n|gen|9\n|tier|[Gen 9] VGC 2024 Reg H\n|rated|\n|rule|Species Clause: Limit one of each Pok\u00e9mon\n|rule|Item Clause: Limit 1 of each item\n|clearpoke\n|poke|p1|Sneasler, L50, M|\n|poke|p1|Kingambit, L50, M|\n|poke|p1|Dragonite, L50, M|\n|poke|p1|Whimsicott, L50, M|\n|poke|p1|Typhlosion-Hisui, L50, F|\n|poke|p1|Garchomp, L50, M|\n|poke|p2|Dragonite, L50, F|\n|poke|p2|Sneasler, L50, M|\n|poke|p2|Electabuzz, L50, F|\n|poke|p2|Indeedee, L50, M|\n|poke|p2|Ursaluna-Bloodmoon, L50, M|\n|poke|p2|Talonflame, L50, M|\n|teampreview|4\n|inactive|Battle timer is ON: inactive players will automatically lose when time's up. (requested by Capitan taquito)\n|\n|t:|1731783708\n|start\n|switch|p1a: Sneasler|Sneasler, L50, M, shiny|100\/100\n|switch|p1b: Dragonite|Dragonite, L50, M|100\/100\n|switch|p2a: Sneasler|Sneasler, L50, M|100\/100\n|switch|p2b: Dragonite|Dragonite, L50, F|100\/100\n|turn|1\n|\n|t:|1731783733\n|-terastallize|p2b: Dragonite|Fairy\n|move|p1a: Sneasler|Coaching|p1b: Dragonite\n|-boost|p1b: Dragonite|atk|1\n|-boost|p1b: Dragonite|def|1\n|move|p2a: Sneasler|Dire Claw|p1b: Dragonite\n|-damage|p1b: Dragonite|69\/100\n|move|p2b: Dragonite|Scale Shot|p1a: Sneasler\n|-damage|p1a: Sneasler|77\/100\n|-damage|p1a: Sneasler|56\/100\n|-damage|p1a: Sneasler|33\/100\n|-crit|p1a: Sneasler\n|-damage|p1a: Sneasler|0 fnt\n|faint|p1a: Sneasler\n|-hitcount|p1: Sneasler|4\n|-unboost|p2b: Dragonite|def|1\n|-boost|p2b: Dragonite|spe|1\n|move|p1b: Dragonite|Scale Shot|p2a: Sneasler\n|-damage|p2a: Sneasler|65\/100\n|-damage|p2a: Sneasler|26\/100\n|-damage|p2a: Sneasler|0 fnt\n|faint|p2a: Sneasler\n|-hitcount|p2: Sneasler|3\n|-unboost|p1b: Dragonite|def|1\n|-boost|p1b: Dragonite|spe|1\n|\n|upkeep\n|\n|t:|1731783752\n|switch|p1a: Whimsicott|Whimsicott, L50, M|100\/100\n|switch|p2a: Talonflame|Talonflame, L50, M|100\/100\n|turn|2\n|\n|t:|1731783762\n|-terastallize|p1b: Dragonite|Normal\n|move|p1b: Dragonite|Extreme Speed|p2a: Talonflame\n|-damage|p2a: Talonflame|0 fnt\n|faint|p2a: Talonflame\n|move|p1a: Whimsicott|Tailwind|p1a: Whimsicott\n|-sidestart|p1: Capitan taquito|move: Tailwind\n|move|p2b: Dragonite|Scale Shot|p1b: Dragonite\n|-damage|p1b: Dragonite|55\/100\n|-damage|p1b: Dragonite|40\/100\n|-damage|p1b: Dragonite|26\/100\n|-damage|p1b: Dragonite|13\/100\n|-hitcount|p1b: Dragonite|4\n|-unboost|p2b: Dragonite|def|1\n|-boost|p2b: Dragonite|spe|1\n|\n|upkeep\n|\n|t:|1731783779\n|switch|p2a: Indeedee|Indeedee, L50, M|100\/100\n|-fieldstart|move: Psychic Terrain|[from] ability: Psychic Surge|[of] p2a: Indeedee\n|turn|3\n|\n|t:|1731783790\n|move|p2a: Indeedee|Protect|p2a: Indeedee\n|-singleturn|p2a: Indeedee|Protect\n|move|p1a: Whimsicott|Sunny Day|p1a: Whimsicott\n|-weather|SunnyDay\n|move|p1b: Dragonite|Haze|p1b: Dragonite\n|-clearallboost\n|move|p2b: Dragonite|Stomping Tantrum|p1b: Dragonite\n|-damage|p1b: Dragonite|0 fnt\n|faint|p1b: Dragonite\n|\n|-weather|SunnyDay|[upkeep]\n|upkeep\n|\n|t:|1731783800\n|switch|p1b: Typhlosion|Typhlosion-Hisui, L50, F|100\/100\n|-item|p2a: Indeedee|Focus Sash|[from] ability: Frisk|[of] p1b: Typhlosion\n|-item|p2b: Dragonite|Loaded Dice|[from] ability: Frisk|[of] p1b: Typhlosion\n|turn|4\n|inactive|vgclth elowyn has 30 seconds left.\n|\n|t:|1731783829\n|move|p1a: Whimsicott|Moonblast|p2a: Indeedee\n|-damage|p2a: Indeedee|65\/100\n|move|p1b: Typhlosion|Eruption|p2a: Indeedee|[spread] p2a,p2b\n|-damage|p2a: Indeedee|0 fnt\n|-damage|p2b: Dragonite|33\/100\n|faint|p2a: Indeedee\n|move|p2b: Dragonite|Scale Shot|p1b: Typhlosion\n|-damage|p1b: Typhlosion|80\/100\n|-damage|p1b: Typhlosion|59\/100\n|-damage|p1b: Typhlosion|37\/100\n|-damage|p1b: Typhlosion|19\/100\n|-hitcount|p1b: Typhlosion|4\n|-unboost|p2b: Dragonite|def|1\n|-boost|p2b: Dragonite|spe|1\n|\n|-weather|SunnyDay|[upkeep]\n|upkeep\n|turn|5\n|\n|t:|1731783838\n|move|p1a: Whimsicott|Moonblast|p2b: Dragonite\n|-damage|p2b: Dragonite|3\/100\n|move|p1b: Typhlosion|Eruption|p2b: Dragonite\n|-damage|p2b: Dragonite|0 fnt\n|faint|p2b: Dragonite\n|\n|win|Capitan taquito\n|raw|Capitan taquito's rating: 1678 &rarr; <strong>1703<\/strong><br \/>(+25 for winning)\n|raw|vgclth elowyn's rating: 1763 &rarr; <strong>1738<\/strong><br \/>(-25 for losing)\n|l|\u2606Capitan taquito\n|player|p1|\n","uploadtime":1731784043,"views":13,"formatid":"gen9vgc2024regh","rating":1703,"private":0,"password":null}