{"id":"gen9vgc2024regh-2245890533","format":"[Gen 9] VGC 2024 Reg H","players":["vgclth souly","eriksp"],"log":"|raw|<div class=\"broadcast-blue\"><strong>This battle is required to be public due to a player having a name starting with 'vgclth'.<\/div>\n|j|\u2606vgclth souly\n|j|\u2606eriksp\n|t:|1731889241\n|gametype|doubles\n|player|p1|vgclth souly|#smogonxnpa2024draftee|1848\n|player|p2|eriksp|volkner-masters|1814\n|teamsize|p1|6\n|teamsize|p2|6\n|gen|9\n|tier|[Gen 9] VGC 2024 Reg H\n|rated|\n|rule|Species Clause: Limit one of each Pok\u00e9mon\n|rule|Item Clause: Limit 1 of each item\n|clearpoke\n|poke|p1|Archaludon, L50, M|\n|poke|p1|Pelipper, L50, F|\n|poke|p1|Electabuzz, L50, F|\n|poke|p1|Kingambit, L50, M|\n|poke|p1|Rillaboom, L50, F|\n|poke|p1|Basculegion, L50, M|\n|poke|p2|Baxcalibur, L50, M|\n|poke|p2|Kingambit, L50, M|\n|poke|p2|Sneasler, L50, M|\n|poke|p2|Rillaboom, L50, M|\n|poke|p2|Volcarona, L50, M|\n|poke|p2|Basculegion, L50, M|\n|teampreview|4\neriksp has agreed to open team sheets.\nvgclth souly has agreed to open team sheets.\n|c|\u2606eriksp|glhf\n|c|\u2606vgclth souly|U2\n|inactive|Battle timer is ON: inactive players will automatically lose when time's up. (requested by vgclth souly)\n|c|\u2606eriksp|wait what mod are you\n|j| qiyevgc\n|c|\u2606eriksp|that avatar is sick\n|c|\u2606vgclth souly|It's from NPA a teamleague\n|inactive|eriksp has 60 seconds left.\n|\n|t:|1731889288\n|start\n|switch|p1a: Pelipper|Pelipper, L50, F|100\/100\n|switch|p1b: Archaludon|Archaludon, L50, M|100\/100\n|switch|p2a: Phife|Rillaboom, L50, M, shiny|100\/100\n|switch|p2b: K-Dot|Kingambit, L50, M, shiny|100\/100\n|-fieldstart|move: Grassy Terrain|[from] ability: Grassy Surge|[of] p2a: Phife\n|-weather|RainDance|[from] ability: Drizzle|[of] p1a: Pelipper\n|turn|1\n|c|\u2606eriksp|oh\n|\n|t:|1731889310\n|-terastallize|p2b: K-Dot|Ghost\n|move|p1a: Pelipper|Protect|p1a: Pelipper\n|-singleturn|p1a: Pelipper|Protect\n|move|p2a: Phife|Taunt|p1a: Pelipper\n|-activate|p1a: Pelipper|move: Protect\n|move|p1b: Archaludon|Electro Shot||[still]\n|-prepare|p1b: Archaludon|Electro Shot\n|-boost|p1b: Archaludon|spa|1\n|-anim|p1b: Archaludon|Electro Shot|p2b: K-Dot\n|-damage|p2b: K-Dot|67\/100\n|move|p2b: K-Dot|Low Kick|p1b: Archaludon\n|-supereffective|p1b: Archaludon\n|-damage|p1b: Archaludon|58\/100\n|-ability|p1b: Archaludon|Stamina|boost\n|-boost|p1b: Archaludon|def|1\n|\n|-weather|RainDance|[upkeep]\n|-heal|p1b: Archaludon|64\/100|[from] Grassy Terrain\n|-heal|p1b: Archaludon|70\/100|[from] item: Leftovers\n|-heal|p2b: K-Dot|73\/100|[from] Grassy Terrain\n|upkeep\n|turn|2\n|inactive|vgclth souly has 30 seconds left.\n|\n|t:|1731889337\n|switch|p1a: Kingambit|Kingambit, L50, M|100\/100\n|move|p2a: Phife|Grassy Glide|p1a: Kingambit\n|-resisted|p1a: Kingambit\n|-damage|p1a: Kingambit|83\/100\n|move|p2b: K-Dot|Sucker Punch||[still]\n|-fail|p2b: K-Dot\n|move|p1b: Archaludon|Electro Shot||[still]\n|-prepare|p1b: Archaludon|Electro Shot\n|-boost|p1b: Archaludon|spa|1\n|-anim|p1b: Archaludon|Electro Shot|p2b: K-Dot\n|-damage|p2b: K-Dot|30\/100\n|\n|-weather|RainDance|[upkeep]\n|-heal|p1b: Archaludon|77\/100|[from] Grassy Terrain\n|-heal|p1b: Archaludon|83\/100|[from] item: Leftovers\n|-heal|p1a: Kingambit|89\/100|[from] Grassy Terrain\n|-heal|p2b: K-Dot|36\/100|[from] Grassy Terrain\n|upkeep\n|turn|3\n|\n|t:|1731889349\n|switch|p2a: Basculegion|Basculegion, L50, M|100\/100\n|move|p1a: Kingambit|Sucker Punch|p2b: K-Dot\n|-supereffective|p2b: K-Dot\n|-damage|p2b: K-Dot|0 fnt\n|faint|p2b: K-Dot\n|move|p1b: Archaludon|Electro Shot||[still]\n|-prepare|p1b: Archaludon|Electro Shot\n|-boost|p1b: Archaludon|spa|1\n|-anim|p1b: Archaludon|Electro Shot|p2a: Basculegion\n|-supereffective|p2a: Basculegion\n|-damage|p2a: Basculegion|0 fnt\n|faint|p2a: Basculegion\n|\n|-weather|RainDance|[upkeep]\n|-heal|p1b: Archaludon|89\/100|[from] Grassy Terrain\n|-heal|p1b: Archaludon|95\/100|[from] item: Leftovers\n|-heal|p1a: Kingambit|95\/100|[from] Grassy Terrain\n|upkeep\n|\n|t:|1731889354\n|switch|p2a: Volcarona|Volcarona, L50, M|100\/100\n|switch|p2b: Phife|Rillaboom, L50, M, shiny|100\/100\n|turn|4\n|\n|t:|1731889359\n|move|p2a: Volcarona|Heat Wave|p1a: Kingambit|[spread] p1a,p1b\n|-supereffective|p1a: Kingambit\n|-damage|p1a: Kingambit|62\/100\n|-damage|p1b: Archaludon|80\/100\n|-ability|p1b: Archaludon|Stamina|boost\n|-boost|p1b: Archaludon|def|1\n|move|p2b: Phife|Wood Hammer|p1a: Kingambit\n|-resisted|p1a: Kingambit\n|-damage|p1a: Kingambit|28\/100\n|-damage|p2b: Phife|89\/100|[from] Recoil\n|move|p1b: Archaludon|Electro Shot||[still]\n|-prepare|p1b: Archaludon|Electro Shot\n|-boost|p1b: Archaludon|spa|1\n|-anim|p1b: Archaludon|Electro Shot|p2a: Volcarona\n|-damage|p2a: Volcarona|9\/100\n|move|p1a: Kingambit|Swords Dance|p1a: Kingambit\n|-boost|p1a: Kingambit|atk|2\n|\n|-weather|RainDance|[upkeep]\n|-heal|p2a: Volcarona|16\/100|[from] Grassy Terrain\n|-heal|p2b: Phife|95\/100|[from] Grassy Terrain\n|-heal|p1b: Archaludon|86\/100|[from] Grassy Terrain\n|-heal|p1b: Archaludon|92\/100|[from] item: Leftovers\n|-heal|p1a: Kingambit|34\/100|[from] Grassy Terrain\n|upkeep\n|turn|5\n|\n|t:|1731889367\n|move|p2a: Volcarona|Protect|p2a: Volcarona\n|-singleturn|p2a: Volcarona|Protect\n|move|p1a: Kingambit|Sucker Punch||[still]\n|-fail|p1a: Kingambit\n|move|p2b: Phife|Wood Hammer|p1a: Kingambit\n|-resisted|p1a: Kingambit\n|-damage|p1a: Kingambit|1\/100\n|-damage|p2b: Phife|84\/100|[from] Recoil\n|move|p1b: Archaludon|Flash Cannon|p2b: Phife\n|-damage|p2b: Phife|0 fnt\n|faint|p2b: Phife\n|\n|-weather|none\n|-heal|p2a: Volcarona|22\/100|[from] Grassy Terrain\n|-heal|p1b: Archaludon|98\/100|[from] Grassy Terrain\n|-heal|p1b: Archaludon|100\/100|[from] item: Leftovers\n|-heal|p1a: Kingambit|7\/100|[from] Grassy Terrain\n|-fieldend|move: Grassy Terrain\n|upkeep\n|turn|6\n|\n|t:|1731889374\n|move|p1a: Kingambit|Sucker Punch|p2a: Volcarona\n|-damage|p2a: Volcarona|0 fnt\n|faint|p2a: Volcarona\n|\n|win|vgclth souly\n|raw|vgclth souly's rating: 1848 &rarr; <strong>1866<\/strong><br \/>(+18 for winning)\n|raw|eriksp's rating: 1814 &rarr; <strong>1796<\/strong><br \/>(-18 for losing)\n|l|\u2606eriksp\n|player|p2|\n|j| UGCL\n|l| UGCL\n","uploadtime":1731889558,"views":35,"formatid":"gen9vgc2024regh","rating":1796,"private":0,"password":null}