{"id":"gen9vgc2024regh-2245605662","format":"[Gen 9] VGC 2024 Reg H","players":["winterbreak","Gancelot"],"log":"|j|\u2606winterbreak\n|j|\u2606Gancelot\n|t:|1731854435\n|gametype|doubles\n|player|p1|winterbreak|lucas-gen4pt|1754\n|player|p2|Gancelot|morty|1696\n|teamsize|p1|6\n|teamsize|p2|6\n|gen|9\n|tier|[Gen 9] VGC 2024 Reg H\n|rated|\n|rule|Species Clause: Limit one of each Pok\u00e9mon\n|rule|Item Clause: Limit 1 of each item\n|clearpoke\n|poke|p1|Annihilape, L50, F|\n|poke|p1|Sinistcha, L50|\n|poke|p1|Pyroar, L50, F|\n|poke|p1|Archaludon, L50, F|\n|poke|p1|Sableye, L50, M|\n|poke|p1|Ursaluna-Bloodmoon, L50, M|\n|poke|p2|Dragonite, L50, F|\n|poke|p2|Kingambit, L50, F|\n|poke|p2|Electabuzz, L50, F|\n|poke|p2|Sneasler, L50, M|\n|poke|p2|Rillaboom, L50, M|\n|poke|p2|Volcarona, L50, F|\n|teampreview|4\n|\n|t:|1731854511\n|start\n|switch|p1a: Archaludon|Archaludon, L50, F|100\/100\n|switch|p1b: Sableye|Sableye, L50, M|100\/100\n|switch|p2a: Dragonite|Dragonite, L50, F|100\/100\n|switch|p2b: Kingambit|Kingambit, L50, F|100\/100\n|turn|1\n|inactive|Battle timer is ON: inactive players will automatically lose when time's up. (requested by Gancelot)\n|\n|t:|1731854536\n|move|p1b: Sableye|Reflect|p1b: Sableye\n|-sidestart|p1: winterbreak|Reflect\n|move|p2a: Dragonite|Scale Shot|p1b: Sableye\n|-damage|p1b: Sableye|88\/100\n|-damage|p1b: Sableye|75\/100\n|-damage|p1b: Sableye|63\/100\n|-damage|p1b: Sableye|50\/100\n|-hitcount|p1b: Sableye|4\n|-unboost|p2a: Dragonite|def|1\n|-boost|p2a: Dragonite|spe|1\n|move|p1a: Archaludon|Stealth Rock|p2a: Dragonite\n|-sidestart|p2: Gancelot|move: Stealth Rock\n|move|p2b: Kingambit|Swords Dance|p2b: Kingambit\n|-boost|p2b: Kingambit|atk|2\n|\n|upkeep\n|turn|2\n|inactive|winterbreak has 30 seconds left.\n|\n|t:|1731854569\n|move|p1b: Sableye|Will-O-Wisp|p2a: Dragonite|[miss]\n|-miss|p1b: Sableye|p2a: Dragonite\n|move|p2a: Dragonite|Scale Shot|p1b: Sableye\n|-damage|p1b: Sableye|37\/100\n|-damage|p1b: Sableye|25\/100\n|-damage|p1b: Sableye|13\/100\n|-damage|p1b: Sableye|0 fnt\n|faint|p1b: Sableye\n|-hitcount|p1: Sableye|4\n|-unboost|p2a: Dragonite|def|1\n|-boost|p2a: Dragonite|spe|1\n|move|p1a: Archaludon|Body Press|p2b: Kingambit\n|-supereffective|p2b: Kingambit\n|-damage|p2b: Kingambit|18\/100\n|move|p2b: Kingambit|Kowtow Cleave|p1a: Archaludon\n|-damage|p1a: Archaludon|46\/100\n|-ability|p1a: Archaludon|Stamina|boost\n|-boost|p1a: Archaludon|def|1\n|-enditem|p1a: Archaludon|Sitrus Berry|[eat]\n|-heal|p1a: Archaludon|71\/100|[from] item: Sitrus Berry\n|\n|upkeep\n|\n|t:|1731854580\n|switch|p1b: Annihilape|Annihilape, L50, F|100\/100\n|turn|3\n|\n|t:|1731854598\n|move|p2a: Dragonite|Protect|p2a: Dragonite\n|-singleturn|p2a: Dragonite|Protect\n|move|p2b: Kingambit|Sucker Punch||[still]\n|-fail|p2b: Kingambit\n|move|p1b: Annihilape|Drain Punch|p2b: Kingambit\n|-supereffective|p2b: Kingambit\n|-damage|p2b: Kingambit|0 fnt\n|faint|p2b: Kingambit\n|move|p1a: Archaludon|Roar|p2a: Dragonite\n|drag|p2a: Sneasler|Sneasler, L50, M|100\/100\n|-damage|p2a: Sneasler|95\/100|[from] Stealth Rock\n|\n|upkeep\n|\n|t:|1731854610\n|switch|p2b: Volcarona|Volcarona, L50, F|100\/100\n|-damage|p2b: Volcarona|50\/100|[from] Stealth Rock\n|turn|4\n|inactive|winterbreak has 30 seconds left.\n|inactive|winterbreak has 20 seconds left.\n|inactive|winterbreak has 15 seconds left.\n|inactive|winterbreak has 10 seconds left.\n|\n|t:|1731854656\n|-terastallize|p1a: Archaludon|Flying\n|move|p2a: Sneasler|Close Combat|p1a: Archaludon\n|-resisted|p1a: Archaludon\n|-damage|p1a: Archaludon|61\/100\n|-unboost|p2a: Sneasler|def|1\n|-unboost|p2a: Sneasler|spd|1\n|-ability|p1a: Archaludon|Stamina|boost\n|-boost|p1a: Archaludon|def|1\n|move|p1b: Annihilape|Bulk Up|p1b: Annihilape\n|-boost|p1b: Annihilape|atk|1\n|-boost|p1b: Annihilape|def|1\n|move|p2b: Volcarona|Quiver Dance|p2b: Volcarona\n|-boost|p2b: Volcarona|spa|1\n|-boost|p2b: Volcarona|spd|1\n|-boost|p2b: Volcarona|spe|1\n|move|p1a: Archaludon|Roar|p2b: Volcarona\n|drag|p2b: Dragonite|Dragonite, L50, F|100\/100\n|-damage|p2b: Dragonite|76\/100|[from] Stealth Rock\n|\n|upkeep\n|turn|5\n|-message|Gancelot forfeited.\n|\n|win|winterbreak\n|raw|winterbreak's rating: 1754 &rarr; <strong>1771<\/strong><br \/>(+17 for winning)\n|raw|Gancelot's rating: 1696 &rarr; <strong>1679<\/strong><br \/>(-17 for losing)\n|l|\u2606Gancelot\n|player|p2|\n","uploadtime":1731854818,"views":22,"formatid":"gen9vgc2024regh","rating":1679,"private":0,"password":null}