{"id":"gen9vgc2024regh-2245827054","format":"[Gen 9] VGC 2024 Reg H","players":["tex771","VGCLTH SWM"],"log":"|raw|<div class=\"broadcast-blue\"><strong>This battle is required to be public due to a player having a name starting with 'vgclth'.<\/div>\n|j|\u2606tex771\n|j|\u2606VGCLTH SWM\n|t:|1731881330\n|gametype|doubles\n|player|p1|tex771|101|1752\n|player|p2|VGCLTH SWM|hugh|1856\n|teamsize|p1|6\n|teamsize|p2|6\n|gen|9\n|tier|[Gen 9] VGC 2024 Reg H\n|rated|\n|rule|Species Clause: Limit one of each Pok\u00e9mon\n|rule|Item Clause: Limit 1 of each item\n|clearpoke\n|poke|p1|Archaludon, L50, M|\n|poke|p1|Annihilape, L50, M|\n|poke|p1|Whimsicott, L50, M|\n|poke|p1|Ninetales-Alola, L50, M|\n|poke|p1|Indeedee, L50, M|\n|poke|p1|Armarouge, L50, M|\n|poke|p2|Pelipper, L50, M|\n|poke|p2|Archaludon, L50, F|\n|poke|p2|Rillaboom, L50, F|\n|poke|p2|Sneasler, L50, F|\n|poke|p2|Incineroar, L50, F|\n|poke|p2|Gholdengo, L50|\n|teampreview|4\n|j|%Tb0lt\n|\n|t:|1731881359\n|start\n|switch|p1a: Annihilape|Annihilape, L50, M|100\/100\n|switch|p1b: Whimsicott|Whimsicott, L50, M, shiny|100\/100\n|switch|p2a: Archaludon|Archaludon, L50, F|100\/100\n|switch|p2b: Pelipper|Pelipper, L50, M|100\/100\n|-weather|RainDance|[from] ability: Drizzle|[of] p2b: Pelipper\n|turn|1\n|\n|t:|1731881395\n|-terastallize|p1a: Annihilape|Water\n|move|p2b: Pelipper|Tailwind|p2b: Pelipper\n|-sidestart|p2: VGCLTH SWM|move: Tailwind\n|move|p2a: Archaludon|Electro Shot||[still]\n|-prepare|p2a: Archaludon|Electro Shot\n|-boost|p2a: Archaludon|spa|1\n|-anim|p2a: Archaludon|Electro Shot|p1a: Annihilape\n|-supereffective|p1a: Annihilape\n|-damage|p1a: Annihilape|0 fnt\n|faint|p1a: Annihilape\n|move|p1b: Whimsicott|Beat Up|p1: Annihilape|[notarget]\n|-fail|p1b: Whimsicott\n|\n|-weather|RainDance|[upkeep]\n|upkeep\n|inactive|Battle timer is ON: inactive players will automatically lose when time's up. (requested by VGCLTH SWM)\n|j| futonkagebunshin\n|\n|t:|1731881425\n|switch|p1a: Ninetales|Ninetales-Alola, L50, M|100\/100\n|-weather|Snow|[from] ability: Snow Warning|[of] p1a: Ninetales\n|turn|2\n|\n|t:|1731881434\n|switch|p2b: Rillaboom|Rillaboom, L50, F|100\/100\n|-fieldstart|move: Grassy Terrain|[from] ability: Grassy Surge|[of] p2b: Rillaboom\n|move|p1b: Whimsicott|Tailwind|p1b: Whimsicott\n|-sidestart|p1: tex771|move: Tailwind\n|move|p1a: Ninetales|Blizzard|p2b: Rillaboom|[spread] p2a,p2b\n|-supereffective|p2b: Rillaboom\n|-damage|p2a: Archaludon|23\/100\n|-damage|p2b: Rillaboom|40\/100\n|move|p2a: Archaludon|Flash Cannon|p1a: Ninetales\n|-supereffective|p1a: Ninetales\n|-damage|p1a: Ninetales|0 fnt\n|faint|p1a: Ninetales\n|\n|-weather|Snow|[upkeep]\n|-heal|p2a: Archaludon|29\/100|[from] Grassy Terrain\n|-heal|p2b: Rillaboom|45\/100|[from] Grassy Terrain\n|upkeep\n|\n|t:|1731881444\n|switch|p1a: Archaludon|Archaludon, L50, M|100\/100\n|turn|3\n|inactive|tex771 has 30 seconds left.\n|\n|t:|1731881472\n|move|p1b: Whimsicott|Moonblast|p2a: Archaludon\n|-damage|p2a: Archaludon|0 fnt\n|faint|p2a: Archaludon\n|move|p1a: Archaludon|Body Press|p2b: Rillaboom\n|-damage|p2b: Rillaboom|25\/100\n|move|p2b: Rillaboom|High Horsepower|p1a: Archaludon\n|-supereffective|p1a: Archaludon\n|-damage|p1a: Archaludon|50\/100\n|-ability|p1a: Archaludon|Stamina|boost\n|-boost|p1a: Archaludon|def|1\n|\n|-weather|Snow|[upkeep]\n|-heal|p1a: Archaludon|56\/100|[from] Grassy Terrain\n|-heal|p2b: Rillaboom|31\/100|[from] Grassy Terrain\n|upkeep\n|\n|t:|1731881480\n|switch|p2a: Sneasler|Sneasler, L50, F|100\/100\n|-enditem|p2a: Sneasler|Grassy Seed\n|-boost|p2a: Sneasler|def|1|[from] item: Grassy Seed\n|turn|4\n|inactive|tex771 has 30 seconds left.\n|\n|t:|1731881511\n|move|p2a: Sneasler|Close Combat|p1a: Archaludon\n|-supereffective|p1a: Archaludon\n|-damage|p1a: Archaludon|0 fnt\n|-unboost|p2a: Sneasler|def|1\n|-unboost|p2a: Sneasler|spd|1\n|faint|p1a: Archaludon\n|move|p1b: Whimsicott|Moonblast|p2a: Sneasler\n|-damage|p2a: Sneasler|24\/100\n|move|p2b: Rillaboom|Wood Hammer|p1b: Whimsicott\n|-resisted|p1b: Whimsicott\n|-damage|p1b: Whimsicott|47\/100\n|-damage|p2b: Rillaboom|19\/100|[from] Recoil\n|\n|-weather|Snow|[upkeep]\n|-heal|p2a: Sneasler|29\/100|[from] Grassy Terrain\n|-heal|p1b: Whimsicott|53\/100|[from] Grassy Terrain\n|-heal|p2b: Rillaboom|25\/100|[from] Grassy Terrain\n|-sideend|p2: VGCLTH SWM|move: Tailwind\n|upkeep\n|turn|5\n|\n|t:|1731881520\n|move|p1b: Whimsicott|Moonblast|p2a: Sneasler\n|-damage|p2a: Sneasler|0 fnt\n|faint|p2a: Sneasler\n|move|p2b: Rillaboom|Wood Hammer|p1b: Whimsicott\n|-resisted|p1b: Whimsicott\n|-damage|p1b: Whimsicott|0 fnt\n|faint|p1b: Whimsicott\n|-damage|p2b: Rillaboom|14\/100|[from] Recoil\n|\n|win|VGCLTH SWM\n|raw|tex771's rating: 1752 &rarr; <strong>1738<\/strong><br \/>(-14 for losing)\n|raw|VGCLTH SWM's rating: 1856 &rarr; <strong>1870<\/strong><br \/>(+14 for winning)\n|l|\u2606tex771\n|player|p1|\n|l|%Tb0lt\n|l| futonkagebunshin\n","uploadtime":1731881658,"views":26,"formatid":"gen9vgc2024regh","rating":1738,"private":0,"password":null}