{"id":"gen9vgc2024regh-2245927568","format":"[Gen 9] VGC 2024 Reg H","players":["VGCLTH Sac gaming","alumilana"],"log":"|raw|<div class=\"broadcast-blue\"><strong>This battle is required to be public due to a player having a name starting with 'vgclth'.<\/div>\n|j|\u2606VGCLTH Sac gaming\n|j|\u203dalumilana\n|t:|1731893965\n|gametype|doubles\n|player|p1|VGCLTH Sac gaming|steven|1645\n|player|p2|alumilana|marley|1746\n|teamsize|p1|6\n|teamsize|p2|6\n|gen|9\n|tier|[Gen 9] VGC 2024 Reg H\n|rated|\n|rule|Species Clause: Limit one of each Pok\u00e9mon\n|rule|Item Clause: Limit 1 of each item\n|clearpoke\n|poke|p1|Whimsicott, L50, F|\n|poke|p1|Dragonite, L50, M|\n|poke|p1|Ursaluna-Bloodmoon, L50, M|\n|poke|p1|Gholdengo, L50|\n|poke|p1|Incineroar, L50, F|\n|poke|p1|Annihilape, L50, F|\n|poke|p2|Dragonite, L50, F|\n|poke|p2|Gholdengo, L50|\n|poke|p2|Ursaluna-Bloodmoon, L50, M|\n|poke|p2|Sneasler, L50, M|\n|poke|p2|Incineroar, L50, M|\n|poke|p2|Rillaboom, L50, F|\n|teampreview|4\n|inactive|Battle timer is ON: inactive players will automatically lose when time's up. (requested by alumilana)\nVGCLTH Sac gaming has agreed to open team sheets.\n|inactive|VGCLTH Sac gaming has 60 seconds left.\n|\n|t:|1731894007\n|start\n|switch|p1a: Whimsicott|Whimsicott, L50, F|100\/100\n|switch|p1b: Annihilape|Annihilape, L50, F|100\/100\n|switch|p2a: Gholdengo|Gholdengo, L50|100\/100\n|switch|p2b: Ursaluna|Ursaluna-Bloodmoon, L50, M|100\/100\n|turn|1\n|\n|t:|1731894016\n|-terastallize|p1b: Annihilape|Fighting\n|move|p1a: Whimsicott|Tailwind|p1a: Whimsicott\n|-sidestart|p1: VGCLTH Sac gaming|move: Tailwind\n|move|p1b: Annihilape|Close Combat|p2b: Ursaluna\n|-supereffective|p2b: Ursaluna\n|-damage|p2b: Ursaluna|0 fnt\n|-unboost|p1b: Annihilape|def|1\n|-unboost|p1b: Annihilape|spd|1\n|faint|p2b: Ursaluna\n|move|p2a: Gholdengo|Trick|p1b: Annihilape\n|-activate|p2a: Gholdengo|move: Trick|[of] p1b: Annihilape\n|-item|p1b: Annihilape|Choice Scarf|[from] move: Trick\n|-item|p2a: Gholdengo|Safety Goggles|[from] move: Trick\n|\n|upkeep\n|\n|t:|1731894027\n|switch|p2b: Sneasler|Sneasler, L50, M|100\/100\n|turn|2\n|\n|t:|1731894038\n|move|p1b: Annihilape|Close Combat|p2b: Sneasler\n|-resisted|p2b: Sneasler\n|-damage|p2b: Sneasler|37\/100\n|-unboost|p1b: Annihilape|def|1\n|-unboost|p1b: Annihilape|spd|1\n|move|p1a: Whimsicott|Moonblast|p2b: Sneasler\n|-damage|p2b: Sneasler|0 fnt\n|faint|p2b: Sneasler\n|move|p2a: Gholdengo|Make It Rain|p1b: Annihilape|[spread] p1a,p1b\n|-supereffective|p1a: Whimsicott\n|-enditem|p1a: Whimsicott|Focus Sash\n|-damage|p1a: Whimsicott|1\/100\n|-damage|p1b: Annihilape|0 fnt\n|-unboost|p2a: Gholdengo|spa|1\n|faint|p1b: Annihilape\n|\n|upkeep\n|\n|t:|1731894052\n|switch|p2b: Dragonite|Dragonite, L50, F|100\/100\n|switch|p1b: Incineroar|Incineroar, L50, F|100\/100\n|-ability|p1b: Incineroar|Intimidate|boost\n|-unboost|p2a: Gholdengo|atk|1\n|-unboost|p2b: Dragonite|atk|1\n|turn|3\n|\n|t:|1731894073\n|switch|p1a: Ursaluna|Ursaluna-Bloodmoon, L50, M|100\/100\n|move|p2a: Gholdengo|Protect|p2a: Gholdengo\n|-singleturn|p2a: Gholdengo|Protect\n|move|p2b: Dragonite|Extreme Speed|p1a: Ursaluna\n|-damage|p1a: Ursaluna|85\/100\n|move|p1b: Incineroar|Flare Blitz|p2a: Gholdengo\n|-activate|p2a: Gholdengo|move: Protect\n|\n|upkeep\n|turn|4\n|\n|t:|1731894084\n|move|p1b: Incineroar|Knock Off|p2a: Gholdengo\n|-supereffective|p2a: Gholdengo\n|-damage|p2a: Gholdengo|14\/100\n|-enditem|p2a: Gholdengo|Safety Goggles|[from] move: Knock Off|[of] p1b: Incineroar\n|move|p1a: Ursaluna|Earth Power|p2a: Gholdengo\n|-supereffective|p2a: Gholdengo\n|-crit|p2a: Gholdengo\n|-damage|p2a: Gholdengo|0 fnt\n|faint|p2a: Gholdengo\n|move|p2b: Dragonite|Scale Shot|p1a: Ursaluna\n|-damage|p1a: Ursaluna|77\/100\n|-damage|p1a: Ursaluna|70\/100\n|-crit|p1a: Ursaluna\n|-damage|p1a: Ursaluna|50\/100\n|-damage|p1a: Ursaluna|43\/100\n|-damage|p1a: Ursaluna|36\/100\n|-hitcount|p1a: Ursaluna|5\n|-unboost|p2b: Dragonite|def|1\n|-boost|p2b: Dragonite|spe|1\n|-enditem|p1b: Incineroar|Mirror Herb\n|-boost|p1b: Incineroar|spe|1|[from] item: Mirror Herb\n|\n|-sideend|p1: VGCLTH Sac gaming|move: Tailwind\n|upkeep\n|turn|5\n|\n|t:|1731894098\n|move|p1a: Ursaluna|Vacuum Wave|p2b: Dragonite\n|-resisted|p2b: Dragonite\n|-damage|p2b: Dragonite|96\/100\n|move|p2b: Dragonite|Scale Shot|p1a: Ursaluna\n|-damage|p1a: Ursaluna|28\/100\n|-damage|p1a: Ursaluna|21\/100\n|-damage|p1a: Ursaluna|14\/100\n|-damage|p1a: Ursaluna|6\/100\n|-hitcount|p1a: Ursaluna|4\n|-unboost|p2b: Dragonite|def|1\n|-boost|p2b: Dragonite|spe|1\n|move|p1b: Incineroar|Knock Off|p2b: Dragonite\n|-damage|p2b: Dragonite|0 fnt\n|-enditem|p2b: Dragonite|Loaded Dice|[from] move: Knock Off|[of] p1b: Incineroar\n|faint|p2b: Dragonite\n|\n|win|VGCLTH Sac gaming\n|raw|VGCLTH Sac gaming's rating: 1645 &rarr; <strong>1671<\/strong><br \/>(+26 for winning)\n|raw|alumilana's rating: 1746 &rarr; <strong>1720<\/strong><br \/>(-26 for losing)\n","uploadtime":1731894101,"views":12,"formatid":"gen9vgc2024regh","rating":1671,"private":0,"password":null}