{"id":"gen9vgc2024regh-2245308899","format":"[Gen 9] VGC 2024 Reg H","players":["Hikawari","Zordor"],"log":"|j|\u2606Hikawari\n|j|\u2606Zordor\n|t:|1731802842\n|gametype|doubles\n|player|p1|Hikawari|1|1737\n|player|p2|Zordor|pilot|1798\n|teamsize|p1|6\n|teamsize|p2|6\n|gen|9\n|tier|[Gen 9] VGC 2024 Reg H\n|rated|\n|rule|Species Clause: Limit one of each Pok\u00e9mon\n|rule|Item Clause: Limit 1 of each item\n|clearpoke\n|poke|p1|Sneasler, L50, F|\n|poke|p1|Murkrow, L50, M|\n|poke|p1|Gholdengo, L50|\n|poke|p1|Indeedee, L50, M|\n|poke|p1|Annihilape, L50, F|\n|poke|p1|Sinistcha, L50|\n|poke|p2|Rotom-Wash, L50|\n|poke|p2|Sneasler, L50, M|\n|poke|p2|Armarouge, L50, M|\n|poke|p2|Venusaur, L50, F|\n|poke|p2|Hydreigon, L50, F|\n|poke|p2|Scizor, L50, M|\n|teampreview|4\n|inactive|Battle timer is ON: inactive players will automatically lose when time's up. (requested by Hikawari)\nHikawari has agreed to open team sheets.\n|inactive|Zordor has 60 seconds left.\n|\n|t:|1731802894\n|start\n|switch|p1a: Murkrow|Murkrow, L50, M|100\/100\n|switch|p1b: Gholdengo|Gholdengo, L50|100\/100\n|switch|p2a: Scizor|Scizor, L50, M|100\/100\n|switch|p2b: Sneasler|Sneasler, L50, M|100\/100\n|turn|1\n|\n|t:|1731802904\n|move|p2b: Sneasler|Close Combat|p1a: Murkrow\n|-damage|p1a: Murkrow|35\/100\n|-unboost|p2b: Sneasler|def|1\n|-unboost|p2b: Sneasler|spd|1\n|move|p1b: Gholdengo|Shadow Ball|p2a: Scizor\n|-damage|p2a: Scizor|51\/100\n|move|p1a: Murkrow|Foul Play|p2a: Scizor\n|-damage|p2a: Scizor|2\/100\n|move|p2a: Scizor|Knock Off|p1b: Gholdengo\n|-supereffective|p1b: Gholdengo\n|-damage|p1b: Gholdengo|31\/100\n|-enditem|p1b: Gholdengo|Choice Specs|[from] move: Knock Off|[of] p2a: Scizor\n|\n|upkeep\n|turn|2\n|inactive|Zordor has 30 seconds left.\n|inactive|Zordor has 20 seconds left.\n|inactive|Zordor has 15 seconds left.\n|\n|t:|1731802946\n|move|p1a: Murkrow|Tailwind|p1a: Murkrow\n|-sidestart|p1: Hikawari|move: Tailwind\n|move|p2a: Scizor|Bullet Punch|p1a: Murkrow\n|-damage|p1a: Murkrow|1\/100\n|move|p1b: Gholdengo|Make It Rain|p2b: Sneasler|[spread] p2a,p2b\n|-resisted|p2a: Scizor\n|-damage|p2a: Scizor|0 fnt\n|-enditem|p2b: Sneasler|Focus Sash\n|-damage|p2b: Sneasler|1\/100\n|-unboost|p1b: Gholdengo|spa|1\n|faint|p2a: Scizor\n|move|p2b: Sneasler|Rock Tomb|p1b: Gholdengo|[miss]\n|-miss|p2b: Sneasler|p1b: Gholdengo\n|\n|upkeep\n|\n|t:|1731802964\n|switch|p2a: Hydreigon|Hydreigon, L50, F|100\/100\n|turn|3\n|\n|t:|1731802974\n|move|p2b: Sneasler|Dire Claw|p1a: Murkrow\n|-damage|p1a: Murkrow|0 fnt\n|faint|p1a: Murkrow\n|move|p1b: Gholdengo|Make It Rain|p2a: Hydreigon|[spread] p2a,p2b\n|-damage|p2a: Hydreigon|66\/100\n|-damage|p2b: Sneasler|0 fnt\n|-unboost|p1b: Gholdengo|spa|1\n|faint|p2b: Sneasler\n|move|p2a: Hydreigon|Snarl|p1b: Gholdengo\n|-supereffective|p1b: Gholdengo\n|-damage|p1b: Gholdengo|0 fnt\n|faint|p1b: Gholdengo\n|\n|upkeep\n|\n|t:|1731802982\n|switch|p2b: Armarouge|Armarouge, L50, M|100\/100\n|switch|p1b: Sneasler|Sneasler, L50, F, shiny|100\/100\n|switch|p1a: Annihilape|Annihilape, L50, F, shiny|100\/100\n|turn|4\n|\n|t:|1731803006\n|-terastallize|p1b: Sneasler|Dark\n|-terastallize|p2b: Armarouge|Dark\n|move|p2a: Hydreigon|Protect|p2a: Hydreigon\n|-singleturn|p2a: Hydreigon|Protect\n|move|p1b: Sneasler|Throat Chop|p2b: Armarouge\n|-resisted|p2b: Armarouge\n|-damage|p2b: Armarouge|76\/100\n|-start|p2b: Armarouge|Throat Chop|[silent]\n|-damage|p1b: Sneasler|91\/100|[from] item: Life Orb\n|move|p1a: Annihilape|Drain Punch|p2b: Armarouge\n|-supereffective|p2b: Armarouge\n|-damage|p2b: Armarouge|15\/100\n|move|p2b: Armarouge|Psychic|p1b: Sneasler\n|-immune|p1b: Sneasler\n|\n|upkeep\n|turn|5\n|\n|t:|1731803027\n|move|p2a: Hydreigon|Protect|p2a: Hydreigon\n|-singleturn|p2a: Hydreigon|Protect\n|move|p1b: Sneasler|Close Combat|p2a: Hydreigon\n|-activate|p2a: Hydreigon|move: Protect\n|move|p1a: Annihilape|Drain Punch|p2b: Armarouge\n|-supereffective|p2b: Armarouge\n|-damage|p2b: Armarouge|0 fnt\n|faint|p2b: Armarouge\n|\n|-sideend|p1: Hikawari|move: Tailwind\n|upkeep\n|turn|6\n|-message|Zordor forfeited.\n|\n|win|Hikawari\n|raw|Hikawari's rating: 1737 &rarr; <strong>1760<\/strong><br \/>(+23 for winning)\n|raw|Zordor's rating: 1798 &rarr; <strong>1775<\/strong><br \/>(-23 for losing)\n|l|\u2606Zordor\n|player|p2|\n|l|\u2606Hikawari\n|player|p1|\n","uploadtime":1731803251,"views":23,"formatid":"gen9vgc2024regh","rating":1760,"private":0,"password":null}