{"id":"gen9vgc2024regh-2245647938","format":"[Gen 9] VGC 2024 Reg H","players":["onworkhan92","VGCLTH skibidi"],"log":"|raw|<div class=\"broadcast-blue\"><strong>This battle is required to be public due to a player having a name starting with 'vgclth'.<\/div>\n|j|\u2606onworkhan92\n|j|\u2606VGCLTH skibidi\n|t:|1731860141\n|gametype|doubles\n|player|p1|onworkhan92|101|1658\n|player|p2|VGCLTH skibidi|piers-masters|1751\n|teamsize|p1|6\n|teamsize|p2|6\n|gen|9\n|tier|[Gen 9] VGC 2024 Reg H\n|rated|\n|rule|Species Clause: Limit one of each Pok\u00e9mon\n|rule|Item Clause: Limit 1 of each item\n|clearpoke\n|poke|p1|Ursaluna, L50, F|\n|poke|p1|Basculegion, L50, M|\n|poke|p1|Dragonite, L50, M|\n|poke|p1|Archaludon, L50, M|\n|poke|p1|Pelipper, L50, M|\n|poke|p1|Sinistcha, L50|\n|poke|p2|Farigiraf, L50, M|\n|poke|p2|Armarouge, L50, M|\n|poke|p2|Annihilape, L50, F|\n|poke|p2|Indeedee-F, L50, F|\n|poke|p2|Torkoal, L50, M|\n|poke|p2|Lilligant-Hisui, L50, F|\n|teampreview|4\n|inactive|Battle timer is ON: inactive players will automatically lose when time's up. (requested by VGCLTH skibidi)\n|\n|t:|1731860171\n|start\n|switch|p1a: Basculegion|Basculegion, L50, M|100\/100\n|switch|p1b: Dragonite|Dragonite, L50, M|100\/100\n|switch|p2a: Armarouge|Armarouge, L50, M|100\/100\n|switch|p2b: Annihilape|Annihilape, L50, F|100\/100\n|turn|1\n|\n|t:|1731860196\n|-terastallize|p2a: Armarouge|Psychic\n|move|p2a: Armarouge|Endure|p2a: Armarouge\n|-singleturn|p2a: Armarouge|move: Endure\n|move|p2b: Annihilape|U-turn|p2a: Armarouge\n|-supereffective|p2a: Armarouge\n|-damage|p2a: Armarouge|60\/100\n|-ability|p2a: Armarouge|Weak Armor|boost\n|-unboost|p2a: Armarouge|def|1\n|-boost|p2a: Armarouge|spe|2\n|-enditem|p2a: Armarouge|Weakness Policy\n|-boost|p2a: Armarouge|atk|2|[from] item: Weakness Policy\n|-boost|p2a: Armarouge|spa|2|[from] item: Weakness Policy\n|\n|t:|1731860202\n|switch|p2b: Indeedee|Indeedee-F, L50, F|100\/100|[from] U-turn\n|-fieldstart|move: Psychic Terrain|[from] ability: Psychic Surge|[of] p2b: Indeedee\n|move|p1a: Basculegion|Flip Turn|p2a: Armarouge\n|-activate|p2a: Armarouge|move: Endure\n|-damage|p2a: Armarouge|1\/100\n|-ability|p2a: Armarouge|Weak Armor|boost\n|-unboost|p2a: Armarouge|def|1\n|-boost|p2a: Armarouge|spe|2\n|\n|t:|1731860211\n|switch|p1a: Pelipper|Pelipper, L50, M|100\/100|[from] Flip Turn\n|-weather|RainDance|[from] ability: Drizzle|[of] p1a: Pelipper\n|move|p1b: Dragonite|Scale Shot|p2a: Armarouge\n|-activate|p2a: Armarouge|move: Endure\n|-damage|p2a: Armarouge|1\/100\n|-ability|p2a: Armarouge|Weak Armor|boost\n|-unboost|p2a: Armarouge|def|1\n|-boost|p2a: Armarouge|spe|2\n|-activate|p2a: Armarouge|move: Endure\n|-damage|p2a: Armarouge|1\/100\n|-ability|p2a: Armarouge|Weak Armor|boost\n|-unboost|p2a: Armarouge|def|1\n|-activate|p2a: Armarouge|move: Endure\n|-damage|p2a: Armarouge|1\/100\n|-ability|p2a: Armarouge|Weak Armor|boost\n|-unboost|p2a: Armarouge|def|1\n|-activate|p2a: Armarouge|move: Endure\n|-damage|p2a: Armarouge|1\/100\n|-ability|p2a: Armarouge|Weak Armor|boost\n|-unboost|p2a: Armarouge|def|1\n|-activate|p2a: Armarouge|move: Endure\n|-damage|p2a: Armarouge|1\/100\n|-hitcount|p2a: Armarouge|5\n|-unboost|p1b: Dragonite|def|1\n|-boost|p1b: Dragonite|spe|1\n|\n|-weather|RainDance|[upkeep]\n|upkeep\n|turn|2\n|\n|t:|1731860233\n|move|p2b: Indeedee|Follow Me|p2b: Indeedee\n|-singleturn|p2b: Indeedee|move: Follow Me\n|move|p2a: Armarouge|Stored Power|p1b: Dragonite\n|-damage|p1b: Dragonite|0 fnt\n|faint|p1b: Dragonite\n|move|p1a: Pelipper|Muddy Water|p2b: Indeedee|[spread] p2a,p2b\n|-crit|p2a: Armarouge\n|-damage|p2a: Armarouge|0 fnt\n|-damage|p2b: Indeedee|52\/100\n|-unboost|p2b: Indeedee|accuracy|1\n|faint|p2a: Armarouge\n|\n|-weather|RainDance|[upkeep]\n|upkeep\n|\n|t:|1731860246\n|switch|p2a: Annihilape|Annihilape, L50, F|100\/100\n|switch|p1b: Basculegion|Basculegion, L50, M|100\/100\n|turn|3\n|inactive|VGCLTH skibidi has 30 seconds left.\n|\n|t:|1731860278\n|switch|p2b: Torkoal|Torkoal, L50, M|100\/100\n|-weather|SunnyDay|[from] ability: Drought|[of] p2b: Torkoal\n|move|p2a: Annihilape|Close Combat|p1a: Pelipper\n|-resisted|p1a: Pelipper\n|-damage|p1a: Pelipper|70\/100\n|-unboost|p2a: Annihilape|def|1\n|-unboost|p2a: Annihilape|spd|1\n|move|p1b: Basculegion|Flip Turn|p2b: Torkoal\n|-supereffective|p2b: Torkoal\n|-damage|p2b: Torkoal|69\/100\n|\n|t:|1731860289\n|switch|p1b: Sinistcha|Sinistcha, L50|100\/100|[from] Flip Turn\n|-heal|p1a: Pelipper|95\/100|[from] ability: Hospitality|[of] p1b: Sinistcha\n|move|p1a: Pelipper|Hurricane|p2a: Annihilape\n|-supereffective|p2a: Annihilape\n|-damage|p2a: Annihilape|0 fnt\n|faint|p2a: Annihilape\n|\n|-weather|SunnyDay|[upkeep]\n|upkeep\n|\n|t:|1731860293\n|switch|p2a: Indeedee|Indeedee-F, L50, F|52\/100\n|turn|4\n|inactive|VGCLTH skibidi has 30 seconds left.\n|j| Seaksos\n|\n|t:|1731860327\n|switch|p1a: Basculegion|Basculegion, L50, M|100\/100\n|-terastallize|p1b: Sinistcha|Dark\n|move|p1b: Sinistcha|Matcha Gotcha|p2a: Indeedee|[spread] p2a,p2b\n|-crit|p2a: Indeedee\n|-resisted|p2b: Torkoal\n|-damage|p2a: Indeedee|18\/100\n|-damage|p2b: Torkoal|51\/100\n|-status|p2a: Indeedee|brn\n|move|p2b: Torkoal|Heat Wave|p1b: Sinistcha|[spread] p1a,p1b\n|-resisted|p1a: Basculegion\n|-damage|p1a: Basculegion|59\/100\n|-damage|p1b: Sinistcha|35\/100\n|-enditem|p1b: Sinistcha|Sitrus Berry|[eat]\n|-heal|p1b: Sinistcha|60\/100|[from] item: Sitrus Berry\n|move|p2a: Indeedee|Trick Room|p2a: Indeedee\n|-fieldstart|move: Trick Room|[of] p2a: Indeedee\n|\n|-weather|SunnyDay|[upkeep]\n|-damage|p2a: Indeedee|12\/100 brn|[from] brn\n|upkeep\n|turn|5\n|l| Seaksos\n|inactive|onworkhan92 has 30 seconds left.\n|\n|t:|1731860356\n|switch|p1a: Pelipper|Pelipper, L50, M|95\/100\n|-weather|RainDance|[from] ability: Drizzle|[of] p1a: Pelipper\n|move|p2b: Torkoal|Heat Wave|p1a: Pelipper|[spread] p1b\n|-miss|p2b: Torkoal|p1a: Pelipper\n|-damage|p1b: Sinistcha|41\/100\n|move|p2a: Indeedee|Psychic|p1a: Pelipper\n|-damage|p1a: Pelipper|28\/100\n|move|p1b: Sinistcha|Life Dew|p1b: Sinistcha|[spread] p1a,p1b\n|-heal|p1a: Pelipper|53\/100\n|-heal|p1b: Sinistcha|66\/100\n|\n|-weather|RainDance|[upkeep]\n|-damage|p2a: Indeedee|6\/100 brn|[from] brn\n|-fieldend|move: Psychic Terrain\n|upkeep\n|turn|6\n|\n|t:|1731860374\n|move|p1a: Pelipper|Protect|p1a: Pelipper\n|-singleturn|p1a: Pelipper|Protect\n|move|p2b: Torkoal|Heat Wave|p1a: Pelipper|[spread] p1b\n|-activate|p1a: Pelipper|move: Protect\n|-damage|p1b: Sinistcha|45\/100\n|move|p2a: Indeedee|Psychic|p1a: Pelipper\n|-activate|p1a: Pelipper|move: Protect\n|move|p1b: Sinistcha|Life Dew|p1b: Sinistcha|[spread] p1a,p1b\n|-heal|p1a: Pelipper|78\/100\n|-heal|p1b: Sinistcha|70\/100\n|\n|-weather|RainDance|[upkeep]\n|-damage|p2a: Indeedee|0 fnt|[from] brn\n|faint|p2a: Indeedee\n|upkeep\n|turn|7\n|\n|t:|1731860392\n|move|p2b: Torkoal|Heat Wave|p1b: Sinistcha|[spread] p1a,p1b\n|-resisted|p1a: Pelipper\n|-damage|p1a: Pelipper|58\/100\n|-damage|p1b: Sinistcha|52\/100\n|-status|p1b: Sinistcha|brn\n|move|p1b: Sinistcha|Matcha Gotcha|p2b: Torkoal\n|-resisted|p2b: Torkoal\n|-damage|p2b: Torkoal|30\/100\n|-heal|p1b: Sinistcha|62\/100 brn|[from] drain|[of] p2b: Torkoal\n|move|p1a: Pelipper|Hurricane|p2b: Torkoal\n|-damage|p2b: Torkoal|0 fnt\n|faint|p2b: Torkoal\n|\n|win|onworkhan92\n|raw|onworkhan92's rating: 1658 &rarr; <strong>1683<\/strong><br \/>(+25 for winning)\n|raw|VGCLTH skibidi's rating: 1751 &rarr; <strong>1726<\/strong><br \/>(-25 for losing)\n|l|\u2606VGCLTH skibidi\n|player|p2|\n|l|\u2606onworkhan92\n|player|p1|\n","uploadtime":1731860408,"views":21,"formatid":"gen9vgc2024regh","rating":1683,"private":0,"password":null}