{"id":"gen9vgc2024regh-2245683693","format":"[Gen 9] VGC 2024 Reg H","players":["PoissonSale","vgclth papaneth"],"log":"|j|\u2606PoissonSale\n|j|\u2606vgclth papaneth\n|t:|1731864564\n|gametype|doubles\n|player|p1|PoissonSale|lucas|1642\n|player|p2|vgclth papaneth|rood|1777\n|teamsize|p1|6\n|teamsize|p2|6\n|gen|9\n|tier|[Gen 9] VGC 2024 Reg H\n|rated|\n|rule|Species Clause: Limit one of each Pok\u00e9mon\n|rule|Item Clause: Limit 1 of each item\n|clearpoke\n|poke|p1|Dragonite, L50, M|\n|poke|p1|Whimsicott, L50, M|\n|poke|p1|Cinderace, L50, F|\n|poke|p1|Farigiraf, L50, M|\n|poke|p1|Typhlosion-Hisui, L50, F|\n|poke|p1|Archaludon, L50, F|\n|poke|p2|Tyranitar, L50, F|\n|poke|p2|Gengar, L50, M|\n|poke|p2|Kommo-o, L50, M|\n|poke|p2|Rillaboom, L50, F|\n|poke|p2|Annihilape, L50, M|\n|poke|p2|Whimsicott, L50, M|\n|teampreview|4\n|inactive|Battle timer is ON: inactive players will automatically lose when time's up. (requested by vgclth papaneth)\n|inactive|PoissonSale has 60 seconds left.\n|inactive|vgclth papaneth has 60 seconds left.\n|\n|t:|1731864618\n|start\n|switch|p1a: Typhlosion|Typhlosion-Hisui, L50, F|100\/100\n|switch|p1b: Whimsicott|Whimsicott, L50, M|100\/100\n|switch|p2a: Tyranitar|Tyranitar, L50, F, shiny|100\/100\n|switch|p2b: Whimsicott|Whimsicott, L50, M|100\/100\n|-item|p2a: Tyranitar|Assault Vest|[from] ability: Frisk|[of] p1a: Typhlosion\n|-item|p2b: Whimsicott|Coba Berry|[from] ability: Frisk|[of] p1a: Typhlosion\n|-weather|Sandstorm|[from] ability: Sand Stream|[of] p2a: Tyranitar\n|turn|1\n|\n|t:|1731864645\n|move|p1b: Whimsicott|Sunny Day|p1b: Whimsicott\n|-weather|SunnyDay\n|move|p2b: Whimsicott|Tailwind|p2b: Whimsicott\n|-sidestart|p2: vgclth papaneth|move: Tailwind\n|move|p1a: Typhlosion|Focus Blast|p2a: Tyranitar\n|-supereffective|p2a: Tyranitar\n|-damage|p2a: Tyranitar|0 fnt\n|faint|p2a: Tyranitar\n|\n|-weather|SunnyDay|[upkeep]\n|upkeep\n|\n|t:|1731864657\n|switch|p2a: Annihilape|Annihilape, L50, M|100\/100\n|turn|2\n|\n|t:|1731864668\n|switch|p1a: Cinderace|Cinderace, L50, F|100\/100\n|move|p2b: Whimsicott|Encore|p1b: Whimsicott\n|-start|p1b: Whimsicott|Encore\n|move|p1b: Whimsicott|Sunny Day||[still]\n|-fail|p1b: Whimsicott\n|move|p2a: Annihilape|Shadow Claw|p1a: Cinderace\n|-damage|p1a: Cinderace|61\/100\n|\n|-weather|SunnyDay|[upkeep]\n|upkeep\n|turn|3\n|\n|t:|1731864688\n|switch|p1b: Typhlosion|Typhlosion-Hisui, L50, F|100\/100\n|-item|p2a: Annihilape|Choice Scarf|[from] ability: Frisk|[of] p1b: Typhlosion\n|-item|p2b: Whimsicott|Coba Berry|[from] ability: Frisk|[of] p1b: Typhlosion\n|move|p2a: Annihilape|Shadow Claw|p1a: Cinderace\n|-damage|p1a: Cinderace|24\/100\n|move|p2b: Whimsicott|Moonblast|p1a: Cinderace\n|-resisted|p1a: Cinderace\n|-damage|p1a: Cinderace|4\/100\n|move|p1a: Cinderace|Pyro Ball|p2a: Annihilape\n|-damage|p2a: Annihilape|0 fnt\n|faint|p2a: Annihilape\n|\n|-weather|SunnyDay|[upkeep]\n|upkeep\n|\n|t:|1731864696\n|switch|p2a: Kommo-o|Kommo-o, L50, M|100\/100\n|turn|4\n|\n|t:|1731864711\n|move|p2b: Whimsicott|Moonblast|p1b: Typhlosion\n|-resisted|p1b: Typhlosion\n|-damage|p1b: Typhlosion|81\/100\n|move|p2a: Kommo-o|Clanging Scales|p1b: Typhlosion|[spread] p1a,p1b\n|-damage|p1a: Cinderace|0 fnt\n|-damage|p1b: Typhlosion|22\/100\n|faint|p1a: Cinderace\n|-unboost|p2a: Kommo-o|def|1\n|-damage|p2a: Kommo-o|91\/100|[from] item: Life Orb\n|move|p1b: Typhlosion|Heat Wave|p2b: Whimsicott|[spread] p2a,p2b\n|-resisted|p2a: Kommo-o\n|-supereffective|p2b: Whimsicott\n|-damage|p2a: Kommo-o|57\/100\n|-damage|p2b: Whimsicott|0 fnt\n|faint|p2b: Whimsicott\n|\n|-weather|SunnyDay|[upkeep]\n|-sideend|p2: vgclth papaneth|move: Tailwind\n|upkeep\n|\n|t:|1731864718\n|switch|p1a: Whimsicott|Whimsicott, L50, M|100\/100\n|turn|5\n|\n|t:|1731864722\n|-terastallize|p2a: Kommo-o|Fire\n|move|p1a: Whimsicott|Tailwind|p1a: Whimsicott\n|-sidestart|p1: PoissonSale|move: Tailwind\n|move|p1b: Typhlosion|Heat Wave|p2a: Kommo-o\n|-resisted|p2a: Kommo-o\n|-damage|p2a: Kommo-o|12\/100\n|move|p2a: Kommo-o|Flamethrower|p1a: Whimsicott\n|-supereffective|p1a: Whimsicott\n|-enditem|p1a: Whimsicott|Focus Sash\n|-damage|p1a: Whimsicott|1\/100\n|-status|p1a: Whimsicott|brn\n|-damage|p2a: Kommo-o|2\/100|[from] item: Life Orb\n|\n|-weather|none\n|-damage|p1a: Whimsicott|0 fnt|[from] brn\n|faint|p1a: Whimsicott\n|upkeep\n|\n|t:|1731864725\n|switch|p1a: Archaludon|Archaludon, L50, F|100\/100\n|turn|6\n|-message|vgclth papaneth forfeited.\n|\n|win|PoissonSale\n|raw|PoissonSale's rating: 1642 &rarr; <strong>1669<\/strong><br \/>(+27 for winning)\n|raw|vgclth papaneth's rating: 1777 &rarr; <strong>1750<\/strong><br \/>(-27 for losing)\n|l|\u2606vgclth papaneth\n|player|p2|\n|l|\u2606PoissonSale\n|player|p1|\n","uploadtime":1731864941,"views":19,"formatid":"gen9vgc2024regh","rating":1669,"private":0,"password":null}