{"id":"gen9vgc2024regh-2245223171","format":"[Gen 9] VGC 2024 Reg H","players":["Ratrap","eriksp2"],"log":"|j|\u2606Ratrap\n|j|\u2606eriksp2\n|t:|1731791896\n|gametype|doubles\n|player|p1|Ratrap|elesa|1658\n|player|p2|eriksp2|volkner-masters|1701\n|teamsize|p1|6\n|teamsize|p2|6\n|gen|9\n|tier|[Gen 9] VGC 2024 Reg H\n|rated|\n|rule|Species Clause: Limit one of each Pok\u00e9mon\n|rule|Item Clause: Limit 1 of each item\n|clearpoke\n|poke|p1|Meowscarada, L50, F|\n|poke|p1|Primeape, L50, M|\n|poke|p1|Dragonite, L50, F|\n|poke|p1|Incineroar, L50, M|\n|poke|p1|Archaludon, L50, M|\n|poke|p1|Ninetales-Alola, L50, F|\n|poke|p2|Baxcalibur, L50, F|\n|poke|p2|Kingambit, L50, M|\n|poke|p2|Sneasler, L50, M|\n|poke|p2|Rillaboom, L50, M|\n|poke|p2|Volcarona, L50, F|\n|poke|p2|Basculegion, L50, M|\n|teampreview|4\n|inactive|Battle timer is ON: inactive players will automatically lose when time's up. (requested by Ratrap)\neriksp2 has agreed to open team sheets.\n|inactive|eriksp2 has 60 seconds left.\n|\n|t:|1731791943\n|start\n|switch|p1a: Meowscarada|Meowscarada, L50, F|100\/100\n|switch|p1b: Primeape|Primeape, L50, M|100\/100\n|switch|p2a: Basculegion|Basculegion, L50, M|100\/100\n|switch|p2b: Aaliyah|Sneasler, L50, M|100\/100\n|turn|1\n|\n|t:|1731791966\n|-terastallize|p2a: Basculegion|Fairy\n|-terastallize|p1a: Meowscarada|Ghost\n|move|p1b: Primeape|Protect|p1b: Primeape\n|-singleturn|p1b: Primeape|Protect\n|move|p2b: Aaliyah|Fake Out|p1a: Meowscarada\n|-immune|p1a: Meowscarada\n|move|p2a: Basculegion|Tera Blast|p1b: Primeape|[anim] Tera Blast Fairy\n|-activate|p1b: Primeape|move: Protect\n|move|p1a: Meowscarada|Flower Trick|p2a: Basculegion\n|-crit|p2a: Basculegion\n|-damage|p2a: Basculegion|38\/100\n|\n|upkeep\n|turn|2\n|\n|t:|1731791988\n|move|p2a: Basculegion|Tera Blast|p1a: Meowscarada|[anim] Tera Blast Fairy\n|-damage|p1a: Meowscarada|5\/100\n|move|p1a: Meowscarada|Flower Trick|p2a: Basculegion\n|-crit|p2a: Basculegion\n|-damage|p2a: Basculegion|0 fnt\n|faint|p2a: Basculegion\n|move|p2b: Aaliyah|Dire Claw|p1a: Meowscarada\n|-resisted|p1a: Meowscarada\n|-damage|p1a: Meowscarada|0 fnt\n|faint|p1a: Meowscarada\n|move|p1b: Primeape|Rage Fist|p2b: Aaliyah\n|-damage|p2b: Aaliyah|80\/100\n|\n|upkeep\n|\n|t:|1731791998\n|switch|p1a: Incineroar|Incineroar, L50, M|100\/100\n|switch|p2a: Volcarona|Volcarona, L50, F|100\/100\n|-ability|p1a: Incineroar|Intimidate|boost\n|-unboost|p2a: Volcarona|atk|1\n|-unboost|p2b: Aaliyah|atk|1\n|turn|3\n|j| 5nake\n|inactive|Ratrap has 30 seconds left.\n|inactive|Ratrap has 20 seconds left.\n|inactive|Ratrap has 15 seconds left.\n|\n|t:|1731792045\n|switch|p2b: Baxcalibur|Baxcalibur, L50, F|100\/100\n|move|p1b: Primeape|Rage Fist|p2b: Baxcalibur\n|-damage|p2b: Baxcalibur|89\/100\n|move|p2a: Volcarona|Quiver Dance|p2a: Volcarona\n|-boost|p2a: Volcarona|spa|1\n|-boost|p2a: Volcarona|spd|1\n|-boost|p2a: Volcarona|spe|1\n|move|p1a: Incineroar|Flare Blitz|p2b: Baxcalibur\n|-damage|p2b: Baxcalibur|28\/100\n|-ability|p2b: Baxcalibur|Thermal Exchange|boost\n|-boost|p2b: Baxcalibur|atk|1\n|-damage|p1a: Incineroar|81\/100|[from] Recoil\n|\n|upkeep\n|turn|4\n|\n|t:|1731792060\n|move|p2a: Volcarona|Heat Wave|p1b: Primeape|[spread] p1a,p1b\n|-resisted|p1a: Incineroar\n|-damage|p1a: Incineroar|64\/100\n|-damage|p1b: Primeape|54\/100\n|move|p1b: Primeape|Drain Punch|p2b: Baxcalibur\n|-supereffective|p2b: Baxcalibur\n|-damage|p2b: Baxcalibur|0 fnt\n|-heal|p1b: Primeape|70\/100|[from] drain|[of] p2b: Baxcalibur\n|faint|p2b: Baxcalibur\n|move|p1a: Incineroar|Flare Blitz|p2a: Volcarona\n|-damage|p2a: Volcarona|33\/100\n|-damage|p1a: Incineroar|43\/100|[from] Recoil\n|\n|upkeep\n|j| jdarcan\n|\n|t:|1731792065\n|switch|p2b: Aaliyah|Sneasler, L50, M|80\/100\n|turn|5\n|\n|t:|1731792090\n|move|p2a: Volcarona|Protect|p2a: Volcarona\n|-singleturn|p2a: Volcarona|Protect\n|move|p2b: Aaliyah|Close Combat|p1a: Incineroar\n|-supereffective|p1a: Incineroar\n|-damage|p1a: Incineroar|0 fnt\n|-unboost|p2b: Aaliyah|def|1\n|-unboost|p2b: Aaliyah|spd|1\n|faint|p1a: Incineroar\n|move|p1b: Primeape|Rage Fist|p2a: Volcarona\n|-activate|p2a: Volcarona|move: Protect\n|\n|upkeep\n|\n|t:|1731792092\n|switch|p1a: Dragonite|Dragonite, L50, F|100\/100\n|turn|6\n|\n|t:|1731792108\n|move|p2a: Volcarona|Heat Wave|p1b: Primeape|[spread] p1b\n|-miss|p2a: Volcarona|p1a: Dragonite\n|-damage|p1b: Primeape|19\/100\n|move|p2b: Aaliyah|Close Combat|p1b: Primeape\n|-damage|p1b: Primeape|0 fnt\n|-unboost|p2b: Aaliyah|def|1\n|-unboost|p2b: Aaliyah|spd|1\n|faint|p1b: Primeape\n|move|p1a: Dragonite|Scale Shot|p2b: Aaliyah\n|-damage|p2b: Aaliyah|30\/100\n|-crit|p2b: Aaliyah\n|-damage|p2b: Aaliyah|0 fnt\n|faint|p2b: Aaliyah\n|-hitcount|p2: Aaliyah|2\n|-unboost|p1a: Dragonite|def|1\n|-boost|p1a: Dragonite|spe|1\n|\n|upkeep\n|turn|7\n|\n|t:|1731792116\n|move|p2a: Volcarona|Tera Blast|p1a: Dragonite\n|-damage|p1a: Dragonite|80\/100\n|move|p1a: Dragonite|Scale Shot|p2a: Volcarona\n|-damage|p2a: Volcarona|17\/100\n|-damage|p2a: Volcarona|2\/100\n|-damage|p2a: Volcarona|0 fnt\n|faint|p2a: Volcarona\n|-hitcount|p2: Volcarona|3\n|\n|win|Ratrap\n|raw|Ratrap's rating: 1658 &rarr; <strong>1680<\/strong><br \/>(+22 for winning)\n|raw|eriksp2's rating: 1701 &rarr; <strong>1679<\/strong><br \/>(-22 for losing)\n|l|\u2606eriksp2\n|player|p2|\n","uploadtime":1731792316,"views":17,"formatid":"gen9vgc2024regh","rating":1679,"private":0,"password":null}