{"id":"gen9vgc2024regh-2245116604","format":"[Gen 9] VGC 2024 Reg H","players":["Real_Iron_Hands","vgclth elowyn"],"log":"|raw|<div class=\"broadcast-blue\"><strong>This battle is required to be public due to a player having a name starting with 'vgclth'.<\/div>\n|j|\u2606Real_Iron_Hands\n|j|\u2606vgclth elowyn\n|t:|1731778719\n|gametype|doubles\n|player|p1|Real_Iron_Hands|hiker-gen4|1743\n|player|p2|vgclth elowyn|266|1684\n|teamsize|p1|6\n|teamsize|p2|6\n|gen|9\n|tier|[Gen 9] VGC 2024 Reg H\n|rated|\n|rule|Species Clause: Limit one of each Pok\u00e9mon\n|rule|Item Clause: Limit 1 of each item\n|clearpoke\n|poke|p1|Kingambit, L50, M|\n|poke|p1|Rillaboom, L50, M|\n|poke|p1|Sneasler, L50, F|\n|poke|p1|Volcarona, L50, F|\n|poke|p1|Basculegion, L50, M|\n|poke|p1|Clefairy, L50, M|\n|poke|p2|Dondozo, L50, M|\n|poke|p2|Tatsugiri, L50, F|\n|poke|p2|Dragonite, L50, M|\n|poke|p2|Gholdengo, L50|\n|poke|p2|Tyranitar, L50, M|\n|poke|p2|Murkrow, L50, F|\n|teampreview|4\n|j| Bohoennian\nReal_Iron_Hands has agreed to open team sheets.\n|inactive|Battle timer is ON: inactive players will automatically lose when time's up. (requested by Real_Iron_Hands)\n|\n|t:|1731778761\n|start\n|switch|p1a: Kingambit|Kingambit, L50, M|100\/100\n|switch|p1b: Sneasler|Sneasler, L50, F|100\/100\n|switch|p2a: Murkrow|Murkrow, L50, F|100\/100\n|switch|p2b: Dragonite|Dragonite, L50, M|100\/100\n|turn|1\n|\n|t:|1731778784\n|move|p1b: Sneasler|Fake Out|p2b: Dragonite\n|-damage|p2b: Dragonite|86\/100\n|move|p2b: Dragonite|Extreme Speed|p1b: Sneasler\n|-damage|p1b: Sneasler|22\/100\n|move|p2a: Murkrow|Brave Bird|p1b: Sneasler\n|-supereffective|p1b: Sneasler\n|-damage|p1b: Sneasler|0 fnt\n|faint|p1b: Sneasler\n|-damage|p2a: Murkrow|94\/100|[from] Recoil\n|move|p1a: Kingambit|Kowtow Cleave|p2b: Dragonite\n|-damage|p2b: Dragonite|21\/100\n|\n|upkeep\n|\n|t:|1731778797\n|switch|p1b: Basculegion|Basculegion, L50, M|100\/100\n|turn|2\n|\n|t:|1731778817\n|switch|p2b: Tatsugiri|Tatsugiri, L50, F|100\/100\n|switch|p2a: Dondozo|Dondozo, L50, M|100\/100\n|-activate|p2b: Tatsugiri|ability: Commander|[of] p2a: Dondozo\n|-boost|p2a: Dondozo|atk|2\n|-boost|p2a: Dondozo|spa|2\n|-boost|p2a: Dondozo|spe|2\n|-boost|p2a: Dondozo|def|2\n|-boost|p2a: Dondozo|spd|2\n|move|p1b: Basculegion|Flip Turn|p2a: Dondozo\n|-resisted|p2a: Dondozo\n|-damage|p2a: Dondozo|93\/100\n|\n|t:|1731778821\n|switch|p1b: Rillaboom|Rillaboom, L50, M|100\/100|[from] Flip Turn\n|-fieldstart|move: Grassy Terrain|[from] ability: Grassy Surge|[of] p1b: Rillaboom\n|move|p1a: Kingambit|Kowtow Cleave|p2b: Tatsugiri|[miss]\n|-miss|p1a: Kingambit|p2b: Tatsugiri\n|\n|-heal|p2a: Dondozo|99\/100|[from] Grassy Terrain\n|-heal|p2a: Dondozo|100\/100|[from] item: Leftovers\n|upkeep\n|turn|3\n|\n|t:|1731778837\n|move|p2a: Dondozo|Protect|p2a: Dondozo\n|-singleturn|p2a: Dondozo|Protect\n|move|p1b: Rillaboom|Fake Out|p2a: Dondozo\n|-activate|p2a: Dondozo|move: Protect\n|move|p1a: Kingambit|Kowtow Cleave|p2a: Dondozo\n|-activate|p2a: Dondozo|move: Protect\n|\n|upkeep\n|turn|4\n|\n|t:|1731778854\n|-terastallize|p2a: Dondozo|Grass\n|move|p2a: Dondozo|Wave Crash|p1a: Kingambit\n|-damage|p1a: Kingambit|19\/100\n|-damage|p2a: Dondozo|76\/100|[from] Recoil\n|move|p1b: Rillaboom|Wood Hammer|p2a: Dondozo\n|-resisted|p2a: Dondozo\n|-damage|p2a: Dondozo|63\/100\n|-damage|p1b: Rillaboom|95\/100|[from] Recoil\n|move|p1a: Kingambit|Kowtow Cleave|p2a: Dondozo\n|-damage|p2a: Dondozo|43\/100\n|\n|-heal|p2a: Dondozo|49\/100|[from] Grassy Terrain\n|-heal|p2a: Dondozo|55\/100|[from] item: Leftovers\n|-heal|p1b: Rillaboom|100\/100|[from] Grassy Terrain\n|-heal|p1a: Kingambit|25\/100|[from] Grassy Terrain\n|upkeep\n|turn|5\n|\n|t:|1731778873\n|move|p2a: Dondozo|Protect|p2a: Dondozo\n|-singleturn|p2a: Dondozo|Protect\n|move|p1a: Kingambit|Sucker Punch||[still]\n|-fail|p1a: Kingambit\n|move|p1b: Rillaboom|Wood Hammer|p2a: Dondozo\n|-activate|p2a: Dondozo|move: Protect\n|\n|-heal|p2a: Dondozo|61\/100|[from] Grassy Terrain\n|-heal|p2a: Dondozo|67\/100|[from] item: Leftovers\n|-heal|p1a: Kingambit|31\/100|[from] Grassy Terrain\n|upkeep\n|turn|6\n|\n|t:|1731778896\n|-terastallize|p1a: Kingambit|Dark\n|move|p1a: Kingambit|Sucker Punch|p2a: Dondozo\n|-damage|p2a: Dondozo|46\/100\n|move|p2a: Dondozo|Wave Crash|p1a: Kingambit\n|-damage|p1a: Kingambit|0 fnt\n|faint|p1a: Kingambit\n|-damage|p2a: Dondozo|37\/100|[from] Recoil\n|move|p1b: Rillaboom|Wood Hammer|p2a: Dondozo\n|-resisted|p2a: Dondozo\n|-damage|p2a: Dondozo|22\/100\n|-damage|p1b: Rillaboom|95\/100|[from] Recoil\n|\n|-heal|p2a: Dondozo|28\/100|[from] Grassy Terrain\n|-heal|p2a: Dondozo|34\/100|[from] item: Leftovers\n|-heal|p1b: Rillaboom|100\/100|[from] Grassy Terrain\n|-fieldend|move: Grassy Terrain\n|upkeep\n|\n|t:|1731778900\n|switch|p1a: Basculegion|Basculegion, L50, M|100\/100\n|turn|7\n|\n|t:|1731778903\n|move|p2a: Dondozo|Protect|p2a: Dondozo\n|-singleturn|p2a: Dondozo|Protect\n|move|p1a: Basculegion|Last Respects|p2a: Dondozo\n|-activate|p2a: Dondozo|move: Protect\n|move|p1b: Rillaboom|Wood Hammer|p2a: Dondozo\n|-activate|p2a: Dondozo|move: Protect\n|\n|-heal|p2a: Dondozo|40\/100|[from] item: Leftovers\n|upkeep\n|turn|8\n|\n|t:|1731778907\n|move|p1a: Basculegion|Last Respects|p2a: Dondozo\n|-damage|p2a: Dondozo|6\/100\n|move|p2a: Dondozo|Earthquake|p1b: Rillaboom|[spread] p1a,p1b\n|-miss|p2a: Dondozo|p2b: Tatsugiri\n|-resisted|p1b: Rillaboom\n|-damage|p1a: Basculegion|48\/100\n|-damage|p1b: Rillaboom|81\/100\n|move|p1b: Rillaboom|Wood Hammer|p2a: Dondozo\n|-resisted|p2a: Dondozo\n|-damage|p2a: Dondozo|0 fnt\n|faint|p2a: Dondozo\n|-damage|p1b: Rillaboom|79\/100|[from] Recoil\n|\n|upkeep\n|\n|t:|1731778914\n|switch|p2a: Murkrow|Murkrow, L50, F|94\/100\n|turn|9\n|\n|t:|1731778920\n|move|p2a: Murkrow|Tailwind|p2a: Murkrow\n|-sidestart|p2: vgclth elowyn|move: Tailwind\n|move|p2b: Tatsugiri|Dragon Pulse|p1a: Basculegion\n|-damage|p1a: Basculegion|1\/100\n|move|p1a: Basculegion|Last Respects|p2b: Tatsugiri\n|-damage|p2b: Tatsugiri|0 fnt\n|faint|p2b: Tatsugiri\n|move|p1b: Rillaboom|Wood Hammer|p2a: Murkrow\n|-resisted|p2a: Murkrow\n|-damage|p2a: Murkrow|59\/100\n|-damage|p1b: Rillaboom|69\/100|[from] Recoil\n|\n|upkeep\n|\n|t:|1731778922\n|switch|p2b: Dragonite|Dragonite, L50, M|21\/100\n|turn|10\n|\n|t:|1731778927\n|move|p2b: Dragonite|Outrage|p1a: Basculegion\n|-damage|p1a: Basculegion|0 fnt\n|faint|p1a: Basculegion\n|move|p2a: Murkrow|Brave Bird|p1b: Rillaboom\n|-supereffective|p1b: Rillaboom\n|-crit|p1b: Rillaboom\n|-damage|p1b: Rillaboom|0 fnt\n|faint|p1b: Rillaboom\n|-damage|p2a: Murkrow|32\/100|[from] Recoil\n|\n|win|vgclth elowyn\n|raw|Real_Iron_Hands's rating: 1743 &rarr; <strong>1720<\/strong><br \/>(-23 for losing)\n|raw|vgclth elowyn's rating: 1692 &rarr; <strong>1715<\/strong><br \/>(+23 for winning)\n|l|\u2606vgclth elowyn\n|player|p2|\n|l|\u2606Real_Iron_Hands\n|player|p1|\n|l| Bohoennian\n","uploadtime":1731779184,"views":12,"formatid":"gen9vgc2024regh","rating":1715,"private":0,"password":null}