{"id":"gen9vgc2024regh-2245593623","format":"[Gen 9] VGC 2024 Reg H","players":["VGCLTH ladderboy66","same blue"],"log":"|raw|<div class=\"broadcast-blue\"><strong>This battle is required to be public due to a player having a name starting with 'vgclth'.<\/div>\n|j|\u2606VGCLTH ladderboy66\n|j|\u2606same blue\n|t:|1731852609\n|gametype|doubles\n|player|p1|VGCLTH ladderboy66|169|1703\n|player|p2|same blue|265|1747\n|teamsize|p1|6\n|teamsize|p2|6\n|gen|9\n|tier|[Gen 9] VGC 2024 Reg H\n|rated|\n|rule|Species Clause: Limit one of each Pok\u00e9mon\n|rule|Item Clause: Limit 1 of each item\n|clearpoke\n|poke|p1|Archaludon, L50, M|\n|poke|p1|Whimsicott, L50, F|\n|poke|p1|Pelipper, L50, F|\n|poke|p1|Basculegion, L50, M|\n|poke|p1|Gholdengo, L50|\n|poke|p1|Rillaboom, L50, M|\n|poke|p2|Orthworm, L50, M|\n|poke|p2|Dragonite, L50, F|\n|poke|p2|Electabuzz, L50, M|\n|poke|p2|Ursaluna, L50, M|\n|poke|p2|Primarina, L50, M|\n|poke|p2|Volcarona, L50, M|\n|teampreview|4\n|inactive|Battle timer is ON: inactive players will automatically lose when time's up. (requested by same blue)\n|inactive|VGCLTH ladderboy66 has 60 seconds left.\n|\n|t:|1731852673\n|start\n|switch|p1a: Archaludon|Archaludon, L50, M|100\/100\n|switch|p1b: Whimsicott|Whimsicott, L50, F|100\/100\n|switch|p2a: Orthworm|Orthworm, L50, M|100\/100\n|switch|p2b: Electabuzz|Electabuzz, L50, M|100\/100\n|turn|1\n|\n|t:|1731852694\n|move|p2b: Electabuzz|Follow Me|p2b: Electabuzz\n|-singleturn|p2b: Electabuzz|move: Follow Me\n|move|p1b: Whimsicott|Beat Up|p2b: Electabuzz\n|-damage|p2b: Electabuzz|98\/100\n|-damage|p2b: Electabuzz|96\/100\n|-damage|p2b: Electabuzz|95\/100\n|-damage|p2b: Electabuzz|92\/100\n|-hitcount|p2b: Electabuzz|4\n|move|p1a: Archaludon|Body Press|p2b: Electabuzz\n|-damage|p2b: Electabuzz|75\/100\n|move|p2a: Orthworm|Shed Tail|p2a: Orthworm\n|-start|p2a: Orthworm|Substitute|[from] move: Shed Tail\n|-damage|p2a: Orthworm|50\/100\n|-enditem|p2a: Orthworm|Sitrus Berry|[eat]\n|-heal|p2a: Orthworm|75\/100|[from] item: Sitrus Berry\n|\n|t:|1731852707\n|switch|p2a: Volcarona|Volcarona, L50, M, shiny|100\/100|[from] Shed Tail\n|\n|upkeep\n|turn|2\n|\n|t:|1731852728\n|move|p1b: Whimsicott|Tailwind|p1b: Whimsicott\n|-sidestart|p1: VGCLTH ladderboy66|move: Tailwind\n|move|p1a: Archaludon|Snarl|p2b: Electabuzz|[spread] p2a,p2b\n|-damage|p2a: Volcarona|88\/100\n|-damage|p2b: Electabuzz|66\/100\n|-unboost|p2a: Volcarona|spa|1\n|-unboost|p2b: Electabuzz|spa|1\n|move|p2a: Volcarona|Quiver Dance|p2a: Volcarona\n|-boost|p2a: Volcarona|spa|1\n|-boost|p2a: Volcarona|spd|1\n|-boost|p2a: Volcarona|spe|1\n|move|p2b: Electabuzz|Taunt|p1b: Whimsicott\n|-start|p1b: Whimsicott|move: Taunt\n|\n|-heal|p2a: Volcarona|94\/100|[from] item: Leftovers\n|upkeep\n|turn|3\n|inactive|VGCLTH ladderboy66 has 30 seconds left.\n|\n|t:|1731852754\n|switch|p1b: Pelipper|Pelipper, L50, F|100\/100\n|-weather|RainDance|[from] ability: Drizzle|[of] p1b: Pelipper\n|move|p2b: Electabuzz|Follow Me|p2b: Electabuzz\n|-singleturn|p2b: Electabuzz|move: Follow Me\n|move|p1a: Archaludon|Snarl|p2a: Volcarona|[spread] p2a,p2b\n|-crit|p2b: Electabuzz\n|-damage|p2a: Volcarona|85\/100\n|-damage|p2b: Electabuzz|50\/100\n|-unboost|p2a: Volcarona|spa|1\n|-unboost|p2b: Electabuzz|spa|1\n|move|p2a: Volcarona|Quiver Dance|p2a: Volcarona\n|-boost|p2a: Volcarona|spa|1\n|-boost|p2a: Volcarona|spd|1\n|-boost|p2a: Volcarona|spe|1\n|\n|-weather|RainDance|[upkeep]\n|-heal|p2a: Volcarona|91\/100|[from] item: Leftovers\n|upkeep\n|turn|4\n|inactive|VGCLTH ladderboy66 has 30 seconds left.\n|\n|t:|1731852789\n|move|p2b: Electabuzz|Protect|p2b: Electabuzz\n|-singleturn|p2b: Electabuzz|Protect\n|move|p2a: Volcarona|Quiver Dance|p2a: Volcarona\n|-boost|p2a: Volcarona|spa|1\n|-boost|p2a: Volcarona|spd|1\n|-boost|p2a: Volcarona|spe|1\n|move|p1b: Pelipper|Weather Ball|p2b: Electabuzz\n|-activate|p2b: Electabuzz|move: Protect\n|move|p1a: Archaludon|Electro Shot||[still]\n|-prepare|p1a: Archaludon|Electro Shot\n|-boost|p1a: Archaludon|spa|1\n|-anim|p1a: Archaludon|Electro Shot|p2a: Volcarona\n|-activate|p2a: Volcarona|move: Substitute|[damage]\n|\n|-weather|RainDance|[upkeep]\n|-heal|p2a: Volcarona|97\/100|[from] item: Leftovers\n|upkeep\n|turn|5\n|\n|t:|1731852812\n|move|p2a: Volcarona|Quiver Dance|p2a: Volcarona\n|-boost|p2a: Volcarona|spa|1\n|-boost|p2a: Volcarona|spd|1\n|-boost|p2a: Volcarona|spe|1\n|move|p1b: Pelipper|Weather Ball|p2a: Volcarona\n|-supereffective|p2a: Volcarona\n|-end|p2a: Volcarona|Substitute\n|-damage|p1b: Pelipper|91\/100|[from] item: Life Orb\n|move|p1a: Archaludon|Electro Shot||[still]\n|-prepare|p1a: Archaludon|Electro Shot\n|-boost|p1a: Archaludon|spa|1\n|-anim|p1a: Archaludon|Electro Shot|p2a: Volcarona\n|-damage|p2a: Volcarona|74\/100\n|move|p2b: Electabuzz|Thunderbolt|p1b: Pelipper\n|-supereffective|p1b: Pelipper\n|-damage|p1b: Pelipper|1\/100\n|-status|p1b: Pelipper|par\n|\n|-weather|RainDance|[upkeep]\n|-heal|p2a: Volcarona|80\/100|[from] item: Leftovers\n|-sideend|p1: VGCLTH ladderboy66|move: Tailwind\n|upkeep\n|turn|6\n|inactive|VGCLTH ladderboy66 has 30 seconds left.\n|j| doukl72\n|\n|t:|1731852843\n|move|p2b: Electabuzz|Protect|p2b: Electabuzz\n|-singleturn|p2b: Electabuzz|Protect\n|move|p1b: Pelipper|Wide Guard|p1b: Pelipper\n|-singleturn|p1b: Pelipper|Wide Guard\n|move|p2a: Volcarona|Heat Wave|p1a: Archaludon|[spread] \n|-activate|p1a: Archaludon|move: Wide Guard\n|-activate|p1b: Pelipper|move: Wide Guard\n|move|p1a: Archaludon|Snarl|p2a: Volcarona|[spread] p2a\n|-activate|p2b: Electabuzz|move: Protect\n|-damage|p2a: Volcarona|71\/100\n|-unboost|p2a: Volcarona|spa|1\n|\n|-weather|RainDance|[upkeep]\n|-heal|p2a: Volcarona|76\/100|[from] item: Leftovers\n|upkeep\n|turn|7\n|inactive|VGCLTH ladderboy66 has 30 seconds left.\n|\n|t:|1731852872\n|move|p2a: Volcarona|Heat Wave|p1b: Pelipper|[spread] p1a,p1b\n|-resisted|p1b: Pelipper\n|-damage|p1a: Archaludon|84\/100\n|-damage|p1b: Pelipper|0 fnt\n|-ability|p1a: Archaludon|Stamina|boost\n|-boost|p1a: Archaludon|def|1\n|faint|p1b: Pelipper\n|move|p2b: Electabuzz|Thunderbolt|p1a: Archaludon\n|-resisted|p1a: Archaludon\n|-damage|p1a: Archaludon|78\/100\n|-ability|p1a: Archaludon|Stamina|boost\n|-boost|p1a: Archaludon|def|1\n|move|p1a: Archaludon|Dragon Pulse|p2b: Electabuzz\n|-damage|p2b: Electabuzz|0 fnt\n|faint|p2b: Electabuzz\n|\n|-weather|none\n|-heal|p2a: Volcarona|82\/100|[from] item: Leftovers\n|upkeep\n|\n|t:|1731852898\n|switch|p2b: Dragonite|Dragonite, L50, F|100\/100\n|switch|p1b: Whimsicott|Whimsicott, L50, F|100\/100\n|turn|8\n|\n|t:|1731852920\n|-terastallize|p1b: Whimsicott|Poison\n|move|p1b: Whimsicott|Light Screen|p1b: Whimsicott\n|-sidestart|p1: VGCLTH ladderboy66|move: Light Screen\n|move|p2a: Volcarona|Heat Wave|p1a: Archaludon|[spread] p1a,p1b\n|-damage|p1a: Archaludon|56\/100\n|-damage|p1b: Whimsicott|52\/100\n|-status|p1a: Archaludon|brn\n|-ability|p1a: Archaludon|Stamina|boost\n|-boost|p1a: Archaludon|def|1\n|move|p2b: Dragonite|Tailwind|p2b: Dragonite\n|-sidestart|p2: same blue|move: Tailwind\n|move|p1a: Archaludon|Snarl|p2a: Volcarona|[spread] p2a,p2b\n|-damage|p2a: Volcarona|74\/100\n|-damage|p2b: Dragonite|87\/100\n|-unboost|p2a: Volcarona|spa|1\n|-unboost|p2b: Dragonite|spa|1\n|\n|-heal|p2a: Volcarona|80\/100|[from] item: Leftovers\n|-damage|p1a: Archaludon|50\/100 brn|[from] brn\n|upkeep\n|turn|9\n|inactive|VGCLTH ladderboy66 has 30 seconds left.\n|inactive|same blue has 30 seconds left.\n|\n|t:|1731852949\n|move|p1b: Whimsicott|Tailwind|p1b: Whimsicott\n|-sidestart|p1: VGCLTH ladderboy66|move: Tailwind\n|move|p2a: Volcarona|Quiver Dance|p2a: Volcarona\n|-boost|p2a: Volcarona|spa|1\n|-boost|p2a: Volcarona|spd|1\n|-boost|p2a: Volcarona|spe|1\n|move|p2b: Dragonite|Scale Shot|p1b: Whimsicott\n|-damage|p1b: Whimsicott|36\/100\n|-damage|p1b: Whimsicott|21\/100\n|-damage|p1b: Whimsicott|5\/100\n|-damage|p1b: Whimsicott|0 fnt\n|faint|p1b: Whimsicott\n|-hitcount|p1: Whimsicott|4\n|-unboost|p2b: Dragonite|def|1\n|-boost|p2b: Dragonite|spe|1\n|move|p1a: Archaludon|Dragon Pulse|p2b: Dragonite\n|-supereffective|p2b: Dragonite\n|-damage|p2b: Dragonite|0 fnt\n|faint|p2b: Dragonite\n|\n|-heal|p2a: Volcarona|86\/100|[from] item: Leftovers\n|-damage|p1a: Archaludon|44\/100 brn|[from] brn\n|upkeep\n|\n|t:|1731852966\n|switch|p1b: Basculegion|Basculegion, L50, M|100\/100\n|switch|p2b: Orthworm|Orthworm, L50, M|75\/100\n|turn|10\n|inactive|VGCLTH ladderboy66 has 30 seconds left.\n|\n|t:|1731852997\n|-terastallize|p2a: Volcarona|Grass\n|move|p2a: Volcarona|Giga Drain|p1b: Basculegion\n|-supereffective|p1b: Basculegion\n|-crit|p1b: Basculegion\n|-damage|p1b: Basculegion|0 fnt\n|-heal|p2a: Volcarona|100\/100|[from] drain|[of] p1b: Basculegion\n|faint|p1b: Basculegion\n|move|p1a: Archaludon|Electro Shot||[still]\n|-prepare|p1a: Archaludon|Electro Shot\n|-boost|p1a: Archaludon|spa|1\n|move|p2b: Orthworm|Heavy Slam|p1a: Archaludon\n|-resisted|p1a: Archaludon\n|-damage|p1a: Archaludon|40\/100 brn\n|-ability|p1a: Archaludon|Stamina|boost\n|-boost|p1a: Archaludon|def|1\n|\n|-damage|p1a: Archaludon|33\/100 brn|[from] brn\n|upkeep\n|turn|11\n|\n|t:|1731853016\n|move|p2b: Orthworm|Protect|p2b: Orthworm\n|-singleturn|p2b: Orthworm|Protect\n|move|p2a: Volcarona|Quiver Dance|p2a: Volcarona\n|-boost|p2a: Volcarona|spa|1\n|-boost|p2a: Volcarona|spd|1\n|-boost|p2a: Volcarona|spe|1\n|move|p1a: Archaludon|Electro Shot|p2b: Orthworm|[from]lockedmove\n|-activate|p2b: Orthworm|move: Protect\n|\n|-damage|p1a: Archaludon|27\/100 brn|[from] brn\n|-sideend|p2: same blue|move: Tailwind\n|upkeep\n|turn|12\n|l|doukl72\n|-message|VGCLTH ladderboy66 forfeited.\n|\n|win|same blue\n|raw|VGCLTH ladderboy66's rating: 1703 &rarr; <strong>1686<\/strong><br \/>(-17 for losing)\n|raw|same blue's rating: 1747 &rarr; <strong>1764<\/strong><br \/>(+17 for winning)\n|l|\u2606VGCLTH ladderboy66\n|player|p1|\n|l|\u2606same blue\n|player|p2|\n","uploadtime":1731853289,"views":16,"formatid":"gen9vgc2024regh","rating":1686,"private":0,"password":null}