{"id":"gen9vgc2024regh-2245267202","format":"[Gen 9] VGC 2024 Reg H","players":["VGCLTH fangame10","ThiccestAppletun"],"log":"|j|\u2606VGCLTH fangame10\n|j|\u2606ThiccestAppletun\n|t:|1731797439\n|gametype|doubles\n|player|p1|VGCLTH fangame10|red|1758\n|player|p2|ThiccestAppletun|265|1713\n|teamsize|p1|6\n|teamsize|p2|6\n|gen|9\n|tier|[Gen 9] VGC 2024 Reg H\n|rated|\n|rule|Species Clause: Limit one of each Pok\u00e9mon\n|rule|Item Clause: Limit 1 of each item\n|clearpoke\n|poke|p1|Glaceon, L50, F|\n|poke|p1|Ninetales-Alola, L50, F|\n|poke|p1|Milotic, L50, M|\n|poke|p1|Skeledirge, L50, M|\n|poke|p1|Ursaluna-Bloodmoon, L50, M|\n|poke|p1|Annihilape, L50, F|\n|poke|p2|Dondozo, L50, F|\n|poke|p2|Tatsugiri, L50, F|\n|poke|p2|Pelipper, L50, F|\n|poke|p2|Archaludon, L50, M|\n|poke|p2|Rillaboom, L50, M|\n|poke|p2|Pawmot, L50, F|\n|teampreview|4\n|inactive|Battle timer is ON: inactive players will automatically lose when time's up. (requested by VGCLTH fangame10)\n|inactive|VGCLTH fangame10 has 60 seconds left.\n|inactive|VGCLTH fangame10 has 30 seconds left.\n|inactive|VGCLTH fangame10 has 20 seconds left.\n|inactive|VGCLTH fangame10 has 15 seconds left.\n|inactive|VGCLTH fangame10 has 10 seconds left.\n|\n|t:|1731797522\n|start\n|switch|p1a: Annihilape|Annihilape, L50, F, shiny|100\/100\n|switch|p1b: Ninetales|Ninetales-Alola, L50, F, shiny|100\/100\n|switch|p2a: Dondozo|Dondozo, L50, F|100\/100\n|switch|p2b: Archaludon|Archaludon, L50, M|100\/100\n|-weather|Snow|[from] ability: Snow Warning|[of] p1b: Ninetales\n|turn|1\n|\n|t:|1731797530\n|switch|p2b: Tatsugiri|Tatsugiri, L50, F|100\/100\n|-activate|p2b: Tatsugiri|ability: Commander|[of] p2a: Dondozo\n|-boost|p2a: Dondozo|atk|2\n|-boost|p2a: Dondozo|spa|2\n|-boost|p2a: Dondozo|spe|2\n|-boost|p2a: Dondozo|def|2\n|-boost|p2a: Dondozo|spd|2\n|-terastallize|p2a: Dondozo|Water\n|move|p1b: Ninetales|Icicle Spear|p1a: Annihilape\n|-damage|p1a: Annihilape|95\/100\n|-damage|p1a: Annihilape|89\/100\n|-damage|p1a: Annihilape|83\/100\n|-damage|p1a: Annihilape|78\/100\n|-hitcount|p1a: Annihilape|4\n|move|p2a: Dondozo|Surf|p1a: Annihilape|[spread] p1a,p1b\n|-miss|p2a: Dondozo|p2b: Tatsugiri\n|-damage|p1a: Annihilape|0 fnt\n|-damage|p1b: Ninetales|9\/100\n|faint|p1a: Annihilape\n|\n|-weather|Snow|[upkeep]\n|upkeep\n|\n|t:|1731797535\n|switch|p1a: Milotic|Milotic, L50, M, shiny|100\/100\n|turn|2\n|c|\u2606ThiccestAppletun|spicy\n|inactive|ThiccestAppletun has 30 seconds left.\n|\n|t:|1731797574\n|move|p1b: Ninetales|Protect|p1b: Ninetales\n|-singleturn|p1b: Ninetales|Protect\n|move|p2a: Dondozo|Surf|p1a: Milotic|[spread] p1a\n|-miss|p2a: Dondozo|p2b: Tatsugiri\n|-activate|p1b: Ninetales|move: Protect\n|-resisted|p1a: Milotic\n|-damage|p1a: Milotic|75\/100\n|move|p1a: Milotic|Hypnosis|p2a: Dondozo\n|-status|p2a: Dondozo|slp|[from] move: Hypnosis\n|\n|-weather|Snow|[upkeep]\n|upkeep\n|turn|3\n|\n|t:|1731797581\n|move|p1b: Ninetales|Aurora Veil|p1b: Ninetales\n|-sidestart|p1: VGCLTH fangame10|move: Aurora Veil\n|cant|p2a: Dondozo|slp\n|move|p2a: Dondozo|Sleep Talk|p2a: Dondozo\n|move|p2a: Dondozo|Surf|p1b: Ninetales|[from]move: Sleep Talk|[spread] p1a,p1b\n|-miss|p2a: Dondozo|p2b: Tatsugiri\n|-resisted|p1a: Milotic\n|-damage|p1a: Milotic|59\/100\n|-damage|p1b: Ninetales|0 fnt\n|faint|p1b: Ninetales\n|move|p1a: Milotic|Coil|p1a: Milotic\n|-boost|p1a: Milotic|atk|1\n|-boost|p1a: Milotic|def|1\n|-boost|p1a: Milotic|accuracy|1\n|\n|-weather|Snow|[upkeep]\n|upkeep\n|\n|t:|1731797584\n|switch|p1b: Skeledirge|Skeledirge, L50, M, shiny|100\/100\n|turn|4\n|\n|t:|1731797599\n|-terastallize|p1b: Skeledirge|Dark\n|cant|p2a: Dondozo|slp\n|move|p2a: Dondozo|Sleep Talk|p2a: Dondozo\n|move|p2a: Dondozo|Protect|p2a: Dondozo|[from]move: Sleep Talk\n|-singleturn|p2a: Dondozo|Protect\n|move|p1a: Milotic|Life Dew||[still]|[spread] p1a,p1b\n|-heal|p1a: Milotic|84\/100\n|-fail|p1b: Skeledirge|heal\n|move|p1b: Skeledirge|Shadow Ball|p2a: Dondozo\n|-activate|p2a: Dondozo|move: Protect\n|\n|-weather|Snow|[upkeep]\n|upkeep\n|turn|5\n|\n|t:|1731797614\n|cant|p2a: Dondozo|slp\n|move|p2a: Dondozo|Sleep Talk|p2a: Dondozo\n|move|p2a: Dondozo|Protect||[from]move: Sleep Talk|[still]\n|-fail|p2a: Dondozo\n|move|p1a: Milotic|Coil|p1a: Milotic\n|-boost|p1a: Milotic|atk|1\n|-boost|p1a: Milotic|def|1\n|-boost|p1a: Milotic|accuracy|1\n|move|p1b: Skeledirge|Torch Song|p2a: Dondozo\n|-resisted|p2a: Dondozo\n|-damage|p2a: Dondozo|78\/100 slp\n|-boost|p1b: Skeledirge|spa|1\n|\n|-weather|none\n|upkeep\n|turn|6\n|\n|t:|1731797622\n|-curestatus|p2a: Dondozo|slp|[msg]\n|move|p2a: Dondozo|Surf|p1a: Milotic|[spread] p1a,p1b\n|-miss|p2a: Dondozo|p2b: Tatsugiri\n|-resisted|p1a: Milotic\n|-damage|p1a: Milotic|66\/100\n|-damage|p1b: Skeledirge|73\/100\n|move|p1a: Milotic|Hypnosis|p2a: Dondozo\n|-status|p2a: Dondozo|slp|[from] move: Hypnosis\n|move|p1b: Skeledirge|Snarl|p2b: Tatsugiri|[spread] p2a\n|-miss|p1b: Skeledirge|p2b: Tatsugiri\n|-damage|p2a: Dondozo|51\/100 slp\n|-unboost|p2a: Dondozo|spa|1\n|\n|upkeep\n|turn|7\n|\n|t:|1731797629\n|cant|p2a: Dondozo|slp\n|move|p2a: Dondozo|Sleep Talk|p2a: Dondozo\n|move|p2a: Dondozo|Protect|p2a: Dondozo|[from]move: Sleep Talk\n|-singleturn|p2a: Dondozo|Protect\n|move|p1a: Milotic|Life Dew|p1a: Milotic|[spread] p1a,p1b\n|-heal|p1a: Milotic|91\/100\n|-heal|p1b: Skeledirge|98\/100\n|move|p1b: Skeledirge|Snarl|p2b: Tatsugiri|[spread] \n|-miss|p1b: Skeledirge|p2b: Tatsugiri\n|-activate|p2a: Dondozo|move: Protect\n|\n|-sideend|p1: VGCLTH fangame10|move: Aurora Veil\n|upkeep\n|turn|8\n|\n|t:|1731797639\n|cant|p2a: Dondozo|slp\n|move|p2a: Dondozo|Sleep Talk|p2a: Dondozo\n|move|p2a: Dondozo|Wave Crash|p1a: Milotic|[from]move: Sleep Talk\n|-resisted|p1a: Milotic\n|-damage|p1a: Milotic|18\/100\n|-enditem|p1a: Milotic|Sitrus Berry|[eat]\n|-heal|p1a: Milotic|43\/100|[from] item: Sitrus Berry\n|-damage|p2a: Dondozo|31\/100 slp|[from] Recoil\n|move|p1a: Milotic|Muddy Water|p2b: Tatsugiri|[spread] p2a\n|-miss|p1a: Milotic|p2b: Tatsugiri\n|-resisted|p2a: Dondozo\n|-damage|p2a: Dondozo|25\/100 slp\n|move|p1b: Skeledirge|Snarl|p2a: Dondozo|[spread] p2a\n|-miss|p1b: Skeledirge|p2b: Tatsugiri\n|-damage|p2a: Dondozo|0 fnt\n|faint|p2a: Dondozo\n|\n|upkeep\n|\n|t:|1731797660\n|switch|p2a: Pelipper|Pelipper, L50, F|100\/100\n|-weather|RainDance|[from] ability: Drizzle|[of] p2a: Pelipper\n|turn|9\n|\n|t:|1731797670\n|move|p2b: Tatsugiri|Dragon Pulse|p1a: Milotic\n|-damage|p1a: Milotic|16\/100\n|move|p1a: Milotic|Hypnosis|p2a: Pelipper\n|-status|p2a: Pelipper|slp|[from] move: Hypnosis\n|cant|p2a: Pelipper|slp\n|move|p1b: Skeledirge|Snarl|p2a: Pelipper|[spread] p2a,p2b\n|-damage|p2a: Pelipper|44\/100 slp\n|-damage|p2b: Tatsugiri|54\/100\n|-unboost|p2b: Tatsugiri|spa|1\n|\n|-weather|RainDance|[upkeep]\n|upkeep\n|turn|10\n|\n|t:|1731797685\n|move|p2b: Tatsugiri|Dragon Pulse|p1a: Milotic\n|-damage|p1a: Milotic|0 fnt\n|faint|p1a: Milotic\n|cant|p2a: Pelipper|slp\n|move|p1b: Skeledirge|Shadow Ball|p2b: Tatsugiri\n|-damage|p2b: Tatsugiri|0 fnt\n|faint|p2b: Tatsugiri\n|\n|-weather|RainDance|[upkeep]\n|upkeep\n|\n|t:|1731797687\n|switch|p2b: Archaludon|Archaludon, L50, M|100\/100\n|turn|11\n|\n|t:|1731797695\n|move|p2b: Archaludon|Electro Shot||[still]\n|-prepare|p2b: Archaludon|Electro Shot\n|-boost|p2b: Archaludon|spa|1\n|-anim|p2b: Archaludon|Electro Shot|p1b: Skeledirge\n|-damage|p1b: Skeledirge|56\/100\n|-curestatus|p2a: Pelipper|slp|[msg]\n|move|p2a: Pelipper|Weather Ball|p1b: Skeledirge\n|-damage|p1b: Skeledirge|0 fnt\n|faint|p1b: Skeledirge\n|\n|win|ThiccestAppletun\n|raw|VGCLTH fangame10's rating: 1738 &rarr; <strong>1717<\/strong><br \/>(-21 for losing)\n|raw|ThiccestAppletun's rating: 1713 &rarr; <strong>1734<\/strong><br \/>(+21 for winning)\n|l|\u2606VGCLTH fangame10\n|player|p1|\n|l|\u2606ThiccestAppletun\n|player|p2|\n","uploadtime":1731797924,"views":15,"formatid":"gen9vgc2024regh","rating":1717,"private":0,"password":null}