{"id":"gen9vgc2024regh-2245340265","format":"[Gen 9] VGC 2024 Reg H","players":["OLD PRO","Arcangel666"],"log":"|j|\u2606OLD PRO\n|j|\u2606Arcangel666\n|t:|1731806990\n|gametype|doubles\n|player|p1|OLD PRO|gentleman|1700\n|player|p2|Arcangel666|piers-masters|1729\n|teamsize|p1|6\n|teamsize|p2|6\n|gen|9\n|tier|[Gen 9] VGC 2024 Reg H\n|rated|\n|rule|Species Clause: Limit one of each Pok\u00e9mon\n|rule|Item Clause: Limit 1 of each item\n|clearpoke\n|poke|p1|Sneasler, L50, M|\n|poke|p1|Gholdengo, L50|\n|poke|p1|Rillaboom, L50, M|\n|poke|p1|Gallade, L50, M|\n|poke|p1|Incineroar, L50, M|\n|poke|p1|Milotic, L50, F|\n|poke|p2|Gholdengo, L50|\n|poke|p2|Whimsicott, L50, F|\n|poke|p2|Pelipper, L50, M|\n|poke|p2|Basculegion, L50, M|\n|poke|p2|Archaludon, L50, M|\n|poke|p2|Amoonguss, L50, M|\n|teampreview|4\n|inactive|Battle timer is ON: inactive players will automatically lose when time's up. (requested by Arcangel666)\n|inactive|OLD PRO has 60 seconds left.\n|inactive|OLD PRO has 30 seconds left.\n|inactive|OLD PRO has 20 seconds left.\n|inactive|OLD PRO has 15 seconds left.\n|inactive|OLD PRO has 10 seconds left.\n|\n|t:|1731807134\n|start\n|switch|p1a: Tarzan|Rillaboom, L50, M, shiny|100\/100\n|switch|p1b: String Cheese Man|Gholdengo, L50|100\/100\n|switch|p2a: Gholdengo|Gholdengo, L50, shiny|100\/100\n|switch|p2b: Whimsicott|Whimsicott, L50, F, shiny|100\/100\n|-fieldstart|move: Grassy Terrain|[from] ability: Grassy Surge|[of] p1a: Tarzan\n|turn|1\n|inactive|OLD PRO has 30 seconds left.\n|inactive|OLD PRO has 20 seconds left.\n|inactive|OLD PRO has 15 seconds left.\n|inactive|OLD PRO has 10 seconds left.\n|\n|t:|1731807180\n|-terastallize|p1b: String Cheese Man|Water\n|move|p2b: Whimsicott|Tailwind|p2b: Whimsicott\n|-sidestart|p2: Arcangel666|move: Tailwind\n|move|p2a: Gholdengo|Shadow Ball|p1b: String Cheese Man\n|-damage|p1b: String Cheese Man|44\/100\n|-unboost|p1b: String Cheese Man|spd|1\n|move|p1a: Tarzan|Wood Hammer|p2a: Gholdengo\n|-resisted|p2a: Gholdengo\n|-damage|p2a: Gholdengo|65\/100\n|-damage|p1a: Tarzan|90\/100|[from] Recoil\n|move|p1b: String Cheese Man|Make It Rain|p2a: Gholdengo|[spread] p2a,p2b\n|-resisted|p2a: Gholdengo\n|-supereffective|p2b: Whimsicott\n|-damage|p2a: Gholdengo|37\/100\n|-damage|p2b: Whimsicott|0 fnt\n|-unboost|p1b: String Cheese Man|spa|1\n|faint|p2b: Whimsicott\n|-damage|p1b: String Cheese Man|35\/100|[from] item: Life Orb\n|\n|-heal|p2a: Gholdengo|43\/100|[from] Grassy Terrain\n|-heal|p1a: Tarzan|96\/100|[from] Grassy Terrain\n|-heal|p1b: String Cheese Man|41\/100|[from] Grassy Terrain\n|upkeep\n|\n|t:|1731807193\n|switch|p2b: Pelipper|Pelipper, L50, M|100\/100\n|-weather|RainDance|[from] ability: Drizzle|[of] p2b: Pelipper\n|turn|2\n|inactive|OLD PRO has 30 seconds left.\n|inactive|OLD PRO has 20 seconds left.\n|inactive|OLD PRO has 15 seconds left.\n|inactive|OLD PRO has 10 seconds left.\n|inactive|OLD PRO has 5 seconds left.\n|\n|t:|1731807247\n|move|p2b: Pelipper|Hurricane|p1a: Tarzan\n|-supereffective|p1a: Tarzan\n|-damage|p1a: Tarzan|40\/100\n|-start|p1a: Tarzan|confusion\n|move|p2a: Gholdengo|Shadow Ball|p1b: String Cheese Man\n|-damage|p1b: String Cheese Man|0 fnt\n|faint|p1b: String Cheese Man\n|-activate|p1a: Tarzan|confusion\n|move|p1a: Tarzan|Wood Hammer|p2b: Pelipper\n|-damage|p2b: Pelipper|19\/100\n|-damage|p1a: Tarzan|22\/100|[from] Recoil\n|\n|-weather|RainDance|[upkeep]\n|-heal|p2a: Gholdengo|49\/100|[from] Grassy Terrain\n|-heal|p1a: Tarzan|28\/100|[from] Grassy Terrain\n|upkeep\n|\n|t:|1731807269\n|switch|p1b: Ariel|Milotic, L50, F, shiny|100\/100\n|turn|3\n|j| jdarcan\n|\n|t:|1731807290\n|move|p2b: Pelipper|Protect|p2b: Pelipper\n|-singleturn|p2b: Pelipper|Protect\n|-activate|p1a: Tarzan|confusion\n|move|p1a: Tarzan|Grassy Glide|p2a: Gholdengo\n|-resisted|p2a: Gholdengo\n|-damage|p2a: Gholdengo|33\/100\n|move|p2a: Gholdengo|Shadow Ball|p1a: Tarzan\n|-crit|p1a: Tarzan\n|-damage|p1a: Tarzan|0 fnt\n|faint|p1a: Tarzan\n|move|p1b: Ariel|Icy Wind|p2b: Pelipper|[spread] p2a\n|-activate|p2b: Pelipper|move: Protect\n|-resisted|p2a: Gholdengo\n|-damage|p2a: Gholdengo|27\/100\n|-unboost|p2a: Gholdengo|spe|1\n|\n|-weather|RainDance|[upkeep]\n|-heal|p2a: Gholdengo|33\/100|[from] Grassy Terrain\n|upkeep\n|\n|t:|1731807299\n|switch|p1a: Blue|Gallade, L50, M, shiny|100\/100\n|turn|4\n|inactive|OLD PRO has 30 seconds left.\n|inactive|OLD PRO has 20 seconds left.\n|inactive|OLD PRO has 15 seconds left.\n|\n|t:|1731807341\n|move|p2b: Pelipper|Hurricane|p1a: Blue\n|-supereffective|p1a: Blue\n|-damage|p1a: Blue|19\/100\n|move|p1a: Blue|Sacred Sword|p2b: Pelipper\n|-resisted|p2b: Pelipper\n|-damage|p2b: Pelipper|0 fnt\n|faint|p2b: Pelipper\n|move|p2a: Gholdengo|Shadow Ball|p1a: Blue\n|-supereffective|p1a: Blue\n|-damage|p1a: Blue|0 fnt\n|faint|p1a: Blue\n|move|p1b: Ariel|Scald|p2a: Gholdengo\n|-damage|p2a: Gholdengo|0 fnt\n|faint|p2a: Gholdengo\n|\n|-weather|RainDance|[upkeep]\n|-sideend|p2: Arcangel666|move: Tailwind\n|upkeep\n|\n|t:|1731807360\n|switch|p2a: Archaludon|Archaludon, L50, M, shiny|100\/100\n|turn|5\n|\n|t:|1731807370\n|move|p2a: Archaludon|Electro Shot||[still]\n|-prepare|p2a: Archaludon|Electro Shot\n|-boost|p2a: Archaludon|spa|1\n|-anim|p2a: Archaludon|Electro Shot|p1b: Ariel\n|-supereffective|p1b: Ariel\n|-damage|p1b: Ariel|8\/100\n|-enditem|p1b: Ariel|Sitrus Berry|[eat]\n|-heal|p1b: Ariel|32\/100|[from] item: Sitrus Berry\n|move|p1b: Ariel|Icy Wind|p2a: Archaludon\n|-damage|p2a: Archaludon|90\/100\n|-unboost|p2a: Archaludon|spe|1\n|-ability|p2a: Archaludon|Stamina|boost\n|-boost|p2a: Archaludon|def|1\n|\n|-weather|RainDance|[upkeep]\n|-heal|p1b: Ariel|38\/100|[from] Grassy Terrain\n|-heal|p2a: Archaludon|96\/100|[from] Grassy Terrain\n|-fieldend|move: Grassy Terrain\n|upkeep\n|turn|6\n|\n|t:|1731807388\n|move|p1b: Ariel|Protect|p1b: Ariel\n|-singleturn|p1b: Ariel|Protect\n|move|p2a: Archaludon|Electro Shot||[still]\n|-prepare|p2a: Archaludon|Electro Shot\n|-boost|p2a: Archaludon|spa|1\n|-anim|p2a: Archaludon|Electro Shot|p1b: Ariel\n|-activate|p1b: Ariel|move: Protect\n|\n|-weather|none\n|upkeep\n|turn|7\n|\n|t:|1731807398\n|move|p1b: Ariel|Scald|p2a: Archaludon\n|-resisted|p2a: Archaludon\n|-damage|p2a: Archaludon|84\/100\n|-ability|p2a: Archaludon|Stamina|boost\n|-boost|p2a: Archaludon|def|1\n|move|p2a: Archaludon|Draco Meteor|p1b: Ariel\n|-damage|p1b: Ariel|0 fnt\n|-unboost|p2a: Archaludon|spa|2\n|faint|p1b: Ariel\n|\n|win|Arcangel666\n|raw|OLD PRO's rating: 1700 &rarr; <strong>1682<\/strong><br \/>(-18 for losing)\n|raw|Arcangel666's rating: 1729 &rarr; <strong>1747<\/strong><br \/>(+18 for winning)\n|l|\u2606OLD PRO\n|player|p1|\n|l|\u2606Arcangel666\n|player|p2|\n","uploadtime":1731807555,"views":11,"formatid":"gen9vgc2024regh","rating":1682,"private":0,"password":null}