{"id":"gen9vgc2024regh-2245758037","format":"[Gen 9] VGC 2024 Reg H","players":["Cellpab1","Pasodoble"],"log":"|j|\u2606Cellpab1\n|j|\u2606Pasodoble\n|t:|1731873336\n|gametype|doubles\n|player|p1|Cellpab1|169|1658\n|player|p2|Pasodoble|169|1738\n|teamsize|p1|6\n|teamsize|p2|6\n|gen|9\n|tier|[Gen 9] VGC 2024 Reg H\n|rated|\n|rule|Species Clause: Limit one of each Pok\u00e9mon\n|rule|Item Clause: Limit 1 of each item\n|clearpoke\n|poke|p1|Weezing-Galar, L50, M|\n|poke|p1|Toedscruel, L50, M|\n|poke|p1|Garchomp, L50, M|\n|poke|p1|Corviknight, L50, M|\n|poke|p1|Typhlosion-Hisui, L50, M|\n|poke|p1|Ninetales-Alola, L50, M|\n|poke|p2|Hydreigon, L50, M|\n|poke|p2|Gholdengo, L50|\n|poke|p2|Whimsicott, L50, M|\n|poke|p2|Dragapult, L50, F|\n|poke|p2|Blaziken, L50, M|\n|poke|p2|Garchomp, L50, M|\n|teampreview|4\nPasodoble has agreed to open team sheets.\n|j| mr pogostick\n|l| mr pogostick\n|\n|t:|1731873455\n|start\n|switch|p1a: Corviknight|Corviknight, L50, M|100\/100\n|switch|p1b: Garchomp|Garchomp, L50, M|100\/100\n|switch|p2a: Dragapult|Dragapult, L50, F|100\/100\n|switch|p2b: Garchomp|Garchomp, L50, M|100\/100\n|turn|1\n|\n|t:|1731873489\n|switch|p1b: Weezing|Weezing-Galar, L50, M|100\/100\n|-ability|p1b: Weezing|Neutralizing Gas\n|switch|p2b: Whimsicott|Whimsicott, L50, M|100\/100\n|move|p2a: Dragapult|Protect|p2a: Dragapult\n|-singleturn|p2a: Dragapult|Protect\n|move|p1a: Corviknight|Tailwind|p1a: Corviknight\n|-sidestart|p1: Cellpab1|move: Tailwind\n|\n|upkeep\n|turn|2\n|j| Bohoennian\n|\n|t:|1731873540\n|switch|p2a: Gholdengo|Gholdengo, L50|100\/100\n|switch|p1a: Toedscruel|Toedscruel, L50, M|100\/100\n|move|p2b: Whimsicott|Protect|p2b: Whimsicott\n|-singleturn|p2b: Whimsicott|Protect\n|move|p1b: Weezing|Strange Steam|p2a: Gholdengo\n|-resisted|p2a: Gholdengo\n|-damage|p2a: Gholdengo|76\/100\n|\n|upkeep\n|turn|3\n|\n|t:|1731873600\n|-end|p1b: Weezing|ability: Neutralizing Gas\n|switch|p1b: Corviknight|Corviknight, L50, M|100\/100\n|switch|p2a: Garchomp|Garchomp, L50, M|100\/100\n|move|p2b: Whimsicott|Tailwind|p2b: Whimsicott\n|-sidestart|p2: Pasodoble|move: Tailwind\n|move|p1a: Toedscruel|Spore|p2a: Garchomp\n|-status|p2a: Garchomp|slp|[from] move: Spore\n|\n|upkeep\n|turn|4\n|\n|t:|1731873632\n|switch|p1b: Weezing|Weezing-Galar, L50, M|100\/100\n|-ability|p1b: Weezing|Neutralizing Gas\n|move|p2b: Whimsicott|Protect|p2b: Whimsicott\n|-singleturn|p2b: Whimsicott|Protect\n|move|p1a: Toedscruel|Acid Spray|p2a: Garchomp\n|-resisted|p2a: Garchomp\n|-damage|p2a: Garchomp|96\/100 slp\n|-unboost|p2a: Garchomp|spd|2\n|cant|p2a: Garchomp|slp\n|\n|-sideend|p1: Cellpab1|move: Tailwind\n|upkeep\n|turn|5\n|\n|t:|1731873668\n|switch|p2a: Gholdengo|Gholdengo, L50|76\/100\n|move|p2b: Whimsicott|Moonblast|p1a: Toedscruel\n|-crit|p1a: Toedscruel\n|-damage|p1a: Toedscruel|50\/100\n|move|p1a: Toedscruel|Acid Spray|p2b: Whimsicott\n|-supereffective|p2b: Whimsicott\n|-damage|p2b: Whimsicott|41\/100\n|move|p1b: Weezing|Dazzling Gleam|p2b: Whimsicott|[spread] p2a,p2b\n|-resisted|p2a: Gholdengo\n|-damage|p2a: Gholdengo|57\/100\n|-damage|p2b: Whimsicott|0 fnt\n|faint|p2b: Whimsicott\n|\n|upkeep\n|\n|t:|1731873682\n|switch|p2b: Garchomp|Garchomp, L50, M|96\/100 slp\n|turn|6\n|\n|t:|1731873697\n|-end|p1b: Weezing|ability: Neutralizing Gas\n|switch|p1b: Corviknight|Corviknight, L50, M|100\/100\n|-curestatus|p2b: Garchomp|slp|[msg]\n|move|p2b: Garchomp|Scale Shot|p1b: Corviknight\n|-resisted|p1b: Corviknight\n|-crit|p1b: Corviknight\n|-damage|p1b: Corviknight|91\/100\n|-resisted|p1b: Corviknight\n|-damage|p1b: Corviknight|85\/100\n|-resisted|p1b: Corviknight\n|-damage|p1b: Corviknight|78\/100\n|-resisted|p1b: Corviknight\n|-damage|p1b: Corviknight|72\/100\n|-hitcount|p1b: Corviknight|4\n|-unboost|p2b: Garchomp|def|1\n|-boost|p2b: Garchomp|spe|1\n|move|p2a: Gholdengo|Make It Rain|p1a: Toedscruel|[spread] p1a,p1b\n|-resisted|p1b: Corviknight\n|-damage|p1a: Toedscruel|0 fnt\n|-damage|p1b: Corviknight|38\/100\n|-unboost|p2a: Gholdengo|spa|1\n|-enditem|p1b: Corviknight|Sitrus Berry|[eat]\n|-heal|p1b: Corviknight|63\/100|[from] item: Sitrus Berry\n|faint|p1a: Toedscruel\n|\n|-sideend|p2: Pasodoble|move: Tailwind\n|upkeep\n|\n|t:|1731873712\n|switch|p1a: Garchomp|Garchomp, L50, M|100\/100\n|turn|7\n|inactive|Battle timer is ON: inactive players will automatically lose when time's up. (requested by Cellpab1)\n|\n|t:|1731873752\n|-terastallize|p1a: Garchomp|Water\n|move|p2b: Garchomp|Scale Shot|p1b: Corviknight\n|-resisted|p1b: Corviknight\n|-damage|p1b: Corviknight|57\/100\n|-resisted|p1b: Corviknight\n|-damage|p1b: Corviknight|50\/100\n|-resisted|p1b: Corviknight\n|-damage|p1b: Corviknight|44\/100\n|-resisted|p1b: Corviknight\n|-damage|p1b: Corviknight|38\/100\n|-resisted|p1b: Corviknight\n|-damage|p1b: Corviknight|32\/100\n|-hitcount|p1b: Corviknight|5\n|-unboost|p2b: Garchomp|def|1\n|-boost|p2b: Garchomp|spe|1\n|move|p1a: Garchomp|Earthquake|p2a: Gholdengo|[spread] p2a,p2b\n|-immune|p1b: Corviknight\n|-supereffective|p2a: Gholdengo\n|-damage|p2a: Gholdengo|0 fnt\n|-damage|p2b: Garchomp|0 fnt\n|faint|p2a: Gholdengo\n|faint|p2b: Garchomp\n|-damage|p1a: Garchomp|91\/100|[from] item: Life Orb\n|move|p1b: Corviknight|Tailwind|p1b: Corviknight\n|-sidestart|p1: Cellpab1|move: Tailwind\n|\n|upkeep\n|-message|Pasodoble forfeited.\n|\n|win|Cellpab1\n|raw|Cellpab1's rating: 1676 &rarr; <strong>1700<\/strong><br \/>(+24 for winning)\n|raw|Pasodoble's rating: 1738 &rarr; <strong>1714<\/strong><br \/>(-24 for losing)\n|l|\u2606Pasodoble\n|player|p2|\n|l|\u2606Cellpab1\n|player|p1|\n|j| TRIPLE RILABOOM\n|l| Bohoennian\n","uploadtime":1731873971,"views":10,"formatid":"gen9vgc2024regh","rating":1700,"private":0,"password":null}