{"id":"gen9vgc2024regh-2245232251","format":"[Gen 9] VGC 2024 Reg H","players":["Ratrap","vgclth cuwutie"],"log":"|j|\u2606Ratrap\n|j|\u2606vgclth cuwutie\n|t:|1731793016\n|gametype|doubles\n|player|p1|Ratrap|elesa|1692\n|player|p2|vgclth cuwutie|266|1816\n|teamsize|p1|6\n|teamsize|p2|6\n|gen|9\n|tier|[Gen 9] VGC 2024 Reg H\n|rated|\n|rule|Species Clause: Limit one of each Pok\u00e9mon\n|rule|Item Clause: Limit 1 of each item\n|clearpoke\n|poke|p1|Meowscarada, L50, F|\n|poke|p1|Primeape, L50, F|\n|poke|p1|Dragonite, L50, M|\n|poke|p1|Incineroar, L50, M|\n|poke|p1|Archaludon, L50, M|\n|poke|p1|Ninetales-Alola, L50, M|\n|poke|p2|Smeargle, L50, F|\n|poke|p2|Farigiraf, L50, F|\n|poke|p2|Maushold-Four, L50|\n|poke|p2|Torkoal, L50, F|\n|poke|p2|Ursaluna-Bloodmoon, L50, M|\n|poke|p2|Weezing-Galar, L50, M|\n|teampreview|4\n|inactive|Battle timer is ON: inactive players will automatically lose when time's up. (requested by Ratrap)\n|j| volcaronavgc\n|\n|t:|1731793042\n|start\n|switch|p1a: Meowscarada|Meowscarada, L50, F|100\/100\n|switch|p1b: Incineroar|Incineroar, L50, M|100\/100\n|switch|p2a: Smeargle|Smeargle, L50, F|100\/100\n|switch|p2b: Farigiraf|Farigiraf, L50, F|100\/100\n|-ability|p1b: Incineroar|Intimidate|boost\n|-unboost|p2a: Smeargle|atk|1\n|-enditem|p2a: Smeargle|Eject Pack\n|-unboost|p2b: Farigiraf|atk|1\n|inactive|vgclth cuwutie has 30 seconds left.\n|\n|t:|1731793069\n|switch|p2a: Ursaluna|Ursaluna-Bloodmoon, L50, M|100\/100\n|turn|1\n|\n|t:|1731793086\n|-terastallize|p2b: Farigiraf|Water\n|move|p2a: Ursaluna|Protect|p2a: Ursaluna\n|-singleturn|p2a: Ursaluna|Protect\n|move|p1a: Meowscarada|Flower Trick|p2b: Farigiraf\n|-ability|p2b: Farigiraf|Sap Sipper|boost\n|-boost|p2b: Farigiraf|atk|1\n|move|p1b: Incineroar|Knock Off|p2b: Farigiraf\n|-damage|p2b: Farigiraf|58\/100\n|-enditem|p2b: Farigiraf|Mental Herb|[from] move: Knock Off|[of] p1b: Incineroar\n|move|p2b: Farigiraf|Trick Room|p2b: Farigiraf\n|-fieldstart|move: Trick Room|[of] p2b: Farigiraf\n|\n|upkeep\n|turn|2\n|c|\u2606Ratrap|Lol\n|c|\u2606Ratrap|Hahahahahaha\n|inactive|Ratrap has 30 seconds left.\n|inactive|vgclth cuwutie has 30 seconds left.\n|inactive|Ratrap has 20 seconds left.\n|inactive|vgclth cuwutie has 20 seconds left.\n|\n|t:|1731793124\n|move|p1b: Incineroar|Knock Off|p2a: Ursaluna\n|-damage|p2a: Ursaluna|66\/100\n|-enditem|p2a: Ursaluna|Life Orb|[from] move: Knock Off|[of] p1b: Incineroar\n|move|p2b: Farigiraf|Uproar|p1a: Meowscarada\n|-damage|p1a: Meowscarada|44\/100\n|-start|p2b: Farigiraf|Uproar\n|move|p2a: Ursaluna|Hyper Voice|p1b: Incineroar|[spread] p1a,p1b\n|-damage|p1a: Meowscarada|0 fnt\n|-damage|p1b: Incineroar|77\/100\n|faint|p1a: Meowscarada\n|\n|-start|p2b: Farigiraf|Uproar|[upkeep]\n|upkeep\n|\n|t:|1731793142\n|switch|p1a: Dragonite|Dragonite, L50, M|100\/100\n|turn|3\n|\n|t:|1731793154\n|move|p1a: Dragonite|Protect|p1a: Dragonite\n|-singleturn|p1a: Dragonite|Protect\n|move|p2b: Farigiraf|Uproar|p1a: Dragonite|[from]lockedmove\n|-activate|p1a: Dragonite|move: Protect\n|move|p1b: Incineroar|Flare Blitz|p2a: Ursaluna\n|-damage|p2a: Ursaluna|26\/100\n|-damage|p1b: Incineroar|62\/100|[from] Recoil\n|move|p2a: Ursaluna|Blood Moon|p1a: Dragonite\n|-activate|p1a: Dragonite|move: Protect\n|\n|-start|p2b: Farigiraf|Uproar|[upkeep]\n|upkeep\n|turn|4\n|\n|t:|1731793174\n|-terastallize|p1a: Dragonite|Steel\n|move|p1b: Incineroar|Flare Blitz|p2a: Ursaluna\n|-damage|p2a: Ursaluna|0 fnt\n|faint|p2a: Ursaluna\n|-damage|p1b: Incineroar|53\/100|[from] Recoil\n|move|p2b: Farigiraf|Uproar|p1a: Dragonite|[from]lockedmove\n|-resisted|p1a: Dragonite\n|-damage|p1a: Dragonite|93\/100\n|move|p1a: Dragonite|Scale Shot|p2b: Farigiraf\n|-damage|p2b: Farigiraf|43\/100\n|-damage|p2b: Farigiraf|29\/100\n|-damage|p2b: Farigiraf|15\/100\n|-damage|p2b: Farigiraf|2\/100\n|-damage|p2b: Farigiraf|0 fnt\n|faint|p2b: Farigiraf\n|-hitcount|p2: Farigiraf|5\n|-unboost|p1a: Dragonite|def|1\n|-boost|p1a: Dragonite|spe|1\n|\n|upkeep\n|j| jdarcan\n|\n|t:|1731793183\n|switch|p2b: Smeargle|Smeargle, L50, F|100\/100\n|switch|p2a: Torkoal|Torkoal, L50, F|100\/100\n|-weather|SunnyDay|[from] ability: Drought|[of] p2a: Torkoal\n|turn|5\n|\n|t:|1731793198\n|move|p1a: Dragonite|Protect|p1a: Dragonite\n|-singleturn|p1a: Dragonite|Protect\n|move|p2b: Smeargle|Fake Out|p1b: Incineroar\n|-damage|p1b: Incineroar|48\/100\n|move|p2a: Torkoal|Eruption|p1b: Incineroar|[spread] p1b\n|-activate|p1a: Dragonite|move: Protect\n|-resisted|p1b: Incineroar\n|-damage|p1b: Incineroar|15\/100\n|cant|p1b: Incineroar|flinch\n|\n|-weather|SunnyDay|[upkeep]\n|-fieldend|move: Trick Room\n|-ability|p2b: Smeargle|Moody|boost\n|-boost|p2b: Smeargle|spa|2\n|-unboost|p2b: Smeargle|spe|1\n|upkeep\n|turn|6\n|\n|t:|1731793212\n|move|p2b: Smeargle|Follow Me|p2b: Smeargle\n|-singleturn|p2b: Smeargle|move: Follow Me\n|move|p1a: Dragonite|Scale Shot|p2b: Smeargle\n|-damage|p2b: Smeargle|63\/100\n|-damage|p2b: Smeargle|30\/100\n|-damage|p2b: Smeargle|0 fnt\n|faint|p2b: Smeargle\n|-hitcount|p2: Smeargle|3\n|-unboost|p1a: Dragonite|def|1\n|-boost|p1a: Dragonite|spe|1\n|move|p1b: Incineroar|Knock Off|p2a: Torkoal\n|-damage|p2a: Torkoal|63\/100\n|-enditem|p2a: Torkoal|Choice Specs|[from] move: Knock Off|[of] p1b: Incineroar\n|move|p2a: Torkoal|Eruption|p1b: Incineroar|[spread] p1a,p1b\n|-supereffective|p1a: Dragonite\n|-resisted|p1b: Incineroar\n|-damage|p1a: Dragonite|0 fnt\n|-damage|p1b: Incineroar|1\/100\n|faint|p1a: Dragonite\n|\n|-weather|SunnyDay|[upkeep]\n|upkeep\n|\n|t:|1731793225\n|switch|p1a: Archaludon|Archaludon, L50, M|100\/100\n|turn|7\n|\n|t:|1731793233\n|move|p1a: Archaludon|Electro Shot||[still]\n|-prepare|p1a: Archaludon|Electro Shot\n|-boost|p1a: Archaludon|spa|1\n|-enditem|p1a: Archaludon|Power Herb\n|-anim|p1a: Archaludon|Electro Shot|p2a: Torkoal\n|-damage|p2a: Torkoal|0 fnt\n|faint|p2a: Torkoal\n|\n|win|Ratrap\n|raw|Ratrap's rating: 1692 &rarr; <strong>1720<\/strong><br \/>(+28 for winning)\n|raw|vgclth cuwutie's rating: 1830 &rarr; <strong>1802<\/strong><br \/>(-28 for losing)\n|c|\u2606vgclth cuwutie|gg\n|c|\u2606Ratrap|Gg!\n|c|\u2606Ratrap|Cool team\n|c|\u2606vgclth cuwutie|ty\n|c|\u2606vgclth cuwutie|u2\n|c|\u2606Ratrap|Thanks!\n|c|\u2606Ratrap|Are you a regional player?\n|l|\u2606vgclth cuwutie\n|player|p2|\n|l| volcaronavgc\n","uploadtime":1731793415,"views":19,"formatid":"gen9vgc2024regh","rating":1720,"private":0,"password":null}