{"id":"gen9vgc2024regh-2245744120","format":"[Gen 9] VGC 2024 Reg H","players":["VGCLTH skibidi","por minha atendido"],"log":"|raw|<div class=\"broadcast-blue\"><strong>This battle is required to be public due to a player having a name starting with 'vgclth'.<\/div>\n|j|\u2606VGCLTH skibidi\n|j|\u2606por minha atendido\n|t:|1731871719\n|gametype|doubles\n|player|p1|VGCLTH skibidi|piers-masters|1784\n|player|p2|por minha atendido|102|1790\n|teamsize|p1|6\n|teamsize|p2|6\n|gen|9\n|tier|[Gen 9] VGC 2024 Reg H\n|rated|\n|rule|Species Clause: Limit one of each Pok\u00e9mon\n|rule|Item Clause: Limit 1 of each item\n|clearpoke\n|poke|p1|Ceruledge, L50, M|\n|poke|p1|Gastrodon-East, L50, M|\n|poke|p1|Sneasler, L50, M|\n|poke|p1|Kingambit, L50, M|\n|poke|p1|Rillaboom, L50, F|\n|poke|p1|Dragonite, L50, F|\n|poke|p2|Annihilape, L50, M|\n|poke|p2|Delphox, L50, M|\n|poke|p2|Murkrow, L50, M|\n|poke|p2|Sneasler, L50, F|\n|poke|p2|Indeedee, L50, M|\n|poke|p2|Gholdengo, L50|\n|teampreview|4\n|inactive|Battle timer is ON: inactive players will automatically lose when time's up. (requested by VGCLTH skibidi)\n|\n|t:|1731871749\n|start\n|switch|p1a: Imagine I miss lol|Dragonite, L50, F|100\/100\n|switch|p1b: Let's go gambling|Sneasler, L50, M|100\/100\n|switch|p2a: Sneasler|Sneasler, L50, F|100\/100\n|switch|p2b: Annihilape|Annihilape, L50, M|100\/100\n|turn|1\n|j| vgclth cuwutie\n|\n|t:|1731871765\n|move|p2a: Sneasler|Protect|p2a: Sneasler\n|-singleturn|p2a: Sneasler|Protect\n|move|p1a: Imagine I miss lol|Protect|p1a: Imagine I miss lol\n|-singleturn|p1a: Imagine I miss lol|Protect\n|move|p1b: Let's go gambling|Dire Claw|p2b: Annihilape\n|-resisted|p2b: Annihilape\n|-damage|p2b: Annihilape|78\/100\n|-status|p2b: Annihilape|psn\n|move|p2b: Annihilape|Rage Fist|p1a: Imagine I miss lol\n|-activate|p1a: Imagine I miss lol|move: Protect\n|\n|-damage|p2b: Annihilape|66\/100 psn|[from] psn\n|upkeep\n|turn|2\n|l| vgclth cuwutie\n|\n|t:|1731871781\n|move|p1b: Let's go gambling|Coaching|p1a: Imagine I miss lol\n|-boost|p1a: Imagine I miss lol|atk|1\n|-boost|p1a: Imagine I miss lol|def|1\n|move|p2a: Sneasler|Dire Claw|p1a: Imagine I miss lol\n|-damage|p1a: Imagine I miss lol|85\/100\n|move|p1a: Imagine I miss lol|Scale Shot|p2b: Annihilape\n|-damage|p2b: Annihilape|43\/100 psn\n|-damage|p2b: Annihilape|22\/100 psn\n|-damage|p2b: Annihilape|0 fnt\n|faint|p2b: Annihilape\n|-hitcount|p2: Annihilape|3\n|-unboost|p1a: Imagine I miss lol|def|1\n|-boost|p1a: Imagine I miss lol|spe|1\n|\n|upkeep\n|\n|t:|1731871792\n|switch|p2b: Indeedee|Indeedee, L50, M|100\/100\n|-fieldstart|move: Psychic Terrain|[from] ability: Psychic Surge|[of] p2b: Indeedee\n|-enditem|p2a: Sneasler|Psychic Seed\n|-boost|p2a: Sneasler|spd|1|[from] item: Psychic Seed\n|turn|3\n|\n|t:|1731871805\n|move|p2a: Sneasler|Dire Claw|p1b: Let's go gambling\n|-resisted|p1b: Let's go gambling\n|-damage|p1b: Let's go gambling|64\/100\n|move|p1a: Imagine I miss lol|Scale Shot|p2b: Indeedee\n|-damage|p2b: Indeedee|60\/100\n|-damage|p2b: Indeedee|12\/100\n|-damage|p2b: Indeedee|0 fnt\n|faint|p2b: Indeedee\n|-hitcount|p2: Indeedee|3\n|-unboost|p1a: Imagine I miss lol|def|1\n|-boost|p1a: Imagine I miss lol|spe|1\n|move|p1b: Let's go gambling|Dire Claw|p2a: Sneasler\n|-resisted|p2a: Sneasler\n|-damage|p2a: Sneasler|65\/100\n|\n|upkeep\n|\n|t:|1731871814\n|switch|p2b: Delphox|Delphox, L50, M|100\/100\n|turn|4\n|\n|t:|1731871823\n|switch|p1b: Rizzler|Rillaboom, L50, F|100\/100\n|-fieldstart|move: Grassy Terrain|[from] ability: Grassy Surge|[of] p1b: Rizzler\n|-terastallize|p2b: Delphox|Fighting\n|move|p1a: Imagine I miss lol|Extreme Speed|p2a: Sneasler\n|-damage|p2a: Sneasler|0 fnt\n|faint|p2a: Sneasler\n|move|p2b: Delphox|Heat Wave|p1a: Imagine I miss lol|[spread] p1a,p1b\n|-resisted|p1a: Imagine I miss lol\n|-supereffective|p1b: Rizzler\n|-damage|p1a: Imagine I miss lol|65\/100\n|-damage|p1b: Rizzler|0 fnt\n|faint|p1b: Rizzler\n|-damage|p2b: Delphox|91\/100|[from] item: Life Orb\n|\n|-heal|p2b: Delphox|97\/100|[from] Grassy Terrain\n|upkeep\n|\n|t:|1731871826\n|switch|p1b: Let's go gambling|Sneasler, L50, M|64\/100\n|turn|5\n|inactive|por minha atendido has 30 seconds left.\n|-message|por minha atendido forfeited.\n|\n|win|VGCLTH skibidi\n|raw|VGCLTH skibidi's rating: 1784 &rarr; <strong>1804<\/strong><br \/>(+20 for winning)\n|raw|por minha atendido's rating: 1790 &rarr; <strong>1770<\/strong><br \/>(-20 for losing)\n|l|\u2606por minha atendido\n|player|p2|\n|l|\u2606VGCLTH skibidi\n|player|p1|\n|j| vgclth cuwutie\n|l| vgclth cuwutie\n","uploadtime":1731872026,"views":32,"formatid":"gen9vgc2024regh","rating":1770,"private":0,"password":null}