{"id":"gen9vgc2024regh-2245377160","format":"[Gen 9] VGC 2024 Reg H","players":["hax reliant 2","VGCLTH low laddr"],"log":"|raw|<div class=\"broadcast-blue\"><strong>This battle is required to be public due to a player having a name starting with 'vgclth'.<\/div>\n|j|\u2606hax reliant 2\n|j|\u2606VGCLTH low laddr\n|t:|1731812015\n|gametype|doubles\n|player|p1|hax reliant 2|102|1692\n|player|p2|VGCLTH low laddr|lucas|1808\n|teamsize|p1|6\n|teamsize|p2|6\n|gen|9\n|tier|[Gen 9] VGC 2024 Reg H\n|rated|\n|rule|Species Clause: Limit one of each Pok\u00e9mon\n|rule|Item Clause: Limit 1 of each item\n|clearpoke\n|poke|p1|Sableye, L50, M|\n|poke|p1|Politoed, L50, M|\n|poke|p1|Sinistcha-Masterpiece, L50|\n|poke|p1|Archaludon, L50, M|\n|poke|p1|Arcanine, L50, F|\n|poke|p1|Whimsicott, L50, M|\n|poke|p2|Sneasler, L50, M|\n|poke|p2|Ursaluna-Bloodmoon, L50, M|\n|poke|p2|Incineroar, L50, M|\n|poke|p2|Gholdengo, L50|\n|poke|p2|Rillaboom, L50, F|\n|poke|p2|Dragonite, L50, F|\n|teampreview|4\n|inactive|Battle timer is ON: inactive players will automatically lose when time's up. (requested by VGCLTH low laddr)\n|inactive|hax reliant 2 has 60 seconds left.\n|inactive|VGCLTH low laddr has 60 seconds left.\n|inactive|VGCLTH low laddr has 30 seconds left.\n|\n|t:|1731812084\n|start\n|switch|p1a: Sableye|Sableye, L50, M|100\/100\n|switch|p1b: Archaludon|Archaludon, L50, M|100\/100\n|switch|p2a: Dragonite|Dragonite, L50, F|100\/100\n|switch|p2b: Ursaluna|Ursaluna-Bloodmoon, L50, M|100\/100\n|turn|1\n|j| POiSON GiRLFRiEND\n|l| POiSON GiRLFRiEND\n|j| babiwi bewey\u2714\ufe0f\n|\n|t:|1731812096\n|-terastallize|p1b: Archaludon|Ghost\n|move|p1a: Sableye|Light Screen|p1a: Sableye\n|-sidestart|p1: hax reliant 2|move: Light Screen\n|move|p1b: Archaludon|Snarl|p2a: Dragonite|[spread] p2a,p2b\n|-damage|p2a: Dragonite|95\/100\n|-damage|p2b: Ursaluna|89\/100\n|-unboost|p2a: Dragonite|spa|1\n|move|p2a: Dragonite|Scale Shot|p1b: Archaludon\n|-damage|p1b: Archaludon|90\/100\n|-ability|p1b: Archaludon|Stamina|boost\n|-boost|p1b: Archaludon|def|1\n|-damage|p1b: Archaludon|82\/100\n|-ability|p1b: Archaludon|Stamina|boost\n|-boost|p1b: Archaludon|def|1\n|-damage|p1b: Archaludon|77\/100\n|-ability|p1b: Archaludon|Stamina|boost\n|-boost|p1b: Archaludon|def|1\n|-damage|p1b: Archaludon|73\/100\n|-ability|p1b: Archaludon|Stamina|boost\n|-boost|p1b: Archaludon|def|1\n|-hitcount|p1b: Archaludon|4\n|-unboost|p2a: Dragonite|def|1\n|-boost|p2a: Dragonite|spe|1\n|move|p2b: Ursaluna|Earth Power|p1b: Archaludon\n|-damage|p1b: Archaludon|48\/100\n|-ability|p1b: Archaludon|Stamina|boost\n|-boost|p1b: Archaludon|def|1\n|\n|upkeep\n|turn|2\n|c|\u2606hax reliant 2|ok that makes sense then\n|inactive|hax reliant 2 has 30 seconds left.\n|inactive|VGCLTH low laddr has 30 seconds left.\n|inactive|hax reliant 2 has 20 seconds left.\n|inactive|hax reliant 2 has 15 seconds left.\n|inactive|hax reliant 2 has 10 seconds left.\n|inactive|hax reliant 2 has 5 seconds left.\n|\n|t:|1731812147\n|switch|p1a: Sinistcha|Sinistcha-Masterpiece, L50|100\/100\n|-heal|p1b: Archaludon|73\/100|[from] ability: Hospitality|[of] p1a: Sinistcha\n|-terastallize|p2a: Dragonite|Fairy\n|move|p2a: Dragonite|Scale Shot|p1a: Sinistcha\n|-damage|p1a: Sinistcha|90\/100\n|-damage|p1a: Sinistcha|78\/100\n|-damage|p1a: Sinistcha|67\/100\n|-damage|p1a: Sinistcha|55\/100\n|-damage|p1a: Sinistcha|43\/100\n|-hitcount|p1a: Sinistcha|5\n|-unboost|p2a: Dragonite|def|1\n|-boost|p2a: Dragonite|spe|1\n|move|p1b: Archaludon|Flash Cannon|p2a: Dragonite\n|-supereffective|p2a: Dragonite\n|-damage|p2a: Dragonite|20\/100\n|move|p2b: Ursaluna|Blood Moon|p1b: Archaludon\n|-damage|p1b: Archaludon|34\/100\n|-ability|p1b: Archaludon|Stamina|boost\n|-boost|p1b: Archaludon|def|1\n|\n|upkeep\n|turn|3\n|inactive|hax reliant 2 has 30 seconds left.\n|inactive|VGCLTH low laddr has 30 seconds left.\n|inactive|hax reliant 2 has 20 seconds left.\n|inactive|hax reliant 2 has 15 seconds left.\n|inactive|hax reliant 2 has 10 seconds left.\n|inactive|hax reliant 2 has 5 seconds left.\n|\n|t:|1731812197\n|move|p2a: Dragonite|Scale Shot|p1a: Sinistcha\n|-damage|p1a: Sinistcha|30\/100\n|-damage|p1a: Sinistcha|18\/100\n|-enditem|p1a: Sinistcha|Wiki Berry|[eat]\n|-heal|p1a: Sinistcha|51\/100|[from] item: Wiki Berry\n|-damage|p1a: Sinistcha|39\/100\n|-damage|p1a: Sinistcha|27\/100\n|-damage|p1a: Sinistcha|15\/100\n|-hitcount|p1a: Sinistcha|5\n|-unboost|p2a: Dragonite|def|1\n|-boost|p2a: Dragonite|spe|1\n|move|p1b: Archaludon|Body Press|p2b: Ursaluna\n|-supereffective|p2b: Ursaluna\n|-damage|p2b: Ursaluna|0 fnt\n|faint|p2b: Ursaluna\n|move|p1a: Sinistcha|Shadow Ball|p2a: Dragonite\n|-damage|p2a: Dragonite|0 fnt\n|faint|p2a: Dragonite\n|\n|upkeep\n|\n|t:|1731812212\n|switch|p2a: Gholdengo|Gholdengo, L50|100\/100\n|switch|p2b: Rillaboom|Rillaboom, L50, F|100\/100\n|-fieldstart|move: Grassy Terrain|[from] ability: Grassy Surge|[of] p2b: Rillaboom\n|turn|4\n|\n|t:|1731812241\n|move|p2b: Rillaboom|Grassy Glide|p1a: Sinistcha\n|-resisted|p1a: Sinistcha\n|-damage|p1a: Sinistcha|0 fnt\n|faint|p1a: Sinistcha\n|move|p1b: Archaludon|Snarl|p2a: Gholdengo|[spread] p2a,p2b\n|-supereffective|p2a: Gholdengo\n|-damage|p2a: Gholdengo|78\/100\n|-damage|p2b: Rillaboom|92\/100\n|-unboost|p2a: Gholdengo|spa|1\n|-unboost|p2b: Rillaboom|spa|1\n|move|p2a: Gholdengo|Make It Rain|p1b: Archaludon\n|-damage|p1b: Archaludon|6\/100\n|-unboost|p2a: Gholdengo|spa|1\n|-damage|p2a: Gholdengo|68\/100|[from] item: Life Orb\n|\n|-heal|p1b: Archaludon|12\/100|[from] Grassy Terrain\n|-heal|p2a: Gholdengo|74\/100|[from] Grassy Terrain\n|-heal|p2b: Rillaboom|98\/100|[from] Grassy Terrain\n|upkeep\n|\n|t:|1731812263\n|switch|p1a: Arcanine|Arcanine, L50, F|100\/100\n|turn|5\n|\n|t:|1731812275\n|move|p2b: Rillaboom|Grassy Glide|p1b: Archaludon\n|-damage|p1b: Archaludon|5\/100\n|move|p1a: Arcanine|Flare Blitz|p2a: Gholdengo\n|-supereffective|p2a: Gholdengo\n|-damage|p2a: Gholdengo|0 fnt\n|faint|p2a: Gholdengo\n|-damage|p1a: Arcanine|74\/100|[from] Recoil\n|move|p1b: Archaludon|Body Press|p2b: Rillaboom\n|-damage|p2b: Rillaboom|14\/100\n|\n|-heal|p1a: Arcanine|80\/100|[from] Grassy Terrain\n|-heal|p1b: Archaludon|11\/100|[from] Grassy Terrain\n|-heal|p2b: Rillaboom|19\/100|[from] Grassy Terrain\n|upkeep\n|turn|6\n|c|\u2606hax reliant 2|gg\n|-message|VGCLTH low laddr forfeited.\n|\n|win|hax reliant 2\n|raw|hax reliant 2's rating: 1692 &rarr; <strong>1718<\/strong><br \/>(+26 for winning)\n|raw|VGCLTH low laddr's rating: 1808 &rarr; <strong>1782<\/strong><br \/>(-26 for losing)\n|l|\u2606VGCLTH low laddr\n|player|p2|\n|l|\u2606hax reliant 2\n|player|p1|\n","uploadtime":1731812291,"views":22,"formatid":"gen9vgc2024regh","rating":1718,"private":0,"password":null}