{"id":"gen9vgc2024regh-2245504113","format":"[Gen 9] VGC 2024 Reg H","players":["Tritan11","Beccca"],"log":"|j|\u2606Tritan11\n|j|\u2606Beccca\n|t:|1731834954\n|gametype|doubles\n|player|p1|Tritan11|2|1769\n|player|p2|Beccca|102|1751\n|teamsize|p1|6\n|teamsize|p2|6\n|gen|9\n|tier|[Gen 9] VGC 2024 Reg H\n|rated|\n|rule|Species Clause: Limit one of each Pok\u00e9mon\n|rule|Item Clause: Limit 1 of each item\n|clearpoke\n|poke|p1|Hatterene, L50, F|\n|poke|p1|Indeedee-F, L50, F|\n|poke|p1|Amoonguss, L50, M|\n|poke|p1|Araquanid, L50, M|\n|poke|p1|Ursaluna-Bloodmoon, L50, M|\n|poke|p1|Incineroar, L50, M|\n|poke|p2|Dondozo, L50, F|\n|poke|p2|Tatsugiri, L50, M|\n|poke|p2|Indeedee, L50, M|\n|poke|p2|Sneasler, L50, M|\n|poke|p2|Typhlosion-Hisui, L50, M|\n|poke|p2|Dragonite, L50, F|\n|teampreview|4\n|inactive|Battle timer is ON: inactive players will automatically lose when time's up. (requested by Tritan11)\n|\n|t:|1731834978\n|start\n|switch|p1a: Hatterene|Hatterene, L50, F|100\/100\n|switch|p1b: Incineroar|Incineroar, L50, M|100\/100\n|switch|p2a: Indeedee|Indeedee, L50, M|100\/100\n|switch|p2b: Typhlosion|Typhlosion-Hisui, L50, M|100\/100\n|-item|p1a: Hatterene|Focus Sash|[from] ability: Frisk|[of] p2b: Typhlosion\n|-item|p1b: Incineroar|Assault Vest|[from] ability: Frisk|[of] p2b: Typhlosion\n|-fieldstart|move: Psychic Terrain|[from] ability: Psychic Surge|[of] p2a: Indeedee\n|-ability|p1b: Incineroar|Intimidate|boost\n|-unboost|p2a: Indeedee|atk|1\n|-unboost|p2b: Typhlosion|atk|1\n|turn|1\n|inactive|Beccca has 30 seconds left.\n|\n|t:|1731835010\n|move|p1a: Hatterene|Protect|p1a: Hatterene\n|-singleturn|p1a: Hatterene|Protect\n|move|p2b: Typhlosion|Eruption|p1a: Hatterene|[spread] p1b\n|-activate|p1a: Hatterene|move: Protect\n|-resisted|p1b: Incineroar\n|-damage|p1b: Incineroar|82\/100\n|move|p2a: Indeedee|Imprison|p2a: Indeedee\n|-start|p2a: Indeedee|move: Imprison\n|move|p1b: Incineroar|Knock Off|p2b: Typhlosion\n|-supereffective|p2b: Typhlosion\n|-damage|p2b: Typhlosion|0 fnt\n|-enditem|p2b: Typhlosion|Choice Scarf|[from] move: Knock Off|[of] p1b: Incineroar\n|faint|p2b: Typhlosion\n|\n|upkeep\n|\n|t:|1731835026\n|switch|p2b: Sneasler|Sneasler, L50, M|100\/100\n|-enditem|p2b: Sneasler|Psychic Seed\n|-boost|p2b: Sneasler|spd|1|[from] item: Psychic Seed\n|turn|2\n|\n|t:|1731835043\n|switch|p1a: Amoonguss|Amoonguss, L50, M|100\/100\n|-terastallize|p2b: Sneasler|Dark\n|-terastallize|p1b: Incineroar|Water\n|move|p2b: Sneasler|Close Combat|p1b: Incineroar\n|-damage|p1b: Incineroar|19\/100\n|-unboost|p2b: Sneasler|def|1\n|-unboost|p2b: Sneasler|spd|1\n|move|p2a: Indeedee|Expanding Force|p1a: Amoonguss|[spread] p1a,p1b\n|-supereffective|p1a: Amoonguss\n|-damage|p1a: Amoonguss|14\/100\n|-damage|p1b: Incineroar|0 fnt\n|faint|p1b: Incineroar\n|\n|upkeep\n|\n|t:|1731835058\n|switch|p1b: Hatterene|Hatterene, L50, F|100\/100\n|turn|3\n|\n|t:|1731835068\n|move|p2b: Sneasler|Protect|p2b: Sneasler\n|-singleturn|p2b: Sneasler|Protect\n|move|p1a: Amoonguss|Rage Powder|p1a: Amoonguss\n|-singleturn|p1a: Amoonguss|move: Rage Powder\n|move|p2a: Indeedee|Expanding Force|p1b: Hatterene|[spread] p1a,p1b\n|-supereffective|p1a: Amoonguss\n|-resisted|p1b: Hatterene\n|-damage|p1a: Amoonguss|0 fnt\n|-damage|p1b: Hatterene|72\/100\n|faint|p1a: Amoonguss\n|move|p1b: Hatterene|Dazzling Gleam|p2a: Indeedee|[spread] p2a\n|-activate|p2b: Sneasler|move: Protect\n|-damage|p2a: Indeedee|51\/100\n|\n|upkeep\n|\n|t:|1731835075\n|switch|p1a: Ursaluna|Ursaluna-Bloodmoon, L50, M|100\/100\n|turn|4\n|\n|t:|1731835093\n|move|p2b: Sneasler|Close Combat|p1a: Ursaluna\n|-supereffective|p1a: Ursaluna\n|-crit|p1a: Ursaluna\n|-damage|p1a: Ursaluna|0 fnt\n|-unboost|p2b: Sneasler|def|1\n|-unboost|p2b: Sneasler|spd|1\n|faint|p1a: Ursaluna\n|move|p2a: Indeedee|Expanding Force|p1b: Hatterene\n|-resisted|p1b: Hatterene\n|-damage|p1b: Hatterene|38\/100\n|move|p1b: Hatterene|Dazzling Gleam|p2a: Indeedee|[spread] p2a,p2b\n|-supereffective|p2b: Sneasler\n|-damage|p2a: Indeedee|0 fnt\n|-damage|p2b: Sneasler|0 fnt\n|faint|p2a: Indeedee\n|faint|p2b: Sneasler\n|\n|upkeep\n|\n|t:|1731835108\n|switch|p2b: Dragonite|Dragonite, L50, F|100\/100\n|turn|5\n|\n|t:|1731835116\n|move|p2b: Dragonite|Iron Head|p1b: Hatterene\n|-supereffective|p1b: Hatterene\n|-damage|p1b: Hatterene|0 fnt\n|faint|p1b: Hatterene\n|\n|win|Beccca\n|raw|Tritan11's rating: 1769 &rarr; <strong>1748<\/strong><br \/>(-21 for losing)\n|raw|Beccca's rating: 1751 &rarr; <strong>1772<\/strong><br \/>(+21 for winning)\n|l|\u2606Tritan11\n|player|p1|\n|l|\u2606Beccca\n|player|p2|\n","uploadtime":1731835412,"views":18,"formatid":"gen9vgc2024regh","rating":1748,"private":0,"password":null}