{"id":"gen9vgc2024regh-2245392436","format":"[Gen 9] VGC 2024 Reg H","players":["Gancelot","ye979402"],"log":"|j|\u2606Gancelot\n|j|\u2606ye979402\n|t:|1731814168\n|gametype|doubles\n|player|p1|Gancelot|morty|1679\n|player|p2|ye979402|2|1734\n|teamsize|p1|6\n|teamsize|p2|6\n|gen|9\n|tier|[Gen 9] VGC 2024 Reg H\n|rated|\n|rule|Species Clause: Limit one of each Pok\u00e9mon\n|rule|Item Clause: Limit 1 of each item\n|clearpoke\n|poke|p1|Dragonite, L50, F|\n|poke|p1|Kingambit, L50, M|\n|poke|p1|Electabuzz, L50, M|\n|poke|p1|Sneasler, L50, M|\n|poke|p1|Rillaboom, L50, F|\n|poke|p1|Volcarona, L50, M|\n|poke|p2|Tyranitar, L50, F|\n|poke|p2|Excadrill, L50, F|\n|poke|p2|Primarina, L50, M|\n|poke|p2|Talonflame, L50, M|\n|poke|p2|Corviknight, L50, M|\n|poke|p2|Dragonite, L50, M|\n|teampreview|4\n|\n|t:|1731814214\n|start\n|switch|p1a: Electabuzz|Electabuzz, L50, M|100\/100\n|switch|p1b: Dragonite|Dragonite, L50, F|100\/100\n|switch|p2a: Tyranitar|Tyranitar, L50, F, shiny|100\/100\n|switch|p2b: Excadrill|Excadrill, L50, F, shiny|100\/100\n|-weather|Sandstorm|[from] ability: Sand Stream|[of] p2a: Tyranitar\n|turn|1\n|\n|t:|1731814260\n|-terastallize|p2a: Tyranitar|Flying\n|move|p1b: Dragonite|Protect|p1b: Dragonite\n|-singleturn|p1b: Dragonite|Protect\n|move|p1a: Electabuzz|Protect|p1a: Electabuzz\n|-singleturn|p1a: Electabuzz|Protect\n|move|p2b: Excadrill|High Horsepower|p1a: Electabuzz\n|-activate|p1a: Electabuzz|move: Protect\n|move|p2a: Tyranitar|Tera Blast|p1b: Dragonite|[anim] Tera Blast Flying\n|-activate|p1b: Dragonite|move: Protect\n|\n|-weather|Sandstorm|[upkeep]\n|-damage|p1b: Dragonite|95\/100|[from] Sandstorm\n|-damage|p1a: Electabuzz|95\/100|[from] Sandstorm\n|-damage|p2a: Tyranitar|95\/100|[from] Sandstorm\n|upkeep\n|turn|2\n|\n|t:|1731814286\n|move|p2b: Excadrill|Protect|p2b: Excadrill\n|-singleturn|p2b: Excadrill|Protect\n|move|p1b: Dragonite|Scale Shot|p2a: Tyranitar\n|-damage|p2a: Tyranitar|82\/100\n|-damage|p2a: Tyranitar|70\/100\n|-damage|p2a: Tyranitar|57\/100\n|-damage|p2a: Tyranitar|43\/100\n|-damage|p2a: Tyranitar|32\/100\n|-hitcount|p2a: Tyranitar|5\n|-unboost|p1b: Dragonite|def|1\n|-boost|p1b: Dragonite|spe|1\n|move|p1a: Electabuzz|Electroweb|p2b: Excadrill|[spread] p2a\n|-activate|p2b: Excadrill|move: Protect\n|-supereffective|p2a: Tyranitar\n|-damage|p2a: Tyranitar|7\/100\n|-unboost|p2a: Tyranitar|spe|1\n|move|p2a: Tyranitar|Tera Blast|p1b: Dragonite|[anim] Tera Blast Flying\n|-damage|p1b: Dragonite|0 fnt\n|faint|p1b: Dragonite\n|\n|-weather|Sandstorm|[upkeep]\n|-damage|p1a: Electabuzz|89\/100|[from] Sandstorm\n|-damage|p2a: Tyranitar|1\/100|[from] Sandstorm\n|upkeep\n|\n|t:|1731814312\n|switch|p1b: Rillaboom|Rillaboom, L50, F|100\/100\n|-fieldstart|move: Grassy Terrain|[from] ability: Grassy Surge|[of] p1b: Rillaboom\n|turn|3\n|\n|t:|1731814332\n|move|p1a: Electabuzz|Protect|p1a: Electabuzz\n|-singleturn|p1a: Electabuzz|Protect\n|move|p1b: Rillaboom|Fake Out|p2a: Tyranitar\n|-damage|p2a: Tyranitar|0 fnt\n|faint|p2a: Tyranitar\n|move|p2b: Excadrill|High Horsepower|p1a: Electabuzz\n|-activate|p1a: Electabuzz|move: Protect\n|\n|-weather|Sandstorm|[upkeep]\n|-damage|p1a: Electabuzz|83\/100|[from] Sandstorm\n|-damage|p1b: Rillaboom|95\/100|[from] Sandstorm\n|-heal|p1a: Electabuzz|89\/100|[from] Grassy Terrain\n|-heal|p1b: Rillaboom|100\/100|[from] Grassy Terrain\n|upkeep\n|\n|t:|1731814346\n|switch|p2a: Corviknight|Corviknight, L50, M, shiny|100\/100\n|turn|4\n|\n|t:|1731814357\n|switch|p1b: Volcarona|Volcarona, L50, M|100\/100\n|move|p2b: Excadrill|High Horsepower|p1a: Electabuzz\n|-supereffective|p1a: Electabuzz\n|-damage|p1a: Electabuzz|11\/100\n|move|p1a: Electabuzz|Electroweb|p2b: Excadrill|[spread] p2a\n|-immune|p2b: Excadrill\n|-supereffective|p2a: Corviknight\n|-damage|p2a: Corviknight|76\/100\n|-ability|p2a: Corviknight|Mirror Armor\n|-unboost|p1a: Electabuzz|spe|1\n|move|p2a: Corviknight|Bulk Up|p2a: Corviknight\n|-boost|p2a: Corviknight|atk|1\n|-boost|p2a: Corviknight|def|1\n|\n|-weather|Sandstorm|[upkeep]\n|-damage|p1b: Volcarona|94\/100|[from] Sandstorm\n|-damage|p1a: Electabuzz|5\/100|[from] Sandstorm\n|-heal|p1b: Volcarona|100\/100|[from] Grassy Terrain\n|-heal|p1a: Electabuzz|11\/100|[from] Grassy Terrain\n|upkeep\n|turn|5\n|j| Therazer456\n|\n|t:|1731814398\n|move|p1b: Volcarona|Protect|p1b: Volcarona\n|-singleturn|p1b: Volcarona|Protect\n|move|p1a: Electabuzz|Protect|p1a: Electabuzz\n|-singleturn|p1a: Electabuzz|Protect\n|move|p2b: Excadrill|High Horsepower|p1b: Volcarona\n|-activate|p1b: Volcarona|move: Protect\n|move|p2a: Corviknight|Brave Bird|p1b: Volcarona\n|-activate|p1b: Volcarona|move: Protect\n|\n|-weather|none\n|-heal|p1a: Electabuzz|17\/100|[from] Grassy Terrain\n|upkeep\n|turn|6\n|\n|t:|1731814424\n|switch|p2b: Talonflame|Talonflame, L50, M, shiny|100\/100\n|-terastallize|p1b: Volcarona|Fairy\n|move|p1b: Volcarona|Quiver Dance|p1b: Volcarona\n|-boost|p1b: Volcarona|spa|1\n|-boost|p1b: Volcarona|spd|1\n|-boost|p1b: Volcarona|spe|1\n|move|p2a: Corviknight|Brave Bird|p1b: Volcarona\n|-damage|p1b: Volcarona|29\/100\n|-damage|p2a: Corviknight|53\/100|[from] Recoil\n|move|p1a: Electabuzz|Electroweb|p2a: Corviknight|[spread] p2a\n|-miss|p1a: Electabuzz|p2b: Talonflame\n|-supereffective|p2a: Corviknight\n|-damage|p2a: Corviknight|29\/100\n|-ability|p2a: Corviknight|Mirror Armor\n|-unboost|p1a: Electabuzz|spe|1\n|-enditem|p2a: Corviknight|Sitrus Berry|[eat]\n|-heal|p2a: Corviknight|54\/100|[from] item: Sitrus Berry\n|\n|-heal|p1b: Volcarona|35\/100|[from] Grassy Terrain\n|-heal|p1b: Volcarona|41\/100|[from] item: Leftovers\n|-heal|p1a: Electabuzz|23\/100|[from] Grassy Terrain\n|upkeep\n|turn|7\n|\n|t:|1731814470\n|move|p1a: Electabuzz|Follow Me|p1a: Electabuzz\n|-singleturn|p1a: Electabuzz|move: Follow Me\n|move|p2b: Talonflame|Brave Bird|p1a: Electabuzz\n|-resisted|p1a: Electabuzz\n|-damage|p1a: Electabuzz|6\/100\n|-damage|p2b: Talonflame|94\/100|[from] Recoil\n|move|p1b: Volcarona|Heat Wave|p2b: Talonflame|[spread] p2a,p2b\n|-supereffective|p2a: Corviknight\n|-resisted|p2b: Talonflame\n|-damage|p2a: Corviknight|0 fnt\n|-damage|p2b: Talonflame|49\/100\n|faint|p2a: Corviknight\n|\n|-heal|p1b: Volcarona|47\/100|[from] Grassy Terrain\n|-heal|p1b: Volcarona|54\/100|[from] item: Leftovers\n|-heal|p1a: Electabuzz|12\/100|[from] Grassy Terrain\n|-fieldend|move: Grassy Terrain\n|upkeep\n|\n|t:|1731814486\n|switch|p2a: Excadrill|Excadrill, L50, F, shiny|100\/100\n|turn|8\n|\n|t:|1731814507\n|move|p1a: Electabuzz|Follow Me|p1a: Electabuzz\n|-singleturn|p1a: Electabuzz|move: Follow Me\n|move|p1b: Volcarona|Heat Wave|p2a: Excadrill|[spread] p2a,p2b\n|-supereffective|p2a: Excadrill\n|-resisted|p2b: Talonflame\n|-enditem|p2a: Excadrill|Focus Sash\n|-damage|p2a: Excadrill|1\/100\n|-damage|p2b: Talonflame|10\/100\n|move|p2b: Talonflame|Flare Blitz|p1a: Electabuzz\n|-damage|p1a: Electabuzz|0 fnt\n|faint|p1a: Electabuzz\n|-damage|p2b: Talonflame|6\/100|[from] Recoil\n|move|p2a: Excadrill|Iron Head|p1b: Volcarona\n|-supereffective|p1b: Volcarona\n|-damage|p1b: Volcarona|0 fnt\n|faint|p1b: Volcarona\n|\n|upkeep\n|j| mpudi\n|\n|t:|1731814523\n|switch|p1b: Rillaboom|Rillaboom, L50, F|100\/100\n|-fieldstart|move: Grassy Terrain|[from] ability: Grassy Surge|[of] p1b: Rillaboom\n|turn|9\n|\n|t:|1731814533\n|move|p1b: Rillaboom|Fake Out|p2b: Talonflame\n|-damage|p2b: Talonflame|0 fnt\n|faint|p2b: Talonflame\n|move|p2a: Excadrill|Iron Head|p1b: Rillaboom\n|-damage|p1b: Rillaboom|63\/100\n|\n|-heal|p2a: Excadrill|7\/100|[from] Grassy Terrain\n|-heal|p1b: Rillaboom|69\/100|[from] Grassy Terrain\n|upkeep\n|turn|10\n|\n|t:|1731814543\n|move|p1b: Rillaboom|Grassy Glide|p2a: Excadrill\n|-damage|p2a: Excadrill|0 fnt\n|faint|p2a: Excadrill\n|\n|win|Gancelot\n|raw|Gancelot's rating: 1679 &rarr; <strong>1702<\/strong><br \/>(+23 for winning)\n|raw|ye979402's rating: 1734 &rarr; <strong>1711<\/strong><br \/>(-23 for losing)\n|l|\u2606ye979402\n|player|p2|\n|l|\u2606Gancelot\n|player|p1|\n|l| Therazer456\n","uploadtime":1731814704,"views":12,"formatid":"gen9vgc2024regh","rating":1702,"private":0,"password":null}