{"id":"gen9vgc2024regh-2245511020","format":"[Gen 9] VGC 2024 Reg H","players":["Djjwjwwjj","vgclth elowyn"],"log":"|raw|<div class=\"broadcast-blue\"><strong>This battle is required to be public due to a player having a name starting with 'vgclth'.<\/div>\n|j|\u2606Djjwjwwjj\n|j|\u2606vgclth elowyn\n|t:|1731836602\n|gametype|doubles\n|player|p1|Djjwjwwjj|1|1646\n|player|p2|vgclth elowyn|101|1737\n|teamsize|p1|6\n|teamsize|p2|6\n|gen|9\n|tier|[Gen 9] VGC 2024 Reg H\n|rated|\n|rule|Species Clause: Limit one of each Pok\u00e9mon\n|rule|Item Clause: Limit 1 of each item\n|clearpoke\n|poke|p1|Palafin, L50, F|\n|poke|p1|Incineroar, L50, M|\n|poke|p1|Amoonguss, L50, M|\n|poke|p1|Farigiraf, L50, F|\n|poke|p1|Ursaluna-Bloodmoon, L50, M|\n|poke|p1|Annihilape, L50, M|\n|poke|p2|Smeargle, L50, M|\n|poke|p2|Farigiraf, L50, M|\n|poke|p2|Archaludon, L50, M|\n|poke|p2|Torkoal, L50, F|\n|poke|p2|Ursaluna-Bloodmoon, L50, M|\n|poke|p2|Araquanid, L50, F|\n|teampreview|4\n|inactive|Battle timer is ON: inactive players will automatically lose when time's up. (requested by Djjwjwwjj)\n|inactive|Djjwjwwjj has 60 seconds left.\n|\n|t:|1731836641\n|start\n|switch|p1a: Annihilape|Annihilape, L50, M|100\/100\n|switch|p1b: Incineroar|Incineroar, L50, M|100\/100\n|switch|p2a: Archaludon|Archaludon, L50, M|100\/100\n|switch|p2b: Farigiraf|Farigiraf, L50, M|100\/100\n|-ability|p1b: Incineroar|Intimidate|boost\n|-unboost|p2a: Archaludon|atk|1\n|-unboost|p2b: Farigiraf|atk|1\n|turn|1\n|j| VGCLTH TnB\n|\n|t:|1731836660\n|-terastallize|p2b: Farigiraf|Water\n|move|p1a: Annihilape|Final Gambit|p2a: Archaludon\n|-damage|p2a: Archaludon|0 fnt\n|faint|p1a: Annihilape\n|faint|p2a: Archaludon\n|move|p1b: Incineroar|Knock Off|p2b: Farigiraf\n|-damage|p2b: Farigiraf|61\/100\n|-enditem|p2b: Farigiraf|Mental Herb|[from] move: Knock Off|[of] p1b: Incineroar\n|move|p2b: Farigiraf|Trick Room|p2b: Farigiraf\n|-fieldstart|move: Trick Room|[of] p2b: Farigiraf\n|\n|upkeep\n|\n|t:|1731836673\n|switch|p2a: Ursaluna|Ursaluna-Bloodmoon, L50, M|100\/100\n|switch|p1a: Amoonguss|Amoonguss, L50, M|100\/100\n|turn|2\n|\n|t:|1731836684\n|move|p1a: Amoonguss|Spore|p2a: Ursaluna\n|-status|p2a: Ursaluna|slp|[from] move: Spore\n|move|p2b: Farigiraf|Uproar|p1b: Incineroar\n|-curestatus|p2a: Ursaluna|slp|[msg]\n|-damage|p1b: Incineroar|68\/100\n|-start|p2b: Farigiraf|Uproar\n|move|p2a: Ursaluna|Earth Power|p1b: Incineroar\n|-supereffective|p1b: Incineroar\n|-damage|p1b: Incineroar|0 fnt\n|faint|p1b: Incineroar\n|-damage|p2a: Ursaluna|90\/100|[from] item: Life Orb\n|\n|-start|p2b: Farigiraf|Uproar|[upkeep]\n|upkeep\n|\n|t:|1731836698\n|switch|p1b: Ursaluna|Ursaluna-Bloodmoon, L50, M|100\/100\n|turn|3\n|\n|t:|1731836714\n|move|p1a: Amoonguss|Spore|p2a: Ursaluna\n|-fail|p2a: Ursaluna|slp|[from] Uproar\n|move|p1b: Ursaluna|Earth Power|p2b: Farigiraf\n|-damage|p2b: Farigiraf|5\/100\n|-damage|p1b: Ursaluna|91\/100|[from] item: Life Orb\n|move|p2b: Farigiraf|Uproar|p1b: Ursaluna|[from]lockedmove\n|-damage|p1b: Ursaluna|54\/100\n|move|p2a: Ursaluna|Hyper Voice|p1b: Ursaluna|[spread] p1a,p1b\n|-damage|p1a: Amoonguss|54\/100\n|-damage|p1b: Ursaluna|2\/100\n|-damage|p2a: Ursaluna|80\/100|[from] item: Life Orb\n|\n|-start|p2b: Farigiraf|Uproar|[upkeep]\n|upkeep\n|turn|4\n|\n|t:|1731836733\n|move|p1a: Amoonguss|Pollen Puff|p1b: Ursaluna\n|-heal|p1b: Ursaluna|52\/100\n|move|p1b: Ursaluna|Blood Moon|p2a: Ursaluna\n|-damage|p2a: Ursaluna|0 fnt\n|faint|p2a: Ursaluna\n|-damage|p1b: Ursaluna|43\/100|[from] item: Life Orb\n|move|p2b: Farigiraf|Uproar|p1a: Amoonguss|[from]lockedmove\n|-damage|p1a: Amoonguss|25\/100\n|-enditem|p1a: Amoonguss|Sitrus Berry|[eat]\n|-heal|p1a: Amoonguss|50\/100|[from] item: Sitrus Berry\n|\n|-end|p2b: Farigiraf|Uproar\n|upkeep\n|\n|t:|1731836741\n|switch|p2a: Torkoal|Torkoal, L50, F|100\/100\n|-weather|SunnyDay|[from] ability: Drought|[of] p2a: Torkoal\n|turn|5\n|inactive|vgclth elowyn has 30 seconds left.\n|\n|t:|1731836769\n|move|p2b: Farigiraf|Helping Hand|p2a: Torkoal\n|-singleturn|p2a: Torkoal|Helping Hand|[of] p2b: Farigiraf\n|move|p1a: Amoonguss|Protect|p1a: Amoonguss\n|-singleturn|p1a: Amoonguss|Protect\n|move|p1b: Ursaluna|Protect|p1b: Ursaluna\n|-singleturn|p1b: Ursaluna|Protect\n|move|p2a: Torkoal|Eruption|p1b: Ursaluna|[spread] \n|-activate|p1a: Amoonguss|move: Protect\n|-activate|p1b: Ursaluna|move: Protect\n|\n|-weather|SunnyDay|[upkeep]\n|-fieldend|move: Trick Room\n|upkeep\n|turn|6\n|\n|t:|1731836788\n|move|p2b: Farigiraf|Twin Beam|p1b: Ursaluna\n|-damage|p1b: Ursaluna|26\/100\n|-damage|p1b: Ursaluna|10\/100\n|-hitcount|p1b: Ursaluna|2\n|move|p1b: Ursaluna|Hyper Voice|p2b: Farigiraf|[spread] p2a,p2b\n|-crit|p2a: Torkoal\n|-damage|p2a: Torkoal|5\/100\n|-damage|p2b: Farigiraf|0 fnt\n|faint|p2b: Farigiraf\n|-damage|p1b: Ursaluna|0 fnt|[from] item: Life Orb\n|faint|p1b: Ursaluna\n|move|p1a: Amoonguss|Spore|p2a: Torkoal\n|-status|p2a: Torkoal|slp|[from] move: Spore\n|cant|p2a: Torkoal|slp\n|\n|-weather|SunnyDay|[upkeep]\n|upkeep\n|turn|7\n|\n|t:|1731836806\n|move|p1a: Amoonguss|Pollen Puff|p2a: Torkoal\n|-resisted|p2a: Torkoal\n|-damage|p2a: Torkoal|0 fnt\n|faint|p2a: Torkoal\n|\n|win|Djjwjwwjj\n|raw|Djjwjwwjj's rating: 1646 &rarr; <strong>1671<\/strong><br \/>(+25 for winning)\n|raw|vgclth elowyn's rating: 1737 &rarr; <strong>1712<\/strong><br \/>(-25 for losing)\n|l|\u2606Djjwjwwjj\n|player|p1|\n|l|\u2606vgclth elowyn\n|player|p2|\n|l| VGCLTH TnB\n","uploadtime":1731837071,"views":23,"formatid":"gen9vgc2024regh","rating":1671,"private":0,"password":null}