{"id":"gen9vgc2024regh-2245940302","format":"[Gen 9] VGC 2024 Reg H","players":["don't use magmar","vgclth chromate"],"log":"|raw|<div class=\"broadcast-blue\"><strong>This battle is required to be public due to a player having a name starting with 'vgclth'.<\/div>\n|j|\u2606don't use magmar\n|j|\u2606vgclth chromate\n|t:|1731895607\n|gametype|doubles\n|player|p1|don't use magmar|lucas|1889\n|player|p2|vgclth chromate|allister|1880\n|teamsize|p1|6\n|teamsize|p2|6\n|gen|9\n|tier|[Gen 9] VGC 2024 Reg H\n|rated|\n|rule|Species Clause: Limit one of each Pok\u00e9mon\n|rule|Item Clause: Limit 1 of each item\n|clearpoke\n|poke|p1|Incineroar, L50, M|\n|poke|p1|Amoonguss, L50, F|\n|poke|p1|Gholdengo, L50|\n|poke|p1|Sneasler, L50, M|\n|poke|p1|Ursaluna-Bloodmoon, L50, M|\n|poke|p1|Palafin, L50, F|\n|poke|p2|Archaludon, L50, M|\n|poke|p2|Pelipper, L50, F|\n|poke|p2|Basculegion, L50, M|\n|poke|p2|Gholdengo, L50|\n|poke|p2|Incineroar, L50, F|\n|poke|p2|Amoonguss, L50, F|\n|teampreview|4\n|\n|t:|1731895619\n|start\n|switch|p1a: Gholdengo|Gholdengo, L50|100\/100\n|switch|p1b: Palafin|Palafin, L50, F|100\/100\n|switch|p2a: Gholdengo|Gholdengo, L50|100\/100\n|switch|p2b: Amoonguss|Amoonguss, L50, F|100\/100\n|turn|1\n|\n|t:|1731895632\n|detailschange|p1b: Palafin|Palafin-Hero, L50, F\n|switch|p1b: Amoonguss|Amoonguss, L50, F|100\/100\n|-terastallize|p2a: Gholdengo|Water\n|move|p1a: Gholdengo|Trick|p2a: Gholdengo\n|-immune|p2a: Gholdengo|[from] ability: Good as Gold\n|move|p2a: Gholdengo|Nasty Plot|p2a: Gholdengo\n|-boost|p2a: Gholdengo|spa|2\n|move|p2b: Amoonguss|Pollen Puff|p2a: Gholdengo\n|-immune|p2a: Gholdengo\n|\n|upkeep\n|turn|2\n|\n|t:|1731895645\n|move|p1b: Amoonguss|Protect|p1b: Amoonguss\n|-singleturn|p1b: Amoonguss|Protect\n|move|p1a: Gholdengo|Trick|p2b: Amoonguss\n|-activate|p1a: Gholdengo|move: Trick|[of] p2b: Amoonguss\n|-item|p2b: Amoonguss|Choice Scarf|[from] move: Trick\n|-item|p1a: Gholdengo|Sitrus Berry|[from] move: Trick\n|move|p2a: Gholdengo|Nasty Plot|p2a: Gholdengo\n|-boost|p2a: Gholdengo|spa|2\n|move|p2b: Amoonguss|Spore|p1a: Gholdengo\n|-immune|p1a: Gholdengo|[from] ability: Good as Gold\n|\n|upkeep\n|turn|3\n|\n|t:|1731895659\n|move|p1b: Amoonguss|Rage Powder|p1b: Amoonguss\n|-singleturn|p1b: Amoonguss|move: Rage Powder\n|move|p2a: Gholdengo|Make It Rain|p1b: Amoonguss|[spread] p1a,p1b\n|-resisted|p1a: Gholdengo\n|-damage|p1a: Gholdengo|0 fnt\n|-damage|p1b: Amoonguss|0 fnt\n|-unboost|p2a: Gholdengo|spa|1\n|faint|p1a: Gholdengo\n|faint|p1b: Amoonguss\n|-damage|p2a: Gholdengo|91\/100|[from] item: Life Orb\n|move|p2b: Amoonguss|Spore|p1: Gholdengo|[notarget]\n|-fail|p2b: Amoonguss\n|\n|upkeep\n|\n|t:|1731895665\n|switch|p1a: Palafin|Palafin-Hero, L50, F|100\/100\n|switch|p1b: Sneasler|Sneasler, L50, M|100\/100\n|-activate|p1a: Palafin|ability: Zero to Hero\n|turn|4\n|\n|t:|1731895675\n|-terastallize|p1b: Sneasler|Stellar\n|move|p1b: Sneasler|Close Combat|p2a: Gholdengo\n|-damage|p2a: Gholdengo|0 fnt\n|-unboost|p1b: Sneasler|def|1\n|-unboost|p1b: Sneasler|spd|1\n|faint|p2a: Gholdengo\n|move|p1a: Palafin|Wave Crash|p2b: Amoonguss\n|-resisted|p2b: Amoonguss\n|-damage|p2b: Amoonguss|66\/100\n|-damage|p1a: Palafin|88\/100|[from] Recoil\n|move|p2b: Amoonguss|Spore|p1a: Palafin\n|-status|p1a: Palafin|slp|[from] move: Spore\n|\n|upkeep\n|\n|t:|1731895680\n|switch|p2a: Basculegion|Basculegion, L50, M|100\/100\n|turn|5\n|\n|t:|1731895698\n|move|p1b: Sneasler|Protect|p1b: Sneasler\n|-singleturn|p1b: Sneasler|Protect\n|move|p2a: Basculegion|Last Respects|p1a: Palafin\n|-damage|p1a: Palafin|26\/100 slp\n|cant|p1a: Palafin|slp\n|move|p2b: Amoonguss|Spore|p1b: Sneasler\n|-activate|p1b: Sneasler|move: Protect\n|\n|upkeep\n|turn|6\n|\n|t:|1731895705\n|-curestatus|p1a: Palafin|slp|[msg]\n|move|p1a: Palafin|Protect|p1a: Palafin\n|-singleturn|p1a: Palafin|Protect\n|move|p2a: Basculegion|Last Respects|p1a: Palafin\n|-activate|p1a: Palafin|move: Protect\n|move|p1b: Sneasler|Dire Claw|p2a: Basculegion\n|-resisted|p2a: Basculegion\n|-damage|p2a: Basculegion|64\/100\n|move|p2b: Amoonguss|Spore|p1b: Sneasler\n|-status|p1b: Sneasler|slp|[from] move: Spore\n|\n|upkeep\n|turn|7\n|\n|t:|1731895716\n|move|p1a: Palafin|Jet Punch|p2a: Basculegion\n|-resisted|p2a: Basculegion\n|-damage|p2a: Basculegion|33\/100\n|move|p2a: Basculegion|Last Respects|p1a: Palafin\n|-damage|p1a: Palafin|0 fnt\n|faint|p1a: Palafin\n|cant|p1b: Sneasler|slp\n|move|p2b: Amoonguss|Spore|p1b: Sneasler\n|-fail|p1b: Sneasler|slp\n|\n|upkeep\n|turn|8\n|\n|t:|1731895720\n|switch|p2b: Pelipper|Pelipper, L50, F|100\/100\n|-weather|RainDance|[from] ability: Drizzle|[of] p2b: Pelipper\n|move|p2a: Basculegion|Last Respects|p1b: Sneasler\n|-enditem|p1b: Sneasler|Focus Sash\n|-damage|p1b: Sneasler|1\/100 slp\n|cant|p1b: Sneasler|slp\n|\n|-weather|RainDance|[upkeep]\n|upkeep\n|turn|9\n|-message|don't use magmar forfeited.\n|\n|win|vgclth chromate\n|raw|don&apos;t use magmar's rating: 1889 &rarr; <strong>1868<\/strong><br \/>(-21 for losing)\n|raw|vgclth chromate's rating: 1880 &rarr; <strong>1901<\/strong><br \/>(+21 for winning)\n|l|\u2606don't use magmar\n|player|p1|\n|l|\u2606vgclth chromate\n|player|p2|\n","uploadtime":1731895910,"views":281,"formatid":"gen9vgc2024regh","rating":1868,"private":0,"password":null}