{"id":"gen9vgc2024regh-2245627151","format":"[Gen 9] VGC 2024 Reg H","players":["Delightl","VGCLTH ladderboy66"],"log":"|raw|<div class=\"broadcast-blue\"><strong>This battle is required to be public due to a player having a name starting with 'vgclth'.<\/div>\n|j|\u2606Delightl\n|j|\u2606VGCLTH ladderboy66\n|t:|1731857456\n|gametype|doubles\n|player|p1|Delightl|unknownf|1691\n|player|p2|VGCLTH ladderboy66|169|1679\n|teamsize|p1|6\n|teamsize|p2|6\n|gen|9\n|tier|[Gen 9] VGC 2024 Reg H\n|rated|\n|rule|Species Clause: Limit one of each Pok\u00e9mon\n|rule|Item Clause: Limit 1 of each item\n|clearpoke\n|poke|p1|Amoonguss, L50, F|\n|poke|p1|Incineroar, L50, M|\n|poke|p1|Volcarona, L50, M|\n|poke|p1|Dragapult, L50, M|\n|poke|p1|Kingambit, L50, M|\n|poke|p1|Primarina, L50, F|\n|poke|p2|Archaludon, L50, M|\n|poke|p2|Whimsicott, L50, M|\n|poke|p2|Pelipper, L50, F|\n|poke|p2|Basculegion, L50, M|\n|poke|p2|Gholdengo, L50|\n|poke|p2|Rillaboom, L50, F|\n|teampreview|4\n|inactive|Battle timer is ON: inactive players will automatically lose when time's up. (requested by Delightl)\n|\n|t:|1731857486\n|start\n|switch|p1a: Volcarona|Volcarona, L50, M, shiny|100\/100\n|switch|p1b: Incineroar|Incineroar, L50, M|100\/100\n|switch|p2a: Archaludon|Archaludon, L50, M|100\/100\n|switch|p2b: Whimsicott|Whimsicott, L50, M|100\/100\n|-ability|p1b: Incineroar|Intimidate|boost\n|-unboost|p2a: Archaludon|atk|1\n|-unboost|p2b: Whimsicott|atk|1\n|turn|1\n|\n|t:|1731857506\n|move|p2b: Whimsicott|Light Screen|p2b: Whimsicott\n|-sidestart|p2: VGCLTH ladderboy66|move: Light Screen\n|move|p1a: Volcarona|Quiver Dance|p1a: Volcarona\n|-boost|p1a: Volcarona|spa|1\n|-boost|p1a: Volcarona|spd|1\n|-boost|p1a: Volcarona|spe|1\n|move|p2a: Archaludon|Snarl|p1a: Volcarona|[spread] p1a,p1b\n|-resisted|p1b: Incineroar\n|-damage|p1a: Volcarona|92\/100\n|-damage|p1b: Incineroar|95\/100\n|-unboost|p1a: Volcarona|spa|1\n|-unboost|p1b: Incineroar|spa|1\n|move|p1b: Incineroar|Parting Shot|p2a: Archaludon\n|-unboost|p2a: Archaludon|atk|1\n|-unboost|p2a: Archaludon|spa|1\n|\n|t:|1731857510\n|switch|p1b: Amoonguss|Amoonguss, L50, F|100\/100|[from] Parting Shot\n|\n|-heal|p1a: Volcarona|98\/100|[from] item: Leftovers\n|upkeep\n|turn|2\n|inactive|VGCLTH ladderboy66 has 30 seconds left.\n|\n|t:|1731857541\n|switch|p2b: Pelipper|Pelipper, L50, F|100\/100\n|-weather|RainDance|[from] ability: Drizzle|[of] p2b: Pelipper\n|move|p1a: Volcarona|Quiver Dance|p1a: Volcarona\n|-boost|p1a: Volcarona|spa|1\n|-boost|p1a: Volcarona|spd|1\n|-boost|p1a: Volcarona|spe|1\n|move|p2a: Archaludon|Snarl|p1b: Amoonguss|[spread] p1a,p1b\n|-damage|p1a: Volcarona|94\/100\n|-damage|p1b: Amoonguss|94\/100\n|-unboost|p1a: Volcarona|spa|1\n|-unboost|p1b: Amoonguss|spa|1\n|move|p1b: Amoonguss|Spore|p2a: Archaludon\n|-status|p2a: Archaludon|slp|[from] move: Spore\n|\n|-weather|RainDance|[upkeep]\n|-heal|p1a: Volcarona|99\/100|[from] item: Leftovers\n|upkeep\n|turn|3\n|inactive|VGCLTH ladderboy66 has 30 seconds left.\n|\n|t:|1731857573\n|switch|p2a: Basculegion|Basculegion, L50, M|100\/100\n|move|p1a: Volcarona|Quiver Dance|p1a: Volcarona\n|-boost|p1a: Volcarona|spa|1\n|-boost|p1a: Volcarona|spd|1\n|-boost|p1a: Volcarona|spe|1\n|move|p2b: Pelipper|Hurricane|p1b: Amoonguss\n|-supereffective|p1b: Amoonguss\n|-damage|p1b: Amoonguss|0 fnt\n|faint|p1b: Amoonguss\n|-damage|p2b: Pelipper|91\/100|[from] item: Life Orb\n|\n|-weather|RainDance|[upkeep]\n|-heal|p1a: Volcarona|100\/100|[from] item: Leftovers\n|upkeep\n|j| Luckelule\n|\n|t:|1731857586\n|switch|p1b: Kingambit|Kingambit, L50, M|100\/100\n|turn|4\n|inactive|VGCLTH ladderboy66 has 30 seconds left.\n|\n|t:|1731857613\n|switch|p2a: Archaludon|Archaludon, L50, M|100\/100 slp\n|-terastallize|p1a: Volcarona|Grass\n|move|p1b: Kingambit|Sucker Punch|p2b: Pelipper\n|-damage|p2b: Pelipper|28\/100\n|move|p1a: Volcarona|Giga Drain|p2b: Pelipper\n|-damage|p2b: Pelipper|0 fnt\n|faint|p2b: Pelipper\n|\n|-weather|RainDance|[upkeep]\n|upkeep\n|\n|t:|1731857626\n|switch|p2b: Whimsicott|Whimsicott, L50, M|100\/100\n|turn|5\n|j| Deltalini\n|\n|t:|1731857648\n|move|p1a: Volcarona|Heat Wave|p2a: Archaludon|[spread] p2a,p2b\n|-supereffective|p2b: Whimsicott\n|-damage|p2a: Archaludon|88\/100 slp\n|-damage|p2b: Whimsicott|52\/100\n|-ability|p2a: Archaludon|Stamina|boost\n|-boost|p2a: Archaludon|def|1\n|move|p2b: Whimsicott|Beat Up|p2a: Archaludon\n|-damage|p2a: Archaludon|87\/100 slp\n|-ability|p2a: Archaludon|Stamina|boost\n|-boost|p2a: Archaludon|def|1\n|-damage|p2a: Archaludon|85\/100 slp\n|-ability|p2a: Archaludon|Stamina|boost\n|-boost|p2a: Archaludon|def|1\n|-hitcount|p2a: Archaludon|2\n|cant|p2a: Archaludon|slp\n|move|p1b: Kingambit|Kowtow Cleave|p2b: Whimsicott\n|-resisted|p2b: Whimsicott\n|-damage|p2b: Whimsicott|22\/100\n|\n|-weather|RainDance|[upkeep]\n|-sideend|p2: VGCLTH ladderboy66|move: Light Screen\n|upkeep\n|turn|6\n|inactive|VGCLTH ladderboy66 has 30 seconds left.\n|\n|t:|1731857681\n|move|p2b: Whimsicott|Light Screen|p2b: Whimsicott\n|-sidestart|p2: VGCLTH ladderboy66|move: Light Screen\n|move|p1a: Volcarona|Heat Wave|p2a: Archaludon|[spread] p2a,p2b\n|-supereffective|p2b: Whimsicott\n|-damage|p2a: Archaludon|73\/100 slp\n|-damage|p2b: Whimsicott|0 fnt\n|-ability|p2a: Archaludon|Stamina|boost\n|-boost|p2a: Archaludon|def|1\n|faint|p2b: Whimsicott\n|-curestatus|p2a: Archaludon|slp|[msg]\n|move|p2a: Archaludon|Body Press|p1b: Kingambit\n|-supereffective|p1b: Kingambit\n|-damage|p1b: Kingambit|0 fnt\n|faint|p1b: Kingambit\n|\n|-weather|none\n|upkeep\n|\n|t:|1731857692\n|switch|p2b: Basculegion|Basculegion, L50, M|100\/100\n|switch|p1b: Incineroar|Incineroar, L50, M|95\/100\n|-ability|p1b: Incineroar|Intimidate|boost\n|-unboost|p2a: Archaludon|atk|1\n|-unboost|p2b: Basculegion|atk|1\n|turn|7\n|inactive|VGCLTH ladderboy66 has 30 seconds left.\n|\n|t:|1731857719\n|-terastallize|p2a: Archaludon|Ghost\n|move|p2b: Basculegion|Protect|p2b: Basculegion\n|-singleturn|p2b: Basculegion|Protect\n|move|p1b: Incineroar|Fake Out|p2a: Archaludon\n|-immune|p2a: Archaludon\n|move|p1a: Volcarona|Heat Wave|p2a: Archaludon|[spread] p2a\n|-activate|p2b: Basculegion|move: Protect\n|-damage|p2a: Archaludon|46\/100\n|-ability|p2a: Archaludon|Stamina|boost\n|-boost|p2a: Archaludon|def|1\n|move|p2a: Archaludon|Body Press|p1b: Incineroar\n|-supereffective|p1b: Incineroar\n|-damage|p1b: Incineroar|0 fnt\n|faint|p1b: Incineroar\n|\n|upkeep\n|turn|8\n|l| Luckelule\n|inactive|VGCLTH ladderboy66 has 30 seconds left.\n|\n|t:|1731857748\n|move|p1a: Volcarona|Giga Drain|p2a: Archaludon\n|-damage|p2a: Archaludon|20\/100\n|-ability|p2a: Archaludon|Stamina|boost\n|-boost|p2a: Archaludon|def|1\n|move|p2b: Basculegion|Last Respects|p1a: Volcarona\n|-damage|p1a: Volcarona|49\/100\n|move|p2a: Archaludon|Body Press|p1a: Volcarona\n|-damage|p1a: Volcarona|0 fnt\n|faint|p1a: Volcarona\n|\n|win|VGCLTH ladderboy66\n|raw|Delightl's rating: 1691 &rarr; <strong>1670<\/strong><br \/>(-21 for losing)\n|raw|VGCLTH ladderboy66's rating: 1679 &rarr; <strong>1700<\/strong><br \/>(+21 for winning)\n|l|\u2606Delightl\n|player|p1|\n|c|\u2606VGCLTH ladderboy66|gg\n|l|\u2606VGCLTH ladderboy66\n|player|p2|\n","uploadtime":1731858014,"views":13,"formatid":"gen9vgc2024regh","rating":1670,"private":0,"password":null}