{"id":"gen9vgc2024regh-2245444066","format":"[Gen 9] VGC 2024 Reg H","players":["VGCLTH low laddr","KC Kingambit"],"log":"|raw|<div class=\"broadcast-blue\"><strong>This battle is required to be public due to a player having a name starting with 'vgclth'.<\/div>\n|j|\u2606VGCLTH low laddr\n|j|\u2606KC Kingambit\n|t:|1731822208\n|gametype|doubles\n|player|p1|VGCLTH low laddr|lucas|1741\n|player|p2|KC Kingambit|265|1682\n|teamsize|p1|6\n|teamsize|p2|6\n|gen|9\n|tier|[Gen 9] VGC 2024 Reg H\n|rated|\n|rule|Species Clause: Limit one of each Pok\u00e9mon\n|rule|Item Clause: Limit 1 of each item\n|clearpoke\n|poke|p1|Dondozo, L50, M|\n|poke|p1|Tatsugiri, L50, M|\n|poke|p1|Sneasler, L50, F|\n|poke|p1|Indeedee, L50, M|\n|poke|p1|Talonflame, L50, F|\n|poke|p1|Ursaluna-Bloodmoon, L50, M|\n|poke|p2|Sneasler, L50, F|\n|poke|p2|Corviknight, L50, F|\n|poke|p2|Primarina, L50, M|\n|poke|p2|Incineroar, L50, F|\n|poke|p2|Garchomp, L50, M|\n|poke|p2|Amoonguss, L50, F|\n|teampreview|4\n|inactive|Battle timer is ON: inactive players will automatically lose when time's up. (requested by KC Kingambit)\n|inactive|VGCLTH low laddr also wants the timer to be on.\nKC Kingambit rejected open team sheets.\n|\n|t:|1731822231\n|start\n|switch|p1a: Talonflame|Talonflame, L50, F|100\/100\n|switch|p1b: Sneasler|Sneasler, L50, F|100\/100\n|switch|p2a: Incineroar|Incineroar, L50, F|100\/100\n|switch|p2b: Corviknight|Corviknight, L50, F|100\/100\n|-ability|p2a: Incineroar|Intimidate|boost\n|-unboost|p1a: Talonflame|atk|1\n|-unboost|p1b: Sneasler|atk|1\n|turn|1\n|j| Garrettron\n|\n|t:|1731822253\n|switch|p1b: Dondozo|Dondozo, L50, M|100\/100\n|switch|p2a: Amoonguss|Amoonguss, L50, F|100\/100\n|move|p1a: Talonflame|Flare Blitz|p2b: Corviknight\n|-supereffective|p2b: Corviknight\n|-damage|p2b: Corviknight|53\/100\n|-damage|p1a: Talonflame|80\/100|[from] Recoil\n|move|p2b: Corviknight|Taunt|p1a: Talonflame\n|-start|p1a: Talonflame|move: Taunt\n|\n|upkeep\n|turn|2\n|\n|t:|1731822267\n|switch|p1a: Tatsugiri|Tatsugiri, L50, M, shiny|100\/100\n|-activate|p1a: Tatsugiri|ability: Commander|[of] p1b: Dondozo\n|-boost|p1b: Dondozo|atk|2\n|-boost|p1b: Dondozo|spa|2\n|-boost|p1b: Dondozo|spe|2\n|-boost|p1b: Dondozo|def|2\n|-boost|p1b: Dondozo|spd|2\n|switch|p2b: Incineroar|Incineroar, L50, F|100\/100\n|-ability|p2b: Incineroar|Intimidate|boost\n|-unboost|p1a: Tatsugiri|atk|1\n|-unboost|p1b: Dondozo|atk|1\n|-terastallize|p1b: Dondozo|Grass\n|move|p1b: Dondozo|Wave Crash|p2b: Incineroar\n|-supereffective|p2b: Incineroar\n|-damage|p2b: Incineroar|0 fnt\n|faint|p2b: Incineroar\n|-damage|p1b: Dondozo|71\/100|[from] Recoil\n|move|p2a: Amoonguss|Spore|p1b: Dondozo\n|-immune|p1b: Dondozo\n|\n|-heal|p1b: Dondozo|77\/100|[from] item: Leftovers\n|upkeep\n|\n|t:|1731822274\n|switch|p2b: Corviknight|Corviknight, L50, F|53\/100\n|turn|3\n|\n|t:|1731822287\n|-terastallize|p2b: Corviknight|Dragon\n|move|p1b: Dondozo|Wave Crash|p2b: Corviknight\n|-resisted|p2b: Corviknight\n|-damage|p2b: Corviknight|24\/100\n|-enditem|p2b: Corviknight|Sitrus Berry|[eat]\n|-heal|p2b: Corviknight|49\/100|[from] item: Sitrus Berry\n|-damage|p1b: Dondozo|69\/100|[from] Recoil\n|move|p2b: Corviknight|Tailwind|p2b: Corviknight\n|-sidestart|p2: KC Kingambit|move: Tailwind\n|move|p2a: Amoonguss|Pollen Puff|p2b: Corviknight\n|-heal|p2b: Corviknight|99\/100\n|\n|-heal|p1b: Dondozo|75\/100|[from] item: Leftovers\n|upkeep\n|turn|4\n|\n|t:|1731822304\n|move|p1b: Dondozo|Order Up|p2b: Corviknight\n|-supereffective|p2b: Corviknight\n|-damage|p2b: Corviknight|48\/100\n|-boost|p1b: Dondozo|atk|1\n|move|p2b: Corviknight|Brave Bird|p1b: Dondozo\n|-supereffective|p1b: Dondozo\n|-damage|p1b: Dondozo|42\/100\n|-damage|p2b: Corviknight|36\/100|[from] Recoil\n|move|p2a: Amoonguss|Pollen Puff|p1b: Dondozo\n|-supereffective|p1b: Dondozo\n|-damage|p1b: Dondozo|23\/100\n|\n|-heal|p1b: Dondozo|29\/100|[from] item: Leftovers\n|upkeep\n|turn|5\n|\n|t:|1731822322\n|switch|p2b: Primarina|Primarina, L50, M|100\/100\n|move|p1b: Dondozo|Order Up|p2b: Primarina\n|-immune|p2b: Primarina\n|move|p2a: Amoonguss|Pollen Puff|p1b: Dondozo\n|-supereffective|p1b: Dondozo\n|-damage|p1b: Dondozo|8\/100\n|\n|-heal|p1b: Dondozo|14\/100|[from] item: Leftovers\n|upkeep\n|turn|6\n|\n|t:|1731822344\n|move|p1b: Dondozo|Earthquake|p2a: Amoonguss|[spread] p2a,p2b\n|-miss|p1b: Dondozo|p1a: Tatsugiri\n|-damage|p2a: Amoonguss|64\/100\n|-damage|p2b: Primarina|50\/100\n|move|p2b: Primarina|Moonblast|p1b: Dondozo\n|-crit|p1b: Dondozo\n|-damage|p1b: Dondozo|0 fnt\n|faint|p1b: Dondozo\n|move|p2a: Amoonguss|Spore|p1a: Tatsugiri\n|-status|p1a: Tatsugiri|slp|[from] move: Spore\n|\n|-heal|p2b: Primarina|56\/100|[from] item: Leftovers\n|-sideend|p2: KC Kingambit|move: Tailwind\n|upkeep\n|\n|t:|1731822353\n|switch|p1b: Talonflame|Talonflame, L50, F|80\/100\n|turn|7\n|\n|t:|1731822371\n|switch|p2a: Corviknight|Corviknight, L50, F, tera:Dragon|36\/100\n|cant|p1a: Tatsugiri|slp\n|move|p1b: Talonflame|Flare Blitz|p2a: Corviknight\n|-resisted|p2a: Corviknight\n|-damage|p2a: Corviknight|17\/100\n|-damage|p1b: Talonflame|71\/100|[from] Recoil\n|move|p2b: Primarina|Hyper Voice|p1b: Talonflame|[spread] p1a,p1b\n|-resisted|p1a: Tatsugiri\n|-supereffective|p1b: Talonflame\n|-damage|p1a: Tatsugiri|90\/100 slp\n|-damage|p1b: Talonflame|0 fnt\n|faint|p1b: Talonflame\n|\n|-heal|p2b: Primarina|62\/100|[from] item: Leftovers\n|upkeep\n|\n|t:|1731822376\n|switch|p1b: Sneasler|Sneasler, L50, F|100\/100\n|turn|8\n|\n|t:|1731822390\n|move|p2b: Primarina|Protect|p2b: Primarina\n|-singleturn|p2b: Primarina|Protect\n|cant|p1a: Tatsugiri|slp\n|move|p1b: Sneasler|Dire Claw|p2a: Corviknight\n|-damage|p2a: Corviknight|0 fnt\n|faint|p2a: Corviknight\n|\n|-heal|p2b: Primarina|68\/100|[from] item: Leftovers\n|upkeep\n|\n|t:|1731822396\n|switch|p2a: Amoonguss|Amoonguss, L50, F|97\/100\n|turn|9\n|\n|t:|1731822402\n|move|p2a: Amoonguss|Rage Powder|p2a: Amoonguss\n|-singleturn|p2a: Amoonguss|move: Rage Powder\n|cant|p1a: Tatsugiri|slp\n|move|p1b: Sneasler|Dire Claw|p2a: Amoonguss\n|-damage|p2a: Amoonguss|64\/100\n|move|p2b: Primarina|Moonblast|p1a: Tatsugiri\n|-supereffective|p1a: Tatsugiri\n|-damage|p1a: Tatsugiri|0 fnt\n|faint|p1a: Tatsugiri\n|\n|-heal|p2b: Primarina|74\/100|[from] item: Leftovers\n|upkeep\n|turn|10\n|c|\u2606KC Kingambit|gg\n|\n|t:|1731822417\n|move|p2b: Primarina|Protect|p2b: Primarina\n|-singleturn|p2b: Primarina|Protect\n|move|p1b: Sneasler|Dire Claw|p2a: Amoonguss\n|-damage|p2a: Amoonguss|29\/100\n|move|p2a: Amoonguss|Spore|p1b: Sneasler\n|-status|p1b: Sneasler|slp|[from] move: Spore\n|\n|-heal|p2b: Primarina|80\/100|[from] item: Leftovers\n|upkeep\n|turn|11\n|-message|VGCLTH low laddr forfeited.\n|\n|win|KC Kingambit\n|raw|VGCLTH low laddr's rating: 1741 &rarr; <strong>1718<\/strong><br \/>(-23 for losing)\n|raw|KC Kingambit's rating: 1682 &rarr; <strong>1705<\/strong><br \/>(+23 for winning)\n|c|\u2606KC Kingambit|covert cloak ftw\n|l|\u2606VGCLTH low laddr\n|player|p1|\n|l| Garrettron\n","uploadtime":1731822678,"views":17,"formatid":"gen9vgc2024regh","rating":1705,"private":0,"password":null}