{"id":"gen9vgc2024regh-2245389102","format":"[Gen 9] VGC 2024 Reg H","players":["son moon","VGCLTH fangame"],"log":"|raw|<div class=\"broadcast-blue\"><strong>This battle is required to be public due to a player having a name starting with 'vgclth'.<\/div>\n|j|\u2606son moon\n|j|\u2606VGCLTH fangame\n|t:|1731813693\n|gametype|doubles\n|player|p1|son moon|ash|1658\n|player|p2|VGCLTH fangame|red|1717\n|teamsize|p1|6\n|teamsize|p2|6\n|gen|9\n|tier|[Gen 9] VGC 2024 Reg H\n|rated|\n|rule|Species Clause: Limit one of each Pok\u00e9mon\n|rule|Item Clause: Limit 1 of each item\n|clearpoke\n|poke|p1|Dondozo, L50, F|\n|poke|p1|Tatsugiri, L50, F|\n|poke|p1|Glimmora, L50, F|\n|poke|p1|Sylveon, L50, F|\n|poke|p1|Armarouge, L50, F|\n|poke|p1|Indeedee-F, L50, F|\n|poke|p2|Glaceon, L50, F|\n|poke|p2|Ninetales-Alola, L50, F|\n|poke|p2|Milotic, L50, M|\n|poke|p2|Incineroar, L50, F|\n|poke|p2|Ursaluna-Bloodmoon, L50, M|\n|poke|p2|Annihilape, L50, F|\n|teampreview|4\n|inactive|Battle timer is ON: inactive players will automatically lose when time's up. (requested by VGCLTH fangame)\n|\n|t:|1731813711\n|start\n|switch|p1a: Glimmora|Glimmora, L50, F|100\/100\n|switch|p1b: Sylveon|Sylveon, L50, F|100\/100\n|switch|p2a: Ninetales|Ninetales-Alola, L50, F, shiny|100\/100\n|switch|p2b: Milotic|Milotic, L50, M, shiny|100\/100\n|-weather|Snow|[from] ability: Snow Warning|[of] p2a: Ninetales\n|turn|1\n|\n|t:|1731813719\n|move|p2a: Ninetales|Aurora Veil|p2a: Ninetales\n|-sidestart|p2: VGCLTH fangame|move: Aurora Veil\n|move|p1a: Glimmora|Sludge Bomb|p2a: Ninetales\n|-supereffective|p2a: Ninetales\n|-damage|p2a: Ninetales|12\/100\n|move|p2b: Milotic|Coil|p2b: Milotic\n|-boost|p2b: Milotic|atk|1\n|-boost|p2b: Milotic|def|1\n|-boost|p2b: Milotic|accuracy|1\n|move|p1b: Sylveon|Hyper Voice|p2b: Milotic|[spread] p2a,p2b\n|-damage|p2a: Ninetales|0 fnt\n|-damage|p2b: Milotic|81\/100\n|faint|p2a: Ninetales\n|\n|-weather|Snow|[upkeep]\n|upkeep\n|\n|t:|1731813725\n|switch|p2a: Ursaluna|Ursaluna-Bloodmoon, L50, M|100\/100\n|turn|2\n|\n|t:|1731813730\n|move|p1a: Glimmora|Sludge Bomb|p2b: Milotic\n|-damage|p2b: Milotic|60\/100\n|move|p2b: Milotic|Hypnosis|p1b: Sylveon|[miss]\n|-miss|p2b: Milotic|p1b: Sylveon\n|move|p1b: Sylveon|Hyper Voice|p2a: Ursaluna|[spread] p2a,p2b\n|-damage|p2a: Ursaluna|80\/100\n|-damage|p2b: Milotic|39\/100\n|-enditem|p2b: Milotic|Sitrus Berry|[eat]\n|-heal|p2b: Milotic|64\/100|[from] item: Sitrus Berry\n|move|p2a: Ursaluna|Earth Power|p1a: Glimmora\n|-supereffective|p1a: Glimmora\n|-crit|p1a: Glimmora\n|-enditem|p1a: Glimmora|Focus Sash\n|-damage|p1a: Glimmora|1\/100\n|\n|-weather|Snow|[upkeep]\n|upkeep\n|turn|3\n|\n|t:|1731813743\n|move|p2a: Ursaluna|Vacuum Wave|p1a: Glimmora\n|-damage|p1a: Glimmora|0 fnt\n|faint|p1a: Glimmora\n|move|p2b: Milotic|Hypnosis|p1b: Sylveon\n|-status|p1b: Sylveon|slp|[from] move: Hypnosis\n|cant|p1b: Sylveon|slp\n|\n|-weather|Snow|[upkeep]\n|upkeep\n|\n|t:|1731813749\n|switch|p1a: \u6700\u540e\u4e00\u821e|Armarouge, L50, F|100\/100\n|turn|4\n|\n|t:|1731813757\n|switch|p1b: Indeedee|Indeedee-F, L50, F|100\/100\n|-fieldstart|move: Psychic Terrain|[from] ability: Psychic Surge|[of] p1b: Indeedee\n|-terastallize|p1a: \u6700\u540e\u4e00\u821e|Grass\n|-terastallize|p2a: Ursaluna|Normal\n|move|p2b: Milotic|Life Dew|p2b: Milotic|[spread] p2a,p2b\n|-heal|p2a: Ursaluna|100\/100\n|-heal|p2b: Milotic|89\/100\n|move|p1a: \u6700\u540e\u4e00\u821e|Meteor Beam||[still]\n|-prepare|p1a: \u6700\u540e\u4e00\u821e|Meteor Beam\n|-boost|p1a: \u6700\u540e\u4e00\u821e|spa|1\n|-enditem|p1a: \u6700\u540e\u4e00\u821e|Power Herb\n|-anim|p1a: \u6700\u540e\u4e00\u821e|Meteor Beam|p2b: Milotic\n|-damage|p2b: Milotic|59\/100\n|move|p2a: Ursaluna|Hyper Voice|p1a: \u6700\u540e\u4e00\u821e|[spread] p1a,p1b\n|-damage|p1a: \u6700\u540e\u4e00\u821e|45\/100\n|-damage|p1b: Indeedee|53\/100\n|\n|-weather|Snow|[upkeep]\n|upkeep\n|turn|5\n|\n|t:|1731813780\n|move|p1b: Indeedee|Helping Hand|p1a: \u6700\u540e\u4e00\u821e\n|-singleturn|p1a: \u6700\u540e\u4e00\u821e|Helping Hand|[of] p1b: Indeedee\n|move|p2b: Milotic|Hypnosis|p1b: Indeedee|[miss]\n|-miss|p2b: Milotic|p1b: Indeedee\n|move|p1a: \u6700\u540e\u4e00\u821e|Expanding Force|p2b: Milotic|[spread] p2a,p2b\n|-damage|p2a: Ursaluna|30\/100\n|-damage|p2b: Milotic|0 fnt\n|faint|p2b: Milotic\n|move|p2a: Ursaluna|Hyper Voice|p1b: Indeedee|[spread] p1a,p1b\n|-crit|p1a: \u6700\u540e\u4e00\u821e\n|-crit|p1b: Indeedee\n|-damage|p1a: \u6700\u540e\u4e00\u821e|0 fnt\n|-damage|p1b: Indeedee|0 fnt\n|faint|p1a: \u6700\u540e\u4e00\u821e\n|faint|p1b: Indeedee\n|\n|-weather|none\n|-sideend|p2: VGCLTH fangame|move: Aurora Veil\n|upkeep\n|\n|t:|1731813791\n|switch|p2b: Glaceon|Glaceon, L50, F, shiny|100\/100\n|switch|p1b: Sylveon|Sylveon, L50, F|100\/100 slp\n|turn|6\n|\n|t:|1731813796\n|move|p2b: Glaceon|Freeze-Dry|p1b: Sylveon\n|-damage|p1b: Sylveon|54\/100 slp\n|-curestatus|p1b: Sylveon|slp|[msg]\n|move|p1b: Sylveon|Hyper Voice|p2b: Glaceon|[spread] p2a,p2b\n|-damage|p2a: Ursaluna|0 fnt\n|-damage|p2b: Glaceon|45\/100\n|faint|p2a: Ursaluna\n|\n|upkeep\n|turn|7\n|\n|t:|1731813800\n|move|p2b: Glaceon|Freeze-Dry|p1b: Sylveon\n|-damage|p1b: Sylveon|9\/100\n|move|p1b: Sylveon|Hyper Voice|p2b: Glaceon\n|-damage|p2b: Glaceon|0 fnt\n|faint|p2b: Glaceon\n|\n|win|son moon\n|raw|son moon's rating: 1658 &rarr; <strong>1681<\/strong><br \/>(+23 for winning)\n|raw|VGCLTH fangame's rating: 1717 &rarr; <strong>1694<\/strong><br \/>(-23 for losing)\n|l|\u2606VGCLTH fangame\n|player|p2|\n|l|\u2606son moon\n|player|p1|\n","uploadtime":1731814016,"views":12,"formatid":"gen9vgc2024regh","rating":1681,"private":0,"password":null}