{"id":"gen9vgc2024regh-2245849861","format":"[Gen 9] VGC 2024 Reg H","players":["Zordor","tolkuschampion"],"log":"|j|\u2606Zordor\n|j|\u2606tolkuschampion\n|t:|1731884068\n|gametype|doubles\n|player|p1|Zordor|pilot|1759\n|player|p2|tolkuschampion|169|1679\n|teamsize|p1|6\n|teamsize|p2|6\n|gen|9\n|tier|[Gen 9] VGC 2024 Reg H\n|rated|\n|rule|Species Clause: Limit one of each Pok\u00e9mon\n|rule|Item Clause: Limit 1 of each item\n|clearpoke\n|poke|p1|Rotom-Wash, L50|\n|poke|p1|Weavile, L50, M|\n|poke|p1|Armarouge, L50, M|\n|poke|p1|Venusaur, L50, M|\n|poke|p1|Scizor, L50, M|\n|poke|p1|Dragapult, L50, M|\n|poke|p2|Corviknight, L50, M|\n|poke|p2|Tyranitar, L50, F|\n|poke|p2|Excadrill, L50, F|\n|poke|p2|Gastrodon, L50, M|\n|poke|p2|Arcanine-Hisui, L50, F|\n|poke|p2|Indeedee, L50, M|\n|teampreview|4\n|inactive|Battle timer is ON: inactive players will automatically lose when time's up. (requested by tolkuschampion)\n|\n|t:|1731884112\n|start\n|switch|p1a: Rotom|Rotom-Wash, L50|100\/100\n|switch|p1b: Weavile|Weavile, L50, M|100\/100\n|switch|p2a: Indeedee|Indeedee, L50, M|100\/100\n|switch|p2b: Excadrill|Excadrill, L50, F|100\/100\n|-fieldstart|move: Psychic Terrain|[from] ability: Psychic Surge|[of] p2a: Indeedee\n|turn|1\n|\n|t:|1731884135\n|switch|p2a: Tyranitar|Tyranitar, L50, F|100\/100\n|-weather|Sandstorm|[from] ability: Sand Stream|[of] p2a: Tyranitar\n|move|p1a: Rotom|Protect|p1a: Rotom\n|-singleturn|p1a: Rotom|Protect\n|move|p2b: Excadrill|Iron Head|p1b: Weavile\n|-supereffective|p1b: Weavile\n|-enditem|p1b: Weavile|Focus Sash\n|-damage|p1b: Weavile|1\/100\n|-enditem|p2b: Excadrill|Life Orb|[silent]|[from] ability: Pickpocket|[of] p2b: Excadrill\n|-item|p1b: Weavile|Life Orb|[from] ability: Pickpocket|[of] p2b: Excadrill\n|move|p1b: Weavile|Ice Spinner|p2a: Tyranitar\n|-damage|p2a: Tyranitar|62\/100\n|-fieldend|move: Psychic Terrain\n|-damage|p1b: Weavile|0 fnt|[from] item: Life Orb\n|faint|p1b: Weavile\n|\n|-weather|Sandstorm|[upkeep]\n|-damage|p1a: Rotom|95\/100|[from] Sandstorm\n|upkeep\n|\n|t:|1731884152\n|switch|p1b: Armarouge|Armarouge, L50, M|100\/100\n|turn|2\n|\n|t:|1731884165\n|move|p1b: Armarouge|Protect|p1b: Armarouge\n|-singleturn|p1b: Armarouge|Protect\n|move|p2b: Excadrill|Stomping Tantrum|p1b: Armarouge\n|-activate|p1b: Armarouge|move: Protect\n|move|p1a: Rotom|Will-O-Wisp|p2a: Tyranitar\n|-status|p2a: Tyranitar|brn\n|move|p2a: Tyranitar|Rock Slide|p1b: Armarouge|[spread] p1a\n|-activate|p1b: Armarouge|move: Protect\n|-damage|p1a: Rotom|77\/100\n|\n|-weather|Sandstorm|[upkeep]\n|-damage|p1a: Rotom|72\/100|[from] Sandstorm\n|-damage|p1b: Armarouge|95\/100|[from] Sandstorm\n|-damage|p2a: Tyranitar|57\/100 brn|[from] brn\n|upkeep\n|turn|3\n|\n|t:|1731884190\n|-terastallize|p2b: Excadrill|Ground\n|-terastallize|p1b: Armarouge|Dark\n|move|p2b: Excadrill|Stomping Tantrum|p1b: Armarouge\n|-damage|p1b: Armarouge|34\/100\n|move|p1a: Rotom|Hydro Pump|p2a: Tyranitar|[miss]\n|-miss|p1a: Rotom|p2a: Tyranitar\n|move|p1b: Armarouge|Heat Wave|p2b: Excadrill|[spread] p2a,p2b\n|-resisted|p2a: Tyranitar\n|-damage|p2a: Tyranitar|51\/100 brn\n|-damage|p2b: Excadrill|55\/100\n|move|p2a: Tyranitar|Knock Off|p1a: Rotom\n|-damage|p1a: Rotom|43\/100\n|-enditem|p1a: Rotom|Sitrus Berry|[from] move: Knock Off|[of] p2a: Tyranitar\n|\n|-weather|Sandstorm|[upkeep]\n|-damage|p1a: Rotom|37\/100|[from] Sandstorm\n|-damage|p1b: Armarouge|28\/100|[from] Sandstorm\n|-damage|p2a: Tyranitar|45\/100 brn|[from] brn\n|upkeep\n|turn|4\n|inactive|Zordor has 30 seconds left.\n|\n|t:|1731884224\n|move|p2b: Excadrill|Iron Head|p1a: Rotom\n|-resisted|p1a: Rotom\n|-damage|p1a: Rotom|25\/100\n|cant|p1a: Rotom|flinch\n|move|p1b: Armarouge|Meteor Beam||[still]\n|-prepare|p1b: Armarouge|Meteor Beam\n|-boost|p1b: Armarouge|spa|1\n|-enditem|p1b: Armarouge|Power Herb\n|-anim|p1b: Armarouge|Meteor Beam|p2a: Tyranitar|[miss]\n|-miss|p1b: Armarouge|p2a: Tyranitar\n|move|p2a: Tyranitar|Low Kick|p1b: Armarouge\n|-supereffective|p1b: Armarouge\n|-damage|p1b: Armarouge|0 fnt\n|faint|p1b: Armarouge\n|\n|-weather|Sandstorm|[upkeep]\n|-damage|p1a: Rotom|19\/100|[from] Sandstorm\n|-damage|p2a: Tyranitar|39\/100 brn|[from] brn\n|upkeep\n|\n|t:|1731884233\n|switch|p1b: Dragapult|Dragapult, L50, M|100\/100\n|turn|5\n|\n|t:|1731884255\n|switch|p2a: Arcanine|Arcanine-Hisui, L50, F|100\/100\n|move|p1b: Dragapult|Protect|p1b: Dragapult\n|-singleturn|p1b: Dragapult|Protect\n|move|p1a: Rotom|Protect|p1a: Rotom\n|-singleturn|p1a: Rotom|Protect\n|move|p2b: Excadrill|Stomping Tantrum|p1b: Dragapult\n|-activate|p1b: Dragapult|move: Protect\n|\n|-weather|none\n|upkeep\n|turn|6\n|\n|t:|1731884269\n|switch|p2a: Tyranitar|Tyranitar, L50, F|39\/100 brn\n|-weather|Sandstorm|[from] ability: Sand Stream|[of] p2a: Tyranitar\n|move|p2b: Excadrill|Stomping Tantrum|p1b: Dragapult\n|-damage|p1b: Dragapult|30\/100\n|move|p1b: Dragapult|Dragon Darts|p2a: Tyranitar\n|-damage|p2a: Tyranitar|20\/100 brn\n|-anim|p1b: Dragapult|Dragon Darts|p2b: Excadrill\n|-damage|p2b: Excadrill|22\/100\n|move|p1a: Rotom|Hydro Pump|p2a: Tyranitar\n|-supereffective|p2a: Tyranitar\n|-damage|p2a: Tyranitar|0 fnt\n|faint|p2a: Tyranitar\n|\n|-weather|Sandstorm|[upkeep]\n|-damage|p1a: Rotom|13\/100|[from] Sandstorm\n|upkeep\n|\n|t:|1731884282\n|switch|p2a: Indeedee|Indeedee, L50, M|100\/100\n|-fieldstart|move: Psychic Terrain|[from] ability: Psychic Surge|[of] p2a: Indeedee\n|turn|7\n|\n|t:|1731884295\n|move|p1b: Dragapult|Protect|p1b: Dragapult\n|-singleturn|p1b: Dragapult|Protect\n|move|p2b: Excadrill|Stomping Tantrum|p1b: Dragapult\n|-activate|p1b: Dragapult|move: Protect\n|move|p2a: Indeedee|Expanding Force|p1a: Rotom|[spread] p1a\n|-activate|p1b: Dragapult|move: Protect\n|-damage|p1a: Rotom|0 fnt\n|faint|p1a: Rotom\n|\n|-weather|Sandstorm|[upkeep]\n|-damage|p2a: Indeedee|95\/100|[from] Sandstorm\n|upkeep\n|turn|8\n|-message|Zordor forfeited.\n|\n|win|tolkuschampion\n|raw|Zordor's rating: 1759 &rarr; <strong>1734<\/strong><br \/>(-25 for losing)\n|raw|tolkuschampion's rating: 1679 &rarr; <strong>1704<\/strong><br \/>(+25 for winning)\n|l|\u2606Zordor\n|player|p1|\n|j|\u2606Zordor\n|player|p1|Zordor|pilot|\n|l|\u2606Zordor\n|player|p1|\n|l|\u2606tolkuschampion\n|player|p2|\n","uploadtime":1731884567,"views":17,"formatid":"gen9vgc2024regh","rating":1704,"private":0,"password":null}