{"id":"gen9vgc2024regh-2245516037","format":"[Gen 9] VGC 2024 Reg H","players":["Avocanoodle","VGCLTH fangame"],"log":"|raw|<div class=\"broadcast-blue\"><strong>This battle is required to be public due to a player having a name starting with 'vgclth'.<\/div>\n|j|\u2606Avocanoodle\n|j|\u2606VGCLTH fangame\n|t:|1731837779\n|gametype|doubles\n|player|p1|Avocanoodle|miku-ground|1705\n|player|p2|VGCLTH fangame|red|1741\n|teamsize|p1|6\n|teamsize|p2|6\n|gen|9\n|tier|[Gen 9] VGC 2024 Reg H\n|rated|\n|rule|Species Clause: Limit one of each Pok\u00e9mon\n|rule|Item Clause: Limit 1 of each item\n|clearpoke\n|poke|p1|Gholdengo, L50|\n|poke|p1|Weavile, L50, F|\n|poke|p1|Politoed, L50, M|\n|poke|p1|Archaludon, L50, F|\n|poke|p1|Dragonite, L50, F|\n|poke|p1|Incineroar, L50, F|\n|poke|p2|Glaceon, L50, F|\n|poke|p2|Ninetales-Alola, L50, F|\n|poke|p2|Milotic, L50, M|\n|poke|p2|Incineroar, L50, F|\n|poke|p2|Ursaluna-Bloodmoon, L50, M|\n|poke|p2|Annihilape, L50, F|\n|teampreview|4\n|inactive|Battle timer is ON: inactive players will automatically lose when time's up. (requested by VGCLTH fangame)\n|inactive|Avocanoodle also wants the timer to be on.\n|j| Therazer456\n|inactive|Avocanoodle has 60 seconds left.\n|inactive|VGCLTH fangame has 60 seconds left.\n|inactive|Avocanoodle has 30 seconds left.\n|j| VGCLTH TnB\n|inactive|Avocanoodle has 20 seconds left.\n|inactive|Avocanoodle has 15 seconds left.\n|inactive|Avocanoodle has 10 seconds left.\n|\n|t:|1731837862\n|start\n|switch|p1a: Gholdengo|Gholdengo, L50|100\/100\n|switch|p1b: Weavile|Weavile, L50, F|100\/100\n|switch|p2a: Milotic|Milotic, L50, M, shiny|100\/100\n|switch|p2b: Incineroar|Incineroar, L50, F, shiny|100\/100\n|-ability|p2b: Incineroar|Intimidate|boost\n|-unboost|p1a: Gholdengo|atk|1\n|-unboost|p1b: Weavile|atk|1\n|turn|1\n|l| VGCLTH TnB\n|j| VGCLTH TnB\n|\n|t:|1731837887\n|move|p1b: Weavile|Fake Out|p2b: Incineroar\n|-damage|p2b: Incineroar|92\/100\n|move|p1a: Gholdengo|Trick|p2a: Milotic\n|-activate|p1a: Gholdengo|move: Trick|[of] p2a: Milotic\n|-item|p2a: Milotic|Choice Scarf|[from] move: Trick\n|-item|p1a: Gholdengo|Sitrus Berry|[from] move: Trick\n|move|p2a: Milotic|Coil|p2a: Milotic\n|-boost|p2a: Milotic|atk|1\n|-boost|p2a: Milotic|def|1\n|-boost|p2a: Milotic|accuracy|1\n|cant|p2b: Incineroar|flinch\n|\n|upkeep\n|turn|2\n|\n|t:|1731837909\n|switch|p1b: Politoed|Politoed, L50, M, shiny|100\/100\n|-weather|RainDance|[from] ability: Drizzle|[of] p1b: Politoed\n|switch|p2a: Annihilape|Annihilape, L50, F, shiny|100\/100\n|switch|p1a: Archaludon|Archaludon, L50, F|100\/100\n|move|p2b: Incineroar|Knock Off|p1a: Archaludon\n|-damage|p1a: Archaludon|69\/100\n|-ability|p1a: Archaludon|Stamina|boost\n|-boost|p1a: Archaludon|def|1\n|-enditem|p1a: Archaludon|Leftovers|[from] move: Knock Off|[of] p2b: Incineroar\n|\n|-weather|RainDance|[upkeep]\n|upkeep\n|turn|3\n|inactive|Avocanoodle has 30 seconds left.\n|inactive|Avocanoodle has 20 seconds left.\n|inactive|VGCLTH fangame has 30 seconds left.\n|\n|t:|1731837955\n|switch|p1b: Gholdengo|Gholdengo, L50|100\/100\n|switch|p2b: Ninetales|Ninetales-Alola, L50, F, shiny|100\/100\n|-weather|Snow|[from] ability: Snow Warning|[of] p2b: Ninetales\n|-terastallize|p1a: Archaludon|Fighting\n|move|p2a: Annihilape|Bulk Up|p2a: Annihilape\n|-boost|p2a: Annihilape|atk|1\n|-boost|p2a: Annihilape|def|1\n|move|p1a: Archaludon|Body Press|p2b: Ninetales\n|-damage|p2b: Ninetales|44\/100\n|\n|-weather|Snow|[upkeep]\n|upkeep\n|turn|4\n|l|\u2606Avocanoodle\n|inactive|Avocanoodle disconnected and has a minute to reconnect!\n|player|p1|\n|inactive|Avocanoodle has 30 seconds left.\n|j|\u2606Avocanoodle\n|inactive|Avocanoodle reconnected and has 30 seconds left.\n|player|p1|Avocanoodle|miku-ground|\n|inactive|Avocanoodle has 20 seconds left.\n|inactive|Avocanoodle has 15 seconds left.\n|inactive|Avocanoodle has 10 seconds left.\n|\n|t:|1731838005\n|-terastallize|p2a: Annihilape|Electric\n|move|p1b: Gholdengo|Protect|p1b: Gholdengo\n|-singleturn|p1b: Gholdengo|Protect\n|move|p2b: Ninetales|Icicle Spear|p2a: Annihilape\n|-damage|p2a: Annihilape|96\/100\n|-damage|p2a: Annihilape|92\/100\n|-damage|p2a: Annihilape|88\/100\n|-damage|p2a: Annihilape|84\/100\n|-damage|p2a: Annihilape|80\/100\n|-hitcount|p2a: Annihilape|5\n|move|p2a: Annihilape|Rage Fist|p1b: Gholdengo\n|-activate|p1b: Gholdengo|move: Protect\n|move|p1a: Archaludon|Body Press|p2b: Ninetales\n|-damage|p2b: Ninetales|0 fnt\n|faint|p2b: Ninetales\n|\n|-weather|Snow|[upkeep]\n|-heal|p2a: Annihilape|86\/100|[from] item: Leftovers\n|upkeep\n|\n|t:|1731838015\n|switch|p2b: Incineroar|Incineroar, L50, F, shiny|92\/100\n|-ability|p2b: Incineroar|Intimidate|boost\n|-unboost|p1a: Archaludon|atk|1\n|-unboost|p1b: Gholdengo|atk|1\n|turn|5\n|inactive|Avocanoodle has 30 seconds left.\n|inactive|Avocanoodle has 20 seconds left.\n|\n|t:|1731838053\n|move|p2a: Annihilape|Rage Fist|p1a: Archaludon\n|-damage|p1a: Archaludon|0 fnt\n|faint|p1a: Archaludon\n|move|p1b: Gholdengo|Shadow Ball|p2a: Annihilape\n|-crit|p2a: Annihilape\n|-damage|p2a: Annihilape|21\/100\n|move|p2b: Incineroar|Knock Off|p1b: Gholdengo\n|-supereffective|p1b: Gholdengo\n|-damage|p1b: Gholdengo|0 fnt\n|-enditem|p1b: Gholdengo|Sitrus Berry|[from] move: Knock Off|[of] p2b: Incineroar\n|faint|p1b: Gholdengo\n|\n|-weather|Snow|[upkeep]\n|-heal|p2a: Annihilape|27\/100|[from] item: Leftovers\n|upkeep\n|\n|t:|1731838062\n|switch|p1b: Politoed|Politoed, L50, M, shiny|100\/100\n|switch|p1a: Weavile|Weavile, L50, F|100\/100\n|-weather|RainDance|[from] ability: Drizzle|[of] p1b: Politoed\n|turn|6\n|\n|t:|1731838073\n|switch|p2b: Milotic|Milotic, L50, M, shiny|100\/100\n|move|p2a: Annihilape|Protect|p2a: Annihilape\n|-singleturn|p2a: Annihilape|Protect\n|move|p1a: Weavile|Knock Off|p2a: Annihilape\n|-activate|p2a: Annihilape|move: Protect\n|move|p1b: Politoed|Weather Ball|p2b: Milotic\n|-resisted|p2b: Milotic\n|-damage|p2b: Milotic|78\/100\n|\n|-weather|RainDance|[upkeep]\n|-heal|p2a: Annihilape|33\/100|[from] item: Leftovers\n|upkeep\n|turn|7\n|\n|t:|1731838097\n|move|p1a: Weavile|Knock Off|p2b: Milotic\n|-damage|p2b: Milotic|29\/100\n|-enditem|p2b: Milotic|Choice Scarf|[from] move: Knock Off|[of] p1a: Weavile\n|move|p2a: Annihilape|Rage Fist|p1b: Politoed\n|-damage|p1b: Politoed|0 fnt\n|faint|p1b: Politoed\n|move|p2b: Milotic|Life Dew|p2b: Milotic|[spread] p2a,p2b\n|-heal|p2a: Annihilape|58\/100\n|-heal|p2b: Milotic|54\/100\n|\n|-weather|RainDance|[upkeep]\n|-heal|p2a: Annihilape|64\/100|[from] item: Leftovers\n|upkeep\n|turn|8\n|\n|t:|1731838106\n|move|p1a: Weavile|Knock Off|p2a: Annihilape\n|-damage|p2a: Annihilape|30\/100\n|-enditem|p2a: Annihilape|Leftovers|[from] move: Knock Off|[of] p1a: Weavile\n|move|p2a: Annihilape|Drain Punch|p1a: Weavile\n|-supereffective|p1a: Weavile\n|-enditem|p1a: Weavile|Focus Sash\n|-damage|p1a: Weavile|1\/100\n|-heal|p2a: Annihilape|63\/100|[from] drain|[of] p1a: Weavile\n|move|p2b: Milotic|Coil|p2b: Milotic\n|-boost|p2b: Milotic|atk|1\n|-boost|p2b: Milotic|def|1\n|-boost|p2b: Milotic|accuracy|1\n|\n|-weather|RainDance|[upkeep]\n|upkeep\n|turn|9\n|\n|t:|1731838112\n|move|p1a: Weavile|Knock Off|p2b: Milotic\n|-damage|p2b: Milotic|30\/100\n|move|p2a: Annihilape|Drain Punch|p1a: Weavile\n|-supereffective|p1a: Weavile\n|-damage|p1a: Weavile|0 fnt\n|-heal|p2a: Annihilape|64\/100|[from] drain|[of] p1a: Weavile\n|faint|p1a: Weavile\n|\n|win|VGCLTH fangame\n|raw|Avocanoodle's rating: 1705 &rarr; <strong>1687<\/strong><br \/>(-18 for losing)\n|raw|VGCLTH fangame's rating: 1741 &rarr; <strong>1759<\/strong><br \/>(+18 for winning)\n|l| VGCLTH TnB\n|l|\u2606Avocanoodle\n|player|p1|\n|l|\u2606VGCLTH fangame\n|player|p2|\n|l| Therazer456\n","uploadtime":1731838314,"views":13,"formatid":"gen9vgc2024regh","rating":1687,"private":0,"password":null}