{"id":"gen9vgc2024regh-2245865888","format":"[Gen 9] VGC 2024 Reg H","players":["same blue","vgclth souly"],"log":"|raw|<div class=\"broadcast-blue\"><strong>This battle is required to be public due to a player having a name starting with 'vgclth'.<\/div>\n|j|\u2606same blue\n|j|\u2606vgclth souly\n|t:|1731886057\n|gametype|doubles\n|player|p1|same blue|170|1660\n|player|p2|vgclth souly|#smogonxnpa2024draftee|1880\n|teamsize|p1|6\n|teamsize|p2|6\n|gen|9\n|tier|[Gen 9] VGC 2024 Reg H\n|rated|\n|rule|Species Clause: Limit one of each Pok\u00e9mon\n|rule|Item Clause: Limit 1 of each item\n|clearpoke\n|poke|p1|Electabuzz, L50, M|\n|poke|p1|Arcanine, L50, M|\n|poke|p1|Frosmoth, L50, F|\n|poke|p1|Ninetales-Alola, L50, F|\n|poke|p1|Ursaluna-Bloodmoon, L50, M|\n|poke|p1|Kingambit, L50, M|\n|poke|p2|Archaludon, L50, F|\n|poke|p2|Pelipper, L50, M|\n|poke|p2|Electabuzz, L50, M|\n|poke|p2|Kingambit, L50, M|\n|poke|p2|Rillaboom, L50, M|\n|poke|p2|Basculegion, L50, M|\n|teampreview|4\n|inactive|Battle timer is ON: inactive players will automatically lose when time's up. (requested by same blue)\n|\n|t:|1731886084\n|start\n|switch|p1a: Electabuzz|Electabuzz, L50, M|100\/100\n|switch|p1b: Arcanine|Arcanine, L50, M|100\/100\n|switch|p2a: Archaludon|Archaludon, L50, F|100\/100\n|switch|p2b: Pelipper|Pelipper, L50, M|100\/100\n|-ability|p1b: Arcanine|Intimidate|boost\n|-unboost|p2a: Archaludon|atk|1\n|-unboost|p2b: Pelipper|atk|1\n|-weather|RainDance|[from] ability: Drizzle|[of] p2b: Pelipper\n|turn|1\n|\n|t:|1731886097\n|switch|p1b: Ninetales|Ninetales-Alola, L50, F|100\/100\n|-weather|Snow|[from] ability: Snow Warning|[of] p1b: Ninetales\n|switch|p2b: Rillaboom|Rillaboom, L50, M|100\/100\n|-fieldstart|move: Grassy Terrain|[from] ability: Grassy Surge|[of] p2b: Rillaboom\n|move|p1a: Electabuzz|Light Screen|p1a: Electabuzz\n|-sidestart|p1: same blue|move: Light Screen\n|move|p2a: Archaludon|Electro Shot||[still]\n|-prepare|p2a: Archaludon|Electro Shot\n|-boost|p2a: Archaludon|spa|1\n|\n|-weather|Snow|[upkeep]\n|upkeep\n|turn|2\n|j| Thorsten_123\n|j| Reyggor\n|\n|t:|1731886117\n|-terastallize|p2b: Rillaboom|Fire\n|move|p1a: Electabuzz|Follow Me|p1a: Electabuzz\n|-singleturn|p1a: Electabuzz|move: Follow Me\n|move|p1b: Ninetales|Blizzard|p2b: Rillaboom|[spread] p2a,p2b\n|-resisted|p2b: Rillaboom\n|-damage|p2a: Archaludon|46\/100\n|-damage|p2b: Rillaboom|79\/100\n|-status|p2b: Rillaboom|frz\n|-ability|p2a: Archaludon|Stamina|boost\n|-boost|p2a: Archaludon|def|1\n|cant|p2b: Rillaboom|frz\n|move|p2a: Archaludon|Electro Shot|p1a: Electabuzz|[from]lockedmove\n|-resisted|p1a: Electabuzz\n|-damage|p1a: Electabuzz|87\/100\n|\n|-weather|Snow|[upkeep]\n|-heal|p1a: Electabuzz|93\/100|[from] Grassy Terrain\n|-heal|p2b: Rillaboom|85\/100 frz|[from] Grassy Terrain\n|-heal|p2a: Archaludon|52\/100|[from] Grassy Terrain\n|-heal|p2a: Archaludon|58\/100|[from] item: Leftovers\n|upkeep\n|turn|3\n|\n|t:|1731886138\n|switch|p2b: Pelipper|Pelipper, L50, M|100\/100\n|-weather|RainDance|[from] ability: Drizzle|[of] p2b: Pelipper\n|move|p1a: Electabuzz|Electroweb|p2a: Archaludon|[spread] p2a,p2b\n|-resisted|p2a: Archaludon\n|-supereffective|p2b: Pelipper\n|-damage|p2a: Archaludon|52\/100\n|-enditem|p2b: Pelipper|Focus Sash\n|-damage|p2b: Pelipper|1\/100\n|-unboost|p2a: Archaludon|spe|1\n|-unboost|p2b: Pelipper|spe|1\n|-ability|p2a: Archaludon|Stamina|boost\n|-boost|p2a: Archaludon|def|1\n|move|p1b: Ninetales|Blizzard|p2a: Archaludon|[spread] p2a\n|-miss|p1b: Ninetales|p2b: Pelipper\n|-damage|p2a: Archaludon|0 fnt\n|faint|p2a: Archaludon\n|\n|-weather|RainDance|[upkeep]\n|-heal|p1a: Electabuzz|99\/100|[from] Grassy Terrain\n|upkeep\n|\n|t:|1731886149\n|switch|p2a: Basculegion|Basculegion, L50, M|100\/100\n|turn|4\n|\n|t:|1731886157\n|switch|p1b: Arcanine|Arcanine, L50, M|100\/100\n|-ability|p1b: Arcanine|Intimidate|boost\n|-unboost|p2a: Basculegion|atk|1\n|-unboost|p2b: Pelipper|atk|1\n|switch|p2b: Rillaboom|Rillaboom, L50, M, tera:Fire|85\/100 frz\n|move|p2a: Basculegion|Wave Crash|p1a: Electabuzz\n|-damage|p1a: Electabuzz|0 fnt\n|faint|p1a: Electabuzz\n|-damage|p2a: Basculegion|72\/100|[from] Recoil\n|\n|-weather|RainDance|[upkeep]\n|-heal|p2a: Basculegion|79\/100|[from] Grassy Terrain\n|-heal|p2b: Rillaboom|91\/100 frz|[from] Grassy Terrain\n|upkeep\n|\n|t:|1731886172\n|switch|p1a: Kingambit|Kingambit, L50, M|100\/100\n|turn|5\n|\n|t:|1731886181\n|cant|p2b: Rillaboom|frz\n|move|p1b: Arcanine|Extreme Speed|p2a: Basculegion\n|-immune|p2a: Basculegion\n|move|p1a: Kingambit|Sucker Punch|p2a: Basculegion\n|-supereffective|p2a: Basculegion\n|-damage|p2a: Basculegion|0 fnt\n|faint|p2a: Basculegion\n|\n|-weather|RainDance|[upkeep]\n|-heal|p2b: Rillaboom|97\/100 frz|[from] Grassy Terrain\n|-sideend|p1: same blue|move: Light Screen\n|-fieldend|move: Grassy Terrain\n|upkeep\n|-message|vgclth souly forfeited.\n|\n|win|same blue\n|raw|same blue's rating: 1660 &rarr; <strong>1691<\/strong><br \/>(+31 for winning)\n|raw|vgclth souly's rating: 1880 &rarr; <strong>1849<\/strong><br \/>(-31 for losing)\n|l|\u2606vgclth souly\n|player|p2|\n|l|\u2606same blue\n|player|p1|\n|l| Reyggor\n|l| Thorsten_123\n","uploadtime":1731886368,"views":34,"formatid":"gen9vgc2024regh","rating":1691,"private":0,"password":null}