{"id":"gen9vgc2024regh-2245936573","format":"[Gen 9] VGC 2024 Reg H","players":["vgclth chromate","don't use magmar"],"log":"|raw|<div class=\"broadcast-blue\"><strong>This battle is required to be public due to a player having a name starting with 'vgclth'.<\/div>\n|j|\u2606vgclth chromate\n|j|\u2606don't use magmar\n|t:|1731895121\n|gametype|doubles\n|player|p1|vgclth chromate|allister|1847\n|player|p2|don't use magmar|lucas|1932\n|teamsize|p1|6\n|teamsize|p2|6\n|gen|9\n|tier|[Gen 9] VGC 2024 Reg H\n|rated|\n|rule|Species Clause: Limit one of each Pok\u00e9mon\n|rule|Item Clause: Limit 1 of each item\n|clearpoke\n|poke|p1|Archaludon, L50, F|\n|poke|p1|Pelipper, L50, M|\n|poke|p1|Basculegion, L50, M|\n|poke|p1|Gholdengo, L50|\n|poke|p1|Incineroar, L50, F|\n|poke|p1|Amoonguss, L50, F|\n|poke|p2|Incineroar, L50, M|\n|poke|p2|Amoonguss, L50, F|\n|poke|p2|Gholdengo, L50|\n|poke|p2|Sneasler, L50, F|\n|poke|p2|Ursaluna-Bloodmoon, L50, M|\n|poke|p2|Palafin, L50, M|\n|teampreview|4\n|\n|t:|1731895144\n|start\n|switch|p1a: Gholdengo|Gholdengo, L50|100\/100\n|switch|p1b: Amoonguss|Amoonguss, L50, F|100\/100\n|switch|p2a: Gholdengo|Gholdengo, L50|100\/100\n|switch|p2b: Amoonguss|Amoonguss, L50, F|100\/100\n|turn|1\n|\n|t:|1731895163\n|-terastallize|p1a: Gholdengo|Water\n|move|p2a: Gholdengo|Shadow Ball|p1a: Gholdengo\n|-damage|p1a: Gholdengo|44\/100\n|move|p1a: Gholdengo|Nasty Plot|p1a: Gholdengo\n|-boost|p1a: Gholdengo|spa|2\n|move|p1b: Amoonguss|Pollen Puff|p1a: Gholdengo\n|-heal|p1a: Gholdengo|94\/100\n|move|p2b: Amoonguss|Sludge Bomb|p1b: Amoonguss\n|-damage|p1b: Amoonguss|77\/100\n|\n|upkeep\n|turn|2\n|\n|t:|1731895179\n|move|p2a: Gholdengo|Shadow Ball|p1b: Amoonguss\n|-damage|p1b: Amoonguss|32\/100\n|-enditem|p1b: Amoonguss|Sitrus Berry|[eat]\n|-heal|p1b: Amoonguss|57\/100|[from] item: Sitrus Berry\n|move|p1a: Gholdengo|Make It Rain|p2b: Amoonguss|[spread] p2a,p2b\n|-resisted|p2a: Gholdengo\n|-damage|p2a: Gholdengo|23\/100\n|-damage|p2b: Amoonguss|1\/100\n|-unboost|p1a: Gholdengo|spa|1\n|-enditem|p2b: Amoonguss|Sitrus Berry|[eat]\n|-heal|p2b: Amoonguss|26\/100|[from] item: Sitrus Berry\n|-damage|p1a: Gholdengo|84\/100|[from] item: Life Orb\n|move|p1b: Amoonguss|Pollen Puff|p1a: Gholdengo\n|-heal|p1a: Gholdengo|100\/100\n|move|p2b: Amoonguss|Sludge Bomb|p1b: Amoonguss\n|-damage|p1b: Amoonguss|34\/100\n|\n|upkeep\n|turn|3\n|\n|t:|1731895191\n|move|p1b: Amoonguss|Protect|p1b: Amoonguss\n|-singleturn|p1b: Amoonguss|Protect\n|move|p2b: Amoonguss|Protect|p2b: Amoonguss\n|-singleturn|p2b: Amoonguss|Protect\n|move|p2a: Gholdengo|Shadow Ball|p1b: Amoonguss\n|-activate|p1b: Amoonguss|move: Protect\n|move|p1a: Gholdengo|Make It Rain|p2a: Gholdengo|[spread] p2a\n|-activate|p2b: Amoonguss|move: Protect\n|-resisted|p2a: Gholdengo\n|-damage|p2a: Gholdengo|0 fnt\n|-unboost|p1a: Gholdengo|spa|1\n|faint|p2a: Gholdengo\n|-damage|p1a: Gholdengo|91\/100|[from] item: Life Orb\n|\n|upkeep\n|\n|t:|1731895195\n|switch|p2a: Ursaluna|Ursaluna-Bloodmoon, L50, M|100\/100\n|turn|4\n|\n|t:|1731895204\n|-terastallize|p2a: Ursaluna|Normal\n|move|p1a: Gholdengo|Make It Rain|p2b: Amoonguss|[spread] p2a,p2b\n|-damage|p2a: Ursaluna|50\/100\n|-damage|p2b: Amoonguss|0 fnt\n|-unboost|p1a: Gholdengo|spa|1\n|faint|p2b: Amoonguss\n|-damage|p1a: Gholdengo|81\/100|[from] item: Life Orb\n|move|p2a: Ursaluna|Hyper Voice|p1b: Amoonguss|[spread] p1a,p1b\n|-damage|p1a: Gholdengo|14\/100\n|-damage|p1b: Amoonguss|0 fnt\n|faint|p1b: Amoonguss\n|\n|upkeep\n|\n|t:|1731895216\n|switch|p1b: Pelipper|Pelipper, L50, M|100\/100\n|switch|p2b: Sneasler|Sneasler, L50, F|100\/100\n|-weather|RainDance|[from] ability: Drizzle|[of] p1b: Pelipper\n|turn|5\n|\n|t:|1731895231\n|move|p1b: Pelipper|Protect|p1b: Pelipper\n|-singleturn|p1b: Pelipper|Protect\n|move|p2b: Sneasler|Close Combat|p1a: Gholdengo\n|-damage|p1a: Gholdengo|0 fnt\n|-unboost|p2b: Sneasler|def|1\n|-unboost|p2b: Sneasler|spd|1\n|faint|p1a: Gholdengo\n|move|p2a: Ursaluna|Hyper Voice|p1b: Pelipper\n|-activate|p1b: Pelipper|move: Protect\n|\n|-weather|RainDance|[upkeep]\n|upkeep\n|\n|t:|1731895235\n|switch|p1a: Basculegion|Basculegion, L50, M|100\/100\n|turn|6\n|\n|t:|1731895244\n|move|p2a: Ursaluna|Vacuum Wave|p1b: Pelipper\n|-resisted|p1b: Pelipper\n|-damage|p1b: Pelipper|86\/100\n|move|p1a: Basculegion|Wave Crash|p2a: Ursaluna\n|-damage|p2a: Ursaluna|0 fnt\n|faint|p2a: Ursaluna\n|-damage|p1a: Basculegion|83\/100|[from] Recoil\n|move|p2b: Sneasler|Dire Claw|p1b: Pelipper\n|-damage|p1b: Pelipper|34\/100\n|-status|p1b: Pelipper|psn|[from] ability: Poison Touch|[of] p2b: Sneasler\n|move|p1b: Pelipper|Weather Ball|p2b: Sneasler\n|-enditem|p2b: Sneasler|Focus Sash\n|-damage|p2b: Sneasler|1\/100\n|\n|-weather|RainDance|[upkeep]\n|-damage|p1b: Pelipper|22\/100 psn|[from] psn\n|upkeep\n|turn|7\n|-message|don't use magmar forfeited.\n|\n|win|vgclth chromate\n|raw|vgclth chromate's rating: 1847 &rarr; <strong>1872<\/strong><br \/>(+25 for winning)\n|raw|don&apos;t use magmar's rating: 1932 &rarr; <strong>1907<\/strong><br \/>(-25 for losing)\n|l|\u2606don't use magmar\n|player|p2|\n|l|\u2606vgclth chromate\n|player|p1|\n","uploadtime":1731895494,"views":243,"formatid":"gen9vgc2024regh","rating":1872,"private":0,"password":null}