{"id":"gen9vgc2024regh-2245479294","format":"[Gen 9] VGC 2024 Reg H","players":["Break Theory","VGCLTH fangame"],"log":"|raw|<div class=\"broadcast-blue\"><strong>This battle is required to be public due to a player having a name starting with 'vgclth'.<\/div>\n|j|\u203dBreak Theory\n|j|\u2606VGCLTH fangame\n|t:|1731829248\n|gametype|doubles\n|player|p1|Break Theory|marley|1671\n|player|p2|VGCLTH fangame|red|1755\n|teamsize|p1|6\n|teamsize|p2|6\n|gen|9\n|tier|[Gen 9] VGC 2024 Reg H\n|rated|\n|rule|Species Clause: Limit one of each Pok\u00e9mon\n|rule|Item Clause: Limit 1 of each item\n|clearpoke\n|poke|p1|Dragonite, L50, M|\n|poke|p1|Gholdengo, L50|\n|poke|p1|Ursaluna-Bloodmoon, L50, M|\n|poke|p1|Sneasler, L50, F|\n|poke|p1|Incineroar, L50, F|\n|poke|p1|Rillaboom, L50, M|\n|poke|p2|Glaceon, L50, F|\n|poke|p2|Ninetales-Alola, L50, F|\n|poke|p2|Milotic, L50, M|\n|poke|p2|Incineroar, L50, F|\n|poke|p2|Ursaluna-Bloodmoon, L50, M|\n|poke|p2|Annihilape, L50, M|\n|teampreview|4\n|inactive|Battle timer is ON: inactive players will automatically lose when time's up. (requested by VGCLTH fangame)\n|inactive|Break Theory also wants the timer to be on.\n|inactive|VGCLTH fangame has 60 seconds left.\n|\n|t:|1731829301\n|start\n|switch|p1a: Gholdengo|Gholdengo, L50|100\/100\n|switch|p1b: Sneasler|Sneasler, L50, F|100\/100\n|switch|p2a: Ninetales|Ninetales-Alola, L50, F, shiny|100\/100\n|switch|p2b: Annihilape|Annihilape, L50, M, shiny|100\/100\n|-weather|Snow|[from] ability: Snow Warning|[of] p2a: Ninetales\n|turn|1\n|inactive|VGCLTH fangame has 30 seconds left.\n|inactive|VGCLTH fangame has 20 seconds left.\n|inactive|VGCLTH fangame has 15 seconds left.\n|inactive|VGCLTH fangame has 10 seconds left.\n|inactive|VGCLTH fangame has 5 seconds left.\n|\n|t:|1731829356\n|move|p1a: Gholdengo|Trick|p2b: Annihilape\n|-activate|p1a: Gholdengo|move: Trick|[of] p2b: Annihilape\n|-item|p2b: Annihilape|Choice Scarf|[from] move: Trick\n|-item|p1a: Gholdengo|Leftovers|[from] move: Trick\n|move|p2b: Annihilape|Rage Fist|p1a: Gholdengo\n|-supereffective|p1a: Gholdengo\n|-damage|p1a: Gholdengo|61\/100\n|move|p1b: Sneasler|Dire Claw|p2a: Ninetales\n|-supereffective|p2a: Ninetales\n|-damage|p2a: Ninetales|10\/100\n|-status|p2a: Ninetales|par\n|move|p2a: Ninetales|Blizzard|p1b: Sneasler|[spread] p1a,p1b\n|-resisted|p1a: Gholdengo\n|-damage|p1a: Gholdengo|44\/100\n|-damage|p1b: Sneasler|55\/100\n|\n|-weather|Snow|[upkeep]\n|-heal|p1a: Gholdengo|50\/100|[from] item: Leftovers\n|upkeep\n|turn|2\n|\n|t:|1731829380\n|switch|p2a: Incineroar|Incineroar, L50, F, shiny|100\/100\n|-ability|p2a: Incineroar|Intimidate|boost\n|-unboost|p1a: Gholdengo|atk|1\n|-unboost|p1b: Sneasler|atk|1\n|-terastallize|p2b: Annihilape|Electric\n|move|p1a: Gholdengo|Protect|p1a: Gholdengo\n|-singleturn|p1a: Gholdengo|Protect\n|move|p2b: Annihilape|Rage Fist|p1b: Sneasler\n|-damage|p1b: Sneasler|20\/100\n|move|p1b: Sneasler|Dire Claw|p2a: Incineroar\n|-crit|p2a: Incineroar\n|-damage|p2a: Incineroar|42\/100\n|\n|-weather|Snow|[upkeep]\n|-heal|p1a: Gholdengo|56\/100|[from] item: Leftovers\n|upkeep\n|turn|3\n|\n|t:|1731829398\n|switch|p1a: Ursaluna|Ursaluna-Bloodmoon, L50, M|100\/100\n|move|p1b: Sneasler|Protect|p1b: Sneasler\n|-singleturn|p1b: Sneasler|Protect\n|move|p2b: Annihilape|Rage Fist|p1b: Sneasler\n|-activate|p1b: Sneasler|move: Protect\n|move|p2a: Incineroar|Knock Off|p1a: Ursaluna\n|-damage|p1a: Ursaluna|65\/100\n|-enditem|p1a: Ursaluna|Leftovers|[from] move: Knock Off|[of] p2a: Incineroar\n|\n|-weather|Snow|[upkeep]\n|upkeep\n|turn|4\n|\n|t:|1731829420\n|move|p2b: Annihilape|Rage Fist|p1b: Sneasler\n|-damage|p1b: Sneasler|0 fnt\n|faint|p1b: Sneasler\n|move|p2a: Incineroar|Parting Shot|p1a: Ursaluna\n|-unboost|p1a: Ursaluna|atk|1\n|-unboost|p1a: Ursaluna|spa|1\n|\n|t:|1731829422\n|switch|p2a: Ursaluna|Ursaluna-Bloodmoon, L50, M|100\/100|[from] Parting Shot\n|move|p1a: Ursaluna|Earth Power|p2b: Annihilape\n|-supereffective|p2b: Annihilape\n|-damage|p2b: Annihilape|48\/100\n|\n|-weather|Snow|[upkeep]\n|upkeep\n|\n|t:|1731829435\n|switch|p1b: Rillaboom|Rillaboom, L50, M|100\/100\n|-fieldstart|move: Grassy Terrain|[from] ability: Grassy Surge|[of] p1b: Rillaboom\n|turn|5\n|\n|t:|1731829444\n|switch|p2b: Incineroar|Incineroar, L50, F, shiny|42\/100\n|-ability|p2b: Incineroar|Intimidate|boost\n|-unboost|p1a: Ursaluna|atk|1\n|-unboost|p1b: Rillaboom|atk|1\n|move|p1b: Rillaboom|Fake Out|p2a: Ursaluna\n|-damage|p2a: Ursaluna|94\/100\n|move|p1a: Ursaluna|Blood Moon|p2a: Ursaluna\n|-damage|p2a: Ursaluna|59\/100\n|cant|p2a: Ursaluna|flinch\n|\n|-weather|none\n|-heal|p2b: Incineroar|48\/100|[from] Grassy Terrain\n|-heal|p1a: Ursaluna|71\/100|[from] Grassy Terrain\n|-heal|p2a: Ursaluna|65\/100|[from] Grassy Terrain\n|upkeep\n|turn|6\n|\n|t:|1731829464\n|move|p1a: Ursaluna|Protect|p1a: Ursaluna\n|-singleturn|p1a: Ursaluna|Protect\n|move|p2b: Incineroar|Fake Out|p1b: Rillaboom\n|-damage|p1b: Rillaboom|87\/100\n|cant|p1b: Rillaboom|flinch\n|move|p2a: Ursaluna|Blood Moon|p1a: Ursaluna\n|-activate|p1a: Ursaluna|move: Protect\n|\n|-heal|p1b: Rillaboom|93\/100|[from] Grassy Terrain\n|-heal|p2b: Incineroar|54\/100|[from] Grassy Terrain\n|-heal|p1a: Ursaluna|77\/100|[from] Grassy Terrain\n|-heal|p2a: Ursaluna|71\/100|[from] Grassy Terrain\n|upkeep\n|turn|7\n|\n|t:|1731829484\n|move|p1b: Rillaboom|Wood Hammer|p2a: Ursaluna\n|-supereffective|p2a: Ursaluna\n|-damage|p2a: Ursaluna|0 fnt\n|faint|p2a: Ursaluna\n|-damage|p1b: Rillaboom|70\/100|[from] Recoil\n|move|p1a: Ursaluna|Earth Power|p2b: Incineroar\n|-supereffective|p2b: Incineroar\n|-damage|p2b: Incineroar|3\/100\n|move|p2b: Incineroar|Flare Blitz|p1b: Rillaboom\n|-supereffective|p1b: Rillaboom\n|-damage|p1b: Rillaboom|0 fnt\n|faint|p1b: Rillaboom\n|-damage|p2b: Incineroar|0 fnt|[from] Recoil\n|faint|p2b: Incineroar\n|\n|-heal|p1a: Ursaluna|83\/100|[from] Grassy Terrain\n|upkeep\n|-message|VGCLTH fangame forfeited.\n|\n|win|Break Theory\n|raw|Break Theory's rating: 1671 &rarr; <strong>1694<\/strong><br \/>(+23 for winning)\n|raw|VGCLTH fangame's rating: 1722 &rarr; <strong>1699<\/strong><br \/>(-23 for losing)\n|l|\u2606VGCLTH fangame\n|player|p2|\n|l|\u203dBreak Theory\n|player|p1|\n","uploadtime":1731829720,"views":16,"formatid":"gen9vgc2024regh","rating":1694,"private":0,"password":null}