{"id":"gen9vgc2024regh-2245641133","format":"[Gen 9] VGC 2024 Reg H","players":["Tilzy","VGCLTH skibidi"],"log":"|raw|<div class=\"broadcast-blue\"><strong>This battle is required to be public due to a player having a name starting with 'vgclth'.<\/div>\n|j|\u2606Tilzy\n|j|\u2606VGCLTH skibidi\n|t:|1731859287\n|gametype|doubles\n|player|p1|Tilzy|pokemaniac|1782\n|player|p2|VGCLTH skibidi|piers-masters|1741\n|teamsize|p1|6\n|teamsize|p2|6\n|gen|9\n|tier|[Gen 9] VGC 2024 Reg H\n|rated|\n|rule|Species Clause: Limit one of each Pok\u00e9mon\n|rule|Item Clause: Limit 1 of each item\n|clearpoke\n|poke|p1|Toedscruel, L50, F|\n|poke|p1|Weezing-Galar, L50, M|\n|poke|p1|Corviknight, L50, M|\n|poke|p1|Garchomp, L50, M|\n|poke|p1|Typhlosion-Hisui, L50, M|\n|poke|p1|Palafin, L50, M|\n|poke|p2|Farigiraf, L50, F|\n|poke|p2|Armarouge, L50, M|\n|poke|p2|Annihilape, L50, F|\n|poke|p2|Indeedee-F, L50, F|\n|poke|p2|Torkoal, L50, F|\n|poke|p2|Lilligant-Hisui, L50, F|\n|teampreview|4\n|inactive|Battle timer is ON: inactive players will automatically lose when time's up. (requested by VGCLTH skibidi)\n|c|\u2606Tilzy|oh come on\nTilzy has agreed to open team sheets.\n|c|\u2606VGCLTH skibidi|hi\nVGCLTH skibidi rejected open team sheets.\n|inactive|Tilzy has 60 seconds left.\n|inactive|VGCLTH skibidi has 60 seconds left.\n|inactiveoff|Battle timer is now OFF.\n|inactive|Battle timer is ON: inactive players will automatically lose when time's up. (requested by Tilzy)\n|j| babiwi bewey\u2714\ufe0f\n|c|\u2606Tilzy|eww babiwi\n|c| babiwi bewey\u2714\ufe0f|:(\n|c|\u2606VGCLTH skibidi|iwibab wwe\n|inactive|VGCLTH skibidi has 30 seconds left.\n|c|\u2606VGCLTH skibidi|1 sec i need to think\n|\n|t:|1731859367\n|start\n|switch|p1a: Typhlosion|Typhlosion-Hisui, L50, M|100\/100\n|switch|p1b: Palafin|Palafin, L50, M|100\/100\n|switch|p2a: Torkoal|Torkoal, L50, F|100\/100\n|switch|p2b: Lilligant|Lilligant-Hisui, L50, F|100\/100\n|-weather|SunnyDay|[from] ability: Drought|[of] p2a: Torkoal\n|turn|1\n|j| Reyggor\n|c| babiwi bewey\u2714\ufe0f|why do you have a palafin tilzy that mon is bad\n|c|\u2606Tilzy|no its not\n|c|\u2606Tilzy|:(\n|inactive|VGCLTH skibidi has 30 seconds left.\n|\n|t:|1731859400\n|detailschange|p1b: Palafin|Palafin-Hero, L50, M\n|switch|p1b: Weezing|Weezing-Galar, L50, M|100\/100\n|-ability|p1b: Weezing|Neutralizing Gas\n|-terastallize|p1a: Typhlosion|Fire\n|move|p1a: Typhlosion|Eruption|p2a: Torkoal|[spread] p2a,p2b\n|-resisted|p2a: Torkoal\n|-supereffective|p2b: Lilligant\n|-damage|p2a: Torkoal|19\/100\n|-enditem|p2b: Lilligant|Focus Sash\n|-damage|p2b: Lilligant|1\/100\n|move|p2b: Lilligant|After You|p2a: Torkoal\n|-activate|p2a: Torkoal|move: After You\n|move|p2a: Torkoal|Earth Power|p1a: Typhlosion\n|-supereffective|p1a: Typhlosion\n|-damage|p1a: Typhlosion|3\/100\n|\n|-weather|SunnyDay|[upkeep]\n|upkeep\n|turn|2\n|c|\u2606VGCLTH skibidi|DUDE\n|c|\u2606VGCLTH skibidi|WTFFFF\n|c|\u2606VGCLTH skibidi|??????????????????????????\n|c|\u2606Tilzy|bonk\n|j| xclamation\n|c|\u2606VGCLTH skibidi|I GOT THE LOWEST ROLL\n|c|\u2606VGCLTH skibidi|AND IM NOT JOKING\n|c| babiwi bewey\u2714\ufe0f|L bozo\n|c|\u2606Tilzy|karma\n|inactive|VGCLTH skibidi has 30 seconds left.\n|c|\u2606VGCLTH skibidi|WTFFFFFFFF\n|\n|t:|1731859429\n|switch|p2a: Armarouge|Armarouge, L50, M|100\/100\n|move|p1a: Typhlosion|Eruption|p2b: Lilligant|[spread] p2a,p2b\n|-resisted|p2a: Armarouge\n|-supereffective|p2b: Lilligant\n|-damage|p2a: Armarouge|99\/100\n|-damage|p2b: Lilligant|0 fnt\n|faint|p2b: Lilligant\n|move|p1b: Weezing|Dazzling Gleam|p2a: Armarouge\n|-resisted|p2a: Armarouge\n|-damage|p2a: Armarouge|63\/100\n|\n|-weather|SunnyDay|[upkeep]\n|upkeep\n|c| babiwi bewey\u2714\ufe0f|thats what you get for rejecting ots\n|\n|t:|1731859434\n|switch|p2b: Indeedee|Indeedee-F, L50, F|100\/100\n|turn|3\n|j| Seaksos\n|inactive|VGCLTH skibidi has 30 seconds left.\n|inactive|VGCLTH skibidi has 20 seconds left.\n|c|\u2606Tilzy|i am fkd though\n|\n|t:|1731859470\n|-terastallize|p2a: Armarouge|Psychic\n|move|p1a: Typhlosion|Eruption|p2b: Indeedee|[spread] p2a,p2b\n|-damage|p2a: Armarouge|58\/100\n|-damage|p2b: Indeedee|98\/100\n|move|p2a: Armarouge|Expanding Force|p1b: Weezing\n|-supereffective|p1b: Weezing\n|-damage|p1b: Weezing|0 fnt\n|faint|p1b: Weezing\n|-end|p1b: Weezing|ability: Neutralizing Gas\n|-fieldstart|move: Psychic Terrain|[from] ability: Psychic Surge|[of] p2b: Indeedee\n|move|p2b: Indeedee|Trick Room|p2b: Indeedee\n|-fieldstart|move: Trick Room|[of] p2b: Indeedee\n|\n|-weather|SunnyDay|[upkeep]\n|upkeep\n|\n|t:|1731859477\n|switch|p1b: Corviknight|Corviknight, L50, M|100\/100\n|turn|4\n|\n|t:|1731859492\n|move|p2b: Indeedee|Helping Hand|p2a: Armarouge\n|-singleturn|p2a: Armarouge|Helping Hand|[of] p2b: Indeedee\n|move|p1b: Corviknight|Brave Bird|p2b: Indeedee\n|-damage|p2b: Indeedee|55\/100\n|-damage|p1b: Corviknight|88\/100|[from] Recoil\n|move|p2a: Armarouge|Expanding Force|p1b: Corviknight|[spread] p1a,p1b\n|-resisted|p1b: Corviknight\n|-damage|p1a: Typhlosion|0 fnt\n|-damage|p1b: Corviknight|39\/100\n|-enditem|p1b: Corviknight|Sitrus Berry|[eat]\n|-heal|p1b: Corviknight|63\/100|[from] item: Sitrus Berry\n|faint|p1a: Typhlosion\n|\n|-weather|SunnyDay|[upkeep]\n|upkeep\n|\n|t:|1731859503\n|switch|p1a: Palafin|Palafin-Hero, L50, M|100\/100\n|-activate|p1a: Palafin|ability: Zero to Hero\n|turn|5\n|c| babiwi bewey\u2714\ufe0f|why didnt you kill the armarouge\n|\n|t:|1731859512\n|move|p2b: Indeedee|Follow Me|p2b: Indeedee\n|-singleturn|p2b: Indeedee|move: Follow Me\n|move|p1a: Palafin|Jet Punch|p2b: Indeedee\n|-activate|p2b: Indeedee|move: Psychic Terrain\n|move|p1b: Corviknight|Brave Bird|p2b: Indeedee\n|-damage|p2b: Indeedee|16\/100\n|-damage|p1b: Corviknight|52\/100|[from] Recoil\n|move|p2a: Armarouge|Heat Wave|p1b: Corviknight|[spread] p1a,p1b\n|-resisted|p1a: Palafin\n|-supereffective|p1b: Corviknight\n|-damage|p1a: Palafin|68\/100\n|-damage|p1b: Corviknight|0 fnt\n|faint|p1b: Corviknight\n|\n|-weather|none\n|upkeep\n|turn|6\n|c|\u2606VGCLTH skibidi|idt it wouldve ko'd tbh\n|\n|t:|1731859519\n|move|p2b: Indeedee|Follow Me|p2b: Indeedee\n|-singleturn|p2b: Indeedee|move: Follow Me\n|move|p1a: Palafin|Jet Punch|p2b: Indeedee\n|-activate|p2b: Indeedee|move: Psychic Terrain\n|move|p2a: Armarouge|Expanding Force|p1a: Palafin\n|-damage|p1a: Palafin|0 fnt\n|faint|p1a: Palafin\n|\n|win|VGCLTH skibidi\n|raw|Tilzy's rating: 1782 &rarr; <strong>1760<\/strong><br \/>(-22 for losing)\n|raw|VGCLTH skibidi's rating: 1741 &rarr; <strong>1763<\/strong><br \/>(+22 for winning)\n|l|\u2606Tilzy\n|player|p1|\n|c|\u2606VGCLTH skibidi|ggwp\n|c| babiwi bewey\u2714\ufe0f|you shoulda gone for it tho\n|c|\u2606VGCLTH skibidi|the leave disrespect\n|l| babiwi bewey\u2714\ufe0f\n|l| xclamation\n|l| Seaksos\n|l|\u2606VGCLTH skibidi\n|player|p2|\n","uploadtime":1731859533,"views":51,"formatid":"gen9vgc2024regh","rating":1760,"private":0,"password":null}