{"id":"gen9vgc2024regh-2245740574","format":"[Gen 9] VGC 2024 Reg H","players":["VGCLTH Python","por minha atendido"],"log":"|raw|<div class=\"broadcast-blue\"><strong>This battle is required to be public due to a player having a name starting with 'vgclth'.<\/div>\n|j|\u2606VGCLTH Python\n|j|\u2606por minha atendido\n|t:|1731871311\n|gametype|doubles\n|player|p1|VGCLTH Python|yellow|1691\n|player|p2|por minha atendido|102|1802\n|teamsize|p1|6\n|teamsize|p2|6\n|gen|9\n|tier|[Gen 9] VGC 2024 Reg H\n|rated|\n|rule|Species Clause: Limit one of each Pok\u00e9mon\n|rule|Item Clause: Limit 1 of each item\n|clearpoke\n|poke|p1|Baxcalibur, L50, M|\n|poke|p1|Sneasler, L50, F|\n|poke|p1|Magmar, L50, F|\n|poke|p1|Kingambit, L50, M|\n|poke|p1|Rillaboom, L50, M|\n|poke|p1|Dondozo, L50, M|\n|poke|p2|Annihilape, L50, M|\n|poke|p2|Delphox, L50, M|\n|poke|p2|Murkrow, L50, F|\n|poke|p2|Sneasler, L50, M|\n|poke|p2|Indeedee, L50, M|\n|poke|p2|Gholdengo, L50|\n|teampreview|4\n|j| Beepus Ultimate\n|\n|t:|1731871358\n|start\n|switch|p1a: Sneasler|Sneasler, L50, F|100\/100\n|switch|p1b: Baxcalibur|Baxcalibur, L50, M|100\/100\n|switch|p2a: Delphox|Delphox, L50, M|100\/100\n|switch|p2b: Sneasler|Sneasler, L50, M|100\/100\n|turn|1\n|inactive|Battle timer is ON: inactive players will automatically lose when time's up. (requested by por minha atendido)\n|\n|t:|1731871382\n|-terastallize|p1b: Baxcalibur|Ghost\n|move|p2b: Sneasler|Protect|p2b: Sneasler\n|-singleturn|p2b: Sneasler|Protect\n|move|p2a: Delphox|Protect|p2a: Delphox\n|-singleturn|p2a: Delphox|Protect\n|move|p1a: Sneasler|Coaching|p1b: Baxcalibur\n|-boost|p1b: Baxcalibur|atk|1\n|-boost|p1b: Baxcalibur|def|1\n|move|p1b: Baxcalibur|Scale Shot|p2b: Sneasler\n|-activate|p2b: Sneasler|move: Protect\n|\n|upkeep\n|turn|2\n|l| Beepus Ultimate\n|\n|t:|1731871403\n|move|p1b: Baxcalibur|Protect|p1b: Baxcalibur\n|-singleturn|p1b: Baxcalibur|Protect\n|move|p1a: Sneasler|Dire Claw|p2a: Delphox\n|-damage|p2a: Delphox|32\/100\n|-status|p2a: Delphox|par\n|move|p2b: Sneasler|Dire Claw|p1a: Sneasler\n|-resisted|p1a: Sneasler\n|-damage|p1a: Sneasler|60\/100\n|move|p2a: Delphox|Expanding Force|p1a: Sneasler\n|-supereffective|p1a: Sneasler\n|-damage|p1a: Sneasler|0 fnt\n|faint|p1a: Sneasler\n|-damage|p2a: Delphox|22\/100 par|[from] item: Life Orb\n|\n|upkeep\n|\n|t:|1731871426\n|switch|p1a: Dondozo|Dondozo, L50, M|100\/100\n|turn|3\n|\n|t:|1731871438\n|move|p2b: Sneasler|Protect|p2b: Sneasler\n|-singleturn|p2b: Sneasler|Protect\n|move|p1b: Baxcalibur|Scale Shot|p2a: Delphox\n|-damage|p2a: Delphox|0 fnt\n|faint|p2a: Delphox\n|-hitcount|p2: Delphox|1\n|-unboost|p1b: Baxcalibur|def|1\n|-boost|p1b: Baxcalibur|spe|1\n|move|p1a: Dondozo|Wave Crash|p2b: Sneasler\n|-activate|p2b: Sneasler|move: Protect\n|\n|upkeep\n|\n|t:|1731871449\n|switch|p2a: Indeedee|Indeedee, L50, M|100\/100\n|-fieldstart|move: Psychic Terrain|[from] ability: Psychic Surge|[of] p2a: Indeedee\n|-enditem|p2b: Sneasler|Psychic Seed\n|-boost|p2b: Sneasler|spd|1|[from] item: Psychic Seed\n|turn|4\n|\n|t:|1731871465\n|-terastallize|p2b: Sneasler|Stellar\n|move|p1b: Baxcalibur|Protect|p1b: Baxcalibur\n|-singleturn|p1b: Baxcalibur|Protect\n|move|p2b: Sneasler|Throat Chop|p1b: Baxcalibur\n|-activate|p1b: Baxcalibur|move: Protect\n|move|p2a: Indeedee|Expanding Force|p1b: Baxcalibur|[spread] p1a\n|-activate|p1b: Baxcalibur|move: Protect\n|-damage|p1a: Dondozo|56\/100\n|move|p1a: Dondozo|Wave Crash|p2b: Sneasler\n|-damage|p2b: Sneasler|24\/100\n|-damage|p1a: Dondozo|41\/100|[from] Recoil\n|\n|-heal|p1a: Dondozo|47\/100|[from] item: Leftovers\n|upkeep\n|turn|5\n|\n|t:|1731871478\n|switch|p1a: Rillaboom|Rillaboom, L50, M|100\/100\n|-fieldstart|move: Grassy Terrain|[from] ability: Grassy Surge|[of] p1a: Rillaboom\n|move|p1b: Baxcalibur|Ice Shard|p2b: Sneasler\n|-damage|p2b: Sneasler|0 fnt\n|faint|p2b: Sneasler\n|move|p2a: Indeedee|Expanding Force|p1b: Baxcalibur\n|-damage|p1b: Baxcalibur|60\/100\n|\n|-heal|p1b: Baxcalibur|65\/100|[from] Grassy Terrain\n|upkeep\n|\n|t:|1731871489\n|switch|p2b: Annihilape|Annihilape, L50, M|100\/100\n|turn|6\n|\n|t:|1731871508\n|move|p1a: Rillaboom|Fake Out|p2a: Indeedee\n|-damage|p2a: Indeedee|72\/100\n|move|p1b: Baxcalibur|Icicle Spear|p2a: Indeedee\n|-damage|p2a: Indeedee|23\/100\n|-damage|p2a: Indeedee|0 fnt\n|faint|p2a: Indeedee\n|-hitcount|p2: Indeedee|2\n|move|p2b: Annihilape|Close Combat|p1a: Rillaboom\n|-damage|p1a: Rillaboom|45\/100\n|-unboost|p2b: Annihilape|def|1\n|-unboost|p2b: Annihilape|spd|1\n|\n|-heal|p1b: Baxcalibur|71\/100|[from] Grassy Terrain\n|-heal|p1a: Rillaboom|51\/100|[from] Grassy Terrain\n|upkeep\n|turn|7\n|-message|por minha atendido forfeited.\n|\n|win|VGCLTH Python\n|raw|VGCLTH Python's rating: 1691 &rarr; <strong>1717<\/strong><br \/>(+26 for winning)\n|raw|por minha atendido's rating: 1802 &rarr; <strong>1776<\/strong><br \/>(-26 for losing)\n|l|\u2606por minha atendido\n|player|p2|\n","uploadtime":1731871748,"views":11,"formatid":"gen9vgc2024regh","rating":1717,"private":0,"password":null}