{"id":"gen9vgc2024regh-2245048761","format":"[Gen 9] VGC 2024 Reg H","players":["Gameplaya","thacrow"],"log":"|j|\u2606Gameplaya\n|j|\u2606thacrow\n|t:|1731769861\n|gametype|doubles\n|player|p1|Gameplaya|teamrocket|1708\n|player|p2|thacrow|wallace-masters|1732\n|teamsize|p1|6\n|teamsize|p2|6\n|gen|9\n|tier|[Gen 9] VGC 2024 Reg H\n|rated|\n|rule|Species Clause: Limit one of each Pok\u00e9mon\n|rule|Item Clause: Limit 1 of each item\n|clearpoke\n|poke|p1|Magmar, L50, F|\n|poke|p1|Murkrow, L50, M|\n|poke|p1|Ursaluna-Bloodmoon, L50, M|\n|poke|p1|Typhlosion-Hisui, L50, M|\n|poke|p1|Dragonite, L50, M|\n|poke|p1|Gyarados, L50, M|\n|poke|p2|Ceruledge, L50, F|\n|poke|p2|Gastrodon-East, L50, F|\n|poke|p2|Sneasler, L50, F|\n|poke|p2|Dragonite, L50, F|\n|poke|p2|Rillaboom, L50, F|\n|poke|p2|Kingambit, L50, M|\n|teampreview|4\n|inactive|Battle timer is ON: inactive players will automatically lose when time's up. (requested by Gameplaya)\n|inactive|Gameplaya has 60 seconds left.\n|j| Broccol1\n|\n|t:|1731769896\n|start\n|switch|p1a: Magmar|Magmar, L50, F|100\/100\n|switch|p1b: Ursaluna|Ursaluna-Bloodmoon, L50, M|100\/100\n|switch|p2a: Kidturtle|Sneasler, L50, F, shiny|100\/100\n|switch|p2b: Godlyreal|Kingambit, L50, M|100\/100\n|turn|1\n|\n|t:|1731769913\n|switch|p2b: Christian|Ceruledge, L50, F|100\/100\n|move|p1b: Ursaluna|Protect|p1b: Ursaluna\n|-singleturn|p1b: Ursaluna|Protect\n|move|p2a: Kidturtle|Close Combat|p1b: Ursaluna\n|-activate|p1b: Ursaluna|move: Protect\n|move|p1a: Magmar|Will-O-Wisp|p2b: Christian\n|-start|p2b: Christian|ability: Flash Fire\n|\n|upkeep\n|turn|2\n|\n|t:|1731769931\n|move|p2b: Christian|Protect|p2b: Christian\n|-singleturn|p2b: Christian|Protect\n|move|p1a: Magmar|Follow Me|p1a: Magmar\n|-singleturn|p1a: Magmar|move: Follow Me\n|move|p2a: Kidturtle|Coaching|p2b: Christian\n|-boost|p2b: Christian|atk|1\n|-boost|p2b: Christian|def|1\n|move|p1b: Ursaluna|Earth Power|p2b: Christian\n|-activate|p2b: Christian|move: Protect\n|\n|upkeep\n|turn|3\n|\n|t:|1731769946\n|-terastallize|p2b: Christian|Grass\n|move|p1a: Magmar|Follow Me|p1a: Magmar\n|-singleturn|p1a: Magmar|move: Follow Me\n|move|p2a: Kidturtle|Close Combat|p1a: Magmar\n|-damage|p1a: Magmar|57\/100\n|-unboost|p2a: Kidturtle|def|1\n|-unboost|p2a: Kidturtle|spd|1\n|-status|p2a: Kidturtle|brn|[from] ability: Flame Body|[of] p1a: Magmar\n|move|p2b: Christian|Bitter Blade|p1a: Magmar\n|-resisted|p1a: Magmar\n|-damage|p1a: Magmar|17\/100\n|move|p1b: Ursaluna|Blood Moon|p2b: Christian\n|-damage|p2b: Christian|0 fnt\n|faint|p2b: Christian\n|-damage|p1b: Ursaluna|91\/100|[from] item: Life Orb\n|\n|-damage|p2a: Kidturtle|95\/100 brn|[from] brn\n|upkeep\n|\n|t:|1731769953\n|switch|p2b: Main Flutter|Dragonite, L50, F, shiny|100\/100\n|turn|4\n|\n|t:|1731769973\n|move|p1a: Magmar|Follow Me|p1a: Magmar\n|-singleturn|p1a: Magmar|move: Follow Me\n|move|p2a: Kidturtle|Close Combat|p1a: Magmar\n|-damage|p1a: Magmar|0 fnt\n|-unboost|p2a: Kidturtle|def|1\n|-unboost|p2a: Kidturtle|spd|1\n|faint|p1a: Magmar\n|move|p2b: Main Flutter|Scale Shot|p1b: Ursaluna\n|-damage|p1b: Ursaluna|79\/100\n|-damage|p1b: Ursaluna|68\/100\n|-damage|p1b: Ursaluna|56\/100\n|-damage|p1b: Ursaluna|44\/100\n|-hitcount|p1b: Ursaluna|4\n|-unboost|p2b: Main Flutter|def|1\n|-boost|p2b: Main Flutter|spe|1\n|move|p1b: Ursaluna|Hyper Voice|p2b: Main Flutter|[spread] p2a,p2b\n|-damage|p2a: Kidturtle|0 fnt\n|-damage|p2b: Main Flutter|75\/100\n|faint|p2a: Kidturtle\n|-damage|p1b: Ursaluna|35\/100|[from] item: Life Orb\n|\n|upkeep\n|\n|t:|1731769993\n|switch|p2a: Godlyreal|Kingambit, L50, M|100\/100\n|switch|p1a: Gyarados|Gyarados, L50, M|100\/100\n|-ability|p1a: Gyarados|Intimidate|boost\n|-unboost|p2a: Godlyreal|atk|1\n|-ability|p2a: Godlyreal|Defiant|boost\n|-boost|p2a: Godlyreal|atk|2\n|-unboost|p2b: Main Flutter|atk|1\n|turn|5\n|inactive|Gameplaya has 30 seconds left.\n|\n|t:|1731770021\n|move|p1b: Ursaluna|Protect|p1b: Ursaluna\n|-singleturn|p1b: Ursaluna|Protect\n|move|p2b: Main Flutter|Low Kick|p1b: Ursaluna\n|-activate|p1b: Ursaluna|move: Protect\n|move|p1a: Gyarados|Thunder Wave|p2a: Godlyreal\n|-status|p2a: Godlyreal|par\n|move|p2a: Godlyreal|Kowtow Cleave|p1a: Gyarados\n|-damage|p1a: Gyarados|6\/100\n|-enditem|p1a: Gyarados|Sitrus Berry|[eat]\n|-heal|p1a: Gyarados|30\/100|[from] item: Sitrus Berry\n|\n|upkeep\n|turn|6\n|\n|t:|1731770040\n|switch|p1b: Typhlosion|Typhlosion-Hisui, L50, M|100\/100\n|-item|p2a: Godlyreal|Assault Vest|[from] ability: Frisk|[of] p1b: Typhlosion\n|-item|p2b: Main Flutter|Loaded Dice|[from] ability: Frisk|[of] p1b: Typhlosion\n|move|p2b: Main Flutter|Low Kick|p1b: Typhlosion\n|-immune|p1b: Typhlosion\n|move|p1a: Gyarados|Waterfall|p2a: Godlyreal\n|-damage|p2a: Godlyreal|69\/100 par\n|move|p2a: Godlyreal|Kowtow Cleave|p1b: Typhlosion\n|-supereffective|p1b: Typhlosion\n|-damage|p1b: Typhlosion|0 fnt\n|faint|p1b: Typhlosion\n|\n|upkeep\n|\n|t:|1731770056\n|switch|p1b: Ursaluna|Ursaluna-Bloodmoon, L50, M|35\/100\n|turn|7\n|\n|t:|1731770065\n|move|p1b: Ursaluna|Protect|p1b: Ursaluna\n|-singleturn|p1b: Ursaluna|Protect\n|move|p2a: Godlyreal|Sucker Punch||[still]\n|-fail|p2a: Godlyreal\n|move|p2b: Main Flutter|Scale Shot|p1a: Gyarados\n|-damage|p1a: Gyarados|18\/100\n|-damage|p1a: Gyarados|5\/100\n|-damage|p1a: Gyarados|0 fnt\n|faint|p1a: Gyarados\n|-hitcount|p1: Gyarados|3\n|-unboost|p2b: Main Flutter|def|1\n|-boost|p2b: Main Flutter|spe|1\n|\n|upkeep\n|turn|8\n|-message|Gameplaya forfeited.\n|\n|win|thacrow\n|raw|Gameplaya's rating: 1708 &rarr; <strong>1689<\/strong><br \/>(-19 for losing)\n|raw|thacrow's rating: 1732 &rarr; <strong>1751<\/strong><br \/>(+19 for winning)\n|l|\u2606Gameplaya\n|player|p1|\n|l|\u2606thacrow\n|player|p2|\n","uploadtime":1731770325,"views":10,"formatid":"gen9vgc2024regh","rating":1689,"private":0,"password":null}