{"id":"gen9vgc2024regh-2245745384","format":"[Gen 9] VGC 2024 Reg H","players":["VGCLTH lily","VGCLTH skibidi"],"log":"|raw|<div class=\"broadcast-blue\"><strong>This battle is required to be public due to a player having a name starting with 'vgclth'.<\/div>\n|j|\u2606VGCLTH lily\n|j|\u2606VGCLTH skibidi\n|t:|1731871872\n|gametype|doubles\n|player|p1|VGCLTH lily|akari|1667\n|player|p2|VGCLTH skibidi|piers-masters|1804\n|teamsize|p1|6\n|teamsize|p2|6\n|gen|9\n|tier|[Gen 9] VGC 2024 Reg H\n|rated|\n|rule|Species Clause: Limit one of each Pok\u00e9mon\n|rule|Item Clause: Limit 1 of each item\n|clearpoke\n|poke|p1|Baxcalibur, L50, F|\n|poke|p1|Dondozo, L50, M|\n|poke|p1|Kingambit, L50, M|\n|poke|p1|Rillaboom, L50, M|\n|poke|p1|Sneasler, L50, F|\n|poke|p1|Volcarona, L50, M|\n|poke|p2|Ceruledge, L50, M|\n|poke|p2|Gastrodon-East, L50, F|\n|poke|p2|Sneasler, L50, M|\n|poke|p2|Kingambit, L50, M|\n|poke|p2|Rillaboom, L50, F|\n|poke|p2|Dragonite, L50, F|\n|teampreview|4\n|inactive|Battle timer is ON: inactive players will automatically lose when time's up. (requested by VGCLTH skibidi)\n|inactive|VGCLTH lily has 60 seconds left.\n|\n|t:|1731871910\n|start\n|switch|p1a: Sneasler|Sneasler, L50, F|100\/100\n|switch|p1b: Kingambit|Kingambit, L50, M|100\/100\n|switch|p2a: Let's go gambling|Sneasler, L50, M|100\/100\n|switch|p2b: Imagine I miss lol|Dragonite, L50, F|100\/100\n|turn|1\n|inactive|VGCLTH lily has 30 seconds left.\n|inactive|VGCLTH lily has 20 seconds left.\n|\n|t:|1731871946\n|move|p1a: Sneasler|Protect|p1a: Sneasler\n|-singleturn|p1a: Sneasler|Protect\n|move|p1b: Kingambit|Protect|p1b: Kingambit\n|-singleturn|p1b: Kingambit|Protect\n|move|p2a: Let's go gambling|Close Combat|p1b: Kingambit\n|-activate|p1b: Kingambit|move: Protect\n|move|p2b: Imagine I miss lol|Scale Shot|p1a: Sneasler\n|-activate|p1a: Sneasler|move: Protect\n|\n|upkeep\n|turn|2\n|\n|t:|1731871957\n|-terastallize|p1a: Sneasler|Stellar\n|move|p1b: Kingambit|Sucker Punch|p2b: Imagine I miss lol\n|-damage|p2b: Imagine I miss lol|81\/100\n|move|p2a: Let's go gambling|Close Combat|p1b: Kingambit\n|-supereffective|p1b: Kingambit\n|-damage|p1b: Kingambit|0 fnt\n|-unboost|p2a: Let's go gambling|def|1\n|-unboost|p2a: Let's go gambling|spd|1\n|faint|p1b: Kingambit\n|move|p1a: Sneasler|Dire Claw|p2b: Imagine I miss lol\n|-damage|p2b: Imagine I miss lol|20\/100\n|-status|p2b: Imagine I miss lol|slp\n|cant|p2b: Imagine I miss lol|slp\n|\n|upkeep\n|\n|t:|1731871972\n|switch|p1b: Rillaboom|Rillaboom, L50, M|100\/100\n|-fieldstart|move: Grassy Terrain|[from] ability: Grassy Surge|[of] p1b: Rillaboom\n|turn|3\n|j| vgclth cuwutie\n|\n|t:|1731871994\n|move|p1a: Sneasler|Dire Claw|p2b: Imagine I miss lol\n|-damage|p2b: Imagine I miss lol|0 fnt\n|faint|p2b: Imagine I miss lol\n|move|p2a: Let's go gambling|Dire Claw|p1b: Rillaboom\n|-supereffective|p1b: Rillaboom\n|-damage|p1b: Rillaboom|16\/100\n|-status|p1b: Rillaboom|psn\n|move|p1b: Rillaboom|High Horsepower|p2a: Let's go gambling\n|-supereffective|p2a: Let's go gambling\n|-enditem|p2a: Let's go gambling|Focus Sash\n|-damage|p2a: Let's go gambling|1\/100\n|\n|-heal|p2a: Let's go gambling|7\/100|[from] Grassy Terrain\n|-heal|p1b: Rillaboom|22\/100 psn|[from] Grassy Terrain\n|-damage|p1b: Rillaboom|10\/100 psn|[from] psn\n|upkeep\n|\n|t:|1731872003\n|switch|p2b: Rizzler|Rillaboom, L50, F|100\/100\n|turn|4\n|j| Bohoennian\n|\n|t:|1731872016\n|-terastallize|p2b: Rizzler|Fire\n|move|p2b: Rizzler|Grassy Glide|p1b: Rillaboom\n|-resisted|p1b: Rillaboom\n|-damage|p1b: Rillaboom|0 fnt\n|faint|p1b: Rillaboom\n|move|p2a: Let's go gambling|Dire Claw|p1a: Sneasler\n|-resisted|p1a: Sneasler\n|-damage|p1a: Sneasler|66\/100\n|move|p1a: Sneasler|Dire Claw|p2a: Let's go gambling\n|-resisted|p2a: Let's go gambling\n|-damage|p2a: Let's go gambling|0 fnt\n|faint|p2a: Let's go gambling\n|\n|-heal|p1a: Sneasler|72\/100|[from] Grassy Terrain\n|upkeep\n|\n|t:|1731872023\n|switch|p2a: Joe Dog|Gastrodon-East, L50, F|100\/100\n|switch|p1b: Baxcalibur|Baxcalibur, L50, F|100\/100\n|turn|5\n|\n|t:|1731872034\n|move|p1a: Sneasler|Protect|p1a: Sneasler\n|-singleturn|p1a: Sneasler|Protect\n|move|p1b: Baxcalibur|Protect|p1b: Baxcalibur\n|-singleturn|p1b: Baxcalibur|Protect\n|move|p2a: Joe Dog|Protect|p2a: Joe Dog\n|-singleturn|p2a: Joe Dog|Protect\n|move|p2b: Rizzler|High Horsepower|p1a: Sneasler\n|-activate|p1a: Sneasler|move: Protect\n|\n|-heal|p1a: Sneasler|77\/100|[from] Grassy Terrain\n|upkeep\n|turn|6\n|\n|t:|1731872048\n|move|p1a: Sneasler|Close Combat|p2a: Joe Dog\n|-damage|p2a: Joe Dog|21\/100\n|-unboost|p1a: Sneasler|def|1\n|-unboost|p1a: Sneasler|spd|1\n|-enditem|p2a: Joe Dog|Sitrus Berry|[eat]\n|-heal|p2a: Joe Dog|45\/100|[from] item: Sitrus Berry\n|move|p1b: Baxcalibur|Icicle Spear|p2a: Joe Dog\n|-damage|p2a: Joe Dog|29\/100\n|-damage|p2a: Joe Dog|12\/100\n|-damage|p2a: Joe Dog|0 fnt\n|faint|p2a: Joe Dog\n|-hitcount|p2: Joe Dog|3\n|move|p2b: Rizzler|Wood Hammer|p1b: Baxcalibur\n|-resisted|p1b: Baxcalibur\n|-damage|p1b: Baxcalibur|52\/100\n|-damage|p2b: Rizzler|83\/100|[from] Recoil\n|\n|-heal|p1a: Sneasler|83\/100|[from] Grassy Terrain\n|-heal|p1b: Baxcalibur|58\/100|[from] Grassy Terrain\n|-heal|p2b: Rizzler|89\/100|[from] Grassy Terrain\n|upkeep\n|turn|7\n|\n|t:|1731872064\n|move|p1a: Sneasler|Protect|p1a: Sneasler\n|-singleturn|p1a: Sneasler|Protect\n|move|p1b: Baxcalibur|Protect|p1b: Baxcalibur\n|-singleturn|p1b: Baxcalibur|Protect\n|move|p2b: Rizzler|High Horsepower|p1a: Sneasler\n|-activate|p1a: Sneasler|move: Protect\n|\n|-heal|p1a: Sneasler|89\/100|[from] Grassy Terrain\n|-heal|p1b: Baxcalibur|65\/100|[from] Grassy Terrain\n|-heal|p2b: Rizzler|96\/100|[from] Grassy Terrain\n|-fieldend|move: Grassy Terrain\n|upkeep\n|turn|8\n|c|\u2606VGCLTH skibidi|why did you dire claw sleep me?\n|\n|t:|1731872076\n|move|p1a: Sneasler|Dire Claw|p2b: Rizzler\n|-damage|p2b: Rizzler|47\/100\n|-status|p2b: Rizzler|slp\n|move|p1b: Baxcalibur|Scale Shot|p2b: Rizzler\n|-damage|p2b: Rizzler|30\/100 slp\n|-damage|p2b: Rizzler|11\/100 slp\n|-damage|p2b: Rizzler|0 fnt\n|faint|p2b: Rizzler\n|-hitcount|p2: Rizzler|3\n|\n|win|VGCLTH lily\n|raw|VGCLTH lily's rating: 1667 &rarr; <strong>1695<\/strong><br \/>(+28 for winning)\n|raw|VGCLTH skibidi's rating: 1804 &rarr; <strong>1776<\/strong><br \/>(-28 for losing)\n|l|\u2606VGCLTH skibidi\n|player|p2|\n","uploadtime":1731872079,"views":25,"formatid":"gen9vgc2024regh","rating":1695,"private":0,"password":null}