{"id":"gen9vgc2024regh-2245685045","format":"[Gen 9] VGC 2024 Reg H","players":["vgclth papaneth","VGCLTH Bigfoot"],"log":"|j|\u2606vgclth papaneth\n|j|\u2606VGCLTH Bigfoot\n|t:|1731864733\n|gametype|doubles\n|player|p1|vgclth papaneth|rood|1750\n|player|p2|VGCLTH Bigfoot|falkner|1676\n|teamsize|p1|6\n|teamsize|p2|6\n|gen|9\n|tier|[Gen 9] VGC 2024 Reg H\n|rated|\n|rule|Species Clause: Limit one of each Pok\u00e9mon\n|rule|Item Clause: Limit 1 of each item\n|clearpoke\n|poke|p1|Tyranitar, L50, M|\n|poke|p1|Gengar, L50, M|\n|poke|p1|Kommo-o, L50, F|\n|poke|p1|Rillaboom, L50, F|\n|poke|p1|Annihilape, L50, M|\n|poke|p1|Whimsicott, L50, F|\n|poke|p2|Ceruledge, L50, M|\n|poke|p2|Gastrodon-East, L50, M|\n|poke|p2|Sneasler, L50, M|\n|poke|p2|Dragonite, L50, M|\n|poke|p2|Rillaboom, L50, F|\n|poke|p2|Kingambit, L50, M|\n|teampreview|4\n|inactive|Battle timer is ON: inactive players will automatically lose when time's up. (requested by vgclth papaneth)\n|inactive|vgclth papaneth has 60 seconds left.\n|\n|t:|1731864767\n|start\n|switch|p1a: Gengar|Gengar, L50, M|100\/100\n|switch|p1b: Annihilape|Annihilape, L50, M|100\/100\n|switch|p2a: Sneasler|Sneasler, L50, M, shiny|100\/100\n|switch|p2b: Kingambit|Kingambit, L50, M|100\/100\n|turn|1\n|\n|t:|1731864790\n|-terastallize|p2b: Kingambit|Flying\n|move|p1b: Annihilape|U-turn|p2a: Sneasler\n|-resisted|p2a: Sneasler\n|-damage|p2a: Sneasler|92\/100\n|\n|t:|1731864794\n|switch|p1b: Kommo-o|Kommo-o, L50, F|100\/100|[from] U-turn\n|move|p2a: Sneasler|Coaching|p2b: Kingambit\n|-boost|p2b: Kingambit|atk|1\n|-boost|p2b: Kingambit|def|1\n|move|p1a: Gengar|Shadow Ball|p2a: Sneasler\n|-damage|p2a: Sneasler|31\/100\n|move|p2b: Kingambit|Tera Blast|p1b: Kommo-o|[anim] Tera Blast Flying\n|-supereffective|p1b: Kommo-o\n|-damage|p1b: Kommo-o|0 fnt\n|faint|p1b: Kommo-o\n|\n|upkeep\n|\n|t:|1731864798\n|switch|p1b: Annihilape|Annihilape, L50, M|100\/100\n|turn|2\n|\n|t:|1731864808\n|move|p2b: Kingambit|Sucker Punch|p1b: Annihilape\n|-damage|p1b: Annihilape|41\/100\n|move|p1b: Annihilape|Final Gambit|p2b: Kingambit\n|-damage|p2b: Kingambit|57\/100\n|faint|p1b: Annihilape\n|move|p2a: Sneasler|Coaching|p2b: Kingambit\n|-boost|p2b: Kingambit|atk|1\n|-boost|p2b: Kingambit|def|1\n|move|p1a: Gengar|Shadow Ball|p2a: Sneasler\n|-damage|p2a: Sneasler|0 fnt\n|faint|p2a: Sneasler\n|\n|upkeep\n|\n|t:|1731864813\n|switch|p2a: Dragonite|Dragonite, L50, M|100\/100\n|switch|p1b: Tyranitar|Tyranitar, L50, M, shiny|100\/100\n|-weather|Sandstorm|[from] ability: Sand Stream|[of] p1b: Tyranitar\n|turn|3\n|\n|t:|1731864822\n|-terastallize|p1b: Tyranitar|Flying\n|move|p2b: Kingambit|Sucker Punch||[still]\n|-fail|p2b: Kingambit\n|move|p1a: Gengar|Haze|p1a: Gengar\n|-clearallboost\n|move|p2a: Dragonite|Low Kick|p1b: Tyranitar\n|-resisted|p1b: Tyranitar\n|-damage|p1b: Tyranitar|82\/100\n|move|p1b: Tyranitar|Rock Slide|p2b: Kingambit|[spread] p2a,p2b\n|-supereffective|p2a: Dragonite\n|-supereffective|p2b: Kingambit\n|-damage|p2a: Dragonite|65\/100\n|-damage|p2b: Kingambit|12\/100\n|\n|-weather|Sandstorm|[upkeep]\n|-damage|p1a: Gengar|95\/100|[from] Sandstorm\n|-damage|p2a: Dragonite|59\/100|[from] Sandstorm\n|-damage|p1b: Tyranitar|76\/100|[from] Sandstorm\n|-damage|p2b: Kingambit|6\/100|[from] Sandstorm\n|upkeep\n|turn|4\n|\n|t:|1731864833\n|move|p2b: Kingambit|Sucker Punch|p1b: Tyranitar\n|-damage|p1b: Tyranitar|43\/100\n|move|p1a: Gengar|Sludge Bomb|p2a: Dragonite\n|-damage|p2a: Dragonite|14\/100\n|-status|p2a: Dragonite|psn\n|move|p2a: Dragonite|Scale Shot|p1a: Gengar\n|-damage|p1a: Gengar|66\/100\n|-start|p2a: Dragonite|Disable|Scale Shot|[from] ability: Cursed Body|[of] p1a: Gengar\n|-damage|p1a: Gengar|37\/100\n|-damage|p1a: Gengar|11\/100\n|-damage|p1a: Gengar|0 fnt\n|faint|p1a: Gengar\n|-hitcount|p1: Gengar|4\n|-unboost|p2a: Dragonite|def|1\n|-boost|p2a: Dragonite|spe|1\n|move|p1b: Tyranitar|Rock Slide|p2a: Dragonite|[spread] p2a,p2b\n|-supereffective|p2a: Dragonite\n|-supereffective|p2b: Kingambit\n|-damage|p2a: Dragonite|0 fnt\n|-damage|p2b: Kingambit|0 fnt\n|faint|p2a: Dragonite\n|faint|p2b: Kingambit\n|\n|-weather|Sandstorm|[upkeep]\n|-damage|p1b: Tyranitar|37\/100|[from] Sandstorm\n|upkeep\n|j| thacrow\n|j| Peroquecuones\n|\n|t:|1731864846\n|switch|p2b: Joe Dog|Gastrodon-East, L50, M|100\/100\n|turn|5\n|j| vgclth cuwutie\n|\n|t:|1731864857\n|move|p1b: Tyranitar|Knock Off|p2b: Joe Dog\n|-damage|p2b: Joe Dog|49\/100\n|-enditem|p2b: Joe Dog|Sitrus Berry|[from] move: Knock Off|[of] p1b: Tyranitar\n|move|p2b: Joe Dog|Ice Beam|p1b: Tyranitar\n|-supereffective|p1b: Tyranitar\n|-damage|p1b: Tyranitar|11\/100\n|\n|-weather|Sandstorm|[upkeep]\n|-damage|p1b: Tyranitar|5\/100|[from] Sandstorm\n|upkeep\n|turn|6\n|\n|t:|1731864863\n|move|p2b: Joe Dog|Protect|p2b: Joe Dog\n|-singleturn|p2b: Joe Dog|Protect\n|move|p1b: Tyranitar|Tera Blast|p2b: Joe Dog|[anim] Tera Blast Flying\n|-activate|p2b: Joe Dog|move: Protect\n|\n|-weather|Sandstorm|[upkeep]\n|-damage|p1b: Tyranitar|0 fnt|[from] Sandstorm\n|faint|p1b: Tyranitar\n|\n|win|VGCLTH Bigfoot\n|upkeep\n|raw|vgclth papaneth's rating: 1750 &rarr; <strong>1726<\/strong><br \/>(-24 for losing)\n|raw|VGCLTH Bigfoot's rating: 1676 &rarr; <strong>1700<\/strong><br \/>(+24 for winning)\n|l|\u2606vgclth papaneth\n|player|p1|\n|l| thacrow\n|l|\u2606VGCLTH Bigfoot\n|player|p2|\n|l| Peroquecuones\n","uploadtime":1731865080,"views":10,"formatid":"gen9vgc2024regh","rating":1700,"private":0,"password":null}