{"id":"gen9vgc2024regh-2245485182","format":"[Gen 9] VGC 2024 Reg H","players":["spikemonkey76701","vgclthmagnetman"],"log":"|raw|<div class=\"broadcast-blue\"><strong>This battle is required to be public due to a player having a name starting with 'vgclth'.<\/div>\n|j|\u2606spikemonkey76701\n|j|\u2606vgclthmagnetman\n|t:|1731830560\n|gametype|doubles\n|player|p1|spikemonkey76701|swimmerf|1755\n|player|p2|vgclthmagnetman|102|1692\n|teamsize|p1|6\n|teamsize|p2|6\n|gen|9\n|tier|[Gen 9] VGC 2024 Reg H\n|rated|\n|rule|Species Clause: Limit one of each Pok\u00e9mon\n|rule|Item Clause: Limit 1 of each item\n|clearpoke\n|poke|p1|Primarina, L50, F|\n|poke|p1|Pelipper, L50, M|\n|poke|p1|Ursaluna, L50, F|\n|poke|p1|Archaludon, L50, M|\n|poke|p1|Sinistcha, L50|\n|poke|p1|Sneasler, L50, M|\n|poke|p2|Archaludon, L50, M|\n|poke|p2|Pelipper, L50, M|\n|poke|p2|Incineroar, L50, M|\n|poke|p2|Amoonguss, L50, M|\n|poke|p2|Gholdengo, L50|\n|poke|p2|Basculegion, L50, M|\n|teampreview|4\nvgclthmagnetman has agreed to open team sheets.\n|inactive|Battle timer is ON: inactive players will automatically lose when time's up. (requested by spikemonkey76701)\n|\n|t:|1731830589\n|start\n|switch|p1a: Sneasler|Sneasler, L50, M|100\/100\n|switch|p1b: Archaludon|Archaludon, L50, M|100\/100\n|switch|p2a: Archaludon|Archaludon, L50, M|100\/100\n|switch|p2b: Gholdengo|Gholdengo, L50|100\/100\n|turn|1\n|inactive|spikemonkey76701 has 30 seconds left.\n|\n|t:|1731830619\n|switch|p2a: Basculegion|Basculegion, L50, M|100\/100\n|-terastallize|p1a: Sneasler|Stellar\n|move|p1a: Sneasler|Close Combat|p2a: Basculegion\n|-immune|p2a: Basculegion\n|move|p2b: Gholdengo|Nasty Plot|p2b: Gholdengo\n|-boost|p2b: Gholdengo|spa|2\n|move|p1b: Archaludon|Electro Shot||[still]\n|-prepare|p1b: Archaludon|Electro Shot\n|-boost|p1b: Archaludon|spa|1\n|\n|upkeep\n|turn|2\n|j| god marty\n|\n|t:|1731830644\n|move|p1a: Sneasler|Throat Chop|p2a: Basculegion\n|-supereffective|p2a: Basculegion\n|-damage|p2a: Basculegion|0 fnt\n|faint|p2a: Basculegion\n|move|p2b: Gholdengo|Shadow Ball|p1b: Archaludon\n|-damage|p1b: Archaludon|46\/100\n|-unboost|p1b: Archaludon|spd|1\n|-ability|p1b: Archaludon|Stamina|boost\n|-boost|p1b: Archaludon|def|1\n|move|p1b: Archaludon|Electro Shot|p2b: Gholdengo|[from]lockedmove\n|-damage|p2b: Gholdengo|34\/100\n|\n|-heal|p2b: Gholdengo|40\/100|[from] item: Leftovers\n|upkeep\n|\n|t:|1731830652\n|switch|p2a: Archaludon|Archaludon, L50, M|100\/100\n|turn|3\n|l| god marty\n|\n|t:|1731830672\n|switch|p1b: Ursaluna|Ursaluna, L50, F|100\/100\n|-terastallize|p2a: Archaludon|Grass\n|move|p2b: Gholdengo|Protect|p2b: Gholdengo\n|-singleturn|p2b: Gholdengo|Protect\n|move|p1a: Sneasler|Throat Chop|p2b: Gholdengo\n|-activate|p2b: Gholdengo|move: Protect\n|move|p2a: Archaludon|Body Press|p1b: Ursaluna\n|-supereffective|p1b: Ursaluna\n|-damage|p1b: Ursaluna|68\/100\n|\n|-heal|p2b: Gholdengo|46\/100|[from] item: Leftovers\n|-status|p1b: Ursaluna|brn|[from] item: Flame Orb\n|upkeep\n|turn|4\n|inactive|spikemonkey76701 has 30 seconds left.\n|\n|t:|1731830698\n|move|p1b: Ursaluna|Protect|p1b: Ursaluna\n|-singleturn|p1b: Ursaluna|Protect\n|move|p1a: Sneasler|Throat Chop|p2b: Gholdengo\n|-supereffective|p2b: Gholdengo\n|-damage|p2b: Gholdengo|0 fnt\n|faint|p2b: Gholdengo\n|move|p2a: Archaludon|Draco Meteor|p1b: Ursaluna\n|-activate|p1b: Ursaluna|move: Protect\n|\n|-damage|p1b: Ursaluna|62\/100 brn|[from] brn\n|upkeep\n|\n|t:|1731830703\n|switch|p2b: Pelipper|Pelipper, L50, M|100\/100\n|-weather|RainDance|[from] ability: Drizzle|[of] p2b: Pelipper\n|turn|5\n|\n|t:|1731830725\n|move|p1a: Sneasler|Dire Claw|p2a: Archaludon\n|-supereffective|p2a: Archaludon\n|-damage|p2a: Archaludon|5\/100\n|-status|p2a: Archaludon|slp\n|-ability|p2a: Archaludon|Stamina|boost\n|-boost|p2a: Archaludon|def|1\n|move|p2b: Pelipper|Hurricane|p1a: Sneasler\n|-supereffective|p1a: Sneasler\n|-enditem|p1a: Sneasler|Focus Sash\n|-damage|p1a: Sneasler|1\/100\n|cant|p2a: Archaludon|slp\n|move|p1b: Ursaluna|Facade|p2b: Pelipper\n|-enditem|p2b: Pelipper|Focus Sash\n|-damage|p2b: Pelipper|1\/100\n|\n|-weather|RainDance|[upkeep]\n|-damage|p1b: Ursaluna|57\/100 brn|[from] brn\n|upkeep\n|turn|6\n|-message|vgclthmagnetman forfeited.\n|\n|win|spikemonkey76701\n|raw|spikemonkey76701's rating: 1755 &rarr; <strong>1771<\/strong><br \/>(+16 for winning)\n|raw|vgclthmagnetman's rating: 1692 &rarr; <strong>1676<\/strong><br \/>(-16 for losing)\n|l|\u2606vgclthmagnetman\n|player|p2|\n|l|\u2606spikemonkey76701\n|player|p1|\n","uploadtime":1731830964,"views":17,"formatid":"gen9vgc2024regh","rating":1676,"private":0,"password":null}