{"id":"gen9vgc2024regh-2245474561","format":"[Gen 9] VGC 2024 Reg H","players":["VGCLTH fangame","vgclthmagnetman"],"log":"|j|\u2606VGCLTH fangame\n|j|\u2606vgclthmagnetman\n|t:|1731828228\n|gametype|doubles\n|player|p1|VGCLTH fangame|red|1765\n|player|p2|vgclthmagnetman|102|1716\n|teamsize|p1|6\n|teamsize|p2|6\n|gen|9\n|tier|[Gen 9] VGC 2024 Reg H\n|rated|\n|rule|Species Clause: Limit one of each Pok\u00e9mon\n|rule|Item Clause: Limit 1 of each item\n|clearpoke\n|poke|p1|Glaceon, L50, F|\n|poke|p1|Ninetales-Alola, L50, F|\n|poke|p1|Milotic, L50, M|\n|poke|p1|Incineroar, L50, F|\n|poke|p1|Ursaluna-Bloodmoon, L50, M|\n|poke|p1|Annihilape, L50, F|\n|poke|p2|Archaludon, L50, F|\n|poke|p2|Pelipper, L50, M|\n|poke|p2|Incineroar, L50, M|\n|poke|p2|Amoonguss, L50, M|\n|poke|p2|Gholdengo, L50|\n|poke|p2|Basculegion, L50, M|\n|teampreview|4\n|inactive|Battle timer is ON: inactive players will automatically lose when time's up. (requested by VGCLTH fangame)\n|inactive|VGCLTH fangame has 60 seconds left.\n|inactive|vgclthmagnetman has 60 seconds left.\n|j| Therazer456\n|inactive|VGCLTH fangame has 30 seconds left.\n|\n|t:|1731828291\n|start\n|switch|p1a: Ninetales|Ninetales-Alola, L50, F, shiny|100\/100\n|switch|p1b: Annihilape|Annihilape, L50, F, shiny|100\/100\n|switch|p2a: Pelipper|Pelipper, L50, M|100\/100\n|switch|p2b: Basculegion|Basculegion, L50, M|100\/100\n|-weather|Snow|[from] ability: Snow Warning|[of] p1a: Ninetales\n|-weather|RainDance|[from] ability: Drizzle|[of] p2a: Pelipper\n|turn|1\n|inactive|vgclthmagnetman has 30 seconds left.\n|\n|t:|1731828317\n|switch|p1a: Milotic|Milotic, L50, M, shiny|100\/100\n|-terastallize|p2b: Basculegion|Water\n|move|p1b: Annihilape|Protect|p1b: Annihilape\n|-singleturn|p1b: Annihilape|Protect\n|move|p2b: Basculegion|Flip Turn|p1a: Milotic\n|-resisted|p1a: Milotic\n|-damage|p1a: Milotic|52\/100\n|\n|t:|1731828323\n|switch|p2b: Archaludon|Archaludon, L50, F|100\/100|[from] Flip Turn\n|move|p2a: Pelipper|Tailwind|p2a: Pelipper\n|-sidestart|p2: vgclthmagnetman|move: Tailwind\n|\n|-weather|RainDance|[upkeep]\n|upkeep\n|turn|2\n|\n|t:|1731828341\n|switch|p2a: Basculegion|Basculegion, L50, M, tera:Water|100\/100\n|switch|p1b: Ninetales|Ninetales-Alola, L50, F, shiny|100\/100\n|-weather|Snow|[from] ability: Snow Warning|[of] p1b: Ninetales\n|move|p2b: Archaludon|Electro Shot||[still]\n|-prepare|p2b: Archaludon|Electro Shot\n|-boost|p2b: Archaludon|spa|1\n|move|p1a: Milotic|Hypnosis|p2b: Archaludon\n|-status|p2b: Archaludon|slp|[from] move: Hypnosis\n|\n|-weather|Snow|[upkeep]\n|upkeep\n|turn|3\n|inactive|VGCLTH fangame has 30 seconds left.\n|\n|t:|1731828366\n|switch|p1b: Glaceon|Glaceon, L50, F, shiny|100\/100\n|move|p2a: Basculegion|Flip Turn|p1b: Glaceon\n|-damage|p1b: Glaceon|59\/100\n|\n|t:|1731828371\n|switch|p2a: Pelipper|Pelipper, L50, M|100\/100|[from] Flip Turn\n|-weather|RainDance|[from] ability: Drizzle|[of] p2a: Pelipper\n|cant|p2b: Archaludon|slp\n|move|p1a: Milotic|Hypnosis|p2a: Pelipper\n|-status|p2a: Pelipper|slp|[from] move: Hypnosis\n|\n|-weather|RainDance|[upkeep]\n|upkeep\n|turn|4\n|\n|t:|1731828377\n|switch|p1a: Ninetales|Ninetales-Alola, L50, F, shiny|100\/100\n|-weather|Snow|[from] ability: Snow Warning|[of] p1a: Ninetales\n|cant|p2a: Pelipper|slp\n|cant|p2b: Archaludon|slp\n|move|p1b: Glaceon|Blizzard|p2a: Pelipper|[spread] p2a,p2b\n|-enditem|p2a: Pelipper|Focus Sash\n|-damage|p2a: Pelipper|1\/100 slp\n|-damage|p2b: Archaludon|44\/100 slp\n|-ability|p2b: Archaludon|Stamina|boost\n|-boost|p2b: Archaludon|def|1\n|\n|-weather|Snow|[upkeep]\n|-sideend|p2: vgclthmagnetman|move: Tailwind\n|upkeep\n|turn|5\n|\n|t:|1731828385\n|move|p1a: Ninetales|Aurora Veil|p1a: Ninetales\n|-sidestart|p1: VGCLTH fangame|move: Aurora Veil\n|cant|p2a: Pelipper|slp\n|-curestatus|p2b: Archaludon|slp|[msg]\n|move|p2b: Archaludon|Body Press|p1b: Glaceon\n|-supereffective|p1b: Glaceon\n|-damage|p1b: Glaceon|31\/100\n|move|p1b: Glaceon|Blizzard|p2b: Archaludon|[spread] p2a,p2b\n|-damage|p2a: Pelipper|0 fnt\n|-damage|p2b: Archaludon|0 fnt\n|faint|p2a: Pelipper\n|faint|p2b: Archaludon\n|\n|-weather|Snow|[upkeep]\n|upkeep\n|-message|vgclthmagnetman forfeited.\n|\n|win|VGCLTH fangame\n|raw|VGCLTH fangame's rating: 1735 &rarr; <strong>1754<\/strong><br \/>(+19 for winning)\n|raw|vgclthmagnetman's rating: 1716 &rarr; <strong>1697<\/strong><br \/>(-19 for losing)\n|l|\u2606vgclthmagnetman\n|player|p2|\n|l|\u2606VGCLTH fangame\n|player|p1|\n|l| Therazer456\n","uploadtime":1731828615,"views":17,"formatid":"gen9vgc2024regh","rating":1697,"private":0,"password":null}