{"id":"gen9vgc2024regh-2245522613","format":"[Gen 9] VGC 2024 Reg H","players":["Djjwjwwjj","vgclth elowyn"],"log":"|raw|<div class=\"broadcast-blue\"><strong>This battle is required to be public due to a player having a name starting with 'vgclth'.<\/div>\n|j|\u2606Djjwjwwjj\n|j|\u2606vgclth elowyn\n|t:|1731839229\n|gametype|doubles\n|player|p1|Djjwjwwjj|1|1701\n|player|p2|vgclth elowyn|101|1742\n|teamsize|p1|6\n|teamsize|p2|6\n|gen|9\n|tier|[Gen 9] VGC 2024 Reg H\n|rated|\n|rule|Species Clause: Limit one of each Pok\u00e9mon\n|rule|Item Clause: Limit 1 of each item\n|clearpoke\n|poke|p1|Palafin, L50, F|\n|poke|p1|Incineroar, L50, M|\n|poke|p1|Amoonguss, L50, F|\n|poke|p1|Farigiraf, L50, F|\n|poke|p1|Archaludon, L50, M|\n|poke|p1|Pelipper, L50, M|\n|poke|p2|Chandelure, L50, M|\n|poke|p2|Sylveon, L50, M|\n|poke|p2|Talonflame, L50, M|\n|poke|p2|Dragapult, L50, F|\n|poke|p2|Electabuzz, L50, M|\n|poke|p2|Dragonite, L50, F|\n|teampreview|4\n|inactive|Battle timer is ON: inactive players will automatically lose when time's up. (requested by Djjwjwwjj)\n|inactive|Djjwjwwjj has 60 seconds left.\n|\n|t:|1731839269\n|start\n|switch|p1a: Pelipper|Pelipper, L50, M|100\/100\n|switch|p1b: Archaludon|Archaludon, L50, M|100\/100\n|switch|p2a: Ampere|Electabuzz, L50, M|100\/100\n|switch|p2b: Soullight|Chandelure, L50, M|100\/100\n|-weather|RainDance|[from] ability: Drizzle|[of] p1a: Pelipper\n|turn|1\n|\n|t:|1731839291\n|move|p2a: Ampere|Follow Me|p2a: Ampere\n|-singleturn|p2a: Ampere|move: Follow Me\n|move|p1a: Pelipper|U-turn|p2a: Ampere\n|-damage|p2a: Ampere|94\/100\n|\n|t:|1731839297\n|switch|p1a: Incineroar|Incineroar, L50, M|100\/100|[from] U-turn\n|-ability|p1a: Incineroar|Intimidate|boost\n|-unboost|p2a: Ampere|atk|1\n|-unboost|p2b: Soullight|atk|1\n|move|p2b: Soullight|Shadow Ball|p1a: Incineroar\n|-resisted|p1a: Incineroar\n|-damage|p1a: Incineroar|77\/100\n|move|p1b: Archaludon|Snarl|p2b: Soullight|[spread] p2a,p2b\n|-supereffective|p2b: Soullight\n|-damage|p2a: Ampere|83\/100\n|-damage|p2b: Soullight|58\/100\n|-unboost|p2a: Ampere|spa|1\n|-unboost|p2b: Soullight|spa|1\n|\n|-weather|RainDance|[upkeep]\n|upkeep\n|turn|2\n|\n|t:|1731839317\n|switch|p2b: MarcoFiaro|Talonflame, L50, M|100\/100\n|move|p2a: Ampere|Follow Me|p2a: Ampere\n|-singleturn|p2a: Ampere|move: Follow Me\n|move|p1b: Archaludon|Electro Shot||[still]\n|-prepare|p1b: Archaludon|Electro Shot\n|-boost|p1b: Archaludon|spa|1\n|-anim|p1b: Archaludon|Electro Shot|p2a: Ampere\n|-resisted|p2a: Ampere\n|-damage|p2a: Ampere|55\/100\n|move|p1a: Incineroar|Knock Off|p2a: Ampere\n|-damage|p2a: Ampere|25\/100\n|-enditem|p2a: Ampere|Eviolite|[from] move: Knock Off|[of] p1a: Incineroar\n|\n|-weather|RainDance|[upkeep]\n|upkeep\n|turn|3\n|\n|t:|1731839340\n|move|p2a: Ampere|Follow Me|p2a: Ampere\n|-singleturn|p2a: Ampere|move: Follow Me\n|move|p2b: MarcoFiaro|Sunny Day|p2b: MarcoFiaro\n|-weather|SunnyDay\n|move|p1b: Archaludon|Electro Shot||[still]\n|-prepare|p1b: Archaludon|Electro Shot\n|-boost|p1b: Archaludon|spa|1\n|move|p1a: Incineroar|Parting Shot|p2a: Ampere\n|-unboost|p2a: Ampere|atk|1\n|-unboost|p2a: Ampere|spa|1\n|\n|t:|1731839352\n|switch|p1a: Pelipper|Pelipper, L50, M|100\/100|[from] Parting Shot\n|-weather|RainDance|[from] ability: Drizzle|[of] p1a: Pelipper\n|\n|-weather|RainDance|[upkeep]\n|upkeep\n|turn|4\n|\n|t:|1731839371\n|move|p2a: Ampere|Follow Me|p2a: Ampere\n|-singleturn|p2a: Ampere|move: Follow Me\n|move|p2b: MarcoFiaro|Tailwind|p2b: MarcoFiaro\n|-sidestart|p2: vgclth elowyn|move: Tailwind\n|move|p1a: Pelipper|U-turn|p2a: Ampere\n|-damage|p2a: Ampere|15\/100\n|\n|t:|1731839380\n|switch|p1a: Palafin|Palafin, L50, F|100\/100|[from] U-turn\n|move|p1b: Archaludon|Electro Shot|p2a: Ampere|[from]lockedmove\n|-resisted|p2a: Ampere\n|-damage|p2a: Ampere|0 fnt\n|faint|p2a: Ampere\n|\n|-weather|RainDance|[upkeep]\n|upkeep\n|\n|t:|1731839391\n|switch|p2a: Moonlight|Sylveon, L50, M|100\/100\n|turn|5\n|\n|t:|1731839407\n|detailschange|p1a: Palafin|Palafin-Hero, L50, F\n|switch|p1a: Incineroar|Incineroar, L50, M|77\/100\n|-ability|p1a: Incineroar|Intimidate|boost\n|-unboost|p2a: Moonlight|atk|1\n|-unboost|p2b: MarcoFiaro|atk|1\n|-terastallize|p2a: Moonlight|Fairy\n|move|p2b: MarcoFiaro|Sunny Day|p2b: MarcoFiaro\n|-weather|SunnyDay\n|move|p2a: Moonlight|Hyper Beam|p1b: Archaludon\n|-damage|p1b: Archaludon|0 fnt\n|-mustrecharge|p2a: Moonlight\n|faint|p1b: Archaludon\n|\n|-weather|SunnyDay|[upkeep]\n|upkeep\n|\n|t:|1731839425\n|switch|p1b: Palafin|Palafin-Hero, L50, F|100\/100\n|-activate|p1b: Palafin|ability: Zero to Hero\n|turn|6\n|\n|t:|1731839441\n|-terastallize|p1b: Palafin|Water\n|move|p1a: Incineroar|Fake Out|p2b: MarcoFiaro\n|-damage|p2b: MarcoFiaro|80\/100\n|move|p2b: MarcoFiaro|Sunny Day||[still]\n|-fail|p2b: MarcoFiaro\n|cant|p2a: Moonlight|recharge\n|move|p1b: Palafin|Flip Turn|p2b: MarcoFiaro\n|-supereffective|p2b: MarcoFiaro\n|-damage|p2b: MarcoFiaro|0 fnt\n|faint|p2b: MarcoFiaro\n|\n|t:|1731839453\n|switch|p1b: Pelipper|Pelipper, L50, M|100\/100|[from] Flip Turn\n|-weather|RainDance|[from] ability: Drizzle|[of] p1b: Pelipper\n|\n|-weather|RainDance|[upkeep]\n|upkeep\n|\n|t:|1731839456\n|switch|p2b: Soullight|Chandelure, L50, M|58\/100\n|turn|7\n|\n|t:|1731839468\n|move|p2a: Moonlight|Hyper Beam|p1b: Pelipper\n|-damage|p1b: Pelipper|0 fnt\n|-mustrecharge|p2a: Moonlight\n|faint|p1b: Pelipper\n|move|p1a: Incineroar|Knock Off|p2b: Soullight\n|-supereffective|p2b: Soullight\n|-damage|p2b: Soullight|0 fnt\n|-enditem|p2b: Soullight|Focus Sash|[from] move: Knock Off|[of] p1a: Incineroar\n|faint|p2b: Soullight\n|\n|-weather|RainDance|[upkeep]\n|-sideend|p2: vgclth elowyn|move: Tailwind\n|upkeep\n|\n|t:|1731839479\n|switch|p1b: Palafin|Palafin-Hero, L50, F, tera:Water|100\/100\n|turn|8\n|inactive|vgclth elowyn has 30 seconds left.\n|inactive|vgclth elowyn has 20 seconds left.\n|inactive|vgclth elowyn has 15 seconds left.\n|inactive|vgclth elowyn has 10 seconds left.\n|\n|t:|1731839526\n|move|p1b: Palafin|Wave Crash|p2a: Moonlight\n|-damage|p2a: Moonlight|0 fnt\n|faint|p2a: Moonlight\n|-damage|p1b: Palafin|71\/100|[from] Recoil\n|\n|win|Djjwjwwjj\n|raw|Djjwjwwjj's rating: 1701 &rarr; <strong>1723<\/strong><br \/>(+22 for winning)\n|raw|vgclth elowyn's rating: 1742 &rarr; <strong>1720<\/strong><br \/>(-22 for losing)\n|l|\u2606Djjwjwwjj\n|player|p1|\n","uploadtime":1731839696,"views":17,"formatid":"gen9vgc2024regh","rating":1720,"private":0,"password":null}