{"id":"gen9vgc2024regh-2245149186","format":"[Gen 9] VGC 2024 Reg H","players":["vgclth elowyn","meotachuldong"],"log":"|raw|<div class=\"broadcast-blue\"><strong>This battle is required to be public due to a player having a name starting with 'vgclth'.<\/div>\n|j|\u2606vgclth elowyn\n|j|\u2606meotachuldong\n|t:|1731782797\n|gametype|doubles\n|player|p1|vgclth elowyn|266|1724\n|player|p2|meotachuldong|twins-gen4dp|1714\n|teamsize|p1|6\n|teamsize|p2|6\n|gen|9\n|tier|[Gen 9] VGC 2024 Reg H\n|rated|\n|rule|Species Clause: Limit one of each Pok\u00e9mon\n|rule|Item Clause: Limit 1 of each item\n|clearpoke\n|poke|p1|Dondozo, L50, M|\n|poke|p1|Tatsugiri, L50, M|\n|poke|p1|Dragonite, L50, M|\n|poke|p1|Gholdengo, L50|\n|poke|p1|Tyranitar, L50, F|\n|poke|p1|Murkrow, L50, F|\n|poke|p2|Ursaluna-Bloodmoon, L50, M|\n|poke|p2|Sneasler, L50, F|\n|poke|p2|Talonflame, L50, F|\n|poke|p2|Indeedee, L50, M|\n|poke|p2|Electabuzz, L50, M|\n|poke|p2|Dragonite, L50, F|\n|teampreview|4\n|\n|t:|1731782835\n|start\n|switch|p1a: Tyranitar|Tyranitar, L50, F|100\/100\n|switch|p1b: Dondozo|Dondozo, L50, M|100\/100\n|switch|p2a: Talonflame|Talonflame, L50, F, shiny|100\/100\n|switch|p2b: Ursaluna|Ursaluna-Bloodmoon, L50, M|100\/100\n|-weather|Sandstorm|[from] ability: Sand Stream|[of] p1a: Tyranitar\n|turn|1\n|inactive|Battle timer is ON: inactive players will automatically lose when time's up. (requested by vgclth elowyn)\n|\n|t:|1731782869\n|-terastallize|p2b: Ursaluna|Normal\n|move|p1b: Dondozo|Protect|p1b: Dondozo\n|-singleturn|p1b: Dondozo|Protect\n|move|p2a: Talonflame|Tailwind|p2a: Talonflame\n|-sidestart|p2: meotachuldong|move: Tailwind\n|move|p2b: Ursaluna|Hyper Voice|p1b: Dondozo|[spread] p1a\n|-activate|p1b: Dondozo|move: Protect\n|-resisted|p1a: Tyranitar\n|-crit|p1a: Tyranitar\n|-damage|p1a: Tyranitar|76\/100\n|-damage|p2b: Ursaluna|91\/100|[from] item: Life Orb\n|move|p1a: Tyranitar|Rock Slide|p2a: Talonflame|[spread] p2a,p2b\n|-supereffective|p2a: Talonflame\n|-crit|p2b: Ursaluna\n|-damage|p2a: Talonflame|0 fnt\n|-damage|p2b: Ursaluna|49\/100\n|faint|p2a: Talonflame\n|\n|-weather|Sandstorm|[upkeep]\n|-damage|p2b: Ursaluna|43\/100|[from] Sandstorm\n|-damage|p1b: Dondozo|94\/100|[from] Sandstorm\n|-heal|p1b: Dondozo|100\/100|[from] item: Leftovers\n|upkeep\n|\n|t:|1731782893\n|switch|p2a: Sneasler|Sneasler, L50, F, shiny|100\/100\n|turn|2\n|\n|t:|1731782906\n|switch|p1a: Tatsugiri|Tatsugiri, L50, M|100\/100\n|-activate|p1a: Tatsugiri|ability: Commander|[of] p1b: Dondozo\n|-boost|p1b: Dondozo|atk|2\n|-boost|p1b: Dondozo|spa|2\n|-boost|p1b: Dondozo|spe|2\n|-boost|p1b: Dondozo|def|2\n|-boost|p1b: Dondozo|spd|2\n|move|p2a: Sneasler|Protect|p2a: Sneasler\n|-singleturn|p2a: Sneasler|Protect\n|move|p2b: Ursaluna|Blood Moon|p1b: Dondozo\n|-damage|p1b: Dondozo|18\/100\n|-damage|p2b: Ursaluna|34\/100|[from] item: Life Orb\n|move|p1b: Dondozo|Earthquake|p2b: Ursaluna|[spread] p2b\n|-miss|p1b: Dondozo|p1a: Tatsugiri\n|-activate|p2a: Sneasler|move: Protect\n|-damage|p2b: Ursaluna|0 fnt\n|faint|p2b: Ursaluna\n|\n|-weather|Sandstorm|[upkeep]\n|-damage|p2a: Sneasler|95\/100|[from] Sandstorm\n|-damage|p1a: Tatsugiri|95\/100|[from] Sandstorm\n|-damage|p1b: Dondozo|12\/100|[from] Sandstorm\n|-heal|p1b: Dondozo|18\/100|[from] item: Leftovers\n|upkeep\n|\n|t:|1731782909\n|switch|p2b: Dragonite|Dragonite, L50, F|100\/100\n|turn|3\n|\n|t:|1731782926\n|move|p1b: Dondozo|Protect|p1b: Dondozo\n|-singleturn|p1b: Dondozo|Protect\n|move|p2a: Sneasler|Close Combat|p1b: Dondozo\n|-activate|p1b: Dondozo|move: Protect\n|move|p2b: Dragonite|Scale Shot|p1a: Tatsugiri|[miss]\n|-miss|p2b: Dragonite|p1a: Tatsugiri\n|\n|-weather|Sandstorm|[upkeep]\n|-damage|p2a: Sneasler|89\/100|[from] Sandstorm\n|-damage|p2b: Dragonite|95\/100|[from] Sandstorm\n|-damage|p1a: Tatsugiri|89\/100|[from] Sandstorm\n|-damage|p1b: Dondozo|12\/100|[from] Sandstorm\n|-heal|p1b: Dondozo|18\/100|[from] item: Leftovers\n|upkeep\n|turn|4\n|\n|t:|1731782935\n|move|p1b: Dondozo|Protect||[still]\n|-fail|p1b: Dondozo\n|move|p2a: Sneasler|Close Combat|p1b: Dondozo\n|-damage|p1b: Dondozo|0 fnt\n|-unboost|p2a: Sneasler|def|1\n|-unboost|p2a: Sneasler|spd|1\n|faint|p1b: Dondozo\n|move|p2b: Dragonite|Scale Shot|p1a: Tatsugiri\n|-supereffective|p1a: Tatsugiri\n|-damage|p1a: Tatsugiri|29\/100\n|-supereffective|p1a: Tatsugiri\n|-damage|p1a: Tatsugiri|0 fnt\n|faint|p1a: Tatsugiri\n|-hitcount|p1: Tatsugiri|2\n|-unboost|p2b: Dragonite|def|1\n|-boost|p2b: Dragonite|spe|1\n|\n|-weather|Sandstorm|[upkeep]\n|-damage|p2b: Dragonite|89\/100|[from] Sandstorm\n|-damage|p2a: Sneasler|83\/100|[from] Sandstorm\n|-sideend|p2: meotachuldong|move: Tailwind\n|upkeep\n|\n|t:|1731782941\n|switch|p1a: Gholdengo|Gholdengo, L50|100\/100\n|switch|p1b: Tyranitar|Tyranitar, L50, F|76\/100\n|turn|5\n|j| roccagamer4273.\n|\n|t:|1731782953\n|-terastallize|p1b: Tyranitar|Flying\n|move|p2b: Dragonite|Stomping Tantrum|p1a: Gholdengo\n|-supereffective|p1a: Gholdengo\n|-damage|p1a: Gholdengo|30\/100\n|move|p2a: Sneasler|Throat Chop|p1a: Gholdengo\n|-supereffective|p1a: Gholdengo\n|-crit|p1a: Gholdengo\n|-damage|p1a: Gholdengo|0 fnt\n|faint|p1a: Gholdengo\n|move|p1b: Tyranitar|Rock Slide|p2b: Dragonite|[spread] p2a,p2b\n|-resisted|p2a: Sneasler\n|-supereffective|p2b: Dragonite\n|-damage|p2a: Sneasler|38\/100\n|-damage|p2b: Dragonite|0 fnt\n|faint|p2b: Dragonite\n|\n|-weather|none\n|upkeep\n|turn|6\n|\n|t:|1731782964\n|move|p2a: Sneasler|Dire Claw|p1b: Tyranitar\n|-damage|p1b: Tyranitar|31\/100\n|move|p1b: Tyranitar|Tera Blast|p2a: Sneasler|[anim] Tera Blast Flying\n|-supereffective|p2a: Sneasler\n|-damage|p2a: Sneasler|0 fnt\n|faint|p2a: Sneasler\n|\n|win|vgclth elowyn\n|raw|vgclth elowyn's rating: 1724 &rarr; <strong>1743<\/strong><br \/>(+19 for winning)\n|raw|meotachuldong's rating: 1714 &rarr; <strong>1695<\/strong><br \/>(-19 for losing)\n|l|\u2606meotachuldong\n|player|p2|\n","uploadtime":1731783210,"views":13,"formatid":"gen9vgc2024regh","rating":1695,"private":0,"password":null}