{"id":"gen9vgc2024regh-2245587732","format":"[Gen 9] VGC 2024 Reg H","players":["Snorlax Double","badpiplupvgc"],"log":"|j|\u2606Snorlax Double\n|j|\u2606badpiplupvgc\n|t:|1731851657\n|gametype|doubles\n|player|p1|Snorlax Double|eusine|1642\n|player|p2|badpiplupvgc|265|1714\n|teamsize|p1|6\n|teamsize|p2|6\n|gen|9\n|tier|[Gen 9] VGC 2024 Reg H\n|rated|\n|rule|Species Clause: Limit one of each Pok\u00e9mon\n|rule|Item Clause: Limit 1 of each item\n|clearpoke\n|poke|p1|Archaludon, L50, M|\n|poke|p1|Pelipper, L50, M|\n|poke|p1|Sinistcha, L50|\n|poke|p1|Dragonite, L50, M|\n|poke|p1|Ursaluna, L50, M|\n|poke|p1|Gholdengo, L50|\n|poke|p2|Tyranitar, L50, F|\n|poke|p2|Excadrill, L50, F|\n|poke|p2|Indeedee-F, L50, F|\n|poke|p2|Armarouge, L50, F|\n|poke|p2|Sneasler, L50, M|\n|poke|p2|Milotic, L50, M|\n|teampreview|4\n|inactive|Battle timer is ON: inactive players will automatically lose when time's up. (requested by badpiplupvgc)\n|\n|t:|1731851700\n|start\n|switch|p1a: Gholdengo|Gholdengo, L50|100\/100\n|switch|p1b: Ursaluna|Ursaluna, L50, M|100\/100\n|switch|p2a: Indeedee|Indeedee-F, L50, F|100\/100\n|switch|p2b: Sneasler|Sneasler, L50, M|100\/100\n|-fieldstart|move: Psychic Terrain|[from] ability: Psychic Surge|[of] p2a: Indeedee\n|-enditem|p2b: Sneasler|Psychic Seed\n|-boost|p2b: Sneasler|spd|1|[from] item: Psychic Seed\n|turn|1\n|inactive|Snorlax Double has 30 seconds left.\n|\n|t:|1731851727\n|switch|p1a: Pelipper|Pelipper, L50, M|100\/100\n|-weather|RainDance|[from] ability: Drizzle|[of] p1a: Pelipper\n|-terastallize|p1b: Ursaluna|Ghost\n|move|p2a: Indeedee|Helping Hand|p2b: Sneasler\n|-singleturn|p2b: Sneasler|Helping Hand|[of] p2a: Indeedee\n|move|p2b: Sneasler|Throat Chop|p1a: Pelipper\n|-damage|p1a: Pelipper|45\/100\n|-start|p1a: Pelipper|Throat Chop|[silent]\n|move|p1b: Ursaluna|Earthquake|p2b: Sneasler|[spread] p2a,p2b\n|-immune|p1a: Pelipper\n|-supereffective|p2b: Sneasler\n|-damage|p2a: Indeedee|55\/100\n|-damage|p2b: Sneasler|0 fnt\n|faint|p2b: Sneasler\n|\n|-weather|RainDance|[upkeep]\n|-status|p1b: Ursaluna|brn|[from] item: Flame Orb\n|upkeep\n|\n|t:|1731851748\n|switch|p2b: Tyranitar|Tyranitar, L50, F, shiny|100\/100\n|-weather|Sandstorm|[from] ability: Sand Stream|[of] p2b: Tyranitar\n|turn|2\n|\n|t:|1731851772\n|switch|p1b: Archaludon|Archaludon, L50, M|100\/100\n|move|p2a: Indeedee|Helping Hand|p2b: Tyranitar\n|-singleturn|p2b: Tyranitar|Helping Hand|[of] p2a: Indeedee\n|move|p1a: Pelipper|Tailwind|p1a: Pelipper\n|-sidestart|p1: Snorlax Double|move: Tailwind\n|move|p2b: Tyranitar|Knock Off|p1b: Archaludon\n|-damage|p1b: Archaludon|51\/100\n|-ability|p1b: Archaludon|Stamina|boost\n|-boost|p1b: Archaludon|def|1\n|-enditem|p1b: Archaludon|Assault Vest|[from] move: Knock Off|[of] p2b: Tyranitar\n|\n|-weather|Sandstorm|[upkeep]\n|-damage|p1a: Pelipper|39\/100|[from] Sandstorm\n|-end|p1a: Pelipper|Throat Chop|[silent]\n|upkeep\n|turn|3\n|inactive|badpiplupvgc has 30 seconds left.\n|\n|t:|1731851798\n|switch|p1a: Gholdengo|Gholdengo, L50|100\/100\n|switch|p2a: Armarouge|Armarouge, L50, F, shiny|100\/100\n|-terastallize|p2b: Tyranitar|Flying\n|move|p1b: Archaludon|Body Press|p2b: Tyranitar\n|-resisted|p2b: Tyranitar\n|-crit|p2b: Tyranitar\n|-damage|p2b: Tyranitar|78\/100\n|move|p2b: Tyranitar|Knock Off|p1a: Gholdengo\n|-supereffective|p1a: Gholdengo\n|-damage|p1a: Gholdengo|0 fnt\n|-enditem|p1a: Gholdengo|Choice Scarf|[from] move: Knock Off|[of] p2b: Tyranitar\n|faint|p1a: Gholdengo\n|\n|-weather|Sandstorm|[upkeep]\n|-damage|p2a: Armarouge|94\/100|[from] Sandstorm\n|-damage|p2b: Tyranitar|72\/100|[from] Sandstorm\n|upkeep\n|\n|t:|1731851805\n|switch|p1a: Pelipper|Pelipper, L50, M|39\/100\n|-weather|RainDance|[from] ability: Drizzle|[of] p1a: Pelipper\n|turn|4\n|\n|t:|1731851823\n|switch|p2b: Indeedee|Indeedee-F, L50, F|55\/100\n|move|p2a: Armarouge|Protect|p2a: Armarouge\n|-singleturn|p2a: Armarouge|Protect\n|move|p1a: Pelipper|Muddy Water|p2b: Indeedee|[spread] \n|-activate|p2a: Armarouge|move: Protect\n|-miss|p1a: Pelipper|p2b: Indeedee\n|move|p1b: Archaludon|Electro Shot||[still]\n|-prepare|p1b: Archaludon|Electro Shot\n|-boost|p1b: Archaludon|spa|1\n|-anim|p1b: Archaludon|Electro Shot|p2a: Armarouge\n|-activate|p2a: Armarouge|move: Protect\n|\n|-weather|RainDance|[upkeep]\n|upkeep\n|turn|5\n|\n|t:|1731851842\n|move|p2b: Indeedee|Follow Me|p2b: Indeedee\n|-singleturn|p2b: Indeedee|move: Follow Me\n|move|p1a: Pelipper|Muddy Water|p2a: Armarouge|[spread] p2a,p2b\n|-supereffective|p2a: Armarouge\n|-damage|p2a: Armarouge|0 fnt\n|-damage|p2b: Indeedee|13\/100\n|-unboost|p2b: Indeedee|accuracy|1\n|faint|p2a: Armarouge\n|move|p1b: Archaludon|Snarl|p2b: Indeedee\n|-supereffective|p2b: Indeedee\n|-damage|p2b: Indeedee|0 fnt\n|faint|p2b: Indeedee\n|\n|-weather|RainDance|[upkeep]\n|-sideend|p1: Snorlax Double|move: Tailwind\n|-fieldend|move: Psychic Terrain\n|upkeep\n|-message|badpiplupvgc forfeited.\n|\n|win|Snorlax Double\n|raw|Snorlax Double's rating: 1642 &rarr; <strong>1666<\/strong><br \/>(+24 for winning)\n|raw|badpiplupvgc's rating: 1714 &rarr; <strong>1690<\/strong><br \/>(-24 for losing)\n|l|\u2606badpiplupvgc\n|player|p2|\n|l|\u2606Snorlax Double\n|player|p1|\n","uploadtime":1731852038,"views":10,"formatid":"gen9vgc2024regh","rating":1666,"private":0,"password":null}