{"id":"gen9vgc2024regh-2245725035","format":"[Gen 9] VGC 2024 Reg H","players":["K2G2","Zordor"],"log":"|j|\u2606K2G2\n|j|\u2606Zordor\n|t:|1731869506\n|gametype|doubles\n|player|p1|K2G2|169|1771\n|player|p2|Zordor|pilot|1772\n|teamsize|p1|6\n|teamsize|p2|6\n|gen|9\n|tier|[Gen 9] VGC 2024 Reg H\n|rated|\n|rule|Species Clause: Limit one of each Pok\u00e9mon\n|rule|Item Clause: Limit 1 of each item\n|clearpoke\n|poke|p1|Dragapult, L50, F|\n|poke|p1|Sneasler, L50, M|\n|poke|p1|Rillaboom, L50, F|\n|poke|p1|Kingambit, L50, F|\n|poke|p1|Magmar, L50, F|\n|poke|p1|Primarina, L50, M|\n|poke|p2|Rotom-Wash, L50|\n|poke|p2|Sneasler, L50, F|\n|poke|p2|Armarouge, L50, F|\n|poke|p2|Venusaur, L50, F|\n|poke|p2|Hydreigon, L50, M|\n|poke|p2|Scizor, L50, F|\n|teampreview|4\nK2G2 has agreed to open team sheets.\n|\n|t:|1731869575\n|start\n|switch|p1a: Kingambit|Kingambit, L50, F|100\/100\n|switch|p1b: Magmar|Magmar, L50, F|100\/100\n|switch|p2a: Sneasler|Sneasler, L50, F|100\/100\n|switch|p2b: Armarouge|Armarouge, L50, F|100\/100\n|turn|1\n|\n|t:|1731869600\n|-terastallize|p2b: Armarouge|Dark\n|move|p1b: Magmar|Protect|p1b: Magmar\n|-singleturn|p1b: Magmar|Protect\n|move|p1a: Kingambit|Protect|p1a: Kingambit\n|-singleturn|p1a: Kingambit|Protect\n|move|p2a: Sneasler|Dire Claw|p1b: Magmar\n|-activate|p1b: Magmar|move: Protect\n|move|p2b: Armarouge|Meteor Beam||[still]\n|-prepare|p2b: Armarouge|Meteor Beam\n|-boost|p2b: Armarouge|spa|1\n|-enditem|p2b: Armarouge|Power Herb\n|-anim|p2b: Armarouge|Meteor Beam|p1b: Magmar\n|-activate|p1b: Magmar|move: Protect\n|\n|upkeep\n|turn|2\n|\n|t:|1731869630\n|switch|p1a: Primarina|Primarina, L50, M|100\/100\n|move|p2a: Sneasler|Dire Claw|p1b: Magmar\n|-damage|p1b: Magmar|72\/100\n|move|p2b: Armarouge|Heat Wave|p1b: Magmar|[spread] p1a,p1b\n|-resisted|p1a: Primarina\n|-resisted|p1b: Magmar\n|-damage|p1a: Primarina|74\/100\n|-damage|p1b: Magmar|53\/100\n|move|p1b: Magmar|Will-O-Wisp|p2a: Sneasler\n|-status|p2a: Sneasler|brn\n|\n|-damage|p2a: Sneasler|94\/100 brn|[from] brn\n|upkeep\n|turn|3\n|\n|t:|1731869646\n|move|p2b: Armarouge|Protect|p2b: Armarouge\n|-singleturn|p2b: Armarouge|Protect\n|move|p1b: Magmar|Follow Me|p1b: Magmar\n|-singleturn|p1b: Magmar|move: Follow Me\n|move|p2a: Sneasler|Dire Claw|p1b: Magmar\n|-damage|p1b: Magmar|39\/100\n|move|p1a: Primarina|Moonblast|p2b: Armarouge\n|-activate|p2b: Armarouge|move: Protect\n|\n|-damage|p2a: Sneasler|88\/100 brn|[from] brn\n|upkeep\n|turn|4\n|\n|t:|1731869674\n|move|p1b: Magmar|Follow Me|p1b: Magmar\n|-singleturn|p1b: Magmar|move: Follow Me\n|move|p2a: Sneasler|Dire Claw|p1b: Magmar\n|-damage|p1b: Magmar|24\/100\n|move|p2b: Armarouge|Psychic|p1b: Magmar\n|-damage|p1b: Magmar|0 fnt\n|faint|p1b: Magmar\n|move|p1a: Primarina|Hyper Voice|p2a: Sneasler|[spread] p2a,p2b\n|-damage|p2a: Sneasler|37\/100 brn\n|-damage|p2b: Armarouge|59\/100\n|-enditem|p1a: Primarina|Throat Spray\n|-boost|p1a: Primarina|spa|1|[from] item: Throat Spray\n|\n|-damage|p2a: Sneasler|31\/100 brn|[from] brn\n|upkeep\n|\n|t:|1731869689\n|switch|p1b: Kingambit|Kingambit, L50, F|100\/100\n|turn|5\n|\n|t:|1731869695\n|move|p2b: Armarouge|Protect|p2b: Armarouge\n|-singleturn|p2b: Armarouge|Protect\n|move|p1b: Kingambit|Sucker Punch|p2a: Sneasler\n|-resisted|p2a: Sneasler\n|-damage|p2a: Sneasler|0 fnt\n|faint|p2a: Sneasler\n|move|p1a: Primarina|Moonblast|p2b: Armarouge\n|-activate|p2b: Armarouge|move: Protect\n|\n|upkeep\n|\n|t:|1731869705\n|switch|p2a: Scizor|Scizor, L50, F|100\/100\n|turn|6\n|j| patisaluzr\n|inactive|Battle timer is ON: inactive players will automatically lose when time's up. (requested by Zordor)\n|\n|t:|1731869761\n|-terastallize|p1b: Kingambit|Dark\n|move|p2b: Armarouge|Psychic|p1a: Primarina\n|-damage|p1a: Primarina|9\/100\n|move|p1a: Primarina|Moonblast|p2b: Armarouge\n|-supereffective|p2b: Armarouge\n|-damage|p2b: Armarouge|0 fnt\n|faint|p2b: Armarouge\n|move|p2a: Scizor|Brick Break|p1b: Kingambit\n|-supereffective|p1b: Kingambit\n|-damage|p1b: Kingambit|63\/100\n|move|p1b: Kingambit|Kowtow Cleave|p2a: Scizor\n|-crit|p2a: Scizor\n|-damage|p2a: Scizor|0 fnt\n|faint|p2a: Scizor\n|\n|upkeep\n|\n|t:|1731869773\n|switch|p2b: Venusaur|Venusaur, L50, F|100\/100\n|turn|7\n|\n|t:|1731869784\n|move|p1b: Kingambit|Sucker Punch|p2b: Venusaur\n|-damage|p2b: Venusaur|32\/100\n|move|p2b: Venusaur|Sludge Bomb|p1b: Kingambit\n|-damage|p1b: Kingambit|20\/100\n|move|p1a: Primarina|Moonblast|p2b: Venusaur\n|-resisted|p2b: Venusaur\n|-damage|p2b: Venusaur|0 fnt\n|faint|p2b: Venusaur\n|\n|win|K2G2\n|raw|K2G2's rating: 1771 &rarr; <strong>1791<\/strong><br \/>(+20 for winning)\n|raw|Zordor's rating: 1772 &rarr; <strong>1752<\/strong><br \/>(-20 for losing)\n|l|\u2606Zordor\n|player|p2|\n|l|\u2606K2G2\n|player|p1|\n","uploadtime":1731869941,"views":15,"formatid":"gen9vgc2024regh","rating":1752,"private":0,"password":null}