{"id":"gen9vgc2024regh-2245185483","format":"[Gen 9] VGC 2024 Reg H","players":["VGCLTH NOTREALVGC","ThiccestAppletun"],"log":"|raw|<div class=\"broadcast-blue\"><strong>This battle is required to be public due to a player having a name starting with 'vgclth'.<\/div>\n|j|\u2606VGCLTH NOTREALVGC\n|j|\u2606ThiccestAppletun\n|t:|1731787291\n|gametype|doubles\n|player|p1|VGCLTH NOTREALVGC|dawn|1750\n|player|p2|ThiccestAppletun|265|1719\n|teamsize|p1|6\n|teamsize|p2|6\n|gen|9\n|tier|[Gen 9] VGC 2024 Reg H\n|rated|\n|rule|Species Clause: Limit one of each Pok\u00e9mon\n|rule|Item Clause: Limit 1 of each item\n|clearpoke\n|poke|p1|Indeedee, L50, M|\n|poke|p1|Dondozo, L50, M|\n|poke|p1|Talonflame, L50, M|\n|poke|p1|Tatsugiri, L50, M|\n|poke|p1|Sneasler, L50, M|\n|poke|p1|Ursaluna-Bloodmoon, L50, M|\n|poke|p2|Dondozo, L50, M|\n|poke|p2|Tatsugiri, L50, F|\n|poke|p2|Pelipper, L50, F|\n|poke|p2|Archaludon, L50, F|\n|poke|p2|Rillaboom, L50, F|\n|poke|p2|Pawmot, L50, M|\n|teampreview|4\n|inactive|Battle timer is ON: inactive players will automatically lose when time's up. (requested by VGCLTH NOTREALVGC)\nVGCLTH NOTREALVGC has agreed to open team sheets.\n|inactive|ThiccestAppletun has 60 seconds left.\n|\n|t:|1731787322\n|start\n|switch|p1a: Dondozo|Dondozo, L50, M|100\/100\n|switch|p1b: Sneasler|Sneasler, L50, M|100\/100\n|switch|p2a: Pelipper|Pelipper, L50, F|100\/100\n|switch|p2b: Dondozo|Dondozo, L50, M|100\/100\n|-weather|RainDance|[from] ability: Drizzle|[of] p2a: Pelipper\n|turn|1\n|\n|t:|1731787340\n|switch|p1b: Tatsugiri|Tatsugiri, L50, M|100\/100\n|-activate|p1b: Tatsugiri|ability: Commander|[of] p1a: Dondozo\n|-boost|p1a: Dondozo|atk|2\n|-boost|p1a: Dondozo|spa|2\n|-boost|p1a: Dondozo|spe|2\n|-boost|p1a: Dondozo|def|2\n|-boost|p1a: Dondozo|spd|2\n|switch|p2a: Tatsugiri|Tatsugiri, L50, F|100\/100\n|-activate|p2a: Tatsugiri|ability: Commander|[of] p2b: Dondozo\n|-boost|p2b: Dondozo|atk|2\n|-boost|p2b: Dondozo|spa|2\n|-boost|p2b: Dondozo|spe|2\n|-boost|p2b: Dondozo|def|2\n|-boost|p2b: Dondozo|spd|2\n|-terastallize|p2b: Dondozo|Water\n|move|p1a: Dondozo|Order Up|p2a: Tatsugiri|[miss]\n|-miss|p1a: Dondozo|p2a: Tatsugiri\n|move|p2b: Dondozo|Surf|p1b: Tatsugiri|[spread] p1a\n|-miss|p2b: Dondozo|p2a: Tatsugiri\n|-miss|p2b: Dondozo|p1b: Tatsugiri\n|-resisted|p1a: Dondozo\n|-damage|p1a: Dondozo|69\/100\n|\n|-weather|RainDance|[upkeep]\n|-heal|p1a: Dondozo|75\/100|[from] item: Leftovers\n|upkeep\n|turn|2\n|\n|t:|1731787354\n|move|p1a: Dondozo|Protect|p1a: Dondozo\n|-singleturn|p1a: Dondozo|Protect\n|move|p2b: Dondozo|Surf|p1b: Tatsugiri|[spread] \n|-miss|p2b: Dondozo|p2a: Tatsugiri\n|-miss|p2b: Dondozo|p1b: Tatsugiri\n|-activate|p1a: Dondozo|move: Protect\n|\n|-weather|RainDance|[upkeep]\n|-heal|p1a: Dondozo|81\/100|[from] item: Leftovers\n|upkeep\n|turn|3\n|\n|t:|1731787360\n|move|p1a: Dondozo|Order Up|p2b: Dondozo\n|-crit|p2b: Dondozo\n|-damage|p2b: Dondozo|75\/100\n|-boost|p1a: Dondozo|atk|1\n|move|p2b: Dondozo|Surf|p1b: Tatsugiri|[spread] p1a\n|-miss|p2b: Dondozo|p2a: Tatsugiri\n|-miss|p2b: Dondozo|p1b: Tatsugiri\n|-resisted|p1a: Dondozo\n|-damage|p1a: Dondozo|49\/100\n|\n|-weather|RainDance|[upkeep]\n|-heal|p1a: Dondozo|55\/100|[from] item: Leftovers\n|upkeep\n|turn|4\n|\n|t:|1731787368\n|move|p1a: Dondozo|Protect|p1a: Dondozo\n|-singleturn|p1a: Dondozo|Protect\n|move|p2b: Dondozo|Surf|p1b: Tatsugiri|[spread] \n|-miss|p2b: Dondozo|p2a: Tatsugiri\n|-miss|p2b: Dondozo|p1b: Tatsugiri\n|-activate|p1a: Dondozo|move: Protect\n|\n|-weather|RainDance|[upkeep]\n|-heal|p1a: Dondozo|61\/100|[from] item: Leftovers\n|upkeep\n|turn|5\n|\n|t:|1731787371\n|move|p1a: Dondozo|Order Up|p2b: Dondozo\n|-crit|p2b: Dondozo\n|-damage|p2b: Dondozo|50\/100\n|-boost|p1a: Dondozo|atk|1\n|move|p2b: Dondozo|Surf|p1b: Tatsugiri|[spread] p1a\n|-miss|p2b: Dondozo|p2a: Tatsugiri\n|-miss|p2b: Dondozo|p1b: Tatsugiri\n|-resisted|p1a: Dondozo\n|-damage|p1a: Dondozo|26\/100\n|\n|-weather|none\n|-heal|p1a: Dondozo|32\/100|[from] item: Leftovers\n|upkeep\n|turn|6\n|\n|t:|1731787379\n|move|p1a: Dondozo|Protect|p1a: Dondozo\n|-singleturn|p1a: Dondozo|Protect\n|move|p2b: Dondozo|Surf|p1b: Tatsugiri|[spread] \n|-miss|p2b: Dondozo|p2a: Tatsugiri\n|-miss|p2b: Dondozo|p1b: Tatsugiri\n|-activate|p1a: Dondozo|move: Protect\n|\n|-heal|p1a: Dondozo|39\/100|[from] item: Leftovers\n|upkeep\n|turn|7\n|\n|t:|1731787382\n|move|p1a: Dondozo|Order Up|p2b: Dondozo\n|-damage|p2b: Dondozo|33\/100\n|-boost|p1a: Dondozo|atk|1\n|move|p2b: Dondozo|Surf|p1a: Dondozo|[spread] p1a\n|-miss|p2b: Dondozo|p2a: Tatsugiri\n|-miss|p2b: Dondozo|p1b: Tatsugiri\n|-resisted|p1a: Dondozo\n|-damage|p1a: Dondozo|18\/100\n|\n|-heal|p1a: Dondozo|24\/100|[from] item: Leftovers\n|upkeep\n|turn|8\n|\n|t:|1731787399\n|move|p1a: Dondozo|Protect|p1a: Dondozo\n|-singleturn|p1a: Dondozo|Protect\n|move|p2b: Dondozo|Surf|p1a: Dondozo|[spread] \n|-miss|p2b: Dondozo|p2a: Tatsugiri\n|-miss|p2b: Dondozo|p1b: Tatsugiri\n|-activate|p1a: Dondozo|move: Protect\n|\n|-heal|p1a: Dondozo|31\/100|[from] item: Leftovers\n|upkeep\n|turn|9\n|\n|t:|1731787401\n|move|p1a: Dondozo|Order Up|p2b: Dondozo\n|-damage|p2b: Dondozo|15\/100\n|-boost|p1a: Dondozo|atk|1\n|move|p2b: Dondozo|Surf|p1a: Dondozo|[spread] p1a\n|-miss|p2b: Dondozo|p2a: Tatsugiri\n|-miss|p2b: Dondozo|p1b: Tatsugiri\n|-resisted|p1a: Dondozo\n|-damage|p1a: Dondozo|9\/100\n|\n|-heal|p1a: Dondozo|16\/100|[from] item: Leftovers\n|upkeep\n|turn|10\n|\n|t:|1731787411\n|move|p1a: Dondozo|Protect|p1a: Dondozo\n|-singleturn|p1a: Dondozo|Protect\n|move|p2b: Dondozo|Surf|p1b: Tatsugiri|[spread] \n|-miss|p2b: Dondozo|p2a: Tatsugiri\n|-miss|p2b: Dondozo|p1b: Tatsugiri\n|-activate|p1a: Dondozo|move: Protect\n|\n|-heal|p1a: Dondozo|22\/100|[from] item: Leftovers\n|upkeep\n|turn|11\n|\n|t:|1731787415\n|move|p1a: Dondozo|Order Up|p2b: Dondozo\n|-damage|p2b: Dondozo|0 fnt\n|faint|p2b: Dondozo\n|-boost|p1a: Dondozo|atk|0\n|\n|-heal|p1a: Dondozo|28\/100|[from] item: Leftovers\n|upkeep\n|\n|t:|1731787420\n|switch|p2b: Pawmot|Pawmot, L50, M|100\/100\n|turn|12\n|\n|t:|1731787429\n|move|p2b: Pawmot|Fake Out|p1a: Dondozo\n|-damage|p1a: Dondozo|24\/100\n|move|p2a: Tatsugiri|Dragon Pulse|p1a: Dondozo\n|-damage|p1a: Dondozo|2\/100\n|cant|p1a: Dondozo|flinch\n|\n|-heal|p1a: Dondozo|8\/100|[from] item: Leftovers\n|upkeep\n|turn|13\n|\n|t:|1731787439\n|move|p2a: Tatsugiri|Dragon Pulse|p1b: Tatsugiri|[miss]\n|-miss|p2a: Tatsugiri|p1b: Tatsugiri\n|move|p1a: Dondozo|Earthquake|p2b: Pawmot|[spread] p2a,p2b\n|-miss|p1a: Dondozo|p1b: Tatsugiri\n|-supereffective|p2b: Pawmot\n|-damage|p2a: Tatsugiri|0 fnt\n|-enditem|p2b: Pawmot|Focus Sash\n|-damage|p2b: Pawmot|1\/100\n|faint|p2a: Tatsugiri\n|move|p2b: Pawmot|Double Shock|p1a: Dondozo\n|-supereffective|p1a: Dondozo\n|-damage|p1a: Dondozo|0 fnt\n|-start|p2b: Pawmot|typechange|???\/Fighting|[from] move: Double Shock\n|faint|p1a: Dondozo\n|\n|upkeep\n|\n|t:|1731787446\n|switch|p2a: Pelipper|Pelipper, L50, F|100\/100\n|switch|p1a: Indeedee|Indeedee, L50, M|100\/100\n|-fieldstart|move: Psychic Terrain|[from] ability: Psychic Surge|[of] p1a: Indeedee\n|-weather|RainDance|[from] ability: Drizzle|[of] p2a: Pelipper\n|turn|14\n|\n|t:|1731787457\n|move|p1b: Tatsugiri|Dragon Pulse|p2b: Pawmot\n|-damage|p2b: Pawmot|0 fnt\n|faint|p2b: Pawmot\n|move|p1a: Indeedee|Expanding Force|p2a: Pelipper\n|-damage|p2a: Pelipper|0 fnt\n|faint|p2a: Pelipper\n|\n|win|VGCLTH NOTREALVGC\n|raw|VGCLTH NOTREALVGC's rating: 1750 &rarr; <strong>1768<\/strong><br \/>(+18 for winning)\n|raw|ThiccestAppletun's rating: 1719 &rarr; <strong>1701<\/strong><br \/>(-18 for losing)\n|j| Bohoennian\n|l|\u2606ThiccestAppletun\n|player|p2|\n|l| Bohoennian\n|l|\u2606VGCLTH NOTREALVGC\n|player|p1|\n|j| VGCLTH TnB\n","uploadtime":1731787651,"views":15,"formatid":"gen9vgc2024regh","rating":1701,"private":0,"password":null}