{"id":"gen9vgc2024regh-2245469659","format":"[Gen 9] VGC 2024 Reg H","players":["VGCLTH fangame","kintamamaruzero"],"log":"|raw|<div class=\"broadcast-blue\"><strong>This battle is required to be public due to a player having a name starting with 'vgclth'.<\/div>\n|j|\u2606VGCLTH fangame\n|j|\u203dkintamamaruzero\n|t:|1731827191\n|gametype|doubles\n|player|p1|VGCLTH fangame|red|1753\n|player|p2|kintamamaruzero|lucas|1752\n|teamsize|p1|6\n|teamsize|p2|6\n|gen|9\n|tier|[Gen 9] VGC 2024 Reg H\n|rated|\n|rule|Species Clause: Limit one of each Pok\u00e9mon\n|rule|Item Clause: Limit 1 of each item\n|clearpoke\n|poke|p1|Glaceon, L50, F|\n|poke|p1|Ninetales-Alola, L50, F|\n|poke|p1|Milotic, L50, M|\n|poke|p1|Incineroar, L50, F|\n|poke|p1|Ursaluna-Bloodmoon, L50, M|\n|poke|p1|Annihilape, L50, F|\n|poke|p2|Clefable, L50, M|\n|poke|p2|Gholdengo, L50|\n|poke|p2|Annihilape, L50, F|\n|poke|p2|Kilowattrel, L50, F|\n|poke|p2|Garchomp, L50, F|\n|poke|p2|Tyranitar, L50, F|\n|teampreview|4\n|inactive|Battle timer is ON: inactive players will automatically lose when time's up. (requested by VGCLTH fangame)\n|inactive|kintamamaruzero has 60 seconds left.\n|inactive|VGCLTH fangame has 60 seconds left.\n|\n|t:|1731827240\n|start\n|switch|p1a: Ninetales|Ninetales-Alola, L50, F, shiny|100\/100\n|switch|p1b: Annihilape|Annihilape, L50, F, shiny|100\/100\n|switch|p2a: Kilowattrel|Kilowattrel, L50, F|100\/100\n|switch|p2b: Garchomp|Garchomp, L50, F|100\/100\n|-weather|Snow|[from] ability: Snow Warning|[of] p1a: Ninetales\n|turn|1\n|\n|t:|1731827265\n|switch|p2a: Tyranitar|Tyranitar, L50, F|100\/100\n|-weather|Sandstorm|[from] ability: Sand Stream|[of] p2a: Tyranitar\n|move|p2b: Garchomp|Protect|p2b: Garchomp\n|-singleturn|p2b: Garchomp|Protect\n|move|p1a: Ninetales|Blizzard|p2b: Garchomp|[spread] p2a\n|-activate|p2b: Garchomp|move: Protect\n|-damage|p2a: Tyranitar|87\/100\n|move|p1b: Annihilape|Bulk Up|p1b: Annihilape\n|-boost|p1b: Annihilape|atk|1\n|-boost|p1b: Annihilape|def|1\n|\n|-weather|Sandstorm|[upkeep]\n|-damage|p1a: Ninetales|95\/100|[from] Sandstorm\n|-damage|p1b: Annihilape|95\/100|[from] Sandstorm\n|-heal|p1b: Annihilape|100\/100|[from] item: Leftovers\n|upkeep\n|turn|2\n|inactive|VGCLTH fangame has 30 seconds left.\n|inactive|kintamamaruzero has 30 seconds left.\n|inactive|kintamamaruzero has 20 seconds left.\n|inactive|VGCLTH fangame has 20 seconds left.\n|inactive|kintamamaruzero has 15 seconds left.\n|inactive|kintamamaruzero has 10 seconds left.\n|\n|t:|1731827314\n|switch|p2a: Gholdengo|Gholdengo, L50|100\/100\n|-terastallize|p2b: Garchomp|Steel\n|-terastallize|p1b: Annihilape|Electric\n|move|p1a: Ninetales|Blizzard|p2a: Gholdengo|[spread] p2a,p2b\n|-resisted|p2a: Gholdengo\n|-resisted|p2b: Garchomp\n|-damage|p2a: Gholdengo|84\/100\n|-damage|p2b: Garchomp|84\/100\n|move|p2b: Garchomp|Stomping Tantrum|p1a: Ninetales\n|-damage|p1a: Ninetales|17\/100\n|-damage|p2b: Garchomp|74\/100|[from] item: Life Orb\n|move|p1b: Annihilape|Drain Punch|p2a: Gholdengo\n|-immune|p2a: Gholdengo\n|\n|-weather|Sandstorm|[upkeep]\n|-damage|p1a: Ninetales|12\/100|[from] Sandstorm\n|-damage|p1b: Annihilape|95\/100|[from] Sandstorm\n|-heal|p1b: Annihilape|100\/100|[from] item: Leftovers\n|upkeep\n|turn|3\n|inactive|kintamamaruzero has 30 seconds left.\n|\n|t:|1731827344\n|switch|p1a: Incineroar|Incineroar, L50, F, shiny|100\/100\n|-ability|p1a: Incineroar|Intimidate|boost\n|-unboost|p2a: Gholdengo|atk|1\n|-unboost|p2b: Garchomp|atk|1\n|move|p2b: Garchomp|Protect|p2b: Garchomp\n|-singleturn|p2b: Garchomp|Protect\n|move|p1b: Annihilape|Bulk Up|p1b: Annihilape\n|-boost|p1b: Annihilape|atk|1\n|-boost|p1b: Annihilape|def|1\n|move|p2a: Gholdengo|Shadow Ball|p1a: Incineroar\n|-resisted|p1a: Incineroar\n|-damage|p1a: Incineroar|82\/100\n|\n|-weather|Sandstorm|[upkeep]\n|-damage|p1b: Annihilape|95\/100|[from] Sandstorm\n|-damage|p1a: Incineroar|76\/100|[from] Sandstorm\n|-heal|p1b: Annihilape|100\/100|[from] item: Leftovers\n|upkeep\n|turn|4\n|inactive|kintamamaruzero has 30 seconds left.\n|\n|t:|1731827371\n|switch|p2b: Kilowattrel|Kilowattrel, L50, F|100\/100\n|move|p1b: Annihilape|Drain Punch|p2b: Kilowattrel\n|-resisted|p2b: Kilowattrel\n|-damage|p2b: Kilowattrel|48\/100\n|move|p2a: Gholdengo|Shadow Ball|p1b: Annihilape\n|-damage|p1b: Annihilape|61\/100\n|move|p1a: Incineroar|Knock Off|p2a: Gholdengo\n|-supereffective|p2a: Gholdengo\n|-damage|p2a: Gholdengo|0 fnt\n|-enditem|p2a: Gholdengo|Metal Coat|[from] move: Knock Off|[of] p1a: Incineroar\n|faint|p2a: Gholdengo\n|\n|-weather|Sandstorm|[upkeep]\n|-damage|p2b: Kilowattrel|42\/100|[from] Sandstorm\n|-damage|p1b: Annihilape|55\/100|[from] Sandstorm\n|-damage|p1a: Incineroar|70\/100|[from] Sandstorm\n|-heal|p1b: Annihilape|61\/100|[from] item: Leftovers\n|upkeep\n|\n|t:|1731827382\n|switch|p2a: Garchomp|Garchomp, L50, F, tera:Steel|74\/100\n|turn|5\n|\n|t:|1731827400\n|switch|p1a: Ninetales|Ninetales-Alola, L50, F, shiny|12\/100\n|-weather|Snow|[from] ability: Snow Warning|[of] p1a: Ninetales\n|move|p1b: Annihilape|Protect|p1b: Annihilape\n|-singleturn|p1b: Annihilape|Protect\n|move|p2b: Kilowattrel|Tailwind|p2b: Kilowattrel\n|-sidestart|p2: kintamamaruzero|move: Tailwind\n|move|p2a: Garchomp|Earthquake|p1b: Annihilape|[spread] p1a\n|-activate|p1b: Annihilape|move: Protect\n|-immune|p2b: Kilowattrel\n|-damage|p1a: Ninetales|0 fnt\n|faint|p1a: Ninetales\n|-damage|p2a: Garchomp|64\/100|[from] item: Life Orb\n|\n|-weather|Snow|[upkeep]\n|-heal|p1b: Annihilape|67\/100|[from] item: Leftovers\n|upkeep\n|\n|t:|1731827402\n|switch|p1a: Incineroar|Incineroar, L50, F, shiny|70\/100\n|-ability|p1a: Incineroar|Intimidate|boost\n|-unboost|p2a: Garchomp|atk|1\n|-unboost|p2b: Kilowattrel|atk|1\n|-ability|p2b: Kilowattrel|Competitive|boost\n|-boost|p2b: Kilowattrel|spa|2\n|-enditem|p1a: Incineroar|Mirror Herb\n|-boost|p1a: Incineroar|spa|2|[from] item: Mirror Herb\n|turn|6\n|inactive|kintamamaruzero has 30 seconds left.\n|inactive|VGCLTH fangame has 30 seconds left.\n|inactive|kintamamaruzero has 20 seconds left.\n|inactive|kintamamaruzero has 15 seconds left.\n|inactive|kintamamaruzero has 10 seconds left.\n|inactive|kintamamaruzero has 5 seconds left.\n|\n|t:|1731827453\n|switch|p2b: Tyranitar|Tyranitar, L50, F|87\/100\n|-weather|Sandstorm|[from] ability: Sand Stream|[of] p2b: Tyranitar\n|move|p2a: Garchomp|Protect|p2a: Garchomp\n|-singleturn|p2a: Garchomp|Protect\n|move|p1a: Incineroar|Fake Out|p2b: Tyranitar\n|-resisted|p2b: Tyranitar\n|-damage|p2b: Tyranitar|81\/100\n|move|p1b: Annihilape|Drain Punch|p2a: Garchomp\n|-activate|p2a: Garchomp|move: Protect\n|\n|-weather|Sandstorm|[upkeep]\n|-damage|p1b: Annihilape|61\/100|[from] Sandstorm\n|-damage|p1a: Incineroar|64\/100|[from] Sandstorm\n|-heal|p1b: Annihilape|67\/100|[from] item: Leftovers\n|upkeep\n|turn|7\n|inactive|kintamamaruzero has 30 seconds left.\n|inactive|kintamamaruzero has 20 seconds left.\n|\n|t:|1731827491\n|switch|p1a: Ursaluna|Ursaluna-Bloodmoon, L50, M|100\/100\n|move|p2a: Garchomp|Earthquake|p1b: Annihilape|[spread] p2b,p1a,p1b\n|-supereffective|p2b: Tyranitar\n|-supereffective|p1b: Annihilape\n|-damage|p2b: Tyranitar|23\/100\n|-damage|p1a: Ursaluna|77\/100\n|-damage|p1b: Annihilape|34\/100\n|-damage|p2a: Garchomp|54\/100|[from] item: Life Orb\n|move|p2b: Tyranitar|Knock Off|p1b: Annihilape\n|-damage|p1b: Annihilape|6\/100\n|-enditem|p1b: Annihilape|Leftovers|[from] move: Knock Off|[of] p2b: Tyranitar\n|move|p1b: Annihilape|Drain Punch|p2a: Garchomp|[miss]\n|-miss|p1b: Annihilape|p2a: Garchomp\n|\n|-weather|Sandstorm|[upkeep]\n|-damage|p1b: Annihilape|0 fnt|[from] Sandstorm\n|faint|p1b: Annihilape\n|upkeep\n|\n|t:|1731827497\n|switch|p1b: Incineroar|Incineroar, L50, F, shiny|64\/100\n|-ability|p1b: Incineroar|Intimidate|boost\n|-unboost|p2a: Garchomp|atk|1\n|-unboost|p2b: Tyranitar|atk|1\n|turn|8\n|j| sevenstarsvgc\n|inactive|kintamamaruzero has 30 seconds left.\n|\n|t:|1731827529\n|switch|p2a: Kilowattrel|Kilowattrel, L50, F|42\/100\n|move|p1a: Ursaluna|Vacuum Wave|p2b: Tyranitar\n|-supereffective|p2b: Tyranitar\n|-damage|p2b: Tyranitar|0 fnt\n|faint|p2b: Tyranitar\n|move|p1b: Incineroar|Flare Blitz|p2a: Kilowattrel\n|-damage|p2a: Kilowattrel|0 fnt\n|faint|p2a: Kilowattrel\n|-damage|p1b: Incineroar|54\/100|[from] Recoil\n|\n|-weather|Sandstorm|[upkeep]\n|-damage|p1b: Incineroar|48\/100|[from] Sandstorm\n|-sideend|p2: kintamamaruzero|move: Tailwind\n|upkeep\n|\n|t:|1731827541\n|switch|p2b: Garchomp|Garchomp, L50, F, tera:Steel|54\/100\n|turn|9\n|\n|t:|1731827548\n|move|p2b: Garchomp|Earthquake|p1b: Incineroar|[spread] p1a,p1b\n|-supereffective|p1b: Incineroar\n|-damage|p1a: Ursaluna|34\/100\n|-damage|p1b: Incineroar|0 fnt\n|faint|p1b: Incineroar\n|-damage|p2b: Garchomp|44\/100|[from] item: Life Orb\n|move|p1a: Ursaluna|Earth Power|p2b: Garchomp\n|-supereffective|p2b: Garchomp\n|-damage|p2b: Garchomp|0 fnt\n|faint|p2b: Garchomp\n|\n|win|VGCLTH fangame\n|raw|VGCLTH fangame's rating: 1753 &rarr; <strong>1773<\/strong><br \/>(+20 for winning)\n|raw|kintamamaruzero's rating: 1752 &rarr; <strong>1732<\/strong><br \/>(-20 for losing)\n|l|\u2606VGCLTH fangame\n|player|p1|\n|l|\u203dkintamamaruzero\n|player|p2|\n|l| sevenstarsvgc\n","uploadtime":1731827787,"views":10,"formatid":"gen9vgc2024regh","rating":1732,"private":0,"password":null}