{"id":"gen9vgc2024regh-2245273787","format":"[Gen 9] VGC 2024 Reg H","players":["ArcheopsLugiaVSTAR","VGCLTH low laddr"],"log":"|raw|<div class=\"broadcast-blue\"><strong>This battle is required to be public due to a player having a name starting with 'vgclth'.<\/div>\n|j|\u2606ArcheopsLugiaVSTAR\n|j|\u2606VGCLTH low laddr\n|t:|1731798294\n|gametype|doubles\n|player|p1|ArcheopsLugiaVSTAR|pokekid|1776\n|player|p2|VGCLTH low laddr|lucas|1799\n|teamsize|p1|6\n|teamsize|p2|6\n|gen|9\n|tier|[Gen 9] VGC 2024 Reg H\n|rated|\n|rule|Species Clause: Limit one of each Pok\u00e9mon\n|rule|Item Clause: Limit 1 of each item\n|clearpoke\n|poke|p1|Pelipper, L50, F|\n|poke|p1|Basculegion, L50, M|\n|poke|p1|Ursaluna-Bloodmoon, L50, M|\n|poke|p1|Sableye, L50, M|\n|poke|p1|Dragonite, L50, M|\n|poke|p1|Porygon2, L50|\n|poke|p2|Sneasler, L50, M|\n|poke|p2|Ursaluna-Bloodmoon, L50, M|\n|poke|p2|Incineroar, L50, F|\n|poke|p2|Gholdengo, L50|\n|poke|p2|Rillaboom, L50, F|\n|poke|p2|Dragonite, L50, F|\n|teampreview|4\n|inactive|Battle timer is ON: inactive players will automatically lose when time's up. (requested by VGCLTH low laddr)\n|inactive|ArcheopsLugiaVSTAR also wants the timer to be on.\n|inactive|VGCLTH low laddr has 60 seconds left.\n|inactive|VGCLTH low laddr has 30 seconds left.\n|\n|t:|1731798362\n|start\n|switch|p1a: Sableye|Sableye, L50, M|100\/100\n|switch|p1b: Ursaluna|Ursaluna-Bloodmoon, L50, M|100\/100\n|switch|p2a: Gholdengo|Gholdengo, L50|100\/100\n|switch|p2b: Rillaboom|Rillaboom, L50, F|100\/100\n|-fieldstart|move: Grassy Terrain|[from] ability: Grassy Surge|[of] p2b: Rillaboom\n|turn|1\n|\n|t:|1731798377\n|-terastallize|p1b: Ursaluna|Ghost\n|move|p1a: Sableye|Reflect|p1a: Sableye\n|-sidestart|p1: ArcheopsLugiaVSTAR|Reflect\n|move|p2a: Gholdengo|Make It Rain|p1a: Sableye|[spread] p1a,p1b\n|-crit|p1b: Ursaluna\n|-damage|p1a: Sableye|35\/100\n|-damage|p1b: Ursaluna|42\/100\n|-unboost|p2a: Gholdengo|spa|1\n|-damage|p2a: Gholdengo|91\/100|[from] item: Life Orb\n|move|p2b: Rillaboom|Wood Hammer|p1b: Ursaluna\n|-damage|p1b: Ursaluna|5\/100\n|-damage|p2b: Rillaboom|88\/100|[from] Recoil\n|move|p1b: Ursaluna|Earth Power|p2a: Gholdengo\n|-supereffective|p2a: Gholdengo\n|-damage|p2a: Gholdengo|0 fnt\n|faint|p2a: Gholdengo\n|\n|-heal|p2b: Rillaboom|94\/100|[from] Grassy Terrain\n|-heal|p1a: Sableye|41\/100|[from] Grassy Terrain\n|-heal|p1b: Ursaluna|11\/100|[from] Grassy Terrain\n|upkeep\n|\n|t:|1731798391\n|switch|p2a: Ursaluna|Ursaluna-Bloodmoon, L50, M|100\/100\n|turn|2\n|j| jdarcan\n|\n|t:|1731798398\n|move|p2b: Rillaboom|Grassy Glide|p1b: Ursaluna\n|-damage|p1b: Ursaluna|0 fnt\n|faint|p1b: Ursaluna\n|move|p1a: Sableye|Light Screen|p1a: Sableye\n|-sidestart|p1: ArcheopsLugiaVSTAR|move: Light Screen\n|move|p2a: Ursaluna|Blood Moon|p1a: Sableye\n|-damage|p1a: Sableye|0 fnt\n|faint|p1a: Sableye\n|\n|-heal|p2b: Rillaboom|99\/100|[from] Grassy Terrain\n|upkeep\n|\n|t:|1731798401\n|switch|p1a: Pelipper|Pelipper, L50, F|100\/100\n|switch|p1b: Basculegion|Basculegion, L50, M|100\/100\n|-weather|RainDance|[from] ability: Drizzle|[of] p1a: Pelipper\n|turn|3\n|\n|t:|1731798413\n|-terastallize|p2a: Ursaluna|Electric\n|move|p2b: Rillaboom|Grassy Glide|p1b: Basculegion\n|-supereffective|p1b: Basculegion\n|-damage|p1b: Basculegion|46\/100\n|move|p1b: Basculegion|Last Respects|p2b: Rillaboom\n|-damage|p2b: Rillaboom|0 fnt\n|faint|p2b: Rillaboom\n|move|p2a: Ursaluna|Earth Power|p1b: Basculegion\n|-damage|p1b: Basculegion|17\/100\n|-unboost|p1b: Basculegion|spd|1\n|move|p1a: Pelipper|Weather Ball|p2a: Ursaluna\n|-damage|p2a: Ursaluna|4\/100\n|\n|-weather|RainDance|[upkeep]\n|-heal|p1b: Basculegion|23\/100|[from] Grassy Terrain\n|-heal|p2a: Ursaluna|11\/100|[from] Grassy Terrain\n|upkeep\n|\n|t:|1731798421\n|switch|p2b: Dragonite|Dragonite, L50, F|100\/100\n|turn|4\n|inactive|VGCLTH low laddr has 30 seconds left.\n|\n|t:|1731798449\n|move|p2b: Dragonite|Protect|p2b: Dragonite\n|-singleturn|p2b: Dragonite|Protect\n|move|p1b: Basculegion|Last Respects|p2b: Dragonite\n|-activate|p2b: Dragonite|move: Protect\n|move|p2a: Ursaluna|Blood Moon|p1a: Pelipper\n|-damage|p1a: Pelipper|42\/100\n|move|p1a: Pelipper|Weather Ball|p2a: Ursaluna\n|-damage|p2a: Ursaluna|0 fnt\n|faint|p2a: Ursaluna\n|\n|-weather|RainDance|[upkeep]\n|-heal|p1b: Basculegion|29\/100|[from] Grassy Terrain\n|upkeep\n|turn|5\n|\n|t:|1731798465\n|move|p2b: Dragonite|Scale Shot|p1a: Pelipper\n|-damage|p1a: Pelipper|31\/100\n|-damage|p1a: Pelipper|22\/100\n|-damage|p1a: Pelipper|12\/100\n|-damage|p1a: Pelipper|1\/100\n|-hitcount|p1a: Pelipper|4\n|-unboost|p2b: Dragonite|def|1\n|-boost|p2b: Dragonite|spe|1\n|move|p1b: Basculegion|Last Respects|p2b: Dragonite\n|-damage|p2b: Dragonite|0 fnt\n|faint|p2b: Dragonite\n|\n|win|ArcheopsLugiaVSTAR\n|raw|ArcheopsLugiaVSTAR's rating: 1776 &rarr; <strong>1797<\/strong><br \/>(+21 for winning)\n|raw|VGCLTH low laddr's rating: 1799 &rarr; <strong>1778<\/strong><br \/>(-21 for losing)\n|l|\u2606ArcheopsLugiaVSTAR\n|player|p1|\n|l|\u2606VGCLTH low laddr\n|player|p2|\n","uploadtime":1731798605,"views":38,"formatid":"gen9vgc2024regh","rating":1778,"private":0,"password":null}