{"id":"gen9vgc2024regh-2245276614","format":"[Gen 9] VGC 2024 Reg H","players":["VGCLTH low laddr","testmaincourse"],"log":"|raw|<div class=\"broadcast-blue\"><strong>This battle is required to be public due to a player having a name starting with 'vgclth'.<\/div>\n|j|\u2606VGCLTH low laddr\n|j|\u2606testmaincourse\n|t:|1731798667\n|gametype|doubles\n|player|p1|VGCLTH low laddr|lucas|1778\n|player|p2|testmaincourse|lacey|1741\n|teamsize|p1|6\n|teamsize|p2|6\n|gen|9\n|tier|[Gen 9] VGC 2024 Reg H\n|rated|\n|rule|Species Clause: Limit one of each Pok\u00e9mon\n|rule|Item Clause: Limit 1 of each item\n|clearpoke\n|poke|p1|Sneasler, L50, F|\n|poke|p1|Ursaluna-Bloodmoon, L50, M|\n|poke|p1|Incineroar, L50, M|\n|poke|p1|Gholdengo, L50|\n|poke|p1|Rillaboom, L50, M|\n|poke|p1|Dragonite, L50, M|\n|poke|p2|Ninetales-Alola, L50, M|\n|poke|p2|Garchomp, L50, F|\n|poke|p2|Annihilape, L50, M|\n|poke|p2|Armarouge, L50, M|\n|poke|p2|Indeedee-F, L50, F|\n|poke|p2|Sneasler, L50, M|\n|teampreview|4\n|inactive|Battle timer is ON: inactive players will automatically lose when time's up. (requested by VGCLTH low laddr)\ntestmaincourse rejected open team sheets.\n|j| tregsraf\n|inactive|VGCLTH low laddr has 60 seconds left.\n|\n|t:|1731798702\n|start\n|switch|p1a: Gholdengo|Gholdengo, L50|100\/100\n|switch|p1b: Ursaluna|Ursaluna-Bloodmoon, L50, M|100\/100\n|switch|p2a: Armarouge|Armarouge, L50, M, shiny|100\/100\n|switch|p2b: Annihilape|Annihilape, L50, M, shiny|100\/100\n|turn|1\n|inactive|VGCLTH low laddr has 30 seconds left.\n|inactive|testmaincourse has 30 seconds left.\n|\n|t:|1731798731\n|move|p2b: Annihilape|Bulldoze|p1a: Gholdengo|[spread] p2a,p1a,p1b\n|-supereffective|p2a: Armarouge\n|-supereffective|p1a: Gholdengo\n|-damage|p2a: Armarouge|75\/100\n|-damage|p1a: Gholdengo|79\/100\n|-damage|p1b: Ursaluna|91\/100\n|-unboost|p2a: Armarouge|spe|1\n|-unboost|p1a: Gholdengo|spe|1\n|-ability|p2a: Armarouge|Weak Armor|boost\n|-unboost|p2a: Armarouge|def|1\n|-boost|p2a: Armarouge|spe|2\n|-enditem|p2a: Armarouge|Weakness Policy\n|-boost|p2a: Armarouge|atk|2|[from] item: Weakness Policy\n|-boost|p2a: Armarouge|spa|2|[from] item: Weakness Policy\n|move|p2a: Armarouge|Heat Wave|p1b: Ursaluna|[spread] p1b\n|-miss|p2a: Armarouge|p1a: Gholdengo\n|-damage|p1b: Ursaluna|22\/100\n|move|p1b: Ursaluna|Blood Moon|p2a: Armarouge\n|-damage|p2a: Armarouge|0 fnt\n|faint|p2a: Armarouge\n|move|p1a: Gholdengo|Make It Rain|p2b: Annihilape\n|-damage|p2b: Annihilape|33\/100\n|-unboost|p1a: Gholdengo|spa|1\n|-damage|p1a: Gholdengo|69\/100|[from] item: Life Orb\n|\n|upkeep\n|j| jdarcan\n|\n|t:|1731798738\n|switch|p2a: Sneasler|Sneasler, L50, M, shiny|100\/100\n|turn|2\n|\n|t:|1731798752\n|switch|p2b: Indeedee|Indeedee-F, L50, F|100\/100\n|-fieldstart|move: Psychic Terrain|[from] ability: Psychic Surge|[of] p2b: Indeedee\n|-enditem|p2a: Sneasler|Psychic Seed\n|-boost|p2a: Sneasler|spd|1|[from] item: Psychic Seed\n|-terastallize|p2a: Sneasler|Dark\n|move|p2a: Sneasler|Throat Chop|p1a: Gholdengo\n|-supereffective|p1a: Gholdengo\n|-damage|p1a: Gholdengo|0 fnt\n|faint|p1a: Gholdengo\n|move|p1b: Ursaluna|Earth Power|p2a: Sneasler\n|-damage|p2a: Sneasler|58\/100\n|\n|upkeep\n|\n|t:|1731798761\n|switch|p1a: Rillaboom|Rillaboom, L50, M|100\/100\n|-fieldstart|move: Grassy Terrain|[from] ability: Grassy Surge|[of] p1a: Rillaboom\n|turn|3\n|\n|t:|1731798768\n|move|p2a: Sneasler|Protect|p2a: Sneasler\n|-singleturn|p2a: Sneasler|Protect\n|move|p1a: Rillaboom|Fake Out|p2a: Sneasler\n|-activate|p2a: Sneasler|move: Protect\n|move|p2b: Indeedee|Psychic|p1b: Ursaluna\n|-crit|p1b: Ursaluna\n|-damage|p1b: Ursaluna|0 fnt\n|faint|p1b: Ursaluna\n|\n|-heal|p2a: Sneasler|64\/100|[from] Grassy Terrain\n|upkeep\n|\n|t:|1731798774\n|switch|p1b: Dragonite|Dragonite, L50, M|100\/100\n|turn|4\n|\n|t:|1731798789\n|-terastallize|p1a: Rillaboom|Fire\n|move|p2a: Sneasler|Dire Claw|p1a: Rillaboom\n|-damage|p1a: Rillaboom|57\/100\n|-status|p1a: Rillaboom|par\n|move|p1b: Dragonite|Tailwind|p1b: Dragonite\n|-sidestart|p1: VGCLTH low laddr|move: Tailwind\n|move|p2b: Indeedee|Psychic|p1a: Rillaboom\n|-damage|p1a: Rillaboom|37\/100 par\n|cant|p1a: Rillaboom|par\n|\n|-heal|p2a: Sneasler|70\/100|[from] Grassy Terrain\n|-heal|p1a: Rillaboom|43\/100 par|[from] Grassy Terrain\n|upkeep\n|turn|5\n|\n|t:|1731798804\n|move|p2b: Indeedee|Follow Me|p2b: Indeedee\n|-singleturn|p2b: Indeedee|move: Follow Me\n|move|p1a: Rillaboom|Grassy Glide|p2b: Indeedee\n|-damage|p2b: Indeedee|66\/100\n|move|p2a: Sneasler|Dire Claw|p1a: Rillaboom\n|-damage|p1a: Rillaboom|0 fnt\n|faint|p1a: Rillaboom\n|move|p1b: Dragonite|Scale Shot|p2b: Indeedee\n|-damage|p2b: Indeedee|52\/100\n|-damage|p2b: Indeedee|38\/100\n|-damage|p2b: Indeedee|24\/100\n|-damage|p2b: Indeedee|10\/100\n|-damage|p2b: Indeedee|0 fnt\n|faint|p2b: Indeedee\n|-hitcount|p2: Indeedee|5\n|-unboost|p1b: Dragonite|def|1\n|-boost|p1b: Dragonite|spe|1\n|\n|-heal|p2a: Sneasler|75\/100|[from] Grassy Terrain\n|upkeep\n|\n|t:|1731798807\n|switch|p2b: Annihilape|Annihilape, L50, M, shiny|33\/100\n|turn|6\n|\n|t:|1731798824\n|move|p2a: Sneasler|Protect|p2a: Sneasler\n|-singleturn|p2a: Sneasler|Protect\n|move|p1b: Dragonite|Scale Shot|p2b: Annihilape\n|-damage|p2b: Annihilape|21\/100\n|-damage|p2b: Annihilape|8\/100\n|-damage|p2b: Annihilape|0 fnt\n|faint|p2b: Annihilape\n|-hitcount|p2: Annihilape|3\n|-unboost|p1b: Dragonite|def|1\n|-boost|p1b: Dragonite|spe|1\n|\n|-heal|p2a: Sneasler|81\/100|[from] Grassy Terrain\n|upkeep\n|turn|7\n|\n|t:|1731798830\n|move|p2a: Sneasler|Protect||[still]\n|-fail|p2a: Sneasler\n|move|p1b: Dragonite|Scale Shot|p2a: Sneasler|[miss]\n|-miss|p1b: Dragonite|p2a: Sneasler\n|\n|-heal|p2a: Sneasler|87\/100|[from] Grassy Terrain\n|-sideend|p1: VGCLTH low laddr|move: Tailwind\n|-fieldend|move: Grassy Terrain\n|upkeep\n|turn|8\n|j| Popeye32\n|\n|t:|1731798834\n|move|p2a: Sneasler|Dire Claw|p1b: Dragonite\n|-damage|p1b: Dragonite|50\/100\n|-status|p1b: Dragonite|psn\n|move|p1b: Dragonite|Scale Shot|p2a: Sneasler\n|-damage|p2a: Sneasler|63\/100\n|-damage|p2a: Sneasler|40\/100\n|-damage|p2a: Sneasler|18\/100\n|-damage|p2a: Sneasler|0 fnt\n|faint|p2a: Sneasler\n|-hitcount|p2: Sneasler|4\n|\n|win|VGCLTH low laddr\n|raw|VGCLTH low laddr's rating: 1778 &rarr; <strong>1796<\/strong><br \/>(+18 for winning)\n|raw|testmaincourse's rating: 1741 &rarr; <strong>1723<\/strong><br \/>(-18 for losing)\n|l| Popeye32\n|l|\u2606VGCLTH low laddr\n|player|p1|\n|l| tregsraf\n","uploadtime":1731799013,"views":5,"formatid":"gen9vgc2024regh","rating":1723,"private":0,"password":null}