{"id":"gen9vgc2024regh-2245610311","format":"[Gen 9] VGC 2024 Reg H","players":["VGCLTH ladderboy66","same blue"],"log":"|raw|<div class=\"broadcast-blue\"><strong>This battle is required to be public due to a player having a name starting with 'vgclth'.<\/div>\n|j|\u2606VGCLTH ladderboy66\n|j|\u2606same blue\n|t:|1731855117\n|gametype|doubles\n|player|p1|VGCLTH ladderboy66|169|1685\n|player|p2|same blue|265|1737\n|teamsize|p1|6\n|teamsize|p2|6\n|gen|9\n|tier|[Gen 9] VGC 2024 Reg H\n|rated|\n|rule|Species Clause: Limit one of each Pok\u00e9mon\n|rule|Item Clause: Limit 1 of each item\n|clearpoke\n|poke|p1|Archaludon, L50, M|\n|poke|p1|Whimsicott, L50, F|\n|poke|p1|Pelipper, L50, F|\n|poke|p1|Basculegion, L50, M|\n|poke|p1|Gholdengo, L50|\n|poke|p1|Rillaboom, L50, M|\n|poke|p2|Orthworm, L50, F|\n|poke|p2|Dragonite, L50, F|\n|poke|p2|Electabuzz, L50, M|\n|poke|p2|Ursaluna, L50, F|\n|poke|p2|Primarina, L50, F|\n|poke|p2|Volcarona, L50, F|\n|teampreview|4\n|inactive|Battle timer is ON: inactive players will automatically lose when time's up. (requested by same blue)\n|\n|t:|1731855144\n|start\n|switch|p1a: Archaludon|Archaludon, L50, M|100\/100\n|switch|p1b: Pelipper|Pelipper, L50, F|100\/100\n|switch|p2a: Orthworm|Orthworm, L50, F|100\/100\n|switch|p2b: Electabuzz|Electabuzz, L50, M|100\/100\n|-weather|RainDance|[from] ability: Drizzle|[of] p1b: Pelipper\n|turn|1\n|inactive|VGCLTH ladderboy66 has 30 seconds left.\n|\n|t:|1731855170\n|switch|p1b: Rillaboom|Rillaboom, L50, M|100\/100\n|-fieldstart|move: Grassy Terrain|[from] ability: Grassy Surge|[of] p1b: Rillaboom\n|move|p2a: Orthworm|Protect|p2a: Orthworm\n|-singleturn|p2a: Orthworm|Protect\n|move|p2b: Electabuzz|Electroweb|p1a: Archaludon|[spread] p1b\n|-miss|p2b: Electabuzz|p1a: Archaludon\n|-resisted|p1b: Rillaboom\n|-damage|p1b: Rillaboom|93\/100\n|-unboost|p1b: Rillaboom|spe|1\n|move|p1a: Archaludon|Electro Shot||[still]\n|-prepare|p1a: Archaludon|Electro Shot\n|-boost|p1a: Archaludon|spa|1\n|-anim|p1a: Archaludon|Electro Shot|p2a: Orthworm\n|-activate|p2a: Orthworm|move: Protect\n|\n|-weather|RainDance|[upkeep]\n|-heal|p1b: Rillaboom|99\/100|[from] Grassy Terrain\n|upkeep\n|turn|2\n|inactive|VGCLTH ladderboy66 has 30 seconds left.\n|\n|t:|1731855201\n|move|p1b: Rillaboom|Fake Out|p2b: Electabuzz\n|-damage|p2b: Electabuzz|85\/100\n|cant|p2b: Electabuzz|flinch\n|move|p1a: Archaludon|Electro Shot||[still]\n|-prepare|p1a: Archaludon|Electro Shot\n|-boost|p1a: Archaludon|spa|1\n|-anim|p1a: Archaludon|Electro Shot|p2a: Orthworm\n|-damage|p2a: Orthworm|10\/100\n|-enditem|p2a: Orthworm|Sitrus Berry|[eat]\n|-heal|p2a: Orthworm|35\/100|[from] item: Sitrus Berry\n|move|p2a: Orthworm|Shed Tail|p2a: Orthworm\n|-fail|p2a: Orthworm|move: Shed Tail|[weak]\n|\n|-weather|RainDance|[upkeep]\n|-heal|p2b: Electabuzz|91\/100|[from] Grassy Terrain\n|-heal|p1b: Rillaboom|100\/100|[from] Grassy Terrain\n|-heal|p2a: Orthworm|41\/100|[from] Grassy Terrain\n|upkeep\n|turn|3\n|inactive|VGCLTH ladderboy66 has 30 seconds left.\n|\n|t:|1731855233\n|move|p2a: Orthworm|Protect|p2a: Orthworm\n|-singleturn|p2a: Orthworm|Protect\n|move|p2b: Electabuzz|Electroweb|p1b: Rillaboom|[spread] p1a,p1b\n|-resisted|p1a: Archaludon\n|-resisted|p1b: Rillaboom\n|-damage|p1a: Archaludon|96\/100\n|-damage|p1b: Rillaboom|94\/100\n|-unboost|p1a: Archaludon|spe|1\n|-unboost|p1b: Rillaboom|spe|1\n|-ability|p1a: Archaludon|Stamina|boost\n|-boost|p1a: Archaludon|def|1\n|move|p1a: Archaludon|Dragon Pulse|p2b: Electabuzz\n|-damage|p2b: Electabuzz|32\/100\n|move|p1b: Rillaboom|Wood Hammer|p2a: Orthworm\n|-activate|p2a: Orthworm|move: Protect\n|\n|-weather|RainDance|[upkeep]\n|-heal|p2b: Electabuzz|38\/100|[from] Grassy Terrain\n|-heal|p2a: Orthworm|48\/100|[from] Grassy Terrain\n|-heal|p1a: Archaludon|100\/100|[from] Grassy Terrain\n|-heal|p1b: Rillaboom|99\/100|[from] Grassy Terrain\n|upkeep\n|turn|4\n|inactive|VGCLTH ladderboy66 has 30 seconds left.\n|inactive|same blue has 30 seconds left.\n|inactive|same blue has 20 seconds left.\n|inactive|same blue has 15 seconds left.\n|inactive|same blue has 10 seconds left.\n|inactive|VGCLTH ladderboy66 has 20 seconds left.\n|inactive|same blue has 5 seconds left.\n|\n|t:|1731855286\n|move|p2b: Electabuzz|Protect|p2b: Electabuzz\n|-singleturn|p2b: Electabuzz|Protect\n|move|p2a: Orthworm|Body Press|p1b: Rillaboom\n|-damage|p1b: Rillaboom|72\/100\n|move|p1a: Archaludon|Dragon Pulse|p2b: Electabuzz\n|-activate|p2b: Electabuzz|move: Protect\n|move|p1b: Rillaboom|Taunt|p2a: Orthworm\n|-start|p2a: Orthworm|move: Taunt\n|\n|-weather|RainDance|[upkeep]\n|-heal|p2b: Electabuzz|44\/100|[from] Grassy Terrain\n|-heal|p2a: Orthworm|54\/100|[from] Grassy Terrain\n|-heal|p1b: Rillaboom|78\/100|[from] Grassy Terrain\n|upkeep\n|turn|5\n|\n|t:|1731855307\n|switch|p2a: Dragonite|Dragonite, L50, F|100\/100\n|move|p2b: Electabuzz|Follow Me|p2b: Electabuzz\n|-singleturn|p2b: Electabuzz|move: Follow Me\n|move|p1a: Archaludon|Dragon Pulse|p2b: Electabuzz\n|-damage|p2b: Electabuzz|0 fnt\n|faint|p2b: Electabuzz\n|move|p1b: Rillaboom|Wood Hammer|p2a: Dragonite\n|-resisted|p2a: Dragonite\n|-damage|p2a: Dragonite|87\/100\n|-damage|p1b: Rillaboom|74\/100|[from] Recoil\n|\n|-weather|none\n|-heal|p1b: Rillaboom|81\/100|[from] Grassy Terrain\n|-fieldend|move: Grassy Terrain\n|upkeep\n|\n|t:|1731855315\n|switch|p2b: Ursaluna|Ursaluna, L50, F|100\/100\n|turn|6\n|\n|t:|1731855333\n|switch|p1b: Pelipper|Pelipper, L50, F|100\/100\n|-weather|RainDance|[from] ability: Drizzle|[of] p1b: Pelipper\n|-terastallize|p2a: Dragonite|Fairy\n|-terastallize|p1a: Archaludon|Ghost\n|move|p2b: Ursaluna|Protect|p2b: Ursaluna\n|-singleturn|p2b: Ursaluna|Protect\n|move|p2a: Dragonite|Scale Shot|p1b: Pelipper\n|-damage|p1b: Pelipper|82\/100\n|-damage|p1b: Pelipper|63\/100\n|-damage|p1b: Pelipper|45\/100\n|-damage|p1b: Pelipper|27\/100\n|-damage|p1b: Pelipper|8\/100\n|-hitcount|p1b: Pelipper|5\n|-unboost|p2a: Dragonite|def|1\n|-boost|p2a: Dragonite|spe|1\n|move|p1a: Archaludon|Dragon Pulse|p2a: Dragonite\n|-immune|p2a: Dragonite\n|\n|-weather|RainDance|[upkeep]\n|-status|p2b: Ursaluna|brn|[from] item: Flame Orb\n|upkeep\n|turn|7\n|inactive|VGCLTH ladderboy66 has 30 seconds left.\n|inactive|same blue has 30 seconds left.\n|inactive|same blue has 20 seconds left.\n|inactive|same blue has 15 seconds left.\n|\n|t:|1731855378\n|move|p2a: Dragonite|Scale Shot|p1b: Pelipper\n|-damage|p1b: Pelipper|0 fnt\n|faint|p1b: Pelipper\n|-hitcount|p1: Pelipper|1\n|-unboost|p2a: Dragonite|def|1\n|-boost|p2a: Dragonite|spe|1\n|move|p2b: Ursaluna|Headlong Rush|p1a: Archaludon\n|-damage|p1a: Archaludon|47\/100\n|-unboost|p2b: Ursaluna|def|1\n|-unboost|p2b: Ursaluna|spd|1\n|-ability|p1a: Archaludon|Stamina|boost\n|-boost|p1a: Archaludon|def|1\n|move|p1a: Archaludon|Electro Shot||[still]\n|-prepare|p1a: Archaludon|Electro Shot\n|-boost|p1a: Archaludon|spa|1\n|-anim|p1a: Archaludon|Electro Shot|p2a: Dragonite\n|-crit|p2a: Dragonite\n|-damage|p2a: Dragonite|0 fnt\n|faint|p2a: Dragonite\n|\n|-weather|RainDance|[upkeep]\n|-damage|p2b: Ursaluna|94\/100 brn|[from] brn\n|upkeep\n|\n|t:|1731855399\n|switch|p2a: Orthworm|Orthworm, L50, F|54\/100\n|switch|p1b: Rillaboom|Rillaboom, L50, M|81\/100\n|-fieldstart|move: Grassy Terrain|[from] ability: Grassy Surge|[of] p1b: Rillaboom\n|turn|8\n|-message|same blue forfeited.\n|\n|win|VGCLTH ladderboy66\n|raw|VGCLTH ladderboy66's rating: 1685 &rarr; <strong>1708<\/strong><br \/>(+23 for winning)\n|raw|same blue's rating: 1737 &rarr; <strong>1714<\/strong><br \/>(-23 for losing)\n|l|\u2606same blue\n|player|p2|\n|c|\u2606VGCLTH ladderboy66|gg\n|l|\u2606VGCLTH ladderboy66\n|player|p1|\n","uploadtime":1731855651,"views":15,"formatid":"gen9vgc2024regh","rating":1708,"private":0,"password":null}