{"id":"gen9vgc2024regh-2245913298","format":"[Gen 9] VGC 2024 Reg H","players":["hax reliant 2","vgclth chromate"],"log":"|raw|<div class=\"broadcast-blue\"><strong>This battle is required to be public due to a player having a name starting with 'vgclth'.<\/div>\n|j|\u203dhax reliant 2\n|j|\u2606vgclth chromate\n|t:|1731892181\n|gametype|doubles\n|player|p1|hax reliant 2|2|1715\n|player|p2|vgclth chromate|allister|1858\n|teamsize|p1|6\n|teamsize|p2|6\n|gen|9\n|tier|[Gen 9] VGC 2024 Reg H\n|rated|\n|rule|Species Clause: Limit one of each Pok\u00e9mon\n|rule|Item Clause: Limit 1 of each item\n|clearpoke\n|poke|p1|Sableye, L50, M|\n|poke|p1|Politoed, L50, M|\n|poke|p1|Sinistcha-Masterpiece, L50|\n|poke|p1|Archaludon, L50, M|\n|poke|p1|Arcanine, L50, F|\n|poke|p1|Whimsicott, L50, F|\n|poke|p2|Archaludon, L50, F|\n|poke|p2|Pelipper, L50, F|\n|poke|p2|Basculegion, L50, M|\n|poke|p2|Gholdengo, L50|\n|poke|p2|Incineroar, L50, M|\n|poke|p2|Amoonguss, L50, M|\n|teampreview|4\n|inactive|Battle timer is ON: inactive players will automatically lose when time's up. (requested by hax reliant 2)\n|\n|t:|1731892227\n|start\n|switch|p1a: Whimsicott|Whimsicott, L50, F|100\/100\n|switch|p1b: Arcanine|Arcanine, L50, F|100\/100\n|switch|p2a: Gholdengo|Gholdengo, L50|100\/100\n|switch|p2b: Pelipper|Pelipper, L50, F|100\/100\n|-weather|RainDance|[from] ability: Drizzle|[of] p2b: Pelipper\n|turn|1\n|inactive|hax reliant 2 has 30 seconds left.\n|\n|t:|1731892262\n|switch|p1b: Archaludon|Archaludon, L50, M|100\/100\n|move|p2a: Gholdengo|Protect|p2a: Gholdengo\n|-singleturn|p2a: Gholdengo|Protect\n|move|p1a: Whimsicott|Beat Up|p1b: Archaludon\n|-damage|p1b: Archaludon|99\/100\n|-ability|p1b: Archaludon|Stamina|boost\n|-boost|p1b: Archaludon|def|1\n|-crit|p1b: Archaludon\n|-damage|p1b: Archaludon|96\/100\n|-ability|p1b: Archaludon|Stamina|boost\n|-boost|p1b: Archaludon|def|1\n|-damage|p1b: Archaludon|95\/100\n|-ability|p1b: Archaludon|Stamina|boost\n|-boost|p1b: Archaludon|def|1\n|-damage|p1b: Archaludon|94\/100\n|-ability|p1b: Archaludon|Stamina|boost\n|-boost|p1b: Archaludon|def|1\n|-hitcount|p1b: Archaludon|4\n|move|p2b: Pelipper|Tailwind|p2b: Pelipper\n|-sidestart|p2: vgclth chromate|move: Tailwind\n|\n|-weather|RainDance|[upkeep]\n|upkeep\n|turn|2\n|j| BreadTest\n|\n|t:|1731892284\n|move|p1a: Whimsicott|Tailwind|p1a: Whimsicott\n|-sidestart|p1: hax reliant 2|move: Tailwind\n|move|p1b: Archaludon|Snarl|p2a: Gholdengo|[spread] p2a,p2b\n|-supereffective|p2a: Gholdengo\n|-crit|p2b: Pelipper\n|-damage|p2a: Gholdengo|73\/100\n|-damage|p2b: Pelipper|70\/100\n|-unboost|p2a: Gholdengo|spa|1\n|-unboost|p2b: Pelipper|spa|1\n|move|p2a: Gholdengo|Nasty Plot|p2a: Gholdengo\n|-boost|p2a: Gholdengo|spa|2\n|move|p2b: Pelipper|Hurricane|p1a: Whimsicott\n|-supereffective|p1a: Whimsicott\n|-damage|p1a: Whimsicott|9\/100\n|\n|-weather|RainDance|[upkeep]\n|upkeep\n|turn|3\n|j| iiinu\n|inactive|hax reliant 2 has 30 seconds left.\n|\n|t:|1731892318\n|move|p1a: Whimsicott|Taunt|p2b: Pelipper\n|-start|p2b: Pelipper|move: Taunt\n|move|p1b: Archaludon|Electro Shot||[still]\n|-prepare|p1b: Archaludon|Electro Shot\n|-boost|p1b: Archaludon|spa|1\n|-anim|p1b: Archaludon|Electro Shot|p2a: Gholdengo\n|-crit|p2a: Gholdengo\n|-damage|p2a: Gholdengo|0 fnt\n|faint|p2a: Gholdengo\n|move|p2b: Pelipper|Weather Ball|p1a: Whimsicott\n|-resisted|p1a: Whimsicott\n|-damage|p1a: Whimsicott|0 fnt\n|faint|p1a: Whimsicott\n|\n|-weather|RainDance|[upkeep]\n|upkeep\n|j| passcant\n|j| waterspoutin\n|\n|t:|1731892340\n|switch|p1a: Arcanine|Arcanine, L50, F|100\/100\n|switch|p2a: Archaludon|Archaludon, L50, F|100\/100\n|turn|4\n|\n|t:|1731892359\n|-terastallize|p2a: Archaludon|Grass\n|move|p1a: Arcanine|Close Combat|p2a: Archaludon\n|-crit|p2a: Archaludon\n|-damage|p2a: Archaludon|64\/100\n|-unboost|p1a: Arcanine|def|1\n|-unboost|p1a: Arcanine|spd|1\n|-ability|p2a: Archaludon|Stamina|boost\n|-boost|p2a: Archaludon|def|1\n|move|p1b: Archaludon|Electro Shot||[still]\n|-prepare|p1b: Archaludon|Electro Shot\n|-boost|p1b: Archaludon|spa|1\n|-anim|p1b: Archaludon|Electro Shot|p2b: Pelipper\n|-supereffective|p2b: Pelipper\n|-damage|p2b: Pelipper|0 fnt\n|faint|p2b: Pelipper\n|move|p2a: Archaludon|Electro Shot||[still]\n|-prepare|p2a: Archaludon|Electro Shot\n|-boost|p2a: Archaludon|spa|1\n|-anim|p2a: Archaludon|Electro Shot|p1a: Arcanine\n|-damage|p1a: Arcanine|0 fnt\n|faint|p1a: Arcanine\n|\n|-weather|RainDance|[upkeep]\n|-sideend|p2: vgclth chromate|move: Tailwind\n|upkeep\n|\n|t:|1731892376\n|switch|p1a: Sinistcha|Sinistcha-Masterpiece, L50|100\/100\n|switch|p2b: Basculegion|Basculegion, L50, M|100\/100\n|-heal|p1b: Archaludon|100\/100|[from] ability: Hospitality|[of] p1a: Sinistcha\n|turn|5\n|\n|t:|1731892391\n|move|p2b: Basculegion|Aqua Jet|p1a: Sinistcha\n|-resisted|p1a: Sinistcha\n|-damage|p1a: Sinistcha|81\/100\n|move|p1b: Archaludon|Electro Shot||[still]\n|-prepare|p1b: Archaludon|Electro Shot\n|-boost|p1b: Archaludon|spa|1\n|-anim|p1b: Archaludon|Electro Shot|p2b: Basculegion\n|-supereffective|p2b: Basculegion\n|-damage|p2b: Basculegion|0 fnt\n|faint|p2b: Basculegion\n|move|p1a: Sinistcha|Shadow Ball|p2a: Archaludon\n|-damage|p2a: Archaludon|43\/100\n|-ability|p2a: Archaludon|Stamina|boost\n|-boost|p2a: Archaludon|def|1\n|move|p2a: Archaludon|Electro Shot||[still]\n|-prepare|p2a: Archaludon|Electro Shot\n|-boost|p2a: Archaludon|spa|1\n|-anim|p2a: Archaludon|Electro Shot|p1a: Sinistcha\n|-resisted|p1a: Sinistcha\n|-damage|p1a: Sinistcha|43\/100\n|\n|-weather|none\n|-sideend|p1: hax reliant 2|move: Tailwind\n|upkeep\n|turn|6\n|\n|t:|1731892408\n|move|p1a: Sinistcha|Rage Powder|p1a: Sinistcha\n|-singleturn|p1a: Sinistcha|move: Rage Powder\n|move|p1b: Archaludon|Flash Cannon|p2a: Archaludon\n|-damage|p2a: Archaludon|0 fnt\n|faint|p2a: Archaludon\n|\n|win|hax reliant 2\n|raw|hax reliant 2's rating: 1694 &rarr; <strong>1723<\/strong><br \/>(+29 for winning)\n|raw|vgclth chromate's rating: 1858 &rarr; <strong>1829<\/strong><br \/>(-29 for losing)\n|l|\u2606vgclth chromate\n|player|p2|\n|l| BreadTest\n|l| passcant\n|l|\u203dhax reliant 2\n|player|p1|\n","uploadtime":1731892579,"views":51,"formatid":"gen9vgc2024regh","rating":1723,"private":0,"password":null}