{"id":"gen9vgc2024regh-2245650936","format":"[Gen 9] VGC 2024 Reg H","players":["ruizuuuu","vgclth cuwutie"],"log":"|raw|<div class=\"broadcast-blue\"><strong>This battle is required to be public due to a player having a name starting with 'vgclth'.<\/div>\n|j|\u2606ruizuuuu\n|j|\u2606vgclth cuwutie\n|t:|1731860520\n|gametype|doubles\n|player|p1|ruizuuuu|lass-gen4dp|1655\n|player|p2|vgclth cuwutie|hanbei-conquest|1675\n|teamsize|p1|6\n|teamsize|p2|6\n|gen|9\n|tier|[Gen 9] VGC 2024 Reg H\n|rated|\n|rule|Species Clause: Limit one of each Pok\u00e9mon\n|rule|Item Clause: Limit 1 of each item\n|clearpoke\n|poke|p1|Archaludon, L50, M|\n|poke|p1|Gholdengo, L50|\n|poke|p1|Pelipper, L50, M|\n|poke|p1|Ursaluna, L50, F|\n|poke|p1|Dragonite, L50, F|\n|poke|p1|Sinistcha, L50|\n|poke|p2|Smeargle, L50, M|\n|poke|p2|Farigiraf, L50, F|\n|poke|p2|Archaludon, L50, F|\n|poke|p2|Torkoal, L50, F|\n|poke|p2|Ursaluna-Bloodmoon, L50, M|\n|poke|p2|Araquanid, L50, F|\n|teampreview|4\n|inactive|Battle timer is ON: inactive players will automatically lose when time's up. (requested by ruizuuuu)\n|j| Conquistatore\n|\n|t:|1731860548\n|start\n|switch|p1a: Gholdengo|Gholdengo, L50|100\/100\n|switch|p1b: Archaludon|Archaludon, L50, M|100\/100\n|switch|p2a: Smeargle|Smeargle, L50, M|100\/100\n|switch|p2b: Farigiraf|Farigiraf, L50, F|100\/100\n|turn|1\n|\n|t:|1731860571\n|move|p2a: Smeargle|Wide Guard|p2a: Smeargle\n|-singleturn|p2a: Smeargle|Wide Guard\n|move|p1a: Gholdengo|Trick|p2b: Farigiraf\n|-activate|p1a: Gholdengo|move: Trick|[of] p2b: Farigiraf\n|-item|p2b: Farigiraf|Choice Scarf|[from] move: Trick\n|-item|p1a: Gholdengo|Mental Herb|[from] move: Trick\n|move|p1b: Archaludon|Snarl|p2a: Smeargle|[spread] \n|-activate|p2a: Smeargle|move: Wide Guard\n|-activate|p2b: Farigiraf|move: Wide Guard\n|move|p2b: Farigiraf|Trick Room|p2b: Farigiraf\n|-fieldstart|move: Trick Room|[of] p2b: Farigiraf\n|\n|-ability|p2a: Smeargle|Moody|boost\n|-boost|p2a: Smeargle|spd|2\n|-unboost|p2a: Smeargle|def|1\n|-enditem|p2a: Smeargle|Eject Pack\n|upkeep\n|\n|t:|1731860583\n|switch|p2a: Ursaluna|Ursaluna-Bloodmoon, L50, M|100\/100\n|turn|2\n|inactive|ruizuuuu has 30 seconds left.\n|inactive|ruizuuuu has 20 seconds left.\n|inactive|ruizuuuu has 15 seconds left.\n|\n|t:|1731860625\n|switch|p2b: Araquanid|Araquanid, L50, F|100\/100\n|move|p2a: Ursaluna|Earth Power|p1b: Archaludon\n|-supereffective|p1b: Archaludon\n|-damage|p1b: Archaludon|8\/100\n|-ability|p1b: Archaludon|Stamina|boost\n|-boost|p1b: Archaludon|def|1\n|-damage|p2a: Ursaluna|90\/100|[from] item: Life Orb\n|move|p1b: Archaludon|Snarl|p2a: Ursaluna|[spread] p2a,p2b\n|-damage|p2a: Ursaluna|76\/100\n|-damage|p2b: Araquanid|90\/100\n|-unboost|p2a: Ursaluna|spa|1\n|-unboost|p2b: Araquanid|spa|1\n|move|p1a: Gholdengo|Make It Rain|p2b: Araquanid|[spread] p2a,p2b\n|-resisted|p2b: Araquanid\n|-damage|p2a: Ursaluna|14\/100\n|-damage|p2b: Araquanid|69\/100\n|-unboost|p1a: Gholdengo|spa|1\n|\n|upkeep\n|turn|3\n|inactive|ruizuuuu has 30 seconds left.\n|inactive|vgclth cuwutie has 30 seconds left.\n|\n|t:|1731860657\n|-terastallize|p2b: Araquanid|Water\n|move|p1a: Gholdengo|Protect|p1a: Gholdengo\n|-singleturn|p1a: Gholdengo|Protect\n|move|p2a: Ursaluna|Earth Power|p1b: Archaludon\n|-supereffective|p1b: Archaludon\n|-damage|p1b: Archaludon|0 fnt\n|faint|p1b: Archaludon\n|-damage|p2a: Ursaluna|4\/100|[from] item: Life Orb\n|move|p2b: Araquanid|Liquidation|p1a: Gholdengo\n|-activate|p1a: Gholdengo|move: Protect\n|\n|upkeep\n|\n|t:|1731860673\n|switch|p1b: Ursaluna|Ursaluna, L50, F|100\/100\n|turn|4\n|\n|t:|1731860692\n|switch|p1a: Pelipper|Pelipper, L50, M|100\/100\n|-weather|RainDance|[from] ability: Drizzle|[of] p1a: Pelipper\n|move|p1b: Ursaluna|Protect|p1b: Ursaluna\n|-singleturn|p1b: Ursaluna|Protect\n|move|p2a: Ursaluna|Hyper Voice|p1a: Pelipper|[spread] p1a\n|-activate|p1b: Ursaluna|move: Protect\n|-damage|p1a: Pelipper|45\/100\n|-damage|p2a: Ursaluna|0 fnt|[from] item: Life Orb\n|faint|p2a: Ursaluna\n|move|p2b: Araquanid|Liquidation|p1b: Ursaluna\n|-activate|p1b: Ursaluna|move: Protect\n|\n|-weather|RainDance|[upkeep]\n|-status|p1b: Ursaluna|brn|[from] item: Flame Orb\n|upkeep\n|\n|t:|1731860712\n|switch|p2a: Smeargle|Smeargle, L50, M|100\/100\n|turn|5\n|inactive|ruizuuuu has 30 seconds left.\n|\n|t:|1731860744\n|switch|p1b: Gholdengo|Gholdengo, L50|100\/100\n|move|p2a: Smeargle|Fake Out|p1a: Pelipper\n|-crit|p1a: Pelipper\n|-damage|p1a: Pelipper|36\/100\n|-damage|p2a: Smeargle|84\/100|[from] item: Rocky Helmet|[of] p1a: Pelipper\n|move|p2b: Araquanid|Liquidation|p1b: Gholdengo\n|-damage|p1b: Gholdengo|0 fnt\n|faint|p1b: Gholdengo\n|cant|p1a: Pelipper|flinch\n|\n|-weather|RainDance|[upkeep]\n|-fieldend|move: Trick Room\n|-ability|p2a: Smeargle|Moody|boost\n|-boost|p2a: Smeargle|def|2\n|-unboost|p2a: Smeargle|atk|1\n|upkeep\n|\n|t:|1731860752\n|switch|p1b: Ursaluna|Ursaluna, L50, F|100\/100 brn\n|turn|6\n|\n|t:|1731860769\n|move|p2a: Smeargle|Follow Me|p2a: Smeargle\n|-singleturn|p2a: Smeargle|move: Follow Me\n|move|p1a: Pelipper|Hurricane|p2a: Smeargle\n|-damage|p2a: Smeargle|0 fnt\n|faint|p2a: Smeargle\n|move|p1b: Ursaluna|Facade|p2b: Araquanid\n|-crit|p2b: Araquanid\n|-damage|p2b: Araquanid|0 fnt\n|faint|p2b: Araquanid\n|\n|-weather|RainDance|[upkeep]\n|-damage|p1b: Ursaluna|94\/100 brn|[from] brn\n|upkeep\n|\n|t:|1731860774\n|switch|p2b: Farigiraf|Farigiraf, L50, F|100\/100\n|turn|7\n|-message|vgclth cuwutie forfeited.\n|\n|win|ruizuuuu\n|raw|ruizuuuu's rating: 1655 &rarr; <strong>1677<\/strong><br \/>(+22 for winning)\n|raw|vgclth cuwutie's rating: 1691 &rarr; <strong>1669<\/strong><br \/>(-22 for losing)\n|l|\u2606vgclth cuwutie\n|player|p2|\n|l|\u2606ruizuuuu\n|player|p1|\n","uploadtime":1731860789,"views":14,"formatid":"gen9vgc2024regh","rating":1669,"private":0,"password":null}