{"id":"gen9vgc2024regh-2245119741","format":"[Gen 9] VGC 2024 Reg H","players":["Waffles4breakfast","ada + parker"],"log":"|j|\u2606Waffles4breakfast\n|j|\u2606ada + parker\n|t:|1731779108\n|gametype|doubles\n|player|p1|Waffles4breakfast|juggler|1685\n|player|p2|ada + parker|chili|1674\n|teamsize|p1|6\n|teamsize|p2|6\n|gen|9\n|tier|[Gen 9] VGC 2024 Reg H\n|rated|\n|rule|Species Clause: Limit one of each Pok\u00e9mon\n|rule|Item Clause: Limit 1 of each item\n|clearpoke\n|poke|p1|Dragonite, L50, M|\n|poke|p1|Talonflame, L50, F|\n|poke|p1|Annihilape, L50, M|\n|poke|p1|Maushold-Four, L50|\n|poke|p1|Armarouge, L50, M|\n|poke|p1|Indeedee-F, L50, F|\n|poke|p2|Typhlosion-Hisui, L50, F|\n|poke|p2|Toedscruel, L50, F|\n|poke|p2|Weezing-Galar, L50, F|\n|poke|p2|Pawmot, L50, F|\n|poke|p2|Corviknight, L50, F|\n|poke|p2|Garchomp, L50, F|\n|teampreview|4\n|inactive|Battle timer is ON: inactive players will automatically lose when time's up. (requested by ada + parker)\n|inactive|ada + parker has 60 seconds left.\n|\n|t:|1731779141\n|start\n|switch|p1a: Talonflame|Talonflame, L50, F|100\/100\n|switch|p1b: Dragonite|Dragonite, L50, M|100\/100\n|switch|p2a: Weezing|Weezing-Galar, L50, F|100\/100\n|switch|p2b: Toedscruel|Toedscruel, L50, F, shiny|100\/100\n|-ability|p2a: Weezing|Neutralizing Gas\n|turn|1\n|\n|t:|1731779154\n|-terastallize|p1b: Dragonite|Normal\n|move|p1b: Dragonite|Extreme Speed|p2b: Toedscruel\n|-damage|p2b: Toedscruel|18\/100\n|move|p1a: Talonflame|Tailwind|p1a: Talonflame\n|-sidestart|p1: Waffles4breakfast|move: Tailwind\n|move|p2b: Toedscruel|Spore|p1a: Talonflame\n|-status|p1a: Talonflame|slp|[from] move: Spore\n|move|p2a: Weezing|Dazzling Gleam|p1b: Dragonite|[spread] p1a,p1b\n|-resisted|p1a: Talonflame\n|-damage|p1a: Talonflame|65\/100 slp\n|-damage|p1b: Dragonite|70\/100\n|\n|upkeep\n|turn|2\n|\n|t:|1731779168\n|move|p1b: Dragonite|Extreme Speed|p2a: Weezing\n|-damage|p2a: Weezing|34\/100\n|cant|p1a: Talonflame|slp\n|move|p2b: Toedscruel|Acid Spray|p1b: Dragonite\n|-damage|p1b: Dragonite|63\/100\n|-unboost|p1b: Dragonite|spd|2\n|move|p2a: Weezing|Dazzling Gleam|p1a: Talonflame|[spread] p1a,p1b\n|-resisted|p1a: Talonflame\n|-damage|p1a: Talonflame|36\/100 slp\n|-damage|p1b: Dragonite|0 fnt\n|faint|p1b: Dragonite\n|\n|upkeep\n|\n|t:|1731779172\n|switch|p1b: Indeedee|Indeedee-F, L50, F|100\/100\n|turn|3\n|\n|t:|1731779185\n|move|p1b: Indeedee|Protect|p1b: Indeedee\n|-singleturn|p1b: Indeedee|Protect\n|cant|p1a: Talonflame|slp\n|move|p2b: Toedscruel|Spore|p1b: Indeedee\n|-activate|p1b: Indeedee|move: Protect\n|move|p2a: Weezing|Dazzling Gleam|p1a: Talonflame|[spread] p1a\n|-activate|p1b: Indeedee|move: Protect\n|-resisted|p1a: Talonflame\n|-damage|p1a: Talonflame|4\/100 slp\n|\n|upkeep\n|turn|4\n|\n|t:|1731779203\n|-curestatus|p1a: Talonflame|slp|[msg]\n|move|p1a: Talonflame|Overheat|p2b: Toedscruel\n|-supereffective|p2b: Toedscruel\n|-damage|p2b: Toedscruel|0 fnt\n|-unboost|p1a: Talonflame|spa|2\n|faint|p2b: Toedscruel\n|move|p1b: Indeedee|Dazzling Gleam|p2a: Weezing\n|-resisted|p2a: Weezing\n|-damage|p2a: Weezing|21\/100\n|move|p2a: Weezing|Dazzling Gleam|p1a: Talonflame|[spread] p1a,p1b\n|-resisted|p1a: Talonflame\n|-damage|p1a: Talonflame|0 fnt\n|-damage|p1b: Indeedee|67\/100\n|faint|p1a: Talonflame\n|\n|-sideend|p1: Waffles4breakfast|move: Tailwind\n|upkeep\n|\n|t:|1731779219\n|switch|p1a: Armarouge|Armarouge, L50, M|100\/100\n|switch|p2b: Typhlosion|Typhlosion-Hisui, L50, F, shiny|100\/100\n|turn|5\n|\n|t:|1731779227\n|move|p1b: Indeedee|Follow Me|p1b: Indeedee\n|-singleturn|p1b: Indeedee|move: Follow Me\n|move|p2b: Typhlosion|Heat Wave|p1b: Indeedee|[spread] p1a,p1b\n|-resisted|p1a: Armarouge\n|-damage|p1a: Armarouge|76\/100\n|-damage|p1b: Indeedee|30\/100\n|move|p1a: Armarouge|Dark Pulse|p2b: Typhlosion\n|-supereffective|p2b: Typhlosion\n|-damage|p2b: Typhlosion|16\/100\n|move|p2a: Weezing|Dazzling Gleam|p1b: Indeedee|[spread] p1a,p1b\n|-resisted|p1a: Armarouge\n|-crit|p1b: Indeedee\n|-damage|p1a: Armarouge|51\/100\n|-damage|p1b: Indeedee|0 fnt\n|faint|p1b: Indeedee\n|\n|upkeep\n|turn|6\n|\n|t:|1731779238\n|move|p2b: Typhlosion|Heat Wave|p1a: Armarouge\n|-resisted|p1a: Armarouge\n|-damage|p1a: Armarouge|16\/100\n|move|p1a: Armarouge|Heat Wave|p2b: Typhlosion|[spread] p2a,p2b\n|-resisted|p2b: Typhlosion\n|-damage|p2a: Weezing|0 fnt\n|-damage|p2b: Typhlosion|0 fnt\n|faint|p2a: Weezing\n|-end|p2a: Weezing|ability: Neutralizing Gas\n|faint|p2b: Typhlosion\n|\n|upkeep\n|\n|t:|1731779243\n|switch|p2b: Pawmot|Pawmot, L50, F, shiny|100\/100\n|turn|7\n|\n|t:|1731779246\n|-terastallize|p2b: Pawmot|Electric\n|move|p1a: Armarouge|Endure|p1a: Armarouge\n|-singleturn|p1a: Armarouge|move: Endure\n|move|p2b: Pawmot|Double Shock|p1a: Armarouge\n|-activate|p1a: Armarouge|move: Endure\n|-damage|p1a: Armarouge|1\/100\n|-start|p2b: Pawmot|typechange|Electric|[from] move: Double Shock\n|-ability|p1a: Armarouge|Weak Armor|boost\n|-unboost|p1a: Armarouge|def|1\n|-boost|p1a: Armarouge|spe|2\n|\n|upkeep\n|turn|8\n|inactive|Waffles4breakfast has 30 seconds left.\n|inactive|Waffles4breakfast has 20 seconds left.\n|inactive|Waffles4breakfast has 15 seconds left.\n|inactive|Waffles4breakfast has 10 seconds left.\n|inactive|Waffles4breakfast has 5 seconds left.\n|\n|t:|1731779301\n|move|p1a: Armarouge|Expanding Force|p2b: Pawmot\n|-damage|p2b: Pawmot|12\/100\n|move|p2b: Pawmot|Double Shock|p1a: Armarouge\n|-damage|p1a: Armarouge|0 fnt\n|-start|p2b: Pawmot|typechange|Electric|[from] move: Double Shock\n|faint|p1a: Armarouge\n|\n|win|ada + parker\n|raw|Waffles4breakfast's rating: 1685 &rarr; <strong>1664<\/strong><br \/>(-21 for losing)\n|raw|ada + parker's rating: 1674 &rarr; <strong>1695<\/strong><br \/>(+21 for winning)\n|l|\u2606ada + parker\n|player|p2|\n|l|\u2606Waffles4breakfast\n|player|p1|\n","uploadtime":1731779462,"views":22,"formatid":"gen9vgc2024regh","rating":1664,"private":0,"password":null}