{"id":"gen9vgc2024regh-2245122075","format":"[Gen 9] VGC 2024 Reg H","players":["Real_Iron_Hands","vgclth elowyn"],"log":"|raw|<div class=\"broadcast-blue\"><strong>This battle is required to be public due to a player having a name starting with 'vgclth'.<\/div>\n|j|\u2606Real_Iron_Hands\n|j|\u2606vgclth elowyn\n|t:|1731779407\n|gametype|doubles\n|player|p1|Real_Iron_Hands|hiker-gen4|1700\n|player|p2|vgclth elowyn|266|1729\n|teamsize|p1|6\n|teamsize|p2|6\n|gen|9\n|tier|[Gen 9] VGC 2024 Reg H\n|rated|\n|rule|Species Clause: Limit one of each Pok\u00e9mon\n|rule|Item Clause: Limit 1 of each item\n|clearpoke\n|poke|p1|Kingambit, L50, M|\n|poke|p1|Rillaboom, L50, F|\n|poke|p1|Sneasler, L50, F|\n|poke|p1|Volcarona, L50, M|\n|poke|p1|Basculegion, L50, M|\n|poke|p1|Clefairy, L50, M|\n|poke|p2|Dondozo, L50, F|\n|poke|p2|Tatsugiri, L50, F|\n|poke|p2|Dragonite, L50, F|\n|poke|p2|Gholdengo, L50|\n|poke|p2|Tyranitar, L50, F|\n|poke|p2|Murkrow, L50, F|\n|teampreview|4\nReal_Iron_Hands has agreed to open team sheets.\n|inactive|Battle timer is ON: inactive players will automatically lose when time's up. (requested by Real_Iron_Hands)\n|\n|t:|1731779434\n|start\n|switch|p1a: Kingambit|Kingambit, L50, M|100\/100\n|switch|p1b: Basculegion|Basculegion, L50, M|100\/100\n|switch|p2a: Murkrow|Murkrow, L50, F|100\/100\n|switch|p2b: Tyranitar|Tyranitar, L50, F|100\/100\n|-weather|Sandstorm|[from] ability: Sand Stream|[of] p2b: Tyranitar\n|turn|1\n|inactive|Real_Iron_Hands has 30 seconds left.\n|\n|t:|1731779464\n|-terastallize|p1b: Basculegion|Water\n|move|p1a: Kingambit|Protect|p1a: Kingambit\n|-singleturn|p1a: Kingambit|Protect\n|move|p2a: Murkrow|Tailwind|p2a: Murkrow\n|-sidestart|p2: vgclth elowyn|move: Tailwind\n|move|p2b: Tyranitar|Knock Off|p1b: Basculegion\n|-damage|p1b: Basculegion|28\/100\n|-enditem|p1b: Basculegion|Choice Scarf|[from] move: Knock Off|[of] p2b: Tyranitar\n|move|p1b: Basculegion|Flip Turn|p2a: Murkrow\n|-damage|p2a: Murkrow|48\/100\n|\n|t:|1731779473\n|switch|p1b: Rillaboom|Rillaboom, L50, F|100\/100|[from] Flip Turn\n|-fieldstart|move: Grassy Terrain|[from] ability: Grassy Surge|[of] p1b: Rillaboom\n|\n|-weather|Sandstorm|[upkeep]\n|-damage|p2a: Murkrow|42\/100|[from] Sandstorm\n|-damage|p1b: Rillaboom|94\/100|[from] Sandstorm\n|-heal|p1b: Rillaboom|100\/100|[from] Grassy Terrain\n|upkeep\n|turn|2\n|\n|t:|1731779497\n|move|p1b: Rillaboom|Fake Out|p2b: Tyranitar\n|-resisted|p2b: Tyranitar\n|-damage|p2b: Tyranitar|94\/100\n|cant|p2b: Tyranitar|flinch\n|move|p2a: Murkrow|Brave Bird|p1b: Rillaboom\n|-supereffective|p1b: Rillaboom\n|-damage|p1b: Rillaboom|29\/100\n|-damage|p2a: Murkrow|14\/100|[from] Recoil\n|move|p1a: Kingambit|Kowtow Cleave|p2b: Tyranitar\n|-resisted|p2b: Tyranitar\n|-damage|p2b: Tyranitar|67\/100\n|\n|-weather|Sandstorm|[upkeep]\n|-damage|p2a: Murkrow|8\/100|[from] Sandstorm\n|-damage|p1b: Rillaboom|23\/100|[from] Sandstorm\n|-heal|p2b: Tyranitar|73\/100|[from] Grassy Terrain\n|-heal|p1b: Rillaboom|29\/100|[from] Grassy Terrain\n|upkeep\n|turn|3\n|\n|t:|1731779519\n|switch|p2a: Gholdengo|Gholdengo, L50|100\/100\n|switch|p1a: Sneasler|Sneasler, L50, F|100\/100\n|-terastallize|p2b: Tyranitar|Flying\n|move|p1b: Rillaboom|Grassy Glide|p2a: Gholdengo\n|-resisted|p2a: Gholdengo\n|-damage|p2a: Gholdengo|78\/100\n|move|p2b: Tyranitar|Brick Break|p1a: Sneasler\n|-resisted|p1a: Sneasler\n|-damage|p1a: Sneasler|77\/100\n|\n|-weather|Sandstorm|[upkeep]\n|-damage|p2b: Tyranitar|67\/100|[from] Sandstorm\n|-damage|p1a: Sneasler|71\/100|[from] Sandstorm\n|-damage|p1b: Rillaboom|23\/100|[from] Sandstorm\n|-heal|p2a: Gholdengo|84\/100|[from] Grassy Terrain\n|-heal|p1a: Sneasler|77\/100|[from] Grassy Terrain\n|-heal|p1b: Rillaboom|29\/100|[from] Grassy Terrain\n|upkeep\n|turn|4\n|\n|t:|1731779542\n|move|p1a: Sneasler|Protect|p1a: Sneasler\n|-singleturn|p1a: Sneasler|Protect\n|move|p1b: Rillaboom|Grassy Glide|p2b: Tyranitar\n|-resisted|p2b: Tyranitar\n|-damage|p2b: Tyranitar|50\/100\n|move|p2a: Gholdengo|Make It Rain|p1a: Sneasler|[spread] p1b\n|-activate|p1a: Sneasler|move: Protect\n|-damage|p1b: Rillaboom|0 fnt\n|-unboost|p2a: Gholdengo|spa|1\n|faint|p1b: Rillaboom\n|move|p2b: Tyranitar|Tera Blast|p1a: Sneasler|[anim] Tera Blast Flying\n|-activate|p1a: Sneasler|move: Protect\n|\n|-weather|Sandstorm|[upkeep]\n|-damage|p2b: Tyranitar|44\/100|[from] Sandstorm\n|-damage|p1a: Sneasler|71\/100|[from] Sandstorm\n|-heal|p2a: Gholdengo|91\/100|[from] Grassy Terrain\n|-heal|p1a: Sneasler|77\/100|[from] Grassy Terrain\n|-sideend|p2: vgclth elowyn|move: Tailwind\n|upkeep\n|\n|t:|1731779551\n|switch|p1b: Basculegion|Basculegion, L50, M, tera:Water|28\/100\n|turn|5\n|\n|t:|1731779562\n|switch|p2a: Dragonite|Dragonite, L50, F|100\/100\n|move|p1a: Sneasler|Dire Claw|p2b: Tyranitar\n|-damage|p2b: Tyranitar|6\/100\n|-status|p2b: Tyranitar|slp\n|move|p1b: Basculegion|Last Respects|p2a: Dragonite\n|-damage|p2a: Dragonite|39\/100\n|cant|p2b: Tyranitar|slp\n|\n|-weather|none\n|-heal|p1a: Sneasler|83\/100|[from] Grassy Terrain\n|-heal|p1b: Basculegion|34\/100|[from] Grassy Terrain\n|-fieldend|move: Grassy Terrain\n|upkeep\n|turn|6\n|\n|t:|1731779585\n|switch|p1b: Kingambit|Kingambit, L50, M|100\/100\n|move|p2a: Dragonite|Extreme Speed|p1a: Sneasler\n|-damage|p1a: Sneasler|0 fnt\n|faint|p1a: Sneasler\n|cant|p2b: Tyranitar|slp\n|\n|upkeep\n|\n|t:|1731779594\n|switch|p1a: Basculegion|Basculegion, L50, M, tera:Water|34\/100\n|turn|7\n|\n|t:|1731779602\n|move|p2a: Dragonite|Extreme Speed|p1a: Basculegion\n|-damage|p1a: Basculegion|0 fnt\n|faint|p1a: Basculegion\n|move|p1b: Kingambit|Sucker Punch|p2b: Tyranitar\n|-damage|p2b: Tyranitar|0 fnt\n|faint|p2b: Tyranitar\n|\n|upkeep\n|\n|t:|1731779621\n|switch|p2b: Gholdengo|Gholdengo, L50|91\/100\n|turn|8\n|\n|t:|1731779628\n|switch|p2a: Murkrow|Murkrow, L50, F|8\/100\n|move|p2b: Gholdengo|Thunderbolt|p1b: Kingambit\n|-damage|p1b: Kingambit|56\/100\n|move|p1b: Kingambit|Kowtow Cleave|p2b: Gholdengo\n|-supereffective|p2b: Gholdengo\n|-damage|p2b: Gholdengo|0 fnt\n|faint|p2b: Gholdengo\n|\n|upkeep\n|\n|t:|1731779634\n|switch|p2b: Dragonite|Dragonite, L50, F|39\/100\n|turn|9\n|\n|t:|1731779642\n|move|p1b: Kingambit|Protect|p1b: Kingambit\n|-singleturn|p1b: Kingambit|Protect\n|move|p2b: Dragonite|Stomping Tantrum|p1b: Kingambit\n|-activate|p1b: Kingambit|move: Protect\n|move|p2a: Murkrow|Brave Bird|p1b: Kingambit\n|-activate|p1b: Kingambit|move: Protect\n|\n|upkeep\n|turn|10\n|\n|t:|1731779649\n|move|p1b: Kingambit|Sucker Punch|p2b: Dragonite\n|-damage|p2b: Dragonite|0 fnt\n|faint|p2b: Dragonite\n|move|p2a: Murkrow|Brave Bird|p1b: Kingambit\n|-resisted|p1b: Kingambit\n|-damage|p1b: Kingambit|42\/100\n|-damage|p2a: Murkrow|2\/100|[from] Recoil\n|\n|upkeep\n|turn|11\n|\n|t:|1731779656\n|move|p2a: Murkrow|Brave Bird|p1b: Kingambit\n|-resisted|p1b: Kingambit\n|-damage|p1b: Kingambit|29\/100\n|-damage|p2a: Murkrow|0 fnt|[from] Recoil\n|faint|p2a: Murkrow\n|\n|win|Real_Iron_Hands\n|raw|Real_Iron_Hands's rating: 1700 &rarr; <strong>1723<\/strong><br \/>(+23 for winning)\n|raw|vgclth elowyn's rating: 1747 &rarr; <strong>1724<\/strong><br \/>(-23 for losing)\n","uploadtime":1731779878,"views":22,"formatid":"gen9vgc2024regh","rating":1723,"private":0,"password":null}