{"id":"gen9vgc2024regh-2245525200","format":"[Gen 9] VGC 2024 Reg H","players":["vgclth elowyn","VGCLTH fangame"],"log":"|j|\u2606vgclth elowyn\n|j|\u2606VGCLTH fangame\n|t:|1731839778\n|gametype|doubles\n|player|p1|vgclth elowyn|101|1750\n|player|p2|VGCLTH fangame|red|1770\n|teamsize|p1|6\n|teamsize|p2|6\n|gen|9\n|tier|[Gen 9] VGC 2024 Reg H\n|rated|\n|rule|Species Clause: Limit one of each Pok\u00e9mon\n|rule|Item Clause: Limit 1 of each item\n|clearpoke\n|poke|p1|Chandelure, L50, F|\n|poke|p1|Sylveon, L50, F|\n|poke|p1|Talonflame, L50, M|\n|poke|p1|Dragapult, L50, M|\n|poke|p1|Electabuzz, L50, F|\n|poke|p1|Dragonite, L50, F|\n|poke|p2|Glaceon, L50, F|\n|poke|p2|Ninetales-Alola, L50, F|\n|poke|p2|Milotic, L50, M|\n|poke|p2|Incineroar, L50, F|\n|poke|p2|Ursaluna-Bloodmoon, L50, M|\n|poke|p2|Annihilape, L50, F|\n|teampreview|4\n|inactive|Battle timer is ON: inactive players will automatically lose when time's up. (requested by VGCLTH fangame)\n|\n|t:|1731839807\n|start\n|switch|p1a: MarcoFiaro|Talonflame, L50, M|100\/100\n|switch|p1b: Soullight|Chandelure, L50, F|100\/100\n|switch|p2a: Milotic|Milotic, L50, M, shiny|100\/100\n|switch|p2b: Incineroar|Incineroar, L50, F, shiny|100\/100\n|-ability|p2b: Incineroar|Intimidate|boost\n|-unboost|p1a: MarcoFiaro|atk|1\n|-unboost|p1b: Soullight|atk|1\n|turn|1\n|\n|t:|1731839824\n|move|p1a: MarcoFiaro|Sunny Day|p1a: MarcoFiaro\n|-weather|SunnyDay\n|move|p1b: Soullight|Heat Wave|p2a: Milotic|[spread] p2a,p2b\n|-resisted|p2a: Milotic\n|-resisted|p2b: Incineroar\n|-damage|p2a: Milotic|79\/100\n|-damage|p2b: Incineroar|69\/100\n|move|p2a: Milotic|Hypnosis|p1a: MarcoFiaro\n|-status|p1a: MarcoFiaro|slp|[from] move: Hypnosis\n|move|p2b: Incineroar|Knock Off|p1b: Soullight\n|-supereffective|p1b: Soullight\n|-enditem|p1b: Soullight|Focus Sash\n|-damage|p1b: Soullight|1\/100\n|\n|-weather|SunnyDay|[upkeep]\n|upkeep\n|turn|2\n|\n|t:|1731839844\n|cant|p1a: MarcoFiaro|slp\n|move|p1b: Soullight|Heat Wave|p2a: Milotic|[spread] p2a,p2b\n|-resisted|p2a: Milotic\n|-resisted|p2b: Incineroar\n|-damage|p2a: Milotic|57\/100\n|-damage|p2b: Incineroar|37\/100\n|move|p2a: Milotic|Muddy Water|p1a: MarcoFiaro|[spread] p1b\n|-miss|p2a: Milotic|p1a: MarcoFiaro\n|-supereffective|p1b: Soullight\n|-damage|p1b: Soullight|0 fnt\n|faint|p1b: Soullight\n|move|p2b: Incineroar|Knock Off|p1a: MarcoFiaro\n|-damage|p1a: MarcoFiaro|27\/100 slp\n|-enditem|p1a: MarcoFiaro|Covert Cloak|[from] move: Knock Off|[of] p2b: Incineroar\n|\n|-weather|SunnyDay|[upkeep]\n|upkeep\n|\n|t:|1731839854\n|switch|p1b: Moonlight|Sylveon, L50, F|100\/100\n|turn|3\n|\n|t:|1731839858\n|-terastallize|p1b: Moonlight|Fairy\n|cant|p1a: MarcoFiaro|slp\n|move|p2a: Milotic|Hypnosis|p1b: Moonlight\n|-status|p1b: Moonlight|slp|[from] move: Hypnosis\n|cant|p1b: Moonlight|slp\n|move|p2b: Incineroar|Flare Blitz|p1b: Moonlight\n|-damage|p1b: Moonlight|0 fnt\n|faint|p1b: Moonlight\n|-damage|p2b: Incineroar|9\/100|[from] Recoil\n|\n|-weather|SunnyDay|[upkeep]\n|upkeep\n|\n|t:|1731839863\n|switch|p1b: Dragonite|Dragonite, L50, F|100\/100\n|turn|4\n|\n|t:|1731839873\n|-curestatus|p1a: MarcoFiaro|slp|[msg]\n|move|p1a: MarcoFiaro|Dual Wingbeat|p2b: Incineroar\n|-damage|p2b: Incineroar|0 fnt\n|faint|p2b: Incineroar\n|-hitcount|p2: Incineroar|1\n|move|p1b: Dragonite|Scale Shot|p2a: Milotic\n|-damage|p2a: Milotic|43\/100\n|-enditem|p2a: Milotic|Sitrus Berry|[eat]\n|-heal|p2a: Milotic|68\/100|[from] item: Sitrus Berry\n|-damage|p2a: Milotic|52\/100\n|-damage|p2a: Milotic|36\/100\n|-damage|p2a: Milotic|20\/100\n|-hitcount|p2a: Milotic|4\n|-unboost|p1b: Dragonite|def|1\n|-boost|p1b: Dragonite|spe|1\n|move|p2a: Milotic|Muddy Water|p1b: Dragonite|[spread] p1a,p1b\n|-supereffective|p1a: MarcoFiaro\n|-resisted|p1b: Dragonite\n|-damage|p1a: MarcoFiaro|0 fnt\n|-damage|p1b: Dragonite|98\/100\n|faint|p1a: MarcoFiaro\n|\n|-weather|SunnyDay|[upkeep]\n|upkeep\n|\n|t:|1731839876\n|switch|p2b: Ninetales|Ninetales-Alola, L50, F, shiny|100\/100\n|-weather|Snow|[from] ability: Snow Warning|[of] p2b: Ninetales\n|turn|5\n|\n|t:|1731839884\n|move|p1b: Dragonite|Extreme Speed|p2a: Milotic\n|-damage|p2a: Milotic|0 fnt\n|faint|p2a: Milotic\n|move|p2b: Ninetales|Blizzard|p1b: Dragonite\n|-supereffective|p1b: Dragonite\n|-crit|p1b: Dragonite\n|-damage|p1b: Dragonite|0 fnt\n|faint|p1b: Dragonite\n|\n|win|VGCLTH fangame\n|raw|vgclth elowyn's rating: 1750 &rarr; <strong>1731<\/strong><br \/>(-19 for losing)\n|raw|VGCLTH fangame's rating: 1770 &rarr; <strong>1789<\/strong><br \/>(+19 for winning)\n|l|\u2606VGCLTH fangame\n|player|p2|\n","uploadtime":1731840112,"views":27,"formatid":"gen9vgc2024regh","rating":1731,"private":0,"password":null}