{"id":"gen9vgc2024regh-2245697868","format":"[Gen 9] VGC 2024 Reg H","players":["VGCLTH skibidi","por minha atendido"],"log":"|raw|<div class=\"broadcast-blue\"><strong>This battle is required to be public due to a player having a name starting with 'vgclth'.<\/div>\n|j|\u2606VGCLTH skibidi\n|j|\u2606por minha atendido\n|t:|1731866279\n|gametype|doubles\n|player|p1|VGCLTH skibidi|piers-masters|1698\n|player|p2|por minha atendido|102|1770\n|teamsize|p1|6\n|teamsize|p2|6\n|gen|9\n|tier|[Gen 9] VGC 2024 Reg H\n|rated|\n|rule|Species Clause: Limit one of each Pok\u00e9mon\n|rule|Item Clause: Limit 1 of each item\n|clearpoke\n|poke|p1|Ceruledge, L50, M|\n|poke|p1|Gastrodon-East, L50, F|\n|poke|p1|Sneasler, L50, F|\n|poke|p1|Kingambit, L50, M|\n|poke|p1|Rillaboom, L50, F|\n|poke|p1|Dragonite, L50, M|\n|poke|p2|Annihilape, L50, M|\n|poke|p2|Delphox, L50, F|\n|poke|p2|Murkrow, L50, F|\n|poke|p2|Sneasler, L50, F|\n|poke|p2|Indeedee, L50, M|\n|poke|p2|Gholdengo, L50|\n|teampreview|4\n|inactive|Battle timer is ON: inactive players will automatically lose when time's up. (requested by VGCLTH skibidi)\n|inactive|VGCLTH skibidi has 60 seconds left.\n|inactive|por minha atendido has 60 seconds left.\n|\n|t:|1731866337\n|start\n|switch|p1a: Imagine I miss lol|Dragonite, L50, M|100\/100\n|switch|p1b: Let's go gambling|Sneasler, L50, F|100\/100\n|switch|p2a: Indeedee|Indeedee, L50, M|100\/100\n|switch|p2b: Sneasler|Sneasler, L50, F|100\/100\n|-fieldstart|move: Psychic Terrain|[from] ability: Psychic Surge|[of] p2a: Indeedee\n|-enditem|p2b: Sneasler|Psychic Seed\n|-boost|p2b: Sneasler|spd|1|[from] item: Psychic Seed\n|turn|1\n|inactive|por minha atendido has 30 seconds left.\n|\n|t:|1731866362\n|move|p2b: Sneasler|Dire Claw|p1a: Imagine I miss lol\n|-damage|p1a: Imagine I miss lol|76\/100\n|move|p1b: Let's go gambling|Close Combat|p2a: Indeedee\n|-enditem|p2a: Indeedee|Focus Sash\n|-damage|p2a: Indeedee|1\/100\n|-unboost|p1b: Let's go gambling|def|1\n|-unboost|p1b: Let's go gambling|spd|1\n|move|p2a: Indeedee|Expanding Force|p1b: Let's go gambling|[spread] p1a,p1b\n|-supereffective|p1b: Let's go gambling\n|-damage|p1a: Imagine I miss lol|16\/100\n|-enditem|p1b: Let's go gambling|Focus Sash\n|-damage|p1b: Let's go gambling|1\/100\n|move|p1a: Imagine I miss lol|Scale Shot|p2b: Sneasler\n|-damage|p2b: Sneasler|75\/100\n|-damage|p2b: Sneasler|48\/100\n|-damage|p2b: Sneasler|22\/100\n|-damage|p2b: Sneasler|0 fnt\n|faint|p2b: Sneasler\n|-hitcount|p2: Sneasler|4\n|-unboost|p1a: Imagine I miss lol|def|1\n|-boost|p1a: Imagine I miss lol|spe|1\n|\n|upkeep\n|\n|t:|1731866377\n|switch|p2b: Murkrow|Murkrow, L50, F|100\/100\n|turn|2\n|\n|t:|1731866385\n|switch|p1b: Rizzler|Rillaboom, L50, F|100\/100\n|-fieldstart|move: Grassy Terrain|[from] ability: Grassy Surge|[of] p1b: Rizzler\n|move|p1a: Imagine I miss lol|Extreme Speed|p2a: Indeedee\n|-damage|p2a: Indeedee|0 fnt\n|faint|p2a: Indeedee\n|move|p2b: Murkrow|Tailwind|p2b: Murkrow\n|-sidestart|p2: por minha atendido|move: Tailwind\n|\n|upkeep\n|\n|t:|1731866388\n|switch|p2a: Delphox|Delphox, L50, F|100\/100\n|turn|3\n|\n|t:|1731866399\n|move|p1b: Rizzler|Fake Out|p2b: Murkrow\n|-damage|p2b: Murkrow|85\/100\n|move|p1a: Imagine I miss lol|Extreme Speed|p2b: Murkrow\n|-damage|p2b: Murkrow|54\/100\n|move|p2a: Delphox|Heat Wave|p1a: Imagine I miss lol|[spread] p1b\n|-miss|p2a: Delphox|p1a: Imagine I miss lol\n|-supereffective|p1b: Rizzler\n|-damage|p1b: Rizzler|0 fnt\n|faint|p1b: Rizzler\n|-damage|p2a: Delphox|91\/100|[from] item: Life Orb\n|cant|p2b: Murkrow|flinch\n|\n|-heal|p2a: Delphox|97\/100|[from] Grassy Terrain\n|upkeep\n|\n|t:|1731866406\n|switch|p1b: Godlyreal|Kingambit, L50, M|100\/100\n|turn|4\n|\n|t:|1731866413\n|-terastallize|p2a: Delphox|Fighting\n|-terastallize|p1b: Godlyreal|Flying\n|move|p1a: Imagine I miss lol|Extreme Speed|p2b: Murkrow\n|-damage|p2b: Murkrow|22\/100\n|move|p1b: Godlyreal|Sucker Punch|p2a: Delphox\n|-resisted|p2a: Delphox\n|-damage|p2a: Delphox|63\/100\n|move|p2a: Delphox|Heat Wave|p1a: Imagine I miss lol|[spread] p1a,p1b\n|-resisted|p1a: Imagine I miss lol\n|-damage|p1a: Imagine I miss lol|0 fnt\n|-damage|p1b: Godlyreal|70\/100\n|faint|p1a: Imagine I miss lol\n|-damage|p2a: Delphox|53\/100|[from] item: Life Orb\n|move|p2b: Murkrow|Foul Play|p1b: Godlyreal\n|-damage|p1b: Godlyreal|31\/100\n|\n|-heal|p2a: Delphox|59\/100|[from] Grassy Terrain\n|upkeep\n|\n|t:|1731866416\n|switch|p1a: Let's go gambling|Sneasler, L50, F|1\/100\n|turn|5\n|j| UGCL\n|\n|t:|1731866433\n|move|p2b: Murkrow|Protect|p2b: Murkrow\n|-singleturn|p2b: Murkrow|Protect\n|move|p2a: Delphox|Protect|p2a: Delphox\n|-singleturn|p2a: Delphox|Protect\n|move|p1a: Let's go gambling|Fake Out|p2b: Murkrow\n|-activate|p2b: Murkrow|move: Protect\n|move|p1b: Godlyreal|Tera Blast|p2a: Delphox|[anim] Tera Blast Flying\n|-activate|p2a: Delphox|move: Protect\n|\n|-heal|p2a: Delphox|65\/100|[from] Grassy Terrain\n|-heal|p1a: Let's go gambling|7\/100|[from] Grassy Terrain\n|-sideend|p2: por minha atendido|move: Tailwind\n|upkeep\n|turn|6\n|inactive|por minha atendido has 30 seconds left.\n|\n|t:|1731866462\n|move|p2a: Delphox|Protect|p2a: Delphox\n|-singleturn|p2a: Delphox|Protect\n|move|p1a: Let's go gambling|Close Combat|p2a: Delphox\n|-activate|p2a: Delphox|move: Protect\n|move|p2b: Murkrow|Foul Play|p1b: Godlyreal\n|-damage|p1b: Godlyreal|0 fnt\n|faint|p1b: Godlyreal\n|\n|-heal|p1a: Let's go gambling|13\/100|[from] Grassy Terrain\n|-heal|p2a: Delphox|71\/100|[from] Grassy Terrain\n|-fieldend|move: Grassy Terrain\n|upkeep\n|turn|7\n|\n|t:|1731866470\n|move|p1a: Let's go gambling|Close Combat|p2a: Delphox\n|-damage|p2a: Delphox|0 fnt\n|-unboost|p1a: Let's go gambling|def|1\n|-unboost|p1a: Let's go gambling|spd|1\n|faint|p2a: Delphox\n|move|p2b: Murkrow|Foul Play|p1a: Let's go gambling\n|-resisted|p1a: Let's go gambling\n|-damage|p1a: Let's go gambling|0 fnt\n|faint|p1a: Let's go gambling\n|\n|win|por minha atendido\n|raw|VGCLTH skibidi's rating: 1710 &rarr; <strong>1693<\/strong><br \/>(-17 for losing)\n|raw|por minha atendido's rating: 1770 &rarr; <strong>1787<\/strong><br \/>(+17 for winning)\n|l|\u2606por minha atendido\n|player|p2|\n|l|\u2606VGCLTH skibidi\n|player|p1|\n","uploadtime":1731866746,"views":17,"formatid":"gen9vgc2024regh","rating":1693,"private":0,"password":null}