{"id":"gen9vgc2024regh-2245264360","format":"[Gen 9] VGC 2024 Reg H","players":["ThiccestAppletun","VGCLTH low laddr"],"log":"|j|\u2606ThiccestAppletun\n|j|\u2606VGCLTH low laddr\n|t:|1731797069\n|gametype|doubles\n|player|p1|ThiccestAppletun|265|1716\n|player|p2|VGCLTH low laddr|lucas|1770\n|teamsize|p1|6\n|teamsize|p2|6\n|gen|9\n|tier|[Gen 9] VGC 2024 Reg H\n|rated|\n|rule|Species Clause: Limit one of each Pok\u00e9mon\n|rule|Item Clause: Limit 1 of each item\n|clearpoke\n|poke|p1|Dondozo, L50, M|\n|poke|p1|Tatsugiri, L50, M|\n|poke|p1|Pelipper, L50, M|\n|poke|p1|Archaludon, L50, M|\n|poke|p1|Rillaboom, L50, M|\n|poke|p1|Pawmot, L50, M|\n|poke|p2|Sneasler, L50, F|\n|poke|p2|Ursaluna-Bloodmoon, L50, M|\n|poke|p2|Incineroar, L50, F|\n|poke|p2|Gholdengo, L50|\n|poke|p2|Rillaboom, L50, F|\n|poke|p2|Dragonite, L50, M|\n|teampreview|4\n|inactive|Battle timer is ON: inactive players will automatically lose when time's up. (requested by VGCLTH low laddr)\n|j| jdarcan\n|inactive|VGCLTH low laddr has 60 seconds left.\n|\n|t:|1731797123\n|start\n|switch|p1a: Pelipper|Pelipper, L50, M|100\/100\n|switch|p1b: Dondozo|Dondozo, L50, M|100\/100\n|switch|p2a: Dragonite|Dragonite, L50, M|100\/100\n|switch|p2b: Sneasler|Sneasler, L50, F|100\/100\n|-weather|RainDance|[from] ability: Drizzle|[of] p1a: Pelipper\n|turn|1\n|\n|t:|1731797145\n|-terastallize|p1a: Pelipper|Steel\n|move|p1b: Dondozo|Protect|p1b: Dondozo\n|-singleturn|p1b: Dondozo|Protect\n|move|p2b: Sneasler|Dire Claw|p1b: Dondozo\n|-activate|p1b: Dondozo|move: Protect\n|move|p2a: Dragonite|Tailwind|p2a: Dragonite\n|-sidestart|p2: VGCLTH low laddr|move: Tailwind\n|move|p1a: Pelipper|Tailwind|p1a: Pelipper\n|-sidestart|p1: ThiccestAppletun|move: Tailwind\n|\n|-weather|RainDance|[upkeep]\n|upkeep\n|turn|2\n|\n|t:|1731797162\n|switch|p1a: Tatsugiri|Tatsugiri, L50, M|100\/100\n|-activate|p1a: Tatsugiri|ability: Commander|[of] p1b: Dondozo\n|-boost|p1b: Dondozo|atk|2\n|-boost|p1b: Dondozo|spa|2\n|-boost|p1b: Dondozo|spe|2\n|-boost|p1b: Dondozo|def|2\n|-boost|p1b: Dondozo|spd|2\n|move|p2b: Sneasler|Dire Claw|p1b: Dondozo\n|-damage|p1b: Dondozo|86\/100\n|move|p1b: Dondozo|Surf|p2b: Sneasler|[spread] p2a,p2b\n|-miss|p1b: Dondozo|p1a: Tatsugiri\n|-resisted|p2a: Dragonite\n|-damage|p2a: Dragonite|79\/100\n|-enditem|p2b: Sneasler|Focus Sash\n|-damage|p2b: Sneasler|1\/100\n|move|p2a: Dragonite|Scale Shot|p1b: Dondozo\n|-damage|p1b: Dondozo|81\/100\n|-damage|p1b: Dondozo|76\/100\n|-damage|p1b: Dondozo|72\/100\n|-damage|p1b: Dondozo|66\/100\n|-hitcount|p1b: Dondozo|4\n|-unboost|p2a: Dragonite|def|1\n|-boost|p2a: Dragonite|spe|1\n|\n|-weather|RainDance|[upkeep]\n|upkeep\n|turn|3\n|\n|t:|1731797183\n|move|p2a: Dragonite|Scale Shot|p1b: Dondozo\n|-damage|p1b: Dondozo|61\/100\n|-damage|p1b: Dondozo|56\/100\n|-damage|p1b: Dondozo|50\/100\n|-damage|p1b: Dondozo|46\/100\n|-hitcount|p1b: Dondozo|4\n|-unboost|p2a: Dragonite|def|1\n|-boost|p2a: Dragonite|spe|1\n|move|p2b: Sneasler|Dire Claw|p1b: Dondozo\n|-damage|p1b: Dondozo|30\/100\n|-status|p1b: Dondozo|psn|[from] ability: Poison Touch|[of] p2b: Sneasler\n|move|p1b: Dondozo|Surf|p2b: Sneasler|[spread] p2a,p2b\n|-miss|p1b: Dondozo|p1a: Tatsugiri\n|-resisted|p2a: Dragonite\n|-damage|p2a: Dragonite|33\/100\n|-damage|p2b: Sneasler|0 fnt\n|faint|p2b: Sneasler\n|\n|-weather|RainDance|[upkeep]\n|-damage|p1b: Dondozo|17\/100 psn|[from] psn\n|upkeep\n|\n|t:|1731797200\n|switch|p2b: Rillaboom|Rillaboom, L50, F|100\/100\n|-fieldstart|move: Grassy Terrain|[from] ability: Grassy Surge|[of] p2b: Rillaboom\n|turn|4\n|\n|t:|1731797204\n|move|p2b: Rillaboom|Grassy Glide|p1b: Dondozo\n|-supereffective|p1b: Dondozo\n|-damage|p1b: Dondozo|0 fnt\n|faint|p1b: Dondozo\n|move|p2a: Dragonite|Scale Shot|p1a: Tatsugiri\n|-supereffective|p1a: Tatsugiri\n|-damage|p1a: Tatsugiri|53\/100\n|-supereffective|p1a: Tatsugiri\n|-damage|p1a: Tatsugiri|2\/100\n|-supereffective|p1a: Tatsugiri\n|-damage|p1a: Tatsugiri|0 fnt\n|faint|p1a: Tatsugiri\n|-hitcount|p1: Tatsugiri|3\n|-unboost|p2a: Dragonite|def|1\n|-boost|p2a: Dragonite|spe|1\n|\n|-weather|RainDance|[upkeep]\n|-sideend|p1: ThiccestAppletun|move: Tailwind\n|-sideend|p2: VGCLTH low laddr|move: Tailwind\n|upkeep\n|\n|t:|1731797206\n|switch|p1a: Pelipper|Pelipper, L50, M, tera:Steel|100\/100\n|switch|p1b: Pawmot|Pawmot, L50, M|100\/100\n|turn|5\n|\n|t:|1731797221\n|switch|p2a: Ursaluna|Ursaluna-Bloodmoon, L50, M|100\/100\n|move|p1b: Pawmot|Fake Out|p2a: Ursaluna\n|-damage|p2a: Ursaluna|90\/100\n|move|p2b: Rillaboom|Grassy Glide|p1b: Pawmot\n|-damage|p1b: Pawmot|38\/100\n|move|p1a: Pelipper|Tailwind|p1a: Pelipper\n|-sidestart|p1: ThiccestAppletun|move: Tailwind\n|\n|-weather|none\n|-heal|p1b: Pawmot|44\/100|[from] Grassy Terrain\n|-heal|p2a: Ursaluna|97\/100|[from] Grassy Terrain\n|upkeep\n|turn|6\n|\n|t:|1731797234\n|move|p2b: Rillaboom|Grassy Glide|p1b: Pawmot\n|-damage|p1b: Pawmot|0 fnt\n|faint|p1b: Pawmot\n|move|p1a: Pelipper|Hurricane|p2b: Rillaboom|[miss]\n|-miss|p1a: Pelipper|p2b: Rillaboom\n|move|p2a: Ursaluna|Earth Power|p1a: Pelipper\n|-supereffective|p1a: Pelipper\n|-damage|p1a: Pelipper|0 fnt\n|faint|p1a: Pelipper\n|\n|win|VGCLTH low laddr\n|raw|ThiccestAppletun's rating: 1716 &rarr; <strong>1699<\/strong><br \/>(-17 for losing)\n|raw|VGCLTH low laddr's rating: 1770 &rarr; <strong>1787<\/strong><br \/>(+17 for winning)\n|l|\u2606ThiccestAppletun\n|player|p1|\n|l|\u2606VGCLTH low laddr\n|player|p2|\n","uploadtime":1731797380,"views":12,"formatid":"gen9vgc2024regh","rating":1699,"private":0,"password":null}