{"id":"gen9vgc2024regh-2245870222","format":"[Gen 9] VGC 2024 Reg H","players":["ciraulo","VGCLTH Sac gaming"],"log":"|raw|<div class=\"broadcast-blue\"><strong>This battle is required to be public due to a player having a name starting with 'vgclth'.<\/div>\n|j|\u2606ciraulo\n|j|\u2606VGCLTH Sac gaming\n|t:|1731886606\n|gametype|doubles\n|player|p1|ciraulo|170|1681\n|player|p2|VGCLTH Sac gaming|steven|1730\n|teamsize|p1|6\n|teamsize|p2|6\n|gen|9\n|tier|[Gen 9] VGC 2024 Reg H\n|rated|\n|rule|Species Clause: Limit one of each Pok\u00e9mon\n|rule|Item Clause: Limit 1 of each item\n|clearpoke\n|poke|p1|Tyranitar, L50, M|\n|poke|p1|Excadrill, L50, M|\n|poke|p1|Rotom-Heat, L50|\n|poke|p1|Corviknight, L50, M|\n|poke|p1|Amoonguss, L50, F|\n|poke|p1|Milotic, L50, F|\n|poke|p2|Whimsicott, L50, M|\n|poke|p2|Dragonite, L50, F|\n|poke|p2|Ursaluna-Bloodmoon, L50, M|\n|poke|p2|Gholdengo, L50|\n|poke|p2|Incineroar, L50, F|\n|poke|p2|Annihilape, L50, F|\n|teampreview|4\n|inactive|Battle timer is ON: inactive players will automatically lose when time's up. (requested by ciraulo)\nciraulo rejected open team sheets.\n|j| showdown the spire\n|j| Reyggor\n|inactive|VGCLTH Sac gaming has 60 seconds left.\n|\n|t:|1731886642\n|start\n|switch|p1a: Milotic|Milotic, L50, F|100\/100\n|switch|p1b: Corviknight|Corviknight, L50, M|100\/100\n|switch|p2a: Annihilape|Annihilape, L50, F|100\/100\n|switch|p2b: Gholdengo|Gholdengo, L50|100\/100\n|turn|1\n|\n|t:|1731886665\n|-terastallize|p2b: Gholdengo|Steel\n|move|p2a: Annihilape|Final Gambit|p1b: Corviknight\n|-damage|p1b: Corviknight|4\/100\n|faint|p2a: Annihilape\n|move|p2b: Gholdengo|Make It Rain|p1a: Milotic|[spread] p1a,p1b\n|-resisted|p1a: Milotic\n|-resisted|p1b: Corviknight\n|-damage|p1a: Milotic|62\/100\n|-damage|p1b: Corviknight|0 fnt\n|-unboost|p2b: Gholdengo|spa|1\n|faint|p1b: Corviknight\n|move|p1a: Milotic|Muddy Water|p2b: Gholdengo\n|-crit|p2b: Gholdengo\n|-damage|p2b: Gholdengo|28\/100\n|\n|-heal|p1a: Milotic|69\/100|[from] item: Leftovers\n|upkeep\n|\n|t:|1731886678\n|switch|p2a: Dragonite|Dragonite, L50, F|100\/100\n|switch|p1b: Tyranitar|Tyranitar, L50, M|100\/100\n|-weather|Sandstorm|[from] ability: Sand Stream|[of] p1b: Tyranitar\n|turn|2\n|j| Thorsten_123\n|\n|t:|1731886693\n|move|p1a: Milotic|Protect|p1a: Milotic\n|-singleturn|p1a: Milotic|Protect\n|move|p1b: Tyranitar|Protect|p1b: Tyranitar\n|-singleturn|p1b: Tyranitar|Protect\n|move|p2b: Gholdengo|Make It Rain|p1b: Tyranitar|[spread] \n|-activate|p1a: Milotic|move: Protect\n|-activate|p1b: Tyranitar|move: Protect\n|move|p2a: Dragonite|Scale Shot|p1b: Tyranitar\n|-activate|p1b: Tyranitar|move: Protect\n|\n|-weather|Sandstorm|[upkeep]\n|-damage|p2a: Dragonite|95\/100|[from] Sandstorm\n|-damage|p1a: Milotic|62\/100|[from] Sandstorm\n|-heal|p1a: Milotic|69\/100|[from] item: Leftovers\n|upkeep\n|turn|3\n|\n|t:|1731886703\n|move|p2b: Gholdengo|Make It Rain|p1a: Milotic|[spread] p1a,p1b\n|-resisted|p1a: Milotic\n|-supereffective|p1b: Tyranitar\n|-damage|p1a: Milotic|45\/100\n|-damage|p1b: Tyranitar|20\/100\n|-unboost|p2b: Gholdengo|spa|1\n|-enditem|p1b: Tyranitar|Weakness Policy\n|-boost|p1b: Tyranitar|atk|2|[from] item: Weakness Policy\n|-boost|p1b: Tyranitar|spa|2|[from] item: Weakness Policy\n|move|p2a: Dragonite|Haze|p2a: Dragonite\n|-clearallboost\n|move|p1a: Milotic|Ice Beam|p2a: Dragonite\n|-supereffective|p2a: Dragonite\n|-damage|p2a: Dragonite|0 fnt\n|faint|p2a: Dragonite\n|move|p1b: Tyranitar|Rock Slide|p2b: Gholdengo|[miss]\n|-miss|p1b: Tyranitar|p2b: Gholdengo\n|\n|-weather|Sandstorm|[upkeep]\n|-damage|p1a: Milotic|39\/100|[from] Sandstorm\n|-heal|p1a: Milotic|45\/100|[from] item: Leftovers\n|upkeep\n|\n|t:|1731886709\n|switch|p2a: Ursaluna|Ursaluna-Bloodmoon, L50, M|100\/100\n|turn|4\n|\n|t:|1731886723\n|move|p1b: Tyranitar|Protect|p1b: Tyranitar\n|-singleturn|p1b: Tyranitar|Protect\n|move|p2a: Ursaluna|Vacuum Wave|p1a: Milotic\n|-damage|p1a: Milotic|32\/100\n|move|p2b: Gholdengo|Make It Rain|p1a: Milotic|[spread] p1a\n|-activate|p1b: Tyranitar|move: Protect\n|-resisted|p1a: Milotic\n|-damage|p1a: Milotic|0 fnt\n|-unboost|p2b: Gholdengo|spa|1\n|faint|p1a: Milotic\n|\n|-weather|Sandstorm|[upkeep]\n|upkeep\n|\n|t:|1731886724\n|switch|p1a: Excadrill|Excadrill, L50, M|100\/100\n|turn|5\n|\n|t:|1731886742\n|-terastallize|p1a: Excadrill|Ground\n|move|p2a: Ursaluna|Vacuum Wave|p1b: Tyranitar\n|-supereffective|p1b: Tyranitar\n|-damage|p1b: Tyranitar|0 fnt\n|faint|p1b: Tyranitar\n|move|p1a: Excadrill|Earthquake|p2b: Gholdengo|[spread] p2a,p2b\n|-supereffective|p2b: Gholdengo\n|-damage|p2a: Ursaluna|59\/100\n|-damage|p2b: Gholdengo|0 fnt\n|faint|p2b: Gholdengo\n|\n|-weather|Sandstorm|[upkeep]\n|upkeep\n|turn|6\n|\n|t:|1731886753\n|move|p1a: Excadrill|Earthquake|p2a: Ursaluna\n|-damage|p2a: Ursaluna|10\/100\n|move|p2a: Ursaluna|Blood Moon|p1a: Excadrill\n|-enditem|p1a: Excadrill|Focus Sash\n|-damage|p1a: Excadrill|1\/100\n|\n|-weather|none\n|upkeep\n|turn|7\n|\n|t:|1731886757\n|move|p1a: Excadrill|Protect|p1a: Excadrill\n|-singleturn|p1a: Excadrill|Protect\n|move|p2a: Ursaluna|Vacuum Wave|p1a: Excadrill\n|-activate|p1a: Excadrill|move: Protect\n|\n|upkeep\n|turn|8\n|\n|t:|1731886760\n|move|p1a: Excadrill|Protect||[still]\n|-fail|p1a: Excadrill\n|move|p2a: Ursaluna|Vacuum Wave|p1a: Excadrill\n|-damage|p1a: Excadrill|0 fnt\n|faint|p1a: Excadrill\n|\n|win|VGCLTH Sac gaming\n|raw|ciraulo's rating: 1681 &rarr; <strong>1662<\/strong><br \/>(-19 for losing)\n|raw|VGCLTH Sac gaming's rating: 1705 &rarr; <strong>1724<\/strong><br \/>(+19 for winning)\n|l|\u2606ciraulo\n|player|p1|\n|l|\u2606VGCLTH Sac gaming\n|player|p2|\n|l| showdown the spire\n|l| Reyggor\n|l| Thorsten_123\n","uploadtime":1731886923,"views":13,"formatid":"gen9vgc2024regh","rating":1662,"private":0,"password":null}