{"id":"gen9vgc2024regh-2245792992","format":"[Gen 9] VGC 2024 Reg H","players":["jet black polter","VGCLTH lily"],"log":"|raw|<div class=\"broadcast-blue\"><strong>This battle is required to be public due to a player having a name starting with 'vgclth'.<\/div>\n|j|\u2606jet black polter\n|j|\u2606VGCLTH lily\n|t:|1731877402\n|gametype|doubles\n|player|p1|jet black polter|169|1699\n|player|p2|VGCLTH lily|akari|1763\n|teamsize|p1|6\n|teamsize|p2|6\n|gen|9\n|tier|[Gen 9] VGC 2024 Reg H\n|rated|\n|rule|Species Clause: Limit one of each Pok\u00e9mon\n|rule|Item Clause: Limit 1 of each item\n|clearpoke\n|poke|p1|Sneasler, L50, F|\n|poke|p1|Volcarona, L50, M|\n|poke|p1|Garganacl, L50, M|\n|poke|p1|Meowscarada, L50, M|\n|poke|p1|Salamence, L50, F|\n|poke|p1|Kingambit, L50, F|\n|poke|p2|Baxcalibur, L50, F|\n|poke|p2|Dondozo, L50, M|\n|poke|p2|Kingambit, L50, M|\n|poke|p2|Rillaboom, L50, M|\n|poke|p2|Sneasler, L50, F|\n|poke|p2|Volcarona, L50, M|\n|teampreview|4\n|\n|t:|1731877436\n|start\n|switch|p1a: Sneasler|Sneasler, L50, F|100\/100\n|switch|p1b: Garganacl|Garganacl, L50, M|100\/100\n|switch|p2a: Sneasler|Sneasler, L50, F|100\/100\n|switch|p2b: Baxcalibur|Baxcalibur, L50, F|100\/100\n|turn|1\n|\n|t:|1731877454\n|-terastallize|p2b: Baxcalibur|Ghost\n|move|p2a: Sneasler|Protect|p2a: Sneasler\n|-singleturn|p2a: Sneasler|Protect\n|move|p1a: Sneasler|Fake Out|p2b: Baxcalibur\n|-immune|p2b: Baxcalibur\n|move|p2b: Baxcalibur|Scale Shot|p1a: Sneasler|[miss]\n|-miss|p2b: Baxcalibur|p1a: Sneasler\n|move|p1b: Garganacl|Iron Defense|p1b: Garganacl\n|-boost|p1b: Garganacl|def|2\n|\n|upkeep\n|turn|2\n|\n|t:|1731877478\n|move|p1a: Sneasler|Protect|p1a: Sneasler\n|-singleturn|p1a: Sneasler|Protect\n|move|p2a: Sneasler|Close Combat|p1b: Garganacl\n|-supereffective|p1b: Garganacl\n|-crit|p1b: Garganacl\n|-damage|p1b: Garganacl|0 fnt\n|-unboost|p2a: Sneasler|def|1\n|-unboost|p2a: Sneasler|spd|1\n|faint|p1b: Garganacl\n|move|p2b: Baxcalibur|Icicle Spear|p1a: Sneasler\n|-activate|p1a: Sneasler|move: Protect\n|\n|upkeep\n|\n|t:|1731877483\n|switch|p1b: Salamence|Salamence, L50, F|100\/100\n|-ability|p1b: Salamence|Intimidate|boost\n|-unboost|p2a: Sneasler|atk|1\n|-unboost|p2b: Baxcalibur|atk|1\n|turn|3\n|j| Kpxbrothers\n|\n|t:|1731877506\n|-terastallize|p1b: Salamence|Steel\n|move|p1b: Salamence|Air Slash|p2b: Baxcalibur\n|-damage|p2b: Baxcalibur|64\/100\n|move|p2a: Sneasler|Dire Claw|p1b: Salamence\n|-immune|p1b: Salamence\n|move|p1a: Sneasler|Dire Claw|p2b: Baxcalibur\n|-resisted|p2b: Baxcalibur\n|-damage|p2b: Baxcalibur|42\/100\n|move|p2b: Baxcalibur|Icicle Spear|p1a: Sneasler\n|-damage|p1a: Sneasler|83\/100\n|-damage|p1a: Sneasler|65\/100\n|-damage|p1a: Sneasler|47\/100\n|-damage|p1a: Sneasler|29\/100\n|-hitcount|p1a: Sneasler|4\n|\n|upkeep\n|turn|4\n|\n|t:|1731877529\n|switch|p1b: Volcarona|Volcarona, L50, M|100\/100\n|switch|p2b: Kingambit|Kingambit, L50, M|100\/100\n|move|p2a: Sneasler|Protect|p2a: Sneasler\n|-singleturn|p2a: Sneasler|Protect\n|move|p1a: Sneasler|Dire Claw|p2a: Sneasler\n|-activate|p2a: Sneasler|move: Protect\n|\n|upkeep\n|turn|5\n|\n|t:|1731877548\n|move|p1a: Sneasler|Protect|p1a: Sneasler\n|-singleturn|p1a: Sneasler|Protect\n|move|p2b: Kingambit|Sucker Punch||[still]\n|-fail|p2b: Kingambit\n|move|p2a: Sneasler|Coaching|p2b: Kingambit\n|-boost|p2b: Kingambit|atk|1\n|-boost|p2b: Kingambit|def|1\n|move|p1b: Volcarona|Will-O-Wisp|p2a: Sneasler\n|-status|p2a: Sneasler|brn\n|\n|-damage|p2a: Sneasler|95\/100 brn|[from] brn\n|upkeep\n|turn|6\n|\n|t:|1731877566\n|switch|p2a: Volcarona|Volcarona, L50, M|100\/100\n|move|p2b: Kingambit|Protect|p2b: Kingambit\n|-singleturn|p2b: Kingambit|Protect\n|move|p1b: Volcarona|Rage Powder|p1b: Volcarona\n|-singleturn|p1b: Volcarona|move: Rage Powder\n|move|p1a: Sneasler|Close Combat|p2b: Kingambit\n|-activate|p2b: Kingambit|move: Protect\n|\n|upkeep\n|turn|7\n|\n|t:|1731877579\n|move|p2b: Kingambit|Sucker Punch|p1a: Sneasler\n|-resisted|p1a: Sneasler\n|-damage|p1a: Sneasler|0 fnt\n|faint|p1a: Sneasler\n|move|p2a: Volcarona|Quiver Dance|p2a: Volcarona\n|-boost|p2a: Volcarona|spa|1\n|-boost|p2a: Volcarona|spd|1\n|-boost|p2a: Volcarona|spe|1\n|move|p1b: Volcarona|Fiery Dance|p2a: Volcarona\n|-damage|p2a: Volcarona|80\/100\n|\n|upkeep\n|\n|t:|1731877582\n|switch|p1a: Salamence|Salamence, L50, F, tera:Steel|100\/100\n|-ability|p1a: Salamence|Intimidate|boost\n|-unboost|p2a: Volcarona|atk|1\n|-unboost|p2b: Kingambit|atk|1\n|-ability|p2b: Kingambit|Defiant|boost\n|-boost|p2b: Kingambit|atk|2\n|turn|8\n|c|\u2606jet black polter|sucks to lose on a crit\n|-message|jet black polter forfeited.\n|\n|win|VGCLTH lily\n|raw|jet black polter's rating: 1699 &rarr; <strong>1683<\/strong><br \/>(-16 for losing)\n|raw|VGCLTH lily's rating: 1763 &rarr; <strong>1779<\/strong><br \/>(+16 for winning)\n|l|\u2606jet black polter\n|player|p1|\n|l|\u2606VGCLTH lily\n|player|p2|\n","uploadtime":1731877776,"views":12,"formatid":"gen9vgc2024regh","rating":1683,"private":0,"password":null}