{"id":"gen9vgc2024regh-2245115322","format":"[Gen 9] VGC 2024 Reg H","players":["big raina","vgclth elowyn"],"log":"|raw|<div class=\"broadcast-blue\"><strong>This battle is required to be public due to a player having a name starting with 'vgclth'.<\/div>\n|j|\u2606big raina\n|j|\u2606vgclth elowyn\n|t:|1731778556\n|gametype|doubles\n|player|p1|big raina|1|1791\n|player|p2|vgclth elowyn|266|1684\n|teamsize|p1|6\n|teamsize|p2|6\n|gen|9\n|tier|[Gen 9] VGC 2024 Reg H\n|rated|\n|rule|Species Clause: Limit one of each Pok\u00e9mon\n|rule|Item Clause: Limit 1 of each item\n|clearpoke\n|poke|p1|Ursaluna-Bloodmoon, L50, M|\n|poke|p1|Dragonite, L50, M|\n|poke|p1|Kommo-o, L50, M|\n|poke|p1|Grimmsnarl, L50, M|\n|poke|p1|Volcarona, L50, M|\n|poke|p1|Archaludon, L50, F|\n|poke|p2|Dondozo, L50, M|\n|poke|p2|Tatsugiri, L50, F|\n|poke|p2|Dragonite, L50, M|\n|poke|p2|Gholdengo, L50|\n|poke|p2|Tyranitar, L50, F|\n|poke|p2|Murkrow, L50, F|\n|teampreview|4\n|\n|t:|1731778588\n|start\n|switch|p1a: Grimmsnarl|Grimmsnarl, L50, M|100\/100\n|switch|p1b: Ursaluna|Ursaluna-Bloodmoon, L50, M|100\/100\n|switch|p2a: Murkrow|Murkrow, L50, F|100\/100\n|switch|p2b: Dragonite|Dragonite, L50, M|100\/100\n|turn|1\n|\n|t:|1731778601\n|-terastallize|p2b: Dragonite|Flying\n|move|p2a: Murkrow|Tailwind|p2a: Murkrow\n|-sidestart|p2: vgclth elowyn|move: Tailwind\n|move|p1a: Grimmsnarl|Reflect|p1a: Grimmsnarl\n|-sidestart|p1: big raina|Reflect\n|move|p2b: Dragonite|Tera Blast|p1b: Ursaluna|[anim] Tera Blast Flying\n|-damage|p1b: Ursaluna|51\/100\n|move|p1b: Ursaluna|Hyper Voice|p2b: Dragonite|[spread] p2a,p2b\n|-damage|p2a: Murkrow|68\/100\n|-damage|p2b: Dragonite|59\/100\n|\n|upkeep\n|turn|2\n|\n|t:|1731778617\n|move|p2b: Dragonite|Tera Blast|p1b: Ursaluna|[anim] Tera Blast Flying\n|-damage|p1b: Ursaluna|7\/100\n|move|p2a: Murkrow|Brave Bird|p1b: Ursaluna\n|-damage|p1b: Ursaluna|0 fnt\n|faint|p1b: Ursaluna\n|-damage|p2a: Murkrow|65\/100|[from] Recoil\n|move|p1a: Grimmsnarl|Foul Play|p2b: Dragonite\n|-crit|p2b: Dragonite\n|-damage|p2b: Dragonite|0 fnt\n|faint|p2b: Dragonite\n|\n|upkeep\n|\n|t:|1731778626\n|switch|p2b: Dondozo|Dondozo, L50, M|100\/100\n|switch|p1b: Archaludon|Archaludon, L50, F|100\/100\n|turn|3\n|inactive|Battle timer is ON: inactive players will automatically lose when time's up. (requested by big raina)\n|\n|t:|1731778644\n|switch|p2a: Tatsugiri|Tatsugiri, L50, F|100\/100\n|-activate|p2a: Tatsugiri|ability: Commander|[of] p2b: Dondozo\n|-boost|p2b: Dondozo|atk|2\n|-boost|p2b: Dondozo|spa|2\n|-boost|p2b: Dondozo|spe|2\n|-boost|p2b: Dondozo|def|2\n|-boost|p2b: Dondozo|spd|2\n|switch|p1b: Dragonite|Dragonite, L50, M|100\/100\n|move|p2b: Dondozo|Protect|p2b: Dondozo\n|-singleturn|p2b: Dondozo|Protect\n|move|p1a: Grimmsnarl|Thunder Wave|p2b: Dondozo\n|-activate|p2b: Dondozo|move: Protect\n|\n|upkeep\n|turn|4\n|\n|t:|1731778664\n|move|p1a: Grimmsnarl|Thunder Wave|p2b: Dondozo\n|-status|p2b: Dondozo|par\n|move|p2b: Dondozo|Wave Crash|p1b: Dragonite\n|-resisted|p1b: Dragonite\n|-damage|p1b: Dragonite|80\/100\n|-damage|p2b: Dondozo|96\/100 par|[from] Recoil\n|move|p1b: Dragonite|Haze|p1b: Dragonite\n|-clearallboost\n|\n|-heal|p2b: Dondozo|100\/100 par|[from] item: Leftovers\n|-sideend|p2: vgclth elowyn|move: Tailwind\n|upkeep\n|turn|5\n|\n|t:|1731778672\n|move|p1b: Dragonite|Scale Shot|p2b: Dondozo\n|-damage|p2b: Dondozo|90\/100 par\n|-damage|p2b: Dondozo|79\/100 par\n|-damage|p2b: Dondozo|68\/100 par\n|-damage|p2b: Dondozo|57\/100 par\n|-crit|p2b: Dondozo\n|-damage|p2b: Dondozo|41\/100 par\n|-hitcount|p2b: Dondozo|5\n|-unboost|p1b: Dragonite|def|1\n|-boost|p1b: Dragonite|spe|1\n|move|p1a: Grimmsnarl|Foul Play|p2b: Dondozo\n|-damage|p2b: Dondozo|12\/100 par\n|move|p2b: Dondozo|Fissure|p1a: Grimmsnarl|[miss]\n|-miss|p2b: Dondozo|p1a: Grimmsnarl\n|\n|-heal|p2b: Dondozo|19\/100 par|[from] item: Leftovers\n|upkeep\n|turn|6\n|\n|t:|1731778681\n|move|p1b: Dragonite|Extreme Speed|p2b: Dondozo\n|-damage|p2b: Dondozo|0 fnt\n|faint|p2b: Dondozo\n|move|p1a: Grimmsnarl|Thunder Wave|p2a: Tatsugiri\n|-status|p2a: Tatsugiri|par\n|\n|upkeep\n|\n|t:|1731778684\n|switch|p2b: Murkrow|Murkrow, L50, F|65\/100\n|turn|7\n|\n|t:|1731778692\n|-terastallize|p1b: Dragonite|Water\n|move|p2b: Murkrow|Tailwind|p2b: Murkrow\n|-sidestart|p2: vgclth elowyn|move: Tailwind\n|move|p1a: Grimmsnarl|Light Screen|p1a: Grimmsnarl\n|-sidestart|p1: big raina|move: Light Screen\n|move|p2a: Tatsugiri|Draco Meteor|p1b: Dragonite\n|-damage|p1b: Dragonite|31\/100\n|-unboost|p2a: Tatsugiri|spa|2\n|move|p1b: Dragonite|Scale Shot|p2a: Tatsugiri\n|-supereffective|p2a: Tatsugiri\n|-damage|p2a: Tatsugiri|45\/100 par\n|-supereffective|p2a: Tatsugiri\n|-damage|p2a: Tatsugiri|0 fnt\n|faint|p2a: Tatsugiri\n|-hitcount|p2: Tatsugiri|2\n|-unboost|p1b: Dragonite|def|1\n|-boost|p1b: Dragonite|spe|1\n|\n|upkeep\n|turn|8\n|j| Bohoennian\n|\n|t:|1731778699\n|move|p1b: Dragonite|Extreme Speed|p2b: Murkrow\n|-damage|p2b: Murkrow|32\/100\n|move|p2b: Murkrow|Brave Bird|p1b: Dragonite\n|-damage|p1b: Dragonite|0 fnt\n|faint|p1b: Dragonite\n|-damage|p2b: Murkrow|21\/100|[from] Recoil\n|move|p1a: Grimmsnarl|Foul Play|p2b: Murkrow\n|-resisted|p2b: Murkrow\n|-damage|p2b: Murkrow|6\/100\n|\n|-sideend|p1: big raina|Reflect\n|upkeep\n|\n|t:|1731778701\n|switch|p1b: Archaludon|Archaludon, L50, F|100\/100\n|turn|9\n|\n|t:|1731778705\n|move|p2b: Murkrow|Brave Bird|p1a: Grimmsnarl\n|-damage|p1a: Grimmsnarl|64\/100\n|-damage|p2b: Murkrow|0 fnt|[from] Recoil\n|faint|p2b: Murkrow\n|\n|win|big raina\n|raw|big raina's rating: 1791 &rarr; <strong>1805<\/strong><br \/>(+14 for winning)\n|raw|vgclth elowyn's rating: 1684 &rarr; <strong>1670<\/strong><br \/>(-14 for losing)\n|l|\u2606big raina\n|player|p1|\n|l| Bohoennian\n","uploadtime":1731778906,"views":11,"formatid":"gen9vgc2024regh","rating":1670,"private":0,"password":null}