{"id":"gen9vgc2024regh-2245867104","format":"[Gen 9] VGC 2024 Reg H","players":["tex771","vgclth souly"],"log":"|raw|<div class=\"broadcast-blue\"><strong>This battle is required to be public due to a player having a name starting with 'vgclth'.<\/div>\n|j|\u2606tex771\n|j|\u2606vgclth souly\n|t:|1731886212\n|gametype|doubles\n|player|p1|tex771|101|1724\n|player|p2|vgclth souly|#smogonxnpa2024draftee|1849\n|teamsize|p1|6\n|teamsize|p2|6\n|gen|9\n|tier|[Gen 9] VGC 2024 Reg H\n|rated|\n|rule|Species Clause: Limit one of each Pok\u00e9mon\n|rule|Item Clause: Limit 1 of each item\n|clearpoke\n|poke|p1|Archaludon, L50, M|\n|poke|p1|Annihilape, L50, M|\n|poke|p1|Whimsicott, L50, M|\n|poke|p1|Ninetales-Alola, L50, M|\n|poke|p1|Indeedee, L50, M|\n|poke|p1|Armarouge, L50, M|\n|poke|p2|Archaludon, L50, M|\n|poke|p2|Pelipper, L50, M|\n|poke|p2|Electabuzz, L50, F|\n|poke|p2|Kingambit, L50, M|\n|poke|p2|Rillaboom, L50, F|\n|poke|p2|Basculegion, L50, M|\n|teampreview|4\n|inactive|Battle timer is ON: inactive players will automatically lose when time's up. (requested by vgclth souly)\n|inactive|tex771 also wants the timer to be on.\n|\n|t:|1731886235\n|start\n|switch|p1a: Annihilape|Annihilape, L50, M|100\/100\n|switch|p1b: Whimsicott|Whimsicott, L50, M, shiny|100\/100\n|switch|p2a: Kingambit|Kingambit, L50, M|100\/100\n|switch|p2b: Electabuzz|Electabuzz, L50, F|100\/100\n|turn|1\n|inactive|tex771 has 30 seconds left.\n|inactive|tex771 has 20 seconds left.\n|inactive|tex771 has 15 seconds left.\n|inactive|tex771 has 10 seconds left.\n|\n|t:|1731886284\n|move|p2b: Electabuzz|Follow Me|p2b: Electabuzz\n|-singleturn|p2b: Electabuzz|move: Follow Me\n|move|p1b: Whimsicott|Tailwind|p1b: Whimsicott\n|-sidestart|p1: tex771|move: Tailwind\n|move|p1a: Annihilape|Final Gambit|p2b: Electabuzz\n|-damage|p2b: Electabuzz|0 fnt\n|faint|p1a: Annihilape\n|faint|p2b: Electabuzz\n|move|p2a: Kingambit|Swords Dance|p2a: Kingambit\n|-boost|p2a: Kingambit|atk|2\n|\n|upkeep\n|\n|t:|1731886295\n|switch|p2b: Archaludon|Archaludon, L50, M|100\/100\n|switch|p1a: Archaludon|Archaludon, L50, M|100\/100\n|turn|2\n|j| Thorsten_123\n|\n|t:|1731886312\n|move|p2a: Kingambit|Protect|p2a: Kingambit\n|-singleturn|p2a: Kingambit|Protect\n|move|p1b: Whimsicott|Beat Up|p1a: Archaludon\n|-damage|p1a: Archaludon|99\/100\n|-ability|p1a: Archaludon|Stamina|boost\n|-boost|p1a: Archaludon|def|1\n|-damage|p1a: Archaludon|98\/100\n|-ability|p1a: Archaludon|Stamina|boost\n|-boost|p1a: Archaludon|def|1\n|-damage|p1a: Archaludon|97\/100\n|-ability|p1a: Archaludon|Stamina|boost\n|-boost|p1a: Archaludon|def|1\n|-hitcount|p1a: Archaludon|3\n|move|p1a: Archaludon|Body Press|p2a: Kingambit\n|-activate|p2a: Kingambit|move: Protect\n|move|p2b: Archaludon|Draco Meteor|p1a: Archaludon\n|-damage|p1a: Archaludon|54\/100\n|-unboost|p2b: Archaludon|spa|2\n|-ability|p1a: Archaludon|Stamina|boost\n|-boost|p1a: Archaludon|def|1\n|\n|upkeep\n|turn|3\n|\n|t:|1731886330\n|-terastallize|p2a: Kingambit|Dark\n|move|p2a: Kingambit|Sucker Punch|p1a: Archaludon\n|-damage|p1a: Archaludon|19\/100\n|-ability|p1a: Archaludon|Stamina|boost\n|-boost|p1a: Archaludon|def|1\n|move|p1b: Whimsicott|Moonblast|p2a: Kingambit\n|-supereffective|p2a: Kingambit\n|-damage|p2a: Kingambit|28\/100\n|move|p1a: Archaludon|Body Press|p2a: Kingambit\n|-supereffective|p2a: Kingambit\n|-damage|p2a: Kingambit|0 fnt\n|faint|p2a: Kingambit\n|move|p2b: Archaludon|Flash Cannon|p1b: Whimsicott\n|-supereffective|p1b: Whimsicott\n|-damage|p1b: Whimsicott|41\/100\n|\n|upkeep\n|\n|t:|1731886334\n|switch|p2a: Rillaboom|Rillaboom, L50, F|100\/100\n|-fieldstart|move: Grassy Terrain|[from] ability: Grassy Surge|[of] p2a: Rillaboom\n|turn|4\n|\n|t:|1731886354\n|-terastallize|p1a: Archaludon|Ghost\n|move|p2a: Rillaboom|Fake Out|p1a: Archaludon\n|-immune|p1a: Archaludon\n|move|p1b: Whimsicott|Misty Terrain|p1b: Whimsicott\n|-fieldstart|move: Misty Terrain\n|move|p1a: Archaludon|Body Press|p2b: Archaludon\n|-supereffective|p2b: Archaludon\n|-damage|p2b: Archaludon|0 fnt\n|faint|p2b: Archaludon\n|\n|-sideend|p1: tex771|move: Tailwind\n|upkeep\n|turn|5\n|-message|vgclth souly forfeited.\n|\n|win|tex771\n|raw|tex771's rating: 1724 &rarr; <strong>1751<\/strong><br \/>(+27 for winning)\n|raw|vgclth souly's rating: 1849 &rarr; <strong>1822<\/strong><br \/>(-27 for losing)\n|l|\u2606vgclth souly\n|player|p2|\n|l| Thorsten_123\n|l|\u2606tex771\n|player|p1|\n","uploadtime":1731886507,"views":12,"formatid":"gen9vgc2024regh","rating":1751,"private":0,"password":null}