{"id":"gen9vgc2024regh-2245246185","format":"[Gen 9] VGC 2024 Reg H","players":["Trainer Oje","vgclth cuwutie"],"log":"|raw|<div class=\"broadcast-blue\"><strong>This battle is required to be public due to a player having a name starting with 'vgclth'.<\/div>\n|j|\u2606Trainer Oje\n|j|\u2606vgclth cuwutie\n|t:|1731794765\n|gametype|doubles\n|player|p1|Trainer Oje|1|1754\n|player|p2|vgclth cuwutie|266|1721\n|teamsize|p1|6\n|teamsize|p2|6\n|gen|9\n|tier|[Gen 9] VGC 2024 Reg H\n|rated|\n|rule|Species Clause: Limit one of each Pok\u00e9mon\n|rule|Item Clause: Limit 1 of each item\n|clearpoke\n|poke|p1|Sneasler, L50, M|\n|poke|p1|Garchomp, L50, F|\n|poke|p1|Gardevoir, L50, M|\n|poke|p1|Incineroar, L50, F|\n|poke|p1|Dragonite, L50, M|\n|poke|p1|Amoonguss, L50, F|\n|poke|p2|Smeargle, L50, F|\n|poke|p2|Farigiraf, L50, F|\n|poke|p2|Maushold-Four, L50|\n|poke|p2|Torkoal, L50, M|\n|poke|p2|Ursaluna-Bloodmoon, L50, M|\n|poke|p2|Weezing-Galar, L50, F|\n|teampreview|4\n|j| blyng\n|inactive|Battle timer is ON: inactive players will automatically lose when time's up. (requested by vgclth cuwutie)\n|j| jdarcan\n|inactive|Trainer Oje has 60 seconds left.\n|\n|t:|1731794862\n|start\n|switch|p1a: Gardevoir|Gardevoir, L50, M|100\/100\n|switch|p1b: Amoonguss|Amoonguss, L50, F|100\/100\n|switch|p2a: Maushold|Maushold-Four, L50|100\/100\n|switch|p2b: Farigiraf|Farigiraf, L50, F|100\/100\n|turn|1\n|\n|t:|1731794875\n|-terastallize|p1a: Gardevoir|Ghost\n|move|p2a: Maushold|Population Bomb|p1a: Gardevoir\n|-immune|p1a: Gardevoir\n|move|p1a: Gardevoir|Imprison|p1a: Gardevoir\n|-start|p1a: Gardevoir|move: Imprison\n|move|p1b: Amoonguss|Spore|p2b: Farigiraf\n|-ability|p2b: Farigiraf|Sap Sipper|boost\n|-boost|p2b: Farigiraf|atk|1\n|cant|p2b: Farigiraf|move: Imprison|Trick Room\n|\n|upkeep\n|turn|2\n|inactive|Trainer Oje has 30 seconds left.\n|\n|t:|1731794905\n|move|p2b: Farigiraf|Helping Hand|p2a: Maushold\n|-singleturn|p2a: Maushold|Helping Hand|[of] p2b: Farigiraf\n|move|p1b: Amoonguss|Protect|p1b: Amoonguss\n|-singleturn|p1b: Amoonguss|Protect\n|move|p2a: Maushold|Population Bomb|p1b: Amoonguss\n|-activate|p1b: Amoonguss|move: Protect\n|move|p1a: Gardevoir|Dazzling Gleam|p2a: Maushold|[spread] p2a,p2b\n|-crit|p2a: Maushold\n|-damage|p2a: Maushold|23\/100\n|-damage|p2b: Farigiraf|77\/100\n|\n|upkeep\n|turn|3\n|inactive|vgclth cuwutie has 30 seconds left.\n|\n|t:|1731794931\n|switch|p1b: Garchomp|Garchomp, L50, F|100\/100\n|move|p2b: Farigiraf|Helping Hand|p2a: Maushold\n|-singleturn|p2a: Maushold|Helping Hand|[of] p2b: Farigiraf\n|move|p2a: Maushold|Population Bomb|p1b: Garchomp\n|-damage|p1b: Garchomp|84\/100\n|-damage|p2a: Maushold|11\/100|[from] ability: Rough Skin|[of] p1b: Garchomp\n|-damage|p1b: Garchomp|67\/100\n|-damage|p2a: Maushold|0 fnt|[from] ability: Rough Skin|[of] p1b: Garchomp\n|faint|p2a: Maushold\n|-hitcount|p1b: Garchomp|2\n|move|p1a: Gardevoir|Dazzling Gleam|p2b: Farigiraf\n|-damage|p2b: Farigiraf|43\/100\n|\n|upkeep\n|inactive|vgclth cuwutie has 30 seconds left.\n|inactive|vgclth cuwutie has 20 seconds left.\n|\n|t:|1731794968\n|switch|p2a: Ursaluna|Ursaluna-Bloodmoon, L50, M|100\/100\n|turn|4\n|\n|t:|1731794975\n|-terastallize|p2a: Ursaluna|Normal\n|move|p2b: Farigiraf|Helping Hand|p2a: Ursaluna\n|-singleturn|p2a: Ursaluna|Helping Hand|[of] p2b: Farigiraf\n|move|p1b: Garchomp|Earthquake|p2a: Ursaluna|[spread] p2a,p2b\n|-activate|p1a: Gardevoir|ability: Telepathy\n|-damage|p2a: Ursaluna|75\/100\n|-damage|p2b: Farigiraf|8\/100\n|move|p1a: Gardevoir|Dazzling Gleam|p2b: Farigiraf|[spread] p2a,p2b\n|-damage|p2a: Ursaluna|39\/100\n|-damage|p2b: Farigiraf|0 fnt\n|faint|p2b: Farigiraf\n|move|p2a: Ursaluna|Hyper Voice|p1a: Gardevoir|[spread] p1a,p1b\n|-enditem|p1a: Gardevoir|Focus Sash\n|-damage|p1a: Gardevoir|1\/100\n|-damage|p1b: Garchomp|0 fnt\n|faint|p1b: Garchomp\n|-damage|p2a: Ursaluna|29\/100|[from] item: Life Orb\n|\n|upkeep\n|inactive|vgclth cuwutie has 30 seconds left.\n|\n|t:|1731795004\n|switch|p1b: Incineroar|Incineroar, L50, F|100\/100\n|switch|p2b: Torkoal|Torkoal, L50, M|100\/100\n|-ability|p1b: Incineroar|Intimidate|boost\n|-unboost|p2a: Ursaluna|atk|1\n|-unboost|p2b: Torkoal|atk|1\n|-weather|SunnyDay|[from] ability: Drought|[of] p2b: Torkoal\n|turn|5\n|\n|t:|1731795013\n|move|p2a: Ursaluna|Protect|p2a: Ursaluna\n|-singleturn|p2a: Ursaluna|Protect\n|move|p1b: Incineroar|Fake Out|p2b: Torkoal\n|-damage|p2b: Torkoal|92\/100\n|move|p1a: Gardevoir|Dazzling Gleam|p2b: Torkoal|[spread] p2b\n|-activate|p2a: Ursaluna|move: Protect\n|-resisted|p2b: Torkoal\n|-crit|p2b: Torkoal\n|-damage|p2b: Torkoal|57\/100\n|cant|p2b: Torkoal|flinch\n|\n|-weather|SunnyDay|[upkeep]\n|upkeep\n|turn|6\n|\n|t:|1731795022\n|move|p1a: Gardevoir|Dazzling Gleam|p2a: Ursaluna|[spread] p2a,p2b\n|-resisted|p2b: Torkoal\n|-damage|p2a: Ursaluna|0 fnt\n|-damage|p2b: Torkoal|36\/100\n|faint|p2a: Ursaluna\n|move|p1b: Incineroar|Knock Off|p2b: Torkoal\n|-damage|p2b: Torkoal|1\/100\n|-enditem|p2b: Torkoal|Choice Specs|[from] move: Knock Off|[of] p1b: Incineroar\n|move|p2b: Torkoal|Eruption|p1b: Incineroar|[spread] p1a,p1b\n|-resisted|p1b: Incineroar\n|-damage|p1a: Gardevoir|0 fnt\n|-damage|p1b: Incineroar|99\/100\n|faint|p1a: Gardevoir\n|\n|-weather|SunnyDay|[upkeep]\n|upkeep\n|\n|t:|1731795031\n|switch|p1a: Amoonguss|Amoonguss, L50, F|100\/100\n|turn|7\n|\n|t:|1731795040\n|move|p1b: Incineroar|Knock Off|p2b: Torkoal\n|-damage|p2b: Torkoal|0 fnt\n|faint|p2b: Torkoal\n|\n|win|Trainer Oje\n|raw|Trainer Oje's rating: 1754 &rarr; <strong>1774<\/strong><br \/>(+20 for winning)\n|raw|vgclth cuwutie's rating: 1755 &rarr; <strong>1735<\/strong><br \/>(-20 for losing)\n|l|\u2606vgclth cuwutie\n|player|p2|\n|l| blyng\n","uploadtime":1731795201,"views":15,"formatid":"gen9vgc2024regh","rating":1735,"private":0,"password":null}