{"id":"gen9vgc2024regh-2245152948","format":"[Gen 9] VGC 2024 Reg H","players":["post_testing","VGCLTH Bigfoot"],"log":"|j|\u2606post_testing\n|j|\u2606VGCLTH Bigfoot\n|t:|1731783258\n|gametype|doubles\n|player|p1|post_testing|101|1725\n|player|p2|VGCLTH Bigfoot|falkner|1797\n|teamsize|p1|6\n|teamsize|p2|6\n|gen|9\n|tier|[Gen 9] VGC 2024 Reg H\n|rated|\n|rule|Species Clause: Limit one of each Pok\u00e9mon\n|rule|Item Clause: Limit 1 of each item\n|clearpoke\n|poke|p1|Indeedee, L50, M|\n|poke|p1|Sneasler, L50, F|\n|poke|p1|Archaludon, L50, M|\n|poke|p1|Pelipper, L50, F|\n|poke|p1|Basculegion, L50, M|\n|poke|p1|Delphox, L50, F|\n|poke|p2|Ceruledge, L50, M|\n|poke|p2|Gastrodon-East, L50, F|\n|poke|p2|Sneasler, L50, M|\n|poke|p2|Dragonite, L50, F|\n|poke|p2|Rillaboom, L50, M|\n|poke|p2|Kingambit, L50, M|\n|teampreview|4\n|\n|t:|1731783278\n|start\n|switch|p1a: Delphox|Delphox, L50, F|100\/100\n|switch|p1b: Sneasler|Sneasler, L50, F|100\/100\n|switch|p2a: Sneasler|Sneasler, L50, M, shiny|100\/100\n|switch|p2b: Kingambit|Kingambit, L50, M|100\/100\n|turn|1\n|\n|t:|1731783309\n|-terastallize|p1a: Delphox|Fighting\n|-terastallize|p2b: Kingambit|Flying\n|move|p2a: Sneasler|Fake Out|p1b: Sneasler\n|-damage|p1b: Sneasler|77\/100\n|cant|p1b: Sneasler|flinch\n|move|p1a: Delphox|Heat Wave|p2b: Kingambit|[spread] p2a,p2b\n|-damage|p2a: Sneasler|44\/100\n|-damage|p2b: Kingambit|69\/100\n|-damage|p1a: Delphox|90\/100|[from] item: Life Orb\n|move|p2b: Kingambit|Kowtow Cleave|p1a: Delphox\n|-resisted|p1a: Delphox\n|-damage|p1a: Delphox|52\/100\n|\n|upkeep\n|turn|2\n|\n|t:|1731783333\n|switch|p1a: Indeedee|Indeedee, L50, M|100\/100\n|-fieldstart|move: Psychic Terrain|[from] ability: Psychic Surge|[of] p1a: Indeedee\n|-enditem|p1b: Sneasler|Psychic Seed\n|-boost|p1b: Sneasler|spd|1|[from] item: Psychic Seed\n|move|p1b: Sneasler|Close Combat|p2a: Sneasler\n|-resisted|p2a: Sneasler\n|-damage|p2a: Sneasler|0 fnt\n|-unboost|p1b: Sneasler|def|1\n|-unboost|p1b: Sneasler|spd|1\n|faint|p2a: Sneasler\n|move|p2b: Kingambit|Tera Blast|p1b: Sneasler|[anim] Tera Blast Flying\n|-supereffective|p1b: Sneasler\n|-damage|p1b: Sneasler|0 fnt\n|faint|p1b: Sneasler\n|\n|upkeep\n|\n|t:|1731783348\n|switch|p1b: Delphox|Delphox, L50, F, tera:Fighting|52\/100\n|switch|p2a: Rillaboom|Rillaboom, L50, M|100\/100\n|-fieldstart|move: Grassy Terrain|[from] ability: Grassy Surge|[of] p2a: Rillaboom\n|turn|3\n|\n|t:|1731783358\n|switch|p1a: Basculegion|Basculegion, L50, M|100\/100\n|move|p1b: Delphox|Protect|p1b: Delphox\n|-singleturn|p1b: Delphox|Protect\n|move|p2a: Rillaboom|Fake Out|p1b: Delphox\n|-activate|p1b: Delphox|move: Protect\n|move|p2b: Kingambit|Kowtow Cleave|p1a: Basculegion\n|-supereffective|p1a: Basculegion\n|-damage|p1a: Basculegion|0 fnt\n|faint|p1a: Basculegion\n|\n|-heal|p1b: Delphox|58\/100|[from] Grassy Terrain\n|upkeep\n|\n|t:|1731783372\n|switch|p1a: Indeedee|Indeedee, L50, M|100\/100\n|-fieldstart|move: Psychic Terrain|[from] ability: Psychic Surge|[of] p1a: Indeedee\n|turn|4\n|\n|t:|1731783380\n|switch|p2a: Joe Dog|Gastrodon-East, L50, F|100\/100\n|move|p1b: Delphox|Expanding Force|p2b: Kingambit|[spread] p2a,p2b\n|-damage|p2a: Joe Dog|32\/100\n|-damage|p2b: Kingambit|19\/100\n|-enditem|p2a: Joe Dog|Sitrus Berry|[eat]\n|-heal|p2a: Joe Dog|57\/100|[from] item: Sitrus Berry\n|-damage|p1b: Delphox|48\/100|[from] item: Life Orb\n|move|p1a: Indeedee|Expanding Force|p2a: Joe Dog|[spread] p2a,p2b\n|-damage|p2a: Joe Dog|8\/100\n|-damage|p2b: Kingambit|0 fnt\n|faint|p2b: Kingambit\n|\n|upkeep\n|\n|t:|1731783384\n|switch|p2b: Rillaboom|Rillaboom, L50, M|100\/100\n|-fieldstart|move: Grassy Terrain|[from] ability: Grassy Surge|[of] p2b: Rillaboom\n|turn|5\n|j| roccagamer4273.\n|\n|t:|1731783408\n|move|p2b: Rillaboom|Grassy Glide|p1b: Delphox\n|-damage|p1b: Delphox|0 fnt\n|faint|p1b: Delphox\n|move|p1a: Indeedee|Expanding Force|p2a: Joe Dog\n|-damage|p2a: Joe Dog|0 fnt\n|faint|p2a: Joe Dog\n|\n|upkeep\n|turn|6\n|\n|t:|1731783418\n|move|p1a: Indeedee|Tera Blast|p2b: Rillaboom\n|-damage|p2b: Rillaboom|46\/100\n|move|p2b: Rillaboom|Wood Hammer|p1a: Indeedee\n|-enditem|p1a: Indeedee|Focus Sash\n|-damage|p1a: Indeedee|1\/100\n|-damage|p2b: Rillaboom|21\/100|[from] Recoil\n|\n|-heal|p1a: Indeedee|7\/100|[from] Grassy Terrain\n|-heal|p2b: Rillaboom|28\/100|[from] Grassy Terrain\n|upkeep\n|turn|7\n|-message|post_testing forfeited.\n|\n|win|VGCLTH Bigfoot\n|raw|post_testing's rating: 1725 &rarr; <strong>1709<\/strong><br \/>(-16 for losing)\n|raw|VGCLTH Bigfoot's rating: 1797 &rarr; <strong>1813<\/strong><br \/>(+16 for winning)\n|l|\u2606post_testing\n|player|p1|\n|l|\u2606VGCLTH Bigfoot\n|player|p2|\n","uploadtime":1731783626,"views":15,"formatid":"gen9vgc2024regh","rating":1709,"private":0,"password":null}