{"id":"gen9vgc2024regh-2245055559","format":"[Gen 9] VGC 2024 Reg H","players":["shidorin","VGCLTH ladderboy66"],"log":"|raw|<div class=\"broadcast-blue\"><strong>This battle is required to be public due to a player having a name starting with 'vgclth'.<\/div>\n|j|\u2606shidorin\n|j|\u2606VGCLTH ladderboy66\n|t:|1731770808\n|gametype|doubles\n|player|p1|shidorin|hilda-wonderlauncher|1737\n|player|p2|VGCLTH ladderboy66|1|1653\n|teamsize|p1|6\n|teamsize|p2|6\n|gen|9\n|tier|[Gen 9] VGC 2024 Reg H\n|rated|\n|rule|Species Clause: Limit one of each Pok\u00e9mon\n|rule|Item Clause: Limit 1 of each item\n|clearpoke\n|poke|p1|Archaludon, L50, F|\n|poke|p1|Pelipper, L50, F|\n|poke|p1|Incineroar, L50, F|\n|poke|p1|Sinistcha, L50|\n|poke|p1|Garchomp, L50, F|\n|poke|p1|Gengar, L50, M|\n|poke|p2|Archaludon, L50, M|\n|poke|p2|Whimsicott, L50, M|\n|poke|p2|Pelipper, L50, F|\n|poke|p2|Basculegion, L50, M|\n|poke|p2|Gholdengo, L50|\n|poke|p2|Rillaboom, L50, M|\n|teampreview|4\n|\n|t:|1731770862\n|start\n|switch|p1a: Archaludon|Archaludon, L50, F|100\/100\n|switch|p1b: Gengar|Gengar, L50, M|100\/100\n|switch|p2a: Archaludon|Archaludon, L50, M|100\/100\n|switch|p2b: Rillaboom|Rillaboom, L50, M|100\/100\n|-fieldstart|move: Grassy Terrain|[from] ability: Grassy Surge|[of] p2b: Rillaboom\n|turn|1\n|\n|t:|1731770883\n|switch|p2b: Gholdengo|Gholdengo, L50|100\/100\n|move|p1b: Gengar|Protect|p1b: Gengar\n|-singleturn|p1b: Gengar|Protect\n|move|p1a: Archaludon|Aura Sphere|p2a: Archaludon\n|-supereffective|p2a: Archaludon\n|-damage|p2a: Archaludon|67\/100\n|-ability|p2a: Archaludon|Stamina|boost\n|-boost|p2a: Archaludon|def|1\n|move|p2a: Archaludon|Snarl|p1b: Gengar|[spread] p1a\n|-activate|p1b: Gengar|move: Protect\n|-damage|p1a: Archaludon|91\/100\n|-unboost|p1a: Archaludon|spa|1\n|-ability|p1a: Archaludon|Stamina|boost\n|-boost|p1a: Archaludon|def|1\n|\n|-heal|p1a: Archaludon|97\/100|[from] Grassy Terrain\n|-heal|p2a: Archaludon|73\/100|[from] Grassy Terrain\n|upkeep\n|turn|2\n|\n|t:|1731770917\n|switch|p1a: Incineroar|Incineroar, L50, F|100\/100\n|-ability|p1a: Incineroar|Intimidate|boost\n|-unboost|p2a: Archaludon|atk|1\n|-unboost|p2b: Gholdengo|atk|1\n|move|p1b: Gengar|Shadow Ball|p2b: Gholdengo\n|-supereffective|p2b: Gholdengo\n|-damage|p2b: Gholdengo|0 fnt\n|faint|p2b: Gholdengo\n|move|p2a: Archaludon|Snarl|p1b: Gengar|[spread] p1a,p1b\n|-resisted|p1a: Incineroar\n|-supereffective|p1b: Gengar\n|-damage|p1a: Incineroar|95\/100\n|-damage|p1b: Gengar|56\/100\n|-unboost|p1a: Incineroar|spa|1\n|-unboost|p1b: Gengar|spa|1\n|-start|p2a: Archaludon|Disable|Snarl|[from] ability: Cursed Body|[of] p1b: Gengar\n|\n|-heal|p1b: Gengar|62\/100|[from] Grassy Terrain\n|-heal|p2a: Archaludon|79\/100|[from] Grassy Terrain\n|-heal|p1a: Incineroar|100\/100|[from] Grassy Terrain\n|upkeep\n|\n|t:|1731770933\n|switch|p2b: Whimsicott|Whimsicott, L50, M|100\/100\n|turn|3\n|\n|t:|1731770952\n|switch|p1b: Archaludon|Archaludon, L50, F|97\/100\n|-terastallize|p2b: Whimsicott|Poison\n|move|p2b: Whimsicott|Beat Up|p2a: Archaludon\n|-damage|p2a: Archaludon|78\/100\n|-ability|p2a: Archaludon|Stamina|boost\n|-boost|p2a: Archaludon|def|1\n|-damage|p2a: Archaludon|77\/100\n|-ability|p2a: Archaludon|Stamina|boost\n|-boost|p2a: Archaludon|def|1\n|-damage|p2a: Archaludon|75\/100\n|-ability|p2a: Archaludon|Stamina|boost\n|-boost|p2a: Archaludon|def|1\n|-hitcount|p2a: Archaludon|3\n|move|p2a: Archaludon|Body Press|p1a: Incineroar\n|-supereffective|p1a: Incineroar\n|-damage|p1a: Incineroar|0 fnt\n|faint|p1a: Incineroar\n|\n|-heal|p1b: Archaludon|100\/100|[from] Grassy Terrain\n|-heal|p2a: Archaludon|81\/100|[from] Grassy Terrain\n|upkeep\n|\n|t:|1731770970\n|switch|p1a: Gengar|Gengar, L50, M|62\/100\n|turn|4\n|\n|t:|1731770988\n|switch|p1b: Sinistcha|Sinistcha, L50|100\/100\n|-heal|p1a: Gengar|87\/100|[from] ability: Hospitality|[of] p1b: Sinistcha\n|move|p2b: Whimsicott|Tailwind|p2b: Whimsicott\n|-sidestart|p2: VGCLTH ladderboy66|move: Tailwind\n|move|p2a: Archaludon|Dragon Pulse|p1a: Gengar\n|-crit|p1a: Gengar\n|-damage|p1a: Gengar|0 fnt\n|faint|p1a: Gengar\n|\n|-heal|p2a: Archaludon|87\/100|[from] Grassy Terrain\n|upkeep\n|\n|t:|1731771000\n|switch|p1a: Archaludon|Archaludon, L50, F|100\/100\n|turn|5\n|\n|t:|1731771028\n|move|p1b: Sinistcha|Rage Powder|p1b: Sinistcha\n|-singleturn|p1b: Sinistcha|move: Rage Powder\n|move|p2b: Whimsicott|Light Screen|p2b: Whimsicott\n|-sidestart|p2: VGCLTH ladderboy66|move: Light Screen\n|move|p2a: Archaludon|Dragon Pulse|p1b: Sinistcha\n|-damage|p1b: Sinistcha|66\/100\n|move|p1a: Archaludon|Aura Sphere|p2a: Archaludon\n|-supereffective|p2a: Archaludon\n|-damage|p2a: Archaludon|66\/100\n|-ability|p2a: Archaludon|Stamina|boost\n|-boost|p2a: Archaludon|def|1\n|\n|-heal|p2a: Archaludon|73\/100|[from] Grassy Terrain\n|-heal|p1b: Sinistcha|72\/100|[from] Grassy Terrain\n|-end|p2a: Archaludon|Disable\n|-fieldend|move: Grassy Terrain\n|upkeep\n|turn|6\n|\n|t:|1731771052\n|move|p2b: Whimsicott|Moonblast|p1b: Sinistcha\n|-damage|p1b: Sinistcha|49\/100\n|-unboost|p1b: Sinistcha|spa|1\n|-enditem|p1b: Sinistcha|Sitrus Berry|[eat]\n|-heal|p1b: Sinistcha|74\/100|[from] item: Sitrus Berry\n|move|p2a: Archaludon|Snarl|p1a: Archaludon|[spread] p1a,p1b\n|-supereffective|p1b: Sinistcha\n|-damage|p1a: Archaludon|90\/100\n|-damage|p1b: Sinistcha|51\/100\n|-unboost|p1a: Archaludon|spa|1\n|-unboost|p1b: Sinistcha|spa|1\n|-ability|p1a: Archaludon|Stamina|boost\n|-boost|p1a: Archaludon|def|1\n|move|p1a: Archaludon|Electro Shot||[still]\n|-prepare|p1a: Archaludon|Electro Shot\n|-boost|p1a: Archaludon|spa|1\n|move|p1b: Sinistcha|Life Dew|p1b: Sinistcha|[spread] p1a,p1b\n|-heal|p1a: Archaludon|100\/100\n|-heal|p1b: Sinistcha|76\/100\n|\n|upkeep\n|turn|7\n|\n|t:|1731771086\n|move|p2b: Whimsicott|Moonblast|p1b: Sinistcha\n|-damage|p1b: Sinistcha|51\/100\n|move|p2a: Archaludon|Snarl|p1b: Sinistcha|[spread] p1a,p1b\n|-supereffective|p1b: Sinistcha\n|-damage|p1a: Archaludon|91\/100\n|-damage|p1b: Sinistcha|26\/100\n|-unboost|p1a: Archaludon|spa|1\n|-unboost|p1b: Sinistcha|spa|1\n|-ability|p1a: Archaludon|Stamina|boost\n|-boost|p1a: Archaludon|def|1\n|move|p1a: Archaludon|Electro Shot|p2b: Whimsicott|[from]lockedmove\n|-damage|p2b: Whimsicott|75\/100\n|move|p1b: Sinistcha|Trick Room|p1b: Sinistcha\n|-fieldstart|move: Trick Room|[of] p1b: Sinistcha\n|\n|-sideend|p2: VGCLTH ladderboy66|move: Tailwind\n|upkeep\n|turn|8\n|-message|shidorin forfeited.\n|\n|win|VGCLTH ladderboy66\n|raw|shidorin's rating: 1737 &rarr; <strong>1712<\/strong><br \/>(-25 for losing)\n|raw|VGCLTH ladderboy66's rating: 1653 &rarr; <strong>1678<\/strong><br \/>(+25 for winning)\n|l|\u2606shidorin\n|player|p1|\n|l|\u2606VGCLTH ladderboy66\n|player|p2|\n","uploadtime":1731771294,"views":10,"formatid":"gen9vgc2024regh","rating":1678,"private":0,"password":null}