{"id":"gen9vgc2024regh-2245862975","format":"[Gen 9] VGC 2024 Reg H","players":["swordgonyomi","vgclth souly"],"log":"|raw|<div class=\"broadcast-blue\"><strong>This battle is required to be public due to a player having a name starting with 'vgclth'.<\/div>\n|j|\u2606swordgonyomi\n|j|\u2606vgclth souly\n|t:|1731885692\n|gametype|doubles\n|player|p1|swordgonyomi|li|1760\n|player|p2|vgclth souly|#smogonxnpa2024draftee|1866\n|teamsize|p1|6\n|teamsize|p2|6\n|gen|9\n|tier|[Gen 9] VGC 2024 Reg H\n|rated|\n|rule|Species Clause: Limit one of each Pok\u00e9mon\n|rule|Item Clause: Limit 1 of each item\n|clearpoke\n|poke|p1|Dondozo, L50, F|\n|poke|p1|Tatsugiri, L50, F|\n|poke|p1|Gholdengo, L50|\n|poke|p1|Talonflame, L50, F|\n|poke|p1|Pawmot, L50, F|\n|poke|p1|Dragonite, L50, F|\n|poke|p2|Archaludon, L50, F|\n|poke|p2|Pelipper, L50, M|\n|poke|p2|Electabuzz, L50, F|\n|poke|p2|Kingambit, L50, M|\n|poke|p2|Rillaboom, L50, F|\n|poke|p2|Basculegion, L50, M|\n|teampreview|4\n|inactive|Battle timer is ON: inactive players will automatically lose when time's up. (requested by swordgonyomi)\n|\n|t:|1731885721\n|start\n|switch|p1a: Pawmot|Pawmot, L50, F|100\/100\n|switch|p1b: Dondozo|Dondozo, L50, F|100\/100\n|switch|p2a: Pelipper|Pelipper, L50, M|100\/100\n|switch|p2b: Basculegion|Basculegion, L50, M|100\/100\n|-weather|RainDance|[from] ability: Drizzle|[of] p2a: Pelipper\n|turn|1\n|\n|t:|1731885728\n|move|p2a: Pelipper|Protect|p2a: Pelipper\n|-singleturn|p2a: Pelipper|Protect\n|move|p2b: Basculegion|Flip Turn|p1a: Pawmot\n|-enditem|p1a: Pawmot|Focus Sash\n|-damage|p1a: Pawmot|1\/100\n|\n|t:|1731885732\n|switch|p2b: Archaludon|Archaludon, L50, F|100\/100|[from] Flip Turn\n|move|p1a: Pawmot|Volt Switch|p2a: Pelipper\n|-activate|p2a: Pelipper|move: Protect\n|move|p1b: Dondozo|Order Up|p2a: Pelipper\n|-activate|p2a: Pelipper|move: Protect\n|\n|-weather|RainDance|[upkeep]\n|upkeep\n|turn|2\n|\n|t:|1731885754\n|switch|p2a: Rillaboom|Rillaboom, L50, F|100\/100\n|-fieldstart|move: Grassy Terrain|[from] ability: Grassy Surge|[of] p2a: Rillaboom\n|-terastallize|p1b: Dondozo|Grass\n|move|p1a: Pawmot|Volt Switch|p2a: Rillaboom\n|-resisted|p2a: Rillaboom\n|-damage|p2a: Rillaboom|93\/100\n|\n|t:|1731885769\n|switch|p1a: Tatsugiri|Tatsugiri, L50, F|100\/100|[from] Volt Switch\n|-activate|p1a: Tatsugiri|ability: Commander|[of] p1b: Dondozo\n|-boost|p1b: Dondozo|atk|2\n|-boost|p1b: Dondozo|spa|2\n|-boost|p1b: Dondozo|spe|2\n|-boost|p1b: Dondozo|def|2\n|-boost|p1b: Dondozo|spd|2\n|move|p1b: Dondozo|Order Up|p2a: Rillaboom\n|-damage|p2a: Rillaboom|40\/100\n|-boost|p1b: Dondozo|atk|1\n|move|p2b: Archaludon|Electro Shot||[still]\n|-prepare|p2b: Archaludon|Electro Shot\n|-boost|p2b: Archaludon|spa|1\n|-anim|p2b: Archaludon|Electro Shot|p1b: Dondozo\n|-resisted|p1b: Dondozo\n|-damage|p1b: Dondozo|89\/100\n|\n|-weather|RainDance|[upkeep]\n|-heal|p1b: Dondozo|96\/100|[from] Grassy Terrain\n|-heal|p1b: Dondozo|100\/100|[from] item: Leftovers\n|-heal|p2a: Rillaboom|46\/100|[from] Grassy Terrain\n|upkeep\n|turn|3\n|\n|t:|1731885790\n|move|p1b: Dondozo|Protect|p1b: Dondozo\n|-singleturn|p1b: Dondozo|Protect\n|move|p2a: Rillaboom|Fake Out|p1b: Dondozo\n|-activate|p1b: Dondozo|move: Protect\n|move|p2b: Archaludon|Flash Cannon|p1b: Dondozo\n|-activate|p1b: Dondozo|move: Protect\n|\n|-weather|RainDance|[upkeep]\n|-heal|p2a: Rillaboom|52\/100|[from] Grassy Terrain\n|upkeep\n|turn|4\n|\n|t:|1731885801\n|move|p1b: Dondozo|Order Up|p2a: Rillaboom\n|-damage|p2a: Rillaboom|0 fnt\n|faint|p2a: Rillaboom\n|-boost|p1b: Dondozo|atk|1\n|move|p2b: Archaludon|Flash Cannon|p1b: Dondozo\n|-damage|p1b: Dondozo|80\/100\n|\n|-weather|RainDance|[upkeep]\n|-heal|p1b: Dondozo|86\/100|[from] Grassy Terrain\n|-heal|p1b: Dondozo|92\/100|[from] item: Leftovers\n|upkeep\n|\n|t:|1731885814\n|switch|p2a: Basculegion|Basculegion, L50, M|100\/100\n|turn|5\n|\n|t:|1731885827\n|move|p1b: Dondozo|Protect|p1b: Dondozo\n|-singleturn|p1b: Dondozo|Protect\n|move|p2a: Basculegion|Last Respects|p1b: Dondozo\n|-activate|p1b: Dondozo|move: Protect\n|move|p2b: Archaludon|Draco Meteor|p1b: Dondozo\n|-activate|p1b: Dondozo|move: Protect\n|\n|-weather|none\n|-heal|p1b: Dondozo|99\/100|[from] Grassy Terrain\n|-heal|p1b: Dondozo|100\/100|[from] item: Leftovers\n|upkeep\n|turn|6\n|\n|t:|1731885842\n|switch|p2a: Pelipper|Pelipper, L50, M|100\/100\n|-weather|RainDance|[from] ability: Drizzle|[of] p2a: Pelipper\n|move|p1b: Dondozo|Earthquake|p2a: Pelipper|[spread] p2b\n|-miss|p1b: Dondozo|p1a: Tatsugiri\n|-immune|p2a: Pelipper\n|-supereffective|p2b: Archaludon\n|-damage|p2b: Archaludon|56\/100\n|-ability|p2b: Archaludon|Stamina|boost\n|-boost|p2b: Archaludon|def|1\n|move|p2b: Archaludon|Draco Meteor|p1b: Dondozo\n|-damage|p1b: Dondozo|68\/100\n|-unboost|p2b: Archaludon|spa|2\n|\n|-weather|RainDance|[upkeep]\n|-heal|p1b: Dondozo|75\/100|[from] Grassy Terrain\n|-heal|p1b: Dondozo|81\/100|[from] item: Leftovers\n|-heal|p2b: Archaludon|62\/100|[from] Grassy Terrain\n|-heal|p2b: Archaludon|68\/100|[from] item: Leftovers\n|-fieldend|move: Grassy Terrain\n|upkeep\n|turn|7\n|\n|t:|1731885864\n|move|p1b: Dondozo|Earthquake|p2a: Pelipper|[spread] p2b\n|-miss|p1b: Dondozo|p1a: Tatsugiri\n|-immune|p2a: Pelipper\n|-supereffective|p2b: Archaludon\n|-damage|p2b: Archaludon|0 fnt\n|faint|p2b: Archaludon\n|move|p2a: Pelipper|Hurricane|p1b: Dondozo\n|-supereffective|p1b: Dondozo\n|-damage|p1b: Dondozo|22\/100\n|-start|p1b: Dondozo|confusion\n|\n|-weather|RainDance|[upkeep]\n|-heal|p1b: Dondozo|29\/100|[from] item: Leftovers\n|upkeep\n|\n|t:|1731885867\n|switch|p2b: Basculegion|Basculegion, L50, M|100\/100\n|turn|8\n|\n|t:|1731885881\n|-activate|p1b: Dondozo|confusion\n|move|p1b: Dondozo|Protect|p1b: Dondozo\n|-singleturn|p1b: Dondozo|Protect\n|move|p2b: Basculegion|Last Respects|p1b: Dondozo\n|-activate|p1b: Dondozo|move: Protect\n|move|p2a: Pelipper|Tailwind|p2a: Pelipper\n|-sidestart|p2: vgclth souly|move: Tailwind\n|\n|-weather|RainDance|[upkeep]\n|-heal|p1b: Dondozo|35\/100|[from] item: Leftovers\n|upkeep\n|turn|9\n|\n|t:|1731885892\n|-activate|p1b: Dondozo|confusion\n|-damage|p1b: Dondozo|22\/100|[from] confusion\n|move|p2b: Basculegion|Last Respects|p1b: Dondozo\n|-damage|p1b: Dondozo|0 fnt\n|faint|p1b: Dondozo\n|move|p2a: Pelipper|Hurricane|p1a: Tatsugiri\n|-damage|p1a: Tatsugiri|36\/100\n|\n|-weather|RainDance|[upkeep]\n|upkeep\n|\n|t:|1731885905\n|switch|p1b: Dragonite|Dragonite, L50, F|100\/100\n|turn|10\n|\n|t:|1731885922\n|move|p1b: Dragonite|Extreme Speed|p2a: Pelipper\n|-damage|p2a: Pelipper|42\/100\n|move|p2b: Basculegion|Last Respects|p1b: Dragonite\n|-damage|p1b: Dragonite|39\/100\n|move|p2a: Pelipper|Hurricane|p1b: Dragonite\n|-damage|p1b: Dragonite|0 fnt\n|faint|p1b: Dragonite\n|move|p1a: Tatsugiri|Draco Meteor|p2b: Basculegion\n|-damage|p2b: Basculegion|39\/100\n|-unboost|p1a: Tatsugiri|spa|2\n|\n|-weather|none\n|upkeep\n|\n|t:|1731885934\n|switch|p1b: Pawmot|Pawmot, L50, F|1\/100\n|turn|11\n|\n|t:|1731885950\n|move|p2a: Pelipper|Weather Ball|p1b: Pawmot\n|-damage|p1b: Pawmot|0 fnt\n|faint|p1b: Pawmot\n|move|p2b: Basculegion|Last Respects|p1a: Tatsugiri\n|-damage|p1a: Tatsugiri|0 fnt\n|faint|p1a: Tatsugiri\n|\n|win|vgclth souly\n|raw|swordgonyomi's rating: 1760 &rarr; <strong>1746<\/strong><br \/>(-14 for losing)\n|raw|vgclth souly's rating: 1866 &rarr; <strong>1880<\/strong><br \/>(+14 for winning)\n|l|\u2606swordgonyomi\n|player|p1|\n|l|\u2606vgclth souly\n|player|p2|\n","uploadtime":1731886091,"views":16,"formatid":"gen9vgc2024regh","rating":1746,"private":0,"password":null}