{"id":"gen9vgc2024regh-2245412705","format":"[Gen 9] VGC 2024 Reg H","players":["Chairman Rose","VGCLTH Bigfoot"],"log":"|j|\u2606Chairman Rose\n|j|\u2606VGCLTH Bigfoot\n|t:|1731817108\n|gametype|doubles\n|player|p1|Chairman Rose|twins-gen4dp|1701\n|player|p2|VGCLTH Bigfoot|falkner|1753\n|teamsize|p1|6\n|teamsize|p2|6\n|gen|9\n|tier|[Gen 9] VGC 2024 Reg H\n|rated|\n|rule|Species Clause: Limit one of each Pok\u00e9mon\n|rule|Item Clause: Limit 1 of each item\n|clearpoke\n|poke|p1|Weezing-Galar, L50, F|\n|poke|p1|Garchomp, L50, M|\n|poke|p1|Ninetales-Alola, L50, M|\n|poke|p1|Inteleon, L50, F|\n|poke|p1|Talonflame, L50, M|\n|poke|p1|Farigiraf, L50, M|\n|poke|p2|Ceruledge, L50, M|\n|poke|p2|Gastrodon-East, L50, F|\n|poke|p2|Sneasler, L50, M|\n|poke|p2|Dragonite, L50, M|\n|poke|p2|Rillaboom, L50, F|\n|poke|p2|Kingambit, L50, M|\n|teampreview|4\n|\n|t:|1731817126\n|start\n|switch|p1a: Garchomp|Garchomp, L50, M|100\/100\n|switch|p1b: Weezing|Weezing-Galar, L50, F|100\/100\n|switch|p2a: Sneasler|Sneasler, L50, M, shiny|100\/100\n|switch|p2b: Kingambit|Kingambit, L50, M|100\/100\n|-ability|p1b: Weezing|Neutralizing Gas\n|-item|p1b: Weezing|Air Balloon\n|turn|1\n|\n|t:|1731817141\n|-terastallize|p1a: Garchomp|Ground\n|-terastallize|p2b: Kingambit|Flying\n|move|p1b: Weezing|Protect|p1b: Weezing\n|-singleturn|p1b: Weezing|Protect\n|move|p2a: Sneasler|Coaching|p2b: Kingambit\n|-boost|p2b: Kingambit|atk|1\n|-boost|p2b: Kingambit|def|1\n|move|p1a: Garchomp|Earthquake|p2a: Sneasler|[spread] p2a\n|-activate|p1b: Weezing|move: Protect\n|-immune|p2b: Kingambit\n|-supereffective|p2a: Sneasler\n|-enditem|p2a: Sneasler|Focus Sash\n|-damage|p2a: Sneasler|1\/100\n|move|p2b: Kingambit|Tera Blast|p1a: Garchomp|[anim] Tera Blast Flying\n|-damage|p1a: Garchomp|27\/100\n|\n|upkeep\n|turn|2\n|\n|t:|1731817159\n|move|p2b: Kingambit|Sucker Punch|p1a: Garchomp\n|-damage|p1a: Garchomp|0 fnt\n|faint|p1a: Garchomp\n|move|p2a: Sneasler|Dire Claw|p1b: Weezing\n|-damage|p1b: Weezing|57\/100\n|-enditem|p1b: Weezing|Air Balloon\n|move|p1b: Weezing|Sludge Bomb|p2b: Kingambit\n|-damage|p2b: Kingambit|74\/100\n|\n|upkeep\n|j| chromate\n|\n|t:|1731817167\n|switch|p1a: Talonflame|Talonflame, L50, M|100\/100\n|turn|3\n|\n|t:|1731817175\n|switch|p2a: Ceruledge|Ceruledge, L50, M|100\/100\n|move|p1a: Talonflame|Tailwind|p1a: Talonflame\n|-sidestart|p1: Chairman Rose|move: Tailwind\n|move|p1b: Weezing|Dazzling Gleam|p2b: Kingambit|[spread] p2a,p2b\n|-resisted|p2a: Ceruledge\n|-damage|p2a: Ceruledge|88\/100\n|-damage|p2b: Kingambit|56\/100\n|move|p2b: Kingambit|Kowtow Cleave|p1a: Talonflame\n|-damage|p1a: Talonflame|0 fnt\n|faint|p1a: Talonflame\n|\n|-heal|p2a: Ceruledge|94\/100|[from] item: Leftovers\n|upkeep\n|\n|t:|1731817180\n|switch|p1a: Inteleon|Inteleon, L50, F|100\/100\n|turn|4\n|\n|t:|1731817188\n|move|p2b: Kingambit|Sucker Punch|p1a: Inteleon\n|-enditem|p1a: Inteleon|Focus Sash\n|-damage|p1a: Inteleon|1\/100\n|move|p1a: Inteleon|Muddy Water|p2a: Ceruledge|[spread] p2a,p2b\n|-supereffective|p2a: Ceruledge\n|-damage|p2a: Ceruledge|30\/100\n|-damage|p2b: Kingambit|35\/100\n|-unboost|p2b: Kingambit|accuracy|1\n|move|p1b: Weezing|Sludge Bomb|p2b: Kingambit\n|-damage|p2b: Kingambit|9\/100\n|move|p2a: Ceruledge|Bitter Blade|p1b: Weezing\n|-damage|p1b: Weezing|4\/100\n|-heal|p2a: Ceruledge|51\/100|[from] drain|[of] p1b: Weezing\n|\n|-heal|p2a: Ceruledge|57\/100|[from] item: Leftovers\n|upkeep\n|turn|5\n|\n|t:|1731817203\n|move|p1a: Inteleon|Protect|p1a: Inteleon\n|-singleturn|p1a: Inteleon|Protect\n|move|p2a: Ceruledge|Shadow Sneak|p1a: Inteleon\n|-activate|p1a: Inteleon|move: Protect\n|move|p2b: Kingambit|Sucker Punch|p1b: Weezing|[miss]\n|-miss|p2b: Kingambit|p1b: Weezing\n|move|p1b: Weezing|Dazzling Gleam|p2b: Kingambit|[spread] p2a,p2b\n|-resisted|p2a: Ceruledge\n|-damage|p2a: Ceruledge|44\/100\n|-damage|p2b: Kingambit|0 fnt\n|faint|p2b: Kingambit\n|\n|-heal|p2a: Ceruledge|50\/100|[from] item: Leftovers\n|upkeep\n|\n|t:|1731817208\n|switch|p2b: Rillaboom|Rillaboom, L50, F|100\/100\n|turn|6\n|\n|t:|1731817215\n|move|p2b: Rillaboom|Fake Out|p1a: Inteleon\n|-damage|p1a: Inteleon|0 fnt\n|faint|p1a: Inteleon\n|move|p2a: Ceruledge|Shadow Sneak|p1b: Weezing\n|-damage|p1b: Weezing|0 fnt\n|faint|p1b: Weezing\n|-end|p1b: Weezing|ability: Neutralizing Gas\n|-fieldstart|move: Grassy Terrain|[from] ability: Grassy Surge|[of] p2b: Rillaboom\n|\n|win|VGCLTH Bigfoot\n|raw|Chairman Rose's rating: 1701 &rarr; <strong>1684<\/strong><br \/>(-17 for losing)\n|raw|VGCLTH Bigfoot's rating: 1753 &rarr; <strong>1770<\/strong><br \/>(+17 for winning)\n|l|\u2606Chairman Rose\n|player|p1|\n|l|\u2606VGCLTH Bigfoot\n|player|p2|\n","uploadtime":1731817456,"views":13,"formatid":"gen9vgc2024regh","rating":1684,"private":0,"password":null}