{"id":"gen9vgc2024regh-2245485046","format":"[Gen 9] VGC 2024 Reg H","players":["redgannetVGC","VGCLTH fangame"],"log":"|raw|<div class=\"broadcast-blue\"><strong>This battle is required to be public due to a player having a name starting with 'vgclth'.<\/div>\n|j|\u2606redgannetVGC\n|j|\u2606VGCLTH fangame\n|t:|1731830525\n|gametype|doubles\n|player|p1|redgannetVGC|2|1708\n|player|p2|VGCLTH fangame|red|1774\n|teamsize|p1|6\n|teamsize|p2|6\n|gen|9\n|tier|[Gen 9] VGC 2024 Reg H\n|rated|\n|rule|Species Clause: Limit one of each Pok\u00e9mon\n|rule|Item Clause: Limit 1 of each item\n|clearpoke\n|poke|p1|Ninetales-Alola, L50, F|\n|poke|p1|Dragonite, L50, F|\n|poke|p1|Gholdengo, L50|\n|poke|p1|Magmar, L50, F|\n|poke|p1|Ursaluna-Bloodmoon, L50, M|\n|poke|p1|Annihilape, L50, F|\n|poke|p2|Glaceon, L50, F|\n|poke|p2|Ninetales-Alola, L50, F|\n|poke|p2|Milotic, L50, M|\n|poke|p2|Incineroar, L50, F|\n|poke|p2|Ursaluna-Bloodmoon, L50, M|\n|poke|p2|Annihilape, L50, M|\n|teampreview|4\n|inactive|Battle timer is ON: inactive players will automatically lose when time's up. (requested by VGCLTH fangame)\n|inactive|redgannetVGC has 60 seconds left.\n|inactive|VGCLTH fangame has 60 seconds left.\n|inactive|redgannetVGC has 30 seconds left.\n|inactive|redgannetVGC has 20 seconds left.\n|inactive|redgannetVGC has 15 seconds left.\n|inactive|redgannetVGC has 10 seconds left.\n|inactive|redgannetVGC has 5 seconds left.\n|\n|t:|1731830611\n|start\n|switch|p1a: Ninetales|Ninetales-Alola, L50, F|100\/100\n|switch|p1b: Ursaluna|Ursaluna-Bloodmoon, L50, M|100\/100\n|switch|p2a: Ninetales|Ninetales-Alola, L50, F, shiny|100\/100\n|switch|p2b: Annihilape|Annihilape, L50, M, shiny|100\/100\n|-weather|Snow|[from] ability: Snow Warning|[of] p1a: Ninetales\n|turn|1\n|\n|t:|1731830625\n|switch|p2b: Glaceon|Glaceon, L50, F, shiny|100\/100\n|move|p1a: Ninetales|Aurora Veil|p1a: Ninetales\n|-sidestart|p1: redgannetVGC|move: Aurora Veil\n|move|p2a: Ninetales|Aurora Veil|p2a: Ninetales\n|-sidestart|p2: VGCLTH fangame|move: Aurora Veil\n|move|p1b: Ursaluna|Blood Moon|p2a: Ninetales\n|-damage|p2a: Ninetales|39\/100\n|\n|-weather|Snow|[upkeep]\n|upkeep\n|turn|2\n|inactive|redgannetVGC has 30 seconds left.\n|inactive|VGCLTH fangame has 30 seconds left.\n|inactive|redgannetVGC has 20 seconds left.\n|\n|t:|1731830664\n|switch|p2a: Milotic|Milotic, L50, M, shiny|100\/100\n|switch|p1b: Annihilape|Annihilape, L50, F|100\/100\n|move|p1a: Ninetales|Encore||[still]\n|-fail|p1a: Ninetales\n|move|p2b: Glaceon|Blizzard|p1a: Ninetales|[spread] p1a,p1b\n|-resisted|p1a: Ninetales\n|-damage|p1a: Ninetales|75\/100\n|-damage|p1b: Annihilape|59\/100\n|\n|-weather|Snow|[upkeep]\n|upkeep\n|turn|3\n|\n|t:|1731830681\n|switch|p1a: Magmar|Magmar, L50, F|100\/100\n|-terastallize|p1b: Annihilape|Water\n|move|p1b: Annihilape|Bulk Up|p1b: Annihilape\n|-boost|p1b: Annihilape|atk|1\n|-boost|p1b: Annihilape|def|1\n|move|p2a: Milotic|Hypnosis|p1b: Annihilape\n|-status|p1b: Annihilape|slp|[from] move: Hypnosis\n|move|p2b: Glaceon|Blizzard|p1b: Annihilape|[spread] p1a,p1b\n|-resisted|p1a: Magmar\n|-resisted|p1b: Annihilape\n|-damage|p1a: Magmar|82\/100\n|-damage|p1b: Annihilape|37\/100 slp\n|\n|-weather|Snow|[upkeep]\n|upkeep\n|turn|4\n|\n|t:|1731830696\n|cant|p1b: Annihilape|slp\n|move|p2a: Milotic|Coil|p2a: Milotic\n|-boost|p2a: Milotic|atk|1\n|-boost|p2a: Milotic|def|1\n|-boost|p2a: Milotic|accuracy|1\n|move|p1a: Magmar|Overheat|p2b: Glaceon\n|-supereffective|p2b: Glaceon\n|-damage|p2b: Glaceon|39\/100\n|-unboost|p1a: Magmar|spa|2\n|move|p2b: Glaceon|Blizzard|p1b: Annihilape|[spread] p1a,p1b\n|-resisted|p1a: Magmar\n|-crit|p1a: Magmar\n|-resisted|p1b: Annihilape\n|-damage|p1a: Magmar|39\/100\n|-damage|p1b: Annihilape|16\/100 slp\n|\n|-weather|Snow|[upkeep]\n|upkeep\n|turn|5\n|\n|t:|1731830701\n|move|p1a: Magmar|Follow Me|p1a: Magmar\n|-singleturn|p1a: Magmar|move: Follow Me\n|cant|p1b: Annihilape|slp\n|move|p2a: Milotic|Muddy Water|p1b: Annihilape|[spread] p1a,p1b\n|-supereffective|p1a: Magmar\n|-resisted|p1b: Annihilape\n|-damage|p1a: Magmar|13\/100\n|-damage|p1b: Annihilape|9\/100 slp\n|-unboost|p1a: Magmar|accuracy|1\n|move|p2b: Glaceon|Blizzard|p1b: Annihilape|[spread] p1a,p1b\n|-resisted|p1a: Magmar\n|-resisted|p1b: Annihilape\n|-damage|p1a: Magmar|0 fnt\n|-damage|p1b: Annihilape|0 fnt\n|faint|p1a: Magmar\n|faint|p1b: Annihilape\n|\n|-weather|none\n|-sideend|p2: VGCLTH fangame|move: Aurora Veil\n|upkeep\n|\n|t:|1731830706\n|switch|p1b: Ninetales|Ninetales-Alola, L50, F|75\/100\n|switch|p1a: Ursaluna|Ursaluna-Bloodmoon, L50, M|100\/100\n|-weather|Snow|[from] ability: Snow Warning|[of] p1b: Ninetales\n|turn|6\n|-message|redgannetVGC forfeited.\n|\n|win|VGCLTH fangame\n|raw|redgannetVGC's rating: 1708 &rarr; <strong>1693<\/strong><br \/>(-15 for losing)\n|raw|VGCLTH fangame's rating: 1794 &rarr; <strong>1809<\/strong><br \/>(+15 for winning)\n|l|\u2606redgannetVGC\n|player|p1|\n|l|\u2606VGCLTH fangame\n|player|p2|\n","uploadtime":1731830964,"views":11,"formatid":"gen9vgc2024regh","rating":1693,"private":0,"password":null}