{"id":"gen9vgc2024regh-2245929337","format":"[Gen 9] VGC 2024 Reg H","players":["VGCLTH Bigfoot","vgclth chromate"],"log":"|j|\u2606VGCLTH Bigfoot\n|j|\u2606vgclth chromate\n|t:|1731894188\n|gametype|doubles\n|player|p1|VGCLTH Bigfoot|falkner|1740\n|player|p2|vgclth chromate|allister|1836\n|teamsize|p1|6\n|teamsize|p2|6\n|gen|9\n|tier|[Gen 9] VGC 2024 Reg H\n|rated|\n|rule|Species Clause: Limit one of each Pok\u00e9mon\n|rule|Item Clause: Limit 1 of each item\n|clearpoke\n|poke|p1|Ceruledge, L50, M|\n|poke|p1|Gastrodon-East, L50, M|\n|poke|p1|Sneasler, L50, M|\n|poke|p1|Dragonite, L50, F|\n|poke|p1|Rillaboom, L50, F|\n|poke|p1|Kingambit, L50, M|\n|poke|p2|Archaludon, L50, M|\n|poke|p2|Pelipper, L50, F|\n|poke|p2|Basculegion, L50, M|\n|poke|p2|Gholdengo, L50|\n|poke|p2|Incineroar, L50, M|\n|poke|p2|Amoonguss, L50, M|\n|teampreview|4\n|c|\u2606VGCLTH Bigfoot|gm\n|\n|t:|1731894224\n|start\n|switch|p1a: Sneasler|Sneasler, L50, M, shiny|100\/100\n|switch|p1b: Kingambit|Kingambit, L50, M|100\/100\n|switch|p2a: Amoonguss|Amoonguss, L50, M|100\/100\n|switch|p2b: Pelipper|Pelipper, L50, F|100\/100\n|-weather|RainDance|[from] ability: Drizzle|[of] p2b: Pelipper\n|turn|1\n|c|\u2606VGCLTH Bigfoot|sign up for vgc draft\n|c|\u2606vgclth chromate|glhf\n|c|\u2606vgclth chromate|yeah prob will\n|c|\u2606vgclth chromate|gotta look at my schedule for the next month or so but I prob have time\n|\n|t:|1731894252\n|-terastallize|p1b: Kingambit|Flying\n|move|p1a: Sneasler|Coaching|p1b: Kingambit\n|-boost|p1b: Kingambit|atk|1\n|-boost|p1b: Kingambit|def|1\n|move|p2b: Pelipper|Weather Ball|p1b: Kingambit\n|-damage|p1b: Kingambit|51\/100\n|move|p1b: Kingambit|Tera Blast|p2a: Amoonguss|[anim] Tera Blast Flying\n|-supereffective|p2a: Amoonguss\n|-damage|p2a: Amoonguss|0 fnt\n|faint|p2a: Amoonguss\n|\n|-weather|RainDance|[upkeep]\n|upkeep\n|c|\u2606VGCLTH Bigfoot|lfg\n|c|\u2606vgclth chromate|Ah right\n|c|\u2606vgclth chromate|I forgot this one is AV\n|c|\u2606vgclth chromate|Im so used to playing vs goggles\n|\n|t:|1731894282\n|switch|p2a: Basculegion|Basculegion, L50, M|100\/100\n|turn|2\n|\n|t:|1731894299\n|switch|p1a: Joe Dog|Gastrodon-East, L50, M|100\/100\n|-terastallize|p2a: Basculegion|Water\n|move|p1b: Kingambit|Sucker Punch|p2a: Basculegion\n|-damage|p2a: Basculegion|17\/100\n|move|p2a: Basculegion|Last Respects|p1b: Kingambit\n|-damage|p1b: Kingambit|26\/100\n|move|p2b: Pelipper|Hurricane|p1b: Kingambit\n|-damage|p1b: Kingambit|0 fnt\n|faint|p1b: Kingambit\n|\n|-weather|RainDance|[upkeep]\n|upkeep\n|\n|t:|1731894313\n|switch|p1b: Rillaboom|Rillaboom, L50, F|100\/100\n|-fieldstart|move: Grassy Terrain|[from] ability: Grassy Surge|[of] p1b: Rillaboom\n|turn|3\n|\n|t:|1731894329\n|switch|p2a: Gholdengo|Gholdengo, L50|100\/100\n|move|p1b: Rillaboom|Fake Out|p2b: Pelipper\n|-damage|p2b: Pelipper|81\/100\n|cant|p2b: Pelipper|flinch\n|move|p1a: Joe Dog|Earth Power|p2a: Gholdengo\n|-supereffective|p2a: Gholdengo\n|-damage|p2a: Gholdengo|23\/100\n|-unboost|p2a: Gholdengo|spd|1\n|\n|-weather|RainDance|[upkeep]\n|-heal|p2a: Gholdengo|29\/100|[from] Grassy Terrain\n|upkeep\n|turn|4\n|\n|t:|1731894339\n|move|p2a: Gholdengo|Make It Rain|p1a: Joe Dog|[spread] p1a,p1b\n|-resisted|p1a: Joe Dog\n|-damage|p1a: Joe Dog|71\/100\n|-damage|p1b: Rillaboom|20\/100\n|-unboost|p2a: Gholdengo|spa|1\n|-damage|p2a: Gholdengo|19\/100|[from] item: Life Orb\n|move|p1b: Rillaboom|Wood Hammer|p2b: Pelipper\n|-damage|p2b: Pelipper|0 fnt\n|faint|p2b: Pelipper\n|-damage|p1b: Rillaboom|0 fnt|[from] Recoil\n|faint|p1b: Rillaboom\n|move|p1a: Joe Dog|Earth Power|p2a: Gholdengo\n|-supereffective|p2a: Gholdengo\n|-damage|p2a: Gholdengo|0 fnt\n|faint|p2a: Gholdengo\n|\n|-weather|RainDance|[upkeep]\n|-heal|p1a: Joe Dog|77\/100|[from] Grassy Terrain\n|upkeep\n|c|\u2606vgclth chromate|gg\n|\n|t:|1731894348\n|switch|p1b: Sneasler|Sneasler, L50, M, shiny|100\/100\n|switch|p2b: Basculegion|Basculegion, L50, M, tera:Water|17\/100\n|turn|5\n|c|\u2606VGCLTH Bigfoot|gg\n|\n|t:|1731894354\n|move|p1b: Sneasler|Fake Out|p2b: Basculegion\n|-damage|p2b: Basculegion|0 fnt\n|faint|p2b: Basculegion\n|\n|win|VGCLTH Bigfoot\n|raw|VGCLTH Bigfoot's rating: 1740 &rarr; <strong>1765<\/strong><br \/>(+25 for winning)\n|raw|vgclth chromate's rating: 1836 &rarr; <strong>1811<\/strong><br \/>(-25 for losing)\n|l|\u2606vgclth chromate\n|player|p2|\n|c|\u2606VGCLTH Bigfoot|gl on ladder\n|l|\u2606VGCLTH Bigfoot\n|player|p1|\n","uploadtime":1731894522,"views":26,"formatid":"gen9vgc2024regh","rating":1765,"private":0,"password":null}