{"id":"gen9vgc2024regh-2245142879","format":"[Gen 9] VGC 2024 Reg H","players":["ada + parker","eriksp2"],"log":"|j|\u2606ada + parker\n|j|\u2606eriksp2\n|t:|1731782015\n|gametype|doubles\n|player|p1|ada + parker|chili|1736\n|player|p2|eriksp2|volkner-masters|1678\n|teamsize|p1|6\n|teamsize|p2|6\n|gen|9\n|tier|[Gen 9] VGC 2024 Reg H\n|rated|\n|rule|Species Clause: Limit one of each Pok\u00e9mon\n|rule|Item Clause: Limit 1 of each item\n|clearpoke\n|poke|p1|Typhlosion-Hisui, L50, F|\n|poke|p1|Toedscruel, L50, F|\n|poke|p1|Weezing-Galar, L50, F|\n|poke|p1|Pawmot, L50, F|\n|poke|p1|Corviknight, L50, F|\n|poke|p1|Garchomp, L50, F|\n|poke|p2|Baxcalibur, L50, F|\n|poke|p2|Kingambit, L50, M|\n|poke|p2|Sneasler, L50, F|\n|poke|p2|Rillaboom, L50, F|\n|poke|p2|Volcarona, L50, F|\n|poke|p2|Basculegion, L50, M|\n|teampreview|4\n|inactive|Battle timer is ON: inactive players will automatically lose when time's up. (requested by ada + parker)\neriksp2 has agreed to open team sheets.\n|inactive|ada + parker has 60 seconds left.\n|\n|t:|1731782047\n|start\n|switch|p1a: Toedscruel|Toedscruel, L50, F, shiny|100\/100\n|switch|p1b: Weezing|Weezing-Galar, L50, F|100\/100\n|switch|p2a: Volcarona|Volcarona, L50, F|100\/100\n|switch|p2b: Basculegion|Basculegion, L50, M|100\/100\n|-ability|p1b: Weezing|Neutralizing Gas\n|turn|1\n|j| ChinaDragonVGC\n|l| ChinaDragonVGC\n|inactive|ada + parker has 30 seconds left.\n|inactive|ada + parker has 20 seconds left.\n|inactive|ada + parker has 15 seconds left.\n|\n|t:|1731782089\n|move|p2b: Basculegion|Wave Crash|p1a: Toedscruel\n|-damage|p1a: Toedscruel|23\/100\n|-damage|p2b: Basculegion|76\/100|[from] Recoil\n|move|p1a: Toedscruel|Spore|p2b: Basculegion\n|-status|p2b: Basculegion|slp|[from] move: Spore\n|move|p2a: Volcarona|Heat Wave|p1a: Toedscruel|[spread] p1a,p1b\n|-supereffective|p1a: Toedscruel\n|-damage|p1a: Toedscruel|0 fnt\n|-damage|p1b: Weezing|56\/100\n|-status|p1b: Weezing|brn\n|faint|p1a: Toedscruel\n|move|p1b: Weezing|Sludge Bomb|p2a: Volcarona\n|-damage|p2a: Volcarona|55\/100\n|\n|-damage|p1b: Weezing|50\/100 brn|[from] brn\n|upkeep\n|j| Fancy Cucudrula\n|\n|t:|1731782103\n|switch|p1a: Typhlosion|Typhlosion-Hisui, L50, F, shiny|100\/100\n|turn|2\n|\n|t:|1731782111\n|-terastallize|p1a: Typhlosion|Fire\n|move|p2a: Volcarona|Protect|p2a: Volcarona\n|-singleturn|p2a: Volcarona|Protect\n|move|p1a: Typhlosion|Eruption|p2b: Basculegion|[spread] p2b\n|-activate|p2a: Volcarona|move: Protect\n|-resisted|p2b: Basculegion\n|-damage|p2b: Basculegion|29\/100 slp\n|cant|p2b: Basculegion|slp\n|move|p1b: Weezing|Sludge Bomb|p2a: Volcarona\n|-activate|p2a: Volcarona|move: Protect\n|\n|-damage|p1b: Weezing|45\/100 brn|[from] brn\n|upkeep\n|turn|3\n|\n|t:|1731782125\n|move|p1a: Typhlosion|Eruption|p2b: Basculegion|[spread] p2a,p2b\n|-resisted|p2b: Basculegion\n|-damage|p2a: Volcarona|0 fnt\n|-damage|p2b: Basculegion|0 fnt\n|faint|p2a: Volcarona\n|faint|p2b: Basculegion\n|move|p1b: Weezing|Sludge Bomb|p2: Volcarona|[notarget]\n|-fail|p1b: Weezing\n|\n|-damage|p1b: Weezing|39\/100 brn|[from] brn\n|upkeep\n|\n|t:|1731782129\n|switch|p2a: Phife|Rillaboom, L50, F, shiny|100\/100\n|switch|p2b: K-Dot|Kingambit, L50, M, shiny|100\/100\n|turn|4\n|\n|t:|1731782147\n|-terastallize|p2a: Phife|Fire\n|move|p2a: Phife|Fake Out|p1b: Weezing\n|-damage|p1b: Weezing|27\/100 brn\n|move|p2b: K-Dot|Sucker Punch|p1a: Typhlosion\n|-damage|p1a: Typhlosion|45\/100\n|move|p1a: Typhlosion|Eruption|p2a: Phife|[spread] p2a,p2b\n|-resisted|p2a: Phife\n|-supereffective|p2b: K-Dot\n|-damage|p2a: Phife|82\/100\n|-damage|p2b: K-Dot|58\/100\n|cant|p1b: Weezing|flinch\n|\n|-damage|p1b: Weezing|21\/100 brn|[from] brn\n|upkeep\n|turn|5\n|\n|t:|1731782161\n|move|p2b: K-Dot|Sucker Punch|p1a: Typhlosion\n|-damage|p1a: Typhlosion|0 fnt\n|faint|p1a: Typhlosion\n|move|p2a: Phife|High Horsepower|p1b: Weezing|[miss]\n|-miss|p2a: Phife|p1b: Weezing\n|move|p1b: Weezing|Sludge Bomb|p2a: Phife\n|-damage|p2a: Phife|18\/100\n|\n|-damage|p1b: Weezing|16\/100 brn|[from] brn\n|upkeep\n|\n|t:|1731782169\n|switch|p1a: Pawmot|Pawmot, L50, F, shiny|100\/100\n|turn|6\n|\n|t:|1731782183\n|move|p2b: K-Dot|Sucker Punch|p1b: Weezing\n|-resisted|p1b: Weezing\n|-damage|p1b: Weezing|0 fnt\n|faint|p1b: Weezing\n|-end|p1b: Weezing|ability: Neutralizing Gas\n|-fieldstart|move: Grassy Terrain|[from] ability: Grassy Surge|[of] p2a: Phife\n|move|p1a: Pawmot|Close Combat|p2b: K-Dot\n|-supereffective|p2b: K-Dot\n|-damage|p2b: K-Dot|0 fnt\n|-unboost|p1a: Pawmot|def|1\n|-unboost|p1a: Pawmot|spd|1\n|faint|p2b: K-Dot\n|move|p2a: Phife|High Horsepower|p1a: Pawmot\n|-supereffective|p1a: Pawmot\n|-enditem|p1a: Pawmot|Focus Sash\n|-damage|p1a: Pawmot|1\/100\n|\n|-heal|p1a: Pawmot|7\/100|[from] Grassy Terrain\n|-heal|p2a: Phife|24\/100|[from] Grassy Terrain\n|upkeep\n|turn|7\n|j| roccagamer4273.\n|\n|t:|1731782199\n|move|p1a: Pawmot|Protect|p1a: Pawmot\n|-singleturn|p1a: Pawmot|Protect\n|move|p2a: Phife|Grassy Glide|p1a: Pawmot\n|-activate|p1a: Pawmot|move: Protect\n|\n|-heal|p1a: Pawmot|14\/100|[from] Grassy Terrain\n|-heal|p2a: Phife|30\/100|[from] Grassy Terrain\n|upkeep\n|turn|8\n|\n|t:|1731782206\n|move|p2a: Phife|Grassy Glide|p1a: Pawmot\n|-damage|p1a: Pawmot|0 fnt\n|faint|p1a: Pawmot\n|\n|win|eriksp2\n|raw|ada + parker's rating: 1736 &rarr; <strong>1713<\/strong><br \/>(-23 for losing)\n|raw|eriksp2's rating: 1678 &rarr; <strong>1701<\/strong><br \/>(+23 for winning)\n|l|\u2606ada + parker\n|player|p1|\n|c|\u2606eriksp2|ggwp\n|l|\u2606eriksp2\n|player|p2|\n","uploadtime":1731782212,"views":16,"formatid":"gen9vgc2024regh","rating":1701,"private":0,"password":null}