{"id":"gen9vgc2024regh-2245716839","format":"[Gen 9] VGC 2024 Reg H","players":["onworkhan92","VGCLTH Python"],"log":"|j|\u2606onworkhan92\n|j|\u2606VGCLTH Python\n|t:|1731868533\n|gametype|doubles\n|player|p1|onworkhan92|101|1713\n|player|p2|VGCLTH Python|yellow|1688\n|teamsize|p1|6\n|teamsize|p2|6\n|gen|9\n|tier|[Gen 9] VGC 2024 Reg H\n|rated|\n|rule|Species Clause: Limit one of each Pok\u00e9mon\n|rule|Item Clause: Limit 1 of each item\n|clearpoke\n|poke|p1|Ursaluna, L50, F|\n|poke|p1|Basculegion, L50, M|\n|poke|p1|Dragonite, L50, F|\n|poke|p1|Archaludon, L50, F|\n|poke|p1|Pelipper, L50, M|\n|poke|p1|Sinistcha, L50|\n|poke|p2|Baxcalibur, L50, M|\n|poke|p2|Sneasler, L50, F|\n|poke|p2|Magmar, L50, F|\n|poke|p2|Kingambit, L50, M|\n|poke|p2|Rillaboom, L50, F|\n|poke|p2|Dondozo, L50, F|\n|teampreview|4\n|\n|t:|1731868586\n|start\n|switch|p1a: Basculegion|Basculegion, L50, M|100\/100\n|switch|p1b: Sinistcha|Sinistcha, L50|100\/100\n|switch|p2a: Sneasler|Sneasler, L50, F|100\/100\n|switch|p2b: Baxcalibur|Baxcalibur, L50, M|100\/100\n|turn|1\n|\n|t:|1731868601\n|switch|p1b: Archaludon|Archaludon, L50, F|100\/100\n|move|p1a: Basculegion|Flip Turn|p2a: Sneasler\n|-damage|p2a: Sneasler|30\/100\n|j| volcaronavgc\n|\n|t:|1731868607\n|switch|p1a: Sinistcha|Sinistcha, L50|100\/100|[from] Flip Turn\n|move|p2a: Sneasler|Coaching|p2b: Baxcalibur\n|-boost|p2b: Baxcalibur|atk|1\n|-boost|p2b: Baxcalibur|def|1\n|move|p2b: Baxcalibur|Scale Shot|p1b: Archaludon\n|-damage|p1b: Archaludon|86\/100\n|-ability|p1b: Archaludon|Stamina|boost\n|-boost|p1b: Archaludon|def|1\n|-damage|p1b: Archaludon|77\/100\n|-ability|p1b: Archaludon|Stamina|boost\n|-boost|p1b: Archaludon|def|1\n|-damage|p1b: Archaludon|70\/100\n|-ability|p1b: Archaludon|Stamina|boost\n|-boost|p1b: Archaludon|def|1\n|-damage|p1b: Archaludon|64\/100\n|-ability|p1b: Archaludon|Stamina|boost\n|-boost|p1b: Archaludon|def|1\n|-hitcount|p1b: Archaludon|4\n|-unboost|p2b: Baxcalibur|def|1\n|-boost|p2b: Baxcalibur|spe|1\n|\n|upkeep\n|turn|2\n|\n|t:|1731868629\n|-terastallize|p2b: Baxcalibur|Ghost\n|move|p1a: Sinistcha|Rage Powder|p1a: Sinistcha\n|-singleturn|p1a: Sinistcha|move: Rage Powder\n|move|p2b: Baxcalibur|Scale Shot|p1a: Sinistcha\n|-damage|p1a: Sinistcha|79\/100\n|-damage|p1a: Sinistcha|58\/100\n|-damage|p1a: Sinistcha|36\/100\n|-enditem|p1a: Sinistcha|Sitrus Berry|[eat]\n|-heal|p1a: Sinistcha|61\/100|[from] item: Sitrus Berry\n|-crit|p1a: Sinistcha\n|-damage|p1a: Sinistcha|27\/100\n|-hitcount|p1a: Sinistcha|4\n|-unboost|p2b: Baxcalibur|def|1\n|-boost|p2b: Baxcalibur|spe|1\n|move|p2a: Sneasler|Coaching|p2b: Baxcalibur\n|-boost|p2b: Baxcalibur|atk|1\n|-boost|p2b: Baxcalibur|def|1\n|move|p1b: Archaludon|Flash Cannon|p2a: Sneasler\n|-damage|p2a: Sneasler|0 fnt\n|faint|p2a: Sneasler\n|\n|upkeep\n|\n|t:|1731868643\n|switch|p2a: Rillaboom|Rillaboom, L50, F|100\/100\n|-fieldstart|move: Grassy Terrain|[from] ability: Grassy Surge|[of] p2a: Rillaboom\n|turn|3\n|\n|t:|1731868654\n|switch|p1a: Pelipper|Pelipper, L50, M|100\/100\n|-weather|RainDance|[from] ability: Drizzle|[of] p1a: Pelipper\n|move|p2a: Rillaboom|Fake Out|p1b: Archaludon\n|-resisted|p1b: Archaludon\n|-damage|p1b: Archaludon|63\/100\n|-ability|p1b: Archaludon|Stamina|boost\n|-boost|p1b: Archaludon|def|1\n|move|p2b: Baxcalibur|Scale Shot|p1a: Pelipper\n|-damage|p1a: Pelipper|59\/100\n|-damage|p1a: Pelipper|21\/100\n|-damage|p1a: Pelipper|0 fnt\n|faint|p1a: Pelipper\n|-hitcount|p1: Pelipper|3\n|-unboost|p2b: Baxcalibur|def|1\n|-boost|p2b: Baxcalibur|spe|1\n|cant|p1b: Archaludon|flinch\n|\n|-weather|RainDance|[upkeep]\n|-heal|p1b: Archaludon|69\/100|[from] Grassy Terrain\n|upkeep\n|\n|t:|1731868694\n|switch|p1a: Basculegion|Basculegion, L50, M|100\/100\n|turn|4\n|\n|t:|1731868711\n|switch|p1a: Sinistcha|Sinistcha, L50|27\/100\n|-heal|p1b: Archaludon|94\/100|[from] ability: Hospitality|[of] p1a: Sinistcha\n|switch|p2a: Dondozo|Dondozo, L50, F|100\/100\n|move|p2b: Baxcalibur|Scale Shot|p1a: Sinistcha\n|-damage|p1a: Sinistcha|0 fnt\n|faint|p1a: Sinistcha\n|-hitcount|p1: Sinistcha|1\n|-unboost|p2b: Baxcalibur|def|1\n|-boost|p2b: Baxcalibur|spe|1\n|move|p1b: Archaludon|Electro Shot||[still]\n|-prepare|p1b: Archaludon|Electro Shot\n|-boost|p1b: Archaludon|spa|1\n|-anim|p1b: Archaludon|Electro Shot|p2b: Baxcalibur\n|-damage|p2b: Baxcalibur|51\/100\n|\n|-weather|RainDance|[upkeep]\n|-heal|p2b: Baxcalibur|57\/100|[from] Grassy Terrain\n|-heal|p1b: Archaludon|99\/100|[from] Grassy Terrain\n|upkeep\n|\n|t:|1731868730\n|switch|p1a: Basculegion|Basculegion, L50, M|100\/100\n|turn|5\n|\n|t:|1731868741\n|-terastallize|p1a: Basculegion|Grass\n|move|p2b: Baxcalibur|Scale Shot|p1a: Basculegion\n|-damage|p1a: Basculegion|64\/100\n|-damage|p1a: Basculegion|25\/100\n|-damage|p1a: Basculegion|0 fnt\n|faint|p1a: Basculegion\n|-hitcount|p1: Basculegion|3\n|-unboost|p2b: Baxcalibur|def|1\n|-boost|p2b: Baxcalibur|spe|1\n|move|p1b: Archaludon|Electro Shot||[still]\n|-prepare|p1b: Archaludon|Electro Shot\n|-boost|p1b: Archaludon|spa|1\n|-anim|p1b: Archaludon|Electro Shot|p2a: Dondozo\n|-supereffective|p2a: Dondozo\n|-damage|p2a: Dondozo|42\/100\n|move|p2a: Dondozo|Yawn|p1b: Archaludon\n|-start|p1b: Archaludon|move: Yawn|[of] p2a: Dondozo\n|\n|-weather|RainDance|[upkeep]\n|-heal|p2b: Baxcalibur|63\/100|[from] Grassy Terrain\n|-heal|p1b: Archaludon|100\/100|[from] Grassy Terrain\n|-heal|p2a: Dondozo|48\/100|[from] Grassy Terrain\n|-heal|p2a: Dondozo|54\/100|[from] item: Leftovers\n|upkeep\n|turn|6\n|\n|t:|1731868751\n|move|p2b: Baxcalibur|Protect|p2b: Baxcalibur\n|-singleturn|p2b: Baxcalibur|Protect\n|move|p2a: Dondozo|Protect|p2a: Dondozo\n|-singleturn|p2a: Dondozo|Protect\n|move|p1b: Archaludon|Electro Shot||[still]\n|-prepare|p1b: Archaludon|Electro Shot\n|-boost|p1b: Archaludon|spa|1\n|-anim|p1b: Archaludon|Electro Shot|p2b: Baxcalibur\n|-activate|p2b: Baxcalibur|move: Protect\n|\n|-weather|RainDance|[upkeep]\n|-heal|p2b: Baxcalibur|69\/100|[from] Grassy Terrain\n|-heal|p2a: Dondozo|61\/100|[from] Grassy Terrain\n|-heal|p2a: Dondozo|67\/100|[from] item: Leftovers\n|-end|p1b: Archaludon|move: Yawn|[silent]\n|-status|p1b: Archaludon|slp\n|upkeep\n|turn|7\n|\n|t:|1731868761\n|move|p2b: Baxcalibur|Icicle Spear|p1b: Archaludon\n|-damage|p1b: Archaludon|95\/100 slp\n|-ability|p1b: Archaludon|Stamina|boost\n|-boost|p1b: Archaludon|def|1\n|-damage|p1b: Archaludon|90\/100 slp\n|-damage|p1b: Archaludon|85\/100 slp\n|-damage|p1b: Archaludon|80\/100 slp\n|-damage|p1b: Archaludon|76\/100 slp\n|-hitcount|p1b: Archaludon|5\n|cant|p1b: Archaludon|slp\n|move|p2a: Dondozo|Wave Crash|p1b: Archaludon\n|-resisted|p1b: Archaludon\n|-crit|p1b: Archaludon\n|-damage|p1b: Archaludon|45\/100 slp\n|-damage|p2a: Dondozo|59\/100|[from] Recoil\n|\n|-weather|none\n|-heal|p2b: Baxcalibur|75\/100|[from] Grassy Terrain\n|-heal|p1b: Archaludon|51\/100 slp|[from] Grassy Terrain\n|-heal|p2a: Dondozo|65\/100|[from] Grassy Terrain\n|-heal|p2a: Dondozo|72\/100|[from] item: Leftovers\n|-fieldend|move: Grassy Terrain\n|upkeep\n|turn|8\n|\n|t:|1731868773\n|move|p2b: Baxcalibur|Icicle Spear|p1b: Archaludon\n|-damage|p1b: Archaludon|45\/100 slp\n|-damage|p1b: Archaludon|40\/100 slp\n|-damage|p1b: Archaludon|35\/100 slp\n|-damage|p1b: Archaludon|29\/100 slp\n|-hitcount|p1b: Archaludon|4\n|-curestatus|p1b: Archaludon|slp|[msg]\n|move|p1b: Archaludon|Flash Cannon|p2b: Baxcalibur\n|-damage|p2b: Baxcalibur|0 fnt\n|faint|p2b: Baxcalibur\n|move|p2a: Dondozo|Wave Crash|p1b: Archaludon\n|-resisted|p1b: Archaludon\n|-damage|p1b: Archaludon|16\/100\n|-damage|p2a: Dondozo|68\/100|[from] Recoil\n|\n|-heal|p2a: Dondozo|74\/100|[from] item: Leftovers\n|upkeep\n|\n|t:|1731868776\n|switch|p2b: Rillaboom|Rillaboom, L50, F|100\/100\n|-fieldstart|move: Grassy Terrain|[from] ability: Grassy Surge|[of] p2b: Rillaboom\n|turn|9\n|\n|t:|1731868785\n|move|p2b: Rillaboom|High Horsepower|p1b: Archaludon\n|-supereffective|p1b: Archaludon\n|-damage|p1b: Archaludon|5\/100\n|move|p1b: Archaludon|Body Press|p2b: Rillaboom\n|-damage|p2b: Rillaboom|0 fnt\n|faint|p2b: Rillaboom\n|move|p2a: Dondozo|Wave Crash|p1b: Archaludon\n|-resisted|p1b: Archaludon\n|-damage|p1b: Archaludon|0 fnt\n|faint|p1b: Archaludon\n|-damage|p2a: Dondozo|73\/100|[from] Recoil\n|\n|win|VGCLTH Python\n|raw|onworkhan92's rating: 1713 &rarr; <strong>1692<\/strong><br \/>(-21 for losing)\n|raw|VGCLTH Python's rating: 1688 &rarr; <strong>1709<\/strong><br \/>(+21 for winning)\n|l|\u2606onworkhan92\n|player|p1|\n","uploadtime":1731868969,"views":10,"formatid":"gen9vgc2024regh","rating":1692,"private":0,"password":null}