{"id":"gen9vgc2024regh-2245747261","format":"[Gen 9] VGC 2024 Reg H","players":["Gambit the king","VGCLTH skibidi"],"log":"|raw|<div class=\"broadcast-blue\"><strong>This battle is required to be public due to a player having a name starting with 'vgclth'.<\/div>\n|j|\u2606Gambit the king\n|j|\u2606VGCLTH skibidi\n|t:|1731872091\n|gametype|doubles\n|player|p1|Gambit the king|101|1672\n|player|p2|VGCLTH skibidi|piers-masters|1776\n|teamsize|p1|6\n|teamsize|p2|6\n|gen|9\n|tier|[Gen 9] VGC 2024 Reg H\n|rated|\n|rule|Species Clause: Limit one of each Pok\u00e9mon\n|rule|Item Clause: Limit 1 of each item\n|clearpoke\n|poke|p1|Kingambit, L50, F|\n|poke|p1|Flamigo, L50, F|\n|poke|p1|Rillaboom, L50, M|\n|poke|p1|Smeargle, L50, F|\n|poke|p1|Porygon2, L50|\n|poke|p1|Glimmora, L50, M|\n|poke|p2|Ceruledge, L50, F|\n|poke|p2|Gastrodon-East, L50, F|\n|poke|p2|Sneasler, L50, M|\n|poke|p2|Kingambit, L50, M|\n|poke|p2|Rillaboom, L50, F|\n|poke|p2|Dragonite, L50, F|\n|teampreview|4\n|inactive|Battle timer is ON: inactive players will automatically lose when time's up. (requested by VGCLTH skibidi)\n|j| Bohoennian\n|j| UGCL\n|inactive|VGCLTH skibidi has 60 seconds left.\n|\n|t:|1731872122\n|start\n|switch|p1a: Kingambit|Kingambit, L50, F|100\/100\n|switch|p1b: Smeargle|Smeargle, L50, F|100\/100\n|switch|p2a: Imagine I miss lol|Dragonite, L50, F|100\/100\n|switch|p2b: Let's go gambling|Sneasler, L50, M|100\/100\n|turn|1\n|c| UGCL|skibidi\n|\n|t:|1731872134\n|move|p1b: Smeargle|Burning Bulwark|p1b: Smeargle\n|-singleturn|p1b: Smeargle|move: Protect\n|move|p1a: Kingambit|Protect|p1a: Kingambit\n|-singleturn|p1a: Kingambit|Protect\n|move|p2b: Let's go gambling|Fake Out|p1b: Smeargle\n|-activate|p1b: Smeargle|move: Protect\n|-status|p2b: Let's go gambling|brn\n|move|p2a: Imagine I miss lol|Scale Shot|p1b: Smeargle\n|-activate|p1b: Smeargle|move: Protect\n|\n|-damage|p2b: Let's go gambling|95\/100 brn|[from] brn\n|-ability|p1b: Smeargle|Moody|boost\n|-boost|p1b: Smeargle|spe|2\n|-unboost|p1b: Smeargle|spa|1\n|upkeep\n|turn|2\n|\n|t:|1731872152\n|-terastallize|p1a: Kingambit|Dark\n|move|p2a: Imagine I miss lol|Protect|p2a: Imagine I miss lol\n|-singleturn|p2a: Imagine I miss lol|Protect\n|move|p1b: Smeargle|Spore|p2a: Imagine I miss lol\n|-activate|p2a: Imagine I miss lol|move: Protect\n|move|p2b: Let's go gambling|Close Combat|p1b: Smeargle\n|-supereffective|p1b: Smeargle\n|-enditem|p1b: Smeargle|Focus Sash\n|-damage|p1b: Smeargle|1\/100\n|-unboost|p2b: Let's go gambling|def|1\n|-unboost|p2b: Let's go gambling|spd|1\n|move|p1a: Kingambit|Swords Dance|p1a: Kingambit\n|-boost|p1a: Kingambit|atk|2\n|\n|-damage|p2b: Let's go gambling|89\/100 brn|[from] brn\n|-ability|p1b: Smeargle|Moody|boost\n|-boost|p1b: Smeargle|atk|2\n|-unboost|p1b: Smeargle|spe|1\n|upkeep\n|turn|3\n|\n|t:|1731872174\n|move|p1a: Kingambit|Sucker Punch|p2b: Let's go gambling\n|-resisted|p2b: Let's go gambling\n|-damage|p2b: Let's go gambling|0 fnt\n|faint|p2b: Let's go gambling\n|move|p1b: Smeargle|Spore|p2a: Imagine I miss lol\n|-status|p2a: Imagine I miss lol|slp|[from] move: Spore\n|cant|p2a: Imagine I miss lol|slp\n|\n|-ability|p1b: Smeargle|Moody|boost\n|-boost|p1b: Smeargle|spd|2\n|-unboost|p1b: Smeargle|def|1\n|upkeep\n|\n|t:|1731872181\n|switch|p2b: Rizzler|Rillaboom, L50, F|100\/100\n|-fieldstart|move: Grassy Terrain|[from] ability: Grassy Surge|[of] p2b: Rizzler\n|turn|4\n|\n|t:|1731872191\n|switch|p1b: Flamigo|Flamigo, L50, F|100\/100\n|-copyboost|p1b: Flamigo|p1a: Kingambit|[from] ability: Costar\n|move|p2b: Rizzler|Grassy Glide|p1a: Kingambit\n|-damage|p1a: Kingambit|64\/100\n|cant|p2a: Imagine I miss lol|slp\n|move|p1a: Kingambit|Kowtow Cleave|p2a: Imagine I miss lol\n|-damage|p2a: Imagine I miss lol|20\/100 slp\n|\n|-heal|p1a: Kingambit|70\/100|[from] Grassy Terrain\n|upkeep\n|turn|5\n|\n|t:|1731872211\n|-terastallize|p2b: Rizzler|Fire\n|-curestatus|p2a: Imagine I miss lol|slp|[msg]\n|move|p2a: Imagine I miss lol|Extreme Speed|p1b: Flamigo\n|-damage|p1b: Flamigo|61\/100\n|move|p2b: Rizzler|Grassy Glide|p1b: Flamigo\n|-resisted|p1b: Flamigo\n|-damage|p1b: Flamigo|27\/100\n|move|p1b: Flamigo|Brave Bird|p2a: Imagine I miss lol\n|-damage|p2a: Imagine I miss lol|0 fnt\n|faint|p2a: Imagine I miss lol\n|-damage|p1b: Flamigo|20\/100|[from] Recoil\n|move|p1a: Kingambit|Kowtow Cleave|p2b: Rizzler\n|-crit|p2b: Rizzler\n|-damage|p2b: Rizzler|0 fnt\n|faint|p2b: Rizzler\n|\n|-heal|p1a: Kingambit|76\/100|[from] Grassy Terrain\n|upkeep\n|-message|VGCLTH skibidi forfeited.\n|\n|win|Gambit the king\n|raw|Gambit the king's rating: 1672 &rarr; <strong>1698<\/strong><br \/>(+26 for winning)\n|raw|VGCLTH skibidi's rating: 1776 &rarr; <strong>1750<\/strong><br \/>(-26 for losing)\n|l|\u2606VGCLTH skibidi\n|player|p2|\n|l|\u2606Gambit the king\n|player|p1|\n|l| Bohoennian\n|l| UGCL\n|j| UGCL\n|l| UGCL\n","uploadtime":1731872442,"views":37,"formatid":"gen9vgc2024regh","rating":1698,"private":0,"password":null}