{"id":"gen9vgc2024regh-2245411433","format":"[Gen 9] VGC 2024 Reg H","players":["ArcheopsLugiaVSTAR","VGCLTH Bigfoot"],"log":"|raw|<div class=\"broadcast-blue\"><strong>This battle is required to be public due to a player having a name starting with 'vgclth'.<\/div>\n|j|\u2606ArcheopsLugiaVSTAR\n|j|\u2606VGCLTH Bigfoot\n|t:|1731816920\n|gametype|doubles\n|player|p1|ArcheopsLugiaVSTAR|pokekid|1785\n|player|p2|VGCLTH Bigfoot|falkner|1772\n|teamsize|p1|6\n|teamsize|p2|6\n|gen|9\n|tier|[Gen 9] VGC 2024 Reg H\n|rated|\n|rule|Species Clause: Limit one of each Pok\u00e9mon\n|rule|Item Clause: Limit 1 of each item\n|clearpoke\n|poke|p1|Glimmora, L50, M|\n|poke|p1|Maushold, L50|\n|poke|p1|Indeedee, L50, M|\n|poke|p1|Sneasler, L50, M|\n|poke|p1|Dragonite, L50, M|\n|poke|p1|Archaludon, L50, F|\n|poke|p2|Ceruledge, L50, F|\n|poke|p2|Gastrodon-East, L50, F|\n|poke|p2|Sneasler, L50, M|\n|poke|p2|Dragonite, L50, F|\n|poke|p2|Rillaboom, L50, M|\n|poke|p2|Kingambit, L50, M|\n|teampreview|4\n|inactive|Battle timer is ON: inactive players will automatically lose when time's up. (requested by ArcheopsLugiaVSTAR)\n|inactive|ArcheopsLugiaVSTAR has 60 seconds left.\n|\n|t:|1731816963\n|start\n|switch|p1a: Glimmora|Glimmora, L50, M|100\/100\n|switch|p1b: Maushold|Maushold, L50|100\/100\n|switch|p2a: Sneasler|Sneasler, L50, M, shiny|100\/100\n|switch|p2b: Kingambit|Kingambit, L50, M|100\/100\n|turn|1\n|inactive|VGCLTH Bigfoot has 30 seconds left.\n|\n|t:|1731816994\n|-terastallize|p1b: Maushold|Ghost\n|move|p2a: Sneasler|Fake Out|p1b: Maushold\n|-immune|p1b: Maushold\n|move|p1b: Maushold|Population Bomb|p2a: Sneasler\n|-damage|p2a: Sneasler|87\/100\n|-damage|p2a: Sneasler|75\/100\n|-damage|p2a: Sneasler|63\/100\n|-damage|p2a: Sneasler|50\/100\n|-damage|p2a: Sneasler|38\/100\n|-damage|p2a: Sneasler|24\/100\n|-damage|p2a: Sneasler|12\/100\n|-damage|p2a: Sneasler|0 fnt\n|faint|p2a: Sneasler\n|-hitcount|p2: Sneasler|8\n|move|p1a: Glimmora|Stealth Rock|p2b: Kingambit\n|-sidestart|p2: VGCLTH Bigfoot|move: Stealth Rock\n|move|p2b: Kingambit|Kowtow Cleave|p1b: Maushold\n|-supereffective|p1b: Maushold\n|-damage|p1b: Maushold|0 fnt\n|faint|p1b: Maushold\n|\n|upkeep\n|\n|t:|1731817004\n|switch|p2a: Joe Dog|Gastrodon-East, L50, F|100\/100\n|switch|p1b: Dragonite|Dragonite, L50, M|100\/100\n|-damage|p2a: Joe Dog|95\/100|[from] Stealth Rock\n|turn|2\n|\n|t:|1731817026\n|move|p1b: Dragonite|Protect|p1b: Dragonite\n|-singleturn|p1b: Dragonite|Protect\n|move|p1a: Glimmora|Mortal Spin|p2b: Kingambit|[spread] p2a\n|-immune|p2b: Kingambit\n|-resisted|p2a: Joe Dog\n|-damage|p2a: Joe Dog|93\/100\n|-status|p2a: Joe Dog|psn\n|move|p2b: Kingambit|Iron Head|p1b: Dragonite\n|-activate|p1b: Dragonite|move: Protect\n|move|p2a: Joe Dog|Ice Beam|p1b: Dragonite\n|-activate|p1b: Dragonite|move: Protect\n|\n|-damage|p2a: Joe Dog|81\/100 psn|[from] psn\n|upkeep\n|turn|3\n|\n|t:|1731817049\n|move|p1b: Dragonite|Low Kick|p2b: Kingambit\n|-supereffective|p2b: Kingambit\n|-damage|p2b: Kingambit|0 fnt\n|faint|p2b: Kingambit\n|move|p1a: Glimmora|Spikes|p2a: Joe Dog\n|-sidestart|p2: VGCLTH Bigfoot|Spikes\n|move|p2a: Joe Dog|Earth Power|p1a: Glimmora\n|-supereffective|p1a: Glimmora\n|-damage|p1a: Glimmora|0 fnt\n|faint|p1a: Glimmora\n|\n|-damage|p2a: Joe Dog|68\/100 psn|[from] psn\n|upkeep\n|\n|t:|1731817052\n|switch|p1a: Archaludon|Archaludon, L50, F|100\/100\n|switch|p2b: Dragonite|Dragonite, L50, F|100\/100\n|-damage|p2b: Dragonite|76\/100|[from] Stealth Rock\n|turn|4\n|\n|t:|1731817062\n|-terastallize|p2b: Dragonite|Fairy\n|move|p1b: Dragonite|Protect|p1b: Dragonite\n|-singleturn|p1b: Dragonite|Protect\n|move|p1a: Archaludon|Electro Shot||[still]\n|-prepare|p1a: Archaludon|Electro Shot\n|-boost|p1a: Archaludon|spa|1\n|-enditem|p1a: Archaludon|Power Herb\n|-anim|p1a: Archaludon|Electro Shot|p2b: Dragonite\n|-damage|p2b: Dragonite|0 fnt\n|faint|p2b: Dragonite\n|move|p2a: Joe Dog|Earth Power|p1a: Archaludon\n|-supereffective|p1a: Archaludon\n|-damage|p1a: Archaludon|1\/100\n|\n|-damage|p2a: Joe Dog|56\/100 psn|[from] psn\n|upkeep\n|turn|5\n|\n|t:|1731817078\n|move|p1a: Archaludon|Dragon Pulse|p2a: Joe Dog\n|-damage|p2a: Joe Dog|0 fnt\n|faint|p2a: Joe Dog\n|\n|win|ArcheopsLugiaVSTAR\n|raw|ArcheopsLugiaVSTAR's rating: 1785 &rarr; <strong>1804<\/strong><br \/>(+19 for winning)\n|raw|VGCLTH Bigfoot's rating: 1772 &rarr; <strong>1753<\/strong><br \/>(-19 for losing)\n|l|\u2606VGCLTH Bigfoot\n|player|p2|\n|j| SanePerson\n|l|\u2606ArcheopsLugiaVSTAR\n|player|p1|\n|l| SanePerson\n|j| chromate\n|l| chromate\n","uploadtime":1731817318,"views":12,"formatid":"gen9vgc2024regh","rating":1753,"private":0,"password":null}