{"id":"gen9vgc2024regh-2245461381","format":"[Gen 9] VGC 2024 Reg H","players":["anton19","VGCLTH fangame"],"log":"|j|\u2606anton19\n|j|\u2606VGCLTH fangame\n|t:|1731825493\n|gametype|doubles\n|player|p1|anton19|266|1649\n|player|p2|VGCLTH fangame|red|1730\n|teamsize|p1|6\n|teamsize|p2|6\n|gen|9\n|tier|[Gen 9] VGC 2024 Reg H\n|rated|\n|rule|Species Clause: Limit one of each Pok\u00e9mon\n|rule|Item Clause: Limit 1 of each item\n|clearpoke\n|poke|p1|Electabuzz, L50, F|\n|poke|p1|Kingambit, L50, M|\n|poke|p1|Sneasler, L50, M|\n|poke|p1|Rillaboom, L50, M|\n|poke|p1|Primarina, L50, M|\n|poke|p1|Dragonite, L50, M|\n|poke|p2|Glaceon, L50, F|\n|poke|p2|Ninetales-Alola, L50, F|\n|poke|p2|Milotic, L50, M|\n|poke|p2|Incineroar, L50, F|\n|poke|p2|Ursaluna-Bloodmoon, L50, M|\n|poke|p2|Annihilape, L50, F|\n|teampreview|4\n|inactive|Battle timer is ON: inactive players will automatically lose when time's up. (requested by VGCLTH fangame)\n|inactive|anton19 also wants the timer to be on.\n|inactive|anton19 has 60 seconds left.\n|inactive|VGCLTH fangame has 60 seconds left.\n|inactive|VGCLTH fangame has 30 seconds left.\n|inactive|VGCLTH fangame has 20 seconds left.\n|inactive|VGCLTH fangame has 15 seconds left.\n|inactive|VGCLTH fangame has 10 seconds left.\n|inactive|VGCLTH fangame has 5 seconds left.\n|\n|t:|1731825580\n|start\n|switch|p1a: Sneasler|Sneasler, L50, M|100\/100\n|switch|p1b: Kingambit|Kingambit, L50, M|100\/100\n|switch|p2a: Ninetales|Ninetales-Alola, L50, F, shiny|100\/100\n|switch|p2b: Annihilape|Annihilape, L50, F, shiny|100\/100\n|-weather|Snow|[from] ability: Snow Warning|[of] p2a: Ninetales\n|turn|1\n|inactive|anton19 has 30 seconds left.\n|inactive|anton19 has 20 seconds left.\n|\n|t:|1731825615\n|-terastallize|p2a: Ninetales|Ghost\n|move|p1a: Sneasler|Dire Claw|p2a: Ninetales\n|-resisted|p2a: Ninetales\n|-damage|p2a: Ninetales|71\/100\n|-status|p2a: Ninetales|slp\n|cant|p2a: Ninetales|slp\n|move|p2b: Annihilape|Bulk Up|p2b: Annihilape\n|-boost|p2b: Annihilape|atk|1\n|-boost|p2b: Annihilape|def|1\n|move|p1b: Kingambit|Swords Dance|p1b: Kingambit\n|-boost|p1b: Kingambit|atk|2\n|\n|-weather|Snow|[upkeep]\n|upkeep\n|turn|2\n|\n|t:|1731825633\n|switch|p1a: Electabuzz|Electabuzz, L50, F|100\/100\n|switch|p2a: Incineroar|Incineroar, L50, F, shiny|100\/100\n|-ability|p2a: Incineroar|Intimidate|boost\n|-unboost|p1a: Electabuzz|atk|1\n|-unboost|p1b: Kingambit|atk|1\n|-ability|p1b: Kingambit|Defiant|boost\n|-boost|p1b: Kingambit|atk|2\n|-enditem|p2a: Incineroar|Mirror Herb\n|-boost|p2a: Incineroar|atk|2|[from] item: Mirror Herb\n|move|p1b: Kingambit|Protect|p1b: Kingambit\n|-singleturn|p1b: Kingambit|Protect\n|move|p2b: Annihilape|Drain Punch|p1b: Kingambit\n|-activate|p1b: Kingambit|move: Protect\n|\n|-weather|Snow|[upkeep]\n|upkeep\n|turn|3\n|\n|t:|1731825644\n|move|p2a: Incineroar|Fake Out|p1a: Electabuzz\n|-damage|p1a: Electabuzz|81\/100\n|cant|p1a: Electabuzz|flinch\n|move|p2b: Annihilape|Drain Punch|p1b: Kingambit\n|-supereffective|p1b: Kingambit\n|-damage|p1b: Kingambit|0 fnt\n|faint|p1b: Kingambit\n|\n|-weather|Snow|[upkeep]\n|upkeep\n|\n|t:|1731825653\n|switch|p1b: Primarina|Primarina, L50, M|100\/100\n|turn|4\n|j| feafegafecw\n|inactive|VGCLTH fangame has 30 seconds left.\n|l| feafegafecw\n|inactive|VGCLTH fangame has 20 seconds left.\n|\n|t:|1731825690\n|switch|p2a: Ninetales|Ninetales-Alola, L50, F, shiny, tera:Ghost|71\/100 slp\n|move|p1a: Electabuzz|Follow Me|p1a: Electabuzz\n|-singleturn|p1a: Electabuzz|move: Follow Me\n|move|p2b: Annihilape|Drain Punch|p1a: Electabuzz\n|-damage|p1a: Electabuzz|45\/100\n|move|p1b: Primarina|Hyper Voice|p2b: Annihilape|[spread] p2a,p2b\n|-damage|p2a: Ninetales|32\/100 slp\n|-damage|p2b: Annihilape|69\/100\n|-enditem|p1b: Primarina|Throat Spray\n|-boost|p1b: Primarina|spa|1|[from] item: Throat Spray\n|\n|-weather|Snow|[upkeep]\n|-heal|p2b: Annihilape|75\/100|[from] item: Leftovers\n|upkeep\n|turn|5\n|\n|t:|1731825703\n|move|p2b: Annihilape|Protect|p2b: Annihilape\n|-singleturn|p2b: Annihilape|Protect\n|move|p1a: Electabuzz|Follow Me|p1a: Electabuzz\n|-singleturn|p1a: Electabuzz|move: Follow Me\n|cant|p2a: Ninetales|slp\n|move|p1b: Primarina|Moonblast|p2b: Annihilape\n|-activate|p2b: Annihilape|move: Protect\n|\n|-weather|none\n|-heal|p2b: Annihilape|81\/100|[from] item: Leftovers\n|upkeep\n|turn|6\n|\n|t:|1731825717\n|switch|p2a: Incineroar|Incineroar, L50, F, shiny|100\/100\n|-ability|p2a: Incineroar|Intimidate|boost\n|-unboost|p1a: Electabuzz|atk|1\n|-unboost|p1b: Primarina|atk|1\n|move|p1a: Electabuzz|Follow Me|p1a: Electabuzz\n|-singleturn|p1a: Electabuzz|move: Follow Me\n|move|p2b: Annihilape|Rage Fist|p1a: Electabuzz\n|-damage|p1a: Electabuzz|1\/100\n|move|p1b: Primarina|Moonblast|p2b: Annihilape\n|-supereffective|p2b: Annihilape\n|-damage|p2b: Annihilape|0 fnt\n|faint|p2b: Annihilape\n|\n|upkeep\n|\n|t:|1731825726\n|switch|p2b: Ninetales|Ninetales-Alola, L50, F, shiny, tera:Ghost|32\/100 slp\n|-weather|Snow|[from] ability: Snow Warning|[of] p2b: Ninetales\n|turn|7\n|\n|t:|1731825736\n|move|p2a: Incineroar|Fake Out|p1b: Primarina\n|-damage|p1b: Primarina|89\/100\n|cant|p2b: Ninetales|slp\n|move|p1a: Electabuzz|Electroweb|p2b: Ninetales|[spread] p2a,p2b\n|-damage|p2a: Incineroar|87\/100\n|-damage|p2b: Ninetales|16\/100 slp\n|-unboost|p2a: Incineroar|spe|1\n|-unboost|p2b: Ninetales|spe|1\n|cant|p1b: Primarina|flinch\n|\n|-weather|Snow|[upkeep]\n|upkeep\n|turn|8\n|\n|t:|1731825749\n|move|p1a: Electabuzz|Protect|p1a: Electabuzz\n|-singleturn|p1a: Electabuzz|Protect\n|-curestatus|p2b: Ninetales|slp|[msg]\n|move|p2b: Ninetales|Protect|p2b: Ninetales\n|-singleturn|p2b: Ninetales|Protect\n|move|p1b: Primarina|Hyper Voice|p2a: Incineroar|[spread] p2a\n|-activate|p2b: Ninetales|move: Protect\n|-supereffective|p2a: Incineroar\n|-damage|p2a: Incineroar|6\/100\n|move|p2a: Incineroar|Parting Shot|p1b: Primarina\n|-unboost|p1b: Primarina|atk|1\n|-unboost|p1b: Primarina|spa|1\n|\n|t:|1731825752\n|switch|p2a: Ursaluna|Ursaluna-Bloodmoon, L50, M|100\/100|[from] Parting Shot\n|\n|-weather|Snow|[upkeep]\n|upkeep\n|turn|9\n|\n|t:|1731825773\n|switch|p1a: Sneasler|Sneasler, L50, M|100\/100\n|move|p1b: Primarina|Protect|p1b: Primarina\n|-singleturn|p1b: Primarina|Protect\n|move|p2b: Ninetales|Aurora Veil|p2b: Ninetales\n|-sidestart|p2: VGCLTH fangame|move: Aurora Veil\n|move|p2a: Ursaluna|Hyper Voice|p1b: Primarina|[spread] p1a\n|-activate|p1b: Primarina|move: Protect\n|-damage|p1a: Sneasler|44\/100\n|\n|-weather|Snow|[upkeep]\n|upkeep\n|turn|10\n|\n|t:|1731825795\n|switch|p2b: Incineroar|Incineroar, L50, F, shiny|6\/100\n|-ability|p2b: Incineroar|Intimidate|boost\n|-unboost|p1a: Sneasler|atk|1\n|-unboost|p1b: Primarina|atk|1\n|move|p1a: Sneasler|Fake Out|p2a: Ursaluna\n|-damage|p2a: Ursaluna|96\/100\n|move|p1b: Primarina|Hyper Voice|p2b: Incineroar|[spread] p2a,p2b\n|-supereffective|p2a: Ursaluna\n|-supereffective|p2b: Incineroar\n|-damage|p2a: Ursaluna|68\/100\n|-damage|p2b: Incineroar|0 fnt\n|faint|p2b: Incineroar\n|cant|p2a: Ursaluna|flinch\n|\n|-weather|Snow|[upkeep]\n|upkeep\n|inactive|VGCLTH fangame has 30 seconds left.\n|\n|t:|1731825827\n|switch|p2b: Ninetales|Ninetales-Alola, L50, F, shiny, tera:Ghost|16\/100\n|turn|11\n|\n|t:|1731825848\n|move|p1b: Primarina|Protect|p1b: Primarina\n|-singleturn|p1b: Primarina|Protect\n|move|p1a: Sneasler|Dire Claw|p2b: Ninetales\n|-resisted|p2b: Ninetales\n|-damage|p2b: Ninetales|3\/100\n|-status|p2b: Ninetales|psn\n|move|p2b: Ninetales|Blizzard|p1a: Sneasler|[spread] p1a\n|-activate|p1b: Primarina|move: Protect\n|-damage|p1a: Sneasler|0 fnt\n|faint|p1a: Sneasler\n|move|p2a: Ursaluna|Hyper Voice|p1b: Primarina\n|-activate|p1b: Primarina|move: Protect\n|\n|-weather|none\n|-damage|p2b: Ninetales|0 fnt|[from] psn\n|faint|p2b: Ninetales\n|upkeep\n|\n|t:|1731825859\n|switch|p1a: Electabuzz|Electabuzz, L50, F|1\/100\n|turn|12\n|j| GooglePay\n|inactive|VGCLTH fangame has 30 seconds left.\n|inactive|VGCLTH fangame has 20 seconds left.\n|inactive|VGCLTH fangame has 15 seconds left.\n|\n|t:|1731825900\n|move|p1a: Electabuzz|Protect|p1a: Electabuzz\n|-singleturn|p1a: Electabuzz|Protect\n|move|p1b: Primarina|Icy Wind|p2a: Ursaluna\n|-supereffective|p2a: Ursaluna\n|-damage|p2a: Ursaluna|51\/100\n|-unboost|p2a: Ursaluna|spe|1\n|move|p2a: Ursaluna|Hyper Voice|p1a: Electabuzz|[spread] p1b\n|-activate|p1a: Electabuzz|move: Protect\n|-damage|p1b: Primarina|53\/100\n|\n|upkeep\n|turn|13\n|\n|t:|1731825918\n|move|p1a: Electabuzz|Taunt|p2a: Ursaluna\n|-start|p2a: Ursaluna|move: Taunt\n|move|p1b: Primarina|Hyper Voice|p2a: Ursaluna\n|-supereffective|p2a: Ursaluna\n|-damage|p2a: Ursaluna|11\/100\n|move|p2a: Ursaluna|Hyper Voice|p1b: Primarina|[spread] p1a,p1b\n|-damage|p1a: Electabuzz|0 fnt\n|-damage|p1b: Primarina|20\/100\n|faint|p1a: Electabuzz\n|\n|-sideend|p2: VGCLTH fangame|move: Aurora Veil\n|upkeep\n|turn|14\n|-message|VGCLTH fangame forfeited.\n|\n|win|anton19\n|raw|anton19's rating: 1649 &rarr; <strong>1673<\/strong><br \/>(+24 for winning)\n|raw|VGCLTH fangame's rating: 1723 &rarr; <strong>1699<\/strong><br \/>(-24 for losing)\n|l|\u2606VGCLTH fangame\n|player|p2|\n|l|\u2606anton19\n|player|p1|\n","uploadtime":1731826130,"views":11,"formatid":"gen9vgc2024regh","rating":1673,"private":0,"password":null}