{"id":"gen9vgc2024regh-2245031747","format":"[Gen 9] VGC 2024 Reg H","players":["Grade a type b","SuminVGC"],"log":"|j|\u2606Grade a type b\n|j|\u2606SuminVGC\n|t:|1731767389\n|gametype|doubles\n|player|p1|Grade a type b|170|1760\n|player|p2|SuminVGC|2|1663\n|teamsize|p1|6\n|teamsize|p2|6\n|gen|9\n|tier|[Gen 9] VGC 2024 Reg H\n|rated|\n|rule|Species Clause: Limit one of each Pok\u00e9mon\n|rule|Item Clause: Limit 1 of each item\n|clearpoke\n|poke|p1|Gholdengo, L50|\n|poke|p1|Primarina, L50, F|\n|poke|p1|Ursaluna-Bloodmoon, L50, M|\n|poke|p1|Dragonite, L50, M|\n|poke|p1|Whimsicott, L50, M|\n|poke|p1|Tyranitar, L50, M|\n|poke|p2|Tyranitar, L50, M|\n|poke|p2|Sneasler, L50, M|\n|poke|p2|Rillaboom, L50, F|\n|poke|p2|Volcarona, L50, F|\n|poke|p2|Kingambit, L50, F|\n|poke|p2|Primarina, L50, F|\n|teampreview|4\n|\n|t:|1731767424\n|start\n|switch|p1a: Whimsicott|Whimsicott, L50, M|100\/100\n|switch|p1b: Tyranitar|Tyranitar, L50, M|100\/100\n|switch|p2a: Tyranitar|Tyranitar, L50, M|100\/100\n|switch|p2b: Sneasler|Sneasler, L50, M|100\/100\n|-weather|Sandstorm|[from] ability: Sand Stream|[of] p2a: Tyranitar\n|turn|1\n|\n|t:|1731767446\n|-terastallize|p1b: Tyranitar|Flying\n|move|p1a: Whimsicott|Tailwind|p1a: Whimsicott\n|-sidestart|p1: Grade a type b|move: Tailwind\n|move|p2b: Sneasler|Dire Claw|p1a: Whimsicott\n|-supereffective|p1a: Whimsicott\n|-damage|p1a: Whimsicott|0 fnt\n|faint|p1a: Whimsicott\n|move|p1b: Tyranitar|Tera Blast|p2b: Sneasler|[anim] Tera Blast Flying\n|-supereffective|p2b: Sneasler\n|-damage|p2b: Sneasler|0 fnt\n|faint|p2b: Sneasler\n|move|p2a: Tyranitar|Dragon Dance|p2a: Tyranitar\n|-boost|p2a: Tyranitar|atk|1\n|-boost|p2a: Tyranitar|spe|1\n|\n|-weather|Sandstorm|[upkeep]\n|-damage|p1b: Tyranitar|95\/100|[from] Sandstorm\n|upkeep\n|\n|t:|1731767461\n|switch|p1a: Dragonite|Dragonite, L50, M|100\/100\n|switch|p2b: Kingambit|Kingambit, L50, F|100\/100\n|turn|2\n|\n|t:|1731767484\n|-terastallize|p2b: Kingambit|Fairy\n|move|p2a: Tyranitar|Protect|p2a: Tyranitar\n|-singleturn|p2a: Tyranitar|Protect\n|move|p1a: Dragonite|Scale Shot|p2a: Tyranitar\n|-activate|p2a: Tyranitar|move: Protect\n|move|p1b: Tyranitar|Low Kick|p2a: Tyranitar\n|-activate|p2a: Tyranitar|move: Protect\n|move|p2b: Kingambit|Tera Blast|p1a: Dragonite|[anim] Tera Blast Fairy\n|-supereffective|p1a: Dragonite\n|-damage|p1a: Dragonite|55\/100\n|\n|-weather|Sandstorm|[upkeep]\n|-damage|p1a: Dragonite|49\/100|[from] Sandstorm\n|-damage|p1b: Tyranitar|89\/100|[from] Sandstorm\n|-damage|p2b: Kingambit|95\/100|[from] Sandstorm\n|upkeep\n|turn|3\n|j| Partan\n|\n|t:|1731767514\n|move|p1a: Dragonite|Low Kick|p2a: Tyranitar\n|-supereffective|p2a: Tyranitar\n|-enditem|p2a: Tyranitar|Focus Sash\n|-damage|p2a: Tyranitar|1\/100\n|move|p2a: Tyranitar|Rock Slide|p1a: Dragonite|[spread] p1a,p1b\n|-supereffective|p1a: Dragonite\n|-crit|p1a: Dragonite\n|-supereffective|p1b: Tyranitar\n|-damage|p1a: Dragonite|0 fnt\n|-damage|p1b: Tyranitar|11\/100\n|faint|p1a: Dragonite\n|move|p1b: Tyranitar|Low Kick|p2a: Tyranitar\n|-supereffective|p2a: Tyranitar\n|-damage|p2a: Tyranitar|0 fnt\n|faint|p2a: Tyranitar\n|move|p2b: Kingambit|Tera Blast|p1b: Tyranitar|[anim] Tera Blast Fairy\n|-damage|p1b: Tyranitar|0 fnt\n|faint|p1b: Tyranitar\n|\n|-weather|Sandstorm|[upkeep]\n|-damage|p2b: Kingambit|89\/100|[from] Sandstorm\n|upkeep\n|\n|t:|1731767526\n|switch|p2a: Rillaboom|Rillaboom, L50, F|100\/100\n|switch|p1b: Ursaluna|Ursaluna-Bloodmoon, L50, M|100\/100\n|-fieldstart|move: Grassy Terrain|[from] ability: Grassy Surge|[of] p2a: Rillaboom\n|turn|4\n|\n|t:|1731767536\n|move|p2a: Rillaboom|Fake Out|p1b: Ursaluna\n|-damage|p1b: Ursaluna|84\/100\n|-damage|p2a: Rillaboom|91\/100|[from] item: Life Orb\n|cant|p1b: Ursaluna|flinch\n|move|p2b: Kingambit|Kowtow Cleave|p1b: Ursaluna\n|-damage|p1b: Ursaluna|44\/100\n|\n|-weather|Sandstorm|[upkeep]\n|-damage|p2a: Rillaboom|84\/100|[from] Sandstorm\n|-damage|p2b: Kingambit|83\/100|[from] Sandstorm\n|-heal|p1b: Ursaluna|50\/100|[from] Grassy Terrain\n|-heal|p2a: Rillaboom|91\/100|[from] Grassy Terrain\n|-heal|p2b: Kingambit|89\/100|[from] Grassy Terrain\n|-sideend|p1: Grade a type b|move: Tailwind\n|upkeep\n|turn|5\n|-message|Grade a type b forfeited.\n|\n|win|SuminVGC\n|raw|Grade a type b's rating: 1760 &rarr; <strong>1735<\/strong><br \/>(-25 for losing)\n|raw|SuminVGC's rating: 1663 &rarr; <strong>1688<\/strong><br \/>(+25 for winning)\n|l|\u2606Grade a type b\n|player|p1|\n|l|\u2606SuminVGC\n|player|p2|\n|l| Partan\n","uploadtime":1731767695,"views":20,"formatid":"gen9vgc2024regh","rating":1688,"private":0,"password":null}