{"id":"gen9vgc2024regh-2245525877","format":"[Gen 9] VGC 2024 Reg H","players":["Djjwjwwjj","VGCLTH fangame"],"log":"|raw|<div class=\"broadcast-blue\"><strong>This battle is required to be public due to a player having a name starting with 'vgclth'.<\/div>\n|j|\u2606Djjwjwwjj\n|j|\u2606VGCLTH fangame\n|t:|1731839925\n|gametype|doubles\n|player|p1|Djjwjwwjj|1|1695\n|player|p2|VGCLTH fangame|red|1789\n|teamsize|p1|6\n|teamsize|p2|6\n|gen|9\n|tier|[Gen 9] VGC 2024 Reg H\n|rated|\n|rule|Species Clause: Limit one of each Pok\u00e9mon\n|rule|Item Clause: Limit 1 of each item\n|clearpoke\n|poke|p1|Palafin, L50, M|\n|poke|p1|Incineroar, L50, F|\n|poke|p1|Amoonguss, L50, M|\n|poke|p1|Farigiraf, L50, M|\n|poke|p1|Archaludon, L50, F|\n|poke|p1|Pelipper, L50, M|\n|poke|p2|Glaceon, L50, F|\n|poke|p2|Ninetales-Alola, L50, F|\n|poke|p2|Milotic, L50, M|\n|poke|p2|Incineroar, L50, F|\n|poke|p2|Ursaluna-Bloodmoon, L50, M|\n|poke|p2|Annihilape, L50, M|\n|teampreview|4\n|inactive|Battle timer is ON: inactive players will automatically lose when time's up. (requested by VGCLTH fangame)\n|inactive|Djjwjwwjj also wants the timer to be on.\n|inactive|VGCLTH fangame has 60 seconds left.\n|\n|t:|1731839981\n|start\n|switch|p1a: Palafin|Palafin, L50, M|100\/100\n|switch|p1b: Archaludon|Archaludon, L50, F|100\/100\n|switch|p2a: Incineroar|Incineroar, L50, F, shiny|100\/100\n|switch|p2b: Milotic|Milotic, L50, M, shiny|100\/100\n|-ability|p2a: Incineroar|Intimidate|boost\n|-unboost|p1a: Palafin|atk|1\n|-unboost|p1b: Archaludon|atk|1\n|turn|1\n|j| solarflare11821\n|inactive|Djjwjwwjj has 30 seconds left.\n|\n|t:|1731840016\n|move|p1a: Palafin|Flip Turn|p2a: Incineroar\n|-supereffective|p2a: Incineroar\n|-damage|p2a: Incineroar|62\/100\n|\n|t:|1731840022\n|detailschange|p1a: Palafin|Palafin-Hero, L50, M\n|switch|p1a: Pelipper|Pelipper, L50, M|100\/100|[from] Flip Turn\n|-weather|RainDance|[from] ability: Drizzle|[of] p1a: Pelipper\n|move|p1b: Archaludon|Body Press|p2a: Incineroar\n|-supereffective|p2a: Incineroar\n|-damage|p2a: Incineroar|18\/100\n|move|p2b: Milotic|Coil|p2b: Milotic\n|-boost|p2b: Milotic|atk|1\n|-boost|p2b: Milotic|def|1\n|-boost|p2b: Milotic|accuracy|1\n|move|p2a: Incineroar|Parting Shot|p1b: Archaludon\n|-unboost|p1b: Archaludon|atk|1\n|-unboost|p1b: Archaludon|spa|1\n|\n|t:|1731840025\n|switch|p2a: Ninetales|Ninetales-Alola, L50, F, shiny|100\/100|[from] Parting Shot\n|-weather|Snow|[from] ability: Snow Warning|[of] p2a: Ninetales\n|\n|-weather|Snow|[upkeep]\n|upkeep\n|turn|2\n|\n|t:|1731840049\n|move|p1a: Pelipper|U-turn|p1b: Archaludon\n|-resisted|p1b: Archaludon\n|-crit|p1b: Archaludon\n|-damage|p1b: Archaludon|96\/100\n|-ability|p1b: Archaludon|Stamina|boost\n|-boost|p1b: Archaludon|def|1\n|\n|t:|1731840057\n|switch|p1a: Palafin|Palafin-Hero, L50, M|100\/100|[from] U-turn\n|-activate|p1a: Palafin|ability: Zero to Hero\n|move|p2a: Ninetales|Aurora Veil|p2a: Ninetales\n|-sidestart|p2: VGCLTH fangame|move: Aurora Veil\n|move|p1b: Archaludon|Body Press|p2a: Ninetales\n|-damage|p2a: Ninetales|78\/100\n|move|p2b: Milotic|Hypnosis|p1b: Archaludon\n|-status|p1b: Archaludon|slp|[from] move: Hypnosis\n|\n|-weather|Snow|[upkeep]\n|upkeep\n|turn|3\n|\n|t:|1731840080\n|switch|p2a: Glaceon|Glaceon, L50, F, shiny|100\/100\n|move|p1a: Palafin|Haze|p1a: Palafin\n|-clearallboost\n|move|p2b: Milotic|Hypnosis|p1a: Palafin|[miss]\n|-miss|p2b: Milotic|p1a: Palafin\n|cant|p1b: Archaludon|slp\n|\n|-weather|Snow|[upkeep]\n|upkeep\n|turn|4\n|\n|t:|1731840106\n|switch|p1a: Farigiraf|Farigiraf, L50, M|100\/100\n|move|p2b: Milotic|Coil|p2b: Milotic\n|-boost|p2b: Milotic|atk|1\n|-boost|p2b: Milotic|def|1\n|-boost|p2b: Milotic|accuracy|1\n|-curestatus|p1b: Archaludon|slp|[msg]\n|move|p1b: Archaludon|Body Press|p2a: Glaceon|[miss]\n|-miss|p1b: Archaludon|p2a: Glaceon\n|move|p2a: Glaceon|Freeze-Dry|p1a: Farigiraf\n|-damage|p1a: Farigiraf|46\/100\n|\n|-weather|Snow|[upkeep]\n|upkeep\n|turn|5\n|\n|t:|1731840126\n|switch|p1a: Pelipper|Pelipper, L50, M|100\/100\n|-weather|RainDance|[from] ability: Drizzle|[of] p1a: Pelipper\n|-terastallize|p1b: Archaludon|Electric\n|move|p2b: Milotic|Hypnosis|p1b: Archaludon\n|-status|p1b: Archaludon|slp|[from] move: Hypnosis\n|cant|p1b: Archaludon|slp\n|move|p2a: Glaceon|Freeze-Dry|p1a: Pelipper\n|-supereffective|p1a: Pelipper\n|-crit|p1a: Pelipper\n|-damage|p1a: Pelipper|0 fnt\n|faint|p1a: Pelipper\n|\n|-weather|RainDance|[upkeep]\n|upkeep\n|\n|t:|1731840143\n|switch|p1a: Palafin|Palafin-Hero, L50, M|100\/100\n|turn|6\n|\n|t:|1731840149\n|switch|p2b: Ninetales|Ninetales-Alola, L50, F, shiny|78\/100\n|-weather|Snow|[from] ability: Snow Warning|[of] p2b: Ninetales\n|move|p1a: Palafin|Flip Turn|p2a: Glaceon\n|-damage|p2a: Glaceon|78\/100\n|\n|t:|1731840156\n|switch|p1a: Farigiraf|Farigiraf, L50, M|46\/100|[from] Flip Turn\n|cant|p1b: Archaludon|slp\n|move|p2a: Glaceon|Freeze-Dry|p1a: Farigiraf\n|-damage|p1a: Farigiraf|0 fnt\n|faint|p1a: Farigiraf\n|\n|-weather|Snow|[upkeep]\n|-sideend|p2: VGCLTH fangame|move: Aurora Veil\n|upkeep\n|\n|t:|1731840167\n|switch|p1a: Palafin|Palafin-Hero, L50, M|100\/100\n|turn|7\n|\n|t:|1731840185\n|move|p1a: Palafin|Jet Punch|p2b: Ninetales\n|-damage|p2b: Ninetales|21\/100\n|move|p2b: Ninetales|Aurora Veil|p2b: Ninetales\n|-sidestart|p2: VGCLTH fangame|move: Aurora Veil\n|cant|p1b: Archaludon|slp\n|move|p2a: Glaceon|Freeze-Dry|p1a: Palafin\n|-supereffective|p1a: Palafin\n|-damage|p1a: Palafin|0 fnt\n|faint|p1a: Palafin\n|\n|-weather|Snow|[upkeep]\n|upkeep\n|turn|8\n|-message|Djjwjwwjj forfeited.\n|\n|win|VGCLTH fangame\n|raw|Djjwjwwjj's rating: 1695 &rarr; <strong>1680<\/strong><br \/>(-15 for losing)\n|raw|VGCLTH fangame's rating: 1789 &rarr; <strong>1804<\/strong><br \/>(+15 for winning)\n|l|\u2606Djjwjwwjj\n|player|p1|\n|l|\u2606VGCLTH fangame\n|player|p2|\n|l| solarflare11821\n","uploadtime":1731840387,"views":26,"formatid":"gen9vgc2024regh","rating":1680,"private":0,"password":null}