{"id":"gen9vgc2024regh-2245915256","format":"[Gen 9] VGC 2024 Reg H","players":["vgclth chromate","lightwatt"],"log":"|j|\u2606vgclth chromate\n|j|\u2606lightwatt\n|t:|1731892421\n|gametype|doubles\n|player|p1|vgclth chromate|allister|1829\n|player|p2|lightwatt|palmer|1756\n|teamsize|p1|6\n|teamsize|p2|6\n|gen|9\n|tier|[Gen 9] VGC 2024 Reg H\n|rated|\n|rule|Species Clause: Limit one of each Pok\u00e9mon\n|rule|Item Clause: Limit 1 of each item\n|clearpoke\n|poke|p1|Archaludon, L50, F|\n|poke|p1|Pelipper, L50, F|\n|poke|p1|Basculegion, L50, M|\n|poke|p1|Gholdengo, L50|\n|poke|p1|Incineroar, L50, M|\n|poke|p1|Amoonguss, L50, M|\n|poke|p2|Gothitelle, L50, F|\n|poke|p2|Amoonguss, L50, M|\n|poke|p2|Ursaluna-Bloodmoon, L50, M|\n|poke|p2|Tyranitar, L50, F|\n|poke|p2|Sneasler, L50, M|\n|poke|p2|Kingambit, L50, M|\n|teampreview|4\n|inactive|Battle timer is ON: inactive players will automatically lose when time's up. (requested by lightwatt)\n|j| BreadTest\n|\n|t:|1731892443\n|start\n|switch|p1a: Basculegion|Basculegion, L50, M|100\/100\n|switch|p1b: Gholdengo|Gholdengo, L50|100\/100\n|switch|p2a: Gothitelle|Gothitelle, L50, F|100\/100\n|switch|p2b: Tyranitar|Tyranitar, L50, F|100\/100\n|-weather|Sandstorm|[from] ability: Sand Stream|[of] p2b: Tyranitar\n|turn|1\n|inactive|vgclth chromate has 30 seconds left.\n|\n|t:|1731892472\n|switch|p1b: Pelipper|Pelipper, L50, F|100\/100\n|-weather|RainDance|[from] ability: Drizzle|[of] p1b: Pelipper\n|move|p1a: Basculegion|Flip Turn|p2b: Tyranitar\n|-supereffective|p2b: Tyranitar\n|-damage|p2b: Tyranitar|4\/100\n|\n|t:|1731892478\n|switch|p1a: Archaludon|Archaludon, L50, F|100\/100|[from] Flip Turn\n|move|p2b: Tyranitar|Knock Off|p1b: Pelipper\n|-crit|p1b: Pelipper\n|-enditem|p1b: Pelipper|Focus Sash\n|-damage|p1b: Pelipper|1\/100\n|move|p2a: Gothitelle|Trick Room|p2a: Gothitelle\n|-fieldstart|move: Trick Room|[of] p2a: Gothitelle\n|\n|-weather|RainDance|[upkeep]\n|upkeep\n|turn|2\n|\n|t:|1731892500\n|switch|p2b: Ursaluna|Ursaluna-Bloodmoon, L50, M|100\/100\n|move|p2a: Gothitelle|Psychic|p1b: Pelipper\n|-damage|p1b: Pelipper|0 fnt\n|faint|p1b: Pelipper\n|move|p1a: Archaludon|Electro Shot||[still]\n|-prepare|p1a: Archaludon|Electro Shot\n|-boost|p1a: Archaludon|spa|1\n|-anim|p1a: Archaludon|Electro Shot|p2a: Gothitelle\n|-damage|p2a: Gothitelle|47\/100\n|\n|-weather|RainDance|[upkeep]\n|upkeep\n|\n|t:|1731892505\n|switch|p1b: Gholdengo|Gholdengo, L50|100\/100\n|turn|3\n|j| SuminVGC\n|\n|t:|1731892521\n|switch|p2a: Tyranitar|Tyranitar, L50, F|4\/100\n|-weather|Sandstorm|[from] ability: Sand Stream|[of] p2a: Tyranitar\n|-terastallize|p1b: Gholdengo|Water\n|move|p2b: Ursaluna|Protect|p2b: Ursaluna\n|-singleturn|p2b: Ursaluna|Protect\n|move|p1a: Archaludon|Dragon Pulse|p2b: Ursaluna\n|-activate|p2b: Ursaluna|move: Protect\n|move|p1b: Gholdengo|Make It Rain|p2a: Tyranitar|[spread] p2a\n|-activate|p2b: Ursaluna|move: Protect\n|-supereffective|p2a: Tyranitar\n|-damage|p2a: Tyranitar|0 fnt\n|-unboost|p1b: Gholdengo|spa|1\n|faint|p2a: Tyranitar\n|-damage|p1b: Gholdengo|91\/100|[from] item: Life Orb\n|\n|-weather|Sandstorm|[upkeep]\n|-damage|p1b: Gholdengo|84\/100|[from] Sandstorm\n|upkeep\n|\n|t:|1731892525\n|switch|p2a: Kingambit|Kingambit, L50, M|100\/100\n|turn|4\n|j| iiinu\n|\n|t:|1731892534\n|move|p2b: Ursaluna|Earth Power|p1a: Archaludon\n|-supereffective|p1a: Archaludon\n|-damage|p1a: Archaludon|16\/100\n|-ability|p1a: Archaludon|Stamina|boost\n|-boost|p1a: Archaludon|def|1\n|-damage|p2b: Ursaluna|91\/100|[from] item: Life Orb\n|move|p2a: Kingambit|Kowtow Cleave|p1a: Archaludon\n|-damage|p1a: Archaludon|0 fnt\n|faint|p1a: Archaludon\n|move|p1b: Gholdengo|Make It Rain|p2b: Ursaluna|[spread] p2a,p2b\n|-resisted|p2a: Kingambit\n|-damage|p2a: Kingambit|78\/100\n|-damage|p2b: Ursaluna|43\/100\n|-unboost|p1b: Gholdengo|spa|1\n|-damage|p1b: Gholdengo|75\/100|[from] item: Life Orb\n|\n|-weather|Sandstorm|[upkeep]\n|-damage|p1b: Gholdengo|68\/100|[from] Sandstorm\n|upkeep\n|\n|t:|1731892542\n|switch|p1a: Basculegion|Basculegion, L50, M|100\/100\n|turn|5\n|\n|t:|1731892558\n|-terastallize|p2b: Ursaluna|Ghost\n|move|p1a: Basculegion|Aqua Jet|p2b: Ursaluna\n|-damage|p2b: Ursaluna|23\/100\n|move|p2b: Ursaluna|Blood Moon|p1b: Gholdengo\n|-damage|p1b: Gholdengo|0 fnt\n|faint|p1b: Gholdengo\n|-damage|p2b: Ursaluna|13\/100|[from] item: Life Orb\n|move|p2a: Kingambit|Kowtow Cleave|p1a: Basculegion\n|-supereffective|p1a: Basculegion\n|-damage|p1a: Basculegion|0 fnt\n|faint|p1a: Basculegion\n|\n|win|lightwatt\n|raw|vgclth chromate's rating: 1829 &rarr; <strong>1805<\/strong><br \/>(-24 for losing)\n|raw|lightwatt's rating: 1756 &rarr; <strong>1780<\/strong><br \/>(+24 for winning)\n|l|\u2606vgclth chromate\n|player|p1|\n|l| SuminVGC\n|l| BreadTest\n|j| waterspoutin\n|l|\u2606lightwatt\n|player|p2|\n|j|\u2606lightwatt\n|player|p2|lightwatt|palmer|\n|j| passcant\n|l| waterspoutin\n|l| passcant\n|l|\u2606lightwatt\n|player|p2|\n|j| waterspoutin\n|l| waterspoutin\n|j|\u2606lightwatt\n|player|p2|lightwatt|palmer|\n","uploadtime":1731892717,"views":39,"formatid":"gen9vgc2024regh","rating":1780,"private":0,"password":null}