{"id":"gen9vgc2024regh-2245254737","format":"[Gen 9] VGC 2024 Reg H","players":["VGCLTH Bigfoot","vgclth cuwutie"],"log":"|j|\u2606VGCLTH Bigfoot\n|j|\u2606vgclth cuwutie\n|t:|1731795838\n|gametype|doubles\n|player|p1|VGCLTH Bigfoot|falkner|1770\n|player|p2|vgclth cuwutie|266|1746\n|teamsize|p1|6\n|teamsize|p2|6\n|gen|9\n|tier|[Gen 9] VGC 2024 Reg H\n|rated|\n|rule|Species Clause: Limit one of each Pok\u00e9mon\n|rule|Item Clause: Limit 1 of each item\n|clearpoke\n|poke|p1|Ceruledge, L50, F|\n|poke|p1|Gastrodon-East, L50, M|\n|poke|p1|Sneasler, L50, F|\n|poke|p1|Dragonite, L50, M|\n|poke|p1|Rillaboom, L50, M|\n|poke|p1|Kingambit, L50, M|\n|poke|p2|Smeargle, L50, M|\n|poke|p2|Farigiraf, L50, M|\n|poke|p2|Maushold-Four, L50|\n|poke|p2|Torkoal, L50, M|\n|poke|p2|Ursaluna-Bloodmoon, L50, M|\n|poke|p2|Weezing-Galar, L50, F|\n|teampreview|4\n|\n|t:|1731795865\n|start\n|switch|p1a: Sneasler|Sneasler, L50, F, shiny|100\/100\n|switch|p1b: Kingambit|Kingambit, L50, M|100\/100\n|switch|p2a: Smeargle|Smeargle, L50, M|100\/100\n|switch|p2b: Farigiraf|Farigiraf, L50, M|100\/100\n|turn|1\n|\n|t:|1731795899\n|move|p2a: Smeargle|Fake Out|p1b: Kingambit\n|-resisted|p1b: Kingambit\n|-damage|p1b: Kingambit|99\/100\n|move|p1a: Sneasler|Close Combat|p2a: Smeargle\n|-supereffective|p2a: Smeargle\n|-damage|p2a: Smeargle|0 fnt\n|-unboost|p1a: Sneasler|def|1\n|-unboost|p1a: Sneasler|spd|1\n|faint|p2a: Smeargle\n|cant|p1b: Kingambit|flinch\n|move|p2b: Farigiraf|Trick Room|p2b: Farigiraf\n|-fieldstart|move: Trick Room|[of] p2b: Farigiraf\n|\n|upkeep\n|\n|t:|1731795918\n|switch|p2a: Ursaluna|Ursaluna-Bloodmoon, L50, M|100\/100\n|turn|2\n|\n|t:|1731795940\n|switch|p1a: Dragonite|Dragonite, L50, M|100\/100\n|-terastallize|p2a: Ursaluna|Normal\n|-terastallize|p1b: Kingambit|Flying\n|move|p2b: Farigiraf|Twin Beam|p1a: Dragonite\n|-damage|p1a: Dragonite|92\/100\n|-damage|p1a: Dragonite|78\/100\n|-hitcount|p1a: Dragonite|2\n|move|p2a: Ursaluna|Blood Moon|p1b: Kingambit\n|-damage|p1b: Kingambit|6\/100\n|-damage|p2a: Ursaluna|90\/100|[from] item: Life Orb\n|move|p1b: Kingambit|Kowtow Cleave|p2b: Farigiraf\n|-supereffective|p2b: Farigiraf\n|-damage|p2b: Farigiraf|12\/100\n|\n|upkeep\n|turn|3\n|inactive|Battle timer is ON: inactive players will automatically lose when time's up. (requested by vgclth cuwutie)\n|\n|t:|1731796004\n|switch|p1b: Sneasler|Sneasler, L50, F, shiny|100\/100\n|switch|p1a: Ceruledge|Ceruledge, L50, F|100\/100\n|move|p2b: Farigiraf|Helping Hand|p2a: Ursaluna\n|-singleturn|p2a: Ursaluna|Helping Hand|[of] p2b: Farigiraf\n|move|p2a: Ursaluna|Hyper Voice|p1a: Ceruledge|[spread] p1a,p1b\n|-damage|p1a: Ceruledge|5\/100\n|-enditem|p1b: Sneasler|Focus Sash\n|-damage|p1b: Sneasler|1\/100\n|-damage|p2a: Ursaluna|80\/100|[from] item: Life Orb\n|\n|-heal|p1a: Ceruledge|12\/100|[from] item: Leftovers\n|upkeep\n|turn|4\n|\n|t:|1731796016\n|move|p1a: Ceruledge|Protect|p1a: Ceruledge\n|-singleturn|p1a: Ceruledge|Protect\n|move|p2b: Farigiraf|Twin Beam|p1a: Ceruledge\n|-activate|p1a: Ceruledge|move: Protect\n|move|p2a: Ursaluna|Hyper Voice|p1b: Sneasler|[spread] p1b\n|-activate|p1a: Ceruledge|move: Protect\n|-damage|p1b: Sneasler|0 fnt\n|faint|p1b: Sneasler\n|-damage|p2a: Ursaluna|70\/100|[from] item: Life Orb\n|\n|-heal|p1a: Ceruledge|18\/100|[from] item: Leftovers\n|upkeep\n|\n|t:|1731796022\n|switch|p1b: Dragonite|Dragonite, L50, M|78\/100\n|turn|5\n|j| jdarcan\n|\n|t:|1731796032\n|switch|p1a: Kingambit|Kingambit, L50, M, tera:Flying|6\/100\n|move|p2b: Farigiraf|Helping Hand|p2a: Ursaluna\n|-singleturn|p2a: Ursaluna|Helping Hand|[of] p2b: Farigiraf\n|move|p1b: Dragonite|Protect|p1b: Dragonite\n|-singleturn|p1b: Dragonite|Protect\n|move|p2a: Ursaluna|Hyper Voice|p1b: Dragonite|[spread] p1a\n|-activate|p1b: Dragonite|move: Protect\n|-crit|p1a: Kingambit\n|-damage|p1a: Kingambit|0 fnt\n|faint|p1a: Kingambit\n|-damage|p2a: Ursaluna|60\/100|[from] item: Life Orb\n|\n|-fieldend|move: Trick Room\n|upkeep\n|\n|t:|1731796035\n|switch|p1a: Ceruledge|Ceruledge, L50, F|18\/100\n|turn|6\n|\n|t:|1731796047\n|move|p1b: Dragonite|Low Kick|p2a: Ursaluna\n|-supereffective|p2a: Ursaluna\n|-damage|p2a: Ursaluna|0 fnt\n|faint|p2a: Ursaluna\n|move|p1a: Ceruledge|Bitter Blade|p2b: Farigiraf\n|-damage|p2b: Farigiraf|0 fnt\n|-heal|p1a: Ceruledge|25\/100|[from] drain|[of] p2b: Farigiraf\n|faint|p2b: Farigiraf\n|\n|-heal|p1a: Ceruledge|31\/100|[from] item: Leftovers\n|upkeep\n|\n|t:|1731796050\n|switch|p2b: Torkoal|Torkoal, L50, M|100\/100\n|-weather|SunnyDay|[from] ability: Drought|[of] p2b: Torkoal\n|turn|7\n|\n|t:|1731796053\n|move|p1a: Ceruledge|Protect|p1a: Ceruledge\n|-singleturn|p1a: Ceruledge|Protect\n|move|p1b: Dragonite|Scale Shot|p2b: Torkoal\n|-damage|p2b: Torkoal|90\/100\n|-damage|p2b: Torkoal|78\/100\n|-damage|p2b: Torkoal|68\/100\n|-damage|p2b: Torkoal|57\/100\n|-hitcount|p2b: Torkoal|4\n|-unboost|p1b: Dragonite|def|1\n|-boost|p1b: Dragonite|spe|1\n|move|p2b: Torkoal|Weather Ball|p1b: Dragonite\n|-resisted|p1b: Dragonite\n|-crit|p1b: Dragonite\n|-damage|p1b: Dragonite|6\/100\n|\n|-weather|SunnyDay|[upkeep]\n|-heal|p1a: Ceruledge|38\/100|[from] item: Leftovers\n|upkeep\n|turn|8\n|-message|vgclth cuwutie forfeited.\n|\n|win|VGCLTH Bigfoot\n|raw|VGCLTH Bigfoot's rating: 1770 &rarr; <strong>1789<\/strong><br \/>(+19 for winning)\n|raw|vgclth cuwutie's rating: 1757 &rarr; <strong>1738<\/strong><br \/>(-19 for losing)\n|l|\u2606VGCLTH Bigfoot\n|player|p1|\n|l|\u2606vgclth cuwutie\n|player|p2|\n","uploadtime":1731796291,"views":15,"formatid":"gen9vgc2024regh","rating":1738,"private":0,"password":null}