{"id":"gen9vgc2024regh-2245160811","format":"[Gen 9] VGC 2024 Reg H","players":["Filefate","vgclth elowyn"],"log":"|raw|<div class=\"broadcast-blue\"><strong>This battle is required to be public due to a player having a name starting with 'vgclth'.<\/div>\n|j|\u203dFilefate\n|j|\u2606vgclth elowyn\n|t:|1731784258\n|gametype|doubles\n|player|p1|Filefate|hiker-gen4|1720\n|player|p2|vgclth elowyn|266|1733\n|teamsize|p1|6\n|teamsize|p2|6\n|gen|9\n|tier|[Gen 9] VGC 2024 Reg H\n|rated|\n|rule|Species Clause: Limit one of each Pok\u00e9mon\n|rule|Item Clause: Limit 1 of each item\n|clearpoke\n|poke|p1|Annihilape, L50, F|\n|poke|p1|Electrode-Hisui, L50|\n|poke|p1|Archaludon, L50, M|\n|poke|p1|Pelipper, L50, M|\n|poke|p1|Gothitelle, L50, M|\n|poke|p1|Basculegion, L50, M|\n|poke|p2|Dragonite, L50, M|\n|poke|p2|Sneasler, L50, M|\n|poke|p2|Electabuzz, L50, F|\n|poke|p2|Indeedee, L50, M|\n|poke|p2|Ursaluna-Bloodmoon, L50, M|\n|poke|p2|Talonflame, L50, F|\n|teampreview|4\n|inactive|Battle timer is ON: inactive players will automatically lose when time's up. (requested by Filefate)\n|\n|t:|1731784289\n|start\n|switch|p1a: Pelipper|Pelipper, L50, M|100\/100\n|switch|p1b: Gothitelle|Gothitelle, L50, M, shiny|100\/100\n|switch|p2a: Indeedee|Indeedee, L50, M|100\/100\n|switch|p2b: Sneasler|Sneasler, L50, M|100\/100\n|-fieldstart|move: Psychic Terrain|[from] ability: Psychic Surge|[of] p2a: Indeedee\n|-enditem|p2b: Sneasler|Psychic Seed\n|-boost|p2b: Sneasler|spd|1|[from] item: Psychic Seed\n|-weather|RainDance|[from] ability: Drizzle|[of] p1a: Pelipper\n|turn|1\n|\n|t:|1731784303\n|-terastallize|p2b: Sneasler|Dark\n|-terastallize|p1b: Gothitelle|Ghost\n|move|p1a: Pelipper|Wide Guard|p1a: Pelipper\n|-singleturn|p1a: Pelipper|Wide Guard\n|move|p2b: Sneasler|Throat Chop|p1a: Pelipper\n|-crit|p1a: Pelipper\n|-damage|p1a: Pelipper|38\/100\n|-start|p1a: Pelipper|Throat Chop|[silent]\n|move|p2a: Indeedee|Expanding Force|p1a: Pelipper|[spread] \n|-activate|p1a: Pelipper|move: Wide Guard\n|-activate|p1b: Gothitelle|move: Wide Guard\n|move|p1b: Gothitelle|Trick Room|p1b: Gothitelle\n|-fieldstart|move: Trick Room|[of] p1b: Gothitelle\n|\n|-weather|RainDance|[upkeep]\n|upkeep\n|turn|2\n|j| Bohoennian\n|inactive|Filefate has 30 seconds left.\n|\n|t:|1731784330\n|move|p1a: Pelipper|Hurricane|p2b: Sneasler\n|-damage|p2b: Sneasler|69\/100\n|move|p1b: Gothitelle|Imprison|p1b: Gothitelle\n|-start|p1b: Gothitelle|move: Imprison\n|move|p2b: Sneasler|Throat Chop|p1a: Pelipper\n|-damage|p1a: Pelipper|1\/100\n|cant|p2a: Indeedee|move: Imprison|Trick Room\n|\n|-weather|RainDance|[upkeep]\n|-end|p1a: Pelipper|Throat Chop|[silent]\n|upkeep\n|turn|3\n|inactive|Filefate has 30 seconds left.\n|inactive|Filefate has 20 seconds left.\n|\n|t:|1731784365\n|move|p2a: Indeedee|Protect|p2a: Indeedee\n|-singleturn|p2a: Indeedee|Protect\n|move|p1a: Pelipper|Muddy Water|p2b: Sneasler|[spread] p2b\n|-activate|p2a: Indeedee|move: Protect\n|-damage|p2b: Sneasler|39\/100\n|-unboost|p2b: Sneasler|accuracy|1\n|move|p1b: Gothitelle|Expanding Force|p2b: Sneasler|[spread] \n|-activate|p2a: Indeedee|move: Protect\n|-immune|p2b: Sneasler\n|move|p2b: Sneasler|Throat Chop|p1b: Gothitelle\n|-supereffective|p1b: Gothitelle\n|-damage|p1b: Gothitelle|6\/100\n|-start|p1b: Gothitelle|Throat Chop|[silent]\n|\n|-weather|RainDance|[upkeep]\n|-heal|p1b: Gothitelle|12\/100|[from] item: Leftovers\n|upkeep\n|turn|4\n|inactive|Filefate has 30 seconds left.\n|\n|t:|1731784395\n|switch|p1b: Archaludon|Archaludon, L50, M|100\/100\n|move|p2a: Indeedee|Protect|p2a: Indeedee\n|-singleturn|p2a: Indeedee|Protect\n|move|p1a: Pelipper|Hurricane|p2b: Sneasler\n|-damage|p2b: Sneasler|4\/100\n|move|p2b: Sneasler|Throat Chop|p1b: Archaludon\n|-damage|p1b: Archaludon|65\/100\n|-start|p1b: Archaludon|Throat Chop|[silent]\n|-ability|p1b: Archaludon|Stamina|boost\n|-boost|p1b: Archaludon|def|1\n|\n|-weather|RainDance|[upkeep]\n|upkeep\n|turn|5\n|inactive|Filefate has 30 seconds left.\n|inactive|vgclth elowyn has 30 seconds left.\n|\n|t:|1731784423\n|move|p2a: Indeedee|Protect||[still]\n|-fail|p2a: Indeedee\n|move|p2b: Sneasler|Protect|p2b: Sneasler\n|-singleturn|p2b: Sneasler|Protect\n|move|p1a: Pelipper|Tailwind|p1a: Pelipper\n|-sidestart|p1: Filefate|move: Tailwind\n|move|p1b: Archaludon|Electro Shot||[still]\n|-prepare|p1b: Archaludon|Electro Shot\n|-boost|p1b: Archaludon|spa|1\n|-anim|p1b: Archaludon|Electro Shot|p2b: Sneasler\n|-activate|p2b: Sneasler|move: Protect\n|\n|-weather|RainDance|[upkeep]\n|-end|p1b: Archaludon|Throat Chop|[silent]\n|-fieldend|move: Trick Room\n|-fieldend|move: Psychic Terrain\n|upkeep\n|turn|6\n|\n|t:|1731784437\n|move|p2b: Sneasler|Close Combat|p1b: Archaludon\n|-supereffective|p1b: Archaludon\n|-damage|p1b: Archaludon|0 fnt\n|-unboost|p2b: Sneasler|def|1\n|-unboost|p2b: Sneasler|spd|1\n|faint|p1b: Archaludon\n|move|p1a: Pelipper|Muddy Water|p2a: Indeedee|[spread] p2b\n|-miss|p1a: Pelipper|p2a: Indeedee\n|-damage|p2b: Sneasler|0 fnt\n|faint|p2b: Sneasler\n|move|p2a: Indeedee|Expanding Force|p1a: Pelipper\n|-crit|p1a: Pelipper\n|-damage|p1a: Pelipper|0 fnt\n|faint|p1a: Pelipper\n|\n|-weather|RainDance|[upkeep]\n|upkeep\n|inactive|vgclth elowyn has 30 seconds left.\n|\n|t:|1731784464\n|switch|p2b: Talonflame|Talonflame, L50, F|100\/100\n|switch|p1b: Gothitelle|Gothitelle, L50, M, shiny, tera:Ghost|12\/100\n|switch|p1a: Basculegion|Basculegion, L50, M, shiny|100\/100\n|turn|7\n|inactive|Filefate has 30 seconds left.\n|\n|t:|1731784489\n|move|p1a: Basculegion|Aqua Jet|p2b: Talonflame\n|-supereffective|p2b: Talonflame\n|-damage|p2b: Talonflame|0 fnt\n|faint|p2b: Talonflame\n|move|p1b: Gothitelle|Imprison|p1b: Gothitelle\n|-start|p1b: Gothitelle|move: Imprison\n|cant|p2a: Indeedee|move: Imprison|Expanding Force\n|\n|-weather|RainDance|[upkeep]\n|-heal|p1b: Gothitelle|18\/100|[from] item: Leftovers\n|upkeep\n|\n|t:|1731784504\n|switch|p2b: Ursaluna|Ursaluna-Bloodmoon, L50, M|100\/100\n|turn|8\n|\n|t:|1731784518\n|move|p2a: Indeedee|Protect|p2a: Indeedee\n|-singleturn|p2a: Indeedee|Protect\n|move|p2b: Ursaluna|Protect|p2b: Ursaluna\n|-singleturn|p2b: Ursaluna|Protect\n|move|p1a: Basculegion|Waterfall|p2b: Ursaluna\n|-activate|p2b: Ursaluna|move: Protect\n|move|p1b: Gothitelle|Expanding Force|p2a: Indeedee\n|-activate|p2a: Indeedee|move: Protect\n|\n|-weather|none\n|-heal|p1b: Gothitelle|24\/100|[from] item: Leftovers\n|-sideend|p1: Filefate|move: Tailwind\n|upkeep\n|turn|9\n|\n|t:|1731784538\n|move|p2a: Indeedee|Helping Hand|p2b: Ursaluna\n|-singleturn|p2b: Ursaluna|Helping Hand|[of] p2a: Indeedee\n|move|p1a: Basculegion|Protect|p1a: Basculegion\n|-singleturn|p1a: Basculegion|Protect\n|move|p2b: Ursaluna|Hyper Voice|p1a: Basculegion|[spread] p1b\n|-activate|p1a: Basculegion|move: Protect\n|-damage|p1b: Gothitelle|0 fnt\n|faint|p1b: Gothitelle\n|-damage|p2b: Ursaluna|91\/100|[from] item: Life Orb\n|\n|upkeep\n|turn|10\n|\n|t:|1731784557\n|move|p2b: Ursaluna|Protect|p2b: Ursaluna\n|-singleturn|p2b: Ursaluna|Protect\n|move|p1a: Basculegion|Waterfall|p2b: Ursaluna\n|-activate|p2b: Ursaluna|move: Protect\n|move|p2a: Indeedee|Trick Room|p2a: Indeedee\n|-fieldstart|move: Trick Room|[of] p2a: Indeedee\n|\n|upkeep\n|turn|11\n|\n|t:|1731784563\n|move|p1a: Basculegion|Protect|p1a: Basculegion\n|-singleturn|p1a: Basculegion|Protect\n|move|p2b: Ursaluna|Blood Moon|p1a: Basculegion\n|-activate|p1a: Basculegion|move: Protect\n|move|p2a: Indeedee|Expanding Force|p1a: Basculegion\n|-activate|p1a: Basculegion|move: Protect\n|\n|upkeep\n|turn|12\n|\n|t:|1731784581\n|move|p2b: Ursaluna|Hyper Voice|p1a: Basculegion\n|-damage|p1a: Basculegion|25\/100\n|-damage|p2b: Ursaluna|81\/100|[from] item: Life Orb\n|move|p1a: Basculegion|Waterfall|p2b: Ursaluna\n|-supereffective|p2b: Ursaluna\n|-damage|p2b: Ursaluna|15\/100\n|move|p2a: Indeedee|Expanding Force|p1a: Basculegion\n|-damage|p1a: Basculegion|0 fnt\n|faint|p1a: Basculegion\n|\n|win|vgclth elowyn\n|raw|Filefate's rating: 1720 &rarr; <strong>1699<\/strong><br \/>(-21 for losing)\n|raw|vgclth elowyn's rating: 1703 &rarr; <strong>1724<\/strong><br \/>(+21 for winning)\n|l|\u203dFilefate\n|player|p1|\n|l| Bohoennian\n|l|\u2606vgclth elowyn\n|player|p2|\n","uploadtime":1731784736,"views":12,"formatid":"gen9vgc2024regh","rating":1699,"private":0,"password":null}