{"id":"gen9vgc2024regh-2245713184","format":"[Gen 9] VGC 2024 Reg H","players":["VGCLTH skibidi","Tilzy"],"log":"|raw|<div class=\"broadcast-blue\"><strong>This battle is required to be public due to a player having a name starting with 'vgclth'.<\/div>\n|j|\u2606VGCLTH skibidi\n|j|\u2606Tilzy\n|t:|1731868100\n|gametype|doubles\n|player|p1|VGCLTH skibidi|piers-masters|1778\n|player|p2|Tilzy|pokemaniac|1761\n|teamsize|p1|6\n|teamsize|p2|6\n|gen|9\n|tier|[Gen 9] VGC 2024 Reg H\n|rated|\n|rule|Species Clause: Limit one of each Pok\u00e9mon\n|rule|Item Clause: Limit 1 of each item\n|clearpoke\n|poke|p1|Ceruledge, L50, M|\n|poke|p1|Gastrodon-East, L50, F|\n|poke|p1|Sneasler, L50, F|\n|poke|p1|Kingambit, L50, M|\n|poke|p1|Rillaboom, L50, F|\n|poke|p1|Dragonite, L50, F|\n|poke|p2|Toedscruel, L50, M|\n|poke|p2|Weezing-Galar, L50, F|\n|poke|p2|Corviknight, L50, M|\n|poke|p2|Garchomp, L50, F|\n|poke|p2|Typhlosion-Hisui, L50, M|\n|poke|p2|Palafin, L50, M|\n|teampreview|4\n|inactive|Battle timer is ON: inactive players will automatically lose when time's up. (requested by VGCLTH skibidi)\n|inactive|VGCLTH skibidi has 60 seconds left.\n|\n|t:|1731868138\n|start\n|switch|p1a: Godlyreal|Kingambit, L50, M|100\/100\n|switch|p1b: Let's go gambling|Sneasler, L50, F|100\/100\n|switch|p2a: Typhlosion|Typhlosion-Hisui, L50, M|100\/100\n|switch|p2b: Weezing|Weezing-Galar, L50, F|100\/100\n|-ability|p2b: Weezing|Neutralizing Gas\n|turn|1\n|\n|t:|1731868147\n|-terastallize|p2a: Typhlosion|Fire\n|move|p1b: Let's go gambling|Fake Out|p2a: Typhlosion\n|-damage|p2a: Typhlosion|78\/100\n|move|p1a: Godlyreal|Sucker Punch|p2a: Typhlosion\n|-damage|p2a: Typhlosion|15\/100\n|cant|p2a: Typhlosion|flinch\n|move|p2b: Weezing|Dazzling Gleam|p1b: Let's go gambling|[spread] p1a,p1b\n|-damage|p1a: Godlyreal|75\/100\n|-damage|p1b: Let's go gambling|50\/100\n|\n|upkeep\n|turn|2\n|j| volcaronavgc\n|j|%Tb0lt\n|\n|t:|1731868157\n|switch|p2a: Garchomp|Garchomp, L50, F|100\/100\n|move|p1a: Godlyreal|Sucker Punch||[still]\n|-fail|p1a: Godlyreal\n|move|p1b: Let's go gambling|Dire Claw|p2b: Weezing\n|-damage|p2b: Weezing|56\/100\n|move|p2b: Weezing|Dazzling Gleam|p1b: Let's go gambling|[spread] p1a,p1b\n|-damage|p1a: Godlyreal|49\/100\n|-damage|p1b: Let's go gambling|0 fnt\n|faint|p1b: Let's go gambling\n|\n|upkeep\n|\n|t:|1731868161\n|switch|p1b: Rizzler|Rillaboom, L50, F|100\/100\n|turn|3\n|j| BreadTest\n|j| Jfabricio23\n|j| vgclth elowyn\n|\n|t:|1731868174\n|move|p2a: Garchomp|Protect|p2a: Garchomp\n|-singleturn|p2a: Garchomp|Protect\n|move|p1b: Rizzler|Fake Out|p2a: Garchomp\n|-activate|p2a: Garchomp|move: Protect\n|move|p2b: Weezing|Dazzling Gleam|p1b: Rizzler|[spread] p1a,p1b\n|-damage|p1a: Godlyreal|25\/100\n|-damage|p1b: Rizzler|55\/100\n|move|p1a: Godlyreal|Iron Head|p2b: Weezing\n|-supereffective|p2b: Weezing\n|-damage|p2b: Weezing|0 fnt\n|faint|p2b: Weezing\n|-end|p2b: Weezing|ability: Neutralizing Gas\n|-fieldstart|move: Grassy Terrain|[from] ability: Grassy Surge|[of] p1b: Rizzler\n|\n|-heal|p1b: Rizzler|61\/100|[from] Grassy Terrain\n|-heal|p1a: Godlyreal|31\/100|[from] Grassy Terrain\n|upkeep\n|\n|t:|1731868185\n|switch|p2b: Corviknight|Corviknight, L50, M|100\/100\n|turn|4\n|inactive|Tilzy has 30 seconds left.\n|\n|t:|1731868212\n|-terastallize|p1a: Godlyreal|Flying\n|move|p1b: Rizzler|Grassy Glide|p2a: Garchomp\n|-damage|p2a: Garchomp|51\/100\n|-damage|p1b: Rizzler|49\/100|[from] ability: Rough Skin|[of] p2a: Garchomp\n|move|p2a: Garchomp|Stomping Tantrum|p1a: Godlyreal\n|-immune|p1a: Godlyreal\n|move|p2b: Corviknight|Brave Bird|p1b: Rizzler\n|-supereffective|p1b: Rizzler\n|-damage|p1b: Rizzler|0 fnt\n|faint|p1b: Rizzler\n|-damage|p2b: Corviknight|86\/100|[from] Recoil\n|move|p1a: Godlyreal|Kowtow Cleave|p2a: Garchomp\n|-damage|p2a: Garchomp|0 fnt\n|-damage|p1a: Godlyreal|18\/100|[from] ability: Rough Skin|[of] p2a: Garchomp\n|faint|p2a: Garchomp\n|\n|upkeep\n|\n|t:|1731868215\n|switch|p2a: Typhlosion|Typhlosion-Hisui, L50, M, tera:Fire|15\/100\n|switch|p1b: King Arthur|Ceruledge, L50, M|100\/100\n|turn|5\n|\n|t:|1731868220\n|move|p1a: Godlyreal|Sucker Punch|p2a: Typhlosion\n|-damage|p2a: Typhlosion|0 fnt\n|faint|p2a: Typhlosion\n|move|p1b: King Arthur|Bitter Blade|p2b: Corviknight\n|-supereffective|p2b: Corviknight\n|-damage|p2b: Corviknight|6\/100\n|-enditem|p2b: Corviknight|Sitrus Berry|[eat]\n|-heal|p2b: Corviknight|31\/100|[from] item: Sitrus Berry\n|move|p2b: Corviknight|Brave Bird|p1b: King Arthur\n|-damage|p1b: King Arthur|50\/100\n|-damage|p2b: Corviknight|17\/100|[from] Recoil\n|\n|-heal|p1b: King Arthur|56\/100|[from] Grassy Terrain\n|-heal|p1b: King Arthur|62\/100|[from] item: Leftovers\n|upkeep\n|turn|6\n|-message|Tilzy forfeited.\n|\n|win|VGCLTH skibidi\n|raw|VGCLTH skibidi's rating: 1778 &rarr; <strong>1797<\/strong><br \/>(+19 for winning)\n|raw|Tilzy's rating: 1761 &rarr; <strong>1742<\/strong><br \/>(-19 for losing)\n|l|\u2606Tilzy\n|player|p2|\n|l|\u2606VGCLTH skibidi\n|player|p1|\n|l| volcaronavgc\n|l|%Tb0lt\n|j| Satoshi Tatsugiri\n|l| BreadTest\n|l| Satoshi Tatsugiri\n|l| Jfabricio23\n","uploadtime":1731868414,"views":26,"formatid":"gen9vgc2024regh","rating":1742,"private":0,"password":null}