{"id":"gen9vgc2024regh-2245909186","format":"[Gen 9] VGC 2024 Reg H","players":["vgclth chromate","Sugeee"],"log":"|raw|<div class=\"broadcast-blue\"><strong>This battle is required to be public due to a player having a name starting with 'vgclth'.<\/div>\n|j|\u2606vgclth chromate\n|j|\u2606Sugeee\n|t:|1731891658\n|gametype|doubles\n|player|p1|vgclth chromate|allister|1824\n|player|p2|Sugeee|2|1723\n|teamsize|p1|6\n|teamsize|p2|6\n|gen|9\n|tier|[Gen 9] VGC 2024 Reg H\n|rated|\n|rule|Species Clause: Limit one of each Pok\u00e9mon\n|rule|Item Clause: Limit 1 of each item\n|clearpoke\n|poke|p1|Archaludon, L50, M|\n|poke|p1|Pelipper, L50, M|\n|poke|p1|Basculegion, L50, M|\n|poke|p1|Gholdengo, L50|\n|poke|p1|Incineroar, L50, M|\n|poke|p1|Amoonguss, L50, F|\n|poke|p2|Dragapult, L50, M|\n|poke|p2|Maushold-Four, L50|\n|poke|p2|Whimsicott, L50, M|\n|poke|p2|Annihilape, L50, M|\n|poke|p2|Armarouge, L50, M|\n|poke|p2|Indeedee-F, L50, F|\n|teampreview|4\n|\n|t:|1731891721\n|start\n|switch|p1a: Basculegion|Basculegion, L50, M|100\/100\n|switch|p1b: Pelipper|Pelipper, L50, M|100\/100\n|switch|p2a: Dragapult|Dragapult, L50, M|100\/100\n|switch|p2b: Whimsicott|Whimsicott, L50, M, shiny|100\/100\n|-weather|RainDance|[from] ability: Drizzle|[of] p1b: Pelipper\n|turn|1\n|\n|t:|1731891751\n|switch|p1a: Incineroar|Incineroar, L50, M|100\/100\n|-ability|p1a: Incineroar|Intimidate|boost\n|-fail|p2a: Dragapult|unboost|[from] ability: Clear Body|[of] p2a: Dragapult\n|-unboost|p2b: Whimsicott|atk|1\n|-terastallize|p2a: Dragapult|Dragon\n|move|p2a: Dragapult|Dragon Darts|p1a: Incineroar\n|-damage|p1a: Incineroar|45\/100\n|-anim|p2a: Dragapult|Dragon Darts|p1b: Pelipper\n|-damage|p1b: Pelipper|34\/100\n|move|p2b: Whimsicott|Moonblast|p1b: Pelipper\n|-damage|p1b: Pelipper|0 fnt\n|faint|p1b: Pelipper\n|\n|-weather|RainDance|[upkeep]\n|upkeep\n|\n|t:|1731891757\n|switch|p1b: Gholdengo|Gholdengo, L50|100\/100\n|turn|2\n|\n|t:|1731891779\n|switch|p2a: Armarouge|Armarouge, L50, M|100\/100\n|move|p1a: Incineroar|Fake Out|p2b: Whimsicott\n|-damage|p2b: Whimsicott|84\/100\n|cant|p2b: Whimsicott|flinch\n|move|p1b: Gholdengo|Make It Rain|p2b: Whimsicott|[spread] p2a,p2b\n|-resisted|p2a: Armarouge\n|-supereffective|p2b: Whimsicott\n|-damage|p2a: Armarouge|57\/100\n|-damage|p2b: Whimsicott|0 fnt\n|-unboost|p1b: Gholdengo|spa|1\n|faint|p2b: Whimsicott\n|-damage|p1b: Gholdengo|91\/100|[from] item: Life Orb\n|\n|-weather|RainDance|[upkeep]\n|upkeep\n|\n|t:|1731891798\n|switch|p2b: Dragapult|Dragapult, L50, M, tera:Dragon|100\/100\n|turn|3\n|\n|t:|1731891835\n|move|p2b: Dragapult|Dragon Darts|p1a: Incineroar\n|-damage|p1a: Incineroar|0 fnt\n|-anim|p2b: Dragapult|Dragon Darts|p1b: Gholdengo\n|-resisted|p1b: Gholdengo\n|-damage|p1b: Gholdengo|62\/100\n|faint|p1a: Incineroar\n|move|p1b: Gholdengo|Shadow Ball|p2a: Armarouge\n|-supereffective|p2a: Armarouge\n|-damage|p2a: Armarouge|0 fnt\n|faint|p2a: Armarouge\n|-damage|p1b: Gholdengo|52\/100|[from] item: Life Orb\n|\n|-weather|RainDance|[upkeep]\n|upkeep\n|\n|t:|1731891848\n|switch|p2a: Annihilape|Annihilape, L50, M|100\/100\n|switch|p1a: Basculegion|Basculegion, L50, M|100\/100\n|turn|4\n|\n|t:|1731891860\n|move|p1a: Basculegion|Last Respects|p2a: Annihilape\n|-supereffective|p2a: Annihilape\n|-damage|p2a: Annihilape|0 fnt\n|faint|p2a: Annihilape\n|move|p2b: Dragapult|Dragon Darts|p1a: Basculegion\n|-damage|p1a: Basculegion|28\/100\n|-anim|p2b: Dragapult|Dragon Darts|p1b: Gholdengo\n|-resisted|p1b: Gholdengo\n|-damage|p1b: Gholdengo|21\/100\n|move|p1b: Gholdengo|Make It Rain|p2b: Dragapult\n|-damage|p2b: Dragapult|25\/100\n|-unboost|p1b: Gholdengo|spa|1\n|-damage|p1b: Gholdengo|12\/100|[from] item: Life Orb\n|\n|-weather|RainDance|[upkeep]\n|upkeep\n|turn|5\n|-message|Sugeee forfeited.\n|\n|win|vgclth chromate\n|raw|vgclth chromate's rating: 1824 &rarr; <strong>1838<\/strong><br \/>(+14 for winning)\n|raw|Sugeee's rating: 1723 &rarr; <strong>1709<\/strong><br \/>(-14 for losing)\n|l|\u2606Sugeee\n|player|p2|\n|l|\u2606vgclth chromate\n|player|p1|\n|j| Drogonix\n|l| Drogonix\n","uploadtime":1731892021,"views":27,"formatid":"gen9vgc2024regh","rating":1709,"private":0,"password":null}