{"id":"gen9vgc2024regh-2245415796","format":"[Gen 9] VGC 2024 Reg H","players":["vaporeonH20","Chairman Rose"],"log":"|j|\u2606vaporeonH20\n|j|\u2606Chairman Rose\n|t:|1731817578\n|gametype|doubles\n|player|p1|vaporeonH20|norman|1655\n|player|p2|Chairman Rose|twins-gen4dp|1716\n|teamsize|p1|6\n|teamsize|p2|6\n|gen|9\n|tier|[Gen 9] VGC 2024 Reg H\n|rated|\n|rule|Species Clause: Limit one of each Pok\u00e9mon\n|rule|Item Clause: Limit 1 of each item\n|clearpoke\n|poke|p1|Weezing-Galar, L50, F|\n|poke|p1|Volcarona, L50, M|\n|poke|p1|Incineroar, L50, M|\n|poke|p1|Ursaluna-Bloodmoon, L50, M|\n|poke|p1|Sinistcha, L50|\n|poke|p1|Dragonite, L50, M|\n|poke|p2|Weezing-Galar, L50, F|\n|poke|p2|Garchomp, L50, F|\n|poke|p2|Ninetales-Alola, L50, M|\n|poke|p2|Inteleon, L50, M|\n|poke|p2|Talonflame, L50, F|\n|poke|p2|Farigiraf, L50, F|\n|teampreview|4\n|inactive|Battle timer is ON: inactive players will automatically lose when time's up. (requested by vaporeonH20)\n|inactive|vaporeonH20 has 60 seconds left.\n|\n|t:|1731817619\n|start\n|switch|p1a: Ursaluna|Ursaluna-Bloodmoon, L50, M|100\/100\n|switch|p1b: Volcarona|Volcarona, L50, M|100\/100\n|switch|p2a: Inteleon|Inteleon, L50, M|100\/100\n|switch|p2b: Talonflame|Talonflame, L50, F|100\/100\n|turn|1\n|\n|t:|1731817636\n|-terastallize|p1a: Ursaluna|Fairy\n|move|p2a: Inteleon|Protect|p2a: Inteleon\n|-singleturn|p2a: Inteleon|Protect\n|move|p2b: Talonflame|Tailwind|p2b: Talonflame\n|-sidestart|p2: Chairman Rose|move: Tailwind\n|move|p1b: Volcarona|Giga Drain|p2a: Inteleon\n|-activate|p2a: Inteleon|move: Protect\n|move|p1a: Ursaluna|Hyper Voice|p2b: Talonflame|[spread] p2b\n|-activate|p2a: Inteleon|move: Protect\n|-damage|p2b: Talonflame|29\/100\n|\n|upkeep\n|turn|2\n|\n|t:|1731817655\n|move|p1b: Volcarona|Protect|p1b: Volcarona\n|-singleturn|p1b: Volcarona|Protect\n|move|p2b: Talonflame|Brave Bird|p1b: Volcarona\n|-activate|p1b: Volcarona|move: Protect\n|move|p2a: Inteleon|Muddy Water|p1b: Volcarona|[spread] p1a\n|-activate|p1b: Volcarona|move: Protect\n|-damage|p1a: Ursaluna|74\/100\n|move|p1a: Ursaluna|Hyper Voice|p2b: Talonflame|[spread] p2a,p2b\n|-damage|p2a: Inteleon|36\/100\n|-damage|p2b: Talonflame|0 fnt\n|faint|p2b: Talonflame\n|\n|upkeep\n|\n|t:|1731817664\n|switch|p2b: Garchomp|Garchomp, L50, F|100\/100\n|turn|3\n|\n|t:|1731817678\n|switch|p1b: Sinistcha|Sinistcha, L50|100\/100\n|-heal|p1a: Ursaluna|99\/100|[from] ability: Hospitality|[of] p1b: Sinistcha\n|-terastallize|p2b: Garchomp|Ground\n|move|p2a: Inteleon|Protect|p2a: Inteleon\n|-singleturn|p2a: Inteleon|Protect\n|move|p2b: Garchomp|Earthquake|p1a: Ursaluna|[spread] p1a,p1b\n|-activate|p2a: Inteleon|move: Protect\n|-resisted|p1b: Sinistcha\n|-damage|p1a: Ursaluna|43\/100\n|-damage|p1b: Sinistcha|65\/100\n|move|p1a: Ursaluna|Moonblast|p2b: Garchomp\n|-damage|p2b: Garchomp|44\/100\n|-unboost|p2b: Garchomp|spa|1\n|\n|upkeep\n|turn|4\n|\n|t:|1731817697\n|switch|p2a: Ninetales|Ninetales-Alola, L50, M|100\/100\n|-weather|Snow|[from] ability: Snow Warning|[of] p2a: Ninetales\n|switch|p1a: Incineroar|Incineroar, L50, M|100\/100\n|-ability|p1a: Incineroar|Intimidate|boost\n|-unboost|p2a: Ninetales|atk|1\n|-unboost|p2b: Garchomp|atk|1\n|move|p2b: Garchomp|Earthquake|p1b: Sinistcha|[spread] p2a,p1a,p1b\n|-supereffective|p1a: Incineroar\n|-resisted|p1b: Sinistcha\n|-damage|p2a: Ninetales|45\/100\n|-damage|p1a: Incineroar|15\/100\n|-damage|p1b: Sinistcha|39\/100\n|move|p1b: Sinistcha|Matcha Gotcha|p2a: Ninetales|[spread] p2a,p2b\n|-supereffective|p2b: Garchomp\n|-damage|p2a: Ninetales|17\/100\n|-heal|p1b: Sinistcha|53\/100|[from] drain|[of] p2a: Ninetales\n|-damage|p2b: Garchomp|0 fnt\n|-heal|p1b: Sinistcha|80\/100|[from] drain|[of] p2b: Garchomp\n|faint|p2b: Garchomp\n|\n|-weather|Snow|[upkeep]\n|-sideend|p2: Chairman Rose|move: Tailwind\n|upkeep\n|\n|t:|1731817700\n|switch|p2b: Inteleon|Inteleon, L50, M|36\/100\n|turn|5\n|inactive|vaporeonH20 has 30 seconds left.\n|\n|t:|1731817726\n|move|p2b: Inteleon|Protect|p2b: Inteleon\n|-singleturn|p2b: Inteleon|Protect\n|move|p2a: Ninetales|Protect|p2a: Ninetales\n|-singleturn|p2a: Ninetales|Protect\n|move|p1a: Incineroar|Fake Out|p2a: Ninetales\n|-activate|p2a: Ninetales|move: Protect\n|move|p1b: Sinistcha|Matcha Gotcha|p2a: Ninetales|[spread] \n|-activate|p2a: Ninetales|move: Protect\n|-activate|p2b: Inteleon|move: Protect\n|\n|-weather|Snow|[upkeep]\n|upkeep\n|turn|6\n|inactive|vaporeonH20 has 30 seconds left.\n|inactive|vaporeonH20 has 20 seconds left.\n|\n|t:|1731817762\n|move|p2b: Inteleon|Blizzard|p1a: Incineroar|[spread] p1a,p1b\n|-resisted|p1a: Incineroar\n|-supereffective|p1b: Sinistcha\n|-damage|p1a: Incineroar|5\/100\n|-damage|p1b: Sinistcha|26\/100\n|-status|p1a: Incineroar|frz\n|move|p2a: Ninetales|Blizzard|p1a: Incineroar|[spread] p1a,p1b\n|-resisted|p1a: Incineroar\n|-crit|p1a: Incineroar\n|-supereffective|p1b: Sinistcha\n|-damage|p1a: Incineroar|0 fnt\n|-damage|p1b: Sinistcha|0 fnt\n|faint|p1a: Incineroar\n|faint|p1b: Sinistcha\n|\n|-weather|Snow|[upkeep]\n|upkeep\n|\n|t:|1731817775\n|switch|p1b: Ursaluna|Ursaluna-Bloodmoon, L50, M, tera:Fairy|43\/100\n|switch|p1a: Volcarona|Volcarona, L50, M|100\/100\n|turn|7\n|\n|t:|1731817798\n|move|p2b: Inteleon|Protect|p2b: Inteleon\n|-singleturn|p2b: Inteleon|Protect\n|move|p2a: Ninetales|Protect|p2a: Ninetales\n|-singleturn|p2a: Ninetales|Protect\n|move|p1a: Volcarona|Giga Drain|p2b: Inteleon\n|-activate|p2b: Inteleon|move: Protect\n|move|p1b: Ursaluna|Hyper Voice|p2b: Inteleon|[spread] \n|-activate|p2a: Ninetales|move: Protect\n|-activate|p2b: Inteleon|move: Protect\n|\n|-weather|Snow|[upkeep]\n|upkeep\n|turn|8\n|\n|t:|1731817816\n|move|p2b: Inteleon|Muddy Water|p1b: Ursaluna|[spread] p1a,p1b\n|-supereffective|p1a: Volcarona\n|-damage|p1a: Volcarona|34\/100\n|-damage|p1b: Ursaluna|18\/100\n|-unboost|p1a: Volcarona|accuracy|1\n|move|p2a: Ninetales|Blizzard|p1b: Ursaluna|[spread] p1a,p1b\n|-resisted|p1a: Volcarona\n|-damage|p1a: Volcarona|17\/100\n|-damage|p1b: Ursaluna|0 fnt\n|faint|p1b: Ursaluna\n|move|p1a: Volcarona|Giga Drain|p2b: Inteleon\n|-supereffective|p2b: Inteleon\n|-damage|p2b: Inteleon|0 fnt\n|-heal|p1a: Volcarona|30\/100|[from] drain|[of] p2b: Inteleon\n|faint|p2b: Inteleon\n|\n|-weather|none\n|-heal|p1a: Volcarona|36\/100|[from] item: Leftovers\n|upkeep\n|turn|9\n|\n|t:|1731817835\n|move|p2a: Ninetales|Freeze-Dry|p1a: Volcarona\n|-resisted|p1a: Volcarona\n|-damage|p1a: Volcarona|21\/100\n|move|p1a: Volcarona|Quiver Dance|p1a: Volcarona\n|-boost|p1a: Volcarona|spa|1\n|-boost|p1a: Volcarona|spd|1\n|-boost|p1a: Volcarona|spe|1\n|\n|-heal|p1a: Volcarona|27\/100|[from] item: Leftovers\n|upkeep\n|turn|10\n|\n|t:|1731817845\n|move|p1a: Volcarona|Protect|p1a: Volcarona\n|-singleturn|p1a: Volcarona|Protect\n|move|p2a: Ninetales|Encore|p1a: Volcarona\n|-activate|p1a: Volcarona|move: Protect\n|\n|-heal|p1a: Volcarona|33\/100|[from] item: Leftovers\n|upkeep\n|turn|11\n|\n|t:|1731817853\n|move|p1a: Volcarona|Giga Drain|p2a: Ninetales\n|-damage|p2a: Ninetales|0 fnt\n|-heal|p1a: Volcarona|40\/100|[from] drain|[of] p2a: Ninetales\n|faint|p2a: Ninetales\n|\n|win|vaporeonH20\n|raw|vaporeonH20's rating: 1655 &rarr; <strong>1678<\/strong><br \/>(+23 for winning)\n|raw|Chairman Rose's rating: 1716 &rarr; <strong>1693<\/strong><br \/>(-23 for losing)\n|l|\u2606Chairman Rose\n|player|p2|\n|l|\u2606vaporeonH20\n|player|p1|\n","uploadtime":1731818006,"views":10,"formatid":"gen9vgc2024regh","rating":1678,"private":0,"password":null}