{"id":"gen9vgc2024regh-2245807883","format":"[Gen 9] VGC 2024 Reg H","players":["vgclth papaneth","ubss_omisa"],"log":"|raw|<div class=\"broadcast-blue\"><strong>This battle is required to be public due to a player having a name starting with 'vgclth'.<\/div>\n|j|\u2606vgclth papaneth\n|j|\u2606ubss_omisa\n|t:|1731879137\n|gametype|doubles\n|player|p1|vgclth papaneth|rood|1750\n|player|p2|ubss_omisa|102|1927\n|teamsize|p1|6\n|teamsize|p2|6\n|gen|9\n|tier|[Gen 9] VGC 2024 Reg H\n|rated|\n|rule|Species Clause: Limit one of each Pok\u00e9mon\n|rule|Item Clause: Limit 1 of each item\n|clearpoke\n|poke|p1|Tyranitar, L50, F|\n|poke|p1|Gengar, L50, F|\n|poke|p1|Kommo-o, L50, F|\n|poke|p1|Rillaboom, L50, F|\n|poke|p1|Annihilape, L50, M|\n|poke|p1|Whimsicott, L50, M|\n|poke|p2|Maushold-Four, L50|\n|poke|p2|Annihilape, L50, M|\n|poke|p2|Rillaboom, L50, F|\n|poke|p2|Dragonite, L50, M|\n|poke|p2|Ursaluna-Bloodmoon, L50, M|\n|poke|p2|Sableye, L50, M|\n|teampreview|4\n|inactive|Battle timer is ON: inactive players will automatically lose when time's up. (requested by vgclth papaneth)\nvgclth papaneth rejected open team sheets.\n|inactive|vgclth papaneth has 60 seconds left.\n|\n|t:|1731879189\n|start\n|switch|p1a: Rillaboom|Rillaboom, L50, F|100\/100\n|switch|p1b: Whimsicott|Whimsicott, L50, M|100\/100\n|switch|p2a: Sableye|Sableye, L50, M|100\/100\n|switch|p2b: Ursaluna|Ursaluna-Bloodmoon, L50, M|100\/100\n|-fieldstart|move: Grassy Terrain|[from] ability: Grassy Surge|[of] p1a: Rillaboom\n|turn|1\n|\n|t:|1731879209\n|switch|p1a: Tyranitar|Tyranitar, L50, F, shiny|100\/100\n|-weather|Sandstorm|[from] ability: Sand Stream|[of] p1a: Tyranitar\n|move|p2a: Sableye|Reflect|p2a: Sableye\n|-sidestart|p2: ubss_omisa|Reflect\n|move|p1b: Whimsicott|Moonblast|p2a: Sableye\n|-supereffective|p2a: Sableye\n|-damage|p2a: Sableye|39\/100\n|move|p2b: Ursaluna|Blood Moon|p1a: Tyranitar\n|-resisted|p1a: Tyranitar\n|-damage|p1a: Tyranitar|84\/100\n|\n|-weather|Sandstorm|[upkeep]\n|-damage|p1b: Whimsicott|95\/100|[from] Sandstorm\n|-damage|p2a: Sableye|34\/100|[from] Sandstorm\n|-heal|p1b: Whimsicott|100\/100|[from] Grassy Terrain\n|-heal|p1a: Tyranitar|90\/100|[from] Grassy Terrain\n|-heal|p2a: Sableye|39\/100|[from] Grassy Terrain\n|upkeep\n|turn|2\n|\n|t:|1731879230\n|move|p2a: Sableye|Light Screen|p2a: Sableye\n|-sidestart|p2: ubss_omisa|move: Light Screen\n|move|p1b: Whimsicott|Moonblast|p2b: Ursaluna\n|-damage|p2b: Ursaluna|88\/100\n|move|p1a: Tyranitar|Low Kick|p2b: Ursaluna\n|-supereffective|p2b: Ursaluna\n|-damage|p2b: Ursaluna|47\/100\n|move|p2b: Ursaluna|Hyper Voice|p1b: Whimsicott|[spread] p1a,p1b\n|-resisted|p1a: Tyranitar\n|-damage|p1a: Tyranitar|82\/100\n|-damage|p1b: Whimsicott|59\/100\n|\n|-weather|Sandstorm|[upkeep]\n|-damage|p1b: Whimsicott|53\/100|[from] Sandstorm\n|-damage|p2a: Sableye|34\/100|[from] Sandstorm\n|-heal|p1b: Whimsicott|59\/100|[from] Grassy Terrain\n|-heal|p1a: Tyranitar|88\/100|[from] Grassy Terrain\n|-heal|p2b: Ursaluna|54\/100|[from] Grassy Terrain\n|-heal|p2a: Sableye|39\/100|[from] Grassy Terrain\n|upkeep\n|turn|3\n|\n|t:|1731879253\n|switch|p2b: Annihilape|Annihilape, L50, M|100\/100\n|move|p1b: Whimsicott|Encore||[still]\n|-fail|p1b: Whimsicott\n|move|p2a: Sableye|Encore||[still]\n|-fail|p2a: Sableye\n|move|p1a: Tyranitar|Knock Off|p2a: Sableye\n|-damage|p2a: Sableye|0 fnt\n|-enditem|p2a: Sableye|Light Clay|[from] move: Knock Off|[of] p1a: Tyranitar\n|faint|p2a: Sableye\n|\n|-weather|Sandstorm|[upkeep]\n|-damage|p1b: Whimsicott|53\/100|[from] Sandstorm\n|-damage|p2b: Annihilape|94\/100|[from] Sandstorm\n|-heal|p1b: Whimsicott|59\/100|[from] Grassy Terrain\n|-heal|p2b: Annihilape|100\/100|[from] Grassy Terrain\n|-heal|p1a: Tyranitar|94\/100|[from] Grassy Terrain\n|upkeep\n|\n|t:|1731879263\n|switch|p2a: Maushold|Maushold-Four, L50|100\/100\n|turn|4\n|inactive|vgclth papaneth has 30 seconds left.\n|\n|t:|1731879292\n|-terastallize|p1a: Tyranitar|Flying\n|move|p1b: Whimsicott|Taunt|p2a: Maushold\n|-start|p2a: Maushold|move: Taunt\n|move|p2a: Maushold|Population Bomb|p1b: Whimsicott\n|-damage|p1b: Whimsicott|51\/100\n|-damage|p1b: Whimsicott|43\/100\n|-damage|p1b: Whimsicott|35\/100\n|-damage|p1b: Whimsicott|28\/100\n|-damage|p1b: Whimsicott|20\/100\n|-damage|p1b: Whimsicott|14\/100\n|-damage|p1b: Whimsicott|6\/100\n|-damage|p1b: Whimsicott|0 fnt\n|faint|p1b: Whimsicott\n|-hitcount|p1: Whimsicott|8\n|move|p2b: Annihilape|Bulk Up|p2b: Annihilape\n|-boost|p2b: Annihilape|atk|1\n|-boost|p2b: Annihilape|def|1\n|move|p1a: Tyranitar|Knock Off|p2a: Maushold\n|-damage|p2a: Maushold|52\/100\n|-enditem|p2a: Maushold|Wide Lens|[from] move: Knock Off|[of] p1a: Tyranitar\n|\n|-weather|Sandstorm|[upkeep]\n|-damage|p2a: Maushold|46\/100|[from] Sandstorm\n|-damage|p2b: Annihilape|94\/100|[from] Sandstorm\n|-damage|p1a: Tyranitar|88\/100|[from] Sandstorm\n|-heal|p2a: Maushold|52\/100|[from] Grassy Terrain\n|-heal|p2b: Annihilape|100\/100|[from] Grassy Terrain\n|upkeep\n|j| mr pogostick\n|inactive|vgclth papaneth has 30 seconds left.\n|\n|t:|1731879318\n|switch|p1b: Kommo-o|Kommo-o, L50, F|100\/100\n|turn|5\n|\n|t:|1731879333\n|-terastallize|p2b: Annihilape|Water\n|move|p2a: Maushold|Population Bomb|p2b: Annihilape\n|-damage|p2b: Annihilape|98\/100\n|-hitcount|p2b: Annihilape|1\n|move|p2b: Annihilape|Rage Fist|p1b: Kommo-o\n|-damage|p1b: Kommo-o|36\/100\n|move|p1b: Kommo-o|Clanging Scales|p2b: Annihilape|[spread] p2a,p2b\n|-damage|p2a: Maushold|16\/100\n|-damage|p2b: Annihilape|77\/100\n|-unboost|p1b: Kommo-o|def|1\n|-damage|p1b: Kommo-o|26\/100|[from] item: Life Orb\n|move|p1a: Tyranitar|Tera Blast|p2b: Annihilape|[anim] Tera Blast Flying\n|-damage|p2b: Annihilape|60\/100\n|\n|-weather|none\n|-heal|p2a: Maushold|22\/100|[from] Grassy Terrain\n|-heal|p2b: Annihilape|66\/100|[from] Grassy Terrain\n|-heal|p1b: Kommo-o|32\/100|[from] Grassy Terrain\n|-fieldend|move: Grassy Terrain\n|upkeep\n|turn|6\n|inactive|ubss_omisa has 30 seconds left.\n|\n|t:|1731879359\n|move|p1b: Kommo-o|Protect|p1b: Kommo-o\n|-singleturn|p1b: Kommo-o|Protect\n|move|p2a: Maushold|Population Bomb|p1b: Kommo-o\n|-activate|p1b: Kommo-o|move: Protect\n|move|p2b: Annihilape|Rage Fist|p1a: Tyranitar\n|-damage|p1a: Tyranitar|0 fnt\n|faint|p1a: Tyranitar\n|\n|-end|p2a: Maushold|move: Taunt\n|upkeep\n|\n|t:|1731879362\n|switch|p1a: Rillaboom|Rillaboom, L50, F|100\/100\n|-fieldstart|move: Grassy Terrain|[from] ability: Grassy Surge|[of] p1a: Rillaboom\n|turn|7\n|\n|t:|1731879378\n|move|p2a: Maushold|Population Bomb|p1b: Kommo-o\n|-damage|p1b: Kommo-o|24\/100\n|-damage|p1b: Kommo-o|16\/100\n|-damage|p1b: Kommo-o|7\/100\n|-crit|p1b: Kommo-o\n|-damage|p1b: Kommo-o|0 fnt\n|faint|p1b: Kommo-o\n|-hitcount|p1: Kommo-o|4\n|move|p2b: Annihilape|Rage Fist|p1a: Rillaboom\n|-crit|p1a: Rillaboom\n|-damage|p1a: Rillaboom|0 fnt\n|faint|p1a: Rillaboom\n|\n|win|ubss_omisa\n|raw|vgclth papaneth's rating: 1750 &rarr; <strong>1739<\/strong><br \/>(-11 for losing)\n|raw|ubss_omisa's rating: 1927 &rarr; <strong>1938<\/strong><br \/>(+11 for winning)\n|l|\u2606vgclth papaneth\n|player|p1|\n|l|\u2606ubss_omisa\n|player|p2|\n|l| mr pogostick\n","uploadtime":1731879577,"views":73,"formatid":"gen9vgc2024regh","rating":1739,"private":0,"password":null}