{"id":"gen9vgc2024regh-2245229819","format":"[Gen 9] VGC 2024 Reg H","players":["vgclth cuwutie","jbleacher2"],"log":"|raw|<div class=\"broadcast-blue\"><strong>This battle is required to be public due to a player having a name starting with 'vgclth'.<\/div>\n|j|\u2606vgclth cuwutie\n|j|\u2606jbleacher2\n|t:|1731792713\n|gametype|doubles\n|player|p1|vgclth cuwutie|266|1775\n|player|p2|jbleacher2|266|1689\n|teamsize|p1|6\n|teamsize|p2|6\n|gen|9\n|tier|[Gen 9] VGC 2024 Reg H\n|rated|\n|rule|Species Clause: Limit one of each Pok\u00e9mon\n|rule|Item Clause: Limit 1 of each item\n|clearpoke\n|poke|p1|Smeargle, L50, M|\n|poke|p1|Farigiraf, L50, M|\n|poke|p1|Maushold-Four, L50|\n|poke|p1|Torkoal, L50, F|\n|poke|p1|Ursaluna-Bloodmoon, L50, M|\n|poke|p1|Weezing-Galar, L50, M|\n|poke|p2|Murkrow, L50, M|\n|poke|p2|Volcarona, L50, F|\n|poke|p2|Oricorio-Pom-Pom, L50, F|\n|poke|p2|Quaquaval, L50, F|\n|poke|p2|Archaludon, L50, F|\n|poke|p2|Golduck, L50, F|\n|teampreview|4\n|inactive|Battle timer is ON: inactive players will automatically lose when time's up. (requested by jbleacher2)\n|inactive|jbleacher2 has 60 seconds left.\n|\n|t:|1731792747\n|start\n|switch|p1a: Smeargle|Smeargle, L50, M|100\/100\n|switch|p1b: Farigiraf|Farigiraf, L50, M|100\/100\n|switch|p2a: Volcarona|Volcarona, L50, F|100\/100\n|switch|p2b: Oricorio|Oricorio-Pom-Pom, L50, F, shiny|100\/100\n|turn|1\n|\n|t:|1731792754\n|move|p1a: Smeargle|Fake Out|p2a: Volcarona\n|-damage|p2a: Volcarona|94\/100\n|cant|p2a: Volcarona|flinch\n|move|p2b: Oricorio|Baton Pass|p2b: Oricorio\n|\n|t:|1731792759\n|switch|p2b: Golduck|Golduck, L50, F|100\/100|[from] Baton Pass\n|-ability|p2b: Golduck|Cloud Nine\n|move|p1b: Farigiraf|Trick Room|p1b: Farigiraf\n|-fieldstart|move: Trick Room|[of] p1b: Farigiraf\n|\n|-heal|p2a: Volcarona|100\/100|[from] item: Leftovers\n|-ability|p1a: Smeargle|Moody|boost\n|-boost|p1a: Smeargle|spa|2\n|-unboost|p1a: Smeargle|def|1\n|-enditem|p1a: Smeargle|Eject Pack\n|upkeep\n|\n|t:|1731792763\n|switch|p1a: Torkoal|Torkoal, L50, F|100\/100\n|-weather|SunnyDay|[from] ability: Drought|[of] p1a: Torkoal\n|turn|2\n|j| jdarcan\n|\n|t:|1731792774\n|-terastallize|p1a: Torkoal|Fire\n|-terastallize|p2a: Volcarona|Water\n|move|p1a: Torkoal|Eruption|p2b: Golduck|[spread] p2a,p2b\n|-resisted|p2a: Volcarona\n|-resisted|p2b: Golduck\n|-damage|p2a: Volcarona|50\/100\n|-damage|p2b: Golduck|43\/100\n|move|p1b: Farigiraf|Twin Beam|p2b: Golduck\n|-damage|p2b: Golduck|26\/100\n|-damage|p2b: Golduck|9\/100\n|-hitcount|p2b: Golduck|2\n|move|p2a: Volcarona|Fiery Dance|p1a: Torkoal\n|-resisted|p1a: Torkoal\n|-damage|p1a: Torkoal|73\/100\n|-boost|p2a: Volcarona|spa|1\n|move|p2b: Golduck|Muddy Water|p1b: Farigiraf|[spread] p1a\n|-miss|p2b: Golduck|p1b: Farigiraf\n|-supereffective|p1a: Torkoal\n|-damage|p1a: Torkoal|12\/100\n|\n|-weather|SunnyDay|[upkeep]\n|-heal|p2a: Volcarona|56\/100|[from] item: Leftovers\n|upkeep\n|turn|3\n|inactive|vgclth cuwutie has 30 seconds left.\n|inactive|vgclth cuwutie has 20 seconds left.\n|\n|t:|1731792812\n|move|p2b: Golduck|Protect|p2b: Golduck\n|-singleturn|p2b: Golduck|Protect\n|move|p1a: Torkoal|Eruption|p2a: Volcarona|[spread] p2a\n|-activate|p2b: Golduck|move: Protect\n|-resisted|p2a: Volcarona\n|-damage|p2a: Volcarona|50\/100\n|move|p1b: Farigiraf|Twin Beam|p2a: Volcarona\n|-damage|p2a: Volcarona|34\/100\n|-damage|p2a: Volcarona|18\/100\n|-hitcount|p2a: Volcarona|2\n|move|p2a: Volcarona|Giga Drain|p1b: Farigiraf\n|-ability|p1b: Farigiraf|Sap Sipper|boost\n|-boost|p1b: Farigiraf|atk|1\n|\n|-weather|SunnyDay|[upkeep]\n|-heal|p2a: Volcarona|24\/100|[from] item: Leftovers\n|upkeep\n|turn|4\n|inactive|jbleacher2 has 30 seconds left.\n|\n|t:|1731792837\n|switch|p2a: Archaludon|Archaludon, L50, F|100\/100\n|move|p1a: Torkoal|Eruption|p2b: Golduck|[spread] p2a,p2b\n|-resisted|p2b: Golduck\n|-damage|p2a: Archaludon|94\/100\n|-damage|p2b: Golduck|3\/100\n|-ability|p2a: Archaludon|Stamina|boost\n|-boost|p2a: Archaludon|def|1\n|move|p1b: Farigiraf|Twin Beam|p2a: Archaludon\n|-resisted|p2a: Archaludon\n|-damage|p2a: Archaludon|90\/100\n|-ability|p2a: Archaludon|Stamina|boost\n|-boost|p2a: Archaludon|def|1\n|-resisted|p2a: Archaludon\n|-damage|p2a: Archaludon|85\/100\n|-ability|p2a: Archaludon|Stamina|boost\n|-boost|p2a: Archaludon|def|1\n|-hitcount|p2a: Archaludon|2\n|move|p2b: Golduck|Muddy Water|p1b: Farigiraf|[spread] \n|-miss|p2b: Golduck|p1a: Torkoal\n|-miss|p2b: Golduck|p1b: Farigiraf\n|\n|-weather|SunnyDay|[upkeep]\n|upkeep\n|turn|5\n|\n|t:|1731792849\n|switch|p1a: Smeargle|Smeargle, L50, M|100\/100\n|move|p2b: Golduck|Protect|p2b: Golduck\n|-singleturn|p2b: Golduck|Protect\n|move|p1b: Farigiraf|Twin Beam|p2b: Golduck\n|-activate|p2b: Golduck|move: Protect\n|move|p2a: Archaludon|Snarl|p1b: Farigiraf|[spread] p1a,p1b\n|-supereffective|p1b: Farigiraf\n|-damage|p1a: Smeargle|79\/100\n|-damage|p1b: Farigiraf|80\/100\n|-unboost|p1a: Smeargle|spa|1\n|-unboost|p1b: Farigiraf|spa|1\n|\n|-weather|SunnyDay|[upkeep]\n|-fieldend|move: Trick Room\n|-ability|p1a: Smeargle|Moody|boost\n|-boost|p1a: Smeargle|atk|2\n|-unboost|p1a: Smeargle|spd|1\n|upkeep\n|turn|6\n|\n|t:|1731792863\n|move|p1a: Smeargle|Fake Out|p2a: Archaludon\n|-resisted|p2a: Archaludon\n|-damage|p2a: Archaludon|84\/100\n|-ability|p2a: Archaludon|Stamina|boost\n|-boost|p2a: Archaludon|def|1\n|move|p2b: Golduck|Taunt|p1a: Smeargle\n|-start|p1a: Smeargle|move: Taunt\n|cant|p2a: Archaludon|flinch\n|move|p1b: Farigiraf|Trick Room|p1b: Farigiraf\n|-fieldstart|move: Trick Room|[of] p1b: Farigiraf\n|\n|-weather|none\n|-ability|p1a: Smeargle|Moody|boost\n|-boost|p1a: Smeargle|spe|2\n|-unboost|p1a: Smeargle|def|1\n|upkeep\n|turn|7\n|\n|t:|1731792883\n|switch|p2b: Oricorio|Oricorio-Pom-Pom, L50, F, shiny|100\/100\n|switch|p1a: Torkoal|Torkoal, L50, F, tera:Fire|12\/100\n|-weather|SunnyDay|[from] ability: Drought|[of] p1a: Torkoal\n|move|p1b: Farigiraf|Twin Beam|p2b: Oricorio\n|-damage|p2b: Oricorio|87\/100\n|-damage|p2b: Oricorio|73\/100\n|-hitcount|p2b: Oricorio|2\n|move|p2a: Archaludon|Snarl|p1b: Farigiraf|[spread] p1a,p1b\n|-supereffective|p1b: Farigiraf\n|-damage|p1a: Torkoal|0 fnt\n|-damage|p1b: Farigiraf|63\/100\n|-unboost|p1b: Farigiraf|spa|1\n|faint|p1a: Torkoal\n|\n|-weather|SunnyDay|[upkeep]\n|upkeep\n|\n|t:|1731792895\n|switch|p1a: Ursaluna|Ursaluna-Bloodmoon, L50, M|100\/100\n|turn|8\n|\n|t:|1731792905\n|move|p1b: Farigiraf|Helping Hand|p1a: Ursaluna\n|-singleturn|p1a: Ursaluna|Helping Hand|[of] p1b: Farigiraf\n|move|p1a: Ursaluna|Earth Power|p2a: Archaludon\n|-supereffective|p2a: Archaludon\n|-damage|p2a: Archaludon|0 fnt\n|faint|p2a: Archaludon\n|-damage|p1a: Ursaluna|90\/100|[from] item: Life Orb\n|move|p2b: Oricorio|Air Slash|p1a: Ursaluna\n|-damage|p1a: Ursaluna|46\/100\n|\n|-weather|SunnyDay|[upkeep]\n|upkeep\n|\n|t:|1731792910\n|switch|p2a: Golduck|Golduck, L50, F|3\/100\n|-ability|p2a: Golduck|Cloud Nine\n|turn|9\n|\n|t:|1731792916\n|move|p1b: Farigiraf|Helping Hand|p1a: Ursaluna\n|-singleturn|p1a: Ursaluna|Helping Hand|[of] p1b: Farigiraf\n|move|p2a: Golduck|Protect|p2a: Golduck\n|-singleturn|p2a: Golduck|Protect\n|move|p1a: Ursaluna|Hyper Voice|p2a: Golduck|[spread] p2b\n|-activate|p2a: Golduck|move: Protect\n|-damage|p2b: Oricorio|0 fnt\n|faint|p2b: Oricorio\n|-damage|p1a: Ursaluna|36\/100|[from] item: Life Orb\n|\n|-weather|SunnyDay|[upkeep]\n|upkeep\n|\n|t:|1731792919\n|switch|p2b: Volcarona|Volcarona, L50, F, tera:Water|24\/100\n|turn|10\n|\n|t:|1731792924\n|switch|p1b: Smeargle|Smeargle, L50, M|79\/100\n|move|p2b: Volcarona|Protect|p2b: Volcarona\n|-singleturn|p2b: Volcarona|Protect\n|move|p2a: Golduck|Protect|p2a: Golduck\n|-singleturn|p2a: Golduck|Protect\n|move|p1a: Ursaluna|Hyper Voice|p2b: Volcarona|[spread] \n|-activate|p2a: Golduck|move: Protect\n|-activate|p2b: Volcarona|move: Protect\n|\n|-weather|SunnyDay|[upkeep]\n|-heal|p2b: Volcarona|30\/100|[from] item: Leftovers\n|-fieldend|move: Trick Room\n|-ability|p1b: Smeargle|Moody|boost\n|-boost|p1b: Smeargle|spa|2\n|-unboost|p1b: Smeargle|atk|1\n|upkeep\n|turn|11\n|j| 5nake\n|\n|t:|1731792947\n|move|p1b: Smeargle|Fake Out|p2a: Golduck\n|-damage|p2a: Golduck|0 fnt\n|faint|p2a: Golduck\n|move|p2b: Volcarona|Fiery Dance|p1b: Smeargle\n|-damage|p1b: Smeargle|0 fnt\n|-boost|p2b: Volcarona|spa|1\n|faint|p1b: Smeargle\n|move|p1a: Ursaluna|Blood Moon|p2b: Volcarona\n|-damage|p2b: Volcarona|0 fnt\n|faint|p2b: Volcarona\n|-damage|p1a: Ursaluna|26\/100|[from] item: Life Orb\n|\n|win|vgclth cuwutie\n|raw|vgclth cuwutie's rating: 1802 &rarr; <strong>1816<\/strong><br \/>(+14 for winning)\n|raw|jbleacher2's rating: 1689 &rarr; <strong>1675<\/strong><br \/>(-14 for losing)\n|l|\u2606jbleacher2\n|player|p2|\n|l| 5nake\n|l|\u2606vgclth cuwutie\n|player|p1|\n","uploadtime":1731793141,"views":13,"formatid":"gen9vgc2024regh","rating":1675,"private":0,"password":null}