{"id":"gen9vgc2024regh-2245715326","format":"[Gen 9] VGC 2024 Reg H","players":["por minha atendido","VGCLTH Python"],"log":"|raw|<div class=\"broadcast-blue\"><strong>This battle is required to be public due to a player having a name starting with 'vgclth'.<\/div>\n|j|\u2606por minha atendido\n|j|\u2606VGCLTH Python\n|t:|1731868350\n|gametype|doubles\n|player|p1|por minha atendido|102|1745\n|player|p2|VGCLTH Python|yellow|1706\n|teamsize|p1|6\n|teamsize|p2|6\n|gen|9\n|tier|[Gen 9] VGC 2024 Reg H\n|rated|\n|rule|Species Clause: Limit one of each Pok\u00e9mon\n|rule|Item Clause: Limit 1 of each item\n|clearpoke\n|poke|p1|Annihilape, L50, M|\n|poke|p1|Delphox, L50, F|\n|poke|p1|Murkrow, L50, F|\n|poke|p1|Sneasler, L50, F|\n|poke|p1|Indeedee, L50, M|\n|poke|p1|Gholdengo, L50|\n|poke|p2|Baxcalibur, L50, F|\n|poke|p2|Sneasler, L50, F|\n|poke|p2|Magmar, L50, F|\n|poke|p2|Kingambit, L50, M|\n|poke|p2|Rillaboom, L50, F|\n|poke|p2|Dondozo, L50, M|\n|teampreview|4\n|inactive|Battle timer is ON: inactive players will automatically lose when time's up. (requested by por minha atendido)\n|\n|t:|1731868369\n|start\n|switch|p1a: Gholdengo|Gholdengo, L50|100\/100\n|switch|p1b: Murkrow|Murkrow, L50, F|100\/100\n|switch|p2a: Rillaboom|Rillaboom, L50, F|100\/100\n|switch|p2b: Sneasler|Sneasler, L50, F|100\/100\n|-fieldstart|move: Grassy Terrain|[from] ability: Grassy Surge|[of] p2a: Rillaboom\n|turn|1\n|inactive|por minha atendido has 30 seconds left.\n|j| vgclth elowyn\n|inactive|por minha atendido has 20 seconds left.\n|inactive|por minha atendido has 15 seconds left.\n|inactive|por minha atendido has 10 seconds left.\n|inactive|por minha atendido has 5 seconds left.\n|\n|t:|1731868419\n|-terastallize|p1a: Gholdengo|Steel\n|move|p2b: Sneasler|Coaching|p2a: Rillaboom\n|-boost|p2a: Rillaboom|atk|1\n|-boost|p2a: Rillaboom|def|1\n|move|p1a: Gholdengo|Make It Rain|p2a: Rillaboom|[spread] p2a,p2b\n|-damage|p2a: Rillaboom|19\/100\n|-enditem|p2b: Sneasler|Focus Sash\n|-damage|p2b: Sneasler|1\/100\n|-unboost|p1a: Gholdengo|spa|1\n|move|p2a: Rillaboom|High Horsepower|p1a: Gholdengo\n|-supereffective|p1a: Gholdengo\n|-damage|p1a: Gholdengo|0 fnt\n|faint|p1a: Gholdengo\n|move|p1b: Murkrow|Foul Play|p2a: Rillaboom\n|-damage|p2a: Rillaboom|0 fnt\n|faint|p2a: Rillaboom\n|\n|-heal|p2b: Sneasler|7\/100|[from] Grassy Terrain\n|upkeep\n|\n|t:|1731868433\n|switch|p1a: Indeedee|Indeedee, L50, M|100\/100\n|switch|p2a: Dondozo|Dondozo, L50, M|100\/100\n|-fieldstart|move: Psychic Terrain|[from] ability: Psychic Surge|[of] p1a: Indeedee\n|turn|2\n|\n|t:|1731868449\n|move|p2b: Sneasler|Protect|p2b: Sneasler\n|-singleturn|p2b: Sneasler|Protect\n|move|p1a: Indeedee|Expanding Force|p2a: Dondozo|[spread] p2a\n|-activate|p2b: Sneasler|move: Protect\n|-damage|p2a: Dondozo|61\/100\n|move|p1b: Murkrow|Foul Play|p2a: Dondozo\n|-damage|p2a: Dondozo|43\/100\n|move|p2a: Dondozo|Wave Crash|p1a: Indeedee\n|-damage|p1a: Indeedee|5\/100\n|-damage|p2a: Dondozo|26\/100|[from] Recoil\n|\n|-heal|p2a: Dondozo|32\/100|[from] item: Leftovers\n|upkeep\n|turn|3\n|\n|t:|1731868470\n|move|p1a: Indeedee|Protect|p1a: Indeedee\n|-singleturn|p1a: Indeedee|Protect\n|move|p2b: Sneasler|Dire Claw|p1a: Indeedee\n|-activate|p1a: Indeedee|move: Protect\n|move|p1b: Murkrow|Foul Play|p2b: Sneasler\n|-resisted|p2b: Sneasler\n|-damage|p2b: Sneasler|0 fnt\n|faint|p2b: Sneasler\n|move|p2a: Dondozo|Yawn|p1b: Murkrow\n|-start|p1b: Murkrow|move: Yawn|[of] p2a: Dondozo\n|\n|-heal|p2a: Dondozo|38\/100|[from] item: Leftovers\n|upkeep\n|\n|t:|1731868482\n|switch|p2b: Baxcalibur|Baxcalibur, L50, F|100\/100\n|turn|4\n|\n|t:|1731868505\n|switch|p1b: Delphox|Delphox, L50, F|100\/100\n|move|p1a: Indeedee|Expanding Force|p2b: Baxcalibur|[spread] p2a,p2b\n|-damage|p2a: Dondozo|0 fnt\n|-damage|p2b: Baxcalibur|47\/100\n|faint|p2a: Dondozo\n|move|p2b: Baxcalibur|Scale Shot|p1a: Indeedee|[miss]\n|-miss|p2b: Baxcalibur|p1a: Indeedee\n|\n|upkeep\n|turn|5\n|-message|VGCLTH Python forfeited.\n|\n|win|por minha atendido\n|raw|por minha atendido's rating: 1745 &rarr; <strong>1763<\/strong><br \/>(+18 for winning)\n|raw|VGCLTH Python's rating: 1706 &rarr; <strong>1688<\/strong><br \/>(-18 for losing)\n|l|\u2606VGCLTH Python\n|player|p2|\n|l|\u2606por minha atendido\n|player|p1|\n|n| vgclth cuwutie|vgclthelowyn\n|n| vgclth elowyn|vgclthcuwutie\n","uploadtime":1731868691,"views":13,"formatid":"gen9vgc2024regh","rating":1688,"private":0,"password":null}