{"id":"gen9vgc2024regh-2245869996","format":"[Gen 9] VGC 2024 Reg H","players":["VGCLTH Thacrow","vgclth souly"],"log":"|raw|<div class=\"broadcast-blue\"><strong>This battle is required to be public due to a player having a name starting with 'vgclth'.<\/div>\n|j|\u2606VGCLTH Thacrow\n|j|\u2606vgclth souly\n|t:|1731886576\n|gametype|doubles\n|player|p1|VGCLTH Thacrow|wallace-masters|1874\n|player|p2|vgclth souly|#smogonxnpa2024draftee|1836\n|teamsize|p1|6\n|teamsize|p2|6\n|gen|9\n|tier|[Gen 9] VGC 2024 Reg H\n|rated|\n|rule|Species Clause: Limit one of each Pok\u00e9mon\n|rule|Item Clause: Limit 1 of each item\n|clearpoke\n|poke|p1|Archaludon, L50, F|\n|poke|p1|Dragonite, L50, M|\n|poke|p1|Pelipper, L50, F|\n|poke|p1|Ursaluna, L50, F|\n|poke|p1|Sinistcha, L50|\n|poke|p1|Gholdengo, L50|\n|poke|p2|Archaludon, L50, M|\n|poke|p2|Pelipper, L50, M|\n|poke|p2|Electabuzz, L50, M|\n|poke|p2|Kingambit, L50, M|\n|poke|p2|Rillaboom, L50, F|\n|poke|p2|Basculegion, L50, M|\n|teampreview|4\nVGCLTH Thacrow has agreed to open team sheets.\nvgclth souly has agreed to open team sheets.\n|c|\u2606VGCLTH Thacrow|:o\n|c|\u2606VGCLTH Thacrow|Laddering now?!\n|c|\u2606vgclth souly|Cteamer\n|\n|t:|1731886649\n|start\n|switch|p1a: Archaludon|Archaludon, L50, F|100\/100\n|switch|p1b: Pelipper|Pelipper, L50, F|100\/100\n|switch|p2a: Archaludon|Archaludon, L50, M|100\/100\n|switch|p2b: Pelipper|Pelipper, L50, M|100\/100\n|-weather|RainDance|[from] ability: Drizzle|[of] p1b: Pelipper\n|turn|1\n|\n|t:|1731886666\n|move|p1b: Pelipper|Tailwind|p1b: Pelipper\n|-sidestart|p1: VGCLTH Thacrow|move: Tailwind\n|move|p1a: Archaludon|Snarl|p2b: Pelipper|[spread] p2b\n|-miss|p1a: Archaludon|p2a: Archaludon\n|-damage|p2b: Pelipper|78\/100\n|-unboost|p2b: Pelipper|spa|1\n|move|p2b: Pelipper|Tailwind|p2b: Pelipper\n|-sidestart|p2: vgclth souly|move: Tailwind\n|move|p2a: Archaludon|Electro Shot||[still]\n|-prepare|p2a: Archaludon|Electro Shot\n|-boost|p2a: Archaludon|spa|1\n|-anim|p2a: Archaludon|Electro Shot|p1b: Pelipper\n|-supereffective|p1b: Pelipper\n|-enditem|p1b: Pelipper|Focus Sash\n|-damage|p1b: Pelipper|1\/100\n|\n|-weather|RainDance|[upkeep]\n|upkeep\n|turn|2\n|c|\u2606VGCLTH Thacrow|HAXER\n|\n|t:|1731886687\n|switch|p2b: Rillaboom|Rillaboom, L50, F|100\/100\n|-fieldstart|move: Grassy Terrain|[from] ability: Grassy Surge|[of] p2b: Rillaboom\n|move|p1b: Pelipper|Muddy Water|p2b: Rillaboom|[spread] p2a,p2b\n|-resisted|p2a: Archaludon\n|-resisted|p2b: Rillaboom\n|-damage|p2a: Archaludon|81\/100\n|-damage|p2b: Rillaboom|84\/100\n|-unboost|p2b: Rillaboom|accuracy|1\n|-ability|p2a: Archaludon|Stamina|boost\n|-boost|p2a: Archaludon|def|1\n|move|p1a: Archaludon|Electro Shot||[still]\n|-prepare|p1a: Archaludon|Electro Shot\n|-boost|p1a: Archaludon|spa|1\n|-anim|p1a: Archaludon|Electro Shot|p2a: Archaludon\n|-resisted|p2a: Archaludon\n|-damage|p2a: Archaludon|50\/100\n|-ability|p2a: Archaludon|Stamina|boost\n|-boost|p2a: Archaludon|def|1\n|move|p2a: Archaludon|Electro Shot||[still]\n|-prepare|p2a: Archaludon|Electro Shot\n|-boost|p2a: Archaludon|spa|1\n|-anim|p2a: Archaludon|Electro Shot|p1b: Pelipper\n|-supereffective|p1b: Pelipper\n|-damage|p1b: Pelipper|0 fnt\n|faint|p1b: Pelipper\n|\n|-weather|RainDance|[upkeep]\n|-heal|p2b: Rillaboom|90\/100|[from] Grassy Terrain\n|-heal|p2a: Archaludon|57\/100|[from] Grassy Terrain\n|-heal|p2a: Archaludon|63\/100|[from] item: Leftovers\n|upkeep\n|\n|t:|1731886692\n|switch|p1b: Sinistcha|Sinistcha, L50|100\/100\n|turn|3\n|\n|t:|1731886736\n|-terastallize|p2a: Archaludon|Fairy\n|move|p1a: Archaludon|Electro Shot||[still]\n|-prepare|p1a: Archaludon|Electro Shot\n|-boost|p1a: Archaludon|spa|1\n|-anim|p1a: Archaludon|Electro Shot|p2a: Archaludon\n|-damage|p2a: Archaludon|0 fnt\n|faint|p2a: Archaludon\n|move|p2b: Rillaboom|High Horsepower|p1a: Archaludon\n|-supereffective|p1a: Archaludon\n|-damage|p1a: Archaludon|49\/100\n|-ability|p1a: Archaludon|Stamina|boost\n|-boost|p1a: Archaludon|def|1\n|move|p1b: Sinistcha|Matcha Gotcha|p2b: Rillaboom\n|-resisted|p2b: Rillaboom\n|-damage|p2b: Rillaboom|71\/100\n|\n|-weather|RainDance|[upkeep]\n|-heal|p1a: Archaludon|55\/100|[from] Grassy Terrain\n|-heal|p2b: Rillaboom|77\/100|[from] Grassy Terrain\n|upkeep\n|\n|t:|1731886763\n|switch|p2a: Pelipper|Pelipper, L50, M|78\/100\n|turn|4\n|j| mr pogostick\n|\n|t:|1731886771\n|switch|p2b: Basculegion|Basculegion, L50, M|100\/100\n|move|p1b: Sinistcha|Rage Powder|p1b: Sinistcha\n|-singleturn|p1b: Sinistcha|move: Rage Powder\n|move|p1a: Archaludon|Electro Shot||[still]\n|-prepare|p1a: Archaludon|Electro Shot\n|-boost|p1a: Archaludon|spa|1\n|-anim|p1a: Archaludon|Electro Shot|p2a: Pelipper\n|-supereffective|p2a: Pelipper\n|-damage|p2a: Pelipper|0 fnt\n|faint|p2a: Pelipper\n|\n|-weather|RainDance|[upkeep]\n|-heal|p1a: Archaludon|61\/100|[from] Grassy Terrain\n|-sideend|p2: vgclth souly|move: Tailwind\n|-sideend|p1: VGCLTH Thacrow|move: Tailwind\n|upkeep\n|\n|t:|1731886780\n|switch|p2a: Rillaboom|Rillaboom, L50, F|77\/100\n|turn|5\n|\n|t:|1731886807\n|move|p2b: Basculegion|Last Respects|p1a: Archaludon\n|-damage|p1a: Archaludon|12\/100\n|-ability|p1a: Archaludon|Stamina|boost\n|-boost|p1a: Archaludon|def|1\n|move|p1a: Archaludon|Electro Shot||[still]\n|-prepare|p1a: Archaludon|Electro Shot\n|-boost|p1a: Archaludon|spa|1\n|-anim|p1a: Archaludon|Electro Shot|p2b: Basculegion\n|-supereffective|p2b: Basculegion\n|-damage|p2b: Basculegion|0 fnt\n|faint|p2b: Basculegion\n|move|p2a: Rillaboom|High Horsepower|p1a: Archaludon|[miss]\n|-miss|p2a: Rillaboom|p1a: Archaludon\n|move|p1b: Sinistcha|Matcha Gotcha|p2a: Rillaboom\n|-resisted|p2a: Rillaboom\n|-damage|p2a: Rillaboom|58\/100\n|\n|-weather|none\n|-heal|p1a: Archaludon|18\/100|[from] Grassy Terrain\n|-heal|p2a: Rillaboom|64\/100|[from] Grassy Terrain\n|upkeep\n|turn|6\n|c|\u2606vgclth souly|YEAH YEAH\n|\n|t:|1731886821\n|move|p1a: Archaludon|Flash Cannon|p2a: Rillaboom\n|-damage|p2a: Rillaboom|0 fnt\n|faint|p2a: Rillaboom\n|\n|win|VGCLTH Thacrow\n|raw|VGCLTH Thacrow's rating: 1874 &rarr; <strong>1892<\/strong><br \/>(+18 for winning)\n|raw|vgclth souly's rating: 1836 &rarr; <strong>1818<\/strong><br \/>(-18 for losing)\n|l| mr pogostick\n|c|\u2606VGCLTH Thacrow|Bro lost to the kid who didnt even win laic seniors\n|c|\u2606VGCLTH Thacrow|Hes so bad\n|c|\u2606vgclth souly|Sotrue\n|c|\u2606vgclth souly|I also threw\n|c|\u2606VGCLTH Thacrow|Agree\n|c|\u2606vgclth souly|I thought u had draco \ud83d\udc80\n|l|\u2606VGCLTH Thacrow\n|player|p1|\n|l|\u2606vgclth souly\n|player|p2|\n","uploadtime":1731887061,"views":104,"formatid":"gen9vgc2024regh","rating":1818,"private":0,"password":null}