{"id":"gen9vgc2024regh-2245804066","format":"[Gen 9] VGC 2024 Reg H","players":["The Umpire","vgclth papaneth"],"log":"|raw|<div class=\"broadcast-blue\"><strong>This battle is required to be public due to a player having a name starting with 'vgclth'.<\/div>\n|j|\u2606The Umpire\n|j|\u2606vgclth papaneth\n|t:|1731878692\n|gametype|doubles\n|player|p1|The Umpire|volkner|1773\n|player|p2|vgclth papaneth|rood|1748\n|teamsize|p1|6\n|teamsize|p2|6\n|gen|9\n|tier|[Gen 9] VGC 2024 Reg H\n|rated|\n|rule|Species Clause: Limit one of each Pok\u00e9mon\n|rule|Item Clause: Limit 1 of each item\n|clearpoke\n|poke|p1|Clefairy, L50, M|\n|poke|p1|Sneasler, L50, F|\n|poke|p1|Ursaluna-Bloodmoon, L50, M|\n|poke|p1|Dragonite, L50, F|\n|poke|p1|Gholdengo, L50|\n|poke|p1|Incineroar, L50, M|\n|poke|p2|Tyranitar, L50, M|\n|poke|p2|Gengar, L50, F|\n|poke|p2|Kommo-o, L50, F|\n|poke|p2|Rillaboom, L50, M|\n|poke|p2|Annihilape, L50, M|\n|poke|p2|Whimsicott, L50, M|\n|teampreview|4\n|inactive|Battle timer is ON: inactive players will automatically lose when time's up. (requested by vgclth papaneth)\nvgclth papaneth rejected open team sheets.\n|inactive|vgclth papaneth has 60 seconds left.\n|\n|t:|1731878757\n|start\n|switch|p1a: Ursaluna|Ursaluna-Bloodmoon, L50, M|100\/100\n|switch|p1b: Clefairy|Clefairy, L50, M|100\/100\n|switch|p2a: Annihilape|Annihilape, L50, M|100\/100\n|switch|p2b: Kommo-o|Kommo-o, L50, F|100\/100\n|turn|1\n|\n|t:|1731878776\n|move|p2b: Kommo-o|Protect|p2b: Kommo-o\n|-singleturn|p2b: Kommo-o|Protect\n|move|p1b: Clefairy|Follow Me|p1b: Clefairy\n|-singleturn|p1b: Clefairy|move: Follow Me\n|move|p2a: Annihilape|Final Gambit|p1b: Clefairy\n|-damage|p1b: Clefairy|0 fnt\n|faint|p2a: Annihilape\n|faint|p1b: Clefairy\n|move|p1a: Ursaluna|Blood Moon|p2b: Kommo-o\n|-activate|p2b: Kommo-o|move: Protect\n|\n|upkeep\n|\n|t:|1731878787\n|switch|p2a: Whimsicott|Whimsicott, L50, M|100\/100\n|switch|p1b: Gholdengo|Gholdengo, L50|100\/100\n|turn|2\n|inactive|vgclth papaneth has 30 seconds left.\n|\n|t:|1731878815\n|-terastallize|p2b: Kommo-o|Fire\n|-terastallize|p1b: Gholdengo|Water\n|move|p2a: Whimsicott|Tailwind|p2a: Whimsicott\n|-sidestart|p2: vgclth papaneth|move: Tailwind\n|move|p2b: Kommo-o|Flamethrower|p1b: Gholdengo\n|-resisted|p1b: Gholdengo\n|-damage|p1b: Gholdengo|76\/100\n|-damage|p2b: Kommo-o|91\/100|[from] item: Life Orb\n|move|p1b: Gholdengo|Nasty Plot|p1b: Gholdengo\n|-boost|p1b: Gholdengo|spa|2\n|move|p1a: Ursaluna|Hyper Voice|p2b: Kommo-o|[spread] p2a\n|-immune|p2b: Kommo-o|[from] ability: Soundproof\n|-damage|p2a: Whimsicott|57\/100\n|\n|upkeep\n|turn|3\n|\n|t:|1731878831\n|move|p2b: Kommo-o|Protect|p2b: Kommo-o\n|-singleturn|p2b: Kommo-o|Protect\n|move|p1b: Gholdengo|Protect|p1b: Gholdengo\n|-singleturn|p1b: Gholdengo|Protect\n|move|p2a: Whimsicott|Encore|p1a: Ursaluna\n|-start|p1a: Ursaluna|Encore\n|move|p1a: Ursaluna|Hyper Voice|p2b: Kommo-o|[spread] p2a\n|-activate|p2b: Kommo-o|move: Protect\n|-damage|p2a: Whimsicott|16\/100\n|\n|upkeep\n|turn|4\n|\n|t:|1731878844\n|move|p2a: Whimsicott|Moonblast|p1b: Gholdengo\n|-damage|p1b: Gholdengo|49\/100\n|-unboost|p1b: Gholdengo|spa|1\n|move|p2b: Kommo-o|Clanging Scales|p1a: Ursaluna|[spread] p1a,p1b\n|-damage|p1a: Ursaluna|67\/100\n|-damage|p1b: Gholdengo|2\/100\n|-unboost|p2b: Kommo-o|def|1\n|-damage|p2b: Kommo-o|81\/100|[from] item: Life Orb\n|move|p1b: Gholdengo|Shadow Ball|p2b: Kommo-o\n|-damage|p2b: Kommo-o|0 fnt\n|faint|p2b: Kommo-o\n|-damage|p1b: Gholdengo|0 fnt|[from] item: Life Orb\n|faint|p1b: Gholdengo\n|move|p1a: Ursaluna|Hyper Voice|p2a: Whimsicott\n|-crit|p2a: Whimsicott\n|-damage|p2a: Whimsicott|0 fnt\n|faint|p2a: Whimsicott\n|\n|upkeep\n|\n|t:|1731878861\n|switch|p2b: Tyranitar|Tyranitar, L50, M, shiny|100\/100\n|switch|p1b: Sneasler|Sneasler, L50, F|100\/100\n|-weather|Sandstorm|[from] ability: Sand Stream|[of] p2b: Tyranitar\n|turn|5\n|\n|t:|1731878865\n|move|p1b: Sneasler|Fake Out|p2b: Tyranitar\n|-resisted|p2b: Tyranitar\n|-damage|p2b: Tyranitar|95\/100\n|cant|p2b: Tyranitar|flinch\n|move|p1a: Ursaluna|Hyper Voice|p2b: Tyranitar\n|-resisted|p2b: Tyranitar\n|-damage|p2b: Tyranitar|86\/100\n|\n|-weather|Sandstorm|[upkeep]\n|-damage|p1b: Sneasler|95\/100|[from] Sandstorm\n|-end|p1a: Ursaluna|Encore\n|-sideend|p2: vgclth papaneth|move: Tailwind\n|upkeep\n|turn|6\n|-message|vgclth papaneth forfeited.\n|\n|win|The Umpire\n|raw|The Umpire's rating: 1773 &rarr; <strong>1792<\/strong><br \/>(+19 for winning)\n|raw|vgclth papaneth's rating: 1748 &rarr; <strong>1729<\/strong><br \/>(-19 for losing)\n|l|\u2606vgclth papaneth\n|player|p2|\n|l|\u2606The Umpire\n|player|p1|\n","uploadtime":1731879023,"views":13,"formatid":"gen9vgc2024regh","rating":1729,"private":0,"password":null}