{"id":"gen9vgc2024regh-2245241302","format":"[Gen 9] VGC 2024 Reg H","players":["Matheusmimo","vgclth cuwutie"],"log":"|raw|<div class=\"broadcast-blue\"><strong>This battle is required to be public due to a player having a name starting with 'vgclth'.<\/div>\n|j|\u2606Matheusmimo\n|j|\u2606vgclth cuwutie\n|t:|1731794153\n|gametype|doubles\n|player|p1|Matheusmimo|2|1704\n|player|p2|vgclth cuwutie|266|1792\n|teamsize|p1|6\n|teamsize|p2|6\n|gen|9\n|tier|[Gen 9] VGC 2024 Reg H\n|rated|\n|rule|Species Clause: Limit one of each Pok\u00e9mon\n|rule|Item Clause: Limit 1 of each item\n|clearpoke\n|poke|p1|Pelipper, L50, F|\n|poke|p1|Gholdengo, L50|\n|poke|p1|Primarina, L50, M|\n|poke|p1|Archaludon, L50, F|\n|poke|p1|Sneasler, L50, F|\n|poke|p1|Basculegion, L50, M|\n|poke|p2|Smeargle, L50, M|\n|poke|p2|Farigiraf, L50, M|\n|poke|p2|Maushold-Four, L50|\n|poke|p2|Torkoal, L50, F|\n|poke|p2|Ursaluna-Bloodmoon, L50, M|\n|poke|p2|Weezing-Galar, L50, F|\n|teampreview|4\n|inactive|Battle timer is ON: inactive players will automatically lose when time's up. (requested by Matheusmimo)\n|inactive|Matheusmimo has 60 seconds left.\n|inactive|Matheusmimo has 30 seconds left.\n|inactive|Matheusmimo has 20 seconds left.\n|\n|t:|1731794228\n|start\n|switch|p1a: Gholdengo|Gholdengo, L50|100\/100\n|switch|p1b: Primarina|Primarina, L50, M|100\/100\n|switch|p2a: Smeargle|Smeargle, L50, M|100\/100\n|switch|p2b: Farigiraf|Farigiraf, L50, M|100\/100\n|turn|1\n|\n|t:|1731794245\n|move|p1b: Primarina|Protect|p1b: Primarina\n|-singleturn|p1b: Primarina|Protect\n|move|p2a: Smeargle|Spore|p1b: Primarina\n|-activate|p1b: Primarina|move: Protect\n|move|p1a: Gholdengo|Make It Rain|p2b: Farigiraf|[spread] p2a,p2b\n|-damage|p2a: Smeargle|0 fnt\n|-damage|p2b: Farigiraf|60\/100\n|-unboost|p1a: Gholdengo|spa|1\n|faint|p2a: Smeargle\n|move|p2b: Farigiraf|Trick Room|p2b: Farigiraf\n|-fieldstart|move: Trick Room|[of] p2b: Farigiraf\n|\n|upkeep\n|\n|t:|1731794247\n|switch|p2a: Torkoal|Torkoal, L50, F|100\/100\n|-weather|SunnyDay|[from] ability: Drought|[of] p2a: Torkoal\n|turn|2\n|\n|t:|1731794270\n|switch|p2b: Weezing|Weezing-Galar, L50, F|100\/100\n|-ability|p2b: Weezing|Neutralizing Gas\n|switch|p1a: Pelipper|Pelipper, L50, F|100\/100\n|-terastallize|p2a: Torkoal|Fire\n|move|p2a: Torkoal|Eruption|p1a: Pelipper|[spread] p1a,p1b\n|-resisted|p1a: Pelipper\n|-resisted|p1b: Primarina\n|-damage|p1a: Pelipper|6\/100\n|-damage|p1b: Primarina|35\/100\n|move|p1b: Primarina|Hyper Voice|p2b: Weezing|[spread] p2a,p2b\n|-damage|p2a: Torkoal|66\/100\n|-damage|p2b: Weezing|66\/100\n|-enditem|p1b: Primarina|Throat Spray\n|-boost|p1b: Primarina|spa|1|[from] item: Throat Spray\n|\n|-weather|SunnyDay|[upkeep]\n|upkeep\n|turn|3\n|inactive|Matheusmimo has 30 seconds left.\n|inactive|Matheusmimo has 20 seconds left.\n|inactive|Matheusmimo has 15 seconds left.\n|inactive|Matheusmimo has 10 seconds left.\n|inactive|Matheusmimo has 5 seconds left.\n|\n|t:|1731794320\n|-terastallize|p1b: Primarina|Steel\n|move|p1a: Pelipper|Wide Guard|p1a: Pelipper\n|-singleturn|p1a: Pelipper|Wide Guard\n|move|p2a: Torkoal|Eruption|p1a: Pelipper|[spread] \n|-activate|p1a: Pelipper|move: Wide Guard\n|-activate|p1b: Primarina|move: Wide Guard\n|move|p1b: Primarina|Hyper Voice|p2a: Torkoal|[spread] p2a,p2b\n|-damage|p2a: Torkoal|13\/100\n|-damage|p2b: Weezing|18\/100\n|move|p2b: Weezing|Sludge Bomb|p1a: Pelipper\n|-damage|p1a: Pelipper|0 fnt\n|faint|p1a: Pelipper\n|\n|-weather|SunnyDay|[upkeep]\n|upkeep\n|\n|t:|1731794339\n|switch|p1a: Basculegion|Basculegion, L50, M|100\/100\n|turn|4\n|inactive|vgclth cuwutie has 30 seconds left.\n|inactive|vgclth cuwutie has 20 seconds left.\n|\n|t:|1731794378\n|move|p1b: Primarina|Protect|p1b: Primarina\n|-singleturn|p1b: Primarina|Protect\n|move|p2a: Torkoal|Eruption|p1a: Basculegion|[spread] p1a\n|-activate|p1b: Primarina|move: Protect\n|-resisted|p1a: Basculegion\n|-damage|p1a: Basculegion|90\/100\n|move|p2b: Weezing|Dazzling Gleam|p1b: Primarina|[spread] p1a\n|-activate|p1b: Primarina|move: Protect\n|-damage|p1a: Basculegion|62\/100\n|move|p1a: Basculegion|Last Respects|p2b: Weezing\n|-damage|p2b: Weezing|0 fnt\n|faint|p2b: Weezing\n|-end|p2b: Weezing|ability: Neutralizing Gas\n|\n|-weather|SunnyDay|[upkeep]\n|upkeep\n|\n|t:|1731794386\n|switch|p2b: Farigiraf|Farigiraf, L50, M|60\/100\n|turn|5\n|\n|t:|1731794407\n|switch|p1a: Gholdengo|Gholdengo, L50|100\/100\n|move|p2a: Torkoal|Eruption|p1a: Gholdengo|[spread] p1a,p1b\n|-supereffective|p1a: Gholdengo\n|-supereffective|p1b: Primarina\n|-damage|p1a: Gholdengo|68\/100\n|-damage|p1b: Primarina|5\/100\n|-enditem|p1a: Gholdengo|Weakness Policy\n|-boost|p1a: Gholdengo|atk|2|[from] item: Weakness Policy\n|-boost|p1a: Gholdengo|spa|2|[from] item: Weakness Policy\n|move|p2b: Farigiraf|Twin Beam|p1a: Gholdengo\n|-resisted|p1a: Gholdengo\n|-damage|p1a: Gholdengo|60\/100\n|-resisted|p1a: Gholdengo\n|-damage|p1a: Gholdengo|52\/100\n|-hitcount|p1a: Gholdengo|2\n|move|p1b: Primarina|Hyper Voice|p2b: Farigiraf|[spread] p2a,p2b\n|-supereffective|p2a: Torkoal\n|-crit|p2b: Farigiraf\n|-damage|p2a: Torkoal|0 fnt\n|-damage|p2b: Farigiraf|25\/100\n|faint|p2a: Torkoal\n|\n|-weather|SunnyDay|[upkeep]\n|-fieldend|move: Trick Room\n|upkeep\n|turn|6\n|\n|t:|1731794431\n|move|p1a: Gholdengo|Make It Rain|p2b: Farigiraf\n|-damage|p2b: Farigiraf|0 fnt\n|-unboost|p1a: Gholdengo|spa|1\n|faint|p2b: Farigiraf\n|\n|win|Matheusmimo\n|raw|Matheusmimo's rating: 1704 &rarr; <strong>1727<\/strong><br \/>(+23 for winning)\n|raw|vgclth cuwutie's rating: 1758 &rarr; <strong>1735<\/strong><br \/>(-23 for losing)\n|l|\u2606Matheusmimo\n|player|p1|\n|l|\u2606vgclth cuwutie\n|player|p2|\n","uploadtime":1731794653,"views":18,"formatid":"gen9vgc2024regh","rating":1727,"private":0,"password":null}