{"id":"gen9vgc2024regh-2245902389","format":"[Gen 9] VGC 2024 Reg H","players":["jet black polter","eriksp"],"log":"|j|\u2606jet black polter\n|j|\u2606eriksp\n|t:|1731890780\n|gametype|doubles\n|player|p1|jet black polter|1|1739\n|player|p2|eriksp|volkner-masters|1827\n|teamsize|p1|6\n|teamsize|p2|6\n|gen|9\n|tier|[Gen 9] VGC 2024 Reg H\n|rated|\n|rule|Species Clause: Limit one of each Pok\u00e9mon\n|rule|Item Clause: Limit 1 of each item\n|clearpoke\n|poke|p1|Sneasler, L50, M|\n|poke|p1|Volcarona, L50, F|\n|poke|p1|Garganacl, L50, M|\n|poke|p1|Meowscarada, L50, F|\n|poke|p1|Salamence, L50, F|\n|poke|p1|Kingambit, L50, F|\n|poke|p2|Baxcalibur, L50, F|\n|poke|p2|Kingambit, L50, M|\n|poke|p2|Sneasler, L50, F|\n|poke|p2|Rillaboom, L50, M|\n|poke|p2|Volcarona, L50, M|\n|poke|p2|Basculegion, L50, M|\n|teampreview|4\neriksp has agreed to open team sheets.\n|inactive|Battle timer is ON: inactive players will automatically lose when time's up. (requested by eriksp)\n|\n|t:|1731890849\n|start\n|switch|p1a: Salamence|Salamence, L50, F|100\/100\n|switch|p1b: Sneasler|Sneasler, L50, M|100\/100\n|switch|p2a: Volcarona|Volcarona, L50, M|100\/100\n|switch|p2b: Phife|Rillaboom, L50, M, shiny|100\/100\n|-ability|p1a: Salamence|Intimidate|boost\n|-unboost|p2a: Volcarona|atk|1\n|-unboost|p2b: Phife|atk|1\n|-fieldstart|move: Grassy Terrain|[from] ability: Grassy Surge|[of] p2b: Phife\n|turn|1\n|\n|t:|1731890872\n|-terastallize|p2a: Volcarona|Fairy\n|move|p1b: Sneasler|Fake Out|p2b: Phife\n|-damage|p2b: Phife|85\/100\n|cant|p2b: Phife|flinch\n|move|p1a: Salamence|Air Slash|p2a: Volcarona|[miss]\n|-miss|p1a: Salamence|p2a: Volcarona\n|move|p2a: Volcarona|Quiver Dance|p2a: Volcarona\n|-boost|p2a: Volcarona|spa|1\n|-boost|p2a: Volcarona|spd|1\n|-boost|p2a: Volcarona|spe|1\n|\n|-heal|p2b: Phife|91\/100|[from] Grassy Terrain\n|upkeep\n|turn|2\n|\n|t:|1731890891\n|move|p2b: Phife|Grassy Glide|p1b: Sneasler\n|-resisted|p1b: Sneasler\n|-damage|p1b: Sneasler|74\/100\n|move|p1a: Salamence|Air Slash|p2b: Phife\n|-supereffective|p2b: Phife\n|-damage|p2b: Phife|2\/100\n|move|p2a: Volcarona|Tera Blast|p1b: Sneasler|[anim] Tera Blast Fairy\n|-damage|p1b: Sneasler|0 fnt\n|faint|p1b: Sneasler\n|\n|-heal|p2b: Phife|8\/100|[from] Grassy Terrain\n|upkeep\n|\n|t:|1731890908\n|switch|p1b: Garganacl|Garganacl, L50, M|100\/100\n|turn|3\n|\n|t:|1731890918\n|-terastallize|p1a: Salamence|Steel\n|move|p2b: Phife|Grassy Glide|p1b: Garganacl\n|-supereffective|p1b: Garganacl\n|-damage|p1b: Garganacl|63\/100\n|move|p1a: Salamence|Air Slash|p2b: Phife\n|-supereffective|p2b: Phife\n|-damage|p2b: Phife|0 fnt\n|faint|p2b: Phife\n|move|p2a: Volcarona|Tera Blast|p1a: Salamence|[anim] Tera Blast Fairy\n|-resisted|p1a: Salamence\n|-damage|p1a: Salamence|64\/100\n|move|p1b: Garganacl|Salt Cure|p2a: Volcarona\n|-damage|p2a: Volcarona|84\/100\n|\n|-heal|p1a: Salamence|70\/100|[from] Grassy Terrain\n|-heal|p2a: Volcarona|91\/100|[from] Grassy Terrain\n|-heal|p1b: Garganacl|68\/100|[from] Grassy Terrain\n|-heal|p1b: Garganacl|74\/100|[from] item: Leftovers\n|upkeep\n|\n|t:|1731890934\n|switch|p2b: Basculegion|Basculegion, L50, M|100\/100\n|turn|4\n|\n|t:|1731890940\n|move|p1b: Garganacl|Protect|p1b: Garganacl\n|-singleturn|p1b: Garganacl|Protect\n|move|p1a: Salamence|Air Slash|p2a: Volcarona\n|-damage|p2a: Volcarona|67\/100\n|move|p2a: Volcarona|Heat Wave|p1b: Garganacl|[spread] p1a\n|-activate|p1b: Garganacl|move: Protect\n|-supereffective|p1a: Salamence\n|-damage|p1a: Salamence|0 fnt\n|faint|p1a: Salamence\n|move|p2b: Basculegion|Wave Crash|p1b: Garganacl\n|-activate|p1b: Garganacl|move: Protect\n|\n|-heal|p2a: Volcarona|73\/100|[from] Grassy Terrain\n|-heal|p1b: Garganacl|80\/100|[from] Grassy Terrain\n|-heal|p1b: Garganacl|86\/100|[from] item: Leftovers\n|upkeep\n|\n|t:|1731890941\n|switch|p1a: Meowscarada|Meowscarada, L50, F|100\/100\n|turn|5\n|c|\u2606jet black polter|gg\n|c|\u2606jet black polter|lets go again\n|-message|jet black polter forfeited.\n|\n|win|eriksp\n|raw|jet black polter's rating: 1739 &rarr; <strong>1724<\/strong><br \/>(-15 for losing)\n|raw|eriksp's rating: 1827 &rarr; <strong>1842<\/strong><br \/>(+15 for winning)\n|l|\u2606jet black polter\n|player|p1|\n|c|\u2606eriksp|sure\n","uploadtime":1731890958,"views":37,"formatid":"gen9vgc2024regh","rating":1724,"private":0,"password":null}