{"id":"gen9vgc2024regh-2245742632","format":"[Gen 9] VGC 2024 Reg H","players":["alumilana","VGCLTH Python"],"log":"|raw|<div class=\"broadcast-blue\"><strong>This battle is required to be public due to a player having a name starting with 'vgclth'.<\/div>\n|j|\u203dalumilana\n|j|\u2606VGCLTH Python\n|t:|1731871546\n|gametype|doubles\n|player|p1|alumilana|marley|1794\n|player|p2|VGCLTH Python|yellow|1717\n|teamsize|p1|6\n|teamsize|p2|6\n|gen|9\n|tier|[Gen 9] VGC 2024 Reg H\n|rated|\n|rule|Species Clause: Limit one of each Pok\u00e9mon\n|rule|Item Clause: Limit 1 of each item\n|clearpoke\n|poke|p1|Dragonite, L50, F|\n|poke|p1|Gholdengo, L50|\n|poke|p1|Ursaluna-Bloodmoon, L50, M|\n|poke|p1|Sneasler, L50, F|\n|poke|p1|Incineroar, L50, F|\n|poke|p1|Rillaboom, L50, F|\n|poke|p2|Baxcalibur, L50, F|\n|poke|p2|Sneasler, L50, M|\n|poke|p2|Magmar, L50, M|\n|poke|p2|Kingambit, L50, F|\n|poke|p2|Rillaboom, L50, M|\n|poke|p2|Dondozo, L50, M|\n|teampreview|4\n|inactive|Battle timer is ON: inactive players will automatically lose when time's up. (requested by alumilana)\n|j| blyng\n|inactive|alumilana has 60 seconds left.\n|inactive|VGCLTH Python has 60 seconds left.\n|\n|t:|1731871593\n|start\n|switch|p1a: Dragonite|Dragonite, L50, F|100\/100\n|switch|p1b: Ursaluna|Ursaluna-Bloodmoon, L50, M|100\/100\n|switch|p2a: Sneasler|Sneasler, L50, M|100\/100\n|switch|p2b: Baxcalibur|Baxcalibur, L50, F|100\/100\n|turn|1\n|\n|t:|1731871610\n|-terastallize|p2b: Baxcalibur|Ghost\n|-terastallize|p1b: Ursaluna|Fighting\n|move|p1a: Dragonite|Protect|p1a: Dragonite\n|-singleturn|p1a: Dragonite|Protect\n|move|p2a: Sneasler|Coaching|p2b: Baxcalibur\n|-boost|p2b: Baxcalibur|atk|1\n|-boost|p2b: Baxcalibur|def|1\n|move|p2b: Baxcalibur|Icicle Spear|p1b: Ursaluna\n|-damage|p1b: Ursaluna|83\/100\n|-damage|p1b: Ursaluna|66\/100\n|-damage|p1b: Ursaluna|48\/100\n|-damage|p1b: Ursaluna|30\/100\n|-hitcount|p1b: Ursaluna|4\n|move|p1b: Ursaluna|Blood Moon|p2b: Baxcalibur\n|-damage|p2b: Baxcalibur|36\/100\n|\n|-heal|p1b: Ursaluna|36\/100|[from] item: Leftovers\n|upkeep\n|turn|2\n|\n|t:|1731871633\n|switch|p1a: Incineroar|Incineroar, L50, F|100\/100\n|-ability|p1a: Incineroar|Intimidate|boost\n|-unboost|p2a: Sneasler|atk|1\n|-unboost|p2b: Baxcalibur|atk|1\n|move|p1b: Ursaluna|Protect|p1b: Ursaluna\n|-singleturn|p1b: Ursaluna|Protect\n|move|p2b: Baxcalibur|Ice Shard|p1a: Incineroar\n|-resisted|p1a: Incineroar\n|-damage|p1a: Incineroar|90\/100\n|move|p2a: Sneasler|Close Combat|p1b: Ursaluna\n|-activate|p1b: Ursaluna|move: Protect\n|\n|-heal|p1b: Ursaluna|43\/100|[from] item: Leftovers\n|upkeep\n|turn|3\n|inactive|VGCLTH Python has 30 seconds left.\n|\n|t:|1731871658\n|switch|p2a: Dondozo|Dondozo, L50, M|100\/100\n|switch|p1b: Dragonite|Dragonite, L50, F|100\/100\n|move|p2b: Baxcalibur|Icicle Spear|p1b: Dragonite\n|-supereffective|p1b: Dragonite\n|-damage|p1b: Dragonite|68\/100\n|-supereffective|p1b: Dragonite\n|-damage|p1b: Dragonite|3\/100\n|-supereffective|p1b: Dragonite\n|-damage|p1b: Dragonite|0 fnt\n|faint|p1b: Dragonite\n|-hitcount|p1: Dragonite|3\n|move|p1a: Incineroar|Knock Off|p2b: Baxcalibur\n|-supereffective|p2b: Baxcalibur\n|-damage|p2b: Baxcalibur|0 fnt\n|-enditem|p2b: Baxcalibur|Loaded Dice|[from] move: Knock Off|[of] p1a: Incineroar\n|faint|p2b: Baxcalibur\n|\n|upkeep\n|\n|t:|1731871678\n|switch|p1b: Ursaluna|Ursaluna-Bloodmoon, L50, M, tera:Fighting|43\/100\n|switch|p2b: Sneasler|Sneasler, L50, M|100\/100\n|turn|4\n|j| vgclth cuwutie\n|\n|t:|1731871696\n|switch|p1a: Sneasler|Sneasler, L50, F|100\/100\n|move|p1b: Ursaluna|Protect|p1b: Ursaluna\n|-singleturn|p1b: Ursaluna|Protect\n|move|p2b: Sneasler|Close Combat|p1a: Sneasler\n|-resisted|p1a: Sneasler\n|-damage|p1a: Sneasler|50\/100\n|-unboost|p2b: Sneasler|def|1\n|-unboost|p2b: Sneasler|spd|1\n|move|p2a: Dondozo|Wave Crash|p1b: Ursaluna\n|-activate|p1b: Ursaluna|move: Protect\n|\n|-heal|p1b: Ursaluna|49\/100|[from] item: Leftovers\n|upkeep\n|turn|5\n|\n|t:|1731871715\n|switch|p1b: Incineroar|Incineroar, L50, F|90\/100\n|-ability|p1b: Incineroar|Intimidate|boost\n|-unboost|p2a: Dondozo|atk|1\n|-unboost|p2b: Sneasler|atk|1\n|move|p1a: Sneasler|Dire Claw|p2b: Sneasler\n|-resisted|p2b: Sneasler\n|-damage|p2b: Sneasler|44\/100\n|-status|p2b: Sneasler|par\n|move|p2b: Sneasler|Close Combat|p1a: Sneasler\n|-resisted|p1a: Sneasler\n|-damage|p1a: Sneasler|15\/100\n|-unboost|p2b: Sneasler|def|1\n|-unboost|p2b: Sneasler|spd|1\n|move|p2a: Dondozo|Wave Crash|p1a: Sneasler\n|-damage|p1a: Sneasler|0 fnt\n|faint|p1a: Sneasler\n|-damage|p2a: Dondozo|97\/100|[from] Recoil\n|\n|-heal|p2a: Dondozo|100\/100|[from] item: Leftovers\n|upkeep\n|\n|t:|1731871730\n|switch|p1a: Ursaluna|Ursaluna-Bloodmoon, L50, M, tera:Fighting|49\/100\n|turn|6\n|\n|t:|1731871748\n|move|p2a: Dondozo|Protect|p2a: Dondozo\n|-singleturn|p2a: Dondozo|Protect\n|move|p1b: Incineroar|Fake Out|p2a: Dondozo\n|-activate|p2a: Dondozo|move: Protect\n|move|p2b: Sneasler|Close Combat|p1b: Incineroar\n|-supereffective|p1b: Incineroar\n|-damage|p1b: Incineroar|16\/100\n|-unboost|p2b: Sneasler|def|1\n|-unboost|p2b: Sneasler|spd|1\n|-enditem|p1b: Incineroar|Sitrus Berry|[eat]\n|-heal|p1b: Incineroar|41\/100|[from] item: Sitrus Berry\n|move|p1a: Ursaluna|Blood Moon|p2a: Dondozo\n|-activate|p2a: Dondozo|move: Protect\n|\n|-heal|p1a: Ursaluna|55\/100|[from] item: Leftovers\n|upkeep\n|turn|7\n|\n|t:|1731871763\n|move|p1a: Ursaluna|Vacuum Wave|p2b: Sneasler\n|-resisted|p2b: Sneasler\n|-damage|p2b: Sneasler|6\/100 par\n|move|p2b: Sneasler|Close Combat|p1b: Incineroar\n|-supereffective|p1b: Incineroar\n|-damage|p1b: Incineroar|0 fnt\n|-unboost|p2b: Sneasler|def|1\n|-unboost|p2b: Sneasler|spd|1\n|faint|p1b: Incineroar\n|move|p2a: Dondozo|Yawn|p1a: Ursaluna\n|-start|p1a: Ursaluna|move: Yawn|[of] p2a: Dondozo\n|\n|-heal|p1a: Ursaluna|61\/100|[from] item: Leftovers\n|upkeep\n|turn|8\n|-message|alumilana forfeited.\n|\n|win|VGCLTH Python\n|raw|alumilana's rating: 1794 &rarr; <strong>1770<\/strong><br \/>(-24 for losing)\n|raw|VGCLTH Python's rating: 1717 &rarr; <strong>1741<\/strong><br \/>(+24 for winning)\n|l|\u203dalumilana\n|player|p1|\n|l| blyng\n","uploadtime":1731872026,"views":11,"formatid":"gen9vgc2024regh","rating":1741,"private":0,"password":null}