{"id":"gen9vgc2024regh-2245882548","format":"[Gen 9] VGC 2024 Reg H","players":["tex771","VGCLTH Sac gaming"],"log":"|raw|<div class=\"broadcast-blue\"><strong>This battle is required to be public due to a player having a name starting with 'vgclth'.<\/div>\n|j|\u2606tex771\n|j|\u2606VGCLTH Sac gaming\n|t:|1731888183\n|gametype|doubles\n|player|p1|tex771|101|1763\n|player|p2|VGCLTH Sac gaming|steven|1721\n|teamsize|p1|6\n|teamsize|p2|6\n|gen|9\n|tier|[Gen 9] VGC 2024 Reg H\n|rated|\n|rule|Species Clause: Limit one of each Pok\u00e9mon\n|rule|Item Clause: Limit 1 of each item\n|clearpoke\n|poke|p1|Archaludon, L50, M|\n|poke|p1|Annihilape, L50, M|\n|poke|p1|Whimsicott, L50, M|\n|poke|p1|Ninetales-Alola, L50, M|\n|poke|p1|Indeedee, L50, M|\n|poke|p1|Armarouge, L50, M|\n|poke|p2|Whimsicott, L50, F|\n|poke|p2|Dragonite, L50, F|\n|poke|p2|Ursaluna-Bloodmoon, L50, M|\n|poke|p2|Gholdengo, L50|\n|poke|p2|Incineroar, L50, F|\n|poke|p2|Annihilape, L50, M|\n|teampreview|4\n|j| CincinnoVGC\n|\n|t:|1731888200\n|start\n|switch|p1a: Annihilape|Annihilape, L50, M|100\/100\n|switch|p1b: Whimsicott|Whimsicott, L50, M, shiny|100\/100\n|switch|p2a: Whimsicott|Whimsicott, L50, F|100\/100\n|switch|p2b: Annihilape|Annihilape, L50, M|100\/100\n|turn|1\n|inactive|Battle timer is ON: inactive players will automatically lose when time's up. (requested by tex771)\n|\n|t:|1731888212\n|switch|p2b: Ursaluna|Ursaluna-Bloodmoon, L50, M|100\/100\n|move|p2a: Whimsicott|Tailwind|p2a: Whimsicott\n|-sidestart|p2: VGCLTH Sac gaming|move: Tailwind\n|move|p1b: Whimsicott|Beat Up|p1a: Annihilape\n|-damage|p1a: Annihilape|98\/100\n|-damage|p1a: Annihilape|96\/100\n|-damage|p1a: Annihilape|94\/100\n|-crit|p1a: Annihilape\n|-damage|p1a: Annihilape|91\/100\n|-hitcount|p1a: Annihilape|4\n|move|p1a: Annihilape|Rage Fist|p2b: Ursaluna\n|-immune|p2b: Ursaluna\n|\n|upkeep\n|turn|2\n|j| volcaronavgc\n|\n|t:|1731888223\n|-terastallize|p2b: Ursaluna|Normal\n|move|p2a: Whimsicott|Encore|p1a: Annihilape\n|-start|p1a: Annihilape|Encore\n|move|p1b: Whimsicott|Tailwind|p1b: Whimsicott\n|-sidestart|p1: tex771|move: Tailwind\n|move|p1a: Annihilape|Rage Fist|p2a: Whimsicott\n|-enditem|p2a: Whimsicott|Focus Sash\n|-damage|p2a: Whimsicott|1\/100\n|move|p2b: Ursaluna|Hyper Voice|p1b: Whimsicott|[spread] p1a,p1b\n|-damage|p1a: Annihilape|40\/100\n|-damage|p1b: Whimsicott|15\/100\n|\n|upkeep\n|turn|3\n|\n|t:|1731888246\n|move|p2a: Whimsicott|Encore|p1b: Whimsicott\n|-start|p1b: Whimsicott|Encore\n|move|p1b: Whimsicott|Tailwind||[still]\n|-fail|p1b: Whimsicott\n|move|p1a: Annihilape|Rage Fist|p2a: Whimsicott\n|-damage|p2a: Whimsicott|0 fnt\n|faint|p2a: Whimsicott\n|move|p2b: Ursaluna|Hyper Voice|p1a: Annihilape|[spread] p1a,p1b\n|-crit|p1a: Annihilape\n|-damage|p1a: Annihilape|0 fnt\n|-damage|p1b: Whimsicott|0 fnt\n|faint|p1a: Annihilape\n|faint|p1b: Whimsicott\n|\n|upkeep\n|\n|t:|1731888256\n|switch|p2a: Gholdengo|Gholdengo, L50|100\/100\n|switch|p1b: Armarouge|Armarouge, L50, M, shiny|100\/100\n|switch|p1a: Indeedee|Indeedee, L50, M|100\/100\n|-fieldstart|move: Psychic Terrain|[from] ability: Psychic Surge|[of] p1a: Indeedee\n|turn|4\n|inactive|tex771 has 30 seconds left.\n|\n|t:|1731888286\n|-terastallize|p1b: Armarouge|Water\n|move|p2a: Gholdengo|Shadow Ball|p1b: Armarouge\n|-damage|p1b: Armarouge|19\/100\n|move|p1a: Indeedee|Expanding Force|p2a: Gholdengo|[spread] p2a,p2b\n|-resisted|p2a: Gholdengo\n|-damage|p2a: Gholdengo|69\/100\n|-damage|p2b: Ursaluna|54\/100\n|move|p1b: Armarouge|Expanding Force|p2a: Gholdengo|[spread] p2a,p2b\n|-resisted|p2a: Gholdengo\n|-damage|p2a: Gholdengo|27\/100\n|-damage|p2b: Ursaluna|1\/100\n|move|p2b: Ursaluna|Hyper Voice|p1a: Indeedee|[spread] p1a,p1b\n|-damage|p1a: Indeedee|44\/100\n|-damage|p1b: Armarouge|0 fnt\n|faint|p1b: Armarouge\n|\n|-sideend|p2: VGCLTH Sac gaming|move: Tailwind\n|upkeep\n|turn|5\n|inactive|VGCLTH Sac gaming has 30 seconds left.\n|-activate|p1a: Indeedee|item: Quick Claw\n|\n|t:|1731888312\n|switch|p2a: Annihilape|Annihilape, L50, M|100\/100\n|move|p1a: Indeedee|Expanding Force|p2a: Annihilape|[spread] p2a,p2b\n|-supereffective|p2a: Annihilape\n|-damage|p2a: Annihilape|0 fnt\n|-damage|p2b: Ursaluna|0 fnt\n|faint|p2a: Annihilape\n|faint|p2b: Ursaluna\n|\n|-sideend|p1: tex771|move: Tailwind\n|upkeep\n|\n|t:|1731888315\n|switch|p2b: Gholdengo|Gholdengo, L50|27\/100\n|turn|6\n|\n|t:|1731888323\n|move|p2b: Gholdengo|Make It Rain|p1a: Indeedee\n|-damage|p1a: Indeedee|0 fnt\n|-unboost|p2b: Gholdengo|spa|1\n|faint|p1a: Indeedee\n|\n|win|VGCLTH Sac gaming\n|raw|tex771's rating: 1763 &rarr; <strong>1741<\/strong><br \/>(-22 for losing)\n|raw|VGCLTH Sac gaming's rating: 1721 &rarr; <strong>1743<\/strong><br \/>(+22 for winning)\n","uploadtime":1731888326,"views":11,"formatid":"gen9vgc2024regh","rating":1741,"private":0,"password":null}