{"id":"gen9vgc2024regh-2245852438","format":"[Gen 9] VGC 2024 Reg H","players":["smegmarizer","VGCLTH Sac gaming"],"log":"|raw|<div class=\"broadcast-blue\"><strong>This battle is required to be public due to a player having a name starting with 'vgclth'.<\/div>\n|j|\u2606smegmarizer\n|j|\u2606VGCLTH Sac gaming\n|t:|1731884388\n|gametype|doubles\n|player|p1|smegmarizer|clown|1739\n|player|p2|VGCLTH Sac gaming|steven|1791\n|teamsize|p1|6\n|teamsize|p2|6\n|gen|9\n|tier|[Gen 9] VGC 2024 Reg H\n|rated|\n|rule|Species Clause: Limit one of each Pok\u00e9mon\n|rule|Item Clause: Limit 1 of each item\n|clearpoke\n|poke|p1|Rillaboom, L50, F|\n|poke|p1|Kingambit, L50, F|\n|poke|p1|Sneasler, L50, M|\n|poke|p1|Volcarona, L50, M|\n|poke|p1|Maushold, L50|\n|poke|p1|Dragonite, L50, F|\n|poke|p2|Whimsicott, L50, F|\n|poke|p2|Dragonite, L50, F|\n|poke|p2|Ursaluna-Bloodmoon, L50, M|\n|poke|p2|Gholdengo, L50|\n|poke|p2|Incineroar, L50, F|\n|poke|p2|Annihilape, L50, M|\n|teampreview|4\n|inactive|Battle timer is ON: inactive players will automatically lose when time's up. (requested by smegmarizer)\nVGCLTH Sac gaming has agreed to open team sheets.\nsmegmarizer rejected open team sheets.\n|inactive|smegmarizer has 60 seconds left.\n|inactive|VGCLTH Sac gaming has 60 seconds left.\n|inactive|smegmarizer has 30 seconds left.\n|inactive|smegmarizer has 20 seconds left.\n|inactive|smegmarizer has 15 seconds left.\n|inactive|smegmarizer has 10 seconds left.\n|\n|t:|1731884477\n|start\n|switch|p1a: Kingambit|Kingambit, L50, F|100\/100\n|switch|p1b: Sneasler|Sneasler, L50, M|100\/100\n|switch|p2a: Annihilape|Annihilape, L50, M|100\/100\n|switch|p2b: Dragonite|Dragonite, L50, F|100\/100\n|turn|1\n|j| mr pogostick\n|\n|t:|1731884495\n|move|p1a: Kingambit|Protect|p1a: Kingambit\n|-singleturn|p1a: Kingambit|Protect\n|move|p1b: Sneasler|Coaching|p1a: Kingambit\n|-boost|p1a: Kingambit|atk|1\n|-boost|p1a: Kingambit|def|1\n|move|p2a: Annihilape|Coaching|p2b: Dragonite\n|-boost|p2b: Dragonite|atk|1\n|-boost|p2b: Dragonite|def|1\n|move|p2b: Dragonite|Scale Shot|p1b: Sneasler\n|-damage|p1b: Sneasler|59\/100\n|-damage|p1b: Sneasler|18\/100\n|-damage|p1b: Sneasler|0 fnt\n|faint|p1b: Sneasler\n|-hitcount|p1: Sneasler|3\n|-unboost|p2b: Dragonite|def|1\n|-boost|p2b: Dragonite|spe|1\n|\n|upkeep\n|\n|t:|1731884518\n|switch|p1b: Dragonite|Dragonite, L50, F|100\/100\n|turn|2\n|inactive|smegmarizer has 30 seconds left.\n|inactive|VGCLTH Sac gaming has 30 seconds left.\n|inactive|smegmarizer has 20 seconds left.\n|inactive|VGCLTH Sac gaming has 20 seconds left.\n|inactive|smegmarizer has 15 seconds left.\n|inactive|smegmarizer has 10 seconds left.\n|\n|t:|1731884568\n|-terastallize|p1a: Kingambit|Dark\n|move|p1b: Dragonite|Protect|p1b: Dragonite\n|-singleturn|p1b: Dragonite|Protect\n|move|p2b: Dragonite|Scale Shot|p1b: Dragonite\n|-activate|p1b: Dragonite|move: Protect\n|move|p2a: Annihilape|Rage Fist|p1b: Dragonite\n|-activate|p1b: Dragonite|move: Protect\n|move|p1a: Kingambit|Iron Head|p2b: Dragonite\n|-damage|p2b: Dragonite|61\/100\n|\n|upkeep\n|turn|3\n|\n|t:|1731884587\n|-terastallize|p2a: Annihilape|Fighting\n|move|p1b: Dragonite|Extreme Speed|p2b: Dragonite\n|-damage|p2b: Dragonite|26\/100\n|move|p1a: Kingambit|Sucker Punch||[still]\n|-fail|p1a: Kingambit\n|move|p2b: Dragonite|Haze|p2b: Dragonite\n|-clearallboost\n|move|p2a: Annihilape|Close Combat|p1a: Kingambit\n|-supereffective|p1a: Kingambit\n|-damage|p1a: Kingambit|2\/100\n|-unboost|p2a: Annihilape|def|1\n|-unboost|p2a: Annihilape|spd|1\n|\n|upkeep\n|turn|4\n|inactive|smegmarizer has 30 seconds left.\n|\n|t:|1731884613\n|switch|p2a: Incineroar|Incineroar, L50, F|100\/100\n|-ability|p2a: Incineroar|Intimidate|boost\n|-unboost|p1a: Kingambit|atk|1\n|-ability|p1a: Kingambit|Defiant|boost\n|-boost|p1a: Kingambit|atk|2\n|-enditem|p2a: Incineroar|Mirror Herb\n|-boost|p2a: Incineroar|atk|2|[from] item: Mirror Herb\n|-unboost|p1b: Dragonite|atk|1\n|move|p2b: Dragonite|Extreme Speed|p1a: Kingambit\n|-damage|p1a: Kingambit|0 fnt\n|faint|p1a: Kingambit\n|move|p1b: Dragonite|Scale Shot|p2a: Incineroar\n|-damage|p2a: Incineroar|91\/100\n|-damage|p2a: Incineroar|82\/100\n|-damage|p2a: Incineroar|73\/100\n|-damage|p2a: Incineroar|64\/100\n|-hitcount|p2a: Incineroar|4\n|-unboost|p1b: Dragonite|def|1\n|-boost|p1b: Dragonite|spe|1\n|\n|upkeep\n|\n|t:|1731884621\n|switch|p1a: Volcarona|Volcarona, L50, M|100\/100\n|turn|5\n|\n|t:|1731884639\n|move|p1b: Dragonite|Protect|p1b: Dragonite\n|-singleturn|p1b: Dragonite|Protect\n|move|p2b: Dragonite|Protect|p2b: Dragonite\n|-singleturn|p2b: Dragonite|Protect\n|move|p1a: Volcarona|Quiver Dance|p1a: Volcarona\n|-boost|p1a: Volcarona|spa|1\n|-boost|p1a: Volcarona|spd|1\n|-boost|p1a: Volcarona|spe|1\n|move|p2a: Incineroar|Knock Off|p1a: Volcarona\n|-damage|p1a: Volcarona|8\/100\n|-enditem|p1a: Volcarona|Covert Cloak|[from] move: Knock Off|[of] p2a: Incineroar\n|\n|upkeep\n|turn|6\n|inactive|smegmarizer has 30 seconds left.\n|inactive|smegmarizer has 20 seconds left.\n|\n|t:|1731884677\n|move|p1a: Volcarona|Protect|p1a: Volcarona\n|-singleturn|p1a: Volcarona|Protect\n|move|p2b: Dragonite|Extreme Speed|p1a: Volcarona\n|-activate|p1a: Volcarona|move: Protect\n|move|p1b: Dragonite|Haze|p1b: Dragonite\n|-clearallboost\n|move|p2a: Incineroar|Knock Off|p1b: Dragonite\n|-damage|p1b: Dragonite|78\/100\n|-enditem|p1b: Dragonite|Loaded Dice|[from] move: Knock Off|[of] p2a: Incineroar\n|\n|upkeep\n|turn|7\n|\n|t:|1731884689\n|move|p2b: Dragonite|Extreme Speed|p1a: Volcarona\n|-damage|p1a: Volcarona|0 fnt\n|-status|p2b: Dragonite|brn|[from] ability: Flame Body|[of] p1a: Volcarona\n|faint|p1a: Volcarona\n|move|p1b: Dragonite|Extreme Speed|p2b: Dragonite\n|-damage|p2b: Dragonite|0 fnt\n|faint|p2b: Dragonite\n|move|p2a: Incineroar|Parting Shot|p1b: Dragonite\n|-unboost|p1b: Dragonite|atk|1\n|-unboost|p1b: Dragonite|spa|1\n|-message|smegmarizer forfeited.\n|\n|win|VGCLTH Sac gaming\n|raw|smegmarizer's rating: 1739 &rarr; <strong>1722<\/strong><br \/>(-17 for losing)\n|raw|VGCLTH Sac gaming's rating: 1791 &rarr; <strong>1808<\/strong><br \/>(+17 for winning)\n|l|\u2606smegmarizer\n|player|p1|\n|l|\u2606VGCLTH Sac gaming\n|player|p2|\n","uploadtime":1731884844,"views":14,"formatid":"gen9vgc2024regh","rating":1722,"private":0,"password":null}