{"id":"gen9vgc2024regh-2245245562","format":"[Gen 9] VGC 2024 Reg H","players":["redgannetVGC","VGCLTH Bigfoot"],"log":"|raw|<div class=\"broadcast-blue\"><strong>This battle is required to be public due to a player having a name starting with 'vgclth'.<\/div>\n|j|\u2606redgannetVGC\n|j|\u2606VGCLTH Bigfoot\n|t:|1731794685\n|gametype|doubles\n|player|p1|redgannetVGC|marlon|1691\n|player|p2|VGCLTH Bigfoot|falkner|1812\n|teamsize|p1|6\n|teamsize|p2|6\n|gen|9\n|tier|[Gen 9] VGC 2024 Reg H\n|rated|\n|rule|Species Clause: Limit one of each Pok\u00e9mon\n|rule|Item Clause: Limit 1 of each item\n|clearpoke\n|poke|p1|Ninetales-Alola, L50, M|\n|poke|p1|Dragonite, L50, F|\n|poke|p1|Gholdengo, L50|\n|poke|p1|Magmar, L50, F|\n|poke|p1|Ursaluna-Bloodmoon, L50, M|\n|poke|p1|Annihilape, L50, F|\n|poke|p2|Ceruledge, L50, M|\n|poke|p2|Gastrodon-East, L50, F|\n|poke|p2|Sneasler, L50, M|\n|poke|p2|Dragonite, L50, M|\n|poke|p2|Rillaboom, L50, M|\n|poke|p2|Kingambit, L50, M|\n|teampreview|4\n|inactive|Battle timer is ON: inactive players will automatically lose when time's up. (requested by redgannetVGC)\n|\n|t:|1731794727\n|start\n|switch|p1a: Ninetales|Ninetales-Alola, L50, M|100\/100\n|switch|p1b: Ursaluna|Ursaluna-Bloodmoon, L50, M|100\/100\n|switch|p2a: Sneasler|Sneasler, L50, M, shiny|100\/100\n|switch|p2b: Kingambit|Kingambit, L50, M|100\/100\n|-weather|Snow|[from] ability: Snow Warning|[of] p1a: Ninetales\n|turn|1\n|\n|t:|1731794733\n|switch|p1b: Annihilape|Annihilape, L50, F|100\/100\n|move|p2a: Sneasler|Fake Out|p1b: Annihilape\n|-immune|p1b: Annihilape\n|move|p1a: Ninetales|Aurora Veil|p1a: Ninetales\n|-sidestart|p1: redgannetVGC|move: Aurora Veil\n|move|p2b: Kingambit|Iron Head|p1a: Ninetales\n|-supereffective|p1a: Ninetales\n|-damage|p1a: Ninetales|0 fnt\n|faint|p1a: Ninetales\n|\n|-weather|Snow|[upkeep]\n|upkeep\n|\n|t:|1731794741\n|switch|p1a: Magmar|Magmar, L50, F|100\/100\n|turn|2\n|\n|t:|1731794754\n|switch|p2b: Ceruledge|Ceruledge, L50, M|100\/100\n|move|p2a: Sneasler|Coaching|p2b: Ceruledge\n|-boost|p2b: Ceruledge|atk|1\n|-boost|p2b: Ceruledge|def|1\n|move|p1b: Annihilape|Bulk Up|p1b: Annihilape\n|-boost|p1b: Annihilape|atk|1\n|-boost|p1b: Annihilape|def|1\n|move|p1a: Magmar|Overheat|p2b: Ceruledge\n|-start|p2b: Ceruledge|ability: Flash Fire\n|\n|-weather|Snow|[upkeep]\n|upkeep\n|turn|3\n|\n|t:|1731794767\n|-terastallize|p2b: Ceruledge|Grass\n|move|p2a: Sneasler|Coaching|p2b: Ceruledge\n|-boost|p2b: Ceruledge|atk|1\n|-boost|p2b: Ceruledge|def|1\n|move|p1b: Annihilape|Bulk Up|p1b: Annihilape\n|-boost|p1b: Annihilape|atk|1\n|-boost|p1b: Annihilape|def|1\n|move|p1a: Magmar|Clear Smog|p2b: Ceruledge\n|-supereffective|p2b: Ceruledge\n|-damage|p2b: Ceruledge|78\/100\n|-clearboost|p2b: Ceruledge\n|move|p2b: Ceruledge|Bulk Up|p2b: Ceruledge\n|-boost|p2b: Ceruledge|atk|1\n|-boost|p2b: Ceruledge|def|1\n|\n|-weather|Snow|[upkeep]\n|-heal|p2b: Ceruledge|84\/100|[from] item: Leftovers\n|upkeep\n|turn|4\n|inactive|VGCLTH Bigfoot has 30 seconds left.\n|\n|t:|1731794797\n|move|p2a: Sneasler|Coaching|p2b: Ceruledge\n|-boost|p2b: Ceruledge|atk|1\n|-boost|p2b: Ceruledge|def|1\n|move|p1b: Annihilape|Rage Fist|p2a: Sneasler\n|-damage|p2a: Sneasler|32\/100\n|move|p1a: Magmar|Clear Smog|p2b: Ceruledge\n|-supereffective|p2b: Ceruledge\n|-damage|p2b: Ceruledge|62\/100\n|-clearboost|p2b: Ceruledge\n|move|p2b: Ceruledge|Bitter Blade|p1a: Magmar\n|-resisted|p1a: Magmar\n|-damage|p1a: Magmar|82\/100\n|-heal|p2b: Ceruledge|71\/100|[from] drain|[of] p1a: Magmar\n|\n|-weather|Snow|[upkeep]\n|-heal|p2b: Ceruledge|77\/100|[from] item: Leftovers\n|upkeep\n|turn|5\n|j| jdarcan\n|\n|t:|1731794826\n|move|p2a: Sneasler|Close Combat|p1a: Magmar\n|-damage|p1a: Magmar|53\/100\n|-unboost|p2a: Sneasler|def|1\n|-unboost|p2a: Sneasler|spd|1\n|move|p1b: Annihilape|Rage Fist|p2a: Sneasler\n|-damage|p2a: Sneasler|0 fnt\n|faint|p2a: Sneasler\n|move|p1a: Magmar|Clear Smog|p2b: Ceruledge\n|-supereffective|p2b: Ceruledge\n|-damage|p2b: Ceruledge|51\/100\n|-clearboost|p2b: Ceruledge\n|move|p2b: Ceruledge|Bitter Blade|p1b: Annihilape\n|-damage|p1b: Annihilape|74\/100\n|-heal|p2b: Ceruledge|66\/100|[from] drain|[of] p1b: Annihilape\n|\n|-weather|none\n|-heal|p2b: Ceruledge|72\/100|[from] item: Leftovers\n|upkeep\n|\n|t:|1731794838\n|switch|p2a: Rillaboom|Rillaboom, L50, M|100\/100\n|-fieldstart|move: Grassy Terrain|[from] ability: Grassy Surge|[of] p2a: Rillaboom\n|turn|6\n|\n|t:|1731794849\n|move|p1b: Annihilape|Rage Fist|p2b: Ceruledge\n|-damage|p2b: Ceruledge|0 fnt\n|faint|p2b: Ceruledge\n|move|p2a: Rillaboom|Wood Hammer|p1b: Annihilape\n|-damage|p1b: Annihilape|38\/100\n|-damage|p2a: Rillaboom|87\/100|[from] Recoil\n|move|p1a: Magmar|Overheat|p2a: Rillaboom\n|-supereffective|p2a: Rillaboom\n|-damage|p2a: Rillaboom|0 fnt\n|-unboost|p1a: Magmar|spa|2\n|faint|p2a: Rillaboom\n|\n|-heal|p1b: Annihilape|44\/100|[from] Grassy Terrain\n|-heal|p1a: Magmar|59\/100|[from] Grassy Terrain\n|upkeep\n|-message|VGCLTH Bigfoot forfeited.\n|\n|win|redgannetVGC\n|raw|redgannetVGC's rating: 1691 &rarr; <strong>1718<\/strong><br \/>(+27 for winning)\n|raw|VGCLTH Bigfoot's rating: 1812 &rarr; <strong>1785<\/strong><br \/>(-27 for losing)\n|l|\u2606VGCLTH Bigfoot\n|player|p2|\n","uploadtime":1731795064,"views":12,"formatid":"gen9vgc2024regh","rating":1718,"private":0,"password":null}