{"id":"gen9vgc2024regh-2245182305","format":"[Gen 9] VGC 2024 Reg H","players":["VGCLTH Glock Tuah","jdarcan"],"log":"|raw|<div class=\"broadcast-blue\"><strong>This battle is required to be public due to a player having a name starting with 'vgclth'.<\/div>\n|j|\u2606VGCLTH Glock Tuah\n|j|\u2606jdarcan\n|t:|1731786904\n|gametype|doubles\n|player|p1|VGCLTH Glock Tuah|koga-lgpe|1704\n|player|p2|jdarcan|pokemonranger|1789\n|teamsize|p1|6\n|teamsize|p2|6\n|gen|9\n|tier|[Gen 9] VGC 2024 Reg H\n|rated|\n|rule|Species Clause: Limit one of each Pok\u00e9mon\n|rule|Item Clause: Limit 1 of each item\n|clearpoke\n|poke|p1|Annihilape, L50, F|\n|poke|p1|Dondozo, L50, M|\n|poke|p1|Maushold-Four, L50|\n|poke|p1|Gholdengo, L50|\n|poke|p1|Whimsicott, L50, M|\n|poke|p1|Tatsugiri, L50, F|\n|poke|p2|Grimmsnarl, L50, M|\n|poke|p2|Gyarados, L50, F|\n|poke|p2|Gholdengo, L50|\n|poke|p2|Baxcalibur, L50, F|\n|poke|p2|Talonflame, L50, M|\n|poke|p2|Hydreigon, L50, F|\n|teampreview|4\n|inactive|Battle timer is ON: inactive players will automatically lose when time's up. (requested by VGCLTH Glock Tuah)\n|j| Mangan25\n|l|\u2606jdarcan\n|inactive|jdarcan disconnected and has a minute to reconnect!\n|player|p2|\n|j|\u2606jdarcan\n|inactive|jdarcan reconnected and has 45 seconds left.\n|player|p2|jdarcan|pokemonranger|\n|inactive|jdarcan has 30 seconds left.\n|inactive|jdarcan has 20 seconds left.\n|inactive|jdarcan has 15 seconds left.\n|\n|t:|1731786982\n|start\n|switch|p1a: Maushold|Maushold-Four, L50|100\/100\n|switch|p1b: Annihilape|Annihilape, L50, F, shiny|100\/100\n|switch|p2a: Grimmsnarl|Grimmsnarl, L50, M|100\/100\n|switch|p2b: Gholdengo|Gholdengo, L50|100\/100\n|turn|1\n|inactive|VGCLTH Glock Tuah has 30 seconds left.\n|\n|t:|1731787009\n|-terastallize|p1b: Annihilape|Fire\n|move|p2a: Grimmsnarl|Reflect|p2a: Grimmsnarl\n|-sidestart|p2: jdarcan|Reflect\n|move|p1a: Maushold|Beat Up|p1b: Annihilape\n|-damage|p1b: Annihilape|99\/100\n|-damage|p1b: Annihilape|97\/100\n|-damage|p1b: Annihilape|94\/100\n|-damage|p1b: Annihilape|92\/100\n|-hitcount|p1b: Annihilape|4\n|move|p1b: Annihilape|Bulk Up|p1b: Annihilape\n|-boost|p1b: Annihilape|atk|1\n|-boost|p1b: Annihilape|def|1\n|move|p2b: Gholdengo|Make It Rain|p1a: Maushold|[spread] p1a,p1b\n|-resisted|p1b: Annihilape\n|-damage|p1a: Maushold|21\/100\n|-damage|p1b: Annihilape|74\/100\n|-unboost|p2b: Gholdengo|spa|1\n|-damage|p2b: Gholdengo|91\/100|[from] item: Life Orb\n|\n|upkeep\n|turn|2\n|inactive|jdarcan has 30 seconds left.\n|inactive|jdarcan has 20 seconds left.\n|inactive|jdarcan has 15 seconds left.\n|\n|t:|1731787051\n|move|p1a: Maushold|Protect|p1a: Maushold\n|-singleturn|p1a: Maushold|Protect\n|move|p1b: Annihilape|Rage Fist|p2b: Gholdengo\n|-supereffective|p2b: Gholdengo\n|-damage|p2b: Gholdengo|0 fnt\n|faint|p2b: Gholdengo\n|move|p2a: Grimmsnarl|Spirit Break|p1a: Maushold\n|-activate|p1a: Maushold|move: Protect\n|\n|upkeep\n|\n|t:|1731787062\n|switch|p2b: Hydreigon|Hydreigon, L50, F|100\/100\n|turn|3\n|\n|t:|1731787073\n|move|p1a: Maushold|Follow Me|p1a: Maushold\n|-singleturn|p1a: Maushold|move: Follow Me\n|move|p2b: Hydreigon|Focus Energy|p2b: Hydreigon\n|-start|p2b: Hydreigon|move: Focus Energy\n|move|p1b: Annihilape|Rage Fist|p2b: Hydreigon\n|-resisted|p2b: Hydreigon\n|-damage|p2b: Hydreigon|23\/100\n|move|p2a: Grimmsnarl|Spirit Break|p1a: Maushold\n|-damage|p1a: Maushold|0 fnt\n|faint|p1a: Maushold\n|\n|upkeep\n|\n|t:|1731787082\n|switch|p1a: Tatsugiri|Tatsugiri, L50, F, shiny|100\/100\n|turn|4\n|inactive|jdarcan has 30 seconds left.\n|\n|t:|1731787114\n|move|p1a: Tatsugiri|Icy Wind|p2b: Hydreigon|[spread] p2a,p2b\n|-supereffective|p2b: Hydreigon\n|-damage|p2a: Grimmsnarl|89\/100\n|-damage|p2b: Hydreigon|0 fnt\n|-unboost|p2a: Grimmsnarl|spe|1\n|faint|p2b: Hydreigon\n|move|p1b: Annihilape|Rage Fist|p2a: Grimmsnarl\n|-resisted|p2a: Grimmsnarl\n|-damage|p2a: Grimmsnarl|21\/100\n|move|p2a: Grimmsnarl|Spirit Break|p1a: Tatsugiri\n|-supereffective|p1a: Tatsugiri\n|-damage|p1a: Tatsugiri|0 fnt\n|faint|p1a: Tatsugiri\n|\n|upkeep\n|\n|t:|1731787125\n|switch|p2b: Gyarados|Gyarados, L50, F|100\/100\n|switch|p1a: Dondozo|Dondozo, L50, M, shiny|100\/100\n|-ability|p2b: Gyarados|Intimidate|boost\n|-unboost|p1a: Dondozo|atk|1\n|-unboost|p1b: Annihilape|atk|1\n|-ability|p1b: Annihilape|Defiant|boost\n|-boost|p1b: Annihilape|atk|2\n|turn|5\n|\n|t:|1731787147\n|move|p2a: Grimmsnarl|Parting Shot|p1a: Dondozo\n|-unboost|p1a: Dondozo|atk|1\n|-unboost|p1a: Dondozo|spa|1\n|move|p2b: Gyarados|Thunder Wave|p1b: Annihilape|[miss]\n|-miss|p2b: Gyarados|p1b: Annihilape\n|move|p1b: Annihilape|Rage Fist|p2b: Gyarados\n|-crit|p2b: Gyarados\n|-damage|p2b: Gyarados|0 fnt\n|faint|p2b: Gyarados\n|move|p1a: Dondozo|Wave Crash|p2a: Grimmsnarl\n|-damage|p2a: Grimmsnarl|1\/100\n|-damage|p1a: Dondozo|95\/100|[from] Recoil\n|\n|-heal|p1a: Dondozo|100\/100|[from] item: Leftovers\n|upkeep\n|turn|6\n|-message|jdarcan forfeited.\n|\n|win|VGCLTH Glock Tuah\n|raw|VGCLTH Glock Tuah's rating: 1704 &rarr; <strong>1729<\/strong><br \/>(+25 for winning)\n|raw|jdarcan's rating: 1789 &rarr; <strong>1764<\/strong><br \/>(-25 for losing)\n|l|\u2606VGCLTH Glock Tuah\n|player|p1|\n|l| Mangan25\n","uploadtime":1731787373,"views":16,"formatid":"gen9vgc2024regh","rating":1729,"private":0,"password":null}