{"id":"gen9vgc2024regh-2245790907","format":"[Gen 9] VGC 2024 Reg H","players":["VGCLTH lily","VGCLTH low laddr"],"log":"|raw|<div class=\"broadcast-blue\"><strong>This battle is required to be public due to a player having a name starting with 'vgclth'.<\/div>\n|j|\u2606VGCLTH lily\n|j|\u2606VGCLTH low laddr\n|t:|1731877146\n|gametype|doubles\n|player|p1|VGCLTH lily|akari|1745\n|player|p2|VGCLTH low laddr|lucas|1716\n|teamsize|p1|6\n|teamsize|p2|6\n|gen|9\n|tier|[Gen 9] VGC 2024 Reg H\n|rated|\n|rule|Species Clause: Limit one of each Pok\u00e9mon\n|rule|Item Clause: Limit 1 of each item\n|clearpoke\n|poke|p1|Baxcalibur, L50, F|\n|poke|p1|Dondozo, L50, M|\n|poke|p1|Kingambit, L50, M|\n|poke|p1|Rillaboom, L50, M|\n|poke|p1|Sneasler, L50, F|\n|poke|p1|Volcarona, L50, M|\n|poke|p2|Dondozo, L50, F|\n|poke|p2|Tatsugiri, L50, M|\n|poke|p2|Sneasler, L50, F|\n|poke|p2|Indeedee, L50, M|\n|poke|p2|Talonflame, L50, M|\n|poke|p2|Ursaluna-Bloodmoon, L50, M|\n|teampreview|4\n|inactive|Battle timer is ON: inactive players will automatically lose when time's up. (requested by VGCLTH low laddr)\n|j| moistyogurt7\n|inactive|VGCLTH lily has 60 seconds left.\n|inactive|VGCLTH low laddr has 60 seconds left.\n|\n|t:|1731877188\n|start\n|switch|p1a: Baxcalibur|Baxcalibur, L50, F|100\/100\n|switch|p1b: Sneasler|Sneasler, L50, F|100\/100\n|switch|p2a: Sneasler|Sneasler, L50, F|100\/100\n|switch|p2b: Ursaluna|Ursaluna-Bloodmoon, L50, M|100\/100\n|turn|1\n|\n|t:|1731877207\n|-terastallize|p2b: Ursaluna|Normal\n|move|p1b: Sneasler|Coaching|p1a: Baxcalibur\n|-boost|p1a: Baxcalibur|atk|1\n|-boost|p1a: Baxcalibur|def|1\n|move|p2a: Sneasler|Dire Claw|p1a: Baxcalibur\n|-damage|p1a: Baxcalibur|75\/100\n|-status|p1a: Baxcalibur|par\n|move|p2b: Ursaluna|Hyper Voice|p1b: Sneasler|[spread] p1a,p1b\n|-damage|p1a: Baxcalibur|7\/100 par\n|-damage|p1b: Sneasler|14\/100\n|-damage|p2b: Ursaluna|91\/100|[from] item: Life Orb\n|move|p1a: Baxcalibur|Icicle Spear|p2a: Sneasler\n|-damage|p2a: Sneasler|58\/100\n|-damage|p2a: Sneasler|20\/100\n|-damage|p2a: Sneasler|0 fnt\n|faint|p2a: Sneasler\n|-hitcount|p2: Sneasler|3\n|\n|upkeep\n|\n|t:|1731877223\n|switch|p2a: Dondozo|Dondozo, L50, F|100\/100\n|turn|2\n|\n|t:|1731877231\n|switch|p2b: Tatsugiri|Tatsugiri, L50, M, shiny|100\/100\n|-activate|p2b: Tatsugiri|ability: Commander|[of] p2a: Dondozo\n|-boost|p2a: Dondozo|atk|2\n|-boost|p2a: Dondozo|spa|2\n|-boost|p2a: Dondozo|spe|2\n|-boost|p2a: Dondozo|def|2\n|-boost|p2a: Dondozo|spd|2\n|move|p1b: Sneasler|Protect|p1b: Sneasler\n|-singleturn|p1b: Sneasler|Protect\n|move|p2a: Dondozo|Earthquake|p1b: Sneasler|[spread] p1a\n|-miss|p2a: Dondozo|p2b: Tatsugiri\n|-activate|p1b: Sneasler|move: Protect\n|-damage|p1a: Baxcalibur|0 fnt\n|faint|p1a: Baxcalibur\n|\n|upkeep\n|j| mr pogostick\n|\n|t:|1731877237\n|switch|p1a: Rillaboom|Rillaboom, L50, M|100\/100\n|-fieldstart|move: Grassy Terrain|[from] ability: Grassy Surge|[of] p1a: Rillaboom\n|turn|3\n|j| UGCL\n|\n|t:|1731877242\n|switch|p1b: Dondozo|Dondozo, L50, M|100\/100\n|move|p2a: Dondozo|Protect|p2a: Dondozo\n|-singleturn|p2a: Dondozo|Protect\n|move|p1a: Rillaboom|Fake Out|p2a: Dondozo\n|-activate|p2a: Dondozo|move: Protect\n|\n|upkeep\n|turn|4\n|\n|t:|1731877252\n|move|p2a: Dondozo|Order Up|p1a: Rillaboom\n|-damage|p1a: Rillaboom|53\/100\n|-boost|p2a: Dondozo|atk|1\n|move|p1a: Rillaboom|Wood Hammer|p2a: Dondozo\n|-supereffective|p2a: Dondozo\n|-damage|p2a: Dondozo|47\/100\n|-damage|p1a: Rillaboom|33\/100|[from] Recoil\n|move|p1b: Dondozo|Yawn|p2a: Dondozo\n|-start|p2a: Dondozo|move: Yawn|[of] p1b: Dondozo\n|\n|-heal|p2a: Dondozo|54\/100|[from] Grassy Terrain\n|-heal|p2a: Dondozo|60\/100|[from] item: Leftovers\n|-heal|p1a: Rillaboom|39\/100|[from] Grassy Terrain\n|upkeep\n|turn|5\n|\n|t:|1731877268\n|move|p1a: Rillaboom|Grassy Glide|p2a: Dondozo\n|-supereffective|p2a: Dondozo\n|-damage|p2a: Dondozo|35\/100\n|move|p2a: Dondozo|Order Up|p1a: Rillaboom\n|-damage|p1a: Rillaboom|0 fnt\n|faint|p1a: Rillaboom\n|-boost|p2a: Dondozo|atk|1\n|move|p1b: Dondozo|Liquidation|p2a: Dondozo\n|-resisted|p2a: Dondozo\n|-damage|p2a: Dondozo|24\/100\n|\n|-heal|p2a: Dondozo|31\/100|[from] Grassy Terrain\n|-heal|p2a: Dondozo|37\/100|[from] item: Leftovers\n|-end|p2a: Dondozo|move: Yawn|[silent]\n|-status|p2a: Dondozo|slp\n|upkeep\n|j| thelasttheorem\n|\n|t:|1731877280\n|switch|p1a: Sneasler|Sneasler, L50, F|14\/100\n|turn|6\n|\n|t:|1731877293\n|-terastallize|p1a: Sneasler|Stellar\n|move|p1a: Sneasler|Dire Claw|p2a: Dondozo\n|-damage|p2a: Dondozo|16\/100 slp\n|cant|p2a: Dondozo|slp\n|move|p1b: Dondozo|Liquidation|p2a: Dondozo\n|-resisted|p2a: Dondozo\n|-damage|p2a: Dondozo|5\/100 slp\n|-unboost|p2a: Dondozo|def|1\n|\n|-heal|p1a: Sneasler|20\/100|[from] Grassy Terrain\n|-heal|p2a: Dondozo|11\/100 slp|[from] Grassy Terrain\n|-heal|p2a: Dondozo|17\/100 slp|[from] item: Leftovers\n|upkeep\n|turn|7\n|\n|t:|1731877304\n|-curestatus|p2a: Dondozo|slp|[msg]\n|move|p2a: Dondozo|Protect|p2a: Dondozo\n|-singleturn|p2a: Dondozo|Protect\n|move|p1a: Sneasler|Close Combat|p2a: Dondozo\n|-activate|p2a: Dondozo|move: Protect\n|move|p1b: Dondozo|Yawn|p2a: Dondozo\n|-activate|p2a: Dondozo|move: Protect\n|\n|-heal|p1a: Sneasler|25\/100|[from] Grassy Terrain\n|-heal|p2a: Dondozo|24\/100|[from] Grassy Terrain\n|-heal|p2a: Dondozo|30\/100|[from] item: Leftovers\n|-fieldend|move: Grassy Terrain\n|upkeep\n|turn|8\n|\n|t:|1731877311\n|move|p1a: Sneasler|Protect|p1a: Sneasler\n|-singleturn|p1a: Sneasler|Protect\n|move|p2a: Dondozo|Earthquake|p1b: Dondozo|[spread] p1b\n|-miss|p2a: Dondozo|p2b: Tatsugiri\n|-activate|p1a: Sneasler|move: Protect\n|-damage|p1b: Dondozo|88\/100\n|move|p1b: Dondozo|Liquidation|p2a: Dondozo\n|-resisted|p2a: Dondozo\n|-damage|p2a: Dondozo|20\/100\n|\n|-heal|p2a: Dondozo|26\/100|[from] item: Leftovers\n|-heal|p1b: Dondozo|94\/100|[from] item: Leftovers\n|upkeep\n|turn|9\n|\n|t:|1731877321\n|move|p2a: Dondozo|Protect|p2a: Dondozo\n|-singleturn|p2a: Dondozo|Protect\n|move|p1a: Sneasler|Dire Claw|p2a: Dondozo\n|-activate|p2a: Dondozo|move: Protect\n|move|p1b: Dondozo|Yawn|p2a: Dondozo\n|-activate|p2a: Dondozo|move: Protect\n|\n|-heal|p2a: Dondozo|32\/100|[from] item: Leftovers\n|-heal|p1b: Dondozo|99\/100|[from] item: Leftovers\n|upkeep\n|turn|10\n|\n|t:|1731877329\n|move|p1a: Sneasler|Dire Claw|p2a: Dondozo\n|-damage|p2a: Dondozo|12\/100\n|-status|p2a: Dondozo|slp\n|cant|p2a: Dondozo|slp\n|move|p1b: Dondozo|Yawn||[still]\n|-fail|p1b: Dondozo\n|\n|-heal|p2a: Dondozo|18\/100 slp|[from] item: Leftovers\n|-heal|p1b: Dondozo|100\/100|[from] item: Leftovers\n|upkeep\n|turn|11\n|\n|t:|1731877337\n|move|p1a: Sneasler|Close Combat|p2a: Dondozo\n|-damage|p2a: Dondozo|0 fnt\n|-unboost|p1a: Sneasler|def|1\n|-unboost|p1a: Sneasler|spd|1\n|faint|p2a: Dondozo\n|move|p1b: Dondozo|Yawn|p2b: Tatsugiri\n|-start|p2b: Tatsugiri|move: Yawn|[of] p1b: Dondozo\n|\n|upkeep\n|j| uyeanio\n|\n|t:|1731877354\n|switch|p2a: Ursaluna|Ursaluna-Bloodmoon, L50, M, tera:Normal|91\/100\n|turn|12\n|\n|t:|1731877361\n|move|p1a: Sneasler|Protect|p1a: Sneasler\n|-singleturn|p1a: Sneasler|Protect\n|move|p1b: Dondozo|Protect|p1b: Dondozo\n|-singleturn|p1b: Dondozo|Protect\n|move|p2b: Tatsugiri|Dragon Pulse|p1b: Dondozo\n|-activate|p1b: Dondozo|move: Protect\n|move|p2a: Ursaluna|Blood Moon|p1b: Dondozo\n|-activate|p1b: Dondozo|move: Protect\n|\n|-end|p2b: Tatsugiri|move: Yawn|[silent]\n|-status|p2b: Tatsugiri|slp\n|upkeep\n|turn|13\n|\n|t:|1731877379\n|move|p2a: Ursaluna|Protect|p2a: Ursaluna\n|-singleturn|p2a: Ursaluna|Protect\n|cant|p2b: Tatsugiri|slp\n|move|p1a: Sneasler|Close Combat|p2a: Ursaluna\n|-activate|p2a: Ursaluna|move: Protect\n|move|p1b: Dondozo|Fissure|p2b: Tatsugiri|[miss]\n|-miss|p1b: Dondozo|p2b: Tatsugiri\n|\n|upkeep\n|turn|14\n|\n|t:|1731877389\n|cant|p2b: Tatsugiri|slp\n|move|p1a: Sneasler|Close Combat|p2a: Ursaluna\n|-supereffective|p2a: Ursaluna\n|-damage|p2a: Ursaluna|0 fnt\n|-unboost|p1a: Sneasler|def|1\n|-unboost|p1a: Sneasler|spd|1\n|faint|p2a: Ursaluna\n|move|p1b: Dondozo|Fissure|p2b: Tatsugiri\n|-damage|p2b: Tatsugiri|0 fnt\n|faint|p2b: Tatsugiri\n|-ohko\n|\n|win|VGCLTH lily\n|raw|VGCLTH lily's rating: 1745 &rarr; <strong>1763<\/strong><br \/>(+18 for winning)\n|raw|VGCLTH low laddr's rating: 1716 &rarr; <strong>1698<\/strong><br \/>(-18 for losing)\n|l|\u2606VGCLTH lily\n|player|p1|\n|l|\u2606VGCLTH low laddr\n|player|p2|\n|c| moistyogurt7|dang\n|l| moistyogurt7\n|l| mr pogostick\n|l| uyeanio\n","uploadtime":1731877638,"views":10,"formatid":"gen9vgc2024regh","rating":1698,"private":0,"password":null}