{"id":"gen9vgc2024regh-2245466811","format":"[Gen 9] VGC 2024 Reg H","players":["Lgxdjm","VGCLTH fangame"],"log":"|raw|<div class=\"broadcast-blue\"><strong>This battle is required to be public due to a player having a name starting with 'vgclth'.<\/div>\n|j|\u2606Lgxdjm\n|j|\u2606VGCLTH fangame\n|t:|1731826588\n|gametype|doubles\n|player|p1|Lgxdjm|bruno|1637\n|player|p2|VGCLTH fangame|red|1733\n|teamsize|p1|6\n|teamsize|p2|6\n|gen|9\n|tier|[Gen 9] VGC 2024 Reg H\n|rated|\n|rule|Species Clause: Limit one of each Pok\u00e9mon\n|rule|Item Clause: Limit 1 of each item\n|clearpoke\n|poke|p1|Sableye, L50, M|\n|poke|p1|Ursaluna-Bloodmoon, L50, M|\n|poke|p1|Annihilape, L50, F|\n|poke|p1|Rillaboom, L50, M|\n|poke|p1|Porygon2, L50|\n|poke|p1|Skeledirge, L50, F|\n|poke|p2|Glaceon, L50, F|\n|poke|p2|Ninetales-Alola, L50, F|\n|poke|p2|Milotic, L50, M|\n|poke|p2|Incineroar, L50, F|\n|poke|p2|Ursaluna-Bloodmoon, L50, M|\n|poke|p2|Annihilape, L50, M|\n|teampreview|4\n|inactive|Battle timer is ON: inactive players will automatically lose when time's up. (requested by VGCLTH fangame)\n|inactive|Lgxdjm also wants the timer to be on.\n|inactive|Lgxdjm has 60 seconds left.\n|inactive|VGCLTH fangame has 60 seconds left.\n|\n|t:|1731826647\n|start\n|switch|p1a: Sableye|Sableye, L50, M|100\/100\n|switch|p1b: Ursaluna|Ursaluna-Bloodmoon, L50, M|100\/100\n|switch|p2a: Ninetales|Ninetales-Alola, L50, F, shiny|100\/100\n|switch|p2b: Annihilape|Annihilape, L50, M, shiny|100\/100\n|-weather|Snow|[from] ability: Snow Warning|[of] p2a: Ninetales\n|turn|1\n|\n|t:|1731826661\n|move|p1a: Sableye|Light Screen|p1a: Sableye\n|-sidestart|p1: Lgxdjm|move: Light Screen\n|move|p2a: Ninetales|Aurora Veil|p2a: Ninetales\n|-sidestart|p2: VGCLTH fangame|move: Aurora Veil\n|move|p2b: Annihilape|Bulk Up|p2b: Annihilape\n|-boost|p2b: Annihilape|atk|1\n|-boost|p2b: Annihilape|def|1\n|move|p1b: Ursaluna|Blood Moon|p2b: Annihilape\n|-damage|p2b: Annihilape|49\/100\n|\n|-weather|Snow|[upkeep]\n|-heal|p2b: Annihilape|55\/100|[from] item: Leftovers\n|upkeep\n|turn|2\n|\n|t:|1731826676\n|move|p1a: Sableye|Encore|p2b: Annihilape\n|-start|p2b: Annihilape|Encore\n|move|p2a: Ninetales|Blizzard|p1b: Ursaluna|[spread] p1a,p1b\n|-supereffective|p1b: Ursaluna\n|-damage|p1a: Sableye|79\/100\n|-damage|p1b: Ursaluna|74\/100\n|-status|p1a: Sableye|frz\n|move|p2b: Annihilape|Bulk Up|p2b: Annihilape\n|-boost|p2b: Annihilape|atk|1\n|-boost|p2b: Annihilape|def|1\n|move|p1b: Ursaluna|Hyper Voice|p2a: Ninetales|[spread] p2a,p2b\n|-damage|p2a: Ninetales|72\/100\n|-damage|p2b: Annihilape|33\/100\n|\n|-weather|Snow|[upkeep]\n|-heal|p2b: Annihilape|39\/100|[from] item: Leftovers\n|upkeep\n|turn|3\n|\n|t:|1731826695\n|switch|p2b: Glaceon|Glaceon, L50, F, shiny|100\/100\n|switch|p1a: Skeledirge|Skeledirge, L50, F|100\/100\n|switch|p1b: Annihilape|Annihilape, L50, F|100\/100\n|move|p2a: Ninetales|Blizzard|p1b: Annihilape|[spread] p1a,p1b\n|-resisted|p1a: Skeledirge\n|-crit|p1a: Skeledirge\n|-damage|p1a: Skeledirge|79\/100\n|-damage|p1b: Annihilape|83\/100\n|\n|-weather|Snow|[upkeep]\n|-heal|p1b: Annihilape|89\/100|[from] item: Leftovers\n|upkeep\n|turn|4\n|\n|t:|1731826717\n|switch|p2a: Ursaluna|Ursaluna-Bloodmoon, L50, M|100\/100\n|switch|p2b: Annihilape|Annihilape, L50, M, shiny|39\/100\n|move|p1b: Annihilape|Bulk Up|p1b: Annihilape\n|-boost|p1b: Annihilape|atk|1\n|-boost|p1b: Annihilape|def|1\n|move|p1a: Skeledirge|Torch Song|p2b: Annihilape\n|-damage|p2b: Annihilape|16\/100\n|-boost|p1a: Skeledirge|spa|1\n|-enditem|p1a: Skeledirge|Throat Spray\n|-boost|p1a: Skeledirge|spa|1|[from] item: Throat Spray\n|\n|-weather|Snow|[upkeep]\n|-heal|p2b: Annihilape|22\/100|[from] item: Leftovers\n|-heal|p1b: Annihilape|95\/100|[from] item: Leftovers\n|upkeep\n|turn|5\n|inactive|Lgxdjm has 30 seconds left.\n|\n|t:|1731826746\n|-terastallize|p1a: Skeledirge|Normal\n|move|p2b: Annihilape|Rage Fist|p1b: Annihilape\n|-supereffective|p1b: Annihilape\n|-damage|p1b: Annihilape|11\/100\n|move|p1b: Annihilape|Drain Punch|p2a: Ursaluna\n|-supereffective|p2a: Ursaluna\n|-damage|p2a: Ursaluna|46\/100\n|-heal|p1b: Annihilape|36\/100|[from] drain|[of] p2a: Ursaluna\n|move|p1a: Skeledirge|Heat Wave|p2b: Annihilape|[spread] p2a,p2b\n|-damage|p2a: Ursaluna|19\/100\n|-damage|p2b: Annihilape|0 fnt\n|faint|p2b: Annihilape\n|move|p2a: Ursaluna|Earth Power|p1a: Skeledirge\n|-damage|p1a: Skeledirge|46\/100\n|\n|-weather|none\n|-heal|p1b: Annihilape|42\/100|[from] item: Leftovers\n|-sideend|p2: VGCLTH fangame|move: Aurora Veil\n|upkeep\n|\n|t:|1731826753\n|switch|p2b: Ninetales|Ninetales-Alola, L50, F, shiny|72\/100\n|-weather|Snow|[from] ability: Snow Warning|[of] p2b: Ninetales\n|turn|6\n|inactive|Lgxdjm has 30 seconds left.\n|j| sevenstarsvgc\n|\n|t:|1731826782\n|move|p2a: Ursaluna|Vacuum Wave|p1a: Skeledirge\n|-supereffective|p1a: Skeledirge\n|-damage|p1a: Skeledirge|26\/100\n|move|p2b: Ninetales|Blizzard|p1b: Annihilape|[spread] p1a,p1b\n|-damage|p1a: Skeledirge|5\/100\n|-damage|p1b: Annihilape|26\/100\n|move|p1b: Annihilape|Drain Punch|p2a: Ursaluna\n|-supereffective|p2a: Ursaluna\n|-damage|p2a: Ursaluna|0 fnt\n|-heal|p1b: Annihilape|34\/100|[from] drain|[of] p2a: Ursaluna\n|faint|p2a: Ursaluna\n|move|p1a: Skeledirge|Slack Off|p1a: Skeledirge\n|-heal|p1a: Skeledirge|55\/100\n|\n|-weather|Snow|[upkeep]\n|-heal|p1b: Annihilape|40\/100|[from] item: Leftovers\n|upkeep\n|\n|t:|1731826784\n|switch|p2a: Glaceon|Glaceon, L50, F, shiny|100\/100\n|turn|7\n|\n|t:|1731826799\n|-terastallize|p2a: Glaceon|Fire\n|move|p1b: Annihilape|Protect|p1b: Annihilape\n|-singleturn|p1b: Annihilape|Protect\n|move|p1a: Skeledirge|Protect|p1a: Skeledirge\n|-singleturn|p1a: Skeledirge|Protect\n|move|p2b: Ninetales|Aurora Veil|p2b: Ninetales\n|-sidestart|p2: VGCLTH fangame|move: Aurora Veil\n|move|p2a: Glaceon|Blizzard|p1a: Skeledirge|[spread] \n|-activate|p1a: Skeledirge|move: Protect\n|-activate|p1b: Annihilape|move: Protect\n|\n|-weather|Snow|[upkeep]\n|-heal|p1b: Annihilape|47\/100|[from] item: Leftovers\n|upkeep\n|turn|8\n|\n|t:|1731826820\n|move|p2b: Ninetales|Blizzard|p1b: Annihilape|[spread] p1a,p1b\n|-damage|p1a: Skeledirge|38\/100\n|-damage|p1b: Annihilape|30\/100\n|move|p1b: Annihilape|Rage Fist|p2a: Glaceon\n|-damage|p2a: Glaceon|5\/100\n|move|p1a: Skeledirge|Torch Song|p2a: Glaceon\n|-resisted|p2a: Glaceon\n|-damage|p2a: Glaceon|0 fnt\n|-boost|p1a: Skeledirge|spa|1\n|faint|p2a: Glaceon\n|\n|-weather|Snow|[upkeep]\n|-heal|p1b: Annihilape|36\/100|[from] item: Leftovers\n|-sideend|p1: Lgxdjm|move: Light Screen\n|upkeep\n|turn|9\n|\n|t:|1731826832\n|move|p1b: Annihilape|Protect|p1b: Annihilape\n|-singleturn|p1b: Annihilape|Protect\n|move|p1a: Skeledirge|Protect|p1a: Skeledirge\n|-singleturn|p1a: Skeledirge|Protect\n|move|p2b: Ninetales|Blizzard|p1a: Skeledirge|[spread] \n|-activate|p1a: Skeledirge|move: Protect\n|-activate|p1b: Annihilape|move: Protect\n|\n|-weather|Snow|[upkeep]\n|-heal|p1b: Annihilape|42\/100|[from] item: Leftovers\n|upkeep\n|turn|10\n|\n|t:|1731826840\n|move|p2b: Ninetales|Blizzard|p1a: Skeledirge|[spread] p1a,p1b\n|-crit|p1b: Annihilape\n|-damage|p1a: Skeledirge|9\/100\n|-damage|p1b: Annihilape|1\/100\n|move|p1b: Annihilape|Rage Fist|p2b: Ninetales\n|-damage|p2b: Ninetales|0 fnt\n|faint|p2b: Ninetales\n|\n|win|Lgxdjm\n|raw|Lgxdjm's rating: 1637 &rarr; <strong>1662<\/strong><br \/>(+25 for winning)\n|raw|VGCLTH fangame's rating: 1733 &rarr; <strong>1708<\/strong><br \/>(-25 for losing)\n|l|\u2606VGCLTH fangame\n|player|p2|\n|l|\u2606Lgxdjm\n|player|p1|\n|l| sevenstarsvgc\n","uploadtime":1731827096,"views":12,"formatid":"gen9vgc2024regh","rating":1662,"private":0,"password":null}