{"id":"gen9vgc2024regh-2245440976","format":"[Gen 9] VGC 2024 Reg H","players":["Djjwjwwjj","VGCLTH low laddr"],"log":"|raw|<div class=\"broadcast-blue\"><strong>This battle is required to be public due to a player having a name starting with 'vgclth'.<\/div>\n|j|\u2606Djjwjwwjj\n|j|\u2606VGCLTH low laddr\n|t:|1731821661\n|gametype|doubles\n|player|p1|Djjwjwwjj|101|1637\n|player|p2|VGCLTH low laddr|lucas|1775\n|teamsize|p1|6\n|teamsize|p2|6\n|gen|9\n|tier|[Gen 9] VGC 2024 Reg H\n|rated|\n|rule|Species Clause: Limit one of each Pok\u00e9mon\n|rule|Item Clause: Limit 1 of each item\n|clearpoke\n|poke|p1|Palafin, L50, F|\n|poke|p1|Incineroar, L50, F|\n|poke|p1|Amoonguss, L50, F|\n|poke|p1|Farigiraf, L50, M|\n|poke|p1|Ursaluna-Bloodmoon, L50, M|\n|poke|p1|Gholdengo, L50|\n|poke|p2|Sneasler, L50, F|\n|poke|p2|Ursaluna-Bloodmoon, L50, M|\n|poke|p2|Incineroar, L50, M|\n|poke|p2|Gholdengo, L50|\n|poke|p2|Rillaboom, L50, M|\n|poke|p2|Dragonite, L50, M|\n|teampreview|4\n|inactive|Battle timer is ON: inactive players will automatically lose when time's up. (requested by VGCLTH low laddr)\n|inactive|Djjwjwwjj also wants the timer to be on.\nVGCLTH low laddr has agreed to open team sheets.\n|inactive|VGCLTH low laddr has 60 seconds left.\n|inactive|VGCLTH low laddr has 30 seconds left.\n|\n|t:|1731821727\n|start\n|switch|p1a: Incineroar|Incineroar, L50, F|100\/100\n|switch|p1b: Farigiraf|Farigiraf, L50, M|100\/100\n|switch|p2a: Gholdengo|Gholdengo, L50|100\/100\n|switch|p2b: Incineroar|Incineroar, L50, M|100\/100\n|-ability|p1a: Incineroar|Intimidate|boost\n|-unboost|p2a: Gholdengo|atk|1\n|-unboost|p2b: Incineroar|atk|1\n|-ability|p2b: Incineroar|Intimidate|boost\n|-unboost|p1a: Incineroar|atk|1\n|-unboost|p1b: Farigiraf|atk|1\n|turn|1\n|inactive|Djjwjwwjj has 30 seconds left.\n|\n|t:|1731821755\n|move|p1b: Farigiraf|Protect|p1b: Farigiraf\n|-singleturn|p1b: Farigiraf|Protect\n|move|p2a: Gholdengo|Make It Rain|p1a: Incineroar|[spread] p1a\n|-activate|p1b: Farigiraf|move: Protect\n|-resisted|p1a: Incineroar\n|-damage|p1a: Incineroar|76\/100\n|-unboost|p2a: Gholdengo|spa|1\n|-damage|p2a: Gholdengo|91\/100|[from] item: Life Orb\n|move|p1a: Incineroar|Knock Off|p2a: Gholdengo\n|-supereffective|p2a: Gholdengo\n|-damage|p2a: Gholdengo|41\/100\n|-enditem|p2a: Gholdengo|Life Orb|[from] move: Knock Off|[of] p1a: Incineroar\n|move|p2b: Incineroar|Knock Off|p1b: Farigiraf\n|-activate|p1b: Farigiraf|move: Protect\n|\n|upkeep\n|turn|2\n|inactive|Djjwjwwjj has 30 seconds left.\n|\n|t:|1731821790\n|move|p2a: Gholdengo|Make It Rain|p1b: Farigiraf|[spread] p1a,p1b\n|-resisted|p1a: Incineroar\n|-crit|p1a: Incineroar\n|-damage|p1a: Incineroar|47\/100\n|-damage|p1b: Farigiraf|72\/100\n|-unboost|p2a: Gholdengo|spa|1\n|move|p1a: Incineroar|Parting Shot|p2b: Incineroar\n|-unboost|p2b: Incineroar|atk|1\n|-unboost|p2b: Incineroar|spa|1\n|\n|t:|1731821799\n|switch|p1a: Ursaluna|Ursaluna-Bloodmoon, L50, M|100\/100|[from] Parting Shot\n|move|p2b: Incineroar|Knock Off|p1b: Farigiraf\n|-supereffective|p1b: Farigiraf\n|-damage|p1b: Farigiraf|37\/100\n|-enditem|p1b: Farigiraf|Throat Spray|[from] move: Knock Off|[of] p2b: Incineroar\n|move|p1b: Farigiraf|Trick Room|p1b: Farigiraf\n|-fieldstart|move: Trick Room|[of] p1b: Farigiraf\n|\n|upkeep\n|turn|3\n|inactive|Djjwjwwjj has 30 seconds left.\n|inactive|Djjwjwwjj has 20 seconds left.\n|j| Thunderdiglett\n|inactive|Djjwjwwjj has 15 seconds left.\n|\n|t:|1731821844\n|switch|p2a: Rillaboom|Rillaboom, L50, M|100\/100\n|-fieldstart|move: Grassy Terrain|[from] ability: Grassy Surge|[of] p2a: Rillaboom\n|-terastallize|p1a: Ursaluna|Normal\n|-terastallize|p2b: Incineroar|Ghost\n|move|p1a: Ursaluna|Blood Moon|p2b: Incineroar\n|-damage|p2b: Incineroar|0 fnt\n|faint|p2b: Incineroar\n|-damage|p1a: Ursaluna|91\/100|[from] item: Life Orb\n|move|p1b: Farigiraf|Twin Beam|p2a: Rillaboom\n|-damage|p2a: Rillaboom|89\/100\n|-crit|p2a: Rillaboom\n|-damage|p2a: Rillaboom|70\/100\n|-hitcount|p2a: Rillaboom|2\n|\n|-heal|p1a: Ursaluna|97\/100|[from] Grassy Terrain\n|-heal|p1b: Farigiraf|43\/100|[from] Grassy Terrain\n|-heal|p2a: Rillaboom|76\/100|[from] Grassy Terrain\n|upkeep\n|\n|t:|1731821861\n|switch|p2b: Dragonite|Dragonite, L50, M|100\/100\n|turn|4\n|\n|t:|1731821882\n|move|p1a: Ursaluna|Hyper Voice|p2a: Rillaboom|[spread] p2a,p2b\n|-damage|p2a: Rillaboom|28\/100\n|-damage|p2b: Dragonite|64\/100\n|-damage|p1a: Ursaluna|88\/100|[from] item: Life Orb\n|move|p1b: Farigiraf|Hyper Voice|p2a: Rillaboom|[spread] p2a,p2b\n|-damage|p2a: Rillaboom|8\/100\n|-damage|p2b: Dragonite|33\/100\n|move|p2a: Rillaboom|U-turn|p1b: Farigiraf\n|-supereffective|p1b: Farigiraf\n|-damage|p1b: Farigiraf|0 fnt\n|faint|p1b: Farigiraf\n|\n|t:|1731821891\n|switch|p2a: Gholdengo|Gholdengo, L50|41\/100|[from] U-turn\n|move|p2b: Dragonite|Scale Shot|p1a: Ursaluna\n|-damage|p1a: Ursaluna|78\/100\n|-damage|p1a: Ursaluna|68\/100\n|-damage|p1a: Ursaluna|58\/100\n|-damage|p1a: Ursaluna|47\/100\n|-damage|p1a: Ursaluna|37\/100\n|-hitcount|p1a: Ursaluna|5\n|-unboost|p2b: Dragonite|def|1\n|-boost|p2b: Dragonite|spe|1\n|\n|-heal|p1a: Ursaluna|44\/100|[from] Grassy Terrain\n|-heal|p2a: Gholdengo|47\/100|[from] Grassy Terrain\n|upkeep\n|\n|t:|1731821910\n|switch|p1b: Incineroar|Incineroar, L50, F|47\/100\n|-ability|p1b: Incineroar|Intimidate|boost\n|-unboost|p2a: Gholdengo|atk|1\n|-unboost|p2b: Dragonite|atk|1\n|turn|5\n|inactive|VGCLTH low laddr has 30 seconds left.\n|\n|t:|1731821937\n|move|p2a: Gholdengo|Protect|p2a: Gholdengo\n|-singleturn|p2a: Gholdengo|Protect\n|move|p2b: Dragonite|Extreme Speed|p1b: Incineroar\n|-crit|p1b: Incineroar\n|-damage|p1b: Incineroar|8\/100\n|move|p1a: Ursaluna|Hyper Voice|p2a: Gholdengo|[spread] p2b\n|-activate|p2a: Gholdengo|move: Protect\n|-damage|p2b: Dragonite|0 fnt\n|faint|p2b: Dragonite\n|-damage|p1a: Ursaluna|34\/100|[from] item: Life Orb\n|move|p1b: Incineroar|Flare Blitz|p2a: Gholdengo\n|-activate|p2a: Gholdengo|move: Protect\n|\n|-heal|p1a: Ursaluna|40\/100|[from] Grassy Terrain\n|-heal|p1b: Incineroar|14\/100|[from] Grassy Terrain\n|-heal|p2a: Gholdengo|53\/100|[from] Grassy Terrain\n|upkeep\n|\n|t:|1731821950\n|switch|p2b: Rillaboom|Rillaboom, L50, M|8\/100\n|turn|6\n|\n|t:|1731821964\n|move|p2b: Rillaboom|Grassy Glide|p1b: Incineroar\n|-resisted|p1b: Incineroar\n|-damage|p1b: Incineroar|0 fnt\n|faint|p1b: Incineroar\n|move|p1a: Ursaluna|Hyper Voice|p2b: Rillaboom|[spread] p2a,p2b\n|-resisted|p2a: Gholdengo\n|-damage|p2a: Gholdengo|18\/100\n|-damage|p2b: Rillaboom|0 fnt\n|faint|p2b: Rillaboom\n|-damage|p1a: Ursaluna|31\/100|[from] item: Life Orb\n|move|p2a: Gholdengo|Nasty Plot|p2a: Gholdengo\n|-boost|p2a: Gholdengo|spa|2\n|\n|-heal|p1a: Ursaluna|37\/100|[from] Grassy Terrain\n|-heal|p2a: Gholdengo|24\/100|[from] Grassy Terrain\n|-fieldend|move: Trick Room\n|upkeep\n|\n|t:|1731821981\n|switch|p1b: Gholdengo|Gholdengo, L50|100\/100\n|turn|7\n|\n|t:|1731821987\n|move|p2a: Gholdengo|Protect|p2a: Gholdengo\n|-singleturn|p2a: Gholdengo|Protect\n|move|p1b: Gholdengo|Shadow Ball|p2a: Gholdengo\n|-activate|p2a: Gholdengo|move: Protect\n|move|p1a: Ursaluna|Earth Power|p2a: Gholdengo\n|-activate|p2a: Gholdengo|move: Protect\n|\n|-heal|p2a: Gholdengo|30\/100|[from] Grassy Terrain\n|-heal|p1a: Ursaluna|43\/100|[from] Grassy Terrain\n|-fieldend|move: Grassy Terrain\n|upkeep\n|turn|8\n|\n|t:|1731822001\n|move|p1b: Gholdengo|Shadow Ball|p2a: Gholdengo\n|-supereffective|p2a: Gholdengo\n|-damage|p2a: Gholdengo|0 fnt\n|faint|p2a: Gholdengo\n|\n|win|Djjwjwwjj\n|raw|Djjwjwwjj's rating: 1637 &rarr; <strong>1665<\/strong><br \/>(+28 for winning)\n|raw|VGCLTH low laddr's rating: 1775 &rarr; <strong>1747<\/strong><br \/>(-28 for losing)\n|l|\u2606Djjwjwwjj\n|player|p1|\n|l| Thunderdiglett\n","uploadtime":1731822264,"views":10,"formatid":"gen9vgc2024regh","rating":1665,"private":0,"password":null}