{"id":"gen9vgc2024regh-2245725646","format":"[Gen 9] VGC 2024 Reg H","players":["Undentable1","VGCLTH skibidi"],"log":"|raw|<div class=\"broadcast-blue\"><strong>This battle is required to be public due to a player having a name starting with 'vgclth'.<\/div>\n|j|\u2606Undentable1\n|j|\u2606VGCLTH skibidi\n|t:|1731869582\n|gametype|doubles\n|player|p1|Undentable1|lance|1682\n|player|p2|VGCLTH skibidi|piers-masters|1791\n|teamsize|p1|6\n|teamsize|p2|6\n|gen|9\n|tier|[Gen 9] VGC 2024 Reg H\n|rated|\n|rule|Species Clause: Limit one of each Pok\u00e9mon\n|rule|Item Clause: Limit 1 of each item\n|clearpoke\n|poke|p1|Dragonite, L50, F|\n|poke|p1|Kingambit, L50, M|\n|poke|p1|Tauros-Paldea-Aqua, L50, M|\n|poke|p1|Archaludon, L50, M|\n|poke|p1|Pelipper, L50, F|\n|poke|p1|Rillaboom, L50, M|\n|poke|p2|Ceruledge, L50, M|\n|poke|p2|Gastrodon-East, L50, M|\n|poke|p2|Sneasler, L50, M|\n|poke|p2|Kingambit, L50, M|\n|poke|p2|Rillaboom, L50, F|\n|poke|p2|Dragonite, L50, F|\n|teampreview|4\n|inactive|Battle timer is ON: inactive players will automatically lose when time's up. (requested by Undentable1)\n|inactive|VGCLTH skibidi also wants the timer to be on.\n|inactive|Undentable1 has 60 seconds left.\n|\n|t:|1731869613\n|start\n|switch|p1a: Tauros|Tauros-Paldea-Aqua, L50, M|100\/100\n|switch|p1b: Pelipper|Pelipper, L50, F|100\/100\n|switch|p2a: Let's go gambling|Sneasler, L50, M|100\/100\n|switch|p2b: Godlyreal|Kingambit, L50, M|100\/100\n|-ability|p1a: Tauros|Intimidate|boost\n|-unboost|p2a: Let's go gambling|atk|1\n|-unboost|p2b: Godlyreal|atk|1\n|-ability|p2b: Godlyreal|Defiant|boost\n|-boost|p2b: Godlyreal|atk|2\n|-enditem|p1a: Tauros|Mirror Herb\n|-boost|p1a: Tauros|atk|2|[from] item: Mirror Herb\n|-weather|RainDance|[from] ability: Drizzle|[of] p1b: Pelipper\n|turn|1\n|\n|t:|1731869633\n|-terastallize|p2b: Godlyreal|Flying\n|move|p2a: Let's go gambling|Fake Out|p1a: Tauros\n|-damage|p1a: Tauros|89\/100\n|cant|p1a: Tauros|flinch\n|move|p1b: Pelipper|Hurricane|p2a: Let's go gambling\n|-supereffective|p2a: Let's go gambling\n|-enditem|p2a: Let's go gambling|Focus Sash\n|-damage|p2a: Let's go gambling|1\/100\n|-start|p2a: Let's go gambling|confusion\n|move|p2b: Godlyreal|Tera Blast|p1a: Tauros|[anim] Tera Blast Flying\n|-supereffective|p1a: Tauros\n|-damage|p1a: Tauros|0 fnt\n|faint|p1a: Tauros\n|\n|-weather|RainDance|[upkeep]\n|upkeep\n|\n|t:|1731869643\n|switch|p1a: Archaludon|Archaludon, L50, M|100\/100\n|turn|2\n|\n|t:|1731869661\n|switch|p2b: Joe Dog|Gastrodon-East, L50, M|100\/100\n|-terastallize|p1a: Archaludon|Ghost\n|-activate|p2a: Let's go gambling|confusion\n|move|p2a: Let's go gambling|Close Combat|p1a: Archaludon\n|-immune|p1a: Archaludon\n|move|p1a: Archaludon|Electro Shot||[still]\n|-prepare|p1a: Archaludon|Electro Shot\n|-boost|p1a: Archaludon|spa|1\n|-anim|p1a: Archaludon|Electro Shot|p2b: Joe Dog\n|-immune|p2b: Joe Dog\n|move|p1b: Pelipper|Hurricane|p2a: Let's go gambling\n|-supereffective|p2a: Let's go gambling\n|-damage|p2a: Let's go gambling|0 fnt\n|faint|p2a: Let's go gambling\n|\n|-weather|RainDance|[upkeep]\n|upkeep\n|\n|t:|1731869668\n|switch|p2a: Imagine I miss lol|Dragonite, L50, F|100\/100\n|turn|3\n|j| vgclth elowyn\n|\n|t:|1731869686\n|move|p1a: Archaludon|Dragon Pulse|p2b: Joe Dog\n|-damage|p2b: Joe Dog|44\/100\n|-enditem|p2b: Joe Dog|Sitrus Berry|[eat]\n|-heal|p2b: Joe Dog|68\/100|[from] item: Sitrus Berry\n|move|p2a: Imagine I miss lol|Scale Shot|p1b: Pelipper\n|-damage|p1b: Pelipper|82\/100\n|-damage|p1b: Pelipper|64\/100\n|-damage|p1b: Pelipper|48\/100\n|-damage|p1b: Pelipper|29\/100\n|-damage|p1b: Pelipper|11\/100\n|-hitcount|p1b: Pelipper|5\n|-unboost|p2a: Imagine I miss lol|def|1\n|-boost|p2a: Imagine I miss lol|spe|1\n|move|p1b: Pelipper|Hurricane|p2b: Joe Dog\n|-damage|p2b: Joe Dog|27\/100\n|move|p2b: Joe Dog|Ice Beam|p1b: Pelipper\n|-damage|p1b: Pelipper|0 fnt\n|faint|p1b: Pelipper\n|\n|-weather|RainDance|[upkeep]\n|upkeep\n|\n|t:|1731869694\n|switch|p1b: Dragonite|Dragonite, L50, F|100\/100\n|turn|4\n|\n|t:|1731869711\n|move|p1b: Dragonite|Protect|p1b: Dragonite\n|-singleturn|p1b: Dragonite|Protect\n|move|p2a: Imagine I miss lol|Scale Shot|p1b: Dragonite\n|-activate|p1b: Dragonite|move: Protect\n|move|p1a: Archaludon|Electro Shot||[still]\n|-prepare|p1a: Archaludon|Electro Shot\n|-boost|p1a: Archaludon|spa|1\n|-anim|p1a: Archaludon|Electro Shot|p2a: Imagine I miss lol\n|-damage|p2a: Imagine I miss lol|54\/100\n|move|p2b: Joe Dog|Ice Beam|p1b: Dragonite\n|-activate|p1b: Dragonite|move: Protect\n|\n|-weather|RainDance|[upkeep]\n|upkeep\n|turn|5\n|inactive|Undentable1 has 30 seconds left.\n|\n|t:|1731869740\n|move|p2b: Joe Dog|Protect|p2b: Joe Dog\n|-singleturn|p2b: Joe Dog|Protect\n|move|p1b: Dragonite|Extreme Speed|p2b: Joe Dog\n|-activate|p2b: Joe Dog|move: Protect\n|move|p2a: Imagine I miss lol|Scale Shot|p1b: Dragonite\n|-supereffective|p1b: Dragonite\n|-damage|p1b: Dragonite|84\/100\n|-supereffective|p1b: Dragonite\n|-damage|p1b: Dragonite|54\/100\n|-supereffective|p1b: Dragonite\n|-damage|p1b: Dragonite|22\/100\n|-supereffective|p1b: Dragonite\n|-damage|p1b: Dragonite|0 fnt\n|faint|p1b: Dragonite\n|-hitcount|p1: Dragonite|4\n|-unboost|p2a: Imagine I miss lol|def|1\n|-boost|p2a: Imagine I miss lol|spe|1\n|move|p1a: Archaludon|Electro Shot||[still]\n|-prepare|p1a: Archaludon|Electro Shot\n|-boost|p1a: Archaludon|spa|1\n|-anim|p1a: Archaludon|Electro Shot|p2a: Imagine I miss lol\n|-damage|p2a: Imagine I miss lol|0 fnt\n|faint|p2a: Imagine I miss lol\n|\n|-weather|none\n|upkeep\n|\n|t:|1731869742\n|switch|p2a: Godlyreal|Kingambit, L50, M, tera:Flying|100\/100\n|turn|6\n|\n|t:|1731869754\n|move|p1a: Archaludon|Protect|p1a: Archaludon\n|-singleturn|p1a: Archaludon|Protect\n|move|p2a: Godlyreal|Kowtow Cleave|p1a: Archaludon\n|-activate|p1a: Archaludon|move: Protect\n|move|p2b: Joe Dog|Clear Smog|p1a: Archaludon\n|-activate|p1a: Archaludon|move: Protect\n|\n|upkeep\n|turn|7\n|\n|t:|1731869764\n|move|p2b: Joe Dog|Protect|p2b: Joe Dog\n|-singleturn|p2b: Joe Dog|Protect\n|move|p1a: Archaludon|Electro Shot||[still]\n|-prepare|p1a: Archaludon|Electro Shot\n|-boost|p1a: Archaludon|spa|1\n|-enditem|p1a: Archaludon|Power Herb\n|-anim|p1a: Archaludon|Electro Shot|p2a: Godlyreal\n|-supereffective|p2a: Godlyreal\n|-crit|p2a: Godlyreal\n|-damage|p2a: Godlyreal|0 fnt\n|faint|p2a: Godlyreal\n|\n|upkeep\n|turn|8\n|\n|t:|1731869774\n|move|p1a: Archaludon|Dragon Pulse|p2b: Joe Dog\n|-damage|p2b: Joe Dog|0 fnt\n|faint|p2b: Joe Dog\n|\n|win|Undentable1\n|raw|Undentable1's rating: 1682 &rarr; <strong>1708<\/strong><br \/>(+26 for winning)\n|raw|VGCLTH skibidi's rating: 1791 &rarr; <strong>1765<\/strong><br \/>(-26 for losing)\n|c| vgclth elowyn|Undentable my goat\n|c|\u2606Undentable1|haha\n|l|\u2606VGCLTH skibidi\n|player|p2|\n|j|\u2606VGCLTH skibidi\n|player|p2|VGCLTH skibidi|piers-masters|\n|c| vgclth elowyn|I need your autograph\n|l|\u2606VGCLTH skibidi\n|player|p2|\n|c|\u2606Undentable1|I saw your name and got nervous\n|c|\u2606Undentable1|I've seen your alts up there\n|c| vgclth elowyn|(ladder tour and you beat someone who was about to surpass my rating)\n|c|\u2606Undentable1|glad I could help\n|l| vgclth elowyn\n|l|\u2606Undentable1\n|player|p1|\n","uploadtime":1731869776,"views":35,"formatid":"gen9vgc2024regh","rating":1708,"private":0,"password":null}