{"id":"gen9vgc2024regh-2245651206","format":"[Gen 9] VGC 2024 Reg H","players":["VGCLTH skibidi","zonavideovigilada"],"log":"|raw|<div class=\"broadcast-blue\"><strong>This battle is required to be public due to a player having a name starting with 'vgclth'.<\/div>\n|j|\u2606VGCLTH skibidi\n|j|\u2606zonavideovigilada\n|t:|1731860552\n|gametype|doubles\n|player|p1|VGCLTH skibidi|piers-masters|1704\n|player|p2|zonavideovigilada|265|1705\n|teamsize|p1|6\n|teamsize|p2|6\n|gen|9\n|tier|[Gen 9] VGC 2024 Reg H\n|rated|\n|rule|Species Clause: Limit one of each Pok\u00e9mon\n|rule|Item Clause: Limit 1 of each item\n|clearpoke\n|poke|p1|Farigiraf, L50, M|\n|poke|p1|Armarouge, L50, F|\n|poke|p1|Annihilape, L50, M|\n|poke|p1|Indeedee-F, L50, F|\n|poke|p1|Torkoal, L50, M|\n|poke|p1|Lilligant-Hisui, L50, F|\n|poke|p2|Rillaboom, L50, F|\n|poke|p2|Dragonite, L50, F|\n|poke|p2|Gholdengo, L50|\n|poke|p2|Maushold, L50|\n|poke|p2|Talonflame, L50, F|\n|poke|p2|Annihilape, L50, M|\n|teampreview|4\n|inactive|Battle timer is ON: inactive players will automatically lose when time's up. (requested by VGCLTH skibidi)\n|inactive|VGCLTH skibidi has 60 seconds left.\n|inactive|zonavideovigilada has 60 seconds left.\n|\n|t:|1731860586\n|start\n|switch|p1a: Armarouge|Armarouge, L50, F|100\/100\n|switch|p1b: Annihilape|Annihilape, L50, M|100\/100\n|switch|p2a: Maushold|Maushold, L50|100\/100\n|switch|p2b: Dragonite|Dragonite, L50, F|100\/100\n|turn|1\n|\n|t:|1731860601\n|-terastallize|p1a: Armarouge|Psychic\n|move|p1a: Armarouge|Endure|p1a: Armarouge\n|-singleturn|p1a: Armarouge|move: Endure\n|move|p2a: Maushold|Follow Me|p2a: Maushold\n|-singleturn|p2a: Maushold|move: Follow Me\n|move|p1b: Annihilape|U-turn|p2a: Maushold\n|-damage|p2a: Maushold|76\/100\n|-damage|p1b: Annihilape|84\/100|[from] item: Rocky Helmet|[of] p2a: Maushold\n|\n|t:|1731860617\n|switch|p1b: Indeedee|Indeedee-F, L50, F|100\/100|[from] U-turn\n|-fieldstart|move: Psychic Terrain|[from] ability: Psychic Surge|[of] p1b: Indeedee\n|move|p2b: Dragonite|Scale Shot|p1a: Armarouge|[miss]\n|-miss|p2b: Dragonite|p1a: Armarouge\n|\n|upkeep\n|turn|2\n|inactive|VGCLTH skibidi has 30 seconds left.\n|\n|t:|1731860645\n|switch|p2a: Rillaboom|Rillaboom, L50, F|100\/100\n|-fieldstart|move: Grassy Terrain|[from] ability: Grassy Surge|[of] p2a: Rillaboom\n|switch|p1b: Annihilape|Annihilape, L50, M|84\/100\n|move|p1a: Armarouge|Expanding Force|p2a: Rillaboom\n|-damage|p2a: Rillaboom|65\/100\n|move|p2b: Dragonite|Scale Shot|p1a: Armarouge\n|-damage|p1a: Armarouge|84\/100\n|-ability|p1a: Armarouge|Weak Armor|boost\n|-unboost|p1a: Armarouge|def|1\n|-boost|p1a: Armarouge|spe|2\n|-damage|p1a: Armarouge|58\/100\n|-ability|p1a: Armarouge|Weak Armor|boost\n|-unboost|p1a: Armarouge|def|1\n|-boost|p1a: Armarouge|spe|2\n|-damage|p1a: Armarouge|27\/100\n|-ability|p1a: Armarouge|Weak Armor|boost\n|-unboost|p1a: Armarouge|def|1\n|-boost|p1a: Armarouge|spe|2\n|-damage|p1a: Armarouge|0 fnt\n|faint|p1a: Armarouge\n|-hitcount|p1: Armarouge|4\n|-unboost|p2b: Dragonite|def|1\n|-boost|p2b: Dragonite|spe|1\n|\n|-heal|p1b: Annihilape|90\/100|[from] Grassy Terrain\n|-heal|p2a: Rillaboom|71\/100|[from] Grassy Terrain\n|upkeep\n|\n|t:|1731860660\n|switch|p1a: Indeedee|Indeedee-F, L50, F|100\/100\n|-fieldstart|move: Psychic Terrain|[from] ability: Psychic Surge|[of] p1a: Indeedee\n|turn|3\n|inactive|zonavideovigilada has 30 seconds left.\n|\n|t:|1731860687\n|switch|p2a: Maushold|Maushold, L50|76\/100\n|move|p1b: Annihilape|Final Gambit|p2b: Dragonite\n|-damage|p2b: Dragonite|0 fnt\n|faint|p1b: Annihilape\n|faint|p2b: Dragonite\n|move|p1a: Indeedee|Trick Room|p1a: Indeedee\n|-fieldstart|move: Trick Room|[of] p1a: Indeedee\n|\n|upkeep\n|\n|t:|1731860701\n|switch|p2b: Rillaboom|Rillaboom, L50, F|71\/100\n|switch|p1b: Farigiraf|Farigiraf, L50, M|100\/100\n|-enditem|p1b: Farigiraf|Psychic Seed\n|-boost|p1b: Farigiraf|spd|1|[from] item: Psychic Seed\n|-fieldstart|move: Grassy Terrain|[from] ability: Grassy Surge|[of] p2b: Rillaboom\n|turn|4\n|\n|t:|1731860719\n|move|p2a: Maushold|Protect|p2a: Maushold\n|-singleturn|p2a: Maushold|Protect\n|move|p1b: Farigiraf|Psychic|p2a: Maushold\n|-activate|p2a: Maushold|move: Protect\n|move|p1a: Indeedee|Psychic|p2a: Maushold\n|-activate|p2a: Maushold|move: Protect\n|move|p2b: Rillaboom|U-turn|p1b: Farigiraf\n|-supereffective|p1b: Farigiraf\n|-damage|p1b: Farigiraf|53\/100\n|\n|t:|1731860729\n|switch|p2b: Annihilape|Annihilape, L50, M|100\/100|[from] U-turn\n|\n|-heal|p1b: Farigiraf|59\/100|[from] Grassy Terrain\n|-heal|p2a: Maushold|82\/100|[from] Grassy Terrain\n|upkeep\n|turn|5\n|\n|t:|1731860749\n|-terastallize|p2b: Annihilape|Grass\n|move|p2a: Maushold|Follow Me|p2a: Maushold\n|-singleturn|p2a: Maushold|move: Follow Me\n|move|p1b: Farigiraf|Psychic|p2a: Maushold\n|-damage|p2a: Maushold|27\/100\n|move|p1a: Indeedee|Psychic|p2a: Maushold\n|-damage|p2a: Maushold|0 fnt\n|faint|p2a: Maushold\n|move|p2b: Annihilape|Final Gambit|p1b: Farigiraf\n|-damage|p1b: Farigiraf|0 fnt\n|faint|p2b: Annihilape\n|faint|p1b: Farigiraf\n|\n|upkeep\n|\n|t:|1731860758\n|switch|p2b: Rillaboom|Rillaboom, L50, F|71\/100\n|turn|6\n|\n|t:|1731860766\n|move|p2b: Rillaboom|Fake Out|p1a: Indeedee\n|-damage|p1a: Indeedee|88\/100\n|cant|p1a: Indeedee|flinch\n|\n|-heal|p1a: Indeedee|94\/100|[from] Grassy Terrain\n|-heal|p2b: Rillaboom|76\/100|[from] Grassy Terrain\n|upkeep\n|turn|7\n|\n|t:|1731860773\n|move|p1a: Indeedee|Psychic|p2b: Rillaboom\n|-damage|p2b: Rillaboom|57\/100\n|-unboost|p2b: Rillaboom|spd|1\n|move|p2b: Rillaboom|U-turn|p1a: Indeedee\n|-supereffective|p1a: Indeedee\n|-damage|p1a: Indeedee|47\/100\n|\n|-heal|p1a: Indeedee|54\/100|[from] Grassy Terrain\n|-heal|p2b: Rillaboom|63\/100|[from] Grassy Terrain\n|-fieldend|move: Trick Room\n|upkeep\n|turn|8\n|\n|t:|1731860789\n|move|p2b: Rillaboom|Wood Hammer|p1a: Indeedee\n|-damage|p1a: Indeedee|0 fnt\n|faint|p1a: Indeedee\n|-damage|p2b: Rillaboom|48\/100|[from] Recoil\n|\n|win|zonavideovigilada\n|raw|VGCLTH skibidi's rating: 1704 &rarr; <strong>1684<\/strong><br \/>(-20 for losing)\n|raw|zonavideovigilada's rating: 1705 &rarr; <strong>1725<\/strong><br \/>(+20 for winning)\n|l|\u2606VGCLTH skibidi\n|player|p1|\n|l|\u2606zonavideovigilada\n|player|p2|\n","uploadtime":1731860933,"views":15,"formatid":"gen9vgc2024regh","rating":1684,"private":0,"password":null}