{"id":"gen9vgc2024regh-2245774684","format":"[Gen 9] VGC 2024 Reg H","players":["VGCLTH lily","tex771"],"log":"|raw|<div class=\"broadcast-blue\"><strong>This battle is required to be public due to a player having a name starting with 'vgclth'.<\/div>\n|j|\u2606VGCLTH lily\n|j|\u2606tex771\n|t:|1731875266\n|gametype|doubles\n|player|p1|VGCLTH lily|akari|1695\n|player|p2|tex771|101|1717\n|teamsize|p1|6\n|teamsize|p2|6\n|gen|9\n|tier|[Gen 9] VGC 2024 Reg H\n|rated|\n|rule|Species Clause: Limit one of each Pok\u00e9mon\n|rule|Item Clause: Limit 1 of each item\n|clearpoke\n|poke|p1|Baxcalibur, L50, F|\n|poke|p1|Dondozo, L50, M|\n|poke|p1|Kingambit, L50, M|\n|poke|p1|Rillaboom, L50, M|\n|poke|p1|Sneasler, L50, F|\n|poke|p1|Volcarona, L50, M|\n|poke|p2|Archaludon, L50, M|\n|poke|p2|Annihilape, L50, M|\n|poke|p2|Whimsicott, L50, M|\n|poke|p2|Ninetales-Alola, L50, M|\n|poke|p2|Garchomp, L50, M|\n|poke|p2|Armarouge, L50, M|\n|teampreview|4\n|\n|t:|1731875320\n|start\n|switch|p1a: Baxcalibur|Baxcalibur, L50, F|100\/100\n|switch|p1b: Rillaboom|Rillaboom, L50, M|100\/100\n|switch|p2a: Annihilape|Annihilape, L50, M|100\/100\n|switch|p2b: Whimsicott|Whimsicott, L50, M, shiny|100\/100\n|-fieldstart|move: Grassy Terrain|[from] ability: Grassy Surge|[of] p1b: Rillaboom\n|turn|1\n|\n|t:|1731875342\n|-terastallize|p2b: Whimsicott|Ghost\n|move|p1a: Baxcalibur|Protect|p1a: Baxcalibur\n|-singleturn|p1a: Baxcalibur|Protect\n|move|p2b: Whimsicott|Beat Up|p2a: Annihilape\n|-damage|p2a: Annihilape|98\/100\n|-damage|p2a: Annihilape|96\/100\n|-damage|p2a: Annihilape|94\/100\n|-damage|p2a: Annihilape|92\/100\n|-hitcount|p2a: Annihilape|4\n|move|p2a: Annihilape|Rage Fist|p1a: Baxcalibur\n|-activate|p1a: Baxcalibur|move: Protect\n|move|p1b: Rillaboom|Wood Hammer|p2a: Annihilape\n|-damage|p2a: Annihilape|8\/100\n|-damage|p1b: Rillaboom|72\/100|[from] Recoil\n|\n|-heal|p2a: Annihilape|14\/100|[from] Grassy Terrain\n|-heal|p1b: Rillaboom|78\/100|[from] Grassy Terrain\n|upkeep\n|turn|2\n|j| kirby3657\n|\n|t:|1731875359\n|switch|p1a: Kingambit|Kingambit, L50, M|100\/100\n|move|p2b: Whimsicott|Misty Terrain|p2b: Whimsicott\n|-fieldstart|move: Misty Terrain\n|move|p2a: Annihilape|Rage Fist|p1a: Kingambit\n|-resisted|p1a: Kingambit\n|-damage|p1a: Kingambit|43\/100\n|move|p1b: Rillaboom|Grassy Glide|p2a: Annihilape\n|-damage|p2a: Annihilape|0 fnt\n|faint|p2a: Annihilape\n|\n|upkeep\n|l| kirby3657\n|\n|t:|1731875381\n|switch|p2a: Archaludon|Archaludon, L50, M|100\/100\n|turn|3\n|\n|t:|1731875394\n|switch|p1a: Dondozo|Dondozo, L50, M|100\/100\n|move|p2b: Whimsicott|Beat Up|p2a: Archaludon\n|-damage|p2a: Archaludon|99\/100\n|-ability|p2a: Archaludon|Stamina|boost\n|-boost|p2a: Archaludon|def|1\n|-damage|p2a: Archaludon|97\/100\n|-ability|p2a: Archaludon|Stamina|boost\n|-boost|p2a: Archaludon|def|1\n|-damage|p2a: Archaludon|97\/100\n|-ability|p2a: Archaludon|Stamina|boost\n|-boost|p2a: Archaludon|def|1\n|-hitcount|p2a: Archaludon|3\n|move|p2a: Archaludon|Body Press|p1b: Rillaboom\n|-damage|p1b: Rillaboom|19\/100\n|move|p1b: Rillaboom|Wood Hammer|p2b: Whimsicott\n|-damage|p2b: Whimsicott|3\/100\n|-damage|p1b: Rillaboom|0 fnt|[from] Recoil\n|faint|p1b: Rillaboom\n|\n|upkeep\n|\n|t:|1731875402\n|switch|p1b: Baxcalibur|Baxcalibur, L50, F|100\/100\n|turn|4\n|\n|t:|1731875437\n|-terastallize|p1b: Baxcalibur|Ghost\n|move|p2b: Whimsicott|Tailwind|p2b: Whimsicott\n|-sidestart|p2: tex771|move: Tailwind\n|move|p1b: Baxcalibur|Ice Shard|p2b: Whimsicott\n|-damage|p2b: Whimsicott|0 fnt\n|faint|p2b: Whimsicott\n|move|p2a: Archaludon|Body Press|p1b: Baxcalibur\n|-immune|p1b: Baxcalibur\n|move|p1a: Dondozo|Fissure|p2a: Archaludon|[miss]\n|-miss|p1a: Dondozo|p2a: Archaludon\n|\n|upkeep\n|\n|t:|1731875442\n|switch|p2b: Armarouge|Armarouge, L50, M, shiny|100\/100\n|turn|5\n|\n|t:|1731875456\n|move|p2b: Armarouge|Protect|p2b: Armarouge\n|-singleturn|p2b: Armarouge|Protect\n|move|p1b: Baxcalibur|Protect|p1b: Baxcalibur\n|-singleturn|p1b: Baxcalibur|Protect\n|move|p1a: Dondozo|Protect|p1a: Dondozo\n|-singleturn|p1a: Dondozo|Protect\n|move|p2a: Archaludon|Snarl|p1b: Baxcalibur|[spread] \n|-activate|p1a: Dondozo|move: Protect\n|-activate|p1b: Baxcalibur|move: Protect\n|\n|upkeep\n|turn|6\n|\n|t:|1731875481\n|switch|p1b: Kingambit|Kingambit, L50, M|43\/100\n|move|p2a: Archaludon|Snarl|p1a: Dondozo|[spread] p1a,p1b\n|-resisted|p1b: Kingambit\n|-damage|p1a: Dondozo|92\/100\n|-damage|p1b: Kingambit|37\/100\n|-unboost|p1a: Dondozo|spa|1\n|-unboost|p1b: Kingambit|spa|1\n|-ability|p1b: Kingambit|Defiant|boost\n|-boost|p1b: Kingambit|atk|2\n|move|p2b: Armarouge|Heat Wave|p1a: Dondozo|[spread] p1a,p1b\n|-resisted|p1a: Dondozo\n|-supereffective|p1b: Kingambit\n|-damage|p1a: Dondozo|77\/100\n|-damage|p1b: Kingambit|0 fnt\n|faint|p1b: Kingambit\n|move|p1a: Dondozo|Yawn|p2b: Armarouge\n|-start|p2b: Armarouge|move: Yawn|[of] p1a: Dondozo\n|\n|-heal|p1a: Dondozo|84\/100|[from] item: Leftovers\n|-fieldend|Misty Terrain\n|upkeep\n|\n|t:|1731875492\n|switch|p1b: Baxcalibur|Baxcalibur, L50, F, tera:Ghost|100\/100\n|turn|7\n|\n|t:|1731875510\n|move|p1b: Baxcalibur|Protect|p1b: Baxcalibur\n|-singleturn|p1b: Baxcalibur|Protect\n|move|p1a: Dondozo|Protect|p1a: Dondozo\n|-singleturn|p1a: Dondozo|Protect\n|move|p2a: Archaludon|Snarl|p1a: Dondozo|[spread] \n|-activate|p1a: Dondozo|move: Protect\n|-activate|p1b: Baxcalibur|move: Protect\n|move|p2b: Armarouge|Heat Wave|p1b: Baxcalibur|[spread] \n|-activate|p1a: Dondozo|move: Protect\n|-activate|p1b: Baxcalibur|move: Protect\n|\n|-heal|p1a: Dondozo|90\/100|[from] item: Leftovers\n|-end|p2b: Armarouge|move: Yawn|[silent]\n|-status|p2b: Armarouge|slp\n|-sideend|p2: tex771|move: Tailwind\n|upkeep\n|turn|8\n|\n|t:|1731875519\n|move|p1b: Baxcalibur|Scale Shot|p2b: Armarouge\n|-damage|p2b: Armarouge|84\/100 slp\n|-ability|p2b: Armarouge|Weak Armor|boost\n|-unboost|p2b: Armarouge|def|1\n|-boost|p2b: Armarouge|spe|2\n|-damage|p2b: Armarouge|60\/100 slp\n|-ability|p2b: Armarouge|Weak Armor|boost\n|-unboost|p2b: Armarouge|def|1\n|-boost|p2b: Armarouge|spe|2\n|-damage|p2b: Armarouge|31\/100 slp\n|-ability|p2b: Armarouge|Weak Armor|boost\n|-unboost|p2b: Armarouge|def|1\n|-boost|p2b: Armarouge|spe|2\n|-damage|p2b: Armarouge|0 fnt\n|faint|p2b: Armarouge\n|-hitcount|p2: Armarouge|4\n|-unboost|p1b: Baxcalibur|def|1\n|-boost|p1b: Baxcalibur|spe|1\n|move|p2a: Archaludon|Snarl|p1a: Dondozo|[spread] p1a,p1b\n|-supereffective|p1b: Baxcalibur\n|-damage|p1a: Dondozo|82\/100\n|-damage|p1b: Baxcalibur|72\/100\n|-unboost|p1a: Dondozo|spa|1\n|-unboost|p1b: Baxcalibur|spa|1\n|move|p1a: Dondozo|Liquidation|p2a: Archaludon\n|-resisted|p2a: Archaludon\n|-damage|p2a: Archaludon|87\/100\n|-ability|p2a: Archaludon|Stamina|boost\n|-boost|p2a: Archaludon|def|1\n|\n|-heal|p1a: Dondozo|88\/100|[from] item: Leftovers\n|upkeep\n|turn|9\n|\n|t:|1731875543\n|move|p1b: Baxcalibur|Icicle Spear|p2a: Archaludon\n|-damage|p2a: Archaludon|82\/100\n|-ability|p2a: Archaludon|Stamina|boost\n|-boost|p2a: Archaludon|def|1\n|-damage|p2a: Archaludon|79\/100\n|-ability|p2a: Archaludon|Stamina|boost\n|-boost|p2a: Archaludon|def|1\n|-damage|p2a: Archaludon|76\/100\n|-damage|p2a: Archaludon|73\/100\n|-hitcount|p2a: Archaludon|4\n|move|p2a: Archaludon|Flash Cannon|p1b: Baxcalibur\n|-damage|p1b: Baxcalibur|34\/100\n|move|p1a: Dondozo|Yawn|p2a: Archaludon\n|-start|p2a: Archaludon|move: Yawn|[of] p1a: Dondozo\n|\n|-heal|p1a: Dondozo|94\/100|[from] item: Leftovers\n|upkeep\n|turn|10\n|\n|t:|1731875555\n|move|p1b: Baxcalibur|Protect|p1b: Baxcalibur\n|-singleturn|p1b: Baxcalibur|Protect\n|move|p1a: Dondozo|Protect|p1a: Dondozo\n|-singleturn|p1a: Dondozo|Protect\n|move|p2a: Archaludon|Dragon Pulse|p1b: Baxcalibur\n|-activate|p1b: Baxcalibur|move: Protect\n|\n|-heal|p1a: Dondozo|100\/100|[from] item: Leftovers\n|-end|p2a: Archaludon|move: Yawn|[silent]\n|-status|p2a: Archaludon|slp\n|upkeep\n|turn|11\n|\n|t:|1731875561\n|move|p1b: Baxcalibur|Icicle Spear|p2a: Archaludon\n|-damage|p2a: Archaludon|70\/100 slp\n|-damage|p2a: Archaludon|66\/100 slp\n|-damage|p2a: Archaludon|63\/100 slp\n|-damage|p2a: Archaludon|60\/100 slp\n|-hitcount|p2a: Archaludon|4\n|cant|p2a: Archaludon|slp\n|move|p1a: Dondozo|Fissure|p2a: Archaludon|[miss]\n|-miss|p1a: Dondozo|p2a: Archaludon\n|\n|upkeep\n|turn|12\n|\n|t:|1731875567\n|move|p1b: Baxcalibur|Icicle Spear|p2a: Archaludon\n|-damage|p2a: Archaludon|57\/100 slp\n|-damage|p2a: Archaludon|54\/100 slp\n|-damage|p2a: Archaludon|51\/100 slp\n|-damage|p2a: Archaludon|48\/100 slp\n|-damage|p2a: Archaludon|45\/100 slp\n|-hitcount|p2a: Archaludon|5\n|cant|p2a: Archaludon|slp\n|move|p1a: Dondozo|Yawn||[still]\n|-fail|p1a: Dondozo\n|\n|upkeep\n|turn|13\n|\n|t:|1731875578\n|move|p1b: Baxcalibur|Icicle Spear|p2a: Archaludon\n|-damage|p2a: Archaludon|42\/100 slp\n|-damage|p2a: Archaludon|39\/100 slp\n|-damage|p2a: Archaludon|36\/100 slp\n|-damage|p2a: Archaludon|33\/100 slp\n|-damage|p2a: Archaludon|30\/100 slp\n|-hitcount|p2a: Archaludon|5\n|cant|p2a: Archaludon|slp\n|move|p1a: Dondozo|Yawn||[still]\n|-fail|p1a: Dondozo\n|\n|upkeep\n|turn|14\n|\n|t:|1731875586\n|move|p1b: Baxcalibur|Protect|p1b: Baxcalibur\n|-singleturn|p1b: Baxcalibur|Protect\n|-curestatus|p2a: Archaludon|slp|[msg]\n|move|p2a: Archaludon|Dragon Pulse|p1b: Baxcalibur\n|-activate|p1b: Baxcalibur|move: Protect\n|move|p1a: Dondozo|Liquidation|p2a: Archaludon\n|-resisted|p2a: Archaludon\n|-damage|p2a: Archaludon|20\/100\n|\n|upkeep\n|turn|15\n|\n|t:|1731875590\n|move|p1b: Baxcalibur|Icicle Spear|p2a: Archaludon\n|-damage|p2a: Archaludon|17\/100\n|-damage|p2a: Archaludon|14\/100\n|-damage|p2a: Archaludon|11\/100\n|-damage|p2a: Archaludon|8\/100\n|-damage|p2a: Archaludon|5\/100\n|-hitcount|p2a: Archaludon|5\n|move|p2a: Archaludon|Dragon Pulse|p1b: Baxcalibur\n|-damage|p1b: Baxcalibur|0 fnt\n|faint|p1b: Baxcalibur\n|move|p1a: Dondozo|Liquidation|p2a: Archaludon\n|-resisted|p2a: Archaludon\n|-crit|p2a: Archaludon\n|-damage|p2a: Archaludon|0 fnt\n|faint|p2a: Archaludon\n|\n|win|VGCLTH lily\n|raw|VGCLTH lily's rating: 1695 &rarr; <strong>1716<\/strong><br \/>(+21 for winning)\n|raw|tex771's rating: 1717 &rarr; <strong>1696<\/strong><br \/>(-21 for losing)\n","uploadtime":1731875593,"views":12,"formatid":"gen9vgc2024regh","rating":1696,"private":0,"password":null}