{"id":"gen9vgc2024regh-2245158818","format":"[Gen 9] VGC 2024 Reg H","players":["vgclth elowyn","jdarcan"],"log":"|j|\u2606vgclth elowyn\n|j|\u2606jdarcan\n|t:|1731784006\n|gametype|doubles\n|player|p1|vgclth elowyn|266|1754\n|player|p2|jdarcan|pokemonranger|1731\n|teamsize|p1|6\n|teamsize|p2|6\n|gen|9\n|tier|[Gen 9] VGC 2024 Reg H\n|rated|\n|rule|Species Clause: Limit one of each Pok\u00e9mon\n|rule|Item Clause: Limit 1 of each item\n|clearpoke\n|poke|p1|Dragonite, L50, M|\n|poke|p1|Sneasler, L50, M|\n|poke|p1|Electabuzz, L50, F|\n|poke|p1|Indeedee, L50, M|\n|poke|p1|Ursaluna-Bloodmoon, L50, M|\n|poke|p1|Talonflame, L50, M|\n|poke|p2|Grimmsnarl, L50, M|\n|poke|p2|Gyarados, L50, F|\n|poke|p2|Gholdengo, L50|\n|poke|p2|Baxcalibur, L50, F|\n|poke|p2|Talonflame, L50, F|\n|poke|p2|Hydreigon, L50, M|\n|teampreview|4\n|inactive|Battle timer is ON: inactive players will automatically lose when time's up. (requested by vgclth elowyn)\n|inactive|jdarcan has 60 seconds left.\n|\n|t:|1731784074\n|start\n|switch|p1a: Ursaluna|Ursaluna-Bloodmoon, L50, M|100\/100\n|switch|p1b: Electabuzz|Electabuzz, L50, F|100\/100\n|switch|p2a: Grimmsnarl|Grimmsnarl, L50, M|100\/100\n|switch|p2b: Gholdengo|Gholdengo, L50|100\/100\n|turn|1\n|\n|t:|1731784097\n|move|p2b: Gholdengo|Protect|p2b: Gholdengo\n|-singleturn|p2b: Gholdengo|Protect\n|move|p2a: Grimmsnarl|Light Screen|p2a: Grimmsnarl\n|-sidestart|p2: jdarcan|move: Light Screen\n|move|p1b: Electabuzz|Electroweb|p2b: Gholdengo|[spread] \n|-activate|p2b: Gholdengo|move: Protect\n|-miss|p1b: Electabuzz|p2a: Grimmsnarl\n|move|p1a: Ursaluna|Earth Power|p2b: Gholdengo\n|-activate|p2b: Gholdengo|move: Protect\n|\n|upkeep\n|turn|2\n|\n|t:|1731784114\n|move|p2a: Grimmsnarl|Parting Shot|p1a: Ursaluna\n|-unboost|p1a: Ursaluna|atk|1\n|-unboost|p1a: Ursaluna|spa|1\n|\n|t:|1731784117\n|switch|p2a: Baxcalibur|Baxcalibur, L50, F|100\/100|[from] Parting Shot\n|move|p1b: Electabuzz|Electroweb|p2b: Gholdengo|[spread] p2a,p2b\n|-resisted|p2a: Baxcalibur\n|-damage|p2a: Baxcalibur|98\/100\n|-damage|p2b: Gholdengo|91\/100\n|-unboost|p2a: Baxcalibur|spe|1\n|-unboost|p2b: Gholdengo|spe|1\n|move|p1a: Ursaluna|Earth Power|p2b: Gholdengo\n|-supereffective|p2b: Gholdengo\n|-damage|p2b: Gholdengo|32\/100\n|-damage|p1a: Ursaluna|91\/100|[from] item: Life Orb\n|move|p2b: Gholdengo|Make It Rain|p1b: Electabuzz|[spread] p1a,p1b\n|-resisted|p1b: Electabuzz\n|-damage|p1a: Ursaluna|4\/100\n|-damage|p1b: Electabuzz|74\/100\n|-unboost|p2b: Gholdengo|spa|1\n|-damage|p2b: Gholdengo|23\/100|[from] item: Life Orb\n|\n|upkeep\n|turn|3\n|inactive|vgclth elowyn has 30 seconds left.\n|\n|t:|1731784145\n|switch|p2b: Grimmsnarl|Grimmsnarl, L50, M|100\/100\n|-terastallize|p1a: Ursaluna|Normal\n|move|p1b: Electabuzz|Follow Me|p1b: Electabuzz\n|-singleturn|p1b: Electabuzz|move: Follow Me\n|move|p1a: Ursaluna|Blood Moon|p2a: Baxcalibur\n|-damage|p2a: Baxcalibur|65\/100\n|-damage|p1a: Ursaluna|0 fnt|[from] item: Life Orb\n|faint|p1a: Ursaluna\n|move|p2a: Baxcalibur|Glaive Rush|p1b: Electabuzz\n|-damage|p1b: Electabuzz|2\/100\n|-singlemove|p2a: Baxcalibur|Glaive Rush|[silent]\n|\n|upkeep\n|j| Bohoennian\n|\n|t:|1731784159\n|switch|p1a: Sneasler|Sneasler, L50, M|100\/100\n|turn|4\n|\n|t:|1731784176\n|switch|p1b: Indeedee|Indeedee, L50, M|100\/100\n|-fieldstart|move: Psychic Terrain|[from] ability: Psychic Surge|[of] p1b: Indeedee\n|-enditem|p1a: Sneasler|Psychic Seed\n|-boost|p1a: Sneasler|spd|1|[from] item: Psychic Seed\n|move|p2b: Grimmsnarl|Reflect|p2b: Grimmsnarl\n|-sidestart|p2: jdarcan|Reflect\n|move|p2a: Baxcalibur|Ice Shard|p1b: Indeedee\n|-activate|p1b: Indeedee|move: Psychic Terrain\n|move|p1a: Sneasler|Close Combat|p2a: Baxcalibur\n|-supereffective|p2a: Baxcalibur\n|-damage|p2a: Baxcalibur|0 fnt\n|-unboost|p1a: Sneasler|def|1\n|-unboost|p1a: Sneasler|spd|1\n|faint|p2a: Baxcalibur\n|\n|upkeep\n|j| Broccol1\n|inactive|jdarcan has 30 seconds left.\n|\n|t:|1731784203\n|switch|p2a: Gyarados|Gyarados, L50, F|100\/100\n|-ability|p2a: Gyarados|Intimidate|boost\n|-unboost|p1a: Sneasler|atk|1\n|-unboost|p1b: Indeedee|atk|1\n|turn|5\n|\n|t:|1731784218\n|move|p1b: Indeedee|Protect|p1b: Indeedee\n|-singleturn|p1b: Indeedee|Protect\n|move|p1a: Sneasler|Dire Claw|p2b: Grimmsnarl\n|-supereffective|p2b: Grimmsnarl\n|-damage|p2b: Grimmsnarl|59\/100\n|move|p2a: Gyarados|Waterfall|p1a: Sneasler\n|-damage|p1a: Sneasler|10\/100\n|move|p2b: Grimmsnarl|Spirit Break|p1a: Sneasler\n|-damage|p1a: Sneasler|0 fnt\n|faint|p1a: Sneasler\n|\n|upkeep\n|\n|t:|1731784226\n|switch|p1a: Electabuzz|Electabuzz, L50, F|2\/100\n|turn|6\n|-message|vgclth elowyn forfeited.\n|\n|win|jdarcan\n|raw|vgclth elowyn's rating: 1754 &rarr; <strong>1733<\/strong><br \/>(-21 for losing)\n|raw|jdarcan's rating: 1731 &rarr; <strong>1752<\/strong><br \/>(+21 for winning)\n|l|\u2606vgclth elowyn\n|player|p1|\n|l|\u2606jdarcan\n|player|p2|\n|l| Broccol1\n|l| Bohoennian\n","uploadtime":1731784459,"views":20,"formatid":"gen9vgc2024regh","rating":1733,"private":0,"password":null}