{"id":"gen9vgc2024regh-2245547331","format":"[Gen 9] VGC 2024 Reg H","players":["ruizuuuu","VGCLTH skibidi"],"log":"|raw|<div class=\"broadcast-blue\"><strong>This battle is required to be public due to a player having a name starting with 'vgclth'.<\/div>\n|j|\u2606ruizuuuu\n|j|\u2606VGCLTH skibidi\n|t:|1731844413\n|gametype|doubles\n|player|p1|ruizuuuu|265|1663\n|player|p2|VGCLTH skibidi|piers-masters|1707\n|teamsize|p1|6\n|teamsize|p2|6\n|gen|9\n|tier|[Gen 9] VGC 2024 Reg H\n|rated|\n|rule|Species Clause: Limit one of each Pok\u00e9mon\n|rule|Item Clause: Limit 1 of each item\n|clearpoke\n|poke|p1|Archaludon, L50, M|\n|poke|p1|Gholdengo, L50|\n|poke|p1|Pelipper, L50, M|\n|poke|p1|Ursaluna, L50, F|\n|poke|p1|Dragonite, L50, M|\n|poke|p1|Sinistcha, L50|\n|poke|p2|Farigiraf, L50, F|\n|poke|p2|Armarouge, L50, M|\n|poke|p2|Annihilape, L50, M|\n|poke|p2|Indeedee-F, L50, F|\n|poke|p2|Torkoal, L50, M|\n|poke|p2|Snorlax, L50, M|\n|teampreview|4\n|inactive|Battle timer is ON: inactive players will automatically lose when time's up. (requested by VGCLTH skibidi)\n|inactive|ruizuuuu also wants the timer to be on.\n|inactive|ruizuuuu has 60 seconds left.\n|inactive|VGCLTH skibidi has 60 seconds left.\n|j| vgclth elowyn\n|j| mr pogostick\n|l| mr pogostick\n|j| adorluigi\n|c| vgclth elowyn|go ruizuuuu\n|inactive|ruizuuuu has 30 seconds left.\n|\n|t:|1731844475\n|start\n|switch|p1a: Dragonite|Dragonite, L50, M|100\/100\n|switch|p1b: Ursaluna|Ursaluna, L50, F|100\/100\n|switch|p2a: Snorlax|Snorlax, L50, M|100\/100\n|switch|p2b: Indeedee|Indeedee-F, L50, F|100\/100\n|-fieldstart|move: Psychic Terrain|[from] ability: Psychic Surge|[of] p2b: Indeedee\n|turn|1\n|inactive|ruizuuuu has 30 seconds left.\n|\n|t:|1731844505\n|move|p2b: Indeedee|Follow Me|p2b: Indeedee\n|-singleturn|p2b: Indeedee|move: Follow Me\n|move|p1a: Dragonite|Scale Shot|p2b: Indeedee\n|-damage|p2b: Indeedee|87\/100\n|-damage|p2b: Indeedee|75\/100\n|-damage|p2b: Indeedee|61\/100\n|-damage|p2b: Indeedee|47\/100\n|-damage|p2b: Indeedee|34\/100\n|-hitcount|p2b: Indeedee|5\n|-unboost|p1a: Dragonite|def|1\n|-boost|p1a: Dragonite|spe|1\n|move|p1b: Ursaluna|Headlong Rush|p2b: Indeedee\n|-damage|p2b: Indeedee|0 fnt\n|-unboost|p1b: Ursaluna|def|1\n|-unboost|p1b: Ursaluna|spd|1\n|faint|p2b: Indeedee\n|move|p2a: Snorlax|Belly Drum|p2a: Snorlax\n|-damage|p2a: Snorlax|50\/100\n|-setboost|p2a: Snorlax|atk|6|[from] move: Belly Drum\n|\n|-status|p1b: Ursaluna|brn|[from] item: Flame Orb\n|upkeep\n|\n|t:|1731844513\n|switch|p2b: Farigiraf|Farigiraf, L50, F|100\/100\n|-item|p2b: Farigiraf|Air Balloon\n|turn|2\n|inactive|ruizuuuu has 30 seconds left.\n|inactive|ruizuuuu has 20 seconds left.\n|inactive|ruizuuuu has 15 seconds left.\n|inactive|ruizuuuu has 10 seconds left.\n|-enditem|p2a: Snorlax|Custap Berry|[eat]\n|-activate|p2a: Snorlax|item: Custap Berry|[consumed]\n|\n|t:|1731844559\n|-terastallize|p2a: Snorlax|Rock\n|move|p1b: Ursaluna|Protect|p1b: Ursaluna\n|-singleturn|p1b: Ursaluna|Protect\n|move|p2a: Snorlax|Rock Slide|p1a: Dragonite|[spread] p1a\n|-activate|p1b: Ursaluna|move: Protect\n|-supereffective|p1a: Dragonite\n|-damage|p1a: Dragonite|0 fnt\n|faint|p1a: Dragonite\n|move|p2b: Farigiraf|Psychic|p1b: Ursaluna\n|-activate|p1b: Ursaluna|move: Protect\n|\n|-damage|p1b: Ursaluna|94\/100 brn|[from] brn\n|upkeep\n|inactive|ruizuuuu has 30 seconds left.\n|inactive|ruizuuuu has 20 seconds left.\n|\n|t:|1731844595\n|switch|p1a: Archaludon|Archaludon, L50, M|100\/100\n|turn|3\n|\n|t:|1731844604\n|move|p1a: Archaludon|Snarl|p2a: Snorlax|[spread] p2a,p2b\n|-supereffective|p2b: Farigiraf\n|-damage|p2a: Snorlax|42\/100\n|-damage|p2b: Farigiraf|71\/100\n|-unboost|p2a: Snorlax|spa|1\n|-unboost|p2b: Farigiraf|spa|1\n|-enditem|p2b: Farigiraf|Air Balloon\n|move|p1b: Ursaluna|Headlong Rush|p2a: Snorlax\n|-supereffective|p2a: Snorlax\n|-damage|p2a: Snorlax|0 fnt\n|-unboost|p1b: Ursaluna|def|1\n|-unboost|p1b: Ursaluna|spd|1\n|faint|p2a: Snorlax\n|move|p2b: Farigiraf|Trick Room|p2b: Farigiraf\n|-fieldstart|move: Trick Room|[of] p2b: Farigiraf\n|\n|-damage|p1b: Ursaluna|88\/100 brn|[from] brn\n|upkeep\n|\n|t:|1731844607\n|switch|p2a: Torkoal|Torkoal, L50, M, shiny|100\/100\n|-weather|SunnyDay|[from] ability: Drought|[of] p2a: Torkoal\n|turn|4\n|\n|t:|1731844623\n|switch|p1b: Pelipper|Pelipper, L50, M|100\/100\n|-weather|RainDance|[from] ability: Drizzle|[of] p1b: Pelipper\n|move|p2a: Torkoal|Weather Ball|p1b: Pelipper\n|-resisted|p1b: Pelipper\n|-damage|p1b: Pelipper|50\/100\n|move|p2b: Farigiraf|Calm Mind|p2b: Farigiraf\n|-boost|p2b: Farigiraf|spa|1\n|-boost|p2b: Farigiraf|spd|1\n|move|p1a: Archaludon|Snarl|p2a: Torkoal|[spread] p2a,p2b\n|-supereffective|p2b: Farigiraf\n|-damage|p2a: Torkoal|82\/100\n|-damage|p2b: Farigiraf|52\/100\n|-unboost|p2a: Torkoal|spa|1\n|-unboost|p2b: Farigiraf|spa|1\n|\n|-weather|RainDance|[upkeep]\n|upkeep\n|turn|5\n|inactive|ruizuuuu has 30 seconds left.\n|\n|t:|1731844654\n|move|p1b: Pelipper|Protect|p1b: Pelipper\n|-singleturn|p1b: Pelipper|Protect\n|move|p2a: Torkoal|Weather Ball|p1a: Archaludon\n|-resisted|p1a: Archaludon\n|-damage|p1a: Archaludon|85\/100\n|-ability|p1a: Archaludon|Stamina|boost\n|-boost|p1a: Archaludon|def|1\n|move|p2b: Farigiraf|Psychic|p1b: Pelipper\n|-activate|p1b: Pelipper|move: Protect\n|move|p1a: Archaludon|Snarl|p2b: Farigiraf|[spread] p2a,p2b\n|-crit|p2a: Torkoal\n|-supereffective|p2b: Farigiraf\n|-damage|p2a: Torkoal|59\/100\n|-damage|p2b: Farigiraf|34\/100\n|-unboost|p2a: Torkoal|spa|1\n|-unboost|p2b: Farigiraf|spa|1\n|\n|-weather|RainDance|[upkeep]\n|-fieldend|move: Psychic Terrain\n|upkeep\n|turn|6\n|-message|VGCLTH skibidi forfeited.\n|\n|win|ruizuuuu\n|raw|ruizuuuu's rating: 1663 &rarr; <strong>1686<\/strong><br \/>(+23 for winning)\n|raw|VGCLTH skibidi's rating: 1707 &rarr; <strong>1684<\/strong><br \/>(-23 for losing)\n|l|\u2606VGCLTH skibidi\n|player|p2|\n|l|\u2606ruizuuuu\n|player|p1|\n","uploadtime":1731844809,"views":10,"formatid":"gen9vgc2024regh","rating":1684,"private":0,"password":null}