{"id":"gen9vgc2024regh-2245908129","format":"[Gen 9] VGC 2024 Reg H","players":["vgclth chromate","don't use magmar"],"log":"|raw|<div class=\"broadcast-blue\"><strong>This battle is required to be public due to a player having a name starting with 'vgclth'.<\/div>\n|j|\u2606vgclth chromate\n|j|\u2606don't use magmar\n|t:|1731891523\n|gametype|doubles\n|player|p1|vgclth chromate|allister|1846\n|player|p2|don't use magmar|lucas|1810\n|teamsize|p1|6\n|teamsize|p2|6\n|gen|9\n|tier|[Gen 9] VGC 2024 Reg H\n|rated|\n|rule|Species Clause: Limit one of each Pok\u00e9mon\n|rule|Item Clause: Limit 1 of each item\n|clearpoke\n|poke|p1|Archaludon, L50, M|\n|poke|p1|Pelipper, L50, F|\n|poke|p1|Basculegion, L50, M|\n|poke|p1|Gholdengo, L50|\n|poke|p1|Incineroar, L50, F|\n|poke|p1|Amoonguss, L50, F|\n|poke|p2|Incineroar, L50, M|\n|poke|p2|Amoonguss, L50, F|\n|poke|p2|Gholdengo, L50|\n|poke|p2|Sneasler, L50, F|\n|poke|p2|Ursaluna-Bloodmoon, L50, M|\n|poke|p2|Palafin, L50, M|\n|teampreview|4\n|\n|t:|1731891556\n|start\n|switch|p1a: Gholdengo|Gholdengo, L50|100\/100\n|switch|p1b: Pelipper|Pelipper, L50, F|100\/100\n|switch|p2a: Sneasler|Sneasler, L50, F|100\/100\n|switch|p2b: Ursaluna|Ursaluna-Bloodmoon, L50, M|100\/100\n|-weather|RainDance|[from] ability: Drizzle|[of] p1b: Pelipper\n|turn|1\n|\n|t:|1731891566\n|move|p1b: Pelipper|Protect|p1b: Pelipper\n|-singleturn|p1b: Pelipper|Protect\n|move|p2a: Sneasler|Fake Out|p1b: Pelipper\n|-activate|p1b: Pelipper|move: Protect\n|move|p1a: Gholdengo|Make It Rain|p2b: Ursaluna|[spread] p2a,p2b\n|-damage|p2a: Sneasler|15\/100\n|-damage|p2b: Ursaluna|57\/100\n|-unboost|p1a: Gholdengo|spa|1\n|-damage|p1a: Gholdengo|91\/100|[from] item: Life Orb\n|move|p2b: Ursaluna|Earth Power|p1a: Gholdengo\n|-supereffective|p1a: Gholdengo\n|-damage|p1a: Gholdengo|0 fnt\n|faint|p1a: Gholdengo\n|\n|-weather|RainDance|[upkeep]\n|upkeep\n|\n|t:|1731891578\n|switch|p1a: Incineroar|Incineroar, L50, F|100\/100\n|-ability|p1a: Incineroar|Intimidate|boost\n|-unboost|p2a: Sneasler|atk|1\n|-unboost|p2b: Ursaluna|atk|1\n|turn|2\n|\n|t:|1731891584\n|-terastallize|p2b: Ursaluna|Normal\n|move|p1a: Incineroar|Fake Out|p2b: Ursaluna\n|-damage|p2b: Ursaluna|48\/100\n|move|p2a: Sneasler|Close Combat|p1a: Incineroar\n|-supereffective|p1a: Incineroar\n|-damage|p1a: Incineroar|21\/100\n|-unboost|p2a: Sneasler|def|1\n|-unboost|p2a: Sneasler|spd|1\n|move|p1b: Pelipper|Tailwind|p1b: Pelipper\n|-sidestart|p1: vgclth chromate|move: Tailwind\n|cant|p2b: Ursaluna|flinch\n|\n|-weather|RainDance|[upkeep]\n|upkeep\n|turn|3\n|j| iiinu\n|\n|t:|1731891605\n|switch|p1a: Archaludon|Archaludon, L50, M|100\/100\n|switch|p2a: Amoonguss|Amoonguss, L50, F|100\/100\n|move|p1b: Pelipper|Weather Ball|p2a: Amoonguss\n|-resisted|p2a: Amoonguss\n|-damage|p2a: Amoonguss|73\/100\n|move|p2b: Ursaluna|Hyper Voice|p1a: Archaludon|[spread] p1a,p1b\n|-resisted|p1a: Archaludon\n|-damage|p1a: Archaludon|83\/100\n|-damage|p1b: Pelipper|12\/100\n|-ability|p1a: Archaludon|Stamina|boost\n|-boost|p1a: Archaludon|def|1\n|\n|-weather|RainDance|[upkeep]\n|upkeep\n|turn|4\n|\n|t:|1731891617\n|-terastallize|p1a: Archaludon|Grass\n|move|p1b: Pelipper|Protect|p1b: Pelipper\n|-singleturn|p1b: Pelipper|Protect\n|move|p2b: Ursaluna|Vacuum Wave|p1b: Pelipper\n|-activate|p1b: Pelipper|move: Protect\n|move|p1a: Archaludon|Electro Shot||[still]\n|-prepare|p1a: Archaludon|Electro Shot\n|-boost|p1a: Archaludon|spa|1\n|-anim|p1a: Archaludon|Electro Shot|p2b: Ursaluna\n|-damage|p2b: Ursaluna|3\/100\n|move|p2a: Amoonguss|Spore|p1a: Archaludon\n|-immune|p1a: Archaludon\n|\n|-weather|RainDance|[upkeep]\n|upkeep\n|turn|5\n|\n|t:|1731891635\n|move|p2b: Ursaluna|Vacuum Wave|p1b: Pelipper\n|-resisted|p1b: Pelipper\n|-damage|p1b: Pelipper|0 fnt\n|faint|p1b: Pelipper\n|move|p1a: Archaludon|Electro Shot||[still]\n|-prepare|p1a: Archaludon|Electro Shot\n|-boost|p1a: Archaludon|spa|1\n|-anim|p1a: Archaludon|Electro Shot|p2b: Ursaluna\n|-damage|p2b: Ursaluna|0 fnt\n|faint|p2b: Ursaluna\n|move|p2a: Amoonguss|Sludge Bomb|p1a: Archaludon\n|-supereffective|p1a: Archaludon\n|-damage|p1a: Archaludon|45\/100\n|-ability|p1a: Archaludon|Stamina|boost\n|-boost|p1a: Archaludon|def|1\n|\n|-weather|none\n|-sideend|p1: vgclth chromate|move: Tailwind\n|upkeep\n|\n|t:|1731891641\n|switch|p1b: Incineroar|Incineroar, L50, F|21\/100\n|switch|p2b: Gholdengo|Gholdengo, L50|100\/100\n|-ability|p1b: Incineroar|Intimidate|boost\n|-unboost|p2a: Amoonguss|atk|1\n|-unboost|p2b: Gholdengo|atk|1\n|turn|6\n|\n|t:|1731891649\n|move|p2a: Amoonguss|Protect|p2a: Amoonguss\n|-singleturn|p2a: Amoonguss|Protect\n|move|p2b: Gholdengo|Make It Rain|p1a: Archaludon|[spread] p1a,p1b\n|-resisted|p1b: Incineroar\n|-damage|p1a: Archaludon|10\/100\n|-damage|p1b: Incineroar|0 fnt\n|-unboost|p2b: Gholdengo|spa|1\n|-ability|p1a: Archaludon|Stamina|boost\n|-boost|p1a: Archaludon|def|1\n|faint|p1b: Incineroar\n|move|p1a: Archaludon|Dragon Pulse|p2a: Amoonguss\n|-activate|p2a: Amoonguss|move: Protect\n|\n|upkeep\n|turn|7\n|-message|vgclth chromate forfeited.\n|\n|win|don't use magmar\n|raw|vgclth chromate's rating: 1846 &rarr; <strong>1824<\/strong><br \/>(-22 for losing)\n|raw|don&apos;t use magmar's rating: 1810 &rarr; <strong>1832<\/strong><br \/>(+22 for winning)\n|l|\u2606vgclth chromate\n|player|p1|\n","uploadtime":1731891658,"views":105,"formatid":"gen9vgc2024regh","rating":1824,"private":0,"password":null}