{"id":"gen9vgc2024regh-2245743992","format":"[Gen 9] VGC 2024 Reg H","players":["Zordor","Toasteduck"],"log":"|j|\u2606Zordor\n|j|\u2606Toasteduck\n|t:|1731871705\n|gametype|doubles\n|player|p1|Zordor|pilot|1757\n|player|p2|Toasteduck|266|1683\n|teamsize|p1|6\n|teamsize|p2|6\n|gen|9\n|tier|[Gen 9] VGC 2024 Reg H\n|rated|\n|rule|Species Clause: Limit one of each Pok\u00e9mon\n|rule|Item Clause: Limit 1 of each item\n|clearpoke\n|poke|p1|Rotom-Wash, L50|\n|poke|p1|Sneasler, L50, F|\n|poke|p1|Armarouge, L50, F|\n|poke|p1|Venusaur, L50, F|\n|poke|p1|Hydreigon, L50, M|\n|poke|p1|Scizor, L50, M|\n|poke|p2|Talonflame, L50, M|\n|poke|p2|Baxcalibur, L50, M|\n|poke|p2|Ninetales-Alola, L50, M|\n|poke|p2|Rillaboom, L50, M|\n|poke|p2|Empoleon, L50, F|\n|poke|p2|Flamigo, L50, F|\n|teampreview|4\n|\n|t:|1731871782\n|start\n|switch|p1a: Sneasler|Sneasler, L50, F|100\/100\n|switch|p1b: Armarouge|Armarouge, L50, F|100\/100\n|switch|p2a: Talonflame|Talonflame, L50, M|100\/100\n|switch|p2b: Baxcalibur|Baxcalibur, L50, M|100\/100\n|turn|1\n|\n|t:|1731871833\n|-terastallize|p2b: Baxcalibur|Dragon\n|move|p1a: Sneasler|Protect|p1a: Sneasler\n|-singleturn|p1a: Sneasler|Protect\n|move|p2a: Talonflame|Tailwind|p2a: Talonflame\n|-sidestart|p2: Toasteduck|move: Tailwind\n|move|p2b: Baxcalibur|Scale Shot|p1a: Sneasler\n|-activate|p1a: Sneasler|move: Protect\n|move|p1b: Armarouge|Meteor Beam||[still]\n|-prepare|p1b: Armarouge|Meteor Beam\n|-boost|p1b: Armarouge|spa|1\n|-enditem|p1b: Armarouge|Power Herb\n|-anim|p1b: Armarouge|Meteor Beam|p2b: Baxcalibur\n|-damage|p2b: Baxcalibur|44\/100\n|\n|upkeep\n|turn|2\n|\n|t:|1731871849\n|move|p2a: Talonflame|Will-O-Wisp|p1a: Sneasler\n|-status|p1a: Sneasler|brn\n|move|p2b: Baxcalibur|Scale Shot|p1b: Armarouge\n|-damage|p1b: Armarouge|80\/100\n|-damage|p1b: Armarouge|59\/100\n|-damage|p1b: Armarouge|40\/100\n|-damage|p1b: Armarouge|22\/100\n|-damage|p1b: Armarouge|3\/100\n|-hitcount|p1b: Armarouge|5\n|-unboost|p2b: Baxcalibur|def|1\n|-boost|p2b: Baxcalibur|spe|1\n|move|p1a: Sneasler|Rock Tomb|p2a: Talonflame\n|-supereffective|p2a: Talonflame\n|-damage|p2a: Talonflame|55\/100\n|move|p1b: Armarouge|Psychic|p2a: Talonflame\n|-damage|p2a: Talonflame|0 fnt\n|faint|p2a: Talonflame\n|\n|-damage|p1a: Sneasler|94\/100 brn|[from] brn\n|upkeep\n|\n|t:|1731871904\n|switch|p2a: Flamigo|Flamigo, L50, F|100\/100\n|turn|3\n|\n|t:|1731871916\n|move|p1a: Sneasler|Protect|p1a: Sneasler\n|-singleturn|p1a: Sneasler|Protect\n|move|p1b: Armarouge|Protect|p1b: Armarouge\n|-singleturn|p1b: Armarouge|Protect\n|move|p2b: Baxcalibur|Icicle Spear|p1b: Armarouge\n|-activate|p1b: Armarouge|move: Protect\n|move|p2a: Flamigo|Dual Wingbeat|p1a: Sneasler\n|-activate|p1a: Sneasler|move: Protect\n|\n|-damage|p1a: Sneasler|88\/100 brn|[from] brn\n|upkeep\n|turn|4\n|\n|t:|1731871940\n|move|p2b: Baxcalibur|Scale Shot|p1a: Sneasler|[miss]\n|-miss|p2b: Baxcalibur|p1a: Sneasler\n|move|p2a: Flamigo|Close Combat|p1b: Armarouge\n|-resisted|p1b: Armarouge\n|-damage|p1b: Armarouge|0 fnt\n|-unboost|p2a: Flamigo|def|1\n|-unboost|p2a: Flamigo|spd|1\n|faint|p1b: Armarouge\n|move|p1a: Sneasler|Dire Claw|p2b: Baxcalibur\n|-damage|p2b: Baxcalibur|17\/100\n|-status|p2b: Baxcalibur|psn\n|\n|-damage|p2b: Baxcalibur|5\/100 psn|[from] psn\n|-damage|p1a: Sneasler|82\/100 brn|[from] brn\n|-sideend|p2: Toasteduck|move: Tailwind\n|upkeep\n|\n|t:|1731871947\n|switch|p1b: Scizor|Scizor, L50, M|100\/100\n|turn|5\n|j| Bohoennian\n|\n|t:|1731871967\n|move|p1a: Sneasler|Protect|p1a: Sneasler\n|-singleturn|p1a: Sneasler|Protect\n|move|p2b: Baxcalibur|Ice Shard|p1a: Sneasler\n|-activate|p1a: Sneasler|move: Protect\n|move|p2a: Flamigo|Dual Wingbeat|p1a: Sneasler\n|-activate|p1a: Sneasler|move: Protect\n|move|p1b: Scizor|Dual Wingbeat|p2a: Flamigo\n|-supereffective|p2a: Flamigo\n|-damage|p2a: Flamigo|9\/100\n|-supereffective|p2a: Flamigo\n|-damage|p2a: Flamigo|0 fnt\n|faint|p2a: Flamigo\n|-hitcount|p2: Flamigo|2\n|\n|-damage|p2b: Baxcalibur|0 fnt|[from] psn\n|faint|p2b: Baxcalibur\n|-damage|p1a: Sneasler|76\/100 brn|[from] brn\n|upkeep\n|\n|t:|1731871974\n|switch|p2b: Empoleon|Empoleon, L50, F|100\/100\n|turn|6\n|c|\u2606Toasteduck|gg\n|\n|t:|1731871989\n|move|p1a: Sneasler|Close Combat|p2b: Empoleon\n|-supereffective|p2b: Empoleon\n|-damage|p2b: Empoleon|45\/100\n|-unboost|p1a: Sneasler|def|1\n|-unboost|p1a: Sneasler|spd|1\n|move|p1b: Scizor|Knock Off|p2b: Empoleon\n|-damage|p2b: Empoleon|7\/100\n|-enditem|p2b: Empoleon|Leftovers|[from] move: Knock Off|[of] p1b: Scizor\n|move|p2b: Empoleon|Flash Cannon|p1a: Sneasler\n|-damage|p1a: Sneasler|0 fnt\n|faint|p1a: Sneasler\n|\n|upkeep\n|\n|t:|1731871999\n|switch|p1a: Venusaur|Venusaur, L50, F|100\/100\n|turn|7\n|\n|t:|1731872006\n|move|p1a: Venusaur|Giga Drain|p2b: Empoleon\n|-damage|p2b: Empoleon|0 fnt\n|faint|p2b: Empoleon\n|\n|win|Zordor\n|raw|Zordor's rating: 1757 &rarr; <strong>1773<\/strong><br \/>(+16 for winning)\n|raw|Toasteduck's rating: 1683 &rarr; <strong>1667<\/strong><br \/>(-16 for losing)\n|l| Bohoennian\n|l|\u2606Toasteduck\n|player|p2|\n|l|\u2606Zordor\n|player|p1|\n","uploadtime":1731872165,"views":16,"formatid":"gen9vgc2024regh","rating":1667,"private":0,"password":null}