{"id":"gen9vgc2024regh-2245744606","format":"[Gen 9] VGC 2024 Reg H","players":["VGCLTH Python","KermitTheFrog14"],"log":"|raw|<div class=\"broadcast-blue\"><strong>This battle is required to be public due to a player having a name starting with 'vgclth'.<\/div>\n|j|\u2606VGCLTH Python\n|j|\u2606KermitTheFrog14\n|t:|1731871779\n|gametype|doubles\n|player|p1|VGCLTH Python|yellow|1741\n|player|p2|KermitTheFrog14|266|1659\n|teamsize|p1|6\n|teamsize|p2|6\n|gen|9\n|tier|[Gen 9] VGC 2024 Reg H\n|rated|\n|rule|Species Clause: Limit one of each Pok\u00e9mon\n|rule|Item Clause: Limit 1 of each item\n|clearpoke\n|poke|p1|Baxcalibur, L50, M|\n|poke|p1|Sneasler, L50, M|\n|poke|p1|Magmar, L50, M|\n|poke|p1|Kingambit, L50, F|\n|poke|p1|Rillaboom, L50, M|\n|poke|p1|Dondozo, L50, M|\n|poke|p2|Murkrow, L50, F|\n|poke|p2|Gastrodon, L50, M|\n|poke|p2|Garchomp, L50, F|\n|poke|p2|Rotom-Heat, L50|\n|poke|p2|Gholdengo, L50|\n|poke|p2|Sneasler, L50, F|\n|teampreview|4\n|\n|t:|1731871823\n|start\n|switch|p1a: Kingambit|Kingambit, L50, F|100\/100\n|switch|p1b: Rillaboom|Rillaboom, L50, M|100\/100\n|switch|p2a: Gholdengo|Gholdengo, L50|100\/100\n|switch|p2b: Sneasler|Sneasler, L50, F|100\/100\n|-fieldstart|move: Grassy Terrain|[from] ability: Grassy Surge|[of] p1b: Rillaboom\n|turn|1\n|j| vgclth cuwutie\n|\n|t:|1731871837\n|-terastallize|p2a: Gholdengo|Steel\n|move|p2b: Sneasler|Fake Out|p1a: Kingambit\n|-resisted|p1a: Kingambit\n|-damage|p1a: Kingambit|95\/100\n|move|p1b: Rillaboom|Fake Out|p2b: Sneasler\n|-damage|p2b: Sneasler|77\/100\n|move|p2a: Gholdengo|Make It Rain|p1a: Kingambit|[spread] p1a,p1b\n|-resisted|p1a: Kingambit\n|-damage|p1a: Kingambit|48\/100\n|-damage|p1b: Rillaboom|22\/100\n|-unboost|p2a: Gholdengo|spa|1\n|cant|p1a: Kingambit|flinch\n|\n|-heal|p2b: Sneasler|82\/100|[from] Grassy Terrain\n|-heal|p1b: Rillaboom|28\/100|[from] Grassy Terrain\n|-heal|p1a: Kingambit|54\/100|[from] Grassy Terrain\n|upkeep\n|turn|2\n|\n|t:|1731871860\n|move|p1b: Rillaboom|Grassy Glide|p2b: Sneasler\n|-resisted|p2b: Sneasler\n|-damage|p2b: Sneasler|48\/100\n|move|p1a: Kingambit|Sucker Punch|p2b: Sneasler\n|-resisted|p2b: Sneasler\n|-damage|p2b: Sneasler|17\/100\n|move|p2b: Sneasler|Close Combat|p1a: Kingambit\n|-supereffective|p1a: Kingambit\n|-damage|p1a: Kingambit|0 fnt\n|-unboost|p2b: Sneasler|def|1\n|-unboost|p2b: Sneasler|spd|1\n|faint|p1a: Kingambit\n|move|p2a: Gholdengo|Make It Rain|p1b: Rillaboom\n|-damage|p1b: Rillaboom|0 fnt\n|-unboost|p2a: Gholdengo|spa|1\n|faint|p1b: Rillaboom\n|\n|-heal|p2b: Sneasler|22\/100|[from] Grassy Terrain\n|upkeep\n|\n|t:|1731871863\n|switch|p1b: Dondozo|Dondozo, L50, M|100\/100\n|switch|p1a: Baxcalibur|Baxcalibur, L50, M|100\/100\n|turn|3\n|\n|t:|1731871907\n|-terastallize|p1a: Baxcalibur|Ghost\n|move|p1a: Baxcalibur|Ice Shard|p2b: Sneasler\n|-damage|p2b: Sneasler|0 fnt\n|faint|p2b: Sneasler\n|move|p2a: Gholdengo|Make It Rain|p1b: Dondozo|[spread] p1a,p1b\n|-resisted|p1b: Dondozo\n|-damage|p1a: Baxcalibur|50\/100\n|-damage|p1b: Dondozo|62\/100\n|-unboost|p2a: Gholdengo|spa|1\n|move|p1b: Dondozo|Fissure|p2a: Gholdengo|[miss]\n|-miss|p1b: Dondozo|p2a: Gholdengo\n|\n|-heal|p1a: Baxcalibur|56\/100|[from] Grassy Terrain\n|-heal|p1b: Dondozo|68\/100|[from] Grassy Terrain\n|-heal|p1b: Dondozo|75\/100|[from] item: Leftovers\n|upkeep\n|\n|t:|1731871922\n|switch|p2b: Garchomp|Garchomp, L50, F|100\/100\n|turn|4\n|\n|t:|1731871932\n|switch|p2a: Rotom|Rotom-Heat, L50|100\/100\n|move|p2b: Garchomp|Protect|p2b: Garchomp\n|-singleturn|p2b: Garchomp|Protect\n|move|p1a: Baxcalibur|Protect|p1a: Baxcalibur\n|-singleturn|p1a: Baxcalibur|Protect\n|move|p1b: Dondozo|Wave Crash|p2a: Rotom\n|-supereffective|p2a: Rotom\n|-crit|p2a: Rotom\n|-damage|p2a: Rotom|0 fnt\n|faint|p2a: Rotom\n|-damage|p1b: Dondozo|58\/100|[from] Recoil\n|\n|-heal|p1a: Baxcalibur|61\/100|[from] Grassy Terrain\n|-heal|p1b: Dondozo|65\/100|[from] Grassy Terrain\n|-heal|p1b: Dondozo|71\/100|[from] item: Leftovers\n|upkeep\n|\n|t:|1731871944\n|switch|p2a: Gholdengo|Gholdengo, L50, tera:Steel|100\/100\n|turn|5\n|\n|t:|1731871953\n|move|p1a: Baxcalibur|Ice Shard|p2b: Garchomp\n|-supereffective|p2b: Garchomp\n|-damage|p2b: Garchomp|3\/100\n|move|p2b: Garchomp|Dragon Claw|p1b: Dondozo\n|-damage|p1b: Dondozo|42\/100\n|-damage|p2b: Garchomp|0 fnt|[from] item: Life Orb\n|faint|p2b: Garchomp\n|move|p2a: Gholdengo|Shadow Ball|p1a: Baxcalibur\n|-supereffective|p1a: Baxcalibur\n|-damage|p1a: Baxcalibur|0 fnt\n|faint|p1a: Baxcalibur\n|move|p1b: Dondozo|Fissure|p2a: Gholdengo|[miss]\n|-miss|p1b: Dondozo|p2a: Gholdengo\n|\n|-heal|p1b: Dondozo|48\/100|[from] Grassy Terrain\n|-heal|p1b: Dondozo|54\/100|[from] item: Leftovers\n|-fieldend|move: Grassy Terrain\n|upkeep\n|turn|6\n|\n|t:|1731871968\n|move|p1b: Dondozo|Protect|p1b: Dondozo\n|-singleturn|p1b: Dondozo|Protect\n|move|p2a: Gholdengo|Shadow Ball|p1b: Dondozo\n|-activate|p1b: Dondozo|move: Protect\n|\n|-heal|p1b: Dondozo|61\/100|[from] item: Leftovers\n|upkeep\n|turn|7\n|\n|t:|1731871972\n|move|p2a: Gholdengo|Shadow Ball|p1b: Dondozo\n|-damage|p1b: Dondozo|9\/100\n|move|p1b: Dondozo|Fissure|p2a: Gholdengo|[miss]\n|-miss|p1b: Dondozo|p2a: Gholdengo\n|\n|-heal|p1b: Dondozo|15\/100|[from] item: Leftovers\n|upkeep\n|turn|8\n|\n|t:|1731871977\n|move|p1b: Dondozo|Protect|p1b: Dondozo\n|-singleturn|p1b: Dondozo|Protect\n|move|p2a: Gholdengo|Shadow Ball|p1b: Dondozo\n|-activate|p1b: Dondozo|move: Protect\n|\n|-heal|p1b: Dondozo|21\/100|[from] item: Leftovers\n|upkeep\n|turn|9\n|\n|t:|1731871980\n|move|p2a: Gholdengo|Shadow Ball|p1b: Dondozo\n|-damage|p1b: Dondozo|0 fnt\n|faint|p1b: Dondozo\n|\n|win|KermitTheFrog14\n|raw|VGCLTH Python's rating: 1741 &rarr; <strong>1716<\/strong><br \/>(-25 for losing)\n|raw|KermitTheFrog14's rating: 1659 &rarr; <strong>1684<\/strong><br \/>(+25 for winning)\n|l|\u2606VGCLTH Python\n|player|p1|\n|l|\u2606KermitTheFrog14\n|player|p2|\n","uploadtime":1731872165,"views":11,"formatid":"gen9vgc2024regh","rating":1684,"private":0,"password":null}