{"id":"gen9vgc2024regh-2245702377","format":"[Gen 9] VGC 2024 Reg H","players":["vgclth elowyn","papixe"],"log":"|j|\u2606vgclth elowyn\n|j|\u2606papixe\n|t:|1731866821\n|gametype|doubles\n|player|p1|vgclth elowyn|hanbei-conquest|1751\n|player|p2|papixe|1|1683\n|teamsize|p1|6\n|teamsize|p2|6\n|gen|9\n|tier|[Gen 9] VGC 2024 Reg H\n|rated|\n|rule|Species Clause: Limit one of each Pok\u00e9mon\n|rule|Item Clause: Limit 1 of each item\n|clearpoke\n|poke|p1|Chandelure, L50, F|\n|poke|p1|Sylveon, L50, F|\n|poke|p1|Talonflame, L50, M|\n|poke|p1|Dragapult, L50, F|\n|poke|p1|Electabuzz, L50, F|\n|poke|p1|Dragonite, L50, M|\n|poke|p2|Amoonguss, L50, F|\n|poke|p2|Bisharp, L50, F|\n|poke|p2|Volcarona, L50, F|\n|poke|p2|Incineroar, L50, F|\n|poke|p2|Kommo-o, L50, F|\n|poke|p2|Excadrill, L50, F|\n|teampreview|4\n|\n|t:|1731866845\n|start\n|switch|p1a: Ampere|Electabuzz, L50, F|100\/100\n|switch|p1b: Turning|Dragapult, L50, F|100\/100\n|switch|p2a: Bisharp|Bisharp, L50, F, shiny|100\/100\n|switch|p2b: Incineroar|Incineroar, L50, F, shiny|100\/100\n|-ability|p2b: Incineroar|Intimidate|boost\n|-unboost|p1a: Ampere|atk|1\n|-fail|p1b: Turning|unboost|[from] ability: Clear Body|[of] p1b: Turning\n|turn|1\n|inactive|Battle timer is ON: inactive players will automatically lose when time's up. (requested by papixe)\n|\n|t:|1731866861\n|switch|p1b: Moonlight|Sylveon, L50, F|100\/100\n|move|p1a: Ampere|Taunt|p2a: Bisharp\n|-start|p2a: Bisharp|move: Taunt\n|move|p2a: Bisharp|Iron Head|p1b: Moonlight\n|-supereffective|p1b: Moonlight\n|-damage|p1b: Moonlight|0 fnt\n|faint|p1b: Moonlight\n|move|p2b: Incineroar|Knock Off|p1a: Ampere\n|-damage|p1a: Ampere|75\/100\n|-enditem|p1a: Ampere|Eviolite|[from] move: Knock Off|[of] p2b: Incineroar\n|\n|upkeep\n|\n|t:|1731866867\n|switch|p1b: MarcoFiaro|Talonflame, L50, M|100\/100\n|turn|2\n|\n|t:|1731866889\n|move|p1a: Ampere|Follow Me|p1a: Ampere\n|-singleturn|p1a: Ampere|move: Follow Me\n|move|p2a: Bisharp|Sucker Punch||[still]\n|-fail|p2a: Bisharp\n|move|p1b: MarcoFiaro|Flare Blitz|p2a: Bisharp\n|-supereffective|p2a: Bisharp\n|-damage|p2a: Bisharp|41\/100\n|-damage|p1b: MarcoFiaro|78\/100|[from] Recoil\n|move|p2b: Incineroar|U-turn|p1a: Ampere\n|-damage|p1a: Ampere|53\/100\n|\n|t:|1731866901\n|switch|p2b: Excadrill|Excadrill, L50, F, shiny|100\/100|[from] U-turn\n|-ability|p2b: Excadrill|Mold Breaker\n|\n|upkeep\n|turn|3\n|\n|t:|1731866910\n|switch|p2b: Incineroar|Incineroar, L50, F, shiny|100\/100\n|-ability|p2b: Incineroar|Intimidate|boost\n|-unboost|p1a: Ampere|atk|1\n|-unboost|p1b: MarcoFiaro|atk|1\n|-terastallize|p2a: Bisharp|Ghost\n|move|p1a: Ampere|Follow Me|p1a: Ampere\n|-singleturn|p1a: Ampere|move: Follow Me\n|move|p2a: Bisharp|Sucker Punch||[still]\n|-fail|p2a: Bisharp\n|move|p1b: MarcoFiaro|Flare Blitz|p2b: Incineroar\n|-resisted|p2b: Incineroar\n|-damage|p2b: Incineroar|88\/100\n|-damage|p1b: MarcoFiaro|73\/100|[from] Recoil\n|\n|-end|p2a: Bisharp|move: Taunt\n|upkeep\n|turn|4\n|\n|t:|1731866933\n|switch|p1a: Turning|Dragapult, L50, F|100\/100\n|move|p2b: Incineroar|Fake Out|p1a: Turning\n|-immune|p1a: Turning\n|move|p2a: Bisharp|Sucker Punch|p1b: MarcoFiaro\n|-damage|p1b: MarcoFiaro|16\/100\n|move|p1b: MarcoFiaro|Dual Wingbeat|p2b: Incineroar\n|-damage|p2b: Incineroar|80\/100\n|-damage|p2b: Incineroar|71\/100\n|-hitcount|p2b: Incineroar|2\n|\n|upkeep\n|turn|5\n|\n|t:|1731866950\n|switch|p1b: Ampere|Electabuzz, L50, F|53\/100\n|move|p1a: Turning|Sucker Punch|p2a: Bisharp\n|-supereffective|p2a: Bisharp\n|-crit|p2a: Bisharp\n|-damage|p2a: Bisharp|0 fnt\n|faint|p2a: Bisharp\n|move|p2b: Incineroar|Knock Off|p1a: Turning\n|-supereffective|p1a: Turning\n|-damage|p1a: Turning|0 fnt\n|-enditem|p1a: Turning|Choice Band|[from] move: Knock Off|[of] p2b: Incineroar\n|faint|p1a: Turning\n|\n|upkeep\n|\n|t:|1731866968\n|switch|p1a: MarcoFiaro|Talonflame, L50, M|16\/100\n|switch|p2a: Excadrill|Excadrill, L50, F, shiny|100\/100\n|-ability|p2a: Excadrill|Mold Breaker\n|turn|6\n|-message|vgclth elowyn forfeited.\n|\n|win|papixe\n|raw|vgclth elowyn's rating: 1751 &rarr; <strong>1727<\/strong><br \/>(-24 for losing)\n|raw|papixe's rating: 1683 &rarr; <strong>1707<\/strong><br \/>(+24 for winning)\n|l|\u2606papixe\n|player|p2|\n","uploadtime":1731867163,"views":14,"formatid":"gen9vgc2024regh","rating":1707,"private":0,"password":null}