{"id":"gen9vgc2024regh-2245699484","format":"[Gen 9] VGC 2024 Reg H","players":["VGCLTH skibidi","vgclth elowyn"],"log":"|raw|<div class=\"broadcast-blue\"><strong>This battle is required to be public due to a player having a name starting with 'vgclth'.<\/div>\n|j|\u2606VGCLTH skibidi\n|j|\u2606vgclth elowyn\n|t:|1731866479\n|gametype|doubles\n|player|p1|VGCLTH skibidi|piers-masters|1693\n|player|p2|vgclth elowyn|hanbei-conquest|1763\n|teamsize|p1|6\n|teamsize|p2|6\n|gen|9\n|tier|[Gen 9] VGC 2024 Reg H\n|rated|\n|rule|Species Clause: Limit one of each Pok\u00e9mon\n|rule|Item Clause: Limit 1 of each item\n|clearpoke\n|poke|p1|Ceruledge, L50, M|\n|poke|p1|Gastrodon-East, L50, F|\n|poke|p1|Sneasler, L50, M|\n|poke|p1|Kingambit, L50, M|\n|poke|p1|Rillaboom, L50, M|\n|poke|p1|Dragonite, L50, F|\n|poke|p2|Chandelure, L50, M|\n|poke|p2|Sylveon, L50, F|\n|poke|p2|Talonflame, L50, M|\n|poke|p2|Dragapult, L50, F|\n|poke|p2|Electabuzz, L50, F|\n|poke|p2|Dragonite, L50, M|\n|teampreview|4\n|inactive|Battle timer is ON: inactive players will automatically lose when time's up. (requested by VGCLTH skibidi)\n|inactive|VGCLTH skibidi has 60 seconds left.\n|\n|t:|1731866531\n|start\n|switch|p1a: King Arthur|Ceruledge, L50, M|100\/100\n|switch|p1b: Let's go gambling|Sneasler, L50, M|100\/100\n|switch|p2a: MarcoFiaro|Talonflame, L50, M|100\/100\n|switch|p2b: Soullight|Chandelure, L50, M|100\/100\n|turn|1\n|\n|t:|1731866543\n|move|p1a: King Arthur|Protect|p1a: King Arthur\n|-singleturn|p1a: King Arthur|Protect\n|move|p2a: MarcoFiaro|Tailwind|p2a: MarcoFiaro\n|-sidestart|p2: vgclth elowyn|move: Tailwind\n|move|p2b: Soullight|Shadow Ball|p1b: Let's go gambling\n|-damage|p1b: Let's go gambling|32\/100\n|move|p1b: Let's go gambling|Dire Claw|p2a: MarcoFiaro\n|-damage|p2a: MarcoFiaro|36\/100\n|\n|upkeep\n|turn|2\n|inactive|VGCLTH skibidi has 30 seconds left.\n|\n|t:|1731866577\n|move|p2a: MarcoFiaro|Dual Wingbeat|p1a: King Arthur\n|-damage|p1a: King Arthur|82\/100\n|-damage|p1a: King Arthur|63\/100\n|-hitcount|p1a: King Arthur|2\n|move|p2b: Soullight|Heat Wave|p1b: Let's go gambling|[spread] p1b\n|-start|p1a: King Arthur|ability: Flash Fire\n|-damage|p1b: Let's go gambling|0 fnt\n|faint|p1b: Let's go gambling\n|move|p1a: King Arthur|Bitter Blade|p2a: MarcoFiaro\n|-resisted|p2a: MarcoFiaro\n|-damage|p2a: MarcoFiaro|0 fnt\n|-heal|p1a: King Arthur|78\/100|[from] drain|[of] p2a: MarcoFiaro\n|faint|p2a: MarcoFiaro\n|\n|-heal|p1a: King Arthur|84\/100|[from] item: Leftovers\n|upkeep\n|\n|t:|1731866585\n|switch|p2a: Moonlight|Sylveon, L50, F|100\/100\n|switch|p1b: Godlyreal|Kingambit, L50, M|100\/100\n|turn|3\n|\n|t:|1731866601\n|-terastallize|p2a: Moonlight|Fairy\n|-terastallize|p1b: Godlyreal|Flying\n|move|p1a: King Arthur|Shadow Sneak|p2b: Soullight\n|-supereffective|p2b: Soullight\n|-damage|p2b: Soullight|34\/100\n|move|p2b: Soullight|Heat Wave|p1a: King Arthur|[spread] p1b\n|-immune|p1a: King Arthur|[from] ability: Flash Fire\n|-damage|p1b: Godlyreal|69\/100\n|move|p2a: Moonlight|Hyper Voice|p1a: King Arthur|[spread] p1a,p1b\n|-resisted|p1a: King Arthur\n|-damage|p1a: King Arthur|42\/100\n|-damage|p1b: Godlyreal|18\/100\n|move|p1b: Godlyreal|Iron Head|p2a: Moonlight\n|-supereffective|p2a: Moonlight\n|-damage|p2a: Moonlight|0 fnt\n|faint|p2a: Moonlight\n|\n|-heal|p1a: King Arthur|48\/100|[from] item: Leftovers\n|upkeep\n|\n|t:|1731866613\n|switch|p2a: Ampere|Electabuzz, L50, F|100\/100\n|turn|4\n|\n|t:|1731866627\n|switch|p1b: Imagine I miss lol|Dragonite, L50, F|100\/100\n|move|p2a: Ampere|Follow Me|p2a: Ampere\n|-singleturn|p2a: Ampere|move: Follow Me\n|move|p2b: Soullight|Shadow Ball|p1a: King Arthur\n|-supereffective|p1a: King Arthur\n|-damage|p1a: King Arthur|0 fnt\n|faint|p1a: King Arthur\n|\n|-sideend|p2: vgclth elowyn|move: Tailwind\n|upkeep\n|\n|t:|1731866630\n|switch|p1a: Godlyreal|Kingambit, L50, M, tera:Flying|18\/100\n|turn|5\n|\n|t:|1731866645\n|move|p2a: Ampere|Follow Me|p2a: Ampere\n|-singleturn|p2a: Ampere|move: Follow Me\n|move|p1a: Godlyreal|Sucker Punch||[still]\n|-fail|p1a: Godlyreal\n|move|p2b: Soullight|Heat Wave|p1b: Imagine I miss lol|[spread] p1a,p1b\n|-resisted|p1b: Imagine I miss lol\n|-damage|p1a: Godlyreal|0 fnt\n|-damage|p1b: Imagine I miss lol|90\/100\n|faint|p1a: Godlyreal\n|move|p1b: Imagine I miss lol|Scale Shot|p2a: Ampere\n|-damage|p2a: Ampere|90\/100\n|-damage|p2a: Ampere|79\/100\n|-damage|p2a: Ampere|69\/100\n|-damage|p2a: Ampere|58\/100\n|-hitcount|p2a: Ampere|4\n|-unboost|p1b: Imagine I miss lol|def|1\n|-boost|p1b: Imagine I miss lol|spe|1\n|\n|upkeep\n|turn|6\n|\n|t:|1731866662\n|move|p2a: Ampere|Follow Me|p2a: Ampere\n|-singleturn|p2a: Ampere|move: Follow Me\n|move|p1b: Imagine I miss lol|Scale Shot|p2a: Ampere\n|-damage|p2a: Ampere|48\/100\n|-crit|p2a: Ampere\n|-damage|p2a: Ampere|32\/100\n|-crit|p2a: Ampere\n|-damage|p2a: Ampere|13\/100\n|-damage|p2a: Ampere|2\/100\n|-hitcount|p2a: Ampere|4\n|-unboost|p1b: Imagine I miss lol|def|1\n|-boost|p1b: Imagine I miss lol|spe|1\n|move|p2b: Soullight|Trick Room|p2b: Soullight\n|-fieldstart|move: Trick Room|[of] p2b: Soullight\n|\n|upkeep\n|turn|7\n|\n|t:|1731866670\n|move|p1b: Imagine I miss lol|Protect|p1b: Imagine I miss lol\n|-singleturn|p1b: Imagine I miss lol|Protect\n|move|p2a: Ampere|Follow Me|p2a: Ampere\n|-singleturn|p2a: Ampere|move: Follow Me\n|move|p2b: Soullight|Shadow Ball|p1b: Imagine I miss lol\n|-activate|p1b: Imagine I miss lol|move: Protect\n|\n|upkeep\n|turn|8\n|\n|t:|1731866674\n|move|p2a: Ampere|Follow Me|p2a: Ampere\n|-singleturn|p2a: Ampere|move: Follow Me\n|move|p1b: Imagine I miss lol|Extreme Speed|p2a: Ampere\n|-damage|p2a: Ampere|0 fnt\n|faint|p2a: Ampere\n|move|p2b: Soullight|Shadow Ball|p1b: Imagine I miss lol\n|-damage|p1b: Imagine I miss lol|42\/100\n|\n|upkeep\n|turn|9\n|\n|t:|1731866679\n|move|p1b: Imagine I miss lol|Protect|p1b: Imagine I miss lol\n|-singleturn|p1b: Imagine I miss lol|Protect\n|move|p2b: Soullight|Shadow Ball|p1b: Imagine I miss lol\n|-activate|p1b: Imagine I miss lol|move: Protect\n|\n|upkeep\n|turn|10\n|\n|t:|1731866682\n|move|p1b: Imagine I miss lol|Protect||[still]\n|-fail|p1b: Imagine I miss lol\n|move|p2b: Soullight|Shadow Ball|p1b: Imagine I miss lol\n|-damage|p1b: Imagine I miss lol|0 fnt\n|faint|p1b: Imagine I miss lol\n|\n|win|vgclth elowyn\n|raw|VGCLTH skibidi's rating: 1693 &rarr; <strong>1677<\/strong><br \/>(-16 for losing)\n|raw|vgclth elowyn's rating: 1763 &rarr; <strong>1779<\/strong><br \/>(+16 for winning)\n|l|\u2606VGCLTH skibidi\n|player|p1|\n","uploadtime":1731866885,"views":19,"formatid":"gen9vgc2024regh","rating":1677,"private":0,"password":null}