{"id":"gen9vgc2024regh-2246478470","format":"[Gen 9] VGC 2024 Reg H","players":["vgclth terran","nambo3"],"log":"|raw|<div class=\"broadcast-blue\"><strong>This battle is required to be public due to a player having a name starting with 'vgclth'.<\/div>\n|j|\u2606vgclth terran\n|j|\u2606nambo3\n|t:|1731966232\n|gametype|doubles\n|player|p1|vgclth terran|worker-gen4|1776\n|player|p2|nambo3|lucas|1691\n|teamsize|p1|6\n|teamsize|p2|6\n|gen|9\n|tier|[Gen 9] VGC 2024 Reg H\n|rated|\n|rule|Species Clause: Limit one of each Pok\u00e9mon\n|rule|Item Clause: Limit 1 of each item\n|clearpoke\n|poke|p1|Ninetales-Alola, L50, F|\n|poke|p1|Rillaboom, L50, M|\n|poke|p1|Magmar, L50, F|\n|poke|p1|Sneasler, L50, M|\n|poke|p1|Kingambit, L50, M|\n|poke|p1|Basculegion, L50, M|\n|poke|p2|Weezing-Galar, L50, F|\n|poke|p2|Slaking, L50, M|\n|poke|p2|Talonflame, L50, F|\n|poke|p2|Garchomp, L50, M|\n|poke|p2|Archaludon, L50, M|\n|poke|p2|Gholdengo, L50|\n|teampreview|4\n|\n|t:|1731966255\n|start\n|switch|p1a: Sneasler|Sneasler, L50, M|100\/100\n|switch|p1b: Kingambit|Kingambit, L50, M|100\/100\n|switch|p2a: Weezing|Weezing-Galar, L50, F|100\/100\n|switch|p2b: Slaking|Slaking, L50, M|100\/100\n|-ability|p2a: Weezing|Neutralizing Gas\n|turn|1\n|\n|t:|1731966269\n|-terastallize|p2b: Slaking|Ghost\n|-terastallize|p1b: Kingambit|Fire\n|move|p1a: Sneasler|Fake Out|p2b: Slaking\n|-immune|p2b: Slaking\n|move|p2b: Slaking|High Horsepower|p1b: Kingambit\n|-supereffective|p1b: Kingambit\n|-damage|p1b: Kingambit|0 fnt\n|faint|p1b: Kingambit\n|move|p2a: Weezing|Strange Steam|p1a: Sneasler\n|-damage|p1a: Sneasler|60\/100\n|\n|upkeep\n|\n|t:|1731966282\n|switch|p1b: Ninetales|Ninetales-Alola, L50, F|100\/100\n|turn|2\n|\n|t:|1731966291\n|move|p1a: Sneasler|Dire Claw|p2a: Weezing\n|-damage|p2a: Weezing|60\/100\n|move|p1b: Ninetales|Blizzard|p2a: Weezing|[spread] p2b\n|-miss|p1b: Ninetales|p2a: Weezing\n|-damage|p2b: Slaking|62\/100\n|move|p2b: Slaking|High Horsepower|p1b: Ninetales\n|-damage|p1b: Ninetales|8\/100\n|move|p2a: Weezing|Sludge Bomb|p1b: Ninetales\n|-supereffective|p1b: Ninetales\n|-damage|p1b: Ninetales|0 fnt\n|faint|p1b: Ninetales\n|\n|upkeep\n|\n|t:|1731966293\n|switch|p1b: Basculegion|Basculegion, L50, M|100\/100\n|turn|3\n|\n|t:|1731966299\n|move|p1b: Basculegion|Last Respects|p2b: Slaking\n|-supereffective|p2b: Slaking\n|-damage|p2b: Slaking|0 fnt\n|faint|p2b: Slaking\n|move|p1a: Sneasler|Dire Claw|p2a: Weezing\n|-damage|p2a: Weezing|20\/100\n|-status|p2a: Weezing|par\n|-enditem|p2a: Weezing|Sitrus Berry|[eat]\n|-heal|p2a: Weezing|45\/100 par|[from] item: Sitrus Berry\n|move|p2a: Weezing|Strange Steam|p1a: Sneasler\n|-damage|p1a: Sneasler|19\/100\n|\n|upkeep\n|\n|t:|1731966303\n|switch|p2b: Archaludon|Archaludon, L50, M|100\/100\n|turn|4\n|\n|t:|1731966316\n|-end|p2a: Weezing|ability: Neutralizing Gas\n|switch|p2a: Gholdengo|Gholdengo, L50|100\/100\n|move|p1b: Basculegion|Last Respects|p2b: Archaludon\n|-damage|p2b: Archaludon|21\/100\n|move|p1a: Sneasler|Close Combat|p2b: Archaludon\n|-supereffective|p2b: Archaludon\n|-damage|p2b: Archaludon|0 fnt\n|-unboost|p1a: Sneasler|def|1\n|-unboost|p1a: Sneasler|spd|1\n|faint|p2b: Archaludon\n|\n|upkeep\n|\n|t:|1731966319\n|switch|p2b: Weezing|Weezing-Galar, L50, F|45\/100 par\n|-ability|p2b: Weezing|Neutralizing Gas\n|turn|5\n|\n|t:|1731966328\n|move|p1a: Sneasler|Protect|p1a: Sneasler\n|-singleturn|p1a: Sneasler|Protect\n|move|p1b: Basculegion|Last Respects|p2a: Gholdengo\n|-supereffective|p2a: Gholdengo\n|-damage|p2a: Gholdengo|0 fnt\n|faint|p2a: Gholdengo\n|cant|p2b: Weezing|par\n|\n|upkeep\n|turn|6\n|-message|nambo3 forfeited.\n|\n|win|vgclth terran\n|raw|vgclth terran's rating: 1776 &rarr; <strong>1791<\/strong><br \/>(+15 for winning)\n|raw|nambo3's rating: 1691 &rarr; <strong>1676<\/strong><br \/>(-15 for losing)\n|l|\u2606nambo3\n|player|p2|\n|l|\u2606vgclth terran\n|player|p1|\n","uploadtime":1731966531,"views":26,"formatid":"gen9vgc2024regh","rating":1676,"private":0,"password":null}