{"id":"gen9vgc2024regh-2246707174","format":"[Gen 9] VGC 2024 Reg H","players":["Gligar64","quinn2"],"log":"|j|\u2606Gligar64\n|j|\u2606quinn2\n|t:|1731996952\n|gametype|doubles\n|player|p1|Gligar64|red|1694\n|player|p2|quinn2|170|1669\n|teamsize|p1|6\n|teamsize|p2|6\n|gen|9\n|tier|[Gen 9] VGC 2024 Reg H\n|rated|\n|rule|Species Clause: Limit one of each Pok\u00e9mon\n|rule|Item Clause: Limit 1 of each item\n|clearpoke\n|poke|p1|Kommo-o, L50, F|\n|poke|p1|Sneasler, L50, M|\n|poke|p1|Gholdengo, L50|\n|poke|p1|Rillaboom, L50, F|\n|poke|p1|Electabuzz, L50, F|\n|poke|p1|Dondozo, L50, F|\n|poke|p2|Kleavor, L50, M|\n|poke|p2|Samurott-Hisui, L50, F|\n|poke|p2|Whimsicott, L50, F|\n|poke|p2|Dragapult, L50, F|\n|poke|p2|Rillaboom, L50, M|\n|poke|p2|Gholdengo, L50|\n|teampreview|4\n|inactive|Battle timer is ON: inactive players will automatically lose when time's up. (requested by Gligar64)\n|\n|t:|1731996988\n|start\n|switch|p1a: Kommo-o|Kommo-o, L50, F|100\/100\n|switch|p1b: Rillaboom|Rillaboom, L50, F|100\/100\n|switch|p2a: Kleavor|Kleavor, L50, M|100\/100\n|switch|p2b: Whimsicott|Whimsicott, L50, F|100\/100\n|-fieldstart|move: Grassy Terrain|[from] ability: Grassy Surge|[of] p1b: Rillaboom\n|turn|1\n|\n|t:|1731997005\n|-terastallize|p2a: Kleavor|Ghost\n|-terastallize|p1a: Kommo-o|Fire\n|move|p1b: Rillaboom|Fake Out|p2a: Kleavor\n|-immune|p2a: Kleavor\n|move|p2a: Kleavor|X-Scissor|p1b: Rillaboom\n|-supereffective|p1b: Rillaboom\n|-crit|p1b: Rillaboom\n|-damage|p1b: Rillaboom|0 fnt\n|faint|p1b: Rillaboom\n|move|p2b: Whimsicott|Moonblast|p1a: Kommo-o\n|-resisted|p1a: Kommo-o\n|-damage|p1a: Kommo-o|87\/100\n|move|p1a: Kommo-o|Clangorous Soul|p1a: Kommo-o\n|-boost|p1a: Kommo-o|atk|1\n|-boost|p1a: Kommo-o|def|1\n|-boost|p1a: Kommo-o|spa|1\n|-boost|p1a: Kommo-o|spd|1\n|-boost|p1a: Kommo-o|spe|1\n|-damage|p1a: Kommo-o|54\/100\n|-enditem|p1a: Kommo-o|Throat Spray\n|-boost|p1a: Kommo-o|spa|1|[from] item: Throat Spray\n|\n|-heal|p1a: Kommo-o|60\/100|[from] Grassy Terrain\n|upkeep\n|\n|t:|1731997008\n|switch|p1b: Electabuzz|Electabuzz, L50, F|100\/100\n|turn|2\n|inactive|quinn2 has 30 seconds left.\n|\n|t:|1731997042\n|move|p2b: Whimsicott|Helping Hand|p2a: Kleavor\n|-singleturn|p2a: Kleavor|Helping Hand|[of] p2b: Whimsicott\n|move|p1b: Electabuzz|Follow Me|p1b: Electabuzz\n|-singleturn|p1b: Electabuzz|move: Follow Me\n|move|p2a: Kleavor|X-Scissor|p1b: Electabuzz\n|-damage|p1b: Electabuzz|29\/100\n|move|p1a: Kommo-o|Flamethrower|p2a: Kleavor\n|-damage|p2a: Kleavor|0 fnt\n|faint|p2a: Kleavor\n|\n|-heal|p1a: Kommo-o|66\/100|[from] Grassy Terrain\n|-heal|p1b: Electabuzz|35\/100|[from] Grassy Terrain\n|upkeep\n|\n|t:|1731997055\n|switch|p2a: Samurott|Samurott-Hisui, L50, F|100\/100\n|turn|3\n|\n|t:|1731997062\n|move|p1b: Electabuzz|Follow Me|p1b: Electabuzz\n|-singleturn|p1b: Electabuzz|move: Follow Me\n|move|p2b: Whimsicott|Tailwind|p2b: Whimsicott\n|-sidestart|p2: quinn2|move: Tailwind\n|move|p2a: Samurott|Ceaseless Edge|p1b: Electabuzz\n|-crit|p1b: Electabuzz\n|-damage|p1b: Electabuzz|0 fnt\n|-sidestart|p1: Gligar64|Spikes\n|faint|p1b: Electabuzz\n|move|p1a: Kommo-o|Clanging Scales|p2b: Whimsicott|[spread] p2a\n|-immune|p2b: Whimsicott\n|-damage|p2a: Samurott|28\/100\n|-unboost|p1a: Kommo-o|def|1\n|\n|-heal|p2a: Samurott|33\/100|[from] Grassy Terrain\n|-heal|p1a: Kommo-o|72\/100|[from] Grassy Terrain\n|upkeep\n|\n|t:|1731997072\n|switch|p1b: Gholdengo|Gholdengo, L50|100\/100\n|-damage|p1b: Gholdengo|88\/100|[from] Spikes\n|turn|4\n|inactive|quinn2 has 30 seconds left.\n|inactive|quinn2 has 20 seconds left.\n|\n|t:|1731997108\n|move|p2b: Whimsicott|Encore|p1a: Kommo-o\n|-start|p1a: Kommo-o|Encore\n|move|p2a: Samurott|Sucker Punch|p1b: Gholdengo\n|-supereffective|p1b: Gholdengo\n|-damage|p1b: Gholdengo|20\/100\n|move|p1a: Kommo-o|Clanging Scales|p2b: Whimsicott|[spread] p2a\n|-immune|p2b: Whimsicott\n|-damage|p2a: Samurott|0 fnt\n|faint|p2a: Samurott\n|-unboost|p1a: Kommo-o|def|1\n|move|p1b: Gholdengo|Make It Rain|p2b: Whimsicott\n|-supereffective|p2b: Whimsicott\n|-damage|p2b: Whimsicott|0 fnt\n|-unboost|p1b: Gholdengo|spa|1\n|faint|p2b: Whimsicott\n|\n|-heal|p1a: Kommo-o|77\/100|[from] Grassy Terrain\n|-heal|p1b: Gholdengo|26\/100|[from] Grassy Terrain\n|upkeep\n|\n|t:|1731997117\n|switch|p2a: Dragapult|Dragapult, L50, F|100\/100\n|turn|5\n|\n|t:|1731997129\n|move|p2a: Dragapult|Phantom Force||[still]\n|-prepare|p2a: Dragapult|Phantom Force\n|move|p1a: Kommo-o|Clanging Scales|p2a: Dragapult|[miss]\n|-miss|p1a: Kommo-o|p2a: Dragapult\n|move|p1b: Gholdengo|Make It Rain|p2a: Dragapult|[miss]\n|-miss|p1b: Gholdengo|p2a: Dragapult\n|\n|-heal|p1a: Kommo-o|83\/100|[from] Grassy Terrain\n|-heal|p1b: Gholdengo|32\/100|[from] Grassy Terrain\n|-fieldend|move: Grassy Terrain\n|upkeep\n|turn|6\n|\n|t:|1731997132\n|move|p2a: Dragapult|Phantom Force|p1a: Kommo-o|[from]lockedmove\n|-damage|p1a: Kommo-o|0 fnt\n|faint|p1a: Kommo-o\n|move|p1b: Gholdengo|Make It Rain|p2a: Dragapult\n|-damage|p2a: Dragapult|17\/100\n|-unboost|p1b: Gholdengo|spa|1\n|\n|-sideend|p2: quinn2|move: Tailwind\n|upkeep\n|turn|7\n|\n|t:|1731997140\n|move|p2a: Dragapult|Phantom Force||[still]\n|-prepare|p2a: Dragapult|Phantom Force\n|move|p1b: Gholdengo|Make It Rain|p2a: Dragapult|[miss]\n|-miss|p1b: Gholdengo|p2a: Dragapult\n|\n|upkeep\n|turn|8\n|-message|Gligar64 forfeited.\n|\n|win|quinn2\n|raw|Gligar64's rating: 1694 &rarr; <strong>1673<\/strong><br \/>(-21 for losing)\n|raw|quinn2's rating: 1669 &rarr; <strong>1690<\/strong><br \/>(+21 for winning)\n|l|\u2606Gligar64\n|player|p1|\n|l|\u2606quinn2\n|player|p2|\n","uploadtime":1731997417,"views":34,"formatid":"gen9vgc2024regh","rating":1673,"private":0,"password":null}