{"id":"gen9vgc2024regh-2246853075","format":"[Gen 9] VGC 2024 Reg H","players":["ye979402","meowsticgaming"],"log":"|j|\u2606ye979402\n|j|\u2606meowsticgaming\n|t:|1732021842\n|gametype|doubles\n|player|p1|ye979402|170|1657\n|player|p2|meowsticgaming|burglar-gen1rb|1714\n|teamsize|p1|6\n|teamsize|p2|6\n|gen|9\n|tier|[Gen 9] VGC 2024 Reg H\n|rated|\n|rule|Species Clause: Limit one of each Pok\u00e9mon\n|rule|Item Clause: Limit 1 of each item\n|clearpoke\n|poke|p1|Tyranitar, L50, F|\n|poke|p1|Excadrill, L50, F|\n|poke|p1|Primarina, L50, M|\n|poke|p1|Talonflame, L50, M|\n|poke|p1|Corviknight, L50, M|\n|poke|p1|Dragonite, L50, M|\n|poke|p2|Dondozo, L50, M|\n|poke|p2|Tatsugiri, L50, M|\n|poke|p2|Glimmora, L50, F|\n|poke|p2|Kingambit, L50, F|\n|poke|p2|Annihilape, L50, M|\n|poke|p2|Dragonite, L50, M|\n|teampreview|4\n|\n|t:|1732021930\n|start\n|switch|p1a: Excadrill|Excadrill, L50, F, shiny|100\/100\n|switch|p1b: Tyranitar|Tyranitar, L50, F, shiny|100\/100\n|switch|p2a: Stekene|Kingambit, L50, F|100\/100\n|switch|p2b: Ardooie|Annihilape, L50, M|100\/100\n|-weather|Sandstorm|[from] ability: Sand Stream|[of] p1b: Tyranitar\n|turn|1\n|inactive|Battle timer is ON: inactive players will automatically lose when time's up. (requested by meowsticgaming)\n|\n|t:|1732021972\n|-terastallize|p1b: Tyranitar|Flying\n|move|p2a: Stekene|Protect|p2a: Stekene\n|-singleturn|p2a: Stekene|Protect\n|move|p1a: Excadrill|High Horsepower|p2a: Stekene\n|-activate|p2a: Stekene|move: Protect\n|move|p2b: Ardooie|Close Combat|p1a: Excadrill\n|-supereffective|p1a: Excadrill\n|-enditem|p1a: Excadrill|Focus Sash\n|-damage|p1a: Excadrill|1\/100\n|-unboost|p2b: Ardooie|def|1\n|-unboost|p2b: Ardooie|spd|1\n|move|p1b: Tyranitar|Tera Blast|p2b: Ardooie|[anim] Tera Blast Flying\n|-supereffective|p2b: Ardooie\n|-damage|p2b: Ardooie|0 fnt\n|faint|p2b: Ardooie\n|\n|-weather|Sandstorm|[upkeep]\n|-damage|p1b: Tyranitar|95\/100|[from] Sandstorm\n|upkeep\n|\n|t:|1732021990\n|switch|p2b: Diksmuide|Dondozo, L50, M|100\/100\n|turn|2\n|inactive|meowsticgaming has 30 seconds left.\n|inactive|meowsticgaming has 20 seconds left.\n|\n|t:|1732022029\n|-terastallize|p2a: Stekene|Flying\n|move|p1a: Excadrill|Protect|p1a: Excadrill\n|-singleturn|p1a: Excadrill|Protect\n|move|p2b: Diksmuide|Protect|p2b: Diksmuide\n|-singleturn|p2b: Diksmuide|Protect\n|move|p2a: Stekene|Sucker Punch||[still]\n|-fail|p2a: Stekene\n|move|p1b: Tyranitar|Knock Off|p2b: Diksmuide\n|-activate|p2b: Diksmuide|move: Protect\n|\n|-weather|Sandstorm|[upkeep]\n|-damage|p2b: Diksmuide|94\/100|[from] Sandstorm\n|-damage|p1b: Tyranitar|89\/100|[from] Sandstorm\n|-damage|p2a: Stekene|95\/100|[from] Sandstorm\n|-heal|p2b: Diksmuide|100\/100|[from] item: Leftovers\n|upkeep\n|turn|3\n|inactive|meowsticgaming has 30 seconds left.\n|inactive|meowsticgaming has 20 seconds left.\n|\n|t:|1732022065\n|move|p1a: Excadrill|Iron Head|p2a: Stekene\n|-damage|p2a: Stekene|63\/100\n|move|p2b: Diksmuide|Wave Crash|p1b: Tyranitar\n|-damage|p1b: Tyranitar|44\/100\n|-damage|p2b: Diksmuide|87\/100|[from] Recoil\n|move|p1b: Tyranitar|Knock Off|p2b: Diksmuide\n|-damage|p2b: Diksmuide|46\/100\n|-enditem|p2b: Diksmuide|Leftovers|[from] move: Knock Off|[of] p1b: Tyranitar\n|cant|p2a: Stekene|flinch\n|\n|-weather|Sandstorm|[upkeep]\n|-damage|p2b: Diksmuide|40\/100|[from] Sandstorm\n|-damage|p1b: Tyranitar|38\/100|[from] Sandstorm\n|-damage|p2a: Stekene|58\/100|[from] Sandstorm\n|upkeep\n|turn|4\n|inactive|ye979402 has 30 seconds left.\n|inactive|ye979402 has 20 seconds left.\n|inactive|ye979402 has 15 seconds left.\n|\n|t:|1732022107\n|switch|p1a: Primarina|Primarina, L50, M, shiny|100\/100\n|move|p2a: Stekene|Sucker Punch||[still]\n|-fail|p2a: Stekene\n|move|p2b: Diksmuide|Wave Crash|p1b: Tyranitar\n|-damage|p1b: Tyranitar|0 fnt\n|faint|p1b: Tyranitar\n|-damage|p2b: Diksmuide|29\/100|[from] Recoil\n|\n|-weather|Sandstorm|[upkeep]\n|-damage|p2b: Diksmuide|23\/100|[from] Sandstorm\n|-damage|p1a: Primarina|95\/100|[from] Sandstorm\n|-damage|p2a: Stekene|52\/100|[from] Sandstorm\n|upkeep\n|\n|t:|1732022122\n|switch|p1b: Excadrill|Excadrill, L50, F, shiny|1\/100\n|turn|5\n|\n|t:|1732022134\n|move|p2b: Diksmuide|Protect|p2b: Diksmuide\n|-singleturn|p2b: Diksmuide|Protect\n|move|p1b: Excadrill|Iron Head|p2a: Stekene\n|-damage|p2a: Stekene|19\/100\n|move|p1a: Primarina|Hyper Voice|p2a: Stekene|[spread] p2a\n|-activate|p2b: Diksmuide|move: Protect\n|-damage|p2a: Stekene|0 fnt\n|faint|p2a: Stekene\n|-enditem|p1a: Primarina|Throat Spray\n|-boost|p1a: Primarina|spa|1|[from] item: Throat Spray\n|\n|-weather|none\n|upkeep\n|\n|t:|1732022141\n|switch|p2a: Glabbeek|Tatsugiri, L50, M|100\/100\n|-activate|p2a: Glabbeek|ability: Commander|[of] p2b: Diksmuide\n|-boost|p2b: Diksmuide|atk|2\n|-boost|p2b: Diksmuide|spa|2\n|-boost|p2b: Diksmuide|spe|2\n|-boost|p2b: Diksmuide|def|2\n|-boost|p2b: Diksmuide|spd|2\n|turn|6\n|\n|t:|1732022158\n|move|p1a: Primarina|Protect|p1a: Primarina\n|-singleturn|p1a: Primarina|Protect\n|move|p2b: Diksmuide|Heavy Slam|p1a: Primarina\n|-activate|p1a: Primarina|move: Protect\n|move|p1b: Excadrill|High Horsepower|p2b: Diksmuide\n|-damage|p2b: Diksmuide|5\/100\n|\n|upkeep\n|turn|7\n|\n|t:|1732022179\n|switch|p1a: Dragonite|Dragonite, L50, M|100\/100\n|move|p2b: Diksmuide|Heavy Slam|p1a: Dragonite\n|-damage|p1a: Dragonite|87\/100\n|move|p1b: Excadrill|High Horsepower|p2b: Diksmuide\n|-damage|p2b: Diksmuide|0 fnt\n|faint|p2b: Diksmuide\n|\n|upkeep\n|turn|8\n|-message|meowsticgaming forfeited.\n|\n|win|ye979402\n|raw|ye979402's rating: 1657 &rarr; <strong>1680<\/strong><br \/>(+23 for winning)\n|raw|meowsticgaming's rating: 1714 &rarr; <strong>1691<\/strong><br \/>(-23 for losing)\n|l|\u2606meowsticgaming\n|player|p2|\n|l|\u2606ye979402\n|player|p1|\n","uploadtime":1732022194,"views":17,"formatid":"gen9vgc2024regh","rating":1680,"private":0,"password":null}