{"id":"gen9vgc2024regh-2246523772","format":"[Gen 9] VGC 2024 Reg H","players":["don't use magmar","VGCLTH Oinge"],"log":"|raw|<div class=\"broadcast-blue\"><strong>This battle is required to be public due to a player having a name starting with 'vgclth'.<\/div>\n|j|\u2606don't use magmar\n|j|\u2606VGCLTH Oinge\n|t:|1731971402\n|gametype|doubles\n|player|p1|don't use magmar|lucas|1892\n|player|p2|VGCLTH Oinge|mars|1804\n|teamsize|p1|6\n|teamsize|p2|6\n|gen|9\n|tier|[Gen 9] VGC 2024 Reg H\n|rated|\n|rule|Species Clause: Limit one of each Pok\u00e9mon\n|rule|Item Clause: Limit 1 of each item\n|clearpoke\n|poke|p1|Gholdengo, L50|\n|poke|p1|Annihilape, L50, M|\n|poke|p1|Ursaluna-Bloodmoon, L50, M|\n|poke|p1|Rillaboom, L50, F|\n|poke|p1|Dragonite, L50, F|\n|poke|p1|Ninetales-Alola, L50, F|\n|poke|p2|Armarouge, L50, M|\n|poke|p2|Maushold-Four, L50|\n|poke|p2|Indeedee-F, L50, F|\n|poke|p2|Gholdengo, L50|\n|poke|p2|Dragonite, L50, F|\n|poke|p2|Flamigo, L50, M|\n|teampreview|4\n|\n|t:|1731971423\n|start\n|switch|p1a: Dragonite|Dragonite, L50, F|100\/100\n|switch|p1b: Ursaluna|Ursaluna-Bloodmoon, L50, M|100\/100\n|switch|p2a: Maushold|Maushold-Four, L50|100\/100\n|switch|p2b: Armarouge|Armarouge, L50, M|100\/100\n|turn|1\n|inactive|Battle timer is ON: inactive players will automatically lose when time's up. (requested by don't use magmar)\n|\n|t:|1731971489\n|-terastallize|p1a: Dragonite|Normal\n|move|p1a: Dragonite|Extreme Speed|p2b: Armarouge\n|-damage|p2b: Armarouge|67\/100\n|-ability|p2b: Armarouge|Weak Armor|boost\n|-unboost|p2b: Armarouge|def|1\n|-boost|p2b: Armarouge|spe|2\n|move|p2b: Armarouge|Stored Power|p1b: Ursaluna\n|-damage|p1b: Ursaluna|79\/100\n|move|p2a: Maushold|Beat Up|p2b: Armarouge\n|-supereffective|p2b: Armarouge\n|-damage|p2b: Armarouge|61\/100\n|-ability|p2b: Armarouge|Weak Armor|boost\n|-unboost|p2b: Armarouge|def|1\n|-boost|p2b: Armarouge|spe|2\n|-enditem|p2b: Armarouge|Weakness Policy\n|-boost|p2b: Armarouge|atk|2|[from] item: Weakness Policy\n|-boost|p2b: Armarouge|spa|2|[from] item: Weakness Policy\n|-supereffective|p2b: Armarouge\n|-damage|p2b: Armarouge|55\/100\n|-ability|p2b: Armarouge|Weak Armor|boost\n|-unboost|p2b: Armarouge|def|1\n|-boost|p2b: Armarouge|spe|2\n|-supereffective|p2b: Armarouge\n|-damage|p2b: Armarouge|49\/100\n|-ability|p2b: Armarouge|Weak Armor|boost\n|-unboost|p2b: Armarouge|def|1\n|-supereffective|p2b: Armarouge\n|-damage|p2b: Armarouge|40\/100\n|-ability|p2b: Armarouge|Weak Armor|boost\n|-unboost|p2b: Armarouge|def|1\n|-hitcount|p2b: Armarouge|4\n|move|p1b: Ursaluna|Hyper Voice|p2b: Armarouge|[spread] p2a,p2b\n|-damage|p2a: Maushold|50\/100\n|-damage|p2b: Armarouge|10\/100\n|\n|upkeep\n|turn|2\n|\n|t:|1731971514\n|switch|p1b: Rillaboom|Rillaboom, L50, F|100\/100\n|-fieldstart|move: Grassy Terrain|[from] ability: Grassy Surge|[of] p1b: Rillaboom\n|move|p2b: Armarouge|Endure|p2b: Armarouge\n|-singleturn|p2b: Armarouge|move: Endure\n|move|p1a: Dragonite|Extreme Speed|p2b: Armarouge\n|-crit|p2b: Armarouge\n|-activate|p2b: Armarouge|move: Endure\n|-damage|p2b: Armarouge|1\/100\n|-ability|p2b: Armarouge|Weak Armor|boost\n|-unboost|p2b: Armarouge|def|1\n|move|p2a: Maushold|U-turn|p1b: Rillaboom\n|-supereffective|p1b: Rillaboom\n|-damage|p1b: Rillaboom|76\/100\n|\n|t:|1731971523\n|switch|p2a: Indeedee|Indeedee-F, L50, F|100\/100|[from] U-turn\n|-fieldstart|move: Psychic Terrain|[from] ability: Psychic Surge|[of] p2a: Indeedee\n|-enditem|p2a: Indeedee|Psychic Seed\n|-boost|p2a: Indeedee|spd|1|[from] item: Psychic Seed\n|\n|upkeep\n|turn|3\n|\n|t:|1731971540\n|switch|p1b: Annihilape|Annihilape, L50, M|100\/100\n|-terastallize|p2b: Armarouge|Psychic\n|move|p1a: Dragonite|Protect|p1a: Dragonite\n|-singleturn|p1a: Dragonite|Protect\n|move|p2a: Indeedee|Follow Me|p2a: Indeedee\n|-singleturn|p2a: Indeedee|move: Follow Me\n|move|p2b: Armarouge|Expanding Force|p1a: Dragonite|[spread] p1b\n|-activate|p1a: Dragonite|move: Protect\n|-supereffective|p1b: Annihilape\n|-damage|p1b: Annihilape|0 fnt\n|faint|p1b: Annihilape\n|\n|upkeep\n|\n|t:|1731971543\n|switch|p1b: Ursaluna|Ursaluna-Bloodmoon, L50, M|79\/100\n|turn|4\n|j| randomuser0000\n|inactive|VGCLTH Oinge has 30 seconds left.\n|\n|t:|1731971574\n|switch|p2a: Maushold|Maushold-Four, L50|50\/100\n|move|p2b: Armarouge|Endure|p2b: Armarouge\n|-singleturn|p2b: Armarouge|move: Endure\n|move|p1a: Dragonite|Scale Shot|p2a: Maushold\n|-damage|p2a: Maushold|30\/100\n|-damage|p2a: Maushold|10\/100\n|-crit|p2a: Maushold\n|-damage|p2a: Maushold|0 fnt\n|faint|p2a: Maushold\n|-hitcount|p2: Maushold|3\n|-unboost|p1a: Dragonite|def|1\n|-boost|p1a: Dragonite|spe|1\n|move|p1b: Ursaluna|Hyper Voice|p2b: Armarouge\n|-activate|p2b: Armarouge|move: Endure\n|-damage|p2b: Armarouge|1\/100\n|\n|upkeep\n|\n|t:|1731971589\n|switch|p2a: Gholdengo|Gholdengo, L50|100\/100\n|turn|5\n|\n|t:|1731971605\n|switch|p2b: Indeedee|Indeedee-F, L50, F|100\/100\n|switch|p1b: Rillaboom|Rillaboom, L50, F|76\/100\n|-fieldstart|move: Grassy Terrain|[from] ability: Grassy Surge|[of] p1b: Rillaboom\n|move|p1a: Dragonite|Extreme Speed|p2b: Indeedee\n|-crit|p2b: Indeedee\n|-damage|p2b: Indeedee|38\/100\n|move|p2a: Gholdengo|Nasty Plot|p2a: Gholdengo\n|-boost|p2a: Gholdengo|spa|2\n|\n|-heal|p1b: Rillaboom|82\/100|[from] Grassy Terrain\n|-heal|p2b: Indeedee|44\/100|[from] Grassy Terrain\n|upkeep\n|turn|6\n|\n|t:|1731971624\n|move|p2b: Indeedee|Helping Hand|p2a: Gholdengo\n|-immune|p2a: Gholdengo|[from] ability: Good as Gold\n|move|p1b: Rillaboom|Grassy Glide|p2b: Indeedee\n|-damage|p2b: Indeedee|0 fnt\n|faint|p2b: Indeedee\n|move|p1a: Dragonite|Scale Shot|p2a: Gholdengo\n|-resisted|p2a: Gholdengo\n|-damage|p2a: Gholdengo|93\/100\n|-resisted|p2a: Gholdengo\n|-damage|p2a: Gholdengo|85\/100\n|-resisted|p2a: Gholdengo\n|-damage|p2a: Gholdengo|77\/100\n|-resisted|p2a: Gholdengo\n|-damage|p2a: Gholdengo|70\/100\n|-hitcount|p2a: Gholdengo|4\n|-unboost|p1a: Dragonite|def|1\n|-boost|p1a: Dragonite|spe|1\n|move|p2a: Gholdengo|Make It Rain|p1b: Rillaboom|[spread] p1a,p1b\n|-damage|p1a: Dragonite|53\/100\n|-damage|p1b: Rillaboom|0 fnt\n|-unboost|p2a: Gholdengo|spa|1\n|faint|p1b: Rillaboom\n|\n|-heal|p1a: Dragonite|58\/100|[from] Grassy Terrain\n|-heal|p2a: Gholdengo|76\/100|[from] Grassy Terrain\n|-heal|p2a: Gholdengo|82\/100|[from] item: Leftovers\n|upkeep\n|c|\u2606VGCLTH Oinge|whoopsy\n|\n|t:|1731971636\n|switch|p1b: Ursaluna|Ursaluna-Bloodmoon, L50, M|79\/100\n|switch|p2b: Armarouge|Armarouge, L50, M, tera:Psychic|1\/100\n|turn|7\n|\n|t:|1731971650\n|move|p1a: Dragonite|Extreme Speed|p2b: Armarouge\n|-damage|p2b: Armarouge|0 fnt\n|faint|p2b: Armarouge\n|move|p2a: Gholdengo|Make It Rain|p1b: Ursaluna|[spread] p1a,p1b\n|-damage|p1a: Dragonite|0 fnt\n|-damage|p1b: Ursaluna|33\/100\n|-unboost|p2a: Gholdengo|spa|1\n|faint|p1a: Dragonite\n|move|p1b: Ursaluna|Earth Power|p2a: Gholdengo\n|-supereffective|p2a: Gholdengo\n|-damage|p2a: Gholdengo|0 fnt\n|faint|p2a: Gholdengo\n|\n|win|don't use magmar\n|raw|don&apos;t use magmar's rating: 1892 &rarr; <strong>1907<\/strong><br \/>(+15 for winning)\n|raw|VGCLTH Oinge's rating: 1804 &rarr; <strong>1789<\/strong><br \/>(-15 for losing)\n|j| MyNicknameIsTooLon\n|l|\u2606don't use magmar\n|player|p1|\n|l|\u2606VGCLTH Oinge\n|player|p2|\n|l| randomuser0000\n|l| MyNicknameIsTooLon\n","uploadtime":1731971877,"views":204,"formatid":"gen9vgc2024regh","rating":1789,"private":0,"password":null}