{"id":"gen9vgc2024regh-2246606924","format":"[Gen 9] VGC 2024 Reg H","players":["VGCLTH Oinge","soft bans"],"log":"|raw|<div class=\"broadcast-blue\"><strong>This battle is required to be public due to a player having a name starting with 'vgclth'.<\/div>\n|j|\u2606VGCLTH Oinge\n|j|\u203dsoft bans\n|t:|1731982216\n|gametype|doubles\n|player|p1|VGCLTH Oinge|mars|1729\n|player|p2|soft bans|266|1687\n|teamsize|p1|6\n|teamsize|p2|6\n|gen|9\n|tier|[Gen 9] VGC 2024 Reg H\n|rated|\n|rule|Species Clause: Limit one of each Pok\u00e9mon\n|rule|Item Clause: Limit 1 of each item\n|clearpoke\n|poke|p1|Armarouge, L50, F|\n|poke|p1|Maushold-Four, L50|\n|poke|p1|Indeedee-F, L50, F|\n|poke|p1|Gholdengo, L50|\n|poke|p1|Dragonite, L50, M|\n|poke|p1|Annihilape, L50, M|\n|poke|p2|Sableye, L50, F|\n|poke|p2|Sinistcha-Masterpiece, L50|\n|poke|p2|Archaludon, L50, M|\n|poke|p2|Arcanine, L50, M|\n|poke|p2|Whimsicott, L50, M|\n|poke|p2|Pelipper, L50, F|\n|teampreview|4\n|inactive|Battle timer is ON: inactive players will automatically lose when time's up. (requested by VGCLTH Oinge)\n|inactive|soft bans has 60 seconds left.\n|\n|t:|1731982268\n|start\n|switch|p1a: Maushold|Maushold-Four, L50|100\/100\n|switch|p1b: Armarouge|Armarouge, L50, F|100\/100\n|switch|p2a: Whimsicott|Whimsicott, L50, M|100\/100\n|switch|p2b: Pelipper|Pelipper, L50, F|100\/100\n|-weather|RainDance|[from] ability: Drizzle|[of] p2b: Pelipper\n|turn|1\n|\n|t:|1731982292\n|move|p2a: Whimsicott|Tailwind|p2a: Whimsicott\n|-sidestart|p2: soft bans|move: Tailwind\n|move|p2b: Pelipper|Muddy Water|p1b: Armarouge|[spread] p1a,p1b\n|-supereffective|p1b: Armarouge\n|-damage|p1a: Maushold|42\/100\n|-damage|p1b: Armarouge|33\/100\n|-enditem|p1b: Armarouge|Weakness Policy\n|-boost|p1b: Armarouge|atk|2|[from] item: Weakness Policy\n|-boost|p1b: Armarouge|spa|2|[from] item: Weakness Policy\n|move|p1a: Maushold|Beat Up|p1b: Armarouge\n|-supereffective|p1b: Armarouge\n|-damage|p1b: Armarouge|29\/100\n|-ability|p1b: Armarouge|Weak Armor|boost\n|-unboost|p1b: Armarouge|def|1\n|-boost|p1b: Armarouge|spe|2\n|-supereffective|p1b: Armarouge\n|-damage|p1b: Armarouge|24\/100\n|-ability|p1b: Armarouge|Weak Armor|boost\n|-unboost|p1b: Armarouge|def|1\n|-boost|p1b: Armarouge|spe|2\n|-supereffective|p1b: Armarouge\n|-damage|p1b: Armarouge|19\/100\n|-ability|p1b: Armarouge|Weak Armor|boost\n|-unboost|p1b: Armarouge|def|1\n|-boost|p1b: Armarouge|spe|2\n|-supereffective|p1b: Armarouge\n|-damage|p1b: Armarouge|9\/100\n|-ability|p1b: Armarouge|Weak Armor|boost\n|-unboost|p1b: Armarouge|def|1\n|-hitcount|p1b: Armarouge|4\n|move|p1b: Armarouge|Heat Wave|p2b: Pelipper|[spread] p2a,p2b\n|-supereffective|p2a: Whimsicott\n|-resisted|p2b: Pelipper\n|-enditem|p2a: Whimsicott|Focus Sash\n|-damage|p2a: Whimsicott|1\/100\n|-damage|p2b: Pelipper|72\/100\n|\n|-weather|RainDance|[upkeep]\n|upkeep\n|turn|2\n|inactive|VGCLTH Oinge has 30 seconds left.\n|inactive|soft bans has 30 seconds left.\n|inactive|soft bans has 20 seconds left.\n|\n|t:|1731982328\n|move|p1a: Maushold|Follow Me|p1a: Maushold\n|-singleturn|p1a: Maushold|move: Follow Me\n|move|p1b: Armarouge|Stored Power|p2b: Pelipper\n|-damage|p2b: Pelipper|0 fnt\n|faint|p2b: Pelipper\n|move|p2a: Whimsicott|Beat Up|p1a: Maushold\n|-damage|p1a: Maushold|40\/100\n|-damage|p1a: Maushold|36\/100\n|-damage|p1a: Maushold|34\/100\n|-hitcount|p1a: Maushold|3\n|\n|-weather|RainDance|[upkeep]\n|upkeep\n|\n|t:|1731982335\n|switch|p2b: Archaludon|Archaludon, L50, M|100\/100\n|turn|3\n|\n|t:|1731982358\n|move|p1a: Maushold|Follow Me|p1a: Maushold\n|-singleturn|p1a: Maushold|move: Follow Me\n|move|p2a: Whimsicott|Taunt|p1a: Maushold\n|-start|p1a: Maushold|move: Taunt\n|move|p1b: Armarouge|Heat Wave|p2a: Whimsicott|[spread] p2a,p2b\n|-supereffective|p2a: Whimsicott\n|-damage|p2a: Whimsicott|0 fnt\n|-damage|p2b: Archaludon|73\/100\n|-ability|p2b: Archaludon|Stamina|boost\n|-boost|p2b: Archaludon|def|1\n|faint|p2a: Whimsicott\n|move|p2b: Archaludon|Snarl|p1b: Armarouge|[spread] p1a,p1b\n|-supereffective|p1b: Armarouge\n|-damage|p1a: Maushold|19\/100\n|-damage|p1b: Armarouge|0 fnt\n|-unboost|p1a: Maushold|spa|1\n|faint|p1b: Armarouge\n|\n|-weather|RainDance|[upkeep]\n|upkeep\n|\n|t:|1731982371\n|switch|p2a: Sinistcha|Sinistcha-Masterpiece, L50|100\/100\n|switch|p1b: Gholdengo|Gholdengo, L50|100\/100\n|-heal|p2b: Archaludon|98\/100|[from] ability: Hospitality|[of] p2a: Sinistcha\n|turn|4\n|\n|t:|1731982390\n|move|p2b: Archaludon|Snarl|p1b: Gholdengo|[spread] p1a,p1b\n|-supereffective|p1b: Gholdengo\n|-damage|p1a: Maushold|5\/100\n|-damage|p1b: Gholdengo|84\/100\n|-unboost|p1a: Maushold|spa|1\n|-unboost|p1b: Gholdengo|spa|1\n|move|p1a: Maushold|Beat Up|p2a: Sinistcha\n|-supereffective|p2a: Sinistcha\n|-damage|p2a: Sinistcha|96\/100\n|-supereffective|p2a: Sinistcha\n|-damage|p2a: Sinistcha|92\/100\n|-supereffective|p2a: Sinistcha\n|-damage|p2a: Sinistcha|86\/100\n|-hitcount|p2a: Sinistcha|3\n|move|p2a: Sinistcha|Shadow Ball|p1b: Gholdengo\n|-supereffective|p1b: Gholdengo\n|-damage|p1b: Gholdengo|32\/100\n|move|p1b: Gholdengo|Nasty Plot|p1b: Gholdengo\n|-boost|p1b: Gholdengo|spa|2\n|\n|-weather|RainDance|[upkeep]\n|-heal|p1b: Gholdengo|38\/100|[from] item: Leftovers\n|-sideend|p2: soft bans|move: Tailwind\n|upkeep\n|turn|5\n|inactive|soft bans has 30 seconds left.\n|\n|t:|1731982417\n|move|p1b: Gholdengo|Protect|p1b: Gholdengo\n|-singleturn|p1b: Gholdengo|Protect\n|move|p1a: Maushold|Beat Up|p2a: Sinistcha\n|-supereffective|p2a: Sinistcha\n|-damage|p2a: Sinistcha|81\/100\n|-supereffective|p2a: Sinistcha\n|-damage|p2a: Sinistcha|77\/100\n|-supereffective|p2a: Sinistcha\n|-damage|p2a: Sinistcha|71\/100\n|-hitcount|p2a: Sinistcha|3\n|move|p2b: Archaludon|Electro Shot||[still]\n|-prepare|p2b: Archaludon|Electro Shot\n|-boost|p2b: Archaludon|spa|1\n|-anim|p2b: Archaludon|Electro Shot|p1b: Gholdengo\n|-activate|p1b: Gholdengo|move: Protect\n|move|p2a: Sinistcha|Life Dew|p2a: Sinistcha|[spread] p2a,p2b\n|-heal|p2a: Sinistcha|97\/100\n|-heal|p2b: Archaludon|100\/100\n|\n|-weather|none\n|-heal|p1b: Gholdengo|44\/100|[from] item: Leftovers\n|upkeep\n|turn|6\n|\n|t:|1731982440\n|move|p1a: Maushold|Beat Up|p2b: Archaludon\n|-damage|p2b: Archaludon|99\/100\n|-ability|p2b: Archaludon|Stamina|boost\n|-boost|p2b: Archaludon|def|1\n|-damage|p2b: Archaludon|97\/100\n|-ability|p2b: Archaludon|Stamina|boost\n|-boost|p2b: Archaludon|def|1\n|-damage|p2b: Archaludon|96\/100\n|-ability|p2b: Archaludon|Stamina|boost\n|-boost|p2b: Archaludon|def|1\n|-hitcount|p2b: Archaludon|3\n|move|p2b: Archaludon|Snarl|p1a: Maushold|[spread] p1a,p1b\n|-supereffective|p1b: Gholdengo\n|-damage|p1a: Maushold|0 fnt\n|-damage|p1b: Gholdengo|16\/100\n|-unboost|p1b: Gholdengo|spa|1\n|faint|p1a: Maushold\n|move|p1b: Gholdengo|Shadow Ball|p2a: Sinistcha\n|-supereffective|p2a: Sinistcha\n|-damage|p2a: Sinistcha|18\/100\n|-enditem|p2a: Sinistcha|Wiki Berry|[eat]\n|-heal|p2a: Sinistcha|51\/100|[from] item: Wiki Berry\n|move|p2a: Sinistcha|Life Dew|p2a: Sinistcha|[spread] p2a,p2b\n|-heal|p2a: Sinistcha|76\/100\n|-heal|p2b: Archaludon|100\/100\n|\n|-heal|p1b: Gholdengo|22\/100|[from] item: Leftovers\n|upkeep\n|\n|t:|1731982447\n|switch|p1a: Annihilape|Annihilape, L50, M|100\/100\n|turn|7\n|inactive|soft bans has 30 seconds left.\n|inactive|soft bans has 20 seconds left.\n|inactive|VGCLTH Oinge has 30 seconds left.\n|inactive|soft bans has 15 seconds left.\n|inactive|soft bans has 10 seconds left.\n|\n|t:|1731982495\n|-terastallize|p1b: Gholdengo|Dragon\n|-terastallize|p2a: Sinistcha|Fairy\n|move|p1a: Annihilape|Final Gambit|p2b: Archaludon\n|-damage|p2b: Archaludon|0 fnt\n|faint|p1a: Annihilape\n|faint|p2b: Archaludon\n|move|p1b: Gholdengo|Shadow Ball|p2a: Sinistcha\n|-damage|p2a: Sinistcha|42\/100\n|move|p2a: Sinistcha|Shadow Ball|p1b: Gholdengo\n|-damage|p1b: Gholdengo|0 fnt\n|faint|p1b: Gholdengo\n|\n|win|soft bans\n|raw|VGCLTH Oinge's rating: 1729 &rarr; <strong>1707<\/strong><br \/>(-22 for losing)\n|raw|soft bans's rating: 1687 &rarr; <strong>1709<\/strong><br \/>(+22 for winning)\n|l|\u2606VGCLTH Oinge\n|player|p1|\n|l|\u203dsoft bans\n|player|p2|\n","uploadtime":1731982675,"views":16,"formatid":"gen9vgc2024regh","rating":1707,"private":0,"password":null}