{"id":"gen9vgc2024regh-2246075377","format":"[Gen 9] VGC 2024 Reg H","players":["testmaincourse","vgclth souly"],"log":"|raw|<div class=\"broadcast-blue\"><strong>This battle is required to be public due to a player having a name starting with 'vgclth'.<\/div>\n|j|\u2606testmaincourse\n|j|\u2606vgclth souly\n|t:|1731918444\n|gametype|doubles\n|player|p1|testmaincourse|lacey|1718\n|player|p2|vgclth souly|youngster-gen4dp|1839\n|teamsize|p1|6\n|teamsize|p2|6\n|gen|9\n|tier|[Gen 9] VGC 2024 Reg H\n|rated|\n|rule|Species Clause: Limit one of each Pok\u00e9mon\n|rule|Item Clause: Limit 1 of each item\n|clearpoke\n|poke|p1|Ninetales-Alola, L50, F|\n|poke|p1|Garchomp, L50, M|\n|poke|p1|Annihilape, L50, M|\n|poke|p1|Armarouge, L50, M|\n|poke|p1|Indeedee-F, L50, F|\n|poke|p1|Sneasler, L50, F|\n|poke|p2|Archaludon, L50, M|\n|poke|p2|Pelipper, L50, F|\n|poke|p2|Electabuzz, L50, M|\n|poke|p2|Kingambit, L50, F|\n|poke|p2|Rillaboom, L50, F|\n|poke|p2|Basculegion, L50, M|\n|teampreview|4\ntestmaincourse rejected open team sheets.\n|\n|t:|1731918460\n|start\n|switch|p1a: Coalfire|Armarouge, L50, M, shiny|100\/100\n|switch|p1b: Samgyeopsal|Annihilape, L50, M, shiny|100\/100\n|switch|p2a: Basculegion|Basculegion, L50, M|100\/100\n|switch|p2b: Pelipper|Pelipper, L50, F|100\/100\n|-weather|RainDance|[from] ability: Drizzle|[of] p2b: Pelipper\n|turn|1\n|\n|t:|1731918479\n|move|p1a: Coalfire|Endure|p1a: Coalfire\n|-singleturn|p1a: Coalfire|move: Endure\n|move|p2b: Pelipper|Protect|p2b: Pelipper\n|-singleturn|p2b: Pelipper|Protect\n|move|p1b: Samgyeopsal|Bulldoze|p2a: Basculegion|[spread] p1a,p2a\n|-activate|p2b: Pelipper|move: Protect\n|-supereffective|p1a: Coalfire\n|-damage|p1a: Coalfire|74\/100\n|-damage|p2a: Basculegion|89\/100\n|-unboost|p1a: Coalfire|spe|1\n|-unboost|p2a: Basculegion|spe|1\n|-ability|p1a: Coalfire|Weak Armor|boost\n|-unboost|p1a: Coalfire|def|1\n|-boost|p1a: Coalfire|spe|2\n|-enditem|p1a: Coalfire|Weakness Policy\n|-boost|p1a: Coalfire|atk|2|[from] item: Weakness Policy\n|-boost|p1a: Coalfire|spa|2|[from] item: Weakness Policy\n|move|p2a: Basculegion|Flip Turn|p1a: Coalfire\n|-supereffective|p1a: Coalfire\n|-activate|p1a: Coalfire|move: Endure\n|-damage|p1a: Coalfire|1\/100\n|-ability|p1a: Coalfire|Weak Armor|boost\n|-unboost|p1a: Coalfire|def|1\n|-boost|p1a: Coalfire|spe|2\n|\n|t:|1731918488\n|switch|p2a: Archaludon|Archaludon, L50, M|100\/100|[from] Flip Turn\n|\n|-weather|RainDance|[upkeep]\n|upkeep\n|turn|2\n|\n|t:|1731918508\n|switch|p1b: Mozzarella|Indeedee-F, L50, F, shiny|100\/100\n|-fieldstart|move: Psychic Terrain|[from] ability: Psychic Surge|[of] p1b: Mozzarella\n|-terastallize|p1a: Coalfire|Psychic\n|move|p1a: Coalfire|Stored Power|p2a: Archaludon\n|-resisted|p2a: Archaludon\n|-damage|p2a: Archaludon|0 fnt\n|faint|p2a: Archaludon\n|move|p2b: Pelipper|Weather Ball|p1a: Coalfire\n|-crit|p1a: Coalfire\n|-damage|p1a: Coalfire|0 fnt\n|faint|p1a: Coalfire\n|\n|-weather|RainDance|[upkeep]\n|upkeep\n|\n|t:|1731918530\n|switch|p1a: Margherita|Sneasler, L50, F, shiny|100\/100\n|switch|p2a: Rillaboom|Rillaboom, L50, F|100\/100\n|-enditem|p1a: Margherita|Psychic Seed\n|-boost|p1a: Margherita|spd|1|[from] item: Psychic Seed\n|-fieldstart|move: Grassy Terrain|[from] ability: Grassy Surge|[of] p2a: Rillaboom\n|turn|3\n|j| mr pogostick\n|j| pazfgvj\n|\n|t:|1731918593\n|switch|p1b: Samgyeopsal|Annihilape, L50, M, shiny|100\/100\n|move|p1a: Margherita|Protect|p1a: Margherita\n|-singleturn|p1a: Margherita|Protect\n|move|p2a: Rillaboom|Wood Hammer|p1b: Samgyeopsal\n|-damage|p1b: Samgyeopsal|11\/100\n|-damage|p2a: Rillaboom|68\/100|[from] Recoil\n|move|p2b: Pelipper|Weather Ball|p1b: Samgyeopsal\n|-damage|p1b: Samgyeopsal|0 fnt\n|faint|p1b: Samgyeopsal\n|\n|-weather|RainDance|[upkeep]\n|-heal|p2a: Rillaboom|74\/100|[from] Grassy Terrain\n|upkeep\n|\n|t:|1731918599\n|switch|p1b: Mozzarella|Indeedee-F, L50, F, shiny|100\/100\n|-fieldstart|move: Psychic Terrain|[from] ability: Psychic Surge|[of] p1b: Mozzarella\n|turn|4\n|\n|t:|1731918614\n|-terastallize|p2a: Rillaboom|Fire\n|move|p1b: Mozzarella|Follow Me|p1b: Mozzarella\n|-singleturn|p1b: Mozzarella|move: Follow Me\n|move|p1a: Margherita|Dire Claw|p2a: Rillaboom\n|-damage|p2a: Rillaboom|32\/100\n|-status|p2a: Rillaboom|psn\n|move|p2a: Rillaboom|Wood Hammer|p1b: Mozzarella\n|-damage|p1b: Mozzarella|36\/100\n|-damage|p2a: Rillaboom|13\/100 psn|[from] Recoil\n|move|p2b: Pelipper|Weather Ball|p1b: Mozzarella\n|-damage|p1b: Mozzarella|0 fnt\n|faint|p1b: Mozzarella\n|\n|-weather|RainDance|[upkeep]\n|-damage|p2a: Rillaboom|1\/100 psn|[from] psn\n|upkeep\n|turn|5\n|-message|testmaincourse forfeited.\n|\n|win|vgclth souly\n|raw|testmaincourse's rating: 1695 &rarr; <strong>1683<\/strong><br \/>(-12 for losing)\n|raw|vgclth souly's rating: 1839 &rarr; <strong>1851<\/strong><br \/>(+12 for winning)\n|l|\u2606testmaincourse\n|player|p1|\n|l|\u2606vgclth souly\n|player|p2|\n|l| mr pogostick\n|j| SpookyScaryDirge\n|l| SpookyScaryDirge\n","uploadtime":1731918894,"views":35,"formatid":"gen9vgc2024regh","rating":1683,"private":0,"password":null}