{"id":"gen9vgc2024regh-2246501999","format":"[Gen 9] VGC 2024 Reg H","players":["actuary97","Toasteduck"],"log":"|j|\u2606actuary97\n|j|\u2606Toasteduck\n|t:|1731968789\n|gametype|doubles\n|player|p1|actuary97|sabrina-frlg|1803\n|player|p2|Toasteduck|2|1779\n|teamsize|p1|6\n|teamsize|p2|6\n|gen|9\n|tier|[Gen 9] VGC 2024 Reg H\n|rated|\n|rule|Species Clause: Limit one of each Pok\u00e9mon\n|rule|Item Clause: Limit 1 of each item\n|clearpoke\n|poke|p1|Whimsicott, L50, F|\n|poke|p1|Gallade, L50, M|\n|poke|p1|Archaludon, L50, F|\n|poke|p1|Malamar, L50, F|\n|poke|p1|Indeedee, L50, M|\n|poke|p1|Drifblim, L50, M|\n|poke|p2|Talonflame, L50, F|\n|poke|p2|Baxcalibur, L50, F|\n|poke|p2|Ninetales-Alola, L50, M|\n|poke|p2|Rillaboom, L50, M|\n|poke|p2|Empoleon, L50, F|\n|poke|p2|Flamigo, L50, M|\n|teampreview|4\nactuary97 has agreed to open team sheets.\n|j| BobozzoVGC\nToasteduck has agreed to open team sheets.\n|\n|t:|1731968835\n|start\n|switch|p1a: Tapu Deedee|Indeedee, L50, M, shiny|100\/100\n|switch|p1b: \ud83c\udf88\ud83d\udc7b\ud83c\udf83\ud83d\udc7b\ud83c\udf83\ud83c\udf88|Drifblim, L50, M|100\/100\n|switch|p2a: Talonflame|Talonflame, L50, F|100\/100\n|switch|p2b: Flamigo|Flamigo, L50, M|100\/100\n|-fieldstart|move: Psychic Terrain|[from] ability: Psychic Surge|[of] p1a: Tapu Deedee\n|-enditem|p1b: \ud83c\udf88\ud83d\udc7b\ud83c\udf83\ud83d\udc7b\ud83c\udf83\ud83c\udf88|Psychic Seed\n|-boost|p1b: \ud83c\udf88\ud83d\udc7b\ud83c\udf83\ud83d\udc7b\ud83c\udf83\ud83c\udf88|spd|1|[from] item: Psychic Seed\n|turn|1\n|\n|t:|1731968860\n|switch|p2b: Empoleon|Empoleon, L50, F|100\/100\n|move|p2a: Talonflame|Tailwind|p2a: Talonflame\n|-sidestart|p2: Toasteduck|move: Tailwind\n|move|p1b: \ud83c\udf88\ud83d\udc7b\ud83c\udf83\ud83d\udc7b\ud83c\udf83\ud83c\udf88|Will-O-Wisp|p2b: Empoleon\n|-status|p2b: Empoleon|brn\n|move|p1a: Tapu Deedee|Tera Blast|p2a: Talonflame\n|-damage|p2a: Talonflame|21\/100\n|\n|-damage|p2b: Empoleon|95\/100 brn|[from] brn\n|upkeep\n|turn|2\n|j| mr pogostick\n|\n|t:|1731968918\n|switch|p1a: \u2694\ufe0fKing\u2694\ufe0f|Gallade, L50, M, shiny|100\/100\n|move|p2a: Talonflame|Will-O-Wisp|p1a: \u2694\ufe0fKing\u2694\ufe0f\n|-status|p1a: \u2694\ufe0fKing\u2694\ufe0f|brn\n|move|p1b: \ud83c\udf88\ud83d\udc7b\ud83c\udf83\ud83d\udc7b\ud83c\udf83\ud83c\udf88|Air Slash|p2a: Talonflame\n|-damage|p2a: Talonflame|0 fnt\n|faint|p2a: Talonflame\n|move|p2b: Empoleon|Icy Wind|p1a: \u2694\ufe0fKing\u2694\ufe0f|[spread] p1a\n|-miss|p2b: Empoleon|p1b: \ud83c\udf88\ud83d\udc7b\ud83c\udf83\ud83d\udc7b\ud83c\udf83\ud83c\udf88\n|-damage|p1a: \u2694\ufe0fKing\u2694\ufe0f|86\/100 brn\n|-unboost|p1a: \u2694\ufe0fKing\u2694\ufe0f|spe|1\n|\n|-heal|p2b: Empoleon|100\/100 brn|[from] item: Leftovers\n|-damage|p2b: Empoleon|95\/100 brn|[from] brn\n|-damage|p1a: \u2694\ufe0fKing\u2694\ufe0f|80\/100 brn|[from] brn\n|upkeep\n|c|\u2606actuary97|oof that read!\n|c|\u2606actuary97|nice\n|\n|t:|1731968948\n|switch|p2a: Flamigo|Flamigo, L50, M|100\/100\n|turn|3\n|l| BobozzoVGC\n|\n|t:|1731968975\n|move|p2a: Flamigo|Dual Wingbeat|p1a: \u2694\ufe0fKing\u2694\ufe0f\n|-supereffective|p1a: \u2694\ufe0fKing\u2694\ufe0f\n|-damage|p1a: \u2694\ufe0fKing\u2694\ufe0f|8\/100 brn\n|-supereffective|p1a: \u2694\ufe0fKing\u2694\ufe0f\n|-damage|p1a: \u2694\ufe0fKing\u2694\ufe0f|0 fnt\n|faint|p1a: \u2694\ufe0fKing\u2694\ufe0f\n|-hitcount|p1: \u2694\ufe0fKing\u2694\ufe0f|2\n|move|p1b: \ud83c\udf88\ud83d\udc7b\ud83c\udf83\ud83d\udc7b\ud83c\udf83\ud83c\udf88|Will-O-Wisp|p2a: Flamigo\n|-status|p2a: Flamigo|brn\n|move|p2b: Empoleon|Flash Cannon|p1b: \ud83c\udf88\ud83d\udc7b\ud83c\udf83\ud83d\udc7b\ud83c\udf83\ud83c\udf88\n|-damage|p1b: \ud83c\udf88\ud83d\udc7b\ud83c\udf83\ud83d\udc7b\ud83c\udf83\ud83c\udf88|73\/100\n|\n|-heal|p2b: Empoleon|100\/100 brn|[from] item: Leftovers\n|-damage|p2a: Flamigo|95\/100 brn|[from] brn\n|-damage|p2b: Empoleon|95\/100 brn|[from] brn\n|upkeep\n|\n|t:|1731968984\n|switch|p1a: Bridget|Archaludon, L50, F, shiny|100\/100\n|turn|4\n|\n|t:|1731969020\n|move|p2b: Empoleon|Protect|p2b: Empoleon\n|-singleturn|p2b: Empoleon|Protect\n|move|p2a: Flamigo|Close Combat|p1a: Bridget\n|-supereffective|p1a: Bridget\n|-damage|p1a: Bridget|56\/100\n|-unboost|p2a: Flamigo|def|1\n|-unboost|p2a: Flamigo|spd|1\n|-ability|p1a: Bridget|Stamina|boost\n|-boost|p1a: Bridget|def|1\n|move|p1b: \ud83c\udf88\ud83d\udc7b\ud83c\udf83\ud83d\udc7b\ud83c\udf83\ud83c\udf88|Strength Sap|p2a: Flamigo\n|-unboost|p2a: Flamigo|atk|1\n|-heal|p1b: \ud83c\udf88\ud83d\udc7b\ud83c\udf83\ud83d\udc7b\ud83c\udf83\ud83c\udf88|100\/100\n|move|p1a: Bridget|Electro Shot||[still]\n|-prepare|p1a: Bridget|Electro Shot\n|-boost|p1a: Bridget|spa|1\n|\n|-heal|p2b: Empoleon|100\/100 brn|[from] item: Leftovers\n|-damage|p2a: Flamigo|89\/100 brn|[from] brn\n|-damage|p2b: Empoleon|95\/100 brn|[from] brn\n|-sideend|p2: Toasteduck|move: Tailwind\n|upkeep\n|turn|5\n|\n|t:|1731969046\n|switch|p2b: Baxcalibur|Baxcalibur, L50, F|100\/100\n|move|p1b: \ud83c\udf88\ud83d\udc7b\ud83c\udf83\ud83d\udc7b\ud83c\udf83\ud83c\udf88|Air Slash|p2a: Flamigo\n|-supereffective|p2a: Flamigo\n|-damage|p2a: Flamigo|0 fnt\n|faint|p2a: Flamigo\n|move|p1a: Bridget|Electro Shot|p2b: Baxcalibur|[from]lockedmove\n|-resisted|p2b: Baxcalibur\n|-damage|p2b: Baxcalibur|72\/100\n|\n|-fieldend|move: Psychic Terrain\n|upkeep\n|\n|t:|1731969051\n|switch|p2a: Empoleon|Empoleon, L50, F|95\/100 brn\n|turn|6\n|\n|t:|1731969089\n|move|p2b: Baxcalibur|Protect|p2b: Baxcalibur\n|-singleturn|p2b: Baxcalibur|Protect\n|move|p1b: \ud83c\udf88\ud83d\udc7b\ud83c\udf83\ud83d\udc7b\ud83c\udf83\ud83c\udf88|Air Slash|p2b: Baxcalibur\n|-activate|p2b: Baxcalibur|move: Protect\n|move|p1a: Bridget|Body Press|p2b: Baxcalibur\n|-activate|p2b: Baxcalibur|move: Protect\n|move|p2a: Empoleon|Icy Wind|p1a: Bridget|[spread] p1a,p1b\n|-supereffective|p1b: \ud83c\udf88\ud83d\udc7b\ud83c\udf83\ud83d\udc7b\ud83c\udf83\ud83c\udf88\n|-damage|p1a: Bridget|46\/100\n|-damage|p1b: \ud83c\udf88\ud83d\udc7b\ud83c\udf83\ud83d\udc7b\ud83c\udf83\ud83c\udf88|80\/100\n|-unboost|p1a: Bridget|spe|1\n|-unboost|p1b: \ud83c\udf88\ud83d\udc7b\ud83c\udf83\ud83d\udc7b\ud83c\udf83\ud83c\udf88|spe|1\n|-ability|p1a: Bridget|Stamina|boost\n|-boost|p1a: Bridget|def|1\n|\n|-heal|p2a: Empoleon|100\/100 brn|[from] item: Leftovers\n|-damage|p2a: Empoleon|95\/100 brn|[from] brn\n|upkeep\n|turn|7\n|inactive|Battle timer is ON: inactive players will automatically lose when time's up. (requested by actuary97)\n|\n|t:|1731969165\n|-terastallize|p2b: Baxcalibur|Dragon\n|move|p1b: \ud83c\udf88\ud83d\udc7b\ud83c\udf83\ud83d\udc7b\ud83c\udf83\ud83c\udf88|Strength Sap|p2b: Baxcalibur\n|-unboost|p2b: Baxcalibur|atk|1\n|-heal|p1b: \ud83c\udf88\ud83d\udc7b\ud83c\udf83\ud83d\udc7b\ud83c\udf83\ud83c\udf88|100\/100\n|move|p2b: Baxcalibur|Scale Shot|p1a: Bridget\n|-damage|p1a: Bridget|41\/100\n|-ability|p1a: Bridget|Stamina|boost\n|-boost|p1a: Bridget|def|1\n|-damage|p1a: Bridget|37\/100\n|-ability|p1a: Bridget|Stamina|boost\n|-boost|p1a: Bridget|def|1\n|-damage|p1a: Bridget|33\/100\n|-ability|p1a: Bridget|Stamina|boost\n|-boost|p1a: Bridget|def|1\n|-damage|p1a: Bridget|30\/100\n|-ability|p1a: Bridget|Stamina|boost\n|-boost|p1a: Bridget|def|1\n|-hitcount|p1a: Bridget|4\n|-unboost|p2b: Baxcalibur|def|1\n|-boost|p2b: Baxcalibur|spe|1\n|move|p2a: Empoleon|Flash Cannon|p1a: Bridget\n|-resisted|p1a: Bridget\n|-damage|p1a: Bridget|16\/100\n|move|p1a: Bridget|Flash Cannon|p2b: Baxcalibur\n|-damage|p2b: Baxcalibur|22\/100\n|\n|-heal|p2a: Empoleon|100\/100 brn|[from] item: Leftovers\n|-damage|p2a: Empoleon|95\/100 brn|[from] brn\n|upkeep\n|turn|8\n|inactive|Toasteduck has 30 seconds left.\n|inactive|Toasteduck has 20 seconds left.\n|inactive|Toasteduck has 15 seconds left.\n|\n|t:|1731969207\n|move|p2b: Baxcalibur|Ice Shard|p1a: Bridget\n|-damage|p1a: Bridget|13\/100\n|move|p1b: \ud83c\udf88\ud83d\udc7b\ud83c\udf83\ud83d\udc7b\ud83c\udf83\ud83c\udf88|Air Slash|p2b: Baxcalibur\n|-damage|p2b: Baxcalibur|0 fnt\n|faint|p2b: Baxcalibur\n|move|p2a: Empoleon|Flash Cannon|p1a: Bridget\n|-resisted|p1a: Bridget\n|-damage|p1a: Bridget|0 fnt\n|faint|p1a: Bridget\n|\n|-heal|p2a: Empoleon|100\/100 brn|[from] item: Leftovers\n|-damage|p2a: Empoleon|95\/100 brn|[from] brn\n|upkeep\n|\n|t:|1731969214\n|switch|p1a: Tapu Deedee|Indeedee, L50, M, shiny|100\/100\n|-fieldstart|move: Psychic Terrain|[from] ability: Psychic Surge|[of] p1a: Tapu Deedee\n|turn|9\n|\n|t:|1731969225\n|move|p2a: Empoleon|Protect|p2a: Empoleon\n|-singleturn|p2a: Empoleon|Protect\n|move|p1b: \ud83c\udf88\ud83d\udc7b\ud83c\udf83\ud83d\udc7b\ud83c\udf83\ud83c\udf88|Air Slash|p2a: Empoleon\n|-activate|p2a: Empoleon|move: Protect\n|move|p1a: Tapu Deedee|Expanding Force|p2a: Empoleon\n|-activate|p2a: Empoleon|move: Protect\n|\n|-heal|p2a: Empoleon|100\/100 brn|[from] item: Leftovers\n|-damage|p2a: Empoleon|95\/100 brn|[from] brn\n|upkeep\n|turn|10\n|\n|t:|1731969241\n|-terastallize|p1b: \ud83c\udf88\ud83d\udc7b\ud83c\udf83\ud83d\udc7b\ud83c\udf83\ud83c\udf88|Flying\n|move|p1b: \ud83c\udf88\ud83d\udc7b\ud83c\udf83\ud83d\udc7b\ud83c\udf83\ud83c\udf88|Air Slash|p2a: Empoleon\n|-resisted|p2a: Empoleon\n|-damage|p2a: Empoleon|80\/100 brn\n|move|p1a: Tapu Deedee|Expanding Force|p2a: Empoleon\n|-resisted|p2a: Empoleon\n|-damage|p2a: Empoleon|26\/100 brn\n|cant|p2a: Empoleon|flinch\n|\n|-heal|p2a: Empoleon|32\/100 brn|[from] item: Leftovers\n|-damage|p2a: Empoleon|26\/100 brn|[from] brn\n|upkeep\n|turn|11\n|j| Kpxbrothers\n|c|\u2606Toasteduck|ggs\n|\n|t:|1731969252\n|move|p1b: \ud83c\udf88\ud83d\udc7b\ud83c\udf83\ud83d\udc7b\ud83c\udf83\ud83c\udf88|Air Slash|p2a: Empoleon\n|-resisted|p2a: Empoleon\n|-damage|p2a: Empoleon|11\/100 brn\n|move|p1a: Tapu Deedee|Expanding Force|p2a: Empoleon\n|-resisted|p2a: Empoleon\n|-damage|p2a: Empoleon|0 fnt\n|faint|p2a: Empoleon\n|\n|win|actuary97\n|raw|actuary97's rating: 1803 &rarr; <strong>1822<\/strong><br \/>(+19 for winning)\n|raw|Toasteduck's rating: 1779 &rarr; <strong>1760<\/strong><br \/>(-19 for losing)\n|c|\u2606actuary97|gg\n|l| mr pogostick\n|l|\u2606Toasteduck\n|player|p2|\n","uploadtime":1731969423,"views":44,"formatid":"gen9vgc2024regh","rating":1760,"private":0,"password":null}