{"id":"gen9vgc2024regh-2246281886","format":"[Gen 9] VGC 2024 Reg H","players":["VGCLTH skibidi","trevanator"],"log":"|raw|<div class=\"broadcast-blue\"><strong>This battle is required to be public due to a player having a name starting with 'vgclth'.<\/div>\n|j|\u2606VGCLTH skibidi\n|j|\u2606trevanator\n|t:|1731947049\n|gametype|doubles\n|player|p1|VGCLTH skibidi|piers-masters|1890\n|player|p2|trevanator|266|1973\n|teamsize|p1|6\n|teamsize|p2|6\n|gen|9\n|tier|[Gen 9] VGC 2024 Reg H\n|rated|\n|rule|Species Clause: Limit one of each Pok\u00e9mon\n|rule|Item Clause: Limit 1 of each item\n|clearpoke\n|poke|p1|Ceruledge, L50, F|\n|poke|p1|Gastrodon-East, L50, F|\n|poke|p1|Sneasler, L50, F|\n|poke|p1|Kingambit, L50, M|\n|poke|p1|Rillaboom, L50, M|\n|poke|p1|Dragonite, L50, M|\n|poke|p2|Politoed, L50, F|\n|poke|p2|Gothitelle, L50, M|\n|poke|p2|Incineroar, L50, F|\n|poke|p2|Amoonguss, L50, F|\n|poke|p2|Kingdra, L50, M|\n|poke|p2|Archaludon, L50, F|\n|teampreview|4\n|inactive|Battle timer is ON: inactive players will automatically lose when time's up. (requested by VGCLTH skibidi)\n|inactive|VGCLTH skibidi has 60 seconds left.\n|j| Mando Norris\n|inactive|VGCLTH skibidi has 30 seconds left.\n|\n|t:|1731947116\n|start\n|switch|p1a: Rizzler|Rillaboom, L50, M|100\/100\n|switch|p1b: Let's go gambling|Sneasler, L50, F|100\/100\n|switch|p2a: Politoed|Politoed, L50, F|100\/100\n|switch|p2b: Amoonguss|Amoonguss, L50, F|100\/100\n|-fieldstart|move: Grassy Terrain|[from] ability: Grassy Surge|[of] p1a: Rizzler\n|-weather|RainDance|[from] ability: Drizzle|[of] p2a: Politoed\n|turn|1\n|\n|t:|1731947138\n|move|p2a: Politoed|Protect|p2a: Politoed\n|-singleturn|p2a: Politoed|Protect\n|move|p1b: Let's go gambling|Close Combat|p2a: Politoed\n|-activate|p2a: Politoed|move: Protect\n|move|p1a: Rizzler|High Horsepower|p2a: Politoed\n|-activate|p2a: Politoed|move: Protect\n|move|p2b: Amoonguss|Spore|p1b: Let's go gambling\n|-status|p1b: Let's go gambling|slp|[from] move: Spore\n|\n|-weather|RainDance|[upkeep]\n|upkeep\n|turn|2\n|\n|t:|1731947145\n|switch|p2b: Gothitelle|Gothitelle, L50, M|100\/100\n|-terastallize|p2a: Politoed|Grass\n|cant|p1b: Let's go gambling|slp\n|move|p1a: Rizzler|Wood Hammer|p2a: Politoed\n|-resisted|p2a: Politoed\n|-damage|p2a: Politoed|50\/100\n|-damage|p1a: Rizzler|82\/100|[from] Recoil\n|move|p2a: Politoed|Perish Song|p2a: Politoed\n|-start|p1a: Rizzler|perish3|[silent]\n|-start|p1b: Let's go gambling|perish3|[silent]\n|-start|p2a: Politoed|perish3|[silent]\n|-start|p2b: Gothitelle|perish3|[silent]\n|-fieldactivate|move: Perish Song\n|\n|-weather|RainDance|[upkeep]\n|-heal|p1a: Rizzler|88\/100|[from] Grassy Terrain\n|-heal|p2a: Politoed|56\/100|[from] Grassy Terrain\n|-heal|p2a: Politoed|62\/100|[from] item: Leftovers\n|-start|p1b: Let's go gambling|perish3\n|-start|p1a: Rizzler|perish3\n|-start|p2a: Politoed|perish3\n|-start|p2b: Gothitelle|perish3\n|upkeep\n|turn|3\n|\n|t:|1731947162\n|switch|p2a: Incineroar|Incineroar, L50, F|100\/100\n|-ability|p2a: Incineroar|Intimidate|boost\n|-unboost|p1a: Rizzler|atk|1\n|-unboost|p1b: Let's go gambling|atk|1\n|-terastallize|p1b: Let's go gambling|Ghost\n|move|p2b: Gothitelle|Fake Out|p1a: Rizzler\n|-damage|p1a: Rizzler|81\/100\n|cant|p1b: Let's go gambling|slp\n|cant|p1a: Rizzler|flinch\n|\n|-weather|RainDance|[upkeep]\n|-heal|p1a: Rizzler|87\/100|[from] Grassy Terrain\n|-start|p1b: Let's go gambling|perish2\n|-start|p1a: Rizzler|perish2\n|-start|p2b: Gothitelle|perish2\n|upkeep\n|turn|4\n|\n|t:|1731947175\n|switch|p1b: Godlyreal|Kingambit, L50, M|100\/100\n|move|p2a: Incineroar|Fake Out|p1a: Rizzler\n|-damage|p1a: Rizzler|74\/100\n|cant|p1a: Rizzler|flinch\n|move|p2b: Gothitelle|Trick Room|p2b: Gothitelle\n|-fieldstart|move: Trick Room|[of] p2b: Gothitelle\n|\n|-weather|RainDance|[upkeep]\n|-heal|p1a: Rizzler|80\/100|[from] Grassy Terrain\n|-start|p2b: Gothitelle|perish1\n|-start|p1a: Rizzler|perish1\n|upkeep\n|turn|5\n|inactive|VGCLTH skibidi has 30 seconds left.\n|\n|t:|1731947204\n|switch|p2b: Amoonguss|Amoonguss, L50, F|100\/100\n|move|p1b: Godlyreal|Kowtow Cleave|p2b: Amoonguss\n|-damage|p2b: Amoonguss|64\/100\n|-enditem|p2b: Amoonguss|Eject Button\n|\n|t:|1731947209\n|switch|p2b: Gothitelle|Gothitelle, L50, M|100\/100\n|move|p2a: Incineroar|Parting Shot|p1a: Rizzler\n|-unboost|p1a: Rizzler|atk|1\n|-unboost|p1a: Rizzler|spa|1\n|\n|t:|1731947224\n|switch|p2a: Amoonguss|Amoonguss, L50, F|97\/100|[from] Parting Shot\n|move|p1a: Rizzler|High Horsepower|p2b: Gothitelle|[miss]\n|-miss|p1a: Rizzler|p2b: Gothitelle\n|\n|-weather|none\n|-heal|p2a: Amoonguss|100\/100|[from] Grassy Terrain\n|-heal|p1a: Rizzler|86\/100|[from] Grassy Terrain\n|-start|p1a: Rizzler|perish0\n|faint|p1a: Rizzler\n|-fieldend|move: Grassy Terrain\n|upkeep\n|\n|t:|1731947228\n|switch|p1a: Let's go gambling|Sneasler, L50, F, tera:Ghost|100\/100 slp\n|turn|6\n|\n|t:|1731947241\n|-curestatus|p1a: Let's go gambling|slp|[msg]\n|move|p1a: Let's go gambling|Fake Out|p2b: Gothitelle\n|-damage|p2b: Gothitelle|88\/100\n|move|p2a: Amoonguss|Spore|p1b: Godlyreal\n|-status|p1b: Godlyreal|slp|[from] move: Spore\n|cant|p2b: Gothitelle|flinch\n|cant|p1b: Godlyreal|slp\n|\n|upkeep\n|turn|7\n|\n|t:|1731947253\n|switch|p2b: Politoed|Politoed, L50, F, tera:Grass|62\/100\n|-weather|RainDance|[from] ability: Drizzle|[of] p2b: Politoed\n|move|p2a: Amoonguss|Spore|p1a: Let's go gambling\n|-status|p1a: Let's go gambling|slp|[from] move: Spore\n|cant|p1b: Godlyreal|slp\n|cant|p1a: Let's go gambling|slp\n|\n|-weather|RainDance|[upkeep]\n|-heal|p2b: Politoed|68\/100|[from] item: Leftovers\n|upkeep\n|turn|8\n|\n|t:|1731947273\n|move|p2a: Amoonguss|Rage Powder|p2a: Amoonguss\n|-singleturn|p2a: Amoonguss|move: Rage Powder\n|-curestatus|p1b: Godlyreal|slp|[msg]\n|move|p1b: Godlyreal|Kowtow Cleave|p2a: Amoonguss\n|-damage|p2a: Amoonguss|61\/100\n|move|p2b: Politoed|Weather Ball|p1a: Let's go gambling\n|-crit|p1a: Let's go gambling\n|-damage|p1a: Let's go gambling|4\/100 slp\n|-curestatus|p1a: Let's go gambling|slp|[msg]\n|move|p1a: Let's go gambling|Dire Claw|p2a: Amoonguss\n|-crit|p2a: Amoonguss\n|-damage|p2a: Amoonguss|10\/100\n|\n|-weather|RainDance|[upkeep]\n|-heal|p2b: Politoed|74\/100|[from] item: Leftovers\n|-fieldend|move: Trick Room\n|upkeep\n|turn|9\n|j| wisefinnbar\n|inactive|VGCLTH skibidi has 30 seconds left.\n|\n|t:|1731947298\n|switch|p1a: Joe Dog|Gastrodon-East, L50, F|100\/100\n|move|p2a: Amoonguss|Rage Powder|p2a: Amoonguss\n|-singleturn|p2a: Amoonguss|move: Rage Powder\n|move|p2b: Politoed|Weather Ball|p1a: Joe Dog\n|-ability|p1a: Joe Dog|Storm Drain|boost\n|-boost|p1a: Joe Dog|spa|1\n|move|p1b: Godlyreal|Kowtow Cleave|p2a: Amoonguss\n|-damage|p2a: Amoonguss|0 fnt\n|faint|p2a: Amoonguss\n|\n|-weather|RainDance|[upkeep]\n|-heal|p2b: Politoed|80\/100|[from] item: Leftovers\n|upkeep\n|\n|t:|1731947303\n|switch|p2a: Gothitelle|Gothitelle, L50, M|88\/100\n|turn|10\n|\n|t:|1731947310\n|move|p2a: Gothitelle|Fake Out|p1b: Godlyreal\n|-resisted|p1b: Godlyreal\n|-damage|p1b: Godlyreal|98\/100\n|move|p2b: Politoed|Perish Song|p2b: Politoed\n|-start|p1a: Joe Dog|perish3|[silent]\n|-start|p1b: Godlyreal|perish3|[silent]\n|-start|p2a: Gothitelle|perish3|[silent]\n|-start|p2b: Politoed|perish3|[silent]\n|-fieldactivate|move: Perish Song\n|cant|p1b: Godlyreal|flinch\n|move|p1a: Joe Dog|Ice Beam|p2b: Politoed\n|-supereffective|p2b: Politoed\n|-damage|p2b: Politoed|32\/100\n|\n|-weather|RainDance|[upkeep]\n|-heal|p2b: Politoed|39\/100|[from] item: Leftovers\n|-start|p2b: Politoed|perish3\n|-start|p1b: Godlyreal|perish3\n|-start|p2a: Gothitelle|perish3\n|-start|p1a: Joe Dog|perish3\n|upkeep\n|turn|11\n|inactive|trevanator has 30 seconds left.\n|inactive|trevanator has 20 seconds left.\n|inactive|trevanator has 15 seconds left.\n|\n|t:|1731947351\n|move|p2b: Politoed|Protect|p2b: Politoed\n|-singleturn|p2b: Politoed|Protect\n|move|p2a: Gothitelle|Protect|p2a: Gothitelle\n|-singleturn|p2a: Gothitelle|Protect\n|move|p1b: Godlyreal|Kowtow Cleave|p2b: Politoed\n|-activate|p2b: Politoed|move: Protect\n|move|p1a: Joe Dog|Earth Power|p2b: Politoed\n|-activate|p2b: Politoed|move: Protect\n|\n|-weather|none\n|-heal|p2b: Politoed|45\/100|[from] item: Leftovers\n|-start|p2b: Politoed|perish2\n|-start|p1b: Godlyreal|perish2\n|-start|p2a: Gothitelle|perish2\n|-start|p1a: Joe Dog|perish2\n|upkeep\n|turn|12\n|j| DittoTang\n|\n|t:|1731947375\n|switch|p2a: Incineroar|Incineroar, L50, F|100\/100\n|-ability|p2a: Incineroar|Intimidate|boost\n|-unboost|p1a: Joe Dog|atk|1\n|-unboost|p1b: Godlyreal|atk|1\n|-ability|p1b: Godlyreal|Defiant|boost\n|-boost|p1b: Godlyreal|atk|2\n|move|p2b: Politoed|Encore|p1b: Godlyreal\n|-start|p1b: Godlyreal|Encore\n|move|p1b: Godlyreal|Kowtow Cleave|p2a: Incineroar\n|-resisted|p2a: Incineroar\n|-damage|p2a: Incineroar|68\/100\n|move|p1a: Joe Dog|Ice Beam|p2b: Politoed\n|-supereffective|p2b: Politoed\n|-damage|p2b: Politoed|0 fnt\n|faint|p2b: Politoed\n|\n|-start|p1b: Godlyreal|perish1\n|-start|p1a: Joe Dog|perish1\n|upkeep\n|\n|t:|1731947388\n|switch|p2b: Gothitelle|Gothitelle, L50, M|88\/100\n|turn|13\n|\n|t:|1731947401\n|move|p2b: Gothitelle|Protect|p2b: Gothitelle\n|-singleturn|p2b: Gothitelle|Protect\n|move|p2a: Incineroar|Fake Out|p1a: Joe Dog\n|-damage|p1a: Joe Dog|87\/100\n|move|p1b: Godlyreal|Kowtow Cleave|p2a: Incineroar\n|-resisted|p2a: Incineroar\n|-damage|p2a: Incineroar|31\/100\n|cant|p1a: Joe Dog|flinch\n|\n|-start|p1b: Godlyreal|perish0\n|-start|p1a: Joe Dog|perish0\n|faint|p1b: Godlyreal\n|faint|p1a: Joe Dog\n|upkeep\n|\n|t:|1731947403\n|switch|p1b: Let's go gambling|Sneasler, L50, F, tera:Ghost|4\/100\n|turn|14\n|\n|t:|1731947410\n|move|p1b: Let's go gambling|Close Combat|p2a: Incineroar\n|-supereffective|p2a: Incineroar\n|-damage|p2a: Incineroar|0 fnt\n|-unboost|p1b: Let's go gambling|def|1\n|-unboost|p1b: Let's go gambling|spd|1\n|faint|p2a: Incineroar\n|move|p2b: Gothitelle|Psychic|p1b: Let's go gambling\n|-damage|p1b: Let's go gambling|0 fnt\n|faint|p1b: Let's go gambling\n|\n|win|trevanator\n|raw|VGCLTH skibidi's rating: 1890 &rarr; <strong>1875<\/strong><br \/>(-15 for losing)\n|raw|trevanator's rating: 1973 &rarr; <strong>1988<\/strong><br \/>(+15 for winning)\n|c|\u2606trevanator|gg\n|l|\u2606VGCLTH skibidi\n|player|p1|\n","uploadtime":1731947414,"views":457,"formatid":"gen9vgc2024regh","rating":1875,"private":0,"password":null}