{"id":"gen9vgc2024regh-2246275705","format":"[Gen 9] VGC 2024 Reg H","players":["blindfishptsd","VGCLTH Oinge"],"log":"|j|\u2606blindfishptsd\n|j|\u2606VGCLTH Oinge\n|t:|1731946449\n|gametype|doubles\n|player|p1|blindfishptsd|olympia|1682\n|player|p2|VGCLTH Oinge|mars|1757\n|teamsize|p1|6\n|teamsize|p2|6\n|gen|9\n|tier|[Gen 9] VGC 2024 Reg H\n|rated|\n|rule|Species Clause: Limit one of each Pok\u00e9mon\n|rule|Item Clause: Limit 1 of each item\n|clearpoke\n|poke|p1|Gholdengo, L50|\n|poke|p1|Glimmora, L50, F|\n|poke|p1|Talonflame, L50, M|\n|poke|p1|Dragonite, L50, F|\n|poke|p1|Dondozo, L50, M|\n|poke|p1|Tatsugiri, L50, F|\n|poke|p2|Armarouge, L50, F|\n|poke|p2|Maushold-Four, L50|\n|poke|p2|Indeedee-F, L50, F|\n|poke|p2|Rillaboom, L50, F|\n|poke|p2|Gholdengo, L50|\n|poke|p2|Dragonite, L50, F|\n|teampreview|4\n|inactive|Battle timer is ON: inactive players will automatically lose when time's up. (requested by blindfishptsd)\n|inactive|blindfishptsd has 60 seconds left.\n|inactive|VGCLTH Oinge has 60 seconds left.\n|\n|t:|1731946499\n|start\n|switch|p1a: Talonflame|Talonflame, L50, M|100\/100\n|switch|p1b: Dragonite|Dragonite, L50, F|100\/100\n|switch|p2a: Maushold|Maushold-Four, L50|100\/100\n|switch|p2b: Armarouge|Armarouge, L50, F|100\/100\n|turn|1\n|inactive|VGCLTH Oinge has 30 seconds left.\n|\n|t:|1731946529\n|-terastallize|p2b: Armarouge|Psychic\n|move|p1a: Talonflame|Tailwind|p1a: Talonflame\n|-sidestart|p1: blindfishptsd|move: Tailwind\n|move|p1b: Dragonite|Earthquake|p2a: Maushold|[spread] p2a,p2b\n|-immune|p1a: Talonflame\n|-damage|p2a: Maushold|43\/100\n|-damage|p2b: Armarouge|72\/100\n|-ability|p2b: Armarouge|Weak Armor|boost\n|-unboost|p2b: Armarouge|def|1\n|-boost|p2b: Armarouge|spe|2\n|move|p2b: Armarouge|Stored Power|p1b: Dragonite\n|-damage|p1b: Dragonite|82\/100\n|move|p2a: Maushold|U-turn|p2b: Armarouge\n|-supereffective|p2b: Armarouge\n|-damage|p2b: Armarouge|48\/100\n|-ability|p2b: Armarouge|Weak Armor|boost\n|-unboost|p2b: Armarouge|def|1\n|-boost|p2b: Armarouge|spe|2\n|-enditem|p2b: Armarouge|Weakness Policy\n|-boost|p2b: Armarouge|atk|2|[from] item: Weakness Policy\n|-boost|p2b: Armarouge|spa|2|[from] item: Weakness Policy\n|\n|t:|1731946541\n|switch|p2a: Indeedee|Indeedee-F, L50, F|100\/100|[from] U-turn\n|-fieldstart|move: Psychic Terrain|[from] ability: Psychic Surge|[of] p2a: Indeedee\n|-enditem|p2a: Indeedee|Psychic Seed\n|-boost|p2a: Indeedee|spd|1|[from] item: Psychic Seed\n|\n|upkeep\n|turn|2\n|\n|t:|1731946556\n|move|p2a: Indeedee|Follow Me|p2a: Indeedee\n|-singleturn|p2a: Indeedee|move: Follow Me\n|move|p1a: Talonflame|Flare Blitz|p2a: Indeedee\n|-damage|p2a: Indeedee|43\/100\n|-damage|p1a: Talonflame|79\/100|[from] Recoil\n|-damage|p1a: Talonflame|69\/100|[from] item: Life Orb\n|move|p2b: Armarouge|Expanding Force|p1b: Dragonite|[spread] p1a,p1b\n|-damage|p1a: Talonflame|0 fnt\n|-damage|p1b: Dragonite|0 fnt\n|faint|p1a: Talonflame\n|faint|p1b: Dragonite\n|\n|upkeep\n|\n|t:|1731946566\n|switch|p1a: Gholdengo|Gholdengo, L50|100\/100\n|switch|p1b: Glimmora|Glimmora, L50, F|100\/100\n|turn|3\n|inactive|VGCLTH Oinge has 30 seconds left.\n|inactive|VGCLTH Oinge has 20 seconds left.\n|inactive|VGCLTH Oinge has 15 seconds left.\n|\n|t:|1731946607\n|move|p1b: Glimmora|Spiky Shield|p1b: Glimmora\n|-singleturn|p1b: Glimmora|move: Protect\n|move|p2a: Indeedee|Follow Me|p2a: Indeedee\n|-singleturn|p2a: Indeedee|move: Follow Me\n|move|p2b: Armarouge|Expanding Force|p1b: Glimmora|[spread] p1a\n|-activate|p1b: Glimmora|move: Protect\n|-resisted|p1a: Gholdengo\n|-damage|p1a: Gholdengo|10\/100\n|move|p1a: Gholdengo|Make It Rain|p2b: Armarouge|[spread] p2a,p2b\n|-crit|p2a: Indeedee\n|-damage|p2a: Indeedee|0 fnt\n|-damage|p2b: Armarouge|0 fnt\n|-unboost|p1a: Gholdengo|spa|1\n|faint|p2a: Indeedee\n|faint|p2b: Armarouge\n|\n|upkeep\n|\n|t:|1731946619\n|switch|p2b: Dragonite|Dragonite, L50, F|100\/100\n|switch|p2a: Maushold|Maushold-Four, L50|43\/100\n|turn|4\n|inactive|blindfishptsd has 30 seconds left.\n|inactive|blindfishptsd has 20 seconds left.\n|inactive|blindfishptsd has 15 seconds left.\n|inactive|blindfishptsd has 10 seconds left.\n|inactive|blindfishptsd has 5 seconds left.\n|\n|t:|1731946674\n|move|p2a: Maushold|Protect|p2a: Maushold\n|-singleturn|p2a: Maushold|Protect\n|move|p2b: Dragonite|Protect|p2b: Dragonite\n|-singleturn|p2b: Dragonite|Protect\n|move|p1b: Glimmora|Meteor Beam||[still]\n|-prepare|p1b: Glimmora|Meteor Beam\n|-boost|p1b: Glimmora|spa|1\n|-enditem|p1b: Glimmora|Power Herb\n|-anim|p1b: Glimmora|Meteor Beam|p2a: Maushold\n|-activate|p2a: Maushold|move: Protect\n|move|p1a: Gholdengo|Make It Rain|p2b: Dragonite|[spread] \n|-activate|p2a: Maushold|move: Protect\n|-activate|p2b: Dragonite|move: Protect\n|\n|-sideend|p1: blindfishptsd|move: Tailwind\n|upkeep\n|turn|5\n|inactive|blindfishptsd has 30 seconds left.\n|inactive|blindfishptsd has 20 seconds left.\n|inactive|blindfishptsd has 15 seconds left.\n|inactive|blindfishptsd has 10 seconds left.\n|inactive|blindfishptsd has 5 seconds left.\n|j| Fancy Cucudrula\n|\n|t:|1731946729\n|move|p2a: Maushold|Beat Up|p1a: Gholdengo\n|-supereffective|p1a: Gholdengo\n|-damage|p1a: Gholdengo|4\/100\n|-supereffective|p1a: Gholdengo\n|-damage|p1a: Gholdengo|0 fnt\n|faint|p1a: Gholdengo\n|-hitcount|p1: Gholdengo|2\n|move|p1b: Glimmora|Meteor Beam||[still]\n|-prepare|p1b: Glimmora|Meteor Beam\n|-boost|p1b: Glimmora|spa|1\n|move|p2b: Dragonite|Scale Shot|p1b: Glimmora\n|-damage|p1b: Glimmora|84\/100\n|-activate|p1b: Glimmora|ability: Toxic Debris\n|-sidestart|p2: VGCLTH Oinge|move: Toxic Spikes\n|-damage|p1b: Glimmora|65\/100\n|-activate|p1b: Glimmora|ability: Toxic Debris\n|-sidestart|p2: VGCLTH Oinge|move: Toxic Spikes\n|-damage|p1b: Glimmora|49\/100\n|-damage|p1b: Glimmora|32\/100\n|-hitcount|p1b: Glimmora|4\n|-unboost|p2b: Dragonite|def|1\n|-boost|p2b: Dragonite|spe|1\n|\n|-fieldend|move: Psychic Terrain\n|upkeep\n|turn|6\n|-message|blindfishptsd forfeited.\n|\n|win|VGCLTH Oinge\n|raw|blindfishptsd's rating: 1682 &rarr; <strong>1666<\/strong><br \/>(-16 for losing)\n|raw|VGCLTH Oinge's rating: 1757 &rarr; <strong>1773<\/strong><br \/>(+16 for winning)\n|l|\u2606blindfishptsd\n|player|p1|\n|j| Dogerunner\n|l|\u2606VGCLTH Oinge\n|player|p2|\n|l| Dogerunner\n|l| Fancy Cucudrula\n","uploadtime":1731946952,"views":13,"formatid":"gen9vgc2024regh","rating":1666,"private":0,"password":null}