{"id":"gen9vgc2024regh-2246140535","format":"[Gen 9] VGC 2024 Reg H","players":["GuevaraGaming2","LilTic"],"log":"|j|\u2606GuevaraGaming2\n|j|\u2606LilTic\n|t:|1731930145\n|gametype|doubles\n|player|p1|GuevaraGaming2|hilbert-wonderlauncher|1729\n|player|p2|LilTic|ninjaboy|1640\n|teamsize|p1|6\n|teamsize|p2|6\n|gen|9\n|tier|[Gen 9] VGC 2024 Reg H\n|rated|\n|rule|Species Clause: Limit one of each Pok\u00e9mon\n|rule|Item Clause: Limit 1 of each item\n|clearpoke\n|poke|p1|Sneasler, L50, F|\n|poke|p1|Incineroar, L50, M|\n|poke|p1|Whimsicott, L50, M|\n|poke|p1|Primarina, L50, M|\n|poke|p1|Gholdengo, L50|\n|poke|p1|Rillaboom, L50, M|\n|poke|p2|Toxapex, L50, F|\n|poke|p2|Incineroar, L50, M|\n|poke|p2|Amoonguss, L50, M|\n|poke|p2|Ninetales-Alola, L50, M|\n|poke|p2|Dragonite, L50, F|\n|poke|p2|Kingambit, L50, F|\n|teampreview|4\n|inactive|Battle timer is ON: inactive players will automatically lose when time's up. (requested by LilTic)\n|\n|t:|1731930177\n|start\n|switch|p1a: Sneasler|Sneasler, L50, F|100\/100\n|switch|p1b: Primarina|Primarina, L50, M|100\/100\n|switch|p2a: Toxapex|Toxapex, L50, F|100\/100\n|switch|p2b: Incineroar|Incineroar, L50, M|100\/100\n|-ability|p2b: Incineroar|Intimidate|boost\n|-unboost|p1a: Sneasler|atk|1\n|-unboost|p1b: Primarina|atk|1\n|-enditem|p1a: Sneasler|White Herb\n|-clearnegativeboost|p1a: Sneasler|[silent]\n|turn|1\n|\n|t:|1731930199\n|switch|p2b: Amoonguss|Amoonguss, L50, M|100\/100\n|move|p1a: Sneasler|Fake Out|p2a: Toxapex\n|-damage|p2a: Toxapex|92\/100\n|move|p1b: Primarina|Hyper Voice|p2a: Toxapex|[spread] p2a,p2b\n|-resisted|p2a: Toxapex\n|-resisted|p2b: Amoonguss\n|-damage|p2a: Toxapex|78\/100\n|-damage|p2b: Amoonguss|84\/100\n|-enditem|p1b: Primarina|Throat Spray\n|-boost|p1b: Primarina|spa|1|[from] item: Throat Spray\n|cant|p2a: Toxapex|flinch\n|\n|upkeep\n|turn|2\n|\n|t:|1731930224\n|switch|p1a: Incineroar|Incineroar, L50, M|100\/100\n|-ability|p1a: Incineroar|Intimidate|boost\n|-unboost|p2a: Toxapex|atk|1\n|-unboost|p2b: Amoonguss|atk|1\n|move|p1b: Primarina|Protect|p1b: Primarina\n|-singleturn|p1b: Primarina|Protect\n|move|p2a: Toxapex|Toxic|p1b: Primarina\n|-activate|p1b: Primarina|move: Protect\n|move|p2b: Amoonguss|Spore|p1a: Incineroar\n|-activate|p1a: Incineroar|item: Safety Goggles|Spore\n|\n|upkeep\n|turn|3\n|\n|t:|1731930238\n|move|p1b: Primarina|Moonblast|p2b: Amoonguss\n|-resisted|p2b: Amoonguss\n|-damage|p2b: Amoonguss|50\/100\n|-unboost|p2b: Amoonguss|spa|1\n|move|p1a: Incineroar|Flare Blitz|p2b: Amoonguss\n|-supereffective|p2b: Amoonguss\n|-damage|p2b: Amoonguss|0 fnt\n|-damage|p1a: Incineroar|84\/100|[from] item: Rocky Helmet|[of] p2b: Amoonguss\n|faint|p2b: Amoonguss\n|-damage|p1a: Incineroar|66\/100|[from] Recoil\n|move|p2a: Toxapex|Toxic|p1b: Primarina\n|-status|p1b: Primarina|tox\n|\n|-damage|p1b: Primarina|94\/100 tox|[from] psn\n|upkeep\n|\n|t:|1731930247\n|switch|p2b: Incineroar|Incineroar, L50, M|100\/100\n|-ability|p2b: Incineroar|Intimidate|boost\n|-unboost|p1a: Incineroar|atk|1\n|-unboost|p1b: Primarina|atk|1\n|turn|4\n|\n|t:|1731930270\n|move|p1b: Primarina|Protect|p1b: Primarina\n|-singleturn|p1b: Primarina|Protect\n|move|p2b: Incineroar|Parting Shot|p1b: Primarina\n|-activate|p1b: Primarina|move: Protect\n|move|p1a: Incineroar|Parting Shot|p2b: Incineroar\n|-unboost|p2b: Incineroar|atk|1\n|-unboost|p2b: Incineroar|spa|1\n|\n|t:|1731930272\n|switch|p1a: Gholdengo|Gholdengo, L50|100\/100|[from] Parting Shot\n|move|p2a: Toxapex|Infestation|p1a: Gholdengo\n|-resisted|p1a: Gholdengo\n|-damage|p1a: Gholdengo|99\/100\n|-activate|p1a: Gholdengo|move: Infestation|[of] p2a: Toxapex\n|\n|-damage|p1b: Primarina|82\/100 tox|[from] psn\n|-damage|p1a: Gholdengo|83\/100|[from] move: Infestation|[partiallytrapped]\n|upkeep\n|turn|5\n|\n|t:|1731930291\n|move|p1a: Gholdengo|Shadow Ball|p2a: Toxapex\n|-damage|p2a: Toxapex|39\/100\n|-damage|p1a: Gholdengo|74\/100|[from] item: Life Orb\n|move|p2b: Incineroar|Flare Blitz|p1a: Gholdengo\n|-supereffective|p1a: Gholdengo\n|-damage|p1a: Gholdengo|0 fnt\n|faint|p1a: Gholdengo\n|-damage|p2b: Incineroar|81\/100|[from] Recoil\n|move|p1b: Primarina|Hyper Voice|p2b: Incineroar|[spread] p2a,p2b\n|-resisted|p2a: Toxapex\n|-supereffective|p2b: Incineroar\n|-damage|p2a: Toxapex|19\/100\n|-damage|p2b: Incineroar|0 fnt\n|faint|p2b: Incineroar\n|move|p2a: Toxapex|Infestation|p1b: Primarina\n|-resisted|p1b: Primarina\n|-damage|p1b: Primarina|81\/100 tox\n|-activate|p1b: Primarina|move: Infestation|[of] p2a: Toxapex\n|\n|-damage|p1b: Primarina|63\/100 tox|[from] psn\n|-damage|p1b: Primarina|47\/100 tox|[from] move: Infestation|[partiallytrapped]\n|upkeep\n|\n|t:|1731930306\n|switch|p1a: Sneasler|Sneasler, L50, F|100\/100\n|switch|p2b: Ninetales|Ninetales-Alola, L50, M|100\/100\n|-weather|Snow|[from] ability: Snow Warning|[of] p2b: Ninetales\n|turn|6\n|inactive|LilTic has 30 seconds left.\n|j| zer90\n|\n|t:|1731930337\n|move|p2b: Ninetales|Protect|p2b: Ninetales\n|-singleturn|p2b: Ninetales|Protect\n|move|p2a: Toxapex|Baneful Bunker|p2a: Toxapex\n|-singleturn|p2a: Toxapex|move: Protect\n|move|p1a: Sneasler|Fake Out|p2b: Ninetales\n|-activate|p2b: Ninetales|move: Protect\n|move|p1b: Primarina|Hyper Voice|p2a: Toxapex|[spread] \n|-activate|p2a: Toxapex|move: Protect\n|-activate|p2b: Ninetales|move: Protect\n|\n|-weather|Snow|[upkeep]\n|-damage|p1b: Primarina|22\/100 tox|[from] psn\n|-damage|p1b: Primarina|6\/100 tox|[from] move: Infestation|[partiallytrapped]\n|upkeep\n|turn|7\n|l| zer90\n|inactive|GuevaraGaming2 has 30 seconds left.\n|\n|t:|1731930372\n|move|p1a: Sneasler|Dire Claw|p2a: Toxapex\n|-resisted|p2a: Toxapex\n|-damage|p2a: Toxapex|6\/100\n|move|p2b: Ninetales|Blizzard|p1a: Sneasler|[spread] p1a,p1b\n|-resisted|p1b: Primarina\n|-damage|p1a: Sneasler|58\/100\n|-damage|p1b: Primarina|0 fnt\n|faint|p1b: Primarina\n|move|p2a: Toxapex|Recover|p2a: Toxapex\n|-heal|p2a: Toxapex|56\/100\n|\n|-weather|Snow|[upkeep]\n|upkeep\n|\n|t:|1731930377\n|switch|p1b: Incineroar|Incineroar, L50, M|66\/100\n|-ability|p1b: Incineroar|Intimidate|boost\n|-unboost|p2a: Toxapex|atk|1\n|-unboost|p2b: Ninetales|atk|1\n|turn|8\n|\n|t:|1731930390\n|move|p2b: Ninetales|Protect|p2b: Ninetales\n|-singleturn|p2b: Ninetales|Protect\n|move|p2a: Toxapex|Baneful Bunker|p2a: Toxapex\n|-singleturn|p2a: Toxapex|move: Protect\n|move|p1b: Incineroar|Fake Out|p2a: Toxapex\n|-activate|p2a: Toxapex|move: Protect\n|-status|p1b: Incineroar|psn\n|move|p1a: Sneasler|Dire Claw|p2b: Ninetales\n|-activate|p2b: Ninetales|move: Protect\n|\n|-weather|Snow|[upkeep]\n|-damage|p1b: Incineroar|54\/100 psn|[from] psn\n|upkeep\n|turn|9\n|\n|t:|1731930400\n|-terastallize|p2b: Ninetales|Ice\n|move|p1a: Sneasler|Dire Claw|p2b: Ninetales\n|-damage|p2b: Ninetales|60\/100\n|move|p2b: Ninetales|Blizzard|p1a: Sneasler|[spread] p1a,p1b\n|-resisted|p1b: Incineroar\n|-damage|p1a: Sneasler|2\/100\n|-damage|p1b: Incineroar|38\/100 psn\n|-status|p1a: Sneasler|frz\n|move|p1b: Incineroar|Knock Off|p2b: Ninetales\n|-damage|p2b: Ninetales|17\/100\n|-enditem|p2b: Ninetales|Focus Sash|[from] move: Knock Off|[of] p1b: Incineroar\n|move|p2a: Toxapex|Recover|p2a: Toxapex\n|-heal|p2a: Toxapex|100\/100\n|\n|-weather|Snow|[upkeep]\n|-damage|p1b: Incineroar|25\/100 psn|[from] psn\n|upkeep\n|turn|10\n|\n|t:|1731930418\n|cant|p1a: Sneasler|frz\n|move|p2b: Ninetales|Blizzard|p1a: Sneasler|[spread] p1a,p1b\n|-resisted|p1b: Incineroar\n|-damage|p1a: Sneasler|0 fnt\n|-damage|p1b: Incineroar|7\/100 psn\n|faint|p1a: Sneasler\n|move|p1b: Incineroar|Knock Off|p2a: Toxapex\n|-damage|p2a: Toxapex|76\/100\n|-enditem|p2a: Toxapex|Binding Band|[from] move: Knock Off|[of] p1b: Incineroar\n|move|p2a: Toxapex|Infestation|p1b: Incineroar\n|-damage|p1b: Incineroar|4\/100 psn\n|-activate|p1b: Incineroar|move: Infestation|[of] p2a: Toxapex\n|\n|-weather|none\n|-damage|p1b: Incineroar|0 fnt|[from] psn\n|faint|p1b: Incineroar\n|\n|win|LilTic\n|upkeep\n|raw|GuevaraGaming2's rating: 1729 &rarr; <strong>1704<\/strong><br \/>(-25 for losing)\n|raw|LilTic's rating: 1640 &rarr; <strong>1665<\/strong><br \/>(+25 for winning)\n|l|\u2606GuevaraGaming2\n|player|p1|\n","uploadtime":1731930661,"views":15,"formatid":"gen9vgc2024regh","rating":1665,"private":0,"password":null}