{"id":"gen9vgc2024regh-2246492422","format":"[Gen 9] VGC 2024 Reg H","players":["VGCLTH John Pork","Toasteduck"],"log":"|raw|<div class=\"broadcast-blue\"><strong>This battle is required to be public due to a player having a name starting with 'vgclth'.<\/div>\n|j|\u2606VGCLTH John Pork\n|j|\u2606Toasteduck\n|t:|1731967720\n|gametype|doubles\n|player|p1|VGCLTH John Pork|ogreclan|1753\n|player|p2|Toasteduck|2|1733\n|teamsize|p1|6\n|teamsize|p2|6\n|gen|9\n|tier|[Gen 9] VGC 2024 Reg H\n|rated|\n|rule|Species Clause: Limit one of each Pok\u00e9mon\n|rule|Item Clause: Limit 1 of each item\n|clearpoke\n|poke|p1|Whimsicott, L50, M|\n|poke|p1|Typhlosion-Hisui, L50, F|\n|poke|p1|Annihilape, L50, M|\n|poke|p1|Maushold-Four, L50|\n|poke|p1|Farigiraf, L50, M|\n|poke|p1|Ursaluna-Bloodmoon, L50, M|\n|poke|p2|Talonflame, L50, F|\n|poke|p2|Baxcalibur, L50, F|\n|poke|p2|Ninetales-Alola, L50, F|\n|poke|p2|Rillaboom, L50, F|\n|poke|p2|Empoleon, L50, F|\n|poke|p2|Flamigo, L50, F|\n|teampreview|4\n|inactive|Battle timer is ON: inactive players will automatically lose when time's up. (requested by VGCLTH John Pork)\n|inactive|Toasteduck has 60 seconds left.\n|\n|t:|1731967769\n|start\n|switch|p1a: Sedate|Maushold-Four, L50|100\/100\n|switch|p1b: They remain|Farigiraf, L50, M|100\/100\n|switch|p2a: Talonflame|Talonflame, L50, F|100\/100\n|switch|p2b: Flamigo|Flamigo, L50, F|100\/100\n|turn|1\n|inactive|VGCLTH John Pork has 30 seconds left.\n|\n|t:|1731967799\n|move|p1a: Sedate|Follow Me|p1a: Sedate\n|-singleturn|p1a: Sedate|move: Follow Me\n|move|p2a: Talonflame|Taunt|p1a: Sedate\n|-start|p1a: Sedate|move: Taunt\n|move|p2b: Flamigo|Close Combat|p1a: Sedate\n|-supereffective|p1a: Sedate\n|-damage|p1a: Sedate|0 fnt\n|-unboost|p2b: Flamigo|def|1\n|-unboost|p2b: Flamigo|spd|1\n|faint|p1a: Sedate\n|move|p1b: They remain|Trick Room|p1b: They remain\n|-fieldstart|move: Trick Room|[of] p1b: They remain\n|\n|upkeep\n|\n|t:|1731967804\n|switch|p1a: Unashamed|Ursaluna-Bloodmoon, L50, M|100\/100\n|turn|2\n|\n|t:|1731967817\n|switch|p2a: Rillaboom|Rillaboom, L50, F|100\/100\n|-fieldstart|move: Grassy Terrain|[from] ability: Grassy Surge|[of] p2a: Rillaboom\n|move|p2b: Flamigo|Wide Guard|p2b: Flamigo\n|-singleturn|p2b: Flamigo|Wide Guard\n|move|p1a: Unashamed|Vacuum Wave|p2b: Flamigo\n|-resisted|p2b: Flamigo\n|-damage|p2b: Flamigo|76\/100\n|-damage|p1a: Unashamed|91\/100|[from] item: Life Orb\n|move|p1b: They remain|Psychic Noise|p2b: Flamigo\n|-supereffective|p2b: Flamigo\n|-damage|p2b: Flamigo|0 fnt\n|faint|p2b: Flamigo\n|-enditem|p1b: They remain|Throat Spray\n|-boost|p1b: They remain|spa|1|[from] item: Throat Spray\n|\n|-heal|p1a: Unashamed|97\/100|[from] Grassy Terrain\n|upkeep\n|\n|t:|1731967833\n|switch|p2b: Baxcalibur|Baxcalibur, L50, F|100\/100\n|turn|3\n|\n|t:|1731967853\n|-terastallize|p1a: Unashamed|Normal\n|move|p2b: Baxcalibur|Protect|p2b: Baxcalibur\n|-singleturn|p2b: Baxcalibur|Protect\n|move|p1a: Unashamed|Blood Moon|p2a: Rillaboom\n|-damage|p2a: Rillaboom|6\/100\n|-damage|p1a: Unashamed|88\/100|[from] item: Life Orb\n|move|p1b: They remain|Hyper Voice|p2b: Baxcalibur|[spread] p2a\n|-activate|p2b: Baxcalibur|move: Protect\n|-damage|p2a: Rillaboom|0 fnt\n|faint|p2a: Rillaboom\n|\n|-heal|p1a: Unashamed|94\/100|[from] Grassy Terrain\n|upkeep\n|\n|t:|1731967863\n|switch|p2a: Talonflame|Talonflame, L50, F|100\/100\n|turn|4\n|\n|t:|1731967884\n|-terastallize|p2b: Baxcalibur|Dragon\n|move|p1a: Unashamed|Hyper Voice|p2a: Talonflame|[spread] p2a,p2b\n|-damage|p2a: Talonflame|5\/100\n|-damage|p2b: Baxcalibur|32\/100\n|-damage|p1a: Unashamed|84\/100|[from] item: Life Orb\n|move|p1b: They remain|Psychic Noise|p2a: Talonflame\n|-damage|p2a: Talonflame|0 fnt\n|faint|p2a: Talonflame\n|move|p2b: Baxcalibur|Scale Shot|p1a: Unashamed\n|-damage|p1a: Unashamed|70\/100\n|-damage|p1a: Unashamed|56\/100\n|-damage|p1a: Unashamed|40\/100\n|-damage|p1a: Unashamed|26\/100\n|-hitcount|p1a: Unashamed|4\n|-unboost|p2b: Baxcalibur|def|1\n|-boost|p2b: Baxcalibur|spe|1\n|\n|-heal|p1a: Unashamed|32\/100|[from] Grassy Terrain\n|-heal|p2b: Baxcalibur|38\/100|[from] Grassy Terrain\n|upkeep\n|turn|5\n|c|\u2606Toasteduck|gg\n|-message|Toasteduck forfeited.\n|\n|win|VGCLTH John Pork\n|raw|VGCLTH John Pork's rating: 1766 &rarr; <strong>1784<\/strong><br \/>(+18 for winning)\n|raw|Toasteduck's rating: 1733 &rarr; <strong>1715<\/strong><br \/>(-18 for losing)\n|l|\u2606Toasteduck\n|player|p2|\n|l|\u2606VGCLTH John Pork\n|player|p1|\n","uploadtime":1731968123,"views":33,"formatid":"gen9vgc2024regh","rating":1715,"private":0,"password":null}