{"id":"gen9vgc2024regh-2246460121","format":"[Gen 9] VGC 2024 Reg H","players":["LilTic","Zordor"],"log":"|j|\u2606LilTic\n|j|\u2606Zordor\n|t:|1731964335\n|gametype|doubles\n|player|p1|LilTic|ninjaboy|1729\n|player|p2|Zordor|pilot|1718\n|teamsize|p1|6\n|teamsize|p2|6\n|gen|9\n|tier|[Gen 9] VGC 2024 Reg H\n|rated|\n|rule|Species Clause: Limit one of each Pok\u00e9mon\n|rule|Item Clause: Limit 1 of each item\n|clearpoke\n|poke|p1|Toxapex, L50, F|\n|poke|p1|Incineroar, L50, M|\n|poke|p1|Amoonguss, L50, M|\n|poke|p1|Ninetales-Alola, L50, F|\n|poke|p1|Dragonite, L50, M|\n|poke|p1|Kingambit, L50, F|\n|poke|p2|Rotom-Wash, L50|\n|poke|p2|Sneasler, L50, F|\n|poke|p2|Armarouge, L50, M|\n|poke|p2|Venusaur, L50, F|\n|poke|p2|Scizor, L50, M|\n|poke|p2|Dragapult, L50, M|\n|teampreview|4\n|j| mr pogostick\n|\n|t:|1731964369\n|start\n|switch|p1a: Toxapex|Toxapex, L50, F|100\/100\n|switch|p1b: Incineroar|Incineroar, L50, M|100\/100\n|switch|p2a: Rotom|Rotom-Wash, L50|100\/100\n|switch|p2b: Armarouge|Armarouge, L50, M|100\/100\n|-ability|p1b: Incineroar|Intimidate|boost\n|-unboost|p2a: Rotom|atk|1\n|-unboost|p2b: Armarouge|atk|1\n|turn|1\n|j| sottoilfondo\n|\n|t:|1731964378\n|move|p2a: Rotom|Protect|p2a: Rotom\n|-singleturn|p2a: Rotom|Protect\n|move|p2b: Armarouge|Protect|p2b: Armarouge\n|-singleturn|p2b: Armarouge|Protect\n|move|p1b: Incineroar|Fake Out|p2b: Armarouge\n|-activate|p2b: Armarouge|move: Protect\n|move|p1a: Toxapex|Infestation|p2b: Armarouge\n|-activate|p2b: Armarouge|move: Protect\n|\n|upkeep\n|turn|2\n|\n|t:|1731964390\n|switch|p1b: Amoonguss|Amoonguss, L50, M|100\/100\n|move|p2a: Rotom|Electroweb|p1b: Amoonguss|[spread] p1a,p1b\n|-supereffective|p1a: Toxapex\n|-resisted|p1b: Amoonguss\n|-damage|p1a: Toxapex|80\/100\n|-damage|p1b: Amoonguss|95\/100\n|-unboost|p1a: Toxapex|spe|1\n|-unboost|p1b: Amoonguss|spe|1\n|move|p2b: Armarouge|Meteor Beam||[still]\n|-prepare|p2b: Armarouge|Meteor Beam\n|-boost|p2b: Armarouge|spa|1\n|-enditem|p2b: Armarouge|Power Herb\n|-anim|p2b: Armarouge|Meteor Beam|p1b: Amoonguss\n|-damage|p1b: Amoonguss|46\/100\n|move|p1a: Toxapex|Infestation|p2b: Armarouge\n|-damage|p2b: Armarouge|97\/100\n|-activate|p2b: Armarouge|move: Infestation|[of] p1a: Toxapex\n|\n|-damage|p2b: Armarouge|81\/100|[from] move: Infestation|[partiallytrapped]\n|upkeep\n|turn|3\n|\n|t:|1731964407\n|switch|p1b: Incineroar|Incineroar, L50, M|100\/100\n|-ability|p1b: Incineroar|Intimidate|boost\n|-unboost|p2a: Rotom|atk|1\n|-unboost|p2b: Armarouge|atk|1\n|move|p1a: Toxapex|Baneful Bunker|p1a: Toxapex\n|-singleturn|p1a: Toxapex|move: Protect\n|move|p2a: Rotom|Electroweb|p1b: Incineroar|[spread] p1b\n|-activate|p1a: Toxapex|move: Protect\n|-damage|p1b: Incineroar|86\/100\n|-unboost|p1b: Incineroar|spe|1\n|move|p2b: Armarouge|Heat Wave|p1a: Toxapex|[spread] p1b\n|-activate|p1a: Toxapex|move: Protect\n|-resisted|p1b: Incineroar\n|-damage|p1b: Incineroar|62\/100\n|\n|-damage|p2b: Armarouge|64\/100|[from] move: Infestation|[partiallytrapped]\n|upkeep\n|turn|4\n|\n|t:|1731964422\n|move|p1b: Incineroar|Fake Out|p2a: Rotom\n|-damage|p2a: Rotom|86\/100\n|cant|p2a: Rotom|flinch\n|move|p2b: Armarouge|Psychic|p1a: Toxapex\n|-supereffective|p1a: Toxapex\n|-damage|p1a: Toxapex|0 fnt\n|faint|p1a: Toxapex\n|\n|-end|p2b: Armarouge|Infestation|[partiallytrapped]|[silent]\n|upkeep\n|j| Reyggor\n|\n|t:|1731964431\n|switch|p1a: Kingambit|Kingambit, L50, F|100\/100\n|turn|5\n|\n|t:|1731964453\n|move|p2b: Armarouge|Protect|p2b: Armarouge\n|-singleturn|p2b: Armarouge|Protect\n|move|p1a: Kingambit|Protect|p1a: Kingambit\n|-singleturn|p1a: Kingambit|Protect\n|move|p2a: Rotom|Will-O-Wisp|p1a: Kingambit\n|-activate|p1a: Kingambit|move: Protect\n|move|p1b: Incineroar|Knock Off|p2a: Rotom\n|-damage|p2a: Rotom|34\/100\n|-enditem|p2a: Rotom|Safety Goggles|[from] move: Knock Off|[of] p1b: Incineroar\n|\n|upkeep\n|turn|6\n|\n|t:|1731964482\n|-terastallize|p2b: Armarouge|Dark\n|move|p1a: Kingambit|Sucker Punch|p2b: Armarouge\n|-resisted|p2b: Armarouge\n|-damage|p2b: Armarouge|40\/100\n|move|p2a: Rotom|Hydro Pump|p1b: Incineroar\n|-supereffective|p1b: Incineroar\n|-damage|p1b: Incineroar|0 fnt\n|faint|p1b: Incineroar\n|move|p2b: Armarouge|Heat Wave|p1a: Kingambit\n|-supereffective|p1a: Kingambit\n|-damage|p1a: Kingambit|0 fnt\n|faint|p1a: Kingambit\n|\n|upkeep\n|c|\u2606LilTic|ggs\n|-message|LilTic forfeited.\n|\n|win|Zordor\n|raw|LilTic's rating: 1729 &rarr; <strong>1708<\/strong><br \/>(-21 for losing)\n|raw|Zordor's rating: 1718 &rarr; <strong>1739<\/strong><br \/>(+21 for winning)\n|l|\u2606LilTic\n|player|p1|\n|l| mr pogostick\n|l|\u2606Zordor\n|player|p2|\n|l| sottoilfondo\n","uploadtime":1731964650,"views":13,"formatid":"gen9vgc2024regh","rating":1708,"private":0,"password":null}