{"id":"gen9vgc2024regh-2246276873","format":"[Gen 9] VGC 2024 Reg H","players":["VGCLTH skibidi","trevanator"],"log":"|raw|<div class=\"broadcast-blue\"><strong>This battle is required to be public due to a player having a name starting with 'vgclth'.<\/div>\n|j|\u2606VGCLTH skibidi\n|j|\u2606trevanator\n|t:|1731946564\n|gametype|doubles\n|player|p1|VGCLTH skibidi|piers-masters|1892\n|player|p2|trevanator|266|1946\n|teamsize|p1|6\n|teamsize|p2|6\n|gen|9\n|tier|[Gen 9] VGC 2024 Reg H\n|rated|\n|rule|Species Clause: Limit one of each Pok\u00e9mon\n|rule|Item Clause: Limit 1 of each item\n|clearpoke\n|poke|p1|Ceruledge, L50, F|\n|poke|p1|Gastrodon-East, L50, M|\n|poke|p1|Sneasler, L50, M|\n|poke|p1|Kingambit, L50, M|\n|poke|p1|Rillaboom, L50, M|\n|poke|p1|Dragonite, L50, F|\n|poke|p2|Politoed, L50, F|\n|poke|p2|Gothitelle, L50, F|\n|poke|p2|Incineroar, L50, M|\n|poke|p2|Amoonguss, L50, F|\n|poke|p2|Kingdra, L50, F|\n|poke|p2|Archaludon, L50, F|\n|teampreview|4\n|inactive|Battle timer is ON: inactive players will automatically lose when time's up. (requested by VGCLTH skibidi)\n|inactive|trevanator has 60 seconds left.\n|\n|t:|1731946607\n|start\n|switch|p1a: Godlyreal|Kingambit, L50, M|100\/100\n|switch|p1b: Let's go gambling|Sneasler, L50, M|100\/100\n|switch|p2a: Amoonguss|Amoonguss, L50, F|100\/100\n|switch|p2b: Politoed|Politoed, L50, F|100\/100\n|-weather|RainDance|[from] ability: Drizzle|[of] p2b: Politoed\n|turn|1\n|\n|t:|1731946618\n|-terastallize|p1a: Godlyreal|Flying\n|move|p2a: Amoonguss|Protect|p2a: Amoonguss\n|-singleturn|p2a: Amoonguss|Protect\n|move|p1b: Let's go gambling|Coaching|p1a: Godlyreal\n|-boost|p1a: Godlyreal|atk|1\n|-boost|p1a: Godlyreal|def|1\n|move|p2b: Politoed|Perish Song|p2b: Politoed\n|-start|p1a: Godlyreal|perish3|[silent]\n|-start|p1b: Let's go gambling|perish3|[silent]\n|-start|p2a: Amoonguss|perish3|[silent]\n|-start|p2b: Politoed|perish3|[silent]\n|-fieldactivate|move: Perish Song\n|move|p1a: Godlyreal|Tera Blast|p2a: Amoonguss|[anim] Tera Blast Flying\n|-activate|p2a: Amoonguss|move: Protect\n|\n|-weather|RainDance|[upkeep]\n|-start|p1b: Let's go gambling|perish3\n|-start|p2b: Politoed|perish3\n|-start|p1a: Godlyreal|perish3\n|-start|p2a: Amoonguss|perish3\n|upkeep\n|turn|2\n|\n|t:|1731946627\n|move|p2a: Amoonguss|Rage Powder|p2a: Amoonguss\n|-singleturn|p2a: Amoonguss|move: Rage Powder\n|move|p1b: Let's go gambling|Close Combat|p2a: Amoonguss\n|-resisted|p2a: Amoonguss\n|-damage|p2a: Amoonguss|74\/100\n|-unboost|p1b: Let's go gambling|def|1\n|-unboost|p1b: Let's go gambling|spd|1\n|-enditem|p2a: Amoonguss|Eject Button\n|\n|t:|1731946631\n|switch|p2a: Gothitelle|Gothitelle, L50, F|100\/100\n|move|p2b: Politoed|Encore|p1a: Godlyreal\n|-start|p1a: Godlyreal|Encore\n|move|p1a: Godlyreal|Tera Blast|p2a: Gothitelle|[anim] Tera Blast Flying\n|-damage|p2a: Gothitelle|32\/100\n|-enditem|p2a: Gothitelle|Sitrus Berry|[eat]\n|-heal|p2a: Gothitelle|57\/100|[from] item: Sitrus Berry\n|\n|-weather|RainDance|[upkeep]\n|-start|p1b: Let's go gambling|perish2\n|-start|p2b: Politoed|perish2\n|-start|p1a: Godlyreal|perish2\n|upkeep\n|turn|3\n|inactive|VGCLTH skibidi has 30 seconds left.\n|inactive|VGCLTH skibidi has 20 seconds left.\n|\n|t:|1731946670\n|switch|p2b: Amoonguss|Amoonguss, L50, F|100\/100\n|move|p2a: Gothitelle|Fake Out|p1a: Godlyreal\n|-damage|p1a: Godlyreal|97\/100\n|move|p1b: Let's go gambling|Close Combat|p2b: Amoonguss\n|-resisted|p2b: Amoonguss\n|-crit|p2b: Amoonguss\n|-damage|p2b: Amoonguss|63\/100\n|-unboost|p1b: Let's go gambling|def|1\n|-unboost|p1b: Let's go gambling|spd|1\n|cant|p1a: Godlyreal|flinch\n|\n|-weather|RainDance|[upkeep]\n|-start|p1b: Let's go gambling|perish1\n|-start|p1a: Godlyreal|perish1\n|upkeep\n|turn|4\n|\n|t:|1731946679\n|move|p2a: Gothitelle|Protect|p2a: Gothitelle\n|-singleturn|p2a: Gothitelle|Protect\n|move|p2b: Amoonguss|Protect|p2b: Amoonguss\n|-singleturn|p2b: Amoonguss|Protect\n|move|p1b: Let's go gambling|Dire Claw|p2a: Gothitelle\n|-activate|p2a: Gothitelle|move: Protect\n|move|p1a: Godlyreal|Tera Blast|p2b: Amoonguss|[anim] Tera Blast Flying\n|-activate|p2b: Amoonguss|move: Protect\n|\n|-weather|RainDance|[upkeep]\n|-end|p1a: Godlyreal|Encore\n|-start|p1b: Let's go gambling|perish0\n|-start|p1a: Godlyreal|perish0\n|faint|p1b: Let's go gambling\n|faint|p1a: Godlyreal\n|upkeep\n|\n|t:|1731946683\n|switch|p1b: Joe Dog|Gastrodon-East, L50, M|100\/100\n|switch|p1a: Rizzler|Rillaboom, L50, M|100\/100\n|-fieldstart|move: Grassy Terrain|[from] ability: Grassy Surge|[of] p1a: Rizzler\n|turn|5\n|\n|t:|1731946698\n|switch|p2a: Incineroar|Incineroar, L50, M|100\/100\n|-ability|p2a: Incineroar|Intimidate|boost\n|-unboost|p1a: Rizzler|atk|1\n|-unboost|p1b: Joe Dog|atk|1\n|move|p1a: Rizzler|High Horsepower|p2b: Amoonguss\n|-damage|p2b: Amoonguss|45\/100\n|move|p1b: Joe Dog|Ice Beam|p2b: Amoonguss\n|-supereffective|p2b: Amoonguss\n|-damage|p2b: Amoonguss|4\/100\n|move|p2b: Amoonguss|Spore|p1b: Joe Dog\n|-status|p1b: Joe Dog|slp|[from] move: Spore\n|\n|-weather|none\n|-heal|p2b: Amoonguss|10\/100|[from] Grassy Terrain\n|upkeep\n|turn|6\n|\n|t:|1731946713\n|switch|p2b: Gothitelle|Gothitelle, L50, F|57\/100\n|move|p1a: Rizzler|High Horsepower|p2b: Gothitelle\n|-damage|p2b: Gothitelle|34\/100\n|move|p2a: Incineroar|Parting Shot|p1b: Joe Dog\n|-unboost|p1b: Joe Dog|atk|1\n|-unboost|p1b: Joe Dog|spa|1\n|\n|t:|1731946719\n|switch|p2a: Politoed|Politoed, L50, F|100\/100|[from] Parting Shot\n|-weather|RainDance|[from] ability: Drizzle|[of] p2a: Politoed\n|cant|p1b: Joe Dog|slp\n|\n|-weather|RainDance|[upkeep]\n|-heal|p2b: Gothitelle|40\/100|[from] Grassy Terrain\n|upkeep\n|turn|7\n|j| Fancy Cucudrula\n|\n|t:|1731946733\n|move|p2b: Gothitelle|Fake Out|p1a: Rizzler\n|-damage|p1a: Rizzler|94\/100\n|cant|p1a: Rizzler|flinch\n|move|p2a: Politoed|Perish Song|p2a: Politoed\n|-start|p1a: Rizzler|perish3|[silent]\n|-start|p1b: Joe Dog|perish3|[silent]\n|-start|p2a: Politoed|perish3|[silent]\n|-start|p2b: Gothitelle|perish3|[silent]\n|-fieldactivate|move: Perish Song\n|cant|p1b: Joe Dog|slp\n|\n|-weather|RainDance|[upkeep]\n|-heal|p1a: Rizzler|100\/100|[from] Grassy Terrain\n|-heal|p2b: Gothitelle|46\/100|[from] Grassy Terrain\n|-start|p1a: Rizzler|perish3\n|-start|p2a: Politoed|perish3\n|-start|p2b: Gothitelle|perish3\n|-start|p1b: Joe Dog|perish3\n|upkeep\n|turn|8\n|-message|VGCLTH skibidi forfeited.\n|\n|win|trevanator\n|raw|VGCLTH skibidi's rating: 1892 &rarr; <strong>1875<\/strong><br \/>(-17 for losing)\n|raw|trevanator's rating: 1946 &rarr; <strong>1963<\/strong><br \/>(+17 for winning)\n|l|\u2606VGCLTH skibidi\n|player|p1|\n|l| Fancy Cucudrula\n|j| Mando Norris\n|l| Mando Norris\n","uploadtime":1731946952,"views":271,"formatid":"gen9vgc2024regh","rating":1875,"private":0,"password":null}