{"id":"gen9vgc2024regh-2246999766","format":"[Gen 9] VGC 2024 Reg H","players":["zip520520","bmmjVGC"],"log":"|j|\u2606zip520520\n|j|\u2606bmmjVGC\n|t:|1732036678\n|gametype|doubles\n|player|p1|zip520520|265|1671\n|player|p2|bmmjVGC|caitlin|1690\n|teamsize|p1|6\n|teamsize|p2|6\n|gen|9\n|tier|[Gen 9] VGC 2024 Reg H\n|rated|\n|rule|Species Clause: Limit one of each Pok\u00e9mon\n|rule|Item Clause: Limit 1 of each item\n|clearpoke\n|poke|p1|Dragapult, L50, F|\n|poke|p1|Talonflame, L50, M|\n|poke|p1|Gholdengo, L50|\n|poke|p1|Ninetales-Alola, L50, F|\n|poke|p1|Garchomp, L50, F|\n|poke|p1|Weezing-Galar, L50, M|\n|poke|p2|Baxcalibur, L50, F|\n|poke|p2|Rillaboom, L50, F|\n|poke|p2|Dondozo, L50, F|\n|poke|p2|Volcarona, L50, M|\n|poke|p2|Kingambit, L50, F|\n|poke|p2|Annihilape, L50, F|\n|teampreview|4\n|inactive|Battle timer is ON: inactive players will automatically lose when time's up. (requested by bmmjVGC)\n|inactive|zip520520 has 60 seconds left.\n|inactive|bmmjVGC has 60 seconds left.\n|\n|t:|1732036746\n|start\n|switch|p1a: Talonflame|Talonflame, L50, M|100\/100\n|switch|p1b: Garchomp|Garchomp, L50, F|100\/100\n|switch|p2a: Annihilape|Annihilape, L50, F, shiny|100\/100\n|switch|p2b: Volcarona|Volcarona, L50, M, shiny|100\/100\n|turn|1\n|inactive|bmmjVGC has 30 seconds left.\n|\n|t:|1732036774\n|move|p2b: Volcarona|Protect|p2b: Volcarona\n|-singleturn|p2b: Volcarona|Protect\n|move|p1a: Talonflame|Tailwind|p1a: Talonflame\n|-sidestart|p1: zip520520|move: Tailwind\n|move|p1b: Garchomp|Earthquake|p2a: Annihilape|[spread] p2a\n|-activate|p2b: Volcarona|move: Protect\n|-immune|p1a: Talonflame\n|-damage|p2a: Annihilape|45\/100\n|-damage|p1b: Garchomp|91\/100|[from] item: Life Orb\n|move|p2a: Annihilape|Coaching|p2b: Volcarona\n|-boost|p2b: Volcarona|atk|1\n|-boost|p2b: Volcarona|def|1\n|\n|upkeep\n|turn|2\n|j| stewpeed\n|inactive|bmmjVGC has 30 seconds left.\n|\n|t:|1732036805\n|-terastallize|p2b: Volcarona|Fairy\n|move|p1a: Talonflame|Brave Bird|p2b: Volcarona\n|-damage|p2b: Volcarona|68\/100\n|-damage|p1a: Talonflame|87\/100|[from] Recoil\n|move|p1b: Garchomp|Earthquake|p2a: Annihilape|[spread] p2a,p2b\n|-immune|p1a: Talonflame\n|-damage|p2a: Annihilape|0 fnt\n|-damage|p2b: Volcarona|32\/100\n|faint|p2a: Annihilape\n|-damage|p1b: Garchomp|81\/100|[from] item: Life Orb\n|move|p2b: Volcarona|Tera Blast|p1b: Garchomp|[anim] Tera Blast Fairy\n|-supereffective|p1b: Garchomp\n|-damage|p1b: Garchomp|0 fnt\n|faint|p1b: Garchomp\n|\n|upkeep\n|\n|t:|1732036824\n|switch|p1b: Ninetales|Ninetales-Alola, L50, F|100\/100\n|switch|p2a: Kingambit|Kingambit, L50, F, shiny|100\/100\n|-weather|Snow|[from] ability: Snow Warning|[of] p1b: Ninetales\n|turn|3\n|\n|t:|1732036837\n|-terastallize|p1b: Ninetales|Ice\n|move|p2b: Volcarona|Protect|p2b: Volcarona\n|-singleturn|p2b: Volcarona|Protect\n|move|p1a: Talonflame|Will-O-Wisp|p2a: Kingambit\n|-status|p2a: Kingambit|brn\n|move|p1b: Ninetales|Blizzard|p2a: Kingambit|[spread] p2a\n|-activate|p2b: Volcarona|move: Protect\n|-resisted|p2a: Kingambit\n|-damage|p2a: Kingambit|77\/100 brn\n|move|p2a: Kingambit|Swords Dance|p2a: Kingambit\n|-boost|p2a: Kingambit|atk|2\n|\n|-weather|Snow|[upkeep]\n|-damage|p2a: Kingambit|72\/100 brn|[from] brn\n|upkeep\n|turn|4\n|inactive|zip520520 has 30 seconds left.\n|inactive|bmmjVGC has 30 seconds left.\n|j| Scotty2312\n|\n|t:|1732036872\n|switch|p2b: Baxcalibur|Baxcalibur, L50, F, shiny|100\/100\n|move|p1a: Talonflame|Brave Bird|p2b: Baxcalibur\n|-damage|p2b: Baxcalibur|67\/100\n|-damage|p1a: Talonflame|73\/100|[from] Recoil\n|move|p1b: Ninetales|Blizzard|p2b: Baxcalibur|[spread] p2a,p2b\n|-resisted|p2a: Kingambit\n|-damage|p2a: Kingambit|47\/100 brn\n|-damage|p2b: Baxcalibur|13\/100\n|move|p2a: Kingambit|Kowtow Cleave|p1a: Talonflame\n|-damage|p1a: Talonflame|0 fnt\n|faint|p1a: Talonflame\n|\n|-weather|Snow|[upkeep]\n|-damage|p2a: Kingambit|41\/100 brn|[from] brn\n|-sideend|p1: zip520520|move: Tailwind\n|upkeep\n|\n|t:|1732036890\n|switch|p1a: Dragapult|Dragapult, L50, F|100\/100\n|turn|5\n|\n|t:|1732036902\n|move|p2a: Kingambit|Protect|p2a: Kingambit\n|-singleturn|p2a: Kingambit|Protect\n|move|p2b: Baxcalibur|Ice Shard|p1b: Ninetales\n|-resisted|p1b: Ninetales\n|-crit|p1b: Ninetales\n|-damage|p1b: Ninetales|84\/100\n|move|p1a: Dragapult|Dragon Darts|p2b: Baxcalibur\n|-supereffective|p2b: Baxcalibur\n|-damage|p2b: Baxcalibur|0 fnt\n|faint|p2b: Baxcalibur\n|move|p1b: Ninetales|Blizzard|p2a: Kingambit\n|-activate|p2a: Kingambit|move: Protect\n|\n|-weather|Snow|[upkeep]\n|-damage|p2a: Kingambit|35\/100 brn|[from] brn\n|upkeep\n|\n|t:|1732036918\n|switch|p2b: Volcarona|Volcarona, L50, M, shiny, tera:Fairy|32\/100\n|turn|6\n|\n|t:|1732036932\n|move|p2a: Kingambit|Sucker Punch|p1a: Dragapult\n|-supereffective|p1a: Dragapult\n|-damage|p1a: Dragapult|0 fnt\n|faint|p1a: Dragapult\n|move|p1b: Ninetales|Blizzard|p2a: Kingambit|[spread] p2a,p2b\n|-resisted|p2a: Kingambit\n|-damage|p2a: Kingambit|12\/100 brn\n|-damage|p2b: Volcarona|0 fnt\n|faint|p2b: Volcarona\n|\n|-weather|Snow|[upkeep]\n|-damage|p2a: Kingambit|6\/100 brn|[from] brn\n|upkeep\n|turn|7\n|\n|t:|1732036948\n|move|p2a: Kingambit|Sucker Punch||[still]\n|-fail|p2a: Kingambit\n|move|p1b: Ninetales|Encore|p2a: Kingambit\n|-start|p2a: Kingambit|Encore\n|\n|-weather|none\n|-damage|p2a: Kingambit|0 fnt|[from] brn\n|faint|p2a: Kingambit\n|\n|win|zip520520\n|upkeep\n|raw|zip520520's rating: 1671 &rarr; <strong>1692<\/strong><br \/>(+21 for winning)\n|raw|bmmjVGC's rating: 1690 &rarr; <strong>1669<\/strong><br \/>(-21 for losing)\n|l|\u2606bmmjVGC\n|player|p2|\n|l|\u2606zip520520\n|player|p1|\n|l| stewpeed\n|l| Scotty2312\n","uploadtime":1732037205,"views":14,"formatid":"gen9vgc2024regh","rating":1669,"private":0,"password":null}