{"id":"gen9vgc2024regh-2246403900","format":"[Gen 9] VGC 2024 Reg H","players":["Bbqsus","Zyros Phade"],"log":"|j|\u2606Bbqsus\n|j|\u2606Zyros Phade\n|t:|1731958747\n|gametype|doubles\n|player|p1|Bbqsus|shadowtriad|1649\n|player|p2|Zyros Phade|170|1687\n|teamsize|p1|6\n|teamsize|p2|6\n|gen|9\n|tier|[Gen 9] VGC 2024 Reg H\n|rated|\n|rule|Species Clause: Limit one of each Pok\u00e9mon\n|rule|Item Clause: Limit 1 of each item\n|clearpoke\n|poke|p1|Torkoal, L50, F|\n|poke|p1|Ursaluna, L50, M|\n|poke|p1|Mimikyu, L50, M|\n|poke|p1|Rillaboom, L50, F|\n|poke|p1|Primarina, L50, M|\n|poke|p1|Kingambit, L50, F|\n|poke|p2|Archaludon, L50, F|\n|poke|p2|Porygon2, L50|\n|poke|p2|Amoonguss, L50, F|\n|poke|p2|Incineroar, L50, F|\n|poke|p2|Pelipper, L50, F|\n|poke|p2|Annihilape, L50, F|\n|teampreview|4\n|inactive|Battle timer is ON: inactive players will automatically lose when time's up. (requested by Bbqsus)\n|j|+emre mor 9\n|j| Peroquecuones\n|\n|t:|1731958775\n|start\n|switch|p1a: Mimikyu|Mimikyu, L50, M, shiny|100\/100\n|switch|p1b: Kingambit|Kingambit, L50, F, shiny|100\/100\n|switch|p2a: Archaludon|Archaludon, L50, F|100\/100\n|switch|p2b: Annihilape|Annihilape, L50, F|100\/100\n|turn|1\n|j| plyhjuik\n|inactive|Bbqsus has 30 seconds left.\n|\n|t:|1731958804\n|move|p1b: Kingambit|Sucker Punch|p2b: Annihilape\n|-damage|p2b: Annihilape|46\/100\n|move|p2b: Annihilape|Close Combat|p1b: Kingambit\n|-supereffective|p1b: Kingambit\n|-damage|p1b: Kingambit|0 fnt\n|-unboost|p2b: Annihilape|def|1\n|-unboost|p2b: Annihilape|spd|1\n|faint|p1b: Kingambit\n|move|p2a: Archaludon|Thunderbolt|p1a: Mimikyu\n|-activate|p1a: Mimikyu|ability: Disguise\n|-damage|p1a: Mimikyu|100\/100\n|detailschange|p1a: Mimikyu|Mimikyu-Busted, L50, M, shiny\n|-damage|p1a: Mimikyu|88\/100|[from] pokemon: Mimikyu-Busted\n|-damage|p2a: Archaludon|91\/100|[from] item: Life Orb\n|move|p1a: Mimikyu|Trick Room|p1a: Mimikyu\n|-fieldstart|move: Trick Room|[of] p1a: Mimikyu\n|\n|upkeep\n|\n|t:|1731958814\n|switch|p1b: Torkoal|Torkoal, L50, F, shiny|100\/100\n|-weather|SunnyDay|[from] ability: Drought|[of] p1b: Torkoal\n|turn|2\n|\n|t:|1731958825\n|switch|p1b: Ursaluna|Ursaluna, L50, M, shiny|100\/100\n|move|p2a: Archaludon|Protect|p2a: Archaludon\n|-singleturn|p2a: Archaludon|Protect\n|move|p2b: Annihilape|Protect|p2b: Annihilape\n|-singleturn|p2b: Annihilape|Protect\n|move|p1a: Mimikyu|Curse|p2a: Archaludon\n|-start|p2a: Archaludon|Curse|[of] p1a: Mimikyu\n|-damage|p1a: Mimikyu|38\/100\n|\n|-weather|SunnyDay|[upkeep]\n|-damage|p2a: Archaludon|66\/100|[from] Curse\n|-status|p1b: Ursaluna|brn|[from] item: Flame Orb\n|upkeep\n|turn|3\n|j| zer90\n|inactive|Bbqsus has 30 seconds left.\n|\n|t:|1731958851\n|switch|p2a: Pelipper|Pelipper, L50, F|100\/100\n|-weather|RainDance|[from] ability: Drizzle|[of] p2a: Pelipper\n|switch|p2b: Incineroar|Incineroar, L50, F|100\/100\n|-ability|p2b: Incineroar|Intimidate|boost\n|-unboost|p1a: Mimikyu|atk|1\n|-unboost|p1b: Ursaluna|atk|1\n|-terastallize|p1b: Ursaluna|Ghost\n|move|p1b: Ursaluna|Facade|p2a: Pelipper\n|-damage|p2a: Pelipper|0 fnt\n|faint|p2a: Pelipper\n|move|p1a: Mimikyu|Will-O-Wisp|p2b: Incineroar\n|-immune|p2b: Incineroar\n|\n|-weather|RainDance|[upkeep]\n|-damage|p1b: Ursaluna|95\/100 brn|[from] brn\n|upkeep\n|\n|t:|1731958860\n|switch|p2a: Annihilape|Annihilape, L50, F|46\/100\n|turn|4\n|\n|t:|1731958872\n|-terastallize|p2a: Annihilape|Grass\n|move|p1b: Ursaluna|Facade|p2b: Incineroar\n|-damage|p2b: Incineroar|28\/100\n|move|p2b: Incineroar|Knock Off|p1b: Ursaluna\n|-supereffective|p1b: Ursaluna\n|-damage|p1b: Ursaluna|28\/100 brn\n|-enditem|p1b: Ursaluna|Flame Orb|[from] move: Knock Off|[of] p2b: Incineroar\n|move|p1a: Mimikyu|Will-O-Wisp|p2a: Annihilape\n|-status|p2a: Annihilape|brn\n|move|p2a: Annihilape|Rage Fist|p1b: Ursaluna\n|-supereffective|p1b: Ursaluna\n|-damage|p1b: Ursaluna|0 fnt\n|faint|p1b: Ursaluna\n|\n|-weather|RainDance|[upkeep]\n|-damage|p2a: Annihilape|40\/100 brn|[from] brn\n|upkeep\n|\n|t:|1731958886\n|switch|p1b: Torkoal|Torkoal, L50, F, shiny|100\/100\n|-weather|SunnyDay|[from] ability: Drought|[of] p1b: Torkoal\n|turn|5\n|\n|t:|1731958890\n|move|p2a: Annihilape|Protect|p2a: Annihilape\n|-singleturn|p2a: Annihilape|Protect\n|move|p1b: Torkoal|Eruption|p2a: Annihilape|[spread] p2b\n|-activate|p2a: Annihilape|move: Protect\n|-resisted|p2b: Incineroar\n|-damage|p2b: Incineroar|0 fnt\n|faint|p2b: Incineroar\n|move|p1a: Mimikyu|Destiny Bond|p1a: Mimikyu\n|-singlemove|p1a: Mimikyu|Destiny Bond\n|\n|-weather|SunnyDay|[upkeep]\n|-damage|p2a: Annihilape|34\/100 brn|[from] brn\n|-fieldend|move: Trick Room\n|upkeep\n|\n|t:|1731958891\n|switch|p2b: Archaludon|Archaludon, L50, F|66\/100\n|turn|6\n|\n|t:|1731958897\n|move|p1b: Torkoal|Protect|p1b: Torkoal\n|-singleturn|p1b: Torkoal|Protect\n|move|p2a: Annihilape|Encore|p1a: Mimikyu\n|-start|p1a: Mimikyu|Encore\n|-enditem|p1a: Mimikyu|Mental Herb\n|-end|p1a: Mimikyu|Encore\n|move|p2b: Archaludon|Thunderbolt|p1b: Torkoal\n|-activate|p1b: Torkoal|move: Protect\n|move|p1a: Mimikyu|Trick Room|p1a: Mimikyu\n|-fieldstart|move: Trick Room|[of] p1a: Mimikyu\n|\n|-weather|SunnyDay|[upkeep]\n|-damage|p2a: Annihilape|28\/100 brn|[from] brn\n|upkeep\n|turn|7\n|-message|Zyros Phade forfeited.\n|\n|win|Bbqsus\n|raw|Bbqsus's rating: 1649 &rarr; <strong>1671<\/strong><br \/>(+22 for winning)\n|raw|Zyros Phade's rating: 1687 &rarr; <strong>1665<\/strong><br \/>(-22 for losing)\n|l|\u2606Zyros Phade\n|player|p2|\n|l|\u2606Bbqsus\n|player|p1|\n|l| Peroquecuones\n|l| plyhjuik\n|l| zer90\n|l|+emre mor 9\n","uploadtime":1731958935,"views":13,"formatid":"gen9vgc2024regh","rating":1665,"private":0,"password":null}