{"id":"gen9vgc2024regh-2246734426","format":"[Gen 9] VGC 2024 Reg H","players":["VGCLTH fangame","ruizuuuu"],"log":"|raw|<div class=\"broadcast-blue\"><strong>This battle is required to be public due to a player having a name starting with 'vgclth'.<\/div>\n|j|\u2606VGCLTH fangame\n|j|\u2606ruizuuuu\n|t:|1732002355\n|gametype|doubles\n|player|p1|VGCLTH fangame|red|1818\n|player|p2|ruizuuuu|lass-gen4dp|1751\n|teamsize|p1|6\n|teamsize|p2|6\n|gen|9\n|tier|[Gen 9] VGC 2024 Reg H\n|rated|\n|rule|Species Clause: Limit one of each Pok\u00e9mon\n|rule|Item Clause: Limit 1 of each item\n|clearpoke\n|poke|p1|Glaceon, L50, F|\n|poke|p1|Ninetales-Alola, L50, F|\n|poke|p1|Milotic, L50, M|\n|poke|p1|Incineroar, L50, F|\n|poke|p1|Ursaluna-Bloodmoon, L50, M|\n|poke|p1|Annihilape, L50, M|\n|poke|p2|Archaludon, L50, F|\n|poke|p2|Gholdengo, L50|\n|poke|p2|Pelipper, L50, M|\n|poke|p2|Ursaluna, L50, F|\n|poke|p2|Dragonite, L50, M|\n|poke|p2|Sinistcha, L50|\n|teampreview|4\n|inactive|Battle timer is ON: inactive players will automatically lose when time's up. (requested by VGCLTH fangame)\n|j| The Cheesen One\n|inactive|VGCLTH fangame has 60 seconds left.\n|inactive|ruizuuuu has 60 seconds left.\n|\n|t:|1732002413\n|start\n|switch|p1a: Ninetales|Ninetales-Alola, L50, F, shiny|100\/100\n|switch|p1b: Annihilape|Annihilape, L50, M, shiny|100\/100\n|switch|p2a: Gholdengo|Gholdengo, L50|100\/100\n|switch|p2b: Ursaluna|Ursaluna, L50, F|100\/100\n|-weather|Snow|[from] ability: Snow Warning|[of] p1a: Ninetales\n|turn|1\n|inactive|VGCLTH fangame has 30 seconds left.\n|inactive|ruizuuuu has 30 seconds left.\n|inactive|VGCLTH fangame has 20 seconds left.\n|inactive|ruizuuuu has 20 seconds left.\n|inactive|VGCLTH fangame has 15 seconds left.\n|inactive|ruizuuuu has 15 seconds left.\n|inactive|VGCLTH fangame has 10 seconds left.\n|\n|t:|1732002459\n|-terastallize|p2b: Ursaluna|Water\n|move|p2a: Gholdengo|Shadow Ball|p1b: Annihilape\n|-supereffective|p1b: Annihilape\n|-damage|p1b: Annihilape|12\/100\n|move|p1a: Ninetales|Icicle Spear|p1b: Annihilape\n|-damage|p1b: Annihilape|6\/100\n|-damage|p1b: Annihilape|0 fnt\n|faint|p1b: Annihilape\n|-hitcount|p1: Annihilape|2\n|move|p2b: Ursaluna|Headlong Rush|p1a: Ninetales\n|-damage|p1a: Ninetales|28\/100\n|-unboost|p2b: Ursaluna|def|1\n|-unboost|p2b: Ursaluna|spd|1\n|\n|-weather|Snow|[upkeep]\n|-status|p2b: Ursaluna|brn|[from] item: Flame Orb\n|upkeep\n|\n|t:|1732002465\n|switch|p1b: Ursaluna|Ursaluna-Bloodmoon, L50, M|100\/100\n|turn|2\n|inactive|ruizuuuu has 30 seconds left.\n|\n|t:|1732002493\n|switch|p1a: Milotic|Milotic, L50, M, shiny|100\/100\n|-terastallize|p1b: Ursaluna|Normal\n|move|p2a: Gholdengo|Shadow Ball|p1a: Milotic\n|-damage|p1a: Milotic|70\/100\n|move|p2b: Ursaluna|Facade|p1b: Ursaluna\n|-damage|p1b: Ursaluna|9\/100\n|move|p1b: Ursaluna|Hyper Voice|p2b: Ursaluna|[spread] p2a,p2b\n|-resisted|p2a: Gholdengo\n|-damage|p2a: Gholdengo|67\/100\n|-damage|p2b: Ursaluna|15\/100 brn\n|\n|-weather|Snow|[upkeep]\n|-damage|p2b: Ursaluna|9\/100 brn|[from] brn\n|upkeep\n|turn|3\n|inactive|VGCLTH fangame has 30 seconds left.\n|inactive|ruizuuuu has 30 seconds left.\n|inactive|VGCLTH fangame has 20 seconds left.\n|inactive|ruizuuuu has 20 seconds left.\n|inactive|ruizuuuu has 15 seconds left.\n|inactive|VGCLTH fangame has 15 seconds left.\n|inactive|ruizuuuu has 10 seconds left.\n|\n|t:|1732002542\n|switch|p2a: Pelipper|Pelipper, L50, M|100\/100\n|-weather|RainDance|[from] ability: Drizzle|[of] p2a: Pelipper\n|move|p1a: Milotic|Muddy Water|p2b: Ursaluna|[spread] p2a,p2b\n|-resisted|p2a: Pelipper\n|-resisted|p2b: Ursaluna\n|-damage|p2a: Pelipper|72\/100\n|-damage|p2b: Ursaluna|0 fnt\n|faint|p2b: Ursaluna\n|move|p1b: Ursaluna|Earth Power|p2a: Pelipper\n|-immune|p2a: Pelipper\n|\n|-weather|RainDance|[upkeep]\n|upkeep\n|inactive|ruizuuuu has 30 seconds left.\n|\n|t:|1732002572\n|switch|p2b: Gholdengo|Gholdengo, L50|67\/100\n|turn|4\n|inactive|VGCLTH fangame has 30 seconds left.\n|inactive|VGCLTH fangame has 20 seconds left.\n|inactive|VGCLTH fangame has 15 seconds left.\n|\n|t:|1732002616\n|move|p1b: Ursaluna|Vacuum Wave|p2b: Gholdengo\n|-supereffective|p2b: Gholdengo\n|-damage|p2b: Gholdengo|28\/100\n|move|p2b: Gholdengo|Make It Rain|p1a: Milotic|[spread] p1a,p1b\n|-resisted|p1a: Milotic\n|-damage|p1a: Milotic|53\/100\n|-damage|p1b: Ursaluna|0 fnt\n|-unboost|p2b: Gholdengo|spa|1\n|faint|p1b: Ursaluna\n|move|p1a: Milotic|Muddy Water|p2a: Pelipper|[spread] p2a,p2b\n|-resisted|p2a: Pelipper\n|-damage|p2a: Pelipper|45\/100\n|-damage|p2b: Gholdengo|0 fnt\n|faint|p2b: Gholdengo\n|move|p2a: Pelipper|Hurricane|p1a: Milotic\n|-crit|p1a: Milotic\n|-damage|p1a: Milotic|7\/100\n|-enditem|p1a: Milotic|Sitrus Berry|[eat]\n|-heal|p1a: Milotic|32\/100|[from] item: Sitrus Berry\n|\n|-weather|RainDance|[upkeep]\n|upkeep\n|\n|t:|1732002636\n|switch|p2b: Archaludon|Archaludon, L50, F|100\/100\n|switch|p1b: Ninetales|Ninetales-Alola, L50, F, shiny|28\/100\n|-weather|Snow|[from] ability: Snow Warning|[of] p1b: Ninetales\n|turn|5\n|inactive|VGCLTH fangame has 30 seconds left.\n|inactive|VGCLTH fangame has 20 seconds left.\n|inactive|VGCLTH fangame has 15 seconds left.\n|inactive|VGCLTH fangame has 10 seconds left.\n|inactive|VGCLTH fangame has 5 seconds left.\n|\n|t:|1732002689\n|move|p2a: Pelipper|Protect|p2a: Pelipper\n|-singleturn|p2a: Pelipper|Protect\n|move|p1b: Ninetales|Blizzard|p2b: Archaludon|[spread] p2b\n|-activate|p2a: Pelipper|move: Protect\n|-damage|p2b: Archaludon|80\/100\n|-status|p2b: Archaludon|frz\n|-ability|p2b: Archaludon|Stamina|boost\n|-boost|p2b: Archaludon|def|1\n|move|p1a: Milotic|Hypnosis|p2b: Archaludon|[miss]\n|-miss|p1a: Milotic|p2b: Archaludon\n|cant|p2b: Archaludon|frz\n|\n|-weather|Snow|[upkeep]\n|upkeep\n|turn|6\n|inactive|ruizuuuu has 30 seconds left.\n|\n|t:|1732002714\n|move|p2a: Pelipper|Protect||[still]\n|-fail|p2a: Pelipper\n|move|p1b: Ninetales|Blizzard|p2b: Archaludon|[spread] p2a,p2b\n|-damage|p2a: Pelipper|0 fnt\n|-damage|p2b: Archaludon|60\/100 frz\n|-ability|p2b: Archaludon|Stamina|boost\n|-boost|p2b: Archaludon|def|1\n|faint|p2a: Pelipper\n|move|p1a: Milotic|Muddy Water|p2b: Archaludon\n|-resisted|p2b: Archaludon\n|-damage|p2b: Archaludon|50\/100 frz\n|-ability|p2b: Archaludon|Stamina|boost\n|-boost|p2b: Archaludon|def|1\n|cant|p2b: Archaludon|frz\n|\n|-weather|Snow|[upkeep]\n|upkeep\n|turn|7\n|\n|t:|1732002723\n|move|p1b: Ninetales|Blizzard|p2b: Archaludon\n|-damage|p2b: Archaludon|19\/100 frz\n|-ability|p2b: Archaludon|Stamina|boost\n|-boost|p2b: Archaludon|def|1\n|move|p1a: Milotic|Coil|p1a: Milotic\n|-boost|p1a: Milotic|atk|1\n|-boost|p1a: Milotic|def|1\n|-boost|p1a: Milotic|accuracy|1\n|-curestatus|p2b: Archaludon|frz|[msg]\n|move|p2b: Archaludon|Flash Cannon|p1b: Ninetales\n|-supereffective|p1b: Ninetales\n|-damage|p1b: Ninetales|0 fnt\n|faint|p1b: Ninetales\n|\n|-weather|Snow|[upkeep]\n|upkeep\n|turn|8\n|\n|t:|1732002740\n|move|p1a: Milotic|Hypnosis|p2b: Archaludon\n|-status|p2b: Archaludon|slp|[from] move: Hypnosis\n|cant|p2b: Archaludon|slp\n|\n|-weather|Snow|[upkeep]\n|upkeep\n|turn|9\n|\n|t:|1732002744\n|move|p1a: Milotic|Muddy Water|p2b: Archaludon\n|-resisted|p2b: Archaludon\n|-damage|p2b: Archaludon|9\/100 slp\n|-ability|p2b: Archaludon|Stamina|boost\n|-boost|p2b: Archaludon|def|1\n|cant|p2b: Archaludon|slp\n|\n|-weather|none\n|upkeep\n|turn|10\n|\n|t:|1732002751\n|move|p1a: Milotic|Muddy Water|p2b: Archaludon\n|-resisted|p2b: Archaludon\n|-damage|p2b: Archaludon|0 fnt\n|faint|p2b: Archaludon\n|\n|win|VGCLTH fangame\n|raw|VGCLTH fangame's rating: 1831 &rarr; <strong>1846<\/strong><br \/>(+15 for winning)\n|raw|ruizuuuu's rating: 1751 &rarr; <strong>1736<\/strong><br \/>(-15 for losing)\n","uploadtime":1732002753,"views":22,"formatid":"gen9vgc2024regh","rating":1736,"private":0,"password":null}