{"id":"gen9vgc2024regh-2246896468","format":"[Gen 9] VGC 2024 Reg H","players":["vgclth terran","karamingo"],"log":"|raw|<div class=\"broadcast-blue\"><strong>This battle is required to be public due to a player having a name starting with 'vgclth'.<\/div>\n|j|\u2606vgclth terran\n|j|\u2606karamingo\n|t:|1732026840\n|gametype|doubles\n|player|p1|vgclth terran|rood|1806\n|player|p2|karamingo|266|1800\n|teamsize|p1|6\n|teamsize|p2|6\n|gen|9\n|tier|[Gen 9] VGC 2024 Reg H\n|rated|\n|rule|Species Clause: Limit one of each Pok\u00e9mon\n|rule|Item Clause: Limit 1 of each item\n|clearpoke\n|poke|p1|Ninetales-Alola, L50, F|\n|poke|p1|Rillaboom, L50, F|\n|poke|p1|Magmar, L50, M|\n|poke|p1|Sneasler, L50, M|\n|poke|p1|Kingambit, L50, M|\n|poke|p1|Basculegion, L50, M|\n|poke|p2|Ursaluna-Bloodmoon, L50, M|\n|poke|p2|Torkoal, L50, F|\n|poke|p2|Farigiraf, L50, M|\n|poke|p2|Smeargle, L50, M|\n|poke|p2|Indeedee-F, L50, F|\n|poke|p2|Hatterene, L50, F|\n|teampreview|4\n|\n|t:|1732026860\n|start\n|switch|p1a: Magmar|Magmar, L50, M|100\/100\n|switch|p1b: Kingambit|Kingambit, L50, M|100\/100\n|switch|p2a: Smeargle|Smeargle, L50, M|100\/100\n|switch|p2b: Farigiraf|Farigiraf, L50, M|100\/100\n|turn|1\n|\n|t:|1732026873\n|move|p2a: Smeargle|Follow Me|p2a: Smeargle\n|-singleturn|p2a: Smeargle|move: Follow Me\n|move|p1a: Magmar|Taunt|p2a: Smeargle\n|-start|p2a: Smeargle|move: Taunt\n|move|p1b: Kingambit|Kowtow Cleave|p2a: Smeargle\n|-damage|p2a: Smeargle|19\/100\n|move|p2b: Farigiraf|Trick Room|p2b: Farigiraf\n|-fieldstart|move: Trick Room|[of] p2b: Farigiraf\n|\n|upkeep\n|turn|2\n|\n|t:|1732026884\n|move|p2a: Smeargle|Endeavor|p1b: Kingambit\n|-damage|p1b: Kingambit|16\/100\n|move|p2b: Farigiraf|Hyper Voice|p1a: Magmar|[spread] p1a,p1b\n|-resisted|p1b: Kingambit\n|-damage|p1a: Magmar|77\/100\n|-damage|p1b: Kingambit|0 fnt\n|faint|p1b: Kingambit\n|-enditem|p2b: Farigiraf|Throat Spray\n|-boost|p2b: Farigiraf|spa|1|[from] item: Throat Spray\n|move|p1a: Magmar|Heat Wave|p2a: Smeargle|[spread] p2a,p2b\n|-damage|p2a: Smeargle|0 fnt\n|-damage|p2b: Farigiraf|78\/100\n|faint|p2a: Smeargle\n|\n|upkeep\n|\n|t:|1732026897\n|switch|p2a: Ursaluna|Ursaluna-Bloodmoon, L50, M|100\/100\n|switch|p1b: Sneasler|Sneasler, L50, M|100\/100\n|turn|3\n|\n|t:|1732026907\n|-terastallize|p2a: Ursaluna|Normal\n|move|p1a: Magmar|Protect|p1a: Magmar\n|-singleturn|p1a: Magmar|Protect\n|move|p1b: Sneasler|Protect|p1b: Sneasler\n|-singleturn|p1b: Sneasler|Protect\n|move|p2a: Ursaluna|Hyper Voice|p1a: Magmar|[spread] \n|-activate|p1a: Magmar|move: Protect\n|-activate|p1b: Sneasler|move: Protect\n|move|p2b: Farigiraf|Hyper Voice|p1b: Sneasler|[spread] \n|-activate|p1a: Magmar|move: Protect\n|-activate|p1b: Sneasler|move: Protect\n|\n|upkeep\n|turn|4\n|\n|t:|1732026924\n|switch|p1a: Rillaboom|Rillaboom, L50, F|100\/100\n|-fieldstart|move: Grassy Terrain|[from] ability: Grassy Surge|[of] p1a: Rillaboom\n|-terastallize|p1b: Sneasler|Ghost\n|move|p2a: Ursaluna|Hyper Voice|p1a: Rillaboom|[spread] p1a,p1b\n|-damage|p1a: Rillaboom|51\/100\n|-damage|p1b: Sneasler|8\/100\n|-damage|p2a: Ursaluna|91\/100|[from] item: Life Orb\n|move|p2b: Farigiraf|Hyper Voice|p1a: Rillaboom|[spread] p1a\n|-immune|p1b: Sneasler\n|-damage|p1a: Rillaboom|18\/100\n|move|p1b: Sneasler|Close Combat|p2a: Ursaluna\n|-supereffective|p2a: Ursaluna\n|-damage|p2a: Ursaluna|0 fnt\n|-unboost|p1b: Sneasler|def|1\n|-unboost|p1b: Sneasler|spd|1\n|faint|p2a: Ursaluna\n|\n|-heal|p2b: Farigiraf|84\/100|[from] Grassy Terrain\n|-heal|p1a: Rillaboom|24\/100|[from] Grassy Terrain\n|-heal|p1b: Sneasler|14\/100|[from] Grassy Terrain\n|upkeep\n|\n|t:|1732026940\n|switch|p2a: Torkoal|Torkoal, L50, F|100\/100\n|-weather|SunnyDay|[from] ability: Drought|[of] p2a: Torkoal\n|turn|5\n|\n|t:|1732026951\n|move|p1b: Sneasler|Protect|p1b: Sneasler\n|-singleturn|p1b: Sneasler|Protect\n|move|p2a: Torkoal|Heat Wave|p1b: Sneasler|[spread] p1a\n|-activate|p1b: Sneasler|move: Protect\n|-supereffective|p1a: Rillaboom\n|-damage|p1a: Rillaboom|0 fnt\n|faint|p1a: Rillaboom\n|move|p2b: Farigiraf|Hyper Voice|p1b: Sneasler\n|-activate|p1b: Sneasler|move: Protect\n|\n|-weather|SunnyDay|[upkeep]\n|-heal|p2b: Farigiraf|90\/100|[from] Grassy Terrain\n|-heal|p1b: Sneasler|20\/100|[from] Grassy Terrain\n|-fieldend|move: Trick Room\n|upkeep\n|\n|t:|1732026955\n|switch|p1a: Magmar|Magmar, L50, M|77\/100\n|turn|6\n|\n|t:|1732026960\n|move|p1b: Sneasler|Close Combat|p2b: Farigiraf\n|-damage|p2b: Farigiraf|21\/100\n|-unboost|p1b: Sneasler|def|1\n|-unboost|p1b: Sneasler|spd|1\n|-status|p2b: Farigiraf|psn|[from] ability: Poison Touch|[of] p1b: Sneasler\n|move|p1a: Magmar|Heat Wave|p2b: Farigiraf|[spread] p2a,p2b\n|-resisted|p2a: Torkoal\n|-crit|p2a: Torkoal\n|-damage|p2a: Torkoal|60\/100\n|-damage|p2b: Farigiraf|0 fnt\n|faint|p2b: Farigiraf\n|move|p2a: Torkoal|Heat Wave|p1b: Sneasler|[spread] p1a,p1b\n|-resisted|p1a: Magmar\n|-crit|p1a: Magmar\n|-damage|p1a: Magmar|38\/100\n|-damage|p1b: Sneasler|0 fnt\n|faint|p1b: Sneasler\n|\n|-weather|SunnyDay|[upkeep]\n|-heal|p1a: Magmar|44\/100|[from] Grassy Terrain\n|-heal|p2a: Torkoal|66\/100|[from] Grassy Terrain\n|upkeep\n|turn|7\n|\n|t:|1732026973\n|move|p1a: Magmar|Heat Wave|p2a: Torkoal\n|-resisted|p2a: Torkoal\n|-damage|p2a: Torkoal|32\/100\n|move|p2a: Torkoal|Heat Wave|p1a: Magmar\n|-resisted|p1a: Magmar\n|-crit|p1a: Magmar\n|-damage|p1a: Magmar|0 fnt\n|faint|p1a: Magmar\n|\n|win|karamingo\n|raw|vgclth terran's rating: 1806 &rarr; <strong>1786<\/strong><br \/>(-20 for losing)\n|raw|karamingo's rating: 1800 &rarr; <strong>1820<\/strong><br \/>(+20 for winning)\n|l|\u2606vgclth terran\n|player|p1|\n|l|\u2606karamingo\n|player|p2|\n","uploadtime":1732027216,"views":73,"formatid":"gen9vgc2024regh","rating":1786,"private":0,"password":null}