{"id":"gen9vgc2024regh-2246498077","format":"[Gen 9] VGC 2024 Reg H","players":["dayron91","Volanr"],"log":"|j|\u2606dayron91\n|j|\u2606Volanr\n|t:|1731968348\n|gametype|doubles\n|player|p1|dayron91|dragontamer|1668\n|player|p2|Volanr|101|1736\n|teamsize|p1|6\n|teamsize|p2|6\n|gen|9\n|tier|[Gen 9] VGC 2024 Reg H\n|rated|\n|rule|Species Clause: Limit one of each Pok\u00e9mon\n|rule|Item Clause: Limit 1 of each item\n|clearpoke\n|poke|p1|Archaludon, L50, M|\n|poke|p1|Whimsicott, L50, F|\n|poke|p1|Incineroar, L50, F|\n|poke|p1|Dragonite, L50, F|\n|poke|p1|Basculegion, L50, M|\n|poke|p1|Annihilape, L50, M|\n|poke|p2|Archaludon, L50, M|\n|poke|p2|Pelipper, L50, F|\n|poke|p2|Sinistcha, L50|\n|poke|p2|Gholdengo, L50|\n|poke|p2|Ursaluna, L50, F|\n|poke|p2|Dragonite, L50, M|\n|teampreview|4\nVolanr has agreed to open team sheets.\n|j| Mtresh\n|\n|t:|1731968392\n|start\n|switch|p1a: Whimsicott|Whimsicott, L50, F|100\/100\n|switch|p1b: Annihilape|Annihilape, L50, M|100\/100\n|switch|p2a: Dragonite|Dragonite, L50, M|100\/100\n|switch|p2b: Archaludon|Archaludon, L50, M|100\/100\n|turn|1\n|\n|t:|1731968443\n|move|p1a: Whimsicott|Moonblast|p2a: Dragonite\n|-supereffective|p2a: Dragonite\n|-damage|p2a: Dragonite|66\/100\n|move|p1b: Annihilape|Final Gambit|p2b: Archaludon\n|-damage|p2b: Archaludon|0 fnt\n|faint|p1b: Annihilape\n|faint|p2b: Archaludon\n|move|p2a: Dragonite|Scale Shot|p2: Archaludon|[notarget]\n|-fail|p2a: Dragonite\n|\n|upkeep\n|c|\u2606Volanr|Sneaky\n|\n|t:|1731968478\n|switch|p1b: Archaludon|Archaludon, L50, M|100\/100\n|switch|p2b: Sinistcha|Sinistcha, L50|100\/100\n|-heal|p2a: Dragonite|91\/100|[from] ability: Hospitality|[of] p2b: Sinistcha\n|turn|2\n|\n|t:|1731968508\n|switch|p2b: Pelipper|Pelipper, L50, F, shiny|100\/100\n|-weather|RainDance|[from] ability: Drizzle|[of] p2b: Pelipper\n|-terastallize|p2a: Dragonite|Fairy\n|move|p1a: Whimsicott|Encore|p2a: Dragonite\n|-start|p2a: Dragonite|Encore\n|move|p2a: Dragonite|Scale Shot|p1b: Archaludon\n|-damage|p1b: Archaludon|91\/100\n|-ability|p1b: Archaludon|Stamina|boost\n|-boost|p1b: Archaludon|def|1\n|-damage|p1b: Archaludon|84\/100\n|-ability|p1b: Archaludon|Stamina|boost\n|-boost|p1b: Archaludon|def|1\n|-damage|p1b: Archaludon|80\/100\n|-ability|p1b: Archaludon|Stamina|boost\n|-boost|p1b: Archaludon|def|1\n|-damage|p1b: Archaludon|75\/100\n|-ability|p1b: Archaludon|Stamina|boost\n|-boost|p1b: Archaludon|def|1\n|-damage|p1b: Archaludon|71\/100\n|-ability|p1b: Archaludon|Stamina|boost\n|-boost|p1b: Archaludon|def|1\n|-hitcount|p1b: Archaludon|5\n|-unboost|p2a: Dragonite|def|1\n|-boost|p2a: Dragonite|spe|1\n|move|p1b: Archaludon|Snarl|p2b: Pelipper|[spread] p2a,p2b\n|-resisted|p2a: Dragonite\n|-damage|p2a: Dragonite|85\/100\n|-damage|p2b: Pelipper|78\/100\n|-unboost|p2a: Dragonite|spa|1\n|-unboost|p2b: Pelipper|spa|1\n|\n|-weather|RainDance|[upkeep]\n|upkeep\n|turn|3\n|\n|t:|1731968561\n|switch|p2a: Sinistcha|Sinistcha, L50|100\/100\n|-heal|p2b: Pelipper|100\/100|[from] ability: Hospitality|[of] p2a: Sinistcha\n|move|p1a: Whimsicott|Moonblast|p2b: Pelipper\n|-crit|p2b: Pelipper\n|-damage|p2b: Pelipper|10\/100\n|move|p2b: Pelipper|Tailwind|p2b: Pelipper\n|-sidestart|p2: Volanr|move: Tailwind\n|move|p1b: Archaludon|Dragon Pulse|p2b: Pelipper\n|-damage|p2b: Pelipper|0 fnt\n|faint|p2b: Pelipper\n|\n|-weather|RainDance|[upkeep]\n|upkeep\n|\n|t:|1731968570\n|switch|p2b: Dragonite|Dragonite, L50, M, tera:Fairy|85\/100\n|turn|4\n|c|\u2606Volanr|Gg\n|\n|t:|1731968623\n|move|p2b: Dragonite|Extreme Speed|p1a: Whimsicott\n|-damage|p1a: Whimsicott|59\/100\n|move|p2a: Sinistcha|Rage Powder|p2a: Sinistcha\n|-singleturn|p2a: Sinistcha|move: Rage Powder\n|move|p1a: Whimsicott|Moonblast|p2a: Sinistcha\n|-damage|p2a: Sinistcha|68\/100\n|-unboost|p2a: Sinistcha|spa|1\n|move|p1b: Archaludon|Snarl|p2b: Dragonite|[spread] p2a,p2b\n|-supereffective|p2a: Sinistcha\n|-resisted|p2b: Dragonite\n|-damage|p2a: Sinistcha|48\/100\n|-damage|p2b: Dragonite|78\/100\n|-unboost|p2a: Sinistcha|spa|1\n|-unboost|p2b: Dragonite|spa|1\n|-enditem|p2a: Sinistcha|Sitrus Berry|[eat]\n|-heal|p2a: Sinistcha|73\/100|[from] item: Sitrus Berry\n|\n|-weather|RainDance|[upkeep]\n|upkeep\n|turn|5\n|\n|t:|1731968665\n|-terastallize|p1a: Whimsicott|Ghost\n|move|p2b: Dragonite|Extreme Speed|p1a: Whimsicott\n|-immune|p1a: Whimsicott\n|move|p1a: Whimsicott|Encore|p2b: Dragonite\n|-start|p2b: Dragonite|Encore\n|move|p2a: Sinistcha|Life Dew|p2a: Sinistcha|[spread] p2a,p2b\n|-heal|p2a: Sinistcha|98\/100\n|-heal|p2b: Dragonite|100\/100\n|move|p1b: Archaludon|Flash Cannon|p2b: Dragonite\n|-supereffective|p2b: Dragonite\n|-damage|p2b: Dragonite|61\/100\n|\n|-weather|RainDance|[upkeep]\n|upkeep\n|turn|6\n|\n|t:|1731968711\n|switch|p1b: Basculegion|Basculegion, L50, M, shiny|100\/100\n|move|p2b: Dragonite|Extreme Speed|p1b: Basculegion\n|-immune|p1b: Basculegion\n|move|p1a: Whimsicott|Encore|p2a: Sinistcha\n|-start|p2a: Sinistcha|Encore\n|move|p2a: Sinistcha|Life Dew|p2a: Sinistcha|[spread] p2a,p2b\n|-heal|p2a: Sinistcha|100\/100\n|-heal|p2b: Dragonite|86\/100\n|\n|-weather|none\n|-sideend|p2: Volanr|move: Tailwind\n|upkeep\n|turn|7\n|\n|t:|1731968734\n|move|p2b: Dragonite|Extreme Speed|p1b: Basculegion\n|-immune|p1b: Basculegion\n|move|p1a: Whimsicott|Moonblast|p2a: Sinistcha\n|-damage|p2a: Sinistcha|71\/100\n|move|p1b: Basculegion|Last Respects|p2a: Sinistcha\n|-supereffective|p2a: Sinistcha\n|-damage|p2a: Sinistcha|0 fnt\n|faint|p2a: Sinistcha\n|-damage|p1b: Basculegion|91\/100|[from] item: Life Orb\n|\n|upkeep\n|turn|8\n|-message|Volanr forfeited.\n|\n|win|dayron91\n|raw|dayron91's rating: 1668 &rarr; <strong>1692<\/strong><br \/>(+24 for winning)\n|raw|Volanr's rating: 1736 &rarr; <strong>1712<\/strong><br \/>(-24 for losing)\n|l|\u2606Volanr\n|player|p2|\n|j|\u2606Volanr\n|player|p2|Volanr|101|\n|l|\u2606Volanr\n|player|p2|\n","uploadtime":1731968752,"views":47,"formatid":"gen9vgc2024regh","rating":1692,"private":0,"password":null}