{"id":"gen9vgc2024regh-2246473581","format":"[Gen 9] VGC 2024 Reg H","players":["vgclth terran","FROM APOCALYPSE"],"log":"|raw|<div class=\"broadcast-blue\"><strong>This battle is required to be public due to a player having a name starting with 'vgclth'.<\/div>\n|j|\u2606vgclth terran\n|j|\u2606FROM APOCALYPSE\n|t:|1731965717\n|gametype|doubles\n|player|p1|vgclth terran|worker-gen4|1752\n|player|p2|FROM APOCALYPSE|rosa|1844\n|teamsize|p1|6\n|teamsize|p2|6\n|gen|9\n|tier|[Gen 9] VGC 2024 Reg H\n|rated|\n|rule|Species Clause: Limit one of each Pok\u00e9mon\n|rule|Item Clause: Limit 1 of each item\n|clearpoke\n|poke|p1|Ninetales-Alola, L50, M|\n|poke|p1|Rillaboom, L50, M|\n|poke|p1|Magmar, L50, F|\n|poke|p1|Sneasler, L50, F|\n|poke|p1|Kingambit, L50, M|\n|poke|p1|Basculegion, L50, M|\n|poke|p2|Sneasler, L50, F|\n|poke|p2|Dragonite, L50, F|\n|poke|p2|Rillaboom, L50, M|\n|poke|p2|Volcarona, L50, F|\n|poke|p2|Dondozo, L50, M|\n|poke|p2|Kingambit, L50, F|\n|teampreview|4\n|\n|t:|1731965740\n|start\n|switch|p1a: Basculegion|Basculegion, L50, M|100\/100\n|switch|p1b: Sneasler|Sneasler, L50, F|100\/100\n|switch|p2a: Sneasler|Sneasler, L50, F|100\/100\n|switch|p2b: Dondozo|Dondozo, L50, M|100\/100\n|turn|1\n|\n|t:|1731965760\n|move|p2a: Sneasler|Protect|p2a: Sneasler\n|-singleturn|p2a: Sneasler|Protect\n|move|p1a: Basculegion|Flip Turn|p2a: Sneasler\n|-activate|p2a: Sneasler|move: Protect\n|move|p1b: Sneasler|Close Combat|p2a: Sneasler\n|-activate|p2a: Sneasler|move: Protect\n|move|p2b: Dondozo|Wave Crash|p1b: Sneasler\n|-damage|p1b: Sneasler|25\/100\n|-damage|p2b: Dondozo|85\/100|[from] Recoil\n|\n|-heal|p2b: Dondozo|92\/100|[from] item: Leftovers\n|upkeep\n|turn|2\n|\n|t:|1731965784\n|move|p1a: Basculegion|Flip Turn|p2a: Sneasler\n|-damage|p2a: Sneasler|35\/100\n|\n|t:|1731965788\n|switch|p1a: Ninetales|Ninetales-Alola, L50, M|100\/100|[from] Flip Turn\n|-weather|Snow|[from] ability: Snow Warning|[of] p1a: Ninetales\n|move|p1b: Sneasler|Dire Claw|p2a: Sneasler\n|-resisted|p2a: Sneasler\n|-damage|p2a: Sneasler|0 fnt\n|faint|p2a: Sneasler\n|move|p2b: Dondozo|Yawn|p1a: Ninetales\n|-start|p1a: Ninetales|move: Yawn|[of] p2b: Dondozo\n|\n|-weather|Snow|[upkeep]\n|-heal|p2b: Dondozo|98\/100|[from] item: Leftovers\n|upkeep\n|\n|t:|1731965807\n|switch|p2a: Volcarona|Volcarona, L50, F|100\/100\n|turn|3\n|\n|t:|1731965818\n|switch|p1a: Basculegion|Basculegion, L50, M|100\/100\n|move|p1b: Sneasler|Dire Claw|p2b: Dondozo\n|-damage|p2b: Dondozo|73\/100\n|-status|p2b: Dondozo|psn|[from] ability: Poison Touch|[of] p1b: Sneasler\n|move|p2a: Volcarona|Quiver Dance|p2a: Volcarona\n|-boost|p2a: Volcarona|spa|1\n|-boost|p2a: Volcarona|spd|1\n|-boost|p2a: Volcarona|spe|1\n|move|p2b: Dondozo|Yawn|p1a: Basculegion\n|-start|p1a: Basculegion|move: Yawn|[of] p2b: Dondozo\n|\n|-weather|Snow|[upkeep]\n|-heal|p2b: Dondozo|79\/100 psn|[from] item: Leftovers\n|-damage|p2b: Dondozo|67\/100 psn|[from] psn\n|upkeep\n|turn|4\n|\n|t:|1731965846\n|switch|p1a: Ninetales|Ninetales-Alola, L50, M|100\/100\n|switch|p1b: Kingambit|Kingambit, L50, M|100\/100\n|move|p2a: Volcarona|Protect|p2a: Volcarona\n|-singleturn|p2a: Volcarona|Protect\n|move|p2b: Dondozo|Protect||[still]\n|-fail|p2b: Dondozo\n|\n|-weather|Snow|[upkeep]\n|-heal|p2b: Dondozo|73\/100 psn|[from] item: Leftovers\n|-damage|p2b: Dondozo|61\/100 psn|[from] psn\n|upkeep\n|turn|5\n|\n|t:|1731965869\n|-terastallize|p2a: Volcarona|Fairy\n|-terastallize|p1b: Kingambit|Fire\n|move|p2a: Volcarona|Heat Wave|p1b: Kingambit|[spread] p1a,p1b\n|-supereffective|p1a: Ninetales\n|-resisted|p1b: Kingambit\n|-damage|p1a: Ninetales|0 fnt\n|-damage|p1b: Kingambit|73\/100\n|faint|p1a: Ninetales\n|move|p1b: Kingambit|Kowtow Cleave|p2b: Dondozo\n|-damage|p2b: Dondozo|27\/100 psn\n|move|p2b: Dondozo|Yawn|p1b: Kingambit\n|-start|p1b: Kingambit|move: Yawn|[of] p2b: Dondozo\n|\n|-weather|Snow|[upkeep]\n|-heal|p2b: Dondozo|33\/100 psn|[from] item: Leftovers\n|-damage|p2b: Dondozo|21\/100 psn|[from] psn\n|upkeep\n|\n|t:|1731965884\n|switch|p1a: Sneasler|Sneasler, L50, F|25\/100\n|turn|6\n|\n|t:|1731965897\n|switch|p1b: Basculegion|Basculegion, L50, M|100\/100\n|move|p1a: Sneasler|Protect|p1a: Sneasler\n|-singleturn|p1a: Sneasler|Protect\n|move|p2a: Volcarona|Tera Blast|p1a: Sneasler|[anim] Tera Blast Fairy\n|-activate|p1a: Sneasler|move: Protect\n|move|p2b: Dondozo|Yawn|p1b: Basculegion\n|-start|p1b: Basculegion|move: Yawn|[of] p2b: Dondozo\n|\n|-weather|none\n|-heal|p2b: Dondozo|27\/100 psn|[from] item: Leftovers\n|-damage|p2b: Dondozo|15\/100 psn|[from] psn\n|upkeep\n|turn|7\n|\n|t:|1731965919\n|move|p1a: Sneasler|Protect|p1a: Sneasler\n|-singleturn|p1a: Sneasler|Protect\n|move|p1b: Basculegion|Flip Turn|p2b: Dondozo\n|-resisted|p2b: Dondozo\n|-damage|p2b: Dondozo|5\/100 psn\n|\n|t:|1731965921\n|switch|p1b: Kingambit|Kingambit, L50, M, tera:Fire|73\/100|[from] Flip Turn\n|move|p2a: Volcarona|Heat Wave|p1b: Kingambit|[spread] p1b\n|-activate|p1a: Sneasler|move: Protect\n|-resisted|p1b: Kingambit\n|-damage|p1b: Kingambit|45\/100\n|move|p2b: Dondozo|Wave Crash|p1b: Kingambit\n|-supereffective|p1b: Kingambit\n|-crit|p1b: Kingambit\n|-damage|p1b: Kingambit|0 fnt\n|faint|p1b: Kingambit\n|-damage|p2b: Dondozo|0 fnt|[from] Recoil\n|faint|p2b: Dondozo\n|\n|upkeep\n|\n|t:|1731965935\n|switch|p1b: Basculegion|Basculegion, L50, M|100\/100\n|switch|p2b: Rillaboom|Rillaboom, L50, M|100\/100\n|-fieldstart|move: Grassy Terrain|[from] ability: Grassy Surge|[of] p2b: Rillaboom\n|turn|8\n|\n|t:|1731965948\n|move|p2b: Rillaboom|Grassy Glide|p1b: Basculegion\n|-supereffective|p1b: Basculegion\n|-damage|p1b: Basculegion|11\/100\n|move|p1b: Basculegion|Last Respects|p2a: Volcarona\n|-damage|p2a: Volcarona|6\/100\n|-enditem|p2a: Volcarona|Sitrus Berry|[eat]\n|-heal|p2a: Volcarona|31\/100|[from] item: Sitrus Berry\n|move|p2a: Volcarona|Heat Wave|p1b: Basculegion|[spread] p1a,p1b\n|-crit|p1a: Sneasler\n|-resisted|p1b: Basculegion\n|-damage|p1a: Sneasler|0 fnt\n|-damage|p1b: Basculegion|0 fnt\n|faint|p1a: Sneasler\n|faint|p1b: Basculegion\n|\n|win|FROM APOCALYPSE\n|raw|vgclth terran's rating: 1752 &rarr; <strong>1737<\/strong><br \/>(-15 for losing)\n|raw|FROM APOCALYPSE's rating: 1844 &rarr; <strong>1859<\/strong><br \/>(+15 for winning)\n|l|\u2606vgclth terran\n|player|p1|\n|l|\u2606FROM APOCALYPSE\n|player|p2|\n|j| Zephil0\n|l| Zephil0\n","uploadtime":1731966098,"views":14,"formatid":"gen9vgc2024regh","rating":1737,"private":0,"password":null}