{"id":"gen9vgc2024regh-2246648178","format":"[Gen 9] VGC 2024 Reg H","players":["VGCLTH mt","chanpaopao"],"log":"|raw|<div class=\"broadcast-blue\"><strong>This battle is required to be public due to a player having a name starting with 'vgclth'.<\/div>\n|j|\u2606VGCLTH mt\n|j|\u2606chanpaopao\n|t:|1731987496\n|gametype|doubles\n|player|p1|VGCLTH mt|cynthia|1829\n|player|p2|chanpaopao|266|1755\n|teamsize|p1|6\n|teamsize|p2|6\n|gen|9\n|tier|[Gen 9] VGC 2024 Reg H\n|rated|\n|rule|Species Clause: Limit one of each Pok\u00e9mon\n|rule|Item Clause: Limit 1 of each item\n|clearpoke\n|poke|p1|Ursaluna-Bloodmoon, L50, M|\n|poke|p1|Gholdengo, L50|\n|poke|p1|Dragonite, L50, M|\n|poke|p1|Primarina, L50, F|\n|poke|p1|Incineroar, L50, M|\n|poke|p1|Amoonguss, L50, M|\n|poke|p2|Ninetales-Alola, L50, F|\n|poke|p2|Annihilape, L50, M|\n|poke|p2|Dragonite, L50, F|\n|poke|p2|Ursaluna-Bloodmoon, L50, M|\n|poke|p2|Porygon2, L50|\n|poke|p2|Metagross, L50|\n|teampreview|4\n|inactive|Battle timer is ON: inactive players will automatically lose when time's up. (requested by VGCLTH mt)\nchanpaopao has agreed to open team sheets.\n|inactive|VGCLTH mt has 60 seconds left.\n|inactive|VGCLTH mt has 30 seconds left.\n|\n|t:|1731987564\n|start\n|switch|p1a: Gholdengo|Gholdengo, L50, shiny|100\/100\n|switch|p1b: Primarina|Primarina, L50, F, shiny|100\/100\n|switch|p2a: Annihilape|Annihilape, L50, M|100\/100\n|switch|p2b: Metagross|Metagross, L50|100\/100\n|turn|1\n|j| hail oil\n|\n|t:|1731987579\n|move|p1b: Primarina|Icy Wind|p2a: Annihilape|[spread] p2a,p2b\n|-resisted|p2b: Metagross\n|-damage|p2a: Annihilape|84\/100\n|-damage|p2b: Metagross|96\/100\n|-unboost|p2a: Annihilape|spe|1\n|-ability|p2a: Annihilape|Defiant|boost\n|-boost|p2a: Annihilape|atk|2\n|move|p1a: Gholdengo|Shadow Ball|p2a: Annihilape\n|-supereffective|p2a: Annihilape\n|-damage|p2a: Annihilape|0 fnt\n|faint|p2a: Annihilape\n|move|p2b: Metagross|Knock Off|p1a: Gholdengo\n|-supereffective|p1a: Gholdengo\n|-damage|p1a: Gholdengo|23\/100\n|-enditem|p1a: Gholdengo|Focus Sash|[from] move: Knock Off|[of] p2b: Metagross\n|\n|upkeep\n|\n|t:|1731987595\n|switch|p2a: Porygon2|Porygon2, L50|100\/100\n|-ability|p2a: Porygon2|Download|boost\n|-boost|p2a: Porygon2|atk|1\n|turn|2\n|inactive|chanpaopao has 30 seconds left.\n|\n|t:|1731987621\n|switch|p1b: Incineroar|Incineroar, L50, M, shiny|100\/100\n|-ability|p1b: Incineroar|Intimidate|boost\n|-unboost|p2a: Porygon2|atk|1\n|-fail|p2b: Metagross|unboost|[from] ability: Clear Body|[of] p2b: Metagross\n|move|p1a: Gholdengo|Protect|p1a: Gholdengo\n|-singleturn|p1a: Gholdengo|Protect\n|move|p2b: Metagross|Heavy Slam|p1b: Incineroar\n|-resisted|p1b: Incineroar\n|-damage|p1b: Incineroar|68\/100\n|move|p2a: Porygon2|Trick Room|p2a: Porygon2\n|-fieldstart|move: Trick Room|[of] p2a: Porygon2\n|\n|upkeep\n|turn|3\n|inactive|VGCLTH mt has 30 seconds left.\n|inactive|chanpaopao has 30 seconds left.\n|\n|t:|1731987653\n|move|p1b: Incineroar|Fake Out|p2b: Metagross\n|-resisted|p2b: Metagross\n|-damage|p2b: Metagross|92\/100\n|move|p2a: Porygon2|Tera Blast|p1b: Incineroar\n|-damage|p1b: Incineroar|43\/100\n|-enditem|p1b: Incineroar|Sitrus Berry|[eat]\n|-heal|p1b: Incineroar|67\/100|[from] item: Sitrus Berry\n|cant|p2b: Metagross|flinch\n|move|p1a: Gholdengo|Make It Rain|p2a: Porygon2|[spread] p2a,p2b\n|-resisted|p2b: Metagross\n|-damage|p2a: Porygon2|67\/100\n|-damage|p2b: Metagross|76\/100\n|-unboost|p1a: Gholdengo|spa|1\n|\n|upkeep\n|turn|4\n|j| doukl72\n|inactive|VGCLTH mt has 30 seconds left.\n|inactive|chanpaopao has 30 seconds left.\n|inactive|chanpaopao has 20 seconds left.\n|\n|t:|1731987695\n|switch|p1a: Primarina|Primarina, L50, F, shiny|100\/100\n|move|p1b: Incineroar|Knock Off|p2b: Metagross\n|-supereffective|p2b: Metagross\n|-damage|p2b: Metagross|15\/100\n|-enditem|p2b: Metagross|Assault Vest|[from] move: Knock Off|[of] p1b: Incineroar\n|move|p2a: Porygon2|Tera Blast|p1b: Incineroar\n|-damage|p1b: Incineroar|39\/100\n|move|p2b: Metagross|Heavy Slam|p1b: Incineroar\n|-resisted|p1b: Incineroar\n|-damage|p1b: Incineroar|7\/100\n|\n|upkeep\n|turn|5\n|inactive|VGCLTH mt has 30 seconds left.\n|inactive|chanpaopao has 30 seconds left.\n|\n|t:|1731987730\n|move|p2b: Metagross|Bullet Punch|p1b: Incineroar\n|-resisted|p1b: Incineroar\n|-damage|p1b: Incineroar|0 fnt\n|faint|p1b: Incineroar\n|move|p2a: Porygon2|Tera Blast|p1a: Primarina\n|-damage|p1a: Primarina|65\/100\n|move|p1a: Primarina|Moonblast|p2a: Porygon2\n|-damage|p2a: Porygon2|35\/100\n|\n|upkeep\n|\n|t:|1731987736\n|switch|p1b: Ursaluna|Ursaluna-Bloodmoon, L50, M|100\/100\n|turn|6\n|inactive|VGCLTH mt has 30 seconds left.\n|\n|t:|1731987764\n|-terastallize|p1b: Ursaluna|Fighting\n|move|p1b: Ursaluna|Vacuum Wave|p2b: Metagross\n|-damage|p2b: Metagross|0 fnt\n|faint|p2b: Metagross\n|move|p2a: Porygon2|Recover|p2a: Porygon2\n|-heal|p2a: Porygon2|85\/100\n|move|p1a: Primarina|Moonblast|p2a: Porygon2\n|-damage|p2a: Porygon2|56\/100\n|\n|-fieldend|move: Trick Room\n|upkeep\n|\n|t:|1731987776\n|switch|p2b: Ursaluna|Ursaluna-Bloodmoon, L50, M|100\/100\n|turn|7\n|\n|t:|1731987792\n|-terastallize|p2b: Ursaluna|Normal\n|move|p1a: Primarina|Moonblast|p2a: Porygon2\n|-damage|p2a: Porygon2|21\/100\n|move|p1b: Ursaluna|Blood Moon|p2a: Porygon2\n|-damage|p2a: Porygon2|0 fnt\n|faint|p2a: Porygon2\n|move|p2b: Ursaluna|Blood Moon|p1b: Ursaluna\n|-damage|p1b: Ursaluna|0 fnt\n|faint|p1b: Ursaluna\n|-damage|p2b: Ursaluna|90\/100|[from] item: Life Orb\n|\n|upkeep\n|\n|t:|1731987797\n|switch|p1b: Gholdengo|Gholdengo, L50, shiny|23\/100\n|turn|8\n|\n|t:|1731987810\n|move|p1b: Gholdengo|Protect|p1b: Gholdengo\n|-singleturn|p1b: Gholdengo|Protect\n|move|p1a: Primarina|Moonblast|p2b: Ursaluna\n|-damage|p2b: Ursaluna|33\/100\n|move|p2b: Ursaluna|Hyper Voice|p1a: Primarina|[spread] p1a\n|-activate|p1b: Gholdengo|move: Protect\n|-crit|p1a: Primarina\n|-damage|p1a: Primarina|0 fnt\n|faint|p1a: Primarina\n|-damage|p2b: Ursaluna|23\/100|[from] item: Life Orb\n|\n|upkeep\n|turn|9\n|\n|t:|1731987827\n|move|p1b: Gholdengo|Make It Rain|p2b: Ursaluna\n|-damage|p2b: Ursaluna|0 fnt\n|-unboost|p1b: Gholdengo|spa|1\n|faint|p2b: Ursaluna\n|\n|win|VGCLTH mt\n|raw|VGCLTH mt's rating: 1829 &rarr; <strong>1845<\/strong><br \/>(+16 for winning)\n|raw|chanpaopao's rating: 1755 &rarr; <strong>1739<\/strong><br \/>(-16 for losing)\n|l|\u2606chanpaopao\n|player|p2|\n|l|\u2606VGCLTH mt\n|player|p1|\n|l| hail oil\n","uploadtime":1731988015,"views":37,"formatid":"gen9vgc2024regh","rating":1739,"private":0,"password":null}