{"id":"gen9vgc2024regh-2246032991","format":"[Gen 9] VGC 2024 Reg H","players":["taku4986726","arkjsmith"],"log":"|j|\u203dtaku4986726\n|j|\u2606arkjsmith\n|t:|1731909637\n|gametype|doubles\n|player|p1|taku4986726|pokekid|1679\n|player|p2|arkjsmith|roxie|1714\n|teamsize|p1|6\n|teamsize|p2|6\n|gen|9\n|tier|[Gen 9] VGC 2024 Reg H\n|rated|\n|rule|Species Clause: Limit one of each Pok\u00e9mon\n|rule|Item Clause: Limit 1 of each item\n|clearpoke\n|poke|p1|Annihilape, L50, F|\n|poke|p1|Whimsicott, L50, M|\n|poke|p1|Archaludon, L50, M|\n|poke|p1|Pelipper, L50, M|\n|poke|p1|Ursaluna-Bloodmoon, L50, M|\n|poke|p1|Gholdengo, L50|\n|poke|p2|Farigiraf, L50, F|\n|poke|p2|Maushold, L50|\n|poke|p2|Electivire, L50, F|\n|poke|p2|Ursaluna-Bloodmoon, L50, M|\n|poke|p2|Torkoal, L50, F|\n|poke|p2|Indeedee-F, L50, F|\n|teampreview|4\n|inactive|Battle timer is ON: inactive players will automatically lose when time's up. (requested by arkjsmith)\n|inactive|taku4986726 has 60 seconds left.\n|\n|t:|1731909675\n|start\n|switch|p1a: Annihilape|Annihilape, L50, F|100\/100\n|switch|p1b: Whimsicott|Whimsicott, L50, M, shiny|100\/100\n|switch|p2a: Calypso|Farigiraf, L50, F, shiny|100\/100\n|switch|p2b: Maushold|Maushold, L50|100\/100\n|turn|1\n|\n|t:|1731909698\n|switch|p1b: Archaludon|Archaludon, L50, M, shiny|100\/100\n|move|p2b: Maushold|Follow Me|p2b: Maushold\n|-singleturn|p2b: Maushold|move: Follow Me\n|move|p1a: Annihilape|U-turn|p2b: Maushold\n|-damage|p2b: Maushold|61\/100\n|\n|t:|1731909716\n|switch|p1a: Pelipper|Pelipper, L50, M|100\/100|[from] U-turn\n|-weather|RainDance|[from] ability: Drizzle|[of] p1a: Pelipper\n|move|p2a: Calypso|Trick Room|p2a: Calypso\n|-fieldstart|move: Trick Room|[of] p2a: Calypso\n|\n|-weather|RainDance|[upkeep]\n|upkeep\n|turn|2\n|\n|t:|1731909729\n|switch|p1a: Annihilape|Annihilape, L50, F|100\/100\n|move|p2b: Maushold|Follow Me|p2b: Maushold\n|-singleturn|p2b: Maushold|move: Follow Me\n|move|p2a: Calypso|Hyper Voice|p1b: Archaludon|[spread] p1b\n|-immune|p1a: Annihilape\n|-resisted|p1b: Archaludon\n|-damage|p1b: Archaludon|85\/100\n|-ability|p1b: Archaludon|Stamina|boost\n|-boost|p1b: Archaludon|def|1\n|-enditem|p2a: Calypso|Throat Spray\n|-boost|p2a: Calypso|spa|1|[from] item: Throat Spray\n|move|p1b: Archaludon|Electro Shot||[still]\n|-prepare|p1b: Archaludon|Electro Shot\n|-boost|p1b: Archaludon|spa|1\n|-anim|p1b: Archaludon|Electro Shot|p2b: Maushold\n|-damage|p2b: Maushold|0 fnt\n|faint|p2b: Maushold\n|\n|-weather|RainDance|[upkeep]\n|upkeep\n|\n|t:|1731909744\n|switch|p2b: Pirate|Ursaluna-Bloodmoon, L50, M|100\/100\n|turn|3\n|j| DittoTang\n|inactive|taku4986726 has 30 seconds left.\n|inactive|arkjsmith has 30 seconds left.\n|\n|t:|1731909771\n|-terastallize|p2b: Pirate|Normal\n|move|p1a: Annihilape|Protect|p1a: Annihilape\n|-singleturn|p1a: Annihilape|Protect\n|move|p2b: Pirate|Hyper Voice|p1b: Archaludon|[spread] p1b\n|-activate|p1a: Annihilape|move: Protect\n|-resisted|p1b: Archaludon\n|-damage|p1b: Archaludon|56\/100\n|-ability|p1b: Archaludon|Stamina|boost\n|-boost|p1b: Archaludon|def|1\n|-damage|p2b: Pirate|91\/100|[from] item: Life Orb\n|move|p2a: Calypso|Expanding Force|p1a: Annihilape\n|-activate|p1a: Annihilape|move: Protect\n|move|p1b: Archaludon|Electro Shot||[still]\n|-prepare|p1b: Archaludon|Electro Shot\n|-boost|p1b: Archaludon|spa|1\n|-anim|p1b: Archaludon|Electro Shot|p2a: Calypso\n|-damage|p2a: Calypso|25\/100\n|\n|-weather|RainDance|[upkeep]\n|upkeep\n|turn|4\n|inactive|taku4986726 has 30 seconds left.\n|inactive|taku4986726 has 20 seconds left.\n|inactive|taku4986726 has 15 seconds left.\n|inactive|taku4986726 has 10 seconds left.\n|inactive|taku4986726 has 5 seconds left.\n|\n|t:|1731909824\n|switch|p1a: Whimsicott|Whimsicott, L50, M, shiny|100\/100\n|move|p2b: Pirate|Earth Power|p1b: Archaludon\n|-supereffective|p1b: Archaludon\n|-damage|p1b: Archaludon|0 fnt\n|faint|p1b: Archaludon\n|-damage|p2b: Pirate|81\/100|[from] item: Life Orb\n|move|p2a: Calypso|Expanding Force|p1a: Whimsicott\n|-enditem|p1a: Whimsicott|Focus Sash\n|-damage|p1a: Whimsicott|1\/100\n|\n|-weather|RainDance|[upkeep]\n|upkeep\n|\n|t:|1731909841\n|switch|p1b: Annihilape|Annihilape, L50, F|100\/100\n|turn|5\n|\n|t:|1731909853\n|move|p1b: Annihilape|Protect|p1b: Annihilape\n|-singleturn|p1b: Annihilape|Protect\n|move|p2b: Pirate|Hyper Voice|p1b: Annihilape|[spread] p1a\n|-activate|p1b: Annihilape|move: Protect\n|-damage|p1a: Whimsicott|0 fnt\n|faint|p1a: Whimsicott\n|-damage|p2b: Pirate|72\/100|[from] item: Life Orb\n|move|p2a: Calypso|Expanding Force|p1b: Annihilape\n|-activate|p1b: Annihilape|move: Protect\n|\n|-weather|none\n|-fieldend|move: Trick Room\n|upkeep\n|\n|t:|1731909864\n|switch|p1a: Pelipper|Pelipper, L50, M|100\/100\n|-weather|RainDance|[from] ability: Drizzle|[of] p1a: Pelipper\n|turn|6\n|\n|t:|1731909888\n|move|p2a: Calypso|Protect|p2a: Calypso\n|-singleturn|p2a: Calypso|Protect\n|move|p2b: Pirate|Protect|p2b: Pirate\n|-singleturn|p2b: Pirate|Protect\n|move|p1b: Annihilape|Close Combat|p2b: Pirate\n|-activate|p2b: Pirate|move: Protect\n|move|p1a: Pelipper|Weather Ball|p2a: Calypso\n|-activate|p2a: Calypso|move: Protect\n|\n|-weather|RainDance|[upkeep]\n|upkeep\n|turn|7\n|inactive|arkjsmith has 30 seconds left.\n|\n|t:|1731909916\n|switch|p2a: Gladys|Torkoal, L50, F|100\/100\n|-weather|SunnyDay|[from] ability: Drought|[of] p2a: Gladys\n|move|p2b: Pirate|Protect||[still]\n|-fail|p2b: Pirate\n|move|p1b: Annihilape|Close Combat|p2b: Pirate\n|-supereffective|p2b: Pirate\n|-damage|p2b: Pirate|0 fnt\n|-unboost|p1b: Annihilape|def|1\n|-unboost|p1b: Annihilape|spd|1\n|faint|p2b: Pirate\n|move|p1a: Pelipper|Weather Ball|p2a: Gladys\n|-resisted|p2a: Gladys\n|-damage|p2a: Gladys|74\/100\n|\n|-weather|SunnyDay|[upkeep]\n|upkeep\n|\n|t:|1731909925\n|switch|p2b: Calypso|Farigiraf, L50, F, shiny|25\/100\n|turn|8\n|inactive|taku4986726 has 30 seconds left.\n|\n|t:|1731909951\n|-terastallize|p1b: Annihilape|Water\n|move|p2b: Calypso|Protect|p2b: Calypso\n|-singleturn|p2b: Calypso|Protect\n|move|p1b: Annihilape|U-turn|p2b: Calypso\n|-activate|p2b: Calypso|move: Protect\n|move|p1a: Pelipper|Weather Ball|p2a: Gladys\n|-resisted|p2a: Gladys\n|-damage|p2a: Gladys|48\/100\n|move|p2a: Gladys|Weather Ball|p1b: Annihilape\n|-resisted|p1b: Annihilape\n|-damage|p1b: Annihilape|18\/100\n|\n|-weather|SunnyDay|[upkeep]\n|upkeep\n|turn|9\n|\n|t:|1731909971\n|move|p1b: Annihilape|Close Combat|p2a: Gladys\n|-damage|p2a: Gladys|0 fnt\n|-unboost|p1b: Annihilape|def|1\n|-unboost|p1b: Annihilape|spd|1\n|faint|p2a: Gladys\n|move|p1a: Pelipper|Weather Ball|p2b: Calypso\n|-damage|p2b: Calypso|0 fnt\n|faint|p2b: Calypso\n|\n|win|taku4986726\n|raw|taku4986726's rating: 1679 &rarr; <strong>1701<\/strong><br \/>(+22 for winning)\n|raw|arkjsmith's rating: 1714 &rarr; <strong>1692<\/strong><br \/>(-22 for losing)\n|l|\u203dtaku4986726\n|player|p1|\n|l|\u2606arkjsmith\n|player|p2|\n|l| DittoTang\n","uploadtime":1731910238,"views":15,"formatid":"gen9vgc2024regh","rating":1692,"private":0,"password":null}