{"id":"gen9vgc2024regh-2246096897","format":"[Gen 9] VGC 2024 Reg H","players":["Tilzy","VGCLTH Sir Aaron"],"log":"|raw|<div class=\"broadcast-blue\"><strong>This battle is required to be public due to a player having a name starting with 'vgclth'.<\/div>\n|j|\u2606Tilzy\n|j|\u2606VGCLTH Sir Aaron\n|t:|1731922531\n|gametype|doubles\n|player|p1|Tilzy|101|1659\n|player|p2|VGCLTH Sir Aaron|red-masters3|1694\n|teamsize|p1|6\n|teamsize|p2|6\n|gen|9\n|tier|[Gen 9] VGC 2024 Reg H\n|rated|\n|rule|Species Clause: Limit one of each Pok\u00e9mon\n|rule|Item Clause: Limit 1 of each item\n|clearpoke\n|poke|p1|Toedscruel, L50, F|\n|poke|p1|Weezing-Galar, L50, F|\n|poke|p1|Corviknight, L50, M|\n|poke|p1|Garchomp, L50, M|\n|poke|p1|Typhlosion-Hisui, L50, F|\n|poke|p1|Palafin, L50, F|\n|poke|p2|Sableye, L50, M|\n|poke|p2|Sylveon, L50, F|\n|poke|p2|Archaludon, L50, M|\n|poke|p2|Volcarona, L50, F|\n|poke|p2|Rillaboom, L50, F|\n|poke|p2|Tauros-Paldea-Aqua, L50, M|\n|teampreview|4\n|c|\u2606Tilzy|lets goooo\n|c|\u2606VGCLTH Sir Aaron|LOL\nTilzy has agreed to open team sheets.\n|j| mr pogostick\nVGCLTH Sir Aaron has agreed to open team sheets.\n|c|\u2606Tilzy|time to get rekt (me)\n|\n|t:|1731922582\n|start\n|switch|p1a: Palafin|Palafin, L50, F|100\/100\n|switch|p1b: Typhlosion|Typhlosion-Hisui, L50, F|100\/100\n|switch|p2a: Snowblind|Sableye, L50, M|100\/100\n|switch|p2b: Shamonerona|Volcarona, L50, F, shiny|100\/100\n|turn|1\n|\n|t:|1731922625\n|detailschange|p1a: Palafin|Palafin-Hero, L50, F\n|switch|p1a: Weezing|Weezing-Galar, L50, F|100\/100\n|-ability|p1a: Weezing|Neutralizing Gas\n|switch|p2a: Koko The Gorythmic|Rillaboom, L50, F|100\/100\n|move|p2b: Shamonerona|Protect|p2b: Shamonerona\n|-singleturn|p2b: Shamonerona|Protect\n|move|p1b: Typhlosion|Eruption|p2b: Shamonerona|[spread] p2a\n|-activate|p2b: Shamonerona|move: Protect\n|-supereffective|p2a: Koko The Gorythmic\n|-damage|p2a: Koko The Gorythmic|6\/100\n|\n|upkeep\n|turn|2\n|j| pazfgvj\n|\n|t:|1731922648\n|move|p2a: Koko The Gorythmic|Fake Out|p1b: Typhlosion\n|-immune|p1b: Typhlosion\n|move|p1b: Typhlosion|Eruption|p2b: Shamonerona|[spread] p2a,p2b\n|-supereffective|p2a: Koko The Gorythmic\n|-damage|p2a: Koko The Gorythmic|0 fnt\n|-damage|p2b: Shamonerona|50\/100\n|faint|p2a: Koko The Gorythmic\n|move|p2b: Shamonerona|Quiver Dance|p2b: Shamonerona\n|-boost|p2b: Shamonerona|spa|1\n|-boost|p2b: Shamonerona|spd|1\n|-boost|p2b: Shamonerona|spe|1\n|move|p1a: Weezing|Dazzling Gleam|p2b: Shamonerona\n|-resisted|p2b: Shamonerona\n|-damage|p2b: Shamonerona|35\/100\n|\n|upkeep\n|\n|t:|1731922653\n|switch|p2a: Bullshifu|Tauros-Paldea-Aqua, L50, M, shiny|100\/100\n|turn|3\n|\n|t:|1731922670\n|move|p1b: Typhlosion|Eruption|p2b: Shamonerona|[spread] p2a,p2b\n|-resisted|p2a: Bullshifu\n|-damage|p2a: Bullshifu|57\/100\n|-damage|p2b: Shamonerona|2\/100\n|move|p2b: Shamonerona|Heat Wave|p1a: Weezing|[spread] p1a,p1b\n|-resisted|p1b: Typhlosion\n|-damage|p1a: Weezing|28\/100\n|-damage|p1b: Typhlosion|62\/100\n|move|p2a: Bullshifu|Wave Crash|p1a: Weezing\n|-damage|p1a: Weezing|0 fnt\n|faint|p1a: Weezing\n|-end|p1a: Weezing|ability: Neutralizing Gas\n|-ability|p2a: Bullshifu|Intimidate|boost\n|-unboost|p1b: Typhlosion|atk|1\n|-damage|p2a: Bullshifu|47\/100|[from] Recoil\n|-damage|p2a: Bullshifu|38\/100|[from] item: Life Orb\n|\n|upkeep\n|\n|t:|1731922678\n|switch|p1a: Corviknight|Corviknight, L50, M|100\/100\n|turn|4\n|\n|t:|1731922698\n|move|p1b: Typhlosion|Eruption|p2a: Bullshifu|[spread] p2a,p2b\n|-resisted|p2a: Bullshifu\n|-damage|p2a: Bullshifu|9\/100\n|-damage|p2b: Shamonerona|0 fnt\n|faint|p2b: Shamonerona\n|move|p2a: Bullshifu|Close Combat|p1a: Corviknight\n|-damage|p1a: Corviknight|41\/100\n|-unboost|p2a: Bullshifu|def|1\n|-unboost|p2a: Bullshifu|spd|1\n|-enditem|p1a: Corviknight|Sitrus Berry|[eat]\n|-heal|p1a: Corviknight|66\/100|[from] item: Sitrus Berry\n|-damage|p2a: Bullshifu|0 fnt|[from] item: Life Orb\n|faint|p2a: Bullshifu\n|move|p1a: Corviknight|Brave Bird|p2: Bullshifu|[notarget]\n|-fail|p1a: Corviknight\n|\n|upkeep\n|c|\u2606VGCLTH Sir Aaron|ggs lol\n|c|\u2606Tilzy|gg\n|\n|t:|1731922720\n|switch|p2a: Snowblind|Sableye, L50, M|100\/100\n|turn|5\n|\n|t:|1731922724\n|switch|p1a: Palafin|Palafin-Hero, L50, F|100\/100\n|-activate|p1a: Palafin|ability: Zero to Hero\n|move|p2a: Snowblind|Disable||[still]\n|-fail|p2a: Snowblind\n|move|p1b: Typhlosion|Eruption|p2a: Snowblind\n|-damage|p2a: Snowblind|29\/100\n|-enditem|p2a: Snowblind|Sitrus Berry|[eat]\n|-heal|p2a: Snowblind|54\/100|[from] item: Sitrus Berry\n|\n|upkeep\n|turn|6\n|\n|t:|1731922734\n|switch|p1b: Corviknight|Corviknight, L50, M|66\/100\n|-terastallize|p1a: Palafin|Water\n|move|p2a: Snowblind|Protect|p2a: Snowblind\n|-singleturn|p2a: Snowblind|Protect\n|move|p1a: Palafin|Wave Crash|p2a: Snowblind\n|-activate|p2a: Snowblind|move: Protect\n|\n|upkeep\n|turn|7\n|\n|t:|1731922743\n|switch|p1a: Typhlosion|Typhlosion-Hisui, L50, F|62\/100\n|move|p2a: Snowblind|Disable||[still]\n|-fail|p2a: Snowblind\n|move|p1b: Corviknight|Brave Bird|p2a: Snowblind\n|-damage|p2a: Snowblind|1\/100\n|-damage|p1b: Corviknight|53\/100|[from] Recoil\n|\n|upkeep\n|turn|8\n|c|\u2606Tilzy|still super annoyng the 1v3 lol\n|-message|VGCLTH Sir Aaron forfeited.\n|\n|win|Tilzy\n|raw|Tilzy's rating: 1659 &rarr; <strong>1681<\/strong><br \/>(+22 for winning)\n|raw|VGCLTH Sir Aaron's rating: 1694 &rarr; <strong>1672<\/strong><br \/>(-22 for losing)\n","uploadtime":1731922756,"views":13,"formatid":"gen9vgc2024regh","rating":1672,"private":0,"password":null}