{"id":"gen9vgc2024regh-2246905024","format":"[Gen 9] VGC 2024 Reg H","players":["MillerH33","Pengpen"],"log":"|j|\u203dMillerH33\n|j|\u2606Pengpen\n|t:|1732027721\n|gametype|doubles\n|player|p1|MillerH33|riley|1706\n|player|p2|Pengpen|170|1644\n|teamsize|p1|6\n|teamsize|p2|6\n|gen|9\n|tier|[Gen 9] VGC 2024 Reg H\n|rated|\n|rule|Species Clause: Limit one of each Pok\u00e9mon\n|rule|Item Clause: Limit 1 of each item\n|clearpoke\n|poke|p1|Garchomp, L50, F|\n|poke|p1|Amoonguss, L50, M|\n|poke|p1|Gholdengo, L50|\n|poke|p1|Kilowattrel, L50, M|\n|poke|p1|Tyranitar, L50, M|\n|poke|p1|Sneasler, L50, F|\n|poke|p2|Grimmsnarl, L50, M|\n|poke|p2|Blaziken, L50, F|\n|poke|p2|Dragonite, L50, F|\n|poke|p2|Gholdengo, L50|\n|poke|p2|Incineroar, L50, F|\n|poke|p2|Corviknight, L50, F|\n|teampreview|4\n|inactive|Battle timer is ON: inactive players will automatically lose when time's up. (requested by MillerH33)\n|inactive|Pengpen has 60 seconds left.\n|\n|t:|1732027783\n|start\n|switch|p1a: Sneasler|Sneasler, L50, F|100\/100\n|switch|p1b: Gholdengo|Gholdengo, L50|100\/100\n|switch|p2a: Grimmsnarl|Grimmsnarl, L50, M, shiny|100\/100\n|switch|p2b: Incineroar|Incineroar, L50, F, shiny|100\/100\n|-ability|p2b: Incineroar|Intimidate|boost\n|-unboost|p1a: Sneasler|atk|1\n|-unboost|p1b: Gholdengo|atk|1\n|-enditem|p1a: Sneasler|White Herb\n|-clearnegativeboost|p1a: Sneasler|[silent]\n|turn|1\n|\n|t:|1732027803\n|move|p1a: Sneasler|Fake Out|p2a: Grimmsnarl\n|-damage|p2a: Grimmsnarl|84\/100\n|-damage|p1a: Sneasler|84\/100|[from] item: Rocky Helmet|[of] p2a: Grimmsnarl\n|cant|p2a: Grimmsnarl|flinch\n|move|p1b: Gholdengo|Make It Rain|p2b: Incineroar|[spread] p2a,p2b\n|-supereffective|p2a: Grimmsnarl\n|-resisted|p2b: Incineroar\n|-damage|p2a: Grimmsnarl|9\/100\n|-damage|p2b: Incineroar|81\/100\n|-unboost|p1b: Gholdengo|spa|1\n|move|p2b: Incineroar|Knock Off|p1b: Gholdengo\n|-supereffective|p1b: Gholdengo\n|-damage|p1b: Gholdengo|37\/100\n|-enditem|p1b: Gholdengo|Leftovers|[from] move: Knock Off|[of] p2b: Incineroar\n|\n|upkeep\n|turn|2\n|inactive|Pengpen has 30 seconds left.\n|\n|t:|1732027835\n|switch|p2b: Gholdengo|Gholdengo, L50|100\/100\n|move|p2a: Grimmsnarl|Parting Shot|p1a: Sneasler\n|-unboost|p1a: Sneasler|atk|1\n|-unboost|p1a: Sneasler|spa|1\n|\n|t:|1732027844\n|switch|p2a: Incineroar|Incineroar, L50, F, shiny|81\/100|[from] Parting Shot\n|-ability|p2a: Incineroar|Intimidate|boost\n|-unboost|p1a: Sneasler|atk|1\n|-unboost|p1b: Gholdengo|atk|1\n|move|p1a: Sneasler|Close Combat|p2b: Gholdengo\n|-immune|p2b: Gholdengo\n|move|p1b: Gholdengo|Nasty Plot|p1b: Gholdengo\n|-boost|p1b: Gholdengo|spa|2\n|\n|upkeep\n|turn|3\n|inactive|Pengpen has 30 seconds left.\n|\n|t:|1732027870\n|switch|p1a: Kilowattrel|Kilowattrel, L50, M|100\/100\n|move|p1b: Gholdengo|Protect|p1b: Gholdengo\n|-singleturn|p1b: Gholdengo|Protect\n|move|p2b: Gholdengo|Shadow Ball|p1b: Gholdengo\n|-activate|p1b: Gholdengo|move: Protect\n|move|p2a: Incineroar|Flare Blitz|p1a: Kilowattrel\n|-damage|p1a: Kilowattrel|9\/100\n|-damage|p2a: Incineroar|59\/100|[from] Recoil\n|\n|upkeep\n|turn|4\n|\n|t:|1732027904\n|move|p2b: Gholdengo|Shadow Ball|p1b: Gholdengo\n|-supereffective|p1b: Gholdengo\n|-damage|p1b: Gholdengo|0 fnt\n|faint|p1b: Gholdengo\n|move|p1a: Kilowattrel|Tailwind|p1a: Kilowattrel\n|-sidestart|p1: MillerH33|move: Tailwind\n|move|p2a: Incineroar|Knock Off|p1a: Kilowattrel\n|-damage|p1a: Kilowattrel|0 fnt\n|-enditem|p1a: Kilowattrel|Focus Sash|[from] move: Knock Off|[of] p2a: Incineroar\n|faint|p1a: Kilowattrel\n|\n|upkeep\n|\n|t:|1732027908\n|switch|p1a: Sneasler|Sneasler, L50, F|84\/100\n|switch|p1b: Garchomp|Garchomp, L50, F|100\/100\n|turn|5\n|inactive|Pengpen has 30 seconds left.\n|inactive|Pengpen has 20 seconds left.\n|\n|t:|1732027945\n|switch|p2a: Grimmsnarl|Grimmsnarl, L50, M, shiny|9\/100\n|-terastallize|p1a: Sneasler|Flying\n|move|p1a: Sneasler|Fake Out|p2b: Gholdengo\n|-immune|p2b: Gholdengo\n|move|p1b: Garchomp|Earthquake|p2b: Gholdengo|[spread] p2a,p2b\n|-immune|p1a: Sneasler\n|-supereffective|p2b: Gholdengo\n|-damage|p2a: Grimmsnarl|0 fnt\n|-damage|p2b: Gholdengo|0 fnt\n|faint|p2a: Grimmsnarl\n|faint|p2b: Gholdengo\n|-damage|p1b: Garchomp|91\/100|[from] item: Life Orb\n|\n|upkeep\n|\n|t:|1732027960\n|switch|p2b: Incineroar|Incineroar, L50, F, shiny|59\/100\n|switch|p2a: Dragonite|Dragonite, L50, F, shiny|100\/100\n|-ability|p2b: Incineroar|Intimidate|boost\n|-unboost|p1a: Sneasler|atk|1\n|-unboost|p1b: Garchomp|atk|1\n|turn|6\n|inactive|Pengpen has 30 seconds left.\n|\n|t:|1732027987\n|move|p1a: Sneasler|Protect|p1a: Sneasler\n|-singleturn|p1a: Sneasler|Protect\n|move|p1b: Garchomp|Protect|p1b: Garchomp\n|-singleturn|p1b: Garchomp|Protect\n|move|p2b: Incineroar|Fake Out|p1b: Garchomp\n|-activate|p1b: Garchomp|move: Protect\n|move|p2a: Dragonite|Thunder Punch|p1a: Sneasler\n|-activate|p1a: Sneasler|move: Protect\n|\n|upkeep\n|turn|7\n|inactive|Pengpen has 30 seconds left.\n|inactive|Pengpen has 20 seconds left.\n|\n|t:|1732028023\n|-terastallize|p2b: Incineroar|Ghost\n|move|p1a: Sneasler|Dire Claw|p2a: Dragonite\n|-damage|p2a: Dragonite|83\/100\n|move|p1b: Garchomp|Earthquake|p2b: Incineroar|[spread] p2b\n|-immune|p1a: Sneasler\n|-immune|p2a: Dragonite\n|-damage|p2b: Incineroar|33\/100\n|-damage|p1b: Garchomp|81\/100|[from] item: Life Orb\n|move|p2a: Dragonite|Thunder Punch|p1a: Sneasler\n|-supereffective|p1a: Sneasler\n|-damage|p1a: Sneasler|0 fnt\n|faint|p1a: Sneasler\n|move|p2b: Incineroar|Knock Off|p1b: Garchomp\n|-damage|p1b: Garchomp|43\/100\n|-damage|p2b: Incineroar|21\/100|[from] ability: Rough Skin|[of] p1b: Garchomp\n|-enditem|p1b: Garchomp|Life Orb|[from] move: Knock Off|[of] p2b: Incineroar\n|-enditem|p2b: Incineroar|Aguav Berry|[eat]\n|-heal|p2b: Incineroar|54\/100|[from] item: Aguav Berry\n|\n|-sideend|p1: MillerH33|move: Tailwind\n|upkeep\n|turn|8\n|inactive|Pengpen has 30 seconds left.\n|j| jumbojoshenjoyer\n|inactive|Pengpen has 20 seconds left.\n|\n|t:|1732028059\n|move|p2a: Dragonite|Extreme Speed|p1b: Garchomp\n|-damage|p1b: Garchomp|16\/100\n|-damage|p2a: Dragonite|71\/100|[from] ability: Rough Skin|[of] p1b: Garchomp\n|move|p1b: Garchomp|Dragon Claw|p2a: Dragonite\n|-supereffective|p2a: Dragonite\n|-damage|p2a: Dragonite|6\/100\n|move|p2b: Incineroar|Knock Off|p1b: Garchomp\n|-damage|p1b: Garchomp|0 fnt\n|-damage|p2b: Incineroar|42\/100|[from] ability: Rough Skin|[of] p1b: Garchomp\n|faint|p1b: Garchomp\n|\n|win|Pengpen\n|raw|MillerH33's rating: 1706 &rarr; <strong>1682<\/strong><br \/>(-24 for losing)\n|raw|Pengpen's rating: 1644 &rarr; <strong>1668<\/strong><br \/>(+24 for winning)\n|l|\u203dMillerH33\n|player|p1|\n|l| jumbojoshenjoyer\n|l|\u2606Pengpen\n|player|p2|\n","uploadtime":1732028198,"views":16,"formatid":"gen9vgc2024regh","rating":1668,"private":0,"password":null}