{"id":"gen9vgc2024regh-2246880769","format":"[Gen 9] VGC 2024 Reg H","players":["spaccas","Starbai"],"log":"|j|\u2606spaccas\n|j|\u2606Starbai\n|t:|1732025149\n|gametype|doubles\n|player|p1|spaccas|102|1708\n|player|p2|Starbai|266|1681\n|teamsize|p1|6\n|teamsize|p2|6\n|gen|9\n|tier|[Gen 9] VGC 2024 Reg H\n|rated|\n|rule|Species Clause: Limit one of each Pok\u00e9mon\n|rule|Item Clause: Limit 1 of each item\n|clearpoke\n|poke|p1|Archaludon, L50, M|\n|poke|p1|Pelipper, L50, M|\n|poke|p1|Basculegion, L50, M|\n|poke|p1|Salamence, L50, M|\n|poke|p1|Dondozo, L50, F|\n|poke|p1|Tatsugiri, L50, M|\n|poke|p2|Sneasler, L50, F|\n|poke|p2|Dondozo, L50, F|\n|poke|p2|Baxcalibur, L50, M|\n|poke|p2|Volcarona, L50, M|\n|poke|p2|Kingambit, L50, M|\n|poke|p2|Rillaboom, L50, F|\n|teampreview|4\n|inactive|Battle timer is ON: inactive players will automatically lose when time's up. (requested by spaccas)\n|j| AccIsKill\n|\n|t:|1732025176\n|start\n|switch|p1a: Basculegion|Basculegion, L50, M|100\/100\n|switch|p1b: Salamence|Salamence, L50, M|100\/100\n|switch|p2a: Sneasler|Sneasler, L50, F|100\/100\n|switch|p2b: Baxcalibur|Baxcalibur, L50, M|100\/100\n|-ability|p1b: Salamence|Intimidate|boost\n|-unboost|p2a: Sneasler|atk|1\n|-unboost|p2b: Baxcalibur|atk|1\n|turn|1\n|inactive|Starbai has 30 seconds left.\n|\n|t:|1732025206\n|switch|p1b: Archaludon|Archaludon, L50, M|100\/100\n|move|p2b: Baxcalibur|Protect|p2b: Baxcalibur\n|-singleturn|p2b: Baxcalibur|Protect\n|move|p1a: Basculegion|Flip Turn|p2a: Sneasler\n|-damage|p2a: Sneasler|37\/100\n|\n|t:|1732025213\n|switch|p1a: Salamence|Salamence, L50, M|100\/100|[from] Flip Turn\n|-ability|p1a: Salamence|Intimidate|boost\n|-unboost|p2a: Sneasler|atk|1\n|-unboost|p2b: Baxcalibur|atk|1\n|move|p2a: Sneasler|Coaching|p2b: Baxcalibur\n|-boost|p2b: Baxcalibur|atk|1\n|-boost|p2b: Baxcalibur|def|1\n|\n|upkeep\n|turn|2\n|\n|t:|1732025228\n|switch|p2a: Dondozo|Dondozo, L50, F|100\/100\n|switch|p1a: Pelipper|Pelipper, L50, M|100\/100\n|-weather|RainDance|[from] ability: Drizzle|[of] p1a: Pelipper\n|-terastallize|p2b: Baxcalibur|Ghost\n|-terastallize|p1b: Archaludon|Bug\n|move|p2b: Baxcalibur|Scale Shot|p1a: Pelipper\n|-damage|p1a: Pelipper|89\/100\n|-damage|p1a: Pelipper|77\/100\n|-damage|p1a: Pelipper|65\/100\n|-damage|p1a: Pelipper|54\/100\n|-hitcount|p1a: Pelipper|4\n|-unboost|p2b: Baxcalibur|def|1\n|-boost|p2b: Baxcalibur|spe|1\n|move|p1b: Archaludon|Electro Shot||[still]\n|-prepare|p1b: Archaludon|Electro Shot\n|-boost|p1b: Archaludon|spa|1\n|-anim|p1b: Archaludon|Electro Shot|p2a: Dondozo\n|-supereffective|p2a: Dondozo\n|-damage|p2a: Dondozo|35\/100\n|\n|-weather|RainDance|[upkeep]\n|-heal|p2a: Dondozo|41\/100|[from] item: Leftovers\n|upkeep\n|turn|3\n|inactive|spaccas has 30 seconds left.\n|inactive|Starbai has 30 seconds left.\n|\n|t:|1732025263\n|move|p2b: Baxcalibur|Protect|p2b: Baxcalibur\n|-singleturn|p2b: Baxcalibur|Protect\n|move|p2a: Dondozo|Protect|p2a: Dondozo\n|-singleturn|p2a: Dondozo|Protect\n|move|p1b: Archaludon|Electro Shot||[still]\n|-prepare|p1b: Archaludon|Electro Shot\n|-boost|p1b: Archaludon|spa|1\n|-anim|p1b: Archaludon|Electro Shot|p2a: Dondozo\n|-activate|p2a: Dondozo|move: Protect\n|move|p1a: Pelipper|Weather Ball|p2b: Baxcalibur\n|-activate|p2b: Baxcalibur|move: Protect\n|\n|-weather|RainDance|[upkeep]\n|-heal|p2a: Dondozo|47\/100|[from] item: Leftovers\n|upkeep\n|turn|4\n|\n|t:|1732025291\n|switch|p2a: Rillaboom|Rillaboom, L50, F|100\/100\n|-fieldstart|move: Grassy Terrain|[from] ability: Grassy Surge|[of] p2a: Rillaboom\n|move|p2b: Baxcalibur|Icicle Spear|p1a: Pelipper\n|-damage|p1a: Pelipper|41\/100\n|-damage|p1a: Pelipper|30\/100\n|-damage|p1a: Pelipper|17\/100\n|-damage|p1a: Pelipper|6\/100\n|-damage|p1a: Pelipper|0 fnt\n|faint|p1a: Pelipper\n|-hitcount|p1: Pelipper|5\n|move|p1b: Archaludon|Electro Shot||[still]\n|-prepare|p1b: Archaludon|Electro Shot\n|-boost|p1b: Archaludon|spa|1\n|-anim|p1b: Archaludon|Electro Shot|p2a: Rillaboom\n|-resisted|p2a: Rillaboom\n|-damage|p2a: Rillaboom|58\/100\n|\n|-weather|RainDance|[upkeep]\n|-heal|p2a: Rillaboom|64\/100|[from] Grassy Terrain\n|upkeep\n|\n|t:|1732025298\n|switch|p1a: Salamence|Salamence, L50, M|100\/100\n|-ability|p1a: Salamence|Intimidate|boost\n|-unboost|p2a: Rillaboom|atk|1\n|-unboost|p2b: Baxcalibur|atk|1\n|turn|5\n|inactive|Starbai has 30 seconds left.\n|\n|t:|1732025323\n|move|p1a: Salamence|Protect|p1a: Salamence\n|-singleturn|p1a: Salamence|Protect\n|move|p2a: Rillaboom|Fake Out|p1a: Salamence\n|-activate|p1a: Salamence|move: Protect\n|move|p2b: Baxcalibur|Icicle Spear|p1a: Salamence\n|-activate|p1a: Salamence|move: Protect\n|move|p1b: Archaludon|Electro Shot||[still]\n|-prepare|p1b: Archaludon|Electro Shot\n|-boost|p1b: Archaludon|spa|1\n|-anim|p1b: Archaludon|Electro Shot|p2b: Baxcalibur\n|-damage|p2b: Baxcalibur|0 fnt\n|faint|p2b: Baxcalibur\n|\n|-weather|RainDance|[upkeep]\n|-heal|p2a: Rillaboom|70\/100|[from] Grassy Terrain\n|upkeep\n|\n|t:|1732025332\n|switch|p2b: Sneasler|Sneasler, L50, F|37\/100\n|turn|6\n|\n|t:|1732025349\n|move|p2b: Sneasler|Dire Claw|p1b: Archaludon\n|-damage|p1b: Archaludon|71\/100\n|-status|p1b: Archaludon|slp\n|-ability|p1b: Archaludon|Stamina|boost\n|-boost|p1b: Archaludon|def|1\n|move|p1a: Salamence|Tailwind|p1a: Salamence\n|-sidestart|p1: spaccas|move: Tailwind\n|cant|p1b: Archaludon|slp\n|move|p2a: Rillaboom|Wood Hammer|p1a: Salamence\n|-resisted|p1a: Salamence\n|-damage|p1a: Salamence|83\/100\n|-damage|p2a: Rillaboom|65\/100|[from] Recoil\n|\n|-weather|RainDance|[upkeep]\n|-heal|p1b: Archaludon|76\/100 slp|[from] Grassy Terrain\n|-heal|p2b: Sneasler|43\/100|[from] Grassy Terrain\n|-heal|p2a: Rillaboom|70\/100|[from] Grassy Terrain\n|upkeep\n|turn|7\n|inactive|Starbai has 30 seconds left.\n|\n|t:|1732025374\n|switch|p2a: Dondozo|Dondozo, L50, F|47\/100\n|move|p1a: Salamence|Air Slash|p2b: Sneasler\n|-supereffective|p2b: Sneasler\n|-damage|p2b: Sneasler|0 fnt\n|faint|p2b: Sneasler\n|-curestatus|p1b: Archaludon|slp|[msg]\n|move|p1b: Archaludon|Dragon Pulse|p2a: Dondozo\n|-damage|p2a: Dondozo|11\/100\n|\n|-weather|RainDance|[upkeep]\n|-heal|p1b: Archaludon|82\/100|[from] Grassy Terrain\n|-heal|p2a: Dondozo|17\/100|[from] Grassy Terrain\n|-heal|p2a: Dondozo|23\/100|[from] item: Leftovers\n|upkeep\n|\n|t:|1732025378\n|switch|p2b: Rillaboom|Rillaboom, L50, F|70\/100\n|turn|8\n|\n|t:|1732025386\n|move|p2b: Rillaboom|Fake Out|p1b: Archaludon\n|-damage|p1b: Archaludon|74\/100\n|-ability|p1b: Archaludon|Stamina|boost\n|-boost|p1b: Archaludon|def|1\n|move|p1a: Salamence|Draco Meteor|p2a: Dondozo\n|-damage|p2a: Dondozo|0 fnt\n|-unboost|p1a: Salamence|spa|2\n|faint|p2a: Dondozo\n|cant|p1b: Archaludon|flinch\n|\n|-weather|RainDance|[upkeep]\n|-heal|p1b: Archaludon|80\/100|[from] Grassy Terrain\n|-heal|p2b: Rillaboom|76\/100|[from] Grassy Terrain\n|-fieldend|move: Grassy Terrain\n|upkeep\n|turn|9\n|-message|Starbai forfeited.\n|\n|win|spaccas\n|raw|spaccas's rating: 1708 &rarr; <strong>1726<\/strong><br \/>(+18 for winning)\n|raw|Starbai's rating: 1681 &rarr; <strong>1663<\/strong><br \/>(-18 for losing)\n|l|\u2606Starbai\n|player|p2|\n|l|\u2606spaccas\n|player|p1|\n|l| AccIsKill\n","uploadtime":1732025539,"views":15,"formatid":"gen9vgc2024regh","rating":1663,"private":0,"password":null}