{"id":"gen9vgc2024regh-2246192909","format":"[Gen 9] VGC 2024 Reg H","players":["VGCLTH Oinge","tex771"],"log":"|raw|<div class=\"broadcast-blue\"><strong>This battle is required to be public due to a player having a name starting with 'vgclth'.<\/div>\n|j|\u2606VGCLTH Oinge\n|j|\u2606tex771\n|t:|1731937510\n|gametype|doubles\n|player|p1|VGCLTH Oinge|mars|1700\n|player|p2|tex771|101|1732\n|teamsize|p1|6\n|teamsize|p2|6\n|gen|9\n|tier|[Gen 9] VGC 2024 Reg H\n|rated|\n|rule|Species Clause: Limit one of each Pok\u00e9mon\n|rule|Item Clause: Limit 1 of each item\n|clearpoke\n|poke|p1|Armarouge, L50, F|\n|poke|p1|Maushold-Four, L50|\n|poke|p1|Indeedee-F, L50, F|\n|poke|p1|Rillaboom, L50, M|\n|poke|p1|Gholdengo, L50|\n|poke|p1|Dragonite, L50, F|\n|poke|p2|Archaludon, L50, M|\n|poke|p2|Annihilape, L50, M|\n|poke|p2|Whimsicott, L50, M|\n|poke|p2|Ninetales-Alola, L50, M|\n|poke|p2|Indeedee, L50, M|\n|poke|p2|Armarouge, L50, M|\n|teampreview|4\n|inactive|Battle timer is ON: inactive players will automatically lose when time's up. (requested by tex771)\n|j| igrefasa\n|inactive|tex771 has 60 seconds left.\n|inactive|tex771 has 30 seconds left.\n|\n|t:|1731937586\n|start\n|switch|p1a: Maushold|Maushold-Four, L50|100\/100\n|switch|p1b: Armarouge|Armarouge, L50, F|100\/100\n|switch|p2a: Annihilape|Annihilape, L50, M|100\/100\n|switch|p2b: Whimsicott|Whimsicott, L50, M, shiny|100\/100\n|turn|1\n|\n|t:|1731937599\n|move|p1b: Armarouge|Endure|p1b: Armarouge\n|-singleturn|p1b: Armarouge|move: Endure\n|move|p2b: Whimsicott|Tailwind|p2b: Whimsicott\n|-sidestart|p2: tex771|move: Tailwind\n|move|p2a: Annihilape|Final Gambit|p1b: Armarouge\n|-activate|p1b: Armarouge|move: Endure\n|-damage|p1b: Armarouge|1\/100\n|faint|p2a: Annihilape\n|move|p1a: Maushold|Beat Up|p1b: Armarouge\n|-supereffective|p1b: Armarouge\n|-activate|p1b: Armarouge|move: Endure\n|-damage|p1b: Armarouge|1\/100\n|-ability|p1b: Armarouge|Weak Armor|boost\n|-unboost|p1b: Armarouge|def|1\n|-boost|p1b: Armarouge|spe|2\n|-enditem|p1b: Armarouge|Weakness Policy\n|-boost|p1b: Armarouge|atk|2|[from] item: Weakness Policy\n|-boost|p1b: Armarouge|spa|2|[from] item: Weakness Policy\n|-supereffective|p1b: Armarouge\n|-activate|p1b: Armarouge|move: Endure\n|-damage|p1b: Armarouge|1\/100\n|-ability|p1b: Armarouge|Weak Armor|boost\n|-unboost|p1b: Armarouge|def|1\n|-boost|p1b: Armarouge|spe|2\n|-supereffective|p1b: Armarouge\n|-activate|p1b: Armarouge|move: Endure\n|-damage|p1b: Armarouge|1\/100\n|-ability|p1b: Armarouge|Weak Armor|boost\n|-unboost|p1b: Armarouge|def|1\n|-boost|p1b: Armarouge|spe|2\n|-supereffective|p1b: Armarouge\n|-activate|p1b: Armarouge|move: Endure\n|-damage|p1b: Armarouge|1\/100\n|-ability|p1b: Armarouge|Weak Armor|boost\n|-unboost|p1b: Armarouge|def|1\n|-hitcount|p1b: Armarouge|4\n|\n|upkeep\n|\n|t:|1731937609\n|switch|p2a: Archaludon|Archaludon, L50, M|100\/100\n|turn|2\n|\n|t:|1731937632\n|move|p1a: Maushold|Follow Me|p1a: Maushold\n|-singleturn|p1a: Maushold|move: Follow Me\n|move|p1b: Armarouge|Heat Wave|p2b: Whimsicott|[spread] p2b\n|-miss|p1b: Armarouge|p2a: Archaludon\n|-supereffective|p2b: Whimsicott\n|-enditem|p2b: Whimsicott|Focus Sash\n|-damage|p2b: Whimsicott|1\/100\n|move|p2b: Whimsicott|Moonblast|p1a: Maushold\n|-damage|p1a: Maushold|60\/100\n|move|p2a: Archaludon|Snarl|p1a: Maushold|[spread] p1a,p1b\n|-supereffective|p1b: Armarouge\n|-damage|p1a: Maushold|42\/100\n|-damage|p1b: Armarouge|0 fnt\n|-unboost|p1a: Maushold|spa|1\n|faint|p1b: Armarouge\n|\n|upkeep\n|\n|t:|1731937648\n|switch|p1b: Gholdengo|Gholdengo, L50|100\/100\n|turn|3\n|\n|t:|1731937664\n|switch|p1a: Rillaboom|Rillaboom, L50, M|100\/100\n|-fieldstart|move: Grassy Terrain|[from] ability: Grassy Surge|[of] p1a: Rillaboom\n|move|p1b: Gholdengo|Protect|p1b: Gholdengo\n|-singleturn|p1b: Gholdengo|Protect\n|move|p2b: Whimsicott|Moonblast|p1a: Rillaboom\n|-damage|p1a: Rillaboom|75\/100\n|-unboost|p1a: Rillaboom|spa|1\n|move|p2a: Archaludon|Snarl|p1b: Gholdengo|[spread] p1a\n|-activate|p1b: Gholdengo|move: Protect\n|-damage|p1a: Rillaboom|66\/100\n|-unboost|p1a: Rillaboom|spa|1\n|\n|-heal|p2b: Whimsicott|7\/100|[from] Grassy Terrain\n|-heal|p1a: Rillaboom|72\/100|[from] Grassy Terrain\n|upkeep\n|turn|4\n|inactive|tex771 has 30 seconds left.\n|inactive|tex771 has 20 seconds left.\n|\n|t:|1731937699\n|move|p2b: Whimsicott|Misty Terrain|p2b: Whimsicott\n|-fieldstart|move: Misty Terrain\n|move|p2a: Archaludon|Snarl|p1a: Rillaboom|[spread] p1b\n|-miss|p2a: Archaludon|p1a: Rillaboom\n|-supereffective|p1b: Gholdengo\n|-damage|p1b: Gholdengo|75\/100\n|-unboost|p1b: Gholdengo|spa|1\n|move|p1b: Gholdengo|Nasty Plot|p1b: Gholdengo\n|-boost|p1b: Gholdengo|spa|2\n|move|p1a: Rillaboom|Grassy Glide|p2b: Whimsicott\n|-resisted|p2b: Whimsicott\n|-damage|p2b: Whimsicott|0 fnt\n|faint|p2b: Whimsicott\n|\n|-heal|p1b: Gholdengo|81\/100|[from] item: Leftovers\n|-sideend|p2: tex771|move: Tailwind\n|upkeep\n|\n|t:|1731937709\n|switch|p2b: Ninetales|Ninetales-Alola, L50, M|100\/100\n|-weather|Snow|[from] ability: Snow Warning|[of] p2b: Ninetales\n|turn|5\n|inactive|VGCLTH Oinge has 30 seconds left.\n|inactive|VGCLTH Oinge has 20 seconds left.\n|\n|t:|1731937748\n|-terastallize|p2b: Ninetales|Water\n|-terastallize|p1a: Rillaboom|Fighting\n|move|p2b: Ninetales|Blizzard|p1b: Gholdengo|[spread] p1a,p1b\n|-resisted|p1b: Gholdengo\n|-damage|p1a: Rillaboom|38\/100\n|-damage|p1b: Gholdengo|56\/100\n|move|p1b: Gholdengo|Shadow Ball|p2a: Archaludon\n|-damage|p2a: Archaludon|52\/100\n|-ability|p2a: Archaludon|Stamina|boost\n|-boost|p2a: Archaludon|def|1\n|move|p2a: Archaludon|Snarl|p1a: Rillaboom|[spread] p1a,p1b\n|-resisted|p1a: Rillaboom\n|-supereffective|p1b: Gholdengo\n|-damage|p1a: Rillaboom|34\/100\n|-damage|p1b: Gholdengo|31\/100\n|-unboost|p1a: Rillaboom|spa|1\n|-unboost|p1b: Gholdengo|spa|1\n|move|p1a: Rillaboom|Brick Break|p2a: Archaludon\n|-supereffective|p2a: Archaludon\n|-damage|p2a: Archaludon|12\/100\n|-ability|p2a: Archaludon|Stamina|boost\n|-boost|p2a: Archaludon|def|1\n|\n|-weather|Snow|[upkeep]\n|-heal|p1b: Gholdengo|37\/100|[from] item: Leftovers\n|upkeep\n|turn|6\n|j| Winieska Rambulera\n|inactive|VGCLTH Oinge has 30 seconds left.\n|\n|t:|1731937778\n|switch|p1a: Maushold|Maushold-Four, L50|42\/100\n|move|p2b: Ninetales|Blizzard|p1a: Maushold|[spread] p1a,p1b\n|-resisted|p1b: Gholdengo\n|-damage|p1a: Maushold|0 fnt\n|-damage|p1b: Gholdengo|19\/100\n|faint|p1a: Maushold\n|move|p1b: Gholdengo|Make It Rain|p2b: Ninetales|[spread] p2a,p2b\n|-resisted|p2a: Archaludon\n|-resisted|p2b: Ninetales\n|-damage|p2a: Archaludon|0 fnt\n|-damage|p2b: Ninetales|72\/100\n|-unboost|p1b: Gholdengo|spa|1\n|faint|p2a: Archaludon\n|\n|-weather|Snow|[upkeep]\n|-heal|p1b: Gholdengo|25\/100|[from] item: Leftovers\n|upkeep\n|\n|t:|1731937787\n|switch|p1a: Rillaboom|Rillaboom, L50, M, tera:Fighting|34\/100\n|-fieldstart|move: Grassy Terrain|[from] ability: Grassy Surge|[of] p1a: Rillaboom\n|turn|7\n|\n|t:|1731937800\n|move|p1a: Rillaboom|Grassy Glide|p2b: Ninetales\n|-supereffective|p2b: Ninetales\n|-damage|p2b: Ninetales|0 fnt\n|faint|p2b: Ninetales\n|\n|win|VGCLTH Oinge\n|raw|VGCLTH Oinge's rating: 1700 &rarr; <strong>1722<\/strong><br \/>(+22 for winning)\n|raw|tex771's rating: 1732 &rarr; <strong>1710<\/strong><br \/>(-22 for losing)\n|l|\u2606tex771\n|player|p2|\n|l|\u2606VGCLTH Oinge\n|player|p1|\n","uploadtime":1731938028,"views":21,"formatid":"gen9vgc2024regh","rating":1710,"private":0,"password":null}