{"id":"gen9vgc2024regh-2246528080","format":"[Gen 9] VGC 2024 Reg H","players":["VGCLTH Oinge","Emirnent"],"log":"|j|\u2606VGCLTH Oinge\n|j|\u2606Emirnent\n|t:|1731971924\n|gametype|doubles\n|player|p1|VGCLTH Oinge|mars|1804\n|player|p2|Emirnent|102|1746\n|teamsize|p1|6\n|teamsize|p2|6\n|gen|9\n|tier|[Gen 9] VGC 2024 Reg H\n|rated|\n|rule|Species Clause: Limit one of each Pok\u00e9mon\n|rule|Item Clause: Limit 1 of each item\n|clearpoke\n|poke|p1|Armarouge, L50, M|\n|poke|p1|Maushold-Four, L50|\n|poke|p1|Indeedee-F, L50, F|\n|poke|p1|Gholdengo, L50|\n|poke|p1|Dragonite, L50, F|\n|poke|p1|Flamigo, L50, F|\n|poke|p2|Ninetales-Alola, L50, M|\n|poke|p2|Glaceon, L50, F|\n|poke|p2|Indeedee, L50, M|\n|poke|p2|Sneasler, L50, F|\n|poke|p2|Garchomp, L50, F|\n|poke|p2|Incineroar, L50, F|\n|teampreview|4\n|inactive|Battle timer is ON: inactive players will automatically lose when time's up. (requested by Emirnent)\n|inactive|VGCLTH Oinge has 60 seconds left.\n|inactive|Emirnent has 60 seconds left.\n|\n|t:|1731971976\n|start\n|switch|p1a: Maushold|Maushold-Four, L50|100\/100\n|switch|p1b: Armarouge|Armarouge, L50, M|100\/100\n|switch|p2a: Indeedee|Indeedee, L50, M|100\/100\n|switch|p2b: Incineroar|Incineroar, L50, F|100\/100\n|-fieldstart|move: Psychic Terrain|[from] ability: Psychic Surge|[of] p2a: Indeedee\n|-ability|p2b: Incineroar|Intimidate|boost\n|-unboost|p1a: Maushold|atk|1\n|-unboost|p1b: Armarouge|atk|1\n|turn|1\n|inactive|VGCLTH Oinge has 30 seconds left.\n|inactive|Emirnent has 30 seconds left.\n|inactive|VGCLTH Oinge has 20 seconds left.\n|\n|t:|1731972016\n|switch|p2a: Garchomp|Garchomp, L50, F|100\/100\n|move|p1b: Armarouge|Endure|p1b: Armarouge\n|-singleturn|p1b: Armarouge|move: Endure\n|move|p1a: Maushold|Beat Up|p1b: Armarouge\n|-supereffective|p1b: Armarouge\n|-damage|p1b: Armarouge|98\/100\n|-ability|p1b: Armarouge|Weak Armor|boost\n|-unboost|p1b: Armarouge|def|1\n|-boost|p1b: Armarouge|spe|2\n|-enditem|p1b: Armarouge|Weakness Policy\n|-boost|p1b: Armarouge|atk|2|[from] item: Weakness Policy\n|-boost|p1b: Armarouge|spa|2|[from] item: Weakness Policy\n|-supereffective|p1b: Armarouge\n|-damage|p1b: Armarouge|95\/100\n|-ability|p1b: Armarouge|Weak Armor|boost\n|-unboost|p1b: Armarouge|def|1\n|-boost|p1b: Armarouge|spe|2\n|-supereffective|p1b: Armarouge\n|-damage|p1b: Armarouge|91\/100\n|-ability|p1b: Armarouge|Weak Armor|boost\n|-unboost|p1b: Armarouge|def|1\n|-boost|p1b: Armarouge|spe|2\n|-supereffective|p1b: Armarouge\n|-damage|p1b: Armarouge|84\/100\n|-ability|p1b: Armarouge|Weak Armor|boost\n|-unboost|p1b: Armarouge|def|1\n|-hitcount|p1b: Armarouge|4\n|move|p2b: Incineroar|Knock Off|p1a: Maushold\n|-damage|p1a: Maushold|55\/100\n|-enditem|p1a: Maushold|Focus Sash|[from] move: Knock Off|[of] p2b: Incineroar\n|\n|upkeep\n|turn|2\n|inactive|VGCLTH Oinge has 30 seconds left.\n|inactive|Emirnent has 30 seconds left.\n|inactive|VGCLTH Oinge has 20 seconds left.\n|inactive|Emirnent has 20 seconds left.\n|\n|t:|1731972054\n|-terastallize|p2a: Garchomp|Steel\n|move|p1a: Maushold|Follow Me|p1a: Maushold\n|-singleturn|p1a: Maushold|move: Follow Me\n|move|p1b: Armarouge|Stored Power|p2a: Garchomp\n|-resisted|p2a: Garchomp\n|-damage|p2a: Garchomp|0 fnt\n|faint|p2a: Garchomp\n|move|p2b: Incineroar|Knock Off|p1a: Maushold\n|-damage|p1a: Maushold|20\/100\n|\n|upkeep\n|\n|t:|1731972064\n|switch|p2a: Sneasler|Sneasler, L50, F|100\/100\n|-enditem|p2a: Sneasler|Psychic Seed\n|-boost|p2a: Sneasler|spd|1|[from] item: Psychic Seed\n|turn|3\n|\n|t:|1731972080\n|move|p1a: Maushold|Follow Me|p1a: Maushold\n|-singleturn|p1a: Maushold|move: Follow Me\n|move|p1b: Armarouge|Expanding Force|p2a: Sneasler|[spread] p2a\n|-immune|p2b: Incineroar\n|-supereffective|p2a: Sneasler\n|-damage|p2a: Sneasler|0 fnt\n|faint|p2a: Sneasler\n|move|p2b: Incineroar|Knock Off|p1a: Maushold\n|-damage|p1a: Maushold|0 fnt\n|faint|p1a: Maushold\n|\n|upkeep\n|\n|t:|1731972089\n|switch|p1a: Flamigo|Flamigo, L50, F|100\/100\n|switch|p2a: Indeedee|Indeedee, L50, M|100\/100\n|turn|4\n|\n|t:|1731972106\n|-terastallize|p1a: Flamigo|Steel\n|move|p1b: Armarouge|Heat Wave|p2b: Incineroar|[spread] p2a,p2b\n|-resisted|p2b: Incineroar\n|-damage|p2a: Indeedee|1\/100\n|-damage|p2b: Incineroar|79\/100\n|move|p1a: Flamigo|Close Combat|p2b: Incineroar\n|-supereffective|p2b: Incineroar\n|-damage|p2b: Incineroar|0 fnt\n|-unboost|p1a: Flamigo|def|1\n|-unboost|p1a: Flamigo|spd|1\n|faint|p2b: Incineroar\n|move|p2a: Indeedee|Expanding Force|p1b: Armarouge|[spread] p1a,p1b\n|-resisted|p1a: Flamigo\n|-resisted|p1b: Armarouge\n|-crit|p1b: Armarouge\n|-damage|p1a: Flamigo|38\/100\n|-damage|p1b: Armarouge|40\/100\n|\n|upkeep\n|turn|5\n|-message|Emirnent forfeited.\n|\n|win|VGCLTH Oinge\n|raw|VGCLTH Oinge's rating: 1804 &rarr; <strong>1821<\/strong><br \/>(+17 for winning)\n|raw|Emirnent's rating: 1746 &rarr; <strong>1729<\/strong><br \/>(-17 for losing)\n|l|\u2606Emirnent\n|player|p2|\n|l|\u2606VGCLTH Oinge\n|player|p1|\n|j| randomuser0000\n","uploadtime":1731972310,"views":15,"formatid":"gen9vgc2024regh","rating":1729,"private":0,"password":null}