{"id":"gen9vgc2024regh-2246475905","format":"[Gen 9] VGC 2024 Reg H","players":["vgclth terran","zp90"],"log":"|raw|<div class=\"broadcast-blue\"><strong>This battle is required to be public due to a player having a name starting with 'vgclth'.<\/div>\n|j|\u2606vgclth terran\n|j|\u2606zp90\n|t:|1731965961\n|gametype|doubles\n|player|p1|vgclth terran|worker-gen4|1737\n|player|p2|zp90|giovanni|1805\n|teamsize|p1|6\n|teamsize|p2|6\n|gen|9\n|tier|[Gen 9] VGC 2024 Reg H\n|rated|\n|rule|Species Clause: Limit one of each Pok\u00e9mon\n|rule|Item Clause: Limit 1 of each item\n|clearpoke\n|poke|p1|Ninetales-Alola, L50, M|\n|poke|p1|Rillaboom, L50, F|\n|poke|p1|Magmar, L50, M|\n|poke|p1|Sneasler, L50, M|\n|poke|p1|Kingambit, L50, F|\n|poke|p1|Basculegion, L50, M|\n|poke|p2|Gholdengo, L50|\n|poke|p2|Sneasler, L50, M|\n|poke|p2|Garchomp, L50, M|\n|poke|p2|Tauros-Paldea-Aqua, L50, M|\n|poke|p2|Sinistcha-Masterpiece, L50|\n|poke|p2|Dragonite, L50, M|\n|teampreview|4\n|inactive|Battle timer is ON: inactive players will automatically lose when time's up. (requested by zp90)\n|\n|t:|1731965988\n|start\n|switch|p1a: Ninetales|Ninetales-Alola, L50, M|100\/100\n|switch|p1b: Kingambit|Kingambit, L50, F|100\/100\n|switch|p2a: Sneasler|Sneasler, L50, M, shiny|100\/100\n|switch|p2b: Gholdengo|Gholdengo, L50|100\/100\n|-weather|Snow|[from] ability: Snow Warning|[of] p1a: Ninetales\n|turn|1\n|inactive|vgclth terran has 30 seconds left.\n|\n|t:|1731966018\n|-terastallize|p1b: Kingambit|Fire\n|move|p2a: Sneasler|Close Combat|p1b: Kingambit\n|-damage|p1b: Kingambit|49\/100\n|-unboost|p2a: Sneasler|def|1\n|-unboost|p2a: Sneasler|spd|1\n|move|p1a: Ninetales|Blizzard|p2a: Sneasler|[spread] p2a,p2b\n|-crit|p2a: Sneasler\n|-resisted|p2b: Gholdengo\n|-enditem|p2a: Sneasler|Focus Sash\n|-damage|p2a: Sneasler|1\/100\n|-damage|p2b: Gholdengo|85\/100\n|move|p2b: Gholdengo|Nasty Plot|p2b: Gholdengo\n|-boost|p2b: Gholdengo|spa|2\n|move|p1b: Kingambit|Kowtow Cleave|p2b: Gholdengo\n|-supereffective|p2b: Gholdengo\n|-damage|p2b: Gholdengo|0 fnt\n|faint|p2b: Gholdengo\n|\n|-weather|Snow|[upkeep]\n|upkeep\n|\n|t:|1731966036\n|switch|p2b: Tauros|Tauros-Paldea-Aqua, L50, M|100\/100\n|-ability|p2b: Tauros|Intimidate|boost\n|-unboost|p1a: Ninetales|atk|1\n|-unboost|p1b: Kingambit|atk|1\n|-ability|p1b: Kingambit|Defiant|boost\n|-boost|p1b: Kingambit|atk|2\n|-enditem|p2b: Tauros|Mirror Herb\n|-boost|p2b: Tauros|atk|2|[from] item: Mirror Herb\n|turn|2\n|\n|t:|1731966044\n|move|p2b: Tauros|Aqua Jet|p1b: Kingambit\n|-supereffective|p1b: Kingambit\n|-damage|p1b: Kingambit|0 fnt\n|faint|p1b: Kingambit\n|move|p2a: Sneasler|Dire Claw|p1a: Ninetales\n|-supereffective|p1a: Ninetales\n|-damage|p1a: Ninetales|14\/100\n|-status|p1a: Ninetales|psn\n|move|p1a: Ninetales|Freeze-Dry|p2b: Tauros\n|-supereffective|p2b: Tauros\n|-damage|p2b: Tauros|24\/100\n|\n|-weather|Snow|[upkeep]\n|-damage|p1a: Ninetales|2\/100 psn|[from] psn\n|upkeep\n|\n|t:|1731966050\n|switch|p1b: Sneasler|Sneasler, L50, M|100\/100\n|turn|3\n|\n|t:|1731966060\n|switch|p2a: Sinistcha|Sinistcha-Masterpiece, L50|100\/100\n|-heal|p2b: Tauros|48\/100|[from] ability: Hospitality|[of] p2a: Sinistcha\n|move|p2b: Tauros|Protect|p2b: Tauros\n|-singleturn|p2b: Tauros|Protect\n|move|p1b: Sneasler|Fake Out|p2a: Sinistcha\n|-immune|p2a: Sinistcha\n|move|p1a: Ninetales|Freeze-Dry|p2b: Tauros\n|-activate|p2b: Tauros|move: Protect\n|\n|-weather|Snow|[upkeep]\n|-damage|p1a: Ninetales|0 fnt|[from] psn\n|faint|p1a: Ninetales\n|upkeep\n|\n|t:|1731966064\n|switch|p1a: Basculegion|Basculegion, L50, M|100\/100\n|turn|4\n|j| Zephil0\n|\n|t:|1731966089\n|-terastallize|p2a: Sinistcha|Fire\n|move|p2b: Tauros|Aqua Jet|p1b: Sneasler\n|-damage|p1b: Sneasler|42\/100\n|move|p1a: Basculegion|Last Respects|p2a: Sinistcha\n|-damage|p2a: Sinistcha|6\/100\n|-enditem|p2a: Sinistcha|Sitrus Berry|[eat]\n|-heal|p2a: Sinistcha|31\/100|[from] item: Sitrus Berry\n|move|p1b: Sneasler|Dire Claw|p2a: Sinistcha\n|-damage|p2a: Sinistcha|0 fnt\n|faint|p2a: Sinistcha\n|\n|-weather|Snow|[upkeep]\n|upkeep\n|\n|t:|1731966101\n|switch|p2a: Sneasler|Sneasler, L50, M, shiny|1\/100\n|turn|5\n|\n|t:|1731966112\n|move|p2b: Tauros|Aqua Jet|p1b: Sneasler\n|-damage|p1b: Sneasler|0 fnt\n|faint|p1b: Sneasler\n|move|p1a: Basculegion|Last Respects|p2a: Sneasler\n|-damage|p2a: Sneasler|0 fnt\n|faint|p2a: Sneasler\n|\n|-weather|none\n|upkeep\n|turn|6\n|\n|t:|1731966120\n|move|p1a: Basculegion|Last Respects|p2b: Tauros\n|-damage|p2b: Tauros|0 fnt\n|faint|p2b: Tauros\n|\n|win|vgclth terran\n|raw|vgclth terran's rating: 1737 &rarr; <strong>1761<\/strong><br \/>(+24 for winning)\n|raw|zp90's rating: 1805 &rarr; <strong>1781<\/strong><br \/>(-24 for losing)\n|l|\u2606vgclth terran\n|player|p1|\n|l| Zephil0\n|l|\u2606zp90\n|player|p2|\n","uploadtime":1731966386,"views":15,"formatid":"gen9vgc2024regh","rating":1761,"private":0,"password":null}