{"id":"gen9vgc2024regh-2246142423","format":"[Gen 9] VGC 2024 Reg H","players":["VGCLTH Rishi","carlosaurio326"],"log":"|j|\u2606VGCLTH Rishi\n|j|\u2606carlosaurio326\n|t:|1731930461\n|gametype|doubles\n|player|p1|VGCLTH Rishi|shauntal|1806\n|player|p2|carlosaurio326|2|1655\n|teamsize|p1|6\n|teamsize|p2|6\n|gen|9\n|tier|[Gen 9] VGC 2024 Reg H\n|rated|\n|rule|Species Clause: Limit one of each Pok\u00e9mon\n|rule|Item Clause: Limit 1 of each item\n|clearpoke\n|poke|p1|Kommo-o, L50, F|\n|poke|p1|Rillaboom, L50, F|\n|poke|p1|Tyranitar, L50, F|\n|poke|p1|Talonflame, L50, M|\n|poke|p1|Gholdengo, L50|\n|poke|p1|Milotic, L50, M|\n|poke|p2|Sylveon, L50, F|\n|poke|p2|Tyranitar, L50, F|\n|poke|p2|Corviknight, L50, M|\n|poke|p2|Maushold, L50|\n|poke|p2|Rotom-Heat, L50|\n|poke|p2|Garchomp, L50, M|\n|teampreview|4\n|j| ppyyy-inertia\n|j| zer90\n|l| ppyyy-inertia\n|c|\u2606carlosaurio326|gl hf\n|c|\u2606VGCLTH Rishi|glhf\n|\n|t:|1731930548\n|start\n|switch|p1a: Kommo-o|Kommo-o, L50, F|100\/100\n|switch|p1b: Talonflame|Talonflame, L50, M|100\/100\n|switch|p2a: Sylveon|Sylveon, L50, F|100\/100\n|switch|p2b: Corviknight|Corviknight, L50, M|100\/100\n|turn|1\n|\n|t:|1731930573\n|switch|p1a: Gholdengo|Gholdengo, L50|100\/100\n|move|p1b: Talonflame|Protect|p1b: Talonflame\n|-singleturn|p1b: Talonflame|Protect\n|move|p2a: Sylveon|Hyper Voice|p1a: Gholdengo|[spread] p1a\n|-activate|p1b: Talonflame|move: Protect\n|-resisted|p1a: Gholdengo\n|-damage|p1a: Gholdengo|77\/100\n|-enditem|p2a: Sylveon|Throat Spray\n|-boost|p2a: Sylveon|spa|1|[from] item: Throat Spray\n|move|p2b: Corviknight|Taunt|p1b: Talonflame\n|-activate|p1b: Talonflame|move: Protect\n|\n|upkeep\n|turn|2\n|\n|t:|1731930629\n|switch|p2a: Rotom|Rotom-Heat, L50|100\/100\n|move|p1b: Talonflame|Tailwind|p1b: Talonflame\n|-sidestart|p1: VGCLTH Rishi|move: Tailwind\n|move|p1a: Gholdengo|Make It Rain|p2b: Corviknight|[spread] p2a,p2b\n|-resisted|p2a: Rotom\n|-resisted|p2b: Corviknight\n|-damage|p2a: Rotom|79\/100\n|-damage|p2b: Corviknight|74\/100\n|-unboost|p1a: Gholdengo|spa|1\n|move|p2b: Corviknight|Tailwind|p2b: Corviknight\n|-sidestart|p2: carlosaurio326|move: Tailwind\n|\n|upkeep\n|turn|3\n|l| zer90\n|j| zer90\n|\n|t:|1731930682\n|switch|p1a: Milotic|Milotic, L50, M|100\/100\n|move|p1b: Talonflame|Flare Blitz|p2b: Corviknight\n|-supereffective|p2b: Corviknight\n|-damage|p2b: Corviknight|18\/100\n|-enditem|p2b: Corviknight|Sitrus Berry|[eat]\n|-heal|p2b: Corviknight|43\/100|[from] item: Sitrus Berry\n|-damage|p1b: Talonflame|78\/100|[from] Recoil\n|move|p2a: Rotom|Electroweb|p1a: Milotic|[spread] p1a,p1b\n|-supereffective|p1a: Milotic\n|-supereffective|p1b: Talonflame\n|-damage|p1a: Milotic|61\/100\n|-damage|p1b: Talonflame|8\/100\n|-unboost|p1a: Milotic|spe|1\n|-ability|p1a: Milotic|Competitive|boost\n|-boost|p1a: Milotic|spa|2\n|-unboost|p1b: Talonflame|spe|1\n|move|p2b: Corviknight|Brave Bird|p1a: Milotic\n|-damage|p1a: Milotic|22\/100\n|-enditem|p1a: Milotic|Sitrus Berry|[eat]\n|-heal|p1a: Milotic|47\/100|[from] item: Sitrus Berry\n|-damage|p2b: Corviknight|30\/100|[from] Recoil\n|\n|upkeep\n|turn|4\n|\n|t:|1731930749\n|switch|p1a: Kommo-o|Kommo-o, L50, F|100\/100\n|move|p2a: Rotom|Electroweb|p1a: Kommo-o|[spread] p1a,p1b\n|-resisted|p1a: Kommo-o\n|-supereffective|p1b: Talonflame\n|-damage|p1a: Kommo-o|89\/100\n|-damage|p1b: Talonflame|0 fnt\n|-unboost|p1a: Kommo-o|spe|1\n|faint|p1b: Talonflame\n|move|p2b: Corviknight|Brave Bird|p1a: Kommo-o\n|-supereffective|p1a: Kommo-o\n|-crit|p1a: Kommo-o\n|-damage|p1a: Kommo-o|19\/100\n|-damage|p2b: Corviknight|10\/100|[from] Recoil\n|\n|-heal|p1a: Kommo-o|25\/100|[from] item: Leftovers\n|upkeep\n|\n|t:|1731930756\n|switch|p1b: Gholdengo|Gholdengo, L50|77\/100\n|turn|5\n|l| zer90\n|\n|t:|1731930787\n|move|p2a: Rotom|Electroweb|p1a: Kommo-o|[spread] p1a,p1b\n|-resisted|p1a: Kommo-o\n|-damage|p1a: Kommo-o|13\/100\n|-damage|p1b: Gholdengo|47\/100\n|-unboost|p1a: Kommo-o|spe|1\n|-unboost|p1b: Gholdengo|spe|1\n|move|p1b: Gholdengo|Make It Rain|p2b: Corviknight|[spread] p2a,p2b\n|-resisted|p2a: Rotom\n|-resisted|p2b: Corviknight\n|-damage|p2a: Rotom|55\/100\n|-damage|p2b: Corviknight|0 fnt\n|-unboost|p1b: Gholdengo|spa|1\n|faint|p2b: Corviknight\n|move|p1a: Kommo-o|Body Press|p2a: Rotom\n|-damage|p2a: Rotom|4\/100\n|\n|-heal|p1a: Kommo-o|19\/100|[from] item: Leftovers\n|-sideend|p2: carlosaurio326|move: Tailwind\n|-sideend|p1: VGCLTH Rishi|move: Tailwind\n|upkeep\n|\n|t:|1731930802\n|switch|p2b: Garchomp|Garchomp, L50, M|100\/100\n|turn|6\n|-message|VGCLTH Rishi forfeited.\n|\n|win|carlosaurio326\n|raw|VGCLTH Rishi's rating: 1806 &rarr; <strong>1778<\/strong><br \/>(-28 for losing)\n|raw|carlosaurio326's rating: 1655 &rarr; <strong>1683<\/strong><br \/>(+28 for winning)\n|c|\u2606carlosaurio326|gg\n|l|\u2606VGCLTH Rishi\n|player|p1|\n|l|\u2606carlosaurio326\n|player|p2|\n","uploadtime":1731931084,"views":18,"formatid":"gen9vgc2024regh","rating":1683,"private":0,"password":null}