{"id":"gen9vgc2024regh-2246009797","format":"[Gen 9] VGC 2024 Reg H","players":["VGCLTH Sac gaming","KaeDeeeeee"],"log":"|raw|<div class=\"broadcast-blue\"><strong>This battle is required to be public due to a player having a name starting with 'vgclth'.<\/div>\n|j|\u2606VGCLTH Sac gaming\n|j|\u2606KaeDeeeeee\n|t:|1731905440\n|gametype|doubles\n|player|p1|VGCLTH Sac gaming|steven|1675\n|player|p2|KaeDeeeeee|gardenia|1725\n|teamsize|p1|6\n|teamsize|p2|6\n|gen|9\n|tier|[Gen 9] VGC 2024 Reg H\n|rated|\n|rule|Species Clause: Limit one of each Pok\u00e9mon\n|rule|Item Clause: Limit 1 of each item\n|clearpoke\n|poke|p1|Whimsicott, L50, M|\n|poke|p1|Dragonite, L50, M|\n|poke|p1|Ursaluna-Bloodmoon, L50, M|\n|poke|p1|Gholdengo, L50|\n|poke|p1|Incineroar, L50, M|\n|poke|p1|Annihilape, L50, M|\n|poke|p2|Grimmsnarl, L50, M|\n|poke|p2|Hatterene, L50, F|\n|poke|p2|Torkoal, L50, M|\n|poke|p2|Tsareena, L50, F|\n|poke|p2|Venonat, L50, F|\n|poke|p2|Trapinch, L50, M|\n|teampreview|4\nVGCLTH Sac gaming rejected open team sheets.\n|j| Xunyicaoawa\n|\n|t:|1731905461\n|start\n|switch|p1a: Gholdengo|Gholdengo, L50|100\/100\n|switch|p1b: Ursaluna|Ursaluna-Bloodmoon, L50, M|100\/100\n|switch|p2a: Grimmsnarl|Grimmsnarl, L50, M|100\/100\n|switch|p2b: Hatterene|Hatterene, L50, F|100\/100\n|turn|1\n|\n|t:|1731905479\n|-terastallize|p1b: Ursaluna|Normal\n|-terastallize|p2b: Hatterene|Water\n|move|p2a: Grimmsnarl|Fake Out|p1b: Ursaluna\n|-damage|p1b: Ursaluna|90\/100\n|move|p1a: Gholdengo|Shadow Ball|p2b: Hatterene\n|-damage|p2b: Hatterene|34\/100\n|cant|p1b: Ursaluna|flinch\n|move|p2b: Hatterene|Trick Room|p2b: Hatterene\n|-fieldstart|move: Trick Room|[of] p2b: Hatterene\n|\n|upkeep\n|turn|2\n|j| Fancy Cucudrula\n|\n|t:|1731905498\n|switch|p1a: Incineroar|Incineroar, L50, M|100\/100\n|-ability|p1a: Incineroar|Intimidate|boost\n|-unboost|p2a: Grimmsnarl|atk|1\n|-unboost|p2b: Hatterene|atk|1\n|move|p2a: Grimmsnarl|Misty Terrain|p2a: Grimmsnarl\n|-fieldstart|move: Misty Terrain\n|move|p2b: Hatterene|Misty Explosion|p1a: Incineroar|[spread] p2a,p1a,p1b\n|-supereffective|p2a: Grimmsnarl\n|-damage|p2a: Grimmsnarl|0 fnt\n|-damage|p1a: Incineroar|40\/100\n|-damage|p1b: Ursaluna|35\/100\n|faint|p2b: Hatterene\n|faint|p2a: Grimmsnarl\n|move|p1b: Ursaluna|Hyper Voice|p2: Grimmsnarl|[notarget]\n|-fail|p1b: Ursaluna\n|\n|upkeep\n|\n|t:|1731905512\n|switch|p2b: Venonat|Venonat, L50, F|100\/100\n|switch|p2a: Torkoal|Torkoal, L50, M|100\/100\n|-weather|SunnyDay|[from] ability: Drought|[of] p2a: Torkoal\n|turn|3\n|\n|t:|1731905529\n|move|p1a: Incineroar|Fake Out|p2a: Torkoal\n|-damage|p2a: Torkoal|91\/100\n|move|p2b: Venonat|Rage Powder|p2b: Venonat\n|-singleturn|p2b: Venonat|move: Rage Powder\n|cant|p2a: Torkoal|flinch\n|move|p1b: Ursaluna|Blood Moon|p2b: Venonat\n|-damage|p2b: Venonat|0 fnt\n|faint|p2b: Venonat\n|\n|-weather|SunnyDay|[upkeep]\n|upkeep\n|turn|4\n|j| bluestraggler03\n|\n|t:|1731905545\n|move|p1b: Ursaluna|Vacuum Wave|p2a: Torkoal\n|-damage|p2a: Torkoal|73\/100\n|move|p2a: Torkoal|Eruption|p1a: Incineroar|[spread] p1a,p1b\n|-resisted|p1a: Incineroar\n|-damage|p1a: Incineroar|6\/100\n|-damage|p1b: Ursaluna|0 fnt\n|faint|p1b: Ursaluna\n|move|p1a: Incineroar|Knock Off|p2a: Torkoal\n|-damage|p2a: Torkoal|38\/100\n|-enditem|p2a: Torkoal|Choice Specs|[from] move: Knock Off|[of] p1a: Incineroar\n|\n|-weather|SunnyDay|[upkeep]\n|upkeep\n|\n|t:|1731905551\n|switch|p1b: Dragonite|Dragonite, L50, M|100\/100\n|turn|5\n|-message|KaeDeeeeee forfeited.\n|\n|win|VGCLTH Sac gaming\n|raw|VGCLTH Sac gaming's rating: 1675 &rarr; <strong>1698<\/strong><br \/>(+23 for winning)\n|raw|KaeDeeeeee's rating: 1725 &rarr; <strong>1702<\/strong><br \/>(-23 for losing)\n|l|\u2606KaeDeeeeee\n|player|p2|\n","uploadtime":1731905558,"views":40,"formatid":"gen9vgc2024regh","rating":1698,"private":0,"password":null}