{"id":"gen9vgc2024regh-2246472589","format":"[Gen 9] VGC 2024 Reg H","players":["VGCLTH John Pork","volcanonerd"],"log":"|raw|<div class=\"broadcast-blue\"><strong>This battle is required to be public due to a player having a name starting with 'vgclth'.<\/div>\n|j|\u2606VGCLTH John Pork\n|j|\u2606volcanonerd\n|t:|1731965609\n|gametype|doubles\n|player|p1|VGCLTH John Pork|ogreclan|1778\n|player|p2|volcanonerd|medium|1739\n|teamsize|p1|6\n|teamsize|p2|6\n|gen|9\n|tier|[Gen 9] VGC 2024 Reg H\n|rated|\n|rule|Species Clause: Limit one of each Pok\u00e9mon\n|rule|Item Clause: Limit 1 of each item\n|clearpoke\n|poke|p1|Whimsicott, L50, F|\n|poke|p1|Typhlosion-Hisui, L50, F|\n|poke|p1|Annihilape, L50, F|\n|poke|p1|Maushold-Four, L50|\n|poke|p1|Farigiraf, L50, M|\n|poke|p1|Ursaluna-Bloodmoon, L50, M|\n|poke|p2|Dragonite, L50, M|\n|poke|p2|Ursaluna-Bloodmoon, L50, M|\n|poke|p2|Dondozo, L50, F|\n|poke|p2|Gholdengo, L50|\n|poke|p2|Volcarona, L50, F|\n|poke|p2|Archaludon, L50, M|\n|teampreview|4\n|inactive|Battle timer is ON: inactive players will automatically lose when time's up. (requested by VGCLTH John Pork)\n|j| andy8105\n|\n|t:|1731965632\n|start\n|switch|p1a: Sedate|Maushold-Four, L50|100\/100\n|switch|p1b: Unashamed|Ursaluna-Bloodmoon, L50, M|100\/100\n|switch|p2a: Ursaluna|Ursaluna-Bloodmoon, L50, M|100\/100\n|switch|p2b: Volcarona|Volcarona, L50, F|100\/100\n|turn|1\n|\n|t:|1731965644\n|switch|p1b: Their kindness is|Whimsicott, L50, F|100\/100\n|-terastallize|p2a: Ursaluna|Normal\n|move|p2b: Volcarona|Rage Powder|p2b: Volcarona\n|-singleturn|p2b: Volcarona|move: Rage Powder\n|move|p1a: Sedate|Population Bomb|p2b: Volcarona\n|-damage|p2b: Volcarona|88\/100\n|-damage|p1a: Sedate|84\/100|[from] item: Rocky Helmet|[of] p2b: Volcarona\n|-damage|p2b: Volcarona|77\/100\n|-damage|p1a: Sedate|67\/100|[from] item: Rocky Helmet|[of] p2b: Volcarona\n|-damage|p2b: Volcarona|64\/100\n|-damage|p1a: Sedate|50\/100|[from] item: Rocky Helmet|[of] p2b: Volcarona\n|-status|p1a: Sedate|brn|[from] ability: Flame Body|[of] p2b: Volcarona\n|-damage|p2b: Volcarona|58\/100\n|-damage|p1a: Sedate|34\/100 brn|[from] item: Rocky Helmet|[of] p2b: Volcarona\n|-damage|p2b: Volcarona|52\/100\n|-damage|p1a: Sedate|17\/100 brn|[from] item: Rocky Helmet|[of] p2b: Volcarona\n|-damage|p2b: Volcarona|47\/100\n|-damage|p1a: Sedate|0 fnt|[from] item: Rocky Helmet|[of] p2b: Volcarona\n|faint|p1a: Sedate\n|-hitcount|p2b: Volcarona|6\n|move|p2a: Ursaluna|Blood Moon|p1b: Their kindness is\n|-enditem|p1b: Their kindness is|Focus Sash\n|-damage|p1b: Their kindness is|1\/100\n|\n|upkeep\n|\n|t:|1731965652\n|switch|p1a: Charade|Typhlosion-Hisui, L50, F|100\/100\n|-item|p2a: Ursaluna|Assault Vest|[from] ability: Frisk|[of] p1a: Charade\n|-item|p2b: Volcarona|Rocky Helmet|[from] ability: Frisk|[of] p1a: Charade\n|turn|2\n|j| vgclth porter\n|\n|t:|1731965662\n|-terastallize|p1a: Charade|Fire\n|move|p2b: Volcarona|Protect|p2b: Volcarona\n|-singleturn|p2b: Volcarona|Protect\n|move|p1b: Their kindness is|Sunny Day|p1b: Their kindness is\n|-weather|SunnyDay\n|move|p1a: Charade|Eruption|p2b: Volcarona|[spread] p2a\n|-activate|p2b: Volcarona|move: Protect\n|-damage|p2a: Ursaluna|0 fnt\n|faint|p2a: Ursaluna\n|\n|-weather|SunnyDay|[upkeep]\n|upkeep\n|inactive|volcanonerd has 30 seconds left.\n|\n|t:|1731965688\n|switch|p2a: Dragonite|Dragonite, L50, M|100\/100\n|turn|3\n|\n|t:|1731965697\n|switch|p2b: Dondozo|Dondozo, L50, F|100\/100\n|move|p2a: Dragonite|Extreme Speed|p1a: Charade\n|-damage|p1a: Charade|51\/100\n|move|p1b: Their kindness is|Moonblast|p2a: Dragonite\n|-supereffective|p2a: Dragonite\n|-damage|p2a: Dragonite|63\/100\n|move|p1a: Charade|Eruption|p2b: Dondozo|[spread] p2a,p2b\n|-resisted|p2a: Dragonite\n|-resisted|p2b: Dondozo\n|-damage|p2a: Dragonite|16\/100\n|-damage|p2b: Dondozo|74\/100\n|\n|-weather|SunnyDay|[upkeep]\n|-heal|p2b: Dondozo|80\/100|[from] item: Leftovers\n|upkeep\n|turn|4\n|\n|t:|1731965710\n|switch|p1a: Unashamed|Ursaluna-Bloodmoon, L50, M|100\/100\n|move|p2a: Dragonite|Protect|p2a: Dragonite\n|-singleturn|p2a: Dragonite|Protect\n|move|p1b: Their kindness is|Moonblast|p2a: Dragonite\n|-activate|p2a: Dragonite|move: Protect\n|move|p2b: Dondozo|Wave Crash|p1a: Unashamed\n|-supereffective|p1a: Unashamed\n|-damage|p1a: Unashamed|69\/100\n|-damage|p2b: Dondozo|72\/100|[from] Recoil\n|\n|-weather|SunnyDay|[upkeep]\n|-heal|p2b: Dondozo|78\/100|[from] item: Leftovers\n|upkeep\n|turn|5\n|\n|t:|1731965733\n|move|p2a: Dragonite|Extreme Speed|p1b: Their kindness is\n|-damage|p1b: Their kindness is|0 fnt\n|faint|p1b: Their kindness is\n|move|p1a: Unashamed|Blood Moon|p2b: Dondozo\n|-damage|p2b: Dondozo|13\/100\n|-damage|p1a: Unashamed|59\/100|[from] item: Life Orb\n|move|p2b: Dondozo|Yawn|p1a: Unashamed\n|-start|p1a: Unashamed|move: Yawn|[of] p2b: Dondozo\n|\n|-weather|SunnyDay|[upkeep]\n|-heal|p2b: Dondozo|19\/100|[from] item: Leftovers\n|upkeep\n|\n|t:|1731965735\n|switch|p1b: Charade|Typhlosion-Hisui, L50, F, tera:Fire|51\/100\n|-item|p2a: Dragonite|Loaded Dice|[from] ability: Frisk|[of] p1b: Charade\n|-item|p2b: Dondozo|Leftovers|[from] ability: Frisk|[of] p1b: Charade\n|turn|6\n|\n|t:|1731965743\n|move|p2a: Dragonite|Protect|p2a: Dragonite\n|-singleturn|p2a: Dragonite|Protect\n|move|p2b: Dondozo|Protect|p2b: Dondozo\n|-singleturn|p2b: Dondozo|Protect\n|move|p1b: Charade|Heat Wave|p2a: Dragonite|[spread] \n|-activate|p2a: Dragonite|move: Protect\n|-activate|p2b: Dondozo|move: Protect\n|move|p1a: Unashamed|Hyper Voice|p2a: Dragonite|[spread] \n|-activate|p2a: Dragonite|move: Protect\n|-activate|p2b: Dondozo|move: Protect\n|\n|-weather|none\n|-heal|p2b: Dondozo|25\/100|[from] item: Leftovers\n|-end|p1a: Unashamed|move: Yawn|[silent]\n|-status|p1a: Unashamed|slp\n|upkeep\n|turn|7\n|inactive|volcanonerd has 30 seconds left.\n|\n|t:|1731965768\n|switch|p2a: Volcarona|Volcarona, L50, F|47\/100\n|move|p1b: Charade|Heat Wave|p2b: Dondozo|[spread] p2a,p2b\n|-resisted|p2b: Dondozo\n|-damage|p2a: Volcarona|0 fnt\n|-damage|p2b: Dondozo|0 fnt\n|faint|p2a: Volcarona\n|faint|p2b: Dondozo\n|cant|p1a: Unashamed|slp\n|\n|upkeep\n|\n|t:|1731965775\n|switch|p2b: Dragonite|Dragonite, L50, M|16\/100\n|turn|8\n|\n|t:|1731965780\n|move|p2b: Dragonite|Extreme Speed|p1b: Charade\n|-damage|p1b: Charade|4\/100\n|move|p1b: Charade|Heat Wave|p2b: Dragonite\n|-resisted|p2b: Dragonite\n|-damage|p2b: Dragonite|0 fnt\n|faint|p2b: Dragonite\n|\n|win|VGCLTH John Pork\n|raw|VGCLTH John Pork's rating: 1778 &rarr; <strong>1796<\/strong><br \/>(+18 for winning)\n|raw|volcanonerd's rating: 1739 &rarr; <strong>1721<\/strong><br \/>(-18 for losing)\n|l|\u2606volcanonerd\n|player|p2|\n|l| vgclth porter\n","uploadtime":1731965953,"views":24,"formatid":"gen9vgc2024regh","rating":1721,"private":0,"password":null}