{"id":"gen9vgc2024regh-2246253319","format":"[Gen 9] VGC 2024 Reg H","players":["spaccas","daniiivgc"],"log":"|j|\u2606spaccas\n|j|\u203ddaniiivgc\n|t:|1731944179\n|gametype|doubles\n|player|p1|spaccas|101|1672\n|player|p2|daniiivgc|lucas|1692\n|teamsize|p1|6\n|teamsize|p2|6\n|gen|9\n|tier|[Gen 9] VGC 2024 Reg H\n|rated|\n|rule|Species Clause: Limit one of each Pok\u00e9mon\n|rule|Item Clause: Limit 1 of each item\n|clearpoke\n|poke|p1|Archaludon, L50, M|\n|poke|p1|Pelipper, L50, M|\n|poke|p1|Basculegion, L50, M|\n|poke|p1|Salamence, L50, F|\n|poke|p1|Dondozo, L50, M|\n|poke|p1|Tatsugiri, L50, F|\n|poke|p2|Quaquaval, L50, F|\n|poke|p2|Amoonguss, L50, M|\n|poke|p2|Kingambit, L50, F|\n|poke|p2|Maushold, L50|\n|poke|p2|Archaludon, L50, F|\n|poke|p2|Pelipper, L50, F|\n|teampreview|4\n|inactive|Battle timer is ON: inactive players will automatically lose when time's up. (requested by daniiivgc)\n|inactive|spaccas also wants the timer to be on.\n|\n|t:|1731944198\n|start\n|switch|p1a: Dondozo|Dondozo, L50, M|100\/100\n|switch|p1b: Tatsugiri|Tatsugiri, L50, F|100\/100\n|switch|p2a: Maushold|Maushold, L50|100\/100\n|switch|p2b: Archaludon|Archaludon, L50, F|100\/100\n|-activate|p1b: Tatsugiri|ability: Commander|[of] p1a: Dondozo\n|-boost|p1a: Dondozo|atk|2\n|-boost|p1a: Dondozo|spa|2\n|-boost|p1a: Dondozo|spe|2\n|-boost|p1a: Dondozo|def|2\n|-boost|p1a: Dondozo|spd|2\n|turn|1\n|\n|t:|1731944207\n|switch|p2b: Amoonguss|Amoonguss, L50, M|100\/100\n|-terastallize|p1a: Dondozo|Water\n|move|p1a: Dondozo|Surf|p2b: Amoonguss|[spread] p2a,p2b\n|-miss|p1a: Dondozo|p1b: Tatsugiri\n|-resisted|p2b: Amoonguss\n|-damage|p2a: Maushold|0 fnt\n|-damage|p2b: Amoonguss|65\/100\n|faint|p2a: Maushold\n|-damage|p1a: Dondozo|91\/100|[from] item: Life Orb\n|\n|upkeep\n|\n|t:|1731944217\n|switch|p2a: Archaludon|Archaludon, L50, F|100\/100\n|turn|2\n|\n|t:|1731944224\n|move|p2a: Archaludon|Protect|p2a: Archaludon\n|-singleturn|p2a: Archaludon|Protect\n|move|p1a: Dondozo|Wave Crash|p2b: Amoonguss\n|-resisted|p2b: Amoonguss\n|-damage|p2b: Amoonguss|11\/100\n|-enditem|p2b: Amoonguss|Sitrus Berry|[eat]\n|-heal|p2b: Amoonguss|36\/100|[from] item: Sitrus Berry\n|-damage|p1a: Dondozo|73\/100|[from] Recoil\n|-damage|p1a: Dondozo|63\/100|[from] item: Life Orb\n|move|p2b: Amoonguss|Clear Smog|p1a: Dondozo\n|-damage|p1a: Dondozo|55\/100\n|-clearboost|p1a: Dondozo\n|\n|upkeep\n|turn|3\n|\n|t:|1731944236\n|switch|p2b: Quaquaval|Quaquaval, L50, F|100\/100\n|move|p2a: Archaludon|Electro Shot||[still]\n|-prepare|p2a: Archaludon|Electro Shot\n|-boost|p2a: Archaludon|spa|1\n|-enditem|p2a: Archaludon|Power Herb\n|-anim|p2a: Archaludon|Electro Shot|p1a: Dondozo\n|-supereffective|p1a: Dondozo\n|-damage|p1a: Dondozo|0 fnt\n|faint|p1a: Dondozo\n|\n|upkeep\n|\n|t:|1731944243\n|switch|p1a: Archaludon|Archaludon, L50, M|100\/100\n|turn|4\n|\n|t:|1731944261\n|switch|p1a: Pelipper|Pelipper, L50, M|100\/100\n|-weather|RainDance|[from] ability: Drizzle|[of] p1a: Pelipper\n|move|p2b: Quaquaval|Aqua Step|p1a: Pelipper\n|-resisted|p1a: Pelipper\n|-damage|p1a: Pelipper|66\/100\n|-boost|p2b: Quaquaval|spe|1\n|move|p1b: Tatsugiri|Draco Meteor|p2b: Quaquaval\n|-damage|p2b: Quaquaval|14\/100\n|-unboost|p1b: Tatsugiri|spa|2\n|move|p2a: Archaludon|Aura Sphere|p1a: Pelipper\n|-resisted|p1a: Pelipper\n|-damage|p1a: Pelipper|36\/100\n|\n|-weather|RainDance|[upkeep]\n|upkeep\n|turn|5\n|\n|t:|1731944279\n|move|p2b: Quaquaval|Protect|p2b: Quaquaval\n|-singleturn|p2b: Quaquaval|Protect\n|move|p1b: Tatsugiri|Muddy Water|p2a: Archaludon|[spread] p2a\n|-activate|p2b: Quaquaval|move: Protect\n|-resisted|p2a: Archaludon\n|-damage|p2a: Archaludon|82\/100\n|move|p2a: Archaludon|Electro Shot||[still]\n|-prepare|p2a: Archaludon|Electro Shot\n|-boost|p2a: Archaludon|spa|1\n|-anim|p2a: Archaludon|Electro Shot|p1b: Tatsugiri\n|-enditem|p1b: Tatsugiri|Focus Sash\n|-damage|p1b: Tatsugiri|1\/100\n|move|p1a: Pelipper|Tailwind|p1a: Pelipper\n|-sidestart|p1: spaccas|move: Tailwind\n|\n|-weather|RainDance|[upkeep]\n|upkeep\n|turn|6\n|\n|t:|1731944302\n|move|p1b: Tatsugiri|Protect|p1b: Tatsugiri\n|-singleturn|p1b: Tatsugiri|Protect\n|move|p2b: Quaquaval|Aqua Step|p1b: Tatsugiri\n|-activate|p1b: Tatsugiri|move: Protect\n|move|p1a: Pelipper|Hurricane|p2b: Quaquaval\n|-supereffective|p2b: Quaquaval\n|-damage|p2b: Quaquaval|0 fnt\n|faint|p2b: Quaquaval\n|move|p2a: Archaludon|Electro Shot||[still]\n|-prepare|p2a: Archaludon|Electro Shot\n|-boost|p2a: Archaludon|spa|1\n|-anim|p2a: Archaludon|Electro Shot|p1a: Pelipper\n|-supereffective|p1a: Pelipper\n|-damage|p1a: Pelipper|0 fnt\n|faint|p1a: Pelipper\n|\n|-weather|RainDance|[upkeep]\n|upkeep\n|\n|t:|1731944309\n|switch|p2b: Amoonguss|Amoonguss, L50, M|69\/100\n|switch|p1a: Archaludon|Archaludon, L50, M|100\/100\n|turn|7\n|l|\u203ddaniiivgc\n|inactive|daniiivgc disconnected and has a minute to reconnect!\n|player|p2|\n|inactive|spaccas has 30 seconds left.\n|inactive|daniiivgc has 30 seconds left.\n|j|\u203ddaniiivgc\n|inactive|daniiivgc reconnected and has 30 seconds left.\n|player|p2|daniiivgc|lucas|\n|n|\u203ddaniiivgc|daniiivgc\n|n|\u203ddaniiivgc|daniiivgc\n|inactive|spaccas has 20 seconds left.\n|inactive|daniiivgc has 20 seconds left.\n|\n|t:|1731944348\n|move|p2a: Archaludon|Protect|p2a: Archaludon\n|-singleturn|p2a: Archaludon|Protect\n|move|p1b: Tatsugiri|Taunt|p2b: Amoonguss\n|-start|p2b: Amoonguss|move: Taunt\n|move|p1a: Archaludon|Body Press|p2a: Archaludon\n|-activate|p2a: Archaludon|move: Protect\n|cant|p2b: Amoonguss|move: Taunt|Spore\n|\n|-weather|RainDance|[upkeep]\n|upkeep\n|turn|8\n|\n|t:|1731944368\n|move|p1b: Tatsugiri|Draco Meteor|p2a: Archaludon\n|-damage|p2a: Archaludon|33\/100\n|-unboost|p1b: Tatsugiri|spa|2\n|move|p1a: Archaludon|Body Press|p2a: Archaludon\n|-supereffective|p2a: Archaludon\n|-damage|p2a: Archaludon|0 fnt\n|faint|p2a: Archaludon\n|move|p2b: Amoonguss|Clear Smog|p1b: Tatsugiri\n|-damage|p1b: Tatsugiri|0 fnt\n|-clearboost|p1b: Tatsugiri\n|faint|p1b: Tatsugiri\n|\n|-weather|RainDance|[upkeep]\n|-sideend|p1: spaccas|move: Tailwind\n|upkeep\n|turn|9\n|\n|t:|1731944384\n|move|p1a: Archaludon|Dragon Pulse|p2b: Amoonguss\n|-damage|p2b: Amoonguss|28\/100\n|move|p2b: Amoonguss|Grass Knot|p1a: Archaludon\n|-resisted|p1a: Archaludon\n|-damage|p1a: Archaludon|96\/100\n|-ability|p1a: Archaludon|Stamina|boost\n|-boost|p1a: Archaludon|def|1\n|\n|-weather|RainDance|[upkeep]\n|-end|p2b: Amoonguss|move: Taunt\n|upkeep\n|turn|10\n|\n|t:|1731944388\n|move|p1a: Archaludon|Dragon Pulse|p2b: Amoonguss\n|-damage|p2b: Amoonguss|0 fnt\n|faint|p2b: Amoonguss\n|\n|win|spaccas\n|raw|spaccas's rating: 1672 &rarr; <strong>1693<\/strong><br \/>(+21 for winning)\n|raw|daniiivgc's rating: 1692 &rarr; <strong>1671<\/strong><br \/>(-21 for losing)\n|l|\u2606spaccas\n|player|p1|\n|l|\u203ddaniiivgc\n|player|p2|\n","uploadtime":1731944581,"views":13,"formatid":"gen9vgc2024regh","rating":1671,"private":0,"password":null}