{"id":"gen9vgc2024regh-2246475092","format":"[Gen 9] VGC 2024 Reg H","players":["VGCLTH John Pork","BIG RAINA"],"log":"|raw|<div class=\"broadcast-blue\"><strong>This battle is required to be public due to a player having a name starting with 'vgclth'.<\/div>\n|j|\u2606VGCLTH John Pork\n|j|\u2606BIG RAINA\n|t:|1731965875\n|gametype|doubles\n|player|p1|VGCLTH John Pork|ogreclan|1796\n|player|p2|BIG RAINA|wallace|1745\n|teamsize|p1|6\n|teamsize|p2|6\n|gen|9\n|tier|[Gen 9] VGC 2024 Reg H\n|rated|\n|rule|Species Clause: Limit one of each Pok\u00e9mon\n|rule|Item Clause: Limit 1 of each item\n|clearpoke\n|poke|p1|Whimsicott, L50, M|\n|poke|p1|Typhlosion-Hisui, L50, F|\n|poke|p1|Annihilape, L50, F|\n|poke|p1|Maushold-Four, L50|\n|poke|p1|Farigiraf, L50, M|\n|poke|p1|Ursaluna-Bloodmoon, L50, M|\n|poke|p2|Porygon2, L50|\n|poke|p2|Amoonguss, L50, M|\n|poke|p2|Gholdengo, L50|\n|poke|p2|Incineroar, L50, F|\n|poke|p2|Ursaluna, L50, M|\n|poke|p2|Kilowattrel, L50, M|\n|teampreview|4\n|inactive|Battle timer is ON: inactive players will automatically lose when time's up. (requested by BIG RAINA)\n|inactive|VGCLTH John Pork also wants the timer to be on.\n|inactive|VGCLTH John Pork has 60 seconds left.\n|inactive|BIG RAINA has 60 seconds left.\n|\n|t:|1731965913\n|start\n|switch|p1a: Their kindness is|Whimsicott, L50, M|100\/100\n|switch|p1b: Charade|Typhlosion-Hisui, L50, F|100\/100\n|switch|p2a: Incineroar|Incineroar, L50, F|100\/100\n|switch|p2b: Porygon2|Porygon2, L50|100\/100\n|-item|p2a: Incineroar|Assault Vest|[from] ability: Frisk|[of] p1b: Charade\n|-item|p2b: Porygon2|Eviolite|[from] ability: Frisk|[of] p1b: Charade\n|-ability|p2a: Incineroar|Intimidate|boost\n|-unboost|p1a: Their kindness is|atk|1\n|-unboost|p1b: Charade|atk|1\n|-ability|p2b: Porygon2|Prankster|[from] ability: Trace|[of] p1a: Their kindness is\n|turn|1\n|\n|t:|1731965926\n|-terastallize|p1b: Charade|Fire\n|move|p2a: Incineroar|Fake Out|p1b: Charade\n|-damage|p1b: Charade|82\/100\n|move|p1a: Their kindness is|Sunny Day|p1a: Their kindness is\n|-weather|SunnyDay\n|cant|p1b: Charade|flinch\n|move|p2b: Porygon2|Trick Room|p2b: Porygon2\n|-fieldstart|move: Trick Room|[of] p2b: Porygon2\n|\n|-weather|SunnyDay|[upkeep]\n|upkeep\n|turn|2\n|\n|t:|1731965936\n|switch|p1b: It\u2019s used to|Annihilape, L50, F|100\/100\n|move|p2a: Incineroar|Flare Blitz|p1b: It\u2019s used to\n|-damage|p1b: It\u2019s used to|5\/100\n|-damage|p2a: Incineroar|71\/100|[from] Recoil\n|move|p2b: Porygon2|Tera Blast|p1b: It\u2019s used to\n|-immune|p1b: It\u2019s used to\n|move|p1a: Their kindness is|Moonblast|p2a: Incineroar\n|-damage|p2a: Incineroar|50\/100\n|\n|-weather|SunnyDay|[upkeep]\n|upkeep\n|turn|3\n|inactive|BIG RAINA has 30 seconds left.\n|\n|t:|1731965966\n|move|p2b: Porygon2|Recover||[still]\n|-fail|p2b: Porygon2|heal\n|move|p2a: Incineroar|Flare Blitz|p1b: It\u2019s used to\n|-damage|p1b: It\u2019s used to|0 fnt\n|faint|p1b: It\u2019s used to\n|-damage|p2a: Incineroar|48\/100|[from] Recoil\n|move|p1a: Their kindness is|Moonblast|p2a: Incineroar\n|-damage|p2a: Incineroar|29\/100\n|\n|-weather|SunnyDay|[upkeep]\n|upkeep\n|\n|t:|1731965978\n|switch|p1b: Unashamed|Ursaluna-Bloodmoon, L50, M|100\/100\n|turn|4\n|\n|t:|1731965987\n|move|p1b: Unashamed|Blood Moon|p2b: Porygon2\n|-damage|p2b: Porygon2|28\/100\n|-damage|p1b: Unashamed|91\/100|[from] item: Life Orb\n|move|p2a: Incineroar|U-turn|p1a: Their kindness is\n|-damage|p1a: Their kindness is|71\/100\n|\n|t:|1731965994\n|switch|p2a: Amoonguss|Amoonguss, L50, M|100\/100|[from] U-turn\n|move|p2b: Porygon2|Ice Beam|p1a: Their kindness is\n|-supereffective|p1a: Their kindness is\n|-damage|p1a: Their kindness is|0 fnt\n|faint|p1a: Their kindness is\n|\n|-weather|SunnyDay|[upkeep]\n|upkeep\n|\n|t:|1731966003\n|switch|p1a: Charade|Typhlosion-Hisui, L50, F, tera:Fire|82\/100\n|-item|p2a: Amoonguss|Sitrus Berry|[from] ability: Frisk|[of] p1a: Charade\n|-item|p2b: Porygon2|Eviolite|[from] ability: Frisk|[of] p1a: Charade\n|turn|5\n|\n|t:|1731966008\n|move|p2b: Porygon2|Recover|p2b: Porygon2\n|-heal|p2b: Porygon2|79\/100\n|move|p2a: Amoonguss|Spore|p1a: Charade\n|-status|p1a: Charade|slp|[from] move: Spore\n|move|p1b: Unashamed|Hyper Voice|p2a: Amoonguss|[spread] p2a,p2b\n|-damage|p2a: Amoonguss|56\/100\n|-damage|p2b: Porygon2|45\/100\n|-damage|p1b: Unashamed|81\/100|[from] item: Life Orb\n|cant|p1a: Charade|slp\n|\n|-weather|none\n|-fieldend|move: Trick Room\n|upkeep\n|turn|6\n|\n|t:|1731966023\n|cant|p1a: Charade|slp\n|move|p2b: Porygon2|Tera Blast|p1a: Charade\n|-damage|p1a: Charade|39\/100 slp\n|move|p1b: Unashamed|Hyper Voice|p2a: Amoonguss|[spread] p2a,p2b\n|-damage|p2a: Amoonguss|6\/100\n|-damage|p2b: Porygon2|16\/100\n|-enditem|p2a: Amoonguss|Sitrus Berry|[eat]\n|-heal|p2a: Amoonguss|30\/100|[from] item: Sitrus Berry\n|-damage|p1b: Unashamed|72\/100|[from] item: Life Orb\n|move|p2a: Amoonguss|Spore|p1b: Unashamed\n|-status|p1b: Unashamed|slp|[from] move: Spore\n|\n|upkeep\n|turn|7\n|\n|t:|1731966032\n|switch|p2a: Incineroar|Incineroar, L50, F|29\/100\n|-ability|p2a: Incineroar|Intimidate|boost\n|-unboost|p1a: Charade|atk|1\n|-unboost|p1b: Unashamed|atk|1\n|cant|p1a: Charade|slp\n|cant|p1b: Unashamed|slp\n|move|p2b: Porygon2|Trick Room|p2b: Porygon2\n|-fieldstart|move: Trick Room|[of] p2b: Porygon2\n|\n|upkeep\n|turn|8\n|\n|t:|1731966038\n|cant|p1b: Unashamed|slp\n|move|p2b: Porygon2|Tera Blast|p1a: Charade\n|-damage|p1a: Charade|0 fnt\n|faint|p1a: Charade\n|move|p2a: Incineroar|Flare Blitz|p1b: Unashamed\n|-damage|p1b: Unashamed|35\/100 slp\n|-damage|p2a: Incineroar|16\/100|[from] Recoil\n|\n|upkeep\n|turn|9\n|\n|t:|1731966044\n|move|p2b: Porygon2|Recover|p2b: Porygon2\n|-heal|p2b: Porygon2|66\/100\n|-curestatus|p1b: Unashamed|slp|[msg]\n|move|p1b: Unashamed|Hyper Voice|p2a: Incineroar|[spread] p2a,p2b\n|-damage|p2a: Incineroar|0 fnt\n|-damage|p2b: Porygon2|33\/100\n|faint|p2a: Incineroar\n|-damage|p1b: Unashamed|26\/100|[from] item: Life Orb\n|\n|upkeep\n|\n|t:|1731966048\n|switch|p2a: Amoonguss|Amoonguss, L50, M|63\/100\n|turn|10\n|\n|t:|1731966053\n|move|p2b: Porygon2|Recover|p2b: Porygon2\n|-heal|p2b: Porygon2|84\/100\n|move|p2a: Amoonguss|Spore|p1b: Unashamed\n|-status|p1b: Unashamed|slp|[from] move: Spore\n|cant|p1b: Unashamed|slp\n|\n|upkeep\n|turn|11\n|\n|t:|1731966059\n|move|p2a: Amoonguss|Pollen Puff|p1b: Unashamed\n|-damage|p1b: Unashamed|4\/100 slp\n|cant|p1b: Unashamed|slp\n|move|p2b: Porygon2|Tera Blast|p1b: Unashamed\n|-damage|p1b: Unashamed|0 fnt\n|faint|p1b: Unashamed\n|\n|win|BIG RAINA\n|raw|VGCLTH John Pork's rating: 1796 &rarr; <strong>1773<\/strong><br \/>(-23 for losing)\n|raw|BIG RAINA's rating: 1745 &rarr; <strong>1768<\/strong><br \/>(+23 for winning)\n|l|\u2606BIG RAINA\n|player|p2|\n|l|\u2606VGCLTH John Pork\n|player|p1|\n|j|\u2606VGCLTH John Pork\n|player|p1|VGCLTH John Pork|ogreclan|\n|l|\u2606VGCLTH John Pork\n|player|p1|\n","uploadtime":1731966242,"views":48,"formatid":"gen9vgc2024regh","rating":1768,"private":0,"password":null}