{"id":"gen9vgc2024regh-2246535458","format":"[Gen 9] VGC 2024 Reg H","players":["VGCLTH Oinge","SkullySully"],"log":"|raw|<div class=\"broadcast-blue\"><strong>This battle is required to be public due to a player having a name starting with 'vgclth'.<\/div>\n|j|\u2606VGCLTH Oinge\n|j|\u2606SkullySully\n|t:|1731972838\n|gametype|doubles\n|player|p1|VGCLTH Oinge|mars|1805\n|player|p2|SkullySully|blaine|1763\n|teamsize|p1|6\n|teamsize|p2|6\n|gen|9\n|tier|[Gen 9] VGC 2024 Reg H\n|rated|\n|rule|Species Clause: Limit one of each Pok\u00e9mon\n|rule|Item Clause: Limit 1 of each item\n|clearpoke\n|poke|p1|Armarouge, L50, M|\n|poke|p1|Maushold-Four, L50|\n|poke|p1|Indeedee-F, L50, F|\n|poke|p1|Gholdengo, L50|\n|poke|p1|Dragonite, L50, F|\n|poke|p1|Flamigo, L50, M|\n|poke|p2|Sinistcha-Masterpiece, L50|\n|poke|p2|Ursaluna, L50, F|\n|poke|p2|Zoroark-Hisui, L50, M|\n|poke|p2|Armarouge, L50, M|\n|poke|p2|Archaludon, L50, F|\n|poke|p2|Pelipper, L50, F|\n|teampreview|4\n|inactive|Battle timer is ON: inactive players will automatically lose when time's up. (requested by VGCLTH Oinge)\n|\n|t:|1731972862\n|start\n|switch|p1a: Maushold|Maushold-Four, L50|100\/100\n|switch|p1b: Armarouge|Armarouge, L50, M|100\/100\n|switch|p2a: Armarouge|Armarouge, L50, M, shiny|100\/100\n|switch|p2b: Archaludon|Archaludon, L50, F|100\/100\n|turn|1\n|inactive|VGCLTH Oinge has 30 seconds left.\n|\n|t:|1731972892\n|-terastallize|p1b: Armarouge|Psychic\n|move|p1a: Maushold|Beat Up|p1b: Armarouge\n|-supereffective|p1b: Armarouge\n|-damage|p1b: Armarouge|97\/100\n|-ability|p1b: Armarouge|Weak Armor|boost\n|-unboost|p1b: Armarouge|def|1\n|-boost|p1b: Armarouge|spe|2\n|-enditem|p1b: Armarouge|Weakness Policy\n|-boost|p1b: Armarouge|atk|2|[from] item: Weakness Policy\n|-boost|p1b: Armarouge|spa|2|[from] item: Weakness Policy\n|-supereffective|p1b: Armarouge\n|-damage|p1b: Armarouge|92\/100\n|-ability|p1b: Armarouge|Weak Armor|boost\n|-unboost|p1b: Armarouge|def|1\n|-boost|p1b: Armarouge|spe|2\n|-supereffective|p1b: Armarouge\n|-damage|p1b: Armarouge|87\/100\n|-ability|p1b: Armarouge|Weak Armor|boost\n|-unboost|p1b: Armarouge|def|1\n|-boost|p1b: Armarouge|spe|2\n|-supereffective|p1b: Armarouge\n|-damage|p1b: Armarouge|80\/100\n|-ability|p1b: Armarouge|Weak Armor|boost\n|-unboost|p1b: Armarouge|def|1\n|-hitcount|p1b: Armarouge|4\n|move|p1b: Armarouge|Stored Power|p2a: Armarouge\n|-enditem|p2a: Armarouge|Focus Sash\n|-damage|p2a: Armarouge|1\/100\n|replace|p2a: Zoroark|Zoroark-Hisui, L50, M, shiny\n|-end|p2a: Zoroark|Illusion\n|move|p2a: Zoroark|Bitter Malice|p1b: Armarouge\n|-supereffective|p1b: Armarouge\n|-damage|p1b: Armarouge|14\/100\n|-unboost|p1b: Armarouge|atk|1\n|move|p2b: Archaludon|Snarl|p1a: Maushold|[spread] p1a,p1b\n|-supereffective|p1b: Armarouge\n|-damage|p1a: Maushold|83\/100\n|-damage|p1b: Armarouge|0 fnt\n|-unboost|p1a: Maushold|spa|1\n|faint|p1b: Armarouge\n|\n|upkeep\n|inactive|VGCLTH Oinge has 30 seconds left.\n|\n|t:|1731972925\n|switch|p1b: Gholdengo|Gholdengo, L50|100\/100\n|turn|2\n|\n|t:|1731972941\n|move|p1a: Maushold|Beat Up|p2a: Zoroark\n|-supereffective|p2a: Zoroark\n|-damage|p2a: Zoroark|0 fnt\n|faint|p2a: Zoroark\n|-hitcount|p2: Zoroark|1\n|move|p1b: Gholdengo|Nasty Plot|p1b: Gholdengo\n|-boost|p1b: Gholdengo|spa|2\n|move|p2b: Archaludon|Snarl|p1b: Gholdengo|[spread] p1a,p1b\n|-supereffective|p1b: Gholdengo\n|-damage|p1a: Maushold|66\/100\n|-damage|p1b: Gholdengo|78\/100\n|-unboost|p1a: Maushold|spa|1\n|-unboost|p1b: Gholdengo|spa|1\n|\n|-heal|p1b: Gholdengo|84\/100|[from] item: Leftovers\n|upkeep\n|\n|t:|1731972960\n|switch|p2a: Armarouge|Armarouge, L50, M, shiny|100\/100\n|turn|3\n|\n|t:|1731972972\n|-terastallize|p2a: Armarouge|Grass\n|move|p1a: Maushold|Protect|p1a: Maushold\n|-singleturn|p1a: Maushold|Protect\n|move|p1b: Gholdengo|Protect|p1b: Gholdengo\n|-singleturn|p1b: Gholdengo|Protect\n|move|p2b: Archaludon|Snarl|p1b: Gholdengo|[spread] \n|-activate|p1a: Maushold|move: Protect\n|-activate|p1b: Gholdengo|move: Protect\n|move|p2a: Armarouge|Trick Room|p2a: Armarouge\n|-fieldstart|move: Trick Room|[of] p2a: Armarouge\n|\n|-heal|p1b: Gholdengo|90\/100|[from] item: Leftovers\n|upkeep\n|turn|4\n|\n|t:|1731972992\n|move|p1a: Maushold|Follow Me|p1a: Maushold\n|-singleturn|p1a: Maushold|move: Follow Me\n|move|p2a: Armarouge|Heat Wave|p1b: Gholdengo|[spread] p1a,p1b\n|-supereffective|p1b: Gholdengo\n|-damage|p1a: Maushold|20\/100\n|-damage|p1b: Gholdengo|31\/100\n|move|p2b: Archaludon|Snarl|p1a: Maushold|[spread] p1a,p1b\n|-supereffective|p1b: Gholdengo\n|-damage|p1a: Maushold|3\/100\n|-damage|p1b: Gholdengo|8\/100\n|-unboost|p1a: Maushold|spa|1\n|-unboost|p1b: Gholdengo|spa|1\n|move|p1b: Gholdengo|Make It Rain|p2a: Armarouge|[spread] p2a,p2b\n|-resisted|p2b: Archaludon\n|-damage|p2a: Armarouge|50\/100\n|-damage|p2b: Archaludon|84\/100\n|-unboost|p1b: Gholdengo|spa|1\n|-ability|p2b: Archaludon|Stamina|boost\n|-boost|p2b: Archaludon|def|1\n|\n|-heal|p1b: Gholdengo|14\/100|[from] item: Leftovers\n|upkeep\n|turn|5\n|-message|VGCLTH Oinge forfeited.\n|\n|win|SkullySully\n|raw|VGCLTH Oinge's rating: 1805 &rarr; <strong>1783<\/strong><br \/>(-22 for losing)\n|raw|SkullySully's rating: 1763 &rarr; <strong>1785<\/strong><br \/>(+22 for winning)\n|l|\u2606VGCLTH Oinge\n|player|p1|\n|l|\u2606SkullySully\n|player|p2|\n|raw|<div class=\"broadcast-red\"><b>The server is restarting soon.<\/b><br \/>Please finish your battles quickly. No new battles can be started until the server resets in a few minutes.<\/div>\n","uploadtime":1731973180,"views":20,"formatid":"gen9vgc2024regh","rating":1783,"private":0,"password":null}