{"id":"gen9vgc2024regh-2246425961","format":"[Gen 9] VGC 2024 Reg H","players":["zer90","Zyros Phade"],"log":"|j|\u2606zer90\n|j|\u2606Zyros Phade\n|t:|1731960909\n|gametype|doubles\n|player|p1|zer90|lucas|1662\n|player|p2|Zyros Phade|170|1744\n|teamsize|p1|6\n|teamsize|p2|6\n|gen|9\n|tier|[Gen 9] VGC 2024 Reg H\n|rated|\n|rule|Species Clause: Limit one of each Pok\u00e9mon\n|rule|Item Clause: Limit 1 of each item\n|clearpoke\n|poke|p1|Dragonite, L50, F|\n|poke|p1|Gholdengo, L50|\n|poke|p1|Primarina, L50, F|\n|poke|p1|Incineroar, L50, M|\n|poke|p1|Ursaluna-Bloodmoon, L50, M|\n|poke|p1|Amoonguss, L50, F|\n|poke|p2|Archaludon, L50, F|\n|poke|p2|Porygon2, L50|\n|poke|p2|Amoonguss, L50, F|\n|poke|p2|Incineroar, L50, F|\n|poke|p2|Pelipper, L50, F|\n|poke|p2|Annihilape, L50, F|\n|teampreview|4\n|inactive|Battle timer is ON: inactive players will automatically lose when time's up. (requested by Zyros Phade)\n|inactive|zer90 has 60 seconds left.\n|inactive|zer90 has 30 seconds left.\n|\n|t:|1731960980\n|start\n|switch|p1a: Dragonite|Dragonite, L50, F|100\/100\n|switch|p1b: Amoonguss|Amoonguss, L50, F|100\/100\n|switch|p2a: Pelipper|Pelipper, L50, F|100\/100\n|switch|p2b: Archaludon|Archaludon, L50, F|100\/100\n|-weather|RainDance|[from] ability: Drizzle|[of] p2a: Pelipper\n|turn|1\n|\n|t:|1731960989\n|-terastallize|p2b: Archaludon|Electric\n|-terastallize|p1a: Dragonite|Electric\n|move|p2a: Pelipper|Icy Wind|p1a: Dragonite|[spread] p1a,p1b\n|-supereffective|p1b: Amoonguss\n|-damage|p1a: Dragonite|96\/100\n|-damage|p1b: Amoonguss|79\/100\n|-unboost|p1a: Dragonite|spe|1\n|-unboost|p1b: Amoonguss|spe|1\n|move|p2b: Archaludon|Electro Shot||[still]\n|-prepare|p2b: Archaludon|Electro Shot\n|-boost|p2b: Archaludon|spa|1\n|-anim|p2b: Archaludon|Electro Shot|p1a: Dragonite\n|-resisted|p1a: Dragonite\n|-damage|p1a: Dragonite|54\/100\n|-damage|p2b: Archaludon|91\/100|[from] item: Life Orb\n|move|p1a: Dragonite|Stomping Tantrum|p2b: Archaludon\n|-supereffective|p2b: Archaludon\n|-damage|p2b: Archaludon|44\/100\n|move|p1b: Amoonguss|Spore|p2a: Pelipper\n|-status|p2a: Pelipper|slp|[from] move: Spore\n|\n|-weather|RainDance|[upkeep]\n|upkeep\n|turn|2\n|\n|t:|1731961012\n|cant|p2a: Pelipper|slp\n|move|p2b: Archaludon|Dragon Pulse|p1b: Amoonguss\n|-damage|p1b: Amoonguss|6\/100\n|-damage|p2b: Archaludon|34\/100|[from] item: Life Orb\n|move|p1a: Dragonite|Thunder Punch|p2a: Pelipper\n|-supereffective|p2a: Pelipper\n|-damage|p2a: Pelipper|0 fnt\n|faint|p2a: Pelipper\n|move|p1b: Amoonguss|Spore|p2b: Archaludon\n|-status|p2b: Archaludon|slp|[from] move: Spore\n|\n|-weather|RainDance|[upkeep]\n|upkeep\n|\n|t:|1731961018\n|switch|p2a: Incineroar|Incineroar, L50, F|100\/100\n|-ability|p2a: Incineroar|Intimidate|boost\n|-unboost|p1a: Dragonite|atk|1\n|-unboost|p1b: Amoonguss|atk|1\n|turn|3\n|\n|t:|1731961040\n|move|p2a: Incineroar|Fake Out|p1a: Dragonite\n|-damage|p1a: Dragonite|41\/100\n|cant|p2b: Archaludon|slp\n|cant|p1a: Dragonite|flinch\n|move|p1b: Amoonguss|Clear Smog|p1a: Dragonite\n|-damage|p1a: Dragonite|29\/100\n|-clearboost|p1a: Dragonite\n|\n|-weather|RainDance|[upkeep]\n|upkeep\n|turn|4\n|\n|t:|1731961052\n|move|p1b: Amoonguss|Rage Powder|p1b: Amoonguss\n|-singleturn|p1b: Amoonguss|move: Rage Powder\n|cant|p2b: Archaludon|slp\n|move|p1a: Dragonite|Stomping Tantrum|p2a: Incineroar\n|-supereffective|p2a: Incineroar\n|-damage|p2a: Incineroar|2\/100\n|move|p2a: Incineroar|Knock Off|p1b: Amoonguss\n|-damage|p1b: Amoonguss|0 fnt\n|-enditem|p1b: Amoonguss|Coba Berry|[from] move: Knock Off|[of] p2a: Incineroar\n|faint|p1b: Amoonguss\n|\n|-weather|RainDance|[upkeep]\n|upkeep\n|\n|t:|1731961062\n|switch|p1b: Primarina|Primarina, L50, F|100\/100\n|turn|5\n|\n|t:|1731961082\n|move|p1b: Primarina|Hyper Voice|p2a: Incineroar|[spread] p2a,p2b\n|-supereffective|p2a: Incineroar\n|-crit|p2a: Incineroar\n|-damage|p2a: Incineroar|0 fnt\n|-damage|p2b: Archaludon|0 fnt\n|faint|p2a: Incineroar\n|faint|p2b: Archaludon\n|move|p1a: Dragonite|Thunder Punch|p2: Incineroar|[notarget]\n|-fail|p1a: Dragonite\n|\n|-weather|none\n|upkeep\n|\n|t:|1731961088\n|switch|p2b: Annihilape|Annihilape, L50, F|100\/100\n|turn|6\n|-message|Zyros Phade forfeited.\n|\n|win|zer90\n|raw|zer90's rating: 1662 &rarr; <strong>1687<\/strong><br \/>(+25 for winning)\n|raw|Zyros Phade's rating: 1744 &rarr; <strong>1719<\/strong><br \/>(-25 for losing)\n","uploadtime":1731961096,"views":25,"formatid":"gen9vgc2024regh","rating":1687,"private":0,"password":null}