{"id":"gen9vgc2024regh-2246227178","format":"[Gen 9] VGC 2024 Reg H","players":["VGCLTH Oinge","Smurshifu"],"log":"|raw|<div class=\"broadcast-blue\"><strong>This battle is required to be public due to a player having a name starting with 'vgclth'.<\/div>\n|j|\u2606VGCLTH Oinge\n|j|\u2606Smurshifu\n|t:|1731941420\n|gametype|doubles\n|player|p1|VGCLTH Oinge|mars|1779\n|player|p2|Smurshifu|youngster-gen4dp|1740\n|teamsize|p1|6\n|teamsize|p2|6\n|gen|9\n|tier|[Gen 9] VGC 2024 Reg H\n|rated|\n|rule|Species Clause: Limit one of each Pok\u00e9mon\n|rule|Item Clause: Limit 1 of each item\n|clearpoke\n|poke|p1|Armarouge, L50, M|\n|poke|p1|Maushold-Four, L50|\n|poke|p1|Indeedee-F, L50, F|\n|poke|p1|Rillaboom, L50, M|\n|poke|p1|Gholdengo, L50|\n|poke|p1|Dragonite, L50, F|\n|poke|p2|Archaludon, L50, M|\n|poke|p2|Pelipper, L50, F|\n|poke|p2|Gholdengo, L50|\n|poke|p2|Ursaluna, L50, F|\n|poke|p2|Sinistcha, L50|\n|poke|p2|Dragonite, L50, F|\n|teampreview|4\n|\n|t:|1731941452\n|start\n|switch|p1a: Maushold|Maushold-Four, L50|100\/100\n|switch|p1b: Armarouge|Armarouge, L50, M|100\/100\n|switch|p2a: Archaludon|Archaludon, L50, M|100\/100\n|switch|p2b: Pelipper|Pelipper, L50, F|100\/100\n|-weather|RainDance|[from] ability: Drizzle|[of] p2b: Pelipper\n|turn|1\n|\n|t:|1731941470\n|-terastallize|p2b: Pelipper|Ghost\n|move|p1b: Armarouge|Endure|p1b: Armarouge\n|-singleturn|p1b: Armarouge|move: Endure\n|move|p1a: Maushold|Beat Up|p1b: Armarouge\n|-supereffective|p1b: Armarouge\n|-damage|p1b: Armarouge|97\/100\n|-ability|p1b: Armarouge|Weak Armor|boost\n|-unboost|p1b: Armarouge|def|1\n|-boost|p1b: Armarouge|spe|2\n|-enditem|p1b: Armarouge|Weakness Policy\n|-boost|p1b: Armarouge|atk|2|[from] item: Weakness Policy\n|-boost|p1b: Armarouge|spa|2|[from] item: Weakness Policy\n|-supereffective|p1b: Armarouge\n|-damage|p1b: Armarouge|92\/100\n|-ability|p1b: Armarouge|Weak Armor|boost\n|-unboost|p1b: Armarouge|def|1\n|-boost|p1b: Armarouge|spe|2\n|-supereffective|p1b: Armarouge\n|-damage|p1b: Armarouge|87\/100\n|-ability|p1b: Armarouge|Weak Armor|boost\n|-unboost|p1b: Armarouge|def|1\n|-boost|p1b: Armarouge|spe|2\n|-supereffective|p1b: Armarouge\n|-damage|p1b: Armarouge|80\/100\n|-ability|p1b: Armarouge|Weak Armor|boost\n|-unboost|p1b: Armarouge|def|1\n|-hitcount|p1b: Armarouge|4\n|move|p2b: Pelipper|Muddy Water|p1a: Maushold|[spread] p1a,p1b\n|-supereffective|p1b: Armarouge\n|-damage|p1a: Maushold|49\/100\n|-damage|p1b: Armarouge|11\/100\n|move|p2a: Archaludon|Electro Shot||[still]\n|-prepare|p2a: Archaludon|Electro Shot\n|-boost|p2a: Archaludon|spa|1\n|-anim|p2a: Archaludon|Electro Shot|p1b: Armarouge\n|-activate|p1b: Armarouge|move: Endure\n|-damage|p1b: Armarouge|1\/100\n|\n|-weather|RainDance|[upkeep]\n|upkeep\n|turn|2\n|\n|t:|1731941513\n|move|p1b: Armarouge|Expanding Force|p2a: Archaludon\n|-resisted|p2a: Archaludon\n|-damage|p2a: Archaludon|70\/100\n|-ability|p2a: Archaludon|Stamina|boost\n|-boost|p2a: Archaludon|def|1\n|move|p1a: Maushold|U-turn|p2b: Pelipper\n|-resisted|p2b: Pelipper\n|-damage|p2b: Pelipper|92\/100\n|\n|t:|1731941521\n|switch|p1a: Indeedee|Indeedee-F, L50, F|100\/100|[from] U-turn\n|-fieldstart|move: Psychic Terrain|[from] ability: Psychic Surge|[of] p1a: Indeedee\n|-enditem|p1a: Indeedee|Psychic Seed\n|-boost|p1a: Indeedee|spd|1|[from] item: Psychic Seed\n|move|p2b: Pelipper|Muddy Water|p1a: Indeedee|[spread] p1a\n|-miss|p2b: Pelipper|p1b: Armarouge\n|-damage|p1a: Indeedee|75\/100\n|-unboost|p1a: Indeedee|accuracy|1\n|move|p2a: Archaludon|Snarl|p1b: Armarouge|[spread] p1a,p1b\n|-supereffective|p1a: Indeedee\n|-supereffective|p1b: Armarouge\n|-damage|p1a: Indeedee|54\/100\n|-damage|p1b: Armarouge|0 fnt\n|-unboost|p1a: Indeedee|spa|1\n|faint|p1b: Armarouge\n|\n|-weather|RainDance|[upkeep]\n|upkeep\n|\n|t:|1731941527\n|switch|p1b: Gholdengo|Gholdengo, L50|100\/100\n|turn|3\n|\n|t:|1731941537\n|switch|p2b: Sinistcha|Sinistcha, L50|100\/100\n|-heal|p2a: Archaludon|95\/100|[from] ability: Hospitality|[of] p2b: Sinistcha\n|move|p1a: Indeedee|Follow Me|p1a: Indeedee\n|-singleturn|p1a: Indeedee|move: Follow Me\n|move|p1b: Gholdengo|Shadow Ball|p2b: Sinistcha\n|-supereffective|p2b: Sinistcha\n|-damage|p2b: Sinistcha|22\/100\n|-enditem|p2b: Sinistcha|Sitrus Berry|[eat]\n|-heal|p2b: Sinistcha|47\/100|[from] item: Sitrus Berry\n|move|p2a: Archaludon|Snarl|p1a: Indeedee|[spread] p1a,p1b\n|-supereffective|p1a: Indeedee\n|-supereffective|p1b: Gholdengo\n|-damage|p1a: Indeedee|30\/100\n|-damage|p1b: Gholdengo|68\/100\n|-unboost|p1a: Indeedee|spa|1\n|-unboost|p1b: Gholdengo|spa|1\n|\n|-weather|RainDance|[upkeep]\n|-heal|p1b: Gholdengo|74\/100|[from] item: Leftovers\n|upkeep\n|turn|4\n|\n|t:|1731941549\n|switch|p2b: Dragonite|Dragonite, L50, F|100\/100\n|move|p1a: Indeedee|Follow Me|p1a: Indeedee\n|-singleturn|p1a: Indeedee|move: Follow Me\n|move|p1b: Gholdengo|Nasty Plot|p1b: Gholdengo\n|-boost|p1b: Gholdengo|spa|2\n|move|p2a: Archaludon|Snarl|p1a: Indeedee|[spread] p1a,p1b\n|-supereffective|p1a: Indeedee\n|-supereffective|p1b: Gholdengo\n|-damage|p1a: Indeedee|6\/100\n|-damage|p1b: Gholdengo|41\/100\n|-unboost|p1a: Indeedee|spa|1\n|-unboost|p1b: Gholdengo|spa|1\n|\n|-weather|RainDance|[upkeep]\n|-heal|p1b: Gholdengo|47\/100|[from] item: Leftovers\n|upkeep\n|turn|5\n|-message|VGCLTH Oinge forfeited.\n|\n|win|Smurshifu\n|raw|VGCLTH Oinge's rating: 1779 &rarr; <strong>1757<\/strong><br \/>(-22 for losing)\n|raw|Smurshifu's rating: 1740 &rarr; <strong>1762<\/strong><br \/>(+22 for winning)\n|l|\u2606VGCLTH Oinge\n|player|p1|\n|l|\u2606Smurshifu\n|player|p2|\n","uploadtime":1731941792,"views":16,"formatid":"gen9vgc2024regh","rating":1757,"private":0,"password":null}