{"id":"gen9vgc2024regh-2246187748","format":"[Gen 9] VGC 2024 Reg H","players":["VGCLTH Oinge","Irina Avalon"],"log":"|raw|<div class=\"broadcast-blue\"><strong>This battle is required to be public due to a player having a name starting with 'vgclth'.<\/div>\n|j|\u2606VGCLTH Oinge\n|j|\u2606Irina Avalon\n|t:|1731936860\n|gametype|doubles\n|player|p1|VGCLTH Oinge|mars|1636\n|player|p2|Irina Avalon|lady-gen4|1728\n|teamsize|p1|6\n|teamsize|p2|6\n|gen|9\n|tier|[Gen 9] VGC 2024 Reg H\n|rated|\n|rule|Species Clause: Limit one of each Pok\u00e9mon\n|rule|Item Clause: Limit 1 of each item\n|clearpoke\n|poke|p1|Armarouge, L50, F|\n|poke|p1|Maushold-Four, L50|\n|poke|p1|Indeedee-F, L50, F|\n|poke|p1|Rillaboom, L50, M|\n|poke|p1|Gholdengo, L50|\n|poke|p1|Dragonite, L50, F|\n|poke|p2|Pelipper, L50, M|\n|poke|p2|Archaludon, L50, M|\n|poke|p2|Dragonite, L50, F|\n|poke|p2|Annihilape, L50, F|\n|poke|p2|Sinistcha, L50|\n|poke|p2|Metagross, L50|\n|teampreview|4\n|\n|t:|1731936897\n|start\n|switch|p1a: Maushold|Maushold-Four, L50|100\/100\n|switch|p1b: Armarouge|Armarouge, L50, F|100\/100\n|switch|p2a: Sinistcha|Sinistcha, L50|100\/100\n|switch|p2b: Archaludon|Archaludon, L50, M|100\/100\n|turn|1\n|\n|t:|1731936910\n|-terastallize|p2a: Sinistcha|Dark\n|move|p1a: Maushold|Taunt|p2a: Sinistcha\n|-start|p2a: Sinistcha|move: Taunt\n|move|p2b: Archaludon|Electro Shot||[still]\n|-prepare|p2b: Archaludon|Electro Shot\n|-boost|p2b: Archaludon|spa|1\n|-enditem|p2b: Archaludon|Power Herb\n|-anim|p2b: Archaludon|Electro Shot|p1b: Armarouge\n|-damage|p1b: Armarouge|46\/100\n|move|p1b: Armarouge|Heat Wave|p2b: Archaludon|[spread] p2a,p2b\n|-damage|p2a: Sinistcha|66\/100\n|-damage|p2b: Archaludon|49\/100\n|cant|p2a: Sinistcha|move: Taunt|Calm Mind\n|\n|upkeep\n|turn|2\n|\n|t:|1731936940\n|-terastallize|p1b: Armarouge|Stellar\n|move|p1a: Maushold|Beat Up|p1b: Armarouge\n|-supereffective|p1b: Armarouge\n|-damage|p1b: Armarouge|43\/100\n|-ability|p1b: Armarouge|Weak Armor|boost\n|-unboost|p1b: Armarouge|def|1\n|-boost|p1b: Armarouge|spe|2\n|-enditem|p1b: Armarouge|Weakness Policy\n|-boost|p1b: Armarouge|atk|2|[from] item: Weakness Policy\n|-boost|p1b: Armarouge|spa|2|[from] item: Weakness Policy\n|-supereffective|p1b: Armarouge\n|-damage|p1b: Armarouge|38\/100\n|-ability|p1b: Armarouge|Weak Armor|boost\n|-unboost|p1b: Armarouge|def|1\n|-boost|p1b: Armarouge|spe|2\n|-supereffective|p1b: Armarouge\n|-damage|p1b: Armarouge|33\/100\n|-ability|p1b: Armarouge|Weak Armor|boost\n|-unboost|p1b: Armarouge|def|1\n|-boost|p1b: Armarouge|spe|2\n|-supereffective|p1b: Armarouge\n|-damage|p1b: Armarouge|26\/100\n|-ability|p1b: Armarouge|Weak Armor|boost\n|-unboost|p1b: Armarouge|def|1\n|-hitcount|p1b: Armarouge|4\n|move|p1b: Armarouge|Heat Wave|p2b: Archaludon|[spread] p2a,p2b\n|-damage|p2a: Sinistcha|0 fnt\n|-damage|p2b: Archaludon|0 fnt\n|faint|p2a: Sinistcha\n|faint|p2b: Archaludon\n|\n|upkeep\n|\n|t:|1731936955\n|switch|p2b: Pelipper|Pelipper, L50, M|100\/100\n|switch|p2a: Annihilape|Annihilape, L50, F|100\/100\n|-weather|RainDance|[from] ability: Drizzle|[of] p2b: Pelipper\n|turn|3\n|\n|t:|1731936969\n|move|p1a: Maushold|Follow Me|p1a: Maushold\n|-singleturn|p1a: Maushold|move: Follow Me\n|move|p1b: Armarouge|Stored Power|p2a: Annihilape\n|-supereffective|p2a: Annihilape\n|-enditem|p2a: Annihilape|Focus Sash\n|-damage|p2a: Annihilape|1\/100\n|move|p2b: Pelipper|Muddy Water|p1a: Maushold|[spread] p1a,p1b\n|-supereffective|p1b: Armarouge\n|-damage|p1a: Maushold|44\/100\n|-damage|p1b: Armarouge|0 fnt\n|faint|p1b: Armarouge\n|move|p2a: Annihilape|Close Combat|p1a: Maushold\n|-supereffective|p1a: Maushold\n|-damage|p1a: Maushold|0 fnt\n|-unboost|p2a: Annihilape|def|1\n|-unboost|p2a: Annihilape|spd|1\n|faint|p1a: Maushold\n|\n|-weather|RainDance|[upkeep]\n|upkeep\n|\n|t:|1731936980\n|switch|p1a: Indeedee|Indeedee-F, L50, F|100\/100\n|switch|p1b: Gholdengo|Gholdengo, L50|100\/100\n|-fieldstart|move: Psychic Terrain|[from] ability: Psychic Surge|[of] p1a: Indeedee\n|-enditem|p1a: Indeedee|Psychic Seed\n|-boost|p1a: Indeedee|spd|1|[from] item: Psychic Seed\n|turn|4\n|\n|t:|1731937005\n|move|p1a: Indeedee|Follow Me|p1a: Indeedee\n|-singleturn|p1a: Indeedee|move: Follow Me\n|move|p2b: Pelipper|Muddy Water|p1b: Gholdengo|[spread] p1b\n|-miss|p2b: Pelipper|p1a: Indeedee\n|-damage|p1b: Gholdengo|54\/100\n|-unboost|p1b: Gholdengo|accuracy|1\n|move|p2a: Annihilape|Rage Fist|p1a: Indeedee\n|-immune|p1a: Indeedee\n|move|p1b: Gholdengo|Make It Rain|p2a: Annihilape|[spread] p2a,p2b\n|-resisted|p2b: Pelipper\n|-damage|p2a: Annihilape|0 fnt\n|-damage|p2b: Pelipper|58\/100\n|-unboost|p1b: Gholdengo|spa|1\n|faint|p2a: Annihilape\n|\n|-weather|RainDance|[upkeep]\n|-heal|p1b: Gholdengo|60\/100|[from] item: Leftovers\n|upkeep\n|turn|5\n|\n|t:|1731937027\n|move|p1b: Gholdengo|Protect|p1b: Gholdengo\n|-singleturn|p1b: Gholdengo|Protect\n|move|p2b: Pelipper|Muddy Water|p1b: Gholdengo|[spread] p1a\n|-activate|p1b: Gholdengo|move: Protect\n|-damage|p1a: Indeedee|70\/100\n|-unboost|p1a: Indeedee|accuracy|1\n|move|p1a: Indeedee|Trick Room|p1a: Indeedee\n|-fieldstart|move: Trick Room|[of] p1a: Indeedee\n|\n|-weather|RainDance|[upkeep]\n|-heal|p1b: Gholdengo|66\/100|[from] item: Leftovers\n|upkeep\n|turn|6\n|j| kokomi233233\n|\n|t:|1731937035\n|move|p1a: Indeedee|Psyshock|p2b: Pelipper\n|-damage|p2b: Pelipper|12\/100\n|move|p1b: Gholdengo|Shadow Ball|p2b: Pelipper|[miss]\n|-miss|p1b: Gholdengo|p2b: Pelipper\n|move|p2b: Pelipper|Muddy Water|p1a: Indeedee|[spread] p1a,p1b\n|-damage|p1a: Indeedee|43\/100\n|-damage|p1b: Gholdengo|18\/100\n|-unboost|p1a: Indeedee|accuracy|1\n|\n|-weather|RainDance|[upkeep]\n|-heal|p1b: Gholdengo|24\/100|[from] item: Leftovers\n|upkeep\n|turn|7\n|\n|t:|1731937043\n|move|p1a: Indeedee|Psyshock|p2b: Pelipper\n|-damage|p2b: Pelipper|0 fnt\n|faint|p2b: Pelipper\n|\n|win|VGCLTH Oinge\n|raw|VGCLTH Oinge's rating: 1636 &rarr; <strong>1662<\/strong><br \/>(+26 for winning)\n|raw|Irina Avalon's rating: 1742 &rarr; <strong>1716<\/strong><br \/>(-26 for losing)\n|l|\u2606Irina Avalon\n|player|p2|\n|l|\u2606VGCLTH Oinge\n|player|p1|\n|l| kokomi233233\n","uploadtime":1731937191,"views":13,"formatid":"gen9vgc2024regh","rating":1662,"private":0,"password":null}