{"id":"gen9vgc2024regh-2246507614","format":"[Gen 9] VGC 2024 Reg H","players":["VGCLTH Oinge","don't use magmar"],"log":"|raw|<div class=\"broadcast-blue\"><strong>This battle is required to be public due to a player having a name starting with 'vgclth'.<\/div>\n|j|\u2606VGCLTH Oinge\n|j|\u2606don't use magmar\n|t:|1731969450\n|gametype|doubles\n|player|p1|VGCLTH Oinge|mars|1746\n|player|p2|don't use magmar|lucas|1886\n|teamsize|p1|6\n|teamsize|p2|6\n|gen|9\n|tier|[Gen 9] VGC 2024 Reg H\n|rated|\n|rule|Species Clause: Limit one of each Pok\u00e9mon\n|rule|Item Clause: Limit 1 of each item\n|clearpoke\n|poke|p1|Armarouge, L50, F|\n|poke|p1|Maushold-Four, L50|\n|poke|p1|Indeedee-F, L50, F|\n|poke|p1|Gholdengo, L50|\n|poke|p1|Dragonite, L50, M|\n|poke|p1|Flamigo, L50, F|\n|poke|p2|Gholdengo, L50|\n|poke|p2|Annihilape, L50, F|\n|poke|p2|Ursaluna-Bloodmoon, L50, M|\n|poke|p2|Rillaboom, L50, F|\n|poke|p2|Dragonite, L50, M|\n|poke|p2|Ninetales-Alola, L50, F|\n|teampreview|4\n|j|+Chloe\n|\n|t:|1731969476\n|start\n|switch|p1a: Maushold|Maushold-Four, L50|100\/100\n|switch|p1b: Armarouge|Armarouge, L50, F|100\/100\n|switch|p2a: Dragonite|Dragonite, L50, M|100\/100\n|switch|p2b: Ninetales|Ninetales-Alola, L50, F|100\/100\n|-weather|Snow|[from] ability: Snow Warning|[of] p2b: Ninetales\n|turn|1\n|\n|t:|1731969507\n|-terastallize|p1b: Armarouge|Psychic\n|move|p2a: Dragonite|Protect|p2a: Dragonite\n|-singleturn|p2a: Dragonite|Protect\n|move|p1a: Maushold|U-turn|p1b: Armarouge\n|-supereffective|p1b: Armarouge\n|-damage|p1b: Armarouge|83\/100\n|-ability|p1b: Armarouge|Weak Armor|boost\n|-unboost|p1b: Armarouge|def|1\n|-boost|p1b: Armarouge|spe|2\n|-enditem|p1b: Armarouge|Weakness Policy\n|-boost|p1b: Armarouge|atk|2|[from] item: Weakness Policy\n|-boost|p1b: Armarouge|spa|2|[from] item: Weakness Policy\n|\n|t:|1731969515\n|switch|p1a: Gholdengo|Gholdengo, L50|100\/100|[from] U-turn\n|move|p1b: Armarouge|Stored Power|p2a: Dragonite\n|-activate|p2a: Dragonite|move: Protect\n|move|p2b: Ninetales|Aurora Veil|p2b: Ninetales\n|-sidestart|p2: don't use magmar|move: Aurora Veil\n|\n|-weather|Snow|[upkeep]\n|upkeep\n|turn|2\n|\n|t:|1731969528\n|switch|p2b: Rillaboom|Rillaboom, L50, F|100\/100\n|-fieldstart|move: Grassy Terrain|[from] ability: Grassy Surge|[of] p2b: Rillaboom\n|-terastallize|p2a: Dragonite|Normal\n|move|p2a: Dragonite|Extreme Speed|p1b: Armarouge\n|-damage|p1b: Armarouge|16\/100\n|-ability|p1b: Armarouge|Weak Armor|boost\n|-unboost|p1b: Armarouge|def|1\n|-boost|p1b: Armarouge|spe|2\n|move|p1b: Armarouge|Stored Power|p2a: Dragonite\n|-damage|p2a: Dragonite|15\/100\n|move|p1a: Gholdengo|Make It Rain|p2b: Rillaboom|[spread] p2a,p2b\n|-damage|p2a: Dragonite|0 fnt\n|-damage|p2b: Rillaboom|65\/100\n|-unboost|p1a: Gholdengo|spa|1\n|faint|p2a: Dragonite\n|\n|-weather|Snow|[upkeep]\n|-heal|p1b: Armarouge|22\/100|[from] Grassy Terrain\n|-heal|p2b: Rillaboom|71\/100|[from] Grassy Terrain\n|upkeep\n|\n|t:|1731969532\n|switch|p2a: Gholdengo|Gholdengo, L50|100\/100\n|turn|3\n|j| Kpxbrothers\n|\n|t:|1731969557\n|switch|p1a: Indeedee|Indeedee-F, L50, F|100\/100\n|-fieldstart|move: Psychic Terrain|[from] ability: Psychic Surge|[of] p1a: Indeedee\n|-enditem|p1a: Indeedee|Psychic Seed\n|-boost|p1a: Indeedee|spd|1|[from] item: Psychic Seed\n|move|p1b: Armarouge|Endure|p1b: Armarouge\n|-singleturn|p1b: Armarouge|move: Endure\n|move|p2b: Rillaboom|Protect|p2b: Rillaboom\n|-singleturn|p2b: Rillaboom|Protect\n|move|p2a: Gholdengo|Shadow Ball|p1b: Armarouge\n|-supereffective|p1b: Armarouge\n|-activate|p1b: Armarouge|move: Endure\n|-damage|p1b: Armarouge|1\/100\n|\n|-weather|Snow|[upkeep]\n|upkeep\n|turn|4\n|\n|t:|1731969575\n|move|p1a: Indeedee|Helping Hand|p1b: Armarouge\n|-singleturn|p1b: Armarouge|Helping Hand|[of] p1a: Indeedee\n|move|p2a: Gholdengo|Protect|p2a: Gholdengo\n|-singleturn|p2a: Gholdengo|Protect\n|move|p1b: Armarouge|Heat Wave|p2a: Gholdengo|[spread] p2b\n|-activate|p2a: Gholdengo|move: Protect\n|-supereffective|p2b: Rillaboom\n|-damage|p2b: Rillaboom|0 fnt\n|faint|p2b: Rillaboom\n|\n|-weather|Snow|[upkeep]\n|upkeep\n|\n|t:|1731969579\n|switch|p2b: Ninetales|Ninetales-Alola, L50, F|100\/100\n|turn|5\n|\n|t:|1731969583\n|move|p1a: Indeedee|Helping Hand|p1b: Armarouge\n|-singleturn|p1b: Armarouge|Helping Hand|[of] p1a: Indeedee\n|move|p1b: Armarouge|Heat Wave|p2b: Ninetales|[spread] p2a,p2b\n|-supereffective|p2a: Gholdengo\n|-supereffective|p2b: Ninetales\n|-damage|p2a: Gholdengo|0 fnt\n|-damage|p2b: Ninetales|0 fnt\n|faint|p2a: Gholdengo\n|faint|p2b: Ninetales\n|\n|win|VGCLTH Oinge\n|raw|VGCLTH Oinge's rating: 1746 &rarr; <strong>1774<\/strong><br \/>(+28 for winning)\n|raw|don&apos;t use magmar's rating: 1886 &rarr; <strong>1858<\/strong><br \/>(-28 for losing)\n|l|\u2606don't use magmar\n|player|p2|\n|l|\u2606VGCLTH Oinge\n|player|p1|\n","uploadtime":1731969856,"views":186,"formatid":"gen9vgc2024regh","rating":1774,"private":0,"password":null}