{"id":"gen9vgc2024regh-2246282043","format":"[Gen 9] VGC 2024 Reg H","players":["VGCLTH Oinge","Bef6"],"log":"|raw|<div class=\"broadcast-blue\"><strong>This battle is required to be public due to a player having a name starting with 'vgclth'.<\/div>\n|j|\u2606VGCLTH Oinge\n|j|\u2606Bef6\n|t:|1731947065\n|gametype|doubles\n|player|p1|VGCLTH Oinge|mars|1763\n|player|p2|Bef6|lucas|1713\n|teamsize|p1|6\n|teamsize|p2|6\n|gen|9\n|tier|[Gen 9] VGC 2024 Reg H\n|rated|\n|rule|Species Clause: Limit one of each Pok\u00e9mon\n|rule|Item Clause: Limit 1 of each item\n|clearpoke\n|poke|p1|Armarouge, L50, M|\n|poke|p1|Maushold-Four, L50|\n|poke|p1|Indeedee-F, L50, F|\n|poke|p1|Rillaboom, L50, F|\n|poke|p1|Gholdengo, L50|\n|poke|p1|Dragonite, L50, M|\n|poke|p2|Meowscarada, L50, F|\n|poke|p2|Typhlosion-Hisui, L50, F|\n|poke|p2|Primarina, L50, F|\n|poke|p2|Murkrow, L50, M|\n|poke|p2|Garchomp, L50, M|\n|poke|p2|Indeedee-F, L50, F|\n|teampreview|4\n|inactive|Battle timer is ON: inactive players will automatically lose when time's up. (requested by VGCLTH Oinge)\n|\n|t:|1731947113\n|start\n|switch|p1a: Maushold|Maushold-Four, L50|100\/100\n|switch|p1b: Armarouge|Armarouge, L50, M|100\/100\n|switch|p2a: Meowscarada|Meowscarada, L50, F|100\/100\n|switch|p2b: Primarina|Primarina, L50, F|100\/100\n|turn|1\n|inactive|VGCLTH Oinge has 30 seconds left.\n|j| GooglePay\n|\n|t:|1731947147\n|switch|p1b: Rillaboom|Rillaboom, L50, F|100\/100\n|-fieldstart|move: Grassy Terrain|[from] ability: Grassy Surge|[of] p1b: Rillaboom\n|move|p2a: Meowscarada|Knock Off|p1b: Rillaboom\n|-damage|p1b: Rillaboom|71\/100\n|-enditem|p1b: Rillaboom|Assault Vest|[from] move: Knock Off|[of] p2a: Meowscarada\n|move|p1a: Maushold|U-turn|p2a: Meowscarada\n|-supereffective|p2a: Meowscarada\n|-damage|p2a: Meowscarada|14\/100\n|\n|t:|1731947159\n|switch|p1a: Dragonite|Dragonite, L50, M|100\/100|[from] U-turn\n|move|p2b: Primarina|Hyper Voice|p1b: Rillaboom|[spread] p1a,p1b\n|-resisted|p1a: Dragonite\n|-resisted|p1b: Rillaboom\n|-damage|p1a: Dragonite|75\/100\n|-damage|p1b: Rillaboom|44\/100\n|-damage|p2b: Primarina|91\/100|[from] item: Life Orb\n|\n|-heal|p2a: Meowscarada|20\/100|[from] Grassy Terrain\n|-heal|p1b: Rillaboom|50\/100|[from] Grassy Terrain\n|-heal|p2b: Primarina|97\/100|[from] Grassy Terrain\n|upkeep\n|turn|2\n|\n|t:|1731947174\n|move|p2a: Meowscarada|Protect|p2a: Meowscarada\n|-singleturn|p2a: Meowscarada|Protect\n|move|p2b: Primarina|Protect|p2b: Primarina\n|-singleturn|p2b: Primarina|Protect\n|move|p1a: Dragonite|Scale Shot|p2a: Meowscarada\n|-activate|p2a: Meowscarada|move: Protect\n|move|p1b: Rillaboom|Wood Hammer|p2b: Primarina\n|-activate|p2b: Primarina|move: Protect\n|\n|-heal|p2a: Meowscarada|25\/100|[from] Grassy Terrain\n|-heal|p1b: Rillaboom|56\/100|[from] Grassy Terrain\n|-heal|p2b: Primarina|100\/100|[from] Grassy Terrain\n|upkeep\n|turn|3\n|\n|t:|1731947192\n|-terastallize|p2b: Primarina|Steel\n|move|p2a: Meowscarada|Grass Pledge|p1b: Rillaboom\n|-waiting|p2a: Meowscarada|p2b: Primarina\n|move|p2b: Primarina|Water Pledge|p1b: Rillaboom|[from]move: Grass Pledge\n|-combine\n|-resisted|p1b: Rillaboom\n|-damage|p1b: Rillaboom|0 fnt\n|-sidestart|p1: VGCLTH Oinge|Grass Pledge\n|faint|p1b: Rillaboom\n|-damage|p2b: Primarina|91\/100|[from] item: Life Orb\n|move|p1a: Dragonite|Scale Shot|p2a: Meowscarada\n|-damage|p2a: Meowscarada|2\/100\n|-damage|p2a: Meowscarada|0 fnt\n|faint|p2a: Meowscarada\n|-hitcount|p2: Meowscarada|2\n|-unboost|p1a: Dragonite|def|1\n|-boost|p1a: Dragonite|spe|1\n|\n|-heal|p2b: Primarina|97\/100|[from] Grassy Terrain\n|upkeep\n|\n|t:|1731947211\n|switch|p2a: Indeedee|Indeedee-F, L50, F|100\/100\n|switch|p1b: Armarouge|Armarouge, L50, M|100\/100\n|-fieldstart|move: Psychic Terrain|[from] ability: Psychic Surge|[of] p2a: Indeedee\n|-enditem|p2a: Indeedee|Psychic Seed\n|-boost|p2a: Indeedee|spd|1|[from] item: Psychic Seed\n|turn|4\n|\n|t:|1731947227\n|move|p1b: Armarouge|Endure|p1b: Armarouge\n|-singleturn|p1b: Armarouge|move: Endure\n|move|p2a: Indeedee|Psychic|p1b: Armarouge\n|-resisted|p1b: Armarouge\n|-damage|p1b: Armarouge|77\/100\n|move|p2b: Primarina|Moonblast|p1a: Dragonite\n|-supereffective|p1a: Dragonite\n|-damage|p1a: Dragonite|0 fnt\n|faint|p1a: Dragonite\n|-damage|p2b: Primarina|88\/100|[from] item: Life Orb\n|\n|upkeep\n|\n|t:|1731947234\n|switch|p1a: Maushold|Maushold-Four, L50|100\/100\n|turn|5\n|\n|t:|1731947247\n|-terastallize|p1b: Armarouge|Psychic\n|move|p2a: Indeedee|Psychic|p1b: Armarouge\n|-resisted|p1b: Armarouge\n|-damage|p1b: Armarouge|62\/100\n|move|p2b: Primarina|Hyper Voice|p1a: Maushold|[spread] p1a,p1b\n|-crit|p1b: Armarouge\n|-damage|p1a: Maushold|38\/100\n|-damage|p1b: Armarouge|0 fnt\n|faint|p1b: Armarouge\n|-damage|p2b: Primarina|78\/100|[from] item: Life Orb\n|move|p1a: Maushold|Beat Up|p1: Armarouge|[notarget]\n|-fail|p1a: Maushold\n|\n|upkeep\n|turn|6\n|-message|VGCLTH Oinge forfeited.\n|\n|win|Bef6\n|raw|VGCLTH Oinge's rating: 1763 &rarr; <strong>1740<\/strong><br \/>(-23 for losing)\n|raw|Bef6's rating: 1713 &rarr; <strong>1736<\/strong><br \/>(+23 for winning)\n|l|\u2606VGCLTH Oinge\n|player|p1|\n|l|\u2606Bef6\n|player|p2|\n|l| GooglePay\n","uploadtime":1731947510,"views":26,"formatid":"gen9vgc2024regh","rating":1736,"private":0,"password":null}