{"id":"gen9vgc2024regh-2246657357","format":"[Gen 9] VGC 2024 Reg H","players":["labsd","VGCLTH Bigfoot"],"log":"|raw|<div class=\"broadcast-blue\"><strong>This battle is required to be public due to a player having a name starting with 'vgclth'.<\/div>\n|j|\u2606labsd\n|j|\u2606VGCLTH Bigfoot\n|t:|1731988751\n|gametype|doubles\n|player|p1|labsd|265|1839\n|player|p2|VGCLTH Bigfoot|falkner|1740\n|teamsize|p1|6\n|teamsize|p2|6\n|gen|9\n|tier|[Gen 9] VGC 2024 Reg H\n|rated|\n|rule|Species Clause: Limit one of each Pok\u00e9mon\n|rule|Item Clause: Limit 1 of each item\n|clearpoke\n|poke|p1|Archaludon, L50, F|\n|poke|p1|Politoed, L50, M|\n|poke|p1|Sinistcha, L50|\n|poke|p1|Incineroar, L50, F|\n|poke|p1|Meowscarada, L50, M|\n|poke|p1|Kommo-o, L50, F|\n|poke|p2|Ceruledge, L50, M|\n|poke|p2|Gastrodon-East, L50, F|\n|poke|p2|Sneasler, L50, F|\n|poke|p2|Dragonite, L50, M|\n|poke|p2|Rillaboom, L50, F|\n|poke|p2|Kingambit, L50, M|\n|teampreview|4\n|j| crescent5\n|j| Therazer456\n|\n|t:|1731988798\n|start\n|switch|p1a: Meowscarada|Meowscarada, L50, M|100\/100\n|switch|p1b: Kommo-o|Kommo-o, L50, F|100\/100\n|switch|p2a: Joe Dog|Gastrodon-East, L50, F|100\/100\n|switch|p2b: Sneasler|Sneasler, L50, F, shiny|100\/100\n|turn|1\n|\n|t:|1731988813\n|switch|p1b: Incineroar|Incineroar, L50, F|100\/100\n|-ability|p1b: Incineroar|Intimidate|boost\n|-unboost|p2a: Joe Dog|atk|1\n|-unboost|p2b: Sneasler|atk|1\n|switch|p2a: Dragonite|Dragonite, L50, M|100\/100\n|-terastallize|p1a: Meowscarada|Ghost\n|move|p2b: Sneasler|Fake Out|p1b: Incineroar\n|-damage|p1b: Incineroar|91\/100\n|move|p1a: Meowscarada|Triple Axel|p2b: Sneasler\n|-damage|p2b: Sneasler|86\/100\n|-hitcount|p2b: Sneasler|1\n|\n|upkeep\n|turn|2\n|j| hail oil\n|\n|t:|1731988834\n|switch|p2b: Kingambit|Kingambit, L50, M|100\/100\n|move|p2a: Dragonite|Protect|p2a: Dragonite\n|-singleturn|p2a: Dragonite|Protect\n|move|p1b: Incineroar|Fake Out|p2a: Dragonite\n|-activate|p2a: Dragonite|move: Protect\n|move|p1a: Meowscarada|Triple Axel|p2b: Kingambit|[miss]\n|-miss|p1a: Meowscarada|p2b: Kingambit\n|\n|upkeep\n|turn|3\n|c|\u2606VGCLTH Bigfoot|I'm so sorry\n|\n|t:|1731988891\n|switch|p1a: Sinistcha|Sinistcha, L50|100\/100\n|-heal|p1b: Incineroar|100\/100|[from] ability: Hospitality|[of] p1a: Sinistcha\n|-terastallize|p2a: Dragonite|Fairy\n|move|p2b: Kingambit|Sucker Punch||[still]\n|-fail|p2b: Kingambit\n|move|p2a: Dragonite|Scale Shot|p1b: Incineroar\n|-damage|p1b: Incineroar|87\/100\n|-damage|p1b: Incineroar|73\/100\n|-damage|p1b: Incineroar|60\/100\n|-damage|p1b: Incineroar|46\/100\n|-damage|p1b: Incineroar|33\/100\n|-hitcount|p1b: Incineroar|5\n|-unboost|p2a: Dragonite|def|1\n|-boost|p2a: Dragonite|spe|1\n|move|p1b: Incineroar|Burning Jealousy|p2b: Kingambit|[spread] p2a,p2b\n|-supereffective|p2b: Kingambit\n|-crit|p2b: Kingambit\n|-damage|p2a: Dragonite|94\/100\n|-damage|p2b: Kingambit|73\/100\n|-status|p2a: Dragonite|brn\n|\n|-damage|p2a: Dragonite|88\/100 brn|[from] brn\n|upkeep\n|turn|4\n|l| crescent5\n|\n|t:|1731988947\n|switch|p1a: Kommo-o|Kommo-o, L50, F|100\/100\n|move|p2a: Dragonite|Scale Shot|p1b: Incineroar\n|-damage|p1b: Incineroar|26\/100\n|-damage|p1b: Incineroar|19\/100\n|-damage|p1b: Incineroar|12\/100\n|-damage|p1b: Incineroar|5\/100\n|-hitcount|p1b: Incineroar|4\n|-unboost|p2a: Dragonite|def|1\n|-boost|p2a: Dragonite|spe|1\n|move|p1b: Incineroar|Parting Shot|p2a: Dragonite\n|-unboost|p2a: Dragonite|atk|1\n|-unboost|p2a: Dragonite|spa|1\n|\n|t:|1731988960\n|switch|p1b: Meowscarada|Meowscarada, L50, M, tera:Ghost|100\/100|[from] Parting Shot\n|move|p2b: Kingambit|Kowtow Cleave|p1a: Kommo-o\n|-resisted|p1a: Kommo-o\n|-damage|p1a: Kommo-o|75\/100\n|\n|-damage|p2a: Dragonite|82\/100 brn|[from] brn\n|upkeep\n|turn|5\n|j| bigplan47\n|\n|t:|1731988999\n|switch|p2b: Sneasler|Sneasler, L50, F, shiny|86\/100\n|move|p1a: Kommo-o|Protect|p1a: Kommo-o\n|-singleturn|p1a: Kommo-o|Protect\n|move|p2a: Dragonite|Scale Shot|p1b: Meowscarada\n|-damage|p1b: Meowscarada|93\/100\n|-damage|p1b: Meowscarada|85\/100\n|-damage|p1b: Meowscarada|77\/100\n|-damage|p1b: Meowscarada|68\/100\n|-damage|p1b: Meowscarada|61\/100\n|-hitcount|p1b: Meowscarada|5\n|-unboost|p2a: Dragonite|def|1\n|-boost|p2a: Dragonite|spe|1\n|move|p1b: Meowscarada|Low Kick|p2b: Sneasler\n|-resisted|p2b: Sneasler\n|-damage|p2b: Sneasler|60\/100\n|\n|-damage|p2a: Dragonite|76\/100 brn|[from] brn\n|upkeep\n|turn|6\n|\n|t:|1731989020\n|switch|p1b: Incineroar|Incineroar, L50, F|5\/100\n|-ability|p1b: Incineroar|Intimidate|boost\n|-unboost|p2a: Dragonite|atk|1\n|-unboost|p2b: Sneasler|atk|1\n|switch|p1a: Sinistcha|Sinistcha, L50|100\/100\n|-heal|p1b: Incineroar|30\/100|[from] ability: Hospitality|[of] p1a: Sinistcha\n|move|p2b: Sneasler|Fake Out|p1a: Sinistcha\n|-immune|p1a: Sinistcha\n|move|p2a: Dragonite|Scale Shot|p1a: Sinistcha|[miss]\n|-miss|p2a: Dragonite|p1a: Sinistcha\n|\n|-damage|p2a: Dragonite|70\/100 brn|[from] brn\n|upkeep\n|turn|7\n|\n|t:|1731989063\n|switch|p2a: Kingambit|Kingambit, L50, M|73\/100\n|switch|p1b: Meowscarada|Meowscarada, L50, M, tera:Ghost|61\/100\n|move|p2b: Sneasler|Dire Claw|p1b: Meowscarada\n|-resisted|p1b: Meowscarada\n|-damage|p1b: Meowscarada|41\/100\n|-status|p1b: Meowscarada|par\n|move|p1a: Sinistcha|Matcha Gotcha|p2b: Sneasler|[spread] p2a,p2b\n|-resisted|p2a: Kingambit\n|-resisted|p2b: Sneasler\n|-damage|p2a: Kingambit|64\/100\n|-damage|p2b: Sneasler|44\/100\n|\n|upkeep\n|turn|8\n|\n|t:|1731989104\n|move|p1a: Sinistcha|Rage Powder|p1a: Sinistcha\n|-singleturn|p1a: Sinistcha|move: Rage Powder\n|move|p2a: Kingambit|Sucker Punch||[still]\n|-fail|p2a: Kingambit\n|move|p2b: Sneasler|Dire Claw|p1a: Sinistcha\n|-damage|p1a: Sinistcha|77\/100\n|-status|p1a: Sinistcha|psn\n|move|p1b: Meowscarada|Low Kick|p2a: Kingambit\n|-supereffective|p2a: Kingambit\n|-damage|p2a: Kingambit|0 fnt\n|faint|p2a: Kingambit\n|\n|-damage|p1a: Sinistcha|65\/100 psn|[from] psn\n|upkeep\n|\n|t:|1731989108\n|switch|p2a: Dragonite|Dragonite, L50, M, tera:Fairy|70\/100 brn\n|turn|9\n|\n|t:|1731989119\n|switch|p1a: Incineroar|Incineroar, L50, F|30\/100\n|-ability|p1a: Incineroar|Intimidate|boost\n|-unboost|p2a: Dragonite|atk|1\n|-unboost|p2b: Sneasler|atk|1\n|move|p2b: Sneasler|Coaching|p2a: Dragonite\n|-boost|p2a: Dragonite|atk|1\n|-boost|p2a: Dragonite|def|1\n|move|p2a: Dragonite|Scale Shot|p1b: Meowscarada\n|-damage|p1b: Meowscarada|30\/100 par\n|-damage|p1b: Meowscarada|20\/100 par\n|-damage|p1b: Meowscarada|8\/100 par\n|-damage|p1b: Meowscarada|0 fnt\n|faint|p1b: Meowscarada\n|-hitcount|p1: Meowscarada|4\n|-unboost|p2a: Dragonite|def|1\n|-boost|p2a: Dragonite|spe|1\n|\n|-damage|p2a: Dragonite|65\/100 brn|[from] brn\n|upkeep\n|\n|t:|1731989130\n|switch|p1b: Kommo-o|Kommo-o, L50, F|75\/100\n|turn|10\n|\n|t:|1731989149\n|switch|p2a: Joe Dog|Gastrodon-East, L50, F|100\/100\n|switch|p1a: Sinistcha|Sinistcha, L50|65\/100 psn\n|-heal|p1b: Kommo-o|99\/100|[from] ability: Hospitality|[of] p1a: Sinistcha\n|move|p2b: Sneasler|Close Combat|p1a: Sinistcha\n|-immune|p1a: Sinistcha\n|move|p1b: Kommo-o|Clangorous Soul|p1b: Kommo-o\n|-boost|p1b: Kommo-o|atk|1\n|-boost|p1b: Kommo-o|def|1\n|-boost|p1b: Kommo-o|spa|1\n|-boost|p1b: Kommo-o|spd|1\n|-boost|p1b: Kommo-o|spe|1\n|-damage|p1b: Kommo-o|67\/100\n|-enditem|p1b: Kommo-o|Throat Spray\n|-boost|p1b: Kommo-o|spa|1|[from] item: Throat Spray\n|\n|-damage|p1a: Sinistcha|52\/100 psn|[from] psn\n|upkeep\n|turn|11\n|\n|t:|1731989164\n|move|p2a: Joe Dog|Protect|p2a: Joe Dog\n|-singleturn|p2a: Joe Dog|Protect\n|move|p1b: Kommo-o|Clanging Scales|p2b: Sneasler|[spread] p2b\n|-activate|p2a: Joe Dog|move: Protect\n|-damage|p2b: Sneasler|0 fnt\n|faint|p2b: Sneasler\n|-unboost|p1b: Kommo-o|def|1\n|move|p1a: Sinistcha|Matcha Gotcha|p2a: Joe Dog\n|-activate|p2a: Joe Dog|move: Protect\n|\n|-damage|p1a: Sinistcha|40\/100 psn|[from] psn\n|upkeep\n|-enditem|p1a: Sinistcha|Sitrus Berry|[eat]\n|-heal|p1a: Sinistcha|65\/100 psn|[from] item: Sitrus Berry\n|\n|t:|1731989168\n|switch|p2b: Dragonite|Dragonite, L50, M, tera:Fairy|65\/100 brn\n|turn|12\n|\n|t:|1731989176\n|move|p1b: Kommo-o|Flamethrower|p2b: Dragonite\n|-damage|p2b: Dragonite|7\/100 brn\n|move|p2b: Dragonite|Scale Shot|p1a: Sinistcha\n|-crit|p1a: Sinistcha\n|-damage|p1a: Sinistcha|56\/100 psn\n|-damage|p1a: Sinistcha|50\/100 psn\n|-damage|p1a: Sinistcha|44\/100 psn\n|-crit|p1a: Sinistcha\n|-damage|p1a: Sinistcha|34\/100 psn\n|-damage|p1a: Sinistcha|29\/100 psn\n|-hitcount|p1a: Sinistcha|5\n|-unboost|p2b: Dragonite|def|1\n|-boost|p2b: Dragonite|spe|1\n|move|p1a: Sinistcha|Matcha Gotcha|p2b: Dragonite|[spread] p2a,p2b\n|-supereffective|p2a: Joe Dog\n|-damage|p2a: Joe Dog|11\/100\n|-heal|p1a: Sinistcha|84\/100 psn|[from] drain|[of] p2a: Joe Dog\n|-damage|p2b: Dragonite|0 fnt\n|-heal|p1a: Sinistcha|87\/100 psn|[from] drain|[of] p2b: Dragonite\n|-enditem|p2a: Joe Dog|Sitrus Berry|[eat]\n|-heal|p2a: Joe Dog|35\/100|[from] item: Sitrus Berry\n|faint|p2b: Dragonite\n|move|p2a: Joe Dog|Clear Smog|p1b: Kommo-o\n|-damage|p1b: Kommo-o|57\/100\n|-clearboost|p1b: Kommo-o\n|\n|-damage|p1a: Sinistcha|75\/100 psn|[from] psn\n|upkeep\n|turn|13\n|-message|VGCLTH Bigfoot forfeited.\n|\n|win|labsd\n|raw|labsd's rating: 1839 &rarr; <strong>1853<\/strong><br \/>(+14 for winning)\n|raw|VGCLTH Bigfoot's rating: 1740 &rarr; <strong>1726<\/strong><br \/>(-14 for losing)\n|l|\u2606VGCLTH Bigfoot\n|player|p2|\n|l|\u2606labsd\n|player|p1|\n|l| hail oil\n","uploadtime":1731989383,"views":16,"formatid":"gen9vgc2024regh","rating":1726,"private":0,"password":null}