{"id":"gen9vgc2024regh-2246494091","format":"[Gen 9] VGC 2024 Reg H","players":["Toasteduck","actuary97"],"log":"|j|\u2606Toasteduck\n|j|\u2606actuary97\n|t:|1731967905\n|gametype|doubles\n|player|p1|Toasteduck|2|1715\n|player|p2|actuary97|sabrina-frlg|1809\n|teamsize|p1|6\n|teamsize|p2|6\n|gen|9\n|tier|[Gen 9] VGC 2024 Reg H\n|rated|\n|rule|Species Clause: Limit one of each Pok\u00e9mon\n|rule|Item Clause: Limit 1 of each item\n|clearpoke\n|poke|p1|Talonflame, L50, F|\n|poke|p1|Baxcalibur, L50, F|\n|poke|p1|Ninetales-Alola, L50, F|\n|poke|p1|Rillaboom, L50, F|\n|poke|p1|Empoleon, L50, F|\n|poke|p1|Flamigo, L50, F|\n|poke|p2|Whimsicott, L50, F|\n|poke|p2|Gallade, L50, M|\n|poke|p2|Archaludon, L50, F|\n|poke|p2|Malamar, L50, F|\n|poke|p2|Indeedee, L50, M|\n|poke|p2|Drifblim, L50, M|\n|teampreview|4\n|j| VantaGold\nactuary97 has agreed to open team sheets.\nToasteduck has agreed to open team sheets.\n|\n|t:|1731967973\n|start\n|switch|p1a: Talonflame|Talonflame, L50, F|100\/100\n|switch|p1b: Flamigo|Flamigo, L50, F|100\/100\n|switch|p2a: Mischief Mother|Whimsicott, L50, F, shiny|100\/100\n|switch|p2b: Bridget|Archaludon, L50, F, shiny|100\/100\n|turn|1\n|\n|t:|1731967998\n|move|p1a: Talonflame|Tailwind|p1a: Talonflame\n|-sidestart|p1: Toasteduck|move: Tailwind\n|move|p1b: Flamigo|Close Combat|p2b: Bridget\n|-supereffective|p2b: Bridget\n|-damage|p2b: Bridget|9\/100\n|-unboost|p1b: Flamigo|def|1\n|-unboost|p1b: Flamigo|spd|1\n|-ability|p2b: Bridget|Stamina|boost\n|-boost|p2b: Bridget|def|1\n|move|p2a: Mischief Mother|Beat Up|p2b: Bridget\n|-damage|p2b: Bridget|8\/100\n|-ability|p2b: Bridget|Stamina|boost\n|-boost|p2b: Bridget|def|1\n|-damage|p2b: Bridget|7\/100\n|-ability|p2b: Bridget|Stamina|boost\n|-boost|p2b: Bridget|def|1\n|-damage|p2b: Bridget|6\/100\n|-ability|p2b: Bridget|Stamina|boost\n|-boost|p2b: Bridget|def|1\n|-damage|p2b: Bridget|5\/100\n|-ability|p2b: Bridget|Stamina|boost\n|-boost|p2b: Bridget|def|1\n|-hitcount|p2b: Bridget|4\n|move|p2b: Bridget|Electro Shot||[still]\n|-prepare|p2b: Bridget|Electro Shot\n|-boost|p2b: Bridget|spa|1\n|\n|upkeep\n|turn|2\n|\n|t:|1731968032\n|move|p2a: Mischief Mother|Tailwind|p2a: Mischief Mother\n|-sidestart|p2: actuary97|move: Tailwind\n|move|p1a: Talonflame|Taunt|p2a: Mischief Mother\n|-start|p2a: Mischief Mother|move: Taunt\n|move|p1b: Flamigo|Close Combat|p2b: Bridget\n|-supereffective|p2b: Bridget\n|-damage|p2b: Bridget|0 fnt\n|-unboost|p1b: Flamigo|def|1\n|-unboost|p1b: Flamigo|spd|1\n|faint|p2b: Bridget\n|\n|upkeep\n|\n|t:|1731968039\n|switch|p2b: \u2694\ufe0fKing\u2694\ufe0f|Gallade, L50, M, shiny|100\/100\n|turn|3\n|\n|t:|1731968053\n|move|p1a: Talonflame|Will-O-Wisp|p2b: \u2694\ufe0fKing\u2694\ufe0f\n|-status|p2b: \u2694\ufe0fKing\u2694\ufe0f|brn\n|move|p2a: Mischief Mother|Moonblast|p1b: Flamigo\n|-supereffective|p1b: Flamigo\n|-enditem|p1b: Flamigo|Focus Sash\n|-damage|p1b: Flamigo|1\/100\n|-unboost|p1b: Flamigo|spa|1\n|move|p1b: Flamigo|Dual Wingbeat|p2b: \u2694\ufe0fKing\u2694\ufe0f\n|-supereffective|p2b: \u2694\ufe0fKing\u2694\ufe0f\n|-damage|p2b: \u2694\ufe0fKing\u2694\ufe0f|33\/100 brn\n|-supereffective|p2b: \u2694\ufe0fKing\u2694\ufe0f\n|-damage|p2b: \u2694\ufe0fKing\u2694\ufe0f|0 fnt\n|faint|p2b: \u2694\ufe0fKing\u2694\ufe0f\n|-hitcount|p2: \u2694\ufe0fKing\u2694\ufe0f|2\n|\n|upkeep\n|\n|t:|1731968058\n|switch|p2b: Tapu Deedee|Indeedee, L50, M, shiny|100\/100\n|-fieldstart|move: Psychic Terrain|[from] ability: Psychic Surge|[of] p2b: Tapu Deedee\n|turn|4\n|\n|t:|1731968083\n|switch|p1a: Empoleon|Empoleon, L50, F|100\/100\n|-terastallize|p2b: Tapu Deedee|Fire\n|move|p1b: Flamigo|Wide Guard|p1b: Flamigo\n|-singleturn|p1b: Flamigo|Wide Guard\n|move|p2a: Mischief Mother|Moonblast|p1b: Flamigo\n|-supereffective|p1b: Flamigo\n|-damage|p1b: Flamigo|0 fnt\n|faint|p1b: Flamigo\n|move|p2b: Tapu Deedee|Expanding Force|p1a: Empoleon\n|-activate|p1a: Empoleon|move: Wide Guard\n|\n|-sideend|p1: Toasteduck|move: Tailwind\n|upkeep\n|l| VantaGold\n|\n|t:|1731968095\n|switch|p1b: Talonflame|Talonflame, L50, F|100\/100\n|turn|5\n|\n|t:|1731968102\n|move|p1b: Talonflame|Tailwind|p1b: Talonflame\n|-sidestart|p1: Toasteduck|move: Tailwind\n|move|p2a: Mischief Mother|Moonblast|p1a: Empoleon\n|-resisted|p1a: Empoleon\n|-damage|p1a: Empoleon|84\/100\n|move|p2b: Tapu Deedee|Expanding Force|p1a: Empoleon|[spread] p1a,p1b\n|-resisted|p1a: Empoleon\n|-damage|p1a: Empoleon|45\/100\n|-damage|p1b: Talonflame|0 fnt\n|faint|p1b: Talonflame\n|move|p1a: Empoleon|Flash Cannon|p2a: Mischief Mother\n|-supereffective|p2a: Mischief Mother\n|-enditem|p2a: Mischief Mother|Focus Sash\n|-damage|p2a: Mischief Mother|1\/100\n|\n|-heal|p1a: Empoleon|51\/100|[from] item: Leftovers\n|-end|p2a: Mischief Mother|move: Taunt\n|-sideend|p2: actuary97|move: Tailwind\n|upkeep\n|\n|t:|1731968107\n|switch|p1b: Baxcalibur|Baxcalibur, L50, F|100\/100\n|turn|6\n|\n|t:|1731968123\n|move|p1b: Baxcalibur|Protect|p1b: Baxcalibur\n|-singleturn|p1b: Baxcalibur|Protect\n|move|p2a: Mischief Mother|Tailwind|p2a: Mischief Mother\n|-sidestart|p2: actuary97|move: Tailwind\n|move|p2b: Tapu Deedee|Expanding Force|p1b: Baxcalibur|[spread] p1a\n|-activate|p1b: Baxcalibur|move: Protect\n|-resisted|p1a: Empoleon\n|-damage|p1a: Empoleon|10\/100\n|move|p1a: Empoleon|Icy Wind|p2a: Mischief Mother|[spread] p2a,p2b\n|-supereffective|p2a: Mischief Mother\n|-resisted|p2b: Tapu Deedee\n|-damage|p2a: Mischief Mother|0 fnt\n|-damage|p2b: Tapu Deedee|90\/100\n|-unboost|p2b: Tapu Deedee|spe|1\n|faint|p2a: Mischief Mother\n|\n|-heal|p1a: Empoleon|16\/100|[from] item: Leftovers\n|upkeep\n|turn|7\n|\n|t:|1731968143\n|-terastallize|p1b: Baxcalibur|Dragon\n|move|p1b: Baxcalibur|Scale Shot|p2b: Tapu Deedee\n|-damage|p2b: Tapu Deedee|45\/100\n|-damage|p2b: Tapu Deedee|2\/100\n|-damage|p2b: Tapu Deedee|0 fnt\n|faint|p2b: Tapu Deedee\n|-hitcount|p2: Tapu Deedee|3\n|\n|win|Toasteduck\n|raw|Toasteduck's rating: 1715 &rarr; <strong>1740<\/strong><br \/>(+25 for winning)\n|raw|actuary97's rating: 1809 &rarr; <strong>1784<\/strong><br \/>(-25 for losing)\n|c|\u2606actuary97|gg\n|c|\u2606Toasteduck|gg\n|l|\u2606Toasteduck\n|player|p1|\n","uploadtime":1731968412,"views":47,"formatid":"gen9vgc2024regh","rating":1740,"private":0,"password":null}