{"id":"gen9vgc2024regh-2246705879","format":"[Gen 9] VGC 2024 Reg H","players":["Gligar64","Aki Hoshino"],"log":"|j|\u2606Gligar64\n|j|\u2606Aki Hoshino\n|t:|1731996707\n|gametype|doubles\n|player|p1|Gligar64|red|1713\n|player|p2|Aki Hoshino|aromalady|1734\n|teamsize|p1|6\n|teamsize|p2|6\n|gen|9\n|tier|[Gen 9] VGC 2024 Reg H\n|rated|\n|rule|Species Clause: Limit one of each Pok\u00e9mon\n|rule|Item Clause: Limit 1 of each item\n|clearpoke\n|poke|p1|Kommo-o, L50, M|\n|poke|p1|Sneasler, L50, F|\n|poke|p1|Gholdengo, L50|\n|poke|p1|Rillaboom, L50, F|\n|poke|p1|Electabuzz, L50, M|\n|poke|p1|Dondozo, L50, M|\n|poke|p2|Whimsicott, L50, M|\n|poke|p2|Dragapult, L50, F|\n|poke|p2|Ursaluna-Bloodmoon, L50, M|\n|poke|p2|Rillaboom, L50, M|\n|poke|p2|Gholdengo, L50|\n|poke|p2|Primarina, L50, M|\n|teampreview|4\n|inactive|Battle timer is ON: inactive players will automatically lose when time's up. (requested by Gligar64)\n|\n|t:|1731996748\n|start\n|switch|p1a: Gholdengo|Gholdengo, L50|100\/100\n|switch|p1b: Electabuzz|Electabuzz, L50, M|100\/100\n|switch|p2a: Whimsicott|Whimsicott, L50, M|100\/100\n|switch|p2b: Ursaluna|Ursaluna-Bloodmoon, L50, M|100\/100\n|turn|1\n|inactive|Aki Hoshino has 30 seconds left.\n|\n|t:|1731996781\n|-terastallize|p1b: Electabuzz|Grass\n|move|p1b: Electabuzz|Follow Me|p1b: Electabuzz\n|-singleturn|p1b: Electabuzz|move: Follow Me\n|move|p2a: Whimsicott|Tailwind|p2a: Whimsicott\n|-sidestart|p2: Aki Hoshino|move: Tailwind\n|move|p2b: Ursaluna|Earth Power|p1b: Electabuzz\n|-resisted|p1b: Electabuzz\n|-damage|p1b: Electabuzz|73\/100\n|-damage|p2b: Ursaluna|91\/100|[from] item: Life Orb\n|move|p1a: Gholdengo|Make It Rain|p2a: Whimsicott|[spread] p2a,p2b\n|-supereffective|p2a: Whimsicott\n|-enditem|p2a: Whimsicott|Focus Sash\n|-damage|p2a: Whimsicott|1\/100\n|-damage|p2b: Ursaluna|0 fnt\n|-unboost|p1a: Gholdengo|spa|1\n|faint|p2b: Ursaluna\n|\n|upkeep\n|\n|t:|1731996789\n|switch|p2b: Gholdengo|Gholdengo, L50|100\/100\n|turn|2\n|\n|t:|1731996798\n|switch|p1a: Rillaboom|Rillaboom, L50, F|100\/100\n|-fieldstart|move: Grassy Terrain|[from] ability: Grassy Surge|[of] p1a: Rillaboom\n|move|p2a: Whimsicott|Moonblast|p1b: Electabuzz\n|-damage|p1b: Electabuzz|48\/100\n|-unboost|p1b: Electabuzz|spa|1\n|move|p2b: Gholdengo|Nasty Plot|p2b: Gholdengo\n|-boost|p2b: Gholdengo|spa|2\n|move|p1b: Electabuzz|Electroweb|p2b: Gholdengo|[spread] p2a,p2b\n|-resisted|p2a: Whimsicott\n|-damage|p2a: Whimsicott|0 fnt\n|-damage|p2b: Gholdengo|92\/100\n|-unboost|p2b: Gholdengo|spe|1\n|faint|p2a: Whimsicott\n|\n|-heal|p2b: Gholdengo|98\/100|[from] Grassy Terrain\n|-heal|p1b: Electabuzz|53\/100|[from] Grassy Terrain\n|upkeep\n|\n|t:|1731996818\n|switch|p2a: Rillaboom|Rillaboom, L50, M|100\/100\n|turn|3\n|inactive|Aki Hoshino has 30 seconds left.\n|\n|t:|1731996846\n|switch|p1a: Sneasler|Sneasler, L50, F|100\/100\n|move|p1b: Electabuzz|Protect|p1b: Electabuzz\n|-singleturn|p1b: Electabuzz|Protect\n|move|p2a: Rillaboom|Fake Out|p1a: Sneasler\n|-damage|p1a: Sneasler|75\/100\n|move|p2b: Gholdengo|Shadow Ball|p1a: Sneasler\n|-damage|p1a: Sneasler|0 fnt\n|faint|p1a: Sneasler\n|\n|-heal|p2b: Gholdengo|100\/100|[from] Grassy Terrain\n|-heal|p1b: Electabuzz|59\/100|[from] Grassy Terrain\n|upkeep\n|\n|t:|1731996851\n|switch|p1a: Rillaboom|Rillaboom, L50, F|100\/100\n|turn|4\n|inactive|Aki Hoshino has 30 seconds left.\n|\n|t:|1731996879\n|move|p1b: Electabuzz|Follow Me|p1b: Electabuzz\n|-singleturn|p1b: Electabuzz|move: Follow Me\n|move|p2a: Rillaboom|Grassy Glide|p1b: Electabuzz\n|-resisted|p1b: Electabuzz\n|-damage|p1b: Electabuzz|44\/100\n|move|p2b: Gholdengo|Make It Rain|p1a: Rillaboom|[spread] p1a,p1b\n|-damage|p1a: Rillaboom|21\/100\n|-damage|p1b: Electabuzz|0 fnt\n|-unboost|p2b: Gholdengo|spa|1\n|faint|p1b: Electabuzz\n|move|p1a: Rillaboom|High Horsepower|p2b: Gholdengo\n|-supereffective|p2b: Gholdengo\n|-damage|p2b: Gholdengo|37\/100\n|-enditem|p2b: Gholdengo|Sitrus Berry|[eat]\n|-heal|p2b: Gholdengo|62\/100|[from] item: Sitrus Berry\n|\n|-heal|p2b: Gholdengo|68\/100|[from] Grassy Terrain\n|-heal|p1a: Rillaboom|27\/100|[from] Grassy Terrain\n|-sideend|p2: Aki Hoshino|move: Tailwind\n|upkeep\n|\n|t:|1731996891\n|switch|p1b: Gholdengo|Gholdengo, L50|100\/100\n|turn|5\n|inactive|Aki Hoshino has 30 seconds left.\n|inactive|Aki Hoshino has 20 seconds left.\n|inactive|Aki Hoshino has 15 seconds left.\n|\n|t:|1731996934\n|-terastallize|p2b: Gholdengo|Dragon\n|move|p1b: Gholdengo|Shadow Ball|p2b: Gholdengo\n|-damage|p2b: Gholdengo|16\/100\n|-unboost|p2b: Gholdengo|spd|1\n|move|p2a: Rillaboom|High Horsepower|p1b: Gholdengo\n|-supereffective|p1b: Gholdengo\n|-damage|p1b: Gholdengo|32\/100\n|move|p1a: Rillaboom|Wood Hammer|p2a: Rillaboom\n|-resisted|p2a: Rillaboom\n|-damage|p2a: Rillaboom|63\/100\n|-damage|p1a: Rillaboom|15\/100|[from] Recoil\n|move|p2b: Gholdengo|Make It Rain|p1a: Rillaboom|[spread] p1a,p1b\n|-resisted|p1b: Gholdengo\n|-damage|p1a: Rillaboom|0 fnt\n|-damage|p1b: Gholdengo|0 fnt\n|-unboost|p2b: Gholdengo|spa|1\n|faint|p1a: Rillaboom\n|faint|p1b: Gholdengo\n|\n|win|Aki Hoshino\n|raw|Gligar64's rating: 1713 &rarr; <strong>1694<\/strong><br \/>(-19 for losing)\n|raw|Aki Hoshino's rating: 1734 &rarr; <strong>1753<\/strong><br \/>(+19 for winning)\n|l|\u2606Gligar64\n|player|p1|\n|l|\u2606Aki Hoshino\n|player|p2|\n","uploadtime":1731997141,"views":35,"formatid":"gen9vgc2024regh","rating":1694,"private":0,"password":null}