{"id":"gen9vgc2024regh-2246077666","format":"[Gen 9] VGC 2024 Reg H","players":["vgclth souly","labsd"],"log":"|raw|<div class=\"broadcast-blue\"><strong>This battle is required to be public due to a player having a name starting with 'vgclth'.<\/div>\n|j|\u2606vgclth souly\n|j|\u2606labsd\n|t:|1731918893\n|gametype|doubles\n|player|p1|vgclth souly|youngster-gen4dp|1851\n|player|p2|labsd|170|1832\n|teamsize|p1|6\n|teamsize|p2|6\n|gen|9\n|tier|[Gen 9] VGC 2024 Reg H\n|rated|\n|rule|Species Clause: Limit one of each Pok\u00e9mon\n|rule|Item Clause: Limit 1 of each item\n|clearpoke\n|poke|p1|Archaludon, L50, M|\n|poke|p1|Pelipper, L50, M|\n|poke|p1|Electabuzz, L50, F|\n|poke|p1|Kingambit, L50, F|\n|poke|p1|Rillaboom, L50, F|\n|poke|p1|Basculegion, L50, M|\n|poke|p2|Archaludon, L50, M|\n|poke|p2|Politoed, L50, F|\n|poke|p2|Sinistcha, L50|\n|poke|p2|Incineroar, L50, M|\n|poke|p2|Meowscarada, L50, F|\n|poke|p2|Gholdengo, L50|\n|teampreview|4\n|\n|t:|1731918941\n|start\n|switch|p1a: Kingambit|Kingambit, L50, F|100\/100\n|switch|p1b: Electabuzz|Electabuzz, L50, F|100\/100\n|switch|p2a: Incineroar|Incineroar, L50, M|100\/100\n|switch|p2b: Politoed|Politoed, L50, F|100\/100\n|-weather|RainDance|[from] ability: Drizzle|[of] p2b: Politoed\n|-ability|p2a: Incineroar|Intimidate|boost\n|-unboost|p1a: Kingambit|atk|1\n|-ability|p1a: Kingambit|Defiant|boost\n|-boost|p1a: Kingambit|atk|2\n|-unboost|p1b: Electabuzz|atk|1\n|turn|1\n|\n|t:|1731918952\n|switch|p2b: Archaludon|Archaludon, L50, M|100\/100\n|move|p1b: Electabuzz|Protect|p1b: Electabuzz\n|-singleturn|p1b: Electabuzz|Protect\n|move|p1a: Kingambit|Protect|p1a: Kingambit\n|-singleturn|p1a: Kingambit|Protect\n|move|p2a: Incineroar|Burning Jealousy|p1b: Electabuzz|[spread] \n|-activate|p1a: Kingambit|move: Protect\n|-activate|p1b: Electabuzz|move: Protect\n|\n|-weather|RainDance|[upkeep]\n|upkeep\n|turn|2\n|\n|t:|1731918974\n|-terastallize|p1a: Kingambit|Dark\n|move|p1b: Electabuzz|Follow Me|p1b: Electabuzz\n|-singleturn|p1b: Electabuzz|move: Follow Me\n|move|p2b: Archaludon|Electro Shot||[still]\n|-prepare|p2b: Archaludon|Electro Shot\n|-boost|p2b: Archaludon|spa|1\n|-anim|p2b: Archaludon|Electro Shot|p1b: Electabuzz\n|-resisted|p1b: Electabuzz\n|-damage|p1b: Electabuzz|76\/100\n|move|p2a: Incineroar|Knock Off|p1b: Electabuzz\n|-damage|p1b: Electabuzz|49\/100\n|-enditem|p1b: Electabuzz|Eviolite|[from] move: Knock Off|[of] p2a: Incineroar\n|move|p1a: Kingambit|Kowtow Cleave|p2b: Archaludon\n|-damage|p2b: Archaludon|12\/100\n|-ability|p2b: Archaludon|Stamina|boost\n|-boost|p2b: Archaludon|def|1\n|\n|-weather|RainDance|[upkeep]\n|upkeep\n|turn|3\n|\n|t:|1731918994\n|switch|p2a: Sinistcha|Sinistcha, L50|100\/100\n|-heal|p2b: Archaludon|37\/100|[from] ability: Hospitality|[of] p2a: Sinistcha\n|move|p1b: Electabuzz|Follow Me|p1b: Electabuzz\n|-singleturn|p1b: Electabuzz|move: Follow Me\n|move|p1a: Kingambit|Sucker Punch|p2b: Archaludon\n|-damage|p2b: Archaludon|0 fnt\n|faint|p2b: Archaludon\n|\n|-weather|RainDance|[upkeep]\n|upkeep\n|\n|t:|1731919004\n|switch|p2b: Politoed|Politoed, L50, F|100\/100\n|turn|4\n|\n|t:|1731919011\n|-terastallize|p2b: Politoed|Water\n|move|p1b: Electabuzz|Follow Me|p1b: Electabuzz\n|-singleturn|p1b: Electabuzz|move: Follow Me\n|move|p2b: Politoed|Muddy Water|p1a: Kingambit|[spread] p1b\n|-miss|p2b: Politoed|p1a: Kingambit\n|-damage|p1b: Electabuzz|0 fnt\n|faint|p1b: Electabuzz\n|move|p2a: Sinistcha|Matcha Gotcha|p1a: Kingambit\n|-damage|p1a: Kingambit|67\/100\n|move|p1a: Kingambit|Kowtow Cleave|p2a: Sinistcha\n|-supereffective|p2a: Sinistcha\n|-damage|p2a: Sinistcha|0 fnt\n|faint|p2a: Sinistcha\n|\n|-weather|RainDance|[upkeep]\n|upkeep\n|\n|t:|1731919025\n|switch|p1b: Archaludon|Archaludon, L50, M|100\/100\n|switch|p2a: Incineroar|Incineroar, L50, M|100\/100\n|-ability|p2a: Incineroar|Intimidate|boost\n|-unboost|p1a: Kingambit|atk|1\n|-ability|p1a: Kingambit|Defiant|boost\n|-boost|p1a: Kingambit|atk|2\n|-unboost|p1b: Archaludon|atk|1\n|turn|5\n|-message|labsd forfeited.\n|\n|win|vgclth souly\n|raw|vgclth souly's rating: 1851 &rarr; <strong>1870<\/strong><br \/>(+19 for winning)\n|raw|labsd's rating: 1832 &rarr; <strong>1813<\/strong><br \/>(-19 for losing)\n|l|\u2606labsd\n|player|p2|\n|l|\u2606vgclth souly\n|player|p1|\n|j|\u2606vgclth souly\n|player|p1|vgclth souly|youngster-gen4dp|\n|l|\u2606vgclth souly\n|player|p1|\n|j| ProssettiVGC\n","uploadtime":1731919173,"views":44,"formatid":"gen9vgc2024regh","rating":1813,"private":0,"password":null}