{"id":"gen9vgc2024regh-2246968669","format":"[Gen 9] VGC 2024 Reg H","players":["zip520520","SubToPenglin"],"log":"|j|\u2606zip520520\n|j|\u2606SubToPenglin\n|t:|1732033811\n|gametype|doubles\n|player|p1|zip520520|265|1700\n|player|p2|SubToPenglin|lady|1771\n|teamsize|p1|6\n|teamsize|p2|6\n|gen|9\n|tier|[Gen 9] VGC 2024 Reg H\n|rated|\n|rule|Species Clause: Limit one of each Pok\u00e9mon\n|rule|Item Clause: Limit 1 of each item\n|clearpoke\n|poke|p1|Sneasler, L50, M|\n|poke|p1|Ninetales-Alola, L50, M|\n|poke|p1|Milotic, L50, M|\n|poke|p1|Rillaboom, L50, M|\n|poke|p1|Incineroar, L50, F|\n|poke|p1|Kingambit, L50, F|\n|poke|p2|Primarina, L50, F|\n|poke|p2|Sylveon, L50, F|\n|poke|p2|Indeedee, L50, M|\n|poke|p2|Meowscarada, L50, F|\n|poke|p2|Sneasler, L50, M|\n|poke|p2|Decidueye-Hisui, L50, F|\n|teampreview|4\n|inactive|Battle timer is ON: inactive players will automatically lose when time's up. (requested by SubToPenglin)\n|inactive|zip520520 has 60 seconds left.\n|\n|t:|1732033855\n|start\n|switch|p1a: Ninetales|Ninetales-Alola, L50, M|100\/100\n|switch|p1b: Incineroar|Incineroar, L50, F|100\/100\n|switch|p2a: Primarina|Primarina, L50, F, shiny|100\/100\n|switch|p2b: Meowscarada|Meowscarada, L50, F, shiny|100\/100\n|-weather|Snow|[from] ability: Snow Warning|[of] p1a: Ninetales\n|-ability|p1b: Incineroar|Intimidate|boost\n|-unboost|p2a: Primarina|atk|1\n|-unboost|p2b: Meowscarada|atk|1\n|turn|1\n|inactive|zip520520 has 30 seconds left.\n|\n|t:|1732033884\n|-terastallize|p1a: Ninetales|Ice\n|move|p2b: Meowscarada|Protect|p2b: Meowscarada\n|-singleturn|p2b: Meowscarada|Protect\n|move|p1b: Incineroar|Fake Out|p2b: Meowscarada\n|-activate|p2b: Meowscarada|move: Protect\n|move|p1a: Ninetales|Blizzard|p2b: Meowscarada|[spread] p2a\n|-activate|p2b: Meowscarada|move: Protect\n|-resisted|p2a: Primarina\n|-damage|p2a: Primarina|77\/100\n|move|p2a: Primarina|Hyper Voice|p1a: Ninetales|[spread] p1a,p1b\n|-supereffective|p1b: Incineroar\n|-crit|p1b: Incineroar\n|-damage|p1a: Ninetales|45\/100\n|-damage|p1b: Incineroar|0 fnt\n|faint|p1b: Incineroar\n|-damage|p2a: Primarina|68\/100|[from] item: Life Orb\n|\n|-weather|Snow|[upkeep]\n|upkeep\n|inactive|zip520520 has 30 seconds left.\n|\n|t:|1732033913\n|switch|p1b: Rillaboom|Rillaboom, L50, M|100\/100\n|-fieldstart|move: Grassy Terrain|[from] ability: Grassy Surge|[of] p1b: Rillaboom\n|turn|2\n|\n|t:|1732033928\n|switch|p1a: Sneasler|Sneasler, L50, M|100\/100\n|switch|p2a: Indeedee|Indeedee, L50, M, shiny|100\/100\n|-fieldstart|move: Psychic Terrain|[from] ability: Psychic Surge|[of] p2a: Indeedee\n|move|p2b: Meowscarada|Flower Trick|p1a: Sneasler\n|-resisted|p1a: Sneasler\n|-crit|p1a: Sneasler\n|-damage|p1a: Sneasler|61\/100\n|move|p1b: Rillaboom|Wood Hammer|p2a: Indeedee\n|-crit|p2a: Indeedee\n|-damage|p2a: Indeedee|0 fnt\n|faint|p2a: Indeedee\n|-damage|p1b: Rillaboom|75\/100|[from] Recoil\n|\n|-weather|Snow|[upkeep]\n|upkeep\n|\n|t:|1732033931\n|switch|p2a: Primarina|Primarina, L50, F, shiny|68\/100\n|turn|3\n|\n|t:|1732033954\n|-terastallize|p2a: Primarina|Steel\n|move|p2b: Meowscarada|Grass Pledge|p1b: Rillaboom\n|-waiting|p2b: Meowscarada|p2a: Primarina\n|move|p2a: Primarina|Water Pledge|p1b: Rillaboom|[from]move: Grass Pledge\n|-combine\n|-resisted|p1b: Rillaboom\n|-damage|p1b: Rillaboom|37\/100\n|-sidestart|p1: zip520520|Grass Pledge\n|-damage|p2a: Primarina|58\/100|[from] item: Life Orb\n|move|p1a: Sneasler|Close Combat|p2a: Primarina\n|-supereffective|p2a: Primarina\n|-damage|p2a: Primarina|0 fnt\n|-unboost|p1a: Sneasler|def|1\n|-unboost|p1a: Sneasler|spd|1\n|-enditem|p1a: Sneasler|White Herb\n|-clearnegativeboost|p1a: Sneasler|[silent]\n|faint|p2a: Primarina\n|move|p1b: Rillaboom|Wood Hammer|p2b: Meowscarada\n|-resisted|p2b: Meowscarada\n|-damage|p2b: Meowscarada|54\/100\n|-damage|p1b: Rillaboom|26\/100|[from] Recoil\n|\n|-weather|Snow|[upkeep]\n|upkeep\n|\n|t:|1732033959\n|switch|p2a: Sylveon|Sylveon, L50, F|100\/100\n|turn|4\n|inactive|zip520520 has 30 seconds left.\n|\n|t:|1732033985\n|switch|p1b: Ninetales|Ninetales-Alola, L50, M, tera:Ice|45\/100\n|move|p1a: Sneasler|Protect|p1a: Sneasler\n|-singleturn|p1a: Sneasler|Protect\n|move|p2b: Meowscarada|Knock Off|p1b: Ninetales\n|-damage|p1b: Ninetales|15\/100\n|-enditem|p1b: Ninetales|Never-Melt Ice|[from] move: Knock Off|[of] p2b: Meowscarada\n|move|p2a: Sylveon|Psychic|p1a: Sneasler\n|-activate|p1a: Sneasler|move: Protect\n|\n|-weather|Snow|[upkeep]\n|upkeep\n|turn|5\n|\n|t:|1732034003\n|move|p2b: Meowscarada|Knock Off|p1b: Ninetales\n|-damage|p1b: Ninetales|0 fnt\n|faint|p1b: Ninetales\n|move|p2a: Sylveon|Psychic|p1a: Sneasler\n|-supereffective|p1a: Sneasler\n|-damage|p1a: Sneasler|0 fnt\n|faint|p1a: Sneasler\n|\n|-weather|none\n|upkeep\n|\n|t:|1732034014\n|switch|p1a: Rillaboom|Rillaboom, L50, M|26\/100\n|-fieldstart|move: Grassy Terrain|[from] ability: Grassy Surge|[of] p1a: Rillaboom\n|turn|6\n|-message|zip520520 forfeited.\n|\n|win|SubToPenglin\n|raw|zip520520's rating: 1681 &rarr; <strong>1667<\/strong><br \/>(-14 for losing)\n|raw|SubToPenglin's rating: 1784 &rarr; <strong>1798<\/strong><br \/>(+14 for winning)\n|l|\u2606zip520520\n|player|p1|\n|l|\u2606SubToPenglin\n|player|p2|\n","uploadtime":1732034197,"views":26,"formatid":"gen9vgc2024regh","rating":1667,"private":0,"password":null}