{"id":"gen9vgc2024regh-2246189277","format":"[Gen 9] VGC 2024 Reg H","players":["VGCLTH Oinge","tex771"],"log":"|raw|<div class=\"broadcast-blue\"><strong>This battle is required to be public due to a player having a name starting with 'vgclth'.<\/div>\n|j|\u2606VGCLTH Oinge\n|j|\u2606tex771\n|t:|1731937052\n|gametype|doubles\n|player|p1|VGCLTH Oinge|mars|1662\n|player|p2|tex771|101|1746\n|teamsize|p1|6\n|teamsize|p2|6\n|gen|9\n|tier|[Gen 9] VGC 2024 Reg H\n|rated|\n|rule|Species Clause: Limit one of each Pok\u00e9mon\n|rule|Item Clause: Limit 1 of each item\n|clearpoke\n|poke|p1|Armarouge, L50, M|\n|poke|p1|Maushold-Four, L50|\n|poke|p1|Indeedee-F, L50, F|\n|poke|p1|Rillaboom, L50, F|\n|poke|p1|Gholdengo, L50|\n|poke|p1|Dragonite, L50, M|\n|poke|p2|Archaludon, L50, M|\n|poke|p2|Annihilape, L50, M|\n|poke|p2|Whimsicott, L50, M|\n|poke|p2|Ninetales-Alola, L50, M|\n|poke|p2|Indeedee, L50, M|\n|poke|p2|Armarouge, L50, M|\n|teampreview|4\n|j| kokomi233233\n|l| kokomi233233\n|\n|t:|1731937079\n|start\n|switch|p1a: Maushold|Maushold-Four, L50|100\/100\n|switch|p1b: Armarouge|Armarouge, L50, M|100\/100\n|switch|p2a: Annihilape|Annihilape, L50, M|100\/100\n|switch|p2b: Whimsicott|Whimsicott, L50, M, shiny|100\/100\n|turn|1\n|\n|t:|1731937097\n|move|p2b: Whimsicott|Tailwind|p2b: Whimsicott\n|-sidestart|p2: tex771|move: Tailwind\n|move|p2a: Annihilape|Final Gambit|p1a: Maushold\n|-enditem|p1a: Maushold|Focus Sash\n|-damage|p1a: Maushold|1\/100\n|faint|p2a: Annihilape\n|move|p1a: Maushold|Beat Up|p1b: Armarouge\n|-supereffective|p1b: Armarouge\n|-damage|p1b: Armarouge|97\/100\n|-ability|p1b: Armarouge|Weak Armor|boost\n|-unboost|p1b: Armarouge|def|1\n|-boost|p1b: Armarouge|spe|2\n|-enditem|p1b: Armarouge|Weakness Policy\n|-boost|p1b: Armarouge|atk|2|[from] item: Weakness Policy\n|-boost|p1b: Armarouge|spa|2|[from] item: Weakness Policy\n|-supereffective|p1b: Armarouge\n|-damage|p1b: Armarouge|92\/100\n|-ability|p1b: Armarouge|Weak Armor|boost\n|-unboost|p1b: Armarouge|def|1\n|-boost|p1b: Armarouge|spe|2\n|-supereffective|p1b: Armarouge\n|-damage|p1b: Armarouge|83\/100\n|-ability|p1b: Armarouge|Weak Armor|boost\n|-unboost|p1b: Armarouge|def|1\n|-boost|p1b: Armarouge|spe|2\n|-supereffective|p1b: Armarouge\n|-damage|p1b: Armarouge|74\/100\n|-ability|p1b: Armarouge|Weak Armor|boost\n|-unboost|p1b: Armarouge|def|1\n|-hitcount|p1b: Armarouge|4\n|move|p1b: Armarouge|Heat Wave|p2b: Whimsicott\n|-supereffective|p2b: Whimsicott\n|-enditem|p2b: Whimsicott|Focus Sash\n|-damage|p2b: Whimsicott|1\/100\n|\n|upkeep\n|\n|t:|1731937123\n|switch|p2a: Archaludon|Archaludon, L50, M|100\/100\n|turn|2\n|\n|t:|1731937133\n|move|p1a: Maushold|Follow Me|p1a: Maushold\n|-singleturn|p1a: Maushold|move: Follow Me\n|move|p1b: Armarouge|Heat Wave|p2b: Whimsicott|[spread] p2a,p2b\n|-supereffective|p2b: Whimsicott\n|-damage|p2a: Archaludon|47\/100\n|-damage|p2b: Whimsicott|0 fnt\n|-status|p2a: Archaludon|brn\n|-ability|p2a: Archaludon|Stamina|boost\n|-boost|p2a: Archaludon|def|1\n|faint|p2b: Whimsicott\n|move|p2a: Archaludon|Snarl|p1b: Armarouge|[spread] p1a,p1b\n|-supereffective|p1b: Armarouge\n|-damage|p1a: Maushold|0 fnt\n|-damage|p1b: Armarouge|52\/100\n|-unboost|p1b: Armarouge|spa|1\n|faint|p1a: Maushold\n|\n|-damage|p2a: Archaludon|41\/100 brn|[from] brn\n|upkeep\n|\n|t:|1731937148\n|switch|p2b: Armarouge|Armarouge, L50, M, shiny|100\/100\n|switch|p1a: Rillaboom|Rillaboom, L50, F|100\/100\n|-fieldstart|move: Grassy Terrain|[from] ability: Grassy Surge|[of] p1a: Rillaboom\n|turn|3\n|inactive|Battle timer is ON: inactive players will automatically lose when time's up. (requested by tex771)\n|\n|t:|1731937200\n|-terastallize|p1a: Rillaboom|Fighting\n|move|p1b: Armarouge|Stored Power|p2a: Archaludon\n|-resisted|p2a: Archaludon\n|-damage|p2a: Archaludon|0 fnt\n|faint|p2a: Archaludon\n|move|p2b: Armarouge|Heat Wave|p1b: Armarouge|[spread] p1a,p1b\n|-resisted|p1b: Armarouge\n|-damage|p1a: Rillaboom|70\/100\n|-damage|p1b: Armarouge|30\/100\n|move|p1a: Rillaboom|Wood Hammer|p2b: Armarouge\n|-resisted|p2b: Armarouge\n|-damage|p2b: Armarouge|54\/100\n|-ability|p2b: Armarouge|Weak Armor|boost\n|-unboost|p2b: Armarouge|def|1\n|-boost|p2b: Armarouge|spe|2\n|-damage|p1a: Rillaboom|58\/100|[from] Recoil\n|\n|-heal|p2b: Armarouge|60\/100|[from] Grassy Terrain\n|-heal|p1b: Armarouge|36\/100|[from] Grassy Terrain\n|-heal|p1a: Rillaboom|64\/100|[from] Grassy Terrain\n|upkeep\n|turn|4\n|inactive|VGCLTH Oinge has 30 seconds left.\n|\n|t:|1731937233\n|move|p1b: Armarouge|Endure|p1b: Armarouge\n|-singleturn|p1b: Armarouge|move: Endure\n|move|p2b: Armarouge|Expanding Force|p1a: Rillaboom\n|-supereffective|p1a: Rillaboom\n|-damage|p1a: Rillaboom|0 fnt\n|faint|p1a: Rillaboom\n|\n|-heal|p2b: Armarouge|66\/100|[from] Grassy Terrain\n|-heal|p1b: Armarouge|43\/100|[from] Grassy Terrain\n|-sideend|p2: tex771|move: Tailwind\n|upkeep\n|\n|t:|1731937238\n|switch|p1a: Gholdengo|Gholdengo, L50|100\/100\n|turn|5\n|\n|t:|1731937259\n|move|p1b: Armarouge|Stored Power|p2b: Armarouge\n|-resisted|p2b: Armarouge\n|-damage|p2b: Armarouge|0 fnt\n|faint|p2b: Armarouge\n|\n|win|VGCLTH Oinge\n|raw|VGCLTH Oinge's rating: 1662 &rarr; <strong>1687<\/strong><br \/>(+25 for winning)\n|raw|tex771's rating: 1746 &rarr; <strong>1721<\/strong><br \/>(-25 for losing)\n|l|\u2606tex771\n|player|p2|\n|l|\u2606VGCLTH Oinge\n|player|p1|\n","uploadtime":1731937470,"views":20,"formatid":"gen9vgc2024regh","rating":1687,"private":0,"password":null}