{"id":"gen9vgc2024regh-2246456049","format":"[Gen 9] VGC 2024 Reg H","players":["orudbeck","KD-Alt-711"],"log":"|j|\u2606orudbeck\n|j|\u2606KD-Alt-711\n|t:|1731963921\n|gametype|doubles\n|player|p1|orudbeck|101|1660\n|player|p2|KD-Alt-711|101|1704\n|teamsize|p1|6\n|teamsize|p2|6\n|gen|9\n|tier|[Gen 9] VGC 2024 Reg H\n|rated|\n|rule|Species Clause: Limit one of each Pok\u00e9mon\n|rule|Item Clause: Limit 1 of each item\n|clearpoke\n|poke|p1|Tyranitar, L50, M|\n|poke|p1|Mamoswine, L50, F|\n|poke|p1|Dragonite, L50, F|\n|poke|p1|Amoonguss, L50, F|\n|poke|p1|Kilowattrel, L50, F|\n|poke|p1|Gholdengo, L50|\n|poke|p2|Palafin, L50, F|\n|poke|p2|Kingdra, L50, F|\n|poke|p2|Politoed, L50, F|\n|poke|p2|Archaludon, L50, M|\n|poke|p2|Incineroar, L50, F|\n|poke|p2|Rillaboom, L50, F|\n|teampreview|4\n|j| prsomtr5\n|inactive|Battle timer is ON: inactive players will automatically lose when time's up. (requested by KD-Alt-711)\n|\n|t:|1731963965\n|start\n|switch|p1a: Kilowattrel|Kilowattrel, L50, F|100\/100\n|switch|p1b: Mamoswine|Mamoswine, L50, F|100\/100\n|switch|p2a: Palafin|Palafin, L50, F, shiny|100\/100\n|switch|p2b: Archaludon|Archaludon, L50, M, shiny|100\/100\n|turn|1\n|\n|t:|1731963983\n|-terastallize|p2b: Archaludon|Grass\n|move|p2a: Palafin|Jet Punch|p1a: Kilowattrel\n|-damage|p1a: Kilowattrel|46\/100\n|move|p1a: Kilowattrel|Tailwind|p1a: Kilowattrel\n|-sidestart|p1: orudbeck|move: Tailwind\n|move|p1b: Mamoswine|Earthquake|p2a: Palafin|[spread] p2a,p2b\n|-immune|p1a: Kilowattrel\n|-crit|p2a: Palafin\n|-resisted|p2b: Archaludon\n|-damage|p2a: Palafin|32\/100\n|-damage|p2b: Archaludon|87\/100\n|-ability|p2b: Archaludon|Stamina|boost\n|-boost|p2b: Archaludon|def|1\n|move|p2b: Archaludon|Flash Cannon|p1b: Mamoswine\n|-supereffective|p1b: Mamoswine\n|-enditem|p1b: Mamoswine|Focus Sash\n|-damage|p1b: Mamoswine|1\/100\n|-unboost|p1b: Mamoswine|spd|1\n|\n|upkeep\n|turn|2\n|inactive|orudbeck has 30 seconds left.\n|\n|t:|1731964012\n|move|p1a: Kilowattrel|Protect|p1a: Kilowattrel\n|-singleturn|p1a: Kilowattrel|Protect\n|move|p2a: Palafin|Jet Punch|p1a: Kilowattrel\n|-activate|p1a: Kilowattrel|move: Protect\n|move|p1b: Mamoswine|Icicle Crash|p2b: Archaludon\n|-supereffective|p2b: Archaludon\n|-damage|p2b: Archaludon|43\/100\n|-ability|p2b: Archaludon|Stamina|boost\n|-boost|p2b: Archaludon|def|1\n|cant|p2b: Archaludon|flinch\n|\n|upkeep\n|turn|3\n|\n|t:|1731964030\n|switch|p1a: Dragonite|Dragonite, L50, F|100\/100\n|move|p1b: Mamoswine|Ice Shard|p2a: Palafin\n|-resisted|p2a: Palafin\n|-damage|p2a: Palafin|19\/100\n|move|p2a: Palafin|Jet Punch|p1a: Dragonite\n|-resisted|p1a: Dragonite\n|-damage|p1a: Dragonite|94\/100\n|move|p2b: Archaludon|Flash Cannon|p1b: Mamoswine\n|-supereffective|p1b: Mamoswine\n|-damage|p1b: Mamoswine|0 fnt\n|faint|p1b: Mamoswine\n|\n|upkeep\n|\n|t:|1731964042\n|switch|p1b: Kilowattrel|Kilowattrel, L50, F|46\/100\n|turn|4\n|\n|t:|1731964049\n|move|p2a: Palafin|Protect|p2a: Palafin\n|-singleturn|p2a: Palafin|Protect\n|move|p1a: Dragonite|Extreme Speed|p2a: Palafin\n|-activate|p2a: Palafin|move: Protect\n|move|p1b: Kilowattrel|Air Slash|p2b: Archaludon\n|-supereffective|p2b: Archaludon\n|-damage|p2b: Archaludon|0 fnt\n|faint|p2b: Archaludon\n|\n|-sideend|p1: orudbeck|move: Tailwind\n|upkeep\n|\n|t:|1731964056\n|switch|p2b: Kingdra|Kingdra, L50, F, shiny|100\/100\n|turn|5\n|inactive|orudbeck has 30 seconds left.\n|inactive|orudbeck has 20 seconds left.\n|inactive|orudbeck has 15 seconds left.\n|inactive|orudbeck has 10 seconds left.\n|\n|t:|1731964102\n|detailschange|p2a: Palafin|Palafin-Hero, L50, F, shiny\n|switch|p2a: Politoed|Politoed, L50, F, shiny|100\/100\n|-weather|RainDance|[from] ability: Drizzle|[of] p2a: Politoed\n|-terastallize|p1a: Dragonite|Fairy\n|move|p1b: Kilowattrel|Protect|p1b: Kilowattrel\n|-singleturn|p1b: Kilowattrel|Protect\n|move|p2b: Kingdra|Draco Meteor|p1a: Dragonite\n|-immune|p1a: Dragonite\n|move|p1a: Dragonite|Scale Shot|p2b: Kingdra\n|-supereffective|p2b: Kingdra\n|-damage|p2b: Kingdra|61\/100\n|-supereffective|p2b: Kingdra\n|-damage|p2b: Kingdra|24\/100\n|-supereffective|p2b: Kingdra\n|-damage|p2b: Kingdra|0 fnt\n|faint|p2b: Kingdra\n|-hitcount|p2: Kingdra|3\n|-unboost|p1a: Dragonite|def|1\n|-boost|p1a: Dragonite|spe|1\n|\n|-weather|RainDance|[upkeep]\n|upkeep\n|\n|t:|1731964110\n|switch|p2b: Palafin|Palafin-Hero, L50, F, shiny|19\/100\n|-activate|p2b: Palafin|ability: Zero to Hero\n|turn|6\n|-message|KD-Alt-711 forfeited.\n|\n|win|orudbeck\n|raw|orudbeck's rating: 1660 &rarr; <strong>1683<\/strong><br \/>(+23 for winning)\n|raw|KD-Alt-711's rating: 1704 &rarr; <strong>1681<\/strong><br \/>(-23 for losing)\n|l|\u2606KD-Alt-711\n|player|p2|\n|l|\u2606orudbeck\n|player|p1|\n|l| prsomtr5\n","uploadtime":1731964361,"views":6,"formatid":"gen9vgc2024regh","rating":1681,"private":0,"password":null}