{"id":"gen9vgc2024regh-2246958918","format":"[Gen 9] VGC 2024 Reg H","players":["EvanEndi","SubToPenglin"],"log":"|j|\u2606EvanEndi\n|j|\u2606SubToPenglin\n|t:|1732032915\n|gametype|doubles\n|player|p1|EvanEndi|169|1662\n|player|p2|SubToPenglin|lady|1740\n|teamsize|p1|6\n|teamsize|p2|6\n|gen|9\n|tier|[Gen 9] VGC 2024 Reg H\n|rated|\n|rule|Species Clause: Limit one of each Pok\u00e9mon\n|rule|Item Clause: Limit 1 of each item\n|clearpoke\n|poke|p1|Magmar, L50, F|\n|poke|p1|Baxcalibur, L50, M|\n|poke|p1|Rillaboom, L50, M|\n|poke|p1|Sneasler, L50, F|\n|poke|p1|Kingambit, L50, F|\n|poke|p1|Dondozo, L50, M|\n|poke|p2|Primarina, L50, F|\n|poke|p2|Sylveon, L50, F|\n|poke|p2|Indeedee, L50, M|\n|poke|p2|Meowscarada, L50, M|\n|poke|p2|Sneasler, L50, F|\n|poke|p2|Decidueye-Hisui, L50, F|\n|teampreview|4\n|inactive|Battle timer is ON: inactive players will automatically lose when time's up. (requested by SubToPenglin)\n|j| Loiaber824\n|inactive|EvanEndi has 60 seconds left.\n|\n|t:|1732032952\n|start\n|switch|p1a: Sneasler|Sneasler, L50, F|100\/100\n|switch|p1b: Baxcalibur|Baxcalibur, L50, M|100\/100\n|switch|p2a: Primarina|Primarina, L50, F, shiny|100\/100\n|switch|p2b: Meowscarada|Meowscarada, L50, M, shiny|100\/100\n|turn|1\n|\n|t:|1732032969\n|-terastallize|p1b: Baxcalibur|Poison\n|move|p2b: Meowscarada|Protect|p2b: Meowscarada\n|-singleturn|p2b: Meowscarada|Protect\n|move|p2a: Primarina|Protect|p2a: Primarina\n|-singleturn|p2a: Primarina|Protect\n|move|p1a: Sneasler|Coaching|p1b: Baxcalibur\n|-boost|p1b: Baxcalibur|atk|1\n|-boost|p1b: Baxcalibur|def|1\n|move|p1b: Baxcalibur|Icicle Spear|p2b: Meowscarada\n|-activate|p2b: Meowscarada|move: Protect\n|\n|upkeep\n|turn|2\n|\n|t:|1732032988\n|switch|p1a: Rillaboom|Rillaboom, L50, M|100\/100\n|-fieldstart|move: Grassy Terrain|[from] ability: Grassy Surge|[of] p1a: Rillaboom\n|-terastallize|p2a: Primarina|Steel\n|move|p2b: Meowscarada|Grass Pledge|p1a: Rillaboom\n|-waiting|p2b: Meowscarada|p2a: Primarina\n|move|p2a: Primarina|Water Pledge|p1a: Rillaboom|[from]move: Grass Pledge\n|-combine\n|-resisted|p1a: Rillaboom\n|-damage|p1a: Rillaboom|50\/100\n|-sidestart|p1: EvanEndi|Grass Pledge\n|-damage|p2a: Primarina|91\/100|[from] item: Life Orb\n|move|p1b: Baxcalibur|Icicle Spear|p2b: Meowscarada\n|-supereffective|p2b: Meowscarada\n|-damage|p2b: Meowscarada|28\/100\n|-supereffective|p2b: Meowscarada\n|-damage|p2b: Meowscarada|0 fnt\n|faint|p2b: Meowscarada\n|-hitcount|p2: Meowscarada|2\n|\n|-heal|p2a: Primarina|97\/100|[from] Grassy Terrain\n|-heal|p1a: Rillaboom|56\/100|[from] Grassy Terrain\n|upkeep\n|inactive|SubToPenglin has 30 seconds left.\n|\n|t:|1732033023\n|switch|p2b: Sylveon|Sylveon, L50, F|100\/100\n|turn|3\n|\n|t:|1732033042\n|move|p1a: Rillaboom|Fake Out|p2b: Sylveon\n|-damage|p2b: Sylveon|84\/100\n|move|p2a: Primarina|Hyper Voice|p1a: Rillaboom|[spread] p1a,p1b\n|-resisted|p1a: Rillaboom\n|-damage|p1a: Rillaboom|39\/100\n|-damage|p1b: Baxcalibur|51\/100\n|-damage|p2a: Primarina|87\/100|[from] item: Life Orb\n|cant|p2b: Sylveon|flinch\n|move|p1b: Baxcalibur|Icicle Spear|p2b: Sylveon\n|-damage|p2b: Sylveon|55\/100\n|-damage|p2b: Sylveon|29\/100\n|-damage|p2b: Sylveon|0 fnt\n|faint|p2b: Sylveon\n|-hitcount|p2: Sylveon|3\n|\n|-heal|p2a: Primarina|93\/100|[from] Grassy Terrain\n|-heal|p1b: Baxcalibur|57\/100|[from] Grassy Terrain\n|-heal|p1a: Rillaboom|45\/100|[from] Grassy Terrain\n|upkeep\n|\n|t:|1732033058\n|switch|p2b: Indeedee|Indeedee, L50, M, shiny|100\/100\n|-fieldstart|move: Psychic Terrain|[from] ability: Psychic Surge|[of] p2b: Indeedee\n|turn|4\n|\n|t:|1732033066\n|switch|p1a: Magmar|Magmar, L50, F|100\/100\n|move|p1b: Baxcalibur|Protect|p1b: Baxcalibur\n|-singleturn|p1b: Baxcalibur|Protect\n|move|p2b: Indeedee|Expanding Force|p1a: Magmar|[spread] p1a\n|-activate|p1b: Baxcalibur|move: Protect\n|-damage|p1a: Magmar|62\/100\n|move|p2a: Primarina|Hyper Voice|p1b: Baxcalibur|[spread] p1a\n|-activate|p1b: Baxcalibur|move: Protect\n|-supereffective|p1a: Magmar\n|-damage|p1a: Magmar|0 fnt\n|faint|p1a: Magmar\n|-damage|p2a: Primarina|84\/100|[from] item: Life Orb\n|\n|upkeep\n|\n|t:|1732033077\n|switch|p1a: Rillaboom|Rillaboom, L50, M|45\/100\n|-fieldstart|move: Grassy Terrain|[from] ability: Grassy Surge|[of] p1a: Rillaboom\n|turn|5\n|\n|t:|1732033087\n|move|p1a: Rillaboom|Fake Out|p2a: Primarina\n|-resisted|p2a: Primarina\n|-damage|p2a: Primarina|76\/100\n|move|p2b: Indeedee|Expanding Force|p1b: Baxcalibur\n|-supereffective|p1b: Baxcalibur\n|-damage|p1b: Baxcalibur|0 fnt\n|faint|p1b: Baxcalibur\n|cant|p2a: Primarina|flinch\n|\n|-heal|p2a: Primarina|82\/100|[from] Grassy Terrain\n|-heal|p1a: Rillaboom|51\/100|[from] Grassy Terrain\n|-sideend|p1: EvanEndi|Grass Pledge\n|upkeep\n|\n|t:|1732033092\n|switch|p1b: Sneasler|Sneasler, L50, F|100\/100\n|turn|6\n|inactive|EvanEndi has 30 seconds left.\n|\n|t:|1732033124\n|move|p1b: Sneasler|Protect|p1b: Sneasler\n|-singleturn|p1b: Sneasler|Protect\n|move|p2a: Primarina|Protect|p2a: Primarina\n|-singleturn|p2a: Primarina|Protect\n|move|p1a: Rillaboom|Grassy Glide|p2b: Indeedee\n|-damage|p2b: Indeedee|42\/100\n|move|p2b: Indeedee|Expanding Force|p1b: Sneasler\n|-activate|p1b: Sneasler|move: Protect\n|\n|-heal|p2b: Indeedee|48\/100|[from] Grassy Terrain\n|-heal|p1a: Rillaboom|57\/100|[from] Grassy Terrain\n|-heal|p2a: Primarina|88\/100|[from] Grassy Terrain\n|upkeep\n|turn|7\n|\n|t:|1732033135\n|move|p1a: Rillaboom|Grassy Glide|p2b: Indeedee\n|-damage|p2b: Indeedee|0 fnt\n|faint|p2b: Indeedee\n|move|p1b: Sneasler|Close Combat|p2a: Primarina\n|-supereffective|p2a: Primarina\n|-damage|p2a: Primarina|0 fnt\n|-unboost|p1b: Sneasler|def|1\n|-unboost|p1b: Sneasler|spd|1\n|faint|p2a: Primarina\n|\n|win|EvanEndi\n|raw|EvanEndi's rating: 1662 &rarr; <strong>1688<\/strong><br \/>(+26 for winning)\n|raw|SubToPenglin's rating: 1776 &rarr; <strong>1750<\/strong><br \/>(-26 for losing)\n|l|\u2606SubToPenglin\n|player|p2|\n|l|\u2606EvanEndi\n|player|p1|\n","uploadtime":1732033361,"views":28,"formatid":"gen9vgc2024regh","rating":1688,"private":0,"password":null}