{"id":"gen9vgc2024regh-2246590031","format":"[Gen 9] VGC 2024 Reg H","players":["chang21","yuzuda"],"log":"|j|\u2606chang21\n|j|\u2606yuzuda\n|t:|1731980131\n|gametype|doubles\n|player|p1|chang21|veteran-gen4|1690\n|player|p2|yuzuda|101|1685\n|teamsize|p1|6\n|teamsize|p2|6\n|gen|9\n|tier|[Gen 9] VGC 2024 Reg H\n|rated|\n|rule|Species Clause: Limit one of each Pok\u00e9mon\n|rule|Item Clause: Limit 1 of each item\n|clearpoke\n|poke|p1|Sneasler, L50, M|\n|poke|p1|Dragonite, L50, M|\n|poke|p1|Kingambit, L50, M|\n|poke|p1|Volcarona, L50, F|\n|poke|p1|Electabuzz, L50, F|\n|poke|p1|Rillaboom, L50, F|\n|poke|p2|Archaludon, L50, F|\n|poke|p2|Annihilape, L50, M|\n|poke|p2|Gholdengo, L50|\n|poke|p2|Pelipper, L50, F|\n|poke|p2|Maushold, L50|\n|poke|p2|Rillaboom, L50, M|\n|teampreview|4\n|inactive|Battle timer is ON: inactive players will automatically lose when time's up. (requested by yuzuda)\n|inactive|chang21 has 60 seconds left.\n|\n|t:|1731980175\n|start\n|switch|p1a: Electabuzz|Electabuzz, L50, F|100\/100\n|switch|p1b: Volcarona|Volcarona, L50, F|100\/100\n|switch|p2a: Maushold|Maushold, L50|100\/100\n|switch|p2b: Annihilape|Annihilape, L50, M|100\/100\n|turn|1\n|\n|t:|1731980199\n|move|p2a: Maushold|Taunt|p1a: Electabuzz\n|-start|p1a: Electabuzz|move: Taunt\n|move|p1b: Volcarona|Quiver Dance|p1b: Volcarona\n|-boost|p1b: Volcarona|spa|1\n|-boost|p1b: Volcarona|spd|1\n|-boost|p1b: Volcarona|spe|1\n|move|p1a: Electabuzz|Thunderbolt|p2a: Maushold\n|-damage|p2a: Maushold|60\/100\n|move|p2b: Annihilape|Bulk Up|p2b: Annihilape\n|-boost|p2b: Annihilape|atk|1\n|-boost|p2b: Annihilape|def|1\n|\n|upkeep\n|turn|2\n|j| Conquistatore\n|l| Conquistatore\n|inactive|chang21 has 30 seconds left.\n|\n|t:|1731980225\n|switch|p1a: Sneasler|Sneasler, L50, M|100\/100\n|-terastallize|p2b: Annihilape|Fire\n|move|p1b: Volcarona|Protect|p1b: Volcarona\n|-singleturn|p1b: Volcarona|Protect\n|move|p2a: Maushold|Protect|p2a: Maushold\n|-singleturn|p2a: Maushold|Protect\n|move|p2b: Annihilape|Rage Fist|p1b: Volcarona\n|-activate|p1b: Volcarona|move: Protect\n|\n|upkeep\n|turn|3\n|inactive|chang21 has 30 seconds left.\n|inactive|yuzuda has 30 seconds left.\n|inactive|chang21 has 20 seconds left.\n|inactive|chang21 has 15 seconds left.\n|inactive|chang21 has 10 seconds left.\n|inactive|chang21 has 5 seconds left.\n|\n|t:|1731980278\n|move|p2b: Annihilape|Protect|p2b: Annihilape\n|-singleturn|p2b: Annihilape|Protect\n|move|p1b: Volcarona|Tera Blast|p2a: Maushold\n|-damage|p2a: Maushold|12\/100\n|move|p1a: Sneasler|Coaching|p1b: Volcarona\n|-boost|p1b: Volcarona|atk|1\n|-boost|p1b: Volcarona|def|1\n|move|p2a: Maushold|Taunt|p1b: Volcarona\n|-start|p1b: Volcarona|move: Taunt\n|\n|upkeep\n|turn|4\n|inactive|chang21 has 30 seconds left.\n|inactive|yuzuda has 30 seconds left.\n|\n|t:|1731980311\n|-terastallize|p1a: Sneasler|Stellar\n|move|p2a: Maushold|Protect|p2a: Maushold\n|-singleturn|p2a: Maushold|Protect\n|move|p1b: Volcarona|Heat Wave|p2a: Maushold|[spread] \n|-activate|p2a: Maushold|move: Protect\n|-miss|p1b: Volcarona|p2b: Annihilape\n|move|p1a: Sneasler|Close Combat|p2b: Annihilape\n|-damage|p2b: Annihilape|60\/100\n|-unboost|p1a: Sneasler|def|1\n|-unboost|p1a: Sneasler|spd|1\n|move|p2b: Annihilape|Rage Fist|p1a: Sneasler\n|-enditem|p1a: Sneasler|Focus Sash\n|-damage|p1a: Sneasler|1\/100\n|\n|-heal|p2b: Annihilape|66\/100|[from] item: Leftovers\n|upkeep\n|turn|5\n|inactive|yuzuda has 30 seconds left.\n|\n|t:|1731980339\n|switch|p2a: Pelipper|Pelipper, L50, F|100\/100\n|-weather|RainDance|[from] ability: Drizzle|[of] p2a: Pelipper\n|move|p1a: Sneasler|Dire Claw|p2b: Annihilape\n|-damage|p2b: Annihilape|30\/100\n|move|p1b: Volcarona|Heat Wave|p2a: Pelipper|[spread] p2a\n|-miss|p1b: Volcarona|p2b: Annihilape\n|-resisted|p2a: Pelipper\n|-crit|p2a: Pelipper\n|-damage|p2a: Pelipper|66\/100\n|move|p2b: Annihilape|Rage Fist|p1b: Volcarona\n|-damage|p1b: Volcarona|8\/100\n|\n|-weather|RainDance|[upkeep]\n|-heal|p1b: Volcarona|15\/100|[from] item: Leftovers\n|-heal|p2b: Annihilape|36\/100|[from] item: Leftovers\n|upkeep\n|turn|6\n|j| mr pogostick\n|inactive|chang21 has 30 seconds left.\n|inactive|yuzuda has 30 seconds left.\n|\n|t:|1731980369\n|switch|p1a: Electabuzz|Electabuzz, L50, F|100\/100\n|move|p2b: Annihilape|Protect|p2b: Annihilape\n|-singleturn|p2b: Annihilape|Protect\n|move|p1b: Volcarona|Tera Blast|p2a: Pelipper\n|-damage|p2a: Pelipper|0 fnt\n|faint|p2a: Pelipper\n|\n|-weather|RainDance|[upkeep]\n|-heal|p1b: Volcarona|21\/100|[from] item: Leftovers\n|-heal|p2b: Annihilape|42\/100|[from] item: Leftovers\n|-end|p1b: Volcarona|move: Taunt\n|upkeep\n|\n|t:|1731980383\n|switch|p2a: Archaludon|Archaludon, L50, F|100\/100\n|turn|7\n|\n|t:|1731980396\n|move|p1b: Volcarona|Tera Blast|p2b: Annihilape\n|-damage|p2b: Annihilape|6\/100\n|move|p1a: Electabuzz|Thunderbolt|p2b: Annihilape\n|-damage|p2b: Annihilape|0 fnt\n|faint|p2b: Annihilape\n|move|p2a: Archaludon|Snarl|p1a: Electabuzz|[spread] p1a,p1b\n|-damage|p1a: Electabuzz|91\/100\n|-damage|p1b: Volcarona|14\/100\n|-unboost|p1a: Electabuzz|spa|1\n|-unboost|p1b: Volcarona|spa|1\n|\n|-weather|RainDance|[upkeep]\n|-heal|p1b: Volcarona|20\/100|[from] item: Leftovers\n|upkeep\n|\n|t:|1731980409\n|switch|p2b: Maushold|Maushold, L50|12\/100\n|turn|8\n|\n|t:|1731980418\n|move|p1a: Electabuzz|Follow Me|p1a: Electabuzz\n|-singleturn|p1a: Electabuzz|move: Follow Me\n|move|p1b: Volcarona|Tera Blast|p2b: Maushold\n|-damage|p2b: Maushold|0 fnt\n|faint|p2b: Maushold\n|move|p2a: Archaludon|Snarl|p1b: Volcarona|[spread] p1a,p1b\n|-damage|p1a: Electabuzz|82\/100\n|-damage|p1b: Volcarona|12\/100\n|-unboost|p1a: Electabuzz|spa|1\n|-unboost|p1b: Volcarona|spa|1\n|\n|-weather|RainDance|[upkeep]\n|-heal|p1b: Volcarona|18\/100|[from] item: Leftovers\n|upkeep\n|turn|9\n|\n|t:|1731980432\n|switch|p1a: Kingambit|Kingambit, L50, M|100\/100\n|move|p1b: Volcarona|Quiver Dance|p1b: Volcarona\n|-boost|p1b: Volcarona|spa|1\n|-boost|p1b: Volcarona|spd|1\n|-boost|p1b: Volcarona|spe|1\n|move|p2a: Archaludon|Electro Shot||[still]\n|-prepare|p2a: Archaludon|Electro Shot\n|-boost|p2a: Archaludon|spa|1\n|-anim|p2a: Archaludon|Electro Shot|p1b: Volcarona\n|-damage|p1b: Volcarona|0 fnt\n|faint|p1b: Volcarona\n|\n|-weather|none\n|upkeep\n|\n|t:|1731980445\n|switch|p1b: Electabuzz|Electabuzz, L50, F|82\/100\n|turn|10\n|\n|t:|1731980453\n|move|p1b: Electabuzz|Follow Me|p1b: Electabuzz\n|-singleturn|p1b: Electabuzz|move: Follow Me\n|move|p2a: Archaludon|Dragon Pulse|p1b: Electabuzz\n|-damage|p1b: Electabuzz|40\/100\n|move|p1a: Kingambit|Swords Dance|p1a: Kingambit\n|-boost|p1a: Kingambit|atk|2\n|\n|upkeep\n|turn|11\n|\n|t:|1731980467\n|move|p1b: Electabuzz|Follow Me|p1b: Electabuzz\n|-singleturn|p1b: Electabuzz|move: Follow Me\n|move|p2a: Archaludon|Dragon Pulse|p1b: Electabuzz\n|-damage|p1b: Electabuzz|0 fnt\n|faint|p1b: Electabuzz\n|move|p1a: Kingambit|Kowtow Cleave|p2a: Archaludon\n|-damage|p2a: Archaludon|23\/100\n|-ability|p2a: Archaludon|Stamina|boost\n|-boost|p2a: Archaludon|def|1\n|\n|upkeep\n|\n|t:|1731980472\n|switch|p1b: Sneasler|Sneasler, L50, M, tera:Stellar|1\/100\n|turn|12\n|\n|t:|1731980482\n|move|p1b: Sneasler|Close Combat|p2a: Archaludon\n|-supereffective|p2a: Archaludon\n|-damage|p2a: Archaludon|0 fnt\n|-unboost|p1b: Sneasler|def|1\n|-unboost|p1b: Sneasler|spd|1\n|faint|p2a: Archaludon\n|\n|win|chang21\n|raw|chang21's rating: 1690 &rarr; <strong>1710<\/strong><br \/>(+20 for winning)\n|raw|yuzuda's rating: 1685 &rarr; <strong>1665<\/strong><br \/>(-20 for losing)\n|l| mr pogostick\n|l|\u2606yuzuda\n|player|p2|\n|l|\u2606chang21\n|player|p1|\n","uploadtime":1731980632,"views":16,"formatid":"gen9vgc2024regh","rating":1665,"private":0,"password":null}