{"id":"gen9vgc2024regh-2246898095","format":"[Gen 9] VGC 2024 Reg H","players":["Cellpab1","vgclth terran"],"log":"|raw|<div class=\"broadcast-blue\"><strong>This battle is required to be public due to a player having a name starting with 'vgclth'.<\/div>\n|j|\u2606Cellpab1\n|j|\u2606vgclth terran\n|t:|1732027010\n|gametype|doubles\n|player|p1|Cellpab1|266|1662\n|player|p2|vgclth terran|rood|1786\n|teamsize|p1|6\n|teamsize|p2|6\n|gen|9\n|tier|[Gen 9] VGC 2024 Reg H\n|rated|\n|rule|Species Clause: Limit one of each Pok\u00e9mon\n|rule|Item Clause: Limit 1 of each item\n|clearpoke\n|poke|p1|Weezing-Galar, L50, M|\n|poke|p1|Toedscruel, L50, F|\n|poke|p1|Garchomp, L50, M|\n|poke|p1|Corviknight, L50, F|\n|poke|p1|Typhlosion-Hisui, L50, F|\n|poke|p1|Ninetales-Alola, L50, F|\n|poke|p2|Ninetales-Alola, L50, M|\n|poke|p2|Rillaboom, L50, F|\n|poke|p2|Magmar, L50, F|\n|poke|p2|Sneasler, L50, M|\n|poke|p2|Kingambit, L50, M|\n|poke|p2|Basculegion, L50, M|\n|teampreview|4\n|inactive|Battle timer is ON: inactive players will automatically lose when time's up. (requested by vgclth terran)\n|inactive|Cellpab1 has 60 seconds left.\n|inactive|Cellpab1 has 30 seconds left.\n|inactive|Cellpab1 has 20 seconds left.\n|\n|t:|1732027126\n|start\n|switch|p1a: Weezing|Weezing-Galar, L50, M|100\/100\n|switch|p1b: Toedscruel|Toedscruel, L50, F|100\/100\n|switch|p2a: Kingambit|Kingambit, L50, M|100\/100\n|switch|p2b: Ninetales|Ninetales-Alola, L50, M|100\/100\n|-ability|p1a: Weezing|Neutralizing Gas\n|turn|1\n|inactive|Cellpab1 has 30 seconds left.\n|inactive|Cellpab1 has 20 seconds left.\n|\n|t:|1732027162\n|-terastallize|p1b: Toedscruel|Water\n|move|p2a: Kingambit|Protect|p2a: Kingambit\n|-singleturn|p2a: Kingambit|Protect\n|move|p2b: Ninetales|Freeze-Dry|p1b: Toedscruel\n|-supereffective|p1b: Toedscruel\n|-damage|p1b: Toedscruel|44\/100\n|move|p1b: Toedscruel|Spore|p2b: Ninetales\n|-status|p2b: Ninetales|slp|[from] move: Spore\n|move|p1a: Weezing|Strange Steam|p2a: Kingambit\n|-activate|p2a: Kingambit|move: Protect\n|\n|upkeep\n|turn|2\n|inactive|Cellpab1 has 30 seconds left.\n|inactive|vgclth terran has 30 seconds left.\n|inactive|Cellpab1 has 20 seconds left.\n|inactive|vgclth terran has 20 seconds left.\n|inactive|vgclth terran has 15 seconds left.\n|\n|t:|1732027205\n|cant|p2b: Ninetales|slp\n|move|p1b: Toedscruel|Acid Spray|p2b: Ninetales\n|-supereffective|p2b: Ninetales\n|-damage|p2b: Ninetales|80\/100 slp\n|-unboost|p2b: Ninetales|spd|2\n|move|p1a: Weezing|Strange Steam|p2b: Ninetales\n|-damage|p2b: Ninetales|0 fnt\n|faint|p2b: Ninetales\n|move|p2a: Kingambit|Kowtow Cleave|p1b: Toedscruel\n|-damage|p1b: Toedscruel|0 fnt\n|faint|p1b: Toedscruel\n|\n|upkeep\n|inactive|Cellpab1 has 30 seconds left.\n|\n|t:|1732027230\n|switch|p2b: Sneasler|Sneasler, L50, M|100\/100\n|switch|p1b: Garchomp|Garchomp, L50, M|100\/100\n|turn|3\n|inactive|Cellpab1 has 30 seconds left.\n|\n|t:|1732027257\n|move|p2b: Sneasler|Fake Out|p1b: Garchomp\n|-damage|p1b: Garchomp|86\/100\n|cant|p1b: Garchomp|flinch\n|move|p1a: Weezing|Strange Steam|p2a: Kingambit\n|-damage|p2a: Kingambit|44\/100\n|move|p2a: Kingambit|Swords Dance|p2a: Kingambit\n|-boost|p2a: Kingambit|atk|2\n|\n|upkeep\n|turn|4\n|inactive|vgclth terran has 30 seconds left.\n|inactive|vgclth terran has 20 seconds left.\n|inactive|vgclth terran has 15 seconds left.\n|\n|t:|1732027297\n|switch|p1b: Corviknight|Corviknight, L50, F|100\/100\n|move|p2a: Kingambit|Protect|p2a: Kingambit\n|-singleturn|p2a: Kingambit|Protect\n|move|p2b: Sneasler|Dire Claw|p1a: Weezing\n|-damage|p1a: Weezing|58\/100\n|-status|p1a: Weezing|slp\n|cant|p1a: Weezing|slp\n|\n|upkeep\n|turn|5\n|\n|t:|1732027314\n|move|p2a: Kingambit|Sucker Punch|p1a: Weezing\n|-resisted|p1a: Weezing\n|-damage|p1a: Weezing|7\/100 slp\n|move|p2b: Sneasler|Close Combat|p1b: Corviknight\n|-damage|p1b: Corviknight|48\/100\n|-unboost|p2b: Sneasler|def|1\n|-unboost|p2b: Sneasler|spd|1\n|-enditem|p1b: Corviknight|Sitrus Berry|[eat]\n|-heal|p1b: Corviknight|73\/100|[from] item: Sitrus Berry\n|move|p1b: Corviknight|Body Press|p2a: Kingambit\n|-supereffective|p2a: Kingambit\n|-crit|p2a: Kingambit\n|-damage|p2a: Kingambit|0 fnt\n|faint|p2a: Kingambit\n|-curestatus|p1a: Weezing|slp|[msg]\n|move|p1a: Weezing|Strange Steam|p2b: Sneasler\n|-enditem|p2b: Sneasler|Focus Sash\n|-damage|p2b: Sneasler|1\/100\n|\n|upkeep\n|\n|t:|1732027318\n|switch|p2a: Basculegion|Basculegion, L50, M|100\/100\n|turn|6\n|j| rosmarino1\n|\n|t:|1732027330\n|move|p2a: Basculegion|Last Respects|p1b: Corviknight\n|-damage|p1b: Corviknight|18\/100\n|move|p2b: Sneasler|Close Combat|p1b: Corviknight\n|-damage|p1b: Corviknight|0 fnt\n|-unboost|p2b: Sneasler|def|1\n|-unboost|p2b: Sneasler|spd|1\n|faint|p1b: Corviknight\n|move|p1a: Weezing|Strange Steam|p2a: Basculegion\n|-damage|p2a: Basculegion|35\/100\n|\n|upkeep\n|\n|t:|1732027337\n|switch|p1b: Garchomp|Garchomp, L50, M|86\/100\n|turn|7\n|inactive|Cellpab1 has 30 seconds left.\n|inactive|vgclth terran has 30 seconds left.\n|inactive|Cellpab1 has 20 seconds left.\n|\n|t:|1732027376\n|move|p2a: Basculegion|Last Respects|p1b: Garchomp\n|-damage|p1b: Garchomp|14\/100\n|move|p2b: Sneasler|Dire Claw|p1a: Weezing\n|-damage|p1a: Weezing|0 fnt\n|faint|p1a: Weezing\n|-end|p1a: Weezing|ability: Neutralizing Gas\n|move|p1b: Garchomp|Earthquake|p2a: Basculegion|[spread] p2a,p2b\n|-supereffective|p2b: Sneasler\n|-damage|p2a: Basculegion|0 fnt\n|-damage|p2b: Sneasler|0 fnt\n|faint|p2a: Basculegion\n|faint|p2b: Sneasler\n|-damage|p1b: Garchomp|4\/100|[from] item: Life Orb\n|\n|win|Cellpab1\n|raw|Cellpab1's rating: 1662 &rarr; <strong>1689<\/strong><br \/>(+27 for winning)\n|raw|vgclth terran's rating: 1786 &rarr; <strong>1759<\/strong><br \/>(-27 for losing)\n|l|\u2606Cellpab1\n|player|p1|\n|l|\u2606vgclth terran\n|player|p2|\n|l| rosmarino1\n","uploadtime":1732027637,"views":12,"formatid":"gen9vgc2024regh","rating":1689,"private":0,"password":null}