{"id":"gen9vgc2024regh-2246020158","format":"[Gen 9] VGC 2024 Reg H","players":["everlance","VGCLTH mt"],"log":"|raw|<div class=\"broadcast-blue\"><strong>This battle is required to be public due to a player having a name starting with 'vgclth'.<\/div>\n|j|\u2606everlance\n|j|\u2606VGCLTH mt\n|t:|1731907243\n|gametype|doubles\n|player|p1|everlance|1|1759\n|player|p2|VGCLTH mt|cynthia|1741\n|teamsize|p1|6\n|teamsize|p2|6\n|gen|9\n|tier|[Gen 9] VGC 2024 Reg H\n|rated|\n|rule|Species Clause: Limit one of each Pok\u00e9mon\n|rule|Item Clause: Limit 1 of each item\n|clearpoke\n|poke|p1|Glimmora, L50, M|\n|poke|p1|Garchomp, L50, F|\n|poke|p1|Sneasler, L50, M|\n|poke|p1|Indeedee, L50, M|\n|poke|p1|Whimsicott, L50, M|\n|poke|p1|Armarouge, L50, F|\n|poke|p2|Ursaluna-Bloodmoon, L50, M|\n|poke|p2|Gholdengo, L50|\n|poke|p2|Dragonite, L50, M|\n|poke|p2|Primarina, L50, F|\n|poke|p2|Incineroar, L50, M|\n|poke|p2|Amoonguss, L50, M|\n|teampreview|4\n|inactive|Battle timer is ON: inactive players will automatically lose when time's up. (requested by VGCLTH mt)\n|inactive|VGCLTH mt has 60 seconds left.\n|inactive|VGCLTH mt has 30 seconds left.\n|inactive|VGCLTH mt has 20 seconds left.\n|inactive|VGCLTH mt has 15 seconds left.\neverlance rejected open team sheets.\n|inactive|VGCLTH mt has 10 seconds left.\n|inactiveoff|Battle timer is now OFF.\n|inactive|Battle timer is ON: inactive players will automatically lose when time's up. (requested by everlance)\n|inactive|VGCLTH mt has 30 seconds left.\n|inactive|VGCLTH mt has 20 seconds left.\n|inactive|VGCLTH mt has 15 seconds left.\n|inactive|VGCLTH mt has 10 seconds left.\n|\n|t:|1731907380\n|start\n|switch|p1a: Whimsicott|Whimsicott, L50, M|100\/100\n|switch|p1b: Garchomp|Garchomp, L50, F|100\/100\n|switch|p2a: Dragonite|Dragonite, L50, M, shiny|100\/100\n|switch|p2b: Primarina|Primarina, L50, F, shiny|100\/100\n|turn|1\n|inactive|VGCLTH mt has 30 seconds left.\n|inactive|VGCLTH mt has 20 seconds left.\n|inactive|VGCLTH mt has 15 seconds left.\n|inactive|VGCLTH mt has 10 seconds left.\n|inactive|VGCLTH mt has 5 seconds left.\n|\n|t:|1731907431\n|-terastallize|p1b: Garchomp|Steel\n|move|p1a: Whimsicott|Moonblast|p2a: Dragonite\n|-supereffective|p2a: Dragonite\n|-damage|p2a: Dragonite|80\/100\n|move|p2b: Primarina|Icy Wind|p1a: Whimsicott|[spread] p1a,p1b\n|-supereffective|p1a: Whimsicott\n|-resisted|p1b: Garchomp\n|-damage|p1a: Whimsicott|53\/100\n|-damage|p1b: Garchomp|93\/100\n|-unboost|p1a: Whimsicott|spe|1\n|move|p1b: Garchomp|Dragon Claw|p2a: Dragonite\n|-supereffective|p2a: Dragonite\n|-damage|p2a: Dragonite|0 fnt\n|faint|p2a: Dragonite\n|\n|upkeep\n|\n|t:|1731907441\n|switch|p2a: Incineroar|Incineroar, L50, M, shiny|100\/100\n|-ability|p2a: Incineroar|Intimidate|boost\n|-unboost|p1a: Whimsicott|atk|1\n|-fail|p1b: Garchomp|unboost|[from] item: Clear Amulet|[of] p1b: Garchomp\n|turn|2\n|\n|t:|1731907446\n|switch|p1b: Indeedee|Indeedee, L50, M|100\/100\n|-fieldstart|move: Psychic Terrain|[from] ability: Psychic Surge|[of] p1b: Indeedee\n|move|p2a: Incineroar|Fake Out|p1b: Indeedee\n|-activate|p1b: Indeedee|move: Psychic Terrain\n|move|p1a: Whimsicott|Tailwind|p1a: Whimsicott\n|-sidestart|p1: everlance|move: Tailwind\n|move|p2b: Primarina|Icy Wind|p1b: Indeedee|[spread] p1a,p1b\n|-supereffective|p1a: Whimsicott\n|-crit|p1a: Whimsicott\n|-damage|p1a: Whimsicott|0 fnt\n|-damage|p1b: Indeedee|81\/100\n|-unboost|p1b: Indeedee|spe|1\n|faint|p1a: Whimsicott\n|\n|upkeep\n|\n|t:|1731907460\n|switch|p1a: Glimmora|Glimmora, L50, M|100\/100\n|turn|3\n|\n|t:|1731907485\n|-terastallize|p2a: Incineroar|Grass\n|move|p1a: Glimmora|Meteor Beam||[still]\n|-prepare|p1a: Glimmora|Meteor Beam\n|-boost|p1a: Glimmora|spa|1\n|-enditem|p1a: Glimmora|Power Herb\n|-anim|p1a: Glimmora|Meteor Beam|p2a: Incineroar\n|-damage|p2a: Incineroar|36\/100\n|-enditem|p2a: Incineroar|Sitrus Berry|[eat]\n|-heal|p2a: Incineroar|61\/100|[from] item: Sitrus Berry\n|move|p1b: Indeedee|Expanding Force|p2a: Incineroar|[spread] p2a,p2b\n|-damage|p2a: Incineroar|25\/100\n|-damage|p2b: Primarina|50\/100\n|move|p2b: Primarina|Icy Wind|p1b: Indeedee|[spread] p1a,p1b\n|-damage|p1a: Glimmora|82\/100\n|-damage|p1b: Indeedee|61\/100\n|-unboost|p1a: Glimmora|spe|1\n|-unboost|p1b: Indeedee|spe|1\n|move|p2a: Incineroar|Flare Blitz|p1b: Indeedee\n|-damage|p1b: Indeedee|0 fnt\n|faint|p1b: Indeedee\n|-damage|p2a: Incineroar|12\/100|[from] Recoil\n|\n|upkeep\n|\n|t:|1731907499\n|switch|p1b: Garchomp|Garchomp, L50, F, tera:Steel|93\/100\n|turn|4\n|\n|t:|1731907511\n|move|p1b: Garchomp|Rock Slide|p2b: Primarina|[spread] p2a\n|-miss|p1b: Garchomp|p2b: Primarina\n|-damage|p2a: Incineroar|0 fnt\n|faint|p2a: Incineroar\n|move|p1a: Glimmora|Sludge Bomb|p2b: Primarina\n|-supereffective|p2b: Primarina\n|-damage|p2b: Primarina|0 fnt\n|faint|p2b: Primarina\n|\n|upkeep\n|\n|t:|1731907514\n|switch|p2b: Gholdengo|Gholdengo, L50, shiny|100\/100\n|turn|5\n|\n|t:|1731907525\n|move|p2b: Gholdengo|Protect|p2b: Gholdengo\n|-singleturn|p2b: Gholdengo|Protect\n|move|p1b: Garchomp|Dragon Claw|p2b: Gholdengo\n|-activate|p2b: Gholdengo|move: Protect\n|move|p1a: Glimmora|Earth Power|p2b: Gholdengo\n|-activate|p2b: Gholdengo|move: Protect\n|\n|-sideend|p1: everlance|move: Tailwind\n|upkeep\n|turn|6\n|\n|t:|1731907543\n|move|p1b: Garchomp|Rock Slide|p2b: Gholdengo|[miss]\n|-miss|p1b: Garchomp|p2b: Gholdengo\n|move|p2b: Gholdengo|Shadow Ball|p1b: Garchomp\n|-damage|p1b: Garchomp|44\/100\n|move|p1a: Glimmora|Earth Power|p2b: Gholdengo\n|-supereffective|p2b: Gholdengo\n|-enditem|p2b: Gholdengo|Focus Sash\n|-damage|p2b: Gholdengo|1\/100\n|\n|-fieldend|move: Psychic Terrain\n|upkeep\n|turn|7\n|-message|VGCLTH mt forfeited.\n|\n|win|everlance\n|raw|everlance's rating: 1759 &rarr; <strong>1776<\/strong><br \/>(+17 for winning)\n|raw|VGCLTH mt's rating: 1715 &rarr; <strong>1698<\/strong><br \/>(-17 for losing)\n|l|\u2606VGCLTH mt\n|player|p2|\n|l|\u2606everlance\n|player|p1|\n","uploadtime":1731907724,"views":12,"formatid":"gen9vgc2024regh","rating":1698,"private":0,"password":null}