{"id":"gen9vgc2024regh-2246912314","format":"[Gen 9] VGC 2024 Reg H","players":["bmmjVGC","Chuleproaso"],"log":"|j|\u2606bmmjVGC\n|j|\u2606Chuleproaso\n|t:|1732028459\n|gametype|doubles\n|player|p1|bmmjVGC|caitlin|1684\n|player|p2|Chuleproaso|hilbert|1707\n|teamsize|p1|6\n|teamsize|p2|6\n|gen|9\n|tier|[Gen 9] VGC 2024 Reg H\n|rated|\n|rule|Species Clause: Limit one of each Pok\u00e9mon\n|rule|Item Clause: Limit 1 of each item\n|clearpoke\n|poke|p1|Baxcalibur, L50, F|\n|poke|p1|Rillaboom, L50, M|\n|poke|p1|Dondozo, L50, F|\n|poke|p1|Volcarona, L50, M|\n|poke|p1|Kingambit, L50, F|\n|poke|p1|Annihilape, L50, M|\n|poke|p2|Dragonite, L50, M|\n|poke|p2|Tyranitar, L50, F|\n|poke|p2|Metagross, L50|\n|poke|p2|Annihilape, L50, F|\n|poke|p2|Volcarona, L50, M|\n|poke|p2|Sinistcha, L50|\n|teampreview|4\n|inactive|Battle timer is ON: inactive players will automatically lose when time's up. (requested by bmmjVGC)\n|\n|t:|1732028485\n|start\n|switch|p1a: Baxcalibur|Baxcalibur, L50, F, shiny|100\/100\n|switch|p1b: Annihilape|Annihilape, L50, M, shiny|100\/100\n|switch|p2a: Tyranitar|Tyranitar, L50, F|100\/100\n|switch|p2b: Annihilape|Annihilape, L50, F|100\/100\n|-weather|Sandstorm|[from] ability: Sand Stream|[of] p2a: Tyranitar\n|turn|1\n|\n|t:|1732028510\n|-terastallize|p2a: Tyranitar|Ghost\n|move|p1a: Baxcalibur|Protect|p1a: Baxcalibur\n|-singleturn|p1a: Baxcalibur|Protect\n|move|p1b: Annihilape|Stealth Rock|p2a: Tyranitar\n|-sidestart|p2: Chuleproaso|move: Stealth Rock\n|move|p2b: Annihilape|Rage Fist|p1b: Annihilape\n|-supereffective|p1b: Annihilape\n|-damage|p1b: Annihilape|42\/100\n|move|p2a: Tyranitar|Rock Slide|p1a: Baxcalibur|[spread] \n|-activate|p1a: Baxcalibur|move: Protect\n|-miss|p2a: Tyranitar|p1b: Annihilape\n|\n|-weather|Sandstorm|[upkeep]\n|-damage|p1b: Annihilape|37\/100|[from] Sandstorm\n|-damage|p2b: Annihilape|95\/100|[from] Sandstorm\n|-damage|p1a: Baxcalibur|95\/100|[from] Sandstorm\n|-damage|p2a: Tyranitar|94\/100|[from] Sandstorm\n|upkeep\n|turn|2\n|inactive|bmmjVGC has 30 seconds left.\n|inactive|Chuleproaso has 30 seconds left.\n|\n|t:|1732028542\n|switch|p1a: Dondozo|Dondozo, L50, F, shiny|100\/100\n|move|p2b: Annihilape|Rage Fist|p1b: Annihilape\n|-supereffective|p1b: Annihilape\n|-damage|p1b: Annihilape|0 fnt\n|faint|p1b: Annihilape\n|move|p2a: Tyranitar|Rock Slide|p1a: Dondozo\n|-damage|p1a: Dondozo|67\/100\n|\n|-weather|Sandstorm|[upkeep]\n|-damage|p2b: Annihilape|89\/100|[from] Sandstorm\n|-damage|p2a: Tyranitar|88\/100|[from] Sandstorm\n|-damage|p1a: Dondozo|60\/100|[from] Sandstorm\n|-heal|p1a: Dondozo|67\/100|[from] item: Leftovers\n|upkeep\n|\n|t:|1732028556\n|switch|p1b: Kingambit|Kingambit, L50, F, shiny|100\/100\n|turn|3\n|\n|t:|1732028579\n|switch|p2a: Dragonite|Dragonite, L50, M|100\/100\n|-damage|p2a: Dragonite|76\/100|[from] Stealth Rock\n|-terastallize|p1b: Kingambit|Dark\n|move|p1b: Kingambit|Sucker Punch||[still]\n|-fail|p1b: Kingambit\n|move|p2b: Annihilape|Coaching|p2a: Dragonite\n|-boost|p2a: Dragonite|atk|1\n|-boost|p2a: Dragonite|def|1\n|move|p1a: Dondozo|Yawn|p2b: Annihilape\n|-start|p2b: Annihilape|move: Yawn|[of] p1a: Dondozo\n|\n|-weather|Sandstorm|[upkeep]\n|-damage|p2b: Annihilape|83\/100|[from] Sandstorm\n|-damage|p2a: Dragonite|70\/100|[from] Sandstorm\n|-damage|p1b: Kingambit|95\/100|[from] Sandstorm\n|-damage|p1a: Dondozo|60\/100|[from] Sandstorm\n|-heal|p1a: Dondozo|67\/100|[from] item: Leftovers\n|upkeep\n|turn|4\n|\n|t:|1732028602\n|switch|p2b: Tyranitar|Tyranitar, L50, F, tera:Ghost|88\/100\n|-damage|p2b: Tyranitar|75\/100|[from] Stealth Rock\n|move|p1b: Kingambit|Protect|p1b: Kingambit\n|-singleturn|p1b: Kingambit|Protect\n|move|p2a: Dragonite|Scale Shot|p1a: Dondozo\n|-damage|p1a: Dondozo|58\/100\n|-damage|p1a: Dondozo|49\/100\n|-damage|p1a: Dondozo|41\/100\n|-damage|p1a: Dondozo|32\/100\n|-damage|p1a: Dondozo|24\/100\n|-hitcount|p1a: Dondozo|5\n|-unboost|p2a: Dragonite|def|1\n|-boost|p2a: Dragonite|spe|1\n|move|p1a: Dondozo|Yawn|p2a: Dragonite\n|-start|p2a: Dragonite|move: Yawn|[of] p1a: Dondozo\n|\n|-weather|Sandstorm|[upkeep]\n|-damage|p2a: Dragonite|64\/100|[from] Sandstorm\n|-damage|p2b: Tyranitar|69\/100|[from] Sandstorm\n|-damage|p1b: Kingambit|89\/100|[from] Sandstorm\n|-damage|p1a: Dondozo|18\/100|[from] Sandstorm\n|-heal|p1a: Dondozo|24\/100|[from] item: Leftovers\n|upkeep\n|turn|5\n|inactive|bmmjVGC has 30 seconds left.\n|inactive|Chuleproaso has 30 seconds left.\n|inactive|Chuleproaso has 20 seconds left.\n|inactive|Chuleproaso has 15 seconds left.\n|\n|t:|1732028645\n|move|p1a: Dondozo|Protect|p1a: Dondozo\n|-singleturn|p1a: Dondozo|Protect\n|move|p2a: Dragonite|Extreme Speed|p1a: Dondozo\n|-activate|p1a: Dondozo|move: Protect\n|move|p2b: Tyranitar|Low Kick|p1b: Kingambit\n|-supereffective|p1b: Kingambit\n|-damage|p1b: Kingambit|14\/100\n|move|p1b: Kingambit|Swords Dance|p1b: Kingambit\n|-boost|p1b: Kingambit|atk|2\n|\n|-weather|none\n|-heal|p1a: Dondozo|30\/100|[from] item: Leftovers\n|-end|p2a: Dragonite|move: Yawn|[silent]\n|-status|p2a: Dragonite|slp\n|upkeep\n|turn|6\n|\n|t:|1732028670\n|switch|p2b: Annihilape|Annihilape, L50, F|83\/100\n|-damage|p2b: Annihilape|77\/100|[from] Stealth Rock\n|cant|p2a: Dragonite|slp\n|move|p1b: Kingambit|Sucker Punch||[still]\n|-fail|p1b: Kingambit\n|move|p1a: Dondozo|Yawn||[still]\n|-fail|p1a: Dondozo\n|\n|-heal|p1a: Dondozo|36\/100|[from] item: Leftovers\n|upkeep\n|turn|7\n|inactive|bmmjVGC has 30 seconds left.\n|inactive|Chuleproaso has 30 seconds left.\n|\n|t:|1732028701\n|move|p1a: Dondozo|Protect|p1a: Dondozo\n|-singleturn|p1a: Dondozo|Protect\n|cant|p2a: Dragonite|slp\n|move|p1b: Kingambit|Sucker Punch|p2b: Annihilape\n|-damage|p2b: Annihilape|0 fnt\n|faint|p2b: Annihilape\n|\n|-heal|p1a: Dondozo|43\/100|[from] item: Leftovers\n|upkeep\n|\n|t:|1732028710\n|switch|p2b: Tyranitar|Tyranitar, L50, F, tera:Ghost|69\/100\n|-damage|p2b: Tyranitar|57\/100|[from] Stealth Rock\n|-weather|Sandstorm|[from] ability: Sand Stream|[of] p2b: Tyranitar\n|turn|8\n|\n|t:|1732028722\n|cant|p2a: Dragonite|slp\n|move|p1b: Kingambit|Sucker Punch||[still]\n|-fail|p1b: Kingambit\n|move|p2b: Tyranitar|Knock Off|p1a: Dondozo\n|-damage|p1a: Dondozo|2\/100\n|-enditem|p1a: Dondozo|Leftovers|[from] move: Knock Off|[of] p2b: Tyranitar\n|move|p1a: Dondozo|Yawn|p2b: Tyranitar\n|-start|p2b: Tyranitar|move: Yawn|[of] p1a: Dondozo\n|\n|-weather|Sandstorm|[upkeep]\n|-damage|p2a: Dragonite|58\/100 slp|[from] Sandstorm\n|-damage|p2b: Tyranitar|50\/100|[from] Sandstorm\n|-damage|p1b: Kingambit|8\/100|[from] Sandstorm\n|-damage|p1a: Dondozo|0 fnt|[from] Sandstorm\n|faint|p1a: Dondozo\n|upkeep\n|\n|t:|1732028737\n|switch|p1a: Baxcalibur|Baxcalibur, L50, F, shiny|95\/100\n|turn|9\n|inactive|Chuleproaso has 30 seconds left.\n|inactive|bmmjVGC has 30 seconds left.\n|inactive|Chuleproaso has 20 seconds left.\n|inactive|bmmjVGC has 20 seconds left.\n|inactive|bmmjVGC has 15 seconds left.\n|\n|t:|1732028782\n|move|p1b: Kingambit|Protect|p1b: Kingambit\n|-singleturn|p1b: Kingambit|Protect\n|move|p1a: Baxcalibur|Ice Shard|p2a: Dragonite\n|-supereffective|p2a: Dragonite\n|-damage|p2a: Dragonite|0 fnt\n|faint|p2a: Dragonite\n|move|p2b: Tyranitar|Knock Off|p1b: Kingambit\n|-activate|p1b: Kingambit|move: Protect\n|\n|-weather|Sandstorm|[upkeep]\n|-damage|p1a: Baxcalibur|89\/100|[from] Sandstorm\n|-damage|p2b: Tyranitar|44\/100|[from] Sandstorm\n|-damage|p1b: Kingambit|2\/100|[from] Sandstorm\n|-end|p2b: Tyranitar|move: Yawn|[silent]\n|-status|p2b: Tyranitar|slp\n|upkeep\n|\n|t:|1732028786\n|switch|p2a: Volcarona|Volcarona, L50, M|100\/100\n|-damage|p2a: Volcarona|51\/100|[from] Stealth Rock\n|turn|10\n|\n|t:|1732028806\n|move|p2a: Volcarona|Overheat|p1a: Baxcalibur|[miss]\n|-miss|p2a: Volcarona|p1a: Baxcalibur\n|move|p1a: Baxcalibur|Scale Shot|p2a: Volcarona\n|-crit|p2a: Volcarona\n|-damage|p2a: Volcarona|19\/100\n|-damage|p2a: Volcarona|0 fnt\n|faint|p2a: Volcarona\n|-hitcount|p2: Volcarona|2\n|-unboost|p1a: Baxcalibur|def|1\n|-boost|p1a: Baxcalibur|spe|1\n|cant|p2b: Tyranitar|slp\n|move|p1b: Kingambit|Kowtow Cleave|p2b: Tyranitar\n|-supereffective|p2b: Tyranitar\n|-damage|p2b: Tyranitar|0 fnt\n|faint|p2b: Tyranitar\n|\n|win|bmmjVGC\n|raw|bmmjVGC's rating: 1684 &rarr; <strong>1705<\/strong><br \/>(+21 for winning)\n|raw|Chuleproaso's rating: 1707 &rarr; <strong>1686<\/strong><br \/>(-21 for losing)\n|c|\u2606Chuleproaso|well...\n|l|\u2606bmmjVGC\n|player|p1|\n|l|\u2606Chuleproaso\n|player|p2|\n","uploadtime":1732029037,"views":15,"formatid":"gen9vgc2024regh","rating":1686,"private":0,"password":null}