{"id":"gen9vgc2024regh-2246499796","format":"[Gen 9] VGC 2024 Reg H","players":["actuary97","prsomtr5"],"log":"|j|\u2606actuary97\n|j|\u2606prsomtr5\n|t:|1731968540\n|gametype|doubles\n|player|p1|actuary97|sabrina-frlg|1784\n|player|p2|prsomtr5|lucas|1758\n|teamsize|p1|6\n|teamsize|p2|6\n|gen|9\n|tier|[Gen 9] VGC 2024 Reg H\n|rated|\n|rule|Species Clause: Limit one of each Pok\u00e9mon\n|rule|Item Clause: Limit 1 of each item\n|clearpoke\n|poke|p1|Whimsicott, L50, F|\n|poke|p1|Gallade, L50, M|\n|poke|p1|Archaludon, L50, F|\n|poke|p1|Malamar, L50, F|\n|poke|p1|Indeedee, L50, M|\n|poke|p1|Drifblim, L50, M|\n|poke|p2|Archaludon, L50, M|\n|poke|p2|Gholdengo, L50|\n|poke|p2|Pelipper, L50, M|\n|poke|p2|Ursaluna, L50, M|\n|poke|p2|Dragonite, L50, F|\n|poke|p2|Sinistcha, L50|\n|teampreview|4\nactuary97 has agreed to open team sheets.\n|\n|t:|1731968627\n|start\n|switch|p1a: Mischief Mother|Whimsicott, L50, F, shiny|100\/100\n|switch|p1b: Bridget|Archaludon, L50, F, shiny|100\/100\n|switch|p2a: Gholdengo|Gholdengo, L50|100\/100\n|switch|p2b: Dragonite|Dragonite, L50, F|100\/100\n|turn|1\n|\n|t:|1731968643\n|move|p1a: Mischief Mother|Tailwind|p1a: Mischief Mother\n|-sidestart|p1: actuary97|move: Tailwind\n|move|p1b: Bridget|Snarl|p2a: Gholdengo|[spread] p2a,p2b\n|-supereffective|p2a: Gholdengo\n|-damage|p2a: Gholdengo|68\/100\n|-damage|p2b: Dragonite|94\/100\n|-unboost|p2a: Gholdengo|spa|1\n|-unboost|p2b: Dragonite|spa|1\n|move|p2a: Gholdengo|Make It Rain|p1b: Bridget|[spread] p1a,p1b\n|-supereffective|p1a: Mischief Mother\n|-resisted|p1b: Bridget\n|-enditem|p1a: Mischief Mother|Focus Sash\n|-damage|p1a: Mischief Mother|1\/100\n|-damage|p1b: Bridget|89\/100\n|-unboost|p2a: Gholdengo|spa|1\n|-ability|p1b: Bridget|Stamina|boost\n|-boost|p1b: Bridget|def|1\n|move|p2b: Dragonite|Tailwind|p2b: Dragonite\n|-sidestart|p2: prsomtr5|move: Tailwind\n|\n|upkeep\n|turn|2\n|\n|t:|1731968661\n|switch|p1a: Tapu Deedee|Indeedee, L50, M, shiny|100\/100\n|-fieldstart|move: Psychic Terrain|[from] ability: Psychic Surge|[of] p1a: Tapu Deedee\n|switch|p2b: Archaludon|Archaludon, L50, M|100\/100\n|move|p2a: Gholdengo|Make It Rain|p1b: Bridget|[spread] p1a,p1b\n|-resisted|p1b: Bridget\n|-damage|p1a: Tapu Deedee|63\/100\n|-damage|p1b: Bridget|81\/100\n|-unboost|p2a: Gholdengo|spa|1\n|-ability|p1b: Bridget|Stamina|boost\n|-boost|p1b: Bridget|def|1\n|move|p1b: Bridget|Snarl|p2b: Archaludon|[spread] p2a,p2b\n|-supereffective|p2a: Gholdengo\n|-damage|p2a: Gholdengo|36\/100\n|-damage|p2b: Archaludon|93\/100\n|-unboost|p2a: Gholdengo|spa|1\n|-unboost|p2b: Archaludon|spa|1\n|-ability|p2b: Archaludon|Stamina|boost\n|-boost|p2b: Archaludon|def|1\n|\n|upkeep\n|turn|3\n|\n|t:|1731968685\n|switch|p2a: Dragonite|Dragonite, L50, F|94\/100\n|move|p1a: Tapu Deedee|Expanding Force|p2b: Archaludon|[spread] p2a,p2b\n|-resisted|p2b: Archaludon\n|-damage|p2a: Dragonite|22\/100\n|-damage|p2b: Archaludon|66\/100\n|-ability|p2b: Archaludon|Stamina|boost\n|-boost|p2b: Archaludon|def|1\n|move|p1b: Bridget|Body Press|p2b: Archaludon\n|-supereffective|p2b: Archaludon\n|-damage|p2b: Archaludon|38\/100\n|-ability|p2b: Archaludon|Stamina|boost\n|-boost|p2b: Archaludon|def|1\n|move|p2b: Archaludon|Body Press|p1a: Tapu Deedee\n|-crit|p1a: Tapu Deedee\n|-damage|p1a: Tapu Deedee|0 fnt\n|faint|p1a: Tapu Deedee\n|\n|upkeep\n|\n|t:|1731968699\n|switch|p1a: Mischief Mother|Whimsicott, L50, F, shiny|1\/100\n|turn|4\n|\n|t:|1731968733\n|move|p1a: Mischief Mother|Moonblast|p2b: Archaludon\n|-damage|p2b: Archaludon|15\/100\n|-ability|p2b: Archaludon|Stamina|boost\n|-boost|p2b: Archaludon|def|1\n|move|p2a: Dragonite|Haze|p2a: Dragonite\n|-clearallboost\n|move|p1b: Bridget|Body Press|p2b: Archaludon\n|-supereffective|p2b: Archaludon\n|-damage|p2b: Archaludon|0 fnt\n|faint|p2b: Archaludon\n|\n|-sideend|p2: prsomtr5|move: Tailwind\n|-sideend|p1: actuary97|move: Tailwind\n|upkeep\n|\n|t:|1731968743\n|switch|p2b: Gholdengo|Gholdengo, L50|36\/100\n|turn|5\n|-message|prsomtr5 forfeited.\n|\n|win|actuary97\n|raw|actuary97's rating: 1784 &rarr; <strong>1803<\/strong><br \/>(+19 for winning)\n|raw|prsomtr5's rating: 1758 &rarr; <strong>1739<\/strong><br \/>(-19 for losing)\n|l|\u2606prsomtr5\n|player|p2|\n","uploadtime":1731968989,"views":17,"formatid":"gen9vgc2024regh","rating":1739,"private":0,"password":null}