{"id":"gen9vgc2024regh-2246026654","format":"[Gen 9] VGC 2024 Reg H","players":["VGCLTH mt","don't use magmar"],"log":"|raw|<div class=\"broadcast-blue\"><strong>This battle is required to be public due to a player having a name starting with 'vgclth'.<\/div>\n|j|\u2606VGCLTH mt\n|j|\u2606don't use magmar\n|t:|1731908428\n|gametype|doubles\n|player|p1|VGCLTH mt|cynthia|1772\n|player|p2|don't use magmar|lucas|1817\n|teamsize|p1|6\n|teamsize|p2|6\n|gen|9\n|tier|[Gen 9] VGC 2024 Reg H\n|rated|\n|rule|Species Clause: Limit one of each Pok\u00e9mon\n|rule|Item Clause: Limit 1 of each item\n|clearpoke\n|poke|p1|Ursaluna-Bloodmoon, L50, M|\n|poke|p1|Gholdengo, L50|\n|poke|p1|Dragonite, L50, M|\n|poke|p1|Primarina, L50, F|\n|poke|p1|Incineroar, L50, M|\n|poke|p1|Amoonguss, L50, M|\n|poke|p2|Incineroar, L50, M|\n|poke|p2|Amoonguss, L50, M|\n|poke|p2|Gholdengo, L50|\n|poke|p2|Sneasler, L50, M|\n|poke|p2|Ursaluna-Bloodmoon, L50, M|\n|poke|p2|Palafin, L50, F|\n|teampreview|4\n|inactive|Battle timer is ON: inactive players will automatically lose when time's up. (requested by VGCLTH mt)\n|inactive|VGCLTH mt has 60 seconds left.\n|\n|t:|1731908465\n|start\n|switch|p1a: Gholdengo|Gholdengo, L50, shiny|100\/100\n|switch|p1b: Ursaluna|Ursaluna-Bloodmoon, L50, M|100\/100\n|switch|p2a: Gholdengo|Gholdengo, L50|100\/100\n|switch|p2b: Palafin|Palafin, L50, F|100\/100\n|turn|1\n|\n|t:|1731908475\n|detailschange|p2b: Palafin|Palafin-Hero, L50, F\n|switch|p2b: Incineroar|Incineroar, L50, M|100\/100\n|-ability|p2b: Incineroar|Intimidate|boost\n|-unboost|p1a: Gholdengo|atk|1\n|-unboost|p1b: Ursaluna|atk|1\n|move|p1b: Ursaluna|Vacuum Wave|p2a: Gholdengo\n|-supereffective|p2a: Gholdengo\n|-damage|p2a: Gholdengo|61\/100\n|move|p2a: Gholdengo|Shadow Ball|p1a: Gholdengo\n|-supereffective|p1a: Gholdengo\n|-enditem|p1a: Gholdengo|Focus Sash\n|-damage|p1a: Gholdengo|1\/100\n|-unboost|p1a: Gholdengo|spd|1\n|move|p1a: Gholdengo|Shadow Ball|p2a: Gholdengo\n|-supereffective|p2a: Gholdengo\n|-damage|p2a: Gholdengo|0 fnt\n|faint|p2a: Gholdengo\n|\n|upkeep\n|\n|t:|1731908481\n|switch|p2a: Palafin|Palafin-Hero, L50, F|100\/100\n|-activate|p2a: Palafin|ability: Zero to Hero\n|turn|2\n|\n|t:|1731908504\n|-terastallize|p2a: Palafin|Water\n|-terastallize|p1b: Ursaluna|Fighting\n|move|p2b: Incineroar|Fake Out|p1b: Ursaluna\n|-damage|p1b: Ursaluna|92\/100\n|move|p1a: Gholdengo|Shadow Ball|p2a: Palafin\n|-damage|p2a: Palafin|56\/100\n|-unboost|p2a: Palafin|spd|1\n|move|p2a: Palafin|Wave Crash|p1b: Ursaluna\n|-damage|p1b: Ursaluna|0 fnt\n|faint|p1b: Ursaluna\n|-damage|p2a: Palafin|26\/100|[from] Recoil\n|\n|upkeep\n|\n|t:|1731908514\n|switch|p1b: Dragonite|Dragonite, L50, M, shiny|100\/100\n|turn|3\n|\n|t:|1731908536\n|move|p2a: Palafin|Jet Punch|p1a: Gholdengo\n|-crit|p1a: Gholdengo\n|-damage|p1a: Gholdengo|0 fnt\n|faint|p1a: Gholdengo\n|move|p1b: Dragonite|Low Kick|p2b: Incineroar\n|-supereffective|p2b: Incineroar\n|-damage|p2b: Incineroar|38\/100\n|move|p2b: Incineroar|Knock Off|p1b: Dragonite\n|-damage|p1b: Dragonite|77\/100\n|-enditem|p1b: Dragonite|Assault Vest|[from] move: Knock Off|[of] p2b: Incineroar\n|\n|upkeep\n|\n|t:|1731908538\n|switch|p1a: Incineroar|Incineroar, L50, M, shiny|100\/100\n|-ability|p1a: Incineroar|Intimidate|boost\n|-unboost|p2a: Palafin|atk|1\n|-unboost|p2b: Incineroar|atk|1\n|turn|4\n|\n|t:|1731908547\n|switch|p2a: Amoonguss|Amoonguss, L50, M|100\/100\n|move|p1b: Dragonite|Extreme Speed|p2a: Amoonguss\n|-damage|p2a: Amoonguss|77\/100\n|move|p2b: Incineroar|Parting Shot|p1b: Dragonite\n|-unboost|p1b: Dragonite|atk|1\n|-unboost|p1b: Dragonite|spa|1\n|\n|t:|1731908550\n|switch|p2b: Palafin|Palafin-Hero, L50, F, tera:Water|26\/100|[from] Parting Shot\n|move|p1a: Incineroar|Flare Blitz|p2b: Palafin\n|-resisted|p2b: Palafin\n|-damage|p2b: Palafin|5\/100\n|-damage|p1a: Incineroar|94\/100|[from] Recoil\n|\n|upkeep\n|turn|5\n|\n|t:|1731908557\n|switch|p2b: Incineroar|Incineroar, L50, M|38\/100\n|-ability|p2b: Incineroar|Intimidate|boost\n|-unboost|p1a: Incineroar|atk|1\n|-unboost|p1b: Dragonite|atk|1\n|move|p1b: Dragonite|Extreme Speed|p2b: Incineroar\n|-damage|p2b: Incineroar|21\/100\n|move|p1a: Incineroar|Flare Blitz|p2a: Amoonguss\n|-supereffective|p2a: Amoonguss\n|-damage|p2a: Amoonguss|26\/100\n|-status|p2a: Amoonguss|brn\n|-enditem|p2a: Amoonguss|Sitrus Berry|[eat]\n|-heal|p2a: Amoonguss|51\/100 brn|[from] item: Sitrus Berry\n|-damage|p1a: Incineroar|75\/100|[from] Recoil\n|move|p2a: Amoonguss|Spore|p1b: Dragonite\n|-status|p1b: Dragonite|slp|[from] move: Spore\n|\n|-damage|p2a: Amoonguss|45\/100 brn|[from] brn\n|upkeep\n|turn|6\n|inactive|don't use magmar has 30 seconds left.\n|\n|t:|1731908582\n|move|p2a: Amoonguss|Rage Powder|p2a: Amoonguss\n|-singleturn|p2a: Amoonguss|move: Rage Powder\n|cant|p1b: Dragonite|slp\n|move|p2b: Incineroar|Parting Shot|p1b: Dragonite\n|-unboost|p1b: Dragonite|atk|1\n|-unboost|p1b: Dragonite|spa|1\n|\n|t:|1731908583\n|switch|p2b: Palafin|Palafin-Hero, L50, F, tera:Water|5\/100|[from] Parting Shot\n|move|p1a: Incineroar|Flare Blitz|p2a: Amoonguss\n|-supereffective|p2a: Amoonguss\n|-damage|p2a: Amoonguss|0 fnt\n|faint|p2a: Amoonguss\n|-damage|p1a: Incineroar|59\/100|[from] Recoil\n|\n|upkeep\n|\n|t:|1731908585\n|switch|p2a: Incineroar|Incineroar, L50, M|21\/100\n|-ability|p2a: Incineroar|Intimidate|boost\n|-unboost|p1a: Incineroar|atk|1\n|-unboost|p1b: Dragonite|atk|1\n|turn|7\n|\n|t:|1731908606\n|move|p2a: Incineroar|Fake Out|p1b: Dragonite\n|-damage|p1b: Dragonite|62\/100 slp\n|cant|p1b: Dragonite|slp\n|move|p2b: Palafin|Jet Punch|p1a: Incineroar\n|-supereffective|p1a: Incineroar\n|-damage|p1a: Incineroar|0 fnt\n|faint|p1a: Incineroar\n|\n|upkeep\n|turn|8\n|\n|t:|1731908618\n|move|p2b: Palafin|Protect|p2b: Palafin\n|-singleturn|p2b: Palafin|Protect\n|-curestatus|p1b: Dragonite|slp|[msg]\n|move|p1b: Dragonite|Low Kick|p2a: Incineroar\n|-supereffective|p2a: Incineroar\n|-damage|p2a: Incineroar|0 fnt\n|faint|p2a: Incineroar\n|\n|upkeep\n|turn|9\n|\n|t:|1731908623\n|move|p1b: Dragonite|Extreme Speed|p2b: Palafin\n|-damage|p2b: Palafin|0 fnt\n|faint|p2b: Palafin\n|\n|win|VGCLTH mt\n|raw|VGCLTH mt's rating: 1772 &rarr; <strong>1795<\/strong><br \/>(+23 for winning)\n|raw|don&apos;t use magmar's rating: 1817 &rarr; <strong>1794<\/strong><br \/>(-23 for losing)\n|l|\u2606don't use magmar\n|player|p2|\n|l|\u2606VGCLTH mt\n|player|p1|\n","uploadtime":1731908841,"views":108,"formatid":"gen9vgc2024regh","rating":1794,"private":0,"password":null}