{"id":"gen9vgc2024regh-2246454110","format":"[Gen 9] VGC 2024 Reg H","players":["VGCLTH John Pork","don't use magmar"],"log":"|raw|<div class=\"broadcast-blue\"><strong>This battle is required to be public due to a player having a name starting with 'vgclth'.<\/div>\n|j|\u2606VGCLTH John Pork\n|j|\u2606don't use magmar\n|t:|1731963713\n|gametype|doubles\n|player|p1|VGCLTH John Pork|ogreclan|1787\n|player|p2|don't use magmar|lucas|1853\n|teamsize|p1|6\n|teamsize|p2|6\n|gen|9\n|tier|[Gen 9] VGC 2024 Reg H\n|rated|\n|rule|Species Clause: Limit one of each Pok\u00e9mon\n|rule|Item Clause: Limit 1 of each item\n|clearpoke\n|poke|p1|Whimsicott, L50, M|\n|poke|p1|Typhlosion-Hisui, L50, F|\n|poke|p1|Annihilape, L50, F|\n|poke|p1|Maushold-Four, L50|\n|poke|p1|Farigiraf, L50, F|\n|poke|p1|Ursaluna-Bloodmoon, L50, M|\n|poke|p2|Gholdengo, L50|\n|poke|p2|Annihilape, L50, F|\n|poke|p2|Ursaluna-Bloodmoon, L50, M|\n|poke|p2|Rillaboom, L50, M|\n|poke|p2|Dragonite, L50, F|\n|poke|p2|Ninetales-Alola, L50, F|\n|teampreview|4\n|inactive|Battle timer is ON: inactive players will automatically lose when time's up. (requested by VGCLTH John Pork)\n|\n|t:|1731963729\n|start\n|switch|p1a: Sedate|Maushold-Four, L50|100\/100\n|switch|p1b: They remain|Farigiraf, L50, F|100\/100\n|switch|p2a: Ursaluna|Ursaluna-Bloodmoon, L50, M|100\/100\n|switch|p2b: Dragonite|Dragonite, L50, F|100\/100\n|turn|1\n|j| le sheesh\n|\n|t:|1731963740\n|switch|p2a: Annihilape|Annihilape, L50, F|100\/100\n|move|p1a: Sedate|Population Bomb|p2b: Dragonite\n|-damage|p2b: Dragonite|95\/100\n|-damage|p2b: Dragonite|83\/100\n|-damage|p2b: Dragonite|70\/100\n|-damage|p2b: Dragonite|57\/100\n|-damage|p2b: Dragonite|46\/100\n|-damage|p2b: Dragonite|34\/100\n|-damage|p2b: Dragonite|22\/100\n|-damage|p2b: Dragonite|9\/100\n|-damage|p2b: Dragonite|0 fnt\n|faint|p2b: Dragonite\n|-hitcount|p2: Dragonite|9\n|move|p1b: They remain|Trick Room|p1b: They remain\n|-fieldstart|move: Trick Room|[of] p1b: They remain\n|\n|upkeep\n|\n|t:|1731963751\n|switch|p2b: Rillaboom|Rillaboom, L50, M|100\/100\n|-fieldstart|move: Grassy Terrain|[from] ability: Grassy Surge|[of] p2b: Rillaboom\n|turn|2\n|\n|t:|1731963757\n|move|p2b: Rillaboom|Protect|p2b: Rillaboom\n|-singleturn|p2b: Rillaboom|Protect\n|move|p2a: Annihilape|Protect|p2a: Annihilape\n|-singleturn|p2a: Annihilape|Protect\n|move|p1b: They remain|Psychic Noise|p2a: Annihilape\n|-activate|p2a: Annihilape|move: Protect\n|move|p1a: Sedate|Population Bomb|p2b: Rillaboom\n|-activate|p2b: Rillaboom|move: Protect\n|\n|upkeep\n|turn|3\n|\n|t:|1731963765\n|switch|p2a: Ursaluna|Ursaluna-Bloodmoon, L50, M|100\/100\n|move|p1b: They remain|Psychic Noise|p2a: Ursaluna\n|-damage|p2a: Ursaluna|76\/100\n|-start|p2a: Ursaluna|move: Heal Block\n|-enditem|p1b: They remain|Throat Spray\n|-boost|p1b: They remain|spa|1|[from] item: Throat Spray\n|move|p2b: Rillaboom|Wood Hammer|p1a: Sedate\n|-damage|p1a: Sedate|0 fnt\n|faint|p1a: Sedate\n|-damage|p2b: Rillaboom|76\/100|[from] Recoil\n|\n|-heal|p2b: Rillaboom|82\/100|[from] Grassy Terrain\n|upkeep\n|\n|t:|1731963767\n|switch|p1a: Unashamed|Ursaluna-Bloodmoon, L50, M|100\/100\n|turn|4\n|\n|t:|1731963774\n|-terastallize|p2a: Ursaluna|Normal\n|-terastallize|p1a: Unashamed|Normal\n|move|p2a: Ursaluna|Blood Moon|p1a: Unashamed\n|-damage|p1a: Unashamed|0 fnt\n|faint|p1a: Unashamed\n|move|p1b: They remain|Psychic Noise|p2b: Rillaboom\n|-crit|p2b: Rillaboom\n|-damage|p2b: Rillaboom|0 fnt\n|faint|p2b: Rillaboom\n|\n|-end|p2a: Ursaluna|move: Heal Block\n|upkeep\n|\n|t:|1731963780\n|switch|p1a: It\u2019s used to|Annihilape, L50, F|100\/100\n|switch|p2b: Annihilape|Annihilape, L50, F|100\/100\n|turn|5\n|\n|t:|1731963792\n|move|p2b: Annihilape|Protect|p2b: Annihilape\n|-singleturn|p2b: Annihilape|Protect\n|move|p2a: Ursaluna|Hyper Voice|p1a: It\u2019s used to|[spread] p1a,p1b\n|-crit|p1b: They remain\n|-damage|p1a: It\u2019s used to|47\/100\n|-damage|p1b: They remain|17\/100\n|move|p1b: They remain|Psychic Noise|p2b: Annihilape\n|-activate|p2b: Annihilape|move: Protect\n|move|p1a: It\u2019s used to|Close Combat|p2a: Ursaluna\n|-supereffective|p2a: Ursaluna\n|-damage|p2a: Ursaluna|0 fnt\n|-unboost|p1a: It\u2019s used to|def|1\n|-unboost|p1a: It\u2019s used to|spd|1\n|faint|p2a: Ursaluna\n|\n|-heal|p1b: They remain|23\/100|[from] Grassy Terrain\n|-heal|p1a: It\u2019s used to|53\/100|[from] Grassy Terrain\n|-fieldend|move: Trick Room\n|upkeep\n|turn|6\n|\n|t:|1731963804\n|move|p1a: It\u2019s used to|Close Combat|p2b: Annihilape\n|-immune|p2b: Annihilape\n|move|p2b: Annihilape|Rage Fist|p1a: It\u2019s used to\n|-supereffective|p1a: It\u2019s used to\n|-damage|p1a: It\u2019s used to|0 fnt\n|faint|p1a: It\u2019s used to\n|move|p1b: They remain|Psychic Noise|p2b: Annihilape\n|-supereffective|p2b: Annihilape\n|-damage|p2b: Annihilape|1\/100\n|-start|p2b: Annihilape|move: Heal Block\n|\n|-heal|p1b: They remain|29\/100|[from] Grassy Terrain\n|-fieldend|move: Grassy Terrain\n|upkeep\n|turn|7\n|\n|t:|1731963809\n|move|p2b: Annihilape|Protect|p2b: Annihilape\n|-singleturn|p2b: Annihilape|Protect\n|move|p1b: They remain|Psychic Noise|p2b: Annihilape\n|-activate|p2b: Annihilape|move: Protect\n|\n|-end|p2b: Annihilape|move: Heal Block\n|upkeep\n|turn|8\n|\n|t:|1731963811\n|move|p2b: Annihilape|Drain Punch|p1b: They remain\n|-damage|p1b: They remain|0 fnt\n|-heal|p2b: Annihilape|17\/100|[from] drain|[of] p1b: They remain\n|faint|p1b: They remain\n|\n|win|don't use magmar\n|raw|VGCLTH John Pork's rating: 1762 &rarr; <strong>1747<\/strong><br \/>(-15 for losing)\n|raw|don&apos;t use magmar's rating: 1853 &rarr; <strong>1868<\/strong><br \/>(+15 for winning)\n|l|\u2606don't use magmar\n|player|p2|\n|l|\u2606VGCLTH John Pork\n|player|p1|\n|j| UGCL\n|l| UGCL\n|l| le sheesh\n","uploadtime":1731964073,"views":139,"formatid":"gen9vgc2024regh","rating":1747,"private":0,"password":null}