{"id":"gen9vgc2024regh-2246199034","format":"[Gen 9] VGC 2024 Reg H","players":["VGCLTH Oinge","zp90"],"log":"|raw|<div class=\"broadcast-blue\"><strong>This battle is required to be public due to a player having a name starting with 'vgclth'.<\/div>\n|j|\u2606VGCLTH Oinge\n|j|\u2606zp90\n|t:|1731938256\n|gametype|doubles\n|player|p1|VGCLTH Oinge|mars|1757\n|player|p2|zp90|2|1775\n|teamsize|p1|6\n|teamsize|p2|6\n|gen|9\n|tier|[Gen 9] VGC 2024 Reg H\n|rated|\n|rule|Species Clause: Limit one of each Pok\u00e9mon\n|rule|Item Clause: Limit 1 of each item\n|clearpoke\n|poke|p1|Armarouge, L50, F|\n|poke|p1|Maushold-Four, L50|\n|poke|p1|Indeedee-F, L50, F|\n|poke|p1|Rillaboom, L50, M|\n|poke|p1|Gholdengo, L50|\n|poke|p1|Dragonite, L50, M|\n|poke|p2|Gholdengo, L50|\n|poke|p2|Sneasler, L50, M|\n|poke|p2|Dragonite, L50, M|\n|poke|p2|Sinistcha-Masterpiece, L50|\n|poke|p2|Garchomp, L50, M|\n|poke|p2|Tauros-Paldea-Aqua, L50, M|\n|teampreview|4\n|j| Winieska Rambulera\n|inactive|Battle timer is ON: inactive players will automatically lose when time's up. (requested by VGCLTH Oinge)\n|\n|t:|1731938295\n|start\n|switch|p1a: Maushold|Maushold-Four, L50|100\/100\n|switch|p1b: Armarouge|Armarouge, L50, F|100\/100\n|switch|p2a: Dragonite|Dragonite, L50, M|100\/100\n|switch|p2b: Gholdengo|Gholdengo, L50|100\/100\n|turn|1\n|\n|t:|1731938316\n|-terastallize|p2b: Gholdengo|Water\n|move|p1b: Armarouge|Endure|p1b: Armarouge\n|-singleturn|p1b: Armarouge|move: Endure\n|move|p1a: Maushold|Beat Up|p1b: Armarouge\n|-supereffective|p1b: Armarouge\n|-damage|p1b: Armarouge|97\/100\n|-ability|p1b: Armarouge|Weak Armor|boost\n|-unboost|p1b: Armarouge|def|1\n|-boost|p1b: Armarouge|spe|2\n|-enditem|p1b: Armarouge|Weakness Policy\n|-boost|p1b: Armarouge|atk|2|[from] item: Weakness Policy\n|-boost|p1b: Armarouge|spa|2|[from] item: Weakness Policy\n|-supereffective|p1b: Armarouge\n|-damage|p1b: Armarouge|92\/100\n|-ability|p1b: Armarouge|Weak Armor|boost\n|-unboost|p1b: Armarouge|def|1\n|-boost|p1b: Armarouge|spe|2\n|-supereffective|p1b: Armarouge\n|-damage|p1b: Armarouge|87\/100\n|-ability|p1b: Armarouge|Weak Armor|boost\n|-unboost|p1b: Armarouge|def|1\n|-boost|p1b: Armarouge|spe|2\n|-supereffective|p1b: Armarouge\n|-damage|p1b: Armarouge|75\/100\n|-ability|p1b: Armarouge|Weak Armor|boost\n|-unboost|p1b: Armarouge|def|1\n|-hitcount|p1b: Armarouge|4\n|move|p2a: Dragonite|Haze|p2a: Dragonite\n|-clearallboost\n|move|p2b: Gholdengo|Shadow Ball|p1b: Armarouge\n|-supereffective|p1b: Armarouge\n|-damage|p1b: Armarouge|12\/100\n|\n|upkeep\n|turn|2\n|inactive|VGCLTH Oinge has 30 seconds left.\n|inactive|zp90 has 30 seconds left.\n|inactive|VGCLTH Oinge has 20 seconds left.\n|\n|t:|1731938352\n|move|p2a: Dragonite|Extreme Speed|p1b: Armarouge\n|-damage|p1b: Armarouge|0 fnt\n|faint|p1b: Armarouge\n|move|p1a: Maushold|Beat Up|p2a: Dragonite\n|-damage|p2a: Dragonite|99\/100\n|-damage|p2a: Dragonite|97\/100\n|-damage|p2a: Dragonite|93\/100\n|-hitcount|p2a: Dragonite|3\n|move|p2b: Gholdengo|Nasty Plot|p2b: Gholdengo\n|-boost|p2b: Gholdengo|spa|2\n|\n|upkeep\n|\n|t:|1731938356\n|switch|p1b: Dragonite|Dragonite, L50, M|100\/100\n|turn|3\n|j| zer90\n|\n|t:|1731938373\n|move|p2b: Gholdengo|Protect|p2b: Gholdengo\n|-singleturn|p2b: Gholdengo|Protect\n|move|p1a: Maushold|Follow Me|p1a: Maushold\n|-singleturn|p1a: Maushold|move: Follow Me\n|move|p1b: Dragonite|Scale Shot|p2a: Dragonite\n|-supereffective|p2a: Dragonite\n|-damage|p2a: Dragonite|68\/100\n|-supereffective|p2a: Dragonite\n|-damage|p2a: Dragonite|40\/100\n|-supereffective|p2a: Dragonite\n|-damage|p2a: Dragonite|13\/100\n|-supereffective|p2a: Dragonite\n|-damage|p2a: Dragonite|0 fnt\n|faint|p2a: Dragonite\n|-hitcount|p2: Dragonite|4\n|-unboost|p1b: Dragonite|def|1\n|-boost|p1b: Dragonite|spe|1\n|\n|upkeep\n|\n|t:|1731938383\n|switch|p2a: Tauros|Tauros-Paldea-Aqua, L50, M|100\/100\n|-ability|p2a: Tauros|Intimidate|boost\n|-unboost|p1a: Maushold|atk|1\n|-fail|p1b: Dragonite|unboost|Attack|[from] ability: Inner Focus|[of] p1b: Dragonite\n|turn|4\n|\n|t:|1731938404\n|move|p1a: Maushold|Protect|p1a: Maushold\n|-singleturn|p1a: Maushold|Protect\n|move|p1b: Dragonite|Scale Shot|p2b: Gholdengo\n|-damage|p2b: Gholdengo|88\/100\n|-damage|p2b: Gholdengo|75\/100\n|-damage|p2b: Gholdengo|62\/100\n|-damage|p2b: Gholdengo|49\/100\n|-hitcount|p2b: Gholdengo|4\n|-unboost|p1b: Dragonite|def|1\n|-boost|p1b: Dragonite|spe|1\n|-enditem|p2a: Tauros|Mirror Herb\n|-boost|p2a: Tauros|spe|1|[from] item: Mirror Herb\n|move|p2a: Tauros|Raging Bull|p1b: Dragonite\n|-resisted|p1b: Dragonite\n|-damage|p1b: Dragonite|69\/100\n|move|p2b: Gholdengo|Make It Rain|p1a: Maushold|[spread] p1b\n|-activate|p1a: Maushold|move: Protect\n|-damage|p1b: Dragonite|2\/100\n|-unboost|p2b: Gholdengo|spa|1\n|\n|upkeep\n|turn|5\n|l| Winieska Rambulera\n|inactive|VGCLTH Oinge has 30 seconds left.\n|j| Roberfly\n|\n|t:|1731938437\n|move|p1a: Maushold|Follow Me|p1a: Maushold\n|-singleturn|p1a: Maushold|move: Follow Me\n|move|p2a: Tauros|Aqua Jet|p1a: Maushold\n|-damage|p1a: Maushold|77\/100\n|move|p1b: Dragonite|Scale Shot|p2b: Gholdengo\n|-damage|p2b: Gholdengo|35\/100\n|-damage|p2b: Gholdengo|21\/100\n|-enditem|p2b: Gholdengo|Aguav Berry|[eat]\n|-heal|p2b: Gholdengo|54\/100|[from] item: Aguav Berry\n|-damage|p2b: Gholdengo|41\/100\n|-damage|p2b: Gholdengo|28\/100\n|-crit|p2b: Gholdengo\n|-damage|p2b: Gholdengo|8\/100\n|-hitcount|p2b: Gholdengo|5\n|-unboost|p1b: Dragonite|def|1\n|-boost|p1b: Dragonite|spe|1\n|move|p2b: Gholdengo|Make It Rain|p1b: Dragonite|[spread] p1a,p1b\n|-damage|p1a: Maushold|0 fnt\n|-damage|p1b: Dragonite|0 fnt\n|-unboost|p2b: Gholdengo|spa|1\n|faint|p1a: Maushold\n|faint|p1b: Dragonite\n|\n|upkeep\n|\n|t:|1731938457\n|switch|p1a: Indeedee|Indeedee-F, L50, F|100\/100\n|-fieldstart|move: Psychic Terrain|[from] ability: Psychic Surge|[of] p1a: Indeedee\n|-enditem|p1a: Indeedee|Psychic Seed\n|-boost|p1a: Indeedee|spd|1|[from] item: Psychic Seed\n|turn|6\n|l| zer90\n|\n|t:|1731938468\n|-terastallize|p1a: Indeedee|Grass\n|move|p2a: Tauros|Raging Bull|p1a: Indeedee\n|-resisted|p1a: Indeedee\n|-damage|p1a: Indeedee|82\/100\n|move|p2b: Gholdengo|Make It Rain|p1a: Indeedee\n|-damage|p1a: Indeedee|45\/100\n|-unboost|p2b: Gholdengo|spa|1\n|move|p1a: Indeedee|Trick Room|p1a: Indeedee\n|-fieldstart|move: Trick Room|[of] p1a: Indeedee\n|\n|upkeep\n|turn|7\n|j| Winieska Rambulera\n|\n|t:|1731938483\n|move|p1a: Indeedee|Psyshock|p2a: Tauros\n|-supereffective|p2a: Tauros\n|-damage|p2a: Tauros|37\/100\n|move|p2b: Gholdengo|Make It Rain|p1a: Indeedee\n|-damage|p1a: Indeedee|19\/100\n|-unboost|p2b: Gholdengo|spa|1\n|move|p2a: Tauros|Close Combat|p1a: Indeedee\n|-damage|p1a: Indeedee|0 fnt\n|-unboost|p2a: Tauros|def|1\n|-unboost|p2a: Tauros|spd|1\n|faint|p1a: Indeedee\n|\n|win|zp90\n|raw|VGCLTH Oinge's rating: 1757 &rarr; <strong>1738<\/strong><br \/>(-19 for losing)\n|raw|zp90's rating: 1775 &rarr; <strong>1794<\/strong><br \/>(+19 for winning)\n|c|\u2606VGCLTH Oinge|gg\n|l|\u2606zp90\n|player|p2|\n|l|\u2606VGCLTH Oinge\n|player|p1|\n|l| Roberfly\n","uploadtime":1731938725,"views":21,"formatid":"gen9vgc2024regh","rating":1738,"private":0,"password":null}