{"id":"gen9vgc2024regh-2246471224","format":"[Gen 9] VGC 2024 Reg H","players":["VGCLTH John Pork","don't use magmar"],"log":"|raw|<div class=\"broadcast-blue\"><strong>This battle is required to be public due to a player having a name starting with 'vgclth'.<\/div>\n|j|\u2606VGCLTH John Pork\n|j|\u2606don't use magmar\n|t:|1731965470\n|gametype|doubles\n|player|p1|VGCLTH John Pork|ogreclan|1792\n|player|p2|don't use magmar|lucas|1893\n|teamsize|p1|6\n|teamsize|p2|6\n|gen|9\n|tier|[Gen 9] VGC 2024 Reg H\n|rated|\n|rule|Species Clause: Limit one of each Pok\u00e9mon\n|rule|Item Clause: Limit 1 of each item\n|clearpoke\n|poke|p1|Whimsicott, L50, F|\n|poke|p1|Typhlosion-Hisui, L50, F|\n|poke|p1|Annihilape, L50, F|\n|poke|p1|Maushold-Four, L50|\n|poke|p1|Farigiraf, L50, F|\n|poke|p1|Ursaluna-Bloodmoon, L50, M|\n|poke|p2|Gholdengo, L50|\n|poke|p2|Annihilape, L50, M|\n|poke|p2|Ursaluna-Bloodmoon, L50, M|\n|poke|p2|Rillaboom, L50, F|\n|poke|p2|Dragonite, L50, F|\n|poke|p2|Ninetales-Alola, L50, F|\n|teampreview|4\n|inactive|Battle timer is ON: inactive players will automatically lose when time's up. (requested by VGCLTH John Pork)\n|j| bo1bstrd\n|inactive|don't use magmar has 60 seconds left.\n|\n|t:|1731965504\n|start\n|switch|p1a: Sedate|Maushold-Four, L50|100\/100\n|switch|p1b: It\u2019s used to|Annihilape, L50, F|100\/100\n|switch|p2a: Ursaluna|Ursaluna-Bloodmoon, L50, M|100\/100\n|switch|p2b: Dragonite|Dragonite, L50, F|100\/100\n|turn|1\n|\n|t:|1731965512\n|switch|p2a: Gholdengo|Gholdengo, L50|100\/100\n|move|p2b: Dragonite|Protect|p2b: Dragonite\n|-singleturn|p2b: Dragonite|Protect\n|move|p1a: Sedate|Population Bomb|p2b: Dragonite\n|-activate|p2b: Dragonite|move: Protect\n|move|p1b: It\u2019s used to|Close Combat|p2a: Gholdengo\n|-immune|p2a: Gholdengo\n|\n|upkeep\n|turn|2\n|\n|t:|1731965522\n|switch|p1b: Charade|Typhlosion-Hisui, L50, F|100\/100\n|-item|p2a: Gholdengo|Leftovers|[from] ability: Frisk|[of] p1b: Charade\n|-item|p2b: Dragonite|Loaded Dice|[from] ability: Frisk|[of] p1b: Charade\n|move|p2b: Dragonite|Extreme Speed|p1a: Sedate\n|-damage|p1a: Sedate|51\/100\n|move|p1a: Sedate|Population Bomb|p2b: Dragonite\n|-damage|p2b: Dragonite|95\/100\n|-damage|p2b: Dragonite|82\/100\n|-damage|p2b: Dragonite|69\/100\n|-crit|p2b: Dragonite\n|-damage|p2b: Dragonite|49\/100\n|-damage|p2b: Dragonite|38\/100\n|-damage|p2b: Dragonite|25\/100\n|-damage|p2b: Dragonite|13\/100\n|-damage|p2b: Dragonite|0 fnt\n|faint|p2b: Dragonite\n|-hitcount|p2: Dragonite|8\n|move|p2a: Gholdengo|Nasty Plot|p2a: Gholdengo\n|-boost|p2a: Gholdengo|spa|2\n|\n|upkeep\n|\n|t:|1731965527\n|switch|p2b: Rillaboom|Rillaboom, L50, F|100\/100\n|-fieldstart|move: Grassy Terrain|[from] ability: Grassy Surge|[of] p2b: Rillaboom\n|turn|3\n|j| FBISurveillanceMan\n|inactive|VGCLTH John Pork has 30 seconds left.\n|inactive|VGCLTH John Pork has 20 seconds left.\n|inactive|VGCLTH John Pork has 15 seconds left.\n|inactive|VGCLTH John Pork has 10 seconds left.\n|\n|t:|1731965575\n|-terastallize|p1a: Sedate|Ghost\n|-terastallize|p2a: Gholdengo|Water\n|move|p2b: Rillaboom|Grassy Glide|p1a: Sedate\n|-damage|p1a: Sedate|0 fnt\n|faint|p1a: Sedate\n|move|p1b: Charade|Eruption|p2b: Rillaboom|[spread] p2a,p2b\n|-resisted|p2a: Gholdengo\n|-supereffective|p2b: Rillaboom\n|-damage|p2a: Gholdengo|61\/100\n|-damage|p2b: Rillaboom|0 fnt\n|faint|p2b: Rillaboom\n|move|p2a: Gholdengo|Shadow Ball|p1b: Charade\n|-supereffective|p1b: Charade\n|-damage|p1b: Charade|0 fnt\n|faint|p1b: Charade\n|\n|-heal|p2a: Gholdengo|67\/100|[from] Grassy Terrain\n|-heal|p2a: Gholdengo|73\/100|[from] item: Leftovers\n|upkeep\n|\n|t:|1731965582\n|switch|p1a: It\u2019s used to|Annihilape, L50, F|100\/100\n|switch|p1b: Their kindness is|Whimsicott, L50, F|100\/100\n|switch|p2b: Ursaluna|Ursaluna-Bloodmoon, L50, M|100\/100\n|turn|4\n|\n|t:|1731965591\n|move|p1b: Their kindness is|Moonblast|p2a: Gholdengo\n|-damage|p2a: Gholdengo|38\/100\n|move|p1a: It\u2019s used to|Close Combat|p2b: Ursaluna\n|-supereffective|p2b: Ursaluna\n|-damage|p2b: Ursaluna|0 fnt\n|-unboost|p1a: It\u2019s used to|def|1\n|-unboost|p1a: It\u2019s used to|spd|1\n|faint|p2b: Ursaluna\n|move|p2a: Gholdengo|Make It Rain|p1a: It\u2019s used to|[spread] p1a,p1b\n|-supereffective|p1b: Their kindness is\n|-damage|p1a: It\u2019s used to|0 fnt\n|-enditem|p1b: Their kindness is|Focus Sash\n|-damage|p1b: Their kindness is|1\/100\n|-unboost|p2a: Gholdengo|spa|1\n|faint|p1a: It\u2019s used to\n|\n|-heal|p1b: Their kindness is|7\/100|[from] Grassy Terrain\n|-heal|p2a: Gholdengo|44\/100|[from] Grassy Terrain\n|-heal|p2a: Gholdengo|50\/100|[from] item: Leftovers\n|upkeep\n|turn|5\n|\n|t:|1731965599\n|move|p1b: Their kindness is|Moonblast|p2a: Gholdengo\n|-damage|p2a: Gholdengo|18\/100\n|-unboost|p2a: Gholdengo|spa|1\n|move|p2a: Gholdengo|Make It Rain|p1b: Their kindness is\n|-supereffective|p1b: Their kindness is\n|-damage|p1b: Their kindness is|0 fnt\n|-unboost|p2a: Gholdengo|spa|1\n|faint|p1b: Their kindness is\n|\n|win|don't use magmar\n|raw|VGCLTH John Pork's rating: 1792 &rarr; <strong>1778<\/strong><br \/>(-14 for losing)\n|raw|don&apos;t use magmar's rating: 1893 &rarr; <strong>1907<\/strong><br \/>(+14 for winning)\n|l|\u2606don't use magmar\n|player|p2|\n|l| FBISurveillanceMan\n","uploadtime":1731965604,"views":179,"formatid":"gen9vgc2024regh","rating":1778,"private":0,"password":null}