{"id":"gen9vgc2024regh-2246486149","format":"[Gen 9] VGC 2024 Reg H","players":["VGCLTH John Pork","prsomtr5"],"log":"|raw|<div class=\"broadcast-blue\"><strong>This battle is required to be public due to a player having a name starting with 'vgclth'.<\/div>\n|j|\u2606VGCLTH John Pork\n|j|\u2606prsomtr5\n|t:|1731967041\n|gametype|doubles\n|player|p1|VGCLTH John Pork|ogreclan|1753\n|player|p2|prsomtr5|lucas|1762\n|teamsize|p1|6\n|teamsize|p2|6\n|gen|9\n|tier|[Gen 9] VGC 2024 Reg H\n|rated|\n|rule|Species Clause: Limit one of each Pok\u00e9mon\n|rule|Item Clause: Limit 1 of each item\n|clearpoke\n|poke|p1|Whimsicott, L50, M|\n|poke|p1|Typhlosion-Hisui, L50, F|\n|poke|p1|Annihilape, L50, F|\n|poke|p1|Maushold-Four, L50|\n|poke|p1|Farigiraf, L50, M|\n|poke|p1|Ursaluna-Bloodmoon, L50, M|\n|poke|p2|Archaludon, L50, F|\n|poke|p2|Gholdengo, L50|\n|poke|p2|Pelipper, L50, F|\n|poke|p2|Ursaluna, L50, F|\n|poke|p2|Dragonite, L50, M|\n|poke|p2|Sinistcha, L50|\n|teampreview|4\n|inactive|Battle timer is ON: inactive players will automatically lose when time's up. (requested by VGCLTH John Pork)\n|j| jo3ke5\n|\n|t:|1731967067\n|start\n|switch|p1a: Their kindness is|Whimsicott, L50, M|100\/100\n|switch|p1b: It\u2019s used to|Annihilape, L50, F|100\/100\n|switch|p2a: Ursaluna|Ursaluna, L50, F|100\/100\n|switch|p2b: Dragonite|Dragonite, L50, M|100\/100\n|turn|1\n|inactive|prsomtr5 has 30 seconds left.\n|inactive|prsomtr5 has 20 seconds left.\n|\n|t:|1731967105\n|-terastallize|p2a: Ursaluna|Water\n|move|p1a: Their kindness is|Moonblast|p2b: Dragonite\n|-supereffective|p2b: Dragonite\n|-damage|p2b: Dragonite|71\/100\n|move|p1b: It\u2019s used to|Rage Fist|p2b: Dragonite\n|-damage|p2b: Dragonite|40\/100\n|move|p2b: Dragonite|Scale Shot|p1b: It\u2019s used to\n|-damage|p1b: It\u2019s used to|85\/100\n|-damage|p1b: It\u2019s used to|71\/100\n|-damage|p1b: It\u2019s used to|56\/100\n|-damage|p1b: It\u2019s used to|40\/100\n|-hitcount|p1b: It\u2019s used to|4\n|-unboost|p2b: Dragonite|def|1\n|-boost|p2b: Dragonite|spe|1\n|move|p2a: Ursaluna|Earthquake|p1b: It\u2019s used to|[spread] p1a,p1b\n|-immune|p2b: Dragonite\n|-resisted|p1a: Their kindness is\n|-crit|p1b: It\u2019s used to\n|-damage|p1a: Their kindness is|68\/100\n|-damage|p1b: It\u2019s used to|0 fnt\n|faint|p1b: It\u2019s used to\n|\n|-status|p2a: Ursaluna|brn|[from] item: Flame Orb\n|upkeep\n|\n|t:|1731967112\n|switch|p1b: Sedate|Maushold-Four, L50|100\/100\n|turn|2\n|j| Fishyyism\n|inactive|prsomtr5 has 30 seconds left.\n|inactive|prsomtr5 has 20 seconds left.\n|inactive|prsomtr5 has 15 seconds left.\n|inactive|prsomtr5 has 10 seconds left.\n|inactive|prsomtr5 has 5 seconds left.\n|\n|t:|1731967167\n|move|p1b: Sedate|Protect|p1b: Sedate\n|-singleturn|p1b: Sedate|Protect\n|move|p1a: Their kindness is|Tailwind|p1a: Their kindness is\n|-sidestart|p1: VGCLTH John Pork|move: Tailwind\n|move|p2b: Dragonite|Scale Shot|p1a: Their kindness is\n|-immune|p1a: Their kindness is\n|move|p2a: Ursaluna|Earthquake|p1a: Their kindness is|[spread] p1a\n|-activate|p1b: Sedate|move: Protect\n|-immune|p2b: Dragonite\n|-resisted|p1a: Their kindness is\n|-damage|p1a: Their kindness is|14\/100\n|\n|-damage|p2a: Ursaluna|94\/100 brn|[from] brn\n|upkeep\n|turn|3\n|j| Absol_Dusk\n|inactive|prsomtr5 has 30 seconds left.\n|inactive|prsomtr5 has 20 seconds left.\n|\n|t:|1731967205\n|switch|p2a: Archaludon|Archaludon, L50, F|100\/100\n|-terastallize|p1a: Their kindness is|Ghost\n|move|p1a: Their kindness is|Moonblast|p2b: Dragonite\n|-supereffective|p2b: Dragonite\n|-damage|p2b: Dragonite|0 fnt\n|faint|p2b: Dragonite\n|move|p1b: Sedate|Population Bomb|p2a: Archaludon\n|-resisted|p2a: Archaludon\n|-damage|p2a: Archaludon|96\/100\n|-ability|p2a: Archaludon|Stamina|boost\n|-boost|p2a: Archaludon|def|1\n|-resisted|p2a: Archaludon\n|-damage|p2a: Archaludon|94\/100\n|-ability|p2a: Archaludon|Stamina|boost\n|-boost|p2a: Archaludon|def|1\n|-resisted|p2a: Archaludon\n|-crit|p2a: Archaludon\n|-damage|p2a: Archaludon|88\/100\n|-ability|p2a: Archaludon|Stamina|boost\n|-boost|p2a: Archaludon|def|1\n|-resisted|p2a: Archaludon\n|-damage|p2a: Archaludon|86\/100\n|-ability|p2a: Archaludon|Stamina|boost\n|-boost|p2a: Archaludon|def|1\n|-resisted|p2a: Archaludon\n|-damage|p2a: Archaludon|85\/100\n|-ability|p2a: Archaludon|Stamina|boost\n|-boost|p2a: Archaludon|def|1\n|-resisted|p2a: Archaludon\n|-damage|p2a: Archaludon|84\/100\n|-ability|p2a: Archaludon|Stamina|boost\n|-boost|p2a: Archaludon|def|1\n|-resisted|p2a: Archaludon\n|-damage|p2a: Archaludon|83\/100\n|-resisted|p2a: Archaludon\n|-damage|p2a: Archaludon|82\/100\n|-resisted|p2a: Archaludon\n|-damage|p2a: Archaludon|81\/100\n|-resisted|p2a: Archaludon\n|-damage|p2a: Archaludon|80\/100\n|-hitcount|p2a: Archaludon|10\n|\n|upkeep\n|\n|t:|1731967221\n|switch|p2b: Pelipper|Pelipper, L50, F|100\/100\n|-weather|RainDance|[from] ability: Drizzle|[of] p2b: Pelipper\n|turn|4\n|\n|t:|1731967241\n|switch|p2b: Ursaluna|Ursaluna, L50, F, tera:Water|94\/100 brn\n|move|p1a: Their kindness is|Sunny Day|p1a: Their kindness is\n|-weather|SunnyDay\n|move|p1b: Sedate|Population Bomb|p2b: Ursaluna\n|-damage|p2b: Ursaluna|85\/100 brn\n|-damage|p2b: Ursaluna|75\/100 brn\n|-damage|p2b: Ursaluna|66\/100 brn\n|-damage|p2b: Ursaluna|56\/100 brn\n|-damage|p2b: Ursaluna|47\/100 brn\n|-damage|p2b: Ursaluna|37\/100 brn\n|-damage|p2b: Ursaluna|29\/100 brn\n|-damage|p2b: Ursaluna|20\/100 brn\n|-damage|p2b: Ursaluna|10\/100 brn\n|-damage|p2b: Ursaluna|0 fnt\n|faint|p2b: Ursaluna\n|-hitcount|p2: Ursaluna|10\n|move|p2a: Archaludon|Snarl|p1a: Their kindness is|[spread] p1a,p1b\n|-supereffective|p1a: Their kindness is\n|-damage|p1a: Their kindness is|0 fnt\n|-damage|p1b: Sedate|83\/100\n|-unboost|p1b: Sedate|spa|1\n|faint|p1a: Their kindness is\n|\n|-weather|SunnyDay|[upkeep]\n|upkeep\n|\n|t:|1731967250\n|switch|p1a: Charade|Typhlosion-Hisui, L50, F|100\/100\n|switch|p2b: Pelipper|Pelipper, L50, F|100\/100\n|-item|p2a: Archaludon|Assault Vest|[from] ability: Frisk|[of] p1a: Charade\n|-item|p2b: Pelipper|Safety Goggles|[from] ability: Frisk|[of] p1a: Charade\n|-weather|RainDance|[from] ability: Drizzle|[of] p2b: Pelipper\n|turn|5\n|\n|t:|1731967267\n|move|p2b: Pelipper|Protect|p2b: Pelipper\n|-singleturn|p2b: Pelipper|Protect\n|move|p1b: Sedate|Population Bomb|p2b: Pelipper\n|-activate|p2b: Pelipper|move: Protect\n|move|p1a: Charade|Shadow Ball|p2a: Archaludon\n|-damage|p2a: Archaludon|39\/100\n|move|p2a: Archaludon|Snarl|p1a: Charade|[spread] p1a,p1b\n|-supereffective|p1a: Charade\n|-damage|p1a: Charade|71\/100\n|-damage|p1b: Sedate|66\/100\n|-unboost|p1a: Charade|spa|1\n|-unboost|p1b: Sedate|spa|1\n|\n|-weather|RainDance|[upkeep]\n|-sideend|p1: VGCLTH John Pork|move: Tailwind\n|upkeep\n|turn|6\n|l| Absol_Dusk\n|j| Absol_Dusk\n|\n|t:|1731967280\n|move|p1b: Sedate|Population Bomb|p2b: Pelipper\n|-damage|p2b: Pelipper|88\/100\n|-damage|p2b: Pelipper|74\/100\n|-damage|p2b: Pelipper|60\/100\n|-damage|p2b: Pelipper|45\/100\n|-damage|p2b: Pelipper|33\/100\n|-damage|p2b: Pelipper|19\/100\n|-damage|p2b: Pelipper|5\/100\n|-crit|p2b: Pelipper\n|-damage|p2b: Pelipper|0 fnt\n|faint|p2b: Pelipper\n|-hitcount|p2: Pelipper|8\n|move|p1a: Charade|Shadow Ball|p2a: Archaludon\n|-damage|p2a: Archaludon|14\/100\n|move|p2a: Archaludon|Electro Shot||[still]\n|-prepare|p2a: Archaludon|Electro Shot\n|-boost|p2a: Archaludon|spa|1\n|-anim|p2a: Archaludon|Electro Shot|p1a: Charade\n|-damage|p1a: Charade|2\/100\n|\n|-weather|RainDance|[upkeep]\n|upkeep\n|turn|7\n|\n|t:|1731967290\n|move|p1b: Sedate|Follow Me|p1b: Sedate\n|-singleturn|p1b: Sedate|move: Follow Me\n|move|p1a: Charade|Shadow Ball|p2a: Archaludon\n|-damage|p2a: Archaludon|0 fnt\n|faint|p2a: Archaludon\n|\n|win|VGCLTH John Pork\n|raw|VGCLTH John Pork's rating: 1753 &rarr; <strong>1774<\/strong><br \/>(+21 for winning)\n|raw|prsomtr5's rating: 1762 &rarr; <strong>1741<\/strong><br \/>(-21 for losing)\n|l|\u2606prsomtr5\n|player|p2|\n|c|\u2606VGCLTH John Pork|Cteam better next time\n|l| jo3ke5\n|l| Absol_Dusk\n|l|\u2606VGCLTH John Pork\n|player|p1|\n","uploadtime":1731967543,"views":34,"formatid":"gen9vgc2024regh","rating":1741,"private":0,"password":null}