{"id":"gen9vgc2024regh-2246483528","format":"[Gen 9] VGC 2024 Reg H","players":["orudbeck","Zordor"],"log":"|j|\u2606orudbeck\n|j|\u2606Zordor\n|t:|1731966763\n|gametype|doubles\n|player|p1|orudbeck|101|1717\n|player|p2|Zordor|pilot|1737\n|teamsize|p1|6\n|teamsize|p2|6\n|gen|9\n|tier|[Gen 9] VGC 2024 Reg H\n|rated|\n|rule|Species Clause: Limit one of each Pok\u00e9mon\n|rule|Item Clause: Limit 1 of each item\n|clearpoke\n|poke|p1|Tyranitar, L50, F|\n|poke|p1|Mamoswine, L50, F|\n|poke|p1|Dragonite, L50, M|\n|poke|p1|Amoonguss, L50, F|\n|poke|p1|Kilowattrel, L50, M|\n|poke|p1|Gholdengo, L50|\n|poke|p2|Rotom-Wash, L50|\n|poke|p2|Sneasler, L50, F|\n|poke|p2|Armarouge, L50, F|\n|poke|p2|Venusaur, L50, M|\n|poke|p2|Scizor, L50, F|\n|poke|p2|Dragapult, L50, F|\n|teampreview|4\n|\n|t:|1731966802\n|start\n|switch|p1a: Amoonguss|Amoonguss, L50, F|100\/100\n|switch|p1b: Tyranitar|Tyranitar, L50, F|100\/100\n|switch|p2a: Rotom|Rotom-Wash, L50|100\/100\n|switch|p2b: Scizor|Scizor, L50, F|100\/100\n|-weather|Sandstorm|[from] ability: Sand Stream|[of] p1b: Tyranitar\n|turn|1\n|\n|t:|1731966818\n|switch|p1b: Gholdengo|Gholdengo, L50|100\/100\n|move|p2a: Rotom|Will-O-Wisp|p1b: Gholdengo\n|-immune|p1b: Gholdengo|[from] ability: Good as Gold\n|move|p2b: Scizor|Bug Bite|p1a: Amoonguss\n|-damage|p1a: Amoonguss|63\/100\n|-enditem|p1a: Amoonguss|Sitrus Berry|[from] stealeat|[move] Bug Bite|[of] p2b: Scizor\n|move|p1a: Amoonguss|Spore|p2b: Scizor\n|-status|p2b: Scizor|slp|[from] move: Spore\n|\n|-weather|Sandstorm|[upkeep]\n|-damage|p1a: Amoonguss|57\/100|[from] Sandstorm\n|upkeep\n|turn|2\n|\n|t:|1731966834\n|move|p2a: Rotom|Electroweb|p1a: Amoonguss|[spread] p1a,p1b\n|-resisted|p1a: Amoonguss\n|-damage|p1a: Amoonguss|51\/100\n|-damage|p1b: Gholdengo|80\/100\n|-unboost|p1a: Amoonguss|spe|1\n|-unboost|p1b: Gholdengo|spe|1\n|move|p1b: Gholdengo|Nasty Plot|p1b: Gholdengo\n|-boost|p1b: Gholdengo|spa|2\n|cant|p2b: Scizor|slp\n|move|p1a: Amoonguss|Spore|p2a: Rotom\n|-activate|p2a: Rotom|item: Safety Goggles|Spore\n|\n|-weather|Sandstorm|[upkeep]\n|-damage|p1a: Amoonguss|45\/100|[from] Sandstorm\n|upkeep\n|turn|3\n|\n|t:|1731966856\n|switch|p1a: Mamoswine|Mamoswine, L50, F|100\/100\n|move|p2a: Rotom|Electroweb|p1b: Gholdengo|[spread] p1b\n|-immune|p1a: Mamoswine\n|-damage|p1b: Gholdengo|62\/100\n|-unboost|p1b: Gholdengo|spe|1\n|cant|p2b: Scizor|slp\n|move|p1b: Gholdengo|Shadow Ball|p2b: Scizor\n|-damage|p2b: Scizor|0 fnt\n|faint|p2b: Scizor\n|-damage|p1b: Gholdengo|52\/100|[from] item: Life Orb\n|\n|-weather|Sandstorm|[upkeep]\n|upkeep\n|\n|t:|1731966867\n|switch|p2b: Armarouge|Armarouge, L50, F|100\/100\n|turn|4\n|\n|t:|1731966896\n|switch|p1a: Amoonguss|Amoonguss, L50, F|79\/100\n|move|p2b: Armarouge|Protect|p2b: Armarouge\n|-singleturn|p2b: Armarouge|Protect\n|move|p1b: Gholdengo|Protect|p1b: Gholdengo\n|-singleturn|p1b: Gholdengo|Protect\n|move|p2a: Rotom|Will-O-Wisp|p1a: Amoonguss\n|-status|p1a: Amoonguss|brn\n|\n|-weather|Sandstorm|[upkeep]\n|-damage|p2b: Armarouge|94\/100|[from] Sandstorm\n|-damage|p1a: Amoonguss|73\/100 brn|[from] Sandstorm\n|-damage|p1a: Amoonguss|67\/100 brn|[from] brn\n|upkeep\n|turn|5\n|\n|t:|1731966908\n|move|p1a: Amoonguss|Rage Powder|p1a: Amoonguss\n|-singleturn|p1a: Amoonguss|move: Rage Powder\n|move|p2a: Rotom|Electroweb|p1b: Gholdengo|[spread] p1a,p1b\n|-resisted|p1a: Amoonguss\n|-damage|p1a: Amoonguss|61\/100 brn\n|-damage|p1b: Gholdengo|33\/100\n|-unboost|p1a: Amoonguss|spe|1\n|-unboost|p1b: Gholdengo|spe|1\n|move|p2b: Armarouge|Heat Wave|p1b: Gholdengo|[spread] p1a,p1b\n|-supereffective|p1a: Amoonguss\n|-supereffective|p1b: Gholdengo\n|-damage|p1a: Amoonguss|8\/100 brn\n|-damage|p1b: Gholdengo|0 fnt\n|faint|p1b: Gholdengo\n|\n|-weather|none\n|-damage|p1a: Amoonguss|2\/100 brn|[from] brn\n|upkeep\n|j| Kpxbrothers\n|\n|t:|1731966922\n|switch|p1b: Tyranitar|Tyranitar, L50, F|100\/100\n|-weather|Sandstorm|[from] ability: Sand Stream|[of] p1b: Tyranitar\n|turn|6\n|\n|t:|1731966938\n|move|p2b: Armarouge|Protect|p2b: Armarouge\n|-singleturn|p2b: Armarouge|Protect\n|move|p2a: Rotom|Will-O-Wisp|p1b: Tyranitar\n|-status|p1b: Tyranitar|brn\n|move|p1b: Tyranitar|Knock Off|p2b: Armarouge\n|-activate|p2b: Armarouge|move: Protect\n|move|p1a: Amoonguss|Pollen Puff|p1b: Tyranitar\n|-immune|p1b: Tyranitar\n|\n|-weather|Sandstorm|[upkeep]\n|-damage|p2b: Armarouge|88\/100|[from] Sandstorm\n|-damage|p1a: Amoonguss|0 fnt|[from] Sandstorm\n|faint|p1a: Amoonguss\n|-damage|p1b: Tyranitar|95\/100 brn|[from] brn\n|upkeep\n|\n|t:|1731966943\n|switch|p1a: Mamoswine|Mamoswine, L50, F|100\/100\n|turn|7\n|\n|t:|1731966956\n|-terastallize|p1b: Tyranitar|Flying\n|move|p2a: Rotom|Will-O-Wisp|p1a: Mamoswine\n|-status|p1a: Mamoswine|brn\n|move|p1a: Mamoswine|Earthquake|p2a: Rotom|[spread] p2b\n|-immune|p1b: Tyranitar\n|-immune|p2a: Rotom|[from] ability: Levitate\n|-supereffective|p2b: Armarouge\n|-damage|p2b: Armarouge|49\/100\n|move|p2b: Armarouge|Heat Wave|p1b: Tyranitar|[spread] p1a,p1b\n|-supereffective|p1a: Mamoswine\n|-damage|p1a: Mamoswine|9\/100 brn\n|-damage|p1b: Tyranitar|77\/100 brn\n|move|p1b: Tyranitar|Rock Slide|p2b: Armarouge|[spread] p2a,p2b\n|-supereffective|p2b: Armarouge\n|-damage|p2a: Rotom|84\/100\n|-damage|p2b: Armarouge|20\/100\n|\n|-weather|Sandstorm|[upkeep]\n|-damage|p2b: Armarouge|14\/100|[from] Sandstorm\n|-damage|p1b: Tyranitar|71\/100 brn|[from] Sandstorm\n|-damage|p1a: Mamoswine|3\/100 brn|[from] brn\n|-damage|p1b: Tyranitar|65\/100 brn|[from] brn\n|upkeep\n|turn|8\n|\n|t:|1731966981\n|move|p2a: Rotom|Protect|p2a: Rotom\n|-singleturn|p2a: Rotom|Protect\n|move|p2b: Armarouge|Protect|p2b: Armarouge\n|-singleturn|p2b: Armarouge|Protect\n|move|p1a: Mamoswine|Ice Shard|p2a: Rotom\n|-activate|p2a: Rotom|move: Protect\n|move|p1b: Tyranitar|Rock Slide|p2b: Armarouge|[spread] \n|-activate|p2a: Rotom|move: Protect\n|-activate|p2b: Armarouge|move: Protect\n|\n|-weather|Sandstorm|[upkeep]\n|-damage|p2b: Armarouge|8\/100|[from] Sandstorm\n|-damage|p1b: Tyranitar|59\/100 brn|[from] Sandstorm\n|-damage|p1a: Mamoswine|0 fnt|[from] brn\n|faint|p1a: Mamoswine\n|-damage|p1b: Tyranitar|53\/100 brn|[from] brn\n|upkeep\n|turn|9\n|-message|orudbeck forfeited.\n|\n|win|Zordor\n|raw|orudbeck's rating: 1717 &rarr; <strong>1698<\/strong><br \/>(-19 for losing)\n|raw|Zordor's rating: 1737 &rarr; <strong>1756<\/strong><br \/>(+19 for winning)\n|l|\u2606orudbeck\n|player|p1|\n|l|\u2606Zordor\n|player|p2|\n","uploadtime":1731967253,"views":5,"formatid":"gen9vgc2024regh","rating":1698,"private":0,"password":null}