{"id":"gen9vgc2024regh-2246655836","format":"[Gen 9] VGC 2024 Reg H","players":["ciraulo","VGCLTH Bigfoot"],"log":"|raw|<div class=\"broadcast-blue\"><strong>This battle is required to be public due to a player having a name starting with 'vgclth'.<\/div>\n|j|\u2606ciraulo\n|j|\u2606VGCLTH Bigfoot\n|t:|1731988536\n|gametype|doubles\n|player|p1|ciraulo|2|1681\n|player|p2|VGCLTH Bigfoot|falkner|1765\n|teamsize|p1|6\n|teamsize|p2|6\n|gen|9\n|tier|[Gen 9] VGC 2024 Reg H\n|rated|\n|rule|Species Clause: Limit one of each Pok\u00e9mon\n|rule|Item Clause: Limit 1 of each item\n|clearpoke\n|poke|p1|Tyranitar, L50, M|\n|poke|p1|Excadrill, L50, F|\n|poke|p1|Rotom-Heat, L50|\n|poke|p1|Corviknight, L50, M|\n|poke|p1|Milotic, L50, M|\n|poke|p1|Amoonguss, L50, M|\n|poke|p2|Ceruledge, L50, F|\n|poke|p2|Gastrodon-East, L50, M|\n|poke|p2|Sneasler, L50, M|\n|poke|p2|Dragonite, L50, M|\n|poke|p2|Rillaboom, L50, F|\n|poke|p2|Kingambit, L50, M|\n|teampreview|4\n|inactive|Battle timer is ON: inactive players will automatically lose when time's up. (requested by ciraulo)\nciraulo rejected open team sheets.\n|inactive|ciraulo has 60 seconds left.\n|inactive|VGCLTH Bigfoot has 60 seconds left.\n|\n|t:|1731988571\n|start\n|switch|p1a: Corviknight|Corviknight, L50, M|100\/100\n|switch|p1b: Tyranitar|Tyranitar, L50, M|100\/100\n|switch|p2a: Sneasler|Sneasler, L50, M, shiny|100\/100\n|switch|p2b: Dragonite|Dragonite, L50, M|100\/100\n|-weather|Sandstorm|[from] ability: Sand Stream|[of] p1b: Tyranitar\n|turn|1\n|j| crescent5\n|\n|t:|1731988589\n|move|p1b: Tyranitar|Protect|p1b: Tyranitar\n|-singleturn|p1b: Tyranitar|Protect\n|move|p2a: Sneasler|Fake Out|p1a: Corviknight\n|-resisted|p1a: Corviknight\n|-damage|p1a: Corviknight|95\/100\n|move|p2b: Dragonite|Scale Shot|p1b: Tyranitar\n|-activate|p1b: Tyranitar|move: Protect\n|cant|p1a: Corviknight|flinch\n|\n|-weather|Sandstorm|[upkeep]\n|-damage|p2a: Sneasler|95\/100|[from] Sandstorm\n|-damage|p2b: Dragonite|95\/100|[from] Sandstorm\n|-heal|p1a: Corviknight|100\/100|[from] item: Leftovers\n|upkeep\n|turn|2\n|\n|t:|1731988609\n|move|p2a: Sneasler|Close Combat|p1a: Corviknight\n|-damage|p1a: Corviknight|51\/100\n|-unboost|p2a: Sneasler|def|1\n|-unboost|p2a: Sneasler|spd|1\n|move|p2b: Dragonite|Scale Shot|p1b: Tyranitar\n|-damage|p1b: Tyranitar|87\/100\n|-damage|p1b: Tyranitar|74\/100\n|-damage|p1b: Tyranitar|60\/100\n|-damage|p1b: Tyranitar|47\/100\n|-damage|p1b: Tyranitar|35\/100\n|-hitcount|p1b: Tyranitar|5\n|-unboost|p2b: Dragonite|def|1\n|-boost|p2b: Dragonite|spe|1\n|move|p1b: Tyranitar|Rock Slide|p2a: Sneasler|[spread] p2a,p2b\n|-resisted|p2a: Sneasler\n|-supereffective|p2b: Dragonite\n|-damage|p2a: Sneasler|61\/100\n|-damage|p2b: Dragonite|10\/100\n|move|p1a: Corviknight|Tailwind|p1a: Corviknight\n|-sidestart|p1: ciraulo|move: Tailwind\n|\n|-weather|Sandstorm|[upkeep]\n|-damage|p2b: Dragonite|5\/100|[from] Sandstorm\n|-damage|p2a: Sneasler|55\/100|[from] Sandstorm\n|-heal|p1a: Corviknight|57\/100|[from] item: Leftovers\n|upkeep\n|turn|3\n|inactive|ciraulo has 30 seconds left.\n|inactive|ciraulo has 20 seconds left.\n|\n|t:|1731988646\n|move|p1b: Tyranitar|Rock Slide|p2a: Sneasler|[spread] p2a,p2b\n|-resisted|p2a: Sneasler\n|-supereffective|p2b: Dragonite\n|-damage|p2a: Sneasler|17\/100\n|-damage|p2b: Dragonite|0 fnt\n|faint|p2b: Dragonite\n|move|p1a: Corviknight|Body Press|p2a: Sneasler\n|-resisted|p2a: Sneasler\n|-damage|p2a: Sneasler|0 fnt\n|faint|p2a: Sneasler\n|\n|-weather|Sandstorm|[upkeep]\n|-heal|p1a: Corviknight|62\/100|[from] item: Leftovers\n|upkeep\n|\n|t:|1731988653\n|switch|p2a: Rillaboom|Rillaboom, L50, F|100\/100\n|switch|p2b: Kingambit|Kingambit, L50, M|100\/100\n|-fieldstart|move: Grassy Terrain|[from] ability: Grassy Surge|[of] p2a: Rillaboom\n|turn|4\n|\n|t:|1731988670\n|-terastallize|p2b: Kingambit|Flying\n|move|p2a: Rillaboom|Fake Out|p1b: Tyranitar\n|-resisted|p1b: Tyranitar\n|-damage|p1b: Tyranitar|28\/100\n|cant|p1b: Tyranitar|flinch\n|move|p1a: Corviknight|Body Press|p2b: Kingambit\n|-resisted|p2b: Kingambit\n|-damage|p2b: Kingambit|93\/100\n|move|p2b: Kingambit|Kowtow Cleave|p1a: Corviknight\n|-damage|p1a: Corviknight|27\/100\n|\n|-weather|Sandstorm|[upkeep]\n|-damage|p2a: Rillaboom|94\/100|[from] Sandstorm\n|-damage|p2b: Kingambit|87\/100|[from] Sandstorm\n|-heal|p1b: Tyranitar|34\/100|[from] Grassy Terrain\n|-heal|p1a: Corviknight|33\/100|[from] item: Leftovers\n|-heal|p2a: Rillaboom|100\/100|[from] Grassy Terrain\n|upkeep\n|turn|5\n|\n|t:|1731988686\n|move|p2a: Rillaboom|Grassy Glide|p1a: Corviknight\n|-resisted|p1a: Corviknight\n|-damage|p1a: Corviknight|24\/100\n|move|p2b: Kingambit|Sucker Punch|p1a: Corviknight\n|-damage|p1a: Corviknight|0 fnt\n|faint|p1a: Corviknight\n|move|p1b: Tyranitar|Knock Off|p2a: Rillaboom\n|-damage|p2a: Rillaboom|51\/100\n|-enditem|p2a: Rillaboom|Miracle Seed|[from] move: Knock Off|[of] p1b: Tyranitar\n|\n|-weather|none\n|-heal|p1b: Tyranitar|40\/100|[from] Grassy Terrain\n|-heal|p2a: Rillaboom|57\/100|[from] Grassy Terrain\n|-sideend|p1: ciraulo|move: Tailwind\n|upkeep\n|\n|t:|1731988696\n|switch|p1a: Rotom|Rotom-Heat, L50|100\/100\n|turn|6\n|inactive|ciraulo has 30 seconds left.\n|\n|t:|1731988726\n|-terastallize|p1b: Tyranitar|Flying\n|move|p2a: Rillaboom|Grassy Glide|p1b: Tyranitar\n|-resisted|p1b: Tyranitar\n|-damage|p1b: Tyranitar|22\/100\n|move|p1a: Rotom|Thunderbolt|p2b: Kingambit\n|-supereffective|p2b: Kingambit\n|-damage|p2b: Kingambit|27\/100\n|move|p1b: Tyranitar|Tera Blast|p2a: Rillaboom|[anim] Tera Blast Flying\n|-supereffective|p2a: Rillaboom\n|-damage|p2a: Rillaboom|0 fnt\n|faint|p2a: Rillaboom\n|move|p2b: Kingambit|Kowtow Cleave|p1a: Rotom\n|-damage|p1a: Rotom|35\/100\n|\n|upkeep\n|turn|7\n|\n|t:|1731988737\n|move|p2b: Kingambit|Sucker Punch|p1a: Rotom\n|-damage|p1a: Rotom|0 fnt\n|faint|p1a: Rotom\n|move|p1b: Tyranitar|Tera Blast|p2b: Kingambit|[anim] Tera Blast Flying\n|-damage|p2b: Kingambit|0 fnt\n|faint|p2b: Kingambit\n|\n|win|ciraulo\n|raw|ciraulo's rating: 1681 &rarr; <strong>1706<\/strong><br \/>(+25 for winning)\n|raw|VGCLTH Bigfoot's rating: 1765 &rarr; <strong>1740<\/strong><br \/>(-25 for losing)\n|l|\u2606ciraulo\n|player|p1|\n|l|\u2606VGCLTH Bigfoot\n|player|p2|\n|l| crescent5\n","uploadtime":1731988972,"views":14,"formatid":"gen9vgc2024regh","rating":1706,"private":0,"password":null}