{"id":"gen9vgc2024regh-2246069310","format":"[Gen 9] VGC 2024 Reg H","players":["vgclth souly","testProto"],"log":"|raw|<div class=\"broadcast-blue\"><strong>This battle is required to be public due to a player having a name starting with 'vgclth'.<\/div>\n|j|\u2606vgclth souly\n|j|\u2606testProto\n|t:|1731917193\n|gametype|doubles\n|player|p1|vgclth souly|youngster-gen4dp|1867\n|player|p2|testProto|169|1726\n|teamsize|p1|6\n|teamsize|p2|6\n|gen|9\n|tier|[Gen 9] VGC 2024 Reg H\n|rated|\n|rule|Species Clause: Limit one of each Pok\u00e9mon\n|rule|Item Clause: Limit 1 of each item\n|clearpoke\n|poke|p1|Archaludon, L50, F|\n|poke|p1|Pelipper, L50, F|\n|poke|p1|Electabuzz, L50, M|\n|poke|p1|Kingambit, L50, F|\n|poke|p1|Rillaboom, L50, F|\n|poke|p1|Basculegion, L50, M|\n|poke|p2|Archaludon, L50, M|\n|poke|p2|Porygon2, L50|\n|poke|p2|Pelipper, L50, M|\n|poke|p2|Amoonguss, L50, F|\n|poke|p2|Vikavolt, L50, M|\n|poke|p2|Ursaluna, L50, F|\n|teampreview|4\n|inactive|Battle timer is ON: inactive players will automatically lose when time's up. (requested by vgclth souly)\n|\n|t:|1731917224\n|start\n|switch|p1a: Archaludon|Archaludon, L50, F|100\/100\n|switch|p1b: Pelipper|Pelipper, L50, F|100\/100\n|switch|p2a: Porygon2|Porygon2, L50|100\/100\n|switch|p2b: Ursaluna|Ursaluna, L50, F|100\/100\n|-weather|RainDance|[from] ability: Drizzle|[of] p1b: Pelipper\n|-ability|p2a: Porygon2|Download|boost\n|-boost|p2a: Porygon2|spa|1\n|turn|1\n|\n|t:|1731917240\n|move|p1b: Pelipper|Weather Ball|p2a: Porygon2\n|-damage|p2a: Porygon2|54\/100\n|move|p1a: Archaludon|Electro Shot||[still]\n|-prepare|p1a: Archaludon|Electro Shot\n|-boost|p1a: Archaludon|spa|1\n|-anim|p1a: Archaludon|Electro Shot|p2a: Porygon2\n|-damage|p2a: Porygon2|17\/100\n|move|p2b: Ursaluna|Facade|p1b: Pelipper\n|-damage|p1b: Pelipper|42\/100\n|move|p2a: Porygon2|Trick Room|p2a: Porygon2\n|-fieldstart|move: Trick Room|[of] p2a: Porygon2\n|\n|-weather|RainDance|[upkeep]\n|-status|p2b: Ursaluna|brn|[from] item: Flame Orb\n|upkeep\n|turn|2\n|inactive|vgclth souly has 30 seconds left.\n|\n|t:|1731917269\n|-terastallize|p1a: Archaludon|Fairy\n|move|p1b: Pelipper|Protect|p1b: Pelipper\n|-singleturn|p1b: Pelipper|Protect\n|move|p2b: Ursaluna|Facade|p1b: Pelipper\n|-activate|p1b: Pelipper|move: Protect\n|move|p2a: Porygon2|Recover|p2a: Porygon2\n|-heal|p2a: Porygon2|67\/100\n|move|p1a: Archaludon|Electro Shot||[still]\n|-prepare|p1a: Archaludon|Electro Shot\n|-boost|p1a: Archaludon|spa|1\n|-anim|p1a: Archaludon|Electro Shot|p2a: Porygon2\n|-damage|p2a: Porygon2|18\/100\n|\n|-weather|RainDance|[upkeep]\n|-damage|p2b: Ursaluna|95\/100 brn|[from] brn\n|upkeep\n|turn|3\n|\n|t:|1731917287\n|switch|p1b: Basculegion|Basculegion, L50, M|100\/100\n|-terastallize|p2b: Ursaluna|Normal\n|move|p1a: Archaludon|Protect|p1a: Archaludon\n|-singleturn|p1a: Archaludon|Protect\n|move|p2b: Ursaluna|Facade|p1a: Archaludon\n|-activate|p1a: Archaludon|move: Protect\n|move|p2a: Porygon2|Tri Attack|p1b: Basculegion\n|-immune|p1b: Basculegion\n|\n|-weather|RainDance|[upkeep]\n|-damage|p2b: Ursaluna|89\/100 brn|[from] brn\n|upkeep\n|turn|4\n|\n|t:|1731917307\n|move|p1b: Basculegion|Aqua Jet|p2a: Porygon2\n|-damage|p2a: Porygon2|0 fnt\n|faint|p2a: Porygon2\n|move|p2b: Ursaluna|Facade|p1a: Archaludon\n|-damage|p1a: Archaludon|0 fnt\n|faint|p1a: Archaludon\n|\n|-weather|RainDance|[upkeep]\n|-damage|p2b: Ursaluna|83\/100 brn|[from] brn\n|upkeep\n|\n|t:|1731917321\n|switch|p2a: Archaludon|Archaludon, L50, M|100\/100\n|switch|p1a: Pelipper|Pelipper, L50, F|42\/100\n|turn|5\n|\n|t:|1731917330\n|switch|p1b: Rillaboom|Rillaboom, L50, F|100\/100\n|-fieldstart|move: Grassy Terrain|[from] ability: Grassy Surge|[of] p1b: Rillaboom\n|move|p1a: Pelipper|Protect|p1a: Pelipper\n|-singleturn|p1a: Pelipper|Protect\n|move|p2b: Ursaluna|Facade|p1a: Pelipper\n|-activate|p1a: Pelipper|move: Protect\n|move|p2a: Archaludon|Electro Shot||[still]\n|-prepare|p2a: Archaludon|Electro Shot\n|-boost|p2a: Archaludon|spa|1\n|-anim|p2a: Archaludon|Electro Shot|p1b: Rillaboom\n|-resisted|p1b: Rillaboom\n|-damage|p1b: Rillaboom|70\/100\n|\n|-weather|none\n|-heal|p2b: Ursaluna|89\/100 brn|[from] Grassy Terrain\n|-heal|p1b: Rillaboom|76\/100|[from] Grassy Terrain\n|-damage|p2b: Ursaluna|83\/100 brn|[from] brn\n|-fieldend|move: Trick Room\n|upkeep\n|turn|6\n|\n|t:|1731917352\n|move|p2b: Ursaluna|Protect|p2b: Ursaluna\n|-singleturn|p2b: Ursaluna|Protect\n|move|p1b: Rillaboom|Wood Hammer|p2b: Ursaluna\n|-activate|p2b: Ursaluna|move: Protect\n|move|p1a: Pelipper|Hurricane|p2b: Ursaluna\n|-activate|p2b: Ursaluna|move: Protect\n|move|p2a: Archaludon|Dragon Pulse|p1a: Pelipper\n|-damage|p1a: Pelipper|0 fnt\n|faint|p1a: Pelipper\n|\n|-heal|p1b: Rillaboom|82\/100|[from] Grassy Terrain\n|-heal|p2b: Ursaluna|89\/100 brn|[from] Grassy Terrain\n|-damage|p2b: Ursaluna|83\/100 brn|[from] brn\n|upkeep\n|\n|t:|1731917354\n|switch|p1a: Basculegion|Basculegion, L50, M|100\/100\n|turn|7\n|\n|t:|1731917375\n|move|p1b: Rillaboom|Wood Hammer|p2b: Ursaluna\n|-damage|p2b: Ursaluna|26\/100 brn\n|-damage|p1b: Rillaboom|59\/100|[from] Recoil\n|move|p1a: Basculegion|Last Respects|p2a: Archaludon\n|-damage|p2a: Archaludon|18\/100\n|-ability|p2a: Archaludon|Stamina|boost\n|-boost|p2a: Archaludon|def|1\n|move|p2a: Archaludon|Dragon Pulse|p1a: Basculegion\n|-damage|p1a: Basculegion|30\/100\n|move|p2b: Ursaluna|Facade|p1b: Rillaboom\n|-damage|p1b: Rillaboom|0 fnt\n|faint|p1b: Rillaboom\n|\n|-heal|p1a: Basculegion|36\/100|[from] Grassy Terrain\n|-heal|p2a: Archaludon|24\/100|[from] Grassy Terrain\n|-heal|p2b: Ursaluna|32\/100 brn|[from] Grassy Terrain\n|-damage|p2b: Ursaluna|26\/100 brn|[from] brn\n|upkeep\n|turn|8\n|-message|vgclth souly forfeited.\n|\n|win|testProto\n|raw|vgclth souly's rating: 1867 &rarr; <strong>1839<\/strong><br \/>(-28 for losing)\n|raw|testProto's rating: 1726 &rarr; <strong>1754<\/strong><br \/>(+28 for winning)\n|l|\u2606vgclth souly\n|player|p1|\n","uploadtime":1731917638,"views":21,"formatid":"gen9vgc2024regh","rating":1754,"private":0,"password":null}