{"id":"gen9vgc2024regh-2246316772","format":"[Gen 9] VGC 2024 Reg H","players":["Zordor","actuary97"],"log":"|j|\u2606Zordor\n|j|\u2606actuary97\n|t:|1731950461\n|gametype|doubles\n|player|p1|Zordor|pilot|1729\n|player|p2|actuary97|sabrina-frlg|1809\n|teamsize|p1|6\n|teamsize|p2|6\n|gen|9\n|tier|[Gen 9] VGC 2024 Reg H\n|rated|\n|rule|Species Clause: Limit one of each Pok\u00e9mon\n|rule|Item Clause: Limit 1 of each item\n|clearpoke\n|poke|p1|Rotom-Wash, L50|\n|poke|p1|Sneasler, L50, M|\n|poke|p1|Armarouge, L50, F|\n|poke|p1|Venusaur, L50, M|\n|poke|p1|Scizor, L50, M|\n|poke|p1|Dragapult, L50, M|\n|poke|p2|Whimsicott, L50, F|\n|poke|p2|Gallade, L50, M|\n|poke|p2|Archaludon, L50, F|\n|poke|p2|Malamar, L50, F|\n|poke|p2|Indeedee, L50, M|\n|poke|p2|Drifblim, L50, M|\n|teampreview|4\nactuary97 has agreed to open team sheets.\n|\n|t:|1731950518\n|start\n|switch|p1a: Sneasler|Sneasler, L50, M|100\/100\n|switch|p1b: Scizor|Scizor, L50, M|100\/100\n|switch|p2a: Mischief Mother|Whimsicott, L50, F, shiny|100\/100\n|switch|p2b: Tapu Deedee|Indeedee, L50, M, shiny|100\/100\n|-fieldstart|move: Psychic Terrain|[from] ability: Psychic Surge|[of] p2b: Tapu Deedee\n|turn|1\n|\n|t:|1731950551\n|switch|p2b: Bridget|Archaludon, L50, F, shiny|100\/100\n|move|p1a: Sneasler|Dire Claw|p2a: Mischief Mother\n|-supereffective|p2a: Mischief Mother\n|-enditem|p2a: Mischief Mother|Focus Sash\n|-damage|p2a: Mischief Mother|1\/100\n|-status|p2a: Mischief Mother|psn\n|move|p2a: Mischief Mother|Beat Up|p2b: Bridget\n|-damage|p2b: Bridget|99\/100\n|-ability|p2b: Bridget|Stamina|boost\n|-boost|p2b: Bridget|def|1\n|-damage|p2b: Bridget|97\/100\n|-ability|p2b: Bridget|Stamina|boost\n|-boost|p2b: Bridget|def|1\n|-damage|p2b: Bridget|96\/100\n|-ability|p2b: Bridget|Stamina|boost\n|-boost|p2b: Bridget|def|1\n|-damage|p2b: Bridget|95\/100\n|-ability|p2b: Bridget|Stamina|boost\n|-boost|p2b: Bridget|def|1\n|-hitcount|p2b: Bridget|4\n|move|p1b: Scizor|Bug Bite|p2b: Bridget\n|-resisted|p2b: Bridget\n|-damage|p2b: Bridget|90\/100\n|-ability|p2b: Bridget|Stamina|boost\n|-boost|p2b: Bridget|def|1\n|\n|-damage|p2a: Mischief Mother|0 fnt|[from] psn\n|faint|p2a: Mischief Mother\n|upkeep\n|\n|t:|1731950563\n|switch|p2a: Tapu Deedee|Indeedee, L50, M, shiny|100\/100\n|turn|2\n|\n|t:|1731950585\n|move|p1a: Sneasler|Protect|p1a: Sneasler\n|-singleturn|p1a: Sneasler|Protect\n|move|p2a: Tapu Deedee|Expanding Force|p1a: Sneasler|[spread] p1b\n|-activate|p1a: Sneasler|move: Protect\n|-resisted|p1b: Scizor\n|-damage|p1b: Scizor|65\/100\n|move|p2b: Bridget|Body Press|p1a: Sneasler\n|-activate|p1a: Sneasler|move: Protect\n|move|p1b: Scizor|Knock Off|p2a: Tapu Deedee\n|-supereffective|p2a: Tapu Deedee\n|-damage|p2a: Tapu Deedee|0 fnt\n|-enditem|p2a: Tapu Deedee|Choice Specs|[from] move: Knock Off|[of] p1b: Scizor\n|faint|p2a: Tapu Deedee\n|\n|upkeep\n|\n|t:|1731950587\n|switch|p2a: \u2694\ufe0fKing\u2694\ufe0f|Gallade, L50, M, shiny|100\/100\n|turn|3\n|\n|t:|1731950601\n|move|p1a: Sneasler|Dire Claw|p2a: \u2694\ufe0fKing\u2694\ufe0f\n|-damage|p2a: \u2694\ufe0fKing\u2694\ufe0f|33\/100\n|-status|p2a: \u2694\ufe0fKing\u2694\ufe0f|slp\n|cant|p2a: \u2694\ufe0fKing\u2694\ufe0f|slp\n|move|p2b: Bridget|Body Press|p1b: Scizor\n|-damage|p1b: Scizor|0 fnt\n|faint|p1b: Scizor\n|\n|upkeep\n|j| Palotepequeno\n|\n|t:|1731950611\n|switch|p1b: Dragapult|Dragapult, L50, M|100\/100\n|turn|4\n|\n|t:|1731950621\n|-curestatus|p2a: \u2694\ufe0fKing\u2694\ufe0f|slp|[msg]\n|move|p2a: \u2694\ufe0fKing\u2694\ufe0f|Protect|p2a: \u2694\ufe0fKing\u2694\ufe0f\n|-singleturn|p2a: \u2694\ufe0fKing\u2694\ufe0f|Protect\n|move|p1b: Dragapult|Dragon Darts|p2b: Bridget\n|-damage|p2b: Bridget|85\/100\n|-ability|p2b: Bridget|Stamina|boost\n|-boost|p2b: Bridget|def|1\n|-anim|p1b: Dragapult|Dragon Darts|p2b: Bridget\n|-damage|p2b: Bridget|81\/100\n|move|p1a: Sneasler|Close Combat|p2b: Bridget\n|-supereffective|p2b: Bridget\n|-damage|p2b: Bridget|59\/100\n|-unboost|p1a: Sneasler|def|1\n|-unboost|p1a: Sneasler|spd|1\n|move|p2b: Bridget|Snarl|p1b: Dragapult|[spread] p1a,p1b\n|-resisted|p1a: Sneasler\n|-supereffective|p1b: Dragapult\n|-damage|p1a: Sneasler|89\/100\n|-damage|p1b: Dragapult|70\/100\n|-unboost|p1a: Sneasler|spa|1\n|\n|upkeep\n|turn|5\n|\n|t:|1731950640\n|move|p1b: Dragapult|Dragon Darts|p2a: \u2694\ufe0fKing\u2694\ufe0f\n|-damage|p2a: \u2694\ufe0fKing\u2694\ufe0f|0 fnt\n|-anim|p1b: Dragapult|Dragon Darts|p2b: Bridget\n|-damage|p2b: Bridget|55\/100\n|faint|p2a: \u2694\ufe0fKing\u2694\ufe0f\n|move|p1a: Sneasler|Close Combat|p2b: Bridget\n|-supereffective|p2b: Bridget\n|-damage|p2b: Bridget|35\/100\n|-unboost|p1a: Sneasler|def|1\n|-unboost|p1a: Sneasler|spd|1\n|move|p2b: Bridget|Body Press|p1a: Sneasler\n|-resisted|p1a: Sneasler\n|-damage|p1a: Sneasler|0 fnt\n|faint|p1a: Sneasler\n|\n|-fieldend|move: Psychic Terrain\n|upkeep\n|\n|t:|1731950644\n|switch|p1a: Armarouge|Armarouge, L50, F|100\/100\n|turn|6\n|\n|t:|1731950657\n|move|p1b: Dragapult|Dragon Darts|p2b: Bridget\n|-damage|p2b: Bridget|31\/100\n|-anim|p1b: Dragapult|Dragon Darts|p2b: Bridget\n|-damage|p2b: Bridget|26\/100\n|move|p1a: Armarouge|Heat Wave|p2b: Bridget\n|-damage|p2b: Bridget|0 fnt\n|faint|p2b: Bridget\n|\n|win|Zordor\n|raw|Zordor's rating: 1729 &rarr; <strong>1754<\/strong><br \/>(+25 for winning)\n|raw|actuary97's rating: 1809 &rarr; <strong>1784<\/strong><br \/>(-25 for losing)\n|l|\u2606Zordor\n|player|p1|\n|l| Palotepequeno\n|n|\u2606actuary97@!|actuary97\n","uploadtime":1731950888,"views":18,"formatid":"gen9vgc2024regh","rating":1754,"private":0,"password":null}