{"id":"gen9vgc2024regh-2246287034","format":"[Gen 9] VGC 2024 Reg H","players":["vgclth souly","trevanator"],"log":"|raw|<div class=\"broadcast-blue\"><strong>This battle is required to be public due to a player having a name starting with 'vgclth'.<\/div>\n|j|\u2606vgclth souly\n|j|\u2606trevanator\n|t:|1731947545\n|gametype|doubles\n|player|p1|vgclth souly|youngster-gen4dp|1870\n|player|p2|trevanator|266|1988\n|teamsize|p1|6\n|teamsize|p2|6\n|gen|9\n|tier|[Gen 9] VGC 2024 Reg H\n|rated|\n|rule|Species Clause: Limit one of each Pok\u00e9mon\n|rule|Item Clause: Limit 1 of each item\n|clearpoke\n|poke|p1|Archaludon, L50, F|\n|poke|p1|Pelipper, L50, F|\n|poke|p1|Electabuzz, L50, F|\n|poke|p1|Kingambit, L50, M|\n|poke|p1|Rillaboom, L50, F|\n|poke|p1|Basculegion, L50, M|\n|poke|p2|Politoed, L50, M|\n|poke|p2|Gothitelle, L50, F|\n|poke|p2|Incineroar, L50, M|\n|poke|p2|Amoonguss, L50, M|\n|poke|p2|Kingdra, L50, M|\n|poke|p2|Archaludon, L50, M|\n|teampreview|4\n|inactive|Battle timer is ON: inactive players will automatically lose when time's up. (requested by vgclth souly)\n|\n|t:|1731947583\n|start\n|switch|p1a: Rillaboom|Rillaboom, L50, F|100\/100\n|switch|p1b: Archaludon|Archaludon, L50, F|100\/100\n|switch|p2a: Politoed|Politoed, L50, M|100\/100\n|switch|p2b: Amoonguss|Amoonguss, L50, M|100\/100\n|-fieldstart|move: Grassy Terrain|[from] ability: Grassy Surge|[of] p1a: Rillaboom\n|-weather|RainDance|[from] ability: Drizzle|[of] p2a: Politoed\n|turn|1\n|\n|t:|1731947605\n|-terastallize|p2a: Politoed|Grass\n|move|p1a: Rillaboom|Fake Out|p2a: Politoed\n|-damage|p2a: Politoed|85\/100\n|move|p1b: Archaludon|Electro Shot||[still]\n|-prepare|p1b: Archaludon|Electro Shot\n|-boost|p1b: Archaludon|spa|1\n|-anim|p1b: Archaludon|Electro Shot|p2a: Politoed\n|-resisted|p2a: Politoed\n|-damage|p2a: Politoed|65\/100\n|cant|p2a: Politoed|flinch\n|move|p2b: Amoonguss|Spore|p1b: Archaludon\n|-status|p1b: Archaludon|slp|[from] move: Spore\n|\n|-weather|RainDance|[upkeep]\n|-heal|p2a: Politoed|72\/100|[from] Grassy Terrain\n|-heal|p2a: Politoed|78\/100|[from] item: Leftovers\n|upkeep\n|turn|2\n|\n|t:|1731947624\n|switch|p1a: Basculegion|Basculegion, L50, M|100\/100\n|switch|p2b: Gothitelle|Gothitelle, L50, F|100\/100\n|cant|p1b: Archaludon|slp\n|move|p2a: Politoed|Perish Song|p2a: Politoed\n|-start|p1a: Basculegion|perish3|[silent]\n|-start|p1b: Archaludon|perish3|[silent]\n|-start|p2a: Politoed|perish3|[silent]\n|-start|p2b: Gothitelle|perish3|[silent]\n|-fieldactivate|move: Perish Song\n|\n|-weather|RainDance|[upkeep]\n|-heal|p2a: Politoed|84\/100|[from] Grassy Terrain\n|-heal|p2a: Politoed|90\/100|[from] item: Leftovers\n|-start|p1a: Basculegion|perish3\n|-start|p1b: Archaludon|perish3\n|-start|p2a: Politoed|perish3\n|-start|p2b: Gothitelle|perish3\n|upkeep\n|turn|3\n|j| VGCLTH <1000ELO\n|\n|t:|1731947645\n|switch|p2a: Amoonguss|Amoonguss, L50, M|100\/100\n|move|p2b: Gothitelle|Protect|p2b: Gothitelle\n|-singleturn|p2b: Gothitelle|Protect\n|move|p1a: Basculegion|Wave Crash|p2b: Gothitelle\n|-activate|p2b: Gothitelle|move: Protect\n|cant|p1b: Archaludon|slp\n|\n|-weather|RainDance|[upkeep]\n|-start|p1a: Basculegion|perish2\n|-start|p1b: Archaludon|perish2\n|-start|p2b: Gothitelle|perish2\n|upkeep\n|turn|4\n|\n|t:|1731947660\n|switch|p2b: Politoed|Politoed, L50, M, tera:Grass|90\/100\n|-terastallize|p1a: Basculegion|Grass\n|move|p1a: Basculegion|Wave Crash|p2b: Politoed\n|-resisted|p2b: Politoed\n|-damage|p2b: Politoed|16\/100\n|-damage|p1a: Basculegion|76\/100|[from] Recoil\n|-curestatus|p1b: Archaludon|slp|[msg]\n|move|p1b: Archaludon|Flash Cannon|p2a: Amoonguss\n|-damage|p2a: Amoonguss|58\/100\n|-enditem|p2a: Amoonguss|Eject Button\n|j| Dogerunner\n|\n|t:|1731947670\n|switch|p2a: Gothitelle|Gothitelle, L50, F|100\/100\n|\n|-weather|RainDance|[upkeep]\n|-heal|p1a: Basculegion|82\/100|[from] Grassy Terrain\n|-heal|p2b: Politoed|22\/100|[from] Grassy Terrain\n|-heal|p2b: Politoed|28\/100|[from] item: Leftovers\n|-start|p1a: Basculegion|perish1\n|-start|p1b: Archaludon|perish1\n|upkeep\n|turn|5\n|\n|t:|1731947680\n|move|p2b: Politoed|Protect|p2b: Politoed\n|-singleturn|p2b: Politoed|Protect\n|move|p2a: Gothitelle|Protect|p2a: Gothitelle\n|-singleturn|p2a: Gothitelle|Protect\n|move|p1a: Basculegion|Wave Crash|p2a: Gothitelle\n|-activate|p2a: Gothitelle|move: Protect\n|move|p1b: Archaludon|Draco Meteor|p2b: Politoed\n|-activate|p2b: Politoed|move: Protect\n|\n|-weather|none\n|-heal|p1a: Basculegion|88\/100|[from] Grassy Terrain\n|-heal|p2b: Politoed|34\/100|[from] Grassy Terrain\n|-heal|p2b: Politoed|40\/100|[from] item: Leftovers\n|-start|p1a: Basculegion|perish0\n|-start|p1b: Archaludon|perish0\n|-fieldend|move: Grassy Terrain\n|faint|p1a: Basculegion\n|faint|p1b: Archaludon\n|upkeep\n|\n|t:|1731947687\n|switch|p1a: Rillaboom|Rillaboom, L50, F|100\/100\n|switch|p1b: Kingambit|Kingambit, L50, M|100\/100\n|-fieldstart|move: Grassy Terrain|[from] ability: Grassy Surge|[of] p1a: Rillaboom\n|turn|6\n|c| Dogerunner|Rip\n|inactive|trevanator has 30 seconds left.\n|inactive|trevanator has 20 seconds left.\n|inactive|trevanator has 15 seconds left.\n|\n|t:|1731947730\n|switch|p2a: Amoonguss|Amoonguss, L50, M|91\/100\n|move|p1a: Rillaboom|Fake Out|p2b: Politoed\n|-damage|p2b: Politoed|23\/100\n|cant|p2b: Politoed|flinch\n|move|p1b: Kingambit|Swords Dance|p1b: Kingambit\n|-boost|p1b: Kingambit|atk|2\n|\n|-heal|p2b: Politoed|29\/100|[from] Grassy Terrain\n|-heal|p2b: Politoed|36\/100|[from] item: Leftovers\n|-heal|p2a: Amoonguss|97\/100|[from] Grassy Terrain\n|upkeep\n|turn|7\n|c| Dogerunner|Big\n|\n|t:|1731947747\n|move|p2b: Politoed|Protect|p2b: Politoed\n|-singleturn|p2b: Politoed|Protect\n|move|p2a: Amoonguss|Protect|p2a: Amoonguss\n|-singleturn|p2a: Amoonguss|Protect\n|move|p1a: Rillaboom|Wood Hammer|p2b: Politoed\n|-activate|p2b: Politoed|move: Protect\n|move|p1b: Kingambit|Kowtow Cleave|p2a: Amoonguss\n|-activate|p2a: Amoonguss|move: Protect\n|\n|-heal|p2b: Politoed|42\/100|[from] Grassy Terrain\n|-heal|p2b: Politoed|48\/100|[from] item: Leftovers\n|-heal|p2a: Amoonguss|100\/100|[from] Grassy Terrain\n|upkeep\n|turn|8\n|\n|t:|1731947769\n|switch|p2a: Incineroar|Incineroar, L50, M|100\/100\n|-ability|p2a: Incineroar|Intimidate|boost\n|-unboost|p1a: Rillaboom|atk|1\n|-unboost|p1b: Kingambit|atk|1\n|-ability|p1b: Kingambit|Defiant|boost\n|-boost|p1b: Kingambit|atk|2\n|move|p1a: Rillaboom|Wood Hammer|p2b: Politoed\n|-resisted|p2b: Politoed\n|-damage|p2b: Politoed|17\/100\n|-damage|p1a: Rillaboom|90\/100|[from] Recoil\n|move|p2b: Politoed|Perish Song|p2b: Politoed\n|-start|p1a: Rillaboom|perish3|[silent]\n|-start|p1b: Kingambit|perish3|[silent]\n|-start|p2a: Incineroar|perish3|[silent]\n|-start|p2b: Politoed|perish3|[silent]\n|-fieldactivate|move: Perish Song\n|move|p1b: Kingambit|Kowtow Cleave|p2b: Politoed\n|-damage|p2b: Politoed|0 fnt\n|faint|p2b: Politoed\n|\n|-heal|p1a: Rillaboom|96\/100|[from] Grassy Terrain\n|-start|p1a: Rillaboom|perish3\n|-start|p2a: Incineroar|perish3\n|-start|p1b: Kingambit|perish3\n|upkeep\n|\n|t:|1731947782\n|switch|p2b: Gothitelle|Gothitelle, L50, F|100\/100\n|turn|9\n|\n|t:|1731947787\n|move|p2a: Incineroar|Fake Out|p1b: Kingambit\n|-resisted|p1b: Kingambit\n|-damage|p1b: Kingambit|97\/100\n|move|p2b: Gothitelle|Fake Out|p1a: Rillaboom\n|-damage|p1a: Rillaboom|91\/100\n|cant|p1a: Rillaboom|flinch\n|cant|p1b: Kingambit|flinch\n|\n|-heal|p1a: Rillaboom|97\/100|[from] Grassy Terrain\n|-heal|p1b: Kingambit|100\/100|[from] Grassy Terrain\n|-start|p1a: Rillaboom|perish2\n|-start|p2a: Incineroar|perish2\n|-start|p1b: Kingambit|perish2\n|upkeep\n|turn|10\n|\n|t:|1731947795\n|move|p2b: Gothitelle|Protect|p2b: Gothitelle\n|-singleturn|p2b: Gothitelle|Protect\n|move|p1a: Rillaboom|High Horsepower|p2a: Incineroar\n|-supereffective|p2a: Incineroar\n|-damage|p2a: Incineroar|68\/100\n|move|p2a: Incineroar|Flare Blitz|p1b: Kingambit\n|-supereffective|p1b: Kingambit\n|-damage|p1b: Kingambit|28\/100\n|-damage|p2a: Incineroar|43\/100|[from] Recoil\n|move|p1b: Kingambit|Kowtow Cleave|p2a: Incineroar\n|-resisted|p2a: Incineroar\n|-damage|p2a: Incineroar|0 fnt\n|faint|p2a: Incineroar\n|\n|-heal|p1a: Rillaboom|100\/100|[from] Grassy Terrain\n|-heal|p1b: Kingambit|34\/100|[from] Grassy Terrain\n|-start|p1a: Rillaboom|perish1\n|-start|p1b: Kingambit|perish1\n|-fieldend|move: Grassy Terrain\n|upkeep\n|\n|t:|1731947798\n|switch|p2a: Amoonguss|Amoonguss, L50, M|100\/100\n|turn|11\n|-message|vgclth souly forfeited.\n|\n|win|trevanator\n|raw|vgclth souly's rating: 1870 &rarr; <strong>1857<\/strong><br \/>(-13 for losing)\n|raw|trevanator's rating: 1988 &rarr; <strong>2001<\/strong><br \/>(+13 for winning)\n|l|\u2606vgclth souly\n|player|p1|\n|l| Dogerunner\n|l| VGCLTH <1000ELO\n|j|\u2606vgclth souly\n|player|p1|vgclth souly|youngster-gen4dp|\n|l|\u2606vgclth souly\n|player|p1|\n","uploadtime":1731947805,"views":452,"formatid":"gen9vgc2024regh","rating":1857,"private":0,"password":null}