{"id":"gen9vgc2024regh-2246496337","format":"[Gen 9] VGC 2024 Reg H","players":["CabbageConnoisseur","VGCLTH John Pork"],"log":"|raw|<div class=\"broadcast-blue\"><strong>This battle is required to be public due to a player having a name starting with 'vgclth'.<\/div>\n|j|\u2606CabbageConnoisseur\n|j|\u2606VGCLTH John Pork\n|t:|1731968153\n|gametype|doubles\n|player|p1|CabbageConnoisseur|169|1775\n|player|p2|VGCLTH John Pork|ogreclan|1784\n|teamsize|p1|6\n|teamsize|p2|6\n|gen|9\n|tier|[Gen 9] VGC 2024 Reg H\n|rated|\n|rule|Species Clause: Limit one of each Pok\u00e9mon\n|rule|Item Clause: Limit 1 of each item\n|clearpoke\n|poke|p1|Ursaluna-Bloodmoon, L50, M|\n|poke|p1|Grimmsnarl, L50, M|\n|poke|p1|Archaludon, L50, F|\n|poke|p1|Ninetales-Alola, L50, M|\n|poke|p1|Annihilape, L50, M|\n|poke|p1|Magmar, L50, F|\n|poke|p2|Whimsicott, L50, M|\n|poke|p2|Typhlosion-Hisui, L50, F|\n|poke|p2|Annihilape, L50, F|\n|poke|p2|Maushold-Four, L50|\n|poke|p2|Farigiraf, L50, M|\n|poke|p2|Ursaluna-Bloodmoon, L50, M|\n|teampreview|4\n|inactive|Battle timer is ON: inactive players will automatically lose when time's up. (requested by VGCLTH John Pork)\n|\n|t:|1731968179\n|start\n|switch|p1a: Grimmsnarl|Grimmsnarl, L50, M|100\/100\n|switch|p1b: Magmar|Magmar, L50, F|100\/100\n|switch|p2a: Unashamed|Ursaluna-Bloodmoon, L50, M|100\/100\n|switch|p2b: Their kindness is|Whimsicott, L50, M|100\/100\n|turn|1\n|\n|t:|1731968193\n|switch|p1b: Annihilape|Annihilape, L50, M|100\/100\n|move|p1a: Grimmsnarl|Light Screen|p1a: Grimmsnarl\n|-sidestart|p1: CabbageConnoisseur|move: Light Screen\n|move|p2b: Their kindness is|Moonblast|p1a: Grimmsnarl\n|-supereffective|p1a: Grimmsnarl\n|-damage|p1a: Grimmsnarl|59\/100\n|-unboost|p1a: Grimmsnarl|spa|1\n|move|p2a: Unashamed|Earth Power|p1a: Grimmsnarl\n|-damage|p1a: Grimmsnarl|19\/100\n|-damage|p2a: Unashamed|91\/100|[from] item: Life Orb\n|\n|upkeep\n|turn|2\n|\n|t:|1731968216\n|-terastallize|p1b: Annihilape|Water\n|-terastallize|p2a: Unashamed|Normal\n|move|p1a: Grimmsnarl|Thunder Wave|p2b: Their kindness is|[miss]\n|-miss|p1a: Grimmsnarl|p2b: Their kindness is\n|move|p2b: Their kindness is|Moonblast|p1a: Grimmsnarl\n|-supereffective|p1a: Grimmsnarl\n|-damage|p1a: Grimmsnarl|0 fnt\n|faint|p1a: Grimmsnarl\n|move|p1b: Annihilape|Drain Punch|p2a: Unashamed\n|-supereffective|p2a: Unashamed\n|-damage|p2a: Unashamed|39\/100\n|move|p2a: Unashamed|Blood Moon|p1b: Annihilape\n|-damage|p1b: Annihilape|17\/100\n|-damage|p2a: Unashamed|30\/100|[from] item: Life Orb\n|\n|-heal|p1b: Annihilape|24\/100|[from] item: Leftovers\n|upkeep\n|\n|t:|1731968223\n|switch|p1a: Ursaluna|Ursaluna-Bloodmoon, L50, M|100\/100\n|turn|3\n|\n|t:|1731968226\n|move|p2b: Their kindness is|Tailwind|p2b: Their kindness is\n|-sidestart|p2: VGCLTH John Pork|move: Tailwind\n|move|p1a: Ursaluna|Vacuum Wave|p2a: Unashamed\n|-supereffective|p2a: Unashamed\n|-damage|p2a: Unashamed|0 fnt\n|faint|p2a: Unashamed\n|move|p1b: Annihilape|Rage Fist|p2b: Their kindness is\n|-damage|p2b: Their kindness is|25\/100\n|\n|-heal|p1b: Annihilape|30\/100|[from] item: Leftovers\n|upkeep\n|inactive|VGCLTH John Pork has 30 seconds left.\n|\n|t:|1731968253\n|switch|p2a: Sedate|Maushold-Four, L50|100\/100\n|turn|4\n|\n|t:|1731968265\n|switch|p1b: Magmar|Magmar, L50, F|100\/100\n|move|p2b: Their kindness is|Moonblast|p1b: Magmar\n|-resisted|p1b: Magmar\n|-damage|p1b: Magmar|92\/100\n|move|p2a: Sedate|Population Bomb|p1a: Ursaluna\n|-crit|p1a: Ursaluna\n|-damage|p1a: Ursaluna|89\/100\n|-damage|p1a: Ursaluna|82\/100\n|-damage|p1a: Ursaluna|74\/100\n|-damage|p1a: Ursaluna|67\/100\n|-damage|p1a: Ursaluna|59\/100\n|-damage|p1a: Ursaluna|52\/100\n|-damage|p1a: Ursaluna|45\/100\n|-damage|p1a: Ursaluna|37\/100\n|-damage|p1a: Ursaluna|30\/100\n|-damage|p1a: Ursaluna|23\/100\n|-hitcount|p1a: Ursaluna|10\n|move|p1a: Ursaluna|Hyper Voice|p2a: Sedate|[spread] p2a,p2b\n|-damage|p2a: Sedate|48\/100\n|-damage|p2b: Their kindness is|0 fnt\n|faint|p2b: Their kindness is\n|\n|upkeep\n|\n|t:|1731968266\n|switch|p2b: Charade|Typhlosion-Hisui, L50, F|100\/100\n|-item|p1a: Ursaluna|Assault Vest|[from] ability: Frisk|[of] p2b: Charade\n|-item|p1b: Magmar|Eviolite|[from] ability: Frisk|[of] p2b: Charade\n|turn|5\n|inactive|CabbageConnoisseur has 30 seconds left.\n|\n|t:|1731968293\n|move|p1a: Ursaluna|Vacuum Wave|p2a: Sedate\n|-supereffective|p2a: Sedate\n|-damage|p2a: Sedate|2\/100\n|move|p2a: Sedate|Population Bomb|p1b: Magmar\n|-damage|p1b: Magmar|84\/100\n|-damage|p1b: Magmar|75\/100\n|-damage|p1b: Magmar|65\/100\n|-damage|p1b: Magmar|56\/100\n|-damage|p1b: Magmar|47\/100\n|-damage|p1b: Magmar|38\/100\n|-damage|p1b: Magmar|29\/100\n|-damage|p1b: Magmar|19\/100\n|-damage|p1b: Magmar|10\/100\n|-damage|p1b: Magmar|1\/100\n|-hitcount|p1b: Magmar|10\n|move|p2b: Charade|Eruption|p1b: Magmar|[spread] p1a,p1b\n|-resisted|p1b: Magmar\n|-damage|p1a: Ursaluna|0 fnt\n|-damage|p1b: Magmar|0 fnt\n|faint|p1a: Ursaluna\n|faint|p1b: Magmar\n|\n|upkeep\n|-message|CabbageConnoisseur forfeited.\n|\n|win|VGCLTH John Pork\n|raw|CabbageConnoisseur's rating: 1775 &rarr; <strong>1754<\/strong><br \/>(-21 for losing)\n|raw|VGCLTH John Pork's rating: 1762 &rarr; <strong>1783<\/strong><br \/>(+21 for winning)\n|l|\u2606CabbageConnoisseur\n|player|p1|\n|l|\u2606VGCLTH John Pork\n|player|p2|\n","uploadtime":1731968557,"views":31,"formatid":"gen9vgc2024regh","rating":1754,"private":0,"password":null}