{"id":"gen9vgc2024regh-2246749337","format":"[Gen 9] VGC 2024 Reg H","players":["vgclth terran","e8he8hei"],"log":"|raw|<div class=\"broadcast-blue\"><strong>This battle is required to be public due to a player having a name starting with 'vgclth'.<\/div>\n|j|\u2606vgclth terran\n|j|\u2606e8he8hei\n|t:|1732005206\n|gametype|doubles\n|player|p1|vgclth terran|rood|1794\n|player|p2|e8he8hei|cowgirl|1755\n|teamsize|p1|6\n|teamsize|p2|6\n|gen|9\n|tier|[Gen 9] VGC 2024 Reg H\n|rated|\n|rule|Species Clause: Limit one of each Pok\u00e9mon\n|rule|Item Clause: Limit 1 of each item\n|clearpoke\n|poke|p1|Ninetales-Alola, L50, F|\n|poke|p1|Rillaboom, L50, M|\n|poke|p1|Magmar, L50, M|\n|poke|p1|Sneasler, L50, M|\n|poke|p1|Kingambit, L50, M|\n|poke|p1|Basculegion, L50, M|\n|poke|p2|Dragonite, L50, F|\n|poke|p2|Pelipper, L50, F|\n|poke|p2|Incineroar, L50, M|\n|poke|p2|Ursaluna, L50, F|\n|poke|p2|Sinistcha, L50|\n|poke|p2|Archaludon, L50, F|\n|teampreview|4\n|inactive|Battle timer is ON: inactive players will automatically lose when time's up. (requested by e8he8hei)\n|inactive|vgclth terran has 60 seconds left.\n|inactive|e8he8hei has 60 seconds left.\n|\n|t:|1732005254\n|start\n|switch|p1a: Sneasler|Sneasler, L50, M|100\/100\n|switch|p1b: Ninetales|Ninetales-Alola, L50, F|100\/100\n|switch|p2a: Dragonite|Dragonite, L50, F|100\/100\n|switch|p2b: Archaludon|Archaludon, L50, F|100\/100\n|-weather|Snow|[from] ability: Snow Warning|[of] p1b: Ninetales\n|turn|1\n|inactive|e8he8hei has 30 seconds left.\n|inactive|e8he8hei has 20 seconds left.\n|\n|t:|1732005289\n|switch|p2b: Incineroar|Incineroar, L50, M|100\/100\n|-ability|p2b: Incineroar|Intimidate|boost\n|-unboost|p1a: Sneasler|atk|1\n|-unboost|p1b: Ninetales|atk|1\n|-terastallize|p1b: Ninetales|Ghost\n|-terastallize|p2a: Dragonite|Fairy\n|move|p1a: Sneasler|Dire Claw|p2a: Dragonite\n|-supereffective|p2a: Dragonite\n|-damage|p2a: Dragonite|72\/100\n|-status|p2a: Dragonite|par\n|move|p1b: Ninetales|Blizzard|p2a: Dragonite|[spread] p2a,p2b\n|-resisted|p2b: Incineroar\n|-damage|p2a: Dragonite|33\/100 par\n|-damage|p2b: Incineroar|81\/100\n|move|p2a: Dragonite|Scale Shot|p1a: Sneasler\n|-damage|p1a: Sneasler|75\/100\n|-damage|p1a: Sneasler|50\/100\n|-damage|p1a: Sneasler|22\/100\n|-damage|p1a: Sneasler|0 fnt\n|faint|p1a: Sneasler\n|-hitcount|p1: Sneasler|4\n|-unboost|p2a: Dragonite|def|1\n|-boost|p2a: Dragonite|spe|1\n|\n|-weather|Snow|[upkeep]\n|upkeep\n|\n|t:|1732005295\n|switch|p1a: Basculegion|Basculegion, L50, M|100\/100\n|turn|2\n|inactive|e8he8hei has 30 seconds left.\n|inactive|e8he8hei has 20 seconds left.\n|inactive|e8he8hei has 15 seconds left.\n|inactive|e8he8hei has 10 seconds left.\n|inactive|e8he8hei has 5 seconds left.\n|\n|t:|1732005350\n|move|p1a: Basculegion|Flip Turn|p2b: Incineroar\n|-supereffective|p2b: Incineroar\n|-damage|p2b: Incineroar|19\/100\n|\n|t:|1732005355\n|switch|p1a: Rillaboom|Rillaboom, L50, M|100\/100|[from] Flip Turn\n|-fieldstart|move: Grassy Terrain|[from] ability: Grassy Surge|[of] p1a: Rillaboom\n|move|p1b: Ninetales|Blizzard|p2b: Incineroar|[spread] p2a,p2b\n|-resisted|p2b: Incineroar\n|-damage|p2a: Dragonite|0 fnt\n|-damage|p2b: Incineroar|0 fnt\n|faint|p2a: Dragonite\n|faint|p2b: Incineroar\n|\n|-weather|Snow|[upkeep]\n|upkeep\n|inactive|e8he8hei has 30 seconds left.\n|\n|t:|1732005388\n|switch|p2a: Archaludon|Archaludon, L50, F|100\/100\n|switch|p2b: Ursaluna|Ursaluna, L50, F|100\/100\n|turn|3\n|\n|t:|1732005393\n|move|p2b: Ursaluna|Protect|p2b: Ursaluna\n|-singleturn|p2b: Ursaluna|Protect\n|move|p1b: Ninetales|Blizzard|p2b: Ursaluna|[spread] p2a\n|-activate|p2b: Ursaluna|move: Protect\n|-damage|p2a: Archaludon|71\/100\n|-ability|p2a: Archaludon|Stamina|boost\n|-boost|p2a: Archaludon|def|1\n|move|p1a: Rillaboom|Wood Hammer|p2b: Ursaluna\n|-activate|p2b: Ursaluna|move: Protect\n|move|p2a: Archaludon|Snarl|p1b: Ninetales|[spread] p1a,p1b\n|-supereffective|p1b: Ninetales\n|-damage|p1a: Rillaboom|92\/100\n|-damage|p1b: Ninetales|72\/100\n|-unboost|p1a: Rillaboom|spa|1\n|-unboost|p1b: Ninetales|spa|1\n|\n|-weather|Snow|[upkeep]\n|-heal|p1b: Ninetales|78\/100|[from] Grassy Terrain\n|-heal|p1a: Rillaboom|98\/100|[from] Grassy Terrain\n|-heal|p2a: Archaludon|78\/100|[from] Grassy Terrain\n|-status|p2b: Ursaluna|brn|[from] item: Flame Orb\n|upkeep\n|turn|4\n|j| Xunyicaoawa\n|\n|t:|1732005410\n|move|p1b: Ninetales|Blizzard|p2a: Archaludon|[spread] p2a,p2b\n|-supereffective|p2b: Ursaluna\n|-damage|p2a: Archaludon|60\/100\n|-damage|p2b: Ursaluna|48\/100 brn\n|-ability|p2a: Archaludon|Stamina|boost\n|-boost|p2a: Archaludon|def|1\n|move|p1a: Rillaboom|Wood Hammer|p2b: Ursaluna\n|-supereffective|p2b: Ursaluna\n|-damage|p2b: Ursaluna|0 fnt\n|faint|p2b: Ursaluna\n|-damage|p1a: Rillaboom|81\/100|[from] Recoil\n|move|p2a: Archaludon|Body Press|p1a: Rillaboom\n|-damage|p1a: Rillaboom|29\/100\n|\n|-weather|Snow|[upkeep]\n|-heal|p1b: Ninetales|84\/100|[from] Grassy Terrain\n|-heal|p1a: Rillaboom|35\/100|[from] Grassy Terrain\n|-heal|p2a: Archaludon|66\/100|[from] Grassy Terrain\n|upkeep\n|turn|5\n|inactive|e8he8hei has 30 seconds left.\n|\n|t:|1732005442\n|move|p1b: Ninetales|Encore|p2a: Archaludon\n|-start|p2a: Archaludon|Encore\n|move|p1a: Rillaboom|U-turn|p2a: Archaludon\n|-resisted|p2a: Archaludon\n|-damage|p2a: Archaludon|63\/100\n|-ability|p2a: Archaludon|Stamina|boost\n|-boost|p2a: Archaludon|def|1\n|-message|e8he8hei forfeited.\n|\n|win|vgclth terran\n|raw|vgclth terran's rating: 1794 &rarr; <strong>1813<\/strong><br \/>(+19 for winning)\n|raw|e8he8hei's rating: 1772 &rarr; <strong>1753<\/strong><br \/>(-19 for losing)\n|l|\u2606e8he8hei\n|player|p2|\n|l|\u2606vgclth terran\n|player|p1|\n|l| Xunyicaoawa\n","uploadtime":1732005688,"views":20,"formatid":"gen9vgc2024regh","rating":1753,"private":0,"password":null}