{"id":"gen9vgc2024regh-2246726049","format":"[Gen 9] VGC 2024 Reg H","players":["VGCLTH Oinge","9xtden"],"log":"|raw|<div class=\"broadcast-blue\"><strong>This battle is required to be public due to a player having a name starting with 'vgclth'.<\/div>\n|j|\u2606VGCLTH Oinge\n|j|\u203d9xtden\n|t:|1732000739\n|gametype|doubles\n|player|p1|VGCLTH Oinge|mars|1710\n|player|p2|9xtden|bugcatcher-gen4dp|1797\n|teamsize|p1|6\n|teamsize|p2|6\n|gen|9\n|tier|[Gen 9] VGC 2024 Reg H\n|rated|\n|rule|Species Clause: Limit one of each Pok\u00e9mon\n|rule|Item Clause: Limit 1 of each item\n|clearpoke\n|poke|p1|Armarouge, L50, M|\n|poke|p1|Maushold-Four, L50|\n|poke|p1|Indeedee-F, L50, F|\n|poke|p1|Gholdengo, L50|\n|poke|p1|Dragonite, L50, F|\n|poke|p1|Annihilape, L50, M|\n|poke|p2|Gholdengo, L50|\n|poke|p2|Kingambit, L50, F|\n|poke|p2|Archaludon, L50, M|\n|poke|p2|Rillaboom, L50, F|\n|poke|p2|Dragonite, L50, M|\n|poke|p2|Dondozo, L50, F|\n|teampreview|4\n|j| God of restricted\n|\n|t:|1732000771\n|start\n|switch|p1a: Maushold|Maushold-Four, L50|100\/100\n|switch|p1b: Annihilape|Annihilape, L50, M|100\/100\n|switch|p2a: Gholdengo|Gholdengo, L50|100\/100\n|switch|p2b: Kingambit|Kingambit, L50, F|100\/100\n|turn|1\n|inactive|Battle timer is ON: inactive players will automatically lose when time's up. (requested by VGCLTH Oinge)\n|\n|t:|1732000791\n|move|p1a: Maushold|Beat Up|p1b: Annihilape\n|-damage|p1b: Annihilape|98\/100\n|-damage|p1b: Annihilape|96\/100\n|-damage|p1b: Annihilape|94\/100\n|-damage|p1b: Annihilape|92\/100\n|-hitcount|p1b: Annihilape|4\n|move|p1b: Annihilape|Rage Fist|p2a: Gholdengo\n|-supereffective|p2a: Gholdengo\n|-enditem|p2a: Gholdengo|Focus Sash\n|-damage|p2a: Gholdengo|1\/100\n|move|p2a: Gholdengo|Make It Rain|p1b: Annihilape|[spread] p1a,p1b\n|-damage|p1a: Maushold|39\/100\n|-damage|p1b: Annihilape|70\/100\n|-unboost|p2a: Gholdengo|spa|1\n|move|p2b: Kingambit|Assurance|p1b: Annihilape\n|-damage|p1b: Annihilape|12\/100\n|\n|upkeep\n|turn|2\n|\n|t:|1732000815\n|move|p1a: Maushold|Follow Me|p1a: Maushold\n|-singleturn|p1a: Maushold|move: Follow Me\n|move|p1b: Annihilape|Rage Fist|p2a: Gholdengo\n|-supereffective|p2a: Gholdengo\n|-damage|p2a: Gholdengo|0 fnt\n|faint|p2a: Gholdengo\n|move|p2b: Kingambit|Assurance|p1a: Maushold\n|-damage|p1a: Maushold|0 fnt\n|faint|p1a: Maushold\n|\n|upkeep\n|\n|t:|1732000828\n|switch|p1a: Armarouge|Armarouge, L50, M|100\/100\n|switch|p2a: Dondozo|Dondozo, L50, F|100\/100\n|turn|3\n|\n|t:|1732000846\n|-terastallize|p2b: Kingambit|Dark\n|move|p2a: Dondozo|Protect|p2a: Dondozo\n|-singleturn|p2a: Dondozo|Protect\n|move|p1b: Annihilape|Close Combat|p2b: Kingambit\n|-supereffective|p2b: Kingambit\n|-enditem|p2b: Kingambit|Chople Berry|[eat]\n|-enditem|p2b: Kingambit|Chople Berry|[weaken]\n|-damage|p2b: Kingambit|61\/100\n|-unboost|p1b: Annihilape|def|1\n|-unboost|p1b: Annihilape|spd|1\n|move|p1a: Armarouge|Heat Wave|p2b: Kingambit|[spread] p2b\n|-activate|p2a: Dondozo|move: Protect\n|-damage|p2b: Kingambit|24\/100\n|move|p2b: Kingambit|Assurance|p1a: Armarouge\n|-supereffective|p1a: Armarouge\n|-damage|p1a: Armarouge|19\/100\n|-ability|p1a: Armarouge|Weak Armor|boost\n|-unboost|p1a: Armarouge|def|1\n|-boost|p1a: Armarouge|spe|2\n|-enditem|p1a: Armarouge|Weakness Policy\n|-boost|p1a: Armarouge|atk|2|[from] item: Weakness Policy\n|-boost|p1a: Armarouge|spa|2|[from] item: Weakness Policy\n|\n|upkeep\n|turn|4\n|inactive|VGCLTH Oinge has 30 seconds left.\n|inactive|9xtden has 30 seconds left.\n|inactive|9xtden has 20 seconds left.\n|\n|t:|1732000883\n|switch|p2a: Rillaboom|Rillaboom, L50, F|100\/100\n|-fieldstart|move: Grassy Terrain|[from] ability: Grassy Surge|[of] p2a: Rillaboom\n|move|p1a: Armarouge|Endure|p1a: Armarouge\n|-singleturn|p1a: Armarouge|move: Endure\n|move|p2b: Kingambit|Sucker Punch|p1b: Annihilape\n|-damage|p1b: Annihilape|0 fnt\n|faint|p1b: Annihilape\n|\n|-heal|p1a: Armarouge|25\/100|[from] Grassy Terrain\n|-heal|p2b: Kingambit|30\/100|[from] Grassy Terrain\n|upkeep\n|\n|t:|1732000890\n|switch|p1b: Indeedee|Indeedee-F, L50, F|100\/100\n|-fieldstart|move: Psychic Terrain|[from] ability: Psychic Surge|[of] p1b: Indeedee\n|-enditem|p1b: Indeedee|Psychic Seed\n|-boost|p1b: Indeedee|spd|1|[from] item: Psychic Seed\n|turn|5\n|\n|t:|1732000904\n|switch|p2a: Dondozo|Dondozo, L50, F|100\/100\n|move|p1b: Indeedee|Helping Hand|p1a: Armarouge\n|-singleturn|p1a: Armarouge|Helping Hand|[of] p1b: Indeedee\n|move|p2b: Kingambit|Protect|p2b: Kingambit\n|-singleturn|p2b: Kingambit|Protect\n|move|p1a: Armarouge|Heat Wave|p2b: Kingambit|[spread] p2a\n|-activate|p2b: Kingambit|move: Protect\n|-resisted|p2a: Dondozo\n|-damage|p2a: Dondozo|78\/100\n|\n|-heal|p2a: Dondozo|84\/100|[from] item: Leftovers\n|upkeep\n|turn|6\n|j| mr pogostick\n|inactive|VGCLTH Oinge has 30 seconds left.\n|inactive|9xtden has 30 seconds left.\n|\n|t:|1732000940\n|-terastallize|p1b: Indeedee|Grass\n|move|p1b: Indeedee|Follow Me|p1b: Indeedee\n|-singleturn|p1b: Indeedee|move: Follow Me\n|move|p1a: Armarouge|Heat Wave|p2b: Kingambit|[spread] p2a,p2b\n|-resisted|p2a: Dondozo\n|-damage|p2a: Dondozo|70\/100\n|-damage|p2b: Kingambit|0 fnt\n|faint|p2b: Kingambit\n|move|p2a: Dondozo|Yawn|p1b: Indeedee\n|-start|p1b: Indeedee|move: Yawn|[of] p2a: Dondozo\n|\n|-heal|p2a: Dondozo|76\/100|[from] item: Leftovers\n|upkeep\n|\n|t:|1732000947\n|switch|p2b: Rillaboom|Rillaboom, L50, F|100\/100\n|-fieldstart|move: Grassy Terrain|[from] ability: Grassy Surge|[of] p2b: Rillaboom\n|turn|7\n|inactive|VGCLTH Oinge has 30 seconds left.\n|\n|t:|1732000973\n|move|p1a: Armarouge|Endure|p1a: Armarouge\n|-singleturn|p1a: Armarouge|move: Endure\n|move|p1b: Indeedee|Follow Me|p1b: Indeedee\n|-singleturn|p1b: Indeedee|move: Follow Me\n|move|p2b: Rillaboom|Knock Off|p1b: Indeedee\n|-crit|p1b: Indeedee\n|-damage|p1b: Indeedee|65\/100\n|move|p2a: Dondozo|Avalanche|p1b: Indeedee\n|-supereffective|p1b: Indeedee\n|-damage|p1b: Indeedee|35\/100\n|\n|-heal|p1a: Armarouge|32\/100|[from] Grassy Terrain\n|-heal|p1b: Indeedee|41\/100|[from] Grassy Terrain\n|-heal|p2a: Dondozo|82\/100|[from] Grassy Terrain\n|-heal|p2a: Dondozo|88\/100|[from] item: Leftovers\n|-end|p1b: Indeedee|move: Yawn|[silent]\n|-status|p1b: Indeedee|slp\n|upkeep\n|turn|8\n|\n|t:|1732000990\n|cant|p1b: Indeedee|slp\n|move|p1a: Armarouge|Heat Wave|p2a: Dondozo|[spread] p2a,p2b\n|-resisted|p2a: Dondozo\n|-supereffective|p2b: Rillaboom\n|-damage|p2a: Dondozo|73\/100\n|-damage|p2b: Rillaboom|0 fnt\n|faint|p2b: Rillaboom\n|move|p2a: Dondozo|Wave Crash|p1a: Armarouge\n|-supereffective|p1a: Armarouge\n|-damage|p1a: Armarouge|0 fnt\n|faint|p1a: Armarouge\n|-damage|p2a: Dondozo|65\/100|[from] Recoil\n|\n|-heal|p1b: Indeedee|47\/100 slp|[from] Grassy Terrain\n|-heal|p2a: Dondozo|72\/100|[from] Grassy Terrain\n|-heal|p2a: Dondozo|78\/100|[from] item: Leftovers\n|upkeep\n|turn|9\n|-message|VGCLTH Oinge forfeited.\n|\n|win|9xtden\n|raw|VGCLTH Oinge's rating: 1710 &rarr; <strong>1695<\/strong><br \/>(-15 for losing)\n|raw|9xtden's rating: 1797 &rarr; <strong>1812<\/strong><br \/>(+15 for winning)\n|l|\u2606VGCLTH Oinge\n|player|p1|\n|l| God of restricted\n|l| mr pogostick\n|l|\u203d9xtden\n|player|p2|\n","uploadtime":1732001139,"views":22,"formatid":"gen9vgc2024regh","rating":1695,"private":0,"password":null}