{"id":"gen9vgc2024regh-2246218390","format":"[Gen 9] VGC 2024 Reg H","players":["GooglePay","VGCLTH Oinge"],"log":"|raw|<div class=\"broadcast-blue\"><strong>This battle is required to be public due to a player having a name starting with 'vgclth'.<\/div>\n|j|\u2606GooglePay\n|j|\u2606VGCLTH Oinge\n|t:|1731940467\n|gametype|doubles\n|player|p1|GooglePay|102|1692\n|player|p2|VGCLTH Oinge|mars|1738\n|teamsize|p1|6\n|teamsize|p2|6\n|gen|9\n|tier|[Gen 9] VGC 2024 Reg H\n|rated|\n|rule|Species Clause: Limit one of each Pok\u00e9mon\n|rule|Item Clause: Limit 1 of each item\n|clearpoke\n|poke|p1|Volcarona, L50, F|\n|poke|p1|Rillaboom, L50, M|\n|poke|p1|Dragonite, L50, F|\n|poke|p1|Sneasler, L50, F|\n|poke|p1|Kingambit, L50, F|\n|poke|p1|Basculegion, L50, M|\n|poke|p2|Armarouge, L50, F|\n|poke|p2|Maushold-Four, L50|\n|poke|p2|Indeedee-F, L50, F|\n|poke|p2|Rillaboom, L50, F|\n|poke|p2|Gholdengo, L50|\n|poke|p2|Dragonite, L50, F|\n|teampreview|4\n|\n|t:|1731940503\n|start\n|switch|p1a: Sneasler|Sneasler, L50, F|100\/100\n|switch|p1b: Dragonite|Dragonite, L50, F|100\/100\n|switch|p2a: Maushold|Maushold-Four, L50|100\/100\n|switch|p2b: Armarouge|Armarouge, L50, F|100\/100\n|turn|1\n|j| Viole Gray\n|\n|t:|1731940542\n|-terastallize|p2b: Armarouge|Psychic\n|move|p1a: Sneasler|Coaching|p1b: Dragonite\n|-boost|p1b: Dragonite|atk|1\n|-boost|p1b: Dragonite|def|1\n|move|p2a: Maushold|U-turn|p2b: Armarouge\n|-supereffective|p2b: Armarouge\n|-damage|p2b: Armarouge|83\/100\n|-ability|p2b: Armarouge|Weak Armor|boost\n|-unboost|p2b: Armarouge|def|1\n|-boost|p2b: Armarouge|spe|2\n|-enditem|p2b: Armarouge|Weakness Policy\n|-boost|p2b: Armarouge|atk|2|[from] item: Weakness Policy\n|-boost|p2b: Armarouge|spa|2|[from] item: Weakness Policy\n|\n|t:|1731940548\n|switch|p2a: Indeedee|Indeedee-F, L50, F|100\/100|[from] U-turn\n|-fieldstart|move: Psychic Terrain|[from] ability: Psychic Surge|[of] p2a: Indeedee\n|-enditem|p2a: Indeedee|Psychic Seed\n|-boost|p2a: Indeedee|spd|1|[from] item: Psychic Seed\n|move|p2b: Armarouge|Stored Power|p1b: Dragonite\n|-damage|p1b: Dragonite|0 fnt\n|faint|p1b: Dragonite\n|\n|upkeep\n|\n|t:|1731940567\n|switch|p1b: Rillaboom|Rillaboom, L50, M|100\/100\n|-fieldstart|move: Grassy Terrain|[from] ability: Grassy Surge|[of] p1b: Rillaboom\n|turn|2\n|\n|t:|1731940589\n|switch|p2a: Maushold|Maushold-Four, L50|100\/100\n|move|p2b: Armarouge|Endure|p2b: Armarouge\n|-singleturn|p2b: Armarouge|move: Endure\n|move|p1a: Sneasler|Dire Claw|p2a: Maushold\n|-damage|p2a: Maushold|42\/100\n|-status|p2a: Maushold|psn|[from] ability: Poison Touch|[of] p1a: Sneasler\n|move|p1b: Rillaboom|U-turn|p2a: Maushold\n|-damage|p2a: Maushold|12\/100 psn\n|\n|t:|1731940597\n|switch|p1b: Kingambit|Kingambit, L50, F|100\/100|[from] U-turn\n|\n|-heal|p2b: Armarouge|89\/100|[from] Grassy Terrain\n|-heal|p2a: Maushold|18\/100 psn|[from] Grassy Terrain\n|-damage|p2a: Maushold|5\/100 psn|[from] psn\n|upkeep\n|turn|3\n|\n|t:|1731940616\n|-terastallize|p1b: Kingambit|Ghost\n|move|p1a: Sneasler|Protect|p1a: Sneasler\n|-singleturn|p1a: Sneasler|Protect\n|move|p2a: Maushold|Follow Me|p2a: Maushold\n|-singleturn|p2a: Maushold|move: Follow Me\n|move|p2b: Armarouge|Heat Wave|p1a: Sneasler|[spread] p1b\n|-activate|p1a: Sneasler|move: Protect\n|-damage|p1b: Kingambit|46\/100\n|move|p1b: Kingambit|Kowtow Cleave|p2a: Maushold\n|-damage|p2a: Maushold|0 fnt\n|faint|p2a: Maushold\n|\n|-heal|p2b: Armarouge|95\/100|[from] Grassy Terrain\n|-heal|p1b: Kingambit|52\/100|[from] Grassy Terrain\n|upkeep\n|\n|t:|1731940634\n|switch|p2a: Indeedee|Indeedee-F, L50, F|100\/100\n|-fieldstart|move: Psychic Terrain|[from] ability: Psychic Surge|[of] p2a: Indeedee\n|turn|4\n|\n|t:|1731940648\n|switch|p1b: Rillaboom|Rillaboom, L50, M|100\/100\n|-fieldstart|move: Grassy Terrain|[from] ability: Grassy Surge|[of] p1b: Rillaboom\n|move|p2a: Indeedee|Follow Me|p2a: Indeedee\n|-singleturn|p2a: Indeedee|move: Follow Me\n|move|p2b: Armarouge|Heat Wave|p1a: Sneasler|[spread] p1a,p1b\n|-supereffective|p1b: Rillaboom\n|-enditem|p1a: Sneasler|Focus Sash\n|-damage|p1a: Sneasler|1\/100\n|-damage|p1b: Rillaboom|0 fnt\n|faint|p1b: Rillaboom\n|move|p1a: Sneasler|Dire Claw|p2a: Indeedee\n|-damage|p2a: Indeedee|62\/100\n|\n|-heal|p2b: Armarouge|100\/100|[from] Grassy Terrain\n|-heal|p1a: Sneasler|7\/100|[from] Grassy Terrain\n|-heal|p2a: Indeedee|68\/100|[from] Grassy Terrain\n|upkeep\n|\n|t:|1731940650\n|switch|p1b: Kingambit|Kingambit, L50, F, tera:Ghost|52\/100\n|turn|5\n|-message|GooglePay forfeited.\n|\n|win|VGCLTH Oinge\n|raw|GooglePay's rating: 1692 &rarr; <strong>1675<\/strong><br \/>(-17 for losing)\n|raw|VGCLTH Oinge's rating: 1738 &rarr; <strong>1755<\/strong><br \/>(+17 for winning)\n|l|\u2606VGCLTH Oinge\n|player|p2|\n|l| Viole Gray\n","uploadtime":1731940816,"views":15,"formatid":"gen9vgc2024regh","rating":1675,"private":0,"password":null}