{"id":"gen9vgc2024regh-2246097653","format":"[Gen 9] VGC 2024 Reg H","players":["blobbymcgee","The Slimmest Jesus"],"log":"|j|\u2606blobbymcgee\n|j|\u2606The Slimmest Jesus\n|t:|1731922664\n|gametype|doubles\n|player|p1|blobbymcgee|depotagent|1725\n|player|p2|The Slimmest Jesus|102|1737\n|teamsize|p1|6\n|teamsize|p2|6\n|gen|9\n|tier|[Gen 9] VGC 2024 Reg H\n|rated|\n|rule|Species Clause: Limit one of each Pok\u00e9mon\n|rule|Item Clause: Limit 1 of each item\n|clearpoke\n|poke|p1|Farigiraf, L50, F|\n|poke|p1|Amoonguss, L50, F|\n|poke|p1|Incineroar, L50, M|\n|poke|p1|Ursaluna-Bloodmoon, L50, M|\n|poke|p1|Whimsicott, L50, F|\n|poke|p1|Annihilape, L50, M|\n|poke|p2|Sneasler, L50, F|\n|poke|p2|Indeedee, L50, M|\n|poke|p2|Gholdengo, L50|\n|poke|p2|Murkrow, L50, M|\n|poke|p2|Ursaluna, L50, F|\n|poke|p2|Zoroark-Hisui, L50, F|\n|teampreview|4\n|inactive|Battle timer is ON: inactive players will automatically lose when time's up. (requested by The Slimmest Jesus)\n|inactive|The Slimmest Jesus has 60 seconds left.\n|inactive|The Slimmest Jesus has 30 seconds left.\n|inactive|The Slimmest Jesus has 20 seconds left.\n|\n|t:|1731922738\n|start\n|switch|p1a: Incineroar|Incineroar, L50, M|100\/100\n|switch|p1b: Farigiraf|Farigiraf, L50, F|100\/100\n|switch|p2a: Sneasler|Sneasler, L50, F|100\/100\n|switch|p2b: Indeedee|Indeedee, L50, M|100\/100\n|-fieldstart|move: Psychic Terrain|[from] ability: Psychic Surge|[of] p2b: Indeedee\n|-enditem|p2a: Sneasler|Psychic Seed\n|-boost|p2a: Sneasler|spd|1|[from] item: Psychic Seed\n|-ability|p1a: Incineroar|Intimidate|boost\n|-unboost|p2a: Sneasler|atk|1\n|-unboost|p2b: Indeedee|atk|1\n|turn|1\n|inactive|The Slimmest Jesus has 30 seconds left.\n|inactive|The Slimmest Jesus has 20 seconds left.\n|inactive|The Slimmest Jesus has 15 seconds left.\n|inactive|The Slimmest Jesus has 10 seconds left.\n|\n|t:|1731922787\n|-terastallize|p2a: Sneasler|Dark\n|move|p2a: Sneasler|Throat Chop|p1b: Farigiraf\n|-supereffective|p1b: Farigiraf\n|-damage|p1b: Farigiraf|49\/100\n|-start|p1b: Farigiraf|Throat Chop|[silent]\n|move|p2b: Indeedee|Tera Blast|p1b: Farigiraf\n|-damage|p1b: Farigiraf|7\/100\n|move|p1a: Incineroar|Knock Off|p2b: Indeedee\n|-supereffective|p2b: Indeedee\n|-enditem|p2b: Indeedee|Focus Sash\n|-damage|p2b: Indeedee|1\/100\n|move|p1b: Farigiraf|Trick Room|p1b: Farigiraf\n|-fieldstart|move: Trick Room|[of] p1b: Farigiraf\n|\n|upkeep\n|turn|2\n|inactive|The Slimmest Jesus has 30 seconds left.\n|inactive|The Slimmest Jesus has 20 seconds left.\n|j| mr pogostick\n|inactive|The Slimmest Jesus has 15 seconds left.\n|inactive|The Slimmest Jesus has 10 seconds left.\n|\n|t:|1731922832\n|move|p2b: Indeedee|Protect|p2b: Indeedee\n|-singleturn|p2b: Indeedee|Protect\n|move|p2a: Sneasler|Protect|p2a: Sneasler\n|-singleturn|p2a: Sneasler|Protect\n|move|p1b: Farigiraf|Shadow Ball|p2b: Indeedee\n|-activate|p2b: Indeedee|move: Protect\n|move|p1a: Incineroar|Will-O-Wisp|p2a: Sneasler\n|-activate|p2a: Sneasler|move: Protect\n|\n|-end|p1b: Farigiraf|Throat Chop|[silent]\n|upkeep\n|turn|3\n|inactive|The Slimmest Jesus has 30 seconds left.\n|\n|t:|1731922859\n|move|p1b: Farigiraf|Hyper Voice|p2a: Sneasler|[spread] p2a,p2b\n|-damage|p2a: Sneasler|74\/100\n|-damage|p2b: Indeedee|0 fnt\n|faint|p2b: Indeedee\n|-enditem|p1b: Farigiraf|Throat Spray\n|-boost|p1b: Farigiraf|spa|1|[from] item: Throat Spray\n|move|p1a: Incineroar|Will-O-Wisp|p2a: Sneasler\n|-status|p2a: Sneasler|brn\n|move|p2a: Sneasler|Close Combat|p1a: Incineroar\n|-supereffective|p1a: Incineroar\n|-damage|p1a: Incineroar|64\/100\n|-unboost|p2a: Sneasler|def|1\n|-unboost|p2a: Sneasler|spd|1\n|\n|-damage|p2a: Sneasler|68\/100 brn|[from] brn\n|upkeep\n|inactive|The Slimmest Jesus has 30 seconds left.\n|\n|t:|1731922885\n|switch|p2b: Murkrow|Murkrow, L50, M|100\/100\n|turn|4\n|\n|t:|1731922904\n|move|p2a: Sneasler|Protect|p2a: Sneasler\n|-singleturn|p2a: Sneasler|Protect\n|move|p1b: Farigiraf|Hyper Voice|p2a: Sneasler|[spread] p2b\n|-activate|p2a: Sneasler|move: Protect\n|-damage|p2b: Murkrow|58\/100\n|move|p1a: Incineroar|Knock Off|p2a: Sneasler\n|-activate|p2a: Sneasler|move: Protect\n|move|p2b: Murkrow|Foul Play|p1a: Incineroar\n|-resisted|p1a: Incineroar\n|-damage|p1a: Incineroar|48\/100\n|\n|-damage|p2a: Sneasler|62\/100 brn|[from] brn\n|upkeep\n|turn|5\n|inactive|The Slimmest Jesus has 30 seconds left.\n|\n|t:|1731922932\n|move|p2b: Murkrow|Tailwind|p2b: Murkrow\n|-sidestart|p2: The Slimmest Jesus|move: Tailwind\n|move|p1b: Farigiraf|Hyper Voice|p2b: Murkrow|[spread] p2a,p2b\n|-damage|p2a: Sneasler|2\/100 brn\n|-damage|p2b: Murkrow|12\/100\n|move|p1a: Incineroar|Knock Off|p2b: Murkrow\n|-resisted|p2b: Murkrow\n|-damage|p2b: Murkrow|0 fnt\n|-enditem|p2b: Murkrow|Eviolite|[from] move: Knock Off|[of] p1a: Incineroar\n|faint|p2b: Murkrow\n|move|p2a: Sneasler|Close Combat|p1a: Incineroar\n|-supereffective|p1a: Incineroar\n|-damage|p1a: Incineroar|13\/100\n|-unboost|p2a: Sneasler|def|1\n|-unboost|p2a: Sneasler|spd|1\n|\n|-damage|p2a: Sneasler|0 fnt|[from] brn\n|faint|p2a: Sneasler\n|-fieldend|move: Trick Room\n|-fieldend|move: Psychic Terrain\n|upkeep\n|\n|t:|1731922952\n|switch|p2b: Gholdengo|Gholdengo, L50|100\/100\n|turn|6\n|\n|t:|1731922961\n|move|p2b: Gholdengo|Make It Rain|p1b: Farigiraf|[spread] p1a,p1b\n|-resisted|p1a: Incineroar\n|-damage|p1a: Incineroar|0 fnt\n|-damage|p1b: Farigiraf|0 fnt\n|-unboost|p2b: Gholdengo|spa|1\n|faint|p1a: Incineroar\n|faint|p1b: Farigiraf\n|\n|upkeep\n|\n|t:|1731922966\n|switch|p1a: Annihilape|Annihilape, L50, M, shiny|100\/100\n|switch|p1b: Ursaluna|Ursaluna-Bloodmoon, L50, M|100\/100\n|turn|7\n|\n|t:|1731922976\n|-terastallize|p1a: Annihilape|Water\n|move|p2b: Gholdengo|Make It Rain|p1a: Annihilape|[spread] p1a,p1b\n|-resisted|p1a: Annihilape\n|-damage|p1a: Annihilape|79\/100\n|-damage|p1b: Ursaluna|44\/100\n|-unboost|p2b: Gholdengo|spa|1\n|move|p1a: Annihilape|Rage Fist|p2b: Gholdengo\n|-supereffective|p2b: Gholdengo\n|-damage|p2b: Gholdengo|0 fnt\n|faint|p2b: Gholdengo\n|\n|win|blobbymcgee\n|raw|blobbymcgee's rating: 1725 &rarr; <strong>1746<\/strong><br \/>(+21 for winning)\n|raw|The Slimmest Jesus's rating: 1737 &rarr; <strong>1716<\/strong><br \/>(-21 for losing)\n|l|\u2606The Slimmest Jesus\n|player|p2|\n|l|\u2606blobbymcgee\n|player|p1|\n|l| mr pogostick\n","uploadtime":1731923152,"views":21,"formatid":"gen9vgc2024regh","rating":1716,"private":0,"password":null}