{"id":"gen9vgc2024regh-2246195623","format":"[Gen 9] VGC 2024 Reg H","players":["DanielTail","VGCLTH Oinge"],"log":"|raw|<div class=\"broadcast-blue\"><strong>This battle is required to be public due to a player having a name starting with 'vgclth'.<\/div>\n|j|\u2606DanielTail\n|j|\u2606VGCLTH Oinge\n|t:|1731937840\n|gametype|doubles\n|player|p1|DanielTail|102|1712\n|player|p2|VGCLTH Oinge|mars|1722\n|teamsize|p1|6\n|teamsize|p2|6\n|gen|9\n|tier|[Gen 9] VGC 2024 Reg H\n|rated|\n|rule|Species Clause: Limit one of each Pok\u00e9mon\n|rule|Item Clause: Limit 1 of each item\n|clearpoke\n|poke|p1|Dugtrio, L50, F|\n|poke|p1|Ninetales-Alola, L50, M|\n|poke|p1|Incineroar, L50, M|\n|poke|p1|Rotom-Heat, L50|\n|poke|p1|Kommo-o, L50, M|\n|poke|p1|Dragonite, L50, F|\n|poke|p2|Armarouge, L50, M|\n|poke|p2|Maushold-Four, L50|\n|poke|p2|Indeedee-F, L50, F|\n|poke|p2|Rillaboom, L50, M|\n|poke|p2|Gholdengo, L50|\n|poke|p2|Dragonite, L50, M|\n|teampreview|4\n|\n|t:|1731937859\n|start\n|switch|p1a: Dugtrio|Dugtrio, L50, F|100\/100\n|switch|p1b: Dragonite|Dragonite, L50, F|100\/100\n|switch|p2a: Maushold|Maushold-Four, L50|100\/100\n|switch|p2b: Armarouge|Armarouge, L50, M|100\/100\n|turn|1\n|\n|t:|1731937889\n|-terastallize|p2a: Maushold|Ghost\n|-terastallize|p1b: Dragonite|Flying\n|move|p2b: Armarouge|Endure|p2b: Armarouge\n|-singleturn|p2b: Armarouge|move: Endure\n|move|p1a: Dugtrio|Earthquake|p2a: Maushold|[spread] p2a,p2b\n|-immune|p1b: Dragonite\n|-supereffective|p2b: Armarouge\n|-damage|p2a: Maushold|59\/100\n|-damage|p2b: Armarouge|56\/100\n|-ability|p2b: Armarouge|Weak Armor|boost\n|-unboost|p2b: Armarouge|def|1\n|-boost|p2b: Armarouge|spe|2\n|-enditem|p2b: Armarouge|Weakness Policy\n|-boost|p2b: Armarouge|atk|2|[from] item: Weakness Policy\n|-boost|p2b: Armarouge|spa|2|[from] item: Weakness Policy\n|move|p2a: Maushold|Beat Up|p1a: Dugtrio\n|-damage|p1a: Dugtrio|92\/100\n|-damage|p1a: Dugtrio|85\/100\n|-damage|p1a: Dugtrio|78\/100\n|-damage|p1a: Dugtrio|67\/100\n|-hitcount|p1a: Dugtrio|4\n|move|p1b: Dragonite|Tera Blast|p2a: Maushold|[anim] Tera Blast Flying\n|-damage|p2a: Maushold|0 fnt\n|faint|p2a: Maushold\n|\n|upkeep\n|\n|t:|1731937910\n|switch|p2a: Indeedee|Indeedee-F, L50, F|100\/100\n|-fieldstart|move: Psychic Terrain|[from] ability: Psychic Surge|[of] p2a: Indeedee\n|-enditem|p2a: Indeedee|Psychic Seed\n|-boost|p2a: Indeedee|spd|1|[from] item: Psychic Seed\n|turn|2\n|j| Winieska Rambulera\n|\n|t:|1731937925\n|move|p1b: Dragonite|Protect|p1b: Dragonite\n|-singleturn|p1b: Dragonite|Protect\n|move|p2a: Indeedee|Follow Me|p2a: Indeedee\n|-singleturn|p2a: Indeedee|move: Follow Me\n|move|p2b: Armarouge|Expanding Force|p1b: Dragonite|[spread] p1a\n|-activate|p1b: Dragonite|move: Protect\n|-damage|p1a: Dugtrio|0 fnt\n|faint|p1a: Dugtrio\n|\n|upkeep\n|\n|t:|1731937928\n|switch|p1a: Incineroar|Incineroar, L50, M|100\/100\n|-ability|p1a: Incineroar|Intimidate|boost\n|-unboost|p2a: Indeedee|atk|1\n|-unboost|p2b: Armarouge|atk|1\n|turn|3\n|\n|t:|1731937943\n|move|p2a: Indeedee|Follow Me|p2a: Indeedee\n|-singleturn|p2a: Indeedee|move: Follow Me\n|move|p2b: Armarouge|Stored Power|p1b: Dragonite\n|-damage|p1b: Dragonite|24\/100\n|move|p1b: Dragonite|Tera Blast|p2a: Indeedee|[anim] Tera Blast Flying\n|-damage|p2a: Indeedee|23\/100\n|move|p1a: Incineroar|Knock Off|p2a: Indeedee\n|-supereffective|p2a: Indeedee\n|-crit|p2a: Indeedee\n|-damage|p2a: Indeedee|0 fnt\n|faint|p2a: Indeedee\n|\n|upkeep\n|\n|t:|1731937950\n|switch|p2a: Dragonite|Dragonite, L50, M|100\/100\n|turn|4\n|j| Roberfly\n|\n|t:|1731937968\n|move|p2b: Armarouge|Endure|p2b: Armarouge\n|-singleturn|p2b: Armarouge|move: Endure\n|move|p1b: Dragonite|Protect|p1b: Dragonite\n|-singleturn|p1b: Dragonite|Protect\n|move|p2a: Dragonite|Scale Shot|p1a: Incineroar\n|-damage|p1a: Incineroar|90\/100\n|-damage|p1a: Incineroar|77\/100\n|-damage|p1a: Incineroar|66\/100\n|-damage|p1a: Incineroar|54\/100\n|-hitcount|p1a: Incineroar|4\n|-unboost|p2a: Dragonite|def|1\n|-boost|p2a: Dragonite|spe|1\n|move|p1a: Incineroar|Parting Shot|p2a: Dragonite\n|-unboost|p2a: Dragonite|atk|1\n|-unboost|p2a: Dragonite|spa|1\n|\n|t:|1731937976\n|switch|p1a: Rotom|Rotom-Heat, L50|100\/100|[from] Parting Shot\n|\n|upkeep\n|turn|5\n|\n|t:|1731937993\n|switch|p1b: Incineroar|Incineroar, L50, M|54\/100\n|-ability|p1b: Incineroar|Intimidate|boost\n|-fail|p2a: Dragonite|unboost|Attack|[from] ability: Inner Focus|[of] p2a: Dragonite\n|-unboost|p2b: Armarouge|atk|1\n|move|p2b: Armarouge|Expanding Force|p1b: Incineroar|[spread] p1a\n|-immune|p1b: Incineroar\n|-damage|p1a: Rotom|0 fnt\n|faint|p1a: Rotom\n|move|p2a: Dragonite|Scale Shot|p1b: Incineroar\n|-damage|p1b: Incineroar|46\/100\n|-enditem|p1b: Incineroar|Sitrus Berry|[eat]\n|-heal|p1b: Incineroar|71\/100|[from] item: Sitrus Berry\n|-damage|p1b: Incineroar|62\/100\n|-damage|p1b: Incineroar|53\/100\n|-damage|p1b: Incineroar|44\/100\n|-hitcount|p1b: Incineroar|4\n|-unboost|p2a: Dragonite|def|1\n|-boost|p2a: Dragonite|spe|1\n|\n|upkeep\n|\n|t:|1731938002\n|switch|p1a: Dragonite|Dragonite, L50, F, tera:Flying|24\/100\n|turn|6\n|j| CrotoFuel\n|l| CrotoFuel\n|\n|t:|1731938027\n|move|p2b: Armarouge|Endure|p2b: Armarouge\n|-singleturn|p2b: Armarouge|move: Endure\n|move|p1a: Dragonite|Protect|p1a: Dragonite\n|-singleturn|p1a: Dragonite|Protect\n|move|p2a: Dragonite|Scale Shot|p1b: Incineroar\n|-damage|p1b: Incineroar|35\/100\n|-damage|p1b: Incineroar|26\/100\n|-damage|p1b: Incineroar|17\/100\n|-damage|p1b: Incineroar|9\/100\n|-damage|p1b: Incineroar|1\/100\n|-hitcount|p1b: Incineroar|5\n|-unboost|p2a: Dragonite|def|1\n|-boost|p2a: Dragonite|spe|1\n|move|p1b: Incineroar|Knock Off|p2a: Dragonite\n|-damage|p2a: Dragonite|5\/100\n|-enditem|p2a: Dragonite|Loaded Dice|[from] move: Knock Off|[of] p1b: Incineroar\n|\n|-fieldend|move: Psychic Terrain\n|upkeep\n|turn|7\n|\n|t:|1731938054\n|move|p1a: Dragonite|Extreme Speed|p2b: Armarouge\n|-damage|p2b: Armarouge|13\/100\n|-ability|p2b: Armarouge|Weak Armor|boost\n|-unboost|p2b: Armarouge|def|1\n|-boost|p2b: Armarouge|spe|2\n|move|p2a: Dragonite|Scale Shot|p1a: Dragonite\n|-damage|p1a: Dragonite|14\/100\n|-damage|p1a: Dragonite|3\/100\n|-damage|p1a: Dragonite|0 fnt\n|faint|p1a: Dragonite\n|-hitcount|p1: Dragonite|3\n|-unboost|p2a: Dragonite|def|1\n|-boost|p2a: Dragonite|spe|1\n|move|p2b: Armarouge|Heat Wave|p1b: Incineroar\n|-resisted|p1b: Incineroar\n|-damage|p1b: Incineroar|0 fnt\n|faint|p1b: Incineroar\n|\n|win|VGCLTH Oinge\n|raw|DanielTail's rating: 1712 &rarr; <strong>1693<\/strong><br \/>(-19 for losing)\n|raw|VGCLTH Oinge's rating: 1722 &rarr; <strong>1741<\/strong><br \/>(+19 for winning)\n|l|\u2606DanielTail\n|player|p1|\n|l| Roberfly\n|l|\u2606VGCLTH Oinge\n|player|p2|\n","uploadtime":1731938307,"views":22,"formatid":"gen9vgc2024regh","rating":1693,"private":0,"password":null}