{"id":"gen9vgc2024regh-2246312299","format":"[Gen 9] VGC 2024 Reg H","players":["Zordor","taku4986726"],"log":"|j|\u2606Zordor\n|j|\u203dtaku4986726\n|t:|1731950029\n|gametype|doubles\n|player|p1|Zordor|pilot|1766\n|player|p2|taku4986726|pokekid|1842\n|teamsize|p1|6\n|teamsize|p2|6\n|gen|9\n|tier|[Gen 9] VGC 2024 Reg H\n|rated|\n|rule|Species Clause: Limit one of each Pok\u00e9mon\n|rule|Item Clause: Limit 1 of each item\n|clearpoke\n|poke|p1|Rotom-Wash, L50|\n|poke|p1|Sneasler, L50, M|\n|poke|p1|Armarouge, L50, F|\n|poke|p1|Venusaur, L50, F|\n|poke|p1|Scizor, L50, M|\n|poke|p1|Dragapult, L50, F|\n|poke|p2|Annihilape, L50, F|\n|poke|p2|Whimsicott, L50, F|\n|poke|p2|Gholdengo, L50|\n|poke|p2|Maushold-Four, L50|\n|poke|p2|Ursaluna-Bloodmoon, L50, M|\n|poke|p2|Incineroar, L50, M|\n|teampreview|4\n|\n|t:|1731950074\n|start\n|switch|p1a: Sneasler|Sneasler, L50, M|100\/100\n|switch|p1b: Rotom|Rotom-Wash, L50|100\/100\n|switch|p2a: Whimsicott|Whimsicott, L50, F, shiny|100\/100\n|switch|p2b: Gholdengo|Gholdengo, L50|100\/100\n|turn|1\n|\n|t:|1731950099\n|move|p1a: Sneasler|Dire Claw|p2a: Whimsicott\n|-supereffective|p2a: Whimsicott\n|-enditem|p2a: Whimsicott|Focus Sash\n|-damage|p2a: Whimsicott|1\/100\n|-status|p2a: Whimsicott|psn\n|move|p2a: Whimsicott|Moonblast|p1b: Rotom\n|-crit|p1b: Rotom\n|-damage|p1b: Rotom|37\/100\n|move|p1b: Rotom|Hydro Pump|p2b: Gholdengo\n|-damage|p2b: Gholdengo|51\/100\n|move|p2b: Gholdengo|Make It Rain|p1b: Rotom|[spread] p1a,p1b\n|-resisted|p1b: Rotom\n|-damage|p1a: Sneasler|2\/100\n|-damage|p1b: Rotom|18\/100\n|-unboost|p2b: Gholdengo|spa|1\n|\n|-damage|p2a: Whimsicott|0 fnt|[from] psn\n|faint|p2a: Whimsicott\n|upkeep\n|\n|t:|1731950134\n|switch|p2a: Ursaluna|Ursaluna-Bloodmoon, L50, M|100\/100\n|turn|2\n|\n|t:|1731950157\n|-terastallize|p2a: Ursaluna|Normal\n|move|p1a: Sneasler|Protect|p1a: Sneasler\n|-singleturn|p1a: Sneasler|Protect\n|move|p2a: Ursaluna|Vacuum Wave|p1a: Sneasler\n|-activate|p1a: Sneasler|move: Protect\n|move|p1b: Rotom|Hydro Pump|p2a: Ursaluna\n|-damage|p2a: Ursaluna|73\/100\n|move|p2b: Gholdengo|Make It Rain|p1b: Rotom|[spread] p1b\n|-activate|p1a: Sneasler|move: Protect\n|-resisted|p1b: Rotom\n|-damage|p1b: Rotom|6\/100\n|-unboost|p2b: Gholdengo|spa|1\n|\n|upkeep\n|turn|3\n|\n|t:|1731950181\n|move|p2a: Ursaluna|Vacuum Wave|p1a: Sneasler\n|-resisted|p1a: Sneasler\n|-damage|p1a: Sneasler|0 fnt\n|faint|p1a: Sneasler\n|move|p1b: Rotom|Electroweb|p2b: Gholdengo|[spread] p2a,p2b\n|-damage|p2a: Ursaluna|63\/100\n|-damage|p2b: Gholdengo|34\/100\n|-unboost|p2a: Ursaluna|spe|1\n|-unboost|p2b: Gholdengo|spe|1\n|move|p2b: Gholdengo|Make It Rain|p1b: Rotom\n|-resisted|p1b: Rotom\n|-crit|p1b: Rotom\n|-damage|p1b: Rotom|0 fnt\n|-unboost|p2b: Gholdengo|spa|1\n|faint|p1b: Rotom\n|\n|upkeep\n|\n|t:|1731950190\n|switch|p1a: Armarouge|Armarouge, L50, F|100\/100\n|switch|p1b: Dragapult|Dragapult, L50, F|100\/100\n|turn|4\n|j| GooglePay\n|\n|t:|1731950217\n|switch|p2b: Maushold|Maushold-Four, L50|100\/100\n|move|p1b: Dragapult|Dragon Darts|p2a: Ursaluna\n|-damage|p2a: Ursaluna|46\/100\n|-anim|p1b: Dragapult|Dragon Darts|p2b: Maushold\n|-damage|p2b: Maushold|64\/100\n|move|p1a: Armarouge|Meteor Beam||[still]\n|-prepare|p1a: Armarouge|Meteor Beam\n|-boost|p1a: Armarouge|spa|1\n|-enditem|p1a: Armarouge|Power Herb\n|-anim|p1a: Armarouge|Meteor Beam|p2a: Ursaluna\n|-damage|p2a: Ursaluna|6\/100\n|move|p2a: Ursaluna|Blood Moon|p1b: Dragapult\n|-damage|p1b: Dragapult|0 fnt\n|faint|p1b: Dragapult\n|\n|upkeep\n|turn|5\n|j| testingmoon7777\n|\n|t:|1731950239\n|move|p2b: Maushold|Population Bomb|p1a: Armarouge\n|-damage|p1a: Armarouge|89\/100\n|-damage|p1a: Armarouge|79\/100\n|-damage|p1a: Armarouge|69\/100\n|-damage|p1a: Armarouge|59\/100\n|-damage|p1a: Armarouge|47\/100\n|-damage|p1a: Armarouge|37\/100\n|-damage|p1a: Armarouge|26\/100\n|-damage|p1a: Armarouge|15\/100\n|-damage|p1a: Armarouge|3\/100\n|-damage|p1a: Armarouge|0 fnt\n|faint|p1a: Armarouge\n|-hitcount|p1: Armarouge|10\n|\n|win|taku4986726\n|raw|Zordor's rating: 1766 &rarr; <strong>1750<\/strong><br \/>(-16 for losing)\n|raw|taku4986726's rating: 1842 &rarr; <strong>1858<\/strong><br \/>(+16 for winning)\n|l|\u2606Zordor\n|player|p1|\n|l|\u203dtaku4986726\n|player|p2|\n","uploadtime":1731950476,"views":14,"formatid":"gen9vgc2024regh","rating":1750,"private":0,"password":null}