{"id":"gen9vgc2024regh-2246708106","format":"[Gen 9] VGC 2024 Reg H","players":["VGCLTH Oinge","matthaise"],"log":"|raw|<div class=\"broadcast-blue\"><strong>This battle is required to be public due to a player having a name starting with 'vgclth'.<\/div>\n|j|\u2606VGCLTH Oinge\n|j|\u2606matthaise\n|t:|1731997140\n|gametype|doubles\n|player|p1|VGCLTH Oinge|mars|1706\n|player|p2|matthaise|hilbert-wonderlauncher|1677\n|teamsize|p1|6\n|teamsize|p2|6\n|gen|9\n|tier|[Gen 9] VGC 2024 Reg H\n|rated|\n|rule|Species Clause: Limit one of each Pok\u00e9mon\n|rule|Item Clause: Limit 1 of each item\n|clearpoke\n|poke|p1|Armarouge, L50, F|\n|poke|p1|Maushold-Four, L50|\n|poke|p1|Indeedee-F, L50, F|\n|poke|p1|Gholdengo, L50|\n|poke|p1|Dragonite, L50, M|\n|poke|p1|Annihilape, L50, M|\n|poke|p2|Archaludon, L50, F|\n|poke|p2|Whimsicott, L50, M|\n|poke|p2|Dragonite, L50, M|\n|poke|p2|Volcarona, L50, F|\n|poke|p2|Rillaboom, L50, F|\n|poke|p2|Annihilape, L50, F|\n|teampreview|4\n|inactive|Battle timer is ON: inactive players will automatically lose when time's up. (requested by matthaise)\n|\n|t:|1731997179\n|start\n|switch|p1a: Maushold|Maushold-Four, L50|100\/100\n|switch|p1b: Armarouge|Armarouge, L50, F|100\/100\n|switch|p2a: Whimsicott|Whimsicott, L50, M|100\/100\n|switch|p2b: Annihilape|Annihilape, L50, F|100\/100\n|turn|1\n|\n|t:|1731997200\n|move|p2a: Whimsicott|Tailwind|p2a: Whimsicott\n|-sidestart|p2: matthaise|move: Tailwind\n|move|p2b: Annihilape|Final Gambit|p1b: Armarouge\n|-damage|p1b: Armarouge|0 fnt\n|faint|p2b: Annihilape\n|faint|p1b: Armarouge\n|move|p1a: Maushold|Beat Up|p1: Armarouge|[notarget]\n|-fail|p1a: Maushold\n|\n|upkeep\n|\n|t:|1731997209\n|switch|p2b: Archaludon|Archaludon, L50, F|100\/100\n|switch|p1b: Gholdengo|Gholdengo, L50|100\/100\n|turn|2\n|\n|t:|1731997220\n|-terastallize|p2b: Archaludon|Stellar\n|move|p1a: Maushold|Protect|p1a: Maushold\n|-singleturn|p1a: Maushold|Protect\n|move|p2a: Whimsicott|Moonblast|p1b: Gholdengo\n|-resisted|p1b: Gholdengo\n|-damage|p1b: Gholdengo|87\/100\n|move|p2b: Archaludon|Electro Shot||[still]\n|-prepare|p2b: Archaludon|Electro Shot\n|-boost|p2b: Archaludon|spa|1\n|-enditem|p2b: Archaludon|Power Herb\n|-anim|p2b: Archaludon|Electro Shot|p1b: Gholdengo\n|-damage|p1b: Gholdengo|18\/100\n|move|p1b: Gholdengo|Nasty Plot|p1b: Gholdengo\n|-boost|p1b: Gholdengo|spa|2\n|\n|-heal|p1b: Gholdengo|24\/100|[from] item: Leftovers\n|upkeep\n|turn|3\n|\n|t:|1731997243\n|move|p1a: Maushold|Follow Me|p1a: Maushold\n|-singleturn|p1a: Maushold|move: Follow Me\n|move|p2a: Whimsicott|Moonblast|p1a: Maushold\n|-damage|p1a: Maushold|52\/100\n|move|p2b: Archaludon|Flash Cannon|p1a: Maushold\n|-damage|p1a: Maushold|0 fnt\n|faint|p1a: Maushold\n|move|p1b: Gholdengo|Shadow Ball|p2b: Archaludon\n|-ability|p2b: Archaludon|Sturdy\n|-damage|p2b: Archaludon|1\/100\n|-unboost|p2b: Archaludon|spd|1\n|\n|-heal|p1b: Gholdengo|29\/100|[from] item: Leftovers\n|upkeep\n|\n|t:|1731997252\n|switch|p1a: Indeedee|Indeedee-F, L50, F|100\/100\n|-fieldstart|move: Psychic Terrain|[from] ability: Psychic Surge|[of] p1a: Indeedee\n|-enditem|p1a: Indeedee|Psychic Seed\n|-boost|p1a: Indeedee|spd|1|[from] item: Psychic Seed\n|turn|4\n|\n|t:|1731997280\n|move|p1b: Gholdengo|Protect|p1b: Gholdengo\n|-singleturn|p1b: Gholdengo|Protect\n|move|p2a: Whimsicott|Moonblast|p1b: Gholdengo\n|-activate|p1b: Gholdengo|move: Protect\n|move|p2b: Archaludon|Draco Meteor|p1a: Indeedee\n|-damage|p1a: Indeedee|2\/100\n|-unboost|p2b: Archaludon|spa|2\n|move|p1a: Indeedee|Trick Room|p1a: Indeedee\n|-fieldstart|move: Trick Room|[of] p1a: Indeedee\n|\n|-heal|p1b: Gholdengo|35\/100|[from] item: Leftovers\n|-sideend|p2: matthaise|move: Tailwind\n|upkeep\n|turn|5\n|\n|t:|1731997295\n|move|p2b: Archaludon|Protect|p2b: Archaludon\n|-singleturn|p2b: Archaludon|Protect\n|move|p1a: Indeedee|Psyshock|p2b: Archaludon\n|-activate|p2b: Archaludon|move: Protect\n|move|p1b: Gholdengo|Make It Rain|p2a: Whimsicott|[spread] p2a\n|-activate|p2b: Archaludon|move: Protect\n|-supereffective|p2a: Whimsicott\n|-enditem|p2a: Whimsicott|Focus Sash\n|-damage|p2a: Whimsicott|1\/100\n|-unboost|p1b: Gholdengo|spa|1\n|move|p2a: Whimsicott|Moonblast|p1a: Indeedee\n|-damage|p1a: Indeedee|0 fnt\n|faint|p1a: Indeedee\n|\n|-heal|p1b: Gholdengo|41\/100|[from] item: Leftovers\n|upkeep\n|turn|6\n|\n|t:|1731997310\n|move|p1b: Gholdengo|Make It Rain|p2b: Archaludon|[spread] p2a,p2b\n|-supereffective|p2a: Whimsicott\n|-resisted|p2b: Archaludon\n|-crit|p2b: Archaludon\n|-damage|p2a: Whimsicott|0 fnt\n|-damage|p2b: Archaludon|0 fnt\n|-unboost|p1b: Gholdengo|spa|1\n|faint|p2a: Whimsicott\n|faint|p2b: Archaludon\n|\n|-heal|p1b: Gholdengo|47\/100|[from] item: Leftovers\n|upkeep\n|\n|t:|1731997315\n|switch|p2b: Dragonite|Dragonite, L50, M|100\/100\n|turn|7\n|\n|t:|1731997328\n|move|p1b: Gholdengo|Protect|p1b: Gholdengo\n|-singleturn|p1b: Gholdengo|Protect\n|move|p2b: Dragonite|Scale Shot|p1b: Gholdengo\n|-activate|p1b: Gholdengo|move: Protect\n|\n|-heal|p1b: Gholdengo|53\/100|[from] item: Leftovers\n|upkeep\n|turn|8\n|\n|t:|1731997342\n|move|p2b: Dragonite|Protect|p2b: Dragonite\n|-singleturn|p2b: Dragonite|Protect\n|move|p1b: Gholdengo|Shadow Ball|p2b: Dragonite\n|-activate|p2b: Dragonite|move: Protect\n|\n|-heal|p1b: Gholdengo|58\/100|[from] item: Leftovers\n|-fieldend|move: Trick Room\n|-fieldend|move: Psychic Terrain\n|upkeep\n|turn|9\n|\n|t:|1731997348\n|move|p1b: Gholdengo|Shadow Ball|p2b: Dragonite\n|-damage|p2b: Dragonite|78\/100\n|move|p2b: Dragonite|Scale Shot|p1b: Gholdengo\n|-resisted|p1b: Gholdengo\n|-damage|p1b: Gholdengo|51\/100\n|-resisted|p1b: Gholdengo\n|-damage|p1b: Gholdengo|44\/100\n|-resisted|p1b: Gholdengo\n|-damage|p1b: Gholdengo|36\/100\n|-resisted|p1b: Gholdengo\n|-damage|p1b: Gholdengo|29\/100\n|-resisted|p1b: Gholdengo\n|-damage|p1b: Gholdengo|22\/100\n|-hitcount|p1b: Gholdengo|5\n|-unboost|p2b: Dragonite|def|1\n|-boost|p2b: Dragonite|spe|1\n|\n|-heal|p1b: Gholdengo|27\/100|[from] item: Leftovers\n|upkeep\n|turn|10\n|\n|t:|1731997360\n|move|p1b: Gholdengo|Protect|p1b: Gholdengo\n|-singleturn|p1b: Gholdengo|Protect\n|move|p2b: Dragonite|Scale Shot|p1b: Gholdengo\n|-activate|p1b: Gholdengo|move: Protect\n|\n|-heal|p1b: Gholdengo|33\/100|[from] item: Leftovers\n|upkeep\n|turn|11\n|\n|t:|1731997368\n|move|p2b: Dragonite|Scale Shot|p1b: Gholdengo\n|-resisted|p1b: Gholdengo\n|-damage|p1b: Gholdengo|26\/100\n|-resisted|p1b: Gholdengo\n|-damage|p1b: Gholdengo|19\/100\n|-resisted|p1b: Gholdengo\n|-damage|p1b: Gholdengo|13\/100\n|-resisted|p1b: Gholdengo\n|-damage|p1b: Gholdengo|6\/100\n|-hitcount|p1b: Gholdengo|4\n|-unboost|p2b: Dragonite|def|1\n|-boost|p2b: Dragonite|spe|1\n|move|p1b: Gholdengo|Make It Rain|p2b: Dragonite\n|-damage|p2b: Dragonite|17\/100\n|-unboost|p1b: Gholdengo|spa|1\n|\n|-heal|p1b: Gholdengo|12\/100|[from] item: Leftovers\n|upkeep\n|turn|12\n|\n|t:|1731997379\n|move|p2b: Dragonite|Scale Shot|p1b: Gholdengo\n|-resisted|p1b: Gholdengo\n|-damage|p1b: Gholdengo|5\/100\n|-resisted|p1b: Gholdengo\n|-damage|p1b: Gholdengo|0 fnt\n|faint|p1b: Gholdengo\n|-hitcount|p1: Gholdengo|2\n|\n|win|matthaise\n|raw|VGCLTH Oinge's rating: 1706 &rarr; <strong>1684<\/strong><br \/>(-22 for losing)\n|raw|matthaise's rating: 1677 &rarr; <strong>1699<\/strong><br \/>(+22 for winning)\n|l|\u2606VGCLTH Oinge\n|player|p1|\n|l|\u2606matthaise\n|player|p2|\n","uploadtime":1731997555,"views":36,"formatid":"gen9vgc2024regh","rating":1684,"private":0,"password":null}