{"id":"gen9vgc2024regh-2246955047","format":"[Gen 9] VGC 2024 Reg H","players":["SubToPenglin","VGCNEOPHYTE"],"log":"|j|\u2606SubToPenglin\n|j|\u2606VGCNEOPHYTE\n|t:|1732032555\n|gametype|doubles\n|player|p1|SubToPenglin|lady|1711\n|player|p2|VGCNEOPHYTE|chuck|1641\n|teamsize|p1|6\n|teamsize|p2|6\n|gen|9\n|tier|[Gen 9] VGC 2024 Reg H\n|rated|\n|rule|Species Clause: Limit one of each Pok\u00e9mon\n|rule|Item Clause: Limit 1 of each item\n|clearpoke\n|poke|p1|Primarina, L50, F|\n|poke|p1|Sylveon, L50, M|\n|poke|p1|Indeedee, L50, M|\n|poke|p1|Meowscarada, L50, F|\n|poke|p1|Sneasler, L50, F|\n|poke|p1|Decidueye-Hisui, L50, M|\n|poke|p2|Magmar, L50, F|\n|poke|p2|Baxcalibur, L50, F|\n|poke|p2|Rillaboom, L50, M|\n|poke|p2|Sneasler, L50, F|\n|poke|p2|Kingambit, L50, M|\n|poke|p2|Dondozo, L50, M|\n|teampreview|4\n|inactive|Battle timer is ON: inactive players will automatically lose when time's up. (requested by VGCNEOPHYTE)\n|inactive|SubToPenglin also wants the timer to be on.\n|inactive|VGCNEOPHYTE has 60 seconds left.\n|\n|t:|1732032600\n|start\n|switch|p1a: Primarina|Primarina, L50, F, shiny|100\/100\n|switch|p1b: Meowscarada|Meowscarada, L50, F, shiny|100\/100\n|switch|p2a: Baxcalibur|Baxcalibur, L50, F|100\/100\n|switch|p2b: Rillaboom|Rillaboom, L50, M|100\/100\n|-fieldstart|move: Grassy Terrain|[from] ability: Grassy Surge|[of] p2b: Rillaboom\n|turn|1\n|\n|t:|1732032618\n|move|p1b: Meowscarada|Protect|p1b: Meowscarada\n|-singleturn|p1b: Meowscarada|Protect\n|move|p1a: Primarina|Protect|p1a: Primarina\n|-singleturn|p1a: Primarina|Protect\n|move|p2b: Rillaboom|Fake Out|p1a: Primarina\n|-activate|p1a: Primarina|move: Protect\n|move|p2a: Baxcalibur|Scale Shot|p1b: Meowscarada\n|-activate|p1b: Meowscarada|move: Protect\n|\n|upkeep\n|turn|2\n|\n|t:|1732032633\n|-terastallize|p1a: Primarina|Steel\n|move|p2b: Rillaboom|Grassy Glide|p1a: Primarina\n|-resisted|p1a: Primarina\n|-damage|p1a: Primarina|79\/100\n|move|p1b: Meowscarada|Grass Pledge|p2b: Rillaboom\n|-waiting|p1b: Meowscarada|p1a: Primarina\n|move|p1a: Primarina|Water Pledge|p2b: Rillaboom|[from]move: Grass Pledge\n|-combine\n|-resisted|p2b: Rillaboom\n|-damage|p2b: Rillaboom|50\/100\n|-sidestart|p2: VGCNEOPHYTE|Grass Pledge\n|-damage|p1a: Primarina|70\/100|[from] item: Life Orb\n|move|p2a: Baxcalibur|Icicle Spear|p1b: Meowscarada\n|-supereffective|p1b: Meowscarada\n|-crit|p1b: Meowscarada\n|-damage|p1b: Meowscarada|24\/100\n|-supereffective|p1b: Meowscarada\n|-damage|p1b: Meowscarada|0 fnt\n|faint|p1b: Meowscarada\n|-hitcount|p1: Meowscarada|2\n|\n|-heal|p1a: Primarina|76\/100|[from] Grassy Terrain\n|-heal|p2b: Rillaboom|56\/100|[from] Grassy Terrain\n|upkeep\n|\n|t:|1732032642\n|switch|p1b: Sylveon|Sylveon, L50, M|100\/100\n|turn|3\n|\n|t:|1732032664\n|switch|p2a: Magmar|Magmar, L50, F|100\/100\n|move|p1a: Primarina|Hyper Voice|p2a: Magmar|[spread] p2a,p2b\n|-supereffective|p2a: Magmar\n|-crit|p2a: Magmar\n|-resisted|p2b: Rillaboom\n|-damage|p2a: Magmar|0 fnt\n|-damage|p2b: Rillaboom|39\/100\n|faint|p2a: Magmar\n|-damage|p1a: Primarina|66\/100|[from] item: Life Orb\n|move|p1b: Sylveon|Hyper Voice|p2b: Rillaboom\n|-damage|p2b: Rillaboom|0 fnt\n|faint|p2b: Rillaboom\n|\n|-heal|p1a: Primarina|72\/100|[from] Grassy Terrain\n|upkeep\n|\n|t:|1732032677\n|switch|p2a: Sneasler|Sneasler, L50, F|100\/100\n|switch|p2b: Baxcalibur|Baxcalibur, L50, F|100\/100\n|turn|4\n|\n|t:|1732032682\n|move|p2a: Sneasler|Protect|p2a: Sneasler\n|-singleturn|p2a: Sneasler|Protect\n|move|p2b: Baxcalibur|Protect|p2b: Baxcalibur\n|-singleturn|p2b: Baxcalibur|Protect\n|move|p1a: Primarina|Hyper Voice|p2b: Baxcalibur|[spread] \n|-activate|p2a: Sneasler|move: Protect\n|-activate|p2b: Baxcalibur|move: Protect\n|move|p1b: Sylveon|Hyper Voice|p2a: Sneasler|[spread] \n|-activate|p2a: Sneasler|move: Protect\n|-activate|p2b: Baxcalibur|move: Protect\n|\n|-heal|p1a: Primarina|78\/100|[from] Grassy Terrain\n|upkeep\n|turn|5\n|\n|t:|1732032696\n|move|p2a: Sneasler|Protect|p2a: Sneasler\n|-singleturn|p2a: Sneasler|Protect\n|move|p2b: Baxcalibur|Protect|p2b: Baxcalibur\n|-singleturn|p2b: Baxcalibur|Protect\n|move|p1a: Primarina|Hyper Voice|p2a: Sneasler|[spread] \n|-activate|p2a: Sneasler|move: Protect\n|-activate|p2b: Baxcalibur|move: Protect\n|move|p1b: Sylveon|Hyper Voice|p2a: Sneasler|[spread] \n|-activate|p2a: Sneasler|move: Protect\n|-activate|p2b: Baxcalibur|move: Protect\n|\n|-heal|p1a: Primarina|84\/100|[from] Grassy Terrain\n|-sideend|p2: VGCNEOPHYTE|Grass Pledge\n|-fieldend|move: Grassy Terrain\n|upkeep\n|turn|6\n|c|\u2606SubToPenglin|bruhhhhhhhhhhhhhhh\n|j| 510iluo\n|\n|t:|1732032717\n|-terastallize|p2b: Baxcalibur|Ghost\n|move|p2a: Sneasler|Dire Claw|p1b: Sylveon\n|-supereffective|p1b: Sylveon\n|-damage|p1b: Sylveon|0 fnt\n|faint|p1b: Sylveon\n|move|p2b: Baxcalibur|Icicle Spear|p1a: Primarina\n|-resisted|p1a: Primarina\n|-damage|p1a: Primarina|74\/100\n|-resisted|p1a: Primarina\n|-damage|p1a: Primarina|64\/100\n|-resisted|p1a: Primarina\n|-damage|p1a: Primarina|54\/100\n|-resisted|p1a: Primarina\n|-damage|p1a: Primarina|45\/100\n|-resisted|p1a: Primarina\n|-damage|p1a: Primarina|35\/100\n|-hitcount|p1a: Primarina|5\n|move|p1a: Primarina|Moonblast|p2b: Baxcalibur\n|-damage|p2b: Baxcalibur|27\/100\n|-damage|p1a: Primarina|25\/100|[from] item: Life Orb\n|\n|upkeep\n|\n|t:|1732032724\n|switch|p1b: Indeedee|Indeedee, L50, M, shiny|100\/100\n|-fieldstart|move: Psychic Terrain|[from] ability: Psychic Surge|[of] p1b: Indeedee\n|turn|7\n|\n|t:|1732032743\n|move|p2a: Sneasler|Close Combat|p1a: Primarina\n|-supereffective|p1a: Primarina\n|-damage|p1a: Primarina|0 fnt\n|-unboost|p2a: Sneasler|def|1\n|-unboost|p2a: Sneasler|spd|1\n|faint|p1a: Primarina\n|move|p2b: Baxcalibur|Icicle Spear|p1b: Indeedee\n|-damage|p1b: Indeedee|79\/100\n|-damage|p1b: Indeedee|55\/100\n|-damage|p1b: Indeedee|32\/100\n|-damage|p1b: Indeedee|8\/100\n|-hitcount|p1b: Indeedee|4\n|move|p1b: Indeedee|Expanding Force|p2a: Sneasler|[spread] p2a,p2b\n|-supereffective|p2a: Sneasler\n|-enditem|p2a: Sneasler|Focus Sash\n|-damage|p2a: Sneasler|1\/100\n|-damage|p2b: Baxcalibur|0 fnt\n|faint|p2b: Baxcalibur\n|\n|upkeep\n|turn|8\n|l| 510iluo\n|c|\u2606VGCNEOPHYTE|yeah that was actually ridiculous\n|\n|t:|1732032760\n|move|p2a: Sneasler|Close Combat|p1b: Indeedee\n|-damage|p1b: Indeedee|0 fnt\n|-unboost|p2a: Sneasler|def|1\n|-unboost|p2a: Sneasler|spd|1\n|faint|p1b: Indeedee\n|\n|win|VGCNEOPHYTE\n|raw|SubToPenglin's rating: 1734 &rarr; <strong>1709<\/strong><br \/>(-25 for losing)\n|raw|VGCNEOPHYTE's rating: 1641 &rarr; <strong>1666<\/strong><br \/>(+25 for winning)\n|l|\u2606VGCNEOPHYTE\n|player|p2|\n|l|\u2606SubToPenglin\n|player|p1|\n","uploadtime":1732032943,"views":23,"formatid":"gen9vgc2024regh","rating":1666,"private":0,"password":null}