{"id":"gen9vgc2024regh-2246739813","format":"[Gen 9] VGC 2024 Reg H","players":["taku4986726","winterbreak"],"log":"|j|\u2606taku4986726\n|j|\u2606winterbreak\n|t:|1732003368\n|gametype|doubles\n|player|p1|taku4986726|pokekid|1802\n|player|p2|winterbreak|lucas-gen4pt|1840\n|teamsize|p1|6\n|teamsize|p2|6\n|gen|9\n|tier|[Gen 9] VGC 2024 Reg H\n|rated|\n|rule|Species Clause: Limit one of each Pok\u00e9mon\n|rule|Item Clause: Limit 1 of each item\n|clearpoke\n|poke|p1|Annihilape, L50, F|\n|poke|p1|Whimsicott, L50, F|\n|poke|p1|Gholdengo, L50|\n|poke|p1|Maushold-Four, L50|\n|poke|p1|Ursaluna-Bloodmoon, L50, M|\n|poke|p1|Incineroar, L50, M|\n|poke|p2|Pelipper, L50, M|\n|poke|p2|Archaludon, L50, M|\n|poke|p2|Incineroar, L50, M|\n|poke|p2|Ursaluna-Bloodmoon, L50, M|\n|poke|p2|Annihilape, L50, M|\n|poke|p2|Gholdengo, L50|\n|teampreview|4\n|\n|t:|1732003451\n|start\n|switch|p1a: Annihilape|Annihilape, L50, F|100\/100\n|switch|p1b: Gholdengo|Gholdengo, L50|100\/100\n|switch|p2a: Pelipper|Pelipper, L50, M|100\/100\n|switch|p2b: Ursaluna|Ursaluna-Bloodmoon, L50, M|100\/100\n|-weather|RainDance|[from] ability: Drizzle|[of] p2a: Pelipper\n|turn|1\n|\n|t:|1732003478\n|move|p2b: Ursaluna|Protect|p2b: Ursaluna\n|-singleturn|p2b: Ursaluna|Protect\n|move|p2a: Pelipper|Hurricane|p1a: Annihilape\n|-supereffective|p1a: Annihilape\n|-damage|p1a: Annihilape|10\/100\n|-start|p1a: Annihilape|confusion\n|-activate|p1a: Annihilape|confusion\n|-damage|p1a: Annihilape|0 fnt|[from] confusion\n|faint|p1a: Annihilape\n|move|p1b: Gholdengo|Shadow Ball|p2a: Pelipper\n|-damage|p2a: Pelipper|0 fnt\n|faint|p2a: Pelipper\n|\n|-weather|RainDance|[upkeep]\n|upkeep\n|\n|t:|1732003507\n|switch|p1a: Ursaluna|Ursaluna-Bloodmoon, L50, M|100\/100\n|switch|p2a: Gholdengo|Gholdengo, L50|100\/100\n|turn|2\n|\n|t:|1732003541\n|-terastallize|p1b: Gholdengo|Steel\n|-terastallize|p2b: Ursaluna|Normal\n|move|p2a: Gholdengo|Shadow Ball|p1b: Gholdengo\n|-damage|p1b: Gholdengo|28\/100\n|-unboost|p1b: Gholdengo|spd|1\n|move|p1b: Gholdengo|Shadow Ball|p2a: Gholdengo\n|-supereffective|p2a: Gholdengo\n|-crit|p2a: Gholdengo\n|-damage|p2a: Gholdengo|0 fnt\n|faint|p2a: Gholdengo\n|move|p2b: Ursaluna|Blood Moon|p1a: Ursaluna\n|-damage|p1a: Ursaluna|19\/100\n|move|p1a: Ursaluna|Hyper Voice|p2b: Ursaluna\n|-damage|p2b: Ursaluna|35\/100\n|\n|-weather|RainDance|[upkeep]\n|upkeep\n|j| Xunyicaoawa\n|j| Mixam91\n|\n|t:|1732003559\n|switch|p2a: Archaludon|Archaludon, L50, M|100\/100\n|turn|3\n|\n|t:|1732003586\n|switch|p1a: Whimsicott|Whimsicott, L50, F, shiny|100\/100\n|move|p2b: Ursaluna|Vacuum Wave|p1b: Gholdengo\n|-supereffective|p1b: Gholdengo\n|-damage|p1b: Gholdengo|0 fnt\n|faint|p1b: Gholdengo\n|move|p2a: Archaludon|Flash Cannon|p1a: Whimsicott\n|-supereffective|p1a: Whimsicott\n|-enditem|p1a: Whimsicott|Focus Sash\n|-damage|p1a: Whimsicott|1\/100\n|\n|-weather|RainDance|[upkeep]\n|upkeep\n|\n|t:|1732003594\n|switch|p1b: Ursaluna|Ursaluna-Bloodmoon, L50, M|19\/100\n|turn|4\n|\n|t:|1732003637\n|move|p1a: Whimsicott|Tailwind|p1a: Whimsicott\n|-sidestart|p1: taku4986726|move: Tailwind\n|move|p1b: Ursaluna|Vacuum Wave|p2b: Ursaluna\n|-supereffective|p2b: Ursaluna\n|-damage|p2b: Ursaluna|0 fnt\n|faint|p2b: Ursaluna\n|move|p2a: Archaludon|Flash Cannon|p1b: Ursaluna\n|-damage|p1b: Ursaluna|0 fnt\n|faint|p1b: Ursaluna\n|\n|-weather|RainDance|[upkeep]\n|upkeep\n|turn|5\n|\n|t:|1732003674\n|move|p1a: Whimsicott|Moonblast|p2a: Archaludon\n|-damage|p2a: Archaludon|74\/100\n|-ability|p2a: Archaludon|Stamina|boost\n|-boost|p2a: Archaludon|def|1\n|move|p2a: Archaludon|Flash Cannon|p1a: Whimsicott\n|-supereffective|p1a: Whimsicott\n|-damage|p1a: Whimsicott|0 fnt\n|faint|p1a: Whimsicott\n|\n|win|winterbreak\n|raw|taku4986726's rating: 1802 &rarr; <strong>1784<\/strong><br \/>(-18 for losing)\n|raw|winterbreak's rating: 1840 &rarr; <strong>1858<\/strong><br \/>(+18 for winning)\n|l| Mixam91\n|l|\u2606winterbreak\n|player|p2|\n|l|\u2606taku4986726\n|player|p1|\n|l| Xunyicaoawa\n","uploadtime":1732003896,"views":65,"formatid":"gen9vgc2024regh","rating":1784,"private":0,"password":null}