{"id":"gen9vgc2024regh-2246278901","format":"[Gen 9] VGC 2024 Reg H","players":["VGCLTH Oinge","trevanator"],"log":"|raw|<div class=\"broadcast-blue\"><strong>This battle is required to be public due to a player having a name starting with 'vgclth'.<\/div>\n|j|\u2606VGCLTH Oinge\n|j|\u2606trevanator\n|t:|1731946759\n|gametype|doubles\n|player|p1|VGCLTH Oinge|mars|1773\n|player|p2|trevanator|266|1946\n|teamsize|p1|6\n|teamsize|p2|6\n|gen|9\n|tier|[Gen 9] VGC 2024 Reg H\n|rated|\n|rule|Species Clause: Limit one of each Pok\u00e9mon\n|rule|Item Clause: Limit 1 of each item\n|clearpoke\n|poke|p1|Armarouge, L50, M|\n|poke|p1|Maushold-Four, L50|\n|poke|p1|Indeedee-F, L50, F|\n|poke|p1|Rillaboom, L50, M|\n|poke|p1|Gholdengo, L50|\n|poke|p1|Dragonite, L50, F|\n|poke|p2|Politoed, L50, F|\n|poke|p2|Gothitelle, L50, M|\n|poke|p2|Incineroar, L50, M|\n|poke|p2|Amoonguss, L50, F|\n|poke|p2|Kingdra, L50, F|\n|poke|p2|Archaludon, L50, F|\n|teampreview|4\n|\n|t:|1731946798\n|start\n|switch|p1a: Maushold|Maushold-Four, L50|100\/100\n|switch|p1b: Armarouge|Armarouge, L50, M|100\/100\n|switch|p2a: Kingdra|Kingdra, L50, F|100\/100\n|switch|p2b: Incineroar|Incineroar, L50, M|100\/100\n|-ability|p2b: Incineroar|Intimidate|boost\n|-unboost|p1a: Maushold|atk|1\n|-unboost|p1b: Armarouge|atk|1\n|turn|1\n|\n|t:|1731946830\n|switch|p2b: Politoed|Politoed, L50, F|100\/100\n|-weather|RainDance|[from] ability: Drizzle|[of] p2b: Politoed\n|move|p1b: Armarouge|Endure|p1b: Armarouge\n|-singleturn|p1b: Armarouge|move: Endure\n|move|p2a: Kingdra|Weather Ball|p1a: Maushold\n|-enditem|p1a: Maushold|Focus Sash\n|-damage|p1a: Maushold|1\/100\n|-damage|p2a: Kingdra|91\/100|[from] item: Life Orb\n|move|p1a: Maushold|Beat Up|p1b: Armarouge\n|-supereffective|p1b: Armarouge\n|-damage|p1b: Armarouge|97\/100\n|-ability|p1b: Armarouge|Weak Armor|boost\n|-unboost|p1b: Armarouge|def|1\n|-boost|p1b: Armarouge|spe|2\n|-enditem|p1b: Armarouge|Weakness Policy\n|-boost|p1b: Armarouge|atk|2|[from] item: Weakness Policy\n|-boost|p1b: Armarouge|spa|2|[from] item: Weakness Policy\n|-supereffective|p1b: Armarouge\n|-damage|p1b: Armarouge|94\/100\n|-ability|p1b: Armarouge|Weak Armor|boost\n|-unboost|p1b: Armarouge|def|1\n|-boost|p1b: Armarouge|spe|2\n|-supereffective|p1b: Armarouge\n|-damage|p1b: Armarouge|91\/100\n|-ability|p1b: Armarouge|Weak Armor|boost\n|-unboost|p1b: Armarouge|def|1\n|-boost|p1b: Armarouge|spe|2\n|-supereffective|p1b: Armarouge\n|-damage|p1b: Armarouge|85\/100\n|-ability|p1b: Armarouge|Weak Armor|boost\n|-unboost|p1b: Armarouge|def|1\n|-hitcount|p1b: Armarouge|4\n|\n|-weather|RainDance|[upkeep]\n|upkeep\n|turn|2\n|\n|t:|1731946884\n|switch|p2a: Gothitelle|Gothitelle, L50, M|100\/100\n|switch|p1a: Indeedee|Indeedee-F, L50, F|100\/100\n|-fieldstart|move: Psychic Terrain|[from] ability: Psychic Surge|[of] p1a: Indeedee\n|-enditem|p1a: Indeedee|Psychic Seed\n|-boost|p1a: Indeedee|spd|1|[from] item: Psychic Seed\n|move|p1b: Armarouge|Expanding Force|p2a: Gothitelle|[spread] p2a,p2b\n|-resisted|p2a: Gothitelle\n|-damage|p2a: Gothitelle|60\/100\n|-damage|p2b: Politoed|23\/100\n|move|p2b: Politoed|Perish Song|p2b: Politoed\n|-start|p1a: Indeedee|perish3|[silent]\n|-start|p1b: Armarouge|perish3|[silent]\n|-start|p2a: Gothitelle|perish3|[silent]\n|-start|p2b: Politoed|perish3|[silent]\n|-fieldactivate|move: Perish Song\n|\n|-weather|RainDance|[upkeep]\n|-heal|p2b: Politoed|29\/100|[from] item: Leftovers\n|-start|p1b: Armarouge|perish3\n|-start|p1a: Indeedee|perish3\n|-start|p2b: Politoed|perish3\n|-start|p2a: Gothitelle|perish3\n|upkeep\n|turn|3\n|\n|t:|1731946923\n|-terastallize|p1b: Armarouge|Psychic\n|move|p1a: Indeedee|Helping Hand|p1b: Armarouge\n|-singleturn|p1b: Armarouge|Helping Hand|[of] p1a: Indeedee\n|move|p2b: Politoed|Protect|p2b: Politoed\n|-singleturn|p2b: Politoed|Protect\n|move|p2a: Gothitelle|Protect|p2a: Gothitelle\n|-singleturn|p2a: Gothitelle|Protect\n|move|p1b: Armarouge|Expanding Force|p2b: Politoed|[spread] \n|-activate|p2a: Gothitelle|move: Protect\n|-activate|p2b: Politoed|move: Protect\n|\n|-weather|RainDance|[upkeep]\n|-heal|p2b: Politoed|35\/100|[from] item: Leftovers\n|-start|p1b: Armarouge|perish2\n|-start|p1a: Indeedee|perish2\n|-start|p2b: Politoed|perish2\n|-start|p2a: Gothitelle|perish2\n|upkeep\n|turn|4\n|\n|t:|1731946931\n|switch|p2b: Incineroar|Incineroar, L50, M|100\/100\n|-ability|p2b: Incineroar|Intimidate|boost\n|-unboost|p1a: Indeedee|atk|1\n|-unboost|p1b: Armarouge|atk|1\n|-terastallize|p2a: Gothitelle|Dark\n|move|p1a: Indeedee|Helping Hand|p1b: Armarouge\n|-singleturn|p1b: Armarouge|Helping Hand|[of] p1a: Indeedee\n|move|p1b: Armarouge|Expanding Force|p2b: Incineroar|[spread] \n|-immune|p2a: Gothitelle\n|-immune|p2b: Incineroar\n|move|p2a: Gothitelle|Trick Room|p2a: Gothitelle\n|-fieldstart|move: Trick Room|[of] p2a: Gothitelle\n|\n|-weather|RainDance|[upkeep]\n|-start|p2a: Gothitelle|perish1\n|-start|p1a: Indeedee|perish1\n|-start|p1b: Armarouge|perish1\n|upkeep\n|turn|5\n|\n|t:|1731946963\n|move|p1a: Indeedee|Follow Me|p1a: Indeedee\n|-singleturn|p1a: Indeedee|move: Follow Me\n|move|p2a: Gothitelle|Psychic|p1a: Indeedee\n|-resisted|p1a: Indeedee\n|-damage|p1a: Indeedee|88\/100\n|move|p2b: Incineroar|Knock Off|p1a: Indeedee\n|-supereffective|p1a: Indeedee\n|-damage|p1a: Indeedee|33\/100\n|move|p1b: Armarouge|Heat Wave|p2a: Gothitelle|[spread] p2a,p2b\n|-resisted|p2b: Incineroar\n|-damage|p2a: Gothitelle|34\/100\n|-damage|p2b: Incineroar|84\/100\n|-enditem|p2a: Gothitelle|Sitrus Berry|[eat]\n|-heal|p2a: Gothitelle|59\/100|[from] item: Sitrus Berry\n|\n|-weather|none\n|-start|p2a: Gothitelle|perish0\n|-start|p1a: Indeedee|perish0\n|-start|p1b: Armarouge|perish0\n|faint|p2a: Gothitelle\n|faint|p1a: Indeedee\n|faint|p1b: Armarouge\n|upkeep\n|\n|t:|1731946976\n|switch|p2a: Politoed|Politoed, L50, F|35\/100\n|switch|p1a: Maushold|Maushold-Four, L50|1\/100\n|switch|p1b: Gholdengo|Gholdengo, L50|100\/100\n|-weather|RainDance|[from] ability: Drizzle|[of] p2a: Politoed\n|turn|6\n|\n|t:|1731946988\n|move|p1b: Gholdengo|Protect|p1b: Gholdengo\n|-singleturn|p1b: Gholdengo|Protect\n|move|p1a: Maushold|Protect|p1a: Maushold\n|-singleturn|p1a: Maushold|Protect\n|move|p2b: Incineroar|Knock Off|p1b: Gholdengo\n|-activate|p1b: Gholdengo|move: Protect\n|move|p2a: Politoed|Weather Ball|p1b: Gholdengo\n|-activate|p1b: Gholdengo|move: Protect\n|\n|-weather|RainDance|[upkeep]\n|-heal|p2a: Politoed|41\/100|[from] item: Leftovers\n|-fieldend|move: Psychic Terrain\n|upkeep\n|turn|7\n|\n|t:|1731947008\n|move|p2b: Incineroar|Knock Off|p1a: Maushold\n|-damage|p1a: Maushold|0 fnt\n|faint|p1a: Maushold\n|move|p2a: Politoed|Weather Ball|p1b: Gholdengo\n|-damage|p1b: Gholdengo|54\/100\n|move|p1b: Gholdengo|Nasty Plot|p1b: Gholdengo\n|-boost|p1b: Gholdengo|spa|2\n|\n|-weather|RainDance|[upkeep]\n|-heal|p2a: Politoed|47\/100|[from] item: Leftovers\n|-heal|p1b: Gholdengo|60\/100|[from] item: Leftovers\n|upkeep\n|turn|8\n|j| Mando Norris\n|\n|t:|1731947025\n|switch|p2a: Kingdra|Kingdra, L50, F|91\/100\n|move|p2b: Incineroar|Knock Off|p1b: Gholdengo\n|-supereffective|p1b: Gholdengo\n|-damage|p1b: Gholdengo|0 fnt\n|-enditem|p1b: Gholdengo|Leftovers|[from] move: Knock Off|[of] p2b: Incineroar\n|faint|p1b: Gholdengo\n|\n|win|trevanator\n|raw|VGCLTH Oinge's rating: 1773 &rarr; <strong>1763<\/strong><br \/>(-10 for losing)\n|raw|trevanator's rating: 1963 &rarr; <strong>1973<\/strong><br \/>(+10 for winning)\n|l|\u2606VGCLTH Oinge\n|player|p1|\n|l| Mando Norris\n","uploadtime":1731947061,"views":124,"formatid":"gen9vgc2024regh","rating":1763,"private":0,"password":null}