{"id":"gen9vgc2024regh-2246346182","format":"[Gen 9] VGC 2024 Reg H","players":["Zyros Phade","bwahacough"],"log":"|j|\u2606Zyros Phade\n|j|\u2606bwahacough\n|t:|1731953289\n|gametype|doubles\n|player|p1|Zyros Phade|170|1728\n|player|p2|bwahacough|medium|1742\n|teamsize|p1|6\n|teamsize|p2|6\n|gen|9\n|tier|[Gen 9] VGC 2024 Reg H\n|rated|\n|rule|Species Clause: Limit one of each Pok\u00e9mon\n|rule|Item Clause: Limit 1 of each item\n|clearpoke\n|poke|p1|Archaludon, L50, F|\n|poke|p1|Porygon2, L50|\n|poke|p1|Amoonguss, L50, M|\n|poke|p1|Incineroar, L50, M|\n|poke|p1|Pelipper, L50, M|\n|poke|p1|Annihilape, L50, F|\n|poke|p2|Lycanroc, L50, F|\n|poke|p2|Tyranitar, L50, M|\n|poke|p2|Indeedee-F, L50, F|\n|poke|p2|Sneasler, L50, M|\n|poke|p2|Volcarona, L50, F|\n|poke|p2|Murkrow, L50, F|\n|teampreview|4\nbwahacough has agreed to open team sheets.\n|\n|t:|1731953322\n|start\n|switch|p1a: Incineroar|Incineroar, L50, M|100\/100\n|switch|p1b: Amoonguss|Amoonguss, L50, M|100\/100\n|switch|p2a: Tyranitar|Tyranitar, L50, M|100\/100\n|switch|p2b: Volcarona|Volcarona, L50, F|100\/100\n|-weather|Sandstorm|[from] ability: Sand Stream|[of] p2a: Tyranitar\n|-ability|p1a: Incineroar|Intimidate|boost\n|-fail|p2a: Tyranitar|unboost|[from] item: Clear Amulet|[of] p2a: Tyranitar\n|-unboost|p2b: Volcarona|atk|1\n|turn|1\n|\n|t:|1731953343\n|move|p2a: Tyranitar|Protect|p2a: Tyranitar\n|-singleturn|p2a: Tyranitar|Protect\n|move|p1a: Incineroar|Fake Out|p2b: Volcarona\n|-damage|p2b: Volcarona|86\/100\n|move|p2b: Volcarona|Quiver Dance|p2b: Volcarona\n|-boost|p2b: Volcarona|spa|1\n|-boost|p2b: Volcarona|spd|1\n|-boost|p2b: Volcarona|spe|1\n|move|p1b: Amoonguss|Spore|p2a: Tyranitar\n|-activate|p2a: Tyranitar|move: Protect\n|\n|-weather|Sandstorm|[upkeep]\n|-damage|p2b: Volcarona|80\/100|[from] Sandstorm\n|-damage|p1b: Amoonguss|95\/100|[from] Sandstorm\n|upkeep\n|turn|2\n|\n|t:|1731953348\n|move|p2b: Volcarona|Heat Wave|p1b: Amoonguss|[spread] p1a,p1b\n|-resisted|p1a: Incineroar\n|-crit|p1a: Incineroar\n|-supereffective|p1b: Amoonguss\n|-damage|p1a: Incineroar|57\/100\n|-damage|p1b: Amoonguss|0 fnt\n|faint|p1b: Amoonguss\n|move|p2a: Tyranitar|Rock Slide|p1a: Incineroar\n|-supereffective|p1a: Incineroar\n|-damage|p1a: Incineroar|0 fnt\n|faint|p1a: Incineroar\n|\n|-weather|Sandstorm|[upkeep]\n|-damage|p2b: Volcarona|74\/100|[from] Sandstorm\n|upkeep\n|\n|t:|1731953351\n|switch|p1a: Pelipper|Pelipper, L50, M|100\/100\n|switch|p1b: Archaludon|Archaludon, L50, F|100\/100\n|-weather|RainDance|[from] ability: Drizzle|[of] p1a: Pelipper\n|turn|3\n|\n|t:|1731953357\n|switch|p2a: Indeedee|Indeedee-F, L50, F, shiny|100\/100\n|-fieldstart|move: Psychic Terrain|[from] ability: Psychic Surge|[of] p2a: Indeedee\n|-terastallize|p2b: Volcarona|Grass\n|-terastallize|p1b: Archaludon|Electric\n|move|p2b: Volcarona|Giga Drain|p1a: Pelipper\n|-damage|p1a: Pelipper|0 fnt\n|-heal|p2b: Volcarona|100\/100|[from] drain|[of] p1a: Pelipper\n|faint|p1a: Pelipper\n|move|p1b: Archaludon|Electro Shot||[still]\n|-prepare|p1b: Archaludon|Electro Shot\n|-boost|p1b: Archaludon|spa|1\n|-anim|p1b: Archaludon|Electro Shot|p2b: Volcarona\n|-resisted|p2b: Volcarona\n|-damage|p2b: Volcarona|59\/100\n|-damage|p1b: Archaludon|91\/100|[from] item: Life Orb\n|\n|-weather|RainDance|[upkeep]\n|upkeep\n|turn|4\n|\n|t:|1731953368\n|switch|p2a: Tyranitar|Tyranitar, L50, M|100\/100\n|-weather|Sandstorm|[from] ability: Sand Stream|[of] p2a: Tyranitar\n|move|p2b: Volcarona|Quiver Dance|p2b: Volcarona\n|-boost|p2b: Volcarona|spa|1\n|-boost|p2b: Volcarona|spd|1\n|-boost|p2b: Volcarona|spe|1\n|move|p1b: Archaludon|Dragon Pulse|p2b: Volcarona\n|-damage|p2b: Volcarona|22\/100\n|-damage|p1b: Archaludon|82\/100|[from] item: Life Orb\n|\n|-weather|Sandstorm|[upkeep]\n|-damage|p2b: Volcarona|16\/100|[from] Sandstorm\n|-damage|p1b: Archaludon|76\/100|[from] Sandstorm\n|upkeep\n|turn|5\n|-message|Zyros Phade forfeited.\n|\n|win|bwahacough\n|raw|Zyros Phade's rating: 1728 &rarr; <strong>1709<\/strong><br \/>(-19 for losing)\n|raw|bwahacough's rating: 1742 &rarr; <strong>1761<\/strong><br \/>(+19 for winning)\n|l|\u2606Zyros Phade\n|player|p1|\n|l|\u2606bwahacough\n|player|p2|\n","uploadtime":1731953635,"views":34,"formatid":"gen9vgc2024regh","rating":1709,"private":0,"password":null}