{"id":"gen9vgc2024regh-2246664312","format":"[Gen 9] VGC 2024 Reg H","players":["DanielTail","VGCLTH Slow"],"log":"|raw|<div class=\"broadcast-blue\"><strong>This battle is required to be public due to a player having a name starting with 'vgclth'.<\/div>\n|j|\u2606DanielTail\n|j|\u2606VGCLTH Slow\n|t:|1731989743\n|gametype|doubles\n|player|p1|DanielTail|169|1704\n|player|p2|VGCLTH Slow|skier|1698\n|teamsize|p1|6\n|teamsize|p2|6\n|gen|9\n|tier|[Gen 9] VGC 2024 Reg H\n|rated|\n|rule|Species Clause: Limit one of each Pok\u00e9mon\n|rule|Item Clause: Limit 1 of each item\n|clearpoke\n|poke|p1|Dugtrio, L50, M|\n|poke|p1|Ninetales-Alola, L50, F|\n|poke|p1|Rotom-Heat, L50|\n|poke|p1|Incineroar, L50, M|\n|poke|p1|Kommo-o, L50, F|\n|poke|p1|Dragonite, L50, F|\n|poke|p2|Sableye, L50, F|\n|poke|p2|Sylveon, L50, M|\n|poke|p2|Maushold-Four, L50|\n|poke|p2|Volcarona, L50, M|\n|poke|p2|Rillaboom, L50, F|\n|poke|p2|Annihilape, L50, M|\n|teampreview|4\nVGCLTH Slow has agreed to open team sheets.\n|\n|t:|1731989806\n|start\n|switch|p1a: Dugtrio|Dugtrio, L50, M|100\/100\n|switch|p1b: Dragonite|Dragonite, L50, F|100\/100\n|switch|p2a: Snowblind|Sableye, L50, F|100\/100\n|switch|p2b: Old Yeller|Sylveon, L50, M, shiny|100\/100\n|turn|1\n|\n|t:|1731989817\n|-terastallize|p1b: Dragonite|Flying\n|move|p2a: Snowblind|Protect|p2a: Snowblind\n|-singleturn|p2a: Snowblind|Protect\n|move|p2b: Old Yeller|Protect|p2b: Old Yeller\n|-singleturn|p2b: Old Yeller|Protect\n|move|p1a: Dugtrio|Endeavor|p2b: Old Yeller\n|-activate|p2b: Old Yeller|move: Protect\n|move|p1b: Dragonite|Tera Blast|p2b: Old Yeller|[anim] Tera Blast Flying\n|-activate|p2b: Old Yeller|move: Protect\n|\n|upkeep\n|turn|2\n|\n|t:|1731989829\n|move|p2a: Snowblind|Disable|p1b: Dragonite\n|-start|p1b: Dragonite|Disable|Tera Blast\n|move|p1a: Dugtrio|Endeavor|p2b: Old Yeller\n|-damage|p2b: Old Yeller|55\/100\n|move|p1b: Dragonite|Encore|p2b: Old Yeller\n|-start|p2b: Old Yeller|Encore\n|move|p2b: Old Yeller|Protect||[still]\n|-fail|p2b: Old Yeller\n|\n|upkeep\n|turn|3\n|\n|t:|1731989852\n|move|p2b: Old Yeller|Protect|p2b: Old Yeller\n|-singleturn|p2b: Old Yeller|Protect\n|move|p2a: Snowblind|Disable|p1a: Dugtrio\n|-start|p1a: Dugtrio|Disable|Endeavor\n|move|p1a: Dugtrio|Earthquake|p2b: Old Yeller|[spread] p2a\n|-activate|p2b: Old Yeller|move: Protect\n|-immune|p1b: Dragonite\n|-damage|p2a: Snowblind|64\/100\n|move|p1b: Dragonite|Encore|p2a: Snowblind\n|-start|p2a: Snowblind|Encore\n|\n|upkeep\n|turn|4\n|\n|t:|1731989869\n|move|p2b: Old Yeller|Protect|p2b: Old Yeller\n|-singleturn|p2b: Old Yeller|Protect\n|move|p1b: Dragonite|Extreme Speed|p2b: Old Yeller\n|-activate|p2b: Old Yeller|move: Protect\n|move|p2a: Snowblind|Disable||[still]\n|-fail|p2a: Snowblind\n|move|p1a: Dugtrio|Earthquake|p2b: Old Yeller|[spread] p2a\n|-activate|p2b: Old Yeller|move: Protect\n|-immune|p1b: Dragonite\n|-damage|p2a: Snowblind|27\/100\n|-enditem|p2a: Snowblind|Sitrus Berry|[eat]\n|-heal|p2a: Snowblind|52\/100|[from] item: Sitrus Berry\n|\n|-end|p2b: Old Yeller|Encore\n|upkeep\n|turn|5\n|\n|t:|1731989881\n|move|p2b: Old Yeller|Protect||[still]\n|-fail|p2b: Old Yeller\n|move|p2a: Snowblind|Disable||[still]\n|-fail|p2a: Snowblind\n|move|p1a: Dugtrio|Earthquake|p2b: Old Yeller|[spread] p2a,p2b\n|-immune|p1b: Dragonite\n|-damage|p2a: Snowblind|15\/100\n|-damage|p2b: Old Yeller|16\/100\n|move|p1b: Dragonite|Encore|p2b: Old Yeller\n|-start|p2b: Old Yeller|Encore\n|\n|-end|p1b: Dragonite|Disable\n|upkeep\n|turn|6\n|\n|t:|1731989899\n|move|p2b: Old Yeller|Protect|p2b: Old Yeller\n|-singleturn|p2b: Old Yeller|Protect\n|move|p2a: Snowblind|Disable|p1b: Dragonite\n|-start|p1b: Dragonite|Disable|Encore\n|move|p1a: Dugtrio|Earthquake|p2a: Snowblind|[spread] p2a\n|-activate|p2b: Old Yeller|move: Protect\n|-immune|p1b: Dragonite\n|-damage|p2a: Snowblind|0 fnt\n|faint|p2a: Snowblind\n|move|p1b: Dragonite|Tera Blast|p2b: Old Yeller|[anim] Tera Blast Flying\n|-activate|p2b: Old Yeller|move: Protect\n|\n|-end|p1a: Dugtrio|Disable\n|upkeep\n|\n|t:|1731989903\n|switch|p2a: They\/Them|Maushold-Four, L50, shiny|100\/100\n|turn|7\n|\n|t:|1731989907\n|move|p2b: Old Yeller|Protect||[still]\n|-fail|p2b: Old Yeller\n|move|p1a: Dugtrio|Bulldoze|p2a: They\/Them|[spread] p2a,p2b\n|-immune|p1b: Dragonite\n|-damage|p2a: They\/Them|78\/100\n|-damage|p2b: Old Yeller|0 fnt\n|-unboost|p2a: They\/Them|spe|1\n|faint|p2b: Old Yeller\n|move|p1b: Dragonite|Tera Blast|p2a: They\/Them|[anim] Tera Blast Flying\n|-damage|p2a: They\/Them|0 fnt\n|faint|p2a: They\/Them\n|\n|upkeep\n|\n|t:|1731989918\n|switch|p2b: Harambe In Heaven|Annihilape, L50, M|100\/100\n|turn|8\n|-message|VGCLTH Slow forfeited.\n|\n|win|DanielTail\n|raw|DanielTail's rating: 1704 &rarr; <strong>1724<\/strong><br \/>(+20 for winning)\n|raw|VGCLTH Slow's rating: 1698 &rarr; <strong>1678<\/strong><br \/>(-20 for losing)\n|l|\u2606DanielTail\n|player|p1|\n|l|\u2606VGCLTH Slow\n|player|p2|\n|j|\u2606VGCLTH Slow\n|player|p2|VGCLTH Slow|skier|\n|l|\u2606VGCLTH Slow\n|player|p2|\n","uploadtime":1731989926,"views":53,"formatid":"gen9vgc2024regh","rating":1678,"private":0,"password":null}