{"id":"gen9vgc2024regh-2246698575","format":"[Gen 9] VGC 2024 Reg H","players":["vgclth terran","labsd"],"log":"|raw|<div class=\"broadcast-blue\"><strong>This battle is required to be public due to a player having a name starting with 'vgclth'.<\/div>\n|j|\u2606vgclth terran\n|j|\u2606labsd\n|t:|1731995336\n|gametype|doubles\n|player|p1|vgclth terran|rood|1714\n|player|p2|labsd|265|1724\n|teamsize|p1|6\n|teamsize|p2|6\n|gen|9\n|tier|[Gen 9] VGC 2024 Reg H\n|rated|\n|rule|Species Clause: Limit one of each Pok\u00e9mon\n|rule|Item Clause: Limit 1 of each item\n|clearpoke\n|poke|p1|Ninetales-Alola, L50, F|\n|poke|p1|Rillaboom, L50, M|\n|poke|p1|Magmar, L50, M|\n|poke|p1|Sneasler, L50, F|\n|poke|p1|Kingambit, L50, F|\n|poke|p1|Basculegion, L50, M|\n|poke|p2|Archaludon, L50, M|\n|poke|p2|Politoed, L50, F|\n|poke|p2|Sinistcha, L50|\n|poke|p2|Incineroar, L50, M|\n|poke|p2|Meowscarada, L50, M|\n|poke|p2|Primarina, L50, F|\n|teampreview|4\n|inactive|Battle timer is ON: inactive players will automatically lose when time's up. (requested by labsd)\n|inactive|vgclth terran has 60 seconds left.\n|\n|t:|1731995414\n|start\n|switch|p1a: Kingambit|Kingambit, L50, F|100\/100\n|switch|p1b: Sneasler|Sneasler, L50, F|100\/100\n|switch|p2a: Primarina|Primarina, L50, F|100\/100\n|switch|p2b: Meowscarada|Meowscarada, L50, M|100\/100\n|turn|1\n|\n|t:|1731995433\n|switch|p1b: Basculegion|Basculegion, L50, M|100\/100\n|move|p1a: Kingambit|Protect|p1a: Kingambit\n|-singleturn|p1a: Kingambit|Protect\n|move|p2b: Meowscarada|Triple Axel|p1b: Basculegion|[miss]\n|-start|p2b: Meowscarada|typechange|Ice|[from] ability: Protean\n|-miss|p2b: Meowscarada|p1b: Basculegion\n|move|p2a: Primarina|Calm Mind|p2a: Primarina\n|-boost|p2a: Primarina|spa|1\n|-boost|p2a: Primarina|spd|1\n|\n|upkeep\n|turn|2\n|\n|t:|1731995457\n|-terastallize|p1b: Basculegion|Fighting\n|move|p1b: Basculegion|Tera Blast|p2b: Meowscarada|[anim] Tera Blast Fighting\n|-supereffective|p2b: Meowscarada\n|-damage|p2b: Meowscarada|0 fnt\n|faint|p2b: Meowscarada\n|move|p2a: Primarina|Moonblast|p1a: Kingambit\n|-damage|p1a: Kingambit|29\/100\n|move|p1a: Kingambit|Swords Dance|p1a: Kingambit\n|-boost|p1a: Kingambit|atk|2\n|\n|upkeep\n|\n|t:|1731995467\n|switch|p2b: Sinistcha|Sinistcha, L50|100\/100\n|turn|3\n|\n|t:|1731995482\n|switch|p1b: Sneasler|Sneasler, L50, F|100\/100\n|move|p1a: Kingambit|Protect|p1a: Kingambit\n|-singleturn|p1a: Kingambit|Protect\n|move|p2b: Sinistcha|Rage Powder|p2b: Sinistcha\n|-singleturn|p2b: Sinistcha|move: Rage Powder\n|move|p2a: Primarina|Hyper Voice|p1a: Kingambit|[spread] p1b\n|-activate|p1a: Kingambit|move: Protect\n|-damage|p1b: Sneasler|40\/100\n|\n|upkeep\n|turn|4\n|\n|t:|1731995497\n|-terastallize|p2b: Sinistcha|Water\n|move|p2a: Primarina|Protect|p2a: Primarina\n|-singleturn|p2a: Primarina|Protect\n|move|p1b: Sneasler|Fake Out|p2a: Primarina\n|-activate|p2a: Primarina|move: Protect\n|move|p2b: Sinistcha|Matcha Gotcha|p1b: Sneasler|[spread] p1a,p1b\n|-resisted|p1a: Kingambit\n|-resisted|p1b: Sneasler\n|-damage|p1a: Kingambit|16\/100\n|-damage|p1b: Sneasler|22\/100\n|move|p1a: Kingambit|Kowtow Cleave|p2b: Sinistcha\n|-damage|p2b: Sinistcha|4\/100\n|-enditem|p2b: Sinistcha|Sitrus Berry|[eat]\n|-heal|p2b: Sinistcha|29\/100|[from] item: Sitrus Berry\n|\n|upkeep\n|turn|5\n|\n|t:|1731995516\n|switch|p2b: Incineroar|Incineroar, L50, M|100\/100\n|-ability|p2b: Incineroar|Intimidate|boost\n|-unboost|p1a: Kingambit|atk|1\n|-ability|p1a: Kingambit|Defiant|boost\n|-boost|p1a: Kingambit|atk|2\n|-unboost|p1b: Sneasler|atk|1\n|move|p1a: Kingambit|Protect|p1a: Kingambit\n|-singleturn|p1a: Kingambit|Protect\n|move|p1b: Sneasler|Dire Claw|p2a: Primarina\n|-supereffective|p2a: Primarina\n|-damage|p2a: Primarina|49\/100\n|move|p2a: Primarina|Hyper Voice|p1b: Sneasler|[spread] p1b\n|-activate|p1a: Kingambit|move: Protect\n|-damage|p1b: Sneasler|0 fnt\n|faint|p1b: Sneasler\n|\n|-heal|p2a: Primarina|56\/100|[from] item: Leftovers\n|upkeep\n|\n|t:|1731995531\n|switch|p1b: Basculegion|Basculegion, L50, M, tera:Fighting|100\/100\n|turn|6\n|inactive|vgclth terran has 30 seconds left.\n|inactive|vgclth terran has 20 seconds left.\n|\n|t:|1731995567\n|move|p2b: Incineroar|Fake Out|p1b: Basculegion\n|-damage|p1b: Basculegion|87\/100\n|move|p1a: Kingambit|Sucker Punch|p2a: Primarina\n|-resisted|p2a: Primarina\n|-damage|p2a: Primarina|0 fnt\n|faint|p2a: Primarina\n|cant|p1b: Basculegion|flinch\n|\n|upkeep\n|-message|labsd forfeited.\n|\n|win|vgclth terran\n|raw|vgclth terran's rating: 1714 &rarr; <strong>1735<\/strong><br \/>(+21 for winning)\n|raw|labsd's rating: 1724 &rarr; <strong>1703<\/strong><br \/>(-21 for losing)\n|l|\u2606labsd\n|player|p2|\n|l|\u2606vgclth terran\n|player|p1|\n","uploadtime":1731995763,"views":18,"formatid":"gen9vgc2024regh","rating":1703,"private":0,"password":null}