{"id":"gen9vgc2024regh-2246965369","format":"[Gen 9] VGC 2024 Reg H","players":["SubToPenglin","VGCLTH skibidi"],"log":"|raw|<div class=\"broadcast-blue\"><strong>This battle is required to be public due to a player having a name starting with 'vgclth'.<\/div>\n|j|\u2606SubToPenglin\n|j|\u2606VGCLTH skibidi\n|t:|1732033503\n|gametype|doubles\n|player|p1|SubToPenglin|lady|1797\n|player|p2|VGCLTH skibidi|piers-masters|1894\n|teamsize|p1|6\n|teamsize|p2|6\n|gen|9\n|tier|[Gen 9] VGC 2024 Reg H\n|rated|\n|rule|Species Clause: Limit one of each Pok\u00e9mon\n|rule|Item Clause: Limit 1 of each item\n|clearpoke\n|poke|p1|Primarina, L50, M|\n|poke|p1|Sylveon, L50, M|\n|poke|p1|Indeedee, L50, M|\n|poke|p1|Meowscarada, L50, F|\n|poke|p1|Sneasler, L50, F|\n|poke|p1|Decidueye-Hisui, L50, M|\n|poke|p2|Ceruledge, L50, F|\n|poke|p2|Gastrodon-East, L50, M|\n|poke|p2|Sneasler, L50, M|\n|poke|p2|Kingambit, L50, M|\n|poke|p2|Rillaboom, L50, M|\n|poke|p2|Dragonite, L50, F|\n|teampreview|4\n|inactive|Battle timer is ON: inactive players will automatically lose when time's up. (requested by VGCLTH skibidi)\n|inactive|SubToPenglin also wants the timer to be on.\n|\n|t:|1732033525\n|start\n|switch|p1a: Primarina|Primarina, L50, M, shiny|100\/100\n|switch|p1b: Meowscarada|Meowscarada, L50, F, shiny|100\/100\n|switch|p2a: Imagine I miss lol|Dragonite, L50, F|100\/100\n|switch|p2b: Let's go gambling|Sneasler, L50, M|100\/100\n|turn|1\n|\n|t:|1732033542\n|move|p1b: Meowscarada|Protect|p1b: Meowscarada\n|-singleturn|p1b: Meowscarada|Protect\n|move|p1a: Primarina|Protect|p1a: Primarina\n|-singleturn|p1a: Primarina|Protect\n|move|p2b: Let's go gambling|Fake Out|p1a: Primarina\n|-activate|p1a: Primarina|move: Protect\n|move|p2a: Imagine I miss lol|Scale Shot|p1b: Meowscarada\n|-activate|p1b: Meowscarada|move: Protect\n|\n|upkeep\n|turn|2\n|\n|t:|1732033562\n|-terastallize|p1a: Primarina|Steel\n|move|p2a: Imagine I miss lol|Protect|p2a: Imagine I miss lol\n|-singleturn|p2a: Imagine I miss lol|Protect\n|move|p1b: Meowscarada|Grass Pledge|p2a: Imagine I miss lol\n|-waiting|p1b: Meowscarada|p1a: Primarina\n|move|p1a: Primarina|Water Pledge|p2a: Imagine I miss lol|[from]move: Grass Pledge\n|-activate|p2a: Imagine I miss lol|move: Protect\n|move|p2b: Let's go gambling|Dire Claw|p1a: Primarina\n|-immune|p1a: Primarina\n|\n|upkeep\n|turn|3\n|j| Peroquecuones\n|\n|t:|1732033567\n|move|p1b: Meowscarada|Grass Pledge|p2a: Imagine I miss lol\n|-waiting|p1b: Meowscarada|p1a: Primarina\n|move|p1a: Primarina|Water Pledge|p2a: Imagine I miss lol|[from]move: Grass Pledge\n|-combine\n|-resisted|p2a: Imagine I miss lol\n|-damage|p2a: Imagine I miss lol|88\/100\n|-sidestart|p2: VGCLTH skibidi|Grass Pledge\n|-damage|p1a: Primarina|91\/100|[from] item: Life Orb\n|move|p2b: Let's go gambling|Close Combat|p1a: Primarina\n|-supereffective|p1a: Primarina\n|-damage|p1a: Primarina|0 fnt\n|-unboost|p2b: Let's go gambling|def|1\n|-unboost|p2b: Let's go gambling|spd|1\n|faint|p1a: Primarina\n|move|p2a: Imagine I miss lol|Scale Shot|p1b: Meowscarada\n|-damage|p1b: Meowscarada|79\/100\n|-damage|p1b: Meowscarada|57\/100\n|-damage|p1b: Meowscarada|35\/100\n|-damage|p1b: Meowscarada|12\/100\n|-hitcount|p1b: Meowscarada|4\n|-unboost|p2a: Imagine I miss lol|def|1\n|-boost|p2a: Imagine I miss lol|spe|1\n|\n|upkeep\n|\n|t:|1732033570\n|switch|p1a: Sylveon|Sylveon, L50, M|100\/100\n|turn|4\n|\n|t:|1732033574\n|move|p2a: Imagine I miss lol|Extreme Speed|p1b: Meowscarada\n|-damage|p1b: Meowscarada|0 fnt\n|faint|p1b: Meowscarada\n|move|p1a: Sylveon|Hyper Voice|p2b: Let's go gambling|[spread] p2a,p2b\n|-supereffective|p2a: Imagine I miss lol\n|-damage|p2a: Imagine I miss lol|0 fnt\n|-enditem|p2b: Let's go gambling|Focus Sash\n|-damage|p2b: Let's go gambling|1\/100\n|faint|p2a: Imagine I miss lol\n|move|p2b: Let's go gambling|Dire Claw|p1a: Sylveon\n|-supereffective|p1a: Sylveon\n|-damage|p1a: Sylveon|2\/100\n|\n|upkeep\n|\n|t:|1732033579\n|switch|p1b: Indeedee|Indeedee, L50, M, shiny|100\/100\n|switch|p2a: Rizzler|Rillaboom, L50, M|100\/100\n|-fieldstart|move: Psychic Terrain|[from] ability: Psychic Surge|[of] p1b: Indeedee\n|-fieldstart|move: Grassy Terrain|[from] ability: Grassy Surge|[of] p2a: Rizzler\n|turn|5\n|\n|t:|1732033591\n|move|p2a: Rizzler|Grassy Glide|p1a: Sylveon\n|-damage|p1a: Sylveon|0 fnt\n|faint|p1a: Sylveon\n|move|p1b: Indeedee|Expanding Force|p2b: Let's go gambling\n|-supereffective|p2b: Let's go gambling\n|-damage|p2b: Let's go gambling|0 fnt\n|faint|p2b: Let's go gambling\n|\n|upkeep\n|\n|t:|1732033594\n|switch|p2b: Godlyreal|Kingambit, L50, M|100\/100\n|turn|6\n|\n|t:|1732033597\n|move|p2a: Rizzler|Grassy Glide|p1b: Indeedee\n|-damage|p1b: Indeedee|27\/100\n|move|p2b: Godlyreal|Sucker Punch|p1b: Indeedee\n|-supereffective|p1b: Indeedee\n|-damage|p1b: Indeedee|0 fnt\n|faint|p1b: Indeedee\n|\n|win|VGCLTH skibidi\n|raw|SubToPenglin's rating: 1797 &rarr; <strong>1782<\/strong><br \/>(-15 for losing)\n|raw|VGCLTH skibidi's rating: 1894 &rarr; <strong>1909<\/strong><br \/>(+15 for winning)\n|l|\u2606VGCLTH skibidi\n|player|p2|\n|l|\u2606SubToPenglin\n|player|p1|\n|l| Peroquecuones\n|j|\u2606VGCLTH skibidi\n|player|p2|VGCLTH skibidi|piers-masters|\n","uploadtime":1732033600,"views":93,"formatid":"gen9vgc2024regh","rating":1782,"private":0,"password":null}