{"id":"gen9vgc2024regh-2246401917","format":"[Gen 9] VGC 2024 Reg H","players":["Its me Lukas","Zyros Phade"],"log":"|j|\u2606Its me Lukas\n|j|\u2606Zyros Phade\n|t:|1731958553\n|gametype|doubles\n|player|p1|Its me Lukas|hilbert|1644\n|player|p2|Zyros Phade|170|1697\n|teamsize|p1|6\n|teamsize|p2|6\n|gen|9\n|tier|[Gen 9] VGC 2024 Reg H\n|rated|\n|rule|Species Clause: Limit one of each Pok\u00e9mon\n|rule|Item Clause: Limit 1 of each item\n|clearpoke\n|poke|p1|Sneasler, L50, F|\n|poke|p1|Indeedee-F, L50, F|\n|poke|p1|Delphox, L50, F|\n|poke|p1|Pelipper, L50, M|\n|poke|p1|Archaludon, L50, M|\n|poke|p1|Dragonite, L50, M|\n|poke|p2|Archaludon, L50, F|\n|poke|p2|Porygon2, L50|\n|poke|p2|Amoonguss, L50, M|\n|poke|p2|Incineroar, L50, M|\n|poke|p2|Pelipper, L50, F|\n|poke|p2|Annihilape, L50, M|\n|teampreview|4\n|inactive|Battle timer is ON: inactive players will automatically lose when time's up. (requested by Its me Lukas)\n|\n|t:|1731958575\n|start\n|switch|p1a: Delphox|Delphox, L50, F|100\/100\n|switch|p1b: Indeedee|Indeedee-F, L50, F|100\/100\n|switch|p2a: Pelipper|Pelipper, L50, F|100\/100\n|switch|p2b: Archaludon|Archaludon, L50, F|100\/100\n|-weather|RainDance|[from] ability: Drizzle|[of] p2a: Pelipper\n|-fieldstart|move: Psychic Terrain|[from] ability: Psychic Surge|[of] p1b: Indeedee\n|turn|1\n|\n|t:|1731958584\n|-terastallize|p1a: Delphox|Fighting\n|move|p1b: Indeedee|Follow Me|p1b: Indeedee\n|-singleturn|p1b: Indeedee|move: Follow Me\n|move|p2a: Pelipper|Muddy Water|p1b: Indeedee|[spread] p1a,p1b\n|-damage|p1a: Delphox|48\/100\n|-damage|p1b: Indeedee|62\/100\n|move|p1a: Delphox|Tera Blast|p2b: Archaludon|[anim] Tera Blast Fighting\n|-supereffective|p2b: Archaludon\n|-damage|p2b: Archaludon|0 fnt\n|faint|p2b: Archaludon\n|\n|-weather|RainDance|[upkeep]\n|upkeep\n|\n|t:|1731958590\n|switch|p2b: Annihilape|Annihilape, L50, M|100\/100\n|turn|2\n|\n|t:|1731958610\n|switch|p1a: Pelipper|Pelipper, L50, M|100\/100\n|move|p1b: Indeedee|Follow Me|p1b: Indeedee\n|-singleturn|p1b: Indeedee|move: Follow Me\n|move|p2a: Pelipper|Muddy Water|p1b: Indeedee|[spread] p1a,p1b\n|-resisted|p1a: Pelipper\n|-damage|p1a: Pelipper|62\/100\n|-damage|p1b: Indeedee|17\/100\n|-unboost|p1a: Pelipper|accuracy|1\n|move|p2b: Annihilape|Close Combat|p1b: Indeedee\n|-crit|p1b: Indeedee\n|-damage|p1b: Indeedee|0 fnt\n|-unboost|p2b: Annihilape|def|1\n|-unboost|p2b: Annihilape|spd|1\n|-damage|p2b: Annihilape|84\/100|[from] item: Rocky Helmet|[of] p1b: Indeedee\n|faint|p1b: Indeedee\n|\n|-weather|RainDance|[upkeep]\n|upkeep\n|\n|t:|1731958617\n|switch|p1b: Sneasler|Sneasler, L50, F|100\/100\n|-enditem|p1b: Sneasler|Psychic Seed\n|-boost|p1b: Sneasler|spd|1|[from] item: Psychic Seed\n|turn|3\n|\n|t:|1731958631\n|-terastallize|p2a: Pelipper|Stellar\n|move|p1b: Sneasler|Dire Claw|p2a: Pelipper\n|-damage|p2a: Pelipper|37\/100\n|-status|p2a: Pelipper|slp\n|cant|p2a: Pelipper|slp\n|move|p2b: Annihilape|Rage Fist|p1b: Sneasler\n|-damage|p1b: Sneasler|57\/100\n|move|p1a: Pelipper|Hurricane|p2b: Annihilape\n|-supereffective|p2b: Annihilape\n|-damage|p2b: Annihilape|0 fnt\n|faint|p2b: Annihilape\n|\n|-weather|RainDance|[upkeep]\n|upkeep\n|j| Peroquecuones\n|\n|t:|1731958641\n|switch|p2b: Porygon2|Porygon2, L50|100\/100\n|-ability|p2b: Porygon2|Drizzle|[from] ability: Trace|[of] p1a: Pelipper\n|turn|4\n|c|\u2606Its me Lukas|thats rough\n|\n|t:|1731958654\n|move|p1b: Sneasler|Dire Claw|p2a: Pelipper\n|-damage|p2a: Pelipper|0 fnt\n|faint|p2a: Pelipper\n|move|p1a: Pelipper|Hurricane|p2b: Porygon2\n|-damage|p2b: Porygon2|71\/100\n|move|p2b: Porygon2|Thunderbolt|p1a: Pelipper\n|-supereffective|p1a: Pelipper\n|-damage|p1a: Pelipper|0 fnt\n|faint|p1a: Pelipper\n|\n|-weather|RainDance|[upkeep]\n|upkeep\n|\n|t:|1731958657\n|switch|p1a: Delphox|Delphox, L50, F, tera:Fighting|48\/100\n|turn|5\n|-message|Zyros Phade forfeited.\n|\n|win|Its me Lukas\n|raw|Its me Lukas's rating: 1644 &rarr; <strong>1667<\/strong><br \/>(+23 for winning)\n|raw|Zyros Phade's rating: 1697 &rarr; <strong>1674<\/strong><br \/>(-23 for losing)\n|l|\u2606Zyros Phade\n|player|p2|\n|l|\u2606Its me Lukas\n|player|p1|\n|l| Peroquecuones\n","uploadtime":1731958852,"views":14,"formatid":"gen9vgc2024regh","rating":1667,"private":0,"password":null}