{"id":"gen9vgc2024regh-2246625716","format":"[Gen 9] VGC 2024 Reg H","players":["orudbeck","taku4986726"],"log":"|j|\u2606orudbeck\n|j|\u2606taku4986726\n|t:|1731984583\n|gametype|doubles\n|player|p1|orudbeck|265|1675\n|player|p2|taku4986726|pokekid|1845\n|teamsize|p1|6\n|teamsize|p2|6\n|gen|9\n|tier|[Gen 9] VGC 2024 Reg H\n|rated|\n|rule|Species Clause: Limit one of each Pok\u00e9mon\n|rule|Item Clause: Limit 1 of each item\n|clearpoke\n|poke|p1|Tyranitar, L50, M|\n|poke|p1|Mamoswine, L50, M|\n|poke|p1|Dragonite, L50, F|\n|poke|p1|Amoonguss, L50, F|\n|poke|p1|Kilowattrel, L50, M|\n|poke|p1|Gholdengo, L50|\n|poke|p2|Annihilape, L50, F|\n|poke|p2|Whimsicott, L50, M|\n|poke|p2|Gholdengo, L50|\n|poke|p2|Maushold-Four, L50|\n|poke|p2|Ursaluna-Bloodmoon, L50, M|\n|poke|p2|Incineroar, L50, M|\n|teampreview|4\n|j| Me bad boi\n|inactive|Battle timer is ON: inactive players will automatically lose when time's up. (requested by orudbeck)\n|inactive|taku4986726 has 60 seconds left.\n|\n|t:|1731984647\n|start\n|switch|p1a: Kilowattrel|Kilowattrel, L50, M|100\/100\n|switch|p1b: Mamoswine|Mamoswine, L50, M|100\/100\n|switch|p2a: Whimsicott|Whimsicott, L50, M, shiny|100\/100\n|switch|p2b: Gholdengo|Gholdengo, L50|100\/100\n|turn|1\n|inactive|orudbeck has 30 seconds left.\n|\n|t:|1731984675\n|move|p2a: Whimsicott|Tailwind|p2a: Whimsicott\n|-sidestart|p2: taku4986726|move: Tailwind\n|move|p2b: Gholdengo|Make It Rain|p1a: Kilowattrel|[spread] p1a,p1b\n|-resisted|p1a: Kilowattrel\n|-supereffective|p1b: Mamoswine\n|-damage|p1a: Kilowattrel|44\/100\n|-enditem|p1b: Mamoswine|Focus Sash\n|-damage|p1b: Mamoswine|1\/100\n|-unboost|p2b: Gholdengo|spa|1\n|move|p1a: Kilowattrel|Tailwind|p1a: Kilowattrel\n|-sidestart|p1: orudbeck|move: Tailwind\n|move|p1b: Mamoswine|High Horsepower|p2b: Gholdengo|[miss]\n|-miss|p1b: Mamoswine|p2b: Gholdengo\n|\n|upkeep\n|turn|2\n|j| Psykickhehe\n|inactive|taku4986726 has 30 seconds left.\n|\n|t:|1731984701\n|move|p1b: Mamoswine|Ice Shard|p2a: Whimsicott\n|-supereffective|p2a: Whimsicott\n|-damage|p2a: Whimsicott|39\/100\n|move|p1a: Kilowattrel|Air Slash|p2a: Whimsicott\n|-supereffective|p2a: Whimsicott\n|-damage|p2a: Whimsicott|0 fnt\n|faint|p2a: Whimsicott\n|move|p2b: Gholdengo|Make It Rain|p1b: Mamoswine|[spread] p1a,p1b\n|-resisted|p1a: Kilowattrel\n|-supereffective|p1b: Mamoswine\n|-damage|p1a: Kilowattrel|8\/100\n|-damage|p1b: Mamoswine|0 fnt\n|-unboost|p2b: Gholdengo|spa|1\n|faint|p1b: Mamoswine\n|\n|upkeep\n|\n|t:|1731984722\n|switch|p2a: Annihilape|Annihilape, L50, F|100\/100\n|switch|p1b: Dragonite|Dragonite, L50, F|100\/100\n|turn|3\n|\n|t:|1731984733\n|move|p2a: Annihilape|Protect|p2a: Annihilape\n|-singleturn|p2a: Annihilape|Protect\n|move|p1a: Kilowattrel|Air Slash|p2a: Annihilape\n|-activate|p2a: Annihilape|move: Protect\n|move|p2b: Gholdengo|Make It Rain|p1a: Kilowattrel|[spread] p1a,p1b\n|-resisted|p1a: Kilowattrel\n|-damage|p1a: Kilowattrel|0 fnt\n|-damage|p1b: Dragonite|84\/100\n|-unboost|p2b: Gholdengo|spa|1\n|faint|p1a: Kilowattrel\n|move|p1b: Dragonite|Scale Shot|p2a: Annihilape\n|-activate|p2a: Annihilape|move: Protect\n|\n|upkeep\n|\n|t:|1731984736\n|switch|p1a: Tyranitar|Tyranitar, L50, M|100\/100\n|-weather|Sandstorm|[from] ability: Sand Stream|[of] p1a: Tyranitar\n|turn|4\n|l| Me bad boi\n|inactive|taku4986726 has 30 seconds left.\n|inactive|taku4986726 has 20 seconds left.\n|inactive|taku4986726 has 15 seconds left.\n|inactive|taku4986726 has 10 seconds left.\n|inactive|taku4986726 has 5 seconds left.\n|\n|t:|1731984787\n|switch|p2b: Maushold|Maushold-Four, L50|100\/100\n|-terastallize|p1a: Tyranitar|Flying\n|move|p2a: Annihilape|U-turn|p1a: Tyranitar\n|-resisted|p1a: Tyranitar\n|-damage|p1a: Tyranitar|91\/100\n|\n|t:|1731984794\n|switch|p2a: Gholdengo|Gholdengo, L50|100\/100|[from] U-turn\n|move|p1b: Dragonite|Scale Shot|p2a: Gholdengo|[miss]\n|-miss|p1b: Dragonite|p2a: Gholdengo\n|move|p1a: Tyranitar|Tera Blast|p2a: Gholdengo|[anim] Tera Blast Flying\n|-resisted|p2a: Gholdengo\n|-damage|p2a: Gholdengo|74\/100\n|\n|-weather|Sandstorm|[upkeep]\n|-damage|p2b: Maushold|94\/100|[from] Sandstorm\n|-damage|p1b: Dragonite|78\/100|[from] Sandstorm\n|-damage|p1a: Tyranitar|85\/100|[from] Sandstorm\n|-sideend|p1: orudbeck|move: Tailwind\n|-sideend|p2: taku4986726|move: Tailwind\n|upkeep\n|turn|5\n|\n|t:|1731984812\n|-terastallize|p2a: Gholdengo|Steel\n|move|p2b: Maushold|Population Bomb|p1a: Tyranitar\n|-damage|p1a: Tyranitar|76\/100\n|-damage|p1a: Tyranitar|66\/100\n|-damage|p1a: Tyranitar|57\/100\n|-damage|p1a: Tyranitar|47\/100\n|-damage|p1a: Tyranitar|38\/100\n|-damage|p1a: Tyranitar|29\/100\n|-damage|p1a: Tyranitar|20\/100\n|-damage|p1a: Tyranitar|11\/100\n|-damage|p1a: Tyranitar|2\/100\n|-damage|p1a: Tyranitar|0 fnt\n|faint|p1a: Tyranitar\n|-hitcount|p1: Tyranitar|10\n|move|p2a: Gholdengo|Make It Rain|p1b: Dragonite\n|-damage|p1b: Dragonite|0 fnt\n|-unboost|p2a: Gholdengo|spa|1\n|faint|p1b: Dragonite\n|\n|win|taku4986726\n|raw|orudbeck's rating: 1675 &rarr; <strong>1664<\/strong><br \/>(-11 for losing)\n|raw|taku4986726's rating: 1845 &rarr; <strong>1856<\/strong><br \/>(+11 for winning)\n|l|\u2606orudbeck\n|player|p1|\n|l|\u2606taku4986726\n|player|p2|\n","uploadtime":1731984995,"views":17,"formatid":"gen9vgc2024regh","rating":1664,"private":0,"password":null}