{"id":"gen9vgc2024regh-2246448346","format":"[Gen 9] VGC 2024 Reg H","players":["prsomtr5","Zyros Phade"],"log":"|j|\u2606prsomtr5\n|j|\u2606Zyros Phade\n|t:|1731963131\n|gametype|doubles\n|player|p1|prsomtr5|lucas|1671\n|player|p2|Zyros Phade|170|1698\n|teamsize|p1|6\n|teamsize|p2|6\n|gen|9\n|tier|[Gen 9] VGC 2024 Reg H\n|rated|\n|rule|Species Clause: Limit one of each Pok\u00e9mon\n|rule|Item Clause: Limit 1 of each item\n|clearpoke\n|poke|p1|Archaludon, L50, M|\n|poke|p1|Gholdengo, L50|\n|poke|p1|Pelipper, L50, F|\n|poke|p1|Ursaluna, L50, M|\n|poke|p1|Dragonite, L50, F|\n|poke|p1|Sinistcha, L50|\n|poke|p2|Archaludon, L50, F|\n|poke|p2|Porygon2, L50|\n|poke|p2|Amoonguss, L50, F|\n|poke|p2|Incineroar, L50, F|\n|poke|p2|Pelipper, L50, F|\n|poke|p2|Annihilape, L50, F|\n|teampreview|4\n|inactive|Battle timer is ON: inactive players will automatically lose when time's up. (requested by Zyros Phade)\n|\n|t:|1731963163\n|start\n|switch|p1a: Archaludon|Archaludon, L50, M|100\/100\n|switch|p1b: Dragonite|Dragonite, L50, F|100\/100\n|switch|p2a: Pelipper|Pelipper, L50, F|100\/100\n|switch|p2b: Annihilape|Annihilape, L50, F|100\/100\n|-weather|RainDance|[from] ability: Drizzle|[of] p2a: Pelipper\n|turn|1\n|inactive|prsomtr5 has 30 seconds left.\n|\n|t:|1731963189\n|move|p2a: Pelipper|Icy Wind|p1a: Archaludon|[spread] p1a,p1b\n|-supereffective|p1b: Dragonite\n|-damage|p1a: Archaludon|93\/100\n|-damage|p1b: Dragonite|80\/100\n|-unboost|p1a: Archaludon|spe|1\n|-unboost|p1b: Dragonite|spe|1\n|-ability|p1a: Archaludon|Stamina|boost\n|-boost|p1a: Archaludon|def|1\n|move|p2b: Annihilape|Close Combat|p1a: Archaludon\n|-supereffective|p1a: Archaludon\n|-damage|p1a: Archaludon|43\/100\n|-unboost|p2b: Annihilape|def|1\n|-unboost|p2b: Annihilape|spd|1\n|-ability|p1a: Archaludon|Stamina|boost\n|-boost|p1a: Archaludon|def|1\n|move|p1b: Dragonite|Tailwind|p1b: Dragonite\n|-sidestart|p1: prsomtr5|move: Tailwind\n|move|p1a: Archaludon|Electro Shot||[still]\n|-prepare|p1a: Archaludon|Electro Shot\n|-boost|p1a: Archaludon|spa|1\n|-anim|p1a: Archaludon|Electro Shot|p2b: Annihilape\n|-crit|p2b: Annihilape\n|-enditem|p2b: Annihilape|Focus Sash\n|-damage|p2b: Annihilape|1\/100\n|\n|-weather|RainDance|[upkeep]\n|upkeep\n|turn|2\n|inactive|prsomtr5 has 30 seconds left.\n|inactive|prsomtr5 has 20 seconds left.\n|j| bo1bstrd\n|inactive|prsomtr5 has 15 seconds left.\n|inactive|prsomtr5 has 10 seconds left.\n|l| bo1bstrd\n|\n|t:|1731963238\n|switch|p1b: Sinistcha|Sinistcha, L50|100\/100\n|-heal|p1a: Archaludon|68\/100|[from] ability: Hospitality|[of] p1b: Sinistcha\n|-terastallize|p1a: Archaludon|Fighting\n|move|p2a: Pelipper|Icy Wind|p1a: Archaludon|[spread] p1a,p1b\n|-supereffective|p1b: Sinistcha\n|-damage|p1a: Archaludon|60\/100\n|-damage|p1b: Sinistcha|79\/100\n|-unboost|p1a: Archaludon|spe|1\n|-unboost|p1b: Sinistcha|spe|1\n|-ability|p1a: Archaludon|Stamina|boost\n|-boost|p1a: Archaludon|def|1\n|move|p2b: Annihilape|Close Combat|p1a: Archaludon\n|-damage|p1a: Archaludon|45\/100\n|-unboost|p2b: Annihilape|def|1\n|-unboost|p2b: Annihilape|spd|1\n|-ability|p1a: Archaludon|Stamina|boost\n|-boost|p1a: Archaludon|def|1\n|move|p1a: Archaludon|Snarl|p2b: Annihilape|[spread] p2a,p2b\n|-damage|p2a: Pelipper|69\/100\n|-damage|p2b: Annihilape|0 fnt\n|-unboost|p2a: Pelipper|spa|1\n|faint|p2b: Annihilape\n|\n|-weather|RainDance|[upkeep]\n|upkeep\n|j| bo1bstrd\n|\n|t:|1731963247\n|switch|p2b: Archaludon|Archaludon, L50, F|100\/100\n|turn|3\n|inactive|prsomtr5 has 30 seconds left.\n|j| mr pogostick\n|\n|t:|1731963278\n|switch|p1a: Ursaluna|Ursaluna, L50, M|100\/100\n|-terastallize|p2b: Archaludon|Electric\n|move|p2a: Pelipper|Icy Wind|p1a: Ursaluna|[spread] p1a,p1b\n|-supereffective|p1a: Ursaluna\n|-supereffective|p1b: Sinistcha\n|-damage|p1a: Ursaluna|84\/100\n|-damage|p1b: Sinistcha|62\/100\n|-unboost|p1a: Ursaluna|spe|1\n|-unboost|p1b: Sinistcha|spe|1\n|move|p2b: Archaludon|Electro Shot||[still]\n|-prepare|p2b: Archaludon|Electro Shot\n|-boost|p2b: Archaludon|spa|1\n|-anim|p2b: Archaludon|Electro Shot|p1a: Ursaluna\n|-immune|p1a: Ursaluna\n|move|p1b: Sinistcha|Trick Room|p1b: Sinistcha\n|-fieldstart|move: Trick Room|[of] p1b: Sinistcha\n|\n|-weather|RainDance|[upkeep]\n|-status|p1a: Ursaluna|brn|[from] item: Flame Orb\n|upkeep\n|turn|4\n|inactive|prsomtr5 has 30 seconds left.\n|inactive|prsomtr5 has 20 seconds left.\n|inactive|prsomtr5 has 15 seconds left.\n|inactive|prsomtr5 has 10 seconds left.\n|inactive|prsomtr5 has 5 seconds left.\n|\n|t:|1731963329\n|move|p1b: Sinistcha|Matcha Gotcha|p2b: Archaludon|[spread] p2a,p2b\n|-damage|p2a: Pelipper|29\/100\n|-heal|p1b: Sinistcha|77\/100|[from] drain|[of] p2a: Pelipper\n|-damage|p2b: Archaludon|67\/100\n|-heal|p1b: Sinistcha|94\/100|[from] drain|[of] p2b: Archaludon\n|move|p1a: Ursaluna|Earthquake|p2a: Pelipper|[spread] p1b,p2b\n|-immune|p2a: Pelipper\n|-resisted|p1b: Sinistcha\n|-supereffective|p2b: Archaludon\n|-crit|p2b: Archaludon\n|-damage|p1b: Sinistcha|68\/100\n|-damage|p2b: Archaludon|0 fnt\n|faint|p2b: Archaludon\n|move|p2a: Pelipper|Icy Wind|p1b: Sinistcha|[spread] p1a,p1b\n|-supereffective|p1a: Ursaluna\n|-supereffective|p1b: Sinistcha\n|-damage|p1a: Ursaluna|68\/100 brn\n|-damage|p1b: Sinistcha|54\/100\n|-unboost|p1a: Ursaluna|spe|1\n|-unboost|p1b: Sinistcha|spe|1\n|\n|-weather|RainDance|[upkeep]\n|-damage|p1a: Ursaluna|62\/100 brn|[from] brn\n|-sideend|p1: prsomtr5|move: Tailwind\n|upkeep\n|\n|t:|1731963339\n|switch|p2b: Porygon2|Porygon2, L50|100\/100\n|-ability|p2b: Porygon2|Guts|[from] ability: Trace|[of] p1a: Ursaluna\n|turn|5\n|\n|t:|1731963354\n|move|p1b: Sinistcha|Life Dew|p1b: Sinistcha|[spread] p1a,p1b\n|-heal|p1a: Ursaluna|87\/100 brn\n|-heal|p1b: Sinistcha|79\/100\n|move|p1a: Ursaluna|Facade|p2a: Pelipper\n|-damage|p2a: Pelipper|0 fnt\n|faint|p2a: Pelipper\n|move|p2b: Porygon2|Ice Beam|p1a: Ursaluna\n|-supereffective|p1a: Ursaluna\n|-damage|p1a: Ursaluna|38\/100 brn\n|\n|-weather|none\n|-damage|p1a: Ursaluna|32\/100 brn|[from] brn\n|upkeep\n|turn|6\n|j| BionicFox\n|inactive|Zyros Phade has 30 seconds left.\n|\n|t:|1731963389\n|move|p1b: Sinistcha|Rage Powder|p1b: Sinistcha\n|-singleturn|p1b: Sinistcha|move: Rage Powder\n|move|p1a: Ursaluna|Facade|p2b: Porygon2\n|-damage|p2b: Porygon2|35\/100\n|move|p2b: Porygon2|Ice Beam|p1b: Sinistcha\n|-supereffective|p1b: Sinistcha\n|-damage|p1b: Sinistcha|39\/100\n|-enditem|p1b: Sinistcha|Sitrus Berry|[eat]\n|-heal|p1b: Sinistcha|63\/100|[from] item: Sitrus Berry\n|\n|-damage|p1a: Ursaluna|25\/100 brn|[from] brn\n|upkeep\n|turn|7\n|\n|t:|1731963398\n|move|p1b: Sinistcha|Life Dew|p1b: Sinistcha|[spread] p1a,p1b\n|-heal|p1a: Ursaluna|50\/100 brn\n|-heal|p1b: Sinistcha|89\/100\n|move|p1a: Ursaluna|Facade|p2b: Porygon2\n|-damage|p2b: Porygon2|0 fnt\n|faint|p2b: Porygon2\n|\n|win|prsomtr5\n|raw|prsomtr5's rating: 1671 &rarr; <strong>1693<\/strong><br \/>(+22 for winning)\n|raw|Zyros Phade's rating: 1698 &rarr; <strong>1676<\/strong><br \/>(-22 for losing)\n","uploadtime":1731963402,"views":28,"formatid":"gen9vgc2024regh","rating":1676,"private":0,"password":null}