{"id":"gen9vgc2024regh-2246052310","format":"[Gen 9] VGC 2024 Reg H","players":["VGCLTH Sac gaming","testmaincourse"],"log":"|raw|<div class=\"broadcast-blue\"><strong>This battle is required to be public due to a player having a name starting with 'vgclth'.<\/div>\n|j|\u2606VGCLTH Sac gaming\n|j|\u2606testmaincourse\n|t:|1731913623\n|gametype|doubles\n|player|p1|VGCLTH Sac gaming|steven|1631\n|player|p2|testmaincourse|lacey|1722\n|teamsize|p1|6\n|teamsize|p2|6\n|gen|9\n|tier|[Gen 9] VGC 2024 Reg H\n|rated|\n|rule|Species Clause: Limit one of each Pok\u00e9mon\n|rule|Item Clause: Limit 1 of each item\n|clearpoke\n|poke|p1|Whimsicott, L50, M|\n|poke|p1|Dragonite, L50, M|\n|poke|p1|Ursaluna-Bloodmoon, L50, M|\n|poke|p1|Gholdengo, L50|\n|poke|p1|Incineroar, L50, M|\n|poke|p1|Annihilape, L50, F|\n|poke|p2|Ninetales-Alola, L50, F|\n|poke|p2|Garchomp, L50, M|\n|poke|p2|Annihilape, L50, M|\n|poke|p2|Armarouge, L50, M|\n|poke|p2|Indeedee-F, L50, F|\n|poke|p2|Sneasler, L50, F|\n|teampreview|4\ntestmaincourse rejected open team sheets.\n|\n|t:|1731913732\n|start\n|switch|p1a: Whimsicott|Whimsicott, L50, M|100\/100\n|switch|p1b: Dragonite|Dragonite, L50, M|100\/100\n|switch|p2a: Coalfire|Armarouge, L50, M, shiny|100\/100\n|switch|p2b: Mozzarella|Indeedee-F, L50, F, shiny|100\/100\n|-fieldstart|move: Psychic Terrain|[from] ability: Psychic Surge|[of] p2b: Mozzarella\n|turn|1\n|\n|t:|1731913749\n|move|p1a: Whimsicott|Moonblast|p2b: Mozzarella\n|-damage|p2b: Mozzarella|69\/100\n|-unboost|p2b: Mozzarella|spa|1\n|move|p1b: Dragonite|Scale Shot|p2b: Mozzarella\n|-damage|p2b: Mozzarella|54\/100\n|-damage|p2b: Mozzarella|40\/100\n|-crit|p2b: Mozzarella\n|-damage|p2b: Mozzarella|19\/100\n|-damage|p2b: Mozzarella|3\/100\n|-hitcount|p2b: Mozzarella|4\n|-unboost|p1b: Dragonite|def|1\n|-boost|p1b: Dragonite|spe|1\n|move|p2a: Coalfire|Expanding Force|p1b: Dragonite|[spread] p1a,p1b\n|-enditem|p1a: Whimsicott|Focus Sash\n|-damage|p1a: Whimsicott|1\/100\n|-damage|p1b: Dragonite|65\/100\n|move|p2b: Mozzarella|Trick Room|p2b: Mozzarella\n|-fieldstart|move: Trick Room|[of] p2b: Mozzarella\n|\n|upkeep\n|turn|2\n|\n|t:|1731913768\n|switch|p1a: Incineroar|Incineroar, L50, M|100\/100\n|-ability|p1a: Incineroar|Intimidate|boost\n|-unboost|p2a: Coalfire|atk|1\n|-unboost|p2b: Mozzarella|atk|1\n|move|p1b: Dragonite|Protect|p1b: Dragonite\n|-singleturn|p1b: Dragonite|Protect\n|move|p2b: Mozzarella|Follow Me|p2b: Mozzarella\n|-singleturn|p2b: Mozzarella|move: Follow Me\n|move|p2a: Coalfire|Expanding Force|p1a: Incineroar|[spread] \n|-activate|p1b: Dragonite|move: Protect\n|-immune|p1a: Incineroar\n|\n|upkeep\n|turn|3\n|j| bottleonefivetwo\n|\n|t:|1731913792\n|switch|p1b: Whimsicott|Whimsicott, L50, M|1\/100\n|move|p2b: Mozzarella|Follow Me|p2b: Mozzarella\n|-singleturn|p2b: Mozzarella|move: Follow Me\n|move|p1a: Incineroar|Knock Off|p2b: Mozzarella\n|-supereffective|p2b: Mozzarella\n|-damage|p2b: Mozzarella|0 fnt\n|-enditem|p2b: Mozzarella|Safety Goggles|[from] move: Knock Off|[of] p1a: Incineroar\n|faint|p2b: Mozzarella\n|move|p2a: Coalfire|Heat Wave|p1a: Incineroar|[spread] p1a,p1b\n|-resisted|p1a: Incineroar\n|-supereffective|p1b: Whimsicott\n|-crit|p1b: Whimsicott\n|-damage|p1a: Incineroar|81\/100\n|-damage|p1b: Whimsicott|0 fnt\n|faint|p1b: Whimsicott\n|\n|upkeep\n|\n|t:|1731913811\n|switch|p2b: Sashimi|Garchomp, L50, M, shiny|100\/100\n|switch|p1b: Ursaluna|Ursaluna-Bloodmoon, L50, M|100\/100\n|turn|4\n|\n|t:|1731913831\n|switch|p2a: Margherita|Sneasler, L50, F, shiny|100\/100\n|-enditem|p2a: Margherita|Psychic Seed\n|-boost|p2a: Margherita|spd|1|[from] item: Psychic Seed\n|-enditem|p1a: Incineroar|Mirror Herb\n|-boost|p1a: Incineroar|spd|1|[from] item: Mirror Herb\n|-terastallize|p1b: Ursaluna|Normal\n|-terastallize|p2b: Sashimi|Steel\n|move|p1b: Ursaluna|Hyper Voice|p2b: Sashimi|[spread] p2a,p2b\n|-resisted|p2b: Sashimi\n|-damage|p2a: Margherita|50\/100\n|-damage|p2b: Sashimi|70\/100\n|move|p1a: Incineroar|Flare Blitz|p2b: Sashimi\n|-supereffective|p2b: Sashimi\n|-damage|p2b: Sashimi|0 fnt\n|-damage|p1a: Incineroar|69\/100|[from] ability: Rough Skin|[of] p2b: Sashimi\n|faint|p2b: Sashimi\n|-damage|p1a: Incineroar|48\/100|[from] Recoil\n|\n|upkeep\n|\n|t:|1731913833\n|switch|p2b: Coalfire|Armarouge, L50, M, shiny|100\/100\n|turn|5\n|\n|t:|1731913846\n|move|p2b: Coalfire|Endure|p2b: Coalfire\n|-singleturn|p2b: Coalfire|move: Endure\n|move|p2a: Margherita|Protect|p2a: Margherita\n|-singleturn|p2a: Margherita|Protect\n|move|p1b: Ursaluna|Hyper Voice|p2b: Coalfire|[spread] p2b\n|-activate|p2a: Margherita|move: Protect\n|-damage|p2b: Coalfire|29\/100\n|move|p1a: Incineroar|Knock Off|p2b: Coalfire\n|-supereffective|p2b: Coalfire\n|-activate|p2b: Coalfire|move: Endure\n|-damage|p2b: Coalfire|1\/100\n|-ability|p2b: Coalfire|Weak Armor|boost\n|-unboost|p2b: Coalfire|def|1\n|-boost|p2b: Coalfire|spe|2\n|-enditem|p2b: Coalfire|Weakness Policy\n|-boost|p2b: Coalfire|atk|2|[from] item: Weakness Policy\n|-boost|p2b: Coalfire|spa|2|[from] item: Weakness Policy\n|\n|-fieldend|move: Trick Room\n|-fieldend|move: Psychic Terrain\n|upkeep\n|turn|6\n|\n|t:|1731913856\n|move|p1b: Ursaluna|Vacuum Wave|p2b: Coalfire\n|-resisted|p2b: Coalfire\n|-damage|p2b: Coalfire|0 fnt\n|faint|p2b: Coalfire\n|move|p2a: Margherita|Close Combat|p1a: Incineroar\n|-supereffective|p1a: Incineroar\n|-damage|p1a: Incineroar|0 fnt\n|-unboost|p2a: Margherita|def|1\n|-unboost|p2a: Margherita|spd|1\n|faint|p1a: Incineroar\n|\n|upkeep\n|\n|t:|1731913861\n|switch|p1a: Dragonite|Dragonite, L50, M|65\/100\n|turn|7\n|\n|t:|1731913871\n|move|p1a: Dragonite|Extreme Speed|p2a: Margherita\n|-damage|p2a: Margherita|0 fnt\n|faint|p2a: Margherita\n|\n|win|VGCLTH Sac gaming\n|raw|VGCLTH Sac gaming's rating: 1648 &rarr; <strong>1673<\/strong><br \/>(+25 for winning)\n|raw|testmaincourse's rating: 1742 &rarr; <strong>1717<\/strong><br \/>(-25 for losing)\n|l|\u2606VGCLTH Sac gaming\n|player|p1|\n|l| bottleonefivetwo\n|l|\u2606testmaincourse\n|player|p2|\n","uploadtime":1731913874,"views":12,"formatid":"gen9vgc2024regh","rating":1673,"private":0,"password":null}