{"id":"gen9vgc2024regh-2246050639","format":"[Gen 9] VGC 2024 Reg H","players":["tolkuschampion","Snorlax Double"],"log":"|j|\u2606tolkuschampion\n|j|\u2606Snorlax Double\n|t:|1731913262\n|gametype|doubles\n|player|p1|tolkuschampion|265|1762\n|player|p2|Snorlax Double|eusine|1686\n|teamsize|p1|6\n|teamsize|p2|6\n|gen|9\n|tier|[Gen 9] VGC 2024 Reg H\n|rated|\n|rule|Species Clause: Limit one of each Pok\u00e9mon\n|rule|Item Clause: Limit 1 of each item\n|clearpoke\n|poke|p1|Corviknight, L50, F|\n|poke|p1|Tyranitar, L50, F|\n|poke|p1|Excadrill, L50, F|\n|poke|p1|Gastrodon, L50, F|\n|poke|p1|Arcanine-Hisui, L50, M|\n|poke|p1|Indeedee, L50, M|\n|poke|p2|Dragonite, L50, F|\n|poke|p2|Gholdengo, L50|\n|poke|p2|Ursaluna-Bloodmoon, L50, M|\n|poke|p2|Sneasler, L50, F|\n|poke|p2|Amoonguss, L50, M|\n|poke|p2|Incineroar, L50, F|\n|teampreview|4\n|inactive|Battle timer is ON: inactive players will automatically lose when time's up. (requested by tolkuschampion)\nSnorlax Double rejected open team sheets.\n|\n|t:|1731913299\n|start\n|switch|p1a: Tyranitar|Tyranitar, L50, F|100\/100\n|switch|p1b: Corviknight|Corviknight, L50, F|100\/100\n|switch|p2a: Sneasler|Sneasler, L50, F|100\/100\n|switch|p2b: Amoonguss|Amoonguss, L50, M, shiny|100\/100\n|-weather|Sandstorm|[from] ability: Sand Stream|[of] p1a: Tyranitar\n|turn|1\n|inactive|Snorlax Double has 30 seconds left.\n|\n|t:|1731913333\n|-terastallize|p1a: Tyranitar|Flying\n|move|p2b: Amoonguss|Protect|p2b: Amoonguss\n|-singleturn|p2b: Amoonguss|Protect\n|move|p2a: Sneasler|Dire Claw|p1a: Tyranitar\n|-damage|p1a: Tyranitar|68\/100\n|-status|p1a: Tyranitar|par\n|move|p1b: Corviknight|Iron Defense|p1b: Corviknight\n|-boost|p1b: Corviknight|def|2\n|move|p1a: Tyranitar|Tera Blast|p2a: Sneasler|[anim] Tera Blast Flying\n|-supereffective|p2a: Sneasler\n|-enditem|p2a: Sneasler|Focus Sash\n|-damage|p2a: Sneasler|1\/100\n|\n|-weather|Sandstorm|[upkeep]\n|-damage|p2a: Sneasler|0 fnt|[from] Sandstorm\n|-damage|p1a: Tyranitar|62\/100 par|[from] Sandstorm\n|-damage|p2b: Amoonguss|95\/100|[from] Sandstorm\n|faint|p2a: Sneasler\n|upkeep\n|\n|t:|1731913355\n|switch|p2a: Incineroar|Incineroar, L50, F|100\/100\n|-ability|p2a: Incineroar|Intimidate|boost\n|-unboost|p1a: Tyranitar|atk|1\n|-ability|p1b: Corviknight|Mirror Armor\n|-unboost|p2a: Incineroar|atk|1\n|turn|2\n|\n|t:|1731913371\n|move|p2a: Incineroar|Fake Out|p1b: Corviknight\n|-resisted|p1b: Corviknight\n|-crit|p1b: Corviknight\n|-damage|p1b: Corviknight|94\/100\n|cant|p1b: Corviknight|flinch\n|move|p1a: Tyranitar|Tera Blast|p2b: Amoonguss|[anim] Tera Blast Flying\n|-supereffective|p2b: Amoonguss\n|-damage|p2b: Amoonguss|45\/100\n|-enditem|p2b: Amoonguss|Sitrus Berry|[eat]\n|-heal|p2b: Amoonguss|70\/100|[from] item: Sitrus Berry\n|move|p2b: Amoonguss|Spore|p1b: Corviknight\n|-status|p1b: Corviknight|slp|[from] move: Spore\n|\n|-weather|Sandstorm|[upkeep]\n|-damage|p1a: Tyranitar|57\/100 par|[from] Sandstorm\n|-damage|p2b: Amoonguss|64\/100|[from] Sandstorm\n|-heal|p1b: Corviknight|99\/100 slp|[from] item: Leftovers\n|upkeep\n|turn|3\n|inactive|Snorlax Double has 30 seconds left.\n|\n|t:|1731913399\n|switch|p1a: Excadrill|Excadrill, L50, F|100\/100\n|move|p2b: Amoonguss|Protect|p2b: Amoonguss\n|-singleturn|p2b: Amoonguss|Protect\n|cant|p1b: Corviknight|slp\n|move|p2a: Incineroar|Parting Shot|p1a: Excadrill\n|-unboost|p1a: Excadrill|atk|1\n|-unboost|p1a: Excadrill|spa|1\n|\n|t:|1731913402\n|switch|p2a: Ursaluna|Ursaluna-Bloodmoon, L50, M|100\/100|[from] Parting Shot\n|\n|-weather|Sandstorm|[upkeep]\n|-damage|p2b: Amoonguss|58\/100|[from] Sandstorm\n|-heal|p1b: Corviknight|100\/100 slp|[from] item: Leftovers\n|upkeep\n|turn|4\n|\n|t:|1731913419\n|switch|p2b: Incineroar|Incineroar, L50, F|100\/100\n|-ability|p2b: Incineroar|Intimidate|boost\n|-unboost|p1a: Excadrill|atk|1\n|-ability|p1b: Corviknight|Mirror Armor\n|-unboost|p2b: Incineroar|atk|1\n|move|p1a: Excadrill|Earthquake|p2a: Ursaluna|[spread] p2a,p2b\n|-immune|p1b: Corviknight\n|-supereffective|p2b: Incineroar\n|-damage|p2a: Ursaluna|78\/100\n|-damage|p2b: Incineroar|43\/100\n|-damage|p1a: Excadrill|91\/100|[from] item: Life Orb\n|cant|p1b: Corviknight|slp\n|move|p2a: Ursaluna|Blood Moon|p1b: Corviknight\n|-resisted|p1b: Corviknight\n|-damage|p1b: Corviknight|73\/100 slp\n|\n|-weather|Sandstorm|[upkeep]\n|-heal|p1b: Corviknight|79\/100 slp|[from] item: Leftovers\n|upkeep\n|turn|5\n|inactive|tolkuschampion has 30 seconds left.\n|inactive|tolkuschampion has 20 seconds left.\n|\n|t:|1731913457\n|-terastallize|p2b: Incineroar|Ghost\n|move|p1a: Excadrill|Earthquake|p2b: Incineroar|[spread] p2a,p2b\n|-immune|p1b: Corviknight\n|-damage|p2a: Ursaluna|59\/100\n|-damage|p2b: Incineroar|14\/100\n|-damage|p1a: Excadrill|81\/100|[from] item: Life Orb\n|cant|p1b: Corviknight|slp\n|move|p2b: Incineroar|Flare Blitz|p1b: Corviknight\n|-supereffective|p1b: Corviknight\n|-damage|p1b: Corviknight|52\/100 slp\n|-damage|p2b: Incineroar|5\/100|[from] Recoil\n|move|p2a: Ursaluna|Hyper Voice|p1b: Corviknight|[spread] p1a,p1b\n|-resisted|p1a: Excadrill\n|-resisted|p1b: Corviknight\n|-damage|p1a: Excadrill|53\/100\n|-damage|p1b: Corviknight|38\/100 slp\n|\n|-weather|none\n|-heal|p1b: Corviknight|43\/100 slp|[from] item: Leftovers\n|upkeep\n|turn|6\n|inactive|Snorlax Double has 30 seconds left.\n|\n|t:|1731913485\n|move|p1a: Excadrill|Earthquake|p2b: Incineroar|[spread] p2a,p2b\n|-immune|p1b: Corviknight\n|-damage|p2a: Ursaluna|39\/100\n|-damage|p2b: Incineroar|0 fnt\n|faint|p2b: Incineroar\n|-damage|p1a: Excadrill|44\/100|[from] item: Life Orb\n|-curestatus|p1b: Corviknight|slp|[msg]\n|move|p1b: Corviknight|Roost|p1b: Corviknight\n|-heal|p1b: Corviknight|94\/100\n|-singleturn|p1b: Corviknight|move: Roost\n|move|p2a: Ursaluna|Earth Power|p1b: Corviknight\n|-supereffective|p1b: Corviknight\n|-damage|p1b: Corviknight|18\/100\n|-ability|p1b: Corviknight|Mirror Armor\n|-unboost|p2a: Ursaluna|spd|1\n|\n|-heal|p1b: Corviknight|23\/100|[from] item: Leftovers\n|upkeep\n|\n|t:|1731913500\n|switch|p2b: Amoonguss|Amoonguss, L50, M, shiny|91\/100\n|turn|7\n|\n|t:|1731913512\n|switch|p1a: Tyranitar|Tyranitar, L50, F, tera:Flying|57\/100 par\n|-weather|Sandstorm|[from] ability: Sand Stream|[of] p1a: Tyranitar\n|move|p1b: Corviknight|Protect|p1b: Corviknight\n|-singleturn|p1b: Corviknight|Protect\n|move|p2b: Amoonguss|Rage Powder|p2b: Amoonguss\n|-singleturn|p2b: Amoonguss|move: Rage Powder\n|move|p2a: Ursaluna|Blood Moon|p1b: Corviknight\n|-activate|p1b: Corviknight|move: Protect\n|\n|-weather|Sandstorm|[upkeep]\n|-damage|p1a: Tyranitar|51\/100 par|[from] Sandstorm\n|-damage|p2b: Amoonguss|85\/100|[from] Sandstorm\n|-heal|p1b: Corviknight|29\/100|[from] item: Leftovers\n|upkeep\n|turn|8\n|\n|t:|1731913532\n|move|p2b: Amoonguss|Rage Powder|p2b: Amoonguss\n|-singleturn|p2b: Amoonguss|move: Rage Powder\n|move|p1b: Corviknight|Roost|p1b: Corviknight\n|-heal|p1b: Corviknight|80\/100\n|-singleturn|p1b: Corviknight|move: Roost\n|move|p2a: Ursaluna|Hyper Voice|p1a: Tyranitar|[spread] p1a,p1b\n|-resisted|p1b: Corviknight\n|-damage|p1a: Tyranitar|29\/100 par\n|-damage|p1b: Corviknight|66\/100\n|move|p1a: Tyranitar|Tera Blast|p2b: Amoonguss|[anim] Tera Blast Flying\n|-supereffective|p2b: Amoonguss\n|-damage|p2b: Amoonguss|17\/100\n|\n|-weather|Sandstorm|[upkeep]\n|-damage|p1a: Tyranitar|23\/100 par|[from] Sandstorm\n|-damage|p2b: Amoonguss|11\/100|[from] Sandstorm\n|-heal|p1b: Corviknight|72\/100|[from] item: Leftovers\n|upkeep\n|turn|9\n|-message|Snorlax Double forfeited.\n|\n|win|tolkuschampion\n|raw|tolkuschampion's rating: 1762 &rarr; <strong>1778<\/strong><br \/>(+16 for winning)\n|raw|Snorlax Double's rating: 1686 &rarr; <strong>1670<\/strong><br \/>(-16 for losing)\n|l|\u2606Snorlax Double\n|player|p2|\n","uploadtime":1731913729,"views":13,"formatid":"gen9vgc2024regh","rating":1670,"private":0,"password":null}