{"id":"gen9vgc2024regh-2246770058","format":"[Gen 9] VGC 2024 Reg H","players":["HareKazeYpa","mezobasha"],"log":"|j|\u2606HareKazeYpa\n|j|\u2606mezobasha\n|t:|1732009070\n|gametype|doubles\n|player|p1|HareKazeYpa|caitlin-masters|1657\n|player|p2|mezobasha|1|1722\n|teamsize|p1|6\n|teamsize|p2|6\n|gen|9\n|tier|[Gen 9] VGC 2024 Reg H\n|rated|\n|rule|Species Clause: Limit one of each Pok\u00e9mon\n|rule|Item Clause: Limit 1 of each item\n|clearpoke\n|poke|p1|Dragapult, L50, F|\n|poke|p1|Primarina, L50, M|\n|poke|p1|Whimsicott, L50, F|\n|poke|p1|Incineroar, L50, F|\n|poke|p1|Gholdengo, L50|\n|poke|p1|Garchomp, L50, M|\n|poke|p2|Armarouge, L50, F|\n|poke|p2|Indeedee-F, L50, F|\n|poke|p2|Ursaluna, L50, F|\n|poke|p2|Gallade, L50, M|\n|poke|p2|Torkoal, L50, F|\n|poke|p2|Lilligant-Hisui, L50, F|\n|teampreview|4\n|inactive|Battle timer is ON: inactive players will automatically lose when time's up. (requested by mezobasha)\n|inactive|mezobasha has 60 seconds left.\n|\n|t:|1732009116\n|start\n|switch|p1a: Incineroar|Incineroar, L50, F|100\/100\n|switch|p1b: Garchomp|Garchomp, L50, M|100\/100\n|switch|p2a: Indeedee|Indeedee-F, L50, F|100\/100\n|switch|p2b: Armarouge|Armarouge, L50, F|100\/100\n|-ability|p1a: Incineroar|Intimidate|boost\n|-unboost|p2a: Indeedee|atk|1\n|-unboost|p2b: Armarouge|atk|1\n|-fieldstart|move: Psychic Terrain|[from] ability: Psychic Surge|[of] p2a: Indeedee\n|-enditem|p2a: Indeedee|Psychic Seed\n|-boost|p2a: Indeedee|spd|1|[from] item: Psychic Seed\n|turn|1\n|\n|t:|1732009127\n|move|p2a: Indeedee|Follow Me|p2a: Indeedee\n|-singleturn|p2a: Indeedee|move: Follow Me\n|move|p1b: Garchomp|Rock Slide|p2a: Indeedee|[spread] p2a,p2b\n|-supereffective|p2b: Armarouge\n|-damage|p2a: Indeedee|81\/100\n|-damage|p2b: Armarouge|61\/100\n|move|p1a: Incineroar|Taunt|p2a: Indeedee\n|-start|p2a: Indeedee|move: Taunt\n|move|p2b: Armarouge|Trick Room|p2b: Armarouge\n|-fieldstart|move: Trick Room|[of] p2b: Armarouge\n|\n|upkeep\n|turn|2\n|inactive|mezobasha has 30 seconds left.\n|\n|t:|1732009155\n|switch|p2a: Ursaluna|Ursaluna, L50, F|100\/100\n|move|p1b: Garchomp|Protect|p1b: Garchomp\n|-singleturn|p1b: Garchomp|Protect\n|move|p2b: Armarouge|Expanding Force|p1a: Incineroar|[spread] \n|-activate|p1b: Garchomp|move: Protect\n|-immune|p1a: Incineroar\n|move|p1a: Incineroar|Knock Off|p2b: Armarouge\n|-supereffective|p2b: Armarouge\n|-damage|p2b: Armarouge|0 fnt\n|-enditem|p2b: Armarouge|Life Orb|[from] move: Knock Off|[of] p1a: Incineroar\n|faint|p2b: Armarouge\n|\n|-status|p2a: Ursaluna|brn|[from] item: Flame Orb\n|upkeep\n|j| mr pogostick\n|\n|t:|1732009166\n|switch|p2b: Torkoal|Torkoal, L50, F|100\/100\n|-weather|SunnyDay|[from] ability: Drought|[of] p2b: Torkoal\n|turn|3\n|\n|t:|1732009178\n|move|p2b: Torkoal|Eruption|p1b: Garchomp|[spread] p1a,p1b\n|-resisted|p1a: Incineroar\n|-resisted|p1b: Garchomp\n|-damage|p1a: Incineroar|65\/100\n|-damage|p1b: Garchomp|62\/100\n|move|p2a: Ursaluna|Headlong Rush|p1a: Incineroar\n|-supereffective|p1a: Incineroar\n|-crit|p1a: Incineroar\n|-damage|p1a: Incineroar|0 fnt\n|-unboost|p2a: Ursaluna|def|1\n|-unboost|p2a: Ursaluna|spd|1\n|faint|p1a: Incineroar\n|move|p1b: Garchomp|Stomping Tantrum|p2b: Torkoal\n|-supereffective|p2b: Torkoal\n|-damage|p2b: Torkoal|36\/100\n|\n|-weather|SunnyDay|[upkeep]\n|-damage|p2a: Ursaluna|95\/100 brn|[from] brn\n|upkeep\n|\n|t:|1732009192\n|switch|p1a: Primarina|Primarina, L50, M|100\/100\n|turn|4\n|\n|t:|1732009208\n|-terastallize|p2a: Ursaluna|Ghost\n|move|p1a: Primarina|Protect|p1a: Primarina\n|-singleturn|p1a: Primarina|Protect\n|move|p2b: Torkoal|Heat Wave|p1a: Primarina|[spread] p1b\n|-activate|p1a: Primarina|move: Protect\n|-resisted|p1b: Garchomp\n|-damage|p1b: Garchomp|37\/100\n|move|p2a: Ursaluna|Facade|p1a: Primarina\n|-activate|p1a: Primarina|move: Protect\n|move|p1b: Garchomp|Rock Slide|p2a: Ursaluna|[spread] p2a,p2b\n|-supereffective|p2b: Torkoal\n|-damage|p2a: Ursaluna|74\/100 brn\n|-damage|p2b: Torkoal|3\/100\n|\n|-weather|SunnyDay|[upkeep]\n|-damage|p2a: Ursaluna|68\/100 brn|[from] brn\n|upkeep\n|turn|5\n|\n|t:|1732009223\n|switch|p1a: Dragapult|Dragapult, L50, F|100\/100\n|move|p1b: Garchomp|Protect|p1b: Garchomp\n|-singleturn|p1b: Garchomp|Protect\n|move|p2b: Torkoal|Heat Wave|p1b: Garchomp|[spread] \n|-activate|p1b: Garchomp|move: Protect\n|-miss|p2b: Torkoal|p1a: Dragapult\n|move|p2a: Ursaluna|Facade|p1a: Dragapult\n|-immune|p1a: Dragapult\n|\n|-weather|SunnyDay|[upkeep]\n|-damage|p2a: Ursaluna|62\/100 brn|[from] brn\n|-fieldend|move: Trick Room\n|-fieldend|move: Psychic Terrain\n|upkeep\n|turn|6\n|\n|t:|1732009236\n|move|p2a: Ursaluna|Protect|p2a: Ursaluna\n|-singleturn|p2a: Ursaluna|Protect\n|move|p1a: Dragapult|Dragon Darts|p2b: Torkoal\n|-damage|p2b: Torkoal|0 fnt\n|faint|p2b: Torkoal\n|move|p1b: Garchomp|Dragon Claw|p2a: Ursaluna\n|-activate|p2a: Ursaluna|move: Protect\n|\n|-weather|SunnyDay|[upkeep]\n|-damage|p2a: Ursaluna|56\/100 brn|[from] brn\n|upkeep\n|\n|t:|1732009248\n|switch|p2b: Indeedee|Indeedee-F, L50, F|81\/100\n|-fieldstart|move: Psychic Terrain|[from] ability: Psychic Surge|[of] p2b: Indeedee\n|turn|7\n|\n|t:|1732009261\n|-terastallize|p1b: Garchomp|Ground\n|move|p2b: Indeedee|Follow Me|p2b: Indeedee\n|-singleturn|p2b: Indeedee|move: Follow Me\n|move|p1a: Dragapult|Dragon Darts|p2b: Indeedee\n|-damage|p2b: Indeedee|43\/100\n|-anim|p1a: Dragapult|Dragon Darts|p2b: Indeedee\n|-damage|p2b: Indeedee|3\/100\n|move|p1b: Garchomp|Stomping Tantrum|p2b: Indeedee\n|-damage|p2b: Indeedee|0 fnt\n|faint|p2b: Indeedee\n|move|p2a: Ursaluna|Earthquake|p1a: Dragapult|[spread] p1a,p1b\n|-damage|p1a: Dragapult|2\/100\n|-damage|p1b: Garchomp|0 fnt\n|faint|p1b: Garchomp\n|\n|-weather|none\n|-damage|p2a: Ursaluna|50\/100 brn|[from] brn\n|upkeep\n|\n|t:|1732009268\n|switch|p1b: Primarina|Primarina, L50, M|100\/100\n|turn|8\n|-message|mezobasha forfeited.\n|\n|win|HareKazeYpa\n|raw|HareKazeYpa's rating: 1657 &rarr; <strong>1681<\/strong><br \/>(+24 for winning)\n|raw|mezobasha's rating: 1722 &rarr; <strong>1698<\/strong><br \/>(-24 for losing)\n|l|\u2606mezobasha\n|player|p2|\n|l| mr pogostick\n|l|\u2606HareKazeYpa\n|player|p1|\n","uploadtime":1732009453,"views":14,"formatid":"gen9vgc2024regh","rating":1681,"private":0,"password":null}