{"id":"gen9vgc2024regh-2246997151","format":"[Gen 9] VGC 2024 Reg H","players":["CarryTheBoats","zip520520"],"log":"|j|\u2606CarryTheBoats\n|j|\u2606zip520520\n|t:|1732036434\n|gametype|doubles\n|player|p1|CarryTheBoats|crasherwake|1659\n|player|p2|zip520520|265|1671\n|teamsize|p1|6\n|teamsize|p2|6\n|gen|9\n|tier|[Gen 9] VGC 2024 Reg H\n|rated|\n|rule|Species Clause: Limit one of each Pok\u00e9mon\n|rule|Item Clause: Limit 1 of each item\n|clearpoke\n|poke|p1|Archaludon, L50, F|\n|poke|p1|Pelipper, L50, M|\n|poke|p1|Basculegion, L50, M|\n|poke|p1|Dragonite, L50, M|\n|poke|p1|Incineroar, L50, M|\n|poke|p1|Amoonguss, L50, F|\n|poke|p2|Dragapult, L50, M|\n|poke|p2|Talonflame, L50, F|\n|poke|p2|Gholdengo, L50|\n|poke|p2|Ninetales-Alola, L50, M|\n|poke|p2|Garchomp, L50, F|\n|poke|p2|Weezing-Galar, L50, F|\n|teampreview|4\n|\n|t:|1732036466\n|start\n|switch|p1a: Dragonite|Dragonite, L50, M, shiny|100\/100\n|switch|p1b: Archaludon|Archaludon, L50, F, shiny|100\/100\n|switch|p2a: Weezing|Weezing-Galar, L50, F|100\/100\n|switch|p2b: Garchomp|Garchomp, L50, F|100\/100\n|-ability|p2a: Weezing|Neutralizing Gas\n|turn|1\n|\n|t:|1732036513\n|-terastallize|p2b: Garchomp|Steel\n|-terastallize|p1b: Archaludon|Bug\n|move|p2b: Garchomp|Stomping Tantrum|p1b: Archaludon\n|-resisted|p1b: Archaludon\n|-damage|p1b: Archaludon|84\/100\n|-damage|p2b: Garchomp|91\/100|[from] item: Life Orb\n|move|p1a: Dragonite|Scale Shot|p2b: Garchomp\n|-resisted|p2b: Garchomp\n|-damage|p2b: Garchomp|84\/100\n|-resisted|p2b: Garchomp\n|-damage|p2b: Garchomp|77\/100\n|-resisted|p2b: Garchomp\n|-damage|p2b: Garchomp|70\/100\n|-resisted|p2b: Garchomp\n|-damage|p2b: Garchomp|63\/100\n|-hitcount|p2b: Garchomp|4\n|-unboost|p1a: Dragonite|def|1\n|-boost|p1a: Dragonite|spe|1\n|move|p1b: Archaludon|Flash Cannon|p2a: Weezing\n|-supereffective|p2a: Weezing\n|-damage|p2a: Weezing|0 fnt\n|faint|p2a: Weezing\n|-end|p2a: Weezing|ability: Neutralizing Gas\n|\n|upkeep\n|\n|t:|1732036560\n|switch|p2a: Gholdengo|Gholdengo, L50|100\/100\n|turn|2\n|\n|t:|1732036583\n|move|p1a: Dragonite|Protect|p1a: Dragonite\n|-singleturn|p1a: Dragonite|Protect\n|move|p2a: Gholdengo|Make It Rain|p1a: Dragonite|[spread] p1b\n|-activate|p1a: Dragonite|move: Protect\n|-damage|p1b: Archaludon|54\/100\n|-unboost|p2a: Gholdengo|spa|1\n|-ability|p1b: Archaludon|Stamina|boost\n|-boost|p1b: Archaludon|def|1\n|move|p2b: Garchomp|Dragon Claw|p1a: Dragonite\n|-activate|p1a: Dragonite|move: Protect\n|move|p1b: Archaludon|Body Press|p2b: Garchomp\n|-supereffective|p2b: Garchomp\n|-damage|p2b: Garchomp|0 fnt\n|-damage|p1b: Archaludon|42\/100|[from] ability: Rough Skin|[of] p2b: Garchomp\n|faint|p2b: Garchomp\n|\n|upkeep\n|\n|t:|1732036610\n|switch|p2b: Dragapult|Dragapult, L50, M|100\/100\n|turn|3\n|\n|t:|1732036620\n|move|p2b: Dragapult|Dragon Darts|p1a: Dragonite\n|-supereffective|p1a: Dragonite\n|-damage|p1a: Dragonite|46\/100\n|-anim|p2b: Dragapult|Dragon Darts|p1b: Archaludon\n|-damage|p1b: Archaludon|24\/100\n|-ability|p1b: Archaludon|Stamina|boost\n|-boost|p1b: Archaludon|def|1\n|move|p2a: Gholdengo|Make It Rain|p1a: Dragonite|[spread] p1a,p1b\n|-damage|p1a: Dragonite|17\/100\n|-damage|p1b: Archaludon|3\/100\n|-unboost|p2a: Gholdengo|spa|1\n|-ability|p1b: Archaludon|Stamina|boost\n|-boost|p1b: Archaludon|def|1\n|move|p1a: Dragonite|Scale Shot|p2b: Dragapult\n|-supereffective|p2b: Dragapult\n|-damage|p2b: Dragapult|60\/100\n|-supereffective|p2b: Dragapult\n|-damage|p2b: Dragapult|20\/100\n|-supereffective|p2b: Dragapult\n|-damage|p2b: Dragapult|0 fnt\n|faint|p2b: Dragapult\n|-hitcount|p2: Dragapult|3\n|-unboost|p1a: Dragonite|def|1\n|-boost|p1a: Dragonite|spe|1\n|move|p1b: Archaludon|Dragon Pulse|p2a: Gholdengo\n|-resisted|p2a: Gholdengo\n|-damage|p2a: Gholdengo|80\/100\n|\n|upkeep\n|turn|4\n|inactive|Battle timer is ON: inactive players will automatically lose when time's up. (requested by CarryTheBoats)\n|\n|t:|1732036665\n|switch|p1b: Incineroar|Incineroar, L50, M, shiny|100\/100\n|-ability|p1b: Incineroar|Intimidate|boost\n|-unboost|p2a: Gholdengo|atk|1\n|move|p1a: Dragonite|Protect|p1a: Dragonite\n|-singleturn|p1a: Dragonite|Protect\n|move|p2a: Gholdengo|Make It Rain|p1a: Dragonite|[spread] p1b\n|-activate|p1a: Dragonite|move: Protect\n|-resisted|p1b: Incineroar\n|-damage|p1b: Incineroar|90\/100\n|-unboost|p2a: Gholdengo|spa|1\n|\n|upkeep\n|turn|5\n|\n|t:|1732036670\n|switch|p1a: Pelipper|Pelipper, L50, M, shiny|100\/100\n|-weather|RainDance|[from] ability: Drizzle|[of] p1a: Pelipper\n|move|p2a: Gholdengo|Make It Rain|p1b: Incineroar|[spread] p1a,p1b\n|-resisted|p1a: Pelipper\n|-resisted|p1b: Incineroar\n|-damage|p1a: Pelipper|87\/100\n|-damage|p1b: Incineroar|82\/100\n|-unboost|p2a: Gholdengo|spa|1\n|move|p1b: Incineroar|Knock Off|p2a: Gholdengo\n|-supereffective|p2a: Gholdengo\n|-damage|p2a: Gholdengo|0 fnt\n|-enditem|p2a: Gholdengo|Choice Scarf|[from] move: Knock Off|[of] p1b: Incineroar\n|faint|p2a: Gholdengo\n|\n|win|CarryTheBoats\n|raw|CarryTheBoats's rating: 1659 &rarr; <strong>1681<\/strong><br \/>(+22 for winning)\n|raw|zip520520's rating: 1693 &rarr; <strong>1671<\/strong><br \/>(-22 for losing)\n|l|\u2606zip520520\n|player|p2|\n|l|\u2606CarryTheBoats\n|player|p1|\n|j|\u2606CarryTheBoats\n|player|p1|CarryTheBoats|crasherwake|\n|l|\u2606CarryTheBoats\n|player|p1|\n","uploadtime":1732036675,"views":24,"formatid":"gen9vgc2024regh","rating":1671,"private":0,"password":null}