{"id":"gen9vgc2024regh-2246991910","format":"[Gen 9] VGC 2024 Reg H","players":["daniiivgc","bubblesburst"],"log":"|j|\u203ddaniiivgc\n|j|\u2606bubblesburst\n|t:|1732035948\n|gametype|doubles\n|player|p1|daniiivgc|lucas|1667\n|player|p2|bubblesburst|102|1703\n|teamsize|p1|6\n|teamsize|p2|6\n|gen|9\n|tier|[Gen 9] VGC 2024 Reg H\n|rated|\n|rule|Species Clause: Limit one of each Pok\u00e9mon\n|rule|Item Clause: Limit 1 of each item\n|clearpoke\n|poke|p1|Kommo-o, L50, F|\n|poke|p1|Electabuzz, L50, F|\n|poke|p1|Dondozo, L50, M|\n|poke|p1|Sneasler, L50, F|\n|poke|p1|Rillaboom, L50, F|\n|poke|p1|Gholdengo, L50|\n|poke|p2|Gholdengo, L50|\n|poke|p2|Sneasler, L50, M|\n|poke|p2|Rillaboom, L50, F|\n|poke|p2|Kingambit, L50, M|\n|poke|p2|Incineroar, L50, M|\n|poke|p2|Dragonite, L50, M|\n|teampreview|4\n|inactive|Battle timer is ON: inactive players will automatically lose when time's up. (requested by daniiivgc)\n|inactive|bubblesburst has 60 seconds left.\n|\n|t:|1732036018\n|start\n|switch|p1a: Electabuzz|Electabuzz, L50, F|100\/100\n|switch|p1b: Kommo-o|Kommo-o, L50, F|100\/100\n|switch|p2a: Dragonite|Dragonite, L50, M|100\/100\n|switch|p2b: Sneasler|Sneasler, L50, M|100\/100\n|turn|1\n|\n|t:|1732036029\n|move|p1b: Kommo-o|Protect|p1b: Kommo-o\n|-singleturn|p1b: Kommo-o|Protect\n|move|p2b: Sneasler|Close Combat|p1a: Electabuzz\n|-damage|p1a: Electabuzz|54\/100\n|-unboost|p2b: Sneasler|def|1\n|-unboost|p2b: Sneasler|spd|1\n|move|p1a: Electabuzz|Electroweb|p2a: Dragonite|[spread] p2a,p2b\n|-damage|p2a: Dragonite|93\/100\n|-damage|p2b: Sneasler|71\/100\n|-unboost|p2a: Dragonite|spe|1\n|-unboost|p2b: Sneasler|spe|1\n|move|p2a: Dragonite|Haze|p2a: Dragonite\n|-clearallboost\n|\n|upkeep\n|turn|2\n|\n|t:|1732036048\n|move|p1a: Electabuzz|Follow Me|p1a: Electabuzz\n|-singleturn|p1a: Electabuzz|move: Follow Me\n|move|p2b: Sneasler|Close Combat|p1a: Electabuzz\n|-damage|p1a: Electabuzz|9\/100\n|-unboost|p2b: Sneasler|def|1\n|-unboost|p2b: Sneasler|spd|1\n|move|p1b: Kommo-o|Clangorous Soul|p1b: Kommo-o\n|-boost|p1b: Kommo-o|atk|1\n|-boost|p1b: Kommo-o|def|1\n|-boost|p1b: Kommo-o|spa|1\n|-boost|p1b: Kommo-o|spd|1\n|-boost|p1b: Kommo-o|spe|1\n|-damage|p1b: Kommo-o|68\/100\n|-enditem|p1b: Kommo-o|Throat Spray\n|-boost|p1b: Kommo-o|spa|1|[from] item: Throat Spray\n|move|p2a: Dragonite|Scale Shot|p1a: Electabuzz\n|-damage|p1a: Electabuzz|0 fnt\n|faint|p1a: Electabuzz\n|-hitcount|p1: Electabuzz|1\n|-unboost|p2a: Dragonite|def|1\n|-boost|p2a: Dragonite|spe|1\n|\n|upkeep\n|\n|t:|1732036066\n|switch|p1a: Sneasler|Sneasler, L50, F|100\/100\n|turn|3\n|\n|t:|1732036079\n|-terastallize|p1b: Kommo-o|Fire\n|move|p2a: Dragonite|Protect|p2a: Dragonite\n|-singleturn|p2a: Dragonite|Protect\n|move|p1a: Sneasler|Fake Out|p2b: Sneasler\n|-crit|p2b: Sneasler\n|-damage|p2b: Sneasler|17\/100\n|move|p1b: Kommo-o|Flamethrower|p2a: Dragonite\n|-activate|p2a: Dragonite|move: Protect\n|cant|p2b: Sneasler|flinch\n|\n|upkeep\n|turn|4\n|\n|t:|1732036095\n|move|p1b: Kommo-o|Clanging Scales|p2a: Dragonite|[spread] p2a,p2b\n|-supereffective|p2a: Dragonite\n|-damage|p2a: Dragonite|0 fnt\n|-damage|p2b: Sneasler|0 fnt\n|faint|p2a: Dragonite\n|faint|p2b: Sneasler\n|-unboost|p1b: Kommo-o|def|1\n|move|p1a: Sneasler|Close Combat|p2: Dragonite|[notarget]\n|-fail|p1a: Sneasler\n|\n|upkeep\n|\n|t:|1732036105\n|switch|p2b: Rillaboom|Rillaboom, L50, F|100\/100\n|switch|p2a: Kingambit|Kingambit, L50, M|100\/100\n|-fieldstart|move: Grassy Terrain|[from] ability: Grassy Surge|[of] p2b: Rillaboom\n|turn|5\n|\n|t:|1732036115\n|-terastallize|p2a: Kingambit|Dark\n|move|p1b: Kommo-o|Protect|p1b: Kommo-o\n|-singleturn|p1b: Kommo-o|Protect\n|move|p1a: Sneasler|Protect|p1a: Sneasler\n|-singleturn|p1a: Sneasler|Protect\n|move|p2b: Rillaboom|Fake Out|p1a: Sneasler\n|-activate|p1a: Sneasler|move: Protect\n|move|p2a: Kingambit|Kowtow Cleave|p1b: Kommo-o\n|-activate|p1b: Kommo-o|move: Protect\n|\n|-heal|p1b: Kommo-o|74\/100|[from] Grassy Terrain\n|upkeep\n|turn|6\n|\n|t:|1732036132\n|move|p1b: Kommo-o|Flamethrower|p2b: Rillaboom\n|-supereffective|p2b: Rillaboom\n|-damage|p2b: Rillaboom|0 fnt\n|faint|p2b: Rillaboom\n|move|p1a: Sneasler|Dire Claw|p2a: Kingambit\n|-damage|p2a: Kingambit|65\/100\n|-status|p2a: Kingambit|slp\n|cant|p2a: Kingambit|slp\n|\n|-heal|p1b: Kommo-o|79\/100|[from] Grassy Terrain\n|-heal|p2a: Kingambit|71\/100 slp|[from] Grassy Terrain\n|upkeep\n|turn|7\n|-message|bubblesburst forfeited.\n|\n|win|daniiivgc\n|raw|daniiivgc's rating: 1667 &rarr; <strong>1689<\/strong><br \/>(+22 for winning)\n|raw|bubblesburst's rating: 1703 &rarr; <strong>1681<\/strong><br \/>(-22 for losing)\n|l|\u203ddaniiivgc\n|player|p1|\n|l|\u2606bubblesburst\n|player|p2|\n","uploadtime":1732036374,"views":13,"formatid":"gen9vgc2024regh","rating":1681,"private":0,"password":null}