{"id":"gen9vgc2024regh-2246464121","format":"[Gen 9] VGC 2024 Reg H","players":["VGCLTH John Pork","Brave12223"],"log":"|raw|<div class=\"broadcast-blue\"><strong>This battle is required to be public due to a player having a name starting with 'vgclth'.<\/div>\n|j|\u2606VGCLTH John Pork\n|j|\u2606Brave12223\n|t:|1731964738\n|gametype|doubles\n|player|p1|VGCLTH John Pork|ogreclan|1772\n|player|p2|Brave12223|ingo|1775\n|teamsize|p1|6\n|teamsize|p2|6\n|gen|9\n|tier|[Gen 9] VGC 2024 Reg H\n|rated|\n|rule|Species Clause: Limit one of each Pok\u00e9mon\n|rule|Item Clause: Limit 1 of each item\n|clearpoke\n|poke|p1|Whimsicott, L50, M|\n|poke|p1|Typhlosion-Hisui, L50, F|\n|poke|p1|Annihilape, L50, M|\n|poke|p1|Maushold-Four, L50|\n|poke|p1|Farigiraf, L50, F|\n|poke|p1|Ursaluna-Bloodmoon, L50, M|\n|poke|p2|Tyranitar, L50, F|\n|poke|p2|Gastrodon, L50, F|\n|poke|p2|Garchomp, L50, F|\n|poke|p2|Talonflame, L50, F|\n|poke|p2|Tsareena, L50, F|\n|poke|p2|Kingambit, L50, F|\n|teampreview|4\n|inactive|Battle timer is ON: inactive players will automatically lose when time's up. (requested by VGCLTH John Pork)\n|\n|t:|1731964760\n|start\n|switch|p1a: Sedate|Maushold-Four, L50|100\/100\n|switch|p1b: They remain|Farigiraf, L50, F|100\/100\n|switch|p2a: Talonflame|Talonflame, L50, F|100\/100\n|switch|p2b: Garchomp|Garchomp, L50, F|100\/100\n|turn|1\n|inactive|Brave12223 has 30 seconds left.\n|\n|t:|1731964793\n|-terastallize|p2b: Garchomp|Ground\n|move|p1a: Sedate|Follow Me|p1a: Sedate\n|-singleturn|p1a: Sedate|move: Follow Me\n|move|p2a: Talonflame|Taunt|p1a: Sedate\n|-start|p1a: Sedate|move: Taunt\n|move|p2b: Garchomp|Earthquake|p1b: They remain|[spread] p1a,p1b\n|-immune|p2a: Talonflame\n|-damage|p1a: Sedate|0 fnt\n|-damage|p1b: They remain|22\/100\n|faint|p1a: Sedate\n|move|p1b: They remain|Trick Room|p1b: They remain\n|-fieldstart|move: Trick Room|[of] p1b: They remain\n|\n|upkeep\n|\n|t:|1731964800\n|switch|p1a: Unashamed|Ursaluna-Bloodmoon, L50, M|100\/100\n|turn|2\n|\n|t:|1731964822\n|switch|p2a: Tyranitar|Tyranitar, L50, F|100\/100\n|-weather|Sandstorm|[from] ability: Sand Stream|[of] p2a: Tyranitar\n|-terastallize|p1a: Unashamed|Normal\n|move|p1a: Unashamed|Hyper Voice|p2a: Tyranitar|[spread] p2a,p2b\n|-resisted|p2a: Tyranitar\n|-damage|p2a: Tyranitar|80\/100\n|-damage|p2b: Garchomp|22\/100\n|-damage|p1a: Unashamed|91\/100|[from] item: Life Orb\n|move|p1b: They remain|Hyper Voice|p2a: Tyranitar|[spread] p2a,p2b\n|-resisted|p2a: Tyranitar\n|-damage|p2a: Tyranitar|71\/100\n|-damage|p2b: Garchomp|0 fnt\n|faint|p2b: Garchomp\n|-enditem|p1b: They remain|Throat Spray\n|-boost|p1b: They remain|spa|1|[from] item: Throat Spray\n|\n|-weather|Sandstorm|[upkeep]\n|-damage|p1a: Unashamed|85\/100|[from] Sandstorm\n|-damage|p1b: They remain|16\/100|[from] Sandstorm\n|upkeep\n|\n|t:|1731964837\n|switch|p2b: Kingambit|Kingambit, L50, F|100\/100\n|turn|3\n|\n|t:|1731964843\n|move|p2b: Kingambit|Protect|p2b: Kingambit\n|-singleturn|p2b: Kingambit|Protect\n|move|p2a: Tyranitar|Protect|p2a: Tyranitar\n|-singleturn|p2a: Tyranitar|Protect\n|move|p1a: Unashamed|Earth Power|p2a: Tyranitar\n|-activate|p2a: Tyranitar|move: Protect\n|move|p1b: They remain|Hyper Voice|p2b: Kingambit|[spread] \n|-activate|p2a: Tyranitar|move: Protect\n|-activate|p2b: Kingambit|move: Protect\n|\n|-weather|Sandstorm|[upkeep]\n|-damage|p1a: Unashamed|78\/100|[from] Sandstorm\n|-damage|p1b: They remain|9\/100|[from] Sandstorm\n|upkeep\n|turn|4\n|\n|t:|1731964863\n|move|p2b: Kingambit|Kowtow Cleave|p1a: Unashamed\n|-damage|p1a: Unashamed|38\/100\n|move|p1a: Unashamed|Earth Power|p2b: Kingambit\n|-supereffective|p2b: Kingambit\n|-damage|p2b: Kingambit|0 fnt\n|faint|p2b: Kingambit\n|-damage|p1a: Unashamed|29\/100|[from] item: Life Orb\n|move|p1b: They remain|Hyper Voice|p2a: Tyranitar\n|-resisted|p2a: Tyranitar\n|-damage|p2a: Tyranitar|50\/100\n|move|p2a: Tyranitar|Knock Off|p1a: Unashamed\n|-damage|p1a: Unashamed|0 fnt\n|-enditem|p1a: Unashamed|Life Orb|[from] move: Knock Off|[of] p2a: Tyranitar\n|faint|p1a: Unashamed\n|\n|-weather|Sandstorm|[upkeep]\n|-damage|p1b: They remain|3\/100|[from] Sandstorm\n|upkeep\n|\n|t:|1731964869\n|switch|p2b: Talonflame|Talonflame, L50, F|100\/100\n|switch|p1a: It\u2019s used to|Annihilape, L50, M|100\/100\n|turn|5\n|\n|t:|1731964874\n|move|p2a: Tyranitar|Protect|p2a: Tyranitar\n|-singleturn|p2a: Tyranitar|Protect\n|move|p1b: They remain|Psychic Noise|p2b: Talonflame\n|-damage|p2b: Talonflame|30\/100\n|-start|p2b: Talonflame|move: Heal Block\n|move|p1a: It\u2019s used to|Drain Punch|p2b: Talonflame\n|-resisted|p2b: Talonflame\n|-damage|p2b: Talonflame|0 fnt\n|faint|p2b: Talonflame\n|\n|-weather|Sandstorm|[upkeep]\n|-damage|p1b: They remain|0 fnt|[from] Sandstorm\n|-damage|p1a: It\u2019s used to|95\/100|[from] Sandstorm\n|faint|p1b: They remain\n|-fieldend|move: Trick Room\n|upkeep\n|turn|6\n|\n|t:|1731964881\n|move|p1a: It\u2019s used to|Drain Punch|p2a: Tyranitar\n|-supereffective|p2a: Tyranitar\n|-damage|p2a: Tyranitar|0 fnt\n|-heal|p1a: It\u2019s used to|100\/100|[from] drain|[of] p2a: Tyranitar\n|faint|p2a: Tyranitar\n|\n|win|VGCLTH John Pork\n|raw|VGCLTH John Pork's rating: 1772 &rarr; <strong>1792<\/strong><br \/>(+20 for winning)\n|raw|Brave12223's rating: 1775 &rarr; <strong>1755<\/strong><br \/>(-20 for losing)\n|j| UGCL\n|l|\u2606Brave12223\n|player|p2|\n|c| UGCL|Jhon pork calling\n|c|\u2606VGCLTH John Pork|I finally beat a sand team\n|c|\u2606VGCLTH John Pork|john pork calling\n|c|\u2606VGCLTH John Pork|bzzzz\n|c| UGCL|:fire:\n|l|\u2606VGCLTH John Pork\n|player|p1|\n","uploadtime":1731965085,"views":17,"formatid":"gen9vgc2024regh","rating":1755,"private":0,"password":null}