{"id":"gen9vgc2024regh-2246147296","format":"[Gen 9] VGC 2024 Reg H","players":["VGCLTH Rishi","gw_8941"],"log":"|raw|<div class=\"broadcast-blue\"><strong>This battle is required to be public due to a player having a name starting with 'vgclth'.<\/div>\n|j|\u2606VGCLTH Rishi\n|j|\u2606gw_8941\n|t:|1731931234\n|gametype|doubles\n|player|p1|VGCLTH Rishi|shauntal|1802\n|player|p2|gw_8941|hilbert-wonderlauncher|1783\n|teamsize|p1|6\n|teamsize|p2|6\n|gen|9\n|tier|[Gen 9] VGC 2024 Reg H\n|rated|\n|rule|Species Clause: Limit one of each Pok\u00e9mon\n|rule|Item Clause: Limit 1 of each item\n|clearpoke\n|poke|p1|Kommo-o, L50, M|\n|poke|p1|Rillaboom, L50, F|\n|poke|p1|Tyranitar, L50, M|\n|poke|p1|Talonflame, L50, F|\n|poke|p1|Gholdengo, L50|\n|poke|p1|Milotic, L50, M|\n|poke|p2|Tatsugiri, L50, M|\n|poke|p2|Volcarona, L50, F|\n|poke|p2|Dragonite, L50, M|\n|poke|p2|Archaludon, L50, M|\n|poke|p2|Dondozo, L50, M|\n|poke|p2|Pelipper, L50, M|\n|teampreview|4\n|inactive|Battle timer is ON: inactive players will automatically lose when time's up. (requested by gw_8941)\n|inactive|VGCLTH Rishi has 60 seconds left.\n|inactive|gw_8941 has 60 seconds left.\n|inactive|VGCLTH Rishi has 30 seconds left.\n|j| volcaronavgc\n|inactive|VGCLTH Rishi has 20 seconds left.\n|inactive|VGCLTH Rishi has 15 seconds left.\n|inactive|VGCLTH Rishi has 10 seconds left.\n|j| Conquistatore\n|l| Conquistatore\n|inactive|VGCLTH Rishi has 5 seconds left.\n|\n|t:|1731931321\n|start\n|switch|p1a: Kommo-o|Kommo-o, L50, M|100\/100\n|switch|p1b: Talonflame|Talonflame, L50, F|100\/100\n|switch|p2a: Dondozo|Dondozo, L50, M|100\/100\n|switch|p2b: Archaludon|Archaludon, L50, M|100\/100\n|turn|1\n|c| volcaronavgc|Rishi how tf was top 8 1866\n|c| volcaronavgc|\ud83d\udc80\n|c|\u2606VGCLTH Rishi|no clue\n|c|\u2606VGCLTH Rishi|LOL\n|c| volcaronavgc|Welp i might try this week\n|inactive|gw_8941 has 30 seconds left.\n|inactive|gw_8941 has 20 seconds left.\n|inactive|gw_8941 has 15 seconds left.\n|inactive|gw_8941 has 10 seconds left.\n|\n|t:|1731931368\n|switch|p2b: Tatsugiri|Tatsugiri, L50, M|100\/100\n|-activate|p2b: Tatsugiri|ability: Commander|[of] p2a: Dondozo\n|-boost|p2a: Dondozo|atk|2\n|-boost|p2a: Dondozo|spa|2\n|-boost|p2a: Dondozo|spe|2\n|-boost|p2a: Dondozo|def|2\n|-boost|p2a: Dondozo|spd|2\n|-terastallize|p1a: Kommo-o|Steel\n|-terastallize|p2a: Dondozo|Water\n|move|p1b: Talonflame|Tailwind|p1b: Talonflame\n|-sidestart|p1: VGCLTH Rishi|move: Tailwind\n|move|p1a: Kommo-o|Body Press|p2b: Tatsugiri|[miss]\n|-miss|p1a: Kommo-o|p2b: Tatsugiri\n|move|p2a: Dondozo|Surf|p1b: Talonflame|[spread] p1a,p1b\n|-miss|p2a: Dondozo|p2b: Tatsugiri\n|-supereffective|p1b: Talonflame\n|-damage|p1a: Kommo-o|25\/100\n|-damage|p1b: Talonflame|0 fnt\n|faint|p1b: Talonflame\n|-damage|p2a: Dondozo|91\/100|[from] item: Life Orb\n|\n|-heal|p1a: Kommo-o|31\/100|[from] item: Leftovers\n|upkeep\n|\n|t:|1731931381\n|switch|p1b: Rillaboom|Rillaboom, L50, F, shiny|100\/100\n|-fieldstart|move: Grassy Terrain|[from] ability: Grassy Surge|[of] p1b: Rillaboom\n|turn|2\n|inactive|gw_8941 has 30 seconds left.\n|\n|t:|1731931411\n|switch|p1a: Milotic|Milotic, L50, M|100\/100\n|move|p1b: Rillaboom|Wood Hammer|p2a: Dondozo\n|-supereffective|p2a: Dondozo\n|-damage|p2a: Dondozo|19\/100\n|-damage|p1b: Rillaboom|73\/100|[from] Recoil\n|move|p2a: Dondozo|Surf|p1a: Milotic|[spread] p1a,p1b\n|-miss|p2a: Dondozo|p2b: Tatsugiri\n|-resisted|p1a: Milotic\n|-resisted|p1b: Rillaboom\n|-damage|p1a: Milotic|72\/100\n|-damage|p1b: Rillaboom|23\/100\n|-damage|p2a: Dondozo|9\/100|[from] item: Life Orb\n|\n|-heal|p1b: Rillaboom|29\/100|[from] Grassy Terrain\n|-heal|p1a: Milotic|78\/100|[from] Grassy Terrain\n|-heal|p2a: Dondozo|16\/100|[from] Grassy Terrain\n|upkeep\n|turn|3\n|\n|t:|1731931434\n|move|p1b: Rillaboom|Grassy Glide|p2a: Dondozo\n|-supereffective|p2a: Dondozo\n|-damage|p2a: Dondozo|0 fnt\n|faint|p2a: Dondozo\n|move|p1a: Milotic|Ice Beam|p2b: Tatsugiri\n|-damage|p2b: Tatsugiri|70\/100\n|\n|-heal|p1b: Rillaboom|35\/100|[from] Grassy Terrain\n|-heal|p2b: Tatsugiri|75\/100|[from] Grassy Terrain\n|-heal|p1a: Milotic|84\/100|[from] Grassy Terrain\n|upkeep\n|\n|t:|1731931441\n|switch|p2a: Archaludon|Archaludon, L50, M|100\/100\n|turn|4\n|inactive|gw_8941 has 30 seconds left.\n|\n|t:|1731931467\n|switch|p2b: Pelipper|Pelipper, L50, M|100\/100\n|-weather|RainDance|[from] ability: Drizzle|[of] p2b: Pelipper\n|move|p1b: Rillaboom|Grassy Glide|p2b: Pelipper\n|-damage|p2b: Pelipper|39\/100\n|move|p1a: Milotic|Ice Beam|p2a: Archaludon\n|-damage|p2a: Archaludon|61\/100\n|move|p2a: Archaludon|Electro Shot||[still]\n|-prepare|p2a: Archaludon|Electro Shot\n|-boost|p2a: Archaludon|spa|1\n|-anim|p2a: Archaludon|Electro Shot|p1a: Milotic\n|-supereffective|p1a: Milotic\n|-damage|p1a: Milotic|0 fnt\n|faint|p1a: Milotic\n|\n|-weather|RainDance|[upkeep]\n|-heal|p1b: Rillaboom|41\/100|[from] Grassy Terrain\n|-heal|p2a: Archaludon|67\/100|[from] Grassy Terrain\n|-sideend|p1: VGCLTH Rishi|move: Tailwind\n|upkeep\n|\n|t:|1731931475\n|switch|p1a: Kommo-o|Kommo-o, L50, M, tera:Steel|31\/100\n|turn|5\n|j| lanlanc2\n|l| lanlanc2\n|j| lanlanc2\n|inactive|VGCLTH Rishi has 30 seconds left.\n|-message|VGCLTH Rishi forfeited.\n|\n|win|gw_8941\n|raw|VGCLTH Rishi's rating: 1802 &rarr; <strong>1781<\/strong><br \/>(-21 for losing)\n|raw|gw_8941's rating: 1783 &rarr; <strong>1804<\/strong><br \/>(+21 for winning)\n|l| volcaronavgc\n|l|\u2606VGCLTH Rishi\n|player|p1|\n|l| lanlanc2\n|j| quhairuru\n","uploadtime":1731931649,"views":39,"formatid":"gen9vgc2024regh","rating":1781,"private":0,"password":null}