{"id":"gen9vgc2024regh-2246660378","format":"[Gen 9] VGC 2024 Reg H","players":["VGCLTH Bigfoot","The Umpire"],"log":"|raw|<div class=\"broadcast-blue\"><strong>This battle is required to be public due to a player having a name starting with 'vgclth'.<\/div>\n|j|\u2606VGCLTH Bigfoot\n|j|\u2606The Umpire\n|t:|1731989185\n|gametype|doubles\n|player|p1|VGCLTH Bigfoot|falkner|1726\n|player|p2|The Umpire|volkner|1778\n|teamsize|p1|6\n|teamsize|p2|6\n|gen|9\n|tier|[Gen 9] VGC 2024 Reg H\n|rated|\n|rule|Species Clause: Limit one of each Pok\u00e9mon\n|rule|Item Clause: Limit 1 of each item\n|clearpoke\n|poke|p1|Ceruledge, L50, M|\n|poke|p1|Gastrodon-East, L50, F|\n|poke|p1|Sneasler, L50, M|\n|poke|p1|Dragonite, L50, M|\n|poke|p1|Rillaboom, L50, F|\n|poke|p1|Kingambit, L50, M|\n|poke|p2|Clefairy, L50, F|\n|poke|p2|Sneasler, L50, M|\n|poke|p2|Ursaluna-Bloodmoon, L50, M|\n|poke|p2|Dragonite, L50, M|\n|poke|p2|Gholdengo, L50|\n|poke|p2|Incineroar, L50, M|\n|teampreview|4\n|j| Aguss_deluxe\n|j| plplk\n|l| plplk\n|\n|t:|1731989206\n|start\n|switch|p1a: Kingambit|Kingambit, L50, M|100\/100\n|switch|p1b: Rillaboom|Rillaboom, L50, F|100\/100\n|switch|p2a: Sneasler|Sneasler, L50, M|100\/100\n|switch|p2b: Dragonite|Dragonite, L50, M|100\/100\n|-fieldstart|move: Grassy Terrain|[from] ability: Grassy Surge|[of] p1b: Rillaboom\n|turn|1\n|j| hail oil\n|\n|t:|1731989225\n|-terastallize|p1a: Kingambit|Flying\n|move|p2a: Sneasler|Fake Out|p1b: Rillaboom\n|-damage|p1b: Rillaboom|86\/100\n|cant|p1b: Rillaboom|flinch\n|move|p2b: Dragonite|Scale Shot|p1b: Rillaboom\n|-damage|p1b: Rillaboom|69\/100\n|-damage|p1b: Rillaboom|54\/100\n|-damage|p1b: Rillaboom|36\/100\n|-damage|p1b: Rillaboom|20\/100\n|-hitcount|p1b: Rillaboom|4\n|-unboost|p2b: Dragonite|def|1\n|-boost|p2b: Dragonite|spe|1\n|move|p1a: Kingambit|Tera Blast|p2a: Sneasler|[anim] Tera Blast Flying\n|-supereffective|p2a: Sneasler\n|-enditem|p2a: Sneasler|Focus Sash\n|-damage|p2a: Sneasler|1\/100\n|\n|-heal|p2a: Sneasler|7\/100|[from] Grassy Terrain\n|-heal|p1b: Rillaboom|26\/100|[from] Grassy Terrain\n|upkeep\n|turn|2\n|j| sprocke123\n|\n|t:|1731989261\n|move|p2b: Dragonite|Extreme Speed|p1b: Rillaboom\n|-damage|p1b: Rillaboom|0 fnt\n|faint|p1b: Rillaboom\n|move|p2a: Sneasler|Dire Claw|p1a: Kingambit\n|-damage|p1a: Kingambit|67\/100\n|-status|p1a: Kingambit|slp\n|cant|p1a: Kingambit|slp\n|\n|-heal|p2a: Sneasler|13\/100|[from] Grassy Terrain\n|upkeep\n|\n|t:|1731989266\n|switch|p1b: Sneasler|Sneasler, L50, M, shiny|100\/100\n|turn|3\n|\n|t:|1731989276\n|move|p1b: Sneasler|Fake Out|p2b: Dragonite\n|-damage|p2b: Dragonite|90\/100\n|cant|p2b: Dragonite|flinch\n|move|p2a: Sneasler|Dire Claw|p1a: Kingambit\n|-damage|p1a: Kingambit|36\/100 slp\n|-curestatus|p1a: Kingambit|slp|[msg]\n|move|p1a: Kingambit|Kowtow Cleave|p2b: Dragonite\n|-damage|p2b: Dragonite|8\/100\n|\n|-heal|p2a: Sneasler|18\/100|[from] Grassy Terrain\n|upkeep\n|turn|4\n|\n|t:|1731989292\n|switch|p1a: Ceruledge|Ceruledge, L50, M|100\/100\n|move|p2b: Dragonite|Extreme Speed|p1b: Sneasler\n|-damage|p1b: Sneasler|50\/100\n|move|p2a: Sneasler|Dire Claw|p1a: Ceruledge\n|-resisted|p1a: Ceruledge\n|-damage|p1a: Ceruledge|76\/100\n|move|p1b: Sneasler|Dire Claw|p2b: Dragonite\n|-damage|p2b: Dragonite|0 fnt\n|faint|p2b: Dragonite\n|\n|-heal|p2a: Sneasler|24\/100|[from] Grassy Terrain\n|-heal|p1b: Sneasler|55\/100|[from] Grassy Terrain\n|-heal|p1a: Ceruledge|82\/100|[from] Grassy Terrain\n|-heal|p1a: Ceruledge|88\/100|[from] item: Leftovers\n|upkeep\n|l| sprocke123\n|\n|t:|1731989315\n|switch|p2b: Ursaluna|Ursaluna-Bloodmoon, L50, M|100\/100\n|turn|5\n|\n|t:|1731989333\n|switch|p2a: Clefairy|Clefairy, L50, F|100\/100\n|-terastallize|p2b: Ursaluna|Dragon\n|move|p1a: Ceruledge|Shadow Sneak|p2a: Clefairy\n|-damage|p2a: Clefairy|82\/100\n|move|p1b: Sneasler|Close Combat|p2b: Ursaluna\n|-damage|p2b: Ursaluna|66\/100\n|-unboost|p1b: Sneasler|def|1\n|-unboost|p1b: Sneasler|spd|1\n|move|p2b: Ursaluna|Hyper Voice|p1b: Sneasler|[spread] p1a,p1b\n|-damage|p1a: Ceruledge|55\/100\n|-damage|p1b: Sneasler|0 fnt\n|faint|p1b: Sneasler\n|\n|-heal|p1a: Ceruledge|61\/100|[from] Grassy Terrain\n|-heal|p1a: Ceruledge|67\/100|[from] item: Leftovers\n|-heal|p2b: Ursaluna|72\/100|[from] Grassy Terrain\n|-heal|p2a: Clefairy|88\/100|[from] Grassy Terrain\n|-fieldend|move: Grassy Terrain\n|upkeep\n|\n|t:|1731989338\n|switch|p1b: Kingambit|Kingambit, L50, M, tera:Flying|36\/100\n|turn|6\n|\n|t:|1731989354\n|move|p1a: Ceruledge|Bulk Up|p1a: Ceruledge\n|-boost|p1a: Ceruledge|atk|1\n|-boost|p1a: Ceruledge|def|1\n|move|p2b: Ursaluna|Blood Moon|p1b: Kingambit\n|-damage|p1b: Kingambit|0 fnt\n|faint|p1b: Kingambit\n|move|p2a: Clefairy|Moonblast|p1a: Ceruledge\n|-resisted|p1a: Ceruledge\n|-damage|p1a: Ceruledge|56\/100\n|-unboost|p1a: Ceruledge|spa|1\n|\n|-heal|p1a: Ceruledge|62\/100|[from] item: Leftovers\n|upkeep\n|turn|7\n|l| hail oil\n|\n|t:|1731989373\n|move|p2a: Clefairy|Follow Me|p2a: Clefairy\n|-singleturn|p2a: Clefairy|move: Follow Me\n|move|p1a: Ceruledge|Bitter Blade|p2a: Clefairy\n|-damage|p2a: Clefairy|28\/100\n|-heal|p1a: Ceruledge|92\/100|[from] drain|[of] p2a: Clefairy\n|move|p2b: Ursaluna|Earth Power|p1a: Ceruledge\n|-supereffective|p1a: Ceruledge\n|-damage|p1a: Ceruledge|2\/100\n|\n|-heal|p1a: Ceruledge|8\/100|[from] item: Leftovers\n|upkeep\n|turn|8\n|-message|VGCLTH Bigfoot forfeited.\n|\n|win|The Umpire\n|raw|VGCLTH Bigfoot's rating: 1726 &rarr; <strong>1709<\/strong><br \/>(-17 for losing)\n|raw|The Umpire's rating: 1778 &rarr; <strong>1795<\/strong><br \/>(+17 for winning)\n|l|\u2606VGCLTH Bigfoot\n|player|p1|\n|l|\u2606The Umpire\n|player|p2|\n|l| Aguss_deluxe\n","uploadtime":1731989521,"views":16,"formatid":"gen9vgc2024regh","rating":1709,"private":0,"password":null}