{"id":"gen9vgc2024regh-2246660019","format":"[Gen 9] VGC 2024 Reg H","players":["VGCLTH Slow","spikemonkey76701"],"log":"|raw|<div class=\"broadcast-blue\"><strong>This battle is required to be public due to a player having a name starting with 'vgclth'.<\/div>\n|j|\u2606VGCLTH Slow\n|j|\u2606spikemonkey76701\n|t:|1731989134\n|gametype|doubles\n|player|p1|VGCLTH Slow|skier|1657\n|player|p2|spikemonkey76701|swimmerf|1807\n|teamsize|p1|6\n|teamsize|p2|6\n|gen|9\n|tier|[Gen 9] VGC 2024 Reg H\n|rated|\n|rule|Species Clause: Limit one of each Pok\u00e9mon\n|rule|Item Clause: Limit 1 of each item\n|clearpoke\n|poke|p1|Sableye, L50, F|\n|poke|p1|Sylveon, L50, F|\n|poke|p1|Maushold-Four, L50|\n|poke|p1|Volcarona, L50, F|\n|poke|p1|Rillaboom, L50, F|\n|poke|p1|Annihilape, L50, M|\n|poke|p2|Primarina, L50, F|\n|poke|p2|Pelipper, L50, F|\n|poke|p2|Ursaluna, L50, M|\n|poke|p2|Archaludon, L50, F|\n|poke|p2|Sinistcha, L50|\n|poke|p2|Sneasler, L50, M|\n|teampreview|4\nVGCLTH Slow has agreed to open team sheets.\n|inactive|Battle timer is ON: inactive players will automatically lose when time's up. (requested by VGCLTH Slow)\n|inactive|spikemonkey76701 has 60 seconds left.\n|\n|t:|1731989190\n|start\n|switch|p1a: Koko The Gorythmic|Rillaboom, L50, F|100\/100\n|switch|p1b: Shamonerona|Volcarona, L50, F, shiny|100\/100\n|switch|p2a: Ursaluna|Ursaluna, L50, M|100\/100\n|switch|p2b: Sneasler|Sneasler, L50, M|100\/100\n|-fieldstart|move: Grassy Terrain|[from] ability: Grassy Surge|[of] p1a: Koko The Gorythmic\n|turn|1\n|j| plplk\n|l| plplk\n|\n|t:|1731989213\n|switch|p1a: Snowblind|Sableye, L50, F|100\/100\n|move|p2b: Sneasler|Dire Claw|p1a: Snowblind\n|-resisted|p1a: Snowblind\n|-damage|p1a: Snowblind|73\/100\n|move|p1b: Shamonerona|Quiver Dance|p1b: Shamonerona\n|-boost|p1b: Shamonerona|spa|1\n|-boost|p1b: Shamonerona|spd|1\n|-boost|p1b: Shamonerona|spe|1\n|move|p2a: Ursaluna|Headlong Rush|p1b: Shamonerona\n|-damage|p1b: Shamonerona|22\/100\n|-unboost|p2a: Ursaluna|def|1\n|-unboost|p2a: Ursaluna|spd|1\n|-status|p2a: Ursaluna|brn|[from] ability: Flame Body|[of] p1b: Shamonerona\n|\n|-heal|p1b: Shamonerona|28\/100|[from] Grassy Terrain\n|-heal|p1a: Snowblind|79\/100|[from] Grassy Terrain\n|-damage|p2a: Ursaluna|95\/100 brn|[from] brn\n|upkeep\n|turn|2\n|inactive|spikemonkey76701 has 30 seconds left.\n|inactive|spikemonkey76701 has 20 seconds left.\n|inactive|spikemonkey76701 has 15 seconds left.\n|\n|t:|1731989257\n|-terastallize|p1b: Shamonerona|Grass\n|move|p2b: Sneasler|Protect|p2b: Sneasler\n|-singleturn|p2b: Sneasler|Protect\n|move|p1a: Snowblind|Disable|p2b: Sneasler\n|-activate|p2b: Sneasler|move: Protect\n|move|p1b: Shamonerona|Giga Drain|p2a: Ursaluna\n|-supereffective|p2a: Ursaluna\n|-damage|p2a: Ursaluna|0 fnt\n|-heal|p1b: Shamonerona|83\/100|[from] drain|[of] p2a: Ursaluna\n|faint|p2a: Ursaluna\n|\n|-heal|p1b: Shamonerona|88\/100|[from] Grassy Terrain\n|-heal|p1a: Snowblind|84\/100|[from] Grassy Terrain\n|upkeep\n|\n|t:|1731989275\n|switch|p2a: Sinistcha|Sinistcha, L50|100\/100\n|turn|3\n|\n|t:|1731989291\n|switch|p1a: They\/Them|Maushold-Four, L50, shiny|100\/100\n|-terastallize|p2b: Sneasler|Stellar\n|move|p1b: Shamonerona|Protect|p1b: Shamonerona\n|-singleturn|p1b: Shamonerona|Protect\n|move|p2a: Sinistcha|Rage Powder|p2a: Sinistcha\n|-singleturn|p2a: Sinistcha|move: Rage Powder\n|move|p2b: Sneasler|Dire Claw|p1b: Shamonerona\n|-activate|p1b: Shamonerona|move: Protect\n|\n|-heal|p1b: Shamonerona|94\/100|[from] Grassy Terrain\n|upkeep\n|turn|4\n|\n|t:|1731989303\n|move|p1a: They\/Them|Follow Me|p1a: They\/Them\n|-singleturn|p1a: They\/Them|move: Follow Me\n|move|p2a: Sinistcha|Rage Powder|p2a: Sinistcha\n|-singleturn|p2a: Sinistcha|move: Rage Powder\n|move|p1b: Shamonerona|Heat Wave|p2b: Sneasler|[spread] p2a,p2b\n|-supereffective|p2a: Sinistcha\n|-damage|p2a: Sinistcha|0 fnt\n|-damage|p2b: Sneasler|31\/100\n|faint|p2a: Sinistcha\n|move|p2b: Sneasler|Dire Claw|p1a: They\/Them\n|-damage|p1a: They\/Them|24\/100\n|\n|-heal|p1b: Shamonerona|99\/100|[from] Grassy Terrain\n|-heal|p2b: Sneasler|37\/100|[from] Grassy Terrain\n|-heal|p1a: They\/Them|30\/100|[from] Grassy Terrain\n|upkeep\n|\n|t:|1731989314\n|switch|p2a: Primarina|Primarina, L50, F|100\/100\n|turn|5\n|\n|t:|1731989322\n|move|p2a: Primarina|Protect|p2a: Primarina\n|-singleturn|p2a: Primarina|Protect\n|move|p1a: They\/Them|Follow Me|p1a: They\/Them\n|-singleturn|p1a: They\/Them|move: Follow Me\n|move|p1b: Shamonerona|Heat Wave|p2a: Primarina|[spread] p2b\n|-activate|p2a: Primarina|move: Protect\n|-damage|p2b: Sneasler|0 fnt\n|faint|p2b: Sneasler\n|\n|-heal|p1b: Shamonerona|100\/100|[from] Grassy Terrain\n|-heal|p1a: They\/Them|36\/100|[from] Grassy Terrain\n|-fieldend|move: Grassy Terrain\n|upkeep\n|turn|6\n|-message|spikemonkey76701 forfeited.\n|\n|win|VGCLTH Slow\n|raw|VGCLTH Slow's rating: 1657 &rarr; <strong>1685<\/strong><br \/>(+28 for winning)\n|raw|spikemonkey76701's rating: 1807 &rarr; <strong>1779<\/strong><br \/>(-28 for losing)\n|l|\u2606spikemonkey76701\n|player|p2|\n|l|\u2606VGCLTH Slow\n|player|p1|\n","uploadtime":1731989336,"views":15,"formatid":"gen9vgc2024regh","rating":1685,"private":0,"password":null}