{"id":"gen9vgc2024regh-2246420457","format":"[Gen 9] VGC 2024 Reg H","players":["don't use magmar","VGCLTH terran"],"log":"|raw|<div class=\"broadcast-blue\"><strong>This battle is required to be public due to a player having a name starting with 'vgclth'.<\/div>\n|j|\u2606don't use magmar\n|j|\u2606VGCLTH terran\n|t:|1731960376\n|gametype|doubles\n|player|p1|don't use magmar|lucas|1758\n|player|p2|VGCLTH terran|rood|1731\n|teamsize|p1|6\n|teamsize|p2|6\n|gen|9\n|tier|[Gen 9] VGC 2024 Reg H\n|rated|\n|rule|Species Clause: Limit one of each Pok\u00e9mon\n|rule|Item Clause: Limit 1 of each item\n|clearpoke\n|poke|p1|Gholdengo, L50|\n|poke|p1|Annihilape, L50, M|\n|poke|p1|Ursaluna-Bloodmoon, L50, M|\n|poke|p1|Rillaboom, L50, F|\n|poke|p1|Dragonite, L50, F|\n|poke|p1|Ninetales-Alola, L50, M|\n|poke|p2|Ninetales-Alola, L50, F|\n|poke|p2|Rillaboom, L50, F|\n|poke|p2|Magmar, L50, F|\n|poke|p2|Sneasler, L50, F|\n|poke|p2|Kingambit, L50, F|\n|poke|p2|Basculegion, L50, M|\n|teampreview|4\n|j| mr pogostick\n|j| zer90\n|\n|t:|1731960420\n|start\n|switch|p1a: Ninetales|Ninetales-Alola, L50, M|100\/100\n|switch|p1b: Ursaluna|Ursaluna-Bloodmoon, L50, M|100\/100\n|switch|p2a: Sneasler|Sneasler, L50, F|100\/100\n|switch|p2b: Kingambit|Kingambit, L50, F|100\/100\n|-weather|Snow|[from] ability: Snow Warning|[of] p1a: Ninetales\n|turn|1\n|\n|t:|1731960437\n|switch|p1b: Annihilape|Annihilape, L50, M|100\/100\n|move|p2a: Sneasler|Fake Out|p1b: Annihilape\n|-immune|p1b: Annihilape\n|move|p1a: Ninetales|Aurora Veil|p1a: Ninetales\n|-sidestart|p1: don't use magmar|move: Aurora Veil\n|move|p2b: Kingambit|Swords Dance|p2b: Kingambit\n|-boost|p2b: Kingambit|atk|2\n|\n|-weather|Snow|[upkeep]\n|upkeep\n|turn|2\n|l| zer90\n|inactive|Battle timer is ON: inactive players will automatically lose when time's up. (requested by don't use magmar)\n|\n|t:|1731960485\n|-terastallize|p2b: Kingambit|Fire\n|move|p1b: Annihilape|Protect|p1b: Annihilape\n|-singleturn|p1b: Annihilape|Protect\n|move|p2a: Sneasler|Dire Claw|p1a: Ninetales\n|-supereffective|p1a: Ninetales\n|-damage|p1a: Ninetales|58\/100\n|-status|p1a: Ninetales|slp\n|cant|p1a: Ninetales|slp\n|move|p2b: Kingambit|Kowtow Cleave|p1b: Annihilape\n|-activate|p1b: Annihilape|move: Protect\n|\n|-weather|Snow|[upkeep]\n|upkeep\n|turn|3\n|\n|t:|1731960495\n|move|p2a: Sneasler|Dire Claw|p1a: Ninetales\n|-supereffective|p1a: Ninetales\n|-damage|p1a: Ninetales|15\/100 slp\n|-curestatus|p1a: Ninetales|slp|[msg]\n|move|p1a: Ninetales|Blizzard|p2b: Kingambit|[spread] p2a,p2b\n|-resisted|p2b: Kingambit\n|-damage|p2a: Sneasler|68\/100\n|-damage|p2b: Kingambit|88\/100\n|move|p1b: Annihilape|Bulk Up|p1b: Annihilape\n|-boost|p1b: Annihilape|atk|1\n|-boost|p1b: Annihilape|def|1\n|move|p2b: Kingambit|Kowtow Cleave|p1b: Annihilape\n|-damage|p1b: Annihilape|47\/100\n|\n|-weather|Snow|[upkeep]\n|upkeep\n|turn|4\n|j| zer90\n|\n|t:|1731960509\n|move|p1b: Annihilape|Protect|p1b: Annihilape\n|-singleturn|p1b: Annihilape|Protect\n|move|p2a: Sneasler|Dire Claw|p1a: Ninetales\n|-supereffective|p1a: Ninetales\n|-damage|p1a: Ninetales|0 fnt\n|faint|p1a: Ninetales\n|move|p2b: Kingambit|Swords Dance|p2b: Kingambit\n|-boost|p2b: Kingambit|atk|2\n|\n|-weather|Snow|[upkeep]\n|upkeep\n|\n|t:|1731960513\n|switch|p1a: Rillaboom|Rillaboom, L50, F|100\/100\n|-fieldstart|move: Grassy Terrain|[from] ability: Grassy Surge|[of] p1a: Rillaboom\n|turn|5\n|l| zer90\n|\n|t:|1731960523\n|switch|p2a: Ninetales|Ninetales-Alola, L50, F|100\/100\n|move|p2b: Kingambit|Protect|p2b: Kingambit\n|-singleturn|p2b: Kingambit|Protect\n|move|p1a: Rillaboom|Fake Out|p2b: Kingambit\n|-activate|p2b: Kingambit|move: Protect\n|move|p1b: Annihilape|Bulk Up|p1b: Annihilape\n|-boost|p1b: Annihilape|atk|1\n|-boost|p1b: Annihilape|def|1\n|\n|-weather|none\n|-heal|p1b: Annihilape|53\/100|[from] Grassy Terrain\n|-heal|p2b: Kingambit|94\/100|[from] Grassy Terrain\n|upkeep\n|turn|6\n|\n|t:|1731960530\n|move|p1b: Annihilape|Protect|p1b: Annihilape\n|-singleturn|p1b: Annihilape|Protect\n|move|p2a: Ninetales|Encore|p1b: Annihilape\n|-activate|p1b: Annihilape|move: Protect\n|move|p1a: Rillaboom|Wood Hammer|p2b: Kingambit\n|-resisted|p2b: Kingambit\n|-damage|p2b: Kingambit|52\/100\n|-damage|p1a: Rillaboom|88\/100|[from] Recoil\n|move|p2b: Kingambit|Kowtow Cleave|p1a: Rillaboom\n|-damage|p1a: Rillaboom|0 fnt\n|faint|p1a: Rillaboom\n|\n|-heal|p1b: Annihilape|59\/100|[from] Grassy Terrain\n|-heal|p2b: Kingambit|58\/100|[from] Grassy Terrain\n|upkeep\n|\n|t:|1731960534\n|switch|p1a: Ursaluna|Ursaluna-Bloodmoon, L50, M|100\/100\n|turn|7\n|\n|t:|1731960554\n|-terastallize|p1a: Ursaluna|Normal\n|move|p2b: Kingambit|Sucker Punch|p1a: Ursaluna\n|-damage|p1a: Ursaluna|30\/100\n|move|p2a: Ninetales|Encore|p1b: Annihilape\n|-start|p1b: Annihilape|Encore\n|move|p1b: Annihilape|Protect||[still]\n|-fail|p1b: Annihilape\n|move|p1a: Ursaluna|Earth Power|p2b: Kingambit\n|-supereffective|p2b: Kingambit\n|-damage|p2b: Kingambit|0 fnt\n|faint|p2b: Kingambit\n|\n|-heal|p1b: Annihilape|65\/100|[from] Grassy Terrain\n|-heal|p1a: Ursaluna|36\/100|[from] Grassy Terrain\n|upkeep\n|\n|t:|1731960559\n|switch|p2b: Sneasler|Sneasler, L50, F|68\/100\n|turn|8\n|j| zer90\n|-message|don't use magmar forfeited.\n|\n|win|VGCLTH terran\n|raw|don&apos;t use magmar's rating: 1758 &rarr; <strong>1736<\/strong><br \/>(-22 for losing)\n|raw|VGCLTH terran's rating: 1731 &rarr; <strong>1753<\/strong><br \/>(+22 for winning)\n|l|\u2606don't use magmar\n|player|p1|\n|l|\u2606VGCLTH terran\n|player|p2|\n","uploadtime":1731960775,"views":121,"formatid":"gen9vgc2024regh","rating":1736,"private":0,"password":null}