{"id":"gen9vgc2024regh-2246013333","format":"[Gen 9] VGC 2024 Reg H","players":["p2wchien","VGCLTH Sac gaming"],"log":"|raw|<div class=\"broadcast-blue\"><strong>This battle is required to be public due to a player having a name starting with 'vgclth'.<\/div>\n|j|\u2606p2wchien\n|j|\u2606VGCLTH Sac gaming\n|t:|1731906035\n|gametype|doubles\n|player|p1|p2wchien|hilbert|1686\n|player|p2|VGCLTH Sac gaming|steven|1680\n|teamsize|p1|6\n|teamsize|p2|6\n|gen|9\n|tier|[Gen 9] VGC 2024 Reg H\n|rated|\n|rule|Species Clause: Limit one of each Pok\u00e9mon\n|rule|Item Clause: Limit 1 of each item\n|clearpoke\n|poke|p1|Pikachu, L50, F|\n|poke|p1|Samurott-Hisui, L50, F|\n|poke|p1|Rillaboom, L50, M|\n|poke|p1|Arcanine-Hisui, L50, F|\n|poke|p1|Zoroark-Hisui, L50, F|\n|poke|p1|Corviknight, L50, F|\n|poke|p2|Whimsicott, L50, F|\n|poke|p2|Dragonite, L50, F|\n|poke|p2|Ursaluna-Bloodmoon, L50, M|\n|poke|p2|Gholdengo, L50|\n|poke|p2|Incineroar, L50, M|\n|poke|p2|Annihilape, L50, M|\n|teampreview|4\n|j| bluestraggler03\nVGCLTH Sac gaming rejected open team sheets.\n|inactive|Battle timer is ON: inactive players will automatically lose when time's up. (requested by p2wchien)\n|inactive|p2wchien has 60 seconds left.\n|inactive|p2wchien has 30 seconds left.\n|inactive|p2wchien has 20 seconds left.\n|inactive|p2wchien has 15 seconds left.\n|\n|t:|1731906118\n|start\n|switch|p1a: Samurott|Samurott-Hisui, L50, F|100\/100\n|switch|p1b: Corviknight|Corviknight, L50, F|100\/100\n|switch|p2a: Whimsicott|Whimsicott, L50, F|100\/100\n|switch|p2b: Gholdengo|Gholdengo, L50|100\/100\n|turn|1\n|inactive|p2wchien has 30 seconds left.\n|inactive|p2wchien has 20 seconds left.\n|j| Te sang hyeok\n|inactive|p2wchien has 15 seconds left.\n|l| Te sang hyeok\n|inactive|p2wchien has 10 seconds left.\n|\n|t:|1731906165\n|-terastallize|p2b: Gholdengo|Steel\n|move|p2a: Whimsicott|Tailwind|p2a: Whimsicott\n|-sidestart|p2: VGCLTH Sac gaming|move: Tailwind\n|move|p2b: Gholdengo|Make It Rain|p1a: Samurott|[spread] p1a,p1b\n|-resisted|p1b: Corviknight\n|-enditem|p1a: Samurott|Focus Sash\n|-damage|p1a: Samurott|1\/100\n|-damage|p1b: Corviknight|53\/100\n|-unboost|p2b: Gholdengo|spa|1\n|replace|p1a: Zoroark|Zoroark-Hisui, L50, F\n|-end|p1a: Zoroark|Illusion\n|move|p1a: Zoroark|Shadow Ball|p2a: Whimsicott\n|-damage|p2a: Whimsicott|29\/100\n|move|p1b: Corviknight|Brave Bird|p2a: Whimsicott\n|-supereffective|p2a: Whimsicott\n|-damage|p2a: Whimsicott|0 fnt\n|faint|p2a: Whimsicott\n|-damage|p1b: Corviknight|46\/100|[from] Recoil\n|\n|upkeep\n|\n|t:|1731906177\n|switch|p2a: Ursaluna|Ursaluna-Bloodmoon, L50, M|100\/100\n|turn|2\n|inactive|p2wchien has 30 seconds left.\n|\n|t:|1731906209\n|move|p1b: Corviknight|Protect|p1b: Corviknight\n|-singleturn|p1b: Corviknight|Protect\n|move|p2b: Gholdengo|Make It Rain|p1a: Zoroark|[spread] p1a\n|-activate|p1b: Corviknight|move: Protect\n|-damage|p1a: Zoroark|0 fnt\n|-unboost|p2b: Gholdengo|spa|1\n|faint|p1a: Zoroark\n|move|p2a: Ursaluna|Hyper Voice|p1b: Corviknight\n|-activate|p1b: Corviknight|move: Protect\n|\n|upkeep\n|\n|t:|1731906222\n|switch|p1a: Arcanine|Arcanine-Hisui, L50, F|100\/100\n|-ability|p1a: Arcanine|Intimidate|boost\n|-unboost|p2a: Ursaluna|atk|1\n|-unboost|p2b: Gholdengo|atk|1\n|turn|3\n|inactive|p2wchien has 30 seconds left.\n|\n|t:|1731906255\n|-terastallize|p1a: Arcanine|Water\n|move|p2b: Gholdengo|Make It Rain|p1b: Corviknight|[spread] p1a,p1b\n|-resisted|p1a: Arcanine\n|-resisted|p1b: Corviknight\n|-damage|p1a: Arcanine|76\/100\n|-damage|p1b: Corviknight|21\/100\n|-unboost|p2b: Gholdengo|spa|1\n|move|p2a: Ursaluna|Earth Power|p1a: Arcanine\n|-damage|p1a: Arcanine|20\/100\n|move|p1a: Arcanine|Flare Blitz|p2b: Gholdengo\n|-supereffective|p2b: Gholdengo\n|-damage|p2b: Gholdengo|0 fnt\n|faint|p2b: Gholdengo\n|-damage|p1a: Arcanine|0 fnt|[from] Recoil\n|faint|p1a: Arcanine\n|move|p1b: Corviknight|Roost|p1b: Corviknight\n|-heal|p1b: Corviknight|71\/100\n|-singleturn|p1b: Corviknight|move: Roost\n|\n|upkeep\n|\n|t:|1731906268\n|switch|p2b: Annihilape|Annihilape, L50, M|100\/100\n|switch|p1a: Samurott|Samurott-Hisui, L50, F|100\/100\n|turn|4\n|inactive|p2wchien has 30 seconds left.\n|inactive|p2wchien has 20 seconds left.\n|inactive|p2wchien has 15 seconds left.\n|inactive|p2wchien has 10 seconds left.\n|inactive|p2wchien has 5 seconds left.\n|\n|t:|1731906322\n|move|p1a: Samurott|Protect|p1a: Samurott\n|-singleturn|p1a: Samurott|Protect\n|move|p2b: Annihilape|Final Gambit|p1b: Corviknight\n|-damage|p1b: Corviknight|0 fnt\n|faint|p2b: Annihilape\n|faint|p1b: Corviknight\n|move|p2a: Ursaluna|Blood Moon|p1a: Samurott\n|-activate|p1a: Samurott|move: Protect\n|\n|-sideend|p2: VGCLTH Sac gaming|move: Tailwind\n|upkeep\n|turn|5\n|\n|t:|1731906329\n|move|p1a: Samurott|Aqua Cutter|p2a: Ursaluna\n|-supereffective|p2a: Ursaluna\n|-damage|p2a: Ursaluna|14\/100\n|-damage|p1a: Samurott|91\/100|[from] item: Life Orb\n|move|p2a: Ursaluna|Hyper Voice|p1a: Samurott\n|-damage|p1a: Samurott|18\/100\n|\n|upkeep\n|turn|6\n|\n|t:|1731906334\n|move|p2a: Ursaluna|Vacuum Wave|p1a: Samurott\n|-supereffective|p1a: Samurott\n|-damage|p1a: Samurott|0 fnt\n|faint|p1a: Samurott\n|\n|win|VGCLTH Sac gaming\n|raw|p2wchien's rating: 1686 &rarr; <strong>1666<\/strong><br \/>(-20 for losing)\n|raw|VGCLTH Sac gaming's rating: 1680 &rarr; <strong>1700<\/strong><br \/>(+20 for winning)\n|l|\u2606VGCLTH Sac gaming\n|player|p2|\n","uploadtime":1731906344,"views":19,"formatid":"gen9vgc2024regh","rating":1666,"private":0,"password":null}