{"id":"gen9vgc2024regh-2246324926","format":"[Gen 9] VGC 2024 Reg H","players":["MillerH33","Zordor"],"log":"|j|\u203dMillerH33\n|j|\u2606Zordor\n|t:|1731951244\n|gametype|doubles\n|player|p1|MillerH33|riley|1684\n|player|p2|Zordor|pilot|1763\n|teamsize|p1|6\n|teamsize|p2|6\n|gen|9\n|tier|[Gen 9] VGC 2024 Reg H\n|rated|\n|rule|Species Clause: Limit one of each Pok\u00e9mon\n|rule|Item Clause: Limit 1 of each item\n|clearpoke\n|poke|p1|Garchomp, L50, F|\n|poke|p1|Amoonguss, L50, M|\n|poke|p1|Gholdengo, L50|\n|poke|p1|Kilowattrel, L50, F|\n|poke|p1|Tyranitar, L50, F|\n|poke|p1|Sneasler, L50, F|\n|poke|p2|Rotom-Wash, L50|\n|poke|p2|Sneasler, L50, M|\n|poke|p2|Armarouge, L50, F|\n|poke|p2|Venusaur, L50, F|\n|poke|p2|Scizor, L50, M|\n|poke|p2|Dragapult, L50, M|\n|teampreview|4\n|j| sevenstarsvgc\n|\n|t:|1731951323\n|start\n|switch|p1a: Kilowattrel|Kilowattrel, L50, F|100\/100\n|switch|p1b: Sneasler|Sneasler, L50, F|100\/100\n|switch|p2a: Rotom|Rotom-Wash, L50|100\/100\n|switch|p2b: Scizor|Scizor, L50, M|100\/100\n|turn|1\n|\n|t:|1731951352\n|move|p1a: Kilowattrel|Thunderbolt|p2b: Scizor\n|-damage|p2b: Scizor|69\/100\n|move|p1b: Sneasler|Close Combat|p2b: Scizor\n|-damage|p2b: Scizor|7\/100\n|-unboost|p1b: Sneasler|def|1\n|-unboost|p1b: Sneasler|spd|1\n|-enditem|p1b: Sneasler|White Herb\n|-clearnegativeboost|p1b: Sneasler|[silent]\n|move|p2a: Rotom|Will-O-Wisp|p1b: Sneasler\n|-status|p1b: Sneasler|brn\n|move|p2b: Scizor|Knock Off|p1a: Kilowattrel\n|-damage|p1a: Kilowattrel|43\/100\n|-enditem|p1a: Kilowattrel|Focus Sash|[from] move: Knock Off|[of] p2b: Scizor\n|\n|-damage|p1b: Sneasler|95\/100 brn|[from] brn\n|upkeep\n|turn|2\n|\n|t:|1731951379\n|move|p2b: Scizor|Bullet Punch|p1a: Kilowattrel\n|-resisted|p1a: Kilowattrel\n|-crit|p1a: Kilowattrel\n|-damage|p1a: Kilowattrel|0 fnt\n|faint|p1a: Kilowattrel\n|move|p1b: Sneasler|Dire Claw|p2a: Rotom\n|-damage|p2a: Rotom|77\/100\n|-status|p2a: Rotom|psn\n|move|p2a: Rotom|Electroweb|p1b: Sneasler\n|-damage|p1b: Sneasler|69\/100 brn\n|-unboost|p1b: Sneasler|spe|1\n|\n|-damage|p2a: Rotom|65\/100 psn|[from] psn\n|-damage|p1b: Sneasler|63\/100 brn|[from] brn\n|upkeep\n|\n|t:|1731951400\n|switch|p1a: Gholdengo|Gholdengo, L50|100\/100\n|turn|3\n|\n|t:|1731951413\n|move|p2b: Scizor|Bullet Punch|p1b: Sneasler\n|-damage|p1b: Sneasler|7\/100 brn\n|move|p1b: Sneasler|Close Combat|p2b: Scizor\n|-damage|p2b: Scizor|0 fnt\n|-unboost|p1b: Sneasler|def|1\n|-unboost|p1b: Sneasler|spd|1\n|faint|p2b: Scizor\n|move|p2a: Rotom|Electroweb|p1b: Sneasler|[spread] p1a,p1b\n|-damage|p1a: Gholdengo|86\/100\n|-damage|p1b: Sneasler|0 fnt\n|-unboost|p1a: Gholdengo|spe|1\n|faint|p1b: Sneasler\n|move|p1a: Gholdengo|Nasty Plot|p1a: Gholdengo\n|-boost|p1a: Gholdengo|spa|2\n|\n|-heal|p1a: Gholdengo|93\/100|[from] item: Leftovers\n|-damage|p2a: Rotom|53\/100 psn|[from] psn\n|upkeep\n|\n|t:|1731951432\n|switch|p1b: Garchomp|Garchomp, L50, F|100\/100\n|switch|p2b: Venusaur|Venusaur, L50, F|100\/100\n|turn|4\n|\n|t:|1731951451\n|-terastallize|p1a: Gholdengo|Flying\n|move|p1b: Garchomp|Protect|p1b: Garchomp\n|-singleturn|p1b: Garchomp|Protect\n|move|p2b: Venusaur|Protect|p2b: Venusaur\n|-singleturn|p2b: Venusaur|Protect\n|move|p2a: Rotom|Will-O-Wisp|p1b: Garchomp\n|-activate|p1b: Garchomp|move: Protect\n|move|p1a: Gholdengo|Shadow Ball|p2a: Rotom\n|-damage|p2a: Rotom|0 fnt\n|faint|p2a: Rotom\n|\n|-heal|p1a: Gholdengo|99\/100|[from] item: Leftovers\n|upkeep\n|\n|t:|1731951455\n|switch|p2a: Dragapult|Dragapult, L50, M|100\/100\n|turn|5\n|\n|t:|1731951485\n|-terastallize|p2b: Venusaur|Steel\n|move|p2a: Dragapult|Dragon Darts|p1a: Gholdengo\n|-damage|p1a: Gholdengo|79\/100\n|-anim|p2a: Dragapult|Dragon Darts|p1b: Garchomp\n|-supereffective|p1b: Garchomp\n|-damage|p1b: Garchomp|60\/100\n|move|p1b: Garchomp|Earthquake|p2a: Dragapult|[spread] p2a,p2b\n|-immune|p1a: Gholdengo\n|-supereffective|p2b: Venusaur\n|-damage|p2a: Dragapult|41\/100\n|-damage|p2b: Venusaur|0 fnt\n|-enditem|p2a: Dragapult|Sitrus Berry|[eat]\n|-heal|p2a: Dragapult|66\/100|[from] item: Sitrus Berry\n|faint|p2b: Venusaur\n|-damage|p1b: Garchomp|51\/100|[from] item: Life Orb\n|move|p1a: Gholdengo|Make It Rain|p2a: Dragapult\n|-damage|p2a: Dragapult|0 fnt\n|-unboost|p1a: Gholdengo|spa|1\n|faint|p2a: Dragapult\n|\n|win|MillerH33\n|raw|MillerH33's rating: 1684 &rarr; <strong>1708<\/strong><br \/>(+24 for winning)\n|raw|Zordor's rating: 1763 &rarr; <strong>1739<\/strong><br \/>(-24 for losing)\n|l|\u2606Zordor\n|player|p2|\n|l|\u203dMillerH33\n|player|p1|\n|l| sevenstarsvgc\n","uploadtime":1731951713,"views":19,"formatid":"gen9vgc2024regh","rating":1708,"private":0,"password":null}