{"id":"gen9vgc2024regh-2246498483","format":"[Gen 9] VGC 2024 Reg H","players":["Zordor","Toasteduck"],"log":"|j|\u2606Zordor\n|j|\u2606Toasteduck\n|t:|1731968394\n|gametype|doubles\n|player|p1|Zordor|pilot|1775\n|player|p2|Toasteduck|2|1758\n|teamsize|p1|6\n|teamsize|p2|6\n|gen|9\n|tier|[Gen 9] VGC 2024 Reg H\n|rated|\n|rule|Species Clause: Limit one of each Pok\u00e9mon\n|rule|Item Clause: Limit 1 of each item\n|clearpoke\n|poke|p1|Rotom-Wash, L50|\n|poke|p1|Sneasler, L50, F|\n|poke|p1|Armarouge, L50, M|\n|poke|p1|Venusaur, L50, F|\n|poke|p1|Scizor, L50, M|\n|poke|p1|Dragapult, L50, F|\n|poke|p2|Talonflame, L50, M|\n|poke|p2|Baxcalibur, L50, F|\n|poke|p2|Ninetales-Alola, L50, M|\n|poke|p2|Rillaboom, L50, F|\n|poke|p2|Empoleon, L50, M|\n|poke|p2|Flamigo, L50, M|\n|teampreview|4\n|j| Kpxbrothers\n|\n|t:|1731968467\n|start\n|switch|p1a: Sneasler|Sneasler, L50, F|100\/100\n|switch|p1b: Scizor|Scizor, L50, M|100\/100\n|switch|p2a: Talonflame|Talonflame, L50, M|100\/100\n|switch|p2b: Baxcalibur|Baxcalibur, L50, F|100\/100\n|turn|1\n|\n|t:|1731968489\n|move|p1a: Sneasler|Protect|p1a: Sneasler\n|-singleturn|p1a: Sneasler|Protect\n|move|p2b: Baxcalibur|Protect|p2b: Baxcalibur\n|-singleturn|p2b: Baxcalibur|Protect\n|move|p2a: Talonflame|Will-O-Wisp|p1b: Scizor\n|-status|p1b: Scizor|brn\n|move|p1b: Scizor|Tailwind|p1b: Scizor\n|-sidestart|p1: Zordor|move: Tailwind\n|\n|-damage|p1b: Scizor|94\/100 brn|[from] brn\n|upkeep\n|turn|2\n|\n|t:|1731968513\n|switch|p2b: Flamigo|Flamigo, L50, M|100\/100\n|move|p1a: Sneasler|Rock Tomb|p2a: Talonflame\n|-supereffective|p2a: Talonflame\n|-damage|p2a: Talonflame|3\/100\n|move|p2a: Talonflame|Will-O-Wisp|p1a: Sneasler\n|-status|p1a: Sneasler|brn\n|move|p1b: Scizor|Knock Off|p2b: Flamigo\n|-resisted|p2b: Flamigo\n|-damage|p2b: Flamigo|88\/100\n|-enditem|p2b: Flamigo|Focus Sash|[from] move: Knock Off|[of] p1b: Scizor\n|\n|-damage|p1a: Sneasler|94\/100 brn|[from] brn\n|-damage|p1b: Scizor|88\/100 brn|[from] brn\n|upkeep\n|turn|3\n|\n|t:|1731968535\n|move|p1a: Sneasler|Dire Claw|p2b: Flamigo\n|-damage|p2b: Flamigo|62\/100\n|-status|p2b: Flamigo|par\n|move|p2a: Talonflame|Tailwind|p2a: Talonflame\n|-sidestart|p2: Toasteduck|move: Tailwind\n|move|p1b: Scizor|Knock Off|p2a: Talonflame\n|-damage|p2a: Talonflame|0 fnt\n|-enditem|p2a: Talonflame|Covert Cloak|[from] move: Knock Off|[of] p1b: Scizor\n|faint|p2a: Talonflame\n|move|p2b: Flamigo|Dual Wingbeat|p1a: Sneasler\n|-supereffective|p1a: Sneasler\n|-damage|p1a: Sneasler|29\/100 brn\n|-supereffective|p1a: Sneasler\n|-damage|p1a: Sneasler|0 fnt\n|faint|p1a: Sneasler\n|-hitcount|p1: Sneasler|2\n|\n|-damage|p1b: Scizor|82\/100 brn|[from] brn\n|upkeep\n|\n|t:|1731968551\n|switch|p2a: Empoleon|Empoleon, L50, M|100\/100\n|switch|p1a: Armarouge|Armarouge, L50, M|100\/100\n|turn|4\n|\n|t:|1731968589\n|-terastallize|p1a: Armarouge|Dark\n|move|p1a: Armarouge|Psychic|p2b: Flamigo\n|-supereffective|p2b: Flamigo\n|-damage|p2b: Flamigo|0 fnt\n|faint|p2b: Flamigo\n|move|p1b: Scizor|Knock Off|p2a: Empoleon\n|-damage|p2a: Empoleon|82\/100\n|-enditem|p2a: Empoleon|Leftovers|[from] move: Knock Off|[of] p1b: Scizor\n|move|p2a: Empoleon|Water Pledge|p1a: Armarouge\n|-damage|p1a: Armarouge|57\/100\n|\n|-damage|p1b: Scizor|76\/100 brn|[from] brn\n|-sideend|p1: Zordor|move: Tailwind\n|upkeep\n|\n|t:|1731968600\n|switch|p2b: Baxcalibur|Baxcalibur, L50, F|100\/100\n|turn|5\n|\n|t:|1731968610\n|-terastallize|p2b: Baxcalibur|Dragon\n|move|p1a: Armarouge|Protect|p1a: Armarouge\n|-singleturn|p1a: Armarouge|Protect\n|move|p2b: Baxcalibur|Icicle Spear|p1a: Armarouge\n|-activate|p1a: Armarouge|move: Protect\n|move|p2a: Empoleon|Water Pledge|p1b: Scizor\n|-damage|p1b: Scizor|32\/100 brn\n|-enditem|p1b: Scizor|Sitrus Berry|[eat]\n|-heal|p1b: Scizor|56\/100 brn|[from] item: Sitrus Berry\n|move|p1b: Scizor|Tailwind|p1b: Scizor\n|-sidestart|p1: Zordor|move: Tailwind\n|\n|-damage|p1b: Scizor|50\/100 brn|[from] brn\n|upkeep\n|turn|6\n|\n|t:|1731968648\n|move|p2b: Baxcalibur|Icicle Spear|p1a: Armarouge\n|-damage|p1a: Armarouge|43\/100\n|-damage|p1a: Armarouge|28\/100\n|-damage|p1a: Armarouge|14\/100\n|-damage|p1a: Armarouge|0 fnt\n|faint|p1a: Armarouge\n|-hitcount|p1: Armarouge|4\n|move|p1b: Scizor|Knock Off|p2b: Baxcalibur\n|-damage|p2b: Baxcalibur|86\/100\n|-enditem|p2b: Baxcalibur|Loaded Dice|[from] move: Knock Off|[of] p1b: Scizor\n|move|p2a: Empoleon|Water Pledge|p1b: Scizor\n|-damage|p1b: Scizor|8\/100 brn\n|\n|-damage|p1b: Scizor|2\/100 brn|[from] brn\n|-sideend|p2: Toasteduck|move: Tailwind\n|upkeep\n|\n|t:|1731968660\n|switch|p1a: Dragapult|Dragapult, L50, F|100\/100\n|turn|7\n|\n|t:|1731968677\n|move|p2b: Baxcalibur|Protect|p2b: Baxcalibur\n|-singleturn|p2b: Baxcalibur|Protect\n|move|p2a: Empoleon|Protect|p2a: Empoleon\n|-singleturn|p2a: Empoleon|Protect\n|move|p1a: Dragapult|Dragon Darts|p2b: Baxcalibur\n|-activate|p2a: Empoleon|move: Protect\n|move|p1b: Scizor|Bug Bite|p2b: Baxcalibur\n|-activate|p2b: Baxcalibur|move: Protect\n|\n|-damage|p1b: Scizor|0 fnt|[from] brn\n|faint|p1b: Scizor\n|upkeep\n|turn|8\n|j| Vuultur\n|\n|t:|1731968687\n|move|p2b: Baxcalibur|Ice Shard|p1a: Dragapult\n|-supereffective|p1a: Dragapult\n|-damage|p1a: Dragapult|50\/100\n|move|p1a: Dragapult|Dragon Darts|p2a: Empoleon\n|-resisted|p2a: Empoleon\n|-damage|p2a: Empoleon|70\/100\n|-anim|p1a: Dragapult|Dragon Darts|p2b: Baxcalibur\n|-supereffective|p2b: Baxcalibur\n|-damage|p2b: Baxcalibur|45\/100\n|move|p2a: Empoleon|Flash Cannon|p1a: Dragapult\n|-damage|p1a: Dragapult|16\/100\n|\n|-sideend|p1: Zordor|move: Tailwind\n|upkeep\n|turn|9\n|\n|t:|1731968694\n|move|p2b: Baxcalibur|Ice Shard|p1a: Dragapult\n|-supereffective|p1a: Dragapult\n|-crit|p1a: Dragapult\n|-damage|p1a: Dragapult|0 fnt\n|faint|p1a: Dragapult\n|\n|win|Toasteduck\n|raw|Zordor's rating: 1775 &rarr; <strong>1754<\/strong><br \/>(-21 for losing)\n|raw|Toasteduck's rating: 1758 &rarr; <strong>1779<\/strong><br \/>(+21 for winning)\n|l|\u2606Zordor\n|player|p1|\n|l|\u2606Toasteduck\n|player|p2|\n","uploadtime":1731968845,"views":16,"formatid":"gen9vgc2024regh","rating":1754,"private":0,"password":null}