{"id":"gen9vgc2024regh-2246014654","format":"[Gen 9] VGC 2024 Reg H","players":["VGCLTH fangame","A Giant Rat"],"log":"|raw|<div class=\"broadcast-blue\"><strong>This battle is required to be public due to a player having a name starting with 'vgclth'.<\/div>\n|j|\u2606VGCLTH fangame\n|j|\u2606A Giant Rat\n|t:|1731906262\n|gametype|doubles\n|player|p1|VGCLTH fangame|red|1803\n|player|p2|A Giant Rat|unknown|1715\n|teamsize|p1|6\n|teamsize|p2|6\n|gen|9\n|tier|[Gen 9] VGC 2024 Reg H\n|rated|\n|rule|Species Clause: Limit one of each Pok\u00e9mon\n|rule|Item Clause: Limit 1 of each item\n|clearpoke\n|poke|p1|Glaceon, L50, F|\n|poke|p1|Ninetales-Alola, L50, F|\n|poke|p1|Milotic, L50, M|\n|poke|p1|Incineroar, L50, F|\n|poke|p1|Ursaluna-Bloodmoon, L50, M|\n|poke|p1|Annihilape, L50, M|\n|poke|p2|Archaludon, L50, M|\n|poke|p2|Dragonite, L50, M|\n|poke|p2|Pelipper, L50, M|\n|poke|p2|Ursaluna, L50, F|\n|poke|p2|Sinistcha, L50|\n|poke|p2|Gholdengo, L50|\n|teampreview|4\n|inactive|Battle timer is ON: inactive players will automatically lose when time's up. (requested by VGCLTH fangame)\n|inactive|VGCLTH fangame has 60 seconds left.\n|inactive|A Giant Rat has 60 seconds left.\n|inactive|A Giant Rat has 30 seconds left.\n|inactive|VGCLTH fangame has 30 seconds left.\n|inactive|A Giant Rat has 20 seconds left.\n|inactive|A Giant Rat has 15 seconds left.\n|inactive|VGCLTH fangame has 20 seconds left.\n|inactive|VGCLTH fangame has 15 seconds left.\n|\n|t:|1731906349\n|start\n|switch|p1a: Ninetales|Ninetales-Alola, L50, F, shiny|100\/100\n|switch|p1b: Milotic|Milotic, L50, M, shiny|100\/100\n|switch|p2a: Gholdengo|Gholdengo, L50|100\/100\n|switch|p2b: Pelipper|Pelipper, L50, M|100\/100\n|-weather|Snow|[from] ability: Snow Warning|[of] p1a: Ninetales\n|-weather|RainDance|[from] ability: Drizzle|[of] p2b: Pelipper\n|turn|1\n|j| bluestraggler03\n|\n|t:|1731906367\n|switch|p1a: Incineroar|Incineroar, L50, F, shiny|100\/100\n|-ability|p1a: Incineroar|Intimidate|boost\n|-unboost|p2a: Gholdengo|atk|1\n|-unboost|p2b: Pelipper|atk|1\n|switch|p2b: Archaludon|Archaludon, L50, M|100\/100\n|move|p2a: Gholdengo|Trick|p1b: Milotic\n|-activate|p2a: Gholdengo|move: Trick|[of] p1b: Milotic\n|-item|p1b: Milotic|Choice Scarf|[from] move: Trick\n|-item|p2a: Gholdengo|Sitrus Berry|[from] move: Trick\n|move|p1b: Milotic|Hypnosis|p2b: Archaludon|[miss]\n|-miss|p1b: Milotic|p2b: Archaludon\n|\n|-weather|RainDance|[upkeep]\n|upkeep\n|turn|2\n|inactive|A Giant Rat has 30 seconds left.\n|inactive|A Giant Rat has 20 seconds left.\n|inactive|A Giant Rat has 15 seconds left.\n|inactive|VGCLTH fangame has 30 seconds left.\n|inactive|A Giant Rat has 10 seconds left.\n|\n|t:|1731906415\n|move|p2a: Gholdengo|Protect|p2a: Gholdengo\n|-singleturn|p2a: Gholdengo|Protect\n|move|p1b: Milotic|Hypnosis|p2b: Archaludon|[miss]\n|-miss|p1b: Milotic|p2b: Archaludon\n|move|p2b: Archaludon|Body Press|p1a: Incineroar\n|-supereffective|p1a: Incineroar\n|-damage|p1a: Incineroar|48\/100\n|move|p1a: Incineroar|Knock Off|p2a: Gholdengo\n|-activate|p2a: Gholdengo|move: Protect\n|\n|-weather|RainDance|[upkeep]\n|upkeep\n|turn|3\n|inactive|A Giant Rat has 30 seconds left.\n|inactive|VGCLTH fangame has 30 seconds left.\n|inactive|A Giant Rat has 20 seconds left.\n|inactive|A Giant Rat has 15 seconds left.\n|\n|t:|1731906459\n|-terastallize|p2a: Gholdengo|Flying\n|move|p1b: Milotic|Hypnosis|p2b: Archaludon\n|-status|p2b: Archaludon|slp|[from] move: Hypnosis\n|move|p2a: Gholdengo|Shadow Ball|p1b: Milotic\n|-damage|p1b: Milotic|75\/100\n|cant|p2b: Archaludon|slp\n|move|p1a: Incineroar|Knock Off|p2a: Gholdengo\n|-damage|p2a: Gholdengo|47\/100\n|-enditem|p2a: Gholdengo|Sitrus Berry|[from] move: Knock Off|[of] p1a: Incineroar\n|\n|-weather|RainDance|[upkeep]\n|upkeep\n|turn|4\n|inactive|A Giant Rat has 30 seconds left.\n|inactive|VGCLTH fangame has 30 seconds left.\n|\n|t:|1731906496\n|switch|p1b: Annihilape|Annihilape, L50, M, shiny|100\/100\n|move|p2a: Gholdengo|Make It Rain|p1b: Annihilape|[spread] p1a,p1b\n|-resisted|p1a: Incineroar\n|-damage|p1a: Incineroar|29\/100\n|-damage|p1b: Annihilape|58\/100\n|-unboost|p2a: Gholdengo|spa|1\n|cant|p2b: Archaludon|slp\n|move|p1a: Incineroar|Parting Shot|p2b: Archaludon\n|-unboost|p2b: Archaludon|atk|1\n|-unboost|p2b: Archaludon|spa|1\n|\n|t:|1731906503\n|switch|p1a: Ninetales|Ninetales-Alola, L50, F, shiny|100\/100|[from] Parting Shot\n|-weather|Snow|[from] ability: Snow Warning|[of] p1a: Ninetales\n|\n|-weather|Snow|[upkeep]\n|-heal|p1b: Annihilape|64\/100|[from] item: Leftovers\n|upkeep\n|turn|5\n|\n|t:|1731906523\n|switch|p2a: Pelipper|Pelipper, L50, M|100\/100\n|-weather|RainDance|[from] ability: Drizzle|[of] p2a: Pelipper\n|-terastallize|p1b: Annihilape|Electric\n|move|p1a: Ninetales|Icicle Spear|p1b: Annihilape\n|-damage|p1b: Annihilape|58\/100\n|-damage|p1b: Annihilape|52\/100\n|-damage|p1b: Annihilape|46\/100\n|-damage|p1b: Annihilape|40\/100\n|-hitcount|p1b: Annihilape|4\n|move|p1b: Annihilape|Rage Fist|p2b: Archaludon\n|-damage|p2b: Archaludon|22\/100 slp\n|-ability|p2b: Archaludon|Stamina|boost\n|-boost|p2b: Archaludon|def|1\n|-curestatus|p2b: Archaludon|slp|[msg]\n|move|p2b: Archaludon|Electro Shot||[still]\n|-prepare|p2b: Archaludon|Electro Shot\n|-boost|p2b: Archaludon|spa|1\n|-anim|p2b: Archaludon|Electro Shot|p1b: Annihilape\n|-resisted|p1b: Annihilape\n|-damage|p1b: Annihilape|25\/100\n|\n|-weather|RainDance|[upkeep]\n|-heal|p1b: Annihilape|31\/100|[from] item: Leftovers\n|upkeep\n|turn|6\n|inactive|A Giant Rat has 30 seconds left.\n|inactive|A Giant Rat has 20 seconds left.\n|inactive|A Giant Rat has 15 seconds left.\n|\n|t:|1731906568\n|move|p1a: Ninetales|Blizzard|p2b: Archaludon|[spread] p2a,p2b\n|-damage|p2a: Pelipper|45\/100\n|-damage|p2b: Archaludon|2\/100\n|-ability|p2b: Archaludon|Stamina|boost\n|-boost|p2b: Archaludon|def|1\n|move|p1b: Annihilape|Rage Fist|p2a: Pelipper\n|-damage|p2a: Pelipper|0 fnt\n|faint|p2a: Pelipper\n|move|p2b: Archaludon|Body Press|p1b: Annihilape\n|-damage|p1b: Annihilape|0 fnt\n|faint|p1b: Annihilape\n|\n|-weather|RainDance|[upkeep]\n|upkeep\n|\n|t:|1731906579\n|switch|p1b: Milotic|Milotic, L50, M, shiny|75\/100\n|switch|p2a: Sinistcha|Sinistcha, L50|100\/100\n|-heal|p2b: Archaludon|27\/100|[from] ability: Hospitality|[of] p2a: Sinistcha\n|turn|7\n|inactive|A Giant Rat has 30 seconds left.\n|inactive|A Giant Rat has 20 seconds left.\n|inactive|A Giant Rat has 15 seconds left.\n|inactive|A Giant Rat has 10 seconds left.\n|\n|t:|1731906627\n|move|p1b: Milotic|Muddy Water|p2a: Sinistcha|[spread] p2a,p2b\n|-resisted|p2a: Sinistcha\n|-resisted|p2b: Archaludon\n|-damage|p2a: Sinistcha|86\/100\n|-damage|p2b: Archaludon|15\/100\n|-ability|p2b: Archaludon|Stamina|boost\n|-boost|p2b: Archaludon|def|1\n|move|p1a: Ninetales|Blizzard|p2b: Archaludon|[spread] p2b\n|-miss|p1a: Ninetales|p2a: Sinistcha\n|-damage|p2b: Archaludon|0 fnt\n|faint|p2b: Archaludon\n|move|p2a: Sinistcha|Life Dew|p2a: Sinistcha\n|-heal|p2a: Sinistcha|100\/100\n|\n|-weather|RainDance|[upkeep]\n|upkeep\n|\n|t:|1731906635\n|switch|p2b: Gholdengo|Gholdengo, L50, tera:Flying|47\/100\n|turn|8\n|\n|t:|1731906643\n|switch|p1a: Incineroar|Incineroar, L50, F, shiny|29\/100\n|-ability|p1a: Incineroar|Intimidate|boost\n|-unboost|p2a: Sinistcha|atk|1\n|-unboost|p2b: Gholdengo|atk|1\n|move|p1b: Milotic|Muddy Water|p2a: Sinistcha|[spread] p2a,p2b\n|-resisted|p2a: Sinistcha\n|-crit|p2b: Gholdengo\n|-damage|p2a: Sinistcha|86\/100\n|-damage|p2b: Gholdengo|0 fnt\n|faint|p2b: Gholdengo\n|move|p2a: Sinistcha|Life Dew|p2a: Sinistcha\n|-heal|p2a: Sinistcha|100\/100\n|\n|-weather|RainDance|[upkeep]\n|upkeep\n|turn|9\n|-message|A Giant Rat forfeited.\n|\n|win|VGCLTH fangame\n|raw|VGCLTH fangame's rating: 1803 &rarr; <strong>1818<\/strong><br \/>(+15 for winning)\n|raw|A Giant Rat's rating: 1715 &rarr; <strong>1700<\/strong><br \/>(-15 for losing)\n|l|\u2606A Giant Rat\n|player|p2|\n|l|\u2606VGCLTH fangame\n|player|p1|\n","uploadtime":1731906886,"views":34,"formatid":"gen9vgc2024regh","rating":1700,"private":0,"password":null}