{"id":"gen9vgc2024regh-2247853959","format":"[Gen 9] VGC 2024 Reg H","players":["kojimuranishi","Grade a type b"],"log":"|j|\u2606kojimuranishi\n|j|\u2606Grade a type b\n|t:|1732138189\n|gametype|doubles\n|player|p1|kojimuranishi|169|1763\n|player|p2|Grade a type b|265|1726\n|teamsize|p1|6\n|teamsize|p2|6\n|gen|9\n|tier|[Gen 9] VGC 2024 Reg H\n|rated|\n|rule|Species Clause: Limit one of each Pok\u00e9mon\n|rule|Item Clause: Limit 1 of each item\n|clearpoke\n|poke|p1|Whimsicott, L50, F|\n|poke|p1|Ursaluna-Bloodmoon, L50, M|\n|poke|p1|Archaludon, L50, F|\n|poke|p1|Dragonite, L50, F|\n|poke|p1|Gholdengo, L50|\n|poke|p1|Volcarona, L50, F|\n|poke|p2|Gholdengo, L50|\n|poke|p2|Primarina, L50, M|\n|poke|p2|Ursaluna-Bloodmoon, L50, M|\n|poke|p2|Dragonite, L50, M|\n|poke|p2|Whimsicott, L50, F|\n|poke|p2|Tyranitar, L50, F|\n|teampreview|4\n|inactive|Battle timer is ON: inactive players will automatically lose when time's up. (requested by Grade a type b)\n|j| Reyggor\n|inactive|Grade a type b has 60 seconds left.\n|inactive|kojimuranishi has 60 seconds left.\n|\n|t:|1732138235\n|start\n|switch|p1a: Dragonite|Dragonite, L50, F|100\/100\n|switch|p1b: Gholdengo|Gholdengo, L50|100\/100\n|switch|p2a: Whimsicott|Whimsicott, L50, F|100\/100\n|switch|p2b: Gholdengo|Gholdengo, L50|100\/100\n|turn|1\n|\n|t:|1732138260\n|move|p2a: Whimsicott|Tailwind|p2a: Whimsicott\n|-sidestart|p2: Grade a type b|move: Tailwind\n|move|p2b: Gholdengo|Shadow Ball|p1b: Gholdengo\n|-supereffective|p1b: Gholdengo\n|-damage|p1b: Gholdengo|0 fnt\n|faint|p1b: Gholdengo\n|move|p1a: Dragonite|Rock Slide|p2a: Whimsicott|[spread] p2a,p2b\n|-resisted|p2b: Gholdengo\n|-damage|p2a: Whimsicott|60\/100\n|-damage|p2b: Gholdengo|83\/100\n|\n|upkeep\n|\n|t:|1732138271\n|switch|p1b: Ursaluna|Ursaluna-Bloodmoon, L50, M|100\/100\n|turn|2\n|\n|t:|1732138281\n|switch|p2b: Ursaluna|Ursaluna-Bloodmoon, L50, M|100\/100\n|move|p2a: Whimsicott|Moonblast|p1a: Dragonite\n|-supereffective|p1a: Dragonite\n|-damage|p1a: Dragonite|76\/100\n|move|p1a: Dragonite|Rock Slide|p2a: Whimsicott|[spread] p2a,p2b\n|-crit|p2a: Whimsicott\n|-resisted|p2b: Ursaluna\n|-damage|p2a: Whimsicott|0 fnt\n|-damage|p2b: Ursaluna|88\/100\n|faint|p2a: Whimsicott\n|move|p1b: Ursaluna|Earth Power|p2b: Ursaluna\n|-damage|p2b: Ursaluna|0 fnt\n|faint|p2b: Ursaluna\n|-damage|p1b: Ursaluna|91\/100|[from] item: Life Orb\n|\n|upkeep\n|\n|t:|1732138290\n|switch|p2a: Gholdengo|Gholdengo, L50|83\/100\n|switch|p2b: Dragonite|Dragonite, L50, M|100\/100\n|turn|3\n|\n|t:|1732138312\n|switch|p1b: Archaludon|Archaludon, L50, F|100\/100\n|-terastallize|p2a: Gholdengo|Steel\n|move|p2a: Gholdengo|Make It Rain|p1b: Archaludon|[spread] p1a,p1b\n|-resisted|p1b: Archaludon\n|-damage|p1a: Dragonite|0 fnt\n|-damage|p1b: Archaludon|24\/100\n|-unboost|p2a: Gholdengo|spa|1\n|faint|p1a: Dragonite\n|move|p2b: Dragonite|Scale Shot|p1b: Archaludon|[miss]\n|-miss|p2b: Dragonite|p1b: Archaludon\n|\n|upkeep\n|\n|t:|1732138326\n|switch|p1a: Ursaluna|Ursaluna-Bloodmoon, L50, M|91\/100\n|turn|4\n|\n|t:|1732138331\n|move|p1b: Archaludon|Protect|p1b: Archaludon\n|-singleturn|p1b: Archaludon|Protect\n|move|p1a: Ursaluna|Protect|p1a: Ursaluna\n|-singleturn|p1a: Ursaluna|Protect\n|move|p2a: Gholdengo|Make It Rain|p1b: Archaludon|[spread] \n|-activate|p1a: Ursaluna|move: Protect\n|-activate|p1b: Archaludon|move: Protect\n|move|p2b: Dragonite|Scale Shot|p1a: Ursaluna\n|-activate|p1a: Ursaluna|move: Protect\n|\n|-sideend|p2: Grade a type b|move: Tailwind\n|upkeep\n|turn|5\n|inactive|kojimuranishi has 30 seconds left.\n|inactive|kojimuranishi has 20 seconds left.\n|\n|t:|1732138366\n|-terastallize|p1b: Archaludon|Stellar\n|move|p2a: Gholdengo|Make It Rain|p1a: Ursaluna|[spread] p1a,p1b\n|-resisted|p1b: Archaludon\n|-damage|p1a: Ursaluna|0 fnt\n|-damage|p1b: Archaludon|0 fnt\n|-unboost|p2a: Gholdengo|spa|1\n|faint|p1a: Ursaluna\n|faint|p1b: Archaludon\n|\n|win|Grade a type b\n|raw|kojimuranishi's rating: 1763 &rarr; <strong>1741<\/strong><br \/>(-22 for losing)\n|raw|Grade a type b's rating: 1726 &rarr; <strong>1748<\/strong><br \/>(+22 for winning)\n|l|\u2606Grade a type b\n|player|p2|\n|l|\u2606kojimuranishi\n|player|p1|\n","uploadtime":1732138503,"views":17,"formatid":"gen9vgc2024regh","rating":1741,"private":0,"password":null}