{"id":"gen9vgc2024regh-2247339506","format":"[Gen 9] VGC 2024 Reg H","players":["VGCLTHTornsEnjoyer","qiyeO.o"],"log":"|j|\u2606VGCLTHTornsEnjoyer\n|j|\u2606qiyeO.o\n|t:|1732072548\n|gametype|doubles\n|player|p1|VGCLTHTornsEnjoyer|turo|1770\n|player|p2|qiyeO.o|nancy|1766\n|teamsize|p1|6\n|teamsize|p2|6\n|gen|9\n|tier|[Gen 9] VGC 2024 Reg H\n|rated|\n|rule|Species Clause: Limit one of each Pok\u00e9mon\n|rule|Item Clause: Limit 1 of each item\n|clearpoke\n|poke|p1|Gholdengo, L50|\n|poke|p1|Grimmsnarl, L50, M|\n|poke|p1|Whimsicott, L50, M|\n|poke|p1|Ursaluna-Bloodmoon, L50, M|\n|poke|p1|Dragonite, L50, F|\n|poke|p1|Annihilape, L50, F|\n|poke|p2|Dragonite, L50, F|\n|poke|p2|Gholdengo, L50|\n|poke|p2|Kingambit, L50, M|\n|poke|p2|Primarina, L50, F|\n|poke|p2|Rillaboom, L50, F|\n|poke|p2|Archaludon, L50, F|\n|teampreview|4\n|inactive|Battle timer is ON: inactive players will automatically lose when time's up. (requested by VGCLTHTornsEnjoyer)\n|j| AlabamaChristian\n|l| AlabamaChristian\n|\n|t:|1732072580\n|start\n|switch|p1a: Annihilape|Annihilape, L50, F|100\/100\n|switch|p1b: Whimsicott|Whimsicott, L50, M|100\/100\n|switch|p2a: \u5bcc\u5bcc\u7684\u8c6a|Gholdengo, L50|100\/100\n|switch|p2b: \u5927\u5927\u7684\u5c06|Kingambit, L50, M|100\/100\n|turn|1\n|\n|t:|1732072604\n|-terastallize|p2b: \u5927\u5927\u7684\u5c06|Dark\n|move|p1b: Whimsicott|Tailwind|p1b: Whimsicott\n|-sidestart|p1: VGCLTHTornsEnjoyer|move: Tailwind\n|move|p1a: Annihilape|U-turn|p2a: \u5bcc\u5bcc\u7684\u8c6a\n|-resisted|p2a: \u5bcc\u5bcc\u7684\u8c6a\n|-damage|p2a: \u5bcc\u5bcc\u7684\u8c6a|96\/100\n|j| tester66432\n|\n|t:|1732072610\n|switch|p1a: Dragonite|Dragonite, L50, F|100\/100|[from] U-turn\n|move|p2a: \u5bcc\u5bcc\u7684\u8c6a|Make It Rain|p1a: Dragonite|[spread] p1a,p1b\n|-supereffective|p1b: Whimsicott\n|-damage|p1a: Dragonite|43\/100\n|-damage|p1b: Whimsicott|0 fnt\n|-unboost|p2a: \u5bcc\u5bcc\u7684\u8c6a|spa|1\n|faint|p1b: Whimsicott\n|move|p2b: \u5927\u5927\u7684\u5c06|Kowtow Cleave|p1a: Dragonite\n|-damage|p1a: Dragonite|0 fnt\n|faint|p1a: Dragonite\n|\n|upkeep\n|\n|t:|1732072612\n|switch|p1b: Ursaluna|Ursaluna-Bloodmoon, L50, M|100\/100\n|switch|p1a: Annihilape|Annihilape, L50, F|100\/100\n|turn|2\n|\n|t:|1732072629\n|-terastallize|p1b: Ursaluna|Water\n|move|p1a: Annihilape|Close Combat|p2b: \u5927\u5927\u7684\u5c06\n|-supereffective|p2b: \u5927\u5927\u7684\u5c06\n|-damage|p2b: \u5927\u5927\u7684\u5c06|22\/100\n|-unboost|p1a: Annihilape|def|1\n|-unboost|p1a: Annihilape|spd|1\n|move|p2a: \u5bcc\u5bcc\u7684\u8c6a|Make It Rain|p1a: Annihilape|[spread] p1a,p1b\n|-resisted|p1b: Ursaluna\n|-damage|p1a: Annihilape|53\/100\n|-damage|p1b: Ursaluna|89\/100\n|-unboost|p2a: \u5bcc\u5bcc\u7684\u8c6a|spa|1\n|move|p1b: Ursaluna|Hyper Voice|p2a: \u5bcc\u5bcc\u7684\u8c6a|[spread] p2a,p2b\n|-resisted|p2a: \u5bcc\u5bcc\u7684\u8c6a\n|-damage|p2a: \u5bcc\u5bcc\u7684\u8c6a|71\/100\n|-damage|p2b: \u5927\u5927\u7684\u5c06|0 fnt\n|faint|p2b: \u5927\u5927\u7684\u5c06\n|\n|upkeep\n|\n|t:|1732072640\n|switch|p2b: \u5976\u5976\u7684\u9f99|Dragonite, L50, F|100\/100\n|turn|3\n|inactive|VGCLTHTornsEnjoyer has 30 seconds left.\n|j| Xunyicaoawa\n|inactive|VGCLTHTornsEnjoyer has 20 seconds left.\n|inactive|VGCLTHTornsEnjoyer has 15 seconds left.\n|\n|t:|1732072682\n|move|p2b: \u5976\u5976\u7684\u9f99|Protect|p2b: \u5976\u5976\u7684\u9f99\n|-singleturn|p2b: \u5976\u5976\u7684\u9f99|Protect\n|move|p1a: Annihilape|Close Combat|p2b: \u5976\u5976\u7684\u9f99\n|-activate|p2b: \u5976\u5976\u7684\u9f99|move: Protect\n|move|p2a: \u5bcc\u5bcc\u7684\u8c6a|Make It Rain|p1a: Annihilape|[spread] p1a,p1b\n|-resisted|p1b: Ursaluna\n|-damage|p1a: Annihilape|17\/100\n|-damage|p1b: Ursaluna|80\/100\n|-unboost|p2a: \u5bcc\u5bcc\u7684\u8c6a|spa|1\n|move|p1b: Ursaluna|Blood Moon|p2b: \u5976\u5976\u7684\u9f99\n|-activate|p2b: \u5976\u5976\u7684\u9f99|move: Protect\n|\n|upkeep\n|turn|4\n|\n|t:|1732072699\n|move|p1a: Annihilape|Close Combat|p2b: \u5976\u5976\u7684\u9f99\n|-resisted|p2b: \u5976\u5976\u7684\u9f99\n|-damage|p2b: \u5976\u5976\u7684\u9f99|87\/100\n|-unboost|p1a: Annihilape|def|1\n|-unboost|p1a: Annihilape|spd|1\n|move|p2a: \u5bcc\u5bcc\u7684\u8c6a|Make It Rain|p1a: Annihilape|[spread] p1a,p1b\n|-resisted|p1b: Ursaluna\n|-damage|p1a: Annihilape|0 fnt\n|-damage|p1b: Ursaluna|74\/100\n|-unboost|p2a: \u5bcc\u5bcc\u7684\u8c6a|spa|1\n|faint|p1a: Annihilape\n|move|p1b: Ursaluna|Earth Power|p2a: \u5bcc\u5bcc\u7684\u8c6a\n|-supereffective|p2a: \u5bcc\u5bcc\u7684\u8c6a\n|-damage|p2a: \u5bcc\u5bcc\u7684\u8c6a|0 fnt\n|faint|p2a: \u5bcc\u5bcc\u7684\u8c6a\n|move|p2b: \u5976\u5976\u7684\u9f99|Scale Shot|p1b: Ursaluna\n|-damage|p1b: Ursaluna|62\/100\n|-damage|p1b: Ursaluna|51\/100\n|-damage|p1b: Ursaluna|40\/100\n|-damage|p1b: Ursaluna|28\/100\n|-damage|p1b: Ursaluna|17\/100\n|-hitcount|p1b: Ursaluna|5\n|-unboost|p2b: \u5976\u5976\u7684\u9f99|def|1\n|-boost|p2b: \u5976\u5976\u7684\u9f99|spe|1\n|\n|-sideend|p1: VGCLTHTornsEnjoyer|move: Tailwind\n|upkeep\n|\n|t:|1732072701\n|switch|p2a: \u94a2\u94a2\u7684\u9f99|Archaludon, L50, F|100\/100\n|turn|5\n|\n|t:|1732072707\n|move|p2b: \u5976\u5976\u7684\u9f99|Extreme Speed|p1b: Ursaluna\n|-damage|p1b: Ursaluna|0 fnt\n|faint|p1b: Ursaluna\n|\n|win|qiyeO.o\n|raw|VGCLTHTornsEnjoyer's rating: 1742 &rarr; <strong>1723<\/strong><br \/>(-19 for losing)\n|raw|qiyeO.o's rating: 1766 &rarr; <strong>1785<\/strong><br \/>(+19 for winning)\n|l|\u2606VGCLTHTornsEnjoyer\n|player|p1|\n|l|\u2606qiyeO.o\n|player|p2|\n|l| tester66432\n|j| Drogonix\n|l| Drogonix\n|l| Xunyicaoawa\n","uploadtime":1732072971,"views":17,"formatid":"gen9vgc2024regh","rating":1723,"private":0,"password":null}