{"id":"gen9vgc2024regh-2247066004","format":"[Gen 9] VGC 2024 Reg H","players":["jmaustinIV","VGCLTH HUH"],"log":"|raw|<div class=\"broadcast-blue\"><strong>This battle is required to be public due to a player having a name starting with 'vgclth'.<\/div>\n|j|\u2606jmaustinIV\n|j|\u2606VGCLTH HUH\n|t:|1732042701\n|gametype|doubles\n|player|p1|jmaustinIV|2|1682\n|player|p2|VGCLTH HUH|medium|1726\n|teamsize|p1|6\n|teamsize|p2|6\n|gen|9\n|tier|[Gen 9] VGC 2024 Reg H\n|rated|\n|rule|Species Clause: Limit one of each Pok\u00e9mon\n|rule|Item Clause: Limit 1 of each item\n|clearpoke\n|poke|p1|Indeedee-F, L50, F|\n|poke|p1|Torkoal, L50, M|\n|poke|p1|Gallade, L50, M|\n|poke|p1|Ursaluna, L50, F|\n|poke|p1|Sylveon, L50, F|\n|poke|p1|Gholdengo, L50|\n|poke|p2|Dragonite, L50, F|\n|poke|p2|Ursaluna-Bloodmoon, L50, M|\n|poke|p2|Dondozo, L50, F|\n|poke|p2|Gholdengo, L50|\n|poke|p2|Volcarona, L50, M|\n|poke|p2|Archaludon, L50, M|\n|teampreview|4\n|inactive|Battle timer is ON: inactive players will automatically lose when time's up. (requested by VGCLTH HUH)\n|inactive|jmaustinIV also wants the timer to be on.\n|inactive|jmaustinIV has 60 seconds left.\n|inactive|VGCLTH HUH has 60 seconds left.\n|\n|t:|1732042748\n|start\n|switch|p1a: Sylveon|Sylveon, L50, F|100\/100\n|switch|p1b: Gallade|Gallade, L50, M|100\/100\n|switch|p2a: Dragonite|Dragonite, L50, F|100\/100\n|switch|p2b: Ursaluna|Ursaluna-Bloodmoon, L50, M|100\/100\n|turn|1\n|inactive|jmaustinIV has 30 seconds left.\n|\n|t:|1732042775\n|-terastallize|p2a: Dragonite|Steel\n|move|p2a: Dragonite|Scale Shot|p1b: Gallade\n|-damage|p1b: Gallade|77\/100\n|-damage|p1b: Gallade|53\/100\n|-damage|p1b: Gallade|32\/100\n|-damage|p1b: Gallade|10\/100\n|-damage|p1b: Gallade|0 fnt\n|faint|p1b: Gallade\n|-hitcount|p1: Gallade|5\n|-unboost|p2a: Dragonite|def|1\n|-boost|p2a: Dragonite|spe|1\n|move|p1a: Sylveon|Hyper Voice|p2b: Ursaluna|[spread] p2a,p2b\n|-resisted|p2a: Dragonite\n|-damage|p2a: Dragonite|86\/100\n|-damage|p2b: Ursaluna|62\/100\n|move|p2b: Ursaluna|Earth Power|p1a: Sylveon\n|-damage|p1a: Sylveon|63\/100\n|\n|upkeep\n|\n|t:|1732042783\n|switch|p1b: Gholdengo|Gholdengo, L50|100\/100\n|turn|2\n|inactive|VGCLTH HUH has 30 seconds left.\n|\n|t:|1732042809\n|-terastallize|p1b: Gholdengo|Water\n|move|p2b: Ursaluna|Vacuum Wave|p1b: Gholdengo\n|-damage|p1b: Gholdengo|83\/100\n|move|p1b: Gholdengo|Focus Blast|p2a: Dragonite\n|-supereffective|p2a: Dragonite\n|-damage|p2a: Dragonite|0 fnt\n|faint|p2a: Dragonite\n|move|p1a: Sylveon|Hyper Voice|p2b: Ursaluna\n|-damage|p2b: Ursaluna|7\/100\n|\n|upkeep\n|\n|t:|1732042823\n|switch|p2a: Volcarona|Volcarona, L50, M|100\/100\n|turn|3\n|\n|t:|1732042832\n|switch|p1b: Indeedee|Indeedee-F, L50, F|100\/100\n|-fieldstart|move: Psychic Terrain|[from] ability: Psychic Surge|[of] p1b: Indeedee\n|move|p2a: Volcarona|Heat Wave|p1a: Sylveon|[spread] p1a,p1b\n|-damage|p1a: Sylveon|37\/100\n|-damage|p1b: Indeedee|63\/100\n|move|p1a: Sylveon|Hyper Voice|p2a: Volcarona|[spread] p2a,p2b\n|-resisted|p2a: Volcarona\n|-damage|p2a: Volcarona|71\/100\n|-damage|p2b: Ursaluna|0 fnt\n|faint|p2b: Ursaluna\n|\n|upkeep\n|\n|t:|1732042847\n|switch|p2b: Dondozo|Dondozo, L50, F|100\/100\n|turn|4\n|\n|t:|1732042860\n|move|p1b: Indeedee|Helping Hand|p1a: Sylveon\n|-singleturn|p1a: Sylveon|Helping Hand|[of] p1b: Indeedee\n|move|p2a: Volcarona|Heat Wave|p1a: Sylveon|[spread] p1a,p1b\n|-damage|p1a: Sylveon|8\/100\n|-damage|p1b: Indeedee|28\/100\n|move|p1a: Sylveon|Hyper Voice|p2a: Volcarona|[spread] p2a,p2b\n|-resisted|p2a: Volcarona\n|-damage|p2a: Volcarona|30\/100\n|-damage|p2b: Dondozo|39\/100\n|move|p2b: Dondozo|Wave Crash|p1a: Sylveon\n|-damage|p1a: Sylveon|0 fnt\n|faint|p1a: Sylveon\n|-damage|p2b: Dondozo|37\/100|[from] Recoil\n|\n|-heal|p2b: Dondozo|43\/100|[from] item: Leftovers\n|upkeep\n|\n|t:|1732042873\n|switch|p1a: Gholdengo|Gholdengo, L50, tera:Water|83\/100\n|turn|5\n|\n|t:|1732042882\n|move|p1b: Indeedee|Follow Me|p1b: Indeedee\n|-singleturn|p1b: Indeedee|move: Follow Me\n|move|p1a: Gholdengo|Thunderbolt|p2a: Volcarona\n|-damage|p2a: Volcarona|2\/100\n|move|p2a: Volcarona|Heat Wave|p1a: Gholdengo|[spread] p1a,p1b\n|-resisted|p1a: Gholdengo\n|-damage|p1a: Gholdengo|62\/100\n|-damage|p1b: Indeedee|0 fnt\n|faint|p1b: Indeedee\n|move|p2b: Dondozo|Fissure|p1a: Gholdengo\n|-damage|p1a: Gholdengo|0 fnt\n|faint|p1a: Gholdengo\n|-ohko\n|\n|win|VGCLTH HUH\n|raw|jmaustinIV's rating: 1682 &rarr; <strong>1665<\/strong><br \/>(-17 for losing)\n|raw|VGCLTH HUH's rating: 1726 &rarr; <strong>1743<\/strong><br \/>(+17 for winning)\n|l|\u2606VGCLTH HUH\n|player|p2|\n|l|\u2606jmaustinIV\n|player|p1|\n","uploadtime":1732043025,"views":37,"formatid":"gen9vgc2024regh","rating":1665,"private":0,"password":null}