{"id":"gen9vgc2024regh-2247359905","format":"[Gen 9] VGC 2024 Reg H","players":["VGCLTHTornsEnjoyer","testy accounty 2"],"log":"|j|\u2606VGCLTHTornsEnjoyer\n|j|\u2606testy accounty 2\n|t:|1732075282\n|gametype|doubles\n|player|p1|VGCLTHTornsEnjoyer|turo|1687\n|player|p2|testy accounty 2|102|1685\n|teamsize|p1|6\n|teamsize|p2|6\n|gen|9\n|tier|[Gen 9] VGC 2024 Reg H\n|rated|\n|rule|Species Clause: Limit one of each Pok\u00e9mon\n|rule|Item Clause: Limit 1 of each item\n|clearpoke\n|poke|p1|Gholdengo, L50|\n|poke|p1|Grimmsnarl, L50, M|\n|poke|p1|Whimsicott, L50, M|\n|poke|p1|Ursaluna-Bloodmoon, L50, M|\n|poke|p1|Dragonite, L50, M|\n|poke|p1|Annihilape, L50, F|\n|poke|p2|Pelipper, L50, M|\n|poke|p2|Archaludon, L50, F|\n|poke|p2|Sneasler, L50, F|\n|poke|p2|Dragonite, L50, M|\n|poke|p2|Basculegion, L50, M|\n|poke|p2|Rillaboom, L50, F|\n|teampreview|4\n|inactive|Battle timer is ON: inactive players will automatically lose when time's up. (requested by VGCLTHTornsEnjoyer)\n|inactive|testy accounty 2 has 60 seconds left.\n|\n|t:|1732075316\n|start\n|switch|p1a: Gholdengo|Gholdengo, L50|100\/100\n|switch|p1b: Dragonite|Dragonite, L50, M|100\/100\n|switch|p2a: VEGETA|Basculegion, L50, M|100\/100\n|switch|p2b: MACHBACK|Archaludon, L50, F|100\/100\n|turn|1\n|j| Winieska Rambulera\n|inactive|VGCLTHTornsEnjoyer has 30 seconds left.\n|\n|t:|1732075342\n|move|p2a: VEGETA|Flip Turn|p1b: Dragonite\n|-resisted|p1b: Dragonite\n|-damage|p1b: Dragonite|76\/100\n|\n|t:|1732075358\n|switch|p2a: Pelipper|Pelipper, L50, M|100\/100|[from] Flip Turn\n|-weather|RainDance|[from] ability: Drizzle|[of] p2a: Pelipper\n|move|p1a: Gholdengo|Shadow Ball|p2a: Pelipper\n|-enditem|p2a: Pelipper|Focus Sash\n|-damage|p2a: Pelipper|1\/100\n|-unboost|p2a: Pelipper|spd|1\n|move|p1b: Dragonite|Outrage|p2a: Pelipper\n|-damage|p2a: Pelipper|0 fnt\n|faint|p2a: Pelipper\n|move|p2b: MACHBACK|Draco Meteor|p1b: Dragonite\n|-supereffective|p1b: Dragonite\n|-damage|p1b: Dragonite|0 fnt\n|-unboost|p2b: MACHBACK|spa|2\n|faint|p1b: Dragonite\n|\n|-weather|RainDance|[upkeep]\n|upkeep\n|\n|t:|1732075380\n|switch|p1b: Whimsicott|Whimsicott, L50, M|100\/100\n|switch|p2a: VEGETA|Basculegion, L50, M|100\/100\n|turn|2\n|inactive|testy accounty 2 has 30 seconds left.\n|\n|t:|1732075414\n|switch|p1b: Annihilape|Annihilape, L50, F|100\/100\n|switch|p2b: Slim Shady|Sneasler, L50, F|100\/100\n|-terastallize|p2a: VEGETA|Grass\n|move|p2a: VEGETA|Wave Crash|p1a: Gholdengo\n|-damage|p1a: Gholdengo|2\/100\n|-damage|p2a: VEGETA|73\/100|[from] Recoil\n|move|p1a: Gholdengo|Shadow Ball|p2a: VEGETA\n|-damage|p2a: VEGETA|0 fnt\n|faint|p2a: VEGETA\n|\n|-weather|RainDance|[upkeep]\n|upkeep\n|\n|t:|1732075424\n|switch|p2a: MACHBACK|Archaludon, L50, F|100\/100\n|turn|3\n|inactive|testy accounty 2 has 30 seconds left.\n|inactive|testy accounty 2 has 20 seconds left.\n|\n|t:|1732075460\n|switch|p1a: Whimsicott|Whimsicott, L50, M|100\/100\n|move|p2b: Slim Shady|Protect|p2b: Slim Shady\n|-singleturn|p2b: Slim Shady|Protect\n|move|p1b: Annihilape|Final Gambit|p2a: MACHBACK\n|-damage|p2a: MACHBACK|0 fnt\n|faint|p1b: Annihilape\n|faint|p2a: MACHBACK\n|\n|-weather|RainDance|[upkeep]\n|upkeep\n|l|\u2606testy accounty 2\n|inactive|testy accounty 2 disconnected and has a minute to reconnect!\n|player|p2|\n|j|\u2606testy accounty 2\n|inactive|testy accounty 2 reconnected.\n|player|p2|testy accounty 2|102|\n|inactive|VGCLTHTornsEnjoyer has 30 seconds left.\n|\n|t:|1732075487\n|switch|p1b: Gholdengo|Gholdengo, L50|2\/100\n|turn|4\n|\n|t:|1732075498\n|-terastallize|p1a: Whimsicott|Fairy\n|move|p2b: Slim Shady|Throat Chop|p1b: Gholdengo\n|-supereffective|p1b: Gholdengo\n|-damage|p1b: Gholdengo|0 fnt\n|faint|p1b: Gholdengo\n|move|p1a: Whimsicott|Dazzling Gleam|p2b: Slim Shady\n|-damage|p2b: Slim Shady|49\/100\n|\n|-weather|RainDance|[upkeep]\n|upkeep\n|turn|5\n|\n|t:|1732075505\n|move|p2b: Slim Shady|Dire Claw|p1a: Whimsicott\n|-supereffective|p1a: Whimsicott\n|-damage|p1a: Whimsicott|0 fnt\n|faint|p1a: Whimsicott\n|\n|win|testy accounty 2\n|raw|VGCLTHTornsEnjoyer's rating: 1701 &rarr; <strong>1680<\/strong><br \/>(-21 for losing)\n|raw|testy accounty 2's rating: 1685 &rarr; <strong>1706<\/strong><br \/>(+21 for winning)\n|l|\u2606VGCLTHTornsEnjoyer\n|player|p1|\n","uploadtime":1732075519,"views":28,"formatid":"gen9vgc2024regh","rating":1680,"private":0,"password":null}