{"id":"gen9vgc2024regh-2247022749","format":"[Gen 9] VGC 2024 Reg H","players":["juacox300","SeaWolfMikess"],"log":"|badge|p2|silver|gen9doublesou|30-3\n|uhtml|medal-msg|<div class=\"broadcast-blue\">Curious what those medals under the avatar are? PS now has Ladder Seasons! For more information, check out the <a href=\"https:\/\/www.smogon.com\/forums\/threads\/3740067\/\">thread on Smogon.<\/a><\/div>\n|j|\u2606juacox300\n|j|\u2606SeaWolfMikess\n|t:|1732038772\n|gametype|doubles\n|player|p1|juacox300|unknown|1743\n|player|p2|SeaWolfMikess|hugh|1725\n|teamsize|p1|6\n|teamsize|p2|6\n|gen|9\n|tier|[Gen 9] VGC 2024 Reg H\n|rated|\n|rule|Species Clause: Limit one of each Pok\u00e9mon\n|rule|Item Clause: Limit 1 of each item\n|clearpoke\n|poke|p1|Ursaluna, L50, F|\n|poke|p1|Murkrow, L50, M|\n|poke|p1|Sneasler, L50, M|\n|poke|p1|Indeedee, L50, M|\n|poke|p1|Archaludon, L50, M|\n|poke|p1|Incineroar, L50, M|\n|poke|p2|Pelipper, L50, F|\n|poke|p2|Archaludon, L50, F|\n|poke|p2|Rillaboom, L50, F|\n|poke|p2|Sneasler, L50, F|\n|poke|p2|Incineroar, L50, M|\n|poke|p2|Gholdengo, L50|\n|teampreview|4\n|inactive|Battle timer is ON: inactive players will automatically lose when time's up. (requested by SeaWolfMikess)\n|\n|t:|1732038823\n|start\n|switch|p1a: Murkrow|Murkrow, L50, M|100\/100\n|switch|p1b: Archaludon|Archaludon, L50, M, shiny|100\/100\n|switch|p2a: Archaludon|Archaludon, L50, F|100\/100\n|switch|p2b: Incineroar|Incineroar, L50, M|100\/100\n|-ability|p2b: Incineroar|Intimidate|boost\n|-unboost|p1a: Murkrow|atk|1\n|-unboost|p1b: Archaludon|atk|1\n|turn|1\n|\n|t:|1732038835\n|switch|p1a: Alfred|Indeedee, L50, M, shiny|100\/100\n|-fieldstart|move: Psychic Terrain|[from] ability: Psychic Surge|[of] p1a: Alfred\n|move|p2b: Incineroar|Fake Out|p1b: Archaludon\n|-activate|p1b: Archaludon|move: Psychic Terrain\n|move|p2a: Archaludon|Dragon Pulse|p1b: Archaludon\n|-damage|p1b: Archaludon|48\/100\n|-ability|p1b: Archaludon|Stamina|boost\n|-boost|p1b: Archaludon|def|1\n|move|p1b: Archaludon|Electro Shot||[still]\n|-prepare|p1b: Archaludon|Electro Shot\n|-boost|p1b: Archaludon|spa|1\n|-enditem|p1b: Archaludon|Power Herb\n|-anim|p1b: Archaludon|Electro Shot|p2b: Incineroar\n|-damage|p2b: Incineroar|43\/100\n|\n|upkeep\n|turn|2\n|inactive|juacox300 has 30 seconds left.\n|inactive|SeaWolfMikess has 30 seconds left.\n|j| BreadTest\n|\n|t:|1732038864\n|switch|p1a: Murkrow|Murkrow, L50, M|100\/100\n|-terastallize|p1b: Archaludon|Fairy\n|move|p2a: Archaludon|Dragon Pulse|p1b: Archaludon\n|-immune|p1b: Archaludon\n|move|p1b: Archaludon|Draco Meteor|p2a: Archaludon|[miss]\n|-miss|p1b: Archaludon|p2a: Archaludon\n|move|p2b: Incineroar|Knock Off|p1a: Murkrow\n|-resisted|p1a: Murkrow\n|-damage|p1a: Murkrow|76\/100\n|-enditem|p1a: Murkrow|Eviolite|[from] move: Knock Off|[of] p2b: Incineroar\n|\n|upkeep\n|turn|3\n|\n|t:|1732038877\n|move|p2a: Archaludon|Protect|p2a: Archaludon\n|-singleturn|p2a: Archaludon|Protect\n|move|p1a: Murkrow|Tailwind|p1a: Murkrow\n|-sidestart|p1: juacox300|move: Tailwind\n|move|p1b: Archaludon|Draco Meteor|p2a: Archaludon\n|-activate|p2a: Archaludon|move: Protect\n|move|p2b: Incineroar|Parting Shot|p1b: Archaludon\n|-unboost|p1b: Archaludon|atk|1\n|-unboost|p1b: Archaludon|spa|1\n|\n|t:|1732038886\n|switch|p2b: Sneasler|Sneasler, L50, F|100\/100|[from] Parting Shot\n|\n|upkeep\n|turn|4\n|\n|t:|1732038895\n|switch|p2a: Rillaboom|Rillaboom, L50, F|100\/100\n|-fieldstart|move: Grassy Terrain|[from] ability: Grassy Surge|[of] p2a: Rillaboom\n|-enditem|p2b: Sneasler|Grassy Seed\n|-boost|p2b: Sneasler|def|1|[from] item: Grassy Seed\n|move|p2b: Sneasler|Dire Claw|p1b: Archaludon\n|-supereffective|p1b: Archaludon\n|-damage|p1b: Archaludon|0 fnt\n|faint|p1b: Archaludon\n|move|p1a: Murkrow|Brave Bird|p2b: Sneasler\n|-supereffective|p2b: Sneasler\n|-damage|p2b: Sneasler|20\/100\n|-damage|p1a: Murkrow|49\/100|[from] Recoil\n|\n|-heal|p2b: Sneasler|25\/100|[from] Grassy Terrain\n|upkeep\n|\n|t:|1732038903\n|switch|p1b: Alfred|Indeedee, L50, M, shiny|100\/100\n|-fieldstart|move: Psychic Terrain|[from] ability: Psychic Surge|[of] p1b: Alfred\n|turn|5\n|\n|t:|1732038919\n|switch|p1b: Tommau|Sneasler, L50, M|100\/100\n|-enditem|p1b: Tommau|Psychic Seed\n|-boost|p1b: Tommau|spd|1|[from] item: Psychic Seed\n|-terastallize|p2b: Sneasler|Dark\n|move|p2b: Sneasler|Throat Chop|p1b: Tommau\n|-resisted|p1b: Tommau\n|-damage|p1b: Tommau|62\/100\n|-start|p1b: Tommau|Throat Chop|[silent]\n|move|p1a: Murkrow|Brave Bird|p2a: Rillaboom\n|-supereffective|p2a: Rillaboom\n|-damage|p2a: Rillaboom|30\/100\n|-damage|p1a: Murkrow|18\/100|[from] Recoil\n|move|p2a: Rillaboom|Wood Hammer|p1b: Tommau\n|-resisted|p1b: Tommau\n|-damage|p1b: Tommau|8\/100\n|-damage|p2a: Rillaboom|16\/100|[from] Recoil\n|\n|upkeep\n|turn|6\n|\n|t:|1732038936\n|switch|p2b: Archaludon|Archaludon, L50, F|100\/100\n|switch|p2a: Incineroar|Incineroar, L50, M|43\/100\n|-ability|p2a: Incineroar|Intimidate|boost\n|-unboost|p1a: Murkrow|atk|1\n|-unboost|p1b: Tommau|atk|1\n|move|p1b: Tommau|Dire Claw|p2b: Archaludon\n|-immune|p2b: Archaludon\n|move|p1a: Murkrow|Brave Bird|p2a: Incineroar\n|-damage|p2a: Incineroar|23\/100\n|-damage|p1a: Murkrow|10\/100|[from] Recoil\n|\n|-end|p1b: Tommau|Throat Chop|[silent]\n|-sideend|p1: juacox300|move: Tailwind\n|upkeep\n|turn|7\n|\n|t:|1732038949\n|switch|p2b: Rillaboom|Rillaboom, L50, F|16\/100\n|-fieldstart|move: Grassy Terrain|[from] ability: Grassy Surge|[of] p2b: Rillaboom\n|switch|p1a: Alfred|Indeedee, L50, M, shiny|100\/100\n|-fieldstart|move: Psychic Terrain|[from] ability: Psychic Surge|[of] p1a: Alfred\n|move|p1b: Tommau|Protect|p1b: Tommau\n|-singleturn|p1b: Tommau|Protect\n|move|p2a: Incineroar|Fake Out|p1b: Tommau\n|-activate|p1b: Tommau|move: Psychic Terrain\n|\n|upkeep\n|turn|8\n|inactive|SeaWolfMikess has 30 seconds left.\n|\n|t:|1732038974\n|switch|p2b: Sneasler|Sneasler, L50, F, tera:Dark|25\/100\n|move|p1b: Tommau|Dire Claw|p2a: Incineroar\n|-crit|p2a: Incineroar\n|-damage|p2a: Incineroar|0 fnt\n|faint|p2a: Incineroar\n|move|p1a: Alfred|Expanding Force|p2b: Sneasler\n|-immune|p2b: Sneasler\n|\n|upkeep\n|\n|t:|1732038979\n|switch|p2a: Rillaboom|Rillaboom, L50, F|16\/100\n|-fieldstart|move: Grassy Terrain|[from] ability: Grassy Surge|[of] p2a: Rillaboom\n|turn|9\n|\n|t:|1732038985\n|move|p1b: Tommau|Protect|p1b: Tommau\n|-singleturn|p1b: Tommau|Protect\n|move|p2a: Rillaboom|Grassy Glide|p1b: Tommau\n|-activate|p1b: Tommau|move: Protect\n|move|p1a: Alfred|Expanding Force|p2a: Rillaboom\n|-damage|p2a: Rillaboom|0 fnt\n|faint|p2a: Rillaboom\n|move|p2b: Sneasler|Throat Chop|p1a: Alfred\n|-supereffective|p1a: Alfred\n|-damage|p1a: Alfred|0 fnt\n|faint|p1a: Alfred\n|\n|-heal|p1b: Tommau|13\/100|[from] Grassy Terrain\n|-heal|p2b: Sneasler|31\/100|[from] Grassy Terrain\n|upkeep\n|\n|t:|1732038993\n|switch|p1a: Murkrow|Murkrow, L50, M|10\/100\n|switch|p2a: Archaludon|Archaludon, L50, F|100\/100\n|turn|10\n|\n|t:|1732039009\n|move|p2b: Sneasler|Protect|p2b: Sneasler\n|-singleturn|p2b: Sneasler|Protect\n|move|p1a: Murkrow|Haze|p1a: Murkrow\n|-clearallboost\n|move|p1b: Tommau|Close Combat|p2a: Archaludon\n|-supereffective|p2a: Archaludon\n|-ability|p2a: Archaludon|Sturdy\n|-damage|p2a: Archaludon|1\/100\n|-unboost|p1b: Tommau|def|1\n|-unboost|p1b: Tommau|spd|1\n|move|p2a: Archaludon|Dragon Pulse|p1b: Tommau\n|-damage|p1b: Tommau|0 fnt\n|faint|p1b: Tommau\n|\n|-heal|p2b: Sneasler|37\/100|[from] Grassy Terrain\n|-heal|p2a: Archaludon|7\/100|[from] Grassy Terrain\n|upkeep\n|turn|11\n|-message|juacox300 forfeited.\n|\n|win|SeaWolfMikess\n|raw|juacox300's rating: 1743 &rarr; <strong>1722<\/strong><br \/>(-21 for losing)\n|raw|SeaWolfMikess's rating: 1725 &rarr; <strong>1746<\/strong><br \/>(+21 for winning)\n|l|\u2606juacox300\n|player|p1|\n|l|\u2606SeaWolfMikess\n|player|p2|\n|l| BreadTest\n","uploadtime":1732039285,"views":15,"formatid":"gen9vgc2024regh","rating":1722,"private":0,"password":null}