{"id":"gen9vgc2024regh-2247328536","format":"[Gen 9] VGC 2024 Reg H","players":["CarryTheBoats","VGCLTH Rain"],"log":"|raw|<div class=\"broadcast-blue\"><strong>This battle is required to be public due to a player having a name starting with 'vgclth'.<\/div>\n|j|\u2606CarryTheBoats\n|j|\u2606VGCLTH Rain\n|t:|1732071104\n|gametype|doubles\n|player|p1|CarryTheBoats|crasherwake|1769\n|player|p2|VGCLTH Rain|101|1759\n|teamsize|p1|6\n|teamsize|p2|6\n|gen|9\n|tier|[Gen 9] VGC 2024 Reg H\n|rated|\n|rule|Species Clause: Limit one of each Pok\u00e9mon\n|rule|Item Clause: Limit 1 of each item\n|clearpoke\n|poke|p1|Archaludon, L50, F|\n|poke|p1|Pelipper, L50, M|\n|poke|p1|Basculegion, L50, M|\n|poke|p1|Dragonite, L50, F|\n|poke|p1|Incineroar, L50, F|\n|poke|p1|Amoonguss, L50, F|\n|poke|p2|Typhlosion-Hisui, L50, M|\n|poke|p2|Glimmora, L50, M|\n|poke|p2|Grimmsnarl, L50, M|\n|poke|p2|Whimsicott, L50, M|\n|poke|p2|Ursaluna-Bloodmoon, L50, M|\n|poke|p2|Dusclops, L50, F|\n|teampreview|4\n|inactive|Battle timer is ON: inactive players will automatically lose when time's up. (requested by VGCLTH Rain)\n|c|\u2606CarryTheBoats|What is VGCLTH\n|c|\u2606CarryTheBoats|I have never seen that message before\n|inactive|CarryTheBoats has 60 seconds left.\n|\n|t:|1732071171\n|start\n|switch|p1a: Basculegion|Basculegion, L50, M, shiny|100\/100\n|switch|p1b: Incineroar|Incineroar, L50, F, shiny|100\/100\n|switch|p2a: Glimmora|Glimmora, L50, M|100\/100\n|switch|p2b: Grimmsnarl|Grimmsnarl, L50, M|100\/100\n|-ability|p1b: Incineroar|Intimidate|boost\n|-unboost|p2a: Glimmora|atk|1\n|-unboost|p2b: Grimmsnarl|atk|1\n|turn|1\n|inactive|VGCLTH Rain has 30 seconds left.\n|c|\u2606VGCLTH Rain|it is some kind of tournament\n|inactive|CarryTheBoats has 30 seconds left.\n|inactive|VGCLTH Rain has 20 seconds left.\n|\n|t:|1732071208\n|move|p1b: Incineroar|Fake Out|p2b: Grimmsnarl\n|-damage|p2b: Grimmsnarl|86\/100\n|cant|p2b: Grimmsnarl|flinch\n|move|p2a: Glimmora|Power Gem|p1b: Incineroar\n|-supereffective|p1b: Incineroar\n|-damage|p1b: Incineroar|20\/100\n|move|p1a: Basculegion|Wave Crash|p2b: Grimmsnarl\n|-damage|p2b: Grimmsnarl|0 fnt\n|faint|p2b: Grimmsnarl\n|-damage|p1a: Basculegion|71\/100|[from] Recoil\n|-damage|p1a: Basculegion|62\/100|[from] item: Life Orb\n|\n|upkeep\n|\n|t:|1732071217\n|switch|p2b: Dusclops|Dusclops, L50, F|100\/100\n|-item|p1a: Basculegion|Life Orb|[from] ability: Frisk|[of] p2b: Dusclops\n|-item|p1b: Incineroar|Safety Goggles|[from] ability: Frisk|[of] p2b: Dusclops\n|turn|2\n|\n|t:|1732071228\n|switch|p1b: Pelipper|Pelipper, L50, M, shiny|100\/100\n|-weather|RainDance|[from] ability: Drizzle|[of] p1b: Pelipper\n|-terastallize|p1a: Basculegion|Water\n|move|p1a: Basculegion|Wave Crash|p2b: Dusclops\n|-crit|p2b: Dusclops\n|-damage|p2b: Dusclops|0 fnt\n|faint|p2b: Dusclops\n|-damage|p1a: Basculegion|36\/100|[from] Recoil\n|-damage|p1a: Basculegion|27\/100|[from] item: Life Orb\n|move|p2a: Glimmora|Power Gem|p1b: Pelipper\n|-supereffective|p1b: Pelipper\n|-enditem|p1b: Pelipper|Focus Sash\n|-damage|p1b: Pelipper|1\/100\n|\n|-weather|RainDance|[upkeep]\n|upkeep\n|\n|t:|1732071244\n|switch|p2b: Ursaluna|Ursaluna-Bloodmoon, L50, M|100\/100\n|turn|3\n|c|\u2606CarryTheBoats|What\u2019s the tournament for\n|c|\u2606CarryTheBoats|Is it like some Smogon thing\n|\n|t:|1732071265\n|move|p1a: Basculegion|Protect|p1a: Basculegion\n|-singleturn|p1a: Basculegion|Protect\n|move|p2b: Ursaluna|Protect|p2b: Ursaluna\n|-singleturn|p2b: Ursaluna|Protect\n|move|p2a: Glimmora|Mortal Spin|p1b: Pelipper|[spread] p1b\n|-activate|p1a: Basculegion|move: Protect\n|-damage|p1b: Pelipper|0 fnt\n|faint|p1b: Pelipper\n|\n|-weather|RainDance|[upkeep]\n|upkeep\n|c|\u2606VGCLTH Rain|yeah.\n|\n|t:|1732071272\n|switch|p1b: Incineroar|Incineroar, L50, F, shiny|20\/100\n|-ability|p1b: Incineroar|Intimidate|boost\n|-unboost|p2a: Glimmora|atk|1\n|-unboost|p2b: Ursaluna|atk|1\n|turn|4\n|\n|t:|1732071284\n|-terastallize|p2b: Ursaluna|Grass\n|move|p1b: Incineroar|Fake Out|p2a: Glimmora\n|-resisted|p2a: Glimmora\n|-damage|p2a: Glimmora|93\/100\n|-activate|p2a: Glimmora|ability: Toxic Debris\n|-sidestart|p1: CarryTheBoats|move: Toxic Spikes\n|move|p1a: Basculegion|Wave Crash|p2b: Ursaluna\n|-resisted|p2b: Ursaluna\n|-damage|p2b: Ursaluna|40\/100\n|-damage|p1a: Basculegion|4\/100|[from] Recoil\n|-damage|p1a: Basculegion|0 fnt|[from] item: Life Orb\n|faint|p1a: Basculegion\n|cant|p2a: Glimmora|flinch\n|move|p2b: Ursaluna|Hyper Voice|p1b: Incineroar\n|-damage|p1b: Incineroar|0 fnt\n|faint|p1b: Incineroar\n|-enditem|p2b: Ursaluna|Throat Spray\n|-boost|p2b: Ursaluna|spa|1|[from] item: Throat Spray\n|\n|-weather|RainDance|[upkeep]\n|upkeep\n|\n|t:|1732071287\n|switch|p1b: Archaludon|Archaludon, L50, F, shiny|100\/100\n|turn|5\n|c|\u2606CarryTheBoats|What\u2019s the smog on thing for\n|inactive|CarryTheBoats has 30 seconds left.\n|\n|t:|1732071313\n|move|p2a: Glimmora|Earth Power|p1b: Archaludon\n|-supereffective|p1b: Archaludon\n|-damage|p1b: Archaludon|54\/100\n|-unboost|p1b: Archaludon|spd|1\n|-ability|p1b: Archaludon|Stamina|boost\n|-boost|p1b: Archaludon|def|1\n|move|p1b: Archaludon|Dragon Pulse|p2b: Ursaluna\n|-damage|p2b: Ursaluna|0 fnt\n|faint|p2b: Ursaluna\n|\n|-weather|RainDance|[upkeep]\n|upkeep\n|turn|6\n|\n|t:|1732071329\n|move|p2a: Glimmora|Earth Power|p1b: Archaludon\n|-supereffective|p1b: Archaludon\n|-damage|p1b: Archaludon|0 fnt\n|faint|p1b: Archaludon\n|\n|win|VGCLTH Rain\n|raw|CarryTheBoats's rating: 1769 &rarr; <strong>1748<\/strong><br \/>(-21 for losing)\n|raw|VGCLTH Rain's rating: 1759 &rarr; <strong>1780<\/strong><br \/>(+21 for winning)\n|c|\u2606VGCLTH Rain|chance to play in some tournement if you top it. maybe some reward in the end\n|l|\u2606VGCLTH Rain\n|player|p2|\n|c|\u2606CarryTheBoats|Fr? I don\u2019t know how Smogon tours work but gl\n|l|\u2606CarryTheBoats\n|player|p1|\n","uploadtime":1732071574,"views":35,"formatid":"gen9vgc2024regh","rating":1748,"private":0,"password":null}