{"id":"gen9vgc2024regh-2247554881","format":"[Gen 9] VGC 2024 Reg H","players":["juacox300","VGCLTH Rain"],"log":"|raw|<div class=\"broadcast-blue\"><strong>This battle is required to be public due to a player having a name starting with 'vgclth'.<\/div>\n|j|\u2606juacox300\n|j|\u2606VGCLTH Rain\n|t:|1732108732\n|gametype|doubles\n|player|p1|juacox300|unknown|1784\n|player|p2|VGCLTH Rain|169|1682\n|teamsize|p1|6\n|teamsize|p2|6\n|gen|9\n|tier|[Gen 9] VGC 2024 Reg H\n|rated|\n|rule|Species Clause: Limit one of each Pok\u00e9mon\n|rule|Item Clause: Limit 1 of each item\n|clearpoke\n|poke|p1|Ursaluna, L50, F|\n|poke|p1|Murkrow, L50, M|\n|poke|p1|Sneasler, L50, M|\n|poke|p1|Indeedee, L50, M|\n|poke|p1|Archaludon, L50, M|\n|poke|p1|Incineroar, L50, M|\n|poke|p2|Typhlosion-Hisui, L50, M|\n|poke|p2|Glimmora, L50, F|\n|poke|p2|Grimmsnarl, L50, M|\n|poke|p2|Whimsicott, L50, M|\n|poke|p2|Ursaluna-Bloodmoon, L50, M|\n|poke|p2|Dusclops, L50, M|\n|teampreview|4\n|j| snow is mid\n|inactive|Battle timer is ON: inactive players will automatically lose when time's up. (requested by VGCLTH Rain)\n|inactive|juacox300 has 60 seconds left.\n|\n|t:|1732108839\n|start\n|switch|p1a: Alfred|Indeedee, L50, M, shiny|100\/100\n|switch|p1b: Tommau|Sneasler, L50, M|100\/100\n|switch|p2a: Glimmora|Glimmora, L50, F|100\/100\n|switch|p2b: Grimmsnarl|Grimmsnarl, L50, M|100\/100\n|-fieldstart|move: Psychic Terrain|[from] ability: Psychic Surge|[of] p1a: Alfred\n|-enditem|p1b: Tommau|Psychic Seed\n|-boost|p1b: Tommau|spd|1|[from] item: Psychic Seed\n|turn|1\n|\n|t:|1732108848\n|move|p2b: Grimmsnarl|Reflect|p2b: Grimmsnarl\n|-sidestart|p2: VGCLTH Rain|Reflect\n|move|p1b: Tommau|Dire Claw|p2b: Grimmsnarl\n|-supereffective|p2b: Grimmsnarl\n|-damage|p2b: Grimmsnarl|29\/100\n|move|p1a: Alfred|Expanding Force|p2a: Glimmora|[spread] p2a\n|-immune|p2b: Grimmsnarl\n|-supereffective|p2a: Glimmora\n|-enditem|p2a: Glimmora|Focus Sash\n|-damage|p2a: Glimmora|1\/100\n|move|p2a: Glimmora|Sludge Bomb|p1a: Alfred\n|-damage|p1a: Alfred|23\/100\n|-status|p1a: Alfred|psn\n|\n|-damage|p1a: Alfred|11\/100 psn|[from] psn\n|upkeep\n|turn|2\n|\n|t:|1732108866\n|switch|p1a: Ursaluna|Ursaluna, L50, F|100\/100\n|move|p2b: Grimmsnarl|Light Screen|p2b: Grimmsnarl\n|-sidestart|p2: VGCLTH Rain|move: Light Screen\n|move|p1b: Tommau|Dire Claw|p2b: Grimmsnarl\n|-supereffective|p2b: Grimmsnarl\n|-damage|p2b: Grimmsnarl|0 fnt\n|faint|p2b: Grimmsnarl\n|move|p2a: Glimmora|Earth Power|p1b: Tommau\n|-supereffective|p1b: Tommau\n|-damage|p1b: Tommau|32\/100\n|\n|-status|p1a: Ursaluna|brn|[from] item: Flame Orb\n|upkeep\n|j| Mixam91\n|\n|t:|1732108876\n|switch|p2b: Dusclops|Dusclops, L50, M|100\/100\n|-item|p1a: Ursaluna|Flame Orb|[from] ability: Frisk|[of] p2b: Dusclops\n|turn|3\n|inactive|juacox300 has 30 seconds left.\n|\n|t:|1732108907\n|move|p1b: Tommau|Dire Claw|p2a: Glimmora\n|-resisted|p2a: Glimmora\n|-damage|p2a: Glimmora|0 fnt\n|-activate|p2a: Glimmora|ability: Toxic Debris\n|-sidestart|p1: juacox300|move: Toxic Spikes\n|faint|p2a: Glimmora\n|move|p1a: Ursaluna|Headlong Rush|p2b: Dusclops\n|-damage|p2b: Dusclops|52\/100\n|-unboost|p1a: Ursaluna|def|1\n|-unboost|p1a: Ursaluna|spd|1\n|move|p2b: Dusclops|Trick Room|p2b: Dusclops\n|-fieldstart|move: Trick Room|[of] p2b: Dusclops\n|\n|-damage|p1a: Ursaluna|95\/100 brn|[from] brn\n|upkeep\n|\n|t:|1732108912\n|switch|p2a: Ursaluna|Ursaluna-Bloodmoon, L50, M|100\/100\n|turn|4\n|\n|t:|1732108922\n|switch|p1a: Alfred|Indeedee, L50, M, shiny|11\/100 psn\n|move|p2b: Dusclops|Helping Hand|p2a: Ursaluna\n|-singleturn|p2a: Ursaluna|Helping Hand|[of] p2b: Dusclops\n|move|p1b: Tommau|Protect|p1b: Tommau\n|-singleturn|p1b: Tommau|Protect\n|move|p2a: Ursaluna|Hyper Voice|p1a: Alfred|[spread] p1a\n|-activate|p1b: Tommau|move: Protect\n|-damage|p1a: Alfred|0 fnt\n|faint|p1a: Alfred\n|-enditem|p2a: Ursaluna|Throat Spray\n|-boost|p2a: Ursaluna|spa|1|[from] item: Throat Spray\n|\n|upkeep\n|\n|t:|1732108929\n|switch|p1a: Ursaluna|Ursaluna, L50, F|95\/100 brn\n|turn|5\n|\n|t:|1732108937\n|move|p2b: Dusclops|Night Shade|p1b: Tommau\n|-damage|p1b: Tommau|0 fnt\n|faint|p1b: Tommau\n|move|p2a: Ursaluna|Blood Moon|p1a: Ursaluna\n|-crit|p1a: Ursaluna\n|-damage|p1a: Ursaluna|0 fnt\n|faint|p1a: Ursaluna\n|\n|-fieldend|move: Psychic Terrain\n|upkeep\n|-message|juacox300 forfeited.\n|\n|win|VGCLTH Rain\n|raw|juacox300's rating: 1784 &rarr; <strong>1758<\/strong><br \/>(-26 for losing)\n|raw|VGCLTH Rain's rating: 1682 &rarr; <strong>1708<\/strong><br \/>(+26 for winning)\n|l|\u2606juacox300\n|player|p1|\n|l| snow is mid\n|l| Mixam91\n","uploadtime":1732109203,"views":14,"formatid":"gen9vgc2024regh","rating":1708,"private":0,"password":null}