{"id":"gen9vgc2024regh-2247609620","format":"[Gen 9] VGC 2024 Reg H","players":["Djjwjwwjj","snow is mid"],"log":"|j|\u2606Djjwjwwjj\n|j|\u2606snow is mid\n|t:|1732114828\n|gametype|doubles\n|player|p1|Djjwjwwjj|102|1770\n|player|p2|snow is mid|swimmer-gen4dp|1635\n|teamsize|p1|6\n|teamsize|p2|6\n|gen|9\n|tier|[Gen 9] VGC 2024 Reg H\n|rated|\n|rule|Species Clause: Limit one of each Pok\u00e9mon\n|rule|Item Clause: Limit 1 of each item\n|clearpoke\n|poke|p1|Palafin, L50, F|\n|poke|p1|Incineroar, L50, M|\n|poke|p1|Gholdengo, L50|\n|poke|p1|Amoonguss, L50, F|\n|poke|p1|Pelipper, L50, M|\n|poke|p1|Dragonite, L50, M|\n|poke|p2|Ninetales-Alola, L50, M|\n|poke|p2|Baxcalibur, L50, F|\n|poke|p2|Gastrodon-East, L50, F|\n|poke|p2|Volcarona, L50, M|\n|poke|p2|Archaludon, L50, M|\n|poke|p2|Meowscarada, L50, F|\n|teampreview|4\n|inactive|Battle timer is ON: inactive players will automatically lose when time's up. (requested by Djjwjwwjj)\n|inactive|Djjwjwwjj has 60 seconds left.\n|inactive|snow is mid has 60 seconds left.\n|\n|t:|1732114875\n|start\n|switch|p1a: Incineroar|Incineroar, L50, M|100\/100\n|switch|p1b: Gholdengo|Gholdengo, L50|100\/100\n|switch|p2a: Baxcalibur|Baxcalibur, L50, F|100\/100\n|switch|p2b: Archaludon|Archaludon, L50, M|100\/100\n|-ability|p1a: Incineroar|Intimidate|boost\n|-unboost|p2a: Baxcalibur|atk|1\n|-unboost|p2b: Archaludon|atk|1\n|turn|1\n|\n|t:|1732114893\n|switch|p2a: Gastrodon|Gastrodon-East, L50, F|100\/100\n|move|p1a: Incineroar|Fake Out|p2b: Archaludon\n|-resisted|p2b: Archaludon\n|-damage|p2b: Archaludon|97\/100\n|-ability|p2b: Archaludon|Stamina|boost\n|-boost|p2b: Archaludon|def|1\n|move|p1b: Gholdengo|Nasty Plot|p1b: Gholdengo\n|-boost|p1b: Gholdengo|spa|2\n|cant|p2b: Archaludon|flinch\n|\n|upkeep\n|turn|2\n|\n|t:|1732114910\n|move|p1b: Gholdengo|Protect|p1b: Gholdengo\n|-singleturn|p1b: Gholdengo|Protect\n|move|p1a: Incineroar|Knock Off|p2b: Archaludon\n|-damage|p2b: Archaludon|76\/100\n|-ability|p2b: Archaludon|Stamina|boost\n|-boost|p2b: Archaludon|def|1\n|-enditem|p2b: Archaludon|Assault Vest|[from] move: Knock Off|[of] p1a: Incineroar\n|move|p2b: Archaludon|Snarl|p1b: Gholdengo|[spread] p1a\n|-activate|p1b: Gholdengo|move: Protect\n|-resisted|p1a: Incineroar\n|-damage|p1a: Incineroar|94\/100\n|-unboost|p1a: Incineroar|spa|1\n|move|p2a: Gastrodon|Muddy Water|p1b: Gholdengo|[spread] p1a\n|-activate|p1b: Gholdengo|move: Protect\n|-supereffective|p1a: Incineroar\n|-damage|p1a: Incineroar|55\/100\n|\n|upkeep\n|turn|3\n|j| ChinaDragonVGC\n|l| ChinaDragonVGC\n|\n|t:|1732114933\n|move|p1b: Gholdengo|Shadow Ball|p2b: Archaludon\n|-damage|p2b: Archaludon|0 fnt\n|faint|p2b: Archaludon\n|-damage|p1b: Gholdengo|91\/100|[from] item: Life Orb\n|move|p1a: Incineroar|Parting Shot|p2a: Gastrodon\n|-unboost|p2a: Gastrodon|atk|1\n|-unboost|p2a: Gastrodon|spa|1\n|\n|t:|1732114942\n|switch|p1a: Amoonguss|Amoonguss, L50, F|100\/100|[from] Parting Shot\n|move|p2a: Gastrodon|Earth Power|p1b: Gholdengo\n|-supereffective|p1b: Gholdengo\n|-damage|p1b: Gholdengo|53\/100\n|\n|upkeep\n|\n|t:|1732114956\n|switch|p2b: Ninetales|Ninetales-Alola, L50, M|100\/100\n|-weather|Snow|[from] ability: Snow Warning|[of] p2b: Ninetales\n|turn|4\n|\n|t:|1732114973\n|switch|p1a: Pelipper|Pelipper, L50, M|100\/100\n|-weather|RainDance|[from] ability: Drizzle|[of] p1a: Pelipper\n|move|p1b: Gholdengo|Protect|p1b: Gholdengo\n|-singleturn|p1b: Gholdengo|Protect\n|move|p2b: Ninetales|Blizzard|p1a: Pelipper|[spread] p1a\n|-activate|p1b: Gholdengo|move: Protect\n|-damage|p1a: Pelipper|42\/100\n|move|p2a: Gastrodon|Muddy Water|p1b: Gholdengo|[spread] p1a\n|-activate|p1b: Gholdengo|move: Protect\n|-resisted|p1a: Pelipper\n|-crit|p1a: Pelipper\n|-damage|p1a: Pelipper|3\/100\n|-unboost|p1a: Pelipper|accuracy|1\n|\n|-weather|RainDance|[upkeep]\n|upkeep\n|turn|5\n|inactive|Djjwjwwjj has 30 seconds left.\n|inactive|snow is mid has 30 seconds left.\n|\n|t:|1732114999\n|move|p1a: Pelipper|Icy Wind|p2a: Gastrodon|[spread] p2b\n|-miss|p1a: Pelipper|p2a: Gastrodon\n|-resisted|p2b: Ninetales\n|-damage|p2b: Ninetales|94\/100\n|-unboost|p2b: Ninetales|spe|1\n|move|p1b: Gholdengo|Make It Rain|p2a: Gastrodon|[spread] p2a,p2b\n|-resisted|p2a: Gastrodon\n|-supereffective|p2b: Ninetales\n|-damage|p2a: Gastrodon|54\/100\n|-damage|p2b: Ninetales|0 fnt\n|-unboost|p1b: Gholdengo|spa|1\n|faint|p2b: Ninetales\n|-damage|p1b: Gholdengo|43\/100|[from] item: Life Orb\n|move|p2a: Gastrodon|Muddy Water|p1b: Gholdengo|[spread] p1a,p1b\n|-resisted|p1a: Pelipper\n|-damage|p1a: Pelipper|0 fnt\n|-damage|p1b: Gholdengo|22\/100\n|-unboost|p1b: Gholdengo|accuracy|1\n|faint|p1a: Pelipper\n|\n|-weather|RainDance|[upkeep]\n|-heal|p2a: Gastrodon|60\/100|[from] item: Leftovers\n|upkeep\n|\n|t:|1732115023\n|switch|p2b: Baxcalibur|Baxcalibur, L50, F|100\/100\n|switch|p1a: Incineroar|Incineroar, L50, M|55\/100\n|-ability|p1a: Incineroar|Intimidate|boost\n|-unboost|p2a: Gastrodon|atk|1\n|-unboost|p2b: Baxcalibur|atk|1\n|turn|6\n|inactive|Djjwjwwjj has 30 seconds left.\n|\n|t:|1732115055\n|switch|p1b: Amoonguss|Amoonguss, L50, F|100\/100\n|-terastallize|p2b: Baxcalibur|Dragon\n|move|p1a: Incineroar|Fake Out|p2a: Gastrodon\n|-damage|p2a: Gastrodon|51\/100\n|move|p2b: Baxcalibur|Icicle Spear|p1b: Amoonguss\n|-supereffective|p1b: Amoonguss\n|-damage|p1b: Amoonguss|84\/100\n|-supereffective|p1b: Amoonguss\n|-damage|p1b: Amoonguss|67\/100\n|-supereffective|p1b: Amoonguss\n|-damage|p1b: Amoonguss|51\/100\n|-supereffective|p1b: Amoonguss\n|-damage|p1b: Amoonguss|34\/100\n|-hitcount|p1b: Amoonguss|4\n|cant|p2a: Gastrodon|flinch\n|\n|-weather|RainDance|[upkeep]\n|-heal|p2a: Gastrodon|57\/100|[from] item: Leftovers\n|upkeep\n|turn|7\n|inactive|Djjwjwwjj has 30 seconds left.\n|inactive|Djjwjwwjj has 20 seconds left.\n|inactive|Djjwjwwjj has 15 seconds left.\n|inactive|Djjwjwwjj has 10 seconds left.\n|\n|t:|1732115104\n|move|p1b: Amoonguss|Protect|p1b: Amoonguss\n|-singleturn|p1b: Amoonguss|Protect\n|move|p2b: Baxcalibur|Icicle Spear|p1b: Amoonguss\n|-activate|p1b: Amoonguss|move: Protect\n|move|p1a: Incineroar|Knock Off|p2b: Baxcalibur\n|-damage|p2b: Baxcalibur|67\/100\n|-enditem|p2b: Baxcalibur|Loaded Dice|[from] move: Knock Off|[of] p1a: Incineroar\n|move|p2a: Gastrodon|Muddy Water|p1b: Amoonguss|[spread] p1a\n|-activate|p1b: Amoonguss|move: Protect\n|-supereffective|p1a: Incineroar\n|-damage|p1a: Incineroar|17\/100\n|-enditem|p1a: Incineroar|Sitrus Berry|[eat]\n|-heal|p1a: Incineroar|42\/100|[from] item: Sitrus Berry\n|\n|-weather|RainDance|[upkeep]\n|-heal|p2a: Gastrodon|63\/100|[from] item: Leftovers\n|upkeep\n|turn|8\n|inactive|Djjwjwwjj has 30 seconds left.\n|inactive|Djjwjwwjj has 20 seconds left.\n|inactive|Djjwjwwjj has 15 seconds left.\n|inactive|Djjwjwwjj has 10 seconds left.\n|\n|t:|1732115152\n|-terastallize|p1a: Incineroar|Grass\n|move|p2b: Baxcalibur|Icicle Spear|p1b: Amoonguss\n|-supereffective|p1b: Amoonguss\n|-damage|p1b: Amoonguss|16\/100\n|-supereffective|p1b: Amoonguss\n|-damage|p1b: Amoonguss|0 fnt\n|faint|p1b: Amoonguss\n|-hitcount|p1: Amoonguss|2\n|move|p1a: Incineroar|Knock Off|p2a: Gastrodon\n|-damage|p2a: Gastrodon|32\/100\n|-enditem|p2a: Gastrodon|Leftovers|[from] move: Knock Off|[of] p1a: Incineroar\n|move|p2a: Gastrodon|Muddy Water|p1a: Incineroar\n|-resisted|p1a: Incineroar\n|-damage|p1a: Incineroar|27\/100\n|\n|-weather|none\n|upkeep\n|\n|t:|1732115168\n|switch|p1b: Gholdengo|Gholdengo, L50|22\/100\n|turn|9\n|inactive|Djjwjwwjj has 30 seconds left.\n|\n|t:|1732115199\n|move|p2b: Baxcalibur|Icicle Spear|p1a: Incineroar\n|-supereffective|p1a: Incineroar\n|-damage|p1a: Incineroar|6\/100\n|-supereffective|p1a: Incineroar\n|-damage|p1a: Incineroar|0 fnt\n|faint|p1a: Incineroar\n|-hitcount|p1: Incineroar|2\n|move|p1b: Gholdengo|Make It Rain|p2a: Gastrodon|[spread] p2a,p2b\n|-resisted|p2a: Gastrodon\n|-damage|p2a: Gastrodon|6\/100\n|-damage|p2b: Baxcalibur|15\/100\n|-unboost|p1b: Gholdengo|spa|1\n|-damage|p1b: Gholdengo|13\/100|[from] item: Life Orb\n|move|p2a: Gastrodon|Earth Power|p1b: Gholdengo\n|-supereffective|p1b: Gholdengo\n|-damage|p1b: Gholdengo|0 fnt\n|faint|p1b: Gholdengo\n|\n|win|snow is mid\n|raw|Djjwjwwjj's rating: 1770 &rarr; <strong>1743<\/strong><br \/>(-27 for losing)\n|raw|snow is mid's rating: 1635 &rarr; <strong>1662<\/strong><br \/>(+27 for winning)\n|l|\u2606Djjwjwwjj\n|player|p1|\n|l|\u2606snow is mid\n|player|p2|\n","uploadtime":1732115449,"views":13,"formatid":"gen9vgc2024regh","rating":1662,"private":0,"password":null}