{"id":"gen9vgc2024regh-2247080161","format":"[Gen 9] VGC 2024 Reg H","players":["VGCLTH HUH","VGCLTH <1000ELO"],"log":"|raw|<div class=\"broadcast-blue\"><strong>This battle is required to be public due to a player having a name starting with 'vgclth'.<\/div>\n|j|\u2606VGCLTH HUH\n|j|\u2606VGCLTH <1000ELO\n|t:|1732043993\n|gametype|doubles\n|player|p1|VGCLTH HUH|medium|1744\n|player|p2|VGCLTH <1000ELO|101|1869\n|teamsize|p1|6\n|teamsize|p2|6\n|gen|9\n|tier|[Gen 9] VGC 2024 Reg H\n|rated|\n|rule|Species Clause: Limit one of each Pok\u00e9mon\n|rule|Item Clause: Limit 1 of each item\n|clearpoke\n|poke|p1|Dragonite, L50, F|\n|poke|p1|Ursaluna-Bloodmoon, L50, M|\n|poke|p1|Dondozo, L50, M|\n|poke|p1|Gholdengo, L50|\n|poke|p1|Volcarona, L50, F|\n|poke|p1|Archaludon, L50, M|\n|poke|p2|Dondozo, L50, M|\n|poke|p2|Tatsugiri, L50, M|\n|poke|p2|Dragonite, L50, M|\n|poke|p2|Gholdengo, L50|\n|poke|p2|Glimmora, L50, F|\n|poke|p2|Talonflame, L50, F|\n|teampreview|4\n|inactive|Battle timer is ON: inactive players will automatically lose when time's up. (requested by VGCLTH <1000ELO)\n|inactive|VGCLTH HUH also wants the timer to be on.\n|\n|t:|1732044022\n|start\n|switch|p1a: Ursaluna|Ursaluna-Bloodmoon, L50, M|100\/100\n|switch|p1b: Gholdengo|Gholdengo, L50|100\/100\n|switch|p2a: Dragonite|Dragonite, L50, M|100\/100\n|switch|p2b: Gholdengo|Gholdengo, L50|100\/100\n|turn|1\n|\n|t:|1732044037\n|-terastallize|p2b: Gholdengo|Flying\n|move|p1b: Gholdengo|Make It Rain|p2b: Gholdengo|[spread] p2a,p2b\n|-damage|p2a: Dragonite|75\/100\n|-damage|p2b: Gholdengo|37\/100\n|-unboost|p1b: Gholdengo|spa|1\n|move|p2b: Gholdengo|Make It Rain|p1a: Ursaluna|[spread] p1a,p1b\n|-resisted|p1b: Gholdengo\n|-damage|p1a: Ursaluna|49\/100\n|-damage|p1b: Gholdengo|53\/100\n|-unboost|p2b: Gholdengo|spa|1\n|move|p2a: Dragonite|Earthquake|p1a: Ursaluna|[spread] p1a,p1b\n|-immune|p2b: Gholdengo\n|-supereffective|p1b: Gholdengo\n|-damage|p1a: Ursaluna|19\/100\n|-damage|p1b: Gholdengo|0 fnt\n|faint|p1b: Gholdengo\n|move|p1a: Ursaluna|Earth Power|p2b: Gholdengo\n|-immune|p2b: Gholdengo\n|\n|upkeep\n|\n|t:|1732044058\n|switch|p1b: Archaludon|Archaludon, L50, M|100\/100\n|turn|2\n|\n|t:|1732044076\n|switch|p2a: Tatsugiri|Tatsugiri, L50, M|100\/100\n|switch|p1a: Dondozo|Dondozo, L50, M|100\/100\n|move|p1b: Archaludon|Dragon Pulse|p2a: Tatsugiri\n|-supereffective|p2a: Tatsugiri\n|-enditem|p2a: Tatsugiri|Focus Sash\n|-damage|p2a: Tatsugiri|1\/100\n|move|p2b: Gholdengo|Make It Rain|p1a: Dondozo|[spread] p1a,p1b\n|-resisted|p1a: Dondozo\n|-resisted|p1b: Archaludon\n|-damage|p1a: Dondozo|76\/100\n|-damage|p1b: Archaludon|63\/100\n|-unboost|p2b: Gholdengo|spa|1\n|\n|-heal|p1a: Dondozo|82\/100|[from] item: Leftovers\n|upkeep\n|turn|3\n|inactive|VGCLTH HUH has 30 seconds left.\n|inactive|VGCLTH <1000ELO has 30 seconds left.\n|inactive|VGCLTH <1000ELO has 20 seconds left.\n|inactive|VGCLTH <1000ELO has 15 seconds left.\n|inactive|VGCLTH <1000ELO has 10 seconds left.\n|inactive|VGCLTH <1000ELO has 5 seconds left.\n|\n|t:|1732044127\n|move|p2a: Tatsugiri|Protect|p2a: Tatsugiri\n|-singleturn|p2a: Tatsugiri|Protect\n|move|p1b: Archaludon|Electro Shot||[still]\n|-prepare|p1b: Archaludon|Electro Shot\n|-boost|p1b: Archaludon|spa|1\n|-enditem|p1b: Archaludon|Power Herb\n|-anim|p1b: Archaludon|Electro Shot|p2a: Tatsugiri\n|-activate|p2a: Tatsugiri|move: Protect\n|move|p2b: Gholdengo|Make It Rain|p1a: Dondozo|[spread] p1a,p1b\n|-resisted|p1a: Dondozo\n|-resisted|p1b: Archaludon\n|-damage|p1a: Dondozo|55\/100\n|-damage|p1b: Archaludon|34\/100\n|-unboost|p2b: Gholdengo|spa|1\n|move|p1a: Dondozo|Yawn|p2b: Gholdengo\n|-immune|p2b: Gholdengo|[from] ability: Good as Gold\n|\n|-heal|p1a: Dondozo|62\/100|[from] item: Leftovers\n|upkeep\n|turn|4\n|inactive|VGCLTH <1000ELO has 30 seconds left.\n|\n|t:|1732044160\n|move|p1b: Archaludon|Dragon Pulse|p2a: Tatsugiri\n|-supereffective|p2a: Tatsugiri\n|-damage|p2a: Tatsugiri|0 fnt\n|faint|p2a: Tatsugiri\n|move|p2b: Gholdengo|Make It Rain|p1a: Dondozo|[spread] p1a,p1b\n|-resisted|p1a: Dondozo\n|-resisted|p1b: Archaludon\n|-damage|p1a: Dondozo|37\/100\n|-damage|p1b: Archaludon|10\/100\n|-unboost|p2b: Gholdengo|spa|1\n|move|p1a: Dondozo|Yawn|p2b: Gholdengo\n|-immune|p2b: Gholdengo|[from] ability: Good as Gold\n|\n|-heal|p1a: Dondozo|43\/100|[from] item: Leftovers\n|upkeep\n|\n|t:|1732044184\n|switch|p2a: Dragonite|Dragonite, L50, M|75\/100\n|turn|5\n|\n|t:|1732044201\n|move|p2a: Dragonite|Extreme Speed|p1b: Archaludon\n|-resisted|p1b: Archaludon\n|-damage|p1b: Archaludon|0 fnt\n|faint|p1b: Archaludon\n|move|p2b: Gholdengo|Make It Rain|p1a: Dondozo\n|-resisted|p1a: Dondozo\n|-damage|p1a: Dondozo|7\/100\n|-unboost|p2b: Gholdengo|spa|1\n|move|p1a: Dondozo|Wave Crash|p2b: Gholdengo\n|-damage|p2b: Gholdengo|0 fnt\n|faint|p2b: Gholdengo\n|-damage|p1a: Dondozo|0 fnt|[from] Recoil\n|faint|p1a: Dondozo\n|\n|upkeep\n|-message|VGCLTH HUH forfeited.\n|\n|win|VGCLTH <1000ELO\n|raw|VGCLTH HUH's rating: 1744 &rarr; <strong>1731<\/strong><br \/>(-13 for losing)\n|raw|VGCLTH &lt;1000ELO's rating: 1869 &rarr; <strong>1882<\/strong><br \/>(+13 for winning)\n|l|\u2606VGCLTH HUH\n|player|p1|\n|l|\u2606VGCLTH <1000ELO\n|player|p2|\n","uploadtime":1732044410,"views":24,"formatid":"gen9vgc2024regh","rating":1731,"private":0,"password":null}