{"id":"gen9vgc2024regh-2247844201","format":"[Gen 9] VGC 2024 Reg H","players":["shulivgc","ren122333"],"log":"|j|\u2606shulivgc\n|j|\u2606ren122333\n|t:|1732137195\n|gametype|doubles\n|player|p1|shulivgc|#smogonxnpa2024draftee2|1771\n|player|p2|ren122333|hilbert|1758\n|teamsize|p1|6\n|teamsize|p2|6\n|gen|9\n|tier|[Gen 9] VGC 2024 Reg H\n|rated|\n|rule|Species Clause: Limit one of each Pok\u00e9mon\n|rule|Item Clause: Limit 1 of each item\n|clearpoke\n|poke|p1|Incineroar, L50, M|\n|poke|p1|Porygon2, L50|\n|poke|p1|Ursaluna-Bloodmoon, L50, M|\n|poke|p1|Sneasler, L50, F|\n|poke|p1|Indeedee, L50, M|\n|poke|p1|Dragonite, L50, F|\n|poke|p2|Whimsicott, L50, M|\n|poke|p2|Mamoswine, L50, M|\n|poke|p2|Lycanroc-Dusk, L50, F|\n|poke|p2|Typhlosion-Hisui, L50, F|\n|poke|p2|Farigiraf, L50, M|\n|poke|p2|Mienshao, L50, F|\n|teampreview|4\n|inactive|Battle timer is ON: inactive players will automatically lose when time's up. (requested by ren122333)\n|j| Reyggor\n|\n|t:|1732137226\n|start\n|switch|p1a: Porygon2|Porygon2, L50|100\/100\n|switch|p1b: Ursaluna|Ursaluna-Bloodmoon, L50, M|100\/100\n|switch|p2a: Whimsicott|Whimsicott, L50, M|100\/100\n|switch|p2b: Farigiraf|Farigiraf, L50, M|100\/100\n|-ability|p1a: Porygon2|Download|boost\n|-boost|p1a: Porygon2|spa|1\n|turn|1\n|\n|t:|1732137236\n|move|p2a: Whimsicott|Moonblast|p1b: Ursaluna\n|-crit|p1b: Ursaluna\n|-damage|p1b: Ursaluna|56\/100\n|move|p2b: Farigiraf|Imprison|p2b: Farigiraf\n|-start|p2b: Farigiraf|move: Imprison\n|move|p1b: Ursaluna|Blood Moon|p2b: Farigiraf\n|-damage|p2b: Farigiraf|8\/100\n|move|p1a: Porygon2|Ice Beam|p2a: Whimsicott\n|-supereffective|p2a: Whimsicott\n|-enditem|p2a: Whimsicott|Focus Sash\n|-damage|p2a: Whimsicott|1\/100\n|\n|upkeep\n|turn|2\n|\n|t:|1732137256\n|move|p2a: Whimsicott|Moonblast|p1b: Ursaluna\n|-damage|p1b: Ursaluna|26\/100\n|-unboost|p1b: Ursaluna|spa|1\n|move|p2b: Farigiraf|Hyper Voice|p1a: Porygon2|[spread] p1a,p1b\n|-damage|p1a: Porygon2|83\/100\n|-damage|p1b: Ursaluna|4\/100\n|move|p1b: Ursaluna|Earth Power|p2b: Farigiraf\n|-damage|p2b: Farigiraf|0 fnt\n|faint|p2b: Farigiraf\n|move|p1a: Porygon2|Tera Blast|p2a: Whimsicott\n|-damage|p2a: Whimsicott|0 fnt\n|faint|p2a: Whimsicott\n|\n|upkeep\n|\n|t:|1732137267\n|switch|p2a: Typhlosion|Typhlosion-Hisui, L50, F|100\/100\n|switch|p2b: Mamoswine|Mamoswine, L50, M|100\/100\n|-item|p1a: Porygon2|Eviolite|[from] ability: Frisk|[of] p2a: Typhlosion\n|-item|p1b: Ursaluna|Assault Vest|[from] ability: Frisk|[of] p2a: Typhlosion\n|turn|3\n|\n|t:|1732137282\n|switch|p1b: Incineroar|Incineroar, L50, M|100\/100\n|-ability|p1b: Incineroar|Intimidate|boost\n|-unboost|p2a: Typhlosion|atk|1\n|-fail|p2b: Mamoswine|unboost|Attack|[from] ability: Oblivious|[of] p2b: Mamoswine\n|-terastallize|p2a: Typhlosion|Fire\n|move|p1a: Porygon2|Protect|p1a: Porygon2\n|-singleturn|p1a: Porygon2|Protect\n|move|p2a: Typhlosion|Eruption|p1b: Incineroar|[spread] p1b\n|-activate|p1a: Porygon2|move: Protect\n|-resisted|p1b: Incineroar\n|-damage|p1b: Incineroar|48\/100\n|move|p2b: Mamoswine|High Horsepower|p1a: Porygon2\n|-activate|p1a: Porygon2|move: Protect\n|\n|upkeep\n|turn|4\n|\n|t:|1732137294\n|move|p1b: Incineroar|Fake Out|p2a: Typhlosion\n|-damage|p2a: Typhlosion|82\/100\n|cant|p2a: Typhlosion|flinch\n|move|p2b: Mamoswine|Icicle Crash|p1a: Porygon2\n|-damage|p1a: Porygon2|60\/100\n|move|p1a: Porygon2|Trick Room|p1a: Porygon2\n|-fieldstart|move: Trick Room|[of] p1a: Porygon2\n|\n|upkeep\n|turn|5\n|-message|ren122333 forfeited.\n|\n|win|shulivgc\n|raw|shulivgc's rating: 1771 &rarr; <strong>1790<\/strong><br \/>(+19 for winning)\n|raw|ren122333's rating: 1758 &rarr; <strong>1739<\/strong><br \/>(-19 for losing)\n|l|\u2606ren122333\n|player|p2|\n|l|\u2606shulivgc\n|player|p1|\n","uploadtime":1732137537,"views":42,"formatid":"gen9vgc2024regh","rating":1739,"private":0,"password":null}