{"id":"gen9vgc2024regh-2247605821","format":"[Gen 9] VGC 2024 Reg H","players":["felsiniankyogre","VGCLTH Oinge"],"log":"|raw|<div class=\"broadcast-blue\"><strong>This battle is required to be public due to a player having a name starting with 'vgclth'.<\/div>\n|j|\u2606felsiniankyogre\n|j|\u2606VGCLTH Oinge\n|t:|1732114439\n|gametype|doubles\n|player|p1|felsiniankyogre|red|1700\n|player|p2|VGCLTH Oinge|mars|1698\n|teamsize|p1|6\n|teamsize|p2|6\n|gen|9\n|tier|[Gen 9] VGC 2024 Reg H\n|rated|\n|rule|Species Clause: Limit one of each Pok\u00e9mon\n|rule|Item Clause: Limit 1 of each item\n|clearpoke\n|poke|p1|Archaludon, L50, M|\n|poke|p1|Basculegion, L50, M|\n|poke|p1|Pelipper, L50, F|\n|poke|p1|Gholdengo, L50|\n|poke|p1|Murkrow, L50, M|\n|poke|p1|Rillaboom, L50, M|\n|poke|p2|Armarouge, L50, M|\n|poke|p2|Maushold-Four, L50|\n|poke|p2|Indeedee-F, L50, F|\n|poke|p2|Gholdengo, L50|\n|poke|p2|Dragonite, L50, M|\n|poke|p2|Annihilape, L50, F|\n|teampreview|4\n|\n|t:|1732114480\n|start\n|switch|p1a: Gholdengo|Gholdengo, L50|100\/100\n|switch|p1b: Murkrow|Murkrow, L50, M|100\/100\n|switch|p2a: Dragonite|Dragonite, L50, M|100\/100\n|switch|p2b: Annihilape|Annihilape, L50, F|100\/100\n|turn|1\n|\n|t:|1732114488\n|-terastallize|p1b: Murkrow|Ghost\n|move|p1b: Murkrow|Tailwind|p1b: Murkrow\n|-sidestart|p1: felsiniankyogre|move: Tailwind\n|move|p1a: Gholdengo|Make It Rain|p2b: Annihilape|[spread] p2a,p2b\n|-damage|p2a: Dragonite|67\/100\n|-damage|p2b: Annihilape|65\/100\n|-unboost|p1a: Gholdengo|spa|1\n|-damage|p1a: Gholdengo|91\/100|[from] item: Life Orb\n|move|p2b: Annihilape|Rage Fist|p1a: Gholdengo\n|-supereffective|p1a: Gholdengo\n|-damage|p1a: Gholdengo|0 fnt\n|faint|p1a: Gholdengo\n|move|p2a: Dragonite|Scale Shot|p1b: Murkrow\n|-damage|p1b: Murkrow|86\/100\n|-damage|p1b: Murkrow|71\/100\n|-damage|p1b: Murkrow|56\/100\n|-damage|p1b: Murkrow|43\/100\n|-hitcount|p1b: Murkrow|4\n|-unboost|p2a: Dragonite|def|1\n|-boost|p2a: Dragonite|spe|1\n|\n|upkeep\n|\n|t:|1732114500\n|switch|p1a: Pelipper|Pelipper, L50, F|100\/100\n|-weather|RainDance|[from] ability: Drizzle|[of] p1a: Pelipper\n|turn|2\n|\n|t:|1732114516\n|switch|p2b: Indeedee|Indeedee-F, L50, F|100\/100\n|-fieldstart|move: Psychic Terrain|[from] ability: Psychic Surge|[of] p2b: Indeedee\n|-enditem|p2b: Indeedee|Psychic Seed\n|-boost|p2b: Indeedee|spd|1|[from] item: Psychic Seed\n|move|p1a: Pelipper|Hurricane|p2b: Indeedee\n|-damage|p2b: Indeedee|68\/100\n|move|p1b: Murkrow|Foul Play|p2a: Dragonite\n|-damage|p2a: Dragonite|0 fnt\n|faint|p2a: Dragonite\n|\n|-weather|RainDance|[upkeep]\n|upkeep\n|\n|t:|1732114538\n|switch|p2a: Armarouge|Armarouge, L50, M|100\/100\n|turn|3\n|j| GooglePay\n|\n|t:|1732114570\n|move|p2a: Armarouge|Endure|p2a: Armarouge\n|-singleturn|p2a: Armarouge|move: Endure\n|move|p1a: Pelipper|Weather Ball|p2a: Armarouge\n|-supereffective|p2a: Armarouge\n|-activate|p2a: Armarouge|move: Endure\n|-damage|p2a: Armarouge|1\/100\n|-enditem|p2a: Armarouge|Weakness Policy\n|-boost|p2a: Armarouge|atk|2|[from] item: Weakness Policy\n|-boost|p2a: Armarouge|spa|2|[from] item: Weakness Policy\n|move|p1b: Murkrow|Foul Play|p2a: Armarouge\n|-supereffective|p2a: Armarouge\n|-activate|p2a: Armarouge|move: Endure\n|-damage|p2a: Armarouge|1\/100\n|-ability|p2a: Armarouge|Weak Armor|boost\n|-unboost|p2a: Armarouge|def|1\n|-boost|p2a: Armarouge|spe|2\n|move|p2b: Indeedee|Psyshock|p1a: Pelipper\n|-damage|p1a: Pelipper|63\/100\n|\n|-weather|RainDance|[upkeep]\n|upkeep\n|turn|4\n|\n|t:|1732114588\n|-terastallize|p2a: Armarouge|Psychic\n|move|p1a: Pelipper|Wide Guard|p1a: Pelipper\n|-singleturn|p1a: Pelipper|Wide Guard\n|move|p2b: Indeedee|Follow Me|p2b: Indeedee\n|-singleturn|p2b: Indeedee|move: Follow Me\n|move|p1b: Murkrow|Foul Play|p2b: Indeedee\n|-supereffective|p2b: Indeedee\n|-damage|p2b: Indeedee|34\/100\n|move|p2a: Armarouge|Expanding Force|p1b: Murkrow|[spread] \n|-activate|p1a: Pelipper|move: Wide Guard\n|-activate|p1b: Murkrow|move: Wide Guard\n|\n|-weather|RainDance|[upkeep]\n|-sideend|p1: felsiniankyogre|move: Tailwind\n|upkeep\n|turn|5\n|\n|t:|1732114610\n|switch|p1b: Rillaboom|Rillaboom, L50, M|100\/100\n|-fieldstart|move: Grassy Terrain|[from] ability: Grassy Surge|[of] p1b: Rillaboom\n|move|p1a: Pelipper|Protect||[still]\n|-fail|p1a: Pelipper\n|move|p2b: Indeedee|Follow Me|p2b: Indeedee\n|-singleturn|p2b: Indeedee|move: Follow Me\n|move|p2a: Armarouge|Stored Power|p1a: Pelipper\n|-damage|p1a: Pelipper|0 fnt\n|faint|p1a: Pelipper\n|\n|-weather|RainDance|[upkeep]\n|-heal|p2a: Armarouge|7\/100|[from] Grassy Terrain\n|-heal|p2b: Indeedee|41\/100|[from] Grassy Terrain\n|upkeep\n|\n|t:|1732114619\n|switch|p1a: Murkrow|Murkrow, L50, M, tera:Ghost|43\/100\n|turn|6\n|\n|t:|1732114627\n|switch|p2b: Annihilape|Annihilape, L50, F|65\/100\n|move|p2a: Armarouge|Endure|p2a: Armarouge\n|-singleturn|p2a: Armarouge|move: Endure\n|move|p1b: Rillaboom|Fake Out|p2a: Armarouge\n|-activate|p2a: Armarouge|move: Endure\n|-damage|p2a: Armarouge|1\/100\n|-ability|p2a: Armarouge|Weak Armor|boost\n|-unboost|p2a: Armarouge|def|1\n|-boost|p2a: Armarouge|spe|2\n|move|p1a: Murkrow|Foul Play|p2b: Annihilape\n|-damage|p2b: Annihilape|21\/100\n|\n|-weather|none\n|-heal|p2a: Armarouge|7\/100|[from] Grassy Terrain\n|-heal|p2b: Annihilape|27\/100|[from] Grassy Terrain\n|-heal|p1a: Murkrow|49\/100|[from] Grassy Terrain\n|upkeep\n|turn|7\n|\n|t:|1732114645\n|switch|p2b: Indeedee|Indeedee-F, L50, F|41\/100\n|-fieldstart|move: Psychic Terrain|[from] ability: Psychic Surge|[of] p2b: Indeedee\n|move|p1a: Murkrow|Tailwind|p1a: Murkrow\n|-sidestart|p1: felsiniankyogre|move: Tailwind\n|move|p2a: Armarouge|Expanding Force|p1a: Murkrow|[spread] p1a,p1b\n|-damage|p1a: Murkrow|0 fnt\n|-damage|p1b: Rillaboom|0 fnt\n|faint|p1a: Murkrow\n|faint|p1b: Rillaboom\n|\n|win|VGCLTH Oinge\n|raw|felsiniankyogre's rating: 1700 &rarr; <strong>1680<\/strong><br \/>(-20 for losing)\n|raw|VGCLTH Oinge's rating: 1698 &rarr; <strong>1718<\/strong><br \/>(+20 for winning)\n|c|\u2606felsiniankyogre|gg\n|l|\u2606felsiniankyogre\n|player|p1|\n|c|\u2606VGCLTH Oinge|gg\n|l|\u2606VGCLTH Oinge\n|player|p2|\n|l| GooglePay\n|j| VGCLTH skibidi\n|l| VGCLTH skibidi\n","uploadtime":1732114894,"views":24,"formatid":"gen9vgc2024regh","rating":1680,"private":0,"password":null}