{"id":"gen9vgc2024regh-2247617598","format":"[Gen 9] VGC 2024 Reg H","players":["Nerd159","TigerishCookie"],"log":"|j|\u2606Nerd159\n|j|\u2606TigerishCookie\n|t:|1732115619\n|gametype|doubles\n|player|p1|Nerd159|266|1695\n|player|p2|TigerishCookie|blue-masters2|1703\n|teamsize|p1|6\n|teamsize|p2|6\n|gen|9\n|tier|[Gen 9] VGC 2024 Reg H\n|rated|\n|rule|Species Clause: Limit one of each Pok\u00e9mon\n|rule|Item Clause: Limit 1 of each item\n|clearpoke\n|poke|p1|Quaquaval, L50, M|\n|poke|p1|Sinistcha, L50|\n|poke|p1|Dragonite, L50, M|\n|poke|p1|Ursaluna-Bloodmoon, L50, M|\n|poke|p1|Electabuzz, L50, M|\n|poke|p1|Incineroar, L50, M|\n|poke|p2|Whimsicott, L50, F|\n|poke|p2|Typhlosion-Hisui, L50, M|\n|poke|p2|Farigiraf, L50, F|\n|poke|p2|Ursaluna-Bloodmoon, L50, M|\n|poke|p2|Archaludon, L50, F|\n|poke|p2|Sneasler, L50, F|\n|teampreview|4\n|inactive|Battle timer is ON: inactive players will automatically lose when time's up. (requested by TigerishCookie)\n|inactive|TigerishCookie has 60 seconds left.\n|\n|t:|1732115678\n|start\n|switch|p1a: Incineroar|Incineroar, L50, M|100\/100\n|switch|p1b: Quaquaval|Quaquaval, L50, M|100\/100\n|switch|p2a: Whimsicott|Whimsicott, L50, F|100\/100\n|switch|p2b: Typhlosion|Typhlosion-Hisui, L50, M|100\/100\n|-ability|p1a: Incineroar|Intimidate|boost\n|-unboost|p2a: Whimsicott|atk|1\n|-unboost|p2b: Typhlosion|atk|1\n|turn|1\n|\n|t:|1732115691\n|-terastallize|p2b: Typhlosion|Fire\n|move|p1b: Quaquaval|Protect|p1b: Quaquaval\n|-singleturn|p1b: Quaquaval|Protect\n|move|p2a: Whimsicott|Sunny Day|p2a: Whimsicott\n|-weather|SunnyDay\n|move|p2b: Typhlosion|Eruption|p1b: Quaquaval|[spread] p1a\n|-activate|p1b: Quaquaval|move: Protect\n|-resisted|p1a: Incineroar\n|-damage|p1a: Incineroar|43\/100\n|move|p1a: Incineroar|Knock Off|p2b: Typhlosion\n|-damage|p2b: Typhlosion|29\/100\n|-enditem|p2b: Typhlosion|Choice Specs|[from] move: Knock Off|[of] p1a: Incineroar\n|\n|-weather|SunnyDay|[upkeep]\n|upkeep\n|turn|2\n|\n|t:|1732115702\n|switch|p1b: Sinistcha|Sinistcha, L50|100\/100\n|-heal|p1a: Incineroar|68\/100|[from] ability: Hospitality|[of] p1b: Sinistcha\n|move|p2a: Whimsicott|Moonblast|p1b: Sinistcha\n|-damage|p1b: Sinistcha|65\/100\n|move|p2b: Typhlosion|Heat Wave|p1b: Sinistcha|[spread] p1a,p1b\n|-resisted|p1a: Incineroar\n|-supereffective|p1b: Sinistcha\n|-damage|p1a: Incineroar|29\/100\n|-damage|p1b: Sinistcha|0 fnt\n|faint|p1b: Sinistcha\n|move|p1a: Incineroar|Knock Off|p2b: Typhlosion\n|-damage|p2b: Typhlosion|0 fnt\n|faint|p2b: Typhlosion\n|\n|-weather|SunnyDay|[upkeep]\n|upkeep\n|\n|t:|1732115713\n|switch|p2b: Archaludon|Archaludon, L50, F|100\/100\n|switch|p1b: Quaquaval|Quaquaval, L50, M|100\/100\n|turn|3\n|j| Jamel1\n|\n|t:|1732115726\n|-terastallize|p1b: Quaquaval|Grass\n|move|p2a: Whimsicott|Moonblast|p1a: Incineroar\n|-damage|p1a: Incineroar|10\/100\n|move|p2b: Archaludon|Electro Shot||[still]\n|-prepare|p2b: Archaludon|Electro Shot\n|-boost|p2b: Archaludon|spa|1\n|-enditem|p2b: Archaludon|Power Herb\n|-anim|p2b: Archaludon|Electro Shot|p1b: Quaquaval\n|-resisted|p1b: Quaquaval\n|-damage|p1b: Quaquaval|59\/100\n|move|p1b: Quaquaval|Close Combat|p2b: Archaludon\n|-supereffective|p2b: Archaludon\n|-ability|p2b: Archaludon|Sturdy\n|-damage|p2b: Archaludon|1\/100\n|-unboost|p1b: Quaquaval|def|1\n|-unboost|p1b: Quaquaval|spd|1\n|move|p1a: Incineroar|U-turn|p2a: Whimsicott\n|-damage|p2a: Whimsicott|74\/100\n|\n|t:|1732115733\n|switch|p1a: Ursaluna|Ursaluna-Bloodmoon, L50, M|100\/100|[from] U-turn\n|\n|-weather|SunnyDay|[upkeep]\n|upkeep\n|turn|4\n|\n|t:|1732115739\n|move|p2a: Whimsicott|Protect|p2a: Whimsicott\n|-singleturn|p2a: Whimsicott|Protect\n|move|p2b: Archaludon|Protect|p2b: Archaludon\n|-singleturn|p2b: Archaludon|Protect\n|move|p1b: Quaquaval|Protect|p1b: Quaquaval\n|-singleturn|p1b: Quaquaval|Protect\n|move|p1a: Ursaluna|Hyper Voice|p2b: Archaludon|[spread] \n|-activate|p2a: Whimsicott|move: Protect\n|-activate|p2b: Archaludon|move: Protect\n|\n|-weather|SunnyDay|[upkeep]\n|upkeep\n|turn|5\n|\n|t:|1732115749\n|switch|p1b: Incineroar|Incineroar, L50, M|10\/100\n|-ability|p1b: Incineroar|Intimidate|boost\n|-unboost|p2a: Whimsicott|atk|1\n|-unboost|p2b: Archaludon|atk|1\n|move|p2a: Whimsicott|Moonblast|p1a: Ursaluna\n|-damage|p1a: Ursaluna|60\/100\n|move|p2b: Archaludon|Dragon Pulse|p1b: Incineroar\n|-damage|p1b: Incineroar|0 fnt\n|faint|p1b: Incineroar\n|move|p1a: Ursaluna|Hyper Voice|p2b: Archaludon|[spread] p2a,p2b\n|-resisted|p2b: Archaludon\n|-damage|p2a: Whimsicott|6\/100\n|-damage|p2b: Archaludon|0 fnt\n|faint|p2b: Archaludon\n|-damage|p1a: Ursaluna|51\/100|[from] item: Life Orb\n|\n|-weather|none\n|upkeep\n|\n|t:|1732115752\n|switch|p2b: Sneasler|Sneasler, L50, F|100\/100\n|switch|p1b: Quaquaval|Quaquaval, L50, M, tera:Grass|59\/100\n|turn|6\n|\n|t:|1732115766\n|move|p1a: Ursaluna|Protect|p1a: Ursaluna\n|-singleturn|p1a: Ursaluna|Protect\n|move|p2b: Sneasler|Dire Claw|p1a: Ursaluna\n|-activate|p1a: Ursaluna|move: Protect\n|move|p2a: Whimsicott|Moonblast|p1a: Ursaluna\n|-activate|p1a: Ursaluna|move: Protect\n|move|p1b: Quaquaval|Aqua Step|p2b: Sneasler\n|-damage|p2b: Sneasler|25\/100\n|-boost|p1b: Quaquaval|spe|1\n|\n|upkeep\n|turn|7\n|\n|t:|1732115772\n|move|p2a: Whimsicott|Tailwind|p2a: Whimsicott\n|-sidestart|p2: TigerishCookie|move: Tailwind\n|move|p2b: Sneasler|Close Combat|p1a: Ursaluna\n|-supereffective|p1a: Ursaluna\n|-damage|p1a: Ursaluna|0 fnt\n|-unboost|p2b: Sneasler|def|1\n|-unboost|p2b: Sneasler|spd|1\n|faint|p1a: Ursaluna\n|move|p1b: Quaquaval|Aqua Step|p2b: Sneasler\n|-damage|p2b: Sneasler|0 fnt\n|-boost|p1b: Quaquaval|spe|1\n|faint|p2b: Sneasler\n|-ability|p1b: Quaquaval|Moxie|boost\n|-boost|p1b: Quaquaval|atk|1\n|\n|upkeep\n|turn|8\n|\n|t:|1732115777\n|move|p2a: Whimsicott|Moonblast|p1b: Quaquaval\n|-damage|p1b: Quaquaval|21\/100\n|move|p1b: Quaquaval|Aqua Step|p2a: Whimsicott\n|-resisted|p2a: Whimsicott\n|-damage|p2a: Whimsicott|0 fnt\n|-boost|p1b: Quaquaval|spe|1\n|faint|p2a: Whimsicott\n|\n|win|Nerd159\n|raw|Nerd159's rating: 1695 &rarr; <strong>1715<\/strong><br \/>(+20 for winning)\n|raw|TigerishCookie's rating: 1703 &rarr; <strong>1683<\/strong><br \/>(-20 for losing)\n|l|\u2606Nerd159\n|player|p1|\n|l|\u2606TigerishCookie\n|player|p2|\n|l| Jamel1\n","uploadtime":1732116005,"views":15,"formatid":"gen9vgc2024regh","rating":1683,"private":0,"password":null}