{"id":"gen9vgc2024regh-2247613464","format":"[Gen 9] VGC 2024 Reg H","players":["Djjwjwwjj","bluestraggler02"],"log":"|j|\u2606Djjwjwwjj\n|j|\u2606bluestraggler02\n|t:|1732115215\n|gametype|doubles\n|player|p1|Djjwjwwjj|102|1743\n|player|p2|bluestraggler02|266|1728\n|teamsize|p1|6\n|teamsize|p2|6\n|gen|9\n|tier|[Gen 9] VGC 2024 Reg H\n|rated|\n|rule|Species Clause: Limit one of each Pok\u00e9mon\n|rule|Item Clause: Limit 1 of each item\n|clearpoke\n|poke|p1|Palafin, L50, F|\n|poke|p1|Incineroar, L50, M|\n|poke|p1|Gholdengo, L50|\n|poke|p1|Amoonguss, L50, M|\n|poke|p1|Pelipper, L50, F|\n|poke|p1|Dragonite, L50, F|\n|poke|p2|Skeledirge, L50, M|\n|poke|p2|Porygon2, L50|\n|poke|p2|Ursaluna, L50, F|\n|poke|p2|Amoonguss, L50, M|\n|poke|p2|Maushold-Four, L50|\n|poke|p2|Archaludon, L50, F|\n|teampreview|4\n|inactive|Battle timer is ON: inactive players will automatically lose when time's up. (requested by Djjwjwwjj)\n|inactive|Djjwjwwjj has 60 seconds left.\nbluestraggler02 rejected open team sheets.\n|inactive|Djjwjwwjj has 30 seconds left.\n|\n|t:|1732115276\n|start\n|switch|p1a: Incineroar|Incineroar, L50, M|100\/100\n|switch|p1b: Gholdengo|Gholdengo, L50|100\/100\n|switch|p2a: \u80b2\u5e7c\u4e01\u771f|Maushold-Four, L50|100\/100\n|switch|p2b: \u786c\u781a\u4e01\u771f|Archaludon, L50, F|100\/100\n|-ability|p1a: Incineroar|Intimidate|boost\n|-unboost|p2a: \u80b2\u5e7c\u4e01\u771f|atk|1\n|-unboost|p2b: \u786c\u781a\u4e01\u771f|atk|1\n|turn|1\n|inactive|bluestraggler02 has 30 seconds left.\n|\n|t:|1732115307\n|move|p2b: \u786c\u781a\u4e01\u771f|Protect|p2b: \u786c\u781a\u4e01\u771f\n|-singleturn|p2b: \u786c\u781a\u4e01\u771f|Protect\n|move|p1a: Incineroar|Fake Out|p2b: \u786c\u781a\u4e01\u771f\n|-activate|p2b: \u786c\u781a\u4e01\u771f|move: Protect\n|move|p2a: \u80b2\u5e7c\u4e01\u771f|Population Bomb|p1a: Incineroar\n|-damage|p1a: Incineroar|94\/100\n|-damage|p1a: Incineroar|87\/100\n|-damage|p1a: Incineroar|80\/100\n|-damage|p1a: Incineroar|73\/100\n|-damage|p1a: Incineroar|65\/100\n|-damage|p1a: Incineroar|58\/100\n|-damage|p1a: Incineroar|51\/100\n|-damage|p1a: Incineroar|44\/100\n|-enditem|p1a: Incineroar|Sitrus Berry|[eat]\n|-heal|p1a: Incineroar|68\/100|[from] item: Sitrus Berry\n|-damage|p1a: Incineroar|61\/100\n|-damage|p1a: Incineroar|53\/100\n|-hitcount|p1a: Incineroar|10\n|move|p1b: Gholdengo|Nasty Plot|p1b: Gholdengo\n|-boost|p1b: Gholdengo|spa|2\n|\n|upkeep\n|turn|2\n|inactive|Djjwjwwjj has 30 seconds left.\n|\n|t:|1732115338\n|-terastallize|p2b: \u786c\u781a\u4e01\u771f|Electric\n|move|p2a: \u80b2\u5e7c\u4e01\u771f|Follow Me|p2a: \u80b2\u5e7c\u4e01\u771f\n|-singleturn|p2a: \u80b2\u5e7c\u4e01\u771f|move: Follow Me\n|move|p1b: Gholdengo|Make It Rain|p2a: \u80b2\u5e7c\u4e01\u771f|[spread] p2a,p2b\n|-crit|p2a: \u80b2\u5e7c\u4e01\u771f\n|-resisted|p2b: \u786c\u781a\u4e01\u771f\n|-damage|p2a: \u80b2\u5e7c\u4e01\u771f|0 fnt\n|-damage|p2b: \u786c\u781a\u4e01\u771f|31\/100\n|-unboost|p1b: Gholdengo|spa|1\n|-ability|p2b: \u786c\u781a\u4e01\u771f|Stamina|boost\n|-boost|p2b: \u786c\u781a\u4e01\u771f|def|1\n|faint|p2a: \u80b2\u5e7c\u4e01\u771f\n|-damage|p1b: Gholdengo|91\/100|[from] item: Life Orb\n|move|p2b: \u786c\u781a\u4e01\u771f|Electro Shot||[still]\n|-prepare|p2b: \u786c\u781a\u4e01\u771f|Electro Shot\n|-boost|p2b: \u786c\u781a\u4e01\u771f|spa|1\n|-enditem|p2b: \u786c\u781a\u4e01\u771f|Power Herb\n|-anim|p2b: \u786c\u781a\u4e01\u771f|Electro Shot|p1b: Gholdengo\n|-damage|p1b: Gholdengo|0 fnt\n|faint|p1b: Gholdengo\n|move|p1a: Incineroar|Parting Shot|p2b: \u786c\u781a\u4e01\u771f\n|-unboost|p2b: \u786c\u781a\u4e01\u771f|atk|1\n|-unboost|p2b: \u786c\u781a\u4e01\u771f|spa|1\n|\n|t:|1732115362\n|switch|p1a: Palafin|Palafin, L50, F|100\/100|[from] Parting Shot\n|\n|upkeep\n|\n|t:|1732115370\n|switch|p2a: \u4f9d\u5f71\u4e01\u771f|Amoonguss, L50, M|100\/100\n|switch|p1b: Amoonguss|Amoonguss, L50, M|100\/100\n|turn|3\n|\n|t:|1732115387\n|move|p1a: Palafin|Flip Turn|p2a: \u4f9d\u5f71\u4e01\u771f\n|-resisted|p2a: \u4f9d\u5f71\u4e01\u771f\n|-damage|p2a: \u4f9d\u5f71\u4e01\u771f|89\/100\n|\n|t:|1732115390\n|detailschange|p1a: Palafin|Palafin-Hero, L50, F\n|switch|p1a: Incineroar|Incineroar, L50, M|53\/100|[from] Flip Turn\n|-ability|p1a: Incineroar|Intimidate|boost\n|-unboost|p2a: \u4f9d\u5f71\u4e01\u771f|atk|1\n|-unboost|p2b: \u786c\u781a\u4e01\u771f|atk|1\n|move|p2b: \u786c\u781a\u4e01\u771f|Flash Cannon|p1a: Incineroar\n|-resisted|p1a: Incineroar\n|-damage|p1a: Incineroar|35\/100\n|move|p1b: Amoonguss|Spore|p2b: \u786c\u781a\u4e01\u771f\n|-status|p2b: \u786c\u781a\u4e01\u771f|slp|[from] move: Spore\n|move|p2a: \u4f9d\u5f71\u4e01\u771f|Pollen Puff|p2b: \u786c\u781a\u4e01\u771f\n|-heal|p2b: \u786c\u781a\u4e01\u771f|80\/100 slp\n|\n|upkeep\n|turn|4\n|inactive|Djjwjwwjj has 30 seconds left.\n|inactive|Djjwjwwjj has 20 seconds left.\n|\n|t:|1732115429\n|switch|p1b: Palafin|Palafin-Hero, L50, F|100\/100\n|-activate|p1b: Palafin|ability: Zero to Hero\n|switch|p2a: \u9e2d\u6837\u4e01\u771f|Porygon2, L50|100\/100\n|-ability|p2a: \u9e2d\u6837\u4e01\u771f|Download|boost\n|-boost|p2a: \u9e2d\u6837\u4e01\u771f|spa|1\n|cant|p2b: \u786c\u781a\u4e01\u771f|slp\n|move|p1a: Incineroar|Flare Blitz|p2a: \u9e2d\u6837\u4e01\u771f\n|-damage|p2a: \u9e2d\u6837\u4e01\u771f|74\/100\n|-damage|p1a: Incineroar|27\/100|[from] Recoil\n|\n|upkeep\n|turn|5\n|\n|t:|1732115451\n|-terastallize|p1b: Palafin|Water\n|move|p2a: \u9e2d\u6837\u4e01\u771f|Protect|p2a: \u9e2d\u6837\u4e01\u771f\n|-singleturn|p2a: \u9e2d\u6837\u4e01\u771f|Protect\n|move|p1b: Palafin|Wave Crash|p2b: \u786c\u781a\u4e01\u771f\n|-damage|p2b: \u786c\u781a\u4e01\u771f|7\/100 slp\n|-ability|p2b: \u786c\u781a\u4e01\u771f|Stamina|boost\n|-boost|p2b: \u786c\u781a\u4e01\u771f|def|1\n|-damage|p1b: Palafin|75\/100|[from] Recoil\n|cant|p2b: \u786c\u781a\u4e01\u771f|slp\n|move|p1a: Incineroar|Flare Blitz|p2b: \u786c\u781a\u4e01\u771f\n|-damage|p2b: \u786c\u781a\u4e01\u771f|0 fnt\n|faint|p2b: \u786c\u781a\u4e01\u771f\n|-damage|p1a: Incineroar|25\/100|[from] Recoil\n|\n|upkeep\n|\n|t:|1732115465\n|switch|p2b: \u4f9d\u5f71\u4e01\u771f|Amoonguss, L50, M|100\/100\n|turn|6\n|\n|t:|1732115481\n|move|p2b: \u4f9d\u5f71\u4e01\u771f|Rage Powder|p2b: \u4f9d\u5f71\u4e01\u771f\n|-singleturn|p2b: \u4f9d\u5f71\u4e01\u771f|move: Rage Powder\n|move|p1b: Palafin|Wave Crash|p2b: \u4f9d\u5f71\u4e01\u771f\n|-resisted|p2b: \u4f9d\u5f71\u4e01\u771f\n|-damage|p2b: \u4f9d\u5f71\u4e01\u771f|43\/100\n|-damage|p1b: Palafin|52\/100|[from] Recoil\n|move|p1a: Incineroar|Flare Blitz|p2b: \u4f9d\u5f71\u4e01\u771f\n|-supereffective|p2b: \u4f9d\u5f71\u4e01\u771f\n|-damage|p2b: \u4f9d\u5f71\u4e01\u771f|0 fnt\n|faint|p2b: \u4f9d\u5f71\u4e01\u771f\n|-damage|p1a: Incineroar|10\/100|[from] Recoil\n|move|p2a: \u9e2d\u6837\u4e01\u771f|Tera Blast|p1b: Palafin\n|-damage|p1b: Palafin|3\/100\n|\n|upkeep\n|turn|7\n|-message|bluestraggler02 forfeited.\n|\n|win|Djjwjwwjj\n|raw|Djjwjwwjj's rating: 1743 &rarr; <strong>1762<\/strong><br \/>(+19 for winning)\n|raw|bluestraggler02's rating: 1728 &rarr; <strong>1709<\/strong><br \/>(-19 for losing)\n|l|\u2606bluestraggler02\n|player|p2|\n|l|\u2606Djjwjwwjj\n|player|p1|\n","uploadtime":1732115727,"views":14,"formatid":"gen9vgc2024regh","rating":1709,"private":0,"password":null}