{"id":"gen9vgc2024regh-2247884494","format":"[Gen 9] VGC 2024 Reg H","players":["hnn241","vgclth terran"],"log":"|raw|<div class=\"broadcast-blue\"><strong>This battle is required to be public due to a player having a name starting with 'vgclth'.<\/div>\n|j|\u2606hnn241\n|j|\u2606vgclth terran\n|t:|1732141447\n|gametype|doubles\n|player|p1|hnn241|lass-gen4dp|1846\n|player|p2|vgclth terran|rood|1783\n|teamsize|p1|6\n|teamsize|p2|6\n|gen|9\n|tier|[Gen 9] VGC 2024 Reg H\n|rated|\n|rule|Species Clause: Limit one of each Pok\u00e9mon\n|rule|Item Clause: Limit 1 of each item\n|clearpoke\n|poke|p1|Tyranitar, L50, F|\n|poke|p1|Excadrill, L50, M|\n|poke|p1|Indeedee, L50, M|\n|poke|p1|Amoonguss, L50, M|\n|poke|p1|Sneasler, L50, M|\n|poke|p1|Corviknight, L50, F|\n|poke|p2|Ninetales-Alola, L50, F|\n|poke|p2|Rillaboom, L50, M|\n|poke|p2|Magmar, L50, F|\n|poke|p2|Sneasler, L50, F|\n|poke|p2|Kingambit, L50, F|\n|poke|p2|Basculegion, L50, M|\n|teampreview|4\n|j| creamymorning\n|inactive|Battle timer is ON: inactive players will automatically lose when time's up. (requested by vgclth terran)\n|\n|t:|1732141481\n|start\n|switch|p1a: Tyranitar|Tyranitar, L50, F|100\/100\n|switch|p1b: Excadrill|Excadrill, L50, M|100\/100\n|switch|p2a: Basculegion|Basculegion, L50, M|100\/100\n|switch|p2b: Kingambit|Kingambit, L50, F|100\/100\n|-weather|Sandstorm|[from] ability: Sand Stream|[of] p1a: Tyranitar\n|turn|1\n|inactive|hnn241 has 30 seconds left.\n|inactive|hnn241 has 20 seconds left.\n|inactive|hnn241 has 15 seconds left.\n|inactive|hnn241 has 10 seconds left.\n|\n|t:|1732141529\n|switch|p2b: Ninetales|Ninetales-Alola, L50, F|100\/100\n|-weather|Snow|[from] ability: Snow Warning|[of] p2b: Ninetales\n|-terastallize|p1a: Tyranitar|Flying\n|move|p2a: Basculegion|Flip Turn|p1b: Excadrill\n|-supereffective|p1b: Excadrill\n|-enditem|p1b: Excadrill|Focus Sash\n|-damage|p1b: Excadrill|1\/100\n|\n|t:|1732141539\n|switch|p2a: Rillaboom|Rillaboom, L50, M|100\/100|[from] Flip Turn\n|-fieldstart|move: Grassy Terrain|[from] ability: Grassy Surge|[of] p2a: Rillaboom\n|move|p1b: Excadrill|High Horsepower|p2b: Ninetales|[miss]\n|-miss|p1b: Excadrill|p2b: Ninetales\n|move|p1a: Tyranitar|Knock Off|p2a: Rillaboom\n|-damage|p2a: Rillaboom|49\/100\n|-enditem|p2a: Rillaboom|Assault Vest|[from] move: Knock Off|[of] p1a: Tyranitar\n|\n|-weather|Snow|[upkeep]\n|-heal|p1b: Excadrill|7\/100|[from] Grassy Terrain\n|-heal|p2a: Rillaboom|55\/100|[from] Grassy Terrain\n|upkeep\n|turn|2\n|inactive|hnn241 has 30 seconds left.\n|inactive|hnn241 has 20 seconds left.\n|inactive|hnn241 has 15 seconds left.\n|inactive|hnn241 has 10 seconds left.\n|inactive|hnn241 has 5 seconds left.\n|\n|t:|1732141592\n|move|p2b: Ninetales|Blizzard|p1b: Excadrill|[spread] p1a,p1b\n|-supereffective|p1a: Tyranitar\n|-damage|p1a: Tyranitar|54\/100\n|-damage|p1b: Excadrill|0 fnt\n|faint|p1b: Excadrill\n|move|p2a: Rillaboom|Wood Hammer|p1a: Tyranitar\n|-resisted|p1a: Tyranitar\n|-crit|p1a: Tyranitar\n|-damage|p1a: Tyranitar|0 fnt\n|faint|p1a: Tyranitar\n|-damage|p2a: Rillaboom|37\/100|[from] Recoil\n|\n|-weather|Snow|[upkeep]\n|-heal|p2a: Rillaboom|43\/100|[from] Grassy Terrain\n|upkeep\n|\n|t:|1732141597\n|switch|p1b: Indeedee|Indeedee, L50, M|100\/100\n|switch|p1a: Sneasler|Sneasler, L50, M|100\/100\n|-fieldstart|move: Psychic Terrain|[from] ability: Psychic Surge|[of] p1b: Indeedee\n|turn|3\n|\n|t:|1732141610\n|switch|p2a: Kingambit|Kingambit, L50, F|100\/100\n|move|p2b: Ninetales|Protect|p2b: Ninetales\n|-singleturn|p2b: Ninetales|Protect\n|move|p1b: Indeedee|Expanding Force|p2a: Kingambit|[spread] \n|-activate|p2b: Ninetales|move: Protect\n|-immune|p2a: Kingambit\n|move|p1a: Sneasler|Dire Claw|p2b: Ninetales\n|-activate|p2b: Ninetales|move: Protect\n|\n|-weather|Snow|[upkeep]\n|upkeep\n|turn|4\n|\n|t:|1732141630\n|switch|p2b: Rillaboom|Rillaboom, L50, M|43\/100\n|-fieldstart|move: Grassy Terrain|[from] ability: Grassy Surge|[of] p2b: Rillaboom\n|move|p2a: Kingambit|Sucker Punch|p1b: Indeedee\n|-supereffective|p1b: Indeedee\n|-damage|p1b: Indeedee|0 fnt\n|faint|p1b: Indeedee\n|move|p1a: Sneasler|Close Combat|p2a: Kingambit\n|-supereffective|p2a: Kingambit\n|-damage|p2a: Kingambit|0 fnt\n|-unboost|p1a: Sneasler|def|1\n|-unboost|p1a: Sneasler|spd|1\n|-enditem|p1a: Sneasler|White Herb\n|-clearnegativeboost|p1a: Sneasler|[silent]\n|faint|p2a: Kingambit\n|\n|-weather|Snow|[upkeep]\n|-heal|p2b: Rillaboom|49\/100|[from] Grassy Terrain\n|upkeep\n|\n|t:|1732141635\n|switch|p2a: Ninetales|Ninetales-Alola, L50, F|100\/100\n|turn|5\n|\n|t:|1732141651\n|move|p1a: Sneasler|Protect|p1a: Sneasler\n|-singleturn|p1a: Sneasler|Protect\n|move|p2b: Rillaboom|Fake Out|p1a: Sneasler\n|-activate|p1a: Sneasler|move: Protect\n|move|p2a: Ninetales|Blizzard|p1a: Sneasler\n|-activate|p1a: Sneasler|move: Protect\n|\n|-weather|none\n|-heal|p2b: Rillaboom|55\/100|[from] Grassy Terrain\n|upkeep\n|turn|6\n|\n|t:|1732141665\n|-terastallize|p2a: Ninetales|Ghost\n|move|p1a: Sneasler|Dire Claw|p2b: Rillaboom\n|-supereffective|p2b: Rillaboom\n|-damage|p2b: Rillaboom|0 fnt\n|faint|p2b: Rillaboom\n|move|p2a: Ninetales|Freeze-Dry|p1a: Sneasler\n|-damage|p1a: Sneasler|63\/100\n|\n|-heal|p1a: Sneasler|69\/100|[from] Grassy Terrain\n|upkeep\n|\n|t:|1732141669\n|switch|p2b: Basculegion|Basculegion, L50, M|100\/100\n|turn|7\n|-message|hnn241 forfeited.\n|\n|win|vgclth terran\n|raw|hnn241's rating: 1846 &rarr; <strong>1822<\/strong><br \/>(-24 for losing)\n|raw|vgclth terran's rating: 1783 &rarr; <strong>1807<\/strong><br \/>(+24 for winning)\n|l|\u2606hnn241\n|player|p1|\n|l|\u2606vgclth terran\n|player|p2|\n|l| creamymorning\n","uploadtime":1732141849,"views":55,"formatid":"gen9vgc2024regh","rating":1807,"private":0,"password":null}