{"id":"gen9vgc2024regh-2247931817","format":"[Gen 9] VGC 2024 Reg H","players":["onworkhan92","ren122333"],"log":"|j|\u2606onworkhan92\n|j|\u2606ren122333\n|t:|1732146995\n|gametype|doubles\n|player|p1|onworkhan92|2|1742\n|player|p2|ren122333|hilbert|1687\n|teamsize|p1|6\n|teamsize|p2|6\n|gen|9\n|tier|[Gen 9] VGC 2024 Reg H\n|rated|\n|rule|Species Clause: Limit one of each Pok\u00e9mon\n|rule|Item Clause: Limit 1 of each item\n|clearpoke\n|poke|p1|Ursaluna, L50, F|\n|poke|p1|Basculegion, L50, M|\n|poke|p1|Dragonite, L50, M|\n|poke|p1|Archaludon, L50, F|\n|poke|p1|Pelipper, L50, M|\n|poke|p1|Sinistcha, L50|\n|poke|p2|Whimsicott, L50, M|\n|poke|p2|Mamoswine, L50, F|\n|poke|p2|Lycanroc-Dusk, L50, F|\n|poke|p2|Typhlosion-Hisui, L50, F|\n|poke|p2|Farigiraf, L50, F|\n|poke|p2|Mienshao, L50, M|\n|teampreview|4\n|inactive|Battle timer is ON: inactive players will automatically lose when time's up. (requested by ren122333)\n|\n|t:|1732147036\n|start\n|switch|p1a: Basculegion|Basculegion, L50, M|100\/100\n|switch|p1b: Dragonite|Dragonite, L50, M|100\/100\n|switch|p2a: Whimsicott|Whimsicott, L50, M|100\/100\n|switch|p2b: Mamoswine|Mamoswine, L50, F|100\/100\n|turn|1\n|\n|t:|1732147045\n|switch|p1b: Archaludon|Archaludon, L50, F|100\/100\n|-terastallize|p2b: Mamoswine|Grass\n|move|p2a: Whimsicott|Tailwind|p2a: Whimsicott\n|-sidestart|p2: ren122333|move: Tailwind\n|move|p2b: Mamoswine|Icicle Crash|p1b: Archaludon|[miss]\n|-miss|p2b: Mamoswine|p1b: Archaludon\n|move|p1a: Basculegion|Flip Turn|p2b: Mamoswine\n|-resisted|p2b: Mamoswine\n|-damage|p2b: Mamoswine|79\/100\n|\n|t:|1732147062\n|switch|p1a: Pelipper|Pelipper, L50, M|100\/100|[from] Flip Turn\n|-weather|RainDance|[from] ability: Drizzle|[of] p1a: Pelipper\n|\n|-weather|RainDance|[upkeep]\n|upkeep\n|turn|2\n|inactive|onworkhan92 has 30 seconds left.\n|\n|t:|1732147096\n|switch|p1a: Basculegion|Basculegion, L50, M|100\/100\n|-terastallize|p1b: Archaludon|Fighting\n|move|p2a: Whimsicott|Moonblast|p1a: Basculegion\n|-damage|p1a: Basculegion|58\/100\n|move|p2b: Mamoswine|Tera Blast|p1a: Basculegion|[anim] Tera Blast Grass\n|-supereffective|p1a: Basculegion\n|-damage|p1a: Basculegion|0 fnt\n|faint|p1a: Basculegion\n|move|p1b: Archaludon|Flash Cannon|p2a: Whimsicott\n|-supereffective|p2a: Whimsicott\n|-enditem|p2a: Whimsicott|Focus Sash\n|-damage|p2a: Whimsicott|1\/100\n|-unboost|p2a: Whimsicott|spd|1\n|\n|-weather|RainDance|[upkeep]\n|upkeep\n|inactive|onworkhan92 has 30 seconds left.\n|\n|t:|1732147123\n|switch|p1a: Dragonite|Dragonite, L50, M|100\/100\n|turn|3\n|\n|t:|1732147133\n|switch|p2a: Mienshao|Mienshao, L50, M|100\/100\n|move|p1a: Dragonite|Protect|p1a: Dragonite\n|-singleturn|p1a: Dragonite|Protect\n|move|p2b: Mamoswine|Icicle Crash|p1a: Dragonite\n|-activate|p1a: Dragonite|move: Protect\n|move|p1b: Archaludon|Flash Cannon|p2a: Mienshao\n|-damage|p2a: Mienshao|41\/100\n|\n|-weather|RainDance|[upkeep]\n|upkeep\n|turn|4\n|\n|t:|1732147149\n|switch|p1a: Pelipper|Pelipper, L50, M|100\/100\n|move|p2a: Mienshao|Close Combat|p1b: Archaludon\n|-damage|p1b: Archaludon|54\/100\n|-unboost|p2a: Mienshao|def|1\n|-unboost|p2a: Mienshao|spd|1\n|-ability|p1b: Archaludon|Stamina|boost\n|-boost|p1b: Archaludon|def|1\n|-damage|p2a: Mienshao|31\/100|[from] item: Life Orb\n|move|p2b: Mamoswine|Icicle Crash|p1a: Pelipper\n|-damage|p1a: Pelipper|39\/100\n|move|p1b: Archaludon|Electro Shot||[still]\n|-prepare|p1b: Archaludon|Electro Shot\n|-boost|p1b: Archaludon|spa|1\n|-anim|p1b: Archaludon|Electro Shot|p2a: Mienshao\n|-damage|p2a: Mienshao|0 fnt\n|faint|p2a: Mienshao\n|\n|-weather|RainDance|[upkeep]\n|-sideend|p2: ren122333|move: Tailwind\n|upkeep\n|\n|t:|1732147163\n|switch|p2a: Whimsicott|Whimsicott, L50, M|1\/100\n|turn|5\n|\n|t:|1732147179\n|switch|p1a: Dragonite|Dragonite, L50, M|100\/100\n|move|p2a: Whimsicott|Sunny Day|p2a: Whimsicott\n|-weather|SunnyDay\n|move|p2b: Mamoswine|Icicle Crash|p1a: Dragonite\n|-supereffective|p1a: Dragonite\n|-damage|p1a: Dragonite|0 fnt\n|faint|p1a: Dragonite\n|move|p1b: Archaludon|Snarl|p2a: Whimsicott|[spread] p2a,p2b\n|-resisted|p2a: Whimsicott\n|-damage|p2a: Whimsicott|0 fnt\n|-damage|p2b: Mamoswine|53\/100\n|-unboost|p2b: Mamoswine|spa|1\n|faint|p2a: Whimsicott\n|\n|-weather|SunnyDay|[upkeep]\n|upkeep\n|j| uyeanio\n|\n|t:|1732147191\n|switch|p2a: Typhlosion|Typhlosion-Hisui, L50, F|100\/100\n|switch|p1a: Pelipper|Pelipper, L50, M|39\/100\n|-item|p1a: Pelipper|Focus Sash|[from] ability: Frisk|[of] p2a: Typhlosion\n|-item|p1b: Archaludon|Assault Vest|[from] ability: Frisk|[of] p2a: Typhlosion\n|-weather|RainDance|[from] ability: Drizzle|[of] p1a: Pelipper\n|turn|6\n|\n|t:|1732147204\n|move|p1a: Pelipper|Protect|p1a: Pelipper\n|-singleturn|p1a: Pelipper|Protect\n|move|p2a: Typhlosion|Shadow Ball|p1b: Archaludon\n|-damage|p1b: Archaludon|17\/100\n|-ability|p1b: Archaludon|Stamina|boost\n|-boost|p1b: Archaludon|def|1\n|move|p2b: Mamoswine|Tera Blast|p1a: Pelipper|[anim] Tera Blast Grass\n|-activate|p1a: Pelipper|move: Protect\n|move|p1b: Archaludon|Snarl|p2a: Typhlosion|[spread] p2a,p2b\n|-supereffective|p2a: Typhlosion\n|-damage|p2a: Typhlosion|56\/100\n|-damage|p2b: Mamoswine|26\/100\n|-unboost|p2a: Typhlosion|spa|1\n|-unboost|p2b: Mamoswine|spa|1\n|\n|-weather|RainDance|[upkeep]\n|upkeep\n|turn|7\n|j| mr pogostick\n|\n|t:|1732147221\n|move|p2a: Typhlosion|Shadow Ball|p1b: Archaludon\n|-damage|p1b: Archaludon|0 fnt\n|faint|p1b: Archaludon\n|move|p2b: Mamoswine|Tera Blast|p1a: Pelipper|[anim] Tera Blast Grass\n|-damage|p1a: Pelipper|0 fnt\n|faint|p1a: Pelipper\n|\n|win|ren122333\n|raw|onworkhan92's rating: 1742 &rarr; <strong>1719<\/strong><br \/>(-23 for losing)\n|raw|ren122333's rating: 1687 &rarr; <strong>1710<\/strong><br \/>(+23 for winning)\n|l|\u2606onworkhan92\n|player|p1|\n|l| mr pogostick\n|l|\u2606ren122333\n|player|p2|\n|l| uyeanio\n","uploadtime":1732147463,"views":15,"formatid":"gen9vgc2024regh","rating":1710,"private":0,"password":null}