{"id":"gen9vgc2024regh-2247847324","format":"[Gen 9] VGC 2024 Reg H","players":["Allhailhippo","CarryTheBoats"],"log":"|j|\u2606Allhailhippo\n|j|\u2606CarryTheBoats\n|t:|1732137512\n|gametype|doubles\n|player|p1|Allhailhippo|1|1693\n|player|p2|CarryTheBoats|crasherwake|1800\n|teamsize|p1|6\n|teamsize|p2|6\n|gen|9\n|tier|[Gen 9] VGC 2024 Reg H\n|rated|\n|rule|Species Clause: Limit one of each Pok\u00e9mon\n|rule|Item Clause: Limit 1 of each item\n|clearpoke\n|poke|p1|Tyranitar, L50, M|\n|poke|p1|Houndstone, L50, F|\n|poke|p1|Whimsicott, L50, M|\n|poke|p1|Incineroar, L50, F|\n|poke|p1|Gholdengo, L50|\n|poke|p1|Garchomp, L50, F|\n|poke|p2|Dragonite, L50, F|\n|poke|p2|Sneasler, L50, M|\n|poke|p2|Indeedee, L50, M|\n|poke|p2|Electabuzz, L50, F|\n|poke|p2|Ursaluna-Bloodmoon, L50, M|\n|poke|p2|Talonflame, L50, F|\n|teampreview|4\n|inactive|Battle timer is ON: inactive players will automatically lose when time's up. (requested by Allhailhippo)\n|inactive|CarryTheBoats has 60 seconds left.\n|inactive|CarryTheBoats has 30 seconds left.\n|inactive|CarryTheBoats has 20 seconds left.\n|inactive|CarryTheBoats has 15 seconds left.\n|inactive|CarryTheBoats has 10 seconds left.\n|\n|t:|1732137594\n|start\n|switch|p1a: Anna|Whimsicott, L50, M|100\/100\n|switch|p1b: Garchomp|Garchomp, L50, F|100\/100\n|switch|p2a: Sneasler|Sneasler, L50, M|100\/100\n|switch|p2b: Indeedee|Indeedee, L50, M|100\/100\n|-fieldstart|move: Psychic Terrain|[from] ability: Psychic Surge|[of] p2b: Indeedee\n|-enditem|p2a: Sneasler|Psychic Seed\n|-boost|p2a: Sneasler|spd|1|[from] item: Psychic Seed\n|turn|1\n|\n|t:|1732137602\n|move|p1a: Anna|Tailwind|p1a: Anna\n|-sidestart|p1: Allhailhippo|move: Tailwind\n|move|p2a: Sneasler|Dire Claw|p1a: Anna\n|-supereffective|p1a: Anna\n|-damage|p1a: Anna|0 fnt\n|faint|p1a: Anna\n|move|p1b: Garchomp|Earthquake|p2a: Sneasler|[spread] p2a,p2b\n|-supereffective|p2a: Sneasler\n|-damage|p2a: Sneasler|0 fnt\n|-enditem|p2b: Indeedee|Focus Sash\n|-damage|p2b: Indeedee|1\/100\n|faint|p2a: Sneasler\n|-damage|p1b: Garchomp|91\/100|[from] item: Life Orb\n|move|p2b: Indeedee|Expanding Force|p1b: Garchomp\n|-damage|p1b: Garchomp|20\/100\n|\n|upkeep\n|\n|t:|1732137617\n|switch|p2a: Dragonite|Dragonite, L50, F, shiny|100\/100\n|switch|p1a: Gholdengo|Gholdengo, L50|100\/100\n|turn|2\n|\n|t:|1732137630\n|-terastallize|p1a: Gholdengo|Fairy\n|move|p1b: Garchomp|Protect|p1b: Garchomp\n|-singleturn|p1b: Garchomp|Protect\n|move|p1a: Gholdengo|Dazzling Gleam|p2b: Indeedee|[spread] p2a,p2b\n|-supereffective|p2a: Dragonite\n|-damage|p2a: Dragonite|50\/100\n|-damage|p2b: Indeedee|0 fnt\n|faint|p2b: Indeedee\n|move|p2a: Dragonite|Scale Shot|p1b: Garchomp\n|-activate|p1b: Garchomp|move: Protect\n|\n|upkeep\n|\n|t:|1732137635\n|switch|p2b: Ursaluna|Ursaluna-Bloodmoon, L50, M|100\/100\n|turn|3\n|\n|t:|1732137654\n|-terastallize|p2a: Dragonite|Fairy\n|move|p1b: Garchomp|Dragon Claw|p2a: Dragonite\n|-immune|p2a: Dragonite\n|move|p1a: Gholdengo|Dazzling Gleam|p2a: Dragonite|[spread] p2a,p2b\n|-damage|p2a: Dragonite|4\/100\n|-damage|p2b: Ursaluna|33\/100\n|move|p2a: Dragonite|Scale Shot|p1b: Garchomp\n|-supereffective|p1b: Garchomp\n|-damage|p1b: Garchomp|0 fnt\n|faint|p1b: Garchomp\n|-hitcount|p1: Garchomp|1\n|-unboost|p2a: Dragonite|def|1\n|-boost|p2a: Dragonite|spe|1\n|move|p2b: Ursaluna|Blood Moon|p1a: Gholdengo\n|-damage|p1a: Gholdengo|0 fnt\n|faint|p1a: Gholdengo\n|-damage|p2b: Ursaluna|24\/100|[from] item: Life Orb\n|\n|upkeep\n|\n|t:|1732137662\n|switch|p1b: Good Things|Tyranitar, L50, M|100\/100\n|-weather|Sandstorm|[from] ability: Sand Stream|[of] p1b: Good Things\n|turn|4\n|\n|t:|1732137670\n|move|p2b: Ursaluna|Protect|p2b: Ursaluna\n|-singleturn|p2b: Ursaluna|Protect\n|move|p2a: Dragonite|Stomping Tantrum|p1b: Good Things\n|-supereffective|p1b: Good Things\n|-damage|p1b: Good Things|58\/100\n|move|p1b: Good Things|Rock Slide|p2a: Dragonite|[spread] p2a\n|-activate|p2b: Ursaluna|move: Protect\n|-damage|p2a: Dragonite|0 fnt\n|faint|p2a: Dragonite\n|\n|-weather|Sandstorm|[upkeep]\n|-sideend|p1: Allhailhippo|move: Tailwind\n|upkeep\n|turn|5\n|\n|t:|1732137679\n|move|p2b: Ursaluna|Earth Power|p1b: Good Things\n|-supereffective|p1b: Good Things\n|-damage|p1b: Good Things|7\/100\n|-damage|p2b: Ursaluna|14\/100|[from] item: Life Orb\n|move|p1b: Good Things|Low Kick|p2b: Ursaluna\n|-supereffective|p2b: Ursaluna\n|-damage|p2b: Ursaluna|0 fnt\n|faint|p2b: Ursaluna\n|\n|win|Allhailhippo\n|raw|Allhailhippo's rating: 1693 &rarr; <strong>1719<\/strong><br \/>(+26 for winning)\n|raw|CarryTheBoats's rating: 1800 &rarr; <strong>1774<\/strong><br \/>(-26 for losing)\n|l|\u2606CarryTheBoats\n|player|p2|\n|l|\u2606Allhailhippo\n|player|p1|\n","uploadtime":1732137956,"views":26,"formatid":"gen9vgc2024regh","rating":1719,"private":0,"password":null}