{"id":"gen9vgc2024regh-2247662447","format":"[Gen 9] VGC 2024 Reg H","players":["binday","VGCLTH Oinge"],"log":"|raw|<div class=\"broadcast-blue\"><strong>This battle is required to be public due to a player having a name starting with 'vgclth'.<\/div>\n|j|\u2606binday\n|j|\u2606VGCLTH Oinge\n|t:|1732119926\n|gametype|doubles\n|player|p1|binday|266|1654\n|player|p2|VGCLTH Oinge|mars|1689\n|teamsize|p1|6\n|teamsize|p2|6\n|gen|9\n|tier|[Gen 9] VGC 2024 Reg H\n|rated|\n|rule|Species Clause: Limit one of each Pok\u00e9mon\n|rule|Item Clause: Limit 1 of each item\n|clearpoke\n|poke|p1|Tyranitar, L50, M|\n|poke|p1|Houndstone, L50, F|\n|poke|p1|Murkrow, L50, M|\n|poke|p1|Garchomp, L50, M|\n|poke|p1|Volcarona, L50, M|\n|poke|p1|Gholdengo, L50|\n|poke|p2|Armarouge, L50, M|\n|poke|p2|Maushold-Four, L50|\n|poke|p2|Indeedee-F, L50, F|\n|poke|p2|Gholdengo, L50|\n|poke|p2|Dragonite, L50, M|\n|poke|p2|Annihilape, L50, M|\n|teampreview|4\n|\n|t:|1732119957\n|start\n|switch|p1a: Murkrow|Murkrow, L50, M|100\/100\n|switch|p1b: Gholdengo|Gholdengo, L50|100\/100\n|switch|p2a: Annihilape|Annihilape, L50, M|100\/100\n|switch|p2b: Maushold|Maushold-Four, L50|100\/100\n|turn|1\n|inactive|Battle timer is ON: inactive players will automatically lose when time's up. (requested by VGCLTH Oinge)\n|\n|t:|1732119977\n|-terastallize|p2a: Annihilape|Fire\n|move|p1a: Murkrow|Tailwind|p1a: Murkrow\n|-sidestart|p1: binday|move: Tailwind\n|move|p1b: Gholdengo|Make It Rain|p2a: Annihilape|[spread] p2a,p2b\n|-resisted|p2a: Annihilape\n|-damage|p2a: Annihilape|83\/100\n|-damage|p2b: Maushold|6\/100\n|-unboost|p1b: Gholdengo|spa|1\n|move|p2b: Maushold|Beat Up|p2a: Annihilape\n|-damage|p2a: Annihilape|81\/100\n|-damage|p2a: Annihilape|79\/100\n|-damage|p2a: Annihilape|77\/100\n|-damage|p2a: Annihilape|75\/100\n|-hitcount|p2a: Annihilape|4\n|move|p2a: Annihilape|Rage Fist|p1b: Gholdengo\n|-supereffective|p1b: Gholdengo\n|-crit|p1b: Gholdengo\n|-damage|p1b: Gholdengo|0 fnt\n|faint|p1b: Gholdengo\n|\n|upkeep\n|\n|t:|1732119981\n|switch|p1b: Tyranitar|Tyranitar, L50, M|100\/100\n|-weather|Sandstorm|[from] ability: Sand Stream|[of] p1b: Tyranitar\n|turn|2\n|inactive|VGCLTH Oinge has 30 seconds left.\n|\n|t:|1732120016\n|-terastallize|p1b: Tyranitar|Flying\n|move|p2b: Maushold|Follow Me|p2b: Maushold\n|-singleturn|p2b: Maushold|move: Follow Me\n|move|p1a: Murkrow|Foul Play|p2b: Maushold\n|-damage|p2b: Maushold|0 fnt\n|faint|p2b: Maushold\n|move|p1b: Tyranitar|Rock Slide|p2a: Annihilape|[miss]\n|-miss|p1b: Tyranitar|p2a: Annihilape\n|move|p2a: Annihilape|Drain Punch|p1b: Tyranitar\n|-resisted|p1b: Tyranitar\n|-damage|p1b: Tyranitar|85\/100\n|-heal|p2a: Annihilape|82\/100|[from] drain|[of] p1b: Tyranitar\n|\n|-weather|Sandstorm|[upkeep]\n|-damage|p1a: Murkrow|95\/100|[from] Sandstorm\n|-damage|p1b: Tyranitar|79\/100|[from] Sandstorm\n|-damage|p2a: Annihilape|76\/100|[from] Sandstorm\n|upkeep\n|\n|t:|1732120027\n|switch|p2b: Indeedee|Indeedee-F, L50, F|100\/100\n|-fieldstart|move: Psychic Terrain|[from] ability: Psychic Surge|[of] p2b: Indeedee\n|-enditem|p2b: Indeedee|Psychic Seed\n|-boost|p2b: Indeedee|spd|1|[from] item: Psychic Seed\n|turn|3\n|inactive|VGCLTH Oinge has 30 seconds left.\n|\n|t:|1732120054\n|move|p2b: Indeedee|Follow Me|p2b: Indeedee\n|-singleturn|p2b: Indeedee|move: Follow Me\n|move|p1a: Murkrow|Foul Play|p2b: Indeedee\n|-supereffective|p2b: Indeedee\n|-damage|p2b: Indeedee|69\/100\n|move|p1b: Tyranitar|Rock Slide|p2a: Annihilape|[spread] p2a,p2b\n|-supereffective|p2a: Annihilape\n|-damage|p2a: Annihilape|3\/100\n|-damage|p2b: Indeedee|40\/100\n|move|p2a: Annihilape|Rage Fist|p1b: Tyranitar\n|-damage|p1b: Tyranitar|0 fnt\n|faint|p1b: Tyranitar\n|\n|-weather|Sandstorm|[upkeep]\n|-damage|p1a: Murkrow|89\/100|[from] Sandstorm\n|-damage|p2a: Annihilape|0 fnt|[from] Sandstorm\n|-damage|p2b: Indeedee|34\/100|[from] Sandstorm\n|faint|p2a: Annihilape\n|upkeep\n|\n|t:|1732120064\n|switch|p2a: Armarouge|Armarouge, L50, M|100\/100\n|switch|p1b: Houndstone|Houndstone, L50, F|100\/100\n|turn|4\n|inactive|VGCLTH Oinge has 30 seconds left.\n|\n|t:|1732120090\n|move|p2a: Armarouge|Endure|p2a: Armarouge\n|-singleturn|p2a: Armarouge|move: Endure\n|move|p1b: Houndstone|Crunch|p2a: Armarouge\n|-supereffective|p2a: Armarouge\n|-damage|p2a: Armarouge|54\/100\n|-ability|p2a: Armarouge|Weak Armor|boost\n|-unboost|p2a: Armarouge|def|1\n|-boost|p2a: Armarouge|spe|2\n|-enditem|p2a: Armarouge|Weakness Policy\n|-boost|p2a: Armarouge|atk|2|[from] item: Weakness Policy\n|-boost|p2a: Armarouge|spa|2|[from] item: Weakness Policy\n|move|p1a: Murkrow|Foul Play|p2a: Armarouge\n|-supereffective|p2a: Armarouge\n|-activate|p2a: Armarouge|move: Endure\n|-damage|p2a: Armarouge|1\/100\n|-ability|p2a: Armarouge|Weak Armor|boost\n|-unboost|p2a: Armarouge|def|1\n|-boost|p2a: Armarouge|spe|2\n|move|p2b: Indeedee|Psyshock|p1b: Houndstone\n|-damage|p1b: Houndstone|66\/100\n|\n|-weather|Sandstorm|[upkeep]\n|-damage|p2a: Armarouge|0 fnt|[from] Sandstorm\n|-damage|p1a: Murkrow|83\/100|[from] Sandstorm\n|-damage|p2b: Indeedee|28\/100|[from] Sandstorm\n|faint|p2a: Armarouge\n|-sideend|p1: binday|move: Tailwind\n|upkeep\n|turn|5\n|inactive|VGCLTH Oinge has 30 seconds left.\n|-message|VGCLTH Oinge forfeited.\n|\n|win|binday\n|raw|binday's rating: 1654 &rarr; <strong>1676<\/strong><br \/>(+22 for winning)\n|raw|VGCLTH Oinge's rating: 1689 &rarr; <strong>1667<\/strong><br \/>(-22 for losing)\n|l|\u2606VGCLTH Oinge\n|player|p2|\n|l|\u2606binday\n|player|p1|\n","uploadtime":1732120310,"views":15,"formatid":"gen9vgc2024regh","rating":1667,"private":0,"password":null}