{"id":"gen9vgc2024regh-2247869202","format":"[Gen 9] VGC 2024 Reg H","players":["tiandimain","VGCLTH Sac gaming"],"log":"|raw|<div class=\"broadcast-blue\"><strong>This battle is required to be public due to a player having a name starting with 'vgclth'.<\/div>\n|j|\u2606tiandimain\n|j|\u2606VGCLTH Sac gaming\n|t:|1732139768\n|gametype|doubles\n|player|p1|tiandimain|hiker-gen4|1788\n|player|p2|VGCLTH Sac gaming|steven|1691\n|teamsize|p1|6\n|teamsize|p2|6\n|gen|9\n|tier|[Gen 9] VGC 2024 Reg H\n|rated|\n|rule|Species Clause: Limit one of each Pok\u00e9mon\n|rule|Item Clause: Limit 1 of each item\n|clearpoke\n|poke|p1|Electabuzz, L50, M|\n|poke|p1|Rillaboom, L50, F|\n|poke|p1|Dragonite, L50, F|\n|poke|p1|Annihilape, L50, F|\n|poke|p1|Incineroar, L50, F|\n|poke|p1|Gholdengo, L50|\n|poke|p2|Whimsicott, L50, F|\n|poke|p2|Dragonite, L50, M|\n|poke|p2|Ursaluna-Bloodmoon, L50, M|\n|poke|p2|Gholdengo, L50|\n|poke|p2|Incineroar, L50, F|\n|poke|p2|Annihilape, L50, M|\n|teampreview|4\nVGCLTH Sac gaming rejected open team sheets.\n|\n|t:|1732139806\n|start\n|switch|p1a: Annihilape|Annihilape, L50, F|100\/100\n|switch|p1b: Dragonite|Dragonite, L50, F|100\/100\n|switch|p2a: Annihilape|Annihilape, L50, M|100\/100\n|switch|p2b: Ursaluna|Ursaluna-Bloodmoon, L50, M|100\/100\n|turn|1\n|\n|t:|1732139833\n|switch|p2b: Gholdengo|Gholdengo, L50|100\/100\n|-terastallize|p1a: Annihilape|Stellar\n|move|p1a: Annihilape|Close Combat|p2b: Gholdengo\n|-immune|p2b: Gholdengo\n|move|p2a: Annihilape|Final Gambit|p1b: Dragonite\n|-damage|p1b: Dragonite|0 fnt\n|faint|p2a: Annihilape\n|faint|p1b: Dragonite\n|\n|upkeep\n|\n|t:|1732139844\n|switch|p2a: Dragonite|Dragonite, L50, M|100\/100\n|switch|p1b: Incineroar|Incineroar, L50, F|100\/100\n|-ability|p1b: Incineroar|Intimidate|boost\n|-unboost|p2a: Dragonite|atk|1\n|-unboost|p2b: Gholdengo|atk|1\n|turn|2\n|\n|t:|1732139858\n|-terastallize|p2b: Gholdengo|Steel\n|move|p2a: Dragonite|Protect|p2a: Dragonite\n|-singleturn|p2a: Dragonite|Protect\n|move|p1a: Annihilape|Coaching|p1b: Incineroar\n|-boost|p1b: Incineroar|atk|1\n|-boost|p1b: Incineroar|def|1\n|move|p2b: Gholdengo|Make It Rain|p1a: Annihilape|[spread] p1a,p1b\n|-resisted|p1b: Incineroar\n|-damage|p1a: Annihilape|5\/100\n|-damage|p1b: Incineroar|52\/100\n|-unboost|p2b: Gholdengo|spa|1\n|move|p1b: Incineroar|Knock Off|p2b: Gholdengo\n|-damage|p2b: Gholdengo|39\/100\n|-enditem|p2b: Gholdengo|Choice Specs|[from] move: Knock Off|[of] p1b: Incineroar\n|\n|upkeep\n|turn|3\n|\n|t:|1732139881\n|switch|p1a: Rillaboom|Rillaboom, L50, F|100\/100\n|-fieldstart|move: Grassy Terrain|[from] ability: Grassy Surge|[of] p1a: Rillaboom\n|move|p2b: Gholdengo|Make It Rain|p1b: Incineroar|[spread] p1a,p1b\n|-resisted|p1b: Incineroar\n|-damage|p1a: Rillaboom|69\/100\n|-damage|p1b: Incineroar|31\/100\n|-unboost|p2b: Gholdengo|spa|1\n|move|p2a: Dragonite|Haze|p2a: Dragonite\n|-clearallboost\n|move|p1b: Incineroar|Knock Off|p2a: Dragonite\n|-damage|p2a: Dragonite|79\/100\n|-enditem|p2a: Dragonite|Loaded Dice|[from] move: Knock Off|[of] p1b: Incineroar\n|\n|-heal|p2b: Gholdengo|45\/100|[from] Grassy Terrain\n|-heal|p1b: Incineroar|37\/100|[from] Grassy Terrain\n|-heal|p1a: Rillaboom|75\/100|[from] Grassy Terrain\n|upkeep\n|turn|4\n|l|\u2606tiandimain\n|player|p1|\n|inactive|Battle timer is ON: inactive players will automatically lose when time's up. (requested by VGCLTH Sac gaming)\n|j|\u2606tiandimain\n|inactive|tiandimain reconnected and has 65 seconds left.\n|player|p1|tiandimain|hiker-gen4|\n|inactive|tiandimain has 60 seconds left.\n|\n|t:|1732139981\n|move|p1a: Rillaboom|Fake Out|p2a: Dragonite\n|-damage|p2a: Dragonite|63\/100\n|move|p2b: Gholdengo|Make It Rain|p1a: Rillaboom|[spread] p1a,p1b\n|-resisted|p1b: Incineroar\n|-crit|p1b: Incineroar\n|-damage|p1a: Rillaboom|25\/100\n|-damage|p1b: Incineroar|0 fnt\n|-unboost|p2b: Gholdengo|spa|1\n|faint|p1b: Incineroar\n|cant|p2a: Dragonite|flinch\n|\n|-heal|p2b: Gholdengo|51\/100|[from] Grassy Terrain\n|-heal|p1a: Rillaboom|31\/100|[from] Grassy Terrain\n|upkeep\n|\n|t:|1732139984\n|switch|p1b: Annihilape|Annihilape, L50, F, tera:Stellar|5\/100\n|turn|5\n|\n|t:|1732140000\n|move|p1b: Annihilape|Rage Fist|p2a: Dragonite\n|-damage|p2a: Dragonite|0 fnt\n|faint|p2a: Dragonite\n|move|p2b: Gholdengo|Make It Rain|p1a: Rillaboom|[spread] p1a,p1b\n|-damage|p1a: Rillaboom|0 fnt\n|-damage|p1b: Annihilape|0 fnt\n|-unboost|p2b: Gholdengo|spa|1\n|faint|p1a: Rillaboom\n|faint|p1b: Annihilape\n|\n|win|VGCLTH Sac gaming\n|raw|tiandimain's rating: 1788 &rarr; <strong>1763<\/strong><br \/>(-25 for losing)\n|raw|VGCLTH Sac gaming's rating: 1691 &rarr; <strong>1716<\/strong><br \/>(+25 for winning)\n","uploadtime":1732140004,"views":13,"formatid":"gen9vgc2024regh","rating":1716,"private":0,"password":null}