{"id":"gen9vgc2024regh-2247334059","format":"[Gen 9] VGC 2024 Reg H","players":["VGCLTH Rain","qiyeO.o"],"log":"|raw|<div class=\"broadcast-blue\"><strong>This battle is required to be public due to a player having a name starting with 'vgclth'.<\/div>\n|j|\u2606VGCLTH Rain\n|j|\u2606qiyeO.o\n|t:|1732071832\n|gametype|doubles\n|player|p1|VGCLTH Rain|101|1796\n|player|p2|qiyeO.o|nancy|1756\n|teamsize|p1|6\n|teamsize|p2|6\n|gen|9\n|tier|[Gen 9] VGC 2024 Reg H\n|rated|\n|rule|Species Clause: Limit one of each Pok\u00e9mon\n|rule|Item Clause: Limit 1 of each item\n|clearpoke\n|poke|p1|Typhlosion-Hisui, L50, M|\n|poke|p1|Glimmora, L50, M|\n|poke|p1|Grimmsnarl, L50, M|\n|poke|p1|Whimsicott, L50, F|\n|poke|p1|Ursaluna-Bloodmoon, L50, M|\n|poke|p1|Dusclops, L50, M|\n|poke|p2|Dragonite, L50, F|\n|poke|p2|Gholdengo, L50|\n|poke|p2|Kingambit, L50, M|\n|poke|p2|Primarina, L50, F|\n|poke|p2|Rillaboom, L50, F|\n|poke|p2|Archaludon, L50, F|\n|teampreview|4\n|inactive|Battle timer is ON: inactive players will automatically lose when time's up. (requested by VGCLTH Rain)\n|\n|t:|1732071867\n|start\n|switch|p1a: Glimmora|Glimmora, L50, M|100\/100\n|switch|p1b: Grimmsnarl|Grimmsnarl, L50, M|100\/100\n|switch|p2a: \u5976\u5976\u7684\u9f99|Dragonite, L50, F|100\/100\n|switch|p2b: \u5bcc\u5bcc\u7684\u8c6a|Gholdengo, L50|100\/100\n|turn|1\n|\n|t:|1732071887\n|-terastallize|p2b: \u5bcc\u5bcc\u7684\u8c6a|Steel\n|move|p2a: \u5976\u5976\u7684\u9f99|Extreme Speed|p1a: Glimmora\n|-resisted|p1a: Glimmora\n|-damage|p1a: Glimmora|82\/100\n|-activate|p1a: Glimmora|ability: Toxic Debris\n|-sidestart|p2: qiyeO.o|move: Toxic Spikes\n|move|p1b: Grimmsnarl|Light Screen|p1b: Grimmsnarl\n|-sidestart|p1: VGCLTH Rain|move: Light Screen\n|move|p2b: \u5bcc\u5bcc\u7684\u8c6a|Make It Rain|p1a: Glimmora|[spread] p1a,p1b\n|-supereffective|p1a: Glimmora\n|-supereffective|p1b: Grimmsnarl\n|-damage|p1a: Glimmora|0 fnt\n|-damage|p1b: Grimmsnarl|25\/100\n|-unboost|p2b: \u5bcc\u5bcc\u7684\u8c6a|spa|1\n|faint|p1a: Glimmora\n|\n|upkeep\n|\n|t:|1732071898\n|switch|p1a: Dusclops|Dusclops, L50, M|100\/100\n|-item|p2a: \u5976\u5976\u7684\u9f99|Loaded Dice|[from] ability: Frisk|[of] p1a: Dusclops\n|-item|p2b: \u5bcc\u5bcc\u7684\u8c6a|Choice Scarf|[from] ability: Frisk|[of] p1a: Dusclops\n|turn|2\n|\n|t:|1732071910\n|switch|p2a: \u5927\u5927\u7684\u5c06|Kingambit, L50, M|100\/100\n|move|p1b: Grimmsnarl|Reflect|p1b: Grimmsnarl\n|-sidestart|p1: VGCLTH Rain|Reflect\n|move|p2b: \u5bcc\u5bcc\u7684\u8c6a|Make It Rain|p1a: Dusclops|[spread] p1a,p1b\n|-supereffective|p1b: Grimmsnarl\n|-damage|p1a: Dusclops|85\/100\n|-damage|p1b: Grimmsnarl|0 fnt\n|-unboost|p2b: \u5bcc\u5bcc\u7684\u8c6a|spa|1\n|faint|p1b: Grimmsnarl\n|move|p1a: Dusclops|Trick Room|p1a: Dusclops\n|-fieldstart|move: Trick Room|[of] p1a: Dusclops\n|\n|upkeep\n|\n|t:|1732071914\n|switch|p1b: Ursaluna|Ursaluna-Bloodmoon, L50, M|100\/100\n|turn|3\n|\n|t:|1732071930\n|switch|p2b: \u5976\u5976\u7684\u9f99|Dragonite, L50, F|100\/100\n|move|p2a: \u5927\u5927\u7684\u5c06|Protect|p2a: \u5927\u5927\u7684\u5c06\n|-singleturn|p2a: \u5927\u5927\u7684\u5c06|Protect\n|move|p1a: Dusclops|Will-O-Wisp|p2a: \u5927\u5927\u7684\u5c06\n|-activate|p2a: \u5927\u5927\u7684\u5c06|move: Protect\n|move|p1b: Ursaluna|Hyper Voice|p2b: \u5976\u5976\u7684\u9f99|[spread] p2b\n|-activate|p2a: \u5927\u5927\u7684\u5c06|move: Protect\n|-damage|p2b: \u5976\u5976\u7684\u9f99|80\/100\n|-enditem|p1b: Ursaluna|Throat Spray\n|-boost|p1b: Ursaluna|spa|1|[from] item: Throat Spray\n|\n|upkeep\n|turn|4\n|\n|t:|1732071945\n|switch|p2a: \u5bcc\u5bcc\u7684\u8c6a|Gholdengo, L50, tera:Steel|100\/100\n|move|p2b: \u5976\u5976\u7684\u9f99|Protect|p2b: \u5976\u5976\u7684\u9f99\n|-singleturn|p2b: \u5976\u5976\u7684\u9f99|Protect\n|move|p1a: Dusclops|Will-O-Wisp|p2b: \u5976\u5976\u7684\u9f99\n|-activate|p2b: \u5976\u5976\u7684\u9f99|move: Protect\n|move|p1b: Ursaluna|Earth Power|p2a: \u5bcc\u5bcc\u7684\u8c6a\n|-supereffective|p2a: \u5bcc\u5bcc\u7684\u8c6a\n|-damage|p2a: \u5bcc\u5bcc\u7684\u8c6a|0 fnt\n|faint|p2a: \u5bcc\u5bcc\u7684\u8c6a\n|\n|upkeep\n|\n|t:|1732071951\n|switch|p2a: \u5927\u5927\u7684\u5c06|Kingambit, L50, M|100\/100\n|turn|5\n|\n|t:|1732071969\n|move|p2a: \u5927\u5927\u7684\u5c06|Protect|p2a: \u5927\u5927\u7684\u5c06\n|-singleturn|p2a: \u5927\u5927\u7684\u5c06|Protect\n|move|p2b: \u5976\u5976\u7684\u9f99|Extreme Speed|p1b: Ursaluna\n|-damage|p1b: Ursaluna|86\/100\n|move|p1a: Dusclops|Will-O-Wisp|p2b: \u5976\u5976\u7684\u9f99\n|-status|p2b: \u5976\u5976\u7684\u9f99|brn\n|move|p1b: Ursaluna|Earth Power|p2a: \u5927\u5927\u7684\u5c06\n|-activate|p2a: \u5927\u5927\u7684\u5c06|move: Protect\n|\n|-damage|p2b: \u5976\u5976\u7684\u9f99|74\/100 brn|[from] brn\n|upkeep\n|turn|6\n|\n|t:|1732071981\n|switch|p2a: \u897f\u897f\u7684\u65bd|Primarina, L50, F, shiny|100\/100\n|-status|p2a: \u897f\u897f\u7684\u65bd|psn\n|move|p1a: Dusclops|Night Shade|p2a: \u897f\u897f\u7684\u65bd\n|-damage|p2a: \u897f\u897f\u7684\u65bd|74\/100 psn\n|move|p1b: Ursaluna|Earth Power|p2a: \u897f\u897f\u7684\u65bd\n|-damage|p2a: \u897f\u897f\u7684\u65bd|2\/100 psn\n|-enditem|p2a: \u897f\u897f\u7684\u65bd|Sitrus Berry|[eat]\n|-heal|p2a: \u897f\u897f\u7684\u65bd|26\/100 psn|[from] item: Sitrus Berry\n|move|p2b: \u5976\u5976\u7684\u9f99|Scale Shot|p1b: Ursaluna\n|-damage|p1b: Ursaluna|82\/100\n|-damage|p1b: Ursaluna|79\/100\n|-damage|p1b: Ursaluna|75\/100\n|-damage|p1b: Ursaluna|71\/100\n|-damage|p1b: Ursaluna|68\/100\n|-hitcount|p1b: Ursaluna|5\n|-unboost|p2b: \u5976\u5976\u7684\u9f99|def|1\n|-boost|p2b: \u5976\u5976\u7684\u9f99|spe|1\n|\n|-damage|p2a: \u897f\u897f\u7684\u65bd|14\/100 psn|[from] psn\n|-damage|p2b: \u5976\u5976\u7684\u9f99|68\/100 brn|[from] brn\n|-fieldend|move: Trick Room\n|upkeep\n|turn|7\n|\n|t:|1732072000\n|move|p1b: Ursaluna|Protect|p1b: Ursaluna\n|-singleturn|p1b: Ursaluna|Protect\n|move|p2b: \u5976\u5976\u7684\u9f99|Scale Shot|p1a: Dusclops\n|-damage|p1a: Dusclops|82\/100\n|-damage|p1a: Dusclops|79\/100\n|-damage|p1a: Dusclops|76\/100\n|-damage|p1a: Dusclops|73\/100\n|-damage|p1a: Dusclops|69\/100\n|-hitcount|p1a: Dusclops|5\n|-unboost|p2b: \u5976\u5976\u7684\u9f99|def|1\n|-boost|p2b: \u5976\u5976\u7684\u9f99|spe|1\n|move|p2a: \u897f\u897f\u7684\u65bd|Hyper Voice|p1a: Dusclops|[spread] p1a\n|-activate|p1b: Ursaluna|move: Protect\n|-damage|p1a: Dusclops|58\/100\n|move|p1a: Dusclops|Trick Room|p1a: Dusclops\n|-fieldstart|move: Trick Room|[of] p1a: Dusclops\n|\n|-damage|p2a: \u897f\u897f\u7684\u65bd|2\/100 psn|[from] psn\n|-damage|p2b: \u5976\u5976\u7684\u9f99|62\/100 brn|[from] brn\n|upkeep\n|turn|8\n|\n|t:|1732072010\n|move|p2b: \u5976\u5976\u7684\u9f99|Protect|p2b: \u5976\u5976\u7684\u9f99\n|-singleturn|p2b: \u5976\u5976\u7684\u9f99|Protect\n|move|p1a: Dusclops|Night Shade|p2b: \u5976\u5976\u7684\u9f99\n|-activate|p2b: \u5976\u5976\u7684\u9f99|move: Protect\n|move|p1b: Ursaluna|Hyper Voice|p2b: \u5976\u5976\u7684\u9f99|[spread] p2a\n|-activate|p2b: \u5976\u5976\u7684\u9f99|move: Protect\n|-damage|p2a: \u897f\u897f\u7684\u65bd|0 fnt\n|faint|p2a: \u897f\u897f\u7684\u65bd\n|\n|-damage|p2b: \u5976\u5976\u7684\u9f99|56\/100 brn|[from] brn\n|-sideend|p1: VGCLTH Rain|move: Light Screen\n|upkeep\n|\n|t:|1732072012\n|switch|p2a: \u5927\u5927\u7684\u5c06|Kingambit, L50, M|100\/100\n|turn|9\n|\n|t:|1732072027\n|move|p1a: Dusclops|Will-O-Wisp|p2a: \u5927\u5927\u7684\u5c06\n|-status|p2a: \u5927\u5927\u7684\u5c06|brn\n|move|p1b: Ursaluna|Earth Power|p2a: \u5927\u5927\u7684\u5c06\n|-supereffective|p2a: \u5927\u5927\u7684\u5c06\n|-enditem|p2a: \u5927\u5927\u7684\u5c06|Focus Sash\n|-damage|p2a: \u5927\u5927\u7684\u5c06|1\/100 brn\n|move|p2a: \u5927\u5927\u7684\u5c06|Low Kick|p1b: Ursaluna\n|-supereffective|p1b: Ursaluna\n|-damage|p1b: Ursaluna|45\/100\n|move|p2b: \u5976\u5976\u7684\u9f99|Scale Shot|p1b: Ursaluna\n|-damage|p1b: Ursaluna|41\/100\n|-damage|p1b: Ursaluna|37\/100\n|-damage|p1b: Ursaluna|33\/100\n|-damage|p1b: Ursaluna|30\/100\n|-damage|p1b: Ursaluna|26\/100\n|-hitcount|p1b: Ursaluna|5\n|-unboost|p2b: \u5976\u5976\u7684\u9f99|def|1\n|-boost|p2b: \u5976\u5976\u7684\u9f99|spe|1\n|\n|-damage|p2a: \u5927\u5927\u7684\u5c06|0 fnt|[from] brn\n|faint|p2a: \u5927\u5927\u7684\u5c06\n|-damage|p2b: \u5976\u5976\u7684\u9f99|50\/100 brn|[from] brn\n|-sideend|p1: VGCLTH Rain|Reflect\n|upkeep\n|turn|10\n|-message|qiyeO.o forfeited.\n|\n|win|VGCLTH Rain\n|raw|VGCLTH Rain's rating: 1769 &rarr; <strong>1788<\/strong><br \/>(+19 for winning)\n|raw|qiyeO.o's rating: 1756 &rarr; <strong>1737<\/strong><br \/>(-19 for losing)\n|l|\u2606qiyeO.o\n|player|p2|\n|l|\u2606VGCLTH Rain\n|player|p1|\n","uploadtime":1732072272,"views":15,"formatid":"gen9vgc2024regh","rating":1737,"private":0,"password":null}