{"id":"gen9vgc2024regh-2247546679","format":"[Gen 9] VGC 2024 Reg H","players":["Prometheus756","juacox300"],"log":"|j|\u2606Prometheus756\n|j|\u2606juacox300\n|t:|1732107685\n|gametype|doubles\n|player|p1|Prometheus756|gentleman-gen4dp|1677\n|player|p2|juacox300|unknown|1813\n|teamsize|p1|6\n|teamsize|p2|6\n|gen|9\n|tier|[Gen 9] VGC 2024 Reg H\n|rated|\n|rule|Species Clause: Limit one of each Pok\u00e9mon\n|rule|Item Clause: Limit 1 of each item\n|clearpoke\n|poke|p1|Sableye, L50, F|\n|poke|p1|Gliscor, L50, M|\n|poke|p1|Tyranitar, L50, M|\n|poke|p1|Excadrill, L50, M|\n|poke|p1|Incineroar, L50, M|\n|poke|p1|Corviknight, L50, F|\n|poke|p2|Ursaluna, L50, F|\n|poke|p2|Murkrow, L50, M|\n|poke|p2|Sneasler, L50, M|\n|poke|p2|Indeedee, L50, M|\n|poke|p2|Archaludon, L50, M|\n|poke|p2|Incineroar, L50, F|\n|teampreview|4\n|inactive|Battle timer is ON: inactive players will automatically lose when time's up. (requested by Prometheus756)\nPrometheus756 rejected open team sheets.\n|inactive|Prometheus756 has 60 seconds left.\n|inactive|juacox300 has 60 seconds left.\n|inactive|Prometheus756 has 30 seconds left.\n|inactive|juacox300 has 30 seconds left.\n|\n|t:|1732107756\n|start\n|switch|p1a: Sableye|Sableye, L50, F|100\/100\n|switch|p1b: Incineroar|Incineroar, L50, M|100\/100\n|switch|p2a: Archaludon|Archaludon, L50, M, shiny|100\/100\n|switch|p2b: Murkrow|Murkrow, L50, M|100\/100\n|-ability|p1b: Incineroar|Intimidate|boost\n|-unboost|p2a: Archaludon|atk|1\n|-unboost|p2b: Murkrow|atk|1\n|turn|1\n|\n|t:|1732107773\n|move|p1b: Incineroar|Fake Out|p2b: Murkrow\n|-damage|p2b: Murkrow|85\/100\n|cant|p2b: Murkrow|flinch\n|move|p1a: Sableye|Light Screen|p1a: Sableye\n|-sidestart|p1: Prometheus756|move: Light Screen\n|move|p2a: Archaludon|Electro Shot||[still]\n|-prepare|p2a: Archaludon|Electro Shot\n|-boost|p2a: Archaludon|spa|1\n|-enditem|p2a: Archaludon|Power Herb\n|-anim|p2a: Archaludon|Electro Shot|p1b: Incineroar\n|-crit|p1b: Incineroar\n|-damage|p1b: Incineroar|27\/100\n|-enditem|p1b: Incineroar|Sitrus Berry|[eat]\n|-heal|p1b: Incineroar|51\/100|[from] item: Sitrus Berry\n|\n|upkeep\n|turn|2\n|inactive|Prometheus756 has 30 seconds left.\n|\n|t:|1732107806\n|move|p2b: Murkrow|Rain Dance|p2b: Murkrow\n|-weather|RainDance\n|move|p1a: Sableye|Disable|p2a: Archaludon\n|-start|p2a: Archaludon|Disable|Electro Shot\n|cant|p2a: Archaludon|Disable|Electro Shot\n|move|p1b: Incineroar|Parting Shot|p2a: Archaludon\n|-unboost|p2a: Archaludon|atk|1\n|-unboost|p2a: Archaludon|spa|1\n|\n|t:|1732107815\n|switch|p1b: Tyranitar|Tyranitar, L50, M|100\/100|[from] Parting Shot\n|-weather|Sandstorm|[from] ability: Sand Stream|[of] p1b: Tyranitar\n|\n|-weather|Sandstorm|[upkeep]\n|-damage|p2b: Murkrow|79\/100|[from] Sandstorm\n|-damage|p1a: Sableye|95\/100|[from] Sandstorm\n|upkeep\n|turn|3\n|inactive|juacox300 has 30 seconds left.\n|\n|t:|1732107841\n|switch|p2a: Tommau|Sneasler, L50, M|100\/100\n|switch|p2b: Alfred|Indeedee, L50, M, shiny|100\/100\n|-fieldstart|move: Psychic Terrain|[from] ability: Psychic Surge|[of] p2b: Alfred\n|-enditem|p2a: Tommau|Psychic Seed\n|-boost|p2a: Tommau|spd|1|[from] item: Psychic Seed\n|move|p1a: Sableye|Encore|p2a: Tommau\n|-activate|p2a: Tommau|move: Psychic Terrain\n|move|p1b: Tyranitar|Low Kick|p2a: Tommau\n|-resisted|p2a: Tommau\n|-damage|p2a: Tommau|80\/100\n|\n|-weather|Sandstorm|[upkeep]\n|-damage|p2a: Tommau|74\/100|[from] Sandstorm\n|-damage|p2b: Alfred|95\/100|[from] Sandstorm\n|-damage|p1a: Sableye|89\/100|[from] Sandstorm\n|upkeep\n|turn|4\n|\n|t:|1732107857\n|switch|p1b: Incineroar|Incineroar, L50, M|51\/100\n|-ability|p1b: Incineroar|Intimidate|boost\n|-unboost|p2a: Tommau|atk|1\n|-unboost|p2b: Alfred|atk|1\n|move|p2a: Tommau|Protect|p2a: Tommau\n|-singleturn|p2a: Tommau|Protect\n|move|p1a: Sableye|Reflect|p1a: Sableye\n|-sidestart|p1: Prometheus756|Reflect\n|move|p2b: Alfred|Trick|p1a: Sableye\n|-activate|p2b: Alfred|move: Trick|[of] p1a: Sableye\n|-item|p1a: Sableye|Choice Scarf|[from] move: Trick\n|-item|p2b: Alfred|Light Clay|[from] move: Trick\n|\n|-weather|Sandstorm|[upkeep]\n|-damage|p2a: Tommau|68\/100|[from] Sandstorm\n|-damage|p2b: Alfred|89\/100|[from] Sandstorm\n|-damage|p1a: Sableye|83\/100|[from] Sandstorm\n|-damage|p1b: Incineroar|46\/100|[from] Sandstorm\n|upkeep\n|turn|5\n|inactive|Prometheus756 has 30 seconds left.\n|inactive|Prometheus756 has 20 seconds left.\n|\n|t:|1732107894\n|switch|p2a: Archaludon|Archaludon, L50, M, shiny|100\/100\n|switch|p2b: Murkrow|Murkrow, L50, M|79\/100\n|switch|p1a: Tyranitar|Tyranitar, L50, M|100\/100\n|move|p1b: Incineroar|Flare Blitz|p2b: Murkrow\n|-damage|p2b: Murkrow|23\/100\n|-damage|p1b: Incineroar|31\/100|[from] Recoil\n|\n|-weather|Sandstorm|[upkeep]\n|-damage|p2b: Murkrow|17\/100|[from] Sandstorm\n|-damage|p1b: Incineroar|25\/100|[from] Sandstorm\n|upkeep\n|turn|6\n|inactive|Prometheus756 has 30 seconds left.\n|inactive|Prometheus756 has 20 seconds left.\n|inactive|Prometheus756 has 15 seconds left.\n|inactive|Prometheus756 has 10 seconds left.\n|inactive|Prometheus756 has 5 seconds left.\n|\n|t:|1732107946\n|-terastallize|p1a: Tyranitar|Flying\n|move|p2b: Murkrow|Rain Dance|p2b: Murkrow\n|-weather|RainDance\n|move|p2a: Archaludon|Electro Shot||[still]\n|-prepare|p2a: Archaludon|Electro Shot\n|-boost|p2a: Archaludon|spa|1\n|-anim|p2a: Archaludon|Electro Shot|p1b: Incineroar\n|-damage|p1b: Incineroar|0 fnt\n|faint|p1b: Incineroar\n|move|p1a: Tyranitar|Knock Off|p2b: Murkrow\n|-resisted|p2b: Murkrow\n|-damage|p2b: Murkrow|0 fnt\n|-enditem|p2b: Murkrow|Eviolite|[from] move: Knock Off|[of] p1a: Tyranitar\n|faint|p2b: Murkrow\n|\n|-weather|RainDance|[upkeep]\n|upkeep\n|\n|t:|1732107961\n|switch|p2b: Tommau|Sneasler, L50, M|68\/100\n|switch|p1b: Sableye|Sableye, L50, F|83\/100\n|turn|7\n|\n|t:|1732107972\n|switch|p1a: Excadrill|Excadrill, L50, M|100\/100\n|move|p1b: Sableye|Light Screen||[still]\n|-fail|p1b: Sableye\n|move|p2b: Tommau|Dire Claw|p1b: Sableye\n|-resisted|p1b: Sableye\n|-damage|p1b: Sableye|63\/100\n|move|p2a: Archaludon|Electro Shot||[still]\n|-prepare|p2a: Archaludon|Electro Shot\n|-boost|p2a: Archaludon|spa|1\n|-anim|p2a: Archaludon|Electro Shot|p1a: Excadrill\n|-immune|p1a: Excadrill\n|\n|-weather|RainDance|[upkeep]\n|-fieldend|move: Psychic Terrain\n|upkeep\n|turn|8\n|\n|t:|1732107990\n|switch|p2b: Alfred|Indeedee, L50, M, shiny|89\/100\n|-fieldstart|move: Psychic Terrain|[from] ability: Psychic Surge|[of] p2b: Alfred\n|switch|p1b: Tyranitar|Tyranitar, L50, M, tera:Flying|100\/100\n|-weather|Sandstorm|[from] ability: Sand Stream|[of] p1b: Tyranitar\n|-terastallize|p2a: Archaludon|Fairy\n|move|p1a: Excadrill|Earthquake|p2a: Archaludon|[spread] p2a,p2b\n|-immune|p1b: Tyranitar\n|-damage|p2a: Archaludon|70\/100\n|-damage|p2b: Alfred|0 fnt\n|-ability|p2a: Archaludon|Stamina|boost\n|-boost|p2a: Archaludon|def|1\n|faint|p2b: Alfred\n|move|p2a: Archaludon|Electro Shot||[still]\n|-prepare|p2a: Archaludon|Electro Shot\n|-boost|p2a: Archaludon|spa|1\n|\n|-weather|Sandstorm|[upkeep]\n|-damage|p2a: Archaludon|64\/100|[from] Sandstorm\n|-damage|p1b: Tyranitar|95\/100|[from] Sandstorm\n|-sideend|p1: Prometheus756|move: Light Screen\n|upkeep\n|\n|t:|1732107997\n|switch|p2b: Tommau|Sneasler, L50, M|68\/100\n|turn|9\n|inactive|Prometheus756 has 30 seconds left.\n|\n|t:|1732108030\n|switch|p1b: Sableye|Sableye, L50, F|63\/100\n|move|p2b: Tommau|Protect|p2b: Tommau\n|-singleturn|p2b: Tommau|Protect\n|move|p1a: Excadrill|Earthquake|p2a: Archaludon|[spread] p1b,p2a\n|-activate|p2b: Tommau|move: Protect\n|-damage|p1b: Sableye|26\/100\n|-damage|p2a: Archaludon|42\/100\n|-ability|p2a: Archaludon|Stamina|boost\n|-boost|p2a: Archaludon|def|1\n|move|p2a: Archaludon|Electro Shot|p1b: Sableye|[from]lockedmove\n|-damage|p1b: Sableye|0 fnt\n|faint|p1b: Sableye\n|\n|-weather|Sandstorm|[upkeep]\n|-damage|p2b: Tommau|62\/100|[from] Sandstorm\n|-damage|p2a: Archaludon|36\/100|[from] Sandstorm\n|upkeep\n|\n|t:|1732108035\n|switch|p1b: Tyranitar|Tyranitar, L50, M, tera:Flying|95\/100\n|turn|10\n|\n|t:|1732108043\n|move|p1a: Excadrill|Earthquake|p2b: Tommau|[spread] p2a,p2b\n|-immune|p1b: Tyranitar\n|-supereffective|p2b: Tommau\n|-damage|p2a: Archaludon|19\/100\n|-damage|p2b: Tommau|0 fnt\n|-ability|p2a: Archaludon|Stamina|boost\n|-boost|p2a: Archaludon|def|1\n|faint|p2b: Tommau\n|move|p2a: Archaludon|Draco Meteor|p1a: Excadrill\n|-resisted|p1a: Excadrill\n|-enditem|p1a: Excadrill|Focus Sash\n|-damage|p1a: Excadrill|1\/100\n|-unboost|p2a: Archaludon|spa|2\n|move|p1b: Tyranitar|Tera Blast|p2a: Archaludon|[anim] Tera Blast Flying\n|-damage|p2a: Archaludon|5\/100\n|-ability|p2a: Archaludon|Stamina|boost\n|-boost|p2a: Archaludon|def|1\n|\n|-weather|Sandstorm|[upkeep]\n|-damage|p2a: Archaludon|0 fnt|[from] Sandstorm\n|-damage|p1b: Tyranitar|89\/100|[from] Sandstorm\n|faint|p2a: Archaludon\n|\n|win|Prometheus756\n|upkeep\n|raw|Prometheus756's rating: 1677 &rarr; <strong>1704<\/strong><br \/>(+27 for winning)\n|raw|juacox300's rating: 1813 &rarr; <strong>1786<\/strong><br \/>(-27 for losing)\n|l|\u2606juacox300\n|player|p2|\n|c|\u2606Prometheus756|Gg\n|l|\u2606Prometheus756\n|player|p1|\n","uploadtime":1732108231,"views":12,"formatid":"gen9vgc2024regh","rating":1704,"private":0,"password":null}