{"id":"gen9vgc2024regh-2247073876","format":"[Gen 9] VGC 2024 Reg H","players":["VGCLTH HUH","sadio money"],"log":"|raw|<div class=\"broadcast-blue\"><strong>This battle is required to be public due to a player having a name starting with 'vgclth'.<\/div>\n|j|\u2606VGCLTH HUH\n|j|\u2606sadio money\n|t:|1732043415\n|gametype|doubles\n|player|p1|VGCLTH HUH|medium|1735\n|player|p2|sadio money|battlegirl-gen4|1747\n|teamsize|p1|6\n|teamsize|p2|6\n|gen|9\n|tier|[Gen 9] VGC 2024 Reg H\n|rated|\n|rule|Species Clause: Limit one of each Pok\u00e9mon\n|rule|Item Clause: Limit 1 of each item\n|clearpoke\n|poke|p1|Dragonite, L50, F|\n|poke|p1|Ursaluna-Bloodmoon, L50, M|\n|poke|p1|Dondozo, L50, M|\n|poke|p1|Gholdengo, L50|\n|poke|p1|Volcarona, L50, F|\n|poke|p1|Archaludon, L50, M|\n|poke|p2|Sneasler, L50, F|\n|poke|p2|Dragonite, L50, M|\n|poke|p2|Kingambit, L50, M|\n|poke|p2|Electabuzz, L50, M|\n|poke|p2|Volcarona, L50, F|\n|poke|p2|Rillaboom, L50, F|\n|teampreview|4\n|inactive|Battle timer is ON: inactive players will automatically lose when time's up. (requested by VGCLTH HUH)\n|inactive|VGCLTH HUH has 60 seconds left.\n|inactive|sadio money has 60 seconds left.\n|\n|t:|1732043467\n|start\n|switch|p1a: Ursaluna|Ursaluna-Bloodmoon, L50, M|100\/100\n|switch|p1b: Dragonite|Dragonite, L50, F|100\/100\n|switch|p2a: Electabuzz|Electabuzz, L50, M|100\/100\n|switch|p2b: Volcarona|Volcarona, L50, F|100\/100\n|turn|1\n|\n|t:|1732043479\n|-terastallize|p1a: Ursaluna|Normal\n|move|p2a: Electabuzz|Follow Me|p2a: Electabuzz\n|-singleturn|p2a: Electabuzz|move: Follow Me\n|move|p2b: Volcarona|Quiver Dance|p2b: Volcarona\n|-boost|p2b: Volcarona|spa|1\n|-boost|p2b: Volcarona|spd|1\n|-boost|p2b: Volcarona|spe|1\n|move|p1b: Dragonite|Scale Shot|p2a: Electabuzz\n|-damage|p2a: Electabuzz|89\/100\n|-damage|p2a: Electabuzz|79\/100\n|-damage|p2a: Electabuzz|68\/100\n|-damage|p2a: Electabuzz|57\/100\n|-damage|p2a: Electabuzz|46\/100\n|-hitcount|p2a: Electabuzz|5\n|-unboost|p1b: Dragonite|def|1\n|-boost|p1b: Dragonite|spe|1\n|move|p1a: Ursaluna|Blood Moon|p2a: Electabuzz\n|-damage|p2a: Electabuzz|0 fnt\n|faint|p2a: Electabuzz\n|\n|upkeep\n|\n|t:|1732043484\n|switch|p2a: Dragonite|Dragonite, L50, M|100\/100\n|turn|2\n|\n|t:|1732043505\n|-terastallize|p2a: Dragonite|Steel\n|move|p2b: Volcarona|Heat Wave|p1b: Dragonite|[spread] p1a,p1b\n|-resisted|p1b: Dragonite\n|-damage|p1a: Ursaluna|66\/100\n|-damage|p1b: Dragonite|86\/100\n|-status|p1a: Ursaluna|brn\n|move|p1b: Dragonite|Scale Shot|p2b: Volcarona\n|-damage|p2b: Volcarona|85\/100\n|-damage|p2b: Volcarona|69\/100\n|-damage|p2b: Volcarona|53\/100\n|-damage|p2b: Volcarona|37\/100\n|-hitcount|p2b: Volcarona|4\n|-unboost|p1b: Dragonite|def|1\n|-boost|p1b: Dragonite|spe|1\n|move|p2a: Dragonite|Scale Shot|p1a: Ursaluna\n|-damage|p1a: Ursaluna|56\/100 brn\n|-damage|p1a: Ursaluna|45\/100 brn\n|-damage|p1a: Ursaluna|34\/100 brn\n|-damage|p1a: Ursaluna|24\/100 brn\n|-hitcount|p1a: Ursaluna|4\n|-unboost|p2a: Dragonite|def|1\n|-boost|p2a: Dragonite|spe|1\n|move|p1a: Ursaluna|Hyper Voice|p2a: Dragonite|[spread] p2a,p2b\n|-resisted|p2a: Dragonite\n|-damage|p2a: Dragonite|87\/100\n|-damage|p2b: Volcarona|10\/100\n|\n|-heal|p2b: Volcarona|17\/100|[from] item: Leftovers\n|-damage|p1a: Ursaluna|18\/100 brn|[from] brn\n|upkeep\n|turn|3\n|inactive|sadio money has 30 seconds left.\n|\n|t:|1732043532\n|move|p2b: Volcarona|Protect|p2b: Volcarona\n|-singleturn|p2b: Volcarona|Protect\n|move|p1b: Dragonite|Low Kick|p2a: Dragonite\n|-supereffective|p2a: Dragonite\n|-damage|p2a: Dragonite|0 fnt\n|faint|p2a: Dragonite\n|move|p1a: Ursaluna|Hyper Voice|p2b: Volcarona\n|-activate|p2b: Volcarona|move: Protect\n|\n|-heal|p2b: Volcarona|23\/100|[from] item: Leftovers\n|-damage|p1a: Ursaluna|12\/100 brn|[from] brn\n|upkeep\n|\n|t:|1732043537\n|switch|p2a: Rillaboom|Rillaboom, L50, F|100\/100\n|-fieldstart|move: Grassy Terrain|[from] ability: Grassy Surge|[of] p2a: Rillaboom\n|turn|4\n|\n|t:|1732043547\n|move|p1b: Dragonite|Protect|p1b: Dragonite\n|-singleturn|p1b: Dragonite|Protect\n|move|p2a: Rillaboom|Fake Out|p1b: Dragonite\n|-activate|p1b: Dragonite|move: Protect\n|move|p2b: Volcarona|Heat Wave|p1b: Dragonite|[spread] \n|-activate|p1b: Dragonite|move: Protect\n|-miss|p2b: Volcarona|p1a: Ursaluna\n|move|p1a: Ursaluna|Hyper Voice|p2a: Rillaboom|[spread] p2a,p2b\n|-damage|p2a: Rillaboom|73\/100\n|-damage|p2b: Volcarona|0 fnt\n|faint|p2b: Volcarona\n|\n|-heal|p2a: Rillaboom|79\/100|[from] Grassy Terrain\n|-heal|p1a: Ursaluna|18\/100 brn|[from] Grassy Terrain\n|-damage|p1a: Ursaluna|12\/100 brn|[from] brn\n|upkeep\n|turn|5\n|-message|sadio money forfeited.\n|\n|win|VGCLTH HUH\n|raw|VGCLTH HUH's rating: 1735 &rarr; <strong>1756<\/strong><br \/>(+21 for winning)\n|raw|sadio money's rating: 1747 &rarr; <strong>1726<\/strong><br \/>(-21 for losing)\n|l|\u2606sadio money\n|player|p2|\n|l|\u2606VGCLTH HUH\n|player|p1|\n|j| futonkagebunshin\n","uploadtime":1732043559,"views":15,"formatid":"gen9vgc2024regh","rating":1726,"private":0,"password":null}