{"id":"gen9vgc2024regh-2247259642","format":"[Gen 9] VGC 2024 Reg H","players":["karamingo","vgclth chromate"],"log":"|raw|<div class=\"broadcast-blue\"><strong>This battle is required to be public due to a player having a name starting with 'vgclth'.<\/div>\n|j|\u2606karamingo\n|j|\u2606vgclth chromate\n|t:|1732062603\n|gametype|doubles\n|player|p1|karamingo|101|1806\n|player|p2|vgclth chromate|allister|1889\n|teamsize|p1|6\n|teamsize|p2|6\n|gen|9\n|tier|[Gen 9] VGC 2024 Reg H\n|rated|\n|rule|Species Clause: Limit one of each Pok\u00e9mon\n|rule|Item Clause: Limit 1 of each item\n|clearpoke\n|poke|p1|Ursaluna-Bloodmoon, L50, M|\n|poke|p1|Torkoal, L50, F|\n|poke|p1|Farigiraf, L50, M|\n|poke|p1|Smeargle, L50, F|\n|poke|p1|Indeedee-F, L50, F|\n|poke|p1|Hatterene, L50, F|\n|poke|p2|Archaludon, L50, F|\n|poke|p2|Pelipper, L50, M|\n|poke|p2|Basculegion, L50, M|\n|poke|p2|Gholdengo, L50|\n|poke|p2|Incineroar, L50, F|\n|poke|p2|Amoonguss, L50, M|\n|teampreview|4\n|\n|t:|1732062613\n|start\n|switch|p1a: Indeedee|Indeedee-F, L50, F|100\/100\n|switch|p1b: Hatterene|Hatterene, L50, F|100\/100\n|switch|p2a: Incineroar|Incineroar, L50, F|100\/100\n|switch|p2b: Amoonguss|Amoonguss, L50, M|100\/100\n|-ability|p2a: Incineroar|Intimidate|boost\n|-unboost|p1a: Indeedee|atk|1\n|-unboost|p1b: Hatterene|atk|1\n|-fieldstart|move: Psychic Terrain|[from] ability: Psychic Surge|[of] p1a: Indeedee\n|-enditem|p1a: Indeedee|Psychic Seed\n|-boost|p1a: Indeedee|spd|1|[from] item: Psychic Seed\n|turn|1\n|\n|t:|1732062629\n|-terastallize|p1a: Indeedee|Grass\n|-terastallize|p2b: Amoonguss|Water\n|move|p1a: Indeedee|Follow Me|p1a: Indeedee\n|-singleturn|p1a: Indeedee|move: Follow Me\n|move|p2a: Incineroar|Knock Off|p1a: Indeedee\n|-damage|p1a: Indeedee|71\/100\n|move|p2b: Amoonguss|Spore|p1a: Indeedee\n|-immune|p1a: Indeedee\n|move|p1b: Hatterene|Trick Room|p1b: Hatterene\n|-fieldstart|move: Trick Room|[of] p1b: Hatterene\n|\n|upkeep\n|turn|2\n|j| volcaronavgc\n|\n|t:|1732062648\n|move|p1a: Indeedee|Follow Me|p1a: Indeedee\n|-singleturn|p1a: Indeedee|move: Follow Me\n|move|p1b: Hatterene|Dazzling Gleam|p2b: Amoonguss|[spread] p2a,p2b\n|-damage|p2a: Incineroar|64\/100\n|-damage|p2b: Amoonguss|68\/100\n|move|p2b: Amoonguss|Pollen Puff|p1a: Indeedee\n|-supereffective|p1a: Indeedee\n|-damage|p1a: Indeedee|46\/100\n|move|p2a: Incineroar|Knock Off|p1a: Indeedee\n|-damage|p1a: Indeedee|17\/100\n|\n|upkeep\n|turn|3\n|\n|t:|1732062666\n|switch|p2a: Gholdengo|Gholdengo, L50|100\/100\n|move|p1a: Indeedee|Helping Hand|p1b: Hatterene\n|-singleturn|p1b: Hatterene|Helping Hand|[of] p1a: Indeedee\n|move|p2b: Amoonguss|Protect|p2b: Amoonguss\n|-singleturn|p2b: Amoonguss|Protect\n|move|p1b: Hatterene|Expanding Force|p2b: Amoonguss|[spread] p2a\n|-activate|p2b: Amoonguss|move: Protect\n|-resisted|p2a: Gholdengo\n|-damage|p2a: Gholdengo|39\/100\n|\n|upkeep\n|turn|4\n|\n|t:|1732062680\n|switch|p2a: Incineroar|Incineroar, L50, F|64\/100\n|-ability|p2a: Incineroar|Intimidate|boost\n|-unboost|p1a: Indeedee|atk|1\n|-unboost|p1b: Hatterene|atk|1\n|move|p1a: Indeedee|Helping Hand|p1b: Hatterene\n|-singleturn|p1b: Hatterene|Helping Hand|[of] p1a: Indeedee\n|move|p1b: Hatterene|Expanding Force|p2b: Amoonguss|[spread] p2b\n|-immune|p2a: Incineroar\n|-damage|p2b: Amoonguss|0 fnt\n|faint|p2b: Amoonguss\n|\n|upkeep\n|\n|t:|1732062689\n|switch|p2b: Gholdengo|Gholdengo, L50|39\/100\n|turn|5\n|\n|t:|1732062701\n|move|p2b: Gholdengo|Protect|p2b: Gholdengo\n|-singleturn|p2b: Gholdengo|Protect\n|move|p2a: Incineroar|Knock Off|p1b: Hatterene\n|-damage|p1b: Hatterene|47\/100\n|-enditem|p1b: Hatterene|Covert Cloak|[from] move: Knock Off|[of] p2a: Incineroar\n|move|p1b: Hatterene|Trick Room|p1b: Hatterene\n|-fieldend|move: Trick Room\n|move|p1a: Indeedee|Trick Room|p1a: Indeedee\n|-fieldstart|move: Trick Room|[of] p1a: Indeedee\n|\n|-fieldend|move: Psychic Terrain\n|upkeep\n|turn|6\n|\n|t:|1732062718\n|move|p1a: Indeedee|Helping Hand|p1b: Hatterene\n|-singleturn|p1b: Hatterene|Helping Hand|[of] p1a: Indeedee\n|move|p2b: Gholdengo|Protect||[still]\n|-fail|p2b: Gholdengo\n|move|p1b: Hatterene|Dazzling Gleam|p2a: Incineroar|[spread] p2a,p2b\n|-resisted|p2b: Gholdengo\n|-damage|p2a: Incineroar|9\/100\n|-damage|p2b: Gholdengo|7\/100\n|move|p2a: Incineroar|Parting Shot|p1a: Indeedee\n|-unboost|p1a: Indeedee|atk|1\n|-unboost|p1a: Indeedee|spa|1\n|\n|t:|1732062725\n|switch|p2a: Pelipper|Pelipper, L50, M|100\/100|[from] Parting Shot\n|-weather|RainDance|[from] ability: Drizzle|[of] p2a: Pelipper\n|\n|-weather|RainDance|[upkeep]\n|upkeep\n|turn|7\n|\n|t:|1732062739\n|switch|p2a: Incineroar|Incineroar, L50, F|9\/100\n|-ability|p2a: Incineroar|Intimidate|boost\n|-unboost|p1a: Indeedee|atk|1\n|-unboost|p1b: Hatterene|atk|1\n|move|p2b: Gholdengo|Protect|p2b: Gholdengo\n|-singleturn|p2b: Gholdengo|Protect\n|move|p1b: Hatterene|Dazzling Gleam|p2a: Incineroar|[spread] p2a\n|-activate|p2b: Gholdengo|move: Protect\n|-damage|p2a: Incineroar|0 fnt\n|faint|p2a: Incineroar\n|move|p1a: Indeedee|Psychic|p2b: Gholdengo\n|-activate|p2b: Gholdengo|move: Protect\n|\n|-weather|RainDance|[upkeep]\n|upkeep\n|\n|t:|1732062742\n|switch|p2a: Pelipper|Pelipper, L50, M|100\/100\n|turn|8\n|\n|t:|1732062748\n|move|p2a: Pelipper|Protect|p2a: Pelipper\n|-singleturn|p2a: Pelipper|Protect\n|move|p2b: Gholdengo|Protect|p2b: Gholdengo\n|-singleturn|p2b: Gholdengo|Protect\n|move|p1b: Hatterene|Expanding Force|p2b: Gholdengo\n|-activate|p2b: Gholdengo|move: Protect\n|move|p1a: Indeedee|Psychic|p2a: Pelipper\n|-activate|p2a: Pelipper|move: Protect\n|\n|-weather|RainDance|[upkeep]\n|upkeep\n|turn|9\n|\n|t:|1732062755\n|move|p2a: Pelipper|Protect|p2a: Pelipper\n|-singleturn|p2a: Pelipper|Protect\n|move|p2b: Gholdengo|Protect||[still]\n|-fail|p2b: Gholdengo\n|move|p1b: Hatterene|Dazzling Gleam|p2b: Gholdengo|[spread] p2b\n|-activate|p2a: Pelipper|move: Protect\n|-resisted|p2b: Gholdengo\n|-crit|p2b: Gholdengo\n|-damage|p2b: Gholdengo|0 fnt\n|faint|p2b: Gholdengo\n|move|p1a: Indeedee|Psychic|p2a: Pelipper\n|-activate|p2a: Pelipper|move: Protect\n|\n|-weather|RainDance|[upkeep]\n|-fieldend|move: Trick Room\n|upkeep\n|turn|10\n|-message|vgclth chromate forfeited.\n|\n|win|karamingo\n|raw|karamingo's rating: 1806 &rarr; <strong>1831<\/strong><br \/>(+25 for winning)\n|raw|vgclth chromate's rating: 1889 &rarr; <strong>1864<\/strong><br \/>(-25 for losing)\n|l|\u2606vgclth chromate\n|player|p2|\n|l| volcaronavgc\n","uploadtime":1732062777,"views":115,"formatid":"gen9vgc2024regh","rating":1831,"private":0,"password":null}