{"id":"gen9vgc2024regh-2247365848","format":"[Gen 9] VGC 2024 Reg H","players":["CarryTheBoats","winterbreak"],"log":"|j|\u2606CarryTheBoats\n|j|\u2606winterbreak\n|t:|1732076136\n|gametype|doubles\n|player|p1|CarryTheBoats|crasherwake|1767\n|player|p2|winterbreak|lucas-gen4pt|1895\n|teamsize|p1|6\n|teamsize|p2|6\n|gen|9\n|tier|[Gen 9] VGC 2024 Reg H\n|rated|\n|rule|Species Clause: Limit one of each Pok\u00e9mon\n|rule|Item Clause: Limit 1 of each item\n|clearpoke\n|poke|p1|Archaludon, L50, F|\n|poke|p1|Pelipper, L50, M|\n|poke|p1|Basculegion, L50, M|\n|poke|p1|Dragonite, L50, F|\n|poke|p1|Incineroar, L50, F|\n|poke|p1|Amoonguss, L50, M|\n|poke|p2|Annihilape, L50, M|\n|poke|p2|Smeargle, L50, F|\n|poke|p2|Sinistcha, L50|\n|poke|p2|Archaludon, L50, F|\n|poke|p2|Sableye, L50, M|\n|poke|p2|Ursaluna-Bloodmoon, L50, M|\n|teampreview|4\n|inactive|Battle timer is ON: inactive players will automatically lose when time's up. (requested by CarryTheBoats)\n|inactive|winterbreak has 60 seconds left.\n|\n|t:|1732076239\n|start\n|switch|p1a: Amoonguss|Amoonguss, L50, M|100\/100\n|switch|p1b: Incineroar|Incineroar, L50, F, shiny|100\/100\n|switch|p2a: Sableye|Sableye, L50, M|100\/100\n|switch|p2b: Archaludon|Archaludon, L50, F|100\/100\n|-ability|p1b: Incineroar|Intimidate|boost\n|-unboost|p2a: Sableye|atk|1\n|-unboost|p2b: Archaludon|atk|1\n|turn|1\n|\n|t:|1732076259\n|move|p2a: Sableye|Light Screen|p2a: Sableye\n|-sidestart|p2: winterbreak|move: Light Screen\n|move|p2b: Archaludon|Stealth Rock|p1a: Amoonguss\n|-sidestart|p1: CarryTheBoats|move: Stealth Rock\n|move|p1b: Incineroar|Knock Off|p2b: Archaludon\n|-damage|p2b: Archaludon|71\/100\n|-ability|p2b: Archaludon|Stamina|boost\n|-boost|p2b: Archaludon|def|1\n|-enditem|p2b: Archaludon|Sitrus Berry|[from] move: Knock Off|[of] p1b: Incineroar\n|move|p1a: Amoonguss|Spore|p2b: Archaludon\n|-status|p2b: Archaludon|slp|[from] move: Spore\n|\n|upkeep\n|turn|2\n|\n|t:|1732076276\n|move|p2a: Sableye|Disable|p1a: Amoonguss\n|-start|p1a: Amoonguss|Disable|Spore\n|cant|p2b: Archaludon|slp\n|move|p1b: Incineroar|Parting Shot|p2b: Archaludon\n|-unboost|p2b: Archaludon|atk|1\n|-unboost|p2b: Archaludon|spa|1\n|\n|t:|1732076280\n|switch|p1b: Archaludon|Archaludon, L50, F, shiny|100\/100|[from] Parting Shot\n|-damage|p1b: Archaludon|94\/100|[from] Stealth Rock\n|cant|p1a: Amoonguss|Disable|Spore\n|\n|upkeep\n|turn|3\n|\n|t:|1732076301\n|move|p2a: Sableye|Will-O-Wisp|p1b: Archaludon\n|-status|p1b: Archaludon|brn\n|move|p1b: Archaludon|Dragon Pulse|p2b: Archaludon\n|-damage|p2b: Archaludon|47\/100 slp\n|-ability|p2b: Archaludon|Stamina|boost\n|-boost|p2b: Archaludon|def|1\n|cant|p2b: Archaludon|slp\n|move|p1a: Amoonguss|Pollen Puff|p1b: Archaludon\n|-heal|p1b: Archaludon|100\/100 brn\n|\n|-damage|p1b: Archaludon|94\/100 brn|[from] brn\n|upkeep\n|turn|4\n|\n|t:|1732076320\n|move|p2a: Sableye|Reflect|p2a: Sableye\n|-sidestart|p2: winterbreak|Reflect\n|move|p1b: Archaludon|Dragon Pulse|p2b: Archaludon\n|-damage|p2b: Archaludon|20\/100 slp\n|-ability|p2b: Archaludon|Stamina|boost\n|-boost|p2b: Archaludon|def|1\n|cant|p2b: Archaludon|slp\n|move|p1a: Amoonguss|Pollen Puff|p1b: Archaludon\n|-heal|p1b: Archaludon|100\/100 brn\n|\n|-damage|p1b: Archaludon|94\/100 brn|[from] brn\n|upkeep\n|turn|5\n|j| la bella de easo\n|\n|t:|1732076334\n|move|p2a: Sableye|Disable|p1b: Archaludon\n|-start|p1b: Archaludon|Disable|Dragon Pulse\n|cant|p1b: Archaludon|Disable|Dragon Pulse\n|-curestatus|p2b: Archaludon|slp|[msg]\n|move|p2b: Archaludon|Body Press|p1b: Archaludon\n|-supereffective|p1b: Archaludon\n|-damage|p1b: Archaludon|0 fnt\n|faint|p1b: Archaludon\n|move|p1a: Amoonguss|Sludge Bomb|p2a: Sableye\n|-resisted|p2a: Sableye\n|-damage|p2a: Sableye|89\/100\n|\n|-end|p1a: Amoonguss|Disable\n|upkeep\n|\n|t:|1732076338\n|switch|p1b: Pelipper|Pelipper, L50, M, shiny|100\/100\n|-damage|p1b: Pelipper|76\/100|[from] Stealth Rock\n|-weather|RainDance|[from] ability: Drizzle|[of] p1b: Pelipper\n|turn|6\n|j| number86\n|l| number86\n|inactive|winterbreak has 30 seconds left.\n|\n|t:|1732076366\n|move|p1a: Amoonguss|Rage Powder|p1a: Amoonguss\n|-singleturn|p1a: Amoonguss|move: Rage Powder\n|move|p2a: Sableye|Will-O-Wisp|p1a: Amoonguss\n|-status|p1a: Amoonguss|brn\n|move|p1b: Pelipper|Weather Ball|p2b: Archaludon\n|-resisted|p2b: Archaludon\n|-damage|p2b: Archaludon|0 fnt\n|faint|p2b: Archaludon\n|\n|-weather|RainDance|[upkeep]\n|-damage|p1a: Amoonguss|95\/100 brn|[from] brn\n|upkeep\n|inactive|winterbreak has 30 seconds left.\n|inactive|winterbreak has 20 seconds left.\n|j| number86\n|inactive|winterbreak has 15 seconds left.\n|\n|t:|1732076408\n|switch|p2b: Ursaluna|Ursaluna-Bloodmoon, L50, M|100\/100\n|turn|7\n|\n|t:|1732076420\n|-terastallize|p2b: Ursaluna|Fairy\n|-terastallize|p1a: Amoonguss|Steel\n|move|p1b: Pelipper|Protect|p1b: Pelipper\n|-singleturn|p1b: Pelipper|Protect\n|move|p2a: Sableye|Will-O-Wisp|p2b: Ursaluna\n|-status|p2b: Ursaluna|brn\n|move|p2b: Ursaluna|Hyper Voice|p1a: Amoonguss|[spread] p1a\n|-activate|p1b: Pelipper|move: Protect\n|-resisted|p1a: Amoonguss\n|-damage|p1a: Amoonguss|78\/100 brn\n|move|p1a: Amoonguss|Spore||[still]\n|-fail|p1a: Amoonguss\n|\n|-weather|RainDance|[upkeep]\n|-damage|p2b: Ursaluna|95\/100 brn|[from] brn\n|-damage|p1a: Amoonguss|72\/100 brn|[from] brn\n|upkeep\n|turn|8\n|\n|t:|1732076439\n|move|p2a: Sableye|Disable|p1a: Amoonguss\n|-start|p1a: Amoonguss|Disable|Spore\n|move|p1b: Pelipper|Weather Ball|p2b: Ursaluna\n|-damage|p2b: Ursaluna|68\/100 brn\n|move|p2b: Ursaluna|Blood Moon|p1b: Pelipper\n|-damage|p1b: Pelipper|0 fnt\n|faint|p1b: Pelipper\n|move|p1a: Amoonguss|Sludge Bomb|p2b: Ursaluna\n|-supereffective|p2b: Ursaluna\n|-damage|p2b: Ursaluna|46\/100 brn\n|\n|-weather|RainDance|[upkeep]\n|-damage|p2b: Ursaluna|41\/100 brn|[from] brn\n|-damage|p1a: Amoonguss|66\/100 brn|[from] brn\n|-sideend|p2: winterbreak|move: Light Screen\n|upkeep\n|\n|t:|1732076441\n|switch|p1b: Incineroar|Incineroar, L50, F, shiny|100\/100\n|-damage|p1b: Incineroar|76\/100|[from] Stealth Rock\n|-ability|p1b: Incineroar|Intimidate|boost\n|-unboost|p2a: Sableye|atk|1\n|-unboost|p2b: Ursaluna|atk|1\n|turn|9\n|\n|t:|1732076465\n|move|p1b: Incineroar|Fake Out|p2b: Ursaluna\n|-damage|p2b: Ursaluna|34\/100 brn\n|move|p2a: Sableye|Light Screen|p2a: Sableye\n|-sidestart|p2: winterbreak|move: Light Screen\n|cant|p2b: Ursaluna|flinch\n|move|p1a: Amoonguss|Pollen Puff|p1b: Incineroar\n|-heal|p1b: Incineroar|100\/100\n|\n|-weather|RainDance|[upkeep]\n|-damage|p2b: Ursaluna|29\/100 brn|[from] brn\n|-damage|p1a: Amoonguss|60\/100 brn|[from] brn\n|upkeep\n|turn|10\n|\n|t:|1732076487\n|switch|p2a: Annihilape|Annihilape, L50, M|100\/100\n|move|p1b: Incineroar|Knock Off|p2b: Ursaluna\n|-resisted|p2b: Ursaluna\n|-damage|p2b: Ursaluna|17\/100 brn\n|-enditem|p2b: Ursaluna|Assault Vest|[from] move: Knock Off|[of] p1b: Incineroar\n|move|p2b: Ursaluna|Earth Power|p1a: Amoonguss\n|-supereffective|p1a: Amoonguss\n|-damage|p1a: Amoonguss|0 fnt\n|faint|p1a: Amoonguss\n|\n|-weather|none\n|-damage|p2b: Ursaluna|11\/100 brn|[from] brn\n|upkeep\n|turn|11\n|\n|t:|1732076504\n|move|p2a: Annihilape|Bulk Up|p2a: Annihilape\n|-boost|p2a: Annihilape|atk|1\n|-boost|p2a: Annihilape|def|1\n|move|p1b: Incineroar|Knock Off|p2b: Ursaluna\n|-resisted|p2b: Ursaluna\n|-damage|p2b: Ursaluna|3\/100 brn\n|move|p2b: Ursaluna|Earth Power|p1b: Incineroar\n|-supereffective|p1b: Incineroar\n|-damage|p1b: Incineroar|7\/100\n|\n|-damage|p2b: Ursaluna|0 fnt|[from] brn\n|faint|p2b: Ursaluna\n|-sideend|p2: winterbreak|Reflect\n|upkeep\n|\n|t:|1732076509\n|switch|p2b: Sableye|Sableye, L50, M|89\/100\n|turn|12\n|-message|CarryTheBoats forfeited.\n|\n|win|winterbreak\n|raw|CarryTheBoats's rating: 1767 &rarr; <strong>1754<\/strong><br \/>(-13 for losing)\n|raw|winterbreak's rating: 1895 &rarr; <strong>1908<\/strong><br \/>(+13 for winning)\n|l|\u2606CarryTheBoats\n|player|p1|\n|l| number86\n|l| la bella de easo\n","uploadtime":1732076739,"views":46,"formatid":"gen9vgc2024regh","rating":1754,"private":0,"password":null}