{"id":"gen9vgc2024regh-2247049720","format":"[Gen 9] VGC 2024 Reg H","players":["googer315","bubblesburst"],"log":"|j|\u2606googer315\n|j|\u2606bubblesburst\n|t:|1732041230\n|gametype|doubles\n|player|p1|googer315|102|1728\n|player|p2|bubblesburst|102|1742\n|teamsize|p1|6\n|teamsize|p2|6\n|gen|9\n|tier|[Gen 9] VGC 2024 Reg H\n|rated|\n|rule|Species Clause: Limit one of each Pok\u00e9mon\n|rule|Item Clause: Limit 1 of each item\n|clearpoke\n|poke|p1|Tyranitar, L50, F|\n|poke|p1|Amoonguss, L50, M|\n|poke|p1|Incineroar, L50, F|\n|poke|p1|Gholdengo, L50|\n|poke|p1|Porygon2, L50|\n|poke|p1|Ursaluna, L50, M|\n|poke|p2|Gholdengo, L50|\n|poke|p2|Sneasler, L50, F|\n|poke|p2|Rillaboom, L50, M|\n|poke|p2|Kingambit, L50, F|\n|poke|p2|Incineroar, L50, M|\n|poke|p2|Dragonite, L50, M|\n|teampreview|4\n|inactive|Battle timer is ON: inactive players will automatically lose when time's up. (requested by googer315)\n|\n|t:|1732041269\n|start\n|switch|p1a: Amoonguss|Amoonguss, L50, M|100\/100\n|switch|p1b: Porygon2|Porygon2, L50|100\/100\n|switch|p2a: Gholdengo|Gholdengo, L50|100\/100\n|switch|p2b: Kingambit|Kingambit, L50, F|100\/100\n|-ability|p1b: Porygon2|Download|boost\n|-boost|p1b: Porygon2|spa|1\n|turn|1\n|\n|t:|1732041289\n|-terastallize|p2a: Gholdengo|Steel\n|move|p2a: Gholdengo|Make It Rain|p1a: Amoonguss|[spread] p1a,p1b\n|-damage|p1a: Amoonguss|2\/100\n|-damage|p1b: Porygon2|33\/100\n|-unboost|p2a: Gholdengo|spa|1\n|-enditem|p1a: Amoonguss|Sitrus Berry|[eat]\n|-heal|p1a: Amoonguss|27\/100|[from] item: Sitrus Berry\n|move|p2b: Kingambit|Kowtow Cleave|p1a: Amoonguss\n|-damage|p1a: Amoonguss|0 fnt\n|faint|p1a: Amoonguss\n|move|p1b: Porygon2|Trick Room|p1b: Porygon2\n|-fieldstart|move: Trick Room|[of] p1b: Porygon2\n|\n|upkeep\n|\n|t:|1732041302\n|switch|p1a: Ursaluna|Ursaluna, L50, M|100\/100\n|turn|2\n|\n|t:|1732041313\n|-terastallize|p1b: Porygon2|Flying\n|move|p1a: Ursaluna|Earthquake|p2b: Kingambit|[spread] p2a,p2b\n|-immune|p1b: Porygon2\n|-supereffective|p2a: Gholdengo\n|-supereffective|p2b: Kingambit\n|-damage|p2a: Gholdengo|4\/100\n|-damage|p2b: Kingambit|30\/100\n|move|p1b: Porygon2|Recover|p1b: Porygon2\n|-heal|p1b: Porygon2|83\/100\n|move|p2b: Kingambit|Kowtow Cleave|p1a: Ursaluna\n|-damage|p1a: Ursaluna|57\/100\n|move|p2a: Gholdengo|Make It Rain|p1b: Porygon2|[spread] p1a,p1b\n|-damage|p1a: Ursaluna|0 fnt\n|-damage|p1b: Porygon2|40\/100\n|-unboost|p2a: Gholdengo|spa|1\n|faint|p1a: Ursaluna\n|\n|upkeep\n|\n|t:|1732041331\n|switch|p1a: Gholdengo|Gholdengo, L50|100\/100\n|turn|3\n|\n|t:|1732041341\n|move|p2b: Kingambit|Protect|p2b: Kingambit\n|-singleturn|p2b: Kingambit|Protect\n|move|p1b: Porygon2|Tera Blast|p2a: Gholdengo|[anim] Tera Blast Flying\n|-resisted|p2a: Gholdengo\n|-damage|p2a: Gholdengo|0 fnt\n|faint|p2a: Gholdengo\n|move|p1a: Gholdengo|Nasty Plot|p1a: Gholdengo\n|-boost|p1a: Gholdengo|spa|2\n|\n|upkeep\n|\n|t:|1732041352\n|switch|p2a: Rillaboom|Rillaboom, L50, M|100\/100\n|-fieldstart|move: Grassy Terrain|[from] ability: Grassy Surge|[of] p2a: Rillaboom\n|turn|4\n|\n|t:|1732041361\n|move|p1a: Gholdengo|Protect|p1a: Gholdengo\n|-singleturn|p1a: Gholdengo|Protect\n|move|p2a: Rillaboom|Fake Out|p1b: Porygon2\n|-crit|p1b: Porygon2\n|-damage|p1b: Porygon2|26\/100\n|cant|p1b: Porygon2|flinch\n|move|p2b: Kingambit|Kowtow Cleave|p1a: Gholdengo\n|-activate|p1a: Gholdengo|move: Protect\n|\n|-heal|p2b: Kingambit|35\/100|[from] Grassy Terrain\n|upkeep\n|turn|5\n|j| hail oil\n|inactive|bubblesburst has 30 seconds left.\n|\n|t:|1732041392\n|move|p2b: Kingambit|Protect|p2b: Kingambit\n|-singleturn|p2b: Kingambit|Protect\n|move|p1b: Porygon2|Recover|p1b: Porygon2\n|-heal|p1b: Porygon2|76\/100\n|move|p2a: Rillaboom|Wood Hammer|p1b: Porygon2\n|-resisted|p1b: Porygon2\n|-damage|p1b: Porygon2|49\/100\n|-damage|p2a: Rillaboom|92\/100|[from] Recoil\n|move|p1a: Gholdengo|Make It Rain|p2b: Kingambit|[spread] p2a\n|-activate|p2b: Kingambit|move: Protect\n|-damage|p2a: Rillaboom|20\/100\n|-unboost|p1a: Gholdengo|spa|1\n|\n|-heal|p2b: Kingambit|41\/100|[from] Grassy Terrain\n|-heal|p2a: Rillaboom|26\/100|[from] Grassy Terrain\n|-fieldend|move: Trick Room\n|upkeep\n|turn|6\n|\n|t:|1732041416\n|move|p2a: Rillaboom|Grassy Glide|p1b: Porygon2\n|-resisted|p1b: Porygon2\n|-damage|p1b: Porygon2|36\/100\n|move|p2b: Kingambit|Sucker Punch|p1a: Gholdengo\n|-supereffective|p1a: Gholdengo\n|-damage|p1a: Gholdengo|0 fnt\n|faint|p1a: Gholdengo\n|move|p1b: Porygon2|Recover|p1b: Porygon2\n|-heal|p1b: Porygon2|86\/100\n|\n|-heal|p2a: Rillaboom|31\/100|[from] Grassy Terrain\n|-heal|p2b: Kingambit|47\/100|[from] Grassy Terrain\n|upkeep\n|turn|7\n|\n|t:|1732041436\n|move|p2a: Rillaboom|Wood Hammer|p1b: Porygon2\n|-resisted|p1b: Porygon2\n|-damage|p1b: Porygon2|61\/100\n|-damage|p2a: Rillaboom|24\/100|[from] Recoil\n|move|p2b: Kingambit|Kowtow Cleave|p1b: Porygon2\n|-damage|p1b: Porygon2|24\/100\n|move|p1b: Porygon2|Tera Blast|p2b: Kingambit|[anim] Tera Blast Flying\n|-resisted|p2b: Kingambit\n|-damage|p2b: Kingambit|18\/100\n|\n|-heal|p2a: Rillaboom|29\/100|[from] Grassy Terrain\n|-heal|p2b: Kingambit|24\/100|[from] Grassy Terrain\n|upkeep\n|turn|8\n|-message|googer315 forfeited.\n|\n|win|bubblesburst\n|raw|googer315's rating: 1728 &rarr; <strong>1709<\/strong><br \/>(-19 for losing)\n|raw|bubblesburst's rating: 1742 &rarr; <strong>1761<\/strong><br \/>(+19 for winning)\n|l|\u2606googer315\n|player|p1|\n|l|\u2606bubblesburst\n|player|p2|\n|l| hail oil\n","uploadtime":1732041640,"views":13,"formatid":"gen9vgc2024regh","rating":1709,"private":0,"password":null}