{"id":"gen9vgc2024regh-2247152150","format":"[Gen 9] VGC 2024 Reg H","players":["VGCLTHTornsEnjoyer","pisellopalle"],"log":"|raw|<div class=\"broadcast-blue\"><strong>This battle is required to be public due to a player having a name starting with 'vgclth'.<\/div>\n|j|\u2606VGCLTHTornsEnjoyer\n|j|\u2606pisellopalle\n|t:|1732050778\n|gametype|doubles\n|player|p1|VGCLTHTornsEnjoyer|turo|1708\n|player|p2|pisellopalle|cyrus|1639\n|teamsize|p1|6\n|teamsize|p2|6\n|gen|9\n|tier|[Gen 9] VGC 2024 Reg H\n|rated|\n|rule|Species Clause: Limit one of each Pok\u00e9mon\n|rule|Item Clause: Limit 1 of each item\n|clearpoke\n|poke|p1|Gholdengo, L50|\n|poke|p1|Grimmsnarl, L50, M|\n|poke|p1|Whimsicott, L50, M|\n|poke|p1|Ursaluna-Bloodmoon, L50, M|\n|poke|p1|Dragonite, L50, M|\n|poke|p1|Annihilape, L50, M|\n|poke|p2|Weezing-Galar, L50, M|\n|poke|p2|Toedscruel, L50, F|\n|poke|p2|Basculegion, L50, M|\n|poke|p2|Talonflame, L50, F|\n|poke|p2|Metagross, L50|\n|poke|p2|Hydreigon, L50, F|\n|teampreview|4\n|inactive|Battle timer is ON: inactive players will automatically lose when time's up. (requested by VGCLTHTornsEnjoyer)\n|inactive|VGCLTHTornsEnjoyer has 60 seconds left.\n|inactive|pisellopalle has 60 seconds left.\n|j| xtyh6\n|\n|t:|1732050836\n|start\n|switch|p1a: Dragonite|Dragonite, L50, M|100\/100\n|switch|p1b: Whimsicott|Whimsicott, L50, M|100\/100\n|switch|p2a: Talonflame|Talonflame, L50, F|100\/100\n|switch|p2b: Weezing|Weezing-Galar, L50, M|100\/100\n|-ability|p2b: Weezing|Neutralizing Gas\n|turn|1\n|\n|t:|1732050851\n|-terastallize|p1a: Dragonite|Normal\n|move|p1b: Whimsicott|Helping Hand|p1a: Dragonite\n|-singleturn|p1a: Dragonite|Helping Hand|[of] p1b: Whimsicott\n|move|p1a: Dragonite|Extreme Speed|p2a: Talonflame\n|-damage|p2a: Talonflame|0 fnt\n|faint|p2a: Talonflame\n|move|p2b: Weezing|Dazzling Gleam|p1b: Whimsicott|[spread] p1a,p1b\n|-damage|p1a: Dragonite|62\/100\n|-damage|p1b: Whimsicott|40\/100\n|\n|upkeep\n|\n|t:|1732050864\n|switch|p2a: Basculegion|Basculegion, L50, M|100\/100\n|turn|2\n|\n|t:|1732050876\n|move|p1a: Dragonite|Extreme Speed|p2b: Weezing\n|-damage|p2b: Weezing|23\/100\n|move|p2a: Basculegion|Last Respects|p1b: Whimsicott\n|-damage|p1b: Whimsicott|0 fnt\n|faint|p1b: Whimsicott\n|move|p2b: Weezing|Dazzling Gleam|p1a: Dragonite\n|-damage|p1a: Dragonite|10\/100\n|\n|upkeep\n|\n|t:|1732050894\n|switch|p1b: Grimmsnarl|Grimmsnarl, L50, M|100\/100\n|turn|3\n|\n|t:|1732050906\n|switch|p2a: Hydreigon|Hydreigon, L50, F|100\/100\n|move|p1a: Dragonite|Extreme Speed|p2b: Weezing\n|-damage|p2b: Weezing|0 fnt\n|faint|p2b: Weezing\n|-end|p2b: Weezing|ability: Neutralizing Gas\n|move|p1b: Grimmsnarl|Foul Play|p2a: Hydreigon\n|-resisted|p2a: Hydreigon\n|-damage|p2a: Hydreigon|86\/100\n|\n|upkeep\n|\n|t:|1732050913\n|switch|p2b: Basculegion|Basculegion, L50, M|100\/100\n|turn|4\n|\n|t:|1732050930\n|switch|p1a: Ursaluna|Ursaluna-Bloodmoon, L50, M|100\/100\n|-terastallize|p2a: Hydreigon|Fire\n|move|p2b: Basculegion|Wave Crash|p1b: Grimmsnarl\n|-damage|p1b: Grimmsnarl|24\/100\n|-damage|p2b: Basculegion|74\/100|[from] Recoil\n|move|p2a: Hydreigon|Heat Wave|p1b: Grimmsnarl|[spread] p1a,p1b\n|-damage|p1a: Ursaluna|70\/100\n|-damage|p1b: Grimmsnarl|0 fnt\n|faint|p1b: Grimmsnarl\n|-damage|p2a: Hydreigon|77\/100|[from] item: Life Orb\n|\n|upkeep\n|inactive|VGCLTHTornsEnjoyer has 30 seconds left.\n|\n|t:|1732050958\n|switch|p1b: Dragonite|Dragonite, L50, M, tera:Normal|10\/100\n|turn|5\n|\n|t:|1732050966\n|move|p1b: Dragonite|Extreme Speed|p2a: Hydreigon\n|-crit|p2a: Hydreigon\n|-damage|p2a: Hydreigon|0 fnt\n|faint|p2a: Hydreigon\n|move|p2b: Basculegion|Wave Crash|p1a: Ursaluna\n|-supereffective|p1a: Ursaluna\n|-damage|p1a: Ursaluna|0 fnt\n|faint|p1a: Ursaluna\n|-damage|p2b: Basculegion|50\/100|[from] Recoil\n|\n|upkeep\n|turn|6\n|-message|VGCLTHTornsEnjoyer forfeited.\n|\n|win|pisellopalle\n|raw|VGCLTHTornsEnjoyer's rating: 1708 &rarr; <strong>1684<\/strong><br \/>(-24 for losing)\n|raw|pisellopalle's rating: 1639 &rarr; <strong>1663<\/strong><br \/>(+24 for winning)\n|l|\u2606VGCLTHTornsEnjoyer\n|player|p1|\n","uploadtime":1732050981,"views":30,"formatid":"gen9vgc2024regh","rating":1663,"private":0,"password":null}