{"id":"gen9vgc2024regh-2247075855","format":"[Gen 9] VGC 2024 Reg H","players":["bubblesburst","VGCLTH <1000ELO"],"log":"|raw|<div class=\"broadcast-blue\"><strong>This battle is required to be public due to a player having a name starting with 'vgclth'.<\/div>\n|j|\u2606bubblesburst\n|j|\u2606VGCLTH <1000ELO\n|t:|1732043593\n|gametype|doubles\n|player|p1|bubblesburst|102|1740\n|player|p2|VGCLTH <1000ELO|101|1897\n|teamsize|p1|6\n|teamsize|p2|6\n|gen|9\n|tier|[Gen 9] VGC 2024 Reg H\n|rated|\n|rule|Species Clause: Limit one of each Pok\u00e9mon\n|rule|Item Clause: Limit 1 of each item\n|clearpoke\n|poke|p1|Gholdengo, L50|\n|poke|p1|Sneasler, L50, F|\n|poke|p1|Rillaboom, L50, M|\n|poke|p1|Kingambit, L50, M|\n|poke|p1|Incineroar, L50, M|\n|poke|p1|Dragonite, L50, M|\n|poke|p2|Dondozo, L50, M|\n|poke|p2|Tatsugiri, L50, M|\n|poke|p2|Dragonite, L50, M|\n|poke|p2|Gholdengo, L50|\n|poke|p2|Glimmora, L50, F|\n|poke|p2|Talonflame, L50, M|\n|teampreview|4\n|inactive|Battle timer is ON: inactive players will automatically lose when time's up. (requested by VGCLTH <1000ELO)\n|inactive|bubblesburst has 60 seconds left.\n|inactive|VGCLTH <1000ELO has 60 seconds left.\n|inactive|VGCLTH <1000ELO has 30 seconds left.\n|inactive|VGCLTH <1000ELO has 20 seconds left.\n|inactive|VGCLTH <1000ELO has 15 seconds left.\n|inactive|VGCLTH <1000ELO has 10 seconds left.\n|inactive|VGCLTH <1000ELO has 5 seconds left.\n|\n|t:|1732043680\n|start\n|switch|p1a: Gholdengo|Gholdengo, L50|100\/100\n|switch|p1b: Kingambit|Kingambit, L50, M|100\/100\n|switch|p2a: Dragonite|Dragonite, L50, M|100\/100\n|switch|p2b: Glimmora|Glimmora, L50, F|100\/100\n|turn|1\n|\n|t:|1732043698\n|-terastallize|p1a: Gholdengo|Steel\n|-terastallize|p2b: Glimmora|Grass\n|move|p1b: Kingambit|Sucker Punch|p2a: Dragonite\n|-damage|p2a: Dragonite|75\/100\n|move|p1a: Gholdengo|Make It Rain|p2a: Dragonite|[spread] p2a,p2b\n|-damage|p2a: Dragonite|0 fnt\n|-damage|p2b: Glimmora|32\/100\n|-unboost|p1a: Gholdengo|spa|1\n|faint|p2a: Dragonite\n|move|p2b: Glimmora|Earth Power|p1b: Kingambit\n|-supereffective|p1b: Kingambit\n|-damage|p1b: Kingambit|48\/100\n|\n|upkeep\n|\n|t:|1732043706\n|switch|p2a: Dondozo|Dondozo, L50, M|100\/100\n|turn|2\n|\n|t:|1732043717\n|switch|p2b: Tatsugiri|Tatsugiri, L50, M|100\/100\n|-activate|p2b: Tatsugiri|ability: Commander|[of] p2a: Dondozo\n|-boost|p2a: Dondozo|atk|2\n|-boost|p2a: Dondozo|spa|2\n|-boost|p2a: Dondozo|spe|2\n|-boost|p2a: Dondozo|def|2\n|-boost|p2a: Dondozo|spd|2\n|move|p2a: Dondozo|Order Up|p1b: Kingambit\n|-resisted|p1b: Kingambit\n|-damage|p1b: Kingambit|27\/100\n|-boost|p2a: Dondozo|atk|1\n|move|p1a: Gholdengo|Make It Rain|p2a: Dondozo|[spread] p2a\n|-miss|p1a: Gholdengo|p2b: Tatsugiri\n|-resisted|p2a: Dondozo\n|-damage|p2a: Dondozo|72\/100\n|-unboost|p1a: Gholdengo|spa|1\n|move|p1b: Kingambit|Kowtow Cleave|p2a: Dondozo\n|-damage|p2a: Dondozo|51\/100\n|\n|-heal|p2a: Dondozo|57\/100|[from] item: Leftovers\n|upkeep\n|turn|3\n|\n|t:|1732043739\n|switch|p1a: Dragonite|Dragonite, L50, M|100\/100\n|move|p1b: Kingambit|Protect|p1b: Kingambit\n|-singleturn|p1b: Kingambit|Protect\n|move|p2a: Dondozo|Earthquake|p1b: Kingambit|[spread] \n|-miss|p2a: Dondozo|p2b: Tatsugiri\n|-activate|p1b: Kingambit|move: Protect\n|-immune|p1a: Dragonite\n|\n|-heal|p2a: Dondozo|64\/100|[from] item: Leftovers\n|upkeep\n|turn|4\n|\n|t:|1732043752\n|switch|p1b: Rillaboom|Rillaboom, L50, M|100\/100\n|-fieldstart|move: Grassy Terrain|[from] ability: Grassy Surge|[of] p1b: Rillaboom\n|move|p2a: Dondozo|Order Up|p1a: Dragonite\n|-supereffective|p1a: Dragonite\n|-damage|p1a: Dragonite|33\/100\n|-boost|p2a: Dondozo|atk|1\n|move|p1a: Dragonite|Haze|p1a: Dragonite\n|-clearallboost\n|\n|-heal|p2a: Dondozo|70\/100|[from] Grassy Terrain\n|-heal|p2a: Dondozo|76\/100|[from] item: Leftovers\n|upkeep\n|turn|5\n|\n|t:|1732043768\n|move|p2a: Dondozo|Protect|p2a: Dondozo\n|-singleturn|p2a: Dondozo|Protect\n|move|p1b: Rillaboom|Fake Out|p2a: Dondozo\n|-activate|p2a: Dondozo|move: Protect\n|move|p1a: Dragonite|Scale Shot|p2a: Dondozo\n|-activate|p2a: Dondozo|move: Protect\n|\n|-heal|p2a: Dondozo|82\/100|[from] Grassy Terrain\n|-heal|p2a: Dondozo|88\/100|[from] item: Leftovers\n|upkeep\n|turn|6\n|\n|t:|1732043782\n|move|p1a: Dragonite|Scale Shot|p2a: Dondozo\n|-damage|p2a: Dondozo|77\/100\n|-damage|p2a: Dondozo|67\/100\n|-damage|p2a: Dondozo|57\/100\n|-damage|p2a: Dondozo|46\/100\n|-damage|p2a: Dondozo|36\/100\n|-hitcount|p2a: Dondozo|5\n|-unboost|p1a: Dragonite|def|1\n|-boost|p1a: Dragonite|spe|1\n|move|p1b: Rillaboom|Wood Hammer|p2a: Dondozo\n|-supereffective|p2a: Dondozo\n|-damage|p2a: Dondozo|0 fnt\n|faint|p2a: Dondozo\n|-damage|p1b: Rillaboom|88\/100|[from] Recoil\n|\n|-heal|p1b: Rillaboom|94\/100|[from] Grassy Terrain\n|upkeep\n|\n|t:|1732043784\n|switch|p2a: Glimmora|Glimmora, L50, F, tera:Grass|32\/100\n|turn|7\n|\n|t:|1732043804\n|move|p1a: Dragonite|Scale Shot|p2a: Glimmora\n|-damage|p2a: Glimmora|21\/100\n|-activate|p2a: Glimmora|ability: Toxic Debris\n|-sidestart|p1: bubblesburst|move: Toxic Spikes\n|-damage|p2a: Glimmora|7\/100\n|-activate|p2a: Glimmora|ability: Toxic Debris\n|-sidestart|p1: bubblesburst|move: Toxic Spikes\n|-crit|p2a: Glimmora\n|-damage|p2a: Glimmora|0 fnt\n|faint|p2a: Glimmora\n|-hitcount|p2: Glimmora|3\n|-unboost|p1a: Dragonite|def|1\n|-boost|p1a: Dragonite|spe|1\n|move|p2b: Tatsugiri|Dragon Pulse|p1a: Dragonite\n|-supereffective|p1a: Dragonite\n|-crit|p1a: Dragonite\n|-damage|p1a: Dragonite|0 fnt\n|faint|p1a: Dragonite\n|move|p1b: Rillaboom|Wood Hammer|p2b: Tatsugiri\n|-enditem|p2b: Tatsugiri|Focus Sash\n|-damage|p2b: Tatsugiri|1\/100\n|-damage|p1b: Rillaboom|71\/100|[from] Recoil\n|\n|-heal|p2b: Tatsugiri|7\/100|[from] Grassy Terrain\n|-heal|p1b: Rillaboom|77\/100|[from] Grassy Terrain\n|upkeep\n|-message|VGCLTH <1000ELO forfeited.\n|\n|win|bubblesburst\n|raw|bubblesburst's rating: 1740 &rarr; <strong>1768<\/strong><br \/>(+28 for winning)\n|raw|VGCLTH &lt;1000ELO's rating: 1897 &rarr; <strong>1869<\/strong><br \/>(-28 for losing)\n|l|\u2606VGCLTH <1000ELO\n|player|p2|\n","uploadtime":1732043868,"views":27,"formatid":"gen9vgc2024regh","rating":1768,"private":0,"password":null}