{"id":"gen9vgc2024regh-2247824810","format":"[Gen 9] VGC 2024 Reg H","players":["kojimuranishi","juacox300"],"log":"|j|\u2606kojimuranishi\n|j|\u2606juacox300\n|t:|1732135256\n|gametype|doubles\n|player|p1|kojimuranishi|169|1701\n|player|p2|juacox300|unknown|1733\n|teamsize|p1|6\n|teamsize|p2|6\n|gen|9\n|tier|[Gen 9] VGC 2024 Reg H\n|rated|\n|rule|Species Clause: Limit one of each Pok\u00e9mon\n|rule|Item Clause: Limit 1 of each item\n|clearpoke\n|poke|p1|Whimsicott, L50, M|\n|poke|p1|Ursaluna-Bloodmoon, L50, M|\n|poke|p1|Archaludon, L50, M|\n|poke|p1|Dragonite, L50, M|\n|poke|p1|Gholdengo, L50|\n|poke|p1|Volcarona, L50, F|\n|poke|p2|Ursaluna, L50, F|\n|poke|p2|Murkrow, L50, M|\n|poke|p2|Sneasler, L50, M|\n|poke|p2|Indeedee, L50, M|\n|poke|p2|Archaludon, L50, M|\n|poke|p2|Incineroar, L50, F|\n|teampreview|4\n|inactive|Battle timer is ON: inactive players will automatically lose when time's up. (requested by kojimuranishi)\n|inactive|kojimuranishi has 60 seconds left.\n|\n|t:|1732135316\n|start\n|switch|p1a: Gholdengo|Gholdengo, L50|100\/100\n|switch|p1b: Archaludon|Archaludon, L50, M|100\/100\n|switch|p2a: Tommau|Sneasler, L50, M|100\/100\n|switch|p2b: Alfred|Indeedee, L50, M, shiny|100\/100\n|-fieldstart|move: Psychic Terrain|[from] ability: Psychic Surge|[of] p2b: Alfred\n|-enditem|p2a: Tommau|Psychic Seed\n|-boost|p2a: Tommau|spd|1|[from] item: Psychic Seed\n|turn|1\n|inactive|juacox300 has 30 seconds left.\n|\n|t:|1732135344\n|-terastallize|p1a: Gholdengo|Steel\n|move|p1b: Archaludon|Protect|p1b: Archaludon\n|-singleturn|p1b: Archaludon|Protect\n|move|p2a: Tommau|Throat Chop|p1a: Gholdengo\n|-damage|p1a: Gholdengo|68\/100\n|-start|p1a: Gholdengo|Throat Chop|[silent]\n|move|p2b: Alfred|Expanding Force|p1b: Archaludon|[spread] p1a\n|-activate|p1b: Archaludon|move: Protect\n|-resisted|p1a: Gholdengo\n|-damage|p1a: Gholdengo|36\/100\n|move|p1a: Gholdengo|Make It Rain|p2a: Tommau|[spread] p2a,p2b\n|-damage|p2a: Tommau|0 fnt\n|-damage|p2b: Alfred|0 fnt\n|-unboost|p1a: Gholdengo|spa|1\n|faint|p2a: Tommau\n|faint|p2b: Alfred\n|\n|upkeep\n|\n|t:|1732135348\n|switch|p2a: Incineroar|Incineroar, L50, F|100\/100\n|switch|p2b: Archaludon|Archaludon, L50, M, shiny|100\/100\n|-ability|p2a: Incineroar|Intimidate|boost\n|-unboost|p1a: Gholdengo|atk|1\n|-unboost|p1b: Archaludon|atk|1\n|turn|2\n|inactive|kojimuranishi has 30 seconds left.\n|\n|t:|1732135375\n|switch|p1a: Whimsicott|Whimsicott, L50, M|100\/100\n|move|p1b: Archaludon|Meteor Beam||[still]\n|-prepare|p1b: Archaludon|Meteor Beam\n|-boost|p1b: Archaludon|spa|1\n|-enditem|p1b: Archaludon|Power Herb\n|-anim|p1b: Archaludon|Meteor Beam|p2a: Incineroar\n|-supereffective|p2a: Incineroar\n|-damage|p2a: Incineroar|29\/100\n|move|p2b: Archaludon|Electro Shot||[still]\n|-prepare|p2b: Archaludon|Electro Shot\n|-boost|p2b: Archaludon|spa|1\n|-enditem|p2b: Archaludon|Power Herb\n|-anim|p2b: Archaludon|Electro Shot|p1a: Whimsicott\n|-resisted|p1a: Whimsicott\n|-damage|p1a: Whimsicott|47\/100\n|move|p2a: Incineroar|Snarl|p1b: Archaludon|[spread] p1a,p1b\n|-resisted|p1a: Whimsicott\n|-damage|p1a: Whimsicott|38\/100\n|-damage|p1b: Archaludon|84\/100\n|-unboost|p1a: Whimsicott|spa|1\n|-unboost|p1b: Archaludon|spa|1\n|\n|upkeep\n|turn|3\n|inactive|kojimuranishi has 30 seconds left.\n|\n|t:|1732135400\n|move|p1a: Whimsicott|Protect|p1a: Whimsicott\n|-singleturn|p1a: Whimsicott|Protect\n|move|p1b: Archaludon|Draco Meteor|p2b: Archaludon\n|-damage|p2b: Archaludon|15\/100\n|-unboost|p1b: Archaludon|spa|2\n|-ability|p2b: Archaludon|Stamina|boost\n|-boost|p2b: Archaludon|def|1\n|move|p2b: Archaludon|Draco Meteor|p1b: Archaludon\n|-damage|p1b: Archaludon|0 fnt\n|-unboost|p2b: Archaludon|spa|2\n|faint|p1b: Archaludon\n|move|p2a: Incineroar|Flare Blitz|p1a: Whimsicott\n|-activate|p1a: Whimsicott|move: Protect\n|\n|upkeep\n|\n|t:|1732135416\n|switch|p1b: Gholdengo|Gholdengo, L50, tera:Steel|36\/100\n|turn|4\n|\n|t:|1732135424\n|move|p2b: Archaludon|Protect|p2b: Archaludon\n|-singleturn|p2b: Archaludon|Protect\n|move|p1a: Whimsicott|Tailwind|p1a: Whimsicott\n|-sidestart|p1: kojimuranishi|move: Tailwind\n|move|p1b: Gholdengo|Make It Rain|p2b: Archaludon|[spread] p2a\n|-activate|p2b: Archaludon|move: Protect\n|-resisted|p2a: Incineroar\n|-damage|p2a: Incineroar|0 fnt\n|-unboost|p1b: Gholdengo|spa|1\n|faint|p2a: Incineroar\n|\n|upkeep\n|turn|5\n|-message|juacox300 forfeited.\n|\n|win|kojimuranishi\n|raw|kojimuranishi's rating: 1701 &rarr; <strong>1723<\/strong><br \/>(+22 for winning)\n|raw|juacox300's rating: 1733 &rarr; <strong>1711<\/strong><br \/>(-22 for losing)\n|l|\u2606juacox300\n|player|p2|\n|l|\u2606kojimuranishi\n|player|p1|\n|j|\u2606juacox300\n|player|p2|juacox300|unknown|\n","uploadtime":1732135460,"views":61,"formatid":"gen9vgc2024regh","rating":1711,"private":0,"password":null}