{"id":"gen9vgc2024regh-2247052258","format":"[Gen 9] VGC 2024 Reg H","players":["bubblesburst","KD-Alt-711"],"log":"|j|\u2606bubblesburst\n|j|\u2606KD-Alt-711\n|t:|1732041456\n|gametype|doubles\n|player|p1|bubblesburst|102|1761\n|player|p2|KD-Alt-711|265|1677\n|teamsize|p1|6\n|teamsize|p2|6\n|gen|9\n|tier|[Gen 9] VGC 2024 Reg H\n|rated|\n|rule|Species Clause: Limit one of each Pok\u00e9mon\n|rule|Item Clause: Limit 1 of each item\n|clearpoke\n|poke|p1|Gholdengo, L50|\n|poke|p1|Sneasler, L50, F|\n|poke|p1|Rillaboom, L50, F|\n|poke|p1|Kingambit, L50, F|\n|poke|p1|Incineroar, L50, F|\n|poke|p1|Dragonite, L50, M|\n|poke|p2|Palafin, L50, F|\n|poke|p2|Kingdra, L50, M|\n|poke|p2|Politoed, L50, F|\n|poke|p2|Archaludon, L50, F|\n|poke|p2|Incineroar, L50, M|\n|poke|p2|Rillaboom, L50, M|\n|teampreview|4\n|inactive|Battle timer is ON: inactive players will automatically lose when time's up. (requested by KD-Alt-711)\n|\n|t:|1732041482\n|start\n|switch|p1a: Sneasler|Sneasler, L50, F|100\/100\n|switch|p1b: Gholdengo|Gholdengo, L50|100\/100\n|switch|p2a: Palafin|Palafin, L50, F, shiny|100\/100\n|switch|p2b: Kingdra|Kingdra, L50, M, shiny|100\/100\n|turn|1\n|\n|t:|1732041499\n|switch|p2b: Archaludon|Archaludon, L50, F, shiny|100\/100\n|move|p1a: Sneasler|Fake Out|p2b: Archaludon\n|-resisted|p2b: Archaludon\n|-damage|p2b: Archaludon|95\/100\n|-ability|p2b: Archaludon|Stamina|boost\n|-boost|p2b: Archaludon|def|1\n|move|p2a: Palafin|Jet Punch|p1a: Sneasler\n|-damage|p1a: Sneasler|56\/100\n|move|p1b: Gholdengo|Shadow Ball|p2b: Archaludon\n|-damage|p2b: Archaludon|48\/100\n|-ability|p2b: Archaludon|Stamina|boost\n|-boost|p2b: Archaludon|def|1\n|\n|upkeep\n|turn|2\n|\n|t:|1732041523\n|switch|p2b: Politoed|Politoed, L50, F, shiny|100\/100\n|-weather|RainDance|[from] ability: Drizzle|[of] p2b: Politoed\n|move|p1a: Sneasler|Protect|p1a: Sneasler\n|-singleturn|p1a: Sneasler|Protect\n|move|p2a: Palafin|Jet Punch|p1a: Sneasler\n|-activate|p1a: Sneasler|move: Protect\n|move|p1b: Gholdengo|Shadow Ball|p2b: Politoed\n|-damage|p2b: Politoed|49\/100\n|-enditem|p2b: Politoed|Sitrus Berry|[eat]\n|-heal|p2b: Politoed|74\/100|[from] item: Sitrus Berry\n|\n|-weather|RainDance|[upkeep]\n|upkeep\n|turn|3\n|\n|t:|1732041539\n|switch|p1a: Rillaboom|Rillaboom, L50, F|100\/100\n|-fieldstart|move: Grassy Terrain|[from] ability: Grassy Surge|[of] p1a: Rillaboom\n|-terastallize|p2a: Palafin|Water\n|move|p2b: Politoed|Helping Hand|p2a: Palafin\n|-singleturn|p2a: Palafin|Helping Hand|[of] p2b: Politoed\n|move|p1b: Gholdengo|Shadow Ball|p2a: Palafin\n|-damage|p2a: Palafin|7\/100\n|move|p2a: Palafin|Wave Crash|p1b: Gholdengo\n|-damage|p1b: Gholdengo|0 fnt\n|faint|p1b: Gholdengo\n|-damage|p2a: Palafin|0 fnt|[from] Recoil\n|faint|p2a: Palafin\n|\n|-weather|RainDance|[upkeep]\n|-heal|p2b: Politoed|80\/100|[from] Grassy Terrain\n|upkeep\n|\n|t:|1732041556\n|switch|p1b: Sneasler|Sneasler, L50, F|56\/100\n|switch|p2a: Archaludon|Archaludon, L50, F, shiny|48\/100\n|turn|4\n|\n|t:|1732041583\n|-terastallize|p1b: Sneasler|Fighting\n|move|p2b: Politoed|Protect|p2b: Politoed\n|-singleturn|p2b: Politoed|Protect\n|move|p1b: Sneasler|Close Combat|p2a: Archaludon\n|-supereffective|p2a: Archaludon\n|-crit|p2a: Archaludon\n|-damage|p2a: Archaludon|0 fnt\n|-unboost|p1b: Sneasler|def|1\n|-unboost|p1b: Sneasler|spd|1\n|faint|p2a: Archaludon\n|move|p1a: Rillaboom|Wood Hammer|p2b: Politoed\n|-activate|p2b: Politoed|move: Protect\n|\n|-weather|RainDance|[upkeep]\n|-heal|p1b: Sneasler|61\/100|[from] Grassy Terrain\n|-heal|p2b: Politoed|86\/100|[from] Grassy Terrain\n|upkeep\n|\n|t:|1732041588\n|switch|p2a: Kingdra|Kingdra, L50, M, shiny|100\/100\n|turn|5\n|\n|t:|1732041607\n|move|p2b: Politoed|Helping Hand|p2a: Kingdra\n|-singleturn|p2a: Kingdra|Helping Hand|[of] p2b: Politoed\n|move|p2a: Kingdra|Hurricane|p1a: Rillaboom\n|-supereffective|p1a: Rillaboom\n|-damage|p1a: Rillaboom|5\/100\n|-damage|p2a: Kingdra|91\/100|[from] item: Life Orb\n|move|p1b: Sneasler|Close Combat|p2a: Kingdra\n|-damage|p2a: Kingdra|0 fnt\n|-unboost|p1b: Sneasler|def|1\n|-unboost|p1b: Sneasler|spd|1\n|faint|p2a: Kingdra\n|move|p1a: Rillaboom|Wood Hammer|p2b: Politoed\n|-supereffective|p2b: Politoed\n|-damage|p2b: Politoed|0 fnt\n|faint|p2b: Politoed\n|-damage|p1a: Rillaboom|0 fnt|[from] Recoil\n|faint|p1a: Rillaboom\n|\n|win|bubblesburst\n|raw|bubblesburst's rating: 1761 &rarr; <strong>1776<\/strong><br \/>(+15 for winning)\n|raw|KD-Alt-711's rating: 1677 &rarr; <strong>1662<\/strong><br \/>(-15 for losing)\n|l|\u2606KD-Alt-711\n|player|p2|\n|l|\u2606bubblesburst\n|player|p1|\n","uploadtime":1732041778,"views":16,"formatid":"gen9vgc2024regh","rating":1662,"private":0,"password":null}