{"id":"gen9vgc2024regh-2247690540","format":"[Gen 9] VGC 2024 Reg H","players":["jonymediogramo","reg g rock"],"log":"|j|\u2606jonymediogramo\n|j|\u2606reg g rock\n|t:|1732122577\n|gametype|doubles\n|player|p1|jonymediogramo|preschooler|1640\n|player|p2|reg g rock|grusha|1692\n|teamsize|p1|6\n|teamsize|p2|6\n|gen|9\n|tier|[Gen 9] VGC 2024 Reg H\n|rated|\n|rule|Species Clause: Limit one of each Pok\u00e9mon\n|rule|Item Clause: Limit 1 of each item\n|clearpoke\n|poke|p1|Dondozo, L50, M|\n|poke|p1|Tatsugiri-Stretchy, L50, F|\n|poke|p1|Archaludon, L50, F|\n|poke|p1|Dragonite, L50, F|\n|poke|p1|Sylveon, L50, F|\n|poke|p1|Kingambit, L50, M|\n|poke|p2|Garchomp, L50, F|\n|poke|p2|Jumpluff, L50, F|\n|poke|p2|Torkoal, L50, F|\n|poke|p2|Dragonite, L50, F|\n|poke|p2|Kingambit, L50, F|\n|poke|p2|Typhlosion-Hisui, L50, F|\n|teampreview|4\n|inactive|Battle timer is ON: inactive players will automatically lose when time's up. (requested by reg g rock)\n|\n|t:|1732122607\n|start\n|switch|p1a: Paco Panadero|Dragonite, L50, F|100\/100\n|switch|p1b: Rodaballo|Dondozo, L50, M|100\/100\n|switch|p2a: Jumpluff|Jumpluff, L50, F|100\/100\n|switch|p2b: Dragonite|Dragonite, L50, F|100\/100\n|turn|1\n|inactive|jonymediogramo has 30 seconds left.\n|\n|t:|1732122634\n|-terastallize|p2b: Dragonite|Fairy\n|-terastallize|p1b: Rodaballo|Flying\n|move|p2a: Jumpluff|Sleep Powder|p1b: Rodaballo\n|-status|p1b: Rodaballo|slp|[from] move: Sleep Powder\n|move|p1a: Paco Panadero|Ice Spinner|p2a: Jumpluff\n|-supereffective|p2a: Jumpluff\n|-damage|p2a: Jumpluff|0 fnt\n|faint|p2a: Jumpluff\n|move|p2b: Dragonite|Scale Shot|p1a: Paco Panadero\n|-supereffective|p1a: Paco Panadero\n|-damage|p1a: Paco Panadero|86\/100\n|-supereffective|p1a: Paco Panadero\n|-damage|p1a: Paco Panadero|56\/100\n|-supereffective|p1a: Paco Panadero\n|-damage|p1a: Paco Panadero|27\/100\n|-supereffective|p1a: Paco Panadero\n|-damage|p1a: Paco Panadero|0 fnt\n|faint|p1a: Paco Panadero\n|-hitcount|p1: Paco Panadero|4\n|-unboost|p2b: Dragonite|def|1\n|-boost|p2b: Dragonite|spe|1\n|cant|p1b: Rodaballo|slp\n|\n|upkeep\n|\n|t:|1732122654\n|switch|p2a: Torkoal|Torkoal, L50, F|100\/100\n|switch|p1a: Sabelinha|Sylveon, L50, F|100\/100\n|-weather|SunnyDay|[from] ability: Drought|[of] p2a: Torkoal\n|turn|2\n|\n|t:|1732122667\n|move|p2b: Dragonite|Extreme Speed|p1a: Sabelinha\n|-damage|p1a: Sabelinha|51\/100\n|move|p1a: Sabelinha|Hyper Beam|p2a: Torkoal\n|-resisted|p2a: Torkoal\n|-damage|p2a: Torkoal|11\/100\n|-mustrecharge|p1a: Sabelinha\n|cant|p1b: Rodaballo|slp\n|move|p2a: Torkoal|Overheat|p1b: Rodaballo|[miss]\n|-miss|p2a: Torkoal|p1b: Rodaballo\n|\n|-weather|SunnyDay|[upkeep]\n|upkeep\n|turn|3\n|\n|t:|1732122687\n|move|p2a: Torkoal|Helping Hand|p2b: Dragonite\n|-singleturn|p2b: Dragonite|Helping Hand|[of] p2a: Torkoal\n|move|p2b: Dragonite|Extreme Speed|p1a: Sabelinha\n|-damage|p1a: Sabelinha|0 fnt\n|faint|p1a: Sabelinha\n|cant|p1b: Rodaballo|slp\n|\n|-weather|SunnyDay|[upkeep]\n|upkeep\n|\n|t:|1732122695\n|switch|p1a: Tempura Roll|Tatsugiri-Stretchy, L50, F|100\/100\n|-activate|p1a: Tempura Roll|ability: Commander|[of] p1b: Rodaballo\n|-boost|p1b: Rodaballo|atk|2\n|-boost|p1b: Rodaballo|spa|2\n|-boost|p1b: Rodaballo|spe|2\n|-boost|p1b: Rodaballo|def|2\n|-boost|p1b: Rodaballo|spd|2\n|turn|4\n|\n|t:|1732122709\n|move|p2b: Dragonite|Scale Shot|p1b: Rodaballo|[miss]\n|-miss|p2b: Dragonite|p1b: Rodaballo\n|-curestatus|p1b: Rodaballo|slp|[msg]\n|move|p1b: Rodaballo|Earthquake|p2b: Dragonite|[spread] p2a,p2b\n|-miss|p1b: Rodaballo|p1a: Tempura Roll\n|-supereffective|p2a: Torkoal\n|-damage|p2a: Torkoal|0 fnt\n|-damage|p2b: Dragonite|64\/100\n|faint|p2a: Torkoal\n|\n|-weather|SunnyDay|[upkeep]\n|upkeep\n|inactive|reg g rock has 30 seconds left.\n|inactive|reg g rock has 20 seconds left.\n|inactive|reg g rock has 15 seconds left.\n|inactive|reg g rock has 10 seconds left.\n|inactive|reg g rock has 5 seconds left.\n|\n|t:|1732122764\n|switch|p2a: Typhlosion|Typhlosion-Hisui, L50, F|100\/100\n|turn|5\n|inactive|reg g rock has 30 seconds left.\n|inactive|reg g rock has 20 seconds left.\n|inactive|reg g rock has 15 seconds left.\n|inactive|reg g rock has 10 seconds left.\n|inactive|reg g rock has 5 seconds left.\n|\n|t:|1732122819\n|move|p2b: Dragonite|Extreme Speed|p1b: Rodaballo\n|-damage|p1b: Rodaballo|88\/100\n|move|p1b: Rodaballo|Earthquake|p2b: Dragonite|[spread] p2a,p2b\n|-miss|p1b: Rodaballo|p1a: Tempura Roll\n|-supereffective|p2a: Typhlosion\n|-crit|p2a: Typhlosion\n|-damage|p2a: Typhlosion|0 fnt\n|-damage|p2b: Dragonite|0 fnt\n|faint|p2a: Typhlosion\n|faint|p2b: Dragonite\n|\n|win|jonymediogramo\n|raw|jonymediogramo's rating: 1640 &rarr; <strong>1663<\/strong><br \/>(+23 for winning)\n|raw|reg g rock's rating: 1692 &rarr; <strong>1669<\/strong><br \/>(-23 for losing)\n|l|\u2606jonymediogramo\n|player|p1|\n","uploadtime":1732123030,"views":13,"formatid":"gen9vgc2024regh","rating":1663,"private":0,"password":null}