{"id":"gen9vgc2024regh-2247272488","format":"[Gen 9] VGC 2024 Reg H","players":["jeskyv2","vgclth chromate"],"log":"|raw|<div class=\"broadcast-blue\"><strong>This battle is required to be public due to a player having a name starting with 'vgclth'.<\/div>\n|j|\u2606jeskyv2\n|j|\u2606vgclth chromate\n|t:|1732064145\n|gametype|doubles\n|player|p1|jeskyv2|101|1687\n|player|p2|vgclth chromate|allister|1829\n|teamsize|p1|6\n|teamsize|p2|6\n|gen|9\n|tier|[Gen 9] VGC 2024 Reg H\n|rated|\n|rule|Species Clause: Limit one of each Pok\u00e9mon\n|rule|Item Clause: Limit 1 of each item\n|clearpoke\n|poke|p1|Meowscarada, L50, F|\n|poke|p1|Incineroar, L50, F|\n|poke|p1|Gholdengo, L50|\n|poke|p1|Politoed, L50, M|\n|poke|p1|Sinistcha-Masterpiece, L50|\n|poke|p1|Archaludon, L50, F|\n|poke|p2|Archaludon, L50, F|\n|poke|p2|Pelipper, L50, F|\n|poke|p2|Basculegion, L50, M|\n|poke|p2|Gholdengo, L50|\n|poke|p2|Incineroar, L50, F|\n|poke|p2|Amoonguss, L50, F|\n|teampreview|4\n|j| AlabamaChristian\n|\n|t:|1732064187\n|start\n|switch|p1a: Archaludon|Archaludon, L50, F|100\/100\n|switch|p1b: Meowscarada|Meowscarada, L50, F|100\/100\n|switch|p2a: Archaludon|Archaludon, L50, F|100\/100\n|switch|p2b: Amoonguss|Amoonguss, L50, F|100\/100\n|turn|1\n|\n|t:|1732064221\n|switch|p1a: Gholdengo|Gholdengo, L50|100\/100\n|switch|p2a: Incineroar|Incineroar, L50, F|100\/100\n|-ability|p2a: Incineroar|Intimidate|boost\n|-unboost|p1a: Gholdengo|atk|1\n|-unboost|p1b: Meowscarada|atk|1\n|move|p1b: Meowscarada|U-turn|p2b: Amoonguss\n|-start|p1b: Meowscarada|typechange|Bug|[from] ability: Protean\n|-damage|p2b: Amoonguss|75\/100\n|\n|t:|1732064228\n|switch|p1b: Sinistcha|Sinistcha-Masterpiece, L50|100\/100|[from] U-turn\n|move|p2b: Amoonguss|Spore|p1a: Gholdengo\n|-immune|p1a: Gholdengo|[from] ability: Good as Gold\n|\n|upkeep\n|turn|2\n|\n|t:|1732064278\n|move|p1b: Sinistcha|Rage Powder|p1b: Sinistcha\n|-singleturn|p1b: Sinistcha|move: Rage Powder\n|move|p1a: Gholdengo|Shadow Ball|p2b: Amoonguss\n|-damage|p2b: Amoonguss|18\/100\n|-enditem|p2b: Amoonguss|Sitrus Berry|[eat]\n|-heal|p2b: Amoonguss|43\/100|[from] item: Sitrus Berry\n|move|p2a: Incineroar|Flare Blitz|p1a: Gholdengo\n|-supereffective|p1a: Gholdengo\n|-damage|p1a: Gholdengo|11\/100\n|-damage|p2a: Incineroar|72\/100|[from] Recoil\n|move|p2b: Amoonguss|Pollen Puff|p2a: Incineroar\n|-heal|p2a: Incineroar|100\/100\n|\n|upkeep\n|turn|3\n|\n|t:|1732064311\n|switch|p1a: Archaludon|Archaludon, L50, F|100\/100\n|switch|p1b: Meowscarada|Meowscarada, L50, F|100\/100\n|move|p2b: Amoonguss|Protect|p2b: Amoonguss\n|-singleturn|p2b: Amoonguss|Protect\n|move|p2a: Incineroar|Knock Off|p1a: Archaludon\n|-damage|p1a: Archaludon|69\/100\n|-ability|p1a: Archaludon|Stamina|boost\n|-boost|p1a: Archaludon|def|1\n|-enditem|p1a: Archaludon|Assault Vest|[from] move: Knock Off|[of] p2a: Incineroar\n|\n|upkeep\n|turn|4\n|\n|t:|1732064336\n|switch|p2b: Archaludon|Archaludon, L50, F|100\/100\n|move|p1b: Meowscarada|U-turn|p2a: Incineroar\n|-start|p1b: Meowscarada|typechange|Bug|[from] ability: Protean\n|-damage|p2a: Incineroar|57\/100\n|\n|t:|1732064345\n|switch|p1b: Sinistcha|Sinistcha-Masterpiece, L50|100\/100|[from] U-turn\n|-heal|p1a: Archaludon|93\/100|[from] ability: Hospitality|[of] p1b: Sinistcha\n|move|p1a: Archaludon|Body Press|p2a: Incineroar\n|-supereffective|p2a: Incineroar\n|-damage|p2a: Incineroar|0 fnt\n|faint|p2a: Incineroar\n|\n|upkeep\n|\n|t:|1732064358\n|switch|p2a: Amoonguss|Amoonguss, L50, F|76\/100\n|turn|5\n|\n|t:|1732064389\n|move|p1a: Archaludon|Dragon Pulse|p2a: Amoonguss\n|-damage|p2a: Amoonguss|37\/100\n|move|p2b: Archaludon|Electro Shot||[still]\n|-prepare|p2b: Archaludon|Electro Shot\n|-boost|p2b: Archaludon|spa|1\n|move|p1b: Sinistcha|Life Dew||[still]|[spread] p1a,p1b\n|-heal|p1a: Archaludon|100\/100\n|-fail|p1b: Sinistcha|heal\n|move|p2a: Amoonguss|Spore|p1a: Archaludon\n|-status|p1a: Archaludon|slp|[from] move: Spore\n|\n|upkeep\n|turn|6\n|\n|t:|1732064415\n|cant|p1a: Archaludon|slp\n|move|p2b: Archaludon|Electro Shot|p1a: Archaludon|[from]lockedmove\n|-resisted|p1a: Archaludon\n|-damage|p1a: Archaludon|70\/100 slp\n|-ability|p1a: Archaludon|Stamina|boost\n|-boost|p1a: Archaludon|def|1\n|move|p1b: Sinistcha|Life Dew||[still]|[spread] p1a,p1b\n|-heal|p1a: Archaludon|94\/100 slp\n|-fail|p1b: Sinistcha|heal\n|move|p2a: Amoonguss|Pollen Puff|p1b: Sinistcha\n|-damage|p1b: Sinistcha|83\/100\n|\n|upkeep\n|turn|7\n|\n|t:|1732064432\n|cant|p1a: Archaludon|slp\n|move|p2b: Archaludon|Dragon Pulse|p1b: Sinistcha\n|-damage|p1b: Sinistcha|26\/100\n|move|p1b: Sinistcha|Life Dew|p1b: Sinistcha|[spread] p1a,p1b\n|-heal|p1a: Archaludon|100\/100 slp\n|-heal|p1b: Sinistcha|51\/100\n|move|p2a: Amoonguss|Pollen Puff|p1b: Sinistcha\n|-damage|p1b: Sinistcha|32\/100\n|\n|upkeep\n|turn|8\n|\n|t:|1732064455\n|move|p2a: Amoonguss|Protect|p2a: Amoonguss\n|-singleturn|p2a: Amoonguss|Protect\n|cant|p1a: Archaludon|slp\n|move|p2b: Archaludon|Dragon Pulse|p1b: Sinistcha\n|-crit|p1b: Sinistcha\n|-damage|p1b: Sinistcha|0 fnt\n|faint|p1b: Sinistcha\n|\n|upkeep\n|\n|t:|1732064462\n|switch|p1b: Meowscarada|Meowscarada, L50, F|100\/100\n|turn|9\n|\n|t:|1732064478\n|-terastallize|p2b: Archaludon|Grass\n|move|p1b: Meowscarada|U-turn|p2a: Amoonguss\n|-start|p1b: Meowscarada|typechange|Bug|[from] ability: Protean\n|-damage|p2a: Amoonguss|1\/100\n|\n|t:|1732064485\n|switch|p1b: Gholdengo|Gholdengo, L50|11\/100|[from] U-turn\n|-curestatus|p1a: Archaludon|slp|[msg]\n|move|p1a: Archaludon|Body Press|p2b: Archaludon\n|-damage|p2b: Archaludon|67\/100\n|-ability|p2b: Archaludon|Stamina|boost\n|-boost|p2b: Archaludon|def|1\n|move|p2b: Archaludon|Dragon Pulse|p1b: Gholdengo\n|-resisted|p1b: Gholdengo\n|-damage|p1b: Gholdengo|0 fnt\n|faint|p1b: Gholdengo\n|move|p2a: Amoonguss|Pollen Puff|p1a: Archaludon\n|-resisted|p1a: Archaludon\n|-damage|p1a: Archaludon|91\/100\n|-ability|p1a: Archaludon|Stamina|boost\n|-boost|p1a: Archaludon|def|1\n|\n|upkeep\n|\n|t:|1732064496\n|switch|p1b: Meowscarada|Meowscarada, L50, F|100\/100\n|turn|10\n|\n|t:|1732064548\n|move|p2a: Amoonguss|Rage Powder|p2a: Amoonguss\n|-singleturn|p2a: Amoonguss|move: Rage Powder\n|move|p1b: Meowscarada|Flower Trick|p2b: Archaludon\n|-start|p1b: Meowscarada|typechange|Grass|[from] ability: Protean\n|-resisted|p2b: Archaludon\n|-crit|p2b: Archaludon\n|-damage|p2b: Archaludon|42\/100\n|-ability|p2b: Archaludon|Stamina|boost\n|-boost|p2b: Archaludon|def|1\n|move|p1a: Archaludon|Dragon Pulse|p2a: Amoonguss\n|-damage|p2a: Amoonguss|0 fnt\n|faint|p2a: Amoonguss\n|move|p2b: Archaludon|Dragon Pulse|p1b: Meowscarada\n|-damage|p1b: Meowscarada|9\/100\n|\n|upkeep\n|\n|t:|1732064562\n|switch|p2a: Basculegion|Basculegion, L50, M|100\/100\n|turn|11\n|j| plplk\n|\n|t:|1732064595\n|move|p2a: Basculegion|Last Respects|p1b: Meowscarada\n|-damage|p1b: Meowscarada|0 fnt\n|faint|p1b: Meowscarada\n|move|p1a: Archaludon|Dragon Pulse|p2b: Archaludon\n|-damage|p2b: Archaludon|13\/100\n|-ability|p2b: Archaludon|Stamina|boost\n|-boost|p2b: Archaludon|def|1\n|move|p2b: Archaludon|Dragon Pulse|p1a: Archaludon\n|-damage|p1a: Archaludon|21\/100\n|-ability|p1a: Archaludon|Stamina|boost\n|-boost|p1a: Archaludon|def|1\n|\n|upkeep\n|turn|12\n|-message|jeskyv2 forfeited.\n|\n|win|vgclth chromate\n|raw|jeskyv2's rating: 1687 &rarr; <strong>1675<\/strong><br \/>(-12 for losing)\n|raw|vgclth chromate's rating: 1829 &rarr; <strong>1841<\/strong><br \/>(+12 for winning)\n|l|\u2606jeskyv2\n|player|p1|\n|l|\u2606vgclth chromate\n|player|p2|\n|l| AlabamaChristian\n|l| plplk\n","uploadtime":1732064865,"views":62,"formatid":"gen9vgc2024regh","rating":1675,"private":0,"password":null}