{"id":"gen9vgc2024regh-2247872949","format":"[Gen 9] VGC 2024 Reg H","players":["VGCLTH Sac gaming","Grade a type b"],"log":"|raw|<div class=\"broadcast-blue\"><strong>This battle is required to be public due to a player having a name starting with 'vgclth'.<\/div>\n|j|\u2606VGCLTH Sac gaming\n|j|\u2606Grade a type b\n|t:|1732140174\n|gametype|doubles\n|player|p1|VGCLTH Sac gaming|steven|1685\n|player|p2|Grade a type b|265|1765\n|teamsize|p1|6\n|teamsize|p2|6\n|gen|9\n|tier|[Gen 9] VGC 2024 Reg H\n|rated|\n|rule|Species Clause: Limit one of each Pok\u00e9mon\n|rule|Item Clause: Limit 1 of each item\n|clearpoke\n|poke|p1|Whimsicott, L50, F|\n|poke|p1|Dragonite, L50, M|\n|poke|p1|Ursaluna-Bloodmoon, L50, M|\n|poke|p1|Gholdengo, L50|\n|poke|p1|Incineroar, L50, F|\n|poke|p1|Annihilape, L50, M|\n|poke|p2|Gholdengo, L50|\n|poke|p2|Primarina, L50, M|\n|poke|p2|Ursaluna-Bloodmoon, L50, M|\n|poke|p2|Dragonite, L50, M|\n|poke|p2|Whimsicott, L50, M|\n|poke|p2|Tyranitar, L50, F|\n|teampreview|4\n|inactive|Battle timer is ON: inactive players will automatically lose when time's up. (requested by Grade a type b)\nVGCLTH Sac gaming rejected open team sheets.\n|\n|t:|1732140194\n|start\n|switch|p1a: Whimsicott|Whimsicott, L50, F|100\/100\n|switch|p1b: Gholdengo|Gholdengo, L50|100\/100\n|switch|p2a: Whimsicott|Whimsicott, L50, M|100\/100\n|switch|p2b: Ursaluna|Ursaluna-Bloodmoon, L50, M|100\/100\n|turn|1\n|\n|t:|1732140207\n|-terastallize|p1b: Gholdengo|Steel\n|move|p2a: Whimsicott|Tailwind|p2a: Whimsicott\n|-sidestart|p2: Grade a type b|move: Tailwind\n|move|p1a: Whimsicott|Tailwind|p1a: Whimsicott\n|-sidestart|p1: VGCLTH Sac gaming|move: Tailwind\n|move|p1b: Gholdengo|Make It Rain|p2b: Ursaluna|[spread] p2a,p2b\n|-supereffective|p2a: Whimsicott\n|-damage|p2a: Whimsicott|0 fnt\n|-damage|p2b: Ursaluna|0 fnt\n|-unboost|p1b: Gholdengo|spa|1\n|faint|p2a: Whimsicott\n|faint|p2b: Ursaluna\n|\n|upkeep\n|\n|t:|1732140209\n|switch|p2a: Gholdengo|Gholdengo, L50|100\/100\n|switch|p2b: Primarina|Primarina, L50, M|100\/100\n|turn|2\n|\n|t:|1732140224\n|move|p1a: Whimsicott|Moonblast|p2b: Primarina\n|-damage|p2b: Primarina|62\/100\n|move|p2a: Gholdengo|Focus Blast|p1b: Gholdengo\n|-supereffective|p1b: Gholdengo\n|-damage|p1b: Gholdengo|0 fnt\n|faint|p1b: Gholdengo\n|move|p2b: Primarina|Hyper Voice|p1a: Whimsicott\n|-resisted|p1a: Whimsicott\n|-damage|p1a: Whimsicott|61\/100\n|-enditem|p2b: Primarina|Throat Spray\n|-boost|p2b: Primarina|spa|1|[from] item: Throat Spray\n|\n|upkeep\n|\n|t:|1732140235\n|switch|p1b: Dragonite|Dragonite, L50, M|100\/100\n|turn|3\n|\n|t:|1732140241\n|-terastallize|p2b: Primarina|Steel\n|move|p1b: Dragonite|Extreme Speed|p2b: Primarina\n|-resisted|p2b: Primarina\n|-damage|p2b: Primarina|40\/100\n|move|p1a: Whimsicott|Moonblast|p2b: Primarina\n|-resisted|p2b: Primarina\n|-damage|p2b: Primarina|24\/100\n|move|p2a: Gholdengo|Focus Blast|p1b: Dragonite\n|-resisted|p1b: Dragonite\n|-damage|p1b: Dragonite|83\/100\n|move|p2b: Primarina|Moonblast|p1b: Dragonite\n|-supereffective|p1b: Dragonite\n|-damage|p1b: Dragonite|0 fnt\n|faint|p1b: Dragonite\n|\n|upkeep\n|\n|t:|1732140244\n|switch|p1b: Ursaluna|Ursaluna-Bloodmoon, L50, M|100\/100\n|turn|4\n|\n|t:|1732140258\n|move|p1b: Ursaluna|Vacuum Wave|p2b: Primarina\n|-supereffective|p2b: Primarina\n|-damage|p2b: Primarina|0 fnt\n|faint|p2b: Primarina\n|move|p1a: Whimsicott|Moonblast|p2a: Gholdengo\n|-resisted|p2a: Gholdengo\n|-damage|p2a: Gholdengo|78\/100\n|move|p2a: Gholdengo|Focus Blast|p1b: Ursaluna\n|-supereffective|p1b: Ursaluna\n|-damage|p1b: Ursaluna|2\/100\n|\n|-sideend|p1: VGCLTH Sac gaming|move: Tailwind\n|-sideend|p2: Grade a type b|move: Tailwind\n|upkeep\n|turn|5\n|\n|t:|1732140271\n|move|p1a: Whimsicott|Tailwind|p1a: Whimsicott\n|-sidestart|p1: VGCLTH Sac gaming|move: Tailwind\n|move|p1b: Ursaluna|Earth Power|p2a: Gholdengo\n|-supereffective|p2a: Gholdengo\n|-damage|p2a: Gholdengo|0 fnt\n|faint|p2a: Gholdengo\n|\n|win|VGCLTH Sac gaming\n|raw|VGCLTH Sac gaming's rating: 1685 &rarr; <strong>1710<\/strong><br \/>(+25 for winning)\n|raw|Grade a type b's rating: 1765 &rarr; <strong>1740<\/strong><br \/>(-25 for losing)\n|c|\u2606Grade a type b|Cmon\n|l|\u2606Grade a type b\n|player|p2|\n","uploadtime":1732140280,"views":14,"formatid":"gen9vgc2024regh","rating":1710,"private":0,"password":null}