{"id":"gen9vgc2024regh-2247882954","format":"[Gen 9] VGC 2024 Reg H","players":["SkullySully","vgclth terran"],"log":"|raw|<div class=\"broadcast-blue\"><strong>This battle is required to be public due to a player having a name starting with 'vgclth'.<\/div>\n|j|\u2606SkullySully\n|j|\u2606vgclth terran\n|t:|1732141274\n|gametype|doubles\n|player|p1|SkullySully|blaine|1711\n|player|p2|vgclth terran|rood|1808\n|teamsize|p1|6\n|teamsize|p2|6\n|gen|9\n|tier|[Gen 9] VGC 2024 Reg H\n|rated|\n|rule|Species Clause: Limit one of each Pok\u00e9mon\n|rule|Item Clause: Limit 1 of each item\n|clearpoke\n|poke|p1|Sinistcha-Masterpiece, L50|\n|poke|p1|Ursaluna, L50, M|\n|poke|p1|Zoroark-Hisui, L50, M|\n|poke|p1|Arcanine-Hisui, L50, M|\n|poke|p1|Archaludon, L50, M|\n|poke|p1|Pelipper, L50, F|\n|poke|p2|Ninetales-Alola, L50, F|\n|poke|p2|Rillaboom, L50, F|\n|poke|p2|Magmar, L50, M|\n|poke|p2|Sneasler, L50, M|\n|poke|p2|Kingambit, L50, M|\n|poke|p2|Basculegion, L50, M|\n|teampreview|4\n|\n|t:|1732141306\n|start\n|switch|p1a: Archaludon|Archaludon, L50, M|100\/100\n|switch|p1b: Pelipper|Pelipper, L50, F|100\/100\n|switch|p2a: Sneasler|Sneasler, L50, M|100\/100\n|switch|p2b: Kingambit|Kingambit, L50, M|100\/100\n|-weather|RainDance|[from] ability: Drizzle|[of] p1b: Pelipper\n|turn|1\n|inactive|Battle timer is ON: inactive players will automatically lose when time's up. (requested by SkullySully)\n|\n|t:|1732141321\n|switch|p2b: Ninetales|Ninetales-Alola, L50, F|100\/100\n|-weather|Snow|[from] ability: Snow Warning|[of] p2b: Ninetales\n|move|p2a: Sneasler|Close Combat|p1a: Archaludon\n|-immune|p1a: Archaludon\n|move|p1a: Archaludon|Will-O-Wisp|p2b: Ninetales\n|-status|p2b: Ninetales|brn\n|move|p1b: Pelipper|Hurricane|p2a: Sneasler|[miss]\n|-miss|p1b: Pelipper|p2a: Sneasler\n|\n|-weather|Snow|[upkeep]\n|-damage|p2b: Ninetales|94\/100 brn|[from] brn\n|upkeep\n|turn|2\n|\n|t:|1732141339\n|switch|p1b: Archaludon|Archaludon, L50, M|100\/100\n|move|p2a: Sneasler|Close Combat|p1b: Archaludon\n|-supereffective|p1b: Archaludon\n|-damage|p1b: Archaludon|14\/100\n|-unboost|p2a: Sneasler|def|1\n|-unboost|p2a: Sneasler|spd|1\n|-ability|p1b: Archaludon|Stamina|boost\n|-boost|p1b: Archaludon|def|1\n|move|p1a: Archaludon|Icy Wind|p2b: Ninetales|[spread] p2a,p2b\n|-resisted|p2b: Ninetales\n|-damage|p2a: Sneasler|72\/100\n|-damage|p2b: Ninetales|86\/100 brn\n|-unboost|p2a: Sneasler|spe|1\n|-unboost|p2b: Ninetales|spe|1\n|move|p2b: Ninetales|Blizzard|p1b: Archaludon|[spread] p1a,p1b\n|-damage|p1a: Archaludon|29\/100\n|-damage|p1b: Archaludon|0 fnt\n|replace|p1a: Zoroark|Zoroark-Hisui, L50, M, shiny\n|-end|p1a: Zoroark|Illusion\n|faint|p1b: Archaludon\n|\n|-weather|Snow|[upkeep]\n|-damage|p2b: Ninetales|80\/100 brn|[from] brn\n|upkeep\n|\n|t:|1732141349\n|switch|p1b: Pelipper|Pelipper, L50, F|100\/100\n|-weather|RainDance|[from] ability: Drizzle|[of] p1b: Pelipper\n|turn|3\n|\n|t:|1732141366\n|move|p1a: Zoroark|Bitter Malice|p2a: Sneasler\n|-damage|p2a: Sneasler|0 fnt\n|faint|p2a: Sneasler\n|move|p2b: Ninetales|Freeze-Dry|p1a: Zoroark\n|-damage|p1a: Zoroark|0 fnt\n|faint|p1a: Zoroark\n|move|p1b: Pelipper|Weather Ball|p2b: Ninetales\n|-damage|p2b: Ninetales|7\/100 brn\n|\n|-weather|RainDance|[upkeep]\n|-damage|p2b: Ninetales|0 fnt|[from] brn\n|faint|p2b: Ninetales\n|upkeep\n|\n|t:|1732141375\n|switch|p2a: Kingambit|Kingambit, L50, M|100\/100\n|switch|p1a: Sinistcha|Sinistcha-Masterpiece, L50, shiny|100\/100\n|switch|p2b: Basculegion|Basculegion, L50, M|100\/100\n|turn|4\n|\n|t:|1732141395\n|-terastallize|p1a: Sinistcha|Fairy\n|move|p2b: Basculegion|Last Respects|p1a: Sinistcha\n|-damage|p1a: Sinistcha|39\/100\n|move|p1b: Pelipper|Hurricane|p2b: Basculegion\n|-damage|p2b: Basculegion|46\/100\n|-start|p2b: Basculegion|confusion\n|move|p1a: Sinistcha|Matcha Gotcha|p2b: Basculegion|[spread] p2a,p2b\n|-resisted|p2a: Kingambit\n|-supereffective|p2b: Basculegion\n|-damage|p2a: Kingambit|88\/100\n|-heal|p1a: Sinistcha|45\/100|[from] drain|[of] p2a: Kingambit\n|-damage|p2b: Basculegion|0 fnt\n|-heal|p1a: Sinistcha|71\/100|[from] drain|[of] p2b: Basculegion\n|faint|p2b: Basculegion\n|move|p2a: Kingambit|Kowtow Cleave|p1a: Sinistcha\n|-resisted|p1a: Sinistcha\n|-damage|p1a: Sinistcha|49\/100\n|-damage|p2a: Kingambit|71\/100|[from] item: Rocky Helmet|[of] p1a: Sinistcha\n|\n|-weather|RainDance|[upkeep]\n|upkeep\n|turn|5\n|-message|vgclth terran forfeited.\n|\n|win|SkullySully\n|raw|SkullySully's rating: 1711 &rarr; <strong>1736<\/strong><br \/>(+25 for winning)\n|raw|vgclth terran's rating: 1808 &rarr; <strong>1783<\/strong><br \/>(-25 for losing)\n|l|\u2606vgclth terran\n|player|p2|\n|j|\u2606vgclth terran\n|player|p2|vgclth terran|rood|\n|l|\u2606vgclth terran\n|player|p2|\n|l|\u2606SkullySully\n|player|p1|\n","uploadtime":1732141575,"views":18,"formatid":"gen9vgc2024regh","rating":1736,"private":0,"password":null}