{"id":"gen9vgc2024regh-2247113194","format":"[Gen 9] VGC 2024 Reg H","players":["KD-Alt-711","TigerishCookie"],"log":"|j|\u2606KD-Alt-711\n|j|\u2606TigerishCookie\n|t:|1732047031\n|gametype|doubles\n|player|p1|KD-Alt-711|265|1728\n|player|p2|TigerishCookie|blue-masters2|1710\n|teamsize|p1|6\n|teamsize|p2|6\n|gen|9\n|tier|[Gen 9] VGC 2024 Reg H\n|rated|\n|rule|Species Clause: Limit one of each Pok\u00e9mon\n|rule|Item Clause: Limit 1 of each item\n|clearpoke\n|poke|p1|Palafin, L50, M|\n|poke|p1|Kingdra, L50, F|\n|poke|p1|Politoed, L50, F|\n|poke|p1|Archaludon, L50, M|\n|poke|p1|Incineroar, L50, M|\n|poke|p1|Rillaboom, L50, M|\n|poke|p2|Riolu, L50, F|\n|poke|p2|Dragonite, L50, F|\n|poke|p2|Sneasler, L50, M|\n|poke|p2|Indeedee, L50, M|\n|poke|p2|Talonflame, L50, F|\n|poke|p2|Garchomp, L50, F|\n|teampreview|4\n|inactive|Battle timer is ON: inactive players will automatically lose when time's up. (requested by TigerishCookie)\n|inactive|KD-Alt-711 has 60 seconds left.\n|inactive|TigerishCookie has 60 seconds left.\n|inactive|TigerishCookie has 30 seconds left.\n|inactive|TigerishCookie has 20 seconds left.\n|inactive|TigerishCookie has 15 seconds left.\n|inactive|TigerishCookie has 10 seconds left.\n|\n|t:|1732047115\n|start\n|switch|p1a: Kingdra|Kingdra, L50, F, shiny|100\/100\n|switch|p1b: Archaludon|Archaludon, L50, M, shiny|100\/100\n|switch|p2a: Dragonite|Dragonite, L50, F|100\/100\n|switch|p2b: Sneasler|Sneasler, L50, M|100\/100\n|turn|1\n|inactive|KD-Alt-711 has 30 seconds left.\n|inactive|KD-Alt-711 has 20 seconds left.\n|inactive|KD-Alt-711 has 15 seconds left.\n|\n|t:|1732047160\n|move|p2b: Sneasler|Protect|p2b: Sneasler\n|-singleturn|p2b: Sneasler|Protect\n|move|p1a: Kingdra|Protect|p1a: Kingdra\n|-singleturn|p1a: Kingdra|Protect\n|move|p2a: Dragonite|Scale Shot|p1a: Kingdra\n|-activate|p1a: Kingdra|move: Protect\n|move|p1b: Archaludon|Flash Cannon|p2a: Dragonite\n|-damage|p2a: Dragonite|78\/100\n|-unboost|p2a: Dragonite|spd|1\n|\n|upkeep\n|turn|2\n|\n|t:|1732047175\n|switch|p1a: Politoed|Politoed, L50, F, shiny|100\/100\n|-weather|RainDance|[from] ability: Drizzle|[of] p1a: Politoed\n|-terastallize|p2a: Dragonite|Fairy\n|move|p2b: Sneasler|Dire Claw|p1b: Archaludon\n|-immune|p1b: Archaludon\n|move|p2a: Dragonite|Scale Shot|p1a: Politoed\n|-damage|p1a: Politoed|85\/100\n|-damage|p1a: Politoed|66\/100\n|-damage|p1a: Politoed|49\/100\n|-enditem|p1a: Politoed|Sitrus Berry|[eat]\n|-heal|p1a: Politoed|74\/100|[from] item: Sitrus Berry\n|-damage|p1a: Politoed|57\/100\n|-hitcount|p1a: Politoed|4\n|-unboost|p2a: Dragonite|def|1\n|-boost|p2a: Dragonite|spe|1\n|move|p1b: Archaludon|Electro Shot||[still]\n|-prepare|p1b: Archaludon|Electro Shot\n|-boost|p1b: Archaludon|spa|1\n|-anim|p1b: Archaludon|Electro Shot|p2b: Sneasler\n|-damage|p2b: Sneasler|21\/100\n|\n|-weather|RainDance|[upkeep]\n|upkeep\n|turn|3\n|\n|t:|1732047197\n|-terastallize|p1b: Archaludon|Grass\n|move|p1a: Politoed|Protect|p1a: Politoed\n|-singleturn|p1a: Politoed|Protect\n|move|p2a: Dragonite|Scale Shot|p1a: Politoed\n|-activate|p1a: Politoed|move: Protect\n|move|p2b: Sneasler|Close Combat|p1b: Archaludon\n|-damage|p1b: Archaludon|50\/100\n|-unboost|p2b: Sneasler|def|1\n|-unboost|p2b: Sneasler|spd|1\n|-ability|p1b: Archaludon|Stamina|boost\n|-boost|p1b: Archaludon|def|1\n|move|p1b: Archaludon|Flash Cannon|p2a: Dragonite\n|-supereffective|p2a: Dragonite\n|-damage|p2a: Dragonite|0 fnt\n|faint|p2a: Dragonite\n|\n|-weather|RainDance|[upkeep]\n|upkeep\n|\n|t:|1732047201\n|switch|p2a: Indeedee|Indeedee, L50, M|100\/100\n|-fieldstart|move: Psychic Terrain|[from] ability: Psychic Surge|[of] p2a: Indeedee\n|-enditem|p2b: Sneasler|Psychic Seed\n|-boost|p2b: Sneasler|spd|1|[from] item: Psychic Seed\n|turn|4\n|\n|t:|1732047220\n|switch|p1a: Rillaboom|Rillaboom, L50, M, shiny|100\/100\n|-fieldstart|move: Grassy Terrain|[from] ability: Grassy Surge|[of] p1a: Rillaboom\n|move|p2b: Sneasler|Dire Claw|p1a: Rillaboom\n|-supereffective|p1a: Rillaboom\n|-damage|p1a: Rillaboom|15\/100\n|move|p2a: Indeedee|Expanding Force|p1a: Rillaboom\n|-damage|p1a: Rillaboom|0 fnt\n|faint|p1a: Rillaboom\n|move|p1b: Archaludon|Electro Shot||[still]\n|-prepare|p1b: Archaludon|Electro Shot\n|-boost|p1b: Archaludon|spa|1\n|-anim|p1b: Archaludon|Electro Shot|p2b: Sneasler\n|-damage|p2b: Sneasler|0 fnt\n|faint|p2b: Sneasler\n|\n|-weather|RainDance|[upkeep]\n|-heal|p1b: Archaludon|57\/100|[from] Grassy Terrain\n|upkeep\n|\n|t:|1732047230\n|switch|p2b: Garchomp|Garchomp, L50, F|100\/100\n|switch|p1a: Kingdra|Kingdra, L50, F, shiny|100\/100\n|turn|5\n|\n|t:|1732047239\n|move|p2b: Garchomp|Protect|p2b: Garchomp\n|-singleturn|p2b: Garchomp|Protect\n|move|p1a: Kingdra|Draco Meteor|p2b: Garchomp\n|-activate|p2b: Garchomp|move: Protect\n|move|p2a: Indeedee|Expanding Force|p1b: Archaludon\n|-damage|p1b: Archaludon|28\/100\n|-ability|p1b: Archaludon|Stamina|boost\n|-boost|p1b: Archaludon|def|1\n|move|p1b: Archaludon|Electro Shot||[still]\n|-prepare|p1b: Archaludon|Electro Shot\n|-boost|p1b: Archaludon|spa|1\n|-anim|p1b: Archaludon|Electro Shot|p2a: Indeedee\n|-enditem|p2a: Indeedee|Focus Sash\n|-damage|p2a: Indeedee|1\/100\n|\n|-weather|RainDance|[upkeep]\n|-heal|p2a: Indeedee|7\/100|[from] Grassy Terrain\n|-heal|p1b: Archaludon|34\/100|[from] Grassy Terrain\n|upkeep\n|turn|6\n|\n|t:|1732047251\n|move|p1a: Kingdra|Muddy Water|p2b: Garchomp|[spread] p2a\n|-miss|p1a: Kingdra|p2b: Garchomp\n|-damage|p2a: Indeedee|0 fnt\n|faint|p2a: Indeedee\n|-damage|p1a: Kingdra|91\/100|[from] item: Life Orb\n|move|p2b: Garchomp|Dragon Claw|p1a: Kingdra\n|-supereffective|p1a: Kingdra\n|-damage|p1a: Kingdra|0 fnt\n|faint|p1a: Kingdra\n|-damage|p2b: Garchomp|91\/100|[from] item: Life Orb\n|move|p1b: Archaludon|Flash Cannon|p2b: Garchomp\n|-damage|p2b: Garchomp|0 fnt\n|faint|p2b: Garchomp\n|\n|win|KD-Alt-711\n|raw|KD-Alt-711's rating: 1728 &rarr; <strong>1747<\/strong><br \/>(+19 for winning)\n|raw|TigerishCookie's rating: 1710 &rarr; <strong>1691<\/strong><br \/>(-19 for losing)\n|l|\u2606TigerishCookie\n|player|p2|\n|l|\u2606KD-Alt-711\n|player|p1|\n","uploadtime":1732047459,"views":15,"formatid":"gen9vgc2024regh","rating":1691,"private":0,"password":null}