{"id":"gen9vgc2024regh-2247294167","format":"[Gen 9] VGC 2024 Reg H","players":["VGCLTHTornsEnjoyer","karamingo"],"log":"|raw|<div class=\"broadcast-blue\"><strong>This battle is required to be public due to a player having a name starting with 'vgclth'.<\/div>\n|j|\u2606VGCLTHTornsEnjoyer\n|j|\u2606karamingo\n|t:|1732066823\n|gametype|doubles\n|player|p1|VGCLTHTornsEnjoyer|turo|1712\n|player|p2|karamingo|101|1802\n|teamsize|p1|6\n|teamsize|p2|6\n|gen|9\n|tier|[Gen 9] VGC 2024 Reg H\n|rated|\n|rule|Species Clause: Limit one of each Pok\u00e9mon\n|rule|Item Clause: Limit 1 of each item\n|clearpoke\n|poke|p1|Gholdengo, L50|\n|poke|p1|Grimmsnarl, L50, M|\n|poke|p1|Whimsicott, L50, M|\n|poke|p1|Ursaluna-Bloodmoon, L50, M|\n|poke|p1|Dragonite, L50, F|\n|poke|p1|Annihilape, L50, M|\n|poke|p2|Ursaluna-Bloodmoon, L50, M|\n|poke|p2|Torkoal, L50, F|\n|poke|p2|Farigiraf, L50, F|\n|poke|p2|Smeargle, L50, M|\n|poke|p2|Indeedee-F, L50, F|\n|poke|p2|Hatterene, L50, F|\n|teampreview|4\n|inactive|Battle timer is ON: inactive players will automatically lose when time's up. (requested by VGCLTHTornsEnjoyer)\n|\n|t:|1732066846\n|start\n|switch|p1a: Gholdengo|Gholdengo, L50|100\/100\n|switch|p1b: Ursaluna|Ursaluna-Bloodmoon, L50, M|100\/100\n|switch|p2a: Smeargle|Smeargle, L50, M|100\/100\n|switch|p2b: Farigiraf|Farigiraf, L50, F|100\/100\n|turn|1\n|\n|t:|1732066864\n|-terastallize|p2b: Farigiraf|Fire\n|-terastallize|p1b: Ursaluna|Water\n|move|p2a: Smeargle|Follow Me|p2a: Smeargle\n|-singleturn|p2a: Smeargle|move: Follow Me\n|move|p1a: Gholdengo|Make It Rain|p2b: Farigiraf|[spread] p2a,p2b\n|-resisted|p2b: Farigiraf\n|-enditem|p2a: Smeargle|Focus Sash\n|-damage|p2a: Smeargle|1\/100\n|-damage|p2b: Farigiraf|67\/100\n|-unboost|p1a: Gholdengo|spa|1\n|move|p1b: Ursaluna|Hyper Voice|p2b: Farigiraf|[spread] p2a,p2b\n|-damage|p2a: Smeargle|0 fnt\n|-damage|p2b: Farigiraf|34\/100\n|faint|p2a: Smeargle\n|move|p2b: Farigiraf|Trick Room|p2b: Farigiraf\n|-fieldstart|move: Trick Room|[of] p2b: Farigiraf\n|\n|upkeep\n|inactive|karamingo has 30 seconds left.\n|\n|t:|1732066893\n|switch|p2a: Torkoal|Torkoal, L50, F|100\/100\n|-weather|SunnyDay|[from] ability: Drought|[of] p2a: Torkoal\n|turn|2\n|\n|t:|1732066899\n|switch|p1a: Dragonite|Dragonite, L50, F|100\/100\n|move|p2a: Torkoal|Eruption|p1a: Dragonite|[spread] p1a,p1b\n|-resisted|p1a: Dragonite\n|-resisted|p1b: Ursaluna\n|-damage|p1a: Dragonite|38\/100\n|-damage|p1b: Ursaluna|59\/100\n|move|p1b: Ursaluna|Hyper Voice|p2b: Farigiraf|[spread] p2a,p2b\n|-damage|p2a: Torkoal|51\/100\n|-damage|p2b: Farigiraf|0 fnt\n|faint|p2b: Farigiraf\n|\n|-weather|SunnyDay|[upkeep]\n|upkeep\n|\n|t:|1732066910\n|switch|p2b: Ursaluna|Ursaluna-Bloodmoon, L50, M|100\/100\n|turn|3\n|j| UGCL\n|inactive|VGCLTHTornsEnjoyer has 30 seconds left.\n|inactive|VGCLTHTornsEnjoyer has 20 seconds left.\n|inactive|VGCLTHTornsEnjoyer has 15 seconds left.\n|inactive|VGCLTHTornsEnjoyer has 10 seconds left.\n|inactive|VGCLTHTornsEnjoyer has 5 seconds left.\n|j| AlabamaChristian\n|l| AlabamaChristian\n|\n|t:|1732066965\n|move|p2a: Torkoal|Eruption|p1a: Dragonite|[spread] p1a,p1b\n|-resisted|p1a: Dragonite\n|-resisted|p1b: Ursaluna\n|-damage|p1a: Dragonite|11\/100\n|-damage|p1b: Ursaluna|39\/100\n|move|p1b: Ursaluna|Blood Moon|p2a: Torkoal\n|-damage|p2a: Torkoal|0 fnt\n|faint|p2a: Torkoal\n|move|p2b: Ursaluna|Hyper Voice|p1b: Ursaluna|[spread] p1a,p1b\n|-damage|p1a: Dragonite|0 fnt\n|-damage|p1b: Ursaluna|1\/100\n|faint|p1a: Dragonite\n|-damage|p2b: Ursaluna|91\/100|[from] item: Life Orb\n|\n|-weather|SunnyDay|[upkeep]\n|upkeep\n|\n|t:|1732066984\n|switch|p1a: Grimmsnarl|Grimmsnarl, L50, M|100\/100\n|turn|4\n|\n|t:|1732066991\n|move|p2b: Ursaluna|Vacuum Wave|p1b: Ursaluna\n|-damage|p1b: Ursaluna|0 fnt\n|faint|p1b: Ursaluna\n|-damage|p2b: Ursaluna|81\/100|[from] item: Life Orb\n|move|p1a: Grimmsnarl|Scary Face|p1: Ursaluna|[notarget]\n|-fail|p1a: Grimmsnarl\n|\n|-weather|SunnyDay|[upkeep]\n|upkeep\n|\n|t:|1732066994\n|switch|p1b: Gholdengo|Gholdengo, L50|100\/100\n|turn|5\n|\n|t:|1732067002\n|move|p2b: Ursaluna|Earth Power|p1b: Gholdengo\n|-supereffective|p1b: Gholdengo\n|-damage|p1b: Gholdengo|0 fnt\n|faint|p1b: Gholdengo\n|-damage|p2b: Ursaluna|72\/100|[from] item: Life Orb\n|move|p1a: Grimmsnarl|Foul Play|p2b: Ursaluna\n|-damage|p2b: Ursaluna|59\/100\n|\n|-weather|SunnyDay|[upkeep]\n|-fieldend|move: Trick Room\n|upkeep\n|turn|6\n|\n|t:|1732067010\n|move|p1a: Grimmsnarl|Foul Play|p2b: Ursaluna\n|-damage|p2b: Ursaluna|47\/100\n|move|p2b: Ursaluna|Blood Moon|p1a: Grimmsnarl\n|-damage|p1a: Grimmsnarl|0 fnt\n|faint|p1a: Grimmsnarl\n|-damage|p2b: Ursaluna|37\/100|[from] item: Life Orb\n|\n|win|karamingo\n|raw|VGCLTHTornsEnjoyer's rating: 1684 &rarr; <strong>1671<\/strong><br \/>(-13 for losing)\n|raw|karamingo's rating: 1802 &rarr; <strong>1815<\/strong><br \/>(+13 for winning)\n|l|\u2606karamingo\n|player|p2|\n|l|\u2606VGCLTHTornsEnjoyer\n|player|p1|\n","uploadtime":1732067247,"views":62,"formatid":"gen9vgc2024regh","rating":1671,"private":0,"password":null}