{"id":"gen9vgc2024regh-2247826949","format":"[Gen 9] VGC 2024 Reg H","players":["juacox300","shulivgc"],"log":"|j|\u2606juacox300\n|j|\u2606shulivgc\n|t:|1732135471\n|gametype|doubles\n|player|p1|juacox300|unknown|1711\n|player|p2|shulivgc|#smogonxnpa2024draftee2|1786\n|teamsize|p1|6\n|teamsize|p2|6\n|gen|9\n|tier|[Gen 9] VGC 2024 Reg H\n|rated|\n|rule|Species Clause: Limit one of each Pok\u00e9mon\n|rule|Item Clause: Limit 1 of each item\n|clearpoke\n|poke|p1|Ursaluna, L50, F|\n|poke|p1|Murkrow, L50, M|\n|poke|p1|Sneasler, L50, M|\n|poke|p1|Indeedee, L50, M|\n|poke|p1|Archaludon, L50, M|\n|poke|p1|Incineroar, L50, F|\n|poke|p2|Incineroar, L50, F|\n|poke|p2|Porygon2, L50|\n|poke|p2|Ursaluna-Bloodmoon, L50, M|\n|poke|p2|Sneasler, L50, F|\n|poke|p2|Indeedee, L50, M|\n|poke|p2|Dragonite, L50, F|\n|teampreview|4\n|\n|t:|1732135537\n|start\n|switch|p1a: Alfred|Indeedee, L50, M, shiny|100\/100\n|switch|p1b: Incineroar|Incineroar, L50, F|100\/100\n|switch|p2a: Incineroar|Incineroar, L50, F|100\/100\n|switch|p2b: Porygon2|Porygon2, L50|100\/100\n|-fieldstart|move: Psychic Terrain|[from] ability: Psychic Surge|[of] p1a: Alfred\n|-ability|p1b: Incineroar|Intimidate|boost\n|-unboost|p2a: Incineroar|atk|1\n|-unboost|p2b: Porygon2|atk|1\n|-ability|p2a: Incineroar|Intimidate|boost\n|-unboost|p1a: Alfred|atk|1\n|-unboost|p1b: Incineroar|atk|1\n|-ability|p2b: Porygon2|Download|boost\n|-boost|p2b: Porygon2|atk|1\n|turn|1\n|\n|t:|1732135549\n|-terastallize|p1a: Alfred|Fighting\n|move|p2b: Porygon2|Protect|p2b: Porygon2\n|-singleturn|p2b: Porygon2|Protect\n|move|p1a: Alfred|Trick|p2b: Porygon2\n|-activate|p2b: Porygon2|move: Protect\n|move|p1b: Incineroar|U-turn|p2a: Incineroar\n|-crit|p2a: Incineroar\n|-damage|p2a: Incineroar|75\/100\n|-damage|p1b: Incineroar|84\/100|[from] item: Rocky Helmet|[of] p2a: Incineroar\n|\n|t:|1732135559\n|switch|p1b: Ursaluna|Ursaluna, L50, F|100\/100|[from] U-turn\n|move|p2a: Incineroar|Knock Off|p1a: Alfred\n|-resisted|p1a: Alfred\n|-damage|p1a: Alfred|69\/100\n|-enditem|p1a: Alfred|Choice Scarf|[from] move: Knock Off|[of] p2a: Incineroar\n|\n|-status|p1b: Ursaluna|brn|[from] item: Flame Orb\n|upkeep\n|turn|2\n|\n|t:|1732135587\n|move|p1a: Alfred|Trick|p2b: Porygon2\n|-activate|p1a: Alfred|move: Trick|[of] p2b: Porygon2\n|-enditem|p2b: Porygon2|Eviolite|[silent]|[from] move: Trick\n|-item|p1a: Alfred|Eviolite|[from] move: Trick\n|move|p1b: Ursaluna|Facade|p2a: Incineroar\n|-damage|p2a: Incineroar|0 fnt\n|-damage|p1b: Ursaluna|84\/100 brn|[from] item: Rocky Helmet|[of] p2a: Incineroar\n|faint|p2a: Incineroar\n|move|p2b: Porygon2|Ice Beam|p1b: Ursaluna\n|-supereffective|p1b: Ursaluna\n|-damage|p1b: Ursaluna|34\/100 brn\n|\n|-damage|p1b: Ursaluna|29\/100 brn|[from] brn\n|upkeep\n|\n|t:|1732135596\n|switch|p2a: Indeedee|Indeedee, L50, M|100\/100\n|turn|3\n|\n|t:|1732135609\n|switch|p1a: Incineroar|Incineroar, L50, F|84\/100\n|-ability|p1a: Incineroar|Intimidate|boost\n|-unboost|p2a: Indeedee|atk|1\n|-unboost|p2b: Porygon2|atk|1\n|move|p1b: Ursaluna|Protect|p1b: Ursaluna\n|-singleturn|p1b: Ursaluna|Protect\n|move|p2a: Indeedee|Expanding Force|p1a: Incineroar|[spread] \n|-activate|p1b: Ursaluna|move: Protect\n|-immune|p1a: Incineroar\n|move|p2b: Porygon2|Tera Blast|p1b: Ursaluna\n|-activate|p1b: Ursaluna|move: Protect\n|\n|-damage|p1b: Ursaluna|23\/100 brn|[from] brn\n|upkeep\n|turn|4\n|\n|t:|1732135619\n|-terastallize|p2a: Indeedee|Ground\n|move|p2a: Indeedee|Tera Blast|p1a: Incineroar|[anim] Tera Blast Ground\n|-supereffective|p1a: Incineroar\n|-damage|p1a: Incineroar|25\/100\n|-damage|p2a: Indeedee|91\/100|[from] item: Life Orb\n|move|p1a: Incineroar|Knock Off|p2a: Indeedee\n|-damage|p2a: Indeedee|7\/100\n|-enditem|p2a: Indeedee|Life Orb|[from] move: Knock Off|[of] p1a: Incineroar\n|move|p1b: Ursaluna|Facade|p2b: Porygon2\n|-crit|p2b: Porygon2\n|-damage|p2b: Porygon2|0 fnt\n|faint|p2b: Porygon2\n|\n|-damage|p1b: Ursaluna|17\/100 brn|[from] brn\n|upkeep\n|\n|t:|1732135631\n|switch|p2b: Sneasler|Sneasler, L50, F|100\/100\n|-enditem|p2b: Sneasler|Psychic Seed\n|-boost|p2b: Sneasler|spd|1|[from] item: Psychic Seed\n|turn|5\n|\n|t:|1732135644\n|move|p2b: Sneasler|Close Combat|p1a: Incineroar\n|-supereffective|p1a: Incineroar\n|-damage|p1a: Incineroar|0 fnt\n|-unboost|p2b: Sneasler|def|1\n|-unboost|p2b: Sneasler|spd|1\n|faint|p1a: Incineroar\n|move|p2a: Indeedee|Expanding Force|p1b: Ursaluna\n|-damage|p1b: Ursaluna|0 fnt\n|faint|p1b: Ursaluna\n|\n|-fieldend|move: Psychic Terrain\n|upkeep\n|\n|t:|1732135647\n|switch|p1a: Alfred|Indeedee, L50, M, shiny, tera:Fighting|69\/100\n|switch|p1b: Tommau|Sneasler, L50, M|100\/100\n|-fieldstart|move: Psychic Terrain|[from] ability: Psychic Surge|[of] p1a: Alfred\n|-enditem|p1b: Tommau|Psychic Seed\n|-boost|p1b: Tommau|spd|1|[from] item: Psychic Seed\n|turn|6\n|\n|t:|1732135657\n|move|p2a: Indeedee|Protect|p2a: Indeedee\n|-singleturn|p2a: Indeedee|Protect\n|move|p1b: Tommau|Dire Claw|p2a: Indeedee\n|-activate|p2a: Indeedee|move: Protect\n|move|p2b: Sneasler|Close Combat|p1a: Alfred\n|-damage|p1a: Alfred|0 fnt\n|-unboost|p2b: Sneasler|def|1\n|-unboost|p2b: Sneasler|spd|1\n|faint|p1a: Alfred\n|\n|upkeep\n|turn|7\n|\n|t:|1732135671\n|move|p2a: Indeedee|Protect||[still]\n|-fail|p2a: Indeedee\n|move|p2b: Sneasler|Dire Claw|p1b: Tommau\n|-resisted|p1b: Tommau\n|-damage|p1b: Tommau|61\/100\n|move|p1b: Tommau|Dire Claw|p2a: Indeedee\n|-resisted|p2a: Indeedee\n|-damage|p2a: Indeedee|0 fnt\n|faint|p2a: Indeedee\n|\n|upkeep\n|turn|8\n|\n|t:|1732135681\n|move|p2b: Sneasler|Dire Claw|p1b: Tommau\n|-resisted|p1b: Tommau\n|-damage|p1b: Tommau|19\/100\n|move|p1b: Tommau|Dire Claw|p2b: Sneasler\n|-resisted|p2b: Sneasler\n|-damage|p2b: Sneasler|20\/100\n|\n|upkeep\n|turn|9\n|\n|t:|1732135688\n|move|p2b: Sneasler|Close Combat|p1b: Tommau\n|-resisted|p1b: Tommau\n|-damage|p1b: Tommau|0 fnt\n|-unboost|p2b: Sneasler|def|1\n|-unboost|p2b: Sneasler|spd|1\n|faint|p1b: Tommau\n|\n|win|shulivgc\n|raw|juacox300's rating: 1711 &rarr; <strong>1695<\/strong><br \/>(-16 for losing)\n|raw|shulivgc's rating: 1786 &rarr; <strong>1802<\/strong><br \/>(+16 for winning)\n|l|\u2606shulivgc\n|player|p2|\n","uploadtime":1732135699,"views":65,"formatid":"gen9vgc2024regh","rating":1695,"private":0,"password":null}