{"id":"gen9vgc2024regh-2247657526","format":"[Gen 9] VGC 2024 Reg H","players":["GOLDENP2","VGCLTH Oinge"],"log":"|raw|<div class=\"broadcast-blue\"><strong>This battle is required to be public due to a player having a name starting with 'vgclth'.<\/div>\n|j|\u2606GOLDENP2\n|j|\u2606VGCLTH Oinge\n|t:|1732119462\n|gametype|doubles\n|player|p1|GOLDENP2|1|1664\n|player|p2|VGCLTH Oinge|mars|1738\n|teamsize|p1|6\n|teamsize|p2|6\n|gen|9\n|tier|[Gen 9] VGC 2024 Reg H\n|rated|\n|rule|Species Clause: Limit one of each Pok\u00e9mon\n|rule|Item Clause: Limit 1 of each item\n|clearpoke\n|poke|p1|Sneasler, L50, M|\n|poke|p1|Braviary, L50, M|\n|poke|p1|Gholdengo, L50|\n|poke|p1|Amoonguss, L50, F|\n|poke|p1|Tyranitar, L50, M|\n|poke|p1|Garchomp, L50, F|\n|poke|p2|Armarouge, L50, F|\n|poke|p2|Maushold-Four, L50|\n|poke|p2|Indeedee-F, L50, F|\n|poke|p2|Gholdengo, L50|\n|poke|p2|Dragonite, L50, M|\n|poke|p2|Annihilape, L50, M|\n|teampreview|4\n|inactive|Battle timer is ON: inactive players will automatically lose when time's up. (requested by GOLDENP2)\n|inactive|GOLDENP2 has 60 seconds left.\n|\n|t:|1732119495\n|start\n|switch|p1a: Braviary|Braviary, L50, M, shiny|100\/100\n|switch|p1b: Garchomp|Garchomp, L50, F|100\/100\n|switch|p2a: Dragonite|Dragonite, L50, M|100\/100\n|switch|p2b: Annihilape|Annihilape, L50, M|100\/100\n|turn|1\n|inactive|GOLDENP2 has 30 seconds left.\n|inactive|VGCLTH Oinge has 30 seconds left.\n|inactive|GOLDENP2 has 20 seconds left.\n|inactive|GOLDENP2 has 15 seconds left.\n|inactive|GOLDENP2 has 10 seconds left.\n|\n|t:|1732119545\n|switch|p1b: Gholdengo|Gholdengo, L50|100\/100\n|move|p2b: Annihilape|Drain Punch|p1a: Braviary\n|-crit|p1a: Braviary\n|-damage|p1a: Braviary|34\/100\n|move|p2a: Dragonite|Tailwind|p2a: Dragonite\n|-sidestart|p2: VGCLTH Oinge|move: Tailwind\n|move|p1a: Braviary|Tailwind|p1a: Braviary\n|-sidestart|p1: GOLDENP2|move: Tailwind\n|\n|upkeep\n|turn|2\n|inactive|GOLDENP2 has 30 seconds left.\n|inactive|VGCLTH Oinge has 30 seconds left.\n|\n|t:|1732119578\n|move|p1a: Braviary|Protect|p1a: Braviary\n|-singleturn|p1a: Braviary|Protect\n|move|p2b: Annihilape|Drain Punch|p1a: Braviary\n|-activate|p1a: Braviary|move: Protect\n|move|p1b: Gholdengo|Nasty Plot|p1b: Gholdengo\n|-boost|p1b: Gholdengo|spa|2\n|move|p2a: Dragonite|Scale Shot|p1a: Braviary\n|-activate|p1a: Braviary|move: Protect\n|\n|upkeep\n|turn|3\n|\n|t:|1732119600\n|-terastallize|p2b: Annihilape|Fire\n|move|p2b: Annihilape|Drain Punch|p1a: Braviary\n|-damage|p1a: Braviary|0 fnt\n|faint|p1a: Braviary\n|move|p1b: Gholdengo|Make It Rain|p2b: Annihilape|[spread] p2a,p2b\n|-crit|p2a: Dragonite\n|-resisted|p2b: Annihilape\n|-damage|p2a: Dragonite|2\/100\n|-damage|p2b: Annihilape|62\/100\n|-unboost|p1b: Gholdengo|spa|1\n|-damage|p1b: Gholdengo|91\/100|[from] item: Life Orb\n|move|p2a: Dragonite|Scale Shot|p1b: Gholdengo|[miss]\n|-miss|p2a: Dragonite|p1b: Gholdengo\n|\n|upkeep\n|inactive|GOLDENP2 has 30 seconds left.\n|\n|t:|1732119631\n|switch|p1a: Garchomp|Garchomp, L50, F|100\/100\n|turn|4\n|\n|t:|1732119648\n|switch|p2a: Maushold|Maushold-Four, L50|100\/100\n|move|p1a: Garchomp|Stomping Tantrum|p2b: Annihilape\n|-supereffective|p2b: Annihilape\n|-damage|p2b: Annihilape|0 fnt\n|faint|p2b: Annihilape\n|move|p1b: Gholdengo|Shadow Ball|p2a: Maushold\n|-immune|p2a: Maushold\n|\n|-sideend|p1: GOLDENP2|move: Tailwind\n|-sideend|p2: VGCLTH Oinge|move: Tailwind\n|upkeep\n|\n|t:|1732119662\n|switch|p2b: Gholdengo|Gholdengo, L50|100\/100\n|turn|5\n|\n|t:|1732119677\n|-terastallize|p1b: Gholdengo|Water\n|move|p2a: Maushold|Follow Me|p2a: Maushold\n|-singleturn|p2a: Maushold|move: Follow Me\n|move|p1a: Garchomp|Stomping Tantrum|p2a: Maushold\n|-damage|p2a: Maushold|45\/100\n|move|p1b: Gholdengo|Make It Rain|p2b: Gholdengo|[spread] p2a,p2b\n|-resisted|p2b: Gholdengo\n|-damage|p2a: Maushold|0 fnt\n|-damage|p2b: Gholdengo|70\/100\n|-unboost|p1b: Gholdengo|spa|1\n|faint|p2a: Maushold\n|-damage|p1b: Gholdengo|82\/100|[from] item: Life Orb\n|move|p2b: Gholdengo|Nasty Plot|p2b: Gholdengo\n|-boost|p2b: Gholdengo|spa|2\n|\n|-heal|p2b: Gholdengo|76\/100|[from] item: Leftovers\n|upkeep\n|\n|t:|1732119686\n|switch|p2a: Dragonite|Dragonite, L50, M|2\/100\n|turn|6\n|\n|t:|1732119703\n|move|p1a: Garchomp|Stomping Tantrum|p2b: Gholdengo\n|-supereffective|p2b: Gholdengo\n|-damage|p2b: Gholdengo|0 fnt\n|faint|p2b: Gholdengo\n|move|p1b: Gholdengo|Make It Rain|p2a: Dragonite\n|-damage|p2a: Dragonite|0 fnt\n|-unboost|p1b: Gholdengo|spa|1\n|faint|p2a: Dragonite\n|-damage|p1b: Gholdengo|72\/100|[from] item: Life Orb\n|\n|win|GOLDENP2\n|raw|GOLDENP2's rating: 1664 &rarr; <strong>1688<\/strong><br \/>(+24 for winning)\n|raw|VGCLTH Oinge's rating: 1738 &rarr; <strong>1714<\/strong><br \/>(-24 for losing)\n|l|\u2606VGCLTH Oinge\n|player|p2|\n","uploadtime":1732119710,"views":148,"formatid":"gen9vgc2024regh","rating":1688,"private":0,"password":null}