{"id":"gen9vgc2024regh-2247047160","format":"[Gen 9] VGC 2024 Reg H","players":["KD-Alt-711","brito150"],"log":"|j|\u2606KD-Alt-711\n|j|\u2606brito150\n|t:|1732040998\n|gametype|doubles\n|player|p1|KD-Alt-711|265|1699\n|player|p2|brito150|benga|1659\n|teamsize|p1|6\n|teamsize|p2|6\n|gen|9\n|tier|[Gen 9] VGC 2024 Reg H\n|rated|\n|rule|Species Clause: Limit one of each Pok\u00e9mon\n|rule|Item Clause: Limit 1 of each item\n|clearpoke\n|poke|p1|Palafin, L50, M|\n|poke|p1|Kingdra, L50, M|\n|poke|p1|Politoed, L50, F|\n|poke|p1|Archaludon, L50, F|\n|poke|p1|Incineroar, L50, F|\n|poke|p1|Rillaboom, L50, M|\n|poke|p2|Sneasler, L50, M|\n|poke|p2|Ursaluna-Bloodmoon, L50, M|\n|poke|p2|Indeedee, L50, M|\n|poke|p2|Amoonguss, L50, M|\n|poke|p2|Arcanine-Hisui, L50, M|\n|poke|p2|Whimsicott, L50, M|\n|teampreview|4\n|inactive|Battle timer is ON: inactive players will automatically lose when time's up. (requested by brito150)\n|inactive|brito150 has 60 seconds left.\n|\n|t:|1732041030\n|start\n|switch|p1a: Archaludon|Archaludon, L50, F, shiny|100\/100\n|switch|p1b: Incineroar|Incineroar, L50, F, shiny|100\/100\n|switch|p2a: Sneasler|Sneasler, L50, M|100\/100\n|switch|p2b: Indeedee|Indeedee, L50, M|100\/100\n|-fieldstart|move: Psychic Terrain|[from] ability: Psychic Surge|[of] p2b: Indeedee\n|-enditem|p2a: Sneasler|Psychic Seed\n|-boost|p2a: Sneasler|spd|1|[from] item: Psychic Seed\n|-ability|p1b: Incineroar|Intimidate|boost\n|-unboost|p2a: Sneasler|atk|1\n|-unboost|p2b: Indeedee|atk|1\n|turn|1\n|inactive|brito150 has 30 seconds left.\n|inactive|brito150 has 20 seconds left.\n|inactive|brito150 has 15 seconds left.\n|\n|t:|1732041071\n|switch|p1a: Rillaboom|Rillaboom, L50, M, shiny|100\/100\n|-fieldstart|move: Grassy Terrain|[from] ability: Grassy Surge|[of] p1a: Rillaboom\n|move|p2a: Sneasler|Close Combat|p1a: Rillaboom\n|-damage|p1a: Rillaboom|53\/100\n|-unboost|p2a: Sneasler|def|1\n|-unboost|p2a: Sneasler|spd|1\n|move|p1b: Incineroar|Parting Shot|p2a: Sneasler\n|-unboost|p2a: Sneasler|atk|1\n|-unboost|p2a: Sneasler|spa|1\n|\n|t:|1732041081\n|switch|p1b: Archaludon|Archaludon, L50, F, shiny|100\/100|[from] Parting Shot\n|move|p2b: Indeedee|Trick Room|p2b: Indeedee\n|-fieldstart|move: Trick Room|[of] p2b: Indeedee\n|\n|-heal|p1a: Rillaboom|59\/100|[from] Grassy Terrain\n|upkeep\n|turn|2\n|\n|t:|1732041101\n|switch|p2b: Amoonguss|Amoonguss, L50, M|100\/100\n|move|p1b: Archaludon|Flash Cannon|p2b: Amoonguss\n|-damage|p2b: Amoonguss|67\/100\n|move|p1a: Rillaboom|Bullet Seed|p2b: Amoonguss\n|-resisted|p2b: Amoonguss\n|-damage|p2b: Amoonguss|63\/100\n|-resisted|p2b: Amoonguss\n|-damage|p2b: Amoonguss|60\/100\n|-resisted|p2b: Amoonguss\n|-damage|p2b: Amoonguss|57\/100\n|-resisted|p2b: Amoonguss\n|-damage|p2b: Amoonguss|54\/100\n|-hitcount|p2b: Amoonguss|4\n|move|p2a: Sneasler|Dire Claw|p1a: Rillaboom\n|-supereffective|p1a: Rillaboom\n|-damage|p1a: Rillaboom|18\/100\n|-status|p1a: Rillaboom|slp\n|\n|-heal|p2b: Amoonguss|60\/100|[from] Grassy Terrain\n|-heal|p1a: Rillaboom|24\/100 slp|[from] Grassy Terrain\n|upkeep\n|turn|3\n|\n|t:|1732041112\n|switch|p1a: Politoed|Politoed, L50, F, shiny|100\/100\n|-weather|RainDance|[from] ability: Drizzle|[of] p1a: Politoed\n|switch|p2a: Ursaluna|Ursaluna-Bloodmoon, L50, M|100\/100\n|-terastallize|p1b: Archaludon|Grass\n|move|p2b: Amoonguss|Spore|p1b: Archaludon\n|-immune|p1b: Archaludon\n|move|p1b: Archaludon|Electro Shot||[still]\n|-prepare|p1b: Archaludon|Electro Shot\n|-boost|p1b: Archaludon|spa|1\n|-anim|p1b: Archaludon|Electro Shot|p2a: Ursaluna\n|-immune|p2a: Ursaluna\n|\n|-weather|RainDance|[upkeep]\n|-heal|p2b: Amoonguss|66\/100|[from] Grassy Terrain\n|upkeep\n|turn|4\n|\n|t:|1732041131\n|switch|p1a: Incineroar|Incineroar, L50, F, shiny|100\/100\n|-ability|p1a: Incineroar|Intimidate|boost\n|-unboost|p2a: Ursaluna|atk|1\n|-unboost|p2b: Amoonguss|atk|1\n|-terastallize|p2a: Ursaluna|Normal\n|move|p2b: Amoonguss|Spore|p1a: Incineroar\n|-activate|p1a: Incineroar|item: Safety Goggles|Spore\n|move|p2a: Ursaluna|Blood Moon|p1b: Archaludon\n|-damage|p1b: Archaludon|3\/100\n|-ability|p1b: Archaludon|Stamina|boost\n|-boost|p1b: Archaludon|def|1\n|-damage|p2a: Ursaluna|91\/100|[from] item: Life Orb\n|move|p1b: Archaludon|Draco Meteor|p2a: Ursaluna\n|-damage|p2a: Ursaluna|0 fnt\n|-unboost|p1b: Archaludon|spa|2\n|faint|p2a: Ursaluna\n|\n|-weather|RainDance|[upkeep]\n|-heal|p2b: Amoonguss|72\/100|[from] Grassy Terrain\n|-heal|p1b: Archaludon|9\/100|[from] Grassy Terrain\n|upkeep\n|inactive|brito150 has 30 seconds left.\n|\n|t:|1732041158\n|switch|p2a: Sneasler|Sneasler, L50, M|100\/100\n|turn|5\n|\n|t:|1732041172\n|switch|p1b: Politoed|Politoed, L50, F, shiny|100\/100\n|move|p2b: Amoonguss|Clear Smog|p1b: Politoed\n|-damage|p1b: Politoed|89\/100\n|-clearboost|p1b: Politoed\n|move|p1a: Incineroar|Parting Shot|p2a: Sneasler\n|-unboost|p2a: Sneasler|atk|1\n|-unboost|p2a: Sneasler|spa|1\n|\n|t:|1732041181\n|switch|p1a: Archaludon|Archaludon, L50, F, shiny, tera:Grass|9\/100|[from] Parting Shot\n|move|p2a: Sneasler|Close Combat|p1a: Archaludon\n|-damage|p1a: Archaludon|0 fnt\n|-unboost|p2a: Sneasler|def|1\n|-unboost|p2a: Sneasler|spd|1\n|faint|p1a: Archaludon\n|\n|-weather|RainDance|[upkeep]\n|-heal|p2b: Amoonguss|78\/100|[from] Grassy Terrain\n|-heal|p1b: Politoed|95\/100|[from] Grassy Terrain\n|-fieldend|move: Trick Room\n|-fieldend|move: Grassy Terrain\n|upkeep\n|\n|t:|1732041183\n|switch|p1a: Incineroar|Incineroar, L50, F, shiny|100\/100\n|-ability|p1a: Incineroar|Intimidate|boost\n|-unboost|p2a: Sneasler|atk|1\n|-unboost|p2b: Amoonguss|atk|1\n|turn|6\n|inactive|KD-Alt-711 has 30 seconds left.\n|\n|t:|1732041209\n|switch|p2a: Indeedee|Indeedee, L50, M|100\/100\n|-fieldstart|move: Psychic Terrain|[from] ability: Psychic Surge|[of] p2a: Indeedee\n|move|p1a: Incineroar|Knock Off|p2b: Amoonguss\n|-damage|p2b: Amoonguss|45\/100\n|-damage|p1a: Incineroar|84\/100|[from] item: Rocky Helmet|[of] p2b: Amoonguss\n|-enditem|p2b: Amoonguss|Rocky Helmet|[from] move: Knock Off|[of] p1a: Incineroar\n|move|p1b: Politoed|Icy Wind|p2a: Indeedee|[spread] p2a,p2b\n|-supereffective|p2b: Amoonguss\n|-damage|p2a: Indeedee|87\/100\n|-damage|p2b: Amoonguss|27\/100\n|-unboost|p2a: Indeedee|spe|1\n|-unboost|p2b: Amoonguss|spe|1\n|move|p2b: Amoonguss|Spore|p1b: Politoed\n|-status|p1b: Politoed|slp|[from] move: Spore\n|\n|-weather|RainDance|[upkeep]\n|upkeep\n|turn|7\n|inactive|KD-Alt-711 has 30 seconds left.\n|inactive|KD-Alt-711 has 20 seconds left.\n|inactive|KD-Alt-711 has 15 seconds left.\n|inactive|KD-Alt-711 has 10 seconds left.\n|inactive|KD-Alt-711 has 5 seconds left.\n|\n|t:|1732041260\n|switch|p2b: Sneasler|Sneasler, L50, M|100\/100\n|move|p2a: Indeedee|Expanding Force|p1b: Politoed|[spread] p1b\n|-immune|p1a: Incineroar\n|-damage|p1b: Politoed|56\/100 slp\n|move|p1a: Incineroar|Knock Off|p2a: Indeedee\n|-supereffective|p2a: Indeedee\n|-damage|p2a: Indeedee|0 fnt\n|-enditem|p2a: Indeedee|Focus Sash|[from] move: Knock Off|[of] p1a: Incineroar\n|faint|p2a: Indeedee\n|cant|p1b: Politoed|slp\n|\n|-weather|none\n|upkeep\n|\n|t:|1732041268\n|switch|p2a: Amoonguss|Amoonguss, L50, M|60\/100\n|turn|8\n|\n|t:|1732041283\n|switch|p1a: Rillaboom|Rillaboom, L50, M, shiny|24\/100 slp\n|-fieldstart|move: Grassy Terrain|[from] ability: Grassy Surge|[of] p1a: Rillaboom\n|move|p2b: Sneasler|Close Combat|p1a: Rillaboom\n|-damage|p1a: Rillaboom|0 fnt\n|-unboost|p2b: Sneasler|def|1\n|-unboost|p2b: Sneasler|spd|1\n|faint|p1a: Rillaboom\n|cant|p1b: Politoed|slp\n|move|p2a: Amoonguss|Clear Smog|p1b: Politoed\n|-damage|p1b: Politoed|43\/100 slp\n|-clearboost|p1b: Politoed\n|-enditem|p1b: Politoed|Sitrus Berry|[eat]\n|-heal|p1b: Politoed|68\/100 slp|[from] item: Sitrus Berry\n|\n|-heal|p1b: Politoed|74\/100 slp|[from] Grassy Terrain\n|-heal|p2a: Amoonguss|66\/100|[from] Grassy Terrain\n|upkeep\n|\n|t:|1732041293\n|switch|p1a: Incineroar|Incineroar, L50, F, shiny|84\/100\n|-ability|p1a: Incineroar|Intimidate|boost\n|-unboost|p2a: Amoonguss|atk|1\n|-unboost|p2b: Sneasler|atk|1\n|turn|9\n|\n|t:|1732041308\n|move|p2b: Sneasler|Protect|p2b: Sneasler\n|-singleturn|p2b: Sneasler|Protect\n|move|p1a: Incineroar|Fake Out|p2a: Amoonguss\n|-damage|p2a: Amoonguss|57\/100\n|cant|p1b: Politoed|slp\n|cant|p2a: Amoonguss|flinch\n|\n|-heal|p1a: Incineroar|90\/100|[from] Grassy Terrain\n|-heal|p1b: Politoed|81\/100 slp|[from] Grassy Terrain\n|-heal|p2a: Amoonguss|63\/100|[from] Grassy Terrain\n|upkeep\n|turn|10\n|inactive|KD-Alt-711 has 30 seconds left.\n|\n|t:|1732041336\n|move|p2b: Sneasler|Close Combat|p1a: Incineroar\n|-supereffective|p1a: Incineroar\n|-damage|p1a: Incineroar|15\/100\n|-unboost|p2b: Sneasler|def|1\n|-unboost|p2b: Sneasler|spd|1\n|move|p1a: Incineroar|Knock Off|p2b: Sneasler\n|-resisted|p2b: Sneasler\n|-damage|p2b: Sneasler|58\/100\n|-curestatus|p1b: Politoed|slp|[msg]\n|move|p1b: Politoed|Icy Wind|p2a: Amoonguss|[spread] p2a,p2b\n|-supereffective|p2a: Amoonguss\n|-damage|p2a: Amoonguss|46\/100\n|-damage|p2b: Sneasler|30\/100\n|-unboost|p2a: Amoonguss|spe|1\n|-unboost|p2b: Sneasler|spe|1\n|move|p2a: Amoonguss|Spore|p1b: Politoed\n|-status|p1b: Politoed|slp|[from] move: Spore\n|\n|-heal|p2b: Sneasler|36\/100|[from] Grassy Terrain\n|-heal|p1a: Incineroar|21\/100|[from] Grassy Terrain\n|-heal|p1b: Politoed|87\/100 slp|[from] Grassy Terrain\n|-heal|p2a: Amoonguss|52\/100|[from] Grassy Terrain\n|upkeep\n|turn|11\n|\n|t:|1732041357\n|move|p1a: Incineroar|Protect|p1a: Incineroar\n|-singleturn|p1a: Incineroar|Protect\n|move|p2b: Sneasler|Close Combat|p1a: Incineroar\n|-activate|p1a: Incineroar|move: Protect\n|cant|p1b: Politoed|slp\n|move|p2a: Amoonguss|Clear Smog|p1b: Politoed\n|-damage|p1b: Politoed|76\/100 slp\n|-clearboost|p1b: Politoed\n|\n|-heal|p2b: Sneasler|42\/100|[from] Grassy Terrain\n|-heal|p1a: Incineroar|27\/100|[from] Grassy Terrain\n|-heal|p1b: Politoed|82\/100 slp|[from] Grassy Terrain\n|-heal|p2a: Amoonguss|58\/100|[from] Grassy Terrain\n|upkeep\n|turn|12\n|inactive|brito150 has 30 seconds left.\n|\n|t:|1732041385\n|move|p1a: Incineroar|Protect|p1a: Incineroar\n|-singleturn|p1a: Incineroar|Protect\n|move|p2b: Sneasler|Close Combat|p1a: Incineroar\n|-activate|p1a: Incineroar|move: Protect\n|cant|p1b: Politoed|slp\n|move|p2a: Amoonguss|Clear Smog|p2b: Sneasler\n|-resisted|p2b: Sneasler\n|-damage|p2b: Sneasler|20\/100\n|-clearboost|p2b: Sneasler\n|\n|-heal|p2b: Sneasler|26\/100|[from] Grassy Terrain\n|-heal|p1a: Incineroar|33\/100|[from] Grassy Terrain\n|-heal|p1b: Politoed|89\/100 slp|[from] Grassy Terrain\n|-heal|p2a: Amoonguss|63\/100|[from] Grassy Terrain\n|-fieldend|move: Grassy Terrain\n|upkeep\n|turn|13\n|\n|t:|1732041401\n|move|p2b: Sneasler|Protect|p2b: Sneasler\n|-singleturn|p2b: Sneasler|Protect\n|move|p1a: Incineroar|Protect||[still]\n|-fail|p1a: Incineroar\n|-curestatus|p1b: Politoed|slp|[msg]\n|move|p1b: Politoed|Weather Ball|p2b: Sneasler\n|-activate|p2b: Sneasler|move: Protect\n|move|p2a: Amoonguss|Spore|p1b: Politoed\n|-status|p1b: Politoed|slp|[from] move: Spore\n|\n|upkeep\n|turn|14\n|inactive|brito150 has 30 seconds left.\n|\n|t:|1732041428\n|move|p2b: Sneasler|Dire Claw|p1a: Incineroar\n|-damage|p1a: Incineroar|0 fnt\n|faint|p1a: Incineroar\n|cant|p1b: Politoed|slp\n|move|p2a: Amoonguss|Clear Smog|p1b: Politoed\n|-damage|p1b: Politoed|76\/100 slp\n|-clearboost|p1b: Politoed\n|\n|upkeep\n|turn|15\n|\n|t:|1732041439\n|move|p2b: Sneasler|Dire Claw|p1b: Politoed\n|-damage|p1b: Politoed|24\/100 slp\n|cant|p1b: Politoed|slp\n|move|p2a: Amoonguss|Clear Smog|p1b: Politoed\n|-damage|p1b: Politoed|12\/100 slp\n|-clearboost|p1b: Politoed\n|\n|upkeep\n|turn|16\n|-message|KD-Alt-711 forfeited.\n|\n|win|brito150\n|raw|KD-Alt-711's rating: 1699 &rarr; <strong>1677<\/strong><br \/>(-22 for losing)\n|raw|brito150's rating: 1659 &rarr; <strong>1681<\/strong><br \/>(+22 for winning)\n|c|\u2606brito150|gg\n|l|\u2606KD-Alt-711\n|player|p1|\n|l|\u2606brito150\n|player|p2|\n","uploadtime":1732041640,"views":6,"formatid":"gen9vgc2024regh","rating":1677,"private":0,"password":null}