{"id":"gen9vgc2024regh-2247558568","format":"[Gen 9] VGC 2024 Reg H","players":["Aki Hoshino","VGCLTH Rain"],"log":"|raw|<div class=\"broadcast-blue\"><strong>This battle is required to be public due to a player having a name starting with 'vgclth'.<\/div>\n|j|\u2606Aki Hoshino\n|j|\u2606VGCLTH Rain\n|t:|1732109190\n|gametype|doubles\n|player|p1|Aki Hoshino|aromalady|1662\n|player|p2|VGCLTH Rain|169|1723\n|teamsize|p1|6\n|teamsize|p2|6\n|gen|9\n|tier|[Gen 9] VGC 2024 Reg H\n|rated|\n|rule|Species Clause: Limit one of each Pok\u00e9mon\n|rule|Item Clause: Limit 1 of each item\n|clearpoke\n|poke|p1|Whimsicott, L50, F|\n|poke|p1|Dragapult, L50, M|\n|poke|p1|Ursaluna-Bloodmoon, L50, M|\n|poke|p1|Rillaboom, L50, F|\n|poke|p1|Gholdengo, L50|\n|poke|p1|Primarina, L50, M|\n|poke|p2|Typhlosion-Hisui, L50, M|\n|poke|p2|Glimmora, L50, M|\n|poke|p2|Grimmsnarl, L50, M|\n|poke|p2|Whimsicott, L50, M|\n|poke|p2|Ursaluna-Bloodmoon, L50, M|\n|poke|p2|Dusclops, L50, M|\n|teampreview|4\n|inactive|Battle timer is ON: inactive players will automatically lose when time's up. (requested by VGCLTH Rain)\n|\n|t:|1732109215\n|start\n|switch|p1a: Whimsicott|Whimsicott, L50, F|100\/100\n|switch|p1b: Ursaluna|Ursaluna-Bloodmoon, L50, M|100\/100\n|switch|p2a: Glimmora|Glimmora, L50, M|100\/100\n|switch|p2b: Grimmsnarl|Grimmsnarl, L50, M|100\/100\n|turn|1\n|inactive|Aki Hoshino has 30 seconds left.\n|inactive|Aki Hoshino has 20 seconds left.\n|\n|t:|1732109254\n|-terastallize|p1a: Whimsicott|Steel\n|move|p2b: Grimmsnarl|Light Screen|p2b: Grimmsnarl\n|-sidestart|p2: VGCLTH Rain|move: Light Screen\n|move|p2a: Glimmora|Mortal Spin|p1a: Whimsicott|[spread] p1b\n|-immune|p1a: Whimsicott\n|-resisted|p1b: Ursaluna\n|-damage|p1b: Ursaluna|99\/100\n|-status|p1b: Ursaluna|psn\n|move|p1a: Whimsicott|Moonblast|p2b: Grimmsnarl\n|-supereffective|p2b: Grimmsnarl\n|-crit|p2b: Grimmsnarl\n|-damage|p2b: Grimmsnarl|17\/100\n|move|p1b: Ursaluna|Blood Moon|p2b: Grimmsnarl\n|-damage|p2b: Grimmsnarl|0 fnt\n|faint|p2b: Grimmsnarl\n|\n|-damage|p1b: Ursaluna|87\/100 psn|[from] psn\n|upkeep\n|\n|t:|1732109267\n|switch|p2b: Dusclops|Dusclops, L50, M|100\/100\n|-item|p1a: Whimsicott|Pixie Plate|[from] ability: Frisk|[of] p2b: Dusclops\n|-item|p1b: Ursaluna|Assault Vest|[from] ability: Frisk|[of] p2b: Dusclops\n|turn|2\n|\n|t:|1732109287\n|move|p2a: Glimmora|Earth Power|p1a: Whimsicott\n|-supereffective|p1a: Whimsicott\n|-damage|p1a: Whimsicott|26\/100\n|-unboost|p1a: Whimsicott|spd|1\n|move|p1a: Whimsicott|Moonblast|p2a: Glimmora\n|-resisted|p2a: Glimmora\n|-damage|p2a: Glimmora|81\/100\n|move|p1b: Ursaluna|Earth Power|p2a: Glimmora\n|-supereffective|p2a: Glimmora\n|-damage|p2a: Glimmora|0 fnt\n|faint|p2a: Glimmora\n|move|p2b: Dusclops|Trick Room|p2b: Dusclops\n|-fieldstart|move: Trick Room|[of] p2b: Dusclops\n|\n|-damage|p1b: Ursaluna|75\/100 psn|[from] psn\n|upkeep\n|\n|t:|1732109293\n|switch|p2a: Ursaluna|Ursaluna-Bloodmoon, L50, M|100\/100\n|turn|3\n|\n|t:|1732109313\n|move|p1a: Whimsicott|Helping Hand|p1b: Ursaluna\n|-singleturn|p1b: Ursaluna|Helping Hand|[of] p1a: Whimsicott\n|move|p2b: Dusclops|Helping Hand|p2a: Ursaluna\n|-singleturn|p2a: Ursaluna|Helping Hand|[of] p2b: Dusclops\n|move|p2a: Ursaluna|Hyper Voice|p1a: Whimsicott|[spread] p1a,p1b\n|-resisted|p1a: Whimsicott\n|-damage|p1a: Whimsicott|0 fnt\n|-damage|p1b: Ursaluna|29\/100 psn\n|faint|p1a: Whimsicott\n|-enditem|p2a: Ursaluna|Throat Spray\n|-boost|p2a: Ursaluna|spa|1|[from] item: Throat Spray\n|move|p1b: Ursaluna|Blood Moon|p2a: Ursaluna\n|-damage|p2a: Ursaluna|6\/100\n|\n|-damage|p1b: Ursaluna|16\/100 psn|[from] psn\n|upkeep\n|j| Mixam91\n|\n|t:|1732109331\n|switch|p1a: Rillaboom|Rillaboom, L50, F|100\/100\n|-fieldstart|move: Grassy Terrain|[from] ability: Grassy Surge|[of] p1a: Rillaboom\n|turn|4\n|\n|t:|1732109350\n|move|p2a: Ursaluna|Protect|p2a: Ursaluna\n|-singleturn|p2a: Ursaluna|Protect\n|move|p1b: Ursaluna|Vacuum Wave|p2b: Dusclops\n|-damage|p2b: Dusclops|94\/100\n|move|p1a: Rillaboom|Grassy Glide|p2a: Ursaluna\n|-activate|p2a: Ursaluna|move: Protect\n|move|p2b: Dusclops|Will-O-Wisp|p1a: Rillaboom\n|-status|p1a: Rillaboom|brn\n|\n|-heal|p2b: Dusclops|100\/100|[from] Grassy Terrain\n|-heal|p2a: Ursaluna|12\/100|[from] Grassy Terrain\n|-heal|p1b: Ursaluna|22\/100 psn|[from] Grassy Terrain\n|-damage|p1b: Ursaluna|10\/100 psn|[from] psn\n|-damage|p1a: Rillaboom|94\/100 brn|[from] brn\n|upkeep\n|turn|5\n|\n|t:|1732109374\n|-terastallize|p2a: Ursaluna|Grass\n|move|p1b: Ursaluna|Vacuum Wave|p2a: Ursaluna\n|-damage|p2a: Ursaluna|0 fnt\n|faint|p2a: Ursaluna\n|move|p1a: Rillaboom|Grassy Glide|p2b: Dusclops\n|-damage|p2b: Dusclops|85\/100\n|-damage|p1a: Rillaboom|85\/100 brn|[from] item: Life Orb\n|move|p2b: Dusclops|Night Shade|p1a: Rillaboom\n|-damage|p1a: Rillaboom|60\/100 brn\n|\n|-heal|p2b: Dusclops|91\/100|[from] Grassy Terrain\n|-heal|p1b: Ursaluna|16\/100 psn|[from] Grassy Terrain\n|-heal|p1a: Rillaboom|66\/100 brn|[from] Grassy Terrain\n|-damage|p1b: Ursaluna|4\/100 psn|[from] psn\n|-damage|p1a: Rillaboom|60\/100 brn|[from] brn\n|upkeep\n|turn|6\n|\n|t:|1732109390\n|move|p2b: Dusclops|Night Shade|p1a: Rillaboom\n|-damage|p1a: Rillaboom|35\/100 brn\n|move|p1b: Ursaluna|Blood Moon|p2b: Dusclops\n|-damage|p2b: Dusclops|64\/100\n|move|p1a: Rillaboom|Wood Hammer|p2b: Dusclops\n|-damage|p2b: Dusclops|32\/100\n|-damage|p1a: Rillaboom|27\/100 brn|[from] Recoil\n|-damage|p1a: Rillaboom|17\/100 brn|[from] item: Life Orb\n|\n|-heal|p2b: Dusclops|38\/100|[from] Grassy Terrain\n|-heal|p1b: Ursaluna|10\/100 psn|[from] Grassy Terrain\n|-heal|p1a: Rillaboom|23\/100 brn|[from] Grassy Terrain\n|-damage|p1b: Ursaluna|0 fnt|[from] psn\n|faint|p1b: Ursaluna\n|-damage|p1a: Rillaboom|17\/100 brn|[from] brn\n|-fieldend|move: Trick Room\n|upkeep\n|-message|VGCLTH Rain forfeited.\n|\n|win|Aki Hoshino\n|raw|Aki Hoshino's rating: 1662 &rarr; <strong>1685<\/strong><br \/>(+23 for winning)\n|raw|VGCLTH Rain's rating: 1723 &rarr; <strong>1700<\/strong><br \/>(-23 for losing)\n|l|\u2606Aki Hoshino\n|player|p1|\n|l| Mixam91\n","uploadtime":1732109619,"views":14,"formatid":"gen9vgc2024regh","rating":1685,"private":0,"password":null}