{"id":"gen9vgc2024regh-2247058052","format":"[Gen 9] VGC 2024 Reg H","players":["KD-Alt-711","quinn2"],"log":"|j|\u2606KD-Alt-711\n|j|\u2606quinn2\n|t:|1732041981\n|gametype|doubles\n|player|p1|KD-Alt-711|265|1677\n|player|p2|quinn2|1|1730\n|teamsize|p1|6\n|teamsize|p2|6\n|gen|9\n|tier|[Gen 9] VGC 2024 Reg H\n|rated|\n|rule|Species Clause: Limit one of each Pok\u00e9mon\n|rule|Item Clause: Limit 1 of each item\n|clearpoke\n|poke|p1|Palafin, L50, M|\n|poke|p1|Kingdra, L50, F|\n|poke|p1|Politoed, L50, M|\n|poke|p1|Archaludon, L50, M|\n|poke|p1|Incineroar, L50, M|\n|poke|p1|Rillaboom, L50, M|\n|poke|p2|Kleavor, L50, M|\n|poke|p2|Samurott-Hisui, L50, F|\n|poke|p2|Whimsicott, L50, F|\n|poke|p2|Dragapult, L50, M|\n|poke|p2|Rillaboom, L50, M|\n|poke|p2|Gholdengo, L50|\n|teampreview|4\n|inactive|Battle timer is ON: inactive players will automatically lose when time's up. (requested by KD-Alt-711)\n|inactive|quinn2 has 60 seconds left.\n|\n|t:|1732042043\n|start\n|switch|p1a: Palafin|Palafin, L50, M, shiny|100\/100\n|switch|p1b: Kingdra|Kingdra, L50, F, shiny|100\/100\n|switch|p2a: Kleavor|Kleavor, L50, M|100\/100\n|switch|p2b: Whimsicott|Whimsicott, L50, F|100\/100\n|turn|1\n|\n|t:|1732042063\n|switch|p1b: Archaludon|Archaludon, L50, M, shiny|100\/100\n|move|p2b: Whimsicott|Tailwind|p2b: Whimsicott\n|-sidestart|p2: quinn2|move: Tailwind\n|move|p1a: Palafin|Jet Punch|p2a: Kleavor\n|-supereffective|p2a: Kleavor\n|-damage|p2a: Kleavor|31\/100\n|move|p2a: Kleavor|X-Scissor|p1b: Archaludon\n|-resisted|p1b: Archaludon\n|-damage|p1b: Archaludon|78\/100\n|-ability|p1b: Archaludon|Stamina|boost\n|-boost|p1b: Archaludon|def|1\n|\n|upkeep\n|turn|2\n|\n|t:|1732042080\n|switch|p2a: Samurott|Samurott-Hisui, L50, F|100\/100\n|move|p1a: Palafin|Jet Punch|p2a: Samurott\n|-resisted|p2a: Samurott\n|-damage|p2a: Samurott|84\/100\n|move|p2b: Whimsicott|Moonblast|p1a: Palafin\n|-damage|p1a: Palafin|67\/100\n|move|p1b: Archaludon|Flash Cannon|p2b: Whimsicott\n|-supereffective|p2b: Whimsicott\n|-damage|p2b: Whimsicott|12\/100\n|\n|upkeep\n|turn|3\n|inactive|KD-Alt-711 has 30 seconds left.\n|\n|t:|1732042117\n|move|p2b: Whimsicott|Helping Hand|p2a: Samurott\n|-singleturn|p2a: Samurott|Helping Hand|[of] p2b: Whimsicott\n|move|p1a: Palafin|Jet Punch|p2b: Whimsicott\n|-resisted|p2b: Whimsicott\n|-damage|p2b: Whimsicott|0 fnt\n|faint|p2b: Whimsicott\n|move|p2a: Samurott|Sacred Sword|p1b: Archaludon\n|-supereffective|p1b: Archaludon\n|-damage|p1b: Archaludon|0 fnt\n|faint|p1b: Archaludon\n|\n|upkeep\n|\n|t:|1732042132\n|switch|p2b: Dragapult|Dragapult, L50, M|100\/100\n|switch|p1b: Kingdra|Kingdra, L50, F, shiny|100\/100\n|turn|4\n|inactive|quinn2 has 30 seconds left.\n|\n|t:|1732042161\n|move|p1b: Kingdra|Protect|p1b: Kingdra\n|-singleturn|p1b: Kingdra|Protect\n|move|p1a: Palafin|Protect|p1a: Palafin\n|-singleturn|p1a: Palafin|Protect\n|move|p2b: Dragapult|Dragon Darts|p1b: Kingdra\n|-activate|p1a: Palafin|move: Protect\n|move|p2a: Samurott|Ceaseless Edge|p1b: Kingdra\n|-activate|p1b: Kingdra|move: Protect\n|\n|-sideend|p2: quinn2|move: Tailwind\n|upkeep\n|turn|5\n|\n|t:|1732042175\n|detailschange|p1a: Palafin|Palafin-Hero, L50, M, shiny\n|switch|p1a: Politoed|Politoed, L50, M, shiny|100\/100\n|-weather|RainDance|[from] ability: Drizzle|[of] p1a: Politoed\n|move|p1b: Kingdra|Draco Meteor|p2b: Dragapult\n|-supereffective|p2b: Dragapult\n|-damage|p2b: Dragapult|0 fnt\n|-unboost|p1b: Kingdra|spa|2\n|faint|p2b: Dragapult\n|-damage|p1b: Kingdra|91\/100|[from] item: Life Orb\n|move|p2a: Samurott|Ceaseless Edge|p1b: Kingdra\n|-damage|p1b: Kingdra|30\/100\n|-sidestart|p1: KD-Alt-711|Spikes\n|\n|-weather|RainDance|[upkeep]\n|upkeep\n|\n|t:|1732042182\n|switch|p2b: Kleavor|Kleavor, L50, M|31\/100\n|turn|6\n|inactive|quinn2 has 30 seconds left.\n|\n|t:|1732042210\n|move|p2a: Samurott|Sucker Punch|p1b: Kingdra\n|-damage|p1b: Kingdra|0 fnt\n|faint|p1b: Kingdra\n|move|p2b: Kleavor|X-Scissor|p1a: Politoed\n|-damage|p1a: Politoed|29\/100\n|-enditem|p1a: Politoed|Sitrus Berry|[eat]\n|-heal|p1a: Politoed|54\/100|[from] item: Sitrus Berry\n|move|p1a: Politoed|Weather Ball|p2b: Kleavor\n|-supereffective|p2b: Kleavor\n|-damage|p2b: Kleavor|0 fnt\n|faint|p2b: Kleavor\n|\n|-weather|RainDance|[upkeep]\n|upkeep\n|\n|t:|1732042215\n|switch|p1b: Palafin|Palafin-Hero, L50, M, shiny|67\/100\n|-damage|p1b: Palafin|55\/100|[from] Spikes\n|-activate|p1b: Palafin|ability: Zero to Hero\n|turn|7\n|\n|t:|1732042229\n|-terastallize|p1b: Palafin|Water\n|move|p1a: Politoed|Helping Hand|p1b: Palafin\n|-singleturn|p1b: Palafin|Helping Hand|[of] p1a: Politoed\n|move|p1b: Palafin|Jet Punch|p2a: Samurott\n|-resisted|p2a: Samurott\n|-damage|p2a: Samurott|0 fnt\n|faint|p2a: Samurott\n|\n|win|KD-Alt-711\n|raw|KD-Alt-711's rating: 1677 &rarr; <strong>1700<\/strong><br \/>(+23 for winning)\n|raw|quinn2's rating: 1730 &rarr; <strong>1707<\/strong><br \/>(-23 for losing)\n|l|\u2606quinn2\n|player|p2|\n|l|\u2606KD-Alt-711\n|player|p1|\n","uploadtime":1732042471,"views":25,"formatid":"gen9vgc2024regh","rating":1700,"private":0,"password":null}