{"id":"gen9vgc2024regh-2247399080","format":"[Gen 9] VGC 2024 Reg H","players":["Mode Harambe","bubblesburst"],"log":"|j|\u2606Mode Harambe\n|j|\u2606bubblesburst\n|t:|1732081580\n|gametype|doubles\n|player|p1|Mode Harambe|red|1738\n|player|p2|bubblesburst|170|1667\n|teamsize|p1|6\n|teamsize|p2|6\n|gen|9\n|tier|[Gen 9] VGC 2024 Reg H\n|rated|\n|rule|Species Clause: Limit one of each Pok\u00e9mon\n|rule|Item Clause: Limit 1 of each item\n|clearpoke\n|poke|p1|Ursaluna, L50, F|\n|poke|p1|Jumpluff, L50, M|\n|poke|p1|Charizard, L50, M|\n|poke|p1|Torkoal, L50, M|\n|poke|p1|Archaludon, L50, F|\n|poke|p1|Sneasler, L50, M|\n|poke|p2|Gholdengo, L50|\n|poke|p2|Sneasler, L50, F|\n|poke|p2|Rillaboom, L50, M|\n|poke|p2|Kingambit, L50, M|\n|poke|p2|Incineroar, L50, M|\n|poke|p2|Dragonite, L50, F|\n|teampreview|4\n|\n|t:|1732081615\n|start\n|switch|p1a: Jumpluff|Jumpluff, L50, M|100\/100\n|switch|p1b: Torkoal|Torkoal, L50, M|100\/100\n|switch|p2a: Dragonite|Dragonite, L50, F|100\/100\n|switch|p2b: Sneasler|Sneasler, L50, F|100\/100\n|-weather|SunnyDay|[from] ability: Drought|[of] p1b: Torkoal\n|turn|1\n|\n|t:|1732081631\n|move|p1a: Jumpluff|Sleep Powder|p2b: Sneasler\n|-status|p2b: Sneasler|slp|[from] move: Sleep Powder\n|cant|p2b: Sneasler|slp\n|move|p2a: Dragonite|Scale Shot|p1b: Torkoal\n|-damage|p1b: Torkoal|88\/100\n|-damage|p1b: Torkoal|76\/100\n|-damage|p1b: Torkoal|64\/100\n|-damage|p1b: Torkoal|53\/100\n|-hitcount|p1b: Torkoal|4\n|-unboost|p2a: Dragonite|def|1\n|-boost|p2a: Dragonite|spe|1\n|move|p1b: Torkoal|Eruption|p2b: Sneasler|[spread] p2a,p2b\n|-resisted|p2a: Dragonite\n|-damage|p2a: Dragonite|91\/100\n|-damage|p2b: Sneasler|45\/100 slp\n|\n|-weather|SunnyDay|[upkeep]\n|upkeep\n|turn|2\n|\n|t:|1732081651\n|switch|p1b: Charizard|Charizard, L50, M|100\/100\n|move|p2a: Dragonite|Protect|p2a: Dragonite\n|-singleturn|p2a: Dragonite|Protect\n|move|p1a: Jumpluff|Sleep Powder|p2a: Dragonite\n|-activate|p2a: Dragonite|move: Protect\n|cant|p2b: Sneasler|slp\n|\n|-weather|SunnyDay|[upkeep]\n|-damage|p1b: Charizard|88\/100|[from] ability: Solar Power|[of] p1b: Charizard\n|upkeep\n|turn|3\n|inactive|Battle timer is ON: inactive players will automatically lose when time's up. (requested by Mode Harambe)\n|j| iammistagrinch\n|j| sprocke123\n|inactive|bubblesburst has 60 seconds left.\n|\n|t:|1732081698\n|switch|p1a: Ursaluna|Ursaluna, L50, F|100\/100\n|move|p2a: Dragonite|Protect||[still]\n|-fail|p2a: Dragonite\n|-curestatus|p2b: Sneasler|slp|[msg]\n|move|p2b: Sneasler|Dire Claw|p1a: Ursaluna\n|-resisted|p1a: Ursaluna\n|-damage|p1a: Ursaluna|84\/100\n|-status|p1a: Ursaluna|psn\n|move|p1b: Charizard|Heat Wave|p2b: Sneasler|[spread] p2a,p2b\n|-resisted|p2a: Dragonite\n|-crit|p2a: Dragonite\n|-crit|p2b: Sneasler\n|-damage|p2a: Dragonite|9\/100\n|-damage|p2b: Sneasler|0 fnt\n|faint|p2b: Sneasler\n|\n|-weather|SunnyDay|[upkeep]\n|-damage|p1b: Charizard|76\/100|[from] ability: Solar Power|[of] p1b: Charizard\n|-damage|p1a: Ursaluna|72\/100 psn|[from] psn\n|upkeep\n|\n|t:|1732081721\n|switch|p2b: Gholdengo|Gholdengo, L50|100\/100\n|turn|4\n|\n|t:|1732081733\n|move|p1a: Ursaluna|Protect|p1a: Ursaluna\n|-singleturn|p1a: Ursaluna|Protect\n|move|p2a: Dragonite|Scale Shot|p1b: Charizard\n|-damage|p1b: Charizard|55\/100\n|-damage|p1b: Charizard|35\/100\n|-damage|p1b: Charizard|14\/100\n|-damage|p1b: Charizard|0 fnt\n|faint|p1b: Charizard\n|-hitcount|p1: Charizard|4\n|-unboost|p2a: Dragonite|def|1\n|-boost|p2a: Dragonite|spe|1\n|move|p2b: Gholdengo|Make It Rain|p1a: Ursaluna\n|-activate|p1a: Ursaluna|move: Protect\n|\n|-weather|SunnyDay|[upkeep]\n|-damage|p1a: Ursaluna|60\/100 psn|[from] psn\n|upkeep\n|\n|t:|1732081739\n|switch|p1b: Jumpluff|Jumpluff, L50, M|100\/100\n|turn|5\n|\n|t:|1732081758\n|switch|p1a: Torkoal|Torkoal, L50, M|53\/100\n|-terastallize|p1b: Jumpluff|Water\n|-terastallize|p2b: Gholdengo|Steel\n|move|p2a: Dragonite|Protect|p2a: Dragonite\n|-singleturn|p2a: Dragonite|Protect\n|move|p1b: Jumpluff|Sleep Powder|p2a: Dragonite\n|-activate|p2a: Dragonite|move: Protect\n|move|p2b: Gholdengo|Make It Rain|p1a: Torkoal|[spread] p1a,p1b\n|-resisted|p1a: Torkoal\n|-resisted|p1b: Jumpluff\n|-crit|p1b: Jumpluff\n|-damage|p1a: Torkoal|0 fnt\n|-damage|p1b: Jumpluff|26\/100\n|-unboost|p2b: Gholdengo|spa|1\n|faint|p1a: Torkoal\n|\n|-weather|none\n|upkeep\n|\n|t:|1732081766\n|switch|p1a: Ursaluna|Ursaluna, L50, F|60\/100 psn\n|turn|6\n|\n|t:|1732081779\n|move|p2a: Dragonite|Scale Shot|p1b: Jumpluff|[miss]\n|-miss|p2a: Dragonite|p1b: Jumpluff\n|move|p1b: Jumpluff|Tailwind|p1b: Jumpluff\n|-sidestart|p1: Mode Harambe|move: Tailwind\n|move|p1a: Ursaluna|Earthquake|p2b: Gholdengo|[spread] p1b,p2b\n|-immune|p2a: Dragonite\n|-supereffective|p2b: Gholdengo\n|-damage|p1b: Jumpluff|0 fnt\n|-damage|p2b: Gholdengo|0 fnt\n|faint|p1b: Jumpluff\n|faint|p2b: Gholdengo\n|\n|-damage|p1a: Ursaluna|48\/100 psn|[from] psn\n|upkeep\n|\n|t:|1732081790\n|switch|p2b: Kingambit|Kingambit, L50, M|100\/100\n|turn|7\n|\n|t:|1732081797\n|move|p2b: Kingambit|Sucker Punch|p1a: Ursaluna\n|-damage|p1a: Ursaluna|7\/100 psn\n|move|p2a: Dragonite|Scale Shot|p1a: Ursaluna\n|-damage|p1a: Ursaluna|0 fnt\n|faint|p1a: Ursaluna\n|-hitcount|p1: Ursaluna|1\n|\n|win|bubblesburst\n|raw|Mode Harambe's rating: 1738 &rarr; <strong>1714<\/strong><br \/>(-24 for losing)\n|raw|bubblesburst's rating: 1667 &rarr; <strong>1691<\/strong><br \/>(+24 for winning)\n|l|\u2606Mode Harambe\n|player|p1|\n|l| sprocke123\n|l|\u2606bubblesburst\n|player|p2|\n|l| iammistagrinch\n","uploadtime":1732082015,"views":15,"formatid":"gen9vgc2024regh","rating":1691,"private":0,"password":null}