{"id":"gen9vgc2024regh-2247432206","format":"[Gen 9] VGC 2024 Reg H","players":["KaeDeeeeee","bmmjVGC"],"log":"|j|\u2606KaeDeeeeee\n|j|\u2606bmmjVGC\n|t:|1732088094\n|gametype|doubles\n|player|p1|KaeDeeeeee|gardenia|1723\n|player|p2|bmmjVGC|caitlin|1754\n|teamsize|p1|6\n|teamsize|p2|6\n|gen|9\n|tier|[Gen 9] VGC 2024 Reg H\n|rated|\n|rule|Species Clause: Limit one of each Pok\u00e9mon\n|rule|Item Clause: Limit 1 of each item\n|clearpoke\n|poke|p1|Dondozo, L50, M|\n|poke|p1|Tatsugiri, L50, F|\n|poke|p1|Pelipper, L50, M|\n|poke|p1|Basculegion, L50, M|\n|poke|p1|Breloom, L50, M|\n|poke|p1|Gholdengo, L50|\n|poke|p2|Baxcalibur, L50, M|\n|poke|p2|Rillaboom, L50, M|\n|poke|p2|Dondozo, L50, M|\n|poke|p2|Volcarona, L50, F|\n|poke|p2|Kingambit, L50, M|\n|poke|p2|Annihilape, L50, F|\n|teampreview|4\n|inactive|Battle timer is ON: inactive players will automatically lose when time's up. (requested by bmmjVGC)\n|\n|t:|1732088120\n|start\n|switch|p1a: Dondozo|Dondozo, L50, M|100\/100\n|switch|p1b: Pelipper|Pelipper, L50, M|100\/100\n|switch|p2a: Volcarona|Volcarona, L50, F, shiny|100\/100\n|switch|p2b: Annihilape|Annihilape, L50, F, shiny|100\/100\n|-weather|RainDance|[from] ability: Drizzle|[of] p1b: Pelipper\n|turn|1\n|\n|t:|1732088138\n|switch|p2b: Dondozo|Dondozo, L50, M, shiny|100\/100\n|switch|p1b: Tatsugiri|Tatsugiri, L50, F|100\/100\n|-activate|p1b: Tatsugiri|ability: Commander|[of] p1a: Dondozo\n|-boost|p1a: Dondozo|atk|2\n|-boost|p1a: Dondozo|spa|2\n|-boost|p1a: Dondozo|spe|2\n|-boost|p1a: Dondozo|def|2\n|-boost|p1a: Dondozo|spd|2\n|-terastallize|p1a: Dondozo|Ghost\n|move|p2a: Volcarona|Protect|p2a: Volcarona\n|-singleturn|p2a: Volcarona|Protect\n|move|p1a: Dondozo|Surf|p2a: Volcarona|[spread] p2b\n|-miss|p1a: Dondozo|p1b: Tatsugiri\n|-activate|p2a: Volcarona|move: Protect\n|-resisted|p2b: Dondozo\n|-damage|p2b: Dondozo|81\/100\n|\n|-weather|RainDance|[upkeep]\n|-heal|p2b: Dondozo|87\/100|[from] item: Leftovers\n|upkeep\n|turn|2\n|\n|t:|1732088161\n|switch|p2a: Rillaboom|Rillaboom, L50, M, shiny|100\/100\n|-fieldstart|move: Grassy Terrain|[from] ability: Grassy Surge|[of] p2a: Rillaboom\n|move|p1a: Dondozo|Surf|p2b: Dondozo|[spread] p2a,p2b\n|-miss|p1a: Dondozo|p1b: Tatsugiri\n|-resisted|p2a: Rillaboom\n|-resisted|p2b: Dondozo\n|-crit|p2b: Dondozo\n|-damage|p2a: Rillaboom|60\/100\n|-damage|p2b: Dondozo|56\/100\n|move|p2b: Dondozo|Yawn|p1a: Dondozo\n|-start|p1a: Dondozo|move: Yawn|[of] p2b: Dondozo\n|\n|-weather|RainDance|[upkeep]\n|-heal|p2a: Rillaboom|66\/100|[from] Grassy Terrain\n|-heal|p2b: Dondozo|63\/100|[from] Grassy Terrain\n|-heal|p2b: Dondozo|69\/100|[from] item: Leftovers\n|upkeep\n|turn|3\n|\n|t:|1732088184\n|move|p2a: Rillaboom|Grassy Glide|p1a: Dondozo\n|-damage|p1a: Dondozo|87\/100\n|move|p1a: Dondozo|Surf|p2b: Dondozo|[spread] p2a,p2b\n|-miss|p1a: Dondozo|p1b: Tatsugiri\n|-resisted|p2a: Rillaboom\n|-crit|p2a: Rillaboom\n|-resisted|p2b: Dondozo\n|-damage|p2a: Rillaboom|11\/100\n|-damage|p2b: Dondozo|48\/100\n|move|p2b: Dondozo|Fissure|p1a: Dondozo|[miss]\n|-miss|p2b: Dondozo|p1a: Dondozo\n|\n|-weather|RainDance|[upkeep]\n|-heal|p1a: Dondozo|93\/100|[from] Grassy Terrain\n|-heal|p2a: Rillaboom|16\/100|[from] Grassy Terrain\n|-heal|p2b: Dondozo|54\/100|[from] Grassy Terrain\n|-heal|p2b: Dondozo|61\/100|[from] item: Leftovers\n|-end|p1a: Dondozo|move: Yawn|[silent]\n|-status|p1a: Dondozo|slp\n|upkeep\n|turn|4\n|\n|t:|1732088209\n|switch|p2a: Annihilape|Annihilape, L50, F, shiny|100\/100\n|cant|p1a: Dondozo|slp\n|move|p2b: Dondozo|Fissure|p1a: Dondozo|[miss]\n|-miss|p2b: Dondozo|p1a: Dondozo\n|\n|-weather|RainDance|[upkeep]\n|-heal|p1a: Dondozo|99\/100 slp|[from] Grassy Terrain\n|-heal|p2b: Dondozo|67\/100|[from] Grassy Terrain\n|-heal|p2b: Dondozo|73\/100|[from] item: Leftovers\n|upkeep\n|turn|5\n|j| riakokan\n|\n|t:|1732088224\n|-curestatus|p1a: Dondozo|slp|[msg]\n|move|p1a: Dondozo|Surf|p2b: Dondozo|[spread] p2a,p2b\n|-miss|p1a: Dondozo|p1b: Tatsugiri\n|-resisted|p2b: Dondozo\n|-enditem|p2a: Annihilape|Focus Sash\n|-damage|p2a: Annihilape|1\/100\n|-damage|p2b: Dondozo|55\/100\n|move|p2a: Annihilape|Coaching|p2b: Dondozo\n|-boost|p2b: Dondozo|atk|1\n|-boost|p2b: Dondozo|def|1\n|move|p2b: Dondozo|Fissure|p1a: Dondozo|[miss]\n|-miss|p2b: Dondozo|p1a: Dondozo\n|\n|-weather|RainDance|[upkeep]\n|-heal|p1a: Dondozo|100\/100|[from] Grassy Terrain\n|-heal|p2a: Annihilape|7\/100|[from] Grassy Terrain\n|-heal|p2b: Dondozo|61\/100|[from] Grassy Terrain\n|-heal|p2b: Dondozo|68\/100|[from] item: Leftovers\n|upkeep\n|turn|6\n|\n|t:|1732088245\n|move|p1a: Dondozo|Surf|p2b: Dondozo|[spread] p2a,p2b\n|-miss|p1a: Dondozo|p1b: Tatsugiri\n|-resisted|p2b: Dondozo\n|-damage|p2a: Annihilape|0 fnt\n|-damage|p2b: Dondozo|47\/100\n|faint|p2a: Annihilape\n|move|p2b: Dondozo|Yawn|p1a: Dondozo\n|-start|p1a: Dondozo|move: Yawn|[of] p2b: Dondozo\n|\n|-weather|RainDance|[upkeep]\n|-heal|p2b: Dondozo|54\/100|[from] Grassy Terrain\n|-heal|p2b: Dondozo|60\/100|[from] item: Leftovers\n|-fieldend|move: Grassy Terrain\n|upkeep\n|\n|t:|1732088258\n|switch|p2a: Volcarona|Volcarona, L50, F, shiny|100\/100\n|turn|7\n|\n|t:|1732088263\n|move|p2a: Volcarona|Protect|p2a: Volcarona\n|-singleturn|p2a: Volcarona|Protect\n|move|p1a: Dondozo|Surf|p2a: Volcarona|[spread] p2b\n|-miss|p1a: Dondozo|p1b: Tatsugiri\n|-activate|p2a: Volcarona|move: Protect\n|-resisted|p2b: Dondozo\n|-damage|p2b: Dondozo|39\/100\n|move|p2b: Dondozo|Fissure|p1a: Dondozo|[miss]\n|-miss|p2b: Dondozo|p1a: Dondozo\n|\n|-weather|RainDance|[upkeep]\n|-heal|p2b: Dondozo|45\/100|[from] item: Leftovers\n|-end|p1a: Dondozo|move: Yawn|[silent]\n|-status|p1a: Dondozo|slp\n|upkeep\n|turn|8\n|\n|t:|1732088280\n|cant|p1a: Dondozo|slp\n|move|p2a: Volcarona|Quiver Dance|p2a: Volcarona\n|-boost|p2a: Volcarona|spa|1\n|-boost|p2a: Volcarona|spd|1\n|-boost|p2a: Volcarona|spe|1\n|move|p2b: Dondozo|Fissure|p1a: Dondozo|[miss]\n|-miss|p2b: Dondozo|p1a: Dondozo\n|\n|-weather|none\n|-heal|p2b: Dondozo|51\/100|[from] item: Leftovers\n|upkeep\n|turn|9\n|\n|t:|1732088293\n|move|p2a: Volcarona|Protect|p2a: Volcarona\n|-singleturn|p2a: Volcarona|Protect\n|cant|p1a: Dondozo|slp\n|move|p2b: Dondozo|Fissure|p1a: Dondozo|[miss]\n|-miss|p2b: Dondozo|p1a: Dondozo\n|\n|-heal|p2b: Dondozo|58\/100|[from] item: Leftovers\n|upkeep\n|turn|10\n|\n|t:|1732088309\n|-terastallize|p2a: Volcarona|Fairy\n|move|p2a: Volcarona|Quiver Dance|p2a: Volcarona\n|-boost|p2a: Volcarona|spa|1\n|-boost|p2a: Volcarona|spd|1\n|-boost|p2a: Volcarona|spe|1\n|-curestatus|p1a: Dondozo|slp|[msg]\n|move|p1a: Dondozo|Surf|p2a: Volcarona|[spread] p2a,p2b\n|-miss|p1a: Dondozo|p1b: Tatsugiri\n|-resisted|p2b: Dondozo\n|-damage|p2a: Volcarona|30\/100\n|-damage|p2b: Dondozo|43\/100\n|move|p2b: Dondozo|Fissure|p1a: Dondozo|[miss]\n|-miss|p2b: Dondozo|p1a: Dondozo\n|\n|-heal|p2b: Dondozo|50\/100|[from] item: Leftovers\n|upkeep\n|turn|11\n|\n|t:|1732088327\n|move|p2a: Volcarona|Protect|p2a: Volcarona\n|-singleturn|p2a: Volcarona|Protect\n|move|p1a: Dondozo|Surf|p2a: Volcarona|[spread] p2b\n|-miss|p1a: Dondozo|p1b: Tatsugiri\n|-activate|p2a: Volcarona|move: Protect\n|-resisted|p2b: Dondozo\n|-damage|p2b: Dondozo|37\/100\n|move|p2b: Dondozo|Fissure|p1a: Dondozo|[miss]\n|-miss|p2b: Dondozo|p1a: Dondozo\n|\n|-heal|p2b: Dondozo|43\/100|[from] item: Leftovers\n|upkeep\n|turn|12\n|-message|bmmjVGC forfeited.\n|\n|win|KaeDeeeeee\n|raw|KaeDeeeeee's rating: 1723 &rarr; <strong>1745<\/strong><br \/>(+22 for winning)\n|raw|bmmjVGC's rating: 1754 &rarr; <strong>1732<\/strong><br \/>(-22 for losing)\n|l|\u2606bmmjVGC\n|player|p2|\n|l|\u2606KaeDeeeeee\n|player|p1|\n","uploadtime":1732088520,"views":13,"formatid":"gen9vgc2024regh","rating":1732,"private":0,"password":null}