{"id":"gen9vgc2024regh-2247389509","format":"[Gen 9] VGC 2024 Reg H","players":["testy accounty 2","Mode Harambe"],"log":"|j|\u2606testy accounty 2\n|j|\u2606Mode Harambe\n|t:|1732079877\n|gametype|doubles\n|player|p1|testy accounty 2|102|1737\n|player|p2|Mode Harambe|red|1664\n|teamsize|p1|6\n|teamsize|p2|6\n|gen|9\n|tier|[Gen 9] VGC 2024 Reg H\n|rated|\n|rule|Species Clause: Limit one of each Pok\u00e9mon\n|rule|Item Clause: Limit 1 of each item\n|clearpoke\n|poke|p1|Pelipper, L50, F|\n|poke|p1|Archaludon, L50, F|\n|poke|p1|Sneasler, L50, M|\n|poke|p1|Dragonite, L50, F|\n|poke|p1|Basculegion, L50, M|\n|poke|p1|Rillaboom, L50, F|\n|poke|p2|Ursaluna, L50, M|\n|poke|p2|Jumpluff, L50, F|\n|poke|p2|Charizard, L50, M|\n|poke|p2|Torkoal, L50, M|\n|poke|p2|Archaludon, L50, F|\n|poke|p2|Sneasler, L50, M|\n|teampreview|4\n|\n|t:|1732079922\n|start\n|switch|p1a: Dragonite|Dragonite, L50, F, shiny|100\/100\n|switch|p1b: Rillaboom|Rillaboom, L50, F|100\/100\n|switch|p2a: Archaludon|Archaludon, L50, F|100\/100\n|switch|p2b: Jumpluff|Jumpluff, L50, F|100\/100\n|-fieldstart|move: Grassy Terrain|[from] ability: Grassy Surge|[of] p1b: Rillaboom\n|turn|1\n|\n|t:|1732079961\n|move|p2b: Jumpluff|Sleep Powder|p1a: Dragonite\n|-status|p1a: Dragonite|slp|[from] move: Sleep Powder\n|-enditem|p1a: Dragonite|Lum Berry|[eat]\n|-curestatus|p1a: Dragonite|slp|[msg]\n|move|p2a: Archaludon|Electro Shot||[still]\n|-prepare|p2a: Archaludon|Electro Shot\n|-boost|p2a: Archaludon|spa|1\n|-enditem|p2a: Archaludon|Power Herb\n|-anim|p2a: Archaludon|Electro Shot|p1a: Dragonite\n|-damage|p1a: Dragonite|67\/100\n|move|p1a: Dragonite|Stomping Tantrum|p2a: Archaludon\n|-supereffective|p2a: Archaludon\n|-damage|p2a: Archaludon|53\/100\n|move|p1b: Rillaboom|Taunt|p2b: Jumpluff\n|-start|p2b: Jumpluff|move: Taunt\n|\n|-heal|p2a: Archaludon|59\/100|[from] Grassy Terrain\n|upkeep\n|turn|2\n|inactive|Battle timer is ON: inactive players will automatically lose when time's up. (requested by Mode Harambe)\n|\n|t:|1732080013\n|switch|p2b: Charizard|Charizard, L50, M|100\/100\n|-terastallize|p1a: Dragonite|Flying\n|move|p2a: Archaludon|Dragon Pulse|p1a: Dragonite\n|-damage|p1a: Dragonite|6\/100\n|move|p1a: Dragonite|Haze|p1a: Dragonite\n|-clearallboost\n|move|p1b: Rillaboom|Bullet Seed|p2b: Charizard\n|-resisted|p2b: Charizard\n|-damage|p2b: Charizard|95\/100\n|-resisted|p2b: Charizard\n|-damage|p2b: Charizard|89\/100\n|-resisted|p2b: Charizard\n|-damage|p2b: Charizard|84\/100\n|-resisted|p2b: Charizard\n|-damage|p2b: Charizard|78\/100\n|-hitcount|p2b: Charizard|4\n|\n|-heal|p2a: Archaludon|65\/100|[from] Grassy Terrain\n|upkeep\n|turn|3\n|inactive|testy accounty 2 has 30 seconds left.\n|inactive|Mode Harambe has 30 seconds left.\n|inactive|Mode Harambe has 20 seconds left.\n|\n|t:|1732080051\n|switch|p1b: Pelipper|Pelipper, L50, F|100\/100\n|-weather|RainDance|[from] ability: Drizzle|[of] p1b: Pelipper\n|move|p1a: Dragonite|Extreme Speed|p2b: Charizard\n|-damage|p2b: Charizard|34\/100\n|move|p2b: Charizard|Heat Wave|p1b: Pelipper|[spread] p1a,p1b\n|-resisted|p1b: Pelipper\n|-damage|p1a: Dragonite|0 fnt\n|-damage|p1b: Pelipper|82\/100\n|faint|p1a: Dragonite\n|move|p2a: Archaludon|Electro Shot||[still]\n|-prepare|p2a: Archaludon|Electro Shot\n|-boost|p2a: Archaludon|spa|1\n|-anim|p2a: Archaludon|Electro Shot|p1b: Pelipper\n|-supereffective|p1b: Pelipper\n|-damage|p1b: Pelipper|0 fnt\n|faint|p1b: Pelipper\n|\n|-weather|RainDance|[upkeep]\n|-heal|p2a: Archaludon|71\/100|[from] Grassy Terrain\n|upkeep\n|\n|t:|1732080062\n|switch|p1a: Slim Shady|Sneasler, L50, M|100\/100\n|switch|p1b: Rillaboom|Rillaboom, L50, F|100\/100\n|-enditem|p1a: Slim Shady|Grassy Seed\n|-boost|p1a: Slim Shady|def|1|[from] item: Grassy Seed\n|turn|4\n|\n|t:|1732080081\n|switch|p2b: Jumpluff|Jumpluff, L50, F|100\/100\n|move|p2a: Archaludon|Protect|p2a: Archaludon\n|-singleturn|p2a: Archaludon|Protect\n|move|p1b: Rillaboom|Fake Out|p2a: Archaludon\n|-activate|p2a: Archaludon|move: Protect\n|move|p1a: Slim Shady|Dire Claw|p2b: Jumpluff\n|-supereffective|p2b: Jumpluff\n|-damage|p2b: Jumpluff|0 fnt\n|faint|p2b: Jumpluff\n|\n|-weather|RainDance|[upkeep]\n|-heal|p2a: Archaludon|77\/100|[from] Grassy Terrain\n|upkeep\n|\n|t:|1732080099\n|switch|p2b: Torkoal|Torkoal, L50, M|100\/100\n|-weather|SunnyDay|[from] ability: Drought|[of] p2b: Torkoal\n|turn|5\n|inactive|testy accounty 2 has 30 seconds left.\n|\n|t:|1732080125\n|-terastallize|p2a: Archaludon|Electric\n|move|p1a: Slim Shady|Close Combat|p2a: Archaludon\n|-damage|p2a: Archaludon|25\/100\n|-unboost|p1a: Slim Shady|def|1\n|-unboost|p1a: Slim Shady|spd|1\n|move|p2a: Archaludon|Dragon Pulse|p1a: Slim Shady\n|-damage|p1a: Slim Shady|0 fnt\n|faint|p1a: Slim Shady\n|move|p1b: Rillaboom|Bullet Seed|p2b: Torkoal\n|-resisted|p2b: Torkoal\n|-damage|p2b: Torkoal|95\/100\n|-resisted|p2b: Torkoal\n|-damage|p2b: Torkoal|88\/100\n|-resisted|p2b: Torkoal\n|-damage|p2b: Torkoal|81\/100\n|-resisted|p2b: Torkoal\n|-damage|p2b: Torkoal|75\/100\n|-hitcount|p2b: Torkoal|4\n|move|p2b: Torkoal|Eruption|p1b: Rillaboom\n|-supereffective|p1b: Rillaboom\n|-damage|p1b: Rillaboom|0 fnt\n|faint|p1b: Rillaboom\n|\n|win|Mode Harambe\n|raw|testy accounty 2's rating: 1737 &rarr; <strong>1713<\/strong><br \/>(-24 for losing)\n|raw|Mode Harambe's rating: 1664 &rarr; <strong>1688<\/strong><br \/>(+24 for winning)\n|l|\u2606testy accounty 2\n|player|p1|\n","uploadtime":1732080152,"views":103,"formatid":"gen9vgc2024regh","rating":1688,"private":0,"password":null}