{"id":"gen9vgc2024regh-2247124839","format":"[Gen 9] VGC 2024 Reg H","players":["googer315","bubblesburst"],"log":"|j|\u2606googer315\n|j|\u2606bubblesburst\n|t:|1732048145\n|gametype|doubles\n|player|p1|googer315|102|1761\n|player|p2|bubblesburst|102|1734\n|teamsize|p1|6\n|teamsize|p2|6\n|gen|9\n|tier|[Gen 9] VGC 2024 Reg H\n|rated|\n|rule|Species Clause: Limit one of each Pok\u00e9mon\n|rule|Item Clause: Limit 1 of each item\n|clearpoke\n|poke|p1|Tyranitar, L50, M|\n|poke|p1|Amoonguss, L50, M|\n|poke|p1|Incineroar, L50, M|\n|poke|p1|Gholdengo, L50|\n|poke|p1|Porygon2, L50|\n|poke|p1|Ursaluna, L50, F|\n|poke|p2|Gholdengo, L50|\n|poke|p2|Sneasler, L50, M|\n|poke|p2|Rillaboom, L50, M|\n|poke|p2|Kingambit, L50, M|\n|poke|p2|Incineroar, L50, M|\n|poke|p2|Dragonite, L50, F|\n|teampreview|4\n|inactive|Battle timer is ON: inactive players will automatically lose when time's up. (requested by googer315)\n|\n|t:|1732048169\n|start\n|switch|p1a: Tyranitar|Tyranitar, L50, M|100\/100\n|switch|p1b: Porygon2|Porygon2, L50|100\/100\n|switch|p2a: Gholdengo|Gholdengo, L50|100\/100\n|switch|p2b: Kingambit|Kingambit, L50, M|100\/100\n|-weather|Sandstorm|[from] ability: Sand Stream|[of] p1a: Tyranitar\n|-ability|p1b: Porygon2|Download|boost\n|-boost|p1b: Porygon2|spa|1\n|turn|1\n|\n|t:|1732048183\n|-terastallize|p2a: Gholdengo|Steel\n|move|p2a: Gholdengo|Make It Rain|p1b: Porygon2|[spread] p1a,p1b\n|-supereffective|p1a: Tyranitar\n|-damage|p1a: Tyranitar|14\/100\n|-damage|p1b: Porygon2|34\/100\n|-unboost|p2a: Gholdengo|spa|1\n|move|p2b: Kingambit|Kowtow Cleave|p1b: Porygon2\n|-damage|p1b: Porygon2|0 fnt\n|faint|p1b: Porygon2\n|move|p1a: Tyranitar|Low Kick|p2b: Kingambit\n|-supereffective|p2b: Kingambit\n|-damage|p2b: Kingambit|0 fnt\n|faint|p2b: Kingambit\n|\n|-weather|Sandstorm|[upkeep]\n|upkeep\n|j| Therazer456\n|inactive|bubblesburst has 30 seconds left.\n|\n|t:|1732048217\n|switch|p2b: Dragonite|Dragonite, L50, F|100\/100\n|switch|p1b: Ursaluna|Ursaluna, L50, F|100\/100\n|turn|2\n|j| mr pogostick\n|\n|t:|1732048230\n|move|p1b: Ursaluna|Protect|p1b: Ursaluna\n|-singleturn|p1b: Ursaluna|Protect\n|move|p2a: Gholdengo|Make It Rain|p1b: Ursaluna|[spread] p1a\n|-activate|p1b: Ursaluna|move: Protect\n|-supereffective|p1a: Tyranitar\n|-damage|p1a: Tyranitar|0 fnt\n|-unboost|p2a: Gholdengo|spa|1\n|faint|p1a: Tyranitar\n|move|p2b: Dragonite|Scale Shot|p1b: Ursaluna\n|-activate|p1b: Ursaluna|move: Protect\n|\n|-weather|Sandstorm|[upkeep]\n|-damage|p2b: Dragonite|95\/100|[from] Sandstorm\n|-status|p1b: Ursaluna|brn|[from] item: Flame Orb\n|upkeep\n|\n|t:|1732048244\n|switch|p1a: Amoonguss|Amoonguss, L50, M|100\/100\n|turn|3\n|\n|t:|1732048254\n|move|p2a: Gholdengo|Make It Rain|p1a: Amoonguss|[spread] p1a,p1b\n|-damage|p1a: Amoonguss|48\/100\n|-damage|p1b: Ursaluna|50\/100 brn\n|-unboost|p2a: Gholdengo|spa|1\n|-enditem|p1a: Amoonguss|Sitrus Berry|[eat]\n|-heal|p1a: Amoonguss|73\/100|[from] item: Sitrus Berry\n|move|p2b: Dragonite|Haze|p2b: Dragonite\n|-clearallboost\n|move|p1a: Amoonguss|Spore|p2b: Dragonite\n|-status|p2b: Dragonite|slp|[from] move: Spore\n|move|p1b: Ursaluna|Headlong Rush|p2a: Gholdengo\n|-supereffective|p2a: Gholdengo\n|-damage|p2a: Gholdengo|0 fnt\n|-unboost|p1b: Ursaluna|def|1\n|-unboost|p1b: Ursaluna|spd|1\n|faint|p2a: Gholdengo\n|\n|-weather|Sandstorm|[upkeep]\n|-damage|p2b: Dragonite|89\/100 slp|[from] Sandstorm\n|-damage|p1a: Amoonguss|67\/100|[from] Sandstorm\n|-damage|p1b: Ursaluna|44\/100 brn|[from] brn\n|upkeep\n|\n|t:|1732048275\n|switch|p2a: Sneasler|Sneasler, L50, M|100\/100\n|turn|4\n|\n|t:|1732048282\n|-terastallize|p1b: Ursaluna|Ghost\n|move|p2a: Sneasler|Protect|p2a: Sneasler\n|-singleturn|p2a: Sneasler|Protect\n|cant|p2b: Dragonite|slp\n|move|p1a: Amoonguss|Spore|p2a: Sneasler\n|-activate|p2a: Sneasler|move: Protect\n|move|p1b: Ursaluna|Facade|p2b: Dragonite\n|-damage|p2b: Dragonite|0 fnt\n|faint|p2b: Dragonite\n|\n|-weather|Sandstorm|[upkeep]\n|-damage|p2a: Sneasler|95\/100|[from] Sandstorm\n|-damage|p1a: Amoonguss|61\/100|[from] Sandstorm\n|-damage|p1b: Ursaluna|38\/100 brn|[from] Sandstorm\n|-damage|p1b: Ursaluna|32\/100 brn|[from] brn\n|upkeep\n|turn|5\n|\n|t:|1732048302\n|move|p1a: Amoonguss|Rage Powder|p1a: Amoonguss\n|-singleturn|p1a: Amoonguss|move: Rage Powder\n|move|p2a: Sneasler|Dire Claw|p1a: Amoonguss\n|-damage|p1a: Amoonguss|31\/100\n|move|p1b: Ursaluna|Facade|p2a: Sneasler\n|-damage|p2a: Sneasler|0 fnt\n|faint|p2a: Sneasler\n|\n|win|googer315\n|raw|googer315's rating: 1761 &rarr; <strong>1779<\/strong><br \/>(+18 for winning)\n|raw|bubblesburst's rating: 1734 &rarr; <strong>1716<\/strong><br \/>(-18 for losing)\n|l|\u2606bubblesburst\n|player|p2|\n|l| mr pogostick\n|l|\u2606googer315\n|player|p1|\n","uploadtime":1732048567,"views":13,"formatid":"gen9vgc2024regh","rating":1716,"private":0,"password":null}