{"id":"gen9vgc2024regh-2247324479","format":"[Gen 9] VGC 2024 Reg H","players":["VGCLTH Rain","LAST_STARDUST 224"],"log":"|raw|<div class=\"broadcast-blue\"><strong>This battle is required to be public due to a player having a name starting with 'vgclth'.<\/div>\n|j|\u2606VGCLTH Rain\n|j|\u2606LAST_STARDUST 224\n|t:|1732070585\n|gametype|doubles\n|player|p1|VGCLTH Rain|101|1729\n|player|p2|LAST_STARDUST 224|265|1772\n|teamsize|p1|6\n|teamsize|p2|6\n|gen|9\n|tier|[Gen 9] VGC 2024 Reg H\n|rated|\n|rule|Species Clause: Limit one of each Pok\u00e9mon\n|rule|Item Clause: Limit 1 of each item\n|clearpoke\n|poke|p1|Typhlosion-Hisui, L50, M|\n|poke|p1|Glimmora, L50, M|\n|poke|p1|Grimmsnarl, L50, M|\n|poke|p1|Whimsicott, L50, F|\n|poke|p1|Ursaluna-Bloodmoon, L50, M|\n|poke|p1|Dusclops, L50, F|\n|poke|p2|Archaludon, L50, F|\n|poke|p2|Farigiraf, L50, F|\n|poke|p2|Pelipper, L50, M|\n|poke|p2|Incineroar, L50, F|\n|poke|p2|Ursaluna-Bloodmoon, L50, M|\n|poke|p2|Sinistcha-Masterpiece, L50|\n|teampreview|4\n|inactive|Battle timer is ON: inactive players will automatically lose when time's up. (requested by VGCLTH Rain)\n|\n|t:|1732070619\n|start\n|switch|p1a: Glimmora|Glimmora, L50, M|100\/100\n|switch|p1b: Grimmsnarl|Grimmsnarl, L50, M|100\/100\n|switch|p2a: Incineroar|Incineroar, L50, F|100\/100\n|switch|p2b: Farigiraf|Farigiraf, L50, F|100\/100\n|-ability|p2a: Incineroar|Intimidate|boost\n|-unboost|p1a: Glimmora|atk|1\n|-unboost|p1b: Grimmsnarl|atk|1\n|turn|1\n|\n|t:|1732070642\n|move|p2a: Incineroar|Fake Out|p1a: Glimmora\n|-resisted|p1a: Glimmora\n|-damage|p1a: Glimmora|92\/100\n|-activate|p1a: Glimmora|ability: Toxic Debris\n|-sidestart|p2: LAST_STARDUST 224|move: Toxic Spikes\n|move|p1b: Grimmsnarl|Light Screen|p1b: Grimmsnarl\n|-sidestart|p1: VGCLTH Rain|move: Light Screen\n|cant|p1a: Glimmora|flinch\n|move|p2b: Farigiraf|Trick Room|p2b: Farigiraf\n|-fieldstart|move: Trick Room|[of] p2b: Farigiraf\n|\n|upkeep\n|turn|2\n|\n|t:|1732070657\n|move|p1b: Grimmsnarl|Spirit Break|p2b: Farigiraf\n|-crit|p2b: Farigiraf\n|-damage|p2b: Farigiraf|61\/100\n|-unboost|p2b: Farigiraf|spa|1\n|move|p2b: Farigiraf|Earthquake|p1a: Glimmora|[spread] p2a,p1a,p1b\n|-supereffective|p2a: Incineroar\n|-supereffective|p1a: Glimmora\n|-damage|p2a: Incineroar|69\/100\n|-damage|p1a: Glimmora|24\/100\n|-damage|p1b: Grimmsnarl|84\/100\n|-enditem|p2a: Incineroar|Weakness Policy\n|-boost|p2a: Incineroar|atk|2|[from] item: Weakness Policy\n|-boost|p2a: Incineroar|spa|2|[from] item: Weakness Policy\n|-activate|p1a: Glimmora|ability: Toxic Debris\n|-sidestart|p2: LAST_STARDUST 224|move: Toxic Spikes\n|move|p2a: Incineroar|Knock Off|p1a: Glimmora\n|-damage|p1a: Glimmora|0 fnt\n|-enditem|p1a: Glimmora|Focus Sash|[from] move: Knock Off|[of] p2a: Incineroar\n|faint|p1a: Glimmora\n|\n|upkeep\n|\n|t:|1732070672\n|switch|p1a: Ursaluna|Ursaluna-Bloodmoon, L50, M|100\/100\n|turn|3\n|\n|t:|1732070691\n|move|p1b: Grimmsnarl|Reflect|p1b: Grimmsnarl\n|-sidestart|p1: VGCLTH Rain|Reflect\n|move|p1a: Ursaluna|Earth Power|p2a: Incineroar\n|-supereffective|p2a: Incineroar\n|-damage|p2a: Incineroar|0 fnt\n|faint|p2a: Incineroar\n|move|p2b: Farigiraf|Psychic Noise|p1a: Ursaluna\n|-damage|p1a: Ursaluna|86\/100\n|-start|p1a: Ursaluna|move: Heal Block\n|\n|upkeep\n|\n|t:|1732070702\n|switch|p2a: Ursaluna|Ursaluna-Bloodmoon, L50, M|100\/100\n|-status|p2a: Ursaluna|tox\n|turn|4\n|\n|t:|1732070711\n|move|p1a: Ursaluna|Protect|p1a: Ursaluna\n|-singleturn|p1a: Ursaluna|Protect\n|move|p2a: Ursaluna|Blood Moon|p1a: Ursaluna\n|-activate|p1a: Ursaluna|move: Protect\n|move|p2b: Farigiraf|Psychic Noise|p1a: Ursaluna\n|-activate|p1a: Ursaluna|move: Protect\n|move|p1b: Grimmsnarl|Spirit Break|p2a: Ursaluna\n|-damage|p2a: Ursaluna|85\/100 tox\n|-unboost|p2a: Ursaluna|spa|1\n|\n|-damage|p2a: Ursaluna|79\/100 tox|[from] psn\n|-end|p1a: Ursaluna|move: Heal Block\n|upkeep\n|turn|5\n|j| snow is mid\n|l| snow is mid\n|\n|t:|1732070736\n|switch|p2a: Sinistcha|Sinistcha-Masterpiece, L50|100\/100\n|-status|p2a: Sinistcha|tox\n|-heal|p2b: Farigiraf|86\/100|[from] ability: Hospitality|[of] p2a: Sinistcha\n|move|p1a: Ursaluna|Hyper Voice|p2a: Sinistcha|[spread] p2a,p2b\n|-damage|p2a: Sinistcha|67\/100 tox\n|-damage|p2b: Farigiraf|52\/100\n|-enditem|p1a: Ursaluna|Throat Spray\n|-boost|p1a: Ursaluna|spa|1|[from] item: Throat Spray\n|move|p2b: Farigiraf|Psychic Noise|p1a: Ursaluna\n|-damage|p1a: Ursaluna|71\/100\n|-start|p1a: Ursaluna|move: Heal Block\n|move|p1b: Grimmsnarl|Spirit Break|p2a: Sinistcha\n|-damage|p2a: Sinistcha|48\/100 tox\n|-unboost|p2a: Sinistcha|spa|1\n|-enditem|p2a: Sinistcha|Sitrus Berry|[eat]\n|-heal|p2a: Sinistcha|73\/100 tox|[from] item: Sitrus Berry\n|\n|-damage|p2a: Sinistcha|67\/100 tox|[from] psn\n|-fieldend|move: Trick Room\n|upkeep\n|turn|6\n|inactive|VGCLTH Rain has 30 seconds left.\n|inactive|LAST_STARDUST 224 has 30 seconds left.\n|\n|t:|1732070765\n|-terastallize|p1a: Ursaluna|Grass\n|move|p1b: Grimmsnarl|Spirit Break|p2a: Sinistcha\n|-damage|p2a: Sinistcha|50\/100 tox\n|-unboost|p2a: Sinistcha|spa|1\n|move|p1a: Ursaluna|Hyper Voice|p2b: Farigiraf|[spread] p2a,p2b\n|-damage|p2a: Sinistcha|1\/100 tox\n|-damage|p2b: Farigiraf|5\/100\n|move|p2b: Farigiraf|Roar|p1a: Ursaluna\n|drag|p1a: Dusclops|Dusclops, L50, F|100\/100\n|-item|p2b: Farigiraf|Safety Goggles|[from] ability: Frisk|[of] p1a: Dusclops\n|move|p2a: Sinistcha|Trick Room|p2a: Sinistcha\n|-fieldstart|move: Trick Room|[of] p2a: Sinistcha\n|\n|-damage|p2a: Sinistcha|0 fnt|[from] psn\n|faint|p2a: Sinistcha\n|upkeep\n|\n|t:|1732070781\n|switch|p2a: Ursaluna|Ursaluna-Bloodmoon, L50, M|79\/100 tox\n|turn|7\n|\n|t:|1732070794\n|move|p1a: Dusclops|Will-O-Wisp|p2b: Farigiraf\n|-status|p2b: Farigiraf|brn\n|move|p2a: Ursaluna|Hyper Voice|p1a: Dusclops|[spread] p1a,p1b\n|-damage|p1a: Dusclops|81\/100\n|-damage|p1b: Grimmsnarl|55\/100\n|move|p2b: Farigiraf|Psychic Noise|p1a: Dusclops\n|-damage|p1a: Dusclops|75\/100\n|-start|p1a: Dusclops|move: Heal Block\n|move|p1b: Grimmsnarl|Spirit Break|p2a: Ursaluna\n|-damage|p2a: Ursaluna|65\/100 tox\n|-unboost|p2a: Ursaluna|spa|1\n|\n|-damage|p2a: Ursaluna|59\/100 tox|[from] psn\n|-damage|p2b: Farigiraf|0 fnt|[from] brn\n|faint|p2b: Farigiraf\n|upkeep\n|turn|8\n|-message|LAST_STARDUST 224 forfeited.\n|\n|win|VGCLTH Rain\n|raw|VGCLTH Rain's rating: 1729 &rarr; <strong>1751<\/strong><br \/>(+22 for winning)\n|raw|LAST_STARDUST 224's rating: 1772 &rarr; <strong>1750<\/strong><br \/>(-22 for losing)\n|l|\u2606LAST_STARDUST 224\n|player|p2|\n|l|\u2606VGCLTH Rain\n|player|p1|\n","uploadtime":1732071016,"views":28,"formatid":"gen9vgc2024regh","rating":1750,"private":0,"password":null}