{"id":"gen9vgc2024regh-2247261208","format":"[Gen 9] VGC 2024 Reg H","players":["I eat cabbages","vgclth chromate"],"log":"|raw|<div class=\"broadcast-blue\"><strong>This battle is required to be public due to a player having a name starting with 'vgclth'.<\/div>\n|j|\u2606I eat cabbages\n|j|\u2606vgclth chromate\n|t:|1732062792\n|gametype|doubles\n|player|p1|I eat cabbages|whitney|1696\n|player|p2|vgclth chromate|allister|1864\n|teamsize|p1|6\n|teamsize|p2|6\n|gen|9\n|tier|[Gen 9] VGC 2024 Reg H\n|rated|\n|rule|Species Clause: Limit one of each Pok\u00e9mon\n|rule|Item Clause: Limit 1 of each item\n|clearpoke\n|poke|p1|Ursaluna-Bloodmoon, L50, M|\n|poke|p1|Grimmsnarl, L50, M|\n|poke|p1|Archaludon, L50, F|\n|poke|p1|Ninetales-Alola, L50, F|\n|poke|p1|Annihilape, L50, F|\n|poke|p1|Magmar, L50, M|\n|poke|p2|Archaludon, L50, M|\n|poke|p2|Pelipper, L50, M|\n|poke|p2|Basculegion, L50, M|\n|poke|p2|Gholdengo, L50|\n|poke|p2|Incineroar, L50, M|\n|poke|p2|Amoonguss, L50, F|\n|teampreview|4\n|\n|t:|1732062842\n|start\n|switch|p1a: Grimmsnarl|Grimmsnarl, L50, M|100\/100\n|switch|p1b: Archaludon|Archaludon, L50, F|100\/100\n|switch|p2a: Gholdengo|Gholdengo, L50|100\/100\n|switch|p2b: Amoonguss|Amoonguss, L50, F|100\/100\n|turn|1\n|\n|t:|1732062854\n|move|p1b: Archaludon|Protect|p1b: Archaludon\n|-singleturn|p1b: Archaludon|Protect\n|move|p1a: Grimmsnarl|Light Screen|p1a: Grimmsnarl\n|-sidestart|p1: I eat cabbages|move: Light Screen\n|move|p2a: Gholdengo|Nasty Plot|p2a: Gholdengo\n|-boost|p2a: Gholdengo|spa|2\n|move|p2b: Amoonguss|Spore|p1b: Archaludon\n|-activate|p1b: Archaludon|move: Protect\n|\n|upkeep\n|turn|2\n|\n|t:|1732062866\n|-terastallize|p1b: Archaludon|Electric\n|move|p2a: Gholdengo|Protect|p2a: Gholdengo\n|-singleturn|p2a: Gholdengo|Protect\n|move|p1a: Grimmsnarl|Thunder Wave|p2b: Amoonguss|[miss]\n|-miss|p1a: Grimmsnarl|p2b: Amoonguss\n|move|p1b: Archaludon|Electro Shot||[still]\n|-prepare|p1b: Archaludon|Electro Shot\n|-boost|p1b: Archaludon|spa|1\n|-enditem|p1b: Archaludon|Power Herb\n|-anim|p1b: Archaludon|Electro Shot|p2a: Gholdengo\n|-activate|p2a: Gholdengo|move: Protect\n|move|p2b: Amoonguss|Spore|p1a: Grimmsnarl\n|-status|p1a: Grimmsnarl|slp|[from] move: Spore\n|\n|upkeep\n|turn|3\n|\n|t:|1732062877\n|switch|p1a: Magmar|Magmar, L50, M|100\/100\n|move|p1b: Archaludon|Protect|p1b: Archaludon\n|-singleturn|p1b: Archaludon|Protect\n|move|p2a: Gholdengo|Nasty Plot|p2a: Gholdengo\n|-boost|p2a: Gholdengo|spa|2\n|move|p2b: Amoonguss|Spore|p1b: Archaludon\n|-activate|p1b: Archaludon|move: Protect\n|\n|upkeep\n|turn|4\n|\n|t:|1732062888\n|move|p2b: Amoonguss|Rage Powder|p2b: Amoonguss\n|-singleturn|p2b: Amoonguss|move: Rage Powder\n|move|p2a: Gholdengo|Make It Rain|p1a: Magmar|[spread] p1a,p1b\n|-resisted|p1a: Magmar\n|-resisted|p1b: Archaludon\n|-damage|p1a: Magmar|54\/100\n|-damage|p1b: Archaludon|16\/100\n|-unboost|p2a: Gholdengo|spa|1\n|-damage|p2a: Gholdengo|91\/100|[from] item: Life Orb\n|move|p1b: Archaludon|Thunderbolt|p2a: Gholdengo\n|-damage|p2a: Gholdengo|5\/100\n|move|p1a: Magmar|Heat Wave|p2b: Amoonguss|[spread] p2a,p2b\n|-supereffective|p2a: Gholdengo\n|-supereffective|p2b: Amoonguss\n|-damage|p2a: Gholdengo|0 fnt\n|-damage|p2b: Amoonguss|60\/100\n|faint|p2a: Gholdengo\n|\n|upkeep\n|\n|t:|1732062902\n|switch|p2a: Archaludon|Archaludon, L50, M|100\/100\n|turn|5\n|\n|t:|1732062921\n|move|p2b: Amoonguss|Protect|p2b: Amoonguss\n|-singleturn|p2b: Amoonguss|Protect\n|move|p1b: Archaludon|Dragon Pulse|p2b: Amoonguss\n|-activate|p2b: Amoonguss|move: Protect\n|move|p1a: Magmar|Heat Wave|p2a: Archaludon|[spread] p2a\n|-activate|p2b: Amoonguss|move: Protect\n|-damage|p2a: Archaludon|85\/100\n|-ability|p2a: Archaludon|Stamina|boost\n|-boost|p2a: Archaludon|def|1\n|move|p2a: Archaludon|Dragon Pulse|p1b: Archaludon\n|-damage|p1b: Archaludon|0 fnt\n|faint|p1b: Archaludon\n|\n|upkeep\n|\n|t:|1732062923\n|switch|p1b: Ninetales|Ninetales-Alola, L50, F|100\/100\n|-weather|Snow|[from] ability: Snow Warning|[of] p1b: Ninetales\n|turn|6\n|\n|t:|1732062943\n|switch|p1b: Grimmsnarl|Grimmsnarl, L50, M|100\/100 slp\n|-terastallize|p2b: Amoonguss|Water\n|move|p1a: Magmar|Heat Wave|p2a: Archaludon|[spread] p2a,p2b\n|-resisted|p2b: Amoonguss\n|-damage|p2a: Archaludon|66\/100\n|-damage|p2b: Amoonguss|49\/100\n|-ability|p2a: Archaludon|Stamina|boost\n|-boost|p2a: Archaludon|def|1\n|-enditem|p2b: Amoonguss|Sitrus Berry|[eat]\n|-heal|p2b: Amoonguss|74\/100|[from] item: Sitrus Berry\n|move|p2a: Archaludon|Flash Cannon|p1b: Grimmsnarl\n|-supereffective|p1b: Grimmsnarl\n|-damage|p1b: Grimmsnarl|51\/100 slp\n|-unboost|p1b: Grimmsnarl|spd|1\n|move|p2b: Amoonguss|Pollen Puff|p2a: Archaludon\n|-heal|p2a: Archaludon|100\/100\n|\n|-weather|Snow|[upkeep]\n|upkeep\n|turn|7\n|\n|t:|1732062960\n|move|p1a: Magmar|Protect|p1a: Magmar\n|-singleturn|p1a: Magmar|Protect\n|cant|p1b: Grimmsnarl|slp\n|move|p2a: Archaludon|Body Press|p1a: Magmar\n|-activate|p1a: Magmar|move: Protect\n|move|p2b: Amoonguss|Pollen Puff|p2a: Archaludon\n|-immune|p2a: Archaludon\n|\n|-weather|Snow|[upkeep]\n|upkeep\n|turn|8\n|\n|t:|1732062970\n|switch|p1a: Ninetales|Ninetales-Alola, L50, F|100\/100\n|-curestatus|p1b: Grimmsnarl|slp|[msg]\n|move|p1b: Grimmsnarl|Thunder Wave|p2a: Archaludon\n|-status|p2a: Archaludon|par\n|move|p2a: Archaludon|Body Press|p1b: Grimmsnarl\n|-damage|p1b: Grimmsnarl|10\/100\n|move|p2b: Amoonguss|Pollen Puff|p1b: Grimmsnarl\n|-damage|p1b: Grimmsnarl|0 fnt\n|faint|p1b: Grimmsnarl\n|\n|-weather|Snow|[upkeep]\n|-sideend|p1: I eat cabbages|move: Light Screen\n|upkeep\n|\n|t:|1732062971\n|switch|p1b: Magmar|Magmar, L50, M|54\/100\n|turn|9\n|\n|t:|1732062984\n|move|p2b: Amoonguss|Protect|p2b: Amoonguss\n|-singleturn|p2b: Amoonguss|Protect\n|move|p1a: Ninetales|Blizzard|p2a: Archaludon|[spread] p2a\n|-activate|p2b: Amoonguss|move: Protect\n|-damage|p2a: Archaludon|73\/100 par\n|-ability|p2a: Archaludon|Stamina|boost\n|-boost|p2a: Archaludon|def|1\n|move|p1b: Magmar|Heat Wave|p2a: Archaludon|[spread] p2a\n|-activate|p2b: Amoonguss|move: Protect\n|-damage|p2a: Archaludon|54\/100 par\n|-ability|p2a: Archaludon|Stamina|boost\n|-boost|p2a: Archaludon|def|1\n|cant|p2a: Archaludon|par\n|\n|-weather|Snow|[upkeep]\n|upkeep\n|turn|10\n|\n|t:|1732062999\n|move|p1a: Ninetales|Blizzard|p2a: Archaludon|[spread] p2a,p2b\n|-resisted|p2b: Amoonguss\n|-damage|p2a: Archaludon|25\/100 par\n|-damage|p2b: Amoonguss|53\/100\n|-ability|p2a: Archaludon|Stamina|boost\n|-boost|p2a: Archaludon|def|1\n|move|p1b: Magmar|Heat Wave|p2a: Archaludon|[spread] p2a,p2b\n|-resisted|p2b: Amoonguss\n|-damage|p2a: Archaludon|10\/100 par\n|-damage|p2b: Amoonguss|42\/100\n|-ability|p2a: Archaludon|Stamina|boost\n|-boost|p2a: Archaludon|def|1\n|cant|p2a: Archaludon|par\n|move|p2b: Amoonguss|Spore|p1a: Ninetales\n|-status|p1a: Ninetales|slp|[from] move: Spore\n|\n|-weather|none\n|upkeep\n|turn|11\n|\n|t:|1732063011\n|switch|p2b: Pelipper|Pelipper, L50, M|100\/100\n|-weather|RainDance|[from] ability: Drizzle|[of] p2b: Pelipper\n|cant|p1a: Ninetales|slp\n|move|p1b: Magmar|Heat Wave|p2a: Archaludon|[spread] p2a,p2b\n|-resisted|p2b: Pelipper\n|-damage|p2a: Archaludon|2\/100 par\n|-damage|p2b: Pelipper|90\/100\n|-status|p2b: Pelipper|brn\n|move|p2a: Archaludon|Electro Shot||[still]\n|-prepare|p2a: Archaludon|Electro Shot\n|-boost|p2a: Archaludon|spa|1\n|-anim|p2a: Archaludon|Electro Shot|p1b: Magmar\n|-damage|p1b: Magmar|7\/100\n|\n|-weather|RainDance|[upkeep]\n|-damage|p2b: Pelipper|84\/100 brn|[from] brn\n|upkeep\n|turn|12\n|\n|t:|1732063024\n|move|p1b: Magmar|Protect|p1b: Magmar\n|-singleturn|p1b: Magmar|Protect\n|cant|p1a: Ninetales|slp\n|move|p2b: Pelipper|Weather Ball|p1b: Magmar\n|-activate|p1b: Magmar|move: Protect\n|cant|p2a: Archaludon|par\n|\n|-weather|RainDance|[upkeep]\n|-damage|p2b: Pelipper|78\/100 brn|[from] brn\n|upkeep\n|turn|13\n|\n|t:|1732063037\n|cant|p1a: Ninetales|slp\n|move|p2b: Pelipper|Weather Ball|p1b: Magmar\n|-supereffective|p1b: Magmar\n|-damage|p1b: Magmar|0 fnt\n|faint|p1b: Magmar\n|move|p2a: Archaludon|Flash Cannon|p1a: Ninetales\n|-supereffective|p1a: Ninetales\n|-damage|p1a: Ninetales|0 fnt\n|faint|p1a: Ninetales\n|\n|win|vgclth chromate\n|raw|I eat cabbages's rating: 1696 &rarr; <strong>1685<\/strong><br \/>(-11 for losing)\n|raw|vgclth chromate's rating: 1864 &rarr; <strong>1875<\/strong><br \/>(+11 for winning)\n|l|\u2606I eat cabbages\n|player|p1|\n","uploadtime":1732063041,"views":42,"formatid":"gen9vgc2024regh","rating":1685,"private":0,"password":null}