{"id":"gen9vgc2024regh-2247116259","format":"[Gen 9] VGC 2024 Reg H","players":["Amire","VGCLTH HUH"],"log":"|raw|<div class=\"broadcast-blue\"><strong>This battle is required to be public due to a player having a name starting with 'vgclth'.<\/div>\n|j|\u2606Amire\n|j|\u2606VGCLTH HUH\n|t:|1732047324\n|gametype|doubles\n|player|p1|Amire|flint|1806\n|player|p2|VGCLTH HUH|medium|1749\n|teamsize|p1|6\n|teamsize|p2|6\n|gen|9\n|tier|[Gen 9] VGC 2024 Reg H\n|rated|\n|rule|Species Clause: Limit one of each Pok\u00e9mon\n|rule|Item Clause: Limit 1 of each item\n|clearpoke\n|poke|p1|Gholdengo, L50|\n|poke|p1|Stonjourner, L50, F|\n|poke|p1|Talonflame, L50, M|\n|poke|p1|Ursaluna-Bloodmoon, L50, M|\n|poke|p1|Dragonite, L50, F|\n|poke|p1|Rillaboom, L50, M|\n|poke|p2|Ursaluna-Bloodmoon, L50, M|\n|poke|p2|Dragonite, L50, M|\n|poke|p2|Archaludon, L50, F|\n|poke|p2|Volcarona, L50, M|\n|poke|p2|Gholdengo, L50|\n|poke|p2|Dondozo, L50, M|\n|teampreview|4\n|c|\u2606Amire|gl mate\n|c|\u2606Amire|hope u win\n|inactive|Battle timer is ON: inactive players will automatically lose when time's up. (requested by Amire)\n|inactive|Amire has 60 seconds left.\n|\n|t:|1732047369\n|start\n|switch|p1a: Ursaluna|Ursaluna-Bloodmoon, L50, M|100\/100\n|switch|p1b: Stonjourner|Stonjourner, L50, F, shiny|100\/100\n|switch|p2a: Archaludon|Archaludon, L50, F|100\/100\n|switch|p2b: Dragonite|Dragonite, L50, M|100\/100\n|turn|1\n|inactive|VGCLTH HUH has 30 seconds left.\n|\n|t:|1732047397\n|move|p2b: Dragonite|Protect|p2b: Dragonite\n|-singleturn|p2b: Dragonite|Protect\n|move|p2a: Archaludon|Electro Shot||[still]\n|-prepare|p2a: Archaludon|Electro Shot\n|-boost|p2a: Archaludon|spa|1\n|-enditem|p2a: Archaludon|Power Herb\n|-anim|p2a: Archaludon|Electro Shot|p1b: Stonjourner\n|-enditem|p1b: Stonjourner|Focus Sash\n|-damage|p1b: Stonjourner|1\/100\n|move|p1b: Stonjourner|Rock Slide|p2b: Dragonite|[spread] p2a\n|-activate|p2b: Dragonite|move: Protect\n|-resisted|p2a: Archaludon\n|-damage|p2a: Archaludon|88\/100\n|move|p1a: Ursaluna|Earth Power|p2a: Archaludon\n|-supereffective|p2a: Archaludon\n|-damage|p2a: Archaludon|0 fnt\n|faint|p2a: Archaludon\n|\n|upkeep\n|\n|t:|1732047410\n|switch|p2a: Ursaluna|Ursaluna-Bloodmoon, L50, M|100\/100\n|turn|2\n|\n|t:|1732047419\n|-terastallize|p2a: Ursaluna|Normal\n|move|p1b: Stonjourner|Protect|p1b: Stonjourner\n|-singleturn|p1b: Stonjourner|Protect\n|move|p2b: Dragonite|Low Kick|p1a: Ursaluna\n|-supereffective|p1a: Ursaluna\n|-damage|p1a: Ursaluna|29\/100\n|move|p1a: Ursaluna|Blood Moon|p2a: Ursaluna\n|-damage|p2a: Ursaluna|37\/100\n|move|p2a: Ursaluna|Blood Moon|p1a: Ursaluna\n|-damage|p1a: Ursaluna|0 fnt\n|faint|p1a: Ursaluna\n|\n|upkeep\n|\n|t:|1732047435\n|switch|p1a: Rillaboom|Rillaboom, L50, M|100\/100\n|-fieldstart|move: Grassy Terrain|[from] ability: Grassy Surge|[of] p1a: Rillaboom\n|turn|3\n|\n|t:|1732047442\n|move|p2b: Dragonite|Protect|p2b: Dragonite\n|-singleturn|p2b: Dragonite|Protect\n|move|p1a: Rillaboom|Fake Out|p2b: Dragonite\n|-activate|p2b: Dragonite|move: Protect\n|move|p2a: Ursaluna|Vacuum Wave|p1b: Stonjourner\n|-supereffective|p1b: Stonjourner\n|-damage|p1b: Stonjourner|0 fnt\n|faint|p1b: Stonjourner\n|\n|-heal|p2a: Ursaluna|43\/100|[from] Grassy Terrain\n|upkeep\n|\n|t:|1732047450\n|switch|p1b: Gholdengo|Gholdengo, L50|100\/100\n|turn|4\n|\n|t:|1732047463\n|move|p1b: Gholdengo|Protect|p1b: Gholdengo\n|-singleturn|p1b: Gholdengo|Protect\n|move|p2a: Ursaluna|Vacuum Wave|p1b: Gholdengo\n|-activate|p1b: Gholdengo|move: Protect\n|move|p2b: Dragonite|Scale Shot|p1a: Rillaboom\n|-damage|p1a: Rillaboom|84\/100\n|-damage|p1a: Rillaboom|68\/100\n|-damage|p1a: Rillaboom|53\/100\n|-damage|p1a: Rillaboom|38\/100\n|-hitcount|p1a: Rillaboom|4\n|-unboost|p2b: Dragonite|def|1\n|-boost|p2b: Dragonite|spe|1\n|move|p1a: Rillaboom|Wood Hammer|p2a: Ursaluna\n|-damage|p2a: Ursaluna|0 fnt\n|faint|p2a: Ursaluna\n|-damage|p1a: Rillaboom|21\/100|[from] Recoil\n|\n|-heal|p1a: Rillaboom|27\/100|[from] Grassy Terrain\n|upkeep\n|\n|t:|1732047479\n|switch|p2a: Volcarona|Volcarona, L50, M|100\/100\n|turn|5\n|\n|t:|1732047500\n|move|p1a: Rillaboom|Grassy Glide|p2b: Dragonite\n|-resisted|p2b: Dragonite\n|-damage|p2b: Dragonite|91\/100\n|move|p2b: Dragonite|Scale Shot|p1b: Gholdengo\n|-resisted|p1b: Gholdengo\n|-damage|p1b: Gholdengo|93\/100\n|-resisted|p1b: Gholdengo\n|-damage|p1b: Gholdengo|85\/100\n|-resisted|p1b: Gholdengo\n|-damage|p1b: Gholdengo|75\/100\n|-resisted|p1b: Gholdengo\n|-damage|p1b: Gholdengo|66\/100\n|-resisted|p1b: Gholdengo\n|-damage|p1b: Gholdengo|59\/100\n|-hitcount|p1b: Gholdengo|5\n|-unboost|p2b: Dragonite|def|1\n|-boost|p2b: Dragonite|spe|1\n|move|p1b: Gholdengo|Shadow Ball|p2b: Dragonite\n|-damage|p2b: Dragonite|33\/100\n|-unboost|p2b: Dragonite|spd|1\n|-damage|p1b: Gholdengo|49\/100|[from] item: Life Orb\n|move|p2a: Volcarona|Heat Wave|p1a: Rillaboom|[spread] p1a,p1b\n|-supereffective|p1a: Rillaboom\n|-supereffective|p1b: Gholdengo\n|-damage|p1a: Rillaboom|0 fnt\n|-damage|p1b: Gholdengo|0 fnt\n|faint|p1a: Rillaboom\n|faint|p1b: Gholdengo\n|\n|win|VGCLTH HUH\n|raw|Amire's rating: 1806 &rarr; <strong>1783<\/strong><br \/>(-23 for losing)\n|raw|VGCLTH HUH's rating: 1749 &rarr; <strong>1772<\/strong><br \/>(+23 for winning)\n|l|\u2606VGCLTH HUH\n|player|p2|\n","uploadtime":1732047736,"views":28,"formatid":"gen9vgc2024regh","rating":1772,"private":0,"password":null}