{"id":"gen9vgc2024regh-2247671537","format":"[Gen 9] VGC 2024 Reg H","players":["juacox300","KD-Alt-711"],"log":"|j|\u2606juacox300\n|j|\u2606KD-Alt-711\n|t:|1732120777\n|gametype|doubles\n|player|p1|juacox300|unknown|1737\n|player|p2|KD-Alt-711|1|1697\n|teamsize|p1|6\n|teamsize|p2|6\n|gen|9\n|tier|[Gen 9] VGC 2024 Reg H\n|rated|\n|rule|Species Clause: Limit one of each Pok\u00e9mon\n|rule|Item Clause: Limit 1 of each item\n|clearpoke\n|poke|p1|Ursaluna, L50, F|\n|poke|p1|Murkrow, L50, M|\n|poke|p1|Sneasler, L50, M|\n|poke|p1|Indeedee, L50, M|\n|poke|p1|Archaludon, L50, M|\n|poke|p1|Incineroar, L50, F|\n|poke|p2|Palafin, L50, M|\n|poke|p2|Kingdra, L50, F|\n|poke|p2|Politoed, L50, F|\n|poke|p2|Archaludon, L50, F|\n|poke|p2|Kilowattrel, L50, F|\n|poke|p2|Rillaboom, L50, M|\n|teampreview|4\n|\n|t:|1732120817\n|start\n|switch|p1a: Archaludon|Archaludon, L50, M, shiny|100\/100\n|switch|p1b: Murkrow|Murkrow, L50, M|100\/100\n|switch|p2a: Archaludon|Archaludon, L50, F, shiny|100\/100\n|switch|p2b: Rillaboom|Rillaboom, L50, M, shiny|100\/100\n|-fieldstart|move: Grassy Terrain|[from] ability: Grassy Surge|[of] p2b: Rillaboom\n|turn|1\n|inactive|Battle timer is ON: inactive players will automatically lose when time's up. (requested by KD-Alt-711)\n|\n|t:|1732120828\n|-terastallize|p1b: Murkrow|Grass\n|move|p1a: Archaludon|Flash Cannon|p2b: Rillaboom\n|-damage|p2b: Rillaboom|62\/100\n|move|p2b: Rillaboom|Bullet Seed|p2a: Archaludon\n|-resisted|p2a: Archaludon\n|-damage|p2a: Archaludon|97\/100\n|-ability|p2a: Archaludon|Stamina|boost\n|-boost|p2a: Archaludon|def|1\n|-resisted|p2a: Archaludon\n|-damage|p2a: Archaludon|95\/100\n|-ability|p2a: Archaludon|Stamina|boost\n|-boost|p2a: Archaludon|def|1\n|-resisted|p2a: Archaludon\n|-damage|p2a: Archaludon|94\/100\n|-ability|p2a: Archaludon|Stamina|boost\n|-boost|p2a: Archaludon|def|1\n|-resisted|p2a: Archaludon\n|-damage|p2a: Archaludon|93\/100\n|-ability|p2a: Archaludon|Stamina|boost\n|-boost|p2a: Archaludon|def|1\n|-hitcount|p2a: Archaludon|4\n|move|p2a: Archaludon|Body Press|p1a: Archaludon\n|-supereffective|p1a: Archaludon\n|-damage|p1a: Archaludon|0 fnt\n|faint|p1a: Archaludon\n|move|p1b: Murkrow|Brave Bird|p2b: Rillaboom\n|-supereffective|p2b: Rillaboom\n|-damage|p2b: Rillaboom|0 fnt\n|faint|p2b: Rillaboom\n|-damage|p1b: Murkrow|74\/100|[from] Recoil\n|\n|-heal|p2a: Archaludon|99\/100|[from] Grassy Terrain\n|-heal|p1b: Murkrow|79\/100|[from] Grassy Terrain\n|upkeep\n|\n|t:|1732120841\n|switch|p1a: Tommau|Sneasler, L50, M|100\/100\n|switch|p2b: Politoed|Politoed, L50, F, shiny|100\/100\n|-weather|RainDance|[from] ability: Drizzle|[of] p2b: Politoed\n|turn|2\n|\n|t:|1732120852\n|move|p1b: Murkrow|Haze|p1b: Murkrow\n|-clearallboost\n|move|p1a: Tommau|Close Combat|p2a: Archaludon\n|-supereffective|p2a: Archaludon\n|-crit|p2a: Archaludon\n|-damage|p2a: Archaludon|0 fnt\n|-unboost|p1a: Tommau|def|1\n|-unboost|p1a: Tommau|spd|1\n|faint|p2a: Archaludon\n|move|p2b: Politoed|Icy Wind|p1a: Tommau|[spread] p1a,p1b\n|-supereffective|p1b: Murkrow\n|-damage|p1a: Tommau|82\/100\n|-damage|p1b: Murkrow|63\/100\n|-unboost|p1a: Tommau|spe|1\n|-unboost|p1b: Murkrow|spe|1\n|\n|-weather|RainDance|[upkeep]\n|-heal|p1a: Tommau|88\/100|[from] Grassy Terrain\n|-heal|p1b: Murkrow|68\/100|[from] Grassy Terrain\n|upkeep\n|\n|t:|1732120858\n|switch|p2a: Kingdra|Kingdra, L50, F, shiny|100\/100\n|turn|3\n|\n|t:|1732120866\n|move|p1a: Tommau|Protect|p1a: Tommau\n|-singleturn|p1a: Tommau|Protect\n|move|p1b: Murkrow|Tailwind|p1b: Murkrow\n|-sidestart|p1: juacox300|move: Tailwind\n|move|p2a: Kingdra|Hurricane|p1a: Tommau\n|-activate|p1a: Tommau|move: Protect\n|move|p2b: Politoed|Icy Wind|p1b: Murkrow|[spread] p1b\n|-activate|p1a: Tommau|move: Protect\n|-supereffective|p1b: Murkrow\n|-damage|p1b: Murkrow|50\/100\n|-unboost|p1b: Murkrow|spe|1\n|\n|-weather|RainDance|[upkeep]\n|-heal|p1a: Tommau|93\/100|[from] Grassy Terrain\n|-heal|p1b: Murkrow|56\/100|[from] Grassy Terrain\n|upkeep\n|turn|4\n|\n|t:|1732120877\n|move|p2b: Politoed|Helping Hand|p2a: Kingdra\n|-singleturn|p2a: Kingdra|Helping Hand|[of] p2b: Politoed\n|move|p1b: Murkrow|Haze|p1b: Murkrow\n|-clearallboost\n|move|p1a: Tommau|Dire Claw|p2a: Kingdra\n|-damage|p2a: Kingdra|48\/100\n|move|p2a: Kingdra|Muddy Water|p1a: Tommau|[spread] p1a,p1b\n|-resisted|p1b: Murkrow\n|-damage|p1a: Tommau|0 fnt\n|-damage|p1b: Murkrow|22\/100\n|faint|p1a: Tommau\n|-damage|p2a: Kingdra|38\/100|[from] item: Life Orb\n|\n|-weather|RainDance|[upkeep]\n|-heal|p2a: Kingdra|44\/100|[from] Grassy Terrain\n|-heal|p1b: Murkrow|28\/100|[from] Grassy Terrain\n|upkeep\n|\n|t:|1732120886\n|switch|p1a: Alfred|Indeedee, L50, M, shiny|100\/100\n|-fieldstart|move: Psychic Terrain|[from] ability: Psychic Surge|[of] p1a: Alfred\n|turn|5\n|\n|t:|1732120891\n|move|p2a: Kingdra|Protect|p2a: Kingdra\n|-singleturn|p2a: Kingdra|Protect\n|move|p1a: Alfred|Expanding Force|p2a: Kingdra|[spread] p2b\n|-activate|p2a: Kingdra|move: Protect\n|-damage|p2b: Politoed|55\/100\n|move|p1b: Murkrow|Brave Bird|p2b: Politoed\n|-damage|p2b: Politoed|12\/100\n|-enditem|p2b: Politoed|Sitrus Berry|[eat]\n|-heal|p2b: Politoed|37\/100|[from] item: Sitrus Berry\n|-damage|p1b: Murkrow|11\/100|[from] Recoil\n|move|p2b: Politoed|Icy Wind|p1a: Alfred|[spread] p1a,p1b\n|-supereffective|p1b: Murkrow\n|-damage|p1a: Alfred|86\/100\n|-damage|p1b: Murkrow|0 fnt\n|-unboost|p1a: Alfred|spe|1\n|faint|p1b: Murkrow\n|\n|-weather|RainDance|[upkeep]\n|upkeep\n|turn|6\n|\n|t:|1732120908\n|-terastallize|p2a: Kingdra|Flying\n|move|p2b: Politoed|Helping Hand|p2a: Kingdra\n|-singleturn|p2a: Kingdra|Helping Hand|[of] p2b: Politoed\n|move|p2a: Kingdra|Hurricane|p1a: Alfred\n|-damage|p1a: Alfred|0 fnt\n|faint|p1a: Alfred\n|-damage|p2a: Kingdra|34\/100|[from] item: Life Orb\n|\n|win|KD-Alt-711\n|raw|juacox300's rating: 1737 &rarr; <strong>1715<\/strong><br \/>(-22 for losing)\n|raw|KD-Alt-711's rating: 1697 &rarr; <strong>1719<\/strong><br \/>(+22 for winning)\n","uploadtime":1732120915,"views":59,"formatid":"gen9vgc2024regh","rating":1715,"private":0,"password":null}