{"id":"gen9vgc2024regh-2247614712","format":"[Gen 9] VGC 2024 Reg H","players":["kojimuranishi","Nerd159"],"log":"|j|\u2606kojimuranishi\n|j|\u2606Nerd159\n|t:|1732115335\n|gametype|doubles\n|player|p1|kojimuranishi|169|1750\n|player|p2|Nerd159|266|1671\n|teamsize|p1|6\n|teamsize|p2|6\n|gen|9\n|tier|[Gen 9] VGC 2024 Reg H\n|rated|\n|rule|Species Clause: Limit one of each Pok\u00e9mon\n|rule|Item Clause: Limit 1 of each item\n|clearpoke\n|poke|p1|Whimsicott, L50, F|\n|poke|p1|Ursaluna-Bloodmoon, L50, M|\n|poke|p1|Archaludon, L50, F|\n|poke|p1|Dragonite, L50, M|\n|poke|p1|Gholdengo, L50|\n|poke|p1|Volcarona, L50, M|\n|poke|p2|Quaquaval, L50, F|\n|poke|p2|Sinistcha, L50|\n|poke|p2|Dragonite, L50, M|\n|poke|p2|Ursaluna-Bloodmoon, L50, M|\n|poke|p2|Electabuzz, L50, F|\n|poke|p2|Incineroar, L50, M|\n|teampreview|4\n|inactive|Battle timer is ON: inactive players will automatically lose when time's up. (requested by kojimuranishi)\n|inactive|Nerd159 has 60 seconds left.\n|\n|t:|1732115378\n|start\n|switch|p1a: Ursaluna|Ursaluna-Bloodmoon, L50, M|100\/100\n|switch|p1b: Gholdengo|Gholdengo, L50|100\/100\n|switch|p2a: Incineroar|Incineroar, L50, M|100\/100\n|switch|p2b: Quaquaval|Quaquaval, L50, F|100\/100\n|-ability|p2a: Incineroar|Intimidate|boost\n|-unboost|p1a: Ursaluna|atk|1\n|-unboost|p1b: Gholdengo|atk|1\n|turn|1\n|inactive|kojimuranishi has 30 seconds left.\n|\n|t:|1732115404\n|move|p1a: Ursaluna|Protect|p1a: Ursaluna\n|-singleturn|p1a: Ursaluna|Protect\n|move|p2a: Incineroar|Fake Out|p1a: Ursaluna\n|-activate|p1a: Ursaluna|move: Protect\n|move|p2b: Quaquaval|Aqua Step|p1b: Gholdengo\n|-damage|p1b: Gholdengo|58\/100\n|-boost|p2b: Quaquaval|spe|1\n|move|p1b: Gholdengo|Shadow Ball|p2b: Quaquaval\n|-damage|p2b: Quaquaval|6\/100\n|\n|upkeep\n|turn|2\n|\n|t:|1732115423\n|switch|p1b: Dragonite|Dragonite, L50, M|100\/100\n|-terastallize|p2a: Incineroar|Grass\n|move|p1a: Ursaluna|Vacuum Wave|p2b: Quaquaval\n|-damage|p2b: Quaquaval|0 fnt\n|faint|p2b: Quaquaval\n|-damage|p1a: Ursaluna|91\/100|[from] item: Life Orb\n|move|p2a: Incineroar|Knock Off|p1b: Dragonite\n|-damage|p1b: Dragonite|57\/100\n|-enditem|p1b: Dragonite|Choice Band|[from] move: Knock Off|[of] p2a: Incineroar\n|\n|upkeep\n|\n|t:|1732115439\n|switch|p2b: Ursaluna|Ursaluna-Bloodmoon, L50, M|100\/100\n|turn|3\n|\n|t:|1732115457\n|-terastallize|p1a: Ursaluna|Normal\n|move|p1b: Dragonite|Rock Slide|p2b: Ursaluna|[spread] p2a,p2b\n|-resisted|p2b: Ursaluna\n|-damage|p2a: Incineroar|81\/100\n|-damage|p2b: Ursaluna|92\/100\n|move|p1a: Ursaluna|Blood Moon|p2b: Ursaluna\n|-damage|p2b: Ursaluna|0 fnt\n|faint|p2b: Ursaluna\n|-damage|p1a: Ursaluna|81\/100|[from] item: Life Orb\n|move|p2a: Incineroar|Knock Off|p1a: Ursaluna\n|-damage|p1a: Ursaluna|44\/100\n|-enditem|p1a: Ursaluna|Life Orb|[from] move: Knock Off|[of] p2a: Incineroar\n|\n|upkeep\n|\n|t:|1732115466\n|switch|p2b: Sinistcha|Sinistcha, L50|100\/100\n|-heal|p2a: Incineroar|100\/100|[from] ability: Hospitality|[of] p2b: Sinistcha\n|turn|4\n|\n|t:|1732115489\n|move|p1a: Ursaluna|Protect|p1a: Ursaluna\n|-singleturn|p1a: Ursaluna|Protect\n|move|p1b: Dragonite|Outrage|p2b: Sinistcha\n|-damage|p2b: Sinistcha|48\/100\n|-damage|p1b: Dragonite|41\/100|[from] item: Rocky Helmet|[of] p2b: Sinistcha\n|move|p2a: Incineroar|Flare Blitz|p1a: Ursaluna\n|-activate|p1a: Ursaluna|move: Protect\n|move|p2b: Sinistcha|Trick Room|p2b: Sinistcha\n|-fieldstart|move: Trick Room|[of] p2b: Sinistcha\n|\n|upkeep\n|turn|5\n|inactive|kojimuranishi has 30 seconds left.\n|inactive|Nerd159 has 30 seconds left.\n|j| Jamel1\n|inactive|kojimuranishi has 20 seconds left.\n|inactive|kojimuranishi has 15 seconds left.\n|\n|t:|1732115531\n|switch|p1a: Whimsicott|Whimsicott, L50, F|100\/100\n|move|p2b: Sinistcha|Matcha Gotcha|p1b: Dragonite|[spread] p1a,p1b\n|-resisted|p1a: Whimsicott\n|-resisted|p1b: Dragonite\n|-damage|p1a: Whimsicott|79\/100\n|-heal|p2b: Sinistcha|57\/100|[from] drain|[of] p1a: Whimsicott\n|-damage|p1b: Dragonite|36\/100\n|-heal|p2b: Sinistcha|59\/100|[from] drain|[of] p1b: Dragonite\n|move|p2a: Incineroar|Flare Blitz|p1a: Whimsicott\n|-supereffective|p1a: Whimsicott\n|-damage|p1a: Whimsicott|0 fnt\n|faint|p1a: Whimsicott\n|-damage|p2a: Incineroar|83\/100|[from] Recoil\n|move|p1b: Dragonite|Outrage|p2a: Incineroar|[from]lockedmove\n|-damage|p2a: Incineroar|26\/100\n|\n|upkeep\n|\n|t:|1732115551\n|switch|p1a: Ursaluna|Ursaluna-Bloodmoon, L50, M, tera:Normal|44\/100\n|turn|6\n|\n|t:|1732115561\n|move|p1a: Ursaluna|Vacuum Wave|p2a: Incineroar\n|-damage|p2a: Incineroar|16\/100\n|move|p2b: Sinistcha|Shadow Ball|p1b: Dragonite\n|-damage|p1b: Dragonite|4\/100\n|-unboost|p1b: Dragonite|spd|1\n|move|p2a: Incineroar|Flare Blitz|p1a: Ursaluna\n|-damage|p1a: Ursaluna|0 fnt\n|faint|p1a: Ursaluna\n|-damage|p2a: Incineroar|2\/100|[from] Recoil\n|move|p1b: Dragonite|Outrage|p2b: Sinistcha|[from]lockedmove\n|-damage|p2b: Sinistcha|14\/100\n|-damage|p1b: Dragonite|0 fnt|[from] item: Rocky Helmet|[of] p2b: Sinistcha\n|faint|p1b: Dragonite\n|\n|upkeep\n|c|\u2606Nerd159|Very close game\n|c|\u2606Nerd159|Gg\n|\n|t:|1732115578\n|switch|p1a: Gholdengo|Gholdengo, L50|58\/100\n|turn|7\n|\n|t:|1732115584\n|move|p2b: Sinistcha|Shadow Ball|p1a: Gholdengo\n|-supereffective|p1a: Gholdengo\n|-damage|p1a: Gholdengo|0 fnt\n|faint|p1a: Gholdengo\n|\n|win|Nerd159\n|raw|kojimuranishi's rating: 1750 &rarr; <strong>1726<\/strong><br \/>(-24 for losing)\n|raw|Nerd159's rating: 1671 &rarr; <strong>1695<\/strong><br \/>(+24 for winning)\n|l|\u2606Nerd159\n|player|p2|\n|l|\u2606kojimuranishi\n|player|p1|\n|l| Jamel1\n","uploadtime":1732115727,"views":16,"formatid":"gen9vgc2024regh","rating":1695,"private":0,"password":null}