{"id":"gen9vgc2024regh-2247876688","format":"[Gen 9] VGC 2024 Reg H","players":["MillerH33","Allhailhippo"],"log":"|j|\u203dMillerH33\n|j|\u2606Allhailhippo\n|t:|1732140581\n|gametype|doubles\n|player|p1|MillerH33|riley|1755\n|player|p2|Allhailhippo|1|1697\n|teamsize|p1|6\n|teamsize|p2|6\n|gen|9\n|tier|[Gen 9] VGC 2024 Reg H\n|rated|\n|rule|Species Clause: Limit one of each Pok\u00e9mon\n|rule|Item Clause: Limit 1 of each item\n|clearpoke\n|poke|p1|Garchomp, L50, F|\n|poke|p1|Amoonguss, L50, M|\n|poke|p1|Gholdengo, L50|\n|poke|p1|Kilowattrel, L50, M|\n|poke|p1|Tyranitar, L50, F|\n|poke|p1|Sneasler, L50, M|\n|poke|p2|Tyranitar, L50, M|\n|poke|p2|Houndstone, L50, M|\n|poke|p2|Whimsicott, L50, M|\n|poke|p2|Incineroar, L50, M|\n|poke|p2|Gholdengo, L50|\n|poke|p2|Garchomp, L50, M|\n|teampreview|4\n|inactive|Battle timer is ON: inactive players will automatically lose when time's up. (requested by Allhailhippo)\n|\n|t:|1732140602\n|start\n|switch|p1a: Garchomp|Garchomp, L50, F|100\/100\n|switch|p1b: Kilowattrel|Kilowattrel, L50, M|100\/100\n|switch|p2a: Anna|Whimsicott, L50, M|100\/100\n|switch|p2b: Garchomp|Garchomp, L50, M|100\/100\n|turn|1\n|j| GdanskingInTheDark\n|\n|t:|1732140623\n|move|p1a: Garchomp|Protect|p1a: Garchomp\n|-singleturn|p1a: Garchomp|Protect\n|move|p2a: Anna|Tailwind|p2a: Anna\n|-sidestart|p2: Allhailhippo|move: Tailwind\n|move|p2b: Garchomp|Dragon Claw|p1b: Kilowattrel\n|-damage|p1b: Kilowattrel|4\/100\n|-damage|p2b: Garchomp|91\/100|[from] item: Life Orb\n|move|p1b: Kilowattrel|Tailwind|p1b: Kilowattrel\n|-sidestart|p1: MillerH33|move: Tailwind\n|\n|upkeep\n|turn|2\n|\n|t:|1732140646\n|-terastallize|p1a: Garchomp|Ground\n|move|p2a: Anna|Encore|p1a: Garchomp\n|-start|p1a: Garchomp|Encore\n|move|p1b: Kilowattrel|Air Slash|p2a: Anna\n|-supereffective|p2a: Anna\n|-damage|p2a: Anna|7\/100\n|move|p1a: Garchomp|Protect||[still]\n|-fail|p1a: Garchomp\n|move|p2b: Garchomp|Dragon Claw|p1b: Kilowattrel\n|-damage|p1b: Kilowattrel|0 fnt\n|faint|p1b: Kilowattrel\n|-damage|p2b: Garchomp|81\/100|[from] item: Life Orb\n|\n|upkeep\n|\n|t:|1732140654\n|switch|p1b: Sneasler|Sneasler, L50, M|100\/100\n|turn|3\n|\n|t:|1732140663\n|switch|p1a: Gholdengo|Gholdengo, L50|100\/100\n|move|p2a: Anna|Protect|p2a: Anna\n|-singleturn|p2a: Anna|Protect\n|move|p1b: Sneasler|Fake Out|p2b: Garchomp\n|-damage|p2b: Garchomp|65\/100\n|-damage|p1b: Sneasler|88\/100|[from] ability: Rough Skin|[of] p2b: Garchomp\n|cant|p2b: Garchomp|flinch\n|\n|upkeep\n|turn|4\n|\n|t:|1732140682\n|switch|p2a: Good Things|Tyranitar, L50, M|100\/100\n|-weather|Sandstorm|[from] ability: Sand Stream|[of] p2a: Good Things\n|move|p2b: Garchomp|Protect|p2b: Garchomp\n|-singleturn|p2b: Garchomp|Protect\n|move|p1a: Gholdengo|Protect|p1a: Gholdengo\n|-singleturn|p1a: Gholdengo|Protect\n|move|p1b: Sneasler|Close Combat|p2a: Good Things\n|-supereffective|p2a: Good Things\n|-damage|p2a: Good Things|0 fnt\n|-unboost|p1b: Sneasler|def|1\n|-unboost|p1b: Sneasler|spd|1\n|-enditem|p1b: Sneasler|White Herb\n|-clearnegativeboost|p1b: Sneasler|[silent]\n|faint|p2a: Good Things\n|\n|-weather|Sandstorm|[upkeep]\n|-damage|p1b: Sneasler|82\/100|[from] Sandstorm\n|-sideend|p1: MillerH33|move: Tailwind\n|-sideend|p2: Allhailhippo|move: Tailwind\n|upkeep\n|\n|t:|1732140693\n|switch|p2a: Anna|Whimsicott, L50, M|7\/100\n|turn|5\n|j| kyo9t\n|\n|t:|1732140706\n|move|p2a: Anna|Tailwind|p2a: Anna\n|-sidestart|p2: Allhailhippo|move: Tailwind\n|move|p1b: Sneasler|Close Combat|p2b: Garchomp\n|-damage|p2b: Garchomp|4\/100\n|-unboost|p1b: Sneasler|def|1\n|-unboost|p1b: Sneasler|spd|1\n|-damage|p1b: Sneasler|70\/100|[from] ability: Rough Skin|[of] p2b: Garchomp\n|move|p2b: Garchomp|Earthquake|p1b: Sneasler|[spread] p2a,p1a,p1b\n|-resisted|p2a: Anna\n|-supereffective|p1a: Gholdengo\n|-supereffective|p1b: Sneasler\n|-damage|p2a: Anna|0 fnt\n|-damage|p1a: Gholdengo|3\/100\n|-damage|p1b: Sneasler|0 fnt\n|faint|p2a: Anna\n|faint|p1b: Sneasler\n|-damage|p2b: Garchomp|0 fnt|[from] item: Life Orb\n|faint|p2b: Garchomp\n|move|p1a: Gholdengo|Make It Rain|p2: Anna|[notarget]\n|-fail|p1a: Gholdengo\n|\n|-weather|Sandstorm|[upkeep]\n|-heal|p1a: Gholdengo|9\/100|[from] item: Leftovers\n|upkeep\n|\n|t:|1732140718\n|switch|p1b: Garchomp|Garchomp, L50, F, tera:Ground|100\/100\n|switch|p2b: Rodent|Houndstone, L50, M|100\/100\n|turn|6\n|inactive|Allhailhippo has 30 seconds left.\n|\n|t:|1732140747\n|move|p2b: Rodent|Last Respects|p1b: Garchomp\n|-damage|p1b: Garchomp|15\/100\n|move|p1b: Garchomp|Earthquake|p2b: Rodent|[spread] p1a,p2b\n|-supereffective|p1a: Gholdengo\n|-damage|p1a: Gholdengo|0 fnt\n|-damage|p2b: Rodent|15\/100\n|faint|p1a: Gholdengo\n|-damage|p1b: Garchomp|5\/100|[from] item: Life Orb\n|\n|-weather|Sandstorm|[upkeep]\n|upkeep\n|turn|7\n|\n|t:|1732140763\n|move|p2b: Rodent|Last Respects|p1b: Garchomp\n|-crit|p1b: Garchomp\n|-damage|p1b: Garchomp|0 fnt\n|faint|p1b: Garchomp\n|\n|win|Allhailhippo\n|raw|MillerH33's rating: 1755 &rarr; <strong>1732<\/strong><br \/>(-23 for losing)\n|raw|Allhailhippo's rating: 1697 &rarr; <strong>1720<\/strong><br \/>(+23 for winning)\n|l|\u203dMillerH33\n|player|p1|\n|l|\u2606Allhailhippo\n|player|p2|\n","uploadtime":1732141024,"views":15,"formatid":"gen9vgc2024regh","rating":1720,"private":0,"password":null}