{"id":"gen9vgc2024regh-2247692675","format":"[Gen 9] VGC 2024 Reg H","players":["vgclth terran","Zordor"],"log":"|raw|<div class=\"broadcast-blue\"><strong>This battle is required to be public due to a player having a name starting with 'vgclth'.<\/div>\n|j|\u2606vgclth terran\n|j|\u2606Zordor\n|t:|1732122774\n|gametype|doubles\n|player|p1|vgclth terran|rood|1761\n|player|p2|Zordor|pilot|1803\n|teamsize|p1|6\n|teamsize|p2|6\n|gen|9\n|tier|[Gen 9] VGC 2024 Reg H\n|rated|\n|rule|Species Clause: Limit one of each Pok\u00e9mon\n|rule|Item Clause: Limit 1 of each item\n|clearpoke\n|poke|p1|Ninetales-Alola, L50, M|\n|poke|p1|Rillaboom, L50, M|\n|poke|p1|Magmar, L50, F|\n|poke|p1|Sneasler, L50, F|\n|poke|p1|Kingambit, L50, M|\n|poke|p1|Basculegion, L50, M|\n|poke|p2|Rotom-Wash, L50|\n|poke|p2|Sneasler, L50, F|\n|poke|p2|Armarouge, L50, F|\n|poke|p2|Venusaur, L50, M|\n|poke|p2|Scizor, L50, F|\n|poke|p2|Dragapult, L50, F|\n|teampreview|4\n|\n|t:|1732122825\n|start\n|switch|p1a: Kingambit|Kingambit, L50, M|100\/100\n|switch|p1b: Magmar|Magmar, L50, F|100\/100\n|switch|p2a: Armarouge|Armarouge, L50, F|100\/100\n|switch|p2b: Sneasler|Sneasler, L50, F|100\/100\n|turn|1\n|\n|t:|1732122856\n|move|p1b: Magmar|Protect|p1b: Magmar\n|-singleturn|p1b: Magmar|Protect\n|move|p1a: Kingambit|Protect|p1a: Kingambit\n|-singleturn|p1a: Kingambit|Protect\n|move|p2b: Sneasler|Dire Claw|p1b: Magmar\n|-activate|p1b: Magmar|move: Protect\n|move|p2a: Armarouge|Meteor Beam||[still]\n|-prepare|p2a: Armarouge|Meteor Beam\n|-boost|p2a: Armarouge|spa|1\n|-enditem|p2a: Armarouge|Power Herb\n|-anim|p2a: Armarouge|Meteor Beam|p1b: Magmar\n|-activate|p1b: Magmar|move: Protect\n|\n|upkeep\n|turn|2\n|\n|t:|1732122867\n|-terastallize|p1a: Kingambit|Fire\n|move|p1b: Magmar|Follow Me|p1b: Magmar\n|-singleturn|p1b: Magmar|move: Follow Me\n|move|p2b: Sneasler|Close Combat|p1b: Magmar\n|-damage|p1b: Magmar|56\/100\n|-unboost|p2b: Sneasler|def|1\n|-unboost|p2b: Sneasler|spd|1\n|move|p2a: Armarouge|Heat Wave|p1a: Kingambit|[spread] p1a,p1b\n|-resisted|p1a: Kingambit\n|-resisted|p1b: Magmar\n|-damage|p1a: Kingambit|71\/100\n|-damage|p1b: Magmar|36\/100\n|move|p1a: Kingambit|Kowtow Cleave|p2a: Armarouge\n|-supereffective|p2a: Armarouge\n|-damage|p2a: Armarouge|0 fnt\n|faint|p2a: Armarouge\n|\n|upkeep\n|\n|t:|1732122876\n|switch|p2a: Scizor|Scizor, L50, F|100\/100\n|turn|3\n|\n|t:|1732122893\n|move|p1b: Magmar|Protect|p1b: Magmar\n|-singleturn|p1b: Magmar|Protect\n|move|p2b: Sneasler|Close Combat|p1b: Magmar\n|-activate|p1b: Magmar|move: Protect\n|move|p2a: Scizor|Knock Off|p1a: Kingambit\n|-damage|p1a: Kingambit|42\/100\n|-enditem|p1a: Kingambit|Black Glasses|[from] move: Knock Off|[of] p2a: Scizor\n|move|p1a: Kingambit|Kowtow Cleave|p2b: Sneasler\n|-resisted|p2b: Sneasler\n|-damage|p2b: Sneasler|39\/100\n|\n|upkeep\n|turn|4\n|\n|t:|1732122925\n|switch|p2a: Dragapult|Dragapult, L50, F|100\/100\n|move|p2b: Sneasler|Protect|p2b: Sneasler\n|-singleturn|p2b: Sneasler|Protect\n|move|p1a: Kingambit|Sucker Punch||[still]\n|-fail|p1a: Kingambit\n|move|p1b: Magmar|Heat Wave|p2b: Sneasler|[spread] \n|-activate|p2b: Sneasler|move: Protect\n|-miss|p1b: Magmar|p2a: Dragapult\n|\n|upkeep\n|turn|5\n|\n|t:|1732122949\n|-terastallize|p2a: Dragapult|Fighting\n|move|p2b: Sneasler|Protect||[still]\n|-fail|p2b: Sneasler\n|move|p1b: Magmar|Protect|p1b: Magmar\n|-singleturn|p1b: Magmar|Protect\n|move|p1a: Kingambit|Sucker Punch||[still]\n|-fail|p1a: Kingambit\n|move|p2a: Dragapult|Dragon Darts|p1a: Kingambit\n|-damage|p1a: Kingambit|23\/100\n|-anim|p2a: Dragapult|Dragon Darts|p1a: Kingambit\n|-damage|p1a: Kingambit|4\/100\n|\n|upkeep\n|turn|6\n|j| moon7777\n|\n|t:|1732122963\n|move|p2b: Sneasler|Protect|p2b: Sneasler\n|-singleturn|p2b: Sneasler|Protect\n|move|p1a: Kingambit|Sucker Punch||[still]\n|-fail|p1a: Kingambit\n|move|p2a: Dragapult|Dragon Darts|p1a: Kingambit\n|-damage|p1a: Kingambit|0 fnt\n|-anim|p2a: Dragapult|Dragon Darts|p1b: Magmar\n|-damage|p1b: Magmar|19\/100\n|faint|p1a: Kingambit\n|move|p1b: Magmar|Heat Wave|p2a: Dragapult|[spread] \n|-activate|p2b: Sneasler|move: Protect\n|-miss|p1b: Magmar|p2a: Dragapult\n|\n|upkeep\n|\n|t:|1732122971\n|switch|p1a: Basculegion|Basculegion, L50, M|100\/100\n|turn|7\n|\n|t:|1732122994\n|move|p1b: Magmar|Protect|p1b: Magmar\n|-singleturn|p1b: Magmar|Protect\n|move|p1a: Basculegion|Flip Turn|p2b: Sneasler\n|-damage|p2b: Sneasler|0 fnt\n|faint|p2b: Sneasler\n|\n|t:|1732122997\n|switch|p1a: Ninetales|Ninetales-Alola, L50, M|100\/100|[from] Flip Turn\n|-weather|Snow|[from] ability: Snow Warning|[of] p1a: Ninetales\n|move|p2a: Dragapult|Phantom Force||[still]\n|-prepare|p2a: Dragapult|Phantom Force\n|\n|-weather|Snow|[upkeep]\n|upkeep\n|\n|t:|1732123005\n|switch|p2b: Scizor|Scizor, L50, F|100\/100\n|turn|8\n|\n|t:|1732123028\n|move|p1b: Magmar|Follow Me|p1b: Magmar\n|-singleturn|p1b: Magmar|move: Follow Me\n|move|p2a: Dragapult|Phantom Force|p1b: Magmar|[from]lockedmove\n|-damage|p1b: Magmar|0 fnt\n|faint|p1b: Magmar\n|move|p1a: Ninetales|Blizzard|p2a: Dragapult|[spread] p2a,p2b\n|-resisted|p2b: Scizor\n|-damage|p2a: Dragapult|70\/100\n|-damage|p2b: Scizor|81\/100\n|-status|p2a: Dragapult|frz\n|-status|p2b: Scizor|frz\n|cant|p2b: Scizor|frz\n|\n|-weather|Snow|[upkeep]\n|upkeep\n|\n|t:|1732123033\n|switch|p1b: Basculegion|Basculegion, L50, M|100\/100\n|turn|9\n|c|\u2606vgclth terran|sry\n|\n|t:|1732123048\n|move|p1b: Basculegion|Last Respects|p2a: Dragapult\n|-damage|p2a: Dragapult|0 fnt\n|faint|p2a: Dragapult\n|move|p1a: Ninetales|Blizzard|p2b: Scizor\n|-resisted|p2b: Scizor\n|-damage|p2b: Scizor|52\/100 frz\n|cant|p2b: Scizor|frz\n|\n|-weather|Snow|[upkeep]\n|upkeep\n|turn|10\n|\n|t:|1732123066\n|move|p1b: Basculegion|Last Respects|p2b: Scizor\n|-damage|p2b: Scizor|0 fnt\n|faint|p2b: Scizor\n|\n|win|vgclth terran\n|raw|vgclth terran's rating: 1761 &rarr; <strong>1783<\/strong><br \/>(+22 for winning)\n|raw|Zordor's rating: 1803 &rarr; <strong>1781<\/strong><br \/>(-22 for losing)\n|l|\u2606Zordor\n|player|p2|\n|l|\u2606vgclth terran\n|player|p1|\n","uploadtime":1732123307,"views":37,"formatid":"gen9vgc2024regh","rating":1781,"private":0,"password":null}