{"id":"gen9vgc2024regh-2247114197","format":"[Gen 9] VGC 2024 Reg H","players":["zp90","VGCLTH HUH"],"log":"|raw|<div class=\"broadcast-blue\"><strong>This battle is required to be public due to a player having a name starting with 'vgclth'.<\/div>\n|j|\u2606zp90\n|j|\u2606VGCLTH HUH\n|t:|1732047129\n|gametype|doubles\n|player|p1|zp90|giovanni|1743\n|player|p2|VGCLTH HUH|medium|1771\n|teamsize|p1|6\n|teamsize|p2|6\n|gen|9\n|tier|[Gen 9] VGC 2024 Reg H\n|rated|\n|rule|Species Clause: Limit one of each Pok\u00e9mon\n|rule|Item Clause: Limit 1 of each item\n|clearpoke\n|poke|p1|Gholdengo, L50|\n|poke|p1|Sneasler, L50, M|\n|poke|p1|Garchomp, L50, M|\n|poke|p1|Tauros-Paldea-Aqua, L50, M|\n|poke|p1|Sinistcha-Masterpiece, L50|\n|poke|p1|Dragonite, L50, M|\n|poke|p2|Ursaluna-Bloodmoon, L50, M|\n|poke|p2|Dragonite, L50, M|\n|poke|p2|Archaludon, L50, M|\n|poke|p2|Volcarona, L50, M|\n|poke|p2|Gholdengo, L50|\n|poke|p2|Dondozo, L50, M|\n|teampreview|4\n|inactive|Battle timer is ON: inactive players will automatically lose when time's up. (requested by zp90)\n|\n|t:|1732047151\n|start\n|switch|p1a: Gholdengo|Gholdengo, L50|100\/100\n|switch|p1b: Sneasler|Sneasler, L50, M, shiny|100\/100\n|switch|p2a: Dragonite|Dragonite, L50, M|100\/100\n|switch|p2b: Gholdengo|Gholdengo, L50|100\/100\n|turn|1\n|\n|t:|1732047169\n|switch|p2a: Volcarona|Volcarona, L50, M|100\/100\n|move|p1b: Sneasler|Fake Out|p2a: Volcarona\n|-damage|p2a: Volcarona|83\/100\n|-damage|p1b: Sneasler|84\/100|[from] item: Rocky Helmet|[of] p2a: Volcarona\n|move|p2b: Gholdengo|Make It Rain|p1a: Gholdengo|[spread] p1a,p1b\n|-resisted|p1a: Gholdengo\n|-damage|p1a: Gholdengo|76\/100\n|-damage|p1b: Sneasler|12\/100\n|-unboost|p2b: Gholdengo|spa|1\n|move|p1a: Gholdengo|Nasty Plot|p1a: Gholdengo\n|-boost|p1a: Gholdengo|spa|2\n|\n|upkeep\n|turn|2\n|\n|t:|1732047194\n|switch|p1b: Dragonite|Dragonite, L50, M|100\/100\n|-terastallize|p1a: Gholdengo|Water\n|move|p2b: Gholdengo|Make It Rain|p1b: Dragonite|[spread] p1a,p1b\n|-resisted|p1a: Gholdengo\n|-damage|p1a: Gholdengo|61\/100\n|-damage|p1b: Dragonite|85\/100\n|-unboost|p2b: Gholdengo|spa|1\n|move|p2a: Volcarona|Tailwind|p2a: Volcarona\n|-sidestart|p2: VGCLTH HUH|move: Tailwind\n|move|p1a: Gholdengo|Shadow Ball|p2a: Volcarona\n|-damage|p2a: Volcarona|16\/100\n|\n|upkeep\n|turn|3\n|\n|t:|1732047214\n|move|p1b: Dragonite|Extreme Speed|p2a: Volcarona\n|-damage|p2a: Volcarona|0 fnt\n|-damage|p1b: Dragonite|69\/100|[from] item: Rocky Helmet|[of] p2a: Volcarona\n|-status|p1b: Dragonite|brn|[from] ability: Flame Body|[of] p2a: Volcarona\n|faint|p2a: Volcarona\n|move|p2b: Gholdengo|Make It Rain|p1a: Gholdengo|[spread] p1a,p1b\n|-resisted|p1a: Gholdengo\n|-damage|p1a: Gholdengo|51\/100\n|-damage|p1b: Dragonite|47\/100 brn\n|-unboost|p2b: Gholdengo|spa|1\n|move|p1a: Gholdengo|Shadow Ball|p2b: Gholdengo\n|-supereffective|p2b: Gholdengo\n|-damage|p2b: Gholdengo|0 fnt\n|faint|p2b: Gholdengo\n|\n|-damage|p1b: Dragonite|41\/100 brn|[from] brn\n|upkeep\n|\n|t:|1732047225\n|switch|p2b: Ursaluna|Ursaluna-Bloodmoon, L50, M|100\/100\n|switch|p2a: Dragonite|Dragonite, L50, M|100\/100\n|turn|4\n|\n|t:|1732047231\n|switch|p1b: Sinistcha|Sinistcha-Masterpiece, L50|100\/100\n|-heal|p1a: Gholdengo|75\/100|[from] ability: Hospitality|[of] p1b: Sinistcha\n|move|p2a: Dragonite|Scale Shot|p1b: Sinistcha\n|-damage|p1b: Sinistcha|85\/100\n|-crit|p1b: Sinistcha\n|-damage|p1b: Sinistcha|63\/100\n|-damage|p1b: Sinistcha|50\/100\n|-enditem|p1b: Sinistcha|Sitrus Berry|[eat]\n|-heal|p1b: Sinistcha|75\/100|[from] item: Sitrus Berry\n|-damage|p1b: Sinistcha|61\/100\n|-hitcount|p1b: Sinistcha|4\n|-unboost|p2a: Dragonite|def|1\n|-boost|p2a: Dragonite|spe|1\n|move|p2b: Ursaluna|Blood Moon|p1a: Gholdengo\n|-damage|p1a: Gholdengo|3\/100\n|-enditem|p1a: Gholdengo|Aguav Berry|[eat]\n|-heal|p1a: Gholdengo|36\/100|[from] item: Aguav Berry\n|move|p1a: Gholdengo|Make It Rain|p2a: Dragonite|[spread] p2a,p2b\n|-damage|p2a: Dragonite|55\/100\n|-damage|p2b: Ursaluna|44\/100\n|-unboost|p1a: Gholdengo|spa|1\n|\n|upkeep\n|turn|5\n|inactive|zp90 has 30 seconds left.\n|inactive|VGCLTH HUH has 30 seconds left.\n|\n|t:|1732047262\n|-terastallize|p2b: Ursaluna|Normal\n|move|p1a: Gholdengo|Protect|p1a: Gholdengo\n|-singleturn|p1a: Gholdengo|Protect\n|move|p2a: Dragonite|Scale Shot|p1b: Sinistcha\n|-damage|p1b: Sinistcha|45\/100\n|-damage|p1b: Sinistcha|30\/100\n|-damage|p1b: Sinistcha|17\/100\n|-damage|p1b: Sinistcha|3\/100\n|-hitcount|p1b: Sinistcha|4\n|-unboost|p2a: Dragonite|def|1\n|-boost|p2a: Dragonite|spe|1\n|move|p2b: Ursaluna|Hyper Voice|p1b: Sinistcha|[spread] p1b\n|-activate|p1a: Gholdengo|move: Protect\n|-damage|p1b: Sinistcha|0 fnt\n|faint|p1b: Sinistcha\n|\n|-sideend|p2: VGCLTH HUH|move: Tailwind\n|upkeep\n|\n|t:|1732047270\n|switch|p1b: Sneasler|Sneasler, L50, M, shiny|12\/100\n|turn|6\n|inactive|VGCLTH HUH has 30 seconds left.\n|\n|t:|1732047302\n|move|p1b: Sneasler|Fake Out|p2a: Dragonite\n|-crit|p2a: Dragonite\n|-damage|p2a: Dragonite|8\/100\n|cant|p2a: Dragonite|flinch\n|move|p1a: Gholdengo|Make It Rain|p2b: Ursaluna|[spread] p2a,p2b\n|-damage|p2a: Dragonite|0 fnt\n|-damage|p2b: Ursaluna|0 fnt\n|-unboost|p1a: Gholdengo|spa|1\n|faint|p2a: Dragonite\n|faint|p2b: Ursaluna\n|\n|win|zp90\n|raw|zp90's rating: 1743 &rarr; <strong>1765<\/strong><br \/>(+22 for winning)\n|raw|VGCLTH HUH's rating: 1771 &rarr; <strong>1749<\/strong><br \/>(-22 for losing)\n|l|\u2606zp90\n|player|p1|\n|l|\u2606VGCLTH HUH\n|player|p2|\n","uploadtime":1732047459,"views":40,"formatid":"gen9vgc2024regh","rating":1749,"private":0,"password":null}