{"id":"gen9vgc2024regh-2247392108","format":"[Gen 9] VGC 2024 Reg H","players":["testy accounty 2","VGCLTH R0gue"],"log":"|j|\u2606testy accounty 2\n|j|\u2606VGCLTH R0gue\n|t:|1732080332\n|gametype|doubles\n|player|p1|testy accounty 2|102|1692\n|player|p2|VGCLTH R0gue|ingo|1688\n|teamsize|p1|6\n|teamsize|p2|6\n|gen|9\n|tier|[Gen 9] VGC 2024 Reg H\n|rated|\n|rule|Species Clause: Limit one of each Pok\u00e9mon\n|rule|Item Clause: Limit 1 of each item\n|clearpoke\n|poke|p1|Pelipper, L50, F|\n|poke|p1|Archaludon, L50, F|\n|poke|p1|Sneasler, L50, M|\n|poke|p1|Dragonite, L50, M|\n|poke|p1|Basculegion, L50, M|\n|poke|p1|Rillaboom, L50, F|\n|poke|p2|Sneasler, L50, F|\n|poke|p2|Primarina, L50, F|\n|poke|p2|Kingambit, L50, F|\n|poke|p2|Rillaboom, L50, F|\n|poke|p2|Electabuzz, L50, M|\n|poke|p2|Dragapult, L50, M|\n|teampreview|4\n|inactive|Battle timer is ON: inactive players will automatically lose when time's up. (requested by VGCLTH R0gue)\nVGCLTH R0gue has agreed to open team sheets.\n|\n|t:|1732080357\n|start\n|switch|p1a: VEGETA|Basculegion, L50, M|100\/100\n|switch|p1b: Rillaboom|Rillaboom, L50, F|100\/100\n|switch|p2a: Locked In|Kingambit, L50, F|100\/100\n|switch|p2b: Sorry for hax|Sneasler, L50, F|100\/100\n|-fieldstart|move: Grassy Terrain|[from] ability: Grassy Surge|[of] p1b: Rillaboom\n|turn|1\n|\n|t:|1732080375\n|switch|p1a: MACHBACK|Archaludon, L50, F|100\/100\n|move|p2b: Sorry for hax|Protect|p2b: Sorry for hax\n|-singleturn|p2b: Sorry for hax|Protect\n|move|p2a: Locked In|Protect|p2a: Locked In\n|-singleturn|p2a: Locked In|Protect\n|move|p1b: Rillaboom|Bullet Seed|p1a: MACHBACK\n|-resisted|p1a: MACHBACK\n|-damage|p1a: MACHBACK|98\/100\n|-ability|p1a: MACHBACK|Stamina|boost\n|-boost|p1a: MACHBACK|def|1\n|-resisted|p1a: MACHBACK\n|-damage|p1a: MACHBACK|96\/100\n|-ability|p1a: MACHBACK|Stamina|boost\n|-boost|p1a: MACHBACK|def|1\n|-resisted|p1a: MACHBACK\n|-damage|p1a: MACHBACK|95\/100\n|-ability|p1a: MACHBACK|Stamina|boost\n|-boost|p1a: MACHBACK|def|1\n|-resisted|p1a: MACHBACK\n|-damage|p1a: MACHBACK|94\/100\n|-ability|p1a: MACHBACK|Stamina|boost\n|-boost|p1a: MACHBACK|def|1\n|-resisted|p1a: MACHBACK\n|-damage|p1a: MACHBACK|94\/100\n|-ability|p1a: MACHBACK|Stamina|boost\n|-boost|p1a: MACHBACK|def|1\n|-hitcount|p1a: MACHBACK|5\n|\n|-heal|p1a: MACHBACK|99\/100|[from] Grassy Terrain\n|upkeep\n|turn|2\n|inactive|testy accounty 2 has 30 seconds left.\n|\n|t:|1732080407\n|switch|p2a: Washed|Primarina, L50, F|100\/100\n|move|p2b: Sorry for hax|Dire Claw|p1b: Rillaboom\n|-supereffective|p1b: Rillaboom\n|-damage|p1b: Rillaboom|25\/100\n|move|p1b: Rillaboom|Bullet Seed|p2a: Washed\n|-supereffective|p2a: Washed\n|-damage|p2a: Washed|62\/100\n|-supereffective|p2a: Washed\n|-damage|p2a: Washed|23\/100\n|-supereffective|p2a: Washed\n|-damage|p2a: Washed|0 fnt\n|faint|p2a: Washed\n|-hitcount|p2: Washed|3\n|move|p1a: MACHBACK|Body Press|p2b: Sorry for hax\n|-resisted|p2b: Sorry for hax\n|-crit|p2b: Sorry for hax\n|-enditem|p2b: Sorry for hax|Focus Sash\n|-damage|p2b: Sorry for hax|1\/100\n|\n|-heal|p2b: Sorry for hax|7\/100|[from] Grassy Terrain\n|-heal|p1b: Rillaboom|31\/100|[from] Grassy Terrain\n|-heal|p1a: MACHBACK|100\/100|[from] Grassy Terrain\n|upkeep\n|\n|t:|1732080426\n|switch|p2a: Touch grass|Rillaboom, L50, F|100\/100\n|turn|3\n|\n|t:|1732080441\n|move|p2a: Touch grass|Fake Out|p1b: Rillaboom\n|-damage|p1b: Rillaboom|19\/100\n|cant|p1b: Rillaboom|flinch\n|move|p2b: Sorry for hax|Close Combat|p1a: MACHBACK\n|-supereffective|p1a: MACHBACK\n|-damage|p1a: MACHBACK|76\/100\n|-unboost|p2b: Sorry for hax|def|1\n|-unboost|p2b: Sorry for hax|spd|1\n|-ability|p1a: MACHBACK|Stamina|boost\n|-boost|p1a: MACHBACK|def|1\n|move|p1a: MACHBACK|Body Press|p2a: Touch grass\n|-damage|p2a: Touch grass|5\/100\n|\n|-heal|p2b: Sorry for hax|13\/100|[from] Grassy Terrain\n|-heal|p1b: Rillaboom|25\/100|[from] Grassy Terrain\n|-heal|p1a: MACHBACK|82\/100|[from] Grassy Terrain\n|-heal|p2a: Touch grass|11\/100|[from] Grassy Terrain\n|upkeep\n|turn|4\n|\n|t:|1732080464\n|switch|p2b: Locked In|Kingambit, L50, F|100\/100\n|move|p1b: Rillaboom|Grassy Glide|p2a: Touch grass\n|-resisted|p2a: Touch grass\n|-damage|p2a: Touch grass|0 fnt\n|faint|p2a: Touch grass\n|move|p1a: MACHBACK|Body Press|p2b: Locked In\n|-supereffective|p2b: Locked In\n|-damage|p2b: Locked In|0 fnt\n|faint|p2b: Locked In\n|\n|-heal|p1b: Rillaboom|30\/100|[from] Grassy Terrain\n|-heal|p1a: MACHBACK|88\/100|[from] Grassy Terrain\n|upkeep\n|\n|t:|1732080467\n|switch|p2b: Sorry for hax|Sneasler, L50, F|13\/100\n|turn|5\n|-message|VGCLTH R0gue forfeited.\n|\n|win|testy accounty 2\n|raw|testy accounty 2's rating: 1692 &rarr; <strong>1712<\/strong><br \/>(+20 for winning)\n|raw|VGCLTH R0gue's rating: 1688 &rarr; <strong>1668<\/strong><br \/>(-20 for losing)\n|l|\u2606VGCLTH R0gue\n|player|p2|\n|l|\u2606testy accounty 2\n|player|p1|\n","uploadtime":1732080630,"views":14,"formatid":"gen9vgc2024regh","rating":1668,"private":0,"password":null}