{"id":"gen9vgc2024regh-2247574921","format":"[Gen 9] VGC 2024 Reg H","players":["taku4986726","VGCLTH Rain"],"log":"|raw|<div class=\"broadcast-blue\"><strong>This battle is required to be public due to a player having a name starting with 'vgclth'.<\/div>\n|j|\u2606taku4986726\n|j|\u2606VGCLTH Rain\n|t:|1732111149\n|gametype|doubles\n|player|p1|taku4986726|pokekid|1781\n|player|p2|VGCLTH Rain|169|1710\n|teamsize|p1|6\n|teamsize|p2|6\n|gen|9\n|tier|[Gen 9] VGC 2024 Reg H\n|rated|\n|rule|Species Clause: Limit one of each Pok\u00e9mon\n|rule|Item Clause: Limit 1 of each item\n|clearpoke\n|poke|p1|Armarouge, L50, M|\n|poke|p1|Indeedee-F, L50, F|\n|poke|p1|Tauros-Paldea-Aqua, L50, M|\n|poke|p1|Annihilape, L50, M|\n|poke|p1|Whimsicott, L50, F|\n|poke|p1|Ursaluna-Bloodmoon, L50, M|\n|poke|p2|Typhlosion-Hisui, L50, M|\n|poke|p2|Glimmora, L50, M|\n|poke|p2|Grimmsnarl, L50, M|\n|poke|p2|Whimsicott, L50, M|\n|poke|p2|Ursaluna-Bloodmoon, L50, M|\n|poke|p2|Dusclops, L50, F|\n|teampreview|4\n|j| Lithogen\n|inactive|Battle timer is ON: inactive players will automatically lose when time's up. (requested by VGCLTH Rain)\n|inactive|taku4986726 has 60 seconds left.\n|\n|t:|1732111216\n|start\n|switch|p1a: Armarouge|Armarouge, L50, M|100\/100\n|switch|p1b: Tauros|Tauros-Paldea-Aqua, L50, M|100\/100\n|switch|p2a: Glimmora|Glimmora, L50, M|100\/100\n|switch|p2b: Grimmsnarl|Grimmsnarl, L50, M|100\/100\n|-ability|p1b: Tauros|Intimidate|boost\n|-unboost|p2a: Glimmora|atk|1\n|-unboost|p2b: Grimmsnarl|atk|1\n|turn|1\n|\n|t:|1732111238\n|move|p1b: Tauros|Close Combat|p2b: Grimmsnarl\n|-damage|p2b: Grimmsnarl|30\/100\n|-unboost|p1b: Tauros|def|1\n|-unboost|p1b: Tauros|spd|1\n|-enditem|p1b: Tauros|Eject Pack\n|\n|t:|1732111243\n|switch|p1b: Indeedee|Indeedee-F, L50, F|100\/100\n|-fieldstart|move: Psychic Terrain|[from] ability: Psychic Surge|[of] p1b: Indeedee\n|move|p2a: Glimmora|Power Gem|p1a: Armarouge\n|-supereffective|p1a: Armarouge\n|-enditem|p1a: Armarouge|Focus Sash\n|-damage|p1a: Armarouge|1\/100\n|move|p1a: Armarouge|Expanding Force|p2b: Grimmsnarl|[spread] p2a\n|-immune|p2b: Grimmsnarl\n|-supereffective|p2a: Glimmora\n|-enditem|p2a: Glimmora|Focus Sash\n|-damage|p2a: Glimmora|1\/100\n|move|p2b: Grimmsnarl|Spirit Break|p1b: Indeedee\n|-damage|p1b: Indeedee|80\/100\n|-unboost|p1b: Indeedee|spa|1\n|\n|upkeep\n|turn|2\n|j| uppercut vgc\n|inactive|taku4986726 has 30 seconds left.\n|\n|t:|1732111270\n|move|p1a: Armarouge|Protect|p1a: Armarouge\n|-singleturn|p1a: Armarouge|Protect\n|move|p2b: Grimmsnarl|Light Screen|p2b: Grimmsnarl\n|-sidestart|p2: VGCLTH Rain|move: Light Screen\n|move|p2a: Glimmora|Power Gem|p1a: Armarouge\n|-activate|p1a: Armarouge|move: Protect\n|move|p1b: Indeedee|Psychic|p2a: Glimmora\n|-supereffective|p2a: Glimmora\n|-damage|p2a: Glimmora|0 fnt\n|faint|p2a: Glimmora\n|\n|upkeep\n|\n|t:|1732111277\n|switch|p2a: Ursaluna|Ursaluna-Bloodmoon, L50, M|100\/100\n|turn|3\n|j| Mixam91\n|j| Owengherke\n|l| Owengherke\n|inactive|taku4986726 has 30 seconds left.\n|\n|t:|1732111309\n|move|p1b: Indeedee|Helping Hand|p1a: Armarouge\n|-singleturn|p1a: Armarouge|Helping Hand|[of] p1b: Indeedee\n|move|p2a: Ursaluna|Protect|p2a: Ursaluna\n|-singleturn|p2a: Ursaluna|Protect\n|move|p1a: Armarouge|Armor Cannon|p2a: Ursaluna\n|-activate|p2a: Ursaluna|move: Protect\n|move|p2b: Grimmsnarl|Spirit Break|p1a: Armarouge\n|-resisted|p1a: Armarouge\n|-damage|p1a: Armarouge|0 fnt\n|faint|p1a: Armarouge\n|\n|upkeep\n|\n|t:|1732111315\n|switch|p1a: Ursaluna|Ursaluna-Bloodmoon, L50, M|100\/100\n|turn|4\n|inactive|taku4986726 has 30 seconds left.\n|inactive|taku4986726 has 20 seconds left.\n|\n|t:|1732111354\n|switch|p2a: Dusclops|Dusclops, L50, F|100\/100\n|-item|p1a: Ursaluna|Assault Vest|[from] ability: Frisk|[of] p2a: Dusclops\n|-item|p1b: Indeedee|Sitrus Berry|[from] ability: Frisk|[of] p2a: Dusclops\n|-terastallize|p1a: Ursaluna|Normal\n|move|p1b: Indeedee|Follow Me|p1b: Indeedee\n|-singleturn|p1b: Indeedee|move: Follow Me\n|move|p1a: Ursaluna|Hyper Voice|p2b: Grimmsnarl|[spread] p2a,p2b\n|-damage|p2a: Dusclops|83\/100\n|-damage|p2b: Grimmsnarl|4\/100\n|move|p2b: Grimmsnarl|Spirit Break|p1b: Indeedee\n|-damage|p1b: Indeedee|59\/100\n|-unboost|p1b: Indeedee|spa|1\n|\n|upkeep\n|turn|5\n|inactive|taku4986726 has 30 seconds left.\n|\n|t:|1732111383\n|move|p1b: Indeedee|Helping Hand|p1a: Ursaluna\n|-singleturn|p1a: Ursaluna|Helping Hand|[of] p1b: Indeedee\n|move|p1a: Ursaluna|Hyper Voice|p2b: Grimmsnarl|[spread] p2a,p2b\n|-damage|p2a: Dusclops|59\/100\n|-damage|p2b: Grimmsnarl|0 fnt\n|faint|p2b: Grimmsnarl\n|move|p2a: Dusclops|Trick Room|p2a: Dusclops\n|-fieldstart|move: Trick Room|[of] p2a: Dusclops\n|\n|-fieldend|move: Psychic Terrain\n|upkeep\n|\n|t:|1732111388\n|switch|p2b: Ursaluna|Ursaluna-Bloodmoon, L50, M|100\/100\n|turn|6\n|\n|t:|1732111412\n|move|p2a: Dusclops|Helping Hand|p2b: Ursaluna\n|-singleturn|p2b: Ursaluna|Helping Hand|[of] p2a: Dusclops\n|move|p1b: Indeedee|Helping Hand|p1a: Ursaluna\n|-singleturn|p1a: Ursaluna|Helping Hand|[of] p1b: Indeedee\n|move|p2b: Ursaluna|Hyper Voice|p1a: Ursaluna|[spread] p1a,p1b\n|-damage|p1a: Ursaluna|59\/100\n|-damage|p1b: Indeedee|3\/100\n|-enditem|p1b: Indeedee|Sitrus Berry|[eat]\n|-heal|p1b: Indeedee|28\/100|[from] item: Sitrus Berry\n|-enditem|p2b: Ursaluna|Throat Spray\n|-boost|p2b: Ursaluna|spa|1|[from] item: Throat Spray\n|move|p1a: Ursaluna|Blood Moon|p2b: Ursaluna\n|-damage|p2b: Ursaluna|0 fnt\n|faint|p2b: Ursaluna\n|\n|upkeep\n|turn|7\n|j| Gl4d\n|-message|VGCLTH Rain forfeited.\n|\n|win|taku4986726\n|raw|taku4986726's rating: 1781 &rarr; <strong>1797<\/strong><br \/>(+16 for winning)\n|raw|VGCLTH Rain's rating: 1710 &rarr; <strong>1694<\/strong><br \/>(-16 for losing)\n|l|\u2606VGCLTH Rain\n|player|p2|\n|l| uppercut vgc\n|l| Mixam91\n|l|\u2606taku4986726\n|player|p1|\n|l| Gl4d\n","uploadtime":1732111701,"views":16,"formatid":"gen9vgc2024regh","rating":1694,"private":0,"password":null}