{"id":"gen9vgc2024regh-2247270605","format":"[Gen 9] VGC 2024 Reg H","players":["SkullySully","vgclth chromate"],"log":"|raw|<div class=\"broadcast-blue\"><strong>This battle is required to be public due to a player having a name starting with 'vgclth'.<\/div>\n|j|\u2606SkullySully\n|j|\u2606vgclth chromate\n|t:|1732063917\n|gametype|doubles\n|player|p1|SkullySully|blaine|1773\n|player|p2|vgclth chromate|allister|1854\n|teamsize|p1|6\n|teamsize|p2|6\n|gen|9\n|tier|[Gen 9] VGC 2024 Reg H\n|rated|\n|rule|Species Clause: Limit one of each Pok\u00e9mon\n|rule|Item Clause: Limit 1 of each item\n|clearpoke\n|poke|p1|Sinistcha-Masterpiece, L50|\n|poke|p1|Ursaluna, L50, F|\n|poke|p1|Zoroark-Hisui, L50, F|\n|poke|p1|Armarouge, L50, M|\n|poke|p1|Archaludon, L50, M|\n|poke|p1|Pelipper, L50, F|\n|poke|p2|Archaludon, L50, M|\n|poke|p2|Pelipper, L50, M|\n|poke|p2|Basculegion, L50, M|\n|poke|p2|Gholdengo, L50|\n|poke|p2|Incineroar, L50, M|\n|poke|p2|Amoonguss, L50, F|\n|teampreview|4\n|\n|t:|1732063997\n|start\n|switch|p1a: Archaludon|Archaludon, L50, M|100\/100\n|switch|p1b: Pelipper|Pelipper, L50, F|100\/100\n|switch|p2a: Gholdengo|Gholdengo, L50|100\/100\n|switch|p2b: Amoonguss|Amoonguss, L50, F|100\/100\n|-weather|RainDance|[from] ability: Drizzle|[of] p1b: Pelipper\n|turn|1\n|\n|t:|1732064011\n|move|p2b: Amoonguss|Protect|p2b: Amoonguss\n|-singleturn|p2b: Amoonguss|Protect\n|move|p2a: Gholdengo|Nasty Plot|p2a: Gholdengo\n|-boost|p2a: Gholdengo|spa|2\n|move|p1a: Archaludon|Electro Shot||[still]\n|-prepare|p1a: Archaludon|Electro Shot\n|-boost|p1a: Archaludon|spa|1\n|-anim|p1a: Archaludon|Electro Shot|p2b: Amoonguss\n|-activate|p2b: Amoonguss|move: Protect\n|move|p1b: Pelipper|Hurricane|p2b: Amoonguss\n|-activate|p2b: Amoonguss|move: Protect\n|\n|-weather|RainDance|[upkeep]\n|upkeep\n|turn|2\n|\n|t:|1732064031\n|move|p1b: Pelipper|Protect|p1b: Pelipper\n|-singleturn|p1b: Pelipper|Protect\n|move|p2a: Gholdengo|Shadow Ball|p1a: Archaludon\n|-damage|p1a: Archaludon|14\/100\n|-ability|p1a: Archaludon|Stamina|boost\n|-boost|p1a: Archaludon|def|1\n|-damage|p2a: Gholdengo|91\/100|[from] item: Life Orb\n|move|p1a: Archaludon|Electro Shot||[still]\n|-prepare|p1a: Archaludon|Electro Shot\n|-boost|p1a: Archaludon|spa|1\n|-anim|p1a: Archaludon|Electro Shot|p2a: Gholdengo\n|-damage|p2a: Gholdengo|0 fnt\n|faint|p2a: Gholdengo\n|move|p2b: Amoonguss|Spore|p1b: Pelipper\n|-activate|p1b: Pelipper|move: Protect\n|\n|-weather|RainDance|[upkeep]\n|upkeep\n|\n|t:|1732064040\n|switch|p2a: Basculegion|Basculegion, L50, M|100\/100\n|turn|3\n|\n|t:|1732064053\n|switch|p1b: Sinistcha|Sinistcha-Masterpiece, L50, shiny|100\/100\n|-heal|p1a: Archaludon|39\/100|[from] ability: Hospitality|[of] p1b: Sinistcha\n|move|p2a: Basculegion|Wave Crash|p1a: Archaludon\n|-resisted|p1a: Archaludon\n|-damage|p1a: Archaludon|8\/100\n|-ability|p1a: Archaludon|Stamina|boost\n|-boost|p1a: Archaludon|def|1\n|-damage|p2a: Basculegion|90\/100|[from] Recoil\n|move|p1a: Archaludon|Electro Shot||[still]\n|-prepare|p1a: Archaludon|Electro Shot\n|-boost|p1a: Archaludon|spa|1\n|-anim|p1a: Archaludon|Electro Shot|p2a: Basculegion\n|-supereffective|p2a: Basculegion\n|-damage|p2a: Basculegion|0 fnt\n|faint|p2a: Basculegion\n|move|p2b: Amoonguss|Spore|p1b: Sinistcha\n|-immune|p1b: Sinistcha\n|\n|-weather|RainDance|[upkeep]\n|upkeep\n|\n|t:|1732064060\n|switch|p2a: Incineroar|Incineroar, L50, M|100\/100\n|-ability|p2a: Incineroar|Intimidate|boost\n|-unboost|p1a: Archaludon|atk|1\n|-unboost|p1b: Sinistcha|atk|1\n|turn|4\n|\n|t:|1732064079\n|move|p1a: Archaludon|Electro Shot||[still]\n|-prepare|p1a: Archaludon|Electro Shot\n|-boost|p1a: Archaludon|spa|1\n|-anim|p1a: Archaludon|Electro Shot|p2a: Incineroar\n|-damage|p2a: Incineroar|0 fnt\n|faint|p2a: Incineroar\n|move|p1b: Sinistcha|Life Dew||[still]|[spread] p1a,p1b\n|-heal|p1a: Archaludon|33\/100\n|-fail|p1b: Sinistcha|heal\n|move|p2b: Amoonguss|Pollen Puff|p2: Incineroar|[notarget]\n|-fail|p2b: Amoonguss\n|\n|-weather|RainDance|[upkeep]\n|upkeep\n|turn|5\n|-message|vgclth chromate forfeited.\n|\n|win|SkullySully\n|raw|SkullySully's rating: 1773 &rarr; <strong>1798<\/strong><br \/>(+25 for winning)\n|raw|vgclth chromate's rating: 1854 &rarr; <strong>1829<\/strong><br \/>(-25 for losing)\n|l|\u2606vgclth chromate\n|player|p2|\n","uploadtime":1732064090,"views":78,"formatid":"gen9vgc2024regh","rating":1798,"private":0,"password":null}