{"id":"gen9vgc2024regh-2247330818","format":"[Gen 9] VGC 2024 Reg H","players":["seis sao foda","VGCLTH Rain"],"log":"|raw|<div class=\"broadcast-blue\"><strong>This battle is required to be public due to a player having a name starting with 'vgclth'.<\/div>\n|j|\u2606seis sao foda\n|j|\u2606VGCLTH Rain\n|t:|1732071402\n|gametype|doubles\n|player|p1|seis sao foda|101|1717\n|player|p2|VGCLTH Rain|101|1780\n|teamsize|p1|6\n|teamsize|p2|6\n|gen|9\n|tier|[Gen 9] VGC 2024 Reg H\n|rated|\n|rule|Species Clause: Limit one of each Pok\u00e9mon\n|rule|Item Clause: Limit 1 of each item\n|clearpoke\n|poke|p1|Annihilape, L50, M|\n|poke|p1|Delphox, L50, M|\n|poke|p1|Murkrow, L50, M|\n|poke|p1|Sneasler, L50, M|\n|poke|p1|Indeedee, L50, M|\n|poke|p1|Gholdengo, L50|\n|poke|p2|Typhlosion-Hisui, L50, M|\n|poke|p2|Glimmora, L50, F|\n|poke|p2|Grimmsnarl, L50, M|\n|poke|p2|Whimsicott, L50, M|\n|poke|p2|Ursaluna-Bloodmoon, L50, M|\n|poke|p2|Dusclops, L50, M|\n|teampreview|4\n|\n|t:|1732071431\n|start\n|switch|p1a: Gholdengo|Gholdengo, L50|100\/100\n|switch|p1b: Sneasler|Sneasler, L50, M|100\/100\n|switch|p2a: Glimmora|Glimmora, L50, F|100\/100\n|switch|p2b: Grimmsnarl|Grimmsnarl, L50, M|100\/100\n|turn|1\n|inactive|Battle timer is ON: inactive players will automatically lose when time's up. (requested by seis sao foda)\n|\n|t:|1732071444\n|-terastallize|p1a: Gholdengo|Steel\n|move|p1b: Sneasler|Protect|p1b: Sneasler\n|-singleturn|p1b: Sneasler|Protect\n|move|p2b: Grimmsnarl|Light Screen|p2b: Grimmsnarl\n|-sidestart|p2: VGCLTH Rain|move: Light Screen\n|move|p2a: Glimmora|Earth Power|p1a: Gholdengo\n|-supereffective|p1a: Gholdengo\n|-damage|p1a: Gholdengo|11\/100\n|-unboost|p1a: Gholdengo|spd|1\n|move|p1a: Gholdengo|Make It Rain|p2a: Glimmora|[spread] p2a,p2b\n|-supereffective|p2a: Glimmora\n|-supereffective|p2b: Grimmsnarl\n|-enditem|p2a: Glimmora|Focus Sash\n|-damage|p2a: Glimmora|1\/100\n|-damage|p2b: Grimmsnarl|1\/100\n|-unboost|p1a: Gholdengo|spa|1\n|\n|upkeep\n|turn|2\n|\n|t:|1732071465\n|switch|p1a: Indeedee|Indeedee, L50, M|100\/100\n|-fieldstart|move: Psychic Terrain|[from] ability: Psychic Surge|[of] p1a: Indeedee\n|-enditem|p1b: Sneasler|Psychic Seed\n|-boost|p1b: Sneasler|spd|1|[from] item: Psychic Seed\n|move|p2b: Grimmsnarl|Reflect|p2b: Grimmsnarl\n|-sidestart|p2: VGCLTH Rain|Reflect\n|move|p1b: Sneasler|Dire Claw|p2a: Glimmora\n|-resisted|p2a: Glimmora\n|-damage|p2a: Glimmora|0 fnt\n|-activate|p2a: Glimmora|ability: Toxic Debris\n|-sidestart|p1: seis sao foda|move: Toxic Spikes\n|faint|p2a: Glimmora\n|\n|upkeep\n|\n|t:|1732071471\n|switch|p2a: Ursaluna|Ursaluna-Bloodmoon, L50, M|100\/100\n|turn|3\n|\n|t:|1732071487\n|move|p1b: Sneasler|Dire Claw|p2b: Grimmsnarl\n|-supereffective|p2b: Grimmsnarl\n|-damage|p2b: Grimmsnarl|0 fnt\n|faint|p2b: Grimmsnarl\n|move|p1a: Indeedee|Expanding Force|p2a: Ursaluna\n|-damage|p2a: Ursaluna|44\/100\n|move|p2a: Ursaluna|Hyper Voice|p1b: Sneasler|[spread] p1a,p1b\n|-damage|p1a: Indeedee|42\/100\n|-damage|p1b: Sneasler|62\/100\n|-enditem|p2a: Ursaluna|Throat Spray\n|-boost|p2a: Ursaluna|spa|1|[from] item: Throat Spray\n|\n|upkeep\n|\n|t:|1732071495\n|switch|p2b: Dusclops|Dusclops, L50, M|100\/100\n|-item|p1a: Indeedee|Focus Sash|[from] ability: Frisk|[of] p2b: Dusclops\n|turn|4\n|\n|t:|1732071514\n|-terastallize|p2a: Ursaluna|Grass\n|move|p1b: Sneasler|Close Combat|p2a: Ursaluna\n|-damage|p2a: Ursaluna|12\/100\n|-unboost|p1b: Sneasler|def|1\n|-unboost|p1b: Sneasler|spd|1\n|move|p1a: Indeedee|Imprison|p1a: Indeedee\n|-start|p1a: Indeedee|move: Imprison\n|move|p2a: Ursaluna|Hyper Voice|p1a: Indeedee|[spread] p1a,p1b\n|-damage|p1a: Indeedee|0 fnt\n|-damage|p1b: Sneasler|0 fnt\n|faint|p1a: Indeedee\n|faint|p1b: Sneasler\n|move|p2b: Dusclops|Trick Room|p2b: Dusclops\n|-fieldstart|move: Trick Room|[of] p2b: Dusclops\n|\n|upkeep\n|\n|t:|1732071521\n|switch|p1a: Delphox|Delphox, L50, M|100\/100\n|switch|p1b: Gholdengo|Gholdengo, L50, tera:Steel|11\/100\n|-status|p1a: Delphox|psn\n|turn|5\n|\n|t:|1732071538\n|move|p2b: Dusclops|Night Shade|p1b: Gholdengo\n|-damage|p1b: Gholdengo|0 fnt\n|faint|p1b: Gholdengo\n|move|p2a: Ursaluna|Earth Power|p1a: Delphox\n|-supereffective|p1a: Delphox\n|-damage|p1a: Delphox|0 fnt\n|faint|p1a: Delphox\n|\n|win|VGCLTH Rain\n|raw|seis sao foda's rating: 1717 &rarr; <strong>1701<\/strong><br \/>(-16 for losing)\n|raw|VGCLTH Rain's rating: 1780 &rarr; <strong>1796<\/strong><br \/>(+16 for winning)\n|l|\u2606seis sao foda\n|player|p1|\n|l|\u2606VGCLTH Rain\n|player|p2|\n","uploadtime":1732071713,"views":17,"formatid":"gen9vgc2024regh","rating":1701,"private":0,"password":null}