{"id":"gen9vgc2024regh-2247842434","format":"[Gen 9] VGC 2024 Reg H","players":["ren122333","CarryTheBoats"],"log":"|j|\u2606ren122333\n|j|\u2606CarryTheBoats\n|t:|1732137021\n|gametype|doubles\n|player|p1|ren122333|hilbert|1733\n|player|p2|CarryTheBoats|crasherwake|1815\n|teamsize|p1|6\n|teamsize|p2|6\n|gen|9\n|tier|[Gen 9] VGC 2024 Reg H\n|rated|\n|rule|Species Clause: Limit one of each Pok\u00e9mon\n|rule|Item Clause: Limit 1 of each item\n|clearpoke\n|poke|p1|Whimsicott, L50, M|\n|poke|p1|Mamoswine, L50, F|\n|poke|p1|Lycanroc-Dusk, L50, M|\n|poke|p1|Typhlosion-Hisui, L50, F|\n|poke|p1|Farigiraf, L50, F|\n|poke|p1|Mienshao, L50, F|\n|poke|p2|Dragonite, L50, M|\n|poke|p2|Sneasler, L50, F|\n|poke|p2|Indeedee, L50, M|\n|poke|p2|Electabuzz, L50, F|\n|poke|p2|Ursaluna-Bloodmoon, L50, M|\n|poke|p2|Talonflame, L50, M|\n|teampreview|4\n|inactive|Battle timer is ON: inactive players will automatically lose when time's up. (requested by ren122333)\n|\n|t:|1732137045\n|start\n|switch|p1a: Whimsicott|Whimsicott, L50, M|100\/100\n|switch|p1b: Lycanroc|Lycanroc-Dusk, L50, M|100\/100\n|switch|p2a: Talonflame|Talonflame, L50, M|100\/100\n|switch|p2b: Ursaluna|Ursaluna-Bloodmoon, L50, M|100\/100\n|turn|1\n|\n|t:|1732137059\n|switch|p2a: Indeedee|Indeedee, L50, M|100\/100\n|-fieldstart|move: Psychic Terrain|[from] ability: Psychic Surge|[of] p2a: Indeedee\n|move|p1a: Whimsicott|Tailwind|p1a: Whimsicott\n|-sidestart|p1: ren122333|move: Tailwind\n|move|p1b: Lycanroc|Rock Slide|p2b: Ursaluna|[spread] p2a,p2b\n|-resisted|p2b: Ursaluna\n|-damage|p2a: Indeedee|22\/100\n|-damage|p2b: Ursaluna|84\/100\n|cant|p2b: Ursaluna|flinch\n|\n|upkeep\n|turn|2\n|\n|t:|1732137071\n|switch|p2a: Sneasler|Sneasler, L50, F|100\/100\n|-enditem|p2a: Sneasler|Psychic Seed\n|-boost|p2a: Sneasler|spd|1|[from] item: Psychic Seed\n|move|p1a: Whimsicott|Moonblast|p2b: Ursaluna\n|-damage|p2b: Ursaluna|39\/100\n|move|p1b: Lycanroc|Rock Slide|p2b: Ursaluna|[spread] p2a,p2b\n|-resisted|p2a: Sneasler\n|-resisted|p2b: Ursaluna\n|-damage|p2a: Sneasler|71\/100\n|-damage|p2b: Ursaluna|21\/100\n|move|p2b: Ursaluna|Hyper Voice|p1b: Lycanroc|[spread] p1a,p1b\n|-resisted|p1b: Lycanroc\n|-damage|p1a: Whimsicott|11\/100\n|-damage|p1b: Lycanroc|60\/100\n|-damage|p2b: Ursaluna|11\/100|[from] item: Life Orb\n|\n|upkeep\n|turn|3\n|j| Reyggor\n|\n|t:|1732137090\n|move|p1a: Whimsicott|Moonblast|p2a: Sneasler\n|-damage|p2a: Sneasler|41\/100\n|move|p1b: Lycanroc|Rock Slide|p2b: Ursaluna|[spread] p2a,p2b\n|-resisted|p2a: Sneasler\n|-resisted|p2b: Ursaluna\n|-damage|p2a: Sneasler|9\/100\n|-damage|p2b: Ursaluna|0 fnt\n|faint|p2b: Ursaluna\n|move|p2a: Sneasler|Dire Claw|p1b: Lycanroc\n|-resisted|p1b: Lycanroc\n|-damage|p1b: Lycanroc|27\/100\n|-status|p1b: Lycanroc|par\n|\n|upkeep\n|\n|t:|1732137096\n|switch|p2b: Talonflame|Talonflame, L50, M|100\/100\n|turn|4\n|\n|t:|1732137105\n|move|p2b: Talonflame|Tailwind|p2b: Talonflame\n|-sidestart|p2: CarryTheBoats|move: Tailwind\n|move|p2a: Sneasler|Throat Chop|p1a: Whimsicott\n|-resisted|p1a: Whimsicott\n|-damage|p1a: Whimsicott|0 fnt\n|faint|p1a: Whimsicott\n|move|p1b: Lycanroc|Rock Slide|p2a: Sneasler|[spread] p2a\n|-miss|p1b: Lycanroc|p2b: Talonflame\n|-resisted|p2a: Sneasler\n|-damage|p2a: Sneasler|0 fnt\n|faint|p2a: Sneasler\n|\n|-sideend|p1: ren122333|move: Tailwind\n|upkeep\n|\n|t:|1732137113\n|switch|p1a: Farigiraf|Farigiraf, L50, F|100\/100\n|switch|p2a: Indeedee|Indeedee, L50, M|22\/100\n|turn|5\n|\n|t:|1732137122\n|-terastallize|p1a: Farigiraf|Dark\n|move|p2b: Talonflame|Flare Blitz|p1b: Lycanroc\n|-resisted|p1b: Lycanroc\n|-damage|p1b: Lycanroc|0 fnt\n|faint|p1b: Lycanroc\n|-damage|p2b: Talonflame|92\/100|[from] Recoil\n|move|p2a: Indeedee|Imprison|p2a: Indeedee\n|-start|p2a: Indeedee|move: Imprison\n|cant|p1a: Farigiraf|move: Imprison|Trick Room\n|\n|-fieldend|move: Psychic Terrain\n|upkeep\n|\n|t:|1732137131\n|switch|p1b: Typhlosion|Typhlosion-Hisui, L50, F|100\/100\n|-item|p2a: Indeedee|Focus Sash|[from] ability: Frisk|[of] p1b: Typhlosion\n|-item|p2b: Talonflame|Covert Cloak|[from] ability: Frisk|[of] p1b: Typhlosion\n|turn|6\n|\n|t:|1732137140\n|-terastallize|p2b: Talonflame|Stellar\n|move|p2b: Talonflame|Dual Wingbeat|p1b: Typhlosion\n|-damage|p1b: Typhlosion|70\/100\n|-damage|p1b: Typhlosion|39\/100\n|-hitcount|p1b: Typhlosion|2\n|move|p2a: Indeedee|Expanding Force|p1b: Typhlosion\n|-damage|p1b: Typhlosion|0 fnt\n|faint|p1b: Typhlosion\n|move|p1a: Farigiraf|Hyper Voice|p2b: Talonflame|[spread] p2a,p2b\n|-damage|p2a: Indeedee|0 fnt\n|-damage|p2b: Talonflame|48\/100\n|faint|p2a: Indeedee\n|\n|upkeep\n|turn|7\n|\n|t:|1732137151\n|move|p2b: Talonflame|Dual Wingbeat|p1a: Farigiraf\n|-damage|p1a: Farigiraf|84\/100\n|-damage|p1a: Farigiraf|69\/100\n|-hitcount|p1a: Farigiraf|2\n|move|p1a: Farigiraf|Hyper Voice|p2b: Talonflame\n|-damage|p2b: Talonflame|0 fnt\n|faint|p2b: Talonflame\n|\n|win|ren122333\n|raw|ren122333's rating: 1733 &rarr; <strong>1758<\/strong><br \/>(+25 for winning)\n|raw|CarryTheBoats's rating: 1815 &rarr; <strong>1790<\/strong><br \/>(-25 for losing)\n|l|\u2606ren122333\n|player|p1|\n|l|\u2606CarryTheBoats\n|player|p2|\n","uploadtime":1732137400,"views":28,"formatid":"gen9vgc2024regh","rating":1758,"private":0,"password":null}