{"id":"gen9vgc2024regh-2247008320","format":"[Gen 9] VGC 2024 Reg H","players":["zip520520","bmmjVGC"],"log":"|j|\u2606zip520520\n|j|\u2606bmmjVGC\n|t:|1732037469\n|gametype|doubles\n|player|p1|zip520520|265|1744\n|player|p2|bmmjVGC|caitlin|1706\n|teamsize|p1|6\n|teamsize|p2|6\n|gen|9\n|tier|[Gen 9] VGC 2024 Reg H\n|rated|\n|rule|Species Clause: Limit one of each Pok\u00e9mon\n|rule|Item Clause: Limit 1 of each item\n|clearpoke\n|poke|p1|Dragapult, L50, M|\n|poke|p1|Talonflame, L50, M|\n|poke|p1|Gholdengo, L50|\n|poke|p1|Ninetales-Alola, L50, M|\n|poke|p1|Garchomp, L50, M|\n|poke|p1|Weezing-Galar, L50, F|\n|poke|p2|Baxcalibur, L50, F|\n|poke|p2|Rillaboom, L50, M|\n|poke|p2|Dondozo, L50, F|\n|poke|p2|Volcarona, L50, F|\n|poke|p2|Kingambit, L50, F|\n|poke|p2|Annihilape, L50, F|\n|teampreview|4\n|inactive|Battle timer is ON: inactive players will automatically lose when time's up. (requested by bmmjVGC)\n|j| Luckelule\n|inactive|zip520520 has 60 seconds left.\n|inactive|bmmjVGC has 60 seconds left.\n|\n|t:|1732037527\n|start\n|switch|p1a: Weezing|Weezing-Galar, L50, F|100\/100\n|switch|p1b: Garchomp|Garchomp, L50, M|100\/100\n|switch|p2a: Baxcalibur|Baxcalibur, L50, F, shiny|100\/100\n|switch|p2b: Annihilape|Annihilape, L50, F, shiny|100\/100\n|-ability|p1a: Weezing|Neutralizing Gas\n|turn|1\n|inactive|zip520520 has 30 seconds left.\n|inactive|bmmjVGC has 30 seconds left.\n|inactive|bmmjVGC has 20 seconds left.\n|inactive|bmmjVGC has 15 seconds left.\n|\n|t:|1732037577\n|move|p1b: Garchomp|Protect|p1b: Garchomp\n|-singleturn|p1b: Garchomp|Protect\n|move|p2a: Baxcalibur|Protect|p2a: Baxcalibur\n|-singleturn|p2a: Baxcalibur|Protect\n|move|p2b: Annihilape|Coaching|p2a: Baxcalibur\n|-boost|p2a: Baxcalibur|atk|1\n|-boost|p2a: Baxcalibur|def|1\n|move|p1a: Weezing|Dazzling Gleam|p2a: Baxcalibur|[spread] p2b\n|-activate|p2a: Baxcalibur|move: Protect\n|-supereffective|p2b: Annihilape\n|-damage|p2b: Annihilape|20\/100\n|\n|upkeep\n|turn|2\n|inactive|bmmjVGC has 30 seconds left.\n|\n|t:|1732037608\n|switch|p2b: Rillaboom|Rillaboom, L50, M, shiny|100\/100\n|-terastallize|p1b: Garchomp|Steel\n|-terastallize|p2a: Baxcalibur|Ghost\n|move|p1b: Garchomp|Stomping Tantrum|p2a: Baxcalibur\n|-damage|p2a: Baxcalibur|67\/100\n|-damage|p1b: Garchomp|91\/100|[from] item: Life Orb\n|move|p2a: Baxcalibur|Icicle Spear|p1a: Weezing\n|-damage|p1a: Weezing|75\/100\n|-damage|p1a: Weezing|53\/100\n|-damage|p1a: Weezing|29\/100\n|-damage|p1a: Weezing|5\/100\n|-damage|p1a: Weezing|0 fnt\n|faint|p1a: Weezing\n|-end|p1a: Weezing|ability: Neutralizing Gas\n|-fieldstart|move: Grassy Terrain|[from] ability: Grassy Surge|[of] p2b: Rillaboom\n|-hitcount|p1: Weezing|5\n|\n|-heal|p1b: Garchomp|97\/100|[from] Grassy Terrain\n|-heal|p2a: Baxcalibur|73\/100|[from] Grassy Terrain\n|upkeep\n|inactive|zip520520 has 30 seconds left.\n|\n|t:|1732037636\n|switch|p1a: Gholdengo|Gholdengo, L50|100\/100\n|turn|3\n|\n|t:|1732037656\n|move|p2a: Baxcalibur|Protect|p2a: Baxcalibur\n|-singleturn|p2a: Baxcalibur|Protect\n|move|p1a: Gholdengo|Shadow Ball|p2a: Baxcalibur\n|-activate|p2a: Baxcalibur|move: Protect\n|move|p1b: Garchomp|Dragon Claw|p2b: Rillaboom\n|-damage|p2b: Rillaboom|50\/100\n|-damage|p1b: Garchomp|87\/100|[from] item: Life Orb\n|move|p2b: Rillaboom|High Horsepower|p1a: Gholdengo\n|-supereffective|p1a: Gholdengo\n|-damage|p1a: Gholdengo|35\/100\n|\n|-heal|p1a: Gholdengo|41\/100|[from] Grassy Terrain\n|-heal|p1b: Garchomp|93\/100|[from] Grassy Terrain\n|-heal|p2a: Baxcalibur|79\/100|[from] Grassy Terrain\n|-heal|p2b: Rillaboom|56\/100|[from] Grassy Terrain\n|upkeep\n|turn|4\n|inactive|bmmjVGC has 30 seconds left.\n|\n|t:|1732037681\n|move|p1a: Gholdengo|Shadow Ball|p2a: Baxcalibur\n|-supereffective|p2a: Baxcalibur\n|-damage|p2a: Baxcalibur|0 fnt\n|faint|p2a: Baxcalibur\n|move|p1b: Garchomp|Dragon Claw|p2b: Rillaboom\n|-damage|p2b: Rillaboom|0 fnt\n|faint|p2b: Rillaboom\n|-damage|p1b: Garchomp|83\/100|[from] item: Life Orb\n|\n|-heal|p1a: Gholdengo|47\/100|[from] Grassy Terrain\n|-heal|p1b: Garchomp|89\/100|[from] Grassy Terrain\n|upkeep\n|l| Luckelule\n|\n|t:|1732037695\n|switch|p2a: Volcarona|Volcarona, L50, F, shiny|100\/100\n|switch|p2b: Annihilape|Annihilape, L50, F, shiny|20\/100\n|turn|5\n|inactive|zip520520 has 30 seconds left.\n|\n|t:|1732037726\n|move|p1b: Garchomp|Protect|p1b: Garchomp\n|-singleturn|p1b: Garchomp|Protect\n|move|p1a: Gholdengo|Shadow Ball|p2b: Annihilape\n|-supereffective|p2b: Annihilape\n|-damage|p2b: Annihilape|0 fnt\n|faint|p2b: Annihilape\n|move|p2a: Volcarona|Quiver Dance|p2a: Volcarona\n|-boost|p2a: Volcarona|spa|1\n|-boost|p2a: Volcarona|spd|1\n|-boost|p2a: Volcarona|spe|1\n|\n|-heal|p1a: Gholdengo|52\/100|[from] Grassy Terrain\n|-heal|p1b: Garchomp|95\/100|[from] Grassy Terrain\n|upkeep\n|turn|6\n|\n|t:|1732037744\n|move|p1a: Gholdengo|Shadow Ball|p2a: Volcarona\n|-damage|p2a: Volcarona|77\/100\n|move|p2a: Volcarona|Heat Wave|p1a: Gholdengo|[spread] p1a,p1b\n|-supereffective|p1a: Gholdengo\n|-supereffective|p1b: Garchomp\n|-damage|p1a: Gholdengo|0 fnt\n|-damage|p1b: Garchomp|0 fnt\n|faint|p1a: Gholdengo\n|faint|p1b: Garchomp\n|\n|-heal|p2a: Volcarona|83\/100|[from] Grassy Terrain\n|-fieldend|move: Grassy Terrain\n|upkeep\n|inactive|zip520520 has 30 seconds left.\n|inactive|zip520520 has 20 seconds left.\n|inactive|zip520520 has 15 seconds left.\n|inactive|zip520520 has 10 seconds left.\n|inactive|zip520520 has 5 seconds left.\n|\n|t:|1732037799\n|switch|p1a: Ninetales|Ninetales-Alola, L50, M|100\/100\n|-weather|Snow|[from] ability: Snow Warning|[of] p1a: Ninetales\n|turn|7\n|inactive|zip520520 has 30 seconds left.\n|inactive|bmmjVGC has 30 seconds left.\n|inactive|zip520520 has 20 seconds left.\n|inactive|zip520520 has 15 seconds left.\n|inactive|zip520520 has 10 seconds left.\n|inactive|zip520520 has 5 seconds left.\n|c|\u2606bmmjVGC|ez\n|\n|t:|1732037854\n|move|p2a: Volcarona|Tera Blast|p1a: Ninetales\n|-damage|p1a: Ninetales|52\/100\n|move|p1a: Ninetales|Blizzard|p2a: Volcarona\n|-resisted|p2a: Volcarona\n|-damage|p2a: Volcarona|69\/100\n|\n|-weather|Snow|[upkeep]\n|upkeep\n|turn|8\n|inactive|zip520520 has 30 seconds left.\n|c|\u2606bmmjVGC|\u5e7d\u9ed8\u4fdd\u62a4\n|inactive|zip520520 has 20 seconds left.\n|inactive|zip520520 has 15 seconds left.\n|inactive|zip520520 has 10 seconds left.\n|inactive|zip520520 has 5 seconds left.\n|\n|t:|1732037909\n|move|p2a: Volcarona|Tera Blast|p1a: Ninetales\n|-damage|p1a: Ninetales|3\/100\n|move|p1a: Ninetales|Blizzard|p2a: Volcarona\n|-resisted|p2a: Volcarona\n|-crit|p2a: Volcarona\n|-damage|p2a: Volcarona|35\/100\n|-status|p2a: Volcarona|frz\n|-enditem|p2a: Volcarona|Lum Berry|[eat]\n|-curestatus|p2a: Volcarona|frz|[msg]\n|\n|-weather|Snow|[upkeep]\n|upkeep\n|turn|9\n|inactive|zip520520 has 30 seconds left.\n|inactive|zip520520 has 20 seconds left.\n|inactive|zip520520 has 15 seconds left.\n|inactive|zip520520 has 10 seconds left.\n|inactive|zip520520 has 5 seconds left.\n|\n|t:|1732037964\n|move|p2a: Volcarona|Tera Blast|p1a: Ninetales\n|-damage|p1a: Ninetales|0 fnt\n|faint|p1a: Ninetales\n|\n|win|bmmjVGC\n|raw|zip520520's rating: 1744 &rarr; <strong>1722<\/strong><br \/>(-22 for losing)\n|raw|bmmjVGC's rating: 1706 &rarr; <strong>1728<\/strong><br \/>(+22 for winning)\n|l|\u2606bmmjVGC\n|player|p2|\n","uploadtime":1732038175,"views":14,"formatid":"gen9vgc2024regh","rating":1722,"private":0,"password":null}