{"id":"gen9vgc2024regh-2247841216","format":"[Gen 9] VGC 2024 Reg H","players":["Proffesor_karrot","shulivgc"],"log":"|j|\u2606Proffesor_karrot\n|j|\u2606shulivgc\n|t:|1732136898\n|gametype|doubles\n|player|p1|Proffesor_karrot|lady|1751\n|player|p2|shulivgc|#smogonxnpa2024draftee2|1781\n|teamsize|p1|6\n|teamsize|p2|6\n|gen|9\n|tier|[Gen 9] VGC 2024 Reg H\n|rated|\n|rule|Species Clause: Limit one of each Pok\u00e9mon\n|rule|Item Clause: Limit 1 of each item\n|clearpoke\n|poke|p1|Incineroar, L50, F|\n|poke|p1|Rillaboom, L50, F|\n|poke|p1|Chesnaught, L50, F|\n|poke|p1|Volcarona, L50, M|\n|poke|p1|Primarina, L50, F|\n|poke|p1|Dragonite, L50, M|\n|poke|p2|Incineroar, L50, M|\n|poke|p2|Porygon2, L50|\n|poke|p2|Ursaluna-Bloodmoon, L50, M|\n|poke|p2|Sneasler, L50, M|\n|poke|p2|Indeedee, L50, M|\n|poke|p2|Dragonite, L50, F|\n|teampreview|4\n|inactive|Battle timer is ON: inactive players will automatically lose when time's up. (requested by Proffesor_karrot)\n|\n|t:|1732136925\n|start\n|switch|p1a: Volcarona|Volcarona, L50, M|100\/100\n|switch|p1b: Chesnaught|Chesnaught, L50, F, shiny|100\/100\n|switch|p2a: Ursaluna|Ursaluna-Bloodmoon, L50, M|100\/100\n|switch|p2b: Incineroar|Incineroar, L50, M|100\/100\n|-ability|p2b: Incineroar|Intimidate|boost\n|-unboost|p1a: Volcarona|atk|1\n|-unboost|p1b: Chesnaught|atk|1\n|turn|1\n|\n|t:|1732136935\n|move|p2b: Incineroar|Fake Out|p1b: Chesnaught\n|-crit|p1b: Chesnaught\n|-damage|p1b: Chesnaught|86\/100\n|move|p1a: Volcarona|Tailwind|p1a: Volcarona\n|-sidestart|p1: Proffesor_karrot|move: Tailwind\n|cant|p1b: Chesnaught|flinch\n|move|p2a: Ursaluna|Blood Moon|p1a: Volcarona\n|-damage|p1a: Volcarona|23\/100\n|\n|upkeep\n|turn|2\n|\n|t:|1732136952\n|-terastallize|p1b: Chesnaught|Fire\n|-terastallize|p2a: Ursaluna|Water\n|move|p1a: Volcarona|Struggle Bug|p2b: Incineroar|[spread] p2a,p2b\n|-damage|p2a: Ursaluna|87\/100\n|-damage|p2b: Incineroar|85\/100\n|-unboost|p2a: Ursaluna|spa|1\n|-unboost|p2b: Incineroar|spa|1\n|move|p1b: Chesnaught|Belly Drum|p1b: Chesnaught\n|-damage|p1b: Chesnaught|36\/100\n|-setboost|p1b: Chesnaught|atk|6|[from] move: Belly Drum\n|-enditem|p1b: Chesnaught|Sitrus Berry|[eat]\n|-heal|p1b: Chesnaught|60\/100|[from] item: Sitrus Berry\n|move|p2a: Ursaluna|Hyper Voice|p1a: Volcarona|[spread] p1a,p1b\n|-damage|p1a: Volcarona|0 fnt\n|-damage|p1b: Chesnaught|29\/100\n|faint|p1a: Volcarona\n|move|p2b: Incineroar|Flare Blitz|p1b: Chesnaught\n|-resisted|p1b: Chesnaught\n|-damage|p1b: Chesnaught|8\/100\n|-damage|p2b: Incineroar|79\/100|[from] Recoil\n|\n|upkeep\n|\n|t:|1732136976\n|switch|p1a: Primarina|Primarina, L50, F, shiny|100\/100\n|turn|3\n|\n|t:|1732136984\n|move|p2a: Ursaluna|Vacuum Wave|p1b: Chesnaught\n|-damage|p1b: Chesnaught|0 fnt\n|faint|p1b: Chesnaught\n|move|p1a: Primarina|Hydro Pump|p2b: Incineroar\n|-supereffective|p2b: Incineroar\n|-damage|p2b: Incineroar|0 fnt\n|faint|p2b: Incineroar\n|\n|upkeep\n|\n|t:|1732136992\n|switch|p1b: Dragonite|Dragonite, L50, M|100\/100\n|switch|p2b: Indeedee|Indeedee, L50, M|100\/100\n|-fieldstart|move: Psychic Terrain|[from] ability: Psychic Surge|[of] p2b: Indeedee\n|turn|4\n|\n|t:|1732137002\n|move|p2b: Indeedee|Protect|p2b: Indeedee\n|-singleturn|p2b: Indeedee|Protect\n|move|p1b: Dragonite|Scale Shot|p2b: Indeedee\n|-activate|p2b: Indeedee|move: Protect\n|move|p1a: Primarina|Hydro Pump|p2a: Ursaluna|[miss]\n|-miss|p1a: Primarina|p2a: Ursaluna\n|move|p2a: Ursaluna|Hyper Voice|p1a: Primarina|[spread] p1a,p1b\n|-damage|p1a: Primarina|78\/100\n|-damage|p1b: Dragonite|75\/100\n|\n|-sideend|p1: Proffesor_karrot|move: Tailwind\n|upkeep\n|turn|5\n|\n|t:|1732137012\n|move|p2b: Indeedee|Expanding Force|p1b: Dragonite|[spread] p1a,p1b\n|-damage|p1a: Primarina|11\/100\n|-damage|p1b: Dragonite|0 fnt\n|faint|p1b: Dragonite\n|-damage|p2b: Indeedee|91\/100|[from] item: Life Orb\n|move|p2a: Ursaluna|Blood Moon|p1a: Primarina\n|-damage|p1a: Primarina|0 fnt\n|faint|p1a: Primarina\n|\n|win|shulivgc\n|raw|Proffesor_karrot's rating: 1751 &rarr; <strong>1733<\/strong><br \/>(-18 for losing)\n|raw|shulivgc's rating: 1781 &rarr; <strong>1799<\/strong><br \/>(+18 for winning)\n|l|\u2606shulivgc\n|player|p2|\n|l|\u2606Proffesor_karrot\n|player|p1|\n","uploadtime":1732137263,"views":37,"formatid":"gen9vgc2024regh","rating":1733,"private":0,"password":null}