{"id":"gen9vgc2024regh-2247107853","format":"[Gen 9] VGC 2024 Reg H","players":["genkoko","VGCLTH HUH"],"log":"|raw|<div class=\"broadcast-blue\"><strong>This battle is required to be public due to a player having a name starting with 'vgclth'.<\/div>\n|j|\u2606genkoko\n|j|\u2606VGCLTH HUH\n|t:|1732046522\n|gametype|doubles\n|player|p1|genkoko|pokekid|1658\n|player|p2|VGCLTH HUH|medium|1765\n|teamsize|p1|6\n|teamsize|p2|6\n|gen|9\n|tier|[Gen 9] VGC 2024 Reg H\n|rated|\n|rule|Species Clause: Limit one of each Pok\u00e9mon\n|rule|Item Clause: Limit 1 of each item\n|clearpoke\n|poke|p1|Garchomp, L50, M|\n|poke|p1|Jumpluff, L50, M|\n|poke|p1|Torkoal, L50, F|\n|poke|p1|Cryogonal, L50|\n|poke|p1|Typhlosion-Hisui, L50, F|\n|poke|p1|Kingambit, L50, M|\n|poke|p2|Ursaluna-Bloodmoon, L50, M|\n|poke|p2|Dragonite, L50, M|\n|poke|p2|Archaludon, L50, M|\n|poke|p2|Volcarona, L50, M|\n|poke|p2|Gholdengo, L50|\n|poke|p2|Dondozo, L50, F|\n|teampreview|4\n|inactive|Battle timer is ON: inactive players will automatically lose when time's up. (requested by genkoko)\ngenkoko has agreed to open team sheets.\n|inactive|genkoko has 60 seconds left.\n|inactive|genkoko has 30 seconds left.\n|\n|t:|1732046586\n|start\n|switch|p1a: Torkoal|Torkoal, L50, F|100\/100\n|switch|p1b: Typhlosion|Typhlosion-Hisui, L50, F|100\/100\n|switch|p2a: Dragonite|Dragonite, L50, M|100\/100\n|switch|p2b: Archaludon|Archaludon, L50, M|100\/100\n|-weather|SunnyDay|[from] ability: Drought|[of] p1a: Torkoal\n|turn|1\n|\n|t:|1732046610\n|move|p1b: Typhlosion|Eruption|p2a: Dragonite|[spread] p2a,p2b\n|-resisted|p2a: Dragonite\n|-damage|p2a: Dragonite|70\/100\n|-ability|p2b: Archaludon|Sturdy\n|-damage|p2b: Archaludon|1\/100\n|move|p2b: Archaludon|Electro Shot||[still]\n|-prepare|p2b: Archaludon|Electro Shot\n|-boost|p2b: Archaludon|spa|1\n|-enditem|p2b: Archaludon|Power Herb\n|-anim|p2b: Archaludon|Electro Shot|p1a: Torkoal\n|-damage|p1a: Torkoal|20\/100\n|move|p2a: Dragonite|Scale Shot|p1b: Typhlosion\n|-damage|p1b: Typhlosion|78\/100\n|-damage|p1b: Typhlosion|57\/100\n|-damage|p1b: Typhlosion|37\/100\n|-damage|p1b: Typhlosion|17\/100\n|-hitcount|p1b: Typhlosion|4\n|-unboost|p2a: Dragonite|def|1\n|-boost|p2a: Dragonite|spe|1\n|move|p1a: Torkoal|Burning Jealousy|p2b: Archaludon|[spread] p2a,p2b\n|-resisted|p2a: Dragonite\n|-damage|p2a: Dragonite|56\/100\n|-damage|p2b: Archaludon|0 fnt\n|-status|p2a: Dragonite|brn\n|faint|p2b: Archaludon\n|\n|-weather|SunnyDay|[upkeep]\n|-damage|p2a: Dragonite|50\/100 brn|[from] brn\n|upkeep\n|l|\u2606VGCLTH HUH\n|inactive|VGCLTH HUH disconnected and has a minute to reconnect!\n|player|p2|\n|inactive|VGCLTH HUH has 30 seconds left.\n|j|\u2606VGCLTH HUH\n|inactive|VGCLTH HUH reconnected and has 25 seconds left.\n|player|p2|VGCLTH HUH|medium|\n|inactive|VGCLTH HUH has 20 seconds left.\n|\n|t:|1732046650\n|switch|p2b: Ursaluna|Ursaluna-Bloodmoon, L50, M|100\/100\n|turn|2\n|j| Fallastest\n|l| Fallastest\n|inactive|genkoko has 30 seconds left.\n|inactive|genkoko has 20 seconds left.\n|inactive|genkoko has 15 seconds left.\n|inactive|genkoko has 10 seconds left.\n|inactive|genkoko has 5 seconds left.\n|\n|t:|1732046701\n|switch|p1b: Garchomp|Garchomp, L50, M|100\/100\n|move|p2a: Dragonite|Scale Shot|p1b: Garchomp\n|-supereffective|p1b: Garchomp\n|-damage|p1b: Garchomp|85\/100\n|-supereffective|p1b: Garchomp\n|-damage|p1b: Garchomp|69\/100\n|-supereffective|p1b: Garchomp\n|-damage|p1b: Garchomp|54\/100\n|-supereffective|p1b: Garchomp\n|-damage|p1b: Garchomp|38\/100\n|-hitcount|p1b: Garchomp|4\n|-unboost|p2a: Dragonite|def|1\n|-boost|p2a: Dragonite|spe|1\n|move|p2b: Ursaluna|Hyper Voice|p1b: Garchomp|[spread] p1a,p1b\n|-crit|p1b: Garchomp\n|-damage|p1a: Torkoal|0 fnt\n|-damage|p1b: Garchomp|0 fnt\n|faint|p1a: Torkoal\n|faint|p1b: Garchomp\n|\n|-weather|SunnyDay|[upkeep]\n|-damage|p2a: Dragonite|44\/100 brn|[from] brn\n|upkeep\n|\n|t:|1732046715\n|switch|p1b: Typhlosion|Typhlosion-Hisui, L50, F|17\/100\n|switch|p1a: Jumpluff|Jumpluff, L50, M|100\/100\n|turn|3\n|j| Fallastest\n|j| PeppaGrumpig\n|\n|t:|1732046734\n|-terastallize|p1b: Typhlosion|Fire\n|-terastallize|p2b: Ursaluna|Normal\n|move|p1a: Jumpluff|Tailwind|p1a: Jumpluff\n|-sidestart|p1: genkoko|move: Tailwind\n|move|p1b: Typhlosion|Heat Wave|p2a: Dragonite|[spread] p2a,p2b\n|-resisted|p2a: Dragonite\n|-damage|p2a: Dragonite|0 fnt\n|-damage|p2b: Ursaluna|0 fnt\n|faint|p2a: Dragonite\n|faint|p2b: Ursaluna\n|\n|-weather|SunnyDay|[upkeep]\n|upkeep\n|j| mr pogostick\n|inactive|VGCLTH HUH has 30 seconds left.\n|\n|t:|1732046759\n|switch|p2b: Dondozo|Dondozo, L50, F|100\/100\n|turn|4\n|\n|t:|1732046772\n|move|p1a: Jumpluff|Sleep Powder|p2b: Dondozo\n|-status|p2b: Dondozo|slp|[from] move: Sleep Powder\n|move|p1b: Typhlosion|Heat Wave|p2b: Dondozo\n|-resisted|p2b: Dondozo\n|-damage|p2b: Dondozo|36\/100 slp\n|cant|p2b: Dondozo|slp\n|\n|-weather|SunnyDay|[upkeep]\n|-heal|p2b: Dondozo|42\/100 slp|[from] item: Leftovers\n|upkeep\n|turn|5\n|\n|t:|1732046781\n|cant|p2b: Dondozo|slp\n|move|p1a: Jumpluff|Leaf Storm|p2b: Dondozo\n|-supereffective|p2b: Dondozo\n|-damage|p2b: Dondozo|8\/100 slp\n|-unboost|p1a: Jumpluff|spa|2\n|move|p1b: Typhlosion|Heat Wave|p2b: Dondozo\n|-resisted|p2b: Dondozo\n|-damage|p2b: Dondozo|0 fnt\n|faint|p2b: Dondozo\n|\n|win|genkoko\n|raw|genkoko's rating: 1658 &rarr; <strong>1684<\/strong><br \/>(+26 for winning)\n|raw|VGCLTH HUH's rating: 1765 &rarr; <strong>1739<\/strong><br \/>(-26 for losing)\n|l|\u2606VGCLTH HUH\n|player|p2|\n|l| Fallastest\n|l| mr pogostick\n|c|\u2606genkoko|gg\n|c|\u2606genkoko|dondozo masoon\n|c|\u2606genkoko|xd\n|l| PeppaGrumpig\n|l|\u2606genkoko\n|player|p1|\n","uploadtime":1732047043,"views":25,"formatid":"gen9vgc2024regh","rating":1684,"private":0,"password":null}