{"id":"gen9vgc2024regh-2247314262","format":"[Gen 9] VGC 2024 Reg H","players":["VGCLTH Rain","googer315"],"log":"|raw|<div class=\"broadcast-blue\"><strong>This battle is required to be public due to a player having a name starting with 'vgclth'.<\/div>\n|j|\u2606VGCLTH Rain\n|j|\u2606googer315\n|t:|1732069304\n|gametype|doubles\n|player|p1|VGCLTH Rain|101|1708\n|player|p2|googer315|102|1662\n|teamsize|p1|6\n|teamsize|p2|6\n|gen|9\n|tier|[Gen 9] VGC 2024 Reg H\n|rated|\n|rule|Species Clause: Limit one of each Pok\u00e9mon\n|rule|Item Clause: Limit 1 of each item\n|clearpoke\n|poke|p1|Typhlosion-Hisui, L50, F|\n|poke|p1|Glimmora, L50, F|\n|poke|p1|Grimmsnarl, L50, M|\n|poke|p1|Whimsicott, L50, M|\n|poke|p1|Ursaluna-Bloodmoon, L50, M|\n|poke|p1|Dusclops, L50, F|\n|poke|p2|Tyranitar, L50, F|\n|poke|p2|Amoonguss, L50, M|\n|poke|p2|Incineroar, L50, F|\n|poke|p2|Gholdengo, L50|\n|poke|p2|Porygon2, L50|\n|poke|p2|Ursaluna, L50, F|\n|teampreview|4\n|inactive|Battle timer is ON: inactive players will automatically lose when time's up. (requested by VGCLTH Rain)\n|inactive|googer315 has 60 seconds left.\n|\n|t:|1732069376\n|start\n|switch|p1a: Glimmora|Glimmora, L50, F|100\/100\n|switch|p1b: Grimmsnarl|Grimmsnarl, L50, M|100\/100\n|switch|p2a: Gholdengo|Gholdengo, L50|100\/100\n|switch|p2b: Tyranitar|Tyranitar, L50, F|100\/100\n|-weather|Sandstorm|[from] ability: Sand Stream|[of] p2b: Tyranitar\n|turn|1\n|\n|t:|1732069390\n|move|p1b: Grimmsnarl|Light Screen|p1b: Grimmsnarl\n|-sidestart|p1: VGCLTH Rain|move: Light Screen\n|move|p2a: Gholdengo|Make It Rain|p1a: Glimmora|[spread] p1a,p1b\n|-supereffective|p1a: Glimmora\n|-supereffective|p1b: Grimmsnarl\n|-damage|p1a: Glimmora|52\/100\n|-damage|p1b: Grimmsnarl|56\/100\n|-unboost|p2a: Gholdengo|spa|1\n|move|p1a: Glimmora|Earth Power|p2a: Gholdengo\n|-supereffective|p2a: Gholdengo\n|-damage|p2a: Gholdengo|25\/100\n|move|p2b: Tyranitar|Rock Slide|p1b: Grimmsnarl|[spread] p1b\n|-miss|p2b: Tyranitar|p1a: Glimmora\n|-damage|p1b: Grimmsnarl|15\/100\n|\n|-weather|Sandstorm|[upkeep]\n|-damage|p1b: Grimmsnarl|9\/100|[from] Sandstorm\n|-heal|p2a: Gholdengo|31\/100|[from] item: Leftovers\n|upkeep\n|turn|2\n|\n|t:|1732069409\n|move|p2a: Gholdengo|Protect|p2a: Gholdengo\n|-singleturn|p2a: Gholdengo|Protect\n|move|p1b: Grimmsnarl|Reflect|p1b: Grimmsnarl\n|-sidestart|p1: VGCLTH Rain|Reflect\n|move|p1a: Glimmora|Earth Power|p2a: Gholdengo\n|-activate|p2a: Gholdengo|move: Protect\n|move|p2b: Tyranitar|Rock Slide|p1b: Grimmsnarl|[spread] p1a,p1b\n|-damage|p1a: Glimmora|25\/100\n|-damage|p1b: Grimmsnarl|0 fnt\n|-activate|p1a: Glimmora|ability: Toxic Debris\n|-sidestart|p2: googer315|move: Toxic Spikes\n|faint|p1b: Grimmsnarl\n|\n|-weather|Sandstorm|[upkeep]\n|-heal|p2a: Gholdengo|37\/100|[from] item: Leftovers\n|upkeep\n|\n|t:|1732069413\n|switch|p1b: Dusclops|Dusclops, L50, F|100\/100\n|-item|p2a: Gholdengo|Leftovers|[from] ability: Frisk|[of] p1b: Dusclops\n|-item|p2b: Tyranitar|Assault Vest|[from] ability: Frisk|[of] p1b: Dusclops\n|turn|3\n|\n|t:|1732069429\n|move|p2a: Gholdengo|Make It Rain|p1a: Glimmora|[spread] p1a,p1b\n|-supereffective|p1a: Glimmora\n|-damage|p1a: Glimmora|0 fnt\n|-damage|p1b: Dusclops|91\/100\n|-unboost|p2a: Gholdengo|spa|1\n|faint|p1a: Glimmora\n|move|p2b: Tyranitar|Knock Off|p1b: Dusclops\n|-supereffective|p1b: Dusclops\n|-damage|p1b: Dusclops|47\/100\n|-enditem|p1b: Dusclops|Eviolite|[from] move: Knock Off|[of] p2b: Tyranitar\n|move|p1b: Dusclops|Trick Room|p1b: Dusclops\n|-fieldstart|move: Trick Room|[of] p1b: Dusclops\n|\n|-weather|Sandstorm|[upkeep]\n|-damage|p1b: Dusclops|41\/100|[from] Sandstorm\n|-heal|p2a: Gholdengo|43\/100|[from] item: Leftovers\n|upkeep\n|\n|t:|1732069432\n|switch|p1a: Ursaluna|Ursaluna-Bloodmoon, L50, M|100\/100\n|turn|4\n|\n|t:|1732069452\n|switch|p2b: Ursaluna|Ursaluna, L50, F|100\/100\n|-status|p2b: Ursaluna|psn\n|move|p2a: Gholdengo|Protect|p2a: Gholdengo\n|-singleturn|p2a: Gholdengo|Protect\n|move|p1b: Dusclops|Will-O-Wisp||[still]\n|-fail|p1b: Dusclops\n|move|p1a: Ursaluna|Hyper Voice|p2b: Ursaluna|[spread] p2b\n|-activate|p2a: Gholdengo|move: Protect\n|-damage|p2b: Ursaluna|66\/100 psn\n|-enditem|p1a: Ursaluna|Throat Spray\n|-boost|p1a: Ursaluna|spa|1|[from] item: Throat Spray\n|\n|-weather|Sandstorm|[upkeep]\n|-damage|p1b: Dusclops|35\/100|[from] Sandstorm\n|-heal|p2a: Gholdengo|49\/100|[from] item: Leftovers\n|-damage|p2b: Ursaluna|54\/100 psn|[from] psn\n|upkeep\n|turn|5\n|inactive|googer315 has 30 seconds left.\n|\n|t:|1732069482\n|switch|p2a: Incineroar|Incineroar, L50, F|100\/100\n|-status|p2a: Incineroar|psn\n|-ability|p2a: Incineroar|Intimidate|boost\n|-unboost|p1a: Ursaluna|atk|1\n|-unboost|p1b: Dusclops|atk|1\n|-terastallize|p1a: Ursaluna|Grass\n|move|p1b: Dusclops|Helping Hand|p1a: Ursaluna\n|-singleturn|p1a: Ursaluna|Helping Hand|[of] p1b: Dusclops\n|move|p2b: Ursaluna|Facade|p1a: Ursaluna\n|-damage|p1a: Ursaluna|45\/100\n|move|p1a: Ursaluna|Hyper Voice|p2a: Incineroar|[spread] p2a,p2b\n|-damage|p2a: Incineroar|27\/100 psn\n|-damage|p2b: Ursaluna|0 fnt\n|faint|p2b: Ursaluna\n|\n|-weather|none\n|-damage|p2a: Incineroar|15\/100 psn|[from] psn\n|upkeep\n|\n|t:|1732069502\n|switch|p2b: Gholdengo|Gholdengo, L50|49\/100\n|turn|6\n|\n|t:|1732069507\n|move|p1a: Ursaluna|Protect|p1a: Ursaluna\n|-singleturn|p1a: Ursaluna|Protect\n|move|p2a: Incineroar|Fake Out|p1a: Ursaluna\n|-activate|p1a: Ursaluna|move: Protect\n|move|p1b: Dusclops|Night Shade|p2b: Gholdengo\n|-damage|p2b: Gholdengo|21\/100\n|move|p2b: Gholdengo|Nasty Plot|p2b: Gholdengo\n|-boost|p2b: Gholdengo|spa|2\n|\n|-heal|p2b: Gholdengo|27\/100|[from] item: Leftovers\n|-damage|p2a: Incineroar|2\/100 psn|[from] psn\n|upkeep\n|turn|7\n|\n|t:|1732069524\n|move|p2b: Gholdengo|Protect|p2b: Gholdengo\n|-singleturn|p2b: Gholdengo|Protect\n|move|p1b: Dusclops|Night Shade|p2b: Gholdengo\n|-activate|p2b: Gholdengo|move: Protect\n|move|p1a: Ursaluna|Hyper Voice|p2b: Gholdengo|[spread] p2a\n|-activate|p2b: Gholdengo|move: Protect\n|-damage|p2a: Incineroar|0 fnt\n|faint|p2a: Incineroar\n|\n|-heal|p2b: Gholdengo|33\/100|[from] item: Leftovers\n|-fieldend|move: Trick Room\n|upkeep\n|\n|t:|1732069535\n|switch|p2a: Tyranitar|Tyranitar, L50, F|100\/100\n|-status|p2a: Tyranitar|psn\n|-weather|Sandstorm|[from] ability: Sand Stream|[of] p2a: Tyranitar\n|turn|8\n|\n|t:|1732069547\n|-terastallize|p2a: Tyranitar|Flying\n|move|p1a: Ursaluna|Protect|p1a: Ursaluna\n|-singleturn|p1a: Ursaluna|Protect\n|move|p2b: Gholdengo|Shadow Ball|p1b: Dusclops\n|-supereffective|p1b: Dusclops\n|-damage|p1b: Dusclops|0 fnt\n|faint|p1b: Dusclops\n|move|p2a: Tyranitar|Tera Blast|p1a: Ursaluna|[anim] Tera Blast Flying\n|-activate|p1a: Ursaluna|move: Protect\n|\n|-weather|Sandstorm|[upkeep]\n|-damage|p2a: Tyranitar|95\/100 psn|[from] Sandstorm\n|-damage|p1a: Ursaluna|40\/100|[from] Sandstorm\n|-heal|p2b: Gholdengo|40\/100|[from] item: Leftovers\n|-damage|p2a: Tyranitar|83\/100 psn|[from] psn\n|-sideend|p1: VGCLTH Rain|move: Light Screen\n|upkeep\n|turn|9\n|-message|VGCLTH Rain forfeited.\n|\n|win|googer315\n|raw|VGCLTH Rain's rating: 1733 &rarr; <strong>1709<\/strong><br \/>(-24 for losing)\n|raw|googer315's rating: 1662 &rarr; <strong>1686<\/strong><br \/>(+24 for winning)\n|l|\u2606VGCLTH Rain\n|player|p1|\n|l|\u2606googer315\n|player|p2|\n","uploadtime":1732069759,"views":21,"formatid":"gen9vgc2024regh","rating":1686,"private":0,"password":null}