{"id":"gen9vgc2024regh-2247337874","format":"[Gen 9] VGC 2024 Reg H","players":["VGCLTHTornsEnjoyer","LAST_STARDUST 224"],"log":"|raw|<div class=\"broadcast-blue\"><strong>This battle is required to be public due to a player having a name starting with 'vgclth'.<\/div>\n|j|\u2606VGCLTHTornsEnjoyer\n|j|\u2606LAST_STARDUST 224\n|t:|1732072335\n|gametype|doubles\n|player|p1|VGCLTHTornsEnjoyer|turo|1778\n|player|p2|LAST_STARDUST 224|265|1717\n|teamsize|p1|6\n|teamsize|p2|6\n|gen|9\n|tier|[Gen 9] VGC 2024 Reg H\n|rated|\n|rule|Species Clause: Limit one of each Pok\u00e9mon\n|rule|Item Clause: Limit 1 of each item\n|clearpoke\n|poke|p1|Gholdengo, L50|\n|poke|p1|Grimmsnarl, L50, M|\n|poke|p1|Whimsicott, L50, F|\n|poke|p1|Ursaluna-Bloodmoon, L50, M|\n|poke|p1|Dragonite, L50, M|\n|poke|p1|Annihilape, L50, M|\n|poke|p2|Annihilape, L50, F|\n|poke|p2|Rillaboom, L50, M|\n|poke|p2|Gholdengo, L50|\n|poke|p2|Ninetales-Alola, L50, M|\n|poke|p2|Ursaluna-Bloodmoon, L50, M|\n|poke|p2|Dragonite, L50, F|\n|teampreview|4\n|inactive|Battle timer is ON: inactive players will automatically lose when time's up. (requested by VGCLTHTornsEnjoyer)\n|\n|t:|1732072349\n|start\n|switch|p1a: Annihilape|Annihilape, L50, M|100\/100\n|switch|p1b: Gholdengo|Gholdengo, L50|100\/100\n|switch|p2a: Rillaboom|Rillaboom, L50, M|100\/100\n|switch|p2b: Gholdengo|Gholdengo, L50|100\/100\n|-fieldstart|move: Grassy Terrain|[from] ability: Grassy Surge|[of] p2a: Rillaboom\n|turn|1\n|\n|t:|1732072361\n|move|p2b: Gholdengo|Protect|p2b: Gholdengo\n|-singleturn|p2b: Gholdengo|Protect\n|move|p2a: Rillaboom|Protect|p2a: Rillaboom\n|-singleturn|p2a: Rillaboom|Protect\n|move|p1a: Annihilape|Final Gambit|p2a: Rillaboom\n|-activate|p2a: Rillaboom|move: Protect\n|move|p1b: Gholdengo|Shadow Ball|p2b: Gholdengo\n|-activate|p2b: Gholdengo|move: Protect\n|\n|upkeep\n|turn|2\n|j| AlabamaChristian\n|l| AlabamaChristian\n|inactive|LAST_STARDUST 224 has 30 seconds left.\n|inactive|LAST_STARDUST 224 has 20 seconds left.\n|inactive|LAST_STARDUST 224 has 15 seconds left.\n|\n|t:|1732072402\n|switch|p1a: Whimsicott|Whimsicott, L50, F|100\/100\n|move|p1b: Gholdengo|Shadow Ball|p2b: Gholdengo\n|-supereffective|p2b: Gholdengo\n|-damage|p2b: Gholdengo|0 fnt\n|faint|p2b: Gholdengo\n|move|p2a: Rillaboom|Wood Hammer|p1b: Gholdengo\n|-resisted|p1b: Gholdengo\n|-damage|p1b: Gholdengo|47\/100\n|-damage|p2a: Rillaboom|86\/100|[from] Recoil\n|\n|-heal|p1b: Gholdengo|53\/100|[from] Grassy Terrain\n|-heal|p2a: Rillaboom|92\/100|[from] Grassy Terrain\n|upkeep\n|\n|t:|1732072411\n|switch|p2b: Annihilape|Annihilape, L50, F|100\/100\n|turn|3\n|inactive|VGCLTHTornsEnjoyer has 30 seconds left.\n|inactive|VGCLTHTornsEnjoyer has 20 seconds left.\n|inactive|VGCLTHTornsEnjoyer has 15 seconds left.\n|\n|t:|1732072455\n|switch|p1b: Dragonite|Dragonite, L50, M|100\/100\n|-terastallize|p2b: Annihilape|Fire\n|move|p1a: Whimsicott|Tailwind|p1a: Whimsicott\n|-sidestart|p1: VGCLTHTornsEnjoyer|move: Tailwind\n|move|p2b: Annihilape|Rage Fist|p1a: Whimsicott\n|-damage|p1a: Whimsicott|65\/100\n|move|p2a: Rillaboom|Wood Hammer|p1a: Whimsicott\n|-resisted|p1a: Whimsicott\n|-damage|p1a: Whimsicott|0 fnt\n|faint|p1a: Whimsicott\n|-damage|p2a: Rillaboom|78\/100|[from] Recoil\n|\n|-heal|p2a: Rillaboom|84\/100|[from] Grassy Terrain\n|upkeep\n|\n|t:|1732072458\n|switch|p1a: Annihilape|Annihilape, L50, M|100\/100\n|turn|4\n|\n|t:|1732072481\n|move|p2b: Annihilape|Protect|p2b: Annihilape\n|-singleturn|p2b: Annihilape|Protect\n|move|p1a: Annihilape|Final Gambit|p2b: Annihilape\n|-activate|p2b: Annihilape|move: Protect\n|move|p1b: Dragonite|Outrage|p2a: Rillaboom\n|-damage|p2a: Rillaboom|0 fnt\n|faint|p2a: Rillaboom\n|\n|upkeep\n|\n|t:|1732072490\n|switch|p2a: Ninetales|Ninetales-Alola, L50, M|100\/100\n|-weather|Snow|[from] ability: Snow Warning|[of] p2a: Ninetales\n|turn|5\n|\n|t:|1732072496\n|move|p2b: Annihilape|Protect|p2b: Annihilape\n|-singleturn|p2b: Annihilape|Protect\n|move|p1a: Annihilape|Final Gambit|p2b: Annihilape\n|-activate|p2b: Annihilape|move: Protect\n|move|p1b: Dragonite|Outrage|p2a: Ninetales|[from]lockedmove\n|-immune|p2a: Ninetales\n|-start|p1b: Dragonite|confusion|[fatigue]\n|move|p2a: Ninetales|Blizzard|p1b: Dragonite|[spread] p1a,p1b\n|-supereffective|p1b: Dragonite\n|-damage|p1a: Annihilape|74\/100\n|-damage|p1b: Dragonite|0 fnt\n|faint|p1b: Dragonite\n|\n|-weather|Snow|[upkeep]\n|-heal|p1a: Annihilape|80\/100|[from] Grassy Terrain\n|-fieldend|move: Grassy Terrain\n|upkeep\n|\n|t:|1732072500\n|switch|p1b: Gholdengo|Gholdengo, L50|53\/100\n|turn|6\n|\n|t:|1732072515\n|-terastallize|p1b: Gholdengo|Steel\n|move|p1a: Annihilape|Final Gambit|p2b: Annihilape\n|-damage|p2b: Annihilape|21\/100\n|faint|p1a: Annihilape\n|move|p1b: Gholdengo|Make It Rain|p2a: Ninetales|[spread] p2a,p2b\n|-supereffective|p2a: Ninetales\n|-resisted|p2b: Annihilape\n|-enditem|p2a: Ninetales|Focus Sash\n|-damage|p2a: Ninetales|1\/100\n|-damage|p2b: Annihilape|0 fnt\n|-unboost|p1b: Gholdengo|spa|1\n|faint|p2b: Annihilape\n|move|p2a: Ninetales|Icy Wind|p1b: Gholdengo\n|-resisted|p1b: Gholdengo\n|-damage|p1b: Gholdengo|41\/100\n|-unboost|p1b: Gholdengo|spe|1\n|\n|-weather|Snow|[upkeep]\n|-sideend|p1: VGCLTHTornsEnjoyer|move: Tailwind\n|upkeep\n|turn|7\n|\n|t:|1732072540\n|move|p2a: Ninetales|Blizzard|p1b: Gholdengo\n|-resisted|p1b: Gholdengo\n|-damage|p1b: Gholdengo|15\/100\n|move|p1b: Gholdengo|Make It Rain|p2a: Ninetales\n|-supereffective|p2a: Ninetales\n|-damage|p2a: Ninetales|0 fnt\n|-unboost|p1b: Gholdengo|spa|1\n|faint|p2a: Ninetales\n|\n|win|VGCLTHTornsEnjoyer\n|raw|VGCLTHTornsEnjoyer's rating: 1752 &rarr; <strong>1770<\/strong><br \/>(+18 for winning)\n|raw|LAST_STARDUST 224's rating: 1717 &rarr; <strong>1699<\/strong><br \/>(-18 for losing)\n|l|\u2606VGCLTHTornsEnjoyer\n|player|p1|\n|l|\u2606LAST_STARDUST 224\n|player|p2|\n","uploadtime":1732072690,"views":25,"formatid":"gen9vgc2024regh","rating":1699,"private":0,"password":null}