{"id":"gen9vgc2024regh-2247077656","format":"[Gen 9] VGC 2024 Reg H","players":["VGCLTH HUH","aperonspritz"],"log":"|raw|<div class=\"broadcast-blue\"><strong>This battle is required to be public due to a player having a name starting with 'vgclth'.<\/div>\n|j|\u2606VGCLTH HUH\n|j|\u2606aperonspritz\n|t:|1732043756\n|gametype|doubles\n|player|p1|VGCLTH HUH|medium|1768\n|player|p2|aperonspritz|shadowtriad|1704\n|teamsize|p1|6\n|teamsize|p2|6\n|gen|9\n|tier|[Gen 9] VGC 2024 Reg H\n|rated|\n|rule|Species Clause: Limit one of each Pok\u00e9mon\n|rule|Item Clause: Limit 1 of each item\n|clearpoke\n|poke|p1|Dragonite, L50, F|\n|poke|p1|Ursaluna-Bloodmoon, L50, M|\n|poke|p1|Dondozo, L50, F|\n|poke|p1|Gholdengo, L50|\n|poke|p1|Volcarona, L50, F|\n|poke|p1|Archaludon, L50, F|\n|poke|p2|Jumpluff, L50, F|\n|poke|p2|Torkoal, L50, M|\n|poke|p2|Incineroar, L50, M|\n|poke|p2|Porygon2, L50|\n|poke|p2|Ursaluna, L50, M|\n|poke|p2|Charizard, L50, M|\n|teampreview|4\n|inactive|Battle timer is ON: inactive players will automatically lose when time's up. (requested by VGCLTH HUH)\naperonspritz rejected open team sheets.\n|\n|t:|1732043783\n|start\n|switch|p1a: Dragonite|Dragonite, L50, F|100\/100\n|switch|p1b: Archaludon|Archaludon, L50, F|100\/100\n|switch|p2a: Jumpluff|Jumpluff, L50, F|100\/100\n|switch|p2b: Incineroar|Incineroar, L50, M|100\/100\n|-ability|p2b: Incineroar|Intimidate|boost\n|-unboost|p1a: Dragonite|atk|1\n|-unboost|p1b: Archaludon|atk|1\n|turn|1\n|inactive|VGCLTH HUH has 30 seconds left.\n|\n|t:|1732043810\n|switch|p1a: Dondozo|Dondozo, L50, F|100\/100\n|move|p2a: Jumpluff|Sleep Powder|p1a: Dondozo\n|-status|p1a: Dondozo|slp|[from] move: Sleep Powder\n|move|p1b: Archaludon|Electro Shot||[still]\n|-prepare|p1b: Archaludon|Electro Shot\n|-boost|p1b: Archaludon|spa|1\n|-enditem|p1b: Archaludon|Power Herb\n|-anim|p1b: Archaludon|Electro Shot|p2a: Jumpluff\n|-damage|p2a: Jumpluff|38\/100\n|move|p2b: Incineroar|Parting Shot|p1b: Archaludon\n|-unboost|p1b: Archaludon|atk|1\n|-unboost|p1b: Archaludon|spa|1\n|\n|t:|1732043824\n|switch|p2b: Charizard|Charizard, L50, M, shiny|100\/100|[from] Parting Shot\n|\n|upkeep\n|turn|2\n|\n|t:|1732043835\n|move|p2a: Jumpluff|Sunny Day|p2a: Jumpluff\n|-weather|SunnyDay\n|move|p2b: Charizard|Heat Wave|p1b: Archaludon|[spread] p1b\n|-miss|p2b: Charizard|p1a: Dondozo\n|-ability|p1b: Archaludon|Sturdy\n|-damage|p1b: Archaludon|1\/100\n|move|p1b: Archaludon|Thunderbolt|p2b: Charizard\n|-supereffective|p2b: Charizard\n|-damage|p2b: Charizard|26\/100\n|cant|p1a: Dondozo|slp\n|\n|-weather|SunnyDay|[upkeep]\n|-damage|p2b: Charizard|14\/100|[from] ability: Solar Power|[of] p2b: Charizard\n|upkeep\n|turn|3\n|\n|t:|1732043849\n|switch|p2a: Incineroar|Incineroar, L50, M|100\/100\n|-ability|p2a: Incineroar|Intimidate|boost\n|-unboost|p1a: Dondozo|atk|1\n|-unboost|p1b: Archaludon|atk|1\n|move|p1b: Archaludon|Protect|p1b: Archaludon\n|-singleturn|p1b: Archaludon|Protect\n|cant|p1a: Dondozo|slp\n|move|p2b: Charizard|Heat Wave|p1b: Archaludon|[spread] p1a\n|-activate|p1b: Archaludon|move: Protect\n|-resisted|p1a: Dondozo\n|-damage|p1a: Dondozo|63\/100 slp\n|\n|-weather|SunnyDay|[upkeep]\n|-damage|p2b: Charizard|2\/100|[from] ability: Solar Power|[of] p2b: Charizard\n|-heal|p1a: Dondozo|69\/100 slp|[from] item: Leftovers\n|upkeep\n|turn|4\n|\n|t:|1732043864\n|cant|p1a: Dondozo|slp\n|move|p2b: Charizard|Heat Wave|p1a: Dondozo|[spread] p1a,p1b\n|-resisted|p1a: Dondozo\n|-damage|p1a: Dondozo|36\/100 slp\n|-damage|p1b: Archaludon|0 fnt\n|faint|p1b: Archaludon\n|move|p2a: Incineroar|Knock Off|p1a: Dondozo\n|-damage|p1a: Dondozo|11\/100 slp\n|-enditem|p1a: Dondozo|Leftovers|[from] move: Knock Off|[of] p2a: Incineroar\n|\n|-weather|SunnyDay|[upkeep]\n|-damage|p2b: Charizard|0 fnt|[from] ability: Solar Power|[of] p2b: Charizard\n|faint|p2b: Charizard\n|upkeep\n|\n|t:|1732043880\n|switch|p2b: Torkoal|Torkoal, L50, M|100\/100\n|switch|p1b: Dragonite|Dragonite, L50, F|100\/100\n|turn|5\n|\n|t:|1732043899\n|move|p1b: Dragonite|Scale Shot|p2a: Incineroar\n|-damage|p2a: Incineroar|90\/100\n|-damage|p2a: Incineroar|77\/100\n|-damage|p2a: Incineroar|67\/100\n|-damage|p2a: Incineroar|54\/100\n|-damage|p2a: Incineroar|43\/100\n|-enditem|p2a: Incineroar|Sitrus Berry|[eat]\n|-heal|p2a: Incineroar|68\/100|[from] item: Sitrus Berry\n|-hitcount|p2a: Incineroar|5\n|-unboost|p1b: Dragonite|def|1\n|-boost|p1b: Dragonite|spe|1\n|move|p2a: Incineroar|Knock Off|p1b: Dragonite\n|-damage|p1b: Dragonite|66\/100\n|-enditem|p1b: Dragonite|Loaded Dice|[from] move: Knock Off|[of] p2a: Incineroar\n|-curestatus|p1a: Dondozo|slp|[msg]\n|move|p1a: Dondozo|Yawn|p2b: Torkoal\n|-start|p2b: Torkoal|move: Yawn|[of] p1a: Dondozo\n|move|p2b: Torkoal|Eruption|p1b: Dragonite|[spread] p1a,p1b\n|-resisted|p1a: Dondozo\n|-resisted|p1b: Dragonite\n|-damage|p1a: Dondozo|0 fnt\n|-damage|p1b: Dragonite|26\/100\n|faint|p1a: Dondozo\n|\n|-weather|SunnyDay|[upkeep]\n|upkeep\n|\n|t:|1732043920\n|switch|p1a: Ursaluna|Ursaluna-Bloodmoon, L50, M|100\/100\n|turn|6\n|\n|t:|1732043932\n|switch|p2b: Jumpluff|Jumpluff, L50, F|38\/100\n|-terastallize|p2a: Incineroar|Ghost\n|-terastallize|p1a: Ursaluna|Normal\n|move|p1b: Dragonite|Low Kick|p2a: Incineroar\n|-immune|p2a: Incineroar\n|move|p2a: Incineroar|Knock Off|p1b: Dragonite\n|-damage|p1b: Dragonite|0 fnt\n|faint|p1b: Dragonite\n|move|p1a: Ursaluna|Hyper Voice|p2a: Incineroar|[spread] p2a,p2b\n|-damage|p2a: Incineroar|28\/100\n|-damage|p2b: Jumpluff|0 fnt\n|faint|p2b: Jumpluff\n|\n|-weather|none\n|upkeep\n|\n|t:|1732043945\n|switch|p2b: Torkoal|Torkoal, L50, M|100\/100\n|-weather|SunnyDay|[from] ability: Drought|[of] p2b: Torkoal\n|turn|7\n|\n|t:|1732043962\n|move|p2a: Incineroar|Parting Shot|p1a: Ursaluna\n|-unboost|p1a: Ursaluna|atk|1\n|-unboost|p1a: Ursaluna|spa|1\n|move|p1a: Ursaluna|Earth Power|p2b: Torkoal\n|-supereffective|p2b: Torkoal\n|-damage|p2b: Torkoal|9\/100\n|move|p2b: Torkoal|Overheat|p1a: Ursaluna\n|-damage|p1a: Ursaluna|47\/100\n|-unboost|p2b: Torkoal|spa|2\n|\n|-weather|SunnyDay|[upkeep]\n|upkeep\n|turn|8\n|\n|t:|1732043979\n|move|p2b: Torkoal|Helping Hand|p2a: Incineroar\n|-singleturn|p2a: Incineroar|Helping Hand|[of] p2b: Torkoal\n|move|p2a: Incineroar|Flare Blitz|p1a: Ursaluna\n|-damage|p1a: Ursaluna|0 fnt\n|faint|p1a: Ursaluna\n|-damage|p2a: Incineroar|12\/100|[from] Recoil\n|\n|win|aperonspritz\n|raw|VGCLTH HUH's rating: 1768 &rarr; <strong>1744<\/strong><br \/>(-24 for losing)\n|raw|aperonspritz's rating: 1704 &rarr; <strong>1728<\/strong><br \/>(+24 for winning)\n|l|\u2606VGCLTH HUH\n|player|p1|\n|l|\u2606aperonspritz\n|player|p2|\n","uploadtime":1732043987,"views":39,"formatid":"gen9vgc2024regh","rating":1728,"private":0,"password":null}