{"id":"gen9vgc2024regh-2247655465","format":"[Gen 9] VGC 2024 Reg H","players":["VGCLTH Oinge","sjd5"],"log":"|raw|<div class=\"broadcast-blue\"><strong>This battle is required to be public due to a player having a name starting with 'vgclth'.<\/div>\n|j|\u2606VGCLTH Oinge\n|j|\u2606sjd5\n|t:|1732119266\n|gametype|doubles\n|player|p1|VGCLTH Oinge|mars|1718\n|player|p2|sjd5|2|1711\n|teamsize|p1|6\n|teamsize|p2|6\n|gen|9\n|tier|[Gen 9] VGC 2024 Reg H\n|rated|\n|rule|Species Clause: Limit one of each Pok\u00e9mon\n|rule|Item Clause: Limit 1 of each item\n|clearpoke\n|poke|p1|Armarouge, L50, M|\n|poke|p1|Maushold-Four, L50|\n|poke|p1|Indeedee-F, L50, F|\n|poke|p1|Gholdengo, L50|\n|poke|p1|Dragonite, L50, F|\n|poke|p1|Annihilape, L50, F|\n|poke|p2|Kingambit, L50, F|\n|poke|p2|Sneasler, L50, M|\n|poke|p2|Incineroar, L50, M|\n|poke|p2|Kommo-o, L50, F|\n|poke|p2|Rillaboom, L50, M|\n|poke|p2|Clefable, L50, M|\n|teampreview|4\n|\n|t:|1732119311\n|start\n|switch|p1a: Gholdengo|Gholdengo, L50|100\/100\n|switch|p1b: Annihilape|Annihilape, L50, F|100\/100\n|switch|p2a: Sneasler|Sneasler, L50, M|100\/100\n|switch|p2b: Clefable|Clefable, L50, M|100\/100\n|turn|1\n|inactive|Battle timer is ON: inactive players will automatically lose when time's up. (requested by VGCLTH Oinge)\n|\n|t:|1732119327\n|switch|p2b: Rillaboom|Rillaboom, L50, M|100\/100\n|-fieldstart|move: Grassy Terrain|[from] ability: Grassy Surge|[of] p2b: Rillaboom\n|-enditem|p2a: Sneasler|Grassy Seed\n|-boost|p2a: Sneasler|def|1|[from] item: Grassy Seed\n|-terastallize|p2a: Sneasler|Flying\n|move|p2a: Sneasler|Acrobatics|p1b: Annihilape\n|-supereffective|p1b: Annihilape\n|-damage|p1b: Annihilape|0 fnt\n|faint|p1b: Annihilape\n|move|p1a: Gholdengo|Make It Rain|p2b: Rillaboom|[spread] p2a,p2b\n|-damage|p2a: Sneasler|43\/100\n|-damage|p2b: Rillaboom|65\/100\n|-unboost|p1a: Gholdengo|spa|1\n|\n|-heal|p2b: Rillaboom|71\/100|[from] Grassy Terrain\n|upkeep\n|\n|t:|1732119344\n|switch|p1b: Armarouge|Armarouge, L50, M|100\/100\n|turn|2\n|\n|t:|1732119356\n|switch|p1a: Indeedee|Indeedee-F, L50, F|100\/100\n|-fieldstart|move: Psychic Terrain|[from] ability: Psychic Surge|[of] p1a: Indeedee\n|-enditem|p1a: Indeedee|Psychic Seed\n|-boost|p1a: Indeedee|spd|1|[from] item: Psychic Seed\n|move|p2a: Sneasler|Acrobatics|p1a: Indeedee\n|-damage|p1a: Indeedee|41\/100\n|move|p2b: Rillaboom|High Horsepower|p1a: Indeedee\n|-damage|p1a: Indeedee|9\/100\n|move|p1b: Armarouge|Heat Wave|p2a: Sneasler|[spread] p2a,p2b\n|-supereffective|p2b: Rillaboom\n|-damage|p2a: Sneasler|0 fnt\n|-damage|p2b: Rillaboom|19\/100\n|faint|p2a: Sneasler\n|\n|upkeep\n|\n|t:|1732119372\n|switch|p2a: Clefable|Clefable, L50, M|100\/100\n|turn|3\n|\n|t:|1732119386\n|switch|p2b: Kingambit|Kingambit, L50, F|100\/100\n|move|p1a: Indeedee|Helping Hand|p1b: Armarouge\n|-singleturn|p1b: Armarouge|Helping Hand|[of] p1a: Indeedee\n|move|p1b: Armarouge|Expanding Force|p2a: Clefable|[spread] p2a\n|-immune|p2b: Kingambit\n|-damage|p2a: Clefable|23\/100\n|move|p2a: Clefable|Moonblast|p1a: Indeedee\n|-damage|p1a: Indeedee|0 fnt\n|faint|p1a: Indeedee\n|\n|upkeep\n|\n|t:|1732119392\n|switch|p1a: Gholdengo|Gholdengo, L50|100\/100\n|turn|4\n|\n|t:|1732119412\n|-terastallize|p1a: Gholdengo|Dragon\n|move|p2b: Kingambit|Protect|p2b: Kingambit\n|-singleturn|p2b: Kingambit|Protect\n|move|p1a: Gholdengo|Nasty Plot|p1a: Gholdengo\n|-boost|p1a: Gholdengo|spa|2\n|move|p1b: Armarouge|Heat Wave|p2a: Clefable|[spread] p2a\n|-activate|p2b: Kingambit|move: Protect\n|-damage|p2a: Clefable|0 fnt\n|faint|p2a: Clefable\n|\n|upkeep\n|\n|t:|1732119421\n|switch|p2a: Rillaboom|Rillaboom, L50, M|19\/100\n|-fieldstart|move: Grassy Terrain|[from] ability: Grassy Surge|[of] p2a: Rillaboom\n|turn|5\n|\n|t:|1732119431\n|move|p2a: Rillaboom|Fake Out|p1a: Gholdengo\n|-damage|p1a: Gholdengo|86\/100\n|move|p2b: Kingambit|Sucker Punch|p1b: Armarouge\n|-supereffective|p1b: Armarouge\n|-damage|p1b: Armarouge|10\/100\n|-ability|p1b: Armarouge|Weak Armor|boost\n|-unboost|p1b: Armarouge|def|1\n|-boost|p1b: Armarouge|spe|2\n|-enditem|p1b: Armarouge|Weakness Policy\n|-boost|p1b: Armarouge|atk|2|[from] item: Weakness Policy\n|-boost|p1b: Armarouge|spa|2|[from] item: Weakness Policy\n|move|p1b: Armarouge|Heat Wave|p2b: Kingambit|[spread] p2b\n|-miss|p1b: Armarouge|p2a: Rillaboom\n|-supereffective|p2b: Kingambit\n|-damage|p2b: Kingambit|0 fnt\n|faint|p2b: Kingambit\n|cant|p1a: Gholdengo|flinch\n|\n|-heal|p1b: Armarouge|16\/100|[from] Grassy Terrain\n|-heal|p1a: Gholdengo|92\/100|[from] Grassy Terrain\n|-heal|p1a: Gholdengo|98\/100|[from] item: Leftovers\n|-heal|p2a: Rillaboom|25\/100|[from] Grassy Terrain\n|upkeep\n|turn|6\n|-message|sjd5 forfeited.\n|\n|win|VGCLTH Oinge\n|raw|VGCLTH Oinge's rating: 1718 &rarr; <strong>1738<\/strong><br \/>(+20 for winning)\n|raw|sjd5's rating: 1711 &rarr; <strong>1691<\/strong><br \/>(-20 for losing)\n|l|\u2606sjd5\n|player|p2|\n|l|\u2606VGCLTH Oinge\n|player|p1|\n","uploadtime":1732119615,"views":31,"formatid":"gen9vgc2024regh","rating":1691,"private":0,"password":null}