{"id":"gen9vgc2024regh-2247897446","format":"[Gen 9] VGC 2024 Reg H","players":["notanewaccount2","vgclth terran"],"log":"|raw|<div class=\"broadcast-blue\"><strong>This battle is required to be public due to a player having a name starting with 'vgclth'.<\/div>\n|j|\u2606notanewaccount2\n|j|\u2606vgclth terran\n|t:|1732142887\n|gametype|doubles\n|player|p1|notanewaccount2|ethan|1663\n|player|p2|vgclth terran|rood|1834\n|teamsize|p1|6\n|teamsize|p2|6\n|gen|9\n|tier|[Gen 9] VGC 2024 Reg H\n|rated|\n|rule|Species Clause: Limit one of each Pok\u00e9mon\n|rule|Item Clause: Limit 1 of each item\n|clearpoke\n|poke|p1|Garchomp, L50, M|\n|poke|p1|Glimmora, L50, F|\n|poke|p1|Dondozo, L50, F|\n|poke|p1|Tatsugiri-Droopy, L50, M|\n|poke|p1|Maushold-Four, L50|\n|poke|p1|Annihilape, L50, M|\n|poke|p2|Ninetales-Alola, L50, F|\n|poke|p2|Rillaboom, L50, M|\n|poke|p2|Magmar, L50, F|\n|poke|p2|Sneasler, L50, F|\n|poke|p2|Kingambit, L50, F|\n|poke|p2|Basculegion, L50, M|\n|teampreview|4\n|inactive|Battle timer is ON: inactive players will automatically lose when time's up. (requested by notanewaccount2)\n|j| UGCL\n|inactive|vgclth terran has 60 seconds left.\n|\n|t:|1732142922\n|start\n|switch|p1a: Garchomp|Garchomp, L50, M|100\/100\n|switch|p1b: Glimmora|Glimmora, L50, F|100\/100\n|switch|p2a: Kingambit|Kingambit, L50, F|100\/100\n|switch|p2b: Sneasler|Sneasler, L50, F|100\/100\n|turn|1\n|\n|t:|1732142934\n|move|p2b: Sneasler|Fake Out|p1a: Garchomp\n|-damage|p1a: Garchomp|87\/100\n|-damage|p2b: Sneasler|88\/100|[from] ability: Rough Skin|[of] p1a: Garchomp\n|move|p1b: Glimmora|Mortal Spin|p2a: Kingambit|[spread] p2b\n|-immune|p2a: Kingambit\n|-resisted|p2b: Sneasler\n|-damage|p2b: Sneasler|84\/100\n|cant|p1a: Garchomp|flinch\n|move|p2a: Kingambit|Swords Dance|p2a: Kingambit\n|-boost|p2a: Kingambit|atk|2\n|\n|upkeep\n|turn|2\n|inactive|vgclth terran has 30 seconds left.\n|\n|t:|1732142960\n|switch|p2b: Basculegion|Basculegion, L50, M|100\/100\n|move|p2a: Kingambit|Sucker Punch|p1a: Garchomp\n|-damage|p1a: Garchomp|0 fnt\n|-damage|p2a: Kingambit|88\/100|[from] ability: Rough Skin|[of] p1a: Garchomp\n|faint|p1a: Garchomp\n|move|p1b: Glimmora|Toxic Spikes|p2b: Basculegion\n|-sidestart|p2: vgclth terran|move: Toxic Spikes\n|\n|upkeep\n|\n|t:|1732142969\n|switch|p1a: Dondozo|Dondozo, L50, F|100\/100\n|turn|3\n|\n|t:|1732142977\n|move|p1a: Dondozo|Protect|p1a: Dondozo\n|-singleturn|p1a: Dondozo|Protect\n|move|p2a: Kingambit|Sucker Punch|p1b: Glimmora\n|-enditem|p1b: Glimmora|Focus Sash\n|-damage|p1b: Glimmora|1\/100\n|-activate|p1b: Glimmora|ability: Toxic Debris\n|-sidestart|p2: vgclth terran|move: Toxic Spikes\n|move|p2b: Basculegion|Flip Turn|p1a: Dondozo\n|-activate|p1a: Dondozo|move: Protect\n|move|p1b: Glimmora|Mortal Spin|p2b: Basculegion|[spread] p2b\n|-immune|p2a: Kingambit\n|-resisted|p2b: Basculegion\n|-damage|p2b: Basculegion|98\/100\n|-status|p2b: Basculegion|psn\n|\n|-damage|p2b: Basculegion|86\/100 psn|[from] psn\n|upkeep\n|turn|4\n|\n|t:|1732143002\n|switch|p1b: Tatsugiri|Tatsugiri-Droopy, L50, M, shiny|100\/100\n|-activate|p1b: Tatsugiri|ability: Commander|[of] p1a: Dondozo\n|-boost|p1a: Dondozo|atk|2\n|-boost|p1a: Dondozo|spa|2\n|-boost|p1a: Dondozo|spe|2\n|-boost|p1a: Dondozo|def|2\n|-boost|p1a: Dondozo|spd|2\n|move|p2b: Basculegion|Flip Turn|p1b: Tatsugiri|[miss]\n|-miss|p2b: Basculegion|p1b: Tatsugiri\n|move|p1a: Dondozo|Body Press|p2a: Kingambit\n|-supereffective|p2a: Kingambit\n|-damage|p2a: Kingambit|0 fnt\n|faint|p2a: Kingambit\n|\n|-damage|p2b: Basculegion|73\/100 psn|[from] psn\n|upkeep\n|\n|t:|1732143005\n|switch|p2a: Sneasler|Sneasler, L50, F|84\/100\n|-sideend|p2: vgclth terran|move: Toxic Spikes|[of] p2a: Sneasler\n|turn|5\n|\n|t:|1732143019\n|move|p1a: Dondozo|Protect|p1a: Dondozo\n|-singleturn|p1a: Dondozo|Protect\n|move|p2a: Sneasler|Fake Out|p1a: Dondozo\n|-activate|p1a: Dondozo|move: Protect\n|move|p2b: Basculegion|Flip Turn|p1a: Dondozo\n|-activate|p1a: Dondozo|move: Protect\n|\n|-damage|p2b: Basculegion|61\/100 psn|[from] psn\n|upkeep\n|turn|6\n|\n|t:|1732143024\n|move|p2a: Sneasler|Protect|p2a: Sneasler\n|-singleturn|p2a: Sneasler|Protect\n|move|p2b: Basculegion|Flip Turn|p1a: Dondozo\n|-resisted|p1a: Dondozo\n|-damage|p1a: Dondozo|95\/100\n|\n|t:|1732143026\n|switch|p2b: Rillaboom|Rillaboom, L50, M|100\/100|[from] Flip Turn\n|-fieldstart|move: Grassy Terrain|[from] ability: Grassy Surge|[of] p2b: Rillaboom\n|move|p1a: Dondozo|Order Up|p2a: Sneasler\n|-activate|p2a: Sneasler|move: Protect\n|\n|-heal|p2a: Sneasler|90\/100|[from] Grassy Terrain\n|-heal|p1a: Dondozo|100\/100|[from] Grassy Terrain\n|upkeep\n|turn|7\n|l| UGCL\n|\n|t:|1732143031\n|move|p1a: Dondozo|Protect|p1a: Dondozo\n|-singleturn|p1a: Dondozo|Protect\n|move|p2b: Rillaboom|Fake Out|p1a: Dondozo\n|-activate|p1a: Dondozo|move: Protect\n|move|p2a: Sneasler|Dire Claw|p1a: Dondozo\n|-activate|p1a: Dondozo|move: Protect\n|\n|-heal|p2a: Sneasler|96\/100|[from] Grassy Terrain\n|upkeep\n|turn|8\n|\n|t:|1732143038\n|-terastallize|p1a: Dondozo|Steel\n|move|p2a: Sneasler|Dire Claw|p1a: Dondozo\n|-immune|p1a: Dondozo\n|move|p2b: Rillaboom|Wood Hammer|p1a: Dondozo\n|-resisted|p1a: Dondozo\n|-damage|p1a: Dondozo|88\/100\n|-damage|p2b: Rillaboom|95\/100|[from] Recoil\n|move|p1a: Dondozo|Order Up|p2a: Sneasler\n|-damage|p2a: Sneasler|30\/100\n|-boost|p1a: Dondozo|def|1\n|\n|-heal|p2a: Sneasler|35\/100|[from] Grassy Terrain\n|-heal|p2b: Rillaboom|100\/100|[from] Grassy Terrain\n|-heal|p1a: Dondozo|94\/100|[from] Grassy Terrain\n|-heal|p1a: Dondozo|99\/100|[from] item: Leftovers\n|upkeep\n|turn|9\n|\n|t:|1732143050\n|move|p2a: Sneasler|Close Combat|p1a: Dondozo\n|-supereffective|p1a: Dondozo\n|-damage|p1a: Dondozo|70\/100\n|-unboost|p2a: Sneasler|def|1\n|-unboost|p2a: Sneasler|spd|1\n|move|p2b: Rillaboom|Wood Hammer|p1a: Dondozo\n|-resisted|p1a: Dondozo\n|-damage|p1a: Dondozo|60\/100\n|-damage|p2b: Rillaboom|97\/100|[from] Recoil\n|move|p1a: Dondozo|Order Up|p2a: Sneasler\n|-damage|p2a: Sneasler|0 fnt\n|faint|p2a: Sneasler\n|-boost|p1a: Dondozo|def|1\n|\n|-heal|p2b: Rillaboom|100\/100|[from] Grassy Terrain\n|-heal|p1a: Dondozo|67\/100|[from] Grassy Terrain\n|-heal|p1a: Dondozo|73\/100|[from] item: Leftovers\n|upkeep\n|\n|t:|1732143057\n|switch|p2a: Basculegion|Basculegion, L50, M|61\/100 psn\n|turn|10\n|\n|t:|1732143060\n|move|p1a: Dondozo|Protect|p1a: Dondozo\n|-singleturn|p1a: Dondozo|Protect\n|move|p2a: Basculegion|Last Respects|p1a: Dondozo\n|-activate|p1a: Dondozo|move: Protect\n|move|p2b: Rillaboom|Wood Hammer|p1a: Dondozo\n|-activate|p1a: Dondozo|move: Protect\n|\n|-heal|p2a: Basculegion|67\/100 psn|[from] Grassy Terrain\n|-heal|p1a: Dondozo|79\/100|[from] Grassy Terrain\n|-heal|p1a: Dondozo|85\/100|[from] item: Leftovers\n|-damage|p2a: Basculegion|55\/100 psn|[from] psn\n|-fieldend|move: Grassy Terrain\n|upkeep\n|turn|11\n|\n|t:|1732143064\n|move|p2a: Basculegion|Last Respects|p1a: Dondozo\n|-damage|p1a: Dondozo|66\/100\n|move|p2b: Rillaboom|Wood Hammer|p1a: Dondozo\n|-resisted|p1a: Dondozo\n|-damage|p1a: Dondozo|60\/100\n|-damage|p2b: Rillaboom|98\/100|[from] Recoil\n|move|p1a: Dondozo|Order Up|p2a: Basculegion\n|-damage|p2a: Basculegion|8\/100 psn\n|-boost|p1a: Dondozo|def|1\n|\n|-heal|p1a: Dondozo|66\/100|[from] item: Leftovers\n|-damage|p2a: Basculegion|0 fnt|[from] psn\n|faint|p2a: Basculegion\n|upkeep\n|turn|12\n|-message|vgclth terran forfeited.\n|\n|win|notanewaccount2\n|raw|notanewaccount2's rating: 1663 &rarr; <strong>1692<\/strong><br \/>(+29 for winning)\n|raw|vgclth terran's rating: 1834 &rarr; <strong>1805<\/strong><br \/>(-29 for losing)\n|l|\u2606vgclth terran\n|player|p2|\n|j|\u2606vgclth terran\n|player|p2|vgclth terran|rood|\n|c|\u2606notanewaccount2|gg\n|l|\u2606vgclth terran\n|player|p2|\n|l|\u2606notanewaccount2\n|player|p1|\n","uploadtime":1732143247,"views":18,"formatid":"gen9vgc2024regh","rating":1692,"private":0,"password":null}