{"id":"gen9vgc2024regh-2247336685","format":"[Gen 9] VGC 2024 Reg H","players":["ChronostasisL","VGCLTHTornsEnjoyer"],"log":"|raw|<div class=\"broadcast-blue\"><strong>This battle is required to be public due to a player having a name starting with 'vgclth'.<\/div>\n|j|\u2606ChronostasisL\n|j|\u2606VGCLTHTornsEnjoyer\n|t:|1732072174\n|gametype|doubles\n|player|p1|ChronostasisL|flannery-gen6|1701\n|player|p2|VGCLTHTornsEnjoyer|turo|1780\n|teamsize|p1|6\n|teamsize|p2|6\n|gen|9\n|tier|[Gen 9] VGC 2024 Reg H\n|rated|\n|rule|Species Clause: Limit one of each Pok\u00e9mon\n|rule|Item Clause: Limit 1 of each item\n|clearpoke\n|poke|p1|Dragonite, L50, M|\n|poke|p1|Annihilape, L50, F|\n|poke|p1|Archaludon, L50, F|\n|poke|p1|Gholdengo, L50|\n|poke|p1|Rillaboom, L50, M|\n|poke|p1|Incineroar, L50, M|\n|poke|p2|Gholdengo, L50|\n|poke|p2|Grimmsnarl, L50, M|\n|poke|p2|Whimsicott, L50, F|\n|poke|p2|Ursaluna-Bloodmoon, L50, M|\n|poke|p2|Dragonite, L50, M|\n|poke|p2|Annihilape, L50, M|\n|teampreview|4\n|inactive|Battle timer is ON: inactive players will automatically lose when time's up. (requested by VGCLTHTornsEnjoyer)\n|inactive|VGCLTHTornsEnjoyer has 60 seconds left.\n|\n|t:|1732072223\n|start\n|switch|p1a: Dragonite|Dragonite, L50, M|100\/100\n|switch|p1b: Gholdengo|Gholdengo, L50|100\/100\n|switch|p2a: Annihilape|Annihilape, L50, M|100\/100\n|switch|p2b: Gholdengo|Gholdengo, L50|100\/100\n|turn|1\n|\n|t:|1732072245\n|move|p2a: Annihilape|Final Gambit|p1a: Dragonite\n|-damage|p1a: Dragonite|0 fnt\n|faint|p2a: Annihilape\n|faint|p1a: Dragonite\n|move|p2b: Gholdengo|Shadow Ball|p1b: Gholdengo\n|-supereffective|p1b: Gholdengo\n|-damage|p1b: Gholdengo|0 fnt\n|faint|p1b: Gholdengo\n|\n|upkeep\n|\n|t:|1732072261\n|switch|p2a: Whimsicott|Whimsicott, L50, F|100\/100\n|switch|p1b: Incineroar|Incineroar, L50, M|100\/100\n|switch|p1a: Archaludon|Archaludon, L50, F|100\/100\n|-ability|p1b: Incineroar|Intimidate|boost\n|-unboost|p2a: Whimsicott|atk|1\n|-unboost|p2b: Gholdengo|atk|1\n|turn|2\n|\n|t:|1732072278\n|switch|p2a: Dragonite|Dragonite, L50, M|100\/100\n|move|p1b: Incineroar|Fake Out|p2a: Dragonite\n|-damage|p2a: Dragonite|88\/100\n|move|p1a: Archaludon|Flash Cannon|p2a: Dragonite\n|-damage|p2a: Dragonite|41\/100\n|-unboost|p2a: Dragonite|spd|1\n|move|p2b: Gholdengo|Shadow Ball|p1a: Archaludon\n|-damage|p1a: Archaludon|4\/100\n|\n|upkeep\n|turn|3\n|\n|t:|1732072292\n|switch|p2b: Whimsicott|Whimsicott, L50, F|100\/100\n|move|p1a: Archaludon|Protect|p1a: Archaludon\n|-singleturn|p1a: Archaludon|Protect\n|move|p2a: Dragonite|Extreme Speed|p1a: Archaludon\n|-activate|p1a: Archaludon|move: Protect\n|move|p1b: Incineroar|Knock Off|p2a: Dragonite\n|-damage|p2a: Dragonite|0 fnt\n|-enditem|p2a: Dragonite|Choice Band|[from] move: Knock Off|[of] p1b: Incineroar\n|faint|p2a: Dragonite\n|\n|upkeep\n|\n|t:|1732072315\n|switch|p2a: Gholdengo|Gholdengo, L50|100\/100\n|turn|4\n|\n|t:|1732072321\n|-terastallize|p2b: Whimsicott|Fairy\n|move|p1a: Archaludon|Protect|p1a: Archaludon\n|-singleturn|p1a: Archaludon|Protect\n|move|p2b: Whimsicott|Dazzling Gleam|p1b: Incineroar|[spread] p1b\n|-activate|p1a: Archaludon|move: Protect\n|-damage|p1b: Incineroar|76\/100\n|move|p2a: Gholdengo|Power Gem|p1b: Incineroar\n|-supereffective|p1b: Incineroar\n|-damage|p1b: Incineroar|0 fnt\n|faint|p1b: Incineroar\n|\n|upkeep\n|turn|5\n|j| snow is mid\n|-message|ChronostasisL forfeited.\n|\n|win|VGCLTHTornsEnjoyer\n|raw|ChronostasisL's rating: 1701 &rarr; <strong>1684<\/strong><br \/>(-17 for losing)\n|raw|VGCLTHTornsEnjoyer's rating: 1761 &rarr; <strong>1778<\/strong><br \/>(+17 for winning)\n","uploadtime":1732072335,"views":21,"formatid":"gen9vgc2024regh","rating":1684,"private":0,"password":null}