{"id":"gen9vgc2024regh-2247329496","format":"[Gen 9] VGC 2024 Reg H","players":["googer315","testy accounty 2"],"log":"|j|\u2606googer315\n|j|\u2606testy accounty 2\n|t:|1732071236\n|gametype|doubles\n|player|p1|googer315|102|1697\n|player|p2|testy accounty 2|102|1668\n|teamsize|p1|6\n|teamsize|p2|6\n|gen|9\n|tier|[Gen 9] VGC 2024 Reg H\n|rated|\n|rule|Species Clause: Limit one of each Pok\u00e9mon\n|rule|Item Clause: Limit 1 of each item\n|clearpoke\n|poke|p1|Tyranitar, L50, M|\n|poke|p1|Amoonguss, L50, M|\n|poke|p1|Incineroar, L50, F|\n|poke|p1|Gholdengo, L50|\n|poke|p1|Porygon2, L50|\n|poke|p1|Ursaluna, L50, M|\n|poke|p2|Pelipper, L50, F|\n|poke|p2|Archaludon, L50, F|\n|poke|p2|Sneasler, L50, M|\n|poke|p2|Dragonite, L50, M|\n|poke|p2|Basculegion, L50, M|\n|poke|p2|Rillaboom, L50, M|\n|teampreview|4\n|inactive|Battle timer is ON: inactive players will automatically lose when time's up. (requested by googer315)\n|\n|t:|1732071275\n|start\n|switch|p1a: Tyranitar|Tyranitar, L50, M|100\/100\n|switch|p1b: Porygon2|Porygon2, L50|100\/100\n|switch|p2a: MACHBACK|Archaludon, L50, F|100\/100\n|switch|p2b: Rillaboom|Rillaboom, L50, M|100\/100\n|-fieldstart|move: Grassy Terrain|[from] ability: Grassy Surge|[of] p2b: Rillaboom\n|-weather|Sandstorm|[from] ability: Sand Stream|[of] p1a: Tyranitar\n|-ability|p1b: Porygon2|Download|boost\n|-boost|p1b: Porygon2|spa|1\n|turn|1\n|inactive|googer315 has 30 seconds left.\n|inactive|googer315 has 20 seconds left.\n|\n|t:|1732071311\n|switch|p1a: Amoonguss|Amoonguss, L50, M|100\/100\n|move|p2b: Rillaboom|Taunt|p1b: Porygon2\n|-start|p1b: Porygon2|move: Taunt\n|move|p2a: MACHBACK|Body Press|p1b: Porygon2\n|-supereffective|p1b: Porygon2\n|-damage|p1b: Porygon2|67\/100\n|cant|p1b: Porygon2|move: Taunt|Trick Room\n|\n|-weather|Sandstorm|[upkeep]\n|-damage|p2b: Rillaboom|95\/100|[from] Sandstorm\n|-damage|p1b: Porygon2|61\/100|[from] Sandstorm\n|-damage|p1a: Amoonguss|95\/100|[from] Sandstorm\n|-heal|p2b: Rillaboom|100\/100|[from] Grassy Terrain\n|-heal|p1b: Porygon2|67\/100|[from] Grassy Terrain\n|-heal|p1a: Amoonguss|100\/100|[from] Grassy Terrain\n|upkeep\n|turn|2\n|\n|t:|1732071334\n|-terastallize|p1b: Porygon2|Flying\n|move|p2b: Rillaboom|Taunt|p1a: Amoonguss\n|-start|p1a: Amoonguss|move: Taunt\n|move|p2a: MACHBACK|Flash Cannon|p1b: Porygon2\n|-damage|p1b: Porygon2|41\/100\n|move|p1b: Porygon2|Tera Blast|p2b: Rillaboom|[anim] Tera Blast Flying\n|-supereffective|p2b: Rillaboom\n|-damage|p2b: Rillaboom|1\/100\n|move|p1a: Amoonguss|Pollen Puff|p1b: Porygon2\n|-heal|p1b: Porygon2|91\/100\n|\n|-weather|Sandstorm|[upkeep]\n|-damage|p2b: Rillaboom|0 fnt|[from] Sandstorm\n|-damage|p1b: Porygon2|84\/100|[from] Sandstorm\n|-damage|p1a: Amoonguss|95\/100|[from] Sandstorm\n|faint|p2b: Rillaboom\n|-heal|p1a: Amoonguss|100\/100|[from] Grassy Terrain\n|upkeep\n|\n|t:|1732071350\n|switch|p2b: VEGETA|Basculegion, L50, M|100\/100\n|turn|3\n|\n|t:|1732071370\n|move|p2b: VEGETA|Flip Turn|p1b: Porygon2\n|-damage|p1b: Porygon2|56\/100\n|\n|t:|1732071373\n|switch|p2b: Pelipper|Pelipper, L50, F|100\/100|[from] Flip Turn\n|-weather|RainDance|[from] ability: Drizzle|[of] p2b: Pelipper\n|move|p2a: MACHBACK|Electro Shot||[still]\n|-prepare|p2a: MACHBACK|Electro Shot\n|-boost|p2a: MACHBACK|spa|1\n|-anim|p2a: MACHBACK|Electro Shot|p1b: Porygon2\n|-supereffective|p1b: Porygon2\n|-damage|p1b: Porygon2|0 fnt\n|faint|p1b: Porygon2\n|move|p1a: Amoonguss|Pollen Puff|p1: Porygon2|[notarget]\n|-fail|p1a: Amoonguss\n|\n|-weather|RainDance|[upkeep]\n|upkeep\n|\n|t:|1732071385\n|switch|p1b: Tyranitar|Tyranitar, L50, M|100\/100\n|-weather|Sandstorm|[from] ability: Sand Stream|[of] p1b: Tyranitar\n|turn|4\n|j| snow is mid\n|inactive|testy accounty 2 has 30 seconds left.\n|inactive|testy accounty 2 has 20 seconds left.\n|inactive|testy accounty 2 has 15 seconds left.\n|\n|t:|1732071426\n|move|p2b: Pelipper|Hurricane|p1a: Amoonguss|[miss]\n|-miss|p2b: Pelipper|p1a: Amoonguss\n|move|p2a: MACHBACK|Body Press|p1b: Tyranitar\n|-supereffective|p1b: Tyranitar\n|-damage|p1b: Tyranitar|23\/100\n|move|p1b: Tyranitar|Knock Off|p2b: Pelipper\n|-damage|p2b: Pelipper|36\/100\n|-enditem|p2b: Pelipper|Focus Sash|[from] move: Knock Off|[of] p1b: Tyranitar\n|move|p1a: Amoonguss|Pollen Puff|p1b: Tyranitar\n|-heal|p1b: Tyranitar|73\/100\n|\n|-weather|Sandstorm|[upkeep]\n|-damage|p2b: Pelipper|30\/100|[from] Sandstorm\n|-damage|p1a: Amoonguss|95\/100|[from] Sandstorm\n|-heal|p1b: Tyranitar|79\/100|[from] Grassy Terrain\n|-heal|p1a: Amoonguss|100\/100|[from] Grassy Terrain\n|-end|p1a: Amoonguss|move: Taunt\n|upkeep\n|turn|5\n|inactive|googer315 has 30 seconds left.\n|\n|t:|1732071453\n|-terastallize|p2a: MACHBACK|Grass\n|move|p1a: Amoonguss|Rage Powder|p1a: Amoonguss\n|-singleturn|p1a: Amoonguss|move: Rage Powder\n|move|p2b: Pelipper|Weather Ball|p1a: Amoonguss\n|-damage|p1a: Amoonguss|75\/100\n|move|p2a: MACHBACK|Body Press|p1b: Tyranitar\n|-supereffective|p1b: Tyranitar\n|-damage|p1b: Tyranitar|1\/100\n|move|p1b: Tyranitar|Knock Off|p2b: Pelipper\n|-crit|p2b: Pelipper\n|-damage|p2b: Pelipper|0 fnt\n|faint|p2b: Pelipper\n|\n|-weather|Sandstorm|[upkeep]\n|-damage|p2a: MACHBACK|94\/100|[from] Sandstorm\n|-damage|p1a: Amoonguss|69\/100|[from] Sandstorm\n|-heal|p2a: MACHBACK|100\/100|[from] Grassy Terrain\n|-heal|p1b: Tyranitar|7\/100|[from] Grassy Terrain\n|-heal|p1a: Amoonguss|75\/100|[from] Grassy Terrain\n|-fieldend|move: Grassy Terrain\n|upkeep\n|\n|t:|1732071463\n|switch|p2b: VEGETA|Basculegion, L50, M|100\/100\n|turn|6\n|inactive|testy accounty 2 has 30 seconds left.\n|\n|t:|1732071497\n|move|p2b: VEGETA|Last Respects|p1a: Amoonguss\n|-damage|p1a: Amoonguss|0 fnt\n|faint|p1a: Amoonguss\n|move|p2a: MACHBACK|Body Press|p1b: Tyranitar\n|-supereffective|p1b: Tyranitar\n|-damage|p1b: Tyranitar|0 fnt\n|faint|p1b: Tyranitar\n|\n|-weather|Sandstorm|[upkeep]\n|-damage|p2b: VEGETA|94\/100|[from] Sandstorm\n|-damage|p2a: MACHBACK|94\/100|[from] Sandstorm\n|upkeep\n|\n|t:|1732071508\n|switch|p1a: Ursaluna|Ursaluna, L50, M|100\/100\n|turn|7\n|\n|t:|1732071519\n|move|p1a: Ursaluna|Protect|p1a: Ursaluna\n|-singleturn|p1a: Ursaluna|Protect\n|move|p2b: VEGETA|Last Respects|p1a: Ursaluna\n|-activate|p1a: Ursaluna|move: Protect\n|move|p2a: MACHBACK|Body Press|p1a: Ursaluna\n|-activate|p1a: Ursaluna|move: Protect\n|\n|-weather|Sandstorm|[upkeep]\n|-damage|p2b: VEGETA|88\/100|[from] Sandstorm\n|-damage|p2a: MACHBACK|88\/100|[from] Sandstorm\n|-status|p1a: Ursaluna|brn|[from] item: Flame Orb\n|upkeep\n|turn|8\n|\n|t:|1732071531\n|move|p2b: VEGETA|Last Respects|p1a: Ursaluna\n|-immune|p1a: Ursaluna\n|move|p2a: MACHBACK|Draco Meteor|p1a: Ursaluna\n|-damage|p1a: Ursaluna|18\/100 brn\n|-unboost|p2a: MACHBACK|spa|2\n|move|p1a: Ursaluna|Facade|p2a: MACHBACK\n|-damage|p2a: MACHBACK|6\/100\n|-ability|p2a: MACHBACK|Stamina|boost\n|-boost|p2a: MACHBACK|def|1\n|\n|-weather|none\n|-damage|p1a: Ursaluna|12\/100 brn|[from] brn\n|upkeep\n|turn|9\n|-message|googer315 forfeited.\n|\n|win|testy accounty 2\n|raw|googer315's rating: 1697 &rarr; <strong>1675<\/strong><br \/>(-22 for losing)\n|raw|testy accounty 2's rating: 1668 &rarr; <strong>1690<\/strong><br \/>(+22 for winning)\n|l|\u2606googer315\n|player|p1|\n","uploadtime":1732071554,"views":32,"formatid":"gen9vgc2024regh","rating":1675,"private":0,"password":null}