{"id":"gen9vgc2024regh-2247546470","format":"[Gen 9] VGC 2024 Reg H","players":["Marvin Heidegger","VGCLTH Rain"],"log":"|raw|<div class=\"broadcast-blue\"><strong>This battle is required to be public due to a player having a name starting with 'vgclth'.<\/div>\n|j|\u2606Marvin Heidegger\n|j|\u2606VGCLTH Rain\n|t:|1732107655\n|gametype|doubles\n|player|p1|Marvin Heidegger|blaine|1654\n|player|p2|VGCLTH Rain|169|1772\n|teamsize|p1|6\n|teamsize|p2|6\n|gen|9\n|tier|[Gen 9] VGC 2024 Reg H\n|rated|\n|rule|Species Clause: Limit one of each Pok\u00e9mon\n|rule|Item Clause: Limit 1 of each item\n|clearpoke\n|poke|p1|Kommo-o, L50, M|\n|poke|p1|Tyranitar, L50, F|\n|poke|p1|Excadrill, L50, M|\n|poke|p1|Samurott-Hisui, L50, M|\n|poke|p1|Corviknight, L50, F|\n|poke|p1|Indeedee, L50, M|\n|poke|p2|Typhlosion-Hisui, L50, F|\n|poke|p2|Glimmora, L50, M|\n|poke|p2|Grimmsnarl, L50, M|\n|poke|p2|Whimsicott, L50, F|\n|poke|p2|Ursaluna-Bloodmoon, L50, M|\n|poke|p2|Dusclops, L50, F|\n|teampreview|4\n|inactive|Battle timer is ON: inactive players will automatically lose when time's up. (requested by VGCLTH Rain)\n|\n|t:|1732107689\n|start\n|switch|p1a: Samurott|Samurott-Hisui, L50, M|100\/100\n|switch|p1b: Corviknight|Corviknight, L50, F|100\/100\n|switch|p2a: Glimmora|Glimmora, L50, M|100\/100\n|switch|p2b: Grimmsnarl|Grimmsnarl, L50, M|100\/100\n|turn|1\n|\n|t:|1732107710\n|move|p2b: Grimmsnarl|Taunt|p1b: Corviknight\n|-start|p1b: Corviknight|move: Taunt\n|move|p2a: Glimmora|Sludge Bomb|p1a: Samurott\n|-damage|p1a: Samurott|53\/100\n|move|p1a: Samurott|Razor Shell|p2a: Glimmora\n|-supereffective|p2a: Glimmora\n|-enditem|p2a: Glimmora|Focus Sash\n|-damage|p2a: Glimmora|1\/100\n|-activate|p2a: Glimmora|ability: Toxic Debris\n|-sidestart|p1: Marvin Heidegger|move: Toxic Spikes\n|cant|p1b: Corviknight|move: Taunt|Tailwind\n|\n|upkeep\n|turn|2\n|\n|t:|1732107733\n|move|p1a: Samurott|Sucker Punch|p2a: Glimmora\n|-damage|p2a: Glimmora|0 fnt\n|-activate|p2a: Glimmora|ability: Toxic Debris\n|-sidestart|p1: Marvin Heidegger|move: Toxic Spikes\n|faint|p2a: Glimmora\n|move|p2b: Grimmsnarl|Reflect|p2b: Grimmsnarl\n|-sidestart|p2: VGCLTH Rain|Reflect\n|move|p1b: Corviknight|Brave Bird|p2b: Grimmsnarl\n|-damage|p2b: Grimmsnarl|55\/100\n|-damage|p1b: Corviknight|85\/100|[from] Recoil\n|\n|upkeep\n|\n|t:|1732107737\n|switch|p2a: Dusclops|Dusclops, L50, F|100\/100\n|-item|p1a: Samurott|Assault Vest|[from] ability: Frisk|[of] p2a: Dusclops\n|-item|p1b: Corviknight|Sitrus Berry|[from] ability: Frisk|[of] p2a: Dusclops\n|turn|3\n|\n|t:|1732107752\n|move|p1a: Samurott|Night Slash|p2a: Dusclops\n|-supereffective|p2a: Dusclops\n|-damage|p2a: Dusclops|54\/100\n|move|p1b: Corviknight|Brave Bird|p2b: Grimmsnarl\n|-crit|p2b: Grimmsnarl\n|-damage|p2b: Grimmsnarl|0 fnt\n|faint|p2b: Grimmsnarl\n|-damage|p1b: Corviknight|66\/100|[from] Recoil\n|move|p2a: Dusclops|Trick Room|p2a: Dusclops\n|-fieldstart|move: Trick Room|[of] p2a: Dusclops\n|\n|-end|p1b: Corviknight|move: Taunt\n|upkeep\n|\n|t:|1732107759\n|switch|p2b: Ursaluna|Ursaluna-Bloodmoon, L50, M|100\/100\n|turn|4\n|\n|t:|1732107779\n|move|p2b: Ursaluna|Protect|p2b: Ursaluna\n|-singleturn|p2b: Ursaluna|Protect\n|move|p2a: Dusclops|Will-O-Wisp|p1b: Corviknight\n|-status|p1b: Corviknight|brn\n|move|p1b: Corviknight|Roost|p1b: Corviknight\n|-heal|p1b: Corviknight|100\/100 brn\n|-singleturn|p1b: Corviknight|move: Roost\n|move|p1a: Samurott|Night Slash|p2a: Dusclops\n|-supereffective|p2a: Dusclops\n|-damage|p2a: Dusclops|13\/100\n|\n|-damage|p1b: Corviknight|94\/100 brn|[from] brn\n|upkeep\n|turn|5\n|\n|t:|1732107798\n|move|p2a: Dusclops|Helping Hand|p2b: Ursaluna\n|-singleturn|p2b: Ursaluna|Helping Hand|[of] p2a: Dusclops\n|move|p2b: Ursaluna|Hyper Voice|p1b: Corviknight|[spread] p1a,p1b\n|-resisted|p1b: Corviknight\n|-damage|p1a: Samurott|0 fnt\n|-damage|p1b: Corviknight|64\/100 brn\n|faint|p1a: Samurott\n|-enditem|p2b: Ursaluna|Throat Spray\n|-boost|p2b: Ursaluna|spa|1|[from] item: Throat Spray\n|move|p1b: Corviknight|Brave Bird|p2a: Dusclops\n|-damage|p2a: Dusclops|1\/100\n|-damage|p1b: Corviknight|61\/100 brn|[from] Recoil\n|\n|-damage|p1b: Corviknight|55\/100 brn|[from] brn\n|upkeep\n|\n|t:|1732107817\n|switch|p1a: Excadrill|Excadrill, L50, M|100\/100\n|turn|6\n|\n|t:|1732107830\n|move|p1a: Excadrill|Protect|p1a: Excadrill\n|-singleturn|p1a: Excadrill|Protect\n|move|p2a: Dusclops|Night Shade|p1b: Corviknight\n|-damage|p1b: Corviknight|29\/100 brn\n|-enditem|p1b: Corviknight|Sitrus Berry|[eat]\n|-heal|p1b: Corviknight|54\/100 brn|[from] item: Sitrus Berry\n|move|p2b: Ursaluna|Hyper Voice|p1b: Corviknight|[spread] p1b\n|-activate|p1a: Excadrill|move: Protect\n|-resisted|p1b: Corviknight\n|-damage|p1b: Corviknight|25\/100 brn\n|move|p1b: Corviknight|Brave Bird|p2a: Dusclops\n|-damage|p2a: Dusclops|0 fnt\n|faint|p2a: Dusclops\n|-damage|p1b: Corviknight|24\/100 brn|[from] Recoil\n|\n|-damage|p1b: Corviknight|18\/100 brn|[from] brn\n|upkeep\n|turn|7\n|\n|t:|1732107847\n|-terastallize|p2b: Ursaluna|Grass\n|move|p2b: Ursaluna|Hyper Voice|p1b: Corviknight|[spread] p1a,p1b\n|-resisted|p1a: Excadrill\n|-resisted|p1b: Corviknight\n|-damage|p1a: Excadrill|59\/100\n|-damage|p1b: Corviknight|0 fnt\n|faint|p1b: Corviknight\n|move|p1a: Excadrill|Earthquake|p2b: Ursaluna\n|-resisted|p2b: Ursaluna\n|-damage|p2b: Ursaluna|86\/100\n|\n|-fieldend|move: Trick Room\n|upkeep\n|j| VGCLTH skibidi\n|\n|t:|1732107857\n|switch|p1b: Tyranitar|Tyranitar, L50, F|100\/100\n|-status|p1b: Tyranitar|tox\n|-weather|Sandstorm|[from] ability: Sand Stream|[of] p1b: Tyranitar\n|turn|8\n|\n|t:|1732107875\n|-terastallize|p1b: Tyranitar|Flying\n|move|p1a: Excadrill|Iron Head|p2b: Ursaluna\n|-damage|p2b: Ursaluna|64\/100\n|move|p1b: Tyranitar|Tera Blast|p2b: Ursaluna|[anim] Tera Blast Flying\n|-supereffective|p2b: Ursaluna\n|-damage|p2b: Ursaluna|27\/100\n|move|p2b: Ursaluna|Earth Power|p1b: Tyranitar\n|-immune|p1b: Tyranitar\n|\n|-weather|Sandstorm|[upkeep]\n|-damage|p1b: Tyranitar|95\/100 tox|[from] Sandstorm\n|-damage|p2b: Ursaluna|21\/100|[from] Sandstorm\n|-damage|p1b: Tyranitar|89\/100 tox|[from] psn\n|upkeep\n|turn|9\n|-message|VGCLTH Rain forfeited.\n|\n|win|Marvin Heidegger\n|raw|Marvin Heidegger's rating: 1654 &rarr; <strong>1681<\/strong><br \/>(+27 for winning)\n|raw|VGCLTH Rain's rating: 1772 &rarr; <strong>1745<\/strong><br \/>(-27 for losing)\n|l|\u2606Marvin Heidegger\n|player|p1|\n|l| VGCLTH skibidi\n","uploadtime":1732108092,"views":14,"formatid":"gen9vgc2024regh","rating":1681,"private":0,"password":null}