{"id":"gen9vgc2024regh-2247129137","format":"[Gen 9] VGC 2024 Reg H","players":["VGCLTH mike","Amire"],"log":"|raw|<div class=\"broadcast-blue\"><strong>This battle is required to be public due to a player having a name starting with 'vgclth'.<\/div>\n|j|\u2606VGCLTH mike\n|j|\u2606Amire\n|t:|1732048561\n|gametype|doubles\n|player|p1|VGCLTH mike|irida|1702\n|player|p2|Amire|flint|1741\n|teamsize|p1|6\n|teamsize|p2|6\n|gen|9\n|tier|[Gen 9] VGC 2024 Reg H\n|rated|\n|rule|Species Clause: Limit one of each Pok\u00e9mon\n|rule|Item Clause: Limit 1 of each item\n|clearpoke\n|poke|p1|Tyranitar, L50, M|\n|poke|p1|Annihilape, L50, M|\n|poke|p1|Bronzong, L50|\n|poke|p1|Ursaluna-Bloodmoon, L50, M|\n|poke|p1|Whimsicott, L50, F|\n|poke|p1|Gastrodon-East, L50, M|\n|poke|p2|Gholdengo, L50|\n|poke|p2|Stonjourner, L50, F|\n|poke|p2|Talonflame, L50, M|\n|poke|p2|Ursaluna-Bloodmoon, L50, M|\n|poke|p2|Dragonite, L50, M|\n|poke|p2|Rillaboom, L50, F|\n|teampreview|4\n|inactive|Battle timer is ON: inactive players will automatically lose when time's up. (requested by VGCLTH mike)\n|\n|t:|1732048589\n|start\n|switch|p1a: Whimsicott|Whimsicott, L50, F, shiny|100\/100\n|switch|p1b: Tyranitar|Tyranitar, L50, M|100\/100\n|switch|p2a: Talonflame|Talonflame, L50, M|100\/100\n|switch|p2b: Stonjourner|Stonjourner, L50, F, shiny|100\/100\n|-weather|Sandstorm|[from] ability: Sand Stream|[of] p1b: Tyranitar\n|turn|1\n|\n|t:|1732048603\n|-terastallize|p1b: Tyranitar|Flying\n|move|p2a: Talonflame|Brave Bird|p1a: Whimsicott\n|-supereffective|p1a: Whimsicott\n|-damage|p1a: Whimsicott|0 fnt\n|faint|p1a: Whimsicott\n|-damage|p2a: Talonflame|65\/100|[from] Recoil\n|move|p2b: Stonjourner|Low Kick|p1b: Tyranitar\n|-resisted|p1b: Tyranitar\n|-damage|p1b: Tyranitar|81\/100\n|move|p1b: Tyranitar|Rock Slide|p2a: Talonflame|[spread] p2a,p2b\n|-supereffective|p2a: Talonflame\n|-damage|p2a: Talonflame|0 fnt\n|-damage|p2b: Stonjourner|76\/100\n|faint|p2a: Talonflame\n|\n|-weather|Sandstorm|[upkeep]\n|-damage|p1b: Tyranitar|75\/100|[from] Sandstorm\n|upkeep\n|\n|t:|1732048624\n|switch|p2a: Ursaluna|Ursaluna-Bloodmoon, L50, M|100\/100\n|switch|p1a: Annihilape|Annihilape, L50, M|100\/100\n|turn|2\n|\n|t:|1732048634\n|move|p1a: Annihilape|Drain Punch|p2a: Ursaluna\n|-supereffective|p2a: Ursaluna\n|-damage|p2a: Ursaluna|54\/100\n|move|p2b: Stonjourner|Rock Slide|p1a: Annihilape|[spread] p1a,p1b\n|-resisted|p1a: Annihilape\n|-supereffective|p1b: Tyranitar\n|-damage|p1a: Annihilape|84\/100\n|-damage|p1b: Tyranitar|20\/100\n|cant|p1b: Tyranitar|flinch\n|move|p2a: Ursaluna|Blood Moon|p1a: Annihilape\n|-damage|p1a: Annihilape|0 fnt\n|faint|p1a: Annihilape\n|\n|-weather|Sandstorm|[upkeep]\n|-damage|p1b: Tyranitar|14\/100|[from] Sandstorm\n|upkeep\n|\n|t:|1732048642\n|switch|p1a: Bronzong|Bronzong, L50|100\/100\n|turn|3\n|\n|t:|1732048663\n|move|p2b: Stonjourner|Rock Slide|p1a: Bronzong|[spread] p1a,p1b\n|-resisted|p1a: Bronzong\n|-supereffective|p1b: Tyranitar\n|-damage|p1a: Bronzong|89\/100\n|-damage|p1b: Tyranitar|0 fnt\n|faint|p1b: Tyranitar\n|move|p2a: Ursaluna|Hyper Voice|p1a: Bronzong\n|-resisted|p1a: Bronzong\n|-damage|p1a: Bronzong|63\/100\n|move|p1a: Bronzong|Trick Room|p1a: Bronzong\n|-fieldstart|move: Trick Room|[of] p1a: Bronzong\n|\n|-weather|Sandstorm|[upkeep]\n|-heal|p1a: Bronzong|69\/100|[from] item: Leftovers\n|upkeep\n|turn|4\n|\n|t:|1732048678\n|move|p1a: Bronzong|Iron Defense|p1a: Bronzong\n|-boost|p1a: Bronzong|def|2\n|move|p2a: Ursaluna|Blood Moon|p1a: Bronzong\n|-resisted|p1a: Bronzong\n|-damage|p1a: Bronzong|29\/100\n|move|p2b: Stonjourner|Low Kick|p1a: Bronzong\n|-damage|p1a: Bronzong|15\/100\n|\n|-weather|Sandstorm|[upkeep]\n|-heal|p1a: Bronzong|21\/100|[from] item: Leftovers\n|upkeep\n|turn|5\n|\n|t:|1732048694\n|-terastallize|p2b: Stonjourner|Ghost\n|move|p2a: Ursaluna|Vacuum Wave|p1a: Bronzong\n|-damage|p1a: Bronzong|3\/100\n|move|p1a: Bronzong|Body Press|p2a: Ursaluna\n|-supereffective|p2a: Ursaluna\n|-damage|p2a: Ursaluna|0 fnt\n|faint|p2a: Ursaluna\n|move|p2b: Stonjourner|Low Kick|p1a: Bronzong\n|-damage|p1a: Bronzong|0 fnt\n|faint|p1a: Bronzong\n|\n|win|Amire\n|raw|VGCLTH mike's rating: 1702 &rarr; <strong>1684<\/strong><br \/>(-18 for losing)\n|raw|Amire's rating: 1741 &rarr; <strong>1759<\/strong><br \/>(+18 for winning)\n|l|\u2606VGCLTH mike\n|player|p1|\n","uploadtime":1732048844,"views":15,"formatid":"gen9vgc2024regh","rating":1684,"private":0,"password":null}