{"id":"gen9vgc2024regh-2247289449","format":"[Gen 9] VGC 2024 Reg H","players":["daniiivgc","taku4986726"],"log":"|j|\u203ddaniiivgc\n|j|\u2606taku4986726\n|t:|1732066238\n|gametype|doubles\n|player|p1|daniiivgc|lucas|1696\n|player|p2|taku4986726|pokekid|1799\n|teamsize|p1|6\n|teamsize|p2|6\n|gen|9\n|tier|[Gen 9] VGC 2024 Reg H\n|rated|\n|rule|Species Clause: Limit one of each Pok\u00e9mon\n|rule|Item Clause: Limit 1 of each item\n|clearpoke\n|poke|p1|Kommo-o, L50, M|\n|poke|p1|Electabuzz, L50, F|\n|poke|p1|Dondozo, L50, M|\n|poke|p1|Sneasler, L50, M|\n|poke|p1|Rillaboom, L50, F|\n|poke|p1|Gholdengo, L50|\n|poke|p2|Annihilape, L50, M|\n|poke|p2|Whimsicott, L50, M|\n|poke|p2|Maushold-Four, L50|\n|poke|p2|Ursaluna-Bloodmoon, L50, M|\n|poke|p2|Sneasler, L50, F|\n|poke|p2|Indeedee, L50, M|\n|teampreview|4\n|j| thief17\n|inactive|Battle timer is ON: inactive players will automatically lose when time's up. (requested by daniiivgc)\n|j| jfro\n|inactive|taku4986726 has 60 seconds left.\n|\n|t:|1732066296\n|start\n|switch|p1a: Electabuzz|Electabuzz, L50, F|100\/100\n|switch|p1b: Kommo-o|Kommo-o, L50, M|100\/100\n|switch|p2a: Ursaluna|Ursaluna-Bloodmoon, L50, M|100\/100\n|switch|p2b: Maushold|Maushold-Four, L50|100\/100\n|turn|1\n|\n|t:|1732066320\n|-terastallize|p2a: Ursaluna|Normal\n|move|p1a: Electabuzz|Follow Me|p1a: Electabuzz\n|-singleturn|p1a: Electabuzz|move: Follow Me\n|move|p2b: Maushold|Population Bomb|p1a: Electabuzz\n|-damage|p1a: Electabuzz|92\/100\n|-damage|p1a: Electabuzz|83\/100\n|-damage|p1a: Electabuzz|74\/100\n|-damage|p1a: Electabuzz|65\/100\n|-damage|p1a: Electabuzz|57\/100\n|-crit|p1a: Electabuzz\n|-damage|p1a: Electabuzz|44\/100\n|-damage|p1a: Electabuzz|36\/100\n|-damage|p1a: Electabuzz|27\/100\n|-damage|p1a: Electabuzz|20\/100\n|-damage|p1a: Electabuzz|11\/100\n|-hitcount|p1a: Electabuzz|10\n|move|p1b: Kommo-o|Clangorous Soul|p1b: Kommo-o\n|-boost|p1b: Kommo-o|atk|1\n|-boost|p1b: Kommo-o|def|1\n|-boost|p1b: Kommo-o|spa|1\n|-boost|p1b: Kommo-o|spd|1\n|-boost|p1b: Kommo-o|spe|1\n|-damage|p1b: Kommo-o|68\/100\n|-enditem|p1b: Kommo-o|Throat Spray\n|-boost|p1b: Kommo-o|spa|1|[from] item: Throat Spray\n|move|p2a: Ursaluna|Hyper Voice|p1b: Kommo-o|[spread] p1a\n|-immune|p1b: Kommo-o|[from] ability: Soundproof\n|-damage|p1a: Electabuzz|0 fnt\n|faint|p1a: Electabuzz\n|\n|upkeep\n|inactive|daniiivgc has 30 seconds left.\n|\n|t:|1732066346\n|switch|p1a: Sneasler|Sneasler, L50, M|100\/100\n|turn|2\n|j| plplk\n|inactive|taku4986726 has 30 seconds left.\n|inactive|taku4986726 has 20 seconds left.\n|inactive|taku4986726 has 15 seconds left.\n|\n|t:|1732066391\n|move|p2b: Maushold|Protect|p2b: Maushold\n|-singleturn|p2b: Maushold|Protect\n|move|p1b: Kommo-o|Clanging Scales|p2a: Ursaluna|[spread] p2a\n|-activate|p2b: Maushold|move: Protect\n|-damage|p2a: Ursaluna|52\/100\n|-unboost|p1b: Kommo-o|def|1\n|move|p1a: Sneasler|Dire Claw|p2a: Ursaluna\n|-damage|p2a: Ursaluna|21\/100\n|move|p2a: Ursaluna|Blood Moon|p1a: Sneasler\n|-enditem|p1a: Sneasler|Focus Sash\n|-damage|p1a: Sneasler|1\/100\n|\n|upkeep\n|turn|3\n|\n|t:|1732066409\n|move|p2a: Ursaluna|Vacuum Wave|p1a: Sneasler\n|-resisted|p1a: Sneasler\n|-damage|p1a: Sneasler|0 fnt\n|faint|p1a: Sneasler\n|move|p1b: Kommo-o|Clanging Scales|p2a: Ursaluna|[spread] p2a,p2b\n|-damage|p2a: Ursaluna|0 fnt\n|-damage|p2b: Maushold|4\/100\n|faint|p2a: Ursaluna\n|-unboost|p1b: Kommo-o|def|1\n|move|p2b: Maushold|Population Bomb|p1b: Kommo-o\n|-damage|p1b: Kommo-o|54\/100\n|-crit|p1b: Kommo-o\n|-damage|p1b: Kommo-o|32\/100\n|-damage|p1b: Kommo-o|16\/100\n|-damage|p1b: Kommo-o|3\/100\n|-damage|p1b: Kommo-o|0 fnt\n|faint|p1b: Kommo-o\n|-hitcount|p1: Kommo-o|5\n|\n|upkeep\n|\n|t:|1732066418\n|switch|p1b: Rillaboom|Rillaboom, L50, F|100\/100\n|switch|p2a: Annihilape|Annihilape, L50, M|100\/100\n|-fieldstart|move: Grassy Terrain|[from] ability: Grassy Surge|[of] p1b: Rillaboom\n|turn|4\n|l| plplk\n|\n|t:|1732066426\n|move|p2b: Maushold|Protect|p2b: Maushold\n|-singleturn|p2b: Maushold|Protect\n|move|p1b: Rillaboom|Grassy Glide|p2b: Maushold\n|-activate|p2b: Maushold|move: Protect\n|move|p2a: Annihilape|U-turn|p1b: Rillaboom\n|-supereffective|p1b: Rillaboom\n|-damage|p1b: Rillaboom|57\/100\n|\n|t:|1732066431\n|switch|p2a: Indeedee|Indeedee, L50, M|100\/100|[from] U-turn\n|-fieldstart|move: Psychic Terrain|[from] ability: Psychic Surge|[of] p2a: Indeedee\n|\n|upkeep\n|turn|5\n|\n|t:|1732066436\n|move|p2a: Indeedee|Expanding Force|p1b: Rillaboom\n|-damage|p1b: Rillaboom|5\/100\n|move|p2b: Maushold|Population Bomb|p1b: Rillaboom\n|-damage|p1b: Rillaboom|0 fnt\n|faint|p1b: Rillaboom\n|-hitcount|p1: Rillaboom|1\n|\n|win|taku4986726\n|raw|daniiivgc's rating: 1696 &rarr; <strong>1682<\/strong><br \/>(-14 for losing)\n|raw|taku4986726's rating: 1799 &rarr; <strong>1813<\/strong><br \/>(+14 for winning)\n|l|\u203ddaniiivgc\n|player|p1|\n|l|\u2606taku4986726\n|player|p2|\n|l| jfro\n|l| thief17\n","uploadtime":1732066687,"views":14,"formatid":"gen9vgc2024regh","rating":1682,"private":0,"password":null}