{"id":"gen9vgc2024regh-2247015038","format":"[Gen 9] VGC 2024 Reg H","players":["bubblesburst","googer315"],"log":"|j|\u2606bubblesburst\n|j|\u2606googer315\n|t:|1732038078\n|gametype|doubles\n|player|p1|bubblesburst|102|1710\n|player|p2|googer315|102|1730\n|teamsize|p1|6\n|teamsize|p2|6\n|gen|9\n|tier|[Gen 9] VGC 2024 Reg H\n|rated|\n|rule|Species Clause: Limit one of each Pok\u00e9mon\n|rule|Item Clause: Limit 1 of each item\n|clearpoke\n|poke|p1|Gholdengo, L50|\n|poke|p1|Sneasler, L50, F|\n|poke|p1|Rillaboom, L50, F|\n|poke|p1|Kingambit, L50, M|\n|poke|p1|Incineroar, L50, F|\n|poke|p1|Dragonite, L50, F|\n|poke|p2|Tyranitar, L50, F|\n|poke|p2|Amoonguss, L50, F|\n|poke|p2|Incineroar, L50, M|\n|poke|p2|Gholdengo, L50|\n|poke|p2|Porygon2, L50|\n|poke|p2|Ursaluna, L50, M|\n|teampreview|4\n|inactive|Battle timer is ON: inactive players will automatically lose when time's up. (requested by googer315)\n|inactive|googer315 has 60 seconds left.\n|inactive|bubblesburst has 60 seconds left.\n|\n|t:|1732038143\n|start\n|switch|p1a: Gholdengo|Gholdengo, L50|100\/100\n|switch|p1b: Sneasler|Sneasler, L50, F|100\/100\n|switch|p2a: Amoonguss|Amoonguss, L50, F|100\/100\n|switch|p2b: Gholdengo|Gholdengo, L50|100\/100\n|turn|1\n|\n|t:|1732038159\n|switch|p1b: Rillaboom|Rillaboom, L50, F|100\/100\n|-fieldstart|move: Grassy Terrain|[from] ability: Grassy Surge|[of] p1b: Rillaboom\n|-terastallize|p1a: Gholdengo|Steel\n|move|p2a: Amoonguss|Rage Powder|p2a: Amoonguss\n|-singleturn|p2a: Amoonguss|move: Rage Powder\n|move|p2b: Gholdengo|Nasty Plot|p2b: Gholdengo\n|-boost|p2b: Gholdengo|spa|2\n|move|p1a: Gholdengo|Shadow Ball|p2a: Amoonguss\n|-damage|p2a: Amoonguss|34\/100\n|-enditem|p2a: Amoonguss|Sitrus Berry|[eat]\n|-heal|p2a: Amoonguss|59\/100|[from] item: Sitrus Berry\n|\n|-heal|p2a: Amoonguss|65\/100|[from] Grassy Terrain\n|upkeep\n|turn|2\n|inactive|googer315 has 30 seconds left.\n|\n|t:|1732038190\n|switch|p2a: Porygon2|Porygon2, L50|100\/100\n|-ability|p2a: Porygon2|Download|boost\n|-boost|p2a: Porygon2|spa|1\n|move|p1b: Rillaboom|Fake Out|p2a: Porygon2\n|-damage|p2a: Porygon2|91\/100\n|move|p2b: Gholdengo|Shadow Ball|p1a: Gholdengo\n|-damage|p1a: Gholdengo|2\/100\n|move|p1a: Gholdengo|Shadow Ball|p2b: Gholdengo\n|-supereffective|p2b: Gholdengo\n|-damage|p2b: Gholdengo|0 fnt\n|faint|p2b: Gholdengo\n|\n|-heal|p1a: Gholdengo|8\/100|[from] Grassy Terrain\n|-heal|p2a: Porygon2|97\/100|[from] Grassy Terrain\n|upkeep\n|\n|t:|1732038204\n|switch|p2b: Amoonguss|Amoonguss, L50, F|98\/100\n|turn|3\n|\n|t:|1732038218\n|move|p1a: Gholdengo|Shadow Ball|p2b: Amoonguss\n|-damage|p2b: Amoonguss|37\/100\n|move|p1b: Rillaboom|Wood Hammer|p2a: Porygon2\n|-damage|p2a: Porygon2|46\/100\n|-damage|p1b: Rillaboom|85\/100|[from] Recoil\n|move|p2b: Amoonguss|Pollen Puff|p2a: Porygon2\n|-heal|p2a: Porygon2|96\/100\n|move|p2a: Porygon2|Trick Room|p2a: Porygon2\n|-fieldstart|move: Trick Room|[of] p2a: Porygon2\n|\n|-heal|p2b: Amoonguss|43\/100|[from] Grassy Terrain\n|-heal|p2a: Porygon2|100\/100|[from] Grassy Terrain\n|-heal|p1b: Rillaboom|90\/100|[from] Grassy Terrain\n|-heal|p1a: Gholdengo|15\/100|[from] Grassy Terrain\n|upkeep\n|turn|4\n|\n|t:|1732038238\n|switch|p2b: Ursaluna|Ursaluna, L50, M|100\/100\n|move|p2a: Porygon2|Tera Blast|p1a: Gholdengo\n|-resisted|p1a: Gholdengo\n|-damage|p1a: Gholdengo|0 fnt\n|faint|p1a: Gholdengo\n|move|p1b: Rillaboom|Wood Hammer|p2a: Porygon2\n|-crit|p2a: Porygon2\n|-damage|p2a: Porygon2|19\/100\n|-damage|p1b: Rillaboom|65\/100|[from] Recoil\n|\n|-heal|p2a: Porygon2|25\/100|[from] Grassy Terrain\n|-heal|p1b: Rillaboom|71\/100|[from] Grassy Terrain\n|-status|p2b: Ursaluna|brn|[from] item: Flame Orb\n|upkeep\n|\n|t:|1732038255\n|switch|p1a: Sneasler|Sneasler, L50, F|100\/100\n|turn|5\n|j| oherrodersir\n|\n|t:|1732038271\n|switch|p2a: Amoonguss|Amoonguss, L50, F|76\/100\n|-terastallize|p2b: Ursaluna|Ghost\n|move|p1b: Rillaboom|Grassy Glide|p2a: Amoonguss\n|-resisted|p2a: Amoonguss\n|-damage|p2a: Amoonguss|69\/100\n|move|p2b: Ursaluna|Facade|p1b: Rillaboom\n|-damage|p1b: Rillaboom|0 fnt\n|faint|p1b: Rillaboom\n|move|p1a: Sneasler|Close Combat|p2b: Ursaluna\n|-immune|p2b: Ursaluna\n|\n|-heal|p2a: Amoonguss|74\/100|[from] Grassy Terrain\n|-damage|p2b: Ursaluna|95\/100 brn|[from] brn\n|-fieldend|move: Grassy Terrain\n|upkeep\n|\n|t:|1732038286\n|switch|p1b: Kingambit|Kingambit, L50, M|100\/100\n|turn|6\n|\n|t:|1732038305\n|switch|p2b: Porygon2|Porygon2, L50|25\/100\n|-ability|p2b: Porygon2|Download|boost\n|-boost|p2b: Porygon2|spa|1\n|move|p1b: Kingambit|Protect|p1b: Kingambit\n|-singleturn|p1b: Kingambit|Protect\n|move|p2a: Amoonguss|Spore|p1b: Kingambit\n|-activate|p1b: Kingambit|move: Protect\n|move|p1a: Sneasler|Dire Claw|p2a: Amoonguss\n|-damage|p2a: Amoonguss|40\/100\n|\n|upkeep\n|turn|7\n|\n|t:|1732038329\n|move|p1b: Kingambit|Protect||[still]\n|-fail|p1b: Kingambit\n|move|p1a: Sneasler|Protect|p1a: Sneasler\n|-singleturn|p1a: Sneasler|Protect\n|move|p2a: Amoonguss|Spore|p1b: Kingambit\n|-status|p1b: Kingambit|slp|[from] move: Spore\n|move|p2b: Porygon2|Recover|p2b: Porygon2\n|-heal|p2b: Porygon2|75\/100\n|\n|-fieldend|move: Trick Room\n|upkeep\n|turn|8\n|inactive|bubblesburst has 30 seconds left.\n|\n|t:|1732038363\n|move|p1a: Sneasler|Close Combat|p2b: Porygon2\n|-supereffective|p2b: Porygon2\n|-damage|p2b: Porygon2|0 fnt\n|-unboost|p1a: Sneasler|def|1\n|-unboost|p1a: Sneasler|spd|1\n|faint|p2b: Porygon2\n|cant|p1b: Kingambit|slp\n|move|p2a: Amoonguss|Spore|p1a: Sneasler\n|-status|p1a: Sneasler|slp|[from] move: Spore\n|\n|upkeep\n|\n|t:|1732038373\n|switch|p2b: Ursaluna|Ursaluna, L50, M, tera:Ghost|95\/100 brn\n|turn|9\n|\n|t:|1732038384\n|cant|p1a: Sneasler|slp\n|cant|p1b: Kingambit|slp\n|move|p2a: Amoonguss|Rage Powder|p2a: Amoonguss\n|-singleturn|p2a: Amoonguss|move: Rage Powder\n|move|p2b: Ursaluna|Earthquake|p1a: Sneasler|[spread] p2a,p1a,p1b\n|-supereffective|p1a: Sneasler\n|-supereffective|p1b: Kingambit\n|-damage|p2a: Amoonguss|0 fnt\n|-enditem|p1a: Sneasler|Focus Sash\n|-damage|p1a: Sneasler|1\/100 slp\n|-damage|p1b: Kingambit|0 fnt\n|faint|p2a: Amoonguss\n|faint|p1b: Kingambit\n|\n|-damage|p2b: Ursaluna|89\/100 brn|[from] brn\n|upkeep\n|turn|10\n|\n|t:|1732038406\n|-curestatus|p1a: Sneasler|slp|[msg]\n|move|p1a: Sneasler|Protect|p1a: Sneasler\n|-singleturn|p1a: Sneasler|Protect\n|move|p2b: Ursaluna|Earthquake|p1a: Sneasler\n|-activate|p1a: Sneasler|move: Protect\n|\n|-damage|p2b: Ursaluna|83\/100 brn|[from] brn\n|upkeep\n|turn|11\n|inactive|bubblesburst has 30 seconds left.\n|\n|t:|1732038438\n|move|p1a: Sneasler|Dire Claw|p2b: Ursaluna\n|-resisted|p2b: Ursaluna\n|-damage|p2b: Ursaluna|67\/100 brn\n|move|p2b: Ursaluna|Facade|p1a: Sneasler\n|-damage|p1a: Sneasler|0 fnt\n|faint|p1a: Sneasler\n|\n|win|googer315\n|raw|bubblesburst's rating: 1710 &rarr; <strong>1691<\/strong><br \/>(-19 for losing)\n|raw|googer315's rating: 1730 &rarr; <strong>1749<\/strong><br \/>(+19 for winning)\n|l|\u2606googer315\n|player|p2|\n","uploadtime":1732038592,"views":14,"formatid":"gen9vgc2024regh","rating":1691,"private":0,"password":null}