{"id":"gen9vgc2024regh-2247838948","format":"[Gen 9] VGC 2024 Reg H","players":["Proffesor_karrot","CarryTheBoats"],"log":"|j|\u2606Proffesor_karrot\n|j|\u2606CarryTheBoats\n|t:|1732136671\n|gametype|doubles\n|player|p1|Proffesor_karrot|lady|1725\n|player|p2|CarryTheBoats|crasherwake|1828\n|teamsize|p1|6\n|teamsize|p2|6\n|gen|9\n|tier|[Gen 9] VGC 2024 Reg H\n|rated|\n|rule|Species Clause: Limit one of each Pok\u00e9mon\n|rule|Item Clause: Limit 1 of each item\n|clearpoke\n|poke|p1|Incineroar, L50, F|\n|poke|p1|Rillaboom, L50, F|\n|poke|p1|Chesnaught, L50, F|\n|poke|p1|Volcarona, L50, M|\n|poke|p1|Primarina, L50, F|\n|poke|p1|Dragonite, L50, F|\n|poke|p2|Dragonite, L50, F|\n|poke|p2|Sneasler, L50, M|\n|poke|p2|Indeedee, L50, M|\n|poke|p2|Electabuzz, L50, F|\n|poke|p2|Ursaluna-Bloodmoon, L50, M|\n|poke|p2|Talonflame, L50, M|\n|teampreview|4\n|inactive|Battle timer is ON: inactive players will automatically lose when time's up. (requested by Proffesor_karrot)\n|inactive|CarryTheBoats has 60 seconds left.\n|\n|t:|1732136702\n|start\n|switch|p1a: Dragonite|Dragonite, L50, F|100\/100\n|switch|p1b: Volcarona|Volcarona, L50, M|100\/100\n|switch|p2a: Sneasler|Sneasler, L50, M|100\/100\n|switch|p2b: Dragonite|Dragonite, L50, F, shiny|100\/100\n|turn|1\n|\n|t:|1732136730\n|move|p1b: Volcarona|Rage Powder|p1b: Volcarona\n|-singleturn|p1b: Volcarona|move: Rage Powder\n|move|p2a: Sneasler|Dire Claw|p1b: Volcarona\n|-damage|p1b: Volcarona|61\/100\n|move|p2b: Dragonite|Scale Shot|p1b: Volcarona\n|-damage|p1b: Volcarona|48\/100\n|-damage|p1b: Volcarona|37\/100\n|-damage|p1b: Volcarona|24\/100\n|-damage|p1b: Volcarona|13\/100\n|-damage|p1b: Volcarona|0 fnt\n|faint|p1b: Volcarona\n|-hitcount|p1: Volcarona|5\n|-unboost|p2b: Dragonite|def|1\n|-boost|p2b: Dragonite|spe|1\n|move|p1a: Dragonite|Scale Shot|p2b: Dragonite\n|-supereffective|p2b: Dragonite\n|-damage|p2b: Dragonite|77\/100\n|-supereffective|p2b: Dragonite\n|-damage|p2b: Dragonite|30\/100\n|-supereffective|p2b: Dragonite\n|-damage|p2b: Dragonite|0 fnt\n|faint|p2b: Dragonite\n|-hitcount|p2: Dragonite|3\n|-unboost|p1a: Dragonite|def|1\n|-boost|p1a: Dragonite|spe|1\n|\n|upkeep\n|inactive|Proffesor_karrot has 30 seconds left.\n|j| BionicFox\n|inactive|Proffesor_karrot has 20 seconds left.\n|\n|t:|1732136766\n|switch|p2b: Talonflame|Talonflame, L50, M|100\/100\n|switch|p1b: Primarina|Primarina, L50, F, shiny|100\/100\n|turn|2\n|\n|t:|1732136777\n|-terastallize|p1b: Primarina|Poison\n|move|p2a: Sneasler|Protect|p2a: Sneasler\n|-singleturn|p2a: Sneasler|Protect\n|move|p2b: Talonflame|Dual Wingbeat|p1a: Dragonite\n|-damage|p1a: Dragonite|75\/100\n|-damage|p1a: Dragonite|51\/100\n|-hitcount|p1a: Dragonite|2\n|move|p1a: Dragonite|Scale Shot|p2a: Sneasler\n|-activate|p2a: Sneasler|move: Protect\n|move|p1b: Primarina|Hyper Voice|p2a: Sneasler|[spread] p2b\n|-activate|p2a: Sneasler|move: Protect\n|-supereffective|p2b: Talonflame\n|-damage|p2b: Talonflame|0 fnt\n|faint|p2b: Talonflame\n|\n|upkeep\n|\n|t:|1732136785\n|switch|p2b: Indeedee|Indeedee, L50, M|100\/100\n|-fieldstart|move: Psychic Terrain|[from] ability: Psychic Surge|[of] p2b: Indeedee\n|-enditem|p2a: Sneasler|Psychic Seed\n|-boost|p2a: Sneasler|spd|1|[from] item: Psychic Seed\n|turn|3\n|inactive|Proffesor_karrot has 30 seconds left.\n|inactive|CarryTheBoats has 30 seconds left.\n|\n|t:|1732136823\n|switch|p1b: Rillaboom|Rillaboom, L50, F, shiny|100\/100\n|-fieldstart|move: Grassy Terrain|[from] ability: Grassy Surge|[of] p1b: Rillaboom\n|move|p1a: Dragonite|Protect|p1a: Dragonite\n|-singleturn|p1a: Dragonite|Protect\n|move|p2a: Sneasler|Dire Claw|p1a: Dragonite\n|-activate|p1a: Dragonite|move: Protect\n|move|p2b: Indeedee|Expanding Force|p1b: Rillaboom\n|-damage|p1b: Rillaboom|72\/100\n|\n|-heal|p1b: Rillaboom|78\/100|[from] Grassy Terrain\n|upkeep\n|turn|4\n|\n|t:|1732136849\n|-terastallize|p2b: Indeedee|Psychic\n|move|p1b: Rillaboom|Fake Out|p2a: Sneasler\n|-damage|p2a: Sneasler|77\/100\n|cant|p2a: Sneasler|flinch\n|move|p1a: Dragonite|Scale Shot|p2a: Sneasler\n|-damage|p2a: Sneasler|56\/100\n|-damage|p2a: Sneasler|32\/100\n|-damage|p2a: Sneasler|9\/100\n|-damage|p2a: Sneasler|0 fnt\n|faint|p2a: Sneasler\n|-hitcount|p2: Sneasler|4\n|-unboost|p1a: Dragonite|def|1\n|-boost|p1a: Dragonite|spe|1\n|move|p2b: Indeedee|Expanding Force|p1b: Rillaboom\n|-damage|p1b: Rillaboom|40\/100\n|\n|-heal|p1b: Rillaboom|46\/100|[from] Grassy Terrain\n|upkeep\n|turn|5\n|-message|CarryTheBoats forfeited.\n|\n|win|Proffesor_karrot\n|raw|Proffesor_karrot's rating: 1725 &rarr; <strong>1751<\/strong><br \/>(+26 for winning)\n|raw|CarryTheBoats's rating: 1828 &rarr; <strong>1802<\/strong><br \/>(-26 for losing)\n|l|\u2606CarryTheBoats\n|player|p2|\n|l| BionicFox\n|l|\u2606Proffesor_karrot\n|player|p1|\n","uploadtime":1732137125,"views":14,"formatid":"gen9vgc2024regh","rating":1751,"private":0,"password":null}