{"id":"gen9vgc2024regh-2247424202","format":"[Gen 9] VGC 2024 Reg H","players":["bmmjVGC","winterbreak"],"log":"|j|\u2606bmmjVGC\n|j|\u2606winterbreak\n|t:|1732086457\n|gametype|doubles\n|player|p1|bmmjVGC|caitlin|1768\n|player|p2|winterbreak|lucas-gen4pt|1909\n|teamsize|p1|6\n|teamsize|p2|6\n|gen|9\n|tier|[Gen 9] VGC 2024 Reg H\n|rated|\n|rule|Species Clause: Limit one of each Pok\u00e9mon\n|rule|Item Clause: Limit 1 of each item\n|clearpoke\n|poke|p1|Baxcalibur, L50, F|\n|poke|p1|Rillaboom, L50, M|\n|poke|p1|Dondozo, L50, F|\n|poke|p1|Volcarona, L50, F|\n|poke|p1|Kingambit, L50, F|\n|poke|p1|Annihilape, L50, M|\n|poke|p2|Pelipper, L50, M|\n|poke|p2|Archaludon, L50, F|\n|poke|p2|Incineroar, L50, F|\n|poke|p2|Ursaluna-Bloodmoon, L50, M|\n|poke|p2|Annihilape, L50, F|\n|poke|p2|Gholdengo, L50|\n|teampreview|4\n|inactive|Battle timer is ON: inactive players will automatically lose when time's up. (requested by bmmjVGC)\n|inactive|winterbreak has 60 seconds left.\n|inactive|winterbreak has 30 seconds left.\n|inactive|winterbreak has 20 seconds left.\n|inactive|winterbreak has 15 seconds left.\n|inactive|winterbreak has 10 seconds left.\n|inactive|winterbreak has 5 seconds left.\n|\n|t:|1732086544\n|start\n|switch|p1a: Annihilape|Annihilape, L50, M, shiny|100\/100\n|switch|p1b: Kingambit|Kingambit, L50, F, shiny|100\/100\n|switch|p2a: Pelipper|Pelipper, L50, M|100\/100\n|switch|p2b: Archaludon|Archaludon, L50, F|100\/100\n|-weather|RainDance|[from] ability: Drizzle|[of] p2a: Pelipper\n|turn|1\n|inactive|bmmjVGC has 30 seconds left.\n|\n|t:|1732086578\n|-terastallize|p1b: Kingambit|Dark\n|move|p2a: Pelipper|Hurricane|p1a: Annihilape\n|-supereffective|p1a: Annihilape\n|-damage|p1a: Annihilape|4\/100\n|move|p1a: Annihilape|Coaching|p1b: Kingambit\n|-boost|p1b: Kingambit|atk|1\n|-boost|p1b: Kingambit|def|1\n|move|p2b: Archaludon|Electro Shot||[still]\n|-prepare|p2b: Archaludon|Electro Shot\n|-boost|p2b: Archaludon|spa|1\n|-anim|p2b: Archaludon|Electro Shot|p1a: Annihilape\n|-damage|p1a: Annihilape|0 fnt\n|faint|p1a: Annihilape\n|move|p1b: Kingambit|Kowtow Cleave|p2a: Pelipper\n|-damage|p2a: Pelipper|0 fnt\n|faint|p2a: Pelipper\n|\n|-weather|RainDance|[upkeep]\n|upkeep\n|\n|t:|1732086600\n|switch|p1a: Rillaboom|Rillaboom, L50, M, shiny|100\/100\n|switch|p2a: Ursaluna|Ursaluna-Bloodmoon, L50, M|100\/100\n|-fieldstart|move: Grassy Terrain|[from] ability: Grassy Surge|[of] p1a: Rillaboom\n|turn|2\n|inactive|winterbreak has 30 seconds left.\n|\n|t:|1732086625\n|move|p1a: Rillaboom|Fake Out|p2b: Archaludon\n|-resisted|p2b: Archaludon\n|-damage|p2b: Archaludon|95\/100\n|-ability|p2b: Archaludon|Stamina|boost\n|-boost|p2b: Archaludon|def|1\n|cant|p2b: Archaludon|flinch\n|move|p2a: Ursaluna|Blood Moon|p1b: Kingambit\n|-damage|p1b: Kingambit|16\/100\n|move|p1b: Kingambit|Kowtow Cleave|p2a: Ursaluna\n|-enditem|p2a: Ursaluna|Focus Sash\n|-damage|p2a: Ursaluna|1\/100\n|\n|-weather|RainDance|[upkeep]\n|-heal|p2b: Archaludon|100\/100|[from] Grassy Terrain\n|-heal|p2a: Ursaluna|7\/100|[from] Grassy Terrain\n|-heal|p1b: Kingambit|22\/100|[from] Grassy Terrain\n|upkeep\n|turn|3\n|inactive|winterbreak has 30 seconds left.\n|\n|t:|1732086652\n|move|p1b: Kingambit|Protect|p1b: Kingambit\n|-singleturn|p1b: Kingambit|Protect\n|move|p1a: Rillaboom|Grassy Glide|p2a: Ursaluna\n|-supereffective|p2a: Ursaluna\n|-damage|p2a: Ursaluna|0 fnt\n|faint|p2a: Ursaluna\n|move|p2b: Archaludon|Electro Shot||[still]\n|-prepare|p2b: Archaludon|Electro Shot\n|-boost|p2b: Archaludon|spa|1\n|-anim|p2b: Archaludon|Electro Shot|p1b: Kingambit\n|-activate|p1b: Kingambit|move: Protect\n|\n|-weather|RainDance|[upkeep]\n|-heal|p1b: Kingambit|28\/100|[from] Grassy Terrain\n|upkeep\n|\n|t:|1732086654\n|switch|p2a: Incineroar|Incineroar, L50, F|100\/100\n|-ability|p2a: Incineroar|Intimidate|boost\n|-unboost|p1a: Rillaboom|atk|1\n|-unboost|p1b: Kingambit|atk|1\n|-ability|p1b: Kingambit|Defiant|boost\n|-boost|p1b: Kingambit|atk|2\n|turn|4\n|inactive|bmmjVGC has 30 seconds left.\n|\n|t:|1732086686\n|switch|p1a: Dondozo|Dondozo, L50, F, shiny|100\/100\n|move|p1b: Kingambit|Protect||[still]\n|-fail|p1b: Kingambit\n|move|p2a: Incineroar|Fake Out|p1b: Kingambit\n|-damage|p1b: Kingambit|23\/100\n|move|p2b: Archaludon|Electro Shot||[still]\n|-prepare|p2b: Archaludon|Electro Shot\n|-boost|p2b: Archaludon|spa|1\n|-anim|p2b: Archaludon|Electro Shot|p1b: Kingambit\n|-damage|p1b: Kingambit|0 fnt\n|faint|p1b: Kingambit\n|\n|-weather|RainDance|[upkeep]\n|upkeep\n|\n|t:|1732086701\n|switch|p1b: Rillaboom|Rillaboom, L50, M, shiny|100\/100\n|turn|5\n|\n|t:|1732086721\n|move|p1b: Rillaboom|Fake Out|p2b: Archaludon\n|-resisted|p2b: Archaludon\n|-damage|p2b: Archaludon|97\/100\n|-ability|p2b: Archaludon|Stamina|boost\n|-boost|p2b: Archaludon|def|1\n|cant|p2b: Archaludon|flinch\n|move|p2a: Incineroar|Knock Off|p1a: Dondozo\n|-damage|p1a: Dondozo|79\/100\n|-enditem|p1a: Dondozo|Leftovers|[from] move: Knock Off|[of] p2a: Incineroar\n|move|p1a: Dondozo|Yawn|p2b: Archaludon\n|-start|p2b: Archaludon|move: Yawn|[of] p1a: Dondozo\n|\n|-weather|none\n|-heal|p2b: Archaludon|100\/100|[from] Grassy Terrain\n|-heal|p1a: Dondozo|86\/100|[from] Grassy Terrain\n|upkeep\n|turn|6\n|inactive|winterbreak has 30 seconds left.\n|inactive|winterbreak has 20 seconds left.\n|inactive|winterbreak has 15 seconds left.\n|inactive|winterbreak has 10 seconds left.\n|\n|t:|1732086768\n|-terastallize|p2a: Incineroar|Fairy\n|move|p2b: Archaludon|Flash Cannon|p1b: Rillaboom\n|-damage|p1b: Rillaboom|38\/100\n|move|p1b: Rillaboom|High Horsepower|p2a: Incineroar\n|-damage|p2a: Incineroar|73\/100\n|-damage|p1b: Rillaboom|21\/100|[from] item: Rocky Helmet|[of] p2a: Incineroar\n|move|p2a: Incineroar|Flare Blitz|p1b: Rillaboom\n|-supereffective|p1b: Rillaboom\n|-damage|p1b: Rillaboom|0 fnt\n|faint|p1b: Rillaboom\n|-damage|p2a: Incineroar|66\/100|[from] Recoil\n|move|p1a: Dondozo|Wave Crash|p2a: Incineroar\n|-damage|p2a: Incineroar|31\/100\n|-damage|p1a: Dondozo|69\/100|[from] item: Rocky Helmet|[of] p2a: Incineroar\n|-damage|p1a: Dondozo|60\/100|[from] Recoil\n|\n|-heal|p2a: Incineroar|37\/100|[from] Grassy Terrain\n|-heal|p1a: Dondozo|66\/100|[from] Grassy Terrain\n|-end|p2b: Archaludon|move: Yawn|[silent]\n|-status|p2b: Archaludon|slp\n|-fieldend|move: Grassy Terrain\n|upkeep\n|turn|7\n|\n|t:|1732086792\n|cant|p2b: Archaludon|slp\n|move|p2a: Incineroar|Knock Off|p1a: Dondozo\n|-damage|p1a: Dondozo|51\/100\n|move|p1a: Dondozo|Wave Crash|p2a: Incineroar\n|-damage|p2a: Incineroar|0 fnt\n|-damage|p1a: Dondozo|34\/100|[from] item: Rocky Helmet|[of] p2a: Incineroar\n|faint|p2a: Incineroar\n|-damage|p1a: Dondozo|25\/100|[from] Recoil\n|\n|upkeep\n|turn|8\n|\n|t:|1732086804\n|cant|p2b: Archaludon|slp\n|move|p1a: Dondozo|Fissure|p2b: Archaludon|[miss]\n|-miss|p1a: Dondozo|p2b: Archaludon\n|\n|upkeep\n|turn|9\n|\n|t:|1732086812\n|-curestatus|p2b: Archaludon|slp|[msg]\n|move|p2b: Archaludon|Flash Cannon|p1a: Dondozo\n|-resisted|p1a: Dondozo\n|-damage|p1a: Dondozo|10\/100\n|move|p1a: Dondozo|Yawn|p2b: Archaludon\n|-start|p2b: Archaludon|move: Yawn|[of] p1a: Dondozo\n|\n|upkeep\n|turn|10\n|\n|t:|1732086821\n|move|p1a: Dondozo|Protect|p1a: Dondozo\n|-singleturn|p1a: Dondozo|Protect\n|move|p2b: Archaludon|Flash Cannon|p1a: Dondozo\n|-activate|p1a: Dondozo|move: Protect\n|\n|-end|p2b: Archaludon|move: Yawn|[silent]\n|-status|p2b: Archaludon|slp\n|upkeep\n|turn|11\n|\n|t:|1732086829\n|cant|p2b: Archaludon|slp\n|move|p1a: Dondozo|Fissure|p2b: Archaludon|[miss]\n|-miss|p1a: Dondozo|p2b: Archaludon\n|\n|upkeep\n|turn|12\n|\n|t:|1732086835\n|cant|p2b: Archaludon|slp\n|move|p1a: Dondozo|Fissure|p2b: Archaludon|[miss]\n|-miss|p1a: Dondozo|p2b: Archaludon\n|\n|upkeep\n|turn|13\n|\n|t:|1732086841\n|cant|p2b: Archaludon|slp\n|move|p1a: Dondozo|Fissure|p2b: Archaludon|[miss]\n|-miss|p1a: Dondozo|p2b: Archaludon\n|\n|upkeep\n|turn|14\n|c|\u2606winterbreak|gg\n|\n|t:|1732086850\n|-curestatus|p2b: Archaludon|slp|[msg]\n|move|p2b: Archaludon|Flash Cannon|p1a: Dondozo\n|-resisted|p1a: Dondozo\n|-damage|p1a: Dondozo|0 fnt\n|faint|p1a: Dondozo\n|\n|win|winterbreak\n|raw|bmmjVGC's rating: 1768 &rarr; <strong>1756<\/strong><br \/>(-12 for losing)\n|raw|winterbreak's rating: 1909 &rarr; <strong>1921<\/strong><br \/>(+12 for winning)\n|l|\u2606bmmjVGC\n|player|p1|\n|l|\u2606winterbreak\n|player|p2|\n","uploadtime":1732086998,"views":63,"formatid":"gen9vgc2024regh","rating":1756,"private":0,"password":null}