{"id":"gen9vgc2024regh-2247910107","format":"[Gen 9] VGC 2024 Reg H","players":["tiandimain","VGCLTH Thacrow"],"log":"|raw|<div class=\"broadcast-blue\"><strong>This battle is required to be public due to a player having a name starting with 'vgclth'.<\/div>\n|j|\u2606tiandimain\n|j|\u2606VGCLTH Thacrow\n|t:|1732144347\n|gametype|doubles\n|player|p1|tiandimain|hiker-gen4|1769\n|player|p2|VGCLTH Thacrow|wallace-masters|1824\n|teamsize|p1|6\n|teamsize|p2|6\n|gen|9\n|tier|[Gen 9] VGC 2024 Reg H\n|rated|\n|rule|Species Clause: Limit one of each Pok\u00e9mon\n|rule|Item Clause: Limit 1 of each item\n|clearpoke\n|poke|p1|Electabuzz, L50, F|\n|poke|p1|Rillaboom, L50, M|\n|poke|p1|Dragonite, L50, F|\n|poke|p1|Annihilape, L50, M|\n|poke|p1|Incineroar, L50, M|\n|poke|p1|Gholdengo, L50|\n|poke|p2|Ceruledge, L50, M|\n|poke|p2|Gastrodon-East, L50, M|\n|poke|p2|Sneasler, L50, F|\n|poke|p2|Dragonite, L50, M|\n|poke|p2|Rillaboom, L50, F|\n|poke|p2|Kingambit, L50, M|\n|teampreview|4\nVGCLTH Thacrow has agreed to open team sheets.\ntiandimain has agreed to open team sheets.\n|\n|t:|1732144407\n|start\n|switch|p1a: Annihilape|Annihilape, L50, M|100\/100\n|switch|p1b: Dragonite|Dragonite, L50, F|100\/100\n|switch|p2a: Kidturtle|Sneasler, L50, F, shiny|100\/100\n|switch|p2b: Godlyreal|Kingambit, L50, M|100\/100\n|turn|1\n|\n|t:|1732144423\n|-terastallize|p2b: Godlyreal|Flying\n|move|p2a: Kidturtle|Fake Out|p1b: Dragonite\n|-damage|p1b: Dragonite|92\/100\n|move|p1a: Annihilape|Coaching|p1b: Dragonite\n|-boost|p1b: Dragonite|atk|1\n|-boost|p1b: Dragonite|def|1\n|cant|p1b: Dragonite|flinch\n|move|p2b: Godlyreal|Tera Blast|p1a: Annihilape|[anim] Tera Blast Flying\n|-supereffective|p1a: Annihilape\n|-enditem|p1a: Annihilape|Focus Sash\n|-damage|p1a: Annihilape|1\/100\n|\n|upkeep\n|turn|2\n|\n|t:|1732144449\n|move|p2a: Kidturtle|Dire Claw|p1a: Annihilape\n|-resisted|p1a: Annihilape\n|-damage|p1a: Annihilape|0 fnt\n|faint|p1a: Annihilape\n|move|p1b: Dragonite|Scale Shot|p2b: Godlyreal|[miss]\n|-miss|p1b: Dragonite|p2b: Godlyreal\n|move|p2b: Godlyreal|Kowtow Cleave|p1b: Dragonite\n|-damage|p1b: Dragonite|56\/100\n|\n|upkeep\n|\n|t:|1732144453\n|switch|p1a: Electabuzz|Electabuzz, L50, F|100\/100\n|turn|3\n|\n|t:|1732144472\n|move|p2a: Kidturtle|Close Combat|p1a: Electabuzz\n|-damage|p1a: Electabuzz|44\/100\n|-unboost|p2a: Kidturtle|def|1\n|-unboost|p2a: Kidturtle|spd|1\n|move|p1a: Electabuzz|Thunderbolt|p2b: Godlyreal\n|-supereffective|p2b: Godlyreal\n|-damage|p2b: Godlyreal|56\/100\n|move|p1b: Dragonite|Scale Shot|p2b: Godlyreal|[miss]\n|-miss|p1b: Dragonite|p2b: Godlyreal\n|move|p2b: Godlyreal|Kowtow Cleave|p1b: Dragonite\n|-damage|p1b: Dragonite|18\/100\n|\n|upkeep\n|turn|4\n|\n|t:|1732144484\n|move|p1a: Electabuzz|Follow Me|p1a: Electabuzz\n|-singleturn|p1a: Electabuzz|move: Follow Me\n|move|p2a: Kidturtle|Close Combat|p1a: Electabuzz\n|-damage|p1a: Electabuzz|0 fnt\n|-unboost|p2a: Kidturtle|def|1\n|-unboost|p2a: Kidturtle|spd|1\n|faint|p1a: Electabuzz\n|move|p1b: Dragonite|Scale Shot|p2b: Godlyreal\n|-damage|p2b: Godlyreal|41\/100\n|-damage|p2b: Godlyreal|27\/100\n|-damage|p2b: Godlyreal|10\/100\n|-damage|p2b: Godlyreal|0 fnt\n|faint|p2b: Godlyreal\n|-hitcount|p2: Godlyreal|4\n|-unboost|p1b: Dragonite|def|1\n|-boost|p1b: Dragonite|spe|1\n|\n|upkeep\n|\n|t:|1732144488\n|switch|p1a: Incineroar|Incineroar, L50, M|100\/100\n|switch|p2b: Main Flutter|Dragonite, L50, M, shiny|100\/100\n|-ability|p1a: Incineroar|Intimidate|boost\n|-unboost|p2a: Kidturtle|atk|1\n|-unboost|p2b: Main Flutter|atk|1\n|turn|5\n|\n|t:|1732144501\n|move|p1a: Incineroar|Fake Out|p2b: Main Flutter\n|-damage|p2b: Main Flutter|95\/100\n|cant|p2b: Main Flutter|flinch\n|move|p1b: Dragonite|Scale Shot|p2a: Kidturtle\n|-damage|p2a: Kidturtle|31\/100\n|-crit|p2a: Kidturtle\n|-damage|p2a: Kidturtle|0 fnt\n|faint|p2a: Kidturtle\n|-hitcount|p2: Kidturtle|2\n|-unboost|p1b: Dragonite|def|1\n|-boost|p1b: Dragonite|spe|1\n|\n|upkeep\n|\n|t:|1732144503\n|switch|p2a: Christian|Ceruledge, L50, M|100\/100\n|turn|6\n|j| FBISurveillanceMan\n|\n|t:|1732144526\n|move|p1b: Dragonite|Protect|p1b: Dragonite\n|-singleturn|p1b: Dragonite|Protect\n|move|p2b: Main Flutter|Protect|p2b: Main Flutter\n|-singleturn|p2b: Main Flutter|Protect\n|move|p2a: Christian|Protect|p2a: Christian\n|-singleturn|p2a: Christian|Protect\n|move|p1a: Incineroar|Knock Off|p2a: Christian\n|-activate|p2a: Christian|move: Protect\n|\n|upkeep\n|turn|7\n|\n|t:|1732144535\n|move|p1b: Dragonite|Extreme Speed|p2b: Main Flutter\n|-damage|p2b: Main Flutter|52\/100\n|move|p2b: Main Flutter|Extreme Speed|p1b: Dragonite\n|-damage|p1b: Dragonite|0 fnt\n|faint|p1b: Dragonite\n|move|p1a: Incineroar|Knock Off|p2a: Christian\n|-supereffective|p2a: Christian\n|-damage|p2a: Christian|3\/100\n|-enditem|p2a: Christian|Leftovers|[from] move: Knock Off|[of] p1a: Incineroar\n|move|p2a: Christian|Bitter Blade|p1a: Incineroar\n|-resisted|p1a: Incineroar\n|-damage|p1a: Incineroar|77\/100\n|-heal|p2a: Christian|16\/100|[from] drain|[of] p1a: Incineroar\n|\n|upkeep\n|turn|8\n|\n|t:|1732144553\n|-terastallize|p1a: Incineroar|Ghost\n|move|p2b: Main Flutter|Low Kick|p1a: Incineroar\n|-immune|p1a: Incineroar\n|move|p1a: Incineroar|Knock Off|p2a: Christian\n|-supereffective|p2a: Christian\n|-damage|p2a: Christian|0 fnt\n|faint|p2a: Christian\n|\n|upkeep\n|turn|9\n|\n|t:|1732144558\n|move|p2b: Main Flutter|Scale Shot|p1a: Incineroar\n|-damage|p1a: Incineroar|68\/100\n|-damage|p1a: Incineroar|59\/100\n|-damage|p1a: Incineroar|50\/100\n|-damage|p1a: Incineroar|42\/100\n|-hitcount|p1a: Incineroar|4\n|-unboost|p2b: Main Flutter|def|1\n|-boost|p2b: Main Flutter|spe|1\n|-enditem|p1a: Incineroar|Mirror Herb\n|-boost|p1a: Incineroar|spe|1|[from] item: Mirror Herb\n|move|p1a: Incineroar|Knock Off|p2b: Main Flutter\n|-damage|p2b: Main Flutter|0 fnt\n|-enditem|p2b: Main Flutter|Loaded Dice|[from] move: Knock Off|[of] p1a: Incineroar\n|faint|p2b: Main Flutter\n|\n|win|tiandimain\n|raw|tiandimain's rating: 1769 &rarr; <strong>1792<\/strong><br \/>(+23 for winning)\n|raw|VGCLTH Thacrow's rating: 1824 &rarr; <strong>1801<\/strong><br \/>(-23 for losing)\n|l|\u2606VGCLTH Thacrow\n|player|p2|\n|l|\u2606tiandimain\n|player|p1|\n","uploadtime":1732144830,"views":63,"formatid":"gen9vgc2024regh","rating":1792,"private":0,"password":null}