{"id":"gen9vgc2024regh-2247404547","format":"[Gen 9] VGC 2024 Reg H","players":["MikoAg","badpiplupvgc"],"log":"|j|\u2606MikoAg\n|j|\u2606badpiplupvgc\n|t:|1732082594\n|gametype|doubles\n|player|p1|MikoAg|101|1653\n|player|p2|badpiplupvgc|265|1763\n|teamsize|p1|6\n|teamsize|p2|6\n|gen|9\n|tier|[Gen 9] VGC 2024 Reg H\n|rated|\n|rule|Species Clause: Limit one of each Pok\u00e9mon\n|rule|Item Clause: Limit 1 of each item\n|clearpoke\n|poke|p1|Armarouge, L50, M|\n|poke|p1|Indeedee-F, L50, F|\n|poke|p1|Dragapult, L50, F|\n|poke|p1|Sneasler, L50, F|\n|poke|p1|Milotic, L50, M|\n|poke|p1|Ninetales-Alola, L50, F|\n|poke|p2|Tyranitar, L50, F|\n|poke|p2|Excadrill, L50, F|\n|poke|p2|Indeedee-F, L50, F|\n|poke|p2|Armarouge, L50, M|\n|poke|p2|Sneasler, L50, F|\n|poke|p2|Milotic, L50, M|\n|teampreview|4\n|\n|t:|1732082611\n|start\n|switch|p1a: Sneasler|Sneasler, L50, F|100\/100\n|switch|p1b: Indeedee|Indeedee-F, L50, F|100\/100\n|switch|p2a: Indeedee|Indeedee-F, L50, F|100\/100\n|switch|p2b: Armarouge|Armarouge, L50, M, shiny|100\/100\n|-fieldstart|move: Psychic Terrain|[from] ability: Psychic Surge|[of] p2a: Indeedee\n|-enditem|p1a: Sneasler|Psychic Seed\n|-boost|p1a: Sneasler|spd|1|[from] item: Psychic Seed\n|turn|1\n|\n|t:|1732082628\n|-terastallize|p1a: Sneasler|Dark\n|move|p1b: Indeedee|Helping Hand|p1a: Sneasler\n|-singleturn|p1a: Sneasler|Helping Hand|[of] p1b: Indeedee\n|move|p2a: Indeedee|Follow Me|p2a: Indeedee\n|-singleturn|p2a: Indeedee|move: Follow Me\n|move|p1a: Sneasler|Throat Chop|p2a: Indeedee\n|-supereffective|p2a: Indeedee\n|-damage|p2a: Indeedee|0 fnt\n|faint|p2a: Indeedee\n|move|p2b: Armarouge|Expanding Force|p1b: Indeedee|[spread] p1b\n|-immune|p1a: Sneasler\n|-resisted|p1b: Indeedee\n|-damage|p1b: Indeedee|61\/100\n|\n|upkeep\n|\n|t:|1732082641\n|switch|p2a: Sneasler|Sneasler, L50, F|100\/100\n|-enditem|p2a: Sneasler|Psychic Seed\n|-boost|p2a: Sneasler|spd|1|[from] item: Psychic Seed\n|turn|2\n|\n|t:|1732082656\n|move|p2b: Armarouge|Protect|p2b: Armarouge\n|-singleturn|p2b: Armarouge|Protect\n|move|p1b: Indeedee|Follow Me|p1b: Indeedee\n|-singleturn|p1b: Indeedee|move: Follow Me\n|move|p1a: Sneasler|Dire Claw|p2a: Sneasler\n|-resisted|p2a: Sneasler\n|-damage|p2a: Sneasler|64\/100\n|move|p2a: Sneasler|Close Combat|p1b: Indeedee\n|-damage|p1b: Indeedee|0 fnt\n|-unboost|p2a: Sneasler|def|1\n|-unboost|p2a: Sneasler|spd|1\n|-damage|p2a: Sneasler|48\/100|[from] item: Rocky Helmet|[of] p1b: Indeedee\n|faint|p1b: Indeedee\n|\n|upkeep\n|\n|t:|1732082672\n|switch|p1b: Armarouge|Armarouge, L50, M|100\/100\n|turn|3\n|\n|t:|1732082688\n|switch|p2b: Tyranitar|Tyranitar, L50, F, shiny|100\/100\n|-weather|Sandstorm|[from] ability: Sand Stream|[of] p2b: Tyranitar\n|move|p1a: Sneasler|Throat Chop|p2b: Tyranitar\n|-resisted|p2b: Tyranitar\n|-damage|p2b: Tyranitar|83\/100\n|-start|p2b: Tyranitar|Throat Chop|[silent]\n|move|p2a: Sneasler|Close Combat|p1a: Sneasler\n|-supereffective|p1a: Sneasler\n|-damage|p1a: Sneasler|0 fnt\n|-unboost|p2a: Sneasler|def|1\n|-unboost|p2a: Sneasler|spd|1\n|faint|p1a: Sneasler\n|move|p1b: Armarouge|Armor Cannon|p2a: Sneasler\n|-damage|p2a: Sneasler|0 fnt\n|-unboost|p1b: Armarouge|def|1\n|-unboost|p1b: Armarouge|spd|1\n|faint|p2a: Sneasler\n|\n|-weather|Sandstorm|[upkeep]\n|-damage|p1b: Armarouge|94\/100|[from] Sandstorm\n|upkeep\n|\n|t:|1732082709\n|switch|p1a: Ninetales|Ninetales-Alola, L50, F|100\/100\n|switch|p2a: Armarouge|Armarouge, L50, M, shiny|100\/100\n|-weather|Snow|[from] ability: Snow Warning|[of] p1a: Ninetales\n|turn|4\n|\n|t:|1732082728\n|move|p1a: Ninetales|Blizzard|p2a: Armarouge|[spread] p2a,p2b\n|-resisted|p2a: Armarouge\n|-crit|p2a: Armarouge\n|-damage|p2a: Armarouge|55\/100\n|-damage|p2b: Tyranitar|58\/100\n|move|p1b: Armarouge|Aura Sphere|p2b: Tyranitar\n|-supereffective|p2b: Tyranitar\n|-damage|p2b: Tyranitar|0 fnt\n|faint|p2b: Tyranitar\n|move|p2a: Armarouge|Expanding Force|p1a: Ninetales|[spread] p1a,p1b\n|-resisted|p1b: Armarouge\n|-damage|p1a: Ninetales|5\/100\n|-damage|p1b: Armarouge|12\/100\n|\n|-weather|Snow|[upkeep]\n|upkeep\n|turn|5\n|\n|t:|1732082747\n|move|p1a: Ninetales|Blizzard|p2a: Armarouge\n|-resisted|p2a: Armarouge\n|-damage|p2a: Armarouge|10\/100\n|move|p1b: Armarouge|Expanding Force|p2a: Armarouge\n|-resisted|p2a: Armarouge\n|-damage|p2a: Armarouge|0 fnt\n|faint|p2a: Armarouge\n|\n|win|MikoAg\n|raw|MikoAg's rating: 1653 &rarr; <strong>1679<\/strong><br \/>(+26 for winning)\n|raw|badpiplupvgc's rating: 1763 &rarr; <strong>1737<\/strong><br \/>(-26 for losing)\n|l|\u2606badpiplupvgc\n|player|p2|\n|l|\u2606MikoAg\n|player|p1|\n","uploadtime":1732082984,"views":13,"formatid":"gen9vgc2024regh","rating":1679,"private":0,"password":null}