{"id":"gen9vgc2024regh-2247940828","format":"[Gen 9] VGC 2024 Reg H","players":["teenage fanclub","VGCLTH Snowsquall"],"log":"|raw|<div class=\"broadcast-blue\"><strong>This battle is required to be public due to a player having a name starting with 'vgclth'.<\/div>\n|j|\u2606teenage fanclub\n|j|\u2606VGCLTH Snowsquall\n|t:|1732148145\n|gametype|doubles\n|player|p1|teenage fanclub|170|1712\n|player|p2|VGCLTH Snowsquall|veteran|1707\n|teamsize|p1|6\n|teamsize|p2|6\n|gen|9\n|tier|[Gen 9] VGC 2024 Reg H\n|rated|\n|rule|Species Clause: Limit one of each Pok\u00e9mon\n|rule|Item Clause: Limit 1 of each item\n|clearpoke\n|poke|p1|Sneasler, L50, F|\n|poke|p1|Dragonite, L50, F|\n|poke|p1|Rillaboom, L50, M|\n|poke|p1|Volcarona, L50, F|\n|poke|p1|Dondozo, L50, F|\n|poke|p1|Kingambit, L50, M|\n|poke|p2|Archaludon, L50, F|\n|poke|p2|Rillaboom, L50, M|\n|poke|p2|Skeledirge, L50, M|\n|poke|p2|Electabuzz, L50, M|\n|poke|p2|Samurott-Hisui, L50, F|\n|poke|p2|Mimikyu, L50, F|\n|teampreview|4\n|inactive|Battle timer is ON: inactive players will automatically lose when time's up. (requested by teenage fanclub)\n|inactive|teenage fanclub has 60 seconds left.\n|inactive|VGCLTH Snowsquall has 60 seconds left.\n|\n|t:|1732148201\n|start\n|switch|p1a: Sneasler|Sneasler, L50, F|100\/100\n|switch|p1b: Dondozo|Dondozo, L50, F|100\/100\n|switch|p2a: Electabuzz|Electabuzz, L50, M|100\/100\n|switch|p2b: Skeledirge|Skeledirge, L50, M|100\/100\n|turn|1\n|inactive|teenage fanclub has 30 seconds left.\n|\n|t:|1732148230\n|switch|p1a: Volcarona|Volcarona, L50, F|100\/100\n|move|p2a: Electabuzz|Taunt|p1b: Dondozo\n|-start|p1b: Dondozo|move: Taunt\n|move|p2b: Skeledirge|Will-O-Wisp|p1b: Dondozo\n|-status|p1b: Dondozo|brn\n|cant|p1b: Dondozo|move: Taunt|Yawn\n|\n|-damage|p1b: Dondozo|94\/100 brn|[from] brn\n|upkeep\n|turn|2\n|\n|t:|1732148248\n|move|p1a: Volcarona|Quiver Dance|p1a: Volcarona\n|-boost|p1a: Volcarona|spa|1\n|-boost|p1a: Volcarona|spd|1\n|-boost|p1a: Volcarona|spe|1\n|move|p2a: Electabuzz|Thunderbolt|p1b: Dondozo\n|-supereffective|p1b: Dondozo\n|-damage|p1b: Dondozo|49\/100 brn\n|move|p2b: Skeledirge|Torch Song|p1a: Volcarona\n|-damage|p1a: Volcarona|75\/100\n|-boost|p2b: Skeledirge|spa|1\n|move|p1b: Dondozo|Fissure|p2b: Skeledirge|[miss]\n|-miss|p1b: Dondozo|p2b: Skeledirge\n|\n|-heal|p1b: Dondozo|55\/100 brn|[from] item: Leftovers\n|-damage|p1b: Dondozo|49\/100 brn|[from] brn\n|upkeep\n|turn|3\n|\n|t:|1732148264\n|move|p1a: Volcarona|Heat Wave|p2a: Electabuzz|[spread] p2a,p2b\n|-resisted|p2b: Skeledirge\n|-damage|p2a: Electabuzz|62\/100\n|-damage|p2b: Skeledirge|88\/100\n|move|p2a: Electabuzz|Thunderbolt|p1b: Dondozo\n|-supereffective|p1b: Dondozo\n|-damage|p1b: Dondozo|9\/100 brn\n|move|p2b: Skeledirge|Torch Song|p1b: Dondozo\n|-resisted|p1b: Dondozo\n|-damage|p1b: Dondozo|0 fnt\n|-boost|p2b: Skeledirge|spa|1\n|faint|p1b: Dondozo\n|\n|upkeep\n|\n|t:|1732148269\n|switch|p1b: Dragonite|Dragonite, L50, F|100\/100\n|turn|4\n|\n|t:|1732148277\n|move|p1b: Dragonite|Protect|p1b: Dragonite\n|-singleturn|p1b: Dragonite|Protect\n|move|p2a: Electabuzz|Follow Me|p2a: Electabuzz\n|-singleturn|p2a: Electabuzz|move: Follow Me\n|move|p1a: Volcarona|Quiver Dance|p1a: Volcarona\n|-boost|p1a: Volcarona|spa|1\n|-boost|p1a: Volcarona|spd|1\n|-boost|p1a: Volcarona|spe|1\n|move|p2b: Skeledirge|Will-O-Wisp|p1b: Dragonite\n|-activate|p1b: Dragonite|move: Protect\n|\n|upkeep\n|turn|5\n|\n|t:|1732148282\n|move|p2a: Electabuzz|Follow Me|p2a: Electabuzz\n|-singleturn|p2a: Electabuzz|move: Follow Me\n|move|p1a: Volcarona|Heat Wave|p2a: Electabuzz|[spread] p2b\n|-miss|p1a: Volcarona|p2a: Electabuzz\n|-resisted|p2b: Skeledirge\n|-damage|p2b: Skeledirge|76\/100\n|move|p1b: Dragonite|Scale Shot|p2a: Electabuzz\n|-damage|p2a: Electabuzz|49\/100\n|-damage|p2a: Electabuzz|37\/100\n|-damage|p2a: Electabuzz|26\/100\n|-damage|p2a: Electabuzz|15\/100\n|-damage|p2a: Electabuzz|3\/100\n|-hitcount|p2a: Electabuzz|5\n|-unboost|p1b: Dragonite|def|1\n|-boost|p1b: Dragonite|spe|1\n|move|p2b: Skeledirge|Will-O-Wisp|p1b: Dragonite|[miss]\n|-miss|p2b: Skeledirge|p1b: Dragonite\n|\n|upkeep\n|turn|6\n|\n|t:|1732148293\n|move|p1b: Dragonite|Protect|p1b: Dragonite\n|-singleturn|p1b: Dragonite|Protect\n|move|p2a: Electabuzz|Protect|p2a: Electabuzz\n|-singleturn|p2a: Electabuzz|Protect\n|move|p1a: Volcarona|Heat Wave|p2a: Electabuzz|[spread] p2b\n|-activate|p2a: Electabuzz|move: Protect\n|-resisted|p2b: Skeledirge\n|-damage|p2b: Skeledirge|63\/100\n|move|p2b: Skeledirge|Slack Off|p2b: Skeledirge\n|-heal|p2b: Skeledirge|100\/100\n|\n|upkeep\n|turn|7\n|\n|t:|1732148302\n|move|p2a: Electabuzz|Follow Me|p2a: Electabuzz\n|-singleturn|p2a: Electabuzz|move: Follow Me\n|move|p1a: Volcarona|Heat Wave|p2b: Skeledirge|[spread] p2a,p2b\n|-resisted|p2b: Skeledirge\n|-damage|p2a: Electabuzz|0 fnt\n|-damage|p2b: Skeledirge|86\/100\n|faint|p2a: Electabuzz\n|move|p1b: Dragonite|Scale Shot|p2b: Skeledirge\n|-damage|p2b: Skeledirge|74\/100\n|-damage|p2b: Skeledirge|62\/100\n|-damage|p2b: Skeledirge|50\/100\n|-enditem|p2b: Skeledirge|Sitrus Berry|[eat]\n|-heal|p2b: Skeledirge|75\/100|[from] item: Sitrus Berry\n|-damage|p2b: Skeledirge|64\/100\n|-hitcount|p2b: Skeledirge|4\n|-unboost|p1b: Dragonite|def|1\n|-boost|p1b: Dragonite|spe|1\n|move|p2b: Skeledirge|Will-O-Wisp|p1b: Dragonite\n|-status|p1b: Dragonite|brn\n|\n|-damage|p1b: Dragonite|95\/100 brn|[from] brn\n|upkeep\n|\n|t:|1732148303\n|switch|p2a: Rillaboom|Rillaboom, L50, M|100\/100\n|-fieldstart|move: Grassy Terrain|[from] ability: Grassy Surge|[of] p2a: Rillaboom\n|turn|8\n|\n|t:|1732148319\n|-terastallize|p2a: Rillaboom|Fire\n|move|p1a: Volcarona|Quiver Dance|p1a: Volcarona\n|-boost|p1a: Volcarona|spa|1\n|-boost|p1a: Volcarona|spd|1\n|-boost|p1a: Volcarona|spe|1\n|move|p1b: Dragonite|Scale Shot|p2b: Skeledirge\n|-damage|p2b: Skeledirge|58\/100\n|-damage|p2b: Skeledirge|52\/100\n|-damage|p2b: Skeledirge|47\/100\n|-damage|p2b: Skeledirge|42\/100\n|-damage|p2b: Skeledirge|36\/100\n|-hitcount|p2b: Skeledirge|5\n|-unboost|p1b: Dragonite|def|1\n|-boost|p1b: Dragonite|spe|1\n|move|p2a: Rillaboom|High Horsepower|p1a: Volcarona\n|-damage|p1a: Volcarona|43\/100\n|-enditem|p1a: Volcarona|Sitrus Berry|[eat]\n|-heal|p1a: Volcarona|68\/100|[from] item: Sitrus Berry\n|move|p2b: Skeledirge|Torch Song|p1a: Volcarona\n|-damage|p1a: Volcarona|13\/100\n|-boost|p2b: Skeledirge|spa|1\n|\n|-heal|p1a: Volcarona|19\/100|[from] Grassy Terrain\n|-heal|p2b: Skeledirge|42\/100|[from] Grassy Terrain\n|-damage|p1b: Dragonite|89\/100 brn|[from] brn\n|upkeep\n|turn|9\n|\n|t:|1732148339\n|move|p1a: Volcarona|Heat Wave|p2a: Rillaboom|[spread] p2a,p2b\n|-resisted|p2a: Rillaboom\n|-resisted|p2b: Skeledirge\n|-damage|p2a: Rillaboom|74\/100\n|-damage|p2b: Skeledirge|28\/100\n|move|p1b: Dragonite|Scale Shot|p2b: Skeledirge\n|-damage|p2b: Skeledirge|22\/100\n|-damage|p2b: Skeledirge|17\/100\n|-damage|p2b: Skeledirge|11\/100\n|-damage|p2b: Skeledirge|5\/100\n|-damage|p2b: Skeledirge|0 fnt\n|faint|p2b: Skeledirge\n|-hitcount|p2: Skeledirge|5\n|-unboost|p1b: Dragonite|def|1\n|-boost|p1b: Dragonite|spe|1\n|move|p2a: Rillaboom|High Horsepower|p1a: Volcarona\n|-damage|p1a: Volcarona|0 fnt\n|faint|p1a: Volcarona\n|\n|-heal|p2a: Rillaboom|80\/100|[from] Grassy Terrain\n|-damage|p1b: Dragonite|83\/100 brn|[from] brn\n|upkeep\n|\n|t:|1732148344\n|switch|p1a: Sneasler|Sneasler, L50, F|100\/100\n|switch|p2b: Archaludon|Archaludon, L50, F|100\/100\n|turn|10\n|\n|t:|1732148364\n|move|p1b: Dragonite|Extreme Speed|p2b: Archaludon\n|-resisted|p2b: Archaludon\n|-damage|p2b: Archaludon|96\/100\n|-ability|p2b: Archaludon|Stamina|boost\n|-boost|p2b: Archaludon|def|1\n|move|p1a: Sneasler|Close Combat|p2b: Archaludon\n|-supereffective|p2b: Archaludon\n|-damage|p2b: Archaludon|46\/100\n|-unboost|p1a: Sneasler|def|1\n|-unboost|p1a: Sneasler|spd|1\n|-ability|p2b: Archaludon|Stamina|boost\n|-boost|p2b: Archaludon|def|1\n|move|p2a: Rillaboom|High Horsepower|p1a: Sneasler\n|-supereffective|p1a: Sneasler\n|-enditem|p1a: Sneasler|Focus Sash\n|-damage|p1a: Sneasler|1\/100\n|move|p2b: Archaludon|Iron Defense|p2b: Archaludon\n|-boost|p2b: Archaludon|def|2\n|\n|-heal|p1a: Sneasler|7\/100|[from] Grassy Terrain\n|-heal|p2a: Rillaboom|86\/100|[from] Grassy Terrain\n|-heal|p2b: Archaludon|52\/100|[from] Grassy Terrain\n|-heal|p2b: Archaludon|58\/100|[from] item: Leftovers\n|-damage|p1b: Dragonite|77\/100 brn|[from] brn\n|upkeep\n|turn|11\n|j| UGCL\n|inactive|teenage fanclub has 30 seconds left.\n|\n|t:|1732148398\n|move|p1a: Sneasler|Protect|p1a: Sneasler\n|-singleturn|p1a: Sneasler|Protect\n|move|p2a: Rillaboom|Grassy Glide|p1a: Sneasler\n|-activate|p1a: Sneasler|move: Protect\n|move|p1b: Dragonite|Haze|p1b: Dragonite\n|-clearallboost\n|move|p2b: Archaludon|Dragon Pulse|p1b: Dragonite\n|-supereffective|p1b: Dragonite\n|-damage|p1b: Dragonite|0 fnt\n|faint|p1b: Dragonite\n|\n|-heal|p1a: Sneasler|13\/100|[from] Grassy Terrain\n|-heal|p2a: Rillaboom|92\/100|[from] Grassy Terrain\n|-heal|p2b: Archaludon|64\/100|[from] Grassy Terrain\n|-heal|p2b: Archaludon|70\/100|[from] item: Leftovers\n|upkeep\n|turn|12\n|\n|t:|1732148404\n|move|p2a: Rillaboom|Grassy Glide|p1a: Sneasler\n|-resisted|p1a: Sneasler\n|-damage|p1a: Sneasler|0 fnt\n|faint|p1a: Sneasler\n|\n|win|VGCLTH Snowsquall\n|raw|teenage fanclub's rating: 1712 &rarr; <strong>1692<\/strong><br \/>(-20 for losing)\n|raw|VGCLTH Snowsquall's rating: 1707 &rarr; <strong>1727<\/strong><br \/>(+20 for winning)\n|l|\u2606teenage fanclub\n|player|p1|\n|c|\u2606VGCLTH Snowsquall|Gg\n|l|\u2606VGCLTH Snowsquall\n|player|p2|\n","uploadtime":1732148566,"views":17,"formatid":"gen9vgc2024regh","rating":1692,"private":0,"password":null}