{"id":"gen9vgc2024regh-2247683268","format":"[Gen 9] VGC 2024 Reg H","players":["snow is mid","CarryTheBoats"],"log":"|j|\u2606snow is mid\n|j|\u2606CarryTheBoats\n|t:|1732121878\n|gametype|doubles\n|player|p1|snow is mid|swimmer-gen4dp|1687\n|player|p2|CarryTheBoats|crasherwake|1769\n|teamsize|p1|6\n|teamsize|p2|6\n|gen|9\n|tier|[Gen 9] VGC 2024 Reg H\n|rated|\n|rule|Species Clause: Limit one of each Pok\u00e9mon\n|rule|Item Clause: Limit 1 of each item\n|clearpoke\n|poke|p1|Ninetales-Alola, L50, F|\n|poke|p1|Baxcalibur, L50, M|\n|poke|p1|Gastrodon-East, L50, M|\n|poke|p1|Volcarona, L50, M|\n|poke|p1|Archaludon, L50, M|\n|poke|p1|Meowscarada, L50, M|\n|poke|p2|Archaludon, L50, M|\n|poke|p2|Pelipper, L50, M|\n|poke|p2|Basculegion, L50, M|\n|poke|p2|Amoonguss, L50, M|\n|poke|p2|Incineroar, L50, F|\n|poke|p2|Dragonite, L50, F|\n|teampreview|4\n|inactive|Battle timer is ON: inactive players will automatically lose when time's up. (requested by CarryTheBoats)\n|inactive|snow is mid has 60 seconds left.\n|inactive|snow is mid has 30 seconds left.\n|inactive|snow is mid has 20 seconds left.\n|inactive|snow is mid has 15 seconds left.\n|inactive|snow is mid has 10 seconds left.\n|inactive|snow is mid has 5 seconds left.\nCarryTheBoats rejected open team sheets.\n|\n|t:|1732122017\n|start\n|switch|p1a: Ninetales|Ninetales-Alola, L50, F|100\/100\n|switch|p1b: Baxcalibur|Baxcalibur, L50, M|100\/100\n|switch|p2a: Incineroar|Incineroar, L50, F, shiny|100\/100\n|switch|p2b: Amoonguss|Amoonguss, L50, M|100\/100\n|-weather|Snow|[from] ability: Snow Warning|[of] p1a: Ninetales\n|-ability|p2a: Incineroar|Intimidate|boost\n|-unboost|p1a: Ninetales|atk|1\n|-unboost|p1b: Baxcalibur|atk|1\n|turn|1\n|inactive|snow is mid has 30 seconds left.\n|inactive|snow is mid has 20 seconds left.\n|inactive|snow is mid has 15 seconds left.\n|\n|t:|1732122059\n|-terastallize|p2b: Amoonguss|Steel\n|move|p1a: Ninetales|Aurora Veil|p1a: Ninetales\n|-sidestart|p1: snow is mid|move: Aurora Veil\n|move|p1b: Baxcalibur|Icicle Spear|p2b: Amoonguss\n|-resisted|p2b: Amoonguss\n|-damage|p2b: Amoonguss|96\/100\n|-resisted|p2b: Amoonguss\n|-damage|p2b: Amoonguss|92\/100\n|-resisted|p2b: Amoonguss\n|-damage|p2b: Amoonguss|88\/100\n|-resisted|p2b: Amoonguss\n|-damage|p2b: Amoonguss|84\/100\n|-resisted|p2b: Amoonguss\n|-damage|p2b: Amoonguss|80\/100\n|-hitcount|p2b: Amoonguss|5\n|move|p2a: Incineroar|Knock Off|p1b: Baxcalibur\n|-damage|p1b: Baxcalibur|82\/100\n|-enditem|p1b: Baxcalibur|Loaded Dice|[from] move: Knock Off|[of] p2a: Incineroar\n|move|p2b: Amoonguss|Spore|p1a: Ninetales\n|-status|p1a: Ninetales|slp|[from] move: Spore\n|\n|-weather|Snow|[upkeep]\n|upkeep\n|turn|2\n|\n|t:|1732122081\n|cant|p1a: Ninetales|slp\n|move|p1b: Baxcalibur|Scale Shot|p2a: Incineroar\n|-damage|p2a: Incineroar|92\/100\n|-damage|p2a: Incineroar|83\/100\n|-damage|p2a: Incineroar|74\/100\n|-hitcount|p2a: Incineroar|3\n|-unboost|p1b: Baxcalibur|def|1\n|-boost|p1b: Baxcalibur|spe|1\n|move|p2a: Incineroar|Knock Off|p1a: Ninetales\n|-resisted|p1a: Ninetales\n|-damage|p1a: Ninetales|84\/100 slp\n|-enditem|p1a: Ninetales|Light Clay|[from] move: Knock Off|[of] p2a: Incineroar\n|move|p2b: Amoonguss|Clear Smog|p1a: Ninetales\n|-supereffective|p1a: Ninetales\n|-damage|p1a: Ninetales|58\/100 slp\n|-clearboost|p1a: Ninetales\n|\n|-weather|Snow|[upkeep]\n|upkeep\n|turn|3\n|inactive|snow is mid has 30 seconds left.\n|\n|t:|1732122106\n|move|p1b: Baxcalibur|Icicle Spear|p2b: Amoonguss\n|-resisted|p2b: Amoonguss\n|-damage|p2b: Amoonguss|76\/100\n|-resisted|p2b: Amoonguss\n|-damage|p2b: Amoonguss|71\/100\n|-resisted|p2b: Amoonguss\n|-damage|p2b: Amoonguss|67\/100\n|-hitcount|p2b: Amoonguss|3\n|-curestatus|p1a: Ninetales|slp|[msg]\n|move|p1a: Ninetales|Blizzard|p2a: Incineroar|[spread] p2a,p2b\n|-resisted|p2a: Incineroar\n|-resisted|p2b: Amoonguss\n|-damage|p2a: Incineroar|60\/100\n|-damage|p2b: Amoonguss|52\/100\n|move|p2a: Incineroar|Parting Shot|p1a: Ninetales\n|-unboost|p1a: Ninetales|atk|1\n|-unboost|p1a: Ninetales|spa|1\n|\n|t:|1732122110\n|switch|p2a: Archaludon|Archaludon, L50, M, shiny|100\/100|[from] Parting Shot\n|move|p2b: Amoonguss|Spore|p1b: Baxcalibur\n|-status|p1b: Baxcalibur|slp|[from] move: Spore\n|\n|-weather|Snow|[upkeep]\n|upkeep\n|turn|4\n|inactive|snow is mid has 30 seconds left.\n|inactive|snow is mid has 20 seconds left.\n|\n|t:|1732122150\n|switch|p1b: Gastrodon|Gastrodon-East, L50, M|100\/100\n|move|p1a: Ninetales|Blizzard|p2b: Amoonguss|[spread] p2a,p2b\n|-resisted|p2b: Amoonguss\n|-damage|p2a: Archaludon|86\/100\n|-damage|p2b: Amoonguss|44\/100\n|-ability|p2a: Archaludon|Stamina|boost\n|-boost|p2a: Archaludon|def|1\n|-enditem|p2b: Amoonguss|Sitrus Berry|[eat]\n|-heal|p2b: Amoonguss|68\/100|[from] item: Sitrus Berry\n|move|p2a: Archaludon|Flash Cannon|p1b: Gastrodon\n|-resisted|p1b: Gastrodon\n|-damage|p1b: Gastrodon|90\/100\n|move|p2b: Amoonguss|Spore|p1a: Ninetales\n|-status|p1a: Ninetales|slp|[from] move: Spore\n|\n|-weather|Snow|[upkeep]\n|-heal|p1b: Gastrodon|96\/100|[from] item: Leftovers\n|upkeep\n|turn|5\n|\n|t:|1732122163\n|switch|p1a: Volcarona|Volcarona, L50, M|100\/100\n|switch|p2b: Pelipper|Pelipper, L50, M, shiny|100\/100\n|-weather|RainDance|[from] ability: Drizzle|[of] p2b: Pelipper\n|move|p2a: Archaludon|Electro Shot||[still]\n|-prepare|p2a: Archaludon|Electro Shot\n|-boost|p2a: Archaludon|spa|1\n|-anim|p2a: Archaludon|Electro Shot|p1a: Volcarona\n|-damage|p1a: Volcarona|65\/100\n|move|p1b: Gastrodon|Earth Power|p2b: Pelipper\n|-immune|p2b: Pelipper\n|\n|-weather|RainDance|[upkeep]\n|-heal|p1b: Gastrodon|100\/100|[from] item: Leftovers\n|upkeep\n|turn|6\n|j| oherrodersir\n|inactive|snow is mid has 30 seconds left.\n|\n|t:|1732122189\n|move|p1a: Volcarona|Quiver Dance|p1a: Volcarona\n|-boost|p1a: Volcarona|spa|1\n|-boost|p1a: Volcarona|spd|1\n|-boost|p1a: Volcarona|spe|1\n|move|p2a: Archaludon|Electro Shot||[still]\n|-prepare|p2a: Archaludon|Electro Shot\n|-boost|p2a: Archaludon|spa|1\n|-anim|p2a: Archaludon|Electro Shot|p1a: Volcarona\n|-damage|p1a: Volcarona|31\/100\n|move|p2b: Pelipper|Tailwind|p2b: Pelipper\n|-sidestart|p2: CarryTheBoats|move: Tailwind\n|move|p1b: Gastrodon|Earth Power|p2a: Archaludon\n|-supereffective|p2a: Archaludon\n|-damage|p2a: Archaludon|41\/100\n|-ability|p2a: Archaludon|Stamina|boost\n|-boost|p2a: Archaludon|def|1\n|\n|-weather|RainDance|[upkeep]\n|upkeep\n|turn|7\n|\n|t:|1732122200\n|move|p1a: Volcarona|Protect|p1a: Volcarona\n|-singleturn|p1a: Volcarona|Protect\n|move|p2a: Archaludon|Dragon Pulse|p1b: Gastrodon\n|-damage|p1b: Gastrodon|48\/100\n|move|p2b: Pelipper|Hurricane|p1b: Gastrodon\n|-damage|p1b: Gastrodon|17\/100\n|move|p1b: Gastrodon|Earth Power|p2a: Archaludon\n|-supereffective|p2a: Archaludon\n|-damage|p2a: Archaludon|0 fnt\n|faint|p2a: Archaludon\n|\n|-weather|RainDance|[upkeep]\n|-heal|p1b: Gastrodon|23\/100|[from] item: Leftovers\n|upkeep\n|\n|t:|1732122206\n|switch|p2a: Incineroar|Incineroar, L50, F, shiny|60\/100\n|-ability|p2a: Incineroar|Intimidate|boost\n|-unboost|p1a: Volcarona|atk|1\n|-unboost|p1b: Gastrodon|atk|1\n|turn|8\n|\n|t:|1732122224\n|switch|p1a: Ninetales|Ninetales-Alola, L50, F|58\/100 slp\n|-weather|Snow|[from] ability: Snow Warning|[of] p1a: Ninetales\n|move|p1b: Gastrodon|Protect|p1b: Gastrodon\n|-singleturn|p1b: Gastrodon|Protect\n|move|p2b: Pelipper|Hurricane|p1a: Ninetales|[miss]\n|-miss|p2b: Pelipper|p1a: Ninetales\n|move|p2a: Incineroar|Knock Off|p1a: Ninetales\n|-resisted|p1a: Ninetales\n|-damage|p1a: Ninetales|46\/100 slp\n|\n|-weather|Snow|[upkeep]\n|-heal|p1b: Gastrodon|29\/100|[from] item: Leftovers\n|-sideend|p1: snow is mid|move: Aurora Veil\n|upkeep\n|turn|9\n|\n|t:|1732122245\n|move|p2b: Pelipper|Weather Ball|p1b: Gastrodon\n|-damage|p1b: Gastrodon|0 fnt\n|faint|p1b: Gastrodon\n|cant|p1a: Ninetales|slp\n|move|p2a: Incineroar|Flare Blitz|p1a: Ninetales\n|-supereffective|p1a: Ninetales\n|-damage|p1a: Ninetales|0 fnt\n|faint|p1a: Ninetales\n|-damage|p2a: Incineroar|49\/100|[from] Recoil\n|\n|-weather|Snow|[upkeep]\n|-sideend|p2: CarryTheBoats|move: Tailwind\n|upkeep\n|\n|t:|1732122251\n|switch|p1a: Baxcalibur|Baxcalibur, L50, M|82\/100 slp\n|switch|p1b: Volcarona|Volcarona, L50, M|31\/100\n|turn|10\n|\n|t:|1732122261\n|-terastallize|p1b: Volcarona|Fairy\n|move|p1b: Volcarona|Quiver Dance|p1b: Volcarona\n|-boost|p1b: Volcarona|spa|1\n|-boost|p1b: Volcarona|spd|1\n|-boost|p1b: Volcarona|spe|1\n|cant|p1a: Baxcalibur|slp\n|move|p2b: Pelipper|Tailwind|p2b: Pelipper\n|-sidestart|p2: CarryTheBoats|move: Tailwind\n|move|p2a: Incineroar|Knock Off|p1b: Volcarona\n|-resisted|p1b: Volcarona\n|-damage|p1b: Volcarona|1\/100\n|-enditem|p1b: Volcarona|Covert Cloak|[from] move: Knock Off|[of] p2a: Incineroar\n|\n|-weather|Snow|[upkeep]\n|upkeep\n|turn|11\n|\n|t:|1732122277\n|cant|p1a: Baxcalibur|slp\n|move|p2b: Pelipper|Weather Ball|p1b: Volcarona\n|-damage|p1b: Volcarona|0 fnt\n|faint|p1b: Volcarona\n|move|p2a: Incineroar|Parting Shot|p1a: Baxcalibur\n|-unboost|p1a: Baxcalibur|atk|1\n|-unboost|p1a: Baxcalibur|spa|1\n|\n|t:|1732122281\n|switch|p2a: Amoonguss|Amoonguss, L50, M, tera:Steel|100\/100|[from] Parting Shot\n|\n|-weather|Snow|[upkeep]\n|upkeep\n|turn|12\n|-message|snow is mid forfeited.\n|\n|win|CarryTheBoats\n|raw|snow is mid's rating: 1687 &rarr; <strong>1672<\/strong><br \/>(-15 for losing)\n|raw|CarryTheBoats's rating: 1769 &rarr; <strong>1784<\/strong><br \/>(+15 for winning)\n|l|\u2606snow is mid\n|player|p1|\n|l|\u2606CarryTheBoats\n|player|p2|\n","uploadtime":1732122476,"views":13,"formatid":"gen9vgc2024regh","rating":1672,"private":0,"password":null}