{"id":"gen9vgc2024regh-2247287149","format":"[Gen 9] VGC 2024 Reg H","players":["vivixification","VGCLTHTornsEnjoyer"],"log":"|raw|<div class=\"broadcast-blue\"><strong>This battle is required to be public due to a player having a name starting with 'vgclth'.<\/div>\n|j|\u2606vivixification\n|j|\u2606VGCLTHTornsEnjoyer\n|t:|1732065963\n|gametype|doubles\n|player|p1|vivixification|fisherman-gen1|1692\n|player|p2|VGCLTHTornsEnjoyer|turo|1642\n|teamsize|p1|6\n|teamsize|p2|6\n|gen|9\n|tier|[Gen 9] VGC 2024 Reg H\n|rated|\n|rule|Species Clause: Limit one of each Pok\u00e9mon\n|rule|Item Clause: Limit 1 of each item\n|clearpoke\n|poke|p1|Torkoal, L50, F|\n|poke|p1|Exeggutor, L50, M|\n|poke|p1|Indeedee, L50, M|\n|poke|p1|Sneasler, L50, M|\n|poke|p1|Incineroar, L50, M|\n|poke|p1|Ursaluna, L50, F|\n|poke|p2|Gholdengo, L50|\n|poke|p2|Grimmsnarl, L50, M|\n|poke|p2|Whimsicott, L50, F|\n|poke|p2|Ursaluna-Bloodmoon, L50, M|\n|poke|p2|Dragonite, L50, M|\n|poke|p2|Annihilape, L50, M|\n|teampreview|4\n|inactive|Battle timer is ON: inactive players will automatically lose when time's up. (requested by vivixification)\n|inactive|VGCLTHTornsEnjoyer also wants the timer to be on.\n|inactive|vivixification has 60 seconds left.\n|\n|t:|1732065996\n|start\n|switch|p1a: Radiant|Indeedee, L50, M|100\/100\n|switch|p1b: Exeggutor|Exeggutor, L50, M|100\/100\n|switch|p2a: Annihilape|Annihilape, L50, M|100\/100\n|switch|p2b: Dragonite|Dragonite, L50, M|100\/100\n|-fieldstart|move: Psychic Terrain|[from] ability: Psychic Surge|[of] p1a: Radiant\n|turn|1\n|\n|t:|1732066017\n|move|p1a: Radiant|After You|p1b: Exeggutor\n|-activate|p1b: Exeggutor|move: After You\n|move|p1b: Exeggutor|Trick Room|p1b: Exeggutor\n|-fieldstart|move: Trick Room|[of] p1b: Exeggutor\n|move|p2b: Dragonite|Aerial Ace|p1a: Radiant\n|-damage|p1a: Radiant|0 fnt\n|faint|p1a: Radiant\n|move|p2a: Annihilape|U-turn|p1b: Exeggutor\n|-supereffective|p1b: Exeggutor\n|-damage|p1b: Exeggutor|16\/100\n|\n|t:|1732066027\n|switch|p2a: Ursaluna|Ursaluna-Bloodmoon, L50, M|100\/100|[from] U-turn\n|\n|upkeep\n|\n|t:|1732066036\n|switch|p1a: Torkoal|Torkoal, L50, F, shiny|100\/100\n|-weather|SunnyDay|[from] ability: Drought|[of] p1a: Torkoal\n|turn|2\n|\n|t:|1732066055\n|-terastallize|p2a: Ursaluna|Water\n|move|p1a: Torkoal|Protect|p1a: Torkoal\n|-singleturn|p1a: Torkoal|Protect\n|move|p2a: Ursaluna|Earth Power|p1a: Torkoal\n|-activate|p1a: Torkoal|move: Protect\n|move|p2b: Dragonite|Aerial Ace|p1b: Exeggutor\n|-supereffective|p1b: Exeggutor\n|-damage|p1b: Exeggutor|0 fnt\n|faint|p1b: Exeggutor\n|\n|-weather|SunnyDay|[upkeep]\n|upkeep\n|\n|t:|1732066056\n|switch|p1b: Ursaluna|Ursaluna, L50, F|100\/100\n|turn|3\n|\n|t:|1732066072\n|-terastallize|p1a: Torkoal|Flying\n|move|p1b: Ursaluna|Protect|p1b: Ursaluna\n|-singleturn|p1b: Ursaluna|Protect\n|move|p1a: Torkoal|Eruption|p2b: Dragonite|[spread] p2a,p2b\n|-resisted|p2a: Ursaluna\n|-resisted|p2b: Dragonite\n|-damage|p2a: Ursaluna|76\/100\n|-damage|p2b: Dragonite|65\/100\n|move|p2a: Ursaluna|Earth Power|p1a: Torkoal\n|-immune|p1a: Torkoal\n|move|p2b: Dragonite|Aerial Ace|p1b: Ursaluna\n|-activate|p1b: Ursaluna|move: Protect\n|\n|-weather|SunnyDay|[upkeep]\n|-status|p1b: Ursaluna|brn|[from] item: Flame Orb\n|upkeep\n|turn|4\n|\n|t:|1732066085\n|switch|p2a: Annihilape|Annihilape, L50, M|100\/100\n|move|p1a: Torkoal|Eruption|p2a: Annihilape|[spread] p2a,p2b\n|-resisted|p2b: Dragonite\n|-crit|p2b: Dragonite\n|-damage|p2a: Annihilape|37\/100\n|-damage|p2b: Dragonite|14\/100\n|move|p1b: Ursaluna|Facade|p2a: Annihilape\n|-immune|p2a: Annihilape\n|move|p2b: Dragonite|Aerial Ace|p1b: Ursaluna\n|-damage|p1b: Ursaluna|56\/100 brn\n|\n|-weather|SunnyDay|[upkeep]\n|-damage|p1b: Ursaluna|50\/100 brn|[from] brn\n|upkeep\n|turn|5\n|\n|t:|1732066099\n|move|p1a: Torkoal|Eruption|p2b: Dragonite|[spread] p2a,p2b\n|-resisted|p2b: Dragonite\n|-damage|p2a: Annihilape|0 fnt\n|-damage|p2b: Dragonite|0 fnt\n|faint|p2a: Annihilape\n|faint|p2b: Dragonite\n|move|p1b: Ursaluna|Headlong Rush|p2: Annihilape|[notarget]\n|-fail|p1b: Ursaluna\n|\n|-weather|SunnyDay|[upkeep]\n|-damage|p1b: Ursaluna|44\/100 brn|[from] brn\n|-fieldend|move: Trick Room\n|-fieldend|move: Psychic Terrain\n|upkeep\n|inactive|VGCLTHTornsEnjoyer has 30 seconds left.\n|\n|t:|1732066125\n|switch|p2a: Gholdengo|Gholdengo, L50|100\/100\n|switch|p2b: Ursaluna|Ursaluna-Bloodmoon, L50, M, tera:Water|76\/100\n|turn|6\n|\n|t:|1732066136\n|move|p1a: Torkoal|Protect|p1a: Torkoal\n|-singleturn|p1a: Torkoal|Protect\n|move|p2a: Gholdengo|Make It Rain|p1a: Torkoal|[spread] p1b\n|-activate|p1a: Torkoal|move: Protect\n|-damage|p1b: Ursaluna|0 fnt\n|-unboost|p2a: Gholdengo|spa|1\n|faint|p1b: Ursaluna\n|move|p2b: Ursaluna|Blood Moon|p1a: Torkoal\n|-activate|p1a: Torkoal|move: Protect\n|\n|-weather|none\n|upkeep\n|turn|7\n|-message|vivixification forfeited.\n|\n|win|VGCLTHTornsEnjoyer\n|raw|vivixification's rating: 1692 &rarr; <strong>1669<\/strong><br \/>(-23 for losing)\n|raw|VGCLTHTornsEnjoyer's rating: 1642 &rarr; <strong>1665<\/strong><br \/>(+23 for winning)\n|l|\u2606vivixification\n|player|p1|\n|l|\u2606VGCLTHTornsEnjoyer\n|player|p2|\n","uploadtime":1732066408,"views":17,"formatid":"gen9vgc2024regh","rating":1665,"private":0,"password":null}