{"id":"gen9vgc2024regh-2247120946","format":"[Gen 9] VGC 2024 Reg H","players":["VGCLTH HUH","daniiivgc"],"log":"|raw|<div class=\"broadcast-blue\"><strong>This battle is required to be public due to a player having a name starting with 'vgclth'.<\/div>\n|j|\u2606VGCLTH HUH\n|j|\u203ddaniiivgc\n|t:|1732047772\n|gametype|doubles\n|player|p1|VGCLTH HUH|medium|1784\n|player|p2|daniiivgc|lucas|1779\n|teamsize|p1|6\n|teamsize|p2|6\n|gen|9\n|tier|[Gen 9] VGC 2024 Reg H\n|rated|\n|rule|Species Clause: Limit one of each Pok\u00e9mon\n|rule|Item Clause: Limit 1 of each item\n|clearpoke\n|poke|p1|Ursaluna-Bloodmoon, L50, M|\n|poke|p1|Dragonite, L50, M|\n|poke|p1|Archaludon, L50, F|\n|poke|p1|Volcarona, L50, F|\n|poke|p1|Gholdengo, L50|\n|poke|p1|Dondozo, L50, F|\n|poke|p2|Kommo-o, L50, M|\n|poke|p2|Electabuzz, L50, F|\n|poke|p2|Dondozo, L50, M|\n|poke|p2|Sneasler, L50, F|\n|poke|p2|Rillaboom, L50, F|\n|poke|p2|Gholdengo, L50|\n|teampreview|4\n|inactive|Battle timer is ON: inactive players will automatically lose when time's up. (requested by daniiivgc)\n|\n|t:|1732047808\n|start\n|switch|p1a: Dragonite|Dragonite, L50, M|100\/100\n|switch|p1b: Gholdengo|Gholdengo, L50|100\/100\n|switch|p2a: Electabuzz|Electabuzz, L50, F|100\/100\n|switch|p2b: Kommo-o|Kommo-o, L50, M|100\/100\n|turn|1\n|\n|t:|1732047816\n|move|p2b: Kommo-o|Protect|p2b: Kommo-o\n|-singleturn|p2b: Kommo-o|Protect\n|move|p1b: Gholdengo|Shadow Ball|p2a: Electabuzz\n|-damage|p2a: Electabuzz|62\/100\n|move|p2a: Electabuzz|Electroweb|p1a: Dragonite|[spread] p1a,p1b\n|-damage|p1a: Dragonite|93\/100\n|-damage|p1b: Gholdengo|85\/100\n|-unboost|p1a: Dragonite|spe|1\n|-unboost|p1b: Gholdengo|spe|1\n|move|p1a: Dragonite|Scale Shot|p2a: Electabuzz\n|-damage|p2a: Electabuzz|50\/100\n|-damage|p2a: Electabuzz|37\/100\n|-damage|p2a: Electabuzz|25\/100\n|-damage|p2a: Electabuzz|14\/100\n|-hitcount|p2a: Electabuzz|4\n|-unboost|p1a: Dragonite|def|1\n|-boost|p1a: Dragonite|spe|1\n|\n|upkeep\n|turn|2\n|\n|t:|1732047832\n|-terastallize|p1a: Dragonite|Steel\n|move|p2a: Electabuzz|Follow Me|p2a: Electabuzz\n|-singleturn|p2a: Electabuzz|move: Follow Me\n|move|p2b: Kommo-o|Clangorous Soul|p2b: Kommo-o\n|-boost|p2b: Kommo-o|atk|1\n|-boost|p2b: Kommo-o|def|1\n|-boost|p2b: Kommo-o|spa|1\n|-boost|p2b: Kommo-o|spd|1\n|-boost|p2b: Kommo-o|spe|1\n|-damage|p2b: Kommo-o|68\/100\n|-enditem|p2b: Kommo-o|Throat Spray\n|-boost|p2b: Kommo-o|spa|1|[from] item: Throat Spray\n|move|p1b: Gholdengo|Shadow Ball|p2a: Electabuzz\n|-damage|p2a: Electabuzz|0 fnt\n|faint|p2a: Electabuzz\n|move|p1a: Dragonite|Scale Shot|p2b: Kommo-o|[miss]\n|-miss|p1a: Dragonite|p2b: Kommo-o\n|\n|upkeep\n|\n|t:|1732047849\n|switch|p2a: Rillaboom|Rillaboom, L50, F|100\/100\n|-fieldstart|move: Grassy Terrain|[from] ability: Grassy Surge|[of] p2a: Rillaboom\n|turn|3\n|\n|t:|1732047858\n|switch|p1b: Dondozo|Dondozo, L50, F|100\/100\n|move|p1a: Dragonite|Protect|p1a: Dragonite\n|-singleturn|p1a: Dragonite|Protect\n|move|p2a: Rillaboom|Fake Out|p1a: Dragonite\n|-activate|p1a: Dragonite|move: Protect\n|move|p2b: Kommo-o|Flamethrower|p1b: Dondozo\n|-resisted|p1b: Dondozo\n|-damage|p1b: Dondozo|93\/100\n|\n|-heal|p2b: Kommo-o|74\/100|[from] Grassy Terrain\n|-heal|p1a: Dragonite|99\/100|[from] Grassy Terrain\n|-heal|p1b: Dondozo|99\/100|[from] Grassy Terrain\n|-heal|p1b: Dondozo|100\/100|[from] item: Leftovers\n|upkeep\n|turn|4\n|inactive|VGCLTH HUH has 30 seconds left.\n|inactive|VGCLTH HUH has 20 seconds left.\n|inactive|VGCLTH HUH has 15 seconds left.\n|inactive|VGCLTH HUH has 10 seconds left.\n|inactive|VGCLTH HUH has 5 seconds left.\n|\n|t:|1732047913\n|move|p2b: Kommo-o|Flamethrower|p1a: Dragonite\n|-supereffective|p1a: Dragonite\n|-damage|p1a: Dragonite|0 fnt\n|faint|p1a: Dragonite\n|move|p2a: Rillaboom|Wood Hammer|p1b: Dondozo\n|-supereffective|p1b: Dondozo\n|-damage|p1b: Dondozo|0 fnt\n|faint|p1b: Dondozo\n|-damage|p2a: Rillaboom|59\/100|[from] Recoil\n|\n|-heal|p2b: Kommo-o|79\/100|[from] Grassy Terrain\n|-heal|p2a: Rillaboom|65\/100|[from] Grassy Terrain\n|upkeep\n|\n|t:|1732047920\n|switch|p1a: Archaludon|Archaludon, L50, F|100\/100\n|switch|p1b: Gholdengo|Gholdengo, L50|85\/100\n|turn|5\n|j| Dogerunner\n|\n|t:|1732047939\n|-terastallize|p2b: Kommo-o|Fire\n|move|p2b: Kommo-o|Flamethrower|p1b: Gholdengo\n|-supereffective|p1b: Gholdengo\n|-damage|p1b: Gholdengo|0 fnt\n|faint|p1b: Gholdengo\n|move|p1a: Archaludon|Electro Shot||[still]\n|-prepare|p1a: Archaludon|Electro Shot\n|-boost|p1a: Archaludon|spa|1\n|-enditem|p1a: Archaludon|Power Herb\n|-anim|p1a: Archaludon|Electro Shot|p2b: Kommo-o\n|-damage|p2b: Kommo-o|33\/100\n|move|p2a: Rillaboom|High Horsepower|p1a: Archaludon\n|-supereffective|p1a: Archaludon\n|-damage|p1a: Archaludon|40\/100\n|\n|-heal|p2b: Kommo-o|39\/100|[from] Grassy Terrain\n|-heal|p1a: Archaludon|46\/100|[from] Grassy Terrain\n|-heal|p2a: Rillaboom|71\/100|[from] Grassy Terrain\n|upkeep\n|turn|6\n|-message|VGCLTH HUH forfeited.\n|\n|win|daniiivgc\n|raw|VGCLTH HUH's rating: 1784 &rarr; <strong>1764<\/strong><br \/>(-20 for losing)\n|raw|daniiivgc's rating: 1779 &rarr; <strong>1799<\/strong><br \/>(+20 for winning)\n|l|\u2606VGCLTH HUH\n|player|p1|\n|l|\u203ddaniiivgc\n|player|p2|\n|l| Dogerunner\n","uploadtime":1732048152,"views":55,"formatid":"gen9vgc2024regh","rating":1764,"private":0,"password":null}