{"id":"gen9vgc2024regh-2247571432","format":"[Gen 9] VGC 2024 Reg H","players":["VGCLTH Oinge","BassoTara2"],"log":"|raw|<div class=\"broadcast-blue\"><strong>This battle is required to be public due to a player having a name starting with 'vgclth'.<\/div>\n|j|\u2606VGCLTH Oinge\n|j|\u2606BassoTara2\n|t:|1732110743\n|gametype|doubles\n|player|p1|VGCLTH Oinge|mars|1730\n|player|p2|BassoTara2|266|1685\n|teamsize|p1|6\n|teamsize|p2|6\n|gen|9\n|tier|[Gen 9] VGC 2024 Reg H\n|rated|\n|rule|Species Clause: Limit one of each Pok\u00e9mon\n|rule|Item Clause: Limit 1 of each item\n|clearpoke\n|poke|p1|Armarouge, L50, F|\n|poke|p1|Maushold-Four, L50|\n|poke|p1|Indeedee-F, L50, F|\n|poke|p1|Gholdengo, L50|\n|poke|p1|Dragonite, L50, F|\n|poke|p1|Annihilape, L50, F|\n|poke|p2|Indeedee, L50, M|\n|poke|p2|Sneasler, L50, M|\n|poke|p2|Talonflame, L50, F|\n|poke|p2|Ursaluna-Bloodmoon, L50, M|\n|poke|p2|Dragonite, L50, M|\n|poke|p2|Electabuzz, L50, F|\n|teampreview|4\n|inactive|Battle timer is ON: inactive players will automatically lose when time's up. (requested by VGCLTH Oinge)\nBassoTara2 has agreed to open team sheets.\n|\n|t:|1732110785\n|start\n|switch|p1a: Maushold|Maushold-Four, L50|100\/100\n|switch|p1b: Armarouge|Armarouge, L50, F|100\/100\n|switch|p2a: Indeedee|Indeedee, L50, M|100\/100\n|switch|p2b: Sneasler|Sneasler, L50, M|100\/100\n|-fieldstart|move: Psychic Terrain|[from] ability: Psychic Surge|[of] p2a: Indeedee\n|-enditem|p2b: Sneasler|Psychic Seed\n|-boost|p2b: Sneasler|spd|1|[from] item: Psychic Seed\n|turn|1\n|\n|t:|1732110805\n|-terastallize|p2b: Sneasler|Dark\n|move|p2b: Sneasler|Throat Chop|p1b: Armarouge\n|-supereffective|p1b: Armarouge\n|-damage|p1b: Armarouge|33\/100\n|-start|p1b: Armarouge|Throat Chop|[silent]\n|-ability|p1b: Armarouge|Weak Armor|boost\n|-unboost|p1b: Armarouge|def|1\n|-boost|p1b: Armarouge|spe|2\n|-enditem|p1b: Armarouge|Weakness Policy\n|-boost|p1b: Armarouge|atk|2|[from] item: Weakness Policy\n|-boost|p1b: Armarouge|spa|2|[from] item: Weakness Policy\n|move|p1b: Armarouge|Expanding Force|p2a: Indeedee|[spread] p2a\n|-immune|p2b: Sneasler\n|-resisted|p2a: Indeedee\n|-damage|p2a: Indeedee|13\/100\n|move|p1a: Maushold|Beat Up|p1b: Armarouge\n|-supereffective|p1b: Armarouge\n|-damage|p1b: Armarouge|28\/100\n|-ability|p1b: Armarouge|Weak Armor|boost\n|-unboost|p1b: Armarouge|def|1\n|-boost|p1b: Armarouge|spe|2\n|-supereffective|p1b: Armarouge\n|-damage|p1b: Armarouge|21\/100\n|-ability|p1b: Armarouge|Weak Armor|boost\n|-unboost|p1b: Armarouge|def|1\n|-boost|p1b: Armarouge|spe|2\n|-supereffective|p1b: Armarouge\n|-damage|p1b: Armarouge|14\/100\n|-ability|p1b: Armarouge|Weak Armor|boost\n|-unboost|p1b: Armarouge|def|1\n|-supereffective|p1b: Armarouge\n|-damage|p1b: Armarouge|0 fnt\n|faint|p1b: Armarouge\n|-hitcount|p1: Armarouge|4\n|move|p2a: Indeedee|Expanding Force|p1a: Maushold\n|-damage|p1a: Maushold|14\/100\n|\n|upkeep\n|\n|t:|1732110826\n|switch|p1b: Dragonite|Dragonite, L50, F|100\/100\n|turn|2\n|j| Lithogen\n|\n|t:|1732110844\n|move|p2b: Sneasler|Dire Claw|p1a: Maushold\n|-damage|p1a: Maushold|0 fnt\n|faint|p1a: Maushold\n|move|p2a: Indeedee|Expanding Force|p1b: Dragonite\n|-damage|p1b: Dragonite|64\/100\n|move|p1b: Dragonite|Scale Shot|p2b: Sneasler\n|-damage|p2b: Sneasler|77\/100\n|-damage|p2b: Sneasler|51\/100\n|-damage|p2b: Sneasler|28\/100\n|-damage|p2b: Sneasler|3\/100\n|-hitcount|p2b: Sneasler|4\n|-unboost|p1b: Dragonite|def|1\n|-boost|p1b: Dragonite|spe|1\n|\n|upkeep\n|\n|t:|1732110857\n|switch|p1a: Gholdengo|Gholdengo, L50|100\/100\n|turn|3\n|\n|t:|1732110871\n|move|p1b: Dragonite|Protect|p1b: Dragonite\n|-singleturn|p1b: Dragonite|Protect\n|move|p2b: Sneasler|Dire Claw|p1b: Dragonite\n|-activate|p1b: Dragonite|move: Protect\n|move|p2a: Indeedee|Expanding Force|p1b: Dragonite|[spread] p1a\n|-activate|p1b: Dragonite|move: Protect\n|-resisted|p1a: Gholdengo\n|-damage|p1a: Gholdengo|76\/100\n|move|p1a: Gholdengo|Make It Rain|p2b: Sneasler|[spread] p2a,p2b\n|-damage|p2a: Indeedee|0 fnt\n|-damage|p2b: Sneasler|0 fnt\n|-unboost|p1a: Gholdengo|spa|1\n|faint|p2a: Indeedee\n|faint|p2b: Sneasler\n|\n|-heal|p1a: Gholdengo|82\/100|[from] item: Leftovers\n|upkeep\n|inactive|BassoTara2 has 30 seconds left.\n|\n|t:|1732110897\n|switch|p2b: Ursaluna|Ursaluna-Bloodmoon, L50, M|100\/100\n|switch|p2a: Talonflame|Talonflame, L50, F|100\/100\n|turn|4\n|\n|t:|1732110917\n|-terastallize|p1a: Gholdengo|Dragon\n|move|p2a: Talonflame|Tailwind|p2a: Talonflame\n|-sidestart|p2: BassoTara2|move: Tailwind\n|move|p2b: Ursaluna|Blood Moon|p1b: Dragonite\n|-damage|p1b: Dragonite|0 fnt\n|faint|p1b: Dragonite\n|-damage|p2b: Ursaluna|91\/100|[from] item: Life Orb\n|move|p1a: Gholdengo|Nasty Plot|p1a: Gholdengo\n|-boost|p1a: Gholdengo|spa|2\n|\n|-heal|p1a: Gholdengo|88\/100|[from] item: Leftovers\n|upkeep\n|turn|5\n|j| VGCLTH skibidi\n|l|\u2606BassoTara2\n|inactive|BassoTara2 disconnected and has a minute to reconnect!\n|player|p2|\n|j|\u2606BassoTara2\n|inactive|BassoTara2 reconnected and has 35 seconds left.\n|player|p2|BassoTara2|266|\n|inactive|BassoTara2 has 30 seconds left.\n|l|\u2606BassoTara2\n|inactive|BassoTara2 disconnected and has a minute to reconnect!\n|player|p2|\n|inactive|BassoTara2 has 20 seconds left.\n|inactive|BassoTara2 has 15 seconds left.\n|inactive|BassoTara2 has 10 seconds left.\n|j|\u2606BassoTara2\n|inactive|BassoTara2 reconnected and has 10 seconds left.\n|player|p2|BassoTara2|266|\n|inactive|BassoTara2 has 5 seconds left.\n|\n|t:|1732110972\n|move|p2a: Talonflame|Dual Wingbeat|p1a: Gholdengo\n|-activate|p1a: Gholdengo|move: Psychic Terrain\n|move|p2b: Ursaluna|Hyper Voice|p1a: Gholdengo\n|-damage|p1a: Gholdengo|15\/100\n|-damage|p2b: Ursaluna|81\/100|[from] item: Life Orb\n|move|p1a: Gholdengo|Shadow Ball|p2a: Talonflame\n|-damage|p2a: Talonflame|8\/100\n|\n|-heal|p1a: Gholdengo|21\/100|[from] item: Leftovers\n|-fieldend|move: Psychic Terrain\n|upkeep\n|turn|6\n|inactive|BassoTara2 has 30 seconds left.\n|\n|t:|1732111005\n|move|p1a: Gholdengo|Protect|p1a: Gholdengo\n|-singleturn|p1a: Gholdengo|Protect\n|move|p2a: Talonflame|Flare Blitz|p1a: Gholdengo\n|-activate|p1a: Gholdengo|move: Protect\n|move|p2b: Ursaluna|Hyper Voice|p1a: Gholdengo\n|-activate|p1a: Gholdengo|move: Protect\n|\n|-heal|p1a: Gholdengo|27\/100|[from] item: Leftovers\n|upkeep\n|turn|7\n|\n|t:|1732111018\n|move|p2a: Talonflame|Flare Blitz|p1a: Gholdengo\n|-resisted|p1a: Gholdengo\n|-damage|p1a: Gholdengo|6\/100\n|-damage|p2a: Talonflame|0 fnt|[from] Recoil\n|faint|p2a: Talonflame\n|move|p2b: Ursaluna|Hyper Voice|p1a: Gholdengo\n|-damage|p1a: Gholdengo|0 fnt\n|faint|p1a: Gholdengo\n|-damage|p2b: Ursaluna|72\/100|[from] item: Life Orb\n|\n|win|BassoTara2\n|raw|VGCLTH Oinge's rating: 1730 &rarr; <strong>1707<\/strong><br \/>(-23 for losing)\n|raw|BassoTara2's rating: 1685 &rarr; <strong>1708<\/strong><br \/>(+23 for winning)\n|l| VGCLTH skibidi\n|l|\u2606VGCLTH Oinge\n|player|p1|\n|l|\u2606BassoTara2\n|player|p2|\n|l| Lithogen\n","uploadtime":1732111284,"views":13,"formatid":"gen9vgc2024regh","rating":1707,"private":0,"password":null}