{"id":"gen9vgc2024regh-2247430827","format":"[Gen 9] VGC 2024 Reg H","players":["KaeDeeeeee","kojimuranishi"],"log":"|j|\u2606KaeDeeeeee\n|j|\u2606kojimuranishi\n|t:|1732087813\n|gametype|doubles\n|player|p1|KaeDeeeeee|gardenia|1701\n|player|p2|kojimuranishi|102|1741\n|teamsize|p1|6\n|teamsize|p2|6\n|gen|9\n|tier|[Gen 9] VGC 2024 Reg H\n|rated|\n|rule|Species Clause: Limit one of each Pok\u00e9mon\n|rule|Item Clause: Limit 1 of each item\n|clearpoke\n|poke|p1|Dondozo, L50, M|\n|poke|p1|Tatsugiri, L50, F|\n|poke|p1|Pelipper, L50, M|\n|poke|p1|Basculegion, L50, M|\n|poke|p1|Breloom, L50, M|\n|poke|p1|Gholdengo, L50|\n|poke|p2|Whimsicott, L50, F|\n|poke|p2|Ursaluna-Bloodmoon, L50, M|\n|poke|p2|Archaludon, L50, F|\n|poke|p2|Dragonite, L50, M|\n|poke|p2|Gholdengo, L50|\n|poke|p2|Volcarona, L50, M|\n|teampreview|4\n|inactive|Battle timer is ON: inactive players will automatically lose when time's up. (requested by kojimuranishi)\n|\n|t:|1732087843\n|start\n|switch|p1a: Dondozo|Dondozo, L50, M|100\/100\n|switch|p1b: Pelipper|Pelipper, L50, M|100\/100\n|switch|p2a: Whimsicott|Whimsicott, L50, F|100\/100\n|switch|p2b: Archaludon|Archaludon, L50, F|100\/100\n|-weather|RainDance|[from] ability: Drizzle|[of] p1b: Pelipper\n|turn|1\n|\n|t:|1732087861\n|switch|p1b: Tatsugiri|Tatsugiri, L50, F|100\/100\n|-activate|p1b: Tatsugiri|ability: Commander|[of] p1a: Dondozo\n|-boost|p1a: Dondozo|atk|2\n|-boost|p1a: Dondozo|spa|2\n|-boost|p1a: Dondozo|spe|2\n|-boost|p1a: Dondozo|def|2\n|-boost|p1a: Dondozo|spd|2\n|-terastallize|p1a: Dondozo|Ghost\n|move|p2a: Whimsicott|Protect|p2a: Whimsicott\n|-singleturn|p2a: Whimsicott|Protect\n|move|p1a: Dondozo|Surf|p2a: Whimsicott|[spread] p2b\n|-miss|p1a: Dondozo|p1b: Tatsugiri\n|-activate|p2a: Whimsicott|move: Protect\n|-resisted|p2b: Archaludon\n|-damage|p2b: Archaludon|67\/100\n|-ability|p2b: Archaludon|Stamina|boost\n|-boost|p2b: Archaludon|def|1\n|move|p2b: Archaludon|Draco Meteor|p1a: Dondozo\n|-damage|p1a: Dondozo|67\/100\n|-unboost|p2b: Archaludon|spa|2\n|\n|-weather|RainDance|[upkeep]\n|upkeep\n|turn|2\n|inactive|kojimuranishi has 30 seconds left.\n|\n|t:|1732087896\n|move|p2a: Whimsicott|Tailwind|p2a: Whimsicott\n|-sidestart|p2: kojimuranishi|move: Tailwind\n|move|p2b: Archaludon|Draco Meteor|p1a: Dondozo\n|-damage|p1a: Dondozo|36\/100\n|-unboost|p2b: Archaludon|spa|2\n|move|p1a: Dondozo|Surf|p2b: Archaludon|[spread] p2a,p2b\n|-miss|p1a: Dondozo|p1b: Tatsugiri\n|-resisted|p2a: Whimsicott\n|-resisted|p2b: Archaludon\n|-damage|p2a: Whimsicott|15\/100\n|-damage|p2b: Archaludon|32\/100\n|-ability|p2b: Archaludon|Stamina|boost\n|-boost|p2b: Archaludon|def|1\n|\n|-weather|RainDance|[upkeep]\n|upkeep\n|turn|3\n|j| futonkagebunshin\n|\n|t:|1732087912\n|move|p2a: Whimsicott|Moonblast|p1a: Dondozo\n|-damage|p1a: Dondozo|13\/100\n|move|p2b: Archaludon|Draco Meteor|p1a: Dondozo\n|-damage|p1a: Dondozo|0 fnt\n|-unboost|p2b: Archaludon|spa|2\n|faint|p1a: Dondozo\n|\n|-weather|RainDance|[upkeep]\n|upkeep\n|l| futonkagebunshin\n|\n|t:|1732087923\n|switch|p1a: Basculegion|Basculegion, L50, M|100\/100\n|turn|4\n|j| futonkagebunshin\n|inactive|kojimuranishi has 30 seconds left.\n|\n|t:|1732087951\n|move|p1a: Basculegion|Aqua Jet|p2a: Whimsicott\n|-resisted|p2a: Whimsicott\n|-damage|p2a: Whimsicott|0 fnt\n|faint|p2a: Whimsicott\n|move|p2b: Archaludon|Body Press|p1b: Tatsugiri\n|-damage|p1b: Tatsugiri|13\/100\n|move|p1b: Tatsugiri|Draco Meteor|p2b: Archaludon\n|-damage|p2b: Archaludon|0 fnt\n|-unboost|p1b: Tatsugiri|spa|2\n|faint|p2b: Archaludon\n|\n|-weather|RainDance|[upkeep]\n|upkeep\n|\n|t:|1732087965\n|switch|p2a: Gholdengo|Gholdengo, L50|100\/100\n|switch|p2b: Ursaluna|Ursaluna-Bloodmoon, L50, M|100\/100\n|turn|5\n|\n|t:|1732087979\n|switch|p1a: Pelipper|Pelipper, L50, M|100\/100\n|-terastallize|p2a: Gholdengo|Steel\n|move|p1b: Tatsugiri|Protect|p1b: Tatsugiri\n|-singleturn|p1b: Tatsugiri|Protect\n|move|p2b: Ursaluna|Vacuum Wave|p1b: Tatsugiri\n|-activate|p1b: Tatsugiri|move: Protect\n|move|p2a: Gholdengo|Shadow Ball|p1a: Pelipper\n|-damage|p1a: Pelipper|0 fnt\n|faint|p1a: Pelipper\n|\n|-weather|RainDance|[upkeep]\n|-sideend|p2: kojimuranishi|move: Tailwind\n|upkeep\n|\n|t:|1732087995\n|switch|p1a: Basculegion|Basculegion, L50, M|100\/100\n|turn|6\n|l|\u2606kojimuranishi\n|inactive|kojimuranishi disconnected and has a minute to reconnect!\n|player|p2|\n|inactive|kojimuranishi has 30 seconds left.\n|inactive|kojimuranishi has 20 seconds left.\n|inactive|kojimuranishi has 15 seconds left.\n|inactive|kojimuranishi has 10 seconds left.\n|inactive|kojimuranishi has 5 seconds left.\n|-message|kojimuranishi lost due to inactivity.\n|\n|win|KaeDeeeeee\n|raw|KaeDeeeeee's rating: 1701 &rarr; <strong>1723<\/strong><br \/>(+22 for winning)\n|raw|kojimuranishi's rating: 1741 &rarr; <strong>1719<\/strong><br \/>(-22 for losing)\n|j|\u2606kojimuranishi\n|player|p2|kojimuranishi|102|\n|l|\u2606KaeDeeeeee\n|player|p1|\n|l|\u2606kojimuranishi\n|player|p2|\n","uploadtime":1732088243,"views":23,"formatid":"gen9vgc2024regh","rating":1719,"private":0,"password":null}