{"id":"gen9vgc2024regh-2247332261","format":"[Gen 9] VGC 2024 Reg H","players":["Avoid Attack","VGCLTH Rain"],"log":"|raw|<div class=\"broadcast-blue\"><strong>This battle is required to be public due to a player having a name starting with 'vgclth'.<\/div>\n|j|\u2606Avoid Attack\n|j|\u2606VGCLTH Rain\n|t:|1732071591\n|gametype|doubles\n|player|p1|Avoid Attack|dawn|1669\n|player|p2|VGCLTH Rain|101|1796\n|teamsize|p1|6\n|teamsize|p2|6\n|gen|9\n|tier|[Gen 9] VGC 2024 Reg H\n|rated|\n|rule|Species Clause: Limit one of each Pok\u00e9mon\n|rule|Item Clause: Limit 1 of each item\n|clearpoke\n|poke|p1|Annihilape, L50, M|\n|poke|p1|Maushold, L50|\n|poke|p1|Archaludon, L50, F|\n|poke|p1|Ursaluna-Bloodmoon, L50, M|\n|poke|p1|Sableye, L50, F|\n|poke|p1|Ninetales-Alola, L50, F|\n|poke|p2|Typhlosion-Hisui, L50, F|\n|poke|p2|Glimmora, L50, M|\n|poke|p2|Grimmsnarl, L50, M|\n|poke|p2|Whimsicott, L50, M|\n|poke|p2|Ursaluna-Bloodmoon, L50, M|\n|poke|p2|Dusclops, L50, F|\n|teampreview|4\n|inactive|Battle timer is ON: inactive players will automatically lose when time's up. (requested by VGCLTH Rain)\n|\n|t:|1732071613\n|start\n|switch|p1a: Ursaluna|Ursaluna-Bloodmoon, L50, M|100\/100\n|switch|p1b: Sableye|Sableye, L50, F|100\/100\n|switch|p2a: Glimmora|Glimmora, L50, M|100\/100\n|switch|p2b: Grimmsnarl|Grimmsnarl, L50, M|100\/100\n|turn|1\n|\n|t:|1732071623\n|move|p1a: Ursaluna|Protect|p1a: Ursaluna\n|-singleturn|p1a: Ursaluna|Protect\n|move|p1b: Sableye|Light Screen|p1b: Sableye\n|-sidestart|p1: Avoid Attack|move: Light Screen\n|move|p2b: Grimmsnarl|Light Screen|p2b: Grimmsnarl\n|-sidestart|p2: VGCLTH Rain|move: Light Screen\n|move|p2a: Glimmora|Mortal Spin|p1b: Sableye|[spread] p1b\n|-activate|p1a: Ursaluna|move: Protect\n|-resisted|p1b: Sableye\n|-damage|p1b: Sableye|99\/100\n|-status|p1b: Sableye|psn\n|\n|-damage|p1b: Sableye|86\/100 psn|[from] psn\n|upkeep\n|turn|2\n|\n|t:|1732071636\n|move|p1b: Sableye|Encore|p2a: Glimmora\n|-start|p2a: Glimmora|Encore\n|move|p2a: Glimmora|Mortal Spin|p1b: Sableye|[spread] p1a,p1b\n|-resisted|p1a: Ursaluna\n|-resisted|p1b: Sableye\n|-damage|p1a: Ursaluna|99\/100\n|-damage|p1b: Sableye|85\/100 psn\n|-status|p1a: Ursaluna|psn\n|move|p1a: Ursaluna|Earth Power|p2a: Glimmora\n|-supereffective|p2a: Glimmora\n|-enditem|p2a: Glimmora|Focus Sash\n|-damage|p2a: Glimmora|1\/100\n|move|p2b: Grimmsnarl|Spirit Break|p1b: Sableye\n|-supereffective|p1b: Sableye\n|-damage|p1b: Sableye|20\/100 psn\n|-unboost|p1b: Sableye|spa|1\n|\n|-damage|p1a: Ursaluna|87\/100 psn|[from] psn\n|-damage|p1b: Sableye|8\/100 psn|[from] psn\n|upkeep\n|turn|3\n|\n|t:|1732071654\n|move|p1b: Sableye|Reflect|p1b: Sableye\n|-sidestart|p1: Avoid Attack|Reflect\n|move|p2a: Glimmora|Mortal Spin|p1b: Sableye|[spread] p1a,p1b\n|-resisted|p1a: Ursaluna\n|-resisted|p1b: Sableye\n|-damage|p1a: Ursaluna|86\/100 psn\n|-damage|p1b: Sableye|6\/100 psn\n|move|p1a: Ursaluna|Blood Moon|p2b: Grimmsnarl\n|-damage|p2b: Grimmsnarl|62\/100\n|move|p2b: Grimmsnarl|Spirit Break|p1a: Ursaluna\n|-damage|p1a: Ursaluna|70\/100 psn\n|-unboost|p1a: Ursaluna|spa|1\n|\n|-damage|p1a: Ursaluna|57\/100 psn|[from] psn\n|-damage|p1b: Sableye|0 fnt|[from] psn\n|faint|p1b: Sableye\n|upkeep\n|\n|t:|1732071661\n|switch|p1b: Annihilape|Annihilape, L50, M|100\/100\n|turn|4\n|\n|t:|1732071671\n|switch|p2a: Dusclops|Dusclops, L50, F|100\/100\n|-item|p1a: Ursaluna|Focus Sash|[from] ability: Frisk|[of] p2a: Dusclops\n|-item|p1b: Annihilape|Leftovers|[from] ability: Frisk|[of] p2a: Dusclops\n|move|p1a: Ursaluna|Vacuum Wave|p2a: Dusclops\n|-damage|p2a: Dusclops|97\/100\n|move|p2b: Grimmsnarl|Reflect|p2b: Grimmsnarl\n|-sidestart|p2: VGCLTH Rain|Reflect\n|move|p1b: Annihilape|Bulk Up|p1b: Annihilape\n|-boost|p1b: Annihilape|atk|1\n|-boost|p1b: Annihilape|def|1\n|\n|-damage|p1a: Ursaluna|45\/100 psn|[from] psn\n|upkeep\n|turn|5\n|\n|t:|1732071687\n|switch|p1a: Maushold|Maushold, L50|100\/100\n|move|p2b: Grimmsnarl|Taunt|p1b: Annihilape\n|-start|p1b: Annihilape|move: Taunt\n|cant|p1b: Annihilape|move: Taunt|Bulk Up\n|move|p2a: Dusclops|Trick Room|p2a: Dusclops\n|-fieldstart|move: Trick Room|[of] p2a: Dusclops\n|\n|upkeep\n|turn|6\n|\n|t:|1732071697\n|move|p2b: Grimmsnarl|Taunt|p1a: Maushold\n|-start|p1a: Maushold|move: Taunt\n|move|p2a: Dusclops|Will-O-Wisp|p1b: Annihilape|[miss]\n|-miss|p2a: Dusclops|p1b: Annihilape\n|move|p1b: Annihilape|Drain Punch|p2b: Grimmsnarl\n|-damage|p2b: Grimmsnarl|27\/100\n|cant|p1a: Maushold|move: Taunt|Taunt\n|\n|upkeep\n|turn|7\n|\n|t:|1732071710\n|switch|p1b: Ursaluna|Ursaluna-Bloodmoon, L50, M|45\/100 psn\n|move|p2a: Dusclops|Will-O-Wisp||[still]\n|-fail|p2a: Dusclops\n|move|p2b: Grimmsnarl|Spirit Break|p1a: Maushold\n|-damage|p1a: Maushold|73\/100\n|-unboost|p1a: Maushold|spa|1\n|move|p1a: Maushold|Population Bomb|p2b: Grimmsnarl\n|-damage|p2b: Grimmsnarl|22\/100\n|-damage|p2b: Grimmsnarl|17\/100\n|-damage|p2b: Grimmsnarl|12\/100\n|-damage|p2b: Grimmsnarl|7\/100\n|-damage|p2b: Grimmsnarl|2\/100\n|-damage|p2b: Grimmsnarl|0 fnt\n|faint|p2b: Grimmsnarl\n|-hitcount|p2: Grimmsnarl|6\n|\n|-damage|p1b: Ursaluna|33\/100 psn|[from] psn\n|upkeep\n|\n|t:|1732071717\n|switch|p2b: Ursaluna|Ursaluna-Bloodmoon, L50, M|100\/100\n|turn|8\n|\n|t:|1732071726\n|-terastallize|p1b: Ursaluna|Fighting\n|move|p2a: Dusclops|Helping Hand|p2b: Ursaluna\n|-singleturn|p2b: Ursaluna|Helping Hand|[of] p2a: Dusclops\n|move|p1b: Ursaluna|Vacuum Wave|p2b: Ursaluna\n|-supereffective|p2b: Ursaluna\n|-damage|p2b: Ursaluna|66\/100\n|move|p2b: Ursaluna|Hyper Voice|p1b: Ursaluna|[spread] p1a,p1b\n|-damage|p1a: Maushold|28\/100\n|-damage|p1b: Ursaluna|0 fnt\n|faint|p1b: Ursaluna\n|-enditem|p2b: Ursaluna|Throat Spray\n|-boost|p2b: Ursaluna|spa|1|[from] item: Throat Spray\n|move|p1a: Maushold|Population Bomb|p2b: Ursaluna\n|-damage|p2b: Ursaluna|63\/100\n|-damage|p2b: Ursaluna|60\/100\n|-damage|p2b: Ursaluna|57\/100\n|-damage|p2b: Ursaluna|54\/100\n|-damage|p2b: Ursaluna|51\/100\n|-damage|p2b: Ursaluna|48\/100\n|-damage|p2b: Ursaluna|45\/100\n|-damage|p2b: Ursaluna|42\/100\n|-damage|p2b: Ursaluna|39\/100\n|-damage|p2b: Ursaluna|36\/100\n|-hitcount|p2b: Ursaluna|10\n|\n|-end|p1a: Maushold|move: Taunt\n|-sideend|p1: Avoid Attack|move: Light Screen\n|-sideend|p2: VGCLTH Rain|move: Light Screen\n|upkeep\n|\n|t:|1732071727\n|switch|p1b: Annihilape|Annihilape, L50, M|100\/100\n|turn|9\n|\n|t:|1732071750\n|move|p2b: Ursaluna|Protect|p2b: Ursaluna\n|-singleturn|p2b: Ursaluna|Protect\n|move|p1a: Maushold|Protect|p1a: Maushold\n|-singleturn|p1a: Maushold|Protect\n|move|p2a: Dusclops|Will-O-Wisp|p1b: Annihilape\n|-status|p1b: Annihilape|brn\n|move|p1b: Annihilape|Bulk Up|p1b: Annihilape\n|-boost|p1b: Annihilape|atk|1\n|-boost|p1b: Annihilape|def|1\n|\n|-damage|p1b: Annihilape|94\/100 brn|[from] brn\n|-fieldend|move: Trick Room\n|upkeep\n|turn|10\n|j| VGCLTH R0gue\n|\n|t:|1732071772\n|switch|p2b: Glimmora|Glimmora, L50, M|1\/100\n|-terastallize|p2a: Dusclops|Grass\n|move|p1a: Maushold|Taunt|p2a: Dusclops\n|-start|p2a: Dusclops|move: Taunt\n|move|p1b: Annihilape|Bulk Up|p1b: Annihilape\n|-boost|p1b: Annihilape|atk|1\n|-boost|p1b: Annihilape|def|1\n|cant|p2a: Dusclops|move: Taunt|Trick Room\n|\n|-heal|p1b: Annihilape|100\/100 brn|[from] item: Leftovers\n|-damage|p1b: Annihilape|94\/100 brn|[from] brn\n|-sideend|p1: Avoid Attack|Reflect\n|upkeep\n|turn|11\n|\n|t:|1732071797\n|move|p1a: Maushold|Population Bomb|p2a: Dusclops\n|-damage|p2a: Dusclops|94\/100\n|-damage|p2a: Dusclops|92\/100\n|-damage|p2a: Dusclops|89\/100\n|-damage|p2a: Dusclops|86\/100\n|-crit|p2a: Dusclops\n|-damage|p2a: Dusclops|81\/100\n|-damage|p2a: Dusclops|78\/100\n|-damage|p2a: Dusclops|75\/100\n|-damage|p2a: Dusclops|73\/100\n|-damage|p2a: Dusclops|70\/100\n|-damage|p2a: Dusclops|67\/100\n|-hitcount|p2a: Dusclops|10\n|move|p1b: Annihilape|Drain Punch|p2b: Glimmora\n|-damage|p2b: Glimmora|0 fnt\n|-heal|p1b: Annihilape|95\/100 brn|[from] drain|[of] p2b: Glimmora\n|-activate|p2b: Glimmora|ability: Toxic Debris\n|-sidestart|p1: Avoid Attack|move: Toxic Spikes\n|faint|p2b: Glimmora\n|move|p2a: Dusclops|Night Shade|p1b: Annihilape\n|-damage|p1b: Annihilape|71\/100 brn\n|\n|-heal|p1b: Annihilape|77\/100 brn|[from] item: Leftovers\n|-damage|p1b: Annihilape|71\/100 brn|[from] brn\n|-sideend|p2: VGCLTH Rain|Reflect\n|upkeep\n|\n|t:|1732071801\n|switch|p2b: Ursaluna|Ursaluna-Bloodmoon, L50, M|36\/100\n|turn|12\n|\n|t:|1732071810\n|move|p1a: Maushold|Protect|p1a: Maushold\n|-singleturn|p1a: Maushold|Protect\n|move|p2b: Ursaluna|Protect|p2b: Ursaluna\n|-singleturn|p2b: Ursaluna|Protect\n|move|p1b: Annihilape|Drain Punch|p2b: Ursaluna\n|-activate|p2b: Ursaluna|move: Protect\n|move|p2a: Dusclops|Night Shade|p1b: Annihilape\n|-damage|p1b: Annihilape|48\/100 brn\n|\n|-heal|p1b: Annihilape|54\/100 brn|[from] item: Leftovers\n|-damage|p1b: Annihilape|48\/100 brn|[from] brn\n|-end|p2a: Dusclops|move: Taunt\n|upkeep\n|turn|13\n|\n|t:|1732071828\n|move|p1a: Maushold|Taunt|p2a: Dusclops\n|-start|p2a: Dusclops|move: Taunt\n|move|p1b: Annihilape|Drain Punch|p2b: Ursaluna\n|-supereffective|p2b: Ursaluna\n|-damage|p2b: Ursaluna|0 fnt\n|-heal|p1b: Annihilape|66\/100 brn|[from] drain|[of] p2b: Ursaluna\n|faint|p2b: Ursaluna\n|cant|p2a: Dusclops|move: Taunt|Trick Room\n|\n|-heal|p1b: Annihilape|72\/100 brn|[from] item: Leftovers\n|-damage|p1b: Annihilape|66\/100 brn|[from] brn\n|upkeep\n|turn|14\n|-message|VGCLTH Rain forfeited.\n|\n|win|Avoid Attack\n|raw|Avoid Attack's rating: 1669 &rarr; <strong>1696<\/strong><br \/>(+27 for winning)\n|raw|VGCLTH Rain's rating: 1796 &rarr; <strong>1769<\/strong><br \/>(-27 for losing)\n|l|\u2606VGCLTH Rain\n|player|p2|\n|l|\u2606Avoid Attack\n|player|p1|\n|l| VGCLTH R0gue\n","uploadtime":1732071993,"views":18,"formatid":"gen9vgc2024regh","rating":1696,"private":0,"password":null}