{"id":"gen9vgc2024regh-2247921644","format":"[Gen 9] VGC 2024 Reg H","players":["Pastels Badges","VGCLTH John Pork"],"log":"|raw|<div class=\"broadcast-blue\"><strong>This battle is required to be public due to a player having a name starting with 'vgclth'.<\/div>\n|j|\u2606Pastels Badges\n|j|\u2606VGCLTH John Pork\n|t:|1732145726\n|gametype|doubles\n|player|p1|Pastels Badges|rosa|1892\n|player|p2|VGCLTH John Pork|ogreclan|1810\n|teamsize|p1|6\n|teamsize|p2|6\n|gen|9\n|tier|[Gen 9] VGC 2024 Reg H\n|rated|\n|rule|Species Clause: Limit one of each Pok\u00e9mon\n|rule|Item Clause: Limit 1 of each item\n|clearpoke\n|poke|p1|Sneasler, L50, F|\n|poke|p1|Dragonite, L50, F|\n|poke|p1|Rillaboom, L50, F|\n|poke|p1|Volcarona, L50, F|\n|poke|p1|Dondozo, L50, M|\n|poke|p1|Kingambit, L50, M|\n|poke|p2|Whimsicott, L50, M|\n|poke|p2|Typhlosion-Hisui, L50, F|\n|poke|p2|Annihilape, L50, M|\n|poke|p2|Maushold-Four, L50|\n|poke|p2|Farigiraf, L50, F|\n|poke|p2|Ursaluna-Bloodmoon, L50, M|\n|teampreview|4\n|inactive|Battle timer is ON: inactive players will automatically lose when time's up. (requested by VGCLTH John Pork)\n|inactive|Pastels Badges has 60 seconds left.\n|\n|t:|1732145768\n|start\n|switch|p1a: Sneasler|Sneasler, L50, F|100\/100\n|switch|p1b: Dondozo|Dondozo, L50, M|100\/100\n|switch|p2a: Keep Holding On|Whimsicott, L50, M|100\/100\n|switch|p2b: Every Night|Ursaluna-Bloodmoon, L50, M|100\/100\n|turn|1\n|\n|t:|1732145779\n|-terastallize|p2b: Every Night|Normal\n|move|p2a: Keep Holding On|Tailwind|p2a: Keep Holding On\n|-sidestart|p2: VGCLTH John Pork|move: Tailwind\n|move|p1a: Sneasler|Dire Claw|p2a: Keep Holding On\n|-supereffective|p2a: Keep Holding On\n|-enditem|p2a: Keep Holding On|Focus Sash\n|-damage|p2a: Keep Holding On|1\/100\n|-status|p2a: Keep Holding On|slp\n|move|p2b: Every Night|Blood Moon|p1b: Dondozo\n|-damage|p1b: Dondozo|6\/100\n|-damage|p2b: Every Night|91\/100|[from] item: Life Orb\n|move|p1b: Dondozo|Yawn|p2b: Every Night\n|-start|p2b: Every Night|move: Yawn|[of] p1b: Dondozo\n|\n|-heal|p1b: Dondozo|12\/100|[from] item: Leftovers\n|upkeep\n|turn|2\n|inactive|Pastels Badges has 30 seconds left.\n|\n|t:|1732145806\n|switch|p2b: Haunting Me|Typhlosion-Hisui, L50, F|100\/100\n|-item|p1a: Sneasler|Focus Sash|[from] ability: Frisk|[of] p2b: Haunting Me\n|-item|p1b: Dondozo|Leftovers|[from] ability: Frisk|[of] p2b: Haunting Me\n|cant|p2a: Keep Holding On|slp\n|move|p1a: Sneasler|Dire Claw|p2b: Haunting Me\n|-resisted|p2b: Haunting Me\n|-damage|p2b: Haunting Me|72\/100\n|move|p1b: Dondozo|Yawn|p2b: Haunting Me\n|-start|p2b: Haunting Me|move: Yawn|[of] p1b: Dondozo\n|\n|-heal|p1b: Dondozo|18\/100|[from] item: Leftovers\n|upkeep\n|turn|3\n|\n|t:|1732145827\n|move|p1b: Dondozo|Protect|p1b: Dondozo\n|-singleturn|p1b: Dondozo|Protect\n|cant|p2a: Keep Holding On|slp\n|move|p2b: Haunting Me|Eruption|p1b: Dondozo|[spread] p1a\n|-activate|p1b: Dondozo|move: Protect\n|-damage|p1a: Sneasler|23\/100\n|move|p1a: Sneasler|Dire Claw|p2a: Keep Holding On\n|-supereffective|p2a: Keep Holding On\n|-damage|p2a: Keep Holding On|0 fnt\n|faint|p2a: Keep Holding On\n|\n|-heal|p1b: Dondozo|24\/100|[from] item: Leftovers\n|-end|p2b: Haunting Me|move: Yawn|[silent]\n|-status|p2b: Haunting Me|slp\n|upkeep\n|\n|t:|1732145830\n|switch|p2a: Under Your Spell|Maushold-Four, L50|100\/100\n|turn|4\n|\n|t:|1732145850\n|move|p1a: Sneasler|Protect|p1a: Sneasler\n|-singleturn|p1a: Sneasler|Protect\n|move|p2a: Under Your Spell|Population Bomb|p1a: Sneasler\n|-activate|p1a: Sneasler|move: Protect\n|cant|p2b: Haunting Me|slp\n|move|p1b: Dondozo|Wave Crash|p2b: Haunting Me\n|-supereffective|p2b: Haunting Me\n|-damage|p2b: Haunting Me|0 fnt\n|faint|p2b: Haunting Me\n|-damage|p1b: Dondozo|11\/100|[from] Recoil\n|\n|-heal|p1b: Dondozo|17\/100|[from] item: Leftovers\n|-sideend|p2: VGCLTH John Pork|move: Tailwind\n|upkeep\n|\n|t:|1732145854\n|switch|p2b: Every Night|Ursaluna-Bloodmoon, L50, M, tera:Normal|91\/100\n|turn|5\n|j| vgclth shinkiro\n|\n|t:|1732145876\n|move|p2b: Every Night|Vacuum Wave|p1a: Sneasler\n|-resisted|p1a: Sneasler\n|-crit|p1a: Sneasler\n|-damage|p1a: Sneasler|0 fnt\n|faint|p1a: Sneasler\n|-damage|p2b: Every Night|81\/100|[from] item: Life Orb\n|move|p2a: Under Your Spell|Population Bomb|p1b: Dondozo\n|-damage|p1b: Dondozo|11\/100\n|-damage|p1b: Dondozo|4\/100\n|-damage|p1b: Dondozo|0 fnt\n|faint|p1b: Dondozo\n|-hitcount|p1: Dondozo|3\n|\n|upkeep\n|\n|t:|1732145884\n|switch|p1a: Rillaboom|Rillaboom, L50, F|100\/100\n|switch|p1b: Volcarona|Volcarona, L50, F|100\/100\n|-fieldstart|move: Grassy Terrain|[from] ability: Grassy Surge|[of] p1a: Rillaboom\n|turn|6\n|\n|t:|1732145894\n|move|p1a: Rillaboom|Fake Out|p2b: Every Night\n|-damage|p2b: Every Night|71\/100\n|move|p2a: Under Your Spell|Population Bomb|p1a: Rillaboom\n|-damage|p1a: Rillaboom|91\/100\n|-damage|p1a: Rillaboom|80\/100\n|-damage|p1a: Rillaboom|70\/100\n|-damage|p1a: Rillaboom|58\/100\n|-damage|p1a: Rillaboom|47\/100\n|-damage|p1a: Rillaboom|36\/100\n|-damage|p1a: Rillaboom|26\/100\n|-damage|p1a: Rillaboom|17\/100\n|-damage|p1a: Rillaboom|6\/100\n|-damage|p1a: Rillaboom|0 fnt\n|faint|p1a: Rillaboom\n|-hitcount|p1: Rillaboom|10\n|move|p1b: Volcarona|Quiver Dance|p1b: Volcarona\n|-boost|p1b: Volcarona|spa|1\n|-boost|p1b: Volcarona|spd|1\n|-boost|p1b: Volcarona|spe|1\n|cant|p2b: Every Night|flinch\n|\n|-heal|p2b: Every Night|78\/100|[from] Grassy Terrain\n|upkeep\n|turn|7\n|inactive|Pastels Badges has 30 seconds left.\n|\n|t:|1732145921\n|-terastallize|p1b: Volcarona|Fairy\n|move|p1b: Volcarona|Tera Blast|p2b: Every Night|[anim] Tera Blast Fairy\n|-damage|p2b: Every Night|15\/100\n|move|p2a: Under Your Spell|Population Bomb|p1b: Volcarona\n|-damage|p1b: Volcarona|89\/100\n|-damage|p1b: Volcarona|78\/100\n|-damage|p1b: Volcarona|66\/100\n|-damage|p1b: Volcarona|55\/100\n|-damage|p1b: Volcarona|44\/100\n|-enditem|p1b: Volcarona|Sitrus Berry|[eat]\n|-heal|p1b: Volcarona|69\/100|[from] item: Sitrus Berry\n|-damage|p1b: Volcarona|59\/100\n|-damage|p1b: Volcarona|46\/100\n|-damage|p1b: Volcarona|35\/100\n|-damage|p1b: Volcarona|24\/100\n|-damage|p1b: Volcarona|13\/100\n|-hitcount|p1b: Volcarona|10\n|move|p2b: Every Night|Blood Moon|p1b: Volcarona\n|-damage|p1b: Volcarona|0 fnt\n|faint|p1b: Volcarona\n|-damage|p2b: Every Night|6\/100|[from] item: Life Orb\n|\n|win|VGCLTH John Pork\n|raw|Pastels Badges's rating: 1892 &rarr; <strong>1867<\/strong><br \/>(-25 for losing)\n|raw|VGCLTH John Pork's rating: 1810 &rarr; <strong>1835<\/strong><br \/>(+25 for winning)\n|l|\u2606Pastels Badges\n|player|p1|\n|c|\u2606VGCLTH John Pork|Are you flame body\n|c| vgclth shinkiro|that was wild\n|c| vgclth shinkiro|it had to not be flame body\n|c| vgclth shinkiro|or go buy a lotto ticket\n|c|\u2606VGCLTH John Pork|Ikr\n|c|\u2606VGCLTH John Pork|He is flame body\n|c|\u2606VGCLTH John Pork|LOL\n|c| vgclth shinkiro|LMAOOOO\n|c| vgclth shinkiro|holy hell\n|l|\u2606VGCLTH John Pork\n|player|p2|\n|j|\u2606VGCLTH John Pork\n|player|p2|VGCLTH John Pork|ogreclan|\n|c| vgclth shinkiro|vgclth john pork that was a 98% chance of burn\n|c| vgclth shinkiro|across 10 hits\n|l|\u2606VGCLTH John Pork\n|player|p2|\n","uploadtime":1732145993,"views":159,"formatid":"gen9vgc2024regh","rating":1835,"private":0,"password":null}