{"id":"gen9vgc2024regh-2247393870","format":"[Gen 9] VGC 2024 Reg H","players":["blobbymcgee","badpiplupvgc"],"log":"|j|\u2606blobbymcgee\n|j|\u2606badpiplupvgc\n|t:|1732080642\n|gametype|doubles\n|player|p1|blobbymcgee|depotagent|1709\n|player|p2|badpiplupvgc|265|1746\n|teamsize|p1|6\n|teamsize|p2|6\n|gen|9\n|tier|[Gen 9] VGC 2024 Reg H\n|rated|\n|rule|Species Clause: Limit one of each Pok\u00e9mon\n|rule|Item Clause: Limit 1 of each item\n|clearpoke\n|poke|p1|Incineroar, L50, M|\n|poke|p1|Amoonguss, L50, M|\n|poke|p1|Farigiraf, L50, F|\n|poke|p1|Whimsicott, L50, F|\n|poke|p1|Annihilape, L50, M|\n|poke|p1|Ursaluna-Bloodmoon, L50, M|\n|poke|p2|Tyranitar, L50, F|\n|poke|p2|Excadrill, L50, M|\n|poke|p2|Indeedee-F, L50, F|\n|poke|p2|Armarouge, L50, M|\n|poke|p2|Sneasler, L50, F|\n|poke|p2|Milotic, L50, M|\n|teampreview|4\n|\n|t:|1732080676\n|start\n|switch|p1a: Annihilape|Annihilape, L50, M, shiny|100\/100\n|switch|p1b: Ursaluna|Ursaluna-Bloodmoon, L50, M|100\/100\n|switch|p2a: Milotic|Milotic, L50, M|100\/100\n|switch|p2b: Armarouge|Armarouge, L50, M, shiny|100\/100\n|turn|1\n|j| CaliforniaChrome11\n|\n|t:|1732080695\n|switch|p2a: Indeedee|Indeedee-F, L50, F|100\/100\n|-fieldstart|move: Psychic Terrain|[from] ability: Psychic Surge|[of] p2a: Indeedee\n|-terastallize|p1a: Annihilape|Water\n|move|p2b: Armarouge|Protect|p2b: Armarouge\n|-singleturn|p2b: Armarouge|Protect\n|move|p1a: Annihilape|Bulk Up|p1a: Annihilape\n|-boost|p1a: Annihilape|atk|1\n|-boost|p1a: Annihilape|def|1\n|move|p1b: Ursaluna|Earth Power|p2b: Armarouge\n|-activate|p2b: Armarouge|move: Protect\n|\n|upkeep\n|turn|2\n|inactive|Battle timer is ON: inactive players will automatically lose when time's up. (requested by badpiplupvgc)\n|inactive|badpiplupvgc has 60 seconds left.\n|\n|t:|1732080727\n|switch|p1b: Incineroar|Incineroar, L50, M|100\/100\n|-ability|p1b: Incineroar|Intimidate|boost\n|-unboost|p2a: Indeedee|atk|1\n|-unboost|p2b: Armarouge|atk|1\n|-terastallize|p2b: Armarouge|Psychic\n|move|p2a: Indeedee|Helping Hand|p2b: Armarouge\n|-singleturn|p2b: Armarouge|Helping Hand|[of] p2a: Indeedee\n|move|p1a: Annihilape|Drain Punch|p2a: Indeedee\n|-damage|p2a: Indeedee|51\/100\n|move|p2b: Armarouge|Expanding Force|p1b: Incineroar|[spread] p1a\n|-immune|p1b: Incineroar\n|-damage|p1a: Annihilape|0 fnt\n|faint|p1a: Annihilape\n|\n|upkeep\n|\n|t:|1732080742\n|switch|p1a: Ursaluna|Ursaluna-Bloodmoon, L50, M|100\/100\n|turn|3\n|\n|t:|1732080753\n|switch|p2a: Milotic|Milotic, L50, M|100\/100\n|move|p2b: Armarouge|Protect|p2b: Armarouge\n|-singleturn|p2b: Armarouge|Protect\n|move|p1a: Ursaluna|Hyper Voice|p2b: Armarouge|[spread] p2a\n|-activate|p2b: Armarouge|move: Protect\n|-damage|p2a: Milotic|62\/100\n|-damage|p1a: Ursaluna|91\/100|[from] item: Life Orb\n|move|p1b: Incineroar|Knock Off|p2b: Armarouge\n|-activate|p2b: Armarouge|move: Protect\n|\n|upkeep\n|turn|4\n|l| CaliforniaChrome11\n|inactive|badpiplupvgc has 30 seconds left.\n|inactive|badpiplupvgc has 20 seconds left.\n|\n|t:|1732080789\n|move|p2b: Armarouge|Aura Sphere|p1b: Incineroar\n|-supereffective|p1b: Incineroar\n|-damage|p1b: Incineroar|52\/100\n|move|p2a: Milotic|Scald|p1b: Incineroar\n|-supereffective|p1b: Incineroar\n|-damage|p1b: Incineroar|0 fnt\n|faint|p1b: Incineroar\n|move|p1a: Ursaluna|Hyper Voice|p2a: Milotic|[spread] p2a,p2b\n|-damage|p2a: Milotic|26\/100\n|-damage|p2b: Armarouge|41\/100\n|-enditem|p2a: Milotic|Sitrus Berry|[eat]\n|-heal|p2a: Milotic|50\/100|[from] item: Sitrus Berry\n|-damage|p1a: Ursaluna|81\/100|[from] item: Life Orb\n|\n|upkeep\n|\n|t:|1732080803\n|switch|p1b: Whimsicott|Whimsicott, L50, F, shiny|100\/100\n|turn|5\n|\n|t:|1732080813\n|move|p2b: Armarouge|Protect|p2b: Armarouge\n|-singleturn|p2b: Armarouge|Protect\n|move|p1b: Whimsicott|Tailwind|p1b: Whimsicott\n|-sidestart|p1: blobbymcgee|move: Tailwind\n|move|p1a: Ursaluna|Hyper Voice|p2a: Milotic|[spread] p2a\n|-activate|p2b: Armarouge|move: Protect\n|-damage|p2a: Milotic|12\/100\n|-damage|p1a: Ursaluna|72\/100|[from] item: Life Orb\n|move|p2a: Milotic|Icy Wind|p1a: Ursaluna|[spread] p1a\n|-miss|p2a: Milotic|p1b: Whimsicott\n|-supereffective|p1a: Ursaluna\n|-damage|p1a: Ursaluna|44\/100\n|-unboost|p1a: Ursaluna|spe|1\n|\n|-fieldend|move: Psychic Terrain\n|upkeep\n|turn|6\n|\n|t:|1732080833\n|move|p1b: Whimsicott|Moonblast|p2a: Milotic\n|-crit|p2a: Milotic\n|-damage|p2a: Milotic|0 fnt\n|faint|p2a: Milotic\n|move|p2b: Armarouge|Expanding Force|p1a: Ursaluna\n|-damage|p1a: Ursaluna|0 fnt\n|faint|p1a: Ursaluna\n|\n|upkeep\n|j| sprocke123\n|\n|t:|1732080841\n|switch|p2a: Indeedee|Indeedee-F, L50, F|51\/100\n|-fieldstart|move: Psychic Terrain|[from] ability: Psychic Surge|[of] p2a: Indeedee\n|turn|7\n|-message|blobbymcgee forfeited.\n|\n|win|badpiplupvgc\n|raw|blobbymcgee's rating: 1709 &rarr; <strong>1691<\/strong><br \/>(-18 for losing)\n|raw|badpiplupvgc's rating: 1746 &rarr; <strong>1764<\/strong><br \/>(+18 for winning)\n|l|\u2606blobbymcgee\n|player|p1|\n|l|\u2606badpiplupvgc\n|player|p2|\n|l| sprocke123\n","uploadtime":1732081046,"views":18,"formatid":"gen9vgc2024regh","rating":1691,"private":0,"password":null}