{"id":"gen9vgc2024regh-2247599117","format":"[Gen 9] VGC 2024 Reg H","players":["Zandar26","dug days"],"log":"|j|\u2606Zandar26\n|j|\u2606dug days\n|t:|1732113753\n|gametype|doubles\n|player|p1|Zandar26|170|1640\n|player|p2|dug days|backersf|1724\n|teamsize|p1|6\n|teamsize|p2|6\n|gen|9\n|tier|[Gen 9] VGC 2024 Reg H\n|rated|\n|rule|Species Clause: Limit one of each Pok\u00e9mon\n|rule|Item Clause: Limit 1 of each item\n|clearpoke\n|poke|p1|Sneasler, L50, F|\n|poke|p1|Kingambit, L50, F|\n|poke|p1|Magmar, L50, F|\n|poke|p1|Dragapult, L50, F|\n|poke|p1|Rillaboom, L50, M|\n|poke|p1|Primarina, L50, M|\n|poke|p2|Dragonite, L50, F|\n|poke|p2|Gholdengo, L50|\n|poke|p2|Ursaluna-Bloodmoon, L50, M|\n|poke|p2|Sneasler, L50, F|\n|poke|p2|Incineroar, L50, F|\n|poke|p2|Ninetales-Alola, L50, M|\n|teampreview|4\n|inactive|Battle timer is ON: inactive players will automatically lose when time's up. (requested by Zandar26)\n|inactive|dug days has 60 seconds left.\n|inactive|dug days has 30 seconds left.\n|inactive|dug days has 20 seconds left.\n|inactive|dug days has 15 seconds left.\n|inactive|dug days has 10 seconds left.\n|inactive|dug days has 5 seconds left.\n|\n|t:|1732113867\n|start\n|switch|p1a: Sneasler|Sneasler, L50, F|100\/100\n|switch|p1b: Rillaboom|Rillaboom, L50, M|100\/100\n|switch|p2a: Ursaluna|Ursaluna-Bloodmoon, L50, M|100\/100\n|switch|p2b: Ninetales|Ninetales-Alola, L50, M|100\/100\n|-weather|Snow|[from] ability: Snow Warning|[of] p2b: Ninetales\n|-fieldstart|move: Grassy Terrain|[from] ability: Grassy Surge|[of] p1b: Rillaboom\n|turn|1\n|inactive|dug days has 30 seconds left.\n|\n|t:|1732113894\n|switch|p2b: Incineroar|Incineroar, L50, F|100\/100\n|-ability|p2b: Incineroar|Intimidate|boost\n|-unboost|p1a: Sneasler|atk|1\n|-unboost|p1b: Rillaboom|atk|1\n|-terastallize|p2a: Ursaluna|Dragon\n|move|p1b: Rillaboom|Grassy Glide|p2b: Incineroar\n|-resisted|p2b: Incineroar\n|-damage|p2b: Incineroar|90\/100\n|move|p1a: Sneasler|Dire Claw|p2b: Incineroar\n|-damage|p2b: Incineroar|67\/100\n|-status|p2b: Incineroar|slp\n|move|p2a: Ursaluna|Blood Moon|p1a: Sneasler\n|-crit|p1a: Sneasler\n|-enditem|p1a: Sneasler|Focus Sash\n|-damage|p1a: Sneasler|1\/100\n|\n|-weather|Snow|[upkeep]\n|-heal|p1a: Sneasler|7\/100|[from] Grassy Terrain\n|-heal|p2b: Incineroar|73\/100 slp|[from] Grassy Terrain\n|upkeep\n|turn|2\n|\n|t:|1732113916\n|move|p2a: Ursaluna|Vacuum Wave|p1a: Sneasler\n|-resisted|p1a: Sneasler\n|-damage|p1a: Sneasler|0 fnt\n|faint|p1a: Sneasler\n|move|p1b: Rillaboom|U-turn|p2a: Ursaluna\n|-damage|p2a: Ursaluna|88\/100\n|\n|t:|1732113920\n|switch|p1b: Dragapult|Dragapult, L50, F|100\/100|[from] U-turn\n|cant|p2b: Incineroar|slp\n|\n|-weather|Snow|[upkeep]\n|-heal|p2b: Incineroar|79\/100 slp|[from] Grassy Terrain\n|-heal|p2a: Ursaluna|95\/100|[from] Grassy Terrain\n|upkeep\n|\n|t:|1732113923\n|switch|p1a: Rillaboom|Rillaboom, L50, M|100\/100\n|turn|3\n|\n|t:|1732113935\n|-terastallize|p1b: Dragapult|Dragon\n|move|p1a: Rillaboom|Fake Out|p2a: Ursaluna\n|-damage|p2a: Ursaluna|84\/100\n|move|p1b: Dragapult|Dragon Darts|p2b: Incineroar\n|-damage|p2b: Incineroar|43\/100 slp\n|-anim|p1b: Dragapult|Dragon Darts|p2a: Ursaluna\n|-supereffective|p2a: Ursaluna\n|-damage|p2a: Ursaluna|11\/100\n|-curestatus|p2b: Incineroar|slp|[msg]\n|move|p2b: Incineroar|Knock Off|p1b: Dragapult\n|-damage|p1b: Dragapult|36\/100\n|-enditem|p1b: Dragapult|Choice Band|[from] move: Knock Off|[of] p2b: Incineroar\n|cant|p2a: Ursaluna|flinch\n|\n|-weather|Snow|[upkeep]\n|-heal|p1b: Dragapult|42\/100|[from] Grassy Terrain\n|-heal|p2b: Incineroar|49\/100|[from] Grassy Terrain\n|-heal|p2a: Ursaluna|17\/100|[from] Grassy Terrain\n|upkeep\n|turn|4\n|j| Fancy Cucudrula\n|\n|t:|1732113958\n|move|p2a: Ursaluna|Vacuum Wave|p1b: Dragapult\n|-damage|p1b: Dragapult|21\/100\n|move|p1b: Dragapult|Dragon Darts|p2a: Ursaluna\n|-supereffective|p2a: Ursaluna\n|-damage|p2a: Ursaluna|0 fnt\n|-anim|p1b: Dragapult|Dragon Darts|p2b: Incineroar\n|-damage|p2b: Incineroar|23\/100\n|faint|p2a: Ursaluna\n|move|p1a: Rillaboom|Wood Hammer|p2b: Incineroar\n|-resisted|p2b: Incineroar\n|-damage|p2b: Incineroar|0 fnt\n|faint|p2b: Incineroar\n|-damage|p1a: Rillaboom|93\/100|[from] Recoil\n|\n|-weather|Snow|[upkeep]\n|-heal|p1b: Dragapult|27\/100|[from] Grassy Terrain\n|-heal|p1a: Rillaboom|99\/100|[from] Grassy Terrain\n|upkeep\n|\n|t:|1732113968\n|switch|p2b: Ninetales|Ninetales-Alola, L50, M|100\/100\n|switch|p2a: Sneasler|Sneasler, L50, F, shiny|100\/100\n|turn|5\n|\n|t:|1732113985\n|switch|p1b: Kingambit|Kingambit, L50, F|100\/100\n|move|p2a: Sneasler|Protect|p2a: Sneasler\n|-singleturn|p2a: Sneasler|Protect\n|move|p2b: Ninetales|Freeze-Dry|p1b: Kingambit\n|-resisted|p1b: Kingambit\n|-damage|p1b: Kingambit|79\/100\n|move|p1a: Rillaboom|Wood Hammer|p2b: Ninetales\n|-damage|p2b: Ninetales|13\/100\n|-damage|p1a: Rillaboom|78\/100|[from] Recoil\n|\n|-weather|none\n|-heal|p2b: Ninetales|19\/100|[from] Grassy Terrain\n|-heal|p1a: Rillaboom|84\/100|[from] Grassy Terrain\n|-heal|p1b: Kingambit|85\/100|[from] Grassy Terrain\n|-fieldend|move: Grassy Terrain\n|upkeep\n|turn|6\n|\n|t:|1732113999\n|move|p1b: Kingambit|Sucker Punch|p2b: Ninetales\n|-resisted|p2b: Ninetales\n|-damage|p2b: Ninetales|0 fnt\n|faint|p2b: Ninetales\n|move|p2a: Sneasler|Close Combat|p1b: Kingambit\n|-supereffective|p1b: Kingambit\n|-damage|p1b: Kingambit|0 fnt\n|-unboost|p2a: Sneasler|def|1\n|-unboost|p2a: Sneasler|spd|1\n|faint|p1b: Kingambit\n|move|p1a: Rillaboom|Wood Hammer|p2a: Sneasler\n|-resisted|p2a: Sneasler\n|-damage|p2a: Sneasler|25\/100\n|-damage|p1a: Rillaboom|65\/100|[from] Recoil\n|\n|upkeep\n|\n|t:|1732114004\n|switch|p1b: Dragapult|Dragapult, L50, F, tera:Dragon|27\/100\n|turn|7\n|-message|dug days forfeited.\n|\n|win|Zandar26\n|raw|Zandar26's rating: 1640 &rarr; <strong>1665<\/strong><br \/>(+25 for winning)\n|raw|dug days's rating: 1724 &rarr; <strong>1699<\/strong><br \/>(-25 for losing)\n|l|\u2606dug days\n|player|p2|\n|l|\u2606Zandar26\n|player|p1|\n","uploadtime":1732114199,"views":14,"formatid":"gen9vgc2024regh","rating":1665,"private":0,"password":null}