{"id":"gen9vgc2024regh-2247336568","format":"[Gen 9] VGC 2024 Reg H","players":["VGCLTHTornsEnjoyer","The Umpire"],"log":"|raw|<div class=\"broadcast-blue\"><strong>This battle is required to be public due to a player having a name starting with 'vgclth'.<\/div>\n|j|\u2606VGCLTHTornsEnjoyer\n|j|\u2606The Umpire\n|t:|1732072160\n|gametype|doubles\n|player|p1|VGCLTHTornsEnjoyer|turo|1780\n|player|p2|The Umpire|volkner|1794\n|teamsize|p1|6\n|teamsize|p2|6\n|gen|9\n|tier|[Gen 9] VGC 2024 Reg H\n|rated|\n|rule|Species Clause: Limit one of each Pok\u00e9mon\n|rule|Item Clause: Limit 1 of each item\n|clearpoke\n|poke|p1|Gholdengo, L50|\n|poke|p1|Grimmsnarl, L50, M|\n|poke|p1|Whimsicott, L50, M|\n|poke|p1|Ursaluna-Bloodmoon, L50, M|\n|poke|p1|Dragonite, L50, F|\n|poke|p1|Annihilape, L50, F|\n|poke|p2|Clefairy, L50, M|\n|poke|p2|Sneasler, L50, F|\n|poke|p2|Ursaluna-Bloodmoon, L50, M|\n|poke|p2|Dragonite, L50, M|\n|poke|p2|Gholdengo, L50|\n|poke|p2|Incineroar, L50, M|\n|teampreview|4\n|inactive|Battle timer is ON: inactive players will automatically lose when time's up. (requested by VGCLTHTornsEnjoyer)\n|\n|t:|1732072183\n|start\n|switch|p1a: Annihilape|Annihilape, L50, F|100\/100\n|switch|p1b: Whimsicott|Whimsicott, L50, M|100\/100\n|switch|p2a: Dragonite|Dragonite, L50, M|100\/100\n|switch|p2b: Gholdengo|Gholdengo, L50|100\/100\n|turn|1\n|j| snow is mid\n|\n|t:|1732072201\n|switch|p1b: Gholdengo|Gholdengo, L50|100\/100\n|move|p1a: Annihilape|Final Gambit|p2a: Dragonite\n|-damage|p2a: Dragonite|0 fnt\n|faint|p1a: Annihilape\n|faint|p2a: Dragonite\n|move|p2b: Gholdengo|Make It Rain|p1b: Gholdengo\n|-resisted|p1b: Gholdengo\n|-damage|p1b: Gholdengo|49\/100\n|-unboost|p2b: Gholdengo|spa|1\n|-damage|p2b: Gholdengo|91\/100|[from] item: Life Orb\n|\n|upkeep\n|\n|t:|1732072216\n|switch|p1a: Whimsicott|Whimsicott, L50, M|100\/100\n|switch|p2a: Ursaluna|Ursaluna-Bloodmoon, L50, M|100\/100\n|turn|2\n|inactive|VGCLTHTornsEnjoyer has 30 seconds left.\n|inactive|VGCLTHTornsEnjoyer has 20 seconds left.\n|\n|t:|1732072251\n|-terastallize|p1b: Gholdengo|Steel\n|-terastallize|p2b: Gholdengo|Water\n|move|p1a: Whimsicott|Fake Tears|p2a: Ursaluna\n|-unboost|p2a: Ursaluna|spd|2\n|move|p2a: Ursaluna|Vacuum Wave|p1b: Gholdengo\n|-supereffective|p1b: Gholdengo\n|-damage|p1b: Gholdengo|16\/100\n|move|p1b: Gholdengo|Make It Rain|p2a: Ursaluna|[spread] p2a,p2b\n|-resisted|p2b: Gholdengo\n|-crit|p2b: Gholdengo\n|-damage|p2a: Ursaluna|0 fnt\n|-damage|p2b: Gholdengo|7\/100\n|-unboost|p1b: Gholdengo|spa|1\n|faint|p2a: Ursaluna\n|move|p2b: Gholdengo|Make It Rain|p1a: Whimsicott|[spread] p1a,p1b\n|-supereffective|p1a: Whimsicott\n|-resisted|p1b: Gholdengo\n|-damage|p1a: Whimsicott|0 fnt\n|-damage|p1b: Gholdengo|0 fnt\n|-unboost|p2b: Gholdengo|spa|1\n|faint|p1a: Whimsicott\n|faint|p1b: Gholdengo\n|-damage|p2b: Gholdengo|0 fnt|[from] item: Life Orb\n|faint|p2b: Gholdengo\n|\n|upkeep\n|\n|t:|1732072272\n|switch|p1a: Dragonite|Dragonite, L50, F|100\/100\n|switch|p2b: Clefairy|Clefairy, L50, M|100\/100\n|turn|3\n|\n|t:|1732072296\n|move|p1a: Dragonite|Aerial Ace|p2b: Clefairy\n|-damage|p2b: Clefairy|56\/100\n|move|p2b: Clefairy|Moonblast|p1a: Dragonite\n|-supereffective|p1a: Dragonite\n|-crit|p1a: Dragonite\n|-damage|p1a: Dragonite|36\/100\n|\n|upkeep\n|turn|4\n|j| ProssettiVGC\n|\n|t:|1732072303\n|move|p2b: Clefairy|Protect|p2b: Clefairy\n|-singleturn|p2b: Clefairy|Protect\n|move|p1a: Dragonite|Aerial Ace|p2b: Clefairy\n|-activate|p2b: Clefairy|move: Protect\n|\n|upkeep\n|turn|5\n|\n|t:|1732072311\n|move|p1a: Dragonite|Aerial Ace|p2b: Clefairy\n|-damage|p2b: Clefairy|15\/100\n|move|p2b: Clefairy|Moonblast|p1a: Dragonite\n|-supereffective|p1a: Dragonite\n|-damage|p1a: Dragonite|0 fnt\n|faint|p1a: Dragonite\n|\n|win|The Umpire\n|raw|VGCLTHTornsEnjoyer's rating: 1780 &rarr; <strong>1761<\/strong><br \/>(-19 for losing)\n|raw|The Umpire's rating: 1794 &rarr; <strong>1813<\/strong><br \/>(+19 for winning)\n|l| snow is mid\n|l|\u2606VGCLTHTornsEnjoyer\n|player|p1|\n|l|\u2606The Umpire\n|player|p2|\n|l| ProssettiVGC\n","uploadtime":1732072551,"views":41,"formatid":"gen9vgc2024regh","rating":1761,"private":0,"password":null}