{"id":"gen9vgc2024regh-2247897385","format":"[Gen 9] VGC 2024 Reg H","players":["juacox300","reg g rock"],"log":"|j|\u2606juacox300\n|j|\u2606reg g rock\n|t:|1732142880\n|gametype|doubles\n|player|p1|juacox300|unknown|1644\n|player|p2|reg g rock|grusha|1755\n|teamsize|p1|6\n|teamsize|p2|6\n|gen|9\n|tier|[Gen 9] VGC 2024 Reg H\n|rated|\n|rule|Species Clause: Limit one of each Pok\u00e9mon\n|rule|Item Clause: Limit 1 of each item\n|clearpoke\n|poke|p1|Ursaluna, L50, F|\n|poke|p1|Murkrow, L50, M|\n|poke|p1|Sneasler, L50, M|\n|poke|p1|Indeedee, L50, M|\n|poke|p1|Archaludon, L50, M|\n|poke|p1|Incineroar, L50, F|\n|poke|p2|Garchomp, L50, M|\n|poke|p2|Jumpluff, L50, F|\n|poke|p2|Torkoal, L50, M|\n|poke|p2|Dragonite, L50, F|\n|poke|p2|Kingambit, L50, F|\n|poke|p2|Typhlosion-Hisui, L50, F|\n|teampreview|4\n|inactive|Battle timer is ON: inactive players will automatically lose when time's up. (requested by reg g rock)\n|inactive|juacox300 has 60 seconds left.\n|inactive|reg g rock has 60 seconds left.\n|inactive|juacox300 has 30 seconds left.\n|inactive|reg g rock has 30 seconds left.\n|inactive|juacox300 has 20 seconds left.\n|inactive|juacox300 has 15 seconds left.\n|inactive|reg g rock has 20 seconds left.\n|inactive|juacox300 has 10 seconds left.\n|inactive|reg g rock has 15 seconds left.\n|inactive|juacox300 has 5 seconds left.\n|\n|t:|1732142970\n|start\n|switch|p1a: Ursaluna|Ursaluna, L50, F|100\/100\n|switch|p1b: Murkrow|Murkrow, L50, M|100\/100\n|switch|p2a: Dragonite|Dragonite, L50, F|100\/100\n|switch|p2b: Garchomp|Garchomp, L50, M|100\/100\n|turn|1\n|inactive|juacox300 has 30 seconds left.\n|\n|t:|1732142999\n|move|p1a: Ursaluna|Protect|p1a: Ursaluna\n|-singleturn|p1a: Ursaluna|Protect\n|move|p1b: Murkrow|Tailwind|p1b: Murkrow\n|-sidestart|p1: juacox300|move: Tailwind\n|move|p2b: Garchomp|Dragon Claw|p1b: Murkrow\n|-damage|p1b: Murkrow|32\/100\n|-damage|p2b: Garchomp|91\/100|[from] item: Life Orb\n|move|p2a: Dragonite|Scale Shot|p1b: Murkrow\n|-damage|p1b: Murkrow|13\/100\n|-damage|p1b: Murkrow|0 fnt\n|faint|p1b: Murkrow\n|-hitcount|p1: Murkrow|2\n|-unboost|p2a: Dragonite|def|1\n|-boost|p2a: Dragonite|spe|1\n|\n|-status|p1a: Ursaluna|brn|[from] item: Flame Orb\n|upkeep\n|\n|t:|1732143004\n|switch|p1b: Tommau|Sneasler, L50, M|100\/100\n|turn|2\n|\n|t:|1732143011\n|-terastallize|p1b: Tommau|Flying\n|move|p2a: Dragonite|Protect|p2a: Dragonite\n|-singleturn|p2a: Dragonite|Protect\n|move|p2b: Garchomp|Protect|p2b: Garchomp\n|-singleturn|p2b: Garchomp|Protect\n|move|p1b: Tommau|Dire Claw|p2a: Dragonite\n|-activate|p2a: Dragonite|move: Protect\n|move|p1a: Ursaluna|Facade|p2a: Dragonite\n|-activate|p2a: Dragonite|move: Protect\n|\n|-damage|p1a: Ursaluna|95\/100 brn|[from] brn\n|upkeep\n|turn|3\n|\n|t:|1732143031\n|move|p1b: Tommau|Protect|p1b: Tommau\n|-singleturn|p1b: Tommau|Protect\n|move|p2a: Dragonite|Extreme Speed|p1b: Tommau\n|-activate|p1b: Tommau|move: Protect\n|move|p1a: Ursaluna|Facade|p2a: Dragonite\n|-damage|p2a: Dragonite|0 fnt\n|faint|p2a: Dragonite\n|move|p2b: Garchomp|Dragon Claw|p1b: Tommau\n|-activate|p1b: Tommau|move: Protect\n|\n|-damage|p1a: Ursaluna|89\/100 brn|[from] brn\n|upkeep\n|\n|t:|1732143035\n|switch|p2a: Kingambit|Kingambit, L50, F|100\/100\n|turn|4\n|inactive|reg g rock has 30 seconds left.\n|\n|t:|1732143062\n|move|p2a: Kingambit|Sucker Punch|p1b: Tommau\n|-damage|p1b: Tommau|29\/100\n|move|p1b: Tommau|Dire Claw|p2b: Garchomp\n|-resisted|p2b: Garchomp\n|-damage|p2b: Garchomp|66\/100\n|-status|p2b: Garchomp|slp\n|-damage|p1b: Tommau|17\/100|[from] ability: Rough Skin|[of] p2b: Garchomp\n|move|p1a: Ursaluna|Earthquake|p2a: Kingambit|[spread] p2a,p2b\n|-immune|p1b: Tommau\n|-supereffective|p2a: Kingambit\n|-damage|p2a: Kingambit|0 fnt\n|-damage|p2b: Garchomp|0 fnt\n|faint|p2a: Kingambit\n|faint|p2b: Garchomp\n|\n|-damage|p1a: Ursaluna|83\/100 brn|[from] brn\n|-sideend|p1: juacox300|move: Tailwind\n|upkeep\n|\n|t:|1732143081\n|switch|p2b: Typhlosion|Typhlosion-Hisui, L50, F|100\/100\n|turn|5\n|\n|t:|1732143094\n|-terastallize|p2b: Typhlosion|Fire\n|move|p1b: Tommau|Protect|p1b: Tommau\n|-singleturn|p1b: Tommau|Protect\n|move|p2b: Typhlosion|Heat Wave|p1b: Tommau|[spread] p1a\n|-activate|p1b: Tommau|move: Protect\n|-damage|p1a: Ursaluna|19\/100 brn\n|move|p1a: Ursaluna|Headlong Rush|p2b: Typhlosion\n|-supereffective|p2b: Typhlosion\n|-damage|p2b: Typhlosion|0 fnt\n|-unboost|p1a: Ursaluna|def|1\n|-unboost|p1a: Ursaluna|spd|1\n|faint|p2b: Typhlosion\n|\n|win|juacox300\n|raw|juacox300's rating: 1644 &rarr; <strong>1670<\/strong><br \/>(+26 for winning)\n|raw|reg g rock's rating: 1755 &rarr; <strong>1729<\/strong><br \/>(-26 for losing)\n|l|\u2606reg g rock\n|player|p2|\n","uploadtime":1732143115,"views":66,"formatid":"gen9vgc2024regh","rating":1670,"private":0,"password":null}