{"id":"gen9vgc2024regh-2247132611","format":"[Gen 9] VGC 2024 Reg H","players":["CarryTheBoats","papixe"],"log":"|j|\u2606CarryTheBoats\n|j|\u2606papixe\n|t:|1732048894\n|gametype|doubles\n|player|p1|CarryTheBoats|crasherwake|1699\n|player|p2|papixe|101|1740\n|teamsize|p1|6\n|teamsize|p2|6\n|gen|9\n|tier|[Gen 9] VGC 2024 Reg H\n|rated|\n|rule|Species Clause: Limit one of each Pok\u00e9mon\n|rule|Item Clause: Limit 1 of each item\n|clearpoke\n|poke|p1|Archaludon, L50, F|\n|poke|p1|Pelipper, L50, M|\n|poke|p1|Basculegion, L50, M|\n|poke|p1|Dragonite, L50, M|\n|poke|p1|Incineroar, L50, F|\n|poke|p1|Amoonguss, L50, M|\n|poke|p2|Charizard, L50, F|\n|poke|p2|Ninetales, L50, F|\n|poke|p2|Dragonite, L50, F|\n|poke|p2|Gengar, L50, F|\n|poke|p2|Clefairy, L50, F|\n|poke|p2|Gyarados, L50, F|\n|teampreview|4\n|l|\u2606CarryTheBoats\n|player|p1|\n|inactive|Battle timer is ON: inactive players will automatically lose when time's up. (requested by papixe)\n|j|\u2606CarryTheBoats\n|inactive|CarryTheBoats reconnected and has 75 seconds left.\n|player|p1|CarryTheBoats|crasherwake|\n|\n|t:|1732048939\n|start\n|switch|p1a: Dragonite|Dragonite, L50, M, shiny|100\/100\n|switch|p1b: Archaludon|Archaludon, L50, F, shiny|100\/100\n|switch|p2a: Gyarados|Gyarados, L50, F, shiny|100\/100\n|switch|p2b: Charizard|Charizard, L50, F, shiny|100\/100\n|-ability|p2a: Gyarados|Intimidate|boost\n|-unboost|p1a: Dragonite|atk|1\n|-unboost|p1b: Archaludon|atk|1\n|turn|1\n|\n|t:|1732048957\n|switch|p2a: Ninetales|Ninetales, L50, F, shiny|100\/100\n|-weather|SunnyDay|[from] ability: Drought|[of] p2a: Ninetales\n|move|p2b: Charizard|Heat Wave|p1a: Dragonite|[spread] p1a\n|-miss|p2b: Charizard|p1b: Archaludon\n|-resisted|p1a: Dragonite\n|-damage|p1a: Dragonite|73\/100\n|move|p1a: Dragonite|Scale Shot|p2b: Charizard\n|-damage|p2b: Charizard|87\/100\n|-damage|p2b: Charizard|73\/100\n|-damage|p2b: Charizard|59\/100\n|-damage|p2b: Charizard|45\/100\n|-hitcount|p2b: Charizard|4\n|-unboost|p1a: Dragonite|def|1\n|-boost|p1a: Dragonite|spe|1\n|move|p1b: Archaludon|Dragon Pulse|p2b: Charizard\n|-damage|p2b: Charizard|0 fnt\n|faint|p2b: Charizard\n|\n|-weather|SunnyDay|[upkeep]\n|upkeep\n|\n|t:|1732048980\n|switch|p2b: Gyarados|Gyarados, L50, F, shiny|100\/100\n|-ability|p2b: Gyarados|Intimidate|boost\n|-unboost|p1a: Dragonite|atk|1\n|-unboost|p1b: Archaludon|atk|1\n|turn|2\n|\n|t:|1732048995\n|switch|p1a: Pelipper|Pelipper, L50, M, shiny|100\/100\n|-weather|RainDance|[from] ability: Drizzle|[of] p1a: Pelipper\n|-terastallize|p2b: Gyarados|Ground\n|move|p2a: Ninetales|Will-O-Wisp|p1a: Pelipper|[miss]\n|-miss|p2a: Ninetales|p1a: Pelipper\n|move|p1b: Archaludon|Electro Shot||[still]\n|-prepare|p1b: Archaludon|Electro Shot\n|-boost|p1b: Archaludon|spa|1\n|-anim|p1b: Archaludon|Electro Shot|p2b: Gyarados\n|-immune|p2b: Gyarados\n|move|p2b: Gyarados|Dragon Dance|p2b: Gyarados\n|-boost|p2b: Gyarados|atk|1\n|-boost|p2b: Gyarados|spe|1\n|\n|-weather|RainDance|[upkeep]\n|upkeep\n|turn|3\n|\n|t:|1732049022\n|-terastallize|p1b: Archaludon|Bug\n|move|p2b: Gyarados|Waterfall|p1a: Pelipper\n|-resisted|p1a: Pelipper\n|-damage|p1a: Pelipper|41\/100\n|move|p2a: Ninetales|Encore|p1b: Archaludon\n|-start|p1b: Archaludon|Encore\n|move|p1a: Pelipper|Tailwind|p1a: Pelipper\n|-sidestart|p1: CarryTheBoats|move: Tailwind\n|move|p1b: Archaludon|Electro Shot||[still]\n|-prepare|p1b: Archaludon|Electro Shot\n|-boost|p1b: Archaludon|spa|1\n|-anim|p1b: Archaludon|Electro Shot|p2a: Ninetales\n|-damage|p2a: Ninetales|26\/100\n|-enditem|p2a: Ninetales|Sitrus Berry|[eat]\n|-heal|p2a: Ninetales|51\/100|[from] item: Sitrus Berry\n|\n|-weather|RainDance|[upkeep]\n|upkeep\n|turn|4\n|\n|t:|1732049044\n|switch|p1a: Amoonguss|Amoonguss, L50, M|100\/100\n|move|p2b: Gyarados|Protect|p2b: Gyarados\n|-singleturn|p2b: Gyarados|Protect\n|move|p1b: Archaludon|Electro Shot||[still]\n|-prepare|p1b: Archaludon|Electro Shot\n|-boost|p1b: Archaludon|spa|1\n|-anim|p1b: Archaludon|Electro Shot|p2a: Ninetales\n|-damage|p2a: Ninetales|0 fnt\n|faint|p2a: Ninetales\n|\n|-weather|RainDance|[upkeep]\n|upkeep\n|\n|t:|1732049058\n|switch|p2a: Dragonite|Dragonite, L50, F|100\/100\n|turn|5\n|\n|t:|1732049067\n|move|p1b: Archaludon|Electro Shot||[still]\n|-prepare|p1b: Archaludon|Electro Shot\n|-boost|p1b: Archaludon|spa|1\n|-anim|p1b: Archaludon|Electro Shot|p2a: Dragonite\n|-damage|p2a: Dragonite|63\/100\n|move|p2b: Gyarados|Earthquake|p1a: Amoonguss|[spread] p1a,p1b\n|-immune|p2a: Dragonite\n|-resisted|p1b: Archaludon\n|-damage|p1a: Amoonguss|52\/100\n|-damage|p1b: Archaludon|79\/100\n|-ability|p1b: Archaludon|Stamina|boost\n|-boost|p1b: Archaludon|def|1\n|move|p1a: Amoonguss|Spore|p2b: Gyarados\n|-status|p2b: Gyarados|slp|[from] move: Spore\n|move|p2a: Dragonite|Ice Spinner|p1a: Amoonguss\n|-supereffective|p1a: Amoonguss\n|-damage|p1a: Amoonguss|0 fnt\n|faint|p1a: Amoonguss\n|\n|-weather|RainDance|[upkeep]\n|-end|p1b: Archaludon|Encore\n|upkeep\n|j| Therazer456\n|\n|t:|1732049079\n|switch|p1a: Dragonite|Dragonite, L50, M, shiny|73\/100\n|turn|6\n|\n|t:|1732049094\n|move|p2a: Dragonite|Extreme Speed|p1a: Dragonite\n|-damage|p1a: Dragonite|39\/100\n|move|p1a: Dragonite|Scale Shot|p2b: Gyarados\n|-damage|p2b: Gyarados|84\/100 slp\n|-damage|p2b: Gyarados|68\/100 slp\n|-damage|p2b: Gyarados|53\/100 slp\n|-damage|p2b: Gyarados|39\/100 slp\n|-hitcount|p2b: Gyarados|4\n|-unboost|p1a: Dragonite|def|1\n|-boost|p1a: Dragonite|spe|1\n|move|p1b: Archaludon|Electro Shot||[still]\n|-prepare|p1b: Archaludon|Electro Shot\n|-boost|p1b: Archaludon|spa|1\n|-anim|p1b: Archaludon|Electro Shot|p2a: Dragonite\n|-damage|p2a: Dragonite|0 fnt\n|faint|p2a: Dragonite\n|cant|p2b: Gyarados|slp\n|\n|-weather|none\n|-heal|p2b: Gyarados|45\/100 slp|[from] item: Leftovers\n|-sideend|p1: CarryTheBoats|move: Tailwind\n|upkeep\n|turn|7\n|\n|t:|1732049117\n|cant|p2b: Gyarados|slp\n|move|p1a: Dragonite|Ice Spinner|p2b: Gyarados\n|-supereffective|p2b: Gyarados\n|-damage|p2b: Gyarados|0 fnt\n|faint|p2b: Gyarados\n|\n|win|CarryTheBoats\n|raw|CarryTheBoats's rating: 1699 &rarr; <strong>1721<\/strong><br \/>(+22 for winning)\n|raw|papixe's rating: 1740 &rarr; <strong>1718<\/strong><br \/>(-22 for losing)\n|l|\u2606papixe\n|player|p2|\n","uploadtime":1732049125,"views":25,"formatid":"gen9vgc2024regh","rating":1718,"private":0,"password":null}