{"id":"gen9vgc2024regh-2247114056","format":"[Gen 9] VGC 2024 Reg H","players":["VGCLTH mike","testmaincourse"],"log":"|raw|<div class=\"broadcast-blue\"><strong>This battle is required to be public due to a player having a name starting with 'vgclth'.<\/div>\n|j|\u2606VGCLTH mike\n|j|\u2606testmaincourse\n|t:|1732047115\n|gametype|doubles\n|player|p1|VGCLTH mike|irida|1682\n|player|p2|testmaincourse|lacey|1688\n|teamsize|p1|6\n|teamsize|p2|6\n|gen|9\n|tier|[Gen 9] VGC 2024 Reg H\n|rated|\n|rule|Species Clause: Limit one of each Pok\u00e9mon\n|rule|Item Clause: Limit 1 of each item\n|clearpoke\n|poke|p1|Tyranitar, L50, M|\n|poke|p1|Annihilape, L50, F|\n|poke|p1|Bronzong, L50|\n|poke|p1|Ursaluna-Bloodmoon, L50, M|\n|poke|p1|Whimsicott, L50, F|\n|poke|p1|Gastrodon-East, L50, M|\n|poke|p2|Corviknight, L50, M|\n|poke|p2|Garchomp, L50, M|\n|poke|p2|Annihilape, L50, M|\n|poke|p2|Armarouge, L50, M|\n|poke|p2|Indeedee-F, L50, F|\n|poke|p2|Sneasler, L50, F|\n|teampreview|4\ntestmaincourse rejected open team sheets.\n|inactive|Battle timer is ON: inactive players will automatically lose when time's up. (requested by VGCLTH mike)\n|j| mr pogostick\n|inactive|VGCLTH mike has 60 seconds left.\n|\n|t:|1732047152\n|start\n|switch|p1a: Annihilape|Annihilape, L50, F|100\/100\n|switch|p1b: Whimsicott|Whimsicott, L50, F, shiny|100\/100\n|switch|p2a: Corviknight|Corviknight, L50, M, shiny|100\/100\n|switch|p2b: Mozzarella|Indeedee-F, L50, F, shiny|100\/100\n|-fieldstart|move: Psychic Terrain|[from] ability: Psychic Surge|[of] p2b: Mozzarella\n|turn|1\n|inactive|VGCLTH mike has 30 seconds left.\n|\n|t:|1732047187\n|switch|p1a: Ursaluna|Ursaluna-Bloodmoon, L50, M|100\/100\n|move|p2b: Mozzarella|Follow Me|p2b: Mozzarella\n|-singleturn|p2b: Mozzarella|move: Follow Me\n|move|p1b: Whimsicott|Misty Terrain|p1b: Whimsicott\n|-fieldstart|move: Misty Terrain\n|move|p2a: Corviknight|Brave Bird|p1b: Whimsicott\n|-supereffective|p1b: Whimsicott\n|-damage|p1b: Whimsicott|16\/100\n|-damage|p2a: Corviknight|78\/100|[from] Recoil\n|\n|upkeep\n|turn|2\n|\n|t:|1732047204\n|switch|p1b: Bronzong|Bronzong, L50|100\/100\n|move|p2b: Mozzarella|Psychic|p1b: Bronzong\n|-resisted|p1b: Bronzong\n|-damage|p1b: Bronzong|95\/100\n|move|p1a: Ursaluna|Blood Moon|p2b: Mozzarella\n|-damage|p2b: Mozzarella|2\/100\n|-damage|p1a: Ursaluna|91\/100|[from] item: Life Orb\n|move|p2a: Corviknight|Bulk Up|p2a: Corviknight\n|-boost|p2a: Corviknight|atk|1\n|-boost|p2a: Corviknight|def|1\n|\n|-heal|p1b: Bronzong|100\/100|[from] item: Leftovers\n|upkeep\n|turn|3\n|\n|t:|1732047219\n|move|p1a: Ursaluna|Protect|p1a: Ursaluna\n|-singleturn|p1a: Ursaluna|Protect\n|move|p2a: Corviknight|Thief|p1b: Bronzong\n|-supereffective|p1b: Bronzong\n|-damage|p1b: Bronzong|67\/100\n|move|p2b: Mozzarella|Trick Room|p2b: Mozzarella\n|-fieldstart|move: Trick Room|[of] p2b: Mozzarella\n|move|p1b: Bronzong|Trick Room|p1b: Bronzong\n|-fieldend|move: Trick Room\n|\n|-heal|p1b: Bronzong|73\/100|[from] item: Leftovers\n|upkeep\n|turn|4\n|\n|t:|1732047231\n|move|p2b: Mozzarella|Psychic|p1a: Ursaluna\n|-damage|p1a: Ursaluna|53\/100\n|move|p1a: Ursaluna|Hyper Voice|p2b: Mozzarella|[spread] p2a,p2b\n|-resisted|p2a: Corviknight\n|-damage|p2a: Corviknight|55\/100\n|-damage|p2b: Mozzarella|0 fnt\n|faint|p2b: Mozzarella\n|-damage|p1a: Ursaluna|43\/100|[from] item: Life Orb\n|move|p2a: Corviknight|Thief|p1a: Ursaluna\n|-damage|p1a: Ursaluna|24\/100\n|move|p1b: Bronzong|Trick Room|p1b: Bronzong\n|-fieldstart|move: Trick Room|[of] p1b: Bronzong\n|\n|-heal|p1b: Bronzong|79\/100|[from] item: Leftovers\n|upkeep\n|\n|t:|1732047235\n|switch|p2b: Sashimi|Garchomp, L50, M, shiny|100\/100\n|turn|5\n|\n|t:|1732047245\n|move|p2b: Sashimi|Protect|p2b: Sashimi\n|-singleturn|p2b: Sashimi|Protect\n|move|p1b: Bronzong|Iron Defense|p1b: Bronzong\n|-boost|p1b: Bronzong|def|2\n|move|p2a: Corviknight|Brave Bird|p1a: Ursaluna\n|-damage|p1a: Ursaluna|0 fnt\n|faint|p1a: Ursaluna\n|-damage|p2a: Corviknight|47\/100|[from] Recoil\n|\n|-heal|p1b: Bronzong|84\/100|[from] item: Leftovers\n|-fieldend|Misty Terrain\n|upkeep\n|\n|t:|1732047248\n|switch|p1a: Annihilape|Annihilape, L50, F|100\/100\n|turn|6\n|\n|t:|1732047264\n|move|p1a: Annihilape|Protect|p1a: Annihilape\n|-singleturn|p1a: Annihilape|Protect\n|move|p1b: Bronzong|Ice Spinner|p2b: Sashimi\n|-supereffective|p2b: Sashimi\n|-damage|p2b: Sashimi|35\/100\n|-damage|p1b: Bronzong|72\/100|[from] ability: Rough Skin|[of] p2b: Sashimi\n|move|p2a: Corviknight|Roost|p2a: Corviknight\n|-heal|p2a: Corviknight|98\/100\n|-singleturn|p2a: Corviknight|move: Roost\n|move|p2b: Sashimi|Stomping Tantrum|p1b: Bronzong\n|-immune|p1b: Bronzong|[from] ability: Levitate\n|\n|-heal|p1b: Bronzong|78\/100|[from] item: Leftovers\n|upkeep\n|turn|7\n|\n|t:|1732047285\n|-terastallize|p1a: Annihilape|Fire\n|move|p2b: Sashimi|Protect|p2b: Sashimi\n|-singleturn|p2b: Sashimi|Protect\n|move|p1b: Bronzong|Iron Defense|p1b: Bronzong\n|-boost|p1b: Bronzong|def|2\n|move|p2a: Corviknight|Bulk Up|p2a: Corviknight\n|-boost|p2a: Corviknight|atk|1\n|-boost|p2a: Corviknight|def|1\n|move|p1a: Annihilape|Bulk Up|p1a: Annihilape\n|-boost|p1a: Annihilape|atk|1\n|-boost|p1a: Annihilape|def|1\n|\n|-heal|p1b: Bronzong|84\/100|[from] item: Leftovers\n|upkeep\n|turn|8\n|\n|t:|1732047306\n|switch|p2b: Margherita|Sneasler, L50, F, shiny|100\/100\n|move|p1b: Bronzong|Body Press|p2a: Corviknight\n|-damage|p2a: Corviknight|68\/100\n|move|p2a: Corviknight|Brave Bird|p1a: Annihilape\n|-damage|p1a: Annihilape|33\/100\n|-damage|p2a: Corviknight|47\/100|[from] Recoil\n|move|p1a: Annihilape|Drain Punch|p2b: Margherita\n|-resisted|p2b: Margherita\n|-damage|p2b: Margherita|56\/100\n|-heal|p1a: Annihilape|51\/100|[from] drain|[of] p2b: Margherita\n|\n|-heal|p1b: Bronzong|90\/100|[from] item: Leftovers\n|-fieldend|move: Trick Room\n|upkeep\n|turn|9\n|\n|t:|1732047322\n|move|p2b: Margherita|Close Combat|p1a: Annihilape\n|-damage|p1a: Annihilape|0 fnt\n|-unboost|p2b: Margherita|def|1\n|-unboost|p2b: Margherita|spd|1\n|faint|p1a: Annihilape\n|move|p2a: Corviknight|Roost|p2a: Corviknight\n|-heal|p2a: Corviknight|98\/100\n|-singleturn|p2a: Corviknight|move: Roost\n|move|p1b: Bronzong|Trick Room|p1b: Bronzong\n|-fieldstart|move: Trick Room|[of] p1b: Bronzong\n|\n|-heal|p1b: Bronzong|95\/100|[from] item: Leftovers\n|upkeep\n|\n|t:|1732047325\n|switch|p1a: Whimsicott|Whimsicott, L50, F, shiny|16\/100\n|turn|10\n|\n|t:|1732047348\n|move|p2b: Margherita|Protect|p2b: Margherita\n|-singleturn|p2b: Margherita|Protect\n|move|p1b: Bronzong|Body Press|p2b: Margherita\n|-activate|p2b: Margherita|move: Protect\n|move|p2a: Corviknight|Brave Bird|p1a: Whimsicott\n|-supereffective|p1a: Whimsicott\n|-damage|p1a: Whimsicott|0 fnt\n|faint|p1a: Whimsicott\n|-damage|p2a: Corviknight|94\/100|[from] Recoil\n|\n|-heal|p1b: Bronzong|100\/100|[from] item: Leftovers\n|upkeep\n|turn|11\n|\n|t:|1732047359\n|move|p1b: Bronzong|Body Press|p2b: Margherita\n|-resisted|p2b: Margherita\n|-damage|p2b: Margherita|0 fnt\n|faint|p2b: Margherita\n|move|p2a: Corviknight|Bulk Up|p2a: Corviknight\n|-boost|p2a: Corviknight|atk|1\n|-boost|p2a: Corviknight|def|1\n|\n|upkeep\n|\n|t:|1732047362\n|switch|p2b: Sashimi|Garchomp, L50, M, shiny|35\/100\n|turn|12\n|\n|t:|1732047371\n|move|p2b: Sashimi|Protect|p2b: Sashimi\n|-singleturn|p2b: Sashimi|Protect\n|move|p1b: Bronzong|Iron Defense|p1b: Bronzong\n|-boost|p1b: Bronzong|def|2\n|move|p2a: Corviknight|Thief|p1b: Bronzong\n|-supereffective|p1b: Bronzong\n|-damage|p1b: Bronzong|87\/100\n|\n|-heal|p1b: Bronzong|92\/100|[from] item: Leftovers\n|upkeep\n|turn|13\n|\n|t:|1732047380\n|move|p1b: Bronzong|Body Press|p2a: Corviknight\n|-crit|p2a: Corviknight\n|-damage|p2a: Corviknight|0 fnt\n|faint|p2a: Corviknight\n|move|p2b: Sashimi|Scale Shot|p1b: Bronzong|[miss]\n|-miss|p2b: Sashimi|p1b: Bronzong\n|\n|-heal|p1b: Bronzong|98\/100|[from] item: Leftovers\n|-fieldend|move: Trick Room\n|upkeep\n|turn|14\n|-message|testmaincourse forfeited.\n|\n|win|VGCLTH mike\n|raw|VGCLTH mike's rating: 1682 &rarr; <strong>1702<\/strong><br \/>(+20 for winning)\n|raw|testmaincourse's rating: 1688 &rarr; <strong>1668<\/strong><br \/>(-20 for losing)\n|l|\u2606VGCLTH mike\n|player|p1|\n|j|\u2606VGCLTH mike\n|player|p1|VGCLTH mike|irida|\n|l|\u2606VGCLTH mike\n|player|p1|\n","uploadtime":1732047395,"views":36,"formatid":"gen9vgc2024regh","rating":1668,"private":0,"password":null}