{"id":"gen9vgc2024regh-2247851111","format":"[Gen 9] VGC 2024 Reg H","players":["ren122333","VGCLTH John Pork"],"log":"|raw|<div class=\"broadcast-blue\"><strong>This battle is required to be public due to a player having a name starting with 'vgclth'.<\/div>\n|j|\u2606ren122333\n|j|\u2606VGCLTH John Pork\n|t:|1732137898\n|gametype|doubles\n|player|p1|ren122333|hilbert|1734\n|player|p2|VGCLTH John Pork|ogreclan|1794\n|teamsize|p1|6\n|teamsize|p2|6\n|gen|9\n|tier|[Gen 9] VGC 2024 Reg H\n|rated|\n|rule|Species Clause: Limit one of each Pok\u00e9mon\n|rule|Item Clause: Limit 1 of each item\n|clearpoke\n|poke|p1|Whimsicott, L50, M|\n|poke|p1|Mamoswine, L50, F|\n|poke|p1|Lycanroc-Dusk, L50, M|\n|poke|p1|Typhlosion-Hisui, L50, F|\n|poke|p1|Farigiraf, L50, F|\n|poke|p1|Mienshao, L50, M|\n|poke|p2|Whimsicott, L50, M|\n|poke|p2|Typhlosion-Hisui, L50, M|\n|poke|p2|Annihilape, L50, F|\n|poke|p2|Maushold-Four, L50|\n|poke|p2|Farigiraf, L50, M|\n|poke|p2|Ursaluna-Bloodmoon, L50, M|\n|teampreview|4\n|inactive|Battle timer is ON: inactive players will automatically lose when time's up. (requested by VGCLTH John Pork)\n|\n|t:|1732137905\n|start\n|switch|p1a: Whimsicott|Whimsicott, L50, M|100\/100\n|switch|p1b: Lycanroc|Lycanroc-Dusk, L50, M|100\/100\n|switch|p2a: Under Your Spell|Maushold-Four, L50|100\/100\n|switch|p2b: Colliding Walls|Farigiraf, L50, M|100\/100\n|turn|1\n|inactive|ren122333 has 30 seconds left.\n|\n|t:|1732137932\n|-terastallize|p1a: Whimsicott|Ghost\n|move|p1a: Whimsicott|Moonblast|p2b: Colliding Walls\n|-crit|p2b: Colliding Walls\n|-damage|p2b: Colliding Walls|40\/100\n|-unboost|p2b: Colliding Walls|spa|1\n|move|p2a: Under Your Spell|Population Bomb|p1b: Lycanroc\n|-resisted|p1b: Lycanroc\n|-damage|p1b: Lycanroc|91\/100\n|-resisted|p1b: Lycanroc\n|-damage|p1b: Lycanroc|82\/100\n|-resisted|p1b: Lycanroc\n|-damage|p1b: Lycanroc|72\/100\n|-resisted|p1b: Lycanroc\n|-crit|p1b: Lycanroc\n|-damage|p1b: Lycanroc|60\/100\n|-resisted|p1b: Lycanroc\n|-damage|p1b: Lycanroc|50\/100\n|-resisted|p1b: Lycanroc\n|-damage|p1b: Lycanroc|41\/100\n|-resisted|p1b: Lycanroc\n|-damage|p1b: Lycanroc|31\/100\n|-hitcount|p1b: Lycanroc|7\n|move|p1b: Lycanroc|Rock Slide|p2a: Under Your Spell|[spread] p2a,p2b\n|-damage|p2a: Under Your Spell|38\/100\n|-damage|p2b: Colliding Walls|2\/100\n|move|p2b: Colliding Walls|Trick Room|p2b: Colliding Walls\n|-fieldstart|move: Trick Room|[of] p2b: Colliding Walls\n|\n|upkeep\n|turn|2\n|inactive|VGCLTH John Pork has 30 seconds left.\n|\n|t:|1732137966\n|move|p2a: Under Your Spell|Protect|p2a: Under Your Spell\n|-singleturn|p2a: Under Your Spell|Protect\n|move|p2b: Colliding Walls|Psychic Noise|p1a: Whimsicott\n|-damage|p1a: Whimsicott|61\/100\n|-start|p1a: Whimsicott|move: Heal Block\n|-enditem|p2b: Colliding Walls|Throat Spray\n|-boost|p2b: Colliding Walls|spa|1|[from] item: Throat Spray\n|move|p1b: Lycanroc|Rock Slide|p2b: Colliding Walls|[spread] p2b\n|-activate|p2a: Under Your Spell|move: Protect\n|-damage|p2b: Colliding Walls|0 fnt\n|faint|p2b: Colliding Walls\n|move|p1a: Whimsicott|Moonblast|p2a: Under Your Spell\n|-activate|p2a: Under Your Spell|move: Protect\n|\n|upkeep\n|\n|t:|1732137971\n|switch|p2b: Every Night|Ursaluna-Bloodmoon, L50, M|100\/100\n|turn|3\n|\n|t:|1732137982\n|-terastallize|p2b: Every Night|Normal\n|move|p2a: Under Your Spell|Follow Me|p2a: Under Your Spell\n|-singleturn|p2a: Under Your Spell|move: Follow Me\n|move|p1a: Whimsicott|Encore|p2a: Under Your Spell\n|-start|p2a: Under Your Spell|Encore\n|move|p2b: Every Night|Hyper Voice|p1b: Lycanroc|[spread] p1a,p1b\n|-resisted|p1b: Lycanroc\n|-damage|p1a: Whimsicott|0 fnt\n|-damage|p1b: Lycanroc|0 fnt\n|faint|p1a: Whimsicott\n|faint|p1b: Lycanroc\n|-damage|p2b: Every Night|91\/100|[from] item: Life Orb\n|\n|upkeep\n|\n|t:|1732137991\n|switch|p1b: Typhlosion|Typhlosion-Hisui, L50, F|100\/100\n|switch|p1a: Mienshao|Mienshao, L50, M|100\/100\n|-item|p2a: Under Your Spell|Wide Lens|[from] ability: Frisk|[of] p1b: Typhlosion\n|-item|p2b: Every Night|Life Orb|[from] ability: Frisk|[of] p1b: Typhlosion\n|turn|4\n|\n|t:|1732137997\n|switch|p2b: Wont Be Back Again|Annihilape, L50, F|100\/100\n|move|p1a: Mienshao|Wide Guard|p1a: Mienshao\n|-singleturn|p1a: Mienshao|Wide Guard\n|move|p2a: Under Your Spell|Follow Me|p2a: Under Your Spell\n|-singleturn|p2a: Under Your Spell|move: Follow Me\n|move|p1b: Typhlosion|Eruption|p2b: Wont Be Back Again|[spread] p2a,p2b\n|-damage|p2a: Under Your Spell|0 fnt\n|-damage|p2b: Wont Be Back Again|10\/100\n|faint|p2a: Under Your Spell\n|\n|upkeep\n|\n|t:|1732137999\n|switch|p2a: Every Night|Ursaluna-Bloodmoon, L50, M, tera:Normal|91\/100\n|turn|5\n|j| oherrodersir\n|\n|t:|1732138011\n|move|p2a: Every Night|Earth Power|p1b: Typhlosion\n|-supereffective|p1b: Typhlosion\n|-damage|p1b: Typhlosion|0 fnt\n|faint|p1b: Typhlosion\n|-damage|p2a: Every Night|81\/100|[from] item: Life Orb\n|move|p2b: Wont Be Back Again|Drain Punch|p1a: Mienshao\n|-damage|p1a: Mienshao|4\/100\n|-heal|p2b: Wont Be Back Again|46\/100|[from] drain|[of] p1a: Mienshao\n|move|p1a: Mienshao|Knock Off|p2b: Wont Be Back Again\n|-damage|p2b: Wont Be Back Again|0 fnt\n|-enditem|p2b: Wont Be Back Again|Choice Band|[from] move: Knock Off|[of] p1a: Mienshao\n|faint|p2b: Wont Be Back Again\n|-damage|p1a: Mienshao|0 fnt|[from] item: Life Orb\n|faint|p1a: Mienshao\n|\n|win|VGCLTH John Pork\n|raw|ren122333's rating: 1734 &rarr; <strong>1717<\/strong><br \/>(-17 for losing)\n|raw|VGCLTH John Pork's rating: 1794 &rarr; <strong>1811<\/strong><br \/>(+17 for winning)\n|l|\u2606ren122333\n|player|p1|\n|l|\u2606VGCLTH John Pork\n|player|p2|\n","uploadtime":1732138228,"views":59,"formatid":"gen9vgc2024regh","rating":1717,"private":0,"password":null}