{"id":"gen9vgc2024regh-2247598145","format":"[Gen 9] VGC 2024 Reg H","players":["VGCLTH Oinge","Djjwjwwjj"],"log":"|j|\u2606VGCLTH Oinge\n|j|\u2606Djjwjwwjj\n|t:|1732113651\n|gametype|doubles\n|player|p1|VGCLTH Oinge|mars|1707\n|player|p2|Djjwjwwjj|102|1767\n|teamsize|p1|6\n|teamsize|p2|6\n|gen|9\n|tier|[Gen 9] VGC 2024 Reg H\n|rated|\n|rule|Species Clause: Limit one of each Pok\u00e9mon\n|rule|Item Clause: Limit 1 of each item\n|clearpoke\n|poke|p1|Armarouge, L50, M|\n|poke|p1|Maushold-Four, L50|\n|poke|p1|Indeedee-F, L50, F|\n|poke|p1|Gholdengo, L50|\n|poke|p1|Dragonite, L50, M|\n|poke|p1|Annihilape, L50, F|\n|poke|p2|Palafin, L50, M|\n|poke|p2|Incineroar, L50, F|\n|poke|p2|Gholdengo, L50|\n|poke|p2|Amoonguss, L50, F|\n|poke|p2|Pelipper, L50, M|\n|poke|p2|Dragonite, L50, M|\n|teampreview|4\n|inactive|Battle timer is ON: inactive players will automatically lose when time's up. (requested by Djjwjwwjj)\n|inactive|VGCLTH Oinge has 60 seconds left.\n|inactive|Djjwjwwjj has 60 seconds left.\n|inactive|Djjwjwwjj has 30 seconds left.\n|\n|t:|1732113715\n|start\n|switch|p1a: Dragonite|Dragonite, L50, M|100\/100\n|switch|p1b: Annihilape|Annihilape, L50, F|100\/100\n|switch|p2a: Palafin|Palafin, L50, M|100\/100\n|switch|p2b: Dragonite|Dragonite, L50, M|100\/100\n|turn|1\n|j| Gl4d\n|inactive|VGCLTH Oinge has 30 seconds left.\n|inactive|Djjwjwwjj has 30 seconds left.\n|\n|t:|1732113745\n|-terastallize|p1a: Dragonite|Fairy\n|-terastallize|p2b: Dragonite|Steel\n|move|p2a: Palafin|Flip Turn|p1a: Dragonite\n|-damage|p1a: Dragonite|84\/100\n|\n|t:|1732113753\n|detailschange|p2a: Palafin|Palafin-Hero, L50, M\n|switch|p2a: Pelipper|Pelipper, L50, M|100\/100|[from] Flip Turn\n|-weather|RainDance|[from] ability: Drizzle|[of] p2a: Pelipper\n|move|p1b: Annihilape|Rage Fist|p2b: Dragonite\n|-damage|p2b: Dragonite|76\/100\n|move|p1a: Dragonite|Scale Shot|p2a: Pelipper\n|-damage|p2a: Pelipper|80\/100\n|-damage|p2a: Pelipper|60\/100\n|-damage|p2a: Pelipper|40\/100\n|-damage|p2a: Pelipper|20\/100\n|-hitcount|p2a: Pelipper|4\n|-unboost|p1a: Dragonite|def|1\n|-boost|p1a: Dragonite|spe|1\n|move|p2b: Dragonite|Scale Shot|p1a: Dragonite\n|-immune|p1a: Dragonite\n|\n|-weather|RainDance|[upkeep]\n|upkeep\n|turn|2\n|inactive|VGCLTH Oinge has 30 seconds left.\n|inactive|Djjwjwwjj has 30 seconds left.\n|inactive|VGCLTH Oinge has 20 seconds left.\n|\n|t:|1732113793\n|move|p2b: Dragonite|Protect|p2b: Dragonite\n|-singleturn|p2b: Dragonite|Protect\n|move|p1a: Dragonite|Scale Shot|p2b: Dragonite\n|-activate|p2b: Dragonite|move: Protect\n|move|p2a: Pelipper|Hurricane|p1a: Dragonite\n|-damage|p1a: Dragonite|38\/100\n|move|p1b: Annihilape|Rage Fist|p2a: Pelipper\n|-damage|p2a: Pelipper|0 fnt\n|faint|p2a: Pelipper\n|\n|-weather|RainDance|[upkeep]\n|upkeep\n|\n|t:|1732113808\n|switch|p2a: Palafin|Palafin-Hero, L50, M|100\/100\n|-activate|p2a: Palafin|ability: Zero to Hero\n|turn|3\n|inactive|Djjwjwwjj has 30 seconds left.\n|\n|t:|1732113835\n|move|p2b: Dragonite|Extreme Speed|p1a: Dragonite\n|-damage|p1a: Dragonite|0 fnt\n|faint|p1a: Dragonite\n|move|p2a: Palafin|Flip Turn|p1b: Annihilape\n|-damage|p1b: Annihilape|6\/100\n|\n|t:|1732113841\n|switch|p2a: Incineroar|Incineroar, L50, F|100\/100|[from] Flip Turn\n|-ability|p2a: Incineroar|Intimidate|boost\n|-unboost|p1b: Annihilape|atk|1\n|-ability|p1b: Annihilape|Defiant|boost\n|-boost|p1b: Annihilape|atk|2\n|move|p1b: Annihilape|Drain Punch|p2a: Incineroar\n|-supereffective|p2a: Incineroar\n|-damage|p2a: Incineroar|0 fnt\n|-heal|p1b: Annihilape|57\/100|[from] drain|[of] p2a: Incineroar\n|faint|p2a: Incineroar\n|\n|-weather|RainDance|[upkeep]\n|upkeep\n|\n|t:|1732113855\n|switch|p1a: Maushold|Maushold-Four, L50|100\/100\n|switch|p2a: Palafin|Palafin-Hero, L50, M|100\/100\n|turn|4\n|inactive|Djjwjwwjj has 30 seconds left.\n|\n|t:|1732113880\n|move|p2b: Dragonite|Protect|p2b: Dragonite\n|-singleturn|p2b: Dragonite|Protect\n|move|p1a: Maushold|Follow Me|p1a: Maushold\n|-singleturn|p1a: Maushold|move: Follow Me\n|move|p2a: Palafin|Wave Crash|p1a: Maushold\n|-enditem|p1a: Maushold|Focus Sash\n|-damage|p1a: Maushold|1\/100\n|-damage|p2a: Palafin|68\/100|[from] Recoil\n|move|p1b: Annihilape|Drain Punch|p2b: Dragonite\n|-activate|p2b: Dragonite|move: Protect\n|\n|-weather|RainDance|[upkeep]\n|upkeep\n|turn|5\n|j| Fancy Cucudrula\n|inactive|VGCLTH Oinge has 30 seconds left.\n|\n|t:|1732113905\n|switch|p1b: Armarouge|Armarouge, L50, M|100\/100\n|move|p1a: Maushold|Protect|p1a: Maushold\n|-singleturn|p1a: Maushold|Protect\n|move|p2b: Dragonite|Extreme Speed|p1a: Maushold\n|-activate|p1a: Maushold|move: Protect\n|move|p2a: Palafin|Wave Crash|p1b: Armarouge\n|-supereffective|p1b: Armarouge\n|-damage|p1b: Armarouge|0 fnt\n|faint|p1b: Armarouge\n|-damage|p2a: Palafin|34\/100|[from] Recoil\n|\n|-weather|none\n|upkeep\n|\n|t:|1732113917\n|switch|p1b: Annihilape|Annihilape, L50, F|57\/100\n|turn|6\n|\n|t:|1732113938\n|move|p2b: Dragonite|Extreme Speed|p1a: Maushold\n|-damage|p1a: Maushold|0 fnt\n|faint|p1a: Maushold\n|move|p2a: Palafin|Wave Crash|p1b: Annihilape\n|-damage|p1b: Annihilape|0 fnt\n|faint|p1b: Annihilape\n|-damage|p2a: Palafin|14\/100|[from] Recoil\n|\n|win|Djjwjwwjj\n|raw|VGCLTH Oinge's rating: 1707 &rarr; <strong>1690<\/strong><br \/>(-17 for losing)\n|raw|Djjwjwwjj's rating: 1767 &rarr; <strong>1784<\/strong><br \/>(+17 for winning)\n|l|\u2606VGCLTH Oinge\n|player|p1|\n|l|\u2606Djjwjwwjj\n|player|p2|\n|l| Gl4d\n","uploadtime":1732114200,"views":13,"formatid":"gen9vgc2024regh","rating":1690,"private":0,"password":null}