{"id":"gen9vgc2024regh-2247927563","format":"[Gen 9] VGC 2024 Reg H","players":["tolkuschampion","CarryTheBoats"],"log":"|j|\u2606tolkuschampion\n|j|\u2606CarryTheBoats\n|t:|1732146461\n|gametype|doubles\n|player|p1|tolkuschampion|1|1734\n|player|p2|CarryTheBoats|crasherwake|1693\n|teamsize|p1|6\n|teamsize|p2|6\n|gen|9\n|tier|[Gen 9] VGC 2024 Reg H\n|rated|\n|rule|Species Clause: Limit one of each Pok\u00e9mon\n|rule|Item Clause: Limit 1 of each item\n|clearpoke\n|poke|p1|Corviknight, L50, F|\n|poke|p1|Tyranitar, L50, F|\n|poke|p1|Excadrill, L50, F|\n|poke|p1|Gastrodon, L50, F|\n|poke|p1|Arcanine-Hisui, L50, M|\n|poke|p1|Indeedee, L50, M|\n|poke|p2|Dragonite, L50, M|\n|poke|p2|Sneasler, L50, M|\n|poke|p2|Indeedee, L50, M|\n|poke|p2|Electabuzz, L50, F|\n|poke|p2|Ursaluna-Bloodmoon, L50, M|\n|poke|p2|Talonflame, L50, M|\n|teampreview|4\n|inactive|Battle timer is ON: inactive players will automatically lose when time's up. (requested by tolkuschampion)\n|\n|t:|1732146511\n|start\n|switch|p1a: Indeedee|Indeedee, L50, M|100\/100\n|switch|p1b: Excadrill|Excadrill, L50, F|100\/100\n|switch|p2a: Ursaluna|Ursaluna-Bloodmoon, L50, M|100\/100\n|switch|p2b: Talonflame|Talonflame, L50, M|100\/100\n|-fieldstart|move: Psychic Terrain|[from] ability: Psychic Surge|[of] p1a: Indeedee\n|turn|1\n|inactive|tolkuschampion has 30 seconds left.\n|inactive|tolkuschampion has 20 seconds left.\n|inactive|tolkuschampion has 15 seconds left.\n|inactive|tolkuschampion has 10 seconds left.\n|\n|t:|1732146556\n|switch|p1b: Corviknight|Corviknight, L50, F|100\/100\n|move|p2a: Ursaluna|Protect|p2a: Ursaluna\n|-singleturn|p2a: Ursaluna|Protect\n|move|p1a: Indeedee|Expanding Force|p2b: Talonflame|[spread] p2b\n|-activate|p2a: Ursaluna|move: Protect\n|-damage|p2b: Talonflame|14\/100\n|move|p2b: Talonflame|Flare Blitz|p1b: Corviknight\n|-supereffective|p1b: Corviknight\n|-damage|p1b: Corviknight|24\/100\n|-damage|p2b: Talonflame|0 fnt|[from] Recoil\n|faint|p2b: Talonflame\n|\n|-heal|p1b: Corviknight|30\/100|[from] item: Leftovers\n|upkeep\n|\n|t:|1732146572\n|switch|p2b: Dragonite|Dragonite, L50, M, shiny|100\/100\n|turn|2\n|\n|t:|1732146582\n|move|p1a: Indeedee|Expanding Force|p2b: Dragonite|[spread] p2a,p2b\n|-damage|p2a: Ursaluna|30\/100\n|-damage|p2b: Dragonite|73\/100\n|move|p2b: Dragonite|Scale Shot|p1a: Indeedee\n|-damage|p1a: Indeedee|69\/100\n|-damage|p1a: Indeedee|40\/100\n|-damage|p1a: Indeedee|11\/100\n|-damage|p1a: Indeedee|0 fnt\n|faint|p1a: Indeedee\n|-hitcount|p1: Indeedee|4\n|-unboost|p2b: Dragonite|def|1\n|-boost|p2b: Dragonite|spe|1\n|move|p2a: Ursaluna|Hyper Voice|p1b: Corviknight\n|-resisted|p1b: Corviknight\n|-damage|p1b: Corviknight|7\/100\n|-damage|p2a: Ursaluna|21\/100|[from] item: Life Orb\n|move|p1b: Corviknight|Roost|p1b: Corviknight\n|-heal|p1b: Corviknight|58\/100\n|-singleturn|p1b: Corviknight|move: Roost\n|\n|-heal|p1b: Corviknight|63\/100|[from] item: Leftovers\n|upkeep\n|\n|t:|1732146592\n|switch|p1a: Tyranitar|Tyranitar, L50, F|100\/100\n|-weather|Sandstorm|[from] ability: Sand Stream|[of] p1a: Tyranitar\n|turn|3\n|inactive|CarryTheBoats has 30 seconds left.\n|\n|t:|1732146626\n|-terastallize|p1a: Tyranitar|Flying\n|move|p2b: Dragonite|Scale Shot|p1a: Tyranitar\n|-damage|p1a: Tyranitar|88\/100\n|-damage|p1a: Tyranitar|78\/100\n|-damage|p1a: Tyranitar|66\/100\n|-damage|p1a: Tyranitar|54\/100\n|-damage|p1a: Tyranitar|43\/100\n|-hitcount|p1a: Tyranitar|5\n|-unboost|p2b: Dragonite|def|1\n|-boost|p2b: Dragonite|spe|1\n|move|p2a: Ursaluna|Earth Power|p1a: Tyranitar\n|-immune|p1a: Tyranitar\n|move|p1b: Corviknight|Iron Defense|p1b: Corviknight\n|-boost|p1b: Corviknight|def|2\n|move|p1a: Tyranitar|Rock Slide|p2b: Dragonite|[spread] p2a\n|-miss|p1a: Tyranitar|p2b: Dragonite\n|-resisted|p2a: Ursaluna\n|-damage|p2a: Ursaluna|7\/100\n|\n|-weather|Sandstorm|[upkeep]\n|-damage|p2b: Dragonite|67\/100|[from] Sandstorm\n|-damage|p1a: Tyranitar|37\/100|[from] Sandstorm\n|-heal|p1b: Corviknight|69\/100|[from] item: Leftovers\n|upkeep\n|turn|4\n|inactive|tolkuschampion has 30 seconds left.\n|inactive|CarryTheBoats has 30 seconds left.\n|inactive|tolkuschampion has 20 seconds left.\n|inactive|CarryTheBoats has 20 seconds left.\n|inactive|tolkuschampion has 15 seconds left.\n|\n|t:|1732146667\n|move|p2b: Dragonite|Haze|p2b: Dragonite\n|-clearallboost\n|move|p2a: Ursaluna|Hyper Voice|p1a: Tyranitar|[spread] p1a,p1b\n|-resisted|p1b: Corviknight\n|-damage|p1a: Tyranitar|9\/100\n|-damage|p1b: Corviknight|52\/100\n|-damage|p2a: Ursaluna|0 fnt|[from] item: Life Orb\n|faint|p2a: Ursaluna\n|move|p1b: Corviknight|Roost|p1b: Corviknight\n|-heal|p1b: Corviknight|100\/100\n|-singleturn|p1b: Corviknight|move: Roost\n|move|p1a: Tyranitar|Rock Slide|p2b: Dragonite\n|-supereffective|p2b: Dragonite\n|-damage|p2b: Dragonite|0 fnt\n|faint|p2b: Dragonite\n|\n|-weather|Sandstorm|[upkeep]\n|-damage|p1a: Tyranitar|3\/100|[from] Sandstorm\n|upkeep\n|\n|t:|1732146680\n|switch|p2b: Sneasler|Sneasler, L50, M|100\/100\n|-enditem|p2b: Sneasler|Psychic Seed\n|-boost|p2b: Sneasler|spd|1|[from] item: Psychic Seed\n|turn|5\n|\n|t:|1732146688\n|-terastallize|p2b: Sneasler|Dark\n|move|p2b: Sneasler|Close Combat|p1b: Corviknight\n|-damage|p1b: Corviknight|49\/100\n|-unboost|p2b: Sneasler|def|1\n|-unboost|p2b: Sneasler|spd|1\n|move|p1b: Corviknight|Iron Defense|p1b: Corviknight\n|-boost|p1b: Corviknight|def|2\n|move|p1a: Tyranitar|Tera Blast|p2b: Sneasler|[anim] Tera Blast Flying\n|-damage|p2b: Sneasler|0 fnt\n|faint|p2b: Sneasler\n|\n|win|tolkuschampion\n|raw|tolkuschampion's rating: 1734 &rarr; <strong>1752<\/strong><br \/>(+18 for winning)\n|raw|CarryTheBoats's rating: 1693 &rarr; <strong>1675<\/strong><br \/>(-18 for losing)\n|l|\u2606tolkuschampion\n|player|p1|\n|l|\u2606CarryTheBoats\n|player|p2|\n","uploadtime":1732146909,"views":24,"formatid":"gen9vgc2024regh","rating":1675,"private":0,"password":null}