{"id":"gen9vgc2024regh-2247149602","format":"[Gen 9] VGC 2024 Reg H","players":["VGCLTHTornsEnjoyer","dayron91"],"log":"|j|\u2606VGCLTHTornsEnjoyer\n|j|\u2606dayron91\n|t:|1732050529\n|gametype|doubles\n|player|p1|VGCLTHTornsEnjoyer|turo|1723\n|player|p2|dayron91|dragontamer|1670\n|teamsize|p1|6\n|teamsize|p2|6\n|gen|9\n|tier|[Gen 9] VGC 2024 Reg H\n|rated|\n|rule|Species Clause: Limit one of each Pok\u00e9mon\n|rule|Item Clause: Limit 1 of each item\n|clearpoke\n|poke|p1|Gholdengo, L50|\n|poke|p1|Grimmsnarl, L50, M|\n|poke|p1|Whimsicott, L50, M|\n|poke|p1|Ursaluna-Bloodmoon, L50, M|\n|poke|p1|Dragonite, L50, M|\n|poke|p1|Annihilape, L50, M|\n|poke|p2|Archaludon, L50, F|\n|poke|p2|Whimsicott, L50, M|\n|poke|p2|Incineroar, L50, M|\n|poke|p2|Mandibuzz, L50, F|\n|poke|p2|Basculegion, L50, M|\n|poke|p2|Annihilape, L50, M|\n|teampreview|4\n|inactive|Battle timer is ON: inactive players will automatically lose when time's up. (requested by VGCLTHTornsEnjoyer)\n|inactive|VGCLTHTornsEnjoyer has 60 seconds left.\n|inactive|dayron91 has 60 seconds left.\n|inactive|dayron91 has 30 seconds left.\n|inactive|dayron91 has 20 seconds left.\n|inactive|dayron91 has 15 seconds left.\n|\n|t:|1732050607\n|start\n|switch|p1a: Gholdengo|Gholdengo, L50|100\/100\n|switch|p1b: Whimsicott|Whimsicott, L50, M|100\/100\n|switch|p2a: Whimsicott|Whimsicott, L50, M|100\/100\n|switch|p2b: Annihilape|Annihilape, L50, M|100\/100\n|turn|1\n|\n|t:|1732050629\n|-terastallize|p2b: Annihilape|Fire\n|-terastallize|p1a: Gholdengo|Steel\n|move|p1b: Whimsicott|Tailwind|p1b: Whimsicott\n|-sidestart|p1: VGCLTHTornsEnjoyer|move: Tailwind\n|move|p1a: Gholdengo|Make It Rain|p2b: Annihilape|[spread] p2a,p2b\n|-supereffective|p2a: Whimsicott\n|-resisted|p2b: Annihilape\n|-enditem|p2a: Whimsicott|Focus Sash\n|-damage|p2a: Whimsicott|1\/100\n|-damage|p2b: Annihilape|51\/100\n|-unboost|p1a: Gholdengo|spa|1\n|move|p2a: Whimsicott|Moonblast|p1b: Whimsicott\n|-damage|p1b: Whimsicott|40\/100\n|move|p2b: Annihilape|Rage Fist|p1b: Whimsicott\n|-damage|p1b: Whimsicott|0 fnt\n|faint|p1b: Whimsicott\n|\n|upkeep\n|\n|t:|1732050653\n|switch|p1b: Annihilape|Annihilape, L50, M|100\/100\n|turn|2\n|\n|t:|1732050658\n|switch|p1a: Dragonite|Dragonite, L50, M|100\/100\n|move|p2a: Whimsicott|Tailwind|p2a: Whimsicott\n|-sidestart|p2: dayron91|move: Tailwind\n|move|p1b: Annihilape|U-turn|p2a: Whimsicott\n|-damage|p2a: Whimsicott|0 fnt\n|faint|p2a: Whimsicott\n|\n|t:|1732050663\n|switch|p1b: Gholdengo|Gholdengo, L50, tera:Steel|100\/100|[from] U-turn\n|move|p2b: Annihilape|Rage Fist|p1b: Gholdengo\n|-crit|p1b: Gholdengo\n|-damage|p1b: Gholdengo|18\/100\n|\n|upkeep\n|\n|t:|1732050680\n|switch|p2a: Incineroar|Incineroar, L50, M|100\/100\n|-ability|p2a: Incineroar|Intimidate|boost\n|-fail|p1a: Dragonite|unboost|Attack|[from] ability: Inner Focus|[of] p1a: Dragonite\n|-unboost|p1b: Gholdengo|atk|1\n|turn|3\n|inactive|dayron91 has 30 seconds left.\n|inactive|dayron91 has 20 seconds left.\n|inactive|dayron91 has 15 seconds left.\n|\n|t:|1732050721\n|switch|p1b: Annihilape|Annihilape, L50, M|100\/100\n|move|p2b: Annihilape|Rage Fist|p1b: Annihilape\n|-supereffective|p1b: Annihilape\n|-damage|p1b: Annihilape|0 fnt\n|faint|p1b: Annihilape\n|move|p1a: Dragonite|Outrage|p2a: Incineroar\n|-damage|p2a: Incineroar|0 fnt\n|faint|p2a: Incineroar\n|\n|upkeep\n|\n|t:|1732050734\n|switch|p1b: Gholdengo|Gholdengo, L50, tera:Steel|18\/100\n|switch|p2a: Basculegion|Basculegion, L50, M, shiny|100\/100\n|turn|4\n|\n|t:|1732050745\n|move|p2a: Basculegion|Protect|p2a: Basculegion\n|-singleturn|p2a: Basculegion|Protect\n|move|p2b: Annihilape|Rage Fist|p1b: Gholdengo\n|-damage|p1b: Gholdengo|0 fnt\n|faint|p1b: Gholdengo\n|move|p1a: Dragonite|Outrage|p2a: Basculegion|[from]lockedmove\n|-activate|p2a: Basculegion|move: Protect\n|-start|p1a: Dragonite|confusion|[fatigue]\n|\n|-sideend|p1: VGCLTHTornsEnjoyer|move: Tailwind\n|upkeep\n|turn|5\n|\n|t:|1732050770\n|move|p2b: Annihilape|Rage Fist|p1a: Dragonite\n|-damage|p1a: Dragonite|41\/100\n|move|p2a: Basculegion|Last Respects|p1a: Dragonite\n|-damage|p1a: Dragonite|0 fnt\n|faint|p1a: Dragonite\n|-damage|p2a: Basculegion|91\/100|[from] item: Life Orb\n|\n|win|dayron91\n|raw|VGCLTHTornsEnjoyer's rating: 1732 &rarr; <strong>1708<\/strong><br \/>(-24 for losing)\n|raw|dayron91's rating: 1670 &rarr; <strong>1694<\/strong><br \/>(+24 for winning)\n|l|\u2606VGCLTHTornsEnjoyer\n|player|p1|\n","uploadtime":1732050790,"views":18,"formatid":"gen9vgc2024regh","rating":1694,"private":0,"password":null}