{"id":"gen9vgc2024regh-2247941624","format":"[Gen 9] VGC 2024 Reg H","players":["VGCLTH R0gue","spikemonkey76701"],"log":"|raw|<div class=\"broadcast-blue\"><strong>This battle is required to be public due to a player having a name starting with 'vgclth'.<\/div>\n|j|\u2606VGCLTH R0gue\n|j|\u2606spikemonkey76701\n|t:|1732148245\n|gametype|doubles\n|player|p1|VGCLTH R0gue|ingo|1646\n|player|p2|spikemonkey76701|swimmerf|1743\n|teamsize|p1|6\n|teamsize|p2|6\n|gen|9\n|tier|[Gen 9] VGC 2024 Reg H\n|rated|\n|rule|Species Clause: Limit one of each Pok\u00e9mon\n|rule|Item Clause: Limit 1 of each item\n|clearpoke\n|poke|p1|Sneasler, L50, M|\n|poke|p1|Primarina, L50, M|\n|poke|p1|Kingambit, L50, F|\n|poke|p1|Rillaboom, L50, M|\n|poke|p1|Electabuzz, L50, F|\n|poke|p1|Dragapult, L50, F|\n|poke|p2|Primarina, L50, M|\n|poke|p2|Pelipper, L50, M|\n|poke|p2|Ursaluna, L50, M|\n|poke|p2|Archaludon, L50, F|\n|poke|p2|Sinistcha, L50|\n|poke|p2|Sneasler, L50, F|\n|teampreview|4\n|inactive|Battle timer is ON: inactive players will automatically lose when time's up. (requested by VGCLTH R0gue)\nVGCLTH R0gue has agreed to open team sheets.\n|inactive|spikemonkey76701 has 60 seconds left.\n|\n|t:|1732148285\n|start\n|switch|p1a: Sorry for hax|Sneasler, L50, M|100\/100\n|switch|p1b: Touch grass|Rillaboom, L50, M|100\/100\n|switch|p2a: Primarina|Primarina, L50, M|100\/100\n|switch|p2b: Sinistcha|Sinistcha, L50|100\/100\n|-fieldstart|move: Grassy Terrain|[from] ability: Grassy Surge|[of] p1b: Touch grass\n|turn|1\n|inactive|spikemonkey76701 has 30 seconds left.\n|\n|t:|1732148311\n|switch|p2a: Pelipper|Pelipper, L50, M|100\/100\n|-weather|RainDance|[from] ability: Drizzle|[of] p2a: Pelipper\n|move|p1a: Sorry for hax|Fake Out|p2a: Pelipper\n|-damage|p2a: Pelipper|85\/100\n|move|p1b: Touch grass|Wood Hammer|p2a: Pelipper\n|-damage|p2a: Pelipper|2\/100\n|-damage|p1b: Touch grass|80\/100|[from] Recoil\n|move|p2b: Sinistcha|Matcha Gotcha|p1a: Sorry for hax|[spread] p1a,p1b\n|-resisted|p1a: Sorry for hax\n|-crit|p1a: Sorry for hax\n|-resisted|p1b: Touch grass\n|-damage|p1a: Sorry for hax|64\/100\n|-damage|p1b: Touch grass|69\/100\n|-status|p1a: Sorry for hax|brn\n|-status|p1b: Touch grass|brn\n|\n|-weather|RainDance|[upkeep]\n|-heal|p1a: Sorry for hax|70\/100 brn|[from] Grassy Terrain\n|-heal|p1b: Touch grass|75\/100 brn|[from] Grassy Terrain\n|-damage|p1a: Sorry for hax|64\/100 brn|[from] brn\n|-damage|p1b: Touch grass|69\/100 brn|[from] brn\n|upkeep\n|turn|2\n|\n|t:|1732148335\n|move|p1b: Touch grass|Grassy Glide|p2a: Pelipper\n|-damage|p2a: Pelipper|0 fnt\n|faint|p2a: Pelipper\n|move|p1a: Sorry for hax|Dire Claw|p2b: Sinistcha\n|-damage|p2b: Sinistcha|84\/100\n|move|p2b: Sinistcha|Matcha Gotcha|p1b: Touch grass|[spread] p1a,p1b\n|-resisted|p1a: Sorry for hax\n|-resisted|p1b: Touch grass\n|-damage|p1a: Sorry for hax|39\/100 brn\n|-heal|p2b: Sinistcha|95\/100|[from] drain|[of] p1a: Sorry for hax\n|-damage|p1b: Touch grass|58\/100 brn\n|-heal|p2b: Sinistcha|100\/100|[from] drain|[of] p1b: Touch grass\n|\n|-weather|RainDance|[upkeep]\n|-heal|p1a: Sorry for hax|45\/100 brn|[from] Grassy Terrain\n|-heal|p1b: Touch grass|64\/100 brn|[from] Grassy Terrain\n|-damage|p1a: Sorry for hax|39\/100 brn|[from] brn\n|-damage|p1b: Touch grass|58\/100 brn|[from] brn\n|upkeep\n|\n|t:|1732148339\n|switch|p2a: Sneasler|Sneasler, L50, F|100\/100\n|turn|3\n|\n|t:|1732148355\n|move|p1a: Sorry for hax|Dire Claw|p2a: Sneasler\n|-resisted|p2a: Sneasler\n|-damage|p2a: Sneasler|83\/100\n|-status|p2a: Sneasler|par\n|move|p1b: Touch grass|High Horsepower|p2a: Sneasler\n|-supereffective|p2a: Sneasler\n|-damage|p2a: Sneasler|24\/100 par\n|move|p2a: Sneasler|Dire Claw|p1b: Touch grass\n|-supereffective|p1b: Touch grass\n|-damage|p1b: Touch grass|0 fnt\n|faint|p1b: Touch grass\n|move|p2b: Sinistcha|Matcha Gotcha|p1a: Sorry for hax\n|-resisted|p1a: Sorry for hax\n|-damage|p1a: Sorry for hax|8\/100 brn\n|\n|-weather|RainDance|[upkeep]\n|-heal|p1a: Sorry for hax|14\/100 brn|[from] Grassy Terrain\n|-heal|p2a: Sneasler|30\/100 par|[from] Grassy Terrain\n|-damage|p1a: Sorry for hax|8\/100 brn|[from] brn\n|upkeep\n|\n|t:|1732148365\n|switch|p1b: Locked In|Kingambit, L50, F|100\/100\n|turn|4\n|\n|t:|1732148386\n|-terastallize|p1b: Locked In|Dark\n|-terastallize|p2b: Sinistcha|Fire\n|move|p2b: Sinistcha|Rage Powder|p2b: Sinistcha\n|-singleturn|p2b: Sinistcha|move: Rage Powder\n|move|p1a: Sorry for hax|Close Combat|p2b: Sinistcha\n|-damage|p2b: Sinistcha|74\/100\n|-unboost|p1a: Sorry for hax|def|1\n|-unboost|p1a: Sorry for hax|spd|1\n|move|p2a: Sneasler|Close Combat|p1b: Locked In\n|-supereffective|p1b: Locked In\n|-damage|p1b: Locked In|0 fnt\n|-unboost|p2a: Sneasler|def|1\n|-unboost|p2a: Sneasler|spd|1\n|faint|p1b: Locked In\n|\n|-weather|RainDance|[upkeep]\n|-heal|p1a: Sorry for hax|14\/100 brn|[from] Grassy Terrain\n|-heal|p2a: Sneasler|35\/100 par|[from] Grassy Terrain\n|-heal|p2b: Sinistcha|80\/100|[from] Grassy Terrain\n|-damage|p1a: Sorry for hax|8\/100 brn|[from] brn\n|upkeep\n|\n|t:|1732148397\n|switch|p1b: Washed|Primarina, L50, M|100\/100\n|turn|5\n|inactive|spikemonkey76701 has 30 seconds left.\n|inactive|spikemonkey76701 has 20 seconds left.\n|inactive|spikemonkey76701 has 15 seconds left.\n|inactive|spikemonkey76701 has 10 seconds left.\n|\n|t:|1732148443\n|move|p1a: Sorry for hax|Close Combat|p2a: Sneasler\n|-resisted|p2a: Sneasler\n|-damage|p2a: Sneasler|0 fnt\n|-unboost|p1a: Sorry for hax|def|1\n|-unboost|p1a: Sorry for hax|spd|1\n|faint|p2a: Sneasler\n|move|p1b: Washed|Hyper Voice|p2b: Sinistcha\n|-supereffective|p2b: Sinistcha\n|-damage|p2b: Sinistcha|0 fnt\n|faint|p2b: Sinistcha\n|-enditem|p1b: Washed|Throat Spray\n|-boost|p1b: Washed|spa|1|[from] item: Throat Spray\n|\n|-weather|none\n|-heal|p1a: Sorry for hax|14\/100 brn|[from] Grassy Terrain\n|-damage|p1a: Sorry for hax|8\/100 brn|[from] brn\n|-fieldend|move: Grassy Terrain\n|upkeep\n|\n|t:|1732148453\n|switch|p2a: Primarina|Primarina, L50, M|100\/100\n|turn|6\n|\n|t:|1732148458\n|move|p2a: Primarina|Protect|p2a: Primarina\n|-singleturn|p2a: Primarina|Protect\n|move|p1a: Sorry for hax|Dire Claw|p2a: Primarina\n|-activate|p2a: Primarina|move: Protect\n|move|p1b: Washed|Moonblast|p2a: Primarina\n|-activate|p2a: Primarina|move: Protect\n|\n|-damage|p1a: Sorry for hax|2\/100 brn|[from] brn\n|upkeep\n|turn|7\n|\n|t:|1732148467\n|move|p2a: Primarina|Protect||[still]\n|-fail|p2a: Primarina\n|move|p1a: Sorry for hax|Dire Claw|p2a: Primarina\n|-supereffective|p2a: Primarina\n|-damage|p2a: Primarina|47\/100\n|move|p1b: Washed|Moonblast|p2a: Primarina\n|-damage|p2a: Primarina|0 fnt\n|faint|p2a: Primarina\n|\n|win|VGCLTH R0gue\n|raw|VGCLTH R0gue's rating: 1646 &rarr; <strong>1671<\/strong><br \/>(+25 for winning)\n|raw|spikemonkey76701's rating: 1743 &rarr; <strong>1718<\/strong><br \/>(-25 for losing)\n|l|\u2606VGCLTH R0gue\n|player|p1|\n|l|\u2606spikemonkey76701\n|player|p2|\n|j| vgclth shinkiro\n|l| vgclth shinkiro\n","uploadtime":1732148705,"views":16,"formatid":"gen9vgc2024regh","rating":1671,"private":0,"password":null}