{"id":"gen9vgc2024regh-2247874509","format":"[Gen 9] VGC 2024 Reg H","players":["Allhailhippo","testy accounty 2"],"log":"|j|\u2606Allhailhippo\n|j|\u2606testy accounty 2\n|t:|1732140344\n|gametype|doubles\n|player|p1|Allhailhippo|1|1719\n|player|p2|testy accounty 2|265|1684\n|teamsize|p1|6\n|teamsize|p2|6\n|gen|9\n|tier|[Gen 9] VGC 2024 Reg H\n|rated|\n|rule|Species Clause: Limit one of each Pok\u00e9mon\n|rule|Item Clause: Limit 1 of each item\n|clearpoke\n|poke|p1|Tyranitar, L50, F|\n|poke|p1|Houndstone, L50, M|\n|poke|p1|Whimsicott, L50, M|\n|poke|p1|Incineroar, L50, M|\n|poke|p1|Gholdengo, L50|\n|poke|p1|Garchomp, L50, M|\n|poke|p2|Pelipper, L50, M|\n|poke|p2|Archaludon, L50, F|\n|poke|p2|Sneasler, L50, M|\n|poke|p2|Dragonite, L50, F|\n|poke|p2|Basculegion, L50, M|\n|poke|p2|Rillaboom, L50, M|\n|teampreview|4\n|inactive|Battle timer is ON: inactive players will automatically lose when time's up. (requested by Allhailhippo)\n|inactive|testy accounty 2 has 60 seconds left.\n|inactive|testy accounty 2 has 30 seconds left.\n|inactive|testy accounty 2 has 20 seconds left.\n|j| kyo9t\n|\n|t:|1732140417\n|start\n|switch|p1a: Anna|Whimsicott, L50, M|100\/100\n|switch|p1b: Garchomp|Garchomp, L50, M|100\/100\n|switch|p2a: MACHBACK|Archaludon, L50, F|100\/100\n|switch|p2b: Rillaboom|Rillaboom, L50, M|100\/100\n|-fieldstart|move: Grassy Terrain|[from] ability: Grassy Surge|[of] p2b: Rillaboom\n|turn|1\n|inactive|testy accounty 2 has 30 seconds left.\n|\n|t:|1732140443\n|-terastallize|p2a: MACHBACK|Grass\n|move|p1b: Garchomp|Stomping Tantrum|p2a: MACHBACK\n|-resisted|p2a: MACHBACK\n|-damage|p2a: MACHBACK|83\/100\n|-ability|p2a: MACHBACK|Stamina|boost\n|-boost|p2a: MACHBACK|def|1\n|-damage|p1b: Garchomp|91\/100|[from] item: Life Orb\n|move|p1a: Anna|Moonblast|p2a: MACHBACK\n|-damage|p2a: MACHBACK|55\/100\n|-ability|p2a: MACHBACK|Stamina|boost\n|-boost|p2a: MACHBACK|def|1\n|move|p2b: Rillaboom|Bullet Seed|p2a: MACHBACK\n|-resisted|p2a: MACHBACK\n|-crit|p2a: MACHBACK\n|-damage|p2a: MACHBACK|47\/100\n|-ability|p2a: MACHBACK|Stamina|boost\n|-boost|p2a: MACHBACK|def|1\n|-resisted|p2a: MACHBACK\n|-damage|p2a: MACHBACK|45\/100\n|-ability|p2a: MACHBACK|Stamina|boost\n|-boost|p2a: MACHBACK|def|1\n|-resisted|p2a: MACHBACK\n|-damage|p2a: MACHBACK|44\/100\n|-ability|p2a: MACHBACK|Stamina|boost\n|-boost|p2a: MACHBACK|def|1\n|-resisted|p2a: MACHBACK\n|-damage|p2a: MACHBACK|42\/100\n|-ability|p2a: MACHBACK|Stamina|boost\n|-boost|p2a: MACHBACK|def|1\n|-hitcount|p2a: MACHBACK|4\n|move|p2a: MACHBACK|Flash Cannon|p1a: Anna\n|-supereffective|p1a: Anna\n|-damage|p1a: Anna|0 fnt\n|faint|p1a: Anna\n|\n|-heal|p1b: Garchomp|97\/100|[from] Grassy Terrain\n|-heal|p2a: MACHBACK|48\/100|[from] Grassy Terrain\n|upkeep\n|\n|t:|1732140462\n|switch|p1a: Good Things|Tyranitar, L50, F|100\/100\n|-weather|Sandstorm|[from] ability: Sand Stream|[of] p1a: Good Things\n|turn|2\n|inactive|testy accounty 2 has 30 seconds left.\n|\n|t:|1732140490\n|-terastallize|p1a: Good Things|Flying\n|move|p1b: Garchomp|Dragon Claw|p2a: MACHBACK\n|-damage|p2a: MACHBACK|38\/100\n|-damage|p1b: Garchomp|87\/100|[from] item: Life Orb\n|move|p2b: Rillaboom|Bullet Seed|p1b: Garchomp\n|-crit|p1b: Garchomp\n|-damage|p1b: Garchomp|64\/100\n|-damage|p1b: Garchomp|50\/100\n|-damage|p1b: Garchomp|36\/100\n|-damage|p1b: Garchomp|22\/100\n|-damage|p1b: Garchomp|7\/100\n|-hitcount|p1b: Garchomp|5\n|move|p2a: MACHBACK|Body Press|p1a: Good Things\n|-resisted|p1a: Good Things\n|-damage|p1a: Good Things|60\/100\n|move|p1a: Good Things|Tera Blast|p2a: MACHBACK|[anim] Tera Blast Flying\n|-supereffective|p2a: MACHBACK\n|-damage|p2a: MACHBACK|21\/100\n|\n|-weather|Sandstorm|[upkeep]\n|-damage|p2b: Rillaboom|95\/100|[from] Sandstorm\n|-damage|p2a: MACHBACK|15\/100|[from] Sandstorm\n|-damage|p1a: Good Things|54\/100|[from] Sandstorm\n|-heal|p1b: Garchomp|13\/100|[from] Grassy Terrain\n|-heal|p2b: Rillaboom|100\/100|[from] Grassy Terrain\n|-heal|p2a: MACHBACK|21\/100|[from] Grassy Terrain\n|upkeep\n|turn|3\n|inactive|Allhailhippo has 30 seconds left.\n|inactive|testy accounty 2 has 30 seconds left.\n|\n|t:|1732140522\n|move|p2b: Rillaboom|Grassy Glide|p1b: Garchomp\n|-damage|p1b: Garchomp|0 fnt\n|-damage|p2b: Rillaboom|88\/100|[from] ability: Rough Skin|[of] p1b: Garchomp\n|faint|p1b: Garchomp\n|move|p2a: MACHBACK|Flash Cannon|p1a: Good Things\n|-damage|p1a: Good Things|32\/100\n|move|p1a: Good Things|Tera Blast|p2b: Rillaboom|[anim] Tera Blast Flying\n|-supereffective|p2b: Rillaboom\n|-damage|p2b: Rillaboom|0 fnt\n|faint|p2b: Rillaboom\n|\n|-weather|Sandstorm|[upkeep]\n|-damage|p2a: MACHBACK|15\/100|[from] Sandstorm\n|-damage|p1a: Good Things|26\/100|[from] Sandstorm\n|-heal|p2a: MACHBACK|21\/100|[from] Grassy Terrain\n|upkeep\n|\n|t:|1732140541\n|switch|p1b: Rodent|Houndstone, L50, M|100\/100\n|switch|p2b: Pelipper|Pelipper, L50, M|100\/100\n|-weather|RainDance|[from] ability: Drizzle|[of] p2b: Pelipper\n|turn|4\n|inactive|testy accounty 2 has 30 seconds left.\n|\n|t:|1732140566\n|move|p1b: Rodent|Last Respects|p2a: MACHBACK\n|-damage|p2a: MACHBACK|8\/100\n|move|p2b: Pelipper|Weather Ball|p1a: Good Things\n|-damage|p1a: Good Things|0 fnt\n|faint|p1a: Good Things\n|move|p2a: MACHBACK|Electro Shot||[still]\n|-prepare|p2a: MACHBACK|Electro Shot\n|-boost|p2a: MACHBACK|spa|1\n|-anim|p2a: MACHBACK|Electro Shot|p1b: Rodent\n|-damage|p1b: Rodent|14\/100\n|\n|-weather|RainDance|[upkeep]\n|-heal|p1b: Rodent|20\/100|[from] Grassy Terrain\n|-heal|p2a: MACHBACK|14\/100|[from] Grassy Terrain\n|upkeep\n|turn|5\n|-message|Allhailhippo forfeited.\n|\n|win|testy accounty 2\n|raw|Allhailhippo's rating: 1719 &rarr; <strong>1697<\/strong><br \/>(-22 for losing)\n|raw|testy accounty 2's rating: 1684 &rarr; <strong>1706<\/strong><br \/>(+22 for winning)\n|l|\u2606Allhailhippo\n|player|p1|\n|l|\u2606testy accounty 2\n|player|p2|\n|l| kyo9t\n","uploadtime":1732140749,"views":14,"formatid":"gen9vgc2024regh","rating":1697,"private":0,"password":null}