{"id":"gen9vgc2024regh-2247875852","format":"[Gen 9] VGC 2024 Reg H","players":["suopadre","VGCLTH Mogo"],"log":"|raw|<div class=\"broadcast-blue\"><strong>This battle is required to be public due to a player having a name starting with 'vgclth'.<\/div>\n|j|\u2606suopadre\n|j|\u2606VGCLTH Mogo\n|t:|1732140488\n|gametype|doubles\n|player|p1|suopadre|170|1722\n|player|p2|VGCLTH Mogo|crasherwake|1696\n|teamsize|p1|6\n|teamsize|p2|6\n|gen|9\n|tier|[Gen 9] VGC 2024 Reg H\n|rated|\n|rule|Species Clause: Limit one of each Pok\u00e9mon\n|rule|Item Clause: Limit 1 of each item\n|clearpoke\n|poke|p1|Talonflame, L50, M|\n|poke|p1|Weezing-Galar, L50, F|\n|poke|p1|Slaking, L50, M|\n|poke|p1|Porygon2, L50|\n|poke|p1|Garchomp, L50, M|\n|poke|p1|Gholdengo, L50|\n|poke|p2|Baxcalibur, L50, M|\n|poke|p2|Dondozo, L50, M|\n|poke|p2|Kingambit, L50, F|\n|poke|p2|Rillaboom, L50, M|\n|poke|p2|Sneasler, L50, F|\n|poke|p2|Volcarona, L50, M|\n|teampreview|4\nVGCLTH Mogo has agreed to open team sheets.\n|j| kyo9t\n|inactive|Battle timer is ON: inactive players will automatically lose when time's up. (requested by VGCLTH Mogo)\n|\n|t:|1732140561\n|start\n|switch|p1a: Weezing|Weezing-Galar, L50, F|100\/100\n|switch|p1b: Slaking|Slaking, L50, M|100\/100\n|switch|p2a: Sneasler|Sneasler, L50, F|100\/100\n|switch|p2b: Dondozo|Dondozo, L50, M|100\/100\n|-ability|p1a: Weezing|Neutralizing Gas\n|turn|1\n|inactive|suopadre has 30 seconds left.\n|inactive|suopadre has 20 seconds left.\n|\n|t:|1732140598\n|move|p2a: Sneasler|Protect|p2a: Sneasler\n|-singleturn|p2a: Sneasler|Protect\n|move|p1b: Slaking|Giga Impact|p2b: Dondozo\n|-damage|p2b: Dondozo|9\/100\n|-mustrecharge|p1b: Slaking\n|move|p1a: Weezing|Strange Steam|p2a: Sneasler\n|-activate|p2a: Sneasler|move: Protect\n|move|p2b: Dondozo|Yawn|p1b: Slaking\n|-start|p1b: Slaking|move: Yawn|[of] p2b: Dondozo\n|\n|-heal|p2b: Dondozo|15\/100|[from] item: Leftovers\n|upkeep\n|turn|2\n|inactive|suopadre has 30 seconds left.\n|inactive|VGCLTH Mogo has 30 seconds left.\n|\n|t:|1732140625\n|move|p2b: Dondozo|Protect|p2b: Dondozo\n|-singleturn|p2b: Dondozo|Protect\n|move|p2a: Sneasler|Dire Claw|p1a: Weezing\n|-damage|p1a: Weezing|54\/100\n|cant|p1b: Slaking|recharge\n|move|p1a: Weezing|Strange Steam|p2a: Sneasler\n|-damage|p2a: Sneasler|52\/100\n|\n|-heal|p2b: Dondozo|21\/100|[from] item: Leftovers\n|-end|p1b: Slaking|move: Yawn|[silent]\n|-status|p1b: Slaking|slp\n|upkeep\n|turn|3\n|\n|t:|1732140643\n|move|p2a: Sneasler|Close Combat|p1b: Slaking\n|-supereffective|p1b: Slaking\n|-damage|p1b: Slaking|0 fnt\n|-unboost|p2a: Sneasler|def|1\n|-unboost|p2a: Sneasler|spd|1\n|faint|p1b: Slaking\n|move|p1a: Weezing|Sludge Bomb|p2b: Dondozo\n|-damage|p2b: Dondozo|0 fnt\n|faint|p2b: Dondozo\n|\n|upkeep\n|\n|t:|1732140659\n|switch|p1b: Talonflame|Talonflame, L50, M|100\/100\n|switch|p2b: Volcarona|Volcarona, L50, M|100\/100\n|turn|4\n|inactive|VGCLTH Mogo has 30 seconds left.\n|inactive|VGCLTH Mogo has 20 seconds left.\n|\n|t:|1732140695\n|-terastallize|p2b: Volcarona|Fairy\n|move|p2b: Volcarona|Rage Powder|p2b: Volcarona\n|-singleturn|p2b: Volcarona|move: Rage Powder\n|move|p1b: Talonflame|Tailwind|p1b: Talonflame\n|-sidestart|p1: suopadre|move: Tailwind\n|move|p1a: Weezing|Taunt|p2b: Volcarona\n|-start|p2b: Volcarona|move: Taunt\n|move|p2a: Sneasler|Dire Claw|p1b: Talonflame\n|-damage|p1b: Talonflame|34\/100\n|\n|upkeep\n|turn|5\n|\n|t:|1732140716\n|move|p2a: Sneasler|Protect|p2a: Sneasler\n|-singleturn|p2a: Sneasler|Protect\n|move|p1b: Talonflame|Flare Blitz|p2b: Volcarona\n|-damage|p2b: Volcarona|47\/100\n|-damage|p1b: Talonflame|12\/100|[from] Recoil\n|move|p1a: Weezing|Sludge Bomb|p2b: Volcarona\n|-supereffective|p2b: Volcarona\n|-damage|p2b: Volcarona|0 fnt\n|faint|p2b: Volcarona\n|\n|upkeep\n|\n|t:|1732140724\n|switch|p2b: Kingambit|Kingambit, L50, F|100\/100\n|turn|6\n|\n|t:|1732140739\n|move|p2b: Kingambit|Sucker Punch||[still]\n|-fail|p2b: Kingambit\n|move|p1b: Talonflame|Will-O-Wisp|p2b: Kingambit\n|-status|p2b: Kingambit|brn\n|move|p1a: Weezing|Strange Steam|p2a: Sneasler\n|-damage|p2a: Sneasler|0 fnt\n|faint|p2a: Sneasler\n|\n|-damage|p2b: Kingambit|94\/100 brn|[from] brn\n|upkeep\n|turn|7\n|\n|t:|1732140756\n|move|p2b: Kingambit|Sucker Punch|p1b: Talonflame\n|-damage|p1b: Talonflame|0 fnt\n|faint|p1b: Talonflame\n|move|p1a: Weezing|Strange Steam|p2b: Kingambit\n|-damage|p2b: Kingambit|52\/100 brn\n|\n|-damage|p2b: Kingambit|46\/100 brn|[from] brn\n|-sideend|p1: suopadre|move: Tailwind\n|upkeep\n|\n|t:|1732140764\n|switch|p1b: Porygon2|Porygon2, L50|100\/100\n|turn|8\n|\n|t:|1732140772\n|-terastallize|p1b: Porygon2|Fighting\n|move|p1a: Weezing|Strange Steam|p2b: Kingambit|[miss]\n|-miss|p1a: Weezing|p2b: Kingambit\n|move|p1b: Porygon2|Tera Blast|p2b: Kingambit|[anim] Tera Blast Fighting\n|-supereffective|p2b: Kingambit\n|-damage|p2b: Kingambit|0 fnt\n|faint|p2b: Kingambit\n|\n|win|suopadre\n|raw|suopadre's rating: 1722 &rarr; <strong>1741<\/strong><br \/>(+19 for winning)\n|raw|VGCLTH Mogo's rating: 1696 &rarr; <strong>1677<\/strong><br \/>(-19 for losing)\n|l|\u2606VGCLTH Mogo\n|player|p2|\n|l|\u2606suopadre\n|player|p1|\n","uploadtime":1732141024,"views":14,"formatid":"gen9vgc2024regh","rating":1677,"private":0,"password":null}