{"id":"gen9vgc2024regh-2247564976","format":"[Gen 9] VGC 2024 Reg H","players":["VGCLTH Oinge","Djjwjwwjj"],"log":"|j|\u2606VGCLTH Oinge\n|j|\u2606Djjwjwwjj\n|t:|1732109983\n|gametype|doubles\n|player|p1|VGCLTH Oinge|mars|1740\n|player|p2|Djjwjwwjj|102|1700\n|teamsize|p1|6\n|teamsize|p2|6\n|gen|9\n|tier|[Gen 9] VGC 2024 Reg H\n|rated|\n|rule|Species Clause: Limit one of each Pok\u00e9mon\n|rule|Item Clause: Limit 1 of each item\n|clearpoke\n|poke|p1|Armarouge, L50, F|\n|poke|p1|Maushold-Four, L50|\n|poke|p1|Indeedee-F, L50, F|\n|poke|p1|Gholdengo, L50|\n|poke|p1|Dragonite, L50, M|\n|poke|p1|Annihilape, L50, M|\n|poke|p2|Palafin, L50, M|\n|poke|p2|Incineroar, L50, F|\n|poke|p2|Gholdengo, L50|\n|poke|p2|Amoonguss, L50, M|\n|poke|p2|Pelipper, L50, M|\n|poke|p2|Dragonite, L50, F|\n|teampreview|4\n|inactive|Battle timer is ON: inactive players will automatically lose when time's up. (requested by Djjwjwwjj)\n|inactive|VGCLTH Oinge has 60 seconds left.\n|inactive|Djjwjwwjj has 60 seconds left.\n|inactive|Djjwjwwjj has 30 seconds left.\n|\n|t:|1732110051\n|start\n|switch|p1a: Dragonite|Dragonite, L50, M|100\/100\n|switch|p1b: Annihilape|Annihilape, L50, M|100\/100\n|switch|p2a: Gholdengo|Gholdengo, L50|100\/100\n|switch|p2b: Palafin|Palafin, L50, M|100\/100\n|turn|1\n|\n|t:|1732110074\n|move|p2b: Palafin|Flip Turn|p1a: Dragonite\n|-resisted|p1a: Dragonite\n|-damage|p1a: Dragonite|92\/100\n|\n|t:|1732110080\n|detailschange|p2b: Palafin|Palafin-Hero, L50, M\n|switch|p2b: Pelipper|Pelipper, L50, M|100\/100|[from] Flip Turn\n|-weather|RainDance|[from] ability: Drizzle|[of] p2b: Pelipper\n|move|p1b: Annihilape|Rage Fist|p2a: Gholdengo\n|-supereffective|p2a: Gholdengo\n|-damage|p2a: Gholdengo|59\/100\n|move|p1a: Dragonite|Scale Shot|p2b: Pelipper\n|-damage|p2b: Pelipper|82\/100\n|-damage|p2b: Pelipper|62\/100\n|-damage|p2b: Pelipper|41\/100\n|-damage|p2b: Pelipper|21\/100\n|-damage|p2b: Pelipper|0 fnt\n|faint|p2b: Pelipper\n|-hitcount|p2: Pelipper|5\n|-unboost|p1a: Dragonite|def|1\n|-boost|p1a: Dragonite|spe|1\n|move|p2a: Gholdengo|Nasty Plot|p2a: Gholdengo\n|-boost|p2a: Gholdengo|spa|2\n|\n|-weather|RainDance|[upkeep]\n|upkeep\n|\n|t:|1732110103\n|switch|p2b: Palafin|Palafin-Hero, L50, M|100\/100\n|-activate|p2b: Palafin|ability: Zero to Hero\n|turn|2\n|inactive|Djjwjwwjj has 30 seconds left.\n|\n|t:|1732110130\n|move|p1a: Dragonite|Tailwind|p1a: Dragonite\n|-sidestart|p1: VGCLTH Oinge|move: Tailwind\n|move|p1b: Annihilape|Final Gambit|p2b: Palafin\n|-damage|p2b: Palafin|0 fnt\n|faint|p1b: Annihilape\n|faint|p2b: Palafin\n|move|p2a: Gholdengo|Make It Rain|p1a: Dragonite\n|-damage|p1a: Dragonite|0 fnt\n|-unboost|p2a: Gholdengo|spa|1\n|faint|p1a: Dragonite\n|-damage|p2a: Gholdengo|49\/100|[from] item: Life Orb\n|\n|-weather|RainDance|[upkeep]\n|upkeep\n|\n|t:|1732110145\n|switch|p2b: Incineroar|Incineroar, L50, F|100\/100\n|switch|p1b: Armarouge|Armarouge, L50, F|100\/100\n|switch|p1a: Maushold|Maushold-Four, L50|100\/100\n|-ability|p2b: Incineroar|Intimidate|boost\n|-unboost|p1a: Maushold|atk|1\n|-unboost|p1b: Armarouge|atk|1\n|turn|3\n|inactive|VGCLTH Oinge has 30 seconds left.\n|inactive|VGCLTH Oinge has 20 seconds left.\n|inactive|VGCLTH Oinge has 15 seconds left.\n|\n|t:|1732110188\n|move|p1a: Maushold|Protect|p1a: Maushold\n|-singleturn|p1a: Maushold|Protect\n|move|p1b: Armarouge|Endure|p1b: Armarouge\n|-singleturn|p1b: Armarouge|move: Endure\n|move|p2b: Incineroar|Fake Out|p1b: Armarouge\n|-damage|p1b: Armarouge|92\/100\n|-ability|p1b: Armarouge|Weak Armor|boost\n|-unboost|p1b: Armarouge|def|1\n|-boost|p1b: Armarouge|spe|2\n|move|p2a: Gholdengo|Make It Rain|p1b: Armarouge|[spread] p1b\n|-activate|p1a: Maushold|move: Protect\n|-resisted|p1b: Armarouge\n|-damage|p1b: Armarouge|59\/100\n|-unboost|p2a: Gholdengo|spa|1\n|-damage|p2a: Gholdengo|40\/100|[from] item: Life Orb\n|\n|-weather|RainDance|[upkeep]\n|upkeep\n|turn|4\n|inactive|Djjwjwwjj has 30 seconds left.\n|\n|t:|1732110217\n|move|p1a: Maushold|Follow Me|p1a: Maushold\n|-singleturn|p1a: Maushold|move: Follow Me\n|move|p1b: Armarouge|Heat Wave|p2b: Incineroar|[spread] p2a,p2b\n|-supereffective|p2a: Gholdengo\n|-resisted|p2b: Incineroar\n|-damage|p2a: Gholdengo|8\/100\n|-damage|p2b: Incineroar|93\/100\n|move|p2a: Gholdengo|Shadow Ball|p1a: Maushold\n|-immune|p1a: Maushold\n|move|p2b: Incineroar|Knock Off|p1a: Maushold\n|-damage|p1a: Maushold|49\/100\n|-enditem|p1a: Maushold|Focus Sash|[from] move: Knock Off|[of] p2b: Incineroar\n|\n|-weather|RainDance|[upkeep]\n|upkeep\n|turn|5\n|inactive|VGCLTH Oinge has 30 seconds left.\n|inactive|Djjwjwwjj has 30 seconds left.\n|inactive|Djjwjwwjj has 20 seconds left.\n|\n|t:|1732110256\n|move|p1b: Armarouge|Endure|p1b: Armarouge\n|-singleturn|p1b: Armarouge|move: Endure\n|move|p1a: Maushold|Protect|p1a: Maushold\n|-singleturn|p1a: Maushold|Protect\n|move|p2a: Gholdengo|Make It Rain|p1b: Armarouge|[spread] p1b\n|-activate|p1a: Maushold|move: Protect\n|-resisted|p1b: Armarouge\n|-damage|p1b: Armarouge|35\/100\n|-unboost|p2a: Gholdengo|spa|1\n|-damage|p2a: Gholdengo|0 fnt|[from] item: Life Orb\n|faint|p2a: Gholdengo\n|move|p2b: Incineroar|Parting Shot|p1b: Armarouge\n|-unboost|p1b: Armarouge|atk|1\n|-unboost|p1b: Armarouge|spa|1\n|\n|-weather|none\n|-sideend|p1: VGCLTH Oinge|move: Tailwind\n|upkeep\n|turn|6\n|inactive|VGCLTH Oinge has 30 seconds left.\n|inactive|VGCLTH Oinge has 20 seconds left.\n|\n|t:|1732110292\n|move|p1a: Maushold|Follow Me|p1a: Maushold\n|-singleturn|p1a: Maushold|move: Follow Me\n|move|p1b: Armarouge|Heat Wave|p2b: Incineroar\n|-resisted|p2b: Incineroar\n|-damage|p2b: Incineroar|78\/100\n|move|p2b: Incineroar|Knock Off|p1a: Maushold\n|-damage|p1a: Maushold|15\/100\n|\n|upkeep\n|turn|7\n|\n|t:|1732110307\n|move|p1b: Armarouge|Endure|p1b: Armarouge\n|-singleturn|p1b: Armarouge|move: Endure\n|move|p1a: Maushold|Beat Up|p1b: Armarouge\n|-supereffective|p1b: Armarouge\n|-damage|p1b: Armarouge|31\/100\n|-ability|p1b: Armarouge|Weak Armor|boost\n|-unboost|p1b: Armarouge|def|1\n|-boost|p1b: Armarouge|spe|2\n|-enditem|p1b: Armarouge|Weakness Policy\n|-boost|p1b: Armarouge|atk|2|[from] item: Weakness Policy\n|-boost|p1b: Armarouge|spa|2|[from] item: Weakness Policy\n|-supereffective|p1b: Armarouge\n|-damage|p1b: Armarouge|28\/100\n|-ability|p1b: Armarouge|Weak Armor|boost\n|-unboost|p1b: Armarouge|def|1\n|-boost|p1b: Armarouge|spe|2\n|-hitcount|p1b: Armarouge|2\n|move|p2b: Incineroar|Flare Blitz|p1b: Armarouge\n|-resisted|p1b: Armarouge\n|-activate|p1b: Armarouge|move: Endure\n|-damage|p1b: Armarouge|1\/100\n|-ability|p1b: Armarouge|Weak Armor|boost\n|-unboost|p1b: Armarouge|def|1\n|-damage|p2b: Incineroar|70\/100|[from] Recoil\n|\n|upkeep\n|turn|8\n|inactive|Djjwjwwjj has 30 seconds left.\n|\n|t:|1732110336\n|move|p1b: Armarouge|Heat Wave|p2b: Incineroar\n|-resisted|p2b: Incineroar\n|-damage|p2b: Incineroar|35\/100\n|-enditem|p2b: Incineroar|Sitrus Berry|[eat]\n|-heal|p2b: Incineroar|60\/100|[from] item: Sitrus Berry\n|move|p1a: Maushold|U-turn|p2b: Incineroar\n|-damage|p2b: Incineroar|51\/100\n|move|p2b: Incineroar|Knock Off|p1b: Armarouge\n|-supereffective|p1b: Armarouge\n|-damage|p1b: Armarouge|0 fnt\n|faint|p1b: Armarouge\n|\n|upkeep\n|turn|9\n|-message|VGCLTH Oinge forfeited.\n|\n|win|Djjwjwwjj\n|raw|VGCLTH Oinge's rating: 1740 &rarr; <strong>1718<\/strong><br \/>(-22 for losing)\n|raw|Djjwjwwjj's rating: 1700 &rarr; <strong>1722<\/strong><br \/>(+22 for winning)\n|l|\u2606VGCLTH Oinge\n|player|p1|\n","uploadtime":1732110590,"views":15,"formatid":"gen9vgc2024regh","rating":1718,"private":0,"password":null}