{"id":"gen9vgc2024regh-2247312870","format":"[Gen 9] VGC 2024 Reg H","players":["VGCLTH Rain","ZileanMaster"],"log":"|raw|<div class=\"broadcast-blue\"><strong>This battle is required to be public due to a player having a name starting with 'vgclth'.<\/div>\n|j|\u2606VGCLTH Rain\n|j|\u2606ZileanMaster\n|t:|1732069128\n|gametype|doubles\n|player|p1|VGCLTH Rain|101|1708\n|player|p2|ZileanMaster|2|1793\n|teamsize|p1|6\n|teamsize|p2|6\n|gen|9\n|tier|[Gen 9] VGC 2024 Reg H\n|rated|\n|rule|Species Clause: Limit one of each Pok\u00e9mon\n|rule|Item Clause: Limit 1 of each item\n|clearpoke\n|poke|p1|Typhlosion-Hisui, L50, M|\n|poke|p1|Glimmora, L50, F|\n|poke|p1|Grimmsnarl, L50, M|\n|poke|p1|Whimsicott, L50, F|\n|poke|p1|Ursaluna-Bloodmoon, L50, M|\n|poke|p1|Dusclops, L50, M|\n|poke|p2|Pelipper, L50, M|\n|poke|p2|Archaludon, L50, M|\n|poke|p2|Tauros-Paldea-Aqua, L50, M|\n|poke|p2|Rillaboom, L50, M|\n|poke|p2|Dragonite, L50, M|\n|poke|p2|Kingambit, L50, F|\n|teampreview|4\n|\n|t:|1732069174\n|start\n|switch|p1a: Glimmora|Glimmora, L50, F|100\/100\n|switch|p1b: Grimmsnarl|Grimmsnarl, L50, M|100\/100\n|switch|p2a: Pelipper|Pelipper, L50, M|100\/100\n|switch|p2b: Archaludon|Archaludon, L50, M|100\/100\n|-weather|RainDance|[from] ability: Drizzle|[of] p2a: Pelipper\n|turn|1\n|\n|t:|1732069183\n|move|p1b: Grimmsnarl|Light Screen|p1b: Grimmsnarl\n|-sidestart|p1: VGCLTH Rain|move: Light Screen\n|move|p2b: Archaludon|Electro Shot||[still]\n|-prepare|p2b: Archaludon|Electro Shot\n|-boost|p2b: Archaludon|spa|1\n|-anim|p2b: Archaludon|Electro Shot|p1b: Grimmsnarl\n|-damage|p1b: Grimmsnarl|64\/100\n|move|p1a: Glimmora|Earth Power|p2b: Archaludon\n|-supereffective|p2b: Archaludon\n|-ability|p2b: Archaludon|Sturdy\n|-damage|p2b: Archaludon|1\/100\n|move|p2a: Pelipper|Weather Ball|p1a: Glimmora\n|-supereffective|p1a: Glimmora\n|-enditem|p1a: Glimmora|Focus Sash\n|-damage|p1a: Glimmora|1\/100\n|\n|-weather|RainDance|[upkeep]\n|upkeep\n|turn|2\n|\n|t:|1732069205\n|move|p2b: Archaludon|Electro Shot||[still]\n|-prepare|p2b: Archaludon|Electro Shot\n|-boost|p2b: Archaludon|spa|1\n|-anim|p2b: Archaludon|Electro Shot|p1a: Glimmora\n|-damage|p1a: Glimmora|0 fnt\n|faint|p1a: Glimmora\n|move|p2a: Pelipper|Weather Ball|p1b: Grimmsnarl\n|-damage|p1b: Grimmsnarl|29\/100\n|move|p1b: Grimmsnarl|Spirit Break|p2b: Archaludon\n|-damage|p2b: Archaludon|0 fnt\n|faint|p2b: Archaludon\n|\n|-weather|RainDance|[upkeep]\n|upkeep\n|\n|t:|1732069215\n|switch|p2b: Rillaboom|Rillaboom, L50, M|100\/100\n|switch|p1a: Dusclops|Dusclops, L50, M|100\/100\n|-fieldstart|move: Grassy Terrain|[from] ability: Grassy Surge|[of] p2b: Rillaboom\n|-item|p2a: Pelipper|Covert Cloak|[from] ability: Frisk|[of] p1a: Dusclops\n|-item|p2b: Rillaboom|Assault Vest|[from] ability: Frisk|[of] p1a: Dusclops\n|turn|3\n|\n|t:|1732069224\n|move|p2b: Rillaboom|Fake Out|p1b: Grimmsnarl\n|-damage|p1b: Grimmsnarl|13\/100\n|cant|p1b: Grimmsnarl|flinch\n|move|p2a: Pelipper|Weather Ball|p1a: Dusclops\n|-damage|p1a: Dusclops|77\/100\n|move|p1a: Dusclops|Trick Room|p1a: Dusclops\n|-fieldstart|move: Trick Room|[of] p1a: Dusclops\n|\n|-weather|RainDance|[upkeep]\n|-heal|p1a: Dusclops|83\/100|[from] Grassy Terrain\n|-heal|p1b: Grimmsnarl|19\/100|[from] Grassy Terrain\n|upkeep\n|turn|4\n|\n|t:|1732069236\n|-terastallize|p2b: Rillaboom|Fire\n|move|p1b: Grimmsnarl|Reflect|p1b: Grimmsnarl\n|-sidestart|p1: VGCLTH Rain|Reflect\n|move|p2b: Rillaboom|Grassy Glide|p1b: Grimmsnarl\n|-damage|p1b: Grimmsnarl|0 fnt\n|faint|p1b: Grimmsnarl\n|move|p1a: Dusclops|Will-O-Wisp|p2b: Rillaboom\n|-immune|p2b: Rillaboom\n|move|p2a: Pelipper|Weather Ball|p1a: Dusclops\n|-damage|p1a: Dusclops|61\/100\n|\n|-weather|RainDance|[upkeep]\n|-heal|p1a: Dusclops|67\/100|[from] Grassy Terrain\n|upkeep\n|\n|t:|1732069239\n|switch|p1b: Ursaluna|Ursaluna-Bloodmoon, L50, M|100\/100\n|turn|5\n|\n|t:|1732069253\n|-terastallize|p1b: Ursaluna|Grass\n|move|p1a: Dusclops|Helping Hand|p1b: Ursaluna\n|-singleturn|p1b: Ursaluna|Helping Hand|[of] p1a: Dusclops\n|move|p2a: Pelipper|Wide Guard|p2a: Pelipper\n|-singleturn|p2a: Pelipper|Wide Guard\n|move|p2b: Rillaboom|Grassy Glide|p1b: Ursaluna\n|-resisted|p1b: Ursaluna\n|-damage|p1b: Ursaluna|93\/100\n|move|p1b: Ursaluna|Earth Power|p2b: Rillaboom\n|-supereffective|p2b: Rillaboom\n|-damage|p2b: Rillaboom|5\/100\n|\n|-weather|none\n|-heal|p1a: Dusclops|73\/100|[from] Grassy Terrain\n|-heal|p1b: Ursaluna|99\/100|[from] Grassy Terrain\n|-heal|p2b: Rillaboom|11\/100|[from] Grassy Terrain\n|upkeep\n|turn|6\n|j| snow is mid\n|\n|t:|1732069270\n|move|p1a: Dusclops|Night Shade|p2b: Rillaboom\n|-damage|p2b: Rillaboom|0 fnt\n|faint|p2b: Rillaboom\n|move|p1b: Ursaluna|Blood Moon|p2a: Pelipper\n|-damage|p2a: Pelipper|0 fnt\n|faint|p2a: Pelipper\n|\n|-heal|p1a: Dusclops|79\/100|[from] Grassy Terrain\n|-heal|p1b: Ursaluna|100\/100|[from] Grassy Terrain\n|upkeep\n|inactive|Battle timer is ON: inactive players will automatically lose when time's up. (requested by VGCLTH Rain)\n|\n|t:|1732069278\n|switch|p2a: Kingambit|Kingambit, L50, F|100\/100\n|turn|7\n|\n|t:|1732069283\n|move|p2a: Kingambit|Protect|p2a: Kingambit\n|-singleturn|p2a: Kingambit|Protect\n|move|p1a: Dusclops|Will-O-Wisp|p2a: Kingambit\n|-activate|p2a: Kingambit|move: Protect\n|move|p1b: Ursaluna|Earth Power|p2a: Kingambit\n|-activate|p2a: Kingambit|move: Protect\n|\n|-heal|p1a: Dusclops|86\/100|[from] Grassy Terrain\n|-fieldend|move: Trick Room\n|-fieldend|move: Grassy Terrain\n|upkeep\n|turn|8\n|\n|t:|1732069292\n|move|p2a: Kingambit|Kowtow Cleave|p1a: Dusclops\n|-supereffective|p1a: Dusclops\n|-damage|p1a: Dusclops|42\/100\n|move|p1b: Ursaluna|Earth Power|p2a: Kingambit\n|-supereffective|p2a: Kingambit\n|-enditem|p2a: Kingambit|Focus Sash\n|-damage|p2a: Kingambit|1\/100\n|move|p1a: Dusclops|Trick Room|p1a: Dusclops\n|-fieldstart|move: Trick Room|[of] p1a: Dusclops\n|\n|-sideend|p1: VGCLTH Rain|move: Light Screen\n|upkeep\n|turn|9\n|l|\u2606ZileanMaster\n|inactive|ZileanMaster disconnected and has a minute to reconnect!\n|player|p2|\n|inactive|ZileanMaster has 30 seconds left.\n|inactive|ZileanMaster has 20 seconds left.\n|l| snow is mid\n|inactive|ZileanMaster has 15 seconds left.\n|inactive|ZileanMaster has 10 seconds left.\n|inactive|ZileanMaster has 5 seconds left.\n|-message|ZileanMaster lost due to inactivity.\n|\n|win|VGCLTH Rain\n|raw|VGCLTH Rain's rating: 1708 &rarr; <strong>1733<\/strong><br \/>(+25 for winning)\n|raw|ZileanMaster's rating: 1793 &rarr; <strong>1768<\/strong><br \/>(-25 for losing)\n|l|\u2606VGCLTH Rain\n|player|p1|\n|j| snow is mid\n","uploadtime":1732069619,"views":26,"formatid":"gen9vgc2024regh","rating":1733,"private":0,"password":null}