{"id":"gen9vgc2024regh-2247344904","format":"[Gen 9] VGC 2024 Reg H","players":["elvegis1","bmmjVGC"],"log":"|j|\u2606elvegis1\n|j|\u2606bmmjVGC\n|t:|1732073263\n|gametype|doubles\n|player|p1|elvegis1|lucas|1697\n|player|p2|bmmjVGC|caitlin|1742\n|teamsize|p1|6\n|teamsize|p2|6\n|gen|9\n|tier|[Gen 9] VGC 2024 Reg H\n|rated|\n|rule|Species Clause: Limit one of each Pok\u00e9mon\n|rule|Item Clause: Limit 1 of each item\n|clearpoke\n|poke|p1|Incineroar, L50, M|\n|poke|p1|Gholdengo, L50|\n|poke|p1|Dondozo, L50, F|\n|poke|p1|Magnezone, L50|\n|poke|p1|Ursaluna, L50, M|\n|poke|p1|Dusclops, L50, M|\n|poke|p2|Baxcalibur, L50, F|\n|poke|p2|Rillaboom, L50, F|\n|poke|p2|Dondozo, L50, F|\n|poke|p2|Volcarona, L50, M|\n|poke|p2|Kingambit, L50, F|\n|poke|p2|Annihilape, L50, F|\n|teampreview|4\n|inactive|Battle timer is ON: inactive players will automatically lose when time's up. (requested by bmmjVGC)\n|j| qiyeO.o\n|\n|t:|1732073292\n|start\n|switch|p1a: Dusclops|Dusclops, L50, M|100\/100\n|switch|p1b: Dondozo|Dondozo, L50, F|100\/100\n|switch|p2a: Kingambit|Kingambit, L50, F, shiny|100\/100\n|switch|p2b: Annihilape|Annihilape, L50, F, shiny|100\/100\n|-item|p2a: Kingambit|Black Glasses|[from] ability: Frisk|[of] p1a: Dusclops\n|-item|p2b: Annihilape|Focus Sash|[from] ability: Frisk|[of] p1a: Dusclops\n|turn|1\n|inactive|bmmjVGC has 30 seconds left.\n|\n|t:|1732073322\n|-terastallize|p2a: Kingambit|Dark\n|move|p2b: Annihilape|Coaching|p2a: Kingambit\n|-boost|p2a: Kingambit|atk|1\n|-boost|p2a: Kingambit|def|1\n|move|p2a: Kingambit|Kowtow Cleave|p1a: Dusclops\n|-supereffective|p1a: Dusclops\n|-damage|p1a: Dusclops|0 fnt\n|faint|p1a: Dusclops\n|move|p1b: Dondozo|Body Press|p2a: Kingambit\n|-supereffective|p2a: Kingambit\n|-damage|p2a: Kingambit|67\/100\n|\n|upkeep\n|\n|t:|1732073334\n|switch|p1a: Magnezone|Magnezone, L50|100\/100\n|turn|2\n|l|\u2606bmmjVGC\n|inactive|bmmjVGC disconnected and has a minute to reconnect!\n|player|p2|\n|inactive|bmmjVGC has 30 seconds left.\n|j|\u2606bmmjVGC\n|inactive|bmmjVGC reconnected and has 25 seconds left.\n|player|p2|bmmjVGC|caitlin|\n|inactive|bmmjVGC has 20 seconds left.\n|\n|t:|1732073373\n|-terastallize|p1a: Magnezone|Fighting\n|move|p2b: Annihilape|Coaching|p2a: Kingambit\n|-boost|p2a: Kingambit|atk|1\n|-boost|p2a: Kingambit|def|1\n|move|p1a: Magnezone|Tera Blast|p2a: Kingambit|[anim] Tera Blast Fighting\n|-supereffective|p2a: Kingambit\n|-damage|p2a: Kingambit|0 fnt\n|faint|p2a: Kingambit\n|move|p1b: Dondozo|Yawn|p2b: Annihilape\n|-start|p2b: Annihilape|move: Yawn|[of] p1b: Dondozo\n|\n|upkeep\n|\n|t:|1732073387\n|switch|p2a: Rillaboom|Rillaboom, L50, F, shiny|100\/100\n|-fieldstart|move: Grassy Terrain|[from] ability: Grassy Surge|[of] p2a: Rillaboom\n|turn|3\n|\n|t:|1732073401\n|switch|p2b: Dondozo|Dondozo, L50, F, shiny|100\/100\n|move|p1b: Dondozo|Protect|p1b: Dondozo\n|-singleturn|p1b: Dondozo|Protect\n|move|p2a: Rillaboom|Wood Hammer|p1b: Dondozo\n|-activate|p1b: Dondozo|move: Protect\n|move|p1a: Magnezone|Tera Blast|p2a: Rillaboom|[anim] Tera Blast Fighting\n|-damage|p2a: Rillaboom|66\/100\n|\n|-heal|p2a: Rillaboom|72\/100|[from] Grassy Terrain\n|upkeep\n|turn|4\n|\n|t:|1732073426\n|move|p2a: Rillaboom|High Horsepower|p1a: Magnezone|[miss]\n|-miss|p2a: Rillaboom|p1a: Magnezone\n|move|p1a: Magnezone|Tera Blast|p2a: Rillaboom|[anim] Tera Blast Fighting\n|-damage|p2a: Rillaboom|39\/100\n|move|p1b: Dondozo|Yawn|p2a: Rillaboom\n|-start|p2a: Rillaboom|move: Yawn|[of] p1b: Dondozo\n|move|p2b: Dondozo|Wave Crash|p1a: Magnezone\n|-damage|p1a: Magnezone|61\/100\n|-damage|p2b: Dondozo|92\/100|[from] Recoil\n|\n|-heal|p2a: Rillaboom|45\/100|[from] Grassy Terrain\n|-heal|p1a: Magnezone|67\/100|[from] Grassy Terrain\n|-heal|p2b: Dondozo|98\/100|[from] Grassy Terrain\n|-heal|p2b: Dondozo|100\/100|[from] item: Leftovers\n|upkeep\n|turn|5\n|\n|t:|1732073449\n|switch|p2a: Annihilape|Annihilape, L50, F, shiny|100\/100\n|move|p1a: Magnezone|Thunderbolt|p2b: Dondozo\n|-supereffective|p2b: Dondozo\n|-damage|p2b: Dondozo|25\/100\n|move|p1b: Dondozo|Yawn|p2a: Annihilape\n|-start|p2a: Annihilape|move: Yawn|[of] p1b: Dondozo\n|move|p2b: Dondozo|Yawn|p1b: Dondozo\n|-start|p1b: Dondozo|move: Yawn|[of] p2b: Dondozo\n|\n|-heal|p1a: Magnezone|73\/100|[from] Grassy Terrain\n|-heal|p2b: Dondozo|32\/100|[from] Grassy Terrain\n|-heal|p2b: Dondozo|38\/100|[from] item: Leftovers\n|upkeep\n|turn|6\n|l| qiyeO.o\n|inactive|bmmjVGC has 30 seconds left.\n|\n|t:|1732073477\n|switch|p1b: Ursaluna|Ursaluna, L50, M|100\/100\n|move|p2b: Dondozo|Protect|p2b: Dondozo\n|-singleturn|p2b: Dondozo|Protect\n|move|p2a: Annihilape|Close Combat|p1a: Magnezone\n|-damage|p1a: Magnezone|18\/100\n|-unboost|p2a: Annihilape|def|1\n|-unboost|p2a: Annihilape|spd|1\n|move|p1a: Magnezone|Tera Blast|p2a: Annihilape|[anim] Tera Blast Fighting\n|-immune|p2a: Annihilape\n|\n|-heal|p1a: Magnezone|24\/100|[from] Grassy Terrain\n|-heal|p2b: Dondozo|44\/100|[from] Grassy Terrain\n|-heal|p2b: Dondozo|50\/100|[from] item: Leftovers\n|-end|p2a: Annihilape|move: Yawn|[silent]\n|-status|p2a: Annihilape|slp\n|-status|p1b: Ursaluna|brn|[from] item: Flame Orb\n|upkeep\n|turn|7\n|inactive|bmmjVGC has 30 seconds left.\n|\n|t:|1732073503\n|move|p2b: Dondozo|Protect|p2b: Dondozo\n|-singleturn|p2b: Dondozo|Protect\n|cant|p2a: Annihilape|slp\n|move|p1a: Magnezone|Thunderbolt|p2b: Dondozo\n|-activate|p2b: Dondozo|move: Protect\n|move|p1b: Ursaluna|Headlong Rush|p2a: Annihilape\n|-enditem|p2a: Annihilape|Focus Sash\n|-damage|p2a: Annihilape|1\/100 slp\n|-unboost|p1b: Ursaluna|def|1\n|-unboost|p1b: Ursaluna|spd|1\n|\n|-heal|p2a: Annihilape|7\/100 slp|[from] Grassy Terrain\n|-heal|p1a: Magnezone|30\/100|[from] Grassy Terrain\n|-heal|p2b: Dondozo|57\/100|[from] Grassy Terrain\n|-heal|p2b: Dondozo|63\/100|[from] item: Leftovers\n|-damage|p1b: Ursaluna|95\/100 brn|[from] brn\n|-fieldend|move: Grassy Terrain\n|upkeep\n|turn|8\n|inactive|bmmjVGC has 30 seconds left.\n|\n|t:|1732073530\n|switch|p1b: Dondozo|Dondozo, L50, F|100\/100\n|switch|p2b: Rillaboom|Rillaboom, L50, F, shiny|45\/100\n|-fieldstart|move: Grassy Terrain|[from] ability: Grassy Surge|[of] p2b: Rillaboom\n|-curestatus|p2a: Annihilape|slp|[msg]\n|move|p2a: Annihilape|Close Combat|p1b: Dondozo\n|-damage|p1b: Dondozo|64\/100\n|-unboost|p2a: Annihilape|def|1\n|-unboost|p2a: Annihilape|spd|1\n|move|p1a: Magnezone|Volt Switch|p2a: Annihilape\n|-damage|p2a: Annihilape|0 fnt\n|faint|p2a: Annihilape\n|\n|t:|1732073544\n|switch|p1a: Ursaluna|Ursaluna, L50, M|95\/100 brn|[from] Volt Switch\n|\n|-heal|p2b: Rillaboom|51\/100|[from] Grassy Terrain\n|-heal|p1a: Ursaluna|100\/100 brn|[from] Grassy Terrain\n|-heal|p1b: Dondozo|70\/100|[from] Grassy Terrain\n|-heal|p1b: Dondozo|76\/100|[from] item: Leftovers\n|-damage|p1a: Ursaluna|95\/100 brn|[from] brn\n|upkeep\n|\n|t:|1732073556\n|switch|p2a: Dondozo|Dondozo, L50, F, shiny|63\/100\n|turn|9\n|\n|t:|1732073564\n|move|p2b: Rillaboom|Wood Hammer|p1a: Ursaluna\n|-supereffective|p1a: Ursaluna\n|-damage|p1a: Ursaluna|0 fnt\n|faint|p1a: Ursaluna\n|-damage|p2b: Rillaboom|17\/100|[from] Recoil\n|move|p1b: Dondozo|Yawn|p2b: Rillaboom\n|-start|p2b: Rillaboom|move: Yawn|[of] p1b: Dondozo\n|move|p2a: Dondozo|Yawn|p1b: Dondozo\n|-start|p1b: Dondozo|move: Yawn|[of] p2a: Dondozo\n|\n|-heal|p2b: Rillaboom|23\/100|[from] Grassy Terrain\n|-heal|p1b: Dondozo|82\/100|[from] Grassy Terrain\n|-heal|p1b: Dondozo|88\/100|[from] item: Leftovers\n|-heal|p2a: Dondozo|69\/100|[from] Grassy Terrain\n|-heal|p2a: Dondozo|75\/100|[from] item: Leftovers\n|upkeep\n|j| tester66432\n|\n|t:|1732073574\n|switch|p1a: Magnezone|Magnezone, L50, tera:Fighting|30\/100\n|turn|10\n|\n|t:|1732073593\n|move|p1a: Magnezone|Protect|p1a: Magnezone\n|-singleturn|p1a: Magnezone|Protect\n|move|p1b: Dondozo|Protect|p1b: Dondozo\n|-singleturn|p1b: Dondozo|Protect\n|move|p2a: Dondozo|Protect|p2a: Dondozo\n|-singleturn|p2a: Dondozo|Protect\n|move|p2b: Rillaboom|Grassy Glide|p1a: Magnezone\n|-activate|p1a: Magnezone|move: Protect\n|\n|-heal|p2b: Rillaboom|29\/100|[from] Grassy Terrain\n|-heal|p1a: Magnezone|36\/100|[from] Grassy Terrain\n|-heal|p1b: Dondozo|94\/100|[from] Grassy Terrain\n|-heal|p1b: Dondozo|100\/100|[from] item: Leftovers\n|-heal|p2a: Dondozo|82\/100|[from] Grassy Terrain\n|-heal|p2a: Dondozo|88\/100|[from] item: Leftovers\n|-end|p2b: Rillaboom|move: Yawn|[silent]\n|-status|p2b: Rillaboom|slp\n|-end|p1b: Dondozo|move: Yawn|[silent]\n|-status|p1b: Dondozo|slp\n|upkeep\n|turn|11\n|inactive|bmmjVGC has 30 seconds left.\n|inactive|bmmjVGC has 20 seconds left.\n|\n|t:|1732073628\n|cant|p2b: Rillaboom|slp\n|move|p1a: Magnezone|Tera Blast|p2b: Rillaboom|[anim] Tera Blast Fighting\n|-crit|p2b: Rillaboom\n|-damage|p2b: Rillaboom|0 fnt\n|faint|p2b: Rillaboom\n|cant|p1b: Dondozo|slp\n|move|p2a: Dondozo|Wave Crash|p1a: Magnezone\n|-damage|p1a: Magnezone|0 fnt\n|faint|p1a: Magnezone\n|-damage|p2a: Dondozo|81\/100|[from] Recoil\n|\n|-heal|p2a: Dondozo|87\/100|[from] Grassy Terrain\n|-heal|p2a: Dondozo|93\/100|[from] item: Leftovers\n|upkeep\n|turn|12\n|\n|t:|1732073646\n|-curestatus|p1b: Dondozo|slp|[msg]\n|move|p1b: Dondozo|Yawn|p2a: Dondozo\n|-start|p2a: Dondozo|move: Yawn|[of] p1b: Dondozo\n|move|p2a: Dondozo|Fissure|p1b: Dondozo|[miss]\n|-miss|p2a: Dondozo|p1b: Dondozo\n|\n|-heal|p2a: Dondozo|99\/100|[from] Grassy Terrain\n|-heal|p2a: Dondozo|100\/100|[from] item: Leftovers\n|-fieldend|move: Grassy Terrain\n|upkeep\n|turn|13\n|\n|t:|1732073663\n|move|p1b: Dondozo|Protect|p1b: Dondozo\n|-singleturn|p1b: Dondozo|Protect\n|move|p2a: Dondozo|Yawn|p1b: Dondozo\n|-activate|p1b: Dondozo|move: Protect\n|\n|-end|p2a: Dondozo|move: Yawn|[silent]\n|-status|p2a: Dondozo|slp\n|upkeep\n|turn|14\n|\n|t:|1732073672\n|move|p1b: Dondozo|Body Press|p2a: Dondozo\n|-damage|p2a: Dondozo|89\/100 slp\n|cant|p2a: Dondozo|slp\n|\n|-heal|p2a: Dondozo|95\/100 slp|[from] item: Leftovers\n|upkeep\n|turn|15\n|\n|t:|1732073680\n|move|p1b: Dondozo|Body Press|p2a: Dondozo\n|-damage|p2a: Dondozo|82\/100 slp\n|cant|p2a: Dondozo|slp\n|\n|-heal|p2a: Dondozo|88\/100 slp|[from] item: Leftovers\n|upkeep\n|turn|16\n|\n|t:|1732073689\n|move|p1b: Dondozo|Body Press|p2a: Dondozo\n|-damage|p2a: Dondozo|77\/100 slp\n|-curestatus|p2a: Dondozo|slp|[msg]\n|move|p2a: Dondozo|Yawn|p1b: Dondozo\n|-start|p1b: Dondozo|move: Yawn|[of] p2a: Dondozo\n|\n|-heal|p2a: Dondozo|83\/100|[from] item: Leftovers\n|upkeep\n|turn|17\n|\n|t:|1732073698\n|move|p2a: Dondozo|Protect|p2a: Dondozo\n|-singleturn|p2a: Dondozo|Protect\n|move|p1b: Dondozo|Yawn|p2a: Dondozo\n|-activate|p2a: Dondozo|move: Protect\n|\n|-heal|p2a: Dondozo|90\/100|[from] item: Leftovers\n|-end|p1b: Dondozo|move: Yawn|[silent]\n|-status|p1b: Dondozo|slp\n|upkeep\n|turn|18\n|\n|t:|1732073708\n|cant|p1b: Dondozo|slp\n|move|p2a: Dondozo|Fissure|p1b: Dondozo|[miss]\n|-miss|p2a: Dondozo|p1b: Dondozo\n|\n|-heal|p2a: Dondozo|96\/100|[from] item: Leftovers\n|upkeep\n|turn|19\n|j| Xunyicaoawa\n|\n|t:|1732073716\n|-curestatus|p1b: Dondozo|slp|[msg]\n|move|p1b: Dondozo|Yawn|p2a: Dondozo\n|-start|p2a: Dondozo|move: Yawn|[of] p1b: Dondozo\n|move|p2a: Dondozo|Fissure|p1b: Dondozo|[miss]\n|-miss|p2a: Dondozo|p1b: Dondozo\n|\n|-heal|p2a: Dondozo|100\/100|[from] item: Leftovers\n|upkeep\n|turn|20\n|\n|t:|1732073727\n|move|p1b: Dondozo|Protect|p1b: Dondozo\n|-singleturn|p1b: Dondozo|Protect\n|move|p2a: Dondozo|Wave Crash|p1b: Dondozo\n|-activate|p1b: Dondozo|move: Protect\n|\n|-end|p2a: Dondozo|move: Yawn|[silent]\n|-status|p2a: Dondozo|slp\n|upkeep\n|turn|21\n|\n|t:|1732073733\n|move|p1b: Dondozo|Body Press|p2a: Dondozo\n|-damage|p2a: Dondozo|88\/100 slp\n|cant|p2a: Dondozo|slp\n|\n|-heal|p2a: Dondozo|94\/100 slp|[from] item: Leftovers\n|upkeep\n|turn|22\n|\n|t:|1732073742\n|move|p1b: Dondozo|Body Press|p2a: Dondozo\n|-damage|p2a: Dondozo|83\/100 slp\n|cant|p2a: Dondozo|slp\n|\n|-heal|p2a: Dondozo|89\/100 slp|[from] item: Leftovers\n|upkeep\n|turn|23\n|\n|t:|1732073750\n|move|p1b: Dondozo|Body Press|p2a: Dondozo\n|-damage|p2a: Dondozo|76\/100 slp\n|-curestatus|p2a: Dondozo|slp|[msg]\n|move|p2a: Dondozo|Yawn|p1b: Dondozo\n|-start|p1b: Dondozo|move: Yawn|[of] p2a: Dondozo\n|\n|-heal|p2a: Dondozo|83\/100|[from] item: Leftovers\n|upkeep\n|turn|24\n|\n|t:|1732073760\n|move|p2a: Dondozo|Protect|p2a: Dondozo\n|-singleturn|p2a: Dondozo|Protect\n|move|p1b: Dondozo|Yawn|p2a: Dondozo\n|-activate|p2a: Dondozo|move: Protect\n|\n|-heal|p2a: Dondozo|89\/100|[from] item: Leftovers\n|-end|p1b: Dondozo|move: Yawn|[silent]\n|-status|p1b: Dondozo|slp\n|upkeep\n|turn|25\n|\n|t:|1732073769\n|cant|p1b: Dondozo|slp\n|move|p2a: Dondozo|Fissure|p1b: Dondozo\n|-damage|p1b: Dondozo|0 fnt\n|faint|p1b: Dondozo\n|-ohko\n|\n|win|bmmjVGC\n|raw|elvegis1's rating: 1697 &rarr; <strong>1680<\/strong><br \/>(-17 for losing)\n|raw|bmmjVGC's rating: 1742 &rarr; <strong>1759<\/strong><br \/>(+17 for winning)\n|l|\u2606bmmjVGC\n|player|p2|\n|l|\u2606elvegis1\n|player|p1|\n|l| tester66432\n","uploadtime":1732073774,"views":30,"formatid":"gen9vgc2024regh","rating":1680,"private":0,"password":null}