{"id":"gen9vgc2024regh-2247335777","format":"[Gen 9] VGC 2024 Reg H","players":["VGCLTH Rain","karamingo"],"log":"|raw|<div class=\"broadcast-blue\"><strong>This battle is required to be public due to a player having a name starting with 'vgclth'.<\/div>\n|j|\u2606VGCLTH Rain\n|j|\u2606karamingo\n|t:|1732072052\n|gametype|doubles\n|player|p1|VGCLTH Rain|101|1788\n|player|p2|karamingo|101|1836\n|teamsize|p1|6\n|teamsize|p2|6\n|gen|9\n|tier|[Gen 9] VGC 2024 Reg H\n|rated|\n|rule|Species Clause: Limit one of each Pok\u00e9mon\n|rule|Item Clause: Limit 1 of each item\n|clearpoke\n|poke|p1|Typhlosion-Hisui, L50, M|\n|poke|p1|Glimmora, L50, M|\n|poke|p1|Grimmsnarl, L50, M|\n|poke|p1|Whimsicott, L50, M|\n|poke|p1|Ursaluna-Bloodmoon, L50, M|\n|poke|p1|Dusclops, L50, F|\n|poke|p2|Ursaluna-Bloodmoon, L50, M|\n|poke|p2|Torkoal, L50, M|\n|poke|p2|Farigiraf, L50, M|\n|poke|p2|Smeargle, L50, F|\n|poke|p2|Indeedee-F, L50, F|\n|poke|p2|Hatterene, L50, F|\n|teampreview|4\n|\n|t:|1732072069\n|start\n|switch|p1a: Glimmora|Glimmora, L50, M|100\/100\n|switch|p1b: Grimmsnarl|Grimmsnarl, L50, M|100\/100\n|switch|p2a: Smeargle|Smeargle, L50, F|100\/100\n|switch|p2b: Farigiraf|Farigiraf, L50, M|100\/100\n|turn|1\n|\n|t:|1732072090\n|move|p1b: Grimmsnarl|Light Screen|p1b: Grimmsnarl\n|-sidestart|p1: VGCLTH Rain|move: Light Screen\n|move|p1a: Glimmora|Sludge Bomb|p2a: Smeargle\n|-enditem|p2a: Smeargle|Focus Sash\n|-damage|p2a: Smeargle|1\/100\n|-status|p2a: Smeargle|psn\n|move|p2a: Smeargle|Spore|p1a: Glimmora\n|-status|p1a: Glimmora|slp|[from] move: Spore\n|move|p2b: Farigiraf|Trick Room|p2b: Farigiraf\n|-fieldstart|move: Trick Room|[of] p2b: Farigiraf\n|\n|-damage|p2a: Smeargle|0 fnt|[from] psn\n|faint|p2a: Smeargle\n|upkeep\n|\n|t:|1732072107\n|switch|p2a: Torkoal|Torkoal, L50, M|100\/100\n|-weather|SunnyDay|[from] ability: Drought|[of] p2a: Torkoal\n|turn|2\n|\n|t:|1732072115\n|-terastallize|p1b: Grimmsnarl|Water\n|move|p2a: Torkoal|Eruption|p1a: Glimmora|[spread] p1a,p1b\n|-resisted|p1a: Glimmora\n|-resisted|p1b: Grimmsnarl\n|-damage|p1a: Glimmora|50\/100 slp\n|-damage|p1b: Grimmsnarl|73\/100\n|move|p1b: Grimmsnarl|Spirit Break|p2a: Torkoal\n|-resisted|p2a: Torkoal\n|-damage|p2a: Torkoal|89\/100\n|-unboost|p2a: Torkoal|spa|1\n|move|p2b: Farigiraf|Hyper Voice|p1b: Grimmsnarl|[spread] p1a,p1b\n|-resisted|p1a: Glimmora\n|-damage|p1a: Glimmora|35\/100 slp\n|-damage|p1b: Grimmsnarl|57\/100\n|-enditem|p2b: Farigiraf|Throat Spray\n|-boost|p2b: Farigiraf|spa|1|[from] item: Throat Spray\n|cant|p1a: Glimmora|slp\n|\n|-weather|SunnyDay|[upkeep]\n|upkeep\n|turn|3\n|\n|t:|1732072143\n|move|p2a: Torkoal|Eruption|p1a: Glimmora|[spread] p1a,p1b\n|-resisted|p1a: Glimmora\n|-resisted|p1b: Grimmsnarl\n|-damage|p1a: Glimmora|7\/100 slp\n|-damage|p1b: Grimmsnarl|41\/100\n|move|p1b: Grimmsnarl|Spirit Break|p2b: Farigiraf\n|-damage|p2b: Farigiraf|70\/100\n|-unboost|p2b: Farigiraf|spa|1\n|move|p2b: Farigiraf|Hyper Voice|p1a: Glimmora|[spread] p1a,p1b\n|-resisted|p1a: Glimmora\n|-damage|p1a: Glimmora|0 fnt\n|-damage|p1b: Grimmsnarl|27\/100\n|faint|p1a: Glimmora\n|\n|-weather|SunnyDay|[upkeep]\n|upkeep\n|\n|t:|1732072154\n|switch|p1a: Dusclops|Dusclops, L50, F|100\/100\n|-item|p2a: Torkoal|Choice Specs|[from] ability: Frisk|[of] p1a: Dusclops\n|turn|4\n|\n|t:|1732072165\n|move|p1a: Dusclops|Night Shade|p2a: Torkoal\n|-damage|p2a: Torkoal|61\/100\n|move|p2a: Torkoal|Eruption|p1b: Grimmsnarl|[spread] p1a,p1b\n|-resisted|p1b: Grimmsnarl\n|-damage|p1a: Dusclops|86\/100\n|-damage|p1b: Grimmsnarl|16\/100\n|move|p1b: Grimmsnarl|Spirit Break|p2a: Torkoal\n|-resisted|p2a: Torkoal\n|-damage|p2a: Torkoal|50\/100\n|-unboost|p2a: Torkoal|spa|1\n|move|p2b: Farigiraf|Tera Blast|p1b: Grimmsnarl\n|-damage|p1b: Grimmsnarl|0 fnt\n|faint|p1b: Grimmsnarl\n|\n|-weather|SunnyDay|[upkeep]\n|upkeep\n|\n|t:|1732072174\n|switch|p1b: Ursaluna|Ursaluna-Bloodmoon, L50, M|100\/100\n|turn|5\n|\n|t:|1732072190\n|move|p1a: Dusclops|Helping Hand|p1b: Ursaluna\n|-singleturn|p1b: Ursaluna|Helping Hand|[of] p1a: Dusclops\n|move|p2a: Torkoal|Eruption|p1a: Dusclops|[spread] p1a,p1b\n|-damage|p1a: Dusclops|76\/100\n|-damage|p1b: Ursaluna|80\/100\n|move|p1b: Ursaluna|Hyper Voice|p2a: Torkoal|[spread] p2a,p2b\n|-damage|p2a: Torkoal|0 fnt\n|-damage|p2b: Farigiraf|21\/100\n|faint|p2a: Torkoal\n|-enditem|p1b: Ursaluna|Throat Spray\n|-boost|p1b: Ursaluna|spa|1|[from] item: Throat Spray\n|move|p2b: Farigiraf|Tera Blast|p1b: Ursaluna\n|-damage|p1b: Ursaluna|53\/100\n|\n|-weather|SunnyDay|[upkeep]\n|-fieldend|move: Trick Room\n|upkeep\n|\n|t:|1732072207\n|switch|p2a: Ursaluna|Ursaluna-Bloodmoon, L50, M|100\/100\n|turn|6\n|\n|t:|1732072219\n|-terastallize|p2a: Ursaluna|Normal\n|move|p1b: Ursaluna|Protect|p1b: Ursaluna\n|-singleturn|p1b: Ursaluna|Protect\n|move|p2a: Ursaluna|Hyper Voice|p1a: Dusclops|[spread] p1a\n|-activate|p1b: Ursaluna|move: Protect\n|-damage|p1a: Dusclops|52\/100\n|-damage|p2a: Ursaluna|91\/100|[from] item: Life Orb\n|move|p2b: Farigiraf|Trick Room|p2b: Farigiraf\n|-fieldstart|move: Trick Room|[of] p2b: Farigiraf\n|move|p1a: Dusclops|Trick Room|p1a: Dusclops\n|-fieldend|move: Trick Room\n|\n|-weather|none\n|upkeep\n|turn|7\n|\n|t:|1732072239\n|move|p1a: Dusclops|Helping Hand|p1b: Ursaluna\n|-singleturn|p1b: Ursaluna|Helping Hand|[of] p1a: Dusclops\n|move|p2b: Farigiraf|Expanding Force|p1b: Ursaluna\n|-damage|p1b: Ursaluna|26\/100\n|move|p2a: Ursaluna|Blood Moon|p1b: Ursaluna\n|-damage|p1b: Ursaluna|0 fnt\n|faint|p1b: Ursaluna\n|-damage|p2a: Ursaluna|81\/100|[from] item: Life Orb\n|\n|upkeep\n|turn|8\n|-message|VGCLTH Rain forfeited.\n|\n|win|karamingo\n|raw|VGCLTH Rain's rating: 1788 &rarr; <strong>1771<\/strong><br \/>(-17 for losing)\n|raw|karamingo's rating: 1836 &rarr; <strong>1853<\/strong><br \/>(+17 for winning)\n|l|\u2606VGCLTH Rain\n|player|p1|\n|l|\u2606karamingo\n|player|p2|\n","uploadtime":1732072411,"views":147,"formatid":"gen9vgc2024regh","rating":1771,"private":0,"password":null}