{"id":"gen9vgc2024regh-2247571983","format":"[Gen 9] VGC 2024 Reg H","players":["jbleacher2","VGCLTH Rain"],"log":"|raw|<div class=\"broadcast-blue\"><strong>This battle is required to be public due to a player having a name starting with 'vgclth'.<\/div>\n|j|\u2606jbleacher2\n|j|\u2606VGCLTH Rain\n|t:|1732110806\n|gametype|doubles\n|player|p1|jbleacher2|1|1715\n|player|p2|VGCLTH Rain|169|1718\n|teamsize|p1|6\n|teamsize|p2|6\n|gen|9\n|tier|[Gen 9] VGC 2024 Reg H\n|rated|\n|rule|Species Clause: Limit one of each Pok\u00e9mon\n|rule|Item Clause: Limit 1 of each item\n|clearpoke\n|poke|p1|Murkrow, L50, F|\n|poke|p1|Volcarona, L50, M|\n|poke|p1|Oricorio-Pom-Pom, L50, F|\n|poke|p1|Quaquaval, L50, M|\n|poke|p1|Archaludon, L50, M|\n|poke|p1|Golduck, L50, F|\n|poke|p2|Typhlosion-Hisui, L50, M|\n|poke|p2|Glimmora, L50, F|\n|poke|p2|Grimmsnarl, L50, M|\n|poke|p2|Whimsicott, L50, M|\n|poke|p2|Ursaluna-Bloodmoon, L50, M|\n|poke|p2|Dusclops, L50, F|\n|teampreview|4\n|inactive|Battle timer is ON: inactive players will automatically lose when time's up. (requested by jbleacher2)\n|j| Lithogen\n|\n|t:|1732110832\n|start\n|switch|p1a: Volcarona|Volcarona, L50, M|100\/100\n|switch|p1b: Oricorio|Oricorio-Pom-Pom, L50, F, shiny|100\/100\n|switch|p2a: Glimmora|Glimmora, L50, F|100\/100\n|switch|p2b: Grimmsnarl|Grimmsnarl, L50, M|100\/100\n|turn|1\n|\n|t:|1732110842\n|-terastallize|p1a: Volcarona|Water\n|move|p1b: Oricorio|Protect|p1b: Oricorio\n|-singleturn|p1b: Oricorio|Protect\n|move|p2b: Grimmsnarl|Taunt|p1a: Volcarona\n|-start|p1a: Volcarona|move: Taunt\n|cant|p1a: Volcarona|move: Taunt|Quiver Dance\n|move|p2a: Glimmora|Power Gem|p1b: Oricorio\n|-activate|p1b: Oricorio|move: Protect\n|\n|upkeep\n|turn|2\n|j| Mixam91\n|\n|t:|1732110859\n|switch|p1b: Golduck|Golduck, L50, F|100\/100\n|-ability|p1b: Golduck|Cloud Nine\n|move|p2b: Grimmsnarl|Light Screen|p2b: Grimmsnarl\n|-sidestart|p2: VGCLTH Rain|move: Light Screen\n|move|p1a: Volcarona|Fiery Dance|p2b: Grimmsnarl\n|-damage|p2b: Grimmsnarl|79\/100\n|move|p2a: Glimmora|Earth Power|p1b: Golduck\n|-damage|p1b: Golduck|62\/100\n|\n|upkeep\n|turn|3\n|inactive|jbleacher2 has 30 seconds left.\n|l|\u2606jbleacher2\n|inactive|jbleacher2 disconnected and has a minute to reconnect!\n|player|p1|\n|inactive|jbleacher2 has 20 seconds left.\n|inactive|jbleacher2 has 15 seconds left.\n|j|\u2606jbleacher2\n|inactive|jbleacher2 reconnected and has 15 seconds left.\n|player|p1|jbleacher2|1|\n|\n|t:|1732110902\n|move|p1b: Golduck|Muddy Water|p2b: Grimmsnarl|[spread] p2b\n|-miss|p1b: Golduck|p2a: Glimmora\n|-damage|p2b: Grimmsnarl|67\/100\n|move|p1a: Volcarona|Fiery Dance|p2a: Glimmora\n|-resisted|p2a: Glimmora\n|-damage|p2a: Glimmora|81\/100\n|-boost|p1a: Volcarona|spa|1\n|move|p2a: Glimmora|Sludge Bomb|p1b: Golduck\n|-damage|p1b: Golduck|0 fnt\n|faint|p1b: Golduck\n|move|p2b: Grimmsnarl|Spirit Break|p1a: Volcarona\n|-damage|p1a: Volcarona|63\/100\n|-unboost|p1a: Volcarona|spa|1\n|\n|-heal|p1a: Volcarona|69\/100|[from] item: Leftovers\n|-end|p1a: Volcarona|move: Taunt\n|upkeep\n|\n|t:|1732110906\n|switch|p1b: Quaquaval|Quaquaval, L50, M|100\/100\n|turn|4\n|\n|t:|1732110919\n|move|p2b: Grimmsnarl|Reflect|p2b: Grimmsnarl\n|-sidestart|p2: VGCLTH Rain|Reflect\n|move|p1b: Quaquaval|Aqua Step|p2a: Glimmora\n|-supereffective|p2a: Glimmora\n|-damage|p2a: Glimmora|16\/100\n|-boost|p1b: Quaquaval|spe|1\n|-activate|p2a: Glimmora|ability: Toxic Debris\n|-sidestart|p1: jbleacher2|move: Toxic Spikes\n|move|p1a: Volcarona|Fiery Dance|p2b: Grimmsnarl\n|-damage|p2b: Grimmsnarl|47\/100\n|move|p2a: Glimmora|Sludge Bomb|p1a: Volcarona\n|-damage|p1a: Volcarona|17\/100\n|-status|p1a: Volcarona|psn\n|\n|-heal|p1a: Volcarona|23\/100 psn|[from] item: Leftovers\n|-damage|p1a: Volcarona|10\/100 psn|[from] psn\n|upkeep\n|turn|5\n|\n|t:|1732110934\n|switch|p1a: Oricorio|Oricorio-Pom-Pom, L50, F, shiny|100\/100\n|move|p1b: Quaquaval|Aqua Step|p2a: Glimmora\n|-supereffective|p2a: Glimmora\n|-damage|p2a: Glimmora|0 fnt\n|-boost|p1b: Quaquaval|spe|1\n|-activate|p2a: Glimmora|ability: Toxic Debris\n|-sidestart|p1: jbleacher2|move: Toxic Spikes\n|faint|p2a: Glimmora\n|-ability|p1b: Quaquaval|Moxie|boost\n|-boost|p1b: Quaquaval|atk|1\n|-activate|p1a: Oricorio|ability: Dancer\n|move|p1a: Oricorio|Aqua Step|p2b: Grimmsnarl|[from]ability: Dancer\n|-damage|p2b: Grimmsnarl|38\/100\n|-boost|p1a: Oricorio|spe|1\n|move|p2b: Grimmsnarl|Spirit Break|p1b: Quaquaval\n|-supereffective|p1b: Quaquaval\n|-damage|p1b: Quaquaval|14\/100\n|-unboost|p1b: Quaquaval|spa|1\n|\n|upkeep\n|\n|t:|1732110942\n|switch|p2a: Dusclops|Dusclops, L50, F|100\/100\n|-item|p1a: Oricorio|Covert Cloak|[from] ability: Frisk|[of] p2a: Dusclops\n|-item|p1b: Quaquaval|Choice Scarf|[from] ability: Frisk|[of] p2a: Dusclops\n|turn|6\n|\n|t:|1732110949\n|move|p1b: Quaquaval|Aqua Step|p2b: Grimmsnarl\n|-crit|p2b: Grimmsnarl\n|-damage|p2b: Grimmsnarl|0 fnt\n|-boost|p1b: Quaquaval|spe|1\n|faint|p2b: Grimmsnarl\n|-ability|p1b: Quaquaval|Moxie|boost\n|-boost|p1b: Quaquaval|atk|1\n|-activate|p1a: Oricorio|ability: Dancer\n|move|p1a: Oricorio|Aqua Step|p2a: Dusclops|[from]ability: Dancer\n|-damage|p2a: Dusclops|96\/100\n|-boost|p1a: Oricorio|spe|1\n|move|p1a: Oricorio|Air Slash|p2a: Dusclops\n|-damage|p2a: Dusclops|83\/100\n|move|p2a: Dusclops|Trick Room|p2a: Dusclops\n|-fieldstart|move: Trick Room|[of] p2a: Dusclops\n|\n|upkeep\n|\n|t:|1732110952\n|switch|p2b: Ursaluna|Ursaluna-Bloodmoon, L50, M|100\/100\n|turn|7\n|-message|jbleacher2 forfeited.\n|\n|win|VGCLTH Rain\n|raw|jbleacher2's rating: 1715 &rarr; <strong>1695<\/strong><br \/>(-20 for losing)\n|raw|VGCLTH Rain's rating: 1718 &rarr; <strong>1738<\/strong><br \/>(+20 for winning)\n|l|\u2606jbleacher2\n|player|p1|\n|l| Mixam91\n","uploadtime":1732111146,"views":21,"formatid":"gen9vgc2024regh","rating":1695,"private":0,"password":null}