{"id":"gen9vgc2024regh-2247548198","format":"[Gen 9] VGC 2024 Reg H","players":["VGCLTH Rain","LAST_STARDUST 224"],"log":"|raw|<div class=\"broadcast-blue\"><strong>This battle is required to be public due to a player having a name starting with 'vgclth'.<\/div>\n|j|\u2606VGCLTH Rain\n|j|\u2606LAST_STARDUST 224\n|t:|1732107887\n|gametype|doubles\n|player|p1|VGCLTH Rain|169|1745\n|player|p2|LAST_STARDUST 224|1|1714\n|teamsize|p1|6\n|teamsize|p2|6\n|gen|9\n|tier|[Gen 9] VGC 2024 Reg H\n|rated|\n|rule|Species Clause: Limit one of each Pok\u00e9mon\n|rule|Item Clause: Limit 1 of each item\n|clearpoke\n|poke|p1|Typhlosion-Hisui, L50, F|\n|poke|p1|Glimmora, L50, M|\n|poke|p1|Grimmsnarl, L50, M|\n|poke|p1|Whimsicott, L50, F|\n|poke|p1|Ursaluna-Bloodmoon, L50, M|\n|poke|p1|Dusclops, L50, M|\n|poke|p2|Dragonite, L50, F|\n|poke|p2|Annihilape, L50, F|\n|poke|p2|Rillaboom, L50, M|\n|poke|p2|Incineroar, L50, F|\n|poke|p2|Gholdengo, L50|\n|poke|p2|Electabuzz, L50, F|\n|teampreview|4\n|\n|t:|1732107926\n|start\n|switch|p1a: Grimmsnarl|Grimmsnarl, L50, M|100\/100\n|switch|p1b: Glimmora|Glimmora, L50, M|100\/100\n|switch|p2a: Rillaboom|Rillaboom, L50, M|100\/100\n|switch|p2b: Gholdengo|Gholdengo, L50|100\/100\n|-fieldstart|move: Grassy Terrain|[from] ability: Grassy Surge|[of] p2a: Rillaboom\n|turn|1\n|inactive|Battle timer is ON: inactive players will automatically lose when time's up. (requested by LAST_STARDUST 224)\n|\n|t:|1732107945\n|move|p2a: Rillaboom|Fake Out|p1a: Grimmsnarl\n|-damage|p1a: Grimmsnarl|83\/100\n|cant|p1a: Grimmsnarl|flinch\n|move|p1b: Glimmora|Earth Power|p2b: Gholdengo\n|-supereffective|p2b: Gholdengo\n|-damage|p2b: Gholdengo|38\/100\n|-enditem|p2b: Gholdengo|Sitrus Berry|[eat]\n|-heal|p2b: Gholdengo|62\/100|[from] item: Sitrus Berry\n|move|p2b: Gholdengo|Make It Rain|p1b: Glimmora|[spread] p1a,p1b\n|-supereffective|p1a: Grimmsnarl\n|-supereffective|p1b: Glimmora\n|-damage|p1a: Grimmsnarl|19\/100\n|-enditem|p1b: Glimmora|Focus Sash\n|-damage|p1b: Glimmora|1\/100\n|-unboost|p2b: Gholdengo|spa|1\n|\n|-heal|p1b: Glimmora|7\/100|[from] Grassy Terrain\n|-heal|p2b: Gholdengo|69\/100|[from] Grassy Terrain\n|-heal|p1a: Grimmsnarl|25\/100|[from] Grassy Terrain\n|upkeep\n|turn|2\n|\n|t:|1732107967\n|move|p2a: Rillaboom|Grassy Glide|p1a: Grimmsnarl\n|-damage|p1a: Grimmsnarl|0 fnt\n|faint|p1a: Grimmsnarl\n|move|p1b: Glimmora|Sludge Bomb|p2a: Rillaboom\n|-supereffective|p2a: Rillaboom\n|-damage|p2a: Rillaboom|25\/100\n|move|p2b: Gholdengo|Nasty Plot|p2b: Gholdengo\n|-boost|p2b: Gholdengo|spa|2\n|\n|-heal|p1b: Glimmora|12\/100|[from] Grassy Terrain\n|-heal|p2b: Gholdengo|75\/100|[from] Grassy Terrain\n|-heal|p2a: Rillaboom|31\/100|[from] Grassy Terrain\n|upkeep\n|\n|t:|1732107970\n|switch|p1a: Dusclops|Dusclops, L50, M|100\/100\n|-item|p2a: Rillaboom|Assault Vest|[from] ability: Frisk|[of] p1a: Dusclops\n|turn|3\n|\n|t:|1732107988\n|move|p2a: Rillaboom|Grassy Glide|p1b: Glimmora\n|-damage|p1b: Glimmora|0 fnt\n|-activate|p1b: Glimmora|ability: Toxic Debris\n|-sidestart|p2: LAST_STARDUST 224|move: Toxic Spikes\n|faint|p1b: Glimmora\n|move|p2b: Gholdengo|Shadow Ball|p1a: Dusclops\n|-supereffective|p1a: Dusclops\n|-damage|p1a: Dusclops|43\/100\n|move|p1a: Dusclops|Trick Room|p1a: Dusclops\n|-fieldstart|move: Trick Room|[of] p1a: Dusclops\n|\n|-heal|p1a: Dusclops|49\/100|[from] Grassy Terrain\n|-heal|p2a: Rillaboom|37\/100|[from] Grassy Terrain\n|-heal|p2b: Gholdengo|81\/100|[from] Grassy Terrain\n|upkeep\n|\n|t:|1732107991\n|switch|p1b: Ursaluna|Ursaluna-Bloodmoon, L50, M|100\/100\n|turn|4\n|\n|t:|1732108015\n|switch|p2a: Electabuzz|Electabuzz, L50, F|100\/100\n|-status|p2a: Electabuzz|psn\n|-terastallize|p1b: Ursaluna|Grass\n|move|p1a: Dusclops|Helping Hand|p1b: Ursaluna\n|-singleturn|p1b: Ursaluna|Helping Hand|[of] p1a: Dusclops\n|move|p2b: Gholdengo|Protect|p2b: Gholdengo\n|-singleturn|p2b: Gholdengo|Protect\n|move|p1b: Ursaluna|Hyper Voice|p2a: Electabuzz|[spread] p2a\n|-activate|p2b: Gholdengo|move: Protect\n|-damage|p2a: Electabuzz|53\/100 psn\n|-enditem|p1b: Ursaluna|Throat Spray\n|-boost|p1b: Ursaluna|spa|1|[from] item: Throat Spray\n|\n|-heal|p1a: Dusclops|56\/100|[from] Grassy Terrain\n|-heal|p2b: Gholdengo|87\/100|[from] Grassy Terrain\n|-heal|p2a: Electabuzz|60\/100 psn|[from] Grassy Terrain\n|-damage|p2a: Electabuzz|47\/100 psn|[from] psn\n|upkeep\n|turn|5\n|inactive|VGCLTH Rain has 30 seconds left.\n|\n|t:|1732108047\n|move|p1a: Dusclops|Helping Hand|p1b: Ursaluna\n|-singleturn|p1b: Ursaluna|Helping Hand|[of] p1a: Dusclops\n|move|p2a: Electabuzz|Follow Me|p2a: Electabuzz\n|-singleturn|p2a: Electabuzz|move: Follow Me\n|move|p1b: Ursaluna|Hyper Voice|p2b: Gholdengo|[spread] p2a,p2b\n|-resisted|p2b: Gholdengo\n|-damage|p2a: Electabuzz|0 fnt\n|-damage|p2b: Gholdengo|45\/100\n|faint|p2a: Electabuzz\n|move|p2b: Gholdengo|Shadow Ball|p1a: Dusclops\n|-supereffective|p1a: Dusclops\n|-damage|p1a: Dusclops|0 fnt\n|faint|p1a: Dusclops\n|\n|-heal|p2b: Gholdengo|52\/100|[from] Grassy Terrain\n|-fieldend|move: Grassy Terrain\n|upkeep\n|\n|t:|1732108059\n|switch|p2a: Rillaboom|Rillaboom, L50, M|37\/100\n|-status|p2a: Rillaboom|psn\n|-fieldstart|move: Grassy Terrain|[from] ability: Grassy Surge|[of] p2a: Rillaboom\n|turn|6\n|\n|t:|1732108065\n|move|p1b: Ursaluna|Protect|p1b: Ursaluna\n|-singleturn|p1b: Ursaluna|Protect\n|move|p2a: Rillaboom|Fake Out|p1b: Ursaluna\n|-activate|p1b: Ursaluna|move: Protect\n|move|p2b: Gholdengo|Make It Rain|p1b: Ursaluna\n|-activate|p1b: Ursaluna|move: Protect\n|\n|-heal|p2a: Rillaboom|43\/100 psn|[from] Grassy Terrain\n|-heal|p2b: Gholdengo|58\/100|[from] Grassy Terrain\n|-damage|p2a: Rillaboom|30\/100 psn|[from] psn\n|upkeep\n|turn|7\n|\n|t:|1732108075\n|switch|p2a: Dragonite|Dragonite, L50, F|100\/100\n|move|p2b: Gholdengo|Protect|p2b: Gholdengo\n|-singleturn|p2b: Gholdengo|Protect\n|move|p1b: Ursaluna|Hyper Voice|p2a: Dragonite|[spread] p2a\n|-activate|p2b: Gholdengo|move: Protect\n|-damage|p2a: Dragonite|76\/100\n|\n|-heal|p2b: Gholdengo|64\/100|[from] Grassy Terrain\n|-fieldend|move: Trick Room\n|upkeep\n|turn|8\n|\n|t:|1732108082\n|move|p2b: Gholdengo|Make It Rain|p1b: Ursaluna\n|-damage|p1b: Ursaluna|0 fnt\n|-unboost|p2b: Gholdengo|spa|1\n|faint|p1b: Ursaluna\n|\n|win|LAST_STARDUST 224\n|raw|VGCLTH Rain's rating: 1745 &rarr; <strong>1723<\/strong><br \/>(-22 for losing)\n|raw|LAST_STARDUST 224's rating: 1714 &rarr; <strong>1736<\/strong><br \/>(+22 for winning)\n|l|\u2606LAST_STARDUST 224\n|player|p2|\n|j| Conquistatore\n","uploadtime":1732108231,"views":26,"formatid":"gen9vgc2024regh","rating":1723,"private":0,"password":null}