{"id":"gen9vgc2024regh-2247694124","format":"[Gen 9] VGC 2024 Reg H","players":["kojimuranishi","reg g rock"],"log":"|j|\u2606kojimuranishi\n|j|\u2606reg g rock\n|t:|1732122911\n|gametype|doubles\n|player|p1|kojimuranishi|169|1713\n|player|p2|reg g rock|grusha|1651\n|teamsize|p1|6\n|teamsize|p2|6\n|gen|9\n|tier|[Gen 9] VGC 2024 Reg H\n|rated|\n|rule|Species Clause: Limit one of each Pok\u00e9mon\n|rule|Item Clause: Limit 1 of each item\n|clearpoke\n|poke|p1|Whimsicott, L50, F|\n|poke|p1|Ursaluna-Bloodmoon, L50, M|\n|poke|p1|Archaludon, L50, M|\n|poke|p1|Dragonite, L50, M|\n|poke|p1|Gholdengo, L50|\n|poke|p1|Volcarona, L50, M|\n|poke|p2|Garchomp, L50, F|\n|poke|p2|Jumpluff, L50, M|\n|poke|p2|Torkoal, L50, M|\n|poke|p2|Dragonite, L50, F|\n|poke|p2|Kingambit, L50, F|\n|poke|p2|Typhlosion-Hisui, L50, M|\n|teampreview|4\n|inactive|Battle timer is ON: inactive players will automatically lose when time's up. (requested by reg g rock)\n|\n|t:|1732122941\n|start\n|switch|p1a: Whimsicott|Whimsicott, L50, F|100\/100\n|switch|p1b: Dragonite|Dragonite, L50, M|100\/100\n|switch|p2a: Jumpluff|Jumpluff, L50, M|100\/100\n|switch|p2b: Garchomp|Garchomp, L50, F|100\/100\n|turn|1\n|\n|t:|1732122960\n|-terastallize|p2b: Garchomp|Steel\n|move|p1a: Whimsicott|Tailwind|p1a: Whimsicott\n|-sidestart|p1: kojimuranishi|move: Tailwind\n|move|p1b: Dragonite|Rock Slide|p2a: Jumpluff|[spread] p2a,p2b\n|-supereffective|p2a: Jumpluff\n|-resisted|p2b: Garchomp\n|-damage|p2a: Jumpluff|17\/100\n|-damage|p2b: Garchomp|85\/100\n|move|p2a: Jumpluff|Tailwind|p2a: Jumpluff\n|-sidestart|p2: reg g rock|move: Tailwind\n|move|p2b: Garchomp|Earthquake|p1b: Dragonite|[spread] p1a\n|-immune|p2a: Jumpluff\n|-immune|p1b: Dragonite\n|-resisted|p1a: Whimsicott\n|-damage|p1a: Whimsicott|64\/100\n|-damage|p2b: Garchomp|75\/100|[from] item: Life Orb\n|\n|upkeep\n|turn|2\n|inactive|kojimuranishi has 30 seconds left.\n|\n|t:|1732122990\n|move|p1a: Whimsicott|Protect|p1a: Whimsicott\n|-singleturn|p1a: Whimsicott|Protect\n|move|p2a: Jumpluff|Sleep Powder|p1b: Dragonite|[miss]\n|-miss|p2a: Jumpluff|p1b: Dragonite\n|move|p2b: Garchomp|Dragon Claw|p1b: Dragonite\n|-supereffective|p1b: Dragonite\n|-damage|p1b: Dragonite|0 fnt\n|faint|p1b: Dragonite\n|-damage|p2b: Garchomp|65\/100|[from] item: Life Orb\n|\n|upkeep\n|\n|t:|1732123003\n|switch|p1b: Ursaluna|Ursaluna-Bloodmoon, L50, M|100\/100\n|turn|3\n|\n|t:|1732123009\n|move|p1b: Ursaluna|Protect|p1b: Ursaluna\n|-singleturn|p1b: Ursaluna|Protect\n|move|p2a: Jumpluff|Sleep Powder|p1b: Ursaluna\n|-activate|p1b: Ursaluna|move: Protect\n|move|p2b: Garchomp|Earthquake|p1a: Whimsicott|[spread] p1a\n|-activate|p1b: Ursaluna|move: Protect\n|-immune|p2a: Jumpluff\n|-resisted|p1a: Whimsicott\n|-damage|p1a: Whimsicott|24\/100\n|-damage|p2b: Garchomp|55\/100|[from] item: Life Orb\n|move|p1a: Whimsicott|Moonblast|p2a: Jumpluff\n|-damage|p2a: Jumpluff|0 fnt\n|faint|p2a: Jumpluff\n|\n|upkeep\n|\n|t:|1732123018\n|switch|p2a: Typhlosion|Typhlosion-Hisui, L50, M|100\/100\n|turn|4\n|\n|t:|1732123037\n|move|p1a: Whimsicott|Protect|p1a: Whimsicott\n|-singleturn|p1a: Whimsicott|Protect\n|move|p1b: Ursaluna|Vacuum Wave|p2b: Garchomp\n|-supereffective|p2b: Garchomp\n|-damage|p2b: Garchomp|11\/100\n|-damage|p1b: Ursaluna|91\/100|[from] item: Life Orb\n|move|p2b: Garchomp|Stomping Tantrum|p1b: Ursaluna\n|-damage|p1b: Ursaluna|50\/100\n|-damage|p2b: Garchomp|2\/100|[from] item: Life Orb\n|move|p2a: Typhlosion|Eruption|p1b: Ursaluna|[spread] p1b\n|-activate|p1a: Whimsicott|move: Protect\n|-damage|p1b: Ursaluna|0 fnt\n|faint|p1b: Ursaluna\n|\n|-sideend|p1: kojimuranishi|move: Tailwind\n|-sideend|p2: reg g rock|move: Tailwind\n|upkeep\n|\n|t:|1732123055\n|switch|p1b: Gholdengo|Gholdengo, L50|100\/100\n|turn|5\n|\n|t:|1732123065\n|move|p1a: Whimsicott|Tailwind|p1a: Whimsicott\n|-sidestart|p1: kojimuranishi|move: Tailwind\n|move|p1b: Gholdengo|Shadow Ball|p2a: Typhlosion\n|-supereffective|p2a: Typhlosion\n|-damage|p2a: Typhlosion|0 fnt\n|faint|p2a: Typhlosion\n|move|p2b: Garchomp|Stomping Tantrum|p1a: Whimsicott\n|-resisted|p1a: Whimsicott\n|-damage|p1a: Whimsicott|0 fnt\n|faint|p1a: Whimsicott\n|-damage|p2b: Garchomp|0 fnt|[from] item: Life Orb\n|faint|p2b: Garchomp\n|\n|upkeep\n|\n|t:|1732123070\n|switch|p2b: Kingambit|Kingambit, L50, F|100\/100\n|turn|6\n|\n|t:|1732123085\n|-terastallize|p1b: Gholdengo|Steel\n|move|p1b: Gholdengo|Shadow Ball|p2b: Kingambit\n|-resisted|p2b: Kingambit\n|-damage|p2b: Kingambit|77\/100\n|move|p2b: Kingambit|Assurance|p1b: Gholdengo\n|-damage|p1b: Gholdengo|65\/100\n|\n|upkeep\n|turn|7\n|\n|t:|1732123094\n|move|p1b: Gholdengo|Shadow Ball|p2b: Kingambit\n|-resisted|p2b: Kingambit\n|-damage|p2b: Kingambit|51\/100\n|move|p2b: Kingambit|Low Kick|p1b: Gholdengo\n|-supereffective|p1b: Gholdengo\n|-damage|p1b: Gholdengo|17\/100\n|\n|upkeep\n|turn|8\n|\n|t:|1732123103\n|move|p2b: Kingambit|Sucker Punch|p1b: Gholdengo\n|-damage|p1b: Gholdengo|0 fnt\n|faint|p1b: Gholdengo\n|\n|win|reg g rock\n|raw|kojimuranishi's rating: 1713 &rarr; <strong>1689<\/strong><br \/>(-24 for losing)\n|raw|reg g rock's rating: 1651 &rarr; <strong>1675<\/strong><br \/>(+24 for winning)\n|l|\u2606kojimuranishi\n|player|p1|\n|l|\u2606reg g rock\n|player|p2|\n","uploadtime":1732123307,"views":14,"formatid":"gen9vgc2024regh","rating":1675,"private":0,"password":null}