{"id":"gen9vgc2024regh-2247068195","format":"[Gen 9] VGC 2024 Reg H","players":["daniiivgc","VGCLTH HUH"],"log":"|raw|<div class=\"broadcast-blue\"><strong>This battle is required to be public due to a player having a name starting with 'vgclth'.<\/div>\n|j|\u203ddaniiivgc\n|j|\u2606VGCLTH HUH\n|t:|1732042900\n|gametype|doubles\n|player|p1|daniiivgc|lucas|1710\n|player|p2|VGCLTH HUH|medium|1743\n|teamsize|p1|6\n|teamsize|p2|6\n|gen|9\n|tier|[Gen 9] VGC 2024 Reg H\n|rated|\n|rule|Species Clause: Limit one of each Pok\u00e9mon\n|rule|Item Clause: Limit 1 of each item\n|clearpoke\n|poke|p1|Kommo-o, L50, F|\n|poke|p1|Electabuzz, L50, F|\n|poke|p1|Dondozo, L50, M|\n|poke|p1|Sneasler, L50, M|\n|poke|p1|Rillaboom, L50, M|\n|poke|p1|Gholdengo, L50|\n|poke|p2|Dragonite, L50, M|\n|poke|p2|Ursaluna-Bloodmoon, L50, M|\n|poke|p2|Dondozo, L50, M|\n|poke|p2|Gholdengo, L50|\n|poke|p2|Volcarona, L50, F|\n|poke|p2|Archaludon, L50, F|\n|teampreview|4\n|inactive|Battle timer is ON: inactive players will automatically lose when time's up. (requested by VGCLTH HUH)\n|inactive|VGCLTH HUH has 60 seconds left.\n|\n|t:|1732042949\n|start\n|switch|p1a: Electabuzz|Electabuzz, L50, F|100\/100\n|switch|p1b: Kommo-o|Kommo-o, L50, F|100\/100\n|switch|p2a: Dragonite|Dragonite, L50, M|100\/100\n|switch|p2b: Gholdengo|Gholdengo, L50|100\/100\n|turn|1\n|\n|t:|1732042968\n|move|p1b: Kommo-o|Protect|p1b: Kommo-o\n|-singleturn|p1b: Kommo-o|Protect\n|move|p2b: Gholdengo|Trick|p1b: Kommo-o\n|-activate|p1b: Kommo-o|move: Protect\n|move|p1a: Electabuzz|Electroweb|p2a: Dragonite|[spread] p2a,p2b\n|-damage|p2a: Dragonite|93\/100\n|-damage|p2b: Gholdengo|85\/100\n|-unboost|p2a: Dragonite|spe|1\n|-unboost|p2b: Gholdengo|spe|1\n|move|p2a: Dragonite|Scale Shot|p1a: Electabuzz\n|-damage|p1a: Electabuzz|90\/100\n|-damage|p1a: Electabuzz|79\/100\n|-damage|p1a: Electabuzz|68\/100\n|-damage|p1a: Electabuzz|57\/100\n|-hitcount|p1a: Electabuzz|4\n|-unboost|p2a: Dragonite|def|1\n|-boost|p2a: Dragonite|spe|1\n|\n|upkeep\n|turn|2\n|inactive|VGCLTH HUH has 30 seconds left.\n|\n|t:|1732042998\n|switch|p2b: Dondozo|Dondozo, L50, M|100\/100\n|-terastallize|p2a: Dragonite|Steel\n|move|p1a: Electabuzz|Follow Me|p1a: Electabuzz\n|-singleturn|p1a: Electabuzz|move: Follow Me\n|move|p1b: Kommo-o|Clangorous Soul|p1b: Kommo-o\n|-boost|p1b: Kommo-o|atk|1\n|-boost|p1b: Kommo-o|def|1\n|-boost|p1b: Kommo-o|spa|1\n|-boost|p1b: Kommo-o|spd|1\n|-boost|p1b: Kommo-o|spe|1\n|-damage|p1b: Kommo-o|68\/100\n|-enditem|p1b: Kommo-o|Throat Spray\n|-boost|p1b: Kommo-o|spa|1|[from] item: Throat Spray\n|move|p2a: Dragonite|Scale Shot|p1a: Electabuzz\n|-damage|p1a: Electabuzz|46\/100\n|-damage|p1a: Electabuzz|35\/100\n|-damage|p1a: Electabuzz|24\/100\n|-damage|p1a: Electabuzz|12\/100\n|-damage|p1a: Electabuzz|2\/100\n|-hitcount|p1a: Electabuzz|5\n|-unboost|p2a: Dragonite|def|1\n|-boost|p2a: Dragonite|spe|1\n|\n|upkeep\n|turn|3\n|inactive|daniiivgc has 30 seconds left.\n|\n|t:|1732043025\n|move|p2a: Dragonite|Extreme Speed|p1a: Electabuzz\n|-damage|p1a: Electabuzz|0 fnt\n|faint|p1a: Electabuzz\n|move|p1b: Kommo-o|Flamethrower|p2a: Dragonite\n|-supereffective|p2a: Dragonite\n|-damage|p2a: Dragonite|0 fnt\n|faint|p2a: Dragonite\n|move|p2b: Dondozo|Yawn|p1b: Kommo-o\n|-start|p1b: Kommo-o|move: Yawn|[of] p2b: Dondozo\n|\n|upkeep\n|\n|t:|1732043038\n|switch|p1a: Sneasler|Sneasler, L50, M|100\/100\n|switch|p2a: Archaludon|Archaludon, L50, F|100\/100\n|turn|4\n|\n|t:|1732043056\n|switch|p1b: Rillaboom|Rillaboom, L50, M|100\/100\n|-fieldstart|move: Grassy Terrain|[from] ability: Grassy Surge|[of] p1b: Rillaboom\n|switch|p2a: Gholdengo|Gholdengo, L50|85\/100\n|move|p1a: Sneasler|Dire Claw|p2b: Dondozo\n|-damage|p2b: Dondozo|74\/100\n|-status|p2b: Dondozo|psn\n|move|p2b: Dondozo|Yawn|p1a: Sneasler\n|-start|p1a: Sneasler|move: Yawn|[of] p2b: Dondozo\n|\n|-heal|p2a: Gholdengo|90\/100|[from] Grassy Terrain\n|-heal|p2b: Dondozo|80\/100 psn|[from] Grassy Terrain\n|-heal|p2b: Dondozo|86\/100 psn|[from] item: Leftovers\n|-damage|p2b: Dondozo|74\/100 psn|[from] psn\n|upkeep\n|turn|5\n|\n|t:|1732043078\n|switch|p1a: Kommo-o|Kommo-o, L50, F|68\/100\n|move|p2a: Gholdengo|Make It Rain|p1a: Kommo-o|[spread] p1a,p1b\n|-damage|p1a: Kommo-o|18\/100\n|-damage|p1b: Rillaboom|65\/100\n|-unboost|p2a: Gholdengo|spa|1\n|move|p1b: Rillaboom|High Horsepower|p2a: Gholdengo|[miss]\n|-miss|p1b: Rillaboom|p2a: Gholdengo\n|move|p2b: Dondozo|Yawn|p1a: Kommo-o\n|-start|p1a: Kommo-o|move: Yawn|[of] p2b: Dondozo\n|\n|-heal|p2a: Gholdengo|96\/100|[from] Grassy Terrain\n|-heal|p1a: Kommo-o|23\/100|[from] Grassy Terrain\n|-heal|p1b: Rillaboom|71\/100|[from] Grassy Terrain\n|-heal|p2b: Dondozo|80\/100 psn|[from] Grassy Terrain\n|-heal|p2b: Dondozo|86\/100 psn|[from] item: Leftovers\n|-damage|p2b: Dondozo|74\/100 psn|[from] psn\n|upkeep\n|turn|6\n|inactive|VGCLTH HUH has 30 seconds left.\n|\n|t:|1732043104\n|-terastallize|p1a: Kommo-o|Fire\n|move|p2a: Gholdengo|Make It Rain|p1b: Rillaboom|[spread] p1a,p1b\n|-resisted|p1a: Kommo-o\n|-damage|p1a: Kommo-o|8\/100\n|-damage|p1b: Rillaboom|45\/100\n|-unboost|p2a: Gholdengo|spa|1\n|move|p1a: Kommo-o|Flamethrower|p2a: Gholdengo\n|-supereffective|p2a: Gholdengo\n|-damage|p2a: Gholdengo|11\/100\n|-status|p2a: Gholdengo|brn\n|move|p1b: Rillaboom|Wood Hammer|p2b: Dondozo\n|-supereffective|p2b: Dondozo\n|-damage|p2b: Dondozo|0 fnt\n|faint|p2b: Dondozo\n|-damage|p1b: Rillaboom|15\/100|[from] Recoil\n|\n|-heal|p2a: Gholdengo|17\/100 brn|[from] Grassy Terrain\n|-heal|p1a: Kommo-o|14\/100|[from] Grassy Terrain\n|-heal|p1b: Rillaboom|21\/100|[from] Grassy Terrain\n|-damage|p2a: Gholdengo|11\/100 brn|[from] brn\n|-end|p1a: Kommo-o|move: Yawn|[silent]\n|-status|p1a: Kommo-o|slp\n|upkeep\n|\n|t:|1732043122\n|switch|p2b: Archaludon|Archaludon, L50, F|100\/100\n|turn|7\n|\n|t:|1732043130\n|move|p1b: Rillaboom|Grassy Glide|p2a: Gholdengo\n|-resisted|p2a: Gholdengo\n|-crit|p2a: Gholdengo\n|-damage|p2a: Gholdengo|0 fnt\n|faint|p2a: Gholdengo\n|move|p2b: Archaludon|Electro Shot||[still]\n|-prepare|p2b: Archaludon|Electro Shot\n|-boost|p2b: Archaludon|spa|1\n|-enditem|p2b: Archaludon|Power Herb\n|-anim|p2b: Archaludon|Electro Shot|p1b: Rillaboom\n|-resisted|p1b: Rillaboom\n|-damage|p1b: Rillaboom|0 fnt\n|faint|p1b: Rillaboom\n|cant|p1a: Kommo-o|slp\n|\n|-heal|p1a: Kommo-o|19\/100 slp|[from] Grassy Terrain\n|upkeep\n|\n|t:|1732043139\n|switch|p1b: Sneasler|Sneasler, L50, M|100\/100\n|turn|8\n|\n|t:|1732043154\n|move|p1b: Sneasler|Protect|p1b: Sneasler\n|-singleturn|p1b: Sneasler|Protect\n|move|p2b: Archaludon|Protect|p2b: Archaludon\n|-singleturn|p2b: Archaludon|Protect\n|cant|p1a: Kommo-o|slp\n|\n|-heal|p1a: Kommo-o|25\/100 slp|[from] Grassy Terrain\n|-fieldend|move: Grassy Terrain\n|upkeep\n|turn|9\n|\n|t:|1732043168\n|move|p1b: Sneasler|Close Combat|p2b: Archaludon\n|-supereffective|p2b: Archaludon\n|-damage|p2b: Archaludon|2\/100\n|-unboost|p1b: Sneasler|def|1\n|-unboost|p1b: Sneasler|spd|1\n|move|p2b: Archaludon|Dragon Pulse|p1b: Sneasler\n|-enditem|p1b: Sneasler|Focus Sash\n|-damage|p1b: Sneasler|1\/100\n|-curestatus|p1a: Kommo-o|slp|[msg]\n|move|p1a: Kommo-o|Clanging Scales|p2b: Archaludon\n|-damage|p2b: Archaludon|0 fnt\n|faint|p2b: Archaludon\n|\n|win|daniiivgc\n|raw|daniiivgc's rating: 1710 &rarr; <strong>1732<\/strong><br \/>(+22 for winning)\n|raw|VGCLTH HUH's rating: 1743 &rarr; <strong>1721<\/strong><br \/>(-22 for losing)\n|l|\u2606VGCLTH HUH\n|player|p2|\n|l|\u203ddaniiivgc\n|player|p1|\n","uploadtime":1732043440,"views":14,"formatid":"gen9vgc2024regh","rating":1721,"private":0,"password":null}