{"id":"gen9vgc2024regh-2247845287","format":"[Gen 9] VGC 2024 Reg H","players":["testy accounty 2","ren122333"],"log":"|j|\u2606testy accounty 2\n|j|\u2606ren122333\n|t:|1732137309\n|gametype|doubles\n|player|p1|testy accounty 2|265|1771\n|player|p2|ren122333|hilbert|1739\n|teamsize|p1|6\n|teamsize|p2|6\n|gen|9\n|tier|[Gen 9] VGC 2024 Reg H\n|rated|\n|rule|Species Clause: Limit one of each Pok\u00e9mon\n|rule|Item Clause: Limit 1 of each item\n|clearpoke\n|poke|p1|Pelipper, L50, M|\n|poke|p1|Archaludon, L50, F|\n|poke|p1|Sneasler, L50, M|\n|poke|p1|Dragonite, L50, F|\n|poke|p1|Basculegion, L50, M|\n|poke|p1|Rillaboom, L50, M|\n|poke|p2|Whimsicott, L50, M|\n|poke|p2|Mamoswine, L50, M|\n|poke|p2|Lycanroc-Dusk, L50, F|\n|poke|p2|Typhlosion-Hisui, L50, M|\n|poke|p2|Farigiraf, L50, M|\n|poke|p2|Mienshao, L50, M|\n|teampreview|4\n|inactive|Battle timer is ON: inactive players will automatically lose when time's up. (requested by ren122333)\n|inactive|testy accounty 2 has 60 seconds left.\n|\n|t:|1732137353\n|start\n|switch|p1a: VEGETA|Basculegion, L50, M|100\/100\n|switch|p1b: Slim Shady|Sneasler, L50, M|100\/100\n|switch|p2a: Whimsicott|Whimsicott, L50, M|100\/100\n|switch|p2b: Mamoswine|Mamoswine, L50, M|100\/100\n|turn|1\n|inactive|testy accounty 2 has 30 seconds left.\n|\n|t:|1732137380\n|-terastallize|p2b: Mamoswine|Grass\n|move|p1b: Slim Shady|Protect|p1b: Slim Shady\n|-singleturn|p1b: Slim Shady|Protect\n|move|p2a: Whimsicott|Tailwind|p2a: Whimsicott\n|-sidestart|p2: ren122333|move: Tailwind\n|move|p2b: Mamoswine|Tera Blast|p1a: VEGETA|[anim] Tera Blast Grass\n|-supereffective|p1a: VEGETA\n|-damage|p1a: VEGETA|0 fnt\n|faint|p1a: VEGETA\n|\n|upkeep\n|j| Reyggor\n|\n|t:|1732137402\n|switch|p1a: Pelipper|Pelipper, L50, M|100\/100\n|-weather|RainDance|[from] ability: Drizzle|[of] p1a: Pelipper\n|turn|2\n|\n|t:|1732137411\n|switch|p1a: Rillaboom|Rillaboom, L50, M|100\/100\n|-fieldstart|move: Grassy Terrain|[from] ability: Grassy Surge|[of] p1a: Rillaboom\n|-enditem|p1b: Slim Shady|Grassy Seed\n|-boost|p1b: Slim Shady|def|1|[from] item: Grassy Seed\n|-terastallize|p1b: Slim Shady|Dark\n|move|p1b: Slim Shady|Dire Claw|p2b: Mamoswine\n|-supereffective|p2b: Mamoswine\n|-damage|p2b: Mamoswine|2\/100\n|move|p2a: Whimsicott|Moonblast|p1a: Rillaboom\n|-damage|p1a: Rillaboom|67\/100\n|move|p2b: Mamoswine|Tera Blast|p1a: Rillaboom|[anim] Tera Blast Grass\n|-resisted|p1a: Rillaboom\n|-damage|p1a: Rillaboom|44\/100\n|\n|-weather|RainDance|[upkeep]\n|-heal|p2b: Mamoswine|8\/100|[from] Grassy Terrain\n|-heal|p1a: Rillaboom|50\/100|[from] Grassy Terrain\n|upkeep\n|turn|3\n|inactive|testy accounty 2 has 30 seconds left.\n|inactive|ren122333 has 30 seconds left.\n|\n|t:|1732137442\n|switch|p2b: Farigiraf|Farigiraf, L50, M|100\/100\n|move|p1a: Rillaboom|Grassy Glide||[still]\n|cant|p2b: Farigiraf|ability: Armor Tail|Grassy Glide|[of] p1a: Rillaboom\n|move|p1b: Slim Shady|Dire Claw|p2a: Whimsicott\n|-supereffective|p2a: Whimsicott\n|-enditem|p2a: Whimsicott|Focus Sash\n|-damage|p2a: Whimsicott|1\/100\n|move|p2a: Whimsicott|Moonblast|p1b: Slim Shady\n|-supereffective|p1b: Slim Shady\n|-damage|p1b: Slim Shady|0 fnt\n|faint|p1b: Slim Shady\n|\n|-weather|RainDance|[upkeep]\n|-heal|p2a: Whimsicott|7\/100|[from] Grassy Terrain\n|-heal|p1a: Rillaboom|56\/100|[from] Grassy Terrain\n|upkeep\n|\n|t:|1732137454\n|switch|p1b: Pelipper|Pelipper, L50, M|100\/100\n|turn|4\n|\n|t:|1732137470\n|move|p2a: Whimsicott|Sunny Day|p2a: Whimsicott\n|-weather|SunnyDay\n|move|p2b: Farigiraf|Hyper Voice|p1a: Rillaboom|[spread] p1a,p1b\n|-damage|p1a: Rillaboom|22\/100\n|-damage|p1b: Pelipper|54\/100\n|move|p1a: Rillaboom|Bullet Seed|p2a: Whimsicott\n|-resisted|p2a: Whimsicott\n|-damage|p2a: Whimsicott|0 fnt\n|faint|p2a: Whimsicott\n|-hitcount|p2: Whimsicott|1\n|move|p1b: Pelipper|Tailwind|p1b: Pelipper\n|-sidestart|p1: testy accounty 2|move: Tailwind\n|\n|-weather|SunnyDay|[upkeep]\n|-heal|p1a: Rillaboom|28\/100|[from] Grassy Terrain\n|-sideend|p2: ren122333|move: Tailwind\n|upkeep\n|\n|t:|1732137482\n|switch|p2a: Mamoswine|Mamoswine, L50, M, tera:Grass|8\/100\n|turn|5\n|\n|t:|1732137494\n|move|p1a: Rillaboom|Bullet Seed|p2b: Farigiraf\n|-damage|p2b: Farigiraf|83\/100\n|-damage|p2b: Farigiraf|67\/100\n|-damage|p2b: Farigiraf|51\/100\n|-damage|p2b: Farigiraf|35\/100\n|-hitcount|p2b: Farigiraf|4\n|move|p1b: Pelipper|Weather Ball|p2a: Mamoswine\n|-supereffective|p2a: Mamoswine\n|-damage|p2a: Mamoswine|0 fnt\n|faint|p2a: Mamoswine\n|move|p2b: Farigiraf|Trick Room|p2b: Farigiraf\n|-fieldstart|move: Trick Room|[of] p2b: Farigiraf\n|\n|-weather|SunnyDay|[upkeep]\n|-heal|p2b: Farigiraf|41\/100|[from] Grassy Terrain\n|-heal|p1a: Rillaboom|33\/100|[from] Grassy Terrain\n|upkeep\n|j| Kpxbrothers\n|\n|t:|1732137502\n|switch|p2a: Typhlosion|Typhlosion-Hisui, L50, M|100\/100\n|-item|p1a: Rillaboom|Loaded Dice|[from] ability: Frisk|[of] p2a: Typhlosion\n|-item|p1b: Pelipper|Focus Sash|[from] ability: Frisk|[of] p2a: Typhlosion\n|turn|6\n|\n|t:|1732137516\n|move|p2b: Farigiraf|Expanding Force|p1a: Rillaboom\n|-damage|p1a: Rillaboom|0 fnt\n|faint|p1a: Rillaboom\n|move|p2a: Typhlosion|Shadow Ball|p1b: Pelipper\n|-damage|p1b: Pelipper|0 fnt\n|faint|p1b: Pelipper\n|\n|win|ren122333\n|raw|testy accounty 2's rating: 1771 &rarr; <strong>1749<\/strong><br \/>(-22 for losing)\n|raw|ren122333's rating: 1739 &rarr; <strong>1761<\/strong><br \/>(+22 for winning)\n|l|\u2606testy accounty 2\n|player|p1|\n|l|\u2606ren122333\n|player|p2|\n","uploadtime":1732137676,"views":15,"formatid":"gen9vgc2024regh","rating":1749,"private":0,"password":null}