{"id":"gen9vgc2024regh-2247650846","format":"[Gen 9] VGC 2024 Reg H","players":["Isloe","juacox300"],"log":"|j|\u2606Isloe\n|j|\u2606juacox300\n|t:|1732118821\n|gametype|doubles\n|player|p1|Isloe|dahlia|1762\n|player|p2|juacox300|unknown|1743\n|teamsize|p1|6\n|teamsize|p2|6\n|gen|9\n|tier|[Gen 9] VGC 2024 Reg H\n|rated|\n|rule|Species Clause: Limit one of each Pok\u00e9mon\n|rule|Item Clause: Limit 1 of each item\n|clearpoke\n|poke|p1|Incineroar, L50, F|\n|poke|p1|Amoonguss, L50, F|\n|poke|p1|Rillaboom, L50, M|\n|poke|p1|Dragonite, L50, F|\n|poke|p1|Volcarona, L50, M|\n|poke|p1|Electabuzz, L50, M|\n|poke|p2|Ursaluna, L50, F|\n|poke|p2|Murkrow, L50, M|\n|poke|p2|Sneasler, L50, M|\n|poke|p2|Indeedee, L50, M|\n|poke|p2|Archaludon, L50, M|\n|poke|p2|Incineroar, L50, M|\n|teampreview|4\n|\n|t:|1732118868\n|start\n|switch|p1a: Volcarona|Volcarona, L50, M|100\/100\n|switch|p1b: Electabuzz|Electabuzz, L50, M|100\/100\n|switch|p2a: Incineroar|Incineroar, L50, M|100\/100\n|switch|p2b: Alfred|Indeedee, L50, M, shiny|100\/100\n|-fieldstart|move: Psychic Terrain|[from] ability: Psychic Surge|[of] p2b: Alfred\n|-ability|p2a: Incineroar|Intimidate|boost\n|-unboost|p1a: Volcarona|atk|1\n|-unboost|p1b: Electabuzz|atk|1\n|turn|1\n|\n|t:|1732118892\n|switch|p1b: Incineroar|Incineroar, L50, F|100\/100\n|-ability|p1b: Incineroar|Intimidate|boost\n|-unboost|p2a: Incineroar|atk|1\n|-unboost|p2b: Alfred|atk|1\n|move|p1a: Volcarona|Protect|p1a: Volcarona\n|-singleturn|p1a: Volcarona|Protect\n|move|p2b: Alfred|Expanding Force|p1a: Volcarona|[spread] \n|-activate|p1a: Volcarona|move: Protect\n|-immune|p1b: Incineroar\n|move|p2a: Incineroar|Knock Off|p1a: Volcarona\n|-activate|p1a: Volcarona|move: Protect\n|\n|upkeep\n|turn|2\n|\n|t:|1732118920\n|switch|p2b: Tommau|Sneasler, L50, M|100\/100\n|-enditem|p2b: Tommau|Psychic Seed\n|-boost|p2b: Tommau|spd|1|[from] item: Psychic Seed\n|switch|p1a: Rillaboom|Rillaboom, L50, M|100\/100\n|-fieldstart|move: Grassy Terrain|[from] ability: Grassy Surge|[of] p1a: Rillaboom\n|move|p2a: Incineroar|Flare Blitz|p1a: Rillaboom\n|-supereffective|p1a: Rillaboom\n|-damage|p1a: Rillaboom|33\/100\n|-damage|p2a: Incineroar|77\/100|[from] Recoil\n|move|p1b: Incineroar|Knock Off|p2b: Tommau\n|-resisted|p2b: Tommau\n|-damage|p2b: Tommau|75\/100\n|\n|-heal|p2b: Tommau|81\/100|[from] Grassy Terrain\n|-heal|p1a: Rillaboom|39\/100|[from] Grassy Terrain\n|-heal|p2a: Incineroar|83\/100|[from] Grassy Terrain\n|upkeep\n|turn|3\n|\n|t:|1732118962\n|switch|p1a: Electabuzz|Electabuzz, L50, M|100\/100\n|switch|p2a: Alfred|Indeedee, L50, M, shiny|100\/100\n|-fieldstart|move: Psychic Terrain|[from] ability: Psychic Surge|[of] p2a: Alfred\n|-terastallize|p2b: Tommau|Flying\n|-terastallize|p1b: Incineroar|Ghost\n|move|p2b: Tommau|Close Combat|p1b: Incineroar\n|-immune|p1b: Incineroar\n|move|p1b: Incineroar|Parting Shot|p2b: Tommau\n|-unboost|p2b: Tommau|atk|1\n|-unboost|p2b: Tommau|spa|1\n|\n|t:|1732118979\n|switch|p1b: Rillaboom|Rillaboom, L50, M|39\/100|[from] Parting Shot\n|-fieldstart|move: Grassy Terrain|[from] ability: Grassy Surge|[of] p1b: Rillaboom\n|\n|-heal|p1b: Rillaboom|44\/100|[from] Grassy Terrain\n|upkeep\n|turn|4\n|\n|t:|1732119052\n|switch|p2a: Archaludon|Archaludon, L50, M, shiny|100\/100\n|switch|p1b: Incineroar|Incineroar, L50, F, tera:Ghost|100\/100\n|-ability|p1b: Incineroar|Intimidate|boost\n|-unboost|p2a: Archaludon|atk|1\n|-unboost|p2b: Tommau|atk|1\n|move|p2b: Tommau|Dire Claw|p1b: Incineroar\n|-resisted|p1b: Incineroar\n|-damage|p1b: Incineroar|90\/100\n|-status|p1b: Incineroar|slp\n|-damage|p2b: Tommau|65\/100|[from] item: Rocky Helmet|[of] p1b: Incineroar\n|move|p1a: Electabuzz|Thunderbolt|p2b: Tommau\n|-supereffective|p2b: Tommau\n|-damage|p2b: Tommau|3\/100\n|\n|-heal|p1b: Incineroar|96\/100 slp|[from] Grassy Terrain\n|upkeep\n|turn|5\n|\n|t:|1732119092\n|switch|p2b: Incineroar|Incineroar, L50, M|83\/100\n|-ability|p2b: Incineroar|Intimidate|boost\n|-unboost|p1a: Electabuzz|atk|1\n|-unboost|p1b: Incineroar|atk|1\n|move|p1a: Electabuzz|Thunderbolt|p2b: Incineroar\n|-damage|p2b: Incineroar|64\/100\n|move|p2a: Archaludon|Electro Shot||[still]\n|-prepare|p2a: Archaludon|Electro Shot\n|-boost|p2a: Archaludon|spa|1\n|-enditem|p2a: Archaludon|Power Herb\n|-anim|p2a: Archaludon|Electro Shot|p1b: Incineroar\n|-damage|p1b: Incineroar|38\/100 slp\n|cant|p1b: Incineroar|slp\n|\n|-heal|p2b: Incineroar|70\/100|[from] Grassy Terrain\n|-heal|p1b: Incineroar|44\/100 slp|[from] Grassy Terrain\n|upkeep\n|turn|6\n|inactive|Battle timer is ON: inactive players will automatically lose when time's up. (requested by juacox300)\n|\n|t:|1732119161\n|move|p1a: Electabuzz|Thunderbolt|p2b: Incineroar\n|-damage|p2b: Incineroar|53\/100\n|move|p2a: Archaludon|Electro Shot||[still]\n|-prepare|p2a: Archaludon|Electro Shot\n|-boost|p2a: Archaludon|spa|1\n|move|p2b: Incineroar|Knock Off|p1a: Electabuzz\n|-damage|p1a: Electabuzz|65\/100\n|-enditem|p1a: Electabuzz|Eviolite|[from] move: Knock Off|[of] p2b: Incineroar\n|cant|p1b: Incineroar|slp\n|\n|-heal|p1a: Electabuzz|71\/100|[from] Grassy Terrain\n|-heal|p2b: Incineroar|59\/100|[from] Grassy Terrain\n|-heal|p1b: Incineroar|50\/100 slp|[from] Grassy Terrain\n|upkeep\n|turn|7\n|\n|t:|1732119186\n|move|p1a: Electabuzz|Protect|p1a: Electabuzz\n|-singleturn|p1a: Electabuzz|Protect\n|move|p2a: Archaludon|Electro Shot|p1b: Incineroar|[from]lockedmove\n|-damage|p1b: Incineroar|0 fnt\n|faint|p1b: Incineroar\n|move|p2b: Incineroar|Flare Blitz|p1a: Electabuzz\n|-activate|p1a: Electabuzz|move: Protect\n|\n|-heal|p1a: Electabuzz|77\/100|[from] Grassy Terrain\n|-heal|p2b: Incineroar|65\/100|[from] Grassy Terrain\n|-fieldend|move: Grassy Terrain\n|upkeep\n|\n|t:|1732119194\n|switch|p1b: Volcarona|Volcarona, L50, M|100\/100\n|turn|8\n|\n|t:|1732119203\n|move|p1a: Electabuzz|Follow Me|p1a: Electabuzz\n|-singleturn|p1a: Electabuzz|move: Follow Me\n|move|p1b: Volcarona|Quiver Dance|p1b: Volcarona\n|-boost|p1b: Volcarona|spa|1\n|-boost|p1b: Volcarona|spd|1\n|-boost|p1b: Volcarona|spe|1\n|move|p2a: Archaludon|Draco Meteor|p1a: Electabuzz\n|-damage|p1a: Electabuzz|0 fnt\n|-unboost|p2a: Archaludon|spa|2\n|faint|p1a: Electabuzz\n|move|p2b: Incineroar|Flare Blitz|p1b: Volcarona\n|-damage|p1b: Volcarona|44\/100\n|-damage|p2b: Incineroar|46\/100|[from] Recoil\n|\n|upkeep\n|\n|t:|1732119223\n|switch|p1a: Rillaboom|Rillaboom, L50, M|44\/100\n|-fieldstart|move: Grassy Terrain|[from] ability: Grassy Surge|[of] p1a: Rillaboom\n|turn|9\n|\n|t:|1732119248\n|switch|p2b: Tommau|Sneasler, L50, M, tera:Flying|3\/100\n|move|p1b: Volcarona|Heat Wave|p2b: Tommau|[spread] p2a,p2b\n|-damage|p2a: Archaludon|40\/100\n|-damage|p2b: Tommau|0 fnt\n|-ability|p2a: Archaludon|Stamina|boost\n|-boost|p2a: Archaludon|def|1\n|faint|p2b: Tommau\n|move|p1a: Rillaboom|High Horsepower|p2a: Archaludon\n|-supereffective|p2a: Archaludon\n|-damage|p2a: Archaludon|10\/100\n|-ability|p2a: Archaludon|Stamina|boost\n|-boost|p2a: Archaludon|def|1\n|move|p2a: Archaludon|Draco Meteor|p1a: Rillaboom\n|-damage|p1a: Rillaboom|2\/100\n|-unboost|p2a: Archaludon|spa|2\n|\n|-heal|p1b: Volcarona|50\/100|[from] Grassy Terrain\n|-heal|p1a: Rillaboom|8\/100|[from] Grassy Terrain\n|-heal|p2a: Archaludon|15\/100|[from] Grassy Terrain\n|upkeep\n|\n|t:|1732119262\n|switch|p2b: Alfred|Indeedee, L50, M, shiny|100\/100\n|-fieldstart|move: Psychic Terrain|[from] ability: Psychic Surge|[of] p2b: Alfred\n|turn|10\n|inactive|Isloe has 30 seconds left.\n|\n|t:|1732119287\n|move|p2b: Alfred|Expanding Force|p1a: Rillaboom|[spread] p1a,p1b\n|-damage|p1a: Rillaboom|0 fnt\n|-damage|p1b: Volcarona|17\/100\n|faint|p1a: Rillaboom\n|move|p1b: Volcarona|Heat Wave|p2b: Alfred|[spread] p2a,p2b\n|-damage|p2a: Archaludon|0 fnt\n|-damage|p2b: Alfred|26\/100\n|faint|p2a: Archaludon\n|\n|upkeep\n|\n|t:|1732119289\n|switch|p2a: Incineroar|Incineroar, L50, M|46\/100\n|-ability|p2a: Incineroar|Intimidate|boost\n|-unboost|p1b: Volcarona|atk|1\n|turn|11\n|\n|t:|1732119292\n|move|p2b: Alfred|Expanding Force|p1b: Volcarona\n|-damage|p1b: Volcarona|0 fnt\n|faint|p1b: Volcarona\n|\n|win|juacox300\n|raw|Isloe's rating: 1762 &rarr; <strong>1741<\/strong><br \/>(-21 for losing)\n|raw|juacox300's rating: 1743 &rarr; <strong>1764<\/strong><br \/>(+21 for winning)\n|l|\u2606Isloe\n|player|p1|\n|l|\u2606juacox300\n|player|p2|\n","uploadtime":1732119476,"views":14,"formatid":"gen9vgc2024regh","rating":1741,"private":0,"password":null}