{"id":"gen9vgc2024regh-2247985899","format":"[Gen 9] VGC 2024 Reg H","players":["tolkuschampion","TheDecommissioner"],"log":"|j|\u2606tolkuschampion\n|j|\u2606TheDecommissioner\n|t:|1732153699\n|gametype|doubles\n|player|p1|tolkuschampion|265|1689\n|player|p2|TheDecommissioner|preschooler|1717\n|teamsize|p1|6\n|teamsize|p2|6\n|gen|9\n|tier|[Gen 9] VGC 2024 Reg H\n|rated|\n|rule|Species Clause: Limit one of each Pok\u00e9mon\n|rule|Item Clause: Limit 1 of each item\n|clearpoke\n|poke|p1|Corviknight, L50, F|\n|poke|p1|Tyranitar, L50, F|\n|poke|p1|Excadrill, L50, M|\n|poke|p1|Gastrodon, L50, M|\n|poke|p1|Arcanine-Hisui, L50, M|\n|poke|p1|Indeedee, L50, M|\n|poke|p2|Indeedee-F, L50, F|\n|poke|p2|Torkoal, L50, F|\n|poke|p2|Kleavor, L50, F|\n|poke|p2|Lilligant-Hisui, L50, F|\n|poke|p2|Archaludon, L50, M|\n|poke|p2|Corviknight, L50, F|\n|teampreview|4\n|inactive|Battle timer is ON: inactive players will automatically lose when time's up. (requested by TheDecommissioner)\n|\n|t:|1732153717\n|start\n|switch|p1a: Excadrill|Excadrill, L50, M|100\/100\n|switch|p1b: Indeedee|Indeedee, L50, M|100\/100\n|switch|p2a: Lilligant|Lilligant-Hisui, L50, F|100\/100\n|switch|p2b: Archaludon|Archaludon, L50, M|100\/100\n|-fieldstart|move: Psychic Terrain|[from] ability: Psychic Surge|[of] p1b: Indeedee\n|turn|1\n|\n|t:|1732153735\n|switch|p2b: Torkoal|Torkoal, L50, F|100\/100\n|-weather|SunnyDay|[from] ability: Drought|[of] p2b: Torkoal\n|move|p1a: Excadrill|Protect|p1a: Excadrill\n|-singleturn|p1a: Excadrill|Protect\n|move|p2a: Lilligant|Sleep Powder|p1b: Indeedee|[miss]\n|-miss|p2a: Lilligant|p1b: Indeedee\n|move|p1b: Indeedee|Expanding Force|p2b: Torkoal|[spread] p2a,p2b\n|-supereffective|p2a: Lilligant\n|-damage|p2a: Lilligant|0 fnt\n|-damage|p2b: Torkoal|30\/100\n|faint|p2a: Lilligant\n|\n|-weather|SunnyDay|[upkeep]\n|upkeep\n|\n|t:|1732153742\n|switch|p2a: Indeedee|Indeedee-F, L50, F|100\/100\n|-enditem|p2a: Indeedee|Psychic Seed\n|-boost|p2a: Indeedee|spd|1|[from] item: Psychic Seed\n|turn|2\n|\n|t:|1732153752\n|switch|p1b: Tyranitar|Tyranitar, L50, F|100\/100\n|-weather|Sandstorm|[from] ability: Sand Stream|[of] p1b: Tyranitar\n|move|p2b: Torkoal|Protect|p2b: Torkoal\n|-singleturn|p2b: Torkoal|Protect\n|move|p1a: Excadrill|Earthquake|p2a: Indeedee|[spread] p1b,p2a\n|-activate|p2b: Torkoal|move: Protect\n|-supereffective|p1b: Tyranitar\n|-damage|p1b: Tyranitar|17\/100\n|-damage|p2a: Indeedee|45\/100\n|-damage|p1a: Excadrill|91\/100|[from] item: Life Orb\n|move|p2a: Indeedee|Trick Room|p2a: Indeedee\n|-fieldstart|move: Trick Room|[of] p2a: Indeedee\n|\n|-weather|Sandstorm|[upkeep]\n|-damage|p2b: Torkoal|24\/100|[from] Sandstorm\n|-damage|p2a: Indeedee|38\/100|[from] Sandstorm\n|upkeep\n|turn|3\n|\n|t:|1732153768\n|move|p1a: Excadrill|Protect|p1a: Excadrill\n|-singleturn|p1a: Excadrill|Protect\n|move|p2b: Torkoal|Heat Wave|p1b: Tyranitar|[spread] p1b\n|-activate|p1a: Excadrill|move: Protect\n|-resisted|p1b: Tyranitar\n|-damage|p1b: Tyranitar|10\/100\n|move|p2a: Indeedee|Dazzling Gleam|p1b: Tyranitar|[spread] p1b\n|-activate|p1a: Excadrill|move: Protect\n|-supereffective|p1b: Tyranitar\n|-damage|p1b: Tyranitar|0 fnt\n|faint|p1b: Tyranitar\n|\n|-weather|Sandstorm|[upkeep]\n|-damage|p2b: Torkoal|18\/100|[from] Sandstorm\n|-damage|p2a: Indeedee|32\/100|[from] Sandstorm\n|upkeep\n|\n|t:|1732153782\n|switch|p1b: Corviknight|Corviknight, L50, F|100\/100\n|turn|4\n|\n|t:|1732153795\n|move|p1b: Corviknight|Protect|p1b: Corviknight\n|-singleturn|p1b: Corviknight|Protect\n|move|p2b: Torkoal|Heat Wave|p1a: Excadrill|[spread] p1a\n|-activate|p1b: Corviknight|move: Protect\n|-supereffective|p1a: Excadrill\n|-damage|p1a: Excadrill|0 fnt\n|faint|p1a: Excadrill\n|move|p2a: Indeedee|Psychic|p1b: Corviknight\n|-activate|p1b: Corviknight|move: Protect\n|\n|-weather|Sandstorm|[upkeep]\n|-damage|p2b: Torkoal|12\/100|[from] Sandstorm\n|-damage|p2a: Indeedee|26\/100|[from] Sandstorm\n|upkeep\n|\n|t:|1732153801\n|switch|p1a: Indeedee|Indeedee, L50, M|100\/100\n|turn|5\n|\n|t:|1732153814\n|-terastallize|p2b: Torkoal|Fire\n|-terastallize|p1b: Corviknight|Water\n|move|p2b: Torkoal|Heat Wave|p1a: Indeedee|[spread] p1a,p1b\n|-resisted|p1b: Corviknight\n|-damage|p1a: Indeedee|37\/100\n|-damage|p1b: Corviknight|83\/100\n|move|p2a: Indeedee|Psychic|p1b: Corviknight\n|-damage|p1b: Corviknight|59\/100\n|move|p1b: Corviknight|Iron Defense|p1b: Corviknight\n|-boost|p1b: Corviknight|def|2\n|move|p1a: Indeedee|Expanding Force|p2a: Indeedee|[spread] p2a,p2b\n|-resisted|p2a: Indeedee\n|-damage|p2a: Indeedee|8\/100\n|-damage|p2b: Torkoal|0 fnt\n|faint|p2b: Torkoal\n|\n|-weather|Sandstorm|[upkeep]\n|-damage|p2a: Indeedee|2\/100|[from] Sandstorm\n|-damage|p1b: Corviknight|53\/100|[from] Sandstorm\n|-damage|p1a: Indeedee|31\/100|[from] Sandstorm\n|-heal|p1b: Corviknight|59\/100|[from] item: Leftovers\n|-fieldend|move: Psychic Terrain\n|upkeep\n|\n|t:|1732153819\n|switch|p2b: Archaludon|Archaludon, L50, M|100\/100\n|turn|6\n|\n|t:|1732153840\n|move|p2a: Indeedee|Psychic|p1a: Indeedee\n|-resisted|p1a: Indeedee\n|-damage|p1a: Indeedee|10\/100\n|-unboost|p1a: Indeedee|spd|1\n|move|p2b: Archaludon|Body Press|p1a: Indeedee\n|-damage|p1a: Indeedee|0 fnt\n|faint|p1a: Indeedee\n|move|p1b: Corviknight|Roost|p1b: Corviknight\n|-heal|p1b: Corviknight|100\/100\n|\n|-weather|none\n|-fieldend|move: Trick Room\n|upkeep\n|turn|7\n|inactive|TheDecommissioner has 30 seconds left.\n|inactive|TheDecommissioner has 20 seconds left.\n|\n|t:|1732153879\n|move|p1b: Corviknight|Body Press|p2b: Archaludon\n|-supereffective|p2b: Archaludon\n|-damage|p2b: Archaludon|46\/100\n|-ability|p2b: Archaludon|Stamina|boost\n|-boost|p2b: Archaludon|def|1\n|move|p2b: Archaludon|Dragon Pulse|p1b: Corviknight\n|-damage|p1b: Corviknight|74\/100\n|move|p2a: Indeedee|Psychic|p2b: Archaludon\n|-resisted|p2b: Archaludon\n|-damage|p2b: Archaludon|37\/100\n|-unboost|p2b: Archaludon|spd|1\n|-ability|p2b: Archaludon|Stamina|boost\n|-boost|p2b: Archaludon|def|1\n|\n|-heal|p1b: Corviknight|80\/100|[from] item: Leftovers\n|upkeep\n|turn|8\n|\n|t:|1732153903\n|move|p1b: Corviknight|Iron Defense|p1b: Corviknight\n|-boost|p1b: Corviknight|def|2\n|move|p2b: Archaludon|Flash Cannon|p1b: Corviknight\n|-resisted|p1b: Corviknight\n|-damage|p1b: Corviknight|68\/100\n|move|p2a: Indeedee|Psychic|p1b: Corviknight\n|-damage|p1b: Corviknight|49\/100\n|\n|-heal|p1b: Corviknight|55\/100|[from] item: Leftovers\n|upkeep\n|turn|9\n|\n|t:|1732153921\n|move|p1b: Corviknight|Body Press|p2b: Archaludon\n|-supereffective|p2b: Archaludon\n|-damage|p2b: Archaludon|0 fnt\n|faint|p2b: Archaludon\n|move|p2a: Indeedee|Trick Room|p2a: Indeedee\n|-fieldstart|move: Trick Room|[of] p2a: Indeedee\n|\n|-heal|p1b: Corviknight|60\/100|[from] item: Leftovers\n|upkeep\n|turn|10\n|j| siamond\n|\n|t:|1732153927\n|move|p2a: Indeedee|Psychic|p1b: Corviknight\n|-damage|p1b: Corviknight|39\/100\n|move|p1b: Corviknight|Body Press|p2a: Indeedee\n|-damage|p2a: Indeedee|0 fnt\n|faint|p2a: Indeedee\n|\n|win|tolkuschampion\n|raw|tolkuschampion's rating: 1689 &rarr; <strong>1711<\/strong><br \/>(+22 for winning)\n|raw|TheDecommissioner's rating: 1717 &rarr; <strong>1695<\/strong><br \/>(-22 for losing)\n|l|\u2606TheDecommissioner\n|player|p2|\n|l|\u2606tolkuschampion\n|player|p1|\n","uploadtime":1732154173,"views":22,"formatid":"gen9vgc2024regh","rating":1695,"private":0,"password":null}