{"id":"gen9vgc2024regh-2247763053","format":"[Gen 9] VGC 2024 Reg H","players":["Spottedwoot","vgclth terran"],"log":"|raw|<div class=\"broadcast-blue\"><strong>This battle is required to be public due to a player having a name starting with 'vgclth'.<\/div>\n|j|\u2606Spottedwoot\n|j|\u2606vgclth terran\n|t:|1732129298\n|gametype|doubles\n|player|p1|Spottedwoot|102|1746\n|player|p2|vgclth terran|rood|1818\n|teamsize|p1|6\n|teamsize|p2|6\n|gen|9\n|tier|[Gen 9] VGC 2024 Reg H\n|rated|\n|rule|Species Clause: Limit one of each Pok\u00e9mon\n|rule|Item Clause: Limit 1 of each item\n|clearpoke\n|poke|p1|Kingambit, L50, M|\n|poke|p1|Primarina, L50, M|\n|poke|p1|Salamence, L50, F|\n|poke|p1|Gholdengo, L50|\n|poke|p1|Sneasler, L50, F|\n|poke|p1|Volcarona, L50, F|\n|poke|p2|Ninetales-Alola, L50, M|\n|poke|p2|Rillaboom, L50, M|\n|poke|p2|Magmar, L50, F|\n|poke|p2|Sneasler, L50, M|\n|poke|p2|Kingambit, L50, F|\n|poke|p2|Basculegion, L50, M|\n|teampreview|4\n|inactive|Battle timer is ON: inactive players will automatically lose when time's up. (requested by vgclth terran)\n|\n|t:|1732129350\n|start\n|switch|p1a: Sneasler|Sneasler, L50, F|100\/100\n|switch|p1b: Volcarona|Volcarona, L50, F|100\/100\n|switch|p2a: Sneasler|Sneasler, L50, M|100\/100\n|switch|p2b: Kingambit|Kingambit, L50, F|100\/100\n|turn|1\n|inactive|vgclth terran has 30 seconds left.\n|\n|t:|1732129381\n|-terastallize|p2b: Kingambit|Fire\n|move|p1a: Sneasler|Fake Out|p2a: Sneasler\n|-damage|p2a: Sneasler|77\/100\n|cant|p2a: Sneasler|flinch\n|move|p1b: Volcarona|Quiver Dance|p1b: Volcarona\n|-boost|p1b: Volcarona|spa|1\n|-boost|p1b: Volcarona|spd|1\n|-boost|p1b: Volcarona|spe|1\n|move|p2b: Kingambit|Swords Dance|p2b: Kingambit\n|-boost|p2b: Kingambit|atk|2\n|\n|upkeep\n|turn|2\n|\n|t:|1732129389\n|-terastallize|p1b: Volcarona|Fairy\n|move|p1b: Volcarona|Heat Wave|p2a: Sneasler|[spread] p2a,p2b\n|-resisted|p2b: Kingambit\n|-damage|p2a: Sneasler|0 fnt\n|-damage|p2b: Kingambit|69\/100\n|faint|p2a: Sneasler\n|move|p1a: Sneasler|Close Combat|p2b: Kingambit\n|-damage|p2b: Kingambit|19\/100\n|-unboost|p1a: Sneasler|def|1\n|-unboost|p1a: Sneasler|spd|1\n|move|p2b: Kingambit|Kowtow Cleave|p1b: Volcarona\n|-resisted|p1b: Volcarona\n|-crit|p1b: Volcarona\n|-damage|p1b: Volcarona|0 fnt\n|faint|p1b: Volcarona\n|\n|upkeep\n|\n|t:|1732129395\n|switch|p2a: Basculegion|Basculegion, L50, M|100\/100\n|switch|p1b: Primarina|Primarina, L50, M|100\/100\n|turn|3\n|\n|t:|1732129406\n|move|p2b: Kingambit|Protect|p2b: Kingambit\n|-singleturn|p2b: Kingambit|Protect\n|move|p2a: Basculegion|Last Respects|p1a: Sneasler\n|-enditem|p1a: Sneasler|Focus Sash\n|-damage|p1a: Sneasler|1\/100\n|move|p1a: Sneasler|Close Combat|p2b: Kingambit\n|-activate|p2b: Kingambit|move: Protect\n|move|p1b: Primarina|Hyper Voice|p2a: Basculegion|[spread] p2a\n|-activate|p2b: Kingambit|move: Protect\n|-resisted|p2a: Basculegion\n|-damage|p2a: Basculegion|82\/100\n|-enditem|p1b: Primarina|Throat Spray\n|-boost|p1b: Primarina|spa|1|[from] item: Throat Spray\n|\n|upkeep\n|turn|4\n|\n|t:|1732129415\n|move|p2b: Kingambit|Sucker Punch|p1a: Sneasler\n|-resisted|p1a: Sneasler\n|-damage|p1a: Sneasler|0 fnt\n|faint|p1a: Sneasler\n|move|p2a: Basculegion|Last Respects|p1b: Primarina\n|-damage|p1b: Primarina|27\/100\n|move|p1b: Primarina|Hyper Voice|p2b: Kingambit|[spread] p2a,p2b\n|-resisted|p2a: Basculegion\n|-supereffective|p2b: Kingambit\n|-damage|p2a: Basculegion|53\/100\n|-damage|p2b: Kingambit|0 fnt\n|faint|p2b: Kingambit\n|\n|upkeep\n|\n|t:|1732129417\n|switch|p1a: Kingambit|Kingambit, L50, M|100\/100\n|switch|p2b: Rillaboom|Rillaboom, L50, M|100\/100\n|-fieldstart|move: Grassy Terrain|[from] ability: Grassy Surge|[of] p2b: Rillaboom\n|turn|5\n|\n|t:|1732129421\n|move|p1b: Primarina|Protect|p1b: Primarina\n|-singleturn|p1b: Primarina|Protect\n|move|p1a: Kingambit|Protect|p1a: Kingambit\n|-singleturn|p1a: Kingambit|Protect\n|move|p2b: Rillaboom|Fake Out|p1a: Kingambit\n|-activate|p1a: Kingambit|move: Protect\n|move|p2a: Basculegion|Last Respects|p1b: Primarina\n|-activate|p1b: Primarina|move: Protect\n|\n|-heal|p2a: Basculegion|59\/100|[from] Grassy Terrain\n|-heal|p1b: Primarina|33\/100|[from] Grassy Terrain\n|upkeep\n|turn|6\n|\n|t:|1732129426\n|move|p2b: Rillaboom|Grassy Glide|p1b: Primarina\n|-supereffective|p1b: Primarina\n|-damage|p1b: Primarina|0 fnt\n|faint|p1b: Primarina\n|move|p1a: Kingambit|Sucker Punch|p2a: Basculegion\n|-supereffective|p2a: Basculegion\n|-damage|p2a: Basculegion|0 fnt\n|faint|p2a: Basculegion\n|\n|upkeep\n|turn|7\n|\n|t:|1732129432\n|move|p2b: Rillaboom|Wood Hammer|p1a: Kingambit\n|-resisted|p1a: Kingambit\n|-damage|p1a: Kingambit|71\/100\n|-damage|p2b: Rillaboom|91\/100|[from] Recoil\n|move|p1a: Kingambit|Swords Dance|p1a: Kingambit\n|-boost|p1a: Kingambit|atk|2\n|\n|-heal|p2b: Rillaboom|97\/100|[from] Grassy Terrain\n|-heal|p1a: Kingambit|77\/100|[from] Grassy Terrain\n|upkeep\n|turn|8\n|\n|t:|1732129434\n|move|p1a: Kingambit|Protect|p1a: Kingambit\n|-singleturn|p1a: Kingambit|Protect\n|move|p2b: Rillaboom|Wood Hammer|p1a: Kingambit\n|-activate|p1a: Kingambit|move: Protect\n|\n|-heal|p2b: Rillaboom|100\/100|[from] Grassy Terrain\n|-heal|p1a: Kingambit|83\/100|[from] Grassy Terrain\n|upkeep\n|turn|9\n|\n|t:|1732129437\n|move|p2b: Rillaboom|Wood Hammer|p1a: Kingambit\n|-resisted|p1a: Kingambit\n|-damage|p1a: Kingambit|55\/100\n|-damage|p2b: Rillaboom|91\/100|[from] Recoil\n|move|p1a: Kingambit|Kowtow Cleave|p2b: Rillaboom\n|-damage|p2b: Rillaboom|3\/100\n|\n|-heal|p2b: Rillaboom|9\/100|[from] Grassy Terrain\n|-heal|p1a: Kingambit|61\/100|[from] Grassy Terrain\n|-fieldend|move: Grassy Terrain\n|upkeep\n|turn|10\n|\n|t:|1732129442\n|move|p1a: Kingambit|Sucker Punch|p2b: Rillaboom\n|-damage|p2b: Rillaboom|0 fnt\n|faint|p2b: Rillaboom\n|\n|win|Spottedwoot\n|raw|Spottedwoot's rating: 1746 &rarr; <strong>1770<\/strong><br \/>(+24 for winning)\n|raw|vgclth terran's rating: 1818 &rarr; <strong>1794<\/strong><br \/>(-24 for losing)\n","uploadtime":1732129445,"views":51,"formatid":"gen9vgc2024regh","rating":1770,"private":0,"password":null}