{"id":"gen9vgc2024regh-2248675184","format":"[Gen 9] VGC 2024 Reg H","players":["VGCLTH R0gue","LAST_STARDUST 224"],"log":"|raw|<div class=\"broadcast-blue\"><strong>This battle is required to be public due to a player having a name starting with 'vgclth'.<\/div>\n|j|\u2606VGCLTH R0gue\n|j|\u2606LAST_STARDUST 224\n|t:|1732240237\n|gametype|doubles\n|player|p1|VGCLTH R0gue|ingo|1650\n|player|p2|LAST_STARDUST 224|102|1791\n|teamsize|p1|6\n|teamsize|p2|6\n|gen|9\n|tier|[Gen 9] VGC 2024 Reg H\n|rated|\n|rule|Species Clause: Limit one of each Pok\u00e9mon\n|rule|Item Clause: Limit 1 of each item\n|clearpoke\n|poke|p1|Sneasler, L50, M|\n|poke|p1|Primarina, L50, M|\n|poke|p1|Kingambit, L50, F|\n|poke|p1|Rillaboom, L50, M|\n|poke|p1|Electabuzz, L50, F|\n|poke|p1|Dragapult, L50, M|\n|poke|p2|Annihilape, L50, M|\n|poke|p2|Rillaboom, L50, M|\n|poke|p2|Gholdengo, L50|\n|poke|p2|Ninetales-Alola, L50, F|\n|poke|p2|Ursaluna-Bloodmoon, L50, M|\n|poke|p2|Dragonite, L50, M|\n|teampreview|4\n|inactive|Battle timer is ON: inactive players will automatically lose when time's up. (requested by VGCLTH R0gue)\nVGCLTH R0gue has agreed to open team sheets.\n|inactive|LAST_STARDUST 224 has 60 seconds left.\n|\n|t:|1732240279\n|start\n|switch|p1a: o7|Dragapult, L50, M|100\/100\n|switch|p1b: Sorry for hax|Sneasler, L50, M|100\/100\n|switch|p2a: Rillaboom|Rillaboom, L50, M|100\/100\n|switch|p2b: Gholdengo|Gholdengo, L50|100\/100\n|-fieldstart|move: Grassy Terrain|[from] ability: Grassy Surge|[of] p2a: Rillaboom\n|-enditem|p2b: Gholdengo|Grassy Seed\n|-boost|p2b: Gholdengo|def|1|[from] item: Grassy Seed\n|turn|1\n|\n|t:|1732240296\n|move|p1b: Sorry for hax|Protect|p1b: Sorry for hax\n|-singleturn|p1b: Sorry for hax|Protect\n|move|p2a: Rillaboom|Fake Out|p1b: Sorry for hax\n|-activate|p1b: Sorry for hax|move: Protect\n|move|p1a: o7|U-turn|p2a: Rillaboom\n|-supereffective|p2a: Rillaboom\n|-damage|p2a: Rillaboom|34\/100\n|\n|t:|1732240303\n|switch|p1a: Locked In|Kingambit, L50, F|100\/100|[from] U-turn\n|move|p2b: Gholdengo|Make It Rain|p1a: Locked In|[spread] p1a\n|-activate|p1b: Sorry for hax|move: Protect\n|-resisted|p1a: Locked In\n|-damage|p1a: Locked In|77\/100\n|-unboost|p2b: Gholdengo|spa|1\n|\n|-heal|p2a: Rillaboom|40\/100|[from] Grassy Terrain\n|-heal|p1a: Locked In|83\/100|[from] Grassy Terrain\n|upkeep\n|turn|2\n|inactive|LAST_STARDUST 224 has 30 seconds left.\n|inactive|LAST_STARDUST 224 has 20 seconds left.\n|inactive|LAST_STARDUST 224 has 15 seconds left.\n|\n|t:|1732240346\n|-terastallize|p2b: Gholdengo|Water\n|move|p2a: Rillaboom|Grassy Glide|p1b: Sorry for hax\n|-resisted|p1b: Sorry for hax\n|-damage|p1b: Sorry for hax|61\/100\n|move|p1b: Sorry for hax|Dire Claw|p2a: Rillaboom\n|-supereffective|p2a: Rillaboom\n|-damage|p2a: Rillaboom|0 fnt\n|faint|p2a: Rillaboom\n|move|p2b: Gholdengo|Nasty Plot|p2b: Gholdengo\n|-boost|p2b: Gholdengo|spa|2\n|move|p1a: Locked In|Kowtow Cleave|p2b: Gholdengo\n|-damage|p2b: Gholdengo|60\/100\n|\n|-heal|p1b: Sorry for hax|67\/100|[from] Grassy Terrain\n|-heal|p2b: Gholdengo|66\/100|[from] Grassy Terrain\n|-heal|p1a: Locked In|89\/100|[from] Grassy Terrain\n|upkeep\n|inactive|LAST_STARDUST 224 has 30 seconds left.\n|\n|t:|1732240379\n|switch|p2a: Annihilape|Annihilape, L50, M|100\/100\n|turn|3\n|\n|t:|1732240388\n|switch|p1a: o7|Dragapult, L50, M|100\/100\n|move|p2a: Annihilape|Protect|p2a: Annihilape\n|-singleturn|p2a: Annihilape|Protect\n|move|p2b: Gholdengo|Protect|p2b: Gholdengo\n|-singleturn|p2b: Gholdengo|Protect\n|move|p1b: Sorry for hax|Dire Claw|p2b: Gholdengo\n|-activate|p2b: Gholdengo|move: Protect\n|\n|-heal|p1b: Sorry for hax|72\/100|[from] Grassy Terrain\n|-heal|p2b: Gholdengo|73\/100|[from] Grassy Terrain\n|upkeep\n|turn|4\n|inactive|VGCLTH R0gue has 30 seconds left.\n|\n|t:|1732240418\n|move|p1a: o7|U-turn|p2b: Gholdengo\n|-damage|p2b: Gholdengo|52\/100\n|\n|t:|1732240422\n|switch|p1a: Locked In|Kingambit, L50, F|89\/100|[from] U-turn\n|move|p1b: Sorry for hax|Dire Claw|p2b: Gholdengo\n|-damage|p2b: Gholdengo|25\/100\n|-status|p2b: Gholdengo|psn\n|move|p2a: Annihilape|Rage Fist|p1b: Sorry for hax\n|-damage|p1b: Sorry for hax|37\/100\n|move|p2b: Gholdengo|Make It Rain|p1a: Locked In|[spread] p1a,p1b\n|-resisted|p1a: Locked In\n|-damage|p1a: Locked In|52\/100\n|-damage|p1b: Sorry for hax|0 fnt\n|-unboost|p2b: Gholdengo|spa|1\n|faint|p1b: Sorry for hax\n|\n|-heal|p2b: Gholdengo|31\/100 psn|[from] Grassy Terrain\n|-heal|p1a: Locked In|58\/100|[from] Grassy Terrain\n|-damage|p2b: Gholdengo|19\/100 psn|[from] psn\n|upkeep\n|\n|t:|1732240434\n|switch|p1b: Washed|Primarina, L50, M|100\/100\n|turn|5\n|inactive|LAST_STARDUST 224 has 30 seconds left.\n|\n|t:|1732240461\n|move|p2a: Annihilape|Protect|p2a: Annihilape\n|-singleturn|p2a: Annihilape|Protect\n|move|p1b: Washed|Protect|p1b: Washed\n|-singleturn|p1b: Washed|Protect\n|move|p1a: Locked In|Protect|p1a: Locked In\n|-singleturn|p1a: Locked In|Protect\n|move|p2b: Gholdengo|Make It Rain|p1b: Washed|[spread] \n|-activate|p1a: Locked In|move: Protect\n|-activate|p1b: Washed|move: Protect\n|\n|-heal|p2b: Gholdengo|25\/100 psn|[from] Grassy Terrain\n|-heal|p1a: Locked In|64\/100|[from] Grassy Terrain\n|-damage|p2b: Gholdengo|12\/100 psn|[from] psn\n|-fieldend|move: Grassy Terrain\n|upkeep\n|turn|6\n|\n|t:|1732240474\n|switch|p2a: Ninetales|Ninetales-Alola, L50, F|100\/100\n|-weather|Snow|[from] ability: Snow Warning|[of] p2a: Ninetales\n|switch|p1a: o7|Dragapult, L50, M|100\/100\n|move|p2b: Gholdengo|Make It Rain|p1b: Washed|[spread] p1a,p1b\n|-damage|p1a: o7|33\/100\n|-damage|p1b: Washed|65\/100\n|-unboost|p2b: Gholdengo|spa|1\n|move|p1b: Washed|Moonblast|p2a: Ninetales\n|-damage|p2a: Ninetales|48\/100\n|\n|-weather|Snow|[upkeep]\n|-damage|p2b: Gholdengo|0 fnt|[from] psn\n|faint|p2b: Gholdengo\n|upkeep\n|\n|t:|1732240490\n|switch|p2b: Annihilape|Annihilape, L50, M|100\/100\n|turn|7\n|inactive|LAST_STARDUST 224 has 30 seconds left.\n|\n|t:|1732240524\n|move|p1b: Washed|Protect|p1b: Washed\n|-singleturn|p1b: Washed|Protect\n|move|p1a: o7|Phantom Force||[still]\n|-prepare|p1a: o7|Phantom Force\n|move|p2a: Ninetales|Aurora Veil|p2a: Ninetales\n|-sidestart|p2: LAST_STARDUST 224|move: Aurora Veil\n|move|p2b: Annihilape|Rage Fist|p1b: Washed\n|-activate|p1b: Washed|move: Protect\n|\n|-weather|Snow|[upkeep]\n|upkeep\n|turn|8\n|\n|t:|1732240545\n|move|p1a: o7|Phantom Force|p2a: Ninetales|[from]lockedmove\n|-damage|p2a: Ninetales|4\/100\n|move|p2a: Ninetales|Blizzard|p1b: Washed|[spread] p1a,p1b\n|-supereffective|p1a: o7\n|-resisted|p1b: Washed\n|-damage|p1a: o7|0 fnt\n|-damage|p1b: Washed|52\/100\n|faint|p1a: o7\n|move|p2b: Annihilape|Rage Fist|p1b: Washed\n|-damage|p1b: Washed|30\/100\n|move|p1b: Washed|Moonblast|p2b: Annihilape\n|-supereffective|p2b: Annihilape\n|-damage|p2b: Annihilape|47\/100\n|\n|-weather|Snow|[upkeep]\n|upkeep\n|\n|t:|1732240557\n|switch|p1a: Locked In|Kingambit, L50, F|64\/100\n|turn|9\n|inactive|LAST_STARDUST 224 has 30 seconds left.\n|inactive|LAST_STARDUST 224 has 20 seconds left.\n|inactive|LAST_STARDUST 224 has 15 seconds left.\n|\n|t:|1732240598\n|move|p1a: Locked In|Protect|p1a: Locked In\n|-singleturn|p1a: Locked In|Protect\n|move|p2a: Ninetales|Blizzard|p1b: Washed|[spread] p1b\n|-activate|p1a: Locked In|move: Protect\n|-resisted|p1b: Washed\n|-damage|p1b: Washed|17\/100\n|move|p2b: Annihilape|Drain Punch|p1a: Locked In\n|-activate|p1a: Locked In|move: Protect\n|move|p1b: Washed|Hyper Voice|p2b: Annihilape|[spread] p2a,p2b\n|-damage|p2a: Ninetales|0 fnt\n|-damage|p2b: Annihilape|25\/100\n|faint|p2a: Ninetales\n|-enditem|p1b: Washed|Throat Spray\n|-boost|p1b: Washed|spa|1|[from] item: Throat Spray\n|\n|-weather|Snow|[upkeep]\n|upkeep\n|turn|10\n|\n|t:|1732240612\n|-terastallize|p1a: Locked In|Dark\n|move|p1a: Locked In|Sucker Punch|p2b: Annihilape\n|-damage|p2b: Annihilape|0 fnt\n|faint|p2b: Annihilape\n|\n|win|VGCLTH R0gue\n|raw|VGCLTH R0gue's rating: 1650 &rarr; <strong>1678<\/strong><br \/>(+28 for winning)\n|raw|LAST_STARDUST 224's rating: 1791 &rarr; <strong>1763<\/strong><br \/>(-28 for losing)\n|l|\u2606LAST_STARDUST 224\n|player|p2|\n","uploadtime":1732240626,"views":56,"formatid":"gen9vgc2024regh","rating":1678,"private":0,"password":null}