{"id":"gen9vgc2024regh-2248561194","format":"[Gen 9] VGC 2024 Reg H","players":["VGCLTH Snowsquall","Hax reliant 5"],"log":"|raw|<div class=\"broadcast-blue\"><strong>This battle is required to be public due to a player having a name starting with 'vgclth'.<\/div>\n|j|\u2606VGCLTH Snowsquall\n|j|\u2606Hax reliant 5\n|t:|1732226548\n|gametype|doubles\n|player|p1|VGCLTH Snowsquall|veteran|1710\n|player|p2|Hax reliant 5|169|1676\n|teamsize|p1|6\n|teamsize|p2|6\n|gen|9\n|tier|[Gen 9] VGC 2024 Reg H\n|rated|\n|rule|Species Clause: Limit one of each Pok\u00e9mon\n|rule|Item Clause: Limit 1 of each item\n|clearpoke\n|poke|p1|Archaludon, L50, M|\n|poke|p1|Rillaboom, L50, M|\n|poke|p1|Skeledirge, L50, F|\n|poke|p1|Electabuzz, L50, M|\n|poke|p1|Samurott-Hisui, L50, F|\n|poke|p1|Gholdengo, L50|\n|poke|p2|Sableye, L50, F|\n|poke|p2|Sinistcha-Masterpiece, L50|\n|poke|p2|Archaludon, L50, M|\n|poke|p2|Whimsicott, L50, M|\n|poke|p2|Pelipper, L50, M|\n|poke|p2|Annihilape, L50, M|\n|teampreview|4\n|j| kyo9t\n|inactive|Battle timer is ON: inactive players will automatically lose when time's up. (requested by Hax reliant 5)\n|\n|t:|1732226584\n|start\n|switch|p1a: Gholdengo|Gholdengo, L50|100\/100\n|switch|p1b: Electabuzz|Electabuzz, L50, M|100\/100\n|switch|p2a: Whimsicott|Whimsicott, L50, M|100\/100\n|switch|p2b: Annihilape|Annihilape, L50, M|100\/100\n|turn|1\n|\n|t:|1732226593\n|move|p1b: Electabuzz|Follow Me|p1b: Electabuzz\n|-singleturn|p1b: Electabuzz|move: Follow Me\n|move|p2a: Whimsicott|Taunt|p1b: Electabuzz\n|-start|p1b: Electabuzz|move: Taunt\n|move|p1a: Gholdengo|Shadow Ball|p2a: Whimsicott\n|-damage|p2a: Whimsicott|37\/100\n|move|p2b: Annihilape|Bulk Up|p2b: Annihilape\n|-boost|p2b: Annihilape|atk|1\n|-boost|p2b: Annihilape|def|1\n|\n|upkeep\n|turn|2\n|\n|t:|1732226607\n|switch|p1b: Archaludon|Archaludon, L50, M|100\/100\n|move|p1a: Gholdengo|Shadow Ball|p2a: Whimsicott\n|-damage|p2a: Whimsicott|0 fnt\n|faint|p2a: Whimsicott\n|move|p2b: Annihilape|Rage Fist|p1a: Gholdengo\n|-supereffective|p1a: Gholdengo\n|-damage|p1a: Gholdengo|36\/100\n|\n|upkeep\n|c|\u2606Hax reliant 5|oh i didnt even read\n|c|\u2606Hax reliant 5|ffs lol\n|inactive|Hax reliant 5 has 30 seconds left.\n|\n|t:|1732226636\n|switch|p2a: Archaludon|Archaludon, L50, M|100\/100\n|turn|3\n|l| kyo9t\n|j| kyo9t\n|inactive|Hax reliant 5 has 30 seconds left.\n|\n|t:|1732226667\n|switch|p1a: Electabuzz|Electabuzz, L50, M|100\/100\n|-terastallize|p1b: Archaludon|Fighting\n|move|p2b: Annihilape|Drain Punch|p1b: Archaludon\n|-damage|p1b: Archaludon|71\/100\n|-ability|p1b: Archaludon|Stamina|boost\n|-boost|p1b: Archaludon|def|1\n|move|p2a: Archaludon|Snarl|p1a: Electabuzz|[spread] p1a,p1b\n|-resisted|p1b: Archaludon\n|-damage|p1a: Electabuzz|93\/100\n|-damage|p1b: Archaludon|65\/100\n|-unboost|p1a: Electabuzz|spa|1\n|-unboost|p1b: Archaludon|spa|1\n|-ability|p1b: Archaludon|Stamina|boost\n|-boost|p1b: Archaludon|def|1\n|move|p1b: Archaludon|Iron Defense|p1b: Archaludon\n|-boost|p1b: Archaludon|def|2\n|\n|-heal|p1b: Archaludon|71\/100|[from] item: Leftovers\n|upkeep\n|turn|4\n|inactive|Hax reliant 5 has 30 seconds left.\n|\n|t:|1732226699\n|switch|p2a: Sinistcha|Sinistcha-Masterpiece, L50|100\/100\n|move|p1a: Electabuzz|Follow Me|p1a: Electabuzz\n|-singleturn|p1a: Electabuzz|move: Follow Me\n|move|p2b: Annihilape|Bulk Up|p2b: Annihilape\n|-boost|p2b: Annihilape|atk|1\n|-boost|p2b: Annihilape|def|1\n|move|p1b: Archaludon|Body Press|p2a: Sinistcha\n|-immune|p2a: Sinistcha\n|\n|-heal|p1b: Archaludon|77\/100|[from] item: Leftovers\n|upkeep\n|turn|5\n|inactive|Hax reliant 5 has 30 seconds left.\n|\n|t:|1732226731\n|move|p2b: Annihilape|Drain Punch|p1a: Electabuzz\n|-damage|p1a: Electabuzz|43\/100\n|move|p1a: Electabuzz|Taunt|p2a: Sinistcha\n|-start|p2a: Sinistcha|move: Taunt\n|move|p1b: Archaludon|Dragon Pulse|p2a: Sinistcha\n|-damage|p2a: Sinistcha|79\/100\n|move|p2a: Sinistcha|Shadow Ball|p1b: Archaludon\n|-damage|p1b: Archaludon|47\/100\n|-ability|p1b: Archaludon|Stamina|boost\n|-boost|p1b: Archaludon|def|1\n|\n|-heal|p1b: Archaludon|53\/100|[from] item: Leftovers\n|upkeep\n|turn|6\n|inactive|Hax reliant 5 has 30 seconds left.\n|inactive|Hax reliant 5 has 20 seconds left.\n|\n|t:|1732226766\n|move|p1b: Archaludon|Protect|p1b: Archaludon\n|-singleturn|p1b: Archaludon|Protect\n|move|p1a: Electabuzz|Follow Me|p1a: Electabuzz\n|-singleturn|p1a: Electabuzz|move: Follow Me\n|move|p2b: Annihilape|Rage Fist|p1a: Electabuzz\n|-damage|p1a: Electabuzz|9\/100\n|move|p2a: Sinistcha|Shadow Ball|p1a: Electabuzz\n|-damage|p1a: Electabuzz|0 fnt\n|faint|p1a: Electabuzz\n|\n|-heal|p1b: Archaludon|59\/100|[from] item: Leftovers\n|upkeep\n|\n|t:|1732226770\n|switch|p1a: Gholdengo|Gholdengo, L50|36\/100\n|turn|7\n|\n|t:|1732226788\n|move|p2b: Annihilape|Protect|p2b: Annihilape\n|-singleturn|p2b: Annihilape|Protect\n|move|p1a: Gholdengo|Trick|p2b: Annihilape\n|-activate|p2b: Annihilape|move: Protect\n|move|p1b: Archaludon|Dragon Pulse|p2a: Sinistcha\n|-damage|p2a: Sinistcha|54\/100\n|move|p2a: Sinistcha|Shadow Ball|p1a: Gholdengo\n|-supereffective|p1a: Gholdengo\n|-damage|p1a: Gholdengo|0 fnt\n|faint|p1a: Gholdengo\n|\n|-heal|p1b: Archaludon|65\/100|[from] item: Leftovers\n|-end|p2a: Sinistcha|move: Taunt\n|upkeep\n|\n|t:|1732226791\n|switch|p1a: Samurott|Samurott-Hisui, L50, F|100\/100\n|turn|8\n|\n|t:|1732226809\n|move|p2a: Sinistcha|Rage Powder|p2a: Sinistcha\n|-singleturn|p2a: Sinistcha|move: Rage Powder\n|move|p2b: Annihilape|Drain Punch|p1a: Samurott\n|-supereffective|p1a: Samurott\n|-enditem|p1a: Samurott|Focus Sash\n|-damage|p1a: Samurott|1\/100\n|move|p1a: Samurott|Ceaseless Edge|p2a: Sinistcha\n|-supereffective|p2a: Sinistcha\n|-damage|p2a: Sinistcha|0 fnt\n|-sidestart|p2: Hax reliant 5|Spikes\n|faint|p2a: Sinistcha\n|move|p1b: Archaludon|Dragon Pulse|p2b: Annihilape\n|-damage|p2b: Annihilape|77\/100\n|\n|-heal|p1b: Archaludon|71\/100|[from] item: Leftovers\n|upkeep\n|\n|t:|1732226821\n|switch|p2a: Archaludon|Archaludon, L50, M|100\/100\n|-damage|p2a: Archaludon|88\/100|[from] Spikes\n|turn|9\n|inactive|Hax reliant 5 has 30 seconds left.\n|\n|t:|1732226853\n|-terastallize|p2a: Archaludon|Ghost\n|move|p1a: Samurott|Protect|p1a: Samurott\n|-singleturn|p1a: Samurott|Protect\n|move|p2b: Annihilape|Bulk Up|p2b: Annihilape\n|-boost|p2b: Annihilape|atk|1\n|-boost|p2b: Annihilape|def|1\n|move|p2a: Archaludon|Flash Cannon|p1a: Samurott\n|-activate|p1a: Samurott|move: Protect\n|move|p1b: Archaludon|Body Press|p2a: Archaludon\n|-immune|p2a: Archaludon\n|\n|-heal|p1b: Archaludon|77\/100|[from] item: Leftovers\n|upkeep\n|turn|10\n|\n|t:|1732226868\n|move|p2b: Annihilape|Drain Punch|p1a: Samurott\n|-supereffective|p1a: Samurott\n|-damage|p1a: Samurott|0 fnt\n|-heal|p2b: Annihilape|77\/100|[from] drain|[of] p1a: Samurott\n|faint|p1a: Samurott\n|move|p2a: Archaludon|Flash Cannon|p1b: Archaludon\n|-damage|p1b: Archaludon|42\/100\n|-ability|p1b: Archaludon|Stamina|boost\n|-boost|p1b: Archaludon|def|1\n|move|p1b: Archaludon|Dragon Pulse|p2a: Archaludon\n|-damage|p2a: Archaludon|70\/100\n|-ability|p2a: Archaludon|Stamina|boost\n|-boost|p2a: Archaludon|def|1\n|\n|-heal|p1b: Archaludon|48\/100|[from] item: Leftovers\n|upkeep\n|turn|11\n|j| oherrodersir\n|-message|VGCLTH Snowsquall forfeited.\n|\n|win|Hax reliant 5\n|raw|VGCLTH Snowsquall's rating: 1710 &rarr; <strong>1688<\/strong><br \/>(-22 for losing)\n|raw|Hax reliant 5's rating: 1676 &rarr; <strong>1698<\/strong><br \/>(+22 for winning)\n|c|\u2606Hax reliant 5|gg buddy\n|l|\u2606VGCLTH Snowsquall\n|player|p1|\n|l|\u2606Hax reliant 5\n|player|p2|\n|l| kyo9t\n","uploadtime":1732227097,"views":15,"formatid":"gen9vgc2024regh","rating":1688,"private":0,"password":null}