{"id":"gen9vgc2024regh-2248919373","format":"[Gen 9] VGC 2024 Reg H","players":["VGCLTH Rain","Hoshinaaa"],"log":"|raw|<div class=\"broadcast-blue\"><strong>This battle is required to be public due to a player having a name starting with 'vgclth'.<\/div>\n|j|\u2606VGCLTH Rain\n|j|\u2606Hoshinaaa\n|t:|1732280801\n|gametype|doubles\n|player|p1|VGCLTH Rain|2|1653\n|player|p2|Hoshinaaa|rosa|1728\n|teamsize|p1|6\n|teamsize|p2|6\n|gen|9\n|tier|[Gen 9] VGC 2024 Reg H\n|rated|\n|rule|Species Clause: Limit one of each Pok\u00e9mon\n|rule|Item Clause: Limit 1 of each item\n|clearpoke\n|poke|p1|Typhlosion-Hisui, L50, M|\n|poke|p1|Glimmora, L50, M|\n|poke|p1|Grimmsnarl, L50, M|\n|poke|p1|Whimsicott, L50, M|\n|poke|p1|Ursaluna-Bloodmoon, L50, M|\n|poke|p1|Dusclops, L50, M|\n|poke|p2|Slaking, L50, M|\n|poke|p2|Weezing-Galar, L50, F|\n|poke|p2|Gholdengo, L50|\n|poke|p2|Gyarados, L50, M|\n|poke|p2|Kingambit, L50, F|\n|poke|p2|Dragonite, L50, M|\n|teampreview|4\n|inactive|Battle timer is ON: inactive players will automatically lose when time's up. (requested by Hoshinaaa)\n|inactive|Hoshinaaa has 60 seconds left.\n|inactive|Hoshinaaa has 30 seconds left.\n|inactive|Hoshinaaa has 20 seconds left.\n|inactive|Hoshinaaa has 15 seconds left.\n|\n|t:|1732280879\n|start\n|switch|p1a: Glimmora|Glimmora, L50, M|100\/100\n|switch|p1b: Grimmsnarl|Grimmsnarl, L50, M|100\/100\n|switch|p2a: \u591a\u52a0\u73ed\u624d\u80fd\u6dd8\u91d1\u6f6e|Gholdengo, L50|100\/100\n|switch|p2b: Kingambit|Kingambit, L50, F|100\/100\n|turn|1\n|inactive|Hoshinaaa has 30 seconds left.\n|\n|t:|1732280904\n|-terastallize|p2a: \u591a\u52a0\u73ed\u624d\u80fd\u6dd8\u91d1\u6f6e|Flying\n|move|p1b: Grimmsnarl|Light Screen|p1b: Grimmsnarl\n|-sidestart|p1: VGCLTH Rain|move: Light Screen\n|move|p2a: \u591a\u52a0\u73ed\u624d\u80fd\u6dd8\u91d1\u6f6e|Make It Rain|p1b: Grimmsnarl|[spread] p1a,p1b\n|-supereffective|p1a: Glimmora\n|-supereffective|p1b: Grimmsnarl\n|-damage|p1a: Glimmora|10\/100\n|-damage|p1b: Grimmsnarl|45\/100\n|-unboost|p2a: \u591a\u52a0\u73ed\u624d\u80fd\u6dd8\u91d1\u6f6e|spa|1\n|move|p1a: Glimmora|Earth Power|p2a: \u591a\u52a0\u73ed\u624d\u80fd\u6dd8\u91d1\u6f6e\n|-immune|p2a: \u591a\u52a0\u73ed\u624d\u80fd\u6dd8\u91d1\u6f6e\n|move|p2b: Kingambit|Iron Head|p1a: Glimmora\n|-supereffective|p1a: Glimmora\n|-damage|p1a: Glimmora|0 fnt\n|-activate|p1a: Glimmora|ability: Toxic Debris\n|-sidestart|p2: Hoshinaaa|move: Toxic Spikes\n|faint|p1a: Glimmora\n|\n|upkeep\n|\n|t:|1732280909\n|switch|p1a: Dusclops|Dusclops, L50, M|100\/100\n|-item|p2a: \u591a\u52a0\u73ed\u624d\u80fd\u6dd8\u91d1\u6f6e|Choice Scarf|[from] ability: Frisk|[of] p1a: Dusclops\n|-item|p2b: Kingambit|Assault Vest|[from] ability: Frisk|[of] p1a: Dusclops\n|turn|2\n|\n|t:|1732280930\n|switch|p2b: \u4e0d\u8bb8\u8bf7\u5047|Weezing-Galar, L50, F|100\/100\n|-ability|p2b: \u4e0d\u8bb8\u8bf7\u5047|Neutralizing Gas\n|-sideend|p2: Hoshinaaa|move: Toxic Spikes|[of] p2b: \u4e0d\u8bb8\u8bf7\u5047\n|move|p2a: \u591a\u52a0\u73ed\u624d\u80fd\u6dd8\u91d1\u6f6e|Make It Rain|p1b: Grimmsnarl|[spread] p1a,p1b\n|-supereffective|p1b: Grimmsnarl\n|-damage|p1a: Dusclops|89\/100\n|-damage|p1b: Grimmsnarl|7\/100\n|-unboost|p2a: \u591a\u52a0\u73ed\u624d\u80fd\u6dd8\u91d1\u6f6e|spa|1\n|move|p1b: Grimmsnarl|Reflect|p1b: Grimmsnarl\n|-sidestart|p1: VGCLTH Rain|Reflect\n|move|p1a: Dusclops|Trick Room|p1a: Dusclops\n|-fieldstart|move: Trick Room|[of] p1a: Dusclops\n|\n|upkeep\n|turn|3\n|\n|t:|1732280954\n|-end|p2b: \u4e0d\u8bb8\u8bf7\u5047|ability: Neutralizing Gas\n|-item|p2a: \u591a\u52a0\u73ed\u624d\u80fd\u6dd8\u91d1\u6f6e|Choice Scarf|[from] ability: Frisk|[of] p1a: Dusclops\n|-item|p2b: \u4e0d\u8bb8\u8bf7\u5047|Focus Sash|[from] ability: Frisk|[of] p1a: Dusclops\n|switch|p2b: \u8001\u677f\u6211\u60f3\u8bf7\u5047|Slaking, L50, M|100\/100\n|switch|p2a: Kingambit|Kingambit, L50, F|100\/100\n|move|p1b: Grimmsnarl|Taunt|p2b: \u8001\u677f\u6211\u60f3\u8bf7\u5047\n|-start|p2b: \u8001\u677f\u6211\u60f3\u8bf7\u5047|move: Taunt\n|move|p1a: Dusclops|Will-O-Wisp|p2a: Kingambit\n|-status|p2a: Kingambit|brn\n|\n|-damage|p2a: Kingambit|94\/100 brn|[from] brn\n|upkeep\n|turn|4\n|\n|t:|1732280976\n|switch|p1b: Ursaluna|Ursaluna-Bloodmoon, L50, M|100\/100\n|move|p1a: Dusclops|Will-O-Wisp|p2b: \u8001\u677f\u6211\u60f3\u8bf7\u5047\n|-status|p2b: \u8001\u677f\u6211\u60f3\u8bf7\u5047|brn\n|move|p2a: Kingambit|Kowtow Cleave|p1b: Ursaluna\n|-damage|p1b: Ursaluna|90\/100\n|move|p2b: \u8001\u677f\u6211\u60f3\u8bf7\u5047|Knock Off|p1a: Dusclops\n|-supereffective|p1a: Dusclops\n|-damage|p1a: Dusclops|68\/100\n|-enditem|p1a: Dusclops|Eviolite|[from] move: Knock Off|[of] p2b: \u8001\u677f\u6211\u60f3\u8bf7\u5047\n|-damage|p2b: \u8001\u677f\u6211\u60f3\u8bf7\u5047|91\/100 brn|[from] item: Life Orb\n|\n|-damage|p2a: Kingambit|88\/100 brn|[from] brn\n|-damage|p2b: \u8001\u677f\u6211\u60f3\u8bf7\u5047|85\/100 brn|[from] brn\n|upkeep\n|turn|5\n|\n|t:|1732280998\n|switch|p2a: \u4e0d\u8bb8\u8bf7\u5047|Weezing-Galar, L50, F|100\/100\n|-ability|p2a: \u4e0d\u8bb8\u8bf7\u5047|Neutralizing Gas\n|move|p1a: Dusclops|Helping Hand|p1b: Ursaluna\n|-singleturn|p1b: Ursaluna|Helping Hand|[of] p1a: Dusclops\n|move|p1b: Ursaluna|Hyper Voice|p2a: \u4e0d\u8bb8\u8bf7\u5047|[spread] p2a,p2b\n|-enditem|p2a: \u4e0d\u8bb8\u8bf7\u5047|Focus Sash\n|-damage|p2a: \u4e0d\u8bb8\u8bf7\u5047|1\/100\n|-damage|p2b: \u8001\u677f\u6211\u60f3\u8bf7\u5047|23\/100 brn\n|-enditem|p1b: Ursaluna|Throat Spray\n|-boost|p1b: Ursaluna|spa|1|[from] item: Throat Spray\n|move|p2b: \u8001\u677f\u6211\u60f3\u8bf7\u5047|Knock Off|p1b: Ursaluna\n|-damage|p1b: Ursaluna|82\/100\n|-damage|p2b: \u8001\u677f\u6211\u60f3\u8bf7\u5047|13\/100 brn|[from] item: Life Orb\n|\n|-damage|p2b: \u8001\u677f\u6211\u60f3\u8bf7\u5047|7\/100 brn|[from] brn\n|-end|p2b: \u8001\u677f\u6211\u60f3\u8bf7\u5047|move: Taunt\n|upkeep\n|turn|6\n|inactive|Hoshinaaa has 30 seconds left.\n|j| bluestraggler02\n|\n|t:|1732281031\n|move|p2a: \u4e0d\u8bb8\u8bf7\u5047|Protect|p2a: \u4e0d\u8bb8\u8bf7\u5047\n|-singleturn|p2a: \u4e0d\u8bb8\u8bf7\u5047|Protect\n|move|p1a: Dusclops|Night Shade|p2a: \u4e0d\u8bb8\u8bf7\u5047\n|-activate|p2a: \u4e0d\u8bb8\u8bf7\u5047|move: Protect\n|move|p1b: Ursaluna|Hyper Voice|p2a: \u4e0d\u8bb8\u8bf7\u5047|[spread] p2b\n|-activate|p2a: \u4e0d\u8bb8\u8bf7\u5047|move: Protect\n|-damage|p2b: \u8001\u677f\u6211\u60f3\u8bf7\u5047|0 fnt\n|faint|p2b: \u8001\u677f\u6211\u60f3\u8bf7\u5047\n|\n|-fieldend|move: Trick Room\n|upkeep\n|\n|t:|1732281044\n|switch|p2b: \u591a\u52a0\u73ed\u624d\u80fd\u6dd8\u91d1\u6f6e|Gholdengo, L50, tera:Flying|100\/100\n|turn|7\n|\n|t:|1732281054\n|move|p2b: \u591a\u52a0\u73ed\u624d\u80fd\u6dd8\u91d1\u6f6e|Shadow Ball|p1a: Dusclops\n|-supereffective|p1a: Dusclops\n|-damage|p1a: Dusclops|22\/100\n|move|p2a: \u4e0d\u8bb8\u8bf7\u5047|Dazzling Gleam|p1b: Ursaluna|[spread] p1a,p1b\n|-damage|p1a: Dusclops|11\/100\n|-damage|p1b: Ursaluna|62\/100\n|move|p1b: Ursaluna|Blood Moon|p2b: \u591a\u52a0\u73ed\u624d\u80fd\u6dd8\u91d1\u6f6e\n|-damage|p2b: \u591a\u52a0\u73ed\u624d\u80fd\u6dd8\u91d1\u6f6e|0 fnt\n|faint|p2b: \u591a\u52a0\u73ed\u624d\u80fd\u6dd8\u91d1\u6f6e\n|move|p1a: Dusclops|Night Shade|p2a: \u4e0d\u8bb8\u8bf7\u5047\n|-damage|p2a: \u4e0d\u8bb8\u8bf7\u5047|0 fnt\n|faint|p2a: \u4e0d\u8bb8\u8bf7\u5047\n|-end|p2a: \u4e0d\u8bb8\u8bf7\u5047|ability: Neutralizing Gas\n|\n|upkeep\n|-message|Hoshinaaa forfeited.\n|\n|win|VGCLTH Rain\n|raw|VGCLTH Rain's rating: 1653 &rarr; <strong>1677<\/strong><br \/>(+24 for winning)\n|raw|Hoshinaaa's rating: 1728 &rarr; <strong>1704<\/strong><br \/>(-24 for losing)\n|l|\u2606Hoshinaaa\n|player|p2|\n|l|\u2606VGCLTH Rain\n|player|p1|\n|l| bluestraggler02\n","uploadtime":1732281068,"views":17,"formatid":"gen9vgc2024regh","rating":1677,"private":0,"password":null}