{"id":"gen9vgc2024regh-2248222270","format":"[Gen 9] VGC 2024 Reg H","players":["radiantwf3","VGCLTH lily"],"log":"|raw|<div class=\"broadcast-blue\"><strong>This battle is required to be public due to a player having a name starting with 'vgclth'.<\/div>\n|j|\u2606radiantwf3\n|j|\u2606VGCLTH lily\n|t:|1732192374\n|gametype|doubles\n|player|p1|radiantwf3|102|1688\n|player|p2|VGCLTH lily|akari|1652\n|teamsize|p1|6\n|teamsize|p2|6\n|gen|9\n|tier|[Gen 9] VGC 2024 Reg H\n|rated|\n|rule|Species Clause: Limit one of each Pok\u00e9mon\n|rule|Item Clause: Limit 1 of each item\n|clearpoke\n|poke|p1|Gholdengo, L50|\n|poke|p1|Annihilape, L50, M|\n|poke|p1|Ursaluna-Bloodmoon, L50, M|\n|poke|p1|Rillaboom, L50, M|\n|poke|p1|Dragonite, L50, F|\n|poke|p1|Ninetales-Alola, L50, F|\n|poke|p2|Dragapult, L50, F|\n|poke|p2|Decidueye-Hisui, L50, F|\n|poke|p2|Samurott-Hisui, L50, F|\n|poke|p2|Arcanine-Hisui, L50, F|\n|poke|p2|Gholdengo, L50|\n|poke|p2|Whimsicott, L50, F|\n|teampreview|4\n|inactive|Battle timer is ON: inactive players will automatically lose when time's up. (requested by radiantwf3)\n|inactive|radiantwf3 has 60 seconds left.\n|inactive|VGCLTH lily has 60 seconds left.\n|\n|t:|1732192424\n|start\n|switch|p1a: Annihilape|Annihilape, L50, M|100\/100\n|switch|p1b: Dragonite|Dragonite, L50, F|100\/100\n|switch|p2a: Arcanine|Arcanine-Hisui, L50, F|100\/100\n|switch|p2b: Whimsicott|Whimsicott, L50, F|100\/100\n|-ability|p2a: Arcanine|Intimidate|boost\n|-unboost|p1a: Annihilape|atk|1\n|-ability|p1a: Annihilape|Defiant|boost\n|-boost|p1a: Annihilape|atk|2\n|-fail|p1b: Dragonite|unboost|Attack|[from] ability: Inner Focus|[of] p1b: Dragonite\n|turn|1\n|inactive|radiantwf3 has 30 seconds left.\n|\n|t:|1732192454\n|switch|p1b: Ninetales|Ninetales-Alola, L50, F|100\/100\n|-weather|Snow|[from] ability: Snow Warning|[of] p1b: Ninetales\n|-terastallize|p1a: Annihilape|Steel\n|move|p2a: Arcanine|Flare Blitz|p1a: Annihilape\n|-supereffective|p1a: Annihilape\n|-damage|p1a: Annihilape|0 fnt\n|faint|p1a: Annihilape\n|-damage|p2a: Arcanine|61\/100|[from] Recoil\n|move|p2b: Whimsicott|Moonblast|p1b: Ninetales\n|-damage|p1b: Ninetales|68\/100\n|-unboost|p1b: Ninetales|spa|1\n|\n|-weather|Snow|[upkeep]\n|upkeep\n|\n|t:|1732192469\n|switch|p1a: Dragonite|Dragonite, L50, F|100\/100\n|turn|2\n|j| WattoVGC\n|\n|t:|1732192479\n|move|p1a: Dragonite|Extreme Speed|p2b: Whimsicott\n|-damage|p2b: Whimsicott|74\/100\n|move|p2b: Whimsicott|Tailwind|p2b: Whimsicott\n|-sidestart|p2: VGCLTH lily|move: Tailwind\n|move|p2a: Arcanine|Rock Slide|p1b: Ninetales|[spread] p1a\n|-miss|p2a: Arcanine|p1b: Ninetales\n|-supereffective|p1a: Dragonite\n|-damage|p1a: Dragonite|43\/100\n|move|p1b: Ninetales|Blizzard|p2b: Whimsicott|[spread] p2a,p2b\n|-resisted|p2a: Arcanine\n|-supereffective|p2b: Whimsicott\n|-damage|p2a: Arcanine|48\/100\n|-damage|p2b: Whimsicott|18\/100\n|\n|-weather|Snow|[upkeep]\n|upkeep\n|turn|3\n|\n|t:|1732192496\n|switch|p2b: Gholdengo|Gholdengo, L50|100\/100\n|move|p1a: Dragonite|Protect|p1a: Dragonite\n|-singleturn|p1a: Dragonite|Protect\n|move|p2a: Arcanine|Rock Slide|p1b: Ninetales|[spread] p1b\n|-activate|p1a: Dragonite|move: Protect\n|-supereffective|p1b: Ninetales\n|-damage|p1b: Ninetales|12\/100\n|move|p1b: Ninetales|Blizzard|p2b: Gholdengo|[spread] p2a,p2b\n|-resisted|p2a: Arcanine\n|-resisted|p2b: Gholdengo\n|-damage|p2a: Arcanine|35\/100\n|-damage|p2b: Gholdengo|89\/100\n|-status|p2a: Arcanine|frz\n|\n|-weather|Snow|[upkeep]\n|upkeep\n|turn|4\n|\n|t:|1732192516\n|switch|p1a: Ursaluna|Ursaluna-Bloodmoon, L50, M|100\/100\n|move|p1b: Ninetales|Protect|p1b: Ninetales\n|-singleturn|p1b: Ninetales|Protect\n|-curestatus|p2a: Arcanine|frz|[from] move: Flare Blitz\n|move|p2a: Arcanine|Flare Blitz|p1b: Ninetales\n|-activate|p1b: Ninetales|move: Protect\n|move|p2b: Gholdengo|Make It Rain|p1b: Ninetales|[spread] p1a\n|-activate|p1b: Ninetales|move: Protect\n|-damage|p1a: Ursaluna|39\/100\n|-unboost|p2b: Gholdengo|spa|1\n|\n|-weather|Snow|[upkeep]\n|upkeep\n|turn|5\n|inactive|VGCLTH lily has 30 seconds left.\n|\n|t:|1732192547\n|switch|p2a: Whimsicott|Whimsicott, L50, F|18\/100\n|-terastallize|p2b: Gholdengo|Steel\n|move|p1a: Ursaluna|Vacuum Wave|p2b: Gholdengo\n|-supereffective|p2b: Gholdengo\n|-damage|p2b: Gholdengo|58\/100\n|move|p2b: Gholdengo|Make It Rain|p1b: Ninetales|[spread] p1a,p1b\n|-supereffective|p1b: Ninetales\n|-damage|p1a: Ursaluna|0 fnt\n|-damage|p1b: Ninetales|0 fnt\n|-unboost|p2b: Gholdengo|spa|1\n|faint|p1a: Ursaluna\n|faint|p1b: Ninetales\n|\n|-weather|none\n|-sideend|p2: VGCLTH lily|move: Tailwind\n|upkeep\n|-message|radiantwf3 forfeited.\n|\n|win|VGCLTH lily\n|raw|radiantwf3's rating: 1688 &rarr; <strong>1666<\/strong><br \/>(-22 for losing)\n|raw|VGCLTH lily's rating: 1652 &rarr; <strong>1674<\/strong><br \/>(+22 for winning)\n|l|\u2606radiantwf3\n|player|p1|\n|l|\u2606VGCLTH lily\n|player|p2|\n|l| WattoVGC\n|j| WattoVGC\n","uploadtime":1732192558,"views":18,"formatid":"gen9vgc2024regh","rating":1666,"private":0,"password":null}