{"id":"gen9vgc2024regh-2248430734","format":"[Gen 9] VGC 2024 Reg H","players":["zip520520","VGCLTH mike"],"log":"|raw|<div class=\"broadcast-blue\"><strong>This battle is required to be public due to a player having a name starting with 'vgclth'.<\/div>\n|j|\u2606zip520520\n|j|\u2606VGCLTH mike\n|t:|1732213849\n|gametype|doubles\n|player|p1|zip520520|170|1756\n|player|p2|VGCLTH mike|irida|1831\n|teamsize|p1|6\n|teamsize|p2|6\n|gen|9\n|tier|[Gen 9] VGC 2024 Reg H\n|rated|\n|rule|Species Clause: Limit one of each Pok\u00e9mon\n|rule|Item Clause: Limit 1 of each item\n|clearpoke\n|poke|p1|Gholdengo, L50|\n|poke|p1|Garchomp, L50, M|\n|poke|p1|Glimmora, L50, M|\n|poke|p1|Tyranitar, L50, M|\n|poke|p1|Primarina, L50, M|\n|poke|p1|Sinistcha, L50|\n|poke|p2|Tyranitar, L50, M|\n|poke|p2|Annihilape, L50, M|\n|poke|p2|Bronzong, L50|\n|poke|p2|Ursaluna-Bloodmoon, L50, M|\n|poke|p2|Whimsicott, L50, F|\n|poke|p2|Gastrodon-East, L50, F|\n|teampreview|4\n|inactive|Battle timer is ON: inactive players will automatically lose when time's up. (requested by VGCLTH mike)\n|inactive|zip520520 has 60 seconds left.\n|\n|t:|1732213907\n|start\n|switch|p1a: Gholdengo|Gholdengo, L50|100\/100\n|switch|p1b: Sinistcha|Sinistcha, L50|100\/100\n|switch|p2a: Whimsicott|Whimsicott, L50, F, shiny|100\/100\n|switch|p2b: Ursaluna|Ursaluna-Bloodmoon, L50, M|100\/100\n|turn|1\n|inactive|zip520520 has 30 seconds left.\n|inactive|zip520520 has 20 seconds left.\n|inactive|zip520520 has 15 seconds left.\n|\n|t:|1732213947\n|-terastallize|p2a: Whimsicott|Water\n|move|p1b: Sinistcha|Rage Powder|p1b: Sinistcha\n|-singleturn|p1b: Sinistcha|move: Rage Powder\n|move|p2a: Whimsicott|Tailwind|p2a: Whimsicott\n|-sidestart|p2: VGCLTH mike|move: Tailwind\n|move|p1a: Gholdengo|Make It Rain|p2b: Ursaluna|[spread] p2a,p2b\n|-resisted|p2a: Whimsicott\n|-damage|p2a: Whimsicott|67\/100\n|-damage|p2b: Ursaluna|38\/100\n|-unboost|p1a: Gholdengo|spa|1\n|move|p2b: Ursaluna|Blood Moon|p1b: Sinistcha\n|-damage|p1b: Sinistcha|11\/100\n|-enditem|p1b: Sinistcha|Sitrus Berry|[eat]\n|-heal|p1b: Sinistcha|35\/100|[from] item: Sitrus Berry\n|-damage|p2b: Ursaluna|29\/100|[from] item: Life Orb\n|\n|upkeep\n|turn|2\n|inactive|zip520520 has 30 seconds left.\n|\n|t:|1732213980\n|switch|p2b: Annihilape|Annihilape, L50, M|100\/100\n|move|p2a: Whimsicott|Moonblast|p1b: Sinistcha\n|-crit|p1b: Sinistcha\n|-damage|p1b: Sinistcha|1\/100\n|-unboost|p1b: Sinistcha|spa|1\n|move|p1a: Gholdengo|Make It Rain|p2a: Whimsicott|[spread] p2a,p2b\n|-resisted|p2a: Whimsicott\n|-damage|p2a: Whimsicott|47\/100\n|-damage|p2b: Annihilape|69\/100\n|-unboost|p1a: Gholdengo|spa|1\n|move|p1b: Sinistcha|Matcha Gotcha|p2b: Annihilape|[spread] p2a\n|-miss|p1b: Sinistcha|p2b: Annihilape\n|-supereffective|p2a: Whimsicott\n|-damage|p2a: Whimsicott|3\/100\n|-heal|p1b: Sinistcha|21\/100|[from] drain|[of] p2a: Whimsicott\n|\n|upkeep\n|turn|3\n|inactive|zip520520 has 30 seconds left.\n|inactive|VGCLTH mike has 30 seconds left.\n|inactive|zip520520 has 20 seconds left.\n|inactive|zip520520 has 15 seconds left.\n|j| futonkagebunshin\n|inactive|zip520520 has 10 seconds left.\n|inactive|zip520520 has 5 seconds left.\n|\n|t:|1732214034\n|switch|p1b: Garchomp|Garchomp, L50, M|100\/100\n|move|p2a: Whimsicott|Moonblast|p1b: Garchomp\n|-supereffective|p1b: Garchomp\n|-damage|p1b: Garchomp|45\/100\n|-unboost|p1b: Garchomp|spa|1\n|move|p2b: Annihilape|Rage Fist|p1a: Gholdengo\n|-supereffective|p1a: Gholdengo\n|-damage|p1a: Gholdengo|0 fnt\n|faint|p1a: Gholdengo\n|\n|-heal|p1b: Garchomp|51\/100|[from] item: Leftovers\n|upkeep\n|\n|t:|1732214051\n|switch|p1a: Sinistcha|Sinistcha, L50|21\/100\n|-heal|p1b: Garchomp|75\/100|[from] ability: Hospitality|[of] p1a: Sinistcha\n|turn|4\n|j| VGCLTH lily\n|inactive|VGCLTH mike has 30 seconds left.\n|\n|t:|1732214082\n|switch|p2a: Ursaluna|Ursaluna-Bloodmoon, L50, M|29\/100\n|move|p2b: Annihilape|Rage Fist|p1a: Sinistcha\n|-supereffective|p1a: Sinistcha\n|-damage|p1a: Sinistcha|0 fnt\n|faint|p1a: Sinistcha\n|move|p1b: Garchomp|Stomping Tantrum|p2a: Ursaluna\n|-damage|p2a: Ursaluna|0 fnt\n|faint|p2a: Ursaluna\n|\n|-heal|p1b: Garchomp|81\/100|[from] item: Leftovers\n|-sideend|p2: VGCLTH mike|move: Tailwind\n|upkeep\n|j| Meditate Golisopod\n|\n|t:|1732214096\n|switch|p2a: Whimsicott|Whimsicott, L50, F, shiny, tera:Water|3\/100\n|switch|p1a: Primarina|Primarina, L50, M|100\/100\n|turn|5\n|inactive|zip520520 has 30 seconds left.\n|inactive|VGCLTH mike has 30 seconds left.\n|\n|t:|1732214126\n|move|p2b: Annihilape|Protect|p2b: Annihilape\n|-singleturn|p2b: Annihilape|Protect\n|move|p2a: Whimsicott|Tailwind|p2a: Whimsicott\n|-sidestart|p2: VGCLTH mike|move: Tailwind\n|move|p1b: Garchomp|Substitute|p1b: Garchomp\n|-start|p1b: Garchomp|Substitute\n|-damage|p1b: Garchomp|57\/100\n|move|p1a: Primarina|Moonblast|p2b: Annihilape\n|-activate|p2b: Annihilape|move: Protect\n|\n|-heal|p1b: Garchomp|63\/100|[from] item: Leftovers\n|upkeep\n|turn|6\n|\n|t:|1732214144\n|move|p1a: Primarina|Protect|p1a: Primarina\n|-singleturn|p1a: Primarina|Protect\n|move|p2a: Whimsicott|Beat Up|p2b: Annihilape\n|-damage|p2b: Annihilape|67\/100\n|-damage|p2b: Annihilape|64\/100\n|-damage|p2b: Annihilape|61\/100\n|-hitcount|p2b: Annihilape|3\n|move|p2b: Annihilape|Rage Fist|p1a: Primarina\n|-activate|p1a: Primarina|move: Protect\n|move|p1b: Garchomp|Breaking Swipe|p2b: Annihilape|[spread] p2a,p2b\n|-damage|p2a: Whimsicott|0 fnt\n|-damage|p2b: Annihilape|38\/100\n|-unboost|p2b: Annihilape|atk|1\n|-ability|p2b: Annihilape|Defiant|boost\n|-boost|p2b: Annihilape|atk|2\n|faint|p2a: Whimsicott\n|\n|-heal|p1b: Garchomp|69\/100|[from] item: Leftovers\n|upkeep\n|\n|t:|1732214148\n|switch|p2a: Tyranitar|Tyranitar, L50, M|100\/100\n|-weather|Sandstorm|[from] ability: Sand Stream|[of] p2a: Tyranitar\n|turn|7\n|inactive|zip520520 has 30 seconds left.\n|\n|t:|1732214181\n|move|p2b: Annihilape|Rage Fist|p1a: Primarina\n|-crit|p1a: Primarina\n|-damage|p1a: Primarina|0 fnt\n|faint|p1a: Primarina\n|move|p2a: Tyranitar|Knock Off|p1b: Garchomp\n|-end|p1b: Garchomp|Substitute\n|move|p1b: Garchomp|Breaking Swipe|p2a: Tyranitar|[spread] p2a,p2b\n|-damage|p2a: Tyranitar|79\/100\n|-damage|p2b: Annihilape|13\/100\n|-unboost|p2a: Tyranitar|atk|1\n|-unboost|p2b: Annihilape|atk|1\n|-ability|p2b: Annihilape|Defiant|boost\n|-boost|p2b: Annihilape|atk|2\n|\n|-weather|Sandstorm|[upkeep]\n|-damage|p2b: Annihilape|7\/100|[from] Sandstorm\n|-heal|p1b: Garchomp|75\/100|[from] item: Leftovers\n|upkeep\n|turn|8\n|\n|t:|1732214199\n|move|p1b: Garchomp|Protect|p1b: Garchomp\n|-singleturn|p1b: Garchomp|Protect\n|move|p2b: Annihilape|Coaching|p2a: Tyranitar\n|-boost|p2a: Tyranitar|atk|1\n|-boost|p2a: Tyranitar|def|1\n|move|p2a: Tyranitar|Knock Off|p1b: Garchomp\n|-activate|p1b: Garchomp|move: Protect\n|\n|-weather|Sandstorm|[upkeep]\n|-damage|p2b: Annihilape|0 fnt|[from] Sandstorm\n|faint|p2b: Annihilape\n|-heal|p1b: Garchomp|81\/100|[from] item: Leftovers\n|-sideend|p2: VGCLTH mike|move: Tailwind\n|upkeep\n|turn|9\n|\n|t:|1732214221\n|-terastallize|p1b: Garchomp|Fairy\n|move|p1b: Garchomp|Substitute|p1b: Garchomp\n|-start|p1b: Garchomp|Substitute\n|-damage|p1b: Garchomp|56\/100\n|move|p2a: Tyranitar|Knock Off|p1b: Garchomp\n|-resisted|p1b: Garchomp\n|-end|p1b: Garchomp|Substitute\n|\n|-weather|Sandstorm|[upkeep]\n|-heal|p1b: Garchomp|62\/100|[from] item: Leftovers\n|upkeep\n|turn|10\n|j| GooglePay\n|\n|t:|1732214236\n|move|p1b: Garchomp|Breaking Swipe|p2a: Tyranitar\n|-damage|p2a: Tyranitar|59\/100\n|-unboost|p2a: Tyranitar|atk|1\n|move|p2a: Tyranitar|Knock Off|p1b: Garchomp\n|-resisted|p1b: Garchomp\n|-crit|p1b: Garchomp\n|-damage|p1b: Garchomp|20\/100\n|-enditem|p1b: Garchomp|Leftovers|[from] move: Knock Off|[of] p2a: Tyranitar\n|\n|-weather|Sandstorm|[upkeep]\n|upkeep\n|turn|11\n|\n|t:|1732214254\n|move|p1b: Garchomp|Stomping Tantrum|p2a: Tyranitar\n|-supereffective|p2a: Tyranitar\n|-damage|p2a: Tyranitar|7\/100\n|move|p2a: Tyranitar|Rock Slide|p1b: Garchomp|[miss]\n|-miss|p2a: Tyranitar|p1b: Garchomp\n|\n|-weather|none\n|upkeep\n|turn|12\n|\n|t:|1732214267\n|move|p1b: Garchomp|Stomping Tantrum|p2a: Tyranitar\n|-supereffective|p2a: Tyranitar\n|-damage|p2a: Tyranitar|0 fnt\n|faint|p2a: Tyranitar\n|\n|win|zip520520\n|raw|zip520520's rating: 1756 &rarr; <strong>1780<\/strong><br \/>(+24 for winning)\n|raw|VGCLTH mike's rating: 1831 &rarr; <strong>1807<\/strong><br \/>(-24 for losing)\n|l|\u2606zip520520\n|player|p1|\n|l|\u2606VGCLTH mike\n|player|p2|\n|l| Meditate Golisopod\n","uploadtime":1732214480,"views":15,"formatid":"gen9vgc2024regh","rating":1780,"private":0,"password":null}