{"id":"gen9vgc2024regh-2248801753","format":"[Gen 9] VGC 2024 Reg H","players":["Mode Harambe","ren122333"],"log":"|j|\u2606Mode Harambe\n|j|\u2606ren122333\n|t:|1732260876\n|gametype|doubles\n|player|p1|Mode Harambe|red|1790\n|player|p2|ren122333|hilbert|1701\n|teamsize|p1|6\n|teamsize|p2|6\n|gen|9\n|tier|[Gen 9] VGC 2024 Reg H\n|rated|\n|rule|Species Clause: Limit one of each Pok\u00e9mon\n|rule|Item Clause: Limit 1 of each item\n|clearpoke\n|poke|p1|Annihilape, L50, F|\n|poke|p1|Talonflame, L50, M|\n|poke|p1|Dragonite, L50, F|\n|poke|p1|Ursaluna-Bloodmoon, L50, M|\n|poke|p1|Gholdengo, L50|\n|poke|p1|Rillaboom, L50, M|\n|poke|p2|Whimsicott, L50, M|\n|poke|p2|Mamoswine, L50, M|\n|poke|p2|Lycanroc-Dusk, L50, M|\n|poke|p2|Typhlosion-Hisui, L50, M|\n|poke|p2|Farigiraf, L50, M|\n|poke|p2|Mienshao, L50, M|\n|teampreview|4\n|inactive|Battle timer is ON: inactive players will automatically lose when time's up. (requested by ren122333)\n|\n|t:|1732260894\n|start\n|switch|p1a: Dragonite|Dragonite, L50, F|100\/100\n|switch|p1b: Talonflame|Talonflame, L50, M|100\/100\n|switch|p2a: Whimsicott|Whimsicott, L50, M|100\/100\n|switch|p2b: Lycanroc|Lycanroc-Dusk, L50, M|100\/100\n|turn|1\n|\n|t:|1732260919\n|switch|p1b: Gholdengo|Gholdengo, L50|100\/100\n|switch|p1a: Rillaboom|Rillaboom, L50, M|100\/100\n|-fieldstart|move: Grassy Terrain|[from] ability: Grassy Surge|[of] p1a: Rillaboom\n|-terastallize|p2a: Whimsicott|Ghost\n|move|p2a: Whimsicott|Tailwind|p2a: Whimsicott\n|-sidestart|p2: ren122333|move: Tailwind\n|move|p2b: Lycanroc|Rock Slide|p1b: Gholdengo|[spread] p1a,p1b\n|-resisted|p1b: Gholdengo\n|-damage|p1a: Rillaboom|66\/100\n|-damage|p1b: Gholdengo|84\/100\n|\n|-heal|p1b: Gholdengo|90\/100|[from] Grassy Terrain\n|-heal|p1a: Rillaboom|72\/100|[from] Grassy Terrain\n|upkeep\n|turn|2\n|\n|t:|1732260938\n|switch|p2b: Mienshao|Mienshao, L50, M|100\/100\n|move|p1a: Rillaboom|Grassy Glide|p2b: Mienshao\n|-damage|p2b: Mienshao|37\/100\n|move|p2a: Whimsicott|Moonblast|p1a: Rillaboom\n|-damage|p1a: Rillaboom|47\/100\n|move|p1b: Gholdengo|Make It Rain|p2b: Mienshao|[spread] p2a,p2b\n|-enditem|p2a: Whimsicott|Focus Sash\n|-damage|p2a: Whimsicott|1\/100\n|-damage|p2b: Mienshao|0 fnt\n|-unboost|p1b: Gholdengo|spa|1\n|faint|p2b: Mienshao\n|\n|-heal|p2a: Whimsicott|7\/100|[from] Grassy Terrain\n|-heal|p1b: Gholdengo|96\/100|[from] Grassy Terrain\n|-heal|p1a: Rillaboom|53\/100|[from] Grassy Terrain\n|upkeep\n|\n|t:|1732260949\n|switch|p2b: Typhlosion|Typhlosion-Hisui, L50, M|100\/100\n|-item|p1a: Rillaboom|Assault Vest|[from] ability: Frisk|[of] p2b: Typhlosion\n|-item|p1b: Gholdengo|Choice Specs|[from] ability: Frisk|[of] p2b: Typhlosion\n|turn|3\n|\n|t:|1732260971\n|-terastallize|p1a: Rillaboom|Fire\n|move|p2a: Whimsicott|Sunny Day|p2a: Whimsicott\n|-weather|SunnyDay\n|move|p1a: Rillaboom|Grassy Glide|p2a: Whimsicott\n|-damage|p2a: Whimsicott|0 fnt\n|faint|p2a: Whimsicott\n|move|p2b: Typhlosion|Eruption|p1b: Gholdengo|[spread] p1a,p1b\n|-resisted|p1a: Rillaboom\n|-supereffective|p1b: Gholdengo\n|-damage|p1a: Rillaboom|10\/100\n|-damage|p1b: Gholdengo|0 fnt\n|faint|p1b: Gholdengo\n|\n|-weather|SunnyDay|[upkeep]\n|-heal|p1a: Rillaboom|16\/100|[from] Grassy Terrain\n|upkeep\n|\n|t:|1732260981\n|switch|p2a: Lycanroc|Lycanroc-Dusk, L50, M|100\/100\n|switch|p1b: Talonflame|Talonflame, L50, M|100\/100\n|turn|4\n|\n|t:|1732260990\n|move|p1b: Talonflame|Protect|p1b: Talonflame\n|-singleturn|p1b: Talonflame|Protect\n|move|p2a: Lycanroc|Sucker Punch|p1a: Rillaboom\n|-damage|p1a: Rillaboom|0 fnt\n|faint|p1a: Rillaboom\n|move|p2b: Typhlosion|Eruption|p1b: Talonflame\n|-activate|p1b: Talonflame|move: Protect\n|\n|-weather|SunnyDay|[upkeep]\n|-sideend|p2: ren122333|move: Tailwind\n|upkeep\n|j| lpsu9\n|\n|t:|1732260992\n|switch|p1a: Dragonite|Dragonite, L50, F|100\/100\n|turn|5\n|\n|t:|1732261003\n|move|p1b: Talonflame|Tailwind|p1b: Talonflame\n|-sidestart|p1: Mode Harambe|move: Tailwind\n|move|p2a: Lycanroc|Sucker Punch|p1a: Dragonite\n|-damage|p1a: Dragonite|77\/100\n|move|p1a: Dragonite|Scale Shot|p2a: Lycanroc\n|-damage|p2a: Lycanroc|74\/100\n|-damage|p2a: Lycanroc|49\/100\n|-damage|p2a: Lycanroc|25\/100\n|-damage|p2a: Lycanroc|0 fnt\n|faint|p2a: Lycanroc\n|-hitcount|p2: Lycanroc|4\n|-unboost|p1a: Dragonite|def|1\n|-boost|p1a: Dragonite|spe|1\n|move|p2b: Typhlosion|Eruption|p1b: Talonflame|[spread] p1a,p1b\n|-resisted|p1a: Dragonite\n|-resisted|p1b: Talonflame\n|-damage|p1a: Dragonite|12\/100\n|-damage|p1b: Talonflame|1\/100\n|\n|-weather|SunnyDay|[upkeep]\n|-fieldend|move: Grassy Terrain\n|upkeep\n|turn|6\n|\n|t:|1732261020\n|move|p1a: Dragonite|Stomping Tantrum|p2b: Typhlosion\n|-supereffective|p2b: Typhlosion\n|-damage|p2b: Typhlosion|21\/100\n|move|p1b: Talonflame|Flare Blitz|p2b: Typhlosion\n|-resisted|p2b: Typhlosion\n|-damage|p2b: Typhlosion|0 fnt\n|faint|p2b: Typhlosion\n|-damage|p1b: Talonflame|0 fnt|[from] Recoil\n|faint|p1b: Talonflame\n|\n|win|Mode Harambe\n|raw|Mode Harambe's rating: 1790 &rarr; <strong>1805<\/strong><br \/>(+15 for winning)\n|raw|ren122333's rating: 1701 &rarr; <strong>1686<\/strong><br \/>(-15 for losing)\n|l|\u2606Mode Harambe\n|player|p1|\n|l|\u2606ren122333\n|player|p2|\n|l| lpsu9\n","uploadtime":1732261199,"views":20,"formatid":"gen9vgc2024regh","rating":1686,"private":0,"password":null}