{"id":"gen9vgc2024regh-2248397886","format":"[Gen 9] VGC 2024 Reg H","players":["grovyleuwu","VGCLTH mike"],"log":"|raw|<div class=\"broadcast-blue\"><strong>This battle is required to be public due to a player having a name starting with 'vgclth'.<\/div>\n|j|\u2606grovyleuwu\n|j|\u2606VGCLTH mike\n|t:|1732210776\n|gametype|doubles\n|player|p1|grovyleuwu|whitney|1740\n|player|p2|VGCLTH mike|irida|1781\n|teamsize|p1|6\n|teamsize|p2|6\n|gen|9\n|tier|[Gen 9] VGC 2024 Reg H\n|rated|\n|rule|Species Clause: Limit one of each Pok\u00e9mon\n|rule|Item Clause: Limit 1 of each item\n|clearpoke\n|poke|p1|Pelipper, L50, M|\n|poke|p1|Archaludon, L50, M|\n|poke|p1|Indeedee, L50, M|\n|poke|p1|Basculegion, L50, M|\n|poke|p1|Talonflame, L50, F|\n|poke|p1|Gholdengo, L50|\n|poke|p2|Tyranitar, L50, F|\n|poke|p2|Annihilape, L50, F|\n|poke|p2|Bronzong, L50|\n|poke|p2|Ursaluna-Bloodmoon, L50, M|\n|poke|p2|Whimsicott, L50, M|\n|poke|p2|Gastrodon-East, L50, F|\n|teampreview|4\n|inactive|Battle timer is ON: inactive players will automatically lose when time's up. (requested by grovyleuwu)\n|inactive|grovyleuwu has 60 seconds left.\n|\n|t:|1732210814\n|start\n|switch|p1a: Indeedee|Indeedee, L50, M|100\/100\n|switch|p1b: Gholdengo|Gholdengo, L50|100\/100\n|switch|p2a: Whimsicott|Whimsicott, L50, M, shiny|100\/100\n|switch|p2b: Annihilape|Annihilape, L50, F|100\/100\n|-fieldstart|move: Psychic Terrain|[from] ability: Psychic Surge|[of] p1a: Indeedee\n|turn|1\n|\n|t:|1732210829\n|-terastallize|p2b: Annihilape|Fire\n|-terastallize|p1b: Gholdengo|Fairy\n|move|p1a: Indeedee|Expanding Force|p2b: Annihilape|[spread] p2a,p2b\n|-damage|p2a: Whimsicott|28\/100\n|-damage|p2b: Annihilape|52\/100\n|move|p2a: Whimsicott|Beat Up|p2b: Annihilape\n|-damage|p2b: Annihilape|50\/100\n|-damage|p2b: Annihilape|47\/100\n|-damage|p2b: Annihilape|44\/100\n|-damage|p2b: Annihilape|41\/100\n|-hitcount|p2b: Annihilape|4\n|move|p2b: Annihilape|Rage Fist|p1b: Gholdengo\n|-damage|p1b: Gholdengo|0 fnt\n|faint|p1b: Gholdengo\n|\n|upkeep\n|\n|t:|1732210843\n|switch|p1b: Talonflame|Talonflame, L50, F|100\/100\n|turn|2\n|\n|t:|1732210855\n|switch|p2b: Tyranitar|Tyranitar, L50, F|100\/100\n|-weather|Sandstorm|[from] ability: Sand Stream|[of] p2b: Tyranitar\n|move|p1b: Talonflame|Tailwind|p1b: Talonflame\n|-sidestart|p1: grovyleuwu|move: Tailwind\n|move|p2a: Whimsicott|Tailwind|p2a: Whimsicott\n|-sidestart|p2: VGCLTH mike|move: Tailwind\n|move|p1a: Indeedee|Expanding Force|p2a: Whimsicott|[spread] p2a\n|-immune|p2b: Tyranitar\n|-damage|p2a: Whimsicott|0 fnt\n|faint|p2a: Whimsicott\n|\n|-weather|Sandstorm|[upkeep]\n|-damage|p1b: Talonflame|95\/100|[from] Sandstorm\n|-damage|p1a: Indeedee|95\/100|[from] Sandstorm\n|upkeep\n|\n|t:|1732210860\n|switch|p2a: Annihilape|Annihilape, L50, F, tera:Fire|41\/100\n|turn|3\n|\n|t:|1732210865\n|move|p1a: Indeedee|Protect|p1a: Indeedee\n|-singleturn|p1a: Indeedee|Protect\n|move|p2a: Annihilape|Protect|p2a: Annihilape\n|-singleturn|p2a: Annihilape|Protect\n|move|p1b: Talonflame|Will-O-Wisp|p2b: Tyranitar|[miss]\n|-miss|p1b: Talonflame|p2b: Tyranitar\n|move|p2b: Tyranitar|Knock Off|p1a: Indeedee\n|-activate|p1a: Indeedee|move: Protect\n|\n|-weather|Sandstorm|[upkeep]\n|-damage|p1b: Talonflame|89\/100|[from] Sandstorm\n|-damage|p1a: Indeedee|89\/100|[from] Sandstorm\n|-damage|p2a: Annihilape|35\/100|[from] Sandstorm\n|upkeep\n|turn|4\n|\n|t:|1732210881\n|switch|p2a: Gastrodon|Gastrodon-East, L50, F|100\/100\n|move|p1b: Talonflame|Will-O-Wisp|p2b: Tyranitar\n|-status|p2b: Tyranitar|brn\n|move|p1a: Indeedee|Expanding Force|p2b: Tyranitar|[spread] p2a\n|-immune|p2b: Tyranitar\n|-damage|p2a: Gastrodon|60\/100\n|move|p2b: Tyranitar|Rock Slide|p1a: Indeedee|[spread] p1a,p1b\n|-supereffective|p1b: Talonflame\n|-damage|p1a: Indeedee|54\/100\n|-damage|p1b: Talonflame|0 fnt\n|faint|p1b: Talonflame\n|\n|-weather|Sandstorm|[upkeep]\n|-damage|p1a: Indeedee|48\/100|[from] Sandstorm\n|-damage|p2b: Tyranitar|94\/100 brn|[from] brn\n|upkeep\n|\n|t:|1732210894\n|switch|p1b: Pelipper|Pelipper, L50, M|100\/100\n|-weather|RainDance|[from] ability: Drizzle|[of] p1b: Pelipper\n|turn|5\n|\n|t:|1732210909\n|move|p1b: Pelipper|Hurricane|p2a: Gastrodon\n|-damage|p2a: Gastrodon|20\/100\n|-enditem|p2a: Gastrodon|Sitrus Berry|[eat]\n|-heal|p2a: Gastrodon|45\/100|[from] item: Sitrus Berry\n|move|p1a: Indeedee|Expanding Force|p2b: Tyranitar|[spread] p2a\n|-immune|p2b: Tyranitar\n|-damage|p2a: Gastrodon|0 fnt\n|faint|p2a: Gastrodon\n|move|p2b: Tyranitar|Knock Off|p1a: Indeedee\n|-supereffective|p1a: Indeedee\n|-damage|p1a: Indeedee|0 fnt\n|-enditem|p1a: Indeedee|Focus Sash|[from] move: Knock Off|[of] p2b: Tyranitar\n|faint|p1a: Indeedee\n|\n|-weather|RainDance|[upkeep]\n|-damage|p2b: Tyranitar|88\/100 brn|[from] brn\n|-sideend|p1: grovyleuwu|move: Tailwind\n|-sideend|p2: VGCLTH mike|move: Tailwind\n|-fieldend|move: Psychic Terrain\n|upkeep\n|\n|t:|1732210914\n|switch|p2a: Annihilape|Annihilape, L50, F, tera:Fire|35\/100\n|turn|6\n|j| Mayahoppins\n|-message|grovyleuwu forfeited.\n|\n|win|VGCLTH mike\n|raw|grovyleuwu's rating: 1740 &rarr; <strong>1722<\/strong><br \/>(-18 for losing)\n|raw|VGCLTH mike's rating: 1781 &rarr; <strong>1799<\/strong><br \/>(+18 for winning)\n|l|\u2606grovyleuwu\n|player|p1|\n|l|\u2606VGCLTH mike\n|player|p2|\n|l| Mayahoppins\n","uploadtime":1732211132,"views":16,"formatid":"gen9vgc2024regh","rating":1722,"private":0,"password":null}