{"id":"gen9vgc2024regh-2248436221","format":"[Gen 9] VGC 2024 Reg H","players":["tolkuschampion","VGCLTH <1000ELO"],"log":"|raw|<div class=\"broadcast-blue\"><strong>This battle is required to be public due to a player having a name starting with 'vgclth'.<\/div>\n|j|\u2606tolkuschampion\n|j|\u2606VGCLTH <1000ELO\n|t:|1732214358\n|gametype|doubles\n|player|p1|tolkuschampion|170|1706\n|player|p2|VGCLTH <1000ELO|1|1804\n|teamsize|p1|6\n|teamsize|p2|6\n|gen|9\n|tier|[Gen 9] VGC 2024 Reg H\n|rated|\n|rule|Species Clause: Limit one of each Pok\u00e9mon\n|rule|Item Clause: Limit 1 of each item\n|clearpoke\n|poke|p1|Corviknight, L50, M|\n|poke|p1|Tyranitar, L50, M|\n|poke|p1|Excadrill, L50, F|\n|poke|p1|Gastrodon, L50, F|\n|poke|p1|Arcanine-Hisui, L50, M|\n|poke|p1|Indeedee, L50, M|\n|poke|p2|Dondozo, L50, M|\n|poke|p2|Tatsugiri, L50, M|\n|poke|p2|Dragonite, L50, M|\n|poke|p2|Gholdengo, L50|\n|poke|p2|Glimmora, L50, F|\n|poke|p2|Talonflame, L50, F|\n|teampreview|4\n|inactive|Battle timer is ON: inactive players will automatically lose when time's up. (requested by VGCLTH <1000ELO)\n|j| Meditate Golisopod\n|\n|t:|1732214385\n|start\n|switch|p1a: Tyranitar|Tyranitar, L50, M|100\/100\n|switch|p1b: Excadrill|Excadrill, L50, F|100\/100\n|switch|p2a: Dragonite|Dragonite, L50, M|100\/100\n|switch|p2b: Glimmora|Glimmora, L50, F|100\/100\n|-weather|Sandstorm|[from] ability: Sand Stream|[of] p1a: Tyranitar\n|turn|1\n|inactive|tolkuschampion has 30 seconds left.\n|inactive|VGCLTH <1000ELO has 30 seconds left.\n|\n|t:|1732214419\n|-terastallize|p2b: Glimmora|Grass\n|move|p1b: Excadrill|Stomping Tantrum|p2b: Glimmora\n|-resisted|p2b: Glimmora\n|-damage|p2b: Glimmora|77\/100\n|-activate|p2b: Glimmora|ability: Toxic Debris\n|-sidestart|p1: tolkuschampion|move: Toxic Spikes\n|-damage|p1b: Excadrill|91\/100|[from] item: Life Orb\n|move|p2b: Glimmora|Mortal Spin|p1b: Excadrill|[spread] p1a\n|-immune|p1b: Excadrill\n|-resisted|p1a: Tyranitar\n|-damage|p1a: Tyranitar|99\/100\n|-status|p1a: Tyranitar|psn\n|move|p2a: Dragonite|Earthquake|p1a: Tyranitar|[spread] p2b,p1a,p1b\n|-resisted|p2b: Glimmora\n|-supereffective|p1a: Tyranitar\n|-supereffective|p1b: Excadrill\n|-damage|p2b: Glimmora|59\/100\n|-damage|p1a: Tyranitar|34\/100 psn\n|-damage|p1b: Excadrill|0 fnt\n|-activate|p2b: Glimmora|ability: Toxic Debris\n|-sidestart|p1: tolkuschampion|move: Toxic Spikes\n|faint|p1b: Excadrill\n|move|p1a: Tyranitar|Rock Slide|p2a: Dragonite|[spread] p2a,p2b\n|-supereffective|p2a: Dragonite\n|-damage|p2a: Dragonite|70\/100\n|-damage|p2b: Glimmora|34\/100\n|\n|-weather|Sandstorm|[upkeep]\n|-damage|p2b: Glimmora|29\/100|[from] Sandstorm\n|-damage|p2a: Dragonite|64\/100|[from] Sandstorm\n|-damage|p1a: Tyranitar|22\/100 psn|[from] psn\n|upkeep\n|\n|t:|1732214439\n|switch|p1b: Arcanine|Arcanine-Hisui, L50, M|100\/100\n|-status|p1b: Arcanine|tox\n|turn|2\n|\n|t:|1732214448\n|switch|p2b: Dondozo|Dondozo, L50, M|100\/100\n|switch|p2a: Tatsugiri|Tatsugiri, L50, M|100\/100\n|-activate|p2a: Tatsugiri|ability: Commander|[of] p2b: Dondozo\n|-boost|p2b: Dondozo|atk|2\n|-boost|p2b: Dondozo|spa|2\n|-boost|p2b: Dondozo|spe|2\n|-boost|p2b: Dondozo|def|2\n|-boost|p2b: Dondozo|spd|2\n|move|p1b: Arcanine|Head Smash|p2a: Tatsugiri|[miss]\n|-miss|p1b: Arcanine|p2a: Tatsugiri\n|move|p1a: Tyranitar|Knock Off|p2b: Dondozo\n|-damage|p2b: Dondozo|80\/100\n|-enditem|p2b: Dondozo|Leftovers|[from] move: Knock Off|[of] p1a: Tyranitar\n|\n|-weather|Sandstorm|[upkeep]\n|-damage|p2b: Dondozo|74\/100|[from] Sandstorm\n|-damage|p2a: Tatsugiri|94\/100|[from] Sandstorm\n|-damage|p1b: Arcanine|95\/100 tox|[from] psn\n|-damage|p1a: Tyranitar|10\/100 psn|[from] psn\n|upkeep\n|turn|3\n|\n|t:|1732214468\n|switch|p1a: Gastrodon|Gastrodon, L50, F|100\/100\n|-status|p1a: Gastrodon|tox\n|move|p2b: Dondozo|Earthquake|p1a: Gastrodon|[spread] p1a,p1b\n|-miss|p2b: Dondozo|p2a: Tatsugiri\n|-supereffective|p1b: Arcanine\n|-damage|p1a: Gastrodon|61\/100 tox\n|-damage|p1b: Arcanine|0 fnt\n|faint|p1b: Arcanine\n|\n|-weather|Sandstorm|[upkeep]\n|-damage|p2b: Dondozo|68\/100|[from] Sandstorm\n|-damage|p2a: Tatsugiri|88\/100|[from] Sandstorm\n|-damage|p1a: Gastrodon|55\/100 tox|[from] psn\n|upkeep\n|\n|t:|1732214475\n|switch|p1b: Tyranitar|Tyranitar, L50, M|10\/100 psn\n|turn|4\n|\n|t:|1732214485\n|-terastallize|p1b: Tyranitar|Flying\n|move|p2b: Dondozo|Protect|p2b: Dondozo\n|-singleturn|p2b: Dondozo|Protect\n|move|p1b: Tyranitar|Knock Off|p2b: Dondozo\n|-activate|p2b: Dondozo|move: Protect\n|move|p1a: Gastrodon|Clear Smog|p2b: Dondozo\n|-activate|p2b: Dondozo|move: Protect\n|\n|-weather|Sandstorm|[upkeep]\n|-damage|p2b: Dondozo|61\/100|[from] Sandstorm\n|-damage|p2a: Tatsugiri|82\/100|[from] Sandstorm\n|-damage|p1b: Tyranitar|4\/100 psn|[from] Sandstorm\n|-damage|p1b: Tyranitar|0 fnt|[from] psn\n|faint|p1b: Tyranitar\n|-damage|p1a: Gastrodon|43\/100 tox|[from] psn\n|upkeep\n|-enditem|p1a: Gastrodon|Sitrus Berry|[eat]\n|-heal|p1a: Gastrodon|67\/100 tox|[from] item: Sitrus Berry\n|turn|5\n|\n|t:|1732214490\n|move|p2b: Dondozo|Order Up|p1a: Gastrodon\n|-damage|p1a: Gastrodon|22\/100 tox\n|-boost|p2b: Dondozo|atk|1\n|move|p1a: Gastrodon|Clear Smog|p2b: Dondozo\n|-damage|p2b: Dondozo|54\/100\n|-clearboost|p2b: Dondozo\n|\n|-weather|none\n|-damage|p1a: Gastrodon|4\/100 tox|[from] psn\n|upkeep\n|turn|6\n|-message|tolkuschampion forfeited.\n|\n|win|VGCLTH <1000ELO\n|raw|tolkuschampion's rating: 1706 &rarr; <strong>1691<\/strong><br \/>(-15 for losing)\n|raw|VGCLTH &lt;1000ELO's rating: 1804 &rarr; <strong>1819<\/strong><br \/>(+15 for winning)\n|l|\u2606tolkuschampion\n|player|p1|\n|l|\u2606VGCLTH <1000ELO\n|player|p2|\n","uploadtime":1732214758,"views":30,"formatid":"gen9vgc2024regh","rating":1691,"private":0,"password":null}