{"id":"gen9vgc2024regh-2248374681","format":"[Gen 9] VGC 2024 Reg H","players":["tolkuschampion","Djjwjwwjj"],"log":"|j|\u2606tolkuschampion\n|j|\u2606Djjwjwwjj\n|t:|1732208573\n|gametype|doubles\n|player|p1|tolkuschampion|170|1726\n|player|p2|Djjwjwwjj|170|1733\n|teamsize|p1|6\n|teamsize|p2|6\n|gen|9\n|tier|[Gen 9] VGC 2024 Reg H\n|rated|\n|rule|Species Clause: Limit one of each Pok\u00e9mon\n|rule|Item Clause: Limit 1 of each item\n|clearpoke\n|poke|p1|Corviknight, L50, M|\n|poke|p1|Tyranitar, L50, M|\n|poke|p1|Excadrill, L50, F|\n|poke|p1|Gastrodon, L50, M|\n|poke|p1|Arcanine-Hisui, L50, F|\n|poke|p1|Indeedee, L50, M|\n|poke|p2|Palafin, L50, F|\n|poke|p2|Pelipper, L50, M|\n|poke|p2|Incineroar, L50, M|\n|poke|p2|Rillaboom, L50, M|\n|poke|p2|Gholdengo, L50|\n|poke|p2|Clefable, L50, F|\n|teampreview|4\n|inactive|Battle timer is ON: inactive players will automatically lose when time's up. (requested by tolkuschampion)\n|j| GooglePay\n|inactive|Djjwjwwjj has 60 seconds left.\n|\n|t:|1732208630\n|start\n|switch|p1a: Corviknight|Corviknight, L50, M|100\/100\n|switch|p1b: Excadrill|Excadrill, L50, F|100\/100\n|switch|p2a: Gholdengo|Gholdengo, L50|100\/100\n|switch|p2b: Incineroar|Incineroar, L50, M|100\/100\n|-ability|p2b: Incineroar|Intimidate|boost\n|-ability|p1a: Corviknight|Mirror Armor\n|-unboost|p2b: Incineroar|atk|1\n|-unboost|p1b: Excadrill|atk|1\n|turn|1\n|inactive|Djjwjwwjj has 30 seconds left.\n|\n|t:|1732208662\n|move|p1b: Excadrill|Protect|p1b: Excadrill\n|-singleturn|p1b: Excadrill|Protect\n|move|p2a: Gholdengo|Nasty Plot|p2a: Gholdengo\n|-boost|p2a: Gholdengo|spa|2\n|move|p2b: Incineroar|Parting Shot|p1b: Excadrill\n|-activate|p1b: Excadrill|move: Protect\n|move|p1a: Corviknight|Iron Defense|p1a: Corviknight\n|-boost|p1a: Corviknight|def|2\n|\n|upkeep\n|turn|2\n|inactive|Djjwjwwjj has 30 seconds left.\n|inactive|Djjwjwwjj has 20 seconds left.\n|inactive|Djjwjwwjj has 15 seconds left.\n|\n|t:|1732208704\n|switch|p2b: Clefable|Clefable, L50, F|100\/100\n|-terastallize|p2a: Gholdengo|Flying\n|move|p1b: Excadrill|Earthquake|p2a: Gholdengo|[spread] p2b\n|-immune|p1a: Corviknight\n|-immune|p2a: Gholdengo\n|-damage|p2b: Clefable|42\/100\n|-damage|p1b: Excadrill|91\/100|[from] item: Life Orb\n|move|p2a: Gholdengo|Shadow Ball|p1a: Corviknight\n|-damage|p1a: Corviknight|29\/100\n|-damage|p2a: Gholdengo|91\/100|[from] item: Life Orb\n|move|p1a: Corviknight|Body Press|p2b: Clefable\n|-resisted|p2b: Clefable\n|-crit|p2b: Clefable\n|-damage|p2b: Clefable|27\/100\n|\n|-heal|p1a: Corviknight|35\/100|[from] item: Leftovers\n|upkeep\n|turn|3\n|inactive|Djjwjwwjj has 30 seconds left.\n|inactive|Djjwjwwjj has 20 seconds left.\n|\n|t:|1732208739\n|switch|p1a: Tyranitar|Tyranitar, L50, M|100\/100\n|-weather|Sandstorm|[from] ability: Sand Stream|[of] p1a: Tyranitar\n|switch|p2b: Incineroar|Incineroar, L50, M|100\/100\n|-ability|p2b: Incineroar|Intimidate|boost\n|-unboost|p1a: Tyranitar|atk|1\n|-unboost|p1b: Excadrill|atk|1\n|move|p1b: Excadrill|Iron Head|p2a: Gholdengo\n|-damage|p2a: Gholdengo|60\/100\n|-damage|p1b: Excadrill|81\/100|[from] item: Life Orb\n|move|p2a: Gholdengo|Make It Rain|p1a: Tyranitar|[spread] p1a,p1b\n|-supereffective|p1a: Tyranitar\n|-resisted|p1b: Excadrill\n|-damage|p1a: Tyranitar|5\/100\n|-damage|p1b: Excadrill|3\/100\n|-unboost|p2a: Gholdengo|spa|1\n|-damage|p2a: Gholdengo|51\/100|[from] item: Life Orb\n|\n|-weather|Sandstorm|[upkeep]\n|-damage|p2a: Gholdengo|45\/100|[from] Sandstorm\n|-damage|p2b: Incineroar|95\/100|[from] Sandstorm\n|upkeep\n|turn|4\n|inactive|Djjwjwwjj has 30 seconds left.\n|inactive|Djjwjwwjj has 20 seconds left.\n|inactive|Djjwjwwjj has 15 seconds left.\n|\n|t:|1732208781\n|switch|p1b: Corviknight|Corviknight, L50, M|35\/100\n|move|p2a: Gholdengo|Shadow Ball|p1a: Tyranitar\n|-resisted|p1a: Tyranitar\n|-damage|p1a: Tyranitar|0 fnt\n|faint|p1a: Tyranitar\n|-damage|p2a: Gholdengo|35\/100|[from] item: Life Orb\n|move|p2b: Incineroar|Flare Blitz|p1b: Corviknight\n|-supereffective|p1b: Corviknight\n|-damage|p1b: Corviknight|0 fnt\n|faint|p1b: Corviknight\n|-damage|p2b: Incineroar|83\/100|[from] Recoil\n|\n|-weather|Sandstorm|[upkeep]\n|-damage|p2a: Gholdengo|29\/100|[from] Sandstorm\n|-damage|p2b: Incineroar|77\/100|[from] Sandstorm\n|upkeep\n|\n|t:|1732208787\n|switch|p1b: Excadrill|Excadrill, L50, F|3\/100\n|switch|p1a: Gastrodon|Gastrodon, L50, M|100\/100\n|turn|5\n|\n|t:|1732208810\n|switch|p2b: Clefable|Clefable, L50, F|27\/100\n|move|p1b: Excadrill|Protect|p1b: Excadrill\n|-singleturn|p1b: Excadrill|Protect\n|move|p2a: Gholdengo|Protect|p2a: Gholdengo\n|-singleturn|p2a: Gholdengo|Protect\n|move|p1a: Gastrodon|Earth Power|p2b: Clefable\n|-damage|p2b: Clefable|1\/100\n|\n|-weather|Sandstorm|[upkeep]\n|-damage|p2a: Gholdengo|23\/100|[from] Sandstorm\n|-damage|p2b: Clefable|0 fnt|[from] Sandstorm\n|faint|p2b: Clefable\n|upkeep\n|\n|t:|1732208826\n|switch|p2b: Rillaboom|Rillaboom, L50, M|100\/100\n|-fieldstart|move: Grassy Terrain|[from] ability: Grassy Surge|[of] p2b: Rillaboom\n|turn|6\n|j| Mayahoppins\n|\n|t:|1732208843\n|-terastallize|p1a: Gastrodon|Fire\n|move|p2b: Rillaboom|Grassy Glide|p1b: Excadrill\n|-damage|p1b: Excadrill|0 fnt\n|faint|p1b: Excadrill\n|move|p2a: Gholdengo|Shadow Ball|p1a: Gastrodon\n|-damage|p1a: Gastrodon|23\/100\n|-unboost|p1a: Gastrodon|spd|1\n|-enditem|p1a: Gastrodon|Sitrus Berry|[eat]\n|-heal|p1a: Gastrodon|48\/100|[from] item: Sitrus Berry\n|-damage|p2a: Gholdengo|13\/100|[from] item: Life Orb\n|move|p1a: Gastrodon|Ice Beam|p2a: Gholdengo\n|-supereffective|p2a: Gholdengo\n|-damage|p2a: Gholdengo|0 fnt\n|faint|p2a: Gholdengo\n|\n|-weather|Sandstorm|[upkeep]\n|-damage|p2b: Rillaboom|95\/100|[from] Sandstorm\n|-damage|p1a: Gastrodon|42\/100|[from] Sandstorm\n|-heal|p2b: Rillaboom|100\/100|[from] Grassy Terrain\n|-heal|p1a: Gastrodon|48\/100|[from] Grassy Terrain\n|upkeep\n|\n|t:|1732208862\n|switch|p2a: Incineroar|Incineroar, L50, M|77\/100\n|-ability|p2a: Incineroar|Intimidate|boost\n|-unboost|p1a: Gastrodon|atk|1\n|turn|7\n|\n|t:|1732208875\n|move|p1a: Gastrodon|Protect|p1a: Gastrodon\n|-singleturn|p1a: Gastrodon|Protect\n|move|p2a: Incineroar|Fake Out|p1a: Gastrodon\n|-activate|p1a: Gastrodon|move: Protect\n|move|p2b: Rillaboom|High Horsepower|p1a: Gastrodon\n|-activate|p1a: Gastrodon|move: Protect\n|\n|-weather|none\n|-heal|p2a: Incineroar|83\/100|[from] Grassy Terrain\n|-heal|p1a: Gastrodon|54\/100|[from] Grassy Terrain\n|upkeep\n|turn|8\n|\n|t:|1732208887\n|move|p2a: Incineroar|Knock Off|p1a: Gastrodon\n|-damage|p1a: Gastrodon|29\/100\n|move|p2b: Rillaboom|Wood Hammer|p1a: Gastrodon\n|-resisted|p1a: Gastrodon\n|-damage|p1a: Gastrodon|0 fnt\n|faint|p1a: Gastrodon\n|-damage|p2b: Rillaboom|91\/100|[from] Recoil\n|\n|win|Djjwjwwjj\n|raw|tolkuschampion's rating: 1726 &rarr; <strong>1706<\/strong><br \/>(-20 for losing)\n|raw|Djjwjwwjj's rating: 1733 &rarr; <strong>1753<\/strong><br \/>(+20 for winning)\n|l|\u2606tolkuschampion\n|player|p1|\n|l|\u2606Djjwjwwjj\n|player|p2|\n","uploadtime":1732209036,"views":17,"formatid":"gen9vgc2024regh","rating":1706,"private":0,"password":null}