{"id":"gen9vgc2024regh-2248449419","format":"[Gen 9] VGC 2024 Reg H","players":["tmgwta","VGCLTH <1000ELO"],"log":"|raw|<div class=\"broadcast-blue\"><strong>This battle is required to be public due to a player having a name starting with 'vgclth'.<\/div>\n|j|\u2606tmgwta\n|j|\u2606VGCLTH <1000ELO\n|t:|1732215582\n|gametype|doubles\n|player|p1|tmgwta|265|1809\n|player|p2|VGCLTH <1000ELO|1|1793\n|teamsize|p1|6\n|teamsize|p2|6\n|gen|9\n|tier|[Gen 9] VGC 2024 Reg H\n|rated|\n|rule|Species Clause: Limit one of each Pok\u00e9mon\n|rule|Item Clause: Limit 1 of each item\n|clearpoke\n|poke|p1|Grimmsnarl, L50, M|\n|poke|p1|Annihilape, L50, F|\n|poke|p1|Dragonite, L50, M|\n|poke|p1|Whimsicott, L50, M|\n|poke|p1|Archaludon, L50, F|\n|poke|p1|Ursaluna-Bloodmoon, L50, M|\n|poke|p2|Dondozo, L50, M|\n|poke|p2|Tatsugiri, L50, F|\n|poke|p2|Dragonite, L50, M|\n|poke|p2|Gholdengo, L50|\n|poke|p2|Glimmora, L50, F|\n|poke|p2|Talonflame, L50, M|\n|teampreview|4\n|inactive|Battle timer is ON: inactive players will automatically lose when time's up. (requested by VGCLTH <1000ELO)\n|inactive|tmgwta also wants the timer to be on.\n|j| Meditate Golisopod\ntmgwta rejected open team sheets.\n|inactive|VGCLTH <1000ELO has 60 seconds left.\n|inactive|VGCLTH <1000ELO has 30 seconds left.\n|inactive|VGCLTH <1000ELO has 20 seconds left.\n|inactive|VGCLTH <1000ELO has 15 seconds left.\n|\n|t:|1732215659\n|start\n|switch|p1a: Annihilape|Annihilape, L50, F|100\/100\n|switch|p1b: Whimsicott|Whimsicott, L50, M|100\/100\n|switch|p2a: Dragonite|Dragonite, L50, M|100\/100\n|switch|p2b: Gholdengo|Gholdengo, L50|100\/100\n|turn|1\n|inactive|VGCLTH <1000ELO has 30 seconds left.\n|inactive|VGCLTH <1000ELO has 20 seconds left.\n|inactive|VGCLTH <1000ELO has 15 seconds left.\n|\n|t:|1732215702\n|move|p1b: Whimsicott|Beat Up|p1a: Annihilape\n|-damage|p1a: Annihilape|98\/100\n|-damage|p1a: Annihilape|96\/100\n|-damage|p1a: Annihilape|93\/100\n|-damage|p1a: Annihilape|91\/100\n|-hitcount|p1a: Annihilape|4\n|move|p1a: Annihilape|Rage Fist|p2b: Gholdengo\n|-supereffective|p2b: Gholdengo\n|-crit|p2b: Gholdengo\n|-damage|p2b: Gholdengo|0 fnt\n|faint|p2b: Gholdengo\n|move|p2a: Dragonite|Ice Spinner|p1b: Whimsicott\n|-supereffective|p1b: Whimsicott\n|-enditem|p1b: Whimsicott|Focus Sash\n|-damage|p1b: Whimsicott|1\/100\n|\n|upkeep\n|\n|t:|1732215716\n|switch|p2b: Tatsugiri|Tatsugiri, L50, F|100\/100\n|turn|2\n|\n|t:|1732215726\n|move|p1b: Whimsicott|Tailwind|p1b: Whimsicott\n|-sidestart|p1: tmgwta|move: Tailwind\n|move|p1a: Annihilape|Rage Fist|p2a: Dragonite\n|-damage|p2a: Dragonite|43\/100\n|move|p2b: Tatsugiri|Muddy Water|p1a: Annihilape|[spread] p1b\n|-miss|p2b: Tatsugiri|p1a: Annihilape\n|-resisted|p1b: Whimsicott\n|-damage|p1b: Whimsicott|0 fnt\n|faint|p1b: Whimsicott\n|move|p2a: Dragonite|Ice Spinner|p1a: Annihilape\n|-damage|p1a: Annihilape|45\/100\n|\n|upkeep\n|\n|t:|1732215738\n|switch|p1b: Dragonite|Dragonite, L50, M|100\/100\n|turn|3\n|inactive|VGCLTH <1000ELO has 30 seconds left.\n|inactive|tmgwta has 30 seconds left.\n|inactive|VGCLTH <1000ELO has 20 seconds left.\n|inactive|VGCLTH <1000ELO has 15 seconds left.\n|inactive|VGCLTH <1000ELO has 10 seconds left.\n|\n|t:|1732215787\n|switch|p2b: Dondozo|Dondozo, L50, M|100\/100\n|-terastallize|p1b: Dragonite|Water\n|-terastallize|p2a: Dragonite|Normal\n|move|p1a: Annihilape|Rage Fist|p2b: Dondozo\n|-damage|p2b: Dondozo|0 fnt\n|faint|p2b: Dondozo\n|move|p1b: Dragonite|Ice Spinner|p2a: Dragonite\n|-damage|p2a: Dragonite|13\/100\n|move|p2a: Dragonite|Ice Spinner|p1a: Annihilape\n|-damage|p1a: Annihilape|0 fnt\n|faint|p1a: Annihilape\n|\n|upkeep\n|\n|t:|1732215800\n|switch|p1a: Ursaluna|Ursaluna-Bloodmoon, L50, M|100\/100\n|switch|p2b: Tatsugiri|Tatsugiri, L50, F|100\/100\n|turn|4\n|\n|t:|1732215805\n|move|p1b: Dragonite|Extreme Speed|p2a: Dragonite\n|-damage|p2a: Dragonite|0 fnt\n|faint|p2a: Dragonite\n|move|p1a: Ursaluna|Blood Moon|p2b: Tatsugiri\n|-enditem|p2b: Tatsugiri|Focus Sash\n|-damage|p2b: Tatsugiri|1\/100\n|-damage|p1a: Ursaluna|91\/100|[from] item: Life Orb\n|move|p2b: Tatsugiri|Muddy Water|p1a: Ursaluna|[spread] p1a,p1b\n|-supereffective|p1a: Ursaluna\n|-resisted|p1b: Dragonite\n|-damage|p1a: Ursaluna|13\/100\n|-damage|p1b: Dragonite|93\/100\n|-unboost|p1b: Dragonite|accuracy|1\n|\n|upkeep\n|turn|5\n|\n|t:|1732215820\n|move|p2b: Tatsugiri|Protect|p2b: Tatsugiri\n|-singleturn|p2b: Tatsugiri|Protect\n|move|p1b: Dragonite|Haze|p1b: Dragonite\n|-clearallboost\n|move|p1a: Ursaluna|Hyper Voice|p2b: Tatsugiri\n|-activate|p2b: Tatsugiri|move: Protect\n|\n|-sideend|p1: tmgwta|move: Tailwind\n|upkeep\n|turn|6\n|-message|VGCLTH <1000ELO forfeited.\n|\n|win|tmgwta\n|raw|tmgwta's rating: 1809 &rarr; <strong>1828<\/strong><br \/>(+19 for winning)\n|raw|VGCLTH &lt;1000ELO's rating: 1793 &rarr; <strong>1774<\/strong><br \/>(-19 for losing)\n|l|\u2606VGCLTH <1000ELO\n|player|p2|\n|l|\u2606tmgwta\n|player|p1|\n","uploadtime":1732216010,"views":21,"formatid":"gen9vgc2024regh","rating":1774,"private":0,"password":null}