{"id":"gen9vgc2024regh-2248847106","format":"[Gen 9] VGC 2024 Reg H","players":["Amire","roykeenkennedy"],"log":"|j|\u2606Amire\n|j|\u2606roykeenkennedy\n|t:|1732269449\n|gametype|doubles\n|player|p1|Amire|flint|1635\n|player|p2|roykeenkennedy|alder|1788\n|teamsize|p1|6\n|teamsize|p2|6\n|gen|9\n|tier|[Gen 9] VGC 2024 Reg H\n|rated|\n|rule|Species Clause: Limit one of each Pok\u00e9mon\n|rule|Item Clause: Limit 1 of each item\n|clearpoke\n|poke|p1|Gholdengo, L50|\n|poke|p1|Stonjourner, L50, M|\n|poke|p1|Talonflame, L50, M|\n|poke|p1|Ursaluna-Bloodmoon, L50, M|\n|poke|p1|Dragonite, L50, M|\n|poke|p1|Rillaboom, L50, M|\n|poke|p2|Salamence, L50, M|\n|poke|p2|Incineroar, L50, M|\n|poke|p2|Weezing, L50, F|\n|poke|p2|Dragapult, L50, M|\n|poke|p2|Ursaluna-Bloodmoon, L50, M|\n|poke|p2|Volcarona, L50, F|\n|teampreview|4\n|inactive|Battle timer is ON: inactive players will automatically lose when time's up. (requested by Amire)\n|\n|t:|1732269475\n|start\n|switch|p1a: Stonjourner|Stonjourner, L50, M, shiny|100\/100\n|switch|p1b: Ursaluna|Ursaluna-Bloodmoon, L50, M|100\/100\n|switch|p2a: Weezing|Weezing, L50, F|100\/100\n|switch|p2b: Salamence|Salamence, L50, M|100\/100\n|-ability|p2a: Weezing|Neutralizing Gas\n|turn|1\n|\n|t:|1732269493\n|move|p2a: Weezing|Protect|p2a: Weezing\n|-singleturn|p2a: Weezing|Protect\n|move|p2b: Salamence|Breaking Swipe|p1b: Ursaluna|[spread] p1a,p1b\n|-damage|p1a: Stonjourner|81\/100\n|-damage|p1b: Ursaluna|83\/100\n|-unboost|p1a: Stonjourner|atk|1\n|-unboost|p1b: Ursaluna|atk|1\n|move|p1a: Stonjourner|Rock Slide|p2a: Weezing|[spread] p2b\n|-activate|p2a: Weezing|move: Protect\n|-supereffective|p2b: Salamence\n|-damage|p2b: Salamence|47\/100\n|move|p1b: Ursaluna|Blood Moon|p2b: Salamence\n|-damage|p2b: Salamence|0 fnt\n|faint|p2b: Salamence\n|\n|upkeep\n|\n|t:|1732269511\n|switch|p2b: Volcarona|Volcarona, L50, F|100\/100\n|turn|2\n|\n|t:|1732269524\n|-terastallize|p2b: Volcarona|Grass\n|move|p2b: Volcarona|Quiver Dance|p2b: Volcarona\n|-boost|p2b: Volcarona|spa|1\n|-boost|p2b: Volcarona|spd|1\n|-boost|p2b: Volcarona|spe|1\n|move|p1a: Stonjourner|Rock Slide|p2a: Weezing|[spread] p2a,p2b\n|-damage|p2a: Weezing|83\/100\n|-damage|p2b: Volcarona|76\/100\n|move|p2a: Weezing|Will-O-Wisp|p1a: Stonjourner\n|-status|p1a: Stonjourner|brn\n|move|p1b: Ursaluna|Earth Power|p2a: Weezing\n|-supereffective|p2a: Weezing\n|-damage|p2a: Weezing|0 fnt\n|faint|p2a: Weezing\n|-end|p2a: Weezing|ability: Neutralizing Gas\n|\n|-damage|p1a: Stonjourner|75\/100 brn|[from] brn\n|upkeep\n|j| Jalt the 5th\n|\n|t:|1732269543\n|switch|p2a: Incineroar|Incineroar, L50, M|100\/100\n|-ability|p2a: Incineroar|Intimidate|boost\n|-unboost|p1a: Stonjourner|atk|1\n|-unboost|p1b: Ursaluna|atk|1\n|turn|3\n|\n|t:|1732269562\n|move|p2b: Volcarona|Giga Drain|p1b: Ursaluna\n|-supereffective|p1b: Ursaluna\n|-damage|p1b: Ursaluna|0 fnt\n|-heal|p2b: Volcarona|100\/100|[from] drain|[of] p1b: Ursaluna\n|faint|p1b: Ursaluna\n|move|p1a: Stonjourner|Rock Slide|p2b: Volcarona|[spread] p2a\n|-miss|p1a: Stonjourner|p2b: Volcarona\n|-supereffective|p2a: Incineroar\n|-crit|p2a: Incineroar\n|-damage|p2a: Incineroar|60\/100\n|move|p2a: Incineroar|Knock Off|p1a: Stonjourner\n|-damage|p1a: Stonjourner|46\/100 brn\n|-enditem|p1a: Stonjourner|Focus Sash|[from] move: Knock Off|[of] p2a: Incineroar\n|\n|-damage|p1a: Stonjourner|40\/100 brn|[from] brn\n|upkeep\n|\n|t:|1732269571\n|switch|p1b: Dragonite|Dragonite, L50, M|100\/100\n|turn|4\n|\n|t:|1732269588\n|move|p1a: Stonjourner|Protect|p1a: Stonjourner\n|-singleturn|p1a: Stonjourner|Protect\n|move|p2b: Volcarona|Heat Wave|p1a: Stonjourner|[spread] p1b\n|-activate|p1a: Stonjourner|move: Protect\n|-resisted|p1b: Dragonite\n|-damage|p1b: Dragonite|86\/100\n|move|p1b: Dragonite|Scale Shot|p2a: Incineroar\n|-damage|p2a: Incineroar|41\/100\n|-damage|p2a: Incineroar|23\/100\n|-damage|p2a: Incineroar|5\/100\n|-damage|p2a: Incineroar|0 fnt\n|faint|p2a: Incineroar\n|-hitcount|p2: Incineroar|4\n|-unboost|p1b: Dragonite|def|1\n|-boost|p1b: Dragonite|spe|1\n|\n|-damage|p1a: Stonjourner|34\/100 brn|[from] brn\n|upkeep\n|turn|5\n|\n|t:|1732269609\n|move|p1a: Stonjourner|Wide Guard|p1a: Stonjourner\n|-singleturn|p1a: Stonjourner|Wide Guard\n|move|p2b: Volcarona|Heat Wave|p1b: Dragonite|[spread] \n|-activate|p1a: Stonjourner|move: Wide Guard\n|-activate|p1b: Dragonite|move: Wide Guard\n|move|p1b: Dragonite|Scale Shot|p2b: Volcarona\n|-damage|p2b: Volcarona|78\/100\n|-damage|p2b: Volcarona|53\/100\n|-damage|p2b: Volcarona|28\/100\n|-damage|p2b: Volcarona|5\/100\n|-damage|p2b: Volcarona|0 fnt\n|faint|p2b: Volcarona\n|-hitcount|p2: Volcarona|5\n|\n|win|Amire\n|raw|Amire's rating: 1635 &rarr; <strong>1663<\/strong><br \/>(+28 for winning)\n|raw|roykeenkennedy's rating: 1788 &rarr; <strong>1760<\/strong><br \/>(-28 for losing)\n|l|\u2606roykeenkennedy\n|player|p2|\n|l|\u2606Amire\n|player|p1|\n|l| Jalt the 5th\n","uploadtime":1732269765,"views":8,"formatid":"gen9vgc2024regh","rating":1663,"private":0,"password":null}