{"id":"gen9vgc2024regh-2248493315","format":"[Gen 9] VGC 2024 Reg H","players":["Brave12223","VGCLTH <1000ELO"],"log":"|raw|<div class=\"broadcast-blue\"><strong>This battle is required to be public due to a player having a name starting with 'vgclth'.<\/div>\n|j|\u2606Brave12223\n|j|\u2606VGCLTH <1000ELO\n|t:|1732219740\n|gametype|doubles\n|player|p1|Brave12223|colress|1686\n|player|p2|VGCLTH <1000ELO|1|1729\n|teamsize|p1|6\n|teamsize|p2|6\n|gen|9\n|tier|[Gen 9] VGC 2024 Reg H\n|rated|\n|rule|Species Clause: Limit one of each Pok\u00e9mon\n|rule|Item Clause: Limit 1 of each item\n|clearpoke\n|poke|p1|Tyranitar, L50, F|\n|poke|p1|Gastrodon, L50, M|\n|poke|p1|Garchomp, L50, F|\n|poke|p1|Talonflame, L50, F|\n|poke|p1|Tsareena, L50, F|\n|poke|p1|Kingambit, L50, M|\n|poke|p2|Dondozo, L50, M|\n|poke|p2|Tatsugiri, L50, M|\n|poke|p2|Dragonite, L50, M|\n|poke|p2|Gholdengo, L50|\n|poke|p2|Glimmora, L50, F|\n|poke|p2|Talonflame, L50, F|\n|teampreview|4\n|inactive|Battle timer is ON: inactive players will automatically lose when time's up. (requested by VGCLTH <1000ELO)\n|\n|t:|1732219765\n|start\n|switch|p1a: Talonflame|Talonflame, L50, F|100\/100\n|switch|p1b: Tsareena|Tsareena, L50, F|100\/100\n|switch|p2a: Dragonite|Dragonite, L50, M|100\/100\n|switch|p2b: Gholdengo|Gholdengo, L50|100\/100\n|turn|1\n|\n|t:|1732219779\n|move|p1a: Talonflame|Tailwind|p1a: Talonflame\n|-sidestart|p1: Brave12223|move: Tailwind\n|move|p1b: Tsareena|Triple Axel|p2a: Dragonite\n|-supereffective|p2a: Dragonite\n|-damage|p2a: Dragonite|87\/100\n|-supereffective|p2a: Dragonite\n|-damage|p2a: Dragonite|35\/100\n|-supereffective|p2a: Dragonite\n|-damage|p2a: Dragonite|0 fnt\n|faint|p2a: Dragonite\n|-hitcount|p2: Dragonite|3\n|move|p2b: Gholdengo|Power Gem|p1a: Talonflame\n|-supereffective|p1a: Talonflame\n|-damage|p1a: Talonflame|0 fnt\n|faint|p1a: Talonflame\n|\n|upkeep\n|\n|t:|1732219791\n|switch|p1a: Garchomp|Garchomp, L50, F|100\/100\n|switch|p2a: Dondozo|Dondozo, L50, M|100\/100\n|turn|2\n|j| kyo9t\n|\n|t:|1732219797\n|switch|p1b: Gastrodon|Gastrodon, L50, M|100\/100\n|switch|p2b: Tatsugiri|Tatsugiri, L50, M|100\/100\n|-activate|p2b: Tatsugiri|ability: Commander|[of] p2a: Dondozo\n|-boost|p2a: Dondozo|atk|2\n|-boost|p2a: Dondozo|spa|2\n|-boost|p2a: Dondozo|spe|2\n|-boost|p2a: Dondozo|def|2\n|-boost|p2a: Dondozo|spd|2\n|-terastallize|p2a: Dondozo|Grass\n|move|p1a: Garchomp|Stomping Tantrum|p2b: Tatsugiri|[miss]\n|-miss|p1a: Garchomp|p2b: Tatsugiri\n|move|p2a: Dondozo|Order Up|p1b: Gastrodon\n|-damage|p1b: Gastrodon|48\/100\n|-enditem|p1b: Gastrodon|Sitrus Berry|[eat]\n|-heal|p1b: Gastrodon|73\/100|[from] item: Sitrus Berry\n|-boost|p2a: Dondozo|atk|1\n|\n|upkeep\n|turn|3\n|\n|t:|1732219810\n|switch|p1a: Tsareena|Tsareena, L50, F|100\/100\n|move|p2a: Dondozo|Order Up|p1b: Gastrodon\n|-damage|p1b: Gastrodon|17\/100\n|-boost|p2a: Dondozo|atk|1\n|move|p1b: Gastrodon|Clear Smog|p2a: Dondozo\n|-supereffective|p2a: Dondozo\n|-damage|p2a: Dondozo|86\/100\n|-clearboost|p2a: Dondozo\n|\n|-heal|p2a: Dondozo|92\/100|[from] item: Leftovers\n|upkeep\n|turn|4\n|\n|t:|1732219822\n|move|p2a: Dondozo|Protect|p2a: Dondozo\n|-singleturn|p2a: Dondozo|Protect\n|move|p1a: Tsareena|Triple Axel|p2a: Dondozo\n|-activate|p2a: Dondozo|move: Protect\n|move|p1b: Gastrodon|Ice Beam|p2a: Dondozo\n|-activate|p2a: Dondozo|move: Protect\n|\n|-heal|p2a: Dondozo|99\/100|[from] item: Leftovers\n|-sideend|p1: Brave12223|move: Tailwind\n|upkeep\n|turn|5\n|\n|t:|1732219831\n|move|p1b: Gastrodon|Protect|p1b: Gastrodon\n|-singleturn|p1b: Gastrodon|Protect\n|move|p1a: Tsareena|Triple Axel|p2a: Dondozo\n|-supereffective|p2a: Dondozo\n|-damage|p2a: Dondozo|88\/100\n|-supereffective|p2a: Dondozo\n|-damage|p2a: Dondozo|69\/100\n|-supereffective|p2a: Dondozo\n|-damage|p2a: Dondozo|42\/100\n|-hitcount|p2a: Dondozo|3\n|move|p2a: Dondozo|Earthquake|p1a: Tsareena|[spread] p1a\n|-miss|p2a: Dondozo|p2b: Tatsugiri\n|-activate|p1b: Gastrodon|move: Protect\n|-resisted|p1a: Tsareena\n|-crit|p1a: Tsareena\n|-damage|p1a: Tsareena|78\/100\n|\n|-heal|p2a: Dondozo|48\/100|[from] item: Leftovers\n|upkeep\n|turn|6\n|\n|t:|1732219844\n|move|p1a: Tsareena|Triple Axel|p2a: Dondozo\n|-supereffective|p2a: Dondozo\n|-damage|p2a: Dondozo|37\/100\n|-supereffective|p2a: Dondozo\n|-damage|p2a: Dondozo|17\/100\n|-supereffective|p2a: Dondozo\n|-damage|p2a: Dondozo|0 fnt\n|faint|p2a: Dondozo\n|-hitcount|p2: Dondozo|3\n|move|p1b: Gastrodon|Earth Power|p2b: Tatsugiri\n|-damage|p2b: Tatsugiri|59\/100\n|\n|upkeep\n|\n|t:|1732219847\n|switch|p2a: Gholdengo|Gholdengo, L50|100\/100\n|turn|7\n|j| futonkagebunshin\n|inactive|VGCLTH <1000ELO has 30 seconds left.\n|\n|t:|1732219875\n|move|p2b: Tatsugiri|Dragon Pulse|p1a: Tsareena\n|-damage|p1a: Tsareena|25\/100\n|move|p1a: Tsareena|Power Whip|p2b: Tatsugiri\n|-damage|p2b: Tatsugiri|0 fnt\n|faint|p2b: Tatsugiri\n|move|p2a: Gholdengo|Make It Rain|p1b: Gastrodon|[spread] p1a,p1b\n|-resisted|p1b: Gastrodon\n|-damage|p1a: Tsareena|0 fnt\n|-damage|p1b: Gastrodon|0 fnt\n|-unboost|p2a: Gholdengo|spa|1\n|faint|p1a: Tsareena\n|faint|p1b: Gastrodon\n|\n|upkeep\n|\n|t:|1732219880\n|switch|p1b: Garchomp|Garchomp, L50, F|100\/100\n|turn|8\n|\n|t:|1732219882\n|-terastallize|p1b: Garchomp|Ground\n|move|p1b: Garchomp|Earthquake|p2a: Gholdengo\n|-supereffective|p2a: Gholdengo\n|-damage|p2a: Gholdengo|0 fnt\n|faint|p2a: Gholdengo\n|\n|win|Brave12223\n|raw|Brave12223's rating: 1686 &rarr; <strong>1708<\/strong><br \/>(+22 for winning)\n|raw|VGCLTH &lt;1000ELO's rating: 1729 &rarr; <strong>1707<\/strong><br \/>(-22 for losing)\n|l|\u2606VGCLTH <1000ELO\n|player|p2|\n|l|\u2606Brave12223\n|player|p1|\n","uploadtime":1732220033,"views":17,"formatid":"gen9vgc2024regh","rating":1707,"private":0,"password":null}