{"id":"gen9vgc2024regh-2248451314","format":"[Gen 9] VGC 2024 Reg H","players":["reg g rock","zip520520"],"log":"|j|\u2606reg g rock\n|j|\u2606zip520520\n|t:|1732215758\n|gametype|doubles\n|player|p1|reg g rock|grusha|1744\n|player|p2|zip520520|170|1837\n|teamsize|p1|6\n|teamsize|p2|6\n|gen|9\n|tier|[Gen 9] VGC 2024 Reg H\n|rated|\n|rule|Species Clause: Limit one of each Pok\u00e9mon\n|rule|Item Clause: Limit 1 of each item\n|clearpoke\n|poke|p1|Garchomp, L50, M|\n|poke|p1|Jumpluff, L50, M|\n|poke|p1|Torkoal, L50, F|\n|poke|p1|Dragonite, L50, F|\n|poke|p1|Kingambit, L50, F|\n|poke|p1|Typhlosion-Hisui, L50, F|\n|poke|p2|Gholdengo, L50|\n|poke|p2|Garchomp, L50, M|\n|poke|p2|Glimmora, L50, F|\n|poke|p2|Tyranitar, L50, F|\n|poke|p2|Primarina, L50, F|\n|poke|p2|Sinistcha, L50|\n|teampreview|4\n|inactive|Battle timer is ON: inactive players will automatically lose when time's up. (requested by reg g rock)\n|inactive|zip520520 has 60 seconds left.\n|j| Former Fang\n|inactive|zip520520 has 30 seconds left.\n|\n|t:|1732215819\n|start\n|switch|p1a: Garchomp|Garchomp, L50, M|100\/100\n|switch|p1b: Dragonite|Dragonite, L50, F|100\/100\n|switch|p2a: Garchomp|Garchomp, L50, M|100\/100\n|switch|p2b: Glimmora|Glimmora, L50, F|100\/100\n|turn|1\n|\n|t:|1732215842\n|-terastallize|p2a: Garchomp|Fairy\n|-terastallize|p1b: Dragonite|Fairy\n|move|p1a: Garchomp|Protect|p1a: Garchomp\n|-singleturn|p1a: Garchomp|Protect\n|move|p2a: Garchomp|Breaking Swipe|p1b: Dragonite|[spread] \n|-activate|p1a: Garchomp|move: Protect\n|-immune|p1b: Dragonite\n|move|p2b: Glimmora|Toxic|p1a: Garchomp\n|-activate|p1a: Garchomp|move: Protect\n|move|p1b: Dragonite|Scale Shot|p2b: Glimmora\n|-damage|p2b: Glimmora|82\/100\n|-activate|p2b: Glimmora|ability: Toxic Debris\n|-sidestart|p1: reg g rock|move: Toxic Spikes\n|-damage|p2b: Glimmora|63\/100\n|-activate|p2b: Glimmora|ability: Toxic Debris\n|-sidestart|p1: reg g rock|move: Toxic Spikes\n|-damage|p2b: Glimmora|45\/100\n|-damage|p2b: Glimmora|28\/100\n|-damage|p2b: Glimmora|11\/100\n|-hitcount|p2b: Glimmora|5\n|-unboost|p1b: Dragonite|def|1\n|-boost|p1b: Dragonite|spe|1\n|\n|upkeep\n|turn|2\n|inactive|reg g rock has 30 seconds left.\n|inactive|zip520520 has 30 seconds left.\n|inactive|zip520520 has 20 seconds left.\n|inactive|zip520520 has 15 seconds left.\n|\n|t:|1732215885\n|move|p1b: Dragonite|Protect|p1b: Dragonite\n|-singleturn|p1b: Dragonite|Protect\n|move|p2b: Glimmora|Spiky Shield|p2b: Glimmora\n|-singleturn|p2b: Glimmora|move: Protect\n|move|p1a: Garchomp|Earthquake|p2b: Glimmora|[spread] p2a\n|-activate|p1b: Dragonite|move: Protect\n|-activate|p2b: Glimmora|move: Protect\n|-damage|p2a: Garchomp|49\/100\n|-damage|p1a: Garchomp|91\/100|[from] item: Life Orb\n|move|p2a: Garchomp|Breaking Swipe|p1b: Dragonite|[spread] p1a\n|-activate|p1b: Dragonite|move: Protect\n|-supereffective|p1a: Garchomp\n|-damage|p1a: Garchomp|41\/100\n|-unboost|p1a: Garchomp|atk|1\n|-damage|p2a: Garchomp|37\/100|[from] ability: Rough Skin|[of] p1a: Garchomp\n|\n|-heal|p2a: Garchomp|43\/100|[from] item: Leftovers\n|upkeep\n|turn|3\n|inactive|zip520520 has 30 seconds left.\n|inactive|zip520520 has 20 seconds left.\n|inactive|zip520520 has 15 seconds left.\n|inactive|reg g rock has 30 seconds left.\n|inactive|zip520520 has 10 seconds left.\n|\n|t:|1732215933\n|move|p2a: Garchomp|Protect|p2a: Garchomp\n|-singleturn|p2a: Garchomp|Protect\n|move|p1b: Dragonite|Extreme Speed|p2b: Glimmora\n|-resisted|p2b: Glimmora\n|-damage|p2b: Glimmora|0 fnt\n|faint|p2b: Glimmora\n|move|p1a: Garchomp|Stomping Tantrum|p2a: Garchomp\n|-activate|p2a: Garchomp|move: Protect\n|\n|-heal|p2a: Garchomp|49\/100|[from] item: Leftovers\n|upkeep\n|\n|t:|1732215946\n|switch|p2b: Sinistcha|Sinistcha, L50|100\/100\n|-heal|p2a: Garchomp|74\/100|[from] ability: Hospitality|[of] p2b: Sinistcha\n|turn|4\n|\n|t:|1732215968\n|switch|p1a: Kingambit|Kingambit, L50, F|100\/100\n|move|p1b: Dragonite|Extreme Speed|p2a: Garchomp\n|-damage|p2a: Garchomp|40\/100\n|move|p2a: Garchomp|Breaking Swipe|p1b: Dragonite|[spread] p1a\n|-immune|p1b: Dragonite\n|-resisted|p1a: Kingambit\n|-damage|p1a: Kingambit|92\/100\n|-unboost|p1a: Kingambit|atk|1\n|-ability|p1a: Kingambit|Defiant|boost\n|-boost|p1a: Kingambit|atk|2\n|move|p2b: Sinistcha|Matcha Gotcha|p1a: Kingambit|[spread] p1a,p1b\n|-resisted|p1a: Kingambit\n|-damage|p1a: Kingambit|84\/100\n|-damage|p1b: Dragonite|87\/100\n|-status|p1b: Dragonite|brn\n|\n|-heal|p2a: Garchomp|46\/100|[from] item: Leftovers\n|-damage|p1b: Dragonite|81\/100 brn|[from] brn\n|upkeep\n|turn|5\n|inactive|zip520520 has 30 seconds left.\n|inactive|zip520520 has 20 seconds left.\n|\n|t:|1732216004\n|move|p1b: Dragonite|Extreme Speed|p2a: Garchomp\n|-damage|p2a: Garchomp|31\/100\n|move|p2a: Garchomp|Substitute|p2a: Garchomp\n|-start|p2a: Garchomp|Substitute\n|-damage|p2a: Garchomp|6\/100\n|move|p1a: Kingambit|Assurance|p2b: Sinistcha\n|-supereffective|p2b: Sinistcha\n|-damage|p2b: Sinistcha|13\/100\n|-enditem|p2b: Sinistcha|Sitrus Berry|[eat]\n|-heal|p2b: Sinistcha|38\/100|[from] item: Sitrus Berry\n|move|p2b: Sinistcha|Life Dew|p2b: Sinistcha|[spread] p2a,p2b\n|-heal|p2a: Garchomp|31\/100\n|-heal|p2b: Sinistcha|63\/100\n|\n|-heal|p2a: Garchomp|37\/100|[from] item: Leftovers\n|-damage|p1b: Dragonite|75\/100 brn|[from] brn\n|upkeep\n|turn|6\n|\n|t:|1732216029\n|switch|p2b: Tyranitar|Tyranitar, L50, F|100\/100\n|-weather|Sandstorm|[from] ability: Sand Stream|[of] p2b: Tyranitar\n|move|p2a: Garchomp|Protect|p2a: Garchomp\n|-singleturn|p2a: Garchomp|Protect\n|move|p1b: Dragonite|Extreme Speed|p2a: Garchomp\n|-activate|p2a: Garchomp|move: Protect\n|move|p1a: Kingambit|Assurance|p2b: Tyranitar\n|-resisted|p2b: Tyranitar\n|-damage|p2b: Tyranitar|81\/100\n|\n|-weather|Sandstorm|[upkeep]\n|-damage|p1b: Dragonite|69\/100 brn|[from] Sandstorm\n|-heal|p2a: Garchomp|43\/100|[from] item: Leftovers\n|-damage|p1b: Dragonite|63\/100 brn|[from] brn\n|upkeep\n|turn|7\n|inactive|reg g rock has 30 seconds left.\n|inactive|reg g rock has 20 seconds left.\n|inactive|reg g rock has 15 seconds left.\n|\n|t:|1732216069\n|move|p1b: Dragonite|Extreme Speed|p2a: Garchomp\n|-activate|p2a: Garchomp|move: Substitute|[damage]\n|move|p2a: Garchomp|Stomping Tantrum|p1b: Dragonite\n|-damage|p1b: Dragonite|0 fnt\n|faint|p1b: Dragonite\n|move|p1a: Kingambit|Iron Head|p2b: Tyranitar\n|-supereffective|p2b: Tyranitar\n|-damage|p2b: Tyranitar|0 fnt\n|faint|p2b: Tyranitar\n|\n|-weather|Sandstorm|[upkeep]\n|-heal|p2a: Garchomp|49\/100|[from] item: Leftovers\n|upkeep\n|j| kyo9t\n|\n|t:|1732216084\n|switch|p1b: Garchomp|Garchomp, L50, M|41\/100\n|switch|p2b: Sinistcha|Sinistcha, L50|63\/100\n|-status|p1b: Garchomp|tox\n|-heal|p2a: Garchomp|74\/100|[from] ability: Hospitality|[of] p2b: Sinistcha\n|turn|8\n|\n|t:|1732216099\n|move|p1b: Garchomp|Stomping Tantrum|p2a: Garchomp\n|-crit|p2a: Garchomp\n|-end|p2a: Garchomp|Substitute\n|-damage|p1b: Garchomp|31\/100 tox|[from] item: Life Orb\n|move|p2a: Garchomp|Stomping Tantrum|p1a: Kingambit\n|-supereffective|p1a: Kingambit\n|-damage|p1a: Kingambit|23\/100\n|move|p1a: Kingambit|Assurance|p2b: Sinistcha\n|-supereffective|p2b: Sinistcha\n|-damage|p2b: Sinistcha|0 fnt\n|faint|p2b: Sinistcha\n|\n|-weather|Sandstorm|[upkeep]\n|-heal|p2a: Garchomp|80\/100|[from] item: Leftovers\n|-damage|p1b: Garchomp|25\/100 tox|[from] psn\n|upkeep\n|turn|9\n|\n|t:|1732216120\n|move|p2a: Garchomp|Protect|p2a: Garchomp\n|-singleturn|p2a: Garchomp|Protect\n|move|p1a: Kingambit|Sucker Punch||[still]\n|-fail|p1a: Kingambit\n|move|p1b: Garchomp|Stomping Tantrum|p2a: Garchomp\n|-activate|p2a: Garchomp|move: Protect\n|\n|-weather|Sandstorm|[upkeep]\n|-heal|p2a: Garchomp|86\/100|[from] item: Leftovers\n|-damage|p1b: Garchomp|13\/100 tox|[from] psn\n|upkeep\n|turn|10\n|\n|t:|1732216136\n|move|p1a: Kingambit|Sucker Punch||[still]\n|-fail|p1a: Kingambit\n|move|p2a: Garchomp|Substitute|p2a: Garchomp\n|-start|p2a: Garchomp|Substitute\n|-damage|p2a: Garchomp|61\/100\n|move|p1b: Garchomp|Stomping Tantrum|p2a: Garchomp\n|-end|p2a: Garchomp|Substitute\n|-damage|p1b: Garchomp|3\/100 tox|[from] item: Life Orb\n|\n|-weather|none\n|-heal|p2a: Garchomp|67\/100|[from] item: Leftovers\n|-damage|p1b: Garchomp|0 fnt|[from] psn\n|faint|p1b: Garchomp\n|upkeep\n|\n|t:|1732216141\n|switch|p1b: Typhlosion|Typhlosion-Hisui, L50, F|100\/100\n|-status|p1b: Typhlosion|tox\n|turn|11\n|\n|t:|1732216155\n|move|p2a: Garchomp|Protect|p2a: Garchomp\n|-singleturn|p2a: Garchomp|Protect\n|move|p1b: Typhlosion|Overheat|p2a: Garchomp\n|-activate|p2a: Garchomp|move: Protect\n|move|p1a: Kingambit|Iron Head|p2a: Garchomp\n|-activate|p2a: Garchomp|move: Protect\n|\n|-heal|p2a: Garchomp|73\/100|[from] item: Leftovers\n|-damage|p1b: Typhlosion|94\/100 tox|[from] psn\n|upkeep\n|turn|12\n|\n|t:|1732216180\n|move|p2a: Garchomp|Stomping Tantrum|p1a: Kingambit\n|-supereffective|p1a: Kingambit\n|-damage|p1a: Kingambit|0 fnt\n|faint|p1a: Kingambit\n|move|p1b: Typhlosion|Overheat|p2a: Garchomp\n|-damage|p2a: Garchomp|0 fnt\n|-unboost|p1b: Typhlosion|spa|2\n|faint|p2a: Garchomp\n|\n|win|reg g rock\n|raw|reg g rock's rating: 1744 &rarr; <strong>1769<\/strong><br \/>(+25 for winning)\n|raw|zip520520's rating: 1837 &rarr; <strong>1812<\/strong><br \/>(-25 for losing)\n|l| Former Fang\n|l|\u2606zip520520\n|player|p2|\n|l|\u2606reg g rock\n|player|p1|\n","uploadtime":1732216425,"views":14,"formatid":"gen9vgc2024regh","rating":1769,"private":0,"password":null}