{"id":"gen9vgc2024regh-2248417226","format":"[Gen 9] VGC 2024 Reg H","players":["Amphinoben","VGCLTH <1000ELO"],"log":"|raw|<div class=\"broadcast-blue\"><strong>This battle is required to be public due to a player having a name starting with 'vgclth'.<\/div>\n|j|\u2606Amphinoben\n|j|\u2606VGCLTH <1000ELO\n|t:|1732212573\n|gametype|doubles\n|player|p1|Amphinoben|benga|1742\n|player|p2|VGCLTH <1000ELO|1|1872\n|teamsize|p1|6\n|teamsize|p2|6\n|gen|9\n|tier|[Gen 9] VGC 2024 Reg H\n|rated|\n|rule|Species Clause: Limit one of each Pok\u00e9mon\n|rule|Item Clause: Limit 1 of each item\n|clearpoke\n|poke|p1|Palafin, L50, M|\n|poke|p1|Incineroar, L50, M|\n|poke|p1|Pelipper, L50, M|\n|poke|p1|Archaludon, L50, M|\n|poke|p1|Rillaboom, L50, M|\n|poke|p1|Sneasler, L50, F|\n|poke|p2|Dondozo, L50, M|\n|poke|p2|Tatsugiri, L50, M|\n|poke|p2|Dragonite, L50, M|\n|poke|p2|Gholdengo, L50|\n|poke|p2|Glimmora, L50, F|\n|poke|p2|Talonflame, L50, F|\n|teampreview|4\n|inactive|Battle timer is ON: inactive players will automatically lose when time's up. (requested by VGCLTH <1000ELO)\nAmphinoben has agreed to open team sheets.\nVGCLTH <1000ELO has agreed to open team sheets.\n|inactive|Amphinoben has 30 seconds left.\n|inactive|VGCLTH <1000ELO has 30 seconds left.\n|inactive|Amphinoben has 20 seconds left.\n|inactive|VGCLTH <1000ELO has 20 seconds left.\n|inactive|Amphinoben has 15 seconds left.\n|inactive|VGCLTH <1000ELO has 15 seconds left.\n|inactive|VGCLTH <1000ELO has 10 seconds left.\n|\n|t:|1732212629\n|start\n|switch|p1a: Palafin|Palafin, L50, M|100\/100\n|switch|p1b: Incineroar|Incineroar, L50, M, shiny|100\/100\n|switch|p2a: Talonflame|Talonflame, L50, F|100\/100\n|switch|p2b: Dragonite|Dragonite, L50, M|100\/100\n|-ability|p1b: Incineroar|Intimidate|boost\n|-unboost|p2a: Talonflame|atk|1\n|-unboost|p2b: Dragonite|atk|1\n|turn|1\n|inactive|Amphinoben has 30 seconds left.\n|inactive|Amphinoben has 20 seconds left.\n|inactive|Amphinoben has 15 seconds left.\n|\n|t:|1732212669\n|detailschange|p1a: Palafin|Palafin-Hero, L50, M\n|switch|p1a: Archaludon|Archaludon, L50, M, shiny|100\/100\n|move|p2a: Talonflame|Brave Bird|p1a: Archaludon\n|-resisted|p1a: Archaludon\n|-damage|p1a: Archaludon|87\/100\n|-ability|p1a: Archaludon|Stamina|boost\n|-boost|p1a: Archaludon|def|1\n|-damage|p2a: Talonflame|95\/100|[from] Recoil\n|move|p2b: Dragonite|Earthquake|p1b: Incineroar|[spread] p1a,p1b\n|-immune|p2a: Talonflame\n|-supereffective|p1a: Archaludon\n|-supereffective|p1b: Incineroar\n|-damage|p1a: Archaludon|57\/100\n|-damage|p1b: Incineroar|48\/100\n|-ability|p1a: Archaludon|Stamina|boost\n|-boost|p1a: Archaludon|def|1\n|move|p1b: Incineroar|Will-O-Wisp|p2b: Dragonite\n|-status|p2b: Dragonite|brn\n|\n|-damage|p2b: Dragonite|94\/100 brn|[from] brn\n|upkeep\n|turn|2\n|inactive|Amphinoben has 30 seconds left.\n|\n|t:|1732212700\n|switch|p1b: Pelipper|Pelipper, L50, M|100\/100\n|-weather|RainDance|[from] ability: Drizzle|[of] p1b: Pelipper\n|move|p2a: Talonflame|Tailwind|p2a: Talonflame\n|-sidestart|p2: VGCLTH <1000ELO|move: Tailwind\n|move|p2b: Dragonite|Earthquake|p1a: Archaludon|[spread] p1a\n|-immune|p2a: Talonflame\n|-immune|p1b: Pelipper\n|-supereffective|p1a: Archaludon\n|-damage|p1a: Archaludon|46\/100\n|-ability|p1a: Archaludon|Stamina|boost\n|-boost|p1a: Archaludon|def|1\n|move|p1a: Archaludon|Electro Shot||[still]\n|-prepare|p1a: Archaludon|Electro Shot\n|-boost|p1a: Archaludon|spa|1\n|-anim|p1a: Archaludon|Electro Shot|p2a: Talonflame\n|-supereffective|p2a: Talonflame\n|-damage|p2a: Talonflame|0 fnt\n|faint|p2a: Talonflame\n|\n|-weather|RainDance|[upkeep]\n|-damage|p2b: Dragonite|88\/100 brn|[from] brn\n|upkeep\n|inactive|VGCLTH <1000ELO has 30 seconds left.\n|inactive|VGCLTH <1000ELO has 20 seconds left.\n|inactive|VGCLTH <1000ELO has 15 seconds left.\n|inactive|VGCLTH <1000ELO has 10 seconds left.\n|\n|t:|1732212749\n|switch|p2a: Tatsugiri|Tatsugiri, L50, M|100\/100\n|turn|3\n|inactive|VGCLTH <1000ELO has 30 seconds left.\n|inactive|VGCLTH <1000ELO has 20 seconds left.\n|\n|t:|1732212786\n|move|p2a: Tatsugiri|Draco Meteor|p1a: Archaludon\n|-damage|p1a: Archaludon|0 fnt\n|-unboost|p2a: Tatsugiri|spa|2\n|faint|p1a: Archaludon\n|move|p2b: Dragonite|Earthquake|p1b: Pelipper|[spread] p2a\n|-immune|p1b: Pelipper\n|-damage|p2a: Tatsugiri|73\/100\n|move|p1b: Pelipper|Tailwind|p1b: Pelipper\n|-sidestart|p1: Amphinoben|move: Tailwind\n|\n|-weather|RainDance|[upkeep]\n|-damage|p2b: Dragonite|82\/100 brn|[from] brn\n|upkeep\n|\n|t:|1732212808\n|switch|p1a: Palafin|Palafin-Hero, L50, M|100\/100\n|-activate|p1a: Palafin|ability: Zero to Hero\n|turn|4\n|inactive|Amphinoben has 30 seconds left.\n|\n|t:|1732212835\n|move|p1a: Palafin|Protect|p1a: Palafin\n|-singleturn|p1a: Palafin|Protect\n|move|p2a: Tatsugiri|Muddy Water|p1a: Palafin|[spread] p1b\n|-activate|p1a: Palafin|move: Protect\n|-resisted|p1b: Pelipper\n|-damage|p1b: Pelipper|78\/100\n|move|p1b: Pelipper|Hurricane|p2b: Dragonite\n|-damage|p2b: Dragonite|40\/100 brn\n|-start|p2b: Dragonite|confusion\n|-activate|p2b: Dragonite|confusion\n|move|p2b: Dragonite|Earthquake|p1a: Palafin|[spread] p2a\n|-activate|p1a: Palafin|move: Protect\n|-immune|p1b: Pelipper\n|-damage|p2a: Tatsugiri|46\/100\n|\n|-weather|RainDance|[upkeep]\n|-damage|p2b: Dragonite|34\/100 brn|[from] brn\n|upkeep\n|turn|5\n|j| drive stone\n|inactive|Amphinoben has 30 seconds left.\n|inactive|VGCLTH <1000ELO has 30 seconds left.\n|\n|t:|1732212868\n|-terastallize|p1a: Palafin|Water\n|move|p2a: Tatsugiri|Protect|p2a: Tatsugiri\n|-singleturn|p2a: Tatsugiri|Protect\n|move|p1a: Palafin|Wave Crash|p2b: Dragonite\n|-resisted|p2b: Dragonite\n|-damage|p2b: Dragonite|0 fnt\n|faint|p2b: Dragonite\n|-damage|p1a: Palafin|89\/100|[from] Recoil\n|move|p1b: Pelipper|Hurricane|p2a: Tatsugiri\n|-activate|p2a: Tatsugiri|move: Protect\n|\n|-weather|RainDance|[upkeep]\n|-sideend|p2: VGCLTH <1000ELO|move: Tailwind\n|upkeep\n|l| drive stone\n|\n|t:|1732212870\n|switch|p2b: Dondozo|Dondozo, L50, M|100\/100\n|-activate|p2a: Tatsugiri|ability: Commander|[of] p2b: Dondozo\n|-boost|p2b: Dondozo|atk|2\n|-boost|p2b: Dondozo|spa|2\n|-boost|p2b: Dondozo|spe|2\n|-boost|p2b: Dondozo|def|2\n|-boost|p2b: Dondozo|spd|2\n|turn|6\n|\n|t:|1732212891\n|switch|p1b: Incineroar|Incineroar, L50, M, shiny|48\/100\n|-ability|p1b: Incineroar|Intimidate|boost\n|-unboost|p2a: Tatsugiri|atk|1\n|-unboost|p2b: Dondozo|atk|1\n|move|p1a: Palafin|Protect|p1a: Palafin\n|-singleturn|p1a: Palafin|Protect\n|move|p2b: Dondozo|Wave Crash|p1a: Palafin\n|-activate|p1a: Palafin|move: Protect\n|\n|-weather|none\n|-sideend|p1: Amphinoben|move: Tailwind\n|upkeep\n|turn|7\n|\n|t:|1732212901\n|move|p1b: Incineroar|Fake Out|p2b: Dondozo\n|-damage|p2b: Dondozo|96\/100\n|cant|p2b: Dondozo|flinch\n|move|p1a: Palafin|Haze|p1a: Palafin\n|-clearallboost\n|\n|-heal|p2b: Dondozo|100\/100|[from] item: Leftovers\n|upkeep\n|turn|8\n|\n|t:|1732212919\n|switch|p1b: Pelipper|Pelipper, L50, M|78\/100\n|-weather|RainDance|[from] ability: Drizzle|[of] p1b: Pelipper\n|move|p1a: Palafin|Wave Crash|p2b: Dondozo\n|-resisted|p2b: Dondozo\n|-crit|p2b: Dondozo\n|-damage|p2b: Dondozo|7\/100\n|-damage|p1a: Palafin|53\/100|[from] Recoil\n|move|p2b: Dondozo|Wave Crash|p1b: Pelipper\n|-resisted|p1b: Pelipper\n|-damage|p1b: Pelipper|24\/100\n|-damage|p2b: Dondozo|0 fnt|[from] Recoil\n|faint|p2b: Dondozo\n|\n|-weather|RainDance|[upkeep]\n|upkeep\n|turn|9\n|\n|t:|1732212941\n|move|p2a: Tatsugiri|Muddy Water|p1a: Palafin|[spread] p1a,p1b\n|-resisted|p1a: Palafin\n|-resisted|p1b: Pelipper\n|-damage|p1a: Palafin|24\/100\n|-damage|p1b: Pelipper|0 fnt\n|faint|p1b: Pelipper\n|move|p1a: Palafin|Wave Crash|p2a: Tatsugiri\n|-resisted|p2a: Tatsugiri\n|-damage|p2a: Tatsugiri|0 fnt\n|faint|p2a: Tatsugiri\n|-damage|p1a: Palafin|14\/100|[from] Recoil\n|\n|win|Amphinoben\n|raw|Amphinoben's rating: 1742 &rarr; <strong>1769<\/strong><br \/>(+27 for winning)\n|raw|VGCLTH &lt;1000ELO's rating: 1872 &rarr; <strong>1845<\/strong><br \/>(-27 for losing)\n|l|\u2606VGCLTH <1000ELO\n|player|p2|\n|l|\u2606Amphinoben\n|player|p1|\n","uploadtime":1732213081,"views":18,"formatid":"gen9vgc2024regh","rating":1769,"private":0,"password":null}