{"id":"gen9vgc2024regh-2248050742","format":"[Gen 9] VGC 2024 Reg H","players":["IMissGengar","ren122333"],"log":"|j|\u2606IMissGengar\n|j|\u2606ren122333\n|t:|1732162263\n|gametype|doubles\n|player|p1|IMissGengar|169|1686\n|player|p2|ren122333|hilbert|1751\n|teamsize|p1|6\n|teamsize|p2|6\n|gen|9\n|tier|[Gen 9] VGC 2024 Reg H\n|rated|\n|rule|Species Clause: Limit one of each Pok\u00e9mon\n|rule|Item Clause: Limit 1 of each item\n|clearpoke\n|poke|p1|Ninetales-Alola, L50, F|\n|poke|p1|Glaceon, L50, M|\n|poke|p1|Porygon2, L50|\n|poke|p1|Sneasler, L50, M|\n|poke|p1|Archaludon, L50, F|\n|poke|p1|Illumise, L50, F|\n|poke|p2|Whimsicott, L50, M|\n|poke|p2|Mamoswine, L50, M|\n|poke|p2|Lycanroc-Dusk, L50, F|\n|poke|p2|Typhlosion-Hisui, L50, F|\n|poke|p2|Farigiraf, L50, M|\n|poke|p2|Mienshao, L50, F|\n|teampreview|4\n|inactive|Battle timer is ON: inactive players will automatically lose when time's up. (requested by IMissGengar)\n|\n|t:|1732162280\n|start\n|switch|p1a: Illumise|Illumise, L50, F|100\/100\n|switch|p1b: Archaludon|Archaludon, L50, F|100\/100\n|switch|p2a: Whimsicott|Whimsicott, L50, M|100\/100\n|switch|p2b: Lycanroc|Lycanroc-Dusk, L50, F|100\/100\n|turn|1\n|\n|t:|1732162289\n|move|p2a: Whimsicott|Tailwind|p2a: Whimsicott\n|-sidestart|p2: ren122333|move: Tailwind\n|move|p1a: Illumise|Rain Dance|p1a: Illumise\n|-weather|RainDance\n|move|p2b: Lycanroc|Rock Slide|p1b: Archaludon|[spread] p1a,p1b\n|-supereffective|p1a: Illumise\n|-resisted|p1b: Archaludon\n|-damage|p1a: Illumise|0 fnt\n|-damage|p1b: Archaludon|82\/100\n|faint|p1a: Illumise\n|cant|p1b: Archaludon|flinch\n|\n|-weather|RainDance|[upkeep]\n|upkeep\n|\n|t:|1732162297\n|switch|p1a: Glaceon|Glaceon, L50, M|100\/100\n|turn|2\n|\n|t:|1732162304\n|-terastallize|p1a: Glaceon|Water\n|move|p2a: Whimsicott|Sunny Day|p2a: Whimsicott\n|-weather|SunnyDay\n|move|p2b: Lycanroc|Rock Slide|p1b: Archaludon|[spread] p1b\n|-miss|p2b: Lycanroc|p1a: Glaceon\n|-resisted|p1b: Archaludon\n|-damage|p1b: Archaludon|65\/100\n|cant|p1b: Archaludon|flinch\n|move|p1a: Glaceon|Blizzard|p2b: Lycanroc|[spread] p2a\n|-miss|p1a: Glaceon|p2b: Lycanroc\n|-supereffective|p2a: Whimsicott\n|-enditem|p2a: Whimsicott|Focus Sash\n|-damage|p2a: Whimsicott|1\/100\n|\n|-weather|SunnyDay|[upkeep]\n|upkeep\n|turn|3\n|\n|t:|1732162321\n|move|p1a: Glaceon|Ice Shard|p2a: Whimsicott\n|-supereffective|p2a: Whimsicott\n|-damage|p2a: Whimsicott|0 fnt\n|faint|p2a: Whimsicott\n|move|p2b: Lycanroc|Rock Slide|p1b: Archaludon|[spread] p1a,p1b\n|-resisted|p1b: Archaludon\n|-damage|p1a: Glaceon|64\/100\n|-damage|p1b: Archaludon|48\/100\n|move|p1b: Archaludon|Electro Shot||[still]\n|-prepare|p1b: Archaludon|Electro Shot\n|-boost|p1b: Archaludon|spa|1\n|-enditem|p1b: Archaludon|Power Herb\n|-anim|p1b: Archaludon|Electro Shot|p2b: Lycanroc\n|-damage|p2b: Lycanroc|0 fnt\n|faint|p2b: Lycanroc\n|\n|-weather|SunnyDay|[upkeep]\n|upkeep\n|\n|t:|1732162329\n|switch|p2a: Typhlosion|Typhlosion-Hisui, L50, F|100\/100\n|switch|p2b: Mienshao|Mienshao, L50, F|100\/100\n|-item|p1a: Glaceon|Assault Vest|[from] ability: Frisk|[of] p2a: Typhlosion\n|turn|4\n|\n|t:|1732162342\n|switch|p1a: Ninetales|Ninetales-Alola, L50, F|100\/100\n|-weather|Snow|[from] ability: Snow Warning|[of] p1a: Ninetales\n|-terastallize|p2a: Typhlosion|Fire\n|move|p2b: Mienshao|Close Combat|p1a: Ninetales\n|-damage|p1a: Ninetales|16\/100\n|-unboost|p2b: Mienshao|def|1\n|-unboost|p2b: Mienshao|spd|1\n|-damage|p2b: Mienshao|91\/100|[from] item: Life Orb\n|move|p2a: Typhlosion|Eruption|p1a: Ninetales|[spread] p1a,p1b\n|-supereffective|p1a: Ninetales\n|-damage|p1a: Ninetales|0 fnt\n|-damage|p1b: Archaludon|0 fnt\n|faint|p1a: Ninetales\n|faint|p1b: Archaludon\n|\n|-weather|Snow|[upkeep]\n|-sideend|p2: ren122333|move: Tailwind\n|upkeep\n|\n|t:|1732162348\n|switch|p1b: Glaceon|Glaceon, L50, M, tera:Water|64\/100\n|turn|5\n|\n|t:|1732162353\n|move|p2b: Mienshao|Close Combat|p1b: Glaceon\n|-damage|p1b: Glaceon|0 fnt\n|-unboost|p2b: Mienshao|def|1\n|-unboost|p2b: Mienshao|spd|1\n|faint|p1b: Glaceon\n|-damage|p2b: Mienshao|81\/100|[from] item: Life Orb\n|\n|win|ren122333\n|raw|IMissGengar's rating: 1686 &rarr; <strong>1670<\/strong><br \/>(-16 for losing)\n|raw|ren122333's rating: 1751 &rarr; <strong>1767<\/strong><br \/>(+16 for winning)\n|l|\u2606IMissGengar\n|player|p1|\n|l|\u2606ren122333\n|player|p2|\n","uploadtime":1732162613,"views":17,"formatid":"gen9vgc2024regh","rating":1670,"private":0,"password":null}