{"id":"gen9vgc2024regh-2248732815","format":"[Gen 9] VGC 2024 Reg H","players":["corndog7","Allhailhippo"],"log":"|j|\u2606corndog7\n|j|\u2606Allhailhippo\n|t:|1732248067\n|gametype|doubles\n|player|p1|corndog7|266|1644\n|player|p2|Allhailhippo|169|1784\n|teamsize|p1|6\n|teamsize|p2|6\n|gen|9\n|tier|[Gen 9] VGC 2024 Reg H\n|rated|\n|rule|Species Clause: Limit one of each Pok\u00e9mon\n|rule|Item Clause: Limit 1 of each item\n|clearpoke\n|poke|p1|Primarina, L50, M|\n|poke|p1|Volcarona, L50, F|\n|poke|p1|Kingambit, L50, F|\n|poke|p1|Sneasler, L50, F|\n|poke|p1|Rillaboom, L50, F|\n|poke|p1|Gholdengo, L50|\n|poke|p2|Tyranitar, L50, F|\n|poke|p2|Houndstone, L50, M|\n|poke|p2|Whimsicott, L50, M|\n|poke|p2|Incineroar, L50, M|\n|poke|p2|Gholdengo, L50|\n|poke|p2|Garchomp, L50, F|\n|teampreview|4\n|inactive|Battle timer is ON: inactive players will automatically lose when time's up. (requested by Allhailhippo)\n|j| canto 7 spoilers\n|inactive|corndog7 has 60 seconds left.\n|\n|t:|1732248109\n|start\n|switch|p1a: Kingambit|Kingambit, L50, F|100\/100\n|switch|p1b: Rillaboom|Rillaboom, L50, F|100\/100\n|switch|p2a: Anna|Whimsicott, L50, M|100\/100\n|switch|p2b: Garchomp|Garchomp, L50, F|100\/100\n|-fieldstart|move: Grassy Terrain|[from] ability: Grassy Surge|[of] p1b: Rillaboom\n|turn|1\n|\n|t:|1732248127\n|move|p1b: Rillaboom|Fake Out|p2b: Garchomp\n|-damage|p2b: Garchomp|88\/100\n|-damage|p1b: Rillaboom|88\/100|[from] ability: Rough Skin|[of] p2b: Garchomp\n|cant|p2b: Garchomp|flinch\n|move|p2a: Anna|Moonblast|p1a: Kingambit\n|-damage|p1a: Kingambit|68\/100\n|move|p1a: Kingambit|Swords Dance|p1a: Kingambit\n|-boost|p1a: Kingambit|atk|2\n|\n|-heal|p2b: Garchomp|94\/100|[from] Grassy Terrain\n|-heal|p1b: Rillaboom|94\/100|[from] Grassy Terrain\n|-heal|p1a: Kingambit|74\/100|[from] Grassy Terrain\n|upkeep\n|turn|2\n|inactive|corndog7 has 30 seconds left.\n|\n|t:|1732248153\n|move|p2a: Anna|Encore|p1b: Rillaboom\n|-start|p1b: Rillaboom|Encore\n|move|p1a: Kingambit|Sucker Punch|p2b: Garchomp\n|-damage|p2b: Garchomp|0 fnt\n|-damage|p1a: Kingambit|62\/100|[from] ability: Rough Skin|[of] p2b: Garchomp\n|faint|p2b: Garchomp\n|move|p1b: Rillaboom|Fake Out||[still]\n|-hint|Fake Out only works on your first turn out.\n|-fail|p1b: Rillaboom\n|\n|-heal|p1b: Rillaboom|99\/100|[from] Grassy Terrain\n|-heal|p1a: Kingambit|68\/100|[from] Grassy Terrain\n|upkeep\n|\n|t:|1732248163\n|switch|p2b: Rodent|Houndstone, L50, M|100\/100\n|turn|3\n|\n|t:|1732248180\n|switch|p1b: Primarina|Primarina, L50, M|100\/100\n|-terastallize|p2b: Rodent|Fighting\n|move|p1a: Kingambit|Protect|p1a: Kingambit\n|-singleturn|p1a: Kingambit|Protect\n|move|p2a: Anna|Moonblast|p1b: Primarina\n|-damage|p1b: Primarina|73\/100\n|move|p2b: Rodent|Tera Blast|p1a: Kingambit|[anim] Tera Blast Fighting\n|-activate|p1a: Kingambit|move: Protect\n|\n|-heal|p1b: Primarina|79\/100|[from] Grassy Terrain\n|-heal|p1a: Kingambit|73\/100|[from] Grassy Terrain\n|upkeep\n|turn|4\n|inactive|Allhailhippo has 30 seconds left.\n|\n|t:|1732248205\n|-terastallize|p1a: Kingambit|Dark\n|move|p2b: Rodent|Protect|p2b: Rodent\n|-singleturn|p2b: Rodent|Protect\n|move|p2a: Anna|Moonblast|p1a: Kingambit\n|-supereffective|p1a: Kingambit\n|-damage|p1a: Kingambit|9\/100\n|-unboost|p1a: Kingambit|spa|1\n|-ability|p1a: Kingambit|Defiant|boost\n|-boost|p1a: Kingambit|atk|2\n|move|p1b: Primarina|Moonblast|p2b: Rodent\n|-activate|p2b: Rodent|move: Protect\n|move|p1a: Kingambit|Kowtow Cleave|p2a: Anna\n|-resisted|p2a: Anna\n|-damage|p2a: Anna|0 fnt\n|faint|p2a: Anna\n|\n|-heal|p1b: Primarina|85\/100|[from] Grassy Terrain\n|-heal|p1a: Kingambit|15\/100|[from] Grassy Terrain\n|upkeep\n|\n|t:|1732248220\n|switch|p2a: Good Things|Tyranitar, L50, F|100\/100\n|-weather|Sandstorm|[from] ability: Sand Stream|[of] p2a: Good Things\n|turn|5\n|\n|t:|1732248234\n|move|p1a: Kingambit|Sucker Punch||[still]\n|-fail|p1a: Kingambit\n|move|p2b: Rodent|Will-O-Wisp|p1a: Kingambit\n|-status|p1a: Kingambit|brn\n|move|p2a: Good Things|Rock Slide|p1b: Primarina|[spread] p1a,p1b\n|-crit|p1a: Kingambit\n|-damage|p1a: Kingambit|0 fnt\n|-damage|p1b: Primarina|51\/100\n|faint|p1a: Kingambit\n|move|p1b: Primarina|Hyper Voice|p2a: Good Things|[spread] p2a,p2b\n|-supereffective|p2a: Good Things\n|-damage|p2a: Good Things|76\/100\n|-damage|p2b: Rodent|56\/100\n|-enditem|p1b: Primarina|Throat Spray\n|-boost|p1b: Primarina|spa|1|[from] item: Throat Spray\n|\n|-weather|Sandstorm|[upkeep]\n|-damage|p1b: Primarina|45\/100|[from] Sandstorm\n|-heal|p2b: Rodent|62\/100|[from] Grassy Terrain\n|-heal|p2a: Good Things|82\/100|[from] Grassy Terrain\n|-heal|p1b: Primarina|51\/100|[from] Grassy Terrain\n|-fieldend|move: Grassy Terrain\n|upkeep\n|\n|t:|1732248256\n|switch|p1a: Rillaboom|Rillaboom, L50, F|99\/100\n|-fieldstart|move: Grassy Terrain|[from] ability: Grassy Surge|[of] p1a: Rillaboom\n|turn|6\n|\n|t:|1732248263\n|move|p1a: Rillaboom|Fake Out|p2b: Rodent\n|-damage|p2b: Rodent|45\/100\n|cant|p2b: Rodent|flinch\n|move|p2a: Good Things|Rock Slide|p1b: Primarina|[spread] p1a,p1b\n|-damage|p1a: Rillaboom|74\/100\n|-damage|p1b: Primarina|15\/100\n|move|p1b: Primarina|Moonblast|p2a: Good Things\n|-supereffective|p2a: Good Things\n|-damage|p2a: Good Things|29\/100\n|\n|-weather|Sandstorm|[upkeep]\n|-damage|p1a: Rillaboom|68\/100|[from] Sandstorm\n|-damage|p1b: Primarina|9\/100|[from] Sandstorm\n|-heal|p2b: Rodent|51\/100|[from] Grassy Terrain\n|-heal|p1a: Rillaboom|74\/100|[from] Grassy Terrain\n|-heal|p2a: Good Things|35\/100|[from] Grassy Terrain\n|-heal|p1b: Primarina|15\/100|[from] Grassy Terrain\n|upkeep\n|turn|7\n|\n|t:|1732248286\n|move|p1b: Primarina|Protect|p1b: Primarina\n|-singleturn|p1b: Primarina|Protect\n|move|p1a: Rillaboom|Grassy Glide|p2a: Good Things\n|-supereffective|p2a: Good Things\n|-damage|p2a: Good Things|0 fnt\n|faint|p2a: Good Things\n|move|p2b: Rodent|Last Respects|p1b: Primarina\n|-activate|p1b: Primarina|move: Protect\n|\n|-weather|Sandstorm|[upkeep]\n|-damage|p1a: Rillaboom|68\/100|[from] Sandstorm\n|-damage|p1b: Primarina|9\/100|[from] Sandstorm\n|-heal|p2b: Rodent|57\/100|[from] Grassy Terrain\n|-heal|p1a: Rillaboom|74\/100|[from] Grassy Terrain\n|-heal|p1b: Primarina|15\/100|[from] Grassy Terrain\n|upkeep\n|turn|8\n|\n|t:|1732248306\n|move|p2b: Rodent|Protect|p2b: Rodent\n|-singleturn|p2b: Rodent|Protect\n|move|p1a: Rillaboom|Grassy Glide|p2b: Rodent\n|-activate|p2b: Rodent|move: Protect\n|move|p1b: Primarina|Moonblast|p2b: Rodent\n|-activate|p2b: Rodent|move: Protect\n|\n|-weather|Sandstorm|[upkeep]\n|-damage|p1a: Rillaboom|68\/100|[from] Sandstorm\n|-damage|p1b: Primarina|9\/100|[from] Sandstorm\n|-heal|p2b: Rodent|63\/100|[from] Grassy Terrain\n|-heal|p1a: Rillaboom|74\/100|[from] Grassy Terrain\n|-heal|p1b: Primarina|15\/100|[from] Grassy Terrain\n|upkeep\n|turn|9\n|\n|t:|1732248323\n|move|p1a: Rillaboom|Grassy Glide|p2b: Rodent\n|-damage|p2b: Rodent|11\/100\n|move|p2b: Rodent|Last Respects|p1b: Primarina\n|-damage|p1b: Primarina|0 fnt\n|faint|p1b: Primarina\n|\n|-weather|none\n|-heal|p2b: Rodent|17\/100|[from] Grassy Terrain\n|-heal|p1a: Rillaboom|80\/100|[from] Grassy Terrain\n|upkeep\n|\n|t:|1732248335\n|switch|p1b: Gholdengo|Gholdengo, L50|100\/100\n|turn|10\n|\n|t:|1732248346\n|move|p2b: Rodent|Protect|p2b: Rodent\n|-singleturn|p2b: Rodent|Protect\n|move|p1a: Rillaboom|Grassy Glide|p2b: Rodent\n|-activate|p2b: Rodent|move: Protect\n|move|p1b: Gholdengo|Shadow Ball|p2b: Rodent\n|-activate|p2b: Rodent|move: Protect\n|\n|-heal|p2b: Rodent|23\/100|[from] Grassy Terrain\n|-heal|p1a: Rillaboom|86\/100|[from] Grassy Terrain\n|-fieldend|move: Grassy Terrain\n|upkeep\n|turn|11\n|\n|t:|1732248362\n|move|p1b: Gholdengo|Shadow Ball|p2b: Rodent\n|-damage|p2b: Rodent|0 fnt\n|faint|p2b: Rodent\n|-damage|p1b: Gholdengo|91\/100|[from] item: Life Orb\n|\n|win|corndog7\n|raw|corndog7's rating: 1644 &rarr; <strong>1672<\/strong><br \/>(+28 for winning)\n|raw|Allhailhippo's rating: 1784 &rarr; <strong>1756<\/strong><br \/>(-28 for losing)\n|l|\u2606Allhailhippo\n|player|p2|\n|l| canto 7 spoilers\n|l|\u2606corndog7\n|player|p1|\n","uploadtime":1732248626,"views":13,"formatid":"gen9vgc2024regh","rating":1672,"private":0,"password":null}