{"id":"gen9vgc2024regh-2248778785","format":"[Gen 9] VGC 2024 Reg H","players":["Mode Harambe","Grade a type b"],"log":"|j|\u2606Mode Harambe\n|j|\u2606Grade a type b\n|t:|1732256104\n|gametype|doubles\n|player|p1|Mode Harambe|red|1714\n|player|p2|Grade a type b|102|1705\n|teamsize|p1|6\n|teamsize|p2|6\n|gen|9\n|tier|[Gen 9] VGC 2024 Reg H\n|rated|\n|rule|Species Clause: Limit one of each Pok\u00e9mon\n|rule|Item Clause: Limit 1 of each item\n|clearpoke\n|poke|p1|Annihilape, L50, M|\n|poke|p1|Talonflame, L50, F|\n|poke|p1|Dragonite, L50, M|\n|poke|p1|Ursaluna-Bloodmoon, L50, M|\n|poke|p1|Gholdengo, L50|\n|poke|p1|Rillaboom, L50, M|\n|poke|p2|Gholdengo, L50|\n|poke|p2|Primarina, L50, M|\n|poke|p2|Ursaluna-Bloodmoon, L50, M|\n|poke|p2|Dragonite, L50, M|\n|poke|p2|Whimsicott, L50, F|\n|poke|p2|Tyranitar, L50, F|\n|teampreview|4\n|inactive|Battle timer is ON: inactive players will automatically lose when time's up. (requested by Grade a type b)\n|j| Stox\n|inactive|Mode Harambe has 60 seconds left.\n|\n|t:|1732256137\n|start\n|switch|p1a: Talonflame|Talonflame, L50, F|100\/100\n|switch|p1b: Gholdengo|Gholdengo, L50|100\/100\n|switch|p2a: Whimsicott|Whimsicott, L50, F|100\/100\n|switch|p2b: Gholdengo|Gholdengo, L50|100\/100\n|turn|1\n|\n|t:|1732256156\n|-terastallize|p2a: Whimsicott|Water\n|-terastallize|p1b: Gholdengo|Steel\n|move|p1a: Talonflame|Dual Wingbeat|p2a: Whimsicott\n|-damage|p2a: Whimsicott|81\/100\n|-damage|p2a: Whimsicott|62\/100\n|-hitcount|p2a: Whimsicott|2\n|move|p2a: Whimsicott|Moonblast|p1a: Talonflame\n|-resisted|p1a: Talonflame\n|-damage|p1a: Talonflame|80\/100\n|move|p2b: Gholdengo|Shadow Ball|p1b: Gholdengo\n|-damage|p1b: Gholdengo|28\/100\n|-unboost|p1b: Gholdengo|spd|1\n|move|p1b: Gholdengo|Shadow Ball|p2b: Gholdengo\n|-supereffective|p2b: Gholdengo\n|-damage|p2b: Gholdengo|0 fnt\n|faint|p2b: Gholdengo\n|\n|upkeep\n|j| WattoVGC\n|\n|t:|1732256174\n|switch|p2b: Ursaluna|Ursaluna-Bloodmoon, L50, M|100\/100\n|turn|2\n|inactive|Mode Harambe has 30 seconds left.\n|\n|t:|1732256200\n|move|p2a: Whimsicott|Tailwind|p2a: Whimsicott\n|-sidestart|p2: Grade a type b|move: Tailwind\n|move|p2b: Ursaluna|Blood Moon|p1a: Talonflame\n|-damage|p1a: Talonflame|0 fnt\n|faint|p1a: Talonflame\n|-damage|p2b: Ursaluna|91\/100|[from] item: Life Orb\n|move|p1b: Gholdengo|Shadow Ball|p2a: Whimsicott\n|-damage|p2a: Whimsicott|0 fnt\n|faint|p2a: Whimsicott\n|\n|upkeep\n|\n|t:|1732256216\n|switch|p1a: Rillaboom|Rillaboom, L50, M|100\/100\n|switch|p2a: Tyranitar|Tyranitar, L50, F|100\/100\n|-weather|Sandstorm|[from] ability: Sand Stream|[of] p2a: Tyranitar\n|-fieldstart|move: Grassy Terrain|[from] ability: Grassy Surge|[of] p1a: Rillaboom\n|turn|3\n|inactive|Mode Harambe has 30 seconds left.\n|\n|t:|1732256244\n|move|p1a: Rillaboom|Grassy Glide|p2b: Ursaluna\n|-supereffective|p2b: Ursaluna\n|-damage|p2b: Ursaluna|27\/100\n|move|p2b: Ursaluna|Hyper Voice|p1b: Gholdengo|[spread] p1a,p1b\n|-resisted|p1b: Gholdengo\n|-damage|p1a: Rillaboom|62\/100\n|-damage|p1b: Gholdengo|0 fnt\n|faint|p1b: Gholdengo\n|-damage|p2b: Ursaluna|18\/100|[from] item: Life Orb\n|move|p2a: Tyranitar|Knock Off|p1a: Rillaboom\n|-damage|p1a: Rillaboom|15\/100\n|-enditem|p1a: Rillaboom|Assault Vest|[from] move: Knock Off|[of] p2a: Tyranitar\n|\n|-weather|Sandstorm|[upkeep]\n|-damage|p1a: Rillaboom|9\/100|[from] Sandstorm\n|-heal|p2b: Ursaluna|24\/100|[from] Grassy Terrain\n|-heal|p1a: Rillaboom|15\/100|[from] Grassy Terrain\n|upkeep\n|\n|t:|1732256253\n|switch|p1b: Ursaluna|Ursaluna-Bloodmoon, L50, M|100\/100\n|turn|4\n|\n|t:|1732256264\n|move|p2b: Ursaluna|Protect|p2b: Ursaluna\n|-singleturn|p2b: Ursaluna|Protect\n|move|p1a: Rillaboom|Grassy Glide|p2a: Tyranitar\n|-supereffective|p2a: Tyranitar\n|-damage|p2a: Tyranitar|37\/100\n|move|p2a: Tyranitar|Rock Slide|p1a: Rillaboom|[spread] p1a\n|-miss|p2a: Tyranitar|p1b: Ursaluna\n|-damage|p1a: Rillaboom|0 fnt\n|faint|p1a: Rillaboom\n|move|p1b: Ursaluna|Earth Power|p2a: Tyranitar\n|-supereffective|p2a: Tyranitar\n|-damage|p2a: Tyranitar|0 fnt\n|faint|p2a: Tyranitar\n|-damage|p1b: Ursaluna|91\/100|[from] item: Life Orb\n|\n|-weather|Sandstorm|[upkeep]\n|-heal|p2b: Ursaluna|30\/100|[from] Grassy Terrain\n|-heal|p1b: Ursaluna|97\/100|[from] Grassy Terrain\n|upkeep\n|turn|5\n|\n|t:|1732256273\n|move|p1b: Ursaluna|Protect|p1b: Ursaluna\n|-singleturn|p1b: Ursaluna|Protect\n|move|p2b: Ursaluna|Blood Moon|p1b: Ursaluna\n|-activate|p1b: Ursaluna|move: Protect\n|\n|-weather|Sandstorm|[upkeep]\n|-heal|p2b: Ursaluna|35\/100|[from] Grassy Terrain\n|-heal|p1b: Ursaluna|100\/100|[from] Grassy Terrain\n|-sideend|p2: Grade a type b|move: Tailwind\n|upkeep\n|turn|6\n|c|\u2606Mode Harambe|Timid or modest?\n|\n|t:|1732256286\n|move|p2b: Ursaluna|Protect|p2b: Ursaluna\n|-singleturn|p2b: Ursaluna|Protect\n|move|p1b: Ursaluna|Blood Moon|p2b: Ursaluna\n|-activate|p2b: Ursaluna|move: Protect\n|\n|-weather|Sandstorm|[upkeep]\n|-heal|p2b: Ursaluna|41\/100|[from] Grassy Terrain\n|upkeep\n|turn|7\n|\n|t:|1732256289\n|move|p1b: Ursaluna|Hyper Voice|p2b: Ursaluna\n|-damage|p2b: Ursaluna|0 fnt\n|faint|p2b: Ursaluna\n|-damage|p1b: Ursaluna|91\/100|[from] item: Life Orb\n|\n|win|Mode Harambe\n|raw|Mode Harambe's rating: 1714 &rarr; <strong>1733<\/strong><br \/>(+19 for winning)\n|raw|Grade a type b's rating: 1705 &rarr; <strong>1686<\/strong><br \/>(-19 for losing)\n|l|\u2606Grade a type b\n|player|p2|\n|c| WattoVGC|Modest\n","uploadtime":1732256502,"views":13,"formatid":"gen9vgc2024regh","rating":1686,"private":0,"password":null}