{"id":"gen9vgc2024regh-2248495468","format":"[Gen 9] VGC 2024 Reg H","players":["VGCLTH <1000ELO","Spottedwoot"],"log":"|raw|<div class=\"broadcast-blue\"><strong>This battle is required to be public due to a player having a name starting with 'vgclth'.<\/div>\n|j|\u2606VGCLTH <1000ELO\n|j|\u2606Spottedwoot\n|t:|1732219952\n|gametype|doubles\n|player|p1|VGCLTH <1000ELO|170|1706\n|player|p2|Spottedwoot|1|1781\n|teamsize|p1|6\n|teamsize|p2|6\n|gen|9\n|tier|[Gen 9] VGC 2024 Reg H\n|rated|\n|rule|Species Clause: Limit one of each Pok\u00e9mon\n|rule|Item Clause: Limit 1 of each item\n|clearpoke\n|poke|p1|Dondozo, L50, M|\n|poke|p1|Tatsugiri, L50, F|\n|poke|p1|Dragonite, L50, M|\n|poke|p1|Gholdengo, L50|\n|poke|p1|Glimmora, L50, F|\n|poke|p1|Talonflame, L50, M|\n|poke|p2|Kingambit, L50, F|\n|poke|p2|Primarina, L50, F|\n|poke|p2|Salamence, L50, F|\n|poke|p2|Gholdengo, L50|\n|poke|p2|Sneasler, L50, M|\n|poke|p2|Volcarona, L50, F|\n|teampreview|4\n|inactive|Battle timer is ON: inactive players will automatically lose when time's up. (requested by VGCLTH <1000ELO)\n|\n|t:|1732219974\n|start\n|switch|p1a: Dragonite|Dragonite, L50, M|100\/100\n|switch|p1b: Glimmora|Glimmora, L50, F|100\/100\n|switch|p2a: Salamence|Salamence, L50, F|100\/100\n|switch|p2b: Kingambit|Kingambit, L50, F|100\/100\n|-ability|p2a: Salamence|Intimidate|boost\n|-unboost|p1a: Dragonite|atk|1\n|-unboost|p1b: Glimmora|atk|1\n|turn|1\n|\n|t:|1732219983\n|move|p2a: Salamence|Tailwind|p2a: Salamence\n|-sidestart|p2: Spottedwoot|move: Tailwind\n|move|p2b: Kingambit|Kowtow Cleave|p1b: Glimmora\n|-crit|p1b: Glimmora\n|-damage|p1b: Glimmora|48\/100\n|-activate|p1b: Glimmora|ability: Toxic Debris\n|-sidestart|p2: Spottedwoot|move: Toxic Spikes\n|move|p1b: Glimmora|Power Gem|p2a: Salamence\n|-supereffective|p2a: Salamence\n|-damage|p2a: Salamence|15\/100\n|move|p1a: Dragonite|Ice Spinner|p2a: Salamence\n|-supereffective|p2a: Salamence\n|-damage|p2a: Salamence|0 fnt\n|faint|p2a: Salamence\n|\n|upkeep\n|\n|t:|1732219991\n|switch|p2a: Sneasler|Sneasler, L50, M|100\/100\n|-sideend|p2: Spottedwoot|move: Toxic Spikes|[of] p2a: Sneasler\n|turn|2\n|\n|t:|1732219996\n|move|p2a: Sneasler|Fake Out|p1a: Dragonite\n|-damage|p1a: Dragonite|93\/100\n|move|p2b: Kingambit|Swords Dance|p2b: Kingambit\n|-boost|p2b: Kingambit|atk|2\n|move|p1b: Glimmora|Earth Power|p2a: Sneasler\n|-supereffective|p2a: Sneasler\n|-damage|p2a: Sneasler|28\/100\n|cant|p1a: Dragonite|flinch\n|\n|upkeep\n|turn|3\n|\n|t:|1732220004\n|-terastallize|p2b: Kingambit|Dark\n|move|p2b: Kingambit|Sucker Punch|p1a: Dragonite\n|-damage|p1a: Dragonite|0 fnt\n|faint|p1a: Dragonite\n|move|p2a: Sneasler|Close Combat|p1b: Glimmora\n|-damage|p1b: Glimmora|0 fnt\n|-unboost|p2a: Sneasler|def|1\n|-unboost|p2a: Sneasler|spd|1\n|-activate|p1b: Glimmora|ability: Toxic Debris\n|-sidestart|p2: Spottedwoot|move: Toxic Spikes\n|faint|p1b: Glimmora\n|\n|upkeep\n|\n|t:|1732220007\n|switch|p1b: Tatsugiri|Tatsugiri, L50, F|100\/100\n|switch|p1a: Dondozo|Dondozo, L50, M|100\/100\n|-activate|p1b: Tatsugiri|ability: Commander|[of] p1a: Dondozo\n|-boost|p1a: Dondozo|atk|2\n|-boost|p1a: Dondozo|spa|2\n|-boost|p1a: Dondozo|spe|2\n|-boost|p1a: Dondozo|def|2\n|-boost|p1a: Dondozo|spd|2\n|turn|4\n|\n|t:|1732220020\n|move|p2b: Kingambit|Protect|p2b: Kingambit\n|-singleturn|p2b: Kingambit|Protect\n|move|p2a: Sneasler|Close Combat|p1a: Dondozo\n|-damage|p1a: Dondozo|80\/100\n|-unboost|p2a: Sneasler|def|1\n|-unboost|p2a: Sneasler|spd|1\n|move|p1a: Dondozo|Earthquake|p2b: Kingambit|[spread] p2a\n|-miss|p1a: Dondozo|p1b: Tatsugiri\n|-activate|p2b: Kingambit|move: Protect\n|-supereffective|p2a: Sneasler\n|-damage|p2a: Sneasler|0 fnt\n|faint|p2a: Sneasler\n|\n|-heal|p1a: Dondozo|86\/100|[from] item: Leftovers\n|-sideend|p2: Spottedwoot|move: Tailwind\n|upkeep\n|\n|t:|1732220022\n|switch|p2a: Primarina|Primarina, L50, F|100\/100\n|-status|p2a: Primarina|psn\n|turn|5\n|\n|t:|1732220027\n|move|p1a: Dondozo|Wave Crash|p2b: Kingambit\n|-damage|p2b: Kingambit|14\/100\n|-damage|p1a: Dondozo|60\/100|[from] Recoil\n|move|p2a: Primarina|Haze|p2a: Primarina\n|-clearallboost\n|move|p2b: Kingambit|Swords Dance|p2b: Kingambit\n|-boost|p2b: Kingambit|atk|2\n|\n|-heal|p1a: Dondozo|66\/100|[from] item: Leftovers\n|-damage|p2a: Primarina|88\/100 psn|[from] psn\n|upkeep\n|turn|6\n|\n|t:|1732220032\n|move|p1a: Dondozo|Protect|p1a: Dondozo\n|-singleturn|p1a: Dondozo|Protect\n|move|p2b: Kingambit|Protect|p2b: Kingambit\n|-singleturn|p2b: Kingambit|Protect\n|move|p2a: Primarina|Moonblast|p1a: Dondozo\n|-activate|p1a: Dondozo|move: Protect\n|\n|-heal|p1a: Dondozo|72\/100|[from] item: Leftovers\n|-damage|p2a: Primarina|76\/100 psn|[from] psn\n|upkeep\n|turn|7\n|\n|t:|1732220037\n|move|p2b: Kingambit|Sucker Punch|p1a: Dondozo\n|-damage|p1a: Dondozo|33\/100\n|move|p2a: Primarina|Moonblast|p1a: Dondozo\n|-damage|p1a: Dondozo|0 fnt\n|faint|p1a: Dondozo\n|\n|-damage|p2a: Primarina|64\/100 psn|[from] psn\n|upkeep\n|turn|8\n|\n|t:|1732220044\n|move|p1b: Tatsugiri|Protect|p1b: Tatsugiri\n|-singleturn|p1b: Tatsugiri|Protect\n|move|p2b: Kingambit|Sucker Punch||[still]\n|-fail|p2b: Kingambit\n|move|p2a: Primarina|Moonblast|p1b: Tatsugiri\n|-activate|p1b: Tatsugiri|move: Protect\n|\n|-damage|p2a: Primarina|51\/100 psn|[from] psn\n|upkeep\n|turn|9\n|\n|t:|1732220049\n|-terastallize|p1b: Tatsugiri|Steel\n|move|p2b: Kingambit|Sucker Punch|p1b: Tatsugiri\n|-enditem|p1b: Tatsugiri|Focus Sash\n|-damage|p1b: Tatsugiri|1\/100\n|move|p1b: Tatsugiri|Muddy Water|p2b: Kingambit|[spread] p2a,p2b\n|-resisted|p2a: Primarina\n|-crit|p2a: Primarina\n|-damage|p2a: Primarina|32\/100 psn\n|-damage|p2b: Kingambit|0 fnt\n|faint|p2b: Kingambit\n|move|p2a: Primarina|Moonblast|p1b: Tatsugiri\n|-resisted|p1b: Tatsugiri\n|-damage|p1b: Tatsugiri|0 fnt\n|faint|p1b: Tatsugiri\n|\n|win|Spottedwoot\n|raw|VGCLTH &lt;1000ELO's rating: 1706 &rarr; <strong>1690<\/strong><br \/>(-16 for losing)\n|raw|Spottedwoot's rating: 1781 &rarr; <strong>1797<\/strong><br \/>(+16 for winning)\n|l|\u2606VGCLTH <1000ELO\n|player|p1|\n","uploadtime":1732220054,"views":24,"formatid":"gen9vgc2024regh","rating":1690,"private":0,"password":null}