{"id":"gen9vgc2024regh-2248170466","format":"[Gen 9] VGC 2024 Reg H","players":["VGCLTHTornsEnjoyer","juzgrda"],"log":"|raw|<div class=\"broadcast-blue\"><strong>This battle is required to be public due to a player having a name starting with 'vgclth'.<\/div>\n|j|\u2606VGCLTHTornsEnjoyer\n|j|\u2606juzgrda\n|t:|1732184231\n|gametype|doubles\n|player|p1|VGCLTHTornsEnjoyer|turo|1717\n|player|p2|juzgrda|1|1777\n|teamsize|p1|6\n|teamsize|p2|6\n|gen|9\n|tier|[Gen 9] VGC 2024 Reg H\n|rated|\n|rule|Species Clause: Limit one of each Pok\u00e9mon\n|rule|Item Clause: Limit 1 of each item\n|clearpoke\n|poke|p1|Gholdengo, L50|\n|poke|p1|Grimmsnarl, L50, M|\n|poke|p1|Whimsicott, L50, F|\n|poke|p1|Ursaluna-Bloodmoon, L50, M|\n|poke|p1|Dragonite, L50, M|\n|poke|p1|Annihilape, L50, M|\n|poke|p2|Smeargle, L50, F|\n|poke|p2|Ursaluna-Bloodmoon, L50, M|\n|poke|p2|Sinistcha, L50|\n|poke|p2|Annihilape, L50, F|\n|poke|p2|Sableye, L50, M|\n|poke|p2|Archaludon, L50, M|\n|teampreview|4\n|inactive|Battle timer is ON: inactive players will automatically lose when time's up. (requested by VGCLTHTornsEnjoyer)\n|inactive|juzgrda also wants the timer to be on.\n|inactive|VGCLTHTornsEnjoyer has 60 seconds left.\n|inactive|juzgrda has 60 seconds left.\n|\n|t:|1732184280\n|start\n|switch|p1a: Gholdengo|Gholdengo, L50|100\/100\n|switch|p1b: Whimsicott|Whimsicott, L50, F|100\/100\n|switch|p2a: Sableye|Sableye, L50, M|100\/100\n|switch|p2b: Ursaluna|Ursaluna-Bloodmoon, L50, M|100\/100\n|turn|1\n|\n|t:|1732184292\n|-terastallize|p1a: Gholdengo|Steel\n|move|p1b: Whimsicott|Fake Tears|p2b: Ursaluna\n|-unboost|p2b: Ursaluna|spd|2\n|move|p2a: Sableye|Light Screen|p2a: Sableye\n|-sidestart|p2: juzgrda|move: Light Screen\n|move|p1a: Gholdengo|Make It Rain|p2b: Ursaluna|[spread] p2a,p2b\n|-damage|p2a: Sableye|17\/100\n|-damage|p2b: Ursaluna|0 fnt\n|-unboost|p1a: Gholdengo|spa|1\n|faint|p2b: Ursaluna\n|\n|upkeep\n|\n|t:|1732184306\n|switch|p2b: Annihilape|Annihilape, L50, F|100\/100\n|turn|2\n|\n|t:|1732184327\n|-terastallize|p2b: Annihilape|Fire\n|move|p1b: Whimsicott|Fake Tears|p2b: Annihilape\n|-unboost|p2b: Annihilape|spd|2\n|-ability|p2b: Annihilape|Defiant|boost\n|-boost|p2b: Annihilape|atk|2\n|move|p2a: Sableye|Reflect|p2a: Sableye\n|-sidestart|p2: juzgrda|Reflect\n|move|p1a: Gholdengo|Make It Rain|p2b: Annihilape|[spread] p2a,p2b\n|-resisted|p2b: Annihilape\n|-damage|p2a: Sableye|0 fnt\n|-damage|p2b: Annihilape|67\/100\n|-unboost|p1a: Gholdengo|spa|1\n|faint|p2a: Sableye\n|move|p2b: Annihilape|Bulk Up|p2b: Annihilape\n|-boost|p2b: Annihilape|atk|1\n|-boost|p2b: Annihilape|def|1\n|\n|-heal|p2b: Annihilape|73\/100|[from] item: Leftovers\n|upkeep\n|\n|t:|1732184338\n|switch|p2a: Smeargle|Smeargle, L50, F|100\/100\n|turn|3\n|\n|t:|1732184353\n|switch|p1a: Dragonite|Dragonite, L50, M|100\/100\n|move|p1b: Whimsicott|Tailwind|p1b: Whimsicott\n|-sidestart|p1: VGCLTHTornsEnjoyer|move: Tailwind\n|move|p2a: Smeargle|Water Shuriken|p2b: Annihilape\n|-supereffective|p2b: Annihilape\n|-damage|p2b: Annihilape|70\/100\n|-supereffective|p2b: Annihilape\n|-damage|p2b: Annihilape|67\/100\n|-supereffective|p2b: Annihilape\n|-damage|p2b: Annihilape|64\/100\n|-supereffective|p2b: Annihilape\n|-damage|p2b: Annihilape|60\/100\n|-supereffective|p2b: Annihilape\n|-damage|p2b: Annihilape|57\/100\n|-hitcount|p2b: Annihilape|5\n|move|p2b: Annihilape|Drain Punch|p1a: Dragonite\n|-resisted|p1a: Dragonite\n|-damage|p1a: Dragonite|57\/100\n|-heal|p2b: Annihilape|74\/100|[from] drain|[of] p1a: Dragonite\n|\n|-heal|p2b: Annihilape|80\/100|[from] item: Leftovers\n|-ability|p2a: Smeargle|Moody|boost\n|-boost|p2a: Smeargle|def|2\n|-unboost|p2a: Smeargle|spd|1\n|upkeep\n|turn|4\n|inactive|juzgrda has 30 seconds left.\n|\n|t:|1732184379\n|move|p2a: Smeargle|Baneful Bunker|p2a: Smeargle\n|-singleturn|p2a: Smeargle|move: Protect\n|move|p1b: Whimsicott|Dazzling Gleam|p2b: Annihilape|[spread] p2b\n|-activate|p2a: Smeargle|move: Protect\n|-resisted|p2b: Annihilape\n|-damage|p2b: Annihilape|69\/100\n|move|p1a: Dragonite|Aerial Ace|p2a: Smeargle\n|-activate|p2a: Smeargle|move: Protect\n|-status|p1a: Dragonite|psn\n|move|p2b: Annihilape|Drain Punch|p1a: Dragonite\n|-resisted|p1a: Dragonite\n|-damage|p1a: Dragonite|9\/100 psn\n|-heal|p2b: Annihilape|88\/100|[from] drain|[of] p1a: Dragonite\n|\n|-heal|p2b: Annihilape|94\/100|[from] item: Leftovers\n|-damage|p1a: Dragonite|0 fnt|[from] psn\n|faint|p1a: Dragonite\n|-ability|p2a: Smeargle|Moody|boost\n|-boost|p2a: Smeargle|spe|2\n|-unboost|p2a: Smeargle|atk|1\n|upkeep\n|\n|t:|1732184385\n|switch|p1a: Gholdengo|Gholdengo, L50, tera:Steel|100\/100\n|turn|5\n|inactive|juzgrda has 30 seconds left.\n|\n|t:|1732184411\n|move|p2a: Smeargle|Wide Guard|p2a: Smeargle\n|-singleturn|p2a: Smeargle|Wide Guard\n|move|p1b: Whimsicott|Fake Tears|p2b: Annihilape\n|-unboost|p2b: Annihilape|spd|2\n|-ability|p2b: Annihilape|Defiant|boost\n|-boost|p2b: Annihilape|atk|2\n|move|p1a: Gholdengo|Make It Rain|p2b: Annihilape|[spread] \n|-activate|p2a: Smeargle|move: Wide Guard\n|-activate|p2b: Annihilape|move: Wide Guard\n|move|p2b: Annihilape|Drain Punch|p1a: Gholdengo\n|-supereffective|p1a: Gholdengo\n|-damage|p1a: Gholdengo|0 fnt\n|-heal|p2b: Annihilape|100\/100|[from] drain|[of] p1a: Gholdengo\n|faint|p1a: Gholdengo\n|\n|-ability|p2a: Smeargle|Moody|boost\n|-boost|p2a: Smeargle|spa|2\n|-unboost|p2a: Smeargle|spe|1\n|upkeep\n|\n|t:|1732184414\n|switch|p1a: Annihilape|Annihilape, L50, M|100\/100\n|turn|6\n|j| mr pogostick\n|\n|t:|1732184439\n|move|p2b: Annihilape|Protect|p2b: Annihilape\n|-singleturn|p2b: Annihilape|Protect\n|move|p1a: Annihilape|Final Gambit|p2b: Annihilape\n|-activate|p2b: Annihilape|move: Protect\n|move|p1b: Whimsicott|Dazzling Gleam|p2b: Annihilape|[spread] p2a\n|-activate|p2b: Annihilape|move: Protect\n|-damage|p2a: Smeargle|56\/100\n|move|p2a: Smeargle|Spore|p1a: Annihilape\n|-status|p1a: Annihilape|slp|[from] move: Spore\n|\n|-sideend|p1: VGCLTHTornsEnjoyer|move: Tailwind\n|-ability|p2a: Smeargle|Moody|boost\n|-boost|p2a: Smeargle|spd|2\n|-unboost|p2a: Smeargle|spe|1\n|upkeep\n|turn|7\n|-message|VGCLTHTornsEnjoyer forfeited.\n|\n|win|juzgrda\n|raw|VGCLTHTornsEnjoyer's rating: 1717 &rarr; <strong>1700<\/strong><br \/>(-17 for losing)\n|raw|juzgrda's rating: 1777 &rarr; <strong>1794<\/strong><br \/>(+17 for winning)\n|l|\u2606VGCLTHTornsEnjoyer\n|player|p1|\n|l|\u2606juzgrda\n|player|p2|\n|l| mr pogostick\n","uploadtime":1732184625,"views":17,"formatid":"gen9vgc2024regh","rating":1700,"private":0,"password":null}