{"id":"gen9vgc2024regh-2248487094","format":"[Gen 9] VGC 2024 Reg H","players":["roykeenkennedy","Spottedwoot"],"log":"|j|\u2606roykeenkennedy\n|j|\u2606Spottedwoot\n|t:|1732219127\n|gametype|doubles\n|player|p1|roykeenkennedy|alder|1731\n|player|p2|Spottedwoot|1|1769\n|teamsize|p1|6\n|teamsize|p2|6\n|gen|9\n|tier|[Gen 9] VGC 2024 Reg H\n|rated|\n|rule|Species Clause: Limit one of each Pok\u00e9mon\n|rule|Item Clause: Limit 1 of each item\n|clearpoke\n|poke|p1|Salamence, L50, M|\n|poke|p1|Incineroar, L50, F|\n|poke|p1|Weezing, L50, F|\n|poke|p1|Dragapult, L50, F|\n|poke|p1|Ursaluna-Bloodmoon, L50, M|\n|poke|p1|Volcarona, L50, M|\n|poke|p2|Kingambit, L50, M|\n|poke|p2|Primarina, L50, M|\n|poke|p2|Salamence, L50, M|\n|poke|p2|Gholdengo, L50|\n|poke|p2|Sneasler, L50, F|\n|poke|p2|Volcarona, L50, M|\n|teampreview|4\n|\n|t:|1732219146\n|start\n|switch|p1a: Salamence|Salamence, L50, M|100\/100\n|switch|p1b: Dragapult|Dragapult, L50, F|100\/100\n|switch|p2a: Salamence|Salamence, L50, M|100\/100\n|switch|p2b: Primarina|Primarina, L50, M|100\/100\n|-ability|p2a: Salamence|Intimidate|boost\n|-unboost|p1a: Salamence|atk|1\n|-fail|p1b: Dragapult|unboost|[from] ability: Clear Body|[of] p1b: Dragapult\n|turn|1\n|\n|t:|1732219166\n|switch|p1a: Incineroar|Incineroar, L50, F|100\/100\n|-ability|p1a: Incineroar|Intimidate|boost\n|-unboost|p2a: Salamence|atk|1\n|-unboost|p2b: Primarina|atk|1\n|-terastallize|p1b: Dragapult|Ghost\n|-terastallize|p2a: Salamence|Fairy\n|move|p1b: Dragapult|Tera Blast|p2b: Primarina|[anim] Tera Blast Ghost\n|-damage|p2b: Primarina|0 fnt\n|faint|p2b: Primarina\n|move|p2a: Salamence|Tailwind|p2a: Salamence\n|-sidestart|p2: Spottedwoot|move: Tailwind\n|\n|upkeep\n|\n|t:|1732219171\n|switch|p2b: Gholdengo|Gholdengo, L50|100\/100\n|turn|2\n|\n|t:|1732219193\n|switch|p1b: Salamence|Salamence, L50, M|100\/100\n|move|p2a: Salamence|Draco Meteor|p1a: Incineroar\n|-damage|p1a: Incineroar|46\/100\n|-unboost|p2a: Salamence|spa|2\n|-damage|p2a: Salamence|90\/100|[from] item: Life Orb\n|move|p2b: Gholdengo|Shadow Ball|p1b: Salamence\n|-damage|p1b: Salamence|22\/100\n|move|p1a: Incineroar|Flare Blitz|p2b: Gholdengo\n|-supereffective|p2b: Gholdengo\n|-damage|p2b: Gholdengo|0 fnt\n|faint|p2b: Gholdengo\n|-damage|p1a: Incineroar|19\/100|[from] Recoil\n|\n|upkeep\n|\n|t:|1732219196\n|switch|p2b: Kingambit|Kingambit, L50, M|100\/100\n|turn|3\n|\n|t:|1732219219\n|switch|p1a: Weezing|Weezing, L50, F|100\/100\n|-ability|p1a: Weezing|Neutralizing Gas\n|move|p2a: Salamence|Draco Meteor|p1a: Weezing|[miss]\n|-miss|p2a: Salamence|p1a: Weezing\n|move|p1b: Salamence|Breaking Swipe|p2a: Salamence|[spread] p2b\n|-immune|p2a: Salamence\n|-resisted|p2b: Kingambit\n|-damage|p2b: Kingambit|90\/100\n|-unboost|p2b: Kingambit|atk|1\n|move|p2b: Kingambit|Kowtow Cleave|p1b: Salamence\n|-damage|p1b: Salamence|0 fnt\n|faint|p1b: Salamence\n|\n|upkeep\n|\n|t:|1732219236\n|switch|p1b: Incineroar|Incineroar, L50, F|19\/100\n|-ability|p1b: Incineroar|Intimidate|boost\n|-unboost|p2a: Salamence|atk|1\n|-unboost|p2b: Kingambit|atk|1\n|turn|4\n|\n|t:|1732219244\n|move|p1b: Incineroar|Fake Out|p2a: Salamence\n|-damage|p2a: Salamence|78\/100\n|cant|p2a: Salamence|flinch\n|move|p2b: Kingambit|Swords Dance|p2b: Kingambit\n|-boost|p2b: Kingambit|atk|2\n|move|p1a: Weezing|Will-O-Wisp|p2b: Kingambit\n|-status|p2b: Kingambit|brn\n|\n|-damage|p2b: Kingambit|85\/100 brn|[from] brn\n|-sideend|p2: Spottedwoot|move: Tailwind\n|upkeep\n|turn|5\n|\n|t:|1732219259\n|switch|p1b: Dragapult|Dragapult, L50, F, tera:Ghost|100\/100\n|move|p2a: Salamence|Draco Meteor|p1b: Dragapult\n|-damage|p1b: Dragapult|50\/100\n|-unboost|p2a: Salamence|spa|2\n|-damage|p2a: Salamence|68\/100|[from] item: Life Orb\n|move|p1a: Weezing|Sludge Bomb|p2a: Salamence\n|-supereffective|p2a: Salamence\n|-damage|p2a: Salamence|0 fnt\n|faint|p2a: Salamence\n|move|p2b: Kingambit|Swords Dance|p2b: Kingambit\n|-boost|p2b: Kingambit|atk|2\n|\n|-damage|p2b: Kingambit|79\/100 brn|[from] brn\n|upkeep\n|turn|6\n|\n|t:|1732219280\n|switch|p1b: Incineroar|Incineroar, L50, F|19\/100\n|-ability|p1b: Incineroar|Intimidate|boost\n|-unboost|p2b: Kingambit|atk|1\n|move|p1a: Weezing|Taunt|p2b: Kingambit\n|-start|p2b: Kingambit|move: Taunt\n|move|p2b: Kingambit|Kowtow Cleave|p1b: Incineroar\n|-resisted|p1b: Incineroar\n|-damage|p1b: Incineroar|3\/100\n|\n|-damage|p2b: Kingambit|73\/100 brn|[from] brn\n|upkeep\n|turn|7\n|j| ChilledLotusA\n|\n|t:|1732219298\n|move|p1a: Weezing|Sludge Bomb|p2b: Kingambit\n|-immune|p2b: Kingambit\n|move|p1b: Incineroar|Parting Shot|p2b: Kingambit\n|-unboost|p2b: Kingambit|atk|1\n|-unboost|p2b: Kingambit|spa|1\n|\n|t:|1732219304\n|switch|p1b: Dragapult|Dragapult, L50, F, tera:Ghost|50\/100|[from] Parting Shot\n|move|p2b: Kingambit|Kowtow Cleave|p1b: Dragapult\n|-supereffective|p1b: Dragapult\n|-damage|p1b: Dragapult|0 fnt\n|faint|p1b: Dragapult\n|\n|-damage|p2b: Kingambit|67\/100 brn|[from] brn\n|upkeep\n|\n|t:|1732219316\n|switch|p1b: Incineroar|Incineroar, L50, F|3\/100\n|-ability|p1b: Incineroar|Intimidate|boost\n|-unboost|p2b: Kingambit|atk|1\n|turn|8\n|\n|t:|1732219325\n|move|p1a: Weezing|Protect|p1a: Weezing\n|-singleturn|p1a: Weezing|Protect\n|move|p1b: Incineroar|Fake Out|p2b: Kingambit\n|-resisted|p2b: Kingambit\n|-damage|p2b: Kingambit|63\/100 brn\n|cant|p2b: Kingambit|flinch\n|\n|-damage|p2b: Kingambit|57\/100 brn|[from] brn\n|-end|p2b: Kingambit|move: Taunt\n|upkeep\n|turn|9\n|j| futonkagebunshin\n|\n|t:|1732219339\n|move|p2b: Kingambit|Sucker Punch||[still]\n|-fail|p2b: Kingambit\n|move|p1a: Weezing|Taunt|p2b: Kingambit\n|-start|p2b: Kingambit|move: Taunt\n|move|p1b: Incineroar|Parting Shot|p2b: Kingambit\n|-unboost|p2b: Kingambit|atk|1\n|-unboost|p2b: Kingambit|spa|1\n|\n|-damage|p2b: Kingambit|51\/100 brn|[from] brn\n|upkeep\n|turn|10\n|j| kyo9t\n|\n|t:|1732219358\n|move|p1a: Weezing|Sludge Bomb|p2b: Kingambit\n|-immune|p2b: Kingambit\n|move|p1b: Incineroar|Parting Shot|p2b: Kingambit\n|-unboost|p2b: Kingambit|atk|1\n|-unboost|p2b: Kingambit|spa|1\n|move|p2b: Kingambit|Kowtow Cleave|p1b: Incineroar\n|-resisted|p1b: Incineroar\n|-damage|p1b: Incineroar|0 fnt\n|faint|p1b: Incineroar\n|\n|-damage|p2b: Kingambit|45\/100 brn|[from] brn\n|upkeep\n|turn|11\n|\n|t:|1732219381\n|move|p1a: Weezing|Sludge Bomb|p2b: Kingambit\n|-immune|p2b: Kingambit\n|move|p2b: Kingambit|Kowtow Cleave|p1a: Weezing\n|-crit|p1a: Weezing\n|-damage|p1a: Weezing|71\/100\n|\n|-heal|p1a: Weezing|77\/100|[from] item: Leftovers\n|-damage|p2b: Kingambit|40\/100 brn|[from] brn\n|upkeep\n|turn|12\n|\n|t:|1732219392\n|move|p1a: Weezing|Protect|p1a: Weezing\n|-singleturn|p1a: Weezing|Protect\n|move|p2b: Kingambit|Kowtow Cleave|p1a: Weezing\n|-activate|p1a: Weezing|move: Protect\n|\n|-heal|p1a: Weezing|83\/100|[from] item: Leftovers\n|-damage|p2b: Kingambit|34\/100 brn|[from] brn\n|-end|p2b: Kingambit|move: Taunt\n|upkeep\n|turn|13\n|\n|t:|1732219404\n|move|p1a: Weezing|Taunt|p2b: Kingambit\n|-start|p2b: Kingambit|move: Taunt\n|move|p2b: Kingambit|Kowtow Cleave|p1a: Weezing\n|-damage|p1a: Weezing|75\/100\n|\n|-heal|p1a: Weezing|81\/100|[from] item: Leftovers\n|-damage|p2b: Kingambit|28\/100 brn|[from] brn\n|upkeep\n|turn|14\n|-message|Spottedwoot forfeited.\n|\n|win|roykeenkennedy\n|raw|roykeenkennedy's rating: 1731 &rarr; <strong>1753<\/strong><br \/>(+22 for winning)\n|raw|Spottedwoot's rating: 1769 &rarr; <strong>1747<\/strong><br \/>(-22 for losing)\n|l|\u2606Spottedwoot\n|player|p2|\n|l|\u2606roykeenkennedy\n|player|p1|\n|l| ChilledLotusA\n","uploadtime":1732219411,"views":30,"formatid":"gen9vgc2024regh","rating":1747,"private":0,"password":null}