{"id":"gen9vgc2024regh-2248410640","format":"[Gen 9] VGC 2024 Reg H","players":["VGCLTH <1000ELO","Babakauma"],"log":"|raw|<div class=\"broadcast-blue\"><strong>This battle is required to be public due to a player having a name starting with 'vgclth'.<\/div>\n|j|\u2606VGCLTH <1000ELO\n|j|\u2606Babakauma\n|t:|1732211951\n|gametype|doubles\n|player|p1|VGCLTH <1000ELO|1|1906\n|player|p2|Babakauma|lucas|1783\n|teamsize|p1|6\n|teamsize|p2|6\n|gen|9\n|tier|[Gen 9] VGC 2024 Reg H\n|rated|\n|rule|Species Clause: Limit one of each Pok\u00e9mon\n|rule|Item Clause: Limit 1 of each item\n|clearpoke\n|poke|p1|Dondozo, L50, M|\n|poke|p1|Tatsugiri, L50, M|\n|poke|p1|Dragonite, L50, M|\n|poke|p1|Gholdengo, L50|\n|poke|p1|Glimmora, L50, F|\n|poke|p1|Talonflame, L50, F|\n|poke|p2|Annihilape, L50, M|\n|poke|p2|Maushold-Four, L50|\n|poke|p2|Murkrow, L50, M|\n|poke|p2|Gholdengo, L50|\n|poke|p2|Archaludon, L50, F|\n|poke|p2|Rillaboom, L50, F|\n|teampreview|4\n|inactive|Battle timer is ON: inactive players will automatically lose when time's up. (requested by VGCLTH <1000ELO)\n|inactive|VGCLTH <1000ELO has 60 seconds left.\n|inactive|VGCLTH <1000ELO has 30 seconds left.\n|inactive|VGCLTH <1000ELO has 20 seconds left.\n|inactive|VGCLTH <1000ELO has 15 seconds left.\n|inactive|VGCLTH <1000ELO has 10 seconds left.\n|inactive|VGCLTH <1000ELO has 5 seconds left.\n|\n|t:|1732212036\n|start\n|switch|p1a: Dragonite|Dragonite, L50, M|100\/100\n|switch|p1b: Glimmora|Glimmora, L50, F|100\/100\n|switch|p2a: Simmenthal|Archaludon, L50, F|100\/100\n|switch|p2b: Antonio|Annihilape, L50, M|100\/100\n|turn|1\n|j| futonkagebunshin\n|inactive|VGCLTH <1000ELO has 30 seconds left.\n|\n|t:|1732212076\n|-terastallize|p2b: Antonio|Water\n|move|p2a: Simmenthal|Flash Cannon|p1b: Glimmora\n|-supereffective|p1b: Glimmora\n|-damage|p1b: Glimmora|42\/100\n|move|p2b: Antonio|Rage Fist|p1a: Dragonite\n|-damage|p1a: Dragonite|91\/100\n|move|p1b: Glimmora|Earth Power|p2a: Simmenthal\n|-supereffective|p2a: Simmenthal\n|-crit|p2a: Simmenthal\n|-ability|p2a: Simmenthal|Sturdy\n|-damage|p2a: Simmenthal|1\/100\n|move|p1a: Dragonite|Outrage|p2b: Antonio\n|-crit|p2b: Antonio\n|-damage|p2b: Antonio|0 fnt\n|faint|p2b: Antonio\n|\n|upkeep\n|\n|t:|1732212093\n|switch|p2b: Tarzan|Rillaboom, L50, F|100\/100\n|-fieldstart|move: Grassy Terrain|[from] ability: Grassy Surge|[of] p2b: Tarzan\n|turn|2\n|\n|t:|1732212117\n|-terastallize|p1b: Glimmora|Grass\n|move|p2b: Tarzan|Fake Out|p1b: Glimmora\n|-damage|p1b: Glimmora|30\/100\n|-activate|p1b: Glimmora|ability: Toxic Debris\n|-sidestart|p2: Babakauma|move: Toxic Spikes\n|move|p2a: Simmenthal|Draco Meteor|p1a: Dragonite\n|-supereffective|p1a: Dragonite\n|-damage|p1a: Dragonite|0 fnt\n|-unboost|p2a: Simmenthal|spa|2\n|faint|p1a: Dragonite\n|cant|p1b: Glimmora|flinch\n|\n|-heal|p2a: Simmenthal|7\/100|[from] Grassy Terrain\n|-heal|p1b: Glimmora|35\/100|[from] Grassy Terrain\n|upkeep\n|\n|t:|1732212127\n|switch|p1a: Tatsugiri|Tatsugiri, L50, M|100\/100\n|turn|3\n|\n|t:|1732212136\n|switch|p2a: Anacleto|Murkrow, L50, M|100\/100\n|move|p1a: Tatsugiri|Dragon Pulse|p2a: Anacleto\n|-damage|p2a: Anacleto|63\/100\n|move|p1b: Glimmora|Sludge Bomb|p2b: Tarzan\n|-supereffective|p2b: Tarzan\n|-damage|p2b: Tarzan|36\/100\n|move|p2b: Tarzan|Wood Hammer|p1a: Tatsugiri\n|-enditem|p1a: Tatsugiri|Focus Sash\n|-damage|p1a: Tatsugiri|1\/100\n|-damage|p2b: Tarzan|13\/100|[from] Recoil\n|\n|-heal|p1a: Tatsugiri|7\/100|[from] Grassy Terrain\n|-heal|p1b: Glimmora|41\/100|[from] Grassy Terrain\n|-heal|p2b: Tarzan|19\/100|[from] Grassy Terrain\n|upkeep\n|turn|4\n|\n|t:|1732212152\n|move|p1a: Tatsugiri|Protect|p1a: Tatsugiri\n|-singleturn|p1a: Tatsugiri|Protect\n|move|p2a: Anacleto|Tailwind|p2a: Anacleto\n|-sidestart|p2: Babakauma|move: Tailwind\n|move|p2b: Tarzan|Wood Hammer|p1b: Glimmora\n|-resisted|p1b: Glimmora\n|-damage|p1b: Glimmora|5\/100\n|-activate|p1b: Glimmora|ability: Toxic Debris\n|-sidestart|p2: Babakauma|move: Toxic Spikes\n|-damage|p2b: Tarzan|8\/100|[from] Recoil\n|move|p1b: Glimmora|Power Gem|p2a: Anacleto\n|-supereffective|p2a: Anacleto\n|-damage|p2a: Anacleto|0 fnt\n|faint|p2a: Anacleto\n|\n|-heal|p2b: Tarzan|14\/100|[from] Grassy Terrain\n|-heal|p1a: Tatsugiri|14\/100|[from] Grassy Terrain\n|-heal|p1b: Glimmora|11\/100|[from] Grassy Terrain\n|upkeep\n|\n|t:|1732212159\n|switch|p2a: Simmenthal|Archaludon, L50, F|7\/100\n|turn|5\n|inactive|VGCLTH <1000ELO has 30 seconds left.\n|inactive|VGCLTH <1000ELO has 20 seconds left.\n|inactive|VGCLTH <1000ELO has 15 seconds left.\n|inactive|VGCLTH <1000ELO has 10 seconds left.\n|\n|t:|1732212207\n|switch|p1a: Dondozo|Dondozo, L50, M|100\/100\n|move|p2b: Tarzan|Grassy Glide|p1a: Dondozo\n|-supereffective|p1a: Dondozo\n|-damage|p1a: Dondozo|47\/100\n|move|p2a: Simmenthal|Electro Shot||[still]\n|-prepare|p2a: Simmenthal|Electro Shot\n|-boost|p2a: Simmenthal|spa|1\n|-enditem|p2a: Simmenthal|Power Herb\n|-anim|p2a: Simmenthal|Electro Shot|p1b: Glimmora\n|-resisted|p1b: Glimmora\n|-damage|p1b: Glimmora|0 fnt\n|faint|p1b: Glimmora\n|\n|-heal|p2a: Simmenthal|13\/100|[from] Grassy Terrain\n|-heal|p2b: Tarzan|20\/100|[from] Grassy Terrain\n|-heal|p1a: Dondozo|53\/100|[from] Grassy Terrain\n|-heal|p1a: Dondozo|60\/100|[from] item: Leftovers\n|upkeep\n|\n|t:|1732212209\n|switch|p1b: Tatsugiri|Tatsugiri, L50, M|14\/100\n|-activate|p1b: Tatsugiri|ability: Commander|[of] p1a: Dondozo\n|-boost|p1a: Dondozo|atk|2\n|-boost|p1a: Dondozo|spa|2\n|-boost|p1a: Dondozo|spe|2\n|-boost|p1a: Dondozo|def|2\n|-boost|p1a: Dondozo|spd|2\n|turn|6\n|\n|t:|1732212216\n|move|p1a: Dondozo|Protect|p1a: Dondozo\n|-singleturn|p1a: Dondozo|Protect\n|move|p2a: Simmenthal|Electro Shot||[still]\n|-prepare|p2a: Simmenthal|Electro Shot\n|-boost|p2a: Simmenthal|spa|1\n|move|p2b: Tarzan|Wood Hammer|p1a: Dondozo\n|-activate|p1a: Dondozo|move: Protect\n|\n|-heal|p2a: Simmenthal|19\/100|[from] Grassy Terrain\n|-heal|p2b: Tarzan|26\/100|[from] Grassy Terrain\n|-heal|p1a: Dondozo|66\/100|[from] Grassy Terrain\n|-heal|p1a: Dondozo|72\/100|[from] item: Leftovers\n|-heal|p1b: Tatsugiri|20\/100|[from] Grassy Terrain\n|-fieldend|move: Grassy Terrain\n|upkeep\n|turn|7\n|\n|t:|1732212227\n|move|p2a: Simmenthal|Electro Shot|p1a: Dondozo|[from]lockedmove\n|-supereffective|p1a: Dondozo\n|-damage|p1a: Dondozo|22\/100\n|move|p2b: Tarzan|Wood Hammer|p1a: Dondozo\n|-supereffective|p1a: Dondozo\n|-damage|p1a: Dondozo|0 fnt\n|faint|p1a: Dondozo\n|-damage|p2b: Tarzan|18\/100|[from] Recoil\n|\n|-sideend|p2: Babakauma|move: Tailwind\n|upkeep\n|turn|8\n|\n|t:|1732212241\n|move|p1b: Tatsugiri|Muddy Water|p2b: Tarzan|[spread] p2a,p2b\n|-resisted|p2a: Simmenthal\n|-resisted|p2b: Tarzan\n|-damage|p2a: Simmenthal|0 fnt\n|-damage|p2b: Tarzan|6\/100\n|faint|p2a: Simmenthal\n|move|p2b: Tarzan|Wood Hammer|p1b: Tatsugiri\n|-damage|p1b: Tatsugiri|0 fnt\n|faint|p1b: Tatsugiri\n|-damage|p2b: Tarzan|1\/100|[from] Recoil\n|\n|win|Babakauma\n|raw|VGCLTH &lt;1000ELO's rating: 1906 &rarr; <strong>1879<\/strong><br \/>(-27 for losing)\n|raw|Babakauma's rating: 1783 &rarr; <strong>1810<\/strong><br \/>(+27 for winning)\n|l|\u2606VGCLTH <1000ELO\n|player|p1|\n|l|\u2606Babakauma\n|player|p2|\n","uploadtime":1732212381,"views":56,"formatid":"gen9vgc2024regh","rating":1810,"private":0,"password":null}