{"id":"gen9vgc2024regh-2248410204","format":"[Gen 9] VGC 2024 Reg H","players":["SnarkyShane","dayron91"],"log":"|j|\u2606SnarkyShane\n|j|\u2606dayron91\n|t:|1732211909\n|gametype|doubles\n|player|p1|SnarkyShane|gambler|1644\n|player|p2|dayron91|dragontamer|1744\n|teamsize|p1|6\n|teamsize|p2|6\n|gen|9\n|tier|[Gen 9] VGC 2024 Reg H\n|rated|\n|rule|Species Clause: Limit one of each Pok\u00e9mon\n|rule|Item Clause: Limit 1 of each item\n|clearpoke\n|poke|p1|Kommo-o, L50, M|\n|poke|p1|Incineroar, L50, M|\n|poke|p1|Amoonguss, L50, F|\n|poke|p1|Kingambit, L50, M|\n|poke|p1|Ninetales-Alola, L50, F|\n|poke|p1|Sneasler, L50, F|\n|poke|p2|Archaludon, L50, M|\n|poke|p2|Whimsicott, L50, M|\n|poke|p2|Incineroar, L50, F|\n|poke|p2|Murkrow, L50, F|\n|poke|p2|Basculegion, L50, M|\n|poke|p2|Annihilape, L50, F|\n|teampreview|4\n|inactive|Battle timer is ON: inactive players will automatically lose when time's up. (requested by SnarkyShane)\n|inactive|SnarkyShane has 60 seconds left.\n|j| Fleur Nyx\n|inactive|dayron91 has 60 seconds left.\n|inactive|dayron91 has 30 seconds left.\n|inactive|dayron91 has 20 seconds left.\n|\n|t:|1732211985\n|start\n|switch|p1a: Amoonguss|Amoonguss, L50, F|100\/100\n|switch|p1b: Ninetales|Ninetales-Alola, L50, F|100\/100\n|switch|p2a: Whimsicott|Whimsicott, L50, M|100\/100\n|switch|p2b: Annihilape|Annihilape, L50, F|100\/100\n|-weather|Snow|[from] ability: Snow Warning|[of] p1b: Ninetales\n|turn|1\n|inactive|dayron91 has 30 seconds left.\n|inactive|dayron91 has 20 seconds left.\n|inactive|dayron91 has 15 seconds left.\n|inactive|dayron91 has 10 seconds left.\n|\n|t:|1732212033\n|move|p2a: Whimsicott|Beat Up|p2b: Annihilape\n|-damage|p2b: Annihilape|99\/100\n|-damage|p2b: Annihilape|97\/100\n|-damage|p2b: Annihilape|95\/100\n|-damage|p2b: Annihilape|92\/100\n|-hitcount|p2b: Annihilape|4\n|move|p1b: Ninetales|Aurora Veil|p1b: Ninetales\n|-sidestart|p1: SnarkyShane|move: Aurora Veil\n|move|p2b: Annihilape|Rage Fist|p1a: Amoonguss\n|-damage|p1a: Amoonguss|34\/100\n|-damage|p2b: Annihilape|76\/100|[from] item: Rocky Helmet|[of] p1a: Amoonguss\n|move|p1a: Amoonguss|Sludge Bomb|p2a: Whimsicott\n|-supereffective|p2a: Whimsicott\n|-enditem|p2a: Whimsicott|Focus Sash\n|-damage|p2a: Whimsicott|1\/100\n|\n|-weather|Snow|[upkeep]\n|upkeep\n|turn|2\n|inactive|SnarkyShane has 30 seconds left.\n|inactive|dayron91 has 30 seconds left.\n|j| futonkagebunshin\n|\n|t:|1732212067\n|-terastallize|p2b: Annihilape|Fire\n|move|p2a: Whimsicott|Tailwind|p2a: Whimsicott\n|-sidestart|p2: dayron91|move: Tailwind\n|move|p2b: Annihilape|Rage Fist|p1a: Amoonguss\n|-damage|p1a: Amoonguss|0 fnt\n|-damage|p2b: Annihilape|59\/100|[from] item: Rocky Helmet|[of] p1a: Amoonguss\n|faint|p1a: Amoonguss\n|move|p1b: Ninetales|Moonblast|p2b: Annihilape\n|-resisted|p2b: Annihilape\n|-damage|p2b: Annihilape|44\/100\n|\n|-weather|Snow|[upkeep]\n|upkeep\n|\n|t:|1732212077\n|switch|p1a: Kingambit|Kingambit, L50, M|100\/100\n|turn|3\n|\n|t:|1732212099\n|switch|p2a: Archaludon|Archaludon, L50, M|100\/100\n|move|p1a: Kingambit|Sucker Punch|p2b: Annihilape\n|-damage|p2b: Annihilape|0 fnt\n|faint|p2b: Annihilape\n|-damage|p1a: Kingambit|91\/100|[from] item: Life Orb\n|move|p1b: Ninetales|Blizzard|p2a: Archaludon\n|-damage|p2a: Archaludon|68\/100\n|-ability|p2a: Archaludon|Stamina|boost\n|-boost|p2a: Archaludon|def|1\n|\n|-weather|Snow|[upkeep]\n|upkeep\n|inactive|dayron91 has 30 seconds left.\n|\n|t:|1732212127\n|switch|p2b: Incineroar|Incineroar, L50, F|100\/100\n|-ability|p2b: Incineroar|Intimidate|boost\n|-unboost|p1a: Kingambit|atk|1\n|-ability|p1a: Kingambit|Defiant|boost\n|-boost|p1a: Kingambit|atk|2\n|-unboost|p1b: Ninetales|atk|1\n|turn|4\n|inactive|dayron91 has 30 seconds left.\n|\n|t:|1732212162\n|move|p1a: Kingambit|Protect|p1a: Kingambit\n|-singleturn|p1a: Kingambit|Protect\n|move|p2a: Archaludon|Body Press|p1a: Kingambit\n|-activate|p1a: Kingambit|move: Protect\n|move|p2b: Incineroar|Flare Blitz|p1a: Kingambit\n|-activate|p1a: Kingambit|move: Protect\n|move|p1b: Ninetales|Moonblast|p2a: Archaludon\n|-damage|p2a: Archaludon|42\/100\n|-ability|p2a: Archaludon|Stamina|boost\n|-boost|p2a: Archaludon|def|1\n|\n|-weather|Snow|[upkeep]\n|upkeep\n|turn|5\n|inactive|dayron91 has 30 seconds left.\n|\n|t:|1732212194\n|-terastallize|p1a: Kingambit|Ghost\n|move|p2a: Archaludon|Body Press|p1a: Kingambit\n|-immune|p1a: Kingambit\n|move|p2b: Incineroar|Flare Blitz|p1a: Kingambit\n|-damage|p1a: Kingambit|63\/100\n|-damage|p2b: Incineroar|91\/100|[from] Recoil\n|move|p1b: Ninetales|Moonblast|p2a: Archaludon\n|-damage|p2a: Archaludon|16\/100\n|-unboost|p2a: Archaludon|spa|1\n|-ability|p2a: Archaludon|Stamina|boost\n|-boost|p2a: Archaludon|def|1\n|move|p1a: Kingambit|Kowtow Cleave|p2a: Archaludon\n|-damage|p2a: Archaludon|0 fnt\n|faint|p2a: Archaludon\n|-damage|p1a: Kingambit|53\/100|[from] item: Life Orb\n|\n|-weather|none\n|-sideend|p2: dayron91|move: Tailwind\n|-sideend|p1: SnarkyShane|move: Aurora Veil\n|upkeep\n|\n|t:|1732212215\n|switch|p2a: Whimsicott|Whimsicott, L50, M|1\/100\n|turn|6\n|\n|t:|1732212229\n|move|p2a: Whimsicott|Tailwind|p2a: Whimsicott\n|-sidestart|p2: dayron91|move: Tailwind\n|move|p2b: Incineroar|Flare Blitz|p1b: Ninetales\n|-supereffective|p1b: Ninetales\n|-damage|p1b: Ninetales|0 fnt\n|faint|p1b: Ninetales\n|-damage|p2b: Incineroar|66\/100|[from] Recoil\n|move|p1a: Kingambit|Kowtow Cleave|p2a: Whimsicott\n|-resisted|p2a: Whimsicott\n|-damage|p2a: Whimsicott|0 fnt\n|faint|p2a: Whimsicott\n|-damage|p1a: Kingambit|44\/100|[from] item: Life Orb\n|\n|upkeep\n|\n|t:|1732212232\n|switch|p1b: Kommo-o|Kommo-o, L50, M|100\/100\n|turn|7\n|\n|t:|1732212248\n|move|p2b: Incineroar|Knock Off|p1a: Kingambit\n|-supereffective|p1a: Kingambit\n|-damage|p1a: Kingambit|0 fnt\n|-enditem|p1a: Kingambit|Life Orb|[from] move: Knock Off|[of] p2b: Incineroar\n|faint|p1a: Kingambit\n|move|p1b: Kommo-o|Clangorous Soul|p1b: Kommo-o\n|-boost|p1b: Kommo-o|atk|1\n|-boost|p1b: Kommo-o|def|1\n|-boost|p1b: Kommo-o|spa|1\n|-boost|p1b: Kommo-o|spd|1\n|-boost|p1b: Kommo-o|spe|1\n|-damage|p1b: Kommo-o|68\/100\n|-enditem|p1b: Kommo-o|Throat Spray\n|-boost|p1b: Kommo-o|spa|1|[from] item: Throat Spray\n|\n|upkeep\n|turn|8\n|\n|t:|1732212261\n|move|p1b: Kommo-o|Protect|p1b: Kommo-o\n|-singleturn|p1b: Kommo-o|Protect\n|move|p2b: Incineroar|Knock Off|p1b: Kommo-o\n|-activate|p1b: Kommo-o|move: Protect\n|\n|upkeep\n|turn|9\n|\n|t:|1732212268\n|move|p1b: Kommo-o|Clanging Scales|p2b: Incineroar\n|-damage|p2b: Incineroar|0 fnt\n|faint|p2b: Incineroar\n|\n|win|SnarkyShane\n|raw|SnarkyShane's rating: 1644 &rarr; <strong>1670<\/strong><br \/>(+26 for winning)\n|raw|dayron91's rating: 1744 &rarr; <strong>1718<\/strong><br \/>(-26 for losing)\n|l|\u2606dayron91\n|player|p2|\n|l|\u2606SnarkyShane\n|player|p1|\n","uploadtime":1732212519,"views":15,"formatid":"gen9vgc2024regh","rating":1670,"private":0,"password":null}