{"id":"gen9vgc2024regh-2248290789","format":"[Gen 9] VGC 2024 Reg H","players":["zip520520","Its me Lukas"],"log":"|j|\u2606zip520520\n|j|\u2606Its me Lukas\n|t:|1732200432\n|gametype|doubles\n|player|p1|zip520520|170|1715\n|player|p2|Its me Lukas|2|1793\n|teamsize|p1|6\n|teamsize|p2|6\n|gen|9\n|tier|[Gen 9] VGC 2024 Reg H\n|rated|\n|rule|Species Clause: Limit one of each Pok\u00e9mon\n|rule|Item Clause: Limit 1 of each item\n|clearpoke\n|poke|p1|Garchomp, L50, M|\n|poke|p1|Glimmora, L50, F|\n|poke|p1|Tyranitar, L50, F|\n|poke|p1|Grimmsnarl, L50, M|\n|poke|p1|Sinistcha, L50|\n|poke|p1|Ursaluna-Bloodmoon, L50, M|\n|poke|p2|Sneasler, L50, F|\n|poke|p2|Delphox, L50, F|\n|poke|p2|Indeedee-F, L50, F|\n|poke|p2|Archaludon, L50, F|\n|poke|p2|Pelipper, L50, F|\n|poke|p2|Dragonite, L50, M|\n|teampreview|4\n|inactive|Battle timer is ON: inactive players will automatically lose when time's up. (requested by zip520520)\n|inactive|zip520520 has 60 seconds left.\n|j| MillerH33\n|\n|t:|1732200492\n|start\n|switch|p1a: Glimmora|Glimmora, L50, F|100\/100\n|switch|p1b: Grimmsnarl|Grimmsnarl, L50, M|100\/100\n|switch|p2a: Delphox|Delphox, L50, F|100\/100\n|switch|p2b: Sneasler|Sneasler, L50, F|100\/100\n|turn|1\n|inactive|zip520520 has 30 seconds left.\n|\n|t:|1732200522\n|-terastallize|p2a: Delphox|Psychic\n|move|p1b: Grimmsnarl|Reflect|p1b: Grimmsnarl\n|-sidestart|p1: zip520520|Reflect\n|move|p2b: Sneasler|Dire Claw|p1b: Grimmsnarl\n|-supereffective|p1b: Grimmsnarl\n|-damage|p1b: Grimmsnarl|45\/100\n|move|p2a: Delphox|Expanding Force|p1a: Glimmora\n|-supereffective|p1a: Glimmora\n|-enditem|p1a: Glimmora|Focus Sash\n|-damage|p1a: Glimmora|1\/100\n|move|p1a: Glimmora|Power Gem|p2a: Delphox\n|-damage|p2a: Delphox|54\/100\n|\n|upkeep\n|turn|2\n|inactive|zip520520 has 30 seconds left.\n|inactive|zip520520 has 20 seconds left.\n|inactive|zip520520 has 15 seconds left.\n|inactive|zip520520 has 10 seconds left.\n|\n|t:|1732200567\n|move|p1a: Glimmora|Spiky Shield|p1a: Glimmora\n|-singleturn|p1a: Glimmora|move: Protect\n|move|p1b: Grimmsnarl|Light Screen|p1b: Grimmsnarl\n|-sidestart|p1: zip520520|move: Light Screen\n|move|p2b: Sneasler|Dire Claw|p1b: Grimmsnarl\n|-supereffective|p1b: Grimmsnarl\n|-damage|p1b: Grimmsnarl|0 fnt\n|faint|p1b: Grimmsnarl\n|move|p2a: Delphox|Expanding Force|p1a: Glimmora\n|-activate|p1a: Glimmora|move: Protect\n|\n|upkeep\n|\n|t:|1732200579\n|switch|p1b: Sinistcha|Sinistcha, L50|100\/100\n|-heal|p1a: Glimmora|26\/100|[from] ability: Hospitality|[of] p1b: Sinistcha\n|turn|3\n|\n|t:|1732200594\n|switch|p2b: Indeedee|Indeedee-F, L50, F|100\/100\n|-fieldstart|move: Psychic Terrain|[from] ability: Psychic Surge|[of] p2b: Indeedee\n|move|p2a: Delphox|Expanding Force|p1b: Sinistcha|[spread] p1a,p1b\n|-supereffective|p1a: Glimmora\n|-damage|p1a: Glimmora|0 fnt\n|-damage|p1b: Sinistcha|33\/100\n|-enditem|p1b: Sinistcha|Sitrus Berry|[eat]\n|-heal|p1b: Sinistcha|57\/100|[from] item: Sitrus Berry\n|faint|p1a: Glimmora\n|move|p1b: Sinistcha|Trick Room|p1b: Sinistcha\n|-fieldstart|move: Trick Room|[of] p1b: Sinistcha\n|\n|upkeep\n|\n|t:|1732200607\n|switch|p1a: Ursaluna|Ursaluna-Bloodmoon, L50, M|100\/100\n|turn|4\n|\n|t:|1732200629\n|switch|p2a: Sneasler|Sneasler, L50, F|100\/100\n|-enditem|p2a: Sneasler|Psychic Seed\n|-boost|p2a: Sneasler|spd|1|[from] item: Psychic Seed\n|move|p1a: Ursaluna|Blood Moon|p2b: Indeedee\n|-crit|p2b: Indeedee\n|-damage|p2b: Indeedee|0 fnt\n|faint|p2b: Indeedee\n|move|p1b: Sinistcha|Matcha Gotcha|p2a: Sneasler\n|-resisted|p2a: Sneasler\n|-damage|p2a: Sneasler|85\/100\n|-heal|p1b: Sinistcha|64\/100|[from] drain|[of] p2a: Sneasler\n|\n|upkeep\n|c|\u2606Its me Lukas|classic\n|\n|t:|1732200644\n|switch|p2b: Delphox|Delphox, L50, F, tera:Psychic|54\/100\n|turn|5\n|\n|t:|1732200659\n|move|p1b: Sinistcha|Rage Powder|p1b: Sinistcha\n|-singleturn|p1b: Sinistcha|move: Rage Powder\n|move|p1a: Ursaluna|Hyper Voice|p2a: Sneasler|[spread] p2a,p2b\n|-damage|p2a: Sneasler|48\/100\n|-damage|p2b: Delphox|10\/100\n|-enditem|p1a: Ursaluna|Throat Spray\n|-boost|p1a: Ursaluna|spa|1|[from] item: Throat Spray\n|move|p2b: Delphox|Expanding Force|p1a: Ursaluna|[spread] p1a,p1b\n|-damage|p1a: Ursaluna|23\/100\n|-damage|p1b: Sinistcha|3\/100\n|move|p2a: Sneasler|Close Combat|p1b: Sinistcha\n|-immune|p1b: Sinistcha\n|\n|upkeep\n|turn|6\n|\n|t:|1732200675\n|move|p2a: Sneasler|Protect|p2a: Sneasler\n|-singleturn|p2a: Sneasler|Protect\n|move|p1a: Ursaluna|Hyper Voice|p2b: Delphox|[spread] p2b\n|-activate|p2a: Sneasler|move: Protect\n|-damage|p2b: Delphox|0 fnt\n|faint|p2b: Delphox\n|move|p1b: Sinistcha|Life Dew|p1b: Sinistcha|[spread] p1a,p1b\n|-heal|p1a: Ursaluna|48\/100\n|-heal|p1b: Sinistcha|28\/100\n|\n|upkeep\n|\n|t:|1732200684\n|switch|p2b: Archaludon|Archaludon, L50, F|100\/100\n|turn|7\n|\n|t:|1732200704\n|move|p2a: Sneasler|Protect|p2a: Sneasler\n|-singleturn|p2a: Sneasler|Protect\n|move|p1a: Ursaluna|Hyper Voice|p2b: Archaludon|[spread] p2b\n|-activate|p2a: Sneasler|move: Protect\n|-resisted|p2b: Archaludon\n|-damage|p2b: Archaludon|79\/100\n|-ability|p2b: Archaludon|Stamina|boost\n|-boost|p2b: Archaludon|def|1\n|move|p1b: Sinistcha|Life Dew|p1b: Sinistcha|[spread] p1a,p1b\n|-heal|p1a: Ursaluna|73\/100\n|-heal|p1b: Sinistcha|53\/100\n|move|p2b: Archaludon|Draco Meteor|p1a: Ursaluna\n|-damage|p1a: Ursaluna|29\/100\n|-unboost|p2b: Archaludon|spa|2\n|\n|-fieldend|move: Trick Room\n|-fieldend|move: Psychic Terrain\n|upkeep\n|turn|8\n|inactive|Its me Lukas has 30 seconds left.\n|\n|t:|1732200730\n|move|p1a: Ursaluna|Protect|p1a: Ursaluna\n|-singleturn|p1a: Ursaluna|Protect\n|move|p2a: Sneasler|Close Combat|p1a: Ursaluna\n|-activate|p1a: Ursaluna|move: Protect\n|move|p2b: Archaludon|Flash Cannon|p1a: Ursaluna\n|-activate|p1a: Ursaluna|move: Protect\n|move|p1b: Sinistcha|Trick Room|p1b: Sinistcha\n|-fieldstart|move: Trick Room|[of] p1b: Sinistcha\n|\n|-sideend|p1: zip520520|Reflect\n|upkeep\n|turn|9\n|\n|t:|1732200745\n|move|p1b: Sinistcha|Rage Powder|p1b: Sinistcha\n|-singleturn|p1b: Sinistcha|move: Rage Powder\n|move|p1a: Ursaluna|Hyper Voice|p2b: Archaludon|[spread] p2a,p2b\n|-resisted|p2b: Archaludon\n|-damage|p2a: Sneasler|0 fnt\n|-damage|p2b: Archaludon|59\/100\n|-ability|p2b: Archaludon|Stamina|boost\n|-boost|p2b: Archaludon|def|1\n|faint|p2a: Sneasler\n|move|p2b: Archaludon|Flash Cannon|p1b: Sinistcha\n|-damage|p1b: Sinistcha|43\/100\n|\n|-sideend|p1: zip520520|move: Light Screen\n|upkeep\n|turn|10\n|c|\u2606Its me Lukas|I wasn't paying attention and could have throat chopped\n|\n|t:|1732200761\n|move|p1a: Ursaluna|Earth Power|p2b: Archaludon\n|-supereffective|p2b: Archaludon\n|-damage|p2b: Archaludon|0 fnt\n|faint|p2b: Archaludon\n|\n|win|zip520520\n|raw|zip520520's rating: 1715 &rarr; <strong>1739<\/strong><br \/>(+24 for winning)\n|raw|Its me Lukas's rating: 1793 &rarr; <strong>1769<\/strong><br \/>(-24 for losing)\n|c|\u2606Its me Lukas|throw\n","uploadtime":1732200764,"views":31,"formatid":"gen9vgc2024regh","rating":1739,"private":0,"password":null}