{"id":"gen9vgc2024regh-2248044409","format":"[Gen 9] VGC 2024 Reg H","players":["ren122333","Spottedwoot"],"log":"|j|\u2606ren122333\n|j|\u2606Spottedwoot\n|t:|1732161323\n|gametype|doubles\n|player|p1|ren122333|hilbert|1657\n|player|p2|Spottedwoot|170|1763\n|teamsize|p1|6\n|teamsize|p2|6\n|gen|9\n|tier|[Gen 9] VGC 2024 Reg H\n|rated|\n|rule|Species Clause: Limit one of each Pok\u00e9mon\n|rule|Item Clause: Limit 1 of each item\n|clearpoke\n|poke|p1|Whimsicott, L50, M|\n|poke|p1|Mamoswine, L50, F|\n|poke|p1|Lycanroc-Dusk, L50, F|\n|poke|p1|Typhlosion-Hisui, L50, F|\n|poke|p1|Farigiraf, L50, M|\n|poke|p1|Mienshao, L50, F|\n|poke|p2|Kingambit, L50, M|\n|poke|p2|Primarina, L50, F|\n|poke|p2|Salamence, L50, M|\n|poke|p2|Gholdengo, L50|\n|poke|p2|Sneasler, L50, M|\n|poke|p2|Volcarona, L50, M|\n|teampreview|4\n|inactive|Battle timer is ON: inactive players will automatically lose when time's up. (requested by ren122333)\n|\n|t:|1732161349\n|start\n|switch|p1a: Whimsicott|Whimsicott, L50, M|100\/100\n|switch|p1b: Mamoswine|Mamoswine, L50, F|100\/100\n|switch|p2a: Primarina|Primarina, L50, F|100\/100\n|switch|p2b: Sneasler|Sneasler, L50, M|100\/100\n|turn|1\n|\n|t:|1732161365\n|switch|p1a: Farigiraf|Farigiraf, L50, M|100\/100\n|-terastallize|p1b: Mamoswine|Grass\n|move|p2b: Sneasler|Fake Out||[still]\n|cant|p1a: Farigiraf|ability: Armor Tail|Fake Out|[of] p2b: Sneasler\n|move|p1b: Mamoswine|Tera Blast|p2a: Primarina|[anim] Tera Blast Grass\n|-supereffective|p2a: Primarina\n|-damage|p2a: Primarina|0 fnt\n|faint|p2a: Primarina\n|\n|upkeep\n|\n|t:|1732161371\n|switch|p2a: Kingambit|Kingambit, L50, M|100\/100\n|turn|2\n|\n|t:|1732161395\n|switch|p1a: Whimsicott|Whimsicott, L50, M|100\/100\n|move|p2b: Sneasler|Dire Claw|p1b: Mamoswine\n|-supereffective|p1b: Mamoswine\n|-damage|p1b: Mamoswine|6\/100\n|move|p1b: Mamoswine|Icicle Crash|p2b: Sneasler\n|-damage|p2b: Sneasler|28\/100\n|move|p2a: Kingambit|Swords Dance|p2a: Kingambit\n|-boost|p2a: Kingambit|atk|2\n|\n|upkeep\n|turn|3\n|\n|t:|1732161418\n|move|p2a: Kingambit|Sucker Punch||[still]\n|-fail|p2a: Kingambit\n|move|p2b: Sneasler|Dire Claw|p1a: Whimsicott\n|-supereffective|p1a: Whimsicott\n|-enditem|p1a: Whimsicott|Focus Sash\n|-damage|p1a: Whimsicott|1\/100\n|move|p1a: Whimsicott|Moonblast|p2b: Sneasler\n|-crit|p2b: Sneasler\n|-damage|p2b: Sneasler|0 fnt\n|faint|p2b: Sneasler\n|move|p1b: Mamoswine|Haze|p1b: Mamoswine\n|-clearallboost\n|\n|upkeep\n|\n|t:|1732161425\n|switch|p2b: Gholdengo|Gholdengo, L50|100\/100\n|turn|4\n|\n|t:|1732161436\n|switch|p1a: Farigiraf|Farigiraf, L50, M|100\/100\n|move|p2b: Gholdengo|Make It Rain|p1a: Farigiraf|[spread] p1a,p1b\n|-damage|p1a: Farigiraf|30\/100\n|-damage|p1b: Mamoswine|0 fnt\n|-unboost|p2b: Gholdengo|spa|1\n|faint|p1b: Mamoswine\n|move|p2a: Kingambit|Swords Dance|p2a: Kingambit\n|-boost|p2a: Kingambit|atk|2\n|\n|upkeep\n|\n|t:|1732161442\n|switch|p1b: Typhlosion|Typhlosion-Hisui, L50, F|100\/100\n|-item|p2a: Kingambit|Safety Goggles|[from] ability: Frisk|[of] p1b: Typhlosion\n|-item|p2b: Gholdengo|Choice Specs|[from] ability: Frisk|[of] p1b: Typhlosion\n|turn|5\n|inactive|Spottedwoot has 30 seconds left.\n|\n|t:|1732161475\n|-terastallize|p2a: Kingambit|Dark\n|move|p1b: Typhlosion|Eruption|p2b: Gholdengo|[spread] p2a,p2b\n|-supereffective|p2b: Gholdengo\n|-damage|p2a: Kingambit|32\/100\n|-damage|p2b: Gholdengo|0 fnt\n|faint|p2b: Gholdengo\n|move|p1a: Farigiraf|Hyper Voice|p2a: Kingambit\n|-damage|p2a: Kingambit|0 fnt\n|faint|p2a: Kingambit\n|\n|win|ren122333\n|raw|ren122333's rating: 1657 &rarr; <strong>1683<\/strong><br \/>(+26 for winning)\n|raw|Spottedwoot's rating: 1763 &rarr; <strong>1737<\/strong><br \/>(-26 for losing)\n","uploadtime":1732161480,"views":51,"formatid":"gen9vgc2024regh","rating":1683,"private":0,"password":null}