{"id":"gen9vgc2024regh-2248034061","format":"[Gen 9] VGC 2024 Reg H","players":["VGCLTH Slow","jayjazZa"],"log":"|raw|<div class=\"broadcast-blue\"><strong>This battle is required to be public due to a player having a name starting with 'vgclth'.<\/div>\n|j|\u2606VGCLTH Slow\n|j|\u2606jayjazZa\n|t:|1732159886\n|gametype|doubles\n|player|p1|VGCLTH Slow|skier|1695\n|player|p2|jayjazZa|1|1787\n|teamsize|p1|6\n|teamsize|p2|6\n|gen|9\n|tier|[Gen 9] VGC 2024 Reg H\n|rated|\n|rule|Species Clause: Limit one of each Pok\u00e9mon\n|rule|Item Clause: Limit 1 of each item\n|clearpoke\n|poke|p1|Sableye, L50, M|\n|poke|p1|Sylveon, L50, M|\n|poke|p1|Maushold-Four, L50|\n|poke|p1|Volcarona, L50, F|\n|poke|p1|Rillaboom, L50, F|\n|poke|p1|Annihilape, L50, M|\n|poke|p2|Exeggutor, L50, M|\n|poke|p2|Zoroark-Hisui, L50, F|\n|poke|p2|Ursaluna, L50, F|\n|poke|p2|Torkoal, L50, F|\n|poke|p2|Indeedee-F, L50, F|\n|poke|p2|Charizard, L50, M|\n|teampreview|4\n|inactive|Battle timer is ON: inactive players will automatically lose when time's up. (requested by jayjazZa)\nVGCLTH Slow has agreed to open team sheets.\n|j| alquediosselodio\n|\n|t:|1732159916\n|start\n|switch|p1a: Snowblind|Sableye, L50, M|100\/100\n|switch|p1b: Koko The Gorythmic|Rillaboom, L50, F|100\/100\n|switch|p2a: Charizard|Charizard, L50, M|100\/100\n|switch|p2b: Atlas|Torkoal, L50, F|100\/100\n|-fieldstart|move: Grassy Terrain|[from] ability: Grassy Surge|[of] p1b: Koko The Gorythmic\n|-weather|SunnyDay|[from] ability: Drought|[of] p2b: Atlas\n|turn|1\n|\n|t:|1732159927\n|switch|p2b: York|Indeedee-F, L50, F|100\/100\n|-fieldstart|move: Psychic Terrain|[from] ability: Psychic Surge|[of] p2b: York\n|-enditem|p2b: York|Psychic Seed\n|-boost|p2b: York|spd|1|[from] item: Psychic Seed\n|-terastallize|p1b: Koko The Gorythmic|Fire\n|move|p1a: Snowblind|Protect|p1a: Snowblind\n|-singleturn|p1a: Snowblind|Protect\n|move|p2a: Charizard|Heat Wave|p1a: Snowblind|[spread] p1b\n|-activate|p1a: Snowblind|move: Protect\n|-resisted|p1b: Koko The Gorythmic\n|-damage|p1b: Koko The Gorythmic|57\/100\n|move|p1b: Koko The Gorythmic|Wood Hammer|p2a: Charizard\n|-resisted|p2a: Charizard\n|-damage|p2a: Charizard|79\/100\n|-damage|p1b: Koko The Gorythmic|51\/100|[from] Recoil\n|\n|-weather|SunnyDay|[upkeep]\n|-damage|p2a: Charizard|67\/100|[from] ability: Solar Power|[of] p2a: Charizard\n|upkeep\n|turn|2\n|\n|t:|1732159948\n|move|p2b: York|Helping Hand|p2a: Charizard\n|-singleturn|p2a: Charizard|Helping Hand|[of] p2b: York\n|move|p1a: Snowblind|Disable|p2a: Charizard\n|-start|p2a: Charizard|Disable|Heat Wave\n|cant|p2a: Charizard|Disable|Heat Wave\n|move|p1b: Koko The Gorythmic|Wood Hammer|p2a: Charizard\n|-resisted|p2a: Charizard\n|-damage|p2a: Charizard|44\/100\n|-damage|p1b: Koko The Gorythmic|46\/100|[from] Recoil\n|\n|-weather|SunnyDay|[upkeep]\n|-damage|p2a: Charizard|32\/100|[from] ability: Solar Power|[of] p2a: Charizard\n|upkeep\n|turn|3\n|j| Xunyicaoawa\n|\n|t:|1732159964\n|switch|p2a: Atlas|Torkoal, L50, F|100\/100\n|switch|p1b: Shamonerona|Volcarona, L50, F, shiny|100\/100\n|move|p2b: York|Psychic|p1b: Shamonerona\n|-damage|p1b: Shamonerona|64\/100\n|move|p1a: Snowblind|Foul Play|p2a: Atlas\n|-damage|p2a: Atlas|80\/100\n|\n|-weather|SunnyDay|[upkeep]\n|upkeep\n|turn|4\n|\n|t:|1732159977\n|-terastallize|p2a: Atlas|Fire\n|move|p2b: York|Helping Hand|p2a: Atlas\n|-singleturn|p2a: Atlas|Helping Hand|[of] p2b: York\n|move|p1b: Shamonerona|Heat Wave|p2a: Atlas|[spread] p2a,p2b\n|-resisted|p2a: Atlas\n|-damage|p2a: Atlas|46\/100\n|-damage|p2b: York|64\/100\n|move|p1a: Snowblind|Foul Play|p2b: York\n|-supereffective|p2b: York\n|-damage|p2b: York|30\/100\n|move|p2a: Atlas|Heat Wave|p1b: Shamonerona|[spread] p1a,p1b\n|-damage|p1a: Snowblind|0 fnt\n|-damage|p1b: Shamonerona|0 fnt\n|faint|p1a: Snowblind\n|faint|p1b: Shamonerona\n|\n|-weather|SunnyDay|[upkeep]\n|upkeep\n|\n|t:|1732159990\n|switch|p1b: Koko The Gorythmic|Rillaboom, L50, F, tera:Fire|46\/100\n|switch|p1a: Old Yeller|Sylveon, L50, M, shiny|100\/100\n|-fieldstart|move: Grassy Terrain|[from] ability: Grassy Surge|[of] p1b: Koko The Gorythmic\n|turn|5\n|j| a2kadet\n|\n|t:|1732160007\n|switch|p2b: Stella|Exeggutor, L50, M|100\/100\n|switch|p2a: Charizard|Charizard, L50, M|32\/100\n|move|p1b: Koko The Gorythmic|Fake Out|p2a: Charizard\n|-damage|p2a: Charizard|9\/100\n|move|p1a: Old Yeller|Substitute|p1a: Old Yeller\n|-start|p1a: Old Yeller|Substitute\n|-damage|p1a: Old Yeller|75\/100\n|\n|-weather|none\n|-heal|p1b: Koko The Gorythmic|52\/100|[from] Grassy Terrain\n|-heal|p1a: Old Yeller|82\/100|[from] Grassy Terrain\n|upkeep\n|turn|6\n|\n|t:|1732160025\n|switch|p2b: York|Indeedee-F, L50, F|30\/100\n|-fieldstart|move: Psychic Terrain|[from] ability: Psychic Surge|[of] p2b: York\n|move|p2a: Charizard|Heat Wave|p1a: Old Yeller|[spread] p1a,p1b\n|-end|p1a: Old Yeller|Substitute\n|-resisted|p1b: Koko The Gorythmic\n|-damage|p1b: Koko The Gorythmic|32\/100\n|move|p1b: Koko The Gorythmic|Wood Hammer|p2b: York\n|-damage|p2b: York|0 fnt\n|faint|p2b: York\n|-damage|p1b: Koko The Gorythmic|23\/100|[from] Recoil\n|move|p1a: Old Yeller|Hyper Voice|p2a: Charizard\n|-resisted|p2a: Charizard\n|-damage|p2a: Charizard|0 fnt\n|faint|p2a: Charizard\n|\n|upkeep\n|\n|t:|1732160033\n|switch|p2a: Atlas|Torkoal, L50, F, tera:Fire|46\/100\n|switch|p2b: Stella|Exeggutor, L50, M|100\/100\n|-weather|SunnyDay|[from] ability: Drought|[of] p2a: Atlas\n|turn|7\n|\n|t:|1732160041\n|move|p2b: Stella|Expanding Force|p1b: Koko The Gorythmic|[spread] p1a,p1b\n|-damage|p1a: Old Yeller|31\/100\n|-damage|p1b: Koko The Gorythmic|0 fnt\n|faint|p1b: Koko The Gorythmic\n|move|p1a: Old Yeller|Hyper Voice|p2b: Stella|[spread] p2a,p2b\n|-resisted|p2a: Atlas\n|-damage|p2a: Atlas|13\/100\n|-damage|p2b: Stella|41\/100\n|move|p2a: Atlas|Heat Wave|p1a: Old Yeller\n|-damage|p1a: Old Yeller|0 fnt\n|faint|p1a: Old Yeller\n|\n|win|jayjazZa\n|raw|VGCLTH Slow's rating: 1695 &rarr; <strong>1680<\/strong><br \/>(-15 for losing)\n|raw|jayjazZa's rating: 1787 &rarr; <strong>1802<\/strong><br \/>(+15 for winning)\n|c|\u2606jayjazZa|Gg\n|c|\u2606VGCLTH Slow|Gg\n|l|\u2606VGCLTH Slow\n|player|p1|\n|l| alquediosselodio\n|l| Xunyicaoawa\n|l|\u2606jayjazZa\n|player|p2|\n|l| a2kadet\n","uploadtime":1732160045,"views":18,"formatid":"gen9vgc2024regh","rating":1680,"private":0,"password":null}