{"id":"gen9vgc2024regh-2248485856","format":"[Gen 9] VGC 2024 Reg H","players":["testy accounty 2","zip520520"],"log":"|j|\u2606testy accounty 2\n|j|\u2606zip520520\n|t:|1732219007\n|gametype|doubles\n|player|p1|testy accounty 2|102|1778\n|player|p2|zip520520|170|1799\n|teamsize|p1|6\n|teamsize|p2|6\n|gen|9\n|tier|[Gen 9] VGC 2024 Reg H\n|rated|\n|rule|Species Clause: Limit one of each Pok\u00e9mon\n|rule|Item Clause: Limit 1 of each item\n|clearpoke\n|poke|p1|Pelipper, L50, M|\n|poke|p1|Archaludon, L50, F|\n|poke|p1|Sneasler, L50, M|\n|poke|p1|Dragonite, L50, F|\n|poke|p1|Basculegion, L50, M|\n|poke|p1|Rillaboom, L50, F|\n|poke|p2|Gholdengo, L50|\n|poke|p2|Garchomp, L50, M|\n|poke|p2|Glimmora, L50, F|\n|poke|p2|Tyranitar, L50, F|\n|poke|p2|Primarina, L50, M|\n|poke|p2|Sinistcha, L50|\n|teampreview|4\n|j| kyo9t\n|\n|t:|1732219048\n|start\n|switch|p1a: VEGETA|Basculegion, L50, M|100\/100\n|switch|p1b: Rillaboom|Rillaboom, L50, F|100\/100\n|switch|p2a: Garchomp|Garchomp, L50, M|100\/100\n|switch|p2b: Glimmora|Glimmora, L50, F|100\/100\n|-fieldstart|move: Grassy Terrain|[from] ability: Grassy Surge|[of] p1b: Rillaboom\n|turn|1\n|l|\u2606testy accounty 2\n|player|p1|\n|j|\u2606testy accounty 2\n|player|p1|testy accounty 2|102|\n|\n|t:|1732219112\n|move|p2a: Garchomp|Protect|p2a: Garchomp\n|-singleturn|p2a: Garchomp|Protect\n|move|p2b: Glimmora|Spiky Shield|p2b: Glimmora\n|-singleturn|p2b: Glimmora|move: Protect\n|move|p1b: Rillaboom|Fake Out|p2b: Glimmora\n|-activate|p2b: Glimmora|move: Protect\n|-damage|p1b: Rillaboom|88\/100|[from] Spiky Shield|[of] p2b: Glimmora\n|move|p1a: VEGETA|Flip Turn|p2b: Glimmora\n|-activate|p2b: Glimmora|move: Protect\n|-damage|p1a: VEGETA|88\/100|[from] Spiky Shield|[of] p2b: Glimmora\n|\n|-heal|p1a: VEGETA|94\/100|[from] Grassy Terrain\n|-heal|p1b: Rillaboom|94\/100|[from] Grassy Terrain\n|upkeep\n|turn|2\n|j| pipikapipika\n|\n|t:|1732219163\n|-terastallize|p2b: Glimmora|Grass\n|move|p1b: Rillaboom|Grassy Glide|p2a: Garchomp\n|-crit|p2a: Garchomp\n|-damage|p2a: Garchomp|47\/100\n|move|p1a: VEGETA|Flip Turn|p2a: Garchomp\n|-damage|p2a: Garchomp|3\/100\n|\n|t:|1732219172\n|switch|p1a: MACHBACK|Archaludon, L50, F|100\/100|[from] Flip Turn\n|move|p2a: Garchomp|Breaking Swipe|p1b: Rillaboom|[spread] p1a,p1b\n|-damage|p1a: MACHBACK|85\/100\n|-damage|p1b: Rillaboom|71\/100\n|-unboost|p1a: MACHBACK|atk|1\n|-unboost|p1b: Rillaboom|atk|1\n|-ability|p1a: MACHBACK|Stamina|boost\n|-boost|p1a: MACHBACK|def|1\n|move|p2b: Glimmora|Sludge Bomb|p1b: Rillaboom\n|-supereffective|p1b: Rillaboom\n|-damage|p1b: Rillaboom|0 fnt\n|faint|p1b: Rillaboom\n|\n|-heal|p2a: Garchomp|9\/100|[from] Grassy Terrain\n|-heal|p2a: Garchomp|15\/100|[from] item: Leftovers\n|-heal|p1a: MACHBACK|91\/100|[from] Grassy Terrain\n|upkeep\n|\n|t:|1732219206\n|switch|p1b: VEGETA|Basculegion, L50, M|94\/100\n|turn|3\n|\n|t:|1732219240\n|move|p2a: Garchomp|Protect|p2a: Garchomp\n|-singleturn|p2a: Garchomp|Protect\n|move|p2b: Glimmora|Spiky Shield|p2b: Glimmora\n|-singleturn|p2b: Glimmora|move: Protect\n|move|p1b: VEGETA|Last Respects|p2a: Garchomp\n|-activate|p2a: Garchomp|move: Protect\n|move|p1a: MACHBACK|Flash Cannon|p2b: Glimmora\n|-activate|p2b: Glimmora|move: Protect\n|\n|-heal|p1b: VEGETA|100\/100|[from] Grassy Terrain\n|-heal|p2a: Garchomp|21\/100|[from] Grassy Terrain\n|-heal|p2a: Garchomp|27\/100|[from] item: Leftovers\n|-heal|p1a: MACHBACK|97\/100|[from] Grassy Terrain\n|upkeep\n|turn|4\n|\n|t:|1732219265\n|switch|p2a: Tyranitar|Tyranitar, L50, F|100\/100\n|-weather|Sandstorm|[from] ability: Sand Stream|[of] p2a: Tyranitar\n|move|p1b: VEGETA|Last Respects|p2a: Tyranitar\n|-resisted|p2a: Tyranitar\n|-damage|p2a: Tyranitar|74\/100\n|move|p2b: Glimmora|Earth Power|p1a: MACHBACK\n|-supereffective|p1a: MACHBACK\n|-damage|p1a: MACHBACK|47\/100\n|-ability|p1a: MACHBACK|Stamina|boost\n|-boost|p1a: MACHBACK|def|1\n|move|p1a: MACHBACK|Body Press|p2a: Tyranitar\n|-supereffective|p2a: Tyranitar\n|-damage|p2a: Tyranitar|0 fnt\n|faint|p2a: Tyranitar\n|\n|-weather|Sandstorm|[upkeep]\n|-damage|p1b: VEGETA|94\/100|[from] Sandstorm\n|-damage|p2b: Glimmora|95\/100|[from] Sandstorm\n|-heal|p1b: VEGETA|100\/100|[from] Grassy Terrain\n|-heal|p2b: Glimmora|100\/100|[from] Grassy Terrain\n|-heal|p1a: MACHBACK|53\/100|[from] Grassy Terrain\n|upkeep\n|\n|t:|1732219310\n|switch|p2a: Garchomp|Garchomp, L50, M|27\/100\n|turn|5\n|inactive|Battle timer is ON: inactive players will automatically lose when time's up. (requested by testy accounty 2)\n|j| futonkagebunshin\n|\n|t:|1732219331\n|move|p2a: Garchomp|Protect|p2a: Garchomp\n|-singleturn|p2a: Garchomp|Protect\n|move|p2b: Glimmora|Spiky Shield|p2b: Glimmora\n|-singleturn|p2b: Glimmora|move: Protect\n|move|p1b: VEGETA|Last Respects|p2a: Garchomp\n|-activate|p2a: Garchomp|move: Protect\n|move|p1a: MACHBACK|Flash Cannon|p2b: Glimmora\n|-activate|p2b: Glimmora|move: Protect\n|\n|-weather|Sandstorm|[upkeep]\n|-damage|p1b: VEGETA|94\/100|[from] Sandstorm\n|-damage|p2b: Glimmora|95\/100|[from] Sandstorm\n|-heal|p1b: VEGETA|100\/100|[from] Grassy Terrain\n|-heal|p2a: Garchomp|33\/100|[from] Grassy Terrain\n|-heal|p2a: Garchomp|39\/100|[from] item: Leftovers\n|-heal|p2b: Glimmora|100\/100|[from] Grassy Terrain\n|-heal|p1a: MACHBACK|59\/100|[from] Grassy Terrain\n|-fieldend|move: Grassy Terrain\n|upkeep\n|turn|6\n|inactive|zip520520 has 30 seconds left.\n|\n|t:|1732219359\n|switch|p2a: Sinistcha|Sinistcha, L50|100\/100\n|move|p1b: VEGETA|Last Respects|p2a: Sinistcha\n|-supereffective|p2a: Sinistcha\n|-damage|p2a: Sinistcha|0 fnt\n|faint|p2a: Sinistcha\n|move|p2b: Glimmora|Earth Power|p1a: MACHBACK\n|-supereffective|p1a: MACHBACK\n|-damage|p1a: MACHBACK|3\/100\n|-ability|p1a: MACHBACK|Stamina|boost\n|-boost|p1a: MACHBACK|def|1\n|move|p1a: MACHBACK|Flash Cannon|p2b: Glimmora\n|-damage|p2b: Glimmora|47\/100\n|\n|-weather|Sandstorm|[upkeep]\n|-damage|p1b: VEGETA|94\/100|[from] Sandstorm\n|-damage|p2b: Glimmora|41\/100|[from] Sandstorm\n|upkeep\n|\n|t:|1732219376\n|switch|p2a: Garchomp|Garchomp, L50, M|39\/100\n|turn|7\n|\n|t:|1732219396\n|-terastallize|p1b: VEGETA|Grass\n|move|p2a: Garchomp|Protect|p2a: Garchomp\n|-singleturn|p2a: Garchomp|Protect\n|move|p1b: VEGETA|Last Respects|p2b: Glimmora\n|-damage|p2b: Glimmora|0 fnt\n|-activate|p2b: Glimmora|ability: Toxic Debris\n|-sidestart|p1: testy accounty 2|move: Toxic Spikes\n|faint|p2b: Glimmora\n|move|p1a: MACHBACK|Draco Meteor|p2a: Garchomp\n|-activate|p2a: Garchomp|move: Protect\n|\n|-weather|Sandstorm|[upkeep]\n|-damage|p1b: VEGETA|88\/100|[from] Sandstorm\n|-heal|p2a: Garchomp|45\/100|[from] item: Leftovers\n|upkeep\n|turn|8\n|l| pipikapipika\n|\n|t:|1732219413\n|move|p1b: VEGETA|Last Respects|p2a: Garchomp\n|-damage|p2a: Garchomp|0 fnt\n|faint|p2a: Garchomp\n|\n|win|testy accounty 2\n|raw|testy accounty 2's rating: 1778 &rarr; <strong>1799<\/strong><br \/>(+21 for winning)\n|raw|zip520520's rating: 1799 &rarr; <strong>1778<\/strong><br \/>(-21 for losing)\n|l|\u2606zip520520\n|player|p2|\n|l| kyo9t\n|l|\u2606testy accounty 2\n|player|p1|\n","uploadtime":1732219428,"views":46,"formatid":"gen9vgc2024regh","rating":1778,"private":0,"password":null}