{"id":"gen9vgc2024regh-2248035599","format":"[Gen 9] VGC 2024 Reg H","players":["tttCHORIttt","Spottedwoot"],"log":"|j|\u2606tttCHORIttt\n|j|\u2606Spottedwoot\n|t:|1732160097\n|gametype|doubles\n|player|p1|tttCHORIttt|2|1717\n|player|p2|Spottedwoot|170|1750\n|teamsize|p1|6\n|teamsize|p2|6\n|gen|9\n|tier|[Gen 9] VGC 2024 Reg H\n|rated|\n|rule|Species Clause: Limit one of each Pok\u00e9mon\n|rule|Item Clause: Limit 1 of each item\n|clearpoke\n|poke|p1|Jumpluff, L50, M|\n|poke|p1|Ursaluna-Bloodmoon, L50, M|\n|poke|p1|Torkoal, L50, M|\n|poke|p1|Dragonite, L50, M|\n|poke|p1|Mimikyu, L50, M|\n|poke|p1|Rillaboom, L50, F|\n|poke|p2|Kingambit, L50, M|\n|poke|p2|Primarina, L50, M|\n|poke|p2|Salamence, L50, F|\n|poke|p2|Gholdengo, L50|\n|poke|p2|Sneasler, L50, M|\n|poke|p2|Volcarona, L50, F|\n|teampreview|4\n|\n|t:|1732160117\n|start\n|switch|p1a: Ursaluna|Ursaluna-Bloodmoon, L50, M|100\/100\n|switch|p1b: Mimikyu|Mimikyu, L50, M|100\/100\n|switch|p2a: Primarina|Primarina, L50, M|100\/100\n|switch|p2b: Volcarona|Volcarona, L50, F|100\/100\n|turn|1\n|j| Xunyicaoawa\n|\n|t:|1732160133\n|move|p2b: Volcarona|Heat Wave|p1b: Mimikyu|[spread] p1a,p1b\n|-damage|p1a: Ursaluna|51\/100\n|-activate|p1b: Mimikyu|ability: Disguise\n|-damage|p1b: Mimikyu|100\/100\n|detailschange|p1b: Mimikyu|Mimikyu-Busted, L50, M\n|-damage|p1b: Mimikyu|88\/100|[from] pokemon: Mimikyu-Busted\n|move|p1a: Ursaluna|Hyper Voice|p2a: Primarina|[spread] p2a,p2b\n|-damage|p2a: Primarina|61\/100\n|-damage|p2b: Volcarona|47\/100\n|-damage|p1a: Ursaluna|41\/100|[from] item: Life Orb\n|move|p2a: Primarina|Hyper Voice|p1a: Ursaluna|[spread] p1a,p1b\n|-supereffective|p1a: Ursaluna\n|-damage|p1a: Ursaluna|0 fnt\n|-damage|p1b: Mimikyu|50\/100\n|faint|p1a: Ursaluna\n|-enditem|p2a: Primarina|Throat Spray\n|-boost|p2a: Primarina|spa|1|[from] item: Throat Spray\n|move|p1b: Mimikyu|Trick Room|p1b: Mimikyu\n|-fieldstart|move: Trick Room|[of] p1b: Mimikyu\n|\n|-heal|p2b: Volcarona|53\/100|[from] item: Leftovers\n|upkeep\n|\n|t:|1732160154\n|switch|p1a: Torkoal|Torkoal, L50, M|100\/100\n|-weather|SunnyDay|[from] ability: Drought|[of] p1a: Torkoal\n|turn|2\n|\n|t:|1732160162\n|-terastallize|p1a: Torkoal|Fire\n|move|p2a: Primarina|Protect|p2a: Primarina\n|-singleturn|p2a: Primarina|Protect\n|move|p1a: Torkoal|Eruption|p2a: Primarina|[spread] p2b\n|-activate|p2a: Primarina|move: Protect\n|-damage|p2b: Volcarona|0 fnt\n|faint|p2b: Volcarona\n|move|p1b: Mimikyu|Play Rough|p2a: Primarina\n|-activate|p2a: Primarina|move: Protect\n|\n|-weather|SunnyDay|[upkeep]\n|upkeep\n|\n|t:|1732160168\n|switch|p2b: Sneasler|Sneasler, L50, M|100\/100\n|turn|3\n|j| Cdnemoz\n|\n|t:|1732160180\n|move|p1a: Torkoal|Protect|p1a: Torkoal\n|-singleturn|p1a: Torkoal|Protect\n|move|p2b: Sneasler|Fake Out|p1a: Torkoal\n|-activate|p1a: Torkoal|move: Protect\n|move|p1b: Mimikyu|Shadow Sneak|p2b: Sneasler\n|-damage|p2b: Sneasler|71\/100\n|move|p2a: Primarina|Hyper Voice|p1b: Mimikyu|[spread] p1b\n|-activate|p1a: Torkoal|move: Protect\n|-damage|p1b: Mimikyu|25\/100\n|\n|-weather|SunnyDay|[upkeep]\n|upkeep\n|turn|4\n|inactive|Battle timer is ON: inactive players will automatically lose when time's up. (requested by Spottedwoot)\n|\n|t:|1732160197\n|move|p2b: Sneasler|Protect|p2b: Sneasler\n|-singleturn|p2b: Sneasler|Protect\n|move|p1a: Torkoal|Eruption|p2a: Primarina|[spread] p2a\n|-activate|p2b: Sneasler|move: Protect\n|-resisted|p2a: Primarina\n|-damage|p2a: Primarina|22\/100\n|move|p2a: Primarina|Hyper Voice|p1b: Mimikyu|[spread] p1a,p1b\n|-supereffective|p1a: Torkoal\n|-crit|p1a: Torkoal\n|-damage|p1a: Torkoal|4\/100\n|-damage|p1b: Mimikyu|0 fnt\n|faint|p1b: Mimikyu\n|\n|-weather|SunnyDay|[upkeep]\n|upkeep\n|\n|t:|1732160214\n|switch|p1b: Rillaboom|Rillaboom, L50, F|100\/100\n|-fieldstart|move: Grassy Terrain|[from] ability: Grassy Surge|[of] p1b: Rillaboom\n|turn|5\n|\n|t:|1732160224\n|move|p2a: Primarina|Protect|p2a: Primarina\n|-singleturn|p2a: Primarina|Protect\n|move|p1b: Rillaboom|Grassy Glide|p2a: Primarina\n|-activate|p2a: Primarina|move: Protect\n|move|p1a: Torkoal|Overheat|p2b: Sneasler\n|-damage|p2b: Sneasler|0 fnt\n|-unboost|p1a: Torkoal|spa|2\n|faint|p2b: Sneasler\n|\n|-weather|SunnyDay|[upkeep]\n|-heal|p1a: Torkoal|11\/100|[from] Grassy Terrain\n|-heal|p2a: Primarina|28\/100|[from] Grassy Terrain\n|-fieldend|move: Trick Room\n|upkeep\n|\n|t:|1732160230\n|switch|p2b: Kingambit|Kingambit, L50, M|100\/100\n|turn|6\n|\n|t:|1732160245\n|-terastallize|p2a: Primarina|Poison\n|move|p1b: Rillaboom|Grassy Glide|p2a: Primarina\n|-resisted|p2a: Primarina\n|-damage|p2a: Primarina|2\/100\n|move|p2a: Primarina|Hyper Voice|p1a: Torkoal|[spread] p1a,p1b\n|-supereffective|p1a: Torkoal\n|-resisted|p1b: Rillaboom\n|-damage|p1a: Torkoal|0 fnt\n|-damage|p1b: Rillaboom|91\/100\n|faint|p1a: Torkoal\n|move|p2b: Kingambit|Kowtow Cleave|p1b: Rillaboom\n|-damage|p1b: Rillaboom|47\/100\n|\n|-weather|none\n|-heal|p1b: Rillaboom|53\/100|[from] Grassy Terrain\n|-heal|p2a: Primarina|8\/100|[from] Grassy Terrain\n|upkeep\n|turn|7\n|\n|t:|1732160263\n|move|p1b: Rillaboom|High Horsepower|p2b: Kingambit\n|-supereffective|p2b: Kingambit\n|-damage|p2b: Kingambit|47\/100\n|move|p2a: Primarina|Moonblast|p1b: Rillaboom\n|-damage|p1b: Rillaboom|0 fnt\n|faint|p1b: Rillaboom\n|\n|win|Spottedwoot\n|raw|tttCHORIttt's rating: 1717 &rarr; <strong>1699<\/strong><br \/>(-18 for losing)\n|raw|Spottedwoot's rating: 1750 &rarr; <strong>1768<\/strong><br \/>(+18 for winning)\n|l| Xunyicaoawa\n|l|\u2606tttCHORIttt\n|player|p1|\n|l|\u2606Spottedwoot\n|player|p2|\n|l| Cdnemoz\n","uploadtime":1732160268,"views":44,"formatid":"gen9vgc2024regh","rating":1699,"private":0,"password":null}