{"id":"gen9vgc2024regh-2248319709","format":"[Gen 9] VGC 2024 Reg H","players":["zip520520","VGCLTH skibidi"],"log":"|raw|<div class=\"broadcast-blue\"><strong>This battle is required to be public due to a player having a name starting with 'vgclth'.<\/div>\n|j|\u2606zip520520\n|j|\u2606VGCLTH skibidi\n|t:|1732203336\n|gametype|doubles\n|player|p1|zip520520|170|1732\n|player|p2|VGCLTH skibidi|piers-masters|1910\n|teamsize|p1|6\n|teamsize|p2|6\n|gen|9\n|tier|[Gen 9] VGC 2024 Reg H\n|rated|\n|rule|Species Clause: Limit one of each Pok\u00e9mon\n|rule|Item Clause: Limit 1 of each item\n|clearpoke\n|poke|p1|Garchomp, L50, F|\n|poke|p1|Glimmora, L50, F|\n|poke|p1|Tyranitar, L50, M|\n|poke|p1|Grimmsnarl, L50, M|\n|poke|p1|Sinistcha, L50|\n|poke|p1|Ursaluna-Bloodmoon, L50, M|\n|poke|p2|Ceruledge, L50, M|\n|poke|p2|Gastrodon-East, L50, M|\n|poke|p2|Sneasler, L50, M|\n|poke|p2|Kingambit, L50, M|\n|poke|p2|Rillaboom, L50, M|\n|poke|p2|Dragonite, L50, F|\n|teampreview|4\n|inactive|Battle timer is ON: inactive players will automatically lose when time's up. (requested by VGCLTH skibidi)\n|inactive|zip520520 also wants the timer to be on.\n|inactive|zip520520 has 60 seconds left.\n|inactive|VGCLTH skibidi has 60 seconds left.\n|j| futonkagebunshin\n|inactive|zip520520 has 30 seconds left.\n|\n|t:|1732203405\n|start\n|switch|p1a: Garchomp|Garchomp, L50, F|100\/100\n|switch|p1b: Glimmora|Glimmora, L50, F|100\/100\n|switch|p2a: Let's go gambling|Sneasler, L50, M|100\/100\n|switch|p2b: Godlyreal|Kingambit, L50, M|100\/100\n|turn|1\n|inactive|zip520520 has 30 seconds left.\n|inactive|VGCLTH skibidi has 30 seconds left.\n|\n|t:|1732203443\n|move|p2a: Let's go gambling|Coaching|p2b: Godlyreal\n|-boost|p2b: Godlyreal|atk|1\n|-boost|p2b: Godlyreal|def|1\n|move|p1a: Garchomp|Stomping Tantrum|p2a: Let's go gambling\n|-supereffective|p2a: Let's go gambling\n|-enditem|p2a: Let's go gambling|Focus Sash\n|-damage|p2a: Let's go gambling|1\/100\n|move|p1b: Glimmora|Earth Power|p2a: Let's go gambling\n|-supereffective|p2a: Let's go gambling\n|-damage|p2a: Let's go gambling|0 fnt\n|faint|p2a: Let's go gambling\n|move|p2b: Godlyreal|Iron Head|p1b: Glimmora\n|-supereffective|p1b: Glimmora\n|-enditem|p1b: Glimmora|Focus Sash\n|-damage|p1b: Glimmora|1\/100\n|-activate|p1b: Glimmora|ability: Toxic Debris\n|-sidestart|p2: VGCLTH skibidi|move: Toxic Spikes\n|\n|upkeep\n|\n|t:|1732203449\n|switch|p2a: Imagine I miss lol|Dragonite, L50, F|100\/100\n|turn|2\n|inactive|zip520520 has 30 seconds left.\n|\n|t:|1732203480\n|-terastallize|p2a: Imagine I miss lol|Fairy\n|move|p1b: Glimmora|Spiky Shield|p1b: Glimmora\n|-singleturn|p1b: Glimmora|move: Protect\n|move|p2b: Godlyreal|Sucker Punch||[still]\n|-fail|p2b: Godlyreal\n|move|p1a: Garchomp|Stomping Tantrum|p2b: Godlyreal\n|-supereffective|p2b: Godlyreal\n|-damage|p2b: Godlyreal|59\/100\n|move|p2a: Imagine I miss lol|Scale Shot|p1a: Garchomp\n|-supereffective|p1a: Garchomp\n|-damage|p1a: Garchomp|71\/100\n|-supereffective|p1a: Garchomp\n|-damage|p1a: Garchomp|41\/100\n|-supereffective|p1a: Garchomp\n|-damage|p1a: Garchomp|12\/100\n|-supereffective|p1a: Garchomp\n|-damage|p1a: Garchomp|0 fnt\n|faint|p1a: Garchomp\n|-hitcount|p1: Garchomp|4\n|-unboost|p2a: Imagine I miss lol|def|1\n|-boost|p2a: Imagine I miss lol|spe|1\n|\n|upkeep\n|\n|t:|1732203504\n|switch|p1a: Sinistcha|Sinistcha, L50|100\/100\n|-heal|p1b: Glimmora|26\/100|[from] ability: Hospitality|[of] p1a: Sinistcha\n|turn|3\n|\n|t:|1732203520\n|-terastallize|p1a: Sinistcha|Water\n|move|p2a: Imagine I miss lol|Scale Shot|p1b: Glimmora|[miss]\n|-miss|p2a: Imagine I miss lol|p1b: Glimmora\n|move|p1b: Glimmora|Earth Power|p2b: Godlyreal\n|-supereffective|p2b: Godlyreal\n|-damage|p2b: Godlyreal|14\/100\n|move|p2b: Godlyreal|Kowtow Cleave|p1a: Sinistcha\n|-damage|p1a: Sinistcha|34\/100\n|-enditem|p1a: Sinistcha|Sitrus Berry|[eat]\n|-heal|p1a: Sinistcha|59\/100|[from] item: Sitrus Berry\n|move|p1a: Sinistcha|Trick Room|p1a: Sinistcha\n|-fieldstart|move: Trick Room|[of] p1a: Sinistcha\n|\n|upkeep\n|turn|4\n|j| Kpxbrothers\n|\n|t:|1732203543\n|move|p1a: Sinistcha|Rage Powder|p1a: Sinistcha\n|-singleturn|p1a: Sinistcha|move: Rage Powder\n|move|p2b: Godlyreal|Kowtow Cleave|p1a: Sinistcha\n|-damage|p1a: Sinistcha|0 fnt\n|faint|p1a: Sinistcha\n|move|p1b: Glimmora|Sludge Bomb|p2a: Imagine I miss lol\n|-supereffective|p2a: Imagine I miss lol\n|-damage|p2a: Imagine I miss lol|48\/100\n|move|p2a: Imagine I miss lol|Scale Shot|p1b: Glimmora\n|-damage|p1b: Glimmora|7\/100\n|-activate|p1b: Glimmora|ability: Toxic Debris\n|-sidestart|p2: VGCLTH skibidi|move: Toxic Spikes\n|-damage|p1b: Glimmora|0 fnt\n|faint|p1b: Glimmora\n|-hitcount|p1: Glimmora|2\n|-unboost|p2a: Imagine I miss lol|def|1\n|-boost|p2a: Imagine I miss lol|spe|1\n|\n|upkeep\n|\n|t:|1732203563\n|switch|p1b: Tyranitar|Tyranitar, L50, M|100\/100\n|-weather|Sandstorm|[from] ability: Sand Stream|[of] p1b: Tyranitar\n|turn|5\n|\n|t:|1732203568\n|move|p2a: Imagine I miss lol|Protect|p2a: Imagine I miss lol\n|-singleturn|p2a: Imagine I miss lol|Protect\n|move|p2b: Godlyreal|Iron Head|p1b: Tyranitar\n|-supereffective|p1b: Tyranitar\n|-damage|p1b: Tyranitar|0 fnt\n|faint|p1b: Tyranitar\n|\n|win|VGCLTH skibidi\n|raw|zip520520's rating: 1732 &rarr; <strong>1721<\/strong><br \/>(-11 for losing)\n|raw|VGCLTH skibidi's rating: 1910 &rarr; <strong>1921<\/strong><br \/>(+11 for winning)\n|l|\u2606VGCLTH skibidi\n|player|p2|\n|l|\u2606zip520520\n|player|p1|\n|j|\u2606VGCLTH skibidi\n|player|p2|VGCLTH skibidi|piers-masters|\n","uploadtime":1732203685,"views":47,"formatid":"gen9vgc2024regh","rating":1721,"private":0,"password":null}