{"id":"gen9vgc2024regh-2248421218","format":"[Gen 9] VGC 2024 Reg H","players":["VGCLTH <1000ELO","zip520520"],"log":"|raw|<div class=\"broadcast-blue\"><strong>This battle is required to be public due to a player having a name starting with 'vgclth'.<\/div>\n|j|\u2606VGCLTH <1000ELO\n|j|\u2606zip520520\n|t:|1732212948\n|gametype|doubles\n|player|p1|VGCLTH <1000ELO|1|1845\n|player|p2|zip520520|170|1755\n|teamsize|p1|6\n|teamsize|p2|6\n|gen|9\n|tier|[Gen 9] VGC 2024 Reg H\n|rated|\n|rule|Species Clause: Limit one of each Pok\u00e9mon\n|rule|Item Clause: Limit 1 of each item\n|clearpoke\n|poke|p1|Dondozo, L50, M|\n|poke|p1|Tatsugiri, L50, F|\n|poke|p1|Dragonite, L50, M|\n|poke|p1|Gholdengo, L50|\n|poke|p1|Glimmora, L50, F|\n|poke|p1|Talonflame, L50, M|\n|poke|p2|Gholdengo, L50|\n|poke|p2|Garchomp, L50, M|\n|poke|p2|Glimmora, L50, F|\n|poke|p2|Tyranitar, L50, M|\n|poke|p2|Primarina, L50, F|\n|poke|p2|Sinistcha, L50|\n|teampreview|4\n|inactive|Battle timer is ON: inactive players will automatically lose when time's up. (requested by VGCLTH <1000ELO)\n|j| futonkagebunshin\n|inactive|zip520520 has 60 seconds left.\n|\n|t:|1732213008\n|start\n|switch|p1a: Gholdengo|Gholdengo, L50|100\/100\n|switch|p1b: Dragonite|Dragonite, L50, M|100\/100\n|switch|p2a: Garchomp|Garchomp, L50, M|100\/100\n|switch|p2b: Glimmora|Glimmora, L50, F|100\/100\n|turn|1\n|inactive|zip520520 has 30 seconds left.\n|\n|t:|1732213038\n|-terastallize|p1a: Gholdengo|Flying\n|move|p2a: Garchomp|Protect|p2a: Garchomp\n|-singleturn|p2a: Garchomp|Protect\n|move|p2b: Glimmora|Earth Power|p1a: Gholdengo\n|-immune|p1a: Gholdengo\n|move|p1a: Gholdengo|Make It Rain|p2b: Glimmora|[spread] p2b\n|-activate|p2a: Garchomp|move: Protect\n|-supereffective|p2b: Glimmora\n|-enditem|p2b: Glimmora|Focus Sash\n|-damage|p2b: Glimmora|1\/100\n|-unboost|p1a: Gholdengo|spa|1\n|move|p1b: Dragonite|Earthquake|p2a: Garchomp|[spread] p2b\n|-activate|p2a: Garchomp|move: Protect\n|-immune|p1a: Gholdengo\n|-supereffective|p2b: Glimmora\n|-damage|p2b: Glimmora|0 fnt\n|-activate|p2b: Glimmora|ability: Toxic Debris\n|-sidestart|p1: VGCLTH <1000ELO|move: Toxic Spikes\n|faint|p2b: Glimmora\n|\n|upkeep\n|inactive|zip520520 has 30 seconds left.\n|\n|t:|1732213067\n|switch|p2b: Sinistcha|Sinistcha, L50|100\/100\n|turn|2\n|\n|t:|1732213082\n|move|p2a: Garchomp|Breaking Swipe|p1b: Dragonite|[spread] p1a,p1b\n|-supereffective|p1b: Dragonite\n|-damage|p1a: Gholdengo|75\/100\n|-damage|p1b: Dragonite|77\/100\n|-unboost|p1a: Gholdengo|atk|1\n|-unboost|p1b: Dragonite|atk|1\n|move|p1a: Gholdengo|Make It Rain|p2b: Sinistcha|[spread] p2a,p2b\n|-damage|p2a: Garchomp|38\/100\n|-damage|p2b: Sinistcha|59\/100\n|-unboost|p1a: Gholdengo|spa|1\n|move|p1b: Dragonite|Earthquake|p2b: Sinistcha|[spread] p2a,p2b\n|-immune|p1a: Gholdengo\n|-resisted|p2b: Sinistcha\n|-damage|p2a: Garchomp|8\/100\n|-damage|p2b: Sinistcha|47\/100\n|-enditem|p2b: Sinistcha|Sitrus Berry|[eat]\n|-heal|p2b: Sinistcha|71\/100|[from] item: Sitrus Berry\n|move|p2b: Sinistcha|Life Dew|p2b: Sinistcha|[spread] p2a,p2b\n|-heal|p2a: Garchomp|33\/100\n|-heal|p2b: Sinistcha|97\/100\n|\n|-heal|p2a: Garchomp|39\/100|[from] item: Leftovers\n|upkeep\n|turn|3\n|j| GooglePay\n|inactive|zip520520 has 30 seconds left.\n|\n|t:|1732213110\n|move|p2a: Garchomp|Protect|p2a: Garchomp\n|-singleturn|p2a: Garchomp|Protect\n|move|p1a: Gholdengo|Make It Rain|p2b: Sinistcha|[spread] p2b\n|-activate|p2a: Garchomp|move: Protect\n|-damage|p2b: Sinistcha|66\/100\n|-unboost|p1a: Gholdengo|spa|1\n|move|p1b: Dragonite|Earthquake|p2a: Garchomp|[spread] p2b\n|-activate|p2a: Garchomp|move: Protect\n|-immune|p1a: Gholdengo\n|-resisted|p2b: Sinistcha\n|-damage|p2b: Sinistcha|53\/100\n|move|p2b: Sinistcha|Life Dew|p2b: Sinistcha|[spread] p2a,p2b\n|-heal|p2a: Garchomp|64\/100\n|-heal|p2b: Sinistcha|78\/100\n|\n|-heal|p2a: Garchomp|70\/100|[from] item: Leftovers\n|upkeep\n|turn|4\n|\n|t:|1732213132\n|switch|p1b: Dondozo|Dondozo, L50, M|100\/100\n|-status|p1b: Dondozo|psn\n|move|p2a: Garchomp|Breaking Swipe|p1b: Dondozo|[spread] p1a,p1b\n|-damage|p1a: Gholdengo|48\/100\n|-damage|p1b: Dondozo|83\/100 psn\n|-unboost|p1a: Gholdengo|atk|1\n|-unboost|p1b: Dondozo|atk|1\n|move|p1a: Gholdengo|Make It Rain|p2a: Garchomp|[spread] p2a,p2b\n|-damage|p2a: Garchomp|38\/100\n|-damage|p2b: Sinistcha|50\/100\n|-unboost|p1a: Gholdengo|spa|1\n|move|p2b: Sinistcha|Life Dew|p2b: Sinistcha|[spread] p2a,p2b\n|-heal|p2a: Garchomp|63\/100\n|-heal|p2b: Sinistcha|76\/100\n|\n|-heal|p2a: Garchomp|69\/100|[from] item: Leftovers\n|-heal|p1b: Dondozo|89\/100 psn|[from] item: Leftovers\n|-damage|p1b: Dondozo|76\/100 psn|[from] psn\n|upkeep\n|turn|5\n|inactive|zip520520 has 30 seconds left.\n|inactive|zip520520 has 20 seconds left.\n|inactive|zip520520 has 15 seconds left.\n|\n|t:|1732213176\n|switch|p1a: Tatsugiri|Tatsugiri, L50, F|100\/100\n|-activate|p1a: Tatsugiri|ability: Commander|[of] p1b: Dondozo\n|-boost|p1b: Dondozo|atk|2\n|-boost|p1b: Dondozo|spa|2\n|-boost|p1b: Dondozo|spe|2\n|-boost|p1b: Dondozo|def|2\n|-boost|p1b: Dondozo|spd|2\n|move|p1b: Dondozo|Order Up|p2b: Sinistcha\n|-damage|p2b: Sinistcha|39\/100\n|-boost|p1b: Dondozo|atk|1\n|move|p2a: Garchomp|Breaking Swipe|p1a: Tatsugiri|[spread] p1b\n|-miss|p2a: Garchomp|p1a: Tatsugiri\n|-damage|p1b: Dondozo|68\/100 psn\n|-unboost|p1b: Dondozo|atk|1\n|move|p2b: Sinistcha|Life Dew|p2b: Sinistcha|[spread] p2a,p2b\n|-heal|p2a: Garchomp|94\/100\n|-heal|p2b: Sinistcha|64\/100\n|\n|-heal|p1b: Dondozo|75\/100 psn|[from] item: Leftovers\n|-heal|p2a: Garchomp|99\/100|[from] item: Leftovers\n|-damage|p1b: Dondozo|62\/100 psn|[from] psn\n|upkeep\n|turn|6\n|inactive|zip520520 has 30 seconds left.\n|\n|t:|1732213208\n|switch|p2b: Primarina|Primarina, L50, F|100\/100\n|move|p1b: Dondozo|Order Up|p2a: Garchomp\n|-supereffective|p2a: Garchomp\n|-damage|p2a: Garchomp|21\/100\n|-boost|p1b: Dondozo|atk|1\n|move|p2a: Garchomp|Breaking Swipe|p1b: Dondozo|[spread] p1b\n|-miss|p2a: Garchomp|p1a: Tatsugiri\n|-damage|p1b: Dondozo|55\/100 psn\n|-unboost|p1b: Dondozo|atk|1\n|\n|-heal|p1b: Dondozo|61\/100 psn|[from] item: Leftovers\n|-heal|p2a: Garchomp|27\/100|[from] item: Leftovers\n|-damage|p1b: Dondozo|49\/100 psn|[from] psn\n|upkeep\n|turn|7\n|\n|t:|1732213232\n|move|p2a: Garchomp|Protect|p2a: Garchomp\n|-singleturn|p2a: Garchomp|Protect\n|move|p1b: Dondozo|Wave Crash|p2b: Primarina\n|-resisted|p2b: Primarina\n|-damage|p2b: Primarina|54\/100\n|-damage|p1b: Dondozo|36\/100 psn|[from] Recoil\n|move|p2b: Primarina|Haze|p2b: Primarina\n|-clearallboost\n|\n|-heal|p2a: Garchomp|33\/100|[from] item: Leftovers\n|-heal|p1b: Dondozo|43\/100 psn|[from] item: Leftovers\n|-damage|p1b: Dondozo|30\/100 psn|[from] psn\n|upkeep\n|turn|8\n|\n|t:|1732213255\n|switch|p2b: Sinistcha|Sinistcha, L50|64\/100\n|-heal|p2a: Garchomp|58\/100|[from] ability: Hospitality|[of] p2b: Sinistcha\n|-terastallize|p2a: Garchomp|Fairy\n|move|p2a: Garchomp|Substitute|p2a: Garchomp\n|-start|p2a: Garchomp|Substitute\n|-damage|p2a: Garchomp|33\/100\n|move|p1b: Dondozo|Wave Crash|p2a: Garchomp\n|-end|p2a: Garchomp|Substitute\n|-damage|p1b: Dondozo|24\/100 psn|[from] Recoil|[of] p2a: Garchomp\n|\n|-heal|p2a: Garchomp|39\/100|[from] item: Leftovers\n|-heal|p1b: Dondozo|30\/100 psn|[from] item: Leftovers\n|-damage|p1b: Dondozo|17\/100 psn|[from] psn\n|upkeep\n|turn|9\n|inactive|zip520520 has 30 seconds left.\n|inactive|zip520520 has 20 seconds left.\n|\n|t:|1732213292\n|move|p2a: Garchomp|Breaking Swipe|p1a: Tatsugiri|[spread] p1b\n|-miss|p2a: Garchomp|p1a: Tatsugiri\n|-damage|p1b: Dondozo|0 fnt\n|faint|p1b: Dondozo\n|move|p2b: Sinistcha|Trick Room|p2b: Sinistcha\n|-fieldstart|move: Trick Room|[of] p2b: Sinistcha\n|\n|-heal|p2a: Garchomp|45\/100|[from] item: Leftovers\n|upkeep\n|\n|t:|1732213297\n|switch|p1b: Gholdengo|Gholdengo, L50, tera:Flying|48\/100\n|turn|10\n|inactive|zip520520 has 30 seconds left.\n|\n|t:|1732213330\n|move|p2a: Garchomp|Protect|p2a: Garchomp\n|-singleturn|p2a: Garchomp|Protect\n|move|p2b: Sinistcha|Matcha Gotcha|p1a: Tatsugiri|[spread] p1a,p1b\n|-resisted|p1b: Gholdengo\n|-damage|p1a: Tatsugiri|71\/100\n|-heal|p2b: Sinistcha|76\/100|[from] drain|[of] p1a: Tatsugiri\n|-damage|p1b: Gholdengo|34\/100\n|-heal|p2b: Sinistcha|83\/100|[from] drain|[of] p1b: Gholdengo\n|-status|p1b: Gholdengo|brn\n|move|p1b: Gholdengo|Make It Rain|p2a: Garchomp|[spread] p2b\n|-activate|p2a: Garchomp|move: Protect\n|-damage|p2b: Sinistcha|16\/100\n|-unboost|p1b: Gholdengo|spa|1\n|move|p1a: Tatsugiri|Dragon Pulse|p2b: Sinistcha\n|-damage|p2b: Sinistcha|0 fnt\n|faint|p2b: Sinistcha\n|\n|-heal|p2a: Garchomp|51\/100|[from] item: Leftovers\n|-damage|p1b: Gholdengo|27\/100 brn|[from] brn\n|upkeep\n|inactive|zip520520 has 30 seconds left.\n|\n|t:|1732213355\n|switch|p2b: Primarina|Primarina, L50, F|54\/100\n|turn|11\n|inactive|VGCLTH <1000ELO has 30 seconds left.\n|\n|t:|1732213384\n|move|p1a: Tatsugiri|Protect|p1a: Tatsugiri\n|-singleturn|p1a: Tatsugiri|Protect\n|move|p2b: Primarina|Hyper Voice|p1a: Tatsugiri|[spread] p1b\n|-activate|p1a: Tatsugiri|move: Protect\n|-damage|p1b: Gholdengo|0 fnt\n|faint|p1b: Gholdengo\n|-damage|p2b: Primarina|44\/100|[from] item: Life Orb\n|move|p2a: Garchomp|Breaking Swipe|p1a: Tatsugiri\n|-activate|p1a: Tatsugiri|move: Protect\n|\n|-heal|p2a: Garchomp|57\/100|[from] item: Leftovers\n|upkeep\n|\n|t:|1732213387\n|switch|p1b: Dragonite|Dragonite, L50, M|77\/100\n|turn|12\n|inactive|zip520520 has 30 seconds left.\n|inactive|zip520520 has 20 seconds left.\n|\n|t:|1732213426\n|move|p1b: Dragonite|Extreme Speed|p2b: Primarina\n|-damage|p2b: Primarina|0 fnt\n|faint|p2b: Primarina\n|move|p1a: Tatsugiri|Muddy Water|p2a: Garchomp|[miss]\n|-miss|p1a: Tatsugiri|p2a: Garchomp\n|move|p2a: Garchomp|Breaking Swipe|p1a: Tatsugiri|[spread] p1a,p1b\n|-supereffective|p1a: Tatsugiri\n|-supereffective|p1b: Dragonite\n|-damage|p1a: Tatsugiri|0 fnt\n|-damage|p1b: Dragonite|35\/100\n|-unboost|p1b: Dragonite|atk|1\n|faint|p1a: Tatsugiri\n|\n|-heal|p2a: Garchomp|63\/100|[from] item: Leftovers\n|upkeep\n|turn|13\n|\n|t:|1732213442\n|move|p1b: Dragonite|Extreme Speed|p2a: Garchomp\n|-damage|p2a: Garchomp|29\/100\n|move|p2a: Garchomp|Breaking Swipe|p1b: Dragonite\n|-supereffective|p1b: Dragonite\n|-damage|p1b: Dragonite|0 fnt\n|faint|p1b: Dragonite\n|\n|win|zip520520\n|raw|VGCLTH &lt;1000ELO's rating: 1845 &rarr; <strong>1820<\/strong><br \/>(-25 for losing)\n|raw|zip520520's rating: 1755 &rarr; <strong>1780<\/strong><br \/>(+25 for winning)\n|l|\u2606VGCLTH <1000ELO\n|player|p1|\n|l|\u2606zip520520\n|player|p2|\n","uploadtime":1732213642,"views":12,"formatid":"gen9vgc2024regh","rating":1780,"private":0,"password":null}