{"id":"gen9vgc2024regh-2248587085","format":"[Gen 9] VGC 2024 Reg H","players":["VGCLTH <1000ELO","zip520520"],"log":"|raw|<div class=\"broadcast-blue\"><strong>This battle is required to be public due to a player having a name starting with 'vgclth'.<\/div>\n|j|\u2606VGCLTH <1000ELO\n|j|\u2606zip520520\n|t:|1732229390\n|gametype|doubles\n|player|p1|VGCLTH <1000ELO|170|1664\n|player|p2|zip520520|170|1777\n|teamsize|p1|6\n|teamsize|p2|6\n|gen|9\n|tier|[Gen 9] VGC 2024 Reg H\n|rated|\n|rule|Species Clause: Limit one of each Pok\u00e9mon\n|rule|Item Clause: Limit 1 of each item\n|clearpoke\n|poke|p1|Dondozo, L50, M|\n|poke|p1|Tatsugiri, L50, F|\n|poke|p1|Dragonite, L50, M|\n|poke|p1|Gholdengo, L50|\n|poke|p1|Glimmora, L50, F|\n|poke|p1|Talonflame, L50, M|\n|poke|p2|Volcarona, L50, M|\n|poke|p2|Kilowattrel, L50, M|\n|poke|p2|Whimsicott, L50, M|\n|poke|p2|Raichu, L50, M|\n|poke|p2|Garchomp, L50, M|\n|poke|p2|Dragonite, L50, M|\n|teampreview|4\n|inactive|Battle timer is ON: inactive players will automatically lose when time's up. (requested by VGCLTH <1000ELO)\n|inactive|zip520520 also wants the timer to be on.\n|j| kyo9t\n|inactive|zip520520 has 60 seconds left.\n|\n|t:|1732229440\n|start\n|switch|p1a: Dragonite|Dragonite, L50, M|100\/100\n|switch|p1b: Glimmora|Glimmora, L50, F|100\/100\n|switch|p2a: Kilowattrel|Kilowattrel, L50, M|100\/100\n|switch|p2b: Raichu|Raichu, L50, M|100\/100\n|turn|1\n|inactive|zip520520 has 30 seconds left.\n|inactive|zip520520 has 20 seconds left.\n|inactive|VGCLTH <1000ELO has 30 seconds left.\n|inactive|VGCLTH <1000ELO has 20 seconds left.\n|inactive|zip520520 has 15 seconds left.\n|inactive|VGCLTH <1000ELO has 15 seconds left.\n|inactive|zip520520 has 10 seconds left.\n|inactive|VGCLTH <1000ELO has 10 seconds left.\n|\n|t:|1732229513\n|-terastallize|p1b: Glimmora|Grass\n|move|p2a: Kilowattrel|Discharge|p1b: Glimmora|[spread] p1a,p1b\n|-ability|p2b: Raichu|Lightning Rod|boost\n|-boost|p2b: Raichu|spa|1\n|-resisted|p1b: Glimmora\n|-damage|p1a: Dragonite|82\/100\n|-damage|p1b: Glimmora|88\/100\n|-status|p1a: Dragonite|par\n|move|p2b: Raichu|Endeavor|p1a: Dragonite\n|-damage|p1a: Dragonite|71\/100 par\n|move|p1b: Glimmora|Earth Power|p2b: Raichu\n|-supereffective|p2b: Raichu\n|-damage|p2b: Raichu|52\/100\n|cant|p1a: Dragonite|par\n|\n|upkeep\n|turn|2\n|inactive|zip520520 has 30 seconds left.\n|\n|t:|1732229539\n|cant|p1a: Dragonite|par\n|move|p2a: Kilowattrel|Discharge|p1b: Glimmora|[spread] p1a,p1b\n|-ability|p2b: Raichu|Lightning Rod|boost\n|-boost|p2b: Raichu|spa|1\n|-resisted|p1b: Glimmora\n|-damage|p1a: Dragonite|33\/100 par\n|-damage|p1b: Glimmora|73\/100\n|move|p2b: Raichu|Thunderbolt|p1a: Dragonite\n|-damage|p1a: Dragonite|0 fnt\n|faint|p1a: Dragonite\n|move|p1b: Glimmora|Power Gem|p2a: Kilowattrel\n|-supereffective|p2a: Kilowattrel\n|-damage|p2a: Kilowattrel|0 fnt\n|faint|p2a: Kilowattrel\n|\n|upkeep\n|\n|t:|1732229561\n|switch|p2a: Dragonite|Dragonite, L50, M|100\/100\n|switch|p1a: Tatsugiri|Tatsugiri, L50, F|100\/100\n|turn|3\n|\n|t:|1732229582\n|-terastallize|p2a: Dragonite|Normal\n|move|p1a: Tatsugiri|Protect|p1a: Tatsugiri\n|-singleturn|p1a: Tatsugiri|Protect\n|move|p2a: Dragonite|Extreme Speed|p1b: Glimmora\n|-damage|p1b: Glimmora|17\/100\n|-activate|p1b: Glimmora|ability: Toxic Debris\n|-sidestart|p2: zip520520|move: Toxic Spikes\n|move|p2b: Raichu|Thunderbolt|p1a: Tatsugiri\n|-activate|p1a: Tatsugiri|move: Protect\n|move|p1b: Glimmora|Mortal Spin|p2b: Raichu|[spread] p2a,p2b\n|-damage|p2a: Dragonite|95\/100\n|-damage|p2b: Raichu|45\/100\n|-status|p2a: Dragonite|psn\n|-status|p2b: Raichu|psn\n|\n|-damage|p2b: Raichu|33\/100 psn|[from] psn\n|-damage|p2a: Dragonite|83\/100 psn|[from] psn\n|upkeep\n|turn|4\n|\n|t:|1732229607\n|switch|p1b: Dondozo|Dondozo, L50, M|100\/100\n|-activate|p1a: Tatsugiri|ability: Commander|[of] p1b: Dondozo\n|-boost|p1b: Dondozo|atk|2\n|-boost|p1b: Dondozo|spa|2\n|-boost|p1b: Dondozo|spe|2\n|-boost|p1b: Dondozo|def|2\n|-boost|p1b: Dondozo|spd|2\n|move|p2a: Dragonite|Extreme Speed|p1b: Dondozo\n|-damage|p1b: Dondozo|76\/100\n|move|p2b: Raichu|Thunderbolt|p1a: Tatsugiri|[miss]\n|-miss|p2b: Raichu|p1a: Tatsugiri\n|\n|-heal|p1b: Dondozo|82\/100|[from] item: Leftovers\n|-damage|p2b: Raichu|20\/100 psn|[from] psn\n|-damage|p2a: Dragonite|71\/100 psn|[from] psn\n|upkeep\n|turn|5\n|\n|t:|1732229630\n|move|p2a: Dragonite|Extreme Speed|p1b: Dondozo\n|-damage|p1b: Dondozo|57\/100\n|move|p2b: Raichu|Endeavor|p1b: Dondozo\n|-damage|p1b: Dondozo|13\/100\n|move|p1b: Dondozo|Earthquake|p2a: Dragonite|[spread] p2a,p2b\n|-miss|p1b: Dondozo|p1a: Tatsugiri\n|-supereffective|p2b: Raichu\n|-damage|p2a: Dragonite|19\/100 psn\n|-damage|p2b: Raichu|0 fnt\n|faint|p2b: Raichu\n|\n|-heal|p1b: Dondozo|19\/100|[from] item: Leftovers\n|-damage|p2a: Dragonite|7\/100 psn|[from] psn\n|upkeep\n|\n|t:|1732229647\n|switch|p2b: Garchomp|Garchomp, L50, M|100\/100\n|-status|p2b: Garchomp|psn\n|turn|6\n|\n|t:|1732229655\n|move|p1b: Dondozo|Protect|p1b: Dondozo\n|-singleturn|p1b: Dondozo|Protect\n|move|p2a: Dragonite|Extreme Speed|p1b: Dondozo\n|-activate|p1b: Dondozo|move: Protect\n|move|p2b: Garchomp|Stomping Tantrum|p1b: Dondozo\n|-activate|p1b: Dondozo|move: Protect\n|\n|-heal|p1b: Dondozo|25\/100|[from] item: Leftovers\n|-damage|p2b: Garchomp|88\/100 psn|[from] psn\n|-damage|p2a: Dragonite|0 fnt|[from] psn\n|faint|p2a: Dragonite\n|upkeep\n|turn|7\n|\n|t:|1732229675\n|move|p1b: Dondozo|Wave Crash|p2b: Garchomp\n|-damage|p2b: Garchomp|0 fnt\n|-damage|p1b: Dondozo|13\/100|[from] ability: Rough Skin|[of] p2b: Garchomp\n|faint|p2b: Garchomp\n|-damage|p1b: Dondozo|0 fnt|[from] Recoil\n|faint|p1b: Dondozo\n|\n|win|VGCLTH <1000ELO\n|raw|VGCLTH &lt;1000ELO's rating: 1664 &rarr; <strong>1690<\/strong><br \/>(+26 for winning)\n|raw|zip520520's rating: 1777 &rarr; <strong>1751<\/strong><br \/>(-26 for losing)\n|l|\u2606VGCLTH <1000ELO\n|player|p1|\n|l| kyo9t\n|l|\u2606zip520520\n|player|p2|\n","uploadtime":1732229933,"views":14,"formatid":"gen9vgc2024regh","rating":1690,"private":0,"password":null}