{"id":"gen9vgc2024regh-2248584198","format":"[Gen 9] VGC 2024 Reg H","players":["St.Rouen","VGCLTH Sir Aaron"],"log":"|raw|<div class=\"broadcast-blue\"><strong>This battle is required to be public due to a player having a name starting with 'vgclth'.<\/div>\n|j|\u2606St.Rouen\n|j|\u2606VGCLTH Sir Aaron\n|t:|1732229062\n|gametype|doubles\n|player|p1|St.Rouen|maid|1696\n|player|p2|VGCLTH Sir Aaron|red-masters3|1711\n|teamsize|p1|6\n|teamsize|p2|6\n|gen|9\n|tier|[Gen 9] VGC 2024 Reg H\n|rated|\n|rule|Species Clause: Limit one of each Pok\u00e9mon\n|rule|Item Clause: Limit 1 of each item\n|clearpoke\n|poke|p1|Archaludon, L50, F|\n|poke|p1|Whimsicott, L50, F|\n|poke|p1|Maushold, L50|\n|poke|p1|Annihilape, L50, M|\n|poke|p1|Dragonite, L50, F|\n|poke|p1|Ceruledge, L50, F|\n|poke|p2|Azumarill, L50, F|\n|poke|p2|Archaludon, L50, F|\n|poke|p2|Arcanine, L50, F|\n|poke|p2|Electabuzz, L50, F|\n|poke|p2|Rillaboom, L50, F|\n|poke|p2|Dragonite, L50, F|\n|teampreview|4\n|inactive|Battle timer is ON: inactive players will automatically lose when time's up. (requested by VGCLTH Sir Aaron)\n|\n|t:|1732229159\n|start\n|switch|p1a: Annihilape|Annihilape, L50, M|100\/100\n|switch|p1b: Maushold|Maushold, L50|100\/100\n|switch|p2a: Azumarill|Azumarill, L50, F|100\/100\n|switch|p2b: Electabuzz|Electabuzz, L50, F|100\/100\n|turn|1\n|\n|t:|1732229173\n|move|p2b: Electabuzz|Follow Me|p2b: Electabuzz\n|-singleturn|p2b: Electabuzz|move: Follow Me\n|move|p1b: Maushold|Super Fang|p2b: Electabuzz\n|-damage|p2b: Electabuzz|51\/100\n|move|p1a: Annihilape|Bulk Up|p1a: Annihilape\n|-boost|p1a: Annihilape|atk|1\n|-boost|p1a: Annihilape|def|1\n|move|p2a: Azumarill|Belly Drum|p2a: Azumarill\n|-damage|p2a: Azumarill|51\/100\n|-setboost|p2a: Azumarill|atk|6|[from] move: Belly Drum\n|\n|upkeep\n|turn|2\n|inactive|St.Rouen has 30 seconds left.\n|\n|t:|1732229202\n|-terastallize|p2a: Azumarill|Water\n|move|p1b: Maushold|Follow Me|p1b: Maushold\n|-singleturn|p1b: Maushold|move: Follow Me\n|move|p2b: Electabuzz|Follow Me|p2b: Electabuzz\n|-singleturn|p2b: Electabuzz|move: Follow Me\n|move|p2a: Azumarill|Aqua Jet|p1b: Maushold\n|-damage|p1b: Maushold|0 fnt\n|-damage|p2a: Azumarill|34\/100|[from] item: Rocky Helmet|[of] p1b: Maushold\n|-enditem|p2a: Azumarill|Sitrus Berry|[eat]\n|-heal|p2a: Azumarill|59\/100|[from] item: Sitrus Berry\n|faint|p1b: Maushold\n|move|p1a: Annihilape|Bulk Up|p1a: Annihilape\n|-boost|p1a: Annihilape|atk|1\n|-boost|p1a: Annihilape|def|1\n|\n|upkeep\n|\n|t:|1732229218\n|switch|p1b: Archaludon|Archaludon, L50, F|100\/100\n|turn|3\n|\n|t:|1732229230\n|-terastallize|p1a: Annihilape|Water\n|move|p2a: Azumarill|Protect|p2a: Azumarill\n|-singleturn|p2a: Azumarill|Protect\n|move|p1a: Annihilape|Drain Punch|p2b: Electabuzz\n|-damage|p2b: Electabuzz|0 fnt\n|faint|p2b: Electabuzz\n|move|p1b: Archaludon|Electro Shot||[still]\n|-prepare|p1b: Archaludon|Electro Shot\n|-boost|p1b: Archaludon|spa|1\n|-enditem|p1b: Archaludon|Power Herb\n|-anim|p1b: Archaludon|Electro Shot|p2a: Azumarill\n|-activate|p2a: Azumarill|move: Protect\n|\n|upkeep\n|\n|t:|1732229244\n|switch|p2b: Archaludon|Archaludon, L50, F|100\/100\n|turn|4\n|\n|t:|1732229259\n|move|p1a: Annihilape|Protect|p1a: Annihilape\n|-singleturn|p1a: Annihilape|Protect\n|move|p1b: Archaludon|Draco Meteor|p2a: Azumarill\n|-damage|p2a: Azumarill|0 fnt\n|-unboost|p1b: Archaludon|spa|2\n|faint|p2a: Azumarill\n|move|p2b: Archaludon|Electro Shot||[still]\n|-prepare|p2b: Archaludon|Electro Shot\n|-boost|p2b: Archaludon|spa|1\n|-enditem|p2b: Archaludon|Power Herb\n|-anim|p2b: Archaludon|Electro Shot|p1a: Annihilape\n|-activate|p1a: Annihilape|move: Protect\n|\n|upkeep\n|\n|t:|1732229262\n|switch|p2a: Dragonite|Dragonite, L50, F|100\/100\n|turn|5\n|\n|t:|1732229280\n|move|p1a: Annihilape|Drain Punch|p2b: Archaludon\n|-supereffective|p2b: Archaludon\n|-ability|p2b: Archaludon|Sturdy\n|-damage|p2b: Archaludon|1\/100\n|move|p1b: Archaludon|Flash Cannon|p2b: Archaludon\n|-resisted|p2b: Archaludon\n|-damage|p2b: Archaludon|0 fnt\n|faint|p2b: Archaludon\n|move|p2a: Dragonite|Scale Shot|p1a: Annihilape\n|-damage|p1a: Annihilape|93\/100\n|-damage|p1a: Annihilape|86\/100\n|-damage|p1a: Annihilape|79\/100\n|-crit|p1a: Annihilape\n|-damage|p1a: Annihilape|56\/100\n|-hitcount|p1a: Annihilape|4\n|-unboost|p2a: Dragonite|def|1\n|-boost|p2a: Dragonite|spe|1\n|\n|upkeep\n|turn|6\n|-message|VGCLTH Sir Aaron forfeited.\n|\n|win|St.Rouen\n|raw|St.Rouen's rating: 1696 &rarr; <strong>1717<\/strong><br \/>(+21 for winning)\n|raw|VGCLTH Sir Aaron's rating: 1711 &rarr; <strong>1690<\/strong><br \/>(-21 for losing)\n|l|\u2606St.Rouen\n|player|p1|\n","uploadtime":1732229508,"views":14,"formatid":"gen9vgc2024regh","rating":1690,"private":0,"password":null}