{"id":"gen9vgc2024regh-2248541247","format":"[Gen 9] VGC 2024 Reg H","players":["chin8","VGCLTH <1000ELO"],"log":"|raw|<div class=\"broadcast-blue\"><strong>This battle is required to be public due to a player having a name starting with 'vgclth'.<\/div>\n|j|\u2606chin8\n|j|\u2606VGCLTH <1000ELO\n|t:|1732224492\n|gametype|doubles\n|player|p1|chin8|gentleman-gen4dp|1702\n|player|p2|VGCLTH <1000ELO|170|1738\n|teamsize|p1|6\n|teamsize|p2|6\n|gen|9\n|tier|[Gen 9] VGC 2024 Reg H\n|rated|\n|rule|Species Clause: Limit one of each Pok\u00e9mon\n|rule|Item Clause: Limit 1 of each item\n|clearpoke\n|poke|p1|Baxcalibur, L50, F|\n|poke|p1|Kilowattrel, L50, M|\n|poke|p1|Granbull, L50, M|\n|poke|p1|Gardevoir, L50, F|\n|poke|p1|Magmortar, L50, M|\n|poke|p1|Gholdengo, L50|\n|poke|p2|Dondozo, L50, M|\n|poke|p2|Tatsugiri, L50, M|\n|poke|p2|Dragonite, L50, M|\n|poke|p2|Gholdengo, L50|\n|poke|p2|Glimmora, L50, F|\n|poke|p2|Talonflame, L50, M|\n|teampreview|4\n|inactive|Battle timer is ON: inactive players will automatically lose when time's up. (requested by VGCLTH <1000ELO)\n|\n|t:|1732224510\n|start\n|switch|p1a: Kilowattrel|Kilowattrel, L50, M|100\/100\n|switch|p1b: Gholdengo|Gholdengo, L50|100\/100\n|switch|p2a: Dragonite|Dragonite, L50, M|100\/100\n|switch|p2b: Gholdengo|Gholdengo, L50|100\/100\n|turn|1\n|\n|t:|1732224532\n|move|p1a: Kilowattrel|Tailwind|p1a: Kilowattrel\n|-sidestart|p1: chin8|move: Tailwind\n|move|p1b: Gholdengo|Shadow Ball|p2b: Gholdengo\n|-supereffective|p2b: Gholdengo\n|-damage|p2b: Gholdengo|0 fnt\n|faint|p2b: Gholdengo\n|move|p2a: Dragonite|Ice Spinner|p1a: Kilowattrel\n|-supereffective|p1a: Kilowattrel\n|-crit|p1a: Kilowattrel\n|-enditem|p1a: Kilowattrel|Focus Sash\n|-damage|p1a: Kilowattrel|1\/100\n|\n|upkeep\n|\n|t:|1732224541\n|switch|p2b: Tatsugiri|Tatsugiri, L50, M|100\/100\n|turn|2\n|\n|t:|1732224550\n|move|p1a: Kilowattrel|Thunderbolt|p2a: Dragonite\n|-damage|p2a: Dragonite|82\/100\n|move|p1b: Gholdengo|Shadow Ball|p2a: Dragonite\n|-damage|p2a: Dragonite|44\/100\n|move|p2b: Tatsugiri|Muddy Water|p1b: Gholdengo|[spread] p1a,p1b\n|-damage|p1a: Kilowattrel|0 fnt\n|-damage|p1b: Gholdengo|70\/100\n|faint|p1a: Kilowattrel\n|move|p2a: Dragonite|Ice Spinner|p1b: Gholdengo\n|-resisted|p1b: Gholdengo\n|-damage|p1b: Gholdengo|47\/100\n|\n|-heal|p1b: Gholdengo|53\/100|[from] item: Leftovers\n|upkeep\n|\n|t:|1732224554\n|switch|p1a: Gardevoir|Gardevoir, L50, F|100\/100\n|turn|3\n|\n|t:|1732224562\n|-terastallize|p2b: Tatsugiri|Steel\n|move|p1b: Gholdengo|Shadow Ball|p2b: Tatsugiri\n|-damage|p2b: Tatsugiri|41\/100\n|move|p1a: Gardevoir|Dazzling Gleam|p2b: Tatsugiri|[spread] p2a,p2b\n|-supereffective|p2a: Dragonite\n|-resisted|p2b: Tatsugiri\n|-crit|p2b: Tatsugiri\n|-damage|p2a: Dragonite|0 fnt\n|-damage|p2b: Tatsugiri|12\/100\n|faint|p2a: Dragonite\n|move|p2b: Tatsugiri|Muddy Water|p1a: Gardevoir|[spread] p1a,p1b\n|-damage|p1a: Gardevoir|68\/100\n|-damage|p1b: Gholdengo|24\/100\n|\n|-heal|p1b: Gholdengo|30\/100|[from] item: Leftovers\n|upkeep\n|\n|t:|1732224565\n|switch|p2a: Dondozo|Dondozo, L50, M|100\/100\n|-activate|p2b: Tatsugiri|ability: Commander|[of] p2a: Dondozo\n|-boost|p2a: Dondozo|atk|2\n|-boost|p2a: Dondozo|spa|2\n|-boost|p2a: Dondozo|spe|2\n|-boost|p2a: Dondozo|def|2\n|-boost|p2a: Dondozo|spd|2\n|-enditem|p1a: Gardevoir|Mirror Herb\n|-boost|p1a: Gardevoir|atk|2|[from] item: Mirror Herb\n|-boost|p1a: Gardevoir|spa|2|[from] item: Mirror Herb\n|-boost|p1a: Gardevoir|spe|2|[from] item: Mirror Herb\n|-boost|p1a: Gardevoir|def|2|[from] item: Mirror Herb\n|-boost|p1a: Gardevoir|spd|2|[from] item: Mirror Herb\n|turn|4\n|\n|t:|1732224578\n|move|p1a: Gardevoir|Skill Swap|p2a: Dondozo\n|-activate|p1a: Gardevoir|move: Skill Swap|Unaware|Telepathy|[of] p2a: Dondozo\n|move|p1b: Gholdengo|Nasty Plot|p1b: Gholdengo\n|-boost|p1b: Gholdengo|spa|2\n|move|p2a: Dondozo|Earthquake|p1b: Gholdengo|[spread] p1a,p1b\n|-miss|p2a: Dondozo|p2b: Tatsugiri\n|-supereffective|p1b: Gholdengo\n|-damage|p1a: Gardevoir|52\/100\n|-damage|p1b: Gholdengo|0 fnt\n|faint|p1b: Gholdengo\n|\n|-sideend|p1: chin8|move: Tailwind\n|upkeep\n|\n|t:|1732224580\n|switch|p1b: Baxcalibur|Baxcalibur, L50, F|100\/100\n|turn|5\n|\n|t:|1732224586\n|-terastallize|p1b: Baxcalibur|Ground\n|move|p1a: Gardevoir|Dazzling Gleam|p2a: Dondozo|[spread] p2a\n|-miss|p1a: Gardevoir|p2b: Tatsugiri\n|-damage|p2a: Dondozo|36\/100\n|move|p2a: Dondozo|Wave Crash|p1a: Gardevoir\n|-damage|p1a: Gardevoir|15\/100\n|-damage|p2a: Dondozo|26\/100|[from] Recoil\n|move|p1b: Baxcalibur|Earthquake|p2b: Tatsugiri|[spread] p1a,p2a\n|-miss|p1b: Baxcalibur|p2b: Tatsugiri\n|-damage|p1a: Gardevoir|0 fnt\n|-damage|p2a: Dondozo|10\/100\n|faint|p1a: Gardevoir\n|\n|-heal|p2a: Dondozo|16\/100|[from] item: Leftovers\n|upkeep\n|turn|6\n|\n|t:|1732224592\n|move|p2a: Dondozo|Protect|p2a: Dondozo\n|-singleturn|p2a: Dondozo|Protect\n|move|p1b: Baxcalibur|Earthquake|p2b: Tatsugiri|[spread] \n|-miss|p1b: Baxcalibur|p2b: Tatsugiri\n|-activate|p2a: Dondozo|move: Protect\n|\n|-heal|p2a: Dondozo|22\/100|[from] item: Leftovers\n|upkeep\n|turn|7\n|\n|t:|1732224594\n|move|p2a: Dondozo|Wave Crash|p1b: Baxcalibur\n|-supereffective|p1b: Baxcalibur\n|-damage|p1b: Baxcalibur|0 fnt\n|faint|p1b: Baxcalibur\n|-damage|p2a: Dondozo|0 fnt|[from] Recoil\n|faint|p2a: Dondozo\n|\n|win|VGCLTH <1000ELO\n|raw|chin8's rating: 1702 &rarr; <strong>1684<\/strong><br \/>(-18 for losing)\n|raw|VGCLTH &lt;1000ELO's rating: 1738 &rarr; <strong>1756<\/strong><br \/>(+18 for winning)\n|l|\u2606chin8\n|player|p1|\n|l|\u2606VGCLTH <1000ELO\n|player|p2|\n","uploadtime":1732224830,"views":13,"formatid":"gen9vgc2024regh","rating":1684,"private":0,"password":null}