{"id":"gen9vgc2024regh-2248651406","format":"[Gen 9] VGC 2024 Reg H","players":["VGCLTH Slow","SeaWolfMikess"],"log":"|badge|p2|bronze|gen9doublesou|100-3\n|uhtml|medal-msg|<div class=\"broadcast-blue\">Curious what those medals under the avatar are? PS now has Ladder Seasons! For more information, check out the <a href=\"https:\/\/www.smogon.com\/forums\/threads\/3740067\/\">thread on Smogon.<\/a><\/div>\n|raw|<div class=\"broadcast-blue\"><strong>This battle is required to be public due to a player having a name starting with 'vgclth'.<\/div>\n|j|\u2606VGCLTH Slow\n|j|\u2606SeaWolfMikess\n|t:|1732237254\n|gametype|doubles\n|player|p1|VGCLTH Slow|skier|1736\n|player|p2|SeaWolfMikess|hugh|1773\n|teamsize|p1|6\n|teamsize|p2|6\n|gen|9\n|tier|[Gen 9] VGC 2024 Reg H\n|rated|\n|rule|Species Clause: Limit one of each Pok\u00e9mon\n|rule|Item Clause: Limit 1 of each item\n|clearpoke\n|poke|p1|Sableye, L50, F|\n|poke|p1|Sylveon, L50, F|\n|poke|p1|Maushold-Four, L50|\n|poke|p1|Volcarona, L50, M|\n|poke|p1|Rillaboom, L50, F|\n|poke|p1|Annihilape, L50, M|\n|poke|p2|Pelipper, L50, M|\n|poke|p2|Archaludon, L50, M|\n|poke|p2|Rillaboom, L50, M|\n|poke|p2|Sneasler, L50, F|\n|poke|p2|Incineroar, L50, F|\n|poke|p2|Gholdengo, L50|\n|teampreview|4\nVGCLTH Slow has agreed to open team sheets.\nSeaWolfMikess has agreed to open team sheets.\n|c|\u2606VGCLTH Slow|Glhf\n|c|\u2606SeaWolfMikess|u2\n|\n|t:|1732237281\n|start\n|switch|p1a: Snowblind|Sableye, L50, F|100\/100\n|switch|p1b: Shamonerona|Volcarona, L50, M, shiny|100\/100\n|switch|p2a: Archaludon|Archaludon, L50, M|100\/100\n|switch|p2b: Sneasler|Sneasler, L50, F|100\/100\n|turn|1\n|\n|t:|1732237309\n|-terastallize|p2a: Archaludon|Electric\n|move|p1a: Snowblind|Protect|p1a: Snowblind\n|-singleturn|p1a: Snowblind|Protect\n|move|p1b: Shamonerona|Protect|p1b: Shamonerona\n|-singleturn|p1b: Shamonerona|Protect\n|move|p2b: Sneasler|Dire Claw|p1b: Shamonerona\n|-activate|p1b: Shamonerona|move: Protect\n|move|p2a: Archaludon|Electro Shot||[still]\n|-prepare|p2a: Archaludon|Electro Shot\n|-boost|p2a: Archaludon|spa|1\n|-enditem|p2a: Archaludon|Power Herb\n|-anim|p2a: Archaludon|Electro Shot|p1a: Snowblind\n|-activate|p1a: Snowblind|move: Protect\n|\n|upkeep\n|turn|2\n|\n|t:|1732237323\n|switch|p2b: Pelipper|Pelipper, L50, M|100\/100\n|-weather|RainDance|[from] ability: Drizzle|[of] p2b: Pelipper\n|-terastallize|p1b: Shamonerona|Grass\n|move|p1a: Snowblind|Disable||[still]\n|-fail|p1a: Snowblind\n|move|p2a: Archaludon|Electro Shot||[still]\n|-prepare|p2a: Archaludon|Electro Shot\n|-boost|p2a: Archaludon|spa|1\n|-anim|p2a: Archaludon|Electro Shot|p1b: Shamonerona\n|-resisted|p1b: Shamonerona\n|-damage|p1b: Shamonerona|38\/100\n|move|p1b: Shamonerona|Quiver Dance|p1b: Shamonerona\n|-boost|p1b: Shamonerona|spa|1\n|-boost|p1b: Shamonerona|spd|1\n|-boost|p1b: Shamonerona|spe|1\n|\n|-weather|RainDance|[upkeep]\n|upkeep\n|turn|3\n|j| ale cog\n|\n|t:|1732237339\n|move|p1b: Shamonerona|Protect|p1b: Shamonerona\n|-singleturn|p1b: Shamonerona|Protect\n|move|p1a: Snowblind|Disable|p2a: Archaludon\n|-start|p2a: Archaludon|Disable|Electro Shot\n|move|p2b: Pelipper|Hurricane|p1b: Shamonerona\n|-activate|p1b: Shamonerona|move: Protect\n|cant|p2a: Archaludon|Disable|Electro Shot\n|\n|-weather|RainDance|[upkeep]\n|upkeep\n|turn|4\n|\n|t:|1732237353\n|move|p1a: Snowblind|Disable|p2b: Pelipper\n|-start|p2b: Pelipper|Disable|Hurricane\n|move|p1b: Shamonerona|Giga Drain|p2a: Archaludon\n|-damage|p2a: Archaludon|21\/100\n|-heal|p1b: Shamonerona|72\/100|[from] drain|[of] p2a: Archaludon\n|cant|p2b: Pelipper|Disable|Hurricane\n|move|p2a: Archaludon|Dragon Pulse|p1b: Shamonerona\n|-damage|p1b: Shamonerona|19\/100\n|\n|-weather|RainDance|[upkeep]\n|upkeep\n|turn|5\n|\n|t:|1732237379\n|switch|p2b: Sneasler|Sneasler, L50, F|100\/100\n|switch|p2a: Rillaboom|Rillaboom, L50, M|100\/100\n|-fieldstart|move: Grassy Terrain|[from] ability: Grassy Surge|[of] p2a: Rillaboom\n|-enditem|p2b: Sneasler|Grassy Seed\n|-boost|p2b: Sneasler|def|1|[from] item: Grassy Seed\n|switch|p1a: Koko The Gorythmic|Rillaboom, L50, F|100\/100\n|move|p1b: Shamonerona|Giga Drain|p2a: Rillaboom\n|-resisted|p2a: Rillaboom\n|-damage|p2a: Rillaboom|74\/100\n|-heal|p1b: Shamonerona|33\/100|[from] drain|[of] p2a: Rillaboom\n|\n|-weather|RainDance|[upkeep]\n|-heal|p1b: Shamonerona|40\/100|[from] Grassy Terrain\n|-heal|p2a: Rillaboom|80\/100|[from] Grassy Terrain\n|upkeep\n|turn|6\n|\n|t:|1732237389\n|switch|p1a: Snowblind|Sableye, L50, F|100\/100\n|move|p1b: Shamonerona|Protect|p1b: Shamonerona\n|-singleturn|p1b: Shamonerona|Protect\n|move|p2a: Rillaboom|Fake Out|p1a: Snowblind\n|-immune|p1a: Snowblind\n|move|p2b: Sneasler|Dire Claw|p1b: Shamonerona\n|-activate|p1b: Shamonerona|move: Protect\n|\n|-weather|none\n|-heal|p1b: Shamonerona|46\/100|[from] Grassy Terrain\n|-heal|p2a: Rillaboom|86\/100|[from] Grassy Terrain\n|upkeep\n|turn|7\n|\n|t:|1732237399\n|switch|p2a: Archaludon|Archaludon, L50, M, tera:Electric|21\/100\n|move|p1a: Snowblind|Disable|p2b: Sneasler\n|-start|p2b: Sneasler|Disable|Dire Claw\n|move|p2b: Sneasler|Close Combat|p1b: Shamonerona\n|-damage|p1b: Shamonerona|0 fnt\n|-unboost|p2b: Sneasler|def|1\n|-unboost|p2b: Sneasler|spd|1\n|faint|p1b: Shamonerona\n|\n|-heal|p2a: Archaludon|27\/100|[from] Grassy Terrain\n|upkeep\n|\n|t:|1732237415\n|switch|p1b: Koko The Gorythmic|Rillaboom, L50, F|100\/100\n|turn|8\n|\n|t:|1732237474\n|switch|p2b: Pelipper|Pelipper, L50, M|100\/100\n|-weather|RainDance|[from] ability: Drizzle|[of] p2b: Pelipper\n|move|p1b: Koko The Gorythmic|Grassy Glide|p2a: Archaludon\n|-damage|p2a: Archaludon|0 fnt\n|faint|p2a: Archaludon\n|move|p1a: Snowblind|Foul Play|p2b: Pelipper\n|-damage|p2b: Pelipper|82\/100\n|\n|-weather|RainDance|[upkeep]\n|upkeep\n|\n|t:|1732237483\n|switch|p2a: Sneasler|Sneasler, L50, F|100\/100\n|turn|9\n|\n|t:|1732237492\n|switch|p1b: They\/Them|Maushold-Four, L50, shiny|100\/100\n|move|p1a: Snowblind|Protect|p1a: Snowblind\n|-singleturn|p1a: Snowblind|Protect\n|move|p2b: Pelipper|Muddy Water|p1b: They\/Them|[spread] p1b\n|-activate|p1a: Snowblind|move: Protect\n|-damage|p1b: They\/Them|47\/100\n|move|p2a: Sneasler|Dire Claw|p1b: They\/Them\n|-damage|p1b: They\/Them|0 fnt\n|faint|p1b: They\/Them\n|\n|-weather|RainDance|[upkeep]\n|-fieldend|move: Grassy Terrain\n|upkeep\n|\n|t:|1732237503\n|switch|p1b: Koko The Gorythmic|Rillaboom, L50, F|100\/100\n|-fieldstart|move: Grassy Terrain|[from] ability: Grassy Surge|[of] p1b: Koko The Gorythmic\n|turn|10\n|\n|t:|1732237509\n|switch|p2a: Rillaboom|Rillaboom, L50, M|86\/100\n|move|p1a: Snowblind|Disable||[still]\n|-fail|p1a: Snowblind\n|move|p2b: Pelipper|Muddy Water|p1a: Snowblind|[spread] p1a,p1b\n|-resisted|p1b: Koko The Gorythmic\n|-damage|p1a: Snowblind|48\/100\n|-damage|p1b: Koko The Gorythmic|84\/100\n|-unboost|p1a: Snowblind|accuracy|1\n|-enditem|p1a: Snowblind|Sitrus Berry|[eat]\n|-heal|p1a: Snowblind|73\/100|[from] item: Sitrus Berry\n|move|p1b: Koko The Gorythmic|High Horsepower|p2a: Rillaboom\n|-resisted|p2a: Rillaboom\n|-damage|p2a: Rillaboom|71\/100\n|\n|-weather|RainDance|[upkeep]\n|-heal|p1b: Koko The Gorythmic|90\/100|[from] Grassy Terrain\n|-heal|p2a: Rillaboom|76\/100|[from] Grassy Terrain\n|-heal|p1a: Snowblind|79\/100|[from] Grassy Terrain\n|upkeep\n|turn|11\n|\n|t:|1732237524\n|move|p1a: Snowblind|Disable|p2b: Pelipper\n|-start|p2b: Pelipper|Disable|Muddy Water\n|cant|p2b: Pelipper|Disable|Muddy Water\n|move|p1b: Koko The Gorythmic|High Horsepower|p2a: Rillaboom\n|-resisted|p2a: Rillaboom\n|-damage|p2a: Rillaboom|62\/100\n|move|p2a: Rillaboom|Wood Hammer|p1a: Snowblind\n|-damage|p1a: Snowblind|0 fnt\n|faint|p1a: Snowblind\n|-damage|p2a: Rillaboom|43\/100|[from] Recoil\n|\n|-weather|RainDance|[upkeep]\n|-heal|p1b: Koko The Gorythmic|96\/100|[from] Grassy Terrain\n|-heal|p2a: Rillaboom|48\/100|[from] Grassy Terrain\n|upkeep\n|turn|12\n|\n|t:|1732237540\n|-activate|p2b: Pelipper|move: Struggle\n|move|p2b: Pelipper|Struggle|p1b: Koko The Gorythmic\n|-damage|p1b: Koko The Gorythmic|91\/100\n|-damage|p2b: Pelipper|57\/100|[from] recoil\n|move|p1b: Koko The Gorythmic|High Horsepower|p2b: Pelipper\n|-immune|p2b: Pelipper\n|move|p2a: Rillaboom|Wood Hammer|p1b: Koko The Gorythmic\n|-resisted|p1b: Koko The Gorythmic\n|-damage|p1b: Koko The Gorythmic|50\/100\n|-damage|p2a: Rillaboom|35\/100|[from] Recoil\n|\n|-weather|none\n|-heal|p1b: Koko The Gorythmic|56\/100|[from] Grassy Terrain\n|-heal|p2a: Rillaboom|41\/100|[from] Grassy Terrain\n|upkeep\n|turn|13\n|\n|t:|1732237547\n|-activate|p2b: Pelipper|move: Struggle\n|move|p2b: Pelipper|Struggle|p1b: Koko The Gorythmic\n|-damage|p1b: Koko The Gorythmic|51\/100\n|-damage|p2b: Pelipper|32\/100|[from] recoil\n|move|p1b: Koko The Gorythmic|Wood Hammer|p2a: Rillaboom\n|-resisted|p2a: Rillaboom\n|-damage|p2a: Rillaboom|5\/100\n|-damage|p1b: Koko The Gorythmic|38\/100|[from] Recoil\n|move|p2a: Rillaboom|Wood Hammer|p1b: Koko The Gorythmic\n|-resisted|p1b: Koko The Gorythmic\n|-damage|p1b: Koko The Gorythmic|2\/100\n|-damage|p2a: Rillaboom|0 fnt|[from] Recoil\n|faint|p2a: Rillaboom\n|\n|-heal|p1b: Koko The Gorythmic|8\/100|[from] Grassy Terrain\n|upkeep\n|c|\u2606VGCLTH Slow|Gg\n|c|\u2606SeaWolfMikess|gg\n|\n|t:|1732237552\n|switch|p2a: Sneasler|Sneasler, L50, F|100\/100\n|turn|14\n|\n|t:|1732237558\n|-activate|p2b: Pelipper|move: Struggle\n|move|p2b: Pelipper|Struggle|p1b: Koko The Gorythmic\n|-damage|p1b: Koko The Gorythmic|3\/100\n|-damage|p2b: Pelipper|7\/100|[from] recoil\n|move|p2a: Sneasler|Throat Chop|p1b: Koko The Gorythmic\n|-damage|p1b: Koko The Gorythmic|0 fnt\n|faint|p1b: Koko The Gorythmic\n|\n|win|SeaWolfMikess\n|raw|VGCLTH Slow's rating: 1736 &rarr; <strong>1718<\/strong><br \/>(-18 for losing)\n|raw|SeaWolfMikess's rating: 1773 &rarr; <strong>1791<\/strong><br \/>(+18 for winning)\n|l|\u2606SeaWolfMikess\n|player|p2|\n|l|\u2606VGCLTH Slow\n|player|p1|\n","uploadtime":1732237569,"views":30,"formatid":"gen9vgc2024regh","rating":1718,"private":0,"password":null}