{"id":"gen9vgc2024regh-2248322072","format":"[Gen 9] VGC 2024 Reg H","players":["VGCLTH lily","Jesuuuus"],"log":"|raw|<div class=\"broadcast-blue\"><strong>This battle is required to be public due to a player having a name starting with 'vgclth'.<\/div>\n|j|\u2606VGCLTH lily\n|j|\u2606Jesuuuus\n|t:|1732203564\n|gametype|doubles\n|player|p1|VGCLTH lily|akari|1681\n|player|p2|Jesuuuus|169|1780\n|teamsize|p1|6\n|teamsize|p2|6\n|gen|9\n|tier|[Gen 9] VGC 2024 Reg H\n|rated|\n|rule|Species Clause: Limit one of each Pok\u00e9mon\n|rule|Item Clause: Limit 1 of each item\n|clearpoke\n|poke|p1|Dragapult, L50, M|\n|poke|p1|Decidueye-Hisui, L50, F|\n|poke|p1|Samurott-Hisui, L50, F|\n|poke|p1|Arcanine-Hisui, L50, M|\n|poke|p1|Gholdengo, L50|\n|poke|p1|Whimsicott, L50, M|\n|poke|p2|Archaludon, L50, M|\n|poke|p2|Whimsicott, L50, M|\n|poke|p2|Pelipper, L50, F|\n|poke|p2|Basculegion, L50, M|\n|poke|p2|Gholdengo, L50|\n|poke|p2|Rillaboom, L50, M|\n|teampreview|4\n|inactive|Battle timer is ON: inactive players will automatically lose when time's up. (requested by Jesuuuus)\n|inactive|VGCLTH lily has 60 seconds left.\n|inactive|Jesuuuus has 60 seconds left.\n|\n|t:|1732203608\n|start\n|switch|p1a: Samurott|Samurott-Hisui, L50, F|100\/100\n|switch|p1b: Whimsicott|Whimsicott, L50, M|100\/100\n|switch|p2a: Whimsicott|Whimsicott, L50, M|100\/100\n|switch|p2b: Gholdengo|Gholdengo, L50|100\/100\n|turn|1\n|j| uppercut vgc\n|l| uppercut vgc\n|\n|t:|1732203633\n|switch|p2b: Archaludon|Archaludon, L50, M|100\/100\n|move|p1b: Whimsicott|Tailwind|p1b: Whimsicott\n|-sidestart|p1: VGCLTH lily|move: Tailwind\n|move|p1a: Samurott|Sacred Sword|p2b: Archaludon\n|-supereffective|p2b: Archaludon\n|-damage|p2b: Archaludon|46\/100\n|-ability|p2b: Archaludon|Stamina|boost\n|-boost|p2b: Archaludon|def|1\n|move|p2a: Whimsicott|Beat Up|p2b: Archaludon\n|-damage|p2b: Archaludon|45\/100\n|-ability|p2b: Archaludon|Stamina|boost\n|-boost|p2b: Archaludon|def|1\n|-damage|p2b: Archaludon|44\/100\n|-ability|p2b: Archaludon|Stamina|boost\n|-boost|p2b: Archaludon|def|1\n|-damage|p2b: Archaludon|43\/100\n|-ability|p2b: Archaludon|Stamina|boost\n|-boost|p2b: Archaludon|def|1\n|-damage|p2b: Archaludon|42\/100\n|-ability|p2b: Archaludon|Stamina|boost\n|-boost|p2b: Archaludon|def|1\n|-hitcount|p2b: Archaludon|4\n|\n|upkeep\n|turn|2\n|j| futonkagebunshin\n|\n|t:|1732203655\n|switch|p2a: Rillaboom|Rillaboom, L50, M|100\/100\n|-fieldstart|move: Grassy Terrain|[from] ability: Grassy Surge|[of] p2a: Rillaboom\n|-terastallize|p2b: Archaludon|Ghost\n|move|p1b: Whimsicott|Moonblast|p2b: Archaludon\n|-damage|p2b: Archaludon|24\/100\n|-unboost|p2b: Archaludon|spa|1\n|-ability|p2b: Archaludon|Stamina|boost\n|-boost|p2b: Archaludon|def|1\n|move|p1a: Samurott|Sacred Sword|p2b: Archaludon\n|-immune|p2b: Archaludon\n|move|p2b: Archaludon|Body Press|p1a: Samurott\n|-supereffective|p1a: Samurott\n|-damage|p1a: Samurott|0 fnt\n|faint|p1a: Samurott\n|\n|-heal|p2b: Archaludon|30\/100|[from] Grassy Terrain\n|upkeep\n|\n|t:|1732203664\n|switch|p1a: Gholdengo|Gholdengo, L50|100\/100\n|turn|3\n|\n|t:|1732203688\n|move|p1b: Whimsicott|Light Screen|p1b: Whimsicott\n|-sidestart|p1: VGCLTH lily|move: Light Screen\n|move|p1a: Gholdengo|Make It Rain|p2b: Archaludon|[spread] p2a,p2b\n|-damage|p2a: Rillaboom|13\/100\n|-damage|p2b: Archaludon|0 fnt\n|-unboost|p1a: Gholdengo|spa|1\n|faint|p2b: Archaludon\n|move|p2a: Rillaboom|Taunt|p1b: Whimsicott\n|-start|p1b: Whimsicott|move: Taunt\n|\n|-heal|p2a: Rillaboom|19\/100|[from] Grassy Terrain\n|upkeep\n|\n|t:|1732203695\n|switch|p2b: Gholdengo|Gholdengo, L50|100\/100\n|turn|4\n|\n|t:|1732203708\n|switch|p1a: Decidueye|Decidueye-Hisui, L50, F|100\/100\n|-terastallize|p1b: Whimsicott|Water\n|move|p2a: Rillaboom|Grassy Glide|p1b: Whimsicott\n|-supereffective|p1b: Whimsicott\n|-damage|p1b: Whimsicott|7\/100\n|move|p1b: Whimsicott|Moonblast|p2a: Rillaboom\n|-damage|p2a: Rillaboom|0 fnt\n|faint|p2a: Rillaboom\n|move|p2b: Gholdengo|Shadow Ball|p1a: Decidueye\n|-damage|p1a: Decidueye|45\/100\n|\n|-heal|p1a: Decidueye|51\/100|[from] Grassy Terrain\n|-heal|p1b: Whimsicott|13\/100|[from] Grassy Terrain\n|-sideend|p1: VGCLTH lily|move: Tailwind\n|upkeep\n|\n|t:|1732203724\n|switch|p2a: Whimsicott|Whimsicott, L50, M|100\/100\n|turn|5\n|\n|t:|1732203733\n|switch|p1b: Gholdengo|Gholdengo, L50|100\/100\n|move|p1a: Decidueye|Triple Arrows|p2b: Gholdengo\n|-supereffective|p2b: Gholdengo\n|-damage|p2b: Gholdengo|11\/100\n|-unboost|p2b: Gholdengo|def|1\n|move|p2a: Whimsicott|Moonblast|p1a: Decidueye\n|-supereffective|p1a: Decidueye\n|-damage|p1a: Decidueye|13\/100\n|move|p2b: Gholdengo|Shadow Ball|p1b: Gholdengo\n|-supereffective|p1b: Gholdengo\n|-damage|p1b: Gholdengo|12\/100\n|\n|-heal|p1a: Decidueye|20\/100|[from] Grassy Terrain\n|-heal|p2b: Gholdengo|17\/100|[from] Grassy Terrain\n|-heal|p1b: Gholdengo|17\/100|[from] Grassy Terrain\n|upkeep\n|turn|6\n|inactive|VGCLTH lily has 30 seconds left.\n|\n|t:|1732203762\n|switch|p1b: Whimsicott|Whimsicott, L50, M, tera:Water|13\/100\n|move|p2a: Whimsicott|Tailwind|p2a: Whimsicott\n|-sidestart|p2: Jesuuuus|move: Tailwind\n|move|p2b: Gholdengo|Shadow Ball|p1b: Whimsicott\n|-damage|p1b: Whimsicott|0 fnt\n|faint|p1b: Whimsicott\n|move|p1a: Decidueye|Triple Arrows|p2b: Gholdengo\n|-supereffective|p2b: Gholdengo\n|-crit|p2b: Gholdengo\n|-damage|p2b: Gholdengo|0 fnt\n|faint|p2b: Gholdengo\n|\n|-heal|p1a: Decidueye|26\/100|[from] Grassy Terrain\n|-fieldend|move: Grassy Terrain\n|upkeep\n|\n|t:|1732203769\n|switch|p1b: Gholdengo|Gholdengo, L50|17\/100\n|turn|7\n|\n|t:|1732203775\n|move|p2a: Whimsicott|Moonblast|p1b: Gholdengo\n|-resisted|p1b: Gholdengo\n|-damage|p1b: Gholdengo|9\/100\n|move|p1a: Decidueye|Triple Arrows|p2a: Whimsicott\n|-resisted|p2a: Whimsicott\n|-damage|p2a: Whimsicott|80\/100\n|move|p1b: Gholdengo|Make It Rain|p2a: Whimsicott\n|-supereffective|p2a: Whimsicott\n|-damage|p2a: Whimsicott|0 fnt\n|-unboost|p1b: Gholdengo|spa|1\n|faint|p2a: Whimsicott\n|\n|win|VGCLTH lily\n|raw|VGCLTH lily's rating: 1681 &rarr; <strong>1707<\/strong><br \/>(+26 for winning)\n|raw|Jesuuuus's rating: 1780 &rarr; <strong>1754<\/strong><br \/>(-26 for losing)\n|c|\u2606VGCLTH lily|gg\n","uploadtime":1732203780,"views":41,"formatid":"gen9vgc2024regh","rating":1707,"private":0,"password":null}