{"id":"gen9vgc2024regh-2248046927","format":"[Gen 9] VGC 2024 Reg H","players":["Mode Harambe","IMissGengar"],"log":"|j|\u2606Mode Harambe\n|j|\u2606IMissGengar\n|t:|1732161696\n|gametype|doubles\n|player|p1|Mode Harambe|red|1712\n|player|p2|IMissGengar|169|1645\n|teamsize|p1|6\n|teamsize|p2|6\n|gen|9\n|tier|[Gen 9] VGC 2024 Reg H\n|rated|\n|rule|Species Clause: Limit one of each Pok\u00e9mon\n|rule|Item Clause: Limit 1 of each item\n|clearpoke\n|poke|p1|Ursaluna, L50, M|\n|poke|p1|Jumpluff, L50, M|\n|poke|p1|Charizard, L50, F|\n|poke|p1|Torkoal, L50, F|\n|poke|p1|Incineroar, L50, M|\n|poke|p1|Porygon2, L50|\n|poke|p2|Ninetales-Alola, L50, M|\n|poke|p2|Glaceon, L50, M|\n|poke|p2|Porygon2, L50|\n|poke|p2|Sneasler, L50, F|\n|poke|p2|Archaludon, L50, M|\n|poke|p2|Illumise, L50, F|\n|teampreview|4\n|inactive|Battle timer is ON: inactive players will automatically lose when time's up. (requested by IMissGengar)\n|j| snow is mid\n|\n|t:|1732161723\n|start\n|switch|p1a: Jumpluff|Jumpluff, L50, M|100\/100\n|switch|p1b: Charizard|Charizard, L50, F|100\/100\n|switch|p2a: Illumise|Illumise, L50, F|100\/100\n|switch|p2b: Archaludon|Archaludon, L50, M|100\/100\n|turn|1\n|\n|t:|1732161742\n|-terastallize|p1b: Charizard|Ghost\n|move|p2a: Illumise|Tailwind|p2a: Illumise\n|-sidestart|p2: IMissGengar|move: Tailwind\n|move|p2b: Archaludon|Electro Shot||[still]\n|-prepare|p2b: Archaludon|Electro Shot\n|-boost|p2b: Archaludon|spa|1\n|-enditem|p2b: Archaludon|Power Herb\n|-anim|p2b: Archaludon|Electro Shot|p1b: Charizard\n|-damage|p1b: Charizard|8\/100\n|move|p1a: Jumpluff|Sunny Day|p1a: Jumpluff\n|-weather|SunnyDay\n|move|p1b: Charizard|Heat Wave|p2a: Illumise|[spread] p2b\n|-miss|p1b: Charizard|p2a: Illumise\n|-ability|p2b: Archaludon|Sturdy\n|-damage|p2b: Archaludon|1\/100\n|\n|-weather|SunnyDay|[upkeep]\n|-damage|p1b: Charizard|0 fnt|[from] ability: Solar Power|[of] p1b: Charizard\n|faint|p1b: Charizard\n|upkeep\n|\n|t:|1732161756\n|switch|p1b: Incineroar|Incineroar, L50, M|100\/100\n|-ability|p1b: Incineroar|Intimidate|boost\n|-unboost|p2a: Illumise|atk|1\n|-unboost|p2b: Archaludon|atk|1\n|turn|2\n|\n|t:|1732161763\n|switch|p2b: Ninetales|Ninetales-Alola, L50, M|100\/100\n|-weather|Snow|[from] ability: Snow Warning|[of] p2b: Ninetales\n|move|p2a: Illumise|Encore|p1a: Jumpluff\n|-start|p1a: Jumpluff|Encore\n|move|p1a: Jumpluff|Sunny Day|p1a: Jumpluff\n|-weather|SunnyDay\n|move|p1b: Incineroar|Flare Blitz|p2a: Illumise\n|-supereffective|p2a: Illumise\n|-damage|p2a: Illumise|0 fnt\n|faint|p2a: Illumise\n|-damage|p1b: Incineroar|72\/100|[from] Recoil\n|\n|-weather|SunnyDay|[upkeep]\n|upkeep\n|\n|t:|1732161774\n|switch|p2a: Archaludon|Archaludon, L50, M|1\/100\n|turn|3\n|\n|t:|1732161784\n|switch|p1a: Torkoal|Torkoal, L50, F|100\/100\n|move|p2b: Ninetales|Freeze-Dry|p1a: Torkoal\n|-resisted|p1a: Torkoal\n|-damage|p1a: Torkoal|82\/100\n|move|p2a: Archaludon|Aura Sphere|p1b: Incineroar\n|-supereffective|p1b: Incineroar\n|-damage|p1b: Incineroar|21\/100\n|-enditem|p1b: Incineroar|Sitrus Berry|[eat]\n|-heal|p1b: Incineroar|46\/100|[from] item: Sitrus Berry\n|move|p1b: Incineroar|Parting Shot|p2b: Ninetales\n|-unboost|p2b: Ninetales|atk|1\n|-unboost|p2b: Ninetales|spa|1\n|\n|t:|1732161798\n|switch|p1b: Jumpluff|Jumpluff, L50, M|100\/100|[from] Parting Shot\n|\n|-weather|SunnyDay|[upkeep]\n|upkeep\n|turn|4\n|\n|t:|1732161810\n|-terastallize|p2b: Ninetales|Water\n|move|p1b: Jumpluff|Sleep Powder|p2b: Ninetales|[miss]\n|-miss|p1b: Jumpluff|p2b: Ninetales\n|move|p2b: Ninetales|Moonblast|p1a: Torkoal\n|-resisted|p1a: Torkoal\n|-damage|p1a: Torkoal|65\/100\n|-unboost|p1a: Torkoal|spa|1\n|-enditem|p1a: Torkoal|Eject Pack\n|\n|t:|1732161815\n|switch|p1a: Incineroar|Incineroar, L50, M|46\/100\n|-ability|p1a: Incineroar|Intimidate|boost\n|-unboost|p2a: Archaludon|atk|1\n|-unboost|p2b: Ninetales|atk|1\n|move|p2a: Archaludon|Dragon Pulse|p1a: Incineroar\n|-damage|p1a: Incineroar|1\/100\n|\n|-weather|SunnyDay|[upkeep]\n|-sideend|p2: IMissGengar|move: Tailwind\n|upkeep\n|turn|5\n|\n|t:|1732161834\n|switch|p2a: Glaceon|Glaceon, L50, M|100\/100\n|move|p1a: Incineroar|Fake Out|p2a: Glaceon\n|-damage|p2a: Glaceon|88\/100\n|move|p1b: Jumpluff|Sleep Powder|p2b: Ninetales|[miss]\n|-miss|p1b: Jumpluff|p2b: Ninetales\n|move|p2b: Ninetales|Blizzard|p1b: Jumpluff|[spread] \n|-miss|p2b: Ninetales|p1a: Incineroar\n|-miss|p2b: Ninetales|p1b: Jumpluff\n|\n|-weather|SunnyDay|[upkeep]\n|upkeep\n|turn|6\n|\n|t:|1732161857\n|switch|p2b: Archaludon|Archaludon, L50, M|1\/100\n|move|p2a: Glaceon|Ice Shard|p1a: Incineroar\n|-resisted|p1a: Incineroar\n|-damage|p1a: Incineroar|0 fnt\n|faint|p1a: Incineroar\n|move|p1b: Jumpluff|Tailwind|p1b: Jumpluff\n|-sidestart|p1: Mode Harambe|move: Tailwind\n|\n|-weather|none\n|upkeep\n|\n|t:|1732161863\n|switch|p1a: Torkoal|Torkoal, L50, F|65\/100\n|-weather|SunnyDay|[from] ability: Drought|[of] p1a: Torkoal\n|turn|7\n|\n|t:|1732161876\n|switch|p2b: Ninetales|Ninetales-Alola, L50, M, tera:Water|100\/100\n|-weather|Snow|[from] ability: Snow Warning|[of] p2b: Ninetales\n|move|p1b: Jumpluff|Sunny Day|p1b: Jumpluff\n|-weather|SunnyDay\n|move|p2a: Glaceon|Shadow Ball|p1a: Torkoal\n|-damage|p1a: Torkoal|20\/100\n|move|p1a: Torkoal|Eruption|p2b: Ninetales|[spread] p2a,p2b\n|-supereffective|p2a: Glaceon\n|-resisted|p2b: Ninetales\n|-damage|p2a: Glaceon|66\/100\n|-damage|p2b: Ninetales|92\/100\n|\n|-weather|SunnyDay|[upkeep]\n|upkeep\n|turn|8\n|\n|t:|1732161890\n|move|p1b: Jumpluff|Sleep Powder|p2b: Ninetales|[miss]\n|-miss|p1b: Jumpluff|p2b: Ninetales\n|move|p2b: Ninetales|Moonblast|p1a: Torkoal\n|-resisted|p1a: Torkoal\n|-damage|p1a: Torkoal|0 fnt\n|faint|p1a: Torkoal\n|move|p2a: Glaceon|Shadow Ball|p1b: Jumpluff\n|-damage|p1b: Jumpluff|67\/100\n|\n|-weather|SunnyDay|[upkeep]\n|upkeep\n|turn|9\n|-message|Mode Harambe forfeited.\n|\n|win|IMissGengar\n|raw|Mode Harambe's rating: 1712 &rarr; <strong>1688<\/strong><br \/>(-24 for losing)\n|raw|IMissGengar's rating: 1645 &rarr; <strong>1669<\/strong><br \/>(+24 for winning)\n|l|\u2606Mode Harambe\n|player|p1|\n|l|\u2606IMissGengar\n|player|p2|\n|l| snow is mid\n","uploadtime":1732162061,"views":22,"formatid":"gen9vgc2024regh","rating":1669,"private":0,"password":null}