{"id":"gen9vgc2024regh-2248456361","format":"[Gen 9] VGC 2024 Reg H","players":["FenieVGC","zip520520"],"log":"|j|\u2606FenieVGC\n|j|\u2606zip520520\n|t:|1732216209\n|gametype|doubles\n|player|p1|FenieVGC|2|1709\n|player|p2|zip520520|170|1812\n|teamsize|p1|6\n|teamsize|p2|6\n|gen|9\n|tier|[Gen 9] VGC 2024 Reg H\n|rated|\n|rule|Species Clause: Limit one of each Pok\u00e9mon\n|rule|Item Clause: Limit 1 of each item\n|clearpoke\n|poke|p1|Sneasler, L50, F|\n|poke|p1|Rillaboom, L50, M|\n|poke|p1|Kommo-o, L50, M|\n|poke|p1|Tyranitar, L50, F|\n|poke|p1|Corviknight, L50, F|\n|poke|p1|Volcarona, L50, M|\n|poke|p2|Gholdengo, L50|\n|poke|p2|Garchomp, L50, M|\n|poke|p2|Glimmora, L50, M|\n|poke|p2|Tyranitar, L50, F|\n|poke|p2|Primarina, L50, F|\n|poke|p2|Sinistcha, L50|\n|teampreview|4\n|j| Former Fang\n|inactive|Battle timer is ON: inactive players will automatically lose when time's up. (requested by FenieVGC)\n|inactive|FenieVGC has 60 seconds left.\n|\n|t:|1732216252\n|start\n|switch|p1a: Rillaboom|Rillaboom, L50, M|100\/100\n|switch|p1b: Kommo-o|Kommo-o, L50, M|100\/100\n|switch|p2a: Garchomp|Garchomp, L50, M|100\/100\n|switch|p2b: Gholdengo|Gholdengo, L50|100\/100\n|-fieldstart|move: Grassy Terrain|[from] ability: Grassy Surge|[of] p1a: Rillaboom\n|turn|1\n|\n|t:|1732216273\n|move|p1a: Rillaboom|Fake Out|p2a: Garchomp\n|-damage|p2a: Garchomp|85\/100\n|move|p2b: Gholdengo|Trick|p1b: Kommo-o\n|-activate|p2b: Gholdengo|move: Trick|[of] p1b: Kommo-o\n|-item|p1b: Kommo-o|Choice Scarf|[from] move: Trick\n|-item|p2b: Gholdengo|Throat Spray|[from] move: Trick\n|move|p1b: Kommo-o|Clangorous Soul|p1b: Kommo-o\n|-boost|p1b: Kommo-o|atk|1\n|-boost|p1b: Kommo-o|def|1\n|-boost|p1b: Kommo-o|spa|1\n|-boost|p1b: Kommo-o|spd|1\n|-boost|p1b: Kommo-o|spe|1\n|-damage|p1b: Kommo-o|68\/100\n|cant|p2a: Garchomp|flinch\n|\n|-heal|p1b: Kommo-o|74\/100|[from] Grassy Terrain\n|-heal|p2a: Garchomp|91\/100|[from] Grassy Terrain\n|-heal|p2a: Garchomp|97\/100|[from] item: Leftovers\n|upkeep\n|turn|2\n|inactive|zip520520 has 30 seconds left.\n|inactive|FenieVGC has 30 seconds left.\n|\n|t:|1732216310\n|switch|p1b: Corviknight|Corviknight, L50, F|100\/100\n|switch|p2b: Glimmora|Glimmora, L50, M|100\/100\n|move|p2a: Garchomp|Substitute|p2a: Garchomp\n|-start|p2a: Garchomp|Substitute\n|-damage|p2a: Garchomp|72\/100\n|move|p1a: Rillaboom|Stomping Tantrum|p2b: Glimmora\n|-supereffective|p2b: Glimmora\n|-enditem|p2b: Glimmora|Focus Sash\n|-damage|p2b: Glimmora|1\/100\n|-activate|p2b: Glimmora|ability: Toxic Debris\n|-sidestart|p1: FenieVGC|move: Toxic Spikes\n|\n|-heal|p2a: Garchomp|78\/100|[from] Grassy Terrain\n|-heal|p2a: Garchomp|84\/100|[from] item: Leftovers\n|-heal|p2b: Glimmora|7\/100|[from] Grassy Terrain\n|upkeep\n|turn|3\n|j| kyo9t\n|inactive|FenieVGC has 30 seconds left.\n|inactive|zip520520 has 30 seconds left.\n|\n|t:|1732216349\n|move|p1a: Rillaboom|Grassy Glide|p2a: Garchomp\n|-end|p2a: Garchomp|Substitute\n|move|p2a: Garchomp|Breaking Swipe|p1b: Corviknight|[spread] p1a,p1b\n|-resisted|p1b: Corviknight\n|-damage|p1a: Rillaboom|77\/100\n|-damage|p1b: Corviknight|92\/100\n|-unboost|p1a: Rillaboom|atk|1\n|-ability|p1b: Corviknight|Mirror Armor\n|-unboost|p2a: Garchomp|atk|1\n|move|p2b: Glimmora|Sludge Bomb|p1a: Rillaboom\n|-supereffective|p1a: Rillaboom\n|-damage|p1a: Rillaboom|0 fnt\n|faint|p1a: Rillaboom\n|move|p1b: Corviknight|Brave Bird|p2b: Glimmora\n|-resisted|p2b: Glimmora\n|-crit|p2b: Glimmora\n|-damage|p2b: Glimmora|0 fnt\n|-activate|p2b: Glimmora|ability: Toxic Debris\n|-sidestart|p1: FenieVGC|move: Toxic Spikes\n|faint|p2b: Glimmora\n|-damage|p1b: Corviknight|90\/100|[from] Recoil\n|\n|-heal|p2a: Garchomp|90\/100|[from] Grassy Terrain\n|-heal|p2a: Garchomp|96\/100|[from] item: Leftovers\n|upkeep\n|inactive|FenieVGC has 30 seconds left.\n|inactive|zip520520 has 30 seconds left.\n|\n|t:|1732216379\n|switch|p2b: Gholdengo|Gholdengo, L50|100\/100\n|switch|p1a: Sneasler|Sneasler, L50, F|100\/100\n|-sideend|p1: FenieVGC|move: Toxic Spikes|[of] p1a: Sneasler\n|-enditem|p1a: Sneasler|Grassy Seed\n|-boost|p1a: Sneasler|def|1|[from] item: Grassy Seed\n|turn|4\n|inactive|zip520520 has 30 seconds left.\n|\n|t:|1732216411\n|move|p2a: Garchomp|Protect|p2a: Garchomp\n|-singleturn|p2a: Garchomp|Protect\n|move|p1a: Sneasler|Coaching|p1b: Corviknight\n|-boost|p1b: Corviknight|atk|1\n|-boost|p1b: Corviknight|def|1\n|move|p2b: Gholdengo|Shadow Ball|p1b: Corviknight\n|-damage|p1b: Corviknight|53\/100\n|move|p1b: Corviknight|Body Press|p2a: Garchomp\n|-activate|p2a: Garchomp|move: Protect\n|\n|-heal|p2a: Garchomp|100\/100|[from] Grassy Terrain\n|upkeep\n|turn|5\n|\n|t:|1732216430\n|switch|p1a: Kommo-o|Kommo-o, L50, M|74\/100\n|switch|p2a: Sinistcha|Sinistcha, L50|100\/100\n|move|p2b: Gholdengo|Shadow Ball|p1b: Corviknight\n|-damage|p1b: Corviknight|15\/100\n|-ability|p1b: Corviknight|Mirror Armor\n|-unboost|p2b: Gholdengo|spd|1\n|-enditem|p1b: Corviknight|Sitrus Berry|[eat]\n|-heal|p1b: Corviknight|40\/100|[from] item: Sitrus Berry\n|move|p1b: Corviknight|Roost|p1b: Corviknight\n|-heal|p1b: Corviknight|90\/100\n|-singleturn|p1b: Corviknight|move: Roost\n|\n|-heal|p1a: Kommo-o|80\/100|[from] Grassy Terrain\n|-heal|p1b: Corviknight|96\/100|[from] Grassy Terrain\n|-fieldend|move: Grassy Terrain\n|upkeep\n|turn|6\n|inactive|FenieVGC has 30 seconds left.\n|inactive|zip520520 has 30 seconds left.\n|inactive|FenieVGC has 20 seconds left.\n|inactive|zip520520 has 20 seconds left.\n|\n|t:|1732216470\n|switch|p2a: Garchomp|Garchomp, L50, M|100\/100\n|move|p1a: Kommo-o|Flamethrower|p2b: Gholdengo\n|-supereffective|p2b: Gholdengo\n|-damage|p2b: Gholdengo|12\/100\n|move|p2b: Gholdengo|Dazzling Gleam|p1a: Kommo-o|[spread] p1a,p1b\n|-supereffective|p1a: Kommo-o\n|-resisted|p1b: Corviknight\n|-damage|p1a: Kommo-o|0 fnt\n|-damage|p1b: Corviknight|86\/100\n|faint|p1a: Kommo-o\n|move|p1b: Corviknight|Brave Bird|p2b: Gholdengo\n|-resisted|p2b: Gholdengo\n|-damage|p2b: Gholdengo|0 fnt\n|faint|p2b: Gholdengo\n|-damage|p1b: Corviknight|83\/100|[from] Recoil\n|\n|upkeep\n|l| kyo9t\n|\n|t:|1732216487\n|switch|p1a: Sneasler|Sneasler, L50, F|100\/100\n|switch|p2b: Sinistcha|Sinistcha, L50|100\/100\n|turn|7\n|\n|t:|1732216509\n|move|p1a: Sneasler|Protect|p1a: Sneasler\n|-singleturn|p1a: Sneasler|Protect\n|move|p2a: Garchomp|Stomping Tantrum|p1a: Sneasler\n|-activate|p1a: Sneasler|move: Protect\n|move|p1b: Corviknight|Brave Bird|p2b: Sinistcha\n|-supereffective|p2b: Sinistcha\n|-damage|p2b: Sinistcha|0 fnt\n|faint|p2b: Sinistcha\n|-damage|p1b: Corviknight|54\/100|[from] Recoil\n|\n|upkeep\n|turn|8\n|-message|zip520520 forfeited.\n|\n|win|FenieVGC\n|raw|FenieVGC's rating: 1709 &rarr; <strong>1735<\/strong><br \/>(+26 for winning)\n|raw|zip520520's rating: 1812 &rarr; <strong>1786<\/strong><br \/>(-26 for losing)\n|l|\u2606zip520520\n|player|p2|\n|l|\u2606FenieVGC\n|player|p1|\n|j|\u2606FenieVGC\n|player|p1|FenieVGC|2|\n|l|\u2606FenieVGC\n|player|p1|\n","uploadtime":1732216537,"views":56,"formatid":"gen9vgc2024regh","rating":1735,"private":0,"password":null}