{"id":"gen9vgc2024regh-2248760087","format":"[Gen 9] VGC 2024 Reg H","players":["yuzuda","Mode Harambe"],"log":"|j|\u2606yuzuda\n|j|\u2606Mode Harambe\n|t:|1732252554\n|gametype|doubles\n|player|p1|yuzuda|1|1656\n|player|p2|Mode Harambe|red|1732\n|teamsize|p1|6\n|teamsize|p2|6\n|gen|9\n|tier|[Gen 9] VGC 2024 Reg H\n|rated|\n|rule|Species Clause: Limit one of each Pok\u00e9mon\n|rule|Item Clause: Limit 1 of each item\n|clearpoke\n|poke|p1|Archaludon, L50, M|\n|poke|p1|Pelipper, L50, F|\n|poke|p1|Annihilape, L50, M|\n|poke|p1|Whimsicott, L50, F|\n|poke|p1|Rillaboom, L50, M|\n|poke|p1|Gholdengo, L50|\n|poke|p2|Annihilape, L50, F|\n|poke|p2|Talonflame, L50, F|\n|poke|p2|Dragonite, L50, F|\n|poke|p2|Ursaluna-Bloodmoon, L50, M|\n|poke|p2|Gholdengo, L50|\n|poke|p2|Rillaboom, L50, F|\n|teampreview|4\n|inactive|Battle timer is ON: inactive players will automatically lose when time's up. (requested by yuzuda)\n|j| mr pogostick\n|j| Satansinlaw\n|\n|t:|1732252582\n|start\n|switch|p1a: Gholdengo|Gholdengo, L50|100\/100\n|switch|p1b: Rillaboom|Rillaboom, L50, M|100\/100\n|switch|p2a: Dragonite|Dragonite, L50, F|100\/100\n|switch|p2b: Rillaboom|Rillaboom, L50, F|100\/100\n|-fieldstart|move: Grassy Terrain|[from] ability: Grassy Surge|[of] p2b: Rillaboom\n|turn|1\n|\n|t:|1732252605\n|move|p1b: Rillaboom|Fake Out|p2a: Dragonite\n|-damage|p2a: Dragonite|92\/100\n|move|p1a: Gholdengo|Trick|p2a: Dragonite\n|-activate|p1a: Gholdengo|move: Trick|[of] p2a: Dragonite\n|-item|p2a: Dragonite|Choice Specs|[from] move: Trick\n|-item|p1a: Gholdengo|Loaded Dice|[from] move: Trick\n|cant|p2a: Dragonite|flinch\n|move|p2b: Rillaboom|High Horsepower|p1a: Gholdengo\n|-supereffective|p1a: Gholdengo\n|-damage|p1a: Gholdengo|30\/100\n|\n|-heal|p1a: Gholdengo|36\/100|[from] Grassy Terrain\n|upkeep\n|turn|2\n|j| futonkagebunshin\n|\n|t:|1732252629\n|switch|p1a: Archaludon|Archaludon, L50, M|100\/100\n|move|p2a: Dragonite|Scale Shot|p1a: Archaludon\n|-damage|p1a: Archaludon|92\/100\n|-ability|p1a: Archaludon|Stamina|boost\n|-boost|p1a: Archaludon|def|1\n|-damage|p1a: Archaludon|85\/100\n|-ability|p1a: Archaludon|Stamina|boost\n|-boost|p1a: Archaludon|def|1\n|-damage|p1a: Archaludon|81\/100\n|-ability|p1a: Archaludon|Stamina|boost\n|-boost|p1a: Archaludon|def|1\n|-hitcount|p1a: Archaludon|3\n|-unboost|p2a: Dragonite|def|1\n|-boost|p2a: Dragonite|spe|1\n|move|p2b: Rillaboom|Wood Hammer|p1b: Rillaboom\n|-resisted|p1b: Rillaboom\n|-damage|p1b: Rillaboom|66\/100\n|-damage|p2b: Rillaboom|89\/100|[from] Recoil\n|move|p1b: Rillaboom|U-turn|p2b: Rillaboom\n|-supereffective|p2b: Rillaboom\n|-damage|p2b: Rillaboom|41\/100\n|\n|t:|1732252649\n|switch|p1b: Whimsicott|Whimsicott, L50, F|100\/100|[from] U-turn\n|\n|-heal|p2b: Rillaboom|47\/100|[from] Grassy Terrain\n|-heal|p1a: Archaludon|87\/100|[from] Grassy Terrain\n|upkeep\n|turn|3\n|\n|t:|1732252669\n|switch|p2a: Ursaluna|Ursaluna-Bloodmoon, L50, M|100\/100\n|move|p1b: Whimsicott|Moonblast|p2a: Ursaluna\n|-damage|p2a: Ursaluna|54\/100\n|move|p2b: Rillaboom|High Horsepower|p1a: Archaludon\n|-supereffective|p1a: Archaludon\n|-damage|p1a: Archaludon|72\/100\n|-ability|p1a: Archaludon|Stamina|boost\n|-boost|p1a: Archaludon|def|1\n|move|p1a: Archaludon|Dragon Pulse|p2a: Ursaluna\n|-damage|p2a: Ursaluna|11\/100\n|\n|-heal|p2b: Rillaboom|53\/100|[from] Grassy Terrain\n|-heal|p1a: Archaludon|78\/100|[from] Grassy Terrain\n|-heal|p2a: Ursaluna|17\/100|[from] Grassy Terrain\n|upkeep\n|turn|4\n|\n|t:|1732252690\n|switch|p2b: Dragonite|Dragonite, L50, F|92\/100\n|move|p2a: Ursaluna|Protect|p2a: Ursaluna\n|-singleturn|p2a: Ursaluna|Protect\n|move|p1b: Whimsicott|Tailwind|p1b: Whimsicott\n|-sidestart|p1: yuzuda|move: Tailwind\n|move|p1a: Archaludon|Dragon Pulse|p2a: Ursaluna\n|-activate|p2a: Ursaluna|move: Protect\n|\n|-heal|p1a: Archaludon|84\/100|[from] Grassy Terrain\n|-heal|p2a: Ursaluna|23\/100|[from] Grassy Terrain\n|upkeep\n|turn|5\n|\n|t:|1732252706\n|switch|p2a: Annihilape|Annihilape, L50, F|100\/100\n|-terastallize|p2b: Dragonite|Fairy\n|move|p1b: Whimsicott|Encore||[still]\n|-fail|p1b: Whimsicott\n|move|p1a: Archaludon|Dragon Pulse|p2b: Dragonite\n|-immune|p2b: Dragonite\n|move|p2b: Dragonite|Haze|p2b: Dragonite\n|-clearallboost\n|\n|-heal|p1a: Archaludon|90\/100|[from] Grassy Terrain\n|-heal|p2b: Dragonite|98\/100|[from] Grassy Terrain\n|-fieldend|move: Grassy Terrain\n|upkeep\n|turn|6\n|inactive|yuzuda has 30 seconds left.\n|\n|t:|1732252733\n|switch|p2b: Ursaluna|Ursaluna-Bloodmoon, L50, M|23\/100\n|move|p2a: Annihilape|Protect|p2a: Annihilape\n|-singleturn|p2a: Annihilape|Protect\n|move|p1b: Whimsicott|Beat Up|p1a: Archaludon\n|-damage|p1a: Archaludon|88\/100\n|-ability|p1a: Archaludon|Stamina|boost\n|-boost|p1a: Archaludon|def|1\n|-damage|p1a: Archaludon|87\/100\n|-ability|p1a: Archaludon|Stamina|boost\n|-boost|p1a: Archaludon|def|1\n|-damage|p1a: Archaludon|87\/100\n|-ability|p1a: Archaludon|Stamina|boost\n|-boost|p1a: Archaludon|def|1\n|-damage|p1a: Archaludon|85\/100\n|-ability|p1a: Archaludon|Stamina|boost\n|-boost|p1a: Archaludon|def|1\n|-hitcount|p1a: Archaludon|4\n|move|p1a: Archaludon|Body Press|p2b: Ursaluna\n|-supereffective|p2b: Ursaluna\n|-damage|p2b: Ursaluna|0 fnt\n|faint|p2b: Ursaluna\n|\n|upkeep\n|\n|t:|1732252736\n|switch|p2b: Dragonite|Dragonite, L50, F, tera:Fairy|98\/100\n|turn|7\n|inactive|yuzuda has 30 seconds left.\n|\n|t:|1732252761\n|move|p1b: Whimsicott|Encore|p2a: Annihilape\n|-start|p2a: Annihilape|Encore\n|move|p1a: Archaludon|Body Press|p2b: Dragonite\n|-resisted|p2b: Dragonite\n|-damage|p2b: Dragonite|50\/100\n|move|p2a: Annihilape|Protect|p2a: Annihilape\n|-singleturn|p2a: Annihilape|Protect\n|move|p2b: Dragonite|Haze|p2b: Dragonite\n|-clearallboost\n|\n|-sideend|p1: yuzuda|move: Tailwind\n|upkeep\n|turn|8\n|-message|Mode Harambe forfeited.\n|\n|win|yuzuda\n|raw|yuzuda's rating: 1656 &rarr; <strong>1680<\/strong><br \/>(+24 for winning)\n|raw|Mode Harambe's rating: 1732 &rarr; <strong>1708<\/strong><br \/>(-24 for losing)\n|l|\u2606Mode Harambe\n|player|p2|\n|l| mr pogostick\n|l|\u2606yuzuda\n|player|p1|\n|l| Satansinlaw\n|l| futonkagebunshin\n","uploadtime":1732252944,"views":12,"formatid":"gen9vgc2024regh","rating":1680,"private":0,"password":null}