{"id":"gen9vgc2024regh-2248674488","format":"[Gen 9] VGC 2024 Reg H","players":["zip520520","SnarkyShane"],"log":"|j|\u2606zip520520\n|j|\u2606SnarkyShane\n|t:|1732240155\n|gametype|doubles\n|player|p1|zip520520|170|1684\n|player|p2|SnarkyShane|gambler|1728\n|teamsize|p1|6\n|teamsize|p2|6\n|gen|9\n|tier|[Gen 9] VGC 2024 Reg H\n|rated|\n|rule|Species Clause: Limit one of each Pok\u00e9mon\n|rule|Item Clause: Limit 1 of each item\n|clearpoke\n|poke|p1|Electabuzz, L50, F|\n|poke|p1|Dragonite, L50, M|\n|poke|p1|Kingambit, L50, F|\n|poke|p1|Incineroar, L50, M|\n|poke|p1|Ursaluna-Bloodmoon, L50, M|\n|poke|p1|Farigiraf, L50, M|\n|poke|p2|Kommo-o, L50, F|\n|poke|p2|Incineroar, L50, M|\n|poke|p2|Amoonguss, L50, M|\n|poke|p2|Kingambit, L50, M|\n|poke|p2|Ninetales-Alola, L50, M|\n|poke|p2|Sneasler, L50, F|\n|teampreview|4\n|inactive|Battle timer is ON: inactive players will automatically lose when time's up. (requested by zip520520)\n|inactive|SnarkyShane also wants the timer to be on.\n|inactive|zip520520 has 60 seconds left.\n|inactive|SnarkyShane has 60 seconds left.\n|inactive|zip520520 has 30 seconds left.\n|inactive|SnarkyShane has 30 seconds left.\n|\n|t:|1732240224\n|start\n|switch|p1a: Farigiraf|Farigiraf, L50, M|100\/100\n|switch|p1b: Dragonite|Dragonite, L50, M|100\/100\n|switch|p2a: Kommo-o|Kommo-o, L50, F|100\/100\n|switch|p2b: Kingambit|Kingambit, L50, M|100\/100\n|turn|1\n|inactive|zip520520 has 30 seconds left.\n|inactive|SnarkyShane has 30 seconds left.\n|inactive|SnarkyShane has 20 seconds left.\n|\n|t:|1732240260\n|-terastallize|p2a: Kommo-o|Steel\n|-terastallize|p1a: Farigiraf|Fairy\n|move|p1b: Dragonite|Scale Shot|p2b: Kingambit\n|-resisted|p2b: Kingambit\n|-damage|p2b: Kingambit|94\/100\n|-resisted|p2b: Kingambit\n|-damage|p2b: Kingambit|88\/100\n|-resisted|p2b: Kingambit\n|-damage|p2b: Kingambit|82\/100\n|-resisted|p2b: Kingambit\n|-damage|p2b: Kingambit|77\/100\n|-hitcount|p2b: Kingambit|4\n|-unboost|p1b: Dragonite|def|1\n|-boost|p1b: Dragonite|spe|1\n|move|p2a: Kommo-o|Clangorous Soul|p2a: Kommo-o\n|-boost|p2a: Kommo-o|atk|1\n|-boost|p2a: Kommo-o|def|1\n|-boost|p2a: Kommo-o|spa|1\n|-boost|p2a: Kommo-o|spd|1\n|-boost|p2a: Kommo-o|spe|1\n|-damage|p2a: Kommo-o|68\/100\n|-enditem|p2a: Kommo-o|Throat Spray\n|-boost|p2a: Kommo-o|spa|1|[from] item: Throat Spray\n|move|p1a: Farigiraf|Nasty Plot|p1a: Farigiraf\n|-boost|p1a: Farigiraf|spa|2\n|move|p2b: Kingambit|Kowtow Cleave|p1a: Farigiraf\n|-resisted|p1a: Farigiraf\n|-damage|p1a: Farigiraf|70\/100\n|-damage|p2b: Kingambit|67\/100|[from] item: Life Orb\n|\n|upkeep\n|turn|2\n|inactive|zip520520 has 30 seconds left.\n|inactive|SnarkyShane has 30 seconds left.\n|inactive|zip520520 has 20 seconds left.\n|inactive|SnarkyShane has 20 seconds left.\n|inactive|zip520520 has 15 seconds left.\n|\n|t:|1732240304\n|move|p2a: Kommo-o|Protect|p2a: Kommo-o\n|-singleturn|p2a: Kommo-o|Protect\n|move|p1b: Dragonite|Scale Shot|p2b: Kingambit\n|-resisted|p2b: Kingambit\n|-damage|p2b: Kingambit|61\/100\n|-resisted|p2b: Kingambit\n|-damage|p2b: Kingambit|55\/100\n|-resisted|p2b: Kingambit\n|-damage|p2b: Kingambit|49\/100\n|-resisted|p2b: Kingambit\n|-damage|p2b: Kingambit|42\/100\n|-hitcount|p2b: Kingambit|4\n|-unboost|p1b: Dragonite|def|1\n|-boost|p1b: Dragonite|spe|1\n|move|p1a: Farigiraf|Hyper Voice|p2a: Kommo-o|[spread] p2b\n|-activate|p2a: Kommo-o|move: Protect\n|-resisted|p2b: Kingambit\n|-damage|p2b: Kingambit|16\/100\n|move|p2b: Kingambit|Iron Head|p1a: Farigiraf\n|-supereffective|p1a: Farigiraf\n|-damage|p1a: Farigiraf|0 fnt\n|faint|p1a: Farigiraf\n|-damage|p2b: Kingambit|6\/100|[from] item: Life Orb\n|\n|upkeep\n|inactive|zip520520 has 30 seconds left.\n|inactive|zip520520 has 20 seconds left.\n|\n|t:|1732240341\n|switch|p1a: Ursaluna|Ursaluna-Bloodmoon, L50, M|100\/100\n|turn|3\n|\n|t:|1732240361\n|move|p1a: Ursaluna|Vacuum Wave|p2b: Kingambit\n|-supereffective|p2b: Kingambit\n|-damage|p2b: Kingambit|0 fnt\n|faint|p2b: Kingambit\n|move|p1b: Dragonite|Haze|p1b: Dragonite\n|-clearallboost\n|move|p2a: Kommo-o|Clanging Scales|p1b: Dragonite|[spread] p1a,p1b\n|-supereffective|p1b: Dragonite\n|-crit|p1b: Dragonite\n|-damage|p1a: Ursaluna|70\/100\n|-damage|p1b: Dragonite|45\/100\n|-unboost|p2a: Kommo-o|def|1\n|\n|upkeep\n|\n|t:|1732240372\n|switch|p2b: Sneasler|Sneasler, L50, F|100\/100\n|turn|4\n|inactive|SnarkyShane has 30 seconds left.\n|\n|t:|1732240398\n|switch|p2a: Amoonguss|Amoonguss, L50, M|100\/100\n|switch|p1a: Incineroar|Incineroar, L50, M|100\/100\n|-ability|p1a: Incineroar|Intimidate|boost\n|-unboost|p2a: Amoonguss|atk|1\n|-unboost|p2b: Sneasler|atk|1\n|move|p2b: Sneasler|Fake Out|p1b: Dragonite\n|-damage|p1b: Dragonite|33\/100\n|cant|p1b: Dragonite|flinch\n|\n|upkeep\n|turn|5\n|j| kyo9t\n|inactive|SnarkyShane has 30 seconds left.\n|\n|t:|1732240430\n|switch|p2b: Kommo-o|Kommo-o, L50, F, tera:Steel|68\/100\n|move|p1a: Incineroar|Fake Out|p2a: Amoonguss\n|-damage|p2a: Amoonguss|88\/100\n|-damage|p1a: Incineroar|84\/100|[from] item: Rocky Helmet|[of] p2a: Amoonguss\n|move|p1b: Dragonite|Scale Shot|p2a: Amoonguss\n|-crit|p2a: Amoonguss\n|-damage|p2a: Amoonguss|69\/100\n|-damage|p2a: Amoonguss|55\/100\n|-damage|p2a: Amoonguss|43\/100\n|-damage|p2a: Amoonguss|30\/100\n|-hitcount|p2a: Amoonguss|4\n|-unboost|p1b: Dragonite|def|1\n|-boost|p1b: Dragonite|spe|1\n|cant|p2a: Amoonguss|flinch\n|\n|upkeep\n|turn|6\n|\n|t:|1732240452\n|move|p2a: Amoonguss|Rage Powder|p2a: Amoonguss\n|-singleturn|p2a: Amoonguss|move: Rage Powder\n|move|p1b: Dragonite|Scale Shot|p2a: Amoonguss\n|-damage|p2a: Amoonguss|18\/100\n|-damage|p2a: Amoonguss|4\/100\n|-damage|p2a: Amoonguss|0 fnt\n|faint|p2a: Amoonguss\n|-hitcount|p2: Amoonguss|3\n|-unboost|p1b: Dragonite|def|1\n|-boost|p1b: Dragonite|spe|1\n|move|p2b: Kommo-o|Clanging Scales|p1b: Dragonite|[spread] p1a,p1b\n|-supereffective|p1b: Dragonite\n|-damage|p1a: Incineroar|49\/100\n|-damage|p1b: Dragonite|0 fnt\n|faint|p1b: Dragonite\n|-unboost|p2b: Kommo-o|def|1\n|move|p1a: Incineroar|Flare Blitz|p2b: Kommo-o\n|-supereffective|p2b: Kommo-o\n|-damage|p2b: Kommo-o|0 fnt\n|faint|p2b: Kommo-o\n|-damage|p1a: Incineroar|30\/100|[from] Recoil\n|\n|upkeep\n|\n|t:|1732240475\n|switch|p1b: Ursaluna|Ursaluna-Bloodmoon, L50, M|70\/100\n|switch|p2b: Sneasler|Sneasler, L50, F|100\/100\n|turn|7\n|\n|t:|1732240487\n|move|p1b: Ursaluna|Vacuum Wave|p2b: Sneasler\n|-resisted|p2b: Sneasler\n|-damage|p2b: Sneasler|89\/100\n|move|p2b: Sneasler|Close Combat|p1b: Ursaluna\n|-supereffective|p1b: Ursaluna\n|-damage|p1b: Ursaluna|0 fnt\n|-unboost|p2b: Sneasler|def|1\n|-unboost|p2b: Sneasler|spd|1\n|faint|p1b: Ursaluna\n|move|p1a: Incineroar|Flare Blitz|p2b: Sneasler\n|-damage|p2b: Sneasler|0 fnt\n|faint|p2b: Sneasler\n|-damage|p1a: Incineroar|6\/100|[from] Recoil\n|\n|win|zip520520\n|raw|zip520520's rating: 1684 &rarr; <strong>1707<\/strong><br \/>(+23 for winning)\n|raw|SnarkyShane's rating: 1728 &rarr; <strong>1705<\/strong><br \/>(-23 for losing)\n|l|\u2606SnarkyShane\n|player|p2|\n|l|\u2606zip520520\n|player|p1|\n|l| kyo9t\n","uploadtime":1732240726,"views":11,"formatid":"gen9vgc2024regh","rating":1705,"private":0,"password":null}