{"id":"gen9vgc2024regh-2248807534","format":"[Gen 9] VGC 2024 Reg H","players":["Nerd159","ren122333"],"log":"|j|\u2606Nerd159\n|j|\u2606ren122333\n|t:|1732262023\n|gametype|doubles\n|player|p1|Nerd159|101|1758\n|player|p2|ren122333|hilbert|1640\n|teamsize|p1|6\n|teamsize|p2|6\n|gen|9\n|tier|[Gen 9] VGC 2024 Reg H\n|rated|\n|rule|Species Clause: Limit one of each Pok\u00e9mon\n|rule|Item Clause: Limit 1 of each item\n|clearpoke\n|poke|p1|Quaquaval, L50, F|\n|poke|p1|Sinistcha, L50|\n|poke|p1|Dragonite, L50, M|\n|poke|p1|Ursaluna-Bloodmoon, L50, M|\n|poke|p1|Electabuzz, L50, M|\n|poke|p1|Incineroar, L50, M|\n|poke|p2|Whimsicott, L50, F|\n|poke|p2|Mamoswine, L50, F|\n|poke|p2|Lycanroc-Dusk, L50, M|\n|poke|p2|Typhlosion-Hisui, L50, F|\n|poke|p2|Farigiraf, L50, M|\n|poke|p2|Mienshao, L50, F|\n|teampreview|4\n|inactive|Battle timer is ON: inactive players will automatically lose when time's up. (requested by ren122333)\n|\n|t:|1732262053\n|start\n|switch|p1a: Incineroar|Incineroar, L50, M|100\/100\n|switch|p1b: Quaquaval|Quaquaval, L50, F|100\/100\n|switch|p2a: Whimsicott|Whimsicott, L50, F|100\/100\n|switch|p2b: Mamoswine|Mamoswine, L50, F|100\/100\n|-ability|p1a: Incineroar|Intimidate|boost\n|-unboost|p2a: Whimsicott|atk|1\n|-fail|p2b: Mamoswine|unboost|Attack|[from] ability: Oblivious|[of] p2b: Mamoswine\n|turn|1\n|\n|t:|1732262061\n|-terastallize|p2b: Mamoswine|Grass\n|move|p1a: Incineroar|Fake Out|p2b: Mamoswine\n|-damage|p2b: Mamoswine|86\/100\n|move|p2a: Whimsicott|Tailwind|p2a: Whimsicott\n|-sidestart|p2: ren122333|move: Tailwind\n|cant|p2b: Mamoswine|flinch\n|move|p1b: Quaquaval|Aqua Step|p2b: Mamoswine\n|-resisted|p2b: Mamoswine\n|-damage|p2b: Mamoswine|60\/100\n|-boost|p1b: Quaquaval|spe|1\n|\n|upkeep\n|turn|2\n|\n|t:|1732262075\n|move|p1b: Quaquaval|Protect|p1b: Quaquaval\n|-singleturn|p1b: Quaquaval|Protect\n|move|p2a: Whimsicott|Moonblast|p1b: Quaquaval\n|-activate|p1b: Quaquaval|move: Protect\n|move|p2b: Mamoswine|High Horsepower|p1a: Incineroar\n|-supereffective|p1a: Incineroar\n|-damage|p1a: Incineroar|0 fnt\n|faint|p1a: Incineroar\n|\n|upkeep\n|\n|t:|1732262086\n|switch|p1a: Dragonite|Dragonite, L50, M|100\/100\n|turn|3\n|\n|t:|1732262090\n|switch|p1b: Sinistcha|Sinistcha, L50|100\/100\n|-terastallize|p1a: Dragonite|Fairy\n|move|p2a: Whimsicott|Encore||[still]\n|-fail|p2a: Whimsicott\n|move|p2b: Mamoswine|Icicle Crash|p1a: Dragonite\n|-damage|p1a: Dragonite|78\/100\n|cant|p1a: Dragonite|flinch\n|\n|upkeep\n|turn|4\n|\n|t:|1732262109\n|move|p1a: Dragonite|Protect|p1a: Dragonite\n|-singleturn|p1a: Dragonite|Protect\n|move|p2a: Whimsicott|Moonblast|p1a: Dragonite\n|-activate|p1a: Dragonite|move: Protect\n|move|p2b: Mamoswine|High Horsepower|p1a: Dragonite\n|-activate|p1a: Dragonite|move: Protect\n|move|p1b: Sinistcha|Trick Room|p1b: Sinistcha\n|-fieldstart|move: Trick Room|[of] p1b: Sinistcha\n|\n|-sideend|p2: ren122333|move: Tailwind\n|upkeep\n|turn|5\n|\n|t:|1732262120\n|switch|p1b: Quaquaval|Quaquaval, L50, F|100\/100\n|move|p2a: Whimsicott|Encore|p1a: Dragonite\n|-start|p1a: Dragonite|Encore\n|move|p1a: Dragonite|Protect||[still]\n|-fail|p1a: Dragonite\n|move|p2b: Mamoswine|Tera Blast|p1b: Quaquaval|[anim] Tera Blast Grass\n|-supereffective|p1b: Quaquaval\n|-damage|p1b: Quaquaval|0 fnt\n|faint|p1b: Quaquaval\n|\n|upkeep\n|-message|Nerd159 forfeited.\n|\n|win|ren122333\n|raw|Nerd159's rating: 1758 &rarr; <strong>1731<\/strong><br \/>(-27 for losing)\n|raw|ren122333's rating: 1640 &rarr; <strong>1667<\/strong><br \/>(+27 for winning)\n|l|\u2606Nerd159\n|player|p1|\n|l|\u2606ren122333\n|player|p2|\n","uploadtime":1732262337,"views":15,"formatid":"gen9vgc2024regh","rating":1667,"private":0,"password":null}