{"id":"gen9vgc2024regh-2248790213","format":"[Gen 9] VGC 2024 Reg H","players":["Spottedwoot","VGCLTH Sir Aaron"],"log":"|raw|<div class=\"broadcast-blue\"><strong>This battle is required to be public due to a player having a name starting with 'vgclth'.<\/div>\n|j|\u2606Spottedwoot\n|j|\u2606VGCLTH Sir Aaron\n|t:|1732258485\n|gametype|doubles\n|player|p1|Spottedwoot|266|1818\n|player|p2|VGCLTH Sir Aaron|red-masters3|1713\n|teamsize|p1|6\n|teamsize|p2|6\n|gen|9\n|tier|[Gen 9] VGC 2024 Reg H\n|rated|\n|rule|Species Clause: Limit one of each Pok\u00e9mon\n|rule|Item Clause: Limit 1 of each item\n|clearpoke\n|poke|p1|Kingambit, L50, M|\n|poke|p1|Primarina, L50, F|\n|poke|p1|Salamence, L50, F|\n|poke|p1|Gholdengo, L50|\n|poke|p1|Sneasler, L50, F|\n|poke|p1|Volcarona, L50, M|\n|poke|p2|Azumarill, L50, M|\n|poke|p2|Archaludon, L50, F|\n|poke|p2|Arcanine, L50, M|\n|poke|p2|Electabuzz, L50, F|\n|poke|p2|Rillaboom, L50, F|\n|poke|p2|Dragonite, L50, F|\n|teampreview|4\n|inactive|Battle timer is ON: inactive players will automatically lose when time's up. (requested by VGCLTH Sir Aaron)\n|\n|t:|1732258510\n|start\n|switch|p1a: Salamence|Salamence, L50, F|100\/100\n|switch|p1b: Sneasler|Sneasler, L50, F|100\/100\n|switch|p2a: Azumarill|Azumarill, L50, M|100\/100\n|switch|p2b: Electabuzz|Electabuzz, L50, F|100\/100\n|-ability|p1a: Salamence|Intimidate|boost\n|-unboost|p2a: Azumarill|atk|1\n|-unboost|p2b: Electabuzz|atk|1\n|turn|1\n|\n|t:|1732258521\n|move|p2a: Azumarill|Protect|p2a: Azumarill\n|-singleturn|p2a: Azumarill|Protect\n|move|p1b: Sneasler|Close Combat|p2b: Electabuzz\n|-damage|p2b: Electabuzz|50\/100\n|-unboost|p1b: Sneasler|def|1\n|-unboost|p1b: Sneasler|spd|1\n|move|p1a: Salamence|Tailwind|p1a: Salamence\n|-sidestart|p1: Spottedwoot|move: Tailwind\n|move|p2b: Electabuzz|Electroweb|p1a: Salamence|[spread] p1a,p1b\n|-damage|p1a: Salamence|83\/100\n|-damage|p1b: Sneasler|75\/100\n|-unboost|p1a: Salamence|spe|1\n|-unboost|p1b: Sneasler|spe|1\n|\n|upkeep\n|turn|2\n|\n|t:|1732258539\n|switch|p1b: Gholdengo|Gholdengo, L50|100\/100\n|-terastallize|p2b: Electabuzz|Ghost\n|move|p2b: Electabuzz|Follow Me|p2b: Electabuzz\n|-singleturn|p2b: Electabuzz|move: Follow Me\n|move|p1a: Salamence|Draco Meteor|p2b: Electabuzz\n|-damage|p2b: Electabuzz|0 fnt\n|-unboost|p1a: Salamence|spa|2\n|faint|p2b: Electabuzz\n|-damage|p1a: Salamence|73\/100|[from] item: Life Orb\n|move|p2a: Azumarill|Belly Drum|p2a: Azumarill\n|-damage|p2a: Azumarill|50\/100\n|-setboost|p2a: Azumarill|atk|6|[from] move: Belly Drum\n|-enditem|p2a: Azumarill|Sitrus Berry|[eat]\n|-heal|p2a: Azumarill|75\/100|[from] item: Sitrus Berry\n|\n|upkeep\n|inactive|VGCLTH Sir Aaron has 30 seconds left.\n|\n|t:|1732258568\n|switch|p2b: Dragonite|Dragonite, L50, F|100\/100\n|turn|3\n|\n|t:|1732258577\n|-terastallize|p1b: Gholdengo|Steel\n|move|p2a: Azumarill|Protect|p2a: Azumarill\n|-singleturn|p2a: Azumarill|Protect\n|move|p1b: Gholdengo|Make It Rain|p2b: Dragonite|[spread] p2b\n|-activate|p2a: Azumarill|move: Protect\n|-damage|p2b: Dragonite|47\/100\n|-unboost|p1b: Gholdengo|spa|1\n|move|p1a: Salamence|Draco Meteor|p2b: Dragonite\n|-supereffective|p2b: Dragonite\n|-damage|p2b: Dragonite|0 fnt\n|-unboost|p1a: Salamence|spa|2\n|faint|p2b: Dragonite\n|-damage|p1a: Salamence|63\/100|[from] item: Life Orb\n|\n|upkeep\n|\n|t:|1732258595\n|switch|p2b: Arcanine|Arcanine, L50, M|100\/100\n|-ability|p2b: Arcanine|Intimidate|boost\n|-unboost|p1a: Salamence|atk|1\n|-unboost|p1b: Gholdengo|atk|1\n|turn|4\n|\n|t:|1732258602\n|move|p2a: Azumarill|Aqua Jet|p1b: Gholdengo\n|-damage|p1b: Gholdengo|0 fnt\n|faint|p1b: Gholdengo\n|move|p1a: Salamence|Hurricane|p2a: Azumarill\n|-damage|p2a: Azumarill|48\/100\n|-start|p2a: Azumarill|confusion\n|-damage|p1a: Salamence|53\/100|[from] item: Life Orb\n|move|p2b: Arcanine|Flare Blitz|p1a: Salamence\n|-resisted|p1a: Salamence\n|-damage|p1a: Salamence|15\/100\n|-damage|p2b: Arcanine|88\/100|[from] Recoil\n|\n|-sideend|p1: Spottedwoot|move: Tailwind\n|upkeep\n|\n|t:|1732258611\n|switch|p1b: Volcarona|Volcarona, L50, M|100\/100\n|turn|5\n|\n|t:|1732258629\n|-activate|p2a: Azumarill|confusion\n|move|p2a: Azumarill|Aqua Jet|p1b: Volcarona\n|-supereffective|p1b: Volcarona\n|-damage|p1b: Volcarona|0 fnt\n|faint|p1b: Volcarona\n|move|p2b: Arcanine|Flare Blitz|p1a: Salamence\n|-resisted|p1a: Salamence\n|-damage|p1a: Salamence|0 fnt\n|faint|p1a: Salamence\n|-damage|p2b: Arcanine|83\/100|[from] Recoil\n|\n|upkeep\n|\n|t:|1732258635\n|switch|p1b: Sneasler|Sneasler, L50, F|75\/100\n|turn|6\n|\n|t:|1732258639\n|-activate|p2a: Azumarill|confusion\n|move|p2a: Azumarill|Aqua Jet|p1b: Sneasler\n|-damage|p1b: Sneasler|0 fnt\n|faint|p1b: Sneasler\n|\n|win|VGCLTH Sir Aaron\n|raw|Spottedwoot's rating: 1818 &rarr; <strong>1792<\/strong><br \/>(-26 for losing)\n|raw|VGCLTH Sir Aaron's rating: 1713 &rarr; <strong>1739<\/strong><br \/>(+26 for winning)\n","uploadtime":1732258641,"views":20,"formatid":"gen9vgc2024regh","rating":1739,"private":0,"password":null}