{"id":"gen9vgc2024regh-2248793689","format":"[Gen 9] VGC 2024 Reg H","players":["vgclth terran","Spottedwoot"],"log":"|raw|<div class=\"broadcast-blue\"><strong>This battle is required to be public due to a player having a name starting with 'vgclth'.<\/div>\n|j|\u2606vgclth terran\n|j|\u2606Spottedwoot\n|t:|1732259220\n|gametype|doubles\n|player|p1|vgclth terran|rood|1736\n|player|p2|Spottedwoot|266|1782\n|teamsize|p1|6\n|teamsize|p2|6\n|gen|9\n|tier|[Gen 9] VGC 2024 Reg H\n|rated|\n|rule|Species Clause: Limit one of each Pok\u00e9mon\n|rule|Item Clause: Limit 1 of each item\n|clearpoke\n|poke|p1|Dudunsparce-*, L50, M|\n|poke|p1|Annihilape, L50, F|\n|poke|p1|Maushold, L50|\n|poke|p1|Kingambit, L50, F|\n|poke|p1|Flamigo, L50, F|\n|poke|p1|Garchomp, L50, M|\n|poke|p2|Kingambit, L50, F|\n|poke|p2|Primarina, L50, M|\n|poke|p2|Salamence, L50, F|\n|poke|p2|Gholdengo, L50|\n|poke|p2|Sneasler, L50, M|\n|poke|p2|Volcarona, L50, M|\n|teampreview|4\n|\n|t:|1732259253\n|start\n|switch|p1a: Kingambit|Kingambit, L50, F|100\/100\n|switch|p1b: Maushold|Maushold, L50|100\/100\n|switch|p2a: Sneasler|Sneasler, L50, M|100\/100\n|switch|p2b: Salamence|Salamence, L50, F|100\/100\n|-ability|p2b: Salamence|Intimidate|boost\n|-unboost|p1a: Kingambit|atk|1\n|-ability|p1a: Kingambit|Defiant|boost\n|-boost|p1a: Kingambit|atk|2\n|-unboost|p1b: Maushold|atk|1\n|turn|1\n|\n|t:|1732259282\n|-terastallize|p1a: Kingambit|Dark\n|move|p1b: Maushold|Follow Me|p1b: Maushold\n|-singleturn|p1b: Maushold|move: Follow Me\n|move|p1a: Kingambit|Sucker Punch|p2b: Salamence\n|-damage|p2b: Salamence|0 fnt\n|faint|p2b: Salamence\n|move|p2a: Sneasler|Dire Claw|p1b: Maushold\n|-damage|p1b: Maushold|36\/100\n|-status|p1b: Maushold|par\n|\n|upkeep\n|\n|t:|1732259288\n|switch|p2b: Primarina|Primarina, L50, M|100\/100\n|turn|2\n|\n|t:|1732259296\n|move|p1a: Kingambit|Protect|p1a: Kingambit\n|-singleturn|p1a: Kingambit|Protect\n|move|p2a: Sneasler|Close Combat|p1a: Kingambit\n|-activate|p1a: Kingambit|move: Protect\n|move|p2b: Primarina|Moonblast|p1a: Kingambit\n|-activate|p1a: Kingambit|move: Protect\n|move|p1b: Maushold|Population Bomb|p2b: Primarina\n|-damage|p2b: Primarina|92\/100\n|-damage|p2b: Primarina|83\/100\n|-damage|p2b: Primarina|74\/100\n|-damage|p2b: Primarina|65\/100\n|-damage|p2b: Primarina|55\/100\n|-damage|p2b: Primarina|45\/100\n|-damage|p2b: Primarina|36\/100\n|-crit|p2b: Primarina\n|-damage|p2b: Primarina|15\/100\n|-damage|p2b: Primarina|6\/100\n|-damage|p2b: Primarina|0 fnt\n|faint|p2b: Primarina\n|-hitcount|p2: Primarina|10\n|\n|upkeep\n|\n|t:|1732259300\n|switch|p2b: Gholdengo|Gholdengo, L50|100\/100\n|turn|3\n|\n|t:|1732259309\n|cant|p1b: Maushold|par\n|move|p1a: Kingambit|Sucker Punch||[still]\n|-fail|p1a: Kingambit\n|move|p2a: Sneasler|Close Combat|p1a: Kingambit\n|-supereffective|p1a: Kingambit\n|-crit|p1a: Kingambit\n|-damage|p1a: Kingambit|0 fnt\n|-unboost|p2a: Sneasler|def|1\n|-unboost|p2a: Sneasler|spd|1\n|faint|p1a: Kingambit\n|move|p2b: Gholdengo|Trick|p1b: Maushold\n|-activate|p2b: Gholdengo|move: Trick|[of] p1b: Maushold\n|-item|p1b: Maushold|Choice Specs|[from] move: Trick\n|-item|p2b: Gholdengo|Wide Lens|[from] move: Trick\n|\n|upkeep\n|\n|t:|1732259319\n|switch|p1a: Garchomp|Garchomp, L50, M|100\/100\n|turn|4\n|\n|t:|1732259325\n|-terastallize|p2b: Gholdengo|Steel\n|move|p2a: Sneasler|Protect|p2a: Sneasler\n|-singleturn|p2a: Sneasler|Protect\n|move|p1b: Maushold|Follow Me|p1b: Maushold\n|-singleturn|p1b: Maushold|move: Follow Me\n|move|p1a: Garchomp|Earthquake|p2a: Sneasler|[spread] p1b,p2b\n|-activate|p2a: Sneasler|move: Protect\n|-supereffective|p2b: Gholdengo\n|-damage|p1b: Maushold|0 fnt\n|-damage|p2b: Gholdengo|0 fnt\n|faint|p1b: Maushold\n|faint|p2b: Gholdengo\n|\n|upkeep\n|\n|t:|1732259329\n|switch|p1b: Annihilape|Annihilape, L50, F|100\/100\n|turn|5\n|-message|Spottedwoot forfeited.\n|\n|win|vgclth terran\n|raw|vgclth terran's rating: 1736 &rarr; <strong>1759<\/strong><br \/>(+23 for winning)\n|raw|Spottedwoot's rating: 1782 &rarr; <strong>1759<\/strong><br \/>(-23 for losing)\n","uploadtime":1732259338,"views":21,"formatid":"gen9vgc2024regh","rating":1759,"private":0,"password":null}