{"id":"gen9vgc2024regh-2248558730","format":"[Gen 9] VGC 2024 Reg H","players":["zip520520","chin8"],"log":"|j|\u2606zip520520\n|j|\u2606chin8\n|t:|1732226288\n|gametype|doubles\n|player|p1|zip520520|170|1780\n|player|p2|chin8|gentleman-gen4dp|1695\n|teamsize|p1|6\n|teamsize|p2|6\n|gen|9\n|tier|[Gen 9] VGC 2024 Reg H\n|rated|\n|rule|Species Clause: Limit one of each Pok\u00e9mon\n|rule|Item Clause: Limit 1 of each item\n|clearpoke\n|poke|p1|Gholdengo, L50|\n|poke|p1|Garchomp, L50, M|\n|poke|p1|Glimmora, L50, F|\n|poke|p1|Tyranitar, L50, F|\n|poke|p1|Primarina, L50, M|\n|poke|p1|Sinistcha, L50|\n|poke|p2|Baxcalibur, L50, F|\n|poke|p2|Kilowattrel, L50, F|\n|poke|p2|Granbull, L50, F|\n|poke|p2|Gardevoir, L50, F|\n|poke|p2|Magmortar, L50, F|\n|poke|p2|Gholdengo, L50|\n|teampreview|4\n|inactive|Battle timer is ON: inactive players will automatically lose when time's up. (requested by zip520520)\n|j| kyo9t\n|inactive|zip520520 has 60 seconds left.\n|inactive|zip520520 has 30 seconds left.\n|\n|t:|1732226351\n|start\n|switch|p1a: Gholdengo|Gholdengo, L50|100\/100\n|switch|p1b: Glimmora|Glimmora, L50, F|100\/100\n|switch|p2a: Gholdengo|Gholdengo, L50|100\/100\n|switch|p2b: Kilowattrel|Kilowattrel, L50, F|100\/100\n|turn|1\n|\n|t:|1732226368\n|move|p1a: Gholdengo|Shadow Ball|p2a: Gholdengo\n|-supereffective|p2a: Gholdengo\n|-damage|p2a: Gholdengo|22\/100\n|-unboost|p2a: Gholdengo|spd|1\n|move|p2b: Kilowattrel|Tailwind|p2b: Kilowattrel\n|-sidestart|p2: chin8|move: Tailwind\n|move|p2a: Gholdengo|Make It Rain|p1a: Gholdengo|[spread] p1a,p1b\n|-resisted|p1a: Gholdengo\n|-supereffective|p1b: Glimmora\n|-damage|p1a: Gholdengo|77\/100\n|-enditem|p1b: Glimmora|Focus Sash\n|-damage|p1b: Glimmora|1\/100\n|-unboost|p2a: Gholdengo|spa|1\n|move|p1b: Glimmora|Sludge Bomb|p2b: Kilowattrel\n|-damage|p2b: Kilowattrel|13\/100\n|\n|-heal|p2a: Gholdengo|28\/100|[from] item: Leftovers\n|upkeep\n|turn|2\n|inactive|zip520520 has 30 seconds left.\n|\n|t:|1732226402\n|move|p1b: Glimmora|Spiky Shield|p1b: Glimmora\n|-singleturn|p1b: Glimmora|move: Protect\n|move|p2b: Kilowattrel|Thunderbolt|p1a: Gholdengo\n|-damage|p1a: Gholdengo|32\/100\n|move|p2a: Gholdengo|Shadow Ball|p1a: Gholdengo\n|-supereffective|p1a: Gholdengo\n|-damage|p1a: Gholdengo|0 fnt\n|faint|p1a: Gholdengo\n|\n|-heal|p2a: Gholdengo|35\/100|[from] item: Leftovers\n|upkeep\n|\n|t:|1732226421\n|switch|p1a: Sinistcha|Sinistcha, L50|100\/100\n|-heal|p1b: Glimmora|26\/100|[from] ability: Hospitality|[of] p1a: Sinistcha\n|turn|3\n|\n|t:|1732226441\n|-terastallize|p1a: Sinistcha|Water\n|move|p2b: Kilowattrel|Air Slash|p1a: Sinistcha\n|-damage|p1a: Sinistcha|72\/100\n|move|p2a: Gholdengo|Make It Rain|p1a: Sinistcha|[spread] p1a,p1b\n|-resisted|p1a: Sinistcha\n|-supereffective|p1b: Glimmora\n|-damage|p1a: Sinistcha|57\/100\n|-damage|p1b: Glimmora|0 fnt\n|-unboost|p2a: Gholdengo|spa|1\n|faint|p1b: Glimmora\n|cant|p1a: Sinistcha|flinch\n|\n|-heal|p2a: Gholdengo|41\/100|[from] item: Leftovers\n|upkeep\n|\n|t:|1732226458\n|switch|p1b: Tyranitar|Tyranitar, L50, F|100\/100\n|-weather|Sandstorm|[from] ability: Sand Stream|[of] p1b: Tyranitar\n|turn|4\n|\n|t:|1732226477\n|switch|p2a: Granbull|Granbull, L50, F|100\/100\n|-ability|p2a: Granbull|Intimidate|boost\n|-unboost|p1a: Sinistcha|atk|1\n|-unboost|p1b: Tyranitar|atk|1\n|move|p2b: Kilowattrel|Thunderbolt|p1a: Sinistcha\n|-supereffective|p1a: Sinistcha\n|-damage|p1a: Sinistcha|0 fnt\n|faint|p1a: Sinistcha\n|move|p1b: Tyranitar|Rock Slide|p2a: Granbull|[spread] p2b\n|-miss|p1b: Tyranitar|p2a: Granbull\n|-supereffective|p2b: Kilowattrel\n|-damage|p2b: Kilowattrel|0 fnt\n|faint|p2b: Kilowattrel\n|\n|-weather|Sandstorm|[upkeep]\n|-damage|p2a: Granbull|94\/100|[from] Sandstorm\n|-sideend|p2: chin8|move: Tailwind\n|upkeep\n|\n|t:|1732226487\n|switch|p2b: Gholdengo|Gholdengo, L50|41\/100\n|turn|5\n|-message|zip520520 forfeited.\n|\n|win|chin8\n|raw|zip520520's rating: 1780 &rarr; <strong>1755<\/strong><br \/>(-25 for losing)\n|raw|chin8's rating: 1695 &rarr; <strong>1720<\/strong><br \/>(+25 for winning)\n|l|\u2606zip520520\n|player|p1|\n|l|\u2606chin8\n|player|p2|\n|l| kyo9t\n","uploadtime":1732226672,"views":11,"formatid":"gen9vgc2024regh","rating":1720,"private":0,"password":null}