{"id":"gen9vgc2024regh-2248169074","format":"[Gen 9] VGC 2024 Reg H","players":["Tatch_8","blindfishptsd"],"log":"|j|\u2606Tatch_8\n|j|\u2606blindfishptsd\n|t:|1732183975\n|gametype|doubles\n|player|p1|Tatch_8|101|1688\n|player|p2|blindfishptsd|olympia|1742\n|teamsize|p1|6\n|teamsize|p2|6\n|gen|9\n|tier|[Gen 9] VGC 2024 Reg H\n|rated|\n|rule|Species Clause: Limit one of each Pok\u00e9mon\n|rule|Item Clause: Limit 1 of each item\n|clearpoke\n|poke|p1|Torkoal, L50, M|\n|poke|p1|Charizard, L50, F|\n|poke|p1|Porygon2, L50|\n|poke|p1|Ursaluna, L50, M|\n|poke|p1|Jumpluff, L50, M|\n|poke|p1|Incineroar, L50, F|\n|poke|p2|Gholdengo, L50|\n|poke|p2|Glimmora, L50, F|\n|poke|p2|Talonflame, L50, M|\n|poke|p2|Dragonite, L50, F|\n|poke|p2|Dondozo, L50, M|\n|poke|p2|Tatsugiri, L50, M|\n|teampreview|4\n|inactive|Battle timer is ON: inactive players will automatically lose when time's up. (requested by blindfishptsd)\n|j| Jalt the 5th\n|\n|t:|1732183996\n|start\n|switch|p1a: Torkoal|Torkoal, L50, M|100\/100\n|switch|p1b: Porygon2|Porygon2, L50|100\/100\n|switch|p2a: Talonflame|Talonflame, L50, M|100\/100\n|switch|p2b: Dragonite|Dragonite, L50, F|100\/100\n|-ability|p1b: Porygon2|Download|boost\n|-boost|p1b: Porygon2|atk|1\n|-weather|SunnyDay|[from] ability: Drought|[of] p1a: Torkoal\n|turn|1\n|\n|t:|1732184009\n|switch|p1a: Incineroar|Incineroar, L50, F|100\/100\n|-ability|p1a: Incineroar|Intimidate|boost\n|-unboost|p2a: Talonflame|atk|1\n|-unboost|p2b: Dragonite|atk|1\n|move|p2a: Talonflame|Flare Blitz|p1b: Porygon2\n|-damage|p1b: Porygon2|66\/100\n|-damage|p2a: Talonflame|86\/100|[from] Recoil\n|-damage|p2a: Talonflame|76\/100|[from] item: Life Orb\n|move|p2b: Dragonite|Earthquake|p1a: Incineroar|[spread] p1a,p1b\n|-immune|p2a: Talonflame\n|-supereffective|p1a: Incineroar\n|-damage|p1a: Incineroar|50\/100\n|-damage|p1b: Porygon2|49\/100\n|-enditem|p1a: Incineroar|Sitrus Berry|[eat]\n|-heal|p1a: Incineroar|75\/100|[from] item: Sitrus Berry\n|move|p1b: Porygon2|Ice Beam|p2b: Dragonite\n|-supereffective|p2b: Dragonite\n|-damage|p2b: Dragonite|59\/100\n|\n|-weather|SunnyDay|[upkeep]\n|upkeep\n|turn|2\n|inactive|blindfishptsd has 30 seconds left.\n|\n|t:|1732184034\n|switch|p2a: Glimmora|Glimmora, L50, F|100\/100\n|switch|p2b: Gholdengo|Gholdengo, L50|100\/100\n|switch|p1a: Torkoal|Torkoal, L50, M|100\/100\n|move|p1b: Porygon2|Trick Room|p1b: Porygon2\n|-fieldstart|move: Trick Room|[of] p1b: Porygon2\n|\n|-weather|SunnyDay|[upkeep]\n|upkeep\n|turn|3\n|\n|t:|1732184043\n|switch|p2b: Talonflame|Talonflame, L50, M|76\/100\n|move|p1a: Torkoal|Eruption|p2a: Glimmora|[spread] p2a,p2b\n|-resisted|p2a: Glimmora\n|-resisted|p2b: Talonflame\n|-damage|p2a: Glimmora|55\/100\n|-damage|p2b: Talonflame|21\/100\n|move|p1b: Porygon2|Recover|p1b: Porygon2\n|-heal|p1b: Porygon2|99\/100\n|move|p2a: Glimmora|Meteor Beam||[still]\n|-prepare|p2a: Glimmora|Meteor Beam\n|-boost|p2a: Glimmora|spa|1\n|-enditem|p2a: Glimmora|Power Herb\n|-anim|p2a: Glimmora|Meteor Beam|p1a: Torkoal\n|-supereffective|p1a: Torkoal\n|-damage|p1a: Torkoal|0 fnt\n|faint|p1a: Torkoal\n|\n|-weather|SunnyDay|[upkeep]\n|upkeep\n|\n|t:|1732184050\n|switch|p1a: Ursaluna|Ursaluna, L50, M|100\/100\n|turn|4\n|\n|t:|1732184072\n|move|p1a: Ursaluna|Protect|p1a: Ursaluna\n|-singleturn|p1a: Ursaluna|Protect\n|move|p2a: Glimmora|Spiky Shield|p2a: Glimmora\n|-singleturn|p2a: Glimmora|move: Protect\n|move|p1b: Porygon2|Tera Blast|p2b: Talonflame\n|-damage|p2b: Talonflame|0 fnt\n|faint|p2b: Talonflame\n|\n|-weather|SunnyDay|[upkeep]\n|-status|p1a: Ursaluna|brn|[from] item: Flame Orb\n|upkeep\n|\n|t:|1732184078\n|switch|p2b: Dragonite|Dragonite, L50, F|59\/100\n|turn|5\n|\n|t:|1732184093\n|-terastallize|p2b: Dragonite|Normal\n|move|p1b: Porygon2|Ice Beam|p2b: Dragonite\n|-damage|p2b: Dragonite|39\/100\n|move|p1a: Ursaluna|Facade|p2a: Glimmora\n|-resisted|p2a: Glimmora\n|-damage|p2a: Glimmora|0 fnt\n|-activate|p2a: Glimmora|ability: Toxic Debris\n|-sidestart|p1: Tatch_8|move: Toxic Spikes\n|faint|p2a: Glimmora\n|move|p2b: Dragonite|Outrage|p1a: Ursaluna\n|-damage|p1a: Ursaluna|14\/100 brn\n|\n|-weather|none\n|-damage|p1a: Ursaluna|9\/100 brn|[from] brn\n|upkeep\n|\n|t:|1732184105\n|switch|p2a: Gholdengo|Gholdengo, L50|100\/100\n|turn|6\n|\n|t:|1732184119\n|switch|p1b: Incineroar|Incineroar, L50, F|75\/100\n|-status|p1b: Incineroar|psn\n|-ability|p1b: Incineroar|Intimidate|boost\n|-unboost|p2a: Gholdengo|atk|1\n|-unboost|p2b: Dragonite|atk|1\n|move|p1a: Ursaluna|Facade|p2b: Dragonite\n|-damage|p2b: Dragonite|0 fnt\n|faint|p2b: Dragonite\n|move|p2a: Gholdengo|Make It Rain|p1a: Ursaluna|[spread] p1a,p1b\n|-resisted|p1b: Incineroar\n|-damage|p1a: Ursaluna|0 fnt\n|-damage|p1b: Incineroar|42\/100 psn\n|-unboost|p2a: Gholdengo|spa|1\n|faint|p1a: Ursaluna\n|\n|-damage|p1b: Incineroar|29\/100 psn|[from] psn\n|-fieldend|move: Trick Room\n|upkeep\n|\n|t:|1732184122\n|switch|p1a: Porygon2|Porygon2, L50|99\/100\n|-status|p1a: Porygon2|psn\n|-ability|p1a: Porygon2|Download|boost\n|-boost|p1a: Porygon2|spa|1\n|turn|7\n|\n|t:|1732184132\n|move|p2a: Gholdengo|Make It Rain|p1b: Incineroar|[spread] p1a,p1b\n|-resisted|p1b: Incineroar\n|-damage|p1a: Porygon2|74\/100 psn\n|-damage|p1b: Incineroar|7\/100 psn\n|-unboost|p2a: Gholdengo|spa|1\n|move|p1b: Incineroar|Knock Off|p2a: Gholdengo\n|-supereffective|p2a: Gholdengo\n|-damage|p2a: Gholdengo|0 fnt\n|-enditem|p2a: Gholdengo|Choice Specs|[from] move: Knock Off|[of] p1b: Incineroar\n|faint|p2a: Gholdengo\n|\n|win|Tatch_8\n|raw|Tatch_8's rating: 1688 &rarr; <strong>1711<\/strong><br \/>(+23 for winning)\n|raw|blindfishptsd's rating: 1742 &rarr; <strong>1719<\/strong><br \/>(-23 for losing)\n|l|\u2606Tatch_8\n|player|p1|\n|l|\u2606blindfishptsd\n|player|p2|\n","uploadtime":1732184335,"views":14,"formatid":"gen9vgc2024regh","rating":1711,"private":0,"password":null}