{"id":"gen9vgc2024regh-2248466432","format":"[Gen 9] VGC 2024 Reg H","players":["frieren0w0","VGCLTH <1000ELO"],"log":"|raw|<div class=\"broadcast-blue\"><strong>This battle is required to be public due to a player having a name starting with 'vgclth'.<\/div>\n|j|\u2606frieren0w0\n|j|\u2606VGCLTH <1000ELO\n|t:|1732217152\n|gametype|doubles\n|player|p1|frieren0w0|roxie|1654\n|player|p2|VGCLTH <1000ELO|1|1779\n|teamsize|p1|6\n|teamsize|p2|6\n|gen|9\n|tier|[Gen 9] VGC 2024 Reg H\n|rated|\n|rule|Species Clause: Limit one of each Pok\u00e9mon\n|rule|Item Clause: Limit 1 of each item\n|clearpoke\n|poke|p1|Sneasler, L50, F|\n|poke|p1|Indeedee, L50, M|\n|poke|p1|Pelipper, L50, F|\n|poke|p1|Archaludon, L50, M|\n|poke|p1|Dondozo, L50, F|\n|poke|p1|Tatsugiri, L50, M|\n|poke|p2|Dondozo, L50, M|\n|poke|p2|Tatsugiri, L50, M|\n|poke|p2|Dragonite, L50, M|\n|poke|p2|Gholdengo, L50|\n|poke|p2|Glimmora, L50, F|\n|poke|p2|Talonflame, L50, F|\n|teampreview|4\n|inactive|Battle timer is ON: inactive players will automatically lose when time's up. (requested by VGCLTH <1000ELO)\n|j| Former Fang\n|l| Former Fang\n|inactive|VGCLTH <1000ELO has 60 seconds left.\n|\n|t:|1732217198\n|start\n|switch|p1a: Dondozo|Dondozo, L50, F|100\/100\n|switch|p1b: Pelipper|Pelipper, L50, F|100\/100\n|switch|p2a: Dragonite|Dragonite, L50, M|100\/100\n|switch|p2b: Gholdengo|Gholdengo, L50|100\/100\n|-weather|RainDance|[from] ability: Drizzle|[of] p1b: Pelipper\n|turn|1\n|j| kyo9t\n|\n|t:|1732217222\n|switch|p1b: Tatsugiri|Tatsugiri, L50, M|100\/100\n|-activate|p1b: Tatsugiri|ability: Commander|[of] p1a: Dondozo\n|-boost|p1a: Dondozo|atk|2\n|-boost|p1a: Dondozo|spa|2\n|-boost|p1a: Dondozo|spe|2\n|-boost|p1a: Dondozo|def|2\n|-boost|p1a: Dondozo|spd|2\n|-terastallize|p2a: Dragonite|Normal\n|-terastallize|p1a: Dondozo|Water\n|move|p2a: Dragonite|Extreme Speed|p1a: Dondozo\n|-damage|p1a: Dondozo|76\/100\n|move|p1a: Dondozo|Surf|p2a: Dragonite|[spread] p2a,p2b\n|-miss|p1a: Dondozo|p1b: Tatsugiri\n|-damage|p2a: Dragonite|39\/100\n|-damage|p2b: Gholdengo|0 fnt\n|faint|p2b: Gholdengo\n|-damage|p1a: Dondozo|66\/100|[from] item: Life Orb\n|\n|-weather|RainDance|[upkeep]\n|upkeep\n|\n|t:|1732217225\n|switch|p2b: Dondozo|Dondozo, L50, M|100\/100\n|turn|2\n|\n|t:|1732217236\n|switch|p2a: Tatsugiri|Tatsugiri, L50, M|100\/100\n|-activate|p2a: Tatsugiri|ability: Commander|[of] p2b: Dondozo\n|-boost|p2b: Dondozo|atk|2\n|-boost|p2b: Dondozo|spa|2\n|-boost|p2b: Dondozo|spe|2\n|-boost|p2b: Dondozo|def|2\n|-boost|p2b: Dondozo|spd|2\n|move|p2b: Dondozo|Protect|p2b: Dondozo\n|-singleturn|p2b: Dondozo|Protect\n|move|p1a: Dondozo|Surf|p2b: Dondozo|[spread] \n|-miss|p1a: Dondozo|p1b: Tatsugiri\n|-miss|p1a: Dondozo|p2a: Tatsugiri\n|-activate|p2b: Dondozo|move: Protect\n|\n|-weather|RainDance|[upkeep]\n|upkeep\n|turn|3\n|\n|t:|1732217240\n|move|p1a: Dondozo|Surf|p2a: Tatsugiri|[spread] p2b\n|-miss|p1a: Dondozo|p1b: Tatsugiri\n|-miss|p1a: Dondozo|p2a: Tatsugiri\n|-resisted|p2b: Dondozo\n|-damage|p2b: Dondozo|68\/100\n|-damage|p1a: Dondozo|57\/100|[from] item: Life Orb\n|move|p2b: Dondozo|Order Up|p1a: Dondozo\n|-damage|p1a: Dondozo|39\/100\n|-boost|p2b: Dondozo|atk|1\n|\n|-weather|RainDance|[upkeep]\n|-heal|p2b: Dondozo|74\/100|[from] item: Leftovers\n|upkeep\n|turn|4\n|\n|t:|1732217249\n|move|p2b: Dondozo|Protect|p2b: Dondozo\n|-singleturn|p2b: Dondozo|Protect\n|move|p1a: Dondozo|Surf|p2b: Dondozo|[spread] \n|-miss|p1a: Dondozo|p1b: Tatsugiri\n|-miss|p1a: Dondozo|p2a: Tatsugiri\n|-activate|p2b: Dondozo|move: Protect\n|\n|-weather|RainDance|[upkeep]\n|-heal|p2b: Dondozo|80\/100|[from] item: Leftovers\n|upkeep\n|turn|5\n|\n|t:|1732217252\n|move|p1a: Dondozo|Surf|p2a: Tatsugiri|[spread] p2b\n|-miss|p1a: Dondozo|p1b: Tatsugiri\n|-miss|p1a: Dondozo|p2a: Tatsugiri\n|-resisted|p2b: Dondozo\n|-damage|p2b: Dondozo|45\/100\n|-damage|p1a: Dondozo|29\/100|[from] item: Life Orb\n|move|p2b: Dondozo|Order Up|p1a: Dondozo\n|-damage|p1a: Dondozo|11\/100\n|-boost|p2b: Dondozo|atk|1\n|\n|-weather|none\n|-heal|p2b: Dondozo|51\/100|[from] item: Leftovers\n|upkeep\n|turn|6\n|\n|t:|1732217265\n|move|p2b: Dondozo|Protect|p2b: Dondozo\n|-singleturn|p2b: Dondozo|Protect\n|move|p1a: Dondozo|Rest|p1a: Dondozo\n|-status|p1a: Dondozo|slp|[from] move: Rest\n|-heal|p1a: Dondozo|100\/100 slp|[silent]\n|\n|-heal|p2b: Dondozo|57\/100|[from] item: Leftovers\n|upkeep\n|turn|7\n|\n|t:|1732217268\n|move|p2b: Dondozo|Order Up|p1a: Dondozo\n|-damage|p1a: Dondozo|82\/100 slp\n|-boost|p2b: Dondozo|atk|1\n|cant|p1a: Dondozo|slp\n|move|p1a: Dondozo|Sleep Talk|p1a: Dondozo\n|move|p1a: Dondozo|Wave Crash|p2a: Tatsugiri|[from]move: Sleep Talk|[miss]\n|-miss|p1a: Dondozo|p2a: Tatsugiri\n|\n|-heal|p2b: Dondozo|64\/100|[from] item: Leftovers\n|upkeep\n|turn|8\n|\n|t:|1732217271\n|cant|p1a: Dondozo|slp\n|move|p1a: Dondozo|Sleep Talk|p1a: Dondozo\n|move|p1a: Dondozo|Surf|p2b: Dondozo|[from]move: Sleep Talk|[spread] p2b\n|-miss|p1a: Dondozo|p1b: Tatsugiri\n|-miss|p1a: Dondozo|p2a: Tatsugiri\n|-resisted|p2b: Dondozo\n|-damage|p2b: Dondozo|38\/100\n|-damage|p1a: Dondozo|73\/100 slp|[from] item: Life Orb\n|move|p2b: Dondozo|Order Up|p1a: Dondozo\n|-damage|p1a: Dondozo|54\/100 slp\n|-boost|p2b: Dondozo|atk|1\n|\n|-heal|p2b: Dondozo|44\/100|[from] item: Leftovers\n|upkeep\n|turn|9\n|\n|t:|1732217281\n|move|p2b: Dondozo|Order Up|p1a: Dondozo\n|-damage|p1a: Dondozo|36\/100 slp\n|-boost|p2b: Dondozo|atk|0\n|-curestatus|p1a: Dondozo|slp|[msg]\n|move|p1a: Dondozo|Surf|p2a: Tatsugiri|[spread] p2b\n|-miss|p1a: Dondozo|p1b: Tatsugiri\n|-miss|p1a: Dondozo|p2a: Tatsugiri\n|-resisted|p2b: Dondozo\n|-damage|p2b: Dondozo|20\/100\n|-damage|p1a: Dondozo|27\/100|[from] item: Life Orb\n|\n|-heal|p2b: Dondozo|26\/100|[from] item: Leftovers\n|upkeep\n|turn|10\n|\n|t:|1732217284\n|move|p1a: Dondozo|Rest|p1a: Dondozo\n|-status|p1a: Dondozo|slp|[from] move: Rest\n|-heal|p1a: Dondozo|100\/100 slp|[silent]\n|move|p2b: Dondozo|Wave Crash|p1a: Dondozo\n|-resisted|p1a: Dondozo\n|-damage|p1a: Dondozo|82\/100 slp\n|-damage|p2b: Dondozo|20\/100|[from] Recoil\n|\n|-heal|p2b: Dondozo|26\/100|[from] item: Leftovers\n|upkeep\n|turn|11\n|\n|t:|1732217286\n|move|p2b: Dondozo|Order Up|p1a: Dondozo\n|-damage|p1a: Dondozo|64\/100 slp\n|-boost|p2b: Dondozo|atk|0\n|cant|p1a: Dondozo|slp\n|move|p1a: Dondozo|Sleep Talk|p1a: Dondozo\n|move|p1a: Dondozo|Rest||[from]move: Sleep Talk|[still]\n|-fail|p1a: Dondozo\n|\n|-heal|p2b: Dondozo|32\/100|[from] item: Leftovers\n|upkeep\n|turn|12\n|\n|t:|1732217289\n|move|p2b: Dondozo|Order Up|p1a: Dondozo\n|-damage|p1a: Dondozo|46\/100 slp\n|-boost|p2b: Dondozo|atk|0\n|cant|p1a: Dondozo|slp\n|move|p1a: Dondozo|Sleep Talk|p1a: Dondozo\n|move|p1a: Dondozo|Surf|p2b: Dondozo|[from]move: Sleep Talk|[spread] p2b\n|-miss|p1a: Dondozo|p1b: Tatsugiri\n|-miss|p1a: Dondozo|p2a: Tatsugiri\n|-resisted|p2b: Dondozo\n|-damage|p2b: Dondozo|8\/100\n|-damage|p1a: Dondozo|36\/100 slp|[from] item: Life Orb\n|\n|-heal|p2b: Dondozo|14\/100|[from] item: Leftovers\n|upkeep\n|turn|13\n|\n|t:|1732217292\n|move|p2b: Dondozo|Order Up|p1a: Dondozo\n|-damage|p1a: Dondozo|17\/100 slp\n|-boost|p2b: Dondozo|atk|0\n|-curestatus|p1a: Dondozo|slp|[msg]\n|move|p1a: Dondozo|Rest|p1a: Dondozo\n|-status|p1a: Dondozo|slp|[from] move: Rest\n|-heal|p1a: Dondozo|100\/100 slp|[silent]\n|\n|-heal|p2b: Dondozo|20\/100|[from] item: Leftovers\n|upkeep\n|turn|14\n|\n|t:|1732217294\n|move|p2b: Dondozo|Order Up|p1a: Dondozo\n|-damage|p1a: Dondozo|83\/100 slp\n|-boost|p2b: Dondozo|atk|0\n|cant|p1a: Dondozo|slp\n|move|p1a: Dondozo|Sleep Talk|p1a: Dondozo\n|move|p1a: Dondozo|Rest||[from]move: Sleep Talk|[still]\n|-fail|p1a: Dondozo\n|\n|-heal|p2b: Dondozo|27\/100|[from] item: Leftovers\n|upkeep\n|turn|15\n|\n|t:|1732217297\n|cant|p1a: Dondozo|slp\n|move|p1a: Dondozo|Sleep Talk|p1a: Dondozo\n|move|p1a: Dondozo|Surf|p2a: Tatsugiri|[from]move: Sleep Talk|[spread] p2b\n|-miss|p1a: Dondozo|p1b: Tatsugiri\n|-miss|p1a: Dondozo|p2a: Tatsugiri\n|-resisted|p2b: Dondozo\n|-damage|p2b: Dondozo|4\/100\n|-damage|p1a: Dondozo|73\/100 slp|[from] item: Life Orb\n|move|p2b: Dondozo|Order Up|p1a: Dondozo\n|-damage|p1a: Dondozo|56\/100 slp\n|-boost|p2b: Dondozo|atk|0\n|\n|-heal|p2b: Dondozo|10\/100|[from] item: Leftovers\n|upkeep\n|turn|16\n|\n|t:|1732217305\n|move|p2b: Dondozo|Order Up|p1a: Dondozo\n|-damage|p1a: Dondozo|38\/100 slp\n|-boost|p2b: Dondozo|atk|0\n|-curestatus|p1a: Dondozo|slp|[msg]\n|move|p1a: Dondozo|Surf|p2a: Tatsugiri|[spread] p2b\n|-miss|p1a: Dondozo|p1b: Tatsugiri\n|-miss|p1a: Dondozo|p2a: Tatsugiri\n|-resisted|p2b: Dondozo\n|-damage|p2b: Dondozo|0 fnt\n|faint|p2b: Dondozo\n|-damage|p1a: Dondozo|28\/100|[from] item: Life Orb\n|\n|upkeep\n|\n|t:|1732217307\n|switch|p2b: Dragonite|Dragonite, L50, M, tera:Normal|39\/100\n|turn|17\n|\n|t:|1732217318\n|move|p2b: Dragonite|Extreme Speed|p1a: Dondozo\n|-damage|p1a: Dondozo|6\/100\n|move|p1a: Dondozo|Surf|p2b: Dragonite|[spread] p2a,p2b\n|-miss|p1a: Dondozo|p1b: Tatsugiri\n|-resisted|p2a: Tatsugiri\n|-crit|p2b: Dragonite\n|-damage|p2a: Tatsugiri|75\/100\n|-damage|p2b: Dragonite|0 fnt\n|faint|p2b: Dragonite\n|-damage|p1a: Dondozo|0 fnt|[from] item: Life Orb\n|faint|p1a: Dondozo\n|move|p2a: Tatsugiri|Dragon Pulse|p1b: Tatsugiri\n|-supereffective|p1b: Tatsugiri\n|-damage|p1b: Tatsugiri|0 fnt\n|faint|p1b: Tatsugiri\n|\n|upkeep\n|\n|t:|1732217328\n|switch|p1b: Archaludon|Archaludon, L50, M|100\/100\n|switch|p1a: Pelipper|Pelipper, L50, F|100\/100\n|-weather|RainDance|[from] ability: Drizzle|[of] p1a: Pelipper\n|turn|18\n|\n|t:|1732217336\n|move|p1a: Pelipper|Tailwind|p1a: Pelipper\n|-sidestart|p1: frieren0w0|move: Tailwind\n|move|p1b: Archaludon|Electro Shot||[still]\n|-prepare|p1b: Archaludon|Electro Shot\n|-boost|p1b: Archaludon|spa|1\n|-anim|p1b: Archaludon|Electro Shot|p2a: Tatsugiri\n|-damage|p2a: Tatsugiri|0 fnt\n|faint|p2a: Tatsugiri\n|\n|win|frieren0w0\n|raw|frieren0w0's rating: 1654 &rarr; <strong>1681<\/strong><br \/>(+27 for winning)\n|raw|VGCLTH &lt;1000ELO's rating: 1779 &rarr; <strong>1752<\/strong><br \/>(-27 for losing)\n|l|\u2606VGCLTH <1000ELO\n|player|p2|\n","uploadtime":1732217353,"views":13,"formatid":"gen9vgc2024regh","rating":1681,"private":0,"password":null}