{"id":"gen9vgc2024regh-2248808254","format":"[Gen 9] VGC 2024 Reg H","players":["Mikred","Nerd159"],"log":"|j|\u2606Mikred\n|j|\u2606Nerd159\n|t:|1732262161\n|gametype|doubles\n|player|p1|Mikred|170|1714\n|player|p2|Nerd159|101|1731\n|teamsize|p1|6\n|teamsize|p2|6\n|gen|9\n|tier|[Gen 9] VGC 2024 Reg H\n|rated|\n|rule|Species Clause: Limit one of each Pok\u00e9mon\n|rule|Item Clause: Limit 1 of each item\n|clearpoke\n|poke|p1|Annihilape, L50, M|\n|poke|p1|Whimsicott, L50, M|\n|poke|p1|Archaludon, L50, M|\n|poke|p1|Pelipper, L50, F|\n|poke|p1|Basculegion, L50, M|\n|poke|p1|Rillaboom, L50, M|\n|poke|p2|Quaquaval, L50, F|\n|poke|p2|Sinistcha, L50|\n|poke|p2|Dragonite, L50, M|\n|poke|p2|Ursaluna-Bloodmoon, L50, M|\n|poke|p2|Electabuzz, L50, F|\n|poke|p2|Incineroar, L50, M|\n|teampreview|4\n|inactive|Battle timer is ON: inactive players will automatically lose when time's up. (requested by Nerd159)\n|j| balnan\n|inactive|Mikred has 60 seconds left.\n|\n|t:|1732262211\n|start\n|switch|p1a: Pelipper|Pelipper, L50, F|100\/100\n|switch|p1b: Rillaboom|Rillaboom, L50, M|100\/100\n|switch|p2a: Quaquaval|Quaquaval, L50, F|100\/100\n|switch|p2b: Electabuzz|Electabuzz, L50, F|100\/100\n|-fieldstart|move: Grassy Terrain|[from] ability: Grassy Surge|[of] p1b: Rillaboom\n|-weather|RainDance|[from] ability: Drizzle|[of] p1a: Pelipper\n|turn|1\n|inactive|Mikred has 30 seconds left.\n|\n|t:|1732262237\n|switch|p2a: Incineroar|Incineroar, L50, M|100\/100\n|-ability|p2a: Incineroar|Intimidate|boost\n|-unboost|p1a: Pelipper|atk|1\n|-unboost|p1b: Rillaboom|atk|1\n|move|p2b: Electabuzz|Electroweb|p1b: Rillaboom|[spread] p1a,p1b\n|-supereffective|p1a: Pelipper\n|-resisted|p1b: Rillaboom\n|-enditem|p1a: Pelipper|Focus Sash\n|-damage|p1a: Pelipper|1\/100\n|-damage|p1b: Rillaboom|91\/100\n|-unboost|p1a: Pelipper|spe|1\n|-unboost|p1b: Rillaboom|spe|1\n|move|p1b: Rillaboom|Wood Hammer|p2a: Incineroar\n|-resisted|p2a: Incineroar\n|-damage|p2a: Incineroar|73\/100\n|-damage|p1b: Rillaboom|81\/100|[from] Recoil\n|move|p1a: Pelipper|Surf|p2a: Incineroar|[spread] p1b,p2a,p2b\n|-resisted|p1b: Rillaboom\n|-supereffective|p2a: Incineroar\n|-damage|p1b: Rillaboom|50\/100\n|-damage|p2a: Incineroar|9\/100\n|-damage|p2b: Electabuzz|63\/100\n|\n|-weather|RainDance|[upkeep]\n|-heal|p2b: Electabuzz|69\/100|[from] Grassy Terrain\n|-heal|p1b: Rillaboom|57\/100|[from] Grassy Terrain\n|-heal|p1b: Rillaboom|63\/100|[from] item: Leftovers\n|-heal|p2a: Incineroar|15\/100|[from] Grassy Terrain\n|upkeep\n|turn|2\n|inactive|Mikred has 30 seconds left.\n|\n|t:|1732262271\n|switch|p2a: Sinistcha|Sinistcha, L50|100\/100\n|-heal|p2b: Electabuzz|94\/100|[from] ability: Hospitality|[of] p2a: Sinistcha\n|switch|p1a: Archaludon|Archaludon, L50, M|100\/100\n|move|p2b: Electabuzz|Thunderbolt|p1a: Archaludon\n|-resisted|p1a: Archaludon\n|-damage|p1a: Archaludon|91\/100\n|-ability|p1a: Archaludon|Stamina|boost\n|-boost|p1a: Archaludon|def|1\n|move|p1b: Rillaboom|U-turn|p1a: Archaludon\n|-resisted|p1a: Archaludon\n|-damage|p1a: Archaludon|87\/100\n|-ability|p1a: Archaludon|Stamina|boost\n|-boost|p1a: Archaludon|def|1\n|\n|t:|1732262284\n|switch|p1b: Basculegion|Basculegion, L50, M|100\/100|[from] U-turn\n|\n|-weather|RainDance|[upkeep]\n|-heal|p2b: Electabuzz|99\/100|[from] Grassy Terrain\n|-heal|p1a: Archaludon|93\/100|[from] Grassy Terrain\n|upkeep\n|turn|3\n|\n|t:|1732262293\n|move|p2b: Electabuzz|Protect|p2b: Electabuzz\n|-singleturn|p2b: Electabuzz|Protect\n|move|p1b: Basculegion|Wave Crash|p2a: Sinistcha\n|-resisted|p2a: Sinistcha\n|-damage|p2a: Sinistcha|55\/100\n|-damage|p1b: Basculegion|84\/100|[from] item: Rocky Helmet|[of] p2a: Sinistcha\n|-damage|p1b: Basculegion|70\/100|[from] Recoil\n|-damage|p1b: Basculegion|61\/100|[from] item: Life Orb\n|move|p1a: Archaludon|Electro Shot||[still]\n|-prepare|p1a: Archaludon|Electro Shot\n|-boost|p1a: Archaludon|spa|1\n|-anim|p1a: Archaludon|Electro Shot|p2a: Sinistcha\n|-resisted|p2a: Sinistcha\n|-damage|p2a: Sinistcha|18\/100\n|move|p2a: Sinistcha|Trick Room|p2a: Sinistcha\n|-fieldstart|move: Trick Room|[of] p2a: Sinistcha\n|\n|-weather|RainDance|[upkeep]\n|-heal|p2a: Sinistcha|25\/100|[from] Grassy Terrain\n|-heal|p1a: Archaludon|99\/100|[from] Grassy Terrain\n|-heal|p2b: Electabuzz|100\/100|[from] Grassy Terrain\n|-heal|p1b: Basculegion|67\/100|[from] Grassy Terrain\n|upkeep\n|turn|4\n|inactive|Nerd159 has 30 seconds left.\n|\n|t:|1732262320\n|move|p1b: Basculegion|Protect|p1b: Basculegion\n|-singleturn|p1b: Basculegion|Protect\n|move|p2a: Sinistcha|Strength Sap|p1b: Basculegion\n|-activate|p1b: Basculegion|move: Protect\n|move|p1a: Archaludon|Electro Shot||[still]\n|-prepare|p1a: Archaludon|Electro Shot\n|-boost|p1a: Archaludon|spa|1\n|-anim|p1a: Archaludon|Electro Shot|p2a: Sinistcha\n|-resisted|p2a: Sinistcha\n|-damage|p2a: Sinistcha|0 fnt\n|faint|p2a: Sinistcha\n|move|p2b: Electabuzz|Thunderbolt|p1b: Basculegion\n|-activate|p1b: Basculegion|move: Protect\n|\n|-weather|RainDance|[upkeep]\n|-heal|p1a: Archaludon|100\/100|[from] Grassy Terrain\n|-heal|p1b: Basculegion|73\/100|[from] Grassy Terrain\n|upkeep\n|\n|t:|1732262327\n|switch|p2a: Quaquaval|Quaquaval, L50, F|100\/100\n|turn|5\n|\n|t:|1732262344\n|switch|p2b: Incineroar|Incineroar, L50, M|15\/100\n|-ability|p2b: Incineroar|Intimidate|boost\n|-unboost|p1a: Archaludon|atk|1\n|-unboost|p1b: Basculegion|atk|1\n|-terastallize|p2a: Quaquaval|Grass\n|move|p1b: Basculegion|Aqua Jet|p2b: Incineroar\n|-supereffective|p2b: Incineroar\n|-damage|p2b: Incineroar|0 fnt\n|faint|p2b: Incineroar\n|-damage|p1b: Basculegion|63\/100|[from] item: Life Orb\n|move|p1a: Archaludon|Electro Shot||[still]\n|-prepare|p1a: Archaludon|Electro Shot\n|-boost|p1a: Archaludon|spa|1\n|-anim|p1a: Archaludon|Electro Shot|p2a: Quaquaval\n|-resisted|p2a: Quaquaval\n|-damage|p2a: Quaquaval|34\/100\n|move|p2a: Quaquaval|Swords Dance|p2a: Quaquaval\n|-boost|p2a: Quaquaval|atk|2\n|\n|-weather|none\n|-heal|p2a: Quaquaval|40\/100|[from] Grassy Terrain\n|-heal|p1b: Basculegion|69\/100|[from] Grassy Terrain\n|-fieldend|move: Grassy Terrain\n|upkeep\n|\n|t:|1732262353\n|switch|p2b: Electabuzz|Electabuzz, L50, F|100\/100\n|turn|6\n|\n|t:|1732262371\n|move|p1b: Basculegion|Protect|p1b: Basculegion\n|-singleturn|p1b: Basculegion|Protect\n|move|p1a: Archaludon|Body Press|p2a: Quaquaval\n|-damage|p2a: Quaquaval|0 fnt\n|faint|p2a: Quaquaval\n|move|p2b: Electabuzz|Thunderbolt|p1b: Basculegion\n|-activate|p1b: Basculegion|move: Protect\n|\n|upkeep\n|turn|7\n|l|\u2606Nerd159\n|inactive|Nerd159 disconnected and has a minute to reconnect!\n|player|p2|\n|inactive|Nerd159 has 30 seconds left.\n|inactive|Nerd159 has 20 seconds left.\n|inactive|Nerd159 has 15 seconds left.\n|inactive|Nerd159 has 10 seconds left.\n|inactive|Nerd159 has 5 seconds left.\n|-message|Nerd159 lost due to inactivity.\n|\n|win|Mikred\n|raw|Mikred's rating: 1714 &rarr; <strong>1735<\/strong><br \/>(+21 for winning)\n|raw|Nerd159's rating: 1731 &rarr; <strong>1710<\/strong><br \/>(-21 for losing)\n|l|\u2606Mikred\n|player|p1|\n","uploadtime":1732262622,"views":12,"formatid":"gen9vgc2024regh","rating":1710,"private":0,"password":null}