{"id":"gen9vgc2024regh-2248732495","format":"[Gen 9] VGC 2024 Reg H","players":["Bbqsus","yuzuda"],"log":"|j|\u2606Bbqsus\n|j|\u2606yuzuda\n|t:|1732248017\n|gametype|doubles\n|player|p1|Bbqsus|shadowtriad|1645\n|player|p2|yuzuda|1|1686\n|teamsize|p1|6\n|teamsize|p2|6\n|gen|9\n|tier|[Gen 9] VGC 2024 Reg H\n|rated|\n|rule|Species Clause: Limit one of each Pok\u00e9mon\n|rule|Item Clause: Limit 1 of each item\n|clearpoke\n|poke|p1|Torkoal, L50, M|\n|poke|p1|Ursaluna, L50, F|\n|poke|p1|Mimikyu, L50, M|\n|poke|p1|Rillaboom, L50, M|\n|poke|p1|Primarina, L50, F|\n|poke|p1|Vikavolt, L50, F|\n|poke|p2|Archaludon, L50, M|\n|poke|p2|Pelipper, L50, F|\n|poke|p2|Annihilape, L50, M|\n|poke|p2|Whimsicott, L50, M|\n|poke|p2|Rillaboom, L50, F|\n|poke|p2|Gholdengo, L50|\n|teampreview|4\n|inactive|Battle timer is ON: inactive players will automatically lose when time's up. (requested by yuzuda)\n|inactive|Bbqsus also wants the timer to be on.\n|inactive|Bbqsus has 60 seconds left.\n|\n|t:|1732248050\n|start\n|switch|p1a: Mimikyu|Mimikyu, L50, M, shiny|100\/100\n|switch|p1b: Vikavolt|Vikavolt, L50, F, shiny|100\/100\n|switch|p2a: Whimsicott|Whimsicott, L50, M|100\/100\n|switch|p2b: Gholdengo|Gholdengo, L50|100\/100\n|turn|1\n|\n|t:|1732248069\n|move|p2a: Whimsicott|Beat Up|p1a: Mimikyu\n|-activate|p1a: Mimikyu|ability: Disguise\n|-damage|p1a: Mimikyu|100\/100\n|detailschange|p1a: Mimikyu|Mimikyu-Busted, L50, M, shiny\n|-damage|p1a: Mimikyu|88\/100|[from] pokemon: Mimikyu-Busted\n|-damage|p1a: Mimikyu|86\/100\n|-damage|p1a: Mimikyu|83\/100\n|-damage|p1a: Mimikyu|80\/100\n|-hitcount|p1a: Mimikyu|4\n|move|p2b: Gholdengo|Shadow Ball|p1a: Mimikyu\n|-supereffective|p1a: Mimikyu\n|-damage|p1a: Mimikyu|0 fnt\n|faint|p1a: Mimikyu\n|move|p1b: Vikavolt|Volt Switch|p2a: Whimsicott\n|-resisted|p2a: Whimsicott\n|-damage|p2a: Whimsicott|56\/100\n|-damage|p1b: Vikavolt|91\/100|[from] item: Life Orb\n|\n|t:|1732248087\n|switch|p1b: Ursaluna|Ursaluna, L50, F, shiny|100\/100|[from] Volt Switch\n|\n|-status|p1b: Ursaluna|brn|[from] item: Flame Orb\n|upkeep\n|\n|t:|1732248103\n|switch|p1a: Torkoal|Torkoal, L50, M, shiny|100\/100\n|-weather|SunnyDay|[from] ability: Drought|[of] p1a: Torkoal\n|turn|2\n|\n|t:|1732248116\n|switch|p2a: Pelipper|Pelipper, L50, F|100\/100\n|-weather|RainDance|[from] ability: Drizzle|[of] p2a: Pelipper\n|move|p1a: Torkoal|Protect|p1a: Torkoal\n|-singleturn|p1a: Torkoal|Protect\n|move|p2b: Gholdengo|Shadow Ball|p1a: Torkoal\n|-activate|p1a: Torkoal|move: Protect\n|move|p1b: Ursaluna|Earthquake|p2b: Gholdengo|[spread] p2b\n|-activate|p1a: Torkoal|move: Protect\n|-immune|p2a: Pelipper\n|-supereffective|p2b: Gholdengo\n|-damage|p2b: Gholdengo|0 fnt\n|faint|p2b: Gholdengo\n|\n|-weather|RainDance|[upkeep]\n|-damage|p1b: Ursaluna|95\/100 brn|[from] brn\n|upkeep\n|\n|t:|1732248135\n|switch|p2b: Whimsicott|Whimsicott, L50, M|56\/100\n|turn|3\n|\n|t:|1732248145\n|switch|p1a: Vikavolt|Vikavolt, L50, F, shiny|91\/100\n|-terastallize|p1b: Ursaluna|Ghost\n|move|p2b: Whimsicott|Encore||[still]\n|-fail|p2b: Whimsicott\n|move|p2a: Pelipper|Weather Ball|p1b: Ursaluna\n|-damage|p1b: Ursaluna|36\/100 brn\n|move|p1b: Ursaluna|Facade|p2a: Pelipper\n|-damage|p2a: Pelipper|0 fnt\n|faint|p2a: Pelipper\n|\n|-weather|RainDance|[upkeep]\n|-damage|p1b: Ursaluna|30\/100 brn|[from] brn\n|upkeep\n|\n|t:|1732248161\n|switch|p2a: Archaludon|Archaludon, L50, M|100\/100\n|turn|4\n|\n|t:|1732248176\n|move|p2b: Whimsicott|Beat Up|p2a: Archaludon\n|-damage|p2a: Archaludon|99\/100\n|-ability|p2a: Archaludon|Stamina|boost\n|-boost|p2a: Archaludon|def|1\n|-damage|p2a: Archaludon|98\/100\n|-ability|p2a: Archaludon|Stamina|boost\n|-boost|p2a: Archaludon|def|1\n|-hitcount|p2a: Archaludon|2\n|move|p2a: Archaludon|Dragon Pulse|p1b: Ursaluna\n|-damage|p1b: Ursaluna|0 fnt\n|faint|p1b: Ursaluna\n|move|p1a: Vikavolt|Bug Buzz|p2b: Whimsicott\n|-damage|p2b: Whimsicott|0 fnt\n|faint|p2b: Whimsicott\n|-damage|p1a: Vikavolt|81\/100|[from] item: Life Orb\n|\n|-weather|RainDance|[upkeep]\n|upkeep\n|\n|t:|1732248188\n|switch|p1b: Torkoal|Torkoal, L50, M, shiny|100\/100\n|-weather|SunnyDay|[from] ability: Drought|[of] p1b: Torkoal\n|turn|5\n|\n|t:|1732248205\n|move|p2a: Archaludon|Electro Shot||[still]\n|-prepare|p2a: Archaludon|Electro Shot\n|-boost|p2a: Archaludon|spa|1\n|move|p1a: Vikavolt|Bug Buzz|p2a: Archaludon\n|-resisted|p2a: Archaludon\n|-damage|p2a: Archaludon|70\/100\n|-unboost|p2a: Archaludon|spd|1\n|-ability|p2a: Archaludon|Stamina|boost\n|-boost|p2a: Archaludon|def|1\n|-damage|p1a: Vikavolt|71\/100|[from] item: Life Orb\n|move|p1b: Torkoal|Eruption|p2a: Archaludon\n|-damage|p2a: Archaludon|0 fnt\n|faint|p2a: Archaludon\n|\n|win|Bbqsus\n|raw|Bbqsus's rating: 1645 &rarr; <strong>1667<\/strong><br \/>(+22 for winning)\n|raw|yuzuda's rating: 1686 &rarr; <strong>1664<\/strong><br \/>(-22 for losing)\n|l|\u2606yuzuda\n|player|p2|\n|l|\u2606Bbqsus\n|player|p1|\n","uploadtime":1732248345,"views":13,"formatid":"gen9vgc2024regh","rating":1664,"private":0,"password":null}