{"id":"gen9vgc2024regh-2248794306","format":"[Gen 9] VGC 2024 Reg H","players":["Spottedwoot","Djjwjwwjj"],"log":"|j|\u2606Spottedwoot\n|j|\u2606Djjwjwwjj\n|t:|1732259349\n|gametype|doubles\n|player|p1|Spottedwoot|266|1759\n|player|p2|Djjwjwwjj|266|1732\n|teamsize|p1|6\n|teamsize|p2|6\n|gen|9\n|tier|[Gen 9] VGC 2024 Reg H\n|rated|\n|rule|Species Clause: Limit one of each Pok\u00e9mon\n|rule|Item Clause: Limit 1 of each item\n|clearpoke\n|poke|p1|Kingambit, L50, M|\n|poke|p1|Primarina, L50, M|\n|poke|p1|Salamence, L50, F|\n|poke|p1|Gholdengo, L50|\n|poke|p1|Sneasler, L50, F|\n|poke|p1|Volcarona, L50, M|\n|poke|p2|Palafin, L50, M|\n|poke|p2|Pelipper, L50, M|\n|poke|p2|Incineroar, L50, M|\n|poke|p2|Rillaboom, L50, F|\n|poke|p2|Gholdengo, L50|\n|poke|p2|Clefable, L50, M|\n|teampreview|4\n|inactive|Battle timer is ON: inactive players will automatically lose when time's up. (requested by Spottedwoot)\n|\n|t:|1732259408\n|start\n|switch|p1a: Salamence|Salamence, L50, F|100\/100\n|switch|p1b: Primarina|Primarina, L50, M|100\/100\n|switch|p2a: Pelipper|Pelipper, L50, M|100\/100\n|switch|p2b: Rillaboom|Rillaboom, L50, F|100\/100\n|-weather|RainDance|[from] ability: Drizzle|[of] p2a: Pelipper\n|-ability|p1a: Salamence|Intimidate|boost\n|-unboost|p2a: Pelipper|atk|1\n|-unboost|p2b: Rillaboom|atk|1\n|-fieldstart|move: Grassy Terrain|[from] ability: Grassy Surge|[of] p2b: Rillaboom\n|turn|1\n|\n|t:|1732259426\n|move|p1b: Primarina|Protect|p1b: Primarina\n|-singleturn|p1b: Primarina|Protect\n|move|p2a: Pelipper|Ice Beam|p1a: Salamence\n|-supereffective|p1a: Salamence\n|-damage|p1a: Salamence|0 fnt\n|faint|p1a: Salamence\n|move|p2b: Rillaboom|Wood Hammer|p1b: Primarina\n|-activate|p1b: Primarina|move: Protect\n|\n|-weather|RainDance|[upkeep]\n|upkeep\n|\n|t:|1732259432\n|switch|p1a: Sneasler|Sneasler, L50, F|100\/100\n|turn|2\n|\n|t:|1732259441\n|-terastallize|p1b: Primarina|Poison\n|move|p2b: Rillaboom|Grassy Glide|p1a: Sneasler\n|-resisted|p1a: Sneasler\n|-damage|p1a: Sneasler|79\/100\n|move|p2a: Pelipper|Ice Beam|p1a: Sneasler\n|-damage|p1a: Sneasler|42\/100\n|move|p1a: Sneasler|Dire Claw|p2b: Rillaboom\n|-supereffective|p2b: Rillaboom\n|-damage|p2b: Rillaboom|27\/100\n|-status|p2b: Rillaboom|psn\n|move|p1b: Primarina|Hyper Voice|p2a: Pelipper|[spread] p2a,p2b\n|-resisted|p2a: Pelipper\n|-resisted|p2b: Rillaboom\n|-damage|p2a: Pelipper|55\/100\n|-damage|p2b: Rillaboom|10\/100 psn\n|-enditem|p1b: Primarina|Throat Spray\n|-boost|p1b: Primarina|spa|1|[from] item: Throat Spray\n|\n|-weather|RainDance|[upkeep]\n|-heal|p1a: Sneasler|48\/100|[from] Grassy Terrain\n|-heal|p2b: Rillaboom|15\/100 psn|[from] Grassy Terrain\n|-damage|p2b: Rillaboom|3\/100 psn|[from] psn\n|upkeep\n|turn|3\n|inactive|Djjwjwwjj has 30 seconds left.\n|\n|t:|1732259472\n|switch|p2a: Palafin|Palafin, L50, M|100\/100\n|move|p1a: Sneasler|Protect|p1a: Sneasler\n|-singleturn|p1a: Sneasler|Protect\n|move|p2b: Rillaboom|High Horsepower|p1b: Primarina\n|-supereffective|p1b: Primarina\n|-damage|p1b: Primarina|45\/100\n|move|p1b: Primarina|Moonblast|p2a: Palafin\n|-damage|p2a: Palafin|0 fnt\n|faint|p2a: Palafin\n|\n|-weather|RainDance|[upkeep]\n|-heal|p1a: Sneasler|54\/100|[from] Grassy Terrain\n|-heal|p2b: Rillaboom|9\/100 psn|[from] Grassy Terrain\n|-heal|p1b: Primarina|51\/100|[from] Grassy Terrain\n|-damage|p2b: Rillaboom|0 fnt|[from] psn\n|faint|p2b: Rillaboom\n|upkeep\n|\n|t:|1732259492\n|switch|p2a: Gholdengo|Gholdengo, L50|100\/100\n|switch|p2b: Pelipper|Pelipper, L50, M|55\/100\n|turn|4\n|\n|t:|1732259501\n|move|p1b: Primarina|Protect|p1b: Primarina\n|-singleturn|p1b: Primarina|Protect\n|move|p2b: Pelipper|Hurricane|p1a: Sneasler\n|-supereffective|p1a: Sneasler\n|-damage|p1a: Sneasler|0 fnt\n|faint|p1a: Sneasler\n|move|p2a: Gholdengo|Make It Rain|p1b: Primarina\n|-activate|p1b: Primarina|move: Protect\n|\n|-weather|RainDance|[upkeep]\n|-heal|p1b: Primarina|57\/100|[from] Grassy Terrain\n|upkeep\n|\n|t:|1732259505\n|switch|p1a: Gholdengo|Gholdengo, L50|100\/100\n|turn|5\n|inactive|Djjwjwwjj has 30 seconds left.\n|j| mr pogostick\n|inactive|Djjwjwwjj has 20 seconds left.\n|inactive|Djjwjwwjj has 15 seconds left.\n|\n|t:|1732259547\n|-terastallize|p2a: Gholdengo|Water\n|move|p2b: Pelipper|Hurricane|p1b: Primarina\n|-damage|p1b: Primarina|18\/100\n|move|p1a: Gholdengo|Shadow Ball|p2b: Pelipper\n|-damage|p2b: Pelipper|0 fnt\n|faint|p2b: Pelipper\n|move|p2a: Gholdengo|Shadow Ball|p1a: Gholdengo\n|-supereffective|p1a: Gholdengo\n|-damage|p1a: Gholdengo|0 fnt\n|faint|p1a: Gholdengo\n|-damage|p2a: Gholdengo|91\/100|[from] item: Life Orb\n|move|p1b: Primarina|Hyper Voice|p2a: Gholdengo\n|-resisted|p2a: Gholdengo\n|-damage|p2a: Gholdengo|38\/100\n|\n|-weather|none\n|-heal|p2a: Gholdengo|44\/100|[from] Grassy Terrain\n|-heal|p1b: Primarina|23\/100|[from] Grassy Terrain\n|-fieldend|move: Grassy Terrain\n|upkeep\n|turn|6\n|-message|Spottedwoot forfeited.\n|\n|win|Djjwjwwjj\n|raw|Spottedwoot's rating: 1759 &rarr; <strong>1737<\/strong><br \/>(-22 for losing)\n|raw|Djjwjwwjj's rating: 1732 &rarr; <strong>1754<\/strong><br \/>(+22 for winning)\n|l|\u2606Djjwjwwjj\n|player|p2|\n","uploadtime":1732259568,"views":22,"formatid":"gen9vgc2024regh","rating":1737,"private":0,"password":null}