{"id":"gen9vgc2024regh-2248043787","format":"[Gen 9] VGC 2024 Reg H","players":["VGCLTHTornsEnjoyer","jbleacher2"],"log":"|raw|<div class=\"broadcast-blue\"><strong>This battle is required to be public due to a player having a name starting with 'vgclth'.<\/div>\n|j|\u2606VGCLTHTornsEnjoyer\n|j|\u2606jbleacher2\n|t:|1732161234\n|gametype|doubles\n|player|p1|VGCLTHTornsEnjoyer|turo|1723\n|player|p2|jbleacher2|101|1750\n|teamsize|p1|6\n|teamsize|p2|6\n|gen|9\n|tier|[Gen 9] VGC 2024 Reg H\n|rated|\n|rule|Species Clause: Limit one of each Pok\u00e9mon\n|rule|Item Clause: Limit 1 of each item\n|clearpoke\n|poke|p1|Gholdengo, L50|\n|poke|p1|Grimmsnarl, L50, M|\n|poke|p1|Whimsicott, L50, F|\n|poke|p1|Ursaluna-Bloodmoon, L50, M|\n|poke|p1|Dragonite, L50, M|\n|poke|p1|Annihilape, L50, M|\n|poke|p2|Murkrow, L50, M|\n|poke|p2|Volcarona, L50, F|\n|poke|p2|Oricorio-Pom-Pom, L50, F|\n|poke|p2|Quaquaval, L50, M|\n|poke|p2|Archaludon, L50, M|\n|poke|p2|Golduck, L50, M|\n|teampreview|4\n|inactive|Battle timer is ON: inactive players will automatically lose when time's up. (requested by jbleacher2)\n|inactive|VGCLTHTornsEnjoyer also wants the timer to be on.\n|j| snow is mid\n|inactive|VGCLTHTornsEnjoyer has 60 seconds left.\n|inactive|VGCLTHTornsEnjoyer has 30 seconds left.\n|inactive|VGCLTHTornsEnjoyer has 20 seconds left.\n|\n|t:|1732161307\n|start\n|switch|p1a: Annihilape|Annihilape, L50, M|100\/100\n|switch|p1b: Whimsicott|Whimsicott, L50, F|100\/100\n|switch|p2a: Volcarona|Volcarona, L50, F|100\/100\n|switch|p2b: Oricorio|Oricorio-Pom-Pom, L50, F, shiny|100\/100\n|turn|1\n|j| sipnickeric\n|inactive|VGCLTHTornsEnjoyer has 30 seconds left.\n|inactive|VGCLTHTornsEnjoyer has 20 seconds left.\n|\n|t:|1732161345\n|switch|p1b: Gholdengo|Gholdengo, L50|100\/100\n|move|p1a: Annihilape|Final Gambit|p2a: Volcarona\n|-damage|p2a: Volcarona|0 fnt\n|faint|p1a: Annihilape\n|faint|p2a: Volcarona\n|move|p2b: Oricorio|Air Slash|p1b: Gholdengo\n|-resisted|p1b: Gholdengo\n|-damage|p1b: Gholdengo|80\/100\n|\n|upkeep\n|\n|t:|1732161354\n|switch|p1a: Whimsicott|Whimsicott, L50, F|100\/100\n|switch|p2a: Murkrow|Murkrow, L50, M, shiny|100\/100\n|turn|2\n|\n|t:|1732161361\n|switch|p2b: Archaludon|Archaludon, L50, M|100\/100\n|-terastallize|p1b: Gholdengo|Steel\n|move|p1a: Whimsicott|Tailwind|p1a: Whimsicott\n|-sidestart|p1: VGCLTHTornsEnjoyer|move: Tailwind\n|move|p2a: Murkrow|Tailwind|p2a: Murkrow\n|-sidestart|p2: jbleacher2|move: Tailwind\n|move|p1b: Gholdengo|Make It Rain|p2b: Archaludon|[spread] p2a,p2b\n|-resisted|p2b: Archaludon\n|-damage|p2a: Murkrow|0 fnt\n|-damage|p2b: Archaludon|72\/100\n|-unboost|p1b: Gholdengo|spa|1\n|-ability|p2b: Archaludon|Stamina|boost\n|-boost|p2b: Archaludon|def|1\n|faint|p2a: Murkrow\n|\n|upkeep\n|\n|t:|1732161364\n|switch|p2a: Oricorio|Oricorio-Pom-Pom, L50, F, shiny|100\/100\n|turn|3\n|\n|t:|1732161372\n|move|p1a: Whimsicott|Fake Tears|p2b: Archaludon\n|-unboost|p2b: Archaludon|spd|2\n|move|p1b: Gholdengo|Make It Rain|p2b: Archaludon|[spread] p2a,p2b\n|-resisted|p2a: Oricorio\n|-resisted|p2b: Archaludon\n|-damage|p2a: Oricorio|50\/100\n|-damage|p2b: Archaludon|30\/100\n|-unboost|p1b: Gholdengo|spa|1\n|-ability|p2b: Archaludon|Stamina|boost\n|-boost|p2b: Archaludon|def|1\n|move|p2a: Oricorio|Air Slash|p1a: Whimsicott\n|-supereffective|p1a: Whimsicott\n|-damage|p1a: Whimsicott|0 fnt\n|faint|p1a: Whimsicott\n|move|p2b: Archaludon|Snarl|p1b: Gholdengo\n|-damage|p1b: Gholdengo|61\/100\n|-unboost|p1b: Gholdengo|spa|1\n|\n|upkeep\n|\n|t:|1732161375\n|switch|p1a: Dragonite|Dragonite, L50, M|100\/100\n|turn|4\n|\n|t:|1732161385\n|move|p2a: Oricorio|Protect|p2a: Oricorio\n|-singleturn|p2a: Oricorio|Protect\n|move|p1a: Dragonite|Extreme Speed|p2a: Oricorio\n|-activate|p2a: Oricorio|move: Protect\n|move|p1b: Gholdengo|Make It Rain|p2b: Archaludon|[spread] p2b\n|-activate|p2a: Oricorio|move: Protect\n|-resisted|p2b: Archaludon\n|-damage|p2b: Archaludon|2\/100\n|-unboost|p1b: Gholdengo|spa|1\n|-ability|p2b: Archaludon|Stamina|boost\n|-boost|p2b: Archaludon|def|1\n|move|p2b: Archaludon|Body Press|p1b: Gholdengo\n|-supereffective|p1b: Gholdengo\n|-damage|p1b: Gholdengo|0 fnt\n|faint|p1b: Gholdengo\n|\n|upkeep\n|turn|5\n|inactive|VGCLTHTornsEnjoyer has 30 seconds left.\n|\n|t:|1732161413\n|-terastallize|p2b: Archaludon|Ghost\n|move|p1a: Dragonite|Extreme Speed|p2b: Archaludon\n|-immune|p2b: Archaludon\n|move|p2a: Oricorio|Revelation Dance|p1a: Dragonite\n|-damage|p1a: Dragonite|52\/100\n|move|p2b: Archaludon|Dragon Pulse|p1a: Dragonite\n|-supereffective|p1a: Dragonite\n|-damage|p1a: Dragonite|0 fnt\n|faint|p1a: Dragonite\n|\n|win|jbleacher2\n|raw|VGCLTHTornsEnjoyer's rating: 1723 &rarr; <strong>1705<\/strong><br \/>(-18 for losing)\n|raw|jbleacher2's rating: 1750 &rarr; <strong>1768<\/strong><br \/>(+18 for winning)\n|l|\u2606VGCLTHTornsEnjoyer\n|player|p1|\n|l|\u2606jbleacher2\n|player|p2|\n|l| snow is mid\n|l| sipnickeric\n","uploadtime":1732161647,"views":16,"formatid":"gen9vgc2024regh","rating":1705,"private":0,"password":null}