{"id":"gen9vgc2024regh-2248156081","format":"[Gen 9] VGC 2024 Reg H","players":["VGCLTH mt","Sinistchalover6"],"log":"|raw|<div class=\"broadcast-blue\"><strong>This battle is required to be public due to a player having a name starting with 'vgclth'.<\/div>\n|j|\u2606VGCLTH mt\n|j|\u2606Sinistchalover6\n|t:|1732181683\n|gametype|doubles\n|player|p1|VGCLTH mt|cynthia|1829\n|player|p2|Sinistchalover6|lucas|1784\n|teamsize|p1|6\n|teamsize|p2|6\n|gen|9\n|tier|[Gen 9] VGC 2024 Reg H\n|rated|\n|rule|Species Clause: Limit one of each Pok\u00e9mon\n|rule|Item Clause: Limit 1 of each item\n|clearpoke\n|poke|p1|Ursaluna-Bloodmoon, L50, M|\n|poke|p1|Gholdengo, L50|\n|poke|p1|Dragonite, L50, M|\n|poke|p1|Primarina, L50, F|\n|poke|p1|Incineroar, L50, M|\n|poke|p1|Amoonguss, L50, M|\n|poke|p2|Gholdengo, L50|\n|poke|p2|Dragonite, L50, M|\n|poke|p2|Ursaluna-Bloodmoon, L50, M|\n|poke|p2|Sneasler, L50, F|\n|poke|p2|Incineroar, L50, F|\n|poke|p2|Rillaboom, L50, F|\n|teampreview|4\n|inactive|Battle timer is ON: inactive players will automatically lose when time's up. (requested by VGCLTH mt)\n|inactive|VGCLTH mt has 60 seconds left.\n|inactive|Sinistchalover6 has 60 seconds left.\n|inactive|VGCLTH mt has 30 seconds left.\n|inactive|Sinistchalover6 has 30 seconds left.\n|inactive|VGCLTH mt has 20 seconds left.\n|inactive|Sinistchalover6 has 20 seconds left.\n|inactive|VGCLTH mt has 15 seconds left.\n|inactive|Sinistchalover6 has 15 seconds left.\n|inactive|VGCLTH mt has 10 seconds left.\n|inactive|Sinistchalover6 has 10 seconds left.\n|inactive|VGCLTH mt has 5 seconds left.\n|inactive|Sinistchalover6 has 5 seconds left.\n|\n|t:|1732181771\n|start\n|switch|p1a: Ursaluna|Ursaluna-Bloodmoon, L50, M|100\/100\n|switch|p1b: Gholdengo|Gholdengo, L50, shiny|100\/100\n|switch|p2a: Ursaluna|Ursaluna-Bloodmoon, L50, M|100\/100\n|switch|p2b: Gholdengo|Gholdengo, L50|100\/100\n|turn|1\n|\n|t:|1732181796\n|move|p1b: Gholdengo|Protect|p1b: Gholdengo\n|-singleturn|p1b: Gholdengo|Protect\n|move|p2b: Gholdengo|Shadow Ball|p1b: Gholdengo\n|-activate|p1b: Gholdengo|move: Protect\n|move|p2a: Ursaluna|Calm Mind|p2a: Ursaluna\n|-boost|p2a: Ursaluna|spa|1\n|-boost|p2a: Ursaluna|spd|1\n|move|p1a: Ursaluna|Earth Power|p2b: Gholdengo\n|-supereffective|p2b: Gholdengo\n|-damage|p2b: Gholdengo|0 fnt\n|faint|p2b: Gholdengo\n|\n|upkeep\n|\n|t:|1732181801\n|switch|p2b: Dragonite|Dragonite, L50, M|100\/100\n|turn|2\n|inactive|VGCLTH mt has 30 seconds left.\n|inactive|VGCLTH mt has 20 seconds left.\n|inactive|VGCLTH mt has 15 seconds left.\n|inactive|VGCLTH mt has 10 seconds left.\n|inactive|VGCLTH mt has 5 seconds left.\n|\n|t:|1732181853\n|-terastallize|p1b: Gholdengo|Steel\n|move|p1b: Gholdengo|Make It Rain|p2a: Ursaluna|[spread] p2a,p2b\n|-damage|p2a: Ursaluna|61\/100\n|-damage|p2b: Dragonite|67\/100\n|-unboost|p1b: Gholdengo|spa|1\n|move|p2b: Dragonite|Scale Shot|p1a: Ursaluna\n|-damage|p1a: Ursaluna|90\/100\n|-damage|p1a: Ursaluna|80\/100\n|-damage|p1a: Ursaluna|71\/100\n|-damage|p1a: Ursaluna|60\/100\n|-damage|p1a: Ursaluna|51\/100\n|-hitcount|p1a: Ursaluna|5\n|-unboost|p2b: Dragonite|def|1\n|-boost|p2b: Dragonite|spe|1\n|move|p2a: Ursaluna|Blood Moon|p1a: Ursaluna\n|-damage|p1a: Ursaluna|0 fnt\n|faint|p1a: Ursaluna\n|\n|-heal|p2a: Ursaluna|67\/100|[from] item: Leftovers\n|upkeep\n|\n|t:|1732181862\n|switch|p1a: Incineroar|Incineroar, L50, M, shiny|100\/100\n|-ability|p1a: Incineroar|Intimidate|boost\n|-unboost|p2a: Ursaluna|atk|1\n|-unboost|p2b: Dragonite|atk|1\n|turn|3\n|\n|t:|1732181871\n|move|p1a: Incineroar|Fake Out|p2a: Ursaluna\n|-damage|p2a: Ursaluna|60\/100\n|move|p2b: Dragonite|Scale Shot|p1b: Gholdengo\n|-resisted|p1b: Gholdengo\n|-damage|p1b: Gholdengo|95\/100\n|-resisted|p1b: Gholdengo\n|-damage|p1b: Gholdengo|90\/100\n|-resisted|p1b: Gholdengo\n|-damage|p1b: Gholdengo|85\/100\n|-resisted|p1b: Gholdengo\n|-damage|p1b: Gholdengo|80\/100\n|-resisted|p1b: Gholdengo\n|-damage|p1b: Gholdengo|75\/100\n|-hitcount|p1b: Gholdengo|5\n|-unboost|p2b: Dragonite|def|1\n|-boost|p2b: Dragonite|spe|1\n|move|p1b: Gholdengo|Nasty Plot|p1b: Gholdengo\n|-boost|p1b: Gholdengo|spa|2\n|cant|p2a: Ursaluna|flinch\n|\n|-heal|p2a: Ursaluna|66\/100|[from] item: Leftovers\n|upkeep\n|turn|4\n|\n|t:|1732181881\n|-terastallize|p2a: Ursaluna|Electric\n|move|p2b: Dragonite|Tailwind|p2b: Dragonite\n|-sidestart|p2: Sinistchalover6|move: Tailwind\n|move|p2a: Ursaluna|Earth Power|p1a: Incineroar\n|-supereffective|p1a: Incineroar\n|-damage|p1a: Incineroar|2\/100\n|-enditem|p1a: Incineroar|Sitrus Berry|[eat]\n|-heal|p1a: Incineroar|27\/100|[from] item: Sitrus Berry\n|move|p1b: Gholdengo|Make It Rain|p2a: Ursaluna|[spread] p2a,p2b\n|-resisted|p2a: Ursaluna\n|-damage|p2a: Ursaluna|35\/100\n|-damage|p2b: Dragonite|0 fnt\n|-unboost|p1b: Gholdengo|spa|1\n|faint|p2b: Dragonite\n|move|p1a: Incineroar|Knock Off|p2a: Ursaluna\n|-damage|p2a: Ursaluna|10\/100\n|-enditem|p2a: Ursaluna|Leftovers|[from] move: Knock Off|[of] p1a: Incineroar\n|\n|upkeep\n|\n|t:|1732181895\n|switch|p2b: Incineroar|Incineroar, L50, F|100\/100\n|-ability|p2b: Incineroar|Intimidate|boost\n|-unboost|p1a: Incineroar|atk|1\n|-unboost|p1b: Gholdengo|atk|1\n|turn|5\n|\n|t:|1732181921\n|move|p1b: Gholdengo|Protect|p1b: Gholdengo\n|-singleturn|p1b: Gholdengo|Protect\n|move|p2a: Ursaluna|Earth Power|p1a: Incineroar\n|-supereffective|p1a: Incineroar\n|-damage|p1a: Incineroar|0 fnt\n|faint|p1a: Incineroar\n|move|p2b: Incineroar|Knock Off|p1b: Gholdengo\n|-activate|p1b: Gholdengo|move: Protect\n|\n|upkeep\n|\n|t:|1732181924\n|switch|p1a: Dragonite|Dragonite, L50, M, shiny|100\/100\n|turn|6\n|\n|t:|1732181942\n|move|p1a: Dragonite|Extreme Speed|p2a: Ursaluna\n|-damage|p2a: Ursaluna|0 fnt\n|faint|p2a: Ursaluna\n|move|p2b: Incineroar|Will-O-Wisp|p1a: Dragonite\n|-status|p1a: Dragonite|brn\n|move|p1b: Gholdengo|Nasty Plot|p1b: Gholdengo\n|-boost|p1b: Gholdengo|spa|2\n|\n|-damage|p1a: Dragonite|95\/100 brn|[from] brn\n|upkeep\n|turn|7\n|-message|Sinistchalover6 forfeited.\n|\n|win|VGCLTH mt\n|raw|VGCLTH mt's rating: 1829 &rarr; <strong>1846<\/strong><br \/>(+17 for winning)\n|raw|Sinistchalover6's rating: 1784 &rarr; <strong>1767<\/strong><br \/>(-17 for losing)\n|l|\u2606VGCLTH mt\n|player|p1|\n","uploadtime":1732182168,"views":90,"formatid":"gen9vgc2024regh","rating":1767,"private":0,"password":null}