{"id":"gen9vgc2024regh-2248222474","format":"[Gen 9] VGC 2024 Reg H","players":["Hax reliant 5","vgclth terran"],"log":"|raw|<div class=\"broadcast-blue\"><strong>This battle is required to be public due to a player having a name starting with 'vgclth'.<\/div>\n|j|\u2606Hax reliant 5\n|j|\u2606vgclth terran\n|t:|1732192402\n|gametype|doubles\n|player|p1|Hax reliant 5|1|1665\n|player|p2|vgclth terran|rood|1809\n|teamsize|p1|6\n|teamsize|p2|6\n|gen|9\n|tier|[Gen 9] VGC 2024 Reg H\n|rated|\n|rule|Species Clause: Limit one of each Pok\u00e9mon\n|rule|Item Clause: Limit 1 of each item\n|clearpoke\n|poke|p1|Sableye, L50, F|\n|poke|p1|Sinistcha-Masterpiece, L50|\n|poke|p1|Archaludon, L50, F|\n|poke|p1|Whimsicott, L50, F|\n|poke|p1|Pelipper, L50, M|\n|poke|p1|Annihilape, L50, M|\n|poke|p2|Ninetales-Alola, L50, M|\n|poke|p2|Rillaboom, L50, F|\n|poke|p2|Magmar, L50, M|\n|poke|p2|Sneasler, L50, F|\n|poke|p2|Kingambit, L50, F|\n|poke|p2|Basculegion, L50, M|\n|teampreview|4\n|\n|t:|1732192445\n|start\n|switch|p1a: Whimsicott|Whimsicott, L50, F|100\/100\n|switch|p1b: Archaludon|Archaludon, L50, F|100\/100\n|switch|p2a: Magmar|Magmar, L50, M|100\/100\n|switch|p2b: Kingambit|Kingambit, L50, F|100\/100\n|turn|1\n|\n|t:|1732192450\n|move|p2a: Magmar|Follow Me|p2a: Magmar\n|-singleturn|p2a: Magmar|move: Follow Me\n|move|p1a: Whimsicott|Taunt|p2a: Magmar\n|-start|p2a: Magmar|move: Taunt\n|move|p1b: Archaludon|Body Press|p2a: Magmar\n|-damage|p2a: Magmar|84\/100\n|move|p2b: Kingambit|Swords Dance|p2b: Kingambit\n|-boost|p2b: Kingambit|atk|2\n|\n|upkeep\n|turn|2\n|j| thelasttheorem\n|\n|t:|1732192465\n|-terastallize|p2b: Kingambit|Fire\n|move|p1a: Whimsicott|Beat Up|p1b: Archaludon\n|-damage|p1b: Archaludon|99\/100\n|-ability|p1b: Archaludon|Stamina|boost\n|-boost|p1b: Archaludon|def|1\n|-damage|p1b: Archaludon|97\/100\n|-ability|p1b: Archaludon|Stamina|boost\n|-boost|p1b: Archaludon|def|1\n|-damage|p1b: Archaludon|96\/100\n|-ability|p1b: Archaludon|Stamina|boost\n|-boost|p1b: Archaludon|def|1\n|-damage|p1b: Archaludon|95\/100\n|-ability|p1b: Archaludon|Stamina|boost\n|-boost|p1b: Archaludon|def|1\n|-hitcount|p1b: Archaludon|4\n|move|p1b: Archaludon|Body Press|p2b: Kingambit\n|-damage|p2b: Kingambit|45\/100\n|move|p2a: Magmar|Heat Wave|p1b: Archaludon|[spread] p1a,p1b\n|-supereffective|p1a: Whimsicott\n|-damage|p1a: Whimsicott|36\/100\n|-damage|p1b: Archaludon|74\/100\n|-ability|p1b: Archaludon|Stamina|boost\n|-boost|p1b: Archaludon|def|1\n|move|p2b: Kingambit|Kowtow Cleave|p1b: Archaludon\n|-damage|p1b: Archaludon|49\/100\n|-ability|p1b: Archaludon|Stamina|boost\n|-boost|p1b: Archaludon|def|1\n|\n|upkeep\n|turn|3\n|\n|t:|1732192490\n|switch|p1a: Sinistcha|Sinistcha-Masterpiece, L50|100\/100\n|-heal|p1b: Archaludon|74\/100|[from] ability: Hospitality|[of] p1a: Sinistcha\n|move|p2b: Kingambit|Sucker Punch|p1b: Archaludon\n|-damage|p1b: Archaludon|53\/100\n|move|p1b: Archaludon|Body Press|p2a: Magmar\n|-damage|p2a: Magmar|20\/100\n|move|p2a: Magmar|Heat Wave|p1b: Archaludon|[spread] p1a,p1b\n|-supereffective|p1a: Sinistcha\n|-damage|p1a: Sinistcha|59\/100\n|-damage|p1b: Archaludon|34\/100\n|\n|upkeep\n|turn|4\n|\n|t:|1732192509\n|move|p1b: Archaludon|Body Press|p2a: Magmar\n|-damage|p2a: Magmar|0 fnt\n|faint|p2a: Magmar\n|move|p2b: Kingambit|Kowtow Cleave|p1b: Archaludon\n|-damage|p1b: Archaludon|10\/100\n|move|p1a: Sinistcha|Life Dew|p1a: Sinistcha|[spread] p1a,p1b\n|-heal|p1a: Sinistcha|84\/100\n|-heal|p1b: Archaludon|35\/100\n|\n|upkeep\n|\n|t:|1732192518\n|switch|p2a: Ninetales|Ninetales-Alola, L50, M|100\/100\n|-weather|Snow|[from] ability: Snow Warning|[of] p2a: Ninetales\n|turn|5\n|\n|t:|1732192533\n|move|p1a: Sinistcha|Rage Powder|p1a: Sinistcha\n|-singleturn|p1a: Sinistcha|move: Rage Powder\n|move|p2a: Ninetales|Blizzard|p1a: Sinistcha|[spread] p1a,p1b\n|-supereffective|p1a: Sinistcha\n|-damage|p1a: Sinistcha|19\/100\n|-damage|p1b: Archaludon|3\/100\n|-enditem|p1a: Sinistcha|Wiki Berry|[eat]\n|-heal|p1a: Sinistcha|52\/100|[from] item: Wiki Berry\n|move|p1b: Archaludon|Flash Cannon|p2a: Ninetales\n|-supereffective|p2a: Ninetales\n|-damage|p2a: Ninetales|0 fnt\n|faint|p2a: Ninetales\n|move|p2b: Kingambit|Kowtow Cleave|p1a: Sinistcha\n|-supereffective|p1a: Sinistcha\n|-damage|p1a: Sinistcha|0 fnt\n|faint|p1a: Sinistcha\n|\n|-weather|Snow|[upkeep]\n|upkeep\n|\n|t:|1732192548\n|switch|p2a: Sneasler|Sneasler, L50, F|100\/100\n|switch|p1a: Annihilape|Annihilape, L50, M|100\/100\n|turn|6\n|\n|t:|1732192564\n|-terastallize|p1b: Archaludon|Ghost\n|move|p2a: Sneasler|Close Combat|p1b: Archaludon\n|-immune|p1b: Archaludon\n|move|p1a: Annihilape|Bulk Up|p1a: Annihilape\n|-boost|p1a: Annihilape|atk|1\n|-boost|p1a: Annihilape|def|1\n|move|p1b: Archaludon|Body Press|p2b: Kingambit\n|-damage|p2b: Kingambit|0 fnt\n|faint|p2b: Kingambit\n|\n|-weather|Snow|[upkeep]\n|upkeep\n|turn|7\n|-message|vgclth terran forfeited.\n|\n|win|Hax reliant 5\n|raw|Hax reliant 5's rating: 1665 &rarr; <strong>1693<\/strong><br \/>(+28 for winning)\n|raw|vgclth terran's rating: 1809 &rarr; <strong>1781<\/strong><br \/>(-28 for losing)\n|l|\u2606vgclth terran\n|player|p2|\n|j|\u2606vgclth terran\n|player|p2|vgclth terran|rood|\n|l|\u2606Hax reliant 5\n|player|p1|\n|l|\u2606vgclth terran\n|player|p2|\n|l| thelasttheorem\n","uploadtime":1732192767,"views":41,"formatid":"gen9vgc2024regh","rating":1693,"private":0,"password":null}