{"id":"gen9vgc2024regh-2248039047","format":"[Gen 9] VGC 2024 Reg H","players":["Spottedwoot","snow is mid"],"log":"|j|\u2606Spottedwoot\n|j|\u2606snow is mid\n|t:|1732160568\n|gametype|doubles\n|player|p1|Spottedwoot|170|1743\n|player|p2|snow is mid|swimmer-gen4dp|1675\n|teamsize|p1|6\n|teamsize|p2|6\n|gen|9\n|tier|[Gen 9] VGC 2024 Reg H\n|rated|\n|rule|Species Clause: Limit one of each Pok\u00e9mon\n|rule|Item Clause: Limit 1 of each item\n|clearpoke\n|poke|p1|Kingambit, L50, M|\n|poke|p1|Primarina, L50, M|\n|poke|p1|Salamence, L50, M|\n|poke|p1|Gholdengo, L50|\n|poke|p1|Sneasler, L50, M|\n|poke|p1|Volcarona, L50, F|\n|poke|p2|Tatsugiri, L50, F|\n|poke|p2|Dondozo, L50, F|\n|poke|p2|Archaludon, L50, F|\n|poke|p2|Pelipper, L50, F|\n|poke|p2|Glimmora, L50, F|\n|poke|p2|Garchomp, L50, F|\n|teampreview|4\n|inactive|Battle timer is ON: inactive players will automatically lose when time's up. (requested by Spottedwoot)\n|\n|t:|1732160601\n|start\n|switch|p1a: Salamence|Salamence, L50, M|100\/100\n|switch|p1b: Sneasler|Sneasler, L50, M|100\/100\n|switch|p2a: Glimmora|Glimmora, L50, F|100\/100\n|switch|p2b: Pelipper|Pelipper, L50, F|100\/100\n|-ability|p1a: Salamence|Intimidate|boost\n|-unboost|p2a: Glimmora|atk|1\n|-unboost|p2b: Pelipper|atk|1\n|-weather|RainDance|[from] ability: Drizzle|[of] p2b: Pelipper\n|turn|1\n|inactive|Spottedwoot has 30 seconds left.\n|\n|t:|1732160629\n|move|p1b: Sneasler|Dire Claw|p2b: Pelipper\n|-damage|p2b: Pelipper|55\/100\n|-status|p2b: Pelipper|slp\n|move|p1a: Salamence|Tailwind|p1a: Salamence\n|-sidestart|p1: Spottedwoot|move: Tailwind\n|move|p2a: Glimmora|Mortal Spin|p1b: Sneasler|[spread] p1a,p1b\n|-resisted|p1b: Sneasler\n|-damage|p1a: Salamence|97\/100\n|-damage|p1b: Sneasler|98\/100\n|-status|p1a: Salamence|psn\n|cant|p2b: Pelipper|slp\n|\n|-weather|RainDance|[upkeep]\n|-damage|p1a: Salamence|85\/100 psn|[from] psn\n|upkeep\n|turn|2\n|\n|t:|1732160650\n|move|p1b: Sneasler|Close Combat|p2a: Glimmora\n|-damage|p2a: Glimmora|30\/100\n|-unboost|p1b: Sneasler|def|1\n|-unboost|p1b: Sneasler|spd|1\n|-activate|p2a: Glimmora|ability: Toxic Debris\n|-sidestart|p1: Spottedwoot|move: Toxic Spikes\n|move|p1a: Salamence|Hurricane|p2a: Glimmora\n|-resisted|p2a: Glimmora\n|-damage|p2a: Glimmora|0 fnt\n|faint|p2a: Glimmora\n|-damage|p1a: Salamence|75\/100 psn|[from] item: Life Orb\n|-curestatus|p2b: Pelipper|slp|[msg]\n|move|p2b: Pelipper|Hurricane|p1b: Sneasler\n|-supereffective|p1b: Sneasler\n|-damage|p1b: Sneasler|0 fnt\n|faint|p1b: Sneasler\n|\n|-weather|RainDance|[upkeep]\n|-damage|p1a: Salamence|62\/100 psn|[from] psn\n|upkeep\n|\n|t:|1732160662\n|switch|p1b: Primarina|Primarina, L50, M|100\/100\n|switch|p2a: Archaludon|Archaludon, L50, F|100\/100\n|-status|p1b: Primarina|psn\n|turn|3\n|inactive|snow is mid has 30 seconds left.\n|\n|t:|1732160695\n|switch|p1b: Gholdengo|Gholdengo, L50|100\/100\n|move|p1a: Salamence|Hurricane|p2b: Pelipper\n|-damage|p2b: Pelipper|0 fnt\n|faint|p2b: Pelipper\n|-damage|p1a: Salamence|52\/100 psn|[from] item: Life Orb\n|move|p2a: Archaludon|Electro Shot||[still]\n|-prepare|p2a: Archaludon|Electro Shot\n|-boost|p2a: Archaludon|spa|1\n|-anim|p2a: Archaludon|Electro Shot|p1a: Salamence\n|-damage|p1a: Salamence|0 fnt\n|faint|p1a: Salamence\n|\n|-weather|RainDance|[upkeep]\n|upkeep\n|\n|t:|1732160705\n|switch|p1a: Primarina|Primarina, L50, M|100\/100 psn\n|switch|p2b: Garchomp|Garchomp, L50, F|100\/100\n|turn|4\n|\n|t:|1732160717\n|-terastallize|p1b: Gholdengo|Steel\n|move|p2b: Garchomp|Protect|p2b: Garchomp\n|-singleturn|p2b: Garchomp|Protect\n|move|p1b: Gholdengo|Make It Rain|p2b: Garchomp|[spread] p2a\n|-activate|p2b: Garchomp|move: Protect\n|-resisted|p2a: Archaludon\n|-damage|p2a: Archaludon|66\/100\n|-unboost|p1b: Gholdengo|spa|1\n|-ability|p2a: Archaludon|Stamina|boost\n|-boost|p2a: Archaludon|def|1\n|move|p1a: Primarina|Moonblast|p2a: Archaludon\n|-damage|p2a: Archaludon|29\/100\n|-ability|p2a: Archaludon|Stamina|boost\n|-boost|p2a: Archaludon|def|1\n|move|p2a: Archaludon|Electro Shot||[still]\n|-prepare|p2a: Archaludon|Electro Shot\n|-boost|p2a: Archaludon|spa|1\n|-anim|p2a: Archaludon|Electro Shot|p1a: Primarina\n|-supereffective|p1a: Primarina\n|-damage|p1a: Primarina|0 fnt\n|faint|p1a: Primarina\n|\n|-weather|RainDance|[upkeep]\n|-sideend|p1: Spottedwoot|move: Tailwind\n|upkeep\n|turn|5\n|\n|t:|1732160734\n|move|p2b: Garchomp|Stomping Tantrum|p1b: Gholdengo\n|-supereffective|p1b: Gholdengo\n|-damage|p1b: Gholdengo|12\/100\n|move|p1b: Gholdengo|Make It Rain|p2a: Archaludon|[spread] p2a,p2b\n|-resisted|p2a: Archaludon\n|-damage|p2a: Archaludon|7\/100\n|-damage|p2b: Garchomp|27\/100\n|-unboost|p1b: Gholdengo|spa|1\n|-ability|p2a: Archaludon|Stamina|boost\n|-boost|p2a: Archaludon|def|1\n|move|p2a: Archaludon|Body Press|p1b: Gholdengo\n|-supereffective|p1b: Gholdengo\n|-damage|p1b: Gholdengo|0 fnt\n|faint|p1b: Gholdengo\n|\n|win|snow is mid\n|raw|Spottedwoot's rating: 1743 &rarr; <strong>1719<\/strong><br \/>(-24 for losing)\n|raw|snow is mid's rating: 1675 &rarr; <strong>1699<\/strong><br \/>(+24 for winning)\n","uploadtime":1732160743,"views":39,"formatid":"gen9vgc2024regh","rating":1699,"private":0,"password":null}