{"id":"gen9vgc2024regh-2248471298","format":"[Gen 9] VGC 2024 Reg H","players":["reg g rock","zip520520"],"log":"|j|\u2606reg g rock\n|j|\u2606zip520520\n|t:|1732217619\n|gametype|doubles\n|player|p1|reg g rock|grusha|1685\n|player|p2|zip520520|170|1848\n|teamsize|p1|6\n|teamsize|p2|6\n|gen|9\n|tier|[Gen 9] VGC 2024 Reg H\n|rated|\n|rule|Species Clause: Limit one of each Pok\u00e9mon\n|rule|Item Clause: Limit 1 of each item\n|clearpoke\n|poke|p1|Garchomp, L50, M|\n|poke|p1|Jumpluff, L50, M|\n|poke|p1|Torkoal, L50, M|\n|poke|p1|Dragonite, L50, F|\n|poke|p1|Kingambit, L50, F|\n|poke|p1|Typhlosion-Hisui, L50, M|\n|poke|p2|Gholdengo, L50|\n|poke|p2|Garchomp, L50, M|\n|poke|p2|Glimmora, L50, M|\n|poke|p2|Tyranitar, L50, F|\n|poke|p2|Primarina, L50, M|\n|poke|p2|Sinistcha, L50|\n|teampreview|4\n|inactive|Battle timer is ON: inactive players will automatically lose when time's up. (requested by reg g rock)\n|inactive|reg g rock has 60 seconds left.\n|inactive|zip520520 has 60 seconds left.\n|\n|t:|1732217661\n|start\n|switch|p1a: Jumpluff|Jumpluff, L50, M|100\/100\n|switch|p1b: Garchomp|Garchomp, L50, M|100\/100\n|switch|p2a: Gholdengo|Gholdengo, L50|100\/100\n|switch|p2b: Glimmora|Glimmora, L50, M|100\/100\n|turn|1\n|\n|t:|1732217685\n|-terastallize|p2a: Gholdengo|Fairy\n|move|p2a: Gholdengo|Dazzling Gleam|p1a: Jumpluff|[spread] p1a,p1b\n|-supereffective|p1b: Garchomp\n|-damage|p1a: Jumpluff|68\/100\n|-damage|p1b: Garchomp|35\/100\n|move|p1a: Jumpluff|Tailwind|p1a: Jumpluff\n|-sidestart|p1: reg g rock|move: Tailwind\n|move|p1b: Garchomp|Earthquake|p2b: Glimmora|[spread] p2a,p2b\n|-immune|p1a: Jumpluff\n|-supereffective|p2b: Glimmora\n|-damage|p2a: Gholdengo|47\/100\n|-enditem|p2b: Glimmora|Focus Sash\n|-damage|p2b: Glimmora|1\/100\n|-activate|p2b: Glimmora|ability: Toxic Debris\n|-sidestart|p1: reg g rock|move: Toxic Spikes\n|-damage|p1b: Garchomp|25\/100|[from] item: Life Orb\n|move|p2b: Glimmora|Sludge Bomb|p1a: Jumpluff\n|-supereffective|p1a: Jumpluff\n|-damage|p1a: Jumpluff|0 fnt\n|faint|p1a: Jumpluff\n|\n|upkeep\n|\n|t:|1732217698\n|switch|p1a: Kingambit|Kingambit, L50, F|100\/100\n|turn|2\n|inactive|reg g rock has 30 seconds left.\n|inactive|zip520520 has 30 seconds left.\n|\n|t:|1732217724\n|switch|p2b: Sinistcha|Sinistcha, L50|100\/100\n|-heal|p2a: Gholdengo|72\/100|[from] ability: Hospitality|[of] p2b: Sinistcha\n|move|p1b: Garchomp|Stomping Tantrum|p2a: Gholdengo\n|-damage|p2a: Gholdengo|14\/100\n|-damage|p1b: Garchomp|16\/100|[from] item: Life Orb\n|move|p2a: Gholdengo|Dazzling Gleam|p1a: Kingambit|[spread] p1a,p1b\n|-supereffective|p1b: Garchomp\n|-damage|p1a: Kingambit|78\/100\n|-damage|p1b: Garchomp|0 fnt\n|faint|p1b: Garchomp\n|move|p1a: Kingambit|Assurance|p2b: Sinistcha\n|-supereffective|p2b: Sinistcha\n|-damage|p2b: Sinistcha|35\/100\n|-enditem|p2b: Sinistcha|Sitrus Berry|[eat]\n|-heal|p2b: Sinistcha|60\/100|[from] item: Sitrus Berry\n|\n|upkeep\n|\n|t:|1732217730\n|switch|p1b: Dragonite|Dragonite, L50, F|100\/100\n|turn|3\n|inactive|zip520520 has 30 seconds left.\n|inactive|zip520520 has 20 seconds left.\n|\n|t:|1732217770\n|move|p1b: Dragonite|Extreme Speed|p2a: Gholdengo\n|-damage|p2a: Gholdengo|0 fnt\n|faint|p2a: Gholdengo\n|move|p2b: Sinistcha|Rage Powder|p2b: Sinistcha\n|-singleturn|p2b: Sinistcha|move: Rage Powder\n|move|p1a: Kingambit|Assurance|p2b: Sinistcha\n|-supereffective|p2b: Sinistcha\n|-damage|p2b: Sinistcha|0 fnt\n|faint|p2b: Sinistcha\n|\n|upkeep\n|\n|t:|1732217782\n|switch|p2a: Tyranitar|Tyranitar, L50, F|100\/100\n|switch|p2b: Glimmora|Glimmora, L50, M|1\/100\n|-weather|Sandstorm|[from] ability: Sand Stream|[of] p2a: Tyranitar\n|turn|4\n|\n|t:|1732217797\n|-terastallize|p1b: Dragonite|Fairy\n|move|p2b: Glimmora|Spiky Shield|p2b: Glimmora\n|-singleturn|p2b: Glimmora|move: Protect\n|move|p1b: Dragonite|Scale Shot|p2a: Tyranitar\n|-crit|p2a: Tyranitar\n|-damage|p2a: Tyranitar|81\/100\n|-damage|p2a: Tyranitar|68\/100\n|-damage|p2a: Tyranitar|57\/100\n|-damage|p2a: Tyranitar|45\/100\n|-hitcount|p2a: Tyranitar|4\n|-unboost|p1b: Dragonite|def|1\n|-boost|p1b: Dragonite|spe|1\n|move|p1a: Kingambit|Iron Head|p2a: Tyranitar\n|-supereffective|p2a: Tyranitar\n|-damage|p2a: Tyranitar|0 fnt\n|faint|p2a: Tyranitar\n|\n|-weather|Sandstorm|[upkeep]\n|-damage|p1b: Dragonite|95\/100|[from] Sandstorm\n|-sideend|p1: reg g rock|move: Tailwind\n|upkeep\n|turn|5\n|-message|zip520520 forfeited.\n|\n|win|reg g rock\n|raw|reg g rock's rating: 1685 &rarr; <strong>1714<\/strong><br \/>(+29 for winning)\n|raw|zip520520's rating: 1848 &rarr; <strong>1819<\/strong><br \/>(-29 for losing)\n|l|\u2606zip520520\n|player|p2|\n|l|\u2606reg g rock\n|player|p1|\n","uploadtime":1732217952,"views":12,"formatid":"gen9vgc2024regh","rating":1714,"private":0,"password":null}