{"id":"gen9vgc2024regh-2248488904","format":"[Gen 9] VGC 2024 Reg H","players":["Brave12223","CarryTheBoats"],"log":"|j|\u2606Brave12223\n|j|\u2606CarryTheBoats\n|t:|1732219308\n|gametype|doubles\n|player|p1|Brave12223|colress|1660\n|player|p2|CarryTheBoats|crasherwake|1761\n|teamsize|p1|6\n|teamsize|p2|6\n|gen|9\n|tier|[Gen 9] VGC 2024 Reg H\n|rated|\n|rule|Species Clause: Limit one of each Pok\u00e9mon\n|rule|Item Clause: Limit 1 of each item\n|clearpoke\n|poke|p1|Tyranitar, L50, F|\n|poke|p1|Gastrodon, L50, M|\n|poke|p1|Garchomp, L50, M|\n|poke|p1|Talonflame, L50, M|\n|poke|p1|Tsareena, L50, F|\n|poke|p1|Kingambit, L50, M|\n|poke|p2|Dragonite, L50, F|\n|poke|p2|Sneasler, L50, M|\n|poke|p2|Indeedee, L50, M|\n|poke|p2|Electabuzz, L50, F|\n|poke|p2|Ursaluna-Bloodmoon, L50, M|\n|poke|p2|Talonflame, L50, M|\n|teampreview|4\n|inactive|Battle timer is ON: inactive players will automatically lose when time's up. (requested by Brave12223)\n|inactive|Brave12223 has 60 seconds left.\n|inactive|Brave12223 has 30 seconds left.\n|\n|t:|1732219375\n|start\n|switch|p1a: Talonflame|Talonflame, L50, M|100\/100\n|switch|p1b: Garchomp|Garchomp, L50, M|100\/100\n|switch|p2a: Indeedee|Indeedee, L50, M|100\/100\n|switch|p2b: Sneasler|Sneasler, L50, M|100\/100\n|-fieldstart|move: Psychic Terrain|[from] ability: Psychic Surge|[of] p2a: Indeedee\n|-enditem|p2b: Sneasler|Psychic Seed\n|-boost|p2b: Sneasler|spd|1|[from] item: Psychic Seed\n|turn|1\n|inactive|Brave12223 has 30 seconds left.\n|inactive|Brave12223 has 20 seconds left.\n|\n|t:|1732219411\n|move|p1a: Talonflame|Tailwind|p1a: Talonflame\n|-sidestart|p1: Brave12223|move: Tailwind\n|move|p2b: Sneasler|Close Combat|p1b: Garchomp\n|-damage|p1b: Garchomp|39\/100\n|-unboost|p2b: Sneasler|def|1\n|-unboost|p2b: Sneasler|spd|1\n|move|p1b: Garchomp|Earthquake|p2a: Indeedee|[spread] p2a,p2b\n|-immune|p1a: Talonflame\n|-supereffective|p2b: Sneasler\n|-enditem|p2a: Indeedee|Focus Sash\n|-damage|p2a: Indeedee|1\/100\n|-damage|p2b: Sneasler|0 fnt\n|faint|p2b: Sneasler\n|move|p2a: Indeedee|Trick Room|p2a: Indeedee\n|-fieldstart|move: Trick Room|[of] p2a: Indeedee\n|\n|upkeep\n|\n|t:|1732219414\n|switch|p2b: Ursaluna|Ursaluna-Bloodmoon, L50, M|100\/100\n|turn|2\n|\n|t:|1732219433\n|move|p2b: Ursaluna|Earth Power|p1a: Talonflame\n|-immune|p1a: Talonflame\n|move|p2a: Indeedee|Expanding Force|p1a: Talonflame|[spread] p1a,p1b\n|-damage|p1a: Talonflame|37\/100\n|-damage|p1b: Garchomp|0 fnt\n|faint|p1b: Garchomp\n|move|p1a: Talonflame|Will-O-Wisp|p2a: Indeedee\n|-status|p2a: Indeedee|brn\n|\n|-damage|p2a: Indeedee|0 fnt|[from] brn\n|faint|p2a: Indeedee\n|upkeep\n|\n|t:|1732219440\n|switch|p1b: Tyranitar|Tyranitar, L50, F|100\/100\n|switch|p2a: Talonflame|Talonflame, L50, M|100\/100\n|-weather|Sandstorm|[from] ability: Sand Stream|[of] p1b: Tyranitar\n|turn|3\n|inactive|Brave12223 has 30 seconds left.\n|j| kyo9t\n|\n|t:|1732219475\n|switch|p1a: Tsareena|Tsareena, L50, F|100\/100\n|-terastallize|p1b: Tyranitar|Flying\n|move|p2a: Talonflame|Dual Wingbeat||[still]\n|cant|p1a: Tsareena|ability: Queenly Majesty|Dual Wingbeat|[of] p2a: Talonflame\n|move|p2b: Ursaluna|Earth Power|p1b: Tyranitar\n|-immune|p1b: Tyranitar\n|move|p1b: Tyranitar|Rock Slide|p2b: Ursaluna|[spread] p2a\n|-miss|p1b: Tyranitar|p2b: Ursaluna\n|-supereffective|p2a: Talonflame\n|-damage|p2a: Talonflame|0 fnt\n|faint|p2a: Talonflame\n|\n|-weather|Sandstorm|[upkeep]\n|-damage|p1b: Tyranitar|94\/100|[from] Sandstorm\n|-damage|p1a: Tsareena|94\/100|[from] Sandstorm\n|upkeep\n|turn|4\n|\n|t:|1732219488\n|-terastallize|p2b: Ursaluna|Normal\n|move|p1b: Tyranitar|Protect|p1b: Tyranitar\n|-singleturn|p1b: Tyranitar|Protect\n|move|p1a: Tsareena|Protect|p1a: Tsareena\n|-singleturn|p1a: Tsareena|Protect\n|move|p2b: Ursaluna|Blood Moon|p1b: Tyranitar\n|-activate|p1b: Tyranitar|move: Protect\n|\n|-weather|Sandstorm|[upkeep]\n|-damage|p2b: Ursaluna|95\/100|[from] Sandstorm\n|-damage|p1b: Tyranitar|88\/100|[from] Sandstorm\n|-damage|p1a: Tsareena|88\/100|[from] Sandstorm\n|-sideend|p1: Brave12223|move: Tailwind\n|upkeep\n|turn|5\n|\n|t:|1732219496\n|switch|p1a: Talonflame|Talonflame, L50, M|37\/100\n|move|p2b: Ursaluna|Protect|p2b: Ursaluna\n|-singleturn|p2b: Ursaluna|Protect\n|move|p1b: Tyranitar|Knock Off|p2b: Ursaluna\n|-activate|p2b: Ursaluna|move: Protect\n|\n|-weather|Sandstorm|[upkeep]\n|-damage|p2b: Ursaluna|89\/100|[from] Sandstorm\n|-damage|p1b: Tyranitar|82\/100|[from] Sandstorm\n|-fieldend|move: Trick Room\n|-fieldend|move: Psychic Terrain\n|upkeep\n|turn|6\n|\n|t:|1732219500\n|move|p1a: Talonflame|Brave Bird|p2b: Ursaluna\n|-damage|p2b: Ursaluna|57\/100\n|-damage|p1a: Talonflame|26\/100|[from] Recoil\n|move|p1b: Tyranitar|Knock Off|p2b: Ursaluna\n|-damage|p2b: Ursaluna|12\/100\n|-enditem|p2b: Ursaluna|Life Orb|[from] move: Knock Off|[of] p1b: Tyranitar\n|move|p2b: Ursaluna|Hyper Voice|p1a: Talonflame|[spread] p1a,p1b\n|-damage|p1a: Talonflame|0 fnt\n|-damage|p1b: Tyranitar|27\/100\n|faint|p1a: Talonflame\n|\n|-weather|Sandstorm|[upkeep]\n|-damage|p1b: Tyranitar|21\/100|[from] Sandstorm\n|-damage|p2b: Ursaluna|6\/100|[from] Sandstorm\n|upkeep\n|\n|t:|1732219502\n|switch|p1a: Tsareena|Tsareena, L50, F|88\/100\n|turn|7\n|\n|t:|1732219505\n|move|p1a: Tsareena|Protect|p1a: Tsareena\n|-singleturn|p1a: Tsareena|Protect\n|move|p1b: Tyranitar|Protect|p1b: Tyranitar\n|-singleturn|p1b: Tyranitar|Protect\n|move|p2b: Ursaluna|Hyper Voice|p1a: Tsareena|[spread] \n|-activate|p1a: Tsareena|move: Protect\n|-activate|p1b: Tyranitar|move: Protect\n|\n|-weather|none\n|upkeep\n|turn|8\n|\n|t:|1732219515\n|move|p1a: Tsareena|Triple Axel|p2b: Ursaluna\n|-damage|p2b: Ursaluna|1\/100\n|-damage|p2b: Ursaluna|0 fnt\n|faint|p2b: Ursaluna\n|-hitcount|p2: Ursaluna|2\n|\n|win|Brave12223\n|raw|Brave12223's rating: 1660 &rarr; <strong>1686<\/strong><br \/>(+26 for winning)\n|raw|CarryTheBoats's rating: 1761 &rarr; <strong>1735<\/strong><br \/>(-26 for losing)\n|l|\u2606Brave12223\n|player|p1|\n|l|\u2606CarryTheBoats\n|player|p2|\n","uploadtime":1732219757,"views":14,"formatid":"gen9vgc2024regh","rating":1686,"private":0,"password":null}