{"id":"gen9vgc2024regh-2248572956","format":"[Gen 9] VGC 2024 Reg H","players":["VGCLTH <1000ELO","spikemonkey76701"],"log":"|raw|<div class=\"broadcast-blue\"><strong>This battle is required to be public due to a player having a name starting with 'vgclth'.<\/div>\n|j|\u2606VGCLTH <1000ELO\n|j|\u2606spikemonkey76701\n|t:|1732227823\n|gametype|doubles\n|player|p1|VGCLTH <1000ELO|170|1766\n|player|p2|spikemonkey76701|swimmerf|1791\n|teamsize|p1|6\n|teamsize|p2|6\n|gen|9\n|tier|[Gen 9] VGC 2024 Reg H\n|rated|\n|rule|Species Clause: Limit one of each Pok\u00e9mon\n|rule|Item Clause: Limit 1 of each item\n|clearpoke\n|poke|p1|Dondozo, L50, M|\n|poke|p1|Tatsugiri, L50, F|\n|poke|p1|Dragonite, L50, M|\n|poke|p1|Gholdengo, L50|\n|poke|p1|Glimmora, L50, F|\n|poke|p1|Talonflame, L50, M|\n|poke|p2|Primarina, L50, M|\n|poke|p2|Pelipper, L50, F|\n|poke|p2|Ursaluna, L50, F|\n|poke|p2|Archaludon, L50, F|\n|poke|p2|Sinistcha, L50|\n|poke|p2|Sneasler, L50, F|\n|teampreview|4\n|inactive|Battle timer is ON: inactive players will automatically lose when time's up. (requested by VGCLTH <1000ELO)\n|inactive|spikemonkey76701 has 60 seconds left.\n|\n|t:|1732227864\n|start\n|switch|p1a: Talonflame|Talonflame, L50, M|100\/100\n|switch|p1b: Gholdengo|Gholdengo, L50|100\/100\n|switch|p2a: Archaludon|Archaludon, L50, F|100\/100\n|switch|p2b: Pelipper|Pelipper, L50, F|100\/100\n|-weather|RainDance|[from] ability: Drizzle|[of] p2b: Pelipper\n|turn|1\n|\n|t:|1732227879\n|move|p1a: Talonflame|Tailwind|p1a: Talonflame\n|-sidestart|p1: VGCLTH <1000ELO|move: Tailwind\n|move|p1b: Gholdengo|Shadow Ball|p2a: Archaludon\n|-damage|p2a: Archaludon|56\/100\n|-ability|p2a: Archaludon|Stamina|boost\n|-boost|p2a: Archaludon|def|1\n|move|p2b: Pelipper|Weather Ball|p1b: Gholdengo\n|-damage|p1b: Gholdengo|19\/100\n|move|p2a: Archaludon|Electro Shot||[still]\n|-prepare|p2a: Archaludon|Electro Shot\n|-boost|p2a: Archaludon|spa|1\n|-anim|p2a: Archaludon|Electro Shot|p1b: Gholdengo\n|-damage|p1b: Gholdengo|0 fnt\n|faint|p1b: Gholdengo\n|\n|-weather|RainDance|[upkeep]\n|upkeep\n|\n|t:|1732227885\n|switch|p1b: Tatsugiri|Tatsugiri, L50, F|100\/100\n|turn|2\n|\n|t:|1732227900\n|move|p1a: Talonflame|Brave Bird|p2b: Pelipper\n|-damage|p2b: Pelipper|49\/100\n|-damage|p1a: Talonflame|84\/100|[from] Recoil\n|move|p1b: Tatsugiri|Draco Meteor|p2a: Archaludon\n|-damage|p2a: Archaludon|12\/100\n|-unboost|p1b: Tatsugiri|spa|2\n|-ability|p2a: Archaludon|Stamina|boost\n|-boost|p2a: Archaludon|def|1\n|move|p2b: Pelipper|Weather Ball|p1a: Talonflame\n|-supereffective|p1a: Talonflame\n|-damage|p1a: Talonflame|0 fnt\n|faint|p1a: Talonflame\n|move|p2a: Archaludon|Electro Shot||[still]\n|-prepare|p2a: Archaludon|Electro Shot\n|-boost|p2a: Archaludon|spa|1\n|-anim|p2a: Archaludon|Electro Shot|p1b: Tatsugiri\n|-enditem|p1b: Tatsugiri|Focus Sash\n|-damage|p1b: Tatsugiri|1\/100\n|\n|-weather|RainDance|[upkeep]\n|upkeep\n|\n|t:|1732227903\n|switch|p1a: Dondozo|Dondozo, L50, M|100\/100\n|-activate|p1b: Tatsugiri|ability: Commander|[of] p1a: Dondozo\n|-boost|p1a: Dondozo|atk|2\n|-boost|p1a: Dondozo|spa|2\n|-boost|p1a: Dondozo|spe|2\n|-boost|p1a: Dondozo|def|2\n|-boost|p1a: Dondozo|spd|2\n|turn|3\n|inactive|spikemonkey76701 has 30 seconds left.\n|inactive|spikemonkey76701 has 20 seconds left.\n|\n|t:|1732227938\n|switch|p2b: Sinistcha|Sinistcha, L50|100\/100\n|-heal|p2a: Archaludon|37\/100|[from] ability: Hospitality|[of] p2b: Sinistcha\n|-terastallize|p1a: Dondozo|Grass\n|move|p1a: Dondozo|Order Up|p2b: Sinistcha\n|-damage|p2b: Sinistcha|57\/100\n|-boost|p1a: Dondozo|atk|1\n|move|p2a: Archaludon|Electro Shot||[still]\n|-prepare|p2a: Archaludon|Electro Shot\n|-boost|p2a: Archaludon|spa|1\n|-anim|p2a: Archaludon|Electro Shot|p1a: Dondozo\n|-resisted|p1a: Dondozo\n|-damage|p1a: Dondozo|89\/100\n|\n|-weather|RainDance|[upkeep]\n|-heal|p1a: Dondozo|95\/100|[from] item: Leftovers\n|upkeep\n|turn|4\n|inactive|spikemonkey76701 has 30 seconds left.\n|inactive|spikemonkey76701 has 20 seconds left.\n|\n|t:|1732227976\n|move|p1a: Dondozo|Wave Crash|p2b: Sinistcha\n|-resisted|p2b: Sinistcha\n|-damage|p2b: Sinistcha|0 fnt\n|faint|p2b: Sinistcha\n|-damage|p1a: Dondozo|80\/100|[from] Recoil\n|move|p2a: Archaludon|Draco Meteor|p1a: Dondozo|[miss]\n|-miss|p2a: Archaludon|p1a: Dondozo\n|\n|-weather|RainDance|[upkeep]\n|-heal|p1a: Dondozo|87\/100|[from] item: Leftovers\n|-sideend|p1: VGCLTH <1000ELO|move: Tailwind\n|upkeep\n|j| kyo9t\n|\n|t:|1732227998\n|switch|p2b: Primarina|Primarina, L50, M|100\/100\n|turn|5\n|\n|t:|1732228004\n|switch|p2b: Pelipper|Pelipper, L50, F|49\/100\n|move|p1a: Dondozo|Wave Crash|p2b: Pelipper\n|-resisted|p2b: Pelipper\n|-damage|p2b: Pelipper|0 fnt\n|faint|p2b: Pelipper\n|-damage|p1a: Dondozo|76\/100|[from] Recoil\n|move|p2a: Archaludon|Draco Meteor|p1a: Dondozo\n|-damage|p1a: Dondozo|44\/100\n|-unboost|p2a: Archaludon|spa|2\n|\n|-weather|none\n|-heal|p1a: Dondozo|50\/100|[from] item: Leftovers\n|upkeep\n|\n|t:|1732228017\n|switch|p2b: Primarina|Primarina, L50, M|100\/100\n|turn|6\n|\n|t:|1732228035\n|-terastallize|p2a: Archaludon|Grass\n|move|p1a: Dondozo|Earthquake|p2b: Primarina|[spread] p2a,p2b\n|-miss|p1a: Dondozo|p1b: Tatsugiri\n|-resisted|p2a: Archaludon\n|-crit|p2a: Archaludon\n|-damage|p2a: Archaludon|8\/100\n|-damage|p2b: Primarina|25\/100\n|-ability|p2a: Archaludon|Stamina|boost\n|-boost|p2a: Archaludon|def|1\n|move|p2a: Archaludon|Draco Meteor|p1a: Dondozo\n|-damage|p1a: Dondozo|15\/100\n|-unboost|p2a: Archaludon|spa|2\n|move|p2b: Primarina|Moonblast|p1a: Dondozo\n|-damage|p1a: Dondozo|0 fnt\n|faint|p1a: Dondozo\n|\n|upkeep\n|turn|7\n|\n|t:|1732228056\n|move|p1b: Tatsugiri|Muddy Water|p2b: Primarina|[spread] p2a,p2b\n|-resisted|p2a: Archaludon\n|-resisted|p2b: Primarina\n|-damage|p2a: Archaludon|2\/100\n|-damage|p2b: Primarina|19\/100\n|-ability|p2a: Archaludon|Stamina|boost\n|-boost|p2a: Archaludon|def|1\n|move|p2a: Archaludon|Flash Cannon|p1b: Tatsugiri\n|-resisted|p1b: Tatsugiri\n|-damage|p1b: Tatsugiri|0 fnt\n|faint|p1b: Tatsugiri\n|\n|win|spikemonkey76701\n|raw|VGCLTH &lt;1000ELO's rating: 1766 &rarr; <strong>1747<\/strong><br \/>(-19 for losing)\n|raw|spikemonkey76701's rating: 1791 &rarr; <strong>1810<\/strong><br \/>(+19 for winning)\n|l|\u2606VGCLTH <1000ELO\n|player|p1|\n|l|\u2606spikemonkey76701\n|player|p2|\n","uploadtime":1732228231,"views":19,"formatid":"gen9vgc2024regh","rating":1747,"private":0,"password":null}