{"id":"gen9vgc2024regh-2248554065","format":"[Gen 9] VGC 2024 Reg H","players":["Spottedwoot","zip520520"],"log":"|j|\u2606Spottedwoot\n|j|\u2606zip520520\n|t:|1732225805\n|gametype|doubles\n|player|p1|Spottedwoot|266|1796\n|player|p2|zip520520|170|1785\n|teamsize|p1|6\n|teamsize|p2|6\n|gen|9\n|tier|[Gen 9] VGC 2024 Reg H\n|rated|\n|rule|Species Clause: Limit one of each Pok\u00e9mon\n|rule|Item Clause: Limit 1 of each item\n|clearpoke\n|poke|p1|Kingambit, L50, F|\n|poke|p1|Primarina, L50, M|\n|poke|p1|Salamence, L50, F|\n|poke|p1|Gholdengo, L50|\n|poke|p1|Sneasler, L50, F|\n|poke|p1|Volcarona, L50, F|\n|poke|p2|Gholdengo, L50|\n|poke|p2|Garchomp, L50, M|\n|poke|p2|Glimmora, L50, F|\n|poke|p2|Tyranitar, L50, F|\n|poke|p2|Primarina, L50, M|\n|poke|p2|Sinistcha, L50|\n|teampreview|4\n|inactive|Battle timer is ON: inactive players will automatically lose when time's up. (requested by zip520520)\n|inactive|zip520520 has 60 seconds left.\n|inactive|zip520520 has 30 seconds left.\n|\n|t:|1732225873\n|start\n|switch|p1a: Salamence|Salamence, L50, F|100\/100\n|switch|p1b: Sneasler|Sneasler, L50, F|100\/100\n|switch|p2a: Glimmora|Glimmora, L50, F|100\/100\n|switch|p2b: Gholdengo|Gholdengo, L50|100\/100\n|-ability|p1a: Salamence|Intimidate|boost\n|-unboost|p2a: Glimmora|atk|1\n|-unboost|p2b: Gholdengo|atk|1\n|turn|1\n|\n|t:|1732225896\n|move|p1a: Salamence|Protect|p1a: Salamence\n|-singleturn|p1a: Salamence|Protect\n|move|p2b: Gholdengo|Make It Rain|p1b: Sneasler|[spread] p1b\n|-activate|p1a: Salamence|move: Protect\n|-damage|p1b: Sneasler|39\/100\n|-unboost|p2b: Gholdengo|spa|1\n|move|p1b: Sneasler|Close Combat|p2a: Glimmora\n|-damage|p2a: Glimmora|27\/100\n|-unboost|p1b: Sneasler|def|1\n|-unboost|p1b: Sneasler|spd|1\n|-activate|p2a: Glimmora|ability: Toxic Debris\n|-sidestart|p1: Spottedwoot|move: Toxic Spikes\n|move|p2a: Glimmora|Earth Power|p1b: Sneasler\n|-supereffective|p1b: Sneasler\n|-damage|p1b: Sneasler|0 fnt\n|faint|p1b: Sneasler\n|\n|upkeep\n|\n|t:|1732225903\n|switch|p1b: Kingambit|Kingambit, L50, F|100\/100\n|turn|2\n|inactive|zip520520 has 30 seconds left.\n|j| kyo9t\n|\n|t:|1732225932\n|switch|p2a: Tyranitar|Tyranitar, L50, F|100\/100\n|-weather|Sandstorm|[from] ability: Sand Stream|[of] p2a: Tyranitar\n|move|p1b: Kingambit|Sucker Punch|p2b: Gholdengo\n|-supereffective|p2b: Gholdengo\n|-crit|p2b: Gholdengo\n|-damage|p2b: Gholdengo|0 fnt\n|faint|p2b: Gholdengo\n|move|p1a: Salamence|Tailwind|p1a: Salamence\n|-sidestart|p1: Spottedwoot|move: Tailwind\n|\n|-weather|Sandstorm|[upkeep]\n|-damage|p1a: Salamence|95\/100|[from] Sandstorm\n|upkeep\n|\n|t:|1732225948\n|switch|p2b: Sinistcha|Sinistcha, L50|100\/100\n|turn|3\n|l| kyo9t\n|inactive|zip520520 has 30 seconds left.\n|\n|t:|1732225973\n|-terastallize|p2b: Sinistcha|Water\n|move|p1b: Kingambit|Protect|p1b: Kingambit\n|-singleturn|p1b: Kingambit|Protect\n|move|p1a: Salamence|Hurricane|p2b: Sinistcha|[miss]\n|-miss|p1a: Salamence|p2b: Sinistcha\n|move|p2a: Tyranitar|Rock Slide|p1b: Kingambit|[spread] p1a\n|-activate|p1b: Kingambit|move: Protect\n|-supereffective|p1a: Salamence\n|-damage|p1a: Salamence|17\/100\n|move|p2b: Sinistcha|Trick Room|p2b: Sinistcha\n|-fieldstart|move: Trick Room|[of] p2b: Sinistcha\n|\n|-weather|Sandstorm|[upkeep]\n|-damage|p2b: Sinistcha|94\/100|[from] Sandstorm\n|-damage|p1a: Salamence|11\/100|[from] Sandstorm\n|upkeep\n|turn|4\n|j| kyo9t\n|\n|t:|1732225997\n|-terastallize|p1b: Kingambit|Dark\n|move|p1a: Salamence|Protect|p1a: Salamence\n|-singleturn|p1a: Salamence|Protect\n|move|p2b: Sinistcha|Matcha Gotcha|p1a: Salamence|[spread] p1b\n|-activate|p1a: Salamence|move: Protect\n|-damage|p1b: Kingambit|77\/100\n|-heal|p2b: Sinistcha|100\/100|[from] drain|[of] p1b: Kingambit\n|move|p2a: Tyranitar|Low Kick|p1b: Kingambit\n|-supereffective|p1b: Kingambit\n|-damage|p1b: Kingambit|16\/100\n|move|p1b: Kingambit|Kowtow Cleave|p2b: Sinistcha\n|-damage|p2b: Sinistcha|47\/100\n|-enditem|p2b: Sinistcha|Sitrus Berry|[eat]\n|-heal|p2b: Sinistcha|71\/100|[from] item: Sitrus Berry\n|\n|-weather|Sandstorm|[upkeep]\n|-damage|p2b: Sinistcha|65\/100|[from] Sandstorm\n|-damage|p1a: Salamence|5\/100|[from] Sandstorm\n|upkeep\n|turn|5\n|inactive|zip520520 has 30 seconds left.\n|\n|t:|1732226022\n|switch|p2b: Glimmora|Glimmora, L50, F|27\/100\n|move|p1b: Kingambit|Sucker Punch||[still]\n|-fail|p1b: Kingambit\n|move|p2a: Tyranitar|Rock Slide|p1a: Salamence|[spread] p1a,p1b\n|-supereffective|p1a: Salamence\n|-damage|p1a: Salamence|0 fnt\n|-damage|p1b: Kingambit|0 fnt\n|faint|p1a: Salamence\n|faint|p1b: Kingambit\n|\n|-weather|Sandstorm|[upkeep]\n|-sideend|p1: Spottedwoot|move: Tailwind\n|upkeep\n|-message|Spottedwoot forfeited.\n|\n|win|zip520520\n|raw|Spottedwoot's rating: 1796 &rarr; <strong>1775<\/strong><br \/>(-21 for losing)\n|raw|zip520520's rating: 1785 &rarr; <strong>1806<\/strong><br \/>(+21 for winning)\n|l|\u2606zip520520\n|player|p2|\n|l|\u2606Spottedwoot\n|player|p1|\n|j|\u2606Spottedwoot\n|player|p1|Spottedwoot|266|\n|l| kyo9t\n","uploadtime":1732226031,"views":45,"formatid":"gen9vgc2024regh","rating":1775,"private":0,"password":null}