{"id":"gen9vgc2024regh-2248740245","format":"[Gen 9] VGC 2024 Reg H","players":["The Umpire","VGCLTH Rain"],"log":"|raw|<div class=\"broadcast-blue\"><strong>This battle is required to be public due to a player having a name starting with 'vgclth'.<\/div>\n|j|\u2606The Umpire\n|j|\u2606VGCLTH Rain\n|t:|1732249238\n|gametype|doubles\n|player|p1|The Umpire|volkner|1792\n|player|p2|VGCLTH Rain|102|1679\n|teamsize|p1|6\n|teamsize|p2|6\n|gen|9\n|tier|[Gen 9] VGC 2024 Reg H\n|rated|\n|rule|Species Clause: Limit one of each Pok\u00e9mon\n|rule|Item Clause: Limit 1 of each item\n|clearpoke\n|poke|p1|Sneasler, L50, F|\n|poke|p1|Clefairy, L50, M|\n|poke|p1|Ursaluna-Bloodmoon, L50, M|\n|poke|p1|Dragonite, L50, F|\n|poke|p1|Gholdengo, L50|\n|poke|p1|Incineroar, L50, F|\n|poke|p2|Typhlosion-Hisui, L50, F|\n|poke|p2|Glimmora, L50, F|\n|poke|p2|Grimmsnarl, L50, M|\n|poke|p2|Whimsicott, L50, F|\n|poke|p2|Ursaluna-Bloodmoon, L50, M|\n|poke|p2|Dusclops, L50, F|\n|teampreview|4\n|inactive|Battle timer is ON: inactive players will automatically lose when time's up. (requested by VGCLTH Rain)\n|\n|t:|1732249254\n|start\n|switch|p1a: Ursaluna|Ursaluna-Bloodmoon, L50, M|100\/100\n|switch|p1b: Dragonite|Dragonite, L50, F|100\/100\n|switch|p2a: Glimmora|Glimmora, L50, F|100\/100\n|switch|p2b: Grimmsnarl|Grimmsnarl, L50, M|100\/100\n|turn|1\n|j| lpsu9\n|\n|t:|1732249271\n|move|p2b: Grimmsnarl|Light Screen|p2b: Grimmsnarl\n|-sidestart|p2: VGCLTH Rain|move: Light Screen\n|move|p2a: Glimmora|Power Gem|p1b: Dragonite\n|-supereffective|p1b: Dragonite\n|-damage|p1b: Dragonite|47\/100\n|move|p1b: Dragonite|Scale Shot|p2a: Glimmora|[miss]\n|-miss|p1b: Dragonite|p2a: Glimmora\n|move|p1a: Ursaluna|Earth Power|p2a: Glimmora\n|-supereffective|p2a: Glimmora\n|-enditem|p2a: Glimmora|Focus Sash\n|-damage|p2a: Glimmora|1\/100\n|\n|upkeep\n|turn|2\n|\n|t:|1732249285\n|switch|p1b: Gholdengo|Gholdengo, L50|100\/100\n|move|p1a: Ursaluna|Vacuum Wave|p2a: Glimmora\n|-damage|p2a: Glimmora|0 fnt\n|faint|p2a: Glimmora\n|move|p2b: Grimmsnarl|Reflect|p2b: Grimmsnarl\n|-sidestart|p2: VGCLTH Rain|Reflect\n|\n|upkeep\n|\n|t:|1732249290\n|switch|p2a: Dusclops|Dusclops, L50, F|100\/100\n|-item|p1a: Ursaluna|Assault Vest|[from] ability: Frisk|[of] p2a: Dusclops\n|-item|p1b: Gholdengo|Life Orb|[from] ability: Frisk|[of] p2a: Dusclops\n|turn|3\n|\n|t:|1732249298\n|move|p1b: Gholdengo|Nasty Plot|p1b: Gholdengo\n|-boost|p1b: Gholdengo|spa|2\n|move|p1a: Ursaluna|Hyper Voice|p2a: Dusclops|[spread] p2a,p2b\n|-damage|p2a: Dusclops|88\/100\n|-damage|p2b: Grimmsnarl|82\/100\n|move|p2b: Grimmsnarl|Spirit Break|p1a: Ursaluna\n|-damage|p1a: Ursaluna|79\/100\n|-unboost|p1a: Ursaluna|spa|1\n|move|p2a: Dusclops|Trick Room|p2a: Dusclops\n|-fieldstart|move: Trick Room|[of] p2a: Dusclops\n|\n|upkeep\n|turn|4\n|j| IceFlambe\n|\n|t:|1732249313\n|move|p1b: Gholdengo|Protect|p1b: Gholdengo\n|-singleturn|p1b: Gholdengo|Protect\n|move|p2a: Dusclops|Night Shade|p1b: Gholdengo\n|-activate|p1b: Gholdengo|move: Protect\n|move|p2b: Grimmsnarl|Spirit Break|p1b: Gholdengo\n|-activate|p1b: Gholdengo|move: Protect\n|move|p1a: Ursaluna|Hyper Voice|p2a: Dusclops|[spread] p2a,p2b\n|-damage|p2a: Dusclops|80\/100\n|-damage|p2b: Grimmsnarl|69\/100\n|\n|upkeep\n|turn|5\n|\n|t:|1732249329\n|switch|p2b: Ursaluna|Ursaluna-Bloodmoon, L50, M|100\/100\n|switch|p1a: Clefairy|Clefairy, L50, M|100\/100\n|move|p2a: Dusclops|Night Shade|p1b: Gholdengo\n|-damage|p1b: Gholdengo|73\/100\n|move|p1b: Gholdengo|Shadow Ball|p2a: Dusclops\n|-supereffective|p2a: Dusclops\n|-damage|p2a: Dusclops|9\/100\n|-unboost|p2a: Dusclops|spd|1\n|-damage|p1b: Gholdengo|63\/100|[from] item: Life Orb\n|\n|upkeep\n|turn|6\n|\n|t:|1732249343\n|move|p2a: Dusclops|Helping Hand|p2b: Ursaluna\n|-singleturn|p2b: Ursaluna|Helping Hand|[of] p2a: Dusclops\n|move|p1a: Clefairy|Protect|p1a: Clefairy\n|-singleturn|p1a: Clefairy|Protect\n|move|p1b: Gholdengo|Protect|p1b: Gholdengo\n|-singleturn|p1b: Gholdengo|Protect\n|move|p2b: Ursaluna|Hyper Voice|p1b: Gholdengo|[spread] \n|-activate|p1a: Clefairy|move: Protect\n|-activate|p1b: Gholdengo|move: Protect\n|\n|upkeep\n|turn|7\n|\n|t:|1732249358\n|move|p2a: Dusclops|Helping Hand|p2b: Ursaluna\n|-singleturn|p2b: Ursaluna|Helping Hand|[of] p2a: Dusclops\n|move|p1a: Clefairy|Follow Me|p1a: Clefairy\n|-singleturn|p1a: Clefairy|move: Follow Me\n|move|p2b: Ursaluna|Earth Power|p1a: Clefairy\n|-damage|p1a: Clefairy|30\/100\n|move|p1b: Gholdengo|Make It Rain|p2b: Ursaluna|[spread] p2a,p2b\n|-damage|p2a: Dusclops|0 fnt\n|-damage|p2b: Ursaluna|10\/100\n|-unboost|p1b: Gholdengo|spa|1\n|faint|p2a: Dusclops\n|-damage|p1b: Gholdengo|53\/100|[from] item: Life Orb\n|\n|-fieldend|move: Trick Room\n|upkeep\n|-message|VGCLTH Rain forfeited.\n|\n|win|The Umpire\n|raw|The Umpire's rating: 1792 &rarr; <strong>1806<\/strong><br \/>(+14 for winning)\n|raw|VGCLTH Rain's rating: 1679 &rarr; <strong>1665<\/strong><br \/>(-14 for losing)\n|l|\u2606VGCLTH Rain\n|player|p2|\n|l|\u2606The Umpire\n|player|p1|\n|l| IceFlambe\n|j| VGCLTH R0gue\n","uploadtime":1732249592,"views":28,"formatid":"gen9vgc2024regh","rating":1665,"private":0,"password":null}