{"id":"gen9vgc2024regh-2248927661","format":"[Gen 9] VGC 2024 Reg H","players":["bigbadbirdvgc","sh0017"],"log":"|j|\u2606bigbadbirdvgc\n|j|\u203dsh0017\n|t:|1732281850\n|gametype|doubles\n|player|p1|bigbadbirdvgc|170|1695\n|player|p2|sh0017|102|1696\n|teamsize|p1|6\n|teamsize|p2|6\n|gen|9\n|tier|[Gen 9] VGC 2024 Reg H\n|rated|\n|rule|Species Clause: Limit one of each Pok\u00e9mon\n|rule|Item Clause: Limit 1 of each item\n|clearpoke\n|poke|p1|Gothitelle, L50, F|\n|poke|p1|Politoed, L50, M|\n|poke|p1|Archaludon, L50, F|\n|poke|p1|Incineroar, L50, M|\n|poke|p1|Amoonguss, L50, F|\n|poke|p1|Poliwrath, L50, M|\n|poke|p2|Sneasler, L50, F|\n|poke|p2|Indeedee, L50, M|\n|poke|p2|Garchomp, L50, M|\n|poke|p2|Gholdengo, L50|\n|poke|p2|Hydreigon, L50, F|\n|poke|p2|Drifblim, L50, M|\n|teampreview|4\n|\n|t:|1732281882\n|start\n|switch|p1a: Incineroar|Incineroar, L50, M|100\/100\n|switch|p1b: Amoonguss|Amoonguss, L50, F|100\/100\n|switch|p2a: Drifblim|Drifblim, L50, M|100\/100\n|switch|p2b: Indeedee|Indeedee, L50, M|100\/100\n|-fieldstart|move: Psychic Terrain|[from] ability: Psychic Surge|[of] p2b: Indeedee\n|-enditem|p2a: Drifblim|Psychic Seed\n|-boost|p2a: Drifblim|spd|1|[from] item: Psychic Seed\n|-ability|p1a: Incineroar|Intimidate|boost\n|-unboost|p2a: Drifblim|atk|1\n|-unboost|p2b: Indeedee|atk|1\n|turn|1\n|\n|t:|1732281900\n|-terastallize|p1b: Amoonguss|Dark\n|move|p2a: Drifblim|Shadow Ball|p1b: Amoonguss\n|-resisted|p1b: Amoonguss\n|-damage|p1b: Amoonguss|88\/100\n|move|p2b: Indeedee|Expanding Force|p1b: Amoonguss|[spread] \n|-immune|p1a: Incineroar\n|-immune|p1b: Amoonguss\n|move|p1a: Incineroar|Knock Off|p2b: Indeedee\n|-supereffective|p2b: Indeedee\n|-crit|p2b: Indeedee\n|-damage|p2b: Indeedee|0 fnt\n|-enditem|p2b: Indeedee|Choice Specs|[from] move: Knock Off|[of] p1a: Incineroar\n|faint|p2b: Indeedee\n|move|p1b: Amoonguss|Spore|p2a: Drifblim\n|-status|p2a: Drifblim|slp|[from] move: Spore\n|\n|upkeep\n|\n|t:|1732281915\n|switch|p2b: Sneasler|Sneasler, L50, F|100\/100\n|turn|2\n|\n|t:|1732281926\n|move|p1b: Amoonguss|Protect|p1b: Amoonguss\n|-singleturn|p1b: Amoonguss|Protect\n|cant|p2a: Drifblim|slp\n|move|p2b: Sneasler|Close Combat|p1b: Amoonguss\n|-activate|p1b: Amoonguss|move: Protect\n|move|p1a: Incineroar|Parting Shot|p2b: Sneasler\n|-unboost|p2b: Sneasler|atk|1\n|-unboost|p2b: Sneasler|spa|1\n|\n|t:|1732281937\n|switch|p1a: Archaludon|Archaludon, L50, F|100\/100|[from] Parting Shot\n|\n|upkeep\n|turn|3\n|\n|t:|1732281958\n|switch|p1b: Incineroar|Incineroar, L50, M|100\/100\n|-ability|p1b: Incineroar|Intimidate|boost\n|-unboost|p2a: Drifblim|atk|1\n|-unboost|p2b: Sneasler|atk|1\n|cant|p2a: Drifblim|slp\n|move|p2b: Sneasler|Close Combat|p1b: Incineroar\n|-supereffective|p1b: Incineroar\n|-enditem|p1b: Incineroar|Chople Berry|[eat]\n|-enditem|p1b: Incineroar|Chople Berry|[weaken]\n|-damage|p1b: Incineroar|71\/100\n|-unboost|p2b: Sneasler|def|1\n|-unboost|p2b: Sneasler|spd|1\n|move|p1a: Archaludon|Electro Shot||[still]\n|-prepare|p1a: Archaludon|Electro Shot\n|-boost|p1a: Archaludon|spa|1\n|-enditem|p1a: Archaludon|Power Herb\n|-anim|p1a: Archaludon|Electro Shot|p2b: Sneasler\n|-enditem|p2b: Sneasler|Focus Sash\n|-damage|p2b: Sneasler|1\/100\n|\n|upkeep\n|turn|4\n|\n|t:|1732281987\n|switch|p1b: Politoed|Politoed, L50, M|100\/100\n|-weather|RainDance|[from] ability: Drizzle|[of] p1b: Politoed\n|-terastallize|p2a: Drifblim|Fighting\n|move|p2b: Sneasler|Close Combat|p1b: Politoed\n|-damage|p1b: Politoed|73\/100\n|-unboost|p2b: Sneasler|def|1\n|-unboost|p2b: Sneasler|spd|1\n|cant|p2a: Drifblim|slp\n|move|p1a: Archaludon|Electro Shot||[still]\n|-prepare|p1a: Archaludon|Electro Shot\n|-boost|p1a: Archaludon|spa|1\n|-anim|p1a: Archaludon|Electro Shot|p2b: Sneasler\n|-damage|p2b: Sneasler|0 fnt\n|faint|p2b: Sneasler\n|\n|-weather|RainDance|[upkeep]\n|upkeep\n|\n|t:|1732282003\n|switch|p2b: Hydreigon|Hydreigon, L50, F|100\/100\n|turn|5\n|\n|t:|1732282013\n|move|p1a: Archaludon|Protect|p1a: Archaludon\n|-singleturn|p1a: Archaludon|Protect\n|-curestatus|p2a: Drifblim|slp|[msg]\n|move|p2a: Drifblim|Tera Blast|p1a: Archaludon|[anim] Tera Blast Fighting\n|-activate|p1a: Archaludon|move: Protect\n|move|p2b: Hydreigon|Dark Pulse|p1a: Archaludon\n|-activate|p1a: Archaludon|move: Protect\n|move|p1b: Politoed|Perish Song|p1b: Politoed\n|-start|p1a: Archaludon|perish3|[silent]\n|-start|p1b: Politoed|perish3|[silent]\n|-start|p2a: Drifblim|perish3|[silent]\n|-start|p2b: Hydreigon|perish3|[silent]\n|-fieldactivate|move: Perish Song\n|\n|-weather|RainDance|[upkeep]\n|-start|p2a: Drifblim|perish3\n|-start|p2b: Hydreigon|perish3\n|-start|p1a: Archaludon|perish3\n|-start|p1b: Politoed|perish3\n|-fieldend|move: Psychic Terrain\n|upkeep\n|turn|6\n|\n|t:|1732282042\n|switch|p1a: Incineroar|Incineroar, L50, M|71\/100\n|-ability|p1a: Incineroar|Intimidate|boost\n|-unboost|p2a: Drifblim|atk|1\n|-unboost|p2b: Hydreigon|atk|1\n|move|p1b: Politoed|Protect|p1b: Politoed\n|-singleturn|p1b: Politoed|Protect\n|move|p2a: Drifblim|Tera Blast|p1a: Incineroar|[anim] Tera Blast Fighting\n|-supereffective|p1a: Incineroar\n|-damage|p1a: Incineroar|14\/100\n|move|p2b: Hydreigon|Dark Pulse|p1a: Incineroar\n|-resisted|p1a: Incineroar\n|-damage|p1a: Incineroar|0 fnt\n|faint|p1a: Incineroar\n|-damage|p2b: Hydreigon|91\/100|[from] item: Life Orb\n|\n|-weather|RainDance|[upkeep]\n|-start|p2a: Drifblim|perish2\n|-start|p2b: Hydreigon|perish2\n|-start|p1b: Politoed|perish2\n|upkeep\n|\n|t:|1732282064\n|switch|p1a: Amoonguss|Amoonguss, L50, F, tera:Dark|100\/100\n|turn|7\n|\n|t:|1732282075\n|switch|p1b: Archaludon|Archaludon, L50, F|100\/100\n|move|p1a: Amoonguss|Rage Powder|p1a: Amoonguss\n|-singleturn|p1a: Amoonguss|move: Rage Powder\n|move|p2a: Drifblim|Tera Blast|p1a: Amoonguss|[anim] Tera Blast Fighting\n|-supereffective|p1a: Amoonguss\n|-crit|p1a: Amoonguss\n|-damage|p1a: Amoonguss|20\/100\n|move|p2b: Hydreigon|Dark Pulse|p1a: Amoonguss\n|-resisted|p1a: Amoonguss\n|-damage|p1a: Amoonguss|0 fnt\n|faint|p1a: Amoonguss\n|-damage|p2b: Hydreigon|81\/100|[from] item: Life Orb\n|\n|-weather|RainDance|[upkeep]\n|-start|p2a: Drifblim|perish1\n|-start|p2b: Hydreigon|perish1\n|upkeep\n|\n|t:|1732282090\n|switch|p1a: Politoed|Politoed, L50, M|73\/100\n|turn|8\n|\n|t:|1732282096\n|move|p1b: Archaludon|Protect|p1b: Archaludon\n|-singleturn|p1b: Archaludon|Protect\n|move|p1a: Politoed|Protect|p1a: Politoed\n|-singleturn|p1a: Politoed|Protect\n|move|p2a: Drifblim|Haze|p2a: Drifblim\n|-clearallboost\n|move|p2b: Hydreigon|Draco Meteor|p1b: Archaludon\n|-activate|p1b: Archaludon|move: Protect\n|\n|-weather|none\n|-start|p2a: Drifblim|perish0\n|-start|p2b: Hydreigon|perish0\n|faint|p2a: Drifblim\n|faint|p2b: Hydreigon\n|\n|win|bigbadbirdvgc\n|upkeep\n|raw|bigbadbirdvgc's rating: 1695 &rarr; <strong>1715<\/strong><br \/>(+20 for winning)\n|raw|sh0017's rating: 1696 &rarr; <strong>1676<\/strong><br \/>(-20 for losing)\n|l|\u203dsh0017\n|player|p2|\n|l|\u2606bigbadbirdvgc\n|player|p1|\n","uploadtime":1732282237,"views":11,"formatid":"gen9vgc2024regh","rating":1676,"private":0,"password":null}