{"id":"gen9vgc2024regh-2248195365","format":"[Gen 9] VGC 2024 Reg H","players":["TheOnlyFizzo","zip520520"],"log":"|j|\u2606TheOnlyFizzo\n|j|\u2606zip520520\n|t:|1732188376\n|gametype|doubles\n|player|p1|TheOnlyFizzo|265|1697\n|player|p2|zip520520|265|1767\n|teamsize|p1|6\n|teamsize|p2|6\n|gen|9\n|tier|[Gen 9] VGC 2024 Reg H\n|rated|\n|rule|Species Clause: Limit one of each Pok\u00e9mon\n|rule|Item Clause: Limit 1 of each item\n|clearpoke\n|poke|p1|Sneasler, L50, M|\n|poke|p1|Indeedee, L50, M|\n|poke|p1|Gholdengo, L50|\n|poke|p1|Murkrow, L50, M|\n|poke|p1|Ursaluna, L50, F|\n|poke|p1|Zoroark-Hisui, L50, M|\n|poke|p2|Volcarona, L50, F|\n|poke|p2|Sneasler, L50, M|\n|poke|p2|Garchomp, L50, F|\n|poke|p2|Whimsicott, L50, F|\n|poke|p2|Kingambit, L50, M|\n|poke|p2|Amoonguss, L50, M|\n|teampreview|4\n|inactive|Battle timer is ON: inactive players will automatically lose when time's up. (requested by zip520520)\n|j| lanlanc2\n|inactive|TheOnlyFizzo has 60 seconds left.\n|inactive|TheOnlyFizzo has 30 seconds left.\n|inactive|TheOnlyFizzo has 20 seconds left.\n|\n|t:|1732188448\n|start\n|switch|p1a: Murkrow|Murkrow, L50, M|100\/100\n|switch|p1b: Ursaluna|Ursaluna, L50, F|100\/100\n|switch|p2a: Whimsicott|Whimsicott, L50, F|100\/100\n|switch|p2b: Volcarona|Volcarona, L50, F|100\/100\n|turn|1\n|inactive|TheOnlyFizzo has 30 seconds left.\n|\n|t:|1732188476\n|-terastallize|p2b: Volcarona|Fire\n|move|p1b: Ursaluna|Protect|p1b: Ursaluna\n|-singleturn|p1b: Ursaluna|Protect\n|move|p2a: Whimsicott|Sunny Day|p2a: Whimsicott\n|-weather|SunnyDay\n|move|p1a: Murkrow|Rain Dance|p1a: Murkrow\n|-weather|RainDance\n|move|p2b: Volcarona|Heat Wave|p1b: Ursaluna|[spread] p1a\n|-activate|p1b: Ursaluna|move: Protect\n|-damage|p1a: Murkrow|74\/100\n|-status|p1a: Murkrow|brn\n|\n|-weather|RainDance|[upkeep]\n|-damage|p1a: Murkrow|68\/100 brn|[from] brn\n|-status|p1b: Ursaluna|brn|[from] item: Flame Orb\n|upkeep\n|turn|2\n|inactive|TheOnlyFizzo has 30 seconds left.\n|inactive|zip520520 has 30 seconds left.\n|inactive|TheOnlyFizzo has 20 seconds left.\n|inactive|zip520520 has 20 seconds left.\n|inactive|TheOnlyFizzo has 15 seconds left.\n|inactive|zip520520 has 15 seconds left.\n|\n|t:|1732188521\n|switch|p2b: Garchomp|Garchomp, L50, F|100\/100\n|move|p2a: Whimsicott|Tailwind|p2a: Whimsicott\n|-sidestart|p2: zip520520|move: Tailwind\n|move|p1a: Murkrow|Tailwind|p1a: Murkrow\n|-sidestart|p1: TheOnlyFizzo|move: Tailwind\n|move|p1b: Ursaluna|Facade|p2b: Garchomp\n|-damage|p2b: Garchomp|0 fnt\n|-damage|p1b: Ursaluna|88\/100 brn|[from] ability: Rough Skin|[of] p2b: Garchomp\n|faint|p2b: Garchomp\n|\n|-weather|RainDance|[upkeep]\n|-damage|p1a: Murkrow|62\/100 brn|[from] brn\n|-damage|p1b: Ursaluna|82\/100 brn|[from] brn\n|upkeep\n|\n|t:|1732188539\n|switch|p2b: Sneasler|Sneasler, L50, M|100\/100\n|turn|3\n|inactive|TheOnlyFizzo has 30 seconds left.\n|\n|t:|1732188569\n|-terastallize|p1b: Ursaluna|Ghost\n|move|p2b: Sneasler|Protect|p2b: Sneasler\n|-singleturn|p2b: Sneasler|Protect\n|move|p2a: Whimsicott|Moonblast|p1a: Murkrow\n|-supereffective|p1a: Murkrow\n|-damage|p1a: Murkrow|3\/100 brn\n|move|p1a: Murkrow|Foul Play|p2b: Sneasler\n|-activate|p2b: Sneasler|move: Protect\n|move|p1b: Ursaluna|Earthquake|p2b: Sneasler|[spread] p2a\n|-activate|p2b: Sneasler|move: Protect\n|-immune|p1a: Murkrow\n|-resisted|p2a: Whimsicott\n|-damage|p2a: Whimsicott|74\/100\n|\n|-weather|RainDance|[upkeep]\n|-damage|p1a: Murkrow|0 fnt|[from] brn\n|faint|p1a: Murkrow\n|-damage|p1b: Ursaluna|76\/100 brn|[from] brn\n|upkeep\n|inactive|TheOnlyFizzo has 30 seconds left.\n|inactive|TheOnlyFizzo has 20 seconds left.\n|inactive|TheOnlyFizzo has 15 seconds left.\n|inactive|TheOnlyFizzo has 10 seconds left.\n|inactive|TheOnlyFizzo has 5 seconds left.\n|\n|t:|1732188620\n|switch|p1a: Sneasler|Sneasler, L50, M|100\/100\n|turn|4\n|\n|t:|1732188643\n|move|p2a: Whimsicott|Sunny Day|p2a: Whimsicott\n|-weather|SunnyDay\n|move|p1a: Sneasler|Dire Claw|p2a: Whimsicott\n|-supereffective|p2a: Whimsicott\n|-damage|p2a: Whimsicott|0 fnt\n|faint|p2a: Whimsicott\n|move|p2b: Sneasler|Dire Claw|p1a: Sneasler\n|-resisted|p1a: Sneasler\n|-damage|p1a: Sneasler|62\/100\n|-status|p1a: Sneasler|slp\n|move|p1b: Ursaluna|Facade|p2b: Sneasler\n|-damage|p2b: Sneasler|0 fnt\n|faint|p2b: Sneasler\n|\n|-weather|SunnyDay|[upkeep]\n|-damage|p1b: Ursaluna|70\/100 brn|[from] brn\n|upkeep\n|\n|t:|1732188661\n|switch|p2a: Volcarona|Volcarona, L50, F, tera:Fire|100\/100\n|turn|5\n|\n|t:|1732188685\n|move|p1b: Ursaluna|Protect|p1b: Ursaluna\n|-singleturn|p1b: Ursaluna|Protect\n|move|p2a: Volcarona|Heat Wave|p1a: Sneasler|[spread] p1a\n|-activate|p1b: Ursaluna|move: Protect\n|-damage|p1a: Sneasler|0 fnt\n|faint|p1a: Sneasler\n|\n|-weather|SunnyDay|[upkeep]\n|-damage|p1b: Ursaluna|64\/100 brn|[from] brn\n|-sideend|p2: zip520520|move: Tailwind\n|-sideend|p1: TheOnlyFizzo|move: Tailwind\n|upkeep\n|j| thelasttheorem\n|\n|t:|1732188697\n|switch|p1a: Indeedee|Indeedee, L50, M|100\/100\n|-fieldstart|move: Psychic Terrain|[from] ability: Psychic Surge|[of] p1a: Indeedee\n|turn|6\n|\n|t:|1732188721\n|move|p2a: Volcarona|Heat Wave|p1b: Ursaluna|[spread] p1a,p1b\n|-enditem|p1a: Indeedee|Focus Sash\n|-damage|p1a: Indeedee|1\/100\n|-damage|p1b: Ursaluna|0 fnt\n|faint|p1b: Ursaluna\n|move|p1a: Indeedee|Expanding Force|p2a: Volcarona\n|-damage|p2a: Volcarona|15\/100\n|\n|-weather|SunnyDay|[upkeep]\n|upkeep\n|turn|7\n|\n|t:|1732188741\n|move|p2a: Volcarona|Heat Wave|p1a: Indeedee\n|-damage|p1a: Indeedee|0 fnt\n|faint|p1a: Indeedee\n|\n|win|zip520520\n|raw|TheOnlyFizzo's rating: 1697 &rarr; <strong>1681<\/strong><br \/>(-16 for losing)\n|raw|zip520520's rating: 1767 &rarr; <strong>1783<\/strong><br \/>(+16 for winning)\n|l|\u2606TheOnlyFizzo\n|player|p1|\n|l|\u2606zip520520\n|player|p2|\n|l| thelasttheorem\n|l| lanlanc2\n","uploadtime":1732188985,"views":15,"formatid":"gen9vgc2024regh","rating":1681,"private":0,"password":null}