{"id":"gen9vgc2024regh-2248603301","format":"[Gen 9] VGC 2024 Reg H","players":["VGCLTHTornsEnjoyer","Hax reliant 5"],"log":"|raw|<div class=\"broadcast-blue\"><strong>This battle is required to be public due to a player having a name starting with 'vgclth'.<\/div>\n|j|\u2606VGCLTHTornsEnjoyer\n|j|\u2606Hax reliant 5\n|t:|1732231281\n|gametype|doubles\n|player|p1|VGCLTHTornsEnjoyer|turo|1677\n|player|p2|Hax reliant 5|169|1773\n|teamsize|p1|6\n|teamsize|p2|6\n|gen|9\n|tier|[Gen 9] VGC 2024 Reg H\n|rated|\n|rule|Species Clause: Limit one of each Pok\u00e9mon\n|rule|Item Clause: Limit 1 of each item\n|clearpoke\n|poke|p1|Gholdengo, L50|\n|poke|p1|Grimmsnarl, L50, M|\n|poke|p1|Whimsicott, L50, F|\n|poke|p1|Ursaluna-Bloodmoon, L50, M|\n|poke|p1|Dragonite, L50, F|\n|poke|p1|Annihilape, L50, F|\n|poke|p2|Sableye, L50, F|\n|poke|p2|Sinistcha-Masterpiece, L50|\n|poke|p2|Archaludon, L50, M|\n|poke|p2|Whimsicott, L50, M|\n|poke|p2|Pelipper, L50, M|\n|poke|p2|Annihilape, L50, M|\n|teampreview|4\n|inactive|Battle timer is ON: inactive players will automatically lose when time's up. (requested by VGCLTHTornsEnjoyer)\n|\n|t:|1732231300\n|start\n|switch|p1a: Gholdengo|Gholdengo, L50|100\/100\n|switch|p1b: Whimsicott|Whimsicott, L50, F|100\/100\n|switch|p2a: Annihilape|Annihilape, L50, M|100\/100\n|switch|p2b: Whimsicott|Whimsicott, L50, M|100\/100\n|turn|1\n|\n|t:|1732231324\n|-terastallize|p1a: Gholdengo|Steel\n|move|p2b: Whimsicott|Taunt|p1b: Whimsicott\n|-start|p1b: Whimsicott|move: Taunt\n|cant|p1b: Whimsicott|move: Taunt|Tailwind\n|move|p2a: Annihilape|Rage Fist|p1a: Gholdengo\n|-damage|p1a: Gholdengo|75\/100\n|move|p1a: Gholdengo|Make It Rain|p2b: Whimsicott|[spread] p2a,p2b\n|-supereffective|p2b: Whimsicott\n|-damage|p2a: Annihilape|3\/100\n|-enditem|p2b: Whimsicott|Focus Sash\n|-damage|p2b: Whimsicott|1\/100\n|-unboost|p1a: Gholdengo|spa|1\n|-enditem|p2a: Annihilape|Sitrus Berry|[eat]\n|-heal|p2a: Annihilape|28\/100|[from] item: Sitrus Berry\n|\n|upkeep\n|turn|2\n|c|\u2606Hax reliant 5|holy fuck!!!!\n|c|\u2606VGCLTHTornsEnjoyer|damage\n|inactive|Hax reliant 5 has 30 seconds left.\n|\n|t:|1732231352\n|switch|p1b: Dragonite|Dragonite, L50, F|100\/100\n|switch|p1a: Annihilape|Annihilape, L50, F|100\/100\n|-terastallize|p2a: Annihilape|Normal\n|move|p2b: Whimsicott|Tailwind|p2b: Whimsicott\n|-sidestart|p2: Hax reliant 5|move: Tailwind\n|move|p2a: Annihilape|Drain Punch|p1a: Annihilape\n|-immune|p1a: Annihilape\n|\n|upkeep\n|turn|3\n|inactive|VGCLTHTornsEnjoyer has 30 seconds left.\n|c|\u2606Hax reliant 5|well played\n|\n|t:|1732231386\n|switch|p2b: Sinistcha|Sinistcha-Masterpiece, L50|100\/100\n|-heal|p2a: Annihilape|53\/100|[from] ability: Hospitality|[of] p2b: Sinistcha\n|move|p1b: Dragonite|Extreme Speed|p2b: Sinistcha\n|-immune|p2b: Sinistcha\n|move|p2a: Annihilape|Rage Fist|p1a: Annihilape\n|-supereffective|p1a: Annihilape\n|-damage|p1a: Annihilape|14\/100\n|move|p1a: Annihilape|U-turn|p2b: Sinistcha\n|-damage|p2b: Sinistcha|83\/100\n|\n|t:|1732231391\n|switch|p1a: Whimsicott|Whimsicott, L50, F|100\/100|[from] U-turn\n|\n|upkeep\n|turn|4\n|inactive|Hax reliant 5 has 30 seconds left.\n|\n|t:|1732231424\n|switch|p2a: Archaludon|Archaludon, L50, M|100\/100\n|switch|p1b: Annihilape|Annihilape, L50, F|14\/100\n|move|p1a: Whimsicott|Fake Tears|p2b: Sinistcha\n|-unboost|p2b: Sinistcha|spd|2\n|move|p2b: Sinistcha|Shadow Ball|p1b: Annihilape\n|-supereffective|p1b: Annihilape\n|-damage|p1b: Annihilape|0 fnt\n|faint|p1b: Annihilape\n|\n|upkeep\n|\n|t:|1732231441\n|switch|p1b: Gholdengo|Gholdengo, L50, tera:Steel|75\/100\n|turn|5\n|inactive|Hax reliant 5 has 30 seconds left.\n|inactive|Hax reliant 5 has 20 seconds left.\n|\n|t:|1732231481\n|switch|p2b: Annihilape|Annihilape, L50, M, tera:Normal|53\/100\n|move|p1a: Whimsicott|Tailwind|p1a: Whimsicott\n|-sidestart|p1: VGCLTHTornsEnjoyer|move: Tailwind\n|move|p2a: Archaludon|Snarl|p1a: Whimsicott|[spread] p1a,p1b\n|-resisted|p1a: Whimsicott\n|-damage|p1a: Whimsicott|91\/100\n|-damage|p1b: Gholdengo|61\/100\n|-unboost|p1b: Gholdengo|spa|1\n|move|p1b: Gholdengo|Make It Rain|p2a: Archaludon|[spread] p2a,p2b\n|-resisted|p2a: Archaludon\n|-damage|p2a: Archaludon|70\/100\n|-damage|p2b: Annihilape|0 fnt\n|-unboost|p1b: Gholdengo|spa|1\n|-ability|p2a: Archaludon|Stamina|boost\n|-boost|p2a: Archaludon|def|1\n|faint|p2b: Annihilape\n|\n|-sideend|p2: Hax reliant 5|move: Tailwind\n|upkeep\n|\n|t:|1732231495\n|switch|p2b: Whimsicott|Whimsicott, L50, M|1\/100\n|turn|6\n|\n|t:|1732231502\n|move|p1a: Whimsicott|Fake Tears|p2a: Archaludon\n|-unboost|p2a: Archaludon|spd|2\n|move|p2b: Whimsicott|Tailwind|p2b: Whimsicott\n|-sidestart|p2: Hax reliant 5|move: Tailwind\n|move|p2a: Archaludon|Body Press|p1b: Gholdengo\n|-supereffective|p1b: Gholdengo\n|-damage|p1b: Gholdengo|0 fnt\n|faint|p1b: Gholdengo\n|\n|upkeep\n|\n|t:|1732231507\n|switch|p1b: Dragonite|Dragonite, L50, F|100\/100\n|turn|7\n|c|\u2606VGCLTHTornsEnjoyer|gg wp\n|c|\u2606VGCLTHTornsEnjoyer|probably over now\n|\n|t:|1732231529\n|move|p2b: Whimsicott|Encore|p1a: Whimsicott\n|-start|p1a: Whimsicott|Encore\n|move|p1a: Whimsicott|Fake Tears|p2a: Archaludon\n|-unboost|p2a: Archaludon|spd|2\n|move|p2a: Archaludon|Flash Cannon|p1a: Whimsicott\n|-supereffective|p1a: Whimsicott\n|-damage|p1a: Whimsicott|0 fnt\n|faint|p1a: Whimsicott\n|move|p1b: Dragonite|Outrage|p2b: Whimsicott\n|-immune|p2b: Whimsicott\n|\n|upkeep\n|turn|8\n|-message|VGCLTHTornsEnjoyer forfeited.\n|\n|win|Hax reliant 5\n|raw|VGCLTHTornsEnjoyer's rating: 1677 &rarr; <strong>1662<\/strong><br \/>(-15 for losing)\n|raw|Hax reliant 5's rating: 1773 &rarr; <strong>1788<\/strong><br \/>(+15 for winning)\n|l|\u2606VGCLTHTornsEnjoyer\n|player|p1|\n|c|\u2606Hax reliant 5|gg buddy\n","uploadtime":1732231548,"views":56,"formatid":"gen9vgc2024regh","rating":1662,"private":0,"password":null}