{"id":"gen9vgc2024regh-2248479543","format":"[Gen 9] VGC 2024 Reg H","players":["VGCLTH <1000ELO","zip520520"],"log":"|raw|<div class=\"broadcast-blue\"><strong>This battle is required to be public due to a player having a name starting with 'vgclth'.<\/div>\n|j|\u2606VGCLTH <1000ELO\n|j|\u2606zip520520\n|t:|1732218388\n|gametype|doubles\n|player|p1|VGCLTH <1000ELO|1|1760\n|player|p2|zip520520|170|1810\n|teamsize|p1|6\n|teamsize|p2|6\n|gen|9\n|tier|[Gen 9] VGC 2024 Reg H\n|rated|\n|rule|Species Clause: Limit one of each Pok\u00e9mon\n|rule|Item Clause: Limit 1 of each item\n|clearpoke\n|poke|p1|Dondozo, L50, M|\n|poke|p1|Tatsugiri, L50, M|\n|poke|p1|Dragonite, L50, M|\n|poke|p1|Gholdengo, L50|\n|poke|p1|Glimmora, L50, F|\n|poke|p1|Talonflame, L50, M|\n|poke|p2|Gholdengo, L50|\n|poke|p2|Garchomp, L50, M|\n|poke|p2|Glimmora, L50, F|\n|poke|p2|Tyranitar, L50, M|\n|poke|p2|Primarina, L50, F|\n|poke|p2|Sinistcha, L50|\n|teampreview|4\n|inactive|Battle timer is ON: inactive players will automatically lose when time's up. (requested by VGCLTH <1000ELO)\n|j| pipikapipika\n|inactive|zip520520 has 60 seconds left.\n|c| pipikapipika|Bigfan\n|inactive|VGCLTH <1000ELO has 60 seconds left.\n|j| kyo9t\n|inactive|zip520520 has 30 seconds left.\n|\n|t:|1732218454\n|start\n|switch|p1a: Dondozo|Dondozo, L50, M|100\/100\n|switch|p1b: Gholdengo|Gholdengo, L50|100\/100\n|switch|p2a: Tyranitar|Tyranitar, L50, M|100\/100\n|switch|p2b: Garchomp|Garchomp, L50, M|100\/100\n|-weather|Sandstorm|[from] ability: Sand Stream|[of] p2a: Tyranitar\n|turn|1\n|\n|t:|1732218479\n|move|p2b: Garchomp|Breaking Swipe|p1a: Dondozo|[spread] p1a,p1b\n|-resisted|p1b: Gholdengo\n|-damage|p1a: Dondozo|82\/100\n|-damage|p1b: Gholdengo|88\/100\n|-unboost|p1a: Dondozo|atk|1\n|-unboost|p1b: Gholdengo|atk|1\n|move|p1b: Gholdengo|Make It Rain|p2b: Garchomp|[spread] p2a,p2b\n|-supereffective|p2a: Tyranitar\n|-damage|p2a: Tyranitar|45\/100\n|-damage|p2b: Garchomp|14\/100\n|-unboost|p1b: Gholdengo|spa|1\n|move|p1a: Dondozo|Wave Crash|p2a: Tyranitar\n|-supereffective|p2a: Tyranitar\n|-damage|p2a: Tyranitar|0 fnt\n|faint|p2a: Tyranitar\n|-damage|p1a: Dondozo|68\/100|[from] Recoil\n|\n|-weather|Sandstorm|[upkeep]\n|-damage|p1a: Dondozo|62\/100|[from] Sandstorm\n|-heal|p2b: Garchomp|20\/100|[from] item: Leftovers\n|-heal|p1a: Dondozo|68\/100|[from] item: Leftovers\n|upkeep\n|\n|t:|1732218501\n|switch|p2a: Sinistcha|Sinistcha, L50|100\/100\n|-heal|p2b: Garchomp|44\/100|[from] ability: Hospitality|[of] p2a: Sinistcha\n|turn|2\n|inactive|VGCLTH <1000ELO has 30 seconds left.\n|inactive|VGCLTH <1000ELO has 20 seconds left.\n|inactive|VGCLTH <1000ELO has 15 seconds left.\n|inactive|VGCLTH <1000ELO has 10 seconds left.\n|inactive|VGCLTH <1000ELO has 5 seconds left.\n|\n|t:|1732218552\n|switch|p1a: Dragonite|Dragonite, L50, M|100\/100\n|move|p2b: Garchomp|Protect|p2b: Garchomp\n|-singleturn|p2b: Garchomp|Protect\n|move|p1b: Gholdengo|Make It Rain|p2a: Sinistcha|[spread] p2a\n|-activate|p2b: Garchomp|move: Protect\n|-damage|p2a: Sinistcha|58\/100\n|-unboost|p1b: Gholdengo|spa|1\n|move|p2a: Sinistcha|Matcha Gotcha|p1a: Dragonite|[spread] p1a,p1b\n|-resisted|p1a: Dragonite\n|-resisted|p1b: Gholdengo\n|-damage|p1a: Dragonite|98\/100\n|-heal|p2a: Sinistcha|59\/100|[from] drain|[of] p1a: Dragonite\n|-damage|p1b: Gholdengo|75\/100\n|-heal|p2a: Sinistcha|66\/100|[from] drain|[of] p1b: Gholdengo\n|\n|-weather|Sandstorm|[upkeep]\n|-damage|p1a: Dragonite|92\/100|[from] Sandstorm\n|-damage|p2a: Sinistcha|59\/100|[from] Sandstorm\n|-heal|p2b: Garchomp|50\/100|[from] item: Leftovers\n|upkeep\n|turn|3\n|inactive|VGCLTH <1000ELO has 30 seconds left.\n|inactive|zip520520 has 30 seconds left.\n|inactive|VGCLTH <1000ELO has 20 seconds left.\n|inactive|zip520520 has 20 seconds left.\n|inactive|VGCLTH <1000ELO has 15 seconds left.\n|\n|t:|1732218595\n|-terastallize|p1a: Dragonite|Normal\n|move|p2b: Garchomp|Breaking Swipe|p1b: Gholdengo|[spread] p1a,p1b\n|-crit|p1a: Dragonite\n|-resisted|p1b: Gholdengo\n|-damage|p1a: Dragonite|60\/100\n|-damage|p1b: Gholdengo|61\/100\n|-unboost|p1a: Dragonite|atk|1\n|-unboost|p1b: Gholdengo|atk|1\n|move|p1b: Gholdengo|Make It Rain|p2b: Garchomp|[spread] p2a,p2b\n|-damage|p2a: Sinistcha|24\/100\n|-damage|p2b: Garchomp|7\/100\n|-unboost|p1b: Gholdengo|spa|1\n|-enditem|p2a: Sinistcha|Sitrus Berry|[eat]\n|-heal|p2a: Sinistcha|49\/100|[from] item: Sitrus Berry\n|move|p1a: Dragonite|Ice Spinner|p2a: Sinistcha\n|-supereffective|p2a: Sinistcha\n|-damage|p2a: Sinistcha|0 fnt\n|faint|p2a: Sinistcha\n|\n|-weather|Sandstorm|[upkeep]\n|-damage|p1a: Dragonite|54\/100|[from] Sandstorm\n|-heal|p2b: Garchomp|13\/100|[from] item: Leftovers\n|upkeep\n|\n|t:|1732218620\n|switch|p2a: Primarina|Primarina, L50, F|100\/100\n|turn|4\n|\n|t:|1732218644\n|switch|p1b: Dondozo|Dondozo, L50, M|68\/100\n|switch|p1a: Tatsugiri|Tatsugiri, L50, M|100\/100\n|-activate|p1a: Tatsugiri|ability: Commander|[of] p1b: Dondozo\n|-boost|p1b: Dondozo|atk|2\n|-boost|p1b: Dondozo|spa|2\n|-boost|p1b: Dondozo|spe|2\n|-boost|p1b: Dondozo|def|2\n|-boost|p1b: Dondozo|spd|2\n|move|p2b: Garchomp|Protect|p2b: Garchomp\n|-singleturn|p2b: Garchomp|Protect\n|move|p2a: Primarina|Hyper Voice|p1a: Tatsugiri|[spread] p1b\n|-miss|p2a: Primarina|p1a: Tatsugiri\n|-resisted|p1b: Dondozo\n|-damage|p1b: Dondozo|55\/100\n|-damage|p2a: Primarina|91\/100|[from] item: Life Orb\n|\n|-weather|Sandstorm|[upkeep]\n|-damage|p1b: Dondozo|48\/100|[from] Sandstorm\n|-damage|p1a: Tatsugiri|94\/100|[from] Sandstorm\n|-damage|p2a: Primarina|85\/100|[from] Sandstorm\n|-heal|p1b: Dondozo|55\/100|[from] item: Leftovers\n|-heal|p2b: Garchomp|19\/100|[from] item: Leftovers\n|upkeep\n|turn|5\n|inactive|zip520520 has 30 seconds left.\n|\n|t:|1732218677\n|move|p2b: Garchomp|Protect||[still]\n|-fail|p2b: Garchomp\n|move|p1b: Dondozo|Earthquake|p2a: Primarina|[spread] p2a,p2b\n|-miss|p1b: Dondozo|p1a: Tatsugiri\n|-damage|p2a: Primarina|25\/100\n|-damage|p2b: Garchomp|0 fnt\n|faint|p2b: Garchomp\n|move|p2a: Primarina|Haze|p2a: Primarina\n|-clearallboost\n|\n|-weather|none\n|-heal|p1b: Dondozo|61\/100|[from] item: Leftovers\n|upkeep\n|turn|6\n|-message|zip520520 forfeited.\n|\n|win|VGCLTH <1000ELO\n|raw|VGCLTH &lt;1000ELO's rating: 1760 &rarr; <strong>1783<\/strong><br \/>(+23 for winning)\n|raw|zip520520's rating: 1810 &rarr; <strong>1787<\/strong><br \/>(-23 for losing)\n|l|\u2606zip520520\n|player|p2|\n|l| kyo9t\n|l|\u2606VGCLTH <1000ELO\n|player|p1|\n","uploadtime":1732218921,"views":15,"formatid":"gen9vgc2024regh","rating":1783,"private":0,"password":null}