{"id":"gen9vgc2024regh-2248806208","format":"[Gen 9] VGC 2024 Reg H","players":["Nerd159","yuzuda"],"log":"|j|\u2606Nerd159\n|j|\u2606yuzuda\n|t:|1732261767\n|gametype|doubles\n|player|p1|Nerd159|101|1783\n|player|p2|yuzuda|1|1701\n|teamsize|p1|6\n|teamsize|p2|6\n|gen|9\n|tier|[Gen 9] VGC 2024 Reg H\n|rated|\n|rule|Species Clause: Limit one of each Pok\u00e9mon\n|rule|Item Clause: Limit 1 of each item\n|clearpoke\n|poke|p1|Quaquaval, L50, M|\n|poke|p1|Sinistcha, L50|\n|poke|p1|Dragonite, L50, F|\n|poke|p1|Ursaluna-Bloodmoon, L50, M|\n|poke|p1|Electabuzz, L50, M|\n|poke|p1|Incineroar, L50, M|\n|poke|p2|Archaludon, L50, F|\n|poke|p2|Pelipper, L50, M|\n|poke|p2|Annihilape, L50, M|\n|poke|p2|Whimsicott, L50, M|\n|poke|p2|Rillaboom, L50, M|\n|poke|p2|Gholdengo, L50|\n|teampreview|4\n|inactive|Battle timer is ON: inactive players will automatically lose when time's up. (requested by yuzuda)\n|inactive|yuzuda has 60 seconds left.\n|inactive|yuzuda has 30 seconds left.\n|\n|t:|1732261832\n|start\n|switch|p1a: Electabuzz|Electabuzz, L50, M|100\/100\n|switch|p1b: Sinistcha|Sinistcha, L50|100\/100\n|switch|p2a: Rillaboom|Rillaboom, L50, M|100\/100\n|switch|p2b: Annihilape|Annihilape, L50, M|100\/100\n|-fieldstart|move: Grassy Terrain|[from] ability: Grassy Surge|[of] p2a: Rillaboom\n|turn|1\n|\n|t:|1732261851\n|move|p1a: Electabuzz|Protect|p1a: Electabuzz\n|-singleturn|p1a: Electabuzz|Protect\n|move|p2b: Annihilape|Bulk Up|p2b: Annihilape\n|-boost|p2b: Annihilape|atk|1\n|-boost|p2b: Annihilape|def|1\n|move|p2a: Rillaboom|Wood Hammer|p1a: Electabuzz\n|-activate|p1a: Electabuzz|move: Protect\n|move|p1b: Sinistcha|Trick Room|p1b: Sinistcha\n|-fieldstart|move: Trick Room|[of] p1b: Sinistcha\n|\n|upkeep\n|turn|2\n|\n|t:|1732261873\n|-terastallize|p2b: Annihilape|Fire\n|move|p1a: Electabuzz|Follow Me|p1a: Electabuzz\n|-singleturn|p1a: Electabuzz|move: Follow Me\n|move|p1b: Sinistcha|Calm Mind|p1b: Sinistcha\n|-boost|p1b: Sinistcha|spa|1\n|-boost|p1b: Sinistcha|spd|1\n|move|p2a: Rillaboom|Wood Hammer|p1a: Electabuzz\n|-damage|p1a: Electabuzz|0 fnt\n|faint|p1a: Electabuzz\n|-damage|p2a: Rillaboom|73\/100|[from] Recoil\n|move|p2b: Annihilape|Drain Punch|p1b: Sinistcha\n|-immune|p1b: Sinistcha\n|\n|-heal|p2a: Rillaboom|79\/100|[from] Grassy Terrain\n|upkeep\n|\n|t:|1732261877\n|switch|p1a: Ursaluna|Ursaluna-Bloodmoon, L50, M|100\/100\n|turn|3\n|\n|t:|1732261895\n|move|p1a: Ursaluna|Protect|p1a: Ursaluna\n|-singleturn|p1a: Ursaluna|Protect\n|move|p2b: Annihilape|Protect|p2b: Annihilape\n|-singleturn|p2b: Annihilape|Protect\n|move|p2a: Rillaboom|Grassy Glide|p1a: Ursaluna\n|-activate|p1a: Ursaluna|move: Protect\n|move|p1b: Sinistcha|Calm Mind|p1b: Sinistcha\n|-boost|p1b: Sinistcha|spa|1\n|-boost|p1b: Sinistcha|spd|1\n|\n|-heal|p2a: Rillaboom|85\/100|[from] Grassy Terrain\n|upkeep\n|turn|4\n|\n|t:|1732261913\n|switch|p2b: Archaludon|Archaludon, L50, F|100\/100\n|-terastallize|p1a: Ursaluna|Normal\n|move|p1b: Sinistcha|Strength Sap|p2a: Rillaboom\n|-unboost|p2a: Rillaboom|atk|1\n|move|p1a: Ursaluna|Blood Moon|p2b: Archaludon\n|-resisted|p2b: Archaludon\n|-damage|p2b: Archaludon|52\/100\n|-ability|p2b: Archaludon|Stamina|boost\n|-boost|p2b: Archaludon|def|1\n|-damage|p1a: Ursaluna|91\/100|[from] item: Life Orb\n|move|p2a: Rillaboom|Wood Hammer|p1a: Ursaluna\n|-damage|p1a: Ursaluna|35\/100\n|-damage|p2a: Rillaboom|68\/100|[from] Recoil\n|\n|-heal|p1a: Ursaluna|41\/100|[from] Grassy Terrain\n|-heal|p2b: Archaludon|58\/100|[from] Grassy Terrain\n|-heal|p2a: Rillaboom|73\/100|[from] Grassy Terrain\n|upkeep\n|turn|5\n|\n|t:|1732261937\n|move|p1b: Sinistcha|Matcha Gotcha|p2b: Archaludon|[spread] p2a,p2b\n|-resisted|p2a: Rillaboom\n|-resisted|p2b: Archaludon\n|-damage|p2a: Rillaboom|38\/100\n|-damage|p2b: Archaludon|48\/100\n|-ability|p2b: Archaludon|Stamina|boost\n|-boost|p2b: Archaludon|def|1\n|move|p1a: Ursaluna|Earth Power|p2b: Archaludon\n|-supereffective|p2b: Archaludon\n|-damage|p2b: Archaludon|0 fnt\n|faint|p2b: Archaludon\n|-damage|p1a: Ursaluna|32\/100|[from] item: Life Orb\n|move|p2a: Rillaboom|Wood Hammer|p1a: Ursaluna\n|-damage|p1a: Ursaluna|0 fnt\n|faint|p1a: Ursaluna\n|-damage|p2a: Rillaboom|29\/100|[from] Recoil\n|\n|-heal|p2a: Rillaboom|35\/100|[from] Grassy Terrain\n|-fieldend|move: Trick Room\n|-fieldend|move: Grassy Terrain\n|upkeep\n|\n|t:|1732261959\n|switch|p2b: Annihilape|Annihilape, L50, M, tera:Fire|100\/100\n|switch|p1a: Incineroar|Incineroar, L50, M|100\/100\n|-ability|p1a: Incineroar|Intimidate|boost\n|-unboost|p2a: Rillaboom|atk|1\n|-unboost|p2b: Annihilape|atk|1\n|-ability|p2b: Annihilape|Defiant|boost\n|-boost|p2b: Annihilape|atk|2\n|turn|6\n|\n|t:|1732261979\n|move|p1a: Incineroar|Fake Out|p2b: Annihilape\n|-damage|p2b: Annihilape|88\/100\n|cant|p2b: Annihilape|flinch\n|move|p2a: Rillaboom|U-turn|p1b: Sinistcha\n|-damage|p1b: Sinistcha|91\/100\n|-damage|p2a: Rillaboom|18\/100|[from] item: Rocky Helmet|[of] p1b: Sinistcha\n|\n|t:|1732261987\n|switch|p2a: Gholdengo|Gholdengo, L50|100\/100|[from] U-turn\n|move|p1b: Sinistcha|Trick Room|p1b: Sinistcha\n|-fieldstart|move: Trick Room|[of] p1b: Sinistcha\n|\n|-heal|p2b: Annihilape|94\/100|[from] item: Leftovers\n|upkeep\n|turn|7\n|\n|t:|1732262006\n|move|p1b: Sinistcha|Calm Mind|p1b: Sinistcha\n|-boost|p1b: Sinistcha|spa|1\n|-boost|p1b: Sinistcha|spd|1\n|move|p1a: Incineroar|Knock Off|p2b: Annihilape\n|-damage|p2b: Annihilape|51\/100\n|-enditem|p2b: Annihilape|Leftovers|[from] move: Knock Off|[of] p1a: Incineroar\n|move|p2b: Annihilape|Rage Fist|p1b: Sinistcha\n|-supereffective|p1b: Sinistcha\n|-damage|p1b: Sinistcha|0 fnt\n|-damage|p2b: Annihilape|35\/100|[from] item: Rocky Helmet|[of] p1b: Sinistcha\n|faint|p1b: Sinistcha\n|move|p2a: Gholdengo|Shadow Ball|p1a: Incineroar\n|-resisted|p1a: Incineroar\n|-damage|p1a: Incineroar|79\/100\n|-unboost|p1a: Incineroar|spd|1\n|\n|upkeep\n|turn|8\n|-message|Nerd159 forfeited.\n|\n|win|yuzuda\n|raw|Nerd159's rating: 1783 &rarr; <strong>1758<\/strong><br \/>(-25 for losing)\n|raw|yuzuda's rating: 1701 &rarr; <strong>1726<\/strong><br \/>(+25 for winning)\n|l|\u2606Nerd159\n|player|p1|\n|l|\u2606yuzuda\n|player|p2|\n","uploadtime":1732262195,"views":14,"formatid":"gen9vgc2024regh","rating":1726,"private":0,"password":null}