{"id":"gen9vgc2024regh-2248219379","format":"[Gen 9] VGC 2024 Reg H","players":["Djjwjwwjj","vgclth terran"],"log":"|raw|<div class=\"broadcast-blue\"><strong>This battle is required to be public due to a player having a name starting with 'vgclth'.<\/div>\n|j|\u2606Djjwjwwjj\n|j|\u2606vgclth terran\n|t:|1732191962\n|gametype|doubles\n|player|p1|Djjwjwwjj|170|1760\n|player|p2|vgclth terran|rood|1791\n|teamsize|p1|6\n|teamsize|p2|6\n|gen|9\n|tier|[Gen 9] VGC 2024 Reg H\n|rated|\n|rule|Species Clause: Limit one of each Pok\u00e9mon\n|rule|Item Clause: Limit 1 of each item\n|clearpoke\n|poke|p1|Palafin, L50, F|\n|poke|p1|Incineroar, L50, M|\n|poke|p1|Gholdengo, L50|\n|poke|p1|Amoonguss, L50, F|\n|poke|p1|Dragonite, L50, F|\n|poke|p1|Pelipper, L50, F|\n|poke|p2|Ninetales-Alola, L50, F|\n|poke|p2|Rillaboom, L50, M|\n|poke|p2|Magmar, L50, M|\n|poke|p2|Sneasler, L50, F|\n|poke|p2|Kingambit, L50, F|\n|poke|p2|Basculegion, L50, M|\n|teampreview|4\n|inactive|Battle timer is ON: inactive players will automatically lose when time's up. (requested by Djjwjwwjj)\n|inactive|Djjwjwwjj has 60 seconds left.\n|l|\u2606Djjwjwwjj\n|inactive|Djjwjwwjj disconnected and has a minute to reconnect!\n|player|p1|\n|inactive|Djjwjwwjj has 30 seconds to reconnect!\n|j|\u2606Djjwjwwjj\n|inactive|Djjwjwwjj reconnected and has 25 seconds left.\n|player|p1|Djjwjwwjj|170|\n|inactive|Djjwjwwjj has 20 seconds left.\n|inactive|Djjwjwwjj has 15 seconds left.\n|inactive|Djjwjwwjj has 10 seconds left.\n|inactive|Djjwjwwjj has 5 seconds left.\n|\n|t:|1732192052\n|start\n|switch|p1a: Palafin|Palafin, L50, F|100\/100\n|switch|p1b: Dragonite|Dragonite, L50, F|100\/100\n|switch|p2a: Sneasler|Sneasler, L50, F|100\/100\n|switch|p2b: Kingambit|Kingambit, L50, F|100\/100\n|turn|1\n|\n|t:|1732192065\n|move|p2a: Sneasler|Fake Out|p1a: Palafin\n|-damage|p1a: Palafin|83\/100\n|-status|p1a: Palafin|psn|[from] ability: Poison Touch|[of] p2a: Sneasler\n|cant|p1a: Palafin|flinch\n|move|p1b: Dragonite|Scale Shot|p2a: Sneasler\n|-damage|p2a: Sneasler|75\/100\n|-damage|p2a: Sneasler|50\/100\n|-damage|p2a: Sneasler|25\/100\n|-damage|p2a: Sneasler|0 fnt\n|faint|p2a: Sneasler\n|-hitcount|p2: Sneasler|4\n|-unboost|p1b: Dragonite|def|1\n|-boost|p1b: Dragonite|spe|1\n|move|p2b: Kingambit|Swords Dance|p2b: Kingambit\n|-boost|p2b: Kingambit|atk|2\n|\n|-damage|p1a: Palafin|70\/100 psn|[from] psn\n|upkeep\n|inactive|vgclth terran has 30 seconds left.\n|\n|t:|1732192090\n|switch|p2a: Ninetales|Ninetales-Alola, L50, F|100\/100\n|-weather|Snow|[from] ability: Snow Warning|[of] p2a: Ninetales\n|turn|2\n|j| snow is mid\n|\n|t:|1732192114\n|detailschange|p1a: Palafin|Palafin-Hero, L50, F\n|switch|p1a: Incineroar|Incineroar, L50, M|100\/100\n|-ability|p1a: Incineroar|Intimidate|boost\n|-unboost|p2a: Ninetales|atk|1\n|-unboost|p2b: Kingambit|atk|1\n|-ability|p2b: Kingambit|Defiant|boost\n|-boost|p2b: Kingambit|atk|2\n|-terastallize|p1b: Dragonite|Steel\n|move|p1b: Dragonite|Haze|p1b: Dragonite\n|-clearallboost\n|move|p2a: Ninetales|Freeze-Dry|p1a: Incineroar\n|-resisted|p1a: Incineroar\n|-damage|p1a: Incineroar|86\/100\n|move|p2b: Kingambit|Kowtow Cleave|p1a: Incineroar\n|-resisted|p1a: Incineroar\n|-damage|p1a: Incineroar|55\/100\n|\n|-weather|Snow|[upkeep]\n|upkeep\n|turn|3\n|inactive|Djjwjwwjj has 30 seconds left.\n|inactive|Djjwjwwjj has 20 seconds left.\n|\n|t:|1732192153\n|-terastallize|p2b: Kingambit|Fire\n|move|p2a: Ninetales|Encore|p1b: Dragonite\n|-start|p1b: Dragonite|Encore\n|move|p1b: Dragonite|Haze|p1b: Dragonite\n|-clearallboost\n|move|p1a: Incineroar|Flare Blitz|p2b: Kingambit\n|-resisted|p2b: Kingambit\n|-damage|p2b: Kingambit|81\/100\n|-damage|p1a: Incineroar|49\/100|[from] Recoil\n|-enditem|p1a: Incineroar|Sitrus Berry|[eat]\n|-heal|p1a: Incineroar|74\/100|[from] item: Sitrus Berry\n|move|p2b: Kingambit|Kowtow Cleave|p1b: Dragonite\n|-damage|p1b: Dragonite|68\/100\n|\n|-weather|Snow|[upkeep]\n|upkeep\n|turn|4\n|\n|t:|1732192173\n|switch|p2a: Magmar|Magmar, L50, M|100\/100\n|switch|p1b: Pelipper|Pelipper, L50, F|100\/100\n|-weather|RainDance|[from] ability: Drizzle|[of] p1b: Pelipper\n|move|p1a: Incineroar|Flare Blitz|p2a: Magmar\n|-resisted|p2a: Magmar\n|-damage|p2a: Magmar|92\/100\n|-damage|p1a: Incineroar|71\/100|[from] Recoil\n|move|p2b: Kingambit|Kowtow Cleave|p1b: Pelipper\n|-crit|p1b: Pelipper\n|-damage|p1b: Pelipper|0 fnt\n|faint|p1b: Pelipper\n|\n|-weather|RainDance|[upkeep]\n|upkeep\n|\n|t:|1732192189\n|switch|p1b: Palafin|Palafin-Hero, L50, F|70\/100 psn\n|-activate|p1b: Palafin|ability: Zero to Hero\n|turn|5\n|inactive|Djjwjwwjj has 30 seconds left.\n|\n|t:|1732192220\n|move|p2a: Magmar|Protect|p2a: Magmar\n|-singleturn|p2a: Magmar|Protect\n|move|p2b: Kingambit|Protect|p2b: Kingambit\n|-singleturn|p2b: Kingambit|Protect\n|move|p1b: Palafin|Flip Turn|p2a: Magmar\n|-activate|p2a: Magmar|move: Protect\n|move|p1a: Incineroar|Knock Off|p2b: Kingambit\n|-activate|p2b: Kingambit|move: Protect\n|\n|-weather|RainDance|[upkeep]\n|-damage|p1b: Palafin|58\/100 psn|[from] psn\n|upkeep\n|turn|6\n|l| snow is mid\n|\n|t:|1732192242\n|move|p2a: Magmar|Follow Me|p2a: Magmar\n|-singleturn|p2a: Magmar|move: Follow Me\n|move|p1b: Palafin|Flip Turn|p2a: Magmar\n|-supereffective|p2a: Magmar\n|-damage|p2a: Magmar|0 fnt\n|faint|p2a: Magmar\n|\n|t:|1732192248\n|switch|p1b: Dragonite|Dragonite, L50, F, tera:Steel|68\/100|[from] Flip Turn\n|move|p1a: Incineroar|Knock Off|p2b: Kingambit\n|-damage|p2b: Kingambit|50\/100\n|-enditem|p2b: Kingambit|Black Glasses|[from] move: Knock Off|[of] p1a: Incineroar\n|move|p2b: Kingambit|Swords Dance|p2b: Kingambit\n|-boost|p2b: Kingambit|atk|2\n|\n|-weather|RainDance|[upkeep]\n|upkeep\n|\n|t:|1732192251\n|switch|p2a: Ninetales|Ninetales-Alola, L50, F|100\/100\n|-weather|Snow|[from] ability: Snow Warning|[of] p2a: Ninetales\n|turn|7\n|\n|t:|1732192273\n|move|p2a: Ninetales|Encore|p1a: Incineroar\n|-start|p1a: Incineroar|Encore\n|move|p1b: Dragonite|Haze|p1b: Dragonite\n|-clearallboost\n|move|p1a: Incineroar|Knock Off|p2a: Ninetales\n|-resisted|p2a: Ninetales\n|-damage|p2a: Ninetales|82\/100\n|-enditem|p2a: Ninetales|Never-Melt Ice|[from] move: Knock Off|[of] p1a: Incineroar\n|move|p2b: Kingambit|Kowtow Cleave|p1b: Dragonite\n|-damage|p1b: Dragonite|14\/100\n|\n|-weather|Snow|[upkeep]\n|upkeep\n|turn|8\n|inactive|Djjwjwwjj has 30 seconds left.\n|inactive|Djjwjwwjj has 20 seconds left.\n|inactive|Djjwjwwjj has 15 seconds left.\n|\n|t:|1732192314\n|move|p2a: Ninetales|Blizzard|p1a: Incineroar|[spread] p1a,p1b\n|-resisted|p1a: Incineroar\n|-resisted|p1b: Dragonite\n|-damage|p1a: Incineroar|55\/100\n|-damage|p1b: Dragonite|0 fnt\n|faint|p1b: Dragonite\n|move|p1a: Incineroar|Knock Off|p2a: Ninetales\n|-resisted|p2a: Ninetales\n|-damage|p2a: Ninetales|69\/100\n|move|p2b: Kingambit|Kowtow Cleave|p1a: Incineroar\n|-resisted|p1a: Incineroar\n|-damage|p1a: Incineroar|30\/100\n|\n|-weather|Snow|[upkeep]\n|upkeep\n|\n|t:|1732192326\n|switch|p1b: Palafin|Palafin-Hero, L50, F|58\/100 psn\n|turn|9\n|\n|t:|1732192350\n|move|p2b: Kingambit|Protect|p2b: Kingambit\n|-singleturn|p2b: Kingambit|Protect\n|move|p1b: Palafin|Jet Punch|p2a: Ninetales\n|-damage|p2a: Ninetales|15\/100\n|move|p2a: Ninetales|Freeze-Dry|p1b: Palafin\n|-supereffective|p1b: Palafin\n|-damage|p1b: Palafin|0 fnt\n|faint|p1b: Palafin\n|move|p1a: Incineroar|Knock Off|p2a: Ninetales\n|-resisted|p2a: Ninetales\n|-damage|p2a: Ninetales|0 fnt\n|faint|p2a: Ninetales\n|\n|-weather|Snow|[upkeep]\n|-end|p1a: Incineroar|Encore\n|upkeep\n|turn|10\n|\n|t:|1732192367\n|move|p1a: Incineroar|Knock Off|p2b: Kingambit\n|-damage|p2b: Kingambit|30\/100\n|move|p2b: Kingambit|Kowtow Cleave|p1a: Incineroar\n|-resisted|p1a: Incineroar\n|-damage|p1a: Incineroar|5\/100\n|\n|-weather|Snow|[upkeep]\n|upkeep\n|turn|11\n|-message|Djjwjwwjj forfeited.\n|\n|win|vgclth terran\n|raw|Djjwjwwjj's rating: 1760 &rarr; <strong>1742<\/strong><br \/>(-18 for losing)\n|raw|vgclth terran's rating: 1791 &rarr; <strong>1809<\/strong><br \/>(+18 for winning)\n|l|\u2606Djjwjwwjj\n|player|p1|\n|l|\u2606vgclth terran\n|player|p2|\n","uploadtime":1732192622,"views":18,"formatid":"gen9vgc2024regh","rating":1742,"private":0,"password":null}