{"id":"gen9vgc2024regh-2248215548","format":"[Gen 9] VGC 2024 Reg H","players":["ted31625","Djjwjwwjj"],"log":"|j|\u2606ted31625\n|j|\u2606Djjwjwwjj\n|t:|1732191414\n|gametype|doubles\n|player|p1|ted31625|102|1718\n|player|p2|Djjwjwwjj|170|1741\n|teamsize|p1|6\n|teamsize|p2|6\n|gen|9\n|tier|[Gen 9] VGC 2024 Reg H\n|rated|\n|rule|Species Clause: Limit one of each Pok\u00e9mon\n|rule|Item Clause: Limit 1 of each item\n|clearpoke\n|poke|p1|Dragonite, L50, M|\n|poke|p1|Kingambit, L50, F|\n|poke|p1|Archaludon, L50, M|\n|poke|p1|Rillaboom, L50, M|\n|poke|p1|Tauros-Paldea-Aqua, L50, M|\n|poke|p1|Pelipper, L50, M|\n|poke|p2|Palafin, L50, F|\n|poke|p2|Incineroar, L50, M|\n|poke|p2|Gholdengo, L50|\n|poke|p2|Amoonguss, L50, M|\n|poke|p2|Dragonite, L50, M|\n|poke|p2|Pelipper, L50, M|\n|teampreview|4\n|inactive|Battle timer is ON: inactive players will automatically lose when time's up. (requested by Djjwjwwjj)\nted31625 has agreed to open team sheets.\n|j| MillerH33\n|inactive|Djjwjwwjj has 60 seconds left.\n|\n|t:|1732191453\n|start\n|switch|p1a: Dragonite|Dragonite, L50, M, shiny|100\/100\n|switch|p1b: Kingambit|Kingambit, L50, F, shiny|100\/100\n|switch|p2a: Palafin|Palafin, L50, F|100\/100\n|switch|p2b: Dragonite|Dragonite, L50, M|100\/100\n|turn|1\n|inactive|Djjwjwwjj has 30 seconds left.\n|inactive|Djjwjwwjj has 20 seconds left.\n|inactive|Djjwjwwjj has 15 seconds left.\n|inactive|Djjwjwwjj has 10 seconds left.\n|\n|t:|1732191499\n|-terastallize|p1a: Dragonite|Fairy\n|move|p2b: Dragonite|Protect|p2b: Dragonite\n|-singleturn|p2b: Dragonite|Protect\n|move|p2a: Palafin|Close Combat|p1b: Kingambit\n|-supereffective|p1b: Kingambit\n|-enditem|p1b: Kingambit|Focus Sash\n|-damage|p1b: Kingambit|1\/100\n|-unboost|p2a: Palafin|def|1\n|-unboost|p2a: Palafin|spd|1\n|move|p1a: Dragonite|Scale Shot|p2a: Palafin\n|-damage|p2a: Palafin|71\/100\n|-damage|p2a: Palafin|43\/100\n|-damage|p2a: Palafin|15\/100\n|-damage|p2a: Palafin|0 fnt\n|faint|p2a: Palafin\n|-hitcount|p2: Palafin|4\n|-unboost|p1a: Dragonite|def|1\n|-boost|p1a: Dragonite|spe|1\n|move|p1b: Kingambit|Kowtow Cleave|p2b: Dragonite\n|-activate|p2b: Dragonite|move: Protect\n|\n|upkeep\n|inactive|Djjwjwwjj has 30 seconds left.\n|\n|t:|1732191527\n|switch|p2a: Pelipper|Pelipper, L50, M|100\/100\n|-weather|RainDance|[from] ability: Drizzle|[of] p2a: Pelipper\n|turn|2\n|\n|t:|1732191546\n|switch|p2a: Incineroar|Incineroar, L50, M|100\/100\n|-ability|p2a: Incineroar|Intimidate|boost\n|-unboost|p1a: Dragonite|atk|1\n|-unboost|p1b: Kingambit|atk|1\n|-ability|p1b: Kingambit|Defiant|boost\n|-boost|p1b: Kingambit|atk|2\n|-terastallize|p2b: Dragonite|Steel\n|move|p1b: Kingambit|Protect|p1b: Kingambit\n|-singleturn|p1b: Kingambit|Protect\n|move|p1a: Dragonite|Scale Shot|p2b: Dragonite\n|-resisted|p2b: Dragonite\n|-damage|p2b: Dragonite|98\/100\n|-resisted|p2b: Dragonite\n|-damage|p2b: Dragonite|92\/100\n|-resisted|p2b: Dragonite\n|-damage|p2b: Dragonite|86\/100\n|-resisted|p2b: Dragonite\n|-damage|p2b: Dragonite|80\/100\n|-hitcount|p2b: Dragonite|4\n|-unboost|p1a: Dragonite|def|1\n|-boost|p1a: Dragonite|spe|1\n|move|p2b: Dragonite|Scale Shot|p1b: Kingambit\n|-activate|p1b: Kingambit|move: Protect\n|\n|-weather|RainDance|[upkeep]\n|upkeep\n|turn|3\n|inactive|ted31625 has 30 seconds left.\n|inactive|Djjwjwwjj has 30 seconds left.\n|\n|t:|1732191575\n|switch|p1b: Pelipper|Pelipper, L50, M, shiny|100\/100\n|move|p1a: Dragonite|Protect|p1a: Dragonite\n|-singleturn|p1a: Dragonite|Protect\n|move|p2a: Incineroar|Fake Out|p1b: Pelipper\n|-damage|p1b: Pelipper|88\/100\n|move|p2b: Dragonite|Ice Spinner|p1a: Dragonite\n|-activate|p1a: Dragonite|move: Protect\n|\n|-weather|RainDance|[upkeep]\n|upkeep\n|turn|4\n|\n|t:|1732191594\n|move|p1a: Dragonite|Haze|p1a: Dragonite\n|-clearallboost\n|move|p2b: Dragonite|Scale Shot|p1b: Pelipper\n|-damage|p1b: Pelipper|69\/100\n|-damage|p1b: Pelipper|51\/100\n|-damage|p1b: Pelipper|34\/100\n|-damage|p1b: Pelipper|18\/100\n|-damage|p1b: Pelipper|0 fnt\n|faint|p1b: Pelipper\n|-hitcount|p1: Pelipper|5\n|-unboost|p2b: Dragonite|def|1\n|-boost|p2b: Dragonite|spe|1\n|move|p2a: Incineroar|Parting Shot|p1a: Dragonite\n|-unboost|p1a: Dragonite|atk|1\n|-unboost|p1a: Dragonite|spa|1\n|\n|t:|1732191610\n|switch|p2a: Pelipper|Pelipper, L50, M|100\/100|[from] Parting Shot\n|\n|-weather|RainDance|[upkeep]\n|upkeep\n|\n|t:|1732191620\n|switch|p1b: Rillaboom|Rillaboom, L50, M, shiny|100\/100\n|-fieldstart|move: Grassy Terrain|[from] ability: Grassy Surge|[of] p1b: Rillaboom\n|turn|5\n|\n|t:|1732191630\n|switch|p2a: Incineroar|Incineroar, L50, M|100\/100\n|-ability|p2a: Incineroar|Intimidate|boost\n|-unboost|p1a: Dragonite|atk|1\n|-unboost|p1b: Rillaboom|atk|1\n|switch|p1a: Kingambit|Kingambit, L50, F, shiny|1\/100\n|move|p2b: Dragonite|Protect|p2b: Dragonite\n|-singleturn|p2b: Dragonite|Protect\n|move|p1b: Rillaboom|High Horsepower|p2b: Dragonite\n|-activate|p2b: Dragonite|move: Protect\n|\n|-weather|RainDance|[upkeep]\n|-heal|p2b: Dragonite|86\/100|[from] Grassy Terrain\n|-heal|p1a: Kingambit|7\/100|[from] Grassy Terrain\n|upkeep\n|turn|6\n|inactive|Djjwjwwjj has 30 seconds left.\n|\n|t:|1732191660\n|switch|p1b: Dragonite|Dragonite, L50, M, shiny, tera:Fairy|100\/100\n|move|p1a: Kingambit|Protect|p1a: Kingambit\n|-singleturn|p1a: Kingambit|Protect\n|move|p2a: Incineroar|Fake Out|p1b: Dragonite\n|-damage|p1b: Dragonite|95\/100\n|move|p2b: Dragonite|Ice Spinner|p1b: Dragonite\n|-damage|p1b: Dragonite|61\/100\n|-fieldend|move: Grassy Terrain\n|\n|-weather|none\n|upkeep\n|turn|7\n|inactive|Djjwjwwjj has 30 seconds left.\n|\n|t:|1732191688\n|move|p1a: Kingambit|Sucker Punch||[still]\n|-fail|p1a: Kingambit\n|move|p2b: Dragonite|Haze|p2b: Dragonite\n|-clearallboost\n|move|p1b: Dragonite|Scale Shot|p2b: Dragonite\n|-resisted|p2b: Dragonite\n|-damage|p2b: Dragonite|78\/100\n|-resisted|p2b: Dragonite\n|-damage|p2b: Dragonite|71\/100\n|-resisted|p2b: Dragonite\n|-damage|p2b: Dragonite|63\/100\n|-resisted|p2b: Dragonite\n|-damage|p2b: Dragonite|55\/100\n|-hitcount|p2b: Dragonite|4\n|-unboost|p1b: Dragonite|def|1\n|-boost|p1b: Dragonite|spe|1\n|move|p2a: Incineroar|Flare Blitz|p1a: Kingambit\n|-supereffective|p1a: Kingambit\n|-damage|p1a: Kingambit|0 fnt\n|faint|p1a: Kingambit\n|-damage|p2a: Incineroar|99\/100|[from] Recoil\n|\n|upkeep\n|\n|t:|1732191699\n|switch|p1a: Rillaboom|Rillaboom, L50, M, shiny|100\/100\n|-fieldstart|move: Grassy Terrain|[from] ability: Grassy Surge|[of] p1a: Rillaboom\n|turn|8\n|\n|t:|1732191717\n|move|p1b: Dragonite|Scale Shot|p2a: Incineroar\n|-damage|p2a: Incineroar|82\/100\n|-damage|p2a: Incineroar|67\/100\n|-damage|p2a: Incineroar|52\/100\n|-damage|p2a: Incineroar|39\/100\n|-enditem|p2a: Incineroar|Sitrus Berry|[eat]\n|-heal|p2a: Incineroar|63\/100|[from] item: Sitrus Berry\n|-damage|p2a: Incineroar|50\/100\n|-hitcount|p2a: Incineroar|5\n|-unboost|p1b: Dragonite|def|1\n|-boost|p1b: Dragonite|spe|1\n|move|p2b: Dragonite|Ice Spinner|p1a: Rillaboom\n|-supereffective|p1a: Rillaboom\n|-damage|p1a: Rillaboom|43\/100\n|-fieldend|move: Grassy Terrain\n|move|p2a: Incineroar|Flare Blitz|p1b: Dragonite\n|-damage|p1b: Dragonite|0 fnt\n|faint|p1b: Dragonite\n|-damage|p2a: Incineroar|33\/100|[from] Recoil\n|move|p1a: Rillaboom|High Horsepower|p2a: Incineroar\n|-supereffective|p2a: Incineroar\n|-damage|p2a: Incineroar|0 fnt\n|faint|p2a: Incineroar\n|\n|upkeep\n|\n|t:|1732191742\n|switch|p2a: Pelipper|Pelipper, L50, M|100\/100\n|-weather|RainDance|[from] ability: Drizzle|[of] p2a: Pelipper\n|turn|9\n|\n|t:|1732191754\n|move|p2a: Pelipper|Hurricane|p1a: Rillaboom\n|-supereffective|p1a: Rillaboom\n|-damage|p1a: Rillaboom|0 fnt\n|faint|p1a: Rillaboom\n|\n|win|Djjwjwwjj\n|raw|ted31625's rating: 1718 &rarr; <strong>1699<\/strong><br \/>(-19 for losing)\n|raw|Djjwjwwjj's rating: 1741 &rarr; <strong>1760<\/strong><br \/>(+19 for winning)\n|l|\u2606ted31625\n|player|p1|\n|l|\u2606Djjwjwwjj\n|player|p2|\n","uploadtime":1732192039,"views":15,"formatid":"gen9vgc2024regh","rating":1699,"private":0,"password":null}