{"id":"gen9vgc2024regh-2248797201","format":"[Gen 9] VGC 2024 Reg H","players":["VGCLTH Slow","MoonElGato"],"log":"|j|\u2606VGCLTH Slow\n|j|\u2606MoonElGato\n|t:|1732259927\n|gametype|doubles\n|player|p1|VGCLTH Slow|skier|1652\n|player|p2|MoonElGato|hugh|1693\n|teamsize|p1|6\n|teamsize|p2|6\n|gen|9\n|tier|[Gen 9] VGC 2024 Reg H\n|rated|\n|rule|Species Clause: Limit one of each Pok\u00e9mon\n|rule|Item Clause: Limit 1 of each item\n|clearpoke\n|poke|p1|Sableye, L50, F|\n|poke|p1|Sylveon, L50, M|\n|poke|p1|Maushold-Four, L50|\n|poke|p1|Volcarona, L50, F|\n|poke|p1|Rillaboom, L50, F|\n|poke|p1|Annihilape, L50, M|\n|poke|p2|Ursaluna, L50, M|\n|poke|p2|Indeedee-F, L50, F|\n|poke|p2|Hatterene, L50, F|\n|poke|p2|Torkoal, L50, F|\n|poke|p2|Incineroar, L50, M|\n|poke|p2|Malamar, L50, M|\n|teampreview|4\n|inactive|Battle timer is ON: inactive players will automatically lose when time's up. (requested by MoonElGato)\nVGCLTH Slow has agreed to open team sheets.\n|inactive|MoonElGato has 60 seconds left.\n|\n|t:|1732259960\n|start\n|switch|p1a: Old Yeller|Sylveon, L50, M, shiny|100\/100\n|switch|p1b: Shamonerona|Volcarona, L50, F, shiny|100\/100\n|switch|p2a: Malamar|Malamar, L50, M, shiny|100\/100\n|switch|p2b: Hatterene|Hatterene, L50, F, shiny|100\/100\n|turn|1\n|j| isaacmaster_new\n|inactive|MoonElGato has 30 seconds left.\n|inactive|MoonElGato has 20 seconds left.\n|inactive|MoonElGato has 15 seconds left.\n|inactive|MoonElGato has 10 seconds left.\n|inactive|MoonElGato has 5 seconds left.\n|\n|t:|1732260011\n|-terastallize|p2b: Hatterene|Fire\n|move|p1b: Shamonerona|Heat Wave|p2a: Malamar|[spread] p2a,p2b\n|-resisted|p2b: Hatterene\n|-damage|p2a: Malamar|55\/100\n|-damage|p2b: Hatterene|82\/100\n|move|p1a: Old Yeller|Hyper Voice|p2b: Hatterene|[spread] p2a,p2b\n|-supereffective|p2a: Malamar\n|-resisted|p2b: Hatterene\n|-damage|p2a: Malamar|0 fnt\n|-damage|p2b: Hatterene|56\/100\n|faint|p2a: Malamar\n|move|p2b: Hatterene|Trick Room|p2b: Hatterene\n|-fieldstart|move: Trick Room|[of] p2b: Hatterene\n|\n|upkeep\n|\n|t:|1732260027\n|switch|p2a: Torkoal|Torkoal, L50, F|100\/100\n|-weather|SunnyDay|[from] ability: Drought|[of] p2a: Torkoal\n|turn|2\n|\n|t:|1732260042\n|move|p1a: Old Yeller|Protect|p1a: Old Yeller\n|-singleturn|p1a: Old Yeller|Protect\n|move|p1b: Shamonerona|Protect|p1b: Shamonerona\n|-singleturn|p1b: Shamonerona|Protect\n|move|p2a: Torkoal|Eruption|p1b: Shamonerona|[spread] \n|-activate|p1a: Old Yeller|move: Protect\n|-activate|p1b: Shamonerona|move: Protect\n|move|p2b: Hatterene|Expanding Force|p1a: Old Yeller\n|-activate|p1a: Old Yeller|move: Protect\n|\n|-weather|SunnyDay|[upkeep]\n|upkeep\n|turn|3\n|inactive|VGCLTH Slow has 30 seconds left.\n|inactive|VGCLTH Slow has 20 seconds left.\n|inactive|VGCLTH Slow has 15 seconds left.\n|inactive|VGCLTH Slow has 10 seconds left.\n|\n|t:|1732260089\n|move|p1a: Old Yeller|Protect|p1a: Old Yeller\n|-singleturn|p1a: Old Yeller|Protect\n|move|p1b: Shamonerona|Protect|p1b: Shamonerona\n|-singleturn|p1b: Shamonerona|Protect\n|move|p2a: Torkoal|Eruption|p1a: Old Yeller|[spread] \n|-activate|p1a: Old Yeller|move: Protect\n|-activate|p1b: Shamonerona|move: Protect\n|move|p2b: Hatterene|Expanding Force|p1a: Old Yeller\n|-activate|p1a: Old Yeller|move: Protect\n|\n|-weather|SunnyDay|[upkeep]\n|upkeep\n|turn|4\n|\n|t:|1732260105\n|switch|p1a: Snowblind|Sableye, L50, F|100\/100\n|switch|p1b: Koko The Gorythmic|Rillaboom, L50, F|100\/100\n|-fieldstart|move: Grassy Terrain|[from] ability: Grassy Surge|[of] p1b: Koko The Gorythmic\n|move|p2a: Torkoal|Eruption|p1b: Koko The Gorythmic|[spread] p1a,p1b\n|-supereffective|p1b: Koko The Gorythmic\n|-damage|p1a: Snowblind|0 fnt\n|-damage|p1b: Koko The Gorythmic|0 fnt\n|faint|p1a: Snowblind\n|faint|p1b: Koko The Gorythmic\n|move|p2b: Hatterene|Expanding Force|p1: Snowblind|[notarget]\n|-fail|p2b: Hatterene\n|\n|-weather|SunnyDay|[upkeep]\n|-heal|p2b: Hatterene|62\/100|[from] Grassy Terrain\n|upkeep\n|\n|t:|1732260114\n|switch|p1a: Old Yeller|Sylveon, L50, M, shiny|100\/100\n|switch|p1b: Shamonerona|Volcarona, L50, F, shiny|100\/100\n|turn|5\n|\n|t:|1732260133\n|switch|p2b: Indeedee|Indeedee-F, L50, F, shiny|100\/100\n|-fieldstart|move: Psychic Terrain|[from] ability: Psychic Surge|[of] p2b: Indeedee\n|-enditem|p2b: Indeedee|Psychic Seed\n|-boost|p2b: Indeedee|spd|1|[from] item: Psychic Seed\n|move|p1a: Old Yeller|Protect|p1a: Old Yeller\n|-singleturn|p1a: Old Yeller|Protect\n|move|p1b: Shamonerona|Protect|p1b: Shamonerona\n|-singleturn|p1b: Shamonerona|Protect\n|move|p2a: Torkoal|Eruption|p1b: Shamonerona|[spread] \n|-activate|p1a: Old Yeller|move: Protect\n|-activate|p1b: Shamonerona|move: Protect\n|\n|-weather|SunnyDay|[upkeep]\n|-fieldend|move: Trick Room\n|upkeep\n|turn|6\n|inactive|MoonElGato has 30 seconds left.\n|\n|t:|1732260158\n|-terastallize|p1a: Old Yeller|Water\n|move|p2a: Torkoal|Protect|p2a: Torkoal\n|-singleturn|p2a: Torkoal|Protect\n|move|p1b: Shamonerona|Heat Wave|p2a: Torkoal|[spread] p2b\n|-activate|p2a: Torkoal|move: Protect\n|-damage|p2b: Indeedee|63\/100\n|move|p1a: Old Yeller|Hyper Voice|p2b: Indeedee|[spread] p2b\n|-activate|p2a: Torkoal|move: Protect\n|-damage|p2b: Indeedee|32\/100\n|move|p2b: Indeedee|Trick Room|p2b: Indeedee\n|-fieldstart|move: Trick Room|[of] p2b: Indeedee\n|\n|-weather|none\n|upkeep\n|turn|7\n|\n|t:|1732260180\n|move|p2b: Indeedee|Helping Hand|p2a: Torkoal\n|-singleturn|p2a: Torkoal|Helping Hand|[of] p2b: Indeedee\n|move|p2a: Torkoal|Eruption|p1b: Shamonerona|[spread] p1a,p1b\n|-resisted|p1a: Old Yeller\n|-damage|p1a: Old Yeller|65\/100\n|-damage|p1b: Shamonerona|21\/100\n|move|p1a: Old Yeller|Tera Blast|p2a: Torkoal|[anim] Tera Blast Water\n|-supereffective|p2a: Torkoal\n|-damage|p2a: Torkoal|2\/100\n|move|p1b: Shamonerona|Quiver Dance|p1b: Shamonerona\n|-boost|p1b: Shamonerona|spa|1\n|-boost|p1b: Shamonerona|spd|1\n|-boost|p1b: Shamonerona|spe|1\n|\n|upkeep\n|turn|8\n|\n|t:|1732260199\n|move|p1a: Old Yeller|Protect|p1a: Old Yeller\n|-singleturn|p1a: Old Yeller|Protect\n|move|p1b: Shamonerona|Protect|p1b: Shamonerona\n|-singleturn|p1b: Shamonerona|Protect\n|move|p2a: Torkoal|Weather Ball|p1b: Shamonerona\n|-activate|p1b: Shamonerona|move: Protect\n|move|p2b: Indeedee|Psychic|p1a: Old Yeller\n|-activate|p1a: Old Yeller|move: Protect\n|\n|upkeep\n|turn|9\n|inactive|MoonElGato has 30 seconds left.\n|\n|t:|1732260224\n|switch|p2a: Hatterene|Hatterene, L50, F, shiny, tera:Fire|62\/100\n|move|p2b: Indeedee|Psychic|p1b: Shamonerona\n|-damage|p1b: Shamonerona|0 fnt\n|faint|p1b: Shamonerona\n|move|p1a: Old Yeller|Hyper Voice|p2a: Hatterene|[spread] p2a,p2b\n|-resisted|p2a: Hatterene\n|-damage|p2a: Hatterene|38\/100\n|-damage|p2b: Indeedee|0 fnt\n|faint|p2b: Indeedee\n|\n|-fieldend|move: Psychic Terrain\n|upkeep\n|\n|t:|1732260237\n|switch|p2b: Torkoal|Torkoal, L50, F|2\/100\n|-weather|SunnyDay|[from] ability: Drought|[of] p2b: Torkoal\n|turn|10\n|\n|t:|1732260245\n|move|p1a: Old Yeller|Protect|p1a: Old Yeller\n|-singleturn|p1a: Old Yeller|Protect\n|move|p2b: Torkoal|Weather Ball|p1a: Old Yeller\n|-activate|p1a: Old Yeller|move: Protect\n|move|p2a: Hatterene|Expanding Force|p1a: Old Yeller\n|-activate|p1a: Old Yeller|move: Protect\n|\n|-weather|SunnyDay|[upkeep]\n|-fieldend|move: Trick Room\n|upkeep\n|turn|11\n|\n|t:|1732260261\n|move|p1a: Old Yeller|Tera Blast|p2a: Hatterene|[anim] Tera Blast Water\n|-supereffective|p2a: Hatterene\n|-damage|p2a: Hatterene|0 fnt\n|faint|p2a: Hatterene\n|move|p2b: Torkoal|Weather Ball|p1a: Old Yeller\n|-resisted|p1a: Old Yeller\n|-damage|p1a: Old Yeller|35\/100\n|\n|-weather|SunnyDay|[upkeep]\n|upkeep\n|turn|12\n|-message|MoonElGato forfeited.\n|\n|win|VGCLTH Slow\n|raw|VGCLTH Slow's rating: 1652 &rarr; <strong>1674<\/strong><br \/>(+22 for winning)\n|raw|MoonElGato's rating: 1693 &rarr; <strong>1671<\/strong><br \/>(-22 for losing)\n|l|\u2606MoonElGato\n|player|p2|\n|l| isaacmaster_new\n|l|\u2606VGCLTH Slow\n|player|p1|\n|j|\u2606VGCLTH Slow\n|player|p1|VGCLTH Slow|skier|\n|l|\u2606VGCLTH Slow\n|player|p1|\n","uploadtime":1732260285,"views":17,"formatid":"gen9vgc2024regh","rating":1671,"private":0,"password":null}