{"id":"gen9vgc2024regh-2248437931","format":"[Gen 9] VGC 2024 Reg H","players":["VGCLTH <1000ELO","naioton"],"log":"|raw|<div class=\"broadcast-blue\"><strong>This battle is required to be public due to a player having a name starting with 'vgclth'.<\/div>\n|j|\u2606VGCLTH <1000ELO\n|j|\u2606naioton\n|t:|1732214515\n|gametype|doubles\n|player|p1|VGCLTH <1000ELO|1|1819\n|player|p2|naioton|265|1803\n|teamsize|p1|6\n|teamsize|p2|6\n|gen|9\n|tier|[Gen 9] VGC 2024 Reg H\n|rated|\n|rule|Species Clause: Limit one of each Pok\u00e9mon\n|rule|Item Clause: Limit 1 of each item\n|clearpoke\n|poke|p1|Dondozo, L50, M|\n|poke|p1|Tatsugiri, L50, F|\n|poke|p1|Dragonite, L50, M|\n|poke|p1|Gholdengo, L50|\n|poke|p1|Glimmora, L50, F|\n|poke|p1|Talonflame, L50, M|\n|poke|p2|Grimmsnarl, L50, M|\n|poke|p2|Annihilape, L50, M|\n|poke|p2|Dragonite, L50, M|\n|poke|p2|Whimsicott, L50, M|\n|poke|p2|Archaludon, L50, F|\n|poke|p2|Ursaluna-Bloodmoon, L50, M|\n|teampreview|4\n|inactive|Battle timer is ON: inactive players will automatically lose when time's up. (requested by naioton)\n|inactive|VGCLTH <1000ELO also wants the timer to be on.\nnaioton rejected open team sheets.\n|inactive|VGCLTH <1000ELO has 60 seconds left.\n|inactive|naioton has 60 seconds left.\n|j| Former Fang\n|inactive|naioton has 30 seconds left.\n|\n|t:|1732214581\n|start\n|switch|p1a: Gholdengo|Gholdengo, L50|100\/100\n|switch|p1b: Dragonite|Dragonite, L50, M|100\/100\n|switch|p2a: Archaludon|Archaludon, L50, F|100\/100\n|switch|p2b: Ursaluna|Ursaluna-Bloodmoon, L50, M|100\/100\n|turn|1\n|j| VGCLTH skibidi\n|\n|t:|1732214597\n|-terastallize|p1a: Gholdengo|Flying\n|-terastallize|p2a: Archaludon|Water\n|move|p2b: Ursaluna|Protect|p2b: Ursaluna\n|-singleturn|p2b: Ursaluna|Protect\n|move|p1a: Gholdengo|Make It Rain|p2b: Ursaluna|[spread] p2a\n|-activate|p2b: Ursaluna|move: Protect\n|-resisted|p2a: Archaludon\n|-damage|p2a: Archaludon|72\/100\n|-unboost|p1a: Gholdengo|spa|1\n|-ability|p2a: Archaludon|Stamina|boost\n|-boost|p2a: Archaludon|def|1\n|move|p2a: Archaludon|Snarl|p1b: Dragonite|[spread] p1a,p1b\n|-damage|p1a: Gholdengo|85\/100\n|-damage|p1b: Dragonite|94\/100\n|-unboost|p1a: Gholdengo|spa|1\n|-unboost|p1b: Dragonite|spa|1\n|move|p1b: Dragonite|Earthquake|p2b: Ursaluna|[spread] p2a\n|-activate|p2b: Ursaluna|move: Protect\n|-immune|p1a: Gholdengo\n|-damage|p2a: Archaludon|52\/100\n|-ability|p2a: Archaludon|Stamina|boost\n|-boost|p2a: Archaludon|def|1\n|\n|upkeep\n|turn|2\n|inactive|VGCLTH <1000ELO has 30 seconds left.\n|inactive|naioton has 30 seconds left.\n|inactive|VGCLTH <1000ELO has 20 seconds left.\n|inactive|naioton has 20 seconds left.\n|inactive|VGCLTH <1000ELO has 15 seconds left.\n|inactive|VGCLTH <1000ELO has 10 seconds left.\n|\n|t:|1732214647\n|switch|p1a: Dondozo|Dondozo, L50, M|100\/100\n|switch|p1b: Tatsugiri|Tatsugiri, L50, F|100\/100\n|-activate|p1b: Tatsugiri|ability: Commander|[of] p1a: Dondozo\n|-boost|p1a: Dondozo|atk|2\n|-boost|p1a: Dondozo|spa|2\n|-boost|p1a: Dondozo|spe|2\n|-boost|p1a: Dondozo|def|2\n|-boost|p1a: Dondozo|spd|2\n|move|p2a: Archaludon|Draco Meteor|p1b: Tatsugiri|[miss]\n|-miss|p2a: Archaludon|p1b: Tatsugiri\n|move|p2b: Ursaluna|Blood Moon|p1a: Dondozo\n|-damage|p1a: Dondozo|41\/100\n|-damage|p2b: Ursaluna|91\/100|[from] item: Life Orb\n|\n|-heal|p1a: Dondozo|47\/100|[from] item: Leftovers\n|upkeep\n|turn|3\n|inactive|naioton has 30 seconds left.\n|\n|t:|1732214674\n|move|p2b: Ursaluna|Protect|p2b: Ursaluna\n|-singleturn|p2b: Ursaluna|Protect\n|move|p1a: Dondozo|Order Up|p2a: Archaludon\n|-damage|p2a: Archaludon|19\/100\n|-ability|p2a: Archaludon|Stamina|boost\n|-boost|p2a: Archaludon|def|1\n|-boost|p1a: Dondozo|atk|1\n|move|p2a: Archaludon|Draco Meteor|p1a: Dondozo\n|-damage|p1a: Dondozo|12\/100\n|-unboost|p2a: Archaludon|spa|2\n|\n|-heal|p1a: Dondozo|18\/100|[from] item: Leftovers\n|upkeep\n|turn|4\n|\n|t:|1732214689\n|switch|p2b: Dragonite|Dragonite, L50, M|100\/100\n|move|p1a: Dondozo|Wave Crash|p2b: Dragonite\n|-resisted|p2b: Dragonite\n|-damage|p2b: Dragonite|64\/100\n|-damage|p1a: Dondozo|8\/100|[from] Recoil\n|move|p2a: Archaludon|Draco Meteor|p1a: Dondozo\n|-damage|p1a: Dondozo|0 fnt\n|-unboost|p2a: Archaludon|spa|2\n|faint|p1a: Dondozo\n|\n|upkeep\n|\n|t:|1732214693\n|switch|p1a: Gholdengo|Gholdengo, L50, tera:Flying|85\/100\n|turn|5\n|\n|t:|1732214720\n|move|p1b: Tatsugiri|Protect|p1b: Tatsugiri\n|-singleturn|p1b: Tatsugiri|Protect\n|move|p2b: Dragonite|Extreme Speed|p1b: Tatsugiri\n|-activate|p1b: Tatsugiri|move: Protect\n|move|p1a: Gholdengo|Make It Rain|p2a: Archaludon|[spread] p2a,p2b\n|-resisted|p2a: Archaludon\n|-damage|p2a: Archaludon|0 fnt\n|-damage|p2b: Dragonite|0 fnt\n|-unboost|p1a: Gholdengo|spa|1\n|faint|p2a: Archaludon\n|faint|p2b: Dragonite\n|\n|upkeep\n|\n|t:|1732214730\n|switch|p2b: Ursaluna|Ursaluna-Bloodmoon, L50, M|91\/100\n|switch|p2a: Annihilape|Annihilape, L50, M|100\/100\n|turn|6\n|\n|t:|1732214740\n|move|p2a: Annihilape|Rock Slide|p1b: Tatsugiri|[spread] p1a,p1b\n|-supereffective|p1a: Gholdengo\n|-damage|p1a: Gholdengo|43\/100\n|-damage|p1b: Tatsugiri|68\/100\n|move|p1b: Tatsugiri|Draco Meteor|p2a: Annihilape\n|-damage|p2a: Annihilape|41\/100\n|-unboost|p1b: Tatsugiri|spa|2\n|move|p1a: Gholdengo|Make It Rain|p2a: Annihilape|[spread] p2a,p2b\n|-damage|p2a: Annihilape|0 fnt\n|-damage|p2b: Ursaluna|26\/100\n|-unboost|p1a: Gholdengo|spa|1\n|faint|p2a: Annihilape\n|move|p2b: Ursaluna|Hyper Voice|p1b: Tatsugiri|[spread] p1a,p1b\n|-damage|p1a: Gholdengo|0 fnt\n|-damage|p1b: Tatsugiri|3\/100\n|faint|p1a: Gholdengo\n|-damage|p2b: Ursaluna|17\/100|[from] item: Life Orb\n|\n|upkeep\n|\n|t:|1732214742\n|switch|p1a: Dragonite|Dragonite, L50, M|94\/100\n|turn|7\n|\n|t:|1732214760\n|move|p1a: Dragonite|Extreme Speed|p2b: Ursaluna\n|-damage|p2b: Ursaluna|0 fnt\n|faint|p2b: Ursaluna\n|\n|win|VGCLTH <1000ELO\n|raw|VGCLTH &lt;1000ELO's rating: 1819 &rarr; <strong>1839<\/strong><br \/>(+20 for winning)\n|raw|naioton's rating: 1814 &rarr; <strong>1794<\/strong><br \/>(-20 for losing)\n|l|\u2606VGCLTH <1000ELO\n|player|p1|\n|l|\u2606naioton\n|player|p2|\n|l| Former Fang\n|l| VGCLTH skibidi\n","uploadtime":1732215038,"views":20,"formatid":"gen9vgc2024regh","rating":1794,"private":0,"password":null}