{"id":"gen9vgc2024regh-2248035821","format":"[Gen 9] VGC 2024 Reg H","players":["CarryTheBoats","elvegis1"],"log":"|j|\u2606CarryTheBoats\n|j|\u2606elvegis1\n|t:|1732160128\n|gametype|doubles\n|player|p1|CarryTheBoats|crasherwake|1804\n|player|p2|elvegis1|lucas|1726\n|teamsize|p1|6\n|teamsize|p2|6\n|gen|9\n|tier|[Gen 9] VGC 2024 Reg H\n|rated|\n|rule|Species Clause: Limit one of each Pok\u00e9mon\n|rule|Item Clause: Limit 1 of each item\n|clearpoke\n|poke|p1|Dragonite, L50, F|\n|poke|p1|Sneasler, L50, F|\n|poke|p1|Indeedee, L50, M|\n|poke|p1|Electabuzz, L50, M|\n|poke|p1|Ursaluna-Bloodmoon, L50, M|\n|poke|p1|Talonflame, L50, M|\n|poke|p2|Incineroar, L50, F|\n|poke|p2|Gholdengo, L50|\n|poke|p2|Dondozo, L50, F|\n|poke|p2|Magnezone, L50|\n|poke|p2|Ursaluna, L50, F|\n|poke|p2|Dusclops, L50, F|\n|teampreview|4\n|inactive|Battle timer is ON: inactive players will automatically lose when time's up. (requested by elvegis1)\n|j| Cdnemoz\n|inactive|CarryTheBoats has 60 seconds left.\n|\n|t:|1732160164\n|start\n|switch|p1a: Ursaluna|Ursaluna-Bloodmoon, L50, M|100\/100\n|switch|p1b: Electabuzz|Electabuzz, L50, M|100\/100\n|switch|p2a: Incineroar|Incineroar, L50, F|100\/100\n|switch|p2b: Dusclops|Dusclops, L50, F|100\/100\n|-ability|p2a: Incineroar|Intimidate|boost\n|-unboost|p1a: Ursaluna|atk|1\n|-unboost|p1b: Electabuzz|atk|1\n|-item|p1a: Ursaluna|Life Orb|[from] ability: Frisk|[of] p2b: Dusclops\n|-item|p1b: Electabuzz|Eviolite|[from] ability: Frisk|[of] p2b: Dusclops\n|turn|1\n|inactive|elvegis1 has 30 seconds left.\n|inactive|elvegis1 has 20 seconds left.\n|\n|t:|1732160200\n|switch|p2b: Dondozo|Dondozo, L50, F|100\/100\n|-terastallize|p1a: Ursaluna|Normal\n|move|p1b: Electabuzz|Helping Hand|p1a: Ursaluna\n|-singleturn|p1a: Ursaluna|Helping Hand|[of] p1b: Electabuzz\n|move|p1a: Ursaluna|Blood Moon|p2b: Dondozo\n|-damage|p2b: Dondozo|0 fnt\n|faint|p2b: Dondozo\n|-damage|p1a: Ursaluna|91\/100|[from] item: Life Orb\n|move|p2a: Incineroar|Parting Shot|p1a: Ursaluna\n|-unboost|p1a: Ursaluna|atk|1\n|-unboost|p1a: Ursaluna|spa|1\n|\n|t:|1732160216\n|switch|p2a: Ursaluna|Ursaluna, L50, F|100\/100|[from] Parting Shot\n|\n|-status|p2a: Ursaluna|brn|[from] item: Flame Orb\n|upkeep\n|j| a2kadet\n|\n|t:|1732160230\n|switch|p2b: Dusclops|Dusclops, L50, F|100\/100\n|-item|p1a: Ursaluna|Life Orb|[from] ability: Frisk|[of] p2b: Dusclops\n|-item|p1b: Electabuzz|Eviolite|[from] ability: Frisk|[of] p2b: Dusclops\n|turn|2\n|\n|t:|1732160250\n|move|p1b: Electabuzz|Helping Hand|p1a: Ursaluna\n|-singleturn|p1a: Ursaluna|Helping Hand|[of] p1b: Electabuzz\n|move|p1a: Ursaluna|Hyper Voice|p2b: Dusclops|[spread] p2a,p2b\n|-damage|p2a: Ursaluna|48\/100 brn\n|-damage|p2b: Dusclops|63\/100\n|-damage|p1a: Ursaluna|81\/100|[from] item: Life Orb\n|move|p2a: Ursaluna|Facade|p1a: Ursaluna\n|-damage|p1a: Ursaluna|0 fnt\n|faint|p1a: Ursaluna\n|move|p2b: Dusclops|Trick Room|p2b: Dusclops\n|-fieldstart|move: Trick Room|[of] p2b: Dusclops\n|\n|-damage|p2a: Ursaluna|42\/100 brn|[from] brn\n|upkeep\n|\n|t:|1732160256\n|switch|p1a: Indeedee|Indeedee, L50, M|100\/100\n|-fieldstart|move: Psychic Terrain|[from] ability: Psychic Surge|[of] p1a: Indeedee\n|turn|3\n|\n|t:|1732160278\n|move|p1b: Electabuzz|Follow Me|p1b: Electabuzz\n|-singleturn|p1b: Electabuzz|move: Follow Me\n|move|p2b: Dusclops|Pain Split|p1b: Electabuzz\n|-sethp|p1b: Electabuzz|77\/100|[from] move: Pain Split|[silent]\n|-sethp|p2b: Dusclops|90\/100|[from] move: Pain Split\n|move|p2a: Ursaluna|Earthquake|p1a: Indeedee|[spread] p2b,p1a,p1b\n|-supereffective|p1b: Electabuzz\n|-damage|p2b: Dusclops|53\/100\n|-enditem|p1a: Indeedee|Focus Sash\n|-damage|p1a: Indeedee|1\/100\n|-damage|p1b: Electabuzz|0 fnt\n|faint|p1b: Electabuzz\n|move|p1a: Indeedee|Trick Room|p1a: Indeedee\n|-fieldend|move: Trick Room\n|\n|-damage|p2a: Ursaluna|36\/100 brn|[from] brn\n|upkeep\n|\n|t:|1732160283\n|switch|p1b: Sneasler|Sneasler, L50, F|100\/100\n|-enditem|p1b: Sneasler|Psychic Seed\n|-boost|p1b: Sneasler|spd|1|[from] item: Psychic Seed\n|turn|4\n|inactive|elvegis1 has 30 seconds left.\n|inactive|elvegis1 has 20 seconds left.\n|inactive|elvegis1 has 15 seconds left.\n|\n|t:|1732160327\n|switch|p2b: Incineroar|Incineroar, L50, F|100\/100\n|-ability|p2b: Incineroar|Intimidate|boost\n|-unboost|p1a: Indeedee|atk|1\n|-unboost|p1b: Sneasler|atk|1\n|move|p1b: Sneasler|Throat Chop|p2b: Incineroar\n|-resisted|p2b: Incineroar\n|-damage|p2b: Incineroar|92\/100\n|-start|p2b: Incineroar|Throat Chop|[silent]\n|move|p1a: Indeedee|Expanding Force|p2a: Ursaluna|[spread] p2a\n|-immune|p2b: Incineroar\n|-damage|p2a: Ursaluna|0 fnt\n|faint|p2a: Ursaluna\n|\n|upkeep\n|\n|t:|1732160337\n|switch|p2a: Dusclops|Dusclops, L50, F|53\/100\n|turn|5\n|\n|t:|1732160349\n|move|p1b: Sneasler|Throat Chop|p2a: Dusclops\n|-supereffective|p2a: Dusclops\n|-damage|p2a: Dusclops|30\/100\n|-start|p2a: Dusclops|Throat Chop|[silent]\n|move|p1a: Indeedee|Expanding Force|p2a: Dusclops|[spread] p2a\n|-immune|p2b: Incineroar\n|-damage|p2a: Dusclops|1\/100\n|move|p2b: Incineroar|Knock Off|p1a: Indeedee\n|-supereffective|p1a: Indeedee\n|-damage|p1a: Indeedee|0 fnt\n|faint|p1a: Indeedee\n|move|p2a: Dusclops|Trick Room|p2a: Dusclops\n|-fieldstart|move: Trick Room|[of] p2a: Dusclops\n|\n|-end|p2b: Incineroar|Throat Chop|[silent]\n|upkeep\n|turn|6\n|\n|t:|1732160367\n|move|p1b: Sneasler|Protect|p1b: Sneasler\n|-singleturn|p1b: Sneasler|Protect\n|move|p2a: Dusclops|Pain Split|p1b: Sneasler\n|-activate|p1b: Sneasler|move: Protect\n|move|p2b: Incineroar|Flare Blitz|p1b: Sneasler\n|-activate|p1b: Sneasler|move: Protect\n|\n|-end|p2a: Dusclops|Throat Chop|[silent]\n|upkeep\n|turn|7\n|\n|t:|1732160378\n|move|p2a: Dusclops|Pain Split|p1b: Sneasler\n|-sethp|p1b: Sneasler|51\/100|[from] move: Pain Split|[silent]\n|-sethp|p2a: Dusclops|58\/100|[from] move: Pain Split\n|move|p2b: Incineroar|Flare Blitz|p1b: Sneasler\n|-damage|p1b: Sneasler|0 fnt\n|faint|p1b: Sneasler\n|-damage|p2b: Incineroar|78\/100|[from] Recoil\n|\n|win|elvegis1\n|raw|CarryTheBoats's rating: 1804 &rarr; <strong>1780<\/strong><br \/>(-24 for losing)\n|raw|elvegis1's rating: 1726 &rarr; <strong>1750<\/strong><br \/>(+24 for winning)\n|l|\u2606CarryTheBoats\n|player|p1|\n|l|\u2606elvegis1\n|player|p2|\n|l| Cdnemoz\n|l| a2kadet\n","uploadtime":1732160542,"views":24,"formatid":"gen9vgc2024regh","rating":1750,"private":0,"password":null}