{"id":"gen9vgc2024regh-2248535743","format":"[Gen 9] VGC 2024 Reg H","players":["VGCLTH <1000ELO","zip520520"],"log":"|raw|<div class=\"broadcast-blue\"><strong>This battle is required to be public due to a player having a name starting with 'vgclth'.<\/div>\n|j|\u2606VGCLTH <1000ELO\n|j|\u2606zip520520\n|t:|1732223935\n|gametype|doubles\n|player|p1|VGCLTH <1000ELO|170|1784\n|player|p2|zip520520|170|1773\n|teamsize|p1|6\n|teamsize|p2|6\n|gen|9\n|tier|[Gen 9] VGC 2024 Reg H\n|rated|\n|rule|Species Clause: Limit one of each Pok\u00e9mon\n|rule|Item Clause: Limit 1 of each item\n|clearpoke\n|poke|p1|Dondozo, L50, M|\n|poke|p1|Tatsugiri, L50, M|\n|poke|p1|Dragonite, L50, M|\n|poke|p1|Gholdengo, L50|\n|poke|p1|Glimmora, L50, F|\n|poke|p1|Talonflame, L50, M|\n|poke|p2|Gholdengo, L50|\n|poke|p2|Garchomp, L50, F|\n|poke|p2|Glimmora, L50, M|\n|poke|p2|Tyranitar, L50, M|\n|poke|p2|Primarina, L50, M|\n|poke|p2|Sinistcha, L50|\n|teampreview|4\n|inactive|Battle timer is ON: inactive players will automatically lose when time's up. (requested by VGCLTH <1000ELO)\n|inactive|zip520520 also wants the timer to be on.\n|j| kyo9t\n|inactive|zip520520 has 60 seconds left.\n|inactive|zip520520 has 30 seconds left.\n|inactive|zip520520 has 20 seconds left.\n|inactive|zip520520 has 15 seconds left.\n|inactive|zip520520 has 10 seconds left.\n|\n|t:|1732224020\n|start\n|switch|p1a: Dondozo|Dondozo, L50, M|100\/100\n|switch|p1b: Gholdengo|Gholdengo, L50|100\/100\n|switch|p2a: Sinistcha|Sinistcha, L50|100\/100\n|switch|p2b: Glimmora|Glimmora, L50, M|100\/100\n|turn|1\n|inactive|VGCLTH <1000ELO has 30 seconds left.\n|inactive|VGCLTH <1000ELO has 20 seconds left.\n|\n|t:|1732224056\n|switch|p1a: Dragonite|Dragonite, L50, M|100\/100\n|-terastallize|p2a: Sinistcha|Water\n|move|p2b: Glimmora|Earth Power|p1b: Gholdengo\n|-supereffective|p1b: Gholdengo\n|-damage|p1b: Gholdengo|28\/100\n|move|p1b: Gholdengo|Make It Rain|p2b: Glimmora|[spread] p2a,p2b\n|-resisted|p2a: Sinistcha\n|-supereffective|p2b: Glimmora\n|-damage|p2a: Sinistcha|70\/100\n|-enditem|p2b: Glimmora|Focus Sash\n|-damage|p2b: Glimmora|1\/100\n|-unboost|p1b: Gholdengo|spa|1\n|move|p2a: Sinistcha|Trick Room|p2a: Sinistcha\n|-fieldstart|move: Trick Room|[of] p2a: Sinistcha\n|\n|upkeep\n|turn|2\n|inactive|VGCLTH <1000ELO has 30 seconds left.\n|inactive|zip520520 has 30 seconds left.\n|j| Former Fang\n|inactive|VGCLTH <1000ELO has 20 seconds left.\n|inactive|zip520520 has 20 seconds left.\n|inactive|VGCLTH <1000ELO has 15 seconds left.\n|inactive|zip520520 has 15 seconds left.\n|inactive|VGCLTH <1000ELO has 10 seconds left.\n|inactive|VGCLTH <1000ELO has 5 seconds left.\n|\n|t:|1732224111\n|-terastallize|p1a: Dragonite|Normal\n|move|p2a: Sinistcha|Matcha Gotcha|p1a: Dragonite|[spread] p1a,p1b\n|-resisted|p1b: Gholdengo\n|-crit|p1b: Gholdengo\n|-damage|p1a: Dragonite|90\/100\n|-heal|p2a: Sinistcha|76\/100|[from] drain|[of] p1a: Dragonite\n|-damage|p1b: Gholdengo|7\/100\n|-heal|p2a: Sinistcha|85\/100|[from] drain|[of] p1b: Gholdengo\n|move|p1a: Dragonite|Outrage|p2b: Glimmora\n|-damage|p2b: Glimmora|0 fnt\n|-activate|p2b: Glimmora|ability: Toxic Debris\n|-sidestart|p1: VGCLTH <1000ELO|move: Toxic Spikes\n|faint|p2b: Glimmora\n|move|p1b: Gholdengo|Make It Rain|p2a: Sinistcha\n|-resisted|p2a: Sinistcha\n|-damage|p2a: Sinistcha|55\/100\n|-unboost|p1b: Gholdengo|spa|1\n|\n|upkeep\n|\n|t:|1732224135\n|switch|p2b: Primarina|Primarina, L50, M|100\/100\n|turn|3\n|\n|t:|1732224151\n|switch|p1b: Dondozo|Dondozo, L50, M|100\/100\n|-status|p1b: Dondozo|psn\n|move|p2a: Sinistcha|Matcha Gotcha|p1a: Dragonite|[spread] p1a,p1b\n|-supereffective|p1b: Dondozo\n|-damage|p1a: Dragonite|67\/100\n|-heal|p2a: Sinistcha|68\/100|[from] drain|[of] p1a: Dragonite\n|-damage|p1b: Dondozo|50\/100 psn\n|-heal|p2a: Sinistcha|99\/100|[from] drain|[of] p1b: Dondozo\n|move|p2b: Primarina|Hyper Voice|p1b: Dondozo|[spread] p1a,p1b\n|-resisted|p1b: Dondozo\n|-damage|p1a: Dragonite|26\/100\n|-damage|p1b: Dondozo|21\/100 psn\n|-damage|p2b: Primarina|91\/100|[from] item: Life Orb\n|move|p1a: Dragonite|Outrage|p2a: Sinistcha|[from]lockedmove\n|-damage|p2a: Sinistcha|8\/100\n|-enditem|p2a: Sinistcha|Sitrus Berry|[eat]\n|-heal|p2a: Sinistcha|33\/100|[from] item: Sitrus Berry\n|\n|-heal|p1b: Dondozo|28\/100 psn|[from] item: Leftovers\n|-damage|p1b: Dondozo|15\/100 psn|[from] psn\n|upkeep\n|turn|4\n|inactive|zip520520 has 30 seconds left.\n|inactive|VGCLTH <1000ELO has 30 seconds left.\n|\n|t:|1732224189\n|switch|p1b: Tatsugiri|Tatsugiri, L50, M|100\/100\n|-status|p1b: Tatsugiri|psn\n|move|p2a: Sinistcha|Life Dew|p2a: Sinistcha|[spread] p2a,p2b\n|-heal|p2a: Sinistcha|58\/100\n|-heal|p2b: Primarina|100\/100\n|move|p2b: Primarina|Hyper Voice|p1b: Tatsugiri|[spread] p1a,p1b\n|-resisted|p1b: Tatsugiri\n|-damage|p1a: Dragonite|0 fnt\n|-damage|p1b: Tatsugiri|83\/100 psn\n|faint|p1a: Dragonite\n|-damage|p2b: Primarina|91\/100|[from] item: Life Orb\n|\n|-damage|p1b: Tatsugiri|71\/100 psn|[from] psn\n|upkeep\n|\n|t:|1732224197\n|switch|p1a: Dondozo|Dondozo, L50, M|15\/100 psn\n|-activate|p1b: Tatsugiri|ability: Commander|[of] p1a: Dondozo\n|-boost|p1a: Dondozo|atk|2\n|-boost|p1a: Dondozo|spa|2\n|-boost|p1a: Dondozo|spe|2\n|-boost|p1a: Dondozo|def|2\n|-boost|p1a: Dondozo|spd|2\n|turn|5\n|inactive|zip520520 has 30 seconds left.\n|\n|t:|1732224227\n|move|p2a: Sinistcha|Matcha Gotcha|p1b: Tatsugiri|[spread] p1a\n|-miss|p2a: Sinistcha|p1b: Tatsugiri\n|-supereffective|p1a: Dondozo\n|-damage|p1a: Dondozo|0 fnt\n|-heal|p2a: Sinistcha|68\/100|[from] drain|[of] p1a: Dondozo\n|faint|p1a: Dondozo\n|move|p2b: Primarina|Haze|p2b: Primarina\n|-clearallboost\n|\n|-damage|p1b: Tatsugiri|58\/100 psn|[from] psn\n|-fieldend|move: Trick Room\n|upkeep\n|\n|t:|1732224229\n|switch|p1a: Gholdengo|Gholdengo, L50|7\/100\n|turn|6\n|\n|t:|1732224251\n|move|p2b: Primarina|Protect|p2b: Primarina\n|-singleturn|p2b: Primarina|Protect\n|move|p1b: Tatsugiri|Dragon Pulse|p2a: Sinistcha\n|-damage|p2a: Sinistcha|34\/100\n|move|p1a: Gholdengo|Make It Rain|p2b: Primarina|[spread] p2a\n|-activate|p2b: Primarina|move: Protect\n|-resisted|p2a: Sinistcha\n|-damage|p2a: Sinistcha|3\/100\n|-unboost|p1a: Gholdengo|spa|1\n|move|p2a: Sinistcha|Matcha Gotcha|p1a: Gholdengo|[spread] p1b\n|-miss|p2a: Sinistcha|p1a: Gholdengo\n|-damage|p1b: Tatsugiri|26\/100 psn\n|-heal|p2a: Sinistcha|16\/100|[from] drain|[of] p1b: Tatsugiri\n|\n|-damage|p1b: Tatsugiri|14\/100 psn|[from] psn\n|upkeep\n|turn|7\n|inactive|zip520520 has 30 seconds left.\n|\n|t:|1732224281\n|move|p2a: Sinistcha|Rage Powder|p2a: Sinistcha\n|-singleturn|p2a: Sinistcha|move: Rage Powder\n|move|p1b: Tatsugiri|Muddy Water|p2b: Primarina|[spread] p2a\n|-miss|p1b: Tatsugiri|p2b: Primarina\n|-resisted|p2a: Sinistcha\n|-damage|p2a: Sinistcha|3\/100\n|move|p1a: Gholdengo|Make It Rain|p2b: Primarina|[spread] p2a,p2b\n|-resisted|p2a: Sinistcha\n|-damage|p2a: Sinistcha|0 fnt\n|-damage|p2b: Primarina|45\/100\n|-unboost|p1a: Gholdengo|spa|1\n|faint|p2a: Sinistcha\n|move|p2b: Primarina|Hyper Voice|p1b: Tatsugiri|[spread] p1a,p1b\n|-resisted|p1b: Tatsugiri\n|-damage|p1a: Gholdengo|0 fnt\n|-damage|p1b: Tatsugiri|0 fnt\n|faint|p1a: Gholdengo\n|faint|p1b: Tatsugiri\n|-damage|p2b: Primarina|36\/100|[from] item: Life Orb\n|\n|win|zip520520\n|raw|VGCLTH &lt;1000ELO's rating: 1784 &rarr; <strong>1763<\/strong><br \/>(-21 for losing)\n|raw|zip520520's rating: 1773 &rarr; <strong>1794<\/strong><br \/>(+21 for winning)\n|l|\u2606VGCLTH <1000ELO\n|player|p1|\n|l| Former Fang\n|l|\u2606zip520520\n|player|p2|\n","uploadtime":1732224548,"views":14,"formatid":"gen9vgc2024regh","rating":1763,"private":0,"password":null}