{"id":"gen9vgc2024regh-2248212196","format":"[Gen 9] VGC 2024 Reg H","players":["Djjwjwwjj","zip520520"],"log":"|j|\u2606Djjwjwwjj\n|j|\u2606zip520520\n|t:|1732190933\n|gametype|doubles\n|player|p1|Djjwjwwjj|170|1717\n|player|p2|zip520520|265|1792\n|teamsize|p1|6\n|teamsize|p2|6\n|gen|9\n|tier|[Gen 9] VGC 2024 Reg H\n|rated|\n|rule|Species Clause: Limit one of each Pok\u00e9mon\n|rule|Item Clause: Limit 1 of each item\n|clearpoke\n|poke|p1|Palafin, L50, F|\n|poke|p1|Incineroar, L50, F|\n|poke|p1|Gholdengo, L50|\n|poke|p1|Amoonguss, L50, F|\n|poke|p1|Dragonite, L50, F|\n|poke|p1|Pelipper, L50, F|\n|poke|p2|Volcarona, L50, M|\n|poke|p2|Sneasler, L50, F|\n|poke|p2|Garchomp, L50, M|\n|poke|p2|Whimsicott, L50, M|\n|poke|p2|Kingambit, L50, F|\n|poke|p2|Amoonguss, L50, F|\n|teampreview|4\n|inactive|Battle timer is ON: inactive players will automatically lose when time's up. (requested by Djjwjwwjj)\n|inactive|zip520520 also wants the timer to be on.\n|inactive|Djjwjwwjj has 60 seconds left.\n|inactive|zip520520 has 60 seconds left.\n|\n|t:|1732190971\n|start\n|switch|p1a: Palafin|Palafin, L50, F|100\/100\n|switch|p1b: Dragonite|Dragonite, L50, F|100\/100\n|switch|p2a: Garchomp|Garchomp, L50, M|100\/100\n|switch|p2b: Whimsicott|Whimsicott, L50, M|100\/100\n|turn|1\n|j| WattoVGC\n|\n|t:|1732190990\n|-terastallize|p2a: Garchomp|Fairy\n|move|p2b: Whimsicott|Tailwind|p2b: Whimsicott\n|-sidestart|p2: zip520520|move: Tailwind\n|move|p2a: Garchomp|Breaking Swipe|p1b: Dragonite|[spread] p1a,p1b\n|-supereffective|p1b: Dragonite\n|-damage|p1a: Palafin|73\/100\n|-damage|p1b: Dragonite|76\/100\n|-unboost|p1a: Palafin|atk|1\n|-unboost|p1b: Dragonite|atk|1\n|move|p1a: Palafin|Flip Turn|p2b: Whimsicott\n|-resisted|p2b: Whimsicott\n|-damage|p2b: Whimsicott|91\/100\n|\n|t:|1732191004\n|detailschange|p1a: Palafin|Palafin-Hero, L50, F\n|switch|p1a: Amoonguss|Amoonguss, L50, F|100\/100|[from] Flip Turn\n|move|p1b: Dragonite|Ice Spinner|p2b: Whimsicott\n|-supereffective|p2b: Whimsicott\n|-damage|p2b: Whimsicott|54\/100\n|\n|upkeep\n|turn|2\n|inactive|Djjwjwwjj has 30 seconds left.\n|\n|t:|1732191029\n|switch|p1b: Pelipper|Pelipper, L50, F|100\/100\n|-weather|RainDance|[from] ability: Drizzle|[of] p1b: Pelipper\n|move|p2a: Garchomp|Rock Slide|p1a: Amoonguss|[spread] p1a,p1b\n|-supereffective|p1b: Pelipper\n|-damage|p1a: Amoonguss|85\/100\n|-damage|p1b: Pelipper|48\/100\n|move|p2b: Whimsicott|Moonblast|p1b: Pelipper\n|-damage|p1b: Pelipper|0 fnt\n|faint|p1b: Pelipper\n|move|p1a: Amoonguss|Sludge Bomb|p2b: Whimsicott\n|-supereffective|p2b: Whimsicott\n|-damage|p2b: Whimsicott|0 fnt\n|faint|p2b: Whimsicott\n|\n|-weather|RainDance|[upkeep]\n|upkeep\n|\n|t:|1732191049\n|switch|p2b: Amoonguss|Amoonguss, L50, F|100\/100\n|switch|p1b: Palafin|Palafin-Hero, L50, F|73\/100\n|-activate|p1b: Palafin|ability: Zero to Hero\n|turn|3\n|inactive|Djjwjwwjj has 30 seconds left.\n|\n|t:|1732191079\n|move|p2a: Garchomp|Protect|p2a: Garchomp\n|-singleturn|p2a: Garchomp|Protect\n|move|p1b: Palafin|Flip Turn|p2b: Amoonguss\n|-resisted|p2b: Amoonguss\n|-damage|p2b: Amoonguss|67\/100\n|\n|t:|1732191085\n|switch|p1b: Dragonite|Dragonite, L50, F|76\/100|[from] Flip Turn\n|move|p2b: Amoonguss|Spore|p1b: Dragonite\n|-status|p1b: Dragonite|slp|[from] move: Spore\n|move|p1a: Amoonguss|Spore|p2a: Garchomp\n|-activate|p2a: Garchomp|move: Protect\n|\n|-weather|RainDance|[upkeep]\n|upkeep\n|turn|4\n|j| thelasttheorem\n|inactive|Djjwjwwjj has 30 seconds left.\n|inactive|zip520520 has 30 seconds left.\n|\n|t:|1732191115\n|switch|p1b: Palafin|Palafin-Hero, L50, F|73\/100\n|switch|p2b: Volcarona|Volcarona, L50, M|100\/100\n|move|p2a: Garchomp|Rock Slide|p1b: Palafin|[spread] p1a,p1b\n|-damage|p1a: Amoonguss|68\/100\n|-damage|p1b: Palafin|53\/100\n|move|p1a: Amoonguss|Spore|p2a: Garchomp\n|-status|p2a: Garchomp|slp|[from] move: Spore\n|\n|-weather|RainDance|[upkeep]\n|-sideend|p2: zip520520|move: Tailwind\n|upkeep\n|turn|5\n|inactive|Djjwjwwjj has 30 seconds left.\n|\n|t:|1732191149\n|switch|p2b: Amoonguss|Amoonguss, L50, F|100\/100\n|-terastallize|p1b: Palafin|Water\n|cant|p2a: Garchomp|slp\n|move|p1b: Palafin|Flip Turn|p2a: Garchomp\n|-damage|p2a: Garchomp|0 fnt\n|-damage|p1b: Palafin|41\/100|[from] ability: Rough Skin|[of] p2a: Garchomp\n|faint|p2a: Garchomp\n|j| MillerH33\n|\n|t:|1732191159\n|switch|p1b: Dragonite|Dragonite, L50, F|76\/100 slp|[from] Flip Turn\n|move|p1a: Amoonguss|Spore|p2b: Amoonguss\n|-immune|p2b: Amoonguss\n|\n|-weather|RainDance|[upkeep]\n|upkeep\n|\n|t:|1732191168\n|switch|p2a: Volcarona|Volcarona, L50, M|100\/100\n|turn|6\n|\n|t:|1732191191\n|switch|p1a: Palafin|Palafin-Hero, L50, F, tera:Water|41\/100\n|move|p2a: Volcarona|Heat Wave|p1a: Palafin|[spread] p1a,p1b\n|-resisted|p1a: Palafin\n|-resisted|p1b: Dragonite\n|-damage|p1a: Palafin|30\/100\n|-damage|p1b: Dragonite|64\/100 slp\n|cant|p1b: Dragonite|slp\n|move|p2b: Amoonguss|Spore|p1b: Dragonite\n|-fail|p1b: Dragonite|slp\n|\n|-weather|none\n|upkeep\n|turn|7\n|inactive|Djjwjwwjj has 30 seconds left.\n|\n|t:|1732191217\n|move|p2b: Amoonguss|Rage Powder|p2b: Amoonguss\n|-singleturn|p2b: Amoonguss|move: Rage Powder\n|move|p2a: Volcarona|Heat Wave|p1a: Palafin|[spread] p1a,p1b\n|-resisted|p1a: Palafin\n|-resisted|p1b: Dragonite\n|-damage|p1a: Palafin|8\/100\n|-damage|p1b: Dragonite|41\/100 slp\n|-status|p1a: Palafin|brn\n|move|p1a: Palafin|Wave Crash|p2b: Amoonguss\n|-resisted|p2b: Amoonguss\n|-damage|p2b: Amoonguss|72\/100\n|-damage|p1a: Palafin|0 fnt|[from] Recoil\n|faint|p1a: Palafin\n|cant|p1b: Dragonite|slp\n|\n|upkeep\n|\n|t:|1732191231\n|switch|p1a: Amoonguss|Amoonguss, L50, F|100\/100\n|turn|8\n|\n|t:|1732191252\n|-curestatus|p1b: Dragonite|slp|[msg]\n|move|p1b: Dragonite|Protect|p1b: Dragonite\n|-singleturn|p1b: Dragonite|Protect\n|move|p2b: Amoonguss|Rage Powder|p2b: Amoonguss\n|-singleturn|p2b: Amoonguss|move: Rage Powder\n|move|p2a: Volcarona|Heat Wave|p1b: Dragonite|[spread] p1a\n|-activate|p1b: Dragonite|move: Protect\n|-supereffective|p1a: Amoonguss\n|-damage|p1a: Amoonguss|35\/100\n|move|p1a: Amoonguss|Spore|p2a: Volcarona\n|-status|p2a: Volcarona|slp|[from] move: Spore\n|\n|upkeep\n|turn|9\n|\n|t:|1732191272\n|cant|p2a: Volcarona|slp\n|move|p1b: Dragonite|Scale Shot|p2a: Volcarona\n|-damage|p2a: Volcarona|78\/100 slp\n|-damage|p2a: Volcarona|55\/100 slp\n|-damage|p2a: Volcarona|31\/100 slp\n|-damage|p2a: Volcarona|5\/100 slp\n|-damage|p2a: Volcarona|0 fnt\n|faint|p2a: Volcarona\n|-hitcount|p2: Volcarona|5\n|-unboost|p1b: Dragonite|def|1\n|-boost|p1b: Dragonite|spe|1\n|move|p1a: Amoonguss|Sludge Bomb|p2b: Amoonguss\n|-damage|p2b: Amoonguss|47\/100\n|-enditem|p2b: Amoonguss|Sitrus Berry|[eat]\n|-heal|p2b: Amoonguss|72\/100|[from] item: Sitrus Berry\n|move|p2b: Amoonguss|Spore|p1b: Dragonite\n|-status|p1b: Dragonite|slp|[from] move: Spore\n|\n|upkeep\n|turn|10\n|\n|t:|1732191295\n|cant|p1b: Dragonite|slp\n|move|p1a: Amoonguss|Sludge Bomb|p2b: Amoonguss\n|-damage|p2b: Amoonguss|49\/100\n|move|p2b: Amoonguss|Clear Smog|p1b: Dragonite\n|-damage|p1b: Dragonite|24\/100 slp\n|-clearboost|p1b: Dragonite\n|\n|upkeep\n|turn|11\n|-message|zip520520 forfeited.\n|\n|win|Djjwjwwjj\n|raw|Djjwjwwjj's rating: 1717 &rarr; <strong>1741<\/strong><br \/>(+24 for winning)\n|raw|zip520520's rating: 1792 &rarr; <strong>1768<\/strong><br \/>(-24 for losing)\n|l|\u2606zip520520\n|player|p2|\n|l|\u2606Djjwjwwjj\n|player|p1|\n|l| thelasttheorem\n|l| WattoVGC\n","uploadtime":1732191458,"views":16,"formatid":"gen9vgc2024regh","rating":1741,"private":0,"password":null}