{"id":"gen9vgc2024regh-2248710302","format":"[Gen 9] VGC 2024 Reg H","players":["bluestraggler02","Proffesor_Karrot"],"log":"|j|\u2606bluestraggler02\n|j|\u2606Proffesor_Karrot\n|t:|1732244817\n|gametype|doubles\n|player|p1|bluestraggler02|102|1673\n|player|p2|Proffesor_Karrot|lady|1742\n|teamsize|p1|6\n|teamsize|p2|6\n|gen|9\n|tier|[Gen 9] VGC 2024 Reg H\n|rated|\n|rule|Species Clause: Limit one of each Pok\u00e9mon\n|rule|Item Clause: Limit 1 of each item\n|clearpoke\n|poke|p1|Skeledirge, L50, F|\n|poke|p1|Porygon2, L50|\n|poke|p1|Ursaluna, L50, F|\n|poke|p1|Amoonguss, L50, M|\n|poke|p1|Maushold-Four, L50|\n|poke|p1|Archaludon, L50, M|\n|poke|p2|Incineroar, L50, F|\n|poke|p2|Rillaboom, L50, F|\n|poke|p2|Chesnaught, L50, F|\n|poke|p2|Volcarona, L50, F|\n|poke|p2|Primarina, L50, F|\n|poke|p2|Dragonite, L50, F|\n|teampreview|4\n|inactive|Battle timer is ON: inactive players will automatically lose when time's up. (requested by Proffesor_Karrot)\n|j| jimothym1\n|inactive|bluestraggler02 has 60 seconds left.\n|\n|t:|1732244853\n|start\n|switch|p1a: \u80b2\u5e7c\u4e01\u771f|Maushold-Four, L50|100\/100\n|switch|p1b: \u786c\u781a\u4e01\u771f|Archaludon, L50, M|100\/100\n|switch|p2a: Chesnaught|Chesnaught, L50, F, shiny|100\/100\n|switch|p2b: Volcarona|Volcarona, L50, F|100\/100\n|turn|1\n|\n|t:|1732244873\n|move|p2b: Volcarona|Rage Powder|p2b: Volcarona\n|-singleturn|p2b: Volcarona|move: Rage Powder\n|move|p1a: \u80b2\u5e7c\u4e01\u771f|Population Bomb|p2b: Volcarona\n|-damage|p2b: Volcarona|90\/100\n|-status|p1a: \u80b2\u5e7c\u4e01\u771f|brn|[from] ability: Flame Body|[of] p2b: Volcarona\n|-damage|p2b: Volcarona|84\/100\n|-damage|p2b: Volcarona|80\/100\n|-damage|p2b: Volcarona|74\/100\n|-damage|p2b: Volcarona|69\/100\n|-damage|p2b: Volcarona|64\/100\n|-damage|p2b: Volcarona|59\/100\n|-damage|p2b: Volcarona|54\/100\n|-damage|p2b: Volcarona|49\/100\n|-damage|p2b: Volcarona|45\/100\n|-hitcount|p2b: Volcarona|10\n|move|p1b: \u786c\u781a\u4e01\u771f|Electro Shot||[still]\n|-prepare|p1b: \u786c\u781a\u4e01\u771f|Electro Shot\n|-boost|p1b: \u786c\u781a\u4e01\u771f|spa|1\n|-enditem|p1b: \u786c\u781a\u4e01\u771f|Power Herb\n|-anim|p1b: \u786c\u781a\u4e01\u771f|Electro Shot|p2b: Volcarona\n|-damage|p2b: Volcarona|0 fnt\n|faint|p2b: Volcarona\n|move|p2a: Chesnaught|Belly Drum|p2a: Chesnaught\n|-damage|p2a: Chesnaught|50\/100\n|-setboost|p2a: Chesnaught|atk|6|[from] move: Belly Drum\n|-enditem|p2a: Chesnaught|Sitrus Berry|[eat]\n|-heal|p2a: Chesnaught|75\/100|[from] item: Sitrus Berry\n|\n|-damage|p1a: \u80b2\u5e7c\u4e01\u771f|94\/100 brn|[from] brn\n|upkeep\n|\n|t:|1732244897\n|switch|p2b: Rillaboom|Rillaboom, L50, F, shiny|100\/100\n|-fieldstart|move: Grassy Terrain|[from] ability: Grassy Surge|[of] p2b: Rillaboom\n|turn|2\n|\n|t:|1732244902\n|move|p1a: \u80b2\u5e7c\u4e01\u771f|Protect|p1a: \u80b2\u5e7c\u4e01\u771f\n|-singleturn|p1a: \u80b2\u5e7c\u4e01\u771f|Protect\n|move|p1b: \u786c\u781a\u4e01\u771f|Protect|p1b: \u786c\u781a\u4e01\u771f\n|-singleturn|p1b: \u786c\u781a\u4e01\u771f|Protect\n|move|p2b: Rillaboom|Fake Out|p1b: \u786c\u781a\u4e01\u771f\n|-activate|p1b: \u786c\u781a\u4e01\u771f|move: Protect\n|move|p2a: Chesnaught|Grassy Glide|p1a: \u80b2\u5e7c\u4e01\u771f\n|-activate|p1a: \u80b2\u5e7c\u4e01\u771f|move: Protect\n|\n|-heal|p1a: \u80b2\u5e7c\u4e01\u771f|100\/100 brn|[from] Grassy Terrain\n|-heal|p2a: Chesnaught|81\/100|[from] Grassy Terrain\n|-damage|p1a: \u80b2\u5e7c\u4e01\u771f|94\/100 brn|[from] brn\n|upkeep\n|turn|3\n|\n|t:|1732244920\n|move|p1a: \u80b2\u5e7c\u4e01\u771f|Follow Me|p1a: \u80b2\u5e7c\u4e01\u771f\n|-singleturn|p1a: \u80b2\u5e7c\u4e01\u771f|move: Follow Me\n|move|p1b: \u786c\u781a\u4e01\u771f|Flash Cannon|p2a: Chesnaught\n|-crit|p2a: Chesnaught\n|-damage|p2a: Chesnaught|0 fnt\n|faint|p2a: Chesnaught\n|move|p2b: Rillaboom|Wood Hammer|p1a: \u80b2\u5e7c\u4e01\u771f\n|-damage|p1a: \u80b2\u5e7c\u4e01\u771f|0 fnt\n|faint|p1a: \u80b2\u5e7c\u4e01\u771f\n|-damage|p2b: Rillaboom|78\/100|[from] Recoil\n|\n|-heal|p2b: Rillaboom|84\/100|[from] Grassy Terrain\n|upkeep\n|j| Htrain-Pokemon\n|\n|t:|1732244927\n|switch|p1a: \u9e2d\u6837\u4e01\u771f|Porygon2, L50|100\/100\n|switch|p2a: Primarina|Primarina, L50, F, shiny|100\/100\n|-ability|p1a: \u9e2d\u6837\u4e01\u771f|Download|boost\n|-boost|p1a: \u9e2d\u6837\u4e01\u771f|atk|1\n|turn|4\n|\n|t:|1732244939\n|-terastallize|p2a: Primarina|Poison\n|move|p1b: \u786c\u781a\u4e01\u771f|Flash Cannon|p2a: Primarina\n|-damage|p2a: Primarina|50\/100\n|move|p2b: Rillaboom|Wood Hammer|p1a: \u9e2d\u6837\u4e01\u771f\n|-damage|p1a: \u9e2d\u6837\u4e01\u771f|52\/100\n|-damage|p2b: Rillaboom|69\/100|[from] Recoil\n|move|p2a: Primarina|Dazzling Gleam|p1b: \u786c\u781a\u4e01\u771f|[spread] p1a,p1b\n|-damage|p1a: \u9e2d\u6837\u4e01\u771f|24\/100\n|-damage|p1b: \u786c\u781a\u4e01\u771f|41\/100\n|-ability|p1b: \u786c\u781a\u4e01\u771f|Stamina|boost\n|-boost|p1b: \u786c\u781a\u4e01\u771f|def|1\n|move|p1a: \u9e2d\u6837\u4e01\u771f|Tera Blast|p2a: Primarina\n|-damage|p2a: Primarina|26\/100\n|\n|-heal|p1b: \u786c\u781a\u4e01\u771f|47\/100|[from] Grassy Terrain\n|-heal|p2b: Rillaboom|75\/100|[from] Grassy Terrain\n|-heal|p2a: Primarina|32\/100|[from] Grassy Terrain\n|-heal|p1a: \u9e2d\u6837\u4e01\u771f|30\/100|[from] Grassy Terrain\n|upkeep\n|turn|5\n|\n|t:|1732244958\n|move|p1b: \u786c\u781a\u4e01\u771f|Flash Cannon|p2a: Primarina\n|-damage|p2a: Primarina|0 fnt\n|faint|p2a: Primarina\n|move|p2b: Rillaboom|Wood Hammer|p1a: \u9e2d\u6837\u4e01\u771f\n|-damage|p1a: \u9e2d\u6837\u4e01\u771f|0 fnt\n|faint|p1a: \u9e2d\u6837\u4e01\u771f\n|-damage|p2b: Rillaboom|66\/100|[from] Recoil\n|\n|-heal|p1b: \u786c\u781a\u4e01\u771f|53\/100|[from] Grassy Terrain\n|-heal|p2b: Rillaboom|71\/100|[from] Grassy Terrain\n|upkeep\n|\n|t:|1732244962\n|switch|p1a: \u548f\u7130\u4e01\u771f|Skeledirge, L50, F|100\/100\n|turn|6\n|-message|Proffesor_Karrot forfeited.\n|\n|win|bluestraggler02\n|raw|bluestraggler02's rating: 1673 &rarr; <strong>1697<\/strong><br \/>(+24 for winning)\n|raw|Proffesor_Karrot's rating: 1742 &rarr; <strong>1718<\/strong><br \/>(-24 for losing)\n|l|\u2606Proffesor_Karrot\n|player|p2|\n|l|\u2606bluestraggler02\n|player|p1|\n|j|\u2606bluestraggler02\n|player|p1|bluestraggler02|102|\n|l|\u2606bluestraggler02\n|player|p1|\n","uploadtime":1732245160,"views":29,"formatid":"gen9vgc2024regh","rating":1697,"private":0,"password":null}