{"id":"gen9vgc2024regh-2248499293","format":"[Gen 9] VGC 2024 Reg H","players":["emu2567","zip520520"],"log":"|j|\u2606emu2567\n|j|\u2606zip520520\n|t:|1732220329\n|gametype|doubles\n|player|p1|emu2567|acetrainerf|1744\n|player|p2|zip520520|170|1768\n|teamsize|p1|6\n|teamsize|p2|6\n|gen|9\n|tier|[Gen 9] VGC 2024 Reg H\n|rated|\n|rule|Species Clause: Limit one of each Pok\u00e9mon\n|rule|Item Clause: Limit 1 of each item\n|clearpoke\n|poke|p1|Gastrodon, L50, F|\n|poke|p1|Farigiraf, L50, M|\n|poke|p1|Grimmsnarl, L50, M|\n|poke|p1|Annihilape, L50, F|\n|poke|p1|Incineroar, L50, F|\n|poke|p1|Ursaluna-Bloodmoon, L50, M|\n|poke|p2|Gholdengo, L50|\n|poke|p2|Garchomp, L50, M|\n|poke|p2|Glimmora, L50, M|\n|poke|p2|Tyranitar, L50, M|\n|poke|p2|Primarina, L50, F|\n|poke|p2|Sinistcha, L50|\n|teampreview|4\n|\n|t:|1732220368\n|start\n|switch|p1a: Farigiraf|Farigiraf, L50, M|100\/100\n|switch|p1b: Incineroar|Incineroar, L50, F|100\/100\n|switch|p2a: Glimmora|Glimmora, L50, M|100\/100\n|switch|p2b: Gholdengo|Gholdengo, L50|100\/100\n|turn|1\n|\n|t:|1732220388\n|move|p1b: Incineroar|Fake Out|p2a: Glimmora\n|-resisted|p2a: Glimmora\n|-damage|p2a: Glimmora|91\/100\n|-activate|p2a: Glimmora|ability: Toxic Debris\n|-sidestart|p1: emu2567|move: Toxic Spikes\n|move|p2b: Gholdengo|Trick|p1a: Farigiraf\n|-activate|p2b: Gholdengo|move: Trick|[of] p1a: Farigiraf\n|-item|p1a: Farigiraf|Choice Scarf|[from] move: Trick\n|-item|p2b: Gholdengo|Mental Herb|[from] move: Trick\n|cant|p2a: Glimmora|flinch\n|move|p1a: Farigiraf|Trick Room|p1a: Farigiraf\n|-fieldstart|move: Trick Room|[of] p1a: Farigiraf\n|\n|upkeep\n|turn|2\n|\n|t:|1732220415\n|switch|p1a: Ursaluna|Ursaluna-Bloodmoon, L50, M|100\/100\n|-status|p1a: Ursaluna|psn\n|-terastallize|p2b: Gholdengo|Fairy\n|move|p1b: Incineroar|Flare Blitz|p2b: Gholdengo\n|-damage|p2b: Gholdengo|37\/100\n|-damage|p1b: Incineroar|83\/100|[from] Recoil\n|move|p2b: Gholdengo|Dazzling Gleam|p1b: Incineroar|[spread] p1a,p1b\n|-damage|p1a: Ursaluna|69\/100 psn\n|-damage|p1b: Incineroar|50\/100\n|move|p2a: Glimmora|Toxic||[still]\n|-fail|p2a: Glimmora\n|\n|-damage|p1a: Ursaluna|57\/100 psn|[from] psn\n|upkeep\n|turn|3\n|j| kyo9t\n|\n|t:|1732220445\n|switch|p2b: Tyranitar|Tyranitar, L50, M|100\/100\n|-weather|Sandstorm|[from] ability: Sand Stream|[of] p2b: Tyranitar\n|-terastallize|p1a: Ursaluna|Normal\n|move|p1a: Ursaluna|Hyper Voice|p2a: Glimmora|[spread] p2a,p2b\n|-resisted|p2a: Glimmora\n|-resisted|p2b: Tyranitar\n|-damage|p2a: Glimmora|56\/100\n|-damage|p2b: Tyranitar|86\/100\n|move|p1b: Incineroar|Knock Off|p2a: Glimmora\n|-damage|p2a: Glimmora|0 fnt\n|-activate|p2a: Glimmora|ability: Toxic Debris\n|-sidestart|p1: emu2567|move: Toxic Spikes\n|-enditem|p2a: Glimmora|Focus Sash|[from] move: Knock Off|[of] p1b: Incineroar\n|faint|p2a: Glimmora\n|\n|-weather|Sandstorm|[upkeep]\n|-damage|p1a: Ursaluna|50\/100 psn|[from] Sandstorm\n|-damage|p1b: Incineroar|44\/100|[from] Sandstorm\n|-damage|p1a: Ursaluna|38\/100 psn|[from] psn\n|upkeep\n|\n|t:|1732220480\n|switch|p2a: Gholdengo|Gholdengo, L50, tera:Fairy|37\/100\n|turn|4\n|\n|t:|1732220489\n|move|p1a: Ursaluna|Hyper Voice|p2a: Gholdengo|[spread] p2a,p2b\n|-resisted|p2b: Tyranitar\n|-damage|p2a: Gholdengo|0 fnt\n|-damage|p2b: Tyranitar|70\/100\n|faint|p2a: Gholdengo\n|move|p1b: Incineroar|Close Combat|p2b: Tyranitar\n|-supereffective|p2b: Tyranitar\n|-damage|p2b: Tyranitar|0 fnt\n|-unboost|p1b: Incineroar|def|1\n|-unboost|p1b: Incineroar|spd|1\n|faint|p2b: Tyranitar\n|\n|-weather|Sandstorm|[upkeep]\n|-damage|p1a: Ursaluna|32\/100 psn|[from] Sandstorm\n|-damage|p1b: Incineroar|38\/100|[from] Sandstorm\n|-damage|p1a: Ursaluna|20\/100 psn|[from] psn\n|upkeep\n|j| futonkagebunshin\n|\n|t:|1732220505\n|switch|p2b: Sinistcha|Sinistcha, L50|100\/100\n|turn|5\n|\n|t:|1732220511\n|move|p1a: Ursaluna|Hyper Voice|p2b: Sinistcha\n|-damage|p2b: Sinistcha|7\/100\n|-enditem|p2b: Sinistcha|Sitrus Berry|[eat]\n|-heal|p2b: Sinistcha|32\/100|[from] item: Sitrus Berry\n|move|p1b: Incineroar|Knock Off|p2b: Sinistcha\n|-supereffective|p2b: Sinistcha\n|-damage|p2b: Sinistcha|0 fnt\n|faint|p2b: Sinistcha\n|\n|win|emu2567\n|raw|emu2567's rating: 1744 &rarr; <strong>1765<\/strong><br \/>(+21 for winning)\n|raw|zip520520's rating: 1768 &rarr; <strong>1747<\/strong><br \/>(-21 for losing)\n|l|\u2606zip520520\n|player|p2|\n|l|\u2606emu2567\n|player|p1|\n|l| kyo9t\n","uploadtime":1732220729,"views":30,"formatid":"gen9vgc2024regh","rating":1747,"private":0,"password":null}