{"id":"gen9vgc2024regh-2248441373","format":"[Gen 9] VGC 2024 Reg H","players":["zip520520","bwahacough"],"log":"|j|\u2606zip520520\n|j|\u2606bwahacough\n|t:|1732214833\n|gametype|doubles\n|player|p1|zip520520|170|1799\n|player|p2|bwahacough|medium|1769\n|teamsize|p1|6\n|teamsize|p2|6\n|gen|9\n|tier|[Gen 9] VGC 2024 Reg H\n|rated|\n|rule|Species Clause: Limit one of each Pok\u00e9mon\n|rule|Item Clause: Limit 1 of each item\n|clearpoke\n|poke|p1|Gholdengo, L50|\n|poke|p1|Garchomp, L50, F|\n|poke|p1|Glimmora, L50, M|\n|poke|p1|Tyranitar, L50, F|\n|poke|p1|Primarina, L50, M|\n|poke|p1|Sinistcha, L50|\n|poke|p2|Lycanroc, L50, F|\n|poke|p2|Tyranitar, L50, M|\n|poke|p2|Indeedee-F, L50, F|\n|poke|p2|Sneasler, L50, F|\n|poke|p2|Volcarona, L50, F|\n|poke|p2|Murkrow, L50, F|\n|teampreview|4\n|inactive|Battle timer is ON: inactive players will automatically lose when time's up. (requested by bwahacough)\n|\n|t:|1732214879\n|start\n|switch|p1a: Garchomp|Garchomp, L50, F|100\/100\n|switch|p1b: Primarina|Primarina, L50, M|100\/100\n|switch|p2a: Indeedee|Indeedee-F, L50, F, shiny|100\/100\n|switch|p2b: Sneasler|Sneasler, L50, F, shiny|100\/100\n|-fieldstart|move: Psychic Terrain|[from] ability: Psychic Surge|[of] p2a: Indeedee\n|-enditem|p2b: Sneasler|Psychic Seed\n|-boost|p2b: Sneasler|spd|1|[from] item: Psychic Seed\n|turn|1\n|\n|t:|1732214895\n|-terastallize|p2b: Sneasler|Stellar\n|move|p2a: Indeedee|Helping Hand|p2b: Sneasler\n|-singleturn|p2b: Sneasler|Helping Hand|[of] p2a: Indeedee\n|move|p1b: Primarina|Protect|p1b: Primarina\n|-singleturn|p1b: Primarina|Protect\n|move|p2b: Sneasler|Close Combat|p1a: Garchomp\n|-damage|p1a: Garchomp|0 fnt\n|-unboost|p2b: Sneasler|def|1\n|-unboost|p2b: Sneasler|spd|1\n|faint|p1a: Garchomp\n|\n|upkeep\n|\n|t:|1732214912\n|switch|p1a: Sinistcha|Sinistcha, L50|100\/100\n|turn|2\n|j| futonkagebunshin\n|\n|t:|1732214922\n|-terastallize|p1b: Primarina|Poison\n|move|p2b: Sneasler|Dire Claw|p1a: Sinistcha\n|-damage|p1a: Sinistcha|38\/100\n|-status|p1a: Sinistcha|par\n|-enditem|p1a: Sinistcha|Sitrus Berry|[eat]\n|-heal|p1a: Sinistcha|62\/100 par|[from] item: Sitrus Berry\n|move|p2a: Indeedee|Psychic|p1a: Sinistcha\n|-damage|p1a: Sinistcha|32\/100 par\n|move|p1b: Primarina|Hyper Voice|p2a: Indeedee|[spread] p2a,p2b\n|-damage|p2a: Indeedee|49\/100\n|-damage|p2b: Sneasler|40\/100\n|-enditem|p2a: Indeedee|Sitrus Berry|[eat]\n|-heal|p2a: Indeedee|74\/100|[from] item: Sitrus Berry\n|-damage|p1b: Primarina|91\/100|[from] item: Life Orb\n|move|p1a: Sinistcha|Trick Room|p1a: Sinistcha\n|-fieldstart|move: Trick Room|[of] p1a: Sinistcha\n|\n|upkeep\n|turn|3\n|\n|t:|1732214945\n|move|p2b: Sneasler|Protect|p2b: Sneasler\n|-singleturn|p2b: Sneasler|Protect\n|move|p1a: Sinistcha|Matcha Gotcha|p2b: Sneasler|[spread] p2a\n|-activate|p2b: Sneasler|move: Protect\n|-damage|p2a: Indeedee|50\/100\n|-heal|p1a: Sinistcha|44\/100 par|[from] drain|[of] p2a: Indeedee\n|move|p1b: Primarina|Hyper Voice|p2b: Sneasler|[spread] p2a\n|-activate|p2b: Sneasler|move: Protect\n|-damage|p2a: Indeedee|0 fnt\n|faint|p2a: Indeedee\n|-damage|p1b: Primarina|82\/100|[from] item: Life Orb\n|\n|upkeep\n|\n|t:|1732214955\n|switch|p2a: Volcarona|Volcarona, L50, F|100\/100\n|turn|4\n|\n|t:|1732214972\n|switch|p1a: Tyranitar|Tyranitar, L50, F|100\/100\n|-weather|Sandstorm|[from] ability: Sand Stream|[of] p1a: Tyranitar\n|move|p2a: Volcarona|Protect|p2a: Volcarona\n|-singleturn|p2a: Volcarona|Protect\n|move|p1b: Primarina|Hyper Voice|p2b: Sneasler|[spread] p2b\n|-activate|p2a: Volcarona|move: Protect\n|-damage|p2b: Sneasler|0 fnt\n|faint|p2b: Sneasler\n|-damage|p1b: Primarina|72\/100|[from] item: Life Orb\n|\n|-weather|Sandstorm|[upkeep]\n|-damage|p1b: Primarina|66\/100|[from] Sandstorm\n|-damage|p2a: Volcarona|94\/100|[from] Sandstorm\n|upkeep\n|\n|t:|1732214974\n|switch|p2b: Lycanroc|Lycanroc, L50, F|100\/100\n|turn|5\n|\n|t:|1732214992\n|move|p2a: Volcarona|Protect||[still]\n|-fail|p2a: Volcarona\n|move|p1b: Primarina|Hyper Voice|p2b: Lycanroc|[spread] p2a,p2b\n|-supereffective|p2a: Volcarona\n|-supereffective|p2b: Lycanroc\n|-damage|p2a: Volcarona|5\/100\n|-enditem|p2b: Lycanroc|Focus Sash\n|-damage|p2b: Lycanroc|1\/100\n|-damage|p1b: Primarina|56\/100|[from] item: Life Orb\n|move|p1a: Tyranitar|Knock Off|p2b: Lycanroc\n|-damage|p2b: Lycanroc|0 fnt\n|faint|p2b: Lycanroc\n|\n|-weather|Sandstorm|[upkeep]\n|-damage|p1b: Primarina|50\/100|[from] Sandstorm\n|-damage|p2a: Volcarona|0 fnt|[from] Sandstorm\n|faint|p2a: Volcarona\n|\n|win|zip520520\n|upkeep\n|raw|zip520520's rating: 1777 &rarr; <strong>1797<\/strong><br \/>(+20 for winning)\n|raw|bwahacough's rating: 1769 &rarr; <strong>1749<\/strong><br \/>(-20 for losing)\n|l|\u2606bwahacough\n|player|p2|\n|l|\u2606zip520520\n|player|p1|\n","uploadtime":1732215176,"views":9,"formatid":"gen9vgc2024regh","rating":1749,"private":0,"password":null}