{"id":"gen9vgc2024regh-2248571070","format":"[Gen 9] VGC 2024 Reg H","players":["por minha atendido","VGCLTH <1000ELO"],"log":"|raw|<div class=\"broadcast-blue\"><strong>This battle is required to be public due to a player having a name starting with 'vgclth'.<\/div>\n|j|\u2606por minha atendido\n|j|\u2606VGCLTH <1000ELO\n|t:|1732227613\n|gametype|doubles\n|player|p1|por minha atendido|2|1705\n|player|p2|VGCLTH <1000ELO|170|1749\n|teamsize|p1|6\n|teamsize|p2|6\n|gen|9\n|tier|[Gen 9] VGC 2024 Reg H\n|rated|\n|rule|Species Clause: Limit one of each Pok\u00e9mon\n|rule|Item Clause: Limit 1 of each item\n|clearpoke\n|poke|p1|Annihilape, L50, M|\n|poke|p1|Delphox, L50, F|\n|poke|p1|Murkrow, L50, F|\n|poke|p1|Sneasler, L50, M|\n|poke|p1|Indeedee, L50, M|\n|poke|p1|Gholdengo, L50|\n|poke|p2|Dondozo, L50, M|\n|poke|p2|Tatsugiri, L50, M|\n|poke|p2|Dragonite, L50, M|\n|poke|p2|Gholdengo, L50|\n|poke|p2|Glimmora, L50, F|\n|poke|p2|Talonflame, L50, M|\n|teampreview|4\n|inactive|Battle timer is ON: inactive players will automatically lose when time's up. (requested by VGCLTH <1000ELO)\n|inactive|VGCLTH <1000ELO has 60 seconds left.\n|\n|t:|1732227651\n|start\n|switch|p1a: Indeedee|Indeedee, L50, M|100\/100\n|switch|p1b: Sneasler|Sneasler, L50, M|100\/100\n|switch|p2a: Dragonite|Dragonite, L50, M|100\/100\n|switch|p2b: Gholdengo|Gholdengo, L50|100\/100\n|-fieldstart|move: Psychic Terrain|[from] ability: Psychic Surge|[of] p1a: Indeedee\n|-enditem|p1b: Sneasler|Psychic Seed\n|-boost|p1b: Sneasler|spd|1|[from] item: Psychic Seed\n|turn|1\n|inactive|VGCLTH <1000ELO has 30 seconds left.\n|\n|t:|1732227694\n|move|p1b: Sneasler|Dire Claw|p2a: Dragonite\n|-damage|p2a: Dragonite|77\/100\n|-status|p2a: Dragonite|psn\n|move|p2b: Gholdengo|Make It Rain|p1b: Sneasler|[spread] p1a,p1b\n|-damage|p1a: Indeedee|5\/100\n|-damage|p1b: Sneasler|40\/100\n|-unboost|p2b: Gholdengo|spa|1\n|move|p1a: Indeedee|Expanding Force|p2a: Dragonite|[spread] p2a,p2b\n|-resisted|p2b: Gholdengo\n|-damage|p2a: Dragonite|29\/100 psn\n|-damage|p2b: Gholdengo|66\/100\n|move|p2a: Dragonite|Ice Spinner|p1b: Sneasler\n|-damage|p1b: Sneasler|0 fnt\n|-fieldend|move: Psychic Terrain\n|faint|p1b: Sneasler\n|\n|-damage|p2a: Dragonite|17\/100 psn|[from] psn\n|upkeep\n|\n|t:|1732227708\n|switch|p1b: Delphox|Delphox, L50, F|100\/100\n|turn|2\n|\n|t:|1732227715\n|switch|p2b: Tatsugiri|Tatsugiri, L50, M|100\/100\n|switch|p1a: Murkrow|Murkrow, L50, F|100\/100\n|switch|p2a: Dondozo|Dondozo, L50, M|100\/100\n|-activate|p2b: Tatsugiri|ability: Commander|[of] p2a: Dondozo\n|-boost|p2a: Dondozo|atk|2\n|-boost|p2a: Dondozo|spa|2\n|-boost|p2a: Dondozo|spe|2\n|-boost|p2a: Dondozo|def|2\n|-boost|p2a: Dondozo|spd|2\n|move|p1b: Delphox|Heat Wave|p2a: Dondozo|[spread] p2a\n|-miss|p1b: Delphox|p2b: Tatsugiri\n|-resisted|p2a: Dondozo\n|-damage|p2a: Dondozo|88\/100\n|-damage|p1b: Delphox|91\/100|[from] item: Life Orb\n|\n|-heal|p2a: Dondozo|94\/100|[from] item: Leftovers\n|upkeep\n|turn|3\n|\n|t:|1732227723\n|move|p1b: Delphox|Protect|p1b: Delphox\n|-singleturn|p1b: Delphox|Protect\n|move|p1a: Murkrow|Haze|p1a: Murkrow\n|-clearallboost\n|move|p2a: Dondozo|Wave Crash|p1b: Delphox\n|-activate|p1b: Delphox|move: Protect\n|\n|-heal|p2a: Dondozo|99\/100|[from] item: Leftovers\n|upkeep\n|turn|4\n|\n|t:|1732227735\n|switch|p1a: Indeedee|Indeedee, L50, M|5\/100\n|-fieldstart|move: Psychic Terrain|[from] ability: Psychic Surge|[of] p1a: Indeedee\n|move|p1b: Delphox|Expanding Force|p2a: Dondozo|[spread] p2a\n|-miss|p1b: Delphox|p2b: Tatsugiri\n|-damage|p2a: Dondozo|27\/100\n|-damage|p1b: Delphox|81\/100|[from] item: Life Orb\n|move|p2a: Dondozo|Wave Crash|p1b: Delphox\n|-supereffective|p1b: Delphox\n|-damage|p1b: Delphox|0 fnt\n|faint|p1b: Delphox\n|-damage|p2a: Dondozo|9\/100|[from] Recoil\n|\n|-heal|p2a: Dondozo|15\/100|[from] item: Leftovers\n|upkeep\n|\n|t:|1732227739\n|switch|p1b: Murkrow|Murkrow, L50, F|100\/100\n|turn|5\n|\n|t:|1732227750\n|move|p1b: Murkrow|Tailwind|p1b: Murkrow\n|-sidestart|p1: por minha atendido|move: Tailwind\n|move|p1a: Indeedee|Expanding Force|p2a: Dondozo|[spread] p2a\n|-miss|p1a: Indeedee|p2b: Tatsugiri\n|-damage|p2a: Dondozo|0 fnt\n|faint|p2a: Dondozo\n|\n|upkeep\n|\n|t:|1732227758\n|switch|p2a: Gholdengo|Gholdengo, L50|66\/100\n|turn|6\n|\n|t:|1732227778\n|-terastallize|p1a: Indeedee|Psychic\n|-terastallize|p2b: Tatsugiri|Steel\n|move|p1a: Indeedee|Expanding Force|p2a: Gholdengo|[spread] p2a,p2b\n|-resisted|p2a: Gholdengo\n|-resisted|p2b: Tatsugiri\n|-damage|p2a: Gholdengo|23\/100\n|-damage|p2b: Tatsugiri|53\/100\n|move|p1b: Murkrow|Foul Play|p2a: Gholdengo\n|-supereffective|p2a: Gholdengo\n|-damage|p2a: Gholdengo|0 fnt\n|faint|p2a: Gholdengo\n|move|p2b: Tatsugiri|Dragon Pulse|p1a: Indeedee\n|-damage|p1a: Indeedee|0 fnt\n|faint|p1a: Indeedee\n|\n|upkeep\n|\n|t:|1732227782\n|switch|p2a: Dragonite|Dragonite, L50, M|17\/100 psn\n|turn|7\n|\n|t:|1732227798\n|move|p1b: Murkrow|Protect|p1b: Murkrow\n|-singleturn|p1b: Murkrow|Protect\n|move|p2a: Dragonite|Extreme Speed|p1b: Murkrow\n|-hint|Psychic Terrain doesn't affect Pok\u00e9mon immune to Ground.\n|-activate|p1b: Murkrow|move: Protect\n|move|p2b: Tatsugiri|Dragon Pulse|p1b: Murkrow\n|-activate|p1b: Murkrow|move: Protect\n|\n|-damage|p2a: Dragonite|5\/100 psn|[from] psn\n|upkeep\n|turn|8\n|\n|t:|1732227811\n|move|p2a: Dragonite|Extreme Speed|p1b: Murkrow\n|-hint|Psychic Terrain doesn't affect Pok\u00e9mon immune to Ground.\n|-crit|p1b: Murkrow\n|-damage|p1b: Murkrow|27\/100\n|move|p1b: Murkrow|Foul Play|p2b: Tatsugiri\n|-damage|p2b: Tatsugiri|30\/100\n|move|p2b: Tatsugiri|Dragon Pulse|p1b: Murkrow\n|-damage|p1b: Murkrow|0 fnt\n|faint|p1b: Murkrow\n|\n|win|VGCLTH <1000ELO\n|raw|por minha atendido's rating: 1705 &rarr; <strong>1688<\/strong><br \/>(-17 for losing)\n|raw|VGCLTH &lt;1000ELO's rating: 1749 &rarr; <strong>1766<\/strong><br \/>(+17 for winning)\n|l|\u2606VGCLTH <1000ELO\n|player|p2|\n|l|\u2606por minha atendido\n|player|p1|\n","uploadtime":1732228090,"views":16,"formatid":"gen9vgc2024regh","rating":1688,"private":0,"password":null}