{"id":"gen9vgc2024regh-2248767238","format":"[Gen 9] VGC 2024 Reg H","players":["Mode Harambe","Djjwjwwjj"],"log":"|j|\u2606Mode Harambe\n|j|\u2606Djjwjwwjj\n|t:|1732253875\n|gametype|doubles\n|player|p1|Mode Harambe|red|1743\n|player|p2|Djjwjwwjj|266|1677\n|teamsize|p1|6\n|teamsize|p2|6\n|gen|9\n|tier|[Gen 9] VGC 2024 Reg H\n|rated|\n|rule|Species Clause: Limit one of each Pok\u00e9mon\n|rule|Item Clause: Limit 1 of each item\n|clearpoke\n|poke|p1|Annihilape, L50, F|\n|poke|p1|Talonflame, L50, F|\n|poke|p1|Dragonite, L50, M|\n|poke|p1|Ursaluna-Bloodmoon, L50, M|\n|poke|p1|Gholdengo, L50|\n|poke|p1|Rillaboom, L50, F|\n|poke|p2|Palafin, L50, F|\n|poke|p2|Pelipper, L50, M|\n|poke|p2|Incineroar, L50, F|\n|poke|p2|Rillaboom, L50, F|\n|poke|p2|Gholdengo, L50|\n|poke|p2|Clefable, L50, M|\n|teampreview|4\n|j| plplk\n|l| plplk\n|\n|t:|1732253945\n|start\n|switch|p1a: Talonflame|Talonflame, L50, F|100\/100\n|switch|p1b: Ursaluna|Ursaluna-Bloodmoon, L50, M|100\/100\n|switch|p2a: Palafin|Palafin, L50, F|100\/100\n|switch|p2b: Rillaboom|Rillaboom, L50, F|100\/100\n|-fieldstart|move: Grassy Terrain|[from] ability: Grassy Surge|[of] p2b: Rillaboom\n|turn|1\n|\n|t:|1732253965\n|switch|p1a: Rillaboom|Rillaboom, L50, F|100\/100\n|move|p1b: Ursaluna|Protect|p1b: Ursaluna\n|-singleturn|p1b: Ursaluna|Protect\n|move|p2b: Rillaboom|Fake Out|p1b: Ursaluna\n|-activate|p1b: Ursaluna|move: Protect\n|move|p2a: Palafin|Flip Turn|p1a: Rillaboom\n|-resisted|p1a: Rillaboom\n|-damage|p1a: Rillaboom|88\/100\n|\n|t:|1732253975\n|detailschange|p2a: Palafin|Palafin-Hero, L50, F\n|switch|p2a: Incineroar|Incineroar, L50, F|100\/100|[from] Flip Turn\n|-ability|p2a: Incineroar|Intimidate|boost\n|-unboost|p1a: Rillaboom|atk|1\n|-unboost|p1b: Ursaluna|atk|1\n|\n|-heal|p1a: Rillaboom|94\/100|[from] Grassy Terrain\n|upkeep\n|turn|2\n|\n|t:|1732254008\n|-terastallize|p1b: Ursaluna|Normal\n|move|p2a: Incineroar|Fake Out|p1b: Ursaluna\n|-damage|p1b: Ursaluna|91\/100\n|move|p1a: Rillaboom|Fake Out|p2a: Incineroar\n|-damage|p2a: Incineroar|92\/100\n|move|p2b: Rillaboom|Wood Hammer|p1b: Ursaluna\n|-damage|p1b: Ursaluna|20\/100\n|-damage|p2b: Rillaboom|79\/100|[from] Recoil\n|cant|p1b: Ursaluna|flinch\n|\n|-heal|p2a: Incineroar|98\/100|[from] Grassy Terrain\n|-heal|p1a: Rillaboom|99\/100|[from] Grassy Terrain\n|-heal|p2b: Rillaboom|85\/100|[from] Grassy Terrain\n|-heal|p1b: Ursaluna|25\/100|[from] Grassy Terrain\n|upkeep\n|turn|3\n|\n|t:|1732254030\n|switch|p1a: Talonflame|Talonflame, L50, F|100\/100\n|move|p1b: Ursaluna|Protect|p1b: Ursaluna\n|-singleturn|p1b: Ursaluna|Protect\n|move|p2a: Incineroar|Parting Shot|p1a: Talonflame\n|-unboost|p1a: Talonflame|atk|1\n|-unboost|p1a: Talonflame|spa|1\n|\n|t:|1732254041\n|switch|p2a: Pelipper|Pelipper, L50, M|100\/100|[from] Parting Shot\n|-weather|RainDance|[from] ability: Drizzle|[of] p2a: Pelipper\n|move|p2b: Rillaboom|Wood Hammer|p1b: Ursaluna\n|-activate|p1b: Ursaluna|move: Protect\n|\n|-weather|RainDance|[upkeep]\n|-heal|p2b: Rillaboom|90\/100|[from] Grassy Terrain\n|-heal|p1b: Ursaluna|31\/100|[from] Grassy Terrain\n|upkeep\n|turn|4\n|\n|t:|1732254057\n|move|p1a: Talonflame|Tailwind|p1a: Talonflame\n|-sidestart|p1: Mode Harambe|move: Tailwind\n|move|p2b: Rillaboom|Grassy Glide|p1b: Ursaluna\n|-damage|p1b: Ursaluna|2\/100\n|move|p1b: Ursaluna|Blood Moon|p2b: Rillaboom\n|-damage|p2b: Rillaboom|0 fnt\n|faint|p2b: Rillaboom\n|-damage|p1b: Ursaluna|0 fnt|[from] item: Life Orb\n|faint|p1b: Ursaluna\n|move|p2a: Pelipper|Hurricane|p1a: Talonflame\n|-damage|p1a: Talonflame|26\/100\n|\n|-weather|RainDance|[upkeep]\n|upkeep\n|\n|t:|1732254074\n|switch|p2b: Incineroar|Incineroar, L50, F|98\/100\n|switch|p1b: Rillaboom|Rillaboom, L50, F|99\/100\n|-ability|p2b: Incineroar|Intimidate|boost\n|-unboost|p1a: Talonflame|atk|1\n|-unboost|p1b: Rillaboom|atk|1\n|turn|5\n|\n|t:|1732254091\n|switch|p1a: Dragonite|Dragonite, L50, M|100\/100\n|move|p1b: Rillaboom|Fake Out|p2a: Pelipper\n|-damage|p2a: Pelipper|87\/100\n|cant|p2a: Pelipper|flinch\n|move|p2b: Incineroar|Knock Off|p1a: Dragonite\n|-damage|p1a: Dragonite|78\/100\n|-enditem|p1a: Dragonite|Loaded Dice|[from] move: Knock Off|[of] p2b: Incineroar\n|\n|-weather|RainDance|[upkeep]\n|-heal|p1b: Rillaboom|100\/100|[from] Grassy Terrain\n|-heal|p2b: Incineroar|100\/100|[from] Grassy Terrain\n|-fieldend|move: Grassy Terrain\n|upkeep\n|turn|6\n|\n|t:|1732254109\n|switch|p1b: Talonflame|Talonflame, L50, F|26\/100\n|move|p1a: Dragonite|Scale Shot|p2a: Pelipper\n|-damage|p2a: Pelipper|67\/100\n|-damage|p2a: Pelipper|46\/100\n|-hitcount|p2a: Pelipper|2\n|-unboost|p1a: Dragonite|def|1\n|-boost|p1a: Dragonite|spe|1\n|move|p2a: Pelipper|Hurricane|p1b: Talonflame\n|-damage|p1b: Talonflame|0 fnt\n|faint|p1b: Talonflame\n|move|p2b: Incineroar|Parting Shot|p1a: Dragonite\n|-unboost|p1a: Dragonite|atk|1\n|-unboost|p1a: Dragonite|spa|1\n|\n|t:|1732254122\n|switch|p2b: Palafin|Palafin-Hero, L50, F|100\/100|[from] Parting Shot\n|-activate|p2b: Palafin|ability: Zero to Hero\n|\n|-weather|RainDance|[upkeep]\n|upkeep\n|\n|t:|1732254124\n|switch|p1b: Rillaboom|Rillaboom, L50, F|100\/100\n|-fieldstart|move: Grassy Terrain|[from] ability: Grassy Surge|[of] p1b: Rillaboom\n|turn|7\n|j| plplk\n|\n|t:|1732254160\n|move|p1a: Dragonite|Haze|p1a: Dragonite\n|-clearallboost\n|move|p1b: Rillaboom|Wood Hammer|p2a: Pelipper\n|-damage|p2a: Pelipper|0 fnt\n|faint|p2a: Pelipper\n|-damage|p1b: Rillaboom|91\/100|[from] Recoil\n|move|p2b: Palafin|Wave Crash|p1a: Dragonite\n|-resisted|p1a: Dragonite\n|-damage|p1a: Dragonite|0 fnt\n|faint|p1a: Dragonite\n|-damage|p2b: Palafin|78\/100|[from] Recoil\n|\n|-weather|none\n|-heal|p1b: Rillaboom|97\/100|[from] Grassy Terrain\n|-heal|p2b: Palafin|84\/100|[from] Grassy Terrain\n|-sideend|p1: Mode Harambe|move: Tailwind\n|upkeep\n|\n|t:|1732254174\n|switch|p2a: Incineroar|Incineroar, L50, F|100\/100\n|-ability|p2a: Incineroar|Intimidate|boost\n|-unboost|p1b: Rillaboom|atk|1\n|turn|8\n|-message|Mode Harambe forfeited.\n|\n|win|Djjwjwwjj\n|raw|Mode Harambe's rating: 1743 &rarr; <strong>1719<\/strong><br \/>(-24 for losing)\n|raw|Djjwjwwjj's rating: 1677 &rarr; <strong>1701<\/strong><br \/>(+24 for winning)\n|l|\u2606Mode Harambe\n|player|p1|\n","uploadtime":1732254367,"views":12,"formatid":"gen9vgc2024regh","rating":1701,"private":0,"password":null}