{"id":"gen9vgc2024regh-2248586322","format":"[Gen 9] VGC 2024 Reg H","players":["VGCLTH Sir Aaron","dayron91"],"log":"|raw|<div class=\"broadcast-blue\"><strong>This battle is required to be public due to a player having a name starting with 'vgclth'.<\/div>\n|j|\u2606VGCLTH Sir Aaron\n|j|\u2606dayron91\n|t:|1732229305\n|gametype|doubles\n|player|p1|VGCLTH Sir Aaron|red-masters3|1690\n|player|p2|dayron91|dragontamer|1750\n|teamsize|p1|6\n|teamsize|p2|6\n|gen|9\n|tier|[Gen 9] VGC 2024 Reg H\n|rated|\n|rule|Species Clause: Limit one of each Pok\u00e9mon\n|rule|Item Clause: Limit 1 of each item\n|clearpoke\n|poke|p1|Azumarill, L50, M|\n|poke|p1|Archaludon, L50, F|\n|poke|p1|Arcanine, L50, F|\n|poke|p1|Electabuzz, L50, F|\n|poke|p1|Rillaboom, L50, F|\n|poke|p1|Dragonite, L50, F|\n|poke|p2|Archaludon, L50, F|\n|poke|p2|Whimsicott, L50, F|\n|poke|p2|Incineroar, L50, M|\n|poke|p2|Armarouge, L50, M|\n|poke|p2|Basculegion, L50, M|\n|poke|p2|Annihilape, L50, M|\n|teampreview|4\n|j| kyo9t\n|inactive|Battle timer is ON: inactive players will automatically lose when time's up. (requested by VGCLTH Sir Aaron)\n|\n|t:|1732229377\n|start\n|switch|p1a: Azumarill|Azumarill, L50, M|100\/100\n|switch|p1b: Electabuzz|Electabuzz, L50, F|100\/100\n|switch|p2a: Whimsicott|Whimsicott, L50, F|100\/100\n|switch|p2b: Annihilape|Annihilape, L50, M|100\/100\n|turn|1\n|inactive|dayron91 has 30 seconds left.\n|inactive|dayron91 has 20 seconds left.\n|inactive|dayron91 has 15 seconds left.\n|inactive|dayron91 has 10 seconds left.\n|\n|t:|1732229423\n|move|p1b: Electabuzz|Follow Me|p1b: Electabuzz\n|-singleturn|p1b: Electabuzz|move: Follow Me\n|move|p2a: Whimsicott|Tailwind|p2a: Whimsicott\n|-sidestart|p2: dayron91|move: Tailwind\n|move|p2b: Annihilape|Final Gambit|p1b: Electabuzz\n|-damage|p1b: Electabuzz|0 fnt\n|faint|p2b: Annihilape\n|faint|p1b: Electabuzz\n|move|p1a: Azumarill|Belly Drum|p1a: Azumarill\n|-damage|p1a: Azumarill|51\/100\n|-setboost|p1a: Azumarill|atk|6|[from] move: Belly Drum\n|\n|upkeep\n|\n|t:|1732229442\n|switch|p1b: Rillaboom|Rillaboom, L50, F|100\/100\n|switch|p2b: Archaludon|Archaludon, L50, F|100\/100\n|-fieldstart|move: Grassy Terrain|[from] ability: Grassy Surge|[of] p1b: Rillaboom\n|turn|2\n|inactive|VGCLTH Sir Aaron has 30 seconds left.\n|\n|t:|1732229476\n|switch|p2b: Incineroar|Incineroar, L50, M|100\/100\n|-ability|p2b: Incineroar|Intimidate|boost\n|-unboost|p1a: Azumarill|atk|1\n|-unboost|p1b: Rillaboom|atk|1\n|-terastallize|p2a: Whimsicott|Ghost\n|-terastallize|p1a: Azumarill|Water\n|move|p1b: Rillaboom|Fake Out|p2a: Whimsicott\n|-immune|p2a: Whimsicott\n|move|p2a: Whimsicott|Encore|p1a: Azumarill\n|-start|p1a: Azumarill|Encore\n|move|p1a: Azumarill|Belly Drum|p1a: Azumarill\n|-damage|p1a: Azumarill|1\/100\n|-setboost|p1a: Azumarill|atk|6|[from] move: Belly Drum\n|-enditem|p1a: Azumarill|Sitrus Berry|[eat]\n|-heal|p1a: Azumarill|26\/100|[from] item: Sitrus Berry\n|\n|-heal|p1a: Azumarill|32\/100|[from] Grassy Terrain\n|upkeep\n|turn|3\n|inactive|dayron91 has 30 seconds left.\n|\n|t:|1732229502\n|switch|p1b: Arcanine|Arcanine, L50, F|100\/100\n|-ability|p1b: Arcanine|Intimidate|boost\n|-unboost|p2a: Whimsicott|atk|1\n|-unboost|p2b: Incineroar|atk|1\n|move|p2a: Whimsicott|Encore||[still]\n|-fail|p2a: Whimsicott\n|move|p2b: Incineroar|Knock Off|p1a: Azumarill\n|-damage|p1a: Azumarill|7\/100\n|move|p1a: Azumarill|Belly Drum||[still]\n|-fail|p1a: Azumarill\n|\n|-heal|p1a: Azumarill|13\/100|[from] Grassy Terrain\n|upkeep\n|turn|4\n|\n|t:|1732229523\n|switch|p2b: Archaludon|Archaludon, L50, F|100\/100\n|move|p2a: Whimsicott|Beat Up|p2b: Archaludon\n|-damage|p2b: Archaludon|99\/100\n|-ability|p2b: Archaludon|Stamina|boost\n|-boost|p2b: Archaludon|def|1\n|-enditem|p1b: Arcanine|Mirror Herb\n|-boost|p1b: Arcanine|def|1|[from] item: Mirror Herb\n|-damage|p2b: Archaludon|98\/100\n|-ability|p2b: Archaludon|Stamina|boost\n|-boost|p2b: Archaludon|def|1\n|-crit|p2b: Archaludon\n|-damage|p2b: Archaludon|95\/100\n|-ability|p2b: Archaludon|Stamina|boost\n|-boost|p2b: Archaludon|def|1\n|-hitcount|p2b: Archaludon|3\n|move|p1b: Arcanine|Flare Blitz|p2a: Whimsicott\n|-damage|p2a: Whimsicott|19\/100\n|-damage|p1b: Arcanine|78\/100|[from] Recoil\n|move|p1a: Azumarill|Belly Drum||[still]\n|-fail|p1a: Azumarill\n|\n|-heal|p2a: Whimsicott|25\/100|[from] Grassy Terrain\n|-heal|p2b: Archaludon|100\/100|[from] Grassy Terrain\n|-heal|p1b: Arcanine|84\/100|[from] Grassy Terrain\n|-heal|p1a: Azumarill|19\/100|[from] Grassy Terrain\n|-end|p1a: Azumarill|Encore\n|-sideend|p2: dayron91|move: Tailwind\n|upkeep\n|turn|5\n|inactive|VGCLTH Sir Aaron has 30 seconds left.\n|inactive|dayron91 has 30 seconds left.\n|inactive|VGCLTH Sir Aaron has 20 seconds left.\n|inactive|dayron91 has 20 seconds left.\n|inactive|VGCLTH Sir Aaron has 15 seconds left.\n|inactive|dayron91 has 15 seconds left.\n|inactive|VGCLTH Sir Aaron has 10 seconds left.\n|inactive|dayron91 has 10 seconds left.\n|inactive|VGCLTH Sir Aaron has 5 seconds left.\n|\n|t:|1732229578\n|switch|p1b: Rillaboom|Rillaboom, L50, F|100\/100\n|move|p2a: Whimsicott|Encore|p1a: Azumarill\n|-start|p1a: Azumarill|Encore\n|move|p1a: Azumarill|Belly Drum||[still]\n|-fail|p1a: Azumarill\n|move|p2b: Archaludon|Body Press|p1a: Azumarill\n|-crit|p1a: Azumarill\n|-damage|p1a: Azumarill|0 fnt\n|faint|p1a: Azumarill\n|\n|-heal|p2a: Whimsicott|31\/100|[from] Grassy Terrain\n|upkeep\n|\n|t:|1732229584\n|switch|p1a: Arcanine|Arcanine, L50, F|84\/100\n|-ability|p1a: Arcanine|Intimidate|boost\n|-unboost|p2a: Whimsicott|atk|1\n|-unboost|p2b: Archaludon|atk|1\n|turn|6\n|\n|t:|1732229602\n|switch|p2a: Incineroar|Incineroar, L50, M|100\/100\n|-ability|p2a: Incineroar|Intimidate|boost\n|-unboost|p1a: Arcanine|atk|1\n|-unboost|p1b: Rillaboom|atk|1\n|move|p1a: Arcanine|Flare Blitz|p2a: Incineroar\n|-resisted|p2a: Incineroar\n|-damage|p2a: Incineroar|82\/100\n|-damage|p1a: Arcanine|77\/100|[from] Recoil\n|move|p1b: Rillaboom|High Horsepower|p2b: Archaludon\n|-supereffective|p2b: Archaludon\n|-damage|p2b: Archaludon|89\/100\n|-ability|p2b: Archaludon|Stamina|boost\n|-boost|p2b: Archaludon|def|1\n|move|p2b: Archaludon|Body Press|p1a: Arcanine\n|-damage|p1a: Arcanine|0 fnt\n|faint|p1a: Arcanine\n|\n|-heal|p2b: Archaludon|95\/100|[from] Grassy Terrain\n|-heal|p2a: Incineroar|88\/100|[from] Grassy Terrain\n|-fieldend|move: Grassy Terrain\n|upkeep\n|turn|7\n|-message|VGCLTH Sir Aaron forfeited.\n|\n|win|dayron91\n|raw|VGCLTH Sir Aaron's rating: 1690 &rarr; <strong>1673<\/strong><br \/>(-17 for losing)\n|raw|dayron91's rating: 1750 &rarr; <strong>1767<\/strong><br \/>(+17 for winning)\n|l| kyo9t\n|l|\u2606dayron91\n|player|p2|\n","uploadtime":1732229629,"views":29,"formatid":"gen9vgc2024regh","rating":1673,"private":0,"password":null}