{"id":"gen9vgc2024regh-2248902588","format":"[Gen 9] VGC 2024 Reg H","players":["stbai","super crist"],"log":"|j|\u2606stbai\n|j|\u203dsuper crist\n|t:|1732278503\n|gametype|doubles\n|player|p1|stbai|janitor|1690\n|player|p2|super crist|sabrina|1716\n|teamsize|p1|6\n|teamsize|p2|6\n|gen|9\n|tier|[Gen 9] VGC 2024 Reg H\n|rated|\n|rule|Species Clause: Limit one of each Pok\u00e9mon\n|rule|Item Clause: Limit 1 of each item\n|clearpoke\n|poke|p1|Tatsugiri, L50, F|\n|poke|p1|Pelipper, L50, F|\n|poke|p1|Rillaboom, L50, M|\n|poke|p1|Tyranitar, L50, M|\n|poke|p1|Archaludon, L50, F|\n|poke|p1|Dondozo, L50, M|\n|poke|p2|Annihilape, L50, F|\n|poke|p2|Kingambit, L50, M|\n|poke|p2|Oranguru, L50, F|\n|poke|p2|Smeargle, L50, M|\n|poke|p2|Ursaluna-Bloodmoon, L50, M|\n|poke|p2|Torkoal, L50, F|\n|teampreview|4\n|inactive|Battle timer is ON: inactive players will automatically lose when time's up. (requested by stbai)\n|inactive|super crist also wants the timer to be on.\n|inactive|super crist has 60 seconds left.\n|\n|t:|1732278543\n|start\n|switch|p1a: Tyranitar|Tyranitar, L50, M|100\/100\n|switch|p1b: Dondozo|Dondozo, L50, M|100\/100\n|switch|p2a: Oranguru|Oranguru, L50, F, shiny|100\/100\n|switch|p2b: Smeargle|Smeargle, L50, M, shiny|100\/100\n|-weather|Sandstorm|[from] ability: Sand Stream|[of] p1a: Tyranitar\n|turn|1\n|inactive|stbai has 30 seconds left.\n|\n|t:|1732278577\n|switch|p1a: Tatsugiri|Tatsugiri, L50, F|100\/100\n|-activate|p1a: Tatsugiri|ability: Commander|[of] p1b: Dondozo\n|-boost|p1b: Dondozo|atk|2\n|-boost|p1b: Dondozo|spa|2\n|-boost|p1b: Dondozo|spe|2\n|-boost|p1b: Dondozo|def|2\n|-boost|p1b: Dondozo|spd|2\n|move|p1b: Dondozo|Substitute|p1b: Dondozo\n|-start|p1b: Dondozo|Substitute\n|-damage|p1b: Dondozo|75\/100\n|move|p2b: Smeargle|Spore|p1a: Tatsugiri|[miss]\n|-miss|p2b: Smeargle|p1a: Tatsugiri\n|move|p2a: Oranguru|Trick Room|p2a: Oranguru\n|-fieldstart|move: Trick Room|[of] p2a: Oranguru\n|\n|-weather|Sandstorm|[upkeep]\n|-damage|p2a: Oranguru|94\/100|[from] Sandstorm\n|-damage|p1a: Tatsugiri|94\/100|[from] Sandstorm\n|-damage|p2b: Smeargle|94\/100|[from] Sandstorm\n|-damage|p1b: Dondozo|69\/100|[from] Sandstorm\n|-heal|p1b: Dondozo|75\/100|[from] item: Leftovers\n|-ability|p2b: Smeargle|Moody|boost\n|-boost|p2b: Smeargle|atk|2\n|-unboost|p2b: Smeargle|spa|1\n|-enditem|p2b: Smeargle|Eject Pack\n|upkeep\n|\n|t:|1732278589\n|switch|p2b: Ursaluna|Ursaluna-Bloodmoon, L50, M|100\/100\n|turn|2\n|inactive|stbai has 30 seconds left.\n|\n|t:|1732278618\n|-terastallize|p2b: Ursaluna|Normal\n|move|p2b: Ursaluna|Hyper Voice|p1a: Tatsugiri|[spread] p1b\n|-miss|p2b: Ursaluna|p1a: Tatsugiri\n|-damage|p1b: Dondozo|45\/100\n|move|p2a: Oranguru|Instruct|p2b: Ursaluna\n|-singleturn|p2b: Ursaluna|move: Instruct|[of] p2a: Oranguru\n|move|p2b: Ursaluna|Hyper Voice|p1a: Tatsugiri|[spread] p1b\n|-miss|p2b: Ursaluna|p1a: Tatsugiri\n|-damage|p1b: Dondozo|13\/100\n|move|p1b: Dondozo|Order Up|p2b: Ursaluna\n|-damage|p2b: Ursaluna|68\/100\n|-boost|p1b: Dondozo|atk|1\n|\n|-weather|Sandstorm|[upkeep]\n|-damage|p2b: Ursaluna|62\/100|[from] Sandstorm\n|-damage|p2a: Oranguru|88\/100|[from] Sandstorm\n|-damage|p1a: Tatsugiri|88\/100|[from] Sandstorm\n|-damage|p1b: Dondozo|7\/100|[from] Sandstorm\n|-heal|p1b: Dondozo|13\/100|[from] item: Leftovers\n|upkeep\n|turn|3\n|\n|t:|1732278630\n|move|p1b: Dondozo|Protect|p1b: Dondozo\n|-singleturn|p1b: Dondozo|Protect\n|move|p2b: Ursaluna|Hyper Voice|p1b: Dondozo|[spread] \n|-miss|p2b: Ursaluna|p1a: Tatsugiri\n|-activate|p1b: Dondozo|move: Protect\n|move|p2a: Oranguru|Instruct|p2b: Ursaluna\n|-singleturn|p2b: Ursaluna|move: Instruct|[of] p2a: Oranguru\n|move|p2b: Ursaluna|Hyper Voice|p1b: Dondozo|[spread] \n|-miss|p2b: Ursaluna|p1a: Tatsugiri\n|-activate|p1b: Dondozo|move: Protect\n|\n|-weather|Sandstorm|[upkeep]\n|-damage|p2b: Ursaluna|56\/100|[from] Sandstorm\n|-damage|p2a: Oranguru|82\/100|[from] Sandstorm\n|-damage|p1a: Tatsugiri|82\/100|[from] Sandstorm\n|-damage|p1b: Dondozo|7\/100|[from] Sandstorm\n|-heal|p1b: Dondozo|13\/100|[from] item: Leftovers\n|upkeep\n|turn|4\n|\n|t:|1732278643\n|move|p2b: Ursaluna|Hyper Voice|p1a: Tatsugiri|[spread] p1b\n|-miss|p2b: Ursaluna|p1a: Tatsugiri\n|-damage|p1b: Dondozo|0 fnt\n|faint|p1b: Dondozo\n|move|p2a: Oranguru|Instruct|p2b: Ursaluna\n|-singleturn|p2b: Ursaluna|move: Instruct|[of] p2a: Oranguru\n|move|p2b: Ursaluna|Hyper Voice|p1a: Tatsugiri\n|-crit|p1a: Tatsugiri\n|-damage|p1a: Tatsugiri|0 fnt\n|faint|p1a: Tatsugiri\n|\n|-weather|Sandstorm|[upkeep]\n|-damage|p2b: Ursaluna|50\/100|[from] Sandstorm\n|-damage|p2a: Oranguru|76\/100|[from] Sandstorm\n|upkeep\n|\n|t:|1732278646\n|switch|p1b: Pelipper|Pelipper, L50, F|100\/100\n|switch|p1a: Tyranitar|Tyranitar, L50, M|100\/100\n|-weather|RainDance|[from] ability: Drizzle|[of] p1b: Pelipper\n|-weather|Sandstorm|[from] ability: Sand Stream|[of] p1a: Tyranitar\n|turn|5\n|\n|t:|1732278663\n|move|p1b: Pelipper|Protect|p1b: Pelipper\n|-singleturn|p1b: Pelipper|Protect\n|move|p1a: Tyranitar|Protect|p1a: Tyranitar\n|-singleturn|p1a: Tyranitar|Protect\n|move|p2b: Ursaluna|Blood Moon|p1b: Pelipper\n|-activate|p1b: Pelipper|move: Protect\n|move|p2a: Oranguru|Psychic|p1b: Pelipper\n|-activate|p1b: Pelipper|move: Protect\n|\n|-weather|Sandstorm|[upkeep]\n|-damage|p2b: Ursaluna|45\/100|[from] Sandstorm\n|-damage|p2a: Oranguru|70\/100|[from] Sandstorm\n|-damage|p1b: Pelipper|95\/100|[from] Sandstorm\n|-fieldend|move: Trick Room\n|upkeep\n|turn|6\n|inactive|stbai has 30 seconds left.\n|inactive|stbai has 20 seconds left.\n|inactive|stbai has 15 seconds left.\n|\n|t:|1732278706\n|move|p2a: Oranguru|Protect|p2a: Oranguru\n|-singleturn|p2a: Oranguru|Protect\n|move|p2b: Ursaluna|Vacuum Wave|p1a: Tyranitar\n|-supereffective|p1a: Tyranitar\n|-damage|p1a: Tyranitar|62\/100\n|move|p1a: Tyranitar|Rock Slide|p2b: Ursaluna|[spread] \n|-activate|p2a: Oranguru|move: Protect\n|-miss|p1a: Tyranitar|p2b: Ursaluna\n|-enditem|p1a: Tyranitar|Blunder Policy\n|-boost|p1a: Tyranitar|spe|2\n|move|p1b: Pelipper|Weather Ball|p2b: Ursaluna\n|-damage|p2b: Ursaluna|18\/100\n|\n|-weather|Sandstorm|[upkeep]\n|-damage|p1b: Pelipper|89\/100|[from] Sandstorm\n|-damage|p2a: Oranguru|64\/100|[from] Sandstorm\n|-damage|p2b: Ursaluna|12\/100|[from] Sandstorm\n|upkeep\n|turn|7\n|j| CRJ2304\n|\n|t:|1732278727\n|move|p1a: Tyranitar|Knock Off|p2a: Oranguru\n|-supereffective|p2a: Oranguru\n|-damage|p2a: Oranguru|0 fnt\n|-enditem|p2a: Oranguru|Mental Herb|[from] move: Knock Off|[of] p1a: Tyranitar\n|faint|p2a: Oranguru\n|move|p1b: Pelipper|Weather Ball|p2b: Ursaluna\n|-damage|p2b: Ursaluna|0 fnt\n|faint|p2b: Ursaluna\n|\n|-weather|Sandstorm|[upkeep]\n|-damage|p1b: Pelipper|83\/100|[from] Sandstorm\n|upkeep\n|\n|t:|1732278731\n|switch|p2a: Smeargle|Smeargle, L50, M, shiny|94\/100\n|switch|p2b: Annihilape|Annihilape, L50, F, shiny|100\/100\n|turn|8\n|\n|t:|1732278754\n|-terastallize|p1a: Tyranitar|Ghost\n|move|p2a: Smeargle|Fake Out|p1b: Pelipper\n|-damage|p1b: Pelipper|78\/100\n|move|p2b: Annihilape|Close Combat|p1a: Tyranitar\n|-immune|p1a: Tyranitar\n|move|p1a: Tyranitar|Knock Off|p2a: Smeargle\n|-damage|p2a: Smeargle|5\/100\n|move|p1b: Pelipper|Hurricane|p2b: Annihilape\n|-supereffective|p2b: Annihilape\n|-damage|p2b: Annihilape|28\/100\n|\n|-weather|Sandstorm|[upkeep]\n|-damage|p2b: Annihilape|22\/100|[from] Sandstorm\n|-damage|p1a: Tyranitar|56\/100|[from] Sandstorm\n|-damage|p2a: Smeargle|0 fnt|[from] Sandstorm\n|-damage|p1b: Pelipper|72\/100|[from] Sandstorm\n|faint|p2a: Smeargle\n|upkeep\n|turn|9\n|-message|super crist forfeited.\n|\n|win|stbai\n|raw|stbai's rating: 1690 &rarr; <strong>1711<\/strong><br \/>(+21 for winning)\n|raw|super crist's rating: 1716 &rarr; <strong>1695<\/strong><br \/>(-21 for losing)\n|l|\u203dsuper crist\n|player|p2|\n|l| CRJ2304\n|l|\u2606stbai\n|player|p1|\n","uploadtime":1732278935,"views":7,"formatid":"gen9vgc2024regh","rating":1695,"private":0,"password":null}