{"id":"gen9vgc2024regh-2248217836","format":"[Gen 9] VGC 2024 Reg H","players":["vgclth terran","reg g rock"],"log":"|raw|<div class=\"broadcast-blue\"><strong>This battle is required to be public due to a player having a name starting with 'vgclth'.<\/div>\n|j|\u2606vgclth terran\n|j|\u2606reg g rock\n|t:|1732191746\n|gametype|doubles\n|player|p1|vgclth terran|rood|1777\n|player|p2|reg g rock|grusha|1677\n|teamsize|p1|6\n|teamsize|p2|6\n|gen|9\n|tier|[Gen 9] VGC 2024 Reg H\n|rated|\n|rule|Species Clause: Limit one of each Pok\u00e9mon\n|rule|Item Clause: Limit 1 of each item\n|clearpoke\n|poke|p1|Ninetales-Alola, L50, M|\n|poke|p1|Rillaboom, L50, M|\n|poke|p1|Magmar, L50, F|\n|poke|p1|Sneasler, L50, M|\n|poke|p1|Kingambit, L50, F|\n|poke|p1|Basculegion, L50, M|\n|poke|p2|Garchomp, L50, M|\n|poke|p2|Jumpluff, L50, F|\n|poke|p2|Torkoal, L50, M|\n|poke|p2|Dragonite, L50, F|\n|poke|p2|Kingambit, L50, F|\n|poke|p2|Typhlosion-Hisui, L50, F|\n|teampreview|4\n|inactive|Battle timer is ON: inactive players will automatically lose when time's up. (requested by reg g rock)\n|inactive|reg g rock has 60 seconds left.\n|\n|t:|1732191783\n|start\n|switch|p1a: Sneasler|Sneasler, L50, M|100\/100\n|switch|p1b: Kingambit|Kingambit, L50, F|100\/100\n|switch|p2a: Kingambit|Kingambit, L50, F|100\/100\n|switch|p2b: Garchomp|Garchomp, L50, M|100\/100\n|turn|1\n|\n|t:|1732191801\n|-terastallize|p2a: Kingambit|Flying\n|move|p1a: Sneasler|Fake Out|p2b: Garchomp\n|-damage|p2b: Garchomp|86\/100\n|-damage|p1a: Sneasler|88\/100|[from] ability: Rough Skin|[of] p2b: Garchomp\n|cant|p2b: Garchomp|flinch\n|move|p2a: Kingambit|Low Kick|p1b: Kingambit\n|-supereffective|p1b: Kingambit\n|-damage|p1b: Kingambit|0 fnt\n|faint|p1b: Kingambit\n|\n|upkeep\n|\n|t:|1732191816\n|switch|p1b: Rillaboom|Rillaboom, L50, M|100\/100\n|-fieldstart|move: Grassy Terrain|[from] ability: Grassy Surge|[of] p1b: Rillaboom\n|turn|2\n|\n|t:|1732191823\n|move|p1a: Sneasler|Protect|p1a: Sneasler\n|-singleturn|p1a: Sneasler|Protect\n|move|p2b: Garchomp|Earthquake|p1a: Sneasler|[spread] p1b\n|-activate|p1a: Sneasler|move: Protect\n|-immune|p2a: Kingambit\n|-resisted|p1b: Rillaboom\n|-damage|p1b: Rillaboom|88\/100\n|-damage|p2b: Garchomp|77\/100|[from] item: Life Orb\n|move|p1b: Rillaboom|Wood Hammer|p2b: Garchomp\n|-damage|p2b: Garchomp|0 fnt\n|-damage|p1b: Rillaboom|76\/100|[from] ability: Rough Skin|[of] p2b: Garchomp\n|faint|p2b: Garchomp\n|-damage|p1b: Rillaboom|53\/100|[from] Recoil\n|move|p2a: Kingambit|Assurance|p1b: Rillaboom\n|-damage|p1b: Rillaboom|0 fnt\n|faint|p1b: Rillaboom\n|\n|-heal|p1a: Sneasler|94\/100|[from] Grassy Terrain\n|upkeep\n|\n|t:|1732191836\n|switch|p2b: Torkoal|Torkoal, L50, M|100\/100\n|switch|p1b: Magmar|Magmar, L50, F|100\/100\n|-weather|SunnyDay|[from] ability: Drought|[of] p2b: Torkoal\n|turn|3\n|\n|t:|1732191846\n|move|p1a: Sneasler|Dire Claw|p2a: Kingambit\n|-damage|p2a: Kingambit|70\/100\n|-status|p2a: Kingambit|psn|[from] ability: Poison Touch|[of] p1a: Sneasler\n|move|p1b: Magmar|Heat Wave|p2b: Torkoal|[spread] p2a,p2b\n|-resisted|p2b: Torkoal\n|-damage|p2a: Kingambit|43\/100 psn\n|-damage|p2b: Torkoal|74\/100\n|move|p2a: Kingambit|Assurance|p1a: Sneasler\n|-resisted|p1a: Sneasler\n|-damage|p1a: Sneasler|64\/100\n|move|p2b: Torkoal|Burning Jealousy|p1b: Magmar|[spread] p1a,p1b\n|-resisted|p1b: Magmar\n|-damage|p1a: Sneasler|16\/100\n|-damage|p1b: Magmar|88\/100\n|\n|-weather|SunnyDay|[upkeep]\n|-heal|p1a: Sneasler|22\/100|[from] Grassy Terrain\n|-heal|p1b: Magmar|94\/100|[from] Grassy Terrain\n|-heal|p2b: Torkoal|80\/100|[from] Grassy Terrain\n|-damage|p2a: Kingambit|31\/100 psn|[from] psn\n|upkeep\n|turn|4\n|inactive|vgclth terran has 30 seconds left.\n|inactive|vgclth terran has 20 seconds left.\n|inactive|vgclth terran has 15 seconds left.\n|\n|t:|1732191888\n|move|p1a: Sneasler|Protect|p1a: Sneasler\n|-singleturn|p1a: Sneasler|Protect\n|move|p2a: Kingambit|Sucker Punch|p1b: Magmar\n|-damage|p1b: Magmar|67\/100\n|move|p1b: Magmar|Heat Wave|p2a: Kingambit|[spread] p2a,p2b\n|-resisted|p2b: Torkoal\n|-crit|p2b: Torkoal\n|-damage|p2a: Kingambit|5\/100 psn\n|-damage|p2b: Torkoal|40\/100\n|move|p2b: Torkoal|Burning Jealousy|p1b: Magmar|[spread] p1b\n|-activate|p1a: Sneasler|move: Protect\n|-resisted|p1b: Magmar\n|-damage|p1b: Magmar|54\/100\n|\n|-weather|SunnyDay|[upkeep]\n|-heal|p1a: Sneasler|28\/100|[from] Grassy Terrain\n|-heal|p1b: Magmar|60\/100|[from] Grassy Terrain\n|-heal|p2b: Torkoal|45\/100|[from] Grassy Terrain\n|-damage|p2a: Kingambit|0 fnt|[from] psn\n|faint|p2a: Kingambit\n|upkeep\n|\n|t:|1732191893\n|switch|p2a: Typhlosion|Typhlosion-Hisui, L50, F|100\/100\n|turn|5\n|\n|t:|1732191898\n|move|p1a: Sneasler|Dire Claw|p2a: Typhlosion\n|-resisted|p2a: Typhlosion\n|-damage|p2a: Typhlosion|72\/100\n|-status|p2a: Typhlosion|slp\n|cant|p2a: Typhlosion|slp\n|move|p1b: Magmar|Heat Wave|p2a: Typhlosion|[spread] p2a,p2b\n|-resisted|p2a: Typhlosion\n|-resisted|p2b: Torkoal\n|-damage|p2a: Typhlosion|47\/100 slp\n|-damage|p2b: Torkoal|19\/100\n|move|p2b: Torkoal|Burning Jealousy|p1b: Magmar|[spread] p1a,p1b\n|-resisted|p1b: Magmar\n|-damage|p1a: Sneasler|0 fnt\n|-damage|p1b: Magmar|47\/100\n|faint|p1a: Sneasler\n|\n|-weather|SunnyDay|[upkeep]\n|-heal|p2a: Typhlosion|53\/100 slp|[from] Grassy Terrain\n|-heal|p1b: Magmar|53\/100|[from] Grassy Terrain\n|-heal|p2b: Torkoal|25\/100|[from] Grassy Terrain\n|upkeep\n|turn|6\n|\n|t:|1732191907\n|cant|p2a: Typhlosion|slp\n|move|p1b: Magmar|Heat Wave|p2a: Typhlosion|[spread] p2a,p2b\n|-resisted|p2a: Typhlosion\n|-resisted|p2b: Torkoal\n|-damage|p2a: Typhlosion|29\/100 slp\n|-damage|p2b: Torkoal|0 fnt\n|faint|p2b: Torkoal\n|\n|-weather|SunnyDay|[upkeep]\n|-heal|p2a: Typhlosion|35\/100 slp|[from] Grassy Terrain\n|-heal|p1b: Magmar|59\/100|[from] Grassy Terrain\n|-fieldend|move: Grassy Terrain\n|upkeep\n|turn|7\n|\n|t:|1732191910\n|-curestatus|p2a: Typhlosion|slp|[msg]\n|move|p2a: Typhlosion|Shadow Ball|p1b: Magmar\n|-damage|p1b: Magmar|10\/100\n|-unboost|p1b: Magmar|spd|1\n|move|p1b: Magmar|Heat Wave|p2a: Typhlosion\n|-resisted|p2a: Typhlosion\n|-damage|p2a: Typhlosion|0 fnt\n|faint|p2a: Typhlosion\n|\n|win|vgclth terran\n|raw|vgclth terran's rating: 1777 &rarr; <strong>1791<\/strong><br \/>(+14 for winning)\n|raw|reg g rock's rating: 1677 &rarr; <strong>1663<\/strong><br \/>(-14 for losing)\n|l|\u2606reg g rock\n|player|p2|\n|l|\u2606vgclth terran\n|player|p1|\n","uploadtime":1732192183,"views":15,"formatid":"gen9vgc2024regh","rating":1663,"private":0,"password":null}