{"id":"gen9vgc2024regh-2248186644","format":"[Gen 9] VGC 2024 Reg H","players":["MillerH33","zip520520"],"log":"|j|\u2606MillerH33\n|j|\u2606zip520520\n|t:|1732186991\n|gametype|doubles\n|player|p1|MillerH33|riley|1745\n|player|p2|zip520520|265|1733\n|teamsize|p1|6\n|teamsize|p2|6\n|gen|9\n|tier|[Gen 9] VGC 2024 Reg H\n|rated|\n|rule|Species Clause: Limit one of each Pok\u00e9mon\n|rule|Item Clause: Limit 1 of each item\n|clearpoke\n|poke|p1|Garchomp, L50, M|\n|poke|p1|Amoonguss, L50, F|\n|poke|p1|Gholdengo, L50|\n|poke|p1|Kilowattrel, L50, F|\n|poke|p1|Tyranitar, L50, F|\n|poke|p1|Sneasler, L50, F|\n|poke|p2|Volcarona, L50, F|\n|poke|p2|Sneasler, L50, M|\n|poke|p2|Garchomp, L50, F|\n|poke|p2|Whimsicott, L50, F|\n|poke|p2|Kingambit, L50, F|\n|poke|p2|Amoonguss, L50, F|\n|teampreview|4\n|inactive|Battle timer is ON: inactive players will automatically lose when time's up. (requested by zip520520)\n|inactive|MillerH33 has 60 seconds left.\n|inactive|zip520520 has 60 seconds left.\n|\n|t:|1732187045\n|start\n|switch|p1a: Kilowattrel|Kilowattrel, L50, F|100\/100\n|switch|p1b: Garchomp|Garchomp, L50, M|100\/100\n|switch|p2a: Whimsicott|Whimsicott, L50, F|100\/100\n|switch|p2b: Volcarona|Volcarona, L50, F|100\/100\n|turn|1\n|\n|t:|1732187064\n|move|p2a: Whimsicott|Tailwind|p2a: Whimsicott\n|-sidestart|p2: zip520520|move: Tailwind\n|move|p2b: Volcarona|Heat Wave|p1a: Kilowattrel|[spread] p1a,p1b\n|-resisted|p1b: Garchomp\n|-damage|p1a: Kilowattrel|29\/100\n|-damage|p1b: Garchomp|78\/100\n|move|p1a: Kilowattrel|Tailwind|p1a: Kilowattrel\n|-sidestart|p1: MillerH33|move: Tailwind\n|move|p1b: Garchomp|Earthquake|p2a: Whimsicott|[spread] p2a,p2b\n|-immune|p1a: Kilowattrel\n|-resisted|p2a: Whimsicott\n|-crit|p2b: Volcarona\n|-damage|p2a: Whimsicott|75\/100\n|-damage|p2b: Volcarona|0 fnt\n|faint|p2b: Volcarona\n|-damage|p1b: Garchomp|68\/100|[from] item: Life Orb\n|\n|upkeep\n|inactive|zip520520 has 30 seconds left.\n|\n|t:|1732187091\n|switch|p2b: Garchomp|Garchomp, L50, F|100\/100\n|turn|2\n|\n|t:|1732187107\n|-terastallize|p2b: Garchomp|Fairy\n|move|p1b: Garchomp|Protect|p1b: Garchomp\n|-singleturn|p1b: Garchomp|Protect\n|move|p2a: Whimsicott|Light Screen|p2a: Whimsicott\n|-sidestart|p2: zip520520|move: Light Screen\n|move|p1a: Kilowattrel|Air Slash|p2a: Whimsicott\n|-supereffective|p2a: Whimsicott\n|-damage|p2a: Whimsicott|20\/100\n|move|p2b: Garchomp|Breaking Swipe|p1a: Kilowattrel|[spread] p1a\n|-activate|p1b: Garchomp|move: Protect\n|-damage|p1a: Kilowattrel|0 fnt\n|faint|p1a: Kilowattrel\n|\n|upkeep\n|inactive|MillerH33 has 30 seconds left.\n|\n|t:|1732187134\n|switch|p1a: Tyranitar|Tyranitar, L50, F|100\/100\n|-weather|Sandstorm|[from] ability: Sand Stream|[of] p1a: Tyranitar\n|turn|3\n|\n|t:|1732187143\n|-terastallize|p1a: Tyranitar|Flying\n|move|p2a: Whimsicott|Sunny Day|p2a: Whimsicott\n|-weather|SunnyDay\n|move|p2b: Garchomp|Breaking Swipe|p1a: Tyranitar|[spread] p1a,p1b\n|-supereffective|p1b: Garchomp\n|-damage|p1a: Tyranitar|80\/100\n|-damage|p1b: Garchomp|26\/100\n|-unboost|p1a: Tyranitar|atk|1\n|-unboost|p1b: Garchomp|atk|1\n|-damage|p2b: Garchomp|88\/100|[from] ability: Rough Skin|[of] p1b: Garchomp\n|move|p1b: Garchomp|Earthquake|p2a: Whimsicott|[spread] p2a,p2b\n|-immune|p1a: Tyranitar\n|-resisted|p2a: Whimsicott\n|-crit|p2a: Whimsicott\n|-damage|p2a: Whimsicott|0 fnt\n|-damage|p2b: Garchomp|50\/100\n|faint|p2a: Whimsicott\n|-damage|p1b: Garchomp|16\/100|[from] item: Life Orb\n|move|p1a: Tyranitar|Rock Slide|p2b: Garchomp\n|-crit|p2b: Garchomp\n|-damage|p2b: Garchomp|0 fnt\n|faint|p2b: Garchomp\n|\n|-weather|SunnyDay|[upkeep]\n|upkeep\n|\n|t:|1732187168\n|switch|p2a: Sneasler|Sneasler, L50, M|100\/100\n|turn|4\n|\n|t:|1732187185\n|switch|p1a: Amoonguss|Amoonguss, L50, F|100\/100\n|move|p2a: Sneasler|Close Combat|p1b: Garchomp\n|-damage|p1b: Garchomp|0 fnt\n|-unboost|p2a: Sneasler|def|1\n|-unboost|p2a: Sneasler|spd|1\n|-damage|p2a: Sneasler|88\/100|[from] ability: Rough Skin|[of] p1b: Garchomp\n|-enditem|p2a: Sneasler|White Herb\n|-clearnegativeboost|p2a: Sneasler|[silent]\n|faint|p1b: Garchomp\n|\n|-weather|SunnyDay|[upkeep]\n|-sideend|p2: zip520520|move: Tailwind\n|-sideend|p1: MillerH33|move: Tailwind\n|upkeep\n|\n|t:|1732187189\n|switch|p1b: Tyranitar|Tyranitar, L50, F, tera:Flying|80\/100\n|-weather|Sandstorm|[from] ability: Sand Stream|[of] p1b: Tyranitar\n|turn|5\n|c|\u2606MillerH33|gg\n|\n|t:|1732187204\n|move|p1a: Amoonguss|Rage Powder|p1a: Amoonguss\n|-singleturn|p1a: Amoonguss|move: Rage Powder\n|move|p2a: Sneasler|Dire Claw|p1a: Amoonguss\n|-damage|p1a: Amoonguss|65\/100\n|move|p1b: Tyranitar|Tera Blast|p2a: Sneasler|[anim] Tera Blast Flying\n|-supereffective|p2a: Sneasler\n|-damage|p2a: Sneasler|0 fnt\n|faint|p2a: Sneasler\n|\n|win|MillerH33\n|raw|MillerH33's rating: 1745 &rarr; <strong>1764<\/strong><br \/>(+19 for winning)\n|raw|zip520520's rating: 1733 &rarr; <strong>1714<\/strong><br \/>(-19 for losing)\n|l|\u2606MillerH33\n|player|p1|\n|l|\u2606zip520520\n|player|p2|\n","uploadtime":1732187387,"views":15,"formatid":"gen9vgc2024regh","rating":1714,"private":0,"password":null}