{"id":"gen9vgc2024regh-2248207079","format":"[Gen 9] VGC 2024 Reg H","players":["zip520520","ted31625"],"log":"|j|\u2606zip520520\n|j|\u2606ted31625\n|t:|1732190155\n|gametype|doubles\n|player|p1|zip520520|265|1744\n|player|p2|ted31625|102|1737\n|teamsize|p1|6\n|teamsize|p2|6\n|gen|9\n|tier|[Gen 9] VGC 2024 Reg H\n|rated|\n|rule|Species Clause: Limit one of each Pok\u00e9mon\n|rule|Item Clause: Limit 1 of each item\n|clearpoke\n|poke|p1|Volcarona, L50, M|\n|poke|p1|Sneasler, L50, M|\n|poke|p1|Garchomp, L50, M|\n|poke|p1|Whimsicott, L50, F|\n|poke|p1|Kingambit, L50, M|\n|poke|p1|Amoonguss, L50, M|\n|poke|p2|Dragonite, L50, M|\n|poke|p2|Kingambit, L50, F|\n|poke|p2|Archaludon, L50, F|\n|poke|p2|Rillaboom, L50, F|\n|poke|p2|Tauros-Paldea-Aqua, L50, M|\n|poke|p2|Pelipper, L50, M|\n|teampreview|4\n|inactive|Battle timer is ON: inactive players will automatically lose when time's up. (requested by zip520520)\nted31625 has agreed to open team sheets.\n|\n|t:|1732190177\n|start\n|switch|p1a: Whimsicott|Whimsicott, L50, F|100\/100\n|switch|p1b: Garchomp|Garchomp, L50, M|100\/100\n|switch|p2a: Dragonite|Dragonite, L50, M, shiny|100\/100\n|switch|p2b: Kingambit|Kingambit, L50, F, shiny|100\/100\n|turn|1\n|inactive|zip520520 has 30 seconds left.\n|inactive|ted31625 has 30 seconds left.\n|\n|t:|1732190205\n|-terastallize|p1b: Garchomp|Fairy\n|-terastallize|p2a: Dragonite|Fairy\n|move|p1b: Garchomp|Rock Slide|p2b: Kingambit|[spread] p2b\n|-miss|p1b: Garchomp|p2a: Dragonite\n|-resisted|p2b: Kingambit\n|-crit|p2b: Kingambit\n|-damage|p2b: Kingambit|87\/100\n|move|p1a: Whimsicott|Moonblast|p2a: Dragonite\n|-damage|p2a: Dragonite|86\/100\n|move|p2a: Dragonite|Scale Shot|p1b: Garchomp\n|-immune|p1b: Garchomp\n|move|p2b: Kingambit|Iron Head|p1a: Whimsicott\n|-supereffective|p1a: Whimsicott\n|-damage|p1a: Whimsicott|17\/100\n|\n|upkeep\n|turn|2\n|inactive|zip520520 has 30 seconds left.\n|inactive|ted31625 has 30 seconds left.\n|\n|t:|1732190239\n|move|p2a: Dragonite|Extreme Speed|p1a: Whimsicott\n|-damage|p1a: Whimsicott|0 fnt\n|faint|p1a: Whimsicott\n|move|p1b: Garchomp|Stomping Tantrum|p2b: Kingambit\n|-supereffective|p2b: Kingambit\n|-damage|p2b: Kingambit|18\/100\n|move|p2b: Kingambit|Iron Head|p1b: Garchomp\n|-supereffective|p1b: Garchomp\n|-damage|p1b: Garchomp|0 fnt\n|-damage|p2b: Kingambit|6\/100|[from] ability: Rough Skin|[of] p1b: Garchomp\n|faint|p1b: Garchomp\n|\n|upkeep\n|\n|t:|1732190254\n|switch|p1b: Sneasler|Sneasler, L50, M|100\/100\n|switch|p1a: Volcarona|Volcarona, L50, M|100\/100\n|turn|3\n|\n|t:|1732190269\n|move|p2a: Dragonite|Protect|p2a: Dragonite\n|-singleturn|p2a: Dragonite|Protect\n|move|p2b: Kingambit|Protect|p2b: Kingambit\n|-singleturn|p2b: Kingambit|Protect\n|move|p1a: Volcarona|Heat Wave|p2b: Kingambit|[spread] \n|-activate|p2a: Dragonite|move: Protect\n|-activate|p2b: Kingambit|move: Protect\n|move|p1b: Sneasler|Dire Claw|p2a: Dragonite\n|-activate|p2a: Dragonite|move: Protect\n|\n|upkeep\n|turn|4\n|\n|t:|1732190288\n|move|p2a: Dragonite|Extreme Speed|p1b: Sneasler\n|-damage|p1b: Sneasler|44\/100\n|move|p2b: Kingambit|Sucker Punch|p1b: Sneasler\n|-resisted|p1b: Sneasler\n|-damage|p1b: Sneasler|9\/100\n|move|p1a: Volcarona|Heat Wave|p2b: Kingambit|[spread] p2a,p2b\n|-supereffective|p2b: Kingambit\n|-damage|p2a: Dragonite|39\/100\n|-damage|p2b: Kingambit|0 fnt\n|faint|p2b: Kingambit\n|move|p1b: Sneasler|Dire Claw|p2a: Dragonite\n|-supereffective|p2a: Dragonite\n|-damage|p2a: Dragonite|0 fnt\n|faint|p2a: Dragonite\n|\n|upkeep\n|j| CRJ2304\n|\n|t:|1732190295\n|switch|p2a: Archaludon|Archaludon, L50, F, shiny|100\/100\n|switch|p2b: Rillaboom|Rillaboom, L50, F, shiny|100\/100\n|-fieldstart|move: Grassy Terrain|[from] ability: Grassy Surge|[of] p2b: Rillaboom\n|turn|5\n|\n|t:|1732190310\n|move|p1b: Sneasler|Protect|p1b: Sneasler\n|-singleturn|p1b: Sneasler|Protect\n|move|p2b: Rillaboom|Fake Out|p1a: Volcarona\n|-damage|p1a: Volcarona|79\/100\n|cant|p1a: Volcarona|flinch\n|move|p2a: Archaludon|Electro Shot||[still]\n|-prepare|p2a: Archaludon|Electro Shot\n|-boost|p2a: Archaludon|spa|1\n|-enditem|p2a: Archaludon|Power Herb\n|-anim|p2a: Archaludon|Electro Shot|p1b: Sneasler\n|-activate|p1b: Sneasler|move: Protect\n|\n|-heal|p1a: Volcarona|86\/100|[from] Grassy Terrain\n|-heal|p1b: Sneasler|15\/100|[from] Grassy Terrain\n|upkeep\n|turn|6\n|\n|t:|1732190332\n|move|p2b: Rillaboom|Grassy Glide|p1b: Sneasler\n|-resisted|p1b: Sneasler\n|-damage|p1b: Sneasler|0 fnt\n|faint|p1b: Sneasler\n|move|p1a: Volcarona|Heat Wave|p2a: Archaludon|[spread] p2a,p2b\n|-supereffective|p2b: Rillaboom\n|-damage|p2a: Archaludon|40\/100\n|-damage|p2b: Rillaboom|43\/100\n|move|p2a: Archaludon|Dragon Pulse|p1a: Volcarona\n|-damage|p1a: Volcarona|14\/100\n|\n|-heal|p1a: Volcarona|20\/100|[from] Grassy Terrain\n|-heal|p2a: Archaludon|47\/100|[from] Grassy Terrain\n|-heal|p2b: Rillaboom|48\/100|[from] Grassy Terrain\n|upkeep\n|turn|7\n|\n|t:|1732190348\n|move|p2b: Rillaboom|Grassy Glide|p1a: Volcarona\n|-resisted|p1a: Volcarona\n|-damage|p1a: Volcarona|7\/100\n|move|p1a: Volcarona|Heat Wave|p2b: Rillaboom|[spread] p2a,p2b\n|-supereffective|p2b: Rillaboom\n|-damage|p2a: Archaludon|0 fnt\n|-damage|p2b: Rillaboom|0 fnt\n|faint|p2a: Archaludon\n|faint|p2b: Rillaboom\n|\n|win|zip520520\n|raw|zip520520's rating: 1744 &rarr; <strong>1764<\/strong><br \/>(+20 for winning)\n|raw|ted31625's rating: 1737 &rarr; <strong>1717<\/strong><br \/>(-20 for losing)\n|l|\u2606zip520520\n|player|p1|\n|l| CRJ2304\n|l|\u2606ted31625\n|player|p2|\n","uploadtime":1732190583,"views":14,"formatid":"gen9vgc2024regh","rating":1717,"private":0,"password":null}