{"id":"gen9vgc2024regh-2248589144","format":"[Gen 9] VGC 2024 Reg H","players":["tttCHORIttt","VGCLTH Sir Aaron"],"log":"|raw|<div class=\"broadcast-blue\"><strong>This battle is required to be public due to a player having a name starting with 'vgclth'.<\/div>\n|j|\u2606tttCHORIttt\n|j|\u2606VGCLTH Sir Aaron\n|t:|1732229624\n|gametype|doubles\n|player|p1|tttCHORIttt|169|1714\n|player|p2|VGCLTH Sir Aaron|red-masters3|1673\n|teamsize|p1|6\n|teamsize|p2|6\n|gen|9\n|tier|[Gen 9] VGC 2024 Reg H\n|rated|\n|rule|Species Clause: Limit one of each Pok\u00e9mon\n|rule|Item Clause: Limit 1 of each item\n|clearpoke\n|poke|p1|Jumpluff, L50, F|\n|poke|p1|Ursaluna-Bloodmoon, L50, M|\n|poke|p1|Torkoal, L50, M|\n|poke|p1|Dragonite, L50, F|\n|poke|p1|Mimikyu, L50, M|\n|poke|p1|Rillaboom, L50, M|\n|poke|p2|Azumarill, L50, M|\n|poke|p2|Archaludon, L50, F|\n|poke|p2|Arcanine, L50, M|\n|poke|p2|Electabuzz, L50, F|\n|poke|p2|Rillaboom, L50, F|\n|poke|p2|Dragonite, L50, M|\n|teampreview|4\n|j| kyo9t\n|\n|t:|1732229669\n|start\n|switch|p1a: Mimikyu|Mimikyu, L50, M|100\/100\n|switch|p1b: Ursaluna|Ursaluna-Bloodmoon, L50, M|100\/100\n|switch|p2a: Azumarill|Azumarill, L50, M|100\/100\n|switch|p2b: Electabuzz|Electabuzz, L50, F|100\/100\n|turn|1\n|\n|t:|1732229690\n|-terastallize|p2a: Azumarill|Water\n|move|p2b: Electabuzz|Electroweb|p1b: Ursaluna|[spread] p1a\n|-immune|p1b: Ursaluna\n|-activate|p1a: Mimikyu|ability: Disguise\n|-damage|p1a: Mimikyu|100\/100\n|-unboost|p1a: Mimikyu|spe|1\n|detailschange|p1a: Mimikyu|Mimikyu-Busted, L50, M\n|-damage|p1a: Mimikyu|88\/100|[from] pokemon: Mimikyu-Busted\n|move|p1b: Ursaluna|Hyper Voice|p2b: Electabuzz|[spread] p2a,p2b\n|-crit|p2b: Electabuzz\n|-damage|p2a: Azumarill|49\/100\n|-damage|p2b: Electabuzz|48\/100\n|-enditem|p2a: Azumarill|Sitrus Berry|[eat]\n|-heal|p2a: Azumarill|74\/100|[from] item: Sitrus Berry\n|-damage|p1b: Ursaluna|91\/100|[from] item: Life Orb\n|move|p2a: Azumarill|Belly Drum|p2a: Azumarill\n|-damage|p2a: Azumarill|24\/100\n|-setboost|p2a: Azumarill|atk|6|[from] move: Belly Drum\n|move|p1a: Mimikyu|Trick Room|p1a: Mimikyu\n|-fieldstart|move: Trick Room|[of] p1a: Mimikyu\n|\n|upkeep\n|turn|2\n|l| kyo9t\n|\n|t:|1732229718\n|move|p1b: Ursaluna|Protect|p1b: Ursaluna\n|-singleturn|p1b: Ursaluna|Protect\n|move|p2b: Electabuzz|Follow Me|p2b: Electabuzz\n|-singleturn|p2b: Electabuzz|move: Follow Me\n|move|p1a: Mimikyu|Shadow Sneak|p2b: Electabuzz\n|-damage|p2b: Electabuzz|31\/100\n|move|p2a: Azumarill|Aqua Jet|p1b: Ursaluna\n|-activate|p1b: Ursaluna|move: Protect\n|\n|upkeep\n|turn|3\n|\n|t:|1732229734\n|switch|p1b: Rillaboom|Rillaboom, L50, M|100\/100\n|-fieldstart|move: Grassy Terrain|[from] ability: Grassy Surge|[of] p1b: Rillaboom\n|move|p2a: Azumarill|Protect|p2a: Azumarill\n|-singleturn|p2a: Azumarill|Protect\n|move|p2b: Electabuzz|Protect|p2b: Electabuzz\n|-singleturn|p2b: Electabuzz|Protect\n|move|p1a: Mimikyu|Play Rough|p2b: Electabuzz\n|-activate|p2b: Electabuzz|move: Protect\n|\n|-heal|p1a: Mimikyu|94\/100|[from] Grassy Terrain\n|-heal|p2a: Azumarill|31\/100|[from] Grassy Terrain\n|-heal|p2b: Electabuzz|37\/100|[from] Grassy Terrain\n|upkeep\n|turn|4\n|\n|t:|1732229761\n|move|p2b: Electabuzz|Follow Me|p2b: Electabuzz\n|-singleturn|p2b: Electabuzz|move: Follow Me\n|move|p1a: Mimikyu|Play Rough|p2b: Electabuzz\n|-damage|p2b: Electabuzz|2\/100\n|move|p2a: Azumarill|Play Rough|p1b: Rillaboom\n|-damage|p1b: Rillaboom|0 fnt\n|faint|p1b: Rillaboom\n|\n|-heal|p1a: Mimikyu|100\/100|[from] Grassy Terrain\n|-heal|p2a: Azumarill|37\/100|[from] Grassy Terrain\n|-heal|p2b: Electabuzz|8\/100|[from] Grassy Terrain\n|upkeep\n|\n|t:|1732229776\n|switch|p1b: Ursaluna|Ursaluna-Bloodmoon, L50, M|91\/100\n|turn|5\n|\n|t:|1732229792\n|move|p2b: Electabuzz|Follow Me|p2b: Electabuzz\n|-singleturn|p2b: Electabuzz|move: Follow Me\n|move|p1a: Mimikyu|Shadow Sneak|p2b: Electabuzz\n|-damage|p2b: Electabuzz|0 fnt\n|faint|p2b: Electabuzz\n|move|p2a: Azumarill|Aqua Jet|p1b: Ursaluna\n|-supereffective|p1b: Ursaluna\n|-damage|p1b: Ursaluna|0 fnt\n|faint|p1b: Ursaluna\n|\n|-heal|p2a: Azumarill|43\/100|[from] Grassy Terrain\n|-fieldend|move: Trick Room\n|upkeep\n|-message|tttCHORIttt forfeited.\n|\n|win|VGCLTH Sir Aaron\n|raw|tttCHORIttt's rating: 1714 &rarr; <strong>1692<\/strong><br \/>(-22 for losing)\n|raw|VGCLTH Sir Aaron's rating: 1673 &rarr; <strong>1695<\/strong><br \/>(+22 for winning)\n|l|\u2606tttCHORIttt\n|player|p1|\n","uploadtime":1732230074,"views":13,"formatid":"gen9vgc2024regh","rating":1692,"private":0,"password":null}