{"id":"gen9vgc2024regh-2248430918","format":"[Gen 9] VGC 2024 Reg H","players":["VGCLTH <1000ELO","Allhailhippo"],"log":"|raw|<div class=\"broadcast-blue\"><strong>This battle is required to be public due to a player having a name starting with 'vgclth'.<\/div>\n|j|\u2606VGCLTH <1000ELO\n|j|\u2606Allhailhippo\n|t:|1732213865\n|gametype|doubles\n|player|p1|VGCLTH <1000ELO|1|1809\n|player|p2|Allhailhippo|1|1794\n|teamsize|p1|6\n|teamsize|p2|6\n|gen|9\n|tier|[Gen 9] VGC 2024 Reg H\n|rated|\n|rule|Species Clause: Limit one of each Pok\u00e9mon\n|rule|Item Clause: Limit 1 of each item\n|clearpoke\n|poke|p1|Dondozo, L50, M|\n|poke|p1|Tatsugiri, L50, M|\n|poke|p1|Dragonite, L50, M|\n|poke|p1|Gholdengo, L50|\n|poke|p1|Glimmora, L50, F|\n|poke|p1|Talonflame, L50, M|\n|poke|p2|Tyranitar, L50, M|\n|poke|p2|Houndstone, L50, M|\n|poke|p2|Whimsicott, L50, F|\n|poke|p2|Incineroar, L50, F|\n|poke|p2|Gholdengo, L50|\n|poke|p2|Garchomp, L50, F|\n|teampreview|4\n|inactive|Battle timer is ON: inactive players will automatically lose when time's up. (requested by Allhailhippo)\n|inactive|VGCLTH <1000ELO also wants the timer to be on.\n|inactive|VGCLTH <1000ELO has 60 seconds left.\n|j| Meditate Golisopod\n|inactive|VGCLTH <1000ELO has 30 seconds left.\n|\n|t:|1732213926\n|start\n|switch|p1a: Dragonite|Dragonite, L50, M|100\/100\n|switch|p1b: Gholdengo|Gholdengo, L50|100\/100\n|switch|p2a: Anna|Whimsicott, L50, F|100\/100\n|switch|p2b: Garchomp|Garchomp, L50, F|100\/100\n|turn|1\n|inactive|VGCLTH <1000ELO has 30 seconds left.\n|inactive|VGCLTH <1000ELO has 20 seconds left.\n|inactive|VGCLTH <1000ELO has 15 seconds left.\n|\n|t:|1732213970\n|-terastallize|p1a: Dragonite|Normal\n|move|p2a: Anna|Protect|p2a: Anna\n|-singleturn|p2a: Anna|Protect\n|move|p2b: Garchomp|Protect|p2b: Garchomp\n|-singleturn|p2b: Garchomp|Protect\n|move|p1a: Dragonite|Extreme Speed|p2b: Garchomp\n|-activate|p2b: Garchomp|move: Protect\n|move|p1b: Gholdengo|Make It Rain|p2a: Anna|[spread] \n|-activate|p2a: Anna|move: Protect\n|-activate|p2b: Garchomp|move: Protect\n|\n|upkeep\n|turn|2\n|\n|t:|1732213985\n|move|p1a: Dragonite|Extreme Speed|p2b: Garchomp\n|-damage|p2b: Garchomp|32\/100\n|-damage|p1a: Dragonite|88\/100|[from] ability: Rough Skin|[of] p2b: Garchomp\n|move|p2a: Anna|Tailwind|p2a: Anna\n|-sidestart|p2: Allhailhippo|move: Tailwind\n|move|p2b: Garchomp|Earthquake|p1b: Gholdengo|[spread] p2a,p1a,p1b\n|-resisted|p2a: Anna\n|-supereffective|p1b: Gholdengo\n|-damage|p2a: Anna|69\/100\n|-damage|p1a: Dragonite|39\/100\n|-damage|p1b: Gholdengo|0 fnt\n|faint|p1b: Gholdengo\n|-damage|p2b: Garchomp|22\/100|[from] item: Life Orb\n|\n|upkeep\n|\n|t:|1732213991\n|switch|p1b: Tatsugiri|Tatsugiri, L50, M|100\/100\n|turn|3\n|\n|t:|1732214007\n|move|p1a: Dragonite|Extreme Speed|p2a: Anna\n|-crit|p2a: Anna\n|-damage|p2a: Anna|0 fnt\n|faint|p2a: Anna\n|move|p2b: Garchomp|Dragon Claw|p1a: Dragonite\n|-damage|p1a: Dragonite|0 fnt\n|faint|p1a: Dragonite\n|-damage|p2b: Garchomp|12\/100|[from] item: Life Orb\n|move|p1b: Tatsugiri|Dragon Pulse|p2b: Garchomp\n|-supereffective|p2b: Garchomp\n|-damage|p2b: Garchomp|0 fnt\n|faint|p2b: Garchomp\n|\n|upkeep\n|\n|t:|1732214018\n|switch|p2b: Rodent|Houndstone, L50, M|100\/100\n|switch|p2a: Good Things|Tyranitar, L50, M|100\/100\n|switch|p1a: Dondozo|Dondozo, L50, M|100\/100\n|-activate|p1b: Tatsugiri|ability: Commander|[of] p1a: Dondozo\n|-boost|p1a: Dondozo|atk|2\n|-boost|p1a: Dondozo|spa|2\n|-boost|p1a: Dondozo|spe|2\n|-boost|p1a: Dondozo|def|2\n|-boost|p1a: Dondozo|spd|2\n|-weather|Sandstorm|[from] ability: Sand Stream|[of] p2a: Good Things\n|turn|4\n|j| futonkagebunshin\n|\n|t:|1732214029\n|-terastallize|p2a: Good Things|Flying\n|move|p1a: Dondozo|Protect|p1a: Dondozo\n|-singleturn|p1a: Dondozo|Protect\n|move|p2b: Rodent|Will-O-Wisp|p1a: Dondozo\n|-activate|p1a: Dondozo|move: Protect\n|move|p2a: Good Things|Knock Off|p1a: Dondozo\n|-activate|p1a: Dondozo|move: Protect\n|\n|-weather|Sandstorm|[upkeep]\n|-damage|p2a: Good Things|95\/100|[from] Sandstorm\n|-damage|p1a: Dondozo|94\/100|[from] Sandstorm\n|-damage|p1b: Tatsugiri|94\/100|[from] Sandstorm\n|-heal|p1a: Dondozo|100\/100|[from] item: Leftovers\n|upkeep\n|turn|5\n|\n|t:|1732214035\n|move|p2b: Rodent|Will-O-Wisp|p1a: Dondozo\n|-status|p1a: Dondozo|brn\n|move|p2a: Good Things|Knock Off|p1a: Dondozo\n|-damage|p1a: Dondozo|80\/100 brn\n|-enditem|p1a: Dondozo|Leftovers|[from] move: Knock Off|[of] p2a: Good Things\n|move|p1a: Dondozo|Order Up|p2a: Good Things\n|-damage|p2a: Good Things|74\/100\n|-boost|p1a: Dondozo|atk|1\n|\n|-weather|Sandstorm|[upkeep]\n|-damage|p2a: Good Things|68\/100|[from] Sandstorm\n|-damage|p1a: Dondozo|74\/100 brn|[from] Sandstorm\n|-damage|p1b: Tatsugiri|88\/100|[from] Sandstorm\n|-damage|p1a: Dondozo|68\/100 brn|[from] brn\n|-sideend|p2: Allhailhippo|move: Tailwind\n|upkeep\n|turn|6\n|\n|t:|1732214055\n|move|p1a: Dondozo|Protect|p1a: Dondozo\n|-singleturn|p1a: Dondozo|Protect\n|move|p2b: Rodent|Last Respects|p1a: Dondozo\n|-activate|p1a: Dondozo|move: Protect\n|move|p2a: Good Things|Low Kick|p1a: Dondozo\n|-activate|p1a: Dondozo|move: Protect\n|\n|-weather|Sandstorm|[upkeep]\n|-damage|p1a: Dondozo|62\/100 brn|[from] Sandstorm\n|-damage|p1b: Tatsugiri|82\/100|[from] Sandstorm\n|-damage|p2a: Good Things|62\/100|[from] Sandstorm\n|-damage|p1a: Dondozo|56\/100 brn|[from] brn\n|upkeep\n|turn|7\n|\n|t:|1732214065\n|move|p2b: Rodent|Last Respects|p1a: Dondozo\n|-damage|p1a: Dondozo|29\/100 brn\n|move|p1a: Dondozo|Wave Crash|p2a: Good Things\n|-damage|p2a: Good Things|4\/100\n|-damage|p1a: Dondozo|12\/100 brn|[from] Recoil\n|move|p2a: Good Things|Low Kick|p1a: Dondozo\n|-damage|p1a: Dondozo|0 fnt\n|faint|p1a: Dondozo\n|\n|-weather|Sandstorm|[upkeep]\n|-damage|p1b: Tatsugiri|75\/100|[from] Sandstorm\n|-damage|p2a: Good Things|0 fnt|[from] Sandstorm\n|faint|p2a: Good Things\n|upkeep\n|turn|8\n|\n|t:|1732214076\n|move|p1b: Tatsugiri|Protect|p1b: Tatsugiri\n|-singleturn|p1b: Tatsugiri|Protect\n|move|p2b: Rodent|Last Respects|p1b: Tatsugiri\n|-activate|p1b: Tatsugiri|move: Protect\n|\n|-weather|none\n|upkeep\n|turn|9\n|\n|t:|1732214081\n|move|p1b: Tatsugiri|Draco Meteor|p2b: Rodent\n|-damage|p2b: Rodent|17\/100\n|-unboost|p1b: Tatsugiri|spa|2\n|move|p2b: Rodent|Last Respects|p1b: Tatsugiri\n|-damage|p1b: Tatsugiri|0 fnt\n|faint|p1b: Tatsugiri\n|\n|win|Allhailhippo\n|raw|VGCLTH &lt;1000ELO's rating: 1809 &rarr; <strong>1788<\/strong><br \/>(-21 for losing)\n|raw|Allhailhippo's rating: 1794 &rarr; <strong>1815<\/strong><br \/>(+21 for winning)\n|l|\u2606VGCLTH <1000ELO\n|player|p1|\n|l| Meditate Golisopod\n|l|\u2606Allhailhippo\n|player|p2|\n","uploadtime":1732214339,"views":22,"formatid":"gen9vgc2024regh","rating":1788,"private":0,"password":null}