{"id":"gen9vgc2024regh-2248173860","format":"[Gen 9] VGC 2024 Reg H","players":["blindfishptsd","ren122333"],"log":"|j|\u2606blindfishptsd\n|j|\u2606ren122333\n|t:|1732184841\n|gametype|doubles\n|player|p1|blindfishptsd|olympia|1746\n|player|p2|ren122333|hilbert|1726\n|teamsize|p1|6\n|teamsize|p2|6\n|gen|9\n|tier|[Gen 9] VGC 2024 Reg H\n|rated|\n|rule|Species Clause: Limit one of each Pok\u00e9mon\n|rule|Item Clause: Limit 1 of each item\n|clearpoke\n|poke|p1|Gholdengo, L50|\n|poke|p1|Glimmora, L50, F|\n|poke|p1|Talonflame, L50, M|\n|poke|p1|Dragonite, L50, F|\n|poke|p1|Dondozo, L50, F|\n|poke|p1|Tatsugiri, L50, M|\n|poke|p2|Whimsicott, L50, F|\n|poke|p2|Mamoswine, L50, M|\n|poke|p2|Lycanroc-Dusk, L50, F|\n|poke|p2|Typhlosion-Hisui, L50, F|\n|poke|p2|Farigiraf, L50, M|\n|poke|p2|Mienshao, L50, M|\n|teampreview|4\n|inactive|Battle timer is ON: inactive players will automatically lose when time's up. (requested by blindfishptsd)\n|\n|t:|1732184862\n|start\n|switch|p1a: Talonflame|Talonflame, L50, M|100\/100\n|switch|p1b: Gholdengo|Gholdengo, L50|100\/100\n|switch|p2a: Whimsicott|Whimsicott, L50, F|100\/100\n|switch|p2b: Lycanroc|Lycanroc-Dusk, L50, F|100\/100\n|turn|1\n|\n|t:|1732184870\n|move|p1a: Talonflame|Tailwind|p1a: Talonflame\n|-sidestart|p1: blindfishptsd|move: Tailwind\n|move|p2a: Whimsicott|Tailwind|p2a: Whimsicott\n|-sidestart|p2: ren122333|move: Tailwind\n|move|p2b: Lycanroc|Sucker Punch|p1b: Gholdengo\n|-supereffective|p1b: Gholdengo\n|-damage|p1b: Gholdengo|0 fnt\n|faint|p1b: Gholdengo\n|\n|upkeep\n|j| Jalt the 5th\n|inactive|blindfishptsd has 30 seconds left.\n|inactive|blindfishptsd has 20 seconds left.\n|inactive|blindfishptsd has 15 seconds left.\n|inactive|blindfishptsd has 10 seconds left.\n|\n|t:|1732184917\n|switch|p1b: Dondozo|Dondozo, L50, F|100\/100\n|turn|2\n|\n|t:|1732184925\n|switch|p2b: Typhlosion|Typhlosion-Hisui, L50, F|100\/100\n|-item|p1a: Talonflame|Life Orb|[from] ability: Frisk|[of] p2b: Typhlosion\n|-item|p1b: Dondozo|Leftovers|[from] ability: Frisk|[of] p2b: Typhlosion\n|move|p1a: Talonflame|Brave Bird|p2a: Whimsicott\n|-supereffective|p2a: Whimsicott\n|-crit|p2a: Whimsicott\n|-enditem|p2a: Whimsicott|Focus Sash\n|-damage|p2a: Whimsicott|1\/100\n|-damage|p1a: Talonflame|71\/100|[from] Recoil\n|-damage|p1a: Talonflame|61\/100|[from] item: Life Orb\n|move|p2a: Whimsicott|Moonblast|p1a: Talonflame\n|-resisted|p1a: Talonflame\n|-damage|p1a: Talonflame|34\/100\n|move|p1b: Dondozo|Wave Crash|p2b: Typhlosion\n|-supereffective|p2b: Typhlosion\n|-damage|p2b: Typhlosion|0 fnt\n|faint|p2b: Typhlosion\n|-damage|p1b: Dondozo|79\/100|[from] Recoil\n|\n|-heal|p1b: Dondozo|85\/100|[from] item: Leftovers\n|upkeep\n|\n|t:|1732184946\n|switch|p2b: Lycanroc|Lycanroc-Dusk, L50, F|100\/100\n|turn|3\n|\n|t:|1732184952\n|switch|p1a: Tatsugiri|Tatsugiri, L50, M|100\/100\n|-activate|p1a: Tatsugiri|ability: Commander|[of] p1b: Dondozo\n|-boost|p1b: Dondozo|atk|2\n|-boost|p1b: Dondozo|spa|2\n|-boost|p1b: Dondozo|spe|2\n|-boost|p1b: Dondozo|def|2\n|-boost|p1b: Dondozo|spd|2\n|move|p2a: Whimsicott|Sunny Day|p2a: Whimsicott\n|-weather|SunnyDay\n|move|p2b: Lycanroc|Sucker Punch||[still]\n|-fail|p2b: Lycanroc\n|move|p1b: Dondozo|Earthquake|p2b: Lycanroc|[spread] p2a,p2b\n|-miss|p1b: Dondozo|p1a: Tatsugiri\n|-resisted|p2a: Whimsicott\n|-supereffective|p2b: Lycanroc\n|-damage|p2a: Whimsicott|0 fnt\n|-damage|p2b: Lycanroc|0 fnt\n|faint|p2a: Whimsicott\n|faint|p2b: Lycanroc\n|\n|-weather|SunnyDay|[upkeep]\n|-heal|p1b: Dondozo|91\/100|[from] item: Leftovers\n|upkeep\n|\n|t:|1732184957\n|switch|p2b: Mamoswine|Mamoswine, L50, M|100\/100\n|turn|4\n|\n|t:|1732184969\n|-terastallize|p2b: Mamoswine|Grass\n|move|p1b: Dondozo|Order Up|p2b: Mamoswine\n|-damage|p2b: Mamoswine|45\/100\n|-boost|p1b: Dondozo|atk|1\n|move|p2b: Mamoswine|Haze|p2b: Mamoswine\n|-clearallboost\n|\n|-weather|SunnyDay|[upkeep]\n|-heal|p1b: Dondozo|97\/100|[from] item: Leftovers\n|-sideend|p2: ren122333|move: Tailwind\n|-sideend|p1: blindfishptsd|move: Tailwind\n|upkeep\n|turn|5\n|\n|t:|1732184975\n|move|p2b: Mamoswine|Tera Blast|p1b: Dondozo|[anim] Tera Blast Grass\n|-supereffective|p1b: Dondozo\n|-damage|p1b: Dondozo|24\/100\n|move|p1b: Dondozo|Order Up|p2b: Mamoswine\n|-damage|p2b: Mamoswine|14\/100\n|-boost|p1b: Dondozo|atk|1\n|\n|-weather|SunnyDay|[upkeep]\n|-heal|p1b: Dondozo|30\/100|[from] item: Leftovers\n|upkeep\n|turn|6\n|\n|t:|1732184982\n|-terastallize|p1b: Dondozo|Grass\n|move|p2b: Mamoswine|Tera Blast|p1b: Dondozo|[anim] Tera Blast Grass\n|-resisted|p1b: Dondozo\n|-damage|p1b: Dondozo|16\/100\n|move|p1b: Dondozo|Order Up|p2b: Mamoswine\n|-damage|p2b: Mamoswine|0 fnt\n|faint|p2b: Mamoswine\n|\n|win|blindfishptsd\n|raw|blindfishptsd's rating: 1746 &rarr; <strong>1765<\/strong><br \/>(+19 for winning)\n|raw|ren122333's rating: 1726 &rarr; <strong>1707<\/strong><br \/>(-19 for losing)\n|l|\u2606ren122333\n|player|p2|\n|l| Jalt the 5th\n","uploadtime":1732185204,"views":16,"formatid":"gen9vgc2024regh","rating":1707,"private":0,"password":null}