{"id":"gen9vgc2024regh-2248213323","format":"[Gen 9] VGC 2024 Reg H","players":["jayjazZa","vgclth terran"],"log":"|raw|<div class=\"broadcast-blue\"><strong>This battle is required to be public due to a player having a name starting with 'vgclth'.<\/div>\n|j|\u2606jayjazZa\n|j|\u2606vgclth terran\n|t:|1732191093\n|gametype|doubles\n|player|p1|jayjazZa|170|1690\n|player|p2|vgclth terran|rood|1755\n|teamsize|p1|6\n|teamsize|p2|6\n|gen|9\n|tier|[Gen 9] VGC 2024 Reg H\n|rated|\n|rule|Species Clause: Limit one of each Pok\u00e9mon\n|rule|Item Clause: Limit 1 of each item\n|clearpoke\n|poke|p1|Exeggutor, L50, M|\n|poke|p1|Zoroark-Hisui, L50, F|\n|poke|p1|Ursaluna, L50, F|\n|poke|p1|Torkoal, L50, F|\n|poke|p1|Indeedee-F, L50, F|\n|poke|p1|Charizard, L50, M|\n|poke|p2|Ninetales-Alola, L50, F|\n|poke|p2|Rillaboom, L50, F|\n|poke|p2|Magmar, L50, M|\n|poke|p2|Sneasler, L50, F|\n|poke|p2|Kingambit, L50, M|\n|poke|p2|Basculegion, L50, M|\n|teampreview|4\n|inactive|Battle timer is ON: inactive players will automatically lose when time's up. (requested by jayjazZa)\n|inactive|vgclth terran has 60 seconds left.\n|\n|t:|1732191132\n|start\n|switch|p1a: Stella|Exeggutor, L50, M|100\/100\n|switch|p1b: York|Indeedee-F, L50, F|100\/100\n|switch|p2a: Magmar|Magmar, L50, M|100\/100\n|switch|p2b: Kingambit|Kingambit, L50, M|100\/100\n|-fieldstart|move: Psychic Terrain|[from] ability: Psychic Surge|[of] p1b: York\n|-enditem|p1b: York|Psychic Seed\n|-boost|p1b: York|spd|1|[from] item: Psychic Seed\n|turn|1\n|\n|t:|1732191149\n|-terastallize|p1a: Stella|Psychic\n|move|p1b: York|Helping Hand|p1a: Stella\n|-singleturn|p1a: Stella|Helping Hand|[of] p1b: York\n|move|p2a: Magmar|Taunt|p1b: York\n|-start|p1b: York|move: Taunt\n|move|p1a: Stella|Expanding Force|p2a: Magmar|[spread] p2a\n|-immune|p2b: Kingambit\n|-damage|p2a: Magmar|0 fnt\n|faint|p2a: Magmar\n|move|p2b: Kingambit|Swords Dance|p2b: Kingambit\n|-boost|p2b: Kingambit|atk|2\n|\n|upkeep\n|\n|t:|1732191168\n|switch|p2a: Rillaboom|Rillaboom, L50, F|100\/100\n|-fieldstart|move: Grassy Terrain|[from] ability: Grassy Surge|[of] p2a: Rillaboom\n|turn|2\n|\n|t:|1732191184\n|switch|p1b: Atlas|Torkoal, L50, F|100\/100\n|-weather|SunnyDay|[from] ability: Drought|[of] p1b: Atlas\n|move|p1a: Stella|Protect|p1a: Stella\n|-singleturn|p1a: Stella|Protect\n|move|p2a: Rillaboom|U-turn|p1a: Stella\n|-activate|p1a: Stella|move: Protect\n|move|p2b: Kingambit|Kowtow Cleave|p1b: Atlas\n|-damage|p1b: Atlas|17\/100\n|\n|-weather|SunnyDay|[upkeep]\n|-heal|p1b: Atlas|23\/100|[from] Grassy Terrain\n|upkeep\n|turn|3\n|inactive|vgclth terran has 30 seconds left.\n|\n|t:|1732191212\n|move|p2b: Kingambit|Sucker Punch|p1b: Atlas\n|-damage|p1b: Atlas|0 fnt\n|faint|p1b: Atlas\n|move|p1a: Stella|Sleep Powder|p2b: Kingambit|[miss]\n|-miss|p1a: Stella|p2b: Kingambit\n|move|p2a: Rillaboom|U-turn|p1a: Stella\n|-supereffective|p1a: Stella\n|-damage|p1a: Stella|48\/100\n|\n|t:|1732191214\n|switch|p2a: Sneasler|Sneasler, L50, F|100\/100|[from] U-turn\n|\n|-weather|SunnyDay|[upkeep]\n|-heal|p1a: Stella|54\/100|[from] Grassy Terrain\n|upkeep\n|\n|t:|1732191223\n|switch|p1b: Charizard|Charizard, L50, M|100\/100\n|turn|4\n|\n|t:|1732191240\n|switch|p1b: York|Indeedee-F, L50, F|100\/100\n|-fieldstart|move: Psychic Terrain|[from] ability: Psychic Surge|[of] p1b: York\n|move|p2b: Kingambit|Sucker Punch||[still]\n|-fail|p2b: Kingambit\n|move|p1a: Stella|Sleep Powder|p2b: Kingambit\n|-status|p2b: Kingambit|slp|[from] move: Sleep Powder\n|move|p2a: Sneasler|Dire Claw|p1a: Stella\n|-damage|p1a: Stella|2\/100\n|-status|p1a: Stella|psn\n|\n|-weather|SunnyDay|[upkeep]\n|-damage|p1a: Stella|0 fnt|[from] psn\n|faint|p1a: Stella\n|upkeep\n|\n|t:|1732191248\n|switch|p1a: Charizard|Charizard, L50, M|100\/100\n|turn|5\n|\n|t:|1732191255\n|switch|p2a: Rillaboom|Rillaboom, L50, F|100\/100\n|-fieldstart|move: Grassy Terrain|[from] ability: Grassy Surge|[of] p2a: Rillaboom\n|-terastallize|p2b: Kingambit|Fire\n|move|p1b: York|Follow Me|p1b: York\n|-singleturn|p1b: York|move: Follow Me\n|move|p1a: Charizard|Heat Wave|p2a: Rillaboom|[spread] p2a,p2b\n|-supereffective|p2a: Rillaboom\n|-resisted|p2b: Kingambit\n|-damage|p2a: Rillaboom|0 fnt\n|-damage|p2b: Kingambit|46\/100 slp\n|faint|p2a: Rillaboom\n|cant|p2b: Kingambit|slp\n|\n|-weather|SunnyDay|[upkeep]\n|-damage|p1a: Charizard|88\/100|[from] ability: Solar Power|[of] p1a: Charizard\n|-heal|p2b: Kingambit|52\/100 slp|[from] Grassy Terrain\n|upkeep\n|\n|t:|1732191258\n|switch|p2a: Sneasler|Sneasler, L50, F|100\/100\n|turn|6\n|\n|t:|1732191267\n|move|p2a: Sneasler|Fake Out|p1a: Charizard\n|-damage|p1a: Charizard|68\/100\n|move|p1b: York|Follow Me|p1b: York\n|-singleturn|p1b: York|move: Follow Me\n|cant|p1a: Charizard|flinch\n|cant|p2b: Kingambit|slp\n|\n|-weather|none\n|-heal|p2b: Kingambit|58\/100 slp|[from] Grassy Terrain\n|upkeep\n|turn|7\n|\n|t:|1732191277\n|move|p1b: York|Follow Me|p1b: York\n|-singleturn|p1b: York|move: Follow Me\n|cant|p2b: Kingambit|slp\n|move|p2a: Sneasler|Dire Claw|p1b: York\n|-damage|p1b: York|63\/100\n|move|p1a: Charizard|Heat Wave|p2a: Sneasler|[spread] p2a,p2b\n|-resisted|p2b: Kingambit\n|-damage|p2a: Sneasler|35\/100\n|-damage|p2b: Kingambit|33\/100 slp\n|\n|-heal|p2a: Sneasler|40\/100|[from] Grassy Terrain\n|-heal|p2b: Kingambit|40\/100 slp|[from] Grassy Terrain\n|-heal|p1b: York|69\/100|[from] Grassy Terrain\n|upkeep\n|turn|8\n|\n|t:|1732191296\n|move|p1b: York|Follow Me|p1b: York\n|-singleturn|p1b: York|move: Follow Me\n|-curestatus|p2b: Kingambit|slp|[msg]\n|move|p2b: Kingambit|Sucker Punch||[still]\n|-fail|p2b: Kingambit\n|move|p2a: Sneasler|Dire Claw|p1b: York\n|-damage|p1b: York|28\/100\n|move|p1a: Charizard|Heat Wave|p2b: Kingambit|[spread] p2a,p2b\n|-resisted|p2b: Kingambit\n|-damage|p2a: Sneasler|0 fnt\n|-damage|p2b: Kingambit|15\/100\n|faint|p2a: Sneasler\n|\n|-heal|p2b: Kingambit|21\/100|[from] Grassy Terrain\n|-heal|p1b: York|34\/100|[from] Grassy Terrain\n|upkeep\n|turn|9\n|c|\u2606jayjazZa|Gg\n|\n|t:|1732191314\n|move|p2b: Kingambit|Protect|p2b: Kingambit\n|-singleturn|p2b: Kingambit|Protect\n|move|p1b: York|Follow Me|p1b: York\n|-singleturn|p1b: York|move: Follow Me\n|move|p1a: Charizard|Heat Wave|p2b: Kingambit\n|-activate|p2b: Kingambit|move: Protect\n|\n|-heal|p2b: Kingambit|27\/100|[from] Grassy Terrain\n|-heal|p1b: York|41\/100|[from] Grassy Terrain\n|-fieldend|move: Grassy Terrain\n|upkeep\n|turn|10\n|\n|t:|1732191321\n|move|p1b: York|Follow Me|p1b: York\n|-singleturn|p1b: York|move: Follow Me\n|move|p1a: Charizard|Heat Wave|p2b: Kingambit\n|-resisted|p2b: Kingambit\n|-damage|p2b: Kingambit|0 fnt\n|faint|p2b: Kingambit\n|\n|win|jayjazZa\n|raw|jayjazZa's rating: 1690 &rarr; <strong>1714<\/strong><br \/>(+24 for winning)\n|raw|vgclth terran's rating: 1755 &rarr; <strong>1731<\/strong><br \/>(-24 for losing)\n|c|\u2606jayjazZa|Gg\n|l|\u2606vgclth terran\n|player|p2|\n|l|\u2606jayjazZa\n|player|p1|\n","uploadtime":1732191603,"views":16,"formatid":"gen9vgc2024regh","rating":1714,"private":0,"password":null}