{"id":"gen9vgc2024regh-2248553214","format":"[Gen 9] VGC 2024 Reg H","players":["VGCLTH <1000ELO","le difu"],"log":"|raw|<div class=\"broadcast-blue\"><strong>This battle is required to be public due to a player having a name starting with 'vgclth'.<\/div>\n|j|\u2606VGCLTH <1000ELO\n|j|\u203dle difu\n|t:|1732225720\n|gametype|doubles\n|player|p1|VGCLTH <1000ELO|170|1768\n|player|p2|le difu|gambler|1784\n|teamsize|p1|6\n|teamsize|p2|6\n|gen|9\n|tier|[Gen 9] VGC 2024 Reg H\n|rated|\n|rule|Species Clause: Limit one of each Pok\u00e9mon\n|rule|Item Clause: Limit 1 of each item\n|clearpoke\n|poke|p1|Dondozo, L50, M|\n|poke|p1|Tatsugiri, L50, F|\n|poke|p1|Dragonite, L50, M|\n|poke|p1|Gholdengo, L50|\n|poke|p1|Glimmora, L50, F|\n|poke|p1|Talonflame, L50, M|\n|poke|p2|Tyranitar, L50, M|\n|poke|p2|Garchomp, L50, F|\n|poke|p2|Talonflame, L50, F|\n|poke|p2|Arcanine-Hisui, L50, F|\n|poke|p2|Gholdengo, L50|\n|poke|p2|Sinistcha-Masterpiece, L50|\n|teampreview|4\n|inactive|Battle timer is ON: inactive players will automatically lose when time's up. (requested by VGCLTH <1000ELO)\n|\n|t:|1732225731\n|start\n|switch|p1a: Dragonite|Dragonite, L50, M|100\/100\n|switch|p1b: Glimmora|Glimmora, L50, F|100\/100\n|switch|p2a: Talonflame|Talonflame, L50, F|100\/100\n|switch|p2b: Gholdengo|Gholdengo, L50|100\/100\n|turn|1\n|j| kyo9t\n|inactive|VGCLTH <1000ELO has 30 seconds left.\n|inactive|VGCLTH <1000ELO has 20 seconds left.\n|\n|t:|1732225767\n|-terastallize|p2b: Gholdengo|Steel\n|-terastallize|p1b: Glimmora|Grass\n|move|p2a: Talonflame|Tailwind|p2a: Talonflame\n|-sidestart|p2: le difu|move: Tailwind\n|move|p2b: Gholdengo|Make It Rain|p1b: Glimmora|[spread] p1a,p1b\n|-damage|p1a: Dragonite|54\/100\n|-damage|p1b: Glimmora|32\/100\n|-unboost|p2b: Gholdengo|spa|1\n|move|p1b: Glimmora|Power Gem|p2a: Talonflame\n|-supereffective|p2a: Talonflame\n|-damage|p2a: Talonflame|0 fnt\n|faint|p2a: Talonflame\n|move|p1a: Dragonite|Earthquake|p2b: Gholdengo|[spread] p1b,p2b\n|-resisted|p1b: Glimmora\n|-supereffective|p2b: Gholdengo\n|-damage|p1b: Glimmora|16\/100\n|-damage|p2b: Gholdengo|6\/100\n|-activate|p1b: Glimmora|ability: Toxic Debris\n|-sidestart|p2: le difu|move: Toxic Spikes\n|\n|upkeep\n|inactive|le difu has 30 seconds left.\n|inactive|le difu has 20 seconds left.\n|inactive|le difu has 15 seconds left.\n|\n|t:|1732225810\n|switch|p2a: Sinistcha|Sinistcha-Masterpiece, L50|100\/100\n|-status|p2a: Sinistcha|psn\n|-heal|p2b: Gholdengo|30\/100|[from] ability: Hospitality|[of] p2a: Sinistcha\n|turn|2\n|\n|t:|1732225817\n|switch|p2a: Tyranitar|Tyranitar, L50, M|100\/100\n|-status|p2a: Tyranitar|psn\n|-weather|Sandstorm|[from] ability: Sand Stream|[of] p2a: Tyranitar\n|move|p2b: Gholdengo|Make It Rain|p1b: Glimmora|[spread] p1a,p1b\n|-damage|p1a: Dragonite|0 fnt\n|-damage|p1b: Glimmora|0 fnt\n|-unboost|p2b: Gholdengo|spa|1\n|faint|p1a: Dragonite\n|faint|p1b: Glimmora\n|\n|-weather|Sandstorm|[upkeep]\n|-damage|p2a: Tyranitar|88\/100 psn|[from] psn\n|upkeep\n|\n|t:|1732225823\n|switch|p1b: Tatsugiri|Tatsugiri, L50, F|100\/100\n|switch|p1a: Dondozo|Dondozo, L50, M|100\/100\n|-activate|p1b: Tatsugiri|ability: Commander|[of] p1a: Dondozo\n|-boost|p1a: Dondozo|atk|2\n|-boost|p1a: Dondozo|spa|2\n|-boost|p1a: Dondozo|spe|2\n|-boost|p1a: Dondozo|def|2\n|-boost|p1a: Dondozo|spd|2\n|turn|3\n|inactive|le difu has 30 seconds left.\n|inactive|le difu has 20 seconds left.\n|\n|t:|1732225862\n|switch|p2a: Sinistcha|Sinistcha-Masterpiece, L50|100\/100 psn\n|-heal|p2b: Gholdengo|55\/100|[from] ability: Hospitality|[of] p2a: Sinistcha\n|move|p2b: Gholdengo|Make It Rain|p1a: Dondozo|[spread] p1a\n|-miss|p2b: Gholdengo|p1b: Tatsugiri\n|-resisted|p1a: Dondozo\n|-damage|p1a: Dondozo|75\/100\n|-unboost|p2b: Gholdengo|spa|1\n|move|p1a: Dondozo|Earthquake|p2a: Sinistcha|[spread] p2a,p2b\n|-miss|p1a: Dondozo|p1b: Tatsugiri\n|-resisted|p2a: Sinistcha\n|-supereffective|p2b: Gholdengo\n|-damage|p2a: Sinistcha|83\/100 psn\n|-damage|p2b: Gholdengo|0 fnt\n|faint|p2b: Gholdengo\n|\n|-weather|Sandstorm|[upkeep]\n|-damage|p1a: Dondozo|68\/100|[from] Sandstorm\n|-damage|p2a: Sinistcha|77\/100 psn|[from] Sandstorm\n|-damage|p1b: Tatsugiri|94\/100|[from] Sandstorm\n|-heal|p1a: Dondozo|75\/100|[from] item: Leftovers\n|-damage|p2a: Sinistcha|64\/100 psn|[from] psn\n|upkeep\n|\n|t:|1732225865\n|switch|p2b: Tyranitar|Tyranitar, L50, M|88\/100 psn\n|turn|4\n|\n|t:|1732225872\n|move|p2b: Tyranitar|Rock Slide|p1b: Tatsugiri|[spread] p1a\n|-miss|p2b: Tyranitar|p1b: Tatsugiri\n|-damage|p1a: Dondozo|65\/100\n|move|p1a: Dondozo|Earthquake|p2a: Sinistcha|[spread] p2a,p2b\n|-miss|p1a: Dondozo|p1b: Tatsugiri\n|-resisted|p2a: Sinistcha\n|-supereffective|p2b: Tyranitar\n|-damage|p2a: Sinistcha|48\/100 psn\n|-damage|p2b: Tyranitar|16\/100 psn\n|-enditem|p2a: Sinistcha|Sitrus Berry|[eat]\n|-heal|p2a: Sinistcha|73\/100 psn|[from] item: Sitrus Berry\n|move|p2a: Sinistcha|Trick Room|p2a: Sinistcha\n|-fieldstart|move: Trick Room|[of] p2a: Sinistcha\n|\n|-weather|Sandstorm|[upkeep]\n|-damage|p1b: Tatsugiri|88\/100|[from] Sandstorm\n|-damage|p2a: Sinistcha|66\/100 psn|[from] Sandstorm\n|-damage|p1a: Dondozo|59\/100|[from] Sandstorm\n|-heal|p1a: Dondozo|65\/100|[from] item: Leftovers\n|-damage|p2a: Sinistcha|54\/100 psn|[from] psn\n|-damage|p2b: Tyranitar|4\/100 psn|[from] psn\n|-sideend|p2: le difu|move: Tailwind\n|upkeep\n|turn|5\n|\n|t:|1732225880\n|move|p2a: Sinistcha|Life Dew|p2a: Sinistcha|[spread] p2a,p2b\n|-heal|p2a: Sinistcha|79\/100 psn\n|-heal|p2b: Tyranitar|29\/100 psn\n|move|p2b: Tyranitar|Knock Off|p1a: Dondozo\n|-damage|p1a: Dondozo|49\/100\n|-enditem|p1a: Dondozo|Leftovers|[from] move: Knock Off|[of] p2b: Tyranitar\n|move|p1a: Dondozo|Earthquake|p2a: Sinistcha|[spread] p2a,p2b\n|-miss|p1a: Dondozo|p1b: Tatsugiri\n|-resisted|p2a: Sinistcha\n|-supereffective|p2b: Tyranitar\n|-damage|p2a: Sinistcha|62\/100 psn\n|-damage|p2b: Tyranitar|0 fnt\n|faint|p2b: Tyranitar\n|\n|-weather|Sandstorm|[upkeep]\n|-damage|p2a: Sinistcha|56\/100 psn|[from] Sandstorm\n|-damage|p1b: Tatsugiri|82\/100|[from] Sandstorm\n|-damage|p1a: Dondozo|43\/100|[from] Sandstorm\n|-damage|p2a: Sinistcha|44\/100 psn|[from] psn\n|upkeep\n|turn|6\n|\n|t:|1732225901\n|move|p1a: Dondozo|Protect|p1a: Dondozo\n|-singleturn|p1a: Dondozo|Protect\n|move|p2a: Sinistcha|Matcha Gotcha|p1b: Tatsugiri|[spread] \n|-miss|p2a: Sinistcha|p1b: Tatsugiri\n|-activate|p1a: Dondozo|move: Protect\n|\n|-weather|none\n|-damage|p2a: Sinistcha|31\/100 psn|[from] psn\n|upkeep\n|turn|7\n|\n|t:|1732225904\n|move|p2a: Sinistcha|Matcha Gotcha|p1b: Tatsugiri|[spread] p1a\n|-miss|p2a: Sinistcha|p1b: Tatsugiri\n|-supereffective|p1a: Dondozo\n|-damage|p1a: Dondozo|16\/100\n|-heal|p2a: Sinistcha|48\/100 psn|[from] drain|[of] p1a: Dondozo\n|move|p1a: Dondozo|Wave Crash|p2a: Sinistcha\n|-resisted|p2a: Sinistcha\n|-damage|p2a: Sinistcha|7\/100 psn\n|-damage|p1a: Dondozo|5\/100|[from] Recoil\n|\n|-damage|p2a: Sinistcha|0 fnt|[from] psn\n|faint|p2a: Sinistcha\n|\n|win|VGCLTH <1000ELO\n|upkeep\n|raw|VGCLTH &lt;1000ELO's rating: 1768 &rarr; <strong>1789<\/strong><br \/>(+21 for winning)\n|raw|le difu's rating: 1784 &rarr; <strong>1763<\/strong><br \/>(-21 for losing)\n|l|\u2606VGCLTH <1000ELO\n|player|p1|\n|l|\u203dle difu\n|player|p2|\n","uploadtime":1732226106,"views":18,"formatid":"gen9vgc2024regh","rating":1763,"private":0,"password":null}