{"id":"gen9vgc2024regh-2248900225","format":"[Gen 9] VGC 2024 Reg H","players":["super crist","vgclth terran"],"log":"|raw|<div class=\"broadcast-blue\"><strong>This battle is required to be public due to a player having a name starting with 'vgclth'.<\/div>\n|j|\u203dsuper crist\n|j|\u2606vgclth terran\n|t:|1732278162\n|gametype|doubles\n|player|p1|super crist|sabrina|1717\n|player|p2|vgclth terran|rood|1778\n|teamsize|p1|6\n|teamsize|p2|6\n|gen|9\n|tier|[Gen 9] VGC 2024 Reg H\n|rated|\n|rule|Species Clause: Limit one of each Pok\u00e9mon\n|rule|Item Clause: Limit 1 of each item\n|clearpoke\n|poke|p1|Annihilape, L50, M|\n|poke|p1|Kingambit, L50, M|\n|poke|p1|Oranguru, L50, F|\n|poke|p1|Smeargle, L50, M|\n|poke|p1|Ursaluna-Bloodmoon, L50, M|\n|poke|p1|Torkoal, L50, M|\n|poke|p2|Ninetales-Alola, L50, F|\n|poke|p2|Rillaboom, L50, F|\n|poke|p2|Magmar, L50, M|\n|poke|p2|Sneasler, L50, F|\n|poke|p2|Kingambit, L50, F|\n|poke|p2|Basculegion, L50, M|\n|teampreview|4\n|inactive|Battle timer is ON: inactive players will automatically lose when time's up. (requested by super crist)\n|inactive|vgclth terran has 60 seconds left.\n|\n|t:|1732278205\n|start\n|switch|p1a: Oranguru|Oranguru, L50, F, shiny|100\/100\n|switch|p1b: Smeargle|Smeargle, L50, M, shiny|100\/100\n|switch|p2a: Magmar|Magmar, L50, M|100\/100\n|switch|p2b: Kingambit|Kingambit, L50, F|100\/100\n|turn|1\n|j| CRJ2304\n|inactive|super crist has 30 seconds left.\n|\n|t:|1732278237\n|move|p1b: Smeargle|Fake Out|p2b: Kingambit\n|-resisted|p2b: Kingambit\n|-damage|p2b: Kingambit|99\/100\n|move|p2a: Magmar|Taunt|p1b: Smeargle\n|-start|p1b: Smeargle|move: Taunt\n|cant|p2b: Kingambit|flinch\n|move|p1a: Oranguru|Trick Room|p1a: Oranguru\n|-fieldstart|move: Trick Room|[of] p1a: Oranguru\n|\n|-ability|p1b: Smeargle|Moody|boost\n|-boost|p1b: Smeargle|def|2\n|-unboost|p1b: Smeargle|atk|1\n|-enditem|p1b: Smeargle|Eject Pack\n|upkeep\n|\n|t:|1732278253\n|switch|p1b: Torkoal|Torkoal, L50, M, shiny|100\/100\n|-weather|SunnyDay|[from] ability: Drought|[of] p1b: Torkoal\n|turn|2\n|\n|t:|1732278261\n|-terastallize|p1b: Torkoal|Fire\n|move|p2b: Kingambit|Protect|p2b: Kingambit\n|-singleturn|p2b: Kingambit|Protect\n|move|p2a: Magmar|Protect|p2a: Magmar\n|-singleturn|p2a: Magmar|Protect\n|move|p1b: Torkoal|Eruption|p2a: Magmar|[spread] \n|-activate|p2a: Magmar|move: Protect\n|-activate|p2b: Kingambit|move: Protect\n|move|p1a: Oranguru|Instruct|p1b: Torkoal\n|-singleturn|p1b: Torkoal|move: Instruct|[of] p1a: Oranguru\n|move|p1b: Torkoal|Eruption|p2b: Kingambit|[spread] \n|-activate|p2a: Magmar|move: Protect\n|-activate|p2b: Kingambit|move: Protect\n|\n|-weather|SunnyDay|[upkeep]\n|upkeep\n|turn|3\n|\n|t:|1732278277\n|-terastallize|p2b: Kingambit|Fire\n|move|p2b: Kingambit|Sucker Punch|p1b: Torkoal\n|-damage|p1b: Torkoal|66\/100\n|move|p1b: Torkoal|Eruption|p2b: Kingambit|[spread] p2a,p2b\n|-resisted|p2a: Magmar\n|-resisted|p2b: Kingambit\n|-damage|p2a: Magmar|60\/100\n|-damage|p2b: Kingambit|49\/100\n|move|p1a: Oranguru|Instruct|p1b: Torkoal\n|-singleturn|p1b: Torkoal|move: Instruct|[of] p1a: Oranguru\n|move|p1b: Torkoal|Eruption|p2b: Kingambit|[spread] p2a,p2b\n|-resisted|p2a: Magmar\n|-resisted|p2b: Kingambit\n|-damage|p2a: Magmar|21\/100\n|-damage|p2b: Kingambit|1\/100\n|move|p2a: Magmar|Heat Wave|p1a: Oranguru|[spread] p1a,p1b\n|-resisted|p1b: Torkoal\n|-damage|p1a: Oranguru|70\/100\n|-damage|p1b: Torkoal|41\/100\n|\n|-weather|SunnyDay|[upkeep]\n|upkeep\n|turn|4\n|\n|t:|1732278289\n|move|p2b: Kingambit|Protect|p2b: Kingambit\n|-singleturn|p2b: Kingambit|Protect\n|move|p2a: Magmar|Protect|p2a: Magmar\n|-singleturn|p2a: Magmar|Protect\n|move|p1b: Torkoal|Eruption|p2a: Magmar|[spread] \n|-activate|p2a: Magmar|move: Protect\n|-activate|p2b: Kingambit|move: Protect\n|move|p1a: Oranguru|Psychic|p2a: Magmar\n|-activate|p2a: Magmar|move: Protect\n|\n|-weather|SunnyDay|[upkeep]\n|upkeep\n|turn|5\n|\n|t:|1732278300\n|move|p2b: Kingambit|Sucker Punch|p1a: Oranguru\n|-supereffective|p1a: Oranguru\n|-damage|p1a: Oranguru|0 fnt\n|faint|p1a: Oranguru\n|move|p1b: Torkoal|Eruption|p2b: Kingambit|[spread] p2a,p2b\n|-resisted|p2a: Magmar\n|-resisted|p2b: Kingambit\n|-damage|p2a: Magmar|0 fnt\n|-damage|p2b: Kingambit|0 fnt\n|faint|p2a: Magmar\n|faint|p2b: Kingambit\n|\n|-weather|SunnyDay|[upkeep]\n|-fieldend|move: Trick Room\n|upkeep\n|\n|t:|1732278307\n|switch|p2a: Rillaboom|Rillaboom, L50, F|100\/100\n|switch|p2b: Sneasler|Sneasler, L50, F|100\/100\n|switch|p1a: Ursaluna|Ursaluna-Bloodmoon, L50, M|100\/100\n|-fieldstart|move: Grassy Terrain|[from] ability: Grassy Surge|[of] p2a: Rillaboom\n|turn|6\n|-message|super crist forfeited.\n|\n|win|vgclth terran\n|raw|super crist's rating: 1717 &rarr; <strong>1700<\/strong><br \/>(-17 for losing)\n|raw|vgclth terran's rating: 1778 &rarr; <strong>1795<\/strong><br \/>(+17 for winning)\n|l|\u203dsuper crist\n|player|p1|\n|l|\u2606vgclth terran\n|player|p2|\n|l| CRJ2304\n","uploadtime":1732278518,"views":16,"formatid":"gen9vgc2024regh","rating":1700,"private":0,"password":null}