{"id":"gen9vgc2024regh-2248599405","format":"[Gen 9] VGC 2024 Reg H","players":["anyataylorjoys","VGCLTHTornsEnjoyer"],"log":"|raw|<div class=\"broadcast-blue\"><strong>This battle is required to be public due to a player having a name starting with 'vgclth'.<\/div>\n|j|\u2606anyataylorjoys\n|j|\u2606VGCLTHTornsEnjoyer\n|t:|1732230814\n|gametype|doubles\n|player|p1|anyataylorjoys|102|1667\n|player|p2|VGCLTHTornsEnjoyer|turo|1706\n|teamsize|p1|6\n|teamsize|p2|6\n|gen|9\n|tier|[Gen 9] VGC 2024 Reg H\n|rated|\n|rule|Species Clause: Limit one of each Pok\u00e9mon\n|rule|Item Clause: Limit 1 of each item\n|clearpoke\n|poke|p1|Gengar, L50, F|\n|poke|p1|Ninetales-Alola, L50, F|\n|poke|p1|Volcarona, L50, F|\n|poke|p1|Gholdengo, L50|\n|poke|p1|Ursaluna-Bloodmoon, L50, M|\n|poke|p1|Kingambit, L50, F|\n|poke|p2|Gholdengo, L50|\n|poke|p2|Grimmsnarl, L50, M|\n|poke|p2|Whimsicott, L50, F|\n|poke|p2|Ursaluna-Bloodmoon, L50, M|\n|poke|p2|Dragonite, L50, M|\n|poke|p2|Annihilape, L50, F|\n|teampreview|4\n|inactive|Battle timer is ON: inactive players will automatically lose when time's up. (requested by VGCLTHTornsEnjoyer)\n|inactive|anyataylorjoys has 60 seconds left.\n|j| plplk\n|l| plplk\n|inactive|anyataylorjoys has 30 seconds left.\n|inactive|anyataylorjoys has 20 seconds left.\n|\n|t:|1732230888\n|start\n|switch|p1a: Kingambit|Kingambit, L50, F|100\/100\n|switch|p1b: Gengar|Gengar, L50, F|100\/100\n|switch|p2a: Annihilape|Annihilape, L50, F|100\/100\n|switch|p2b: Whimsicott|Whimsicott, L50, F|100\/100\n|turn|1\n|\n|t:|1732230899\n|move|p2a: Annihilape|Rage Fist|p1b: Gengar\n|-supereffective|p1b: Gengar\n|-damage|p1b: Gengar|23\/100\n|move|p2b: Whimsicott|Dazzling Gleam|p1a: Kingambit|[spread] p1a,p1b\n|-resisted|p1b: Gengar\n|-damage|p1a: Kingambit|79\/100\n|-damage|p1b: Gengar|4\/100\n|move|p1b: Gengar|Sludge Bomb|p2b: Whimsicott\n|-supereffective|p2b: Whimsicott\n|-damage|p2b: Whimsicott|0 fnt\n|faint|p2b: Whimsicott\n|move|p1a: Kingambit|Swords Dance|p1a: Kingambit\n|-boost|p1a: Kingambit|atk|2\n|\n|upkeep\n|\n|t:|1732230905\n|switch|p2b: Dragonite|Dragonite, L50, M|100\/100\n|turn|2\n|inactive|anyataylorjoys has 30 seconds left.\n|\n|t:|1732230934\n|-terastallize|p1a: Kingambit|Dark\n|move|p1b: Gengar|Protect|p1b: Gengar\n|-singleturn|p1b: Gengar|Protect\n|move|p2a: Annihilape|Rage Fist|p1b: Gengar\n|-activate|p1b: Gengar|move: Protect\n|move|p2b: Dragonite|Low Kick|p1a: Kingambit\n|-supereffective|p1a: Kingambit\n|-damage|p1a: Kingambit|0 fnt\n|faint|p1a: Kingambit\n|\n|upkeep\n|\n|t:|1732230945\n|switch|p1a: Ninetales|Ninetales-Alola, L50, F|100\/100\n|-weather|Snow|[from] ability: Snow Warning|[of] p1a: Ninetales\n|turn|3\n|inactive|VGCLTHTornsEnjoyer has 30 seconds left.\n|inactive|VGCLTHTornsEnjoyer has 20 seconds left.\n|inactive|VGCLTHTornsEnjoyer has 15 seconds left.\n|inactive|VGCLTHTornsEnjoyer has 10 seconds left.\n|inactive|VGCLTHTornsEnjoyer has 5 seconds left.\n|\n|t:|1732231000\n|move|p2a: Annihilape|Rage Fist|p1a: Ninetales\n|-damage|p1a: Ninetales|80\/100\n|move|p1b: Gengar|Shadow Ball|p2a: Annihilape\n|-supereffective|p2a: Annihilape\n|-damage|p2a: Annihilape|29\/100\n|move|p1a: Ninetales|Blizzard|p2b: Dragonite|[spread] p2a,p2b\n|-supereffective|p2b: Dragonite\n|-damage|p2a: Annihilape|0 fnt\n|-damage|p2b: Dragonite|0 fnt\n|faint|p2a: Annihilape\n|faint|p2b: Dragonite\n|\n|-weather|Snow|[upkeep]\n|upkeep\n|inactive|VGCLTHTornsEnjoyer has 30 seconds left.\n|\n|t:|1732231035\n|switch|p2a: Gholdengo|Gholdengo, L50|100\/100\n|turn|4\n|\n|t:|1732231047\n|-terastallize|p2a: Gholdengo|Steel\n|move|p1a: Ninetales|Protect|p1a: Ninetales\n|-singleturn|p1a: Ninetales|Protect\n|move|p1b: Gengar|Shadow Ball|p2a: Gholdengo\n|-damage|p2a: Gholdengo|48\/100\n|-unboost|p2a: Gholdengo|spd|1\n|move|p2a: Gholdengo|Make It Rain|p1a: Ninetales|[spread] p1b\n|-activate|p1a: Ninetales|move: Protect\n|-damage|p1b: Gengar|0 fnt\n|-unboost|p2a: Gholdengo|spa|1\n|-start|p2a: Gholdengo|Disable|Make It Rain|[from] ability: Cursed Body|[of] p1b: Gengar\n|faint|p1b: Gengar\n|\n|-weather|Snow|[upkeep]\n|upkeep\n|\n|t:|1732231063\n|switch|p1b: Gholdengo|Gholdengo, L50|100\/100\n|turn|5\n|inactive|VGCLTHTornsEnjoyer has 30 seconds left.\n|inactive|VGCLTHTornsEnjoyer has 20 seconds left.\n|\n|t:|1732231098\n|move|p1a: Ninetales|Aurora Veil|p1a: Ninetales\n|-sidestart|p1: anyataylorjoys|move: Aurora Veil\n|-activate|p2a: Gholdengo|move: Struggle\n|move|p2a: Gholdengo|Struggle|p1b: Gholdengo\n|-damage|p1b: Gholdengo|96\/100\n|-damage|p2a: Gholdengo|23\/100|[from] recoil\n|move|p1b: Gholdengo|Shadow Ball|p2a: Gholdengo\n|-damage|p2a: Gholdengo|0 fnt\n|faint|p2a: Gholdengo\n|\n|win|anyataylorjoys\n|raw|anyataylorjoys's rating: 1667 &rarr; <strong>1689<\/strong><br \/>(+22 for winning)\n|raw|VGCLTHTornsEnjoyer's rating: 1700 &rarr; <strong>1678<\/strong><br \/>(-22 for losing)\n|l|\u2606VGCLTHTornsEnjoyer\n|player|p2|\n|l|\u2606anyataylorjoys\n|player|p1|\n","uploadtime":1732231349,"views":18,"formatid":"gen9vgc2024regh","rating":1678,"private":0,"password":null}