{"id":"gen9vgc2024regh-2248171523","format":"[Gen 9] VGC 2024 Reg H","players":["bigbadbirdvgc","Tatch_8"],"log":"|j|\u2606bigbadbirdvgc\n|j|\u2606Tatch_8\n|t:|1732184425\n|gametype|doubles\n|player|p1|bigbadbirdvgc|266|1640\n|player|p2|Tatch_8|101|1703\n|teamsize|p1|6\n|teamsize|p2|6\n|gen|9\n|tier|[Gen 9] VGC 2024 Reg H\n|rated|\n|rule|Species Clause: Limit one of each Pok\u00e9mon\n|rule|Item Clause: Limit 1 of each item\n|clearpoke\n|poke|p1|Gothitelle, L50, M|\n|poke|p1|Politoed, L50, F|\n|poke|p1|Archaludon, L50, F|\n|poke|p1|Incineroar, L50, F|\n|poke|p1|Amoonguss, L50, M|\n|poke|p1|Quaquaval, L50, M|\n|poke|p2|Torkoal, L50, F|\n|poke|p2|Charizard, L50, F|\n|poke|p2|Porygon2, L50|\n|poke|p2|Ursaluna, L50, F|\n|poke|p2|Jumpluff, L50, M|\n|poke|p2|Incineroar, L50, M|\n|teampreview|4\n|j| Jalt the 5th\n|inactive|Battle timer is ON: inactive players will automatically lose when time's up. (requested by Tatch_8)\n|\n|t:|1732184453\n|start\n|switch|p1a: Gothitelle|Gothitelle, L50, M|100\/100\n|switch|p1b: Incineroar|Incineroar, L50, F|100\/100\n|switch|p2a: Charizard|Charizard, L50, F|100\/100\n|switch|p2b: Jumpluff|Jumpluff, L50, M|100\/100\n|-ability|p1b: Incineroar|Intimidate|boost\n|-unboost|p2a: Charizard|atk|1\n|-unboost|p2b: Jumpluff|atk|1\n|turn|1\n|\n|t:|1732184475\n|-terastallize|p2a: Charizard|Ghost\n|-terastallize|p1a: Gothitelle|Fire\n|move|p2b: Jumpluff|Sunny Day|p2b: Jumpluff\n|-weather|SunnyDay\n|move|p2a: Charizard|Heat Wave|p1b: Incineroar|[spread] p1a,p1b\n|-resisted|p1a: Gothitelle\n|-resisted|p1b: Incineroar\n|-damage|p1a: Gothitelle|55\/100\n|-damage|p1b: Incineroar|52\/100\n|move|p1b: Incineroar|Knock Off|p2b: Jumpluff\n|-damage|p2b: Jumpluff|40\/100\n|-enditem|p2b: Jumpluff|Focus Sash|[from] move: Knock Off|[of] p1b: Incineroar\n|move|p1a: Gothitelle|Trick Room|p1a: Gothitelle\n|-fieldstart|move: Trick Room|[of] p1a: Gothitelle\n|\n|-weather|SunnyDay|[upkeep]\n|-damage|p2a: Charizard|88\/100|[from] ability: Solar Power|[of] p2a: Charizard\n|upkeep\n|turn|2\n|\n|t:|1732184495\n|move|p2b: Jumpluff|Rage Powder|p2b: Jumpluff\n|-singleturn|p2b: Jumpluff|move: Rage Powder\n|move|p1b: Incineroar|Knock Off|p2b: Jumpluff\n|-damage|p2b: Jumpluff|0 fnt\n|faint|p2b: Jumpluff\n|move|p1a: Gothitelle|Psychic|p2a: Charizard\n|-damage|p2a: Charizard|45\/100\n|move|p2a: Charizard|Heat Wave|p1b: Incineroar|[spread] p1a,p1b\n|-resisted|p1a: Gothitelle\n|-resisted|p1b: Incineroar\n|-damage|p1a: Gothitelle|11\/100\n|-damage|p1b: Incineroar|7\/100\n|\n|-weather|SunnyDay|[upkeep]\n|-damage|p2a: Charizard|33\/100|[from] ability: Solar Power|[of] p2a: Charizard\n|upkeep\n|\n|t:|1732184500\n|switch|p2b: Torkoal|Torkoal, L50, F|100\/100\n|turn|3\n|\n|t:|1732184517\n|switch|p2a: Ursaluna|Ursaluna, L50, F|100\/100\n|move|p1a: Gothitelle|Protect|p1a: Gothitelle\n|-singleturn|p1a: Gothitelle|Protect\n|move|p2b: Torkoal|Overheat|p1b: Incineroar\n|-resisted|p1b: Incineroar\n|-damage|p1b: Incineroar|0 fnt\n|-unboost|p2b: Torkoal|spa|2\n|-enditem|p2b: Torkoal|Eject Pack\n|faint|p1b: Incineroar\n|\n|t:|1732184525\n|switch|p2b: Charizard|Charizard, L50, F, tera:Ghost|33\/100\n|\n|-weather|SunnyDay|[upkeep]\n|-damage|p2b: Charizard|20\/100|[from] ability: Solar Power|[of] p2b: Charizard\n|-status|p2a: Ursaluna|brn|[from] item: Flame Orb\n|upkeep\n|\n|t:|1732184540\n|switch|p1b: Quaquaval|Quaquaval, L50, M|100\/100\n|turn|4\n|\n|t:|1732184555\n|switch|p2b: Torkoal|Torkoal, L50, F|100\/100\n|move|p2a: Ursaluna|Facade|p1b: Quaquaval\n|-enditem|p1b: Quaquaval|Focus Sash\n|-damage|p1b: Quaquaval|1\/100\n|move|p1a: Gothitelle|Psychic|p2a: Ursaluna\n|-damage|p2a: Ursaluna|73\/100 brn\n|move|p1b: Quaquaval|Aqua Step|p2b: Torkoal\n|-supereffective|p2b: Torkoal\n|-damage|p2b: Torkoal|73\/100\n|-boost|p1b: Quaquaval|spe|1\n|\n|-weather|SunnyDay|[upkeep]\n|-damage|p2a: Ursaluna|67\/100 brn|[from] brn\n|upkeep\n|turn|5\n|\n|t:|1732184576\n|move|p1b: Quaquaval|Protect|p1b: Quaquaval\n|-singleturn|p1b: Quaquaval|Protect\n|move|p2b: Torkoal|Eruption|p1b: Quaquaval|[spread] p1a\n|-activate|p1b: Quaquaval|move: Protect\n|-resisted|p1a: Gothitelle\n|-damage|p1a: Gothitelle|0 fnt\n|faint|p1a: Gothitelle\n|move|p2a: Ursaluna|Facade|p1b: Quaquaval\n|-activate|p1b: Quaquaval|move: Protect\n|\n|-weather|none\n|-damage|p2a: Ursaluna|61\/100 brn|[from] brn\n|-fieldend|move: Trick Room\n|upkeep\n|\n|t:|1732184588\n|switch|p1a: Politoed|Politoed, L50, F|100\/100\n|-weather|RainDance|[from] ability: Drizzle|[of] p1a: Politoed\n|turn|6\n|\n|t:|1732184599\n|move|p2a: Ursaluna|Protect|p2a: Ursaluna\n|-singleturn|p2a: Ursaluna|Protect\n|move|p1b: Quaquaval|Aqua Step|p2a: Ursaluna\n|-activate|p2a: Ursaluna|move: Protect\n|move|p1a: Politoed|Weather Ball|p2b: Torkoal\n|-supereffective|p2b: Torkoal\n|-damage|p2b: Torkoal|0 fnt\n|faint|p2b: Torkoal\n|\n|-weather|RainDance|[upkeep]\n|-damage|p2a: Ursaluna|56\/100 brn|[from] brn\n|upkeep\n|\n|t:|1732184604\n|switch|p2b: Charizard|Charizard, L50, F, tera:Ghost|20\/100\n|turn|7\n|\n|t:|1732184629\n|move|p1b: Quaquaval|Protect|p1b: Quaquaval\n|-singleturn|p1b: Quaquaval|Protect\n|move|p2b: Charizard|Air Slash|p1a: Politoed\n|-damage|p1a: Politoed|59\/100\n|move|p1a: Politoed|Weather Ball|p2b: Charizard\n|-damage|p2b: Charizard|0 fnt\n|faint|p2b: Charizard\n|move|p2a: Ursaluna|Earthquake|p1b: Quaquaval|[spread] p1a\n|-activate|p1b: Quaquaval|move: Protect\n|-damage|p1a: Politoed|0 fnt\n|faint|p1a: Politoed\n|\n|-weather|RainDance|[upkeep]\n|-damage|p2a: Ursaluna|50\/100 brn|[from] brn\n|upkeep\n|turn|8\n|-message|Tatch_8 forfeited.\n|\n|win|bigbadbirdvgc\n|raw|bigbadbirdvgc's rating: 1640 &rarr; <strong>1664<\/strong><br \/>(+24 for winning)\n|raw|Tatch_8's rating: 1703 &rarr; <strong>1679<\/strong><br \/>(-24 for losing)\n|l|\u2606Tatch_8\n|player|p2|\n|l|\u2606bigbadbirdvgc\n|player|p1|\n","uploadtime":1732184913,"views":14,"formatid":"gen9vgc2024regh","rating":1664,"private":0,"password":null}