{"id":"gen9vgc2024regh-2248045602","format":"[Gen 9] VGC 2024 Reg H","players":["Mode Harambe","Spottedwoot"],"log":"|j|\u2606Mode Harambe\n|j|\u2606Spottedwoot\n|t:|1732161499\n|gametype|doubles\n|player|p1|Mode Harambe|red|1689\n|player|p2|Spottedwoot|170|1737\n|teamsize|p1|6\n|teamsize|p2|6\n|gen|9\n|tier|[Gen 9] VGC 2024 Reg H\n|rated|\n|rule|Species Clause: Limit one of each Pok\u00e9mon\n|rule|Item Clause: Limit 1 of each item\n|clearpoke\n|poke|p1|Ursaluna, L50, M|\n|poke|p1|Jumpluff, L50, M|\n|poke|p1|Charizard, L50, F|\n|poke|p1|Torkoal, L50, M|\n|poke|p1|Incineroar, L50, M|\n|poke|p1|Porygon2, L50|\n|poke|p2|Kingambit, L50, F|\n|poke|p2|Primarina, L50, F|\n|poke|p2|Salamence, L50, F|\n|poke|p2|Gholdengo, L50|\n|poke|p2|Sneasler, L50, F|\n|poke|p2|Volcarona, L50, F|\n|teampreview|4\n|inactive|Battle timer is ON: inactive players will automatically lose when time's up. (requested by Spottedwoot)\n|j| snow is mid\n|\n|t:|1732161544\n|start\n|switch|p1a: Jumpluff|Jumpluff, L50, M|100\/100\n|switch|p1b: Charizard|Charizard, L50, F|100\/100\n|switch|p2a: Primarina|Primarina, L50, F|100\/100\n|switch|p2b: Sneasler|Sneasler, L50, F|100\/100\n|turn|1\n|\n|t:|1732161550\n|switch|p1b: Torkoal|Torkoal, L50, M|100\/100\n|-weather|SunnyDay|[from] ability: Drought|[of] p1b: Torkoal\n|move|p2b: Sneasler|Fake Out|p1a: Jumpluff\n|-damage|p1a: Jumpluff|83\/100\n|move|p1a: Jumpluff|Sleep Powder|p2b: Sneasler\n|-status|p2b: Sneasler|slp|[from] move: Sleep Powder\n|move|p2a: Primarina|Hyper Voice|p1b: Torkoal|[spread] p1a,p1b\n|-resisted|p1a: Jumpluff\n|-crit|p1a: Jumpluff\n|-supereffective|p1b: Torkoal\n|-damage|p1a: Jumpluff|71\/100\n|-damage|p1b: Torkoal|55\/100\n|-enditem|p2a: Primarina|Throat Spray\n|-boost|p2a: Primarina|spa|1|[from] item: Throat Spray\n|\n|-weather|SunnyDay|[upkeep]\n|upkeep\n|turn|2\n|\n|t:|1732161568\n|move|p2a: Primarina|Protect|p2a: Primarina\n|-singleturn|p2a: Primarina|Protect\n|move|p1a: Jumpluff|Sleep Powder|p2a: Primarina\n|-activate|p2a: Primarina|move: Protect\n|cant|p2b: Sneasler|slp\n|move|p1b: Torkoal|Overheat|p2b: Sneasler\n|-enditem|p2b: Sneasler|Focus Sash\n|-damage|p2b: Sneasler|1\/100 slp\n|-unboost|p1b: Torkoal|spa|2\n|-enditem|p1b: Torkoal|Eject Pack\n|\n|t:|1732161579\n|switch|p1b: Charizard|Charizard, L50, F|100\/100\n|\n|-weather|SunnyDay|[upkeep]\n|-damage|p1b: Charizard|88\/100|[from] ability: Solar Power|[of] p1b: Charizard\n|upkeep\n|turn|3\n|\n|t:|1732161586\n|-terastallize|p1b: Charizard|Ghost\n|cant|p2b: Sneasler|slp\n|move|p1a: Jumpluff|Tailwind|p1a: Jumpluff\n|-sidestart|p1: Mode Harambe|move: Tailwind\n|move|p1b: Charizard|Heat Wave|p2b: Sneasler|[spread] p2a,p2b\n|-resisted|p2a: Primarina\n|-damage|p2a: Primarina|54\/100\n|-damage|p2b: Sneasler|0 fnt\n|faint|p2b: Sneasler\n|move|p2a: Primarina|Hyper Voice|p1a: Jumpluff|[spread] p1a,p1b\n|-resisted|p1a: Jumpluff\n|-crit|p1b: Charizard\n|-damage|p1a: Jumpluff|57\/100\n|-damage|p1b: Charizard|38\/100\n|\n|-weather|SunnyDay|[upkeep]\n|-damage|p1b: Charizard|26\/100|[from] ability: Solar Power|[of] p1b: Charizard\n|upkeep\n|\n|t:|1732161596\n|switch|p2b: Salamence|Salamence, L50, F|100\/100\n|-ability|p2b: Salamence|Intimidate|boost\n|-unboost|p1a: Jumpluff|atk|1\n|-unboost|p1b: Charizard|atk|1\n|turn|4\n|\n|t:|1732161605\n|move|p2b: Salamence|Protect|p2b: Salamence\n|-singleturn|p2b: Salamence|Protect\n|move|p2a: Primarina|Protect|p2a: Primarina\n|-singleturn|p2a: Primarina|Protect\n|move|p1a: Jumpluff|Sleep Powder|p2b: Salamence\n|-activate|p2b: Salamence|move: Protect\n|move|p1b: Charizard|Heat Wave|p2b: Salamence|[spread] \n|-activate|p2a: Primarina|move: Protect\n|-activate|p2b: Salamence|move: Protect\n|\n|-weather|SunnyDay|[upkeep]\n|-damage|p1b: Charizard|14\/100|[from] ability: Solar Power|[of] p1b: Charizard\n|upkeep\n|turn|5\n|\n|t:|1732161618\n|move|p1a: Jumpluff|Sleep Powder|p2a: Primarina\n|-status|p2a: Primarina|slp|[from] move: Sleep Powder\n|move|p1b: Charizard|Heat Wave|p2b: Salamence|[spread] p2a,p2b\n|-resisted|p2a: Primarina\n|-resisted|p2b: Salamence\n|-damage|p2a: Primarina|12\/100 slp\n|-damage|p2b: Salamence|35\/100\n|move|p2b: Salamence|Tailwind|p2b: Salamence\n|-sidestart|p2: Spottedwoot|move: Tailwind\n|cant|p2a: Primarina|slp\n|\n|-weather|none\n|upkeep\n|turn|6\n|\n|t:|1732161632\n|move|p2b: Salamence|Protect|p2b: Salamence\n|-singleturn|p2b: Salamence|Protect\n|cant|p2a: Primarina|slp\n|move|p1a: Jumpluff|Sunny Day|p1a: Jumpluff\n|-weather|SunnyDay\n|move|p1b: Charizard|Heat Wave|p2b: Salamence|[spread] p2a\n|-activate|p2b: Salamence|move: Protect\n|-resisted|p2a: Primarina\n|-damage|p2a: Primarina|0 fnt\n|faint|p2a: Primarina\n|\n|-weather|SunnyDay|[upkeep]\n|-damage|p1b: Charizard|1\/100|[from] ability: Solar Power|[of] p1b: Charizard\n|-sideend|p1: Mode Harambe|move: Tailwind\n|upkeep\n|\n|t:|1732161640\n|switch|p2a: Volcarona|Volcarona, L50, F|100\/100\n|turn|7\n|\n|t:|1732161653\n|move|p1a: Jumpluff|Sleep Powder|p2b: Salamence\n|-status|p2b: Salamence|slp|[from] move: Sleep Powder\n|cant|p2b: Salamence|slp\n|move|p2a: Volcarona|Heat Wave|p1b: Charizard|[spread] p1a,p1b\n|-supereffective|p1a: Jumpluff\n|-damage|p1a: Jumpluff|0 fnt\n|-damage|p1b: Charizard|0 fnt\n|faint|p1a: Jumpluff\n|faint|p1b: Charizard\n|\n|-weather|SunnyDay|[upkeep]\n|upkeep\n|\n|t:|1732161661\n|switch|p1a: Incineroar|Incineroar, L50, M|100\/100\n|switch|p1b: Torkoal|Torkoal, L50, M|55\/100\n|-ability|p1a: Incineroar|Intimidate|boost\n|-unboost|p2a: Volcarona|atk|1\n|-unboost|p2b: Salamence|atk|1\n|turn|8\n|\n|t:|1732161670\n|cant|p2b: Salamence|slp\n|move|p2a: Volcarona|Protect|p2a: Volcarona\n|-singleturn|p2a: Volcarona|Protect\n|move|p1a: Incineroar|Knock Off|p2b: Salamence\n|-damage|p2b: Salamence|0 fnt\n|-enditem|p2b: Salamence|Life Orb|[from] move: Knock Off|[of] p1a: Incineroar\n|faint|p2b: Salamence\n|move|p1b: Torkoal|Overheat|p2a: Volcarona\n|-activate|p2a: Volcarona|move: Protect\n|\n|-weather|SunnyDay|[upkeep]\n|-sideend|p2: Spottedwoot|move: Tailwind\n|upkeep\n|turn|9\n|\n|t:|1732161687\n|-terastallize|p2a: Volcarona|Fairy\n|move|p2a: Volcarona|Heat Wave|p1a: Incineroar|[spread] p1a,p1b\n|-resisted|p1a: Incineroar\n|-resisted|p1b: Torkoal\n|-damage|p1a: Incineroar|74\/100\n|-damage|p1b: Torkoal|21\/100\n|move|p1a: Incineroar|Flare Blitz|p2a: Volcarona\n|-damage|p2a: Volcarona|0 fnt\n|faint|p2a: Volcarona\n|-damage|p1a: Incineroar|47\/100|[from] Recoil\n|-enditem|p1a: Incineroar|Sitrus Berry|[eat]\n|-heal|p1a: Incineroar|72\/100|[from] item: Sitrus Berry\n|\n|win|Mode Harambe\n|raw|Mode Harambe's rating: 1689 &rarr; <strong>1712<\/strong><br \/>(+23 for winning)\n|raw|Spottedwoot's rating: 1737 &rarr; <strong>1714<\/strong><br \/>(-23 for losing)\n|l|\u2606Mode Harambe\n|player|p1|\n|l|\u2606Spottedwoot\n|player|p2|\n|l| snow is mid\n","uploadtime":1732161692,"views":39,"formatid":"gen9vgc2024regh","rating":1712,"private":0,"password":null}