{"id":"gen9vgc2024regh-2248151876","format":"[Gen 9] VGC 2024 Reg H","players":["adosonmama","VGCLTH Rain"],"log":"|raw|<div class=\"broadcast-blue\"><strong>This battle is required to be public due to a player having a name starting with 'vgclth'.<\/div>\n|j|\u2606adosonmama\n|j|\u2606VGCLTH Rain\n|t:|1732180952\n|gametype|doubles\n|player|p1|adosonmama|bianca|1698\n|player|p2|VGCLTH Rain|169|1712\n|teamsize|p1|6\n|teamsize|p2|6\n|gen|9\n|tier|[Gen 9] VGC 2024 Reg H\n|rated|\n|rule|Species Clause: Limit one of each Pok\u00e9mon\n|rule|Item Clause: Limit 1 of each item\n|clearpoke\n|poke|p1|Incineroar, L50, M|\n|poke|p1|Amoonguss, L50, F|\n|poke|p1|Gholdengo, L50|\n|poke|p1|Ursaluna-Bloodmoon, L50, M|\n|poke|p1|Dragonite, L50, F|\n|poke|p1|Archaludon, L50, M|\n|poke|p2|Typhlosion-Hisui, L50, F|\n|poke|p2|Glimmora, L50, M|\n|poke|p2|Grimmsnarl, L50, M|\n|poke|p2|Whimsicott, L50, M|\n|poke|p2|Ursaluna-Bloodmoon, L50, M|\n|poke|p2|Dusclops, L50, M|\n|teampreview|4\n|inactive|Battle timer is ON: inactive players will automatically lose when time's up. (requested by VGCLTH Rain)\n|\n|t:|1732180990\n|start\n|switch|p1a: Ursaluna|Ursaluna-Bloodmoon, L50, M|100\/100\n|switch|p1b: Dragonite|Dragonite, L50, F|100\/100\n|switch|p2a: Glimmora|Glimmora, L50, M|100\/100\n|switch|p2b: Grimmsnarl|Grimmsnarl, L50, M|100\/100\n|turn|1\n|\n|t:|1732181003\n|switch|p1b: Gholdengo|Gholdengo, L50|100\/100\n|move|p2b: Grimmsnarl|Light Screen|p2b: Grimmsnarl\n|-sidestart|p2: VGCLTH Rain|move: Light Screen\n|move|p2a: Glimmora|Power Gem|p1b: Gholdengo\n|-resisted|p1b: Gholdengo\n|-crit|p1b: Gholdengo\n|-damage|p1b: Gholdengo|61\/100\n|move|p1a: Ursaluna|Earth Power|p2a: Glimmora\n|-supereffective|p2a: Glimmora\n|-enditem|p2a: Glimmora|Focus Sash\n|-damage|p2a: Glimmora|1\/100\n|\n|upkeep\n|turn|2\n|\n|t:|1732181013\n|move|p1a: Ursaluna|Vacuum Wave|p2a: Glimmora\n|-damage|p2a: Glimmora|0 fnt\n|faint|p2a: Glimmora\n|move|p1b: Gholdengo|Make It Rain|p2b: Grimmsnarl\n|-supereffective|p2b: Grimmsnarl\n|-damage|p2b: Grimmsnarl|22\/100\n|-unboost|p1b: Gholdengo|spa|1\n|-damage|p1b: Gholdengo|51\/100|[from] item: Life Orb\n|move|p2b: Grimmsnarl|Spirit Break|p1a: Ursaluna\n|-damage|p1a: Ursaluna|77\/100\n|-unboost|p1a: Ursaluna|spa|1\n|\n|upkeep\n|\n|t:|1732181017\n|switch|p2a: Dusclops|Dusclops, L50, M|100\/100\n|-item|p1a: Ursaluna|Focus Sash|[from] ability: Frisk|[of] p2a: Dusclops\n|-item|p1b: Gholdengo|Life Orb|[from] ability: Frisk|[of] p2a: Dusclops\n|turn|3\n|\n|t:|1732181038\n|switch|p1b: Incineroar|Incineroar, L50, M, shiny|100\/100\n|-ability|p1b: Incineroar|Intimidate|boost\n|-unboost|p2a: Dusclops|atk|1\n|-unboost|p2b: Grimmsnarl|atk|1\n|move|p2b: Grimmsnarl|Reflect|p2b: Grimmsnarl\n|-sidestart|p2: VGCLTH Rain|Reflect\n|move|p1a: Ursaluna|Blood Moon|p2b: Grimmsnarl\n|-damage|p2b: Grimmsnarl|0 fnt\n|faint|p2b: Grimmsnarl\n|move|p2a: Dusclops|Trick Room|p2a: Dusclops\n|-fieldstart|move: Trick Room|[of] p2a: Dusclops\n|\n|upkeep\n|\n|t:|1732181043\n|switch|p2b: Ursaluna|Ursaluna-Bloodmoon, L50, M|100\/100\n|turn|4\n|\n|t:|1732181054\n|switch|p1a: Dragonite|Dragonite, L50, F|100\/100\n|move|p2b: Ursaluna|Protect|p2b: Ursaluna\n|-singleturn|p2b: Ursaluna|Protect\n|move|p1b: Incineroar|Fake Out|p2b: Ursaluna\n|-activate|p2b: Ursaluna|move: Protect\n|move|p2a: Dusclops|Will-O-Wisp|p1a: Dragonite\n|-status|p1a: Dragonite|brn\n|\n|-damage|p1a: Dragonite|95\/100 brn|[from] brn\n|upkeep\n|turn|5\n|\n|t:|1732181076\n|move|p2a: Dusclops|Helping Hand|p2b: Ursaluna\n|-singleturn|p2b: Ursaluna|Helping Hand|[of] p2a: Dusclops\n|move|p2b: Ursaluna|Hyper Voice|p1b: Incineroar|[spread] p1a,p1b\n|-damage|p1a: Dragonite|55\/100 brn\n|-damage|p1b: Incineroar|55\/100\n|-enditem|p2b: Ursaluna|Throat Spray\n|-boost|p2b: Ursaluna|spa|1|[from] item: Throat Spray\n|move|p1b: Incineroar|Parting Shot|p2b: Ursaluna\n|-unboost|p2b: Ursaluna|atk|1\n|-unboost|p2b: Ursaluna|spa|1\n|\n|t:|1732181090\n|switch|p1b: Ursaluna|Ursaluna-Bloodmoon, L50, M|77\/100|[from] Parting Shot\n|move|p1a: Dragonite|Low Kick|p2b: Ursaluna\n|-supereffective|p2b: Ursaluna\n|-damage|p2b: Ursaluna|77\/100\n|\n|-damage|p1a: Dragonite|49\/100 brn|[from] brn\n|upkeep\n|turn|6\n|j| xtyeah\n|inactive|adosonmama has 30 seconds left.\n|inactive|adosonmama has 20 seconds left.\n|inactive|adosonmama has 15 seconds left.\n|\n|t:|1732181130\n|move|p2a: Dusclops|Helping Hand|p2b: Ursaluna\n|-singleturn|p2b: Ursaluna|Helping Hand|[of] p2a: Dusclops\n|move|p1b: Ursaluna|Protect|p1b: Ursaluna\n|-singleturn|p1b: Ursaluna|Protect\n|move|p2b: Ursaluna|Blood Moon|p1b: Ursaluna\n|-activate|p1b: Ursaluna|move: Protect\n|move|p1a: Dragonite|Low Kick|p2b: Ursaluna\n|-supereffective|p2b: Ursaluna\n|-damage|p2b: Ursaluna|56\/100\n|\n|-damage|p1a: Dragonite|43\/100 brn|[from] brn\n|upkeep\n|turn|7\n|\n|t:|1732181148\n|-terastallize|p2b: Ursaluna|Grass\n|move|p2a: Dusclops|Helping Hand|p2b: Ursaluna\n|-singleturn|p2b: Ursaluna|Helping Hand|[of] p2a: Dusclops\n|move|p2b: Ursaluna|Hyper Voice|p1a: Dragonite|[spread] p1a,p1b\n|-damage|p1a: Dragonite|3\/100 brn\n|-damage|p1b: Ursaluna|0 fnt\n|faint|p1b: Ursaluna\n|move|p1a: Dragonite|Low Kick|p2b: Ursaluna\n|-damage|p2b: Ursaluna|45\/100\n|\n|-damage|p1a: Dragonite|0 fnt|[from] brn\n|faint|p1a: Dragonite\n|-fieldend|move: Trick Room\n|upkeep\n|\n|t:|1732181153\n|switch|p1a: Incineroar|Incineroar, L50, M, shiny|55\/100\n|switch|p1b: Gholdengo|Gholdengo, L50|51\/100\n|-ability|p1a: Incineroar|Intimidate|boost\n|-unboost|p2a: Dusclops|atk|1\n|-unboost|p2b: Ursaluna|atk|1\n|turn|8\n|inactive|adosonmama has 30 seconds left.\n|inactive|adosonmama has 20 seconds left.\n|inactive|adosonmama has 15 seconds left.\n|\n|t:|1732181194\n|move|p1b: Gholdengo|Make It Rain|p2a: Dusclops|[spread] p2a,p2b\n|-damage|p2a: Dusclops|83\/100\n|-damage|p2b: Ursaluna|5\/100\n|-unboost|p1b: Gholdengo|spa|1\n|-damage|p1b: Gholdengo|42\/100|[from] item: Life Orb\n|move|p1a: Incineroar|Knock Off|p2a: Dusclops\n|-supereffective|p2a: Dusclops\n|-damage|p2a: Dusclops|52\/100\n|-enditem|p2a: Dusclops|Eviolite|[from] move: Knock Off|[of] p1a: Incineroar\n|move|p2b: Ursaluna|Earth Power|p1b: Gholdengo\n|-supereffective|p1b: Gholdengo\n|-damage|p1b: Gholdengo|0 fnt\n|faint|p1b: Gholdengo\n|move|p2a: Dusclops|Trick Room|p2a: Dusclops\n|-fieldstart|move: Trick Room|[of] p2a: Dusclops\n|\n|-sideend|p2: VGCLTH Rain|move: Light Screen\n|upkeep\n|turn|9\n|\n|t:|1732181206\n|-terastallize|p1a: Incineroar|Ghost\n|move|p2a: Dusclops|Night Shade|p1a: Incineroar\n|-damage|p1a: Incineroar|30\/100\n|move|p2b: Ursaluna|Earth Power|p1a: Incineroar\n|-damage|p1a: Incineroar|0 fnt\n|faint|p1a: Incineroar\n|\n|win|VGCLTH Rain\n|raw|adosonmama's rating: 1698 &rarr; <strong>1679<\/strong><br \/>(-19 for losing)\n|raw|VGCLTH Rain's rating: 1712 &rarr; <strong>1731<\/strong><br \/>(+19 for winning)\n|l|\u2606adosonmama\n|player|p1|\n|l|\u2606VGCLTH Rain\n|player|p2|\n","uploadtime":1732181440,"views":24,"formatid":"gen9vgc2024regh","rating":1679,"private":0,"password":null}