{"id":"gen9vgc2024regh-2248494908","format":"[Gen 9] VGC 2024 Reg H","players":["roykeenkennedy","testy accounty 2"],"log":"|j|\u2606roykeenkennedy\n|j|\u2606testy accounty 2\n|t:|1732219897\n|gametype|doubles\n|player|p1|roykeenkennedy|alder|1753\n|player|p2|testy accounty 2|102|1799\n|teamsize|p1|6\n|teamsize|p2|6\n|gen|9\n|tier|[Gen 9] VGC 2024 Reg H\n|rated|\n|rule|Species Clause: Limit one of each Pok\u00e9mon\n|rule|Item Clause: Limit 1 of each item\n|clearpoke\n|poke|p1|Salamence, L50, M|\n|poke|p1|Incineroar, L50, F|\n|poke|p1|Weezing, L50, M|\n|poke|p1|Dragapult, L50, F|\n|poke|p1|Ursaluna-Bloodmoon, L50, M|\n|poke|p1|Volcarona, L50, F|\n|poke|p2|Pelipper, L50, F|\n|poke|p2|Archaludon, L50, F|\n|poke|p2|Sneasler, L50, F|\n|poke|p2|Dragonite, L50, F|\n|poke|p2|Basculegion, L50, M|\n|poke|p2|Rillaboom, L50, M|\n|teampreview|4\n|j| futonkagebunshin\n|\n|t:|1732219937\n|start\n|switch|p1a: Weezing|Weezing, L50, M|100\/100\n|switch|p1b: Dragapult|Dragapult, L50, F|100\/100\n|switch|p2a: Dragonite|Dragonite, L50, F, shiny|100\/100\n|switch|p2b: VEGETA|Basculegion, L50, M|100\/100\n|-ability|p1a: Weezing|Neutralizing Gas\n|turn|1\n|\n|t:|1732219960\n|-terastallize|p1b: Dragapult|Ghost\n|move|p2b: VEGETA|Flip Turn|p1a: Weezing\n|-damage|p1a: Weezing|74\/100\n|\n|t:|1732219967\n|switch|p2b: MACHBACK|Archaludon, L50, F|100\/100|[from] Flip Turn\n|move|p1b: Dragapult|Tera Blast|p2a: Dragonite|[anim] Tera Blast Ghost\n|-damage|p2a: Dragonite|14\/100\n|move|p2a: Dragonite|Stomping Tantrum|p1a: Weezing\n|-supereffective|p1a: Weezing\n|-damage|p1a: Weezing|21\/100\n|move|p1a: Weezing|Will-O-Wisp|p2b: MACHBACK\n|-status|p2b: MACHBACK|brn\n|\n|-heal|p1a: Weezing|27\/100|[from] item: Leftovers\n|-damage|p2b: MACHBACK|94\/100 brn|[from] brn\n|upkeep\n|turn|2\n|\n|t:|1732220001\n|move|p2a: Dragonite|Protect|p2a: Dragonite\n|-singleturn|p2a: Dragonite|Protect\n|move|p1a: Weezing|Protect|p1a: Weezing\n|-singleturn|p1a: Weezing|Protect\n|move|p1b: Dragapult|Tera Blast|p2b: MACHBACK|[anim] Tera Blast Ghost\n|-damage|p2b: MACHBACK|40\/100 brn\n|move|p2b: MACHBACK|Flash Cannon|p1a: Weezing\n|-activate|p1a: Weezing|move: Protect\n|\n|-heal|p1a: Weezing|33\/100|[from] item: Leftovers\n|-damage|p2b: MACHBACK|33\/100 brn|[from] brn\n|upkeep\n|turn|3\n|\n|t:|1732220028\n|move|p2a: Dragonite|Extreme Speed|p1a: Weezing\n|-damage|p1a: Weezing|8\/100\n|move|p1b: Dragapult|Tera Blast|p2b: MACHBACK|[anim] Tera Blast Ghost\n|-damage|p2b: MACHBACK|0 fnt\n|faint|p2b: MACHBACK\n|move|p1a: Weezing|Will-O-Wisp|p2a: Dragonite\n|-status|p2a: Dragonite|brn\n|-enditem|p2a: Dragonite|Lum Berry|[eat]\n|-curestatus|p2a: Dragonite|brn|[msg]\n|\n|-heal|p1a: Weezing|14\/100|[from] item: Leftovers\n|upkeep\n|\n|t:|1732220034\n|switch|p2b: VEGETA|Basculegion, L50, M|100\/100\n|turn|4\n|\n|t:|1732220059\n|switch|p1b: Incineroar|Incineroar, L50, F|100\/100\n|-ability|p1b: Incineroar|Intimidate|boost\n|-unboost|p2a: Dragonite|atk|1\n|-unboost|p2b: VEGETA|atk|1\n|move|p1a: Weezing|Protect|p1a: Weezing\n|-singleturn|p1a: Weezing|Protect\n|move|p2b: VEGETA|Last Respects|p1b: Incineroar\n|-resisted|p1b: Incineroar\n|-damage|p1b: Incineroar|85\/100\n|move|p2a: Dragonite|Stomping Tantrum|p1a: Weezing\n|-activate|p1a: Weezing|move: Protect\n|\n|-heal|p1a: Weezing|20\/100|[from] item: Leftovers\n|upkeep\n|turn|5\n|\n|t:|1732220097\n|-end|p1a: Weezing|ability: Neutralizing Gas\n|switch|p1a: Volcarona|Volcarona, L50, F|100\/100\n|move|p2b: VEGETA|Last Respects|p1b: Incineroar\n|-resisted|p1b: Incineroar\n|-damage|p1b: Incineroar|63\/100\n|move|p2a: Dragonite|Stomping Tantrum|p1b: Incineroar\n|-supereffective|p1b: Incineroar\n|-damage|p1b: Incineroar|29\/100\n|move|p1b: Incineroar|Knock Off|p2b: VEGETA\n|-supereffective|p2b: VEGETA\n|-damage|p2b: VEGETA|8\/100\n|-enditem|p2b: VEGETA|Choice Scarf|[from] move: Knock Off|[of] p1b: Incineroar\n|\n|upkeep\n|turn|6\n|\n|t:|1732220121\n|switch|p1b: Dragapult|Dragapult, L50, F, tera:Ghost|100\/100\n|move|p1a: Volcarona|Heat Wave|p2a: Dragonite|[spread] \n|-miss|p1a: Volcarona|p2a: Dragonite\n|-miss|p1a: Volcarona|p2b: VEGETA\n|move|p2b: VEGETA|Wave Crash|p1a: Volcarona\n|-supereffective|p1a: Volcarona\n|-damage|p1a: Volcarona|0 fnt\n|-status|p2b: VEGETA|brn|[from] ability: Flame Body|[of] p1a: Volcarona\n|faint|p1a: Volcarona\n|-damage|p2b: VEGETA|0 fnt|[from] Recoil\n|faint|p2b: VEGETA\n|move|p2a: Dragonite|Stomping Tantrum|p1b: Dragapult\n|-damage|p1b: Dragapult|73\/100\n|\n|upkeep\n|\n|t:|1732220140\n|switch|p1a: Weezing|Weezing, L50, M|20\/100\n|switch|p2b: Pelipper|Pelipper, L50, F|100\/100\n|-ability|p1a: Weezing|Neutralizing Gas\n|turn|7\n|\n|t:|1732220155\n|move|p2a: Dragonite|Protect|p2a: Dragonite\n|-singleturn|p2a: Dragonite|Protect\n|move|p1a: Weezing|Protect|p1a: Weezing\n|-singleturn|p1a: Weezing|Protect\n|move|p1b: Dragapult|Dragon Darts|p2b: Pelipper\n|-damage|p2b: Pelipper|52\/100\n|-anim|p1b: Dragapult|Dragon Darts|p2b: Pelipper\n|-damage|p2b: Pelipper|7\/100\n|move|p2b: Pelipper|Tailwind|p2b: Pelipper\n|-sidestart|p2: testy accounty 2|move: Tailwind\n|\n|-heal|p1a: Weezing|27\/100|[from] item: Leftovers\n|upkeep\n|turn|8\n|\n|t:|1732220176\n|move|p2b: Pelipper|Hurricane|p1b: Dragapult|[miss]\n|-miss|p2b: Pelipper|p1b: Dragapult\n|move|p2a: Dragonite|Stomping Tantrum|p1a: Weezing\n|-supereffective|p1a: Weezing\n|-damage|p1a: Weezing|0 fnt\n|faint|p1a: Weezing\n|-end|p1a: Weezing|ability: Neutralizing Gas\n|-weather|RainDance|[from] ability: Drizzle|[of] p2b: Pelipper\n|move|p1b: Dragapult|Dragon Darts|p2a: Dragonite\n|-supereffective|p2a: Dragonite\n|-crit|p2a: Dragonite\n|-damage|p2a: Dragonite|0 fnt\n|-anim|p1b: Dragapult|Dragon Darts|p2b: Pelipper\n|-damage|p2b: Pelipper|0 fnt\n|faint|p2a: Dragonite\n|faint|p2b: Pelipper\n|\n|win|roykeenkennedy\n|raw|roykeenkennedy's rating: 1753 &rarr; <strong>1776<\/strong><br \/>(+23 for winning)\n|raw|testy accounty 2's rating: 1799 &rarr; <strong>1776<\/strong><br \/>(-23 for losing)\n|l|\u2606roykeenkennedy\n|player|p1|\n","uploadtime":1732220247,"views":33,"formatid":"gen9vgc2024regh","rating":1776,"private":0,"password":null}