{"id":"gen9vgc2024regh-2248010434","format":"[Gen 9] VGC 2024 Reg H","players":["rainha789","bluestraggler02"],"log":"|j|\u2606rainha789\n|j|\u2606bluestraggler02\n|t:|1732156796\n|gametype|doubles\n|player|p1|rainha789|102|1685\n|player|p2|bluestraggler02|170|1687\n|teamsize|p1|6\n|teamsize|p2|6\n|gen|9\n|tier|[Gen 9] VGC 2024 Reg H\n|rated|\n|rule|Species Clause: Limit one of each Pok\u00e9mon\n|rule|Item Clause: Limit 1 of each item\n|clearpoke\n|poke|p1|Mimikyu, L50, F|\n|poke|p1|Ursaluna, L50, F|\n|poke|p1|Meowscarada, L50, F|\n|poke|p1|Sneasler, L50, F|\n|poke|p1|Indeedee-F, L50, F|\n|poke|p1|Armarouge, L50, F|\n|poke|p2|Skeledirge, L50, F|\n|poke|p2|Porygon2, L50|\n|poke|p2|Ursaluna, L50, F|\n|poke|p2|Amoonguss, L50, F|\n|poke|p2|Maushold-Four, L50|\n|poke|p2|Archaludon, L50, F|\n|teampreview|4\n|inactive|Battle timer is ON: inactive players will automatically lose when time's up. (requested by bluestraggler02)\nbluestraggler02 rejected open team sheets.\n|inactive|rainha789 has 60 seconds left.\n|\n|t:|1732156871\n|start\n|switch|p1a: Meowscarada|Meowscarada, L50, F|100\/100\n|switch|p1b: Armarouge|Armarouge, L50, F|100\/100\n|switch|p2a: \u80b2\u5e7c\u4e01\u771f|Maushold-Four, L50|100\/100\n|switch|p2b: \u9e2d\u6837\u4e01\u771f|Porygon2, L50|100\/100\n|-ability|p2b: \u9e2d\u6837\u4e01\u771f|Download|boost\n|-boost|p2b: \u9e2d\u6837\u4e01\u771f|spa|1\n|turn|1\n|inactive|bluestraggler02 has 30 seconds left.\n|\n|t:|1732156898\n|move|p2a: \u80b2\u5e7c\u4e01\u771f|Follow Me|p2a: \u80b2\u5e7c\u4e01\u771f\n|-singleturn|p2a: \u80b2\u5e7c\u4e01\u771f|move: Follow Me\n|move|p1a: Meowscarada|Petal Blizzard|p2b: \u9e2d\u6837\u4e01\u771f|[spread] p1b,p2a,p2b\n|-resisted|p1b: Armarouge\n|-damage|p1b: Armarouge|83\/100\n|-damage|p2a: \u80b2\u5e7c\u4e01\u771f|54\/100\n|-damage|p2b: \u9e2d\u6837\u4e01\u771f|82\/100\n|-ability|p1b: Armarouge|Weak Armor|boost\n|-unboost|p1b: Armarouge|def|1\n|-boost|p1b: Armarouge|spe|2\n|move|p1b: Armarouge|Meteor Beam||[still]\n|-prepare|p1b: Armarouge|Meteor Beam\n|-boost|p1b: Armarouge|spa|1\n|-enditem|p1b: Armarouge|Power Herb\n|-anim|p1b: Armarouge|Meteor Beam|p2a: \u80b2\u5e7c\u4e01\u771f\n|-damage|p2a: \u80b2\u5e7c\u4e01\u771f|0 fnt\n|faint|p2a: \u80b2\u5e7c\u4e01\u771f\n|move|p2b: \u9e2d\u6837\u4e01\u771f|Trick Room|p2b: \u9e2d\u6837\u4e01\u771f\n|-fieldstart|move: Trick Room|[of] p2b: \u9e2d\u6837\u4e01\u771f\n|\n|upkeep\n|\n|t:|1732156916\n|switch|p2a: \u5706\u6708\u4e01\u771f|Ursaluna, L50, F|100\/100\n|turn|2\n|inactive|rainha789 has 30 seconds left.\n|inactive|bluestraggler02 has 30 seconds left.\n|inactive|rainha789 has 20 seconds left.\n|\n|t:|1732156960\n|switch|p1b: Ursaluna|Ursaluna, L50, F|100\/100\n|move|p2a: \u5706\u6708\u4e01\u771f|High Horsepower|p1b: Ursaluna\n|-damage|p1b: Ursaluna|59\/100\n|move|p2b: \u9e2d\u6837\u4e01\u771f|Tera Blast|p1a: Meowscarada\n|-damage|p1a: Meowscarada|26\/100\n|move|p1a: Meowscarada|Knock Off|p2a: \u5706\u6708\u4e01\u771f\n|-damage|p2a: \u5706\u6708\u4e01\u771f|67\/100\n|-enditem|p2a: \u5706\u6708\u4e01\u771f|Flame Orb|[from] move: Knock Off|[of] p1a: Meowscarada\n|\n|-status|p1b: Ursaluna|brn|[from] item: Flame Orb\n|upkeep\n|turn|3\n|inactive|rainha789 has 30 seconds left.\n|\n|t:|1732156994\n|switch|p1a: Mimikyu|Mimikyu, L50, F|100\/100\n|-terastallize|p1b: Ursaluna|Ghost\n|move|p1b: Ursaluna|Facade|p2a: \u5706\u6708\u4e01\u771f\n|-damage|p2a: \u5706\u6708\u4e01\u771f|0 fnt\n|faint|p2a: \u5706\u6708\u4e01\u771f\n|move|p2b: \u9e2d\u6837\u4e01\u771f|Ice Beam|p1b: Ursaluna\n|-damage|p1b: Ursaluna|25\/100 brn\n|\n|-damage|p1b: Ursaluna|19\/100 brn|[from] brn\n|upkeep\n|\n|t:|1732157001\n|switch|p2a: \u4f9d\u5f71\u4e01\u771f|Amoonguss, L50, F|100\/100\n|turn|4\n|inactive|rainha789 has 30 seconds left.\n|\n|t:|1732157027\n|move|p1b: Ursaluna|Protect|p1b: Ursaluna\n|-singleturn|p1b: Ursaluna|Protect\n|move|p2a: \u4f9d\u5f71\u4e01\u771f|Leaf Storm|p1b: Ursaluna\n|-activate|p1b: Ursaluna|move: Protect\n|move|p2b: \u9e2d\u6837\u4e01\u771f|Ice Beam|p1a: Mimikyu\n|-activate|p1a: Mimikyu|ability: Disguise\n|-damage|p1a: Mimikyu|100\/100\n|detailschange|p1a: Mimikyu|Mimikyu-Busted, L50, F\n|-damage|p1a: Mimikyu|88\/100|[from] pokemon: Mimikyu-Busted\n|move|p1a: Mimikyu|Taunt|p2b: \u9e2d\u6837\u4e01\u771f\n|-start|p2b: \u9e2d\u6837\u4e01\u771f|move: Taunt\n|\n|-damage|p1b: Ursaluna|14\/100 brn|[from] brn\n|upkeep\n|turn|5\n|inactive|rainha789 has 30 seconds left.\n|\n|t:|1732157060\n|move|p2a: \u4f9d\u5f71\u4e01\u771f|Spore|p1a: Mimikyu\n|-status|p1a: Mimikyu|slp|[from] move: Spore\n|-enditem|p1a: Mimikyu|Lum Berry|[eat]\n|-curestatus|p1a: Mimikyu|slp|[msg]\n|move|p1b: Ursaluna|Facade|p2b: \u9e2d\u6837\u4e01\u771f\n|-damage|p2b: \u9e2d\u6837\u4e01\u771f|4\/100\n|move|p2b: \u9e2d\u6837\u4e01\u771f|Ice Beam|p1b: Ursaluna\n|-damage|p1b: Ursaluna|0 fnt\n|faint|p1b: Ursaluna\n|move|p1a: Mimikyu|Taunt|p2a: \u4f9d\u5f71\u4e01\u771f\n|-start|p2a: \u4f9d\u5f71\u4e01\u771f|move: Taunt\n|-enditem|p2a: \u4f9d\u5f71\u4e01\u771f|Mental Herb\n|-end|p2a: \u4f9d\u5f71\u4e01\u771f|move: Taunt\n|\n|-fieldend|move: Trick Room\n|upkeep\n|\n|t:|1732157076\n|switch|p1b: Armarouge|Armarouge, L50, F|83\/100\n|turn|6\n|-message|bluestraggler02 forfeited.\n|\n|win|rainha789\n|raw|rainha789's rating: 1685 &rarr; <strong>1705<\/strong><br \/>(+20 for winning)\n|raw|bluestraggler02's rating: 1687 &rarr; <strong>1667<\/strong><br \/>(-20 for losing)\n|l|\u2606bluestraggler02\n|player|p2|\n|l|\u2606rainha789\n|player|p1|\n","uploadtime":1732157227,"views":16,"formatid":"gen9vgc2024regh","rating":1667,"private":0,"password":null}