{"id":"gen9vgc2024regh-2248595650","format":"[Gen 9] VGC 2024 Reg H","players":["VGCLTH Sir Aaron","Hax reliant 5"],"log":"|raw|<div class=\"broadcast-blue\"><strong>This battle is required to be public due to a player having a name starting with 'vgclth'.<\/div>\n|j|\u2606VGCLTH Sir Aaron\n|j|\u2606Hax reliant 5\n|t:|1732230371\n|gametype|doubles\n|player|p1|VGCLTH Sir Aaron|red-masters3|1689\n|player|p2|Hax reliant 5|169|1738\n|teamsize|p1|6\n|teamsize|p2|6\n|gen|9\n|tier|[Gen 9] VGC 2024 Reg H\n|rated|\n|rule|Species Clause: Limit one of each Pok\u00e9mon\n|rule|Item Clause: Limit 1 of each item\n|clearpoke\n|poke|p1|Azumarill, L50, F|\n|poke|p1|Archaludon, L50, F|\n|poke|p1|Arcanine, L50, M|\n|poke|p1|Electabuzz, L50, F|\n|poke|p1|Rillaboom, L50, F|\n|poke|p1|Dragonite, L50, M|\n|poke|p2|Sableye, L50, F|\n|poke|p2|Sinistcha-Masterpiece, L50|\n|poke|p2|Archaludon, L50, F|\n|poke|p2|Whimsicott, L50, M|\n|poke|p2|Pelipper, L50, M|\n|poke|p2|Annihilape, L50, M|\n|teampreview|4\n|inactive|Battle timer is ON: inactive players will automatically lose when time's up. (requested by VGCLTH Sir Aaron)\n|j| plplk\n|inactive|VGCLTH Sir Aaron has 60 seconds left.\n|\n|t:|1732230437\n|start\n|switch|p1a: Azumarill|Azumarill, L50, F|100\/100\n|switch|p1b: Electabuzz|Electabuzz, L50, F|100\/100\n|switch|p2a: Whimsicott|Whimsicott, L50, M|100\/100\n|switch|p2b: Annihilape|Annihilape, L50, M|100\/100\n|turn|1\n|\n|t:|1732230454\n|switch|p2b: Archaludon|Archaludon, L50, F|100\/100\n|move|p1b: Electabuzz|Protect|p1b: Electabuzz\n|-singleturn|p1b: Electabuzz|Protect\n|move|p1a: Azumarill|Protect|p1a: Azumarill\n|-singleturn|p1a: Azumarill|Protect\n|move|p2a: Whimsicott|Taunt|p1b: Electabuzz\n|-activate|p1b: Electabuzz|move: Protect\n|\n|upkeep\n|turn|2\n|inactive|VGCLTH Sir Aaron has 30 seconds left.\n|inactive|VGCLTH Sir Aaron has 20 seconds left.\n|inactive|VGCLTH Sir Aaron has 15 seconds left.\n|\n|t:|1732230496\n|move|p1b: Electabuzz|Follow Me|p1b: Electabuzz\n|-singleturn|p1b: Electabuzz|move: Follow Me\n|move|p2a: Whimsicott|Taunt|p1b: Electabuzz\n|-start|p1b: Electabuzz|move: Taunt\n|move|p2b: Archaludon|Body Press|p1b: Electabuzz\n|-damage|p1b: Electabuzz|81\/100\n|move|p1a: Azumarill|Belly Drum|p1a: Azumarill\n|-damage|p1a: Azumarill|51\/100\n|-setboost|p1a: Azumarill|atk|6|[from] move: Belly Drum\n|\n|upkeep\n|turn|3\n|inactive|VGCLTH Sir Aaron has 30 seconds left.\n|inactive|VGCLTH Sir Aaron has 20 seconds left.\n|inactive|VGCLTH Sir Aaron has 15 seconds left.\n|\n|t:|1732230537\n|switch|p2b: Annihilape|Annihilape, L50, M|100\/100\n|switch|p1b: Dragonite|Dragonite, L50, M|100\/100\n|move|p1a: Azumarill|Protect|p1a: Azumarill\n|-singleturn|p1a: Azumarill|Protect\n|move|p2a: Whimsicott|Encore|p1a: Azumarill\n|-activate|p1a: Azumarill|move: Protect\n|\n|upkeep\n|turn|4\n|\n|t:|1732230559\n|switch|p2b: Archaludon|Archaludon, L50, F|100\/100\n|move|p2a: Whimsicott|Encore|p1a: Azumarill\n|-start|p1a: Azumarill|Encore\n|move|p1a: Azumarill|Protect||[still]\n|-fail|p1a: Azumarill\n|move|p1b: Dragonite|Scale Shot|p2b: Archaludon\n|-damage|p2b: Archaludon|90\/100\n|-ability|p2b: Archaludon|Stamina|boost\n|-boost|p2b: Archaludon|def|1\n|-damage|p2b: Archaludon|82\/100\n|-ability|p2b: Archaludon|Stamina|boost\n|-boost|p2b: Archaludon|def|1\n|-damage|p2b: Archaludon|76\/100\n|-ability|p2b: Archaludon|Stamina|boost\n|-boost|p2b: Archaludon|def|1\n|-damage|p2b: Archaludon|72\/100\n|-ability|p2b: Archaludon|Stamina|boost\n|-boost|p2b: Archaludon|def|1\n|-hitcount|p2b: Archaludon|4\n|-unboost|p1b: Dragonite|def|1\n|-boost|p1b: Dragonite|spe|1\n|\n|upkeep\n|turn|5\n|\n|t:|1732230584\n|move|p1a: Azumarill|Protect|p1a: Azumarill\n|-singleturn|p1a: Azumarill|Protect\n|move|p1b: Dragonite|Extreme Speed|p2a: Whimsicott\n|-damage|p2a: Whimsicott|60\/100\n|move|p2a: Whimsicott|Taunt|p1b: Dragonite\n|-start|p1b: Dragonite|move: Taunt\n|move|p2b: Archaludon|Body Press|p1a: Azumarill\n|-activate|p1a: Azumarill|move: Protect\n|\n|upkeep\n|turn|6\n|\n|t:|1732230601\n|switch|p1b: Electabuzz|Electabuzz, L50, F|81\/100\n|move|p1a: Azumarill|Protect||[still]\n|-fail|p1a: Azumarill\n|move|p2a: Whimsicott|Taunt|p1b: Electabuzz\n|-start|p1b: Electabuzz|move: Taunt\n|move|p2b: Archaludon|Flash Cannon|p1a: Azumarill\n|-damage|p1a: Azumarill|13\/100\n|-unboost|p1a: Azumarill|spd|1\n|-enditem|p1a: Azumarill|Sitrus Berry|[eat]\n|-heal|p1a: Azumarill|38\/100|[from] item: Sitrus Berry\n|\n|-end|p1a: Azumarill|Encore\n|upkeep\n|turn|7\n|inactive|VGCLTH Sir Aaron has 30 seconds left.\n|\n|t:|1732230626\n|move|p1a: Azumarill|Protect|p1a: Azumarill\n|-singleturn|p1a: Azumarill|Protect\n|move|p2a: Whimsicott|Encore|p1a: Azumarill\n|-activate|p1a: Azumarill|move: Protect\n|move|p2b: Archaludon|Body Press|p1b: Electabuzz\n|-damage|p1b: Electabuzz|23\/100\n|move|p1b: Electabuzz|Electroweb|p2a: Whimsicott|[spread] p2a,p2b\n|-resisted|p2a: Whimsicott\n|-resisted|p2b: Archaludon\n|-damage|p2a: Whimsicott|51\/100\n|-damage|p2b: Archaludon|67\/100\n|-unboost|p2a: Whimsicott|spe|1\n|-unboost|p2b: Archaludon|spe|1\n|-ability|p2b: Archaludon|Stamina|boost\n|-boost|p2b: Archaludon|def|1\n|\n|upkeep\n|turn|8\n|\n|t:|1732230644\n|move|p2a: Whimsicott|Encore|p1a: Azumarill\n|-start|p1a: Azumarill|Encore\n|move|p1a: Azumarill|Protect||[still]\n|-fail|p1a: Azumarill\n|move|p1b: Electabuzz|Electroweb|p2b: Archaludon|[spread] p2a,p2b\n|-resisted|p2a: Whimsicott\n|-resisted|p2b: Archaludon\n|-damage|p2a: Whimsicott|42\/100\n|-damage|p2b: Archaludon|61\/100\n|-unboost|p2a: Whimsicott|spe|1\n|-unboost|p2b: Archaludon|spe|1\n|-ability|p2b: Archaludon|Stamina|boost\n|-boost|p2b: Archaludon|def|1\n|move|p2b: Archaludon|Flash Cannon|p1a: Azumarill\n|-damage|p1a: Azumarill|0 fnt\n|faint|p1a: Azumarill\n|\n|-end|p1b: Electabuzz|move: Taunt\n|upkeep\n|inactive|VGCLTH Sir Aaron has 30 seconds left.\n|inactive|VGCLTH Sir Aaron has 20 seconds left.\n|\n|t:|1732230683\n|switch|p1a: Archaludon|Archaludon, L50, F|100\/100\n|turn|9\n|c|\u2606Hax reliant 5|so desperate to set up\n|\n|t:|1732230700\n|move|p2a: Whimsicott|Tailwind|p2a: Whimsicott\n|-sidestart|p2: Hax reliant 5|move: Tailwind\n|move|p2b: Archaludon|Body Press|p1a: Archaludon\n|-supereffective|p1a: Archaludon\n|-ability|p1a: Archaludon|Sturdy\n|-damage|p1a: Archaludon|1\/100\n|move|p1a: Archaludon|Electro Shot||[still]\n|-prepare|p1a: Archaludon|Electro Shot\n|-boost|p1a: Archaludon|spa|1\n|-enditem|p1a: Archaludon|Power Herb\n|-anim|p1a: Archaludon|Electro Shot|p2a: Whimsicott\n|-resisted|p2a: Whimsicott\n|-damage|p2a: Whimsicott|0 fnt\n|faint|p2a: Whimsicott\n|move|p1b: Electabuzz|Electroweb|p2b: Archaludon\n|-resisted|p2b: Archaludon\n|-damage|p2b: Archaludon|54\/100\n|-unboost|p2b: Archaludon|spe|1\n|\n|upkeep\n|\n|t:|1732230721\n|switch|p2a: Sinistcha|Sinistcha-Masterpiece, L50|100\/100\n|-heal|p2b: Archaludon|78\/100|[from] ability: Hospitality|[of] p2a: Sinistcha\n|turn|10\n|\n|t:|1732230739\n|move|p1a: Archaludon|Protect|p1a: Archaludon\n|-singleturn|p1a: Archaludon|Protect\n|move|p2a: Sinistcha|Rage Powder|p2a: Sinistcha\n|-singleturn|p2a: Sinistcha|move: Rage Powder\n|move|p1b: Electabuzz|Electroweb|p2b: Archaludon|[spread] p2a,p2b\n|-resisted|p2a: Sinistcha\n|-resisted|p2b: Archaludon\n|-damage|p2a: Sinistcha|95\/100\n|-damage|p2b: Archaludon|73\/100\n|-unboost|p2a: Sinistcha|spe|1\n|-unboost|p2b: Archaludon|spe|1\n|move|p2b: Archaludon|Snarl|p1a: Archaludon|[spread] p1b\n|-activate|p1a: Archaludon|move: Protect\n|-damage|p1b: Electabuzz|15\/100\n|-unboost|p1b: Electabuzz|spa|1\n|\n|upkeep\n|turn|11\n|\n|t:|1732230759\n|move|p1b: Electabuzz|Follow Me|p1b: Electabuzz\n|-singleturn|p1b: Electabuzz|move: Follow Me\n|move|p2a: Sinistcha|Rage Powder|p2a: Sinistcha\n|-singleturn|p2a: Sinistcha|move: Rage Powder\n|move|p1a: Archaludon|Dragon Pulse|p2a: Sinistcha\n|-damage|p2a: Sinistcha|25\/100\n|-enditem|p2a: Sinistcha|Wiki Berry|[eat]\n|-heal|p2a: Sinistcha|58\/100|[from] item: Wiki Berry\n|move|p2b: Archaludon|Snarl|p1a: Archaludon|[spread] p1a,p1b\n|-damage|p1a: Archaludon|0 fnt\n|-damage|p1b: Electabuzz|6\/100\n|-unboost|p1b: Electabuzz|spa|1\n|faint|p1a: Archaludon\n|\n|upkeep\n|c|\u2606Hax reliant 5|you can do it man\n|c|\u2606Hax reliant 5|i belive in you\n|\n|t:|1732230767\n|switch|p1a: Dragonite|Dragonite, L50, M|100\/100\n|turn|12\n|inactive|Hax reliant 5 has 30 seconds left.\n|\n|t:|1732230795\n|move|p1a: Dragonite|Scale Shot|p2a: Sinistcha\n|-damage|p2a: Sinistcha|47\/100\n|-damage|p2a: Sinistcha|34\/100\n|-damage|p2a: Sinistcha|22\/100\n|-damage|p2a: Sinistcha|9\/100\n|-hitcount|p2a: Sinistcha|4\n|-unboost|p1a: Dragonite|def|1\n|-boost|p1a: Dragonite|spe|1\n|move|p1b: Electabuzz|Thunderbolt|p2b: Archaludon\n|-resisted|p2b: Archaludon\n|-damage|p2b: Archaludon|67\/100\n|move|p2b: Archaludon|Body Press|p1b: Electabuzz\n|-damage|p1b: Electabuzz|0 fnt\n|faint|p1b: Electabuzz\n|move|p2a: Sinistcha|Life Dew|p2a: Sinistcha|[spread] p2a,p2b\n|-heal|p2a: Sinistcha|34\/100\n|-heal|p2b: Archaludon|92\/100\n|\n|-sideend|p2: Hax reliant 5|move: Tailwind\n|upkeep\n|turn|13\n|inactive|Hax reliant 5 has 30 seconds left.\n|l| plplk\n|\n|t:|1732230826\n|-terastallize|p2a: Sinistcha|Fairy\n|move|p1a: Dragonite|Scale Shot|p2a: Sinistcha\n|-immune|p2a: Sinistcha\n|move|p2b: Archaludon|Body Press|p1a: Dragonite\n|-resisted|p1a: Dragonite\n|-damage|p1a: Dragonite|64\/100\n|move|p2a: Sinistcha|Shadow Ball|p1a: Dragonite\n|-damage|p1a: Dragonite|29\/100\n|\n|upkeep\n|turn|14\n|j| plplk\n|-message|VGCLTH Sir Aaron forfeited.\n|\n|win|Hax reliant 5\n|raw|VGCLTH Sir Aaron's rating: 1689 &rarr; <strong>1672<\/strong><br \/>(-17 for losing)\n|raw|Hax reliant 5's rating: 1738 &rarr; <strong>1755<\/strong><br \/>(+17 for winning)\n","uploadtime":1732230839,"views":30,"formatid":"gen9vgc2024regh","rating":1672,"private":0,"password":null}