{"id":"gen9vgc2024regh-2248544002","format":"[Gen 9] VGC 2024 Reg H","players":["VGCLTH <1000ELO","zip520520"],"log":"|raw|<div class=\"broadcast-blue\"><strong>This battle is required to be public due to a player having a name starting with 'vgclth'.<\/div>\n|j|\u2606VGCLTH <1000ELO\n|j|\u2606zip520520\n|t:|1732224776\n|gametype|doubles\n|player|p1|VGCLTH <1000ELO|170|1769\n|player|p2|zip520520|170|1795\n|teamsize|p1|6\n|teamsize|p2|6\n|gen|9\n|tier|[Gen 9] VGC 2024 Reg H\n|rated|\n|rule|Species Clause: Limit one of each Pok\u00e9mon\n|rule|Item Clause: Limit 1 of each item\n|clearpoke\n|poke|p1|Dondozo, L50, M|\n|poke|p1|Tatsugiri, L50, F|\n|poke|p1|Dragonite, L50, M|\n|poke|p1|Gholdengo, L50|\n|poke|p1|Glimmora, L50, F|\n|poke|p1|Talonflame, L50, M|\n|poke|p2|Gholdengo, L50|\n|poke|p2|Garchomp, L50, F|\n|poke|p2|Glimmora, L50, M|\n|poke|p2|Tyranitar, L50, F|\n|poke|p2|Primarina, L50, M|\n|poke|p2|Sinistcha, L50|\n|teampreview|4\n|inactive|Battle timer is ON: inactive players will automatically lose when time's up. (requested by VGCLTH <1000ELO)\n|inactive|zip520520 also wants the timer to be on.\n|j| kyo9t\n|j| ChilledLotusA\n|inactive|VGCLTH <1000ELO has 60 seconds left.\n|inactive|zip520520 has 60 seconds left.\n|l| ChilledLotusA\n|inactive|VGCLTH <1000ELO has 30 seconds left.\n|\n|t:|1732224839\n|start\n|switch|p1a: Gholdengo|Gholdengo, L50|100\/100\n|switch|p1b: Dondozo|Dondozo, L50, M|100\/100\n|switch|p2a: Gholdengo|Gholdengo, L50|100\/100\n|switch|p2b: Glimmora|Glimmora, L50, M|100\/100\n|turn|1\n|j| ChilledLotusA\n|inactive|zip520520 has 30 seconds left.\n|\n|t:|1732224870\n|switch|p1a: Tatsugiri|Tatsugiri, L50, F|100\/100\n|-activate|p1a: Tatsugiri|ability: Commander|[of] p1b: Dondozo\n|-boost|p1b: Dondozo|atk|2\n|-boost|p1b: Dondozo|spa|2\n|-boost|p1b: Dondozo|spe|2\n|-boost|p1b: Dondozo|def|2\n|-boost|p1b: Dondozo|spd|2\n|move|p2a: Gholdengo|Shadow Ball|p1a: Tatsugiri|[miss]\n|-miss|p2a: Gholdengo|p1a: Tatsugiri\n|move|p1b: Dondozo|Earthquake|p2b: Glimmora|[spread] p2a,p2b\n|-miss|p1b: Dondozo|p1a: Tatsugiri\n|-supereffective|p2a: Gholdengo\n|-supereffective|p2b: Glimmora\n|-damage|p2a: Gholdengo|0 fnt\n|-enditem|p2b: Glimmora|Focus Sash\n|-damage|p2b: Glimmora|1\/100\n|-activate|p2b: Glimmora|ability: Toxic Debris\n|-sidestart|p1: VGCLTH <1000ELO|move: Toxic Spikes\n|faint|p2a: Gholdengo\n|move|p2b: Glimmora|Toxic|p1b: Dondozo\n|-status|p1b: Dondozo|tox\n|\n|-damage|p1b: Dondozo|94\/100 tox|[from] psn\n|upkeep\n|\n|t:|1732224893\n|switch|p2a: Sinistcha|Sinistcha, L50|100\/100\n|-heal|p2b: Glimmora|26\/100|[from] ability: Hospitality|[of] p2a: Sinistcha\n|turn|2\n|inactive|VGCLTH <1000ELO has 30 seconds left.\n|inactive|VGCLTH <1000ELO has 20 seconds left.\n|inactive|VGCLTH <1000ELO has 15 seconds left.\n|l| ChilledLotusA\n|inactive|VGCLTH <1000ELO has 10 seconds left.\n|\n|t:|1732224942\n|switch|p2b: Primarina|Primarina, L50, M|100\/100\n|move|p1b: Dondozo|Order Up|p2a: Sinistcha\n|-damage|p2a: Sinistcha|50\/100\n|-enditem|p2a: Sinistcha|Sitrus Berry|[eat]\n|-heal|p2a: Sinistcha|75\/100|[from] item: Sitrus Berry\n|-boost|p1b: Dondozo|atk|1\n|move|p2a: Sinistcha|Trick Room|p2a: Sinistcha\n|-fieldstart|move: Trick Room|[of] p2a: Sinistcha\n|\n|-heal|p1b: Dondozo|100\/100 tox|[from] item: Leftovers\n|-damage|p1b: Dondozo|88\/100 tox|[from] psn\n|upkeep\n|turn|3\n|inactive|VGCLTH <1000ELO has 30 seconds left.\n|\n|t:|1732224969\n|-terastallize|p1b: Dondozo|Grass\n|move|p2a: Sinistcha|Matcha Gotcha|p1a: Tatsugiri|[spread] p1b\n|-miss|p2a: Sinistcha|p1a: Tatsugiri\n|-resisted|p1b: Dondozo\n|-damage|p1b: Dondozo|82\/100 tox\n|-heal|p2a: Sinistcha|79\/100|[from] drain|[of] p1b: Dondozo\n|move|p2b: Primarina|Haze|p2b: Primarina\n|-clearallboost\n|move|p1b: Dondozo|Earthquake|p2b: Primarina|[spread] p2a,p2b\n|-miss|p1b: Dondozo|p1a: Tatsugiri\n|-resisted|p2a: Sinistcha\n|-crit|p2b: Primarina\n|-damage|p2a: Sinistcha|69\/100\n|-damage|p2b: Primarina|56\/100\n|\n|-heal|p1b: Dondozo|88\/100 tox|[from] item: Leftovers\n|-damage|p1b: Dondozo|69\/100 tox|[from] psn\n|upkeep\n|turn|4\n|\n|t:|1732224993\n|move|p2a: Sinistcha|Life Dew|p2a: Sinistcha|[spread] p2a,p2b\n|-heal|p2a: Sinistcha|94\/100\n|-heal|p2b: Primarina|81\/100\n|move|p2b: Primarina|Moonblast|p1b: Dondozo\n|-damage|p1b: Dondozo|0 fnt\n|faint|p1b: Dondozo\n|-damage|p2b: Primarina|71\/100|[from] item: Life Orb\n|\n|upkeep\n|\n|t:|1732224996\n|switch|p1b: Gholdengo|Gholdengo, L50|100\/100\n|turn|5\n|\n|t:|1732225019\n|move|p1a: Tatsugiri|Protect|p1a: Tatsugiri\n|-singleturn|p1a: Tatsugiri|Protect\n|move|p2a: Sinistcha|Matcha Gotcha|p1a: Tatsugiri|[spread] p1b\n|-activate|p1a: Tatsugiri|move: Protect\n|-resisted|p1b: Gholdengo\n|-damage|p1b: Gholdengo|88\/100\n|-heal|p2a: Sinistcha|100\/100|[from] drain|[of] p1b: Gholdengo\n|move|p2b: Primarina|Hyper Voice|p1b: Gholdengo|[spread] p1b\n|-activate|p1a: Tatsugiri|move: Protect\n|-damage|p1b: Gholdengo|24\/100\n|-damage|p2b: Primarina|62\/100|[from] item: Life Orb\n|move|p1b: Gholdengo|Make It Rain|p2a: Sinistcha|[spread] p2a,p2b\n|-damage|p2a: Sinistcha|33\/100\n|-damage|p2b: Primarina|0 fnt\n|-unboost|p1b: Gholdengo|spa|1\n|faint|p2b: Primarina\n|\n|upkeep\n|\n|t:|1732225043\n|switch|p2b: Glimmora|Glimmora, L50, M|26\/100\n|turn|6\n|\n|t:|1732225059\n|move|p2b: Glimmora|Spiky Shield|p2b: Glimmora\n|-singleturn|p2b: Glimmora|move: Protect\n|move|p2a: Sinistcha|Matcha Gotcha|p1a: Tatsugiri|[spread] p1b\n|-miss|p2a: Sinistcha|p1a: Tatsugiri\n|-resisted|p1b: Gholdengo\n|-damage|p1b: Gholdengo|11\/100\n|-heal|p2a: Sinistcha|39\/100|[from] drain|[of] p1b: Gholdengo\n|-status|p1b: Gholdengo|brn\n|move|p1b: Gholdengo|Make It Rain|p2b: Glimmora|[spread] p2a\n|-activate|p2b: Glimmora|move: Protect\n|-damage|p2a: Sinistcha|0 fnt\n|-unboost|p1b: Gholdengo|spa|1\n|faint|p2a: Sinistcha\n|move|p1a: Tatsugiri|Dragon Pulse|p2b: Glimmora\n|-activate|p2b: Glimmora|move: Protect\n|\n|-damage|p1b: Gholdengo|5\/100 brn|[from] brn\n|-fieldend|move: Trick Room\n|upkeep\n|turn|7\n|inactive|zip520520 has 30 seconds left.\n|inactive|zip520520 has 20 seconds left.\n|inactive|zip520520 has 15 seconds left.\n|inactive|zip520520 has 10 seconds left.\n|inactive|zip520520 has 5 seconds left.\n|\n|t:|1732225114\n|move|p2b: Glimmora|Sludge Bomb|p1a: Tatsugiri\n|-damage|p1a: Tatsugiri|35\/100\n|-status|p1a: Tatsugiri|psn\n|move|p1a: Tatsugiri|Dragon Pulse|p2b: Glimmora\n|-damage|p2b: Glimmora|0 fnt\n|faint|p2b: Glimmora\n|\n|win|VGCLTH <1000ELO\n|raw|VGCLTH &lt;1000ELO's rating: 1769 &rarr; <strong>1790<\/strong><br \/>(+21 for winning)\n|raw|zip520520's rating: 1795 &rarr; <strong>1774<\/strong><br \/>(-21 for losing)\n|l|\u2606VGCLTH <1000ELO\n|player|p1|\n|l| kyo9t\n","uploadtime":1732225256,"views":13,"formatid":"gen9vgc2024regh","rating":1774,"private":0,"password":null}