{"id":"gen9vgc2024regh-2248457011","format":"[Gen 9] VGC 2024 Reg H","players":["Le Difu","VGCLTH <1000ELO"],"log":"|raw|<div class=\"broadcast-blue\"><strong>This battle is required to be public due to a player having a name starting with 'vgclth'.<\/div>\n|j|\u2606Le Difu\n|j|\u2606VGCLTH <1000ELO\n|t:|1732216269\n|gametype|doubles\n|player|p1|Le Difu|gambler|1762\n|player|p2|VGCLTH <1000ELO|1|1810\n|teamsize|p1|6\n|teamsize|p2|6\n|gen|9\n|tier|[Gen 9] VGC 2024 Reg H\n|rated|\n|rule|Species Clause: Limit one of each Pok\u00e9mon\n|rule|Item Clause: Limit 1 of each item\n|clearpoke\n|poke|p1|Tyranitar, L50, M|\n|poke|p1|Garchomp, L50, F|\n|poke|p1|Talonflame, L50, M|\n|poke|p1|Arcanine-Hisui, L50, F|\n|poke|p1|Gholdengo, L50|\n|poke|p1|Sinistcha-Masterpiece, L50|\n|poke|p2|Dondozo, L50, M|\n|poke|p2|Tatsugiri, L50, F|\n|poke|p2|Dragonite, L50, M|\n|poke|p2|Gholdengo, L50|\n|poke|p2|Glimmora, L50, F|\n|poke|p2|Talonflame, L50, F|\n|teampreview|4\n|inactive|Battle timer is ON: inactive players will automatically lose when time's up. (requested by VGCLTH <1000ELO)\n|\n|t:|1732216282\n|start\n|switch|p1a: Talonflame|Talonflame, L50, M|100\/100\n|switch|p1b: Gholdengo|Gholdengo, L50|100\/100\n|switch|p2a: Dragonite|Dragonite, L50, M|100\/100\n|switch|p2b: Glimmora|Glimmora, L50, F|100\/100\n|turn|1\n|\n|t:|1732216291\n|-terastallize|p1b: Gholdengo|Steel\n|-terastallize|p2b: Glimmora|Grass\n|move|p1a: Talonflame|Tailwind|p1a: Talonflame\n|-sidestart|p1: Le Difu|move: Tailwind\n|move|p1b: Gholdengo|Make It Rain|p2a: Dragonite|[spread] p2a,p2b\n|-damage|p2a: Dragonite|58\/100\n|-damage|p2b: Glimmora|35\/100\n|-unboost|p1b: Gholdengo|spa|1\n|move|p2b: Glimmora|Power Gem|p1a: Talonflame\n|-supereffective|p1a: Talonflame\n|-damage|p1a: Talonflame|0 fnt\n|faint|p1a: Talonflame\n|move|p2a: Dragonite|Earthquake|p1b: Gholdengo|[spread] p2b,p1b\n|-resisted|p2b: Glimmora\n|-supereffective|p1b: Gholdengo\n|-damage|p2b: Glimmora|17\/100\n|-damage|p1b: Gholdengo|4\/100\n|-activate|p2b: Glimmora|ability: Toxic Debris\n|-sidestart|p1: Le Difu|move: Toxic Spikes\n|\n|upkeep\n|\n|t:|1732216303\n|switch|p1a: Sinistcha|Sinistcha-Masterpiece, L50|100\/100\n|-status|p1a: Sinistcha|psn\n|-heal|p1b: Gholdengo|29\/100|[from] ability: Hospitality|[of] p1a: Sinistcha\n|turn|2\n|\n|t:|1732216314\n|switch|p1a: Tyranitar|Tyranitar, L50, M|100\/100\n|-status|p1a: Tyranitar|psn\n|-weather|Sandstorm|[from] ability: Sand Stream|[of] p1a: Tyranitar\n|switch|p2b: Dondozo|Dondozo, L50, M|100\/100\n|switch|p2a: Tatsugiri|Tatsugiri, L50, F|100\/100\n|-activate|p2a: Tatsugiri|ability: Commander|[of] p2b: Dondozo\n|-boost|p2b: Dondozo|atk|2\n|-boost|p2b: Dondozo|spa|2\n|-boost|p2b: Dondozo|spe|2\n|-boost|p2b: Dondozo|def|2\n|-boost|p2b: Dondozo|spd|2\n|move|p1b: Gholdengo|Make It Rain|p2b: Dondozo|[spread] p2b\n|-miss|p1b: Gholdengo|p2a: Tatsugiri\n|-resisted|p2b: Dondozo\n|-crit|p2b: Dondozo\n|-damage|p2b: Dondozo|27\/100\n|-unboost|p1b: Gholdengo|spa|1\n|\n|-weather|Sandstorm|[upkeep]\n|-damage|p2b: Dondozo|20\/100|[from] Sandstorm\n|-damage|p2a: Tatsugiri|94\/100|[from] Sandstorm\n|-heal|p2b: Dondozo|27\/100|[from] item: Leftovers\n|-damage|p1a: Tyranitar|88\/100 psn|[from] psn\n|upkeep\n|turn|3\n|j| kyo9t\n|\n|t:|1732216325\n|move|p2b: Dondozo|Protect|p2b: Dondozo\n|-singleturn|p2b: Dondozo|Protect\n|move|p1b: Gholdengo|Make It Rain|p2a: Tatsugiri|[spread] \n|-miss|p1b: Gholdengo|p2a: Tatsugiri\n|-activate|p2b: Dondozo|move: Protect\n|move|p1a: Tyranitar|Knock Off|p2b: Dondozo\n|-activate|p2b: Dondozo|move: Protect\n|\n|-weather|Sandstorm|[upkeep]\n|-damage|p2b: Dondozo|20\/100|[from] Sandstorm\n|-damage|p2a: Tatsugiri|88\/100|[from] Sandstorm\n|-heal|p2b: Dondozo|27\/100|[from] item: Leftovers\n|-damage|p1a: Tyranitar|76\/100 psn|[from] psn\n|upkeep\n|turn|4\n|\n|t:|1732216330\n|move|p1b: Gholdengo|Make It Rain|p2a: Tatsugiri|[spread] p2b\n|-miss|p1b: Gholdengo|p2a: Tatsugiri\n|-resisted|p2b: Dondozo\n|-damage|p2b: Dondozo|0 fnt\n|-unboost|p1b: Gholdengo|spa|1\n|faint|p2b: Dondozo\n|move|p1a: Tyranitar|Knock Off|p2a: Tatsugiri\n|-damage|p2a: Tatsugiri|0 fnt\n|-enditem|p2a: Tatsugiri|Focus Sash|[from] move: Knock Off|[of] p1a: Tyranitar\n|faint|p2a: Tatsugiri\n|\n|-weather|Sandstorm|[upkeep]\n|-damage|p1a: Tyranitar|64\/100 psn|[from] psn\n|-sideend|p1: Le Difu|move: Tailwind\n|upkeep\n|\n|t:|1732216332\n|switch|p2a: Glimmora|Glimmora, L50, F, tera:Grass|17\/100\n|switch|p2b: Dragonite|Dragonite, L50, M|58\/100\n|turn|5\n|\n|t:|1732216343\n|switch|p1b: Sinistcha|Sinistcha-Masterpiece, L50|100\/100 psn\n|-heal|p1a: Tyranitar|88\/100 psn|[from] ability: Hospitality|[of] p1b: Sinistcha\n|move|p2b: Dragonite|Extreme Speed|p1b: Sinistcha\n|-immune|p1b: Sinistcha\n|move|p2a: Glimmora|Earth Power|p1a: Tyranitar\n|-supereffective|p1a: Tyranitar\n|-damage|p1a: Tyranitar|69\/100 psn\n|move|p1a: Tyranitar|Rock Slide|p2a: Glimmora|[spread] p2a,p2b\n|-supereffective|p2b: Dragonite\n|-damage|p2a: Glimmora|0 fnt\n|-damage|p2b: Dragonite|5\/100\n|-activate|p2a: Glimmora|ability: Toxic Debris\n|-sidestart|p1: Le Difu|move: Toxic Spikes\n|faint|p2a: Glimmora\n|\n|-weather|Sandstorm|[upkeep]\n|-damage|p2b: Dragonite|0 fnt|[from] Sandstorm\n|-damage|p1b: Sinistcha|94\/100 psn|[from] Sandstorm\n|faint|p2b: Dragonite\n|\n|win|Le Difu\n|upkeep\n|raw|Le Difu's rating: 1762 &rarr; <strong>1785<\/strong><br \/>(+23 for winning)\n|raw|VGCLTH &lt;1000ELO's rating: 1810 &rarr; <strong>1787<\/strong><br \/>(-23 for losing)\n|l|\u2606VGCLTH <1000ELO\n|player|p2|\n|l|\u2606Le Difu\n|player|p1|\n|l| kyo9t\n","uploadtime":1732216563,"views":23,"formatid":"gen9vgc2024regh","rating":1785,"private":0,"password":null}