{"id":"gen9vgc2024regh-2248679579","format":"[Gen 9] VGC 2024 Reg H","players":["zip520520","onworkhan92"],"log":"|j|\u2606zip520520\n|j|\u2606onworkhan92\n|t:|1732240781\n|gametype|doubles\n|player|p1|zip520520|170|1696\n|player|p2|onworkhan92|266|1642\n|teamsize|p1|6\n|teamsize|p2|6\n|gen|9\n|tier|[Gen 9] VGC 2024 Reg H\n|rated|\n|rule|Species Clause: Limit one of each Pok\u00e9mon\n|rule|Item Clause: Limit 1 of each item\n|clearpoke\n|poke|p1|Electabuzz, L50, F|\n|poke|p1|Dragonite, L50, F|\n|poke|p1|Kingambit, L50, F|\n|poke|p1|Incineroar, L50, F|\n|poke|p1|Ursaluna-Bloodmoon, L50, M|\n|poke|p1|Farigiraf, L50, F|\n|poke|p2|Gholdengo, L50|\n|poke|p2|Ursaluna-Bloodmoon, L50, M|\n|poke|p2|Dragonite, L50, M|\n|poke|p2|Sneasler, L50, M|\n|poke|p2|Rillaboom, L50, M|\n|poke|p2|Incineroar, L50, F|\n|teampreview|4\n|inactive|Battle timer is ON: inactive players will automatically lose when time's up. (requested by zip520520)\n|j| kyo9t\n|inactive|zip520520 has 60 seconds left.\n|inactive|onworkhan92 has 60 seconds left.\n|\n|t:|1732240839\n|start\n|switch|p1a: Kingambit|Kingambit, L50, F|100\/100\n|switch|p1b: Incineroar|Incineroar, L50, F|100\/100\n|switch|p2a: Ursaluna|Ursaluna-Bloodmoon, L50, M|100\/100\n|switch|p2b: Incineroar|Incineroar, L50, F|100\/100\n|-ability|p1b: Incineroar|Intimidate|boost\n|-unboost|p2a: Ursaluna|atk|1\n|-unboost|p2b: Incineroar|atk|1\n|-ability|p2b: Incineroar|Intimidate|boost\n|-unboost|p1a: Kingambit|atk|1\n|-ability|p1a: Kingambit|Defiant|boost\n|-boost|p1a: Kingambit|atk|2\n|-unboost|p1b: Incineroar|atk|1\n|turn|1\n|j| bozobeach\n|inactive|zip520520 has 30 seconds left.\n|\n|t:|1732240867\n|move|p1a: Kingambit|Protect|p1a: Kingambit\n|-singleturn|p1a: Kingambit|Protect\n|move|p2b: Incineroar|Fake Out|p1a: Kingambit\n|-activate|p1a: Kingambit|move: Protect\n|move|p1b: Incineroar|Parting Shot|p2a: Ursaluna\n|-unboost|p2a: Ursaluna|atk|1\n|-unboost|p2a: Ursaluna|spa|1\n|\n|t:|1732240880\n|switch|p1b: Electabuzz|Electabuzz, L50, F|100\/100|[from] Parting Shot\n|move|p2a: Ursaluna|Yawn|p1a: Kingambit\n|-activate|p1a: Kingambit|move: Protect\n|\n|upkeep\n|turn|2\n|\n|t:|1732240899\n|move|p1b: Electabuzz|Follow Me|p1b: Electabuzz\n|-singleturn|p1b: Electabuzz|move: Follow Me\n|move|p1a: Kingambit|Swords Dance|p1a: Kingambit\n|-boost|p1a: Kingambit|atk|2\n|move|p2a: Ursaluna|Earth Power|p1b: Electabuzz\n|-supereffective|p1b: Electabuzz\n|-damage|p1b: Electabuzz|47\/100\n|-unboost|p1b: Electabuzz|spd|1\n|move|p2b: Incineroar|Knock Off|p1b: Electabuzz\n|-damage|p1b: Electabuzz|27\/100\n|-enditem|p1b: Electabuzz|Eviolite|[from] move: Knock Off|[of] p2b: Incineroar\n|\n|upkeep\n|turn|3\n|\n|t:|1732240924\n|move|p1b: Electabuzz|Protect|p1b: Electabuzz\n|-singleturn|p1b: Electabuzz|Protect\n|move|p1a: Kingambit|Protect|p1a: Kingambit\n|-singleturn|p1a: Kingambit|Protect\n|move|p2a: Ursaluna|Earth Power|p1a: Kingambit\n|-activate|p1a: Kingambit|move: Protect\n|move|p2b: Incineroar|Flare Blitz|p1a: Kingambit\n|-activate|p1a: Kingambit|move: Protect\n|\n|upkeep\n|turn|4\n|\n|t:|1732240939\n|move|p2a: Ursaluna|Protect|p2a: Ursaluna\n|-singleturn|p2a: Ursaluna|Protect\n|move|p1b: Electabuzz|Follow Me|p1b: Electabuzz\n|-singleturn|p1b: Electabuzz|move: Follow Me\n|move|p1a: Kingambit|Kowtow Cleave|p2a: Ursaluna\n|-activate|p2a: Ursaluna|move: Protect\n|move|p2b: Incineroar|Flare Blitz|p1b: Electabuzz\n|-damage|p1b: Electabuzz|0 fnt\n|faint|p1b: Electabuzz\n|-damage|p2b: Incineroar|93\/100|[from] Recoil\n|\n|upkeep\n|\n|t:|1732240954\n|switch|p1b: Incineroar|Incineroar, L50, F|100\/100\n|-ability|p1b: Incineroar|Intimidate|boost\n|-unboost|p2a: Ursaluna|atk|1\n|-unboost|p2b: Incineroar|atk|1\n|turn|5\n|\n|t:|1732240965\n|switch|p2b: Sneasler|Sneasler, L50, M|100\/100\n|move|p1a: Kingambit|Kowtow Cleave|p2a: Ursaluna\n|-damage|p2a: Ursaluna|7\/100\n|move|p1b: Incineroar|Parting Shot|p2b: Sneasler\n|-unboost|p2b: Sneasler|atk|1\n|-unboost|p2b: Sneasler|spa|1\n|\n|t:|1732240974\n|switch|p1b: Farigiraf|Farigiraf, L50, F|100\/100|[from] Parting Shot\n|move|p2a: Ursaluna|Yawn|p1a: Kingambit\n|-start|p1a: Kingambit|move: Yawn|[of] p2a: Ursaluna\n|\n|-heal|p2a: Ursaluna|13\/100|[from] item: Leftovers\n|upkeep\n|turn|6\n|inactive|zip520520 has 30 seconds left.\n|inactive|onworkhan92 has 30 seconds left.\n|\n|t:|1732241007\n|switch|p2a: Gholdengo|Gholdengo, L50|100\/100\n|move|p1a: Kingambit|Sucker Punch|p2b: Sneasler\n|-resisted|p2b: Sneasler\n|-damage|p2b: Sneasler|10\/100\n|move|p2b: Sneasler|Close Combat|p1a: Kingambit\n|-supereffective|p1a: Kingambit\n|-enditem|p1a: Kingambit|Focus Sash\n|-damage|p1a: Kingambit|1\/100\n|-unboost|p2b: Sneasler|def|1\n|-unboost|p2b: Sneasler|spd|1\n|move|p1b: Farigiraf|Hyper Voice|p2b: Sneasler|[spread] p2b\n|-immune|p2a: Gholdengo\n|-damage|p2b: Sneasler|0 fnt\n|faint|p2b: Sneasler\n|\n|-end|p1a: Kingambit|move: Yawn|[silent]\n|-status|p1a: Kingambit|slp\n|upkeep\n|inactive|onworkhan92 has 30 seconds left.\n|\n|t:|1732241036\n|switch|p2b: Ursaluna|Ursaluna-Bloodmoon, L50, M|13\/100\n|turn|7\n|\n|t:|1732241057\n|switch|p1a: Incineroar|Incineroar, L50, F|100\/100\n|-ability|p1a: Incineroar|Intimidate|boost\n|-unboost|p2a: Gholdengo|atk|1\n|-unboost|p2b: Ursaluna|atk|1\n|move|p2a: Gholdengo|Make It Rain|p1b: Farigiraf|[spread] p1a,p1b\n|-resisted|p1a: Incineroar\n|-damage|p1a: Incineroar|71\/100\n|-damage|p1b: Farigiraf|43\/100\n|-unboost|p2a: Gholdengo|spa|1\n|-enditem|p1b: Farigiraf|Sitrus Berry|[eat]\n|-heal|p1b: Farigiraf|68\/100|[from] item: Sitrus Berry\n|-damage|p2a: Gholdengo|91\/100|[from] item: Life Orb\n|move|p1b: Farigiraf|Hyper Voice|p2b: Ursaluna|[spread] p2b\n|-immune|p2a: Gholdengo\n|-damage|p2b: Ursaluna|0 fnt\n|faint|p2b: Ursaluna\n|\n|upkeep\n|l| bozobeach\n|\n|t:|1732241073\n|switch|p2b: Incineroar|Incineroar, L50, F|93\/100\n|-ability|p2b: Incineroar|Intimidate|boost\n|-unboost|p1a: Incineroar|atk|1\n|-unboost|p1b: Farigiraf|atk|1\n|turn|8\n|\n|t:|1732241091\n|-terastallize|p2a: Gholdengo|Water\n|move|p2a: Gholdengo|Nasty Plot|p2a: Gholdengo\n|-boost|p2a: Gholdengo|spa|2\n|move|p1a: Incineroar|Knock Off|p2a: Gholdengo\n|-damage|p2a: Gholdengo|45\/100\n|-enditem|p2a: Gholdengo|Life Orb|[from] move: Knock Off|[of] p1a: Incineroar\n|move|p1b: Farigiraf|Nasty Plot|p1b: Farigiraf\n|-boost|p1b: Farigiraf|spa|2\n|move|p2b: Incineroar|Knock Off|p1b: Farigiraf\n|-supereffective|p1b: Farigiraf\n|-crit|p1b: Farigiraf\n|-damage|p1b: Farigiraf|4\/100\n|\n|upkeep\n|turn|9\n|inactive|zip520520 has 30 seconds left.\n|inactive|onworkhan92 has 30 seconds left.\n|\n|t:|1732241123\n|move|p2a: Gholdengo|Make It Rain|p1a: Incineroar|[spread] p1a,p1b\n|-resisted|p1a: Incineroar\n|-damage|p1a: Incineroar|35\/100\n|-damage|p1b: Farigiraf|0 fnt\n|-unboost|p2a: Gholdengo|spa|1\n|faint|p1b: Farigiraf\n|move|p1a: Incineroar|Knock Off|p2a: Gholdengo\n|-damage|p2a: Gholdengo|15\/100\n|move|p2b: Incineroar|Parting Shot|p1a: Incineroar\n|-unboost|p1a: Incineroar|atk|1\n|-unboost|p1a: Incineroar|spa|1\n|\n|upkeep\n|-message|zip520520 forfeited.\n|\n|win|onworkhan92\n|raw|zip520520's rating: 1696 &rarr; <strong>1673<\/strong><br \/>(-23 for losing)\n|raw|onworkhan92's rating: 1642 &rarr; <strong>1665<\/strong><br \/>(+23 for winning)\n|l|\u2606zip520520\n|player|p1|\n","uploadtime":1732241148,"views":13,"formatid":"gen9vgc2024regh","rating":1665,"private":0,"password":null}