{"id":"gen9vgc2024regh-2248036606","format":"[Gen 9] VGC 2024 Reg H","players":["ren122333","VGCLTH Slow"],"log":"|j|\u2606ren122333\n|j|\u2606VGCLTH Slow\n|t:|1732160237\n|gametype|doubles\n|player|p1|ren122333|hilbert|1700\n|player|p2|VGCLTH Slow|skier|1703\n|teamsize|p1|6\n|teamsize|p2|6\n|gen|9\n|tier|[Gen 9] VGC 2024 Reg H\n|rated|\n|rule|Species Clause: Limit one of each Pok\u00e9mon\n|rule|Item Clause: Limit 1 of each item\n|clearpoke\n|poke|p1|Whimsicott, L50, M|\n|poke|p1|Mamoswine, L50, M|\n|poke|p1|Lycanroc-Dusk, L50, F|\n|poke|p1|Typhlosion-Hisui, L50, F|\n|poke|p1|Farigiraf, L50, M|\n|poke|p1|Mienshao, L50, M|\n|poke|p2|Sableye, L50, M|\n|poke|p2|Sylveon, L50, M|\n|poke|p2|Maushold-Four, L50|\n|poke|p2|Volcarona, L50, F|\n|poke|p2|Rillaboom, L50, F|\n|poke|p2|Annihilape, L50, M|\n|teampreview|4\nVGCLTH Slow has agreed to open team sheets.\n|inactive|Battle timer is ON: inactive players will automatically lose when time's up. (requested by ren122333)\n|\n|t:|1732160261\n|start\n|switch|p1a: Whimsicott|Whimsicott, L50, M|100\/100\n|switch|p1b: Lycanroc|Lycanroc-Dusk, L50, F|100\/100\n|switch|p2a: Koko The Gorythmic|Rillaboom, L50, F|100\/100\n|switch|p2b: Harambe In Heaven|Annihilape, L50, M|100\/100\n|-fieldstart|move: Grassy Terrain|[from] ability: Grassy Surge|[of] p2a: Koko The Gorythmic\n|turn|1\n|\n|t:|1732160278\n|switch|p1a: Farigiraf|Farigiraf, L50, M|100\/100\n|-terastallize|p1b: Lycanroc|Fairy\n|move|p2a: Koko The Gorythmic|Grassy Glide||[still]\n|cant|p1a: Farigiraf|ability: Armor Tail|Grassy Glide|[of] p2a: Koko The Gorythmic\n|move|p1b: Lycanroc|Play Rough|p2b: Harambe In Heaven\n|-supereffective|p2b: Harambe In Heaven\n|-damage|p2b: Harambe In Heaven|0 fnt\n|faint|p2b: Harambe In Heaven\n|\n|upkeep\n|\n|t:|1732160284\n|switch|p2b: They\/Them|Maushold-Four, L50, shiny|100\/100\n|turn|2\n|\n|t:|1732160298\n|switch|p1b: Typhlosion|Typhlosion-Hisui, L50, F|100\/100\n|-item|p2a: Koko The Gorythmic|Assault Vest|[from] ability: Frisk|[of] p1b: Typhlosion\n|-item|p2b: They\/Them|Wide Lens|[from] ability: Frisk|[of] p1b: Typhlosion\n|move|p2b: They\/Them|Population Bomb|p1b: Typhlosion\n|-immune|p1b: Typhlosion\n|move|p2a: Koko The Gorythmic|Wood Hammer|p1a: Farigiraf\n|-damage|p1a: Farigiraf|11\/100\n|-damage|p2a: Koko The Gorythmic|67\/100|[from] Recoil\n|move|p1a: Farigiraf|Hyper Voice|p2b: They\/Them|[spread] p2a,p2b\n|-damage|p2a: Koko The Gorythmic|49\/100\n|-damage|p2b: They\/Them|62\/100\n|\n|-heal|p2b: They\/Them|68\/100|[from] Grassy Terrain\n|-heal|p2a: Koko The Gorythmic|55\/100|[from] Grassy Terrain\n|-heal|p1a: Farigiraf|17\/100|[from] Grassy Terrain\n|upkeep\n|turn|3\n|\n|t:|1732160314\n|-terastallize|p2a: Koko The Gorythmic|Fire\n|move|p2b: They\/Them|Protect|p2b: They\/Them\n|-singleturn|p2b: They\/Them|Protect\n|move|p1b: Typhlosion|Eruption|p2b: They\/Them|[spread] p2a\n|-activate|p2b: They\/Them|move: Protect\n|-resisted|p2a: Koko The Gorythmic\n|-damage|p2a: Koko The Gorythmic|33\/100\n|move|p2a: Koko The Gorythmic|High Horsepower|p1b: Typhlosion\n|-supereffective|p1b: Typhlosion\n|-damage|p1b: Typhlosion|3\/100\n|move|p1a: Farigiraf|Hyper Voice|p2b: They\/Them|[spread] p2a\n|-activate|p2b: They\/Them|move: Protect\n|-damage|p2a: Koko The Gorythmic|13\/100\n|\n|-heal|p1b: Typhlosion|9\/100|[from] Grassy Terrain\n|-heal|p2b: They\/Them|74\/100|[from] Grassy Terrain\n|-heal|p2a: Koko The Gorythmic|19\/100|[from] Grassy Terrain\n|-heal|p1a: Farigiraf|23\/100|[from] Grassy Terrain\n|upkeep\n|turn|4\n|\n|t:|1732160325\n|switch|p2a: Snowblind|Sableye, L50, M|100\/100\n|move|p1b: Typhlosion|Eruption|p2a: Snowblind|[spread] p2a,p2b\n|-damage|p2a: Snowblind|94\/100\n|-damage|p2b: They\/Them|65\/100\n|move|p2b: They\/Them|Population Bomb|p1a: Farigiraf\n|-damage|p1a: Farigiraf|15\/100\n|-damage|p1a: Farigiraf|6\/100\n|-damage|p1a: Farigiraf|0 fnt\n|faint|p1a: Farigiraf\n|-hitcount|p1: Farigiraf|3\n|\n|-heal|p1b: Typhlosion|15\/100|[from] Grassy Terrain\n|-heal|p2b: They\/Them|71\/100|[from] Grassy Terrain\n|-heal|p2a: Snowblind|99\/100|[from] Grassy Terrain\n|upkeep\n|\n|t:|1732160335\n|switch|p1a: Whimsicott|Whimsicott, L50, M|100\/100\n|turn|5\n|\n|t:|1732160352\n|switch|p1b: Lycanroc|Lycanroc-Dusk, L50, F, tera:Fairy|100\/100\n|move|p1a: Whimsicott|Moonblast|p2a: Snowblind\n|-supereffective|p2a: Snowblind\n|-damage|p2a: Snowblind|34\/100\n|-enditem|p2a: Snowblind|Sitrus Berry|[eat]\n|-heal|p2a: Snowblind|59\/100|[from] item: Sitrus Berry\n|move|p2b: They\/Them|Population Bomb|p1a: Whimsicott\n|-damage|p1a: Whimsicott|89\/100\n|-damage|p1a: Whimsicott|78\/100\n|-damage|p1a: Whimsicott|67\/100\n|-damage|p1a: Whimsicott|56\/100\n|-damage|p1a: Whimsicott|45\/100\n|-damage|p1a: Whimsicott|34\/100\n|-damage|p1a: Whimsicott|23\/100\n|-damage|p1a: Whimsicott|11\/100\n|-damage|p1a: Whimsicott|0 fnt\n|faint|p1a: Whimsicott\n|-hitcount|p1: Whimsicott|9\n|move|p2a: Snowblind|Foul Play|p1b: Lycanroc\n|-resisted|p1b: Lycanroc\n|-damage|p1b: Lycanroc|62\/100\n|\n|-heal|p1b: Lycanroc|68\/100|[from] Grassy Terrain\n|-heal|p2b: They\/Them|77\/100|[from] Grassy Terrain\n|-heal|p2a: Snowblind|65\/100|[from] Grassy Terrain\n|-fieldend|move: Grassy Terrain\n|upkeep\n|\n|t:|1732160361\n|switch|p1a: Typhlosion|Typhlosion-Hisui, L50, F|15\/100\n|-item|p2b: They\/Them|Wide Lens|[from] ability: Frisk|[of] p1a: Typhlosion\n|turn|6\n|\n|t:|1732160367\n|move|p2a: Snowblind|Protect|p2a: Snowblind\n|-singleturn|p2a: Snowblind|Protect\n|move|p2b: They\/Them|Protect|p2b: They\/Them\n|-singleturn|p2b: They\/Them|Protect\n|move|p1b: Lycanroc|Rock Slide|p2a: Snowblind|[spread] \n|-activate|p2a: Snowblind|move: Protect\n|-activate|p2b: They\/Them|move: Protect\n|move|p1a: Typhlosion|Heat Wave|p2b: They\/Them|[spread] \n|-activate|p2a: Snowblind|move: Protect\n|-activate|p2b: They\/Them|move: Protect\n|\n|upkeep\n|turn|7\n|\n|t:|1732160383\n|move|p2a: Snowblind|Disable|p1a: Typhlosion\n|-start|p1a: Typhlosion|Disable|Heat Wave\n|move|p1b: Lycanroc|Rock Slide|p2a: Snowblind|[spread] p2a,p2b\n|-damage|p2a: Snowblind|29\/100\n|-damage|p2b: They\/Them|26\/100\n|cant|p1a: Typhlosion|Disable|Heat Wave\n|move|p2b: They\/Them|Population Bomb|p1b: Lycanroc\n|-damage|p1b: Lycanroc|56\/100\n|-damage|p1b: Lycanroc|44\/100\n|-damage|p1b: Lycanroc|31\/100\n|-damage|p1b: Lycanroc|18\/100\n|-damage|p1b: Lycanroc|6\/100\n|-damage|p1b: Lycanroc|0 fnt\n|faint|p1b: Lycanroc\n|-hitcount|p1: Lycanroc|6\n|\n|upkeep\n|turn|8\n|j| DittoTang\n|-message|ren122333 forfeited.\n|\n|win|VGCLTH Slow\n|raw|ren122333's rating: 1700 &rarr; <strong>1680<\/strong><br \/>(-20 for losing)\n|raw|VGCLTH Slow's rating: 1703 &rarr; <strong>1723<\/strong><br \/>(+20 for winning)\n|l|\u2606ren122333\n|player|p1|\n|l| DittoTang\n","uploadtime":1732160542,"views":16,"formatid":"gen9vgc2024regh","rating":1680,"private":0,"password":null}