{"id":"gen9vgc2024regh-2248653424","format":"[Gen 9] VGC 2024 Reg H","players":["taku4986726","Simreaper"],"log":"|j|\u203dtaku4986726\n|j|\u2606Simreaper\n|t:|1732237515\n|gametype|doubles\n|player|p1|taku4986726|pokekid|1740\n|player|p2|Simreaper|101|1708\n|teamsize|p1|6\n|teamsize|p2|6\n|gen|9\n|tier|[Gen 9] VGC 2024 Reg H\n|rated|\n|rule|Species Clause: Limit one of each Pok\u00e9mon\n|rule|Item Clause: Limit 1 of each item\n|clearpoke\n|poke|p1|Whimsicott, L50, M|\n|poke|p1|Annihilape, L50, M|\n|poke|p1|Volcarona, L50, F|\n|poke|p1|Ursaluna-Bloodmoon, L50, M|\n|poke|p1|Dragonite, L50, M|\n|poke|p1|Grimmsnarl, L50, M|\n|poke|p2|Annihilape, L50, M|\n|poke|p2|Whimsicott, L50, F|\n|poke|p2|Archaludon, L50, M|\n|poke|p2|Amoonguss, L50, F|\n|poke|p2|Pelipper, L50, M|\n|poke|p2|Ursaluna-Bloodmoon, L50, M|\n|teampreview|4\n|\n|t:|1732237554\n|start\n|switch|p1a: Grimmsnarl|Grimmsnarl, L50, M|100\/100\n|switch|p1b: Ursaluna|Ursaluna-Bloodmoon, L50, M|100\/100\n|switch|p2a: Ursaluna|Ursaluna-Bloodmoon, L50, M|100\/100\n|switch|p2b: Amoonguss|Amoonguss, L50, F, shiny|100\/100\n|turn|1\n|inactive|Battle timer is ON: inactive players will automatically lose when time's up. (requested by Simreaper)\n|inactive|taku4986726 has 60 seconds left.\n|\n|t:|1732237613\n|-terastallize|p1b: Ursaluna|Normal\n|move|p1a: Grimmsnarl|Light Screen|p1a: Grimmsnarl\n|-sidestart|p1: taku4986726|move: Light Screen\n|move|p2a: Ursaluna|Blood Moon|p1a: Grimmsnarl\n|-damage|p1a: Grimmsnarl|40\/100\n|-damage|p2a: Ursaluna|91\/100|[from] item: Life Orb\n|move|p1b: Ursaluna|Hyper Voice|p2a: Ursaluna|[spread] p2a,p2b\n|-damage|p2a: Ursaluna|20\/100\n|-damage|p2b: Amoonguss|61\/100\n|move|p2b: Amoonguss|Spore|p1b: Ursaluna\n|-status|p1b: Ursaluna|slp|[from] move: Spore\n|\n|upkeep\n|turn|2\n|\n|t:|1732237631\n|switch|p2a: Whimsicott|Whimsicott, L50, F, shiny|100\/100\n|move|p1a: Grimmsnarl|Spirit Break|p2a: Whimsicott\n|-damage|p2a: Whimsicott|52\/100\n|-unboost|p2a: Whimsicott|spa|1\n|cant|p1b: Ursaluna|slp\n|move|p2b: Amoonguss|Spore|p1a: Grimmsnarl\n|-status|p1a: Grimmsnarl|slp|[from] move: Spore\n|\n|upkeep\n|turn|3\n|\n|t:|1732237646\n|switch|p2b: Annihilape|Annihilape, L50, M, shiny|100\/100\n|cant|p1a: Grimmsnarl|slp\n|move|p2a: Whimsicott|Beat Up|p2b: Annihilape\n|-damage|p2b: Annihilape|99\/100\n|-damage|p2b: Annihilape|96\/100\n|-damage|p2b: Annihilape|93\/100\n|-damage|p2b: Annihilape|90\/100\n|-hitcount|p2b: Annihilape|4\n|cant|p1b: Ursaluna|slp\n|\n|-heal|p2b: Annihilape|97\/100|[from] item: Leftovers\n|upkeep\n|turn|4\n|inactive|taku4986726 has 30 seconds left.\n|\n|t:|1732237672\n|-terastallize|p2b: Annihilape|Steel\n|cant|p1a: Grimmsnarl|slp\n|move|p2a: Whimsicott|Moonblast|p1b: Ursaluna\n|-damage|p1b: Ursaluna|89\/100 slp\n|move|p2b: Annihilape|Drain Punch|p1b: Ursaluna\n|-supereffective|p1b: Ursaluna\n|-damage|p1b: Ursaluna|36\/100 slp\n|-heal|p2b: Annihilape|100\/100|[from] drain|[of] p1b: Ursaluna\n|-curestatus|p1b: Ursaluna|slp|[msg]\n|move|p1b: Ursaluna|Hyper Voice|p2b: Annihilape|[spread] p2a,p2b\n|-resisted|p2b: Annihilape\n|-damage|p2a: Whimsicott|0 fnt\n|-damage|p2b: Annihilape|82\/100\n|faint|p2a: Whimsicott\n|\n|-heal|p2b: Annihilape|88\/100|[from] item: Leftovers\n|upkeep\n|inactive|Simreaper has 30 seconds left.\n|\n|t:|1732237699\n|switch|p2a: Ursaluna|Ursaluna-Bloodmoon, L50, M|20\/100\n|turn|5\n|j| bozobeach\n|\n|t:|1732237708\n|cant|p1a: Grimmsnarl|slp\n|move|p1b: Ursaluna|Vacuum Wave|p2a: Ursaluna\n|-supereffective|p2a: Ursaluna\n|-damage|p2a: Ursaluna|0 fnt\n|faint|p2a: Ursaluna\n|move|p2b: Annihilape|Bulk Up|p2b: Annihilape\n|-boost|p2b: Annihilape|atk|1\n|-boost|p2b: Annihilape|def|1\n|\n|-heal|p2b: Annihilape|94\/100|[from] item: Leftovers\n|upkeep\n|\n|t:|1732237712\n|switch|p2a: Amoonguss|Amoonguss, L50, F, shiny|94\/100\n|turn|6\n|inactive|taku4986726 has 30 seconds left.\n|inactive|taku4986726 has 20 seconds left.\n|inactive|taku4986726 has 15 seconds left.\n|inactive|taku4986726 has 10 seconds left.\n|\n|t:|1732237758\n|switch|p1b: Whimsicott|Whimsicott, L50, M, shiny|100\/100\n|move|p2a: Amoonguss|Rage Powder|p2a: Amoonguss\n|-singleturn|p2a: Amoonguss|move: Rage Powder\n|-curestatus|p1a: Grimmsnarl|slp|[msg]\n|move|p1a: Grimmsnarl|Thunder Wave|p2a: Amoonguss\n|-status|p2a: Amoonguss|par\n|move|p2b: Annihilape|Drain Punch|p1b: Whimsicott\n|-resisted|p1b: Whimsicott\n|-damage|p1b: Whimsicott|61\/100\n|-heal|p2b: Annihilape|100\/100|[from] drain|[of] p1b: Whimsicott\n|\n|upkeep\n|turn|7\n|inactive|taku4986726 has 30 seconds left.\n|\n|t:|1732237786\n|switch|p1b: Ursaluna|Ursaluna-Bloodmoon, L50, M, tera:Normal|36\/100\n|cant|p2a: Amoonguss|par\n|move|p1a: Grimmsnarl|Thunder Wave|p2b: Annihilape|[miss]\n|-miss|p1a: Grimmsnarl|p2b: Annihilape\n|move|p2b: Annihilape|Rage Fist|p1a: Grimmsnarl\n|-resisted|p1a: Grimmsnarl\n|-damage|p1a: Grimmsnarl|0 fnt\n|faint|p1a: Grimmsnarl\n|\n|upkeep\n|\n|t:|1732237799\n|switch|p1a: Whimsicott|Whimsicott, L50, M, shiny|61\/100\n|turn|8\n|\n|t:|1732237810\n|move|p1a: Whimsicott|Tailwind|p1a: Whimsicott\n|-sidestart|p1: taku4986726|move: Tailwind\n|move|p1b: Ursaluna|Blood Moon|p2a: Amoonguss\n|-crit|p2a: Amoonguss\n|-damage|p2a: Amoonguss|0 fnt\n|faint|p2a: Amoonguss\n|move|p2b: Annihilape|Rage Fist|p1a: Whimsicott\n|-damage|p1a: Whimsicott|0 fnt\n|faint|p1a: Whimsicott\n|\n|-sideend|p1: taku4986726|move: Light Screen\n|upkeep\n|\n|t:|1732237820\n|switch|p1a: Annihilape|Annihilape, L50, M|100\/100\n|turn|9\n|\n|t:|1732237826\n|move|p2b: Annihilape|Protect|p2b: Annihilape\n|-singleturn|p2b: Annihilape|Protect\n|move|p1a: Annihilape|Close Combat|p2b: Annihilape\n|-activate|p2b: Annihilape|move: Protect\n|move|p1b: Ursaluna|Earth Power|p2b: Annihilape\n|-activate|p2b: Annihilape|move: Protect\n|\n|upkeep\n|turn|10\n|\n|t:|1732237834\n|move|p1a: Annihilape|Close Combat|p2b: Annihilape\n|-supereffective|p2b: Annihilape\n|-damage|p2b: Annihilape|19\/100\n|-unboost|p1a: Annihilape|def|1\n|-unboost|p1a: Annihilape|spd|1\n|move|p1b: Ursaluna|Earth Power|p2b: Annihilape\n|-supereffective|p2b: Annihilape\n|-damage|p2b: Annihilape|0 fnt\n|faint|p2b: Annihilape\n|\n|win|taku4986726\n|raw|taku4986726's rating: 1740 &rarr; <strong>1758<\/strong><br \/>(+18 for winning)\n|raw|Simreaper's rating: 1708 &rarr; <strong>1690<\/strong><br \/>(-18 for losing)\n|l|\u2606Simreaper\n|player|p2|\n|l|\u203dtaku4986726\n|player|p1|\n","uploadtime":1732238091,"views":35,"formatid":"gen9vgc2024regh","rating":1690,"private":0,"password":null}