{"id":"gen9vgc2024regh-2248896107","format":"[Gen 9] VGC 2024 Reg H","players":["vgclth terran","Gubi1994"],"log":"|raw|<div class=\"broadcast-blue\"><strong>This battle is required to be public due to a player having a name starting with 'vgclth'.<\/div>\n|j|\u2606vgclth terran\n|j|\u2606Gubi1994\n|t:|1732277558\n|gametype|doubles\n|player|p1|vgclth terran|rood|1741\n|player|p2|Gubi1994|265|1717\n|teamsize|p1|6\n|teamsize|p2|6\n|gen|9\n|tier|[Gen 9] VGC 2024 Reg H\n|rated|\n|rule|Species Clause: Limit one of each Pok\u00e9mon\n|rule|Item Clause: Limit 1 of each item\n|clearpoke\n|poke|p1|Ninetales-Alola, L50, M|\n|poke|p1|Rillaboom, L50, M|\n|poke|p1|Magmar, L50, M|\n|poke|p1|Sneasler, L50, F|\n|poke|p1|Kingambit, L50, F|\n|poke|p1|Basculegion, L50, M|\n|poke|p2|Dragapult, L50, M|\n|poke|p2|Vivillon-Garden, L50, F|\n|poke|p2|Chandelure, L50, F|\n|poke|p2|Rillaboom, L50, F|\n|poke|p2|Sneasler, L50, F|\n|poke|p2|Archaludon, L50, M|\n|teampreview|4\n|inactive|Battle timer is ON: inactive players will automatically lose when time's up. (requested by Gubi1994)\n|inactive|Gubi1994 has 60 seconds left.\n|\n|t:|1732277606\n|start\n|switch|p1a: Kingambit|Kingambit, L50, F|100\/100\n|switch|p1b: Sneasler|Sneasler, L50, F|100\/100\n|switch|p2a: Rillaboom|Rillaboom, L50, F|100\/100\n|switch|p2b: Sneasler|Sneasler, L50, F|100\/100\n|-fieldstart|move: Grassy Terrain|[from] ability: Grassy Surge|[of] p2a: Rillaboom\n|-enditem|p2b: Sneasler|Grassy Seed\n|-boost|p2b: Sneasler|def|1|[from] item: Grassy Seed\n|turn|1\n|inactive|Gubi1994 has 30 seconds left.\n|\n|t:|1732277633\n|move|p1b: Sneasler|Fake Out|p2b: Sneasler\n|-damage|p2b: Sneasler|85\/100\n|move|p2a: Rillaboom|Fake Out|p1b: Sneasler\n|-damage|p1b: Sneasler|75\/100\n|cant|p2b: Sneasler|flinch\n|move|p1a: Kingambit|Swords Dance|p1a: Kingambit\n|-boost|p1a: Kingambit|atk|2\n|\n|-heal|p2b: Sneasler|91\/100|[from] Grassy Terrain\n|-heal|p1b: Sneasler|80\/100|[from] Grassy Terrain\n|upkeep\n|turn|2\n|inactive|Gubi1994 has 30 seconds left.\n|\n|t:|1732277666\n|move|p1a: Kingambit|Protect|p1a: Kingambit\n|-singleturn|p1a: Kingambit|Protect\n|move|p2b: Sneasler|Coaching|p2a: Rillaboom\n|-boost|p2a: Rillaboom|atk|1\n|-boost|p2a: Rillaboom|def|1\n|move|p1b: Sneasler|Dire Claw|p2a: Rillaboom\n|-supereffective|p2a: Rillaboom\n|-crit|p2a: Rillaboom\n|-damage|p2a: Rillaboom|0 fnt\n|faint|p2a: Rillaboom\n|\n|-heal|p2b: Sneasler|97\/100|[from] Grassy Terrain\n|-heal|p1b: Sneasler|86\/100|[from] Grassy Terrain\n|upkeep\n|\n|t:|1732277680\n|switch|p2a: Chandelure|Chandelure, L50, F|100\/100\n|turn|3\n|\n|t:|1732277691\n|-terastallize|p2b: Sneasler|Stellar\n|-terastallize|p1a: Kingambit|Fire\n|move|p2b: Sneasler|Close Combat|p1a: Kingambit\n|-damage|p1a: Kingambit|30\/100\n|-unboost|p2b: Sneasler|def|1\n|-unboost|p2b: Sneasler|spd|1\n|move|p2a: Chandelure|Trick|p1a: Kingambit\n|-activate|p2a: Chandelure|move: Trick|[of] p1a: Kingambit\n|-item|p1a: Kingambit|Choice Scarf|[from] move: Trick\n|-item|p2a: Chandelure|Black Glasses|[from] move: Trick\n|move|p1b: Sneasler|Dire Claw|p2a: Chandelure\n|-resisted|p2a: Chandelure\n|-damage|p2a: Chandelure|71\/100\n|move|p1a: Kingambit|Kowtow Cleave|p2a: Chandelure\n|-supereffective|p2a: Chandelure\n|-damage|p2a: Chandelure|0 fnt\n|faint|p2a: Chandelure\n|\n|-heal|p2b: Sneasler|100\/100|[from] Grassy Terrain\n|-heal|p1b: Sneasler|92\/100|[from] Grassy Terrain\n|-heal|p1a: Kingambit|36\/100|[from] Grassy Terrain\n|upkeep\n|\n|t:|1732277702\n|switch|p2a: Archaludon|Archaludon, L50, M|100\/100\n|turn|4\n|\n|t:|1732277718\n|move|p2b: Sneasler|Dire Claw|p1a: Kingambit\n|-damage|p1a: Kingambit|0 fnt\n|faint|p1a: Kingambit\n|move|p1b: Sneasler|Close Combat|p2a: Archaludon\n|-supereffective|p2a: Archaludon\n|-damage|p2a: Archaludon|15\/100\n|-unboost|p1b: Sneasler|def|1\n|-unboost|p1b: Sneasler|spd|1\n|-ability|p2a: Archaludon|Stamina|boost\n|-boost|p2a: Archaludon|def|1\n|move|p2a: Archaludon|Dragon Pulse|p1b: Sneasler\n|-damage|p1b: Sneasler|15\/100\n|\n|-heal|p1b: Sneasler|20\/100|[from] Grassy Terrain\n|-heal|p2a: Archaludon|21\/100|[from] Grassy Terrain\n|upkeep\n|\n|t:|1732277725\n|switch|p1a: Ninetales|Ninetales-Alola, L50, M|100\/100\n|-weather|Snow|[from] ability: Snow Warning|[of] p1a: Ninetales\n|turn|5\n|inactive|Gubi1994 has 30 seconds left.\n|\n|t:|1732277752\n|move|p2b: Sneasler|Dire Claw|p1a: Ninetales\n|-supereffective|p1a: Ninetales\n|-damage|p1a: Ninetales|7\/100\n|-status|p1a: Ninetales|par\n|move|p1b: Sneasler|Close Combat|p2a: Archaludon\n|-supereffective|p2a: Archaludon\n|-damage|p2a: Archaludon|0 fnt\n|-unboost|p1b: Sneasler|def|1\n|-unboost|p1b: Sneasler|spd|1\n|faint|p2a: Archaludon\n|cant|p1a: Ninetales|par\n|\n|-weather|Snow|[upkeep]\n|-heal|p1b: Sneasler|26\/100|[from] Grassy Terrain\n|-heal|p1a: Ninetales|13\/100 par|[from] Grassy Terrain\n|-fieldend|move: Grassy Terrain\n|upkeep\n|turn|6\n|\n|t:|1732277772\n|move|p2b: Sneasler|Dire Claw|p1a: Ninetales\n|-supereffective|p1a: Ninetales\n|-damage|p1a: Ninetales|0 fnt\n|faint|p1a: Ninetales\n|move|p1b: Sneasler|Close Combat|p2b: Sneasler\n|-resisted|p2b: Sneasler\n|-damage|p2b: Sneasler|48\/100\n|-unboost|p1b: Sneasler|def|1\n|-unboost|p1b: Sneasler|spd|1\n|\n|-weather|Snow|[upkeep]\n|upkeep\n|\n|t:|1732277774\n|switch|p1a: Basculegion|Basculegion, L50, M|100\/100\n|turn|7\n|\n|t:|1732277787\n|move|p2b: Sneasler|Dire Claw|p1a: Basculegion\n|-resisted|p1a: Basculegion\n|-damage|p1a: Basculegion|74\/100\n|move|p1a: Basculegion|Last Respects|p2b: Sneasler\n|-damage|p2b: Sneasler|0 fnt\n|faint|p2b: Sneasler\n|\n|win|vgclth terran\n|raw|vgclth terran's rating: 1741 &rarr; <strong>1760<\/strong><br \/>(+19 for winning)\n|raw|Gubi1994's rating: 1717 &rarr; <strong>1698<\/strong><br \/>(-19 for losing)\n|l|\u2606vgclth terran\n|player|p1|\n|l|\u2606Gubi1994\n|player|p2|\n","uploadtime":1732277963,"views":8,"formatid":"gen9vgc2024regh","rating":1698,"private":0,"password":null}