{"id":"gen9vgc2024regh-2248637391","format":"[Gen 9] VGC 2024 Reg H","players":["Rin Itachi","decay4"],"log":"|j|\u2606Rin Itachi\n|j|\u2606decay4\n|t:|1732235510\n|gametype|doubles\n|player|p1|Rin Itachi|shauntal|1678\n|player|p2|decay4|clair|1685\n|teamsize|p1|6\n|teamsize|p2|6\n|gen|9\n|tier|[Gen 9] VGC 2024 Reg H\n|rated|\n|rule|Species Clause: Limit one of each Pok\u00e9mon\n|rule|Item Clause: Limit 1 of each item\n|clearpoke\n|poke|p1|Hydreigon, L50, F|\n|poke|p1|Whimsicott, L50, F|\n|poke|p1|Annihilape, L50, F|\n|poke|p1|Ursaluna-Bloodmoon, L50, M|\n|poke|p1|Gholdengo, L50|\n|poke|p1|Volcarona, L50, F|\n|poke|p2|Politoed, L50, F|\n|poke|p2|Archaludon, L50, F|\n|poke|p2|Kingdra, L50, F|\n|poke|p2|Ursaluna, L50, F|\n|poke|p2|Sinistcha, L50|\n|poke|p2|Incineroar, L50, M|\n|teampreview|4\n|\n|t:|1732235559\n|start\n|switch|p1a: Kotone|Whimsicott, L50, F|100\/100\n|switch|p1b: Hydreigon|Hydreigon, L50, F|100\/100\n|switch|p2a: Sinistcha|Sinistcha, L50|100\/100\n|switch|p2b: Ursaluna|Ursaluna, L50, F|100\/100\n|turn|1\n|\n|t:|1732235583\n|-terastallize|p2a: Sinistcha|Grass\n|move|p2b: Ursaluna|Protect|p2b: Ursaluna\n|-singleturn|p2b: Ursaluna|Protect\n|move|p1b: Hydreigon|Draco Meteor|p2a: Sinistcha\n|-damage|p2a: Sinistcha|4\/100\n|-unboost|p1b: Hydreigon|spa|2\n|-enditem|p2a: Sinistcha|Sitrus Berry|[eat]\n|-heal|p2a: Sinistcha|29\/100|[from] item: Sitrus Berry\n|move|p1a: Kotone|Moonblast|p2a: Sinistcha\n|-damage|p2a: Sinistcha|0 fnt\n|faint|p2a: Sinistcha\n|\n|-status|p2b: Ursaluna|brn|[from] item: Flame Orb\n|upkeep\n|\n|t:|1732235600\n|switch|p2a: Kingdra|Kingdra, L50, F, shiny|100\/100\n|turn|2\n|\n|t:|1732235613\n|switch|p1b: Annihilape|Annihilape, L50, F|100\/100\n|move|p2a: Kingdra|Protect|p2a: Kingdra\n|-singleturn|p2a: Kingdra|Protect\n|move|p1a: Kotone|Sunny Day|p1a: Kotone\n|-weather|SunnyDay\n|move|p2b: Ursaluna|Facade|p1b: Annihilape\n|-immune|p1b: Annihilape\n|\n|-weather|SunnyDay|[upkeep]\n|-damage|p2b: Ursaluna|95\/100 brn|[from] brn\n|upkeep\n|turn|3\n|\n|t:|1732235632\n|move|p1a: Kotone|Tailwind|p1a: Kotone\n|-sidestart|p1: Rin Itachi|move: Tailwind\n|move|p1b: Annihilape|Final Gambit|p2b: Ursaluna\n|-damage|p2b: Ursaluna|7\/100 brn\n|faint|p1b: Annihilape\n|move|p2a: Kingdra|Draco Meteor|p1a: Kotone\n|-immune|p1a: Kotone\n|move|p2b: Ursaluna|Facade|p1a: Kotone\n|-damage|p1a: Kotone|0 fnt\n|faint|p1a: Kotone\n|\n|-weather|SunnyDay|[upkeep]\n|-damage|p2b: Ursaluna|1\/100 brn|[from] brn\n|upkeep\n|\n|t:|1732235643\n|switch|p1b: Hydreigon|Hydreigon, L50, F|100\/100\n|switch|p1a: Maki|Ursaluna-Bloodmoon, L50, M|100\/100\n|turn|4\n|\n|t:|1732235653\n|-terastallize|p1a: Maki|Poison\n|move|p2a: Kingdra|Protect|p2a: Kingdra\n|-singleturn|p2a: Kingdra|Protect\n|move|p1b: Hydreigon|Dark Pulse|p2a: Kingdra\n|-activate|p2a: Kingdra|move: Protect\n|move|p1a: Maki|Hyper Voice|p2b: Ursaluna|[spread] p2b\n|-activate|p2a: Kingdra|move: Protect\n|-damage|p2b: Ursaluna|0 fnt\n|faint|p2b: Ursaluna\n|\n|-weather|SunnyDay|[upkeep]\n|upkeep\n|j| balnam\n|\n|t:|1732235661\n|switch|p2b: Politoed|Politoed, L50, F, shiny|100\/100\n|-weather|RainDance|[from] ability: Drizzle|[of] p2b: Politoed\n|turn|5\n|j| tjoahy\n|\n|t:|1732235669\n|move|p1b: Hydreigon|Dark Pulse|p2a: Kingdra\n|-damage|p2a: Kingdra|30\/100\n|move|p2a: Kingdra|Draco Meteor|p1b: Hydreigon|[miss]\n|-miss|p2a: Kingdra|p1b: Hydreigon\n|move|p2b: Politoed|Weather Ball|p1a: Maki\n|-damage|p1a: Maki|54\/100\n|move|p1a: Maki|Hyper Voice|p2b: Politoed|[spread] p2a,p2b\n|-damage|p2a: Kingdra|0 fnt\n|-damage|p2b: Politoed|59\/100\n|faint|p2a: Kingdra\n|\n|-weather|RainDance|[upkeep]\n|upkeep\n|turn|6\n|-message|decay4 forfeited.\n|\n|win|Rin Itachi\n|raw|Rin Itachi's rating: 1678 &rarr; <strong>1698<\/strong><br \/>(+20 for winning)\n|raw|decay4's rating: 1685 &rarr; <strong>1665<\/strong><br \/>(-20 for losing)\n|l|\u2606decay4\n|player|p2|\n|l| balnam\n|l| tjoahy\n","uploadtime":1732235907,"views":18,"formatid":"gen9vgc2024regh","rating":1665,"private":0,"password":null}