{"id":"gen9vgc2024regh-2248053387","format":"[Gen 9] VGC 2024 Reg H","players":["Spottedwoot","bluestraggler02"],"log":"|j|\u2606Spottedwoot\n|j|\u2606bluestraggler02\n|t:|1732162662\n|gametype|doubles\n|player|p1|Spottedwoot|170|1640\n|player|p2|bluestraggler02|170|1727\n|teamsize|p1|6\n|teamsize|p2|6\n|gen|9\n|tier|[Gen 9] VGC 2024 Reg H\n|rated|\n|rule|Species Clause: Limit one of each Pok\u00e9mon\n|rule|Item Clause: Limit 1 of each item\n|clearpoke\n|poke|p1|Kingambit, L50, F|\n|poke|p1|Primarina, L50, M|\n|poke|p1|Salamence, L50, F|\n|poke|p1|Gholdengo, L50|\n|poke|p1|Sneasler, L50, F|\n|poke|p1|Volcarona, L50, F|\n|poke|p2|Skeledirge, L50, F|\n|poke|p2|Porygon2, L50|\n|poke|p2|Ursaluna, L50, M|\n|poke|p2|Amoonguss, L50, F|\n|poke|p2|Maushold-Four, L50|\n|poke|p2|Archaludon, L50, F|\n|teampreview|4\n|j| snow is mid\n|\n|t:|1732162696\n|start\n|switch|p1a: Primarina|Primarina, L50, M|100\/100\n|switch|p1b: Sneasler|Sneasler, L50, F|100\/100\n|switch|p2a: \u80b2\u5e7c\u4e01\u771f|Maushold-Four, L50|100\/100\n|switch|p2b: \u9e2d\u6837\u4e01\u771f|Porygon2, L50|100\/100\n|-ability|p2b: \u9e2d\u6837\u4e01\u771f|Download|boost\n|-boost|p2b: \u9e2d\u6837\u4e01\u771f|atk|1\n|turn|1\n|\n|t:|1732162711\n|move|p2b: \u9e2d\u6837\u4e01\u771f|Protect|p2b: \u9e2d\u6837\u4e01\u771f\n|-singleturn|p2b: \u9e2d\u6837\u4e01\u771f|Protect\n|move|p1b: Sneasler|Close Combat|p2b: \u9e2d\u6837\u4e01\u771f\n|-activate|p2b: \u9e2d\u6837\u4e01\u771f|move: Protect\n|move|p2a: \u80b2\u5e7c\u4e01\u771f|Population Bomb|p1b: Sneasler\n|-damage|p1b: Sneasler|80\/100\n|-damage|p1b: Sneasler|61\/100\n|-damage|p1b: Sneasler|42\/100\n|-damage|p1b: Sneasler|20\/100\n|-damage|p1b: Sneasler|1\/100\n|-damage|p1b: Sneasler|0 fnt\n|faint|p1b: Sneasler\n|-hitcount|p1: Sneasler|6\n|move|p1a: Primarina|Hyper Voice|p2b: \u9e2d\u6837\u4e01\u771f|[spread] p2a\n|-activate|p2b: \u9e2d\u6837\u4e01\u771f|move: Protect\n|-damage|p2a: \u80b2\u5e7c\u4e01\u771f|47\/100\n|-enditem|p1a: Primarina|Throat Spray\n|-boost|p1a: Primarina|spa|1|[from] item: Throat Spray\n|\n|upkeep\n|\n|t:|1732162715\n|switch|p1b: Kingambit|Kingambit, L50, F|100\/100\n|turn|2\n|\n|t:|1732162722\n|move|p1a: Primarina|Protect|p1a: Primarina\n|-singleturn|p1a: Primarina|Protect\n|move|p2a: \u80b2\u5e7c\u4e01\u771f|Follow Me|p2a: \u80b2\u5e7c\u4e01\u771f\n|-singleturn|p2a: \u80b2\u5e7c\u4e01\u771f|move: Follow Me\n|move|p1b: Kingambit|Swords Dance|p1b: Kingambit\n|-boost|p1b: Kingambit|atk|2\n|move|p2b: \u9e2d\u6837\u4e01\u771f|Trick Room|p2b: \u9e2d\u6837\u4e01\u771f\n|-fieldstart|move: Trick Room|[of] p2b: \u9e2d\u6837\u4e01\u771f\n|\n|upkeep\n|turn|3\n|\n|t:|1732162735\n|move|p2b: \u9e2d\u6837\u4e01\u771f|Protect|p2b: \u9e2d\u6837\u4e01\u771f\n|-singleturn|p2b: \u9e2d\u6837\u4e01\u771f|Protect\n|move|p2a: \u80b2\u5e7c\u4e01\u771f|Follow Me|p2a: \u80b2\u5e7c\u4e01\u771f\n|-singleturn|p2a: \u80b2\u5e7c\u4e01\u771f|move: Follow Me\n|move|p1b: Kingambit|Swords Dance|p1b: Kingambit\n|-boost|p1b: Kingambit|atk|2\n|move|p1a: Primarina|Hyper Voice|p2a: \u80b2\u5e7c\u4e01\u771f|[spread] p2a\n|-activate|p2b: \u9e2d\u6837\u4e01\u771f|move: Protect\n|-damage|p2a: \u80b2\u5e7c\u4e01\u771f|0 fnt\n|faint|p2a: \u80b2\u5e7c\u4e01\u771f\n|\n|upkeep\n|\n|t:|1732162744\n|switch|p2a: \u548f\u7130\u4e01\u771f|Skeledirge, L50, F|100\/100\n|turn|4\n|\n|t:|1732162750\n|-terastallize|p2a: \u548f\u7130\u4e01\u771f|Dark\n|move|p1b: Kingambit|Protect|p1b: Kingambit\n|-singleturn|p1b: Kingambit|Protect\n|move|p2b: \u9e2d\u6837\u4e01\u771f|Tera Blast|p1a: Primarina\n|-damage|p1a: Primarina|71\/100\n|move|p2a: \u548f\u7130\u4e01\u771f|Shadow Ball|p1a: Primarina\n|-damage|p1a: Primarina|41\/100\n|move|p1a: Primarina|Hyper Voice|p2b: \u9e2d\u6837\u4e01\u771f|[spread] p2a,p2b\n|-damage|p2a: \u548f\u7130\u4e01\u771f|78\/100\n|-damage|p2b: \u9e2d\u6837\u4e01\u771f|72\/100\n|\n|upkeep\n|turn|5\n|\n|t:|1732162771\n|-terastallize|p1b: Kingambit|Dark\n|move|p1b: Kingambit|Sucker Punch|p2b: \u9e2d\u6837\u4e01\u771f\n|-damage|p2b: \u9e2d\u6837\u4e01\u771f|0 fnt\n|faint|p2b: \u9e2d\u6837\u4e01\u771f\n|move|p2a: \u548f\u7130\u4e01\u771f|Shadow Ball|p1a: Primarina\n|-damage|p1a: Primarina|9\/100\n|move|p1a: Primarina|Moonblast|p2a: \u548f\u7130\u4e01\u771f\n|-supereffective|p2a: \u548f\u7130\u4e01\u771f\n|-damage|p2a: \u548f\u7130\u4e01\u771f|17\/100\n|\n|upkeep\n|\n|t:|1732162775\n|switch|p2b: \u4f9d\u5f71\u4e01\u771f|Amoonguss, L50, F|100\/100\n|turn|6\n|\n|t:|1732162784\n|move|p1b: Kingambit|Sucker Punch|p2b: \u4f9d\u5f71\u4e01\u771f\n|-damage|p2b: \u4f9d\u5f71\u4e01\u771f|0 fnt\n|faint|p2b: \u4f9d\u5f71\u4e01\u771f\n|move|p2a: \u548f\u7130\u4e01\u771f|Torch Song|p1a: Primarina\n|-resisted|p1a: Primarina\n|-damage|p1a: Primarina|0 fnt\n|-boost|p2a: \u548f\u7130\u4e01\u771f|spa|1\n|faint|p1a: Primarina\n|\n|-fieldend|move: Trick Room\n|upkeep\n|-message|bluestraggler02 forfeited.\n|\n|win|Spottedwoot\n|raw|Spottedwoot's rating: 1640 &rarr; <strong>1665<\/strong><br \/>(+25 for winning)\n|raw|bluestraggler02's rating: 1727 &rarr; <strong>1702<\/strong><br \/>(-25 for losing)\n|l|\u2606bluestraggler02\n|player|p2|\n","uploadtime":1732162793,"views":39,"formatid":"gen9vgc2024regh","rating":1665,"private":0,"password":null}