{"id":"gen9vgc2024regh-2248713874","format":"[Gen 9] VGC 2024 Reg H","players":["bluestraggler02","yuzuda"],"log":"|j|\u2606bluestraggler02\n|j|\u2606yuzuda\n|t:|1732245311\n|gametype|doubles\n|player|p1|bluestraggler02|102|1679\n|player|p2|yuzuda|1|1703\n|teamsize|p1|6\n|teamsize|p2|6\n|gen|9\n|tier|[Gen 9] VGC 2024 Reg H\n|rated|\n|rule|Species Clause: Limit one of each Pok\u00e9mon\n|rule|Item Clause: Limit 1 of each item\n|clearpoke\n|poke|p1|Skeledirge, L50, F|\n|poke|p1|Porygon2, L50|\n|poke|p1|Ursaluna, L50, M|\n|poke|p1|Amoonguss, L50, M|\n|poke|p1|Maushold-Four, L50|\n|poke|p1|Archaludon, L50, M|\n|poke|p2|Archaludon, L50, F|\n|poke|p2|Pelipper, L50, F|\n|poke|p2|Annihilape, L50, M|\n|poke|p2|Whimsicott, L50, M|\n|poke|p2|Rillaboom, L50, M|\n|poke|p2|Gholdengo, L50|\n|teampreview|4\n|inactive|Battle timer is ON: inactive players will automatically lose when time's up. (requested by yuzuda)\n|inactive|bluestraggler02 has 60 seconds left.\n|inactive|yuzuda has 60 seconds left.\n|inactive|bluestraggler02 has 30 seconds left.\n|j| jimothym1\n|\n|t:|1732245379\n|start\n|switch|p1a: \u80b2\u5e7c\u4e01\u771f|Maushold-Four, L50|100\/100\n|switch|p1b: \u786c\u781a\u4e01\u771f|Archaludon, L50, M|100\/100\n|switch|p2a: Whimsicott|Whimsicott, L50, M|100\/100\n|switch|p2b: Gholdengo|Gholdengo, L50|100\/100\n|turn|1\n|j| Htrain-Pokemon\n|inactive|yuzuda has 30 seconds left.\n|\n|t:|1732245408\n|-terastallize|p1b: \u786c\u781a\u4e01\u771f|Electric\n|move|p1a: \u80b2\u5e7c\u4e01\u771f|Follow Me|p1a: \u80b2\u5e7c\u4e01\u771f\n|-singleturn|p1a: \u80b2\u5e7c\u4e01\u771f|move: Follow Me\n|move|p2a: Whimsicott|Moonblast|p1a: \u80b2\u5e7c\u4e01\u771f\n|-damage|p1a: \u80b2\u5e7c\u4e01\u771f|46\/100\n|move|p2b: Gholdengo|Make It Rain|p1a: \u80b2\u5e7c\u4e01\u771f|[spread] p1a,p1b\n|-resisted|p1b: \u786c\u781a\u4e01\u771f\n|-damage|p1a: \u80b2\u5e7c\u4e01\u771f|0 fnt\n|-damage|p1b: \u786c\u781a\u4e01\u771f|52\/100\n|-unboost|p2b: Gholdengo|spa|1\n|-ability|p1b: \u786c\u781a\u4e01\u771f|Stamina|boost\n|-boost|p1b: \u786c\u781a\u4e01\u771f|def|1\n|faint|p1a: \u80b2\u5e7c\u4e01\u771f\n|move|p1b: \u786c\u781a\u4e01\u771f|Electro Shot||[still]\n|-prepare|p1b: \u786c\u781a\u4e01\u771f|Electro Shot\n|-boost|p1b: \u786c\u781a\u4e01\u771f|spa|1\n|-enditem|p1b: \u786c\u781a\u4e01\u771f|Power Herb\n|-anim|p1b: \u786c\u781a\u4e01\u771f|Electro Shot|p2b: Gholdengo\n|-damage|p2b: Gholdengo|0 fnt\n|faint|p2b: Gholdengo\n|\n|upkeep\n|j| plplk\n|\n|t:|1732245429\n|switch|p1a: \u9e2d\u6837\u4e01\u771f|Porygon2, L50|100\/100\n|switch|p2b: Archaludon|Archaludon, L50, F|100\/100\n|-ability|p1a: \u9e2d\u6837\u4e01\u771f|Download|boost\n|-boost|p1a: \u9e2d\u6837\u4e01\u771f|spa|1\n|turn|2\n|\n|t:|1732245446\n|move|p2a: Whimsicott|Encore|p1b: \u786c\u781a\u4e01\u771f\n|-start|p1b: \u786c\u781a\u4e01\u771f|Encore\n|move|p1b: \u786c\u781a\u4e01\u771f|Electro Shot||[still]\n|-prepare|p1b: \u786c\u781a\u4e01\u771f|Electro Shot\n|-boost|p1b: \u786c\u781a\u4e01\u771f|spa|1\n|move|p2b: Archaludon|Dragon Pulse|p1b: \u786c\u781a\u4e01\u771f\n|-damage|p1b: \u786c\u781a\u4e01\u771f|3\/100\n|-ability|p1b: \u786c\u781a\u4e01\u771f|Stamina|boost\n|-boost|p1b: \u786c\u781a\u4e01\u771f|def|1\n|move|p1a: \u9e2d\u6837\u4e01\u771f|Trick Room|p1a: \u9e2d\u6837\u4e01\u771f\n|-fieldstart|move: Trick Room|[of] p1a: \u9e2d\u6837\u4e01\u771f\n|\n|upkeep\n|turn|3\n|\n|t:|1732245466\n|switch|p1a: \u548f\u7130\u4e01\u771f|Skeledirge, L50, F|100\/100\n|move|p2b: Archaludon|Dragon Pulse|p1b: \u786c\u781a\u4e01\u771f\n|-damage|p1b: \u786c\u781a\u4e01\u771f|0 fnt\n|faint|p1b: \u786c\u781a\u4e01\u771f\n|move|p2a: Whimsicott|Beat Up|p2b: Archaludon\n|-damage|p2b: Archaludon|99\/100\n|-ability|p2b: Archaludon|Stamina|boost\n|-boost|p2b: Archaludon|def|1\n|-damage|p2b: Archaludon|98\/100\n|-ability|p2b: Archaludon|Stamina|boost\n|-boost|p2b: Archaludon|def|1\n|-damage|p2b: Archaludon|97\/100\n|-ability|p2b: Archaludon|Stamina|boost\n|-boost|p2b: Archaludon|def|1\n|-hitcount|p2b: Archaludon|3\n|\n|upkeep\n|\n|t:|1732245474\n|switch|p1b: \u9e2d\u6837\u4e01\u771f|Porygon2, L50|100\/100\n|-ability|p1b: \u9e2d\u6837\u4e01\u771f|Download|boost\n|-boost|p1b: \u9e2d\u6837\u4e01\u771f|spa|1\n|turn|4\n|\n|t:|1732245494\n|move|p1b: \u9e2d\u6837\u4e01\u771f|Ice Beam|p2a: Whimsicott\n|-supereffective|p2a: Whimsicott\n|-enditem|p2a: Whimsicott|Focus Sash\n|-damage|p2a: Whimsicott|1\/100\n|move|p1a: \u548f\u7130\u4e01\u771f|Torch Song|p2a: Whimsicott\n|-supereffective|p2a: Whimsicott\n|-damage|p2a: Whimsicott|0 fnt\n|-boost|p1a: \u548f\u7130\u4e01\u771f|spa|1\n|faint|p2a: Whimsicott\n|move|p2b: Archaludon|Body Press|p1b: \u9e2d\u6837\u4e01\u771f\n|-supereffective|p1b: \u9e2d\u6837\u4e01\u771f\n|-damage|p1b: \u9e2d\u6837\u4e01\u771f|20\/100\n|\n|upkeep\n|\n|t:|1732245507\n|switch|p2a: Pelipper|Pelipper, L50, F|100\/100\n|-weather|RainDance|[from] ability: Drizzle|[of] p2a: Pelipper\n|turn|5\n|\n|t:|1732245532\n|move|p1b: \u9e2d\u6837\u4e01\u771f|Tera Blast|p2a: Pelipper\n|-damage|p2a: Pelipper|20\/100\n|move|p1a: \u548f\u7130\u4e01\u771f|Shadow Ball|p2a: Pelipper\n|-damage|p2a: Pelipper|0 fnt\n|faint|p2a: Pelipper\n|move|p2b: Archaludon|Snarl|p1a: \u548f\u7130\u4e01\u771f|[spread] p1a,p1b\n|-supereffective|p1a: \u548f\u7130\u4e01\u771f\n|-damage|p1a: \u548f\u7130\u4e01\u771f|84\/100\n|-damage|p1b: \u9e2d\u6837\u4e01\u771f|12\/100\n|-unboost|p1a: \u548f\u7130\u4e01\u771f|spa|1\n|-unboost|p1b: \u9e2d\u6837\u4e01\u771f|spa|1\n|\n|-weather|RainDance|[upkeep]\n|upkeep\n|turn|6\n|\n|t:|1732245556\n|move|p1b: \u9e2d\u6837\u4e01\u771f|Protect|p1b: \u9e2d\u6837\u4e01\u771f\n|-singleturn|p1b: \u9e2d\u6837\u4e01\u771f|Protect\n|move|p1a: \u548f\u7130\u4e01\u771f|Torch Song|p2b: Archaludon\n|-damage|p2b: Archaludon|83\/100\n|-boost|p1a: \u548f\u7130\u4e01\u771f|spa|1\n|-ability|p2b: Archaludon|Stamina|boost\n|-boost|p2b: Archaludon|def|1\n|move|p2b: Archaludon|Electro Shot||[still]\n|-prepare|p2b: Archaludon|Electro Shot\n|-boost|p2b: Archaludon|spa|1\n|-anim|p2b: Archaludon|Electro Shot|p1b: \u9e2d\u6837\u4e01\u771f\n|-activate|p1b: \u9e2d\u6837\u4e01\u771f|move: Protect\n|\n|-weather|RainDance|[upkeep]\n|-fieldend|move: Trick Room\n|upkeep\n|turn|7\n|\n|t:|1732245574\n|move|p2b: Archaludon|Electro Shot||[still]\n|-prepare|p2b: Archaludon|Electro Shot\n|-boost|p2b: Archaludon|spa|1\n|-anim|p2b: Archaludon|Electro Shot|p1b: \u9e2d\u6837\u4e01\u771f\n|-crit|p1b: \u9e2d\u6837\u4e01\u771f\n|-damage|p1b: \u9e2d\u6837\u4e01\u771f|0 fnt\n|faint|p1b: \u9e2d\u6837\u4e01\u771f\n|move|p1a: \u548f\u7130\u4e01\u771f|Torch Song|p2b: Archaludon\n|-damage|p2b: Archaludon|64\/100\n|-boost|p1a: \u548f\u7130\u4e01\u771f|spa|1\n|-ability|p2b: Archaludon|Stamina|boost\n|-boost|p2b: Archaludon|def|1\n|\n|-weather|RainDance|[upkeep]\n|upkeep\n|turn|8\n|\n|t:|1732245588\n|move|p2b: Archaludon|Snarl|p1a: \u548f\u7130\u4e01\u771f\n|-supereffective|p1a: \u548f\u7130\u4e01\u771f\n|-damage|p1a: \u548f\u7130\u4e01\u771f|65\/100\n|-unboost|p1a: \u548f\u7130\u4e01\u771f|spa|1\n|move|p1a: \u548f\u7130\u4e01\u771f|Earth Power|p2b: Archaludon\n|-supereffective|p2b: Archaludon\n|-damage|p2b: Archaludon|0 fnt\n|faint|p2b: Archaludon\n|\n|win|bluestraggler02\n|raw|bluestraggler02's rating: 1679 &rarr; <strong>1700<\/strong><br \/>(+21 for winning)\n|raw|yuzuda's rating: 1703 &rarr; <strong>1682<\/strong><br \/>(-21 for losing)\n|l| plplk\n|l|\u2606yuzuda\n|player|p2|\n|l|\u2606bluestraggler02\n|player|p1|\n|j|\u2606bluestraggler02\n|player|p1|bluestraggler02|102|\n|l|\u2606bluestraggler02\n|player|p1|\n","uploadtime":1732245852,"views":33,"formatid":"gen9vgc2024regh","rating":1682,"private":0,"password":null}