{"id":"gen9vgc2024regh-2248705428","format":"[Gen 9] VGC 2024 Reg H","players":["VGCLTH Rain","zip520520"],"log":"|raw|<div class=\"broadcast-blue\"><strong>This battle is required to be public due to a player having a name starting with 'vgclth'.<\/div>\n|j|\u2606VGCLTH Rain\n|j|\u2606zip520520\n|t:|1732244141\n|gametype|doubles\n|player|p1|VGCLTH Rain|102|1685\n|player|p2|zip520520|170|1732\n|teamsize|p1|6\n|teamsize|p2|6\n|gen|9\n|tier|[Gen 9] VGC 2024 Reg H\n|rated|\n|rule|Species Clause: Limit one of each Pok\u00e9mon\n|rule|Item Clause: Limit 1 of each item\n|clearpoke\n|poke|p1|Typhlosion-Hisui, L50, F|\n|poke|p1|Glimmora, L50, F|\n|poke|p1|Grimmsnarl, L50, M|\n|poke|p1|Whimsicott, L50, F|\n|poke|p1|Ursaluna-Bloodmoon, L50, M|\n|poke|p1|Dusclops, L50, M|\n|poke|p2|Sneasler, L50, F|\n|poke|p2|Gholdengo, L50|\n|poke|p2|Dragonite, L50, F|\n|poke|p2|Rillaboom, L50, M|\n|poke|p2|Incineroar, L50, M|\n|poke|p2|Kingambit, L50, M|\n|teampreview|4\n|inactive|Battle timer is ON: inactive players will automatically lose when time's up. (requested by zip520520)\n|inactive|zip520520 has 60 seconds left.\n|\n|t:|1732244194\n|start\n|switch|p1a: Glimmora|Glimmora, L50, F|100\/100\n|switch|p1b: Grimmsnarl|Grimmsnarl, L50, M|100\/100\n|switch|p2a: Gholdengo|Gholdengo, L50|100\/100\n|switch|p2b: Dragonite|Dragonite, L50, F|100\/100\n|turn|1\n|j| a2kadet\n|j| Htrain-Pokemon\n|inactive|zip520520 has 30 seconds left.\n|\n|t:|1732244226\n|switch|p2b: Incineroar|Incineroar, L50, M|100\/100\n|-ability|p2b: Incineroar|Intimidate|boost\n|-unboost|p1a: Glimmora|atk|1\n|-unboost|p1b: Grimmsnarl|atk|1\n|move|p1b: Grimmsnarl|Light Screen|p1b: Grimmsnarl\n|-sidestart|p1: VGCLTH Rain|move: Light Screen\n|move|p2a: Gholdengo|Nasty Plot|p2a: Gholdengo\n|-boost|p2a: Gholdengo|spa|2\n|move|p1a: Glimmora|Earth Power|p2a: Gholdengo\n|-supereffective|p2a: Gholdengo\n|-damage|p2a: Gholdengo|27\/100\n|-enditem|p2a: Gholdengo|Sitrus Berry|[eat]\n|-heal|p2a: Gholdengo|52\/100|[from] item: Sitrus Berry\n|\n|upkeep\n|turn|2\n|inactive|zip520520 has 30 seconds left.\n|\n|t:|1732244254\n|switch|p2b: Rillaboom|Rillaboom, L50, M|100\/100\n|-fieldstart|move: Grassy Terrain|[from] ability: Grassy Surge|[of] p2b: Rillaboom\n|move|p1b: Grimmsnarl|Reflect|p1b: Grimmsnarl\n|-sidestart|p1: VGCLTH Rain|Reflect\n|move|p2a: Gholdengo|Make It Rain|p1b: Grimmsnarl|[spread] p1a,p1b\n|-supereffective|p1a: Glimmora\n|-supereffective|p1b: Grimmsnarl\n|-enditem|p1a: Glimmora|Focus Sash\n|-damage|p1a: Glimmora|1\/100\n|-damage|p1b: Grimmsnarl|15\/100\n|-unboost|p2a: Gholdengo|spa|1\n|move|p1a: Glimmora|Earth Power|p2a: Gholdengo\n|-supereffective|p2a: Gholdengo\n|-damage|p2a: Gholdengo|0 fnt\n|faint|p2a: Gholdengo\n|\n|-heal|p1a: Glimmora|7\/100|[from] Grassy Terrain\n|-heal|p1b: Grimmsnarl|21\/100|[from] Grassy Terrain\n|upkeep\n|\n|t:|1732244278\n|switch|p2a: Dragonite|Dragonite, L50, F|100\/100\n|turn|3\n|\n|t:|1732244286\n|move|p2b: Rillaboom|Fake Out|p1b: Grimmsnarl\n|-damage|p1b: Grimmsnarl|10\/100\n|move|p1a: Glimmora|Power Gem|p2a: Dragonite\n|-supereffective|p2a: Dragonite\n|-damage|p2a: Dragonite|55\/100\n|move|p2a: Dragonite|Scale Shot|p1a: Glimmora\n|-damage|p1a: Glimmora|0 fnt\n|-activate|p1a: Glimmora|ability: Toxic Debris\n|-sidestart|p2: zip520520|move: Toxic Spikes\n|faint|p1a: Glimmora\n|-hitcount|p1: Glimmora|1\n|-unboost|p2a: Dragonite|def|1\n|-boost|p2a: Dragonite|spe|1\n|cant|p1b: Grimmsnarl|flinch\n|\n|-heal|p1b: Grimmsnarl|16\/100|[from] Grassy Terrain\n|upkeep\n|\n|t:|1732244289\n|switch|p1a: Dusclops|Dusclops, L50, M|100\/100\n|-item|p2a: Dragonite|Loaded Dice|[from] ability: Frisk|[of] p1a: Dusclops\n|-item|p2b: Rillaboom|Assault Vest|[from] ability: Frisk|[of] p1a: Dusclops\n|turn|4\n|inactive|zip520520 has 30 seconds left.\n|j| VGCLTH R0gue\n|inactive|zip520520 has 20 seconds left.\n|inactive|zip520520 has 15 seconds left.\n|inactive|zip520520 has 10 seconds left.\n|\n|t:|1732244334\n|switch|p2b: Incineroar|Incineroar, L50, M|100\/100\n|-status|p2b: Incineroar|psn\n|-ability|p2b: Incineroar|Intimidate|boost\n|-unboost|p1a: Dusclops|atk|1\n|-unboost|p1b: Grimmsnarl|atk|1\n|move|p2a: Dragonite|Scale Shot|p1a: Dusclops\n|-damage|p1a: Dusclops|94\/100\n|-damage|p1a: Dusclops|88\/100\n|-damage|p1a: Dusclops|81\/100\n|-damage|p1a: Dusclops|74\/100\n|-damage|p1a: Dusclops|68\/100\n|-hitcount|p1a: Dusclops|5\n|-unboost|p2a: Dragonite|def|1\n|-boost|p2a: Dragonite|spe|1\n|move|p1b: Grimmsnarl|Spirit Break|p2a: Dragonite\n|-supereffective|p2a: Dragonite\n|-damage|p2a: Dragonite|0 fnt\n|faint|p2a: Dragonite\n|move|p1a: Dusclops|Trick Room|p1a: Dusclops\n|-fieldstart|move: Trick Room|[of] p1a: Dusclops\n|\n|-heal|p1a: Dusclops|74\/100|[from] Grassy Terrain\n|-heal|p1b: Grimmsnarl|22\/100|[from] Grassy Terrain\n|-damage|p2b: Incineroar|88\/100 psn|[from] psn\n|upkeep\n|inactive|zip520520 has 30 seconds left.\n|\n|t:|1732244359\n|switch|p2a: Rillaboom|Rillaboom, L50, M|100\/100\n|-status|p2a: Rillaboom|psn\n|turn|5\n|\n|t:|1732244370\n|move|p1a: Dusclops|Night Shade|p2b: Incineroar\n|-damage|p2b: Incineroar|63\/100 psn\n|move|p1b: Grimmsnarl|Spirit Break|p2b: Incineroar\n|-damage|p2b: Incineroar|49\/100 psn\n|-unboost|p2b: Incineroar|spa|1\n|move|p2b: Incineroar|Knock Off|p1a: Dusclops\n|-supereffective|p1a: Dusclops\n|-damage|p1a: Dusclops|25\/100\n|-enditem|p1a: Dusclops|Eviolite|[from] move: Knock Off|[of] p2b: Incineroar\n|move|p2a: Rillaboom|Wood Hammer|p1a: Dusclops\n|-damage|p1a: Dusclops|0 fnt\n|faint|p1a: Dusclops\n|-damage|p2a: Rillaboom|94\/100 psn|[from] Recoil\n|\n|-heal|p1b: Grimmsnarl|28\/100|[from] Grassy Terrain\n|-heal|p2b: Incineroar|54\/100 psn|[from] Grassy Terrain\n|-heal|p2a: Rillaboom|100\/100 psn|[from] Grassy Terrain\n|-damage|p2b: Incineroar|42\/100 psn|[from] psn\n|-damage|p2a: Rillaboom|88\/100 psn|[from] psn\n|upkeep\n|\n|t:|1732244389\n|switch|p1a: Ursaluna|Ursaluna-Bloodmoon, L50, M|100\/100\n|turn|6\n|j| bozobeach\n|\n|t:|1732244401\n|move|p1a: Ursaluna|Protect|p1a: Ursaluna\n|-singleturn|p1a: Ursaluna|Protect\n|move|p2a: Rillaboom|Grassy Glide|p1b: Grimmsnarl\n|-damage|p1b: Grimmsnarl|0 fnt\n|faint|p1b: Grimmsnarl\n|move|p2b: Incineroar|Knock Off|p1a: Ursaluna\n|-activate|p1a: Ursaluna|move: Protect\n|\n|-heal|p2b: Incineroar|48\/100 psn|[from] Grassy Terrain\n|-heal|p2a: Rillaboom|94\/100 psn|[from] Grassy Terrain\n|-damage|p2b: Incineroar|36\/100 psn|[from] psn\n|-damage|p2a: Rillaboom|81\/100 psn|[from] psn\n|-fieldend|move: Grassy Terrain\n|upkeep\n|turn|7\n|\n|t:|1732244420\n|-terastallize|p1a: Ursaluna|Grass\n|move|p1a: Ursaluna|Hyper Voice|p2a: Rillaboom|[spread] p2a,p2b\n|-damage|p2a: Rillaboom|50\/100 psn\n|-damage|p2b: Incineroar|0 fnt\n|faint|p2b: Incineroar\n|-enditem|p1a: Ursaluna|Throat Spray\n|-boost|p1a: Ursaluna|spa|1|[from] item: Throat Spray\n|move|p2a: Rillaboom|Wood Hammer|p1a: Ursaluna\n|-resisted|p1a: Ursaluna\n|-damage|p1a: Ursaluna|85\/100\n|-damage|p2a: Rillaboom|44\/100 psn|[from] Recoil\n|\n|-damage|p2a: Rillaboom|32\/100 psn|[from] psn\n|upkeep\n|turn|8\n|inactive|zip520520 has 30 seconds left.\n|j| PKBR_Vitao\n|inactive|zip520520 has 20 seconds left.\n|inactive|zip520520 has 15 seconds left.\n|inactive|zip520520 has 10 seconds left.\n|inactive|zip520520 has 5 seconds left.\n|\n|t:|1732244475\n|move|p1a: Ursaluna|Blood Moon|p2a: Rillaboom\n|-damage|p2a: Rillaboom|0 fnt\n|faint|p2a: Rillaboom\n|\n|win|VGCLTH Rain\n|raw|VGCLTH Rain's rating: 1685 &rarr; <strong>1708<\/strong><br \/>(+23 for winning)\n|raw|zip520520's rating: 1732 &rarr; <strong>1709<\/strong><br \/>(-23 for losing)\n","uploadtime":1732244483,"views":21,"formatid":"gen9vgc2024regh","rating":1708,"private":0,"password":null}