{"id":"gen9vgc2024regh-2248791537","format":"[Gen 9] VGC 2024 Reg H","players":["chiitancrazymascot","VGCLTH Sir Aaron"],"log":"|raw|<div class=\"broadcast-blue\"><strong>This battle is required to be public due to a player having a name starting with 'vgclth'.<\/div>\n|j|\u2606chiitancrazymascot\n|j|\u2606VGCLTH Sir Aaron\n|t:|1732258766\n|gametype|doubles\n|player|p1|chiitancrazymascot|pokemaniac|1652\n|player|p2|VGCLTH Sir Aaron|red-masters3|1739\n|teamsize|p1|6\n|teamsize|p2|6\n|gen|9\n|tier|[Gen 9] VGC 2024 Reg H\n|rated|\n|rule|Species Clause: Limit one of each Pok\u00e9mon\n|rule|Item Clause: Limit 1 of each item\n|clearpoke\n|poke|p1|Annihilape, L50, M|\n|poke|p1|Dondozo, L50, M|\n|poke|p1|Maushold-Four, L50|\n|poke|p1|Gholdengo, L50|\n|poke|p1|Whimsicott, L50, F|\n|poke|p1|Tatsugiri, L50, F|\n|poke|p2|Azumarill, L50, M|\n|poke|p2|Archaludon, L50, M|\n|poke|p2|Arcanine, L50, M|\n|poke|p2|Electabuzz, L50, F|\n|poke|p2|Rillaboom, L50, F|\n|poke|p2|Dragonite, L50, F|\n|teampreview|4\n|inactive|Battle timer is ON: inactive players will automatically lose when time's up. (requested by chiitancrazymascot)\n|\n|t:|1732258787\n|start\n|switch|p1a: Maushold|Maushold-Four, L50|100\/100\n|switch|p1b: Annihilape|Annihilape, L50, M, shiny|100\/100\n|switch|p2a: Azumarill|Azumarill, L50, M|100\/100\n|switch|p2b: Electabuzz|Electabuzz, L50, F|100\/100\n|turn|1\n|\n|t:|1732258794\n|move|p2b: Electabuzz|Follow Me|p2b: Electabuzz\n|-singleturn|p2b: Electabuzz|move: Follow Me\n|move|p1a: Maushold|Taunt|p2b: Electabuzz\n|-start|p2b: Electabuzz|move: Taunt\n|move|p1b: Annihilape|Bulk Up|p1b: Annihilape\n|-boost|p1b: Annihilape|atk|1\n|-boost|p1b: Annihilape|def|1\n|move|p2a: Azumarill|Belly Drum|p2a: Azumarill\n|-damage|p2a: Azumarill|50\/100\n|-setboost|p2a: Azumarill|atk|6|[from] move: Belly Drum\n|-enditem|p2a: Azumarill|Sitrus Berry|[eat]\n|-heal|p2a: Azumarill|75\/100|[from] item: Sitrus Berry\n|\n|upkeep\n|turn|2\n|inactive|VGCLTH Sir Aaron has 30 seconds left.\n|inactive|VGCLTH Sir Aaron has 20 seconds left.\n|inactive|VGCLTH Sir Aaron has 15 seconds left.\n|inactive|VGCLTH Sir Aaron has 10 seconds left.\n|\n|t:|1732258844\n|switch|p2b: Archaludon|Archaludon, L50, M|100\/100\n|-terastallize|p2a: Azumarill|Water\n|move|p2a: Azumarill|Aqua Jet|p1b: Annihilape\n|-damage|p1b: Annihilape|38\/100\n|-enditem|p1b: Annihilape|Sitrus Berry|[eat]\n|-heal|p1b: Annihilape|63\/100|[from] item: Sitrus Berry\n|move|p1a: Maushold|Beat Up|p1b: Annihilape\n|-damage|p1b: Annihilape|61\/100\n|-damage|p1b: Annihilape|59\/100\n|-damage|p1b: Annihilape|57\/100\n|-damage|p1b: Annihilape|57\/100\n|-hitcount|p1b: Annihilape|4\n|move|p1b: Annihilape|Rage Fist|p2a: Azumarill\n|-crit|p2a: Azumarill\n|-damage|p2a: Azumarill|0 fnt\n|faint|p2a: Azumarill\n|\n|upkeep\n|\n|t:|1732258859\n|switch|p2a: Electabuzz|Electabuzz, L50, F|100\/100\n|turn|3\n|\n|t:|1732258864\n|move|p1a: Maushold|Follow Me|p1a: Maushold\n|-singleturn|p1a: Maushold|move: Follow Me\n|move|p2a: Electabuzz|Follow Me|p2a: Electabuzz\n|-singleturn|p2a: Electabuzz|move: Follow Me\n|move|p2b: Archaludon|Electro Shot||[still]\n|-prepare|p2b: Archaludon|Electro Shot\n|-boost|p2b: Archaludon|spa|1\n|-enditem|p2b: Archaludon|Power Herb\n|-anim|p2b: Archaludon|Electro Shot|p1a: Maushold\n|-damage|p1a: Maushold|15\/100\n|move|p1b: Annihilape|Rage Fist|p2a: Electabuzz\n|-damage|p2a: Electabuzz|0 fnt\n|faint|p2a: Electabuzz\n|\n|upkeep\n|\n|t:|1732258876\n|switch|p2a: Dragonite|Dragonite, L50, F|100\/100\n|turn|4\n|inactive|chiitancrazymascot has 30 seconds left.\n|\n|t:|1732258908\n|-terastallize|p1a: Maushold|Ghost\n|move|p2a: Dragonite|Extreme Speed|p1a: Maushold\n|-immune|p1a: Maushold\n|move|p1a: Maushold|Beat Up|p2a: Dragonite\n|-damage|p2a: Dragonite|99\/100\n|-damage|p2a: Dragonite|96\/100\n|-damage|p2a: Dragonite|92\/100\n|-damage|p2a: Dragonite|90\/100\n|-hitcount|p2a: Dragonite|4\n|move|p2b: Archaludon|Dragon Pulse|p1b: Annihilape\n|-damage|p1b: Annihilape|13\/100\n|move|p1b: Annihilape|Rage Fist|p2b: Archaludon\n|-ability|p2b: Archaludon|Sturdy\n|-damage|p2b: Archaludon|1\/100\n|\n|upkeep\n|turn|5\n|inactive|VGCLTH Sir Aaron has 30 seconds left.\n|\n|t:|1732258937\n|move|p2b: Archaludon|Protect|p2b: Archaludon\n|-singleturn|p2b: Archaludon|Protect\n|move|p1a: Maushold|Beat Up|p2b: Archaludon\n|-activate|p2b: Archaludon|move: Protect\n|move|p2a: Dragonite|Scale Shot|p1b: Annihilape\n|-damage|p1b: Annihilape|7\/100\n|-damage|p1b: Annihilape|0 fnt\n|faint|p1b: Annihilape\n|-hitcount|p1: Annihilape|2\n|-unboost|p2a: Dragonite|def|1\n|-boost|p2a: Dragonite|spe|1\n|\n|upkeep\n|\n|t:|1732258944\n|switch|p1b: Tatsugiri|Tatsugiri, L50, F, shiny|100\/100\n|turn|6\n|\n|t:|1732258966\n|move|p1a: Maushold|Follow Me|p1a: Maushold\n|-singleturn|p1a: Maushold|move: Follow Me\n|move|p1b: Tatsugiri|Icy Wind|p2b: Archaludon|[spread] p2a,p2b\n|-supereffective|p2a: Dragonite\n|-damage|p2a: Dragonite|26\/100\n|-damage|p2b: Archaludon|0 fnt\n|-unboost|p2a: Dragonite|spe|1\n|faint|p2b: Archaludon\n|move|p2a: Dragonite|Scale Shot|p1a: Maushold\n|-damage|p1a: Maushold|0 fnt\n|faint|p1a: Maushold\n|-hitcount|p1: Maushold|1\n|-unboost|p2a: Dragonite|def|1\n|-boost|p2a: Dragonite|spe|1\n|\n|upkeep\n|\n|t:|1732258971\n|switch|p1a: Dondozo|Dondozo, L50, M, shiny|100\/100\n|-activate|p1b: Tatsugiri|ability: Commander|[of] p1a: Dondozo\n|-boost|p1a: Dondozo|atk|2\n|-boost|p1a: Dondozo|spa|2\n|-boost|p1a: Dondozo|spe|2\n|-boost|p1a: Dondozo|def|2\n|-boost|p1a: Dondozo|spd|2\n|turn|7\n|\n|t:|1732258976\n|move|p2a: Dragonite|Haze|p2a: Dragonite\n|-clearallboost\n|move|p1a: Dondozo|Order Up|p2a: Dragonite\n|-supereffective|p2a: Dragonite\n|-damage|p2a: Dragonite|0 fnt\n|faint|p2a: Dragonite\n|\n|win|chiitancrazymascot\n|raw|chiitancrazymascot's rating: 1652 &rarr; <strong>1677<\/strong><br \/>(+25 for winning)\n|raw|VGCLTH Sir Aaron's rating: 1739 &rarr; <strong>1714<\/strong><br \/>(-25 for losing)\n","uploadtime":1732258978,"views":33,"formatid":"gen9vgc2024regh","rating":1677,"private":0,"password":null}