{"id":"gen9vgc2024regh-2248553586","format":"[Gen 9] VGC 2024 Reg H","players":["prototony","chin8"],"log":"|j|\u2606prototony\n|j|\u2606chin8\n|t:|1732225755\n|gametype|doubles\n|player|p1|prototony|firebreather|1682\n|player|p2|chin8|gentleman-gen4dp|1721\n|teamsize|p1|6\n|teamsize|p2|6\n|gen|9\n|tier|[Gen 9] VGC 2024 Reg H\n|rated|\n|rule|Species Clause: Limit one of each Pok\u00e9mon\n|rule|Item Clause: Limit 1 of each item\n|clearpoke\n|poke|p1|Gholdengo, L50|\n|poke|p1|Porygon2, L50|\n|poke|p1|Annihilape, L50, F|\n|poke|p1|Grimmsnarl, L50, M|\n|poke|p1|Ursaluna, L50, M|\n|poke|p1|Volcarona, L50, F|\n|poke|p2|Baxcalibur, L50, M|\n|poke|p2|Kilowattrel, L50, M|\n|poke|p2|Granbull, L50, M|\n|poke|p2|Gardevoir, L50, F|\n|poke|p2|Magmortar, L50, F|\n|poke|p2|Gholdengo, L50|\n|teampreview|4\n|j| Salazzlerazzle\n|inactive|Battle timer is ON: inactive players will automatically lose when time's up. (requested by prototony)\n|\n|t:|1732225800\n|start\n|switch|p1a: Grimmsnarl|Grimmsnarl, L50, M|100\/100\n|switch|p1b: Gholdengo|Gholdengo, L50|100\/100\n|switch|p2a: Gholdengo|Gholdengo, L50|100\/100\n|switch|p2b: Magmortar|Magmortar, L50, F|100\/100\n|turn|1\n|\n|t:|1732225813\n|-terastallize|p1b: Gholdengo|Dragon\n|move|p1a: Grimmsnarl|Light Screen|p1a: Grimmsnarl\n|-sidestart|p1: prototony|move: Light Screen\n|move|p2a: Gholdengo|Nasty Plot|p2a: Gholdengo\n|-boost|p2a: Gholdengo|spa|2\n|move|p2b: Magmortar|Heat Wave|p1a: Grimmsnarl|[spread] p1a,p1b\n|-resisted|p1b: Gholdengo\n|-damage|p1a: Grimmsnarl|83\/100\n|-damage|p1b: Gholdengo|90\/100\n|move|p1b: Gholdengo|Power Gem|p2b: Magmortar\n|-supereffective|p2b: Magmortar\n|-damage|p2b: Magmortar|11\/100\n|-enditem|p2b: Magmortar|Sitrus Berry|[eat]\n|-heal|p2b: Magmortar|36\/100|[from] item: Sitrus Berry\n|\n|upkeep\n|turn|2\n|\n|t:|1732225831\n|move|p2b: Magmortar|Protect|p2b: Magmortar\n|-singleturn|p2b: Magmortar|Protect\n|move|p1a: Grimmsnarl|Taunt|p2a: Gholdengo\n|-immune|p2a: Gholdengo|[from] ability: Good as Gold\n|move|p2a: Gholdengo|Nasty Plot|p2a: Gholdengo\n|-boost|p2a: Gholdengo|spa|2\n|move|p1b: Gholdengo|Power Gem|p2b: Magmortar\n|-activate|p2b: Magmortar|move: Protect\n|\n|upkeep\n|turn|3\n|\n|t:|1732225842\n|move|p2a: Gholdengo|Nasty Plot|p2a: Gholdengo\n|-boost|p2a: Gholdengo|spa|2\n|move|p2b: Magmortar|Heat Wave|p1a: Grimmsnarl|[spread] p1a,p1b\n|-resisted|p1b: Gholdengo\n|-damage|p1a: Grimmsnarl|65\/100\n|-damage|p1b: Gholdengo|80\/100\n|-status|p1a: Grimmsnarl|brn\n|move|p1b: Gholdengo|Power Gem|p2b: Magmortar\n|-supereffective|p2b: Magmortar\n|-crit|p2b: Magmortar\n|-damage|p2b: Magmortar|0 fnt\n|faint|p2b: Magmortar\n|move|p1a: Grimmsnarl|Spirit Break|p2a: Gholdengo\n|-resisted|p2a: Gholdengo\n|-damage|p2a: Gholdengo|93\/100\n|-unboost|p2a: Gholdengo|spa|1\n|\n|-heal|p2a: Gholdengo|99\/100|[from] item: Leftovers\n|-damage|p1a: Grimmsnarl|59\/100 brn|[from] brn\n|upkeep\n|\n|t:|1732225847\n|switch|p2b: Kilowattrel|Kilowattrel, L50, M|100\/100\n|turn|4\n|\n|t:|1732225862\n|move|p2b: Kilowattrel|Tailwind|p2b: Kilowattrel\n|-sidestart|p2: chin8|move: Tailwind\n|move|p2a: Gholdengo|Make It Rain|p1a: Grimmsnarl|[spread] p1a,p1b\n|-supereffective|p1a: Grimmsnarl\n|-crit|p1b: Gholdengo\n|-damage|p1a: Grimmsnarl|0 fnt\n|-damage|p1b: Gholdengo|0 fnt\n|-unboost|p2a: Gholdengo|spa|1\n|faint|p1a: Grimmsnarl\n|faint|p1b: Gholdengo\n|\n|-heal|p2a: Gholdengo|100\/100|[from] item: Leftovers\n|upkeep\n|\n|t:|1732225868\n|switch|p1b: Ursaluna|Ursaluna, L50, M|100\/100\n|switch|p1a: Porygon2|Porygon2, L50|100\/100\n|-ability|p1a: Porygon2|Download|boost\n|-boost|p1a: Porygon2|atk|1\n|turn|5\n|\n|t:|1732225877\n|move|p1b: Ursaluna|Protect|p1b: Ursaluna\n|-singleturn|p1b: Ursaluna|Protect\n|move|p2b: Kilowattrel|Thunderbolt|p1a: Porygon2\n|-crit|p1a: Porygon2\n|-damage|p1a: Porygon2|67\/100\n|move|p2a: Gholdengo|Make It Rain|p1a: Porygon2|[spread] p1a\n|-activate|p1b: Ursaluna|move: Protect\n|-damage|p1a: Porygon2|7\/100\n|-unboost|p2a: Gholdengo|spa|1\n|move|p1a: Porygon2|Trick Room|p1a: Porygon2\n|-fieldstart|move: Trick Room|[of] p1a: Porygon2\n|\n|-status|p1b: Ursaluna|brn|[from] item: Flame Orb\n|upkeep\n|turn|6\n|\n|t:|1732225892\n|move|p2a: Gholdengo|Protect|p2a: Gholdengo\n|-singleturn|p2a: Gholdengo|Protect\n|move|p1b: Ursaluna|Headlong Rush|p2a: Gholdengo\n|-activate|p2a: Gholdengo|move: Protect\n|move|p1a: Porygon2|Recover|p1a: Porygon2\n|-heal|p1a: Porygon2|57\/100\n|move|p2b: Kilowattrel|Air Slash|p1b: Ursaluna\n|-damage|p1b: Ursaluna|81\/100 brn\n|\n|-damage|p1b: Ursaluna|75\/100 brn|[from] brn\n|upkeep\n|turn|7\n|\n|t:|1732225917\n|switch|p2a: Baxcalibur|Baxcalibur, L50, M|100\/100\n|move|p1b: Ursaluna|Headlong Rush|p2a: Baxcalibur\n|-damage|p2a: Baxcalibur|0 fnt\n|-unboost|p1b: Ursaluna|def|1\n|-unboost|p1b: Ursaluna|spd|1\n|faint|p2a: Baxcalibur\n|move|p1a: Porygon2|Shadow Ball|p2b: Kilowattrel\n|-damage|p2b: Kilowattrel|65\/100\n|move|p2b: Kilowattrel|Air Slash|p1b: Ursaluna\n|-damage|p1b: Ursaluna|46\/100 brn\n|\n|-damage|p1b: Ursaluna|40\/100 brn|[from] brn\n|-sideend|p2: chin8|move: Tailwind\n|upkeep\n|\n|t:|1732225923\n|switch|p2a: Gholdengo|Gholdengo, L50|100\/100\n|turn|8\n|\n|t:|1732225934\n|move|p2b: Kilowattrel|Protect|p2b: Kilowattrel\n|-singleturn|p2b: Kilowattrel|Protect\n|move|p1b: Ursaluna|Facade|p2b: Kilowattrel\n|-activate|p2b: Kilowattrel|move: Protect\n|move|p1a: Porygon2|Recover|p1a: Porygon2\n|-heal|p1a: Porygon2|100\/100\n|move|p2a: Gholdengo|Make It Rain|p1a: Porygon2|[spread] p1a,p1b\n|-damage|p1a: Porygon2|82\/100\n|-damage|p1b: Ursaluna|0 fnt\n|-unboost|p2a: Gholdengo|spa|1\n|faint|p1b: Ursaluna\n|\n|-sideend|p1: prototony|move: Light Screen\n|upkeep\n|turn|9\n|\n|t:|1732225947\n|move|p1a: Porygon2|Shadow Ball|p2a: Gholdengo\n|-supereffective|p2a: Gholdengo\n|-damage|p2a: Gholdengo|66\/100\n|-unboost|p2a: Gholdengo|spd|1\n|move|p2a: Gholdengo|Nasty Plot|p2a: Gholdengo\n|-boost|p2a: Gholdengo|spa|2\n|move|p2b: Kilowattrel|Thunderbolt|p1a: Porygon2\n|-damage|p1a: Porygon2|56\/100\n|\n|-heal|p2a: Gholdengo|73\/100|[from] item: Leftovers\n|-fieldend|move: Trick Room\n|upkeep\n|turn|10\n|\n|t:|1732225954\n|move|p2b: Kilowattrel|Thunderbolt|p1a: Porygon2\n|-damage|p1a: Porygon2|31\/100\n|move|p2a: Gholdengo|Make It Rain|p1a: Porygon2\n|-damage|p1a: Porygon2|0 fnt\n|-unboost|p2a: Gholdengo|spa|1\n|faint|p1a: Porygon2\n|\n|win|chin8\n|raw|prototony's rating: 1682 &rarr; <strong>1664<\/strong><br \/>(-18 for losing)\n|raw|chin8's rating: 1721 &rarr; <strong>1739<\/strong><br \/>(+18 for winning)\n|l|\u2606chin8\n|player|p2|\n|l| Salazzlerazzle\n","uploadtime":1732226106,"views":12,"formatid":"gen9vgc2024regh","rating":1664,"private":0,"password":null}