{"id":"gen9vgc2024regh-2248380424","format":"[Gen 9] VGC 2024 Reg H","players":["futonkagebunshin","VGCLTH mike"],"log":"|raw|<div class=\"broadcast-blue\"><strong>This battle is required to be public due to a player having a name starting with 'vgclth'.<\/div>\n|j|\u2606futonkagebunshin\n|j|\u2606VGCLTH mike\n|t:|1732209131\n|gametype|doubles\n|player|p1|futonkagebunshin|policeman-gen4|1681\n|player|p2|VGCLTH mike|irida|1740\n|teamsize|p1|6\n|teamsize|p2|6\n|gen|9\n|tier|[Gen 9] VGC 2024 Reg H\n|rated|\n|rule|Species Clause: Limit one of each Pok\u00e9mon\n|rule|Item Clause: Limit 1 of each item\n|clearpoke\n|poke|p1|Oranguru, L50, M|\n|poke|p1|Archaludon, L50, M|\n|poke|p1|Lilligant-Hisui, L50, F|\n|poke|p1|Torkoal, L50, F|\n|poke|p1|Ursaluna-Bloodmoon, L50, M|\n|poke|p1|Clefable, L50, F|\n|poke|p2|Tyranitar, L50, M|\n|poke|p2|Annihilape, L50, F|\n|poke|p2|Bronzong, L50|\n|poke|p2|Ursaluna-Bloodmoon, L50, M|\n|poke|p2|Whimsicott, L50, M|\n|poke|p2|Gastrodon-East, L50, M|\n|teampreview|4\n|inactive|Battle timer is ON: inactive players will automatically lose when time's up. (requested by VGCLTH mike)\n|j| lalalarodriv\n|\n|t:|1732209161\n|start\n|switch|p1a: Oranguru|Oranguru, L50, M|100\/100\n|switch|p1b: Archaludon|Archaludon, L50, M|100\/100\n|switch|p2a: Ursaluna|Ursaluna-Bloodmoon, L50, M|100\/100\n|switch|p2b: Bronzong|Bronzong, L50|100\/100\n|turn|1\n|inactive|futonkagebunshin has 30 seconds left.\n|j| Mayahoppins\n|\n|t:|1732209193\n|switch|p2b: Gastrodon|Gastrodon-East, L50, M|100\/100\n|move|p1b: Archaludon|Draco Meteor|p2a: Ursaluna\n|-damage|p2a: Ursaluna|25\/100\n|-unboost|p1b: Archaludon|spa|2\n|move|p2a: Ursaluna|Blood Moon|p1a: Oranguru\n|-damage|p1a: Oranguru|15\/100\n|-damage|p2a: Ursaluna|15\/100|[from] item: Life Orb\n|move|p1a: Oranguru|Tera Blast|p2a: Ursaluna\n|-damage|p2a: Ursaluna|0 fnt\n|faint|p2a: Ursaluna\n|\n|upkeep\n|\n|t:|1732209209\n|switch|p2a: Bronzong|Bronzong, L50|100\/100\n|turn|2\n|\n|t:|1732209220\n|switch|p1b: Ursaluna|Ursaluna-Bloodmoon, L50, M|100\/100\n|move|p2b: Gastrodon|Earth Power|p1a: Oranguru\n|-damage|p1a: Oranguru|0 fnt\n|faint|p1a: Oranguru\n|move|p2a: Bronzong|Iron Defense|p2a: Bronzong\n|-boost|p2a: Bronzong|def|2\n|\n|upkeep\n|\n|t:|1732209232\n|switch|p1a: Archaludon|Archaludon, L50, M|100\/100\n|turn|3\n|\n|t:|1732209257\n|-terastallize|p1a: Archaludon|Stellar\n|move|p1a: Archaludon|Electro Shot||[still]\n|-prepare|p1a: Archaludon|Electro Shot\n|-boost|p1a: Archaludon|spa|1\n|-enditem|p1a: Archaludon|Power Herb\n|-anim|p1a: Archaludon|Electro Shot|p2a: Bronzong\n|-damage|p2a: Bronzong|36\/100\n|move|p1b: Ursaluna|Blood Moon|p2a: Bronzong\n|-resisted|p2a: Bronzong\n|-damage|p2a: Bronzong|7\/100\n|move|p2b: Gastrodon|Earth Power|p1a: Archaludon\n|-supereffective|p1a: Archaludon\n|-damage|p1a: Archaludon|3\/100\n|move|p2a: Bronzong|Body Press|p1a: Archaludon\n|-supereffective|p1a: Archaludon\n|-damage|p1a: Archaludon|0 fnt\n|faint|p1a: Archaludon\n|\n|-heal|p2a: Bronzong|13\/100|[from] item: Leftovers\n|upkeep\n|\n|t:|1732209269\n|switch|p1a: Torkoal|Torkoal, L50, F|100\/100\n|-weather|SunnyDay|[from] ability: Drought|[of] p1a: Torkoal\n|turn|4\n|\n|t:|1732209277\n|move|p2b: Gastrodon|Protect|p2b: Gastrodon\n|-singleturn|p2b: Gastrodon|Protect\n|move|p1b: Ursaluna|Hyper Voice|p2b: Gastrodon|[spread] p2a\n|-activate|p2b: Gastrodon|move: Protect\n|-resisted|p2a: Bronzong\n|-damage|p2a: Bronzong|0 fnt\n|faint|p2a: Bronzong\n|-enditem|p1b: Ursaluna|Throat Spray\n|-boost|p1b: Ursaluna|spa|1|[from] item: Throat Spray\n|move|p1a: Torkoal|Flamethrower|p2b: Gastrodon\n|-activate|p2b: Gastrodon|move: Protect\n|\n|-weather|SunnyDay|[upkeep]\n|upkeep\n|\n|t:|1732209282\n|switch|p2a: Tyranitar|Tyranitar, L50, M|100\/100\n|-weather|Sandstorm|[from] ability: Sand Stream|[of] p2a: Tyranitar\n|turn|5\n|\n|t:|1732209307\n|move|p2a: Tyranitar|Rock Slide|p1a: Torkoal|[spread] p1a,p1b\n|-supereffective|p1a: Torkoal\n|-resisted|p1b: Ursaluna\n|-damage|p1a: Torkoal|55\/100\n|-damage|p1b: Ursaluna|89\/100\n|move|p1b: Ursaluna|Earth Power|p2a: Tyranitar\n|-supereffective|p2a: Tyranitar\n|-damage|p2a: Tyranitar|25\/100\n|move|p2b: Gastrodon|Earth Power|p1a: Torkoal\n|-supereffective|p1a: Torkoal\n|-damage|p1a: Torkoal|0 fnt\n|faint|p1a: Torkoal\n|\n|-weather|Sandstorm|[upkeep]\n|upkeep\n|turn|6\n|\n|t:|1732209332\n|move|p1b: Ursaluna|Protect|p1b: Ursaluna\n|-singleturn|p1b: Ursaluna|Protect\n|move|p2a: Tyranitar|Low Kick|p1b: Ursaluna\n|-activate|p1b: Ursaluna|move: Protect\n|move|p2b: Gastrodon|Ice Beam|p1b: Ursaluna\n|-activate|p1b: Ursaluna|move: Protect\n|\n|-weather|Sandstorm|[upkeep]\n|upkeep\n|turn|7\n|\n|t:|1732209345\n|-terastallize|p2a: Tyranitar|Flying\n|move|p2a: Tyranitar|Low Kick|p1b: Ursaluna\n|-supereffective|p1b: Ursaluna\n|-damage|p1b: Ursaluna|22\/100\n|move|p1b: Ursaluna|Blood Moon|p2a: Tyranitar\n|-damage|p2a: Tyranitar|0 fnt\n|faint|p2a: Tyranitar\n|move|p2b: Gastrodon|Ice Beam|p1b: Ursaluna\n|-supereffective|p1b: Ursaluna\n|-damage|p1b: Ursaluna|0 fnt\n|faint|p1b: Ursaluna\n|\n|win|VGCLTH mike\n|raw|futonkagebunshin's rating: 1681 &rarr; <strong>1664<\/strong><br \/>(-17 for losing)\n|raw|VGCLTH mike's rating: 1740 &rarr; <strong>1757<\/strong><br \/>(+17 for winning)\n|l|\u2606VGCLTH mike\n|player|p2|\n|l| lalalarodriv\n|l|\u2606futonkagebunshin\n|player|p1|\n","uploadtime":1732209596,"views":17,"formatid":"gen9vgc2024regh","rating":1664,"private":0,"password":null}