{"id":"gen9vgc2024regh-2248105973","format":"[Gen 9] VGC 2024 Reg H","players":["bluestraggler02","badpiplupvgc"],"log":"|j|\u2606bluestraggler02\n|j|\u2606badpiplupvgc\n|t:|1732171984\n|gametype|doubles\n|player|p1|bluestraggler02|265|1710\n|player|p2|badpiplupvgc|266|1825\n|teamsize|p1|6\n|teamsize|p2|6\n|gen|9\n|tier|[Gen 9] VGC 2024 Reg H\n|rated|\n|rule|Species Clause: Limit one of each Pok\u00e9mon\n|rule|Item Clause: Limit 1 of each item\n|clearpoke\n|poke|p1|Skeledirge, L50, M|\n|poke|p1|Porygon2, L50|\n|poke|p1|Ursaluna, L50, F|\n|poke|p1|Amoonguss, L50, F|\n|poke|p1|Maushold-Four, L50|\n|poke|p1|Archaludon, L50, F|\n|poke|p2|Tyranitar, L50, F|\n|poke|p2|Excadrill, L50, F|\n|poke|p2|Indeedee-F, L50, F|\n|poke|p2|Armarouge, L50, F|\n|poke|p2|Sneasler, L50, F|\n|poke|p2|Milotic, L50, F|\n|teampreview|4\n|j| jeskyv2\n|inactive|Battle timer is ON: inactive players will automatically lose when time's up. (requested by bluestraggler02)\nbluestraggler02 rejected open team sheets.\n|\n|t:|1732172015\n|start\n|switch|p1a: \u80b2\u5e7c\u4e01\u771f|Maushold-Four, L50|100\/100\n|switch|p1b: \u9e2d\u6837\u4e01\u771f|Porygon2, L50|100\/100\n|switch|p2a: Sneasler|Sneasler, L50, F|100\/100\n|switch|p2b: Tyranitar|Tyranitar, L50, F, shiny|100\/100\n|-weather|Sandstorm|[from] ability: Sand Stream|[of] p2b: Tyranitar\n|-ability|p1b: \u9e2d\u6837\u4e01\u771f|Download|boost\n|-boost|p1b: \u9e2d\u6837\u4e01\u771f|atk|1\n|turn|1\n|\n|t:|1732172034\n|move|p1a: \u80b2\u5e7c\u4e01\u771f|Population Bomb|p2a: Sneasler\n|-damage|p2a: Sneasler|82\/100\n|-damage|p2a: Sneasler|65\/100\n|-damage|p2a: Sneasler|49\/100\n|-damage|p2a: Sneasler|32\/100\n|-crit|p2a: Sneasler\n|-damage|p2a: Sneasler|7\/100\n|-damage|p2a: Sneasler|0 fnt\n|faint|p2a: Sneasler\n|-hitcount|p2: Sneasler|6\n|move|p2b: Tyranitar|Knock Off|p1b: \u9e2d\u6837\u4e01\u771f\n|-damage|p1b: \u9e2d\u6837\u4e01\u771f|66\/100\n|-enditem|p1b: \u9e2d\u6837\u4e01\u771f|Eviolite|[from] move: Knock Off|[of] p2b: Tyranitar\n|move|p1b: \u9e2d\u6837\u4e01\u771f|Trick Room|p1b: \u9e2d\u6837\u4e01\u771f\n|-fieldstart|move: Trick Room|[of] p1b: \u9e2d\u6837\u4e01\u771f\n|\n|-weather|Sandstorm|[upkeep]\n|-damage|p1b: \u9e2d\u6837\u4e01\u771f|59\/100|[from] Sandstorm\n|-damage|p1a: \u80b2\u5e7c\u4e01\u771f|94\/100|[from] Sandstorm\n|upkeep\n|\n|t:|1732172056\n|switch|p2a: Excadrill|Excadrill, L50, F, shiny|100\/100\n|turn|2\n|\n|t:|1732172066\n|switch|p1a: \u5706\u6708\u4e01\u771f|Ursaluna, L50, F|100\/100\n|-terastallize|p1b: \u9e2d\u6837\u4e01\u771f|Water\n|move|p1b: \u9e2d\u6837\u4e01\u771f|Tera Blast|p2a: Excadrill|[anim] Tera Blast Water\n|-supereffective|p2a: Excadrill\n|-enditem|p2a: Excadrill|Focus Sash\n|-damage|p2a: Excadrill|1\/100\n|move|p2b: Tyranitar|Knock Off|p1a: \u5706\u6708\u4e01\u771f\n|-damage|p1a: \u5706\u6708\u4e01\u771f|63\/100\n|-enditem|p1a: \u5706\u6708\u4e01\u771f|Flame Orb|[from] move: Knock Off|[of] p2b: Tyranitar\n|move|p2a: Excadrill|High Horsepower|p1a: \u5706\u6708\u4e01\u771f\n|-damage|p1a: \u5706\u6708\u4e01\u771f|21\/100\n|\n|-weather|Sandstorm|[upkeep]\n|-damage|p1b: \u9e2d\u6837\u4e01\u771f|53\/100|[from] Sandstorm\n|upkeep\n|turn|3\n|\n|t:|1732172084\n|switch|p2a: Indeedee|Indeedee-F, L50, F|100\/100\n|-fieldstart|move: Psychic Terrain|[from] ability: Psychic Surge|[of] p2a: Indeedee\n|-terastallize|p2b: Tyranitar|Flying\n|move|p1a: \u5706\u6708\u4e01\u771f|Facade|p2b: Tyranitar\n|-damage|p2b: Tyranitar|68\/100\n|move|p1b: \u9e2d\u6837\u4e01\u771f|Tera Blast|p2b: Tyranitar|[anim] Tera Blast Water\n|-damage|p2b: Tyranitar|42\/100\n|move|p2b: Tyranitar|Rock Slide|p1a: \u5706\u6708\u4e01\u771f|[spread] p1b\n|-miss|p2b: Tyranitar|p1a: \u5706\u6708\u4e01\u771f\n|-damage|p1b: \u9e2d\u6837\u4e01\u771f|24\/100\n|\n|-weather|Sandstorm|[upkeep]\n|-damage|p1b: \u9e2d\u6837\u4e01\u771f|18\/100|[from] Sandstorm\n|-damage|p2b: Tyranitar|36\/100|[from] Sandstorm\n|upkeep\n|turn|4\n|\n|t:|1732172102\n|move|p2a: Indeedee|Follow Me|p2a: Indeedee\n|-singleturn|p2a: Indeedee|move: Follow Me\n|move|p1a: \u5706\u6708\u4e01\u771f|Headlong Rush|p2a: Indeedee\n|-damage|p2a: Indeedee|25\/100\n|-unboost|p1a: \u5706\u6708\u4e01\u771f|def|1\n|-unboost|p1a: \u5706\u6708\u4e01\u771f|spd|1\n|move|p1b: \u9e2d\u6837\u4e01\u771f|Tera Blast|p2a: Indeedee|[anim] Tera Blast Water\n|-damage|p2a: Indeedee|0 fnt\n|faint|p2a: Indeedee\n|move|p2b: Tyranitar|Rock Slide|p1a: \u5706\u6708\u4e01\u771f|[spread] p1a,p1b\n|-resisted|p1a: \u5706\u6708\u4e01\u771f\n|-damage|p1a: \u5706\u6708\u4e01\u771f|4\/100\n|-damage|p1b: \u9e2d\u6837\u4e01\u771f|0 fnt\n|faint|p1b: \u9e2d\u6837\u4e01\u771f\n|\n|-weather|Sandstorm|[upkeep]\n|-damage|p2b: Tyranitar|30\/100|[from] Sandstorm\n|upkeep\n|\n|t:|1732172117\n|switch|p1b: \u80b2\u5e7c\u4e01\u771f|Maushold-Four, L50|94\/100\n|switch|p2a: Excadrill|Excadrill, L50, F, shiny|1\/100\n|turn|5\n|inactive|badpiplupvgc has 30 seconds left.\n|\n|t:|1732172148\n|move|p1a: \u5706\u6708\u4e01\u771f|Facade|p2b: Tyranitar\n|-damage|p2b: Tyranitar|0 fnt\n|faint|p2b: Tyranitar\n|move|p1b: \u80b2\u5e7c\u4e01\u771f|Population Bomb|p2a: Excadrill\n|-resisted|p2a: Excadrill\n|-damage|p2a: Excadrill|0 fnt\n|faint|p2a: Excadrill\n|-hitcount|p2: Excadrill|1\n|\n|win|bluestraggler02\n|raw|bluestraggler02's rating: 1710 &rarr; <strong>1736<\/strong><br \/>(+26 for winning)\n|raw|badpiplupvgc's rating: 1825 &rarr; <strong>1799<\/strong><br \/>(-26 for losing)\n|l|\u2606bluestraggler02\n|player|p1|\n|l|\u2606badpiplupvgc\n|player|p2|\n|l| jeskyv2\n","uploadtime":1732172381,"views":23,"formatid":"gen9vgc2024regh","rating":1736,"private":0,"password":null}