{"id":"gen9vgc2024regh-2248608508","format":"[Gen 9] VGC 2024 Reg H","players":["VGCLTHTornsEnjoyer","Yagamoth"],"log":"|raw|<div class=\"broadcast-blue\"><strong>This battle is required to be public due to a player having a name starting with 'vgclth'.<\/div>\n|j|\u2606VGCLTHTornsEnjoyer\n|j|\u2606Yagamoth\n|t:|1732231897\n|gametype|doubles\n|player|p1|VGCLTHTornsEnjoyer|turo|1647\n|player|p2|Yagamoth|janitor|1740\n|teamsize|p1|6\n|teamsize|p2|6\n|gen|9\n|tier|[Gen 9] VGC 2024 Reg H\n|rated|\n|rule|Species Clause: Limit one of each Pok\u00e9mon\n|rule|Item Clause: Limit 1 of each item\n|clearpoke\n|poke|p1|Gholdengo, L50|\n|poke|p1|Grimmsnarl, L50, M|\n|poke|p1|Whimsicott, L50, M|\n|poke|p1|Ursaluna-Bloodmoon, L50, M|\n|poke|p1|Dragonite, L50, M|\n|poke|p1|Annihilape, L50, M|\n|poke|p2|Hariyama, L50, F|\n|poke|p2|Incineroar, L50, F|\n|poke|p2|Farigiraf, L50, M|\n|poke|p2|Torkoal, L50, F|\n|poke|p2|Ursaluna-Bloodmoon, L50, M|\n|poke|p2|Exeggutor-Alola, L50, F|\n|teampreview|4\n|inactive|Battle timer is ON: inactive players will automatically lose when time's up. (requested by VGCLTHTornsEnjoyer)\n|inactive|Yagamoth has 60 seconds left.\n|\n|t:|1732231936\n|start\n|switch|p1a: Annihilape|Annihilape, L50, M|100\/100\n|switch|p1b: Dragonite|Dragonite, L50, M|100\/100\n|switch|p2a: Hariyama|Hariyama, L50, F|100\/100\n|switch|p2b: Farigiraf|Farigiraf, L50, M|100\/100\n|turn|1\n|\n|t:|1732231957\n|move|p1a: Annihilape|Final Gambit|p2b: Farigiraf\n|-damage|p2b: Farigiraf|5\/100\n|faint|p1a: Annihilape\n|move|p1b: Dragonite|Aerial Ace|p2b: Farigiraf\n|-damage|p2b: Farigiraf|0 fnt\n|faint|p2b: Farigiraf\n|move|p2a: Hariyama|Knock Off|p1b: Dragonite\n|-damage|p1b: Dragonite|57\/100\n|-enditem|p1b: Dragonite|Choice Band|[from] move: Knock Off|[of] p2a: Hariyama\n|\n|-status|p2a: Hariyama|brn|[from] item: Flame Orb\n|upkeep\n|\n|t:|1732231964\n|switch|p1a: Gholdengo|Gholdengo, L50|100\/100\n|switch|p2b: Exeggutor|Exeggutor-Alola, L50, F|100\/100\n|turn|2\n|\n|t:|1732231976\n|-terastallize|p1a: Gholdengo|Steel\n|move|p2a: Hariyama|Wide Guard|p2a: Hariyama\n|-singleturn|p2a: Hariyama|Wide Guard\n|move|p1a: Gholdengo|Make It Rain|p2a: Hariyama|[spread] \n|-activate|p2a: Hariyama|move: Wide Guard\n|-activate|p2b: Exeggutor|move: Wide Guard\n|move|p1b: Dragonite|Aerial Ace|p2b: Exeggutor\n|-supereffective|p2b: Exeggutor\n|-crit|p2b: Exeggutor\n|-damage|p2b: Exeggutor|0 fnt\n|faint|p2b: Exeggutor\n|\n|-damage|p2a: Hariyama|95\/100 brn|[from] brn\n|upkeep\n|\n|t:|1732231987\n|switch|p2b: Ursaluna|Ursaluna-Bloodmoon, L50, M|100\/100\n|turn|3\n|\n|t:|1732232011\n|switch|p1a: Ursaluna|Ursaluna-Bloodmoon, L50, M|100\/100\n|-terastallize|p2a: Hariyama|Steel\n|move|p2a: Hariyama|Wide Guard|p2a: Hariyama\n|-singleturn|p2a: Hariyama|Wide Guard\n|move|p1b: Dragonite|Aerial Ace|p2a: Hariyama\n|-resisted|p2a: Hariyama\n|-damage|p2a: Hariyama|74\/100 brn\n|move|p2b: Ursaluna|Blood Moon|p1b: Dragonite\n|-damage|p1b: Dragonite|0 fnt\n|faint|p1b: Dragonite\n|-damage|p2b: Ursaluna|91\/100|[from] item: Life Orb\n|\n|-damage|p2a: Hariyama|69\/100 brn|[from] brn\n|upkeep\n|\n|t:|1732232025\n|switch|p1b: Gholdengo|Gholdengo, L50, tera:Steel|100\/100\n|turn|4\n|\n|t:|1732232039\n|move|p2a: Hariyama|Wide Guard|p2a: Hariyama\n|-singleturn|p2a: Hariyama|Wide Guard\n|move|p1b: Gholdengo|Trick|p1a: Ursaluna\n|-activate|p1b: Gholdengo|move: Trick|[of] p1a: Ursaluna\n|-item|p1a: Ursaluna|Choice Specs|[from] move: Trick\n|-item|p1b: Gholdengo|Assault Vest|[from] move: Trick\n|move|p1a: Ursaluna|Earth Power|p2a: Hariyama\n|-supereffective|p2a: Hariyama\n|-damage|p2a: Hariyama|0 fnt\n|faint|p2a: Hariyama\n|move|p2b: Ursaluna|Earth Power|p1b: Gholdengo\n|-supereffective|p1b: Gholdengo\n|-damage|p1b: Gholdengo|0 fnt\n|faint|p1b: Gholdengo\n|-damage|p2b: Ursaluna|81\/100|[from] item: Life Orb\n|\n|upkeep\n|turn|5\n|\n|t:|1732232046\n|move|p2b: Ursaluna|Protect|p2b: Ursaluna\n|-singleturn|p2b: Ursaluna|Protect\n|move|p1a: Ursaluna|Earth Power|p2b: Ursaluna\n|-activate|p2b: Ursaluna|move: Protect\n|\n|upkeep\n|turn|6\n|\n|t:|1732232051\n|move|p1a: Ursaluna|Earth Power|p2b: Ursaluna\n|-damage|p2b: Ursaluna|0 fnt\n|faint|p2b: Ursaluna\n|\n|win|VGCLTHTornsEnjoyer\n|raw|VGCLTHTornsEnjoyer's rating: 1658 &rarr; <strong>1683<\/strong><br \/>(+25 for winning)\n|raw|Yagamoth's rating: 1740 &rarr; <strong>1715<\/strong><br \/>(-25 for losing)\n|l|\u2606VGCLTHTornsEnjoyer\n|player|p1|\n|c|\u2606Yagamoth|clever\n|l|\u2606Yagamoth\n|player|p2|\n","uploadtime":1732232200,"views":17,"formatid":"gen9vgc2024regh","rating":1683,"private":0,"password":null}