{"id":"gen9vgc2024regh-2248579617","format":"[Gen 9] VGC 2024 Reg H","players":["GooglePay","VGCLTH Sir Aaron"],"log":"|raw|<div class=\"broadcast-blue\"><strong>This battle is required to be public due to a player having a name starting with 'vgclth'.<\/div>\n|j|\u2606GooglePay\n|j|\u2606VGCLTH Sir Aaron\n|t:|1732228554\n|gametype|doubles\n|player|p1|GooglePay|102|1704\n|player|p2|VGCLTH Sir Aaron|red-masters3|1690\n|teamsize|p1|6\n|teamsize|p2|6\n|gen|9\n|tier|[Gen 9] VGC 2024 Reg H\n|rated|\n|rule|Species Clause: Limit one of each Pok\u00e9mon\n|rule|Item Clause: Limit 1 of each item\n|clearpoke\n|poke|p1|Dragonite, L50, M|\n|poke|p1|Incineroar, L50, F|\n|poke|p1|Annihilape, L50, M|\n|poke|p1|Rillaboom, L50, M|\n|poke|p1|Ursaluna-Bloodmoon, L50, M|\n|poke|p1|Gholdengo, L50|\n|poke|p2|Azumarill, L50, F|\n|poke|p2|Archaludon, L50, F|\n|poke|p2|Arcanine, L50, M|\n|poke|p2|Electabuzz, L50, M|\n|poke|p2|Rillaboom, L50, F|\n|poke|p2|Dragonite, L50, M|\n|teampreview|4\n|\n|t:|1732228608\n|start\n|switch|p1a: Ursaluna|Ursaluna-Bloodmoon, L50, M|100\/100\n|switch|p1b: Incineroar|Incineroar, L50, F|100\/100\n|switch|p2a: Azumarill|Azumarill, L50, F|100\/100\n|switch|p2b: Electabuzz|Electabuzz, L50, M|100\/100\n|-ability|p1b: Incineroar|Intimidate|boost\n|-unboost|p2a: Azumarill|atk|1\n|-unboost|p2b: Electabuzz|atk|1\n|turn|1\n|j| kyo9t\n|inactive|Battle timer is ON: inactive players will automatically lose when time's up. (requested by VGCLTH Sir Aaron)\n|\n|t:|1732228636\n|move|p2b: Electabuzz|Protect|p2b: Electabuzz\n|-singleturn|p2b: Electabuzz|Protect\n|move|p2a: Azumarill|Protect|p2a: Azumarill\n|-singleturn|p2a: Azumarill|Protect\n|move|p1a: Ursaluna|Hyper Voice|p2b: Electabuzz|[spread] \n|-activate|p2a: Azumarill|move: Protect\n|-activate|p2b: Electabuzz|move: Protect\n|move|p1b: Incineroar|Parting Shot|p2a: Azumarill\n|-activate|p2a: Azumarill|move: Protect\n|\n|upkeep\n|turn|2\n|inactive|GooglePay has 30 seconds left.\n|inactive|GooglePay has 20 seconds left.\n|\n|t:|1732228674\n|move|p2b: Electabuzz|Follow Me|p2b: Electabuzz\n|-singleturn|p2b: Electabuzz|move: Follow Me\n|move|p1a: Ursaluna|Earth Power|p2b: Electabuzz\n|-supereffective|p2b: Electabuzz\n|-damage|p2b: Electabuzz|29\/100\n|move|p1b: Incineroar|Knock Off|p2b: Electabuzz\n|-damage|p2b: Electabuzz|0 fnt\n|-enditem|p2b: Electabuzz|Eviolite|[from] move: Knock Off|[of] p1b: Incineroar\n|faint|p2b: Electabuzz\n|move|p2a: Azumarill|Belly Drum|p2a: Azumarill\n|-damage|p2a: Azumarill|51\/100\n|-setboost|p2a: Azumarill|atk|6|[from] move: Belly Drum\n|\n|upkeep\n|inactive|VGCLTH Sir Aaron has 30 seconds left.\n|inactive|VGCLTH Sir Aaron has 20 seconds left.\n|j| volcaronavgc\n|inactive|VGCLTH Sir Aaron has 15 seconds left.\n|inactive|VGCLTH Sir Aaron has 10 seconds left.\n|j| tyo\n|inactive|VGCLTH Sir Aaron has 5 seconds left.\n|\n|t:|1732228727\n|switch|p2b: Arcanine|Arcanine, L50, M|100\/100\n|-ability|p2b: Arcanine|Intimidate|boost\n|-unboost|p1a: Ursaluna|atk|1\n|-unboost|p1b: Incineroar|atk|1\n|turn|3\n|\n|t:|1732228746\n|-terastallize|p1a: Ursaluna|Ghost\n|move|p2b: Arcanine|Protect|p2b: Arcanine\n|-singleturn|p2b: Arcanine|Protect\n|move|p2a: Azumarill|Protect|p2a: Azumarill\n|-singleturn|p2a: Azumarill|Protect\n|move|p1a: Ursaluna|Blood Moon|p2a: Azumarill\n|-activate|p2a: Azumarill|move: Protect\n|move|p1b: Incineroar|Parting Shot|p2b: Arcanine\n|-activate|p2b: Arcanine|move: Protect\n|\n|upkeep\n|turn|4\n|inactive|GooglePay has 30 seconds left.\n|inactive|VGCLTH Sir Aaron has 30 seconds left.\n|l| kyo9t\n|inactive|VGCLTH Sir Aaron has 20 seconds left.\n|\n|t:|1732228783\n|-terastallize|p2a: Azumarill|Water\n|move|p2a: Azumarill|Aqua Jet|p1a: Ursaluna\n|-damage|p1a: Ursaluna|0 fnt\n|faint|p1a: Ursaluna\n|move|p2b: Arcanine|Flare Blitz|p1b: Incineroar\n|-resisted|p1b: Incineroar\n|-damage|p1b: Incineroar|76\/100\n|-damage|p2b: Arcanine|90\/100|[from] Recoil\n|move|p1b: Incineroar|Flare Blitz|p2a: Azumarill\n|-resisted|p2a: Azumarill\n|-damage|p2a: Azumarill|34\/100\n|-status|p2a: Azumarill|brn\n|-enditem|p2a: Azumarill|Sitrus Berry|[eat]\n|-heal|p2a: Azumarill|59\/100 brn|[from] item: Sitrus Berry\n|-damage|p1b: Incineroar|70\/100|[from] Recoil\n|\n|-damage|p2a: Azumarill|53\/100 brn|[from] brn\n|upkeep\n|\n|t:|1732228806\n|switch|p1a: Annihilape|Annihilape, L50, M|100\/100\n|turn|5\n|\n|t:|1732228823\n|move|p2a: Azumarill|Protect|p2a: Azumarill\n|-singleturn|p2a: Azumarill|Protect\n|move|p2b: Arcanine|Flare Blitz|p1a: Annihilape\n|-crit|p1a: Annihilape\n|-damage|p1a: Annihilape|2\/100\n|-damage|p2b: Arcanine|54\/100|[from] Recoil\n|move|p1a: Annihilape|Taunt|p2b: Arcanine\n|-start|p2b: Arcanine|move: Taunt\n|move|p1b: Incineroar|Parting Shot|p2b: Arcanine\n|-unboost|p2b: Arcanine|atk|1\n|-unboost|p2b: Arcanine|spa|1\n|j| ProssettiVGC\n|\n|t:|1732228833\n|switch|p1b: Dragonite|Dragonite, L50, M|100\/100|[from] Parting Shot\n|\n|-damage|p2a: Azumarill|47\/100 brn|[from] brn\n|upkeep\n|turn|6\n|inactive|GooglePay has 30 seconds left.\n|inactive|GooglePay has 20 seconds left.\n|inactive|GooglePay has 15 seconds left.\n|inactive|GooglePay has 10 seconds left.\n|\n|t:|1732228880\n|switch|p2b: Archaludon|Archaludon, L50, F|100\/100\n|switch|p1a: Incineroar|Incineroar, L50, F|70\/100\n|-ability|p1a: Incineroar|Intimidate|boost\n|-unboost|p2a: Azumarill|atk|1\n|-unboost|p2b: Archaludon|atk|1\n|move|p2a: Azumarill|Aqua Jet|p1a: Incineroar\n|-supereffective|p1a: Incineroar\n|-damage|p1a: Incineroar|0 fnt\n|faint|p1a: Incineroar\n|move|p1b: Dragonite|Scale Shot|p2a: Azumarill|[miss]\n|-miss|p1b: Dragonite|p2a: Azumarill\n|\n|-damage|p2a: Azumarill|40\/100 brn|[from] brn\n|upkeep\n|\n|t:|1732228895\n|switch|p1a: Annihilape|Annihilape, L50, M|2\/100\n|turn|7\n|\n|t:|1732228902\n|switch|p2b: Arcanine|Arcanine, L50, M|54\/100\n|-ability|p2b: Arcanine|Intimidate|boost\n|-unboost|p1a: Annihilape|atk|1\n|-ability|p1a: Annihilape|Defiant|boost\n|-boost|p1a: Annihilape|atk|2\n|-enditem|p2b: Arcanine|Mirror Herb\n|-boost|p2b: Arcanine|atk|2|[from] item: Mirror Herb\n|-unboost|p1b: Dragonite|atk|1\n|move|p2a: Azumarill|Protect|p2a: Azumarill\n|-singleturn|p2a: Azumarill|Protect\n|move|p1a: Annihilape|Close Combat|p2b: Arcanine\n|-damage|p2b: Arcanine|0 fnt\n|-unboost|p1a: Annihilape|def|1\n|-unboost|p1a: Annihilape|spd|1\n|faint|p2b: Arcanine\n|move|p1b: Dragonite|Scale Shot|p2a: Azumarill\n|-activate|p2a: Azumarill|move: Protect\n|\n|-damage|p2a: Azumarill|34\/100 brn|[from] brn\n|upkeep\n|\n|t:|1732228919\n|switch|p2b: Archaludon|Archaludon, L50, F|100\/100\n|turn|8\n|\n|t:|1732228936\n|move|p2a: Azumarill|Aqua Jet|p1b: Dragonite\n|-resisted|p1b: Dragonite\n|-damage|p1b: Dragonite|84\/100\n|move|p1a: Annihilape|Close Combat|p2b: Archaludon\n|-supereffective|p2b: Archaludon\n|-ability|p2b: Archaludon|Sturdy\n|-damage|p2b: Archaludon|1\/100\n|-unboost|p1a: Annihilape|def|1\n|-unboost|p1a: Annihilape|spd|1\n|move|p2b: Archaludon|Dragon Pulse|p1b: Dragonite\n|-supereffective|p1b: Dragonite\n|-damage|p1b: Dragonite|0 fnt\n|faint|p1b: Dragonite\n|\n|-damage|p2a: Azumarill|28\/100 brn|[from] brn\n|upkeep\n|turn|9\n|l| ProssettiVGC\n|l| tyo\n|-message|GooglePay forfeited.\n|\n|win|VGCLTH Sir Aaron\n|raw|GooglePay's rating: 1704 &rarr; <strong>1683<\/strong><br \/>(-21 for losing)\n|raw|VGCLTH Sir Aaron's rating: 1690 &rarr; <strong>1711<\/strong><br \/>(+21 for winning)\n","uploadtime":1732228961,"views":53,"formatid":"gen9vgc2024regh","rating":1683,"private":0,"password":null}