{"id":"gen9vgc2024regh-2248084553","format":"[Gen 9] VGC 2024 Reg H","players":["elvegis1","taku4986726"],"log":"|j|\u2606elvegis1\n|j|\u2606taku4986726\n|t:|1732167853\n|gametype|doubles\n|player|p1|elvegis1|lucas|1732\n|player|p2|taku4986726|pokekid|1812\n|teamsize|p1|6\n|teamsize|p2|6\n|gen|9\n|tier|[Gen 9] VGC 2024 Reg H\n|rated|\n|rule|Species Clause: Limit one of each Pok\u00e9mon\n|rule|Item Clause: Limit 1 of each item\n|clearpoke\n|poke|p1|Incineroar, L50, F|\n|poke|p1|Gholdengo, L50|\n|poke|p1|Dondozo, L50, F|\n|poke|p1|Magnezone, L50|\n|poke|p1|Ursaluna, L50, F|\n|poke|p1|Dusclops, L50, M|\n|poke|p2|Dragonite, L50, F|\n|poke|p2|Armarouge, L50, M|\n|poke|p2|Indeedee-F, L50, F|\n|poke|p2|Annihilape, L50, F|\n|poke|p2|Tauros-Paldea-Aqua, L50, M|\n|poke|p2|Ursaluna, L50, F|\n|teampreview|4\n|inactive|Battle timer is ON: inactive players will automatically lose when time's up. (requested by elvegis1)\n|inactive|elvegis1 has 60 seconds left.\n|inactive|taku4986726 has 60 seconds left.\n|\n|t:|1732167895\n|start\n|switch|p1a: Dusclops|Dusclops, L50, M|100\/100\n|switch|p1b: Gholdengo|Gholdengo, L50|100\/100\n|switch|p2a: Armarouge|Armarouge, L50, M|100\/100\n|switch|p2b: Tauros|Tauros-Paldea-Aqua, L50, M|100\/100\n|-ability|p2b: Tauros|Intimidate|boost\n|-unboost|p1a: Dusclops|atk|1\n|-unboost|p1b: Gholdengo|atk|1\n|-item|p2a: Armarouge|Focus Sash|[from] ability: Frisk|[of] p1a: Dusclops\n|-item|p2b: Tauros|Eject Pack|[from] ability: Frisk|[of] p1a: Dusclops\n|turn|1\n|inactive|elvegis1 has 30 seconds left.\n|inactive|taku4986726 has 30 seconds left.\n|\n|t:|1732167929\n|switch|p1b: Dondozo|Dondozo, L50, F|100\/100\n|move|p2b: Tauros|Raging Bull|p1a: Dusclops\n|-damage|p1a: Dusclops|74\/100\n|move|p2a: Armarouge|Armor Cannon|p1b: Dondozo\n|-resisted|p1b: Dondozo\n|-damage|p1b: Dondozo|77\/100\n|-unboost|p2a: Armarouge|def|1\n|-unboost|p2a: Armarouge|spd|1\n|move|p1a: Dusclops|Trick Room|p1a: Dusclops\n|-fieldstart|move: Trick Room|[of] p1a: Dusclops\n|\n|-heal|p1b: Dondozo|83\/100|[from] item: Leftovers\n|upkeep\n|turn|2\n|\n|t:|1732167948\n|move|p2a: Armarouge|Protect|p2a: Armarouge\n|-singleturn|p2a: Armarouge|Protect\n|move|p1a: Dusclops|Pain Split|p2a: Armarouge\n|-activate|p2a: Armarouge|move: Protect\n|move|p1b: Dondozo|Wave Crash|p2a: Armarouge\n|-activate|p2a: Armarouge|move: Protect\n|move|p2b: Tauros|Close Combat|p1b: Dondozo\n|-damage|p1b: Dondozo|48\/100\n|-unboost|p2b: Tauros|def|1\n|-unboost|p2b: Tauros|spd|1\n|-enditem|p2b: Tauros|Eject Pack\n|\n|t:|1732167960\n|switch|p2b: Indeedee|Indeedee-F, L50, F|100\/100\n|-fieldstart|move: Psychic Terrain|[from] ability: Psychic Surge|[of] p2b: Indeedee\n|\n|-heal|p1b: Dondozo|54\/100|[from] item: Leftovers\n|upkeep\n|turn|3\n|inactive|elvegis1 has 30 seconds left.\n|inactive|elvegis1 has 20 seconds left.\n|inactive|elvegis1 has 15 seconds left.\n|\n|t:|1732168000\n|switch|p1b: Incineroar|Incineroar, L50, F|100\/100\n|-ability|p1b: Incineroar|Intimidate|boost\n|-unboost|p2a: Armarouge|atk|1\n|-unboost|p2b: Indeedee|atk|1\n|-terastallize|p2a: Armarouge|Psychic\n|move|p2b: Indeedee|Follow Me|p2b: Indeedee\n|-singleturn|p2b: Indeedee|move: Follow Me\n|move|p1a: Dusclops|Pain Split|p2b: Indeedee\n|-sethp|p2b: Indeedee|81\/100|[from] move: Pain Split|[silent]\n|-sethp|p1a: Dusclops|97\/100|[from] move: Pain Split\n|move|p2a: Armarouge|Expanding Force|p1a: Dusclops|[spread] p1a\n|-immune|p1b: Incineroar\n|-damage|p1a: Dusclops|51\/100\n|\n|upkeep\n|turn|4\n|inactive|taku4986726 has 30 seconds left.\n|inactive|taku4986726 has 20 seconds left.\n|\n|t:|1732168039\n|move|p2b: Indeedee|Follow Me|p2b: Indeedee\n|-singleturn|p2b: Indeedee|move: Follow Me\n|move|p1a: Dusclops|Pain Split|p2b: Indeedee\n|-sethp|p2b: Indeedee|62\/100|[from] move: Pain Split|[silent]\n|-sethp|p1a: Dusclops|74\/100|[from] move: Pain Split\n|move|p1b: Incineroar|Knock Off|p2b: Indeedee\n|-supereffective|p2b: Indeedee\n|-damage|p2b: Indeedee|0 fnt\n|-damage|p1b: Incineroar|84\/100|[from] item: Rocky Helmet|[of] p2b: Indeedee\n|-enditem|p2b: Indeedee|Rocky Helmet|[from] move: Knock Off|[of] p1b: Incineroar\n|faint|p2b: Indeedee\n|move|p2a: Armarouge|Expanding Force|p1a: Dusclops|[spread] p1a\n|-immune|p1b: Incineroar\n|-damage|p1a: Dusclops|29\/100\n|\n|upkeep\n|inactive|taku4986726 has 30 seconds left.\n|inactive|taku4986726 has 20 seconds left.\n|\n|t:|1732168078\n|switch|p2b: Ursaluna|Ursaluna, L50, F|100\/100\n|turn|5\n|\n|t:|1732168090\n|switch|p1b: Dondozo|Dondozo, L50, F|54\/100\n|move|p2b: Ursaluna|Protect|p2b: Ursaluna\n|-singleturn|p2b: Ursaluna|Protect\n|move|p2a: Armarouge|Protect|p2a: Armarouge\n|-singleturn|p2a: Armarouge|Protect\n|move|p1a: Dusclops|Pain Split|p2b: Ursaluna\n|-activate|p2b: Ursaluna|move: Protect\n|\n|-heal|p1b: Dondozo|60\/100|[from] item: Leftovers\n|-fieldend|move: Trick Room\n|-status|p2b: Ursaluna|brn|[from] item: Flame Orb\n|upkeep\n|turn|6\n|inactive|taku4986726 has 30 seconds left.\n|\n|t:|1732168121\n|move|p1b: Dondozo|Protect|p1b: Dondozo\n|-singleturn|p1b: Dondozo|Protect\n|move|p2a: Armarouge|Expanding Force|p1b: Dondozo|[spread] p1a\n|-activate|p1b: Dondozo|move: Protect\n|-damage|p1a: Dusclops|0 fnt\n|faint|p1a: Dusclops\n|move|p2b: Ursaluna|Headlong Rush|p1b: Dondozo\n|-activate|p1b: Dondozo|move: Protect\n|\n|-heal|p1b: Dondozo|66\/100|[from] item: Leftovers\n|-damage|p2b: Ursaluna|94\/100 brn|[from] brn\n|-fieldend|move: Psychic Terrain\n|upkeep\n|\n|t:|1732168139\n|switch|p1a: Incineroar|Incineroar, L50, F|84\/100\n|-ability|p1a: Incineroar|Intimidate|boost\n|-unboost|p2a: Armarouge|atk|1\n|-unboost|p2b: Ursaluna|atk|1\n|turn|7\n|\n|t:|1732168153\n|switch|p2b: Tauros|Tauros-Paldea-Aqua, L50, M|100\/100\n|-ability|p2b: Tauros|Intimidate|boost\n|-unboost|p1a: Incineroar|atk|1\n|-unboost|p1b: Dondozo|atk|1\n|move|p2a: Armarouge|Protect|p2a: Armarouge\n|-singleturn|p2a: Armarouge|Protect\n|move|p1a: Incineroar|Knock Off|p2a: Armarouge\n|-activate|p2a: Armarouge|move: Protect\n|move|p1b: Dondozo|Wave Crash|p2b: Tauros\n|-resisted|p2b: Tauros\n|-damage|p2b: Tauros|83\/100\n|-damage|p1b: Dondozo|62\/100|[from] Recoil\n|\n|-heal|p1b: Dondozo|69\/100|[from] item: Leftovers\n|upkeep\n|turn|8\n|inactive|taku4986726 has 30 seconds left.\n|\n|t:|1732168178\n|-terastallize|p1a: Incineroar|Ghost\n|move|p2b: Tauros|Close Combat|p1a: Incineroar\n|-immune|p1a: Incineroar\n|move|p2a: Armarouge|Armor Cannon|p1a: Incineroar\n|-damage|p1a: Incineroar|34\/100\n|-unboost|p2a: Armarouge|def|1\n|-unboost|p2a: Armarouge|spd|1\n|-enditem|p1a: Incineroar|Sitrus Berry|[eat]\n|-heal|p1a: Incineroar|59\/100|[from] item: Sitrus Berry\n|move|p1a: Incineroar|Knock Off|p2a: Armarouge\n|-supereffective|p2a: Armarouge\n|-enditem|p2a: Armarouge|Focus Sash\n|-damage|p2a: Armarouge|1\/100\n|-ability|p2a: Armarouge|Weak Armor|boost\n|-unboost|p2a: Armarouge|def|1\n|-boost|p2a: Armarouge|spe|2\n|move|p1b: Dondozo|Wave Crash|p2a: Armarouge\n|-damage|p2a: Armarouge|0 fnt\n|faint|p2a: Armarouge\n|-damage|p1b: Dondozo|68\/100|[from] Recoil\n|\n|-heal|p1b: Dondozo|74\/100|[from] item: Leftovers\n|upkeep\n|\n|t:|1732168196\n|switch|p2a: Ursaluna|Ursaluna, L50, F|94\/100 brn\n|turn|9\n|\n|t:|1732168210\n|move|p2a: Ursaluna|Protect|p2a: Ursaluna\n|-singleturn|p2a: Ursaluna|Protect\n|move|p1b: Dondozo|Protect|p1b: Dondozo\n|-singleturn|p1b: Dondozo|Protect\n|move|p2b: Tauros|Raging Bull|p1a: Incineroar\n|-damage|p1a: Incineroar|18\/100\n|move|p1a: Incineroar|Parting Shot|p2b: Tauros\n|-unboost|p2b: Tauros|atk|1\n|-unboost|p2b: Tauros|spa|1\n|\n|t:|1732168217\n|switch|p1a: Gholdengo|Gholdengo, L50|100\/100|[from] Parting Shot\n|\n|-heal|p1b: Dondozo|80\/100|[from] item: Leftovers\n|-damage|p2a: Ursaluna|88\/100 brn|[from] brn\n|upkeep\n|turn|10\n|\n|t:|1732168227\n|switch|p1a: Incineroar|Incineroar, L50, F, tera:Ghost|18\/100\n|-ability|p1a: Incineroar|Intimidate|boost\n|-unboost|p2a: Ursaluna|atk|1\n|-unboost|p2b: Tauros|atk|1\n|move|p2b: Tauros|Protect|p2b: Tauros\n|-singleturn|p2b: Tauros|Protect\n|move|p2a: Ursaluna|Earthquake|p1b: Dondozo|[spread] p1a,p1b\n|-activate|p2b: Tauros|move: Protect\n|-damage|p1a: Incineroar|0 fnt\n|-damage|p1b: Dondozo|35\/100\n|faint|p1a: Incineroar\n|move|p1b: Dondozo|Wave Crash|p2a: Ursaluna\n|-supereffective|p2a: Ursaluna\n|-damage|p2a: Ursaluna|39\/100 brn\n|-damage|p1b: Dondozo|21\/100|[from] Recoil\n|\n|-heal|p1b: Dondozo|27\/100|[from] item: Leftovers\n|-damage|p2a: Ursaluna|33\/100 brn|[from] brn\n|upkeep\n|\n|t:|1732168240\n|switch|p1a: Gholdengo|Gholdengo, L50|100\/100\n|turn|11\n|inactive|taku4986726 has 30 seconds left.\n|j| gambiting\n|\n|t:|1732168267\n|move|p1a: Gholdengo|Protect|p1a: Gholdengo\n|-singleturn|p1a: Gholdengo|Protect\n|move|p1b: Dondozo|Protect|p1b: Dondozo\n|-singleturn|p1b: Dondozo|Protect\n|move|p2b: Tauros|Close Combat|p1b: Dondozo\n|-activate|p1b: Dondozo|move: Protect\n|move|p2a: Ursaluna|Headlong Rush|p1a: Gholdengo\n|-activate|p1a: Gholdengo|move: Protect\n|\n|-heal|p1b: Dondozo|33\/100|[from] item: Leftovers\n|-damage|p2a: Ursaluna|27\/100 brn|[from] brn\n|upkeep\n|turn|12\n|\n|t:|1732168290\n|move|p2a: Ursaluna|Protect|p2a: Ursaluna\n|-singleturn|p2a: Ursaluna|Protect\n|move|p1b: Dondozo|Protect|p1b: Dondozo\n|-singleturn|p1b: Dondozo|Protect\n|move|p2b: Tauros|Close Combat|p1b: Dondozo\n|-activate|p1b: Dondozo|move: Protect\n|move|p1a: Gholdengo|Make It Rain|p2b: Tauros|[spread] p2b\n|-activate|p2a: Ursaluna|move: Protect\n|-resisted|p2b: Tauros\n|-damage|p2b: Tauros|34\/100\n|-unboost|p1a: Gholdengo|spa|1\n|\n|-heal|p1b: Dondozo|39\/100|[from] item: Leftovers\n|-damage|p2a: Ursaluna|20\/100 brn|[from] brn\n|upkeep\n|turn|13\n|\n|t:|1732168306\n|move|p2b: Tauros|Close Combat|p1b: Dondozo\n|-damage|p1b: Dondozo|1\/100\n|-unboost|p2b: Tauros|def|1\n|-unboost|p2b: Tauros|spd|1\n|move|p1a: Gholdengo|Make It Rain|p2a: Ursaluna|[spread] p2a,p2b\n|-resisted|p2b: Tauros\n|-damage|p2a: Ursaluna|0 fnt\n|-damage|p2b: Tauros|0 fnt\n|-unboost|p1a: Gholdengo|spa|1\n|faint|p2a: Ursaluna\n|faint|p2b: Tauros\n|\n|win|elvegis1\n|raw|elvegis1's rating: 1732 &rarr; <strong>1757<\/strong><br \/>(+25 for winning)\n|raw|taku4986726's rating: 1812 &rarr; <strong>1787<\/strong><br \/>(-25 for losing)\n|l|\u2606taku4986726\n|player|p2|\n|l|\u2606elvegis1\n|player|p1|\n|l| gambiting\n","uploadtime":1732168538,"views":23,"formatid":"gen9vgc2024regh","rating":1757,"private":0,"password":null}