{"id":"gen9vgc2024regh-2248341145","format":"[Gen 9] VGC 2024 Reg H","players":["VGCLTH mike","juacox300"],"log":"|raw|<div class=\"broadcast-blue\"><strong>This battle is required to be public due to a player having a name starting with 'vgclth'.<\/div>\n|j|\u2606VGCLTH mike\n|j|\u2606juacox300\n|t:|1732205405\n|gametype|doubles\n|player|p1|VGCLTH mike|irida|1651\n|player|p2|juacox300|unknown|1726\n|teamsize|p1|6\n|teamsize|p2|6\n|gen|9\n|tier|[Gen 9] VGC 2024 Reg H\n|rated|\n|rule|Species Clause: Limit one of each Pok\u00e9mon\n|rule|Item Clause: Limit 1 of each item\n|clearpoke\n|poke|p1|Tyranitar, L50, F|\n|poke|p1|Annihilape, L50, M|\n|poke|p1|Bronzong, L50|\n|poke|p1|Ursaluna-Bloodmoon, L50, M|\n|poke|p1|Whimsicott, L50, F|\n|poke|p1|Gastrodon-East, L50, M|\n|poke|p2|Ursaluna, L50, F|\n|poke|p2|Murkrow, L50, M|\n|poke|p2|Sneasler, L50, M|\n|poke|p2|Indeedee, L50, M|\n|poke|p2|Archaludon, L50, M|\n|poke|p2|Incineroar, L50, M|\n|teampreview|4\n|inactive|Battle timer is ON: inactive players will automatically lose when time's up. (requested by VGCLTH mike)\n|j| uppercut vgc\n|l| uppercut vgc\n|inactive|juacox300 has 60 seconds left.\n|j| Therazer456\n|j| HM4coach\n|\n|t:|1732205452\n|start\n|switch|p1a: Bronzong|Bronzong, L50|100\/100\n|switch|p1b: Annihilape|Annihilape, L50, M|100\/100\n|switch|p2a: Alfred|Indeedee, L50, M, shiny|100\/100\n|switch|p2b: Ursaluna|Ursaluna, L50, F|100\/100\n|-fieldstart|move: Psychic Terrain|[from] ability: Psychic Surge|[of] p2a: Alfred\n|turn|1\n|\n|t:|1732205463\n|move|p1b: Annihilape|Protect|p1b: Annihilape\n|-singleturn|p1b: Annihilape|Protect\n|move|p2b: Ursaluna|Protect|p2b: Ursaluna\n|-singleturn|p2b: Ursaluna|Protect\n|move|p2a: Alfred|Trick|p1a: Bronzong\n|-activate|p2a: Alfred|move: Trick|[of] p1a: Bronzong\n|-item|p1a: Bronzong|Choice Scarf|[from] move: Trick\n|-item|p2a: Alfred|Leftovers|[from] move: Trick\n|move|p1a: Bronzong|Ice Spinner|p2a: Alfred\n|-damage|p2a: Alfred|69\/100\n|-fieldend|move: Psychic Terrain\n|\n|-heal|p2a: Alfred|75\/100|[from] item: Leftovers\n|-status|p2b: Ursaluna|brn|[from] item: Flame Orb\n|upkeep\n|turn|2\n|j| AlabamaChristian\n|\n|t:|1732205485\n|-terastallize|p2b: Ursaluna|Ghost\n|move|p1b: Annihilape|Close Combat|p2b: Ursaluna\n|-immune|p2b: Ursaluna\n|move|p2a: Alfred|Expanding Force|p1b: Annihilape\n|-supereffective|p1b: Annihilape\n|-damage|p1b: Annihilape|23\/100\n|move|p2b: Ursaluna|Headlong Rush|p1b: Annihilape\n|-damage|p1b: Annihilape|0 fnt\n|-unboost|p2b: Ursaluna|def|1\n|-unboost|p2b: Ursaluna|spd|1\n|faint|p1b: Annihilape\n|move|p1a: Bronzong|Ice Spinner|p2b: Ursaluna\n|-damage|p2b: Ursaluna|81\/100 brn\n|\n|-heal|p2a: Alfred|80\/100|[from] item: Leftovers\n|-damage|p2b: Ursaluna|75\/100 brn|[from] brn\n|upkeep\n|\n|t:|1732205489\n|switch|p1b: Tyranitar|Tyranitar, L50, F|100\/100\n|-weather|Sandstorm|[from] ability: Sand Stream|[of] p1b: Tyranitar\n|turn|3\n|\n|t:|1732205505\n|switch|p2a: Archaludon|Archaludon, L50, M, shiny|100\/100\n|switch|p1a: Ursaluna|Ursaluna-Bloodmoon, L50, M|100\/100\n|move|p2b: Ursaluna|Protect|p2b: Ursaluna\n|-singleturn|p2b: Ursaluna|Protect\n|move|p1b: Tyranitar|Knock Off|p2b: Ursaluna\n|-activate|p2b: Ursaluna|move: Protect\n|\n|-weather|Sandstorm|[upkeep]\n|-damage|p2b: Ursaluna|69\/100 brn|[from] Sandstorm\n|-damage|p2b: Ursaluna|63\/100 brn|[from] brn\n|upkeep\n|turn|4\n|l| AlabamaChristian\n|\n|t:|1732205525\n|move|p2a: Archaludon|Flash Cannon|p1b: Tyranitar\n|-supereffective|p1b: Tyranitar\n|-damage|p1b: Tyranitar|60\/100\n|move|p1b: Tyranitar|Knock Off|p2b: Ursaluna\n|-supereffective|p2b: Ursaluna\n|-damage|p2b: Ursaluna|0 fnt\n|-enditem|p2b: Ursaluna|Flame Orb|[from] move: Knock Off|[of] p1b: Tyranitar\n|faint|p2b: Ursaluna\n|move|p1a: Ursaluna|Earth Power|p2a: Archaludon\n|-supereffective|p2a: Archaludon\n|-damage|p2a: Archaludon|0 fnt\n|faint|p2a: Archaludon\n|-damage|p1a: Ursaluna|91\/100|[from] item: Life Orb\n|\n|-weather|Sandstorm|[upkeep]\n|upkeep\n|\n|t:|1732205531\n|switch|p2a: Tommau|Sneasler, L50, M|100\/100\n|switch|p2b: Alfred|Indeedee, L50, M, shiny|80\/100\n|-fieldstart|move: Psychic Terrain|[from] ability: Psychic Surge|[of] p2b: Alfred\n|-enditem|p2a: Tommau|Psychic Seed\n|-boost|p2a: Tommau|spd|1|[from] item: Psychic Seed\n|turn|5\n|inactive|VGCLTH mike has 30 seconds left.\n|\n|t:|1732205560\n|move|p2a: Tommau|Close Combat|p1a: Ursaluna\n|-supereffective|p1a: Ursaluna\n|-crit|p1a: Ursaluna\n|-damage|p1a: Ursaluna|0 fnt\n|-unboost|p2a: Tommau|def|1\n|-unboost|p2a: Tommau|spd|1\n|faint|p1a: Ursaluna\n|move|p2b: Alfred|Expanding Force|p1b: Tyranitar\n|-immune|p1b: Tyranitar\n|move|p1b: Tyranitar|Rock Slide|p2a: Tommau|[spread] p2b\n|-miss|p1b: Tyranitar|p2a: Tommau\n|-damage|p2b: Alfred|9\/100\n|\n|-weather|Sandstorm|[upkeep]\n|-damage|p2a: Tommau|95\/100|[from] Sandstorm\n|-damage|p2b: Alfred|3\/100|[from] Sandstorm\n|-heal|p2b: Alfred|9\/100|[from] item: Leftovers\n|upkeep\n|\n|t:|1732205563\n|switch|p1a: Bronzong|Bronzong, L50|100\/100\n|turn|6\n|j| GooglePay\n|\n|t:|1732205582\n|-terastallize|p1b: Tyranitar|Flying\n|move|p2a: Tommau|Close Combat|p1b: Tyranitar\n|-resisted|p1b: Tyranitar\n|-damage|p1b: Tyranitar|29\/100\n|-unboost|p2a: Tommau|def|1\n|-unboost|p2a: Tommau|spd|1\n|move|p2b: Alfred|Expanding Force|p1a: Bronzong|[spread] p1a,p1b\n|-resisted|p1a: Bronzong\n|-damage|p1a: Bronzong|90\/100\n|-damage|p1b: Tyranitar|0 fnt\n|faint|p1b: Tyranitar\n|move|p1a: Bronzong|Body Press|p2a: Tommau\n|-resisted|p2a: Tommau\n|-damage|p2a: Tommau|52\/100\n|\n|-weather|Sandstorm|[upkeep]\n|-damage|p2a: Tommau|46\/100|[from] Sandstorm\n|-damage|p2b: Alfred|3\/100|[from] Sandstorm\n|-heal|p2b: Alfred|9\/100|[from] item: Leftovers\n|upkeep\n|turn|7\n|\n|t:|1732205592\n|move|p2a: Tommau|Throat Chop|p1a: Bronzong\n|-supereffective|p1a: Bronzong\n|-damage|p1a: Bronzong|48\/100\n|-start|p1a: Bronzong|Throat Chop|[silent]\n|move|p2b: Alfred|Expanding Force|p1a: Bronzong\n|-resisted|p1a: Bronzong\n|-damage|p1a: Bronzong|33\/100\n|move|p1a: Bronzong|Body Press|p2a: Tommau\n|-resisted|p2a: Tommau\n|-damage|p2a: Tommau|0 fnt\n|faint|p2a: Tommau\n|\n|-weather|none\n|-heal|p2b: Alfred|15\/100|[from] item: Leftovers\n|upkeep\n|turn|8\n|\n|t:|1732205604\n|move|p2b: Alfred|Expanding Force|p1a: Bronzong\n|-resisted|p1a: Bronzong\n|-crit|p1a: Bronzong\n|-damage|p1a: Bronzong|9\/100\n|move|p1a: Bronzong|Body Press|p2b: Alfred\n|-damage|p2b: Alfred|0 fnt\n|faint|p2b: Alfred\n|\n|win|VGCLTH mike\n|raw|VGCLTH mike's rating: 1670 &rarr; <strong>1693<\/strong><br \/>(+23 for winning)\n|raw|juacox300's rating: 1726 &rarr; <strong>1703<\/strong><br \/>(-23 for losing)\n|l|\u2606juacox300\n|player|p2|\n|l|\u2606VGCLTH mike\n|player|p1|\n|j|\u2606juacox300\n|player|p2|juacox300|unknown|\n","uploadtime":1732205619,"views":57,"formatid":"gen9vgc2024regh","rating":1693,"private":0,"password":null}