{"id":"gen9vgc2024regh-2248035344","format":"[Gen 9] VGC 2024 Reg H","players":["VGCLTH Slow","adosonmama"],"log":"|raw|<div class=\"broadcast-blue\"><strong>This battle is required to be public due to a player having a name starting with 'vgclth'.<\/div>\n|j|\u2606VGCLTH Slow\n|j|\u2606adosonmama\n|t:|1732160062\n|gametype|doubles\n|player|p1|VGCLTH Slow|skier|1680\n|player|p2|adosonmama|bianca|1733\n|teamsize|p1|6\n|teamsize|p2|6\n|gen|9\n|tier|[Gen 9] VGC 2024 Reg H\n|rated|\n|rule|Species Clause: Limit one of each Pok\u00e9mon\n|rule|Item Clause: Limit 1 of each item\n|clearpoke\n|poke|p1|Sableye, L50, F|\n|poke|p1|Sylveon, L50, M|\n|poke|p1|Maushold-Four, L50|\n|poke|p1|Volcarona, L50, M|\n|poke|p1|Rillaboom, L50, F|\n|poke|p1|Annihilape, L50, M|\n|poke|p2|Incineroar, L50, M|\n|poke|p2|Gholdengo, L50|\n|poke|p2|Amoonguss, L50, M|\n|poke|p2|Ursaluna-Bloodmoon, L50, M|\n|poke|p2|Dragonite, L50, M|\n|poke|p2|Archaludon, L50, M|\n|teampreview|4\nVGCLTH Slow has agreed to open team sheets.\n|\n|t:|1732160088\n|start\n|switch|p1a: Koko The Gorythmic|Rillaboom, L50, F|100\/100\n|switch|p1b: Shamonerona|Volcarona, L50, M, shiny|100\/100\n|switch|p2a: Gholdengo|Gholdengo, L50|100\/100\n|switch|p2b: Dragonite|Dragonite, L50, M|100\/100\n|-fieldstart|move: Grassy Terrain|[from] ability: Grassy Surge|[of] p1a: Koko The Gorythmic\n|turn|1\n|\n|t:|1732160120\n|move|p1a: Koko The Gorythmic|Fake Out|p2b: Dragonite\n|-damage|p2b: Dragonite|93\/100\n|move|p2a: Gholdengo|Nasty Plot|p2a: Gholdengo\n|-boost|p2a: Gholdengo|spa|2\n|move|p1b: Shamonerona|Quiver Dance|p1b: Shamonerona\n|-boost|p1b: Shamonerona|spa|1\n|-boost|p1b: Shamonerona|spd|1\n|-boost|p1b: Shamonerona|spe|1\n|cant|p2b: Dragonite|flinch\n|\n|upkeep\n|turn|2\n|\n|t:|1732160153\n|move|p1b: Shamonerona|Protect|p1b: Shamonerona\n|-singleturn|p1b: Shamonerona|Protect\n|move|p2a: Gholdengo|Protect|p2a: Gholdengo\n|-singleturn|p2a: Gholdengo|Protect\n|move|p2b: Dragonite|Rock Slide|p1b: Shamonerona|[spread] p1a\n|-activate|p1b: Shamonerona|move: Protect\n|-damage|p1a: Koko The Gorythmic|80\/100\n|cant|p1a: Koko The Gorythmic|flinch\n|\n|-heal|p1a: Koko The Gorythmic|86\/100|[from] Grassy Terrain\n|upkeep\n|turn|3\n|\n|t:|1732160175\n|-terastallize|p1b: Shamonerona|Grass\n|-terastallize|p2a: Gholdengo|Water\n|move|p1a: Koko The Gorythmic|Grassy Glide|p2a: Gholdengo\n|-supereffective|p2a: Gholdengo\n|-damage|p2a: Gholdengo|26\/100\n|move|p1b: Shamonerona|Heat Wave|p2a: Gholdengo|[spread] p2a,p2b\n|-resisted|p2a: Gholdengo\n|-resisted|p2b: Dragonite\n|-damage|p2a: Gholdengo|0 fnt\n|-damage|p2b: Dragonite|75\/100\n|faint|p2a: Gholdengo\n|move|p2b: Dragonite|Rock Slide|p1b: Shamonerona|[spread] p1a,p1b\n|-damage|p1a: Koko The Gorythmic|64\/100\n|-damage|p1b: Shamonerona|73\/100\n|\n|-heal|p1b: Shamonerona|79\/100|[from] Grassy Terrain\n|-heal|p1a: Koko The Gorythmic|70\/100|[from] Grassy Terrain\n|upkeep\n|\n|t:|1732160185\n|switch|p2a: Ursaluna|Ursaluna-Bloodmoon, L50, M|100\/100\n|turn|4\n|\n|t:|1732160203\n|move|p1b: Shamonerona|Protect|p1b: Shamonerona\n|-singleturn|p1b: Shamonerona|Protect\n|move|p2b: Dragonite|Rock Slide|p1a: Koko The Gorythmic|[spread] p1a\n|-activate|p1b: Shamonerona|move: Protect\n|-damage|p1a: Koko The Gorythmic|50\/100\n|move|p1a: Koko The Gorythmic|Wood Hammer|p2a: Ursaluna\n|-supereffective|p2a: Ursaluna\n|-enditem|p2a: Ursaluna|Focus Sash\n|-damage|p2a: Ursaluna|1\/100\n|-damage|p1a: Koko The Gorythmic|19\/100|[from] Recoil\n|move|p2a: Ursaluna|Blood Moon|p1b: Shamonerona\n|-activate|p1b: Shamonerona|move: Protect\n|\n|-heal|p1b: Shamonerona|85\/100|[from] Grassy Terrain\n|-heal|p1a: Koko The Gorythmic|25\/100|[from] Grassy Terrain\n|-heal|p2a: Ursaluna|7\/100|[from] Grassy Terrain\n|upkeep\n|turn|5\n|-message|adosonmama forfeited.\n|\n|win|VGCLTH Slow\n|raw|VGCLTH Slow's rating: 1680 &rarr; <strong>1703<\/strong><br \/>(+23 for winning)\n|raw|adosonmama's rating: 1733 &rarr; <strong>1710<\/strong><br \/>(-23 for losing)\n|l|\u2606adosonmama\n|player|p2|\n","uploadtime":1732160218,"views":25,"formatid":"gen9vgc2024regh","rating":1703,"private":0,"password":null}