{"id":"gen9vgc2024regh-2248182525","format":"[Gen 9] VGC 2024 Reg H","players":["Djjwjwwjj","eldoka"],"log":"|j|\u2606Djjwjwwjj\n|j|\u2606eldoka\n|t:|1732186315\n|gametype|doubles\n|player|p1|Djjwjwwjj|170|1744\n|player|p2|eldoka|102|1678\n|teamsize|p1|6\n|teamsize|p2|6\n|gen|9\n|tier|[Gen 9] VGC 2024 Reg H\n|rated|\n|rule|Species Clause: Limit one of each Pok\u00e9mon\n|rule|Item Clause: Limit 1 of each item\n|clearpoke\n|poke|p1|Palafin, L50, F|\n|poke|p1|Incineroar, L50, M|\n|poke|p1|Gholdengo, L50|\n|poke|p1|Amoonguss, L50, F|\n|poke|p1|Pelipper, L50, M|\n|poke|p1|Dragonite, L50, F|\n|poke|p2|Ninetales-Alola, L50, M|\n|poke|p2|Rotom-Frost, L50|\n|poke|p2|Garchomp, L50, M|\n|poke|p2|Annihilape, L50, F|\n|poke|p2|Amoonguss, L50, F|\n|poke|p2|Kingambit, L50, M|\n|teampreview|4\n|inactive|Battle timer is ON: inactive players will automatically lose when time's up. (requested by Djjwjwwjj)\n|inactive|eldoka has 60 seconds left.\n|\n|t:|1732186347\n|start\n|switch|p1a: Palafin|Palafin, L50, F|100\/100\n|switch|p1b: Dragonite|Dragonite, L50, F|100\/100\n|switch|p2a: Rotom|Rotom-Frost, L50|100\/100\n|switch|p2b: Garchomp|Garchomp, L50, M|100\/100\n|turn|1\n|\n|t:|1732186371\n|switch|p2b: Ninetales|Ninetales-Alola, L50, M|100\/100\n|-weather|Snow|[from] ability: Snow Warning|[of] p2b: Ninetales\n|-terastallize|p1b: Dragonite|Steel\n|move|p1a: Palafin|Flip Turn|p2a: Rotom\n|-damage|p2a: Rotom|83\/100\n|\n|t:|1732186382\n|detailschange|p1a: Palafin|Palafin-Hero, L50, F\n|switch|p1a: Gholdengo|Gholdengo, L50|100\/100|[from] Flip Turn\n|move|p2a: Rotom|Blizzard|p1b: Dragonite|[spread] p1a,p1b\n|-resisted|p1a: Gholdengo\n|-resisted|p1b: Dragonite\n|-damage|p1a: Gholdengo|82\/100\n|-damage|p1b: Dragonite|83\/100\n|move|p1b: Dragonite|Scale Shot|p2a: Rotom\n|-damage|p2a: Rotom|71\/100\n|-damage|p2a: Rotom|59\/100\n|-damage|p2a: Rotom|47\/100\n|-damage|p2a: Rotom|36\/100\n|-hitcount|p2a: Rotom|4\n|-unboost|p1b: Dragonite|def|1\n|-boost|p1b: Dragonite|spe|1\n|\n|-weather|Snow|[upkeep]\n|upkeep\n|turn|2\n|inactive|Djjwjwwjj has 30 seconds left.\n|inactive|eldoka has 30 seconds left.\n|inactive|eldoka has 20 seconds left.\n|\n|t:|1732186419\n|move|p1b: Dragonite|Scale Shot|p2a: Rotom\n|-crit|p2a: Rotom\n|-damage|p2a: Rotom|19\/100\n|-damage|p2a: Rotom|8\/100\n|-damage|p2a: Rotom|0 fnt\n|faint|p2a: Rotom\n|-hitcount|p2: Rotom|3\n|-unboost|p1b: Dragonite|def|1\n|-boost|p1b: Dragonite|spe|1\n|move|p2b: Ninetales|Aurora Veil|p2b: Ninetales\n|-sidestart|p2: eldoka|move: Aurora Veil\n|move|p1a: Gholdengo|Make It Rain|p2b: Ninetales\n|-supereffective|p2b: Ninetales\n|-damage|p2b: Ninetales|0 fnt\n|-unboost|p1a: Gholdengo|spa|1\n|faint|p2b: Ninetales\n|-damage|p1a: Gholdengo|72\/100|[from] item: Life Orb\n|\n|-weather|Snow|[upkeep]\n|upkeep\n|\n|t:|1732186424\n|switch|p2b: Garchomp|Garchomp, L50, M|100\/100\n|switch|p2a: Annihilape|Annihilape, L50, F|100\/100\n|turn|3\n|inactive|Djjwjwwjj has 30 seconds left.\n|inactive|Djjwjwwjj has 20 seconds left.\n|inactive|Djjwjwwjj has 15 seconds left.\n|inactive|Djjwjwwjj has 10 seconds left.\n|inactive|Djjwjwwjj has 5 seconds left.\n|\n|t:|1732186475\n|switch|p1a: Pelipper|Pelipper, L50, M|100\/100\n|-weather|RainDance|[from] ability: Drizzle|[of] p1a: Pelipper\n|-terastallize|p2b: Garchomp|Steel\n|move|p1b: Dragonite|Scale Shot|p2b: Garchomp\n|-resisted|p2b: Garchomp\n|-damage|p2b: Garchomp|96\/100\n|-resisted|p2b: Garchomp\n|-damage|p2b: Garchomp|91\/100\n|-resisted|p2b: Garchomp\n|-damage|p2b: Garchomp|86\/100\n|-resisted|p2b: Garchomp\n|-damage|p2b: Garchomp|81\/100\n|-hitcount|p2b: Garchomp|4\n|-unboost|p1b: Dragonite|def|1\n|-boost|p1b: Dragonite|spe|1\n|move|p2b: Garchomp|Stomping Tantrum|p1a: Pelipper\n|-immune|p1a: Pelipper\n|move|p2a: Annihilape|Drain Punch|p1b: Dragonite\n|-supereffective|p1b: Dragonite\n|-damage|p1b: Dragonite|0 fnt\n|faint|p1b: Dragonite\n|\n|-weather|RainDance|[upkeep]\n|upkeep\n|j| MillerH33\n|inactive|Djjwjwwjj has 30 seconds left.\n|\n|t:|1732186501\n|switch|p1b: Palafin|Palafin-Hero, L50, F|100\/100\n|-activate|p1b: Palafin|ability: Zero to Hero\n|turn|4\n|\n|t:|1732186514\n|move|p2a: Annihilape|Protect|p2a: Annihilape\n|-singleturn|p2a: Annihilape|Protect\n|move|p1b: Palafin|Wave Crash|p2b: Garchomp\n|-damage|p2b: Garchomp|0 fnt\n|-damage|p1b: Palafin|88\/100|[from] ability: Rough Skin|[of] p2b: Garchomp\n|faint|p2b: Garchomp\n|-damage|p1b: Palafin|64\/100|[from] Recoil\n|move|p1a: Pelipper|Weather Ball|p2a: Annihilape\n|-activate|p2a: Annihilape|move: Protect\n|\n|-weather|RainDance|[upkeep]\n|upkeep\n|turn|5\n|\n|t:|1732186531\n|move|p1b: Palafin|Wave Crash|p2a: Annihilape\n|-damage|p2a: Annihilape|12\/100\n|-damage|p1b: Palafin|35\/100|[from] Recoil\n|move|p2a: Annihilape|Drain Punch|p1b: Palafin\n|-crit|p1b: Palafin\n|-damage|p1b: Palafin|0 fnt\n|-heal|p2a: Annihilape|30\/100|[from] drain|[of] p1b: Palafin\n|faint|p1b: Palafin\n|move|p1a: Pelipper|Hurricane|p2a: Annihilape\n|-supereffective|p2a: Annihilape\n|-damage|p2a: Annihilape|0 fnt\n|faint|p2a: Annihilape\n|\n|win|Djjwjwwjj\n|raw|Djjwjwwjj's rating: 1744 &rarr; <strong>1760<\/strong><br \/>(+16 for winning)\n|raw|eldoka's rating: 1678 &rarr; <strong>1662<\/strong><br \/>(-16 for losing)\n|l|\u2606eldoka\n|player|p2|\n|l|\u2606Djjwjwwjj\n|player|p1|\n","uploadtime":1732186806,"views":16,"formatid":"gen9vgc2024regh","rating":1662,"private":0,"password":null}