{"id":"gen9vgc2024regh-2248548820","format":"[Gen 9] VGC 2024 Reg H","players":["Amire","DragonKenergy"],"log":"|j|\u2606Amire\n|j|\u2606DragonKenergy\n|t:|1732225267\n|gametype|doubles\n|player|p1|Amire|flint|1701\n|player|p2|DragonKenergy|ingo|1672\n|teamsize|p1|6\n|teamsize|p2|6\n|gen|9\n|tier|[Gen 9] VGC 2024 Reg H\n|rated|\n|rule|Species Clause: Limit one of each Pok\u00e9mon\n|rule|Item Clause: Limit 1 of each item\n|clearpoke\n|poke|p1|Gholdengo, L50|\n|poke|p1|Stonjourner, L50, F|\n|poke|p1|Talonflame, L50, F|\n|poke|p1|Ursaluna-Bloodmoon, L50, M|\n|poke|p1|Dragonite, L50, M|\n|poke|p1|Rillaboom, L50, M|\n|poke|p2|Sneasler, L50, F|\n|poke|p2|Dragonite, L50, F|\n|poke|p2|Milotic, L50, F|\n|poke|p2|Indeedee, L50, M|\n|poke|p2|Typhlosion-Hisui, L50, M|\n|poke|p2|Whimsicott, L50, F|\n|teampreview|4\n|inactive|Battle timer is ON: inactive players will automatically lose when time's up. (requested by Amire)\n|\n|t:|1732225289\n|start\n|switch|p1a: Talonflame|Talonflame, L50, F|100\/100\n|switch|p1b: Gholdengo|Gholdengo, L50|100\/100\n|switch|p2a: Dragonite|Dragonite, L50, F|100\/100\n|switch|p2b: Whimsicott|Whimsicott, L50, F|100\/100\n|turn|1\n|j| kyo9t\n|\n|t:|1732225300\n|move|p1a: Talonflame|Brave Bird|p2a: Dragonite\n|-damage|p2a: Dragonite|74\/100\n|-damage|p1a: Talonflame|91\/100|[from] Recoil\n|move|p2b: Whimsicott|Tailwind|p2b: Whimsicott\n|-sidestart|p2: DragonKenergy|move: Tailwind\n|move|p2a: Dragonite|Scale Shot|p1a: Talonflame\n|-damage|p1a: Talonflame|69\/100\n|-damage|p1a: Talonflame|47\/100\n|-damage|p1a: Talonflame|23\/100\n|-damage|p1a: Talonflame|1\/100\n|-hitcount|p1a: Talonflame|4\n|-unboost|p2a: Dragonite|def|1\n|-boost|p2a: Dragonite|spe|1\n|move|p1b: Gholdengo|Make It Rain|p2b: Whimsicott|[spread] p2a,p2b\n|-supereffective|p2b: Whimsicott\n|-damage|p2a: Dragonite|11\/100\n|-damage|p2b: Whimsicott|0 fnt\n|-unboost|p1b: Gholdengo|spa|1\n|faint|p2b: Whimsicott\n|-damage|p1b: Gholdengo|91\/100|[from] item: Life Orb\n|\n|upkeep\n|\n|t:|1732225311\n|switch|p2b: Typhlosion|Typhlosion-Hisui, L50, M|100\/100\n|turn|2\n|\n|t:|1732225324\n|move|p1b: Gholdengo|Protect|p1b: Gholdengo\n|-singleturn|p1b: Gholdengo|Protect\n|move|p2a: Dragonite|Stomping Tantrum|p1b: Gholdengo\n|-activate|p1b: Gholdengo|move: Protect\n|move|p2b: Typhlosion|Eruption|p1b: Gholdengo|[spread] p1a\n|-activate|p1b: Gholdengo|move: Protect\n|-resisted|p1a: Talonflame\n|-damage|p1a: Talonflame|0 fnt\n|faint|p1a: Talonflame\n|\n|upkeep\n|\n|t:|1732225333\n|switch|p1a: Stonjourner|Stonjourner, L50, F, shiny|100\/100\n|turn|3\n|\n|t:|1732225357\n|-terastallize|p2b: Typhlosion|Fire\n|-terastallize|p1b: Gholdengo|Dark\n|move|p1a: Stonjourner|Wide Guard|p1a: Stonjourner\n|-singleturn|p1a: Stonjourner|Wide Guard\n|move|p2a: Dragonite|Stomping Tantrum|p1b: Gholdengo\n|-damage|p1b: Gholdengo|56\/100\n|move|p2b: Typhlosion|Eruption|p1b: Gholdengo|[spread] \n|-activate|p1a: Stonjourner|move: Wide Guard\n|-activate|p1b: Gholdengo|move: Wide Guard\n|move|p1b: Gholdengo|Make It Rain|p2a: Dragonite|[spread] p2a,p2b\n|-resisted|p2b: Typhlosion\n|-damage|p2a: Dragonite|0 fnt\n|-damage|p2b: Typhlosion|59\/100\n|-unboost|p1b: Gholdengo|spa|1\n|faint|p2a: Dragonite\n|-damage|p1b: Gholdengo|47\/100|[from] item: Life Orb\n|\n|upkeep\n|\n|t:|1732225362\n|switch|p2a: Indeedee|Indeedee, L50, M|100\/100\n|-fieldstart|move: Psychic Terrain|[from] ability: Psychic Surge|[of] p2a: Indeedee\n|turn|4\n|\n|t:|1732225383\n|switch|p1b: Ursaluna|Ursaluna-Bloodmoon, L50, M|100\/100\n|move|p1a: Stonjourner|Wide Guard|p1a: Stonjourner\n|-singleturn|p1a: Stonjourner|Wide Guard\n|move|p2b: Typhlosion|Shadow Ball|p1a: Stonjourner\n|-enditem|p1a: Stonjourner|Focus Sash\n|-damage|p1a: Stonjourner|1\/100\n|move|p2a: Indeedee|Tera Blast|p1b: Ursaluna\n|-damage|p1b: Ursaluna|74\/100\n|\n|-sideend|p2: DragonKenergy|move: Tailwind\n|upkeep\n|turn|5\n|l| kyo9t\n|\n|t:|1732225400\n|move|p2b: Typhlosion|Protect|p2b: Typhlosion\n|-singleturn|p2b: Typhlosion|Protect\n|move|p1a: Stonjourner|Wide Guard|p1a: Stonjourner\n|-singleturn|p1a: Stonjourner|Wide Guard\n|move|p2a: Indeedee|Tera Blast|p1a: Stonjourner\n|-resisted|p1a: Stonjourner\n|-damage|p1a: Stonjourner|0 fnt\n|faint|p1a: Stonjourner\n|move|p1b: Ursaluna|Hyper Voice|p2a: Indeedee|[spread] p2a\n|-activate|p2b: Typhlosion|move: Protect\n|-damage|p2a: Indeedee|47\/100\n|\n|upkeep\n|j| kyo9t\n|\n|t:|1732225411\n|switch|p1a: Gholdengo|Gholdengo, L50, tera:Dark|47\/100\n|turn|6\n|\n|t:|1732225421\n|move|p2b: Typhlosion|Eruption|p1a: Gholdengo|[spread] p1a,p1b\n|-crit|p1a: Gholdengo\n|-damage|p1a: Gholdengo|0 fnt\n|-damage|p1b: Ursaluna|36\/100\n|faint|p1a: Gholdengo\n|move|p2a: Indeedee|Expanding Force|p1b: Ursaluna\n|-damage|p1b: Ursaluna|0 fnt\n|faint|p1b: Ursaluna\n|\n|win|DragonKenergy\n|raw|Amire's rating: 1701 &rarr; <strong>1679<\/strong><br \/>(-22 for losing)\n|raw|DragonKenergy's rating: 1672 &rarr; <strong>1694<\/strong><br \/>(+22 for winning)\n","uploadtime":1732225425,"views":47,"formatid":"gen9vgc2024regh","rating":1679,"private":0,"password":null}