{"id":"gen9vgc2024regh-2248813577","format":"[Gen 9] VGC 2024 Reg H","players":["ahricuthair","yuzuda"],"log":"|j|\u2606ahricuthair\n|j|\u2606yuzuda\n|t:|1732263195\n|gametype|doubles\n|player|p1|ahricuthair|lucas|1737\n|player|p2|yuzuda|1|1727\n|teamsize|p1|6\n|teamsize|p2|6\n|gen|9\n|tier|[Gen 9] VGC 2024 Reg H\n|rated|\n|rule|Species Clause: Limit one of each Pok\u00e9mon\n|rule|Item Clause: Limit 1 of each item\n|clearpoke\n|poke|p1|Electabuzz, L50, M|\n|poke|p1|Sneasler, L50, F|\n|poke|p1|Indeedee, L50, M|\n|poke|p1|Talonflame, L50, M|\n|poke|p1|Dragonite, L50, F|\n|poke|p1|Ursaluna-Bloodmoon, L50, M|\n|poke|p2|Archaludon, L50, F|\n|poke|p2|Pelipper, L50, F|\n|poke|p2|Annihilape, L50, F|\n|poke|p2|Whimsicott, L50, M|\n|poke|p2|Rillaboom, L50, F|\n|poke|p2|Gholdengo, L50|\n|teampreview|4\n|inactive|Battle timer is ON: inactive players will automatically lose when time's up. (requested by yuzuda)\n|inactive|ahricuthair has 60 seconds left.\n|inactive|ahricuthair has 30 seconds left.\n|\n|t:|1732263262\n|start\n|switch|p1a: Electabuzz|Electabuzz, L50, M|100\/100\n|switch|p1b: Ursaluna|Ursaluna-Bloodmoon, L50, M|100\/100\n|switch|p2a: Rillaboom|Rillaboom, L50, F|100\/100\n|switch|p2b: Gholdengo|Gholdengo, L50|100\/100\n|-fieldstart|move: Grassy Terrain|[from] ability: Grassy Surge|[of] p2a: Rillaboom\n|turn|1\n|\n|t:|1732263281\n|move|p1b: Ursaluna|Protect|p1b: Ursaluna\n|-singleturn|p1b: Ursaluna|Protect\n|move|p2a: Rillaboom|Fake Out|p1b: Ursaluna\n|-activate|p1b: Ursaluna|move: Protect\n|move|p2b: Gholdengo|Make It Rain|p1a: Electabuzz|[spread] p1a\n|-activate|p1b: Ursaluna|move: Protect\n|-resisted|p1a: Electabuzz\n|-damage|p1a: Electabuzz|75\/100\n|-unboost|p2b: Gholdengo|spa|1\n|move|p1a: Electabuzz|Electroweb|p2a: Rillaboom|[spread] p2a\n|-miss|p1a: Electabuzz|p2b: Gholdengo\n|-resisted|p2a: Rillaboom\n|-damage|p2a: Rillaboom|92\/100\n|-unboost|p2a: Rillaboom|spe|1\n|\n|-heal|p1a: Electabuzz|81\/100|[from] Grassy Terrain\n|-heal|p2a: Rillaboom|98\/100|[from] Grassy Terrain\n|upkeep\n|turn|2\n|inactive|ahricuthair has 30 seconds left.\n|inactive|ahricuthair has 20 seconds left.\n|\n|t:|1732263318\n|switch|p2b: Whimsicott|Whimsicott, L50, M|100\/100\n|-terastallize|p1b: Ursaluna|Normal\n|move|p1a: Electabuzz|Follow Me|p1a: Electabuzz\n|-singleturn|p1a: Electabuzz|move: Follow Me\n|move|p1b: Ursaluna|Blood Moon|p2a: Rillaboom\n|-damage|p2a: Rillaboom|0 fnt\n|faint|p2a: Rillaboom\n|-damage|p1b: Ursaluna|91\/100|[from] item: Life Orb\n|\n|-heal|p1a: Electabuzz|87\/100|[from] Grassy Terrain\n|-heal|p1b: Ursaluna|97\/100|[from] Grassy Terrain\n|upkeep\n|\n|t:|1732263335\n|switch|p2a: Gholdengo|Gholdengo, L50|100\/100\n|turn|3\n|inactive|ahricuthair has 30 seconds left.\n|inactive|ahricuthair has 20 seconds left.\n|\n|t:|1732263372\n|-terastallize|p2a: Gholdengo|Steel\n|move|p1b: Ursaluna|Protect|p1b: Ursaluna\n|-singleturn|p1b: Ursaluna|Protect\n|move|p2b: Whimsicott|Encore|p1a: Electabuzz\n|-start|p1a: Electabuzz|Encore\n|move|p2a: Gholdengo|Make It Rain|p1b: Ursaluna|[spread] p1a\n|-activate|p1b: Ursaluna|move: Protect\n|-resisted|p1a: Electabuzz\n|-damage|p1a: Electabuzz|50\/100\n|-unboost|p2a: Gholdengo|spa|1\n|move|p1a: Electabuzz|Follow Me|p1a: Electabuzz\n|-singleturn|p1a: Electabuzz|move: Follow Me\n|\n|-heal|p1a: Electabuzz|56\/100|[from] Grassy Terrain\n|-heal|p1b: Ursaluna|100\/100|[from] Grassy Terrain\n|upkeep\n|turn|4\n|inactive|yuzuda has 30 seconds left.\n|\n|t:|1732263398\n|switch|p1a: Indeedee|Indeedee, L50, M, shiny|100\/100\n|-fieldstart|move: Psychic Terrain|[from] ability: Psychic Surge|[of] p1a: Indeedee\n|move|p2b: Whimsicott|Moonblast|p1b: Ursaluna\n|-damage|p1b: Ursaluna|57\/100\n|-unboost|p1b: Ursaluna|spa|1\n|move|p2a: Gholdengo|Make It Rain|p1b: Ursaluna|[spread] p1a,p1b\n|-damage|p1a: Indeedee|1\/100\n|-damage|p1b: Ursaluna|0 fnt\n|-unboost|p2a: Gholdengo|spa|1\n|faint|p1b: Ursaluna\n|\n|upkeep\n|j| mr pogostick\n|\n|t:|1732263414\n|switch|p1b: Sneasler|Sneasler, L50, F, shiny|100\/100\n|-enditem|p1b: Sneasler|Psychic Seed\n|-boost|p1b: Sneasler|spd|1|[from] item: Psychic Seed\n|turn|5\n|\n|t:|1732263439\n|move|p1b: Sneasler|Dire Claw|p2b: Whimsicott\n|-supereffective|p2b: Whimsicott\n|-crit|p2b: Whimsicott\n|-enditem|p2b: Whimsicott|Focus Sash\n|-damage|p2b: Whimsicott|1\/100\n|move|p2b: Whimsicott|Moonblast|p1a: Indeedee\n|-damage|p1a: Indeedee|0 fnt\n|faint|p1a: Indeedee\n|move|p2a: Gholdengo|Make It Rain|p1b: Sneasler\n|-damage|p1b: Sneasler|35\/100\n|-unboost|p2a: Gholdengo|spa|1\n|\n|upkeep\n|\n|t:|1732263453\n|switch|p1a: Electabuzz|Electabuzz, L50, M|56\/100\n|turn|6\n|inactive|ahricuthair has 30 seconds left.\n|\n|t:|1732263487\n|switch|p2a: Archaludon|Archaludon, L50, F|100\/100\n|move|p1a: Electabuzz|Follow Me|p1a: Electabuzz\n|-singleturn|p1a: Electabuzz|move: Follow Me\n|move|p1b: Sneasler|Close Combat|p2a: Archaludon\n|-supereffective|p2a: Archaludon\n|-damage|p2a: Archaludon|9\/100\n|-unboost|p1b: Sneasler|def|1\n|-unboost|p1b: Sneasler|spd|1\n|-ability|p2a: Archaludon|Stamina|boost\n|-boost|p2a: Archaludon|def|1\n|move|p2b: Whimsicott|Moonblast|p1a: Electabuzz\n|-damage|p1a: Electabuzz|32\/100\n|\n|upkeep\n|turn|7\n|j| Satansinlaw\n|inactive|ahricuthair has 30 seconds left.\n|j| bluestraggler02\n|inactive|ahricuthair has 20 seconds left.\n|inactive|ahricuthair has 15 seconds left.\n|inactive|yuzuda has 30 seconds left.\n|\n|t:|1732263534\n|move|p1a: Electabuzz|Follow Me|p1a: Electabuzz\n|-singleturn|p1a: Electabuzz|move: Follow Me\n|move|p2b: Whimsicott|Tailwind|p2b: Whimsicott\n|-sidestart|p2: yuzuda|move: Tailwind\n|move|p1b: Sneasler|Close Combat|p2a: Archaludon\n|-supereffective|p2a: Archaludon\n|-damage|p2a: Archaludon|0 fnt\n|-unboost|p1b: Sneasler|def|1\n|-unboost|p1b: Sneasler|spd|1\n|faint|p2a: Archaludon\n|\n|upkeep\n|\n|t:|1732263545\n|switch|p2a: Gholdengo|Gholdengo, L50, tera:Steel|100\/100\n|turn|8\n|\n|t:|1732263554\n|move|p1a: Electabuzz|Follow Me|p1a: Electabuzz\n|-singleturn|p1a: Electabuzz|move: Follow Me\n|move|p2b: Whimsicott|Moonblast|p1a: Electabuzz\n|-damage|p1a: Electabuzz|7\/100\n|-unboost|p1a: Electabuzz|spa|1\n|move|p1b: Sneasler|Close Combat|p2a: Gholdengo\n|-supereffective|p2a: Gholdengo\n|-damage|p2a: Gholdengo|0 fnt\n|-unboost|p1b: Sneasler|def|1\n|-unboost|p1b: Sneasler|spd|1\n|faint|p2a: Gholdengo\n|\n|-fieldend|move: Psychic Terrain\n|upkeep\n|turn|9\n|\n|t:|1732263572\n|move|p1a: Electabuzz|Follow Me|p1a: Electabuzz\n|-singleturn|p1a: Electabuzz|move: Follow Me\n|move|p2b: Whimsicott|Moonblast|p1a: Electabuzz\n|-damage|p1a: Electabuzz|0 fnt\n|faint|p1a: Electabuzz\n|move|p1b: Sneasler|Dire Claw|p2b: Whimsicott\n|-supereffective|p2b: Whimsicott\n|-damage|p2b: Whimsicott|0 fnt\n|faint|p2b: Whimsicott\n|\n|win|ahricuthair\n|raw|ahricuthair's rating: 1737 &rarr; <strong>1756<\/strong><br \/>(+19 for winning)\n|raw|yuzuda's rating: 1727 &rarr; <strong>1708<\/strong><br \/>(-19 for losing)\n|l|\u2606yuzuda\n|player|p2|\n|l|\u2606ahricuthair\n|player|p1|\n|l| Satansinlaw\n|l| mr pogostick\n","uploadtime":1732263760,"views":7,"formatid":"gen9vgc2024regh","rating":1708,"private":0,"password":null}