{"id":"gen9vgc2024regh-2248564961","format":"[Gen 9] VGC 2024 Reg H","players":["MikoAg","chin8"],"log":"|j|\u2606MikoAg\n|j|\u2606chin8\n|t:|1732226957\n|gametype|doubles\n|player|p1|MikoAg|266|1728\n|player|p2|chin8|gentleman-gen4dp|1782\n|teamsize|p1|6\n|teamsize|p2|6\n|gen|9\n|tier|[Gen 9] VGC 2024 Reg H\n|rated|\n|rule|Species Clause: Limit one of each Pok\u00e9mon\n|rule|Item Clause: Limit 1 of each item\n|clearpoke\n|poke|p1|Armarouge, L50, M|\n|poke|p1|Indeedee-F, L50, F|\n|poke|p1|Dragapult, L50, F|\n|poke|p1|Sneasler, L50, F|\n|poke|p1|Milotic, L50, M|\n|poke|p1|Ninetales-Alola, L50, F|\n|poke|p2|Baxcalibur, L50, F|\n|poke|p2|Kilowattrel, L50, F|\n|poke|p2|Granbull, L50, F|\n|poke|p2|Gardevoir, L50, F|\n|poke|p2|Magmortar, L50, M|\n|poke|p2|Gholdengo, L50|\n|teampreview|4\n|inactive|Battle timer is ON: inactive players will automatically lose when time's up. (requested by chin8)\n|\n|t:|1732227011\n|start\n|switch|p1a: Indeedee|Indeedee-F, L50, F|100\/100\n|switch|p1b: Armarouge|Armarouge, L50, M|100\/100\n|switch|p2a: Kilowattrel|Kilowattrel, L50, F|100\/100\n|switch|p2b: Baxcalibur|Baxcalibur, L50, F|100\/100\n|-fieldstart|move: Psychic Terrain|[from] ability: Psychic Surge|[of] p1a: Indeedee\n|turn|1\n|\n|t:|1732227033\n|-terastallize|p2b: Baxcalibur|Ground\n|move|p2a: Kilowattrel|Air Slash|p1b: Armarouge\n|-damage|p1b: Armarouge|57\/100\n|move|p1b: Armarouge|Expanding Force|p2b: Baxcalibur|[spread] p2a,p2b\n|-enditem|p2a: Kilowattrel|Focus Sash\n|-damage|p2a: Kilowattrel|1\/100\n|-damage|p2b: Baxcalibur|66\/100\n|move|p2b: Baxcalibur|Earthquake|p1a: Indeedee|[spread] p1a,p1b\n|-immune|p2a: Kilowattrel\n|-supereffective|p1b: Armarouge\n|-damage|p1a: Indeedee|62\/100\n|-damage|p1b: Armarouge|0 fnt\n|faint|p1b: Armarouge\n|move|p1a: Indeedee|Trick Room|p1a: Indeedee\n|-fieldstart|move: Trick Room|[of] p1a: Indeedee\n|\n|upkeep\n|j| kyo9t\n|\n|t:|1732227056\n|switch|p1b: Ninetales|Ninetales-Alola, L50, F|100\/100\n|-weather|Snow|[from] ability: Snow Warning|[of] p1b: Ninetales\n|turn|2\n|l| kyo9t\n|\n|t:|1732227080\n|switch|p2a: Magmortar|Magmortar, L50, M|100\/100\n|move|p2b: Baxcalibur|Icicle Crash|p1a: Indeedee|[miss]\n|-miss|p2b: Baxcalibur|p1a: Indeedee\n|move|p1b: Ninetales|Blizzard|p2b: Baxcalibur|[spread] p2a,p2b\n|-resisted|p2a: Magmortar\n|-supereffective|p2b: Baxcalibur\n|-damage|p2a: Magmortar|77\/100\n|-damage|p2b: Baxcalibur|11\/100\n|-status|p2a: Magmortar|frz\n|move|p1a: Indeedee|Trick Room|p1a: Indeedee\n|-fieldend|move: Trick Room\n|\n|-weather|Snow|[upkeep]\n|upkeep\n|turn|3\n|j| kyo9t\n|\n|t:|1732227103\n|switch|p2b: Gholdengo|Gholdengo, L50|100\/100\n|move|p1b: Ninetales|Blizzard|p2a: Magmortar|[spread] p2a,p2b\n|-resisted|p2a: Magmortar\n|-resisted|p2b: Gholdengo\n|-damage|p2a: Magmortar|54\/100 frz\n|-damage|p2b: Gholdengo|77\/100\n|cant|p2a: Magmortar|frz\n|move|p1a: Indeedee|Psychic|p2a: Magmortar\n|-damage|p2a: Magmortar|19\/100 frz\n|-enditem|p2a: Magmortar|Sitrus Berry|[eat]\n|-heal|p2a: Magmortar|44\/100 frz|[from] item: Sitrus Berry\n|\n|-weather|Snow|[upkeep]\n|-heal|p2b: Gholdengo|83\/100|[from] item: Leftovers\n|upkeep\n|turn|4\n|inactive|MikoAg has 30 seconds left.\n|\n|t:|1732227134\n|move|p1a: Indeedee|Helping Hand|p1b: Ninetales\n|-singleturn|p1b: Ninetales|Helping Hand|[of] p1a: Indeedee\n|move|p1b: Ninetales|Blizzard|p2b: Gholdengo|[spread] p2a,p2b\n|-resisted|p2a: Magmortar\n|-resisted|p2b: Gholdengo\n|-damage|p2a: Magmortar|11\/100 frz\n|-damage|p2b: Gholdengo|53\/100\n|move|p2b: Gholdengo|Nasty Plot|p2b: Gholdengo\n|-boost|p2b: Gholdengo|spa|2\n|-curestatus|p2a: Magmortar|frz|[msg]\n|move|p2a: Magmortar|Heat Wave|p1a: Indeedee|[spread] p1a,p1b\n|-supereffective|p1b: Ninetales\n|-damage|p1a: Indeedee|34\/100\n|-damage|p1b: Ninetales|32\/100\n|-status|p1a: Indeedee|brn\n|\n|-weather|Snow|[upkeep]\n|-heal|p2b: Gholdengo|59\/100|[from] item: Leftovers\n|-damage|p1a: Indeedee|28\/100 brn|[from] brn\n|upkeep\n|turn|5\n|inactive|MikoAg has 30 seconds left.\n|inactive|MikoAg has 20 seconds left.\n|\n|t:|1732227169\n|switch|p2a: Baxcalibur|Baxcalibur, L50, F, tera:Ground|11\/100\n|move|p2b: Gholdengo|Protect|p2b: Gholdengo\n|-singleturn|p2b: Gholdengo|Protect\n|move|p1a: Indeedee|Follow Me|p1a: Indeedee\n|-singleturn|p1a: Indeedee|move: Follow Me\n|move|p1b: Ninetales|Blizzard|p2a: Baxcalibur|[spread] p2a\n|-activate|p2b: Gholdengo|move: Protect\n|-supereffective|p2a: Baxcalibur\n|-damage|p2a: Baxcalibur|0 fnt\n|faint|p2a: Baxcalibur\n|\n|-weather|Snow|[upkeep]\n|-heal|p2b: Gholdengo|65\/100|[from] item: Leftovers\n|-damage|p1a: Indeedee|22\/100 brn|[from] brn\n|-fieldend|move: Psychic Terrain\n|upkeep\n|\n|t:|1732227172\n|switch|p2a: Kilowattrel|Kilowattrel, L50, F|1\/100\n|turn|6\n|\n|t:|1732227194\n|move|p2a: Kilowattrel|Tailwind|p2a: Kilowattrel\n|-sidestart|p2: chin8|move: Tailwind\n|move|p2b: Gholdengo|Make It Rain|p1a: Indeedee|[spread] p1a,p1b\n|-supereffective|p1b: Ninetales\n|-damage|p1a: Indeedee|0 fnt\n|-damage|p1b: Ninetales|0 fnt\n|-unboost|p2b: Gholdengo|spa|1\n|faint|p1a: Indeedee\n|faint|p1b: Ninetales\n|\n|-weather|none\n|-heal|p2b: Gholdengo|72\/100|[from] item: Leftovers\n|upkeep\n|\n|t:|1732227211\n|switch|p1b: Sneasler|Sneasler, L50, F|100\/100\n|turn|7\n|\n|t:|1732227217\n|move|p1b: Sneasler|Protect|p1b: Sneasler\n|-singleturn|p1b: Sneasler|Protect\n|move|p2a: Kilowattrel|Thunderbolt|p1b: Sneasler\n|-activate|p1b: Sneasler|move: Protect\n|move|p2b: Gholdengo|Make It Rain|p1b: Sneasler\n|-activate|p1b: Sneasler|move: Protect\n|\n|-heal|p2b: Gholdengo|78\/100|[from] item: Leftovers\n|upkeep\n|turn|8\n|l| kyo9t\n|-message|MikoAg forfeited.\n|\n|win|chin8\n|raw|MikoAg's rating: 1728 &rarr; <strong>1711<\/strong><br \/>(-17 for losing)\n|raw|chin8's rating: 1782 &rarr; <strong>1799<\/strong><br \/>(+17 for winning)\n|l|\u2606MikoAg\n|player|p1|\n|l|\u2606chin8\n|player|p2|\n","uploadtime":1732227380,"views":12,"formatid":"gen9vgc2024regh","rating":1711,"private":0,"password":null}