{"id":"gen9vgc2024regh-2248307282","format":"[Gen 9] VGC 2024 Reg H","players":["zip520520","VGCLTH lily"],"log":"|raw|<div class=\"broadcast-blue\"><strong>This battle is required to be public due to a player having a name starting with 'vgclth'.<\/div>\n|j|\u2606zip520520\n|j|\u2606VGCLTH lily\n|t:|1732202113\n|gametype|doubles\n|player|p1|zip520520|170|1718\n|player|p2|VGCLTH lily|akari|1697\n|teamsize|p1|6\n|teamsize|p2|6\n|gen|9\n|tier|[Gen 9] VGC 2024 Reg H\n|rated|\n|rule|Species Clause: Limit one of each Pok\u00e9mon\n|rule|Item Clause: Limit 1 of each item\n|clearpoke\n|poke|p1|Garchomp, L50, M|\n|poke|p1|Glimmora, L50, M|\n|poke|p1|Tyranitar, L50, M|\n|poke|p1|Grimmsnarl, L50, M|\n|poke|p1|Sinistcha, L50|\n|poke|p1|Ursaluna-Bloodmoon, L50, M|\n|poke|p2|Dragapult, L50, F|\n|poke|p2|Decidueye-Hisui, L50, F|\n|poke|p2|Samurott-Hisui, L50, F|\n|poke|p2|Arcanine-Hisui, L50, F|\n|poke|p2|Gholdengo, L50|\n|poke|p2|Whimsicott, L50, M|\n|teampreview|4\n|inactive|Battle timer is ON: inactive players will automatically lose when time's up. (requested by zip520520)\n|inactive|zip520520 has 60 seconds left.\n|inactive|VGCLTH lily has 60 seconds left.\n|\n|t:|1732202168\n|start\n|switch|p1a: Garchomp|Garchomp, L50, M|100\/100\n|switch|p1b: Glimmora|Glimmora, L50, M|100\/100\n|switch|p2a: Gholdengo|Gholdengo, L50|100\/100\n|switch|p2b: Samurott|Samurott-Hisui, L50, F|100\/100\n|turn|1\n|\n|t:|1732202190\n|switch|p2a: Decidueye|Decidueye-Hisui, L50, F|100\/100\n|move|p1a: Garchomp|Stomping Tantrum|p2a: Decidueye\n|-resisted|p2a: Decidueye\n|-damage|p2a: Decidueye|73\/100\n|move|p1b: Glimmora|Earth Power|p2a: Decidueye\n|-resisted|p2a: Decidueye\n|-damage|p2a: Decidueye|55\/100\n|move|p2b: Samurott|Razor Shell|p1b: Glimmora\n|-supereffective|p1b: Glimmora\n|-enditem|p1b: Glimmora|Focus Sash\n|-damage|p1b: Glimmora|1\/100\n|-activate|p1b: Glimmora|ability: Toxic Debris\n|-sidestart|p2: VGCLTH lily|move: Toxic Spikes\n|\n|upkeep\n|turn|2\n|\n|t:|1732202210\n|move|p2b: Samurott|Sucker Punch|p1b: Glimmora\n|-damage|p1b: Glimmora|0 fnt\n|-activate|p1b: Glimmora|ability: Toxic Debris\n|-sidestart|p2: VGCLTH lily|move: Toxic Spikes\n|faint|p1b: Glimmora\n|move|p2a: Decidueye|Triple Arrows|p1a: Garchomp\n|-crit|p1a: Garchomp\n|-damage|p1a: Garchomp|35\/100\n|move|p1a: Garchomp|Breaking Swipe|p2b: Samurott|[spread] p2a,p2b\n|-damage|p2a: Decidueye|25\/100\n|-damage|p2b: Samurott|71\/100\n|-unboost|p2a: Decidueye|atk|1\n|-unboost|p2b: Samurott|atk|1\n|\n|upkeep\n|\n|t:|1732202229\n|switch|p1b: Sinistcha|Sinistcha, L50|100\/100\n|-heal|p1a: Garchomp|60\/100|[from] ability: Hospitality|[of] p1b: Sinistcha\n|turn|3\n|\n|t:|1732202241\n|move|p2a: Decidueye|Triple Arrows|p1b: Sinistcha\n|-damage|p1b: Sinistcha|73\/100\n|move|p1a: Garchomp|Breaking Swipe|p2b: Samurott|[spread] p2a,p2b\n|-damage|p2a: Decidueye|0 fnt\n|-damage|p2b: Samurott|44\/100\n|-unboost|p2b: Samurott|atk|1\n|faint|p2a: Decidueye\n|move|p2b: Samurott|Ceaseless Edge|p1b: Sinistcha\n|-supereffective|p1b: Sinistcha\n|-damage|p1b: Sinistcha|33\/100\n|-sidestart|p1: zip520520|Spikes\n|-enditem|p1b: Sinistcha|Sitrus Berry|[eat]\n|-heal|p1b: Sinistcha|57\/100|[from] item: Sitrus Berry\n|move|p1b: Sinistcha|Trick Room|p1b: Sinistcha\n|-fieldstart|move: Trick Room|[of] p1b: Sinistcha\n|\n|upkeep\n|\n|t:|1732202252\n|switch|p2a: Gholdengo|Gholdengo, L50|100\/100\n|turn|4\n|inactive|zip520520 has 30 seconds left.\n|\n|t:|1732202278\n|-terastallize|p1b: Sinistcha|Water\n|-terastallize|p2a: Gholdengo|Steel\n|move|p1a: Garchomp|Protect|p1a: Garchomp\n|-singleturn|p1a: Garchomp|Protect\n|move|p2b: Samurott|Sucker Punch|p1b: Sinistcha\n|-damage|p1b: Sinistcha|42\/100\n|move|p1b: Sinistcha|Matcha Gotcha|p2b: Samurott|[spread] p2a\n|-miss|p1b: Sinistcha|p2b: Samurott\n|-resisted|p2a: Gholdengo\n|-damage|p2a: Gholdengo|88\/100\n|-heal|p1b: Sinistcha|49\/100|[from] drain|[of] p2a: Gholdengo\n|move|p2a: Gholdengo|Make It Rain|p1b: Sinistcha|[spread] p1b\n|-activate|p1a: Garchomp|move: Protect\n|-resisted|p1b: Sinistcha\n|-damage|p1b: Sinistcha|5\/100\n|-unboost|p2a: Gholdengo|spa|1\n|\n|upkeep\n|turn|5\n|inactive|zip520520 has 30 seconds left.\n|\n|t:|1732202310\n|move|p2b: Samurott|Sucker Punch||[still]\n|-fail|p2b: Samurott\n|move|p1b: Sinistcha|Life Dew|p1b: Sinistcha|[spread] p1a,p1b\n|-heal|p1a: Garchomp|85\/100\n|-heal|p1b: Sinistcha|30\/100\n|move|p2a: Gholdengo|Make It Rain|p1a: Garchomp|[spread] p1a,p1b\n|-resisted|p1b: Sinistcha\n|-damage|p1a: Garchomp|9\/100\n|-damage|p1b: Sinistcha|4\/100\n|-unboost|p2a: Gholdengo|spa|1\n|move|p1a: Garchomp|Stomping Tantrum|p2a: Gholdengo\n|-supereffective|p2a: Gholdengo\n|-damage|p2a: Gholdengo|9\/100\n|\n|upkeep\n|turn|6\n|inactive|zip520520 has 30 seconds left.\n|\n|t:|1732202340\n|switch|p1b: Tyranitar|Tyranitar, L50, M|100\/100\n|-damage|p1b: Tyranitar|88\/100|[from] Spikes\n|-weather|Sandstorm|[from] ability: Sand Stream|[of] p1b: Tyranitar\n|switch|p2b: Arcanine|Arcanine-Hisui, L50, F|100\/100\n|-status|p2b: Arcanine|tox\n|-ability|p2b: Arcanine|Intimidate|boost\n|-fail|p1a: Garchomp|unboost|[from] item: Clear Amulet|[of] p1a: Garchomp\n|-unboost|p1b: Tyranitar|atk|1\n|move|p1a: Garchomp|Protect|p1a: Garchomp\n|-singleturn|p1a: Garchomp|Protect\n|move|p2a: Gholdengo|Make It Rain|p1b: Tyranitar|[spread] p1b\n|-activate|p1a: Garchomp|move: Protect\n|-supereffective|p1b: Tyranitar\n|-damage|p1b: Tyranitar|49\/100\n|-unboost|p2a: Gholdengo|spa|1\n|\n|-weather|Sandstorm|[upkeep]\n|-damage|p2b: Arcanine|95\/100 tox|[from] psn\n|upkeep\n|turn|7\n|inactive|zip520520 has 30 seconds left.\n|inactive|VGCLTH lily has 30 seconds left.\n|\n|t:|1732202368\n|switch|p2a: Samurott|Samurott-Hisui, L50, F|44\/100\n|-status|p2a: Samurott|tox\n|switch|p1a: Sinistcha|Sinistcha, L50, tera:Water|4\/100\n|-damage|p1a: Sinistcha|0 fnt|[from] Spikes\n|faint|p1a: Sinistcha\n|move|p2b: Arcanine|Extreme Speed|p1b: Tyranitar\n|-resisted|p1b: Tyranitar\n|-damage|p1b: Tyranitar|40\/100\n|move|p1b: Tyranitar|Rock Slide|p2b: Arcanine|[spread] p2b\n|-miss|p1b: Tyranitar|p2a: Samurott\n|-supereffective|p2b: Arcanine\n|-damage|p2b: Arcanine|42\/100 tox\n|\n|-weather|Sandstorm|[upkeep]\n|-damage|p2a: Samurott|37\/100 tox|[from] Sandstorm\n|-damage|p2a: Samurott|31\/100 tox|[from] psn\n|-damage|p2b: Arcanine|30\/100 tox|[from] psn\n|-fieldend|move: Trick Room\n|upkeep\n|\n|t:|1732202388\n|switch|p1a: Garchomp|Garchomp, L50, M|9\/100\n|-damage|p1a: Garchomp|0 fnt|[from] Spikes\n|faint|p1a: Garchomp\n|turn|8\n|\n|t:|1732202400\n|move|p2b: Arcanine|Close Combat|p1b: Tyranitar\n|-supereffective|p1b: Tyranitar\n|-damage|p1b: Tyranitar|0 fnt\n|-unboost|p2b: Arcanine|def|1\n|-unboost|p2b: Arcanine|spd|1\n|faint|p1b: Tyranitar\n|\n|win|VGCLTH lily\n|raw|zip520520's rating: 1718 &rarr; <strong>1697<\/strong><br \/>(-21 for losing)\n|raw|VGCLTH lily's rating: 1697 &rarr; <strong>1718<\/strong><br \/>(+21 for winning)\n","uploadtime":1732202403,"views":14,"formatid":"gen9vgc2024regh","rating":1697,"private":0,"password":null}