{"id":"gen9vgc2024regh-2248471393","format":"[Gen 9] VGC 2024 Reg H","players":["tex777","VGCLTH <1000ELO"],"log":"|raw|<div class=\"broadcast-blue\"><strong>This battle is required to be public due to a player having a name starting with 'vgclth'.<\/div>\n|j|\u2606tex777\n|j|\u2606VGCLTH <1000ELO\n|t:|1732217627\n|gametype|doubles\n|player|p1|tex777|2|1729\n|player|p2|VGCLTH <1000ELO|1|1737\n|teamsize|p1|6\n|teamsize|p2|6\n|gen|9\n|tier|[Gen 9] VGC 2024 Reg H\n|rated|\n|rule|Species Clause: Limit one of each Pok\u00e9mon\n|rule|Item Clause: Limit 1 of each item\n|clearpoke\n|poke|p1|Gallade, L50, M|\n|poke|p1|Annihilape, L50, M|\n|poke|p1|Kingambit, L50, M|\n|poke|p1|Ninetales-Alola, L50, M|\n|poke|p1|Garchomp, L50, M|\n|poke|p1|Dragonite, L50, M|\n|poke|p2|Dondozo, L50, M|\n|poke|p2|Tatsugiri, L50, F|\n|poke|p2|Dragonite, L50, M|\n|poke|p2|Gholdengo, L50|\n|poke|p2|Glimmora, L50, F|\n|poke|p2|Talonflame, L50, F|\n|teampreview|4\n|inactive|Battle timer is ON: inactive players will automatically lose when time's up. (requested by VGCLTH <1000ELO)\n|\n|t:|1732217645\n|start\n|switch|p1a: Garchomp|Garchomp, L50, M|100\/100\n|switch|p1b: Dragonite|Dragonite, L50, M, shiny|100\/100\n|switch|p2a: Dragonite|Dragonite, L50, M|100\/100\n|switch|p2b: Gholdengo|Gholdengo, L50|100\/100\n|turn|1\n|inactive|tex777 has 30 seconds left.\n|\n|t:|1732217671\n|-terastallize|p2b: Gholdengo|Flying\n|-terastallize|p1b: Dragonite|Flying\n|move|p2a: Dragonite|Extreme Speed|p1b: Dragonite\n|-damage|p1b: Dragonite|58\/100\n|move|p1a: Garchomp|Earthquake|p2b: Gholdengo|[spread] \n|-immune|p1b: Dragonite\n|-immune|p2a: Dragonite\n|-immune|p2b: Gholdengo\n|move|p2b: Gholdengo|Make It Rain|p1b: Dragonite|[spread] p1a,p1b\n|-damage|p1a: Garchomp|23\/100\n|-damage|p1b: Dragonite|14\/100\n|-unboost|p2b: Gholdengo|spa|1\n|move|p1b: Dragonite|Tera Blast|p2a: Dragonite|[anim] Tera Blast Flying\n|-damage|p2a: Dragonite|72\/100\n|\n|upkeep\n|turn|2\n|\n|t:|1732217684\n|switch|p1a: Kingambit|Kingambit, L50, M, shiny|100\/100\n|move|p1b: Dragonite|Extreme Speed|p2a: Dragonite\n|-damage|p2a: Dragonite|46\/100\n|move|p2a: Dragonite|Extreme Speed|p1a: Kingambit\n|-resisted|p1a: Kingambit\n|-damage|p1a: Kingambit|84\/100\n|move|p2b: Gholdengo|Make It Rain|p1a: Kingambit|[spread] p1a,p1b\n|-resisted|p1a: Kingambit\n|-damage|p1a: Kingambit|58\/100\n|-damage|p1b: Dragonite|0 fnt\n|-unboost|p2b: Gholdengo|spa|1\n|faint|p1b: Dragonite\n|\n|upkeep\n|\n|t:|1732217695\n|switch|p1b: Gallade|Gallade, L50, M, shiny|100\/100\n|turn|3\n|\n|t:|1732217701\n|move|p1b: Gallade|Protect|p1b: Gallade\n|-singleturn|p1b: Gallade|Protect\n|move|p2a: Dragonite|Extreme Speed|p1b: Gallade\n|-activate|p1b: Gallade|move: Protect\n|move|p2b: Gholdengo|Make It Rain|p1b: Gallade|[spread] p1a\n|-activate|p1b: Gallade|move: Protect\n|-resisted|p1a: Kingambit\n|-damage|p1a: Kingambit|38\/100\n|-unboost|p2b: Gholdengo|spa|1\n|move|p1a: Kingambit|Kowtow Cleave|p2a: Dragonite\n|-damage|p2a: Dragonite|0 fnt\n|faint|p2a: Dragonite\n|\n|upkeep\n|\n|t:|1732217706\n|switch|p2a: Dondozo|Dondozo, L50, M|100\/100\n|turn|4\n|inactive|tex777 has 30 seconds left.\n|\n|t:|1732217737\n|switch|p2b: Tatsugiri|Tatsugiri, L50, F|100\/100\n|-activate|p2b: Tatsugiri|ability: Commander|[of] p2a: Dondozo\n|-boost|p2a: Dondozo|atk|2\n|-boost|p2a: Dondozo|spa|2\n|-boost|p2a: Dondozo|spe|2\n|-boost|p2a: Dondozo|def|2\n|-boost|p2a: Dondozo|spd|2\n|move|p1b: Gallade|Wide Guard|p1b: Gallade\n|-singleturn|p1b: Gallade|Wide Guard\n|move|p2a: Dondozo|Earthquake|p1b: Gallade|[spread] \n|-miss|p2a: Dondozo|p2b: Tatsugiri\n|-activate|p1a: Kingambit|move: Wide Guard\n|-activate|p1b: Gallade|move: Wide Guard\n|move|p1a: Kingambit|Kowtow Cleave|p2a: Dondozo\n|-damage|p2a: Dondozo|80\/100\n|\n|-heal|p2a: Dondozo|87\/100|[from] item: Leftovers\n|upkeep\n|turn|5\n|\n|t:|1732217755\n|move|p2a: Dondozo|Wave Crash|p1a: Kingambit\n|-damage|p1a: Kingambit|0 fnt\n|faint|p1a: Kingambit\n|-damage|p2a: Dondozo|76\/100|[from] Recoil\n|move|p1b: Gallade|Sacred Sword|p2a: Dondozo\n|-damage|p2a: Dondozo|21\/100\n|\n|-heal|p2a: Dondozo|27\/100|[from] item: Leftovers\n|upkeep\n|\n|t:|1732217764\n|switch|p1a: Garchomp|Garchomp, L50, M|23\/100\n|turn|6\n|\n|t:|1732217779\n|move|p1a: Garchomp|Iron Head|p2a: Dondozo\n|-resisted|p2a: Dondozo\n|-damage|p2a: Dondozo|21\/100\n|cant|p2a: Dondozo|flinch\n|move|p1b: Gallade|Sacred Sword|p2a: Dondozo\n|-damage|p2a: Dondozo|0 fnt\n|faint|p2a: Dondozo\n|\n|upkeep\n|\n|t:|1732217783\n|switch|p2a: Gholdengo|Gholdengo, L50, tera:Flying|100\/100\n|turn|7\n|\n|t:|1732217805\n|move|p1a: Garchomp|Iron Head|p2a: Gholdengo\n|-damage|p2a: Gholdengo|65\/100\n|move|p2b: Tatsugiri|Dragon Pulse|p1a: Garchomp\n|-supereffective|p1a: Garchomp\n|-damage|p1a: Garchomp|0 fnt\n|faint|p1a: Garchomp\n|cant|p2a: Gholdengo|flinch\n|move|p1b: Gallade|Psycho Cut|p2a: Gholdengo\n|-crit|p2a: Gholdengo\n|-damage|p2a: Gholdengo|0 fnt\n|faint|p2a: Gholdengo\n|\n|upkeep\n|turn|8\n|\n|t:|1732217817\n|move|p2b: Tatsugiri|Dragon Pulse|p1b: Gallade\n|-damage|p1b: Gallade|52\/100\n|move|p1b: Gallade|Psycho Cut|p2b: Tatsugiri\n|-enditem|p2b: Tatsugiri|Focus Sash\n|-damage|p2b: Tatsugiri|1\/100\n|\n|upkeep\n|turn|9\n|\n|t:|1732217825\n|move|p1b: Gallade|Protect|p1b: Gallade\n|-singleturn|p1b: Gallade|Protect\n|move|p2b: Tatsugiri|Draco Meteor|p1b: Gallade\n|-activate|p1b: Gallade|move: Protect\n|\n|upkeep\n|turn|10\n|\n|t:|1732217832\n|move|p2b: Tatsugiri|Draco Meteor|p1b: Gallade\n|-damage|p1b: Gallade|0 fnt\n|-unboost|p2b: Tatsugiri|spa|2\n|faint|p1b: Gallade\n|\n|win|VGCLTH <1000ELO\n|raw|tex777's rating: 1729 &rarr; <strong>1709<\/strong><br \/>(-20 for losing)\n|raw|VGCLTH &lt;1000ELO's rating: 1737 &rarr; <strong>1757<\/strong><br \/>(+20 for winning)\n|l|\u2606VGCLTH <1000ELO\n|player|p2|\n|l|\u2606tex777\n|player|p1|\n","uploadtime":1732218090,"views":11,"formatid":"gen9vgc2024regh","rating":1709,"private":0,"password":null}