{"id":"gen9vgc2024regh-2248454196","format":"[Gen 9] VGC 2024 Reg H","players":["VGCLTH mike","por minha atendido"],"log":"|raw|<div class=\"broadcast-blue\"><strong>This battle is required to be public due to a player having a name starting with 'vgclth'.<\/div>\n|j|\u2606VGCLTH mike\n|j|\u2606por minha atendido\n|t:|1732216018\n|gametype|doubles\n|player|p1|VGCLTH mike|irida|1807\n|player|p2|por minha atendido|1|1742\n|teamsize|p1|6\n|teamsize|p2|6\n|gen|9\n|tier|[Gen 9] VGC 2024 Reg H\n|rated|\n|rule|Species Clause: Limit one of each Pok\u00e9mon\n|rule|Item Clause: Limit 1 of each item\n|clearpoke\n|poke|p1|Tyranitar, L50, M|\n|poke|p1|Annihilape, L50, M|\n|poke|p1|Bronzong, L50|\n|poke|p1|Ursaluna-Bloodmoon, L50, M|\n|poke|p1|Whimsicott, L50, F|\n|poke|p1|Gastrodon-East, L50, M|\n|poke|p2|Annihilape, L50, M|\n|poke|p2|Delphox, L50, F|\n|poke|p2|Murkrow, L50, M|\n|poke|p2|Sneasler, L50, F|\n|poke|p2|Indeedee, L50, M|\n|poke|p2|Gholdengo, L50|\n|teampreview|4\n|inactive|Battle timer is ON: inactive players will automatically lose when time's up. (requested by VGCLTH mike)\n|\n|t:|1732216042\n|start\n|switch|p1a: Whimsicott|Whimsicott, L50, F, shiny|100\/100\n|switch|p1b: Ursaluna|Ursaluna-Bloodmoon, L50, M|100\/100\n|switch|p2a: Gholdengo|Gholdengo, L50|100\/100\n|switch|p2b: Indeedee|Indeedee, L50, M|100\/100\n|-fieldstart|move: Psychic Terrain|[from] ability: Psychic Surge|[of] p2b: Indeedee\n|turn|1\n|j| kyo9t\n|inactive|por minha atendido has 30 seconds left.\n|\n|t:|1732216077\n|move|p1a: Whimsicott|Tailwind|p1a: Whimsicott\n|-sidestart|p1: VGCLTH mike|move: Tailwind\n|move|p1b: Ursaluna|Earth Power|p2a: Gholdengo\n|-supereffective|p2a: Gholdengo\n|-damage|p2a: Gholdengo|0 fnt\n|faint|p2a: Gholdengo\n|-damage|p1b: Ursaluna|91\/100|[from] item: Life Orb\n|move|p2b: Indeedee|Trick Room|p2b: Indeedee\n|-fieldstart|move: Trick Room|[of] p2b: Indeedee\n|\n|upkeep\n|\n|t:|1732216083\n|switch|p2a: Delphox|Delphox, L50, F|100\/100\n|turn|2\n|\n|t:|1732216090\n|switch|p1a: Tyranitar|Tyranitar, L50, M|100\/100\n|-weather|Sandstorm|[from] ability: Sand Stream|[of] p1a: Tyranitar\n|move|p1b: Ursaluna|Protect|p1b: Ursaluna\n|-singleturn|p1b: Ursaluna|Protect\n|move|p2b: Indeedee|Expanding Force|p1a: Tyranitar|[spread] \n|-activate|p1b: Ursaluna|move: Protect\n|-immune|p1a: Tyranitar\n|move|p2a: Delphox|Expanding Force|p1b: Ursaluna|[spread] \n|-activate|p1b: Ursaluna|move: Protect\n|-immune|p1a: Tyranitar\n|\n|-weather|Sandstorm|[upkeep]\n|-damage|p2b: Indeedee|95\/100|[from] Sandstorm\n|-damage|p2a: Delphox|95\/100|[from] Sandstorm\n|upkeep\n|turn|3\n|\n|t:|1732216103\n|switch|p1b: Bronzong|Bronzong, L50|100\/100\n|-terastallize|p2a: Delphox|Fighting\n|move|p2b: Indeedee|Expanding Force|p1a: Tyranitar|[spread] p1b\n|-immune|p1a: Tyranitar\n|-resisted|p1b: Bronzong\n|-damage|p1b: Bronzong|90\/100\n|move|p2a: Delphox|Tera Blast|p1a: Tyranitar|[anim] Tera Blast Fighting\n|-supereffective|p1a: Tyranitar\n|-damage|p1a: Tyranitar|3\/100\n|-damage|p2a: Delphox|85\/100|[from] item: Life Orb\n|move|p1a: Tyranitar|Rock Slide|p2b: Indeedee|[spread] p2b\n|-miss|p1a: Tyranitar|p2a: Delphox\n|-damage|p2b: Indeedee|21\/100\n|\n|-weather|Sandstorm|[upkeep]\n|-damage|p2b: Indeedee|15\/100|[from] Sandstorm\n|-damage|p2a: Delphox|79\/100|[from] Sandstorm\n|-heal|p1b: Bronzong|96\/100|[from] item: Leftovers\n|upkeep\n|turn|4\n|\n|t:|1732216124\n|move|p1b: Bronzong|Ice Spinner|p2b: Indeedee\n|-damage|p2b: Indeedee|0 fnt\n|-fieldend|move: Psychic Terrain\n|faint|p2b: Indeedee\n|move|p2a: Delphox|Heat Wave|p1a: Tyranitar|[spread] p1a,p1b\n|-resisted|p1a: Tyranitar\n|-supereffective|p1b: Bronzong\n|-damage|p1a: Tyranitar|0 fnt\n|-damage|p1b: Bronzong|29\/100\n|faint|p1a: Tyranitar\n|-damage|p2a: Delphox|69\/100|[from] item: Life Orb\n|\n|-weather|Sandstorm|[upkeep]\n|-damage|p2a: Delphox|63\/100|[from] Sandstorm\n|-heal|p1b: Bronzong|34\/100|[from] item: Leftovers\n|-sideend|p1: VGCLTH mike|move: Tailwind\n|upkeep\n|\n|t:|1732216133\n|switch|p1a: Ursaluna|Ursaluna-Bloodmoon, L50, M|91\/100\n|switch|p2b: Sneasler|Sneasler, L50, F|100\/100\n|turn|5\n|\n|t:|1732216154\n|-terastallize|p1a: Ursaluna|Ghost\n|move|p1b: Bronzong|Body Press|p2a: Delphox\n|-damage|p2a: Delphox|26\/100\n|move|p1a: Ursaluna|Blood Moon|p2b: Sneasler\n|-damage|p2b: Sneasler|0 fnt\n|faint|p2b: Sneasler\n|-damage|p1a: Ursaluna|81\/100|[from] item: Life Orb\n|move|p2a: Delphox|Heat Wave|p1a: Ursaluna|[spread] p1a,p1b\n|-supereffective|p1b: Bronzong\n|-crit|p1b: Bronzong\n|-damage|p1a: Ursaluna|0 fnt\n|-damage|p1b: Bronzong|0 fnt\n|faint|p1a: Ursaluna\n|faint|p1b: Bronzong\n|-damage|p2a: Delphox|16\/100|[from] item: Life Orb\n|\n|-weather|Sandstorm|[upkeep]\n|-damage|p2a: Delphox|10\/100|[from] Sandstorm\n|-fieldend|move: Trick Room\n|upkeep\n|\n|t:|1732216159\n|switch|p1b: Whimsicott|Whimsicott, L50, F, shiny|100\/100\n|turn|6\n|\n|t:|1732216181\n|move|p2a: Delphox|Heat Wave|p1b: Whimsicott\n|-supereffective|p1b: Whimsicott\n|-damage|p1b: Whimsicott|0 fnt\n|faint|p1b: Whimsicott\n|-damage|p2a: Delphox|0 fnt|[from] item: Life Orb\n|faint|p2a: Delphox\n|\n|win|por minha atendido\n|raw|VGCLTH mike's rating: 1807 &rarr; <strong>1783<\/strong><br \/>(-24 for losing)\n|raw|por minha atendido's rating: 1742 &rarr; <strong>1766<\/strong><br \/>(+24 for winning)\n|l|\u2606por minha atendido\n|player|p2|\n|l|\u2606VGCLTH mike\n|player|p1|\n|j| insertable008\n|l| insertable008\n|l| kyo9t\n|j| SeaWolfMikess\n|l| SeaWolfMikess\n","uploadtime":1732216425,"views":21,"formatid":"gen9vgc2024regh","rating":1766,"private":0,"password":null}