{"id":"gen9vgc2024regh-2248539379","format":"[Gen 9] VGC 2024 Reg H","players":["jbleacher2","VGCLTH <1000ELO"],"log":"|raw|<div class=\"broadcast-blue\"><strong>This battle is required to be public due to a player having a name starting with 'vgclth'.<\/div>\n|j|\u2606jbleacher2\n|j|\u2606VGCLTH <1000ELO\n|t:|1732224304\n|gametype|doubles\n|player|p1|jbleacher2|266|1677\n|player|p2|VGCLTH <1000ELO|170|1763\n|teamsize|p1|6\n|teamsize|p2|6\n|gen|9\n|tier|[Gen 9] VGC 2024 Reg H\n|rated|\n|rule|Species Clause: Limit one of each Pok\u00e9mon\n|rule|Item Clause: Limit 1 of each item\n|clearpoke\n|poke|p1|Murkrow, L50, F|\n|poke|p1|Volcarona, L50, M|\n|poke|p1|Oricorio-Pom-Pom, L50, F|\n|poke|p1|Quaquaval, L50, F|\n|poke|p1|Archaludon, L50, M|\n|poke|p1|Golduck, L50, M|\n|poke|p2|Dondozo, L50, M|\n|poke|p2|Tatsugiri, L50, F|\n|poke|p2|Dragonite, L50, M|\n|poke|p2|Gholdengo, L50|\n|poke|p2|Glimmora, L50, F|\n|poke|p2|Talonflame, L50, F|\n|teampreview|4\n|inactive|Battle timer is ON: inactive players will automatically lose when time's up. (requested by VGCLTH <1000ELO)\n|inactive|jbleacher2 also wants the timer to be on.\n|\n|t:|1732224321\n|start\n|switch|p1a: Quaquaval|Quaquaval, L50, F|100\/100\n|switch|p1b: Oricorio|Oricorio-Pom-Pom, L50, F, shiny|100\/100\n|switch|p2a: Dragonite|Dragonite, L50, M|100\/100\n|switch|p2b: Gholdengo|Gholdengo, L50|100\/100\n|turn|1\n|\n|t:|1732224331\n|switch|p1b: Archaludon|Archaludon, L50, M|100\/100\n|move|p2a: Dragonite|Extreme Speed|p1a: Quaquaval\n|-damage|p1a: Quaquaval|38\/100\n|move|p1a: Quaquaval|Triple Axel|p2a: Dragonite\n|-supereffective|p2a: Dragonite\n|-damage|p2a: Dragonite|87\/100\n|-supereffective|p2a: Dragonite\n|-crit|p2a: Dragonite\n|-damage|p2a: Dragonite|5\/100\n|-hitcount|p2a: Dragonite|2\n|move|p2b: Gholdengo|Make It Rain|p1a: Quaquaval|[spread] p1a,p1b\n|-resisted|p1a: Quaquaval\n|-resisted|p1b: Archaludon\n|-damage|p1a: Quaquaval|0 fnt\n|-damage|p1b: Archaludon|77\/100\n|-unboost|p2b: Gholdengo|spa|1\n|-ability|p1b: Archaludon|Stamina|boost\n|-boost|p1b: Archaludon|def|1\n|faint|p1a: Quaquaval\n|\n|upkeep\n|\n|t:|1732224338\n|switch|p1a: Murkrow|Murkrow, L50, F, shiny|100\/100\n|turn|2\n|j| NoahTNasty\n|l| NoahTNasty\n|\n|t:|1732224360\n|-terastallize|p1a: Murkrow|Ghost\n|move|p2a: Dragonite|Extreme Speed|p1b: Archaludon\n|-resisted|p1b: Archaludon\n|-damage|p1b: Archaludon|66\/100\n|-ability|p1b: Archaludon|Stamina|boost\n|-boost|p1b: Archaludon|def|1\n|move|p1a: Murkrow|Tailwind|p1a: Murkrow\n|-sidestart|p1: jbleacher2|move: Tailwind\n|move|p1b: Archaludon|Snarl|p2a: Dragonite|[spread] p2a,p2b\n|-supereffective|p2b: Gholdengo\n|-damage|p2a: Dragonite|0 fnt\n|-damage|p2b: Gholdengo|72\/100\n|-unboost|p2b: Gholdengo|spa|1\n|faint|p2a: Dragonite\n|move|p2b: Gholdengo|Make It Rain|p1b: Archaludon|[spread] p1a,p1b\n|-resisted|p1b: Archaludon\n|-damage|p1a: Murkrow|54\/100\n|-damage|p1b: Archaludon|53\/100\n|-unboost|p2b: Gholdengo|spa|1\n|-ability|p1b: Archaludon|Stamina|boost\n|-boost|p1b: Archaludon|def|1\n|\n|upkeep\n|\n|t:|1732224367\n|switch|p2a: Tatsugiri|Tatsugiri, L50, F|100\/100\n|turn|3\n|\n|t:|1732224390\n|switch|p1a: Oricorio|Oricorio-Pom-Pom, L50, F, shiny|100\/100\n|move|p2a: Tatsugiri|Protect|p2a: Tatsugiri\n|-singleturn|p2a: Tatsugiri|Protect\n|move|p1b: Archaludon|Dragon Pulse|p2a: Tatsugiri\n|-activate|p2a: Tatsugiri|move: Protect\n|move|p2b: Gholdengo|Make It Rain|p1a: Oricorio|[spread] p1a,p1b\n|-resisted|p1a: Oricorio\n|-resisted|p1b: Archaludon\n|-damage|p1a: Oricorio|78\/100\n|-damage|p1b: Archaludon|45\/100\n|-unboost|p2b: Gholdengo|spa|1\n|-ability|p1b: Archaludon|Stamina|boost\n|-boost|p1b: Archaludon|def|1\n|\n|upkeep\n|turn|4\n|inactive|VGCLTH <1000ELO has 30 seconds left.\n|inactive|VGCLTH <1000ELO has 20 seconds left.\n|inactive|VGCLTH <1000ELO has 15 seconds left.\n|inactive|VGCLTH <1000ELO has 10 seconds left.\n|\n|t:|1732224438\n|-terastallize|p2a: Tatsugiri|Steel\n|move|p1a: Oricorio|Revelation Dance|p2b: Gholdengo\n|-damage|p2b: Gholdengo|22\/100\n|move|p1b: Archaludon|Dragon Pulse|p2b: Gholdengo\n|-resisted|p2b: Gholdengo\n|-damage|p2b: Gholdengo|0 fnt\n|faint|p2b: Gholdengo\n|move|p2a: Tatsugiri|Draco Meteor|p1b: Archaludon\n|-damage|p1b: Archaludon|6\/100\n|-unboost|p2a: Tatsugiri|spa|2\n|-ability|p1b: Archaludon|Stamina|boost\n|-boost|p1b: Archaludon|def|1\n|\n|upkeep\n|\n|t:|1732224440\n|switch|p2b: Dondozo|Dondozo, L50, M|100\/100\n|-activate|p2a: Tatsugiri|ability: Commander|[of] p2b: Dondozo\n|-boost|p2b: Dondozo|atk|2\n|-boost|p2b: Dondozo|spa|2\n|-boost|p2b: Dondozo|spe|2\n|-boost|p2b: Dondozo|def|2\n|-boost|p2b: Dondozo|spd|2\n|turn|5\n|\n|t:|1732224449\n|switch|p1b: Murkrow|Murkrow, L50, F, shiny, tera:Ghost|54\/100\n|move|p1a: Oricorio|Protect|p1a: Oricorio\n|-singleturn|p1a: Oricorio|Protect\n|move|p2b: Dondozo|Wave Crash|p1a: Oricorio\n|-activate|p1a: Oricorio|move: Protect\n|\n|-sideend|p1: jbleacher2|move: Tailwind\n|upkeep\n|turn|6\n|\n|t:|1732224459\n|move|p1b: Murkrow|Haze|p1b: Murkrow\n|-clearallboost\n|move|p1a: Oricorio|Revelation Dance|p2b: Dondozo\n|-supereffective|p2b: Dondozo\n|-damage|p2b: Dondozo|0 fnt\n|faint|p2b: Dondozo\n|\n|upkeep\n|turn|7\n|\n|t:|1732224464\n|move|p1b: Murkrow|Tailwind|p1b: Murkrow\n|-sidestart|p1: jbleacher2|move: Tailwind\n|move|p1a: Oricorio|Revelation Dance|p2a: Tatsugiri\n|-damage|p2a: Tatsugiri|44\/100\n|move|p2a: Tatsugiri|Muddy Water|p1b: Murkrow|[spread] p1a,p1b\n|-damage|p1a: Oricorio|33\/100\n|-damage|p1b: Murkrow|16\/100\n|\n|upkeep\n|turn|8\n|j| kyo9t\n|\n|t:|1732224468\n|move|p2a: Tatsugiri|Protect|p2a: Tatsugiri\n|-singleturn|p2a: Tatsugiri|Protect\n|move|p1a: Oricorio|Revelation Dance|p2a: Tatsugiri\n|-activate|p2a: Tatsugiri|move: Protect\n|move|p1b: Murkrow|Brave Bird|p2a: Tatsugiri\n|-activate|p2a: Tatsugiri|move: Protect\n|\n|upkeep\n|turn|9\n|\n|t:|1732224472\n|move|p2a: Tatsugiri|Protect|p2a: Tatsugiri\n|-singleturn|p2a: Tatsugiri|Protect\n|move|p1a: Oricorio|Revelation Dance|p2a: Tatsugiri\n|-activate|p2a: Tatsugiri|move: Protect\n|move|p1b: Murkrow|Brave Bird|p2a: Tatsugiri\n|-activate|p2a: Tatsugiri|move: Protect\n|\n|upkeep\n|turn|10\n|\n|t:|1732224475\n|move|p1a: Oricorio|Revelation Dance|p2a: Tatsugiri\n|-damage|p2a: Tatsugiri|0 fnt\n|faint|p2a: Tatsugiri\n|\n|win|jbleacher2\n|raw|jbleacher2's rating: 1677 &rarr; <strong>1702<\/strong><br \/>(+25 for winning)\n|raw|VGCLTH &lt;1000ELO's rating: 1763 &rarr; <strong>1738<\/strong><br \/>(-25 for losing)\n|l|\u2606VGCLTH <1000ELO\n|player|p2|\n|l|\u2606jbleacher2\n|player|p1|\n","uploadtime":1732224689,"views":18,"formatid":"gen9vgc2024regh","rating":1702,"private":0,"password":null}