{"id":"gen9vgc2024regh-2248958759","format":"[Gen 9] VGC 2024 Reg H","players":["labsd","VGCLTH Python"],"log":"|raw|<div class=\"broadcast-blue\"><strong>This battle is required to be public due to a player having a name starting with 'vgclth'.<\/div>\n|j|\u2606labsd\n|j|\u2606VGCLTH Python\n|t:|1732285503\n|gametype|doubles\n|player|p1|labsd|101|1728\n|player|p2|VGCLTH Python|yellow|1706\n|teamsize|p1|6\n|teamsize|p2|6\n|gen|9\n|tier|[Gen 9] VGC 2024 Reg H\n|rated|\n|rule|Species Clause: Limit one of each Pok\u00e9mon\n|rule|Item Clause: Limit 1 of each item\n|clearpoke\n|poke|p1|Archaludon, L50, M|\n|poke|p1|Politoed, L50, F|\n|poke|p1|Incineroar, L50, M|\n|poke|p1|Meowscarada, L50, M|\n|poke|p1|Garchomp, L50, F|\n|poke|p1|Amoonguss, L50, M|\n|poke|p2|Volcarona, L50, M|\n|poke|p2|Breloom, L50, F|\n|poke|p2|Gholdengo, L50|\n|poke|p2|Electabuzz, L50, M|\n|poke|p2|Gastrodon, L50, F|\n|poke|p2|Dragonite, L50, F|\n|teampreview|4\n|inactive|Battle timer is ON: inactive players will automatically lose when time's up. (requested by labsd)\n|\n|t:|1732285535\n|start\n|switch|p1a: Meowscarada|Meowscarada, L50, M|100\/100\n|switch|p1b: Incineroar|Incineroar, L50, M|100\/100\n|switch|p2a: Volcarona|Volcarona, L50, M|100\/100\n|switch|p2b: Electabuzz|Electabuzz, L50, M|100\/100\n|-ability|p1b: Incineroar|Intimidate|boost\n|-unboost|p2a: Volcarona|atk|1\n|-unboost|p2b: Electabuzz|atk|1\n|turn|1\n|\n|t:|1732285547\n|switch|p1a: Archaludon|Archaludon, L50, M|100\/100\n|move|p2a: Volcarona|Protect|p2a: Volcarona\n|-singleturn|p2a: Volcarona|Protect\n|move|p2b: Electabuzz|Protect|p2b: Electabuzz\n|-singleturn|p2b: Electabuzz|Protect\n|move|p1b: Incineroar|Fake Out|p2a: Volcarona\n|-activate|p2a: Volcarona|move: Protect\n|\n|upkeep\n|turn|2\n|j| CB_Karteezy\n|inactive|labsd has 30 seconds left.\n|\n|t:|1732285573\n|switch|p1b: Politoed|Politoed, L50, F|100\/100\n|-weather|RainDance|[from] ability: Drizzle|[of] p1b: Politoed\n|move|p2b: Electabuzz|Follow Me|p2b: Electabuzz\n|-singleturn|p2b: Electabuzz|move: Follow Me\n|move|p2a: Volcarona|Quiver Dance|p2a: Volcarona\n|-boost|p2a: Volcarona|spa|1\n|-boost|p2a: Volcarona|spd|1\n|-boost|p2a: Volcarona|spe|1\n|move|p1a: Archaludon|Electro Shot||[still]\n|-prepare|p1a: Archaludon|Electro Shot\n|-boost|p1a: Archaludon|spa|1\n|-anim|p1a: Archaludon|Electro Shot|p2b: Electabuzz\n|-resisted|p2b: Electabuzz\n|-damage|p2b: Electabuzz|82\/100\n|\n|-weather|RainDance|[upkeep]\n|upkeep\n|turn|3\n|l| CB_Karteezy\n|\n|t:|1732285587\n|move|p2b: Electabuzz|Follow Me|p2b: Electabuzz\n|-singleturn|p2b: Electabuzz|move: Follow Me\n|move|p2a: Volcarona|Quiver Dance|p2a: Volcarona\n|-boost|p2a: Volcarona|spa|1\n|-boost|p2a: Volcarona|spd|1\n|-boost|p2a: Volcarona|spe|1\n|move|p1b: Politoed|Muddy Water|p2a: Volcarona|[spread] p2a,p2b\n|-supereffective|p2a: Volcarona\n|-damage|p2a: Volcarona|59\/100\n|-damage|p2b: Electabuzz|52\/100\n|move|p1a: Archaludon|Electro Shot||[still]\n|-prepare|p1a: Archaludon|Electro Shot\n|-boost|p1a: Archaludon|spa|1\n|-anim|p1a: Archaludon|Electro Shot|p2b: Electabuzz\n|-resisted|p2b: Electabuzz\n|-damage|p2b: Electabuzz|30\/100\n|\n|-weather|RainDance|[upkeep]\n|-heal|p2a: Volcarona|65\/100|[from] item: Leftovers\n|upkeep\n|turn|4\n|inactive|VGCLTH Python has 30 seconds left.\n|inactive|VGCLTH Python has 20 seconds left.\n|\n|t:|1732285626\n|switch|p1b: Incineroar|Incineroar, L50, M|100\/100\n|-ability|p1b: Incineroar|Intimidate|boost\n|-unboost|p2a: Volcarona|atk|1\n|-unboost|p2b: Electabuzz|atk|1\n|-terastallize|p2a: Volcarona|Fairy\n|move|p2a: Volcarona|Tera Blast|p1a: Archaludon|[anim] Tera Blast Fairy\n|-damage|p1a: Archaludon|33\/100\n|-ability|p1a: Archaludon|Stamina|boost\n|-boost|p1a: Archaludon|def|1\n|-enditem|p1a: Archaludon|Sitrus Berry|[eat]\n|-heal|p1a: Archaludon|58\/100|[from] item: Sitrus Berry\n|move|p2b: Electabuzz|Thunderbolt|p1b: Incineroar\n|-damage|p1b: Incineroar|77\/100\n|-status|p1b: Incineroar|par\n|move|p1a: Archaludon|Electro Shot||[still]\n|-prepare|p1a: Archaludon|Electro Shot\n|-boost|p1a: Archaludon|spa|1\n|-anim|p1a: Archaludon|Electro Shot|p2a: Volcarona\n|-damage|p2a: Volcarona|24\/100\n|\n|-weather|RainDance|[upkeep]\n|-heal|p2a: Volcarona|30\/100|[from] item: Leftovers\n|upkeep\n|turn|5\n|inactive|labsd has 30 seconds left.\n|inactive|labsd has 20 seconds left.\n|inactive|labsd has 15 seconds left.\n|\n|t:|1732285670\n|switch|p1b: Politoed|Politoed, L50, F|100\/100\n|move|p2a: Volcarona|Protect|p2a: Volcarona\n|-singleturn|p2a: Volcarona|Protect\n|move|p2b: Electabuzz|Protect|p2b: Electabuzz\n|-singleturn|p2b: Electabuzz|Protect\n|move|p1a: Archaludon|Protect||[still]\n|-fail|p1a: Archaludon\n|\n|-weather|RainDance|[upkeep]\n|-heal|p2a: Volcarona|36\/100|[from] item: Leftovers\n|upkeep\n|turn|6\n|\n|t:|1732285689\n|switch|p1a: Incineroar|Incineroar, L50, M|77\/100 par\n|-ability|p1a: Incineroar|Intimidate|boost\n|-unboost|p2a: Volcarona|atk|1\n|-unboost|p2b: Electabuzz|atk|1\n|move|p2b: Electabuzz|Feint|p1a: Incineroar\n|-damage|p1a: Incineroar|75\/100 par\n|move|p2a: Volcarona|Tera Blast|p1a: Incineroar|[anim] Tera Blast Fairy\n|-damage|p1a: Incineroar|11\/100 par\n|move|p1b: Politoed|Muddy Water|p2b: Electabuzz|[spread] \n|-miss|p1b: Politoed|p2a: Volcarona\n|-miss|p1b: Politoed|p2b: Electabuzz\n|\n|-weather|none\n|-heal|p2a: Volcarona|42\/100|[from] item: Leftovers\n|upkeep\n|turn|7\n|\n|t:|1732285712\n|switch|p2b: Gastrodon|Gastrodon, L50, F|100\/100\n|switch|p1a: Meowscarada|Meowscarada, L50, M|100\/100\n|move|p2a: Volcarona|Protect|p2a: Volcarona\n|-singleturn|p2a: Volcarona|Protect\n|move|p1b: Politoed|Muddy Water|p2a: Volcarona|[spread] \n|-activate|p2a: Volcarona|move: Protect\n|-ability|p2b: Gastrodon|Storm Drain|boost\n|-boost|p2b: Gastrodon|spa|1\n|\n|-heal|p2a: Volcarona|48\/100|[from] item: Leftovers\n|upkeep\n|turn|8\n|\n|t:|1732285732\n|switch|p1b: Incineroar|Incineroar, L50, M|11\/100 par\n|-ability|p1b: Incineroar|Intimidate|boost\n|-unboost|p2a: Volcarona|atk|1\n|-unboost|p2b: Gastrodon|atk|1\n|-terastallize|p1a: Meowscarada|Ghost\n|move|p2a: Volcarona|Heat Wave|p1a: Meowscarada|[spread] p1a,p1b\n|-resisted|p1b: Incineroar\n|-damage|p1a: Meowscarada|0 fnt\n|-damage|p1b: Incineroar|0 fnt\n|faint|p1a: Meowscarada\n|faint|p1b: Incineroar\n|move|p2b: Gastrodon|Earth Power|p1: Meowscarada|[notarget]\n|-fail|p2b: Gastrodon\n|\n|-heal|p2a: Volcarona|54\/100|[from] item: Leftovers\n|upkeep\n|-message|labsd forfeited.\n|\n|win|VGCLTH Python\n|raw|labsd's rating: 1728 &rarr; <strong>1707<\/strong><br \/>(-21 for losing)\n|raw|VGCLTH Python's rating: 1706 &rarr; <strong>1727<\/strong><br \/>(+21 for winning)\n|l|\u2606labsd\n|player|p1|\n|l|\u2606VGCLTH Python\n|player|p2|\n","uploadtime":1732285767,"views":14,"formatid":"gen9vgc2024regh","rating":1707,"private":0,"password":null}