{"id":"gen9vgc2024regh-2248792600","format":"[Gen 9] VGC 2024 Reg H","players":["Mode Harambe","VGCLTH Sir Aaron"],"log":"|raw|<div class=\"broadcast-blue\"><strong>This battle is required to be public due to a player having a name starting with 'vgclth'.<\/div>\n|j|\u2606Mode Harambe\n|j|\u2606VGCLTH Sir Aaron\n|t:|1732258989\n|gametype|doubles\n|player|p1|Mode Harambe|red|1694\n|player|p2|VGCLTH Sir Aaron|red-masters3|1714\n|teamsize|p1|6\n|teamsize|p2|6\n|gen|9\n|tier|[Gen 9] VGC 2024 Reg H\n|rated|\n|rule|Species Clause: Limit one of each Pok\u00e9mon\n|rule|Item Clause: Limit 1 of each item\n|clearpoke\n|poke|p1|Annihilape, L50, M|\n|poke|p1|Talonflame, L50, F|\n|poke|p1|Dragonite, L50, M|\n|poke|p1|Ursaluna-Bloodmoon, L50, M|\n|poke|p1|Gholdengo, L50|\n|poke|p1|Rillaboom, L50, F|\n|poke|p2|Azumarill, L50, F|\n|poke|p2|Archaludon, L50, M|\n|poke|p2|Arcanine, L50, F|\n|poke|p2|Electabuzz, L50, M|\n|poke|p2|Rillaboom, L50, F|\n|poke|p2|Dragonite, L50, M|\n|teampreview|4\n|\n|t:|1732259015\n|start\n|switch|p1a: Ursaluna|Ursaluna-Bloodmoon, L50, M|100\/100\n|switch|p1b: Talonflame|Talonflame, L50, F|100\/100\n|switch|p2a: Azumarill|Azumarill, L50, F|100\/100\n|switch|p2b: Electabuzz|Electabuzz, L50, M|100\/100\n|turn|1\n|\n|t:|1732259030\n|-terastallize|p1a: Ursaluna|Normal\n|-terastallize|p2a: Azumarill|Water\n|move|p1b: Talonflame|Tailwind|p1b: Talonflame\n|-sidestart|p1: Mode Harambe|move: Tailwind\n|move|p1a: Ursaluna|Hyper Voice|p2a: Azumarill|[spread] p2a,p2b\n|-crit|p2a: Azumarill\n|-damage|p2a: Azumarill|0 fnt\n|-damage|p2b: Electabuzz|52\/100\n|faint|p2a: Azumarill\n|-damage|p1a: Ursaluna|91\/100|[from] item: Life Orb\n|move|p2b: Electabuzz|Electroweb|p1a: Ursaluna|[spread] p1a,p1b\n|-supereffective|p1b: Talonflame\n|-damage|p1a: Ursaluna|73\/100\n|-damage|p1b: Talonflame|54\/100\n|-unboost|p1a: Ursaluna|spe|1\n|\n|upkeep\n|\n|t:|1732259050\n|switch|p2a: Dragonite|Dragonite, L50, M|100\/100\n|turn|2\n|j| Xunyicaoawa\n|\n|t:|1732259066\n|move|p1b: Talonflame|Flare Blitz|p2a: Dragonite\n|-resisted|p2a: Dragonite\n|-damage|p2a: Dragonite|89\/100\n|-damage|p1b: Talonflame|49\/100|[from] Recoil\n|move|p1a: Ursaluna|Hyper Voice|p2a: Dragonite|[spread] p2a,p2b\n|-damage|p2a: Dragonite|18\/100\n|-damage|p2b: Electabuzz|5\/100\n|-damage|p1a: Ursaluna|63\/100|[from] item: Life Orb\n|move|p2a: Dragonite|Scale Shot|p1a: Ursaluna|[miss]\n|-miss|p2a: Dragonite|p1a: Ursaluna\n|move|p2b: Electabuzz|Electroweb|p1a: Ursaluna|[spread] p1a,p1b\n|-supereffective|p1b: Talonflame\n|-damage|p1a: Ursaluna|44\/100\n|-damage|p1b: Talonflame|6\/100\n|-unboost|p1a: Ursaluna|spe|1\n|\n|upkeep\n|turn|3\n|\n|t:|1732259090\n|move|p2a: Dragonite|Protect|p2a: Dragonite\n|-singleturn|p2a: Dragonite|Protect\n|move|p1b: Talonflame|Dual Wingbeat|p2a: Dragonite\n|-activate|p2a: Dragonite|move: Protect\n|move|p2b: Electabuzz|Electroweb|p1b: Talonflame|[spread] p1a,p1b\n|-supereffective|p1b: Talonflame\n|-damage|p1a: Ursaluna|27\/100\n|-damage|p1b: Talonflame|0 fnt\n|-unboost|p1a: Ursaluna|spe|1\n|faint|p1b: Talonflame\n|move|p1a: Ursaluna|Hyper Voice|p2b: Electabuzz|[spread] p2b\n|-activate|p2a: Dragonite|move: Protect\n|-damage|p2b: Electabuzz|0 fnt\n|faint|p2b: Electabuzz\n|-damage|p1a: Ursaluna|17\/100|[from] item: Life Orb\n|\n|upkeep\n|\n|t:|1732259103\n|switch|p1b: Dragonite|Dragonite, L50, M|100\/100\n|switch|p2b: Arcanine|Arcanine, L50, F|100\/100\n|-ability|p2b: Arcanine|Intimidate|boost\n|-unboost|p1a: Ursaluna|atk|1\n|-unboost|p1b: Dragonite|atk|1\n|turn|4\n|\n|t:|1732259123\n|move|p2b: Arcanine|Extreme Speed|p1a: Ursaluna\n|-damage|p1a: Ursaluna|0 fnt\n|faint|p1a: Ursaluna\n|move|p1b: Dragonite|Haze|p1b: Dragonite\n|-clearallboost\n|move|p2a: Dragonite|Scale Shot|p1b: Dragonite\n|-supereffective|p1b: Dragonite\n|-damage|p1b: Dragonite|84\/100\n|-supereffective|p1b: Dragonite\n|-damage|p1b: Dragonite|52\/100\n|-supereffective|p1b: Dragonite\n|-crit|p1b: Dragonite\n|-damage|p1b: Dragonite|5\/100\n|-supereffective|p1b: Dragonite\n|-damage|p1b: Dragonite|0 fnt\n|faint|p1b: Dragonite\n|-hitcount|p1: Dragonite|4\n|-unboost|p2a: Dragonite|def|1\n|-boost|p2a: Dragonite|spe|1\n|\n|-sideend|p1: Mode Harambe|move: Tailwind\n|upkeep\n|\n|t:|1732259127\n|switch|p1b: Annihilape|Annihilape, L50, M|100\/100\n|turn|5\n|\n|t:|1732259143\n|move|p2a: Dragonite|Scale Shot|p1b: Annihilape\n|-crit|p1b: Annihilape\n|-damage|p1b: Annihilape|80\/100\n|-damage|p1b: Annihilape|66\/100\n|-damage|p1b: Annihilape|50\/100\n|-damage|p1b: Annihilape|35\/100\n|-hitcount|p1b: Annihilape|4\n|-unboost|p2a: Dragonite|def|1\n|-boost|p2a: Dragonite|spe|1\n|move|p2b: Arcanine|Will-O-Wisp|p1b: Annihilape\n|-status|p1b: Annihilape|brn\n|move|p1b: Annihilape|Rage Fist|p2b: Arcanine\n|-damage|p2b: Arcanine|37\/100\n|\n|-damage|p1b: Annihilape|29\/100 brn|[from] brn\n|upkeep\n|turn|6\n|-message|Mode Harambe forfeited.\n|\n|win|VGCLTH Sir Aaron\n|raw|Mode Harambe's rating: 1694 &rarr; <strong>1675<\/strong><br \/>(-19 for losing)\n|raw|VGCLTH Sir Aaron's rating: 1714 &rarr; <strong>1733<\/strong><br \/>(+19 for winning)\n|l|\u2606Mode Harambe\n|player|p1|\n|l| Xunyicaoawa\n","uploadtime":1732259349,"views":14,"formatid":"gen9vgc2024regh","rating":1675,"private":0,"password":null}