{"id":"gen9vgc2024regh-2248028986","format":"[Gen 9] VGC 2024 Reg H","players":["elvegis1","ren122333"],"log":"|j|\u2606elvegis1\n|j|\u2606ren122333\n|t:|1732159205\n|gametype|doubles\n|player|p1|elvegis1|lucas|1745\n|player|p2|ren122333|hilbert|1753\n|teamsize|p1|6\n|teamsize|p2|6\n|gen|9\n|tier|[Gen 9] VGC 2024 Reg H\n|rated|\n|rule|Species Clause: Limit one of each Pok\u00e9mon\n|rule|Item Clause: Limit 1 of each item\n|clearpoke\n|poke|p1|Incineroar, L50, M|\n|poke|p1|Gholdengo, L50|\n|poke|p1|Dondozo, L50, F|\n|poke|p1|Magnezone, L50|\n|poke|p1|Ursaluna, L50, M|\n|poke|p1|Dusclops, L50, F|\n|poke|p2|Whimsicott, L50, F|\n|poke|p2|Mamoswine, L50, F|\n|poke|p2|Lycanroc-Dusk, L50, M|\n|poke|p2|Typhlosion-Hisui, L50, F|\n|poke|p2|Farigiraf, L50, F|\n|poke|p2|Mienshao, L50, F|\n|teampreview|4\n|inactive|Battle timer is ON: inactive players will automatically lose when time's up. (requested by elvegis1)\n|inactive|elvegis1 has 60 seconds left.\n|\n|t:|1732159253\n|start\n|switch|p1a: Dusclops|Dusclops, L50, F|100\/100\n|switch|p1b: Dondozo|Dondozo, L50, F|100\/100\n|switch|p2a: Farigiraf|Farigiraf, L50, F|100\/100\n|switch|p2b: Mienshao|Mienshao, L50, F|100\/100\n|-item|p2a: Farigiraf|Mental Herb|[from] ability: Frisk|[of] p1a: Dusclops\n|-item|p2b: Mienshao|Life Orb|[from] ability: Frisk|[of] p1a: Dusclops\n|turn|1\n|inactive|ren122333 has 30 seconds left.\n|\n|t:|1732159281\n|move|p2b: Mienshao|Knock Off|p1a: Dusclops\n|-supereffective|p1a: Dusclops\n|-damage|p1a: Dusclops|51\/100\n|-enditem|p1a: Dusclops|Eviolite|[from] move: Knock Off|[of] p2b: Mienshao\n|-damage|p2b: Mienshao|91\/100|[from] item: Life Orb\n|move|p2a: Farigiraf|Imprison|p2a: Farigiraf\n|-start|p2a: Farigiraf|move: Imprison\n|move|p1b: Dondozo|Yawn|p2a: Farigiraf\n|-start|p2a: Farigiraf|move: Yawn|[of] p1b: Dondozo\n|move|p1a: Dusclops|Will-O-Wisp|p2b: Mienshao\n|-status|p2b: Mienshao|brn\n|\n|-damage|p2b: Mienshao|85\/100 brn|[from] brn\n|upkeep\n|turn|2\n|inactive|ren122333 has 30 seconds left.\n|\n|t:|1732159312\n|move|p1b: Dondozo|Protect|p1b: Dondozo\n|-singleturn|p1b: Dondozo|Protect\n|move|p2b: Mienshao|Knock Off|p1a: Dusclops\n|-supereffective|p1a: Dusclops\n|-damage|p1a: Dusclops|24\/100\n|-damage|p2b: Mienshao|75\/100 brn|[from] item: Life Orb\n|move|p2a: Farigiraf|Expanding Force|p1a: Dusclops\n|-damage|p1a: Dusclops|0 fnt\n|faint|p1a: Dusclops\n|\n|-damage|p2b: Mienshao|69\/100 brn|[from] brn\n|-end|p2a: Farigiraf|move: Yawn|[silent]\n|-status|p2a: Farigiraf|slp\n|upkeep\n|\n|t:|1732159325\n|switch|p1a: Ursaluna|Ursaluna, L50, M|100\/100\n|turn|3\n|\n|t:|1732159341\n|move|p1a: Ursaluna|Protect|p1a: Ursaluna\n|-singleturn|p1a: Ursaluna|Protect\n|move|p2b: Mienshao|Close Combat|p1a: Ursaluna\n|-activate|p1a: Ursaluna|move: Protect\n|cant|p2a: Farigiraf|slp\n|move|p1b: Dondozo|Wave Crash|p2b: Mienshao\n|-damage|p2b: Mienshao|0 fnt\n|faint|p2b: Mienshao\n|-damage|p1b: Dondozo|88\/100|[from] Recoil\n|\n|-heal|p1b: Dondozo|94\/100|[from] item: Leftovers\n|-status|p1a: Ursaluna|brn|[from] item: Flame Orb\n|upkeep\n|\n|t:|1732159348\n|switch|p2b: Mamoswine|Mamoswine, L50, F|100\/100\n|turn|4\n|\n|t:|1732159357\n|-terastallize|p2b: Mamoswine|Grass\n|-terastallize|p1a: Ursaluna|Ghost\n|move|p2b: Mamoswine|Tera Blast|p1b: Dondozo|[anim] Tera Blast Grass\n|-supereffective|p1b: Dondozo\n|-crit|p1b: Dondozo\n|-damage|p1b: Dondozo|0 fnt\n|faint|p1b: Dondozo\n|cant|p2a: Farigiraf|slp\n|move|p1a: Ursaluna|Facade|p2a: Farigiraf\n|-damage|p2a: Farigiraf|0 fnt\n|faint|p2a: Farigiraf\n|\n|-damage|p1a: Ursaluna|95\/100 brn|[from] brn\n|upkeep\n|\n|t:|1732159369\n|switch|p2a: Typhlosion|Typhlosion-Hisui, L50, F|100\/100\n|switch|p1b: Incineroar|Incineroar, L50, M|100\/100\n|-item|p1a: Ursaluna|Flame Orb|[from] ability: Frisk|[of] p2a: Typhlosion\n|-item|p1b: Incineroar|Sitrus Berry|[from] ability: Frisk|[of] p2a: Typhlosion\n|-ability|p1b: Incineroar|Intimidate|boost\n|-unboost|p2a: Typhlosion|atk|1\n|-fail|p2b: Mamoswine|unboost|Attack|[from] ability: Oblivious|[of] p2b: Mamoswine\n|turn|5\n|\n|t:|1732159379\n|move|p2a: Typhlosion|Shadow Ball|p1a: Ursaluna\n|-supereffective|p1a: Ursaluna\n|-damage|p1a: Ursaluna|6\/100 brn\n|move|p2b: Mamoswine|High Horsepower|p1b: Incineroar\n|-supereffective|p1b: Incineroar\n|-damage|p1b: Incineroar|0 fnt\n|faint|p1b: Incineroar\n|move|p1a: Ursaluna|Facade|p2b: Mamoswine\n|-damage|p2b: Mamoswine|0 fnt\n|faint|p2b: Mamoswine\n|\n|-damage|p1a: Ursaluna|0 fnt|[from] brn\n|faint|p1a: Ursaluna\n|\n|win|ren122333\n|upkeep\n|raw|elvegis1's rating: 1745 &rarr; <strong>1725<\/strong><br \/>(-20 for losing)\n|raw|ren122333's rating: 1753 &rarr; <strong>1773<\/strong><br \/>(+20 for winning)\n|c|\u2606elvegis1|That crit\n|l|\u2606ren122333\n|player|p2|\n|l|\u2606elvegis1\n|player|p1|\n","uploadtime":1732159575,"views":19,"formatid":"gen9vgc2024regh","rating":1725,"private":0,"password":null}