{"id":"gen9vgc2024regh-2248389836","format":"[Gen 9] VGC 2024 Reg H","players":["Djjwjwwjj","VGCLTH mike"],"log":"|raw|<div class=\"broadcast-blue\"><strong>This battle is required to be public due to a player having a name starting with 'vgclth'.<\/div>\n|j|\u2606Djjwjwwjj\n|j|\u2606VGCLTH mike\n|t:|1732210024\n|gametype|doubles\n|player|p1|Djjwjwwjj|170|1765\n|player|p2|VGCLTH mike|irida|1758\n|teamsize|p1|6\n|teamsize|p2|6\n|gen|9\n|tier|[Gen 9] VGC 2024 Reg H\n|rated|\n|rule|Species Clause: Limit one of each Pok\u00e9mon\n|rule|Item Clause: Limit 1 of each item\n|clearpoke\n|poke|p1|Palafin, L50, M|\n|poke|p1|Pelipper, L50, M|\n|poke|p1|Incineroar, L50, F|\n|poke|p1|Rillaboom, L50, M|\n|poke|p1|Gholdengo, L50|\n|poke|p1|Clefable, L50, F|\n|poke|p2|Tyranitar, L50, M|\n|poke|p2|Annihilape, L50, M|\n|poke|p2|Bronzong, L50|\n|poke|p2|Ursaluna-Bloodmoon, L50, M|\n|poke|p2|Whimsicott, L50, M|\n|poke|p2|Gastrodon-East, L50, F|\n|teampreview|4\n|inactive|Battle timer is ON: inactive players will automatically lose when time's up. (requested by VGCLTH mike)\n|\n|t:|1732210054\n|start\n|switch|p1a: Gholdengo|Gholdengo, L50|100\/100\n|switch|p1b: Clefable|Clefable, L50, F|100\/100\n|switch|p2a: Whimsicott|Whimsicott, L50, M, shiny|100\/100\n|switch|p2b: Ursaluna|Ursaluna-Bloodmoon, L50, M|100\/100\n|turn|1\n|j| VGCLTH skibidi\n|c|\u2606VGCLTH mike|Skibidi\n|inactive|Djjwjwwjj has 30 seconds left.\n|inactive|Djjwjwwjj has 20 seconds left.\n|\n|t:|1732210090\n|-terastallize|p2a: Whimsicott|Water\n|move|p1b: Clefable|Protect|p1b: Clefable\n|-singleturn|p1b: Clefable|Protect\n|move|p2a: Whimsicott|Moonblast|p1b: Clefable\n|-activate|p1b: Clefable|move: Protect\n|move|p1a: Gholdengo|Nasty Plot|p1a: Gholdengo\n|-boost|p1a: Gholdengo|spa|2\n|move|p2b: Ursaluna|Blood Moon|p1b: Clefable\n|-activate|p1b: Clefable|move: Protect\n|\n|upkeep\n|turn|2\n|j| Mayahoppins\n|inactive|Djjwjwwjj has 30 seconds left.\n|\n|t:|1732210122\n|move|p2b: Ursaluna|Protect|p2b: Ursaluna\n|-singleturn|p2b: Ursaluna|Protect\n|move|p1b: Clefable|Follow Me|p1b: Clefable\n|-singleturn|p1b: Clefable|move: Follow Me\n|move|p2a: Whimsicott|Tailwind|p2a: Whimsicott\n|-sidestart|p2: VGCLTH mike|move: Tailwind\n|move|p1a: Gholdengo|Make It Rain|p2b: Ursaluna|[spread] p2a\n|-activate|p2b: Ursaluna|move: Protect\n|-resisted|p2a: Whimsicott\n|-damage|p2a: Whimsicott|14\/100\n|-unboost|p1a: Gholdengo|spa|1\n|-damage|p1a: Gholdengo|91\/100|[from] item: Life Orb\n|\n|upkeep\n|turn|3\n|\n|t:|1732210138\n|switch|p2a: Annihilape|Annihilape, L50, M|100\/100\n|move|p1b: Clefable|Follow Me|p1b: Clefable\n|-singleturn|p1b: Clefable|move: Follow Me\n|move|p2b: Ursaluna|Earth Power|p1b: Clefable\n|-damage|p1b: Clefable|49\/100\n|-damage|p2b: Ursaluna|91\/100|[from] item: Life Orb\n|move|p1a: Gholdengo|Make It Rain|p2a: Annihilape|[spread] p2a,p2b\n|-damage|p2a: Annihilape|7\/100\n|-damage|p2b: Ursaluna|0 fnt\n|-unboost|p1a: Gholdengo|spa|1\n|faint|p2b: Ursaluna\n|-damage|p1a: Gholdengo|82\/100|[from] item: Life Orb\n|\n|upkeep\n|\n|t:|1732210144\n|switch|p2b: Gastrodon|Gastrodon-East, L50, F|100\/100\n|turn|4\n|inactive|Djjwjwwjj has 30 seconds left.\n|inactive|Djjwjwwjj has 20 seconds left.\n|inactive|Djjwjwwjj has 15 seconds left.\n|inactive|Djjwjwwjj has 10 seconds left.\n|\n|t:|1732210190\n|-terastallize|p1a: Gholdengo|Flying\n|move|p1b: Clefable|Follow Me|p1b: Clefable\n|-singleturn|p1b: Clefable|move: Follow Me\n|move|p2a: Annihilape|Rage Fist|p1b: Clefable\n|-damage|p1b: Clefable|4\/100\n|move|p1a: Gholdengo|Nasty Plot|p1a: Gholdengo\n|-boost|p1a: Gholdengo|spa|2\n|move|p2b: Gastrodon|Earth Power|p1b: Clefable\n|-damage|p1b: Clefable|0 fnt\n|faint|p1b: Clefable\n|\n|upkeep\n|\n|t:|1732210203\n|switch|p1b: Rillaboom|Rillaboom, L50, M|100\/100\n|-fieldstart|move: Grassy Terrain|[from] ability: Grassy Surge|[of] p1b: Rillaboom\n|turn|5\n|l| VGCLTH skibidi\n|inactive|Djjwjwwjj has 30 seconds left.\n|\n|t:|1732210235\n|move|p2a: Annihilape|Protect|p2a: Annihilape\n|-singleturn|p2a: Annihilape|Protect\n|move|p1b: Rillaboom|Grassy Glide|p2a: Annihilape\n|-activate|p2a: Annihilape|move: Protect\n|move|p1a: Gholdengo|Shadow Ball|p2b: Gastrodon\n|-damage|p2b: Gastrodon|11\/100\n|-enditem|p2b: Gastrodon|Sitrus Berry|[eat]\n|-heal|p2b: Gastrodon|35\/100|[from] item: Sitrus Berry\n|-damage|p1a: Gholdengo|72\/100|[from] item: Life Orb\n|move|p2b: Gastrodon|Ice Beam|p1b: Rillaboom\n|-supereffective|p1b: Rillaboom\n|-damage|p1b: Rillaboom|73\/100\n|\n|-heal|p2a: Annihilape|13\/100|[from] Grassy Terrain\n|-heal|p2b: Gastrodon|41\/100|[from] Grassy Terrain\n|-heal|p1b: Rillaboom|79\/100|[from] Grassy Terrain\n|-sideend|p2: VGCLTH mike|move: Tailwind\n|upkeep\n|turn|6\n|\n|t:|1732210255\n|switch|p2a: Whimsicott|Whimsicott, L50, M, shiny, tera:Water|14\/100\n|move|p1b: Rillaboom|Grassy Glide|p2a: Whimsicott\n|-supereffective|p2a: Whimsicott\n|-damage|p2a: Whimsicott|0 fnt\n|faint|p2a: Whimsicott\n|move|p1a: Gholdengo|Shadow Ball|p2b: Gastrodon\n|-damage|p2b: Gastrodon|0 fnt\n|faint|p2b: Gastrodon\n|-damage|p1a: Gholdengo|63\/100|[from] item: Life Orb\n|\n|-heal|p1b: Rillaboom|85\/100|[from] Grassy Terrain\n|upkeep\n|\n|t:|1732210257\n|switch|p2b: Annihilape|Annihilape, L50, M|13\/100\n|turn|7\n|\n|t:|1732210275\n|move|p1b: Rillaboom|Grassy Glide|p2b: Annihilape\n|-damage|p2b: Annihilape|0 fnt\n|faint|p2b: Annihilape\n|\n|win|Djjwjwwjj\n|raw|Djjwjwwjj's rating: 1765 &rarr; <strong>1785<\/strong><br \/>(+20 for winning)\n|raw|VGCLTH mike's rating: 1758 &rarr; <strong>1738<\/strong><br \/>(-20 for losing)\n|l|\u2606Djjwjwwjj\n|player|p1|\n|l|\u2606VGCLTH mike\n|player|p2|\n|l| Mayahoppins\n","uploadtime":1732210434,"views":17,"formatid":"gen9vgc2024regh","rating":1738,"private":0,"password":null}