{"id":"gen9vgc2024regh-2248558496","format":"[Gen 9] VGC 2024 Reg H","players":["VGCLTH <1000ELO","por minha atendido"],"log":"|raw|<div class=\"broadcast-blue\"><strong>This battle is required to be public due to a player having a name starting with 'vgclth'.<\/div>\n|j|\u2606VGCLTH <1000ELO\n|j|\u2606por minha atendido\n|t:|1732226266\n|gametype|doubles\n|player|p1|VGCLTH <1000ELO|170|1801\n|player|p2|por minha atendido|2|1778\n|teamsize|p1|6\n|teamsize|p2|6\n|gen|9\n|tier|[Gen 9] VGC 2024 Reg H\n|rated|\n|rule|Species Clause: Limit one of each Pok\u00e9mon\n|rule|Item Clause: Limit 1 of each item\n|clearpoke\n|poke|p1|Dondozo, L50, M|\n|poke|p1|Tatsugiri, L50, F|\n|poke|p1|Dragonite, L50, M|\n|poke|p1|Gholdengo, L50|\n|poke|p1|Glimmora, L50, F|\n|poke|p1|Talonflame, L50, M|\n|poke|p2|Annihilape, L50, M|\n|poke|p2|Delphox, L50, F|\n|poke|p2|Murkrow, L50, F|\n|poke|p2|Sneasler, L50, F|\n|poke|p2|Indeedee, L50, M|\n|poke|p2|Gholdengo, L50|\n|teampreview|4\n|inactive|Battle timer is ON: inactive players will automatically lose when time's up. (requested by VGCLTH <1000ELO)\n|j| kyo9t\n|inactive|VGCLTH <1000ELO has 60 seconds left.\n|inactive|VGCLTH <1000ELO has 30 seconds left.\n|inactive|VGCLTH <1000ELO has 20 seconds left.\n|inactive|VGCLTH <1000ELO has 15 seconds left.\n|inactive|VGCLTH <1000ELO has 10 seconds left.\n|\n|t:|1732226348\n|start\n|switch|p1a: Talonflame|Talonflame, L50, M|100\/100\n|switch|p1b: Gholdengo|Gholdengo, L50|100\/100\n|switch|p2a: Gholdengo|Gholdengo, L50|100\/100\n|switch|p2b: Murkrow|Murkrow, L50, F|100\/100\n|turn|1\n|inactive|por minha atendido has 30 seconds left.\n|\n|t:|1732226374\n|-terastallize|p1b: Gholdengo|Flying\n|move|p2b: Murkrow|Protect|p2b: Murkrow\n|-singleturn|p2b: Murkrow|Protect\n|move|p1a: Talonflame|Flare Blitz|p2a: Gholdengo\n|-supereffective|p2a: Gholdengo\n|-damage|p2a: Gholdengo|0 fnt\n|faint|p2a: Gholdengo\n|-damage|p1a: Talonflame|65\/100|[from] Recoil\n|move|p1b: Gholdengo|Make It Rain|p2b: Murkrow\n|-activate|p2b: Murkrow|move: Protect\n|\n|upkeep\n|\n|t:|1732226386\n|switch|p2a: Indeedee|Indeedee, L50, M|100\/100\n|-fieldstart|move: Psychic Terrain|[from] ability: Psychic Surge|[of] p2a: Indeedee\n|turn|2\n|\n|t:|1732226390\n|-terastallize|p2a: Indeedee|Psychic\n|move|p2b: Murkrow|Tailwind|p2b: Murkrow\n|-sidestart|p2: por minha atendido|move: Tailwind\n|move|p2a: Indeedee|Expanding Force|p1b: Gholdengo|[spread] p1a,p1b\n|-damage|p1a: Talonflame|0 fnt\n|-damage|p1b: Gholdengo|15\/100\n|faint|p1a: Talonflame\n|move|p1b: Gholdengo|Make It Rain|p2b: Murkrow|[spread] p2a,p2b\n|-damage|p2a: Indeedee|7\/100\n|-damage|p2b: Murkrow|28\/100\n|-unboost|p1b: Gholdengo|spa|1\n|\n|upkeep\n|\n|t:|1732226410\n|switch|p1a: Dondozo|Dondozo, L50, M|100\/100\n|turn|3\n|\n|t:|1732226430\n|switch|p1b: Tatsugiri|Tatsugiri, L50, F|100\/100\n|-activate|p1b: Tatsugiri|ability: Commander|[of] p1a: Dondozo\n|-boost|p1a: Dondozo|atk|2\n|-boost|p1a: Dondozo|spa|2\n|-boost|p1a: Dondozo|spe|2\n|-boost|p1a: Dondozo|def|2\n|-boost|p1a: Dondozo|spd|2\n|move|p2b: Murkrow|Haze|p2b: Murkrow\n|-clearallboost\n|move|p2a: Indeedee|Expanding Force|p1a: Dondozo|[spread] p1a\n|-miss|p2a: Indeedee|p1b: Tatsugiri\n|-damage|p1a: Dondozo|20\/100\n|move|p1a: Dondozo|Order Up|p2a: Indeedee\n|-damage|p2a: Indeedee|0 fnt\n|faint|p2a: Indeedee\n|-boost|p1a: Dondozo|atk|1\n|\n|-heal|p1a: Dondozo|27\/100|[from] item: Leftovers\n|upkeep\n|\n|t:|1732226435\n|switch|p2a: Sneasler|Sneasler, L50, F|100\/100\n|-enditem|p2a: Sneasler|Psychic Seed\n|-boost|p2a: Sneasler|spd|1|[from] item: Psychic Seed\n|turn|4\n|\n|t:|1732226441\n|move|p1a: Dondozo|Protect|p1a: Dondozo\n|-singleturn|p1a: Dondozo|Protect\n|move|p2a: Sneasler|Dire Claw|p1a: Dondozo\n|-activate|p1a: Dondozo|move: Protect\n|move|p2b: Murkrow|Foul Play|p1b: Tatsugiri|[miss]\n|-miss|p2b: Murkrow|p1b: Tatsugiri\n|\n|-heal|p1a: Dondozo|33\/100|[from] item: Leftovers\n|upkeep\n|turn|5\n|\n|t:|1732226450\n|move|p2a: Sneasler|Dire Claw|p1a: Dondozo\n|-damage|p1a: Dondozo|1\/100\n|-status|p1a: Dondozo|par\n|move|p2b: Murkrow|Foul Play|p1b: Tatsugiri|[miss]\n|-miss|p2b: Murkrow|p1b: Tatsugiri\n|move|p1a: Dondozo|Wave Crash|p2b: Murkrow\n|-damage|p2b: Murkrow|0 fnt\n|faint|p2b: Murkrow\n|-damage|p1a: Dondozo|0 fnt|[from] Recoil\n|faint|p1a: Dondozo\n|\n|-sideend|p2: por minha atendido|move: Tailwind\n|upkeep\n|\n|t:|1732226453\n|switch|p1a: Gholdengo|Gholdengo, L50, tera:Flying|15\/100\n|turn|6\n|\n|t:|1732226459\n|move|p2a: Sneasler|Dire Claw|p1a: Gholdengo\n|-damage|p1a: Gholdengo|0 fnt\n|faint|p1a: Gholdengo\n|move|p1b: Tatsugiri|Dragon Pulse|p2a: Sneasler\n|-damage|p2a: Sneasler|63\/100\n|\n|-fieldend|move: Psychic Terrain\n|upkeep\n|turn|7\n|\n|t:|1732226463\n|move|p2a: Sneasler|Dire Claw|p1b: Tatsugiri\n|-damage|p1b: Tatsugiri|21\/100\n|move|p1b: Tatsugiri|Draco Meteor|p2a: Sneasler\n|-damage|p2a: Sneasler|8\/100\n|-unboost|p1b: Tatsugiri|spa|2\n|\n|upkeep\n|turn|8\n|\n|t:|1732226467\n|move|p2a: Sneasler|Dire Claw|p1b: Tatsugiri\n|-damage|p1b: Tatsugiri|0 fnt\n|faint|p1b: Tatsugiri\n|\n|win|por minha atendido\n|raw|VGCLTH &lt;1000ELO's rating: 1801 &rarr; <strong>1780<\/strong><br \/>(-21 for losing)\n|raw|por minha atendido's rating: 1778 &rarr; <strong>1799<\/strong><br \/>(+21 for winning)\n|l|\u2606VGCLTH <1000ELO\n|player|p1|\n|l|\u2606por minha atendido\n|player|p2|\n|l| kyo9t\n","uploadtime":1732226672,"views":25,"formatid":"gen9vgc2024regh","rating":1780,"private":0,"password":null}