{"id":"gen9vgc2024regh-2248951366","format":"[Gen 9] VGC 2024 Reg H","players":["VGCLTH Python","GB Five"],"log":"|raw|<div class=\"broadcast-blue\"><strong>This battle is required to be public due to a player having a name starting with 'vgclth'.<\/div>\n|j|\u2606VGCLTH Python\n|j|\u2606GB Five\n|t:|1732284691\n|gametype|doubles\n|player|p1|VGCLTH Python|yellow|1648\n|player|p2|GB Five|1|1741\n|teamsize|p1|6\n|teamsize|p2|6\n|gen|9\n|tier|[Gen 9] VGC 2024 Reg H\n|rated|\n|rule|Species Clause: Limit one of each Pok\u00e9mon\n|rule|Item Clause: Limit 1 of each item\n|clearpoke\n|poke|p1|Volcarona, L50, F|\n|poke|p1|Breloom, L50, F|\n|poke|p1|Gholdengo, L50|\n|poke|p1|Electabuzz, L50, M|\n|poke|p1|Gastrodon, L50, F|\n|poke|p1|Dragonite, L50, M|\n|poke|p2|Weezing, L50, M|\n|poke|p2|Slaking, L50, M|\n|poke|p2|Dondozo, L50, F|\n|poke|p2|Tatsugiri, L50, F|\n|poke|p2|Garchomp, L50, M|\n|poke|p2|Talonflame, L50, F|\n|teampreview|4\n|\n|t:|1732284727\n|start\n|switch|p1a: Breloom|Breloom, L50, F|100\/100\n|switch|p1b: Dragonite|Dragonite, L50, M|100\/100\n|switch|p2a: Fucking Isreal|Weezing, L50, M|100\/100\n|switch|p2b: Fucking Jews|Slaking, L50, M|100\/100\n|-ability|p2a: Fucking Isreal|Neutralizing Gas\n|turn|1\n|\n|t:|1732284742\n|move|p2b: Fucking Jews|Ice Punch|p1b: Dragonite\n|-supereffective|p1b: Dragonite\n|-damage|p1b: Dragonite|0 fnt\n|faint|p1b: Dragonite\n|move|p1a: Breloom|Spore|p2a: Fucking Isreal\n|-status|p2a: Fucking Isreal|slp|[from] move: Spore\n|cant|p2a: Fucking Isreal|slp\n|\n|upkeep\n|c|\u2606VGCLTH Python|what the hell is that name\n|\n|t:|1732284757\n|switch|p1b: Volcarona|Volcarona, L50, F|100\/100\n|turn|2\n|\n|t:|1732284779\n|move|p2b: Fucking Jews|Ice Punch|p1a: Breloom\n|-supereffective|p1a: Breloom\n|-damage|p1a: Breloom|2\/100\n|move|p1b: Volcarona|Quiver Dance|p1b: Volcarona\n|-boost|p1b: Volcarona|spa|1\n|-boost|p1b: Volcarona|spd|1\n|-boost|p1b: Volcarona|spe|1\n|move|p1a: Breloom|Spore|p2b: Fucking Jews\n|-status|p2b: Fucking Jews|slp|[from] move: Spore\n|-curestatus|p2a: Fucking Isreal|slp|[msg]\n|move|p2a: Fucking Isreal|Gunk Shot|p1b: Volcarona\n|-damage|p1b: Volcarona|33\/100\n|\n|-heal|p1b: Volcarona|39\/100|[from] item: Leftovers\n|upkeep\n|turn|3\n|\n|t:|1732284806\n|move|p1b: Volcarona|Heat Wave|p2b: Fucking Jews|[spread] p2a,p2b\n|-damage|p2a: Fucking Isreal|13\/100\n|-damage|p2b: Fucking Jews|50\/100 slp\n|cant|p2b: Fucking Jews|slp\n|move|p1a: Breloom|Spore|p2a: Fucking Isreal\n|-status|p2a: Fucking Isreal|slp|[from] move: Spore\n|cant|p2a: Fucking Isreal|slp\n|\n|-heal|p1b: Volcarona|45\/100|[from] item: Leftovers\n|upkeep\n|turn|4\n|\n|t:|1732284826\n|-end|p2a: Fucking Isreal|ability: Neutralizing Gas\n|switch|p2a: Free Palestine|Dondozo, L50, F|100\/100\n|move|p1a: Breloom|Mach Punch|p2b: Fucking Jews\n|-supereffective|p2b: Fucking Jews\n|-damage|p2b: Fucking Jews|1\/100 slp\n|move|p1b: Volcarona|Heat Wave|p2b: Fucking Jews|[spread] p2a,p2b\n|-resisted|p2a: Free Palestine\n|-damage|p2a: Free Palestine|85\/100\n|-damage|p2b: Fucking Jews|0 fnt\n|faint|p2b: Fucking Jews\n|\n|-heal|p1b: Volcarona|51\/100|[from] item: Leftovers\n|-heal|p2a: Free Palestine|91\/100|[from] item: Leftovers\n|upkeep\n|\n|t:|1732284841\n|switch|p2b: Fucking Isreal|Weezing, L50, M|13\/100 slp\n|-ability|p2b: Fucking Isreal|Neutralizing Gas\n|turn|5\n|\n|t:|1732284852\n|-end|p2b: Fucking Isreal|ability: Neutralizing Gas\n|switch|p2b: Fucking Japanese|Tatsugiri, L50, F|100\/100\n|-activate|p2b: Fucking Japanese|ability: Commander|[of] p2a: Free Palestine\n|-boost|p2a: Free Palestine|atk|2\n|-boost|p2a: Free Palestine|spa|2\n|-boost|p2a: Free Palestine|spe|2\n|-boost|p2a: Free Palestine|def|2\n|-boost|p2a: Free Palestine|spd|2\n|move|p1b: Volcarona|Protect|p1b: Volcarona\n|-singleturn|p1b: Volcarona|Protect\n|move|p1a: Breloom|Protect|p1a: Breloom\n|-singleturn|p1a: Breloom|Protect\n|move|p2a: Free Palestine|Substitute|p2a: Free Palestine\n|-start|p2a: Free Palestine|Substitute\n|-damage|p2a: Free Palestine|66\/100\n|\n|-heal|p1b: Volcarona|57\/100|[from] item: Leftovers\n|-heal|p2a: Free Palestine|72\/100|[from] item: Leftovers\n|upkeep\n|turn|6\n|\n|t:|1732284872\n|switch|p1a: Gastrodon|Gastrodon, L50, F|100\/100\n|-terastallize|p1b: Volcarona|Fairy\n|move|p1b: Volcarona|Tera Blast|p2a: Free Palestine|[anim] Tera Blast Fairy\n|-activate|p2a: Free Palestine|move: Substitute|[damage]\n|move|p2a: Free Palestine|Earthquake|p1b: Volcarona|[spread] p1a,p1b\n|-miss|p2a: Free Palestine|p2b: Fucking Japanese\n|-damage|p1a: Gastrodon|70\/100\n|-damage|p1b: Volcarona|12\/100\n|\n|-heal|p1b: Volcarona|18\/100|[from] item: Leftovers\n|-heal|p2a: Free Palestine|78\/100|[from] item: Leftovers\n|upkeep\n|turn|7\n|\n|t:|1732284900\n|move|p1b: Volcarona|Tera Blast|p2a: Free Palestine|[anim] Tera Blast Fairy\n|-end|p2a: Free Palestine|Substitute\n|move|p2a: Free Palestine|Earthquake|p1a: Gastrodon|[spread] p1a,p1b\n|-miss|p2a: Free Palestine|p2b: Fucking Japanese\n|-damage|p1a: Gastrodon|38\/100\n|-damage|p1b: Volcarona|0 fnt\n|-enditem|p1a: Gastrodon|Sitrus Berry|[eat]\n|-heal|p1a: Gastrodon|63\/100|[from] item: Sitrus Berry\n|faint|p1b: Volcarona\n|move|p1a: Gastrodon|Clear Smog|p2a: Free Palestine\n|-damage|p2a: Free Palestine|72\/100\n|-clearboost|p2a: Free Palestine\n|\n|-heal|p2a: Free Palestine|79\/100|[from] item: Leftovers\n|upkeep\n|\n|t:|1732284907\n|switch|p1b: Breloom|Breloom, L50, F|2\/100\n|turn|8\n|\n|t:|1732284921\n|-terastallize|p2a: Free Palestine|Dragon\n|move|p1b: Breloom|Spore|p2a: Free Palestine\n|-status|p2a: Free Palestine|slp|[from] move: Spore\n|cant|p2a: Free Palestine|slp\n|move|p1a: Gastrodon|Earth Power|p2a: Free Palestine\n|-damage|p2a: Free Palestine|52\/100 slp\n|-unboost|p2a: Free Palestine|spd|1\n|\n|-heal|p2a: Free Palestine|58\/100 slp|[from] item: Leftovers\n|upkeep\n|turn|9\n|j| SpookyScaryDirge\n|\n|t:|1732284938\n|move|p1b: Breloom|Protect|p1b: Breloom\n|-singleturn|p1b: Breloom|Protect\n|cant|p2a: Free Palestine|slp\n|move|p1a: Gastrodon|Ice Beam|p2a: Free Palestine\n|-supereffective|p2a: Free Palestine\n|-damage|p2a: Free Palestine|1\/100 slp\n|\n|-heal|p2a: Free Palestine|7\/100 slp|[from] item: Leftovers\n|upkeep\n|turn|10\n|j| El!te 00f\n|\n|t:|1732284950\n|move|p1b: Breloom|Mach Punch|p2a: Free Palestine\n|-damage|p2a: Free Palestine|0 fnt\n|faint|p2a: Free Palestine\n|move|p1a: Gastrodon|Earth Power|p2b: Fucking Japanese\n|-damage|p2b: Fucking Japanese|60\/100\n|\n|upkeep\n|\n|t:|1732284957\n|switch|p2a: Fucking Isreal|Weezing, L50, M|13\/100 slp\n|-ability|p2a: Fucking Isreal|Neutralizing Gas\n|turn|11\n|\n|t:|1732285007\n|move|p2b: Fucking Japanese|Protect|p2b: Fucking Japanese\n|-singleturn|p2b: Fucking Japanese|Protect\n|move|p1b: Breloom|Bullet Seed|p2a: Fucking Isreal\n|-resisted|p2a: Fucking Isreal\n|-damage|p2a: Fucking Isreal|5\/100 slp\n|-resisted|p2a: Fucking Isreal\n|-damage|p2a: Fucking Isreal|0 fnt\n|faint|p2a: Fucking Isreal\n|-end|p2a: Fucking Isreal|ability: Neutralizing Gas\n|-hitcount|p2: Fucking Isreal|2\n|move|p1a: Gastrodon|Earth Power|p2b: Fucking Japanese\n|-activate|p2b: Fucking Japanese|move: Protect\n|\n|upkeep\n|turn|12\n|\n|t:|1732285022\n|move|p1b: Breloom|Mach Punch|p2b: Fucking Japanese\n|-damage|p2b: Fucking Japanese|13\/100\n|move|p2b: Fucking Japanese|Icy Wind|p1a: Gastrodon|[spread] p1a,p1b\n|-supereffective|p1b: Breloom\n|-damage|p1a: Gastrodon|49\/100\n|-damage|p1b: Breloom|0 fnt\n|-unboost|p1a: Gastrodon|spe|1\n|faint|p1b: Breloom\n|move|p1a: Gastrodon|Earth Power|p2b: Fucking Japanese\n|-damage|p2b: Fucking Japanese|0 fnt\n|faint|p2b: Fucking Japanese\n|\n|win|VGCLTH Python\n|raw|VGCLTH Python's rating: 1648 &rarr; <strong>1673<\/strong><br \/>(+25 for winning)\n|raw|GB Five's rating: 1741 &rarr; <strong>1716<\/strong><br \/>(-25 for losing)\n|l|\u2606GB Five\n|player|p2|\n|l| El!te 00f\n|l|\u2606VGCLTH Python\n|player|p1|\n","uploadtime":1732285122,"views":10,"formatid":"gen9vgc2024regh","rating":1673,"private":0,"password":null}