{"id":"gen9vgc2024regh-2248145671","format":"[Gen 9] VGC 2024 Reg H","players":["VGCLTH Rain","izumi yuki"],"log":"|raw|<div class=\"broadcast-blue\"><strong>This battle is required to be public due to a player having a name starting with 'vgclth'.<\/div>\n|j|\u2606VGCLTH Rain\n|j|\u2606izumi yuki\n|t:|1732179810\n|gametype|doubles\n|player|p1|VGCLTH Rain|169|1735\n|player|p2|izumi yuki|rosa|1717\n|teamsize|p1|6\n|teamsize|p2|6\n|gen|9\n|tier|[Gen 9] VGC 2024 Reg H\n|rated|\n|rule|Species Clause: Limit one of each Pok\u00e9mon\n|rule|Item Clause: Limit 1 of each item\n|clearpoke\n|poke|p1|Typhlosion-Hisui, L50, M|\n|poke|p1|Glimmora, L50, M|\n|poke|p1|Grimmsnarl, L50, M|\n|poke|p1|Whimsicott, L50, M|\n|poke|p1|Ursaluna-Bloodmoon, L50, M|\n|poke|p1|Dusclops, L50, M|\n|poke|p2|Pelipper, L50, M|\n|poke|p2|Archaludon, L50, M|\n|poke|p2|Amoonguss, L50, F|\n|poke|p2|Basculegion, L50, M|\n|poke|p2|Incineroar, L50, M|\n|poke|p2|Gholdengo, L50|\n|teampreview|4\n|j| Jalt the 5th\n|j| CRJ2304\n|\n|t:|1732179831\n|start\n|switch|p1a: Glimmora|Glimmora, L50, M|100\/100\n|switch|p1b: Grimmsnarl|Grimmsnarl, L50, M|100\/100\n|switch|p2a: Incineroar|Incineroar, L50, M|100\/100\n|switch|p2b: Amoonguss|Amoonguss, L50, F|100\/100\n|-ability|p2a: Incineroar|Intimidate|boost\n|-unboost|p1a: Glimmora|atk|1\n|-unboost|p1b: Grimmsnarl|atk|1\n|turn|1\n|\n|t:|1732179843\n|switch|p2a: Archaludon|Archaludon, L50, M|100\/100\n|move|p1b: Grimmsnarl|Taunt|p2b: Amoonguss\n|-start|p2b: Amoonguss|move: Taunt\n|move|p1a: Glimmora|Power Gem|p2a: Archaludon\n|-resisted|p2a: Archaludon\n|-damage|p2a: Archaludon|83\/100\n|-ability|p2a: Archaludon|Stamina|boost\n|-boost|p2a: Archaludon|def|1\n|cant|p2b: Amoonguss|move: Taunt|Spore\n|\n|upkeep\n|turn|2\n|inactive|Battle timer is ON: inactive players will automatically lose when time's up. (requested by VGCLTH Rain)\n|\n|t:|1732179876\n|move|p1b: Grimmsnarl|Light Screen|p1b: Grimmsnarl\n|-sidestart|p1: VGCLTH Rain|move: Light Screen\n|move|p1a: Glimmora|Earth Power|p2a: Archaludon\n|-supereffective|p2a: Archaludon\n|-damage|p2a: Archaludon|32\/100\n|-ability|p2a: Archaludon|Stamina|boost\n|-boost|p2a: Archaludon|def|1\n|move|p2a: Archaludon|Snarl|p1b: Grimmsnarl|[spread] p1a,p1b\n|-resisted|p1b: Grimmsnarl\n|-damage|p1a: Glimmora|90\/100\n|-damage|p1b: Grimmsnarl|99\/100\n|-unboost|p1a: Glimmora|spa|1\n|-unboost|p1b: Grimmsnarl|spa|1\n|move|p2b: Amoonguss|Pollen Puff|p2a: Archaludon\n|-heal|p2a: Archaludon|82\/100\n|\n|upkeep\n|turn|3\n|\n|t:|1732179899\n|move|p1b: Grimmsnarl|Reflect|p1b: Grimmsnarl\n|-sidestart|p1: VGCLTH Rain|Reflect\n|move|p1a: Glimmora|Sludge Bomb|p2b: Amoonguss\n|-damage|p2b: Amoonguss|72\/100\n|move|p2a: Archaludon|Snarl|p1b: Grimmsnarl|[spread] p1a,p1b\n|-resisted|p1b: Grimmsnarl\n|-damage|p1a: Glimmora|78\/100\n|-damage|p1b: Grimmsnarl|98\/100\n|-unboost|p1a: Glimmora|spa|1\n|-unboost|p1b: Grimmsnarl|spa|1\n|move|p2b: Amoonguss|Pollen Puff|p2a: Archaludon\n|-heal|p2a: Archaludon|100\/100\n|\n|-end|p2b: Amoonguss|move: Taunt\n|upkeep\n|turn|4\n|\n|t:|1732179917\n|move|p1b: Grimmsnarl|Taunt|p2b: Amoonguss\n|-start|p2b: Amoonguss|move: Taunt\n|move|p1a: Glimmora|Sludge Bomb|p2b: Amoonguss\n|-damage|p2b: Amoonguss|49\/100\n|-enditem|p2b: Amoonguss|Sitrus Berry|[eat]\n|-heal|p2b: Amoonguss|74\/100|[from] item: Sitrus Berry\n|move|p2a: Archaludon|Body Press|p1b: Grimmsnarl\n|-damage|p1b: Grimmsnarl|57\/100\n|cant|p2b: Amoonguss|move: Taunt|Spore\n|\n|upkeep\n|turn|5\n|\n|t:|1732179935\n|switch|p1b: Dusclops|Dusclops, L50, M|100\/100\n|-item|p2a: Archaludon|Assault Vest|[from] ability: Frisk|[of] p1b: Dusclops\n|switch|p2b: Pelipper|Pelipper, L50, M|100\/100\n|-weather|RainDance|[from] ability: Drizzle|[of] p2b: Pelipper\n|move|p1a: Glimmora|Sludge Bomb|p2b: Pelipper\n|-damage|p2b: Pelipper|52\/100\n|move|p2a: Archaludon|Electro Shot||[still]\n|-prepare|p2a: Archaludon|Electro Shot\n|-boost|p2a: Archaludon|spa|1\n|-anim|p2a: Archaludon|Electro Shot|p1b: Dusclops\n|-damage|p1b: Dusclops|81\/100\n|\n|-weather|RainDance|[upkeep]\n|upkeep\n|turn|6\n|\n|t:|1732179958\n|move|p2b: Pelipper|Weather Ball|p1a: Glimmora\n|-supereffective|p1a: Glimmora\n|-damage|p1a: Glimmora|0 fnt\n|faint|p1a: Glimmora\n|move|p2a: Archaludon|Electro Shot||[still]\n|-prepare|p2a: Archaludon|Electro Shot\n|-boost|p2a: Archaludon|spa|1\n|-anim|p2a: Archaludon|Electro Shot|p1b: Dusclops\n|-damage|p1b: Dusclops|54\/100\n|move|p1b: Dusclops|Trick Room|p1b: Dusclops\n|-fieldstart|move: Trick Room|[of] p1b: Dusclops\n|\n|-weather|RainDance|[upkeep]\n|upkeep\n|\n|t:|1732179962\n|switch|p1a: Ursaluna|Ursaluna-Bloodmoon, L50, M|100\/100\n|turn|7\n|\n|t:|1732179982\n|switch|p2b: Amoonguss|Amoonguss, L50, F|100\/100\n|-terastallize|p1a: Ursaluna|Grass\n|-terastallize|p2a: Archaludon|Fighting\n|move|p1b: Dusclops|Night Shade|p2a: Archaludon\n|-damage|p2a: Archaludon|75\/100\n|-ability|p2a: Archaludon|Stamina|boost\n|-boost|p2a: Archaludon|def|1\n|move|p1a: Ursaluna|Earth Power|p2a: Archaludon\n|-damage|p2a: Archaludon|40\/100\n|-ability|p2a: Archaludon|Stamina|boost\n|-boost|p2a: Archaludon|def|1\n|move|p2a: Archaludon|Snarl|p1b: Dusclops|[spread] p1a,p1b\n|-supereffective|p1b: Dusclops\n|-damage|p1a: Ursaluna|80\/100\n|-damage|p1b: Dusclops|37\/100\n|-unboost|p1a: Ursaluna|spa|1\n|-unboost|p1b: Dusclops|spa|1\n|\n|-weather|RainDance|[upkeep]\n|upkeep\n|turn|8\n|-message|VGCLTH Rain forfeited.\n|\n|win|izumi yuki\n|raw|VGCLTH Rain's rating: 1749 &rarr; <strong>1727<\/strong><br \/>(-22 for losing)\n|raw|izumi yuki's rating: 1717 &rarr; <strong>1739<\/strong><br \/>(+22 for winning)\n|l|\u2606VGCLTH Rain\n|player|p1|\n|l| CRJ2304\n|l|\u2606izumi yuki\n|player|p2|\n","uploadtime":1732180283,"views":21,"formatid":"gen9vgc2024regh","rating":1727,"private":0,"password":null}