{"id":"gen9vgc2024regh-2248435654","format":"[Gen 9] VGC 2024 Reg H","players":["bwahacough","zip520520"],"log":"|j|\u2606bwahacough\n|j|\u2606zip520520\n|t:|1732214305\n|gametype|doubles\n|player|p1|bwahacough|medium|1757\n|player|p2|zip520520|170|1780\n|teamsize|p1|6\n|teamsize|p2|6\n|gen|9\n|tier|[Gen 9] VGC 2024 Reg H\n|rated|\n|rule|Species Clause: Limit one of each Pok\u00e9mon\n|rule|Item Clause: Limit 1 of each item\n|clearpoke\n|poke|p1|Lycanroc, L50, F|\n|poke|p1|Tyranitar, L50, F|\n|poke|p1|Indeedee-F, L50, F|\n|poke|p1|Sneasler, L50, F|\n|poke|p1|Volcarona, L50, F|\n|poke|p1|Murkrow, L50, F|\n|poke|p2|Gholdengo, L50|\n|poke|p2|Garchomp, L50, F|\n|poke|p2|Glimmora, L50, M|\n|poke|p2|Tyranitar, L50, F|\n|poke|p2|Primarina, L50, F|\n|poke|p2|Sinistcha, L50|\n|teampreview|4\nbwahacough has agreed to open team sheets.\n|\n|t:|1732214342\n|start\n|switch|p1a: Murkrow|Murkrow, L50, F, shiny|100\/100\n|switch|p1b: Tyranitar|Tyranitar, L50, F|100\/100\n|switch|p2a: Garchomp|Garchomp, L50, F|100\/100\n|switch|p2b: Glimmora|Glimmora, L50, M|100\/100\n|-weather|Sandstorm|[from] ability: Sand Stream|[of] p1b: Tyranitar\n|turn|1\n|\n|t:|1732214376\n|move|p1a: Murkrow|Tailwind|p1a: Murkrow\n|-sidestart|p1: bwahacough|move: Tailwind\n|move|p1b: Tyranitar|Knock Off|p2b: Glimmora\n|-damage|p2b: Glimmora|34\/100\n|-activate|p2b: Glimmora|ability: Toxic Debris\n|-sidestart|p1: bwahacough|move: Toxic Spikes\n|-enditem|p2b: Glimmora|Focus Sash|[from] move: Knock Off|[of] p1b: Tyranitar\n|move|p2a: Garchomp|Substitute|p2a: Garchomp\n|-start|p2a: Garchomp|Substitute\n|-damage|p2a: Garchomp|76\/100\n|move|p2b: Glimmora|Toxic|p1b: Tyranitar\n|-status|p1b: Tyranitar|tox\n|\n|-weather|Sandstorm|[upkeep]\n|-damage|p1a: Murkrow|95\/100|[from] Sandstorm\n|-heal|p2a: Garchomp|82\/100|[from] item: Leftovers\n|-damage|p1b: Tyranitar|95\/100 tox|[from] psn\n|upkeep\n|turn|2\n|\n|t:|1732214400\n|move|p2a: Garchomp|Protect|p2a: Garchomp\n|-singleturn|p2a: Garchomp|Protect\n|move|p1a: Murkrow|Foul Play|p2a: Garchomp\n|-activate|p2a: Garchomp|move: Protect\n|move|p1b: Tyranitar|Knock Off|p2a: Garchomp\n|-activate|p2a: Garchomp|move: Protect\n|move|p2b: Glimmora|Sludge Bomb|p1a: Murkrow\n|-damage|p1a: Murkrow|42\/100\n|\n|-weather|Sandstorm|[upkeep]\n|-damage|p1a: Murkrow|36\/100|[from] Sandstorm\n|-heal|p2a: Garchomp|88\/100|[from] item: Leftovers\n|-damage|p1b: Tyranitar|83\/100 tox|[from] psn\n|upkeep\n|turn|3\n|\n|t:|1732214422\n|move|p1a: Murkrow|Foul Play|p2a: Garchomp\n|-end|p2a: Garchomp|Substitute\n|move|p1b: Tyranitar|Rock Slide|p2a: Garchomp|[spread] \n|-miss|p1b: Tyranitar|p2a: Garchomp\n|-miss|p1b: Tyranitar|p2b: Glimmora\n|move|p2a: Garchomp|Breaking Swipe|p1b: Tyranitar|[spread] p1a,p1b\n|-damage|p1a: Murkrow|14\/100\n|-damage|p1b: Tyranitar|65\/100 tox\n|-unboost|p1a: Murkrow|atk|1\n|move|p2b: Glimmora|Sludge Bomb|p1a: Murkrow\n|-damage|p1a: Murkrow|0 fnt\n|faint|p1a: Murkrow\n|\n|-weather|Sandstorm|[upkeep]\n|-heal|p2a: Garchomp|94\/100|[from] item: Leftovers\n|-damage|p1b: Tyranitar|48\/100 tox|[from] psn\n|upkeep\n|\n|t:|1732214427\n|switch|p1a: Lycanroc|Lycanroc, L50, F|100\/100\n|-status|p1a: Lycanroc|psn\n|turn|4\n|\n|t:|1732214453\n|move|p2a: Garchomp|Protect|p2a: Garchomp\n|-singleturn|p2a: Garchomp|Protect\n|move|p2b: Glimmora|Spiky Shield|p2b: Glimmora\n|-singleturn|p2b: Glimmora|move: Protect\n|move|p1a: Lycanroc|Rock Slide|p2a: Garchomp|[spread] \n|-activate|p2a: Garchomp|move: Protect\n|-activate|p2b: Glimmora|move: Protect\n|move|p1b: Tyranitar|Knock Off|p2a: Garchomp\n|-activate|p2a: Garchomp|move: Protect\n|\n|-weather|Sandstorm|[upkeep]\n|-heal|p2a: Garchomp|99\/100|[from] item: Leftovers\n|-damage|p1a: Lycanroc|88\/100 psn|[from] psn\n|-damage|p1b: Tyranitar|24\/100 tox|[from] psn\n|-sideend|p1: bwahacough|move: Tailwind\n|upkeep\n|turn|5\n|\n|t:|1732214474\n|move|p1a: Lycanroc|Rock Slide|p2b: Glimmora|[spread] p2a,p2b\n|-resisted|p2a: Garchomp\n|-damage|p2a: Garchomp|85\/100\n|-damage|p2b: Glimmora|0 fnt\n|-activate|p2b: Glimmora|ability: Toxic Debris\n|-sidestart|p1: bwahacough|move: Toxic Spikes\n|faint|p2b: Glimmora\n|move|p2a: Garchomp|Breaking Swipe|p1b: Tyranitar|[spread] p1a,p1b\n|-damage|p1a: Lycanroc|48\/100 psn\n|-damage|p1b: Tyranitar|5\/100 tox\n|-unboost|p1a: Lycanroc|atk|1\n|move|p1b: Tyranitar|Knock Off|p2a: Garchomp\n|-damage|p2a: Garchomp|26\/100\n|-enditem|p2a: Garchomp|Leftovers|[from] move: Knock Off|[of] p1b: Tyranitar\n|\n|-weather|none\n|-damage|p1a: Lycanroc|36\/100 psn|[from] psn\n|-damage|p1b: Tyranitar|0 fnt|[from] psn\n|faint|p1b: Tyranitar\n|upkeep\n|\n|t:|1732214499\n|switch|p2b: Sinistcha|Sinistcha, L50|100\/100\n|switch|p1b: Volcarona|Volcarona, L50, F|100\/100\n|-status|p1b: Volcarona|tox\n|-heal|p2a: Garchomp|51\/100|[from] ability: Hospitality|[of] p2b: Sinistcha\n|turn|6\n|\n|t:|1732214520\n|-terastallize|p2b: Sinistcha|Water\n|move|p2a: Garchomp|Stomping Tantrum|p1b: Volcarona\n|-damage|p1b: Volcarona|56\/100 tox\n|move|p1a: Lycanroc|Endeavor|p2a: Garchomp\n|-damage|p2a: Garchomp|30\/100\n|move|p1b: Volcarona|Heat Wave|p2a: Garchomp|[spread] p2a,p2b\n|-resisted|p2a: Garchomp\n|-resisted|p2b: Sinistcha\n|-damage|p2a: Garchomp|7\/100\n|-damage|p2b: Sinistcha|85\/100\n|move|p2b: Sinistcha|Life Dew|p2b: Sinistcha|[spread] p2a,p2b\n|-heal|p2a: Garchomp|32\/100\n|-heal|p2b: Sinistcha|100\/100\n|\n|-damage|p1a: Lycanroc|24\/100 psn|[from] psn\n|-damage|p1b: Volcarona|50\/100 tox|[from] psn\n|upkeep\n|turn|7\n|\n|t:|1732214548\n|-terastallize|p1b: Volcarona|Grass\n|move|p1a: Lycanroc|Protect|p1a: Lycanroc\n|-singleturn|p1a: Lycanroc|Protect\n|move|p2a: Garchomp|Breaking Swipe|p1a: Lycanroc|[spread] p1b\n|-activate|p1a: Lycanroc|move: Protect\n|-damage|p1b: Volcarona|19\/100 tox\n|-status|p2a: Garchomp|brn|[from] ability: Flame Body|[of] p1b: Volcarona\n|move|p1b: Volcarona|Bug Buzz|p2a: Garchomp\n|-damage|p2a: Garchomp|0 fnt\n|faint|p2a: Garchomp\n|move|p2b: Sinistcha|Life Dew||[still]\n|-fail|p2b: Sinistcha|heal\n|\n|-damage|p1a: Lycanroc|12\/100 psn|[from] psn\n|-damage|p1b: Volcarona|7\/100 tox|[from] psn\n|upkeep\n|\n|t:|1732214566\n|switch|p2a: Gholdengo|Gholdengo, L50|100\/100\n|turn|8\n|\n|t:|1732214587\n|move|p2a: Gholdengo|Make It Rain|p1a: Lycanroc|[spread] p1a,p1b\n|-supereffective|p1a: Lycanroc\n|-damage|p1a: Lycanroc|0 fnt\n|-damage|p1b: Volcarona|0 fnt\n|-unboost|p2a: Gholdengo|spa|1\n|faint|p1a: Lycanroc\n|faint|p1b: Volcarona\n|\n|win|zip520520\n|raw|bwahacough's rating: 1757 &rarr; <strong>1738<\/strong><br \/>(-19 for losing)\n|raw|zip520520's rating: 1780 &rarr; <strong>1799<\/strong><br \/>(+19 for winning)\n|l|\u2606bwahacough\n|player|p1|\n|l|\u2606zip520520\n|player|p2|\n","uploadtime":1732214758,"views":12,"formatid":"gen9vgc2024regh","rating":1738,"private":0,"password":null}