{"id":"gen9vgc2024regh-2248734949","format":"[Gen 9] VGC 2024 Reg H","players":["corndog7","VGCLTH Rain"],"log":"|raw|<div class=\"broadcast-blue\"><strong>This battle is required to be public due to a player having a name starting with 'vgclth'.<\/div>\n|j|\u2606corndog7\n|j|\u2606VGCLTH Rain\n|t:|1732248397\n|gametype|doubles\n|player|p1|corndog7|266|1672\n|player|p2|VGCLTH Rain|102|1704\n|teamsize|p1|6\n|teamsize|p2|6\n|gen|9\n|tier|[Gen 9] VGC 2024 Reg H\n|rated|\n|rule|Species Clause: Limit one of each Pok\u00e9mon\n|rule|Item Clause: Limit 1 of each item\n|clearpoke\n|poke|p1|Primarina, L50, M|\n|poke|p1|Volcarona, L50, F|\n|poke|p1|Kingambit, L50, F|\n|poke|p1|Sneasler, L50, M|\n|poke|p1|Rillaboom, L50, M|\n|poke|p1|Gholdengo, L50|\n|poke|p2|Typhlosion-Hisui, L50, M|\n|poke|p2|Glimmora, L50, M|\n|poke|p2|Grimmsnarl, L50, M|\n|poke|p2|Whimsicott, L50, F|\n|poke|p2|Ursaluna-Bloodmoon, L50, M|\n|poke|p2|Dusclops, L50, M|\n|teampreview|4\n|j| canto 7 spoilers\n|inactive|Battle timer is ON: inactive players will automatically lose when time's up. (requested by VGCLTH Rain)\n|\n|t:|1732248421\n|start\n|switch|p1a: Volcarona|Volcarona, L50, F|100\/100\n|switch|p1b: Primarina|Primarina, L50, M|100\/100\n|switch|p2a: Glimmora|Glimmora, L50, M|100\/100\n|switch|p2b: Grimmsnarl|Grimmsnarl, L50, M|100\/100\n|turn|1\n|\n|t:|1732248443\n|-terastallize|p1a: Volcarona|Dragon\n|move|p2b: Grimmsnarl|Light Screen|p2b: Grimmsnarl\n|-sidestart|p2: VGCLTH Rain|move: Light Screen\n|move|p1a: Volcarona|Struggle Bug|p2a: Glimmora|[spread] p2a,p2b\n|-resisted|p2a: Glimmora\n|-damage|p2a: Glimmora|94\/100\n|-damage|p2b: Grimmsnarl|93\/100\n|-unboost|p2a: Glimmora|spa|1\n|-unboost|p2b: Grimmsnarl|spa|1\n|move|p2a: Glimmora|Sludge Bomb|p1b: Primarina\n|-supereffective|p1b: Primarina\n|-damage|p1b: Primarina|46\/100\n|move|p1b: Primarina|Hyper Voice|p2a: Glimmora|[spread] p2a,p2b\n|-supereffective|p2a: Glimmora\n|-damage|p2a: Glimmora|38\/100\n|-damage|p2b: Grimmsnarl|76\/100\n|-enditem|p1b: Primarina|Throat Spray\n|-boost|p1b: Primarina|spa|1|[from] item: Throat Spray\n|\n|upkeep\n|turn|2\n|j| The Cheesen One\n|\n|t:|1732248464\n|move|p1b: Primarina|Protect|p1b: Primarina\n|-singleturn|p1b: Primarina|Protect\n|move|p2a: Glimmora|Toxic|p1a: Volcarona\n|-status|p1a: Volcarona|tox\n|move|p1a: Volcarona|Quiver Dance|p1a: Volcarona\n|-boost|p1a: Volcarona|spa|1\n|-boost|p1a: Volcarona|spd|1\n|-boost|p1a: Volcarona|spe|1\n|move|p2b: Grimmsnarl|Spirit Break|p1b: Primarina\n|-activate|p1b: Primarina|move: Protect\n|\n|-damage|p1a: Volcarona|94\/100 tox|[from] psn\n|upkeep\n|turn|3\n|\n|t:|1732248485\n|switch|p1b: Kingambit|Kingambit, L50, F|100\/100\n|move|p1a: Volcarona|Heat Wave|p2b: Grimmsnarl|[spread] p2a,p2b\n|-resisted|p2a: Glimmora\n|-damage|p2a: Glimmora|18\/100\n|-damage|p2b: Grimmsnarl|54\/100\n|-status|p2a: Glimmora|brn\n|-status|p2b: Grimmsnarl|brn\n|move|p2a: Glimmora|Sludge Bomb|p1b: Kingambit\n|-immune|p1b: Kingambit\n|move|p2b: Grimmsnarl|Spirit Break|p1b: Kingambit\n|-damage|p1b: Kingambit|89\/100\n|-unboost|p1b: Kingambit|spa|1\n|-ability|p1b: Kingambit|Defiant|boost\n|-boost|p1b: Kingambit|atk|2\n|\n|-damage|p1a: Volcarona|82\/100 tox|[from] psn\n|-damage|p2a: Glimmora|12\/100 brn|[from] brn\n|-damage|p2b: Grimmsnarl|48\/100 brn|[from] brn\n|upkeep\n|turn|4\n|l| The Cheesen One\n|\n|t:|1732248510\n|move|p2b: Grimmsnarl|Reflect|p2b: Grimmsnarl\n|-sidestart|p2: VGCLTH Rain|Reflect\n|move|p1a: Volcarona|Struggle Bug|p2a: Glimmora|[spread] p2a,p2b\n|-resisted|p2a: Glimmora\n|-damage|p2a: Glimmora|2\/100 brn\n|-damage|p2b: Grimmsnarl|34\/100 brn\n|-unboost|p2a: Glimmora|spa|1\n|-unboost|p2b: Grimmsnarl|spa|1\n|move|p2a: Glimmora|Earth Power|p1b: Kingambit\n|-supereffective|p1b: Kingambit\n|-damage|p1b: Kingambit|55\/100\n|move|p1b: Kingambit|Kowtow Cleave|p2b: Grimmsnarl\n|-resisted|p2b: Grimmsnarl\n|-damage|p2b: Grimmsnarl|9\/100 brn\n|\n|-damage|p1a: Volcarona|63\/100 tox|[from] psn\n|-damage|p2a: Glimmora|0 fnt|[from] brn\n|faint|p2a: Glimmora\n|-damage|p2b: Grimmsnarl|3\/100 brn|[from] brn\n|upkeep\n|\n|t:|1732248520\n|switch|p2a: Dusclops|Dusclops, L50, M|100\/100\n|-item|p1a: Volcarona|Covert Cloak|[from] ability: Frisk|[of] p2a: Dusclops\n|-item|p1b: Kingambit|Black Glasses|[from] ability: Frisk|[of] p2a: Dusclops\n|turn|5\n|j| stewpeed\n|\n|t:|1732248542\n|-terastallize|p2a: Dusclops|Grass\n|move|p1a: Volcarona|Heat Wave|p2a: Dusclops|[spread] p2a,p2b\n|-supereffective|p2a: Dusclops\n|-damage|p2a: Dusclops|73\/100\n|-damage|p2b: Grimmsnarl|0 fnt\n|faint|p2b: Grimmsnarl\n|move|p1b: Kingambit|Kowtow Cleave|p2a: Dusclops\n|-damage|p2a: Dusclops|20\/100\n|move|p2a: Dusclops|Trick Room|p2a: Dusclops\n|-fieldstart|move: Trick Room|[of] p2a: Dusclops\n|\n|-damage|p1a: Volcarona|38\/100 tox|[from] psn\n|upkeep\n|\n|t:|1732248551\n|switch|p2b: Ursaluna|Ursaluna-Bloodmoon, L50, M|100\/100\n|turn|6\n|j| JuliusNoger\n|j| Kariami\n|inactive|VGCLTH Rain has 30 seconds left.\n|\n|t:|1732248582\n|move|p2b: Ursaluna|Protect|p2b: Ursaluna\n|-singleturn|p2b: Ursaluna|Protect\n|move|p1b: Kingambit|Sucker Punch||[still]\n|-fail|p1b: Kingambit\n|move|p2a: Dusclops|Will-O-Wisp|p1b: Kingambit\n|-status|p1b: Kingambit|brn\n|move|p1a: Volcarona|Heat Wave|p2b: Ursaluna|[spread] \n|-activate|p2b: Ursaluna|move: Protect\n|-miss|p1a: Volcarona|p2a: Dusclops\n|\n|-damage|p1a: Volcarona|7\/100 tox|[from] psn\n|-damage|p1b: Kingambit|49\/100 brn|[from] brn\n|upkeep\n|turn|7\n|\n|t:|1732248607\n|move|p1b: Kingambit|Sucker Punch|p2b: Ursaluna\n|-damage|p2b: Ursaluna|78\/100\n|move|p2a: Dusclops|Night Shade|p1b: Kingambit\n|-damage|p1b: Kingambit|25\/100 brn\n|move|p2b: Ursaluna|Hyper Voice|p1a: Volcarona|[spread] p1a,p1b\n|-resisted|p1b: Kingambit\n|-crit|p1b: Kingambit\n|-damage|p1a: Volcarona|0 fnt\n|-damage|p1b: Kingambit|0 fnt\n|faint|p1a: Volcarona\n|faint|p1b: Kingambit\n|-enditem|p2b: Ursaluna|Throat Spray\n|-boost|p2b: Ursaluna|spa|1|[from] item: Throat Spray\n|\n|upkeep\n|\n|t:|1732248621\n|switch|p1b: Sneasler|Sneasler, L50, M|100\/100\n|switch|p1a: Primarina|Primarina, L50, M|46\/100\n|turn|8\n|\n|t:|1732248637\n|move|p2b: Ursaluna|Protect|p2b: Ursaluna\n|-singleturn|p2b: Ursaluna|Protect\n|move|p1b: Sneasler|Fake Out|p2a: Dusclops\n|-damage|p2a: Dusclops|13\/100\n|cant|p2a: Dusclops|flinch\n|move|p1a: Primarina|Hyper Voice|p2b: Ursaluna|[spread] p2a\n|-activate|p2b: Ursaluna|move: Protect\n|-resisted|p2a: Dusclops\n|-damage|p2a: Dusclops|8\/100\n|\n|-sideend|p2: VGCLTH Rain|move: Light Screen\n|upkeep\n|turn|9\n|\n|t:|1732248655\n|move|p1a: Primarina|Protect|p1a: Primarina\n|-singleturn|p1a: Primarina|Protect\n|move|p1b: Sneasler|Protect|p1b: Sneasler\n|-singleturn|p1b: Sneasler|Protect\n|move|p2a: Dusclops|Will-O-Wisp|p1b: Sneasler\n|-activate|p1b: Sneasler|move: Protect\n|move|p2b: Ursaluna|Hyper Voice|p1a: Primarina|[spread] \n|-activate|p1a: Primarina|move: Protect\n|-activate|p1b: Sneasler|move: Protect\n|\n|-fieldend|move: Trick Room\n|upkeep\n|turn|10\n|\n|t:|1732248677\n|move|p2a: Dusclops|Helping Hand|p2b: Ursaluna\n|-singleturn|p2b: Ursaluna|Helping Hand|[of] p2a: Dusclops\n|move|p1b: Sneasler|Close Combat|p2b: Ursaluna\n|-supereffective|p2b: Ursaluna\n|-damage|p2b: Ursaluna|21\/100\n|-unboost|p1b: Sneasler|def|1\n|-unboost|p1b: Sneasler|spd|1\n|move|p1a: Primarina|Hyper Voice|p2a: Dusclops|[spread] p2a,p2b\n|-resisted|p2a: Dusclops\n|-supereffective|p2b: Ursaluna\n|-damage|p2a: Dusclops|0 fnt\n|-damage|p2b: Ursaluna|0 fnt\n|faint|p2a: Dusclops\n|faint|p2b: Ursaluna\n|\n|win|corndog7\n|raw|corndog7's rating: 1672 &rarr; <strong>1694<\/strong><br \/>(+22 for winning)\n|raw|VGCLTH Rain's rating: 1704 &rarr; <strong>1682<\/strong><br \/>(-22 for losing)\n","uploadtime":1732248680,"views":20,"formatid":"gen9vgc2024regh","rating":1682,"private":0,"password":null}