{"id":"gen9vgc2024regh-2248190072","format":"[Gen 9] VGC 2024 Reg H","players":["K2G2","zip520520"],"log":"|j|\u2606K2G2\n|j|\u2606zip520520\n|t:|1732187549\n|gametype|doubles\n|player|p1|K2G2|2|1779\n|player|p2|zip520520|265|1745\n|teamsize|p1|6\n|teamsize|p2|6\n|gen|9\n|tier|[Gen 9] VGC 2024 Reg H\n|rated|\n|rule|Species Clause: Limit one of each Pok\u00e9mon\n|rule|Item Clause: Limit 1 of each item\n|clearpoke\n|poke|p1|Dragonite, L50, M|\n|poke|p1|Sneasler, L50, M|\n|poke|p1|Kingambit, L50, F|\n|poke|p1|Rillaboom, L50, F|\n|poke|p1|Gastrodon, L50, F|\n|poke|p1|Magmar, L50, F|\n|poke|p2|Volcarona, L50, M|\n|poke|p2|Sneasler, L50, F|\n|poke|p2|Garchomp, L50, M|\n|poke|p2|Whimsicott, L50, F|\n|poke|p2|Kingambit, L50, F|\n|poke|p2|Amoonguss, L50, M|\n|teampreview|4\n|inactive|Battle timer is ON: inactive players will automatically lose when time's up. (requested by zip520520)\n|inactive|K2G2 has 60 seconds left.\n|inactive|zip520520 has 60 seconds left.\n|inactive|K2G2 has 30 seconds left.\n|\n|t:|1732187615\n|start\n|switch|p1a: Magmar|Magmar, L50, F|100\/100\n|switch|p1b: Dragonite|Dragonite, L50, M|100\/100\n|switch|p2a: Whimsicott|Whimsicott, L50, F|100\/100\n|switch|p2b: Garchomp|Garchomp, L50, M|100\/100\n|turn|1\n|inactive|K2G2 has 30 seconds left.\n|inactive|K2G2 has 20 seconds left.\n|inactive|K2G2 has 15 seconds left.\n|inactive|K2G2 has 10 seconds left.\n|\n|t:|1732187665\n|-terastallize|p2b: Garchomp|Fairy\n|move|p1a: Magmar|Follow Me|p1a: Magmar\n|-singleturn|p1a: Magmar|move: Follow Me\n|move|p2a: Whimsicott|Tailwind|p2a: Whimsicott\n|-sidestart|p2: zip520520|move: Tailwind\n|move|p2b: Garchomp|Rock Slide|p1b: Dragonite|[spread] p1a,p1b\n|-supereffective|p1a: Magmar\n|-supereffective|p1b: Dragonite\n|-damage|p1a: Magmar|68\/100\n|-damage|p1b: Dragonite|57\/100\n|move|p1b: Dragonite|Scale Shot|p2b: Garchomp\n|-immune|p2b: Garchomp\n|\n|upkeep\n|turn|2\n|\n|t:|1732187684\n|switch|p1a: Rillaboom|Rillaboom, L50, F|100\/100\n|-fieldstart|move: Grassy Terrain|[from] ability: Grassy Surge|[of] p1a: Rillaboom\n|move|p1b: Dragonite|Protect|p1b: Dragonite\n|-singleturn|p1b: Dragonite|Protect\n|move|p2b: Garchomp|Rock Slide|p1a: Rillaboom|[spread] p1a\n|-activate|p1b: Dragonite|move: Protect\n|-damage|p1a: Rillaboom|82\/100\n|move|p2a: Whimsicott|Moonblast|p1b: Dragonite\n|-activate|p1b: Dragonite|move: Protect\n|\n|-heal|p1a: Rillaboom|87\/100|[from] Grassy Terrain\n|upkeep\n|turn|3\n|inactive|K2G2 has 30 seconds left.\n|inactive|K2G2 has 20 seconds left.\n|inactive|zip520520 has 30 seconds left.\n|inactive|K2G2 has 15 seconds left.\n|inactive|K2G2 has 10 seconds left.\n|\n|t:|1732187734\n|switch|p1b: Magmar|Magmar, L50, F|68\/100\n|move|p2b: Garchomp|Breaking Swipe|p1b: Magmar|[spread] p1a,p1b\n|-damage|p1a: Rillaboom|66\/100\n|-damage|p1b: Magmar|50\/100\n|-unboost|p1a: Rillaboom|atk|1\n|-unboost|p1b: Magmar|atk|1\n|move|p2a: Whimsicott|Moonblast|p1b: Magmar\n|-resisted|p1b: Magmar\n|-damage|p1b: Magmar|41\/100\n|move|p1a: Rillaboom|Wood Hammer|p2b: Garchomp\n|-damage|p2b: Garchomp|40\/100\n|-damage|p1a: Rillaboom|53\/100|[from] ability: Rough Skin|[of] p2b: Garchomp\n|-damage|p1a: Rillaboom|35\/100|[from] Recoil\n|\n|-heal|p2b: Garchomp|46\/100|[from] Grassy Terrain\n|-heal|p1b: Magmar|47\/100|[from] Grassy Terrain\n|-heal|p1a: Rillaboom|41\/100|[from] Grassy Terrain\n|upkeep\n|turn|4\n|inactive|K2G2 has 30 seconds left.\n|inactive|zip520520 has 30 seconds left.\n|\n|t:|1732187766\n|move|p2b: Garchomp|Rock Slide|p1b: Magmar|[spread] p1a,p1b\n|-supereffective|p1b: Magmar\n|-damage|p1a: Rillaboom|23\/100\n|-damage|p1b: Magmar|19\/100\n|move|p2a: Whimsicott|Moonblast|p1a: Rillaboom\n|-damage|p1a: Rillaboom|4\/100\n|move|p1b: Magmar|Overheat|p2a: Whimsicott|[miss]\n|-miss|p1b: Magmar|p2a: Whimsicott\n|move|p1a: Rillaboom|Wood Hammer|p2b: Garchomp\n|-damage|p2b: Garchomp|0 fnt\n|-damage|p1a: Rillaboom|0 fnt|[from] ability: Rough Skin|[of] p2b: Garchomp\n|faint|p2b: Garchomp\n|faint|p1a: Rillaboom\n|\n|-heal|p1b: Magmar|25\/100|[from] Grassy Terrain\n|-sideend|p2: zip520520|move: Tailwind\n|upkeep\n|\n|t:|1732187788\n|switch|p2b: Volcarona|Volcarona, L50, M|100\/100\n|switch|p1a: Kingambit|Kingambit, L50, F|100\/100\n|turn|5\n|\n|t:|1732187808\n|move|p2a: Whimsicott|Sunny Day|p2a: Whimsicott\n|-weather|SunnyDay\n|move|p2b: Volcarona|Heat Wave|p1a: Kingambit|[spread] p1a,p1b\n|-supereffective|p1a: Kingambit\n|-resisted|p1b: Magmar\n|-damage|p1a: Kingambit|0 fnt\n|-damage|p1b: Magmar|0 fnt\n|faint|p1a: Kingambit\n|faint|p1b: Magmar\n|\n|-weather|SunnyDay|[upkeep]\n|upkeep\n|-message|K2G2 forfeited.\n|\n|win|zip520520\n|raw|K2G2's rating: 1779 &rarr; <strong>1757<\/strong><br \/>(-22 for losing)\n|raw|zip520520's rating: 1745 &rarr; <strong>1767<\/strong><br \/>(+22 for winning)\n|l|\u2606K2G2\n|player|p1|\n|l|\u2606zip520520\n|player|p2|\n","uploadtime":1732187965,"views":13,"formatid":"gen9vgc2024regh","rating":1757,"private":0,"password":null}