{"id":"gen9vgc2024regh-2248550694","format":"[Gen 9] VGC 2024 Reg H","players":["power123452123","DragonKenergy"],"log":"|j|\u203dpower123452123\n|j|\u2606DragonKenergy\n|t:|1732225461\n|gametype|doubles\n|player|p1|power123452123|170|1769\n|player|p2|DragonKenergy|ingo|1694\n|teamsize|p1|6\n|teamsize|p2|6\n|gen|9\n|tier|[Gen 9] VGC 2024 Reg H\n|rated|\n|rule|Species Clause: Limit one of each Pok\u00e9mon\n|rule|Item Clause: Limit 1 of each item\n|clearpoke\n|poke|p1|Palafin, L50, F|\n|poke|p1|Gholdengo, L50|\n|poke|p1|Incineroar, L50, F|\n|poke|p1|Rillaboom, L50, M|\n|poke|p1|Pelipper, L50, F|\n|poke|p1|Kingambit, L50, M|\n|poke|p2|Sneasler, L50, M|\n|poke|p2|Dragonite, L50, F|\n|poke|p2|Milotic, L50, F|\n|poke|p2|Indeedee, L50, M|\n|poke|p2|Typhlosion-Hisui, L50, F|\n|poke|p2|Whimsicott, L50, F|\n|teampreview|4\n|inactive|Battle timer is ON: inactive players will automatically lose when time's up. (requested by power123452123)\npower123452123 has agreed to open team sheets.\n|\n|t:|1732225483\n|start\n|switch|p1a: Gholdengo|Gholdengo, L50|100\/100\n|switch|p1b: Incineroar|Incineroar, L50, F|100\/100\n|switch|p2a: Milotic|Milotic, L50, F|100\/100\n|switch|p2b: Typhlosion|Typhlosion-Hisui, L50, F|100\/100\n|-ability|p1b: Incineroar|Intimidate|boost\n|-unboost|p2a: Milotic|atk|1\n|-ability|p2a: Milotic|Competitive|boost\n|-boost|p2a: Milotic|spa|2\n|-unboost|p2b: Typhlosion|atk|1\n|turn|1\n|j| kyo9t\n|inactive|power123452123 has 30 seconds left.\n|\n|t:|1732225517\n|switch|p1a: Pelipper|Pelipper, L50, F|100\/100\n|-weather|RainDance|[from] ability: Drizzle|[of] p1a: Pelipper\n|-terastallize|p1b: Incineroar|Grass\n|move|p2b: Typhlosion|Eruption|p1b: Incineroar|[spread] p1a,p1b\n|-resisted|p1a: Pelipper\n|-supereffective|p1b: Incineroar\n|-damage|p1a: Pelipper|75\/100\n|-damage|p1b: Incineroar|52\/100\n|move|p2a: Milotic|Scald|p1a: Pelipper\n|-resisted|p1a: Pelipper\n|-damage|p1a: Pelipper|0 fnt\n|faint|p1a: Pelipper\n|move|p1b: Incineroar|Knock Off|p2b: Typhlosion\n|-supereffective|p2b: Typhlosion\n|-crit|p2b: Typhlosion\n|-damage|p2b: Typhlosion|0 fnt\n|-enditem|p2b: Typhlosion|Charcoal|[from] move: Knock Off|[of] p1b: Incineroar\n|faint|p2b: Typhlosion\n|\n|-weather|RainDance|[upkeep]\n|upkeep\n|\n|t:|1732225532\n|switch|p2b: Indeedee|Indeedee, L50, M|100\/100\n|switch|p1a: Rillaboom|Rillaboom, L50, M|100\/100\n|-fieldstart|move: Psychic Terrain|[from] ability: Psychic Surge|[of] p2b: Indeedee\n|-fieldstart|move: Grassy Terrain|[from] ability: Grassy Surge|[of] p1a: Rillaboom\n|turn|2\n|\n|t:|1732225544\n|switch|p2b: Sneasler|Sneasler, L50, M|100\/100\n|-terastallize|p2a: Milotic|Grass\n|move|p2a: Milotic|Icy Wind|p1b: Incineroar|[spread] p1a,p1b\n|-supereffective|p1a: Rillaboom\n|-supereffective|p1b: Incineroar\n|-damage|p1a: Rillaboom|67\/100\n|-damage|p1b: Incineroar|19\/100\n|-unboost|p1a: Rillaboom|spe|1\n|-unboost|p1b: Incineroar|spe|1\n|move|p1a: Rillaboom|Wood Hammer|p2a: Milotic\n|-resisted|p2a: Milotic\n|-damage|p2a: Milotic|65\/100\n|-damage|p1a: Rillaboom|55\/100|[from] Recoil\n|move|p1b: Incineroar|Knock Off|p2b: Sneasler\n|-resisted|p2b: Sneasler\n|-damage|p2b: Sneasler|70\/100\n|-enditem|p2b: Sneasler|Psychic Seed|[from] move: Knock Off|[of] p1b: Incineroar\n|\n|-weather|RainDance|[upkeep]\n|-heal|p2b: Sneasler|75\/100|[from] Grassy Terrain\n|-heal|p2a: Milotic|71\/100|[from] Grassy Terrain\n|-heal|p1a: Rillaboom|61\/100|[from] Grassy Terrain\n|-heal|p1b: Incineroar|25\/100|[from] Grassy Terrain\n|upkeep\n|turn|3\n|inactive|power123452123 has 30 seconds left.\n|\n|t:|1732225570\n|switch|p1b: Gholdengo|Gholdengo, L50|100\/100\n|move|p2b: Sneasler|Dire Claw|p1a: Rillaboom\n|-supereffective|p1a: Rillaboom\n|-damage|p1a: Rillaboom|0 fnt\n|faint|p1a: Rillaboom\n|move|p2a: Milotic|Ice Beam|p1b: Gholdengo\n|-resisted|p1b: Gholdengo\n|-damage|p1b: Gholdengo|76\/100\n|\n|-weather|RainDance|[upkeep]\n|-heal|p2b: Sneasler|81\/100|[from] Grassy Terrain\n|-heal|p1b: Gholdengo|82\/100|[from] Grassy Terrain\n|-heal|p2a: Milotic|77\/100|[from] Grassy Terrain\n|upkeep\n|l| kyo9t\n|\n|t:|1732225577\n|switch|p1a: Incineroar|Incineroar, L50, F, tera:Grass|25\/100\n|-ability|p1a: Incineroar|Intimidate|boost\n|-unboost|p2a: Milotic|atk|1\n|-ability|p2a: Milotic|Competitive|boost\n|-boost|p2a: Milotic|spa|2\n|-unboost|p2b: Sneasler|atk|1\n|turn|4\n|j| kyo9t\n|\n|t:|1732225595\n|switch|p2b: Indeedee|Indeedee, L50, M|100\/100\n|-fieldstart|move: Psychic Terrain|[from] ability: Psychic Surge|[of] p2b: Indeedee\n|move|p1a: Incineroar|Fake Out|p2a: Milotic\n|-activate|p2a: Milotic|move: Psychic Terrain\n|move|p1b: Gholdengo|Make It Rain|p2a: Milotic|[spread] p2a,p2b\n|-damage|p2a: Milotic|38\/100\n|-damage|p2b: Indeedee|2\/100\n|-unboost|p1b: Gholdengo|spa|1\n|move|p2a: Milotic|Icy Wind|p1a: Incineroar|[spread] p1a,p1b\n|-supereffective|p1a: Incineroar\n|-resisted|p1b: Gholdengo\n|-damage|p1a: Incineroar|0 fnt\n|-damage|p1b: Gholdengo|66\/100\n|-unboost|p1b: Gholdengo|spe|1\n|faint|p1a: Incineroar\n|\n|-weather|RainDance|[upkeep]\n|upkeep\n|turn|5\n|\n|t:|1732225611\n|move|p2b: Indeedee|Expanding Force|p1b: Gholdengo\n|-resisted|p1b: Gholdengo\n|-damage|p1b: Gholdengo|27\/100\n|move|p2a: Milotic|Scald|p1b: Gholdengo\n|-damage|p1b: Gholdengo|0 fnt\n|faint|p1b: Gholdengo\n|\n|win|DragonKenergy\n|raw|power123452123's rating: 1769 &rarr; <strong>1745<\/strong><br \/>(-24 for losing)\n|raw|DragonKenergy's rating: 1694 &rarr; <strong>1718<\/strong><br \/>(+24 for winning)\n|l|\u203dpower123452123\n|player|p1|\n","uploadtime":1732225615,"views":47,"formatid":"gen9vgc2024regh","rating":1718,"private":0,"password":null}