{"id":"gen9vgc2024regh-2248421051","format":"[Gen 9] VGC 2024 Reg H","players":["Arcangel666","VGCLTH mike"],"log":"|raw|<div class=\"broadcast-blue\"><strong>This battle is required to be public due to a player having a name starting with 'vgclth'.<\/div>\n|j|\u2606Arcangel666\n|j|\u2606VGCLTH mike\n|t:|1732212932\n|gametype|doubles\n|player|p1|Arcangel666|piers-masters|1759\n|player|p2|VGCLTH mike|irida|1799\n|teamsize|p1|6\n|teamsize|p2|6\n|gen|9\n|tier|[Gen 9] VGC 2024 Reg H\n|rated|\n|rule|Species Clause: Limit one of each Pok\u00e9mon\n|rule|Item Clause: Limit 1 of each item\n|clearpoke\n|poke|p1|Gholdengo, L50|\n|poke|p1|Whimsicott, L50, F|\n|poke|p1|Pelipper, L50, M|\n|poke|p1|Basculegion, L50, M|\n|poke|p1|Archaludon, L50, M|\n|poke|p1|Amoonguss, L50, M|\n|poke|p2|Tyranitar, L50, M|\n|poke|p2|Annihilape, L50, F|\n|poke|p2|Bronzong, L50|\n|poke|p2|Ursaluna-Bloodmoon, L50, M|\n|poke|p2|Whimsicott, L50, M|\n|poke|p2|Gastrodon-East, L50, F|\n|teampreview|4\n|inactive|Battle timer is ON: inactive players will automatically lose when time's up. (requested by VGCLTH mike)\n|\n|t:|1732212953\n|start\n|switch|p1a: Whimsicott|Whimsicott, L50, F, shiny|100\/100\n|switch|p1b: Basculegion|Basculegion, L50, M, shiny|100\/100\n|switch|p2a: Whimsicott|Whimsicott, L50, M, shiny|100\/100\n|switch|p2b: Annihilape|Annihilape, L50, F|100\/100\n|turn|1\n|j| futonkagebunshin\n|\n|t:|1732212969\n|switch|p2a: Gastrodon|Gastrodon-East, L50, F|100\/100\n|move|p1a: Whimsicott|Tailwind|p1a: Whimsicott\n|-sidestart|p1: Arcangel666|move: Tailwind\n|move|p1b: Basculegion|Flip Turn|p2a: Gastrodon\n|-ability|p2a: Gastrodon|Storm Drain|boost\n|-boost|p2a: Gastrodon|spa|1\n|move|p2b: Annihilape|Rage Fist|p1b: Basculegion\n|-supereffective|p1b: Basculegion\n|-damage|p1b: Basculegion|35\/100\n|\n|upkeep\n|turn|2\n|\n|t:|1732212978\n|switch|p1b: Archaludon|Archaludon, L50, M, shiny|100\/100\n|move|p1a: Whimsicott|Encore|p2b: Annihilape\n|-start|p2b: Annihilape|Encore\n|move|p2b: Annihilape|Rage Fist|p1b: Archaludon\n|-damage|p1b: Archaludon|80\/100\n|-ability|p1b: Archaludon|Stamina|boost\n|-boost|p1b: Archaludon|def|1\n|move|p2a: Gastrodon|Clear Smog|p1a: Whimsicott\n|-supereffective|p1a: Whimsicott\n|-damage|p1a: Whimsicott|21\/100\n|-clearboost|p1a: Whimsicott\n|\n|upkeep\n|turn|3\n|\n|t:|1732213002\n|move|p2a: Gastrodon|Protect|p2a: Gastrodon\n|-singleturn|p2a: Gastrodon|Protect\n|move|p1a: Whimsicott|Encore|p2a: Gastrodon\n|-activate|p2a: Gastrodon|move: Protect\n|move|p1b: Archaludon|Body Press|p2a: Gastrodon\n|-activate|p2a: Gastrodon|move: Protect\n|move|p2b: Annihilape|Rage Fist|p1a: Whimsicott\n|-damage|p1a: Whimsicott|0 fnt\n|faint|p1a: Whimsicott\n|\n|upkeep\n|\n|t:|1732213007\n|switch|p1a: Pelipper|Pelipper, L50, M|100\/100\n|-weather|RainDance|[from] ability: Drizzle|[of] p1a: Pelipper\n|turn|4\n|j| SeaWolfMikess\n|\n|t:|1732213023\n|-terastallize|p1b: Archaludon|Grass\n|move|p1a: Pelipper|Hurricane|p2a: Gastrodon\n|-damage|p2a: Gastrodon|70\/100\n|move|p1b: Archaludon|Electro Shot||[still]\n|-prepare|p1b: Archaludon|Electro Shot\n|-boost|p1b: Archaludon|spa|1\n|-anim|p1b: Archaludon|Electro Shot|p2b: Annihilape\n|-damage|p2b: Annihilape|38\/100\n|move|p2b: Annihilape|Rage Fist|p1b: Archaludon\n|-damage|p1b: Archaludon|55\/100\n|-ability|p1b: Archaludon|Stamina|boost\n|-boost|p1b: Archaludon|def|1\n|move|p2a: Gastrodon|Earth Power|p1b: Archaludon\n|-resisted|p1b: Archaludon\n|-damage|p1b: Archaludon|40\/100\n|-ability|p1b: Archaludon|Stamina|boost\n|-boost|p1b: Archaludon|def|1\n|\n|-weather|RainDance|[upkeep]\n|-end|p2b: Annihilape|Encore\n|-sideend|p1: Arcangel666|move: Tailwind\n|upkeep\n|turn|5\n|inactive|VGCLTH mike has 30 seconds left.\n|inactive|VGCLTH mike has 20 seconds left.\n|inactive|VGCLTH mike has 15 seconds left.\n|\n|t:|1732213067\n|move|p2a: Gastrodon|Protect|p2a: Gastrodon\n|-singleturn|p2a: Gastrodon|Protect\n|move|p2b: Annihilape|Rage Fist|p1a: Pelipper\n|-damage|p1a: Pelipper|49\/100\n|move|p1a: Pelipper|Hurricane|p2b: Annihilape\n|-supereffective|p2b: Annihilape\n|-damage|p2b: Annihilape|0 fnt\n|faint|p2b: Annihilape\n|move|p1b: Archaludon|Body Press|p2a: Gastrodon\n|-activate|p2a: Gastrodon|move: Protect\n|\n|-weather|RainDance|[upkeep]\n|upkeep\n|\n|t:|1732213073\n|switch|p2b: Whimsicott|Whimsicott, L50, M, shiny|100\/100\n|turn|6\n|\n|t:|1732213092\n|move|p2b: Whimsicott|Tailwind|p2b: Whimsicott\n|-sidestart|p2: VGCLTH mike|move: Tailwind\n|move|p1a: Pelipper|Hurricane|p2b: Whimsicott\n|-supereffective|p2b: Whimsicott\n|-damage|p2b: Whimsicott|8\/100\n|move|p2a: Gastrodon|Ice Beam|p1b: Archaludon\n|-supereffective|p1b: Archaludon\n|-damage|p1b: Archaludon|0 fnt\n|faint|p1b: Archaludon\n|\n|-weather|RainDance|[upkeep]\n|upkeep\n|\n|t:|1732213098\n|switch|p1b: Basculegion|Basculegion, L50, M, shiny|35\/100\n|turn|7\n|j| GooglePay\n|\n|t:|1732213103\n|move|p2a: Gastrodon|Protect|p2a: Gastrodon\n|-singleturn|p2a: Gastrodon|Protect\n|move|p2b: Whimsicott|Moonblast|p1a: Pelipper\n|-damage|p1a: Pelipper|4\/100\n|move|p1b: Basculegion|Last Respects|p2a: Gastrodon\n|-activate|p2a: Gastrodon|move: Protect\n|move|p1a: Pelipper|Hurricane|p2b: Whimsicott\n|-supereffective|p2b: Whimsicott\n|-damage|p2b: Whimsicott|0 fnt\n|faint|p2b: Whimsicott\n|\n|-weather|RainDance|[upkeep]\n|upkeep\n|\n|t:|1732213112\n|switch|p2b: Ursaluna|Ursaluna-Bloodmoon, L50, M|100\/100\n|turn|8\n|\n|t:|1732213119\n|move|p1a: Pelipper|Protect|p1a: Pelipper\n|-singleturn|p1a: Pelipper|Protect\n|move|p2a: Gastrodon|Protect||[still]\n|-fail|p2a: Gastrodon\n|move|p1b: Basculegion|Last Respects|p2a: Gastrodon\n|-damage|p2a: Gastrodon|0 fnt\n|faint|p2a: Gastrodon\n|move|p2b: Ursaluna|Hyper Voice|p1b: Basculegion|[spread] p1b\n|-activate|p1a: Pelipper|move: Protect\n|-damage|p1b: Basculegion|0 fnt\n|faint|p1b: Basculegion\n|-damage|p2b: Ursaluna|91\/100|[from] item: Life Orb\n|\n|-weather|none\n|upkeep\n|turn|9\n|\n|t:|1732213124\n|move|p2b: Ursaluna|Hyper Voice|p1a: Pelipper\n|-damage|p1a: Pelipper|0 fnt\n|faint|p1a: Pelipper\n|-damage|p2b: Ursaluna|81\/100|[from] item: Life Orb\n|\n|win|VGCLTH mike\n|raw|Arcangel666's rating: 1759 &rarr; <strong>1741<\/strong><br \/>(-18 for losing)\n|raw|VGCLTH mike's rating: 1799 &rarr; <strong>1817<\/strong><br \/>(+18 for winning)\n|l|\u2606Arcangel666\n|player|p1|\n|l|\u2606VGCLTH mike\n|player|p2|\n|l| SeaWolfMikess\n","uploadtime":1732213357,"views":17,"formatid":"gen9vgc2024regh","rating":1741,"private":0,"password":null}