{"id":"gen9vgc2024regh-2248580437","format":"[Gen 9] VGC 2024 Reg H","players":["VGCLTHTornsEnjoyer","testy accounty 2"],"log":"|j|\u2606VGCLTHTornsEnjoyer\n|j|\u2606testy accounty 2\n|t:|1732228643\n|gametype|doubles\n|player|p1|VGCLTHTornsEnjoyer|turo|1683\n|player|p2|testy accounty 2|102|1808\n|teamsize|p1|6\n|teamsize|p2|6\n|gen|9\n|tier|[Gen 9] VGC 2024 Reg H\n|rated|\n|rule|Species Clause: Limit one of each Pok\u00e9mon\n|rule|Item Clause: Limit 1 of each item\n|clearpoke\n|poke|p1|Gholdengo, L50|\n|poke|p1|Grimmsnarl, L50, M|\n|poke|p1|Whimsicott, L50, M|\n|poke|p1|Ursaluna-Bloodmoon, L50, M|\n|poke|p1|Dragonite, L50, F|\n|poke|p1|Annihilape, L50, M|\n|poke|p2|Pelipper, L50, M|\n|poke|p2|Archaludon, L50, F|\n|poke|p2|Sneasler, L50, F|\n|poke|p2|Dragonite, L50, M|\n|poke|p2|Basculegion, L50, M|\n|poke|p2|Rillaboom, L50, F|\n|teampreview|4\n|inactive|Battle timer is ON: inactive players will automatically lose when time's up. (requested by VGCLTHTornsEnjoyer)\n|j| kyo9t\n|\n|t:|1732228672\n|start\n|switch|p1a: Gholdengo|Gholdengo, L50|100\/100\n|switch|p1b: Whimsicott|Whimsicott, L50, M|100\/100\n|switch|p2a: MACHBACK|Archaludon, L50, F|100\/100\n|switch|p2b: VEGETA|Basculegion, L50, M|100\/100\n|turn|1\n|\n|t:|1732228696\n|-terastallize|p2b: VEGETA|Grass\n|move|p1b: Whimsicott|Tailwind|p1b: Whimsicott\n|-sidestart|p1: VGCLTHTornsEnjoyer|move: Tailwind\n|move|p1a: Gholdengo|Shadow Ball|p2b: VEGETA\n|-damage|p2b: VEGETA|25\/100\n|move|p2b: VEGETA|Flip Turn|p1a: Gholdengo\n|-damage|p1a: Gholdengo|67\/100\n|\n|t:|1732228705\n|switch|p2b: Pelipper|Pelipper, L50, M|100\/100|[from] Flip Turn\n|-weather|RainDance|[from] ability: Drizzle|[of] p2b: Pelipper\n|move|p2a: MACHBACK|Electro Shot||[still]\n|-prepare|p2a: MACHBACK|Electro Shot\n|-boost|p2a: MACHBACK|spa|1\n|-anim|p2a: MACHBACK|Electro Shot|p1a: Gholdengo\n|-damage|p1a: Gholdengo|0 fnt\n|faint|p1a: Gholdengo\n|\n|-weather|RainDance|[upkeep]\n|upkeep\n|inactive|VGCLTHTornsEnjoyer has 30 seconds left.\n|\n|t:|1732228736\n|switch|p1a: Annihilape|Annihilape, L50, M|100\/100\n|turn|2\n|\n|t:|1732228751\n|-terastallize|p1b: Whimsicott|Fairy\n|move|p1a: Annihilape|Final Gambit|p2a: MACHBACK\n|-damage|p2a: MACHBACK|0 fnt\n|faint|p1a: Annihilape\n|faint|p2a: MACHBACK\n|move|p1b: Whimsicott|Dazzling Gleam|p2b: Pelipper\n|-damage|p2b: Pelipper|47\/100\n|move|p2b: Pelipper|Tailwind|p2b: Pelipper\n|-sidestart|p2: testy accounty 2|move: Tailwind\n|\n|-weather|RainDance|[upkeep]\n|upkeep\n|l| kyo9t\n|inactive|VGCLTHTornsEnjoyer has 30 seconds left.\n|\n|t:|1732228782\n|switch|p1a: Dragonite|Dragonite, L50, F|100\/100\n|switch|p2a: Rillaboom|Rillaboom, L50, F|100\/100\n|-fieldstart|move: Grassy Terrain|[from] ability: Grassy Surge|[of] p2a: Rillaboom\n|turn|3\n|\n|t:|1732228802\n|move|p2b: Pelipper|Protect|p2b: Pelipper\n|-singleturn|p2b: Pelipper|Protect\n|move|p1b: Whimsicott|Dazzling Gleam|p2a: Rillaboom|[spread] p2a\n|-activate|p2b: Pelipper|move: Protect\n|-damage|p2a: Rillaboom|72\/100\n|move|p1a: Dragonite|Outrage|p2a: Rillaboom\n|-damage|p2a: Rillaboom|0 fnt\n|faint|p2a: Rillaboom\n|\n|-weather|RainDance|[upkeep]\n|upkeep\n|\n|t:|1732228810\n|switch|p2a: VEGETA|Basculegion, L50, M, tera:Grass|25\/100\n|turn|4\n|\n|t:|1732228825\n|move|p2a: VEGETA|Last Respects|p1b: Whimsicott\n|-damage|p1b: Whimsicott|0 fnt\n|faint|p1b: Whimsicott\n|move|p1a: Dragonite|Outrage|p2b: Pelipper|[from]lockedmove\n|-damage|p2b: Pelipper|0 fnt\n|faint|p2b: Pelipper\n|-start|p1a: Dragonite|confusion|[fatigue]\n|\n|-weather|RainDance|[upkeep]\n|-heal|p2a: VEGETA|31\/100|[from] Grassy Terrain\n|-sideend|p1: VGCLTHTornsEnjoyer|move: Tailwind\n|upkeep\n|turn|5\n|\n|t:|1732228833\n|move|p2a: VEGETA|Last Respects|p1a: Dragonite\n|-damage|p1a: Dragonite|0 fnt\n|faint|p1a: Dragonite\n|\n|win|testy accounty 2\n|raw|VGCLTHTornsEnjoyer's rating: 1683 &rarr; <strong>1670<\/strong><br \/>(-13 for losing)\n|raw|testy accounty 2's rating: 1808 &rarr; <strong>1821<\/strong><br \/>(+13 for winning)\n|l|\u2606VGCLTHTornsEnjoyer\n|player|p1|\n","uploadtime":1732228844,"views":44,"formatid":"gen9vgc2024regh","rating":1670,"private":0,"password":null}