{"id":"gen9vgc2024regh-2248426441","format":"[Gen 9] VGC 2024 Reg H","players":["VGCLTH <1000ELO","por minha atendido"],"log":"|raw|<div class=\"broadcast-blue\"><strong>This battle is required to be public due to a player having a name starting with 'vgclth'.<\/div>\n|j|\u2606VGCLTH <1000ELO\n|j|\u2606por minha atendido\n|t:|1732213449\n|gametype|doubles\n|player|p1|VGCLTH <1000ELO|1|1820\n|player|p2|por minha atendido|1|1766\n|teamsize|p1|6\n|teamsize|p2|6\n|gen|9\n|tier|[Gen 9] VGC 2024 Reg H\n|rated|\n|rule|Species Clause: Limit one of each Pok\u00e9mon\n|rule|Item Clause: Limit 1 of each item\n|clearpoke\n|poke|p1|Dondozo, L50, M|\n|poke|p1|Tatsugiri, L50, F|\n|poke|p1|Dragonite, L50, M|\n|poke|p1|Gholdengo, L50|\n|poke|p1|Glimmora, L50, F|\n|poke|p1|Talonflame, L50, M|\n|poke|p2|Annihilape, L50, M|\n|poke|p2|Delphox, L50, M|\n|poke|p2|Murkrow, L50, M|\n|poke|p2|Sneasler, L50, F|\n|poke|p2|Indeedee, L50, M|\n|poke|p2|Gholdengo, L50|\n|teampreview|4\n|inactive|Battle timer is ON: inactive players will automatically lose when time's up. (requested by VGCLTH <1000ELO)\n|\n|t:|1732213464\n|start\n|switch|p1a: Dragonite|Dragonite, L50, M|100\/100\n|switch|p1b: Glimmora|Glimmora, L50, F|100\/100\n|switch|p2a: Gholdengo|Gholdengo, L50|100\/100\n|switch|p2b: Murkrow|Murkrow, L50, M|100\/100\n|turn|1\n|inactive|por minha atendido has 30 seconds left.\n|inactive|VGCLTH <1000ELO has 30 seconds left.\n|j| GooglePay\n|inactive|por minha atendido has 20 seconds left.\n|inactive|por minha atendido has 15 seconds left.\n|inactive|por minha atendido has 10 seconds left.\n|\n|t:|1732213514\n|-terastallize|p1b: Glimmora|Grass\n|move|p2b: Murkrow|Tailwind|p2b: Murkrow\n|-sidestart|p2: por minha atendido|move: Tailwind\n|move|p2a: Gholdengo|Make It Rain|p1b: Glimmora|[spread] p1a,p1b\n|-damage|p1a: Dragonite|66\/100\n|-damage|p1b: Glimmora|43\/100\n|-unboost|p2a: Gholdengo|spa|1\n|move|p1b: Glimmora|Earth Power|p2a: Gholdengo\n|-supereffective|p2a: Gholdengo\n|-damage|p2a: Gholdengo|34\/100\n|move|p1a: Dragonite|Ice Spinner|p2b: Murkrow\n|-supereffective|p2b: Murkrow\n|-damage|p2b: Murkrow|7\/100\n|\n|upkeep\n|turn|2\n|inactive|VGCLTH <1000ELO has 30 seconds left.\n|\n|t:|1732213539\n|switch|p2b: Indeedee|Indeedee, L50, M|100\/100\n|-fieldstart|move: Psychic Terrain|[from] ability: Psychic Surge|[of] p2b: Indeedee\n|move|p2a: Gholdengo|Make It Rain|p1b: Glimmora|[spread] p1a,p1b\n|-crit|p1a: Dragonite\n|-damage|p1a: Dragonite|0 fnt\n|-damage|p1b: Glimmora|7\/100\n|-unboost|p2a: Gholdengo|spa|1\n|faint|p1a: Dragonite\n|move|p1b: Glimmora|Power Gem|p2b: Indeedee\n|-damage|p2b: Indeedee|53\/100\n|\n|upkeep\n|\n|t:|1732213545\n|switch|p1a: Dondozo|Dondozo, L50, M|100\/100\n|turn|3\n|inactive|VGCLTH <1000ELO has 30 seconds left.\n|inactive|VGCLTH <1000ELO has 20 seconds left.\n|inactive|VGCLTH <1000ELO has 15 seconds left.\n|inactive|VGCLTH <1000ELO has 10 seconds left.\n|\n|t:|1732213595\n|switch|p1b: Tatsugiri|Tatsugiri, L50, F|100\/100\n|-activate|p1b: Tatsugiri|ability: Commander|[of] p1a: Dondozo\n|-boost|p1a: Dondozo|atk|2\n|-boost|p1a: Dondozo|spa|2\n|-boost|p1a: Dondozo|spe|2\n|-boost|p1a: Dondozo|def|2\n|-boost|p1a: Dondozo|spd|2\n|-terastallize|p2b: Indeedee|Psychic\n|move|p2b: Indeedee|Expanding Force|p1b: Tatsugiri|[spread] p1a\n|-miss|p2b: Indeedee|p1b: Tatsugiri\n|-damage|p1a: Dondozo|57\/100\n|move|p2a: Gholdengo|Make It Rain|p1b: Tatsugiri|[spread] p1a\n|-miss|p2a: Gholdengo|p1b: Tatsugiri\n|-resisted|p1a: Dondozo\n|-damage|p1a: Dondozo|34\/100\n|-unboost|p2a: Gholdengo|spa|1\n|move|p1a: Dondozo|Earthquake|p2b: Indeedee|[spread] p2a,p2b\n|-miss|p1a: Dondozo|p1b: Tatsugiri\n|-supereffective|p2a: Gholdengo\n|-damage|p2a: Gholdengo|0 fnt\n|-damage|p2b: Indeedee|0 fnt\n|faint|p2a: Gholdengo\n|faint|p2b: Indeedee\n|\n|-heal|p1a: Dondozo|40\/100|[from] item: Leftovers\n|upkeep\n|\n|t:|1732213598\n|switch|p2b: Sneasler|Sneasler, L50, F|100\/100\n|switch|p2a: Murkrow|Murkrow, L50, M|7\/100\n|-enditem|p2b: Sneasler|Psychic Seed\n|-boost|p2b: Sneasler|spd|1|[from] item: Psychic Seed\n|turn|4\n|\n|t:|1732213623\n|move|p2a: Murkrow|Haze|p2a: Murkrow\n|-clearallboost\n|move|p2b: Sneasler|Close Combat|p1a: Dondozo\n|-damage|p1a: Dondozo|0 fnt\n|-unboost|p2b: Sneasler|def|1\n|-unboost|p2b: Sneasler|spd|1\n|faint|p1a: Dondozo\n|\n|-sideend|p2: por minha atendido|move: Tailwind\n|upkeep\n|\n|t:|1732213626\n|switch|p1a: Glimmora|Glimmora, L50, F, tera:Grass|7\/100\n|turn|5\n|\n|t:|1732213638\n|move|p2a: Murkrow|Tailwind|p2a: Murkrow\n|-sidestart|p2: por minha atendido|move: Tailwind\n|move|p2b: Sneasler|Close Combat|p1b: Tatsugiri\n|-enditem|p1b: Tatsugiri|Focus Sash\n|-damage|p1b: Tatsugiri|1\/100\n|-unboost|p2b: Sneasler|def|1\n|-unboost|p2b: Sneasler|spd|1\n|move|p1b: Tatsugiri|Muddy Water|p2b: Sneasler|[spread] p2a,p2b\n|-damage|p2a: Murkrow|0 fnt\n|-damage|p2b: Sneasler|13\/100\n|faint|p2a: Murkrow\n|move|p1a: Glimmora|Mortal Spin|p2b: Sneasler\n|-resisted|p2b: Sneasler\n|-damage|p2b: Sneasler|4\/100\n|\n|upkeep\n|turn|6\n|\n|t:|1732213649\n|move|p2b: Sneasler|Dire Claw|p1b: Tatsugiri\n|-damage|p1b: Tatsugiri|0 fnt\n|faint|p1b: Tatsugiri\n|move|p1a: Glimmora|Earth Power|p2b: Sneasler\n|-supereffective|p2b: Sneasler\n|-damage|p2b: Sneasler|0 fnt\n|faint|p2b: Sneasler\n|\n|win|VGCLTH <1000ELO\n|raw|VGCLTH &lt;1000ELO's rating: 1820 &rarr; <strong>1837<\/strong><br \/>(+17 for winning)\n|raw|por minha atendido's rating: 1766 &rarr; <strong>1749<\/strong><br \/>(-17 for losing)\n|l|\u2606por minha atendido\n|player|p2|\n|l|\u2606VGCLTH <1000ELO\n|player|p1|\n","uploadtime":1732213918,"views":23,"formatid":"gen9vgc2024regh","rating":1749,"private":0,"password":null}