{"id":"gen9vgc2024regh-2248738967","format":"[Gen 9] VGC 2024 Reg H","players":["zz07","VGCLTH Rain"],"log":"|raw|<div class=\"broadcast-blue\"><strong>This battle is required to be public due to a player having a name starting with 'vgclth'.<\/div>\n|j|\u2606zz07\n|j|\u2606VGCLTH Rain\n|t:|1732249030\n|gametype|doubles\n|player|p1|zz07|cynthia|1671\n|player|p2|VGCLTH Rain|102|1701\n|teamsize|p1|6\n|teamsize|p2|6\n|gen|9\n|tier|[Gen 9] VGC 2024 Reg H\n|rated|\n|rule|Species Clause: Limit one of each Pok\u00e9mon\n|rule|Item Clause: Limit 1 of each item\n|clearpoke\n|poke|p1|Dragapult, L50, M|\n|poke|p1|Kingambit, L50, M|\n|poke|p1|Volcarona, L50, M|\n|poke|p1|Rillaboom, L50, M|\n|poke|p1|Primarina, L50, F|\n|poke|p1|Sneasler, L50, M|\n|poke|p2|Typhlosion-Hisui, L50, M|\n|poke|p2|Glimmora, L50, M|\n|poke|p2|Grimmsnarl, L50, M|\n|poke|p2|Whimsicott, L50, F|\n|poke|p2|Ursaluna-Bloodmoon, L50, M|\n|poke|p2|Dusclops, L50, F|\n|teampreview|4\n|inactive|Battle timer is ON: inactive players will automatically lose when time's up. (requested by VGCLTH Rain)\n|\n|t:|1732249060\n|start\n|switch|p1a: Dragapult|Dragapult, L50, M, shiny|100\/100\n|switch|p1b: Kingambit|Kingambit, L50, M, shiny|100\/100\n|switch|p2a: Glimmora|Glimmora, L50, M|100\/100\n|switch|p2b: Grimmsnarl|Grimmsnarl, L50, M|100\/100\n|turn|1\n|\n|t:|1732249081\n|-terastallize|p1a: Dragapult|Dragon\n|move|p2b: Grimmsnarl|Reflect|p2b: Grimmsnarl\n|-sidestart|p2: VGCLTH Rain|Reflect\n|move|p1a: Dragapult|Dragon Darts|p2a: Glimmora\n|-damage|p2a: Glimmora|53\/100\n|-activate|p2a: Glimmora|ability: Toxic Debris\n|-sidestart|p1: zz07|move: Toxic Spikes\n|-anim|p1a: Dragapult|Dragon Darts|p2a: Glimmora\n|-damage|p2a: Glimmora|11\/100\n|-activate|p2a: Glimmora|ability: Toxic Debris\n|-sidestart|p1: zz07|move: Toxic Spikes\n|move|p2a: Glimmora|Earth Power|p1b: Kingambit\n|-supereffective|p1b: Kingambit\n|-damage|p1b: Kingambit|40\/100\n|move|p1b: Kingambit|Swords Dance|p1b: Kingambit\n|-boost|p1b: Kingambit|atk|2\n|\n|upkeep\n|turn|2\n|\n|t:|1732249101\n|move|p1a: Dragapult|Dragon Darts|p2a: Glimmora\n|-damage|p2a: Glimmora|0 fnt\n|faint|p2a: Glimmora\n|move|p1b: Kingambit|Kowtow Cleave|p2b: Grimmsnarl\n|-resisted|p2b: Grimmsnarl\n|-damage|p2b: Grimmsnarl|81\/100\n|move|p2b: Grimmsnarl|Spirit Break|p1a: Dragapult\n|-supereffective|p1a: Dragapult\n|-damage|p1a: Dragapult|16\/100\n|\n|upkeep\n|\n|t:|1732249112\n|switch|p2a: Dusclops|Dusclops, L50, F|100\/100\n|-item|p1a: Dragapult|Choice Band|[from] ability: Frisk|[of] p2a: Dusclops\n|-item|p1b: Kingambit|Safety Goggles|[from] ability: Frisk|[of] p2a: Dusclops\n|turn|3\n|j| IceFlambe\n|\n|t:|1732249124\n|switch|p1a: Sneasler|Sneasler, L50, M, shiny|100\/100\n|-sideend|p1: zz07|move: Toxic Spikes|[of] p1a: Sneasler\n|move|p1b: Kingambit|Kowtow Cleave|p2a: Dusclops\n|-supereffective|p2a: Dusclops\n|-crit|p2a: Dusclops\n|-damage|p2a: Dusclops|0 fnt\n|faint|p2a: Dusclops\n|move|p2b: Grimmsnarl|Spirit Break|p1b: Kingambit\n|-damage|p1b: Kingambit|17\/100\n|-unboost|p1b: Kingambit|spa|1\n|-ability|p1b: Kingambit|Defiant|boost\n|-boost|p1b: Kingambit|atk|2\n|\n|upkeep\n|j| lpsu9\n|\n|t:|1732249130\n|switch|p2a: Ursaluna|Ursaluna-Bloodmoon, L50, M|100\/100\n|turn|4\n|\n|t:|1732249148\n|-terastallize|p2a: Ursaluna|Grass\n|move|p1a: Sneasler|Fake Out|p2b: Grimmsnarl\n|-damage|p2b: Grimmsnarl|70\/100\n|move|p1b: Kingambit|Kowtow Cleave|p2a: Ursaluna\n|-damage|p2a: Ursaluna|40\/100\n|cant|p2b: Grimmsnarl|flinch\n|move|p2a: Ursaluna|Hyper Voice|p1b: Kingambit|[spread] p1a,p1b\n|-resisted|p1b: Kingambit\n|-damage|p1a: Sneasler|40\/100\n|-damage|p1b: Kingambit|0 fnt\n|faint|p1b: Kingambit\n|-enditem|p2a: Ursaluna|Throat Spray\n|-boost|p2a: Ursaluna|spa|1|[from] item: Throat Spray\n|\n|upkeep\n|j| derpt36\n|\n|t:|1732249161\n|switch|p1b: Dragapult|Dragapult, L50, M, shiny, tera:Dragon|16\/100\n|turn|5\n|\n|t:|1732249180\n|move|p2a: Ursaluna|Protect|p2a: Ursaluna\n|-singleturn|p2a: Ursaluna|Protect\n|move|p1b: Dragapult|U-turn|p2b: Grimmsnarl\n|-damage|p2b: Grimmsnarl|37\/100\n|\n|t:|1732249185\n|switch|p1b: Primarina|Primarina, L50, F, shiny|100\/100|[from] U-turn\n|move|p1a: Sneasler|Dire Claw|p2a: Ursaluna\n|-activate|p2a: Ursaluna|move: Protect\n|move|p2b: Grimmsnarl|Spirit Break|p1a: Sneasler\n|-damage|p1a: Sneasler|0 fnt\n|faint|p1a: Sneasler\n|\n|upkeep\n|\n|t:|1732249195\n|switch|p1a: Dragapult|Dragapult, L50, M, shiny, tera:Dragon|16\/100\n|turn|6\n|\n|t:|1732249208\n|move|p2b: Grimmsnarl|Light Screen|p2b: Grimmsnarl\n|-sidestart|p2: VGCLTH Rain|move: Light Screen\n|move|p1a: Dragapult|Dragon Darts|p2a: Ursaluna\n|-damage|p2a: Ursaluna|13\/100\n|-anim|p1a: Dragapult|Dragon Darts|p2a: Ursaluna\n|-damage|p2a: Ursaluna|0 fnt\n|faint|p2a: Ursaluna\n|move|p1b: Primarina|Moonblast|p2b: Grimmsnarl\n|-supereffective|p2b: Grimmsnarl\n|-crit|p2b: Grimmsnarl\n|-damage|p2b: Grimmsnarl|0 fnt\n|faint|p2b: Grimmsnarl\n|\n|win|zz07\n|raw|zz07's rating: 1671 &rarr; <strong>1693<\/strong><br \/>(+22 for winning)\n|raw|VGCLTH Rain's rating: 1701 &rarr; <strong>1679<\/strong><br \/>(-22 for losing)\n|l|\u2606VGCLTH Rain\n|player|p2|\n","uploadtime":1732249214,"views":34,"formatid":"gen9vgc2024regh","rating":1679,"private":0,"password":null}