{"id":"gen9vgc2024regh-2248868915","format":"[Gen 9] VGC 2024 Reg H","players":["Mikred","chin8"],"log":"|j|\u2606Mikred\n|j|\u2606chin8\n|t:|1732273286\n|gametype|doubles\n|player|p1|Mikred|170|1710\n|player|p2|chin8|gentleman-gen4dp|1719\n|teamsize|p1|6\n|teamsize|p2|6\n|gen|9\n|tier|[Gen 9] VGC 2024 Reg H\n|rated|\n|rule|Species Clause: Limit one of each Pok\u00e9mon\n|rule|Item Clause: Limit 1 of each item\n|clearpoke\n|poke|p1|Annihilape, L50, M|\n|poke|p1|Whimsicott, L50, F|\n|poke|p1|Archaludon, L50, M|\n|poke|p1|Pelipper, L50, M|\n|poke|p1|Basculegion, L50, M|\n|poke|p1|Rillaboom, L50, F|\n|poke|p2|Baxcalibur, L50, F|\n|poke|p2|Kilowattrel, L50, M|\n|poke|p2|Granbull, L50, M|\n|poke|p2|Gardevoir, L50, M|\n|poke|p2|Magmortar, L50, F|\n|poke|p2|Gholdengo, L50|\n|teampreview|4\n|inactive|Battle timer is ON: inactive players will automatically lose when time's up. (requested by chin8)\n|j| YinXiangShuai520\n|\n|t:|1732273315\n|start\n|switch|p1a: Whimsicott|Whimsicott, L50, F|100\/100\n|switch|p1b: Annihilape|Annihilape, L50, M|100\/100\n|switch|p2a: Baxcalibur|Baxcalibur, L50, F|100\/100\n|switch|p2b: Kilowattrel|Kilowattrel, L50, M|100\/100\n|turn|1\n|j| bluestraggler02\n|\n|t:|1732273333\n|move|p1a: Whimsicott|Tailwind|p1a: Whimsicott\n|-sidestart|p1: Mikred|move: Tailwind\n|move|p1b: Annihilape|Bulk Up|p1b: Annihilape\n|-boost|p1b: Annihilape|atk|1\n|-boost|p1b: Annihilape|def|1\n|move|p2b: Kilowattrel|Tailwind|p2b: Kilowattrel\n|-sidestart|p2: chin8|move: Tailwind\n|move|p2a: Baxcalibur|Glaive Rush|p1b: Annihilape\n|-damage|p1b: Annihilape|57\/100\n|-singlemove|p2a: Baxcalibur|Glaive Rush|[silent]\n|\n|upkeep\n|turn|2\n|\n|t:|1732273357\n|switch|p2a: Gholdengo|Gholdengo, L50|100\/100\n|-terastallize|p1b: Annihilape|Normal\n|move|p2b: Kilowattrel|Thunderbolt|p1b: Annihilape\n|-damage|p1b: Annihilape|20\/100\n|-enditem|p1b: Annihilape|Sitrus Berry|[eat]\n|-heal|p1b: Annihilape|45\/100|[from] item: Sitrus Berry\n|move|p1a: Whimsicott|Beat Up|p1b: Annihilape\n|-damage|p1b: Annihilape|43\/100\n|-damage|p1b: Annihilape|42\/100\n|-damage|p1b: Annihilape|40\/100\n|-damage|p1b: Annihilape|38\/100\n|-hitcount|p1b: Annihilape|4\n|move|p1b: Annihilape|Rage Fist|p2b: Kilowattrel\n|-enditem|p2b: Kilowattrel|Focus Sash\n|-damage|p2b: Kilowattrel|1\/100\n|\n|upkeep\n|turn|3\n|inactive|chin8 has 30 seconds left.\n|inactive|Mikred has 30 seconds left.\n|\n|t:|1732273394\n|move|p1b: Annihilape|Protect|p1b: Annihilape\n|-singleturn|p1b: Annihilape|Protect\n|move|p2b: Kilowattrel|Thunderbolt|p1b: Annihilape\n|-activate|p1b: Annihilape|move: Protect\n|move|p1a: Whimsicott|Moonblast|p2b: Kilowattrel\n|-damage|p2b: Kilowattrel|0 fnt\n|faint|p2b: Kilowattrel\n|move|p2a: Gholdengo|Make It Rain|p1b: Annihilape|[spread] p1a\n|-activate|p1b: Annihilape|move: Protect\n|-supereffective|p1a: Whimsicott\n|-damage|p1a: Whimsicott|0 fnt\n|-unboost|p2a: Gholdengo|spa|1\n|faint|p1a: Whimsicott\n|\n|upkeep\n|\n|t:|1732273410\n|switch|p2b: Magmortar|Magmortar, L50, F|100\/100\n|switch|p1a: Rillaboom|Rillaboom, L50, F|100\/100\n|-fieldstart|move: Grassy Terrain|[from] ability: Grassy Surge|[of] p1a: Rillaboom\n|turn|4\n|\n|t:|1732273423\n|move|p2a: Gholdengo|Protect|p2a: Gholdengo\n|-singleturn|p2a: Gholdengo|Protect\n|move|p2b: Magmortar|Protect|p2b: Magmortar\n|-singleturn|p2b: Magmortar|Protect\n|move|p1a: Rillaboom|Fake Out|p2b: Magmortar\n|-activate|p2b: Magmortar|move: Protect\n|move|p1b: Annihilape|Rage Fist|p2a: Gholdengo\n|-activate|p2a: Gholdengo|move: Protect\n|\n|-heal|p1b: Annihilape|44\/100|[from] Grassy Terrain\n|-sideend|p1: Mikred|move: Tailwind\n|-sideend|p2: chin8|move: Tailwind\n|upkeep\n|turn|5\n|\n|t:|1732273438\n|switch|p1a: Pelipper|Pelipper, L50, M|100\/100\n|-weather|RainDance|[from] ability: Drizzle|[of] p1a: Pelipper\n|move|p1b: Annihilape|Protect|p1b: Annihilape\n|-singleturn|p1b: Annihilape|Protect\n|move|p2b: Magmortar|Follow Me|p2b: Magmortar\n|-singleturn|p2b: Magmortar|move: Follow Me\n|move|p2a: Gholdengo|Nasty Plot|p2a: Gholdengo\n|-boost|p2a: Gholdengo|spa|2\n|\n|-weather|RainDance|[upkeep]\n|-heal|p1b: Annihilape|50\/100|[from] Grassy Terrain\n|upkeep\n|turn|6\n|\n|t:|1732273454\n|switch|p1b: Rillaboom|Rillaboom, L50, F|100\/100\n|-terastallize|p2b: Magmortar|Normal\n|move|p2b: Magmortar|Follow Me|p2b: Magmortar\n|-singleturn|p2b: Magmortar|move: Follow Me\n|move|p1a: Pelipper|Tailwind|p1a: Pelipper\n|-sidestart|p1: Mikred|move: Tailwind\n|move|p2a: Gholdengo|Shadow Ball|p1b: Rillaboom\n|-damage|p1b: Rillaboom|14\/100\n|\n|-weather|RainDance|[upkeep]\n|-heal|p1b: Rillaboom|20\/100|[from] Grassy Terrain\n|-heal|p1b: Rillaboom|26\/100|[from] item: Leftovers\n|upkeep\n|turn|7\n|\n|t:|1732273472\n|switch|p2b: Baxcalibur|Baxcalibur, L50, F|100\/100\n|move|p1b: Rillaboom|Wood Hammer|p2b: Baxcalibur\n|-resisted|p2b: Baxcalibur\n|-damage|p2b: Baxcalibur|57\/100\n|-damage|p1b: Rillaboom|9\/100|[from] Recoil\n|move|p1a: Pelipper|Surf|p2a: Gholdengo|[spread] p1b,p2a,p2b\n|-resisted|p1b: Rillaboom\n|-resisted|p2b: Baxcalibur\n|-damage|p1b: Rillaboom|0 fnt\n|-damage|p2a: Gholdengo|54\/100\n|-damage|p2b: Baxcalibur|45\/100\n|faint|p1b: Rillaboom\n|move|p2a: Gholdengo|Shadow Ball|p1a: Pelipper\n|-enditem|p1a: Pelipper|Focus Sash\n|-damage|p1a: Pelipper|1\/100\n|-unboost|p1a: Pelipper|spd|1\n|\n|-weather|RainDance|[upkeep]\n|-heal|p2b: Baxcalibur|51\/100|[from] Grassy Terrain\n|-heal|p2a: Gholdengo|60\/100|[from] Grassy Terrain\n|-heal|p2a: Gholdengo|66\/100|[from] item: Leftovers\n|upkeep\n|\n|t:|1732273491\n|switch|p1b: Annihilape|Annihilape, L50, M, tera:Normal|50\/100\n|turn|8\n|l| YinXiangShuai520\n|\n|t:|1732273514\n|move|p2b: Baxcalibur|Ice Shard|p1a: Pelipper\n|-damage|p1a: Pelipper|0 fnt\n|faint|p1a: Pelipper\n|move|p1b: Annihilape|Rage Fist|p2a: Gholdengo\n|-supereffective|p2a: Gholdengo\n|-damage|p2a: Gholdengo|0 fnt\n|faint|p2a: Gholdengo\n|\n|-weather|RainDance|[upkeep]\n|-heal|p1b: Annihilape|56\/100|[from] Grassy Terrain\n|-heal|p2b: Baxcalibur|57\/100|[from] Grassy Terrain\n|-fieldend|move: Grassy Terrain\n|upkeep\n|\n|t:|1732273518\n|switch|p2a: Magmortar|Magmortar, L50, F, tera:Normal|100\/100\n|turn|9\n|\n|t:|1732273530\n|move|p2a: Magmortar|Follow Me|p2a: Magmortar\n|-singleturn|p2a: Magmortar|move: Follow Me\n|move|p1b: Annihilape|Rage Fist|p2a: Magmortar\n|-immune|p2a: Magmortar\n|move|p2b: Baxcalibur|Glaive Rush|p1b: Annihilape\n|-damage|p1b: Annihilape|0 fnt\n|-singlemove|p2b: Baxcalibur|Glaive Rush|[silent]\n|faint|p1b: Annihilape\n|\n|win|chin8\n|raw|Mikred's rating: 1710 &rarr; <strong>1691<\/strong><br \/>(-19 for losing)\n|raw|chin8's rating: 1719 &rarr; <strong>1738<\/strong><br \/>(+19 for winning)\n|l|\u2606chin8\n|player|p2|\n|l|\u2606Mikred\n|player|p1|\n","uploadtime":1732273794,"views":7,"formatid":"gen9vgc2024regh","rating":1691,"private":0,"password":null}