{"id":"gen9vgc2024regh-2248540149","format":"[Gen 9] VGC 2024 Reg H","players":["Dr Scoob","Amire"],"log":"|j|\u2606Dr Scoob\n|j|\u2606Amire\n|t:|1732224380\n|gametype|doubles\n|player|p1|Dr Scoob|1|1704\n|player|p2|Amire|flint|1740\n|teamsize|p1|6\n|teamsize|p2|6\n|gen|9\n|tier|[Gen 9] VGC 2024 Reg H\n|rated|\n|rule|Species Clause: Limit one of each Pok\u00e9mon\n|rule|Item Clause: Limit 1 of each item\n|clearpoke\n|poke|p1|Ursaluna-Bloodmoon, L50, M|\n|poke|p1|Incineroar, L50, F|\n|poke|p1|Annihilape, L50, M|\n|poke|p1|Rillaboom, L50, F|\n|poke|p1|Whimsicott, L50, M|\n|poke|p1|Gholdengo, L50|\n|poke|p2|Gholdengo, L50|\n|poke|p2|Stonjourner, L50, F|\n|poke|p2|Talonflame, L50, M|\n|poke|p2|Ursaluna-Bloodmoon, L50, M|\n|poke|p2|Dragonite, L50, F|\n|poke|p2|Rillaboom, L50, M|\n|teampreview|4\n|j| Kpxbrothers\n|c|\u2606Amire|Good luck mate\n|\n|t:|1732224407\n|start\n|switch|p1a: Monkey Business|Annihilape, L50, M|100\/100\n|switch|p1b: UnBEARable|Ursaluna-Bloodmoon, L50, M|100\/100\n|switch|p2a: Stonjourner|Stonjourner, L50, F, shiny|100\/100\n|switch|p2b: Ursaluna|Ursaluna-Bloodmoon, L50, M|100\/100\n|turn|1\n|inactive|Battle timer is ON: inactive players will automatically lose when time's up. (requested by Amire)\n|c|\u2606Dr Scoob|thx u 2\n|j| ChefL\n|\n|t:|1732224428\n|-terastallize|p1b: UnBEARable|Normal\n|move|p2a: Stonjourner|Low Kick|p1b: UnBEARable\n|-supereffective|p1b: UnBEARable\n|-damage|p1b: UnBEARable|36\/100\n|move|p1a: Monkey Business|Drain Punch|p2b: Ursaluna\n|-supereffective|p2b: Ursaluna\n|-damage|p2b: Ursaluna|44\/100\n|move|p1b: UnBEARable|Blood Moon|p2b: Ursaluna\n|-damage|p2b: Ursaluna|0 fnt\n|faint|p2b: Ursaluna\n|\n|upkeep\n|inactive|Amire has 30 seconds left.\n|\n|t:|1732224455\n|switch|p2b: Gholdengo|Gholdengo, L50|100\/100\n|turn|2\n|\n|t:|1732224463\n|move|p2b: Gholdengo|Shadow Ball|p1a: Monkey Business\n|-supereffective|p1a: Monkey Business\n|-damage|p1a: Monkey Business|0 fnt\n|faint|p1a: Monkey Business\n|-damage|p2b: Gholdengo|91\/100|[from] item: Life Orb\n|move|p2a: Stonjourner|Low Kick|p1b: UnBEARable\n|-supereffective|p1b: UnBEARable\n|-damage|p1b: UnBEARable|0 fnt\n|faint|p1b: UnBEARable\n|\n|upkeep\n|\n|t:|1732224468\n|switch|p1a: John Cenaroar|Incineroar, L50, F|100\/100\n|switch|p1b: Capitalism|Gholdengo, L50|100\/100\n|-ability|p1a: John Cenaroar|Intimidate|boost\n|-unboost|p2a: Stonjourner|atk|1\n|-unboost|p2b: Gholdengo|atk|1\n|turn|3\n|j| kyo9t\n|\n|t:|1732224481\n|move|p2b: Gholdengo|Protect|p2b: Gholdengo\n|-singleturn|p2b: Gholdengo|Protect\n|move|p2a: Stonjourner|Protect|p2a: Stonjourner\n|-singleturn|p2a: Stonjourner|Protect\n|move|p1a: John Cenaroar|Fake Out|p2a: Stonjourner\n|-activate|p2a: Stonjourner|move: Protect\n|move|p1b: Capitalism|Shadow Ball|p2b: Gholdengo\n|-activate|p2b: Gholdengo|move: Protect\n|\n|upkeep\n|turn|4\n|\n|t:|1732224499\n|-terastallize|p2b: Gholdengo|Dark\n|move|p1b: Capitalism|Shadow Ball|p2b: Gholdengo\n|-resisted|p2b: Gholdengo\n|-damage|p2b: Gholdengo|54\/100\n|-unboost|p2b: Gholdengo|spd|1\n|move|p2b: Gholdengo|Shadow Ball|p1b: Capitalism\n|-supereffective|p1b: Capitalism\n|-damage|p1b: Capitalism|0 fnt\n|faint|p1b: Capitalism\n|-damage|p2b: Gholdengo|45\/100|[from] item: Life Orb\n|move|p2a: Stonjourner|Rock Slide|p1a: John Cenaroar\n|-supereffective|p1a: John Cenaroar\n|-damage|p1a: John Cenaroar|47\/100\n|-enditem|p1a: John Cenaroar|Sitrus Berry|[eat]\n|-heal|p1a: John Cenaroar|72\/100|[from] item: Sitrus Berry\n|move|p1a: John Cenaroar|Knock Off|p2a: Stonjourner\n|-damage|p2a: Stonjourner|68\/100\n|-enditem|p2a: Stonjourner|Focus Sash|[from] move: Knock Off|[of] p1a: John Cenaroar\n|\n|upkeep\n|turn|5\n|-message|Dr Scoob forfeited.\n|\n|win|Amire\n|raw|Dr Scoob's rating: 1704 &rarr; <strong>1686<\/strong><br \/>(-18 for losing)\n|raw|Amire's rating: 1740 &rarr; <strong>1758<\/strong><br \/>(+18 for winning)\n|l|\u2606Dr Scoob\n|player|p1|\n|c|\u2606Amire|gg mate\n|l| ChefL\n","uploadtime":1732224689,"views":15,"formatid":"gen9vgc2024regh","rating":1686,"private":0,"password":null}