{"id":"gen9vgc2024regh-2248795437","format":"[Gen 9] VGC 2024 Reg H","players":["Djjwjwwjj","VGCLTH Sir Aaron"],"log":"|raw|<div class=\"broadcast-blue\"><strong>This battle is required to be public due to a player having a name starting with 'vgclth'.<\/div>\n|j|\u2606Djjwjwwjj\n|j|\u2606VGCLTH Sir Aaron\n|t:|1732259571\n|gametype|doubles\n|player|p1|Djjwjwwjj|266|1754\n|player|p2|VGCLTH Sir Aaron|red-masters3|1749\n|teamsize|p1|6\n|teamsize|p2|6\n|gen|9\n|tier|[Gen 9] VGC 2024 Reg H\n|rated|\n|rule|Species Clause: Limit one of each Pok\u00e9mon\n|rule|Item Clause: Limit 1 of each item\n|clearpoke\n|poke|p1|Palafin, L50, F|\n|poke|p1|Pelipper, L50, M|\n|poke|p1|Incineroar, L50, F|\n|poke|p1|Rillaboom, L50, F|\n|poke|p1|Gholdengo, L50|\n|poke|p1|Clefable, L50, F|\n|poke|p2|Azumarill, L50, F|\n|poke|p2|Archaludon, L50, F|\n|poke|p2|Arcanine, L50, M|\n|poke|p2|Electabuzz, L50, M|\n|poke|p2|Rillaboom, L50, F|\n|poke|p2|Dragonite, L50, F|\n|teampreview|4\n|\n|t:|1732259616\n|start\n|switch|p1a: Gholdengo|Gholdengo, L50|100\/100\n|switch|p1b: Incineroar|Incineroar, L50, F|100\/100\n|switch|p2a: Azumarill|Azumarill, L50, F|100\/100\n|switch|p2b: Electabuzz|Electabuzz, L50, M|100\/100\n|-ability|p1b: Incineroar|Intimidate|boost\n|-unboost|p2a: Azumarill|atk|1\n|-unboost|p2b: Electabuzz|atk|1\n|turn|1\n|\n|t:|1732259628\n|move|p2a: Azumarill|Protect|p2a: Azumarill\n|-singleturn|p2a: Azumarill|Protect\n|move|p1b: Incineroar|Fake Out|p2a: Azumarill\n|-activate|p2a: Azumarill|move: Protect\n|move|p1a: Gholdengo|Nasty Plot|p1a: Gholdengo\n|-boost|p1a: Gholdengo|spa|2\n|move|p2b: Electabuzz|Electroweb|p1b: Incineroar|[spread] p1a,p1b\n|-damage|p1a: Gholdengo|87\/100\n|-damage|p1b: Incineroar|87\/100\n|-unboost|p1a: Gholdengo|spe|1\n|-unboost|p1b: Incineroar|spe|1\n|\n|upkeep\n|turn|2\n|\n|t:|1732259648\n|-terastallize|p2a: Azumarill|Water\n|move|p2b: Electabuzz|Follow Me|p2b: Electabuzz\n|-singleturn|p2b: Electabuzz|move: Follow Me\n|move|p1a: Gholdengo|Make It Rain|p2b: Electabuzz|[spread] p2a,p2b\n|-resisted|p2a: Azumarill\n|-resisted|p2b: Electabuzz\n|-damage|p2a: Azumarill|30\/100\n|-damage|p2b: Electabuzz|57\/100\n|-unboost|p1a: Gholdengo|spa|1\n|-enditem|p2a: Azumarill|Sitrus Berry|[eat]\n|-heal|p2a: Azumarill|55\/100|[from] item: Sitrus Berry\n|-damage|p1a: Gholdengo|78\/100|[from] item: Life Orb\n|move|p2a: Azumarill|Belly Drum|p2a: Azumarill\n|-damage|p2a: Azumarill|5\/100\n|-setboost|p2a: Azumarill|atk|6|[from] move: Belly Drum\n|move|p1b: Incineroar|Parting Shot|p2b: Electabuzz\n|-unboost|p2b: Electabuzz|atk|1\n|-unboost|p2b: Electabuzz|spa|1\n|\n|t:|1732259671\n|switch|p1b: Clefable|Clefable, L50, F|100\/100|[from] Parting Shot\n|\n|upkeep\n|turn|3\n|\n|t:|1732259690\n|move|p2a: Azumarill|Protect|p2a: Azumarill\n|-singleturn|p2a: Azumarill|Protect\n|move|p1b: Clefable|Follow Me|p1b: Clefable\n|-singleturn|p1b: Clefable|move: Follow Me\n|move|p2b: Electabuzz|Electroweb|p1a: Gholdengo|[spread] p1a,p1b\n|-damage|p1a: Gholdengo|68\/100\n|-damage|p1b: Clefable|90\/100\n|-unboost|p1a: Gholdengo|spe|1\n|-unboost|p1b: Clefable|spe|1\n|move|p1a: Gholdengo|Nasty Plot|p1a: Gholdengo\n|-boost|p1a: Gholdengo|spa|2\n|\n|upkeep\n|turn|4\n|\n|t:|1732259705\n|move|p1b: Clefable|Follow Me|p1b: Clefable\n|-singleturn|p1b: Clefable|move: Follow Me\n|move|p2a: Azumarill|Aqua Jet|p1b: Clefable\n|-damage|p1b: Clefable|61\/100\n|move|p2b: Electabuzz|Electroweb|p1a: Gholdengo|[spread] p1a,p1b\n|-damage|p1a: Gholdengo|57\/100\n|-damage|p1b: Clefable|50\/100\n|-unboost|p1a: Gholdengo|spe|1\n|-unboost|p1b: Clefable|spe|1\n|move|p1a: Gholdengo|Make It Rain|p2a: Azumarill|[spread] p2a,p2b\n|-resisted|p2a: Azumarill\n|-resisted|p2b: Electabuzz\n|-damage|p2a: Azumarill|0 fnt\n|-damage|p2b: Electabuzz|0 fnt\n|-unboost|p1a: Gholdengo|spa|1\n|faint|p2a: Azumarill\n|faint|p2b: Electabuzz\n|-damage|p1a: Gholdengo|48\/100|[from] item: Life Orb\n|\n|upkeep\n|\n|t:|1732259722\n|switch|p2b: Archaludon|Archaludon, L50, F|100\/100\n|switch|p2a: Rillaboom|Rillaboom, L50, F|100\/100\n|-fieldstart|move: Grassy Terrain|[from] ability: Grassy Surge|[of] p2a: Rillaboom\n|turn|5\n|\n|t:|1732259734\n|move|p1a: Gholdengo|Protect|p1a: Gholdengo\n|-singleturn|p1a: Gholdengo|Protect\n|move|p1b: Clefable|Protect|p1b: Clefable\n|-singleturn|p1b: Clefable|Protect\n|move|p2a: Rillaboom|Fake Out|p1b: Clefable\n|-activate|p1b: Clefable|move: Protect\n|move|p2b: Archaludon|Electro Shot||[still]\n|-prepare|p2b: Archaludon|Electro Shot\n|-boost|p2b: Archaludon|spa|1\n|-enditem|p2b: Archaludon|Power Herb\n|-anim|p2b: Archaludon|Electro Shot|p1b: Clefable\n|-activate|p1b: Clefable|move: Protect\n|\n|-heal|p1a: Gholdengo|54\/100|[from] Grassy Terrain\n|-heal|p1b: Clefable|56\/100|[from] Grassy Terrain\n|upkeep\n|turn|6\n|\n|t:|1732259765\n|move|p1b: Clefable|Follow Me|p1b: Clefable\n|-singleturn|p1b: Clefable|move: Follow Me\n|move|p2b: Archaludon|Thunderbolt|p1b: Clefable\n|-damage|p1b: Clefable|31\/100\n|move|p2a: Rillaboom|High Horsepower|p1b: Clefable\n|-damage|p1b: Clefable|0 fnt\n|faint|p1b: Clefable\n|move|p1a: Gholdengo|Shadow Ball|p2b: Archaludon\n|-ability|p2b: Archaludon|Sturdy\n|-damage|p2b: Archaludon|1\/100\n|-damage|p1a: Gholdengo|45\/100|[from] item: Life Orb\n|\n|-heal|p2b: Archaludon|7\/100|[from] Grassy Terrain\n|-heal|p1a: Gholdengo|51\/100|[from] Grassy Terrain\n|upkeep\n|\n|t:|1732259781\n|switch|p1b: Incineroar|Incineroar, L50, F|87\/100\n|-ability|p1b: Incineroar|Intimidate|boost\n|-unboost|p2a: Rillaboom|atk|1\n|-unboost|p2b: Archaludon|atk|1\n|turn|7\n|\n|t:|1732259795\n|move|p1b: Incineroar|Fake Out|p2b: Archaludon\n|-resisted|p2b: Archaludon\n|-damage|p2b: Archaludon|2\/100\n|cant|p2b: Archaludon|flinch\n|move|p2a: Rillaboom|High Horsepower|p1a: Gholdengo\n|-supereffective|p1a: Gholdengo\n|-damage|p1a: Gholdengo|0 fnt\n|faint|p1a: Gholdengo\n|\n|-heal|p2b: Archaludon|8\/100|[from] Grassy Terrain\n|-heal|p1b: Incineroar|93\/100|[from] Grassy Terrain\n|upkeep\n|\n|t:|1732259806\n|switch|p1a: Rillaboom|Rillaboom, L50, F|100\/100\n|turn|8\n|\n|t:|1732259829\n|move|p2b: Archaludon|Protect|p2b: Archaludon\n|-singleturn|p2b: Archaludon|Protect\n|move|p1a: Rillaboom|Fake Out|p2a: Rillaboom\n|-damage|p2a: Rillaboom|85\/100\n|cant|p2a: Rillaboom|flinch\n|move|p1b: Incineroar|Flare Blitz|p2a: Rillaboom\n|-supereffective|p2a: Rillaboom\n|-damage|p2a: Rillaboom|0 fnt\n|faint|p2a: Rillaboom\n|-damage|p1b: Incineroar|65\/100|[from] Recoil\n|\n|-heal|p2b: Archaludon|14\/100|[from] Grassy Terrain\n|-heal|p1b: Incineroar|71\/100|[from] Grassy Terrain\n|upkeep\n|turn|9\n|\n|t:|1732259848\n|-terastallize|p1a: Rillaboom|Grass\n|move|p2b: Archaludon|Dragon Pulse|p1b: Incineroar\n|-damage|p1b: Incineroar|0 fnt\n|faint|p1b: Incineroar\n|move|p1a: Rillaboom|Wood Hammer|p2b: Archaludon\n|-resisted|p2b: Archaludon\n|-damage|p2b: Archaludon|0 fnt\n|faint|p2b: Archaludon\n|-damage|p1a: Rillaboom|97\/100|[from] Recoil\n|\n|win|Djjwjwwjj\n|raw|Djjwjwwjj's rating: 1754 &rarr; <strong>1774<\/strong><br \/>(+20 for winning)\n|raw|VGCLTH Sir Aaron's rating: 1749 &rarr; <strong>1729<\/strong><br \/>(-20 for losing)\n|l|\u2606Djjwjwwjj\n|player|p1|\n|l|\u2606VGCLTH Sir Aaron\n|player|p2|\n|j|\u2606VGCLTH Sir Aaron\n|player|p2|VGCLTH Sir Aaron|red-masters3|\n","uploadtime":1732260060,"views":18,"formatid":"gen9vgc2024regh","rating":1729,"private":0,"password":null}