{"id":"gen9vgc2024regh-2248849980","format":"[Gen 9] VGC 2024 Reg H","players":["AAASSS2323","chin8"],"log":"|j|\u2606AAASSS2323\n|j|\u2606chin8\n|t:|1732269977\n|gametype|doubles\n|player|p1|AAASSS2323|266|1726\n|player|p2|chin8|gentleman-gen4dp|1693\n|teamsize|p1|6\n|teamsize|p2|6\n|gen|9\n|tier|[Gen 9] VGC 2024 Reg H\n|rated|\n|rule|Species Clause: Limit one of each Pok\u00e9mon\n|rule|Item Clause: Limit 1 of each item\n|clearpoke\n|poke|p1|Dondozo, L50, F|\n|poke|p1|Tatsugiri, L50, F|\n|poke|p1|Ursaluna-Bloodmoon, L50, M|\n|poke|p1|Volbeat, L50, M|\n|poke|p1|Meowscarada, L50, M|\n|poke|p1|Volcarona, L50, F|\n|poke|p2|Baxcalibur, L50, F|\n|poke|p2|Kilowattrel, L50, F|\n|poke|p2|Granbull, L50, F|\n|poke|p2|Gardevoir, L50, F|\n|poke|p2|Magmortar, L50, M|\n|poke|p2|Gholdengo, L50|\n|teampreview|4\n|inactive|Battle timer is ON: inactive players will automatically lose when time's up. (requested by chin8)\n|j| Jalt the 5th\n|j| serena sukidese\n|inactive|AAASSS2323 has 60 seconds left.\n|\n|t:|1732270021\n|start\n|switch|p1a: Ursaluna|Ursaluna-Bloodmoon, L50, M|100\/100\n|switch|p1b: Volbeat|Volbeat, L50, M|100\/100\n|switch|p2a: Baxcalibur|Baxcalibur, L50, F|100\/100\n|switch|p2b: Kilowattrel|Kilowattrel, L50, F|100\/100\n|turn|1\n|\n|t:|1732270030\n|-terastallize|p1a: Ursaluna|Ghost\n|move|p1b: Volbeat|Tailwind|p1b: Volbeat\n|-sidestart|p1: AAASSS2323|move: Tailwind\n|move|p1a: Ursaluna|Hyper Voice|p2a: Baxcalibur|[spread] p2a,p2b\n|-damage|p2a: Baxcalibur|80\/100\n|-damage|p2b: Kilowattrel|36\/100\n|-enditem|p1a: Ursaluna|Throat Spray\n|-boost|p1a: Ursaluna|spa|1|[from] item: Throat Spray\n|move|p2b: Kilowattrel|Air Slash|p1a: Ursaluna\n|-damage|p1a: Ursaluna|55\/100\n|move|p2a: Baxcalibur|Icicle Crash|p1a: Ursaluna\n|-damage|p1a: Ursaluna|10\/100\n|\n|upkeep\n|turn|2\n|\n|t:|1732270043\n|move|p1b: Volbeat|Encore|p2a: Baxcalibur\n|-start|p2a: Baxcalibur|Encore\n|move|p2a: Baxcalibur|Icicle Crash|p1b: Volbeat\n|-damage|p1b: Volbeat|46\/100\n|move|p1a: Ursaluna|Hyper Voice|p2b: Kilowattrel|[spread] p2a,p2b\n|-damage|p2a: Baxcalibur|50\/100\n|-damage|p2b: Kilowattrel|0 fnt\n|faint|p2b: Kilowattrel\n|\n|upkeep\n|\n|t:|1732270050\n|switch|p2b: Gholdengo|Gholdengo, L50|100\/100\n|turn|3\n|\n|t:|1732270059\n|move|p1a: Ursaluna|Protect|p1a: Ursaluna\n|-singleturn|p1a: Ursaluna|Protect\n|move|p1b: Volbeat|Taunt|p2a: Baxcalibur\n|-start|p2a: Baxcalibur|move: Taunt\n|move|p2a: Baxcalibur|Icicle Crash|p1a: Ursaluna\n|-activate|p1a: Ursaluna|move: Protect\n|move|p2b: Gholdengo|Make It Rain|p1b: Volbeat|[spread] p1b\n|-activate|p1a: Ursaluna|move: Protect\n|-damage|p1b: Volbeat|0 fnt\n|-unboost|p2b: Gholdengo|spa|1\n|faint|p1b: Volbeat\n|\n|upkeep\n|\n|t:|1732270064\n|switch|p1b: Dondozo|Dondozo, L50, F|100\/100\n|turn|4\n|\n|t:|1732270070\n|move|p1a: Ursaluna|Hyper Voice|p2a: Baxcalibur|[spread] p2a,p2b\n|-resisted|p2b: Gholdengo\n|-damage|p2a: Baxcalibur|22\/100\n|-damage|p2b: Gholdengo|75\/100\n|move|p1b: Dondozo|Substitute|p1b: Dondozo\n|-start|p1b: Dondozo|Substitute\n|-damage|p1b: Dondozo|76\/100\n|move|p2a: Baxcalibur|Icicle Crash|p1a: Ursaluna\n|-damage|p1a: Ursaluna|0 fnt\n|faint|p1a: Ursaluna\n|move|p2b: Gholdengo|Make It Rain|p1b: Dondozo\n|-resisted|p1b: Dondozo\n|-end|p1b: Dondozo|Substitute\n|-unboost|p2b: Gholdengo|spa|1\n|\n|-heal|p1b: Dondozo|82\/100|[from] item: Leftovers\n|-heal|p2b: Gholdengo|81\/100|[from] item: Leftovers\n|-end|p2a: Baxcalibur|Encore\n|-sideend|p1: AAASSS2323|move: Tailwind\n|upkeep\n|\n|t:|1732270075\n|switch|p1a: Tatsugiri|Tatsugiri, L50, F|100\/100\n|-activate|p1a: Tatsugiri|ability: Commander|[of] p1b: Dondozo\n|-boost|p1b: Dondozo|atk|2\n|-boost|p1b: Dondozo|spa|2\n|-boost|p1b: Dondozo|spe|2\n|-boost|p1b: Dondozo|def|2\n|-boost|p1b: Dondozo|spd|2\n|turn|5\n|\n|t:|1732270083\n|move|p1b: Dondozo|Earthquake|p2b: Gholdengo|[spread] p2a,p2b\n|-miss|p1b: Dondozo|p1a: Tatsugiri\n|-supereffective|p2b: Gholdengo\n|-damage|p2a: Baxcalibur|0 fnt\n|-damage|p2b: Gholdengo|0 fnt\n|faint|p2a: Baxcalibur\n|faint|p2b: Gholdengo\n|\n|-heal|p1b: Dondozo|88\/100|[from] item: Leftovers\n|upkeep\n|-message|chin8 forfeited.\n|\n|win|AAASSS2323\n|raw|AAASSS2323's rating: 1726 &rarr; <strong>1744<\/strong><br \/>(+18 for winning)\n|raw|chin8's rating: 1693 &rarr; <strong>1675<\/strong><br \/>(-18 for losing)\n|l|\u2606chin8\n|player|p2|\n|l|\u2606AAASSS2323\n|player|p1|\n|l| serena sukidese\n|j| serena sukidese\n|l| serena sukidese\n|l| Jalt the 5th\n","uploadtime":1732270321,"views":12,"formatid":"gen9vgc2024regh","rating":1675,"private":0,"password":null}