{"id":"gen9vgc2024regh-2248555611","format":"[Gen 9] VGC 2024 Reg H","players":["chin8","Amire"],"log":"|j|\u2606chin8\n|j|\u2606Amire\n|t:|1732225967\n|gametype|doubles\n|player|p1|chin8|gentleman-gen4dp|1739\n|player|p2|Amire|flint|1693\n|teamsize|p1|6\n|teamsize|p2|6\n|gen|9\n|tier|[Gen 9] VGC 2024 Reg H\n|rated|\n|rule|Species Clause: Limit one of each Pok\u00e9mon\n|rule|Item Clause: Limit 1 of each item\n|clearpoke\n|poke|p1|Baxcalibur, L50, M|\n|poke|p1|Kilowattrel, L50, F|\n|poke|p1|Granbull, L50, M|\n|poke|p1|Gardevoir, L50, M|\n|poke|p1|Magmortar, L50, M|\n|poke|p1|Gholdengo, L50|\n|poke|p2|Gholdengo, L50|\n|poke|p2|Stonjourner, L50, F|\n|poke|p2|Talonflame, L50, F|\n|poke|p2|Ursaluna-Bloodmoon, L50, M|\n|poke|p2|Dragonite, L50, M|\n|poke|p2|Rillaboom, L50, M|\n|teampreview|4\n|inactive|Battle timer is ON: inactive players will automatically lose when time's up. (requested by Amire)\n|j| kyo9t\n|c|\u2606Amire|Granbull <3\n|inactive|Amire has 60 seconds left.\n|\n|t:|1732226002\n|start\n|switch|p1a: Kilowattrel|Kilowattrel, L50, F|100\/100\n|switch|p1b: Baxcalibur|Baxcalibur, L50, M|100\/100\n|switch|p2a: Ursaluna|Ursaluna-Bloodmoon, L50, M|100\/100\n|switch|p2b: Gholdengo|Gholdengo, L50|100\/100\n|turn|1\n|c|\u2606chin8|<3\n|\n|t:|1732226020\n|-terastallize|p1b: Baxcalibur|Ground\n|-terastallize|p2a: Ursaluna|Water\n|move|p1a: Kilowattrel|Tailwind|p1a: Kilowattrel\n|-sidestart|p1: chin8|move: Tailwind\n|move|p1b: Baxcalibur|Earthquake|p2b: Gholdengo|[spread] p2a,p2b\n|-immune|p1a: Kilowattrel\n|-supereffective|p2b: Gholdengo\n|-damage|p2a: Ursaluna|67\/100\n|-damage|p2b: Gholdengo|4\/100\n|move|p2b: Gholdengo|Make It Rain|p1a: Kilowattrel|[spread] p1a,p1b\n|-resisted|p1a: Kilowattrel\n|-damage|p1a: Kilowattrel|38\/100\n|-damage|p1b: Baxcalibur|67\/100\n|-unboost|p2b: Gholdengo|spa|1\n|-damage|p2b: Gholdengo|0 fnt|[from] item: Life Orb\n|faint|p2b: Gholdengo\n|move|p2a: Ursaluna|Hyper Voice|p1a: Kilowattrel|[spread] p1a,p1b\n|-crit|p1a: Kilowattrel\n|-damage|p1a: Kilowattrel|0 fnt\n|-damage|p1b: Baxcalibur|44\/100\n|faint|p1a: Kilowattrel\n|\n|upkeep\n|inactive|Amire has 30 seconds left.\n|\n|t:|1732226047\n|switch|p1a: Granbull|Granbull, L50, M|100\/100\n|switch|p2b: Rillaboom|Rillaboom, L50, M|100\/100\n|-ability|p1a: Granbull|Intimidate|boost\n|-unboost|p2a: Ursaluna|atk|1\n|-unboost|p2b: Rillaboom|atk|1\n|-fieldstart|move: Grassy Terrain|[from] ability: Grassy Surge|[of] p2b: Rillaboom\n|turn|2\n|\n|t:|1732226059\n|switch|p1b: Gholdengo|Gholdengo, L50|100\/100\n|move|p2b: Rillaboom|Grassy Glide|p1b: Gholdengo\n|-resisted|p1b: Gholdengo\n|-damage|p1b: Gholdengo|87\/100\n|move|p2a: Ursaluna|Vacuum Wave|p1b: Gholdengo\n|-supereffective|p1b: Gholdengo\n|-damage|p1b: Gholdengo|56\/100\n|move|p1a: Granbull|Play Rough|p2a: Ursaluna\n|-damage|p2a: Ursaluna|38\/100\n|\n|-heal|p1b: Gholdengo|62\/100|[from] Grassy Terrain\n|-heal|p1b: Gholdengo|68\/100|[from] item: Leftovers\n|-heal|p2a: Ursaluna|44\/100|[from] Grassy Terrain\n|upkeep\n|turn|3\n|\n|t:|1732226083\n|move|p2a: Ursaluna|Vacuum Wave|p1b: Gholdengo\n|-supereffective|p1b: Gholdengo\n|-damage|p1b: Gholdengo|40\/100\n|move|p1b: Gholdengo|Shadow Ball|p2a: Ursaluna\n|-damage|p2a: Ursaluna|12\/100\n|-unboost|p2a: Ursaluna|spd|1\n|move|p1a: Granbull|Play Rough|p2a: Ursaluna\n|-damage|p2a: Ursaluna|0 fnt\n|faint|p2a: Ursaluna\n|move|p2b: Rillaboom|High Horsepower|p1b: Gholdengo\n|-supereffective|p1b: Gholdengo\n|-damage|p1b: Gholdengo|0 fnt\n|faint|p1b: Gholdengo\n|\n|upkeep\n|\n|t:|1732226096\n|switch|p1b: Baxcalibur|Baxcalibur, L50, M, tera:Ground|44\/100\n|switch|p2a: Stonjourner|Stonjourner, L50, F, shiny|100\/100\n|turn|4\n|\n|t:|1732226106\n|move|p2a: Stonjourner|Wide Guard|p2a: Stonjourner\n|-singleturn|p2a: Stonjourner|Wide Guard\n|move|p1b: Baxcalibur|Ice Shard|p2a: Stonjourner\n|-damage|p2a: Stonjourner|81\/100\n|move|p2b: Rillaboom|Grassy Glide|p1b: Baxcalibur\n|-supereffective|p1b: Baxcalibur\n|-damage|p1b: Baxcalibur|0 fnt\n|faint|p1b: Baxcalibur\n|move|p1a: Granbull|Close Combat|p2a: Stonjourner\n|-supereffective|p2a: Stonjourner\n|-damage|p2a: Stonjourner|26\/100\n|-unboost|p1a: Granbull|def|1\n|-unboost|p1a: Granbull|spd|1\n|\n|-heal|p2a: Stonjourner|32\/100|[from] Grassy Terrain\n|-sideend|p1: chin8|move: Tailwind\n|upkeep\n|turn|5\n|-message|chin8 forfeited.\n|\n|win|Amire\n|raw|chin8's rating: 1739 &rarr; <strong>1716<\/strong><br \/>(-23 for losing)\n|raw|Amire's rating: 1693 &rarr; <strong>1716<\/strong><br \/>(+23 for winning)\n|l|\u2606chin8\n|player|p1|\n|l| kyo9t\n","uploadtime":1732226389,"views":15,"formatid":"gen9vgc2024regh","rating":1716,"private":0,"password":null}