{"id":"gen9vgc2024regh-2248153750","format":"[Gen 9] VGC 2024 Reg H","players":["tttCHORIttt","zip520520"],"log":"|j|\u2606tttCHORIttt\n|j|\u2606zip520520\n|t:|1732181278\n|gametype|doubles\n|player|p1|tttCHORIttt|2|1690\n|player|p2|zip520520|265|1703\n|teamsize|p1|6\n|teamsize|p2|6\n|gen|9\n|tier|[Gen 9] VGC 2024 Reg H\n|rated|\n|rule|Species Clause: Limit one of each Pok\u00e9mon\n|rule|Item Clause: Limit 1 of each item\n|clearpoke\n|poke|p1|Jumpluff, L50, F|\n|poke|p1|Ursaluna-Bloodmoon, L50, M|\n|poke|p1|Torkoal, L50, M|\n|poke|p1|Dragonite, L50, F|\n|poke|p1|Mimikyu, L50, M|\n|poke|p1|Rillaboom, L50, M|\n|poke|p2|Volcarona, L50, M|\n|poke|p2|Sneasler, L50, F|\n|poke|p2|Garchomp, L50, M|\n|poke|p2|Whimsicott, L50, M|\n|poke|p2|Rillaboom, L50, F|\n|poke|p2|Dondozo, L50, F|\n|teampreview|4\n|inactive|Battle timer is ON: inactive players will automatically lose when time's up. (requested by zip520520)\n|inactive|zip520520 has 60 seconds left.\n|\n|t:|1732181322\n|start\n|switch|p1a: Mimikyu|Mimikyu, L50, M|100\/100\n|switch|p1b: Ursaluna|Ursaluna-Bloodmoon, L50, M|100\/100\n|switch|p2a: Volcarona|Volcarona, L50, M|100\/100\n|switch|p2b: Whimsicott|Whimsicott, L50, M|100\/100\n|turn|1\n|\n|t:|1732181341\n|move|p2b: Whimsicott|Sunny Day|p2b: Whimsicott\n|-weather|SunnyDay\n|move|p2a: Volcarona|Heat Wave|p1a: Mimikyu|[spread] p1a,p1b\n|-activate|p1a: Mimikyu|ability: Disguise\n|-damage|p1a: Mimikyu|100\/100\n|-damage|p1b: Ursaluna|12\/100\n|detailschange|p1a: Mimikyu|Mimikyu-Busted, L50, M\n|-damage|p1a: Mimikyu|88\/100|[from] pokemon: Mimikyu-Busted\n|move|p1b: Ursaluna|Blood Moon|p2a: Volcarona\n|-damage|p2a: Volcarona|0 fnt\n|faint|p2a: Volcarona\n|-damage|p1b: Ursaluna|2\/100|[from] item: Life Orb\n|move|p1a: Mimikyu|Trick Room|p1a: Mimikyu\n|-fieldstart|move: Trick Room|[of] p1a: Mimikyu\n|\n|-weather|SunnyDay|[upkeep]\n|upkeep\n|inactive|zip520520 has 30 seconds left.\n|\n|t:|1732181367\n|switch|p2a: Rillaboom|Rillaboom, L50, F|100\/100\n|-fieldstart|move: Grassy Terrain|[from] ability: Grassy Surge|[of] p2a: Rillaboom\n|turn|2\n|\n|t:|1732181379\n|move|p2b: Whimsicott|Encore|p1a: Mimikyu\n|-start|p1a: Mimikyu|Encore\n|-enditem|p1a: Mimikyu|Mental Herb\n|-end|p1a: Mimikyu|Encore\n|move|p1a: Mimikyu|Taunt|p2b: Whimsicott\n|-start|p2b: Whimsicott|move: Taunt\n|move|p1b: Ursaluna|Hyper Voice|p2b: Whimsicott|[spread] p2a,p2b\n|-damage|p2a: Rillaboom|59\/100\n|-damage|p2b: Whimsicott|36\/100\n|-damage|p1b: Ursaluna|0 fnt|[from] item: Life Orb\n|faint|p1b: Ursaluna\n|move|p2a: Rillaboom|High Horsepower|p1a: Mimikyu\n|-damage|p1a: Mimikyu|42\/100\n|\n|-weather|SunnyDay|[upkeep]\n|-heal|p1a: Mimikyu|48\/100|[from] Grassy Terrain\n|-heal|p2a: Rillaboom|65\/100|[from] Grassy Terrain\n|-heal|p2b: Whimsicott|42\/100|[from] Grassy Terrain\n|upkeep\n|\n|t:|1732181398\n|switch|p1b: Torkoal|Torkoal, L50, M|100\/100\n|turn|3\n|\n|t:|1732181414\n|-terastallize|p2a: Rillaboom|Fire\n|move|p1a: Mimikyu|Shadow Sneak|p2a: Rillaboom\n|-damage|p2a: Rillaboom|47\/100\n|move|p1b: Torkoal|Eruption|p2b: Whimsicott|[spread] p2a,p2b\n|-resisted|p2a: Rillaboom\n|-supereffective|p2b: Whimsicott\n|-damage|p2a: Rillaboom|18\/100\n|-damage|p2b: Whimsicott|0 fnt\n|faint|p2b: Whimsicott\n|move|p2a: Rillaboom|High Horsepower|p1b: Torkoal\n|-supereffective|p1b: Torkoal\n|-damage|p1b: Torkoal|47\/100\n|\n|-weather|SunnyDay|[upkeep]\n|-heal|p1b: Torkoal|54\/100|[from] Grassy Terrain\n|-heal|p1a: Mimikyu|54\/100|[from] Grassy Terrain\n|-heal|p2a: Rillaboom|24\/100|[from] Grassy Terrain\n|upkeep\n|\n|t:|1732181431\n|switch|p2b: Sneasler|Sneasler, L50, F|100\/100\n|turn|4\n|\n|t:|1732181447\n|move|p1b: Torkoal|Protect|p1b: Torkoal\n|-singleturn|p1b: Torkoal|Protect\n|move|p1a: Mimikyu|Shadow Sneak|p2b: Sneasler\n|-damage|p2b: Sneasler|68\/100\n|move|p2a: Rillaboom|Grassy Glide|p1a: Mimikyu\n|-damage|p1a: Mimikyu|4\/100\n|move|p2b: Sneasler|Close Combat|p1b: Torkoal\n|-activate|p1b: Torkoal|move: Protect\n|\n|-weather|SunnyDay|[upkeep]\n|-heal|p1b: Torkoal|60\/100|[from] Grassy Terrain\n|-heal|p1a: Mimikyu|10\/100|[from] Grassy Terrain\n|-heal|p2a: Rillaboom|30\/100|[from] Grassy Terrain\n|-heal|p2b: Sneasler|74\/100|[from] Grassy Terrain\n|upkeep\n|turn|5\n|\n|t:|1732181468\n|move|p2b: Sneasler|Protect|p2b: Sneasler\n|-singleturn|p2b: Sneasler|Protect\n|move|p1a: Mimikyu|Shadow Sneak|p2a: Rillaboom\n|-damage|p2a: Rillaboom|13\/100\n|move|p2a: Rillaboom|Grassy Glide|p1a: Mimikyu\n|-damage|p1a: Mimikyu|0 fnt\n|faint|p1a: Mimikyu\n|move|p1b: Torkoal|Overheat|p2a: Rillaboom\n|-resisted|p2a: Rillaboom\n|-damage|p2a: Rillaboom|0 fnt\n|-unboost|p1b: Torkoal|spa|2\n|-enditem|p1b: Torkoal|Eject Pack\n|faint|p2a: Rillaboom\n|\n|t:|1732181482\n|switch|p1b: Rillaboom|Rillaboom, L50, M|100\/100\n|\n|-weather|none\n|-heal|p2b: Sneasler|79\/100|[from] Grassy Terrain\n|-fieldend|move: Trick Room\n|upkeep\n|\n|t:|1732181489\n|switch|p1a: Torkoal|Torkoal, L50, M|60\/100\n|-weather|SunnyDay|[from] ability: Drought|[of] p1a: Torkoal\n|turn|6\n|\n|t:|1732181498\n|-terastallize|p1b: Rillaboom|Fire\n|move|p1a: Torkoal|Helping Hand|p1b: Rillaboom\n|-singleturn|p1b: Rillaboom|Helping Hand|[of] p1a: Torkoal\n|move|p2b: Sneasler|Protect|p2b: Sneasler\n|-singleturn|p2b: Sneasler|Protect\n|move|p1b: Rillaboom|High Horsepower|p2b: Sneasler\n|-activate|p2b: Sneasler|move: Protect\n|\n|-weather|SunnyDay|[upkeep]\n|-heal|p2b: Sneasler|85\/100|[from] Grassy Terrain\n|-heal|p1a: Torkoal|66\/100|[from] Grassy Terrain\n|-fieldend|move: Grassy Terrain\n|upkeep\n|turn|7\n|j| xtyeah\n|j| balnam\n|\n|t:|1732181516\n|move|p2b: Sneasler|Dire Claw|p1b: Rillaboom\n|-damage|p1b: Rillaboom|62\/100\n|-status|p1b: Rillaboom|psn\n|move|p1b: Rillaboom|High Horsepower|p2b: Sneasler\n|-supereffective|p2b: Sneasler\n|-damage|p2b: Sneasler|0 fnt\n|faint|p2b: Sneasler\n|\n|win|tttCHORIttt\n|raw|tttCHORIttt's rating: 1690 &rarr; <strong>1711<\/strong><br \/>(+21 for winning)\n|raw|zip520520's rating: 1703 &rarr; <strong>1682<\/strong><br \/>(-21 for losing)\n|l|\u2606zip520520\n|player|p2|\n|l| xtyeah\n|l|\u2606tttCHORIttt\n|player|p1|\n","uploadtime":1732181732,"views":16,"formatid":"gen9vgc2024regh","rating":1682,"private":0,"password":null}