{"id":"gen9vgc2024regh-2248049510","format":"[Gen 9] VGC 2024 Reg H","players":["VGCLTHTornsEnjoyer","Kashino575"],"log":"|raw|<div class=\"broadcast-blue\"><strong>This battle is required to be public due to a player having a name starting with 'vgclth'.<\/div>\n|j|\u2606VGCLTHTornsEnjoyer\n|j|\u2606Kashino575\n|t:|1732162080\n|gametype|doubles\n|player|p1|VGCLTHTornsEnjoyer|turo|1615\n|player|p2|Kashino575|dawn-gen4pt|1718\n|teamsize|p1|6\n|teamsize|p2|6\n|gen|9\n|tier|[Gen 9] VGC 2024 Reg H\n|rated|\n|rule|Species Clause: Limit one of each Pok\u00e9mon\n|rule|Item Clause: Limit 1 of each item\n|clearpoke\n|poke|p1|Gholdengo, L50|\n|poke|p1|Grimmsnarl, L50, M|\n|poke|p1|Whimsicott, L50, M|\n|poke|p1|Ursaluna-Bloodmoon, L50, M|\n|poke|p1|Dragonite, L50, F|\n|poke|p1|Annihilape, L50, M|\n|poke|p2|Kingambit, L50, F|\n|poke|p2|Primarina, L50, F|\n|poke|p2|Sneasler, L50, M|\n|poke|p2|Magmar, L50, F|\n|poke|p2|Rillaboom, L50, F|\n|poke|p2|Dragapult, L50, F|\n|teampreview|4\n|inactive|Battle timer is ON: inactive players will automatically lose when time's up. (requested by VGCLTHTornsEnjoyer)\n|inactive|VGCLTHTornsEnjoyer has 60 seconds left.\n|\n|t:|1732162116\n|start\n|switch|p1a: Gholdengo|Gholdengo, L50|100\/100\n|switch|p1b: Whimsicott|Whimsicott, L50, M|100\/100\n|switch|p2a: Sneasler|Sneasler, L50, M|100\/100\n|switch|p2b: Primarina|Primarina, L50, F|100\/100\n|turn|1\n|inactive|Kashino575 has 30 seconds left.\n|inactive|Kashino575 has 20 seconds left.\n|inactive|Kashino575 has 15 seconds left.\n|\n|t:|1732162161\n|switch|p2b: Magmar|Magmar, L50, F|100\/100\n|-terastallize|p1a: Gholdengo|Steel\n|move|p2a: Sneasler|Protect|p2a: Sneasler\n|-singleturn|p2a: Sneasler|Protect\n|move|p1b: Whimsicott|Tailwind|p1b: Whimsicott\n|-sidestart|p1: VGCLTHTornsEnjoyer|move: Tailwind\n|move|p1a: Gholdengo|Make It Rain|p2b: Magmar|[spread] p2b\n|-activate|p2a: Sneasler|move: Protect\n|-resisted|p2b: Magmar\n|-damage|p2b: Magmar|58\/100\n|-unboost|p1a: Gholdengo|spa|1\n|\n|upkeep\n|turn|2\n|inactive|Kashino575 has 30 seconds left.\n|inactive|Kashino575 has 20 seconds left.\n|inactive|Kashino575 has 15 seconds left.\n|\n|t:|1732162204\n|switch|p2a: Kingambit|Kingambit, L50, F|100\/100\n|move|p1b: Whimsicott|Dazzling Gleam|p2b: Magmar|[spread] p2a,p2b\n|-resisted|p2b: Magmar\n|-damage|p2a: Kingambit|78\/100\n|-damage|p2b: Magmar|49\/100\n|move|p1a: Gholdengo|Make It Rain|p2a: Kingambit|[spread] p2a,p2b\n|-resisted|p2a: Kingambit\n|-resisted|p2b: Magmar\n|-damage|p2a: Kingambit|47\/100\n|-damage|p2b: Magmar|23\/100\n|-unboost|p1a: Gholdengo|spa|1\n|move|p2b: Magmar|Overheat|p1a: Gholdengo\n|-supereffective|p1a: Gholdengo\n|-damage|p1a: Gholdengo|0 fnt\n|-unboost|p2b: Magmar|spa|2\n|faint|p1a: Gholdengo\n|\n|upkeep\n|\n|t:|1732162210\n|switch|p1a: Ursaluna|Ursaluna-Bloodmoon, L50, M|100\/100\n|turn|3\n|inactive|Kashino575 has 30 seconds left.\n|inactive|Kashino575 has 20 seconds left.\n|inactive|Kashino575 has 15 seconds left.\n|inactive|Kashino575 has 10 seconds left.\n|\n|t:|1732162256\n|move|p2b: Magmar|Follow Me|p2b: Magmar\n|-singleturn|p2b: Magmar|move: Follow Me\n|move|p1b: Whimsicott|Dazzling Gleam|p2a: Kingambit|[spread] p2a,p2b\n|-resisted|p2b: Magmar\n|-damage|p2a: Kingambit|25\/100\n|-damage|p2b: Magmar|16\/100\n|move|p1a: Ursaluna|Hyper Voice|p2b: Magmar|[spread] p2a,p2b\n|-resisted|p2a: Kingambit\n|-damage|p2a: Kingambit|4\/100\n|-damage|p2b: Magmar|0 fnt\n|faint|p2b: Magmar\n|move|p2a: Kingambit|Swords Dance|p2a: Kingambit\n|-boost|p2a: Kingambit|atk|2\n|\n|upkeep\n|inactive|Kashino575 has 30 seconds left.\n|\n|t:|1732162283\n|switch|p2b: Sneasler|Sneasler, L50, M|100\/100\n|turn|4\n|\n|t:|1732162304\n|move|p2b: Sneasler|Fake Out|p1b: Whimsicott\n|-damage|p1b: Whimsicott|80\/100\n|move|p1a: Ursaluna|Vacuum Wave|p2a: Kingambit\n|-supereffective|p2a: Kingambit\n|-damage|p2a: Kingambit|0 fnt\n|faint|p2a: Kingambit\n|move|p1b: Whimsicott|Dazzling Gleam|p2b: Sneasler\n|-damage|p2b: Sneasler|60\/100\n|\n|-sideend|p1: VGCLTHTornsEnjoyer|move: Tailwind\n|upkeep\n|\n|t:|1732162312\n|switch|p2a: Primarina|Primarina, L50, F|100\/100\n|turn|5\n|\n|t:|1732162320\n|-terastallize|p2a: Primarina|Water\n|move|p2b: Sneasler|Protect|p2b: Sneasler\n|-singleturn|p2b: Sneasler|Protect\n|move|p1b: Whimsicott|Tailwind|p1b: Whimsicott\n|-sidestart|p1: VGCLTHTornsEnjoyer|move: Tailwind\n|move|p1a: Ursaluna|Hyper Voice|p2b: Sneasler|[spread] p2a\n|-activate|p2b: Sneasler|move: Protect\n|-damage|p2a: Primarina|66\/100\n|move|p2a: Primarina|Hyper Voice|p1b: Whimsicott|[spread] p1a,p1b\n|-supereffective|p1a: Ursaluna\n|-resisted|p1b: Whimsicott\n|-damage|p1a: Ursaluna|39\/100\n|-damage|p1b: Whimsicott|45\/100\n|\n|upkeep\n|turn|6\n|\n|t:|1732162335\n|move|p1a: Ursaluna|Vacuum Wave|p2b: Sneasler\n|-resisted|p2b: Sneasler\n|-damage|p2b: Sneasler|48\/100\n|move|p1b: Whimsicott|Dazzling Gleam|p2a: Primarina|[spread] p2a,p2b\n|-damage|p2a: Primarina|46\/100\n|-damage|p2b: Sneasler|17\/100\n|-enditem|p2a: Primarina|Sitrus Berry|[eat]\n|-heal|p2a: Primarina|71\/100|[from] item: Sitrus Berry\n|move|p2b: Sneasler|Dire Claw|p1b: Whimsicott\n|-supereffective|p1b: Whimsicott\n|-damage|p1b: Whimsicott|0 fnt\n|faint|p1b: Whimsicott\n|move|p2a: Primarina|Hyper Voice|p1a: Ursaluna\n|-supereffective|p1a: Ursaluna\n|-damage|p1a: Ursaluna|0 fnt\n|faint|p1a: Ursaluna\n|\n|upkeep\n|\n|t:|1732162339\n|switch|p1a: Dragonite|Dragonite, L50, F|100\/100\n|turn|7\n|\n|t:|1732162349\n|move|p1a: Dragonite|Outrage|p2b: Sneasler\n|-damage|p2b: Sneasler|0 fnt\n|faint|p2b: Sneasler\n|move|p2a: Primarina|Moonblast|p1a: Dragonite\n|-supereffective|p1a: Dragonite\n|-damage|p1a: Dragonite|11\/100\n|-unboost|p1a: Dragonite|spa|1\n|\n|upkeep\n|turn|8\n|\n|t:|1732162374\n|move|p2a: Primarina|Protect|p2a: Primarina\n|-singleturn|p2a: Primarina|Protect\n|move|p1a: Dragonite|Outrage|p2a: Primarina|[from]lockedmove\n|-activate|p2a: Primarina|move: Protect\n|-start|p1a: Dragonite|confusion|[fatigue]\n|\n|-sideend|p1: VGCLTHTornsEnjoyer|move: Tailwind\n|upkeep\n|turn|9\n|\n|t:|1732162395\n|-activate|p1a: Dragonite|confusion\n|move|p1a: Dragonite|Outrage|p2a: Primarina\n|-crit|p2a: Primarina\n|-damage|p2a: Primarina|0 fnt\n|faint|p2a: Primarina\n|\n|win|VGCLTHTornsEnjoyer\n|raw|VGCLTHTornsEnjoyer's rating: 1641 &rarr; <strong>1665<\/strong><br \/>(+24 for winning)\n|raw|Kashino575's rating: 1718 &rarr; <strong>1694<\/strong><br \/>(-24 for losing)\n|l|\u2606VGCLTHTornsEnjoyer\n|player|p1|\n|j| VGCLTH 2thyfor\n","uploadtime":1732162410,"views":14,"formatid":"gen9vgc2024regh","rating":1665,"private":0,"password":null}