{"id":"gen9vgc2024regh-2248934030","format":"[Gen 9] VGC 2024 Reg H","players":["eulgau","vgclth terran"],"log":"|raw|<div class=\"broadcast-blue\"><strong>This battle is required to be public due to a player having a name starting with 'vgclth'.<\/div>\n|j|\u2606eulgau\n|j|\u2606vgclth terran\n|t:|1732282635\n|gametype|doubles\n|player|p1|eulgau|lucas|1698\n|player|p2|vgclth terran|rood|1849\n|teamsize|p1|6\n|teamsize|p2|6\n|gen|9\n|tier|[Gen 9] VGC 2024 Reg H\n|rated|\n|rule|Species Clause: Limit one of each Pok\u00e9mon\n|rule|Item Clause: Limit 1 of each item\n|clearpoke\n|poke|p1|Gholdengo, L50|\n|poke|p1|Rillaboom, L50, F|\n|poke|p1|Annihilape, L50, F|\n|poke|p1|Pelipper, L50, F|\n|poke|p1|Archaludon, L50, F|\n|poke|p1|Maushold, L50|\n|poke|p2|Ninetales-Alola, L50, F|\n|poke|p2|Rillaboom, L50, M|\n|poke|p2|Magmar, L50, M|\n|poke|p2|Sneasler, L50, F|\n|poke|p2|Kingambit, L50, F|\n|poke|p2|Basculegion, L50, M|\n|teampreview|4\n|\n|t:|1732282673\n|start\n|switch|p1a: Pelipper|Pelipper, L50, F|100\/100\n|switch|p1b: Archaludon|Archaludon, L50, F|100\/100\n|switch|p2a: Sneasler|Sneasler, L50, F|100\/100\n|switch|p2b: Kingambit|Kingambit, L50, F|100\/100\n|-weather|RainDance|[from] ability: Drizzle|[of] p1a: Pelipper\n|turn|1\n|inactive|Battle timer is ON: inactive players will automatically lose when time's up. (requested by vgclth terran)\n|\n|t:|1732282710\n|-terastallize|p1b: Archaludon|Grass\n|move|p2a: Sneasler|Fake Out|p1b: Archaludon\n|-damage|p1b: Archaludon|89\/100\n|-ability|p1b: Archaludon|Stamina|boost\n|-boost|p1b: Archaludon|def|1\n|move|p1a: Pelipper|Tailwind|p1a: Pelipper\n|-sidestart|p1: eulgau|move: Tailwind\n|cant|p1b: Archaludon|flinch\n|move|p2b: Kingambit|Swords Dance|p2b: Kingambit\n|-boost|p2b: Kingambit|atk|2\n|\n|-weather|RainDance|[upkeep]\n|upkeep\n|turn|2\n|j| IWI Red\n|inactive|eulgau has 30 seconds left.\n|\n|t:|1732282739\n|switch|p2a: Ninetales|Ninetales-Alola, L50, F|100\/100\n|-weather|Snow|[from] ability: Snow Warning|[of] p2a: Ninetales\n|-terastallize|p2b: Kingambit|Fire\n|move|p1a: Pelipper|Hurricane|p2a: Ninetales\n|-damage|p2a: Ninetales|37\/100\n|move|p1b: Archaludon|Electro Shot||[still]\n|-prepare|p1b: Archaludon|Electro Shot\n|-boost|p1b: Archaludon|spa|1\n|move|p2b: Kingambit|Kowtow Cleave|p1b: Archaludon\n|-damage|p1b: Archaludon|19\/100\n|-ability|p1b: Archaludon|Stamina|boost\n|-boost|p1b: Archaludon|def|1\n|-enditem|p1b: Archaludon|Sitrus Berry|[eat]\n|-heal|p1b: Archaludon|44\/100|[from] item: Sitrus Berry\n|\n|-weather|Snow|[upkeep]\n|upkeep\n|turn|3\n|j| Ruined Vigil\n|\n|t:|1732282760\n|switch|p1a: Annihilape|Annihilape, L50, F|100\/100\n|move|p2a: Ninetales|Protect|p2a: Ninetales\n|-singleturn|p2a: Ninetales|Protect\n|move|p1b: Archaludon|Electro Shot|p2a: Ninetales|[from]lockedmove\n|-activate|p2a: Ninetales|move: Protect\n|move|p2b: Kingambit|Kowtow Cleave|p1b: Archaludon\n|-damage|p1b: Archaludon|0 fnt\n|faint|p1b: Archaludon\n|\n|-weather|Snow|[upkeep]\n|upkeep\n|\n|t:|1732282778\n|switch|p1b: Pelipper|Pelipper, L50, F|100\/100\n|-weather|RainDance|[from] ability: Drizzle|[of] p1b: Pelipper\n|turn|4\n|j| furret the heretic\n|\n|t:|1732282791\n|switch|p2a: Basculegion|Basculegion, L50, M|100\/100\n|move|p2b: Kingambit|Protect|p2b: Kingambit\n|-singleturn|p2b: Kingambit|Protect\n|move|p1a: Annihilape|Bulk Up|p1a: Annihilape\n|-boost|p1a: Annihilape|atk|1\n|-boost|p1a: Annihilape|def|1\n|move|p1b: Pelipper|Hurricane|p2a: Basculegion\n|-damage|p2a: Basculegion|44\/100\n|-start|p2a: Basculegion|confusion\n|\n|-weather|RainDance|[upkeep]\n|-sideend|p1: eulgau|move: Tailwind\n|upkeep\n|turn|5\n|inactive|eulgau has 30 seconds left.\n|inactive|eulgau has 20 seconds left.\n|\n|t:|1732282828\n|move|p1b: Pelipper|Protect|p1b: Pelipper\n|-singleturn|p1b: Pelipper|Protect\n|move|p2b: Kingambit|Sucker Punch||[still]\n|-fail|p2b: Kingambit\n|-activate|p2a: Basculegion|confusion\n|-damage|p2a: Basculegion|29\/100|[from] confusion\n|move|p1a: Annihilape|Rage Fist|p2a: Basculegion\n|-supereffective|p2a: Basculegion\n|-crit|p2a: Basculegion\n|-damage|p2a: Basculegion|0 fnt\n|faint|p2a: Basculegion\n|\n|-weather|RainDance|[upkeep]\n|upkeep\n|\n|t:|1732282833\n|switch|p2a: Ninetales|Ninetales-Alola, L50, F|37\/100\n|-weather|Snow|[from] ability: Snow Warning|[of] p2a: Ninetales\n|turn|6\n|\n|t:|1732282851\n|switch|p1b: Gholdengo|Gholdengo, L50|100\/100\n|move|p2a: Ninetales|Encore|p1b: Gholdengo\n|-immune|p1b: Gholdengo|[from] ability: Good as Gold\n|move|p1a: Annihilape|Bulk Up|p1a: Annihilape\n|-boost|p1a: Annihilape|atk|1\n|-boost|p1a: Annihilape|def|1\n|move|p2b: Kingambit|Kowtow Cleave|p1a: Annihilape\n|-damage|p1a: Annihilape|34\/100\n|\n|-weather|Snow|[upkeep]\n|-heal|p1a: Annihilape|40\/100|[from] item: Leftovers\n|upkeep\n|turn|7\n|\n|t:|1732282885\n|move|p1a: Annihilape|Protect|p1a: Annihilape\n|-singleturn|p1a: Annihilape|Protect\n|move|p2b: Kingambit|Sucker Punch||[still]\n|-fail|p2b: Kingambit\n|move|p2a: Ninetales|Encore|p1a: Annihilape\n|-activate|p1a: Annihilape|move: Protect\n|move|p1b: Gholdengo|Nasty Plot|p1b: Gholdengo\n|-boost|p1b: Gholdengo|spa|2\n|\n|-weather|Snow|[upkeep]\n|-heal|p1a: Annihilape|47\/100|[from] item: Leftovers\n|upkeep\n|turn|8\n|\n|t:|1732282902\n|switch|p1a: Pelipper|Pelipper, L50, F|100\/100\n|-weather|RainDance|[from] ability: Drizzle|[of] p1a: Pelipper\n|move|p1b: Gholdengo|Protect|p1b: Gholdengo\n|-singleturn|p1b: Gholdengo|Protect\n|move|p2b: Kingambit|Sucker Punch||[still]\n|-fail|p2b: Kingambit\n|move|p2a: Ninetales|Encore||[still]\n|-fail|p2a: Ninetales\n|\n|-weather|RainDance|[upkeep]\n|upkeep\n|turn|9\n|\n|t:|1732282921\n|move|p2b: Kingambit|Protect|p2b: Kingambit\n|-singleturn|p2b: Kingambit|Protect\n|move|p2a: Ninetales|Freeze-Dry|p1a: Pelipper\n|-supereffective|p1a: Pelipper\n|-crit|p1a: Pelipper\n|-damage|p1a: Pelipper|0 fnt\n|faint|p1a: Pelipper\n|move|p1b: Gholdengo|Shadow Ball|p2b: Kingambit\n|-activate|p2b: Kingambit|move: Protect\n|\n|-weather|RainDance|[upkeep]\n|upkeep\n|\n|t:|1732282926\n|switch|p1a: Annihilape|Annihilape, L50, F|47\/100\n|turn|10\n|\n|t:|1732282940\n|switch|p2a: Sneasler|Sneasler, L50, F|100\/100\n|move|p2b: Kingambit|Sucker Punch|p1b: Gholdengo\n|-supereffective|p1b: Gholdengo\n|-damage|p1b: Gholdengo|0 fnt\n|faint|p1b: Gholdengo\n|move|p1a: Annihilape|Rage Fist|p2b: Kingambit\n|-damage|p2b: Kingambit|66\/100\n|\n|-weather|RainDance|[upkeep]\n|-heal|p1a: Annihilape|53\/100|[from] item: Leftovers\n|upkeep\n|turn|11\n|\n|t:|1732282954\n|move|p2b: Kingambit|Sucker Punch|p1a: Annihilape\n|-damage|p1a: Annihilape|0 fnt\n|faint|p1a: Annihilape\n|\n|win|vgclth terran\n|raw|eulgau's rating: 1698 &rarr; <strong>1686<\/strong><br \/>(-12 for losing)\n|raw|vgclth terran's rating: 1849 &rarr; <strong>1861<\/strong><br \/>(+12 for winning)\n|l| IWI Red\n|l|\u2606vgclth terran\n|player|p2|\n|l|\u2606eulgau\n|player|p1|\n|l| furret the heretic\n","uploadtime":1732282977,"views":11,"formatid":"gen9vgc2024regh","rating":1686,"private":0,"password":null}