{"id":"gen9vgc2024regh-2248981673","format":"[Gen 9] VGC 2024 Reg H","players":["Nerd159","TheDecommissioner"],"log":"|j|\u2606Nerd159\n|j|\u2606TheDecommissioner\n|t:|1732287942\n|gametype|doubles\n|player|p1|Nerd159|101|1673\n|player|p2|TheDecommissioner|preschooler|1688\n|teamsize|p1|6\n|teamsize|p2|6\n|gen|9\n|tier|[Gen 9] VGC 2024 Reg H\n|rated|\n|rule|Species Clause: Limit one of each Pok\u00e9mon\n|rule|Item Clause: Limit 1 of each item\n|clearpoke\n|poke|p1|Quaquaval, L50, M|\n|poke|p1|Sinistcha, L50|\n|poke|p1|Dragonite, L50, M|\n|poke|p1|Ursaluna-Bloodmoon, L50, M|\n|poke|p1|Electabuzz, L50, M|\n|poke|p1|Incineroar, L50, F|\n|poke|p2|Indeedee-F, L50, F|\n|poke|p2|Torkoal, L50, M|\n|poke|p2|Kleavor, L50, M|\n|poke|p2|Lilligant-Hisui, L50, F|\n|poke|p2|Archaludon, L50, M|\n|poke|p2|Corviknight, L50, F|\n|teampreview|4\n|inactive|Battle timer is ON: inactive players will automatically lose when time's up. (requested by TheDecommissioner)\n|\n|t:|1732287969\n|start\n|switch|p1a: Incineroar|Incineroar, L50, F|100\/100\n|switch|p1b: Dragonite|Dragonite, L50, M|100\/100\n|switch|p2a: Lilligant|Lilligant-Hisui, L50, F|100\/100\n|switch|p2b: Torkoal|Torkoal, L50, M|100\/100\n|-ability|p1a: Incineroar|Intimidate|boost\n|-unboost|p2a: Lilligant|atk|1\n|-unboost|p2b: Torkoal|atk|1\n|-weather|SunnyDay|[from] ability: Drought|[of] p2b: Torkoal\n|turn|1\n|\n|t:|1732287976\n|switch|p2b: Indeedee|Indeedee-F, L50, F|100\/100\n|-fieldstart|move: Psychic Terrain|[from] ability: Psychic Surge|[of] p2b: Indeedee\n|-enditem|p2b: Indeedee|Psychic Seed\n|-boost|p2b: Indeedee|spd|1|[from] item: Psychic Seed\n|move|p1a: Incineroar|Fake Out|p2b: Indeedee\n|-activate|p2b: Indeedee|move: Psychic Terrain\n|move|p2a: Lilligant|Sleep Powder|p1b: Dragonite|[miss]\n|-miss|p2a: Lilligant|p1b: Dragonite\n|move|p1b: Dragonite|Scale Shot|p2a: Lilligant\n|-damage|p2a: Lilligant|75\/100\n|-damage|p2a: Lilligant|50\/100\n|-damage|p2a: Lilligant|26\/100\n|-damage|p2a: Lilligant|3\/100\n|-damage|p2a: Lilligant|0 fnt\n|faint|p2a: Lilligant\n|-hitcount|p2: Lilligant|5\n|-unboost|p1b: Dragonite|def|1\n|-boost|p1b: Dragonite|spe|1\n|\n|-weather|SunnyDay|[upkeep]\n|upkeep\n|inactive|TheDecommissioner has 30 seconds left.\n|\n|t:|1732288008\n|switch|p2a: Torkoal|Torkoal, L50, M|100\/100\n|turn|2\n|\n|t:|1732288015\n|move|p2a: Torkoal|Protect|p2a: Torkoal\n|-singleturn|p2a: Torkoal|Protect\n|move|p1b: Dragonite|Scale Shot|p2b: Indeedee\n|-damage|p2b: Indeedee|86\/100\n|-damage|p2b: Indeedee|73\/100\n|-damage|p2b: Indeedee|58\/100\n|-damage|p2b: Indeedee|44\/100\n|-damage|p2b: Indeedee|30\/100\n|-hitcount|p2b: Indeedee|5\n|-unboost|p1b: Dragonite|def|1\n|-boost|p1b: Dragonite|spe|1\n|move|p1a: Incineroar|Knock Off|p2b: Indeedee\n|-supereffective|p2b: Indeedee\n|-damage|p2b: Indeedee|0 fnt\n|faint|p2b: Indeedee\n|\n|-weather|SunnyDay|[upkeep]\n|upkeep\n|\n|t:|1732288021\n|switch|p2b: Archaludon|Archaludon, L50, M|100\/100\n|turn|3\n|\n|t:|1732288028\n|-terastallize|p2a: Torkoal|Fire\n|move|p1b: Dragonite|Scale Shot|p2a: Torkoal\n|-damage|p2a: Torkoal|89\/100\n|-damage|p2a: Torkoal|76\/100\n|-damage|p2a: Torkoal|64\/100\n|-damage|p2a: Torkoal|52\/100\n|-damage|p2a: Torkoal|40\/100\n|-hitcount|p2a: Torkoal|5\n|-unboost|p1b: Dragonite|def|1\n|-boost|p1b: Dragonite|spe|1\n|move|p1a: Incineroar|Knock Off|p2a: Torkoal\n|-damage|p2a: Torkoal|8\/100\n|-enditem|p2a: Torkoal|Charcoal|[from] move: Knock Off|[of] p1a: Incineroar\n|move|p2b: Archaludon|Dragon Pulse|p1b: Dragonite\n|-supereffective|p1b: Dragonite\n|-damage|p1b: Dragonite|68\/100\n|move|p2a: Torkoal|Heat Wave|p1b: Dragonite|[spread] p1a,p1b\n|-resisted|p1a: Incineroar\n|-resisted|p1b: Dragonite\n|-damage|p1a: Incineroar|80\/100\n|-damage|p1b: Dragonite|37\/100\n|\n|-weather|SunnyDay|[upkeep]\n|upkeep\n|turn|4\n|\n|t:|1732288041\n|move|p1b: Dragonite|Scale Shot|p2a: Torkoal\n|-damage|p2a: Torkoal|0 fnt\n|faint|p2a: Torkoal\n|-hitcount|p2: Torkoal|1\n|-unboost|p1b: Dragonite|def|1\n|-boost|p1b: Dragonite|spe|1\n|move|p1a: Incineroar|Knock Off|p2b: Archaludon\n|-damage|p2b: Archaludon|69\/100\n|-ability|p2b: Archaludon|Stamina|boost\n|-boost|p2b: Archaludon|def|1\n|-enditem|p2b: Archaludon|Assault Vest|[from] move: Knock Off|[of] p1a: Incineroar\n|move|p2b: Archaludon|Body Press|p1a: Incineroar\n|-supereffective|p1a: Incineroar\n|-damage|p1a: Incineroar|22\/100\n|\n|-weather|SunnyDay|[upkeep]\n|upkeep\n|turn|5\n|\n|t:|1732288049\n|move|p1b: Dragonite|Haze|p1b: Dragonite\n|-clearallboost\n|move|p1a: Incineroar|Flare Blitz|p2b: Archaludon\n|-damage|p2b: Archaludon|5\/100\n|-ability|p2b: Archaludon|Stamina|boost\n|-boost|p2b: Archaludon|def|1\n|-damage|p1a: Incineroar|1\/100|[from] Recoil\n|move|p2b: Archaludon|Body Press|p1a: Incineroar\n|-supereffective|p1a: Incineroar\n|-crit|p1a: Incineroar\n|-damage|p1a: Incineroar|0 fnt\n|faint|p1a: Incineroar\n|\n|-weather|none\n|-fieldend|move: Psychic Terrain\n|upkeep\n|\n|t:|1732288053\n|switch|p1a: Quaquaval|Quaquaval, L50, M|100\/100\n|turn|6\n|-message|TheDecommissioner forfeited.\n|\n|win|Nerd159\n|raw|Nerd159's rating: 1673 &rarr; <strong>1694<\/strong><br \/>(+21 for winning)\n|raw|TheDecommissioner's rating: 1688 &rarr; <strong>1667<\/strong><br \/>(-21 for losing)\n|l|\u2606TheDecommissioner\n|player|p2|\n|l|\u2606Nerd159\n|player|p1|\n","uploadtime":1732288317,"views":11,"formatid":"gen9vgc2024regh","rating":1667,"private":0,"password":null}