{"id":"gen9vgc2024regh-2248917354","format":"[Gen 9] VGC 2024 Reg H","players":["Hoshinaaa","juacox300"],"log":"|j|\u2606Hoshinaaa\n|j|\u2606juacox300\n|t:|1732280530\n|gametype|doubles\n|player|p1|Hoshinaaa|rosa|1704\n|player|p2|juacox300|unknown|1774\n|teamsize|p1|6\n|teamsize|p2|6\n|gen|9\n|tier|[Gen 9] VGC 2024 Reg H\n|rated|\n|rule|Species Clause: Limit one of each Pok\u00e9mon\n|rule|Item Clause: Limit 1 of each item\n|clearpoke\n|poke|p1|Slaking, L50, M|\n|poke|p1|Weezing-Galar, L50, M|\n|poke|p1|Gholdengo, L50|\n|poke|p1|Gyarados, L50, M|\n|poke|p1|Kingambit, L50, F|\n|poke|p1|Dragonite, L50, F|\n|poke|p2|Ursaluna, L50, F|\n|poke|p2|Murkrow, L50, M|\n|poke|p2|Sneasler, L50, M|\n|poke|p2|Indeedee, L50, M|\n|poke|p2|Archaludon, L50, M|\n|poke|p2|Incineroar, L50, F|\n|teampreview|4\n|inactive|Battle timer is ON: inactive players will automatically lose when time's up. (requested by Hoshinaaa)\n|inactive|juacox300 has 60 seconds left.\n|inactive|juacox300 has 30 seconds left.\n|inactive|juacox300 has 20 seconds left.\n|inactive|juacox300 has 15 seconds left.\n|inactive|juacox300 has 10 seconds left.\n|\n|t:|1732280613\n|start\n|switch|p1a: \u4e0d\u8bb8\u8bf7\u5047|Weezing-Galar, L50, M|100\/100\n|switch|p1b: \u8001\u677f\u6211\u60f3\u8bf7\u5047|Slaking, L50, M|100\/100\n|switch|p2a: Tommau|Sneasler, L50, M|100\/100\n|switch|p2b: Alfred|Indeedee, L50, M, shiny|100\/100\n|-ability|p1a: \u4e0d\u8bb8\u8bf7\u5047|Neutralizing Gas\n|turn|1\n|\n|t:|1732280632\n|-terastallize|p2a: Tommau|Flying\n|-terastallize|p1b: \u8001\u677f\u6211\u60f3\u8bf7\u5047|Ghost\n|move|p1a: \u4e0d\u8bb8\u8bf7\u5047|Protect|p1a: \u4e0d\u8bb8\u8bf7\u5047\n|-singleturn|p1a: \u4e0d\u8bb8\u8bf7\u5047|Protect\n|move|p2b: Alfred|Expanding Force|p1b: \u8001\u677f\u6211\u60f3\u8bf7\u5047\n|-damage|p1b: \u8001\u677f\u6211\u60f3\u8bf7\u5047|64\/100\n|move|p2a: Tommau|Dire Claw|p1b: \u8001\u677f\u6211\u60f3\u8bf7\u5047\n|-resisted|p1b: \u8001\u677f\u6211\u60f3\u8bf7\u5047\n|-damage|p1b: \u8001\u677f\u6211\u60f3\u8bf7\u5047|46\/100\n|move|p1b: \u8001\u677f\u6211\u60f3\u8bf7\u5047|Knock Off|p2b: Alfred\n|-supereffective|p2b: Alfred\n|-damage|p2b: Alfred|0 fnt\n|-enditem|p2b: Alfred|Choice Scarf|[from] move: Knock Off|[of] p1b: \u8001\u677f\u6211\u60f3\u8bf7\u5047\n|faint|p2b: Alfred\n|-damage|p1b: \u8001\u677f\u6211\u60f3\u8bf7\u5047|36\/100|[from] item: Life Orb\n|\n|upkeep\n|\n|t:|1732280640\n|switch|p2b: Ursaluna|Ursaluna, L50, F|100\/100\n|turn|2\n|inactive|Hoshinaaa has 30 seconds left.\n|\n|t:|1732280667\n|-end|p1a: \u4e0d\u8bb8\u8bf7\u5047|ability: Neutralizing Gas\n|switch|p1a: Gyarados|Gyarados, L50, M|100\/100\n|-ability|p1a: Gyarados|Intimidate|boost\n|-unboost|p2a: Tommau|atk|1\n|-unboost|p2b: Ursaluna|atk|1\n|move|p2a: Tommau|Throat Chop|p1b: \u8001\u677f\u6211\u60f3\u8bf7\u5047\n|-supereffective|p1b: \u8001\u677f\u6211\u60f3\u8bf7\u5047\n|-damage|p1b: \u8001\u677f\u6211\u60f3\u8bf7\u5047|4\/100\n|-start|p1b: \u8001\u677f\u6211\u60f3\u8bf7\u5047|Throat Chop|[silent]\n|move|p1b: \u8001\u677f\u6211\u60f3\u8bf7\u5047|Ice Punch|p2a: Tommau\n|-supereffective|p2a: Tommau\n|-damage|p2a: Tommau|0 fnt\n|faint|p2a: Tommau\n|-damage|p1b: \u8001\u677f\u6211\u60f3\u8bf7\u5047|0 fnt|[from] item: Life Orb\n|faint|p1b: \u8001\u677f\u6211\u60f3\u8bf7\u5047\n|move|p2b: Ursaluna|Earthquake|p1a: Gyarados\n|-immune|p1a: Gyarados\n|\n|-status|p2b: Ursaluna|brn|[from] item: Flame Orb\n|upkeep\n|\n|t:|1732280687\n|switch|p2a: Incineroar|Incineroar, L50, F|100\/100\n|switch|p1b: \u4e0d\u8bb8\u8bf7\u5047|Weezing-Galar, L50, M|100\/100\n|-ability|p1b: \u4e0d\u8bb8\u8bf7\u5047|Neutralizing Gas\n|turn|3\n|\n|t:|1732280698\n|move|p1b: \u4e0d\u8bb8\u8bf7\u5047|Protect|p1b: \u4e0d\u8bb8\u8bf7\u5047\n|-singleturn|p1b: \u4e0d\u8bb8\u8bf7\u5047|Protect\n|move|p1a: Gyarados|Protect|p1a: Gyarados\n|-singleturn|p1a: Gyarados|Protect\n|move|p2a: Incineroar|Knock Off|p1a: Gyarados\n|-activate|p1a: Gyarados|move: Protect\n|move|p2b: Ursaluna|Facade|p1a: Gyarados\n|-activate|p1a: Gyarados|move: Protect\n|\n|-damage|p2b: Ursaluna|95\/100 brn|[from] brn\n|upkeep\n|turn|4\n|\n|t:|1732280718\n|move|p1b: \u4e0d\u8bb8\u8bf7\u5047|Dazzling Gleam|p2a: Incineroar|[spread] p2a,p2b\n|-damage|p2a: Incineroar|86\/100\n|-damage|p2b: Ursaluna|73\/100 brn\n|move|p1a: Gyarados|Waterfall|p2a: Incineroar\n|-supereffective|p2a: Incineroar\n|-damage|p2a: Incineroar|13\/100\n|move|p2a: Incineroar|Flare Blitz|p1b: \u4e0d\u8bb8\u8bf7\u5047\n|-damage|p1b: \u4e0d\u8bb8\u8bf7\u5047|43\/100\n|-damage|p2a: Incineroar|0 fnt|[from] Recoil\n|faint|p2a: Incineroar\n|move|p2b: Ursaluna|Facade|p1b: \u4e0d\u8bb8\u8bf7\u5047\n|-damage|p1b: \u4e0d\u8bb8\u8bf7\u5047|0 fnt\n|faint|p1b: \u4e0d\u8bb8\u8bf7\u5047\n|-end|p1b: \u4e0d\u8bb8\u8bf7\u5047|ability: Neutralizing Gas\n|-ability|p1a: Gyarados|Intimidate|boost\n|-unboost|p2b: Ursaluna|atk|1\n|\n|-damage|p2b: Ursaluna|67\/100 brn|[from] brn\n|upkeep\n|\n|t:|1732280738\n|switch|p1b: Dragonite|Dragonite, L50, F|100\/100\n|turn|5\n|\n|t:|1732280746\n|move|p1b: Dragonite|Ice Spinner|p2b: Ursaluna\n|-supereffective|p2b: Ursaluna\n|-damage|p2b: Ursaluna|24\/100 brn\n|move|p1a: Gyarados|Waterfall|p2b: Ursaluna\n|-supereffective|p2b: Ursaluna\n|-damage|p2b: Ursaluna|0 fnt\n|faint|p2b: Ursaluna\n|\n|win|Hoshinaaa\n|raw|Hoshinaaa's rating: 1704 &rarr; <strong>1728<\/strong><br \/>(+24 for winning)\n|raw|juacox300's rating: 1774 &rarr; <strong>1750<\/strong><br \/>(-24 for losing)\n|l|\u2606juacox300\n|player|p2|\n|l|\u2606Hoshinaaa\n|player|p1|\n","uploadtime":1732280749,"views":58,"formatid":"gen9vgc2024regh","rating":1728,"private":0,"password":null}