{"id":"gen9vgc2024regh-2248443390","format":"[Gen 9] VGC 2024 Reg H","players":["VGCLTH <1000ELO","zip520520"],"log":"|raw|<div class=\"broadcast-blue\"><strong>This battle is required to be public due to a player having a name starting with 'vgclth'.<\/div>\n|j|\u2606VGCLTH <1000ELO\n|j|\u2606zip520520\n|t:|1732215023\n|gametype|doubles\n|player|p1|VGCLTH <1000ELO|1|1839\n|player|p2|zip520520|170|1797\n|teamsize|p1|6\n|teamsize|p2|6\n|gen|9\n|tier|[Gen 9] VGC 2024 Reg H\n|rated|\n|rule|Species Clause: Limit one of each Pok\u00e9mon\n|rule|Item Clause: Limit 1 of each item\n|clearpoke\n|poke|p1|Dondozo, L50, M|\n|poke|p1|Tatsugiri, L50, M|\n|poke|p1|Dragonite, L50, M|\n|poke|p1|Gholdengo, L50|\n|poke|p1|Glimmora, L50, F|\n|poke|p1|Talonflame, L50, F|\n|poke|p2|Gholdengo, L50|\n|poke|p2|Garchomp, L50, F|\n|poke|p2|Glimmora, L50, M|\n|poke|p2|Tyranitar, L50, M|\n|poke|p2|Primarina, L50, F|\n|poke|p2|Sinistcha, L50|\n|teampreview|4\n|inactive|Battle timer is ON: inactive players will automatically lose when time's up. (requested by VGCLTH <1000ELO)\n|inactive|VGCLTH <1000ELO has 60 seconds left.\n|inactive|zip520520 has 60 seconds left.\n|inactive|VGCLTH <1000ELO has 30 seconds left.\n|inactive|VGCLTH <1000ELO has 20 seconds left.\n|inactive|VGCLTH <1000ELO has 15 seconds left.\n|inactive|VGCLTH <1000ELO has 10 seconds left.\n|inactive|VGCLTH <1000ELO has 5 seconds left.\n|\n|t:|1732215114\n|start\n|switch|p1a: Talonflame|Talonflame, L50, F|100\/100\n|switch|p1b: Gholdengo|Gholdengo, L50|100\/100\n|switch|p2a: Garchomp|Garchomp, L50, F|100\/100\n|switch|p2b: Sinistcha|Sinistcha, L50|100\/100\n|turn|1\n|j| Former Fang\n|inactive|VGCLTH <1000ELO has 30 seconds left.\n|\n|t:|1732215145\n|-terastallize|p1b: Gholdengo|Flying\n|-terastallize|p2b: Sinistcha|Water\n|move|p1a: Talonflame|Taunt|p2b: Sinistcha\n|-start|p2b: Sinistcha|move: Taunt\n|move|p2a: Garchomp|Breaking Swipe|p1a: Talonflame|[spread] p1a,p1b\n|-damage|p1a: Talonflame|65\/100\n|-damage|p1b: Gholdengo|71\/100\n|-unboost|p1b: Gholdengo|atk|1\n|move|p1b: Gholdengo|Make It Rain|p2a: Garchomp|[spread] p2a,p2b\n|-resisted|p2b: Sinistcha\n|-damage|p2a: Garchomp|17\/100\n|-damage|p2b: Sinistcha|67\/100\n|-unboost|p1b: Gholdengo|spa|1\n|cant|p2b: Sinistcha|move: Taunt|Trick Room\n|\n|-heal|p2a: Garchomp|23\/100|[from] item: Leftovers\n|upkeep\n|turn|2\n|inactive|zip520520 has 30 seconds left.\n|\n|t:|1732215178\n|switch|p2b: Gholdengo|Gholdengo, L50|100\/100\n|move|p2a: Garchomp|Protect|p2a: Garchomp\n|-singleturn|p2a: Garchomp|Protect\n|move|p1a: Talonflame|Brave Bird|p2b: Gholdengo\n|-resisted|p2b: Gholdengo\n|-damage|p2b: Gholdengo|73\/100\n|-damage|p1a: Talonflame|55\/100|[from] Recoil\n|move|p1b: Gholdengo|Make It Rain|p2a: Garchomp|[spread] p2b\n|-activate|p2a: Garchomp|move: Protect\n|-resisted|p2b: Gholdengo\n|-damage|p2b: Gholdengo|44\/100\n|-unboost|p1b: Gholdengo|spa|1\n|\n|-heal|p2a: Garchomp|29\/100|[from] item: Leftovers\n|upkeep\n|turn|3\n|inactive|VGCLTH <1000ELO has 30 seconds left.\n|inactive|zip520520 has 30 seconds left.\n|inactive|VGCLTH <1000ELO has 20 seconds left.\n|inactive|zip520520 has 20 seconds left.\n|\n|t:|1732215215\n|switch|p2a: Sinistcha|Sinistcha, L50, tera:Water|67\/100\n|-heal|p2b: Gholdengo|69\/100|[from] ability: Hospitality|[of] p2a: Sinistcha\n|move|p2b: Gholdengo|Shadow Ball|p1a: Talonflame\n|-damage|p1a: Talonflame|0 fnt\n|faint|p1a: Talonflame\n|move|p1b: Gholdengo|Make It Rain|p2a: Sinistcha|[spread] p2a,p2b\n|-resisted|p2a: Sinistcha\n|-resisted|p2b: Gholdengo\n|-damage|p2a: Sinistcha|52\/100\n|-damage|p2b: Gholdengo|48\/100\n|-unboost|p1b: Gholdengo|spa|1\n|\n|upkeep\n|\n|t:|1732215222\n|switch|p1a: Tatsugiri|Tatsugiri, L50, M|100\/100\n|turn|4\n|inactive|zip520520 has 30 seconds left.\n|\n|t:|1732215254\n|switch|p2a: Primarina|Primarina, L50, F|100\/100\n|move|p2b: Gholdengo|Shadow Ball|p1b: Gholdengo\n|-damage|p1b: Gholdengo|16\/100\n|move|p1a: Tatsugiri|Draco Meteor|p2a: Primarina\n|-immune|p2a: Primarina\n|move|p1b: Gholdengo|Make It Rain|p2a: Primarina|[spread] p2a,p2b\n|-resisted|p2b: Gholdengo\n|-damage|p2a: Primarina|72\/100\n|-damage|p2b: Gholdengo|32\/100\n|-unboost|p1b: Gholdengo|spa|1\n|\n|upkeep\n|turn|5\n|l| Former Fang\n|inactive|zip520520 has 30 seconds left.\n|inactive|zip520520 has 20 seconds left.\n|inactive|zip520520 has 15 seconds left.\n|\n|t:|1732215298\n|switch|p1b: Dondozo|Dondozo, L50, M|100\/100\n|-activate|p1a: Tatsugiri|ability: Commander|[of] p1b: Dondozo\n|-boost|p1b: Dondozo|atk|2\n|-boost|p1b: Dondozo|spa|2\n|-boost|p1b: Dondozo|spe|2\n|-boost|p1b: Dondozo|def|2\n|-boost|p1b: Dondozo|spd|2\n|switch|p2a: Sinistcha|Sinistcha, L50, tera:Water|52\/100\n|-heal|p2b: Gholdengo|57\/100|[from] ability: Hospitality|[of] p2a: Sinistcha\n|move|p2b: Gholdengo|Shadow Ball|p1a: Tatsugiri|[miss]\n|-miss|p2b: Gholdengo|p1a: Tatsugiri\n|\n|upkeep\n|turn|6\n|\n|t:|1732215317\n|switch|p2b: Primarina|Primarina, L50, F|72\/100\n|move|p1b: Dondozo|Wave Crash|p2a: Sinistcha\n|-resisted|p2a: Sinistcha\n|-damage|p2a: Sinistcha|2\/100\n|-enditem|p2a: Sinistcha|Sitrus Berry|[eat]\n|-heal|p2a: Sinistcha|27\/100|[from] item: Sitrus Berry\n|-damage|p1b: Dondozo|88\/100|[from] Recoil\n|move|p2a: Sinistcha|Trick Room|p2a: Sinistcha\n|-fieldstart|move: Trick Room|[of] p2a: Sinistcha\n|\n|-heal|p1b: Dondozo|94\/100|[from] item: Leftovers\n|upkeep\n|turn|7\n|\n|t:|1732215333\n|move|p2a: Sinistcha|Life Dew|p2a: Sinistcha|[spread] p2a,p2b\n|-heal|p2a: Sinistcha|52\/100\n|-heal|p2b: Primarina|97\/100\n|move|p2b: Primarina|Haze|p2b: Primarina\n|-clearallboost\n|move|p1b: Dondozo|Earthquake|p2a: Sinistcha|[spread] p2a,p2b\n|-miss|p1b: Dondozo|p1a: Tatsugiri\n|-damage|p2a: Sinistcha|29\/100\n|-damage|p2b: Primarina|69\/100\n|\n|-heal|p1b: Dondozo|99\/100|[from] item: Leftovers\n|upkeep\n|turn|8\n|\n|t:|1732215352\n|move|p2a: Sinistcha|Matcha Gotcha|p1b: Dondozo|[spread] p1b\n|-miss|p2a: Sinistcha|p1a: Tatsugiri\n|-supereffective|p1b: Dondozo\n|-damage|p1b: Dondozo|47\/100\n|-heal|p2a: Sinistcha|62\/100|[from] drain|[of] p1b: Dondozo\n|move|p2b: Primarina|Moonblast|p1b: Dondozo\n|-damage|p1b: Dondozo|0 fnt\n|faint|p1b: Dondozo\n|-damage|p2b: Primarina|59\/100|[from] item: Life Orb\n|\n|upkeep\n|\n|t:|1732215354\n|switch|p1b: Gholdengo|Gholdengo, L50, tera:Flying|16\/100\n|turn|9\n|\n|t:|1732215370\n|move|p2a: Sinistcha|Matcha Gotcha|p1a: Tatsugiri|[spread] p1a,p1b\n|-resisted|p1b: Gholdengo\n|-damage|p1a: Tatsugiri|71\/100\n|-heal|p2a: Sinistcha|75\/100|[from] drain|[of] p1a: Tatsugiri\n|-damage|p1b: Gholdengo|3\/100\n|-heal|p2a: Sinistcha|81\/100|[from] drain|[of] p1b: Gholdengo\n|-status|p1b: Gholdengo|brn\n|move|p2b: Primarina|Hyper Voice|p1b: Gholdengo|[spread] p1a,p1b\n|-resisted|p1a: Tatsugiri\n|-crit|p1b: Gholdengo\n|-damage|p1a: Tatsugiri|53\/100\n|-damage|p1b: Gholdengo|0 fnt\n|faint|p1b: Gholdengo\n|-damage|p2b: Primarina|50\/100|[from] item: Life Orb\n|move|p1a: Tatsugiri|Muddy Water|p2a: Sinistcha|[spread] p2a,p2b\n|-resisted|p2a: Sinistcha\n|-resisted|p2b: Primarina\n|-damage|p2a: Sinistcha|67\/100\n|-damage|p2b: Primarina|35\/100\n|-unboost|p2b: Primarina|accuracy|1\n|\n|upkeep\n|turn|10\n|\n|t:|1732215393\n|move|p2a: Sinistcha|Matcha Gotcha|p1a: Tatsugiri|[miss]\n|-miss|p2a: Sinistcha|p1a: Tatsugiri\n|move|p2b: Primarina|Moonblast|p1a: Tatsugiri\n|-supereffective|p1a: Tatsugiri\n|-damage|p1a: Tatsugiri|0 fnt\n|faint|p1a: Tatsugiri\n|-damage|p2b: Primarina|25\/100|[from] item: Life Orb\n|\n|win|zip520520\n|raw|VGCLTH &lt;1000ELO's rating: 1839 &rarr; <strong>1817<\/strong><br \/>(-22 for losing)\n|raw|zip520520's rating: 1797 &rarr; <strong>1819<\/strong><br \/>(+22 for winning)\n|l|\u2606VGCLTH <1000ELO\n|player|p1|\n|l|\u2606zip520520\n|player|p2|\n","uploadtime":1732215591,"views":38,"formatid":"gen9vgc2024regh","rating":1817,"private":0,"password":null}