{"id":"gen9vgc2024regh-2248574164","format":"[Gen 9] VGC 2024 Reg H","players":["VGCLTHTornsEnjoyer","jbleacher2"],"log":"|raw|<div class=\"broadcast-blue\"><strong>This battle is required to be public due to a player having a name starting with 'vgclth'.<\/div>\n|j|\u2606VGCLTHTornsEnjoyer\n|j|\u2606jbleacher2\n|t:|1732227955\n|gametype|doubles\n|player|p1|VGCLTHTornsEnjoyer|turo|1666\n|player|p2|jbleacher2|266|1694\n|teamsize|p1|6\n|teamsize|p2|6\n|gen|9\n|tier|[Gen 9] VGC 2024 Reg H\n|rated|\n|rule|Species Clause: Limit one of each Pok\u00e9mon\n|rule|Item Clause: Limit 1 of each item\n|clearpoke\n|poke|p1|Gholdengo, L50|\n|poke|p1|Grimmsnarl, L50, M|\n|poke|p1|Whimsicott, L50, M|\n|poke|p1|Ursaluna-Bloodmoon, L50, M|\n|poke|p1|Dragonite, L50, F|\n|poke|p1|Annihilape, L50, F|\n|poke|p2|Murkrow, L50, M|\n|poke|p2|Volcarona, L50, F|\n|poke|p2|Oricorio-Pom-Pom, L50, F|\n|poke|p2|Quaquaval, L50, F|\n|poke|p2|Archaludon, L50, F|\n|poke|p2|Golduck, L50, M|\n|teampreview|4\n|inactive|Battle timer is ON: inactive players will automatically lose when time's up. (requested by jbleacher2)\n|inactive|VGCLTHTornsEnjoyer also wants the timer to be on.\n|j| kyo9t\n|inactive|VGCLTHTornsEnjoyer has 60 seconds left.\n|inactive|VGCLTHTornsEnjoyer has 30 seconds left.\n|\n|t:|1732228018\n|start\n|switch|p1a: Annihilape|Annihilape, L50, F|100\/100\n|switch|p1b: Dragonite|Dragonite, L50, F|100\/100\n|switch|p2a: Quaquaval|Quaquaval, L50, F|100\/100\n|switch|p2b: Murkrow|Murkrow, L50, M, shiny|100\/100\n|turn|1\n|\n|t:|1732228042\n|-terastallize|p1b: Dragonite|Normal\n|move|p1b: Dragonite|Extreme Speed|p2a: Quaquaval\n|-damage|p2a: Quaquaval|12\/100\n|move|p2b: Murkrow|Tailwind|p2b: Murkrow\n|-sidestart|p2: jbleacher2|move: Tailwind\n|move|p2a: Quaquaval|Triple Axel|p1b: Dragonite\n|-damage|p1b: Dragonite|92\/100\n|-damage|p1b: Dragonite|78\/100\n|-damage|p1b: Dragonite|57\/100\n|-hitcount|p1b: Dragonite|3\n|move|p1a: Annihilape|U-turn|p2b: Murkrow\n|-damage|p2b: Murkrow|80\/100\n|\n|t:|1732228048\n|switch|p1a: Whimsicott|Whimsicott, L50, M|100\/100|[from] U-turn\n|\n|upkeep\n|turn|2\n|\n|t:|1732228061\n|-terastallize|p2a: Quaquaval|Ghost\n|move|p1a: Whimsicott|Helping Hand|p1b: Dragonite\n|-singleturn|p1b: Dragonite|Helping Hand|[of] p1a: Whimsicott\n|move|p1b: Dragonite|Extreme Speed|p2b: Murkrow\n|-damage|p2b: Murkrow|0 fnt\n|faint|p2b: Murkrow\n|move|p2a: Quaquaval|Triple Axel|p1a: Whimsicott|[miss]\n|-miss|p2a: Quaquaval|p1a: Whimsicott\n|\n|upkeep\n|\n|t:|1732228072\n|switch|p2b: Volcarona|Volcarona, L50, F|100\/100\n|turn|3\n|\n|t:|1732228089\n|switch|p1b: Annihilape|Annihilape, L50, F|100\/100\n|move|p2a: Quaquaval|Triple Axel|p1a: Whimsicott\n|-supereffective|p1a: Whimsicott\n|-damage|p1a: Whimsicott|78\/100\n|-supereffective|p1a: Whimsicott\n|-damage|p1a: Whimsicott|39\/100\n|-supereffective|p1a: Whimsicott\n|-damage|p1a: Whimsicott|0 fnt\n|faint|p1a: Whimsicott\n|-ability|p2a: Quaquaval|Moxie|boost\n|-boost|p2a: Quaquaval|atk|1\n|-hitcount|p1: Whimsicott|3\n|move|p2b: Volcarona|Quiver Dance|p2b: Volcarona\n|-boost|p2b: Volcarona|spa|1\n|-boost|p2b: Volcarona|spd|1\n|-boost|p2b: Volcarona|spe|1\n|\n|upkeep\n|\n|t:|1732228095\n|switch|p1a: Dragonite|Dragonite, L50, F, tera:Normal|57\/100\n|turn|4\n|j| Fishyyism\n|\n|t:|1732228106\n|move|p2b: Volcarona|Protect|p2b: Volcarona\n|-singleturn|p2b: Volcarona|Protect\n|move|p1a: Dragonite|Extreme Speed|p2b: Volcarona\n|-activate|p2b: Volcarona|move: Protect\n|move|p2a: Quaquaval|Triple Axel|p1a: Dragonite\n|-damage|p1a: Dragonite|47\/100\n|-hitcount|p1a: Dragonite|1\n|move|p1b: Annihilape|Rage Fist|p2a: Quaquaval\n|-supereffective|p2a: Quaquaval\n|-damage|p2a: Quaquaval|0 fnt\n|faint|p2a: Quaquaval\n|\n|-sideend|p2: jbleacher2|move: Tailwind\n|upkeep\n|\n|t:|1732228118\n|switch|p2a: Oricorio|Oricorio-Pom-Pom, L50, F, shiny|100\/100\n|turn|5\n|\n|t:|1732228129\n|move|p1a: Dragonite|Extreme Speed|p2b: Volcarona\n|-damage|p2b: Volcarona|24\/100\n|move|p1b: Annihilape|Rage Fist|p2b: Volcarona\n|-damage|p2b: Volcarona|0 fnt\n|faint|p2b: Volcarona\n|move|p2a: Oricorio|Air Slash|p1b: Annihilape\n|-supereffective|p1b: Annihilape\n|-damage|p1b: Annihilape|40\/100\n|\n|upkeep\n|turn|6\n|-message|jbleacher2 forfeited.\n|\n|win|VGCLTHTornsEnjoyer\n|raw|VGCLTHTornsEnjoyer's rating: 1666 &rarr; <strong>1688<\/strong><br \/>(+22 for winning)\n|raw|jbleacher2's rating: 1694 &rarr; <strong>1672<\/strong><br \/>(-22 for losing)\n|l|\u2606jbleacher2\n|player|p2|\n|l| Fishyyism\n|l|\u2606VGCLTHTornsEnjoyer\n|player|p1|\n","uploadtime":1732228373,"views":13,"formatid":"gen9vgc2024regh","rating":1672,"private":0,"password":null}