{"id":"gen9vgc2024regh-2248384716","format":"[Gen 9] VGC 2024 Reg H","players":["Foxy Regalo","VGCLTH mike"],"log":"|raw|<div class=\"broadcast-blue\"><strong>This battle is required to be public due to a player having a name starting with 'vgclth'.<\/div>\n|j|\u2606Foxy Regalo\n|j|\u2606VGCLTH mike\n|t:|1732209543\n|gametype|doubles\n|player|p1|Foxy Regalo|colress|1671\n|player|p2|VGCLTH mike|irida|1771\n|teamsize|p1|6\n|teamsize|p2|6\n|gen|9\n|tier|[Gen 9] VGC 2024 Reg H\n|rated|\n|rule|Species Clause: Limit one of each Pok\u00e9mon\n|rule|Item Clause: Limit 1 of each item\n|clearpoke\n|poke|p1|Talonflame, L50, F|\n|poke|p1|Ninetales-Alola, L50, M|\n|poke|p1|Volcarona, L50, M|\n|poke|p1|Primarina, L50, M|\n|poke|p1|Gallade, L50, M|\n|poke|p1|Metagross, L50|\n|poke|p2|Tyranitar, L50, M|\n|poke|p2|Annihilape, L50, M|\n|poke|p2|Bronzong, L50|\n|poke|p2|Ursaluna-Bloodmoon, L50, M|\n|poke|p2|Whimsicott, L50, M|\n|poke|p2|Gastrodon-East, L50, F|\n|teampreview|4\n|inactive|Battle timer is ON: inactive players will automatically lose when time's up. (requested by Foxy Regalo)\n|inactive|Foxy Regalo has 60 seconds left.\n|inactive|VGCLTH mike has 60 seconds left.\n|\n|t:|1732209583\n|start\n|switch|p1a: Volcarona|Volcarona, L50, M|100\/100\n|switch|p1b: Gallade|Gallade, L50, M|100\/100\n|switch|p2a: Tyranitar|Tyranitar, L50, M|100\/100\n|switch|p2b: Whimsicott|Whimsicott, L50, M, shiny|100\/100\n|-weather|Sandstorm|[from] ability: Sand Stream|[of] p2a: Tyranitar\n|turn|1\n|\n|t:|1732209600\n|-terastallize|p2a: Tyranitar|Flying\n|move|p1b: Gallade|Wide Guard|p1b: Gallade\n|-singleturn|p1b: Gallade|Wide Guard\n|move|p2b: Whimsicott|Tailwind|p2b: Whimsicott\n|-sidestart|p2: VGCLTH mike|move: Tailwind\n|move|p2a: Tyranitar|Tera Blast|p1b: Gallade|[anim] Tera Blast Flying\n|-supereffective|p1b: Gallade\n|-damage|p1b: Gallade|0 fnt\n|faint|p1b: Gallade\n|move|p1a: Volcarona|Quiver Dance|p1a: Volcarona\n|-boost|p1a: Volcarona|spa|1\n|-boost|p1a: Volcarona|spd|1\n|-boost|p1a: Volcarona|spe|1\n|\n|-weather|Sandstorm|[upkeep]\n|-damage|p2b: Whimsicott|94\/100|[from] Sandstorm\n|-damage|p2a: Tyranitar|94\/100|[from] Sandstorm\n|-damage|p1a: Volcarona|94\/100|[from] Sandstorm\n|upkeep\n|\n|t:|1732209619\n|switch|p1b: Metagross|Metagross, L50|100\/100\n|turn|2\n|\n|t:|1732209626\n|switch|p2b: Annihilape|Annihilape, L50, M|100\/100\n|move|p1a: Volcarona|Protect|p1a: Volcarona\n|-singleturn|p1a: Volcarona|Protect\n|move|p2a: Tyranitar|Tera Blast|p1a: Volcarona|[anim] Tera Blast Flying\n|-activate|p1a: Volcarona|move: Protect\n|move|p1b: Metagross|Heavy Slam|p2b: Annihilape\n|-damage|p2b: Annihilape|30\/100\n|\n|-weather|Sandstorm|[upkeep]\n|-damage|p2b: Annihilape|24\/100|[from] Sandstorm\n|-damage|p2a: Tyranitar|88\/100|[from] Sandstorm\n|-damage|p1a: Volcarona|88\/100|[from] Sandstorm\n|upkeep\n|turn|3\n|inactive|Foxy Regalo has 30 seconds left.\n|\n|t:|1732209660\n|move|p2b: Annihilape|Rage Fist|p1b: Metagross\n|-supereffective|p1b: Metagross\n|-damage|p1b: Metagross|22\/100\n|-enditem|p1b: Metagross|Weakness Policy\n|-boost|p1b: Metagross|atk|2|[from] item: Weakness Policy\n|-boost|p1b: Metagross|spa|2|[from] item: Weakness Policy\n|move|p2a: Tyranitar|Tera Blast|p1a: Volcarona|[anim] Tera Blast Flying\n|-supereffective|p1a: Volcarona\n|-damage|p1a: Volcarona|0 fnt\n|faint|p1a: Volcarona\n|move|p1b: Metagross|Psychic Fangs|p2a: Tyranitar\n|-damage|p2a: Tyranitar|0 fnt\n|faint|p2a: Tyranitar\n|\n|-weather|Sandstorm|[upkeep]\n|-damage|p2b: Annihilape|18\/100|[from] Sandstorm\n|upkeep\n|\n|t:|1732209674\n|switch|p1a: Primarina|Primarina, L50, M|100\/100\n|switch|p2a: Bronzong|Bronzong, L50|100\/100\n|turn|4\n|inactive|Foxy Regalo has 30 seconds left.\n|inactive|VGCLTH mike has 30 seconds left.\n|inactive|VGCLTH mike has 20 seconds left.\n|j| Therazer456\n|inactive|VGCLTH mike has 15 seconds left.\n|inactive|VGCLTH mike has 10 seconds left.\n|\n|t:|1732209720\n|move|p1b: Metagross|Bullet Punch|p2b: Annihilape\n|-damage|p2b: Annihilape|0 fnt\n|faint|p2b: Annihilape\n|move|p1a: Primarina|Hyper Voice|p2a: Bronzong\n|-damage|p2a: Bronzong|59\/100\n|-enditem|p1a: Primarina|Throat Spray\n|-boost|p1a: Primarina|spa|1|[from] item: Throat Spray\n|move|p2a: Bronzong|Body Press|p1b: Metagross\n|-damage|p1b: Metagross|1\/100\n|\n|-weather|Sandstorm|[upkeep]\n|-damage|p1a: Primarina|95\/100|[from] Sandstorm\n|-heal|p2a: Bronzong|65\/100|[from] item: Leftovers\n|-sideend|p2: VGCLTH mike|move: Tailwind\n|upkeep\n|\n|t:|1732209723\n|switch|p2b: Whimsicott|Whimsicott, L50, M, shiny|94\/100\n|turn|5\n|\n|t:|1732209746\n|move|p1b: Metagross|Protect|p1b: Metagross\n|-singleturn|p1b: Metagross|Protect\n|move|p2b: Whimsicott|Moonblast|p1b: Metagross\n|-activate|p1b: Metagross|move: Protect\n|move|p1a: Primarina|Moonblast|p2b: Whimsicott\n|-damage|p2b: Whimsicott|0 fnt\n|faint|p2b: Whimsicott\n|move|p2a: Bronzong|Trick Room|p2a: Bronzong\n|-fieldstart|move: Trick Room|[of] p2a: Bronzong\n|\n|-weather|none\n|-heal|p2a: Bronzong|71\/100|[from] item: Leftovers\n|upkeep\n|turn|6\n|\n|t:|1732209769\n|move|p1b: Metagross|Bullet Punch|p2a: Bronzong\n|-resisted|p2a: Bronzong\n|-damage|p2a: Bronzong|53\/100\n|move|p2a: Bronzong|Iron Defense|p2a: Bronzong\n|-boost|p2a: Bronzong|def|2\n|move|p1a: Primarina|Hyper Voice|p2a: Bronzong\n|-damage|p2a: Bronzong|0 fnt\n|faint|p2a: Bronzong\n|\n|win|Foxy Regalo\n|raw|Foxy Regalo's rating: 1671 &rarr; <strong>1697<\/strong><br \/>(+26 for winning)\n|raw|VGCLTH mike's rating: 1771 &rarr; <strong>1745<\/strong><br \/>(-26 for losing)\n|l|\u2606VGCLTH mike\n|player|p2|\n|l|\u2606Foxy Regalo\n|player|p1|\n","uploadtime":1732210019,"views":21,"formatid":"gen9vgc2024regh","rating":1697,"private":0,"password":null}