{"id":"gen9vgc2024regh-2248721128","format":"[Gen 9] VGC 2024 Reg H","players":["VGCLTH Snowsquall","VGCLTH Rain"],"log":"|raw|<div class=\"broadcast-blue\"><strong>This battle is required to be public due to a player having a name starting with 'vgclth'.<\/div>\n|j|\u2606VGCLTH Snowsquall\n|j|\u2606VGCLTH Rain\n|t:|1732246338\n|gametype|doubles\n|player|p1|VGCLTH Snowsquall|veteran|1679\n|player|p2|VGCLTH Rain|102|1706\n|teamsize|p1|6\n|teamsize|p2|6\n|gen|9\n|tier|[Gen 9] VGC 2024 Reg H\n|rated|\n|rule|Species Clause: Limit one of each Pok\u00e9mon\n|rule|Item Clause: Limit 1 of each item\n|clearpoke\n|poke|p1|Archaludon, L50, M|\n|poke|p1|Rillaboom, L50, M|\n|poke|p1|Skeledirge, L50, F|\n|poke|p1|Electabuzz, L50, F|\n|poke|p1|Samurott-Hisui, L50, M|\n|poke|p1|Gholdengo, L50|\n|poke|p2|Typhlosion-Hisui, L50, F|\n|poke|p2|Glimmora, L50, M|\n|poke|p2|Grimmsnarl, L50, M|\n|poke|p2|Whimsicott, L50, M|\n|poke|p2|Ursaluna-Bloodmoon, L50, M|\n|poke|p2|Dusclops, L50, F|\n|teampreview|4\n|inactive|Battle timer is ON: inactive players will automatically lose when time's up. (requested by VGCLTH Rain)\n|\n|t:|1732246366\n|start\n|switch|p1a: Rillaboom|Rillaboom, L50, M|100\/100\n|switch|p1b: Gholdengo|Gholdengo, L50|100\/100\n|switch|p2a: Glimmora|Glimmora, L50, M|100\/100\n|switch|p2b: Grimmsnarl|Grimmsnarl, L50, M|100\/100\n|-fieldstart|move: Grassy Terrain|[from] ability: Grassy Surge|[of] p1a: Rillaboom\n|turn|1\n|\n|t:|1732246379\n|switch|p1a: Electabuzz|Electabuzz, L50, F|100\/100\n|move|p2b: Grimmsnarl|Light Screen|p2b: Grimmsnarl\n|-sidestart|p2: VGCLTH Rain|move: Light Screen\n|move|p1b: Gholdengo|Make It Rain|p2a: Glimmora|[spread] p2a,p2b\n|-supereffective|p2a: Glimmora\n|-supereffective|p2b: Grimmsnarl\n|-damage|p2a: Glimmora|12\/100\n|-damage|p2b: Grimmsnarl|53\/100\n|-unboost|p1b: Gholdengo|spa|1\n|move|p2a: Glimmora|Earth Power|p1b: Gholdengo\n|-supereffective|p1b: Gholdengo\n|-damage|p1b: Gholdengo|14\/100\n|\n|-heal|p1b: Gholdengo|20\/100|[from] Grassy Terrain\n|-heal|p2a: Glimmora|17\/100|[from] Grassy Terrain\n|-heal|p2b: Grimmsnarl|59\/100|[from] Grassy Terrain\n|upkeep\n|turn|2\n|\n|t:|1732246399\n|move|p1a: Electabuzz|Follow Me|p1a: Electabuzz\n|-singleturn|p1a: Electabuzz|move: Follow Me\n|move|p2b: Grimmsnarl|Reflect|p2b: Grimmsnarl\n|-sidestart|p2: VGCLTH Rain|Reflect\n|move|p1b: Gholdengo|Make It Rain|p2b: Grimmsnarl|[spread] p2a,p2b\n|-supereffective|p2a: Glimmora\n|-supereffective|p2b: Grimmsnarl\n|-damage|p2a: Glimmora|0 fnt\n|-damage|p2b: Grimmsnarl|23\/100\n|-unboost|p1b: Gholdengo|spa|1\n|faint|p2a: Glimmora\n|\n|-heal|p1b: Gholdengo|26\/100|[from] Grassy Terrain\n|-heal|p2b: Grimmsnarl|29\/100|[from] Grassy Terrain\n|upkeep\n|\n|t:|1732246402\n|switch|p2a: Dusclops|Dusclops, L50, F|100\/100\n|-item|p1a: Electabuzz|Eviolite|[from] ability: Frisk|[of] p2a: Dusclops\n|-item|p1b: Gholdengo|Choice Scarf|[from] ability: Frisk|[of] p2a: Dusclops\n|turn|3\n|\n|t:|1732246414\n|move|p2b: Grimmsnarl|Taunt|p1a: Electabuzz\n|-start|p1a: Electabuzz|move: Taunt\n|move|p1b: Gholdengo|Make It Rain|p2b: Grimmsnarl|[spread] p2a,p2b\n|-supereffective|p2b: Grimmsnarl\n|-damage|p2a: Dusclops|93\/100\n|-damage|p2b: Grimmsnarl|5\/100\n|-unboost|p1b: Gholdengo|spa|1\n|cant|p1a: Electabuzz|move: Taunt|Taunt\n|move|p2a: Dusclops|Trick Room|p2a: Dusclops\n|-fieldstart|move: Trick Room|[of] p2a: Dusclops\n|\n|-heal|p2a: Dusclops|99\/100|[from] Grassy Terrain\n|-heal|p2b: Grimmsnarl|11\/100|[from] Grassy Terrain\n|-heal|p1b: Gholdengo|33\/100|[from] Grassy Terrain\n|upkeep\n|turn|4\n|\n|t:|1732246432\n|move|p2a: Dusclops|Night Shade|p1b: Gholdengo\n|-damage|p1b: Gholdengo|2\/100\n|move|p2b: Grimmsnarl|Spirit Break|p1b: Gholdengo\n|-resisted|p1b: Gholdengo\n|-damage|p1b: Gholdengo|0 fnt\n|faint|p1b: Gholdengo\n|move|p1a: Electabuzz|Thunderbolt|p2b: Grimmsnarl\n|-damage|p2b: Grimmsnarl|0 fnt\n|faint|p2b: Grimmsnarl\n|\n|-heal|p2a: Dusclops|100\/100|[from] Grassy Terrain\n|upkeep\n|\n|t:|1732246436\n|switch|p2b: Ursaluna|Ursaluna-Bloodmoon, L50, M|100\/100\n|switch|p1b: Rillaboom|Rillaboom, L50, M|100\/100\n|turn|5\n|j| balnam\n|\n|t:|1732246444\n|-terastallize|p1b: Rillaboom|Fire\n|move|p2b: Ursaluna|Protect|p2b: Ursaluna\n|-singleturn|p2b: Ursaluna|Protect\n|move|p2a: Dusclops|Will-O-Wisp|p1b: Rillaboom\n|-immune|p1b: Rillaboom\n|move|p1b: Rillaboom|Wood Hammer|p2b: Ursaluna\n|-activate|p2b: Ursaluna|move: Protect\n|move|p1a: Electabuzz|Thunderbolt|p2a: Dusclops\n|-damage|p2a: Dusclops|90\/100\n|\n|-heal|p2a: Dusclops|96\/100|[from] Grassy Terrain\n|-end|p1a: Electabuzz|move: Taunt\n|-fieldend|move: Grassy Terrain\n|upkeep\n|turn|6\n|\n|t:|1732246459\n|-terastallize|p2b: Ursaluna|Grass\n|move|p2a: Dusclops|Helping Hand|p2b: Ursaluna\n|-singleturn|p2b: Ursaluna|Helping Hand|[of] p2a: Dusclops\n|move|p1a: Electabuzz|Follow Me|p1a: Electabuzz\n|-singleturn|p1a: Electabuzz|move: Follow Me\n|move|p2b: Ursaluna|Hyper Voice|p1a: Electabuzz|[spread] p1a,p1b\n|-damage|p1a: Electabuzz|59\/100\n|-damage|p1b: Rillaboom|64\/100\n|-enditem|p2b: Ursaluna|Throat Spray\n|-boost|p2b: Ursaluna|spa|1|[from] item: Throat Spray\n|move|p1b: Rillaboom|Wood Hammer|p2b: Ursaluna\n|-resisted|p2b: Ursaluna\n|-damage|p2b: Ursaluna|86\/100\n|-damage|p1b: Rillaboom|58\/100|[from] Recoil\n|\n|upkeep\n|turn|7\n|\n|t:|1732246471\n|move|p2a: Dusclops|Helping Hand|p2b: Ursaluna\n|-singleturn|p2b: Ursaluna|Helping Hand|[of] p2a: Dusclops\n|move|p1a: Electabuzz|Protect|p1a: Electabuzz\n|-singleturn|p1a: Electabuzz|Protect\n|move|p2b: Ursaluna|Hyper Voice|p1a: Electabuzz|[spread] p1b\n|-activate|p1a: Electabuzz|move: Protect\n|-damage|p1b: Rillaboom|3\/100\n|move|p1b: Rillaboom|Wood Hammer|p2a: Dusclops\n|-damage|p2a: Dusclops|69\/100\n|-damage|p1b: Rillaboom|0 fnt|[from] Recoil\n|faint|p1b: Rillaboom\n|\n|-fieldend|move: Trick Room\n|upkeep\n|\n|t:|1732246478\n|switch|p1b: Samurott|Samurott-Hisui, L50, M|100\/100\n|turn|8\n|\n|t:|1732246493\n|move|p2a: Dusclops|Helping Hand|p2b: Ursaluna\n|-singleturn|p2b: Ursaluna|Helping Hand|[of] p2a: Dusclops\n|move|p1b: Samurott|Ceaseless Edge|p2b: Ursaluna\n|-damage|p2b: Ursaluna|63\/100\n|-sidestart|p2: VGCLTH Rain|Spikes\n|move|p1a: Electabuzz|Taunt|p2a: Dusclops\n|-start|p2a: Dusclops|move: Taunt\n|move|p2b: Ursaluna|Blood Moon|p1b: Samurott\n|-enditem|p1b: Samurott|Focus Sash\n|-damage|p1b: Samurott|1\/100\n|\n|-sideend|p2: VGCLTH Rain|move: Light Screen\n|upkeep\n|turn|9\n|j| plplk\n|l|\u2606VGCLTH Rain\n|inactive|VGCLTH Rain disconnected and has a minute to reconnect!\n|player|p2|\n|inactive|VGCLTH Rain has 30 seconds left.\n|inactive|VGCLTH Rain has 20 seconds left.\n|inactive|VGCLTH Rain has 15 seconds left.\n|inactive|VGCLTH Rain has 10 seconds left.\n|inactive|VGCLTH Rain has 5 seconds left.\n|-message|VGCLTH Rain lost due to inactivity.\n|\n|win|VGCLTH Snowsquall\n|raw|VGCLTH Snowsquall's rating: 1679 &rarr; <strong>1701<\/strong><br \/>(+22 for winning)\n|raw|VGCLTH Rain's rating: 1706 &rarr; <strong>1684<\/strong><br \/>(-22 for losing)\n|l|\u2606VGCLTH Snowsquall\n|player|p1|\n|l| plplk\n|j| VGCLTH R0gue\n|l| VGCLTH R0gue\n","uploadtime":1732246821,"views":19,"formatid":"gen9vgc2024regh","rating":1684,"private":0,"password":null}