{"id":"gen9vgc2024regh-2248777789","format":"[Gen 9] VGC 2024 Reg H","players":["Spottedwoot","Djjwjwwjj"],"log":"|j|\u2606Spottedwoot\n|j|\u2606Djjwjwwjj\n|t:|1732255902\n|gametype|doubles\n|player|p1|Spottedwoot|266|1794\n|player|p2|Djjwjwwjj|266|1734\n|teamsize|p1|6\n|teamsize|p2|6\n|gen|9\n|tier|[Gen 9] VGC 2024 Reg H\n|rated|\n|rule|Species Clause: Limit one of each Pok\u00e9mon\n|rule|Item Clause: Limit 1 of each item\n|clearpoke\n|poke|p1|Kingambit, L50, M|\n|poke|p1|Primarina, L50, F|\n|poke|p1|Salamence, L50, M|\n|poke|p1|Gholdengo, L50|\n|poke|p1|Sneasler, L50, M|\n|poke|p1|Volcarona, L50, M|\n|poke|p2|Palafin, L50, M|\n|poke|p2|Pelipper, L50, F|\n|poke|p2|Incineroar, L50, F|\n|poke|p2|Rillaboom, L50, F|\n|poke|p2|Gholdengo, L50|\n|poke|p2|Clefable, L50, M|\n|teampreview|4\n|j| plplk\n|l| plplk\n|\n|t:|1732255954\n|start\n|switch|p1a: Salamence|Salamence, L50, M|100\/100\n|switch|p1b: Primarina|Primarina, L50, F|100\/100\n|switch|p2a: Palafin|Palafin, L50, M|100\/100\n|switch|p2b: Gholdengo|Gholdengo, L50|100\/100\n|-ability|p1a: Salamence|Intimidate|boost\n|-unboost|p2a: Palafin|atk|1\n|-unboost|p2b: Gholdengo|atk|1\n|turn|1\n|\n|t:|1732255980\n|move|p1a: Salamence|Tailwind|p1a: Salamence\n|-sidestart|p1: Spottedwoot|move: Tailwind\n|move|p1b: Primarina|Hyper Voice|p2b: Gholdengo|[spread] p2a,p2b\n|-resisted|p2a: Palafin\n|-damage|p2a: Palafin|79\/100\n|-damage|p2b: Gholdengo|65\/100\n|-enditem|p1b: Primarina|Throat Spray\n|-boost|p1b: Primarina|spa|1|[from] item: Throat Spray\n|move|p2a: Palafin|Flip Turn|p1a: Salamence\n|-resisted|p1a: Salamence\n|-damage|p1a: Salamence|88\/100\n|\n|t:|1732255992\n|detailschange|p2a: Palafin|Palafin-Hero, L50, M\n|switch|p2a: Rillaboom|Rillaboom, L50, F|100\/100|[from] Flip Turn\n|-fieldstart|move: Grassy Terrain|[from] ability: Grassy Surge|[of] p2a: Rillaboom\n|move|p2b: Gholdengo|Nasty Plot|p2b: Gholdengo\n|-boost|p2b: Gholdengo|spa|2\n|\n|-heal|p2b: Gholdengo|71\/100|[from] Grassy Terrain\n|upkeep\n|turn|2\n|\n|t:|1732256005\n|move|p1a: Salamence|Protect|p1a: Salamence\n|-singleturn|p1a: Salamence|Protect\n|move|p1b: Primarina|Protect|p1b: Primarina\n|-singleturn|p1b: Primarina|Protect\n|move|p2a: Rillaboom|Fake Out|p1a: Salamence\n|-activate|p1a: Salamence|move: Protect\n|move|p2b: Gholdengo|Make It Rain|p1a: Salamence|[spread] \n|-activate|p1a: Salamence|move: Protect\n|-activate|p1b: Primarina|move: Protect\n|\n|-heal|p2b: Gholdengo|77\/100|[from] Grassy Terrain\n|upkeep\n|turn|3\n|\n|t:|1732256027\n|-terastallize|p1b: Primarina|Poison\n|move|p1a: Salamence|Draco Meteor|p2b: Gholdengo\n|-resisted|p2b: Gholdengo\n|-damage|p2b: Gholdengo|33\/100\n|-unboost|p1a: Salamence|spa|2\n|-damage|p1a: Salamence|78\/100|[from] item: Life Orb\n|move|p1b: Primarina|Hyper Voice|p2a: Rillaboom|[spread] p2a,p2b\n|-resisted|p2a: Rillaboom\n|-damage|p2a: Rillaboom|83\/100\n|-damage|p2b: Gholdengo|0 fnt\n|faint|p2b: Gholdengo\n|move|p2a: Rillaboom|Wood Hammer|p1b: Primarina\n|-resisted|p1b: Primarina\n|-damage|p1b: Primarina|53\/100\n|-damage|p2a: Rillaboom|69\/100|[from] Recoil\n|\n|-heal|p1b: Primarina|59\/100|[from] Grassy Terrain\n|-heal|p2a: Rillaboom|75\/100|[from] Grassy Terrain\n|upkeep\n|\n|t:|1732256044\n|switch|p2b: Palafin|Palafin-Hero, L50, M|79\/100\n|-activate|p2b: Palafin|ability: Zero to Hero\n|turn|4\n|\n|t:|1732256074\n|switch|p1a: Kingambit|Kingambit, L50, M|100\/100\n|switch|p2a: Pelipper|Pelipper, L50, F|100\/100\n|-weather|RainDance|[from] ability: Drizzle|[of] p2a: Pelipper\n|move|p1b: Primarina|Protect|p1b: Primarina\n|-singleturn|p1b: Primarina|Protect\n|move|p2b: Palafin|Wave Crash|p1a: Kingambit\n|-damage|p1a: Kingambit|0 fnt\n|faint|p1a: Kingambit\n|-damage|p2b: Palafin|43\/100|[from] Recoil\n|\n|-weather|RainDance|[upkeep]\n|-heal|p1b: Primarina|65\/100|[from] Grassy Terrain\n|-heal|p2b: Palafin|49\/100|[from] Grassy Terrain\n|-sideend|p1: Spottedwoot|move: Tailwind\n|upkeep\n|\n|t:|1732256087\n|switch|p1a: Salamence|Salamence, L50, M|78\/100\n|-ability|p1a: Salamence|Intimidate|boost\n|-unboost|p2a: Pelipper|atk|1\n|-unboost|p2b: Palafin|atk|1\n|turn|5\n|j| Stox\n|\n|t:|1732256095\n|-terastallize|p2b: Palafin|Water\n|move|p2a: Pelipper|Ice Beam|p1a: Salamence\n|-supereffective|p1a: Salamence\n|-damage|p1a: Salamence|0 fnt\n|faint|p1a: Salamence\n|move|p2b: Palafin|Wave Crash|p1b: Primarina\n|-damage|p1b: Primarina|0 fnt\n|faint|p1b: Primarina\n|-damage|p2b: Palafin|27\/100|[from] Recoil\n|\n|-weather|RainDance|[upkeep]\n|-heal|p2b: Palafin|33\/100|[from] Grassy Terrain\n|-fieldend|move: Grassy Terrain\n|upkeep\n|-message|Spottedwoot forfeited.\n|\n|win|Djjwjwwjj\n|raw|Spottedwoot's rating: 1794 &rarr; <strong>1771<\/strong><br \/>(-23 for losing)\n|raw|Djjwjwwjj's rating: 1734 &rarr; <strong>1757<\/strong><br \/>(+23 for winning)\n|l| Stox\n|l|\u2606Spottedwoot\n|player|p1|\n|l|\u2606Djjwjwwjj\n|player|p2|\n","uploadtime":1732256110,"views":24,"formatid":"gen9vgc2024regh","rating":1757,"private":0,"password":null}