{"id":"gen9vgc2024regh-2248560466","format":"[Gen 9] VGC 2024 Reg H","players":["VGCLTH <1000ELO","SkullySully"],"log":"|raw|<div class=\"broadcast-blue\"><strong>This battle is required to be public due to a player having a name starting with 'vgclth'.<\/div>\n|j|\u2606VGCLTH <1000ELO\n|j|\u2606SkullySully\n|t:|1732226473\n|gametype|doubles\n|player|p1|VGCLTH <1000ELO|170|1780\n|player|p2|SkullySully|blaine|1800\n|teamsize|p1|6\n|teamsize|p2|6\n|gen|9\n|tier|[Gen 9] VGC 2024 Reg H\n|rated|\n|rule|Species Clause: Limit one of each Pok\u00e9mon\n|rule|Item Clause: Limit 1 of each item\n|clearpoke\n|poke|p1|Dondozo, L50, M|\n|poke|p1|Tatsugiri, L50, F|\n|poke|p1|Dragonite, L50, M|\n|poke|p1|Gholdengo, L50|\n|poke|p1|Glimmora, L50, F|\n|poke|p1|Talonflame, L50, M|\n|poke|p2|Sinistcha-Masterpiece, L50|\n|poke|p2|Ursaluna, L50, M|\n|poke|p2|Zoroark-Hisui, L50, M|\n|poke|p2|Arcanine-Hisui, L50, F|\n|poke|p2|Archaludon, L50, M|\n|poke|p2|Pelipper, L50, F|\n|teampreview|4\n|inactive|Battle timer is ON: inactive players will automatically lose when time's up. (requested by VGCLTH <1000ELO)\n|\n|t:|1732226485\n|start\n|switch|p1a: Dragonite|Dragonite, L50, M|100\/100\n|switch|p1b: Gholdengo|Gholdengo, L50|100\/100\n|switch|p2a: Sinistcha|Sinistcha-Masterpiece, L50, shiny|100\/100\n|switch|p2b: Archaludon|Archaludon, L50, M|100\/100\n|turn|1\n|\n|t:|1732226491\n|-terastallize|p1b: Gholdengo|Flying\n|move|p2a: Sinistcha|Icy Wind|p1b: Gholdengo|[spread] p1a,p1b\n|-supereffective|p1a: Dragonite\n|-supereffective|p1b: Gholdengo\n|-damage|p1a: Dragonite|76\/100\n|-damage|p1b: Gholdengo|64\/100\n|-unboost|p1a: Dragonite|spe|1\n|-unboost|p1b: Gholdengo|spe|1\n|move|p2b: Archaludon|Draco Meteor|p1a: Dragonite\n|-supereffective|p1a: Dragonite\n|-damage|p1a: Dragonite|0 fnt\n|-unboost|p2b: Archaludon|spa|2\n|faint|p1a: Dragonite\n|move|p1b: Gholdengo|Make It Rain|p2b: Archaludon|[spread] p2a,p2b\n|-resisted|p2b: Archaludon\n|-crit|p2b: Archaludon\n|-enditem|p2a: Sinistcha|Focus Sash\n|-damage|p2a: Sinistcha|1\/100\n|-damage|p2b: Archaludon|62\/100\n|-unboost|p1b: Gholdengo|spa|1\n|replace|p2a: Zoroark|Zoroark-Hisui, L50, M, shiny\n|-end|p2a: Zoroark|Illusion\n|-ability|p2b: Archaludon|Stamina|boost\n|-boost|p2b: Archaludon|def|1\n|\n|upkeep\n|j| Kpxbrothers\n|inactive|VGCLTH <1000ELO has 30 seconds left.\n|\n|t:|1732226519\n|switch|p1a: Dondozo|Dondozo, L50, M|100\/100\n|turn|2\n|j| Former Fang\n|l| Former Fang\n|\n|t:|1732226527\n|switch|p1b: Tatsugiri|Tatsugiri, L50, F|100\/100\n|-activate|p1b: Tatsugiri|ability: Commander|[of] p1a: Dondozo\n|-boost|p1a: Dondozo|atk|2\n|-boost|p1a: Dondozo|spa|2\n|-boost|p1a: Dondozo|spe|2\n|-boost|p1a: Dondozo|def|2\n|-boost|p1a: Dondozo|spd|2\n|move|p2a: Zoroark|Will-O-Wisp|p1a: Dondozo\n|-status|p1a: Dondozo|brn\n|move|p1a: Dondozo|Earthquake|p2a: Zoroark|[spread] p2a,p2b\n|-miss|p1a: Dondozo|p1b: Tatsugiri\n|-supereffective|p2b: Archaludon\n|-damage|p2a: Zoroark|0 fnt\n|-damage|p2b: Archaludon|25\/100\n|-ability|p2b: Archaludon|Stamina|boost\n|-boost|p2b: Archaludon|def|1\n|faint|p2a: Zoroark\n|move|p2b: Archaludon|Electro Shot||[still]\n|-prepare|p2b: Archaludon|Electro Shot\n|-boost|p2b: Archaludon|spa|1\n|\n|-damage|p1a: Dondozo|94\/100 brn|[from] brn\n|upkeep\n|\n|t:|1732226534\n|switch|p2a: Sinistcha|Sinistcha-Masterpiece, L50, shiny|100\/100\n|-heal|p2b: Archaludon|50\/100|[from] ability: Hospitality|[of] p2a: Sinistcha\n|turn|3\n|\n|t:|1732226546\n|move|p1a: Dondozo|Order Up|p2b: Archaludon\n|-damage|p2b: Archaludon|32\/100\n|-ability|p2b: Archaludon|Stamina|boost\n|-boost|p2b: Archaludon|def|1\n|-boost|p1a: Dondozo|atk|1\n|move|p2b: Archaludon|Electro Shot|p1b: Tatsugiri|[from]lockedmove|[miss]\n|-miss|p2b: Archaludon|p1b: Tatsugiri\n|move|p2a: Sinistcha|Trick Room|p2a: Sinistcha\n|-fieldstart|move: Trick Room|[of] p2a: Sinistcha\n|\n|-heal|p1a: Dondozo|100\/100 brn|[from] item: Leftovers\n|-damage|p1a: Dondozo|94\/100 brn|[from] brn\n|upkeep\n|turn|4\n|\n|t:|1732226555\n|move|p2a: Sinistcha|Matcha Gotcha|p1a: Dondozo|[spread] p1a\n|-miss|p2a: Sinistcha|p1b: Tatsugiri\n|-supereffective|p1a: Dondozo\n|-damage|p1a: Dondozo|68\/100 brn\n|move|p2b: Archaludon|Draco Meteor|p1a: Dondozo\n|-damage|p1a: Dondozo|29\/100 brn\n|-unboost|p2b: Archaludon|spa|2\n|move|p1a: Dondozo|Earthquake|p2a: Sinistcha|[spread] p2a,p2b\n|-miss|p1a: Dondozo|p1b: Tatsugiri\n|-resisted|p2a: Sinistcha\n|-supereffective|p2b: Archaludon\n|-damage|p2a: Sinistcha|90\/100\n|-damage|p2b: Archaludon|0 fnt\n|faint|p2b: Archaludon\n|\n|-heal|p1a: Dondozo|35\/100 brn|[from] item: Leftovers\n|-damage|p1a: Dondozo|29\/100 brn|[from] brn\n|upkeep\n|\n|t:|1732226568\n|switch|p2b: Ursaluna|Ursaluna, L50, M, shiny|100\/100\n|turn|5\n|j| kyo9t\n|\n|t:|1732226577\n|-terastallize|p2b: Ursaluna|Fairy\n|move|p1a: Dondozo|Protect|p1a: Dondozo\n|-singleturn|p1a: Dondozo|Protect\n|move|p2b: Ursaluna|Facade|p1a: Dondozo\n|-activate|p1a: Dondozo|move: Protect\n|move|p2a: Sinistcha|Matcha Gotcha|p1a: Dondozo|[spread] \n|-miss|p2a: Sinistcha|p1b: Tatsugiri\n|-activate|p1a: Dondozo|move: Protect\n|\n|-heal|p1a: Dondozo|35\/100 brn|[from] item: Leftovers\n|-damage|p1a: Dondozo|29\/100 brn|[from] brn\n|-status|p2b: Ursaluna|brn|[from] item: Flame Orb\n|upkeep\n|turn|6\n|\n|t:|1732226601\n|move|p1a: Dondozo|Protect||[still]\n|-fail|p1a: Dondozo\n|move|p2b: Ursaluna|Facade|p1a: Dondozo\n|-damage|p1a: Dondozo|0 fnt\n|faint|p1a: Dondozo\n|move|p2a: Sinistcha|Matcha Gotcha|p1b: Tatsugiri\n|-damage|p1b: Tatsugiri|55\/100\n|-heal|p2a: Sinistcha|100\/100|[from] drain|[of] p1b: Tatsugiri\n|\n|-damage|p2b: Ursaluna|95\/100 brn|[from] brn\n|upkeep\n|\n|t:|1732226604\n|switch|p1a: Gholdengo|Gholdengo, L50, tera:Flying|64\/100\n|turn|7\n|\n|t:|1732226613\n|move|p2b: Ursaluna|Facade|p1b: Tatsugiri\n|-crit|p1b: Tatsugiri\n|-damage|p1b: Tatsugiri|0 fnt\n|faint|p1b: Tatsugiri\n|move|p2a: Sinistcha|Matcha Gotcha|p1a: Gholdengo\n|-resisted|p1a: Gholdengo\n|-damage|p1a: Gholdengo|44\/100\n|move|p1a: Gholdengo|Make It Rain|p2a: Sinistcha|[spread] p2a,p2b\n|-crit|p2a: Sinistcha\n|-supereffective|p2b: Ursaluna\n|-damage|p2a: Sinistcha|0 fnt\n|-damage|p2b: Ursaluna|0 fnt\n|-unboost|p1a: Gholdengo|spa|1\n|faint|p2a: Sinistcha\n|faint|p2b: Ursaluna\n|\n|win|VGCLTH <1000ELO\n|raw|VGCLTH &lt;1000ELO's rating: 1780 &rarr; <strong>1801<\/strong><br \/>(+21 for winning)\n|raw|SkullySully's rating: 1800 &rarr; <strong>1779<\/strong><br \/>(-21 for losing)\n|l|\u2606SkullySully\n|player|p2|\n|l|\u2606VGCLTH <1000ELO\n|player|p1|\n|l| kyo9t\n","uploadtime":1732226814,"views":45,"formatid":"gen9vgc2024regh","rating":1779,"private":0,"password":null}