{"id":"gen9vgc2024regh-2248909077","format":"[Gen 9] VGC 2024 Reg H","players":["juacox300","VGCLTH Rain"],"log":"|raw|<div class=\"broadcast-blue\"><strong>This battle is required to be public due to a player having a name starting with 'vgclth'.<\/div>\n|j|\u2606juacox300\n|j|\u2606VGCLTH Rain\n|t:|1732279406\n|gametype|doubles\n|player|p1|juacox300|unknown|1749\n|player|p2|VGCLTH Rain|2|1646\n|teamsize|p1|6\n|teamsize|p2|6\n|gen|9\n|tier|[Gen 9] VGC 2024 Reg H\n|rated|\n|rule|Species Clause: Limit one of each Pok\u00e9mon\n|rule|Item Clause: Limit 1 of each item\n|clearpoke\n|poke|p1|Ursaluna, L50, F|\n|poke|p1|Murkrow, L50, M|\n|poke|p1|Sneasler, L50, M|\n|poke|p1|Indeedee, L50, M|\n|poke|p1|Archaludon, L50, M|\n|poke|p1|Incineroar, L50, M|\n|poke|p2|Typhlosion-Hisui, L50, F|\n|poke|p2|Glimmora, L50, F|\n|poke|p2|Grimmsnarl, L50, M|\n|poke|p2|Whimsicott, L50, M|\n|poke|p2|Ursaluna-Bloodmoon, L50, M|\n|poke|p2|Dusclops, L50, M|\n|teampreview|4\n|inactive|Battle timer is ON: inactive players will automatically lose when time's up. (requested by VGCLTH Rain)\n|inactive|juacox300 has 60 seconds left.\n|\n|t:|1732279482\n|start\n|switch|p1a: Alfred|Indeedee, L50, M, shiny|100\/100\n|switch|p1b: Tommau|Sneasler, L50, M|100\/100\n|switch|p2a: Glimmora|Glimmora, L50, F|100\/100\n|switch|p2b: Grimmsnarl|Grimmsnarl, L50, M|100\/100\n|-fieldstart|move: Psychic Terrain|[from] ability: Psychic Surge|[of] p1a: Alfred\n|-enditem|p1b: Tommau|Psychic Seed\n|-boost|p1b: Tommau|spd|1|[from] item: Psychic Seed\n|turn|1\n|\n|t:|1732279492\n|move|p2b: Grimmsnarl|Reflect|p2b: Grimmsnarl\n|-sidestart|p2: VGCLTH Rain|Reflect\n|move|p1b: Tommau|Dire Claw|p2b: Grimmsnarl\n|-supereffective|p2b: Grimmsnarl\n|-damage|p2b: Grimmsnarl|17\/100\n|move|p1a: Alfred|Expanding Force|p2a: Glimmora|[spread] p2a\n|-immune|p2b: Grimmsnarl\n|-supereffective|p2a: Glimmora\n|-enditem|p2a: Glimmora|Focus Sash\n|-damage|p2a: Glimmora|1\/100\n|move|p2a: Glimmora|Sludge Bomb|p1a: Alfred\n|-damage|p1a: Alfred|29\/100\n|\n|upkeep\n|turn|2\n|\n|t:|1732279506\n|move|p2b: Grimmsnarl|Reflect||[still]\n|-fail|p2b: Grimmsnarl\n|move|p1b: Tommau|Dire Claw|p2b: Grimmsnarl\n|-supereffective|p2b: Grimmsnarl\n|-damage|p2b: Grimmsnarl|0 fnt\n|faint|p2b: Grimmsnarl\n|move|p1a: Alfred|Expanding Force|p2a: Glimmora\n|-supereffective|p2a: Glimmora\n|-crit|p2a: Glimmora\n|-damage|p2a: Glimmora|0 fnt\n|faint|p2a: Glimmora\n|\n|upkeep\n|\n|t:|1732279509\n|switch|p2a: Dusclops|Dusclops, L50, M|100\/100\n|switch|p2b: Ursaluna|Ursaluna-Bloodmoon, L50, M|100\/100\n|-item|p1a: Alfred|Choice Scarf|[from] ability: Frisk|[of] p2a: Dusclops\n|turn|3\n|\n|t:|1732279520\n|switch|p1b: Ursaluna|Ursaluna, L50, F|100\/100\n|switch|p1a: Incineroar|Incineroar, L50, M|100\/100\n|-ability|p1a: Incineroar|Intimidate|boost\n|-unboost|p2a: Dusclops|atk|1\n|-unboost|p2b: Ursaluna|atk|1\n|move|p2b: Ursaluna|Hyper Voice|p1b: Ursaluna|[spread] p1a,p1b\n|-damage|p1a: Incineroar|77\/100\n|-damage|p1b: Ursaluna|65\/100\n|-enditem|p2b: Ursaluna|Throat Spray\n|-boost|p2b: Ursaluna|spa|1|[from] item: Throat Spray\n|move|p2a: Dusclops|Trick Room|p2a: Dusclops\n|-fieldstart|move: Trick Room|[of] p2a: Dusclops\n|\n|-status|p1b: Ursaluna|brn|[from] item: Flame Orb\n|upkeep\n|turn|4\n|\n|t:|1732279536\n|-terastallize|p1a: Incineroar|Ghost\n|move|p2b: Ursaluna|Protect|p2b: Ursaluna\n|-singleturn|p2b: Ursaluna|Protect\n|move|p2a: Dusclops|Night Shade|p1a: Incineroar\n|-damage|p1a: Incineroar|50\/100\n|move|p1b: Ursaluna|Facade|p2b: Ursaluna\n|-activate|p2b: Ursaluna|move: Protect\n|move|p1a: Incineroar|Snarl|p2b: Ursaluna|[spread] p2a\n|-activate|p2b: Ursaluna|move: Protect\n|-supereffective|p2a: Dusclops\n|-damage|p2a: Dusclops|88\/100\n|-unboost|p2a: Dusclops|spa|1\n|\n|-damage|p1b: Ursaluna|59\/100 brn|[from] brn\n|upkeep\n|turn|5\n|\n|t:|1732279550\n|switch|p1a: Alfred|Indeedee, L50, M, shiny|29\/100\n|move|p2a: Dusclops|Helping Hand|p2b: Ursaluna\n|-singleturn|p2b: Ursaluna|Helping Hand|[of] p2a: Dusclops\n|move|p1b: Ursaluna|Protect|p1b: Ursaluna\n|-singleturn|p1b: Ursaluna|Protect\n|move|p2b: Ursaluna|Hyper Voice|p1b: Ursaluna|[spread] p1a\n|-activate|p1b: Ursaluna|move: Protect\n|-damage|p1a: Alfred|0 fnt\n|faint|p1a: Alfred\n|\n|-damage|p1b: Ursaluna|53\/100 brn|[from] brn\n|-fieldend|move: Psychic Terrain\n|upkeep\n|\n|t:|1732279553\n|switch|p1a: Incineroar|Incineroar, L50, M, tera:Ghost|50\/100\n|-ability|p1a: Incineroar|Intimidate|boost\n|-unboost|p2a: Dusclops|atk|1\n|-unboost|p2b: Ursaluna|atk|1\n|turn|6\n|\n|t:|1732279561\n|move|p2b: Ursaluna|Protect|p2b: Ursaluna\n|-singleturn|p2b: Ursaluna|Protect\n|move|p2a: Dusclops|Night Shade|p1a: Incineroar\n|-damage|p1a: Incineroar|24\/100\n|move|p1b: Ursaluna|Facade|p2b: Ursaluna\n|-activate|p2b: Ursaluna|move: Protect\n|move|p1a: Incineroar|Snarl|p2a: Dusclops|[spread] p2a\n|-activate|p2b: Ursaluna|move: Protect\n|-supereffective|p2a: Dusclops\n|-damage|p2a: Dusclops|76\/100\n|-unboost|p2a: Dusclops|spa|1\n|\n|-damage|p1b: Ursaluna|48\/100 brn|[from] brn\n|upkeep\n|turn|7\n|\n|t:|1732279570\n|move|p2a: Dusclops|Helping Hand|p2b: Ursaluna\n|-singleturn|p2b: Ursaluna|Helping Hand|[of] p2a: Dusclops\n|move|p1b: Ursaluna|Protect|p1b: Ursaluna\n|-singleturn|p1b: Ursaluna|Protect\n|move|p2b: Ursaluna|Hyper Voice|p1a: Incineroar|[spread] p1a\n|-activate|p1b: Ursaluna|move: Protect\n|-damage|p1a: Incineroar|0 fnt\n|faint|p1a: Incineroar\n|\n|-damage|p1b: Ursaluna|42\/100 brn|[from] brn\n|-fieldend|move: Trick Room\n|upkeep\n|\n|t:|1732279572\n|switch|p1a: Tommau|Sneasler, L50, M|100\/100\n|turn|8\n|\n|t:|1732279579\n|-terastallize|p2b: Ursaluna|Grass\n|move|p1a: Tommau|Throat Chop|p2a: Dusclops\n|-supereffective|p2a: Dusclops\n|-damage|p2a: Dusclops|46\/100\n|-start|p2a: Dusclops|Throat Chop|[silent]\n|move|p1b: Ursaluna|Headlong Rush|p2a: Dusclops\n|-damage|p2a: Dusclops|0 fnt\n|-unboost|p1b: Ursaluna|def|1\n|-unboost|p1b: Ursaluna|spd|1\n|faint|p2a: Dusclops\n|move|p2b: Ursaluna|Hyper Voice|p1b: Ursaluna|[spread] p1a,p1b\n|-damage|p1a: Tommau|26\/100\n|-damage|p1b: Ursaluna|0 fnt\n|faint|p1b: Ursaluna\n|\n|-sideend|p2: VGCLTH Rain|Reflect\n|upkeep\n|turn|9\n|\n|t:|1732279591\n|move|p1a: Tommau|Dire Claw|p2b: Ursaluna\n|-supereffective|p2b: Ursaluna\n|-damage|p2b: Ursaluna|40\/100\n|move|p2b: Ursaluna|Hyper Voice|p1a: Tommau\n|-damage|p1a: Tommau|0 fnt\n|faint|p1a: Tommau\n|\n|win|VGCLTH Rain\n|raw|juacox300's rating: 1749 &rarr; <strong>1723<\/strong><br \/>(-26 for losing)\n|raw|VGCLTH Rain's rating: 1646 &rarr; <strong>1672<\/strong><br \/>(+26 for winning)\n","uploadtime":1732279596,"views":54,"formatid":"gen9vgc2024regh","rating":1672,"private":0,"password":null}