{"id":"gen9vgc2024regh-2248549519","format":"[Gen 9] VGC 2024 Reg H","players":["zip520520","VGCLTH <1000ELO"],"log":"|raw|<div class=\"broadcast-blue\"><strong>This battle is required to be public due to a player having a name starting with 'vgclth'.<\/div>\n|j|\u2606zip520520\n|j|\u2606VGCLTH <1000ELO\n|t:|1732225342\n|gametype|doubles\n|player|p1|zip520520|170|1790\n|player|p2|VGCLTH <1000ELO|170|1774\n|teamsize|p1|6\n|teamsize|p2|6\n|gen|9\n|tier|[Gen 9] VGC 2024 Reg H\n|rated|\n|rule|Species Clause: Limit one of each Pok\u00e9mon\n|rule|Item Clause: Limit 1 of each item\n|clearpoke\n|poke|p1|Gholdengo, L50|\n|poke|p1|Garchomp, L50, M|\n|poke|p1|Glimmora, L50, M|\n|poke|p1|Tyranitar, L50, M|\n|poke|p1|Primarina, L50, F|\n|poke|p1|Sinistcha, L50|\n|poke|p2|Dondozo, L50, M|\n|poke|p2|Tatsugiri, L50, F|\n|poke|p2|Dragonite, L50, M|\n|poke|p2|Gholdengo, L50|\n|poke|p2|Glimmora, L50, F|\n|poke|p2|Talonflame, L50, F|\n|teampreview|4\n|inactive|Battle timer is ON: inactive players will automatically lose when time's up. (requested by VGCLTH <1000ELO)\n|inactive|zip520520 also wants the timer to be on.\n|j| kyo9t\n|inactive|zip520520 has 60 seconds left.\n|\n|t:|1732225375\n|start\n|switch|p1a: Gholdengo|Gholdengo, L50|100\/100\n|switch|p1b: Glimmora|Glimmora, L50, M|100\/100\n|switch|p2a: Dondozo|Dondozo, L50, M|100\/100\n|switch|p2b: Gholdengo|Gholdengo, L50|100\/100\n|turn|1\n|inactive|zip520520 has 30 seconds left.\n|\n|t:|1732225402\n|switch|p1a: Sinistcha|Sinistcha, L50|100\/100\n|-terastallize|p2b: Gholdengo|Flying\n|move|p1b: Glimmora|Toxic|p2a: Dondozo\n|-status|p2a: Dondozo|tox\n|move|p2b: Gholdengo|Make It Rain|p1a: Sinistcha|[spread] p1a,p1b\n|-supereffective|p1b: Glimmora\n|-damage|p1a: Sinistcha|40\/100\n|-enditem|p1b: Glimmora|Focus Sash\n|-damage|p1b: Glimmora|1\/100\n|-unboost|p2b: Gholdengo|spa|1\n|-enditem|p1a: Sinistcha|Sitrus Berry|[eat]\n|-heal|p1a: Sinistcha|65\/100|[from] item: Sitrus Berry\n|move|p2a: Dondozo|Earthquake|p1b: Glimmora|[spread] p1a,p1b\n|-immune|p2b: Gholdengo\n|-resisted|p1a: Sinistcha\n|-supereffective|p1b: Glimmora\n|-damage|p1a: Sinistcha|54\/100\n|-damage|p1b: Glimmora|0 fnt\n|-activate|p1b: Glimmora|ability: Toxic Debris\n|-sidestart|p2: VGCLTH <1000ELO|move: Toxic Spikes\n|faint|p1b: Glimmora\n|\n|-damage|p2a: Dondozo|94\/100 tox|[from] psn\n|upkeep\n|inactive|zip520520 has 30 seconds left.\n|\n|t:|1732225435\n|switch|p1b: Primarina|Primarina, L50, F|100\/100\n|turn|2\n|\n|t:|1732225445\n|-terastallize|p1a: Sinistcha|Water\n|move|p1b: Primarina|Protect|p1b: Primarina\n|-singleturn|p1b: Primarina|Protect\n|move|p2b: Gholdengo|Make It Rain|p1a: Sinistcha|[spread] p1a\n|-activate|p1b: Primarina|move: Protect\n|-resisted|p1a: Sinistcha\n|-damage|p1a: Sinistcha|34\/100\n|-unboost|p2b: Gholdengo|spa|1\n|move|p2a: Dondozo|Wave Crash|p1a: Sinistcha\n|-resisted|p1a: Sinistcha\n|-damage|p1a: Sinistcha|7\/100\n|-damage|p2a: Dondozo|87\/100 tox|[from] Recoil\n|move|p1a: Sinistcha|Trick Room|p1a: Sinistcha\n|-fieldstart|move: Trick Room|[of] p1a: Sinistcha\n|\n|-heal|p2a: Dondozo|93\/100 tox|[from] item: Leftovers\n|-damage|p2a: Dondozo|81\/100 tox|[from] psn\n|upkeep\n|turn|3\n|inactive|zip520520 has 30 seconds left.\n|inactive|VGCLTH <1000ELO has 30 seconds left.\n|inactive|VGCLTH <1000ELO has 20 seconds left.\n|inactive|VGCLTH <1000ELO has 15 seconds left.\n|\n|t:|1732225489\n|switch|p2a: Dragonite|Dragonite, L50, M|100\/100\n|move|p1a: Sinistcha|Matcha Gotcha|p2a: Dragonite|[spread] p2a,p2b\n|-resisted|p2a: Dragonite\n|-resisted|p2b: Gholdengo\n|-damage|p2a: Dragonite|98\/100\n|-heal|p1a: Sinistcha|8\/100|[from] drain|[of] p2a: Dragonite\n|-damage|p2b: Gholdengo|86\/100\n|-heal|p1a: Sinistcha|15\/100|[from] drain|[of] p2b: Gholdengo\n|move|p1b: Primarina|Hyper Voice|p2b: Gholdengo|[spread] p2a,p2b\n|-resisted|p2a: Dragonite\n|-damage|p2a: Dragonite|75\/100\n|-damage|p2b: Gholdengo|30\/100\n|-damage|p1b: Primarina|91\/100|[from] item: Life Orb\n|move|p2b: Gholdengo|Make It Rain|p1b: Primarina|[spread] p1a,p1b\n|-resisted|p1a: Sinistcha\n|-damage|p1a: Sinistcha|0 fnt\n|-damage|p1b: Primarina|57\/100\n|-unboost|p2b: Gholdengo|spa|1\n|faint|p1a: Sinistcha\n|\n|upkeep\n|\n|t:|1732225513\n|switch|p1a: Gholdengo|Gholdengo, L50|100\/100\n|turn|4\n|\n|t:|1732225530\n|move|p1b: Primarina|Protect|p1b: Primarina\n|-singleturn|p1b: Primarina|Protect\n|move|p2a: Dragonite|Earthquake|p1a: Gholdengo|[spread] p1a\n|-activate|p1b: Primarina|move: Protect\n|-immune|p2b: Gholdengo\n|-supereffective|p1a: Gholdengo\n|-damage|p1a: Gholdengo|0 fnt\n|faint|p1a: Gholdengo\n|move|p2b: Gholdengo|Make It Rain|p1b: Primarina\n|-activate|p1b: Primarina|move: Protect\n|\n|upkeep\n|turn|5\n|-message|zip520520 forfeited.\n|\n|win|VGCLTH <1000ELO\n|raw|zip520520's rating: 1790 &rarr; <strong>1769<\/strong><br \/>(-21 for losing)\n|raw|VGCLTH &lt;1000ELO's rating: 1774 &rarr; <strong>1795<\/strong><br \/>(+21 for winning)\n|l|\u2606zip520520\n|player|p1|\n|l|\u2606VGCLTH <1000ELO\n|player|p2|\n|l| kyo9t\n","uploadtime":1732225823,"views":14,"formatid":"gen9vgc2024regh","rating":1769,"private":0,"password":null}