{"id":"gen9vgc2024regh-2248330270","format":"[Gen 9] VGC 2024 Reg H","players":["VGCLTH Snowsquall","Skirmikin"],"log":"|j|\u2606VGCLTH Snowsquall\n|j|\u2606Skirmikin\n|t:|1732204353\n|gametype|doubles\n|player|p1|VGCLTH Snowsquall|veteran|1736\n|player|p2|Skirmikin|colress|1657\n|teamsize|p1|6\n|teamsize|p2|6\n|gen|9\n|tier|[Gen 9] VGC 2024 Reg H\n|rated|\n|rule|Species Clause: Limit one of each Pok\u00e9mon\n|rule|Item Clause: Limit 1 of each item\n|clearpoke\n|poke|p1|Archaludon, L50, M|\n|poke|p1|Rillaboom, L50, M|\n|poke|p1|Skeledirge, L50, F|\n|poke|p1|Electabuzz, L50, M|\n|poke|p1|Samurott-Hisui, L50, F|\n|poke|p1|Gholdengo, L50|\n|poke|p2|Pelipper, L50, M|\n|poke|p2|Archaludon, L50, M|\n|poke|p2|Amoonguss, L50, M|\n|poke|p2|Sneasler, L50, F|\n|poke|p2|Mimikyu, L50, F|\n|poke|p2|Garchomp, L50, M|\n|teampreview|4\n|inactive|Battle timer is ON: inactive players will automatically lose when time's up. (requested by Skirmikin)\n|inactive|Skirmikin has 60 seconds left.\n|inactive|Skirmikin has 30 seconds left.\n|inactive|Skirmikin has 20 seconds left.\n|\n|t:|1732204425\n|start\n|switch|p1a: Electabuzz|Electabuzz, L50, M|100\/100\n|switch|p1b: Archaludon|Archaludon, L50, M|100\/100\n|switch|p2a: Mimikyu|Mimikyu, L50, F, shiny|100\/100\n|switch|p2b: Garchomp|Garchomp, L50, M|100\/100\n|turn|1\n|inactive|Skirmikin has 30 seconds left.\n|\n|t:|1732204456\n|switch|p1a: Rillaboom|Rillaboom, L50, M|100\/100\n|-fieldstart|move: Grassy Terrain|[from] ability: Grassy Surge|[of] p1a: Rillaboom\n|switch|p2a: Pelipper|Pelipper, L50, M|100\/100\n|-weather|RainDance|[from] ability: Drizzle|[of] p2a: Pelipper\n|-terastallize|p2b: Garchomp|Fairy\n|move|p2b: Garchomp|Outrage|p1b: Archaludon\n|-damage|p1b: Archaludon|57\/100\n|-ability|p1b: Archaludon|Stamina|boost\n|-boost|p1b: Archaludon|def|1\n|move|p1b: Archaludon|Dragon Pulse|p2b: Garchomp\n|-immune|p2b: Garchomp\n|\n|-weather|RainDance|[upkeep]\n|-heal|p1b: Archaludon|63\/100|[from] Grassy Terrain\n|-heal|p1b: Archaludon|69\/100|[from] item: Leftovers\n|upkeep\n|turn|2\n|\n|t:|1732204472\n|move|p2a: Pelipper|Protect|p2a: Pelipper\n|-singleturn|p2a: Pelipper|Protect\n|move|p1a: Rillaboom|Fake Out|p2a: Pelipper\n|-activate|p2a: Pelipper|move: Protect\n|move|p2b: Garchomp|Outrage|p1a: Rillaboom|[from]lockedmove\n|-damage|p1a: Rillaboom|36\/100\n|move|p1b: Archaludon|Dragon Pulse|p2a: Pelipper\n|-activate|p2a: Pelipper|move: Protect\n|\n|-weather|RainDance|[upkeep]\n|-heal|p1a: Rillaboom|42\/100|[from] Grassy Terrain\n|-heal|p1b: Archaludon|75\/100|[from] Grassy Terrain\n|-heal|p1b: Archaludon|82\/100|[from] item: Leftovers\n|upkeep\n|turn|3\n|\n|t:|1732204480\n|switch|p2a: Mimikyu|Mimikyu, L50, F, shiny|100\/100\n|move|p1a: Rillaboom|Grassy Glide|p2a: Mimikyu\n|-activate|p2a: Mimikyu|ability: Disguise\n|-damage|p2a: Mimikyu|100\/100\n|detailschange|p2a: Mimikyu|Mimikyu-Busted, L50, F, shiny\n|-damage|p2a: Mimikyu|88\/100|[from] pokemon: Mimikyu-Busted\n|move|p2b: Garchomp|Outrage|p1a: Rillaboom|[from]lockedmove\n|-damage|p1a: Rillaboom|0 fnt\n|faint|p1a: Rillaboom\n|-start|p2b: Garchomp|confusion|[fatigue]\n|move|p1b: Archaludon|Dragon Pulse|p2a: Mimikyu\n|-immune|p2a: Mimikyu\n|\n|-weather|RainDance|[upkeep]\n|-heal|p1b: Archaludon|88\/100|[from] Grassy Terrain\n|-heal|p1b: Archaludon|94\/100|[from] item: Leftovers\n|-heal|p2a: Mimikyu|94\/100|[from] Grassy Terrain\n|upkeep\n|\n|t:|1732204484\n|switch|p1a: Electabuzz|Electabuzz, L50, M|100\/100\n|turn|4\n|\n|t:|1732204500\n|switch|p2b: Archaludon|Archaludon, L50, M, shiny|100\/100\n|move|p1a: Electabuzz|Protect|p1a: Electabuzz\n|-singleturn|p1a: Electabuzz|Protect\n|move|p1b: Archaludon|Iron Defense|p1b: Archaludon\n|-boost|p1b: Archaludon|def|2\n|move|p2a: Mimikyu|Shadow Claw|p1a: Electabuzz\n|-activate|p1a: Electabuzz|move: Protect\n|\n|-weather|RainDance|[upkeep]\n|-heal|p1b: Archaludon|99\/100|[from] Grassy Terrain\n|-heal|p1b: Archaludon|100\/100|[from] item: Leftovers\n|-heal|p2a: Mimikyu|100\/100|[from] Grassy Terrain\n|upkeep\n|turn|5\n|\n|t:|1732204512\n|-terastallize|p1b: Archaludon|Fighting\n|move|p1a: Electabuzz|Thunderbolt|p2a: Mimikyu\n|-damage|p2a: Mimikyu|70\/100\n|move|p2b: Archaludon|Electro Shot||[still]\n|-prepare|p2b: Archaludon|Electro Shot\n|-boost|p2b: Archaludon|spa|1\n|-anim|p2b: Archaludon|Electro Shot|p1b: Archaludon\n|-damage|p1b: Archaludon|48\/100\n|-ability|p1b: Archaludon|Stamina|boost\n|-boost|p1b: Archaludon|def|1\n|move|p1b: Archaludon|Body Press|p2b: Archaludon\n|-supereffective|p2b: Archaludon\n|-damage|p2b: Archaludon|0 fnt\n|faint|p2b: Archaludon\n|move|p2a: Mimikyu|Will-O-Wisp|p1b: Archaludon\n|-status|p1b: Archaludon|brn\n|\n|-weather|none\n|-heal|p1b: Archaludon|54\/100 brn|[from] Grassy Terrain\n|-heal|p1b: Archaludon|60\/100 brn|[from] item: Leftovers\n|-heal|p2a: Mimikyu|76\/100|[from] Grassy Terrain\n|-damage|p1b: Archaludon|54\/100 brn|[from] brn\n|-fieldend|move: Grassy Terrain\n|upkeep\n|\n|t:|1732204524\n|switch|p2b: Pelipper|Pelipper, L50, M|100\/100\n|-weather|RainDance|[from] ability: Drizzle|[of] p2b: Pelipper\n|turn|6\n|\n|t:|1732204534\n|move|p2b: Pelipper|Protect|p2b: Pelipper\n|-singleturn|p2b: Pelipper|Protect\n|move|p1a: Electabuzz|Follow Me|p1a: Electabuzz\n|-singleturn|p1a: Electabuzz|move: Follow Me\n|move|p1b: Archaludon|Dragon Pulse|p2b: Pelipper\n|-activate|p2b: Pelipper|move: Protect\n|move|p2a: Mimikyu|Play Rough|p1a: Electabuzz\n|-damage|p1a: Electabuzz|75\/100\n|\n|-weather|RainDance|[upkeep]\n|-heal|p1b: Archaludon|60\/100 brn|[from] item: Leftovers\n|-damage|p1b: Archaludon|54\/100 brn|[from] brn\n|upkeep\n|turn|7\n|\n|t:|1732204549\n|switch|p2b: Garchomp|Garchomp, L50, M, tera:Fairy|100\/100\n|move|p1b: Archaludon|Protect|p1b: Archaludon\n|-singleturn|p1b: Archaludon|Protect\n|move|p1a: Electabuzz|Thunderbolt|p2b: Garchomp\n|-damage|p2b: Garchomp|70\/100\n|move|p2a: Mimikyu|Play Rough|p1b: Archaludon\n|-activate|p1b: Archaludon|move: Protect\n|\n|-weather|RainDance|[upkeep]\n|-heal|p1b: Archaludon|60\/100 brn|[from] item: Leftovers\n|-damage|p1b: Archaludon|54\/100 brn|[from] brn\n|upkeep\n|turn|8\n|\n|t:|1732204561\n|move|p1a: Electabuzz|Protect|p1a: Electabuzz\n|-singleturn|p1a: Electabuzz|Protect\n|move|p2b: Garchomp|Stomping Tantrum|p1a: Electabuzz\n|-activate|p1a: Electabuzz|move: Protect\n|move|p1b: Archaludon|Body Press|p2b: Garchomp\n|-resisted|p2b: Garchomp\n|-damage|p2b: Garchomp|42\/100\n|-damage|p1b: Archaludon|42\/100 brn|[from] ability: Rough Skin|[of] p2b: Garchomp\n|move|p2a: Mimikyu|Shadow Claw|p1b: Archaludon\n|-damage|p1b: Archaludon|35\/100 brn\n|-ability|p1b: Archaludon|Stamina|boost\n|-boost|p1b: Archaludon|def|1\n|\n|-weather|RainDance|[upkeep]\n|-heal|p1b: Archaludon|41\/100 brn|[from] item: Leftovers\n|-damage|p1b: Archaludon|35\/100 brn|[from] brn\n|upkeep\n|turn|9\n|\n|t:|1732204572\n|switch|p1b: Samurott|Samurott-Hisui, L50, F|100\/100\n|move|p1a: Electabuzz|Protect||[still]\n|-fail|p1a: Electabuzz\n|move|p2b: Garchomp|Stomping Tantrum|p1a: Electabuzz\n|-supereffective|p1a: Electabuzz\n|-damage|p1a: Electabuzz|12\/100\n|move|p2a: Mimikyu|Shadow Claw|p1b: Samurott\n|-resisted|p1b: Samurott\n|-damage|p1b: Samurott|82\/100\n|\n|-weather|RainDance|[upkeep]\n|upkeep\n|turn|10\n|\n|t:|1732204581\n|switch|p2b: Pelipper|Pelipper, L50, M|100\/100\n|move|p1a: Electabuzz|Follow Me|p1a: Electabuzz\n|-singleturn|p1a: Electabuzz|move: Follow Me\n|move|p1b: Samurott|Razor Shell|p2a: Mimikyu\n|-damage|p2a: Mimikyu|0 fnt\n|faint|p2a: Mimikyu\n|\n|-weather|none\n|upkeep\n|\n|t:|1732204589\n|switch|p2a: Garchomp|Garchomp, L50, M, tera:Fairy|42\/100\n|turn|11\n|\n|t:|1732204603\n|move|p1a: Electabuzz|Protect|p1a: Electabuzz\n|-singleturn|p1a: Electabuzz|Protect\n|move|p2a: Garchomp|Outrage|p1b: Samurott\n|-damage|p1b: Samurott|0 fnt\n|faint|p1b: Samurott\n|move|p2b: Pelipper|Hurricane|p1a: Electabuzz\n|-activate|p1a: Electabuzz|move: Protect\n|\n|upkeep\n|\n|t:|1732204608\n|switch|p1b: Archaludon|Archaludon, L50, M, tera:Fighting|35\/100 brn\n|turn|12\n|\n|t:|1732204612\n|move|p2a: Garchomp|Outrage|p1a: Electabuzz|[from]lockedmove\n|-damage|p1a: Electabuzz|0 fnt\n|faint|p1a: Electabuzz\n|-start|p2a: Garchomp|confusion|[fatigue]\n|move|p1b: Archaludon|Dragon Pulse|p2b: Pelipper\n|-damage|p2b: Pelipper|54\/100\n|move|p2b: Pelipper|Hurricane|p1b: Archaludon\n|-supereffective|p1b: Archaludon\n|-damage|p1b: Archaludon|0 fnt\n|faint|p1b: Archaludon\n|\n|win|Skirmikin\n|raw|VGCLTH Snowsquall's rating: 1736 &rarr; <strong>1712<\/strong><br \/>(-24 for losing)\n|raw|Skirmikin's rating: 1657 &rarr; <strong>1681<\/strong><br \/>(+24 for winning)\n|j| Shiny001\n|l|\u2606VGCLTH Snowsquall\n|player|p1|\n|c|\u2606Skirmikin|You joined at wrong time\n|l| Shiny001\n|j| Shiny001\n","uploadtime":1732204645,"views":17,"formatid":"gen9vgc2024regh","rating":1681,"private":0,"password":null}