{"id":"gen9vgc2024regh-2248529307","format":"[Gen 9] VGC 2024 Reg H","players":["jhopefrombts","zip520520"],"log":"|j|\u2606jhopefrombts\n|j|\u2606zip520520\n|t:|1732223296\n|gametype|doubles\n|player|p1|jhopefrombts|266|1702\n|player|p2|zip520520|170|1741\n|teamsize|p1|6\n|teamsize|p2|6\n|gen|9\n|tier|[Gen 9] VGC 2024 Reg H\n|rated|\n|rule|Species Clause: Limit one of each Pok\u00e9mon\n|rule|Item Clause: Limit 1 of each item\n|clearpoke\n|poke|p1|Sylveon, L50, M|\n|poke|p1|Talonflame, L50, F|\n|poke|p1|Dragapult, L50, M|\n|poke|p1|Decidueye-Hisui, L50, F|\n|poke|p1|Electabuzz, L50, F|\n|poke|p1|Chandelure, L50, F|\n|poke|p2|Gholdengo, L50|\n|poke|p2|Garchomp, L50, M|\n|poke|p2|Glimmora, L50, F|\n|poke|p2|Tyranitar, L50, M|\n|poke|p2|Primarina, L50, M|\n|poke|p2|Sinistcha, L50|\n|teampreview|4\n|inactive|Battle timer is ON: inactive players will automatically lose when time's up. (requested by zip520520)\n|j| kyo9t\n|inactive|zip520520 has 60 seconds left.\n|\n|t:|1732223343\n|start\n|switch|p1a: Talonflame|Talonflame, L50, F|100\/100\n|switch|p1b: Decidueye|Decidueye-Hisui, L50, F|100\/100\n|switch|p2a: Garchomp|Garchomp, L50, M|100\/100\n|switch|p2b: Glimmora|Glimmora, L50, F|100\/100\n|turn|1\n|inactive|zip520520 has 30 seconds left.\n|j| mr pogostick\n|inactive|zip520520 has 20 seconds left.\n|\n|t:|1732223381\n|move|p1a: Talonflame|Tailwind|p1a: Talonflame\n|-sidestart|p1: jhopefrombts|move: Tailwind\n|move|p1b: Decidueye|Triple Arrows|p2b: Glimmora\n|-crit|p2b: Glimmora\n|-damage|p2b: Glimmora|10\/100\n|-activate|p2b: Glimmora|ability: Toxic Debris\n|-sidestart|p1: jhopefrombts|move: Toxic Spikes\n|move|p2a: Garchomp|Breaking Swipe|p1a: Talonflame|[spread] p1a,p1b\n|-crit|p1b: Decidueye\n|-damage|p1a: Talonflame|63\/100\n|-damage|p1b: Decidueye|55\/100\n|-unboost|p1b: Decidueye|atk|1\n|cant|p2b: Glimmora|flinch\n|\n|upkeep\n|turn|2\n|\n|t:|1732223402\n|switch|p1a: Sylveon|Sylveon, L50, M|100\/100\n|-status|p1a: Sylveon|psn\n|move|p1b: Decidueye|Triple Arrows|p2b: Glimmora\n|-damage|p2b: Glimmora|0 fnt\n|-activate|p2b: Glimmora|ability: Toxic Debris\n|-sidestart|p1: jhopefrombts|move: Toxic Spikes\n|faint|p2b: Glimmora\n|move|p2a: Garchomp|Breaking Swipe|p1b: Decidueye|[spread] p1b\n|-immune|p1a: Sylveon\n|-damage|p1b: Decidueye|26\/100\n|-unboost|p1b: Decidueye|atk|1\n|\n|-damage|p1a: Sylveon|88\/100 psn|[from] psn\n|upkeep\n|\n|t:|1732223422\n|switch|p2b: Sinistcha|Sinistcha, L50|100\/100\n|turn|3\n|inactive|jhopefrombts has 30 seconds left.\n|inactive|zip520520 has 30 seconds left.\n|\n|t:|1732223459\n|-terastallize|p1a: Sylveon|Fairy\n|-terastallize|p2a: Garchomp|Fairy\n|move|p1a: Sylveon|Moonblast|p2b: Sinistcha\n|-damage|p2b: Sinistcha|15\/100\n|-enditem|p2b: Sinistcha|Sitrus Berry|[eat]\n|-heal|p2b: Sinistcha|40\/100|[from] item: Sitrus Berry\n|move|p1b: Decidueye|Triple Arrows|p2b: Sinistcha\n|-crit|p2b: Sinistcha\n|-damage|p2b: Sinistcha|0 fnt\n|faint|p2b: Sinistcha\n|move|p2a: Garchomp|Stomping Tantrum|p1a: Sylveon\n|-damage|p1a: Sylveon|32\/100 psn\n|\n|-damage|p1a: Sylveon|20\/100 psn|[from] psn\n|upkeep\n|l| mr pogostick\n|\n|t:|1732223478\n|switch|p2b: Primarina|Primarina, L50, M|100\/100\n|turn|4\n|\n|t:|1732223487\n|move|p2a: Garchomp|Protect|p2a: Garchomp\n|-singleturn|p2a: Garchomp|Protect\n|move|p2b: Primarina|Protect|p2b: Primarina\n|-singleturn|p2b: Primarina|Protect\n|move|p1a: Sylveon|Moonblast|p2a: Garchomp\n|-activate|p2a: Garchomp|move: Protect\n|move|p1b: Decidueye|Leaf Blade|p2b: Primarina\n|-activate|p2b: Primarina|move: Protect\n|\n|-damage|p1a: Sylveon|8\/100 psn|[from] psn\n|-sideend|p1: jhopefrombts|move: Tailwind\n|upkeep\n|turn|5\n|inactive|zip520520 has 30 seconds left.\n|inactive|zip520520 has 20 seconds left.\n|\n|t:|1732223526\n|switch|p1a: Chandelure|Chandelure, L50, F|100\/100\n|-status|p1a: Chandelure|tox\n|move|p1b: Decidueye|Protect|p1b: Decidueye\n|-singleturn|p1b: Decidueye|Protect\n|move|p2a: Garchomp|Stomping Tantrum|p1a: Chandelure\n|-supereffective|p1a: Chandelure\n|-enditem|p1a: Chandelure|Focus Sash\n|-damage|p1a: Chandelure|1\/100 tox\n|move|p2b: Primarina|Moonblast|p1b: Decidueye\n|-activate|p1b: Decidueye|move: Protect\n|\n|-damage|p1a: Chandelure|0 fnt|[from] psn\n|faint|p1a: Chandelure\n|upkeep\n|\n|t:|1732223536\n|switch|p1a: Talonflame|Talonflame, L50, F|63\/100\n|turn|6\n|\n|t:|1732223554\n|move|p2b: Primarina|Protect|p2b: Primarina\n|-singleturn|p2b: Primarina|Protect\n|move|p1a: Talonflame|Tailwind|p1a: Talonflame\n|-sidestart|p1: jhopefrombts|move: Tailwind\n|move|p1b: Decidueye|Leaf Blade|p2a: Garchomp\n|-damage|p2a: Garchomp|78\/100\n|move|p2a: Garchomp|Substitute|p2a: Garchomp\n|-start|p2a: Garchomp|Substitute\n|-damage|p2a: Garchomp|53\/100\n|\n|-heal|p2a: Garchomp|59\/100|[from] item: Leftovers\n|upkeep\n|turn|7\n|\n|t:|1732223573\n|move|p1a: Talonflame|Dual Wingbeat|p2a: Garchomp\n|-activate|p2a: Garchomp|move: Substitute|[damage]\n|-end|p2a: Garchomp|Substitute\n|-hitcount|p2a: Garchomp|2\n|move|p1b: Decidueye|Leaf Blade|p2b: Primarina\n|-supereffective|p2b: Primarina\n|-crit|p2b: Primarina\n|-damage|p2b: Primarina|0 fnt\n|faint|p2b: Primarina\n|move|p2a: Garchomp|Breaking Swipe|p1b: Decidueye|[spread] p1a,p1b\n|-damage|p1a: Talonflame|26\/100\n|-damage|p1b: Decidueye|0 fnt\n|faint|p1b: Decidueye\n|\n|-heal|p2a: Garchomp|65\/100|[from] item: Leftovers\n|upkeep\n|\n|t:|1732223580\n|switch|p1b: Sylveon|Sylveon, L50, M, tera:Fairy|8\/100 psn\n|turn|8\n|\n|t:|1732223605\n|move|p2a: Garchomp|Protect|p2a: Garchomp\n|-singleturn|p2a: Garchomp|Protect\n|move|p1a: Talonflame|Dual Wingbeat|p2a: Garchomp\n|-activate|p2a: Garchomp|move: Protect\n|move|p1b: Sylveon|Moonblast|p2a: Garchomp\n|-activate|p2a: Garchomp|move: Protect\n|\n|-heal|p2a: Garchomp|71\/100|[from] item: Leftovers\n|-damage|p1b: Sylveon|0 fnt|[from] psn\n|faint|p1b: Sylveon\n|upkeep\n|turn|9\n|\n|t:|1732223621\n|move|p1a: Talonflame|Flare Blitz|p2a: Garchomp\n|-damage|p2a: Garchomp|25\/100\n|-damage|p1a: Talonflame|8\/100|[from] Recoil\n|move|p2a: Garchomp|Breaking Swipe|p1a: Talonflame\n|-damage|p1a: Talonflame|0 fnt\n|faint|p1a: Talonflame\n|\n|win|zip520520\n|raw|jhopefrombts's rating: 1702 &rarr; <strong>1684<\/strong><br \/>(-18 for losing)\n|raw|zip520520's rating: 1741 &rarr; <strong>1759<\/strong><br \/>(+18 for winning)\n|l|\u2606jhopefrombts\n|player|p1|\n|l|\u2606zip520520\n|player|p2|\n|l| kyo9t\n","uploadtime":1732223623,"views":20,"formatid":"gen9vgc2024regh","rating":1684,"private":0,"password":null}