{"id":"gen9vgc2024regh-2248649710","format":"[Gen 9] VGC 2024 Reg H","players":["VGCLTH Slow","apal874"],"log":"|raw|<div class=\"broadcast-blue\"><strong>This battle is required to be public due to a player having a name starting with 'vgclth'.<\/div>\n|j|\u2606VGCLTH Slow\n|j|\u2606apal874\n|t:|1732237041\n|gametype|doubles\n|player|p1|VGCLTH Slow|skier|1757\n|player|p2|apal874|2|1748\n|teamsize|p1|6\n|teamsize|p2|6\n|gen|9\n|tier|[Gen 9] VGC 2024 Reg H\n|rated|\n|rule|Species Clause: Limit one of each Pok\u00e9mon\n|rule|Item Clause: Limit 1 of each item\n|clearpoke\n|poke|p1|Sableye, L50, F|\n|poke|p1|Sylveon, L50, M|\n|poke|p1|Maushold-Four, L50|\n|poke|p1|Volcarona, L50, M|\n|poke|p1|Rillaboom, L50, F|\n|poke|p1|Annihilape, L50, M|\n|poke|p2|Whimsicott, L50, M|\n|poke|p2|Typhlosion-Hisui, L50, F|\n|poke|p2|Ursaluna-Bloodmoon, L50, M|\n|poke|p2|Archaludon, L50, M|\n|poke|p2|Tyranitar, L50, F|\n|poke|p2|Sinistcha-Masterpiece, L50|\n|teampreview|4\n|\n|t:|1732237101\n|start\n|switch|p1a: Koko The Gorythmic|Rillaboom, L50, F|100\/100\n|switch|p1b: Snowblind|Sableye, L50, F|100\/100\n|switch|p2a: Whimsicott|Whimsicott, L50, M, shiny|100\/100\n|switch|p2b: Tyranitar|Tyranitar, L50, F, shiny|100\/100\n|-weather|Sandstorm|[from] ability: Sand Stream|[of] p2b: Tyranitar\n|-fieldstart|move: Grassy Terrain|[from] ability: Grassy Surge|[of] p1a: Koko The Gorythmic\n|turn|1\n|\n|t:|1732237129\n|switch|p2b: Typhlosion|Typhlosion-Hisui, L50, F|100\/100\n|-item|p1a: Koko The Gorythmic|Assault Vest|[from] ability: Frisk|[of] p2b: Typhlosion\n|-item|p1b: Snowblind|Sitrus Berry|[from] ability: Frisk|[of] p2b: Typhlosion\n|move|p2a: Whimsicott|Moonblast|p1b: Snowblind\n|-supereffective|p1b: Snowblind\n|-damage|p1b: Snowblind|0 fnt\n|faint|p1b: Snowblind\n|move|p1a: Koko The Gorythmic|Wood Hammer|p2b: Typhlosion\n|-resisted|p2b: Typhlosion\n|-damage|p2b: Typhlosion|41\/100\n|-damage|p1a: Koko The Gorythmic|86\/100|[from] Recoil\n|\n|-weather|Sandstorm|[upkeep]\n|-damage|p2b: Typhlosion|35\/100|[from] Sandstorm\n|-damage|p2a: Whimsicott|95\/100|[from] Sandstorm\n|-damage|p1a: Koko The Gorythmic|80\/100|[from] Sandstorm\n|-heal|p2b: Typhlosion|41\/100|[from] Grassy Terrain\n|-heal|p2a: Whimsicott|100\/100|[from] Grassy Terrain\n|-heal|p1a: Koko The Gorythmic|86\/100|[from] Grassy Terrain\n|upkeep\n|\n|t:|1732237139\n|switch|p1b: Shamonerona|Volcarona, L50, M, shiny|100\/100\n|turn|2\n|\n|t:|1732237162\n|-terastallize|p1a: Koko The Gorythmic|Fire\n|move|p1b: Shamonerona|Protect|p1b: Shamonerona\n|-singleturn|p1b: Shamonerona|Protect\n|move|p2b: Typhlosion|Overheat|p1a: Koko The Gorythmic\n|-resisted|p1a: Koko The Gorythmic\n|-damage|p1a: Koko The Gorythmic|62\/100\n|-unboost|p2b: Typhlosion|spa|2\n|move|p2a: Whimsicott|Moonblast|p1a: Koko The Gorythmic\n|-resisted|p1a: Koko The Gorythmic\n|-damage|p1a: Koko The Gorythmic|40\/100\n|move|p1a: Koko The Gorythmic|High Horsepower|p2b: Typhlosion\n|-supereffective|p2b: Typhlosion\n|-damage|p2b: Typhlosion|0 fnt\n|faint|p2b: Typhlosion\n|\n|-weather|Sandstorm|[upkeep]\n|-damage|p2a: Whimsicott|95\/100|[from] Sandstorm\n|-damage|p1b: Shamonerona|94\/100|[from] Sandstorm\n|-damage|p1a: Koko The Gorythmic|34\/100|[from] Sandstorm\n|-heal|p2a: Whimsicott|100\/100|[from] Grassy Terrain\n|-heal|p1b: Shamonerona|100\/100|[from] Grassy Terrain\n|-heal|p1a: Koko The Gorythmic|40\/100|[from] Grassy Terrain\n|upkeep\n|\n|t:|1732237179\n|switch|p2b: Tyranitar|Tyranitar, L50, F, shiny|100\/100\n|turn|3\n|\n|t:|1732237198\n|switch|p1b: Harambe In Heaven|Annihilape, L50, M|100\/100\n|move|p2a: Whimsicott|Moonblast|p1a: Koko The Gorythmic\n|-resisted|p1a: Koko The Gorythmic\n|-crit|p1a: Koko The Gorythmic\n|-damage|p1a: Koko The Gorythmic|11\/100\n|move|p2b: Tyranitar|Rock Slide|p1a: Koko The Gorythmic|[spread] p1a,p1b\n|-supereffective|p1a: Koko The Gorythmic\n|-resisted|p1b: Harambe In Heaven\n|-damage|p1a: Koko The Gorythmic|0 fnt\n|-damage|p1b: Harambe In Heaven|76\/100\n|faint|p1a: Koko The Gorythmic\n|\n|-weather|Sandstorm|[upkeep]\n|-damage|p2a: Whimsicott|95\/100|[from] Sandstorm\n|-damage|p1b: Harambe In Heaven|70\/100|[from] Sandstorm\n|-heal|p2a: Whimsicott|100\/100|[from] Grassy Terrain\n|-heal|p1b: Harambe In Heaven|76\/100|[from] Grassy Terrain\n|-heal|p1b: Harambe In Heaven|83\/100|[from] item: Leftovers\n|upkeep\n|\n|t:|1732237208\n|switch|p1a: Shamonerona|Volcarona, L50, M, shiny|100\/100\n|turn|4\n|\n|t:|1732237234\n|move|p1a: Shamonerona|Protect|p1a: Shamonerona\n|-singleturn|p1a: Shamonerona|Protect\n|move|p2a: Whimsicott|Moonblast|p1b: Harambe In Heaven\n|-supereffective|p1b: Harambe In Heaven\n|-crit|p1b: Harambe In Heaven\n|-damage|p1b: Harambe In Heaven|0 fnt\n|faint|p1b: Harambe In Heaven\n|move|p2b: Tyranitar|Rock Slide|p1a: Shamonerona\n|-activate|p1a: Shamonerona|move: Protect\n|\n|-weather|Sandstorm|[upkeep]\n|-damage|p2a: Whimsicott|95\/100|[from] Sandstorm\n|-damage|p1a: Shamonerona|94\/100|[from] Sandstorm\n|-heal|p2a: Whimsicott|100\/100|[from] Grassy Terrain\n|-heal|p1a: Shamonerona|100\/100|[from] Grassy Terrain\n|upkeep\n|turn|5\n|\n|t:|1732237243\n|move|p2a: Whimsicott|Moonblast|p1a: Shamonerona\n|-resisted|p1a: Shamonerona\n|-damage|p1a: Shamonerona|77\/100\n|move|p1a: Shamonerona|Quiver Dance|p1a: Shamonerona\n|-boost|p1a: Shamonerona|spa|1\n|-boost|p1a: Shamonerona|spd|1\n|-boost|p1a: Shamonerona|spe|1\n|move|p2b: Tyranitar|Rock Slide|p1a: Shamonerona\n|-supereffective|p1a: Shamonerona\n|-damage|p1a: Shamonerona|0 fnt\n|faint|p1a: Shamonerona\n|\n|win|apal874\n|raw|VGCLTH Slow's rating: 1757 &rarr; <strong>1736<\/strong><br \/>(-21 for losing)\n|raw|apal874's rating: 1748 &rarr; <strong>1769<\/strong><br \/>(+21 for winning)\n|l|\u2606VGCLTH Slow\n|player|p1|\n","uploadtime":1732237248,"views":31,"formatid":"gen9vgc2024regh","rating":1736,"private":0,"password":null}