{"id":"gen9vgc2024regh-2248608946","format":"[Gen 9] VGC 2024 Reg H","players":["VGCLTH <1000ELO","TheOnlyFizzo"],"log":"|raw|<div class=\"broadcast-blue\"><strong>This battle is required to be public due to a player having a name starting with 'vgclth'.<\/div>\n|j|\u2606VGCLTH <1000ELO\n|j|\u2606TheOnlyFizzo\n|t:|1732231949\n|gametype|doubles\n|player|p1|VGCLTH <1000ELO|170|1749\n|player|p2|TheOnlyFizzo|170|1746\n|teamsize|p1|6\n|teamsize|p2|6\n|gen|9\n|tier|[Gen 9] VGC 2024 Reg H\n|rated|\n|rule|Species Clause: Limit one of each Pok\u00e9mon\n|rule|Item Clause: Limit 1 of each item\n|clearpoke\n|poke|p1|Dondozo, L50, M|\n|poke|p1|Tatsugiri, L50, F|\n|poke|p1|Dragonite, L50, M|\n|poke|p1|Gholdengo, L50|\n|poke|p1|Glimmora, L50, F|\n|poke|p1|Talonflame, L50, F|\n|poke|p2|Sneasler, L50, M|\n|poke|p2|Indeedee, L50, M|\n|poke|p2|Gholdengo, L50|\n|poke|p2|Murkrow, L50, F|\n|poke|p2|Ursaluna, L50, M|\n|poke|p2|Zoroark-Hisui, L50, M|\n|teampreview|4\n|inactive|Battle timer is ON: inactive players will automatically lose when time's up. (requested by VGCLTH <1000ELO)\n|inactive|TheOnlyFizzo has 60 seconds left.\n|inactive|VGCLTH <1000ELO has 60 seconds left.\n|\n|t:|1732232004\n|start\n|switch|p1a: Talonflame|Talonflame, L50, F|100\/100\n|switch|p1b: Gholdengo|Gholdengo, L50|100\/100\n|switch|p2a: Gholdengo|Gholdengo, L50|100\/100\n|switch|p2b: Murkrow|Murkrow, L50, F|100\/100\n|turn|1\n|inactive|TheOnlyFizzo has 30 seconds left.\n|inactive|TheOnlyFizzo has 20 seconds left.\n|inactive|TheOnlyFizzo has 15 seconds left.\n|inactive|TheOnlyFizzo has 10 seconds left.\n|inactive|TheOnlyFizzo has 5 seconds left.\n|\n|t:|1732232055\n|-terastallize|p1b: Gholdengo|Flying\n|-terastallize|p2a: Gholdengo|Steel\n|move|p1a: Talonflame|Tailwind|p1a: Talonflame\n|-sidestart|p1: VGCLTH <1000ELO|move: Tailwind\n|move|p1b: Gholdengo|Make It Rain|p2a: Gholdengo|[spread] p2a,p2b\n|-resisted|p2a: Gholdengo\n|-damage|p2a: Gholdengo|58\/100\n|-damage|p2b: Murkrow|0 fnt\n|-unboost|p1b: Gholdengo|spa|1\n|replace|p2b: Zoroark|Zoroark-Hisui, L50, M\n|-end|p2b: Zoroark|Illusion\n|faint|p2b: Zoroark\n|move|p2a: Gholdengo|Make It Rain|p1a: Talonflame|[spread] p1a,p1b\n|-resisted|p1a: Talonflame\n|-damage|p1a: Talonflame|18\/100\n|-damage|p1b: Gholdengo|0 fnt\n|-unboost|p2a: Gholdengo|spa|1\n|faint|p1b: Gholdengo\n|\n|upkeep\n|inactive|TheOnlyFizzo has 30 seconds left.\n|\n|t:|1732232085\n|switch|p2b: Murkrow|Murkrow, L50, F|100\/100\n|switch|p1b: Tatsugiri|Tatsugiri, L50, F|100\/100\n|turn|2\n|\n|t:|1732232098\n|switch|p2a: Ursaluna|Ursaluna, L50, M|100\/100\n|move|p2b: Murkrow|Tailwind|p2b: Murkrow\n|-sidestart|p2: TheOnlyFizzo|move: Tailwind\n|move|p1a: Talonflame|Flare Blitz|p2a: Ursaluna\n|-damage|p2a: Ursaluna|63\/100\n|-damage|p1a: Talonflame|0 fnt|[from] Recoil\n|faint|p1a: Talonflame\n|move|p1b: Tatsugiri|Draco Meteor|p2b: Murkrow\n|-damage|p2b: Murkrow|29\/100\n|-unboost|p1b: Tatsugiri|spa|2\n|\n|-status|p2a: Ursaluna|brn|[from] item: Flame Orb\n|upkeep\n|\n|t:|1732232101\n|switch|p1a: Dondozo|Dondozo, L50, M|100\/100\n|-activate|p1b: Tatsugiri|ability: Commander|[of] p1a: Dondozo\n|-boost|p1a: Dondozo|atk|2\n|-boost|p1a: Dondozo|spa|2\n|-boost|p1a: Dondozo|spe|2\n|-boost|p1a: Dondozo|def|2\n|-boost|p1a: Dondozo|spd|2\n|turn|3\n|\n|t:|1732232124\n|move|p2b: Murkrow|Haze|p2b: Murkrow\n|-clearallboost\n|move|p2a: Ursaluna|Facade|p1a: Dondozo\n|-damage|p1a: Dondozo|23\/100\n|move|p1a: Dondozo|Wave Crash|p2a: Ursaluna\n|-supereffective|p2a: Ursaluna\n|-damage|p2a: Ursaluna|0 fnt\n|faint|p2a: Ursaluna\n|-damage|p1a: Dondozo|2\/100|[from] Recoil\n|\n|-heal|p1a: Dondozo|8\/100|[from] item: Leftovers\n|upkeep\n|\n|t:|1732232138\n|switch|p2a: Gholdengo|Gholdengo, L50, tera:Steel|58\/100\n|turn|4\n|\n|t:|1732232157\n|move|p1a: Dondozo|Protect|p1a: Dondozo\n|-singleturn|p1a: Dondozo|Protect\n|move|p2a: Gholdengo|Shadow Ball|p1a: Dondozo\n|-activate|p1a: Dondozo|move: Protect\n|move|p2b: Murkrow|Foul Play|p1a: Dondozo\n|-activate|p1a: Dondozo|move: Protect\n|\n|-heal|p1a: Dondozo|14\/100|[from] item: Leftovers\n|-sideend|p1: VGCLTH <1000ELO|move: Tailwind\n|upkeep\n|turn|5\n|\n|t:|1732232172\n|move|p1a: Dondozo|Protect|p1a: Dondozo\n|-singleturn|p1a: Dondozo|Protect\n|move|p2a: Gholdengo|Shadow Ball|p1a: Dondozo\n|-activate|p1a: Dondozo|move: Protect\n|move|p2b: Murkrow|Foul Play|p1a: Dondozo\n|-activate|p1a: Dondozo|move: Protect\n|\n|-heal|p1a: Dondozo|20\/100|[from] item: Leftovers\n|-sideend|p2: TheOnlyFizzo|move: Tailwind\n|upkeep\n|turn|6\n|j| Former Fang\n|l| Former Fang\n|\n|t:|1732232187\n|move|p2a: Gholdengo|Shadow Ball|p1a: Dondozo\n|-damage|p1a: Dondozo|0 fnt\n|faint|p1a: Dondozo\n|move|p2b: Murkrow|Foul Play|p1b: Tatsugiri\n|-damage|p1b: Tatsugiri|75\/100\n|\n|upkeep\n|turn|7\n|\n|t:|1732232202\n|move|p2b: Murkrow|Tailwind|p2b: Murkrow\n|-sidestart|p2: TheOnlyFizzo|move: Tailwind\n|move|p2a: Gholdengo|Shadow Ball|p1b: Tatsugiri\n|-damage|p1b: Tatsugiri|0 fnt\n|faint|p1b: Tatsugiri\n|\n|win|TheOnlyFizzo\n|raw|VGCLTH &lt;1000ELO's rating: 1749 &rarr; <strong>1729<\/strong><br \/>(-20 for losing)\n|raw|TheOnlyFizzo's rating: 1746 &rarr; <strong>1766<\/strong><br \/>(+20 for winning)\n|l|\u2606VGCLTH <1000ELO\n|player|p1|\n|l|\u2606TheOnlyFizzo\n|player|p2|\n","uploadtime":1732232342,"views":22,"formatid":"gen9vgc2024regh","rating":1729,"private":0,"password":null}