{"id":"gen9vgc2024regh-2248757121","format":"[Gen 9] VGC 2024 Reg H","players":["Mode Harambe","Djjwjwwjj"],"log":"|j|\u2606Mode Harambe\n|j|\u2606Djjwjwwjj\n|t:|1732252025\n|gametype|doubles\n|player|p1|Mode Harambe|red|1736\n|player|p2|Djjwjwwjj|266|1764\n|teamsize|p1|6\n|teamsize|p2|6\n|gen|9\n|tier|[Gen 9] VGC 2024 Reg H\n|rated|\n|rule|Species Clause: Limit one of each Pok\u00e9mon\n|rule|Item Clause: Limit 1 of each item\n|clearpoke\n|poke|p1|Annihilape, L50, M|\n|poke|p1|Talonflame, L50, F|\n|poke|p1|Dragonite, L50, M|\n|poke|p1|Ursaluna-Bloodmoon, L50, M|\n|poke|p1|Gholdengo, L50|\n|poke|p1|Rillaboom, L50, F|\n|poke|p2|Palafin, L50, M|\n|poke|p2|Pelipper, L50, M|\n|poke|p2|Incineroar, L50, F|\n|poke|p2|Rillaboom, L50, M|\n|poke|p2|Gholdengo, L50|\n|poke|p2|Clefable, L50, F|\n|teampreview|4\n|\n|t:|1732252083\n|start\n|switch|p1a: Ursaluna|Ursaluna-Bloodmoon, L50, M|100\/100\n|switch|p1b: Talonflame|Talonflame, L50, F|100\/100\n|switch|p2a: Palafin|Palafin, L50, M|100\/100\n|switch|p2b: Gholdengo|Gholdengo, L50|100\/100\n|turn|1\n|\n|t:|1732252133\n|-terastallize|p2b: Gholdengo|Flying\n|-terastallize|p1a: Ursaluna|Normal\n|move|p1b: Talonflame|Tailwind|p1b: Talonflame\n|-sidestart|p1: Mode Harambe|move: Tailwind\n|move|p1a: Ursaluna|Blood Moon|p2a: Palafin\n|-damage|p2a: Palafin|0 fnt\n|faint|p2a: Palafin\n|-damage|p1a: Ursaluna|91\/100|[from] item: Life Orb\n|move|p2b: Gholdengo|Nasty Plot|p2b: Gholdengo\n|-boost|p2b: Gholdengo|spa|2\n|\n|upkeep\n|\n|t:|1732252145\n|switch|p2a: Clefable|Clefable, L50, F|100\/100\n|turn|2\n|\n|t:|1732252153\n|move|p2b: Gholdengo|Protect|p2b: Gholdengo\n|-singleturn|p2b: Gholdengo|Protect\n|move|p2a: Clefable|Protect|p2a: Clefable\n|-singleturn|p2a: Clefable|Protect\n|move|p1b: Talonflame|Flare Blitz|p2a: Clefable\n|-activate|p2a: Clefable|move: Protect\n|move|p1a: Ursaluna|Hyper Voice|p2a: Clefable|[spread] \n|-activate|p2a: Clefable|move: Protect\n|-activate|p2b: Gholdengo|move: Protect\n|\n|upkeep\n|turn|3\n|\n|t:|1732252169\n|move|p2a: Clefable|Follow Me|p2a: Clefable\n|-singleturn|p2a: Clefable|move: Follow Me\n|move|p1b: Talonflame|Flare Blitz|p2a: Clefable\n|-damage|p2a: Clefable|56\/100\n|-damage|p1b: Talonflame|81\/100|[from] Recoil\n|move|p1a: Ursaluna|Hyper Voice|p2b: Gholdengo|[spread] p2a,p2b\n|-damage|p2a: Clefable|0 fnt\n|-damage|p2b: Gholdengo|35\/100\n|faint|p2a: Clefable\n|-damage|p1a: Ursaluna|81\/100|[from] item: Life Orb\n|move|p2b: Gholdengo|Make It Rain|p1a: Ursaluna|[spread] p1a,p1b\n|-resisted|p1b: Talonflame\n|-damage|p1a: Ursaluna|0 fnt\n|-damage|p1b: Talonflame|0 fnt\n|-unboost|p2b: Gholdengo|spa|1\n|faint|p1a: Ursaluna\n|faint|p1b: Talonflame\n|-damage|p2b: Gholdengo|26\/100|[from] item: Life Orb\n|\n|upkeep\n|\n|t:|1732252187\n|switch|p1b: Rillaboom|Rillaboom, L50, F|100\/100\n|switch|p1a: Gholdengo|Gholdengo, L50|100\/100\n|switch|p2a: Pelipper|Pelipper, L50, M|100\/100\n|-fieldstart|move: Grassy Terrain|[from] ability: Grassy Surge|[of] p1b: Rillaboom\n|-weather|RainDance|[from] ability: Drizzle|[of] p2a: Pelipper\n|turn|4\n|\n|t:|1732252198\n|move|p2b: Gholdengo|Protect|p2b: Gholdengo\n|-singleturn|p2b: Gholdengo|Protect\n|move|p1a: Gholdengo|Thunderbolt|p2a: Pelipper\n|-supereffective|p2a: Pelipper\n|-damage|p2a: Pelipper|0 fnt\n|faint|p2a: Pelipper\n|move|p1b: Rillaboom|Wood Hammer|p2b: Gholdengo\n|-activate|p2b: Gholdengo|move: Protect\n|\n|-weather|RainDance|[upkeep]\n|-sideend|p1: Mode Harambe|move: Tailwind\n|upkeep\n|turn|5\n|j| futonkagebunshin\n|-message|Djjwjwwjj forfeited.\n|\n|win|Mode Harambe\n|raw|Mode Harambe's rating: 1736 &rarr; <strong>1758<\/strong><br \/>(+22 for winning)\n|raw|Djjwjwwjj's rating: 1764 &rarr; <strong>1742<\/strong><br \/>(-22 for losing)\n|l|\u2606Djjwjwwjj\n|player|p2|\n|l|\u2606Mode Harambe\n|player|p1|\n","uploadtime":1732252374,"views":14,"formatid":"gen9vgc2024regh","rating":1742,"private":0,"password":null}