{"id":"gen9vgc2024regh-2248897736","format":"[Gen 9] VGC 2024 Reg H","players":["vgclth terran","SkullySully"],"log":"|raw|<div class=\"broadcast-blue\"><strong>This battle is required to be public due to a player having a name starting with 'vgclth'.<\/div>\n|j|\u2606vgclth terran\n|j|\u2606SkullySully\n|t:|1732277799\n|gametype|doubles\n|player|p1|vgclth terran|rood|1760\n|player|p2|SkullySully|blaine|1720\n|teamsize|p1|6\n|teamsize|p2|6\n|gen|9\n|tier|[Gen 9] VGC 2024 Reg H\n|rated|\n|rule|Species Clause: Limit one of each Pok\u00e9mon\n|rule|Item Clause: Limit 1 of each item\n|clearpoke\n|poke|p1|Ninetales-Alola, L50, F|\n|poke|p1|Rillaboom, L50, F|\n|poke|p1|Magmar, L50, M|\n|poke|p1|Sneasler, L50, F|\n|poke|p1|Kingambit, L50, F|\n|poke|p1|Basculegion, L50, M|\n|poke|p2|Sinistcha-Masterpiece, L50|\n|poke|p2|Ursaluna, L50, F|\n|poke|p2|Zoroark-Hisui, L50, F|\n|poke|p2|Grimmsnarl, L50, M|\n|poke|p2|Archaludon, L50, F|\n|poke|p2|Pelipper, L50, F|\n|teampreview|4\n|\n|t:|1732277823\n|start\n|switch|p1a: Rillaboom|Rillaboom, L50, F|100\/100\n|switch|p1b: Kingambit|Kingambit, L50, F|100\/100\n|switch|p2a: Grimmsnarl|Grimmsnarl, L50, M, shiny|100\/100\n|switch|p2b: Archaludon|Archaludon, L50, F|100\/100\n|-fieldstart|move: Grassy Terrain|[from] ability: Grassy Surge|[of] p1a: Rillaboom\n|turn|1\n|\n|t:|1732277843\n|-terastallize|p1b: Kingambit|Fire\n|move|p2a: Grimmsnarl|Parting Shot|p1a: Rillaboom\n|-unboost|p1a: Rillaboom|atk|1\n|-unboost|p1a: Rillaboom|spa|1\n|\n|t:|1732277849\n|switch|p2a: Pelipper|Pelipper, L50, F|100\/100|[from] Parting Shot\n|-weather|RainDance|[from] ability: Drizzle|[of] p2a: Pelipper\n|move|p1a: Rillaboom|Wood Hammer|p2a: Pelipper\n|-damage|p2a: Pelipper|50\/100\n|-enditem|p2a: Pelipper|Sitrus Berry|[eat]\n|-heal|p2a: Pelipper|74\/100|[from] item: Sitrus Berry\n|-damage|p1a: Rillaboom|87\/100|[from] Recoil\n|move|p2b: Archaludon|Body Press|p1b: Kingambit\n|-damage|p1b: Kingambit|81\/100\n|move|p1b: Kingambit|Swords Dance|p1b: Kingambit\n|-boost|p1b: Kingambit|atk|2\n|\n|-weather|RainDance|[upkeep]\n|-heal|p1a: Rillaboom|93\/100|[from] Grassy Terrain\n|-heal|p1b: Kingambit|87\/100|[from] Grassy Terrain\n|upkeep\n|turn|2\n|\n|t:|1732277867\n|switch|p1a: Ninetales|Ninetales-Alola, L50, F|100\/100\n|-weather|Snow|[from] ability: Snow Warning|[of] p1a: Ninetales\n|switch|p2a: Sinistcha|Sinistcha-Masterpiece, L50, shiny|100\/100\n|move|p2b: Archaludon|Electro Shot||[still]\n|-prepare|p2b: Archaludon|Electro Shot\n|-boost|p2b: Archaludon|spa|1\n|move|p1b: Kingambit|Kowtow Cleave|p2b: Archaludon\n|-damage|p2b: Archaludon|8\/100\n|-ability|p2b: Archaludon|Stamina|boost\n|-boost|p2b: Archaludon|def|1\n|\n|-weather|Snow|[upkeep]\n|-heal|p2b: Archaludon|14\/100|[from] Grassy Terrain\n|-heal|p1b: Kingambit|94\/100|[from] Grassy Terrain\n|upkeep\n|turn|3\n|\n|t:|1732277882\n|-terastallize|p2a: Sinistcha|Fairy\n|move|p1a: Ninetales|Blizzard|p2a: Sinistcha|[spread] p2a,p2b\n|-damage|p2a: Sinistcha|58\/100\n|-damage|p2b: Archaludon|0 fnt\n|faint|p2b: Archaludon\n|move|p2a: Sinistcha|Matcha Gotcha|p1a: Ninetales|[spread] p1a,p1b\n|-resisted|p1b: Kingambit\n|-damage|p1a: Ninetales|62\/100\n|-heal|p2a: Sinistcha|74\/100|[from] drain|[of] p1a: Ninetales\n|-damage|p1b: Kingambit|77\/100\n|-heal|p2a: Sinistcha|84\/100|[from] drain|[of] p1b: Kingambit\n|move|p1b: Kingambit|Kowtow Cleave|p2a: Sinistcha\n|-resisted|p2a: Sinistcha\n|-damage|p2a: Sinistcha|42\/100\n|-damage|p1b: Kingambit|60\/100|[from] item: Rocky Helmet|[of] p2a: Sinistcha\n|\n|-weather|Snow|[upkeep]\n|-heal|p1a: Ninetales|68\/100|[from] Grassy Terrain\n|-heal|p2a: Sinistcha|48\/100|[from] Grassy Terrain\n|-heal|p1b: Kingambit|66\/100|[from] Grassy Terrain\n|upkeep\n|\n|t:|1732277888\n|switch|p2b: Pelipper|Pelipper, L50, F|74\/100\n|-weather|RainDance|[from] ability: Drizzle|[of] p2b: Pelipper\n|turn|4\n|\n|t:|1732277896\n|switch|p1a: Rillaboom|Rillaboom, L50, F|93\/100\n|move|p1b: Kingambit|Protect|p1b: Kingambit\n|-singleturn|p1b: Kingambit|Protect\n|move|p2a: Sinistcha|Rage Powder|p2a: Sinistcha\n|-singleturn|p2a: Sinistcha|move: Rage Powder\n|move|p2b: Pelipper|Weather Ball|p1b: Kingambit\n|-activate|p1b: Kingambit|move: Protect\n|\n|-weather|RainDance|[upkeep]\n|-heal|p1a: Rillaboom|99\/100|[from] Grassy Terrain\n|-heal|p2a: Sinistcha|54\/100|[from] Grassy Terrain\n|-heal|p1b: Kingambit|72\/100|[from] Grassy Terrain\n|upkeep\n|turn|5\n|\n|t:|1732277914\n|switch|p2a: Grimmsnarl|Grimmsnarl, L50, M, shiny|100\/100\n|move|p2b: Pelipper|Protect|p2b: Pelipper\n|-singleturn|p2b: Pelipper|Protect\n|move|p1b: Kingambit|Sucker Punch||[still]\n|-fail|p1b: Kingambit\n|move|p1a: Rillaboom|Wood Hammer|p2a: Grimmsnarl\n|-damage|p2a: Grimmsnarl|9\/100\n|-damage|p1a: Rillaboom|68\/100|[from] Recoil\n|\n|-weather|RainDance|[upkeep]\n|-heal|p1a: Rillaboom|74\/100|[from] Grassy Terrain\n|-heal|p1b: Kingambit|79\/100|[from] Grassy Terrain\n|-heal|p2a: Grimmsnarl|15\/100|[from] Grassy Terrain\n|-fieldend|move: Grassy Terrain\n|upkeep\n|turn|6\n|\n|t:|1732277929\n|move|p1b: Kingambit|Sucker Punch|p2b: Pelipper\n|-damage|p2b: Pelipper|0 fnt\n|faint|p2b: Pelipper\n|move|p2a: Grimmsnarl|Parting Shot|p1a: Rillaboom\n|-unboost|p1a: Rillaboom|atk|1\n|-unboost|p1a: Rillaboom|spa|1\n|\n|t:|1732277932\n|switch|p2a: Sinistcha|Sinistcha-Masterpiece, L50, shiny, tera:Fairy|54\/100|[from] Parting Shot\n|move|p1a: Rillaboom|U-turn|p2a: Sinistcha\n|-resisted|p2a: Sinistcha\n|-crit|p2a: Sinistcha\n|-damage|p2a: Sinistcha|41\/100\n|-damage|p1a: Rillaboom|58\/100|[from] item: Rocky Helmet|[of] p2a: Sinistcha\n|\n|t:|1732277935\n|switch|p1a: Ninetales|Ninetales-Alola, L50, F|68\/100|[from] U-turn\n|-weather|Snow|[from] ability: Snow Warning|[of] p1a: Ninetales\n|\n|-weather|Snow|[upkeep]\n|upkeep\n|\n|t:|1732277939\n|switch|p2b: Grimmsnarl|Grimmsnarl, L50, M, shiny|15\/100\n|turn|7\n|\n|t:|1732277945\n|move|p2b: Grimmsnarl|Sucker Punch|p1b: Kingambit\n|-damage|p1b: Kingambit|39\/100\n|move|p1a: Ninetales|Blizzard|p2a: Sinistcha|[spread] p2a,p2b\n|-crit|p2b: Grimmsnarl\n|-damage|p2a: Sinistcha|0 fnt\n|-damage|p2b: Grimmsnarl|0 fnt\n|faint|p2a: Sinistcha\n|faint|p2b: Grimmsnarl\n|\n|win|vgclth terran\n|raw|vgclth terran's rating: 1760 &rarr; <strong>1778<\/strong><br \/>(+18 for winning)\n|raw|SkullySully's rating: 1720 &rarr; <strong>1702<\/strong><br \/>(-18 for losing)\n|l|\u2606vgclth terran\n|player|p1|\n|l|\u2606SkullySully\n|player|p2|\n","uploadtime":1732278101,"views":17,"formatid":"gen9vgc2024regh","rating":1702,"private":0,"password":null}