{"id":"gen9vgc2024regh-2248485500","format":"[Gen 9] VGC 2024 Reg H","players":["KD-Alt-711","VGCLTH <1000ELO"],"log":"|raw|<div class=\"broadcast-blue\"><strong>This battle is required to be public due to a player having a name starting with 'vgclth'.<\/div>\n|j|\u2606KD-Alt-711\n|j|\u2606VGCLTH <1000ELO\n|t:|1732218971\n|gametype|doubles\n|player|p1|KD-Alt-711|102|1711\n|player|p2|VGCLTH <1000ELO|1|1799\n|teamsize|p1|6\n|teamsize|p2|6\n|gen|9\n|tier|[Gen 9] VGC 2024 Reg H\n|rated|\n|rule|Species Clause: Limit one of each Pok\u00e9mon\n|rule|Item Clause: Limit 1 of each item\n|clearpoke\n|poke|p1|Palafin, L50, F|\n|poke|p1|Kingdra, L50, F|\n|poke|p1|Politoed, L50, F|\n|poke|p1|Archaludon, L50, F|\n|poke|p1|Salamence, L50, F|\n|poke|p1|Rillaboom, L50, F|\n|poke|p2|Dondozo, L50, M|\n|poke|p2|Tatsugiri, L50, M|\n|poke|p2|Dragonite, L50, M|\n|poke|p2|Gholdengo, L50|\n|poke|p2|Glimmora, L50, F|\n|poke|p2|Talonflame, L50, F|\n|teampreview|4\n|inactive|Battle timer is ON: inactive players will automatically lose when time's up. (requested by VGCLTH <1000ELO)\n|j| futonkagebunshin\n|j| pipikapipika\n|j| kyo9t\n|\n|t:|1732218999\n|start\n|switch|p1a: Palafin|Palafin, L50, F, shiny|100\/100\n|switch|p1b: Kingdra|Kingdra, L50, F, shiny|100\/100\n|switch|p2a: Gholdengo|Gholdengo, L50|100\/100\n|switch|p2b: Talonflame|Talonflame, L50, F|100\/100\n|turn|1\n|inactive|KD-Alt-711 has 30 seconds left.\n|\n|t:|1732219033\n|detailschange|p1a: Palafin|Palafin-Hero, L50, F, shiny\n|switch|p1a: Politoed|Politoed, L50, F, shiny|100\/100\n|-weather|RainDance|[from] ability: Drizzle|[of] p1a: Politoed\n|-terastallize|p2b: Talonflame|Ghost\n|move|p2b: Talonflame|Tailwind|p2b: Talonflame\n|-sidestart|p2: VGCLTH <1000ELO|move: Tailwind\n|move|p1b: Kingdra|Muddy Water|p2a: Gholdengo|[spread] p2a,p2b\n|-damage|p2a: Gholdengo|35\/100\n|-damage|p2b: Talonflame|17\/100\n|-damage|p1b: Kingdra|91\/100|[from] item: Life Orb\n|move|p2a: Gholdengo|Shadow Ball|p1a: Politoed\n|-damage|p1a: Politoed|53\/100\n|\n|-weather|RainDance|[upkeep]\n|upkeep\n|turn|2\n|inactive|VGCLTH <1000ELO has 30 seconds left.\n|inactive|KD-Alt-711 has 30 seconds left.\n|inactive|VGCLTH <1000ELO has 20 seconds left.\n|inactive|VGCLTH <1000ELO has 15 seconds left.\n|inactive|VGCLTH <1000ELO has 10 seconds left.\n|\n|t:|1732219085\n|switch|p2a: Tatsugiri|Tatsugiri, L50, M|100\/100\n|switch|p1a: Rillaboom|Rillaboom, L50, F, shiny|100\/100\n|-fieldstart|move: Grassy Terrain|[from] ability: Grassy Surge|[of] p1a: Rillaboom\n|move|p1b: Kingdra|Protect|p1b: Kingdra\n|-singleturn|p1b: Kingdra|Protect\n|move|p2b: Talonflame|Taunt|p1a: Rillaboom\n|-start|p1a: Rillaboom|move: Taunt\n|\n|-weather|RainDance|[upkeep]\n|-heal|p2b: Talonflame|23\/100|[from] Grassy Terrain\n|-heal|p1b: Kingdra|97\/100|[from] Grassy Terrain\n|upkeep\n|turn|3\n|\n|t:|1732219104\n|switch|p1b: Palafin|Palafin-Hero, L50, F, shiny|100\/100\n|-activate|p1b: Palafin|ability: Zero to Hero\n|move|p2b: Talonflame|Brave Bird|p1a: Rillaboom\n|-supereffective|p1a: Rillaboom\n|-damage|p1a: Rillaboom|7\/100\n|-damage|p2b: Talonflame|0 fnt|[from] Recoil\n|faint|p2b: Talonflame\n|move|p2a: Tatsugiri|Draco Meteor|p1b: Palafin\n|-damage|p1b: Palafin|41\/100\n|-unboost|p2a: Tatsugiri|spa|2\n|move|p1a: Rillaboom|Bullet Seed|p2a: Tatsugiri\n|-damage|p2a: Tatsugiri|73\/100\n|-damage|p2a: Tatsugiri|45\/100\n|-damage|p2a: Tatsugiri|13\/100\n|-damage|p2a: Tatsugiri|0 fnt\n|faint|p2a: Tatsugiri\n|-hitcount|p2: Tatsugiri|4\n|\n|-weather|RainDance|[upkeep]\n|-heal|p1b: Palafin|47\/100|[from] Grassy Terrain\n|-heal|p1a: Rillaboom|13\/100|[from] Grassy Terrain\n|upkeep\n|\n|t:|1732219110\n|switch|p2b: Gholdengo|Gholdengo, L50|35\/100\n|switch|p2a: Dondozo|Dondozo, L50, M|100\/100\n|turn|4\n|\n|t:|1732219129\n|switch|p1a: Kingdra|Kingdra, L50, F, shiny|97\/100\n|move|p1b: Palafin|Jet Punch|p2b: Gholdengo\n|-damage|p2b: Gholdengo|0 fnt\n|faint|p2b: Gholdengo\n|move|p2a: Dondozo|Order Up|p1a: Kingdra\n|-supereffective|p1a: Kingdra\n|-damage|p1a: Kingdra|32\/100\n|\n|-weather|RainDance|[upkeep]\n|-heal|p1a: Kingdra|38\/100|[from] Grassy Terrain\n|-heal|p1b: Palafin|53\/100|[from] Grassy Terrain\n|-sideend|p2: VGCLTH <1000ELO|move: Tailwind\n|upkeep\n|turn|5\n|-message|VGCLTH <1000ELO forfeited.\n|\n|win|KD-Alt-711\n|raw|KD-Alt-711's rating: 1711 &rarr; <strong>1736<\/strong><br \/>(+25 for winning)\n|raw|VGCLTH &lt;1000ELO's rating: 1799 &rarr; <strong>1774<\/strong><br \/>(-25 for losing)\n|l|\u2606VGCLTH <1000ELO\n|player|p2|\n|l|\u2606KD-Alt-711\n|player|p1|\n","uploadtime":1732219341,"views":15,"formatid":"gen9vgc2024regh","rating":1736,"private":0,"password":null}