{"id":"gen9vgc2024regh-2248006635","format":"[Gen 9] VGC 2024 Reg H","players":["elvegis1","bluestraggler02"],"log":"|j|\u2606elvegis1\n|j|\u2606bluestraggler02\n|t:|1732156313\n|gametype|doubles\n|player|p1|elvegis1|lucas|1694\n|player|p2|bluestraggler02|170|1733\n|teamsize|p1|6\n|teamsize|p2|6\n|gen|9\n|tier|[Gen 9] VGC 2024 Reg H\n|rated|\n|rule|Species Clause: Limit one of each Pok\u00e9mon\n|rule|Item Clause: Limit 1 of each item\n|clearpoke\n|poke|p1|Incineroar, L50, F|\n|poke|p1|Gholdengo, L50|\n|poke|p1|Dondozo, L50, M|\n|poke|p1|Magnezone, L50|\n|poke|p1|Ursaluna, L50, F|\n|poke|p1|Dusclops, L50, F|\n|poke|p2|Skeledirge, L50, F|\n|poke|p2|Porygon2, L50|\n|poke|p2|Ursaluna, L50, F|\n|poke|p2|Amoonguss, L50, F|\n|poke|p2|Maushold-Four, L50|\n|poke|p2|Archaludon, L50, M|\n|teampreview|4\n|inactive|Battle timer is ON: inactive players will automatically lose when time's up. (requested by elvegis1)\n|inactive|elvegis1 has 60 seconds left.\n|inactive|bluestraggler02 has 60 seconds left.\n|\n|t:|1732156360\n|start\n|switch|p1a: Gholdengo|Gholdengo, L50|100\/100\n|switch|p1b: Incineroar|Incineroar, L50, F|100\/100\n|switch|p2a: \u80b2\u5e7c\u4e01\u771f|Maushold-Four, L50|100\/100\n|switch|p2b: \u786c\u781a\u4e01\u771f|Archaludon, L50, M|100\/100\n|-ability|p1b: Incineroar|Intimidate|boost\n|-unboost|p2a: \u80b2\u5e7c\u4e01\u771f|atk|1\n|-unboost|p2b: \u786c\u781a\u4e01\u771f|atk|1\n|turn|1\n|\n|t:|1732156379\n|-terastallize|p2b: \u786c\u781a\u4e01\u771f|Electric\n|move|p1b: Incineroar|Fake Out|p2b: \u786c\u781a\u4e01\u771f\n|-damage|p2b: \u786c\u781a\u4e01\u771f|92\/100\n|-ability|p2b: \u786c\u781a\u4e01\u771f|Stamina|boost\n|-boost|p2b: \u786c\u781a\u4e01\u771f|def|1\n|move|p2a: \u80b2\u5e7c\u4e01\u771f|Follow Me|p2a: \u80b2\u5e7c\u4e01\u771f\n|-singleturn|p2a: \u80b2\u5e7c\u4e01\u771f|move: Follow Me\n|move|p1a: Gholdengo|Nasty Plot|p1a: Gholdengo\n|-boost|p1a: Gholdengo|spa|2\n|cant|p2b: \u786c\u781a\u4e01\u771f|flinch\n|\n|upkeep\n|turn|2\n|\n|t:|1732156393\n|move|p1a: Gholdengo|Protect|p1a: Gholdengo\n|-singleturn|p1a: Gholdengo|Protect\n|move|p2a: \u80b2\u5e7c\u4e01\u771f|Follow Me|p2a: \u80b2\u5e7c\u4e01\u771f\n|-singleturn|p2a: \u80b2\u5e7c\u4e01\u771f|move: Follow Me\n|move|p2b: \u786c\u781a\u4e01\u771f|Electro Shot||[still]\n|-prepare|p2b: \u786c\u781a\u4e01\u771f|Electro Shot\n|-boost|p2b: \u786c\u781a\u4e01\u771f|spa|1\n|-enditem|p2b: \u786c\u781a\u4e01\u771f|Power Herb\n|-anim|p2b: \u786c\u781a\u4e01\u771f|Electro Shot|p1a: Gholdengo\n|-activate|p1a: Gholdengo|move: Protect\n|move|p1b: Incineroar|Parting Shot|p2a: \u80b2\u5e7c\u4e01\u771f\n|-unboost|p2a: \u80b2\u5e7c\u4e01\u771f|atk|1\n|-unboost|p2a: \u80b2\u5e7c\u4e01\u771f|spa|1\n|\n|t:|1732156410\n|switch|p1b: Ursaluna|Ursaluna, L50, F|100\/100|[from] Parting Shot\n|\n|-status|p1b: Ursaluna|brn|[from] item: Flame Orb\n|upkeep\n|turn|3\n|\n|t:|1732156424\n|move|p2a: \u80b2\u5e7c\u4e01\u771f|Population Bomb|p2b: \u786c\u781a\u4e01\u771f\n|-damage|p2b: \u786c\u781a\u4e01\u771f|89\/100\n|-ability|p2b: \u786c\u781a\u4e01\u771f|Stamina|boost\n|-boost|p2b: \u786c\u781a\u4e01\u771f|def|1\n|-damage|p2b: \u786c\u781a\u4e01\u771f|87\/100\n|-ability|p2b: \u786c\u781a\u4e01\u771f|Stamina|boost\n|-boost|p2b: \u786c\u781a\u4e01\u771f|def|1\n|-damage|p2b: \u786c\u781a\u4e01\u771f|84\/100\n|-ability|p2b: \u786c\u781a\u4e01\u771f|Stamina|boost\n|-boost|p2b: \u786c\u781a\u4e01\u771f|def|1\n|-damage|p2b: \u786c\u781a\u4e01\u771f|83\/100\n|-ability|p2b: \u786c\u781a\u4e01\u771f|Stamina|boost\n|-boost|p2b: \u786c\u781a\u4e01\u771f|def|1\n|-damage|p2b: \u786c\u781a\u4e01\u771f|81\/100\n|-ability|p2b: \u786c\u781a\u4e01\u771f|Stamina|boost\n|-boost|p2b: \u786c\u781a\u4e01\u771f|def|1\n|-damage|p2b: \u786c\u781a\u4e01\u771f|80\/100\n|-damage|p2b: \u786c\u781a\u4e01\u771f|78\/100\n|-damage|p2b: \u786c\u781a\u4e01\u771f|77\/100\n|-damage|p2b: \u786c\u781a\u4e01\u771f|75\/100\n|-damage|p2b: \u786c\u781a\u4e01\u771f|74\/100\n|-hitcount|p2b: \u786c\u781a\u4e01\u771f|10\n|move|p1a: Gholdengo|Make It Rain|p2a: \u80b2\u5e7c\u4e01\u771f|[spread] p2a,p2b\n|-resisted|p2b: \u786c\u781a\u4e01\u771f\n|-damage|p2a: \u80b2\u5e7c\u4e01\u771f|0 fnt\n|-damage|p2b: \u786c\u781a\u4e01\u771f|3\/100\n|-unboost|p1a: Gholdengo|spa|1\n|faint|p2a: \u80b2\u5e7c\u4e01\u771f\n|move|p2b: \u786c\u781a\u4e01\u771f|Body Press|p1b: Ursaluna\n|-supereffective|p1b: Ursaluna\n|-damage|p1b: Ursaluna|0 fnt\n|faint|p1b: Ursaluna\n|\n|upkeep\n|inactive|elvegis1 has 30 seconds left.\n|\n|t:|1732156454\n|switch|p2a: \u9e2d\u6837\u4e01\u771f|Porygon2, L50|100\/100\n|switch|p1b: Incineroar|Incineroar, L50, F|100\/100\n|-ability|p1b: Incineroar|Intimidate|boost\n|-unboost|p2a: \u9e2d\u6837\u4e01\u771f|atk|1\n|-unboost|p2b: \u786c\u781a\u4e01\u771f|atk|1\n|-ability|p2a: \u9e2d\u6837\u4e01\u771f|Download|boost\n|-boost|p2a: \u9e2d\u6837\u4e01\u771f|atk|1\n|turn|4\n|\n|t:|1732156467\n|move|p2b: \u786c\u781a\u4e01\u771f|Protect|p2b: \u786c\u781a\u4e01\u771f\n|-singleturn|p2b: \u786c\u781a\u4e01\u771f|Protect\n|move|p1a: Gholdengo|Make It Rain|p2b: \u786c\u781a\u4e01\u771f|[spread] p2a\n|-activate|p2b: \u786c\u781a\u4e01\u771f|move: Protect\n|-damage|p2a: \u9e2d\u6837\u4e01\u771f|53\/100\n|-unboost|p1a: Gholdengo|spa|1\n|move|p1b: Incineroar|Knock Off|p2a: \u9e2d\u6837\u4e01\u771f\n|-damage|p2a: \u9e2d\u6837\u4e01\u771f|31\/100\n|-enditem|p2a: \u9e2d\u6837\u4e01\u771f|Eviolite|[from] move: Knock Off|[of] p1b: Incineroar\n|move|p2a: \u9e2d\u6837\u4e01\u771f|Trick Room|p2a: \u9e2d\u6837\u4e01\u771f\n|-fieldstart|move: Trick Room|[of] p2a: \u9e2d\u6837\u4e01\u771f\n|\n|upkeep\n|turn|5\n|\n|t:|1732156486\n|switch|p2a: \u4f9d\u5f71\u4e01\u771f|Amoonguss, L50, F|100\/100\n|-terastallize|p1b: Incineroar|Ghost\n|move|p1b: Incineroar|Parting Shot|p2b: \u786c\u781a\u4e01\u771f\n|-unboost|p2b: \u786c\u781a\u4e01\u771f|atk|1\n|-unboost|p2b: \u786c\u781a\u4e01\u771f|spa|1\n|\n|t:|1732156493\n|switch|p1b: Dondozo|Dondozo, L50, M|100\/100|[from] Parting Shot\n|move|p2b: \u786c\u781a\u4e01\u771f|Body Press|p1b: Dondozo\n|-damage|p1b: Dondozo|85\/100\n|move|p1a: Gholdengo|Nasty Plot|p1a: Gholdengo\n|-boost|p1a: Gholdengo|spa|2\n|\n|-heal|p1b: Dondozo|91\/100|[from] item: Leftovers\n|upkeep\n|turn|6\n|-message|bluestraggler02 forfeited.\n|\n|win|elvegis1\n|raw|elvegis1's rating: 1694 &rarr; <strong>1716<\/strong><br \/>(+22 for winning)\n|raw|bluestraggler02's rating: 1733 &rarr; <strong>1711<\/strong><br \/>(-22 for losing)\n|l|\u2606bluestraggler02\n|player|p2|\n|l|\u2606elvegis1\n|player|p1|\n","uploadtime":1732156675,"views":15,"formatid":"gen9vgc2024regh","rating":1711,"private":0,"password":null}