{"id":"gen9vgc2024regh-2248561975","format":"[Gen 9] VGC 2024 Reg H","players":["VGCLTH <1000ELO","chin8"],"log":"|raw|<div class=\"broadcast-blue\"><strong>This battle is required to be public due to a player having a name starting with 'vgclth'.<\/div>\n|j|\u2606VGCLTH <1000ELO\n|j|\u2606chin8\n|t:|1732226636\n|gametype|doubles\n|player|p1|VGCLTH <1000ELO|170|1801\n|player|p2|chin8|gentleman-gen4dp|1743\n|teamsize|p1|6\n|teamsize|p2|6\n|gen|9\n|tier|[Gen 9] VGC 2024 Reg H\n|rated|\n|rule|Species Clause: Limit one of each Pok\u00e9mon\n|rule|Item Clause: Limit 1 of each item\n|clearpoke\n|poke|p1|Dondozo, L50, M|\n|poke|p1|Tatsugiri, L50, M|\n|poke|p1|Dragonite, L50, M|\n|poke|p1|Gholdengo, L50|\n|poke|p1|Glimmora, L50, F|\n|poke|p1|Talonflame, L50, M|\n|poke|p2|Baxcalibur, L50, F|\n|poke|p2|Kilowattrel, L50, M|\n|poke|p2|Granbull, L50, M|\n|poke|p2|Gardevoir, L50, M|\n|poke|p2|Magmortar, L50, F|\n|poke|p2|Gholdengo, L50|\n|teampreview|4\n|inactive|Battle timer is ON: inactive players will automatically lose when time's up. (requested by VGCLTH <1000ELO)\n|j| kyo9t\n|inactive|VGCLTH <1000ELO has 60 seconds left.\n|inactive|VGCLTH <1000ELO has 30 seconds left.\n|\n|t:|1732226697\n|start\n|switch|p1a: Dragonite|Dragonite, L50, M|100\/100\n|switch|p1b: Gholdengo|Gholdengo, L50|100\/100\n|switch|p2a: Gholdengo|Gholdengo, L50|100\/100\n|switch|p2b: Kilowattrel|Kilowattrel, L50, M|100\/100\n|turn|1\n|\n|t:|1732226704\n|-terastallize|p1b: Gholdengo|Flying\n|move|p1a: Dragonite|Extreme Speed|p2b: Kilowattrel\n|-damage|p2b: Kilowattrel|19\/100\n|move|p2b: Kilowattrel|Tailwind|p2b: Kilowattrel\n|-sidestart|p2: chin8|move: Tailwind\n|move|p2a: Gholdengo|Shadow Ball|p1b: Gholdengo\n|-damage|p1b: Gholdengo|50\/100\n|move|p1b: Gholdengo|Shadow Ball|p2a: Gholdengo\n|-supereffective|p2a: Gholdengo\n|-damage|p2a: Gholdengo|0 fnt\n|faint|p2a: Gholdengo\n|\n|upkeep\n|\n|t:|1732226721\n|switch|p2a: Gardevoir|Gardevoir, L50, M|100\/100\n|turn|2\n|inactive|VGCLTH <1000ELO has 30 seconds left.\n|\n|t:|1732226759\n|-terastallize|p2a: Gardevoir|Ghost\n|move|p1a: Dragonite|Extreme Speed|p2a: Gardevoir\n|-immune|p2a: Gardevoir\n|move|p2b: Kilowattrel|Thunderbolt|p1b: Gholdengo\n|-supereffective|p1b: Gholdengo\n|-damage|p1b: Gholdengo|0 fnt\n|faint|p1b: Gholdengo\n|move|p2a: Gardevoir|Dazzling Gleam|p1a: Dragonite\n|-supereffective|p1a: Dragonite\n|-damage|p1a: Dragonite|62\/100\n|\n|upkeep\n|\n|t:|1732226766\n|switch|p1b: Tatsugiri|Tatsugiri, L50, M|100\/100\n|turn|3\n|\n|t:|1732226774\n|move|p2b: Kilowattrel|Protect|p2b: Kilowattrel\n|-singleturn|p2b: Kilowattrel|Protect\n|move|p1b: Tatsugiri|Protect|p1b: Tatsugiri\n|-singleturn|p1b: Tatsugiri|Protect\n|move|p1a: Dragonite|Extreme Speed|p2b: Kilowattrel\n|-activate|p2b: Kilowattrel|move: Protect\n|move|p2a: Gardevoir|Dazzling Gleam|p1a: Dragonite|[spread] p1a\n|-activate|p1b: Tatsugiri|move: Protect\n|-supereffective|p1a: Dragonite\n|-crit|p1a: Dragonite\n|-damage|p1a: Dragonite|0 fnt\n|faint|p1a: Dragonite\n|\n|upkeep\n|\n|t:|1732226775\n|switch|p1a: Dondozo|Dondozo, L50, M|100\/100\n|-activate|p1b: Tatsugiri|ability: Commander|[of] p1a: Dondozo\n|-boost|p1a: Dondozo|atk|2\n|-boost|p1a: Dondozo|spa|2\n|-boost|p1a: Dondozo|spe|2\n|-boost|p1a: Dondozo|def|2\n|-boost|p1a: Dondozo|spd|2\n|-enditem|p2a: Gardevoir|Mirror Herb\n|-boost|p2a: Gardevoir|atk|2|[from] item: Mirror Herb\n|-boost|p2a: Gardevoir|spa|2|[from] item: Mirror Herb\n|-boost|p2a: Gardevoir|spe|2|[from] item: Mirror Herb\n|-boost|p2a: Gardevoir|def|2|[from] item: Mirror Herb\n|-boost|p2a: Gardevoir|spd|2|[from] item: Mirror Herb\n|turn|4\n|\n|t:|1732226783\n|move|p1a: Dondozo|Protect|p1a: Dondozo\n|-singleturn|p1a: Dondozo|Protect\n|move|p2a: Gardevoir|Skill Swap|p1a: Dondozo\n|-activate|p1a: Dondozo|move: Protect\n|move|p2b: Kilowattrel|Thunderbolt|p1a: Dondozo\n|-activate|p1a: Dondozo|move: Protect\n|\n|-sideend|p2: chin8|move: Tailwind\n|upkeep\n|turn|5\n|\n|t:|1732226793\n|move|p2a: Gardevoir|Skill Swap|p1a: Dondozo\n|-activate|p2a: Gardevoir|move: Skill Swap|Unaware|Telepathy|[of] p1a: Dondozo\n|move|p2b: Kilowattrel|Thunderbolt|p1a: Dondozo\n|-supereffective|p1a: Dondozo\n|-damage|p1a: Dondozo|57\/100\n|move|p1a: Dondozo|Wave Crash|p2a: Gardevoir\n|-damage|p2a: Gardevoir|66\/100\n|-damage|p1a: Dondozo|48\/100|[from] Recoil\n|\n|-heal|p1a: Dondozo|54\/100|[from] item: Leftovers\n|upkeep\n|turn|6\n|\n|t:|1732226804\n|move|p1a: Dondozo|Protect|p1a: Dondozo\n|-singleturn|p1a: Dondozo|Protect\n|move|p2a: Gardevoir|Dazzling Gleam|p1a: Dondozo|[spread] \n|-miss|p2a: Gardevoir|p1b: Tatsugiri\n|-activate|p1a: Dondozo|move: Protect\n|move|p2b: Kilowattrel|Thunderbolt|p1a: Dondozo\n|-activate|p1a: Dondozo|move: Protect\n|\n|-heal|p1a: Dondozo|60\/100|[from] item: Leftovers\n|upkeep\n|turn|7\n|\n|t:|1732226808\n|move|p2a: Gardevoir|Dazzling Gleam|p1a: Dondozo|[spread] p1a\n|-miss|p2a: Gardevoir|p1b: Tatsugiri\n|-damage|p1a: Dondozo|0 fnt\n|faint|p1a: Dondozo\n|move|p2b: Kilowattrel|Thunderbolt|p1b: Tatsugiri\n|-damage|p1b: Tatsugiri|44\/100\n|\n|upkeep\n|turn|8\n|-message|VGCLTH <1000ELO forfeited.\n|\n|win|chin8\n|raw|VGCLTH &lt;1000ELO's rating: 1801 &rarr; <strong>1778<\/strong><br \/>(-23 for losing)\n|raw|chin8's rating: 1743 &rarr; <strong>1766<\/strong><br \/>(+23 for winning)\n|l|\u2606VGCLTH <1000ELO\n|player|p1|\n|l|\u2606chin8\n|player|p2|\n","uploadtime":1732226955,"views":18,"formatid":"gen9vgc2024regh","rating":1766,"private":0,"password":null}