{"id":"gen9vgc2024regh-2248809778","format":"[Gen 9] VGC 2024 Reg H","players":["QuinlanBuilds","vgclth terran"],"log":"|raw|<div class=\"broadcast-blue\"><strong>This battle is required to be public due to a player having a name starting with 'vgclth'.<\/div>\n|j|\u2606QuinlanBuilds\n|j|\u2606vgclth terran\n|t:|1732262476\n|gametype|doubles\n|player|p1|QuinlanBuilds|101|1730\n|player|p2|vgclth terran|rood|1759\n|teamsize|p1|6\n|teamsize|p2|6\n|gen|9\n|tier|[Gen 9] VGC 2024 Reg H\n|rated|\n|rule|Species Clause: Limit one of each Pok\u00e9mon\n|rule|Item Clause: Limit 1 of each item\n|clearpoke\n|poke|p1|Volbeat, L50, M|\n|poke|p1|Primarina, L50, F|\n|poke|p1|Espathra, L50, F|\n|poke|p1|Typhlosion-Hisui, L50, M|\n|poke|p1|Indeedee-F, L50, F|\n|poke|p1|Archaludon, L50, F|\n|poke|p2|Dudunsparce-*, L50, M|\n|poke|p2|Annihilape, L50, F|\n|poke|p2|Maushold, L50|\n|poke|p2|Kingambit, L50, F|\n|poke|p2|Flamigo, L50, M|\n|poke|p2|Garchomp, L50, M|\n|teampreview|4\n|inactive|Battle timer is ON: inactive players will automatically lose when time's up. (requested by QuinlanBuilds)\n|\n|t:|1732262503\n|start\n|switch|p1a: Primarina|Primarina, L50, F|100\/100\n|switch|p1b: Volbeat|Volbeat, L50, M|100\/100\n|switch|p2a: Garchomp|Garchomp, L50, M|100\/100\n|switch|p2b: Flamigo|Flamigo, L50, M|100\/100\n|-copyboost|p2b: Flamigo|p2a: Garchomp|[from] ability: Costar\n|turn|1\n|\n|t:|1732262526\n|-terastallize|p2a: Garchomp|Fairy\n|move|p2b: Flamigo|Wide Guard|p2b: Flamigo\n|-singleturn|p2b: Flamigo|Wide Guard\n|move|p1b: Volbeat|Tailwind|p1b: Volbeat\n|-sidestart|p1: QuinlanBuilds|move: Tailwind\n|move|p1a: Primarina|Hyper Voice|p2a: Garchomp|[spread] \n|-activate|p2a: Garchomp|move: Wide Guard\n|-activate|p2b: Flamigo|move: Wide Guard\n|move|p2a: Garchomp|Rock Slide|p1b: Volbeat|[spread] p1a,p1b\n|-supereffective|p1b: Volbeat\n|-damage|p1a: Primarina|54\/100\n|-damage|p1b: Volbeat|26\/100\n|\n|upkeep\n|turn|2\n|inactive|QuinlanBuilds has 30 seconds left.\n|\n|t:|1732262556\n|switch|p1a: Archaludon|Archaludon, L50, F|100\/100\n|move|p2b: Flamigo|Wide Guard|p2b: Flamigo\n|-singleturn|p2b: Flamigo|Wide Guard\n|move|p1b: Volbeat|Encore|p2a: Garchomp\n|-start|p2a: Garchomp|Encore\n|move|p2a: Garchomp|Rock Slide|p1a: Archaludon|[spread] p1a,p1b\n|-resisted|p1a: Archaludon\n|-supereffective|p1b: Volbeat\n|-crit|p1b: Volbeat\n|-damage|p1a: Archaludon|87\/100\n|-damage|p1b: Volbeat|0 fnt\n|-ability|p1a: Archaludon|Stamina|boost\n|-boost|p1a: Archaludon|def|1\n|faint|p1b: Volbeat\n|\n|upkeep\n|\n|t:|1732262571\n|switch|p1b: Primarina|Primarina, L50, F|54\/100\n|turn|3\n|\n|t:|1732262585\n|-terastallize|p1b: Primarina|Steel\n|move|p2b: Flamigo|Protect||[still]\n|-fail|p2b: Flamigo\n|move|p1a: Archaludon|Electro Shot||[still]\n|-prepare|p1a: Archaludon|Electro Shot\n|-boost|p1a: Archaludon|spa|1\n|-enditem|p1a: Archaludon|Power Herb\n|-anim|p1a: Archaludon|Electro Shot|p2b: Flamigo\n|-supereffective|p2b: Flamigo\n|-enditem|p2b: Flamigo|Focus Sash\n|-damage|p2b: Flamigo|1\/100\n|move|p1b: Primarina|Hyper Voice|p2b: Flamigo|[spread] p2a,p2b\n|-damage|p2a: Garchomp|48\/100\n|-damage|p2b: Flamigo|0 fnt\n|faint|p2b: Flamigo\n|move|p2a: Garchomp|Rock Slide|p1a: Archaludon|[spread] p1a,p1b\n|-resisted|p1a: Archaludon\n|-resisted|p1b: Primarina\n|-damage|p1a: Archaludon|77\/100\n|-damage|p1b: Primarina|31\/100\n|-ability|p1a: Archaludon|Stamina|boost\n|-boost|p1a: Archaludon|def|1\n|\n|upkeep\n|\n|t:|1732262593\n|switch|p2b: Maushold|Maushold, L50|100\/100\n|turn|4\n|\n|t:|1732262605\n|move|p2b: Maushold|Protect|p2b: Maushold\n|-singleturn|p2b: Maushold|Protect\n|move|p1a: Archaludon|Aura Sphere|p2b: Maushold\n|-activate|p2b: Maushold|move: Protect\n|move|p1b: Primarina|Hyper Voice|p2a: Garchomp|[spread] p2a\n|-activate|p2b: Maushold|move: Protect\n|-damage|p2a: Garchomp|0 fnt\n|faint|p2a: Garchomp\n|\n|-sideend|p1: QuinlanBuilds|move: Tailwind\n|upkeep\n|\n|t:|1732262607\n|switch|p2a: Annihilape|Annihilape, L50, F|100\/100\n|turn|5\n|\n|t:|1732262627\n|move|p2a: Annihilape|Final Gambit|p1a: Archaludon\n|-damage|p1a: Archaludon|0 fnt\n|faint|p2a: Annihilape\n|faint|p1a: Archaludon\n|move|p2b: Maushold|Population Bomb|p1b: Primarina\n|-resisted|p1b: Primarina\n|-damage|p1b: Primarina|23\/100\n|-resisted|p1b: Primarina\n|-damage|p1b: Primarina|15\/100\n|-resisted|p1b: Primarina\n|-damage|p1b: Primarina|8\/100\n|-resisted|p1b: Primarina\n|-damage|p1b: Primarina|0 fnt\n|faint|p1b: Primarina\n|-hitcount|p1: Primarina|4\n|\n|upkeep\n|\n|t:|1732262640\n|switch|p1b: Espathra|Espathra, L50, F|100\/100\n|turn|6\n|\n|t:|1732262643\n|move|p2b: Maushold|Population Bomb|p1b: Espathra\n|-damage|p1b: Espathra|83\/100\n|-damage|p1b: Espathra|67\/100\n|-damage|p1b: Espathra|50\/100\n|-damage|p1b: Espathra|33\/100\n|-damage|p1b: Espathra|15\/100\n|-damage|p1b: Espathra|0 fnt\n|faint|p1b: Espathra\n|-hitcount|p1: Espathra|6\n|\n|win|vgclth terran\n|raw|QuinlanBuilds's rating: 1730 &rarr; <strong>1712<\/strong><br \/>(-18 for losing)\n|raw|vgclth terran's rating: 1759 &rarr; <strong>1777<\/strong><br \/>(+18 for winning)\n|l|\u2606vgclth terran\n|player|p2|\n|l|\u2606QuinlanBuilds\n|player|p1|\n","uploadtime":1732262906,"views":11,"formatid":"gen9vgc2024regh","rating":1712,"private":0,"password":null}