{"id":"gen9vgc2024regh-2248627551","format":"[Gen 9] VGC 2024 Reg H","players":["Blu is Cute","VGCLTH Slow"],"log":"|j|\u2606Blu is Cute\n|j|\u2606VGCLTH Slow\n|t:|1732234270\n|gametype|doubles\n|player|p1|Blu is Cute|anthea|1722\n|player|p2|VGCLTH Slow|skier|1738\n|teamsize|p1|6\n|teamsize|p2|6\n|gen|9\n|tier|[Gen 9] VGC 2024 Reg H\n|rated|\n|rule|Species Clause: Limit one of each Pok\u00e9mon\n|rule|Item Clause: Limit 1 of each item\n|clearpoke\n|poke|p1|Sneasler, L50, F|\n|poke|p1|Gholdengo, L50|\n|poke|p1|Amoonguss, L50, F|\n|poke|p1|Ursaluna-Bloodmoon, L50, M|\n|poke|p1|Dragonite, L50, M|\n|poke|p1|Incineroar, L50, F|\n|poke|p2|Sableye, L50, M|\n|poke|p2|Sylveon, L50, F|\n|poke|p2|Maushold-Four, L50|\n|poke|p2|Volcarona, L50, M|\n|poke|p2|Rillaboom, L50, F|\n|poke|p2|Annihilape, L50, M|\n|teampreview|4\n|inactive|Battle timer is ON: inactive players will automatically lose when time's up. (requested by Blu is Cute)\nVGCLTH Slow has agreed to open team sheets.\n|inactive|Blu is Cute has 60 seconds left.\n|\n|t:|1732234329\n|start\n|switch|p1a: Sneasler|Sneasler, L50, F, shiny|100\/100\n|switch|p1b: Gholdengo|Gholdengo, L50, shiny|100\/100\n|switch|p2a: Shamonerona|Volcarona, L50, M, shiny|100\/100\n|switch|p2b: Old Yeller|Sylveon, L50, F, shiny|100\/100\n|turn|1\n|\n|t:|1732234347\n|move|p2b: Old Yeller|Protect|p2b: Old Yeller\n|-singleturn|p2b: Old Yeller|Protect\n|move|p1a: Sneasler|Fake Out|p2a: Shamonerona\n|-damage|p2a: Shamonerona|84\/100\n|-status|p1a: Sneasler|brn|[from] ability: Flame Body|[of] p2a: Shamonerona\n|move|p1b: Gholdengo|Nasty Plot|p1b: Gholdengo\n|-boost|p1b: Gholdengo|spa|2\n|move|p2a: Shamonerona|Quiver Dance|p2a: Shamonerona\n|-boost|p2a: Shamonerona|spa|1\n|-boost|p2a: Shamonerona|spd|1\n|-boost|p2a: Shamonerona|spe|1\n|\n|-damage|p1a: Sneasler|95\/100 brn|[from] brn\n|upkeep\n|turn|2\n|\n|t:|1732234371\n|-terastallize|p1b: Gholdengo|Water\n|-terastallize|p2b: Old Yeller|Water\n|move|p2a: Shamonerona|Heat Wave|p1a: Sneasler|[spread] p1a,p1b\n|-resisted|p1b: Gholdengo\n|-damage|p1a: Sneasler|19\/100 brn\n|-damage|p1b: Gholdengo|71\/100\n|move|p1a: Sneasler|Dire Claw|p2b: Old Yeller\n|-damage|p2b: Old Yeller|77\/100\n|move|p1b: Gholdengo|Shadow Ball|p2b: Old Yeller\n|-damage|p2b: Old Yeller|0 fnt\n|faint|p2b: Old Yeller\n|-damage|p1b: Gholdengo|62\/100|[from] item: Life Orb\n|\n|-damage|p1a: Sneasler|13\/100 brn|[from] brn\n|upkeep\n|\n|t:|1732234393\n|switch|p2b: Harambe In Heaven|Annihilape, L50, M|100\/100\n|turn|3\n|j| balnam\n|\n|t:|1732234407\n|move|p1b: Gholdengo|Protect|p1b: Gholdengo\n|-singleturn|p1b: Gholdengo|Protect\n|move|p2a: Shamonerona|Giga Drain|p1b: Gholdengo\n|-activate|p1b: Gholdengo|move: Protect\n|move|p1a: Sneasler|Dire Claw|p2a: Shamonerona\n|-damage|p2a: Shamonerona|61\/100\n|move|p2b: Harambe In Heaven|Bulk Up|p2b: Harambe In Heaven\n|-boost|p2b: Harambe In Heaven|atk|1\n|-boost|p2b: Harambe In Heaven|def|1\n|\n|-damage|p1a: Sneasler|8\/100 brn|[from] brn\n|upkeep\n|turn|4\n|\n|t:|1732234425\n|move|p1b: Gholdengo|Protect|p1b: Gholdengo\n|-singleturn|p1b: Gholdengo|Protect\n|move|p2a: Shamonerona|Giga Drain|p1b: Gholdengo\n|-activate|p1b: Gholdengo|move: Protect\n|move|p1a: Sneasler|Dire Claw|p2b: Harambe In Heaven\n|-resisted|p2b: Harambe In Heaven\n|-damage|p2b: Harambe In Heaven|93\/100\n|-status|p2b: Harambe In Heaven|par\n|move|p2b: Harambe In Heaven|Bulk Up|p2b: Harambe In Heaven\n|-boost|p2b: Harambe In Heaven|atk|1\n|-boost|p2b: Harambe In Heaven|def|1\n|\n|-heal|p2b: Harambe In Heaven|99\/100 par|[from] item: Leftovers\n|-damage|p1a: Sneasler|2\/100 brn|[from] brn\n|upkeep\n|turn|5\n|inactive|Blu is Cute has 30 seconds left.\n|inactive|Blu is Cute has 20 seconds left.\n|\n|t:|1732234462\n|switch|p1b: Ursaluna|Ursaluna-Bloodmoon, L50, M|100\/100\n|move|p2a: Shamonerona|Giga Drain|p1b: Ursaluna\n|-supereffective|p1b: Ursaluna\n|-damage|p1b: Ursaluna|50\/100\n|-heal|p2a: Shamonerona|89\/100|[from] drain|[of] p1b: Ursaluna\n|move|p1a: Sneasler|Close Combat|p2a: Shamonerona\n|-resisted|p2a: Shamonerona\n|-damage|p2a: Shamonerona|71\/100\n|-unboost|p1a: Sneasler|def|1\n|-unboost|p1a: Sneasler|spd|1\n|move|p2b: Harambe In Heaven|Drain Punch|p1b: Ursaluna\n|-supereffective|p1b: Ursaluna\n|-damage|p1b: Ursaluna|0 fnt\n|-heal|p2b: Harambe In Heaven|100\/100 par|[from] drain|[of] p1b: Ursaluna\n|faint|p1b: Ursaluna\n|\n|-damage|p1a: Sneasler|0 fnt|[from] brn\n|faint|p1a: Sneasler\n|upkeep\n|\n|t:|1732234472\n|switch|p1a: Dragonite|Dragonite, L50, M, shiny|100\/100\n|switch|p1b: Gholdengo|Gholdengo, L50, shiny, tera:Water|62\/100\n|turn|6\n|\n|t:|1732234493\n|move|p1b: Gholdengo|Protect|p1b: Gholdengo\n|-singleturn|p1b: Gholdengo|Protect\n|move|p2a: Shamonerona|Giga Drain|p1a: Dragonite\n|-resisted|p1a: Dragonite\n|-damage|p1a: Dragonite|96\/100\n|-heal|p2a: Shamonerona|73\/100|[from] drain|[of] p1a: Dragonite\n|move|p1a: Dragonite|Scale Shot|p2a: Shamonerona\n|-damage|p2a: Shamonerona|57\/100\n|-damage|p2a: Shamonerona|38\/100\n|-damage|p2a: Shamonerona|21\/100\n|-damage|p2a: Shamonerona|2\/100\n|-hitcount|p2a: Shamonerona|4\n|-unboost|p1a: Dragonite|def|1\n|-boost|p1a: Dragonite|spe|1\n|move|p2b: Harambe In Heaven|Rage Fist|p1a: Dragonite\n|-damage|p1a: Dragonite|0 fnt\n|faint|p1a: Dragonite\n|\n|upkeep\n|turn|7\n|-message|Blu is Cute forfeited.\n|\n|win|VGCLTH Slow\n|raw|Blu is Cute's rating: 1722 &rarr; <strong>1703<\/strong><br \/>(-19 for losing)\n|raw|VGCLTH Slow's rating: 1738 &rarr; <strong>1757<\/strong><br \/>(+19 for winning)\n|l|\u2606Blu is Cute\n|player|p1|\n|l|\u2606VGCLTH Slow\n|player|p2|\n|j| volcaronavgc\n","uploadtime":1732234521,"views":20,"formatid":"gen9vgc2024regh","rating":1703,"private":0,"password":null}