{"id":"gen9vgc2024regh-2248105677","format":"[Gen 9] VGC 2024 Reg H","players":["Cxdv","vgclth terran"],"log":"|raw|<div class=\"broadcast-blue\"><strong>This battle is required to be public due to a player having a name starting with 'vgclth'.<\/div>\n|j|\u2606Cxdv\n|j|\u2606vgclth terran\n|t:|1732171923\n|gametype|doubles\n|player|p1|Cxdv|101|1710\n|player|p2|vgclth terran|rood|1787\n|teamsize|p1|6\n|teamsize|p2|6\n|gen|9\n|tier|[Gen 9] VGC 2024 Reg H\n|rated|\n|rule|Species Clause: Limit one of each Pok\u00e9mon\n|rule|Item Clause: Limit 1 of each item\n|clearpoke\n|poke|p1|Sableye, L50, M|\n|poke|p1|Gengar, L50, F|\n|poke|p1|Quaquaval, L50, F|\n|poke|p1|Incineroar, L50, F|\n|poke|p1|Gholdengo, L50|\n|poke|p1|Dragonite, L50, F|\n|poke|p2|Ninetales-Alola, L50, M|\n|poke|p2|Rillaboom, L50, M|\n|poke|p2|Magmar, L50, F|\n|poke|p2|Sneasler, L50, F|\n|poke|p2|Kingambit, L50, M|\n|poke|p2|Basculegion, L50, M|\n|teampreview|4\n|inactive|Battle timer is ON: inactive players will automatically lose when time's up. (requested by Cxdv)\n|inactive|vgclth terran has 60 seconds left.\n|\n|t:|1732171974\n|start\n|switch|p1a: Gholdengo|Gholdengo, L50|100\/100\n|switch|p1b: Sableye|Sableye, L50, M|100\/100\n|switch|p2a: Kingambit|Kingambit, L50, M|100\/100\n|switch|p2b: Magmar|Magmar, L50, F|100\/100\n|turn|1\n|j| jeskyv2\n|\n|t:|1732171988\n|-terastallize|p1a: Gholdengo|Fighting\n|move|p1b: Sableye|Gravity|p1b: Sableye\n|-fieldstart|move: Gravity\n|move|p1a: Gholdengo|Focus Blast|p2a: Kingambit\n|-supereffective|p2a: Kingambit\n|-damage|p2a: Kingambit|0 fnt\n|faint|p2a: Kingambit\n|move|p2b: Magmar|Taunt|p1b: Sableye\n|-start|p1b: Sableye|move: Taunt\n|\n|upkeep\n|\n|t:|1732172000\n|switch|p2a: Sneasler|Sneasler, L50, F|100\/100\n|turn|2\n|\n|t:|1732172007\n|switch|p1a: Incineroar|Incineroar, L50, F|100\/100\n|-ability|p1a: Incineroar|Intimidate|boost\n|-unboost|p2a: Sneasler|atk|1\n|-unboost|p2b: Magmar|atk|1\n|move|p2a: Sneasler|Fake Out|p1a: Incineroar\n|-damage|p1a: Incineroar|92\/100\n|-status|p1a: Incineroar|psn|[from] ability: Poison Touch|[of] p2a: Sneasler\n|move|p2b: Magmar|Heat Wave|p1a: Incineroar|[spread] p1a,p1b\n|-resisted|p1a: Incineroar\n|-damage|p1a: Incineroar|83\/100 psn\n|-damage|p1b: Sableye|72\/100\n|move|p1b: Sableye|Foul Play|p2a: Sneasler\n|-resisted|p2a: Sneasler\n|-damage|p2a: Sneasler|71\/100\n|\n|-damage|p1a: Incineroar|71\/100 psn|[from] psn\n|upkeep\n|turn|3\n|inactive|vgclth terran has 30 seconds left.\n|\n|t:|1732172040\n|switch|p1a: Gholdengo|Gholdengo, L50, tera:Fighting|100\/100\n|move|p2b: Magmar|Follow Me|p2b: Magmar\n|-singleturn|p2b: Magmar|move: Follow Me\n|move|p2a: Sneasler|Close Combat|p1a: Gholdengo\n|-damage|p1a: Gholdengo|57\/100\n|-unboost|p2a: Sneasler|def|1\n|-unboost|p2a: Sneasler|spd|1\n|move|p1b: Sableye|Foul Play|p2b: Magmar\n|-damage|p2b: Magmar|88\/100\n|\n|upkeep\n|turn|4\n|\n|t:|1732172057\n|switch|p1b: Incineroar|Incineroar, L50, F|71\/100 psn\n|-ability|p1b: Incineroar|Intimidate|boost\n|-unboost|p2a: Sneasler|atk|1\n|-unboost|p2b: Magmar|atk|1\n|move|p2a: Sneasler|Protect|p2a: Sneasler\n|-singleturn|p2a: Sneasler|Protect\n|move|p1a: Gholdengo|Make It Rain|p2a: Sneasler|[spread] p2b\n|-activate|p2a: Sneasler|move: Protect\n|-resisted|p2b: Magmar\n|-damage|p2b: Magmar|66\/100\n|-unboost|p1a: Gholdengo|spa|1\n|move|p2b: Magmar|Heat Wave|p1b: Incineroar|[spread] p1a,p1b\n|-resisted|p1b: Incineroar\n|-damage|p1a: Gholdengo|29\/100\n|-damage|p1b: Incineroar|63\/100 psn\n|\n|-damage|p1b: Incineroar|50\/100 psn|[from] psn\n|upkeep\n|turn|5\n|\n|t:|1732172071\n|-terastallize|p2a: Sneasler|Ghost\n|move|p2b: Magmar|Follow Me|p2b: Magmar\n|-singleturn|p2b: Magmar|move: Follow Me\n|move|p1a: Gholdengo|Make It Rain|p2b: Magmar|[spread] p2a,p2b\n|-resisted|p2b: Magmar\n|-damage|p2a: Sneasler|0 fnt\n|-damage|p2b: Magmar|52\/100\n|-unboost|p1a: Gholdengo|spa|1\n|faint|p2a: Sneasler\n|move|p1b: Incineroar|Knock Off|p2b: Magmar\n|-damage|p2b: Magmar|23\/100\n|-enditem|p2b: Magmar|Eviolite|[from] move: Knock Off|[of] p1b: Incineroar\n|\n|-damage|p1b: Incineroar|38\/100 psn|[from] psn\n|-fieldend|move: Gravity\n|upkeep\n|\n|t:|1732172078\n|switch|p2a: Basculegion|Basculegion, L50, M|100\/100\n|turn|6\n|\n|t:|1732172100\n|switch|p1a: Quaquaval|Quaquaval, L50, F|100\/100\n|move|p2a: Basculegion|Last Respects|p1b: Incineroar\n|-resisted|p1b: Incineroar\n|-damage|p1b: Incineroar|0 fnt\n|faint|p1b: Incineroar\n|move|p2b: Magmar|Heat Wave|p1a: Quaquaval\n|-resisted|p1a: Quaquaval\n|-damage|p1a: Quaquaval|78\/100\n|\n|upkeep\n|\n|t:|1732172111\n|switch|p1b: Sableye|Sableye, L50, M|72\/100\n|turn|7\n|\n|t:|1732172115\n|move|p2b: Magmar|Follow Me|p2b: Magmar\n|-singleturn|p2b: Magmar|move: Follow Me\n|move|p1b: Sableye|Disable|p2b: Magmar\n|-start|p2b: Magmar|Disable|Follow Me\n|move|p2a: Basculegion|Last Respects|p1a: Quaquaval\n|-damage|p1a: Quaquaval|0 fnt\n|faint|p1a: Quaquaval\n|\n|upkeep\n|\n|t:|1732172122\n|switch|p1a: Gholdengo|Gholdengo, L50, tera:Fighting|29\/100\n|turn|8\n|\n|t:|1732172131\n|move|p1b: Sableye|Disable|p2a: Basculegion\n|-start|p2a: Basculegion|Disable|Last Respects\n|cant|p2a: Basculegion|Disable|Last Respects\n|move|p1a: Gholdengo|Shadow Ball|p2b: Magmar\n|-damage|p2b: Magmar|0 fnt\n|faint|p2b: Magmar\n|\n|upkeep\n|turn|9\n|\n|t:|1732172142\n|-activate|p2a: Basculegion|move: Struggle\n|move|p2a: Basculegion|Struggle|p1b: Sableye\n|-damage|p1b: Sableye|53\/100\n|-damage|p2a: Basculegion|75\/100|[from] recoil\n|move|p1a: Gholdengo|Shadow Ball|p2a: Basculegion\n|-supereffective|p2a: Basculegion\n|-damage|p2a: Basculegion|0 fnt\n|faint|p2a: Basculegion\n|\n|win|Cxdv\n|raw|Cxdv's rating: 1710 &rarr; <strong>1734<\/strong><br \/>(+24 for winning)\n|raw|vgclth terran's rating: 1787 &rarr; <strong>1763<\/strong><br \/>(-24 for losing)\n|l|\u2606vgclth terran\n|player|p2|\n|l|\u2606Cxdv\n|player|p1|\n","uploadtime":1732172381,"views":15,"formatid":"gen9vgc2024regh","rating":1734,"private":0,"password":null}