{"id":"gen9vgc2024regh-2248038492","format":"[Gen 9] VGC 2024 Reg H","players":["elvegis1","badpiplupvgc"],"log":"|j|\u2606elvegis1\n|j|\u2606badpiplupvgc\n|t:|1732160492\n|gametype|doubles\n|player|p1|elvegis1|lucas|1750\n|player|p2|badpiplupvgc|265|1775\n|teamsize|p1|6\n|teamsize|p2|6\n|gen|9\n|tier|[Gen 9] VGC 2024 Reg H\n|rated|\n|rule|Species Clause: Limit one of each Pok\u00e9mon\n|rule|Item Clause: Limit 1 of each item\n|clearpoke\n|poke|p1|Incineroar, L50, F|\n|poke|p1|Gholdengo, L50|\n|poke|p1|Dondozo, L50, M|\n|poke|p1|Magnezone, L50|\n|poke|p1|Ursaluna, L50, M|\n|poke|p1|Dusclops, L50, M|\n|poke|p2|Tyranitar, L50, F|\n|poke|p2|Excadrill, L50, F|\n|poke|p2|Indeedee-F, L50, F|\n|poke|p2|Armarouge, L50, F|\n|poke|p2|Sneasler, L50, M|\n|poke|p2|Milotic, L50, M|\n|teampreview|4\n|inactive|Battle timer is ON: inactive players will automatically lose when time's up. (requested by elvegis1)\n|inactive|elvegis1 has 60 seconds left.\n|inactive|badpiplupvgc has 60 seconds left.\n|\n|t:|1732160546\n|start\n|switch|p1a: Dusclops|Dusclops, L50, M|100\/100\n|switch|p1b: Dondozo|Dondozo, L50, M|100\/100\n|switch|p2a: Tyranitar|Tyranitar, L50, F, shiny|100\/100\n|switch|p2b: Milotic|Milotic, L50, M|100\/100\n|-weather|Sandstorm|[from] ability: Sand Stream|[of] p2a: Tyranitar\n|-item|p2a: Tyranitar|Assault Vest|[from] ability: Frisk|[of] p1a: Dusclops\n|-item|p2b: Milotic|Sitrus Berry|[from] ability: Frisk|[of] p1a: Dusclops\n|turn|1\n|j| plplk\n|\n|t:|1732160564\n|-terastallize|p1a: Dusclops|Dragon\n|move|p2b: Milotic|Scald|p1b: Dondozo\n|-resisted|p1b: Dondozo\n|-damage|p1b: Dondozo|86\/100\n|move|p2a: Tyranitar|Knock Off|p1a: Dusclops\n|-damage|p1a: Dusclops|65\/100\n|-enditem|p1a: Dusclops|Eviolite|[from] move: Knock Off|[of] p2a: Tyranitar\n|move|p1b: Dondozo|Yawn|p2b: Milotic\n|-start|p2b: Milotic|move: Yawn|[of] p1b: Dondozo\n|move|p1a: Dusclops|Trick Room|p1a: Dusclops\n|-fieldstart|move: Trick Room|[of] p1a: Dusclops\n|\n|-weather|Sandstorm|[upkeep]\n|-damage|p1a: Dusclops|59\/100|[from] Sandstorm\n|-damage|p1b: Dondozo|80\/100|[from] Sandstorm\n|-damage|p2b: Milotic|95\/100|[from] Sandstorm\n|-heal|p1b: Dondozo|86\/100|[from] item: Leftovers\n|upkeep\n|turn|2\n|\n|t:|1732160583\n|switch|p2b: Indeedee|Indeedee-F, L50, F|100\/100\n|-fieldstart|move: Psychic Terrain|[from] ability: Psychic Surge|[of] p2b: Indeedee\n|move|p1a: Dusclops|Will-O-Wisp|p2a: Tyranitar|[miss]\n|-miss|p1a: Dusclops|p2a: Tyranitar\n|move|p1b: Dondozo|Wave Crash|p2b: Indeedee\n|-damage|p2b: Indeedee|51\/100\n|-damage|p1b: Dondozo|75\/100|[from] Recoil\n|move|p2a: Tyranitar|Knock Off|p1b: Dondozo\n|-damage|p1b: Dondozo|37\/100\n|-enditem|p1b: Dondozo|Leftovers|[from] move: Knock Off|[of] p2a: Tyranitar\n|\n|-weather|Sandstorm|[upkeep]\n|-damage|p1a: Dusclops|53\/100|[from] Sandstorm\n|-damage|p1b: Dondozo|31\/100|[from] Sandstorm\n|upkeep\n|turn|3\n|inactive|elvegis1 has 30 seconds left.\n|inactive|badpiplupvgc has 30 seconds left.\n|inactive|elvegis1 has 20 seconds left.\n|inactive|elvegis1 has 15 seconds left.\n|\n|t:|1732160626\n|switch|p1b: Ursaluna|Ursaluna, L50, M|100\/100\n|move|p2b: Indeedee|Follow Me|p2b: Indeedee\n|-singleturn|p2b: Indeedee|move: Follow Me\n|move|p1a: Dusclops|Pain Split|p2b: Indeedee\n|-sethp|p2b: Indeedee|47\/100|[from] move: Pain Split|[silent]\n|-sethp|p1a: Dusclops|57\/100|[from] move: Pain Split\n|move|p2a: Tyranitar|Rock Slide|p1a: Dusclops|[spread] p1a,p1b\n|-resisted|p1b: Ursaluna\n|-damage|p1a: Dusclops|28\/100\n|-damage|p1b: Ursaluna|89\/100\n|\n|-weather|Sandstorm|[upkeep]\n|-damage|p1a: Dusclops|22\/100|[from] Sandstorm\n|-status|p1b: Ursaluna|brn|[from] item: Flame Orb\n|upkeep\n|turn|4\n|inactive|badpiplupvgc has 30 seconds left.\n|\n|t:|1732160659\n|-terastallize|p2a: Tyranitar|Flying\n|move|p2b: Indeedee|Follow Me|p2b: Indeedee\n|-singleturn|p2b: Indeedee|move: Follow Me\n|move|p1a: Dusclops|Pain Split|p2b: Indeedee\n|-sethp|p2b: Indeedee|33\/100|[from] move: Pain Split|[silent]\n|-sethp|p1a: Dusclops|39\/100|[from] move: Pain Split\n|move|p1b: Ursaluna|Facade|p2b: Indeedee\n|-damage|p2b: Indeedee|0 fnt\n|faint|p2b: Indeedee\n|move|p2a: Tyranitar|Low Kick|p1b: Ursaluna\n|-supereffective|p1b: Ursaluna\n|-damage|p1b: Ursaluna|16\/100 brn\n|\n|-weather|Sandstorm|[upkeep]\n|-damage|p1a: Dusclops|33\/100|[from] Sandstorm\n|-damage|p2a: Tyranitar|95\/100|[from] Sandstorm\n|-damage|p1b: Ursaluna|10\/100 brn|[from] brn\n|upkeep\n|\n|t:|1732160681\n|switch|p2b: Milotic|Milotic, L50, M|95\/100\n|turn|5\n|\n|t:|1732160697\n|switch|p2a: Excadrill|Excadrill, L50, F, shiny|100\/100\n|move|p2b: Milotic|Protect|p2b: Milotic\n|-singleturn|p2b: Milotic|Protect\n|move|p1a: Dusclops|Pain Split|p2a: Excadrill\n|-sethp|p2a: Excadrill|63\/100|[from] move: Pain Split|[silent]\n|-sethp|p1a: Dusclops|80\/100|[from] move: Pain Split\n|move|p1b: Ursaluna|Facade|p2a: Excadrill\n|-resisted|p2a: Excadrill\n|-damage|p2a: Excadrill|0 fnt\n|faint|p2a: Excadrill\n|\n|-weather|none\n|-damage|p1b: Ursaluna|5\/100 brn|[from] brn\n|-fieldend|move: Trick Room\n|upkeep\n|\n|t:|1732160710\n|switch|p2a: Tyranitar|Tyranitar, L50, F, shiny, tera:Flying|95\/100\n|-weather|Sandstorm|[from] ability: Sand Stream|[of] p2a: Tyranitar\n|turn|6\n|\n|t:|1732160723\n|switch|p1b: Dondozo|Dondozo, L50, M|31\/100\n|move|p2b: Milotic|Icy Wind|p1a: Dusclops|[spread] p1a,p1b\n|-supereffective|p1a: Dusclops\n|-resisted|p1b: Dondozo\n|-damage|p1a: Dusclops|60\/100\n|-damage|p1b: Dondozo|27\/100\n|-unboost|p1a: Dusclops|spe|1\n|-unboost|p1b: Dondozo|spe|1\n|move|p2a: Tyranitar|Rock Slide|p1a: Dusclops|[spread] p1a,p1b\n|-damage|p1a: Dusclops|30\/100\n|-damage|p1b: Dondozo|5\/100\n|cant|p1a: Dusclops|flinch\n|\n|-weather|Sandstorm|[upkeep]\n|-damage|p2b: Milotic|89\/100|[from] Sandstorm\n|-damage|p2a: Tyranitar|89\/100|[from] Sandstorm\n|-damage|p1b: Dondozo|0 fnt|[from] Sandstorm\n|-damage|p1a: Dusclops|24\/100|[from] Sandstorm\n|faint|p1b: Dondozo\n|-fieldend|move: Psychic Terrain\n|upkeep\n|\n|t:|1732160739\n|switch|p1b: Incineroar|Incineroar, L50, F|100\/100\n|-ability|p1b: Incineroar|Intimidate|boost\n|-unboost|p2a: Tyranitar|atk|1\n|-unboost|p2b: Milotic|atk|1\n|-ability|p2b: Milotic|Competitive|boost\n|-boost|p2b: Milotic|spa|2\n|turn|7\n|\n|t:|1732160751\n|move|p1b: Incineroar|Fake Out|p2b: Milotic\n|-damage|p2b: Milotic|79\/100\n|cant|p2b: Milotic|flinch\n|move|p2a: Tyranitar|Tera Blast|p1a: Dusclops|[anim] Tera Blast Flying\n|-damage|p1a: Dusclops|0 fnt\n|faint|p1a: Dusclops\n|\n|-weather|Sandstorm|[upkeep]\n|-damage|p2b: Milotic|73\/100|[from] Sandstorm\n|-damage|p1b: Incineroar|95\/100|[from] Sandstorm\n|-damage|p2a: Tyranitar|83\/100|[from] Sandstorm\n|upkeep\n|\n|t:|1732160757\n|switch|p1a: Ursaluna|Ursaluna, L50, M|5\/100 brn\n|turn|8\n|\n|t:|1732160767\n|move|p2b: Milotic|Scald|p1b: Incineroar\n|-supereffective|p1b: Incineroar\n|-damage|p1b: Incineroar|0 fnt\n|faint|p1b: Incineroar\n|move|p2a: Tyranitar|Knock Off|p1a: Ursaluna\n|-damage|p1a: Ursaluna|0 fnt\n|-enditem|p1a: Ursaluna|Flame Orb|[from] move: Knock Off|[of] p2a: Tyranitar\n|faint|p1a: Ursaluna\n|\n|win|badpiplupvgc\n|raw|elvegis1's rating: 1750 &rarr; <strong>1731<\/strong><br \/>(-19 for losing)\n|raw|badpiplupvgc's rating: 1775 &rarr; <strong>1794<\/strong><br \/>(+19 for winning)\n|l|\u2606elvegis1\n|player|p1|\n|l|\u2606badpiplupvgc\n|player|p2|\n|l| plplk\n","uploadtime":1732160956,"views":18,"formatid":"gen9vgc2024regh","rating":1731,"private":0,"password":null}