{"id":"gen9vgc2024regh-2248160636","format":"[Gen 9] VGC 2024 Reg H","players":["Mikred","blindfishptsd"],"log":"|j|\u2606Mikred\n|j|\u2606blindfishptsd\n|t:|1732182476\n|gametype|doubles\n|player|p1|Mikred|265|1731\n|player|p2|blindfishptsd|olympia|1721\n|teamsize|p1|6\n|teamsize|p2|6\n|gen|9\n|tier|[Gen 9] VGC 2024 Reg H\n|rated|\n|rule|Species Clause: Limit one of each Pok\u00e9mon\n|rule|Item Clause: Limit 1 of each item\n|clearpoke\n|poke|p1|Annihilape, L50, M|\n|poke|p1|Whimsicott, L50, M|\n|poke|p1|Archaludon, L50, M|\n|poke|p1|Pelipper, L50, M|\n|poke|p1|Basculegion, L50, M|\n|poke|p1|Rillaboom, L50, M|\n|poke|p2|Gholdengo, L50|\n|poke|p2|Glimmora, L50, F|\n|poke|p2|Talonflame, L50, M|\n|poke|p2|Dragonite, L50, M|\n|poke|p2|Dondozo, L50, M|\n|poke|p2|Tatsugiri, L50, M|\n|teampreview|4\n|inactive|Battle timer is ON: inactive players will automatically lose when time's up. (requested by blindfishptsd)\n|inactive|blindfishptsd has 60 seconds left.\n|inactive|Mikred has 60 seconds left.\n|inactive|blindfishptsd has 30 seconds left.\n|\n|t:|1732182537\n|start\n|switch|p1a: Rillaboom|Rillaboom, L50, M|100\/100\n|switch|p1b: Pelipper|Pelipper, L50, M|100\/100\n|switch|p2a: Talonflame|Talonflame, L50, M|100\/100\n|switch|p2b: Glimmora|Glimmora, L50, F|100\/100\n|-fieldstart|move: Grassy Terrain|[from] ability: Grassy Surge|[of] p1a: Rillaboom\n|-weather|RainDance|[from] ability: Drizzle|[of] p1b: Pelipper\n|turn|1\n|\n|t:|1732182557\n|switch|p1b: Archaludon|Archaludon, L50, M|100\/100\n|-terastallize|p2b: Glimmora|Grass\n|move|p2a: Talonflame|Tailwind|p2a: Talonflame\n|-sidestart|p2: blindfishptsd|move: Tailwind\n|move|p2b: Glimmora|Meteor Beam||[still]\n|-prepare|p2b: Glimmora|Meteor Beam\n|-boost|p2b: Glimmora|spa|1\n|-enditem|p2b: Glimmora|Power Herb\n|-anim|p2b: Glimmora|Meteor Beam|p1b: Archaludon|[miss]\n|-miss|p2b: Glimmora|p1b: Archaludon\n|move|p1a: Rillaboom|U-turn|p1b: Archaludon\n|-resisted|p1b: Archaludon\n|-damage|p1b: Archaludon|91\/100\n|-ability|p1b: Archaludon|Stamina|boost\n|-boost|p1b: Archaludon|def|1\n|\n|t:|1732182570\n|switch|p1a: Basculegion|Basculegion, L50, M|100\/100|[from] U-turn\n|\n|-weather|RainDance|[upkeep]\n|-heal|p1b: Archaludon|97\/100|[from] Grassy Terrain\n|upkeep\n|turn|2\n|\n|t:|1732182587\n|move|p1a: Basculegion|Aqua Jet|p2a: Talonflame\n|-supereffective|p2a: Talonflame\n|-damage|p2a: Talonflame|0 fnt\n|faint|p2a: Talonflame\n|-damage|p1a: Basculegion|91\/100|[from] item: Life Orb\n|move|p2b: Glimmora|Earth Power|p1b: Archaludon\n|-supereffective|p1b: Archaludon\n|-damage|p1b: Archaludon|35\/100\n|-ability|p1b: Archaludon|Stamina|boost\n|-boost|p1b: Archaludon|def|1\n|move|p1b: Archaludon|Electro Shot||[still]\n|-prepare|p1b: Archaludon|Electro Shot\n|-boost|p1b: Archaludon|spa|1\n|-anim|p1b: Archaludon|Electro Shot|p2b: Glimmora\n|-resisted|p2b: Glimmora\n|-damage|p2b: Glimmora|57\/100\n|\n|-weather|RainDance|[upkeep]\n|-heal|p2b: Glimmora|63\/100|[from] Grassy Terrain\n|-heal|p1a: Basculegion|97\/100|[from] Grassy Terrain\n|-heal|p1b: Archaludon|41\/100|[from] Grassy Terrain\n|upkeep\n|\n|t:|1732182603\n|switch|p2a: Gholdengo|Gholdengo, L50|100\/100\n|turn|3\n|inactive|Mikred has 30 seconds left.\n|inactive|Mikred has 20 seconds left.\n|\n|t:|1732182639\n|-terastallize|p1b: Archaludon|Fighting\n|move|p1a: Basculegion|Aqua Jet|p2a: Gholdengo\n|-damage|p2a: Gholdengo|57\/100\n|-damage|p1a: Basculegion|87\/100|[from] item: Life Orb\n|move|p2b: Glimmora|Sludge Bomb|p1a: Basculegion\n|-resisted|p1a: Basculegion\n|-damage|p1a: Basculegion|50\/100\n|move|p2a: Gholdengo|Shadow Ball|p1b: Archaludon\n|-damage|p1b: Archaludon|0 fnt\n|faint|p1b: Archaludon\n|\n|-weather|RainDance|[upkeep]\n|-heal|p2b: Glimmora|68\/100|[from] Grassy Terrain\n|-heal|p2a: Gholdengo|63\/100|[from] Grassy Terrain\n|-heal|p1a: Basculegion|57\/100|[from] Grassy Terrain\n|upkeep\n|\n|t:|1732182656\n|switch|p1b: Rillaboom|Rillaboom, L50, M|100\/100\n|turn|4\n|\n|t:|1732182666\n|move|p1a: Basculegion|Aqua Jet|p2a: Gholdengo\n|-damage|p2a: Gholdengo|15\/100\n|-damage|p1a: Basculegion|47\/100|[from] item: Life Orb\n|move|p1b: Rillaboom|Grassy Glide|p2a: Gholdengo\n|-resisted|p2a: Gholdengo\n|-damage|p2a: Gholdengo|0 fnt\n|faint|p2a: Gholdengo\n|move|p2b: Glimmora|Sludge Bomb|p1b: Rillaboom\n|-supereffective|p1b: Rillaboom\n|-damage|p1b: Rillaboom|0 fnt\n|faint|p1b: Rillaboom\n|\n|-weather|RainDance|[upkeep]\n|-heal|p2b: Glimmora|74\/100|[from] Grassy Terrain\n|-heal|p1a: Basculegion|53\/100|[from] Grassy Terrain\n|-sideend|p2: blindfishptsd|move: Tailwind\n|upkeep\n|j| balnam\n|\n|t:|1732182681\n|switch|p2a: Dragonite|Dragonite, L50, M|100\/100\n|switch|p1b: Pelipper|Pelipper, L50, M|100\/100\n|turn|5\n|\n|t:|1732182694\n|move|p2b: Glimmora|Spiky Shield|p2b: Glimmora\n|-singleturn|p2b: Glimmora|move: Protect\n|move|p1a: Basculegion|Last Respects|p2a: Dragonite\n|-damage|p2a: Dragonite|54\/100\n|-damage|p1a: Basculegion|43\/100|[from] item: Life Orb\n|move|p1b: Pelipper|Hurricane|p2a: Dragonite\n|-damage|p2a: Dragonite|10\/100\n|move|p2a: Dragonite|Aerial Ace|p1a: Basculegion\n|-damage|p1a: Basculegion|0 fnt\n|faint|p1a: Basculegion\n|\n|-weather|none\n|-heal|p2b: Glimmora|80\/100|[from] Grassy Terrain\n|-fieldend|move: Grassy Terrain\n|upkeep\n|turn|6\n|\n|t:|1732182711\n|move|p2b: Glimmora|Sludge Bomb|p1b: Pelipper\n|-enditem|p1b: Pelipper|Focus Sash\n|-damage|p1b: Pelipper|1\/100\n|move|p1b: Pelipper|Weather Ball|p2a: Dragonite\n|-damage|p2a: Dragonite|0 fnt\n|faint|p2a: Dragonite\n|\n|upkeep\n|turn|7\n|\n|t:|1732182720\n|move|p2b: Glimmora|Sludge Bomb|p1b: Pelipper\n|-damage|p1b: Pelipper|0 fnt\n|faint|p1b: Pelipper\n|\n|win|blindfishptsd\n|raw|Mikred's rating: 1731 &rarr; <strong>1710<\/strong><br \/>(-21 for losing)\n|raw|blindfishptsd's rating: 1721 &rarr; <strong>1742<\/strong><br \/>(+21 for winning)\n|l|\u2606Mikred\n|player|p1|\n|l|\u2606blindfishptsd\n|player|p2|\n","uploadtime":1732182889,"views":14,"formatid":"gen9vgc2024regh","rating":1710,"private":0,"password":null}