{"id":"gen9vgc2024regh-2248403838","format":"[Gen 9] VGC 2024 Reg H","players":["grovyleuwu","zip520520"],"log":"|j|\u2606grovyleuwu\n|j|\u2606zip520520\n|t:|1732211326\n|gametype|doubles\n|player|p1|grovyleuwu|whitney|1722\n|player|p2|zip520520|170|1750\n|teamsize|p1|6\n|teamsize|p2|6\n|gen|9\n|tier|[Gen 9] VGC 2024 Reg H\n|rated|\n|rule|Species Clause: Limit one of each Pok\u00e9mon\n|rule|Item Clause: Limit 1 of each item\n|clearpoke\n|poke|p1|Pelipper, L50, M|\n|poke|p1|Archaludon, L50, M|\n|poke|p1|Indeedee, L50, M|\n|poke|p1|Basculegion, L50, M|\n|poke|p1|Talonflame, L50, M|\n|poke|p1|Gholdengo, L50|\n|poke|p2|Gholdengo, L50|\n|poke|p2|Garchomp, L50, F|\n|poke|p2|Glimmora, L50, M|\n|poke|p2|Tyranitar, L50, M|\n|poke|p2|Primarina, L50, F|\n|poke|p2|Sinistcha, L50|\n|teampreview|4\n|inactive|Battle timer is ON: inactive players will automatically lose when time's up. (requested by grovyleuwu)\n|inactive|zip520520 has 60 seconds left.\n|inactive|zip520520 has 30 seconds left.\n|\n|t:|1732211391\n|start\n|switch|p1a: Indeedee|Indeedee, L50, M|100\/100\n|switch|p1b: Basculegion|Basculegion, L50, M|100\/100\n|switch|p2a: Gholdengo|Gholdengo, L50|100\/100\n|switch|p2b: Primarina|Primarina, L50, F|100\/100\n|-fieldstart|move: Psychic Terrain|[from] ability: Psychic Surge|[of] p1a: Indeedee\n|turn|1\n|\n|t:|1732211416\n|switch|p2b: Tyranitar|Tyranitar, L50, M|100\/100\n|-weather|Sandstorm|[from] ability: Sand Stream|[of] p2b: Tyranitar\n|-terastallize|p1b: Basculegion|Water\n|move|p1a: Indeedee|Protect|p1a: Indeedee\n|-singleturn|p1a: Indeedee|Protect\n|move|p2a: Gholdengo|Shadow Ball|p1b: Basculegion\n|-damage|p1b: Basculegion|52\/100\n|move|p1b: Basculegion|Wave Crash|p2a: Gholdengo\n|-damage|p2a: Gholdengo|0 fnt\n|faint|p2a: Gholdengo\n|-damage|p1b: Basculegion|24\/100|[from] Recoil\n|-damage|p1b: Basculegion|14\/100|[from] item: Life Orb\n|\n|-weather|Sandstorm|[upkeep]\n|-damage|p1a: Indeedee|95\/100|[from] Sandstorm\n|-damage|p1b: Basculegion|8\/100|[from] Sandstorm\n|upkeep\n|inactive|zip520520 has 30 seconds left.\n|inactive|zip520520 has 20 seconds left.\n|inactive|zip520520 has 15 seconds left.\n|inactive|zip520520 has 10 seconds left.\n|\n|t:|1732211464\n|switch|p2a: Primarina|Primarina, L50, F|100\/100\n|turn|2\n|\n|t:|1732211484\n|switch|p1a: Pelipper|Pelipper, L50, M|100\/100\n|-weather|RainDance|[from] ability: Drizzle|[of] p1a: Pelipper\n|switch|p2b: Sinistcha|Sinistcha, L50|100\/100\n|move|p1b: Basculegion|Wave Crash|p2a: Primarina\n|-resisted|p2a: Primarina\n|-damage|p2a: Primarina|0 fnt\n|faint|p2a: Primarina\n|-damage|p1b: Basculegion|0 fnt|[from] Recoil\n|faint|p1b: Basculegion\n|\n|-weather|RainDance|[upkeep]\n|upkeep\n|inactive|grovyleuwu has 30 seconds left.\n|\n|t:|1732211515\n|switch|p1b: Gholdengo|Gholdengo, L50|100\/100\n|switch|p2a: Tyranitar|Tyranitar, L50, M|100\/100\n|-weather|Sandstorm|[from] ability: Sand Stream|[of] p2a: Tyranitar\n|turn|3\n|\n|t:|1732211534\n|-terastallize|p2b: Sinistcha|Grass\n|move|p1a: Pelipper|Weather Ball|p2b: Sinistcha\n|-damage|p2b: Sinistcha|77\/100\n|move|p1b: Gholdengo|Make It Rain|p2a: Tyranitar|[spread] p2a,p2b\n|-supereffective|p2a: Tyranitar\n|-damage|p2a: Tyranitar|48\/100\n|-damage|p2b: Sinistcha|20\/100\n|-unboost|p1b: Gholdengo|spa|1\n|-enditem|p2b: Sinistcha|Sitrus Berry|[eat]\n|-heal|p2b: Sinistcha|44\/100|[from] item: Sitrus Berry\n|move|p2a: Tyranitar|Knock Off|p1b: Gholdengo\n|-supereffective|p1b: Gholdengo\n|-damage|p1b: Gholdengo|0 fnt\n|-enditem|p1b: Gholdengo|Choice Specs|[from] move: Knock Off|[of] p2a: Tyranitar\n|faint|p1b: Gholdengo\n|move|p2b: Sinistcha|Trick Room|p2b: Sinistcha\n|-fieldstart|move: Trick Room|[of] p2b: Sinistcha\n|\n|-weather|Sandstorm|[upkeep]\n|-damage|p2b: Sinistcha|38\/100|[from] Sandstorm\n|-damage|p1a: Pelipper|95\/100|[from] Sandstorm\n|upkeep\n|\n|t:|1732211548\n|switch|p1b: Indeedee|Indeedee, L50, M|95\/100\n|turn|4\n|\n|t:|1732211560\n|move|p1b: Indeedee|Protect|p1b: Indeedee\n|-singleturn|p1b: Indeedee|Protect\n|move|p2b: Sinistcha|Matcha Gotcha|p1b: Indeedee|[spread] p1a\n|-activate|p1b: Indeedee|move: Protect\n|-damage|p1a: Pelipper|35\/100\n|-heal|p2b: Sinistcha|61\/100|[from] drain|[of] p1a: Pelipper\n|move|p2a: Tyranitar|Rock Slide|p1a: Pelipper|[spread] p1a\n|-activate|p1b: Indeedee|move: Protect\n|-supereffective|p1a: Pelipper\n|-damage|p1a: Pelipper|0 fnt\n|faint|p1a: Pelipper\n|\n|-weather|Sandstorm|[upkeep]\n|-damage|p2b: Sinistcha|54\/100|[from] Sandstorm\n|-damage|p1b: Indeedee|89\/100|[from] Sandstorm\n|upkeep\n|turn|5\n|-message|grovyleuwu forfeited.\n|\n|win|zip520520\n|raw|grovyleuwu's rating: 1722 &rarr; <strong>1704<\/strong><br \/>(-18 for losing)\n|raw|zip520520's rating: 1750 &rarr; <strong>1768<\/strong><br \/>(+18 for winning)\n|l|\u2606grovyleuwu\n|player|p1|\n|l|\u2606zip520520\n|player|p2|\n","uploadtime":1732211824,"views":16,"formatid":"gen9vgc2024regh","rating":1704,"private":0,"password":null}