{"id":"gen9vgc2024regh-2248773089","format":"[Gen 9] VGC 2024 Reg H","players":["vgclth terran","Hoshinaaa"],"log":"|raw|<div class=\"broadcast-blue\"><strong>This battle is required to be public due to a player having a name starting with 'vgclth'.<\/div>\n|j|\u2606vgclth terran\n|j|\u2606Hoshinaaa\n|t:|1732254993\n|gametype|doubles\n|player|p1|vgclth terran|rood|1769\n|player|p2|Hoshinaaa|rosa|1677\n|teamsize|p1|6\n|teamsize|p2|6\n|gen|9\n|tier|[Gen 9] VGC 2024 Reg H\n|rated|\n|rule|Species Clause: Limit one of each Pok\u00e9mon\n|rule|Item Clause: Limit 1 of each item\n|clearpoke\n|poke|p1|Ninetales-Alola, L50, F|\n|poke|p1|Rillaboom, L50, M|\n|poke|p1|Magmar, L50, F|\n|poke|p1|Sneasler, L50, F|\n|poke|p1|Kingambit, L50, F|\n|poke|p1|Basculegion, L50, M|\n|poke|p2|Slaking, L50, M|\n|poke|p2|Weezing-Galar, L50, F|\n|poke|p2|Gholdengo, L50|\n|poke|p2|Gyarados, L50, M|\n|poke|p2|Kingambit, L50, F|\n|poke|p2|Dragonite, L50, M|\n|teampreview|4\n|inactive|Battle timer is ON: inactive players will automatically lose when time's up. (requested by Hoshinaaa)\n|inactive|Hoshinaaa has 60 seconds left.\n|\n|t:|1732255031\n|start\n|switch|p1a: Sneasler|Sneasler, L50, F|100\/100\n|switch|p1b: Kingambit|Kingambit, L50, F|100\/100\n|switch|p2a: \u4e0d\u8bb8\u8bf7\u5047|Weezing-Galar, L50, F|100\/100\n|switch|p2b: \u591a\u52a0\u73ed\u624d\u80fd\u6dd8\u91d1\u6f6e|Gholdengo, L50|100\/100\n|-ability|p2a: \u4e0d\u8bb8\u8bf7\u5047|Neutralizing Gas\n|turn|1\n|\n|t:|1732255052\n|switch|p2b: Kingambit|Kingambit, L50, F|100\/100\n|move|p1a: Sneasler|Dire Claw|p2a: \u4e0d\u8bb8\u8bf7\u5047\n|-damage|p2a: \u4e0d\u8bb8\u8bf7\u5047|57\/100\n|-status|p2a: \u4e0d\u8bb8\u8bf7\u5047|slp\n|cant|p2a: \u4e0d\u8bb8\u8bf7\u5047|slp\n|move|p1b: Kingambit|Kowtow Cleave|p2b: Kingambit\n|-resisted|p2b: Kingambit\n|-damage|p2b: Kingambit|77\/100\n|\n|upkeep\n|turn|2\n|\n|t:|1732255075\n|-terastallize|p2b: Kingambit|Fairy\n|move|p1a: Sneasler|Close Combat|p2b: Kingambit\n|-resisted|p2b: Kingambit\n|-damage|p2b: Kingambit|53\/100\n|-unboost|p1a: Sneasler|def|1\n|-unboost|p1a: Sneasler|spd|1\n|-curestatus|p2a: \u4e0d\u8bb8\u8bf7\u5047|slp|[msg]\n|move|p2a: \u4e0d\u8bb8\u8bf7\u5047|Will-O-Wisp|p1b: Kingambit\n|-status|p1b: Kingambit|brn\n|move|p1b: Kingambit|Swords Dance|p1b: Kingambit\n|-boost|p1b: Kingambit|atk|2\n|move|p2b: Kingambit|Tera Blast|p1a: Sneasler|[anim] Tera Blast Fairy\n|-enditem|p1a: Sneasler|Focus Sash\n|-damage|p1a: Sneasler|1\/100\n|\n|-damage|p1b: Kingambit|94\/100 brn|[from] brn\n|upkeep\n|turn|3\n|\n|t:|1732255099\n|switch|p1a: Ninetales|Ninetales-Alola, L50, F|100\/100\n|move|p2a: \u4e0d\u8bb8\u8bf7\u5047|Dazzling Gleam|p1a: Ninetales|[spread] p1a,p1b\n|-crit|p1b: Kingambit\n|-damage|p1a: Ninetales|72\/100\n|-damage|p1b: Kingambit|58\/100 brn\n|move|p1b: Kingambit|Kowtow Cleave|p2a: \u4e0d\u8bb8\u8bf7\u5047\n|-resisted|p2a: \u4e0d\u8bb8\u8bf7\u5047\n|-damage|p2a: \u4e0d\u8bb8\u8bf7\u5047|22\/100\n|move|p2b: Kingambit|Tera Blast|p1b: Kingambit|[anim] Tera Blast Fairy\n|-damage|p1b: Kingambit|24\/100 brn\n|\n|-damage|p1b: Kingambit|18\/100 brn|[from] brn\n|upkeep\n|turn|4\n|inactive|Hoshinaaa has 30 seconds left.\n|\n|t:|1732255127\n|move|p1b: Kingambit|Sucker Punch|p2a: \u4e0d\u8bb8\u8bf7\u5047\n|-resisted|p2a: \u4e0d\u8bb8\u8bf7\u5047\n|-damage|p2a: \u4e0d\u8bb8\u8bf7\u5047|0 fnt\n|faint|p2a: \u4e0d\u8bb8\u8bf7\u5047\n|-end|p2a: \u4e0d\u8bb8\u8bf7\u5047|ability: Neutralizing Gas\n|-weather|Snow|[from] ability: Snow Warning|[of] p1a: Ninetales\n|move|p1a: Ninetales|Freeze-Dry|p2b: Kingambit\n|-damage|p2b: Kingambit|31\/100\n|move|p2b: Kingambit|Iron Head|p1a: Ninetales\n|-supereffective|p1a: Ninetales\n|-damage|p1a: Ninetales|0 fnt\n|faint|p1a: Ninetales\n|\n|-weather|Snow|[upkeep]\n|-damage|p1b: Kingambit|12\/100 brn|[from] brn\n|upkeep\n|\n|t:|1732255146\n|switch|p1a: Sneasler|Sneasler, L50, F|1\/100\n|switch|p2a: \u591a\u52a0\u73ed\u624d\u80fd\u6dd8\u91d1\u6f6e|Gholdengo, L50|100\/100\n|turn|5\n|\n|t:|1732255164\n|switch|p2a: Gyarados|Gyarados, L50, M|100\/100\n|-ability|p2a: Gyarados|Intimidate|boost\n|-unboost|p1a: Sneasler|atk|1\n|-unboost|p1b: Kingambit|atk|1\n|-ability|p1b: Kingambit|Defiant|boost\n|-boost|p1b: Kingambit|atk|2\n|move|p1a: Sneasler|Fake Out|p2b: Kingambit\n|-damage|p2b: Kingambit|23\/100\n|move|p1b: Kingambit|Sucker Punch||[still]\n|-fail|p1b: Kingambit\n|cant|p2b: Kingambit|flinch\n|\n|-weather|Snow|[upkeep]\n|-damage|p1b: Kingambit|6\/100 brn|[from] brn\n|upkeep\n|turn|6\n|\n|t:|1732255182\n|switch|p1a: Basculegion|Basculegion, L50, M|100\/100\n|move|p2a: Gyarados|Protect|p2a: Gyarados\n|-singleturn|p2a: Gyarados|Protect\n|move|p1b: Kingambit|Sucker Punch|p2b: Kingambit\n|-resisted|p2b: Kingambit\n|-damage|p2b: Kingambit|2\/100\n|move|p2b: Kingambit|Sucker Punch||[still]\n|-fail|p2b: Kingambit\n|\n|-weather|Snow|[upkeep]\n|-damage|p1b: Kingambit|0 fnt|[from] brn\n|faint|p1b: Kingambit\n|upkeep\n|\n|t:|1732255185\n|switch|p1b: Sneasler|Sneasler, L50, F|1\/100\n|turn|7\n|\n|t:|1732255210\n|-terastallize|p1a: Basculegion|Fighting\n|move|p1b: Sneasler|Fake Out|p2a: Gyarados\n|-damage|p2a: Gyarados|85\/100\n|move|p2b: Kingambit|Sucker Punch|p1a: Basculegion\n|-resisted|p1a: Basculegion\n|-damage|p1a: Basculegion|78\/100\n|move|p1a: Basculegion|Last Respects|p2b: Kingambit\n|-damage|p2b: Kingambit|0 fnt\n|faint|p2b: Kingambit\n|cant|p2a: Gyarados|flinch\n|\n|-weather|Snow|[upkeep]\n|upkeep\n|\n|t:|1732255224\n|switch|p2b: \u591a\u52a0\u73ed\u624d\u80fd\u6dd8\u91d1\u6f6e|Gholdengo, L50|100\/100\n|turn|8\n|\n|t:|1732255229\n|move|p1a: Basculegion|Last Respects|p2b: \u591a\u52a0\u73ed\u624d\u80fd\u6dd8\u91d1\u6f6e\n|-supereffective|p2b: \u591a\u52a0\u73ed\u624d\u80fd\u6dd8\u91d1\u6f6e\n|-damage|p2b: \u591a\u52a0\u73ed\u624d\u80fd\u6dd8\u91d1\u6f6e|0 fnt\n|faint|p2b: \u591a\u52a0\u73ed\u624d\u80fd\u6dd8\u91d1\u6f6e\n|move|p1b: Sneasler|Dire Claw|p2a: Gyarados\n|-damage|p2a: Gyarados|42\/100\n|-status|p2a: Gyarados|psn|[from] ability: Poison Touch|[of] p1b: Sneasler\n|-enditem|p2a: Gyarados|Sitrus Berry|[eat]\n|-heal|p2a: Gyarados|67\/100 psn|[from] item: Sitrus Berry\n|move|p2a: Gyarados|Waterfall|p1a: Basculegion\n|-damage|p1a: Basculegion|29\/100\n|\n|-weather|none\n|-damage|p2a: Gyarados|55\/100 psn|[from] psn\n|upkeep\n|turn|9\n|-message|Hoshinaaa forfeited.\n|\n|win|vgclth terran\n|raw|vgclth terran's rating: 1769 &rarr; <strong>1784<\/strong><br \/>(+15 for winning)\n|raw|Hoshinaaa's rating: 1677 &rarr; <strong>1662<\/strong><br \/>(-15 for losing)\n|l|\u2606Hoshinaaa\n|player|p2|\n|l|\u2606vgclth terran\n|player|p1|\n","uploadtime":1732255505,"views":12,"formatid":"gen9vgc2024regh","rating":1662,"private":0,"password":null}