{"id":"gen9vgc2024regh-2248589677","format":"[Gen 9] VGC 2024 Reg H","players":["VGCLTH <1000ELO","testy accounty 2"],"log":"|raw|<div class=\"broadcast-blue\"><strong>This battle is required to be public due to a player having a name starting with 'vgclth'.<\/div>\n|j|\u2606VGCLTH <1000ELO\n|j|\u2606testy accounty 2\n|t:|1732229682\n|gametype|doubles\n|player|p1|VGCLTH <1000ELO|170|1690\n|player|p2|testy accounty 2|102|1808\n|teamsize|p1|6\n|teamsize|p2|6\n|gen|9\n|tier|[Gen 9] VGC 2024 Reg H\n|rated|\n|rule|Species Clause: Limit one of each Pok\u00e9mon\n|rule|Item Clause: Limit 1 of each item\n|clearpoke\n|poke|p1|Dondozo, L50, M|\n|poke|p1|Tatsugiri, L50, M|\n|poke|p1|Dragonite, L50, M|\n|poke|p1|Gholdengo, L50|\n|poke|p1|Glimmora, L50, F|\n|poke|p1|Talonflame, L50, F|\n|poke|p2|Pelipper, L50, M|\n|poke|p2|Archaludon, L50, F|\n|poke|p2|Sneasler, L50, M|\n|poke|p2|Dragonite, L50, M|\n|poke|p2|Basculegion, L50, M|\n|poke|p2|Rillaboom, L50, F|\n|teampreview|4\n|inactive|Battle timer is ON: inactive players will automatically lose when time's up. (requested by VGCLTH <1000ELO)\n|j| kyo9t\n|inactive|testy accounty 2 has 60 seconds left.\n|\n|t:|1732229714\n|start\n|switch|p1a: Dragonite|Dragonite, L50, M|100\/100\n|switch|p1b: Glimmora|Glimmora, L50, F|100\/100\n|switch|p2a: Dragonite|Dragonite, L50, M, shiny|100\/100\n|switch|p2b: MACHBACK|Archaludon, L50, F|100\/100\n|turn|1\n|l| kyo9t\n|\n|t:|1732229731\n|-terastallize|p1b: Glimmora|Grass\n|move|p2a: Dragonite|Protect|p2a: Dragonite\n|-singleturn|p2a: Dragonite|Protect\n|move|p2b: MACHBACK|Flash Cannon|p2a: Dragonite\n|-activate|p2a: Dragonite|move: Protect\n|move|p1b: Glimmora|Power Gem|p2a: Dragonite\n|-activate|p2a: Dragonite|move: Protect\n|move|p1a: Dragonite|Earthquake|p2b: MACHBACK|[spread] p1b,p2b\n|-activate|p2a: Dragonite|move: Protect\n|-resisted|p1b: Glimmora\n|-supereffective|p2b: MACHBACK\n|-damage|p1b: Glimmora|84\/100\n|-damage|p2b: MACHBACK|38\/100\n|-activate|p1b: Glimmora|ability: Toxic Debris\n|-sidestart|p2: testy accounty 2|move: Toxic Spikes\n|-ability|p2b: MACHBACK|Stamina|boost\n|-boost|p2b: MACHBACK|def|1\n|\n|upkeep\n|turn|2\n|inactive|testy accounty 2 has 30 seconds left.\n|\n|t:|1732229760\n|-terastallize|p2a: Dragonite|Normal\n|move|p2a: Dragonite|Extreme Speed|p1a: Dragonite\n|-damage|p1a: Dragonite|79\/100\n|move|p2b: MACHBACK|Draco Meteor|p1a: Dragonite\n|-supereffective|p1a: Dragonite\n|-damage|p1a: Dragonite|0 fnt\n|-unboost|p2b: MACHBACK|spa|2\n|faint|p1a: Dragonite\n|move|p1b: Glimmora|Sludge Bomb|p2a: Dragonite\n|-damage|p2a: Dragonite|81\/100\n|-status|p2a: Dragonite|psn\n|-enditem|p2a: Dragonite|Lum Berry|[eat]\n|-curestatus|p2a: Dragonite|psn|[msg]\n|\n|upkeep\n|\n|t:|1732229771\n|switch|p1a: Dondozo|Dondozo, L50, M|100\/100\n|turn|3\n|\n|t:|1732229792\n|switch|p2a: Pelipper|Pelipper, L50, M|100\/100\n|-weather|RainDance|[from] ability: Drizzle|[of] p2a: Pelipper\n|switch|p1b: Tatsugiri|Tatsugiri, L50, M|100\/100\n|-activate|p1b: Tatsugiri|ability: Commander|[of] p1a: Dondozo\n|-boost|p1a: Dondozo|atk|2\n|-boost|p1a: Dondozo|spa|2\n|-boost|p1a: Dondozo|spe|2\n|-boost|p1a: Dondozo|def|2\n|-boost|p1a: Dondozo|spd|2\n|move|p1a: Dondozo|Order Up|p2b: MACHBACK\n|-damage|p2b: MACHBACK|5\/100\n|-ability|p2b: MACHBACK|Stamina|boost\n|-boost|p2b: MACHBACK|def|1\n|-boost|p1a: Dondozo|atk|1\n|move|p2b: MACHBACK|Electro Shot||[still]\n|-prepare|p2b: MACHBACK|Electro Shot\n|-boost|p2b: MACHBACK|spa|1\n|-anim|p2b: MACHBACK|Electro Shot|p1a: Dondozo\n|-supereffective|p1a: Dondozo\n|-damage|p1a: Dondozo|54\/100\n|\n|-weather|RainDance|[upkeep]\n|-heal|p1a: Dondozo|60\/100|[from] item: Leftovers\n|upkeep\n|turn|4\n|\n|t:|1732229812\n|move|p1a: Dondozo|Wave Crash|p2a: Pelipper\n|-resisted|p2a: Pelipper\n|-enditem|p2a: Pelipper|Focus Sash\n|-damage|p2a: Pelipper|1\/100\n|-damage|p1a: Dondozo|37\/100|[from] Recoil\n|move|p2a: Pelipper|Tailwind|p2a: Pelipper\n|-sidestart|p2: testy accounty 2|move: Tailwind\n|move|p2b: MACHBACK|Electro Shot||[still]\n|-prepare|p2b: MACHBACK|Electro Shot\n|-boost|p2b: MACHBACK|spa|1\n|-anim|p2b: MACHBACK|Electro Shot|p1a: Dondozo\n|-supereffective|p1a: Dondozo\n|-damage|p1a: Dondozo|0 fnt\n|faint|p1a: Dondozo\n|\n|-weather|RainDance|[upkeep]\n|upkeep\n|\n|t:|1732229814\n|switch|p1a: Glimmora|Glimmora, L50, F, tera:Grass|84\/100\n|turn|5\n|\n|t:|1732229838\n|move|p2a: Pelipper|Hurricane|p1b: Tatsugiri\n|-damage|p1b: Tatsugiri|48\/100\n|move|p2b: MACHBACK|Draco Meteor|p1b: Tatsugiri\n|-supereffective|p1b: Tatsugiri\n|-damage|p1b: Tatsugiri|0 fnt\n|-unboost|p2b: MACHBACK|spa|2\n|faint|p1b: Tatsugiri\n|move|p1a: Glimmora|Earth Power|p2b: MACHBACK\n|-supereffective|p2b: MACHBACK\n|-damage|p2b: MACHBACK|0 fnt\n|faint|p2b: MACHBACK\n|\n|-weather|RainDance|[upkeep]\n|upkeep\n|\n|t:|1732229849\n|switch|p2b: Dragonite|Dragonite, L50, M, shiny, tera:Normal|81\/100\n|-status|p2b: Dragonite|psn\n|turn|6\n|-message|VGCLTH <1000ELO forfeited.\n|\n|win|testy accounty 2\n|raw|VGCLTH &lt;1000ELO's rating: 1690 &rarr; <strong>1677<\/strong><br \/>(-13 for losing)\n|raw|testy accounty 2's rating: 1808 &rarr; <strong>1821<\/strong><br \/>(+13 for winning)\n|l|\u2606VGCLTH <1000ELO\n|player|p1|\n","uploadtime":1732229860,"views":52,"formatid":"gen9vgc2024regh","rating":1677,"private":0,"password":null}