{"id":"gen9vgc2024regh-2248606565","format":"[Gen 9] VGC 2024 Reg H","players":["VGCLTH Sir Aaron","VGCLTH <1000ELO"],"log":"|raw|<div class=\"broadcast-blue\"><strong>This battle is required to be public due to a player having a name starting with 'vgclth'.<\/div>\n|j|\u2606VGCLTH Sir Aaron\n|j|\u2606VGCLTH <1000ELO\n|t:|1732231662\n|gametype|doubles\n|player|p1|VGCLTH Sir Aaron|red-masters3|1689\n|player|p2|VGCLTH <1000ELO|170|1731\n|teamsize|p1|6\n|teamsize|p2|6\n|gen|9\n|tier|[Gen 9] VGC 2024 Reg H\n|rated|\n|rule|Species Clause: Limit one of each Pok\u00e9mon\n|rule|Item Clause: Limit 1 of each item\n|clearpoke\n|poke|p1|Azumarill, L50, F|\n|poke|p1|Archaludon, L50, M|\n|poke|p1|Arcanine, L50, M|\n|poke|p1|Electabuzz, L50, F|\n|poke|p1|Rillaboom, L50, F|\n|poke|p1|Dragonite, L50, F|\n|poke|p2|Dondozo, L50, M|\n|poke|p2|Tatsugiri, L50, F|\n|poke|p2|Dragonite, L50, M|\n|poke|p2|Gholdengo, L50|\n|poke|p2|Glimmora, L50, F|\n|poke|p2|Talonflame, L50, F|\n|teampreview|4\n|inactive|Battle timer is ON: inactive players will automatically lose when time's up. (requested by VGCLTH <1000ELO)\n|inactive|VGCLTH Sir Aaron has 60 seconds left.\n|inactive|VGCLTH <1000ELO has 60 seconds left.\n|j| plplk\n|l| plplk\n|inactive|VGCLTH Sir Aaron has 30 seconds left.\n|\n|t:|1732231725\n|start\n|switch|p1a: Azumarill|Azumarill, L50, F|100\/100\n|switch|p1b: Electabuzz|Electabuzz, L50, F|100\/100\n|switch|p2a: Dragonite|Dragonite, L50, M|100\/100\n|switch|p2b: Gholdengo|Gholdengo, L50|100\/100\n|turn|1\n|\n|t:|1732231731\n|-terastallize|p2b: Gholdengo|Flying\n|move|p1a: Azumarill|Protect|p1a: Azumarill\n|-singleturn|p1a: Azumarill|Protect\n|move|p2b: Gholdengo|Make It Rain|p1a: Azumarill|[spread] p1b\n|-activate|p1a: Azumarill|move: Protect\n|-resisted|p1b: Electabuzz\n|-damage|p1b: Electabuzz|76\/100\n|-unboost|p2b: Gholdengo|spa|1\n|move|p1b: Electabuzz|Electroweb|p2b: Gholdengo|[spread] p2a,p2b\n|-supereffective|p2b: Gholdengo\n|-damage|p2a: Dragonite|94\/100\n|-damage|p2b: Gholdengo|66\/100\n|-unboost|p2a: Dragonite|spe|1\n|-unboost|p2b: Gholdengo|spe|1\n|move|p2a: Dragonite|Earthquake|p1b: Electabuzz|[spread] p1b\n|-activate|p1a: Azumarill|move: Protect\n|-immune|p2b: Gholdengo\n|-supereffective|p1b: Electabuzz\n|-damage|p1b: Electabuzz|0 fnt\n|faint|p1b: Electabuzz\n|\n|upkeep\n|j| kyo9t\n|\n|t:|1732231755\n|switch|p1b: Dragonite|Dragonite, L50, F|100\/100\n|turn|2\n|l| kyo9t\n|\n|t:|1732231764\n|switch|p2a: Dondozo|Dondozo, L50, M|100\/100\n|move|p1b: Dragonite|Scale Shot|p2a: Dondozo\n|-damage|p2a: Dondozo|91\/100\n|-damage|p2a: Dondozo|81\/100\n|-damage|p2a: Dondozo|71\/100\n|-damage|p2a: Dondozo|60\/100\n|-damage|p2a: Dondozo|51\/100\n|-hitcount|p2a: Dondozo|5\n|-unboost|p1b: Dragonite|def|1\n|-boost|p1b: Dragonite|spe|1\n|move|p2b: Gholdengo|Make It Rain|p1b: Dragonite|[spread] p1a,p1b\n|-damage|p1a: Azumarill|45\/100\n|-damage|p1b: Dragonite|77\/100\n|-unboost|p2b: Gholdengo|spa|1\n|-enditem|p1a: Azumarill|Sitrus Berry|[eat]\n|-heal|p1a: Azumarill|69\/100|[from] item: Sitrus Berry\n|move|p1a: Azumarill|Belly Drum|p1a: Azumarill\n|-damage|p1a: Azumarill|20\/100\n|-setboost|p1a: Azumarill|atk|6|[from] move: Belly Drum\n|\n|-heal|p2a: Dondozo|57\/100|[from] item: Leftovers\n|upkeep\n|turn|3\n|inactive|VGCLTH <1000ELO has 30 seconds left.\n|inactive|VGCLTH Sir Aaron has 30 seconds left.\n|inactive|VGCLTH <1000ELO has 20 seconds left.\n|inactive|VGCLTH <1000ELO has 15 seconds left.\n|inactive|VGCLTH <1000ELO has 10 seconds left.\n|inactive|VGCLTH <1000ELO has 5 seconds left.\n|\n|t:|1732231814\n|switch|p2b: Tatsugiri|Tatsugiri, L50, F|100\/100\n|-activate|p2b: Tatsugiri|ability: Commander|[of] p2a: Dondozo\n|-boost|p2a: Dondozo|atk|2\n|-boost|p2a: Dondozo|spa|2\n|-boost|p2a: Dondozo|spe|2\n|-boost|p2a: Dondozo|def|2\n|-boost|p2a: Dondozo|spd|2\n|move|p1b: Dragonite|Protect|p1b: Dragonite\n|-singleturn|p1b: Dragonite|Protect\n|move|p1a: Azumarill|Protect|p1a: Azumarill\n|-singleturn|p1a: Azumarill|Protect\n|move|p2a: Dondozo|Earthquake|p1b: Dragonite|[spread] \n|-miss|p2a: Dondozo|p2b: Tatsugiri\n|-activate|p1a: Azumarill|move: Protect\n|-activate|p1b: Dragonite|move: Protect\n|\n|-heal|p2a: Dondozo|63\/100|[from] item: Leftovers\n|upkeep\n|turn|4\n|\n|t:|1732231836\n|switch|p1a: Archaludon|Archaludon, L50, M|100\/100\n|move|p1b: Dragonite|Haze|p1b: Dragonite\n|-clearallboost\n|move|p2a: Dondozo|Wave Crash|p1a: Archaludon\n|-resisted|p1a: Archaludon\n|-damage|p1a: Archaludon|77\/100\n|-damage|p2a: Dondozo|57\/100|[from] Recoil\n|\n|-heal|p2a: Dondozo|64\/100|[from] item: Leftovers\n|upkeep\n|turn|5\n|\n|t:|1732231850\n|-terastallize|p1a: Archaludon|Electric\n|move|p1a: Archaludon|Electro Shot||[still]\n|-prepare|p1a: Archaludon|Electro Shot\n|-boost|p1a: Archaludon|spa|1\n|-enditem|p1a: Archaludon|Power Herb\n|-anim|p1a: Archaludon|Electro Shot|p2a: Dondozo\n|-supereffective|p2a: Dondozo\n|-damage|p2a: Dondozo|0 fnt\n|faint|p2a: Dondozo\n|move|p1b: Dragonite|Scale Shot|p2b: Tatsugiri\n|-supereffective|p2b: Tatsugiri\n|-damage|p2b: Tatsugiri|46\/100\n|-supereffective|p2b: Tatsugiri\n|-damage|p2b: Tatsugiri|0 fnt\n|faint|p2b: Tatsugiri\n|-hitcount|p2: Tatsugiri|2\n|-unboost|p1b: Dragonite|def|1\n|-boost|p1b: Dragonite|spe|1\n|\n|upkeep\n|\n|t:|1732231853\n|switch|p2b: Gholdengo|Gholdengo, L50, tera:Flying|66\/100\n|switch|p2a: Dragonite|Dragonite, L50, M|94\/100\n|turn|6\n|\n|t:|1732231871\n|move|p1b: Dragonite|Protect|p1b: Dragonite\n|-singleturn|p1b: Dragonite|Protect\n|move|p1a: Archaludon|Protect|p1a: Archaludon\n|-singleturn|p1a: Archaludon|Protect\n|move|p2a: Dragonite|Extreme Speed|p1a: Archaludon\n|-activate|p1a: Archaludon|move: Protect\n|move|p2b: Gholdengo|Make It Rain|p1b: Dragonite|[spread] \n|-activate|p1a: Archaludon|move: Protect\n|-activate|p1b: Dragonite|move: Protect\n|\n|upkeep\n|turn|7\n|\n|t:|1732231884\n|move|p2a: Dragonite|Extreme Speed|p1a: Archaludon\n|-damage|p1a: Archaludon|35\/100\n|move|p1b: Dragonite|Scale Shot|p2a: Dragonite\n|-supereffective|p2a: Dragonite\n|-damage|p2a: Dragonite|67\/100\n|-supereffective|p2a: Dragonite\n|-damage|p2a: Dragonite|38\/100\n|-supereffective|p2a: Dragonite\n|-crit|p2a: Dragonite\n|-damage|p2a: Dragonite|0 fnt\n|faint|p2a: Dragonite\n|-hitcount|p2: Dragonite|3\n|-unboost|p1b: Dragonite|def|1\n|-boost|p1b: Dragonite|spe|1\n|move|p2b: Gholdengo|Make It Rain|p1b: Dragonite|[spread] p1a,p1b\n|-resisted|p1a: Archaludon\n|-damage|p1a: Archaludon|0 fnt\n|-damage|p1b: Dragonite|9\/100\n|-unboost|p2b: Gholdengo|spa|1\n|faint|p1a: Archaludon\n|\n|upkeep\n|j| kymese\n|\n|t:|1732231903\n|switch|p1a: Azumarill|Azumarill, L50, F|20\/100\n|turn|8\n|\n|t:|1732231911\n|move|p1a: Azumarill|Aqua Jet|p2b: Gholdengo\n|-damage|p2b: Gholdengo|35\/100\n|move|p1b: Dragonite|Scale Shot|p2b: Gholdengo|[miss]\n|-miss|p1b: Dragonite|p2b: Gholdengo\n|move|p2b: Gholdengo|Make It Rain|p1a: Azumarill|[spread] p1a,p1b\n|-damage|p1a: Azumarill|0 fnt\n|-damage|p1b: Dragonite|0 fnt\n|-unboost|p2b: Gholdengo|spa|1\n|faint|p1a: Azumarill\n|faint|p1b: Dragonite\n|\n|win|VGCLTH <1000ELO\n|raw|VGCLTH Sir Aaron's rating: 1689 &rarr; <strong>1671<\/strong><br \/>(-18 for losing)\n|raw|VGCLTH &lt;1000ELO's rating: 1731 &rarr; <strong>1749<\/strong><br \/>(+18 for winning)\n","uploadtime":1732231915,"views":20,"formatid":"gen9vgc2024regh","rating":1671,"private":0,"password":null}