{"id":"gen9vgc2024regh-2248446935","format":"[Gen 9] VGC 2024 Reg H","players":["FenieVGC","bwahacough"],"log":"|j|\u2606FenieVGC\n|j|\u2606bwahacough\n|t:|1732215356\n|gametype|doubles\n|player|p1|FenieVGC|2|1658\n|player|p2|bwahacough|medium|1752\n|teamsize|p1|6\n|teamsize|p2|6\n|gen|9\n|tier|[Gen 9] VGC 2024 Reg H\n|rated|\n|rule|Species Clause: Limit one of each Pok\u00e9mon\n|rule|Item Clause: Limit 1 of each item\n|clearpoke\n|poke|p1|Sneasler, L50, M|\n|poke|p1|Rillaboom, L50, F|\n|poke|p1|Kommo-o, L50, M|\n|poke|p1|Tyranitar, L50, M|\n|poke|p1|Corviknight, L50, M|\n|poke|p1|Volcarona, L50, M|\n|poke|p2|Lycanroc, L50, F|\n|poke|p2|Tyranitar, L50, M|\n|poke|p2|Indeedee-F, L50, F|\n|poke|p2|Sneasler, L50, F|\n|poke|p2|Volcarona, L50, M|\n|poke|p2|Murkrow, L50, F|\n|teampreview|4\n|inactive|Battle timer is ON: inactive players will automatically lose when time's up. (requested by bwahacough)\n|\n|t:|1732215411\n|start\n|switch|p1a: Corviknight|Corviknight, L50, M|100\/100\n|switch|p1b: Sneasler|Sneasler, L50, M|100\/100\n|switch|p2a: Volcarona|Volcarona, L50, M|100\/100\n|switch|p2b: Tyranitar|Tyranitar, L50, M|100\/100\n|-weather|Sandstorm|[from] ability: Sand Stream|[of] p2b: Tyranitar\n|turn|1\n|inactive|FenieVGC has 30 seconds left.\n|inactive|FenieVGC has 20 seconds left.\n|\n|t:|1732215450\n|-terastallize|p1a: Corviknight|Dragon\n|-terastallize|p2b: Tyranitar|Flying\n|move|p1b: Sneasler|Protect|p1b: Sneasler\n|-singleturn|p1b: Sneasler|Protect\n|move|p2a: Volcarona|Heat Wave|p1a: Corviknight|[spread] \n|-activate|p1b: Sneasler|move: Protect\n|-miss|p2a: Volcarona|p1a: Corviknight\n|move|p1a: Corviknight|Tailwind|p1a: Corviknight\n|-sidestart|p1: FenieVGC|move: Tailwind\n|move|p2b: Tyranitar|Tera Blast|p1b: Sneasler|[anim] Tera Blast Flying\n|-activate|p1b: Sneasler|move: Protect\n|\n|-weather|Sandstorm|[upkeep]\n|-damage|p1b: Sneasler|94\/100|[from] Sandstorm\n|-damage|p1a: Corviknight|95\/100|[from] Sandstorm\n|-damage|p2a: Volcarona|94\/100|[from] Sandstorm\n|-damage|p2b: Tyranitar|95\/100|[from] Sandstorm\n|upkeep\n|turn|2\n|inactive|FenieVGC has 30 seconds left.\n|\n|t:|1732215479\n|switch|p2a: Murkrow|Murkrow, L50, F, shiny|100\/100\n|move|p1b: Sneasler|Coaching|p1a: Corviknight\n|-boost|p1a: Corviknight|atk|1\n|-boost|p1a: Corviknight|def|1\n|move|p1a: Corviknight|Brave Bird|p2a: Murkrow\n|-damage|p2a: Murkrow|41\/100\n|-damage|p1a: Corviknight|78\/100|[from] Recoil\n|move|p2b: Tyranitar|Rock Slide|p1a: Corviknight|[spread] p1a,p1b\n|-resisted|p1b: Sneasler\n|-damage|p1a: Corviknight|62\/100\n|-damage|p1b: Sneasler|70\/100\n|\n|-weather|Sandstorm|[upkeep]\n|-damage|p1b: Sneasler|64\/100|[from] Sandstorm\n|-damage|p1a: Corviknight|56\/100|[from] Sandstorm\n|-damage|p2a: Murkrow|35\/100|[from] Sandstorm\n|-damage|p2b: Tyranitar|89\/100|[from] Sandstorm\n|upkeep\n|turn|3\n|inactive|FenieVGC has 30 seconds left.\n|\n|t:|1732215506\n|move|p2a: Murkrow|Tailwind|p2a: Murkrow\n|-sidestart|p2: bwahacough|move: Tailwind\n|move|p1b: Sneasler|Dire Claw|p2b: Tyranitar\n|-damage|p2b: Tyranitar|56\/100\n|move|p1a: Corviknight|Body Press|p2a: Murkrow\n|-damage|p2a: Murkrow|7\/100\n|move|p2b: Tyranitar|Knock Off|p1a: Corviknight\n|-damage|p1a: Corviknight|23\/100\n|-enditem|p1a: Corviknight|Sitrus Berry|[from] move: Knock Off|[of] p2b: Tyranitar\n|\n|-weather|Sandstorm|[upkeep]\n|-damage|p1b: Sneasler|57\/100|[from] Sandstorm\n|-damage|p2a: Murkrow|1\/100|[from] Sandstorm\n|-damage|p1a: Corviknight|17\/100|[from] Sandstorm\n|-damage|p2b: Tyranitar|50\/100|[from] Sandstorm\n|upkeep\n|turn|4\n|\n|t:|1732215528\n|move|p1b: Sneasler|Dire Claw|p2b: Tyranitar\n|-damage|p2b: Tyranitar|18\/100\n|-status|p2b: Tyranitar|psn\n|move|p2a: Murkrow|Foul Play|p1a: Corviknight\n|-damage|p1a: Corviknight|0 fnt\n|faint|p1a: Corviknight\n|move|p2b: Tyranitar|Tera Blast|p1b: Sneasler|[anim] Tera Blast Flying\n|-supereffective|p1b: Sneasler\n|-damage|p1b: Sneasler|0 fnt\n|faint|p1b: Sneasler\n|\n|-weather|Sandstorm|[upkeep]\n|-damage|p2a: Murkrow|0 fnt|[from] Sandstorm\n|-damage|p2b: Tyranitar|13\/100 psn|[from] Sandstorm\n|faint|p2a: Murkrow\n|-damage|p2b: Tyranitar|0 fnt|[from] psn\n|faint|p2b: Tyranitar\n|-sideend|p1: FenieVGC|move: Tailwind\n|upkeep\n|\n|t:|1732215549\n|switch|p1b: Kommo-o|Kommo-o, L50, M|100\/100\n|switch|p2a: Lycanroc|Lycanroc, L50, F|100\/100\n|switch|p1a: Rillaboom|Rillaboom, L50, F|100\/100\n|switch|p2b: Volcarona|Volcarona, L50, M|94\/100\n|-fieldstart|move: Grassy Terrain|[from] ability: Grassy Surge|[of] p1a: Rillaboom\n|turn|5\n|\n|t:|1732215574\n|move|p2a: Lycanroc|Protect|p2a: Lycanroc\n|-singleturn|p2a: Lycanroc|Protect\n|move|p1a: Rillaboom|Fake Out|p2b: Volcarona\n|-damage|p2b: Volcarona|76\/100\n|move|p2b: Volcarona|Quiver Dance|p2b: Volcarona\n|-boost|p2b: Volcarona|spa|1\n|-boost|p2b: Volcarona|spd|1\n|-boost|p2b: Volcarona|spe|1\n|move|p1b: Kommo-o|Clangorous Soul|p1b: Kommo-o\n|-boost|p1b: Kommo-o|atk|1\n|-boost|p1b: Kommo-o|def|1\n|-boost|p1b: Kommo-o|spa|1\n|-boost|p1b: Kommo-o|spd|1\n|-boost|p1b: Kommo-o|spe|1\n|-damage|p1b: Kommo-o|68\/100\n|-enditem|p1b: Kommo-o|Throat Spray\n|-boost|p1b: Kommo-o|spa|1|[from] item: Throat Spray\n|\n|-weather|none\n|-heal|p2b: Volcarona|83\/100|[from] Grassy Terrain\n|-heal|p1b: Kommo-o|74\/100|[from] Grassy Terrain\n|upkeep\n|turn|6\n|inactive|FenieVGC has 30 seconds left.\n|inactive|FenieVGC has 20 seconds left.\n|\n|t:|1732215609\n|move|p1b: Kommo-o|Protect|p1b: Kommo-o\n|-singleturn|p1b: Kommo-o|Protect\n|move|p2b: Volcarona|Heat Wave|p1a: Rillaboom|[spread] \n|-activate|p1b: Kommo-o|move: Protect\n|-miss|p2b: Volcarona|p1a: Rillaboom\n|move|p2a: Lycanroc|Endeavor|p1b: Kommo-o\n|-activate|p1b: Kommo-o|move: Protect\n|move|p1a: Rillaboom|Stomping Tantrum|p2b: Volcarona\n|-damage|p2b: Volcarona|51\/100\n|\n|-heal|p2b: Volcarona|57\/100|[from] Grassy Terrain\n|-heal|p1b: Kommo-o|80\/100|[from] Grassy Terrain\n|-sideend|p2: bwahacough|move: Tailwind\n|upkeep\n|turn|7\n|inactive|FenieVGC has 30 seconds left.\n|\n|t:|1732215643\n|move|p1b: Kommo-o|Clanging Scales|p2a: Lycanroc|[spread] p2a,p2b\n|-enditem|p2a: Lycanroc|Focus Sash\n|-damage|p2a: Lycanroc|1\/100\n|-damage|p2b: Volcarona|8\/100\n|-unboost|p1b: Kommo-o|def|1\n|move|p2b: Volcarona|Heat Wave|p1b: Kommo-o|[spread] p1a,p1b\n|-supereffective|p1a: Rillaboom\n|-resisted|p1b: Kommo-o\n|-damage|p1a: Rillaboom|0 fnt\n|-damage|p1b: Kommo-o|59\/100\n|faint|p1a: Rillaboom\n|move|p2a: Lycanroc|Rock Slide|p1b: Kommo-o\n|-resisted|p1b: Kommo-o\n|-damage|p1b: Kommo-o|40\/100\n|\n|-heal|p1b: Kommo-o|46\/100|[from] Grassy Terrain\n|-heal|p2b: Volcarona|15\/100|[from] Grassy Terrain\n|-heal|p2a: Lycanroc|7\/100|[from] Grassy Terrain\n|upkeep\n|turn|8\n|\n|t:|1732215662\n|move|p1b: Kommo-o|Clanging Scales|p2b: Volcarona|[spread] p2a,p2b\n|-damage|p2a: Lycanroc|0 fnt\n|-damage|p2b: Volcarona|0 fnt\n|faint|p2a: Lycanroc\n|faint|p2b: Volcarona\n|\n|win|FenieVGC\n|raw|FenieVGC's rating: 1658 &rarr; <strong>1685<\/strong><br \/>(+27 for winning)\n|raw|bwahacough's rating: 1776 &rarr; <strong>1749<\/strong><br \/>(-27 for losing)\n|l|\u2606bwahacough\n|player|p2|\n|l|\u2606FenieVGC\n|player|p1|\n|j|\u2606FenieVGC\n|player|p1|FenieVGC|2|\n|l|\u2606FenieVGC\n|player|p1|\n","uploadtime":1732215674,"views":55,"formatid":"gen9vgc2024regh","rating":1685,"private":0,"password":null}