{"id":"gen9vgc2024regh-2248810694","format":"[Gen 9] VGC 2024 Reg H","players":["QuinlanBuilds","ren122333"],"log":"|j|\u2606QuinlanBuilds\n|j|\u2606ren122333\n|t:|1732262654\n|gametype|doubles\n|player|p1|QuinlanBuilds|101|1712\n|player|p2|ren122333|hilbert|1712\n|teamsize|p1|6\n|teamsize|p2|6\n|gen|9\n|tier|[Gen 9] VGC 2024 Reg H\n|rated|\n|rule|Species Clause: Limit one of each Pok\u00e9mon\n|rule|Item Clause: Limit 1 of each item\n|clearpoke\n|poke|p1|Volbeat, L50, M|\n|poke|p1|Primarina, L50, M|\n|poke|p1|Espathra, L50, M|\n|poke|p1|Typhlosion-Hisui, L50, M|\n|poke|p1|Indeedee-F, L50, F|\n|poke|p1|Archaludon, L50, F|\n|poke|p2|Whimsicott, L50, M|\n|poke|p2|Mamoswine, L50, F|\n|poke|p2|Lycanroc-Dusk, L50, M|\n|poke|p2|Typhlosion-Hisui, L50, M|\n|poke|p2|Farigiraf, L50, F|\n|poke|p2|Mienshao, L50, F|\n|teampreview|4\n|\n|t:|1732262710\n|start\n|switch|p1a: Primarina|Primarina, L50, M|100\/100\n|switch|p1b: Volbeat|Volbeat, L50, M|100\/100\n|switch|p2a: Whimsicott|Whimsicott, L50, M|100\/100\n|switch|p2b: Lycanroc|Lycanroc-Dusk, L50, M|100\/100\n|turn|1\n|\n|t:|1732262730\n|switch|p1b: Archaludon|Archaludon, L50, F|100\/100\n|move|p2a: Whimsicott|Tailwind|p2a: Whimsicott\n|-sidestart|p2: ren122333|move: Tailwind\n|move|p2b: Lycanroc|Rock Slide|p1a: Primarina|[spread] p1a,p1b\n|-resisted|p1b: Archaludon\n|-damage|p1a: Primarina|39\/100\n|-damage|p1b: Archaludon|84\/100\n|-ability|p1b: Archaludon|Stamina|boost\n|-boost|p1b: Archaludon|def|1\n|cant|p1a: Primarina|flinch\n|\n|upkeep\n|turn|2\n|\n|t:|1732262751\n|-terastallize|p1a: Primarina|Steel\n|move|p2a: Whimsicott|Moonblast|p1b: Archaludon\n|-damage|p1b: Archaludon|39\/100\n|-ability|p1b: Archaludon|Stamina|boost\n|-boost|p1b: Archaludon|def|1\n|move|p2b: Lycanroc|Rock Slide|p1b: Archaludon|[spread] p1a,p1b\n|-resisted|p1a: Primarina\n|-resisted|p1b: Archaludon\n|-crit|p1b: Archaludon\n|-damage|p1a: Primarina|11\/100\n|-damage|p1b: Archaludon|11\/100\n|-ability|p1b: Archaludon|Stamina|boost\n|-boost|p1b: Archaludon|def|1\n|cant|p1b: Archaludon|flinch\n|move|p1a: Primarina|Dazzling Gleam|p2a: Whimsicott|[spread] p2a,p2b\n|-damage|p2a: Whimsicott|25\/100\n|-damage|p2b: Lycanroc|24\/100\n|\n|upkeep\n|turn|3\n|inactive|Battle timer is ON: inactive players will automatically lose when time's up. (requested by ren122333)\n|\n|t:|1732262776\n|move|p1b: Archaludon|Protect|p1b: Archaludon\n|-singleturn|p1b: Archaludon|Protect\n|move|p2a: Whimsicott|Moonblast|p1a: Primarina\n|-resisted|p1a: Primarina\n|-crit|p1a: Primarina\n|-damage|p1a: Primarina|0 fnt\n|faint|p1a: Primarina\n|move|p2b: Lycanroc|Rock Slide|p1b: Archaludon\n|-activate|p1b: Archaludon|move: Protect\n|\n|upkeep\n|\n|t:|1732262788\n|switch|p1a: Volbeat|Volbeat, L50, M|100\/100\n|turn|4\n|\n|t:|1732262804\n|move|p1b: Archaludon|Protect||[still]\n|-fail|p1b: Archaludon\n|move|p1a: Volbeat|Tailwind|p1a: Volbeat\n|-sidestart|p1: QuinlanBuilds|move: Tailwind\n|move|p2a: Whimsicott|Moonblast|p1b: Archaludon\n|-damage|p1b: Archaludon|0 fnt\n|faint|p1b: Archaludon\n|move|p2b: Lycanroc|Rock Slide|p1a: Volbeat\n|-supereffective|p1a: Volbeat\n|-damage|p1a: Volbeat|0 fnt\n|faint|p1a: Volbeat\n|\n|-sideend|p2: ren122333|move: Tailwind\n|upkeep\n|\n|t:|1732262807\n|switch|p1b: Espathra|Espathra, L50, M|100\/100\n|turn|5\n|\n|t:|1732262823\n|switch|p2b: Mienshao|Mienshao, L50, F|100\/100\n|move|p2a: Whimsicott|Tailwind|p2a: Whimsicott\n|-sidestart|p2: ren122333|move: Tailwind\n|move|p1b: Espathra|Dazzling Gleam|p2b: Mienshao|[spread] p2a,p2b\n|-supereffective|p2b: Mienshao\n|-damage|p2a: Whimsicott|0 fnt\n|-damage|p2b: Mienshao|32\/100\n|faint|p2a: Whimsicott\n|\n|-ability|p1b: Espathra|Speed Boost|boost\n|-boost|p1b: Espathra|spe|1\n|upkeep\n|\n|t:|1732262830\n|switch|p2a: Lycanroc|Lycanroc-Dusk, L50, M|24\/100\n|turn|6\n|\n|t:|1732262843\n|-terastallize|p2a: Lycanroc|Stellar\n|move|p1b: Espathra|Protect|p1b: Espathra\n|-singleturn|p1b: Espathra|Protect\n|move|p2b: Mienshao|Wide Guard|p2b: Mienshao\n|-singleturn|p2b: Mienshao|Wide Guard\n|move|p2a: Lycanroc|Sucker Punch||[still]\n|-fail|p2a: Lycanroc\n|\n|-ability|p1b: Espathra|Speed Boost|boost\n|-boost|p1b: Espathra|spe|1\n|upkeep\n|turn|7\n|\n|t:|1732262855\n|move|p2a: Lycanroc|Sucker Punch|p1b: Espathra\n|-supereffective|p1b: Espathra\n|-enditem|p1b: Espathra|Focus Sash\n|-damage|p1b: Espathra|1\/100\n|move|p1b: Espathra|Dazzling Gleam|p2a: Lycanroc|[spread] p2a,p2b\n|-crit|p2a: Lycanroc\n|-supereffective|p2b: Mienshao\n|-damage|p2a: Lycanroc|0 fnt\n|-damage|p2b: Mienshao|0 fnt\n|faint|p2a: Lycanroc\n|faint|p2b: Mienshao\n|\n|-sideend|p1: QuinlanBuilds|move: Tailwind\n|-ability|p1b: Espathra|Speed Boost|boost\n|-boost|p1b: Espathra|spe|1\n|upkeep\n|\n|t:|1732262861\n|switch|p2b: Typhlosion|Typhlosion-Hisui, L50, M|100\/100\n|turn|8\n|\n|t:|1732262866\n|move|p1b: Espathra|Lumina Crash|p2b: Typhlosion\n|-damage|p2b: Typhlosion|50\/100\n|-unboost|p2b: Typhlosion|spd|2\n|move|p2b: Typhlosion|Shadow Ball|p1b: Espathra\n|-supereffective|p1b: Espathra\n|-damage|p1b: Espathra|0 fnt\n|faint|p1b: Espathra\n|\n|win|ren122333\n|raw|QuinlanBuilds's rating: 1712 &rarr; <strong>1692<\/strong><br \/>(-20 for losing)\n|raw|ren122333's rating: 1712 &rarr; <strong>1732<\/strong><br \/>(+20 for winning)\n|l|\u2606ren122333\n|player|p2|\n|c|\u2606QuinlanBuilds|Couple of flinch\n|c|\u2606QuinlanBuilds|but gg\n|l|\u2606QuinlanBuilds\n|player|p1|\n","uploadtime":1732263049,"views":12,"formatid":"gen9vgc2024regh","rating":1692,"private":0,"password":null}