{"id":"gen9vgc2024regh-2248452555","format":"[Gen 9] VGC 2024 Reg H","players":["bwahacough","VGCLTH <1000ELO"],"log":"|raw|<div class=\"broadcast-blue\"><strong>This battle is required to be public due to a player having a name starting with 'vgclth'.<\/div>\n|j|\u2606bwahacough\n|j|\u2606VGCLTH <1000ELO\n|t:|1732215871\n|gametype|doubles\n|player|p1|bwahacough|medium|1767\n|player|p2|VGCLTH <1000ELO|1|1774\n|teamsize|p1|6\n|teamsize|p2|6\n|gen|9\n|tier|[Gen 9] VGC 2024 Reg H\n|rated|\n|rule|Species Clause: Limit one of each Pok\u00e9mon\n|rule|Item Clause: Limit 1 of each item\n|clearpoke\n|poke|p1|Lycanroc, L50, F|\n|poke|p1|Tyranitar, L50, M|\n|poke|p1|Indeedee-F, L50, F|\n|poke|p1|Sneasler, L50, M|\n|poke|p1|Volcarona, L50, F|\n|poke|p1|Murkrow, L50, F|\n|poke|p2|Dondozo, L50, M|\n|poke|p2|Tatsugiri, L50, M|\n|poke|p2|Dragonite, L50, M|\n|poke|p2|Gholdengo, L50|\n|poke|p2|Glimmora, L50, F|\n|poke|p2|Talonflame, L50, F|\n|teampreview|4\n|inactive|Battle timer is ON: inactive players will automatically lose when time's up. (requested by VGCLTH <1000ELO)\n|\n|t:|1732215899\n|start\n|switch|p1a: Lycanroc|Lycanroc, L50, F|100\/100\n|switch|p1b: Tyranitar|Tyranitar, L50, M|100\/100\n|switch|p2a: Talonflame|Talonflame, L50, F|100\/100\n|switch|p2b: Gholdengo|Gholdengo, L50|100\/100\n|-weather|Sandstorm|[from] ability: Sand Stream|[of] p1b: Tyranitar\n|turn|1\n|inactive|VGCLTH <1000ELO has 30 seconds left.\n|inactive|VGCLTH <1000ELO has 20 seconds left.\n|inactive|VGCLTH <1000ELO has 15 seconds left.\n|\n|t:|1732215945\n|-terastallize|p1a: Lycanroc|Fighting\n|-terastallize|p2a: Talonflame|Ghost\n|move|p2a: Talonflame|Tailwind|p2a: Talonflame\n|-sidestart|p2: VGCLTH <1000ELO|move: Tailwind\n|move|p1a: Lycanroc|Close Combat|p2b: Gholdengo\n|-immune|p2b: Gholdengo\n|move|p2b: Gholdengo|Make It Rain|p1a: Lycanroc|[spread] p1a,p1b\n|-supereffective|p1b: Tyranitar\n|-crit|p1b: Tyranitar\n|-enditem|p1a: Lycanroc|Focus Sash\n|-damage|p1a: Lycanroc|1\/100\n|-damage|p1b: Tyranitar|0 fnt\n|-unboost|p2b: Gholdengo|spa|1\n|faint|p1b: Tyranitar\n|\n|-weather|Sandstorm|[upkeep]\n|-damage|p2a: Talonflame|95\/100|[from] Sandstorm\n|upkeep\n|\n|t:|1732215952\n|switch|p1b: Murkrow|Murkrow, L50, F, shiny|100\/100\n|turn|2\n|\n|t:|1732215976\n|move|p1b: Murkrow|Protect|p1b: Murkrow\n|-singleturn|p1b: Murkrow|Protect\n|move|p1a: Lycanroc|Protect|p1a: Lycanroc\n|-singleturn|p1a: Lycanroc|Protect\n|move|p2a: Talonflame|Brave Bird|p1b: Murkrow\n|-activate|p1b: Murkrow|move: Protect\n|move|p2b: Gholdengo|Make It Rain|p1b: Murkrow|[spread] \n|-activate|p1a: Lycanroc|move: Protect\n|-activate|p1b: Murkrow|move: Protect\n|\n|-weather|Sandstorm|[upkeep]\n|-damage|p2a: Talonflame|89\/100|[from] Sandstorm\n|-damage|p1b: Murkrow|95\/100|[from] Sandstorm\n|upkeep\n|turn|3\n|\n|t:|1732215987\n|move|p1b: Murkrow|Tailwind|p1b: Murkrow\n|-sidestart|p1: bwahacough|move: Tailwind\n|move|p1a: Lycanroc|Rock Slide|p2b: Gholdengo|[spread] p2a,p2b\n|-resisted|p2b: Gholdengo\n|-damage|p2a: Talonflame|45\/100\n|-damage|p2b: Gholdengo|83\/100\n|move|p2a: Talonflame|Brave Bird|p1b: Murkrow\n|-damage|p1b: Murkrow|48\/100\n|-damage|p2a: Talonflame|28\/100|[from] Recoil\n|move|p2b: Gholdengo|Make It Rain|p1a: Lycanroc|[spread] p1a,p1b\n|-damage|p1a: Lycanroc|0 fnt\n|-damage|p1b: Murkrow|0 fnt\n|-unboost|p2b: Gholdengo|spa|1\n|faint|p1a: Lycanroc\n|faint|p1b: Murkrow\n|\n|-weather|Sandstorm|[upkeep]\n|-damage|p2a: Talonflame|23\/100|[from] Sandstorm\n|upkeep\n|\n|t:|1732215990\n|switch|p1b: Volcarona|Volcarona, L50, F|100\/100\n|turn|4\n|\n|t:|1732216005\n|switch|p2b: Dondozo|Dondozo, L50, M|100\/100\n|move|p1b: Volcarona|Protect|p1b: Volcarona\n|-singleturn|p1b: Volcarona|Protect\n|move|p2a: Talonflame|Brave Bird|p1b: Volcarona\n|-activate|p1b: Volcarona|move: Protect\n|\n|-weather|Sandstorm|[upkeep]\n|-damage|p2a: Talonflame|17\/100|[from] Sandstorm\n|-damage|p1b: Volcarona|94\/100|[from] Sandstorm\n|-damage|p2b: Dondozo|94\/100|[from] Sandstorm\n|-heal|p2b: Dondozo|100\/100|[from] item: Leftovers\n|-sideend|p2: VGCLTH <1000ELO|move: Tailwind\n|upkeep\n|turn|5\n|\n|t:|1732216014\n|switch|p2a: Tatsugiri|Tatsugiri, L50, M|100\/100\n|-activate|p2a: Tatsugiri|ability: Commander|[of] p2b: Dondozo\n|-boost|p2b: Dondozo|atk|2\n|-boost|p2b: Dondozo|spa|2\n|-boost|p2b: Dondozo|spe|2\n|-boost|p2b: Dondozo|def|2\n|-boost|p2b: Dondozo|spd|2\n|move|p1b: Volcarona|Heat Wave|p2a: Tatsugiri|[spread] p2b\n|-miss|p1b: Volcarona|p2a: Tatsugiri\n|-resisted|p2b: Dondozo\n|-damage|p2b: Dondozo|88\/100\n|move|p2b: Dondozo|Wave Crash|p1b: Volcarona\n|-supereffective|p1b: Volcarona\n|-damage|p1b: Volcarona|0 fnt\n|-status|p2b: Dondozo|brn|[from] ability: Flame Body|[of] p1b: Volcarona\n|faint|p1b: Volcarona\n|-damage|p2b: Dondozo|64\/100 brn|[from] Recoil\n|\n|win|VGCLTH <1000ELO\n|raw|bwahacough's rating: 1767 &rarr; <strong>1747<\/strong><br \/>(-20 for losing)\n|raw|VGCLTH &lt;1000ELO's rating: 1774 &rarr; <strong>1794<\/strong><br \/>(+20 for winning)\n|l|\u2606VGCLTH <1000ELO\n|player|p2|\n|l|\u2606bwahacough\n|player|p1|\n","uploadtime":1732216287,"views":31,"formatid":"gen9vgc2024regh","rating":1747,"private":0,"password":null}