{"id":"gen9vgc2024regh-2248411259","format":"[Gen 9] VGC 2024 Reg H","players":["zip520520","VGCLTH mike"],"log":"|raw|<div class=\"broadcast-blue\"><strong>This battle is required to be public due to a player having a name starting with 'vgclth'.<\/div>\n|j|\u2606zip520520\n|j|\u2606VGCLTH mike\n|t:|1732212010\n|gametype|doubles\n|player|p1|zip520520|170|1739\n|player|p2|VGCLTH mike|irida|1799\n|teamsize|p1|6\n|teamsize|p2|6\n|gen|9\n|tier|[Gen 9] VGC 2024 Reg H\n|rated|\n|rule|Species Clause: Limit one of each Pok\u00e9mon\n|rule|Item Clause: Limit 1 of each item\n|clearpoke\n|poke|p1|Gholdengo, L50|\n|poke|p1|Garchomp, L50, F|\n|poke|p1|Glimmora, L50, M|\n|poke|p1|Tyranitar, L50, F|\n|poke|p1|Primarina, L50, F|\n|poke|p1|Sinistcha, L50|\n|poke|p2|Tyranitar, L50, F|\n|poke|p2|Annihilape, L50, F|\n|poke|p2|Bronzong, L50|\n|poke|p2|Ursaluna-Bloodmoon, L50, M|\n|poke|p2|Whimsicott, L50, F|\n|poke|p2|Gastrodon-East, L50, F|\n|teampreview|4\n|inactive|Battle timer is ON: inactive players will automatically lose when time's up. (requested by VGCLTH mike)\n|inactive|zip520520 has 60 seconds left.\n|j| futonkagebunshin\n|inactive|zip520520 has 30 seconds left.\n|\n|t:|1732212079\n|start\n|switch|p1a: Gholdengo|Gholdengo, L50|100\/100\n|switch|p1b: Glimmora|Glimmora, L50, M|100\/100\n|switch|p2a: Whimsicott|Whimsicott, L50, F, shiny|100\/100\n|switch|p2b: Annihilape|Annihilape, L50, F|100\/100\n|turn|1\n|inactive|zip520520 has 30 seconds left.\n|\n|t:|1732212113\n|-terastallize|p2a: Whimsicott|Water\n|move|p1a: Gholdengo|Make It Rain|p2a: Whimsicott|[spread] p2a,p2b\n|-resisted|p2a: Whimsicott\n|-damage|p2a: Whimsicott|70\/100\n|-damage|p2b: Annihilape|56\/100\n|-unboost|p1a: Gholdengo|spa|1\n|move|p2a: Whimsicott|Beat Up|p2b: Annihilape\n|-damage|p2b: Annihilape|54\/100\n|-crit|p2b: Annihilape\n|-damage|p2b: Annihilape|50\/100\n|-damage|p2b: Annihilape|47\/100\n|-damage|p2b: Annihilape|44\/100\n|-hitcount|p2b: Annihilape|4\n|move|p2b: Annihilape|Rage Fist|p1a: Gholdengo\n|-supereffective|p1a: Gholdengo\n|-damage|p1a: Gholdengo|0 fnt\n|faint|p1a: Gholdengo\n|move|p1b: Glimmora|Sludge Bomb|p2a: Whimsicott\n|-damage|p2a: Whimsicott|0 fnt\n|faint|p2a: Whimsicott\n|\n|upkeep\n|inactive|zip520520 has 30 seconds left.\n|inactive|VGCLTH mike has 30 seconds left.\n|\n|t:|1732212139\n|switch|p2a: Bronzong|Bronzong, L50|100\/100\n|switch|p1a: Primarina|Primarina, L50, F|100\/100\n|turn|2\n|\n|t:|1732212154\n|move|p1a: Primarina|Protect|p1a: Primarina\n|-singleturn|p1a: Primarina|Protect\n|move|p2b: Annihilape|Rage Fist|p1a: Primarina\n|-activate|p1a: Primarina|move: Protect\n|move|p1b: Glimmora|Sludge Bomb|p2b: Annihilape\n|-resisted|p2b: Annihilape\n|-damage|p2b: Annihilape|22\/100\n|move|p2a: Bronzong|Iron Defense|p2a: Bronzong\n|-boost|p2a: Bronzong|def|2\n|\n|upkeep\n|turn|3\n|inactive|zip520520 has 30 seconds left.\n|inactive|VGCLTH mike has 30 seconds left.\n|inactive|VGCLTH mike has 20 seconds left.\n|inactive|VGCLTH mike has 15 seconds left.\n|\n|t:|1732212194\n|switch|p1a: Sinistcha|Sinistcha, L50|100\/100\n|move|p2b: Annihilape|Rage Fist|p1a: Sinistcha\n|-supereffective|p1a: Sinistcha\n|-damage|p1a: Sinistcha|0 fnt\n|faint|p1a: Sinistcha\n|move|p1b: Glimmora|Earth Power|p2b: Annihilape\n|-damage|p2b: Annihilape|0 fnt\n|faint|p2b: Annihilape\n|move|p2a: Bronzong|Body Press|p1b: Glimmora\n|-damage|p1b: Glimmora|34\/100\n|-activate|p1b: Glimmora|ability: Toxic Debris\n|-sidestart|p2: VGCLTH mike|move: Toxic Spikes\n|\n|upkeep\n|\n|t:|1732212209\n|switch|p2b: Tyranitar|Tyranitar, L50, F|100\/100\n|switch|p1a: Primarina|Primarina, L50, F|100\/100\n|-status|p2b: Tyranitar|psn\n|-weather|Sandstorm|[from] ability: Sand Stream|[of] p2b: Tyranitar\n|turn|4\n|inactive|zip520520 has 30 seconds left.\n|inactive|zip520520 has 20 seconds left.\n|inactive|zip520520 has 15 seconds left.\n|inactive|zip520520 has 10 seconds left.\n|\n|t:|1732212259\n|move|p1b: Glimmora|Earth Power|p2b: Tyranitar\n|-supereffective|p2b: Tyranitar\n|-damage|p2b: Tyranitar|73\/100 psn\n|move|p2b: Tyranitar|Rock Slide|p1a: Primarina|[spread] p1b\n|-miss|p2b: Tyranitar|p1a: Primarina\n|-damage|p1b: Glimmora|0 fnt\n|-activate|p1b: Glimmora|ability: Toxic Debris\n|-sidestart|p2: VGCLTH mike|move: Toxic Spikes\n|faint|p1b: Glimmora\n|move|p1a: Primarina|Hyper Voice|p2b: Tyranitar|[spread] p2a,p2b\n|-supereffective|p2b: Tyranitar\n|-damage|p2a: Bronzong|60\/100\n|-damage|p2b: Tyranitar|32\/100 psn\n|-damage|p1a: Primarina|91\/100|[from] item: Life Orb\n|move|p2a: Bronzong|Body Press|p1a: Primarina\n|-resisted|p1a: Primarina\n|-damage|p1a: Primarina|60\/100\n|\n|-weather|Sandstorm|[upkeep]\n|-damage|p1a: Primarina|54\/100|[from] Sandstorm\n|-heal|p2a: Bronzong|66\/100|[from] item: Leftovers\n|-damage|p2b: Tyranitar|19\/100 psn|[from] psn\n|upkeep\n|turn|5\n|inactive|zip520520 has 30 seconds left.\n|inactive|VGCLTH mike has 30 seconds left.\n|\n|t:|1732212289\n|move|p2b: Tyranitar|Knock Off|p1a: Primarina\n|-resisted|p1a: Primarina\n|-damage|p1a: Primarina|19\/100\n|-enditem|p1a: Primarina|Life Orb|[from] move: Knock Off|[of] p2b: Tyranitar\n|move|p1a: Primarina|Hyper Voice|p2a: Bronzong|[spread] p2a,p2b\n|-supereffective|p2b: Tyranitar\n|-damage|p2a: Bronzong|35\/100\n|-damage|p2b: Tyranitar|0 fnt\n|faint|p2b: Tyranitar\n|move|p2a: Bronzong|Body Press|p1a: Primarina\n|-resisted|p1a: Primarina\n|-damage|p1a: Primarina|0 fnt\n|faint|p1a: Primarina\n|\n|win|VGCLTH mike\n|raw|zip520520's rating: 1739 &rarr; <strong>1722<\/strong><br \/>(-17 for losing)\n|raw|VGCLTH mike's rating: 1799 &rarr; <strong>1816<\/strong><br \/>(+17 for winning)\n|l|\u2606VGCLTH mike\n|player|p2|\n|l|\u2606zip520520\n|player|p1|\n","uploadtime":1732212519,"views":18,"formatid":"gen9vgc2024regh","rating":1722,"private":0,"password":null}