{"id":"gen9vgc2024regh-2249660133","format":"[Gen 9] VGC 2024 Reg H","players":["actuary97","VGCLTH skibidi"],"log":"|raw|<div class=\"broadcast-blue\"><strong>This battle is required to be public due to a player having a name starting with 'vgclth'.<\/div>\n|j|\u2606actuary97\n|j|\u2606VGCLTH skibidi\n|t:|1732383267\n|gametype|doubles\n|player|p1|actuary97|sabrina-frlg|1872\n|player|p2|VGCLTH skibidi|piers-masters|1856\n|teamsize|p1|6\n|teamsize|p2|6\n|gen|9\n|tier|[Gen 9] VGC 2024 Reg H\n|rated|\n|rule|Species Clause: Limit one of each Pok\u00e9mon\n|rule|Item Clause: Limit 1 of each item\n|clearpoke\n|poke|p1|Whimsicott, L50, F|\n|poke|p1|Gallade, L50, M|\n|poke|p1|Archaludon, L50, F|\n|poke|p1|Malamar, L50, F|\n|poke|p1|Indeedee, L50, M|\n|poke|p1|Drifblim, L50, M|\n|poke|p2|Ceruledge, L50, M|\n|poke|p2|Gastrodon-East, L50, F|\n|poke|p2|Sneasler, L50, M|\n|poke|p2|Kingambit, L50, M|\n|poke|p2|Rillaboom, L50, M|\n|poke|p2|Dragonite, L50, F|\n|teampreview|4\n|inactive|Battle timer is ON: inactive players will automatically lose when time's up. (requested by VGCLTH skibidi)\nactuary97 has agreed to open team sheets.\n|c|\u2606VGCLTH skibidi|hi goat\nVGCLTH skibidi has agreed to open team sheets.\n|c|\u2606VGCLTH skibidi|ive seen u play a few games, i really enjoy ur team\n|c|\u2606VGCLTH skibidi|(i copie it)\n|j| r4gn4r96\n|inactive|VGCLTH skibidi has 30 seconds left.\n|c|\u2606actuary97|hey thank u!!!\n|j| qiyeO.o\n|c|\u2606actuary97|glhf\n|j| takuya3000\n|c|\u2606VGCLTH skibidi|glhf\n|inactive|VGCLTH skibidi has 20 seconds left.\n|c|\u2606VGCLTH skibidi|1sec\n|inactiveoff|Battle timer is now OFF.\n|c|\u2606VGCLTH skibidi|ok back\n|c|\u2606actuary97|all good\n|\n|t:|1732383333\n|start\n|switch|p1a: Tapu Deedee|Indeedee, L50, M, shiny|100\/100\n|switch|p1b: \ud83c\udf88\ud83d\udc7b\ud83c\udf83\ud83d\udc7b\ud83c\udf83\ud83c\udf88|Drifblim, L50, M|100\/100\n|switch|p2a: Godlyreal|Kingambit, L50, M|100\/100\n|switch|p2b: Imagine I miss lol|Dragonite, L50, F|100\/100\n|-fieldstart|move: Psychic Terrain|[from] ability: Psychic Surge|[of] p1a: Tapu Deedee\n|-enditem|p1b: \ud83c\udf88\ud83d\udc7b\ud83c\udf83\ud83d\udc7b\ud83c\udf83\ud83c\udf88|Psychic Seed\n|-boost|p1b: \ud83c\udf88\ud83d\udc7b\ud83c\udf83\ud83d\udc7b\ud83c\udf83\ud83c\udf88|spd|1|[from] item: Psychic Seed\n|turn|1\n|\n|t:|1732383360\n|move|p1b: \ud83c\udf88\ud83d\udc7b\ud83c\udf83\ud83d\udc7b\ud83c\udf83\ud83c\udf88|Will-O-Wisp|p2a: Godlyreal\n|-status|p2a: Godlyreal|brn\n|move|p1a: Tapu Deedee|Expanding Force|p2b: Imagine I miss lol|[spread] p2b\n|-immune|p2a: Godlyreal\n|-damage|p2b: Imagine I miss lol|54\/100\n|move|p2b: Imagine I miss lol|Scale Shot|p1a: Tapu Deedee\n|-damage|p1a: Tapu Deedee|70\/100\n|-damage|p1a: Tapu Deedee|38\/100\n|-damage|p1a: Tapu Deedee|9\/100\n|-damage|p1a: Tapu Deedee|0 fnt\n|faint|p1a: Tapu Deedee\n|-hitcount|p1: Tapu Deedee|4\n|-unboost|p2b: Imagine I miss lol|def|1\n|-boost|p2b: Imagine I miss lol|spe|1\n|move|p2a: Godlyreal|Kowtow Cleave|p1b: \ud83c\udf88\ud83d\udc7b\ud83c\udf83\ud83d\udc7b\ud83c\udf83\ud83c\udf88\n|-supereffective|p1b: \ud83c\udf88\ud83d\udc7b\ud83c\udf83\ud83d\udc7b\ud83c\udf83\ud83c\udf88\n|-damage|p1b: \ud83c\udf88\ud83d\udc7b\ud83c\udf83\ud83d\udc7b\ud83c\udf83\ud83c\udf88|50\/100\n|\n|-damage|p2a: Godlyreal|95\/100 brn|[from] brn\n|upkeep\n|\n|t:|1732383369\n|switch|p1a: Bridget|Archaludon, L50, F, shiny|100\/100\n|turn|2\n|\n|t:|1732383388\n|switch|p2a: Rizzler|Rillaboom, L50, M|100\/100\n|-fieldstart|move: Grassy Terrain|[from] ability: Grassy Surge|[of] p2a: Rizzler\n|move|p2b: Imagine I miss lol|Protect|p2b: Imagine I miss lol\n|-singleturn|p2b: Imagine I miss lol|Protect\n|move|p1b: \ud83c\udf88\ud83d\udc7b\ud83c\udf83\ud83d\udc7b\ud83c\udf83\ud83c\udf88|Strength Sap|p2b: Imagine I miss lol\n|-activate|p2b: Imagine I miss lol|move: Protect\n|move|p1a: Bridget|Body Press|p2a: Rizzler\n|-damage|p2a: Rizzler|76\/100\n|\n|-heal|p2a: Rizzler|82\/100|[from] Grassy Terrain\n|upkeep\n|turn|3\n|\n|t:|1732383403\n|-terastallize|p2a: Rizzler|Fire\n|move|p2a: Rizzler|Fake Out|p1a: Bridget\n|-resisted|p1a: Bridget\n|-damage|p1a: Bridget|95\/100\n|-ability|p1a: Bridget|Stamina|boost\n|-boost|p1a: Bridget|def|1\n|move|p1b: \ud83c\udf88\ud83d\udc7b\ud83c\udf83\ud83d\udc7b\ud83c\udf83\ud83c\udf88|Strength Sap|p2b: Imagine I miss lol\n|-unboost|p2b: Imagine I miss lol|atk|1\n|-heal|p1b: \ud83c\udf88\ud83d\udc7b\ud83c\udf83\ud83d\udc7b\ud83c\udf83\ud83c\udf88|100\/100\n|move|p2b: Imagine I miss lol|Scale Shot|p1b: \ud83c\udf88\ud83d\udc7b\ud83c\udf83\ud83d\udc7b\ud83c\udf83\ud83c\udf88\n|-damage|p1b: \ud83c\udf88\ud83d\udc7b\ud83c\udf83\ud83d\udc7b\ud83c\udf83\ud83c\udf88|91\/100\n|-crit|p1b: \ud83c\udf88\ud83d\udc7b\ud83c\udf83\ud83d\udc7b\ud83c\udf83\ud83c\udf88\n|-damage|p1b: \ud83c\udf88\ud83d\udc7b\ud83c\udf83\ud83d\udc7b\ud83c\udf83\ud83c\udf88|68\/100\n|-damage|p1b: \ud83c\udf88\ud83d\udc7b\ud83c\udf83\ud83d\udc7b\ud83c\udf83\ud83c\udf88|58\/100\n|-damage|p1b: \ud83c\udf88\ud83d\udc7b\ud83c\udf83\ud83d\udc7b\ud83c\udf83\ud83c\udf88|47\/100\n|-hitcount|p1b: \ud83c\udf88\ud83d\udc7b\ud83c\udf83\ud83d\udc7b\ud83c\udf83\ud83c\udf88|4\n|-unboost|p2b: Imagine I miss lol|def|1\n|-boost|p2b: Imagine I miss lol|spe|1\n|cant|p1a: Bridget|flinch\n|\n|-heal|p2a: Rizzler|88\/100|[from] Grassy Terrain\n|-heal|p1a: Bridget|100\/100|[from] Grassy Terrain\n|upkeep\n|turn|4\n|\n|t:|1732383416\n|move|p2b: Imagine I miss lol|Scale Shot|p1b: \ud83c\udf88\ud83d\udc7b\ud83c\udf83\ud83d\udc7b\ud83c\udf83\ud83c\udf88\n|-damage|p1b: \ud83c\udf88\ud83d\udc7b\ud83c\udf83\ud83d\udc7b\ud83c\udf83\ud83c\udf88|38\/100\n|-damage|p1b: \ud83c\udf88\ud83d\udc7b\ud83c\udf83\ud83d\udc7b\ud83c\udf83\ud83c\udf88|28\/100\n|-damage|p1b: \ud83c\udf88\ud83d\udc7b\ud83c\udf83\ud83d\udc7b\ud83c\udf83\ud83c\udf88|17\/100\n|-damage|p1b: \ud83c\udf88\ud83d\udc7b\ud83c\udf83\ud83d\udc7b\ud83c\udf83\ud83c\udf88|6\/100\n|-damage|p1b: \ud83c\udf88\ud83d\udc7b\ud83c\udf83\ud83d\udc7b\ud83c\udf83\ud83c\udf88|0 fnt\n|faint|p1b: \ud83c\udf88\ud83d\udc7b\ud83c\udf83\ud83d\udc7b\ud83c\udf83\ud83c\udf88\n|-hitcount|p1: \ud83c\udf88\ud83d\udc7b\ud83c\udf83\ud83d\udc7b\ud83c\udf83\ud83c\udf88|5\n|-unboost|p2b: Imagine I miss lol|def|1\n|-boost|p2b: Imagine I miss lol|spe|1\n|move|p2a: Rizzler|High Horsepower|p1a: Bridget\n|-supereffective|p1a: Bridget\n|-damage|p1a: Bridget|64\/100\n|-ability|p1a: Bridget|Stamina|boost\n|-boost|p1a: Bridget|def|1\n|move|p1a: Bridget|Electro Shot||[still]\n|-prepare|p1a: Bridget|Electro Shot\n|-boost|p1a: Bridget|spa|1\n|\n|-heal|p2a: Rizzler|94\/100|[from] Grassy Terrain\n|-heal|p1a: Bridget|70\/100|[from] Grassy Terrain\n|upkeep\n|c|\u2606actuary97|oh damn gg\n|c|\u2606VGCLTH skibidi|ggwp\n|\n|t:|1732383428\n|switch|p1b: \u2694\ufe0fKing\u2694\ufe0f|Gallade, L50, M, shiny|100\/100\n|turn|5\n|\n|t:|1732383437\n|move|p2b: Imagine I miss lol|Protect|p2b: Imagine I miss lol\n|-singleturn|p2b: Imagine I miss lol|Protect\n|move|p1b: \u2694\ufe0fKing\u2694\ufe0f|Protect|p1b: \u2694\ufe0fKing\u2694\ufe0f\n|-singleturn|p1b: \u2694\ufe0fKing\u2694\ufe0f|Protect\n|move|p2a: Rizzler|Grassy Glide|p1b: \u2694\ufe0fKing\u2694\ufe0f\n|-activate|p1b: \u2694\ufe0fKing\u2694\ufe0f|move: Protect\n|move|p1a: Bridget|Electro Shot|p2b: Imagine I miss lol|[from]lockedmove\n|-activate|p2b: Imagine I miss lol|move: Protect\n|\n|-heal|p2a: Rizzler|100\/100|[from] Grassy Terrain\n|-heal|p1a: Bridget|76\/100|[from] Grassy Terrain\n|upkeep\n|turn|6\n|c|\u2606actuary97|I think I'm ooked\n|c|\u2606VGCLTH skibidi|might be\n|\n|t:|1732383452\n|-terastallize|p1b: \u2694\ufe0fKing\u2694\ufe0f|Grass\n|move|p2a: Rizzler|Grassy Glide|p1b: \u2694\ufe0fKing\u2694\ufe0f\n|-resisted|p1b: \u2694\ufe0fKing\u2694\ufe0f\n|-damage|p1b: \u2694\ufe0fKing\u2694\ufe0f|62\/100\n|move|p2b: Imagine I miss lol|Scale Shot|p1b: \u2694\ufe0fKing\u2694\ufe0f\n|-damage|p1b: \u2694\ufe0fKing\u2694\ufe0f|46\/100\n|-damage|p1b: \u2694\ufe0fKing\u2694\ufe0f|29\/100\n|-crit|p1b: \u2694\ufe0fKing\u2694\ufe0f\n|-damage|p1b: \u2694\ufe0fKing\u2694\ufe0f|0 fnt\n|faint|p1b: \u2694\ufe0fKing\u2694\ufe0f\n|-hitcount|p1: \u2694\ufe0fKing\u2694\ufe0f|3\n|-unboost|p2b: Imagine I miss lol|def|1\n|-boost|p2b: Imagine I miss lol|spe|1\n|move|p1a: Bridget|Body Press|p2b: Imagine I miss lol\n|-resisted|p2b: Imagine I miss lol\n|-crit|p2b: Imagine I miss lol\n|-damage|p2b: Imagine I miss lol|0 fnt\n|faint|p2b: Imagine I miss lol\n|\n|-heal|p1a: Bridget|82\/100|[from] Grassy Terrain\n|-fieldend|move: Grassy Terrain\n|upkeep\n|\n|t:|1732383458\n|switch|p2b: Let's go gambling|Sneasler, L50, M|100\/100\n|turn|7\n|\n|t:|1732383463\n|move|p2b: Let's go gambling|Coaching|p2a: Rizzler\n|-boost|p2a: Rizzler|atk|1\n|-boost|p2a: Rizzler|def|1\n|move|p2a: Rizzler|High Horsepower|p1a: Bridget\n|-supereffective|p1a: Bridget\n|-damage|p1a: Bridget|46\/100\n|-ability|p1a: Bridget|Stamina|boost\n|-boost|p1a: Bridget|def|1\n|move|p1a: Bridget|Body Press|p2b: Let's go gambling\n|-resisted|p2b: Let's go gambling\n|-damage|p2b: Let's go gambling|51\/100\n|\n|upkeep\n|turn|8\n|\n|t:|1732383469\n|move|p2b: Let's go gambling|Close Combat|p1a: Bridget\n|-supereffective|p1a: Bridget\n|-damage|p1a: Bridget|7\/100\n|-unboost|p2b: Let's go gambling|def|1\n|-unboost|p2b: Let's go gambling|spd|1\n|-ability|p1a: Bridget|Stamina|boost\n|-boost|p1a: Bridget|def|1\n|move|p2a: Rizzler|High Horsepower|p1a: Bridget\n|-supereffective|p1a: Bridget\n|-damage|p1a: Bridget|0 fnt\n|faint|p1a: Bridget\n|\n|win|VGCLTH skibidi\n|raw|actuary97's rating: 1872 &rarr; <strong>1851<\/strong><br \/>(-21 for losing)\n|raw|VGCLTH skibidi's rating: 1856 &rarr; <strong>1877<\/strong><br \/>(+21 for winning)\n|c|\u2606actuary97|ggwp\n|c|\u2606actuary97|good luck\n|c|\u2606VGCLTH skibidi|ggwp, keep up the good job on ladder!\n|c|\u2606actuary97|ty!!\n|c|\u2606VGCLTH skibidi|hope u get top 1 soon\n|c|\u2606actuary97|ty I did a couple week ago\n|c|\u2606VGCLTH skibidi|:0\n|c|\u2606VGCLTH skibidi|thats so cool\n|c|\u2606actuary97|yep now just having fun\n|c|\u2606VGCLTH skibidi|i really like ur team, do u mind sharing it?\n|c|\u2606actuary97|no prob\n|c|\u2606VGCLTH skibidi|:)\n|l| r4gn4r96\n|l| takuya3000\n","uploadtime":1732383542,"views":81,"formatid":"gen9vgc2024regh","rating":1851,"private":0,"password":null}