{"id":"gen9vgc2024regh-2249879532","format":"[Gen 9] VGC 2024 Reg H","players":["elvegis1","25th_mang"],"log":"|j|\u2606elvegis1\n|j|\u260625th_mang\n|t:|1732411290\n|gametype|doubles\n|player|p1|elvegis1|lucas|1671\n|player|p2|25th_mang|adaman-masters|1697\n|teamsize|p1|6\n|teamsize|p2|6\n|gen|9\n|tier|[Gen 9] VGC 2024 Reg H\n|rated|\n|rule|Species Clause: Limit one of each Pok\u00e9mon\n|rule|Item Clause: Limit 1 of each item\n|clearpoke\n|poke|p1|Incineroar, L50, M|\n|poke|p1|Gholdengo, L50|\n|poke|p1|Dondozo, L50, F|\n|poke|p1|Magnezone, L50|\n|poke|p1|Ursaluna, L50, M|\n|poke|p1|Dusclops, L50, F|\n|poke|p2|Pelipper, L50, F|\n|poke|p2|Archaludon, L50, F|\n|poke|p2|Quaquaval, L50, F|\n|poke|p2|Kingambit, L50, F|\n|poke|p2|Rillaboom, L50, F|\n|poke|p2|Dragapult, L50, F|\n|teampreview|4\n|inactive|Battle timer is ON: inactive players will automatically lose when time's up. (requested by 25th_mang)\n|\n|t:|1732411310\n|start\n|switch|p1a: Dusclops|Dusclops, L50, F|100\/100\n|switch|p1b: Magnezone|Magnezone, L50|100\/100\n|switch|p2a: dahyun|Pelipper, L50, F|100\/100\n|switch|p2b: momo|Quaquaval, L50, F, shiny|100\/100\n|-weather|RainDance|[from] ability: Drizzle|[of] p2a: dahyun\n|-item|p2a: dahyun|Choice Scarf|[from] ability: Frisk|[of] p1a: Dusclops\n|-item|p2b: momo|Focus Sash|[from] ability: Frisk|[of] p1a: Dusclops\n|turn|1\n|\n|t:|1732411333\n|move|p1b: Magnezone|Protect|p1b: Magnezone\n|-singleturn|p1b: Magnezone|Protect\n|move|p2a: dahyun|Weather Ball|p1b: Magnezone\n|-activate|p1b: Magnezone|move: Protect\n|move|p2b: momo|Close Combat|p1b: Magnezone\n|-activate|p1b: Magnezone|move: Protect\n|move|p1a: Dusclops|Trick Room|p1a: Dusclops\n|-fieldstart|move: Trick Room|[of] p1a: Dusclops\n|\n|-weather|RainDance|[upkeep]\n|upkeep\n|turn|2\n|\n|t:|1732411345\n|move|p1a: Dusclops|Will-O-Wisp|p2b: momo\n|-status|p2b: momo|brn\n|move|p1b: Magnezone|Volt Switch|p2a: dahyun\n|-supereffective|p2a: dahyun\n|-damage|p2a: dahyun|0 fnt\n|faint|p2a: dahyun\n|\n|t:|1732411357\n|switch|p1b: Incineroar|Incineroar, L50, M|100\/100|[from] Volt Switch\n|-ability|p1b: Incineroar|Intimidate|boost\n|-unboost|p2b: momo|atk|1\n|move|p2b: momo|Close Combat|p1b: Incineroar\n|-supereffective|p1b: Incineroar\n|-damage|p1b: Incineroar|63\/100\n|-unboost|p2b: momo|def|1\n|-unboost|p2b: momo|spd|1\n|\n|-weather|RainDance|[upkeep]\n|-damage|p2b: momo|94\/100 brn|[from] brn\n|upkeep\n|\n|t:|1732411367\n|switch|p2a: tzuyu|Archaludon, L50, F, shiny|100\/100\n|turn|3\n|\n|t:|1732411377\n|-terastallize|p2a: tzuyu|Electric\n|move|p2b: momo|Protect|p2b: momo\n|-singleturn|p2b: momo|Protect\n|move|p1a: Dusclops|Will-O-Wisp|p2a: tzuyu\n|-status|p2a: tzuyu|brn\n|move|p1b: Incineroar|Parting Shot|p2a: tzuyu\n|-unboost|p2a: tzuyu|atk|1\n|-unboost|p2a: tzuyu|spa|1\n|\n|t:|1732411387\n|switch|p1b: Ursaluna|Ursaluna, L50, M|100\/100|[from] Parting Shot\n|move|p2a: tzuyu|Electro Shot||[still]\n|-prepare|p2a: tzuyu|Electro Shot\n|-boost|p2a: tzuyu|spa|1\n|-anim|p2a: tzuyu|Electro Shot|p1b: Ursaluna\n|-immune|p1b: Ursaluna\n|\n|-weather|RainDance|[upkeep]\n|-damage|p2b: momo|88\/100 brn|[from] brn\n|-damage|p2a: tzuyu|94\/100 brn|[from] brn\n|-status|p1b: Ursaluna|brn|[from] item: Flame Orb\n|upkeep\n|turn|4\n|\n|t:|1732411403\n|move|p1a: Dusclops|Night Shade|p2b: momo\n|-damage|p2b: momo|57\/100 brn\n|move|p1b: Ursaluna|Earthquake|p2a: tzuyu|[spread] p1a,p2a,p2b\n|-supereffective|p2a: tzuyu\n|-damage|p1a: Dusclops|62\/100\n|-damage|p2a: tzuyu|0 fnt\n|-damage|p2b: momo|0 fnt\n|faint|p2a: tzuyu\n|faint|p2b: momo\n|\n|-weather|RainDance|[upkeep]\n|-damage|p1b: Ursaluna|95\/100 brn|[from] brn\n|upkeep\n|\n|t:|1732411411\n|switch|p2b: jihyo|Rillaboom, L50, F, shiny|100\/100\n|-fieldstart|move: Grassy Terrain|[from] ability: Grassy Surge|[of] p2b: jihyo\n|turn|5\n|inactive|25th_mang has 30 seconds left.\n|\n|t:|1732411441\n|switch|p1b: Incineroar|Incineroar, L50, M|63\/100\n|-ability|p1b: Incineroar|Intimidate|boost\n|-unboost|p2b: jihyo|atk|1\n|move|p1a: Dusclops|Will-O-Wisp|p2b: jihyo\n|-status|p2b: jihyo|brn\n|move|p2b: jihyo|Wood Hammer|p1a: Dusclops\n|-damage|p1a: Dusclops|45\/100\n|-damage|p2b: jihyo|97\/100 brn|[from] Recoil\n|\n|-weather|none\n|-heal|p1a: Dusclops|52\/100|[from] Grassy Terrain\n|-heal|p1b: Incineroar|69\/100|[from] Grassy Terrain\n|-heal|p2b: jihyo|100\/100 brn|[from] Grassy Terrain\n|-damage|p2b: jihyo|95\/100 brn|[from] brn\n|-fieldend|move: Trick Room\n|upkeep\n|turn|6\n|\n|t:|1732411461\n|move|p1b: Incineroar|Fake Out|p2b: jihyo\n|-damage|p2b: jihyo|84\/100 brn\n|cant|p2b: jihyo|flinch\n|move|p1a: Dusclops|Pain Split|p2b: jihyo\n|-sethp|p2b: jihyo|60\/100 brn|[from] move: Pain Split|[silent]\n|-sethp|p1a: Dusclops|84\/100|[from] move: Pain Split\n|\n|-heal|p2b: jihyo|66\/100 brn|[from] Grassy Terrain\n|-heal|p1b: Incineroar|75\/100|[from] Grassy Terrain\n|-heal|p1a: Dusclops|90\/100|[from] Grassy Terrain\n|-damage|p2b: jihyo|60\/100 brn|[from] brn\n|upkeep\n|turn|7\n|-message|25th_mang forfeited.\n|\n|win|elvegis1\n|raw|elvegis1's rating: 1671 &rarr; <strong>1692<\/strong><br \/>(+21 for winning)\n|raw|25th_mang's rating: 1697 &rarr; <strong>1676<\/strong><br \/>(-21 for losing)\n|l|\u260625th_mang\n|player|p2|\n|l|\u2606elvegis1\n|player|p1|\n","uploadtime":1732411706,"views":5,"formatid":"gen9vgc2024regh","rating":1676,"private":0,"password":null}