{"id":"gen9vgc2024regh-2249142908","format":"[Gen 9] VGC 2024 Reg H","players":["DragonKenergy","VGCLTH Python"],"log":"|j|\u2606DragonKenergy\n|j|\u2606VGCLTH Python\n|t:|1732304036\n|gametype|doubles\n|player|p1|DragonKenergy|ingo|1780\n|player|p2|VGCLTH Python|yellow|1779\n|teamsize|p1|6\n|teamsize|p2|6\n|gen|9\n|tier|[Gen 9] VGC 2024 Reg H\n|rated|\n|rule|Species Clause: Limit one of each Pok\u00e9mon\n|rule|Item Clause: Limit 1 of each item\n|clearpoke\n|poke|p1|Sneasler, L50, M|\n|poke|p1|Dragonite, L50, F|\n|poke|p1|Milotic, L50, F|\n|poke|p1|Indeedee, L50, M|\n|poke|p1|Typhlosion-Hisui, L50, M|\n|poke|p1|Whimsicott, L50, F|\n|poke|p2|Volcarona, L50, F|\n|poke|p2|Breloom, L50, F|\n|poke|p2|Gholdengo, L50|\n|poke|p2|Electabuzz, L50, F|\n|poke|p2|Gastrodon, L50, F|\n|poke|p2|Dragonite, L50, M|\n|teampreview|4\n|j| 3idk\n|\n|t:|1732304085\n|start\n|switch|p1a: Typhlosion|Typhlosion-Hisui, L50, M|100\/100\n|switch|p1b: Milotic|Milotic, L50, F|100\/100\n|switch|p2a: Dragonite|Dragonite, L50, M|100\/100\n|switch|p2b: Electabuzz|Electabuzz, L50, F|100\/100\n|turn|1\n|\n|t:|1732304100\n|move|p2b: Electabuzz|Follow Me|p2b: Electabuzz\n|-singleturn|p2b: Electabuzz|move: Follow Me\n|move|p1a: Typhlosion|Eruption|p2b: Electabuzz|[spread] p2a,p2b\n|-resisted|p2a: Dragonite\n|-damage|p2a: Dragonite|68\/100\n|-damage|p2b: Electabuzz|58\/100\n|move|p2a: Dragonite|Scale Shot|p1a: Typhlosion|[miss]\n|-miss|p2a: Dragonite|p1a: Typhlosion\n|move|p1b: Milotic|Icy Wind|p2b: Electabuzz|[spread] p2a\n|-miss|p1b: Milotic|p2b: Electabuzz\n|-supereffective|p2a: Dragonite\n|-damage|p2a: Dragonite|18\/100\n|-unboost|p2a: Dragonite|spe|1\n|\n|upkeep\n|turn|2\n|\n|t:|1732304129\n|switch|p2a: Gastrodon|Gastrodon, L50, F|100\/100\n|move|p1a: Typhlosion|Eruption|p2a: Gastrodon|[spread] p2a,p2b\n|-resisted|p2a: Gastrodon\n|-damage|p2a: Gastrodon|74\/100\n|-damage|p2b: Electabuzz|14\/100\n|move|p2b: Electabuzz|Thunderbolt|p1a: Typhlosion\n|-damage|p1a: Typhlosion|58\/100\n|move|p1b: Milotic|Scald|p2a: Gastrodon\n|-activate|p2a: Gastrodon|ability: Storm Drain\n|-ability|p2a: Gastrodon|Storm Drain|boost\n|-boost|p2a: Gastrodon|spa|1\n|\n|upkeep\n|turn|3\n|\n|t:|1732304144\n|-terastallize|p1b: Milotic|Grass\n|move|p2b: Electabuzz|Protect|p2b: Electabuzz\n|-singleturn|p2b: Electabuzz|Protect\n|move|p1a: Typhlosion|Eruption|p2b: Electabuzz|[spread] p2a\n|-activate|p2b: Electabuzz|move: Protect\n|-resisted|p2a: Gastrodon\n|-damage|p2a: Gastrodon|59\/100\n|move|p1b: Milotic|Tera Blast|p2a: Gastrodon|[anim] Tera Blast Grass\n|-supereffective|p2a: Gastrodon\n|-damage|p2a: Gastrodon|0 fnt\n|faint|p2a: Gastrodon\n|\n|upkeep\n|\n|t:|1732304153\n|switch|p2a: Volcarona|Volcarona, L50, F|100\/100\n|turn|4\n|\n|t:|1732304166\n|move|p1a: Typhlosion|Eruption|p2b: Electabuzz|[spread] p2a,p2b\n|-damage|p2a: Volcarona|66\/100\n|-damage|p2b: Electabuzz|0 fnt\n|faint|p2b: Electabuzz\n|move|p2a: Volcarona|Quiver Dance|p2a: Volcarona\n|-boost|p2a: Volcarona|spa|1\n|-boost|p2a: Volcarona|spd|1\n|-boost|p2a: Volcarona|spe|1\n|move|p1b: Milotic|Scald|p2a: Volcarona\n|-supereffective|p2a: Volcarona\n|-damage|p2a: Volcarona|26\/100\n|\n|-heal|p2a: Volcarona|32\/100|[from] item: Leftovers\n|upkeep\n|\n|t:|1732304169\n|switch|p2b: Dragonite|Dragonite, L50, M|18\/100\n|turn|5\n|\n|t:|1732304198\n|move|p2a: Volcarona|Heat Wave|p1b: Milotic|[spread] p1a,p1b\n|-resisted|p1a: Typhlosion\n|-supereffective|p1b: Milotic\n|-damage|p1a: Typhlosion|19\/100\n|-damage|p1b: Milotic|51\/100\n|move|p1a: Typhlosion|Shadow Ball|p2b: Dragonite\n|-damage|p2b: Dragonite|0 fnt\n|faint|p2b: Dragonite\n|move|p1b: Milotic|Scald|p2a: Volcarona\n|-supereffective|p2a: Volcarona\n|-damage|p2a: Volcarona|0 fnt\n|faint|p2a: Volcarona\n|\n|win|DragonKenergy\n|raw|DragonKenergy's rating: 1780 &rarr; <strong>1800<\/strong><br \/>(+20 for winning)\n|raw|VGCLTH Python's rating: 1779 &rarr; <strong>1759<\/strong><br \/>(-20 for losing)\n|l|\u2606VGCLTH Python\n|player|p2|\n|l| 3idk\n","uploadtime":1732304209,"views":74,"formatid":"gen9vgc2024regh","rating":1759,"private":0,"password":null}