{"id":"gen9vgc2024regh-2249612497","format":"[Gen 9] VGC 2024 Reg H","players":["Lilherc","VGCLTH WitchMag"],"log":"|j|\u2606Lilherc\n|j|\u2606VGCLTH WitchMag\n|t:|1732377099\n|gametype|doubles\n|player|p1|Lilherc|2|1715\n|player|p2|VGCLTH WitchMag|cynthia-masters|1666\n|teamsize|p1|6\n|teamsize|p2|6\n|gen|9\n|tier|[Gen 9] VGC 2024 Reg H\n|rated|\n|rule|Species Clause: Limit one of each Pok\u00e9mon\n|rule|Item Clause: Limit 1 of each item\n|clearpoke\n|poke|p1|Volcarona, L50, M|\n|poke|p1|Dragonite, L50, M|\n|poke|p1|Sneasler, L50, M|\n|poke|p1|Rillaboom, L50, M|\n|poke|p1|Ninetales-Alola, L50, F|\n|poke|p1|Basculegion, L50, M|\n|poke|p2|Glimmora, L50, M|\n|poke|p2|Gholdengo, L50|\n|poke|p2|Garchomp, L50, M|\n|poke|p2|Talonflame, L50, F|\n|poke|p2|Rillaboom, L50, F|\n|poke|p2|Primarina, L50, F|\n|teampreview|4\n|\n|t:|1732377146\n|start\n|switch|p1a: Dragonite|Dragonite, L50, M, shiny|100\/100\n|switch|p1b: Basculegion|Basculegion, L50, M, shiny|100\/100\n|switch|p2a: Odysseus|Talonflame, L50, F|100\/100\n|switch|p2b: Circe|Glimmora, L50, M|100\/100\n|turn|1\n|l|\u2606Lilherc\n|player|p1|\n|j|\u2606Lilherc\n|player|p1|Lilherc|2|\n|\n|t:|1732377163\n|-terastallize|p2b: Circe|Grass\n|move|p1a: Dragonite|Extreme Speed|p2a: Odysseus\n|-damage|p2a: Odysseus|48\/100\n|move|p1b: Basculegion|Flip Turn|p2b: Circe\n|-resisted|p2b: Circe\n|-damage|p2b: Circe|78\/100\n|-activate|p2b: Circe|ability: Toxic Debris\n|-sidestart|p1: Lilherc|move: Toxic Spikes\n|\n|t:|1732377175\n|switch|p1b: Volcarona|Volcarona, L50, M, shiny|100\/100|[from] Flip Turn\n|-status|p1b: Volcarona|psn\n|move|p2a: Odysseus|Tailwind|p2a: Odysseus\n|-sidestart|p2: VGCLTH WitchMag|move: Tailwind\n|move|p2b: Circe|Meteor Beam||[still]\n|-prepare|p2b: Circe|Meteor Beam\n|-boost|p2b: Circe|spa|1\n|-enditem|p2b: Circe|Power Herb\n|-anim|p2b: Circe|Meteor Beam|p1a: Dragonite\n|-supereffective|p1a: Dragonite\n|-damage|p1a: Dragonite|0 fnt\n|faint|p1a: Dragonite\n|\n|-damage|p1b: Volcarona|88\/100 psn|[from] psn\n|upkeep\n|\n|t:|1732377187\n|switch|p1a: Rillaboom|Rillaboom, L50, M, shiny|100\/100\n|-status|p1a: Rillaboom|psn\n|-fieldstart|move: Grassy Terrain|[from] ability: Grassy Surge|[of] p1a: Rillaboom\n|turn|2\n|\n|t:|1732377194\n|-terastallize|p1b: Volcarona|Fairy\n|move|p1a: Rillaboom|Fake Out|p2b: Circe\n|-damage|p2b: Circe|61\/100\n|-activate|p2b: Circe|ability: Toxic Debris\n|-sidestart|p1: Lilherc|move: Toxic Spikes\n|move|p2a: Odysseus|Brave Bird|p1b: Volcarona\n|-damage|p1b: Volcarona|36\/100 psn\n|-damage|p2a: Odysseus|27\/100|[from] Recoil\n|cant|p2b: Circe|flinch\n|move|p1b: Volcarona|Quiver Dance|p1b: Volcarona\n|-boost|p1b: Volcarona|spa|1\n|-boost|p1b: Volcarona|spd|1\n|-boost|p1b: Volcarona|spe|1\n|\n|-heal|p2b: Circe|67\/100|[from] Grassy Terrain\n|-heal|p1b: Volcarona|42\/100 psn|[from] Grassy Terrain\n|-heal|p1b: Volcarona|48\/100 psn|[from] item: Leftovers\n|-damage|p1b: Volcarona|36\/100 psn|[from] psn\n|-damage|p1a: Rillaboom|88\/100 psn|[from] psn\n|upkeep\n|turn|3\n|\n|t:|1732377227\n|move|p1b: Volcarona|Protect|p1b: Volcarona\n|-singleturn|p1b: Volcarona|Protect\n|move|p1a: Rillaboom|Grassy Glide|p2a: Odysseus\n|-resisted|p2a: Odysseus\n|-damage|p2a: Odysseus|12\/100\n|move|p2a: Odysseus|Brave Bird|p1a: Rillaboom\n|-supereffective|p1a: Rillaboom\n|-damage|p1a: Rillaboom|0 fnt\n|faint|p1a: Rillaboom\n|-damage|p2a: Odysseus|0 fnt|[from] Recoil\n|faint|p2a: Odysseus\n|move|p2b: Circe|Sludge Wave|p1b: Volcarona\n|-activate|p1b: Volcarona|move: Protect\n|\n|-heal|p2b: Circe|73\/100|[from] Grassy Terrain\n|-heal|p1b: Volcarona|42\/100 psn|[from] Grassy Terrain\n|-heal|p1b: Volcarona|48\/100 psn|[from] item: Leftovers\n|-damage|p1b: Volcarona|36\/100 psn|[from] psn\n|upkeep\n|\n|t:|1732377236\n|switch|p2a: Penelope|Gholdengo, L50|100\/100\n|switch|p1a: Basculegion|Basculegion, L50, M, shiny|100\/100\n|-status|p1a: Basculegion|tox\n|turn|4\n|\n|t:|1732377247\n|move|p2b: Circe|Sludge Wave|p1a: Basculegion|[spread] p1a,p1b\n|-immune|p2a: Penelope\n|-resisted|p1a: Basculegion\n|-supereffective|p1b: Volcarona\n|-damage|p1a: Basculegion|68\/100 tox\n|-damage|p1b: Volcarona|0 fnt\n|faint|p1b: Volcarona\n|move|p2a: Penelope|Make It Rain|p1a: Basculegion\n|-resisted|p1a: Basculegion\n|-damage|p1a: Basculegion|17\/100 tox\n|-unboost|p2a: Penelope|spa|1\n|move|p1a: Basculegion|Last Respects|p2a: Penelope\n|-supereffective|p2a: Penelope\n|-damage|p2a: Penelope|0 fnt\n|faint|p2a: Penelope\n|\n|-heal|p2b: Circe|78\/100|[from] Grassy Terrain\n|-heal|p1a: Basculegion|23\/100 tox|[from] Grassy Terrain\n|-damage|p1a: Basculegion|17\/100 tox|[from] psn\n|-sideend|p2: VGCLTH WitchMag|move: Tailwind\n|upkeep\n|\n|t:|1732377263\n|switch|p2a: Polyphemus|Rillaboom, L50, F|100\/100\n|turn|5\n|-message|Lilherc forfeited.\n|\n|win|VGCLTH WitchMag\n|raw|Lilherc's rating: 1715 &rarr; <strong>1692<\/strong><br \/>(-23 for losing)\n|raw|VGCLTH WitchMag's rating: 1666 &rarr; <strong>1689<\/strong><br \/>(+23 for winning)\n|l|\u2606Lilherc\n|player|p1|\n|l|\u2606VGCLTH WitchMag\n|player|p2|\n|j| VGCLTH R0gue\n","uploadtime":1732377441,"views":17,"formatid":"gen9vgc2024regh","rating":1689,"private":0,"password":null}