{"id":"gen9vgc2024regh-2249160032","format":"[Gen 9] VGC 2024 Reg H","players":["VGCLTH Sir Aaron","alumilana"],"log":"|raw|<div class=\"broadcast-blue\"><strong>This battle is required to be public due to a player having a name starting with 'vgclth'.<\/div>\n|j|\u2606VGCLTH Sir Aaron\n|j|\u203dalumilana\n|t:|1732305790\n|gametype|doubles\n|player|p1|VGCLTH Sir Aaron|red-masters3|1699\n|player|p2|alumilana|marley|1727\n|teamsize|p1|6\n|teamsize|p2|6\n|gen|9\n|tier|[Gen 9] VGC 2024 Reg H\n|rated|\n|rule|Species Clause: Limit one of each Pok\u00e9mon\n|rule|Item Clause: Limit 1 of each item\n|clearpoke\n|poke|p1|Azumarill, L50, F|\n|poke|p1|Archaludon, L50, F|\n|poke|p1|Arcanine, L50, F|\n|poke|p1|Electabuzz, L50, M|\n|poke|p1|Rillaboom, L50, F|\n|poke|p1|Dragonite, L50, M|\n|poke|p2|Dragonite, L50, F|\n|poke|p2|Gholdengo, L50|\n|poke|p2|Ursaluna-Bloodmoon, L50, M|\n|poke|p2|Sneasler, L50, M|\n|poke|p2|Incineroar, L50, F|\n|poke|p2|Rillaboom, L50, F|\n|teampreview|4\n|inactive|Battle timer is ON: inactive players will automatically lose when time's up. (requested by alumilana)\n|inactive|alumilana has 60 seconds left.\n|\n|t:|1732305825\n|start\n|switch|p1a: Azumarill|Azumarill, L50, F|100\/100\n|switch|p1b: Electabuzz|Electabuzz, L50, M|100\/100\n|switch|p2a: Dragonite|Dragonite, L50, F|100\/100\n|switch|p2b: Sneasler|Sneasler, L50, M|100\/100\n|turn|1\n|j| Therazer456\n|\n|t:|1732305842\n|move|p1a: Azumarill|Protect|p1a: Azumarill\n|-singleturn|p1a: Azumarill|Protect\n|move|p2b: Sneasler|Close Combat|p1b: Electabuzz\n|-damage|p1b: Electabuzz|44\/100\n|-unboost|p2b: Sneasler|def|1\n|-unboost|p2b: Sneasler|spd|1\n|move|p2a: Dragonite|Scale Shot|p1b: Electabuzz\n|-damage|p1b: Electabuzz|31\/100\n|-damage|p1b: Electabuzz|20\/100\n|-damage|p1b: Electabuzz|6\/100\n|-damage|p1b: Electabuzz|0 fnt\n|faint|p1b: Electabuzz\n|-hitcount|p1: Electabuzz|4\n|-unboost|p2a: Dragonite|def|1\n|-boost|p2a: Dragonite|spe|1\n|\n|upkeep\n|j| zxc123zxc\n|\n|t:|1732305854\n|switch|p1b: Arcanine|Arcanine, L50, F|100\/100\n|-ability|p1b: Arcanine|Intimidate|boost\n|-unboost|p2a: Dragonite|atk|1\n|-unboost|p2b: Sneasler|atk|1\n|turn|2\n|inactive|alumilana has 30 seconds left.\n|inactive|VGCLTH Sir Aaron has 30 seconds left.\n|j| oherrodersir\n|inactive|VGCLTH Sir Aaron has 20 seconds left.\n|\n|t:|1732305900\n|switch|p2a: Rillaboom|Rillaboom, L50, F|100\/100\n|-fieldstart|move: Grassy Terrain|[from] ability: Grassy Surge|[of] p2a: Rillaboom\n|-terastallize|p1a: Azumarill|Water\n|move|p2b: Sneasler|Dire Claw|p1a: Azumarill\n|-damage|p1a: Azumarill|69\/100\n|move|p1b: Arcanine|Will-O-Wisp|p2a: Rillaboom\n|-status|p2a: Rillaboom|brn\n|move|p1a: Azumarill|Belly Drum|p1a: Azumarill\n|-damage|p1a: Azumarill|19\/100\n|-setboost|p1a: Azumarill|atk|6|[from] move: Belly Drum\n|-enditem|p1a: Azumarill|Sitrus Berry|[eat]\n|-heal|p1a: Azumarill|44\/100|[from] item: Sitrus Berry\n|\n|-heal|p1a: Azumarill|50\/100|[from] Grassy Terrain\n|-damage|p2a: Rillaboom|95\/100 brn|[from] brn\n|upkeep\n|turn|3\n|inactive|VGCLTH Sir Aaron has 30 seconds left.\n|\n|t:|1732305929\n|move|p1a: Azumarill|Protect|p1a: Azumarill\n|-singleturn|p1a: Azumarill|Protect\n|move|p2a: Rillaboom|Fake Out|p1b: Arcanine\n|-damage|p1b: Arcanine|91\/100\n|move|p2b: Sneasler|Dire Claw|p1a: Azumarill\n|-activate|p1a: Azumarill|move: Protect\n|cant|p1b: Arcanine|flinch\n|\n|-heal|p1b: Arcanine|97\/100|[from] Grassy Terrain\n|-heal|p2a: Rillaboom|100\/100 brn|[from] Grassy Terrain\n|-heal|p1a: Azumarill|56\/100|[from] Grassy Terrain\n|-damage|p2a: Rillaboom|95\/100 brn|[from] brn\n|upkeep\n|turn|4\n|\n|t:|1732305942\n|move|p2a: Rillaboom|Grassy Glide|p1a: Azumarill\n|-supereffective|p1a: Azumarill\n|-damage|p1a: Azumarill|17\/100\n|move|p1a: Azumarill|Aqua Jet|p2b: Sneasler\n|-enditem|p2b: Sneasler|Focus Sash\n|-damage|p2b: Sneasler|1\/100\n|move|p2b: Sneasler|Dire Claw|p1a: Azumarill\n|-damage|p1a: Azumarill|0 fnt\n|faint|p1a: Azumarill\n|move|p1b: Arcanine|Flare Blitz|p2a: Rillaboom\n|-supereffective|p2a: Rillaboom\n|-damage|p2a: Rillaboom|0 fnt\n|faint|p2a: Rillaboom\n|-damage|p1b: Arcanine|59\/100|[from] Recoil\n|\n|-heal|p2b: Sneasler|7\/100|[from] Grassy Terrain\n|-heal|p1b: Arcanine|65\/100|[from] Grassy Terrain\n|upkeep\n|\n|t:|1732305958\n|switch|p2a: Ursaluna|Ursaluna-Bloodmoon, L50, M|100\/100\n|switch|p1a: Dragonite|Dragonite, L50, M|100\/100\n|turn|5\n|\n|t:|1732305968\n|move|p1b: Arcanine|Protect|p1b: Arcanine\n|-singleturn|p1b: Arcanine|Protect\n|move|p2b: Sneasler|Dire Claw|p1a: Dragonite\n|-damage|p1a: Dragonite|86\/100\n|move|p1a: Dragonite|Scale Shot|p2a: Ursaluna\n|-crit|p2a: Ursaluna\n|-damage|p2a: Ursaluna|84\/100\n|-damage|p2a: Ursaluna|74\/100\n|-damage|p2a: Ursaluna|64\/100\n|-damage|p2a: Ursaluna|53\/100\n|-damage|p2a: Ursaluna|43\/100\n|-hitcount|p2a: Ursaluna|5\n|-unboost|p1a: Dragonite|def|1\n|-boost|p1a: Dragonite|spe|1\n|move|p2a: Ursaluna|Earth Power|p1b: Arcanine\n|-activate|p1b: Arcanine|move: Protect\n|\n|-heal|p2b: Sneasler|13\/100|[from] Grassy Terrain\n|-heal|p1b: Arcanine|71\/100|[from] Grassy Terrain\n|-heal|p2a: Ursaluna|49\/100|[from] Grassy Terrain\n|-heal|p2a: Ursaluna|56\/100|[from] item: Leftovers\n|upkeep\n|turn|6\n|j| UI Rain\n|inactive|VGCLTH Sir Aaron has 30 seconds left.\n|inactive|VGCLTH Sir Aaron has 20 seconds left.\n|inactive|VGCLTH Sir Aaron has 15 seconds left.\n|\n|t:|1732306010\n|move|p2a: Ursaluna|Protect|p2a: Ursaluna\n|-singleturn|p2a: Ursaluna|Protect\n|move|p1a: Dragonite|Extreme Speed|p2b: Sneasler\n|-damage|p2b: Sneasler|0 fnt\n|faint|p2b: Sneasler\n|move|p1b: Arcanine|Flare Blitz|p2a: Ursaluna\n|-activate|p2a: Ursaluna|move: Protect\n|\n|-heal|p1b: Arcanine|77\/100|[from] Grassy Terrain\n|-heal|p2a: Ursaluna|62\/100|[from] Grassy Terrain\n|-heal|p2a: Ursaluna|68\/100|[from] item: Leftovers\n|-fieldend|move: Grassy Terrain\n|upkeep\n|\n|t:|1732306019\n|switch|p2b: Dragonite|Dragonite, L50, F|100\/100\n|turn|7\n|\n|t:|1732306035\n|move|p2b: Dragonite|Protect|p2b: Dragonite\n|-singleturn|p2b: Dragonite|Protect\n|move|p1a: Dragonite|Extreme Speed|p2a: Ursaluna\n|-damage|p2a: Ursaluna|45\/100\n|move|p1b: Arcanine|Flare Blitz|p2a: Ursaluna\n|-damage|p2a: Ursaluna|8\/100\n|-damage|p1b: Arcanine|61\/100|[from] Recoil\n|move|p2a: Ursaluna|Earth Power|p1b: Arcanine\n|-supereffective|p1b: Arcanine\n|-damage|p1b: Arcanine|0 fnt\n|faint|p1b: Arcanine\n|\n|-heal|p2a: Ursaluna|14\/100|[from] item: Leftovers\n|upkeep\n|turn|8\n|j| ni haop\n|\n|t:|1732306050\n|-terastallize|p2b: Dragonite|Fairy\n|move|p1a: Dragonite|Protect|p1a: Dragonite\n|-singleturn|p1a: Dragonite|Protect\n|move|p2b: Dragonite|Scale Shot|p1a: Dragonite\n|-activate|p1a: Dragonite|move: Protect\n|move|p2a: Ursaluna|Blood Moon|p1a: Dragonite\n|-activate|p1a: Dragonite|move: Protect\n|\n|-heal|p2a: Ursaluna|20\/100|[from] item: Leftovers\n|upkeep\n|turn|9\n|\n|t:|1732306057\n|move|p2b: Dragonite|Protect|p2b: Dragonite\n|-singleturn|p2b: Dragonite|Protect\n|move|p2a: Ursaluna|Protect|p2a: Ursaluna\n|-singleturn|p2a: Ursaluna|Protect\n|move|p1a: Dragonite|Extreme Speed|p2a: Ursaluna\n|-activate|p2a: Ursaluna|move: Protect\n|\n|-heal|p2a: Ursaluna|26\/100|[from] item: Leftovers\n|upkeep\n|turn|10\n|-message|VGCLTH Sir Aaron forfeited.\n|\n|win|alumilana\n|raw|VGCLTH Sir Aaron's rating: 1699 &rarr; <strong>1681<\/strong><br \/>(-18 for losing)\n|raw|alumilana's rating: 1727 &rarr; <strong>1745<\/strong><br \/>(+18 for winning)\n|l|\u203dalumilana\n|player|p2|\n|l| zxc123zxc\n|l| Therazer456\n|l| ni haop\n","uploadtime":1732306233,"views":9,"formatid":"gen9vgc2024regh","rating":1681,"private":0,"password":null}