{"id":"gen9vgc2024regh-2249173729","format":"[Gen 9] VGC 2024 Reg H","players":["Bjorn1425","VGCLTH Python"],"log":"|j|\u2606Bjorn1425\n|j|\u2606VGCLTH Python\n|t:|1732307219\n|gametype|doubles\n|player|p1|Bjorn1425|101|1749\n|player|p2|VGCLTH Python|yellow|1749\n|teamsize|p1|6\n|teamsize|p2|6\n|gen|9\n|tier|[Gen 9] VGC 2024 Reg H\n|rated|\n|rule|Species Clause: Limit one of each Pok\u00e9mon\n|rule|Item Clause: Limit 1 of each item\n|clearpoke\n|poke|p1|Gholdengo, L50|\n|poke|p1|Incineroar, L50, M|\n|poke|p1|Sneasler, L50, F|\n|poke|p1|Dragonite, L50, M|\n|poke|p1|Amoonguss, L50, M|\n|poke|p1|Ursaluna-Bloodmoon, L50, M|\n|poke|p2|Volcarona, L50, F|\n|poke|p2|Breloom, L50, F|\n|poke|p2|Gholdengo, L50|\n|poke|p2|Electabuzz, L50, M|\n|poke|p2|Gastrodon, L50, M|\n|poke|p2|Dragonite, L50, F|\n|teampreview|4\n|\n|t:|1732307238\n|start\n|switch|p1a: Dragonite|Dragonite, L50, M|100\/100\n|switch|p1b: Incineroar|Incineroar, L50, M, shiny|100\/100\n|switch|p2a: Volcarona|Volcarona, L50, F|100\/100\n|switch|p2b: Electabuzz|Electabuzz, L50, M|100\/100\n|-ability|p1b: Incineroar|Intimidate|boost\n|-unboost|p2a: Volcarona|atk|1\n|-unboost|p2b: Electabuzz|atk|1\n|turn|1\n|\n|t:|1732307244\n|move|p2a: Volcarona|Protect|p2a: Volcarona\n|-singleturn|p2a: Volcarona|Protect\n|move|p2b: Electabuzz|Protect|p2b: Electabuzz\n|-singleturn|p2b: Electabuzz|Protect\n|move|p1b: Incineroar|Fake Out|p2a: Volcarona\n|-activate|p2a: Volcarona|move: Protect\n|move|p1a: Dragonite|Tailwind|p1a: Dragonite\n|-sidestart|p1: Bjorn1425|move: Tailwind\n|\n|upkeep\n|turn|2\n|j| Sheepie_Sheep1\n|\n|t:|1732307251\n|move|p2b: Electabuzz|Follow Me|p2b: Electabuzz\n|-singleturn|p2b: Electabuzz|move: Follow Me\n|move|p1a: Dragonite|Scale Shot|p2b: Electabuzz\n|-damage|p2b: Electabuzz|88\/100\n|-damage|p2b: Electabuzz|75\/100\n|-damage|p2b: Electabuzz|63\/100\n|-damage|p2b: Electabuzz|50\/100\n|-crit|p2b: Electabuzz\n|-damage|p2b: Electabuzz|30\/100\n|-hitcount|p2b: Electabuzz|5\n|-unboost|p1a: Dragonite|def|1\n|-boost|p1a: Dragonite|spe|1\n|move|p1b: Incineroar|Parting Shot|p2b: Electabuzz\n|-unboost|p2b: Electabuzz|atk|1\n|-unboost|p2b: Electabuzz|spa|1\n|\n|t:|1732307265\n|switch|p1b: Ursaluna|Ursaluna-Bloodmoon, L50, M|100\/100|[from] Parting Shot\n|move|p2a: Volcarona|Quiver Dance|p2a: Volcarona\n|-boost|p2a: Volcarona|spa|1\n|-boost|p2a: Volcarona|spd|1\n|-boost|p2a: Volcarona|spe|1\n|\n|upkeep\n|turn|3\n|\n|t:|1732307273\n|-terastallize|p1b: Ursaluna|Normal\n|move|p2a: Volcarona|Protect|p2a: Volcarona\n|-singleturn|p2a: Volcarona|Protect\n|move|p2b: Electabuzz|Protect|p2b: Electabuzz\n|-singleturn|p2b: Electabuzz|Protect\n|move|p1a: Dragonite|Haze|p1a: Dragonite\n|-clearallboost\n|move|p1b: Ursaluna|Hyper Voice|p2a: Volcarona|[spread] \n|-activate|p2a: Volcarona|move: Protect\n|-activate|p2b: Electabuzz|move: Protect\n|\n|upkeep\n|turn|4\n|j| Therazer456\n|j| lpsu9\n|\n|t:|1732307308\n|switch|p2a: Gastrodon|Gastrodon, L50, M|100\/100\n|move|p2b: Electabuzz|Protect||[still]\n|-fail|p2b: Electabuzz\n|move|p1a: Dragonite|Scale Shot|p2b: Electabuzz\n|-damage|p2b: Electabuzz|17\/100\n|-damage|p2b: Electabuzz|6\/100\n|-damage|p2b: Electabuzz|0 fnt\n|faint|p2b: Electabuzz\n|-hitcount|p2: Electabuzz|3\n|-unboost|p1a: Dragonite|def|1\n|-boost|p1a: Dragonite|spe|1\n|move|p1b: Ursaluna|Blood Moon|p2a: Gastrodon\n|-damage|p2a: Gastrodon|12\/100\n|-enditem|p2a: Gastrodon|Sitrus Berry|[eat]\n|-heal|p2a: Gastrodon|37\/100|[from] item: Sitrus Berry\n|\n|-sideend|p1: Bjorn1425|move: Tailwind\n|upkeep\n|l| lpsu9\n|\n|t:|1732307347\n|switch|p2b: Volcarona|Volcarona, L50, F|100\/100\n|turn|5\n|\n|t:|1732307358\n|-terastallize|p2b: Volcarona|Fairy\n|move|p1a: Dragonite|Tailwind|p1a: Dragonite\n|-sidestart|p1: Bjorn1425|move: Tailwind\n|move|p1b: Ursaluna|Hyper Voice|p2a: Gastrodon|[spread] p2a,p2b\n|-damage|p2a: Gastrodon|0 fnt\n|-damage|p2b: Volcarona|48\/100\n|faint|p2a: Gastrodon\n|move|p2b: Volcarona|Quiver Dance|p2b: Volcarona\n|-boost|p2b: Volcarona|spa|1\n|-boost|p2b: Volcarona|spd|1\n|-boost|p2b: Volcarona|spe|1\n|\n|-heal|p2b: Volcarona|54\/100|[from] item: Leftovers\n|upkeep\n|\n|t:|1732307364\n|switch|p2a: Dragonite|Dragonite, L50, F|100\/100\n|turn|6\n|\n|t:|1732307382\n|move|p1a: Dragonite|Scale Shot|p2a: Dragonite\n|-supereffective|p2a: Dragonite\n|-damage|p2a: Dragonite|71\/100\n|-supereffective|p2a: Dragonite\n|-damage|p2a: Dragonite|41\/100\n|-supereffective|p2a: Dragonite\n|-damage|p2a: Dragonite|9\/100\n|-supereffective|p2a: Dragonite\n|-damage|p2a: Dragonite|0 fnt\n|faint|p2a: Dragonite\n|-hitcount|p2: Dragonite|4\n|-unboost|p1a: Dragonite|def|1\n|-boost|p1a: Dragonite|spe|1\n|move|p2b: Volcarona|Tera Blast|p1a: Dragonite|[anim] Tera Blast Fairy\n|-supereffective|p1a: Dragonite\n|-damage|p1a: Dragonite|39\/100\n|move|p1b: Ursaluna|Blood Moon|p2b: Volcarona\n|-damage|p2b: Volcarona|0 fnt\n|faint|p2b: Volcarona\n|\n|win|Bjorn1425\n|raw|Bjorn1425's rating: 1749 &rarr; <strong>1770<\/strong><br \/>(+21 for winning)\n|raw|VGCLTH Python's rating: 1773 &rarr; <strong>1752<\/strong><br \/>(-21 for losing)\n|l|\u2606VGCLTH Python\n|player|p2|\n|l|\u2606Bjorn1425\n|player|p1|\n|l| Sheepie_Sheep1\n","uploadtime":1732307634,"views":7,"formatid":"gen9vgc2024regh","rating":1752,"private":0,"password":null}