{"id":"gen9vgc2024regh-2249620869","format":"[Gen 9] VGC 2024 Reg H","players":["code_anish","VGCLTH WitchMag"],"log":"|badge|p1|bronze|gen9doublesou|100-3\n|uhtml|medal-msg|<div class=\"broadcast-blue\">Curious what those medals under the avatar are? PS now has Ladder Seasons! For more information, check out the <a href=\"https:\/\/www.smogon.com\/forums\/threads\/3740067\/\">thread on Smogon.<\/a><\/div>\n|j|\u2606code_anish\n|j|\u2606VGCLTH WitchMag\n|t:|1732378195\n|gametype|doubles\n|player|p1|code_anish|yellow|1707\n|player|p2|VGCLTH WitchMag|cynthia-masters|1701\n|teamsize|p1|6\n|teamsize|p2|6\n|gen|9\n|tier|[Gen 9] VGC 2024 Reg H\n|rated|\n|rule|Species Clause: Limit one of each Pok\u00e9mon\n|rule|Item Clause: Limit 1 of each item\n|clearpoke\n|poke|p1|Indeedee-F, L50, F|\n|poke|p1|Gallade, L50, M|\n|poke|p1|Torkoal, L50, M|\n|poke|p1|Ursaluna, L50, M|\n|poke|p1|Exeggutor, L50, F|\n|poke|p1|Zoroark-Hisui, L50, F|\n|poke|p2|Glimmora, L50, M|\n|poke|p2|Gholdengo, L50|\n|poke|p2|Garchomp, L50, F|\n|poke|p2|Talonflame, L50, F|\n|poke|p2|Rillaboom, L50, M|\n|poke|p2|Primarina, L50, F|\n|teampreview|4\n|\n|t:|1732378242\n|start\n|switch|p1a: Gallade|Gallade, L50, M|100\/100\n|switch|p1b: Indeedee|Indeedee-F, L50, F|100\/100\n|switch|p2a: Penelope|Gholdengo, L50|100\/100\n|switch|p2b: Odysseus|Talonflame, L50, F|100\/100\n|-fieldstart|move: Psychic Terrain|[from] ability: Psychic Surge|[of] p1b: Indeedee\n|turn|1\n|j| llefface\n|c| llefface|\/me is eating popcorn\n|c| llefface|good luck chaps\n|c|\u2606code_anish|gimme some\n|j| volcaronavgc\n|j| FBIAltMan\n|c| volcaronavgc|LOL\n|c| volcaronavgc|i need some too\n|c|\u2606VGCLTH WitchMag|\/me screams internally\n|j| Oreo_Stars\n|c| llefface|\/me hands some popcorn over to all the viewers\n|\n|t:|1732378280\n|-terastallize|p2a: Penelope|Steel\n|move|p1a: Gallade|Wide Guard|p1a: Gallade\n|-singleturn|p1a: Gallade|Wide Guard\n|move|p2b: Odysseus|Taunt|p1b: Indeedee\n|-start|p1b: Indeedee|move: Taunt\n|move|p2a: Penelope|Make It Rain|p1b: Indeedee|[spread] \n|-activate|p1a: Gallade|move: Wide Guard\n|-activate|p1b: Indeedee|move: Wide Guard\n|cant|p1b: Indeedee|move: Taunt|Trick Room\n|\n|upkeep\n|turn|2\n|\n|t:|1732378295\n|switch|p1b: Torkoal|Torkoal, L50, M|100\/100\n|-weather|SunnyDay|[from] ability: Drought|[of] p1b: Torkoal\n|move|p1a: Gallade|Wide Guard|p1a: Gallade\n|-singleturn|p1a: Gallade|Wide Guard\n|move|p2b: Odysseus|Taunt|p1a: Gallade\n|-start|p1a: Gallade|move: Taunt\n|move|p2a: Penelope|Make It Rain|p1b: Torkoal|[spread] \n|-activate|p1a: Gallade|move: Wide Guard\n|-activate|p1b: Torkoal|move: Wide Guard\n|\n|-weather|SunnyDay|[upkeep]\n|upkeep\n|turn|3\n|j| VGCLTH R0gue\n|\n|t:|1732378317\n|switch|p1a: Exeggutor|Exeggutor, L50, F|100\/100\n|move|p2b: Odysseus|Will-O-Wisp|p1a: Exeggutor\n|-status|p1a: Exeggutor|brn\n|move|p2a: Penelope|Make It Rain|p1a: Exeggutor|[spread] p1a,p1b\n|-resisted|p1b: Torkoal\n|-enditem|p1a: Exeggutor|Focus Sash\n|-damage|p1a: Exeggutor|1\/100 brn\n|-damage|p1b: Torkoal|35\/100\n|-unboost|p2a: Penelope|spa|1\n|move|p1b: Torkoal|Weather Ball|p2a: Penelope\n|-supereffective|p2a: Penelope\n|-damage|p2a: Penelope|0 fnt\n|faint|p2a: Penelope\n|\n|-weather|SunnyDay|[upkeep]\n|-damage|p1a: Exeggutor|0 fnt|[from] brn\n|faint|p1a: Exeggutor\n|upkeep\n|\n|t:|1732378344\n|switch|p2a: Sirens|Primarina, L50, F|100\/100\n|switch|p1a: Indeedee|Indeedee-F, L50, F|100\/100\n|turn|4\n|\n|t:|1732378361\n|switch|p1a: Gallade|Gallade, L50, M|100\/100\n|move|p2b: Odysseus|Taunt|p1a: Gallade\n|-start|p1a: Gallade|move: Taunt\n|move|p2a: Sirens|Hyper Voice|p1a: Gallade|[spread] p1a,p1b\n|-supereffective|p1b: Torkoal\n|-damage|p1a: Gallade|88\/100\n|-damage|p1b: Torkoal|0 fnt\n|faint|p1b: Torkoal\n|-enditem|p2a: Sirens|Throat Spray\n|-boost|p2a: Sirens|spa|1|[from] item: Throat Spray\n|\n|-weather|SunnyDay|[upkeep]\n|upkeep\n|\n|t:|1732378364\n|switch|p1b: Indeedee|Indeedee-F, L50, F|100\/100\n|turn|5\n|c|\u2606code_anish|oh lord this gallade is slow\n|c|\u2606code_anish|cooked\n|c|\u2606VGCLTH WitchMag|lol\n|-message|code_anish forfeited.\n|\n|win|VGCLTH WitchMag\n|raw|code_anish's rating: 1707 &rarr; <strong>1687<\/strong><br \/>(-20 for losing)\n|raw|VGCLTH WitchMag's rating: 1701 &rarr; <strong>1721<\/strong><br \/>(+20 for winning)\n|c|\u2606VGCLTH WitchMag|ive used 3 tuants\n|c| volcaronavgc|in vgc crzy\n|c| volcaronavgc|in any other forma\n|c| volcaronavgc|t\n|c| volcaronavgc|not as crzy\n|l| volcaronavgc\n|l|\u2606code_anish\n|player|p1|\n|l|\u2606VGCLTH WitchMag\n|player|p2|\n|l| FBIAltMan\n|l| Oreo_Stars\n|l| llefface\n","uploadtime":1732378548,"views":16,"formatid":"gen9vgc2024regh","rating":1687,"private":0,"password":null}