{"id":"gen9vgc2024regh-2249871090","format":"[Gen 9] VGC 2024 Reg H","players":["emu2567","elvegis1"],"log":"|j|\u2606emu2567\n|j|\u2606elvegis1\n|t:|1732410162\n|gametype|doubles\n|player|p1|emu2567|acetrainerf|1763\n|player|p2|elvegis1|lucas|1677\n|teamsize|p1|6\n|teamsize|p2|6\n|gen|9\n|tier|[Gen 9] VGC 2024 Reg H\n|rated|\n|rule|Species Clause: Limit one of each Pok\u00e9mon\n|rule|Item Clause: Limit 1 of each item\n|clearpoke\n|poke|p1|Gastrodon, L50, F|\n|poke|p1|Farigiraf, L50, M|\n|poke|p1|Grimmsnarl, L50, M|\n|poke|p1|Annihilape, L50, F|\n|poke|p1|Incineroar, L50, F|\n|poke|p1|Ursaluna-Bloodmoon, L50, M|\n|poke|p2|Incineroar, L50, M|\n|poke|p2|Gholdengo, L50|\n|poke|p2|Dondozo, L50, M|\n|poke|p2|Magnezone, L50|\n|poke|p2|Ursaluna, L50, F|\n|poke|p2|Dusclops, L50, F|\n|teampreview|4\n|inactive|Battle timer is ON: inactive players will automatically lose when time's up. (requested by elvegis1)\n|inactive|elvegis1 has 60 seconds left.\n|\n|t:|1732410201\n|start\n|switch|p1a: Farigiraf|Farigiraf, L50, M|100\/100\n|switch|p1b: Incineroar|Incineroar, L50, F|100\/100\n|switch|p2a: Dondozo|Dondozo, L50, M|100\/100\n|switch|p2b: Gholdengo|Gholdengo, L50|100\/100\n|turn|1\n|\n|t:|1732410221\n|move|p2b: Gholdengo|Protect|p2b: Gholdengo\n|-singleturn|p2b: Gholdengo|Protect\n|move|p1b: Incineroar|Knock Off|p2a: Dondozo\n|-damage|p2a: Dondozo|68\/100\n|-enditem|p2a: Dondozo|Leftovers|[from] move: Knock Off|[of] p1b: Incineroar\n|move|p2a: Dondozo|Yawn|p1b: Incineroar\n|-start|p1b: Incineroar|move: Yawn|[of] p2a: Dondozo\n|move|p1a: Farigiraf|Trick Room|p1a: Farigiraf\n|-fieldstart|move: Trick Room|[of] p1a: Farigiraf\n|\n|upkeep\n|turn|2\n|inactive|emu2567 has 30 seconds left.\n|inactive|elvegis1 has 30 seconds left.\n|\n|t:|1732410255\n|switch|p1b: Ursaluna|Ursaluna-Bloodmoon, L50, M|100\/100\n|switch|p2b: Ursaluna|Ursaluna, L50, F|100\/100\n|move|p2a: Dondozo|Yawn|p1a: Farigiraf\n|-start|p1a: Farigiraf|move: Yawn|[of] p2a: Dondozo\n|move|p1a: Farigiraf|Psychic Noise|p2a: Dondozo\n|-damage|p2a: Dondozo|47\/100\n|-start|p2a: Dondozo|move: Heal Block\n|\n|-status|p2b: Ursaluna|brn|[from] item: Flame Orb\n|upkeep\n|turn|3\n|\n|t:|1732410275\n|switch|p1a: Annihilape|Annihilape, L50, F|100\/100\n|-terastallize|p1b: Ursaluna|Normal\n|move|p1b: Ursaluna|Hyper Voice|p2b: Ursaluna|[spread] p2a,p2b\n|-damage|p2a: Dondozo|0 fnt\n|-damage|p2b: Ursaluna|43\/100 brn\n|faint|p2a: Dondozo\n|move|p2b: Ursaluna|Facade|p1b: Ursaluna\n|-damage|p1b: Ursaluna|13\/100\n|\n|-damage|p2b: Ursaluna|37\/100 brn|[from] brn\n|upkeep\n|\n|t:|1732410283\n|switch|p2a: Dusclops|Dusclops, L50, F|100\/100\n|-item|p1a: Annihilape|Safety Goggles|[from] ability: Frisk|[of] p2a: Dusclops\n|-item|p1b: Ursaluna|Choice Specs|[from] ability: Frisk|[of] p2a: Dusclops\n|turn|4\n|\n|t:|1732410307\n|move|p2b: Ursaluna|Protect|p2b: Ursaluna\n|-singleturn|p2b: Ursaluna|Protect\n|move|p2a: Dusclops|Will-O-Wisp|p1b: Ursaluna\n|-status|p1b: Ursaluna|brn\n|move|p1b: Ursaluna|Hyper Voice|p2b: Ursaluna|[spread] p2a\n|-activate|p2b: Ursaluna|move: Protect\n|-damage|p2a: Dusclops|56\/100\n|move|p1a: Annihilape|Drain Punch|p2b: Ursaluna\n|-activate|p2b: Ursaluna|move: Protect\n|\n|-damage|p1b: Ursaluna|7\/100 brn|[from] brn\n|-damage|p2b: Ursaluna|31\/100 brn|[from] brn\n|upkeep\n|turn|5\n|\n|t:|1732410328\n|switch|p2b: Gholdengo|Gholdengo, L50|100\/100\n|move|p2a: Dusclops|Pain Split|p1a: Annihilape\n|-sethp|p1a: Annihilape|69\/100|[from] move: Pain Split|[silent]\n|-sethp|p2a: Dusclops|100\/100|[from] move: Pain Split\n|move|p1b: Ursaluna|Hyper Voice|p2a: Dusclops|[spread] p2a,p2b\n|-resisted|p2b: Gholdengo\n|-damage|p2a: Dusclops|62\/100\n|-damage|p2b: Gholdengo|57\/100\n|move|p1a: Annihilape|Substitute|p1a: Annihilape\n|-start|p1a: Annihilape|Substitute\n|-damage|p1a: Annihilape|44\/100\n|\n|-damage|p1b: Ursaluna|0 fnt|[from] brn\n|faint|p1b: Ursaluna\n|-fieldend|move: Trick Room\n|upkeep\n|j| Therazer456\n|\n|t:|1732410347\n|switch|p1b: Incineroar|Incineroar, L50, F|100\/100\n|turn|6\n|j| bluestraggler02\n|\n|t:|1732410359\n|-terastallize|p2a: Dusclops|Dragon\n|move|p2b: Gholdengo|Make It Rain|p1b: Incineroar|[spread] p1a,p1b\n|-end|p1a: Annihilape|Substitute\n|-resisted|p1b: Incineroar\n|-damage|p1b: Incineroar|74\/100\n|-unboost|p2b: Gholdengo|spa|1\n|move|p1a: Annihilape|Rage Fist|p2b: Gholdengo\n|-supereffective|p2b: Gholdengo\n|-damage|p2b: Gholdengo|4\/100\n|move|p1b: Incineroar|Knock Off|p2a: Dusclops\n|-damage|p2a: Dusclops|30\/100\n|-enditem|p2a: Dusclops|Eviolite|[from] move: Knock Off|[of] p1b: Incineroar\n|move|p2a: Dusclops|Trick Room|p2a: Dusclops\n|-fieldstart|move: Trick Room|[of] p2a: Dusclops\n|\n|upkeep\n|turn|7\n|inactive|emu2567 has 30 seconds left.\n|inactive|emu2567 has 20 seconds left.\n|inactive|emu2567 has 15 seconds left.\n|inactive|emu2567 has 10 seconds left.\n|inactive|emu2567 has 5 seconds left.\n|\n|t:|1732410410\n|switch|p1b: Farigiraf|Farigiraf, L50, M|100\/100\n|move|p2a: Dusclops|Pain Split|p1b: Farigiraf\n|-sethp|p1b: Farigiraf|60\/100|[from] move: Pain Split|[silent]\n|-sethp|p2a: Dusclops|92\/100|[from] move: Pain Split\n|move|p1a: Annihilape|Rage Fist|p2b: Gholdengo\n|-supereffective|p2b: Gholdengo\n|-damage|p2b: Gholdengo|0 fnt\n|faint|p2b: Gholdengo\n|\n|upkeep\n|\n|t:|1732410418\n|switch|p2b: Ursaluna|Ursaluna, L50, F|31\/100 brn\n|turn|8\n|\n|t:|1732410429\n|move|p2a: Dusclops|Will-O-Wisp|p1a: Annihilape\n|-status|p1a: Annihilape|brn\n|move|p2b: Ursaluna|Earthquake|p1a: Annihilape|[spread] p2a,p1a,p1b\n|-crit|p1b: Farigiraf\n|-damage|p2a: Dusclops|32\/100\n|-damage|p1a: Annihilape|0 fnt\n|-damage|p1b: Farigiraf|0 fnt\n|faint|p1a: Annihilape\n|faint|p1b: Farigiraf\n|\n|-damage|p2b: Ursaluna|26\/100 brn|[from] brn\n|upkeep\n|l| Therazer456\n|\n|t:|1732410442\n|switch|p1b: Incineroar|Incineroar, L50, F|74\/100\n|turn|9\n|\n|t:|1732410460\n|move|p2a: Dusclops|Pain Split|p1b: Incineroar\n|-sethp|p1b: Incineroar|49\/100|[from] move: Pain Split|[silent]\n|-sethp|p2a: Dusclops|66\/100|[from] move: Pain Split\n|move|p1b: Incineroar|Flare Blitz|p2b: Ursaluna\n|-damage|p2b: Ursaluna|0 fnt\n|faint|p2b: Ursaluna\n|-damage|p1b: Incineroar|40\/100|[from] Recoil\n|\n|upkeep\n|turn|10\n|\n|t:|1732410473\n|move|p2a: Dusclops|Night Shade|p1b: Incineroar\n|-damage|p1b: Incineroar|15\/100\n|move|p1b: Incineroar|Knock Off|p2a: Dusclops\n|-damage|p2a: Dusclops|34\/100\n|\n|-fieldend|move: Trick Room\n|upkeep\n|turn|11\n|\n|t:|1732410484\n|move|p1b: Incineroar|Flare Blitz|p2a: Dusclops\n|-resisted|p2a: Dusclops\n|-crit|p2a: Dusclops\n|-damage|p2a: Dusclops|0 fnt\n|faint|p2a: Dusclops\n|-damage|p1b: Incineroar|7\/100|[from] Recoil\n|\n|win|emu2567\n|raw|emu2567's rating: 1763 &rarr; <strong>1778<\/strong><br \/>(+15 for winning)\n|raw|elvegis1's rating: 1677 &rarr; <strong>1662<\/strong><br \/>(-15 for losing)\n|l|\u2606emu2567\n|player|p1|\n|l|\u2606elvegis1\n|player|p2|\n|l| bluestraggler02\n","uploadtime":1732410727,"views":7,"formatid":"gen9vgc2024regh","rating":1662,"private":0,"password":null}