{"id":"gen9vgc2024regh-2249634085","format":"[Gen 9] VGC 2024 Reg H","players":["Celestia74","VGCLTH Slow"],"log":"|raw|<div class=\"broadcast-blue\"><strong>This battle is required to be public due to a player having a name starting with 'vgclth'.<\/div>\n|j|\u2606Celestia74\n|j|\u2606VGCLTH Slow\n|t:|1732379946\n|gametype|doubles\n|player|p1|Celestia74|mai|1699\n|player|p2|VGCLTH Slow|skier|1686\n|teamsize|p1|6\n|teamsize|p2|6\n|gen|9\n|tier|[Gen 9] VGC 2024 Reg H\n|rated|\n|rule|Species Clause: Limit one of each Pok\u00e9mon\n|rule|Item Clause: Limit 1 of each item\n|clearpoke\n|poke|p1|Sneasel-Hisui, L50, F|\n|poke|p1|Kingambit, L50, M|\n|poke|p1|Primarina, L50, M|\n|poke|p1|Rillaboom, L50, F|\n|poke|p1|Ceruledge, L50, F|\n|poke|p1|Indeedee, L50, M|\n|poke|p2|Sableye, L50, F|\n|poke|p2|Sylveon, L50, M|\n|poke|p2|Maushold-Four, L50|\n|poke|p2|Volcarona, L50, F|\n|poke|p2|Rillaboom, L50, F|\n|poke|p2|Annihilape, L50, M|\n|teampreview|4\n|inactive|Battle timer is ON: inactive players will automatically lose when time's up. (requested by Celestia74)\n|c|\u2606VGCLTH Slow|This guy is cooking fr\n|c|\u2606VGCLTH Slow|Glhf\n|\n|t:|1732379970\n|start\n|switch|p1a: Sneasel|Sneasel-Hisui, L50, F, shiny|100\/100\n|switch|p1b: Indeedee|Indeedee, L50, M|100\/100\n|switch|p2a: Old Yeller|Sylveon, L50, M, shiny|100\/100\n|switch|p2b: Snowblind|Sableye, L50, F|100\/100\n|-fieldstart|move: Psychic Terrain|[from] ability: Psychic Surge|[of] p1b: Indeedee\n|turn|1\n|inactive|Celestia74 has 30 seconds left.\n|\n|t:|1732379997\n|move|p2a: Old Yeller|Protect|p2a: Old Yeller\n|-singleturn|p2a: Old Yeller|Protect\n|move|p1b: Indeedee|Dazzling Gleam|p2b: Snowblind|[spread] p2b\n|-activate|p2a: Old Yeller|move: Protect\n|-supereffective|p2b: Snowblind\n|-crit|p2b: Snowblind\n|-damage|p2b: Snowblind|27\/100\n|-enditem|p2b: Snowblind|Sitrus Berry|[eat]\n|-heal|p2b: Snowblind|52\/100|[from] item: Sitrus Berry\n|move|p1a: Sneasel|Poison Jab|p2a: Old Yeller\n|-activate|p2a: Old Yeller|move: Protect\n|move|p2b: Snowblind|Foul Play|p1b: Indeedee\n|-supereffective|p1b: Indeedee\n|-damage|p1b: Indeedee|34\/100\n|\n|upkeep\n|turn|2\n|\n|t:|1732380013\n|switch|p2a: Shamonerona|Volcarona, L50, F, shiny|100\/100\n|move|p2b: Snowblind|Disable|p1b: Indeedee\n|-activate|p1b: Indeedee|move: Psychic Terrain\n|move|p1b: Indeedee|Dazzling Gleam|p2a: Shamonerona|[spread] p2a,p2b\n|-resisted|p2a: Shamonerona\n|-supereffective|p2b: Snowblind\n|-damage|p2a: Shamonerona|92\/100\n|-damage|p2b: Snowblind|5\/100\n|move|p1a: Sneasel|Poison Jab|p2b: Snowblind\n|-resisted|p2b: Snowblind\n|-damage|p2b: Snowblind|0 fnt\n|faint|p2b: Snowblind\n|\n|upkeep\n|\n|t:|1732380021\n|switch|p2b: Koko The Gorythmic|Rillaboom, L50, F|100\/100\n|-fieldstart|move: Grassy Terrain|[from] ability: Grassy Surge|[of] p2b: Koko The Gorythmic\n|turn|3\n|c|\u2606VGCLTH Slow|Loool\n|\n|t:|1732380028\n|switch|p1b: Ceruledge|Ceruledge, L50, F, shiny|100\/100\n|move|p2b: Koko The Gorythmic|Fake Out|p1a: Sneasel\n|-damage|p1a: Sneasel|78\/100\n|move|p1a: Sneasel|Poison Jab|p2b: Koko The Gorythmic\n|-supereffective|p2b: Koko The Gorythmic\n|-damage|p2b: Koko The Gorythmic|36\/100\n|move|p2a: Shamonerona|Quiver Dance|p2a: Shamonerona\n|-boost|p2a: Shamonerona|spa|1\n|-boost|p2a: Shamonerona|spd|1\n|-boost|p2a: Shamonerona|spe|1\n|\n|-heal|p2a: Shamonerona|98\/100|[from] Grassy Terrain\n|-heal|p1a: Sneasel|84\/100|[from] Grassy Terrain\n|-heal|p2b: Koko The Gorythmic|42\/100|[from] Grassy Terrain\n|upkeep\n|turn|4\n|c|\u2606VGCLTH Slow|im so dumb\n|\n|t:|1732380042\n|-terastallize|p2b: Koko The Gorythmic|Fire\n|move|p2a: Shamonerona|Quiver Dance|p2a: Shamonerona\n|-boost|p2a: Shamonerona|spa|1\n|-boost|p2a: Shamonerona|spd|1\n|-boost|p2a: Shamonerona|spe|1\n|move|p1a: Sneasel|Sunny Day|p1a: Sneasel\n|-weather|SunnyDay\n|move|p2b: Koko The Gorythmic|High Horsepower|p1b: Ceruledge\n|-supereffective|p1b: Ceruledge\n|-damage|p1b: Ceruledge|41\/100\n|move|p1b: Ceruledge|Bitter Blade|p2a: Shamonerona\n|-damage|p2a: Shamonerona|29\/100\n|-heal|p1b: Ceruledge|81\/100|[from] drain|[of] p2a: Shamonerona\n|\n|-weather|SunnyDay|[upkeep]\n|-heal|p2a: Shamonerona|35\/100|[from] Grassy Terrain\n|-heal|p1a: Sneasel|90\/100|[from] Grassy Terrain\n|-heal|p2b: Koko The Gorythmic|48\/100|[from] Grassy Terrain\n|-heal|p1b: Ceruledge|87\/100|[from] Grassy Terrain\n|-heal|p1b: Ceruledge|93\/100|[from] item: Leftovers\n|upkeep\n|turn|5\n|\n|t:|1732380063\n|move|p1a: Sneasel|Protect|p1a: Sneasel\n|-singleturn|p1a: Sneasel|Protect\n|move|p2a: Shamonerona|Giga Drain|p1b: Ceruledge\n|-resisted|p1b: Ceruledge\n|-damage|p1b: Ceruledge|56\/100\n|-heal|p2a: Shamonerona|52\/100|[from] drain|[of] p1b: Ceruledge\n|move|p2b: Koko The Gorythmic|High Horsepower|p1b: Ceruledge|[miss]\n|-miss|p2b: Koko The Gorythmic|p1b: Ceruledge\n|move|p1b: Ceruledge|Bitter Blade|p2a: Shamonerona\n|-damage|p2a: Shamonerona|0 fnt\n|-heal|p1b: Ceruledge|85\/100|[from] drain|[of] p2a: Shamonerona\n|faint|p2a: Shamonerona\n|\n|-weather|SunnyDay|[upkeep]\n|-heal|p1a: Sneasel|96\/100|[from] Grassy Terrain\n|-heal|p2b: Koko The Gorythmic|54\/100|[from] Grassy Terrain\n|-heal|p1b: Ceruledge|91\/100|[from] Grassy Terrain\n|-heal|p1b: Ceruledge|97\/100|[from] item: Leftovers\n|upkeep\n|j| Fallastest\n|\n|t:|1732380072\n|switch|p2a: Old Yeller|Sylveon, L50, M, shiny|100\/100\n|turn|6\n|l| Fallastest\n|\n|t:|1732380087\n|move|p1b: Ceruledge|Protect|p1b: Ceruledge\n|-singleturn|p1b: Ceruledge|Protect\n|move|p1a: Sneasel|Poison Jab|p2b: Koko The Gorythmic\n|-damage|p2b: Koko The Gorythmic|24\/100\n|-status|p2b: Koko The Gorythmic|psn\n|move|p2b: Koko The Gorythmic|High Horsepower|p1b: Ceruledge\n|-activate|p1b: Ceruledge|move: Protect\n|move|p2a: Old Yeller|Hyper Voice|p1b: Ceruledge|[spread] p1a\n|-activate|p1b: Ceruledge|move: Protect\n|-damage|p1a: Sneasel|49\/100\n|\n|-weather|SunnyDay|[upkeep]\n|-heal|p1a: Sneasel|55\/100|[from] Grassy Terrain\n|-heal|p2b: Koko The Gorythmic|30\/100 psn|[from] Grassy Terrain\n|-heal|p1b: Ceruledge|100\/100|[from] Grassy Terrain\n|-damage|p2b: Koko The Gorythmic|18\/100 psn|[from] psn\n|upkeep\n|turn|7\n|\n|t:|1732380098\n|move|p1a: Sneasel|Poison Jab|p2b: Koko The Gorythmic\n|-damage|p2b: Koko The Gorythmic|0 fnt\n|faint|p2b: Koko The Gorythmic\n|move|p1b: Ceruledge|Bitter Blade|p2a: Old Yeller\n|-damage|p2a: Old Yeller|24\/100\n|move|p2a: Old Yeller|Hyper Voice|p1b: Ceruledge|[spread] p1a,p1b\n|-resisted|p1b: Ceruledge\n|-damage|p1a: Sneasel|10\/100\n|-damage|p1b: Ceruledge|74\/100\n|\n|-weather|SunnyDay|[upkeep]\n|-heal|p1a: Sneasel|16\/100|[from] Grassy Terrain\n|-heal|p1b: Ceruledge|80\/100|[from] Grassy Terrain\n|-heal|p1b: Ceruledge|86\/100|[from] item: Leftovers\n|-heal|p2a: Old Yeller|30\/100|[from] Grassy Terrain\n|-fieldend|move: Grassy Terrain\n|upkeep\n|turn|8\n|-message|VGCLTH Slow forfeited.\n|\n|win|Celestia74\n|raw|Celestia74's rating: 1699 &rarr; <strong>1718<\/strong><br \/>(+19 for winning)\n|raw|VGCLTH Slow's rating: 1686 &rarr; <strong>1667<\/strong><br \/>(-19 for losing)\n","uploadtime":1732380104,"views":11,"formatid":"gen9vgc2024regh","rating":1667,"private":0,"password":null}