{"id":"gen9vgc2024regh-2249775063","format":"[Gen 9] VGC 2024 Reg H","players":["VGCLTH Oinge","Iouty"],"log":"|raw|<div class=\"broadcast-blue\"><strong>This battle is required to be public due to a player having a name starting with 'vgclth'.<\/div>\n|j|\u2606VGCLTH Oinge\n|j|\u2606Iouty\n|t:|1732397793\n|gametype|doubles\n|player|p1|VGCLTH Oinge|mars|1684\n|player|p2|Iouty|juan|1667\n|teamsize|p1|6\n|teamsize|p2|6\n|gen|9\n|tier|[Gen 9] VGC 2024 Reg H\n|rated|\n|rule|Species Clause: Limit one of each Pok\u00e9mon\n|rule|Item Clause: Limit 1 of each item\n|clearpoke\n|poke|p1|Armarouge, L50, M|\n|poke|p1|Indeedee-F, L50, F|\n|poke|p1|Dragapult, L50, F|\n|poke|p1|Sneasler, L50, M|\n|poke|p1|Whimsicott, L50, M|\n|poke|p1|Annihilape, L50, M|\n|poke|p2|Sneasler, L50, M|\n|poke|p2|Dragapult, L50, M|\n|poke|p2|Indeedee, L50, M|\n|poke|p2|Whimsicott, L50, M|\n|poke|p2|Magmar, L50, M|\n|poke|p2|Kingambit, L50, M|\n|teampreview|4\n|inactive|Battle timer is ON: inactive players will automatically lose when time's up. (requested by Iouty)\n|inactive|VGCLTH Oinge has 60 seconds left.\n|inactive|Iouty has 60 seconds left.\n|\n|t:|1732397852\n|start\n|switch|p1a: Whimsicott|Whimsicott, L50, M|100\/100\n|switch|p1b: Dragapult|Dragapult, L50, F|100\/100\n|switch|p2a: Sneasler|Sneasler, L50, M, shiny|100\/100\n|switch|p2b: Indeedee|Indeedee, L50, M|100\/100\n|-fieldstart|move: Psychic Terrain|[from] ability: Psychic Surge|[of] p2b: Indeedee\n|-enditem|p2a: Sneasler|Psychic Seed\n|-boost|p2a: Sneasler|spd|1|[from] item: Psychic Seed\n|turn|1\n|inactive|VGCLTH Oinge has 30 seconds left.\n|\n|t:|1732397878\n|-terastallize|p1b: Dragapult|Dragon\n|move|p1a: Whimsicott|Tailwind|p1a: Whimsicott\n|-sidestart|p1: VGCLTH Oinge|move: Tailwind\n|move|p1b: Dragapult|Dragon Darts|p2a: Sneasler\n|-damage|p2a: Sneasler|25\/100\n|-anim|p1b: Dragapult|Dragon Darts|p2b: Indeedee\n|-enditem|p2b: Indeedee|Focus Sash\n|-damage|p2b: Indeedee|1\/100\n|move|p2a: Sneasler|Throat Chop|p1b: Dragapult\n|-damage|p1b: Dragapult|59\/100\n|-start|p1b: Dragapult|Throat Chop|[silent]\n|move|p2b: Indeedee|Expanding Force|p1b: Dragapult|[spread] p1a,p1b\n|-damage|p1a: Whimsicott|14\/100\n|-damage|p1b: Dragapult|0 fnt\n|faint|p1b: Dragapult\n|\n|upkeep\n|\n|t:|1732397894\n|switch|p1b: Sneasler|Sneasler, L50, M|100\/100\n|-enditem|p1b: Sneasler|Psychic Seed\n|-boost|p1b: Sneasler|spd|1|[from] item: Psychic Seed\n|turn|2\n|\n|t:|1732397913\n|switch|p2b: Kingambit|Kingambit, L50, M, shiny|100\/100\n|move|p2a: Sneasler|Protect|p2a: Sneasler\n|-singleturn|p2a: Sneasler|Protect\n|move|p1b: Sneasler|Dire Claw|p2a: Sneasler\n|-activate|p2a: Sneasler|move: Protect\n|move|p1a: Whimsicott|Moonblast|p2b: Kingambit\n|-crit|p2b: Kingambit\n|-damage|p2b: Kingambit|68\/100\n|-unboost|p2b: Kingambit|spa|1\n|-ability|p2b: Kingambit|Defiant|boost\n|-boost|p2b: Kingambit|atk|2\n|\n|upkeep\n|turn|3\n|\n|t:|1732397934\n|-terastallize|p2b: Kingambit|Fire\n|move|p1b: Sneasler|Protect|p1b: Sneasler\n|-singleturn|p1b: Sneasler|Protect\n|move|p1a: Whimsicott|Moonblast|p2a: Sneasler\n|-damage|p2a: Sneasler|0 fnt\n|faint|p2a: Sneasler\n|move|p2b: Kingambit|Iron Head|p1b: Sneasler\n|-activate|p1b: Sneasler|move: Protect\n|\n|upkeep\n|\n|t:|1732397946\n|switch|p2a: Indeedee|Indeedee, L50, M|1\/100\n|turn|4\n|inactive|VGCLTH Oinge has 30 seconds left.\n|\n|t:|1732397972\n|move|p1b: Sneasler|Close Combat|p2b: Kingambit\n|-damage|p2b: Kingambit|20\/100\n|-unboost|p1b: Sneasler|def|1\n|-unboost|p1b: Sneasler|spd|1\n|move|p1a: Whimsicott|Moonblast|p2b: Kingambit\n|-resisted|p2b: Kingambit\n|-damage|p2b: Kingambit|11\/100\n|move|p2a: Indeedee|Expanding Force|p1a: Whimsicott|[spread] p1a,p1b\n|-supereffective|p1b: Sneasler\n|-damage|p1a: Whimsicott|0 fnt\n|-damage|p1b: Sneasler|0 fnt\n|faint|p1a: Whimsicott\n|faint|p1b: Sneasler\n|move|p2b: Kingambit|Iron Head|p1: Whimsicott|[notarget]\n|-fail|p2b: Kingambit\n|\n|-sideend|p1: VGCLTH Oinge|move: Tailwind\n|upkeep\n|\n|t:|1732397982\n|switch|p1b: Armarouge|Armarouge, L50, M|100\/100\n|turn|5\n|\n|t:|1732397997\n|move|p2a: Indeedee|Tera Blast|p1b: Armarouge\n|-damage|p1b: Armarouge|59\/100\n|move|p1b: Armarouge|Expanding Force|p2a: Indeedee|[spread] p2a,p2b\n|-resisted|p2a: Indeedee\n|-crit|p2a: Indeedee\n|-damage|p2a: Indeedee|0 fnt\n|-damage|p2b: Kingambit|0 fnt\n|faint|p2a: Indeedee\n|faint|p2b: Kingambit\n|\n|-fieldend|move: Psychic Terrain\n|upkeep\n|\n|t:|1732398004\n|switch|p2b: Dragapult|Dragapult, L50, M, shiny|100\/100\n|turn|6\n|\n|t:|1732398017\n|move|p2b: Dragapult|Outrage|p1b: Armarouge\n|-damage|p1b: Armarouge|0 fnt\n|faint|p1b: Armarouge\n|\n|win|Iouty\n|raw|VGCLTH Oinge's rating: 1684 &rarr; <strong>1663<\/strong><br \/>(-21 for losing)\n|raw|Iouty's rating: 1667 &rarr; <strong>1688<\/strong><br \/>(+21 for winning)\n|l|\u2606VGCLTH Oinge\n|player|p1|\n|l|\u2606Iouty\n|player|p2|\n","uploadtime":1732398180,"views":7,"formatid":"gen9vgc2024regh","rating":1663,"private":0,"password":null}