{"id":"gen9vgc2024regh-2249154890","format":"[Gen 9] VGC 2024 Reg H","players":["VGCLTH Sir Aaron","VGCLTH Python"],"log":"|raw|<div class=\"broadcast-blue\"><strong>This battle is required to be public due to a player having a name starting with 'vgclth'.<\/div>\n|j|\u2606VGCLTH Sir Aaron\n|j|\u2606VGCLTH Python\n|t:|1732305254\n|gametype|doubles\n|player|p1|VGCLTH Sir Aaron|red-masters3|1694\n|player|p2|VGCLTH Python|yellow|1772\n|teamsize|p1|6\n|teamsize|p2|6\n|gen|9\n|tier|[Gen 9] VGC 2024 Reg H\n|rated|\n|rule|Species Clause: Limit one of each Pok\u00e9mon\n|rule|Item Clause: Limit 1 of each item\n|clearpoke\n|poke|p1|Azumarill, L50, F|\n|poke|p1|Archaludon, L50, F|\n|poke|p1|Arcanine, L50, F|\n|poke|p1|Electabuzz, L50, M|\n|poke|p1|Rillaboom, L50, F|\n|poke|p1|Dragonite, L50, M|\n|poke|p2|Volcarona, L50, M|\n|poke|p2|Breloom, L50, F|\n|poke|p2|Gholdengo, L50|\n|poke|p2|Electabuzz, L50, F|\n|poke|p2|Gastrodon, L50, F|\n|poke|p2|Dragonite, L50, M|\n|teampreview|4\n|c|\u2606VGCLTH Python|oh\n|c|\u2606VGCLTH Python|hey\n|c|\u2606VGCLTH Sir Aaron|LOL\n|c|\u2606VGCLTH Sir Aaron|Sup Anish\n|c|\u2606VGCLTH Python|if only i couldve just kept winning\n|\n|t:|1732305309\n|start\n|switch|p1a: Azumarill|Azumarill, L50, F|100\/100\n|switch|p1b: Electabuzz|Electabuzz, L50, M|100\/100\n|switch|p2a: Volcarona|Volcarona, L50, M|100\/100\n|switch|p2b: Electabuzz|Electabuzz, L50, F|100\/100\n|turn|1\n|\n|t:|1732305324\n|move|p2b: Electabuzz|Follow Me|p2b: Electabuzz\n|-singleturn|p2b: Electabuzz|move: Follow Me\n|move|p2a: Volcarona|Quiver Dance|p2a: Volcarona\n|-boost|p2a: Volcarona|spa|1\n|-boost|p2a: Volcarona|spd|1\n|-boost|p2a: Volcarona|spe|1\n|move|p1b: Electabuzz|Electroweb|p2a: Volcarona|[spread] p2a,p2b\n|-resisted|p2b: Electabuzz\n|-damage|p2a: Volcarona|92\/100\n|-damage|p2b: Electabuzz|96\/100\n|-unboost|p2a: Volcarona|spe|1\n|-unboost|p2b: Electabuzz|spe|1\n|move|p1a: Azumarill|Belly Drum|p1a: Azumarill\n|-damage|p1a: Azumarill|50\/100\n|-setboost|p1a: Azumarill|atk|6|[from] move: Belly Drum\n|-enditem|p1a: Azumarill|Sitrus Berry|[eat]\n|-heal|p1a: Azumarill|75\/100|[from] item: Sitrus Berry\n|\n|-heal|p2a: Volcarona|98\/100|[from] item: Leftovers\n|upkeep\n|turn|2\n|\n|t:|1732305344\n|switch|p2b: Gastrodon|Gastrodon, L50, F|100\/100\n|move|p1a: Azumarill|Protect|p1a: Azumarill\n|-singleturn|p1a: Azumarill|Protect\n|move|p2a: Volcarona|Heat Wave|p1a: Azumarill|[spread] p1b\n|-activate|p1a: Azumarill|move: Protect\n|-damage|p1b: Electabuzz|67\/100\n|move|p1b: Electabuzz|Electroweb|p2b: Gastrodon|[spread] p2a\n|-immune|p2b: Gastrodon\n|-damage|p2a: Volcarona|90\/100\n|-unboost|p2a: Volcarona|spe|1\n|\n|-heal|p2a: Volcarona|96\/100|[from] item: Leftovers\n|upkeep\n|turn|3\n|j| Therazer456\n|\n|t:|1732305362\n|move|p2b: Gastrodon|Protect|p2b: Gastrodon\n|-singleturn|p2b: Gastrodon|Protect\n|move|p1b: Electabuzz|Follow Me|p1b: Electabuzz\n|-singleturn|p1b: Electabuzz|move: Follow Me\n|move|p2a: Volcarona|Heat Wave|p1a: Azumarill|[spread] p1a,p1b\n|-resisted|p1a: Azumarill\n|-damage|p1a: Azumarill|48\/100\n|-damage|p1b: Electabuzz|33\/100\n|move|p1a: Azumarill|Play Rough|p2b: Gastrodon\n|-activate|p2b: Gastrodon|move: Protect\n|\n|-heal|p2a: Volcarona|100\/100|[from] item: Leftovers\n|upkeep\n|turn|4\n|\n|t:|1732305398\n|-terastallize|p2b: Gastrodon|Poison\n|move|p1a: Azumarill|Protect|p1a: Azumarill\n|-singleturn|p1a: Azumarill|Protect\n|move|p1b: Electabuzz|Thunderbolt|p2b: Gastrodon\n|-damage|p2b: Gastrodon|76\/100\n|move|p2a: Volcarona|Quiver Dance|p2a: Volcarona\n|-boost|p2a: Volcarona|spa|1\n|-boost|p2a: Volcarona|spd|1\n|-boost|p2a: Volcarona|spe|1\n|move|p2b: Gastrodon|Earth Power|p1b: Electabuzz\n|-supereffective|p1b: Electabuzz\n|-damage|p1b: Electabuzz|0 fnt\n|faint|p1b: Electabuzz\n|\n|upkeep\n|\n|t:|1732305417\n|switch|p1b: Dragonite|Dragonite, L50, M|100\/100\n|turn|5\n|j| MinamiSimp\n|\n|t:|1732305433\n|move|p2a: Volcarona|Heat Wave|p1a: Azumarill|[spread] \n|-miss|p2a: Volcarona|p1a: Azumarill\n|-miss|p2a: Volcarona|p1b: Dragonite\n|move|p1b: Dragonite|Scale Shot|p2b: Gastrodon\n|-damage|p2b: Gastrodon|61\/100\n|-damage|p2b: Gastrodon|46\/100\n|-enditem|p2b: Gastrodon|Sitrus Berry|[eat]\n|-heal|p2b: Gastrodon|71\/100|[from] item: Sitrus Berry\n|-damage|p2b: Gastrodon|56\/100\n|-damage|p2b: Gastrodon|42\/100\n|-hitcount|p2b: Gastrodon|4\n|-unboost|p1b: Dragonite|def|1\n|-boost|p1b: Dragonite|spe|1\n|move|p1a: Azumarill|Play Rough|p2b: Gastrodon\n|-resisted|p2b: Gastrodon\n|-damage|p2b: Gastrodon|0 fnt\n|faint|p2b: Gastrodon\n|\n|upkeep\n|c|\u2606VGCLTH Python|go figure\n|\n|t:|1732305442\n|switch|p2b: Electabuzz|Electabuzz, L50, F|96\/100\n|turn|6\n|c|\u2606VGCLTH Sir Aaron|sry...\n|\n|t:|1732305464\n|move|p2b: Electabuzz|Protect|p2b: Electabuzz\n|-singleturn|p2b: Electabuzz|Protect\n|move|p1a: Azumarill|Protect|p1a: Azumarill\n|-singleturn|p1a: Azumarill|Protect\n|move|p1b: Dragonite|Scale Shot|p2b: Electabuzz\n|-activate|p2b: Electabuzz|move: Protect\n|move|p2a: Volcarona|Heat Wave|p1a: Azumarill|[spread] p1b\n|-activate|p1a: Azumarill|move: Protect\n|-resisted|p1b: Dragonite\n|-damage|p1b: Dragonite|82\/100\n|\n|upkeep\n|turn|7\n|\n|t:|1732305483\n|-terastallize|p1a: Azumarill|Water\n|move|p2a: Volcarona|Protect|p2a: Volcarona\n|-singleturn|p2a: Volcarona|Protect\n|move|p1a: Azumarill|Aqua Jet|p2a: Volcarona\n|-activate|p2a: Volcarona|move: Protect\n|move|p1b: Dragonite|Scale Shot|p2a: Volcarona\n|-activate|p2a: Volcarona|move: Protect\n|move|p2b: Electabuzz|Thunderbolt|p1a: Azumarill\n|-supereffective|p1a: Azumarill\n|-damage|p1a: Azumarill|0 fnt\n|faint|p1a: Azumarill\n|\n|upkeep\n|\n|t:|1732305488\n|switch|p1a: Arcanine|Arcanine, L50, F|100\/100\n|-ability|p1a: Arcanine|Intimidate|boost\n|-unboost|p2a: Volcarona|atk|1\n|-unboost|p2b: Electabuzz|atk|1\n|turn|8\n|\n|t:|1732305508\n|move|p2b: Electabuzz|Follow Me|p2b: Electabuzz\n|-singleturn|p2b: Electabuzz|move: Follow Me\n|move|p1b: Dragonite|Scale Shot|p2b: Electabuzz|[miss]\n|-miss|p1b: Dragonite|p2b: Electabuzz\n|move|p1a: Arcanine|Flare Blitz|p2b: Electabuzz\n|-damage|p2b: Electabuzz|49\/100\n|-damage|p1a: Arcanine|84\/100|[from] Recoil\n|move|p2a: Volcarona|Tera Blast|p1b: Dragonite\n|-damage|p1b: Dragonite|28\/100\n|\n|upkeep\n|turn|9\n|c|\u2606VGCLTH Python|sry\n|c|\u2606VGCLTH Python|but also fair\n|\n|t:|1732305534\n|move|p2b: Electabuzz|Follow Me|p2b: Electabuzz\n|-singleturn|p2b: Electabuzz|move: Follow Me\n|move|p1b: Dragonite|Haze|p1b: Dragonite\n|-clearallboost\n|move|p1a: Arcanine|Flare Blitz|p2b: Electabuzz\n|-damage|p2b: Electabuzz|5\/100\n|-damage|p1a: Arcanine|69\/100|[from] Recoil\n|move|p2a: Volcarona|Tera Blast|p1b: Dragonite\n|-damage|p1b: Dragonite|0 fnt\n|faint|p1b: Dragonite\n|\n|upkeep\n|turn|10\n|c|\u2606VGCLTH Sir Aaron|Yeah\n|\n|t:|1732305558\n|move|p1a: Arcanine|Flare Blitz|p2b: Electabuzz\n|-damage|p2b: Electabuzz|0 fnt\n|faint|p2b: Electabuzz\n|-damage|p1a: Arcanine|68\/100|[from] Recoil\n|move|p2a: Volcarona|Tera Blast|p1a: Arcanine\n|-damage|p1a: Arcanine|31\/100\n|\n|upkeep\n|j| Bricks and Steel\n|\n|t:|1732305562\n|switch|p2b: Dragonite|Dragonite, L50, M|100\/100\n|turn|11\n|c|\u2606VGCLTH Sir Aaron|ggs\n|c|\u2606VGCLTH Python|ggs\n|-message|VGCLTH Sir Aaron forfeited.\n|\n|win|VGCLTH Python\n|raw|VGCLTH Sir Aaron's rating: 1694 &rarr; <strong>1678<\/strong><br \/>(-16 for losing)\n|raw|VGCLTH Python's rating: 1772 &rarr; <strong>1788<\/strong><br \/>(+16 for winning)\n|l| Therazer456\n|l|\u2606VGCLTH Python\n|player|p2|\n|l| Bricks and Steel\n","uploadtime":1732305812,"views":6,"formatid":"gen9vgc2024regh","rating":1678,"private":0,"password":null}