{"id":"gen9vgc2024regh-2249676881","format":"[Gen 9] VGC 2024 Reg H","players":["Djjwjwwjj","actuary97"],"log":"|j|\u2606Djjwjwwjj\n|j|\u2606actuary97\n|t:|1732385418\n|gametype|doubles\n|player|p1|Djjwjwwjj|170|1761\n|player|p2|actuary97|sabrina-frlg|1827\n|teamsize|p1|6\n|teamsize|p2|6\n|gen|9\n|tier|[Gen 9] VGC 2024 Reg H\n|rated|\n|rule|Species Clause: Limit one of each Pok\u00e9mon\n|rule|Item Clause: Limit 1 of each item\n|clearpoke\n|poke|p1|Pelipper, L50, M|\n|poke|p1|Incineroar, L50, M|\n|poke|p1|Palafin, L50, F|\n|poke|p1|Archaludon, L50, F|\n|poke|p1|Amoonguss, L50, M|\n|poke|p1|Farigiraf, L50, F|\n|poke|p2|Whimsicott, L50, F|\n|poke|p2|Gallade, L50, M|\n|poke|p2|Archaludon, L50, F|\n|poke|p2|Malamar, L50, F|\n|poke|p2|Indeedee, L50, M|\n|poke|p2|Drifblim, L50, M|\n|teampreview|4\n|inactive|Battle timer is ON: inactive players will automatically lose when time's up. (requested by Djjwjwwjj)\n|j| takuya3000\nactuary97 has agreed to open team sheets.\n|inactive|Djjwjwwjj has 60 seconds left.\n|inactive|actuary97 has 60 seconds left.\n|inactive|Djjwjwwjj has 30 seconds left.\n|inactive|actuary97 has 30 seconds left.\n|inactive|Djjwjwwjj has 20 seconds left.\n|inactive|Djjwjwwjj has 15 seconds left.\n|inactive|actuary97 has 20 seconds left.\n|inactive|Djjwjwwjj has 10 seconds left.\n|inactive|Djjwjwwjj has 5 seconds left.\n|\n|t:|1732385508\n|start\n|switch|p1a: Pelipper|Pelipper, L50, M|100\/100\n|switch|p1b: Farigiraf|Farigiraf, L50, F|100\/100\n|switch|p2a: Tapu Deedee|Indeedee, L50, M, shiny|100\/100\n|switch|p2b: Malamother|Malamar, L50, F|100\/100\n|-weather|RainDance|[from] ability: Drizzle|[of] p1a: Pelipper\n|-fieldstart|move: Psychic Terrain|[from] ability: Psychic Surge|[of] p2a: Tapu Deedee\n|turn|1\n|j| r4gn4r96\n|l| r4gn4r96\n|\n|t:|1732385527\n|move|p1a: Pelipper|U-turn|p2a: Tapu Deedee\n|-supereffective|p2a: Tapu Deedee\n|-damage|p2a: Tapu Deedee|68\/100\n|\n|t:|1732385530\n|switch|p1a: Archaludon|Archaludon, L50, F|100\/100|[from] U-turn\n|move|p2a: Tapu Deedee|Expanding Force|p1b: Farigiraf|[spread] p1a,p1b\n|-resisted|p1a: Archaludon\n|-resisted|p1b: Farigiraf\n|-damage|p1a: Archaludon|69\/100\n|-damage|p1b: Farigiraf|65\/100\n|-ability|p1a: Archaludon|Stamina|boost\n|-boost|p1a: Archaludon|def|1\n|move|p2b: Malamother|Superpower|p1a: Archaludon\n|-supereffective|p1a: Archaludon\n|-damage|p1a: Archaludon|42\/100\n|-boost|p2b: Malamother|atk|1\n|-boost|p2b: Malamother|def|1\n|-ability|p1a: Archaludon|Stamina|boost\n|-boost|p1a: Archaludon|def|1\n|move|p1b: Farigiraf|Beat Up|p1a: Archaludon\n|-damage|p1a: Archaludon|41\/100\n|-ability|p1a: Archaludon|Stamina|boost\n|-boost|p1a: Archaludon|def|1\n|-damage|p1a: Archaludon|40\/100\n|-ability|p1a: Archaludon|Stamina|boost\n|-boost|p1a: Archaludon|def|1\n|-damage|p1a: Archaludon|39\/100\n|-ability|p1a: Archaludon|Stamina|boost\n|-boost|p1a: Archaludon|def|1\n|-damage|p1a: Archaludon|38\/100\n|-ability|p1a: Archaludon|Stamina|boost\n|-boost|p1a: Archaludon|def|1\n|-hitcount|p1a: Archaludon|4\n|\n|-weather|RainDance|[upkeep]\n|upkeep\n|turn|2\n|inactive|Djjwjwwjj has 30 seconds left.\n|inactive|Djjwjwwjj has 20 seconds left.\n|inactive|Djjwjwwjj has 15 seconds left.\n|inactive|Djjwjwwjj has 10 seconds left.\n|inactive|Djjwjwwjj has 5 seconds left.\n|\n|t:|1732385584\n|switch|p2a: Bridget|Archaludon, L50, F, shiny|100\/100\n|move|p1b: Farigiraf|Protect|p1b: Farigiraf\n|-singleturn|p1b: Farigiraf|Protect\n|move|p1a: Archaludon|Body Press|p2a: Bridget\n|-supereffective|p2a: Bridget\n|-damage|p2a: Bridget|0 fnt\n|faint|p2a: Bridget\n|move|p2b: Malamother|Topsy-Turvy|p1a: Archaludon\n|-invertboost|p1a: Archaludon|[from] move: Topsy-Turvy\n|\n|-weather|RainDance|[upkeep]\n|upkeep\n|\n|t:|1732385595\n|switch|p2a: \u2694\ufe0fKing\u2694\ufe0f|Gallade, L50, M, shiny|100\/100\n|turn|3\n|inactive|Djjwjwwjj has 30 seconds left.\n|inactive|Djjwjwwjj has 20 seconds left.\n|\n|t:|1732385632\n|move|p1a: Archaludon|Electro Shot||[still]\n|-prepare|p1a: Archaludon|Electro Shot\n|-boost|p1a: Archaludon|spa|1\n|-anim|p1a: Archaludon|Electro Shot|p2a: \u2694\ufe0fKing\u2694\ufe0f\n|-damage|p2a: \u2694\ufe0fKing\u2694\ufe0f|47\/100\n|move|p2a: \u2694\ufe0fKing\u2694\ufe0f|Psycho Cut|p1a: Archaludon\n|-resisted|p1a: Archaludon\n|-damage|p1a: Archaludon|0 fnt\n|faint|p1a: Archaludon\n|move|p2b: Malamother|Knock Off|p1b: Farigiraf\n|-supereffective|p1b: Farigiraf\n|-damage|p1b: Farigiraf|0 fnt\n|-damage|p2b: Malamother|84\/100|[from] item: Rocky Helmet|[of] p1b: Farigiraf\n|-enditem|p1b: Farigiraf|Rocky Helmet|[from] move: Knock Off|[of] p2b: Malamother\n|faint|p1b: Farigiraf\n|\n|-weather|RainDance|[upkeep]\n|upkeep\n|\n|t:|1732385651\n|switch|p1a: Pelipper|Pelipper, L50, M|100\/100\n|switch|p1b: Amoonguss|Amoonguss, L50, M|100\/100\n|turn|4\n|inactive|Djjwjwwjj has 30 seconds left.\n|inactive|actuary97 has 30 seconds left.\n|inactive|Djjwjwwjj has 20 seconds left.\n|\n|t:|1732385689\n|-terastallize|p2a: \u2694\ufe0fKing\u2694\ufe0f|Grass\n|-terastallize|p1b: Amoonguss|Normal\n|move|p1a: Pelipper|Hurricane|p2a: \u2694\ufe0fKing\u2694\ufe0f\n|-supereffective|p2a: \u2694\ufe0fKing\u2694\ufe0f\n|-damage|p2a: \u2694\ufe0fKing\u2694\ufe0f|0 fnt\n|faint|p2a: \u2694\ufe0fKing\u2694\ufe0f\n|move|p2b: Malamother|Knock Off|p1b: Amoonguss\n|-damage|p1b: Amoonguss|56\/100\n|-enditem|p1b: Amoonguss|Sitrus Berry|[from] move: Knock Off|[of] p2b: Malamother\n|move|p1b: Amoonguss|Spore|p2b: Malamother\n|-status|p2b: Malamother|slp|[from] move: Spore\n|\n|-weather|RainDance|[upkeep]\n|upkeep\n|\n|t:|1732385697\n|switch|p2a: Tapu Deedee|Indeedee, L50, M, shiny|68\/100\n|turn|5\n|c|\u2606actuary97|choice scarf... dang\n|\n|t:|1732385718\n|move|p1a: Pelipper|Hurricane|p2a: Tapu Deedee\n|-damage|p2a: Tapu Deedee|3\/100\n|-start|p2a: Tapu Deedee|confusion\n|-activate|p2a: Tapu Deedee|confusion\n|move|p2a: Tapu Deedee|Expanding Force|p1a: Pelipper|[spread] p1a,p1b\n|-damage|p1a: Pelipper|0 fnt\n|-damage|p1b: Amoonguss|0 fnt\n|faint|p1a: Pelipper\n|faint|p1b: Amoonguss\n|\n|win|actuary97\n|raw|Djjwjwwjj's rating: 1761 &rarr; <strong>1745<\/strong><br \/>(-16 for losing)\n|raw|actuary97's rating: 1827 &rarr; <strong>1843<\/strong><br \/>(+16 for winning)\n|l|\u2606Djjwjwwjj\n|player|p1|\n|l|\u2606actuary97\n|player|p2|\n|l| takuya3000\n","uploadtime":1732385932,"views":21,"formatid":"gen9vgc2024regh","rating":1745,"private":0,"password":null}