{"id":"gen9vgc2024regh-2249628100","format":"[Gen 9] VGC 2024 Reg H","players":["VGCLTH WitchMag","HumanRat"],"log":"|raw|<div class=\"broadcast-blue\"><strong>This battle is required to be public due to a player having a name starting with 'vgclth'.<\/div>\n|j|\u2606VGCLTH WitchMag\n|j|\u2606HumanRat\n|t:|1732379156\n|gametype|doubles\n|player|p1|VGCLTH WitchMag|cynthia-masters|1769\n|player|p2|HumanRat|rocketgrunt|1805\n|teamsize|p1|6\n|teamsize|p2|6\n|gen|9\n|tier|[Gen 9] VGC 2024 Reg H\n|rated|\n|rule|Species Clause: Limit one of each Pok\u00e9mon\n|rule|Item Clause: Limit 1 of each item\n|clearpoke\n|poke|p1|Glimmora, L50, M|\n|poke|p1|Gholdengo, L50|\n|poke|p1|Garchomp, L50, M|\n|poke|p1|Talonflame, L50, F|\n|poke|p1|Rillaboom, L50, M|\n|poke|p1|Primarina, L50, F|\n|poke|p2|Talonflame, L50, M|\n|poke|p2|Tyranitar, L50, M|\n|poke|p2|Milotic, L50, M|\n|poke|p2|Garchomp, L50, M|\n|poke|p2|Gholdengo, L50|\n|poke|p2|Sinistcha, L50|\n|teampreview|4\n|inactive|Battle timer is ON: inactive players will automatically lose when time's up. (requested by HumanRat)\n|j| qiyevgc\n|j| Fallastest\n|l| qiyevgc\n|\n|t:|1732379187\n|start\n|switch|p1a: Odysseus|Talonflame, L50, F|100\/100\n|switch|p1b: Athena|Garchomp, L50, M|100\/100\n|switch|p2a: Talonflame|Talonflame, L50, M|100\/100\n|switch|p2b: Garchomp|Garchomp, L50, M|100\/100\n|turn|1\n|j| llefface\n|\n|t:|1732379203\n|move|p2a: Talonflame|Tailwind|p2a: Talonflame\n|-sidestart|p2: HumanRat|move: Tailwind\n|move|p1a: Odysseus|Tailwind|p1a: Odysseus\n|-sidestart|p1: VGCLTH WitchMag|move: Tailwind\n|move|p1b: Athena|Dragon Claw|p2b: Garchomp\n|-supereffective|p2b: Garchomp\n|-damage|p2b: Garchomp|0 fnt\n|-damage|p1b: Athena|88\/100|[from] ability: Rough Skin|[of] p2b: Garchomp\n|faint|p2b: Garchomp\n|-damage|p1b: Athena|79\/100|[from] item: Life Orb\n|\n|upkeep\n|\n|t:|1732379211\n|switch|p2b: Milotic|Milotic, L50, M|100\/100\n|turn|2\n|\n|t:|1732379218\n|move|p2a: Talonflame|Brave Bird|p1a: Odysseus\n|-damage|p1a: Odysseus|31\/100\n|-damage|p2a: Talonflame|78\/100|[from] Recoil\n|move|p1a: Odysseus|Taunt|p2b: Milotic\n|-start|p2b: Milotic|move: Taunt\n|move|p1b: Athena|Dragon Claw|p2a: Talonflame\n|-damage|p2a: Talonflame|2\/100\n|-damage|p1b: Athena|69\/100|[from] item: Life Orb\n|move|p2b: Milotic|Ice Beam|p1b: Athena\n|-supereffective|p1b: Athena\n|-damage|p1b: Athena|0 fnt\n|faint|p1b: Athena\n|\n|upkeep\n|\n|t:|1732379230\n|switch|p1b: Polyphemus|Rillaboom, L50, M|100\/100\n|-fieldstart|move: Grassy Terrain|[from] ability: Grassy Surge|[of] p1b: Polyphemus\n|turn|3\n|\n|t:|1732379253\n|-terastallize|p1b: Polyphemus|Fire\n|move|p2a: Talonflame|Brave Bird|p1a: Odysseus\n|-damage|p1a: Odysseus|0 fnt\n|faint|p1a: Odysseus\n|-damage|p2a: Talonflame|0 fnt|[from] Recoil\n|faint|p2a: Talonflame\n|move|p1b: Polyphemus|Wood Hammer|p2b: Milotic\n|-supereffective|p2b: Milotic\n|-damage|p2b: Milotic|0 fnt\n|faint|p2b: Milotic\n|-damage|p1b: Polyphemus|62\/100|[from] Recoil\n|\n|-heal|p1b: Polyphemus|69\/100|[from] Grassy Terrain\n|upkeep\n|inactive|VGCLTH WitchMag has 30 seconds left.\n|\n|t:|1732379284\n|switch|p1a: Sirens|Primarina, L50, F|100\/100\n|switch|p2b: Sinistcha|Sinistcha, L50|100\/100\n|turn|4\n|\n|t:|1732379291\n|move|p1b: Polyphemus|Knock Off|p2b: Sinistcha\n|-supereffective|p2b: Sinistcha\n|-damage|p2b: Sinistcha|39\/100\n|-enditem|p2b: Sinistcha|Aguav Berry|[from] move: Knock Off|[of] p1b: Polyphemus\n|move|p1a: Sirens|Hyper Voice|p2b: Sinistcha\n|-resisted|p2b: Sinistcha\n|-damage|p2b: Sinistcha|22\/100\n|-enditem|p1a: Sirens|Throat Spray\n|-boost|p1a: Sirens|spa|1|[from] item: Throat Spray\n|move|p2b: Sinistcha|Matcha Gotcha|p1a: Sirens|[spread] p1a,p1b\n|-supereffective|p1a: Sirens\n|-resisted|p1b: Polyphemus\n|-damage|p1a: Sirens|48\/100\n|-heal|p2b: Sinistcha|49\/100|[from] drain|[of] p1a: Sirens\n|-damage|p1b: Polyphemus|55\/100\n|-heal|p2b: Sinistcha|56\/100|[from] drain|[of] p1b: Polyphemus\n|\n|-heal|p1b: Polyphemus|61\/100|[from] Grassy Terrain\n|-heal|p1a: Sirens|54\/100|[from] Grassy Terrain\n|-heal|p2b: Sinistcha|62\/100|[from] Grassy Terrain\n|-sideend|p2: HumanRat|move: Tailwind\n|-sideend|p1: VGCLTH WitchMag|move: Tailwind\n|upkeep\n|turn|5\n|j| VGCLTH skibidi\n|inactive|VGCLTH WitchMag has 30 seconds left.\n|inactive|HumanRat has 30 seconds left.\n|\n|t:|1732379318\n|move|p1b: Polyphemus|Knock Off|p2b: Sinistcha\n|-supereffective|p2b: Sinistcha\n|-damage|p2b: Sinistcha|18\/100\n|move|p1a: Sirens|Moonblast|p2b: Sinistcha\n|-damage|p2b: Sinistcha|0 fnt\n|faint|p2b: Sinistcha\n|\n|win|VGCLTH WitchMag\n|raw|VGCLTH WitchMag's rating: 1769 &rarr; <strong>1791<\/strong><br \/>(+22 for winning)\n|raw|HumanRat's rating: 1805 &rarr; <strong>1783<\/strong><br \/>(-22 for losing)\n|l|\u2606VGCLTH WitchMag\n|player|p1|\n|l|\u2606HumanRat\n|player|p2|\n|l| Fallastest\n|l| VGCLTH skibidi\n|j| VGCLTH R0gue\n|l| VGCLTH R0gue\n|l| llefface\n","uploadtime":1732379517,"views":17,"formatid":"gen9vgc2024regh","rating":1783,"private":0,"password":null}