{"id":"gen9vgc2024regh-2249511778","format":"[Gen 9] VGC 2024 Reg H","players":["fezandipiti nuanxi","VGCLTH skibidi"],"log":"|raw|<div class=\"broadcast-blue\"><strong>This battle is required to be public due to a player having a name starting with 'vgclth'.<\/div>\n|j|\u2606fezandipiti nuanxi\n|j|\u2606VGCLTH skibidi\n|t:|1732360359\n|gametype|doubles\n|player|p1|fezandipiti nuanxi|266|1672\n|player|p2|VGCLTH skibidi|piers-masters|1922\n|teamsize|p1|6\n|teamsize|p2|6\n|gen|9\n|tier|[Gen 9] VGC 2024 Reg H\n|rated|\n|rule|Species Clause: Limit one of each Pok\u00e9mon\n|rule|Item Clause: Limit 1 of each item\n|clearpoke\n|poke|p1|Ninetales-Alola, L50, M|\n|poke|p1|Dondozo, L50, M|\n|poke|p1|Rillaboom, L50, F|\n|poke|p1|Sneasler, L50, M|\n|poke|p1|Volcarona, L50, F|\n|poke|p1|Kingambit, L50, F|\n|poke|p2|Ceruledge, L50, F|\n|poke|p2|Gastrodon-East, L50, M|\n|poke|p2|Sneasler, L50, F|\n|poke|p2|Kingambit, L50, M|\n|poke|p2|Rillaboom, L50, M|\n|poke|p2|Dragonite, L50, M|\n|teampreview|4\n|inactive|Battle timer is ON: inactive players will automatically lose when time's up. (requested by VGCLTH skibidi)\n|inactive|fezandipiti nuanxi has 60 seconds left.\n|inactive|VGCLTH skibidi has 60 seconds left.\nVGCLTH skibidi has agreed to open team sheets.\nfezandipiti nuanxi rejected open team sheets.\n|inactive|VGCLTH skibidi has 30 seconds left.\n|\n|t:|1732360422\n|start\n|switch|p1a: Sneasler|Sneasler, L50, M|100\/100\n|switch|p1b: Kingambit|Kingambit, L50, F|100\/100\n|switch|p2a: Let's go gambling|Sneasler, L50, F|100\/100\n|switch|p2b: Godlyreal|Kingambit, L50, M|100\/100\n|turn|1\n|\n|t:|1732360447\n|-terastallize|p1b: Kingambit|Ghost\n|move|p1a: Sneasler|Fake Out|p2a: Let's go gambling\n|-damage|p2a: Let's go gambling|76\/100\n|cant|p2a: Let's go gambling|flinch\n|move|p1b: Kingambit|Low Kick|p2b: Godlyreal\n|-supereffective|p2b: Godlyreal\n|-damage|p2b: Godlyreal|0 fnt\n|faint|p2b: Godlyreal\n|\n|upkeep\n|inactive|VGCLTH skibidi has 30 seconds left.\n|\n|t:|1732360474\n|switch|p2b: Rizzler|Rillaboom, L50, M|100\/100\n|-fieldstart|move: Grassy Terrain|[from] ability: Grassy Surge|[of] p2b: Rizzler\n|turn|2\n|\n|t:|1732360496\n|-terastallize|p2b: Rizzler|Fire\n|move|p2a: Let's go gambling|Dire Claw|p1b: Kingambit\n|-resisted|p1b: Kingambit\n|-damage|p1b: Kingambit|84\/100\n|-status|p1b: Kingambit|slp\n|move|p1a: Sneasler|Coaching|p1b: Kingambit\n|-boost|p1b: Kingambit|atk|1\n|-boost|p1b: Kingambit|def|1\n|move|p2b: Rizzler|High Horsepower|p1a: Sneasler|[miss]\n|-miss|p2b: Rizzler|p1a: Sneasler\n|cant|p1b: Kingambit|slp\n|\n|-heal|p2a: Let's go gambling|82\/100|[from] Grassy Terrain\n|-heal|p1b: Kingambit|90\/100 slp|[from] Grassy Terrain\n|upkeep\n|turn|3\n|\n|t:|1732360516\n|move|p2a: Let's go gambling|Coaching|p2b: Rizzler\n|-boost|p2b: Rizzler|atk|1\n|-boost|p2b: Rizzler|def|1\n|move|p1a: Sneasler|Coaching|p1b: Kingambit\n|-boost|p1b: Kingambit|atk|1\n|-boost|p1b: Kingambit|def|1\n|move|p2b: Rizzler|Wood Hammer|p1b: Kingambit\n|-damage|p1b: Kingambit|28\/100 slp\n|-damage|p2b: Rizzler|78\/100|[from] Recoil\n|cant|p1b: Kingambit|slp\n|\n|-heal|p2a: Let's go gambling|88\/100|[from] Grassy Terrain\n|-heal|p2b: Rizzler|84\/100|[from] Grassy Terrain\n|-heal|p1b: Kingambit|34\/100 slp|[from] Grassy Terrain\n|upkeep\n|turn|4\n|\n|t:|1732360528\n|-curestatus|p1b: Kingambit|slp|[msg]\n|move|p1b: Kingambit|Sucker Punch|p2b: Rizzler\n|-damage|p2b: Rizzler|25\/100\n|move|p2a: Let's go gambling|Dire Claw|p1a: Sneasler\n|-resisted|p1a: Sneasler\n|-damage|p1a: Sneasler|65\/100\n|-status|p1a: Sneasler|par\n|move|p2b: Rizzler|Wood Hammer|p1b: Kingambit\n|-damage|p1b: Kingambit|0 fnt\n|faint|p1b: Kingambit\n|-damage|p2b: Rizzler|13\/100|[from] Recoil\n|cant|p1a: Sneasler|par\n|\n|-heal|p2a: Let's go gambling|93\/100|[from] Grassy Terrain\n|-heal|p2b: Rizzler|19\/100|[from] Grassy Terrain\n|-heal|p1a: Sneasler|71\/100 par|[from] Grassy Terrain\n|upkeep\n|\n|t:|1732360543\n|switch|p1b: Ninetales|Ninetales-Alola, L50, M|100\/100\n|-weather|Snow|[from] ability: Snow Warning|[of] p1b: Ninetales\n|turn|5\n|\n|t:|1732360559\n|move|p2b: Rizzler|Grassy Glide|p1a: Sneasler\n|-resisted|p1a: Sneasler\n|-damage|p1a: Sneasler|15\/100 par\n|move|p2a: Let's go gambling|Dire Claw|p1a: Sneasler\n|-resisted|p1a: Sneasler\n|-damage|p1a: Sneasler|0 fnt\n|faint|p1a: Sneasler\n|move|p1b: Ninetales|Disable|p2b: Rizzler\n|-start|p2b: Rizzler|Disable|Grassy Glide\n|\n|-weather|Snow|[upkeep]\n|-heal|p2a: Let's go gambling|99\/100|[from] Grassy Terrain\n|-heal|p2b: Rizzler|25\/100|[from] Grassy Terrain\n|upkeep\n|\n|t:|1732360562\n|switch|p1a: Dondozo|Dondozo, L50, M|100\/100\n|turn|6\n|\n|t:|1732360586\n|move|p2a: Let's go gambling|Dire Claw|p1b: Ninetales\n|-supereffective|p1b: Ninetales\n|-damage|p1b: Ninetales|33\/100\n|move|p1b: Ninetales|Encore|p2b: Rizzler\n|-start|p2b: Rizzler|Encore\n|cant|p2b: Rizzler|Disable|Grassy Glide\n|move|p1a: Dondozo|Wave Crash|p2a: Let's go gambling\n|-damage|p2a: Let's go gambling|26\/100\n|-damage|p1a: Dondozo|86\/100|[from] Recoil\n|\n|-weather|Snow|[upkeep]\n|-heal|p2a: Let's go gambling|31\/100|[from] Grassy Terrain\n|-heal|p1b: Ninetales|39\/100|[from] Grassy Terrain\n|-heal|p2b: Rizzler|31\/100|[from] Grassy Terrain\n|-heal|p1a: Dondozo|92\/100|[from] Grassy Terrain\n|-heal|p1a: Dondozo|98\/100|[from] item: Leftovers\n|-fieldend|move: Grassy Terrain\n|upkeep\n|turn|7\n|\n|t:|1732360599\n|switch|p2b: Joe Dog|Gastrodon-East, L50, M|100\/100\n|move|p2a: Let's go gambling|Dire Claw|p1b: Ninetales\n|-supereffective|p1b: Ninetales\n|-damage|p1b: Ninetales|0 fnt\n|faint|p1b: Ninetales\n|move|p1a: Dondozo|Wave Crash|p2b: Joe Dog\n|-activate|p2b: Joe Dog|ability: Storm Drain\n|-ability|p2b: Joe Dog|Storm Drain|boost\n|-boost|p2b: Joe Dog|spa|1\n|\n|-weather|Snow|[upkeep]\n|-heal|p1a: Dondozo|100\/100|[from] item: Leftovers\n|upkeep\n|turn|8\n|-message|fezandipiti nuanxi forfeited.\n|\n|win|VGCLTH skibidi\n|raw|fezandipiti nuanxi's rating: 1672 &rarr; <strong>1664<\/strong><br \/>(-8 for losing)\n|raw|VGCLTH skibidi's rating: 1922 &rarr; <strong>1930<\/strong><br \/>(+8 for winning)\n|c|\u2606fezandipiti nuanxi|dire claw\n|c|\u2606fezandipiti nuanxi|great\n|l|\u2606fezandipiti nuanxi\n|player|p1|\n|l|\u2606VGCLTH skibidi\n|player|p2|\n|j|\u2606VGCLTH skibidi\n|player|p2|VGCLTH skibidi|piers-masters|\n|l|\u2606VGCLTH skibidi\n|player|p2|\n|j| llefface\n|j| zxc123zxc\n|l| llefface\n|l| zxc123zxc\n|j| VGCLTH Matcha\n|l| VGCLTH Matcha\n|j|\u2606VGCLTH skibidi\n|player|p2|VGCLTH skibidi|piers-masters|\n","uploadtime":1732360609,"views":37,"formatid":"gen9vgc2024regh","rating":1664,"private":0,"password":null}