{"id":"gen9vgc2024regh-2249421012","format":"[Gen 9] VGC 2024 Reg H","players":["Arcangel666","FireRedzzz"],"log":"|j|\u2606Arcangel666\n|j|\u2606FireRedzzz\n|t:|1732340358\n|gametype|doubles\n|player|p1|Arcangel666|piers-masters|1737\n|player|p2|FireRedzzz|ethan|1667\n|teamsize|p1|6\n|teamsize|p2|6\n|gen|9\n|tier|[Gen 9] VGC 2024 Reg H\n|rated|\n|rule|Species Clause: Limit one of each Pok\u00e9mon\n|rule|Item Clause: Limit 1 of each item\n|clearpoke\n|poke|p1|Gholdengo, L50|\n|poke|p1|Whimsicott, L50, F|\n|poke|p1|Pelipper, L50, F|\n|poke|p1|Basculegion, L50, M|\n|poke|p1|Archaludon, L50, M|\n|poke|p1|Amoonguss, L50, M|\n|poke|p2|Kingambit, L50, F|\n|poke|p2|Electabuzz, L50, F|\n|poke|p2|Rillaboom, L50, M|\n|poke|p2|Primarina, L50, M|\n|poke|p2|Sneasler, L50, F|\n|poke|p2|Volcarona, L50, F|\n|teampreview|4\n|j| futonkagebunshin\nFireRedzzz has agreed to open team sheets.\n|l| futonkagebunshin\n|inactive|Battle timer is ON: inactive players will automatically lose when time's up. (requested by FireRedzzz)\n|\n|t:|1732340421\n|start\n|switch|p1a: Whimsicott|Whimsicott, L50, F, shiny|100\/100\n|switch|p1b: Archaludon|Archaludon, L50, M, shiny|100\/100\n|switch|p2a: Kingambit|Kingambit, L50, F|100\/100\n|switch|p2b: Electabuzz|Electabuzz, L50, F|100\/100\n|turn|1\n|\n|t:|1732340433\n|move|p2b: Electabuzz|Protect|p2b: Electabuzz\n|-singleturn|p2b: Electabuzz|Protect\n|move|p1a: Whimsicott|Taunt|p2b: Electabuzz\n|-activate|p2b: Electabuzz|move: Protect\n|move|p1b: Archaludon|Body Press|p2a: Kingambit\n|-supereffective|p2a: Kingambit\n|-damage|p2a: Kingambit|29\/100\n|move|p2a: Kingambit|Swords Dance|p2a: Kingambit\n|-boost|p2a: Kingambit|atk|2\n|\n|upkeep\n|turn|2\n|\n|t:|1732340451\n|-terastallize|p2a: Kingambit|Dark\n|move|p2b: Electabuzz|Follow Me|p2b: Electabuzz\n|-singleturn|p2b: Electabuzz|move: Follow Me\n|move|p1a: Whimsicott|Encore|p2b: Electabuzz\n|-start|p2b: Electabuzz|Encore\n|move|p1b: Archaludon|Body Press|p2b: Electabuzz\n|-damage|p2b: Electabuzz|83\/100\n|move|p2a: Kingambit|Kowtow Cleave|p1b: Archaludon\n|-damage|p1b: Archaludon|14\/100\n|-ability|p1b: Archaludon|Stamina|boost\n|-boost|p1b: Archaludon|def|1\n|\n|upkeep\n|turn|3\n|\n|t:|1732340464\n|switch|p1b: Amoonguss|Amoonguss, L50, M, shiny|100\/100\n|move|p2b: Electabuzz|Follow Me|p2b: Electabuzz\n|-singleturn|p2b: Electabuzz|move: Follow Me\n|move|p1a: Whimsicott|Moonblast|p2b: Electabuzz\n|-damage|p2b: Electabuzz|63\/100\n|move|p2a: Kingambit|Kowtow Cleave|p1b: Amoonguss\n|-damage|p1b: Amoonguss|0 fnt\n|-damage|p2a: Kingambit|12\/100|[from] item: Rocky Helmet|[of] p1b: Amoonguss\n|faint|p1b: Amoonguss\n|\n|upkeep\n|\n|t:|1732340470\n|switch|p1b: Pelipper|Pelipper, L50, F|100\/100\n|-weather|RainDance|[from] ability: Drizzle|[of] p1b: Pelipper\n|turn|4\n|\n|t:|1732340480\n|move|p1b: Pelipper|Protect|p1b: Pelipper\n|-singleturn|p1b: Pelipper|Protect\n|move|p2b: Electabuzz|Follow Me|p2b: Electabuzz\n|-singleturn|p2b: Electabuzz|move: Follow Me\n|move|p1a: Whimsicott|Taunt|p2b: Electabuzz\n|-start|p2b: Electabuzz|move: Taunt\n|move|p2a: Kingambit|Kowtow Cleave|p1b: Pelipper\n|-activate|p1b: Pelipper|move: Protect\n|\n|-weather|RainDance|[upkeep]\n|upkeep\n|turn|5\n|\n|t:|1732340496\n|switch|p2b: Rillaboom|Rillaboom, L50, M|100\/100\n|-fieldstart|move: Grassy Terrain|[from] ability: Grassy Surge|[of] p2b: Rillaboom\n|move|p2a: Kingambit|Protect|p2a: Kingambit\n|-singleturn|p2a: Kingambit|Protect\n|move|p1a: Whimsicott|Moonblast|p2a: Kingambit\n|-activate|p2a: Kingambit|move: Protect\n|move|p1b: Pelipper|Weather Ball|p2a: Kingambit\n|-activate|p2a: Kingambit|move: Protect\n|\n|-weather|RainDance|[upkeep]\n|-heal|p2a: Kingambit|18\/100|[from] Grassy Terrain\n|upkeep\n|turn|6\n|inactive|FireRedzzz has 30 seconds left.\n|\n|t:|1732340528\n|move|p1b: Pelipper|Protect|p1b: Pelipper\n|-singleturn|p1b: Pelipper|Protect\n|move|p2a: Kingambit|Sucker Punch|p1a: Whimsicott\n|-resisted|p1a: Whimsicott\n|-damage|p1a: Whimsicott|35\/100\n|move|p1a: Whimsicott|Moonblast|p2a: Kingambit\n|-supereffective|p2a: Kingambit\n|-damage|p2a: Kingambit|0 fnt\n|faint|p2a: Kingambit\n|move|p2b: Rillaboom|Wood Hammer|p1b: Pelipper\n|-activate|p1b: Pelipper|move: Protect\n|\n|-weather|RainDance|[upkeep]\n|-heal|p1a: Whimsicott|41\/100|[from] Grassy Terrain\n|upkeep\n|\n|t:|1732340541\n|switch|p2a: Electabuzz|Electabuzz, L50, F|63\/100\n|turn|7\n|\n|t:|1732340548\n|move|p2a: Electabuzz|Follow Me|p2a: Electabuzz\n|-singleturn|p2a: Electabuzz|move: Follow Me\n|move|p1a: Whimsicott|Tailwind|p1a: Whimsicott\n|-sidestart|p1: Arcangel666|move: Tailwind\n|move|p1b: Pelipper|Hurricane|p2a: Electabuzz\n|-resisted|p2a: Electabuzz\n|-damage|p2a: Electabuzz|49\/100\n|move|p2b: Rillaboom|Wood Hammer|p1b: Pelipper\n|-damage|p1b: Pelipper|14\/100\n|-damage|p2b: Rillaboom|81\/100|[from] Recoil\n|\n|-weather|RainDance|[upkeep]\n|-heal|p1a: Whimsicott|47\/100|[from] Grassy Terrain\n|-heal|p2a: Electabuzz|55\/100|[from] Grassy Terrain\n|-heal|p2b: Rillaboom|87\/100|[from] Grassy Terrain\n|upkeep\n|turn|8\n|\n|t:|1732340565\n|move|p1b: Pelipper|Protect|p1b: Pelipper\n|-singleturn|p1b: Pelipper|Protect\n|move|p2a: Electabuzz|Follow Me|p2a: Electabuzz\n|-singleturn|p2a: Electabuzz|move: Follow Me\n|move|p1a: Whimsicott|Taunt|p2a: Electabuzz\n|-start|p2a: Electabuzz|move: Taunt\n|move|p2b: Rillaboom|Wood Hammer|p1a: Whimsicott\n|-resisted|p1a: Whimsicott\n|-damage|p1a: Whimsicott|0 fnt\n|faint|p1a: Whimsicott\n|-damage|p2b: Rillaboom|75\/100|[from] Recoil\n|\n|-weather|none\n|-heal|p2a: Electabuzz|61\/100|[from] Grassy Terrain\n|-heal|p2b: Rillaboom|81\/100|[from] Grassy Terrain\n|upkeep\n|\n|t:|1732340573\n|switch|p1a: Archaludon|Archaludon, L50, M, shiny|14\/100\n|turn|9\n|\n|t:|1732340588\n|switch|p2b: Volcarona|Volcarona, L50, F, shiny|100\/100\n|-enditem|p2b: Volcarona|Grassy Seed\n|-boost|p2b: Volcarona|def|1|[from] item: Grassy Seed\n|move|p1b: Pelipper|Protect|p1b: Pelipper\n|-singleturn|p1b: Pelipper|Protect\n|move|p1a: Archaludon|Body Press|p2b: Volcarona\n|-resisted|p2b: Volcarona\n|-damage|p2b: Volcarona|92\/100\n|move|p2a: Electabuzz|Thunderbolt|p1b: Pelipper\n|-activate|p1b: Pelipper|move: Protect\n|\n|-heal|p1a: Archaludon|20\/100|[from] Grassy Terrain\n|-heal|p2a: Electabuzz|67\/100|[from] Grassy Terrain\n|-heal|p2b: Volcarona|98\/100|[from] Grassy Terrain\n|-fieldend|move: Grassy Terrain\n|upkeep\n|turn|10\n|\n|t:|1732340604\n|move|p2b: Volcarona|Protect|p2b: Volcarona\n|-singleturn|p2b: Volcarona|Protect\n|move|p1b: Pelipper|Hurricane|p2b: Volcarona\n|-activate|p2b: Volcarona|move: Protect\n|move|p1a: Archaludon|Body Press|p2a: Electabuzz\n|-damage|p2a: Electabuzz|47\/100\n|move|p2a: Electabuzz|Thunderbolt|p1b: Pelipper\n|-supereffective|p1b: Pelipper\n|-damage|p1b: Pelipper|0 fnt\n|faint|p1b: Pelipper\n|\n|-sideend|p1: Arcangel666|move: Tailwind\n|upkeep\n|turn|11\n|\n|t:|1732340621\n|switch|p2a: Rillaboom|Rillaboom, L50, M|81\/100\n|-fieldstart|move: Grassy Terrain|[from] ability: Grassy Surge|[of] p2a: Rillaboom\n|move|p2b: Volcarona|Quiver Dance|p2b: Volcarona\n|-boost|p2b: Volcarona|spa|1\n|-boost|p2b: Volcarona|spd|1\n|-boost|p2b: Volcarona|spe|1\n|move|p1a: Archaludon|Body Press|p2a: Rillaboom\n|-damage|p2a: Rillaboom|57\/100\n|\n|-heal|p2b: Volcarona|100\/100|[from] Grassy Terrain\n|-heal|p2a: Rillaboom|63\/100|[from] Grassy Terrain\n|-heal|p1a: Archaludon|26\/100|[from] Grassy Terrain\n|upkeep\n|turn|12\n|\n|t:|1732340637\n|move|p2b: Volcarona|Heat Wave|p1a: Archaludon\n|-damage|p1a: Archaludon|0 fnt\n|faint|p1a: Archaludon\n|\n|win|FireRedzzz\n|raw|Arcangel666's rating: 1737 &rarr; <strong>1713<\/strong><br \/>(-24 for losing)\n|raw|FireRedzzz's rating: 1667 &rarr; <strong>1691<\/strong><br \/>(+24 for winning)\n|l|\u2606Arcangel666\n|player|p1|\n|l|\u2606FireRedzzz\n|player|p2|\n","uploadtime":1732340809,"views":6,"formatid":"gen9vgc2024regh","rating":1691,"private":0,"password":null}