{"id":"gen9vgc2024regh-2249699787","format":"[Gen 9] VGC 2024 Reg H","players":["Cammyrupt14","Djjwjwwjj"],"log":"|j|\u2606Cammyrupt14\n|j|\u2606Djjwjwwjj\n|t:|1732388339\n|gametype|doubles\n|player|p1|Cammyrupt14|ballguy|1644\n|player|p2|Djjwjwwjj|170|1735\n|teamsize|p1|6\n|teamsize|p2|6\n|gen|9\n|tier|[Gen 9] VGC 2024 Reg H\n|rated|\n|rule|Species Clause: Limit one of each Pok\u00e9mon\n|rule|Item Clause: Limit 1 of each item\n|clearpoke\n|poke|p1|Archaludon, L50, F|\n|poke|p1|Ursaluna, L50, F|\n|poke|p1|Primarina, L50, M|\n|poke|p1|Vivillon-Icy Snow, L50, F|\n|poke|p1|Incineroar, L50, F|\n|poke|p1|Porygon2, L50|\n|poke|p2|Pelipper, L50, F|\n|poke|p2|Incineroar, L50, M|\n|poke|p2|Palafin, L50, F|\n|poke|p2|Archaludon, L50, F|\n|poke|p2|Amoonguss, L50, F|\n|poke|p2|Farigiraf, L50, M|\n|teampreview|4\n|inactive|Battle timer is ON: inactive players will automatically lose when time's up. (requested by Djjwjwwjj)\n|j| Fancy Cucudrula\n|inactive|Cammyrupt14 has 60 seconds left.\n|inactive|Djjwjwwjj has 60 seconds left.\n|\n|t:|1732388391\n|start\n|switch|p1a: Vivillon|Vivillon-Icy Snow, L50, F|100\/100\n|switch|p1b: Archaludon|Archaludon, L50, F|100\/100\n|switch|p2a: Incineroar|Incineroar, L50, M|100\/100\n|switch|p2b: Farigiraf|Farigiraf, L50, M|100\/100\n|-ability|p2a: Incineroar|Intimidate|boost\n|-unboost|p1a: Vivillon|atk|1\n|-unboost|p1b: Archaludon|atk|1\n|turn|1\n|inactive|Cammyrupt14 has 30 seconds left.\n|\n|t:|1732388421\n|-terastallize|p1a: Vivillon|Ghost\n|move|p1b: Archaludon|Electro Shot||[still]\n|-prepare|p1b: Archaludon|Electro Shot\n|-boost|p1b: Archaludon|spa|1\n|-enditem|p1b: Archaludon|Power Herb\n|-anim|p1b: Archaludon|Electro Shot|p2b: Farigiraf\n|-damage|p2b: Farigiraf|45\/100\n|move|p1a: Vivillon|Sleep Powder|p2b: Farigiraf\n|-status|p2b: Farigiraf|slp|[from] move: Sleep Powder\n|move|p2a: Incineroar|Parting Shot|p1b: Archaludon\n|-unboost|p1b: Archaludon|atk|1\n|-unboost|p1b: Archaludon|spa|1\n|\n|t:|1732388434\n|switch|p2a: Archaludon|Archaludon, L50, F|100\/100|[from] Parting Shot\n|cant|p2b: Farigiraf|slp\n|\n|upkeep\n|turn|2\n|\n|t:|1732388456\n|switch|p1b: Ursaluna|Ursaluna, L50, F|100\/100\n|switch|p2b: Incineroar|Incineroar, L50, M|100\/100\n|-ability|p2b: Incineroar|Intimidate|boost\n|-unboost|p1a: Vivillon|atk|1\n|-unboost|p1b: Ursaluna|atk|1\n|-terastallize|p2a: Archaludon|Grass\n|move|p1a: Vivillon|Sleep Powder|p2a: Archaludon\n|-immune|p2a: Archaludon\n|move|p2a: Archaludon|Snarl|p1b: Ursaluna|[spread] p1a,p1b\n|-supereffective|p1a: Vivillon\n|-damage|p1a: Vivillon|50\/100\n|-damage|p1b: Ursaluna|89\/100\n|-unboost|p1a: Vivillon|spa|1\n|-unboost|p1b: Ursaluna|spa|1\n|\n|-status|p1b: Ursaluna|brn|[from] item: Flame Orb\n|upkeep\n|turn|3\n|inactive|Cammyrupt14 has 30 seconds left.\n|inactive|Djjwjwwjj has 30 seconds left.\n|inactive|Djjwjwwjj has 20 seconds left.\n|\n|t:|1732388493\n|switch|p2b: Pelipper|Pelipper, L50, F|100\/100\n|-weather|RainDance|[from] ability: Drizzle|[of] p2b: Pelipper\n|switch|p1b: Archaludon|Archaludon, L50, F|100\/100\n|move|p1a: Vivillon|Protect|p1a: Vivillon\n|-singleturn|p1a: Vivillon|Protect\n|move|p2a: Archaludon|Electro Shot||[still]\n|-prepare|p2a: Archaludon|Electro Shot\n|-boost|p2a: Archaludon|spa|1\n|-anim|p2a: Archaludon|Electro Shot|p1a: Vivillon\n|-activate|p1a: Vivillon|move: Protect\n|\n|-weather|RainDance|[upkeep]\n|upkeep\n|turn|4\n|inactive|Cammyrupt14 has 30 seconds left.\n|inactive|Djjwjwwjj has 30 seconds left.\n|inactive|Cammyrupt14 has 20 seconds left.\n|\n|t:|1732388529\n|move|p2b: Pelipper|Icy Wind|p1a: Vivillon|[spread] p1a,p1b\n|-damage|p1a: Vivillon|28\/100\n|-damage|p1b: Archaludon|84\/100\n|-unboost|p1a: Vivillon|spe|1\n|-unboost|p1b: Archaludon|spe|1\n|move|p2a: Archaludon|Dragon Pulse|p1b: Archaludon\n|-damage|p1b: Archaludon|6\/100\n|move|p1b: Archaludon|Electro Shot||[still]\n|-prepare|p1b: Archaludon|Electro Shot\n|-boost|p1b: Archaludon|spa|1\n|-anim|p1b: Archaludon|Electro Shot|p2b: Pelipper\n|-supereffective|p2b: Pelipper\n|-damage|p2b: Pelipper|0 fnt\n|faint|p2b: Pelipper\n|move|p1a: Vivillon|Hurricane|p2a: Archaludon\n|-supereffective|p2a: Archaludon\n|-damage|p2a: Archaludon|58\/100\n|-start|p2a: Archaludon|confusion\n|-ability|p2a: Archaludon|Stamina|boost\n|-boost|p2a: Archaludon|def|1\n|\n|-weather|RainDance|[upkeep]\n|upkeep\n|\n|t:|1732388551\n|switch|p2b: Incineroar|Incineroar, L50, M|100\/100\n|-ability|p2b: Incineroar|Intimidate|boost\n|-unboost|p1a: Vivillon|atk|1\n|-unboost|p1b: Archaludon|atk|1\n|turn|5\n|\n|t:|1732388567\n|switch|p1a: Porygon2|Porygon2, L50|100\/100\n|-ability|p1a: Porygon2|Download|boost\n|-boost|p1a: Porygon2|spa|1\n|move|p1b: Archaludon|Protect|p1b: Archaludon\n|-singleturn|p1b: Archaludon|Protect\n|-activate|p2a: Archaludon|confusion\n|move|p2a: Archaludon|Dragon Pulse|p1a: Porygon2\n|-damage|p1a: Porygon2|64\/100\n|move|p2b: Incineroar|Knock Off|p1b: Archaludon\n|-activate|p1b: Archaludon|move: Protect\n|\n|-weather|RainDance|[upkeep]\n|upkeep\n|turn|6\n|inactive|Cammyrupt14 has 30 seconds left.\n|inactive|Djjwjwwjj has 30 seconds left.\n|\n|t:|1732388599\n|-activate|p2a: Archaludon|confusion\n|-damage|p2a: Archaludon|54\/100|[from] confusion\n|move|p2b: Incineroar|Knock Off|p1b: Archaludon\n|-damage|p1b: Archaludon|0 fnt\n|faint|p1b: Archaludon\n|move|p1a: Porygon2|Ice Beam|p2a: Archaludon\n|-supereffective|p2a: Archaludon\n|-damage|p2a: Archaludon|0 fnt\n|faint|p2a: Archaludon\n|\n|-weather|RainDance|[upkeep]\n|upkeep\n|\n|t:|1732388610\n|switch|p1b: Vivillon|Vivillon-Icy Snow, L50, F, tera:Ghost|28\/100\n|switch|p2a: Farigiraf|Farigiraf, L50, M|45\/100 slp\n|turn|7\n|\n|t:|1732388623\n|-curestatus|p2a: Farigiraf|slp|[msg]\n|move|p2a: Farigiraf|Protect|p2a: Farigiraf\n|-singleturn|p2a: Farigiraf|Protect\n|move|p1b: Vivillon|Hurricane|p2a: Farigiraf\n|-activate|p2a: Farigiraf|move: Protect\n|move|p2b: Incineroar|Knock Off|p1a: Porygon2\n|-damage|p1a: Porygon2|39\/100\n|-enditem|p1a: Porygon2|Eviolite|[from] move: Knock Off|[of] p2b: Incineroar\n|move|p1a: Porygon2|Tera Blast|p2a: Farigiraf\n|-activate|p2a: Farigiraf|move: Protect\n|\n|-weather|none\n|upkeep\n|turn|8\n|inactive|Djjwjwwjj has 30 seconds left.\n|inactive|Cammyrupt14 has 30 seconds left.\n|\n|t:|1732388663\n|move|p1b: Vivillon|Tailwind|p1b: Vivillon\n|-sidestart|p1: Cammyrupt14|move: Tailwind\n|move|p1a: Porygon2|Tera Blast|p2a: Farigiraf\n|-damage|p2a: Farigiraf|1\/100\n|move|p2b: Incineroar|Flare Blitz|p1a: Porygon2\n|-damage|p1a: Porygon2|0 fnt\n|faint|p1a: Porygon2\n|-damage|p2b: Incineroar|89\/100|[from] Recoil\n|move|p2a: Farigiraf|Twin Beam|p1b: Vivillon\n|-damage|p1b: Vivillon|0 fnt\n|faint|p1b: Vivillon\n|-hitcount|p1: Vivillon|1\n|\n|upkeep\n|\n|t:|1732388668\n|switch|p1b: Ursaluna|Ursaluna, L50, F|89\/100 brn\n|turn|9\n|\n|t:|1732388691\n|move|p2a: Farigiraf|Protect|p2a: Farigiraf\n|-singleturn|p2a: Farigiraf|Protect\n|move|p1b: Ursaluna|Earthquake|p2b: Incineroar|[spread] p2b\n|-activate|p2a: Farigiraf|move: Protect\n|-supereffective|p2b: Incineroar\n|-damage|p2b: Incineroar|0 fnt\n|faint|p2b: Incineroar\n|\n|-damage|p1b: Ursaluna|83\/100 brn|[from] brn\n|upkeep\n|turn|10\n|-message|Djjwjwwjj forfeited.\n|\n|win|Cammyrupt14\n|raw|Cammyrupt14's rating: 1644 &rarr; <strong>1669<\/strong><br \/>(+25 for winning)\n|raw|Djjwjwwjj's rating: 1735 &rarr; <strong>1710<\/strong><br \/>(-25 for losing)\n|l|\u2606Djjwjwwjj\n|player|p2|\n","uploadtime":1732388928,"views":8,"formatid":"gen9vgc2024regh","rating":1669,"private":0,"password":null}