{"id":"gen9vgc2024regh-2249601115","format":"[Gen 9] VGC 2024 Reg H","players":["Azure-Saffron","infinitygroudon"],"log":"|j|\u2606Azure-Saffron\n|j|\u2606infinitygroudon\n|t:|1732375549\n|gametype|doubles\n|player|p1|Azure-Saffron|carmine|1653\n|player|p2|infinitygroudon|169|1706\n|teamsize|p1|6\n|teamsize|p2|6\n|gen|9\n|tier|[Gen 9] VGC 2024 Reg H\n|rated|\n|rule|Species Clause: Limit one of each Pok\u00e9mon\n|rule|Item Clause: Limit 1 of each item\n|clearpoke\n|poke|p1|Kleavor, L50, M|\n|poke|p1|Sneasler, L50, F|\n|poke|p1|Indeedee, L50, M|\n|poke|p1|Dragapult, L50, M|\n|poke|p1|Archaludon, L50, F|\n|poke|p1|Ursaluna-Bloodmoon, L50, M|\n|poke|p2|Krookodile, L50, M|\n|poke|p2|Clefairy, L50, F|\n|poke|p2|Smeargle, L50, M|\n|poke|p2|Flamigo, L50, F|\n|poke|p2|Dragonite, L50, F|\n|poke|p2|Dragapult, L50, M|\n|teampreview|4\n|\n|t:|1732375573\n|start\n|switch|p1a: Mofongo|Kleavor, L50, M|100\/100\n|switch|p1b: Dragapult|Dragapult, L50, M|100\/100\n|switch|p2a: Snoopy|Smeargle, L50, M, shiny|100\/100\n|switch|p2b: Ramses|Krookodile, L50, M, shiny|100\/100\n|turn|1\n|\n|t:|1732375592\n|move|p2a: Snoopy|Fake Out|p1a: Mofongo\n|-resisted|p1a: Mofongo\n|-damage|p1a: Mofongo|98\/100\n|move|p1b: Dragapult|Dragon Darts|p2a: Snoopy\n|-damage|p2a: Snoopy|7\/100\n|-anim|p1b: Dragapult|Dragon Darts|p2b: Ramses\n|-damage|p2b: Ramses|55\/100\n|cant|p1a: Mofongo|flinch\n|move|p2b: Ramses|Earthquake|p1a: Mofongo|[spread] p2a,p1a,p1b\n|-damage|p2a: Snoopy|0 fnt\n|-damage|p1a: Mofongo|57\/100\n|-damage|p1b: Dragapult|50\/100\n|faint|p2a: Snoopy\n|\n|upkeep\n|\n|t:|1732375603\n|switch|p2a: Los Dardos|Dragapult, L50, M|100\/100\n|turn|2\n|\n|t:|1732375615\n|-terastallize|p2a: Los Dardos|Dragon\n|move|p2a: Los Dardos|Dragon Darts|p1b: Dragapult\n|-supereffective|p1b: Dragapult\n|-damage|p1b: Dragapult|0 fnt\n|-anim|p2a: Los Dardos|Dragon Darts|p1a: Mofongo\n|-damage|p1a: Mofongo|0 fnt\n|faint|p1b: Dragapult\n|faint|p1a: Mofongo\n|move|p2b: Ramses|Knock Off|p1: Mofongo|[notarget]\n|-fail|p2b: Ramses\n|\n|upkeep\n|\n|t:|1732375619\n|switch|p1b: Indeedee|Indeedee, L50, M|100\/100\n|switch|p1a: Sneasler|Sneasler, L50, F|100\/100\n|-fieldstart|move: Psychic Terrain|[from] ability: Psychic Surge|[of] p1b: Indeedee\n|-enditem|p1a: Sneasler|Psychic Seed\n|-boost|p1a: Sneasler|spd|1|[from] item: Psychic Seed\n|turn|3\n|\n|t:|1732375638\n|-terastallize|p1a: Sneasler|Stellar\n|move|p2b: Ramses|Protect|p2b: Ramses\n|-singleturn|p2b: Ramses|Protect\n|move|p1a: Sneasler|Close Combat|p2a: Los Dardos\n|-damage|p2a: Los Dardos|0 fnt\n|-unboost|p1a: Sneasler|def|1\n|-unboost|p1a: Sneasler|spd|1\n|faint|p2a: Los Dardos\n|move|p1b: Indeedee|Hyper Voice|p2b: Ramses\n|-activate|p2b: Ramses|move: Protect\n|\n|upkeep\n|\n|t:|1732375645\n|switch|p2a: Chardonnay|Flamigo, L50, F, shiny|100\/100\n|-copyboost|p2a: Chardonnay|p2b: Ramses|[from] ability: Costar\n|turn|4\n|j| bluestraggler02\n|\n|t:|1732375656\n|move|p2a: Chardonnay|Wide Guard|p2a: Chardonnay\n|-singleturn|p2a: Chardonnay|Wide Guard\n|move|p1a: Sneasler|Close Combat|p2b: Ramses\n|-supereffective|p2b: Ramses\n|-damage|p2b: Ramses|0 fnt\n|-unboost|p1a: Sneasler|def|1\n|-unboost|p1a: Sneasler|spd|1\n|faint|p2b: Ramses\n|move|p1b: Indeedee|Hyper Voice|p2a: Chardonnay\n|-activate|p2a: Chardonnay|move: Wide Guard\n|\n|upkeep\n|turn|5\n|\n|t:|1732375664\n|move|p1a: Sneasler|Dire Claw|p2a: Chardonnay\n|-crit|p2a: Chardonnay\n|-damage|p2a: Chardonnay|0 fnt\n|faint|p2a: Chardonnay\n|\n|win|Azure-Saffron\n|raw|Azure-Saffron's rating: 1653 &rarr; <strong>1676<\/strong><br \/>(+23 for winning)\n|raw|infinitygroudon's rating: 1706 &rarr; <strong>1683<\/strong><br \/>(-23 for losing)\n|l|\u2606infinitygroudon\n|player|p2|\n|l|\u2606Azure-Saffron\n|player|p1|\n|l| bluestraggler02\n","uploadtime":1732375919,"views":12,"formatid":"gen9vgc2024regh","rating":1676,"private":0,"password":null}