{"id":"gen9vgc2024regh-2249610513","format":"[Gen 9] VGC 2024 Reg H","players":["VGCLTH Python","VGCLTH ladderboy66"],"log":"|raw|<div class=\"broadcast-blue\"><strong>This battle is required to be public due to a player having a name starting with 'vgclth'.<\/div>\n|j|\u2606VGCLTH Python\n|j|\u2606VGCLTH ladderboy66\n|t:|1732376830\n|gametype|doubles\n|player|p1|VGCLTH Python|yellow|1685\n|player|p2|VGCLTH ladderboy66|169|1677\n|teamsize|p1|6\n|teamsize|p2|6\n|gen|9\n|tier|[Gen 9] VGC 2024 Reg H\n|rated|\n|rule|Species Clause: Limit one of each Pok\u00e9mon\n|rule|Item Clause: Limit 1 of each item\n|clearpoke\n|poke|p1|Indeedee-F, L50, F|\n|poke|p1|Gallade, L50, M|\n|poke|p1|Torkoal, L50, F|\n|poke|p1|Ursaluna, L50, F|\n|poke|p1|Exeggutor, L50, F|\n|poke|p1|Zoroark-Hisui, L50, M|\n|poke|p2|Archaludon, L50, M|\n|poke|p2|Whimsicott, L50, M|\n|poke|p2|Pelipper, L50, M|\n|poke|p2|Basculegion, L50, M|\n|poke|p2|Gholdengo, L50|\n|poke|p2|Rillaboom, L50, F|\n|teampreview|4\n|j| futonkagebunshin\n|inactive|Battle timer is ON: inactive players will automatically lose when time's up. (requested by VGCLTH Python)\n|\n|t:|1732376871\n|start\n|switch|p1a: Gallade|Gallade, L50, M|100\/100\n|switch|p1b: Indeedee|Indeedee-F, L50, F|100\/100\n|switch|p2a: Gholdengo|Gholdengo, L50|100\/100\n|switch|p2b: Basculegion|Basculegion, L50, M|100\/100\n|-fieldstart|move: Psychic Terrain|[from] ability: Psychic Surge|[of] p1b: Indeedee\n|turn|1\n|\n|t:|1732376884\n|move|p2a: Gholdengo|Trick|p1a: Gallade\n|-activate|p2a: Gholdengo|move: Trick|[of] p1a: Gallade\n|-item|p1a: Gallade|Choice Specs|[from] move: Trick\n|-item|p2a: Gholdengo|Scope Lens|[from] move: Trick\n|move|p2b: Basculegion|Substitute|p2b: Basculegion\n|-start|p2b: Basculegion|Substitute\n|-damage|p2b: Basculegion|76\/100\n|move|p1a: Gallade|Psycho Cut|p2b: Basculegion\n|-end|p2b: Basculegion|Substitute\n|move|p1b: Indeedee|Trick Room|p1b: Indeedee\n|-fieldstart|move: Trick Room|[of] p1b: Indeedee\n|\n|upkeep\n|turn|2\n|\n|t:|1732376905\n|switch|p1b: Torkoal|Torkoal, L50, F|100\/100\n|-weather|SunnyDay|[from] ability: Drought|[of] p1b: Torkoal\n|switch|p2b: Archaludon|Archaludon, L50, M|100\/100\n|move|p1a: Gallade|Psycho Cut|p2b: Archaludon\n|-resisted|p2b: Archaludon\n|-damage|p2b: Archaludon|75\/100\n|-ability|p2b: Archaludon|Stamina|boost\n|-boost|p2b: Archaludon|def|1\n|move|p2a: Gholdengo|Make It Rain|p1b: Torkoal|[spread] p1a,p1b\n|-crit|p1a: Gallade\n|-resisted|p1b: Torkoal\n|-damage|p1a: Gallade|27\/100\n|-damage|p1b: Torkoal|64\/100\n|-unboost|p2a: Gholdengo|spa|1\n|\n|-weather|SunnyDay|[upkeep]\n|upkeep\n|turn|3\n|inactive|VGCLTH ladderboy66 has 30 seconds left.\n|\n|t:|1732376936\n|switch|p1b: Indeedee|Indeedee-F, L50, F|100\/100\n|switch|p1a: Exeggutor|Exeggutor, L50, F|100\/100\n|switch|p2a: Pelipper|Pelipper, L50, M|100\/100\n|-weather|RainDance|[from] ability: Drizzle|[of] p2a: Pelipper\n|move|p2b: Archaludon|Electro Shot||[still]\n|-prepare|p2b: Archaludon|Electro Shot\n|-boost|p2b: Archaludon|spa|1\n|-anim|p2b: Archaludon|Electro Shot|p1b: Indeedee\n|-damage|p1b: Indeedee|43\/100\n|\n|-weather|RainDance|[upkeep]\n|upkeep\n|turn|4\n|inactive|VGCLTH Python has 30 seconds left.\n|\n|t:|1732376968\n|move|p1b: Indeedee|Psychic|p2a: Pelipper\n|-damage|p2a: Pelipper|43\/100\n|move|p2b: Archaludon|Snarl|p1a: Exeggutor|[spread] p1a,p1b\n|-supereffective|p1a: Exeggutor\n|-supereffective|p1b: Indeedee\n|-damage|p1a: Exeggutor|46\/100\n|-damage|p1b: Indeedee|5\/100\n|-unboost|p1a: Exeggutor|spa|1\n|-unboost|p1b: Indeedee|spa|1\n|move|p2a: Pelipper|Hurricane|p1a: Exeggutor\n|-supereffective|p1a: Exeggutor\n|-damage|p1a: Exeggutor|0 fnt\n|faint|p1a: Exeggutor\n|-damage|p2a: Pelipper|34\/100|[from] item: Life Orb\n|\n|-weather|RainDance|[upkeep]\n|upkeep\n|\n|t:|1732376984\n|switch|p1a: Torkoal|Torkoal, L50, F|64\/100\n|-weather|SunnyDay|[from] ability: Drought|[of] p1a: Torkoal\n|turn|5\n|-message|VGCLTH Python forfeited.\n|\n|win|VGCLTH ladderboy66\n|raw|VGCLTH Python's rating: 1685 &rarr; <strong>1665<\/strong><br \/>(-20 for losing)\n|raw|VGCLTH ladderboy66's rating: 1677 &rarr; <strong>1697<\/strong><br \/>(+20 for winning)\n|l|\u2606VGCLTH Python\n|player|p1|\n|l|\u2606VGCLTH ladderboy66\n|player|p2|\n","uploadtime":1732377164,"views":5,"formatid":"gen9vgc2024regh","rating":1665,"private":0,"password":null}