{"id":"gen9vgc2024regh-2249854879","format":"[Gen 9] VGC 2024 Reg H","players":["TheOnlyFizzo","Proffesor_Karrot"],"log":"|j|\u2606TheOnlyFizzo\n|j|\u2606Proffesor_Karrot\n|t:|1732407986\n|gametype|doubles\n|player|p1|TheOnlyFizzo|266|1699\n|player|p2|Proffesor_Karrot|lady|1648\n|teamsize|p1|6\n|teamsize|p2|6\n|gen|9\n|tier|[Gen 9] VGC 2024 Reg H\n|rated|\n|rule|Species Clause: Limit one of each Pok\u00e9mon\n|rule|Item Clause: Limit 1 of each item\n|clearpoke\n|poke|p1|Sneasler, L50, F|\n|poke|p1|Indeedee, L50, M|\n|poke|p1|Gholdengo, L50|\n|poke|p1|Murkrow, L50, F|\n|poke|p1|Ursaluna, L50, M|\n|poke|p1|Zoroark-Hisui, L50, F|\n|poke|p2|Incineroar, L50, F|\n|poke|p2|Rillaboom, L50, F|\n|poke|p2|Chesnaught, L50, F|\n|poke|p2|Volcarona, L50, F|\n|poke|p2|Primarina, L50, F|\n|poke|p2|Dragonite, L50, F|\n|teampreview|4\n|inactive|Battle timer is ON: inactive players will automatically lose when time's up. (requested by Proffesor_Karrot)\n|\n|t:|1732408011\n|start\n|switch|p1a: Gholdengo|Gholdengo, L50|100\/100\n|switch|p1b: Sneasler|Sneasler, L50, F|100\/100\n|switch|p2a: Incineroar|Incineroar, L50, F, shiny|100\/100\n|switch|p2b: Volcarona|Volcarona, L50, F|100\/100\n|-ability|p2a: Incineroar|Intimidate|boost\n|-unboost|p1a: Gholdengo|atk|1\n|-unboost|p1b: Sneasler|atk|1\n|turn|1\n|inactive|TheOnlyFizzo has 30 seconds left.\n|inactive|TheOnlyFizzo has 20 seconds left.\n|inactive|TheOnlyFizzo has 15 seconds left.\n|\n|t:|1732408053\n|-terastallize|p1a: Gholdengo|Steel\n|-terastallize|p2a: Incineroar|Ghost\n|move|p1b: Sneasler|Fake Tears|p2b: Volcarona\n|-unboost|p2b: Volcarona|spd|2\n|move|p1a: Gholdengo|Make It Rain|p2a: Incineroar|[spread] p2a,p2b\n|-resisted|p2b: Volcarona\n|-damage|p2a: Incineroar|20\/100\n|-damage|p2b: Volcarona|10\/100\n|-unboost|p1a: Gholdengo|spa|1\n|move|p2b: Volcarona|Tailwind|p2b: Volcarona\n|-sidestart|p2: Proffesor_Karrot|move: Tailwind\n|move|p2a: Incineroar|Flare Blitz|p1a: Gholdengo\n|-supereffective|p1a: Gholdengo\n|-damage|p1a: Gholdengo|0 fnt\n|faint|p1a: Gholdengo\n|-damage|p2a: Incineroar|0 fnt|[from] Recoil\n|faint|p2a: Incineroar\n|\n|upkeep\n|\n|t:|1732408075\n|switch|p1a: Sneasler|Sneasler, L50, F|100\/100\n|switch|p2a: Primarina|Primarina, L50, F, shiny|100\/100\n|turn|2\n|inactive|TheOnlyFizzo has 30 seconds left.\n|inactive|TheOnlyFizzo has 20 seconds left.\n|\n|t:|1732408111\n|switch|p1b: Indeedee|Indeedee, L50, M|100\/100\n|-fieldstart|move: Psychic Terrain|[from] ability: Psychic Surge|[of] p1b: Indeedee\n|-enditem|p1a: Sneasler|Psychic Seed\n|-boost|p1a: Sneasler|spd|1|[from] item: Psychic Seed\n|move|p2b: Volcarona|Rage Powder|p2b: Volcarona\n|-singleturn|p2b: Volcarona|move: Rage Powder\n|move|p1a: Sneasler|Dire Claw|p2b: Volcarona\n|-damage|p2b: Volcarona|0 fnt\n|faint|p2b: Volcarona\n|move|p2a: Primarina|Hyper Voice|p1b: Indeedee|[spread] p1a,p1b\n|-damage|p1a: Sneasler|47\/100\n|-damage|p1b: Indeedee|25\/100\n|\n|upkeep\n|\n|t:|1732408122\n|switch|p2b: Rillaboom|Rillaboom, L50, F, shiny|100\/100\n|-fieldstart|move: Grassy Terrain|[from] ability: Grassy Surge|[of] p2b: Rillaboom\n|turn|3\n|j| futonkagebunshin\n|inactive|TheOnlyFizzo has 30 seconds left.\n|\n|t:|1732408156\n|switch|p1b: Indeedee|Indeedee, L50, M|100\/100\n|move|p1a: Sneasler|Protect|p1a: Sneasler\n|-singleturn|p1a: Sneasler|Protect\n|move|p2b: Rillaboom|Fake Out|p1a: Sneasler\n|-activate|p1a: Sneasler|move: Protect\n|move|p2a: Primarina|Hyper Voice|p1b: Indeedee|[spread] p1b\n|-activate|p1a: Sneasler|move: Protect\n|-damage|p1b: Indeedee|0 fnt\n|replace|p1b: Zoroark|Zoroark-Hisui, L50, F\n|-end|p1b: Zoroark|Illusion\n|faint|p1b: Zoroark\n|\n|-heal|p1a: Sneasler|52\/100|[from] Grassy Terrain\n|upkeep\n|\n|t:|1732408172\n|switch|p1b: Indeedee|Indeedee, L50, M|25\/100\n|-fieldstart|move: Psychic Terrain|[from] ability: Psychic Surge|[of] p1b: Indeedee\n|turn|4\n|inactive|TheOnlyFizzo has 30 seconds left.\n|inactive|TheOnlyFizzo has 20 seconds left.\n|inactive|TheOnlyFizzo has 15 seconds left.\n|\n|t:|1732408217\n|move|p1b: Indeedee|Protect|p1b: Indeedee\n|-singleturn|p1b: Indeedee|Protect\n|move|p1a: Sneasler|Dire Claw|p2b: Rillaboom\n|-supereffective|p2b: Rillaboom\n|-damage|p2b: Rillaboom|21\/100\n|move|p2b: Rillaboom|Wood Hammer|p1a: Sneasler\n|-resisted|p1a: Sneasler\n|-damage|p1a: Sneasler|0 fnt\n|faint|p1a: Sneasler\n|-damage|p2b: Rillaboom|8\/100|[from] Recoil\n|move|p2a: Primarina|Hyper Voice|p1b: Indeedee\n|-activate|p1b: Indeedee|move: Protect\n|\n|-sideend|p2: Proffesor_Karrot|move: Tailwind\n|upkeep\n|turn|5\n|\n|t:|1732408236\n|move|p1b: Indeedee|Expanding Force|p2a: Primarina|[spread] p2a,p2b\n|-damage|p2a: Primarina|56\/100\n|-damage|p2b: Rillaboom|0 fnt\n|faint|p2b: Rillaboom\n|move|p2a: Primarina|Hyper Voice|p1b: Indeedee\n|-damage|p1b: Indeedee|0 fnt\n|faint|p1b: Indeedee\n|\n|win|Proffesor_Karrot\n|raw|TheOnlyFizzo's rating: 1699 &rarr; <strong>1676<\/strong><br \/>(-23 for losing)\n|raw|Proffesor_Karrot's rating: 1648 &rarr; <strong>1671<\/strong><br \/>(+23 for winning)\n|l|\u2606TheOnlyFizzo\n|player|p1|\n|l|\u2606Proffesor_Karrot\n|player|p2|\n|l| futonkagebunshin\n","uploadtime":1732408428,"views":5,"formatid":"gen9vgc2024regh","rating":1671,"private":0,"password":null}