{"id":"gen9vgc2024regh-2249575972","format":"[Gen 9] VGC 2024 Reg H","players":["VGCLTH Python","ikkust"],"log":"|raw|<div class=\"broadcast-blue\"><strong>This battle is required to be public due to a player having a name starting with 'vgclth'.<\/div>\n|j|\u2606VGCLTH Python\n|j|\u2606ikkust\n|t:|1732371931\n|gametype|doubles\n|player|p1|VGCLTH Python|yellow|1689\n|player|p2|ikkust|pryce|1716\n|teamsize|p1|6\n|teamsize|p2|6\n|gen|9\n|tier|[Gen 9] VGC 2024 Reg H\n|rated|\n|rule|Species Clause: Limit one of each Pok\u00e9mon\n|rule|Item Clause: Limit 1 of each item\n|clearpoke\n|poke|p1|Volcarona, L50, M|\n|poke|p1|Gholdengo, L50|\n|poke|p1|Electabuzz, L50, M|\n|poke|p1|Gastrodon, L50, F|\n|poke|p1|Dragonite, L50, F|\n|poke|p1|Rillaboom, L50, F|\n|poke|p2|Annihilape, L50, M|\n|poke|p2|Whimsicott, L50, F|\n|poke|p2|Ursaluna-Bloodmoon, L50, M|\n|poke|p2|Sneasler, L50, F|\n|poke|p2|Archaludon, L50, M|\n|poke|p2|Indeedee, L50, M|\n|teampreview|4\n|\n|t:|1732371980\n|start\n|switch|p1a: Electabuzz|Electabuzz, L50, M|100\/100\n|switch|p1b: Volcarona|Volcarona, L50, M|100\/100\n|switch|p2a: Annihilape|Annihilape, L50, M|100\/100\n|switch|p2b: Whimsicott|Whimsicott, L50, F|100\/100\n|turn|1\n|j| bluestraggler02\n|\n|t:|1732372007\n|move|p1a: Electabuzz|Protect|p1a: Electabuzz\n|-singleturn|p1a: Electabuzz|Protect\n|move|p2b: Whimsicott|Tailwind|p2b: Whimsicott\n|-sidestart|p2: ikkust|move: Tailwind\n|move|p2a: Annihilape|Final Gambit|p1b: Volcarona\n|-damage|p1b: Volcarona|0 fnt\n|faint|p2a: Annihilape\n|faint|p1b: Volcarona\n|\n|upkeep\n|\n|t:|1732372017\n|switch|p1b: Rillaboom|Rillaboom, L50, F|100\/100\n|switch|p2a: Ursaluna|Ursaluna-Bloodmoon, L50, M|100\/100\n|-fieldstart|move: Grassy Terrain|[from] ability: Grassy Surge|[of] p1b: Rillaboom\n|turn|2\n|\n|t:|1732372037\n|-terastallize|p1b: Rillaboom|Grass\n|move|p2a: Ursaluna|Protect|p2a: Ursaluna\n|-singleturn|p2a: Ursaluna|Protect\n|move|p1a: Electabuzz|Feint|p2a: Ursaluna\n|-activate|p2a: Ursaluna|move: Feint\n|-damage|p2a: Ursaluna|96\/100\n|move|p2b: Whimsicott|Taunt|p1a: Electabuzz\n|-start|p1a: Electabuzz|move: Taunt\n|move|p1b: Rillaboom|Grassy Glide|p2a: Ursaluna\n|-supereffective|p2a: Ursaluna\n|-damage|p2a: Ursaluna|0 fnt\n|faint|p2a: Ursaluna\n|\n|upkeep\n|\n|t:|1732372049\n|switch|p2a: Archaludon|Archaludon, L50, M|100\/100\n|turn|3\n|j| futonkagebunshin\n|\n|t:|1732372068\n|move|p2b: Whimsicott|Beat Up|p2a: Archaludon\n|-damage|p2a: Archaludon|99\/100\n|-ability|p2a: Archaludon|Stamina|boost\n|-boost|p2a: Archaludon|def|1\n|-damage|p2a: Archaludon|98\/100\n|-ability|p2a: Archaludon|Stamina|boost\n|-boost|p2a: Archaludon|def|1\n|-hitcount|p2a: Archaludon|2\n|move|p2a: Archaludon|Body Press|p1b: Rillaboom\n|-damage|p1b: Rillaboom|51\/100\n|move|p1a: Electabuzz|Thunderbolt|p2b: Whimsicott\n|-resisted|p2b: Whimsicott\n|-damage|p2b: Whimsicott|76\/100\n|move|p1b: Rillaboom|Wood Hammer|p2b: Whimsicott\n|-resisted|p2b: Whimsicott\n|-damage|p2b: Whimsicott|0 fnt\n|faint|p2b: Whimsicott\n|-damage|p1b: Rillaboom|34\/100|[from] Recoil\n|\n|-heal|p2a: Archaludon|100\/100|[from] Grassy Terrain\n|-heal|p1b: Rillaboom|40\/100|[from] Grassy Terrain\n|upkeep\n|turn|4\n|\n|t:|1732372086\n|switch|p1a: Gastrodon|Gastrodon, L50, F|100\/100\n|move|p2a: Archaludon|Body Press|p1b: Rillaboom\n|-damage|p1b: Rillaboom|0 fnt\n|faint|p1b: Rillaboom\n|\n|-sideend|p2: ikkust|move: Tailwind\n|upkeep\n|\n|t:|1732372090\n|switch|p1b: Electabuzz|Electabuzz, L50, M|100\/100\n|turn|5\n|\n|t:|1732372097\n|-terastallize|p2a: Archaludon|Fighting\n|move|p1b: Electabuzz|Follow Me|p1b: Electabuzz\n|-singleturn|p1b: Electabuzz|move: Follow Me\n|move|p2a: Archaludon|Body Press|p1b: Electabuzz\n|-crit|p1b: Electabuzz\n|-damage|p1b: Electabuzz|3\/100\n|move|p1a: Gastrodon|Earth Power|p2a: Archaludon\n|-damage|p2a: Archaludon|79\/100\n|-ability|p2a: Archaludon|Stamina|boost\n|-boost|p2a: Archaludon|def|1\n|\n|-heal|p1b: Electabuzz|9\/100|[from] Grassy Terrain\n|-heal|p2a: Archaludon|85\/100|[from] Grassy Terrain\n|upkeep\n|turn|6\n|\n|t:|1732372109\n|move|p1b: Electabuzz|Follow Me|p1b: Electabuzz\n|-singleturn|p1b: Electabuzz|move: Follow Me\n|move|p2a: Archaludon|Snarl|p1b: Electabuzz|[spread] p1a,p1b\n|-damage|p1a: Gastrodon|90\/100\n|-damage|p1b: Electabuzz|0 fnt\n|-unboost|p1a: Gastrodon|spa|1\n|faint|p1b: Electabuzz\n|move|p1a: Gastrodon|Clear Smog|p2a: Archaludon\n|-damage|p2a: Archaludon|79\/100\n|-clearboost|p2a: Archaludon\n|-ability|p2a: Archaludon|Stamina|boost\n|-boost|p2a: Archaludon|def|1\n|\n|-heal|p2a: Archaludon|85\/100|[from] Grassy Terrain\n|-heal|p1a: Gastrodon|96\/100|[from] Grassy Terrain\n|-fieldend|move: Grassy Terrain\n|upkeep\n|turn|7\n|-message|VGCLTH Python forfeited.\n|\n|win|ikkust\n|raw|VGCLTH Python's rating: 1689 &rarr; <strong>1671<\/strong><br \/>(-18 for losing)\n|raw|ikkust's rating: 1716 &rarr; <strong>1734<\/strong><br \/>(+18 for winning)\n|l|\u2606VGCLTH Python\n|player|p1|\n|l| bluestraggler02\n|l|\u2606ikkust\n|player|p2|\n","uploadtime":1732372321,"views":14,"formatid":"gen9vgc2024regh","rating":1671,"private":0,"password":null}