{"id":"gen9vgc2024regh-2249826358","format":"[Gen 9] VGC 2024 Reg H","players":["actuary97","KaeDeeeeee"],"log":"|j|\u2606actuary97\n|j|\u2606KaeDeeeeee\n|t:|1732404229\n|gametype|doubles\n|player|p1|actuary97|sabrina-frlg|1725\n|player|p2|KaeDeeeeee|gardenia|1800\n|teamsize|p1|6\n|teamsize|p2|6\n|gen|9\n|tier|[Gen 9] VGC 2024 Reg H\n|rated|\n|rule|Species Clause: Limit one of each Pok\u00e9mon\n|rule|Item Clause: Limit 1 of each item\n|clearpoke\n|poke|p1|Whimsicott, L50, F|\n|poke|p1|Gallade, L50, M|\n|poke|p1|Archaludon, L50, F|\n|poke|p1|Malamar, L50, F|\n|poke|p1|Indeedee, L50, M|\n|poke|p1|Drifblim, L50, M|\n|poke|p2|Dondozo, L50, M|\n|poke|p2|Tatsugiri, L50, F|\n|poke|p2|Pelipper, L50, M|\n|poke|p2|Basculegion, L50, M|\n|poke|p2|Archaludon, L50, M|\n|poke|p2|Kingdra, L50, F|\n|teampreview|4\nactuary97 has agreed to open team sheets.\n|\n|t:|1732404282\n|start\n|switch|p1a: Mischief Mother|Whimsicott, L50, F, shiny|100\/100\n|switch|p1b: Tapu Deedee|Indeedee, L50, M, shiny|100\/100\n|switch|p2a: Dondozo|Dondozo, L50, M|100\/100\n|switch|p2b: Pelipper|Pelipper, L50, M|100\/100\n|-fieldstart|move: Psychic Terrain|[from] ability: Psychic Surge|[of] p1b: Tapu Deedee\n|-weather|RainDance|[from] ability: Drizzle|[of] p2b: Pelipper\n|turn|1\n|\n|t:|1732404302\n|switch|p2b: Tatsugiri|Tatsugiri, L50, F|100\/100\n|-activate|p2b: Tatsugiri|ability: Commander|[of] p2a: Dondozo\n|-boost|p2a: Dondozo|atk|2\n|-boost|p2a: Dondozo|spa|2\n|-boost|p2a: Dondozo|spe|2\n|-boost|p2a: Dondozo|def|2\n|-boost|p2a: Dondozo|spd|2\n|move|p1a: Mischief Mother|Moonblast|p2b: Tatsugiri|[miss]\n|-miss|p1a: Mischief Mother|p2b: Tatsugiri\n|move|p2a: Dondozo|Surf|p1a: Mischief Mother|[spread] p1a,p1b\n|-miss|p2a: Dondozo|p2b: Tatsugiri\n|-resisted|p1a: Mischief Mother\n|-damage|p1a: Mischief Mother|8\/100\n|-damage|p1b: Tapu Deedee|0 fnt\n|faint|p1b: Tapu Deedee\n|\n|-weather|RainDance|[upkeep]\n|upkeep\n|\n|t:|1732404305\n|switch|p1b: Malamother|Malamar, L50, F|100\/100\n|turn|2\n|\n|t:|1732404322\n|move|p1a: Mischief Mother|Tailwind|p1a: Mischief Mother\n|-sidestart|p1: actuary97|move: Tailwind\n|move|p1b: Malamother|Topsy-Turvy|p2a: Dondozo\n|-invertboost|p2a: Dondozo|[from] move: Topsy-Turvy\n|move|p2a: Dondozo|Surf|p1a: Mischief Mother|[spread] p1a,p1b\n|-miss|p2a: Dondozo|p2b: Tatsugiri\n|-resisted|p1a: Mischief Mother\n|-damage|p1a: Mischief Mother|0 fnt\n|-damage|p1b: Malamother|74\/100\n|faint|p1a: Mischief Mother\n|\n|-weather|RainDance|[upkeep]\n|upkeep\n|\n|t:|1732404326\n|switch|p1a: Bridget|Archaludon, L50, F, shiny|100\/100\n|turn|3\n|\n|t:|1732404337\n|move|p1a: Bridget|Electro Shot||[still]\n|-prepare|p1a: Bridget|Electro Shot\n|-boost|p1a: Bridget|spa|1\n|-anim|p1a: Bridget|Electro Shot|p2a: Dondozo\n|-supereffective|p2a: Dondozo\n|-damage|p2a: Dondozo|0 fnt\n|faint|p2a: Dondozo\n|move|p1b: Malamother|Superpower|p2b: Tatsugiri\n|-damage|p2b: Tatsugiri|43\/100\n|-boost|p1b: Malamother|atk|1\n|-boost|p1b: Malamother|def|1\n|\n|-weather|RainDance|[upkeep]\n|upkeep\n|\n|t:|1732404350\n|switch|p2a: Pelipper|Pelipper, L50, M|100\/100\n|turn|4\n|\n|t:|1732404363\n|-terastallize|p2a: Pelipper|Ghost\n|move|p2b: Tatsugiri|Protect|p2b: Tatsugiri\n|-singleturn|p2b: Tatsugiri|Protect\n|move|p1a: Bridget|Electro Shot||[still]\n|-prepare|p1a: Bridget|Electro Shot\n|-boost|p1a: Bridget|spa|1\n|-anim|p1a: Bridget|Electro Shot|p2b: Tatsugiri\n|-activate|p2b: Tatsugiri|move: Protect\n|move|p1b: Malamother|Superpower|p2a: Pelipper\n|-immune|p2a: Pelipper\n|move|p2a: Pelipper|Tailwind|p2a: Pelipper\n|-sidestart|p2: KaeDeeeeee|move: Tailwind\n|\n|-weather|RainDance|[upkeep]\n|upkeep\n|turn|5\n|j| number86\n|j| jggyfhgdh\n|\n|t:|1732404384\n|move|p2b: Tatsugiri|Draco Meteor|p1b: Malamother\n|-damage|p1b: Malamother|11\/100\n|-unboost|p2b: Tatsugiri|spa|2\n|-enditem|p1b: Malamother|Sitrus Berry|[eat]\n|-heal|p1b: Malamother|36\/100|[from] item: Sitrus Berry\n|move|p2a: Pelipper|Weather Ball|p1b: Malamother\n|-damage|p1b: Malamother|0 fnt\n|faint|p1b: Malamother\n|move|p1a: Bridget|Electro Shot||[still]\n|-prepare|p1a: Bridget|Electro Shot\n|-boost|p1a: Bridget|spa|1\n|-anim|p1a: Bridget|Electro Shot|p2b: Tatsugiri\n|-damage|p2b: Tatsugiri|0 fnt\n|faint|p2b: Tatsugiri\n|\n|-weather|RainDance|[upkeep]\n|-sideend|p1: actuary97|move: Tailwind\n|-fieldend|move: Psychic Terrain\n|upkeep\n|\n|t:|1732404402\n|switch|p2b: Basculegion|Basculegion, L50, M|100\/100\n|turn|6\n|\n|t:|1732404411\n|move|p2b: Basculegion|Last Respects|p1a: Bridget\n|-damage|p1a: Bridget|13\/100\n|-ability|p1a: Bridget|Stamina|boost\n|-boost|p1a: Bridget|def|1\n|move|p2a: Pelipper|Weather Ball|p1a: Bridget\n|-resisted|p1a: Bridget\n|-damage|p1a: Bridget|0 fnt\n|faint|p1a: Bridget\n|\n|win|KaeDeeeeee\n|raw|actuary97's rating: 1725 &rarr; <strong>1709<\/strong><br \/>(-16 for losing)\n|raw|KaeDeeeeee's rating: 1800 &rarr; <strong>1816<\/strong><br \/>(+16 for winning)\n|c|\u2606actuary97|gg\n|l|\u2606actuary97\n|player|p1|\n|l|\u2606KaeDeeeeee\n|player|p2|\n|l| number86\n","uploadtime":1732404680,"views":22,"formatid":"gen9vgc2024regh","rating":1709,"private":0,"password":null}