{"id":"gen9vgc2024regh-2249019216","format":"[Gen 9] VGC 2024 Reg H","players":["Proffesor_karrot","KD-Alt-711"],"log":"|j|\u2606Proffesor_karrot\n|j|\u2606KD-Alt-711\n|t:|1732291713\n|gametype|doubles\n|player|p1|Proffesor_karrot|lady|1694\n|player|p2|KD-Alt-711|266|1686\n|teamsize|p1|6\n|teamsize|p2|6\n|gen|9\n|tier|[Gen 9] VGC 2024 Reg H\n|rated|\n|rule|Species Clause: Limit one of each Pok\u00e9mon\n|rule|Item Clause: Limit 1 of each item\n|clearpoke\n|poke|p1|Incineroar, L50, F|\n|poke|p1|Rillaboom, L50, F|\n|poke|p1|Chesnaught, L50, F|\n|poke|p1|Volcarona, L50, F|\n|poke|p1|Primarina, L50, F|\n|poke|p1|Dragonite, L50, F|\n|poke|p2|Palafin, L50, M|\n|poke|p2|Kingdra, L50, F|\n|poke|p2|Politoed, L50, M|\n|poke|p2|Archaludon, L50, M|\n|poke|p2|Salamence, L50, M|\n|poke|p2|Rillaboom, L50, M|\n|teampreview|4\n|inactive|Battle timer is ON: inactive players will automatically lose when time's up. (requested by Proffesor_karrot)\n|inactive|Proffesor_karrot has 60 seconds left.\n|\n|t:|1732291769\n|start\n|switch|p1a: Z0arark|Volcarona, L50, F|100\/100\n|switch|p1b: Urshlfu|Chesnaught, L50, F, shiny|100\/100\n|switch|p2a: Kingdra|Kingdra, L50, F, shiny|100\/100\n|switch|p2b: Salamence|Salamence, L50, M, shiny|100\/100\n|-ability|p2b: Salamence|Intimidate|boost\n|-unboost|p1a: Z0arark|atk|1\n|-unboost|p1b: Urshlfu|atk|1\n|turn|1\n|\n|t:|1732291779\n|switch|p2a: Politoed|Politoed, L50, M, shiny|100\/100\n|-weather|RainDance|[from] ability: Drizzle|[of] p2a: Politoed\n|move|p2b: Salamence|Hurricane|p1b: Urshlfu\n|-supereffective|p1b: Urshlfu\n|-damage|p1b: Urshlfu|0 fnt\n|faint|p1b: Urshlfu\n|move|p1a: Z0arark|Tailwind|p1a: Z0arark\n|-sidestart|p1: Proffesor_karrot|move: Tailwind\n|\n|-weather|RainDance|[upkeep]\n|upkeep\n|\n|t:|1732291788\n|switch|p1b: Z0rua|Primarina, L50, F, shiny|100\/100\n|turn|2\n|\n|t:|1732291795\n|-terastallize|p2b: Salamence|Steel\n|move|p1a: Z0arark|Struggle Bug|p2b: Salamence|[spread] p2a,p2b\n|-resisted|p2b: Salamence\n|-damage|p2a: Politoed|89\/100\n|-damage|p2b: Salamence|91\/100\n|-unboost|p2a: Politoed|spa|1\n|-unboost|p2b: Salamence|spa|1\n|move|p2b: Salamence|Tailwind|p2b: Salamence\n|-sidestart|p2: KD-Alt-711|move: Tailwind\n|move|p2a: Politoed|Weather Ball|p1a: Z0arark\n|-supereffective|p1a: Z0arark\n|-damage|p1a: Z0arark|38\/100\n|move|p1b: Z0rua|Dazzling Gleam|p2b: Salamence|[spread] p2a,p2b\n|-resisted|p2b: Salamence\n|-damage|p2a: Politoed|56\/100\n|-damage|p2b: Salamence|62\/100\n|\n|-weather|RainDance|[upkeep]\n|upkeep\n|turn|3\n|\n|t:|1732291807\n|switch|p2a: Archaludon|Archaludon, L50, M, shiny|100\/100\n|switch|p1b: Tapy buIu|Rillaboom, L50, F, shiny|100\/100\n|-fieldstart|move: Grassy Terrain|[from] ability: Grassy Surge|[of] p1b: Tapy buIu\n|move|p2b: Salamence|Hurricane|p1a: Z0arark\n|-supereffective|p1a: Z0arark\n|-damage|p1a: Z0arark|0 fnt\n|faint|p1a: Z0arark\n|\n|-weather|RainDance|[upkeep]\n|-heal|p2b: Salamence|68\/100|[from] Grassy Terrain\n|upkeep\n|\n|t:|1732291816\n|switch|p1a: Z0rua|Primarina, L50, F, shiny|100\/100\n|turn|4\n|\n|t:|1732291829\n|move|p1b: Tapy buIu|Fake Out|p2a: Archaludon\n|-resisted|p2a: Archaludon\n|-damage|p2a: Archaludon|95\/100\n|-ability|p2a: Archaludon|Stamina|boost\n|-boost|p2a: Archaludon|def|1\n|move|p2b: Salamence|Hurricane|p1b: Tapy buIu\n|-supereffective|p1b: Tapy buIu\n|-crit|p1b: Tapy buIu\n|-damage|p1b: Tapy buIu|0 fnt\n|faint|p1b: Tapy buIu\n|cant|p2a: Archaludon|flinch\n|move|p1a: Z0rua|Dazzling Gleam|p2a: Archaludon|[spread] p2a,p2b\n|-resisted|p2b: Salamence\n|-damage|p2a: Archaludon|58\/100\n|-damage|p2b: Salamence|39\/100\n|-ability|p2a: Archaludon|Stamina|boost\n|-boost|p2a: Archaludon|def|1\n|\n|-weather|RainDance|[upkeep]\n|-heal|p2b: Salamence|45\/100|[from] Grassy Terrain\n|-heal|p2a: Archaludon|64\/100|[from] Grassy Terrain\n|-sideend|p1: Proffesor_karrot|move: Tailwind\n|upkeep\n|turn|5\n|\n|t:|1732291841\n|move|p2b: Salamence|Hurricane|p1a: Z0rua\n|-damage|p1a: Z0rua|74\/100\n|-start|p1a: Z0rua|confusion\n|move|p2a: Archaludon|Electro Shot||[still]\n|-prepare|p2a: Archaludon|Electro Shot\n|-boost|p2a: Archaludon|spa|1\n|-anim|p2a: Archaludon|Electro Shot|p1a: Z0rua\n|-supereffective|p1a: Z0rua\n|-damage|p1a: Z0rua|0 fnt\n|faint|p1a: Z0rua\n|\n|win|KD-Alt-711\n|raw|Proffesor_karrot's rating: 1694 &rarr; <strong>1674<\/strong><br \/>(-20 for losing)\n|raw|KD-Alt-711's rating: 1686 &rarr; <strong>1706<\/strong><br \/>(+20 for winning)\n|l|\u2606Proffesor_karrot\n|player|p1|\n|l|\u2606KD-Alt-711\n|player|p2|\n","uploadtime":1732292051,"views":11,"formatid":"gen9vgc2024regh","rating":1674,"private":0,"password":null}