{"id":"gen9vgc2024regh-2249675347","format":"[Gen 9] VGC 2024 Reg H","players":["VGCLTH WitchMag","Rooks2024"],"log":"|raw|<div class=\"broadcast-blue\"><strong>This battle is required to be public due to a player having a name starting with 'vgclth'.<\/div>\n|j|\u2606VGCLTH WitchMag\n|j|\u2606Rooks2024\n|t:|1732385219\n|gametype|doubles\n|player|p1|VGCLTH WitchMag|cynthia-masters|1742\n|player|p2|Rooks2024|shadowtriad|1642\n|teamsize|p1|6\n|teamsize|p2|6\n|gen|9\n|tier|[Gen 9] VGC 2024 Reg H\n|rated|\n|rule|Species Clause: Limit one of each Pok\u00e9mon\n|rule|Item Clause: Limit 1 of each item\n|clearpoke\n|poke|p1|Glimmora, L50, F|\n|poke|p1|Gholdengo, L50|\n|poke|p1|Garchomp, L50, M|\n|poke|p1|Talonflame, L50, M|\n|poke|p1|Rillaboom, L50, F|\n|poke|p1|Primarina, L50, F|\n|poke|p2|Indeedee, L50, M|\n|poke|p2|Sneasler, L50, F|\n|poke|p2|Murkrow, L50, M|\n|poke|p2|Delphox, L50, F|\n|poke|p2|Dragapult, L50, F|\n|poke|p2|Maushold-Four, L50|\n|teampreview|4\n|inactive|Battle timer is ON: inactive players will automatically lose when time's up. (requested by Rooks2024)\n|\n|t:|1732385237\n|start\n|switch|p1a: Odysseus|Talonflame, L50, M|100\/100\n|switch|p1b: Athena|Garchomp, L50, M|100\/100\n|switch|p2a: Indeedee|Indeedee, L50, M|100\/100\n|switch|p2b: Sneasler|Sneasler, L50, F|100\/100\n|-fieldstart|move: Psychic Terrain|[from] ability: Psychic Surge|[of] p2a: Indeedee\n|-enditem|p2b: Sneasler|Psychic Seed\n|-boost|p2b: Sneasler|spd|1|[from] item: Psychic Seed\n|turn|1\n|\n|t:|1732385251\n|-terastallize|p2b: Sneasler|Dark\n|-terastallize|p1b: Athena|Steel\n|move|p1a: Odysseus|Tailwind|p1a: Odysseus\n|-sidestart|p1: VGCLTH WitchMag|move: Tailwind\n|move|p2b: Sneasler|Throat Chop|p1a: Odysseus\n|-damage|p1a: Odysseus|40\/100\n|move|p1b: Athena|Earthquake|p2b: Sneasler|[spread] p2a,p2b\n|-immune|p1a: Odysseus\n|-enditem|p2a: Indeedee|Focus Sash\n|-damage|p2a: Indeedee|1\/100\n|-damage|p2b: Sneasler|25\/100\n|-damage|p1b: Athena|91\/100|[from] item: Life Orb\n|move|p2a: Indeedee|Expanding Force|p1b: Athena|[spread] p1a,p1b\n|-resisted|p1b: Athena\n|-damage|p1a: Odysseus|0 fnt\n|-damage|p1b: Athena|60\/100\n|faint|p1a: Odysseus\n|\n|upkeep\n|j| qiyeO.o\n|\n|t:|1732385269\n|switch|p1a: Polyphemus|Rillaboom, L50, F|100\/100\n|-fieldstart|move: Grassy Terrain|[from] ability: Grassy Surge|[of] p1a: Polyphemus\n|turn|2\n|\n|t:|1732385274\n|switch|p2a: Murkrow|Murkrow, L50, M|100\/100\n|move|p2b: Sneasler|Protect|p2b: Sneasler\n|-singleturn|p2b: Sneasler|Protect\n|move|p1a: Polyphemus|Fake Out|p2b: Sneasler\n|-activate|p2b: Sneasler|move: Protect\n|move|p1b: Athena|Dragon Claw|p2a: Murkrow\n|-damage|p2a: Murkrow|39\/100\n|-damage|p1b: Athena|50\/100|[from] item: Life Orb\n|\n|-heal|p2b: Sneasler|31\/100|[from] Grassy Terrain\n|-heal|p1b: Athena|56\/100|[from] Grassy Terrain\n|upkeep\n|turn|3\n|l| qiyeO.o\n|inactive|Rooks2024 has 30 seconds left.\n|inactive|Rooks2024 has 20 seconds left.\n|\n|t:|1732385313\n|switch|p1b: Sirens|Primarina, L50, F|100\/100\n|switch|p2a: Indeedee|Indeedee, L50, M|1\/100\n|-fieldstart|move: Psychic Terrain|[from] ability: Psychic Surge|[of] p2a: Indeedee\n|move|p2b: Sneasler|Dire Claw|p1a: Polyphemus\n|-supereffective|p1a: Polyphemus\n|-damage|p1a: Polyphemus|2\/100\n|move|p1a: Polyphemus|Grassy Glide|p2b: Sneasler\n|-damage|p2b: Sneasler|0 fnt\n|faint|p2b: Sneasler\n|\n|upkeep\n|\n|t:|1732385326\n|switch|p2b: Murkrow|Murkrow, L50, M|39\/100\n|turn|4\n|\n|t:|1732385338\n|switch|p1a: Athena|Garchomp, L50, M, tera:Steel|56\/100\n|move|p1b: Sirens|Protect|p1b: Sirens\n|-singleturn|p1b: Sirens|Protect\n|move|p2b: Murkrow|Tailwind|p2b: Murkrow\n|-sidestart|p2: Rooks2024|move: Tailwind\n|move|p2a: Indeedee|Expanding Force|p1b: Sirens|[spread] p1a\n|-activate|p1b: Sirens|move: Protect\n|-resisted|p1a: Athena\n|-damage|p1a: Athena|26\/100\n|\n|-sideend|p1: VGCLTH WitchMag|move: Tailwind\n|upkeep\n|turn|5\n|inactive|Rooks2024 has 30 seconds left.\n|\n|t:|1732385366\n|switch|p1a: Polyphemus|Rillaboom, L50, F|2\/100\n|-fieldstart|move: Grassy Terrain|[from] ability: Grassy Surge|[of] p1a: Polyphemus\n|move|p2a: Indeedee|Expanding Force|p1b: Sirens\n|-damage|p1b: Sirens|71\/100\n|move|p2b: Murkrow|Foul Play|p1a: Polyphemus\n|-damage|p1a: Polyphemus|0 fnt\n|faint|p1a: Polyphemus\n|move|p1b: Sirens|Hyper Voice|p2a: Indeedee|[spread] p2a,p2b\n|-damage|p2a: Indeedee|0 fnt\n|-damage|p2b: Murkrow|11\/100\n|faint|p2a: Indeedee\n|-enditem|p1b: Sirens|Throat Spray\n|-boost|p1b: Sirens|spa|1|[from] item: Throat Spray\n|\n|-heal|p1b: Sirens|77\/100|[from] Grassy Terrain\n|upkeep\n|\n|t:|1732385376\n|switch|p2a: Maushold|Maushold-Four, L50|100\/100\n|switch|p1a: Athena|Garchomp, L50, M, tera:Steel|26\/100\n|turn|6\n|\n|t:|1732385384\n|move|p2a: Maushold|Population Bomb|p1b: Sirens\n|-damage|p1b: Sirens|66\/100\n|-damage|p1b: Sirens|55\/100\n|-damage|p1b: Sirens|44\/100\n|-damage|p1b: Sirens|32\/100\n|-damage|p1b: Sirens|20\/100\n|-damage|p1b: Sirens|8\/100\n|-damage|p1b: Sirens|0 fnt\n|faint|p1b: Sirens\n|-hitcount|p1: Sirens|7\n|move|p2b: Murkrow|Foul Play|p1a: Athena\n|-damage|p1a: Athena|0 fnt\n|-damage|p2b: Murkrow|0 fnt|[from] ability: Rough Skin|[of] p1a: Athena\n|faint|p1a: Athena\n|faint|p2b: Murkrow\n|\n|win|Rooks2024\n|raw|VGCLTH WitchMag's rating: 1742 &rarr; <strong>1716<\/strong><br \/>(-26 for losing)\n|raw|Rooks2024's rating: 1642 &rarr; <strong>1668<\/strong><br \/>(+26 for winning)\n|l|\u2606VGCLTH WitchMag\n|player|p1|\n|j| FBISurveillanceMan\n","uploadtime":1732385403,"views":7,"formatid":"gen9vgc2024regh","rating":1668,"private":0,"password":null}