{"id":"gen9vgc2024regh-2249584960","format":"[Gen 9] VGC 2024 Reg H","players":["I eat cabbages","VGCLTH ladderboy66"],"log":"|raw|<div class=\"broadcast-blue\"><strong>This battle is required to be public due to a player having a name starting with 'vgclth'.<\/div>\n|j|\u2606I eat cabbages\n|j|\u2606VGCLTH ladderboy66\n|t:|1732373276\n|gametype|doubles\n|player|p1|I eat cabbages|whitney|1720\n|player|p2|VGCLTH ladderboy66|169|1750\n|teamsize|p1|6\n|teamsize|p2|6\n|gen|9\n|tier|[Gen 9] VGC 2024 Reg H\n|rated|\n|rule|Species Clause: Limit one of each Pok\u00e9mon\n|rule|Item Clause: Limit 1 of each item\n|clearpoke\n|poke|p1|Weezing-Galar, L50, F|\n|poke|p1|Typhlosion-Hisui, L50, M|\n|poke|p1|Garchomp, L50, F|\n|poke|p1|Corviknight, L50, F|\n|poke|p1|Pawmot, L50, M|\n|poke|p1|Toedscruel, L50, M|\n|poke|p2|Archaludon, L50, M|\n|poke|p2|Whimsicott, L50, F|\n|poke|p2|Pelipper, L50, M|\n|poke|p2|Basculegion, L50, M|\n|poke|p2|Gholdengo, L50|\n|poke|p2|Rillaboom, L50, F|\n|teampreview|4\n|j| bluestraggler02\n|j| futonkagebunshin\n|\n|t:|1732373385\n|start\n|switch|p1a: Weezing|Weezing-Galar, L50, F|100\/100\n|switch|p1b: Toedscruel|Toedscruel, L50, M|100\/100\n|switch|p2a: Whimsicott|Whimsicott, L50, F|100\/100\n|switch|p2b: Basculegion|Basculegion, L50, M|100\/100\n|-ability|p1a: Weezing|Neutralizing Gas\n|turn|1\n|\n|t:|1732373396\n|move|p2a: Whimsicott|Tailwind|p2a: Whimsicott\n|-sidestart|p2: VGCLTH ladderboy66|move: Tailwind\n|move|p2b: Basculegion|Substitute|p2b: Basculegion\n|-start|p2b: Basculegion|Substitute\n|-damage|p2b: Basculegion|76\/100\n|move|p1b: Toedscruel|Acid Spray|p2a: Whimsicott\n|-supereffective|p2a: Whimsicott\n|-damage|p2a: Whimsicott|60\/100\n|move|p1a: Weezing|Dazzling Gleam|p2b: Basculegion|[spread] p2a,p2b\n|-crit|p2b: Basculegion\n|-end|p2b: Basculegion|Substitute\n|-crit|p2a: Whimsicott\n|-damage|p2a: Whimsicott|0 fnt\n|faint|p2a: Whimsicott\n|\n|upkeep\n|\n|t:|1732373405\n|switch|p2a: Gholdengo|Gholdengo, L50|100\/100\n|turn|2\n|l| bluestraggler02\n|\n|t:|1732373440\n|switch|p1b: Garchomp|Garchomp, L50, F|100\/100\n|-end|p1a: Weezing|ability: Neutralizing Gas\n|switch|p1a: Corviknight|Corviknight, L50, F|100\/100\n|move|p2a: Gholdengo|Make It Rain|p1a: Corviknight|[spread] p1a,p1b\n|-resisted|p1a: Corviknight\n|-damage|p1a: Corviknight|65\/100\n|-damage|p1b: Garchomp|10\/100\n|-unboost|p2a: Gholdengo|spa|1\n|move|p2b: Basculegion|Wave Crash|p1a: Corviknight\n|-damage|p1a: Corviknight|21\/100\n|-enditem|p1a: Corviknight|Sitrus Berry|[eat]\n|-heal|p1a: Corviknight|46\/100|[from] item: Sitrus Berry\n|-damage|p2b: Basculegion|63\/100|[from] Recoil\n|\n|upkeep\n|turn|3\n|\n|t:|1732373472\n|move|p1a: Corviknight|Protect|p1a: Corviknight\n|-singleturn|p1a: Corviknight|Protect\n|move|p2a: Gholdengo|Make It Rain|p1a: Corviknight|[spread] p1b\n|-activate|p1a: Corviknight|move: Protect\n|-damage|p1b: Garchomp|0 fnt\n|-unboost|p2a: Gholdengo|spa|1\n|faint|p1b: Garchomp\n|move|p2b: Basculegion|Wave Crash|p1a: Corviknight\n|-activate|p1a: Corviknight|move: Protect\n|\n|upkeep\n|\n|t:|1732373483\n|switch|p1b: Weezing|Weezing-Galar, L50, F|100\/100\n|-ability|p1b: Weezing|Neutralizing Gas\n|turn|4\n|\n|t:|1732373493\n|switch|p1a: Toedscruel|Toedscruel, L50, M|100\/100\n|-terastallize|p1b: Weezing|Fire\n|move|p2a: Gholdengo|Make It Rain|p1a: Toedscruel|[spread] p1a,p1b\n|-resisted|p1b: Weezing\n|-damage|p1a: Toedscruel|68\/100\n|-damage|p1b: Weezing|77\/100\n|-unboost|p2a: Gholdengo|spa|1\n|move|p2b: Basculegion|Wave Crash|p1b: Weezing\n|-supereffective|p1b: Weezing\n|-damage|p1b: Weezing|0 fnt\n|faint|p1b: Weezing\n|-end|p1b: Weezing|ability: Neutralizing Gas\n|-damage|p2b: Basculegion|45\/100|[from] Recoil\n|-enditem|p2b: Basculegion|Sitrus Berry|[eat]\n|-heal|p2b: Basculegion|70\/100|[from] item: Sitrus Berry\n|\n|-sideend|p2: VGCLTH ladderboy66|move: Tailwind\n|upkeep\n|\n|t:|1732373504\n|switch|p1b: Corviknight|Corviknight, L50, F|46\/100\n|turn|5\n|j| rosmarino1\n|\n|t:|1732373528\n|switch|p2a: Archaludon|Archaludon, L50, M|100\/100\n|-terastallize|p2b: Basculegion|Water\n|move|p1a: Toedscruel|Rage Powder|p1a: Toedscruel\n|-singleturn|p1a: Toedscruel|move: Rage Powder\n|move|p2b: Basculegion|Wave Crash|p1a: Toedscruel\n|-damage|p1a: Toedscruel|0 fnt\n|faint|p1a: Toedscruel\n|-damage|p2b: Basculegion|52\/100|[from] Recoil\n|move|p1b: Corviknight|Tailwind|p1b: Corviknight\n|-sidestart|p1: I eat cabbages|move: Tailwind\n|\n|upkeep\n|turn|6\n|-message|I eat cabbages forfeited.\n|\n|win|VGCLTH ladderboy66\n|raw|I eat cabbages's rating: 1720 &rarr; <strong>1702<\/strong><br \/>(-18 for losing)\n|raw|VGCLTH ladderboy66's rating: 1750 &rarr; <strong>1768<\/strong><br \/>(+18 for winning)\n|l|\u2606I eat cabbages\n|player|p1|\n|c|\u2606VGCLTH ladderboy66|gg\n|l|\u2606VGCLTH ladderboy66\n|player|p2|\n","uploadtime":1732373705,"views":12,"formatid":"gen9vgc2024regh","rating":1702,"private":0,"password":null}