{"id":"gen9vgc2024regh-2249456482","format":"[Gen 9] VGC 2024 Reg H","players":["FireRedzzz","bigbadbirdvgc"],"log":"|j|\u2606FireRedzzz\n|j|\u2606bigbadbirdvgc\n|t:|1732347604\n|gametype|doubles\n|player|p1|FireRedzzz|ethan|1737\n|player|p2|bigbadbirdvgc|2|1715\n|teamsize|p1|6\n|teamsize|p2|6\n|gen|9\n|tier|[Gen 9] VGC 2024 Reg H\n|rated|\n|rule|Species Clause: Limit one of each Pok\u00e9mon\n|rule|Item Clause: Limit 1 of each item\n|clearpoke\n|poke|p1|Kingambit, L50, F|\n|poke|p1|Electabuzz, L50, F|\n|poke|p1|Rillaboom, L50, F|\n|poke|p1|Primarina, L50, F|\n|poke|p1|Sneasler, L50, F|\n|poke|p1|Volcarona, L50, F|\n|poke|p2|Gothitelle, L50, F|\n|poke|p2|Politoed, L50, M|\n|poke|p2|Archaludon, L50, F|\n|poke|p2|Incineroar, L50, M|\n|poke|p2|Amoonguss, L50, M|\n|poke|p2|Poliwrath, L50, M|\n|teampreview|4\nFireRedzzz has agreed to open team sheets.\n|inactive|Battle timer is ON: inactive players will automatically lose when time's up. (requested by FireRedzzz)\nbigbadbirdvgc has agreed to open team sheets.\n|inactive|FireRedzzz has 30 seconds left.\n|inactive|FireRedzzz has 20 seconds left.\n|inactive|FireRedzzz has 15 seconds left.\n|c|\u2606bigbadbirdvgc|glhf\n|inactive|FireRedzzz has 10 seconds left.\n|inactive|FireRedzzz has 5 seconds left.\n|\n|t:|1732347696\n|start\n|switch|p1a: Sneasler|Sneasler, L50, F|100\/100\n|switch|p1b: Kingambit|Kingambit, L50, F|100\/100\n|switch|p2a: Archaludon|Archaludon, L50, F|100\/100\n|switch|p2b: Politoed|Politoed, L50, M|100\/100\n|-weather|RainDance|[from] ability: Drizzle|[of] p2b: Politoed\n|turn|1\n|c|\u2606FireRedzzz|glhf\n|inactive|FireRedzzz has 30 seconds left.\n|\n|t:|1732347730\n|switch|p2a: Gothitelle|Gothitelle, L50, F|100\/100\n|move|p1a: Sneasler|Fake Out|p2a: Gothitelle\n|-damage|p2a: Gothitelle|88\/100\n|-status|p2a: Gothitelle|psn|[from] ability: Poison Touch|[of] p1a: Sneasler\n|-enditem|p2a: Gothitelle|Lum Berry|[eat]\n|-curestatus|p2a: Gothitelle|psn|[msg]\n|move|p2b: Politoed|Perish Song|p2b: Politoed\n|-start|p1a: Sneasler|perish3|[silent]\n|-start|p1b: Kingambit|perish3|[silent]\n|-start|p2a: Gothitelle|perish3|[silent]\n|-start|p2b: Politoed|perish3|[silent]\n|-fieldactivate|move: Perish Song\n|move|p1b: Kingambit|Swords Dance|p1b: Kingambit\n|-boost|p1b: Kingambit|atk|2\n|\n|-weather|RainDance|[upkeep]\n|-start|p1a: Sneasler|perish3\n|-start|p2a: Gothitelle|perish3\n|-start|p2b: Politoed|perish3\n|-start|p1b: Kingambit|perish3\n|upkeep\n|turn|2\n|inactive|FireRedzzz has 30 seconds left.\n|inactive|FireRedzzz has 20 seconds left.\n|inactive|FireRedzzz has 15 seconds left.\n|inactive|FireRedzzz has 10 seconds left.\n|\n|t:|1732347775\n|switch|p2b: Amoonguss|Amoonguss, L50, M|100\/100\n|-terastallize|p1a: Sneasler|Ghost\n|move|p2a: Gothitelle|Fake Out|p1b: Kingambit\n|-resisted|p1b: Kingambit\n|-damage|p1b: Kingambit|99\/100\n|move|p1a: Sneasler|Dire Claw|p2a: Gothitelle\n|-damage|p2a: Gothitelle|47\/100\n|-status|p2a: Gothitelle|par\n|cant|p1b: Kingambit|flinch\n|\n|-weather|RainDance|[upkeep]\n|-start|p1a: Sneasler|perish2\n|-start|p1b: Kingambit|perish2\n|-start|p2a: Gothitelle|perish2\n|upkeep\n|turn|3\n|inactive|FireRedzzz has 30 seconds left.\n|\n|t:|1732347801\n|move|p1a: Sneasler|Protect|p1a: Sneasler\n|-singleturn|p1a: Sneasler|Protect\n|cant|p2a: Gothitelle|par\n|move|p2b: Amoonguss|Protect|p2b: Amoonguss\n|-singleturn|p2b: Amoonguss|Protect\n|move|p1b: Kingambit|Kowtow Cleave|p2b: Amoonguss\n|-activate|p2b: Amoonguss|move: Protect\n|\n|-weather|RainDance|[upkeep]\n|-start|p1a: Sneasler|perish1\n|-start|p1b: Kingambit|perish1\n|-start|p2a: Gothitelle|perish1\n|upkeep\n|turn|4\n|inactive|FireRedzzz has 30 seconds left.\n|inactive|bigbadbirdvgc has 30 seconds left.\n|inactive|bigbadbirdvgc has 20 seconds left.\n|inactive|bigbadbirdvgc has 15 seconds left.\n|inactive|bigbadbirdvgc has 10 seconds left.\n|\n|t:|1732347847\n|switch|p1a: Rillaboom|Rillaboom, L50, F|100\/100\n|-fieldstart|move: Grassy Terrain|[from] ability: Grassy Surge|[of] p1a: Rillaboom\n|move|p1b: Kingambit|Kowtow Cleave|p2b: Amoonguss\n|-damage|p2b: Amoonguss|27\/100\n|-damage|p1b: Kingambit|82\/100|[from] item: Rocky Helmet|[of] p2b: Amoonguss\n|move|p2a: Gothitelle|Psychic|p1a: Rillaboom\n|-crit|p1a: Rillaboom\n|-damage|p1a: Rillaboom|70\/100\n|move|p2b: Amoonguss|Spore|p1a: Rillaboom\n|-immune|p1a: Rillaboom\n|\n|-weather|RainDance|[upkeep]\n|-heal|p1a: Rillaboom|76\/100|[from] Grassy Terrain\n|-heal|p1b: Kingambit|88\/100|[from] Grassy Terrain\n|-heal|p2a: Gothitelle|53\/100 par|[from] Grassy Terrain\n|-heal|p2b: Amoonguss|32\/100|[from] Grassy Terrain\n|-start|p1b: Kingambit|perish0\n|-start|p2a: Gothitelle|perish0\n|faint|p1b: Kingambit\n|faint|p2a: Gothitelle\n|upkeep\n|inactive|FireRedzzz has 30 seconds left.\n|\n|t:|1732347873\n|switch|p2a: Archaludon|Archaludon, L50, F|100\/100\n|switch|p1b: Volcarona|Volcarona, L50, F, shiny|100\/100\n|-enditem|p1b: Volcarona|Grassy Seed\n|-boost|p1b: Volcarona|def|1|[from] item: Grassy Seed\n|turn|5\n|\n|t:|1732347894\n|-terastallize|p2a: Archaludon|Electric\n|move|p1a: Rillaboom|Fake Out|p2a: Archaludon\n|-damage|p2a: Archaludon|90\/100\n|cant|p2a: Archaludon|flinch\n|move|p1b: Volcarona|Heat Wave|p2b: Amoonguss|[spread] p2a,p2b\n|-supereffective|p2b: Amoonguss\n|-damage|p2a: Archaludon|62\/100\n|-damage|p2b: Amoonguss|2\/100\n|move|p2b: Amoonguss|Spore|p1b: Volcarona\n|-status|p1b: Volcarona|slp|[from] move: Spore\n|\n|-weather|none\n|-heal|p2a: Archaludon|68\/100|[from] Grassy Terrain\n|-heal|p1a: Rillaboom|82\/100|[from] Grassy Terrain\n|-heal|p2b: Amoonguss|8\/100|[from] Grassy Terrain\n|upkeep\n|turn|6\n|inactive|FireRedzzz has 30 seconds left.\n|\n|t:|1732347922\n|switch|p2b: Politoed|Politoed, L50, M|100\/100\n|-weather|RainDance|[from] ability: Drizzle|[of] p2b: Politoed\n|move|p2a: Archaludon|Protect|p2a: Archaludon\n|-singleturn|p2a: Archaludon|Protect\n|cant|p1b: Volcarona|slp\n|move|p1a: Rillaboom|High Horsepower|p2a: Archaludon\n|-activate|p2a: Archaludon|move: Protect\n|\n|-weather|RainDance|[upkeep]\n|-heal|p2a: Archaludon|74\/100|[from] Grassy Terrain\n|-heal|p1a: Rillaboom|88\/100|[from] Grassy Terrain\n|upkeep\n|turn|7\n|inactive|bigbadbirdvgc has 30 seconds left.\n|\n|t:|1732347950\n|switch|p2a: Amoonguss|Amoonguss, L50, M|42\/100\n|-curestatus|p1b: Volcarona|slp|[msg]\n|move|p1b: Volcarona|Quiver Dance|p1b: Volcarona\n|-boost|p1b: Volcarona|spa|1\n|-boost|p1b: Volcarona|spd|1\n|-boost|p1b: Volcarona|spe|1\n|move|p1a: Rillaboom|Wood Hammer|p2b: Politoed\n|-supereffective|p2b: Politoed\n|-damage|p2b: Politoed|0 fnt\n|faint|p2b: Politoed\n|-damage|p1a: Rillaboom|56\/100|[from] Recoil\n|\n|-weather|RainDance|[upkeep]\n|-heal|p1a: Rillaboom|62\/100|[from] Grassy Terrain\n|-heal|p2a: Amoonguss|48\/100|[from] Grassy Terrain\n|upkeep\n|\n|t:|1732347965\n|switch|p2b: Archaludon|Archaludon, L50, F, tera:Electric|74\/100\n|turn|8\n|\n|t:|1732347985\n|move|p1b: Volcarona|Heat Wave|p2b: Archaludon|[spread] p2a,p2b\n|-supereffective|p2a: Amoonguss\n|-damage|p2a: Amoonguss|3\/100\n|-damage|p2b: Archaludon|32\/100\n|move|p2b: Archaludon|Electro Shot||[still]\n|-prepare|p2b: Archaludon|Electro Shot\n|-boost|p2b: Archaludon|spa|1\n|-anim|p2b: Archaludon|Electro Shot|p1b: Volcarona\n|-damage|p1b: Volcarona|38\/100\n|move|p1a: Rillaboom|High Horsepower|p2b: Archaludon\n|-supereffective|p2b: Archaludon\n|-damage|p2b: Archaludon|0 fnt\n|faint|p2b: Archaludon\n|move|p2a: Amoonguss|Pollen Puff|p2: Archaludon|[notarget]\n|-fail|p2a: Amoonguss\n|\n|-weather|RainDance|[upkeep]\n|-heal|p1b: Volcarona|43\/100|[from] Grassy Terrain\n|-heal|p1a: Rillaboom|68\/100|[from] Grassy Terrain\n|-heal|p2a: Amoonguss|9\/100|[from] Grassy Terrain\n|-fieldend|move: Grassy Terrain\n|upkeep\n|turn|9\n|c|\u2606bigbadbirdvgc|gg\n|-message|bigbadbirdvgc forfeited.\n|\n|win|FireRedzzz\n|raw|FireRedzzz's rating: 1737 &rarr; <strong>1756<\/strong><br \/>(+19 for winning)\n|raw|bigbadbirdvgc's rating: 1715 &rarr; <strong>1696<\/strong><br \/>(-19 for losing)\n|c|\u2606FireRedzzz|gg\n|l|\u2606bigbadbirdvgc\n|player|p2|\n|l|\u2606FireRedzzz\n|player|p1|\n","uploadtime":1732348016,"views":6,"formatid":"gen9vgc2024regh","rating":1696,"private":0,"password":null}