{"id":"gen9vgc2024regh-2249986641","format":"[Gen 9] VGC 2024 Reg H","players":["Assasinderella","vgclth yunaka"],"log":"|raw|<div class=\"broadcast-blue\"><strong>This battle is required to be public due to a player having a name starting with 'vgclth'.<\/div>\n|j|\u2606Assasinderella\n|j|\u2606vgclth yunaka\n|t:|1732426889\n|gametype|doubles\n|player|p1|Assasinderella|rosa|1701\n|player|p2|vgclth yunaka|erika-gen2|1693\n|teamsize|p1|6\n|teamsize|p2|6\n|gen|9\n|tier|[Gen 9] VGC 2024 Reg H\n|rated|\n|rule|Species Clause: Limit one of each Pok\u00e9mon\n|rule|Item Clause: Limit 1 of each item\n|clearpoke\n|poke|p1|Rillaboom, L50, M|\n|poke|p1|Electabuzz, L50, F|\n|poke|p1|Archaludon, L50, M|\n|poke|p1|Kingambit, L50, F|\n|poke|p1|Pelipper, L50, M|\n|poke|p1|Basculegion, L50, M|\n|poke|p2|Rillaboom, L50, F|\n|poke|p2|Ursaluna-Bloodmoon, L50, M|\n|poke|p2|Torkoal, L50, M|\n|poke|p2|Mimikyu, L50, M|\n|poke|p2|Jumpluff, L50, F|\n|poke|p2|Kommo-o, L50, M|\n|teampreview|4\n|inactive|Battle timer is ON: inactive players will automatically lose when time's up. (requested by vgclth yunaka)\n|inactive|Assasinderella has 60 seconds left.\n|inactive|Assasinderella has 30 seconds left.\n|inactive|Assasinderella has 20 seconds left.\n|inactive|Assasinderella has 15 seconds left.\n|inactive|Assasinderella has 10 seconds left.\n|inactive|Assasinderella has 5 seconds left.\n|\n|t:|1732426976\n|start\n|switch|p1a: Pelipper|Pelipper, L50, M|100\/100\n|switch|p1b: Basculegion|Basculegion, L50, M|100\/100\n|switch|p2a: Jumpluff|Jumpluff, L50, F, shiny|100\/100\n|switch|p2b: Mimikyu|Mimikyu, L50, M, shiny|100\/100\n|-weather|RainDance|[from] ability: Drizzle|[of] p1a: Pelipper\n|turn|1\n|\n|t:|1732426993\n|move|p2a: Jumpluff|Rage Powder|p2a: Jumpluff\n|-singleturn|p2a: Jumpluff|move: Rage Powder\n|move|p1b: Basculegion|Flip Turn|p2a: Jumpluff\n|-resisted|p2a: Jumpluff\n|-damage|p2a: Jumpluff|62\/100\n|j| The Cheesen One\n|\n|t:|1732426998\n|switch|p1b: Rillaboom|Rillaboom, L50, M|100\/100|[from] Flip Turn\n|-fieldstart|move: Grassy Terrain|[from] ability: Grassy Surge|[of] p1b: Rillaboom\n|move|p1a: Pelipper|Hurricane|p2a: Jumpluff\n|-supereffective|p2a: Jumpluff\n|-damage|p2a: Jumpluff|0 fnt\n|faint|p2a: Jumpluff\n|move|p2b: Mimikyu|Trick Room|p2b: Mimikyu\n|-fieldstart|move: Trick Room|[of] p2b: Mimikyu\n|\n|-weather|RainDance|[upkeep]\n|upkeep\n|\n|t:|1732427007\n|switch|p2a: Torkoal|Torkoal, L50, M|100\/100\n|-weather|SunnyDay|[from] ability: Drought|[of] p2a: Torkoal\n|turn|2\n|inactive|Assasinderella has 30 seconds left.\n|\n|t:|1732427040\n|switch|p1a: Archaludon|Archaludon, L50, M|100\/100\n|move|p1b: Rillaboom|Fake Out|p2a: Torkoal\n|-damage|p2a: Torkoal|89\/100\n|cant|p2a: Torkoal|flinch\n|move|p2b: Mimikyu|Shadow Claw|p1a: Archaludon\n|-damage|p1a: Archaludon|78\/100\n|-ability|p1a: Archaludon|Stamina|boost\n|-boost|p1a: Archaludon|def|1\n|\n|-weather|SunnyDay|[upkeep]\n|-heal|p2a: Torkoal|95\/100|[from] Grassy Terrain\n|-heal|p1a: Archaludon|84\/100|[from] Grassy Terrain\n|upkeep\n|turn|3\n|j| futonkagebunshin\n|\n|t:|1732427057\n|switch|p1b: Pelipper|Pelipper, L50, M|100\/100\n|-weather|RainDance|[from] ability: Drizzle|[of] p1b: Pelipper\n|move|p2a: Torkoal|Overheat|p1b: Pelipper\n|-resisted|p1b: Pelipper\n|-crit|p1b: Pelipper\n|-damage|p1b: Pelipper|67\/100\n|-unboost|p2a: Torkoal|spa|2\n|-enditem|p2a: Torkoal|Eject Pack\n|\n|t:|1732427060\n|switch|p2a: Ursaluna|Ursaluna-Bloodmoon, L50, M|100\/100\n|move|p2b: Mimikyu|Play Rough|p1b: Pelipper\n|-damage|p1b: Pelipper|9\/100\n|-unboost|p1b: Pelipper|atk|1\n|move|p1a: Archaludon|Electro Shot||[still]\n|-prepare|p1a: Archaludon|Electro Shot\n|-boost|p1a: Archaludon|spa|1\n|-anim|p1a: Archaludon|Electro Shot|p2a: Ursaluna\n|-immune|p2a: Ursaluna\n|\n|-weather|RainDance|[upkeep]\n|-heal|p1a: Archaludon|90\/100|[from] Grassy Terrain\n|upkeep\n|turn|4\n|inactive|Assasinderella has 30 seconds left.\n|inactive|Assasinderella has 20 seconds left.\n|\n|t:|1732427098\n|switch|p1b: Rillaboom|Rillaboom, L50, M|100\/100\n|-terastallize|p2a: Ursaluna|Normal\n|move|p2b: Mimikyu|Shadow Sneak|p1b: Rillaboom\n|-damage|p1b: Rillaboom|84\/100\n|move|p2a: Ursaluna|Blood Moon|p1a: Archaludon\n|-resisted|p1a: Archaludon\n|-crit|p1a: Archaludon\n|-damage|p1a: Archaludon|6\/100\n|-ability|p1a: Archaludon|Stamina|boost\n|-boost|p1a: Archaludon|def|1\n|-damage|p2a: Ursaluna|91\/100|[from] item: Life Orb\n|move|p1a: Archaludon|Draco Meteor|p2a: Ursaluna\n|-damage|p2a: Ursaluna|0 fnt\n|-unboost|p1a: Archaludon|spa|2\n|faint|p2a: Ursaluna\n|\n|-weather|RainDance|[upkeep]\n|-heal|p1a: Archaludon|12\/100|[from] Grassy Terrain\n|-heal|p1b: Rillaboom|90\/100|[from] Grassy Terrain\n|upkeep\n|\n|t:|1732427104\n|switch|p2a: Torkoal|Torkoal, L50, M|95\/100\n|-weather|SunnyDay|[from] ability: Drought|[of] p2a: Torkoal\n|turn|5\n|\n|t:|1732427128\n|switch|p1a: Pelipper|Pelipper, L50, M|9\/100\n|-weather|RainDance|[from] ability: Drizzle|[of] p1a: Pelipper\n|move|p2a: Torkoal|Eruption|p1a: Pelipper|[spread] p1a,p1b\n|-resisted|p1a: Pelipper\n|-supereffective|p1b: Rillaboom\n|-damage|p1a: Pelipper|0 fnt\n|-damage|p1b: Rillaboom|37\/100\n|faint|p1a: Pelipper\n|move|p2b: Mimikyu|Shadow Claw|p1b: Rillaboom\n|-damage|p1b: Rillaboom|9\/100\n|move|p1b: Rillaboom|Bullet Seed|p2b: Mimikyu\n|-activate|p2b: Mimikyu|ability: Disguise\n|-damage|p2b: Mimikyu|100\/100\n|detailschange|p2b: Mimikyu|Mimikyu-Busted, L50, M, shiny\n|-damage|p2b: Mimikyu|89\/100|[from] pokemon: Mimikyu-Busted\n|-damage|p2b: Mimikyu|63\/100\n|-damage|p2b: Mimikyu|42\/100\n|-damage|p2b: Mimikyu|21\/100\n|-hitcount|p2b: Mimikyu|4\n|\n|-weather|RainDance|[upkeep]\n|-heal|p2a: Torkoal|100\/100|[from] Grassy Terrain\n|-heal|p2b: Mimikyu|27\/100|[from] Grassy Terrain\n|-heal|p1b: Rillaboom|15\/100|[from] Grassy Terrain\n|-fieldend|move: Trick Room\n|-fieldend|move: Grassy Terrain\n|upkeep\n|\n|t:|1732427152\n|switch|p1a: Basculegion|Basculegion, L50, M|100\/100\n|turn|6\n|\n|t:|1732427160\n|move|p2a: Torkoal|Protect|p2a: Torkoal\n|-singleturn|p2a: Torkoal|Protect\n|move|p2b: Mimikyu|Shadow Sneak|p1b: Rillaboom\n|-damage|p1b: Rillaboom|0 fnt\n|faint|p1b: Rillaboom\n|move|p1a: Basculegion|Wave Crash|p2b: Mimikyu\n|-damage|p2b: Mimikyu|0 fnt\n|faint|p2b: Mimikyu\n|-damage|p1a: Basculegion|93\/100|[from] Recoil\n|\n|-weather|RainDance|[upkeep]\n|upkeep\n|\n|t:|1732427165\n|switch|p1b: Archaludon|Archaludon, L50, M|12\/100\n|turn|7\n|-message|vgclth yunaka forfeited.\n|\n|win|Assasinderella\n|raw|Assasinderella's rating: 1701 &rarr; <strong>1721<\/strong><br \/>(+20 for winning)\n|raw|vgclth yunaka's rating: 1693 &rarr; <strong>1673<\/strong><br \/>(-20 for losing)\n|l|\u2606vgclth yunaka\n|player|p2|\n|l| The Cheesen One\n|l|\u2606Assasinderella\n|player|p1|\n|l| futonkagebunshin\n","uploadtime":1732427361,"views":10,"formatid":"gen9vgc2024regh","rating":1673,"private":0,"password":null}