{"id":"gen9vgc2024regh-2249778293","format":"[Gen 9] VGC 2024 Reg H","players":["VGCLTH Oinge","Djjwjwwjj"],"log":"|j|\u2606VGCLTH Oinge\n|j|\u2606Djjwjwwjj\n|t:|1732398181\n|gametype|doubles\n|player|p1|VGCLTH Oinge|mars|1681\n|player|p2|Djjwjwwjj|170|1704\n|teamsize|p1|6\n|teamsize|p2|6\n|gen|9\n|tier|[Gen 9] VGC 2024 Reg H\n|rated|\n|rule|Species Clause: Limit one of each Pok\u00e9mon\n|rule|Item Clause: Limit 1 of each item\n|clearpoke\n|poke|p1|Armarouge, L50, F|\n|poke|p1|Indeedee-F, L50, F|\n|poke|p1|Dragapult, L50, M|\n|poke|p1|Sneasler, L50, F|\n|poke|p1|Whimsicott, L50, F|\n|poke|p1|Annihilape, L50, M|\n|poke|p2|Pelipper, L50, F|\n|poke|p2|Incineroar, L50, M|\n|poke|p2|Palafin, L50, M|\n|poke|p2|Rillaboom, L50, F|\n|poke|p2|Clefable, L50, F|\n|poke|p2|Gholdengo, L50|\n|teampreview|4\n|inactive|Battle timer is ON: inactive players will automatically lose when time's up. (requested by Djjwjwwjj)\n|j| IWI Red\n|inactive|VGCLTH Oinge has 60 seconds left.\n|inactive|Djjwjwwjj has 60 seconds left.\n|\n|t:|1732398226\n|start\n|switch|p1a: Annihilape|Annihilape, L50, M|100\/100\n|switch|p1b: Sneasler|Sneasler, L50, F|100\/100\n|switch|p2a: Incineroar|Incineroar, L50, M|100\/100\n|switch|p2b: Clefable|Clefable, L50, F|100\/100\n|-ability|p2a: Incineroar|Intimidate|boost\n|-unboost|p1a: Annihilape|atk|1\n|-ability|p1a: Annihilape|Defiant|boost\n|-boost|p1a: Annihilape|atk|2\n|-enditem|p2a: Incineroar|Mirror Herb\n|-boost|p2a: Incineroar|atk|2|[from] item: Mirror Herb\n|-unboost|p1b: Sneasler|atk|1\n|turn|1\n|inactive|Djjwjwwjj has 30 seconds left.\n|\n|t:|1732398255\n|move|p2b: Clefable|Follow Me|p2b: Clefable\n|-singleturn|p2b: Clefable|move: Follow Me\n|move|p1b: Sneasler|Dire Claw|p2b: Clefable\n|-supereffective|p2b: Clefable\n|-damage|p2b: Clefable|16\/100\n|-status|p2b: Clefable|psn\n|-damage|p1b: Sneasler|84\/100|[from] item: Rocky Helmet|[of] p2b: Clefable\n|move|p1a: Annihilape|Bulk Up|p1a: Annihilape\n|-boost|p1a: Annihilape|atk|1\n|-boost|p1a: Annihilape|def|1\n|move|p2a: Incineroar|Flare Blitz|p1b: Sneasler\n|-damage|p1b: Sneasler|0 fnt\n|faint|p1b: Sneasler\n|-damage|p2a: Incineroar|79\/100|[from] Recoil\n|\n|-damage|p2b: Clefable|4\/100 psn|[from] psn\n|upkeep\n|\n|t:|1732398272\n|switch|p1b: Armarouge|Armarouge, L50, F|100\/100\n|turn|2\n|\n|t:|1732398291\n|move|p1a: Annihilape|Protect|p1a: Annihilape\n|-singleturn|p1a: Annihilape|Protect\n|move|p1b: Armarouge|Endure|p1b: Armarouge\n|-singleturn|p1b: Armarouge|move: Endure\n|move|p2b: Clefable|Follow Me|p2b: Clefable\n|-singleturn|p2b: Clefable|move: Follow Me\n|move|p2a: Incineroar|Knock Off|p1b: Armarouge\n|-supereffective|p1b: Armarouge\n|-activate|p1b: Armarouge|move: Endure\n|-damage|p1b: Armarouge|1\/100\n|-ability|p1b: Armarouge|Weak Armor|boost\n|-unboost|p1b: Armarouge|def|1\n|-boost|p1b: Armarouge|spe|2\n|-enditem|p1b: Armarouge|Weakness Policy\n|-boost|p1b: Armarouge|atk|2|[from] item: Weakness Policy\n|-boost|p1b: Armarouge|spa|2|[from] item: Weakness Policy\n|\n|-damage|p2b: Clefable|0 fnt|[from] psn\n|faint|p2b: Clefable\n|upkeep\n|inactive|Djjwjwwjj has 30 seconds left.\n|\n|t:|1732398325\n|switch|p2b: Rillaboom|Rillaboom, L50, F|100\/100\n|-fieldstart|move: Grassy Terrain|[from] ability: Grassy Surge|[of] p2b: Rillaboom\n|turn|3\n|inactive|VGCLTH Oinge has 30 seconds left.\n|inactive|Djjwjwwjj has 30 seconds left.\n|inactive|Djjwjwwjj has 20 seconds left.\n|inactive|VGCLTH Oinge has 20 seconds left.\n|inactive|Djjwjwwjj has 15 seconds left.\n|inactive|Djjwjwwjj has 10 seconds left.\n|\n|t:|1732398371\n|switch|p1b: Indeedee|Indeedee-F, L50, F|100\/100\n|-fieldstart|move: Psychic Terrain|[from] ability: Psychic Surge|[of] p1b: Indeedee\n|-terastallize|p2a: Incineroar|Ghost\n|move|p1a: Annihilape|Drain Punch|p2a: Incineroar\n|-immune|p2a: Incineroar\n|move|p2a: Incineroar|Knock Off|p1b: Indeedee\n|-supereffective|p1b: Indeedee\n|-damage|p1b: Indeedee|0 fnt\n|-enditem|p1b: Indeedee|Sitrus Berry|[from] move: Knock Off|[of] p2a: Incineroar\n|faint|p1b: Indeedee\n|move|p2b: Rillaboom|Grassy Glide|p1a: Annihilape\n|-damage|p1a: Annihilape|81\/100\n|\n|-heal|p1a: Annihilape|87\/100|[from] item: Leftovers\n|upkeep\n|\n|t:|1732398386\n|switch|p1b: Armarouge|Armarouge, L50, F|1\/100\n|turn|4\n|\n|t:|1732398410\n|-terastallize|p1b: Armarouge|Psychic\n|move|p1a: Annihilape|Rage Fist|p2a: Incineroar\n|-supereffective|p2a: Incineroar\n|-damage|p2a: Incineroar|0 fnt\n|faint|p2a: Incineroar\n|move|p1b: Armarouge|Expanding Force|p2b: Rillaboom\n|-damage|p2b: Rillaboom|31\/100\n|move|p2b: Rillaboom|U-turn|p1b: Armarouge\n|-supereffective|p1b: Armarouge\n|-damage|p1b: Armarouge|0 fnt\n|faint|p1b: Armarouge\n|\n|t:|1732398422\n|switch|p2b: Gholdengo|Gholdengo, L50|100\/100|[from] U-turn\n|\n|-heal|p1a: Annihilape|94\/100|[from] item: Leftovers\n|upkeep\n|\n|t:|1732398428\n|switch|p2a: Rillaboom|Rillaboom, L50, F|31\/100\n|-fieldstart|move: Grassy Terrain|[from] ability: Grassy Surge|[of] p2a: Rillaboom\n|turn|5\n|inactive|Djjwjwwjj has 30 seconds left.\n|\n|t:|1732398464\n|move|p1a: Annihilape|Protect|p1a: Annihilape\n|-singleturn|p1a: Annihilape|Protect\n|move|p2b: Gholdengo|Protect|p2b: Gholdengo\n|-singleturn|p2b: Gholdengo|Protect\n|move|p2a: Rillaboom|Wood Hammer|p1a: Annihilape\n|-activate|p1a: Annihilape|move: Protect\n|\n|-heal|p1a: Annihilape|99\/100|[from] Grassy Terrain\n|-heal|p1a: Annihilape|100\/100|[from] item: Leftovers\n|-heal|p2a: Rillaboom|37\/100|[from] Grassy Terrain\n|upkeep\n|turn|6\n|-message|Djjwjwwjj forfeited.\n|\n|win|VGCLTH Oinge\n|raw|VGCLTH Oinge's rating: 1681 &rarr; <strong>1702<\/strong><br \/>(+21 for winning)\n|raw|Djjwjwwjj's rating: 1704 &rarr; <strong>1683<\/strong><br \/>(-21 for losing)\n|l|\u2606Djjwjwwjj\n|player|p2|\n|l|\u2606VGCLTH Oinge\n|player|p1|\n|l| IWI Red\n","uploadtime":1732398733,"views":8,"formatid":"gen9vgc2024regh","rating":1683,"private":0,"password":null}