{"id":"gen9vgc2024regh-2249727367","format":"[Gen 9] VGC 2024 Reg H","players":["juacox300","actuary97"],"log":"|j|\u2606juacox300\n|j|\u2606actuary97\n|t:|1732391833\n|gametype|doubles\n|player|p1|juacox300|unknown|1790\n|player|p2|actuary97|sabrina-frlg|1843\n|teamsize|p1|6\n|teamsize|p2|6\n|gen|9\n|tier|[Gen 9] VGC 2024 Reg H\n|rated|\n|rule|Species Clause: Limit one of each Pok\u00e9mon\n|rule|Item Clause: Limit 1 of each item\n|clearpoke\n|poke|p1|Ursaluna, L50, F|\n|poke|p1|Murkrow, L50, M|\n|poke|p1|Sneasler, L50, M|\n|poke|p1|Indeedee, L50, M|\n|poke|p1|Archaludon, L50, M|\n|poke|p1|Incineroar, L50, M|\n|poke|p2|Whimsicott, L50, F|\n|poke|p2|Gallade, L50, M|\n|poke|p2|Archaludon, L50, F|\n|poke|p2|Malamar, L50, F|\n|poke|p2|Indeedee, L50, M|\n|poke|p2|Drifblim, L50, M|\n|teampreview|4\nactuary97 has agreed to open team sheets.\n|j| Mojoe93\n|j| SerseCosmiVGC\n|\n|t:|1732391872\n|start\n|switch|p1a: Archaludon|Archaludon, L50, M, shiny|100\/100\n|switch|p1b: Murkrow|Murkrow, L50, M|100\/100\n|switch|p2a: Malamother|Malamar, L50, F|100\/100\n|switch|p2b: \ud83c\udf88\ud83d\udc7b\ud83c\udf83\ud83d\udc7b\ud83c\udf83\ud83c\udf88|Drifblim, L50, M|100\/100\n|turn|1\n|\n|t:|1732391892\n|switch|p2b: \u2694\ufe0fKing\u2694\ufe0f|Gallade, L50, M, shiny|100\/100\n|-terastallize|p1a: Archaludon|Fairy\n|move|p1b: Murkrow|Rain Dance|p1b: Murkrow\n|-weather|RainDance\n|move|p1a: Archaludon|Electro Shot||[still]\n|-prepare|p1a: Archaludon|Electro Shot\n|-boost|p1a: Archaludon|spa|1\n|-anim|p1a: Archaludon|Electro Shot|p2b: \u2694\ufe0fKing\u2694\ufe0f\n|-damage|p2b: \u2694\ufe0fKing\u2694\ufe0f|34\/100\n|move|p2a: Malamother|Trick Room|p2a: Malamother\n|-fieldstart|move: Trick Room|[of] p2a: Malamother\n|\n|-weather|RainDance|[upkeep]\n|upkeep\n|turn|2\n|\n|t:|1732391912\n|switch|p2b: Bridget|Archaludon, L50, F, shiny|100\/100\n|move|p2a: Malamother|Topsy-Turvy|p1a: Archaludon\n|-invertboost|p1a: Archaludon|[from] move: Topsy-Turvy\n|move|p1b: Murkrow|Brave Bird|p2b: Bridget\n|-resisted|p2b: Bridget\n|-damage|p2b: Bridget|87\/100\n|-ability|p2b: Bridget|Stamina|boost\n|-boost|p2b: Bridget|def|1\n|-damage|p1b: Murkrow|95\/100|[from] Recoil\n|move|p1a: Archaludon|Electro Shot||[still]\n|-prepare|p1a: Archaludon|Electro Shot\n|-boost|p1a: Archaludon|spa|1\n|-anim|p1a: Archaludon|Electro Shot|p2a: Malamother\n|-damage|p2a: Malamother|56\/100\n|\n|-weather|RainDance|[upkeep]\n|upkeep\n|turn|3\n|\n|t:|1732391931\n|switch|p1b: Incineroar|Incineroar, L50, M|100\/100\n|-ability|p1b: Incineroar|Intimidate|boost\n|-boost|p2a: Malamother|atk|1\n|-unboost|p2b: Bridget|atk|1\n|move|p2a: Malamother|Knock Off|p1b: Incineroar\n|-resisted|p1b: Incineroar\n|-damage|p1b: Incineroar|75\/100\n|-enditem|p1b: Incineroar|Assault Vest|[from] move: Knock Off|[of] p2a: Malamother\n|move|p2b: Bridget|Electro Shot||[still]\n|-prepare|p2b: Bridget|Electro Shot\n|-boost|p2b: Bridget|spa|1\n|-anim|p2b: Bridget|Electro Shot|p1b: Incineroar\n|-damage|p1b: Incineroar|25\/100\n|move|p1a: Archaludon|Electro Shot||[still]\n|-prepare|p1a: Archaludon|Electro Shot\n|-boost|p1a: Archaludon|spa|1\n|-anim|p1a: Archaludon|Electro Shot|p2a: Malamother\n|-damage|p2a: Malamother|0 fnt\n|faint|p2a: Malamother\n|\n|-weather|RainDance|[upkeep]\n|upkeep\n|\n|t:|1732391947\n|switch|p2a: \u2694\ufe0fKing\u2694\ufe0f|Gallade, L50, M, shiny|34\/100\n|turn|4\n|\n|t:|1732391953\n|move|p1a: Archaludon|Protect|p1a: Archaludon\n|-singleturn|p1a: Archaludon|Protect\n|move|p2a: \u2694\ufe0fKing\u2694\ufe0f|Protect|p2a: \u2694\ufe0fKing\u2694\ufe0f\n|-singleturn|p2a: \u2694\ufe0fKing\u2694\ufe0f|Protect\n|move|p1b: Incineroar|Knock Off|p2a: \u2694\ufe0fKing\u2694\ufe0f\n|-activate|p2a: \u2694\ufe0fKing\u2694\ufe0f|move: Protect\n|move|p2b: Bridget|Body Press|p1b: Incineroar\n|-supereffective|p1b: Incineroar\n|-damage|p1b: Incineroar|0 fnt\n|faint|p1b: Incineroar\n|\n|-weather|RainDance|[upkeep]\n|upkeep\n|\n|t:|1732391961\n|switch|p1b: Tommau|Sneasler, L50, M|100\/100\n|turn|5\n|\n|t:|1732391978\n|switch|p1a: Murkrow|Murkrow, L50, M|95\/100\n|move|p1b: Tommau|Protect|p1b: Tommau\n|-singleturn|p1b: Tommau|Protect\n|move|p2b: Bridget|Flash Cannon|p1a: Murkrow\n|-damage|p1a: Murkrow|46\/100\n|move|p2a: \u2694\ufe0fKing\u2694\ufe0f|Psycho Cut|p1a: Murkrow\n|-immune|p1a: Murkrow\n|\n|-weather|none\n|-fieldend|move: Trick Room\n|upkeep\n|turn|6\n|\n|t:|1732392010\n|switch|p2a: \ud83c\udf88\ud83d\udc7b\ud83c\udf83\ud83d\udc7b\ud83c\udf83\ud83c\udf88|Drifblim, L50, M|100\/100\n|move|p1b: Tommau|Close Combat|p2b: Bridget\n|-supereffective|p2b: Bridget\n|-crit|p2b: Bridget\n|-damage|p2b: Bridget|0 fnt\n|-unboost|p1b: Tommau|def|1\n|-unboost|p1b: Tommau|spd|1\n|faint|p2b: Bridget\n|move|p1a: Murkrow|Brave Bird|p2a: \ud83c\udf88\ud83d\udc7b\ud83c\udf83\ud83d\udc7b\ud83c\udf83\ud83c\udf88\n|-damage|p2a: \ud83c\udf88\ud83d\udc7b\ud83c\udf83\ud83d\udc7b\ud83c\udf83\ud83c\udf88|67\/100\n|-damage|p1a: Murkrow|30\/100|[from] Recoil\n|\n|upkeep\n|c|\u2606actuary97|damn\n|\n|t:|1732392022\n|switch|p2b: \u2694\ufe0fKing\u2694\ufe0f|Gallade, L50, M, shiny|34\/100\n|turn|7\n|\n|t:|1732392034\n|move|p2b: \u2694\ufe0fKing\u2694\ufe0f|Protect|p2b: \u2694\ufe0fKing\u2694\ufe0f\n|-singleturn|p2b: \u2694\ufe0fKing\u2694\ufe0f|Protect\n|move|p1b: Tommau|Dire Claw|p2b: \u2694\ufe0fKing\u2694\ufe0f\n|-activate|p2b: \u2694\ufe0fKing\u2694\ufe0f|move: Protect\n|move|p2a: \ud83c\udf88\ud83d\udc7b\ud83c\udf83\ud83d\udc7b\ud83c\udf83\ud83c\udf88|Icy Wind|p1a: Murkrow|[spread] p1a\n|-miss|p2a: \ud83c\udf88\ud83d\udc7b\ud83c\udf83\ud83d\udc7b\ud83c\udf83\ud83c\udf88|p1b: Tommau\n|-supereffective|p1a: Murkrow\n|-damage|p1a: Murkrow|15\/100\n|-unboost|p1a: Murkrow|spe|1\n|move|p1a: Murkrow|Brave Bird|p2a: \ud83c\udf88\ud83d\udc7b\ud83c\udf83\ud83d\udc7b\ud83c\udf83\ud83c\udf88\n|-damage|p2a: \ud83c\udf88\ud83d\udc7b\ud83c\udf83\ud83d\udc7b\ud83c\udf83\ud83c\udf88|29\/100\n|-damage|p1a: Murkrow|0 fnt|[from] Recoil\n|faint|p1a: Murkrow\n|\n|upkeep\n|\n|t:|1732392037\n|switch|p1a: Archaludon|Archaludon, L50, M, shiny, tera:Fairy|100\/100\n|turn|8\n|\n|t:|1732392056\n|move|p1b: Tommau|Dire Claw|p2b: \u2694\ufe0fKing\u2694\ufe0f\n|-damage|p2b: \u2694\ufe0fKing\u2694\ufe0f|0 fnt\n|faint|p2b: \u2694\ufe0fKing\u2694\ufe0f\n|move|p2a: \ud83c\udf88\ud83d\udc7b\ud83c\udf83\ud83d\udc7b\ud83c\udf83\ud83c\udf88|Strength Sap|p1b: Tommau\n|-unboost|p1b: Tommau|atk|1\n|-heal|p2a: \ud83c\udf88\ud83d\udc7b\ud83c\udf83\ud83d\udc7b\ud83c\udf83\ud83c\udf88|100\/100\n|move|p1a: Archaludon|Electro Shot||[still]\n|-prepare|p1a: Archaludon|Electro Shot\n|-boost|p1a: Archaludon|spa|1\n|-enditem|p1a: Archaludon|Power Herb\n|-anim|p1a: Archaludon|Electro Shot|p2a: \ud83c\udf88\ud83d\udc7b\ud83c\udf83\ud83d\udc7b\ud83c\udf83\ud83c\udf88\n|-supereffective|p2a: \ud83c\udf88\ud83d\udc7b\ud83c\udf83\ud83d\udc7b\ud83c\udf83\ud83c\udf88\n|-damage|p2a: \ud83c\udf88\ud83d\udc7b\ud83c\udf83\ud83d\udc7b\ud83c\udf83\ud83c\udf88|0 fnt\n|faint|p2a: \ud83c\udf88\ud83d\udc7b\ud83c\udf83\ud83d\udc7b\ud83c\udf83\ud83c\udf88\n|\n|win|juacox300\n|raw|juacox300's rating: 1790 &rarr; <strong>1813<\/strong><br \/>(+23 for winning)\n|raw|actuary97's rating: 1843 &rarr; <strong>1820<\/strong><br \/>(-23 for losing)\n|c|\u2606actuary97|gg\n|c|\u2606juacox300|gg\n|l|\u2606juacox300\n|player|p1|\n|l|\u2606actuary97\n|player|p2|\n|l| SerseCosmiVGC\n|j|\u2606juacox300\n|player|p1|juacox300|unknown|\n|l|\u2606juacox300\n|player|p1|\n","uploadtime":1732392060,"views":65,"formatid":"gen9vgc2024regh","rating":1813,"private":0,"password":null}