{"id":"gen9vgc2024regh-2249687186","format":"[Gen 9] VGC 2024 Reg H","players":["qiyeO.o","Djjwjwwjj"],"log":"|j|\u2606qiyeO.o\n|j|\u2606Djjwjwwjj\n|t:|1732386755\n|gametype|doubles\n|player|p1|qiyeO.o|nancy|1737\n|player|p2|Djjwjwwjj|170|1719\n|teamsize|p1|6\n|teamsize|p2|6\n|gen|9\n|tier|[Gen 9] VGC 2024 Reg H\n|rated|\n|rule|Species Clause: Limit one of each Pok\u00e9mon\n|rule|Item Clause: Limit 1 of each item\n|clearpoke\n|poke|p1|Dragonite, L50, F|\n|poke|p1|Gholdengo, L50|\n|poke|p1|Kingambit, L50, M|\n|poke|p1|Primarina, L50, F|\n|poke|p1|Rillaboom, L50, F|\n|poke|p1|Archaludon, L50, F|\n|poke|p2|Pelipper, L50, F|\n|poke|p2|Incineroar, L50, M|\n|poke|p2|Palafin, L50, F|\n|poke|p2|Archaludon, L50, M|\n|poke|p2|Amoonguss, L50, M|\n|poke|p2|Farigiraf, L50, M|\n|teampreview|4\n|inactive|Battle timer is ON: inactive players will automatically lose when time's up. (requested by Djjwjwwjj)\n|inactive|Djjwjwwjj has 60 seconds left.\n|inactive|Djjwjwwjj has 30 seconds left.\n|inactive|Djjwjwwjj has 20 seconds left.\n|\n|t:|1732386828\n|start\n|switch|p1a: \u5927\u5927\u7684\u5c06|Kingambit, L50, M|100\/100\n|switch|p1b: \u94a2\u94a2\u7684\u9f99|Archaludon, L50, F|100\/100\n|switch|p2a: Pelipper|Pelipper, L50, F|100\/100\n|switch|p2b: Palafin|Palafin, L50, F|100\/100\n|-weather|RainDance|[from] ability: Drizzle|[of] p2a: Pelipper\n|turn|1\n|\n|t:|1732386853\n|-terastallize|p2a: Pelipper|Ground\n|move|p1a: \u5927\u5927\u7684\u5c06|Protect|p1a: \u5927\u5927\u7684\u5c06\n|-singleturn|p1a: \u5927\u5927\u7684\u5c06|Protect\n|move|p2a: Pelipper|Weather Ball|p1a: \u5927\u5927\u7684\u5c06\n|-activate|p1a: \u5927\u5927\u7684\u5c06|move: Protect\n|move|p2b: Palafin|Flip Turn|p1a: \u5927\u5927\u7684\u5c06\n|-activate|p1a: \u5927\u5927\u7684\u5c06|move: Protect\n|move|p1b: \u94a2\u94a2\u7684\u9f99|Electro Shot||[still]\n|-prepare|p1b: \u94a2\u94a2\u7684\u9f99|Electro Shot\n|-boost|p1b: \u94a2\u94a2\u7684\u9f99|spa|1\n|-anim|p1b: \u94a2\u94a2\u7684\u9f99|Electro Shot|p2b: Palafin\n|-supereffective|p2b: Palafin\n|-damage|p2b: Palafin|0 fnt\n|faint|p2b: Palafin\n|\n|-weather|RainDance|[upkeep]\n|upkeep\n|\n|t:|1732386871\n|switch|p2b: Archaludon|Archaludon, L50, M|100\/100\n|turn|2\n|j| jimopotheles\n|j| takuya3000\n|\n|t:|1732386894\n|switch|p2a: Amoonguss|Amoonguss, L50, M|100\/100\n|move|p1b: \u94a2\u94a2\u7684\u9f99|Protect|p1b: \u94a2\u94a2\u7684\u9f99\n|-singleturn|p1b: \u94a2\u94a2\u7684\u9f99|Protect\n|move|p2b: Archaludon|Electro Shot||[still]\n|-prepare|p2b: Archaludon|Electro Shot\n|-boost|p2b: Archaludon|spa|1\n|-anim|p2b: Archaludon|Electro Shot|p1a: \u5927\u5927\u7684\u5c06\n|-damage|p1a: \u5927\u5927\u7684\u5c06|41\/100\n|move|p1a: \u5927\u5927\u7684\u5c06|Low Kick|p2b: Archaludon\n|-supereffective|p2b: Archaludon\n|-damage|p2b: Archaludon|58\/100\n|-ability|p2b: Archaludon|Stamina|boost\n|-boost|p2b: Archaludon|def|1\n|\n|-weather|RainDance|[upkeep]\n|upkeep\n|turn|3\n|inactive|Djjwjwwjj has 30 seconds left.\n|\n|t:|1732386928\n|switch|p1a: \u8001\u8001\u7684\u8a79|Rillaboom, L50, F|100\/100\n|-fieldstart|move: Grassy Terrain|[from] ability: Grassy Surge|[of] p1a: \u8001\u8001\u7684\u8a79\n|move|p2a: Amoonguss|Rage Powder|p2a: Amoonguss\n|-singleturn|p2a: Amoonguss|move: Rage Powder\n|move|p1b: \u94a2\u94a2\u7684\u9f99|Draco Meteor|p2a: Amoonguss\n|-damage|p2a: Amoonguss|23\/100\n|-unboost|p1b: \u94a2\u94a2\u7684\u9f99|spa|2\n|-enditem|p2a: Amoonguss|Sitrus Berry|[eat]\n|-heal|p2a: Amoonguss|48\/100|[from] item: Sitrus Berry\n|move|p2b: Archaludon|Body Press|p1b: \u94a2\u94a2\u7684\u9f99\n|-supereffective|p1b: \u94a2\u94a2\u7684\u9f99\n|-damage|p1b: \u94a2\u94a2\u7684\u9f99|38\/100\n|\n|-weather|RainDance|[upkeep]\n|-heal|p1b: \u94a2\u94a2\u7684\u9f99|44\/100|[from] Grassy Terrain\n|-heal|p2b: Archaludon|64\/100|[from] Grassy Terrain\n|-heal|p2a: Amoonguss|53\/100|[from] Grassy Terrain\n|upkeep\n|turn|4\n|inactive|qiyeO.o has 30 seconds left.\n|inactive|Djjwjwwjj has 30 seconds left.\n|l| jimopotheles\n|inactive|Djjwjwwjj has 20 seconds left.\n|inactive|Djjwjwwjj has 15 seconds left.\n|inactive|Djjwjwwjj has 10 seconds left.\n|\n|t:|1732386973\n|switch|p2a: Pelipper|Pelipper, L50, F, tera:Ground|100\/100\n|move|p1b: \u94a2\u94a2\u7684\u9f99|Draco Meteor|p2a: Pelipper\n|-damage|p2a: Pelipper|23\/100\n|-unboost|p1b: \u94a2\u94a2\u7684\u9f99|spa|2\n|move|p2b: Archaludon|Body Press|p1b: \u94a2\u94a2\u7684\u9f99\n|-supereffective|p1b: \u94a2\u94a2\u7684\u9f99\n|-damage|p1b: \u94a2\u94a2\u7684\u9f99|0 fnt\n|faint|p1b: \u94a2\u94a2\u7684\u9f99\n|move|p1a: \u8001\u8001\u7684\u8a79|U-turn|p2a: Pelipper\n|-damage|p2a: Pelipper|0 fnt\n|faint|p2a: Pelipper\n|\n|t:|1732386978\n|switch|p1a: \u5bcc\u5bcc\u7684\u8c6a|Gholdengo, L50|100\/100|[from] U-turn\n|\n|-weather|RainDance|[upkeep]\n|-heal|p2b: Archaludon|70\/100|[from] Grassy Terrain\n|upkeep\n|\n|t:|1732386992\n|switch|p1b: \u8001\u8001\u7684\u8a79|Rillaboom, L50, F|100\/100\n|switch|p2a: Amoonguss|Amoonguss, L50, M|86\/100\n|turn|5\n|\n|t:|1732387002\n|move|p1b: \u8001\u8001\u7684\u8a79|Fake Out|p2b: Archaludon\n|-resisted|p2b: Archaludon\n|-damage|p2b: Archaludon|66\/100\n|-ability|p2b: Archaludon|Stamina|boost\n|-boost|p2b: Archaludon|def|1\n|move|p1a: \u5bcc\u5bcc\u7684\u8c6a|Shadow Ball|p2b: Archaludon\n|-crit|p2b: Archaludon\n|-damage|p2b: Archaludon|14\/100\n|-ability|p2b: Archaludon|Stamina|boost\n|-boost|p2b: Archaludon|def|1\n|cant|p2b: Archaludon|flinch\n|move|p2a: Amoonguss|Sludge Bomb|p1b: \u8001\u8001\u7684\u8a79\n|-supereffective|p1b: \u8001\u8001\u7684\u8a79\n|-damage|p1b: \u8001\u8001\u7684\u8a79|59\/100\n|\n|-weather|none\n|-heal|p2b: Archaludon|20\/100|[from] Grassy Terrain\n|-heal|p1b: \u8001\u8001\u7684\u8a79|65\/100|[from] Grassy Terrain\n|-heal|p2a: Amoonguss|92\/100|[from] Grassy Terrain\n|upkeep\n|turn|6\n|inactive|Djjwjwwjj has 30 seconds left.\n|\n|t:|1732387027\n|move|p2a: Amoonguss|Rage Powder|p2a: Amoonguss\n|-singleturn|p2a: Amoonguss|move: Rage Powder\n|move|p1a: \u5bcc\u5bcc\u7684\u8c6a|Shadow Ball|p2a: Amoonguss\n|-damage|p2a: Amoonguss|58\/100\n|move|p2b: Archaludon|Snarl|p1a: \u5bcc\u5bcc\u7684\u8c6a|[spread] p1a,p1b\n|-supereffective|p1a: \u5bcc\u5bcc\u7684\u8c6a\n|-damage|p1a: \u5bcc\u5bcc\u7684\u8c6a|60\/100\n|-damage|p1b: \u8001\u8001\u7684\u8a79|52\/100\n|-unboost|p1a: \u5bcc\u5bcc\u7684\u8c6a|spa|1\n|-unboost|p1b: \u8001\u8001\u7684\u8a79|spa|1\n|move|p1b: \u8001\u8001\u7684\u8a79|U-turn|p2a: Amoonguss\n|-damage|p2a: Amoonguss|36\/100\n|\n|t:|1732387030\n|switch|p1b: \u5927\u5927\u7684\u5c06|Kingambit, L50, M|41\/100|[from] U-turn\n|\n|-heal|p1a: \u5bcc\u5bcc\u7684\u8c6a|66\/100|[from] Grassy Terrain\n|-heal|p2b: Archaludon|26\/100|[from] Grassy Terrain\n|-heal|p1b: \u5927\u5927\u7684\u5c06|47\/100|[from] Grassy Terrain\n|-heal|p2a: Amoonguss|42\/100|[from] Grassy Terrain\n|upkeep\n|turn|7\n|inactive|qiyeO.o has 30 seconds left.\n|inactive|Djjwjwwjj has 30 seconds left.\n|inactive|Djjwjwwjj has 20 seconds left.\n|inactive|Djjwjwwjj has 15 seconds left.\n|inactive|Djjwjwwjj has 10 seconds left.\n|\n|t:|1732387078\n|move|p1a: \u5bcc\u5bcc\u7684\u8c6a|Shadow Ball|p2b: Archaludon\n|-damage|p2b: Archaludon|5\/100\n|-ability|p2b: Archaludon|Stamina|boost\n|-boost|p2b: Archaludon|def|1\n|move|p2b: Archaludon|Body Press|p1a: \u5bcc\u5bcc\u7684\u8c6a\n|-immune|p1a: \u5bcc\u5bcc\u7684\u8c6a\n|move|p1b: \u5927\u5927\u7684\u5c06|Kowtow Cleave|p2b: Archaludon\n|-damage|p2b: Archaludon|0 fnt\n|faint|p2b: Archaludon\n|move|p2a: Amoonguss|Sludge Bomb|p1a: \u5bcc\u5bcc\u7684\u8c6a\n|-immune|p1a: \u5bcc\u5bcc\u7684\u8c6a\n|\n|-heal|p1a: \u5bcc\u5bcc\u7684\u8c6a|72\/100|[from] Grassy Terrain\n|-heal|p1b: \u5927\u5927\u7684\u5c06|53\/100|[from] Grassy Terrain\n|-heal|p2a: Amoonguss|48\/100|[from] Grassy Terrain\n|-fieldend|move: Grassy Terrain\n|upkeep\n|turn|8\n|-message|Djjwjwwjj forfeited.\n|\n|win|qiyeO.o\n|raw|qiyeO.o's rating: 1737 &rarr; <strong>1756<\/strong><br \/>(+19 for winning)\n|raw|Djjwjwwjj's rating: 1719 &rarr; <strong>1700<\/strong><br \/>(-19 for losing)\n|l|\u2606Djjwjwwjj\n|player|p2|\n|l|\u2606qiyeO.o\n|player|p1|\n","uploadtime":1732387362,"views":6,"formatid":"gen9vgc2024regh","rating":1700,"private":0,"password":null}