{"id":"gen9vgc2024regh-2249783234","format":"[Gen 9] VGC 2024 Reg H","players":["VGCLTH Oinge","Proffesor_Karrot"],"log":"|j|\u2606VGCLTH Oinge\n|j|\u2606Proffesor_Karrot\n|t:|1732398776\n|gametype|doubles\n|player|p1|VGCLTH Oinge|mars|1680\n|player|p2|Proffesor_Karrot|lady|1745\n|teamsize|p1|6\n|teamsize|p2|6\n|gen|9\n|tier|[Gen 9] VGC 2024 Reg H\n|rated|\n|rule|Species Clause: Limit one of each Pok\u00e9mon\n|rule|Item Clause: Limit 1 of each item\n|clearpoke\n|poke|p1|Armarouge, L50, M|\n|poke|p1|Indeedee-F, L50, F|\n|poke|p1|Dragapult, L50, F|\n|poke|p1|Sneasler, L50, M|\n|poke|p1|Whimsicott, L50, M|\n|poke|p1|Annihilape, L50, M|\n|poke|p2|Incineroar, L50, F|\n|poke|p2|Rillaboom, L50, F|\n|poke|p2|Chesnaught, L50, F|\n|poke|p2|Volcarona, L50, F|\n|poke|p2|Primarina, L50, F|\n|poke|p2|Dragonite, L50, F|\n|teampreview|4\n|inactive|Battle timer is ON: inactive players will automatically lose when time's up. (requested by Proffesor_Karrot)\n|\n|t:|1732398799\n|start\n|switch|p1a: Dragapult|Dragapult, L50, F|100\/100\n|switch|p1b: Sneasler|Sneasler, L50, M|100\/100\n|switch|p2a: Volcarona|Volcarona, L50, F|100\/100\n|switch|p2b: Primarina|Primarina, L50, F, shiny|100\/100\n|turn|1\n|\n|t:|1732398810\n|move|p1b: Sneasler|Protect|p1b: Sneasler\n|-singleturn|p1b: Sneasler|Protect\n|move|p1a: Dragapult|Phantom Force||[still]\n|-prepare|p1a: Dragapult|Phantom Force\n|move|p2a: Volcarona|Tailwind|p2a: Volcarona\n|-sidestart|p2: Proffesor_Karrot|move: Tailwind\n|move|p2b: Primarina|Dazzling Gleam|p1a: Dragapult|[spread] \n|-miss|p2b: Primarina|p1a: Dragapult\n|-activate|p1b: Sneasler|move: Protect\n|\n|upkeep\n|turn|2\n|\n|t:|1732398820\n|move|p2a: Volcarona|Rage Powder|p2a: Volcarona\n|-singleturn|p2a: Volcarona|move: Rage Powder\n|move|p1a: Dragapult|Phantom Force|p2a: Volcarona|[from]lockedmove\n|-damage|p2a: Volcarona|44\/100\n|move|p1b: Sneasler|Dire Claw|p2a: Volcarona\n|-damage|p2a: Volcarona|5\/100\n|move|p2b: Primarina|Dazzling Gleam|p1a: Dragapult|[spread] p1a,p1b\n|-supereffective|p1a: Dragapult\n|-damage|p1a: Dragapult|0 fnt\n|-damage|p1b: Sneasler|30\/100\n|faint|p1a: Dragapult\n|\n|upkeep\n|\n|t:|1732398831\n|switch|p1a: Indeedee|Indeedee-F, L50, F|100\/100\n|-fieldstart|move: Psychic Terrain|[from] ability: Psychic Surge|[of] p1a: Indeedee\n|-enditem|p1b: Sneasler|Psychic Seed\n|-boost|p1b: Sneasler|spd|1|[from] item: Psychic Seed\n|turn|3\n|\n|t:|1732398844\n|move|p1b: Sneasler|Protect|p1b: Sneasler\n|-singleturn|p1b: Sneasler|Protect\n|move|p2a: Volcarona|Rage Powder|p2a: Volcarona\n|-singleturn|p2a: Volcarona|move: Rage Powder\n|move|p2b: Primarina|Dazzling Gleam|p1b: Sneasler|[spread] p1a\n|-activate|p1b: Sneasler|move: Protect\n|-damage|p1a: Indeedee|51\/100\n|move|p1a: Indeedee|Dazzling Gleam|p2b: Primarina|[spread] p2a,p2b\n|-resisted|p2a: Volcarona\n|-damage|p2a: Volcarona|0 fnt\n|-damage|p2b: Primarina|89\/100\n|faint|p2a: Volcarona\n|\n|upkeep\n|\n|t:|1732398853\n|switch|p2a: Rillaboom|Rillaboom, L50, F, shiny|100\/100\n|-fieldstart|move: Grassy Terrain|[from] ability: Grassy Surge|[of] p2a: Rillaboom\n|turn|4\n|inactive|VGCLTH Oinge has 30 seconds left.\n|\n|t:|1732398878\n|switch|p1b: Armarouge|Armarouge, L50, M|100\/100\n|-terastallize|p2a: Rillaboom|Fire\n|move|p2a: Rillaboom|U-turn|p1a: Indeedee\n|-supereffective|p1a: Indeedee\n|-damage|p1a: Indeedee|0 fnt\n|faint|p1a: Indeedee\n|\n|t:|1732398885\n|switch|p2a: Incineroar|Incineroar, L50, F, shiny|100\/100|[from] U-turn\n|-ability|p2a: Incineroar|Intimidate|boost\n|-unboost|p1b: Armarouge|atk|1\n|move|p2b: Primarina|Dazzling Gleam|p1b: Armarouge\n|-resisted|p1b: Armarouge\n|-damage|p1b: Armarouge|64\/100\n|\n|-heal|p2b: Primarina|95\/100|[from] Grassy Terrain\n|-heal|p1b: Armarouge|70\/100|[from] Grassy Terrain\n|-sideend|p2: Proffesor_Karrot|move: Tailwind\n|upkeep\n|\n|t:|1732398893\n|switch|p1a: Sneasler|Sneasler, L50, M|30\/100\n|turn|5\n|\n|t:|1732398901\n|switch|p2a: Rillaboom|Rillaboom, L50, F, shiny, tera:Fire|100\/100\n|move|p1a: Sneasler|Protect|p1a: Sneasler\n|-singleturn|p1a: Sneasler|Protect\n|move|p1b: Armarouge|Endure|p1b: Armarouge\n|-singleturn|p1b: Armarouge|move: Endure\n|move|p2b: Primarina|Dazzling Gleam|p1b: Armarouge|[spread] p1b\n|-activate|p1a: Sneasler|move: Protect\n|-resisted|p1b: Armarouge\n|-damage|p1b: Armarouge|44\/100\n|\n|-heal|p1a: Sneasler|36\/100|[from] Grassy Terrain\n|-heal|p1b: Armarouge|50\/100|[from] Grassy Terrain\n|-heal|p2b: Primarina|100\/100|[from] Grassy Terrain\n|upkeep\n|turn|6\n|\n|t:|1732398917\n|-terastallize|p1b: Armarouge|Psychic\n|move|p2a: Rillaboom|Fake Out|p1a: Sneasler\n|-damage|p1a: Sneasler|10\/100\n|cant|p1a: Sneasler|flinch\n|move|p1b: Armarouge|Expanding Force|p2b: Primarina\n|-damage|p2b: Primarina|50\/100\n|move|p2b: Primarina|Dazzling Gleam|p1a: Sneasler|[spread] p1a,p1b\n|-damage|p1a: Sneasler|0 fnt\n|-damage|p1b: Armarouge|0 fnt\n|faint|p1a: Sneasler\n|faint|p1b: Armarouge\n|\n|win|Proffesor_Karrot\n|raw|VGCLTH Oinge's rating: 1680 &rarr; <strong>1664<\/strong><br \/>(-16 for losing)\n|raw|Proffesor_Karrot's rating: 1745 &rarr; <strong>1761<\/strong><br \/>(+16 for winning)\n|l|\u2606VGCLTH Oinge\n|player|p1|\n|l|\u2606Proffesor_Karrot\n|player|p2|\n","uploadtime":1732399148,"views":7,"formatid":"gen9vgc2024regh","rating":1664,"private":0,"password":null}