{"id":"gen9vgc2024regh-2249596469","format":"[Gen 9] VGC 2024 Reg H","players":["VGCLTH ladderboy66","chin8"],"log":"|raw|<div class=\"broadcast-blue\"><strong>This battle is required to be public due to a player having a name starting with 'vgclth'.<\/div>\n|j|\u2606VGCLTH ladderboy66\n|j|\u2606chin8\n|t:|1732374896\n|gametype|doubles\n|player|p1|VGCLTH ladderboy66|169|1689\n|player|p2|chin8|gentleman-gen4dp|1740\n|teamsize|p1|6\n|teamsize|p2|6\n|gen|9\n|tier|[Gen 9] VGC 2024 Reg H\n|rated|\n|rule|Species Clause: Limit one of each Pok\u00e9mon\n|rule|Item Clause: Limit 1 of each item\n|clearpoke\n|poke|p1|Archaludon, L50, M|\n|poke|p1|Whimsicott, L50, M|\n|poke|p1|Pelipper, L50, M|\n|poke|p1|Basculegion, L50, M|\n|poke|p1|Gholdengo, L50|\n|poke|p1|Rillaboom, L50, F|\n|poke|p2|Baxcalibur, L50, M|\n|poke|p2|Kilowattrel, L50, F|\n|poke|p2|Granbull, L50, F|\n|poke|p2|Gardevoir, L50, F|\n|poke|p2|Magmortar, L50, F|\n|poke|p2|Gholdengo, L50|\n|teampreview|4\n|inactive|Battle timer is ON: inactive players will automatically lose when time's up. (requested by chin8)\n|\n|t:|1732374967\n|start\n|switch|p1a: Whimsicott|Whimsicott, L50, M|100\/100\n|switch|p1b: Gholdengo|Gholdengo, L50|100\/100\n|switch|p2a: Kilowattrel|Kilowattrel, L50, F|100\/100\n|switch|p2b: Baxcalibur|Baxcalibur, L50, M|100\/100\n|turn|1\n|\n|t:|1732374990\n|-terastallize|p2b: Baxcalibur|Ground\n|move|p1a: Whimsicott|Tailwind|p1a: Whimsicott\n|-sidestart|p1: VGCLTH ladderboy66|move: Tailwind\n|move|p1b: Gholdengo|Make It Rain|p2b: Baxcalibur|[spread] p2a,p2b\n|-resisted|p2a: Kilowattrel\n|-damage|p2a: Kilowattrel|34\/100\n|-damage|p2b: Baxcalibur|56\/100\n|-unboost|p1b: Gholdengo|spa|1\n|move|p2a: Kilowattrel|Air Slash|p1a: Whimsicott\n|-supereffective|p1a: Whimsicott\n|-damage|p1a: Whimsicott|14\/100\n|move|p2b: Baxcalibur|Earthquake|p1b: Gholdengo|[spread] p1a,p1b\n|-immune|p2a: Kilowattrel\n|-resisted|p1a: Whimsicott\n|-supereffective|p1b: Gholdengo\n|-damage|p1a: Whimsicott|0 fnt\n|-damage|p1b: Gholdengo|0 fnt\n|faint|p1a: Whimsicott\n|faint|p1b: Gholdengo\n|\n|upkeep\n|\n|t:|1732374998\n|switch|p1a: Archaludon|Archaludon, L50, M|100\/100\n|switch|p1b: Rillaboom|Rillaboom, L50, F|100\/100\n|-fieldstart|move: Grassy Terrain|[from] ability: Grassy Surge|[of] p1b: Rillaboom\n|turn|2\n|\n|t:|1732375008\n|switch|p2b: Magmortar|Magmortar, L50, F|100\/100\n|move|p2a: Kilowattrel|Protect|p2a: Kilowattrel\n|-singleturn|p2a: Kilowattrel|Protect\n|move|p1b: Rillaboom|Wood Hammer|p2b: Magmortar\n|-resisted|p2b: Magmortar\n|-damage|p2b: Magmortar|57\/100\n|-damage|p1b: Rillaboom|86\/100|[from] Recoil\n|move|p1a: Archaludon|Dragon Pulse|p2a: Kilowattrel\n|-activate|p2a: Kilowattrel|move: Protect\n|\n|-heal|p1b: Rillaboom|92\/100|[from] Grassy Terrain\n|-heal|p2b: Magmortar|63\/100|[from] Grassy Terrain\n|upkeep\n|turn|3\n|\n|t:|1732375030\n|switch|p2a: Baxcalibur|Baxcalibur, L50, M, tera:Ground|56\/100\n|-terastallize|p1b: Rillaboom|Grass\n|move|p2b: Magmortar|Protect|p2b: Magmortar\n|-singleturn|p2b: Magmortar|Protect\n|move|p1b: Rillaboom|Wood Hammer|p2b: Magmortar\n|-activate|p2b: Magmortar|move: Protect\n|move|p1a: Archaludon|Dragon Pulse|p2a: Baxcalibur\n|-damage|p2a: Baxcalibur|33\/100\n|\n|-heal|p1b: Rillaboom|98\/100|[from] Grassy Terrain\n|-heal|p2a: Baxcalibur|39\/100|[from] Grassy Terrain\n|-heal|p2b: Magmortar|69\/100|[from] Grassy Terrain\n|upkeep\n|turn|4\n|\n|t:|1732375043\n|move|p2b: Magmortar|Follow Me|p2b: Magmortar\n|-singleturn|p2b: Magmortar|move: Follow Me\n|move|p2a: Baxcalibur|Ice Shard|p1b: Rillaboom\n|-supereffective|p1b: Rillaboom\n|-damage|p1b: Rillaboom|43\/100\n|move|p1b: Rillaboom|Wood Hammer|p2b: Magmortar\n|-resisted|p2b: Magmortar\n|-damage|p2b: Magmortar|2\/100\n|-enditem|p2b: Magmortar|Sitrus Berry|[eat]\n|-heal|p2b: Magmortar|26\/100|[from] item: Sitrus Berry\n|-damage|p1b: Rillaboom|20\/100|[from] Recoil\n|move|p1a: Archaludon|Dragon Pulse|p2b: Magmortar\n|-damage|p2b: Magmortar|0 fnt\n|faint|p2b: Magmortar\n|\n|-heal|p1b: Rillaboom|26\/100|[from] Grassy Terrain\n|-heal|p2a: Baxcalibur|45\/100|[from] Grassy Terrain\n|-sideend|p1: VGCLTH ladderboy66|move: Tailwind\n|upkeep\n|\n|t:|1732375053\n|switch|p2b: Kilowattrel|Kilowattrel, L50, F|34\/100\n|turn|5\n|\n|t:|1732375062\n|move|p1b: Rillaboom|Grassy Glide|p2a: Baxcalibur\n|-supereffective|p2a: Baxcalibur\n|-damage|p2a: Baxcalibur|0 fnt\n|faint|p2a: Baxcalibur\n|move|p2b: Kilowattrel|Tailwind|p2b: Kilowattrel\n|-sidestart|p2: chin8|move: Tailwind\n|move|p1a: Archaludon|Dragon Pulse|p2b: Kilowattrel\n|-damage|p2b: Kilowattrel|0 fnt\n|faint|p2b: Kilowattrel\n|\n|-heal|p1b: Rillaboom|32\/100|[from] Grassy Terrain\n|upkeep\n|\n|t:|1732375065\n|switch|p2b: Gholdengo|Gholdengo, L50|100\/100\n|turn|6\n|\n|t:|1732375073\n|move|p2b: Gholdengo|Protect|p2b: Gholdengo\n|-singleturn|p2b: Gholdengo|Protect\n|move|p1b: Rillaboom|Grassy Glide|p2b: Gholdengo\n|-activate|p2b: Gholdengo|move: Protect\n|move|p1a: Archaludon|Snarl|p2b: Gholdengo\n|-activate|p2b: Gholdengo|move: Protect\n|\n|-heal|p1b: Rillaboom|39\/100|[from] Grassy Terrain\n|-fieldend|move: Grassy Terrain\n|upkeep\n|turn|7\n|\n|t:|1732375077\n|move|p2b: Gholdengo|Nasty Plot|p2b: Gholdengo\n|-boost|p2b: Gholdengo|spa|2\n|move|p1b: Rillaboom|Wood Hammer|p2b: Gholdengo\n|-resisted|p2b: Gholdengo\n|-damage|p2b: Gholdengo|50\/100\n|-damage|p1b: Rillaboom|20\/100|[from] Recoil\n|move|p1a: Archaludon|Snarl|p2b: Gholdengo\n|-supereffective|p2b: Gholdengo\n|-damage|p2b: Gholdengo|18\/100\n|-unboost|p2b: Gholdengo|spa|1\n|\n|-heal|p2b: Gholdengo|24\/100|[from] item: Leftovers\n|upkeep\n|turn|8\n|-message|chin8 forfeited.\n|\n|win|VGCLTH ladderboy66\n|raw|VGCLTH ladderboy66's rating: 1689 &rarr; <strong>1712<\/strong><br \/>(+23 for winning)\n|raw|chin8's rating: 1740 &rarr; <strong>1717<\/strong><br \/>(-23 for losing)\n|l|\u2606chin8\n|player|p2|\n|l|\u2606VGCLTH ladderboy66\n|player|p1|\n","uploadtime":1732375227,"views":5,"formatid":"gen9vgc2024regh","rating":1712,"private":0,"password":null}