{"id":"gen9vgc2024regh-2249673996","format":"[Gen 9] VGC 2024 Reg H","players":["qiyeO.o","VGCLTH WitchMag"],"log":"|j|\u2606qiyeO.o\n|j|\u2606VGCLTH WitchMag\n|t:|1732385046\n|gametype|doubles\n|player|p1|qiyeO.o|nancy|1765\n|player|p2|VGCLTH WitchMag|cynthia-masters|1762\n|teamsize|p1|6\n|teamsize|p2|6\n|gen|9\n|tier|[Gen 9] VGC 2024 Reg H\n|rated|\n|rule|Species Clause: Limit one of each Pok\u00e9mon\n|rule|Item Clause: Limit 1 of each item\n|clearpoke\n|poke|p1|Dragonite, L50, F|\n|poke|p1|Gholdengo, L50|\n|poke|p1|Kingambit, L50, M|\n|poke|p1|Primarina, L50, F|\n|poke|p1|Rillaboom, L50, F|\n|poke|p1|Archaludon, L50, F|\n|poke|p2|Glimmora, L50, F|\n|poke|p2|Gholdengo, L50|\n|poke|p2|Garchomp, L50, F|\n|poke|p2|Talonflame, L50, F|\n|poke|p2|Rillaboom, L50, M|\n|poke|p2|Primarina, L50, M|\n|teampreview|4\n|j| R0gueVGC\n|inactive|Battle timer is ON: inactive players will automatically lose when time's up. (requested by qiyeO.o)\n|\n|t:|1732385083\n|start\n|switch|p1a: \u5976\u5976\u7684\u9f99|Dragonite, L50, F|100\/100\n|switch|p1b: \u5bcc\u5bcc\u7684\u8c6a|Gholdengo, L50|100\/100\n|switch|p2a: Odysseus|Talonflame, L50, F|100\/100\n|switch|p2b: Circe|Glimmora, L50, F|100\/100\n|turn|1\n|\n|t:|1732385104\n|-terastallize|p2b: Circe|Grass\n|move|p1a: \u5976\u5976\u7684\u9f99|Extreme Speed|p2a: Odysseus\n|-damage|p2a: Odysseus|56\/100\n|move|p1b: \u5bcc\u5bcc\u7684\u8c6a|Shadow Ball|p2a: Odysseus\n|-crit|p2a: Odysseus\n|-damage|p2a: Odysseus|0 fnt\n|faint|p2a: Odysseus\n|move|p2b: Circe|Meteor Beam||[still]\n|-prepare|p2b: Circe|Meteor Beam\n|-boost|p2b: Circe|spa|1\n|-enditem|p2b: Circe|Power Herb\n|-anim|p2b: Circe|Meteor Beam|p1a: \u5976\u5976\u7684\u9f99\n|-supereffective|p1a: \u5976\u5976\u7684\u9f99\n|-damage|p1a: \u5976\u5976\u7684\u9f99|0 fnt\n|faint|p1a: \u5976\u5976\u7684\u9f99\n|\n|upkeep\n|j| FBISurveillanceMan\n|\n|t:|1732385131\n|switch|p2a: Athena|Garchomp, L50, F|100\/100\n|switch|p1a: \u5927\u5927\u7684\u5c06|Kingambit, L50, M|100\/100\n|turn|2\n|inactive|VGCLTH WitchMag has 30 seconds left.\n|\n|t:|1732385166\n|switch|p1b: \u8001\u8001\u7684\u8a79|Rillaboom, L50, F|100\/100\n|-fieldstart|move: Grassy Terrain|[from] ability: Grassy Surge|[of] p1b: \u8001\u8001\u7684\u8a79\n|-terastallize|p1a: \u5927\u5927\u7684\u5c06|Dark\n|move|p2b: Circe|Spiky Shield|p2b: Circe\n|-singleturn|p2b: Circe|move: Protect\n|move|p2a: Athena|Earthquake|p1a: \u5927\u5927\u7684\u5c06|[spread] p1a,p1b\n|-activate|p2b: Circe|move: Protect\n|-resisted|p1b: \u8001\u8001\u7684\u8a79\n|-damage|p1a: \u5927\u5927\u7684\u5c06|78\/100\n|-damage|p1b: \u8001\u8001\u7684\u8a79|90\/100\n|-damage|p2a: Athena|91\/100|[from] item: Life Orb\n|move|p1a: \u5927\u5927\u7684\u5c06|Kowtow Cleave|p2a: Athena\n|-damage|p2a: Athena|26\/100\n|-damage|p1a: \u5927\u5927\u7684\u5c06|65\/100|[from] ability: Rough Skin|[of] p2a: Athena\n|\n|-heal|p2a: Athena|32\/100|[from] Grassy Terrain\n|-heal|p1b: \u8001\u8001\u7684\u8a79|96\/100|[from] Grassy Terrain\n|-heal|p1a: \u5927\u5927\u7684\u5c06|72\/100|[from] Grassy Terrain\n|upkeep\n|turn|3\n|\n|t:|1732385186\n|move|p1b: \u8001\u8001\u7684\u8a79|Fake Out|p2b: Circe\n|-damage|p2b: Circe|83\/100\n|-activate|p2b: Circe|ability: Toxic Debris\n|-sidestart|p1: qiyeO.o|move: Toxic Spikes\n|move|p2a: Athena|Dragon Claw|p1a: \u5927\u5927\u7684\u5c06\n|-damage|p1a: \u5927\u5927\u7684\u5c06|20\/100\n|-damage|p2a: Athena|22\/100|[from] item: Life Orb\n|cant|p2b: Circe|flinch\n|move|p1a: \u5927\u5927\u7684\u5c06|Kowtow Cleave|p2b: Circe\n|-damage|p2b: Circe|3\/100\n|-activate|p2b: Circe|ability: Toxic Debris\n|-sidestart|p1: qiyeO.o|move: Toxic Spikes\n|\n|-heal|p2a: Athena|28\/100|[from] Grassy Terrain\n|-heal|p2b: Circe|9\/100|[from] Grassy Terrain\n|-heal|p1b: \u8001\u8001\u7684\u8a79|100\/100|[from] Grassy Terrain\n|-heal|p1a: \u5927\u5927\u7684\u5c06|27\/100|[from] Grassy Terrain\n|upkeep\n|turn|4\n|\n|t:|1732385206\n|move|p1b: \u8001\u8001\u7684\u8a79|Grassy Glide|p2a: Athena\n|-damage|p2a: Athena|0 fnt\n|-damage|p1b: \u8001\u8001\u7684\u8a79|88\/100|[from] ability: Rough Skin|[of] p2a: Athena\n|faint|p2a: Athena\n|move|p1a: \u5927\u5927\u7684\u5c06|Sucker Punch|p2b: Circe\n|-damage|p2b: Circe|0 fnt\n|faint|p2b: Circe\n|\n|-heal|p1b: \u8001\u8001\u7684\u8a79|94\/100|[from] Grassy Terrain\n|-heal|p1a: \u5927\u5927\u7684\u5c06|33\/100|[from] Grassy Terrain\n|upkeep\n|\n|t:|1732385209\n|switch|p2b: Penelope|Gholdengo, L50|100\/100\n|turn|5\n|-message|VGCLTH WitchMag forfeited.\n|\n|win|qiyeO.o\n|raw|qiyeO.o's rating: 1765 &rarr; <strong>1785<\/strong><br \/>(+20 for winning)\n|raw|VGCLTH WitchMag's rating: 1762 &rarr; <strong>1742<\/strong><br \/>(-20 for losing)\n|l|\u2606VGCLTH WitchMag\n|player|p2|\n|l|\u2606qiyeO.o\n|player|p1|\n|l| R0gueVGC\n|l| FBISurveillanceMan\n","uploadtime":1732385498,"views":14,"formatid":"gen9vgc2024regh","rating":1742,"private":0,"password":null}