{"id":"gen9vgc2024regh-2249055474","format":"[Gen 9] VGC 2024 Reg H","players":["GooglePay","VGCLTH Python"],"log":"|raw|<div class=\"broadcast-blue\"><strong>This battle is required to be public due to a player having a name starting with 'vgclth'.<\/div>\n|j|\u2606GooglePay\n|j|\u2606VGCLTH Python\n|t:|1732295299\n|gametype|doubles\n|player|p1|GooglePay|170|1729\n|player|p2|VGCLTH Python|101|1768\n|teamsize|p1|6\n|teamsize|p2|6\n|gen|9\n|tier|[Gen 9] VGC 2024 Reg H\n|rated|\n|rule|Species Clause: Limit one of each Pok\u00e9mon\n|rule|Item Clause: Limit 1 of each item\n|clearpoke\n|poke|p1|Dragonite, L50, F|\n|poke|p1|Incineroar, L50, F|\n|poke|p1|Annihilape, L50, F|\n|poke|p1|Rillaboom, L50, F|\n|poke|p1|Ursaluna-Bloodmoon, L50, M|\n|poke|p1|Gholdengo, L50|\n|poke|p2|Archaludon, L50, M|\n|poke|p2|Basculegion, L50, M|\n|poke|p2|Pelipper, L50, M|\n|poke|p2|Amoonguss, L50, F|\n|poke|p2|Incineroar, L50, M|\n|poke|p2|Maushold, L50|\n|teampreview|4\n|inactive|Battle timer is ON: inactive players will automatically lose when time's up. (requested by VGCLTH Python)\n|\n|t:|1732295356\n|start\n|switch|p1a: Dragonite|Dragonite, L50, F|100\/100\n|switch|p1b: Annihilape|Annihilape, L50, F|100\/100\n|switch|p2a: Amoonguss|Amoonguss, L50, F|100\/100\n|switch|p2b: Incineroar|Incineroar, L50, M|100\/100\n|-ability|p2b: Incineroar|Intimidate|boost\n|-unboost|p1a: Dragonite|atk|1\n|-unboost|p1b: Annihilape|atk|1\n|-ability|p1b: Annihilape|Defiant|boost\n|-boost|p1b: Annihilape|atk|2\n|turn|1\n|j| vgclth terran\n|inactive|GooglePay has 30 seconds left.\n|l| vgclth terran\n|inactive|GooglePay has 20 seconds left.\n|\n|t:|1732295394\n|move|p2b: Incineroar|Fake Out|p1a: Dragonite\n|-damage|p1a: Dragonite|94\/100\n|move|p1b: Annihilape|Taunt|p2a: Amoonguss\n|-start|p2a: Amoonguss|move: Taunt\n|cant|p1a: Dragonite|flinch\n|cant|p2a: Amoonguss|move: Taunt|Spore\n|\n|upkeep\n|turn|2\n|inactive|VGCLTH Python has 30 seconds left.\n|\n|t:|1732295423\n|switch|p2a: Pelipper|Pelipper, L50, M|100\/100\n|-weather|RainDance|[from] ability: Drizzle|[of] p2a: Pelipper\n|move|p1b: Annihilape|Close Combat|p2b: Incineroar\n|-supereffective|p2b: Incineroar\n|-damage|p2b: Incineroar|0 fnt\n|-unboost|p1b: Annihilape|def|1\n|-unboost|p1b: Annihilape|spd|1\n|faint|p2b: Incineroar\n|move|p1a: Dragonite|Scale Shot|p2a: Pelipper\n|-damage|p2a: Pelipper|87\/100\n|-damage|p2a: Pelipper|73\/100\n|-damage|p2a: Pelipper|59\/100\n|-damage|p2a: Pelipper|46\/100\n|-damage|p2a: Pelipper|32\/100\n|-hitcount|p2a: Pelipper|5\n|-unboost|p1a: Dragonite|def|1\n|-boost|p1a: Dragonite|spe|1\n|\n|-weather|RainDance|[upkeep]\n|upkeep\n|\n|t:|1732295436\n|switch|p2b: Amoonguss|Amoonguss, L50, F|100\/100\n|turn|3\n|\n|t:|1732295449\n|move|p2b: Amoonguss|Rage Powder|p2b: Amoonguss\n|-singleturn|p2b: Amoonguss|move: Rage Powder\n|move|p1a: Dragonite|Scale Shot|p2b: Amoonguss\n|-damage|p2b: Amoonguss|92\/100\n|-damage|p2b: Amoonguss|83\/100\n|-damage|p2b: Amoonguss|75\/100\n|-damage|p2b: Amoonguss|66\/100\n|-crit|p2b: Amoonguss\n|-damage|p2b: Amoonguss|48\/100\n|-enditem|p2b: Amoonguss|Sitrus Berry|[eat]\n|-heal|p2b: Amoonguss|73\/100|[from] item: Sitrus Berry\n|-hitcount|p2b: Amoonguss|5\n|-unboost|p1a: Dragonite|def|1\n|-boost|p1a: Dragonite|spe|1\n|move|p1b: Annihilape|Taunt|p2b: Amoonguss\n|-start|p2b: Amoonguss|move: Taunt\n|move|p2a: Pelipper|Tailwind|p2a: Pelipper\n|-sidestart|p2: VGCLTH Python|move: Tailwind\n|\n|-weather|RainDance|[upkeep]\n|upkeep\n|turn|4\n|\n|t:|1732295471\n|switch|p2a: Archaludon|Archaludon, L50, M|100\/100\n|move|p1a: Dragonite|Tailwind|p1a: Dragonite\n|-sidestart|p1: GooglePay|move: Tailwind\n|move|p1b: Annihilape|Rage Fist|p2a: Archaludon\n|-damage|p2a: Archaludon|76\/100\n|-ability|p2a: Archaludon|Stamina|boost\n|-boost|p2a: Archaludon|def|1\n|move|p2b: Amoonguss|Pollen Puff|p2a: Archaludon\n|-heal|p2a: Archaludon|100\/100\n|\n|-weather|RainDance|[upkeep]\n|upkeep\n|turn|5\n|inactive|GooglePay has 30 seconds left.\n|\n|t:|1732295502\n|-terastallize|p2a: Archaludon|Grass\n|move|p1a: Dragonite|Scale Shot|p2b: Amoonguss\n|-damage|p2b: Amoonguss|64\/100\n|-damage|p2b: Amoonguss|56\/100\n|-damage|p2b: Amoonguss|47\/100\n|-damage|p2b: Amoonguss|39\/100\n|-hitcount|p2b: Amoonguss|4\n|-unboost|p1a: Dragonite|def|1\n|-boost|p1a: Dragonite|spe|1\n|move|p1b: Annihilape|Close Combat|p2b: Amoonguss\n|-resisted|p2b: Amoonguss\n|-damage|p2b: Amoonguss|3\/100\n|-unboost|p1b: Annihilape|def|1\n|-unboost|p1b: Annihilape|spd|1\n|move|p2a: Archaludon|Electro Shot||[still]\n|-prepare|p2a: Archaludon|Electro Shot\n|-boost|p2a: Archaludon|spa|1\n|-anim|p2a: Archaludon|Electro Shot|p1b: Annihilape\n|-enditem|p1b: Annihilape|Focus Sash\n|-damage|p1b: Annihilape|1\/100\n|move|p2b: Amoonguss|Pollen Puff|p2a: Archaludon\n|-immune|p2a: Archaludon\n|\n|-weather|RainDance|[upkeep]\n|upkeep\n|turn|6\n|inactive|GooglePay has 30 seconds left.\n|\n|t:|1732295534\n|move|p1a: Dragonite|Haze|p1a: Dragonite\n|-clearallboost\n|move|p1b: Annihilape|Rage Fist|p2b: Amoonguss\n|-damage|p2b: Amoonguss|0 fnt\n|faint|p2b: Amoonguss\n|move|p2a: Archaludon|Dragon Pulse|p1a: Dragonite\n|-supereffective|p1a: Dragonite\n|-damage|p1a: Dragonite|0 fnt\n|faint|p1a: Dragonite\n|\n|-weather|none\n|-sideend|p2: VGCLTH Python|move: Tailwind\n|upkeep\n|\n|t:|1732295544\n|switch|p1a: Rillaboom|Rillaboom, L50, F|100\/100\n|switch|p2b: Pelipper|Pelipper, L50, M|32\/100\n|-fieldstart|move: Grassy Terrain|[from] ability: Grassy Surge|[of] p1a: Rillaboom\n|-weather|RainDance|[from] ability: Drizzle|[of] p2b: Pelipper\n|turn|7\n|\n|t:|1732295566\n|move|p2b: Pelipper|Protect|p2b: Pelipper\n|-singleturn|p2b: Pelipper|Protect\n|move|p1b: Annihilape|Rage Fist|p2b: Pelipper\n|-activate|p2b: Pelipper|move: Protect\n|move|p1a: Rillaboom|U-turn|p2a: Archaludon\n|-supereffective|p2a: Archaludon\n|-damage|p2a: Archaludon|69\/100\n|-ability|p2a: Archaludon|Stamina|boost\n|-boost|p2a: Archaludon|def|1\n|\n|t:|1732295568\n|switch|p1a: Gholdengo|Gholdengo, L50|100\/100|[from] U-turn\n|move|p2a: Archaludon|Electro Shot||[still]\n|-prepare|p2a: Archaludon|Electro Shot\n|-boost|p2a: Archaludon|spa|1\n|-anim|p2a: Archaludon|Electro Shot|p1b: Annihilape\n|-damage|p1b: Annihilape|0 fnt\n|faint|p1b: Annihilape\n|\n|-weather|RainDance|[upkeep]\n|-heal|p2a: Archaludon|75\/100|[from] Grassy Terrain\n|-sideend|p1: GooglePay|move: Tailwind\n|upkeep\n|\n|t:|1732295570\n|switch|p1b: Rillaboom|Rillaboom, L50, F|100\/100\n|turn|8\n|j| Bricks and Steel\n|\n|t:|1732295589\n|move|p1b: Rillaboom|Grassy Glide|p2b: Pelipper\n|-damage|p2b: Pelipper|0 fnt\n|faint|p2b: Pelipper\n|move|p1a: Gholdengo|Nasty Plot|p1a: Gholdengo\n|-boost|p1a: Gholdengo|spa|2\n|move|p2a: Archaludon|Electro Shot||[still]\n|-prepare|p2a: Archaludon|Electro Shot\n|-boost|p2a: Archaludon|spa|1\n|-anim|p2a: Archaludon|Electro Shot|p1a: Gholdengo\n|-damage|p1a: Gholdengo|9\/100\n|\n|-weather|RainDance|[upkeep]\n|-heal|p1a: Gholdengo|15\/100|[from] Grassy Terrain\n|-heal|p1a: Gholdengo|20\/100|[from] item: Leftovers\n|-heal|p2a: Archaludon|81\/100|[from] Grassy Terrain\n|upkeep\n|turn|9\n|\n|t:|1732295608\n|move|p1a: Gholdengo|Protect|p1a: Gholdengo\n|-singleturn|p1a: Gholdengo|Protect\n|move|p2a: Archaludon|Electro Shot||[still]\n|-prepare|p2a: Archaludon|Electro Shot\n|-boost|p2a: Archaludon|spa|1\n|-anim|p2a: Archaludon|Electro Shot|p1a: Gholdengo\n|-activate|p1a: Gholdengo|move: Protect\n|move|p1b: Rillaboom|U-turn|p2a: Archaludon\n|-supereffective|p2a: Archaludon\n|-damage|p2a: Archaludon|58\/100\n|-ability|p2a: Archaludon|Stamina|boost\n|-boost|p2a: Archaludon|def|1\n|\n|-weather|RainDance|[upkeep]\n|-heal|p1a: Gholdengo|26\/100|[from] Grassy Terrain\n|-heal|p1a: Gholdengo|32\/100|[from] item: Leftovers\n|-heal|p2a: Archaludon|64\/100|[from] Grassy Terrain\n|upkeep\n|turn|10\n|j| Therazer456\n|\n|t:|1732295616\n|move|p1a: Gholdengo|Shadow Ball|p2a: Archaludon\n|-damage|p2a: Archaludon|1\/100\n|-ability|p2a: Archaludon|Stamina|boost\n|-boost|p2a: Archaludon|def|1\n|move|p2a: Archaludon|Electro Shot||[still]\n|-prepare|p2a: Archaludon|Electro Shot\n|-boost|p2a: Archaludon|spa|1\n|-anim|p2a: Archaludon|Electro Shot|p1a: Gholdengo\n|-damage|p1a: Gholdengo|0 fnt\n|faint|p1a: Gholdengo\n|move|p1b: Rillaboom|U-turn|p2a: Archaludon\n|-supereffective|p2a: Archaludon\n|-damage|p2a: Archaludon|0 fnt\n|faint|p2a: Archaludon\n|\n|win|GooglePay\n|raw|GooglePay's rating: 1729 &rarr; <strong>1751<\/strong><br \/>(+22 for winning)\n|raw|VGCLTH Python's rating: 1768 &rarr; <strong>1746<\/strong><br \/>(-22 for losing)\n|l|\u2606VGCLTH Python\n|player|p2|\n|l| Therazer456\n|l| Bricks and Steel\n","uploadtime":1732295754,"views":13,"formatid":"gen9vgc2024regh","rating":1746,"private":0,"password":null}