{"id":"gen9vgc2024regh-2249829160","format":"[Gen 9] VGC 2024 Reg H","players":["madgiraffe","elvegis1"],"log":"|j|\u2606madgiraffe\n|j|\u2606elvegis1\n|t:|1732404590\n|gametype|doubles\n|player|p1|madgiraffe|101|1673\n|player|p2|elvegis1|lucas|1753\n|teamsize|p1|6\n|teamsize|p2|6\n|gen|9\n|tier|[Gen 9] VGC 2024 Reg H\n|rated|\n|rule|Species Clause: Limit one of each Pok\u00e9mon\n|rule|Item Clause: Limit 1 of each item\n|clearpoke\n|poke|p1|Gholdengo, L50|\n|poke|p1|Tinkaton, L50, F|\n|poke|p1|Dragonite, L50, M|\n|poke|p1|Ursaluna-Bloodmoon, L50, M|\n|poke|p1|Incineroar, L50, M|\n|poke|p1|Basculegion, L50, M|\n|poke|p2|Incineroar, L50, M|\n|poke|p2|Gholdengo, L50|\n|poke|p2|Dondozo, L50, F|\n|poke|p2|Magnezone, L50|\n|poke|p2|Ursaluna, L50, M|\n|poke|p2|Dusclops, L50, F|\n|teampreview|4\n|inactive|Battle timer is ON: inactive players will automatically lose when time's up. (requested by elvegis1)\n|inactive|madgiraffe also wants the timer to be on.\n|inactive|madgiraffe has 60 seconds left.\n|inactive|elvegis1 has 60 seconds left.\n|\n|t:|1732404648\n|start\n|switch|p1a: Ursaluna|Ursaluna-Bloodmoon, L50, M|100\/100\n|switch|p1b: Basculegion|Basculegion, L50, M|100\/100\n|switch|p2a: Dusclops|Dusclops, L50, F|100\/100\n|switch|p2b: Magnezone|Magnezone, L50|100\/100\n|-item|p1a: Ursaluna|Assault Vest|[from] ability: Frisk|[of] p2a: Dusclops\n|-item|p1b: Basculegion|Choice Scarf|[from] ability: Frisk|[of] p2a: Dusclops\n|turn|1\n|\n|t:|1732404671\n|move|p2b: Magnezone|Protect|p2b: Magnezone\n|-singleturn|p2b: Magnezone|Protect\n|move|p1b: Basculegion|Flip Turn|p2b: Magnezone\n|-activate|p2b: Magnezone|move: Protect\n|move|p1a: Ursaluna|Earth Power|p2b: Magnezone\n|-activate|p2b: Magnezone|move: Protect\n|move|p2a: Dusclops|Trick Room|p2a: Dusclops\n|-fieldstart|move: Trick Room|[of] p2a: Dusclops\n|\n|upkeep\n|turn|2\n|\n|t:|1732404696\n|switch|p1b: Incineroar|Incineroar, L50, M|100\/100\n|-ability|p1b: Incineroar|Intimidate|boost\n|-unboost|p2a: Dusclops|atk|1\n|-unboost|p2b: Magnezone|atk|1\n|move|p2a: Dusclops|Will-O-Wisp|p1a: Ursaluna|[miss]\n|-miss|p2a: Dusclops|p1a: Ursaluna\n|move|p1a: Ursaluna|Earth Power|p2b: Magnezone\n|-supereffective|p2b: Magnezone\n|-ability|p2b: Magnezone|Sturdy\n|-damage|p2b: Magnezone|1\/100\n|move|p2b: Magnezone|Volt Switch|p1b: Incineroar\n|-damage|p1b: Incineroar|60\/100\n|\n|t:|1732404715\n|switch|p2b: Ursaluna|Ursaluna, L50, M|100\/100|[from] Volt Switch\n|\n|-status|p2b: Ursaluna|brn|[from] item: Flame Orb\n|upkeep\n|turn|3\n|\n|t:|1732404738\n|switch|p1b: Dragonite|Dragonite, L50, M|100\/100\n|-terastallize|p2b: Ursaluna|Ghost\n|move|p2a: Dusclops|Will-O-Wisp|p1a: Ursaluna\n|-status|p1a: Ursaluna|brn\n|move|p2b: Ursaluna|Earthquake|p1a: Ursaluna|[spread] p2a,p1a\n|-immune|p1b: Dragonite\n|-damage|p2a: Dusclops|63\/100\n|-damage|p1a: Ursaluna|54\/100 brn\n|move|p1a: Ursaluna|Blood Moon|p2a: Dusclops\n|-damage|p2a: Dusclops|18\/100\n|\n|-damage|p2b: Ursaluna|95\/100 brn|[from] brn\n|-damage|p1a: Ursaluna|48\/100 brn|[from] brn\n|upkeep\n|turn|4\n|inactive|madgiraffe has 30 seconds left.\n|inactive|madgiraffe has 20 seconds left.\n|inactive|madgiraffe has 15 seconds left.\n|inactive|madgiraffe has 10 seconds left.\n|inactive|elvegis1 has 30 seconds left.\n|\n|t:|1732404791\n|move|p2a: Dusclops|Pain Split|p1b: Dragonite\n|-sethp|p1b: Dragonite|58\/100|[from] move: Pain Split|[silent]\n|-sethp|p2a: Dusclops|66\/100|[from] move: Pain Split\n|move|p2b: Ursaluna|Facade|p1b: Dragonite\n|-damage|p1b: Dragonite|0 fnt\n|faint|p1b: Dragonite\n|move|p1a: Ursaluna|Hyper Voice|p2b: Ursaluna|[spread] p2a,p2b\n|-damage|p2a: Dusclops|45\/100\n|-damage|p2b: Ursaluna|63\/100 brn\n|\n|-damage|p2b: Ursaluna|57\/100 brn|[from] brn\n|-damage|p1a: Ursaluna|41\/100 brn|[from] brn\n|upkeep\n|\n|t:|1732404796\n|switch|p1b: Incineroar|Incineroar, L50, M|60\/100\n|-ability|p1b: Incineroar|Intimidate|boost\n|-unboost|p2a: Dusclops|atk|1\n|-unboost|p2b: Ursaluna|atk|1\n|turn|5\n|\n|t:|1732404817\n|-terastallize|p1b: Incineroar|Ghost\n|move|p2a: Dusclops|Night Shade|p1b: Incineroar\n|-damage|p1b: Incineroar|36\/100\n|-enditem|p1b: Incineroar|Sitrus Berry|[eat]\n|-heal|p1b: Incineroar|60\/100|[from] item: Sitrus Berry\n|move|p2b: Ursaluna|Earthquake|p1b: Incineroar|[spread] p2a,p1a,p1b\n|-crit|p2a: Dusclops\n|-damage|p2a: Dusclops|0 fnt\n|-damage|p1a: Ursaluna|11\/100 brn\n|-damage|p1b: Incineroar|19\/100\n|faint|p2a: Dusclops\n|move|p1b: Incineroar|Knock Off|p2b: Ursaluna\n|-supereffective|p2b: Ursaluna\n|-damage|p2b: Ursaluna|0 fnt\n|-enditem|p2b: Ursaluna|Flame Orb|[from] move: Knock Off|[of] p1b: Incineroar\n|faint|p2b: Ursaluna\n|move|p1a: Ursaluna|Blood Moon|p2: Dusclops|[notarget]\n|-fail|p1a: Ursaluna\n|\n|-damage|p1a: Ursaluna|5\/100 brn|[from] brn\n|-fieldend|move: Trick Room\n|upkeep\n|\n|t:|1732404830\n|switch|p2b: Magnezone|Magnezone, L50|1\/100\n|switch|p2a: Dondozo|Dondozo, L50, F|100\/100\n|turn|6\n|j| jggyfhgdh\n|\n|t:|1732404852\n|move|p2b: Magnezone|Protect|p2b: Magnezone\n|-singleturn|p2b: Magnezone|Protect\n|move|p1a: Ursaluna|Vacuum Wave|p2b: Magnezone\n|-activate|p2b: Magnezone|move: Protect\n|move|p1b: Incineroar|Parting Shot|p2a: Dondozo\n|-unboost|p2a: Dondozo|atk|1\n|-unboost|p2a: Dondozo|spa|1\n|\n|t:|1732404854\n|switch|p1b: Basculegion|Basculegion, L50, M|100\/100|[from] Parting Shot\n|move|p2a: Dondozo|Wave Crash|p1b: Basculegion\n|-resisted|p1b: Basculegion\n|-damage|p1b: Basculegion|79\/100\n|-damage|p2a: Dondozo|95\/100|[from] Recoil\n|\n|-heal|p2a: Dondozo|100\/100|[from] item: Leftovers\n|-damage|p1a: Ursaluna|0 fnt|[from] brn\n|faint|p1a: Ursaluna\n|upkeep\n|\n|t:|1732404859\n|switch|p1a: Incineroar|Incineroar, L50, M, tera:Ghost|19\/100\n|-ability|p1a: Incineroar|Intimidate|boost\n|-unboost|p2a: Dondozo|atk|1\n|-unboost|p2b: Magnezone|atk|1\n|turn|7\n|\n|t:|1732404869\n|move|p2b: Magnezone|Protect|p2b: Magnezone\n|-singleturn|p2b: Magnezone|Protect\n|move|p1a: Incineroar|Fake Out|p2a: Dondozo\n|-damage|p2a: Dondozo|92\/100\n|move|p1b: Basculegion|Last Respects|p2b: Magnezone\n|-activate|p2b: Magnezone|move: Protect\n|cant|p2a: Dondozo|flinch\n|\n|-heal|p2a: Dondozo|98\/100|[from] item: Leftovers\n|upkeep\n|turn|8\n|\n|t:|1732404889\n|move|p2b: Magnezone|Protect||[still]\n|-fail|p2b: Magnezone\n|move|p1b: Basculegion|Last Respects|p2b: Magnezone\n|-damage|p2b: Magnezone|0 fnt\n|faint|p2b: Magnezone\n|move|p1a: Incineroar|Knock Off|p2a: Dondozo\n|-damage|p2a: Dondozo|67\/100\n|-enditem|p2a: Dondozo|Leftovers|[from] move: Knock Off|[of] p1a: Incineroar\n|move|p2a: Dondozo|Yawn|p1b: Basculegion\n|-start|p1b: Basculegion|move: Yawn|[of] p2a: Dondozo\n|\n|upkeep\n|turn|9\n|\n|t:|1732404897\n|move|p2a: Dondozo|Protect|p2a: Dondozo\n|-singleturn|p2a: Dondozo|Protect\n|move|p1b: Basculegion|Last Respects|p2a: Dondozo\n|-activate|p2a: Dondozo|move: Protect\n|move|p1a: Incineroar|Parting Shot|p2a: Dondozo\n|-activate|p2a: Dondozo|move: Protect\n|\n|-end|p1b: Basculegion|move: Yawn|[silent]\n|-status|p1b: Basculegion|slp\n|upkeep\n|turn|10\n|\n|t:|1732404901\n|cant|p1b: Basculegion|slp\n|move|p1a: Incineroar|Parting Shot|p2a: Dondozo\n|-unboost|p2a: Dondozo|atk|1\n|-unboost|p2a: Dondozo|spa|1\n|move|p2a: Dondozo|Wave Crash|p1a: Incineroar\n|-damage|p1a: Incineroar|1\/100\n|-damage|p2a: Dondozo|62\/100|[from] Recoil\n|\n|upkeep\n|turn|11\n|\n|t:|1732404906\n|cant|p1b: Basculegion|slp\n|move|p1a: Incineroar|Knock Off|p2a: Dondozo\n|-damage|p2a: Dondozo|40\/100\n|move|p2a: Dondozo|Wave Crash|p1b: Basculegion\n|-resisted|p1b: Basculegion\n|-damage|p1b: Basculegion|65\/100 slp\n|-damage|p2a: Dondozo|37\/100|[from] Recoil\n|\n|upkeep\n|turn|12\n|-message|elvegis1 forfeited.\n|\n|win|madgiraffe\n|raw|madgiraffe's rating: 1673 &rarr; <strong>1698<\/strong><br \/>(+25 for winning)\n|raw|elvegis1's rating: 1753 &rarr; <strong>1728<\/strong><br \/>(-25 for losing)\n|l|\u2606elvegis1\n|player|p2|\n","uploadtime":1732405095,"views":7,"formatid":"gen9vgc2024regh","rating":1698,"private":0,"password":null}