{"id":"gen9vgc2024regh-2249218242","format":"[Gen 9] VGC 2024 Reg H","players":["chin8","juacox300"],"log":"|j|\u2606chin8\n|j|\u2606juacox300\n|t:|1732312191\n|gametype|doubles\n|player|p1|chin8|gentleman-gen4dp|1769\n|player|p2|juacox300|unknown|1872\n|teamsize|p1|6\n|teamsize|p2|6\n|gen|9\n|tier|[Gen 9] VGC 2024 Reg H\n|rated|\n|rule|Species Clause: Limit one of each Pok\u00e9mon\n|rule|Item Clause: Limit 1 of each item\n|clearpoke\n|poke|p1|Baxcalibur, L50, F|\n|poke|p1|Kilowattrel, L50, F|\n|poke|p1|Granbull, L50, F|\n|poke|p1|Gardevoir, L50, M|\n|poke|p1|Magmortar, L50, M|\n|poke|p1|Gholdengo, L50|\n|poke|p2|Ursaluna, L50, F|\n|poke|p2|Murkrow, L50, M|\n|poke|p2|Sneasler, L50, M|\n|poke|p2|Indeedee, L50, M|\n|poke|p2|Archaludon, L50, M|\n|poke|p2|Incineroar, L50, M|\n|teampreview|4\n|j| Gambit the king\n|\n|t:|1732312225\n|start\n|switch|p1a: Kilowattrel|Kilowattrel, L50, F|100\/100\n|switch|p1b: Gholdengo|Gholdengo, L50|100\/100\n|switch|p2a: Tommau|Sneasler, L50, M|100\/100\n|switch|p2b: Alfred|Indeedee, L50, M, shiny|100\/100\n|-fieldstart|move: Psychic Terrain|[from] ability: Psychic Surge|[of] p2b: Alfred\n|-enditem|p2a: Tommau|Psychic Seed\n|-boost|p2a: Tommau|spd|1|[from] item: Psychic Seed\n|turn|1\n|inactive|Battle timer is ON: inactive players will automatically lose when time's up. (requested by chin8)\n|inactive|juacox300 has 60 seconds left.\n|\n|t:|1732312276\n|move|p1a: Kilowattrel|Protect|p1a: Kilowattrel\n|-singleturn|p1a: Kilowattrel|Protect\n|move|p2a: Tommau|Dire Claw|p1a: Kilowattrel\n|-activate|p1a: Kilowattrel|move: Protect\n|move|p2b: Alfred|Expanding Force|p1a: Kilowattrel|[spread] p1b\n|-activate|p1a: Kilowattrel|move: Protect\n|-resisted|p1b: Gholdengo\n|-damage|p1b: Gholdengo|74\/100\n|move|p1b: Gholdengo|Nasty Plot|p1b: Gholdengo\n|-boost|p1b: Gholdengo|spa|2\n|\n|-heal|p1b: Gholdengo|80\/100|[from] item: Leftovers\n|upkeep\n|turn|2\n|\n|t:|1732312283\n|move|p2a: Tommau|Throat Chop|p1b: Gholdengo\n|-supereffective|p1b: Gholdengo\n|-damage|p1b: Gholdengo|18\/100\n|-start|p1b: Gholdengo|Throat Chop|[silent]\n|move|p2b: Alfred|Expanding Force|p1b: Gholdengo|[spread] p1a,p1b\n|-resisted|p1b: Gholdengo\n|-enditem|p1a: Kilowattrel|Focus Sash\n|-damage|p1a: Kilowattrel|1\/100\n|-damage|p1b: Gholdengo|0 fnt\n|faint|p1b: Gholdengo\n|move|p1a: Kilowattrel|Tailwind|p1a: Kilowattrel\n|-sidestart|p1: chin8|move: Tailwind\n|\n|upkeep\n|\n|t:|1732312292\n|switch|p1b: Baxcalibur|Baxcalibur, L50, F|100\/100\n|turn|3\n|\n|t:|1732312316\n|-terastallize|p1b: Baxcalibur|Ground\n|move|p2a: Tommau|Protect|p2a: Tommau\n|-singleturn|p2a: Tommau|Protect\n|move|p1a: Kilowattrel|Thunderbolt|p2b: Alfred\n|-damage|p2b: Alfred|38\/100\n|move|p1b: Baxcalibur|Earthquake|p2a: Tommau|[spread] p2b\n|-activate|p2a: Tommau|move: Protect\n|-immune|p1a: Kilowattrel\n|-damage|p2b: Alfred|0 fnt\n|faint|p2b: Alfred\n|\n|upkeep\n|\n|t:|1732312325\n|switch|p2b: Murkrow|Murkrow, L50, M|100\/100\n|turn|4\n|\n|t:|1732312332\n|-terastallize|p2a: Tommau|Flying\n|move|p2b: Murkrow|Tailwind|p2b: Murkrow\n|-sidestart|p2: juacox300|move: Tailwind\n|move|p2a: Tommau|Dire Claw|p1a: Kilowattrel\n|-damage|p1a: Kilowattrel|0 fnt\n|faint|p1a: Kilowattrel\n|move|p1b: Baxcalibur|Earthquake|p2a: Tommau|[spread] \n|-immune|p2a: Tommau\n|-immune|p2b: Murkrow\n|\n|upkeep\n|\n|t:|1732312335\n|switch|p1a: Magmortar|Magmortar, L50, M|100\/100\n|turn|5\n|\n|t:|1732312348\n|move|p1a: Magmortar|Protect|p1a: Magmortar\n|-singleturn|p1a: Magmortar|Protect\n|move|p2a: Tommau|Close Combat|p1b: Baxcalibur\n|-damage|p1b: Baxcalibur|37\/100\n|-unboost|p2a: Tommau|def|1\n|-unboost|p2a: Tommau|spd|1\n|move|p2b: Murkrow|Brave Bird|p1b: Baxcalibur\n|-damage|p1b: Baxcalibur|0 fnt\n|faint|p1b: Baxcalibur\n|-damage|p2b: Murkrow|84\/100|[from] Recoil\n|\n|-sideend|p1: chin8|move: Tailwind\n|-fieldend|move: Psychic Terrain\n|upkeep\n|turn|6\n|-message|chin8 forfeited.\n|\n|win|juacox300\n|raw|chin8's rating: 1769 &rarr; <strong>1755<\/strong><br \/>(-14 for losing)\n|raw|juacox300's rating: 1872 &rarr; <strong>1886<\/strong><br \/>(+14 for winning)\n|l|\u2606chin8\n|player|p1|\n|l| Gambit the king\n|l|\u2606juacox300\n|player|p2|\n","uploadtime":1732312357,"views":64,"formatid":"gen9vgc2024regh","rating":1755,"private":0,"password":null}