{"id":"gen9vgc2024regh-2249798891","format":"[Gen 9] VGC 2024 Reg H","players":["VGCLTH Sir Aaron","chiitancrazymascot"],"log":"|raw|<div class=\"broadcast-blue\"><strong>This battle is required to be public due to a player having a name starting with 'vgclth'.<\/div>\n|j|\u2606VGCLTH Sir Aaron\n|j|\u2606chiitancrazymascot\n|t:|1732400710\n|gametype|doubles\n|player|p1|VGCLTH Sir Aaron|spark|1646\n|player|p2|chiitancrazymascot|pokemaniac|1792\n|teamsize|p1|6\n|teamsize|p2|6\n|gen|9\n|tier|[Gen 9] VGC 2024 Reg H\n|rated|\n|rule|Species Clause: Limit one of each Pok\u00e9mon\n|rule|Item Clause: Limit 1 of each item\n|clearpoke\n|poke|p1|Sableye, L50, F|\n|poke|p1|Sylveon, L50, M|\n|poke|p1|Maushold-Four, L50|\n|poke|p1|Volcarona, L50, M|\n|poke|p1|Rillaboom, L50, F|\n|poke|p1|Annihilape, L50, M|\n|poke|p2|Annihilape, L50, F|\n|poke|p2|Dondozo, L50, F|\n|poke|p2|Maushold-Four, L50|\n|poke|p2|Gholdengo, L50|\n|poke|p2|Whimsicott, L50, F|\n|poke|p2|Tatsugiri, L50, F|\n|teampreview|4\n|inactive|Battle timer is ON: inactive players will automatically lose when time's up. (requested by chiitancrazymascot)\n|\n|t:|1732400728\n|start\n|switch|p1a: Snowblind|Sableye, L50, F|100\/100\n|switch|p1b: Shamonerona|Volcarona, L50, M, shiny|100\/100\n|switch|p2a: Maushold|Maushold-Four, L50|100\/100\n|switch|p2b: Annihilape|Annihilape, L50, F, shiny|100\/100\n|turn|1\n|inactive|chiitancrazymascot has 30 seconds left.\n|\n|t:|1732400754\n|-terastallize|p2a: Maushold|Ghost\n|move|p1b: Shamonerona|Protect|p1b: Shamonerona\n|-singleturn|p1b: Shamonerona|Protect\n|move|p2a: Maushold|Beat Up|p2b: Annihilape\n|-damage|p2b: Annihilape|99\/100\n|-damage|p2b: Annihilape|96\/100\n|-damage|p2b: Annihilape|94\/100\n|-damage|p2b: Annihilape|93\/100\n|-hitcount|p2b: Annihilape|4\n|move|p2b: Annihilape|Rage Fist|p1b: Shamonerona\n|-activate|p1b: Shamonerona|move: Protect\n|move|p1a: Snowblind|Foul Play|p2b: Annihilape\n|-damage|p2b: Annihilape|60\/100\n|\n|upkeep\n|turn|2\n|\n|t:|1732400771\n|move|p2a: Maushold|Follow Me|p2a: Maushold\n|-singleturn|p2a: Maushold|move: Follow Me\n|move|p1a: Snowblind|Disable|p2a: Maushold\n|-start|p2a: Maushold|Disable|Follow Me\n|move|p1b: Shamonerona|Quiver Dance|p1b: Shamonerona\n|-boost|p1b: Shamonerona|spa|1\n|-boost|p1b: Shamonerona|spd|1\n|-boost|p1b: Shamonerona|spe|1\n|move|p2b: Annihilape|Rage Fist|p1b: Shamonerona\n|-damage|p1b: Shamonerona|0 fnt\n|faint|p1b: Shamonerona\n|\n|upkeep\n|\n|t:|1732400784\n|switch|p1b: Harambe In Heaven|Annihilape, L50, M|100\/100\n|turn|3\n|\n|t:|1732400797\n|move|p1a: Snowblind|Disable|p2b: Annihilape\n|-start|p2b: Annihilape|Disable|Rage Fist\n|move|p2a: Maushold|Taunt|p1a: Snowblind\n|-start|p1a: Snowblind|move: Taunt\n|move|p1b: Harambe In Heaven|Bulk Up|p1b: Harambe In Heaven\n|-boost|p1b: Harambe In Heaven|atk|1\n|-boost|p1b: Harambe In Heaven|def|1\n|cant|p2b: Annihilape|Disable|Rage Fist\n|\n|upkeep\n|turn|4\n|inactive|VGCLTH Sir Aaron has 30 seconds left.\n|\n|t:|1732400831\n|switch|p1a: Koko The Gorythmic|Rillaboom, L50, F|100\/100\n|-fieldstart|move: Grassy Terrain|[from] ability: Grassy Surge|[of] p1a: Koko The Gorythmic\n|move|p2a: Maushold|Taunt|p1b: Harambe In Heaven\n|-start|p1b: Harambe In Heaven|move: Taunt\n|move|p1b: Harambe In Heaven|Rage Fist|p2a: Maushold\n|-supereffective|p2a: Maushold\n|-enditem|p2a: Maushold|Focus Sash\n|-damage|p2a: Maushold|1\/100\n|move|p2b: Annihilape|Drain Punch|p1a: Koko The Gorythmic\n|-damage|p1a: Koko The Gorythmic|67\/100\n|-heal|p2b: Annihilape|75\/100|[from] drain|[of] p1a: Koko The Gorythmic\n|\n|-heal|p2a: Maushold|7\/100|[from] Grassy Terrain\n|-heal|p2b: Annihilape|82\/100|[from] Grassy Terrain\n|-heal|p1a: Koko The Gorythmic|73\/100|[from] Grassy Terrain\n|upkeep\n|turn|5\n|\n|t:|1732400848\n|move|p2a: Maushold|Protect|p2a: Maushold\n|-singleturn|p2a: Maushold|Protect\n|move|p1a: Koko The Gorythmic|Grassy Glide|p1b: Harambe In Heaven\n|-damage|p1b: Harambe In Heaven|73\/100\n|move|p1b: Harambe In Heaven|Rage Fist|p2b: Annihilape\n|-supereffective|p2b: Annihilape\n|-damage|p2b: Annihilape|0 fnt\n|faint|p2b: Annihilape\n|\n|-heal|p2a: Maushold|13\/100|[from] Grassy Terrain\n|-heal|p1b: Harambe In Heaven|79\/100|[from] Grassy Terrain\n|-heal|p1b: Harambe In Heaven|85\/100|[from] item: Leftovers\n|-heal|p1a: Koko The Gorythmic|79\/100|[from] Grassy Terrain\n|upkeep\n|\n|t:|1732400863\n|switch|p2b: Whimsicott|Whimsicott, L50, F, shiny|100\/100\n|turn|6\n|\n|t:|1732400881\n|move|p2b: Whimsicott|Tailwind|p2b: Whimsicott\n|-sidestart|p2: chiitancrazymascot|move: Tailwind\n|move|p1a: Koko The Gorythmic|Grassy Glide|p2a: Maushold\n|-damage|p2a: Maushold|0 fnt\n|faint|p2a: Maushold\n|move|p1b: Harambe In Heaven|Rage Fist|p2b: Whimsicott\n|-damage|p2b: Whimsicott|15\/100\n|\n|-heal|p2b: Whimsicott|21\/100|[from] Grassy Terrain\n|-heal|p1b: Harambe In Heaven|91\/100|[from] Grassy Terrain\n|-heal|p1b: Harambe In Heaven|98\/100|[from] item: Leftovers\n|-heal|p1a: Koko The Gorythmic|85\/100|[from] Grassy Terrain\n|-end|p1b: Harambe In Heaven|move: Taunt\n|upkeep\n|\n|t:|1732400884\n|switch|p2a: Gholdengo|Gholdengo, L50, shiny|100\/100\n|turn|7\n|\n|t:|1732400906\n|move|p1b: Harambe In Heaven|Protect|p1b: Harambe In Heaven\n|-singleturn|p1b: Harambe In Heaven|Protect\n|move|p1a: Koko The Gorythmic|Grassy Glide|p2b: Whimsicott\n|-resisted|p2b: Whimsicott\n|-damage|p2b: Whimsicott|0 fnt\n|faint|p2b: Whimsicott\n|move|p2a: Gholdengo|Make It Rain|p1b: Harambe In Heaven|[spread] p1a\n|-activate|p1b: Harambe In Heaven|move: Protect\n|-damage|p1a: Koko The Gorythmic|20\/100\n|-unboost|p2a: Gholdengo|spa|1\n|\n|-heal|p1b: Harambe In Heaven|100\/100|[from] Grassy Terrain\n|-heal|p1a: Koko The Gorythmic|26\/100|[from] Grassy Terrain\n|upkeep\n|turn|8\n|\n|t:|1732400921\n|-terastallize|p1b: Harambe In Heaven|Fire\n|move|p1a: Koko The Gorythmic|Grassy Glide|p2a: Gholdengo\n|-resisted|p2a: Gholdengo\n|-damage|p2a: Gholdengo|80\/100\n|move|p2a: Gholdengo|Make It Rain|p1b: Harambe In Heaven|[spread] p1a,p1b\n|-resisted|p1b: Harambe In Heaven\n|-damage|p1a: Koko The Gorythmic|0 fnt\n|-damage|p1b: Harambe In Heaven|77\/100\n|-unboost|p2a: Gholdengo|spa|1\n|faint|p1a: Koko The Gorythmic\n|move|p1b: Harambe In Heaven|Rage Fist|p2a: Gholdengo\n|-supereffective|p2a: Gholdengo\n|-damage|p2a: Gholdengo|0 fnt\n|faint|p2a: Gholdengo\n|\n|win|VGCLTH Sir Aaron\n|raw|VGCLTH Sir Aaron's rating: 1646 &rarr; <strong>1674<\/strong><br \/>(+28 for winning)\n|raw|chiitancrazymascot's rating: 1792 &rarr; <strong>1764<\/strong><br \/>(-28 for losing)\n|l|\u2606chiitancrazymascot\n|player|p2|\n","uploadtime":1732400940,"views":28,"formatid":"gen9vgc2024regh","rating":1674,"private":0,"password":null}