{"id":"gen9vgc2024regh-2249821947","format":"[Gen 9] VGC 2024 Reg H","players":["futonkagebunshin","elvegis1"],"log":"|j|\u2606futonkagebunshin\n|j|\u2606elvegis1\n|t:|1732403654\n|gametype|doubles\n|player|p1|futonkagebunshin|policeman-gen4|1670\n|player|p2|elvegis1|lucas|1782\n|teamsize|p1|6\n|teamsize|p2|6\n|gen|9\n|tier|[Gen 9] VGC 2024 Reg H\n|rated|\n|rule|Species Clause: Limit one of each Pok\u00e9mon\n|rule|Item Clause: Limit 1 of each item\n|clearpoke\n|poke|p1|Whimsicott, L50, F|\n|poke|p1|Chandelure, L50, F|\n|poke|p1|Pelipper, L50, M|\n|poke|p1|Annihilape, L50, M|\n|poke|p1|Overqwil, L50, M|\n|poke|p1|Archaludon, L50, M|\n|poke|p2|Incineroar, L50, F|\n|poke|p2|Gholdengo, L50|\n|poke|p2|Dondozo, L50, M|\n|poke|p2|Magnezone, L50|\n|poke|p2|Ursaluna, L50, F|\n|poke|p2|Dusclops, L50, M|\n|teampreview|4\n|inactive|Battle timer is ON: inactive players will automatically lose when time's up. (requested by elvegis1)\n|inactive|futonkagebunshin has 60 seconds left.\n|inactive|elvegis1 has 60 seconds left.\n|\n|t:|1732403710\n|start\n|switch|p1a: Whimsicott|Whimsicott, L50, F|100\/100\n|switch|p1b: Annihilape|Annihilape, L50, M|100\/100\n|switch|p2a: Dondozo|Dondozo, L50, M|100\/100\n|switch|p2b: Dusclops|Dusclops, L50, M|100\/100\n|-item|p1a: Whimsicott|Focus Sash|[from] ability: Frisk|[of] p2b: Dusclops\n|-item|p1b: Annihilape|Sitrus Berry|[from] ability: Frisk|[of] p2b: Dusclops\n|turn|1\n|j| GooglePay\n|\n|t:|1732403727\n|-terastallize|p2b: Dusclops|Dragon\n|move|p1a: Whimsicott|Beat Up|p1b: Annihilape\n|-damage|p1b: Annihilape|98\/100\n|-damage|p1b: Annihilape|95\/100\n|-damage|p1b: Annihilape|93\/100\n|-damage|p1b: Annihilape|90\/100\n|-hitcount|p1b: Annihilape|4\n|move|p1b: Annihilape|Rage Fist|p2a: Dondozo\n|-damage|p2a: Dondozo|23\/100\n|move|p2a: Dondozo|Yawn|p1b: Annihilape\n|-start|p1b: Annihilape|move: Yawn|[of] p2a: Dondozo\n|move|p2b: Dusclops|Trick Room|p2b: Dusclops\n|-fieldstart|move: Trick Room|[of] p2b: Dusclops\n|\n|-heal|p2a: Dondozo|29\/100|[from] item: Leftovers\n|upkeep\n|turn|2\n|inactive|futonkagebunshin has 30 seconds left.\n|inactive|elvegis1 has 30 seconds left.\n|\n|t:|1732403763\n|switch|p2b: Ursaluna|Ursaluna, L50, F|100\/100\n|switch|p1b: Archaludon|Archaludon, L50, M|100\/100\n|move|p2a: Dondozo|Body Press|p1a: Whimsicott\n|-resisted|p1a: Whimsicott\n|-damage|p1a: Whimsicott|85\/100\n|move|p1a: Whimsicott|Moonblast|p2a: Dondozo\n|-damage|p2a: Dondozo|0 fnt\n|faint|p2a: Dondozo\n|\n|-status|p2b: Ursaluna|brn|[from] item: Flame Orb\n|upkeep\n|\n|t:|1732403776\n|switch|p2a: Dusclops|Dusclops, L50, M, tera:Dragon|100\/100\n|-item|p1a: Whimsicott|Focus Sash|[from] ability: Frisk|[of] p2a: Dusclops\n|-item|p1b: Archaludon|Assault Vest|[from] ability: Frisk|[of] p2a: Dusclops\n|turn|3\n|inactive|elvegis1 has 30 seconds left.\n|\n|t:|1732403808\n|switch|p1b: Pelipper|Pelipper, L50, M|100\/100\n|-weather|RainDance|[from] ability: Drizzle|[of] p1b: Pelipper\n|move|p1a: Whimsicott|Fake Tears|p2a: Dusclops\n|-unboost|p2a: Dusclops|spd|2\n|move|p2a: Dusclops|Will-O-Wisp|p1b: Pelipper|[miss]\n|-miss|p2a: Dusclops|p1b: Pelipper\n|move|p2b: Ursaluna|Facade|p1a: Whimsicott\n|-damage|p1a: Whimsicott|0 fnt\n|faint|p1a: Whimsicott\n|\n|-weather|RainDance|[upkeep]\n|-damage|p2b: Ursaluna|95\/100 brn|[from] brn\n|upkeep\n|inactive|futonkagebunshin has 30 seconds left.\n|l| GooglePay\n|\n|t:|1732403842\n|switch|p1a: Archaludon|Archaludon, L50, M|100\/100\n|turn|4\n|inactive|elvegis1 has 30 seconds left.\n|\n|t:|1732403869\n|switch|p2a: Incineroar|Incineroar, L50, F|100\/100\n|-ability|p2a: Incineroar|Intimidate|boost\n|-unboost|p1a: Archaludon|atk|1\n|-unboost|p1b: Pelipper|atk|1\n|move|p2b: Ursaluna|Protect|p2b: Ursaluna\n|-singleturn|p2b: Ursaluna|Protect\n|move|p1b: Pelipper|Weather Ball|p2b: Ursaluna\n|-activate|p2b: Ursaluna|move: Protect\n|move|p1a: Archaludon|Electro Shot||[still]\n|-prepare|p1a: Archaludon|Electro Shot\n|-boost|p1a: Archaludon|spa|1\n|-anim|p1a: Archaludon|Electro Shot|p2a: Incineroar\n|-damage|p2a: Incineroar|52\/100\n|\n|-weather|RainDance|[upkeep]\n|-damage|p2b: Ursaluna|89\/100 brn|[from] brn\n|upkeep\n|turn|5\n|inactive|futonkagebunshin has 30 seconds left.\n|inactive|elvegis1 has 30 seconds left.\n|inactive|elvegis1 has 20 seconds left.\n|\n|t:|1732403908\n|-terastallize|p1a: Archaludon|Fairy\n|move|p2b: Ursaluna|Facade|p1b: Pelipper\n|-damage|p1b: Pelipper|0 fnt\n|faint|p1b: Pelipper\n|move|p2a: Incineroar|Knock Off|p1a: Archaludon\n|-resisted|p1a: Archaludon\n|-damage|p1a: Archaludon|87\/100\n|-ability|p1a: Archaludon|Stamina|boost\n|-boost|p1a: Archaludon|def|1\n|-enditem|p1a: Archaludon|Assault Vest|[from] move: Knock Off|[of] p2a: Incineroar\n|move|p1a: Archaludon|Draco Meteor|p2b: Ursaluna|[miss]\n|-miss|p1a: Archaludon|p2b: Ursaluna\n|\n|-weather|RainDance|[upkeep]\n|-damage|p2b: Ursaluna|83\/100 brn|[from] brn\n|-fieldend|move: Trick Room\n|upkeep\n|\n|t:|1732403921\n|switch|p1b: Annihilape|Annihilape, L50, M|90\/100\n|turn|6\n|\n|t:|1732403931\n|move|p2b: Ursaluna|Protect|p2b: Ursaluna\n|-singleturn|p2b: Ursaluna|Protect\n|move|p1b: Annihilape|Bulk Up|p1b: Annihilape\n|-boost|p1b: Annihilape|atk|1\n|-boost|p1b: Annihilape|def|1\n|move|p1a: Archaludon|Draco Meteor|p2b: Ursaluna\n|-activate|p2b: Ursaluna|move: Protect\n|move|p2a: Incineroar|Parting Shot|p1a: Archaludon\n|-unboost|p1a: Archaludon|atk|1\n|-unboost|p1a: Archaludon|spa|1\n|\n|t:|1732403940\n|switch|p2a: Dusclops|Dusclops, L50, M, tera:Dragon|100\/100|[from] Parting Shot\n|-item|p1b: Annihilape|Sitrus Berry|[from] ability: Frisk|[of] p2a: Dusclops\n|\n|-weather|RainDance|[upkeep]\n|-damage|p2b: Ursaluna|77\/100 brn|[from] brn\n|upkeep\n|turn|7\n|\n|t:|1732403964\n|move|p1b: Annihilape|Rage Fist|p2a: Dusclops\n|-damage|p2a: Dusclops|0 fnt\n|faint|p2a: Dusclops\n|move|p1a: Archaludon|Draco Meteor|p2b: Ursaluna\n|-damage|p2b: Ursaluna|22\/100 brn\n|-unboost|p1a: Archaludon|spa|2\n|move|p2b: Ursaluna|Facade|p1a: Archaludon\n|-damage|p1a: Archaludon|25\/100\n|-ability|p1a: Archaludon|Stamina|boost\n|-boost|p1a: Archaludon|def|1\n|\n|-weather|none\n|-damage|p2b: Ursaluna|16\/100 brn|[from] brn\n|upkeep\n|\n|t:|1732403968\n|switch|p2a: Incineroar|Incineroar, L50, F|52\/100\n|-ability|p2a: Incineroar|Intimidate|boost\n|-unboost|p1a: Archaludon|atk|1\n|-unboost|p1b: Annihilape|atk|1\n|-ability|p1b: Annihilape|Defiant|boost\n|-boost|p1b: Annihilape|atk|2\n|turn|8\n|\n|t:|1732403982\n|move|p1b: Annihilape|Drain Punch|p2b: Ursaluna\n|-supereffective|p2b: Ursaluna\n|-damage|p2b: Ursaluna|0 fnt\n|-heal|p1b: Annihilape|99\/100|[from] drain|[of] p2b: Ursaluna\n|faint|p2b: Ursaluna\n|move|p1a: Archaludon|Body Press|p2a: Incineroar\n|-supereffective|p2a: Incineroar\n|-damage|p2a: Incineroar|0 fnt\n|faint|p2a: Incineroar\n|\n|win|futonkagebunshin\n|raw|futonkagebunshin's rating: 1670 &rarr; <strong>1696<\/strong><br \/>(+26 for winning)\n|raw|elvegis1's rating: 1782 &rarr; <strong>1756<\/strong><br \/>(-26 for losing)\n|l|\u2606elvegis1\n|player|p2|\n|j| jggyfhgdh\n|l|\u2606futonkagebunshin\n|player|p1|\n","uploadtime":1732404127,"views":7,"formatid":"gen9vgc2024regh","rating":1696,"private":0,"password":null}