{"id":"gen9vgc2024regh-2249171957","format":"[Gen 9] VGC 2024 Reg H","players":["Bjorn1425","juacox300"],"log":"|j|\u2606Bjorn1425\n|j|\u2606juacox300\n|t:|1732307025\n|gametype|doubles\n|player|p1|Bjorn1425|101|1721\n|player|p2|juacox300|unknown|1865\n|teamsize|p1|6\n|teamsize|p2|6\n|gen|9\n|tier|[Gen 9] VGC 2024 Reg H\n|rated|\n|rule|Species Clause: Limit one of each Pok\u00e9mon\n|rule|Item Clause: Limit 1 of each item\n|clearpoke\n|poke|p1|Gholdengo, L50|\n|poke|p1|Incineroar, L50, F|\n|poke|p1|Sneasler, L50, F|\n|poke|p1|Dragonite, L50, M|\n|poke|p1|Amoonguss, L50, M|\n|poke|p1|Ursaluna-Bloodmoon, L50, M|\n|poke|p2|Ursaluna, L50, F|\n|poke|p2|Murkrow, L50, M|\n|poke|p2|Sneasler, L50, M|\n|poke|p2|Indeedee, L50, M|\n|poke|p2|Archaludon, L50, M|\n|poke|p2|Incineroar, L50, M|\n|teampreview|4\n|inactive|Battle timer is ON: inactive players will automatically lose when time's up. (requested by Bjorn1425)\n|\n|t:|1732307061\n|start\n|switch|p1a: Dragonite|Dragonite, L50, M|100\/100\n|switch|p1b: Incineroar|Incineroar, L50, F, shiny|100\/100\n|switch|p2a: Ursaluna|Ursaluna, L50, F|100\/100\n|switch|p2b: Murkrow|Murkrow, L50, M|100\/100\n|-ability|p1b: Incineroar|Intimidate|boost\n|-unboost|p2a: Ursaluna|atk|1\n|-unboost|p2b: Murkrow|atk|1\n|turn|1\n|\n|t:|1732307071\n|move|p1b: Incineroar|Fake Out|p2b: Murkrow\n|-damage|p2b: Murkrow|87\/100\n|cant|p2b: Murkrow|flinch\n|move|p1a: Dragonite|Tailwind|p1a: Dragonite\n|-sidestart|p1: Bjorn1425|move: Tailwind\n|move|p2a: Ursaluna|Facade|p1a: Dragonite\n|-damage|p1a: Dragonite|86\/100\n|\n|-status|p2a: Ursaluna|brn|[from] item: Flame Orb\n|upkeep\n|turn|2\n|\n|t:|1732307094\n|switch|p1b: Ursaluna|Ursaluna-Bloodmoon, L50, M|100\/100\n|move|p2b: Murkrow|Tailwind|p2b: Murkrow\n|-sidestart|p2: juacox300|move: Tailwind\n|move|p1a: Dragonite|Scale Shot|p2a: Ursaluna\n|-damage|p2a: Ursaluna|88\/100 brn\n|-damage|p2a: Ursaluna|77\/100 brn\n|-damage|p2a: Ursaluna|65\/100 brn\n|-damage|p2a: Ursaluna|53\/100 brn\n|-damage|p2a: Ursaluna|43\/100 brn\n|-hitcount|p2a: Ursaluna|5\n|-unboost|p1a: Dragonite|def|1\n|-boost|p1a: Dragonite|spe|1\n|move|p2a: Ursaluna|Facade|p1a: Dragonite\n|-damage|p1a: Dragonite|0 fnt\n|faint|p1a: Dragonite\n|\n|-damage|p2a: Ursaluna|37\/100 brn|[from] brn\n|upkeep\n|\n|t:|1732307114\n|switch|p1a: Sneasler|Sneasler, L50, F, shiny|100\/100\n|turn|3\n|\n|t:|1732307121\n|-terastallize|p1b: Ursaluna|Normal\n|-terastallize|p2a: Ursaluna|Ghost\n|move|p1a: Sneasler|Fake Out|p2b: Murkrow\n|-crit|p2b: Murkrow\n|-damage|p2b: Murkrow|61\/100\n|cant|p2b: Murkrow|flinch\n|move|p1b: Ursaluna|Hyper Voice|p2b: Murkrow|[spread] p2a,p2b\n|-crit|p2a: Ursaluna\n|-damage|p2a: Ursaluna|0 fnt\n|-damage|p2b: Murkrow|19\/100\n|faint|p2a: Ursaluna\n|\n|upkeep\n|\n|t:|1732307134\n|switch|p2a: Tommau|Sneasler, L50, M|100\/100\n|turn|4\n|\n|t:|1732307143\n|switch|p1a: Incineroar|Incineroar, L50, F, shiny|100\/100\n|-ability|p1a: Incineroar|Intimidate|boost\n|-unboost|p2a: Tommau|atk|1\n|-unboost|p2b: Murkrow|atk|1\n|move|p2a: Tommau|Close Combat|p1b: Ursaluna\n|-supereffective|p1b: Ursaluna\n|-damage|p1b: Ursaluna|31\/100\n|-unboost|p2a: Tommau|def|1\n|-unboost|p2a: Tommau|spd|1\n|move|p2b: Murkrow|Brave Bird|p1a: Incineroar\n|-damage|p1a: Incineroar|83\/100\n|-damage|p2b: Murkrow|11\/100|[from] Recoil\n|move|p1b: Ursaluna|Earth Power|p2a: Tommau\n|-supereffective|p2a: Tommau\n|-damage|p2a: Tommau|0 fnt\n|faint|p2a: Tommau\n|\n|-sideend|p1: Bjorn1425|move: Tailwind\n|upkeep\n|\n|t:|1732307146\n|switch|p2a: Alfred|Indeedee, L50, M, shiny|100\/100\n|-fieldstart|move: Psychic Terrain|[from] ability: Psychic Surge|[of] p2a: Alfred\n|turn|5\n|-message|juacox300 forfeited.\n|\n|win|Bjorn1425\n|raw|Bjorn1425's rating: 1721 &rarr; <strong>1749<\/strong><br \/>(+28 for winning)\n|raw|juacox300's rating: 1865 &rarr; <strong>1837<\/strong><br \/>(-28 for losing)\n|l|\u2606juacox300\n|player|p2|\n","uploadtime":1732307165,"views":51,"formatid":"gen9vgc2024regh","rating":1749,"private":0,"password":null}