{"id":"gen9vgc2024regh-2249669289","format":"[Gen 9] VGC 2024 Reg H","players":["VGCLTH WitchMag","meotachuldong"],"log":"|raw|<div class=\"broadcast-blue\"><strong>This battle is required to be public due to a player having a name starting with 'vgclth'.<\/div>\n|j|\u2606VGCLTH WitchMag\n|j|\u2606meotachuldong\n|t:|1732384437\n|gametype|doubles\n|player|p1|VGCLTH WitchMag|cynthia-masters|1751\n|player|p2|meotachuldong|twins-gen4dp|1685\n|teamsize|p1|6\n|teamsize|p2|6\n|gen|9\n|tier|[Gen 9] VGC 2024 Reg H\n|rated|\n|rule|Species Clause: Limit one of each Pok\u00e9mon\n|rule|Item Clause: Limit 1 of each item\n|clearpoke\n|poke|p1|Glimmora, L50, F|\n|poke|p1|Gholdengo, L50|\n|poke|p1|Garchomp, L50, M|\n|poke|p1|Talonflame, L50, M|\n|poke|p1|Rillaboom, L50, M|\n|poke|p1|Annihilape, L50, F|\n|poke|p2|Indeedee-F, L50, F|\n|poke|p2|Hatterene, L50, F|\n|poke|p2|Gallade, L50, M|\n|poke|p2|Torkoal, L50, M|\n|poke|p2|Charizard, L50, F|\n|poke|p2|Maushold, L50|\n|teampreview|4\n|j| Christianfinity\n|inactive|Battle timer is ON: inactive players will automatically lose when time's up. (requested by VGCLTH WitchMag)\n|\n|t:|1732384483\n|start\n|switch|p1a: Penelope|Gholdengo, L50|100\/100\n|switch|p1b: Odysseus|Talonflame, L50, M|100\/100\n|switch|p2a: Gallade|Gallade, L50, M|100\/100\n|switch|p2b: Indeedee|Indeedee-F, L50, F|100\/100\n|-fieldstart|move: Psychic Terrain|[from] ability: Psychic Surge|[of] p2b: Indeedee\n|-enditem|p2b: Indeedee|Psychic Seed\n|-boost|p2b: Indeedee|spd|1|[from] item: Psychic Seed\n|turn|1\n|\n|t:|1732384499\n|-terastallize|p1a: Penelope|Steel\n|move|p2b: Indeedee|Follow Me|p2b: Indeedee\n|-singleturn|p2b: Indeedee|move: Follow Me\n|move|p1b: Odysseus|Taunt|p2b: Indeedee\n|-start|p2b: Indeedee|move: Taunt\n|move|p1a: Penelope|Make It Rain|p2a: Gallade|[spread] p2a,p2b\n|-damage|p2a: Gallade|21\/100\n|-damage|p2b: Indeedee|37\/100\n|-unboost|p1a: Penelope|spa|1\n|move|p2a: Gallade|Trick Room|p2a: Gallade\n|-fieldstart|move: Trick Room|[of] p2a: Gallade\n|\n|upkeep\n|turn|2\n|j| VGCLTH R0gue\n|\n|t:|1732384518\n|switch|p2b: Torkoal|Torkoal, L50, M, shiny|100\/100\n|-weather|SunnyDay|[from] ability: Drought|[of] p2b: Torkoal\n|switch|p1a: Polyphemus|Rillaboom, L50, M|100\/100\n|-fieldstart|move: Grassy Terrain|[from] ability: Grassy Surge|[of] p1a: Polyphemus\n|move|p1b: Odysseus|Brave Bird|p2a: Gallade\n|-supereffective|p2a: Gallade\n|-damage|p2a: Gallade|0 fnt\n|faint|p2a: Gallade\n|-damage|p1b: Odysseus|93\/100|[from] Recoil\n|\n|-weather|SunnyDay|[upkeep]\n|upkeep\n|\n|t:|1732384529\n|switch|p2a: Indeedee|Indeedee-F, L50, F|37\/100\n|-fieldstart|move: Psychic Terrain|[from] ability: Psychic Surge|[of] p2a: Indeedee\n|turn|3\n|\n|t:|1732384542\n|switch|p1a: Athena|Garchomp, L50, M|100\/100\n|-terastallize|p2b: Torkoal|Fire\n|move|p2a: Indeedee|Follow Me|p2a: Indeedee\n|-singleturn|p2a: Indeedee|move: Follow Me\n|move|p2b: Torkoal|Eruption|p1b: Odysseus|[spread] p1a,p1b\n|-resisted|p1a: Athena\n|-resisted|p1b: Odysseus\n|-damage|p1a: Athena|18\/100\n|-damage|p1b: Odysseus|0 fnt\n|faint|p1b: Odysseus\n|\n|-weather|SunnyDay|[upkeep]\n|upkeep\n|\n|t:|1732384544\n|switch|p1b: Polyphemus|Rillaboom, L50, M|100\/100\n|-fieldstart|move: Grassy Terrain|[from] ability: Grassy Surge|[of] p1b: Polyphemus\n|turn|4\n|j| qiyeO.o\n|inactive|meotachuldong has 30 seconds left.\n|inactive|meotachuldong has 20 seconds left.\n|inactive|meotachuldong has 15 seconds left.\n|inactive|meotachuldong has 10 seconds left.\n|inactive|meotachuldong has 5 seconds left.\n|\n|t:|1732384598\n|switch|p2a: Hatterene|Hatterene, L50, F|100\/100\n|move|p1b: Polyphemus|Fake Out|p2b: Torkoal\n|-crit|p2b: Torkoal\n|-damage|p2b: Torkoal|84\/100\n|cant|p2b: Torkoal|flinch\n|move|p1a: Athena|Dragon Claw|p2a: Hatterene\n|-immune|p2a: Hatterene\n|\n|-weather|SunnyDay|[upkeep]\n|-heal|p2b: Torkoal|90\/100|[from] Grassy Terrain\n|-heal|p1a: Athena|24\/100|[from] Grassy Terrain\n|upkeep\n|turn|5\n|\n|t:|1732384617\n|switch|p2b: Indeedee|Indeedee-F, L50, F|37\/100\n|-fieldstart|move: Psychic Terrain|[from] ability: Psychic Surge|[of] p2b: Indeedee\n|move|p1a: Athena|Protect|p1a: Athena\n|-singleturn|p1a: Athena|Protect\n|move|p2a: Hatterene|Expanding Force|p1b: Polyphemus|[spread] p1b\n|-activate|p1a: Athena|move: Protect\n|-damage|p1b: Polyphemus|22\/100\n|-damage|p2a: Hatterene|91\/100|[from] item: Life Orb\n|move|p1b: Polyphemus|Grassy Glide|p2b: Indeedee\n|-damage|p2b: Indeedee|7\/100\n|\n|-weather|SunnyDay|[upkeep]\n|-fieldend|move: Trick Room\n|upkeep\n|turn|6\n|inactive|meotachuldong has 30 seconds left.\n|\n|t:|1732384645\n|switch|p1b: Penelope|Gholdengo, L50, tera:Steel|100\/100\n|move|p2b: Indeedee|Follow Me|p2b: Indeedee\n|-singleturn|p2b: Indeedee|move: Follow Me\n|move|p1a: Athena|Stomping Tantrum|p2b: Indeedee\n|-damage|p2b: Indeedee|0 fnt\n|faint|p2b: Indeedee\n|-damage|p1a: Athena|14\/100|[from] item: Life Orb\n|move|p2a: Hatterene|Trick Room|p2a: Hatterene\n|-fieldstart|move: Trick Room|[of] p2a: Hatterene\n|\n|-weather|none\n|upkeep\n|\n|t:|1732384652\n|switch|p2b: Torkoal|Torkoal, L50, M, shiny, tera:Fire|90\/100\n|-weather|SunnyDay|[from] ability: Drought|[of] p2b: Torkoal\n|turn|7\n|inactive|VGCLTH WitchMag has 30 seconds left.\n|\n|t:|1732384684\n|move|p2b: Torkoal|Heat Wave|p1b: Penelope|[spread] p1a,p1b\n|-resisted|p1a: Athena\n|-supereffective|p1b: Penelope\n|-damage|p1a: Athena|0 fnt\n|-damage|p1b: Penelope|0 fnt\n|faint|p1a: Athena\n|faint|p1b: Penelope\n|move|p2a: Hatterene|Dazzling Gleam|p1: Athena|[notarget]\n|-fail|p2a: Hatterene\n|\n|-weather|SunnyDay|[upkeep]\n|upkeep\n|\n|t:|1732384687\n|switch|p1b: Polyphemus|Rillaboom, L50, M|22\/100\n|-fieldstart|move: Grassy Terrain|[from] ability: Grassy Surge|[of] p1b: Polyphemus\n|turn|8\n|-message|VGCLTH WitchMag forfeited.\n|\n|win|meotachuldong\n|raw|VGCLTH WitchMag's rating: 1766 &rarr; <strong>1741<\/strong><br \/>(-25 for losing)\n|raw|meotachuldong's rating: 1685 &rarr; <strong>1710<\/strong><br \/>(+25 for winning)\n|l|\u2606VGCLTH WitchMag\n|player|p1|\n|l| Christianfinity\n|l|\u2606meotachuldong\n|player|p2|\n|l| qiyeO.o\n|n| R0gueVGC|vgclthr0gue\n","uploadtime":1732384925,"views":5,"formatid":"gen9vgc2024regh","rating":1710,"private":0,"password":null}