{"id":"gen9vgc2024regh-2249079065","format":"[Gen 9] VGC 2024 Reg H","players":["Allhailhippo","KD-Alt-711"],"log":"|j|\u203dAllhailhippo\n|j|\u2606KD-Alt-711\n|t:|1732297642\n|gametype|doubles\n|player|p1|Allhailhippo|266|1719\n|player|p2|KD-Alt-711|170|1717\n|teamsize|p1|6\n|teamsize|p2|6\n|gen|9\n|tier|[Gen 9] VGC 2024 Reg H\n|rated|\n|rule|Species Clause: Limit one of each Pok\u00e9mon\n|rule|Item Clause: Limit 1 of each item\n|clearpoke\n|poke|p1|Tyranitar, L50, F|\n|poke|p1|Houndstone, L50, F|\n|poke|p1|Whimsicott, L50, F|\n|poke|p1|Incineroar, L50, F|\n|poke|p1|Gholdengo, L50|\n|poke|p1|Garchomp, L50, F|\n|poke|p2|Palafin, L50, M|\n|poke|p2|Kingdra, L50, F|\n|poke|p2|Politoed, L50, M|\n|poke|p2|Archaludon, L50, F|\n|poke|p2|Salamence, L50, F|\n|poke|p2|Rillaboom, L50, M|\n|teampreview|4\n|inactive|Battle timer is ON: inactive players will automatically lose when time's up. (requested by Allhailhippo)\n|\n|t:|1732297659\n|start\n|switch|p1a: Whimsicott|Whimsicott, L50, F|100\/100\n|switch|p1b: Garchomp|Garchomp, L50, F|100\/100\n|switch|p2a: Palafin|Palafin, L50, M, shiny|100\/100\n|switch|p2b: Archaludon|Archaludon, L50, F, shiny|100\/100\n|turn|1\n|\n|t:|1732297672\n|detailschange|p2a: Palafin|Palafin-Hero, L50, M, shiny\n|switch|p2a: Salamence|Salamence, L50, F, shiny|100\/100\n|-ability|p2a: Salamence|Intimidate|boost\n|-unboost|p1a: Whimsicott|atk|1\n|-unboost|p1b: Garchomp|atk|1\n|move|p1b: Garchomp|Dragon Claw|p2a: Salamence\n|-supereffective|p2a: Salamence\n|-damage|p2a: Salamence|20\/100\n|-damage|p1b: Garchomp|91\/100|[from] item: Life Orb\n|move|p1a: Whimsicott|Moonblast|p2a: Salamence\n|-supereffective|p2a: Salamence\n|-damage|p2a: Salamence|0 fnt\n|faint|p2a: Salamence\n|move|p2b: Archaludon|Flash Cannon|p1a: Whimsicott\n|-supereffective|p1a: Whimsicott\n|-damage|p1a: Whimsicott|0 fnt\n|faint|p1a: Whimsicott\n|\n|upkeep\n|\n|t:|1732297689\n|switch|p2a: Palafin|Palafin-Hero, L50, M, shiny|100\/100\n|switch|p1a: Houndstone|Houndstone, L50, F|100\/100\n|-activate|p2a: Palafin|ability: Zero to Hero\n|turn|2\n|\n|t:|1732297702\n|move|p1b: Garchomp|Protect|p1b: Garchomp\n|-singleturn|p1b: Garchomp|Protect\n|move|p2a: Palafin|Protect|p2a: Palafin\n|-singleturn|p2a: Palafin|Protect\n|move|p1a: Houndstone|Will-O-Wisp|p2a: Palafin\n|-activate|p2a: Palafin|move: Protect\n|move|p2b: Archaludon|Body Press|p1b: Garchomp\n|-activate|p1b: Garchomp|move: Protect\n|\n|upkeep\n|turn|3\n|\n|t:|1732297721\n|switch|p2b: Politoed|Politoed, L50, M, shiny|100\/100\n|-weather|RainDance|[from] ability: Drizzle|[of] p2b: Politoed\n|-terastallize|p2a: Palafin|Water\n|-terastallize|p1a: Houndstone|Fighting\n|move|p1b: Garchomp|Stomping Tantrum|p2b: Politoed\n|-damage|p2b: Politoed|61\/100\n|-damage|p1b: Garchomp|81\/100|[from] item: Life Orb\n|move|p2a: Palafin|Wave Crash|p1a: Houndstone\n|-crit|p1a: Houndstone\n|-enditem|p1a: Houndstone|Focus Sash\n|-damage|p1a: Houndstone|1\/100\n|-damage|p2a: Palafin|76\/100|[from] Recoil\n|move|p1a: Houndstone|Tera Blast|p2b: Politoed|[anim] Tera Blast Fighting\n|-damage|p2b: Politoed|20\/100\n|-enditem|p2b: Politoed|Sitrus Berry|[eat]\n|-heal|p2b: Politoed|45\/100|[from] item: Sitrus Berry\n|\n|-weather|RainDance|[upkeep]\n|upkeep\n|turn|4\n|inactive|Allhailhippo has 30 seconds left.\n|inactive|KD-Alt-711 has 30 seconds left.\n|\n|t:|1732297751\n|switch|p1a: Tyranitar|Tyranitar, L50, F|100\/100\n|-weather|Sandstorm|[from] ability: Sand Stream|[of] p1a: Tyranitar\n|move|p2a: Palafin|Protect|p2a: Palafin\n|-singleturn|p2a: Palafin|Protect\n|move|p1b: Garchomp|Dragon Claw|p2a: Palafin\n|-activate|p2a: Palafin|move: Protect\n|move|p2b: Politoed|Icy Wind|p1a: Tyranitar|[spread] p1a,p1b\n|-supereffective|p1b: Garchomp\n|-damage|p1a: Tyranitar|96\/100\n|-damage|p1b: Garchomp|40\/100\n|-unboost|p1a: Tyranitar|spe|1\n|-unboost|p1b: Garchomp|spe|1\n|\n|-weather|Sandstorm|[upkeep]\n|-damage|p2a: Palafin|70\/100|[from] Sandstorm\n|-damage|p2b: Politoed|39\/100|[from] Sandstorm\n|upkeep\n|turn|5\n|\n|t:|1732297772\n|move|p2b: Politoed|Helping Hand|p2a: Palafin\n|-singleturn|p2a: Palafin|Helping Hand|[of] p2b: Politoed\n|move|p2a: Palafin|Jet Punch|p1a: Tyranitar\n|-supereffective|p1a: Tyranitar\n|-damage|p1a: Tyranitar|0 fnt\n|faint|p1a: Tyranitar\n|move|p1b: Garchomp|Dragon Claw|p2a: Palafin\n|-damage|p2a: Palafin|34\/100\n|-damage|p1b: Garchomp|31\/100|[from] item: Life Orb\n|\n|-weather|Sandstorm|[upkeep]\n|-damage|p2a: Palafin|28\/100|[from] Sandstorm\n|-damage|p2b: Politoed|33\/100|[from] Sandstorm\n|upkeep\n|\n|t:|1732297781\n|switch|p1a: Houndstone|Houndstone, L50, F, tera:Fighting|1\/100\n|turn|6\n|\n|t:|1732297788\n|switch|p2a: Archaludon|Archaludon, L50, F, shiny|100\/100\n|move|p1a: Houndstone|Protect|p1a: Houndstone\n|-singleturn|p1a: Houndstone|Protect\n|move|p1b: Garchomp|Earthquake|p2b: Politoed|[spread] p2a,p2b\n|-activate|p1a: Houndstone|move: Protect\n|-supereffective|p2a: Archaludon\n|-damage|p2a: Archaludon|44\/100\n|-damage|p2b: Politoed|0 fnt\n|-ability|p2a: Archaludon|Stamina|boost\n|-boost|p2a: Archaludon|def|1\n|faint|p2b: Politoed\n|-damage|p1b: Garchomp|21\/100|[from] item: Life Orb\n|\n|-weather|Sandstorm|[upkeep]\n|upkeep\n|\n|t:|1732297795\n|switch|p2b: Palafin|Palafin-Hero, L50, M, shiny, tera:Water|28\/100\n|turn|7\n|\n|t:|1732297802\n|move|p1a: Houndstone|Protect||[still]\n|-fail|p1a: Houndstone\n|move|p2b: Palafin|Jet Punch|p1a: Houndstone\n|-damage|p1a: Houndstone|0 fnt\n|faint|p1a: Houndstone\n|move|p2a: Archaludon|Flash Cannon|p1b: Garchomp\n|-damage|p1b: Garchomp|0 fnt\n|faint|p1b: Garchomp\n|\n|win|KD-Alt-711\n|raw|Allhailhippo's rating: 1719 &rarr; <strong>1699<\/strong><br \/>(-20 for losing)\n|raw|KD-Alt-711's rating: 1717 &rarr; <strong>1737<\/strong><br \/>(+20 for winning)\n|l|\u203dAllhailhippo\n|player|p1|\n|l|\u2606KD-Alt-711\n|player|p2|\n","uploadtime":1732297952,"views":8,"formatid":"gen9vgc2024regh","rating":1699,"private":0,"password":null}