{"id":"gen9vgc2024regh-2249576425","format":"[Gen 9] VGC 2024 Reg H","players":["rexonagirl","Djjwjwwjj"],"log":"|j|\u2606rexonagirl\n|j|\u2606Djjwjwwjj\n|t:|1732372002\n|gametype|doubles\n|player|p1|rexonagirl|grimsley-masters|1643\n|player|p2|Djjwjwwjj|170|1823\n|teamsize|p1|6\n|teamsize|p2|6\n|gen|9\n|tier|[Gen 9] VGC 2024 Reg H\n|rated|\n|rule|Species Clause: Limit one of each Pok\u00e9mon\n|rule|Item Clause: Limit 1 of each item\n|clearpoke\n|poke|p1|Archaludon, L50, M|\n|poke|p1|Pelipper, L50, M|\n|poke|p1|Basculegion, L50, M|\n|poke|p1|Annihilape, L50, F|\n|poke|p1|Grimmsnarl, L50, M|\n|poke|p1|Maushold, L50|\n|poke|p2|Pelipper, L50, M|\n|poke|p2|Incineroar, L50, F|\n|poke|p2|Palafin, L50, F|\n|poke|p2|Archaludon, L50, F|\n|poke|p2|Amoonguss, L50, M|\n|poke|p2|Farigiraf, L50, F|\n|teampreview|4\n|inactive|Battle timer is ON: inactive players will automatically lose when time's up. (requested by rexonagirl)\n|inactive|Djjwjwwjj has 60 seconds left.\n|inactive|rexonagirl has 60 seconds left.\n|j| futonkagebunshin\n|inactive|Djjwjwwjj has 30 seconds left.\n|\n|t:|1732372068\n|start\n|switch|p1a: Maushold|Maushold, L50|100\/100\n|switch|p1b: Annihilape|Annihilape, L50, F|100\/100\n|switch|p2a: Palafin|Palafin, L50, F|100\/100\n|switch|p2b: Farigiraf|Farigiraf, L50, F|100\/100\n|turn|1\n|\n|t:|1732372096\n|-terastallize|p2a: Palafin|Water\n|move|p2a: Palafin|Wave Crash|p1b: Annihilape\n|-damage|p1b: Annihilape|40\/100\n|-damage|p2a: Palafin|77\/100|[from] Recoil\n|move|p1a: Maushold|Beat Up|p1b: Annihilape\n|-damage|p1b: Annihilape|38\/100\n|-damage|p1b: Annihilape|36\/100\n|-damage|p1b: Annihilape|34\/100\n|-damage|p1b: Annihilape|32\/100\n|-hitcount|p1b: Annihilape|4\n|move|p1b: Annihilape|Rage Fist|p2a: Palafin\n|-damage|p2a: Palafin|0 fnt\n|faint|p2a: Palafin\n|move|p2b: Farigiraf|Trick Room|p2b: Farigiraf\n|-fieldstart|move: Trick Room|[of] p2b: Farigiraf\n|\n|-heal|p1b: Annihilape|38\/100|[from] item: Leftovers\n|upkeep\n|\n|t:|1732372118\n|switch|p2a: Archaludon|Archaludon, L50, F|100\/100\n|turn|2\n|\n|t:|1732372128\n|move|p1a: Maushold|Follow Me|p1a: Maushold\n|-singleturn|p1a: Maushold|move: Follow Me\n|move|p2b: Farigiraf|Beat Up|p1a: Maushold\n|-damage|p1a: Maushold|97\/100\n|-damage|p1a: Maushold|94\/100\n|-damage|p1a: Maushold|91\/100\n|-hitcount|p1a: Maushold|3\n|move|p2a: Archaludon|Body Press|p1a: Maushold\n|-supereffective|p1a: Maushold\n|-damage|p1a: Maushold|38\/100\n|move|p1b: Annihilape|Rage Fist|p2a: Archaludon\n|-damage|p2a: Archaludon|4\/100\n|-ability|p2a: Archaludon|Stamina|boost\n|-boost|p2a: Archaludon|def|1\n|\n|-heal|p1b: Annihilape|44\/100|[from] item: Leftovers\n|upkeep\n|turn|3\n|j| bluestraggler02\n|inactive|Djjwjwwjj has 30 seconds left.\n|inactive|Djjwjwwjj has 20 seconds left.\n|j| Flopster75\n|\n|t:|1732372164\n|move|p1b: Annihilape|Protect|p1b: Annihilape\n|-singleturn|p1b: Annihilape|Protect\n|move|p1a: Maushold|Protect|p1a: Maushold\n|-singleturn|p1a: Maushold|Protect\n|move|p2b: Farigiraf|Twin Beam|p1b: Annihilape\n|-activate|p1b: Annihilape|move: Protect\n|move|p2a: Archaludon|Dragon Pulse|p1b: Annihilape\n|-activate|p1b: Annihilape|move: Protect\n|\n|-heal|p1b: Annihilape|50\/100|[from] item: Leftovers\n|upkeep\n|turn|4\n|inactive|Djjwjwwjj has 30 seconds left.\n|\n|t:|1732372192\n|move|p1a: Maushold|Follow Me|p1a: Maushold\n|-singleturn|p1a: Maushold|move: Follow Me\n|move|p2b: Farigiraf|Twin Beam|p1a: Maushold\n|-damage|p1a: Maushold|19\/100\n|-damage|p1a: Maushold|0 fnt\n|faint|p1a: Maushold\n|-hitcount|p1: Maushold|2\n|move|p2a: Archaludon|Dragon Pulse|p1b: Annihilape\n|-damage|p1b: Annihilape|17\/100\n|move|p1b: Annihilape|Drain Punch|p2b: Farigiraf\n|-damage|p2b: Farigiraf|70\/100\n|-heal|p1b: Annihilape|34\/100|[from] drain|[of] p2b: Farigiraf\n|-damage|p1b: Annihilape|18\/100|[from] item: Rocky Helmet|[of] p2b: Farigiraf\n|\n|-heal|p1b: Annihilape|24\/100|[from] item: Leftovers\n|upkeep\n|l| bluestraggler02\n|\n|t:|1732372205\n|switch|p1a: Basculegion|Basculegion, L50, M|100\/100\n|turn|5\n|inactive|Djjwjwwjj has 30 seconds left.\n|inactive|Djjwjwwjj has 20 seconds left.\n|\n|t:|1732372241\n|switch|p1a: Archaludon|Archaludon, L50, M|100\/100\n|move|p1b: Annihilape|Protect|p1b: Annihilape\n|-singleturn|p1b: Annihilape|Protect\n|move|p2b: Farigiraf|Twin Beam|p1a: Archaludon\n|-resisted|p1a: Archaludon\n|-damage|p1a: Archaludon|93\/100\n|-ability|p1a: Archaludon|Stamina|boost\n|-boost|p1a: Archaludon|def|1\n|-resisted|p1a: Archaludon\n|-crit|p1a: Archaludon\n|-damage|p1a: Archaludon|81\/100\n|-ability|p1a: Archaludon|Stamina|boost\n|-boost|p1a: Archaludon|def|1\n|-hitcount|p1a: Archaludon|2\n|move|p2a: Archaludon|Dragon Pulse|p1a: Archaludon\n|-damage|p1a: Archaludon|43\/100\n|-ability|p1a: Archaludon|Stamina|boost\n|-boost|p1a: Archaludon|def|1\n|\n|-heal|p1b: Annihilape|30\/100|[from] item: Leftovers\n|-fieldend|move: Trick Room\n|upkeep\n|turn|6\n|inactive|rexonagirl has 30 seconds left.\n|inactive|Djjwjwwjj has 30 seconds left.\n|inactive|Djjwjwwjj has 20 seconds left.\n|inactive|Djjwjwwjj has 15 seconds left.\n|\n|t:|1732372286\n|move|p2b: Farigiraf|Protect|p2b: Farigiraf\n|-singleturn|p2b: Farigiraf|Protect\n|move|p1b: Annihilape|Drain Punch|p2b: Farigiraf\n|-activate|p2b: Farigiraf|move: Protect\n|move|p1a: Archaludon|Body Press|p2b: Farigiraf\n|-activate|p2b: Farigiraf|move: Protect\n|move|p2a: Archaludon|Dragon Pulse|p1b: Annihilape\n|-damage|p1b: Annihilape|0 fnt\n|faint|p1b: Annihilape\n|\n|upkeep\n|\n|t:|1732372289\n|switch|p1b: Basculegion|Basculegion, L50, M|100\/100\n|turn|7\n|j| qiyeO.o\n|inactive|Djjwjwwjj has 30 seconds left.\n|inactive|Djjwjwwjj has 20 seconds left.\n|inactive|Djjwjwwjj has 15 seconds left.\n|l| qiyeO.o\n|inactive|Djjwjwwjj has 10 seconds left.\n|inactive|Djjwjwwjj has 5 seconds left.\n|\n|t:|1732372339\n|switch|p2a: Amoonguss|Amoonguss, L50, M|100\/100\n|-terastallize|p1b: Basculegion|Grass\n|move|p1a: Archaludon|Body Press|p2b: Farigiraf\n|-damage|p2b: Farigiraf|23\/100\n|-damage|p1a: Archaludon|26\/100|[from] item: Rocky Helmet|[of] p2b: Farigiraf\n|move|p1b: Basculegion|Wave Crash|p2b: Farigiraf\n|-damage|p2b: Farigiraf|0 fnt\n|-damage|p1b: Basculegion|84\/100|[from] item: Rocky Helmet|[of] p2b: Farigiraf\n|faint|p2b: Farigiraf\n|-damage|p1b: Basculegion|75\/100|[from] Recoil\n|\n|upkeep\n|\n|t:|1732372353\n|switch|p2b: Archaludon|Archaludon, L50, F|4\/100\n|turn|8\n|\n|t:|1732372369\n|move|p2a: Amoonguss|Rage Powder|p2a: Amoonguss\n|-singleturn|p2a: Amoonguss|move: Rage Powder\n|move|p1a: Archaludon|Draco Meteor|p2a: Amoonguss\n|-damage|p2a: Amoonguss|46\/100\n|-unboost|p1a: Archaludon|spa|2\n|-enditem|p2a: Amoonguss|Sitrus Berry|[eat]\n|-heal|p2a: Amoonguss|71\/100|[from] item: Sitrus Berry\n|move|p1b: Basculegion|Wave Crash|p2b: Archaludon\n|-resisted|p2b: Archaludon\n|-damage|p2b: Archaludon|0 fnt\n|faint|p2b: Archaludon\n|-damage|p1b: Basculegion|74\/100|[from] Recoil\n|\n|upkeep\n|turn|9\n|\n|t:|1732372382\n|move|p1a: Archaludon|Body Press|p2a: Amoonguss\n|-resisted|p2a: Amoonguss\n|-damage|p2a: Amoonguss|43\/100\n|move|p1b: Basculegion|Wave Crash|p2a: Amoonguss\n|-resisted|p2a: Amoonguss\n|-damage|p2a: Amoonguss|4\/100\n|-damage|p1b: Basculegion|60\/100|[from] Recoil\n|move|p2a: Amoonguss|Sludge Bomb|p1b: Basculegion\n|-supereffective|p1b: Basculegion\n|-damage|p1b: Basculegion|0 fnt\n|faint|p1b: Basculegion\n|\n|upkeep\n|turn|10\n|-message|Djjwjwwjj forfeited.\n|\n|win|rexonagirl\n|raw|rexonagirl's rating: 1643 &rarr; <strong>1673<\/strong><br \/>(+30 for winning)\n|raw|Djjwjwwjj's rating: 1823 &rarr; <strong>1793<\/strong><br \/>(-30 for losing)\n|l|\u2606Djjwjwwjj\n|player|p2|\n","uploadtime":1732372598,"views":6,"formatid":"gen9vgc2024regh","rating":1673,"private":0,"password":null}