{"id":"gen9vgc2024regh-2249171195","format":"[Gen 9] VGC 2024 Reg H","players":["ikkust","VGCLTH Python"],"log":"|raw|<div class=\"broadcast-blue\"><strong>This battle is required to be public due to a player having a name starting with 'vgclth'.<\/div>\n|j|\u2606ikkust\n|j|\u2606VGCLTH Python\n|t:|1732306944\n|gametype|doubles\n|player|p1|ikkust|lucas|1821\n|player|p2|VGCLTH Python|yellow|1749\n|teamsize|p1|6\n|teamsize|p2|6\n|gen|9\n|tier|[Gen 9] VGC 2024 Reg H\n|rated|\n|rule|Species Clause: Limit one of each Pok\u00e9mon\n|rule|Item Clause: Limit 1 of each item\n|clearpoke\n|poke|p1|Annihilape, L50, M|\n|poke|p1|Whimsicott, L50, F|\n|poke|p1|Ursaluna-Bloodmoon, L50, M|\n|poke|p1|Grimmsnarl, L50, M|\n|poke|p1|Archaludon, L50, M|\n|poke|p1|Dragonite, L50, M|\n|poke|p2|Volcarona, L50, M|\n|poke|p2|Breloom, L50, M|\n|poke|p2|Gholdengo, L50|\n|poke|p2|Electabuzz, L50, M|\n|poke|p2|Gastrodon, L50, M|\n|poke|p2|Dragonite, L50, F|\n|teampreview|4\n|inactive|Battle timer is ON: inactive players will automatically lose when time's up. (requested by VGCLTH Python)\n|\n|t:|1732306988\n|start\n|switch|p1a: Annihilape|Annihilape, L50, M|100\/100\n|switch|p1b: Whimsicott|Whimsicott, L50, F|100\/100\n|switch|p2a: Volcarona|Volcarona, L50, M|100\/100\n|switch|p2b: Electabuzz|Electabuzz, L50, M|100\/100\n|turn|1\n|\n|t:|1732307008\n|move|p2b: Electabuzz|Follow Me|p2b: Electabuzz\n|-singleturn|p2b: Electabuzz|move: Follow Me\n|move|p1b: Whimsicott|Taunt|p2b: Electabuzz\n|-start|p2b: Electabuzz|move: Taunt\n|move|p1a: Annihilape|Rage Fist|p2b: Electabuzz\n|-damage|p2b: Electabuzz|79\/100\n|move|p2a: Volcarona|Quiver Dance|p2a: Volcarona\n|-boost|p2a: Volcarona|spa|1\n|-boost|p2a: Volcarona|spd|1\n|-boost|p2a: Volcarona|spe|1\n|\n|upkeep\n|turn|2\n|inactive|VGCLTH Python has 30 seconds left.\n|\n|t:|1732307041\n|-terastallize|p2a: Volcarona|Fairy\n|move|p2a: Volcarona|Tera Blast|p1a: Annihilape|[anim] Tera Blast Fairy\n|-supereffective|p1a: Annihilape\n|-damage|p1a: Annihilape|0 fnt\n|faint|p1a: Annihilape\n|move|p1b: Whimsicott|Beat Up|p1: Annihilape|[notarget]\n|-fail|p1b: Whimsicott\n|move|p2b: Electabuzz|Thunderbolt|p1b: Whimsicott\n|-resisted|p1b: Whimsicott\n|-damage|p1b: Whimsicott|74\/100\n|\n|upkeep\n|\n|t:|1732307048\n|switch|p1a: Archaludon|Archaludon, L50, M|100\/100\n|turn|3\n|\n|t:|1732307060\n|switch|p2b: Breloom|Breloom, L50, M|100\/100\n|move|p1b: Whimsicott|Tailwind|p1b: Whimsicott\n|-sidestart|p1: ikkust|move: Tailwind\n|move|p2a: Volcarona|Heat Wave|p1b: Whimsicott|[spread] p1a,p1b\n|-supereffective|p1b: Whimsicott\n|-damage|p1a: Archaludon|66\/100\n|-damage|p1b: Whimsicott|0 fnt\n|-ability|p1a: Archaludon|Stamina|boost\n|-boost|p1a: Archaludon|def|1\n|faint|p1b: Whimsicott\n|move|p1a: Archaludon|Snarl|p2a: Volcarona|[spread] p2a,p2b\n|-resisted|p2a: Volcarona\n|-resisted|p2b: Breloom\n|-damage|p2a: Volcarona|96\/100\n|-damage|p2b: Breloom|88\/100\n|-unboost|p2a: Volcarona|spa|1\n|-unboost|p2b: Breloom|spa|1\n|\n|-heal|p2a: Volcarona|100\/100|[from] item: Leftovers\n|upkeep\n|j| die pikachu die\n|\n|t:|1732307071\n|switch|p1b: Ursaluna|Ursaluna-Bloodmoon, L50, M|100\/100\n|turn|4\n|\n|t:|1732307079\n|-terastallize|p1b: Ursaluna|Normal\n|move|p2a: Volcarona|Protect|p2a: Volcarona\n|-singleturn|p2a: Volcarona|Protect\n|move|p2b: Breloom|Protect|p2b: Breloom\n|-singleturn|p2b: Breloom|Protect\n|move|p1a: Archaludon|Flash Cannon|p2a: Volcarona\n|-activate|p2a: Volcarona|move: Protect\n|move|p1b: Ursaluna|Hyper Voice|p2a: Volcarona|[spread] \n|-activate|p2a: Volcarona|move: Protect\n|-activate|p2b: Breloom|move: Protect\n|\n|upkeep\n|turn|5\n|inactive|ikkust has 30 seconds left.\n|\n|t:|1732307104\n|switch|p2a: Gastrodon|Gastrodon, L50, M|100\/100\n|switch|p2b: Electabuzz|Electabuzz, L50, M|79\/100\n|move|p1a: Archaludon|Flash Cannon|p2a: Gastrodon\n|-resisted|p2a: Gastrodon\n|-damage|p2a: Gastrodon|84\/100\n|move|p1b: Ursaluna|Blood Moon|p2a: Gastrodon\n|-damage|p2a: Gastrodon|0 fnt\n|faint|p2a: Gastrodon\n|-damage|p1b: Ursaluna|91\/100|[from] item: Life Orb\n|\n|upkeep\n|\n|t:|1732307125\n|switch|p2a: Breloom|Breloom, L50, M|88\/100\n|turn|6\n|\n|t:|1732307136\n|move|p2a: Breloom|Protect|p2a: Breloom\n|-singleturn|p2a: Breloom|Protect\n|move|p1a: Archaludon|Body Press|p2a: Breloom\n|-activate|p2a: Breloom|move: Protect\n|move|p1b: Ursaluna|Hyper Voice|p2b: Electabuzz|[spread] p2b\n|-activate|p2a: Breloom|move: Protect\n|-damage|p2b: Electabuzz|35\/100\n|-damage|p1b: Ursaluna|81\/100|[from] item: Life Orb\n|move|p2b: Electabuzz|Thunderbolt|p1b: Ursaluna\n|-damage|p1b: Ursaluna|42\/100\n|\n|-sideend|p1: ikkust|move: Tailwind\n|upkeep\n|turn|7\n|inactive|ikkust has 30 seconds left.\n|\n|t:|1732307166\n|move|p1b: Ursaluna|Protect|p1b: Ursaluna\n|-singleturn|p1b: Ursaluna|Protect\n|move|p2b: Electabuzz|Follow Me|p2b: Electabuzz\n|-singleturn|p2b: Electabuzz|move: Follow Me\n|move|p2a: Breloom|Mach Punch|p1b: Ursaluna\n|-activate|p1b: Ursaluna|move: Protect\n|move|p1a: Archaludon|Draco Meteor|p2b: Electabuzz\n|-damage|p2b: Electabuzz|0 fnt\n|-unboost|p1a: Archaludon|spa|2\n|faint|p2b: Electabuzz\n|\n|upkeep\n|\n|t:|1732307170\n|switch|p2b: Volcarona|Volcarona, L50, M, tera:Fairy|100\/100\n|turn|8\n|\n|t:|1732307182\n|move|p2a: Breloom|Mach Punch|p1b: Ursaluna\n|-supereffective|p1b: Ursaluna\n|-damage|p1b: Ursaluna|0 fnt\n|faint|p1b: Ursaluna\n|move|p2b: Volcarona|Quiver Dance|p2b: Volcarona\n|-boost|p2b: Volcarona|spa|1\n|-boost|p2b: Volcarona|spd|1\n|-boost|p2b: Volcarona|spe|1\n|move|p1a: Archaludon|Snarl|p2b: Volcarona|[spread] p2a,p2b\n|-resisted|p2a: Breloom\n|-resisted|p2b: Volcarona\n|-damage|p2a: Breloom|82\/100\n|-damage|p2b: Volcarona|99\/100\n|-unboost|p2a: Breloom|spa|1\n|-unboost|p2b: Volcarona|spa|1\n|\n|-heal|p2b: Volcarona|100\/100|[from] item: Leftovers\n|upkeep\n|turn|9\n|j| Sheepie_Sheep1\n|\n|t:|1732307203\n|move|p2b: Volcarona|Quiver Dance|p2b: Volcarona\n|-boost|p2b: Volcarona|spa|1\n|-boost|p2b: Volcarona|spd|1\n|-boost|p2b: Volcarona|spe|1\n|move|p2a: Breloom|Spore|p1a: Archaludon\n|-status|p1a: Archaludon|slp|[from] move: Spore\n|cant|p1a: Archaludon|slp\n|\n|upkeep\n|turn|10\n|-message|ikkust forfeited.\n|\n|win|VGCLTH Python\n|raw|ikkust's rating: 1821 &rarr; <strong>1797<\/strong><br \/>(-24 for losing)\n|raw|VGCLTH Python's rating: 1749 &rarr; <strong>1773<\/strong><br \/>(+24 for winning)\n|l|\u2606ikkust\n|player|p1|\n|l|\u2606VGCLTH Python\n|player|p2|\n|l| Sheepie_Sheep1\n","uploadtime":1732307354,"views":23,"formatid":"gen9vgc2024regh","rating":1773,"private":0,"password":null}