{"id":"gen9vgc2024regh-2249506642","format":"[Gen 9] VGC 2024 Reg H","players":["schisch","Djjwjwwjj"],"log":"|j|\u2606schisch\n|j|\u2606Djjwjwwjj\n|t:|1732359263\n|gametype|doubles\n|player|p1|schisch|266|1715\n|player|p2|Djjwjwwjj|102|1690\n|teamsize|p1|6\n|teamsize|p2|6\n|gen|9\n|tier|[Gen 9] VGC 2024 Reg H\n|rated|\n|rule|Species Clause: Limit one of each Pok\u00e9mon\n|rule|Item Clause: Limit 1 of each item\n|clearpoke\n|poke|p1|Tyranitar, L50, F|\n|poke|p1|Jumpluff, L50, F|\n|poke|p1|Torkoal, L50, M|\n|poke|p1|Ursaluna, L50, F|\n|poke|p1|Charizard, L50, M|\n|poke|p1|Bronzong, L50|\n|poke|p2|Pelipper, L50, M|\n|poke|p2|Incineroar, L50, F|\n|poke|p2|Palafin, L50, M|\n|poke|p2|Archaludon, L50, F|\n|poke|p2|Amoonguss, L50, M|\n|poke|p2|Farigiraf, L50, F|\n|teampreview|4\n|inactive|Battle timer is ON: inactive players will automatically lose when time's up. (requested by schisch)\n|inactive|schisch has 60 seconds left.\n|inactive|Djjwjwwjj has 60 seconds left.\n|inactive|schisch has 30 seconds left.\n|\n|t:|1732359331\n|start\n|switch|p1a: Ursaluna|Ursaluna, L50, F|100\/100\n|switch|p1b: Charizard|Charizard, L50, M|100\/100\n|switch|p2a: Incineroar|Incineroar, L50, F|100\/100\n|switch|p2b: Amoonguss|Amoonguss, L50, M|100\/100\n|-ability|p2a: Incineroar|Intimidate|boost\n|-unboost|p1a: Ursaluna|atk|1\n|-unboost|p1b: Charizard|atk|1\n|turn|1\n|inactive|Djjwjwwjj has 30 seconds left.\n|inactive|Djjwjwwjj has 20 seconds left.\n|\n|t:|1732359366\n|switch|p1b: Jumpluff|Jumpluff, L50, F|100\/100\n|move|p1a: Ursaluna|Protect|p1a: Ursaluna\n|-singleturn|p1a: Ursaluna|Protect\n|move|p2b: Amoonguss|Protect|p2b: Amoonguss\n|-singleturn|p2b: Amoonguss|Protect\n|move|p2a: Incineroar|Knock Off|p1b: Jumpluff\n|-damage|p1b: Jumpluff|49\/100\n|-enditem|p1b: Jumpluff|Covert Cloak|[from] move: Knock Off|[of] p2a: Incineroar\n|\n|-status|p1a: Ursaluna|brn|[from] item: Flame Orb\n|upkeep\n|turn|2\n|inactive|schisch has 30 seconds left.\n|inactive|Djjwjwwjj has 30 seconds left.\n|inactive|schisch has 20 seconds left.\n|inactive|schisch has 15 seconds left.\n|inactive|Djjwjwwjj has 20 seconds left.\n|inactive|schisch has 10 seconds left.\n|\n|t:|1732359413\n|switch|p1b: Bronzong|Bronzong, L50|100\/100\n|-terastallize|p2a: Incineroar|Flying\n|move|p2a: Incineroar|Parting Shot|p1a: Ursaluna\n|-unboost|p1a: Ursaluna|atk|1\n|-unboost|p1a: Ursaluna|spa|1\n|\n|t:|1732359420\n|switch|p2a: Archaludon|Archaludon, L50, F|100\/100|[from] Parting Shot\n|move|p1a: Ursaluna|Earthquake|p2a: Archaludon|[spread] p2a,p2b\n|-immune|p1b: Bronzong|[from] ability: Levitate\n|-supereffective|p2a: Archaludon\n|-damage|p2a: Archaludon|54\/100\n|-damage|p2b: Amoonguss|73\/100\n|-ability|p2a: Archaludon|Stamina|boost\n|-boost|p2a: Archaludon|def|1\n|move|p2b: Amoonguss|Sludge Bomb|p1b: Bronzong\n|-immune|p1b: Bronzong\n|\n|-damage|p1a: Ursaluna|94\/100 brn|[from] brn\n|upkeep\n|turn|3\n|inactive|Djjwjwwjj has 30 seconds left.\n|\n|t:|1732359445\n|move|p1b: Bronzong|Helping Hand|p1a: Ursaluna\n|-singleturn|p1a: Ursaluna|Helping Hand|[of] p1b: Bronzong\n|move|p2b: Amoonguss|Rage Powder|p2b: Amoonguss\n|-singleturn|p2b: Amoonguss|move: Rage Powder\n|move|p2a: Archaludon|Body Press|p1a: Ursaluna\n|-supereffective|p1a: Ursaluna\n|-damage|p1a: Ursaluna|37\/100 brn\n|move|p1a: Ursaluna|Headlong Rush|p2b: Amoonguss\n|-damage|p2b: Amoonguss|5\/100\n|-unboost|p1a: Ursaluna|def|1\n|-unboost|p1a: Ursaluna|spd|1\n|-enditem|p2b: Amoonguss|Sitrus Berry|[eat]\n|-heal|p2b: Amoonguss|30\/100|[from] item: Sitrus Berry\n|\n|-damage|p1a: Ursaluna|30\/100 brn|[from] brn\n|upkeep\n|turn|4\n|inactive|Djjwjwwjj has 30 seconds left.\n|\n|t:|1732359475\n|switch|p1a: Charizard|Charizard, L50, M|100\/100\n|switch|p2b: Incineroar|Incineroar, L50, F, tera:Flying|100\/100\n|-ability|p2b: Incineroar|Intimidate|boost\n|-unboost|p1a: Charizard|atk|1\n|-unboost|p1b: Bronzong|atk|1\n|move|p2a: Archaludon|Dragon Pulse|p1a: Charizard\n|-damage|p1a: Charizard|57\/100\n|move|p1b: Bronzong|Body Press|p2b: Incineroar\n|-resisted|p2b: Incineroar\n|-damage|p2b: Incineroar|87\/100\n|\n|upkeep\n|turn|5\n|inactive|Djjwjwwjj has 30 seconds left.\n|\n|t:|1732359500\n|switch|p2b: Pelipper|Pelipper, L50, M|100\/100\n|-weather|RainDance|[from] ability: Drizzle|[of] p2b: Pelipper\n|switch|p1b: Jumpluff|Jumpluff, L50, F|49\/100\n|move|p1a: Charizard|Dragon Pulse|p2a: Archaludon\n|-damage|p2a: Archaludon|22\/100\n|-ability|p2a: Archaludon|Stamina|boost\n|-boost|p2a: Archaludon|def|1\n|move|p2a: Archaludon|Electro Shot||[still]\n|-prepare|p2a: Archaludon|Electro Shot\n|-boost|p2a: Archaludon|spa|1\n|-anim|p2a: Archaludon|Electro Shot|p1a: Charizard\n|-supereffective|p1a: Charizard\n|-damage|p1a: Charizard|0 fnt\n|faint|p1a: Charizard\n|\n|-weather|RainDance|[upkeep]\n|upkeep\n|\n|t:|1732359525\n|switch|p1a: Ursaluna|Ursaluna, L50, F|30\/100 brn\n|turn|6\n|\n|t:|1732359544\n|move|p2b: Pelipper|Hurricane|p1b: Jumpluff\n|-supereffective|p1b: Jumpluff\n|-damage|p1b: Jumpluff|0 fnt\n|faint|p1b: Jumpluff\n|move|p2a: Archaludon|Dragon Pulse|p1a: Ursaluna\n|-damage|p1a: Ursaluna|0 fnt\n|faint|p1a: Ursaluna\n|\n|-weather|RainDance|[upkeep]\n|upkeep\n|-message|schisch forfeited.\n|\n|win|Djjwjwwjj\n|raw|schisch's rating: 1715 &rarr; <strong>1694<\/strong><br \/>(-21 for losing)\n|raw|Djjwjwwjj's rating: 1690 &rarr; <strong>1711<\/strong><br \/>(+21 for winning)\n|l|\u2606schisch\n|player|p1|\n|l|\u2606Djjwjwwjj\n|player|p2|\n","uploadtime":1732359707,"views":8,"formatid":"gen9vgc2024regh","rating":1694,"private":0,"password":null}