{"id":"gen9vgc2024regh-2249805937","format":"[Gen 9] VGC 2024 Reg H","players":["KaeDeeeeee","futonkagebunshin"],"log":"|j|\u2606KaeDeeeeee\n|j|\u2606futonkagebunshin\n|t:|1732401593\n|gametype|doubles\n|player|p1|KaeDeeeeee|gardenia|1785\n|player|p2|futonkagebunshin|policeman-gen4|1702\n|teamsize|p1|6\n|teamsize|p2|6\n|gen|9\n|tier|[Gen 9] VGC 2024 Reg H\n|rated|\n|rule|Species Clause: Limit one of each Pok\u00e9mon\n|rule|Item Clause: Limit 1 of each item\n|clearpoke\n|poke|p1|Dondozo, L50, M|\n|poke|p1|Tatsugiri, L50, F|\n|poke|p1|Pelipper, L50, M|\n|poke|p1|Basculegion, L50, M|\n|poke|p1|Archaludon, L50, M|\n|poke|p1|Kingdra, L50, F|\n|poke|p2|Whimsicott, L50, M|\n|poke|p2|Chandelure, L50, M|\n|poke|p2|Pelipper, L50, M|\n|poke|p2|Annihilape, L50, F|\n|poke|p2|Overqwil, L50, F|\n|poke|p2|Archaludon, L50, M|\n|teampreview|4\n|\n|t:|1732401612\n|start\n|switch|p1a: Dondozo|Dondozo, L50, M|100\/100\n|switch|p1b: Pelipper|Pelipper, L50, M|100\/100\n|switch|p2a: Whimsicott|Whimsicott, L50, M|100\/100\n|switch|p2b: Chandelure|Chandelure, L50, M|100\/100\n|-weather|RainDance|[from] ability: Drizzle|[of] p1b: Pelipper\n|turn|1\n|\n|t:|1732401627\n|switch|p1b: Tatsugiri|Tatsugiri, L50, F|100\/100\n|-activate|p1b: Tatsugiri|ability: Commander|[of] p1a: Dondozo\n|-boost|p1a: Dondozo|atk|2\n|-boost|p1a: Dondozo|spa|2\n|-boost|p1a: Dondozo|spe|2\n|-boost|p1a: Dondozo|def|2\n|-boost|p1a: Dondozo|spd|2\n|move|p2a: Whimsicott|Tailwind|p2a: Whimsicott\n|-sidestart|p2: futonkagebunshin|move: Tailwind\n|move|p2b: Chandelure|Energy Ball|p1a: Dondozo\n|-supereffective|p1a: Dondozo\n|-damage|p1a: Dondozo|33\/100\n|move|p1a: Dondozo|Surf|p2b: Chandelure|[spread] p2a,p2b\n|-miss|p1a: Dondozo|p1b: Tatsugiri\n|-resisted|p2a: Whimsicott\n|-supereffective|p2b: Chandelure\n|-damage|p2a: Whimsicott|2\/100\n|-damage|p2b: Chandelure|0 fnt\n|faint|p2b: Chandelure\n|\n|-weather|RainDance|[upkeep]\n|upkeep\n|\n|t:|1732401648\n|switch|p2b: Annihilape|Annihilape, L50, F|100\/100\n|turn|2\n|\n|t:|1732401663\n|-terastallize|p1a: Dondozo|Ghost\n|move|p2a: Whimsicott|Beat Up|p2b: Annihilape\n|-damage|p2b: Annihilape|98\/100\n|-damage|p2b: Annihilape|95\/100\n|-damage|p2b: Annihilape|92\/100\n|-hitcount|p2b: Annihilape|3\n|move|p2b: Annihilape|Rage Fist|p1a: Dondozo\n|-supereffective|p1a: Dondozo\n|-damage|p1a: Dondozo|0 fnt\n|faint|p1a: Dondozo\n|\n|-weather|RainDance|[upkeep]\n|upkeep\n|\n|t:|1732401678\n|switch|p1a: Basculegion|Basculegion, L50, M|100\/100\n|turn|3\n|\n|t:|1732401695\n|switch|p2a: Archaludon|Archaludon, L50, M|100\/100\n|move|p1a: Basculegion|Aqua Jet|p2b: Annihilape\n|-damage|p2b: Annihilape|41\/100\n|-enditem|p2b: Annihilape|Sitrus Berry|[eat]\n|-heal|p2b: Annihilape|66\/100|[from] item: Sitrus Berry\n|move|p2b: Annihilape|Rage Fist|p1a: Basculegion\n|-supereffective|p1a: Basculegion\n|-damage|p1a: Basculegion|0 fnt\n|faint|p1a: Basculegion\n|move|p1b: Tatsugiri|Muddy Water|p2b: Annihilape|[spread] p2a,p2b\n|-resisted|p2a: Archaludon\n|-crit|p2b: Annihilape\n|-damage|p2a: Archaludon|84\/100\n|-damage|p2b: Annihilape|0 fnt\n|-ability|p2a: Archaludon|Stamina|boost\n|-boost|p2a: Archaludon|def|1\n|faint|p2b: Annihilape\n|\n|-weather|RainDance|[upkeep]\n|upkeep\n|\n|t:|1732401713\n|switch|p2b: Whimsicott|Whimsicott, L50, M|2\/100\n|switch|p1a: Pelipper|Pelipper, L50, M|100\/100\n|turn|4\n|j| Fancy Cucudrula\n|\n|t:|1732401720\n|move|p1a: Pelipper|Protect|p1a: Pelipper\n|-singleturn|p1a: Pelipper|Protect\n|move|p2b: Whimsicott|Moonblast|p1b: Tatsugiri\n|-supereffective|p1b: Tatsugiri\n|-damage|p1b: Tatsugiri|11\/100\n|move|p2a: Archaludon|Electro Shot||[still]\n|-prepare|p2a: Archaludon|Electro Shot\n|-boost|p2a: Archaludon|spa|1\n|-anim|p2a: Archaludon|Electro Shot|p1a: Pelipper\n|-activate|p1a: Pelipper|move: Protect\n|move|p1b: Tatsugiri|Muddy Water|p2a: Archaludon|[spread] p2a,p2b\n|-resisted|p2a: Archaludon\n|-crit|p2a: Archaludon\n|-resisted|p2b: Whimsicott\n|-crit|p2b: Whimsicott\n|-damage|p2a: Archaludon|59\/100\n|-damage|p2b: Whimsicott|0 fnt\n|-ability|p2a: Archaludon|Stamina|boost\n|-boost|p2a: Archaludon|def|1\n|faint|p2b: Whimsicott\n|\n|-weather|RainDance|[upkeep]\n|-sideend|p2: futonkagebunshin|move: Tailwind\n|upkeep\n|turn|5\n|\n|t:|1732401751\n|move|p1b: Tatsugiri|Draco Meteor|p2a: Archaludon\n|-damage|p2a: Archaludon|13\/100\n|-unboost|p1b: Tatsugiri|spa|2\n|-ability|p2a: Archaludon|Stamina|boost\n|-boost|p2a: Archaludon|def|1\n|move|p1a: Pelipper|Weather Ball|p2a: Archaludon\n|-resisted|p2a: Archaludon\n|-damage|p2a: Archaludon|0 fnt\n|faint|p2a: Archaludon\n|\n|win|KaeDeeeeee\n|raw|KaeDeeeeee's rating: 1785 &rarr; <strong>1800<\/strong><br \/>(+15 for winning)\n|raw|futonkagebunshin's rating: 1702 &rarr; <strong>1687<\/strong><br \/>(-15 for losing)\n|l|\u2606KaeDeeeeee\n|player|p1|\n|l|\u2606futonkagebunshin\n|player|p2|\n|l| Fancy Cucudrula\n","uploadtime":1732401915,"views":9,"formatid":"gen9vgc2024regh","rating":1687,"private":0,"password":null}