{"id":"gen9vgc2024regh-2249649526","format":"[Gen 9] VGC 2024 Reg H","players":["Djjwjwwjj","SnarkyShane"],"log":"|j|\u2606Djjwjwwjj\n|j|\u2606SnarkyShane\n|t:|1732381922\n|gametype|doubles\n|player|p1|Djjwjwwjj|170|1767\n|player|p2|SnarkyShane|gambler|1717\n|teamsize|p1|6\n|teamsize|p2|6\n|gen|9\n|tier|[Gen 9] VGC 2024 Reg H\n|rated|\n|rule|Species Clause: Limit one of each Pok\u00e9mon\n|rule|Item Clause: Limit 1 of each item\n|clearpoke\n|poke|p1|Pelipper, L50, M|\n|poke|p1|Incineroar, L50, F|\n|poke|p1|Palafin, L50, F|\n|poke|p1|Archaludon, L50, F|\n|poke|p1|Amoonguss, L50, F|\n|poke|p1|Farigiraf, L50, F|\n|poke|p2|Kommo-o, L50, M|\n|poke|p2|Incineroar, L50, M|\n|poke|p2|Amoonguss, L50, F|\n|poke|p2|Kingambit, L50, M|\n|poke|p2|Ninetales-Alola, L50, F|\n|poke|p2|Sneasler, L50, F|\n|teampreview|4\n|inactive|Battle timer is ON: inactive players will automatically lose when time's up. (requested by Djjwjwwjj)\n|inactive|SnarkyShane also wants the timer to be on.\n|j| Gambit the king\n|inactive|Djjwjwwjj has 60 seconds left.\n|inactive|SnarkyShane has 60 seconds left.\n|inactive|SnarkyShane has 30 seconds left.\n|\n|t:|1732381988\n|start\n|switch|p1a: Farigiraf|Farigiraf, L50, F|100\/100\n|switch|p1b: Palafin|Palafin, L50, F|100\/100\n|switch|p2a: Kommo-o|Kommo-o, L50, M|100\/100\n|switch|p2b: Amoonguss|Amoonguss, L50, F|100\/100\n|turn|1\n|inactive|Djjwjwwjj has 30 seconds left.\n|inactive|SnarkyShane has 30 seconds left.\n|inactive|Djjwjwwjj has 20 seconds left.\n|\n|t:|1732382025\n|-terastallize|p1b: Palafin|Water\n|move|p2a: Kommo-o|Protect|p2a: Kommo-o\n|-singleturn|p2a: Kommo-o|Protect\n|move|p1b: Palafin|Wave Crash|p2b: Amoonguss\n|-resisted|p2b: Amoonguss\n|-damage|p2b: Amoonguss|64\/100\n|-damage|p1b: Palafin|84\/100|[from] item: Rocky Helmet|[of] p2b: Amoonguss\n|-damage|p1b: Palafin|69\/100|[from] Recoil\n|move|p1a: Farigiraf|Twin Beam|p2b: Amoonguss\n|-supereffective|p2b: Amoonguss\n|-damage|p2b: Amoonguss|39\/100\n|-supereffective|p2b: Amoonguss\n|-damage|p2b: Amoonguss|14\/100\n|-hitcount|p2b: Amoonguss|2\n|move|p2b: Amoonguss|Spore|p1a: Farigiraf\n|-status|p1a: Farigiraf|slp|[from] move: Spore\n|\n|upkeep\n|turn|2\n|inactive|Djjwjwwjj has 30 seconds left.\n|inactive|SnarkyShane has 30 seconds left.\n|\n|t:|1732382051\n|switch|p2b: Sneasler|Sneasler, L50, F|100\/100\n|move|p1b: Palafin|Wave Crash|p2b: Sneasler\n|-enditem|p2b: Sneasler|Focus Sash\n|-damage|p2b: Sneasler|1\/100\n|-damage|p1b: Palafin|41\/100|[from] Recoil\n|move|p2a: Kommo-o|Clangorous Soul|p2a: Kommo-o\n|-boost|p2a: Kommo-o|atk|1\n|-boost|p2a: Kommo-o|def|1\n|-boost|p2a: Kommo-o|spa|1\n|-boost|p2a: Kommo-o|spd|1\n|-boost|p2a: Kommo-o|spe|1\n|-damage|p2a: Kommo-o|68\/100\n|-enditem|p2a: Kommo-o|Throat Spray\n|-boost|p2a: Kommo-o|spa|1|[from] item: Throat Spray\n|cant|p1a: Farigiraf|slp\n|\n|upkeep\n|turn|3\n|j| takuya3000\n|inactive|Djjwjwwjj has 30 seconds left.\n|\n|t:|1732382077\n|detailschange|p1b: Palafin|Palafin-Hero, L50, F, tera:Water\n|switch|p1b: Archaludon|Archaludon, L50, F|100\/100\n|move|p2b: Sneasler|Dire Claw|p1a: Farigiraf\n|-damage|p1a: Farigiraf|65\/100 slp\n|-damage|p2b: Sneasler|0 fnt|[from] item: Rocky Helmet|[of] p1a: Farigiraf\n|faint|p2b: Sneasler\n|move|p2a: Kommo-o|Clanging Scales|p1a: Farigiraf|[spread] p1a,p1b\n|-damage|p1a: Farigiraf|8\/100 slp\n|-damage|p1b: Archaludon|53\/100\n|-ability|p1b: Archaludon|Stamina|boost\n|-boost|p1b: Archaludon|def|1\n|-unboost|p2a: Kommo-o|def|1\n|cant|p1a: Farigiraf|slp\n|\n|upkeep\n|\n|t:|1732382089\n|switch|p2b: Ninetales|Ninetales-Alola, L50, F|100\/100\n|-weather|Snow|[from] ability: Snow Warning|[of] p2b: Ninetales\n|turn|4\n|j| bluestraggler02\n|inactive|SnarkyShane has 30 seconds left.\n|\n|t:|1732382115\n|switch|p1a: Pelipper|Pelipper, L50, M|100\/100\n|-weather|RainDance|[from] ability: Drizzle|[of] p1a: Pelipper\n|-terastallize|p2a: Kommo-o|Steel\n|move|p2a: Kommo-o|Clanging Scales|p1a: Pelipper|[spread] p1a,p1b\n|-damage|p1a: Pelipper|0 fnt\n|-damage|p1b: Archaludon|0 fnt\n|faint|p1a: Pelipper\n|faint|p1b: Archaludon\n|-unboost|p2a: Kommo-o|def|1\n|move|p2b: Ninetales|Blizzard|p1: Pelipper|[notarget]\n|-fail|p2b: Ninetales\n|\n|-weather|RainDance|[upkeep]\n|upkeep\n|\n|t:|1732382131\n|switch|p1b: Farigiraf|Farigiraf, L50, F|8\/100 slp\n|switch|p1a: Palafin|Palafin-Hero, L50, F, tera:Water|41\/100\n|-activate|p1a: Palafin|ability: Zero to Hero\n|turn|5\n|\n|t:|1732382151\n|move|p2a: Kommo-o|Protect|p2a: Kommo-o\n|-singleturn|p2a: Kommo-o|Protect\n|move|p1a: Palafin|Jet Punch|p2b: Ninetales\n|-damage|p2b: Ninetales|0 fnt\n|faint|p2b: Ninetales\n|cant|p1b: Farigiraf|slp\n|\n|-weather|RainDance|[upkeep]\n|upkeep\n|\n|t:|1732382157\n|switch|p2b: Amoonguss|Amoonguss, L50, F|47\/100\n|turn|6\n|\n|t:|1732382173\n|move|p2b: Amoonguss|Rage Powder|p2b: Amoonguss\n|-singleturn|p2b: Amoonguss|move: Rage Powder\n|move|p1a: Palafin|Jet Punch|p2b: Amoonguss\n|-resisted|p2b: Amoonguss\n|-damage|p2b: Amoonguss|0 fnt\n|-damage|p1a: Palafin|24\/100|[from] item: Rocky Helmet|[of] p2b: Amoonguss\n|faint|p2b: Amoonguss\n|move|p2a: Kommo-o|Clanging Scales|p1b: Farigiraf|[spread] p1a,p1b\n|-damage|p1a: Palafin|0 fnt\n|-damage|p1b: Farigiraf|0 fnt\n|faint|p1a: Palafin\n|faint|p1b: Farigiraf\n|\n|win|SnarkyShane\n|raw|Djjwjwwjj's rating: 1767 &rarr; <strong>1744<\/strong><br \/>(-23 for losing)\n|raw|SnarkyShane's rating: 1717 &rarr; <strong>1740<\/strong><br \/>(+23 for winning)\n|l|\u2606Djjwjwwjj\n|player|p1|\n|l|\u2606SnarkyShane\n|player|p2|\n|l| Gambit the king\n|j| ilovemykittycat\n|l| ilovemykittycat\n|j| ilovemykittycat\n|l| ilovemykittycat\n","uploadtime":1732382352,"views":5,"formatid":"gen9vgc2024regh","rating":1740,"private":0,"password":null}