{"id":"gen9vgc2024regh-2249663881","format":"[Gen 9] VGC 2024 Reg H","players":["chin8","VGCLTH WitchMag"],"log":"|j|\u2606chin8\n|j|\u2606VGCLTH WitchMag\n|t:|1732383750\n|gametype|doubles\n|player|p1|chin8|gentleman-gen4dp|1769\n|player|p2|VGCLTH WitchMag|cynthia-masters|1728\n|teamsize|p1|6\n|teamsize|p2|6\n|gen|9\n|tier|[Gen 9] VGC 2024 Reg H\n|rated|\n|rule|Species Clause: Limit one of each Pok\u00e9mon\n|rule|Item Clause: Limit 1 of each item\n|clearpoke\n|poke|p1|Baxcalibur, L50, F|\n|poke|p1|Kilowattrel, L50, M|\n|poke|p1|Granbull, L50, F|\n|poke|p1|Gardevoir, L50, F|\n|poke|p1|Magmortar, L50, F|\n|poke|p1|Gholdengo, L50|\n|poke|p2|Glimmora, L50, F|\n|poke|p2|Gholdengo, L50|\n|poke|p2|Garchomp, L50, M|\n|poke|p2|Talonflame, L50, F|\n|poke|p2|Rillaboom, L50, M|\n|poke|p2|Annihilape, L50, F|\n|teampreview|4\n|\n|t:|1732383775\n|start\n|switch|p1a: Kilowattrel|Kilowattrel, L50, M|100\/100\n|switch|p1b: Granbull|Granbull, L50, F|100\/100\n|switch|p2a: Odysseus|Talonflame, L50, F|100\/100\n|switch|p2b: Penelope|Gholdengo, L50|100\/100\n|-ability|p1b: Granbull|Intimidate|boost\n|-unboost|p2a: Odysseus|atk|1\n|-unboost|p2b: Penelope|atk|1\n|turn|1\n|inactive|Battle timer is ON: inactive players will automatically lose when time's up. (requested by chin8)\n|\n|t:|1732383815\n|switch|p1b: Gholdengo|Gholdengo, L50|100\/100\n|-terastallize|p2b: Penelope|Steel\n|move|p2a: Odysseus|Tailwind|p2a: Odysseus\n|-sidestart|p2: VGCLTH WitchMag|move: Tailwind\n|move|p2b: Penelope|Make It Rain|p1b: Gholdengo|[spread] p1a,p1b\n|-resisted|p1a: Kilowattrel\n|-resisted|p1b: Gholdengo\n|-damage|p1a: Kilowattrel|7\/100\n|-damage|p1b: Gholdengo|54\/100\n|-unboost|p2b: Penelope|spa|1\n|move|p1a: Kilowattrel|Tailwind|p1a: Kilowattrel\n|-sidestart|p1: chin8|move: Tailwind\n|\n|-heal|p1b: Gholdengo|60\/100|[from] item: Leftovers\n|upkeep\n|turn|2\n|inactive|VGCLTH WitchMag has 30 seconds left.\n|\n|t:|1732383848\n|switch|p2b: Polyphemus|Rillaboom, L50, M|100\/100\n|-fieldstart|move: Grassy Terrain|[from] ability: Grassy Surge|[of] p2b: Polyphemus\n|move|p2a: Odysseus|Brave Bird|p1a: Kilowattrel\n|-resisted|p1a: Kilowattrel\n|-damage|p1a: Kilowattrel|0 fnt\n|faint|p1a: Kilowattrel\n|-damage|p2a: Odysseus|99\/100|[from] Recoil\n|move|p1b: Gholdengo|Shadow Ball|p2b: Polyphemus\n|-damage|p2b: Polyphemus|66\/100\n|\n|-heal|p2b: Polyphemus|72\/100|[from] Grassy Terrain\n|-heal|p1b: Gholdengo|66\/100|[from] Grassy Terrain\n|-heal|p1b: Gholdengo|72\/100|[from] item: Leftovers\n|upkeep\n|\n|t:|1732383855\n|switch|p1a: Granbull|Granbull, L50, F|100\/100\n|-ability|p1a: Granbull|Intimidate|boost\n|-unboost|p2a: Odysseus|atk|1\n|-unboost|p2b: Polyphemus|atk|1\n|turn|3\n|\n|t:|1732383866\n|switch|p1a: Baxcalibur|Baxcalibur, L50, F|100\/100\n|move|p2a: Odysseus|Will-O-Wisp|p1a: Baxcalibur\n|-immune|p1a: Baxcalibur|[from] ability: Thermal Exchange\n|move|p2b: Polyphemus|Knock Off|p1b: Gholdengo\n|-supereffective|p1b: Gholdengo\n|-damage|p1b: Gholdengo|24\/100\n|-enditem|p1b: Gholdengo|Leftovers|[from] move: Knock Off|[of] p2b: Polyphemus\n|move|p1b: Gholdengo|Nasty Plot|p1b: Gholdengo\n|-boost|p1b: Gholdengo|spa|2\n|\n|-heal|p2b: Polyphemus|78\/100|[from] Grassy Terrain\n|-heal|p1b: Gholdengo|30\/100|[from] Grassy Terrain\n|upkeep\n|turn|4\n|\n|t:|1732383880\n|move|p2b: Polyphemus|Grassy Glide|p1a: Baxcalibur\n|-resisted|p1a: Baxcalibur\n|-damage|p1a: Baxcalibur|89\/100\n|move|p2a: Odysseus|Brave Bird|p1a: Baxcalibur\n|-damage|p1a: Baxcalibur|65\/100\n|-damage|p2a: Odysseus|87\/100|[from] Recoil\n|move|p1b: Gholdengo|Shadow Ball|p2a: Odysseus\n|-damage|p2a: Odysseus|0 fnt\n|faint|p2a: Odysseus\n|move|p1a: Baxcalibur|Icicle Crash|p2b: Polyphemus\n|-supereffective|p2b: Polyphemus\n|-damage|p2b: Polyphemus|0 fnt\n|faint|p2b: Polyphemus\n|\n|-heal|p1b: Gholdengo|36\/100|[from] Grassy Terrain\n|-heal|p1a: Baxcalibur|71\/100|[from] Grassy Terrain\n|-sideend|p1: chin8|move: Tailwind\n|-sideend|p2: VGCLTH WitchMag|move: Tailwind\n|upkeep\n|\n|t:|1732383890\n|switch|p2a: Penelope|Gholdengo, L50, tera:Steel|100\/100\n|switch|p2b: Athena|Garchomp, L50, M|100\/100\n|turn|5\n|\n|t:|1732383900\n|switch|p1a: Granbull|Granbull, L50, F|100\/100\n|-ability|p1a: Granbull|Intimidate|boost\n|-unboost|p2a: Penelope|atk|1\n|-unboost|p2b: Athena|atk|1\n|move|p1b: Gholdengo|Protect|p1b: Gholdengo\n|-singleturn|p1b: Gholdengo|Protect\n|move|p2b: Athena|Stomping Tantrum|p1b: Gholdengo\n|-activate|p1b: Gholdengo|move: Protect\n|move|p2a: Penelope|Make It Rain|p1a: Granbull|[spread] p1a\n|-activate|p1b: Gholdengo|move: Protect\n|-supereffective|p1a: Granbull\n|-damage|p1a: Granbull|0 fnt\n|-unboost|p2a: Penelope|spa|1\n|faint|p1a: Granbull\n|\n|-heal|p1b: Gholdengo|42\/100|[from] Grassy Terrain\n|upkeep\n|\n|t:|1732383905\n|switch|p1a: Baxcalibur|Baxcalibur, L50, F|71\/100\n|turn|6\n|\n|t:|1732383920\n|-terastallize|p1a: Baxcalibur|Ground\n|move|p2b: Athena|Protect|p2b: Athena\n|-singleturn|p2b: Athena|Protect\n|move|p1a: Baxcalibur|Ice Shard|p2b: Athena\n|-activate|p2b: Athena|move: Protect\n|move|p2a: Penelope|Make It Rain|p1a: Baxcalibur|[spread] p1a,p1b\n|-resisted|p1b: Gholdengo\n|-damage|p1a: Baxcalibur|36\/100\n|-damage|p1b: Gholdengo|15\/100\n|-unboost|p2a: Penelope|spa|1\n|move|p1b: Gholdengo|Shadow Ball|p2a: Penelope\n|-damage|p2a: Penelope|0 fnt\n|faint|p2a: Penelope\n|\n|-heal|p1a: Baxcalibur|43\/100|[from] Grassy Terrain\n|-heal|p1b: Gholdengo|21\/100|[from] Grassy Terrain\n|-fieldend|move: Grassy Terrain\n|upkeep\n|turn|7\n|\n|t:|1732383928\n|move|p1a: Baxcalibur|Ice Shard|p2b: Athena\n|-supereffective|p2b: Athena\n|-damage|p2b: Athena|2\/100\n|move|p2b: Athena|Earthquake|p1b: Gholdengo|[spread] p1a,p1b\n|-crit|p1a: Baxcalibur\n|-supereffective|p1b: Gholdengo\n|-damage|p1a: Baxcalibur|0 fnt\n|-damage|p1b: Gholdengo|0 fnt\n|faint|p1a: Baxcalibur\n|faint|p1b: Gholdengo\n|-damage|p2b: Athena|0 fnt|[from] item: Life Orb\n|faint|p2b: Athena\n|\n|win|VGCLTH WitchMag\n|raw|chin8's rating: 1769 &rarr; <strong>1747<\/strong><br \/>(-22 for losing)\n|raw|VGCLTH WitchMag's rating: 1740 &rarr; <strong>1762<\/strong><br \/>(+22 for winning)\n|l|\u2606chin8\n|player|p1|\n|l|\u2606VGCLTH WitchMag\n|player|p2|\n","uploadtime":1732384069,"views":5,"formatid":"gen9vgc2024regh","rating":1747,"private":0,"password":null}