{"id":"gen9vgc2024regh-2249157042","format":"[Gen 9] VGC 2024 Reg H","players":["juacox300","Zordor"],"log":"|j|\u2606juacox300\n|j|\u2606Zordor\n|t:|1732305474\n|gametype|doubles\n|player|p1|juacox300|unknown|1821\n|player|p2|Zordor|pilot|1826\n|teamsize|p1|6\n|teamsize|p2|6\n|gen|9\n|tier|[Gen 9] VGC 2024 Reg H\n|rated|\n|rule|Species Clause: Limit one of each Pok\u00e9mon\n|rule|Item Clause: Limit 1 of each item\n|clearpoke\n|poke|p1|Ursaluna, L50, F|\n|poke|p1|Murkrow, L50, M|\n|poke|p1|Sneasler, L50, M|\n|poke|p1|Indeedee, L50, M|\n|poke|p1|Archaludon, L50, M|\n|poke|p1|Incineroar, L50, F|\n|poke|p2|Rotom-Wash, L50|\n|poke|p2|Sneasler, L50, F|\n|poke|p2|Armarouge, L50, M|\n|poke|p2|Venusaur, L50, M|\n|poke|p2|Scizor, L50, F|\n|poke|p2|Dragapult, L50, M|\n|teampreview|4\n|\n|t:|1732305514\n|start\n|switch|p1a: Tommau|Sneasler, L50, M|100\/100\n|switch|p1b: Alfred|Indeedee, L50, M, shiny|100\/100\n|switch|p2a: Sneasler|Sneasler, L50, F|100\/100\n|switch|p2b: Armarouge|Armarouge, L50, M|100\/100\n|-fieldstart|move: Psychic Terrain|[from] ability: Psychic Surge|[of] p1b: Alfred\n|-enditem|p1a: Tommau|Psychic Seed\n|-boost|p1a: Tommau|spd|1|[from] item: Psychic Seed\n|turn|1\n|\n|t:|1732305527\n|-terastallize|p1a: Tommau|Flying\n|move|p2b: Armarouge|Protect|p2b: Armarouge\n|-singleturn|p2b: Armarouge|Protect\n|move|p1a: Tommau|Dire Claw|p2a: Sneasler\n|-resisted|p2a: Sneasler\n|-damage|p2a: Sneasler|65\/100\n|-status|p2a: Sneasler|par\n|move|p1b: Alfred|Expanding Force|p2a: Sneasler|[spread] p2a\n|-activate|p2b: Armarouge|move: Protect\n|-supereffective|p2a: Sneasler\n|-damage|p2a: Sneasler|0 fnt\n|faint|p2a: Sneasler\n|\n|upkeep\n|\n|t:|1732305557\n|switch|p2a: Dragapult|Dragapult, L50, M|100\/100\n|turn|2\n|j| Therazer456\n|\n|t:|1732305585\n|move|p1a: Tommau|Throat Chop|p2a: Dragapult\n|-supereffective|p2a: Dragapult\n|-damage|p2a: Dragapult|31\/100\n|-start|p2a: Dragapult|Throat Chop|[silent]\n|move|p1b: Alfred|Expanding Force|p2a: Dragapult|[spread] p2a,p2b\n|-resisted|p2b: Armarouge\n|-damage|p2a: Dragapult|0 fnt\n|-damage|p2b: Armarouge|71\/100\n|faint|p2a: Dragapult\n|move|p2b: Armarouge|Heat Wave|p1b: Alfred|[spread] p1a,p1b\n|-damage|p1a: Tommau|69\/100\n|-damage|p1b: Alfred|55\/100\n|\n|upkeep\n|\n|t:|1732305594\n|switch|p2a: Rotom|Rotom-Wash, L50|100\/100\n|turn|3\n|\n|t:|1732305606\n|-terastallize|p2b: Armarouge|Dark\n|move|p2a: Rotom|Protect|p2a: Rotom\n|-singleturn|p2a: Rotom|Protect\n|move|p1a: Tommau|Dire Claw|p2a: Rotom\n|-activate|p2a: Rotom|move: Protect\n|move|p1b: Alfred|Expanding Force|p2b: Armarouge|[spread] \n|-activate|p2a: Rotom|move: Protect\n|-immune|p2b: Armarouge\n|move|p2b: Armarouge|Meteor Beam||[still]\n|-prepare|p2b: Armarouge|Meteor Beam\n|-boost|p2b: Armarouge|spa|1\n|-enditem|p2b: Armarouge|Power Herb\n|-anim|p2b: Armarouge|Meteor Beam|p1a: Tommau\n|-supereffective|p1a: Tommau\n|-damage|p1a: Tommau|0 fnt\n|faint|p1a: Tommau\n|\n|upkeep\n|\n|t:|1732305621\n|switch|p1a: Archaludon|Archaludon, L50, M, shiny|100\/100\n|turn|4\n|\n|t:|1732305647\n|switch|p1b: Incineroar|Incineroar, L50, F|100\/100\n|-ability|p1b: Incineroar|Intimidate|boost\n|-unboost|p2a: Rotom|atk|1\n|-unboost|p2b: Armarouge|atk|1\n|move|p2b: Armarouge|Protect|p2b: Armarouge\n|-singleturn|p2b: Armarouge|Protect\n|move|p2a: Rotom|Electroweb|p1a: Archaludon|[spread] p1a,p1b\n|-resisted|p1a: Archaludon\n|-crit|p1b: Incineroar\n|-damage|p1a: Archaludon|91\/100\n|-damage|p1b: Incineroar|86\/100\n|-unboost|p1a: Archaludon|spe|1\n|-unboost|p1b: Incineroar|spe|1\n|-ability|p1a: Archaludon|Stamina|boost\n|-boost|p1a: Archaludon|def|1\n|move|p1a: Archaludon|Electro Shot||[still]\n|-prepare|p1a: Archaludon|Electro Shot\n|-boost|p1a: Archaludon|spa|1\n|-enditem|p1a: Archaludon|Power Herb\n|-anim|p1a: Archaludon|Electro Shot|p2a: Rotom\n|-damage|p2a: Rotom|29\/100\n|\n|upkeep\n|turn|5\n|\n|t:|1732305667\n|move|p2a: Rotom|Protect|p2a: Rotom\n|-singleturn|p2a: Rotom|Protect\n|move|p1a: Archaludon|Protect|p1a: Archaludon\n|-singleturn|p1a: Archaludon|Protect\n|move|p2b: Armarouge|Heat Wave|p1b: Incineroar|[spread] \n|-activate|p1a: Archaludon|move: Protect\n|-miss|p2b: Armarouge|p1b: Incineroar\n|move|p1b: Incineroar|Knock Off|p2a: Rotom\n|-activate|p2a: Rotom|move: Protect\n|\n|-fieldend|move: Psychic Terrain\n|upkeep\n|turn|6\n|\n|t:|1732305678\n|move|p2a: Rotom|Hydro Pump|p1b: Incineroar|[miss]\n|-miss|p2a: Rotom|p1b: Incineroar\n|move|p2b: Armarouge|Heat Wave|p1b: Incineroar|[spread] p1b\n|-miss|p2b: Armarouge|p1a: Archaludon\n|-resisted|p1b: Incineroar\n|-damage|p1b: Incineroar|72\/100\n|move|p1a: Archaludon|Draco Meteor|p2b: Armarouge|[miss]\n|-miss|p1a: Archaludon|p2b: Armarouge\n|move|p1b: Incineroar|Knock Off|p2a: Rotom\n|-damage|p2a: Rotom|0 fnt\n|-enditem|p2a: Rotom|Safety Goggles|[from] move: Knock Off|[of] p1b: Incineroar\n|faint|p2a: Rotom\n|\n|upkeep\n|turn|7\n|\n|t:|1732305689\n|move|p2b: Armarouge|Heat Wave|p1b: Incineroar|[spread] p1a,p1b\n|-crit|p1a: Archaludon\n|-resisted|p1b: Incineroar\n|-damage|p1a: Archaludon|0 fnt\n|-damage|p1b: Incineroar|57\/100\n|faint|p1a: Archaludon\n|move|p1b: Incineroar|U-turn|p2b: Armarouge\n|-supereffective|p2b: Armarouge\n|-damage|p2b: Armarouge|27\/100\n|\n|t:|1732305695\n|switch|p1b: Alfred|Indeedee, L50, M, shiny|55\/100|[from] U-turn\n|-fieldstart|move: Psychic Terrain|[from] ability: Psychic Surge|[of] p1b: Alfred\n|\n|upkeep\n|\n|t:|1732305697\n|switch|p1a: Incineroar|Incineroar, L50, F|57\/100\n|-ability|p1a: Incineroar|Intimidate|boost\n|-unboost|p2b: Armarouge|atk|1\n|turn|8\n|\n|t:|1732305701\n|move|p1b: Alfred|Tera Blast|p2b: Armarouge\n|-damage|p2b: Armarouge|0 fnt\n|faint|p2b: Armarouge\n|\n|win|juacox300\n|raw|juacox300's rating: 1821 &rarr; <strong>1841<\/strong><br \/>(+20 for winning)\n|raw|Zordor's rating: 1826 &rarr; <strong>1806<\/strong><br \/>(-20 for losing)\n|l|\u2606Zordor\n|player|p2|\n|l|\u2606juacox300\n|player|p1|\n|l| Therazer456\n","uploadtime":1732305704,"views":106,"formatid":"gen9vgc2024regh","rating":1806,"private":0,"password":null}