{"id":"gen9vgc2024regh-2249661778","format":"[Gen 9] VGC 2024 Reg H","players":["qiyeO.o","chin8"],"log":"|j|\u2606qiyeO.o\n|j|\u2606chin8\n|t:|1732383479\n|gametype|doubles\n|player|p1|qiyeO.o|nancy|1819\n|player|p2|chin8|gentleman-gen4dp|1787\n|teamsize|p1|6\n|teamsize|p2|6\n|gen|9\n|tier|[Gen 9] VGC 2024 Reg H\n|rated|\n|rule|Species Clause: Limit one of each Pok\u00e9mon\n|rule|Item Clause: Limit 1 of each item\n|clearpoke\n|poke|p1|Dragonite, L50, F|\n|poke|p1|Gholdengo, L50|\n|poke|p1|Kingambit, L50, M|\n|poke|p1|Primarina, L50, F|\n|poke|p1|Rillaboom, L50, F|\n|poke|p1|Archaludon, L50, F|\n|poke|p2|Baxcalibur, L50, F|\n|poke|p2|Kilowattrel, L50, M|\n|poke|p2|Granbull, L50, F|\n|poke|p2|Gardevoir, L50, F|\n|poke|p2|Magmortar, L50, F|\n|poke|p2|Gholdengo, L50|\n|teampreview|4\n|inactive|Battle timer is ON: inactive players will automatically lose when time's up. (requested by chin8)\n|\n|t:|1732383511\n|start\n|switch|p1a: \u5976\u5976\u7684\u9f99|Dragonite, L50, F|100\/100\n|switch|p1b: \u5bcc\u5bcc\u7684\u8c6a|Gholdengo, L50|100\/100\n|switch|p2a: Gholdengo|Gholdengo, L50|100\/100\n|switch|p2b: Magmortar|Magmortar, L50, F|100\/100\n|turn|1\n|inactive|qiyeO.o has 30 seconds left.\n|inactive|chin8 has 30 seconds left.\n|inactive|qiyeO.o has 20 seconds left.\n|\n|t:|1732383547\n|switch|p1b: \u897f\u897f\u7684\u65bd|Primarina, L50, F, shiny|100\/100\n|move|p2b: Magmortar|Follow Me|p2b: Magmortar\n|-singleturn|p2b: Magmortar|move: Follow Me\n|move|p1a: \u5976\u5976\u7684\u9f99|Scale Shot|p2b: Magmortar\n|-damage|p2b: Magmortar|86\/100\n|-damage|p2b: Magmortar|71\/100\n|-damage|p2b: Magmortar|55\/100\n|-damage|p2b: Magmortar|39\/100\n|-enditem|p2b: Magmortar|Sitrus Berry|[eat]\n|-heal|p2b: Magmortar|64\/100|[from] item: Sitrus Berry\n|-hitcount|p2b: Magmortar|4\n|-unboost|p1a: \u5976\u5976\u7684\u9f99|def|1\n|-boost|p1a: \u5976\u5976\u7684\u9f99|spe|1\n|move|p2a: Gholdengo|Nasty Plot|p2a: Gholdengo\n|-boost|p2a: Gholdengo|spa|2\n|\n|upkeep\n|turn|2\n|inactive|qiyeO.o has 30 seconds left.\n|\n|t:|1732383575\n|move|p1a: \u5976\u5976\u7684\u9f99|Scale Shot|p2b: Magmortar\n|-damage|p2b: Magmortar|47\/100\n|-damage|p2b: Magmortar|32\/100\n|-damage|p2b: Magmortar|17\/100\n|-damage|p2b: Magmortar|2\/100\n|-hitcount|p2b: Magmortar|4\n|-unboost|p1a: \u5976\u5976\u7684\u9f99|def|1\n|-boost|p1a: \u5976\u5976\u7684\u9f99|spe|1\n|move|p2a: Gholdengo|Nasty Plot|p2a: Gholdengo\n|-boost|p2a: Gholdengo|spa|2\n|move|p2b: Magmortar|Taunt|p1a: \u5976\u5976\u7684\u9f99\n|-start|p1a: \u5976\u5976\u7684\u9f99|move: Taunt\n|move|p1b: \u897f\u897f\u7684\u65bd|Hyper Voice|p2a: Gholdengo|[spread] p2a,p2b\n|-crit|p2a: Gholdengo\n|-supereffective|p2b: Magmortar\n|-damage|p2a: Gholdengo|54\/100\n|-damage|p2b: Magmortar|0 fnt\n|faint|p2b: Magmortar\n|\n|-heal|p2a: Gholdengo|60\/100|[from] item: Leftovers\n|upkeep\n|\n|t:|1732383579\n|switch|p2b: Granbull|Granbull, L50, F|100\/100\n|-ability|p2b: Granbull|Intimidate|boost\n|-unboost|p1a: \u5976\u5976\u7684\u9f99|atk|1\n|-unboost|p1b: \u897f\u897f\u7684\u65bd|atk|1\n|turn|3\n|\n|t:|1732383602\n|move|p1b: \u897f\u897f\u7684\u65bd|Protect|p1b: \u897f\u897f\u7684\u65bd\n|-singleturn|p1b: \u897f\u897f\u7684\u65bd|Protect\n|move|p1a: \u5976\u5976\u7684\u9f99|Stomping Tantrum|p2a: Gholdengo\n|-supereffective|p2a: Gholdengo\n|-damage|p2a: Gholdengo|24\/100\n|move|p2a: Gholdengo|Make It Rain|p1b: \u897f\u897f\u7684\u65bd|[spread] p1a\n|-activate|p1b: \u897f\u897f\u7684\u65bd|move: Protect\n|-damage|p1a: \u5976\u5976\u7684\u9f99|21\/100\n|-unboost|p2a: Gholdengo|spa|1\n|move|p2b: Granbull|Play Rough|p1a: \u5976\u5976\u7684\u9f99\n|-supereffective|p1a: \u5976\u5976\u7684\u9f99\n|-damage|p1a: \u5976\u5976\u7684\u9f99|0 fnt\n|faint|p1a: \u5976\u5976\u7684\u9f99\n|\n|-heal|p2a: Gholdengo|30\/100|[from] item: Leftovers\n|upkeep\n|j| Te sang hyeok\n|\n|t:|1732383609\n|switch|p1a: \u5bcc\u5bcc\u7684\u8c6a|Gholdengo, L50|100\/100\n|turn|4\n|inactive|qiyeO.o has 30 seconds left.\n|\n|t:|1732383637\n|-terastallize|p1a: \u5bcc\u5bcc\u7684\u8c6a|Steel\n|move|p2a: Gholdengo|Protect|p2a: Gholdengo\n|-singleturn|p2a: Gholdengo|Protect\n|move|p1a: \u5bcc\u5bcc\u7684\u8c6a|Shadow Ball|p2a: Gholdengo\n|-activate|p2a: Gholdengo|move: Protect\n|move|p2b: Granbull|Encore|p1b: \u897f\u897f\u7684\u65bd\n|-start|p1b: \u897f\u897f\u7684\u65bd|Encore\n|move|p1b: \u897f\u897f\u7684\u65bd|Protect||[still]\n|-fail|p1b: \u897f\u897f\u7684\u65bd\n|\n|-heal|p2a: Gholdengo|37\/100|[from] item: Leftovers\n|upkeep\n|turn|5\n|l| Te sang hyeok\n|\n|t:|1732383657\n|switch|p1b: \u5927\u5927\u7684\u5c06|Kingambit, L50, M|100\/100\n|move|p1a: \u5bcc\u5bcc\u7684\u8c6a|Shadow Ball|p2a: Gholdengo\n|-supereffective|p2a: Gholdengo\n|-damage|p2a: Gholdengo|0 fnt\n|faint|p2a: Gholdengo\n|move|p2b: Granbull|Close Combat|p1a: \u5bcc\u5bcc\u7684\u8c6a\n|-supereffective|p1a: \u5bcc\u5bcc\u7684\u8c6a\n|-damage|p1a: \u5bcc\u5bcc\u7684\u8c6a|27\/100\n|-unboost|p2b: Granbull|def|1\n|-unboost|p2b: Granbull|spd|1\n|\n|upkeep\n|\n|t:|1732383660\n|switch|p2a: Baxcalibur|Baxcalibur, L50, F|100\/100\n|turn|6\n|inactive|qiyeO.o has 30 seconds left.\n|\n|t:|1732383686\n|switch|p1a: \u897f\u897f\u7684\u65bd|Primarina, L50, F, shiny|100\/100\n|-terastallize|p2a: Baxcalibur|Ground\n|move|p2b: Granbull|Protect|p2b: Granbull\n|-singleturn|p2b: Granbull|Protect\n|move|p2a: Baxcalibur|Earthquake|p1b: \u5927\u5927\u7684\u5c06|[spread] p1a,p1b\n|-activate|p2b: Granbull|move: Protect\n|-supereffective|p1b: \u5927\u5927\u7684\u5c06\n|-damage|p1a: \u897f\u897f\u7684\u65bd|47\/100\n|-damage|p1b: \u5927\u5927\u7684\u5c06|18\/100\n|-enditem|p1a: \u897f\u897f\u7684\u65bd|Sitrus Berry|[eat]\n|-heal|p1a: \u897f\u897f\u7684\u65bd|72\/100|[from] item: Sitrus Berry\n|move|p1b: \u5927\u5927\u7684\u5c06|Low Kick|p2a: Baxcalibur\n|-damage|p2a: Baxcalibur|55\/100\n|\n|upkeep\n|turn|7\n|inactive|chin8 has 30 seconds left.\n|inactive|chin8 has 20 seconds left.\n|inactive|chin8 has 15 seconds left.\n|\n|t:|1732383728\n|move|p1a: \u897f\u897f\u7684\u65bd|Protect|p1a: \u897f\u897f\u7684\u65bd\n|-singleturn|p1a: \u897f\u897f\u7684\u65bd|Protect\n|move|p1b: \u5927\u5927\u7684\u5c06|Sucker Punch|p2a: Baxcalibur\n|-damage|p2a: Baxcalibur|16\/100\n|move|p2a: Baxcalibur|Icicle Crash|p1a: \u897f\u897f\u7684\u65bd\n|-activate|p1a: \u897f\u897f\u7684\u65bd|move: Protect\n|move|p2b: Granbull|Play Rough|p1a: \u897f\u897f\u7684\u65bd\n|-activate|p1a: \u897f\u897f\u7684\u65bd|move: Protect\n|\n|upkeep\n|turn|8\n|\n|t:|1732383742\n|move|p2a: Baxcalibur|Ice Shard|p1b: \u5927\u5927\u7684\u5c06\n|-resisted|p1b: \u5927\u5927\u7684\u5c06\n|-damage|p1b: \u5927\u5927\u7684\u5c06|8\/100\n|move|p1b: \u5927\u5927\u7684\u5c06|Sucker Punch||[still]\n|-fail|p1b: \u5927\u5927\u7684\u5c06\n|move|p2b: Granbull|Close Combat|p1a: \u897f\u897f\u7684\u65bd\n|-resisted|p1a: \u897f\u897f\u7684\u65bd\n|-damage|p1a: \u897f\u897f\u7684\u65bd|51\/100\n|-unboost|p2b: Granbull|def|1\n|-unboost|p2b: Granbull|spd|1\n|move|p1a: \u897f\u897f\u7684\u65bd|Moonblast|p2b: Granbull\n|-damage|p2b: Granbull|0 fnt\n|faint|p2b: Granbull\n|\n|upkeep\n|turn|9\n|-message|chin8 forfeited.\n|\n|win|qiyeO.o\n|raw|qiyeO.o's rating: 1819 &rarr; <strong>1837<\/strong><br \/>(+18 for winning)\n|raw|chin8's rating: 1787 &rarr; <strong>1769<\/strong><br \/>(-18 for losing)\n|l|\u2606chin8\n|player|p2|\n|l|\u2606qiyeO.o\n|player|p1|\n","uploadtime":1732383926,"views":36,"formatid":"gen9vgc2024regh","rating":1769,"private":0,"password":null}