{"id":"gen9vgc2024regh-2249703659","format":"[Gen 9] VGC 2024 Reg H","players":["Celestia74","VGCLTH skibidi"],"log":"|raw|<div class=\"broadcast-blue\"><strong>This battle is required to be public due to a player having a name starting with 'vgclth'.<\/div>\n|j|\u2606Celestia74\n|j|\u2606VGCLTH skibidi\n|t:|1732388834\n|gametype|doubles\n|player|p1|Celestia74|mai|1755\n|player|p2|VGCLTH skibidi|piers-masters|1861\n|teamsize|p1|6\n|teamsize|p2|6\n|gen|9\n|tier|[Gen 9] VGC 2024 Reg H\n|rated|\n|rule|Species Clause: Limit one of each Pok\u00e9mon\n|rule|Item Clause: Limit 1 of each item\n|clearpoke\n|poke|p1|Sneasel-Hisui, L50, M|\n|poke|p1|Kingambit, L50, F|\n|poke|p1|Primarina, L50, F|\n|poke|p1|Rillaboom, L50, F|\n|poke|p1|Ceruledge, L50, F|\n|poke|p1|Indeedee, L50, M|\n|poke|p2|Ceruledge, L50, M|\n|poke|p2|Gastrodon-East, L50, M|\n|poke|p2|Sneasler, L50, M|\n|poke|p2|Kingambit, L50, M|\n|poke|p2|Rillaboom, L50, M|\n|poke|p2|Dragonite, L50, M|\n|teampreview|4\n|inactive|Battle timer is ON: inactive players will automatically lose when time's up. (requested by VGCLTH skibidi)\n|inactive|Celestia74 also wants the timer to be on.\n|\n|t:|1732388859\n|start\n|switch|p1a: Rillaboom|Rillaboom, L50, F|100\/100\n|switch|p1b: Ceruledge|Ceruledge, L50, F, shiny|100\/100\n|switch|p2a: Let's go gambling|Sneasler, L50, M|100\/100\n|switch|p2b: Imagine I miss lol|Dragonite, L50, M|100\/100\n|-fieldstart|move: Grassy Terrain|[from] ability: Grassy Surge|[of] p1a: Rillaboom\n|turn|1\n|\n|t:|1732388865\n|move|p2a: Let's go gambling|Fake Out|p1a: Rillaboom\n|-damage|p1a: Rillaboom|88\/100\n|cant|p1a: Rillaboom|flinch\n|move|p2b: Imagine I miss lol|Scale Shot|p1a: Rillaboom\n|-damage|p1a: Rillaboom|76\/100\n|-damage|p1a: Rillaboom|63\/100\n|-damage|p1a: Rillaboom|51\/100\n|-damage|p1a: Rillaboom|39\/100\n|-enditem|p1a: Rillaboom|Sitrus Berry|[eat]\n|-heal|p1a: Rillaboom|63\/100|[from] item: Sitrus Berry\n|-hitcount|p1a: Rillaboom|4\n|-unboost|p2b: Imagine I miss lol|def|1\n|-boost|p2b: Imagine I miss lol|spe|1\n|move|p1b: Ceruledge|Will-O-Wisp|p2b: Imagine I miss lol\n|-status|p2b: Imagine I miss lol|brn\n|\n|-heal|p1a: Rillaboom|69\/100|[from] Grassy Terrain\n|-damage|p2b: Imagine I miss lol|95\/100 brn|[from] brn\n|upkeep\n|turn|2\n|\n|t:|1732388879\n|move|p1a: Rillaboom|Protect|p1a: Rillaboom\n|-singleturn|p1a: Rillaboom|Protect\n|move|p2b: Imagine I miss lol|Scale Shot|p1b: Ceruledge\n|-damage|p1b: Ceruledge|93\/100\n|-damage|p1b: Ceruledge|86\/100\n|-crit|p1b: Ceruledge\n|-damage|p1b: Ceruledge|77\/100\n|-damage|p1b: Ceruledge|70\/100\n|-damage|p1b: Ceruledge|63\/100\n|-hitcount|p1b: Ceruledge|5\n|-unboost|p2b: Imagine I miss lol|def|1\n|-boost|p2b: Imagine I miss lol|spe|1\n|move|p2a: Let's go gambling|Dire Claw|p1a: Rillaboom\n|-activate|p1a: Rillaboom|move: Protect\n|move|p1b: Ceruledge|Bitter Blade|p2a: Let's go gambling\n|-damage|p2a: Let's go gambling|26\/100\n|-heal|p1b: Ceruledge|97\/100|[from] drain|[of] p2a: Let's go gambling\n|\n|-heal|p2a: Let's go gambling|32\/100|[from] Grassy Terrain\n|-heal|p1a: Rillaboom|75\/100|[from] Grassy Terrain\n|-heal|p1b: Ceruledge|100\/100|[from] Grassy Terrain\n|-damage|p2b: Imagine I miss lol|89\/100 brn|[from] brn\n|upkeep\n|turn|3\n|\n|t:|1732388891\n|move|p2b: Imagine I miss lol|Scale Shot|p1b: Ceruledge\n|-damage|p1b: Ceruledge|93\/100\n|-damage|p1b: Ceruledge|87\/100\n|-damage|p1b: Ceruledge|81\/100\n|-damage|p1b: Ceruledge|75\/100\n|-hitcount|p1b: Ceruledge|4\n|-unboost|p2b: Imagine I miss lol|def|1\n|-boost|p2b: Imagine I miss lol|spe|1\n|move|p2a: Let's go gambling|Dire Claw|p1a: Rillaboom\n|-supereffective|p1a: Rillaboom\n|-damage|p1a: Rillaboom|5\/100\n|-status|p1a: Rillaboom|psn\n|move|p1a: Rillaboom|Drum Beating|p2b: Imagine I miss lol\n|-resisted|p2b: Imagine I miss lol\n|-damage|p2b: Imagine I miss lol|62\/100 brn\n|-unboost|p2b: Imagine I miss lol|spe|1\n|move|p1b: Ceruledge|Bitter Blade|p2b: Imagine I miss lol\n|-resisted|p2b: Imagine I miss lol\n|-damage|p2b: Imagine I miss lol|5\/100 brn\n|-heal|p1b: Ceruledge|100\/100|[from] drain|[of] p2b: Imagine I miss lol\n|\n|-heal|p2a: Let's go gambling|38\/100|[from] Grassy Terrain\n|-heal|p1a: Rillaboom|11\/100 psn|[from] Grassy Terrain\n|-damage|p1a: Rillaboom|0 fnt|[from] psn\n|faint|p1a: Rillaboom\n|-damage|p2b: Imagine I miss lol|0 fnt|[from] brn\n|faint|p2b: Imagine I miss lol\n|upkeep\n|inactive|Celestia74 has 30 seconds left.\n|\n|t:|1732388917\n|switch|p2b: Godlyreal|Kingambit, L50, M|100\/100\n|switch|p1a: Primarina|Primarina, L50, F|100\/100\n|turn|4\n|\n|t:|1732388932\n|-terastallize|p1b: Ceruledge|Flying\n|-terastallize|p2b: Godlyreal|Flying\n|move|p1a: Primarina|Protect|p1a: Primarina\n|-singleturn|p1a: Primarina|Protect\n|move|p2a: Let's go gambling|Coaching|p2b: Godlyreal\n|-boost|p2b: Godlyreal|atk|1\n|-boost|p2b: Godlyreal|def|1\n|move|p1b: Ceruledge|Will-O-Wisp|p2b: Godlyreal\n|-status|p2b: Godlyreal|brn\n|move|p2b: Godlyreal|Kowtow Cleave|p1b: Ceruledge\n|-damage|p1b: Ceruledge|67\/100\n|\n|-heal|p2a: Let's go gambling|44\/100|[from] Grassy Terrain\n|-heal|p1b: Ceruledge|73\/100|[from] item: Leftovers\n|-damage|p2b: Godlyreal|95\/100 brn|[from] brn\n|upkeep\n|turn|5\n|\n|t:|1732388944\n|move|p2a: Let's go gambling|Dire Claw|p1a: Primarina\n|-supereffective|p1a: Primarina\n|-damage|p1a: Primarina|30\/100\n|move|p1b: Ceruledge|Bitter Blade|p2b: Godlyreal\n|-damage|p2b: Godlyreal|72\/100 brn\n|-heal|p1b: Ceruledge|86\/100|[from] drain|[of] p2b: Godlyreal\n|move|p1a: Primarina|Haze|p1a: Primarina\n|-clearallboost\n|move|p2b: Godlyreal|Kowtow Cleave|p1b: Ceruledge\n|-damage|p1b: Ceruledge|66\/100\n|\n|-heal|p2a: Let's go gambling|50\/100|[from] Grassy Terrain\n|-heal|p1b: Ceruledge|72\/100|[from] item: Leftovers\n|-heal|p1a: Primarina|35\/100|[from] Grassy Terrain\n|-damage|p2b: Godlyreal|66\/100 brn|[from] brn\n|-fieldend|move: Grassy Terrain\n|upkeep\n|turn|6\n|j| Staraptor44\n|j| VGCLTH R0gue\n|\n|t:|1732388959\n|move|p1a: Primarina|Protect|p1a: Primarina\n|-singleturn|p1a: Primarina|Protect\n|move|p2a: Let's go gambling|Dire Claw|p1b: Ceruledge\n|-damage|p1b: Ceruledge|36\/100\n|move|p1b: Ceruledge|Bitter Blade|p2b: Godlyreal\n|-damage|p2b: Godlyreal|37\/100 brn\n|-heal|p1b: Ceruledge|53\/100|[from] drain|[of] p2b: Godlyreal\n|move|p2b: Godlyreal|Kowtow Cleave|p1b: Ceruledge\n|-damage|p1b: Ceruledge|32\/100\n|\n|-heal|p1b: Ceruledge|38\/100|[from] item: Leftovers\n|-damage|p2b: Godlyreal|31\/100 brn|[from] brn\n|upkeep\n|turn|7\n|\n|t:|1732388969\n|move|p1b: Ceruledge|Protect|p1b: Ceruledge\n|-singleturn|p1b: Ceruledge|Protect\n|move|p2a: Let's go gambling|Dire Claw|p1a: Primarina\n|-supereffective|p1a: Primarina\n|-damage|p1a: Primarina|0 fnt\n|faint|p1a: Primarina\n|move|p2b: Godlyreal|Kowtow Cleave|p1b: Ceruledge\n|-activate|p1b: Ceruledge|move: Protect\n|\n|-heal|p1b: Ceruledge|44\/100|[from] item: Leftovers\n|-damage|p2b: Godlyreal|25\/100 brn|[from] brn\n|upkeep\n|\n|t:|1732388971\n|switch|p1a: Indeedee|Indeedee, L50, M|100\/100\n|-fieldstart|move: Psychic Terrain|[from] ability: Psychic Surge|[of] p1a: Indeedee\n|turn|8\n|\n|t:|1732388980\n|move|p2b: Godlyreal|Sucker Punch|p1b: Ceruledge\n|-hint|Psychic Terrain doesn't affect Pok\u00e9mon immune to Ground.\n|-damage|p1b: Ceruledge|27\/100\n|move|p1a: Indeedee|Expanding Force|p2a: Let's go gambling|[spread] p2a,p2b\n|-supereffective|p2a: Let's go gambling\n|-damage|p2a: Let's go gambling|0 fnt\n|-damage|p2b: Godlyreal|0 fnt\n|faint|p2a: Let's go gambling\n|faint|p2b: Godlyreal\n|move|p1b: Ceruledge|Bitter Blade|p2: Let's go gambling|[notarget]\n|-fail|p1b: Ceruledge\n|\n|-heal|p1b: Ceruledge|32\/100|[from] item: Leftovers\n|upkeep\n|\n|t:|1732388984\n|switch|p2b: Rizzler|Rillaboom, L50, M|100\/100\n|-fieldstart|move: Grassy Terrain|[from] ability: Grassy Surge|[of] p2b: Rizzler\n|turn|9\n|\n|t:|1732388989\n|move|p1a: Indeedee|Expanding Force|p2b: Rizzler\n|-damage|p2b: Rizzler|52\/100\n|move|p2b: Rizzler|Wood Hammer|p1b: Ceruledge\n|-resisted|p1b: Ceruledge\n|-damage|p1b: Ceruledge|0 fnt\n|faint|p1b: Ceruledge\n|-damage|p2b: Rizzler|42\/100|[from] Recoil\n|\n|-heal|p2b: Rizzler|49\/100|[from] Grassy Terrain\n|upkeep\n|turn|10\n|\n|t:|1732388995\n|move|p2b: Rizzler|Grassy Glide|p1a: Indeedee\n|-damage|p1a: Indeedee|10\/100\n|move|p1a: Indeedee|Expanding Force|p2b: Rizzler\n|-damage|p2b: Rizzler|2\/100\n|\n|-heal|p1a: Indeedee|16\/100|[from] Grassy Terrain\n|-heal|p2b: Rizzler|8\/100|[from] Grassy Terrain\n|upkeep\n|turn|11\n|\n|t:|1732388999\n|move|p2b: Rizzler|Grassy Glide|p1a: Indeedee\n|-damage|p1a: Indeedee|0 fnt\n|faint|p1a: Indeedee\n|\n|win|VGCLTH skibidi\n|raw|Celestia74's rating: 1755 &rarr; <strong>1741<\/strong><br \/>(-14 for losing)\n|raw|VGCLTH skibidi's rating: 1861 &rarr; <strong>1875<\/strong><br \/>(+14 for winning)\n|l|\u2606VGCLTH skibidi\n|player|p2|\n|l|\u2606Celestia74\n|player|p1|\n|l| Staraptor44\n|l| VGCLTH R0gue\n|j| UGCL\n|l| UGCL\n","uploadtime":1732389212,"views":15,"formatid":"gen9vgc2024regh","rating":1741,"private":0,"password":null}