{"id":"gen9vgc2024regh-2249828936","format":"[Gen 9] VGC 2024 Reg H","players":["actuary97","infinitygroudon"],"log":"|j|\u2606actuary97\n|j|\u2606infinitygroudon\n|t:|1732404564\n|gametype|doubles\n|player|p1|actuary97|sabrina-frlg|1726\n|player|p2|infinitygroudon|2|1687\n|teamsize|p1|6\n|teamsize|p2|6\n|gen|9\n|tier|[Gen 9] VGC 2024 Reg H\n|rated|\n|rule|Species Clause: Limit one of each Pok\u00e9mon\n|rule|Item Clause: Limit 1 of each item\n|clearpoke\n|poke|p1|Whimsicott, L50, F|\n|poke|p1|Gallade, L50, M|\n|poke|p1|Archaludon, L50, F|\n|poke|p1|Malamar, L50, F|\n|poke|p1|Indeedee, L50, M|\n|poke|p1|Drifblim, L50, M|\n|poke|p2|Krookodile, L50, M|\n|poke|p2|Clefairy, L50, F|\n|poke|p2|Smeargle, L50, M|\n|poke|p2|Flamigo, L50, F|\n|poke|p2|Dragonite, L50, F|\n|poke|p2|Dragapult, L50, M|\n|teampreview|4\nactuary97 has agreed to open team sheets.\ninfinitygroudon has agreed to open team sheets.\n|c|\u2606actuary97|cool team\n|c|\u2606infinitygroudon|thanks you too!\n|c|\u2606actuary97|krook smeargle is awesome\n|c|\u2606actuary97|glhf\n|c|\u2606infinitygroudon|gl hf\n|j| jggyfhgdh\n|\n|t:|1732404629\n|start\n|switch|p1a: Tapu Deedee|Indeedee, L50, M, shiny|100\/100\n|switch|p1b: \ud83c\udf88\ud83d\udc7b\ud83c\udf83\ud83d\udc7b\ud83c\udf83\ud83c\udf88|Drifblim, L50, M|100\/100\n|switch|p2a: Breeze|Dragonite, L50, F|100\/100\n|switch|p2b: Los Dardos|Dragapult, L50, M|100\/100\n|-fieldstart|move: Psychic Terrain|[from] ability: Psychic Surge|[of] p1a: Tapu Deedee\n|-enditem|p1b: \ud83c\udf88\ud83d\udc7b\ud83c\udf83\ud83d\udc7b\ud83c\udf83\ud83c\udf88|Psychic Seed\n|-boost|p1b: \ud83c\udf88\ud83d\udc7b\ud83c\udf83\ud83d\udc7b\ud83c\udf83\ud83c\udf88|spd|1|[from] item: Psychic Seed\n|turn|1\n|\n|t:|1732404653\n|move|p1b: \ud83c\udf88\ud83d\udc7b\ud83c\udf83\ud83d\udc7b\ud83c\udf83\ud83c\udf88|Will-O-Wisp|p2b: Los Dardos\n|-status|p2b: Los Dardos|brn\n|move|p2b: Los Dardos|U-turn|p1a: Tapu Deedee\n|-supereffective|p1a: Tapu Deedee\n|-damage|p1a: Tapu Deedee|23\/100\n|\n|t:|1732404660\n|switch|p2b: Ramses|Krookodile, L50, M, shiny|100\/100|[from] U-turn\n|move|p1a: Tapu Deedee|Expanding Force|p2b: Ramses|[spread] p2a\n|-immune|p2b: Ramses\n|-damage|p2a: Breeze|60\/100\n|move|p2a: Breeze|Tailwind|p2a: Breeze\n|-sidestart|p2: infinitygroudon|move: Tailwind\n|\n|upkeep\n|turn|2\n|\n|t:|1732404672\n|move|p2b: Ramses|Knock Off|p1b: \ud83c\udf88\ud83d\udc7b\ud83c\udf83\ud83d\udc7b\ud83c\udf83\ud83c\udf88\n|-supereffective|p1b: \ud83c\udf88\ud83d\udc7b\ud83c\udf83\ud83d\udc7b\ud83c\udf83\ud83c\udf88\n|-damage|p1b: \ud83c\udf88\ud83d\udc7b\ud83c\udf83\ud83d\udc7b\ud83c\udf83\ud83c\udf88|34\/100\n|move|p1b: \ud83c\udf88\ud83d\udc7b\ud83c\udf83\ud83d\udc7b\ud83c\udf83\ud83c\udf88|Will-O-Wisp|p2b: Ramses\n|-status|p2b: Ramses|brn\n|move|p2a: Breeze|Breaking Swipe|p1a: Tapu Deedee|[spread] p1a,p1b\n|-damage|p1a: Tapu Deedee|0 fnt\n|-damage|p1b: \ud83c\udf88\ud83d\udc7b\ud83c\udf83\ud83d\udc7b\ud83c\udf83\ud83c\udf88|8\/100\n|-unboost|p1b: \ud83c\udf88\ud83d\udc7b\ud83c\udf83\ud83d\udc7b\ud83c\udf83\ud83c\udf88|atk|1\n|faint|p1a: Tapu Deedee\n|\n|-damage|p2b: Ramses|94\/100 brn|[from] brn\n|upkeep\n|\n|t:|1732404689\n|switch|p1a: \u2694\ufe0fKing\u2694\ufe0f|Gallade, L50, M, shiny|100\/100\n|turn|3\n|\n|t:|1732404694\n|move|p2b: Ramses|Knock Off|p1b: \ud83c\udf88\ud83d\udc7b\ud83c\udf83\ud83d\udc7b\ud83c\udf83\ud83c\udf88\n|-supereffective|p1b: \ud83c\udf88\ud83d\udc7b\ud83c\udf83\ud83d\udc7b\ud83c\udf83\ud83c\udf88\n|-damage|p1b: \ud83c\udf88\ud83d\udc7b\ud83c\udf83\ud83d\udc7b\ud83c\udf83\ud83c\udf88|0 fnt\n|faint|p1b: \ud83c\udf88\ud83d\udc7b\ud83c\udf83\ud83d\udc7b\ud83c\udf83\ud83c\udf88\n|move|p2a: Breeze|Breaking Swipe|p1a: \u2694\ufe0fKing\u2694\ufe0f\n|-damage|p1a: \u2694\ufe0fKing\u2694\ufe0f|37\/100\n|-unboost|p1a: \u2694\ufe0fKing\u2694\ufe0f|atk|1\n|move|p1a: \u2694\ufe0fKing\u2694\ufe0f|Psycho Cut|p2a: Breeze\n|-crit|p2a: Breeze\n|-damage|p2a: Breeze|0 fnt\n|faint|p2a: Breeze\n|\n|-damage|p2b: Ramses|88\/100 brn|[from] brn\n|upkeep\n|\n|t:|1732404704\n|switch|p1b: Malamother|Malamar, L50, F|100\/100\n|switch|p2a: Los Dardos|Dragapult, L50, M|100\/100 brn\n|turn|4\n|c|\u2606actuary97|I didn't even notice you had tailwind up\n|c|\u2606actuary97|I'm so stupid\n|\n|t:|1732404726\n|-terastallize|p1b: Malamother|Fire\n|move|p1a: \u2694\ufe0fKing\u2694\ufe0f|Protect|p1a: \u2694\ufe0fKing\u2694\ufe0f\n|-singleturn|p1a: \u2694\ufe0fKing\u2694\ufe0f|Protect\n|move|p2a: Los Dardos|U-turn|p1b: Malamother\n|-resisted|p1b: Malamother\n|-damage|p1b: Malamother|93\/100\n|c|\u2606infinitygroudon|eh its not too common on dragonite tbf\n|\n|t:|1732404732\n|switch|p2a: Chardonnay|Flamigo, L50, F, shiny|100\/100|[from] U-turn\n|-copyboost|p2a: Chardonnay|p2b: Ramses|[from] ability: Costar\n|move|p2b: Ramses|Earthquake|p1a: \u2694\ufe0fKing\u2694\ufe0f|[spread] p1b\n|-activate|p1a: \u2694\ufe0fKing\u2694\ufe0f|move: Protect\n|-immune|p2a: Chardonnay\n|-supereffective|p1b: Malamother\n|-damage|p1b: Malamother|60\/100\n|move|p1b: Malamother|Superpower|p2b: Ramses\n|-supereffective|p2b: Ramses\n|-damage|p2b: Ramses|20\/100 brn\n|-boost|p1b: Malamother|atk|1\n|-boost|p1b: Malamother|def|1\n|\n|-damage|p2b: Ramses|14\/100 brn|[from] brn\n|-sideend|p2: infinitygroudon|move: Tailwind\n|upkeep\n|turn|5\n|\n|t:|1732404747\n|move|p2a: Chardonnay|Brave Bird|p1a: \u2694\ufe0fKing\u2694\ufe0f\n|-supereffective|p1a: \u2694\ufe0fKing\u2694\ufe0f\n|-damage|p1a: \u2694\ufe0fKing\u2694\ufe0f|0 fnt\n|faint|p1a: \u2694\ufe0fKing\u2694\ufe0f\n|-damage|p2a: Chardonnay|90\/100|[from] Recoil\n|move|p2b: Ramses|Knock Off|p1b: Malamother\n|-damage|p1b: Malamother|46\/100\n|-enditem|p1b: Malamother|Sitrus Berry|[from] move: Knock Off|[of] p2b: Ramses\n|move|p1b: Malamother|Superpower|p2b: Ramses\n|-supereffective|p2b: Ramses\n|-damage|p2b: Ramses|0 fnt\n|-boost|p1b: Malamother|atk|1\n|-boost|p1b: Malamother|def|1\n|faint|p2b: Ramses\n|\n|-fieldend|move: Psychic Terrain\n|upkeep\n|\n|t:|1732404757\n|switch|p2b: Los Dardos|Dragapult, L50, M|100\/100 brn\n|turn|6\n|\n|t:|1732404764\n|-terastallize|p2b: Los Dardos|Dragon\n|move|p2b: Los Dardos|Dragon Darts|p1b: Malamother\n|-damage|p1b: Malamother|35\/100\n|-anim|p2b: Los Dardos|Dragon Darts|p1b: Malamother\n|-damage|p1b: Malamother|23\/100\n|move|p2a: Chardonnay|Brave Bird|p1b: Malamother\n|-damage|p1b: Malamother|0 fnt\n|faint|p1b: Malamother\n|-damage|p2a: Chardonnay|82\/100|[from] Recoil\n|\n|win|infinitygroudon\n|raw|actuary97's rating: 1726 &rarr; <strong>1704<\/strong><br \/>(-22 for losing)\n|raw|infinitygroudon's rating: 1687 &rarr; <strong>1709<\/strong><br \/>(+22 for winning)\n|c|\u2606actuary97|gg\n|c|\u2606infinitygroudon|gg\n|l|\u2606infinitygroudon\n|player|p2|\n|l|\u2606actuary97\n|player|p1|\n","uploadtime":1732404956,"views":13,"formatid":"gen9vgc2024regh","rating":1704,"private":0,"password":null}