{"id":"gen9vgc2024regh-2249194942","format":"[Gen 9] VGC 2024 Reg H","players":["schisch","chin8"],"log":"|j|\u2606schisch\n|j|\u2606chin8\n|t:|1732309525\n|gametype|doubles\n|player|p1|schisch|266|1655\n|player|p2|chin8|gentleman-gen4dp|1691\n|teamsize|p1|6\n|teamsize|p2|6\n|gen|9\n|tier|[Gen 9] VGC 2024 Reg H\n|rated|\n|rule|Species Clause: Limit one of each Pok\u00e9mon\n|rule|Item Clause: Limit 1 of each item\n|clearpoke\n|poke|p1|Tyranitar, L50, M|\n|poke|p1|Jumpluff, L50, M|\n|poke|p1|Torkoal, L50, M|\n|poke|p1|Ursaluna, L50, F|\n|poke|p1|Charizard, L50, M|\n|poke|p1|Bronzong, L50|\n|poke|p2|Baxcalibur, L50, M|\n|poke|p2|Kilowattrel, L50, F|\n|poke|p2|Granbull, L50, M|\n|poke|p2|Gardevoir, L50, M|\n|poke|p2|Magmortar, L50, F|\n|poke|p2|Gholdengo, L50|\n|teampreview|4\n|inactive|Battle timer is ON: inactive players will automatically lose when time's up. (requested by schisch)\n|\n|t:|1732309547\n|start\n|switch|p1a: Tyranitar|Tyranitar, L50, M|100\/100\n|switch|p1b: Bronzong|Bronzong, L50|100\/100\n|switch|p2a: Kilowattrel|Kilowattrel, L50, F|100\/100\n|switch|p2b: Baxcalibur|Baxcalibur, L50, M|100\/100\n|-weather|Sandstorm|[from] ability: Sand Stream|[of] p1a: Tyranitar\n|turn|1\n|\n|t:|1732309569\n|-terastallize|p2b: Baxcalibur|Ground\n|move|p2a: Kilowattrel|Thunderbolt|p1b: Bronzong\n|-damage|p1b: Bronzong|67\/100\n|move|p1a: Tyranitar|Rock Slide|p2a: Kilowattrel|[spread] p2b\n|-miss|p1a: Tyranitar|p2a: Kilowattrel\n|-resisted|p2b: Baxcalibur\n|-damage|p2b: Baxcalibur|85\/100\n|cant|p2b: Baxcalibur|flinch\n|move|p1b: Bronzong|Trick Room|p1b: Bronzong\n|-fieldstart|move: Trick Room|[of] p1b: Bronzong\n|\n|-weather|Sandstorm|[upkeep]\n|-damage|p2a: Kilowattrel|94\/100|[from] Sandstorm\n|upkeep\n|turn|2\n|inactive|schisch has 30 seconds left.\n|\n|t:|1732309595\n|move|p2a: Kilowattrel|Protect|p2a: Kilowattrel\n|-singleturn|p2a: Kilowattrel|Protect\n|move|p1b: Bronzong|Ice Spinner|p2b: Baxcalibur\n|-supereffective|p2b: Baxcalibur\n|-crit|p2b: Baxcalibur\n|-damage|p2b: Baxcalibur|36\/100\n|move|p2b: Baxcalibur|Earthquake|p1a: Tyranitar|[spread] p1a\n|-activate|p2a: Kilowattrel|move: Protect\n|-immune|p1b: Bronzong|[from] ability: Levitate\n|-supereffective|p1a: Tyranitar\n|-damage|p1a: Tyranitar|18\/100\n|move|p1a: Tyranitar|Rock Slide|p2b: Baxcalibur|[spread] p2b\n|-activate|p2a: Kilowattrel|move: Protect\n|-resisted|p2b: Baxcalibur\n|-damage|p2b: Baxcalibur|22\/100\n|\n|-weather|Sandstorm|[upkeep]\n|-damage|p2a: Kilowattrel|88\/100|[from] Sandstorm\n|upkeep\n|turn|3\n|\n|t:|1732309616\n|switch|p1b: Ursaluna|Ursaluna, L50, F|100\/100\n|switch|p2a: Gholdengo|Gholdengo, L50|100\/100\n|move|p2b: Baxcalibur|Ice Shard|p1a: Tyranitar\n|-damage|p1a: Tyranitar|0 fnt\n|faint|p1a: Tyranitar\n|\n|-weather|Sandstorm|[upkeep]\n|-status|p1b: Ursaluna|brn|[from] item: Flame Orb\n|upkeep\n|\n|t:|1732309629\n|switch|p1a: Bronzong|Bronzong, L50|67\/100\n|turn|4\n|\n|t:|1732309636\n|-terastallize|p1b: Ursaluna|Poison\n|move|p1a: Bronzong|Helping Hand|p1b: Ursaluna\n|-singleturn|p1b: Ursaluna|Helping Hand|[of] p1a: Bronzong\n|move|p2a: Gholdengo|Protect|p2a: Gholdengo\n|-singleturn|p2a: Gholdengo|Protect\n|move|p2b: Baxcalibur|Ice Shard|p1b: Ursaluna\n|-damage|p1b: Ursaluna|81\/100 brn\n|move|p1b: Ursaluna|Earthquake|p2a: Gholdengo|[spread] p2b\n|-activate|p2a: Gholdengo|move: Protect\n|-immune|p1a: Bronzong|[from] ability: Levitate\n|-damage|p2b: Baxcalibur|0 fnt\n|faint|p2b: Baxcalibur\n|\n|-weather|Sandstorm|[upkeep]\n|-damage|p1b: Ursaluna|75\/100 brn|[from] Sandstorm\n|-damage|p1b: Ursaluna|69\/100 brn|[from] brn\n|upkeep\n|\n|t:|1732309641\n|switch|p2b: Magmortar|Magmortar, L50, F|100\/100\n|turn|5\n|\n|t:|1732309659\n|switch|p2a: Kilowattrel|Kilowattrel, L50, F|88\/100\n|move|p1a: Bronzong|Helping Hand|p1b: Ursaluna\n|-singleturn|p1b: Ursaluna|Helping Hand|[of] p1a: Bronzong\n|move|p2b: Magmortar|Protect|p2b: Magmortar\n|-singleturn|p2b: Magmortar|Protect\n|move|p1b: Ursaluna|Earthquake|p2a: Kilowattrel|[spread] \n|-activate|p2b: Magmortar|move: Protect\n|-immune|p1a: Bronzong|[from] ability: Levitate\n|-immune|p2a: Kilowattrel\n|\n|-weather|none\n|-damage|p1b: Ursaluna|63\/100 brn|[from] brn\n|-fieldend|move: Trick Room\n|upkeep\n|turn|6\n|\n|t:|1732309677\n|move|p2a: Kilowattrel|Thunderbolt|p1a: Bronzong\n|-damage|p1a: Bronzong|30\/100\n|move|p2b: Magmortar|Heat Wave|p1a: Bronzong|[spread] \n|-miss|p2b: Magmortar|p1a: Bronzong\n|-miss|p2b: Magmortar|p1b: Ursaluna\n|move|p1b: Ursaluna|Earthquake|p2b: Magmortar|[spread] p2b\n|-immune|p1a: Bronzong|[from] ability: Levitate\n|-immune|p2a: Kilowattrel\n|-supereffective|p2b: Magmortar\n|-damage|p2b: Magmortar|0 fnt\n|faint|p2b: Magmortar\n|move|p1a: Bronzong|Trick Room|p1a: Bronzong\n|-fieldstart|move: Trick Room|[of] p1a: Bronzong\n|\n|-damage|p1b: Ursaluna|56\/100 brn|[from] brn\n|upkeep\n|-message|chin8 forfeited.\n|\n|win|schisch\n|raw|schisch's rating: 1655 &rarr; <strong>1677<\/strong><br \/>(+22 for winning)\n|raw|chin8's rating: 1691 &rarr; <strong>1669<\/strong><br \/>(-22 for losing)\n|l|\u2606chin8\n|player|p2|\n|l|\u2606schisch\n|player|p1|\n","uploadtime":1732309920,"views":6,"formatid":"gen9vgc2024regh","rating":1669,"private":0,"password":null}