{"id":"gen9vgc2024regh-2249667699","format":"[Gen 9] VGC 2024 Reg H","players":["Djjwjwwjj","VGCLTH WitchMag"],"log":"|j|\u2606Djjwjwwjj\n|j|\u2606VGCLTH WitchMag\n|t:|1732384233\n|gametype|doubles\n|player|p1|Djjwjwwjj|170|1730\n|player|p2|VGCLTH WitchMag|cynthia-masters|1773\n|teamsize|p1|6\n|teamsize|p2|6\n|gen|9\n|tier|[Gen 9] VGC 2024 Reg H\n|rated|\n|rule|Species Clause: Limit one of each Pok\u00e9mon\n|rule|Item Clause: Limit 1 of each item\n|clearpoke\n|poke|p1|Pelipper, L50, F|\n|poke|p1|Incineroar, L50, F|\n|poke|p1|Palafin, L50, M|\n|poke|p1|Archaludon, L50, F|\n|poke|p1|Amoonguss, L50, M|\n|poke|p1|Farigiraf, L50, M|\n|poke|p2|Glimmora, L50, M|\n|poke|p2|Gholdengo, L50|\n|poke|p2|Garchomp, L50, F|\n|poke|p2|Talonflame, L50, M|\n|poke|p2|Rillaboom, L50, M|\n|poke|p2|Annihilape, L50, F|\n|teampreview|4\n|inactive|Battle timer is ON: inactive players will automatically lose when time's up. (requested by Djjwjwwjj)\n|inactive|Djjwjwwjj has 60 seconds left.\n|inactive|VGCLTH WitchMag has 60 seconds left.\n|j| qiyeO.o\n|\n|t:|1732384271\n|start\n|switch|p1a: Pelipper|Pelipper, L50, F|100\/100\n|switch|p1b: Palafin|Palafin, L50, M|100\/100\n|switch|p2a: Odysseus|Talonflame, L50, M|100\/100\n|switch|p2b: Penelope|Gholdengo, L50|100\/100\n|-weather|RainDance|[from] ability: Drizzle|[of] p1a: Pelipper\n|turn|1\n|l| qiyeO.o\n|j| Christianfinity\n|inactive|Djjwjwwjj has 30 seconds left.\n|inactive|Djjwjwwjj has 20 seconds left.\n|\n|t:|1732384308\n|switch|p1a: Incineroar|Incineroar, L50, F|100\/100\n|-ability|p1a: Incineroar|Intimidate|boost\n|-unboost|p2a: Odysseus|atk|1\n|-unboost|p2b: Penelope|atk|1\n|-terastallize|p2a: Odysseus|Grass\n|move|p2a: Odysseus|Tailwind|p2a: Odysseus\n|-sidestart|p2: VGCLTH WitchMag|move: Tailwind\n|move|p1b: Palafin|Jet Punch|p2a: Odysseus\n|-resisted|p2a: Odysseus\n|-damage|p2a: Odysseus|63\/100\n|move|p2b: Penelope|Shadow Ball|p1a: Incineroar\n|-resisted|p1a: Incineroar\n|-damage|p1a: Incineroar|74\/100\n|\n|-weather|RainDance|[upkeep]\n|upkeep\n|turn|2\n|inactive|Djjwjwwjj has 30 seconds left.\n|\n|t:|1732384333\n|detailschange|p1b: Palafin|Palafin-Hero, L50, M\n|switch|p1b: Archaludon|Archaludon, L50, F|100\/100\n|move|p2a: Odysseus|Brave Bird|p1a: Incineroar\n|-damage|p1a: Incineroar|39\/100\n|-damage|p2a: Odysseus|48\/100|[from] Recoil\n|move|p2b: Penelope|Shadow Ball|p1b: Archaludon\n|-damage|p1b: Archaludon|58\/100\n|-unboost|p1b: Archaludon|spd|1\n|-ability|p1b: Archaludon|Stamina|boost\n|-boost|p1b: Archaludon|def|1\n|move|p1a: Incineroar|Knock Off|p2b: Penelope\n|-supereffective|p2b: Penelope\n|-damage|p2b: Penelope|15\/100\n|-enditem|p2b: Penelope|Choice Specs|[from] move: Knock Off|[of] p1a: Incineroar\n|\n|-weather|RainDance|[upkeep]\n|upkeep\n|turn|3\n|j| qiyeO.o\n|inactive|Djjwjwwjj has 30 seconds left.\n|\n|t:|1732384363\n|move|p2a: Odysseus|Brave Bird|p1a: Incineroar\n|-damage|p1a: Incineroar|9\/100\n|-damage|p2a: Odysseus|34\/100|[from] Recoil\n|move|p2b: Penelope|Shadow Ball|p1b: Archaludon\n|-damage|p1b: Archaludon|12\/100\n|-ability|p1b: Archaludon|Stamina|boost\n|-boost|p1b: Archaludon|def|1\n|move|p1b: Archaludon|Dragon Pulse|p2b: Penelope\n|-resisted|p2b: Penelope\n|-damage|p2b: Penelope|0 fnt\n|faint|p2b: Penelope\n|move|p1a: Incineroar|Knock Off|p2a: Odysseus\n|-damage|p2a: Odysseus|0 fnt\n|-enditem|p2a: Odysseus|Covert Cloak|[from] move: Knock Off|[of] p1a: Incineroar\n|faint|p2a: Odysseus\n|\n|-weather|RainDance|[upkeep]\n|upkeep\n|\n|t:|1732384373\n|switch|p2a: Annihilape|Annihilape, L50, F|100\/100\n|switch|p2b: Athena|Garchomp, L50, F|100\/100\n|turn|4\n|inactive|Djjwjwwjj has 30 seconds left.\n|\n|t:|1732384399\n|switch|p1b: Pelipper|Pelipper, L50, F|100\/100\n|move|p2a: Annihilape|Shadow Claw|p1b: Pelipper\n|-damage|p1b: Pelipper|53\/100\n|move|p2b: Athena|Stomping Tantrum|p1a: Incineroar\n|-supereffective|p1a: Incineroar\n|-damage|p1a: Incineroar|0 fnt\n|faint|p1a: Incineroar\n|-damage|p2b: Athena|91\/100|[from] item: Life Orb\n|\n|-weather|RainDance|[upkeep]\n|-sideend|p2: VGCLTH WitchMag|move: Tailwind\n|upkeep\n|\n|t:|1732384413\n|switch|p1a: Palafin|Palafin-Hero, L50, M|100\/100\n|-activate|p1a: Palafin|ability: Zero to Hero\n|turn|5\n|\n|t:|1732384426\n|-terastallize|p1a: Palafin|Water\n|move|p1a: Palafin|Jet Punch|p2a: Annihilape\n|-damage|p2a: Annihilape|0 fnt\n|faint|p2a: Annihilape\n|move|p1b: Pelipper|Icy Wind|p2b: Athena\n|-supereffective|p2b: Athena\n|-damage|p2b: Athena|21\/100\n|-unboost|p2b: Athena|spe|1\n|move|p2b: Athena|Dragon Claw|p1a: Palafin\n|-damage|p1a: Palafin|43\/100\n|-damage|p2b: Athena|11\/100|[from] item: Life Orb\n|\n|-weather|none\n|upkeep\n|turn|6\n|-message|VGCLTH WitchMag forfeited.\n|\n|win|Djjwjwwjj\n|raw|Djjwjwwjj's rating: 1730 &rarr; <strong>1752<\/strong><br \/>(+22 for winning)\n|raw|VGCLTH WitchMag's rating: 1773 &rarr; <strong>1751<\/strong><br \/>(-22 for losing)\n|l|\u2606VGCLTH WitchMag\n|player|p2|\n|j| VGCLTH R0gue\n|l|\u2606Djjwjwwjj\n|player|p1|\n|l| qiyeO.o\n|l| VGCLTH R0gue\n|l| Christianfinity\n","uploadtime":1732384640,"views":6,"formatid":"gen9vgc2024regh","rating":1751,"private":0,"password":null}