{"id":"gen9vgc2024regh-2249140211","format":"[Gen 9] VGC 2024 Reg H","players":["DragonKenergy","actuary97"],"log":"|j|\u2606DragonKenergy\n|j|\u2606actuary97\n|t:|1732303763\n|gametype|doubles\n|player|p1|DragonKenergy|ingo|1753\n|player|p2|actuary97|sabrina-frlg|1874\n|teamsize|p1|6\n|teamsize|p2|6\n|gen|9\n|tier|[Gen 9] VGC 2024 Reg H\n|rated|\n|rule|Species Clause: Limit one of each Pok\u00e9mon\n|rule|Item Clause: Limit 1 of each item\n|clearpoke\n|poke|p1|Sneasler, L50, M|\n|poke|p1|Dragonite, L50, M|\n|poke|p1|Milotic, L50, F|\n|poke|p1|Indeedee, L50, M|\n|poke|p1|Typhlosion-Hisui, L50, M|\n|poke|p1|Whimsicott, L50, M|\n|poke|p2|Whimsicott, L50, F|\n|poke|p2|Gallade, L50, M|\n|poke|p2|Archaludon, L50, F|\n|poke|p2|Malamar, L50, F|\n|poke|p2|Indeedee, L50, M|\n|poke|p2|Drifblim, L50, M|\n|teampreview|4\nactuary97 has agreed to open team sheets.\n|\n|t:|1732303828\n|start\n|switch|p1a: Whimsicott|Whimsicott, L50, M|100\/100\n|switch|p1b: Typhlosion|Typhlosion-Hisui, L50, M|100\/100\n|switch|p2a: \ud83c\udf88\ud83d\udc7b\ud83c\udf83\ud83d\udc7b\ud83c\udf83\ud83c\udf88|Drifblim, L50, M|100\/100\n|switch|p2b: Malamother|Malamar, L50, F|100\/100\n|turn|1\n|\n|t:|1732303851\n|switch|p2b: Tapu Deedee|Indeedee, L50, M, shiny|100\/100\n|-fieldstart|move: Psychic Terrain|[from] ability: Psychic Surge|[of] p2b: Tapu Deedee\n|-enditem|p2a: \ud83c\udf88\ud83d\udc7b\ud83c\udf83\ud83d\udc7b\ud83c\udf83\ud83c\udf88|Psychic Seed\n|-boost|p2a: \ud83c\udf88\ud83d\udc7b\ud83c\udf83\ud83d\udc7b\ud83c\udf83\ud83c\udf88|spd|1|[from] item: Psychic Seed\n|-terastallize|p1b: Typhlosion|Fire\n|move|p1a: Whimsicott|Tailwind|p1a: Whimsicott\n|-sidestart|p1: DragonKenergy|move: Tailwind\n|move|p1b: Typhlosion|Eruption|p2a: \ud83c\udf88\ud83d\udc7b\ud83c\udf83\ud83d\udc7b\ud83c\udf83\ud83c\udf88|[spread] p2a,p2b\n|-damage|p2a: \ud83c\udf88\ud83d\udc7b\ud83c\udf83\ud83d\udc7b\ud83c\udf83\ud83c\udf88|38\/100\n|-damage|p2b: Tapu Deedee|0 fnt\n|faint|p2b: Tapu Deedee\n|move|p2a: \ud83c\udf88\ud83d\udc7b\ud83c\udf83\ud83d\udc7b\ud83c\udf83\ud83c\udf88|Air Slash|p1b: Typhlosion\n|-damage|p1b: Typhlosion|66\/100\n|\n|upkeep\n|\n|t:|1732303867\n|switch|p2b: Malamother|Malamar, L50, F|100\/100\n|turn|2\n|\n|t:|1732303874\n|-terastallize|p2b: Malamother|Fire\n|move|p1b: Typhlosion|Eruption|p2a: \ud83c\udf88\ud83d\udc7b\ud83c\udf83\ud83d\udc7b\ud83c\udf83\ud83c\udf88|[spread] p2a,p2b\n|-resisted|p2b: Malamother\n|-damage|p2a: \ud83c\udf88\ud83d\udc7b\ud83c\udf83\ud83d\udc7b\ud83c\udf83\ud83c\udf88|0 fnt\n|-damage|p2b: Malamother|75\/100\n|faint|p2a: \ud83c\udf88\ud83d\udc7b\ud83c\udf83\ud83d\udc7b\ud83c\udf83\ud83c\udf88\n|move|p1a: Whimsicott|Moonblast|p2b: Malamother\n|-resisted|p2b: Malamother\n|-damage|p2b: Malamother|60\/100\n|-boost|p2b: Malamother|spa|1\n|move|p2b: Malamother|Trick Room|p2b: Malamother\n|-fieldstart|move: Trick Room|[of] p2b: Malamother\n|\n|upkeep\n|\n|t:|1732303882\n|switch|p2a: \u2694\ufe0fKing\u2694\ufe0f|Gallade, L50, M, shiny|100\/100\n|turn|3\n|\n|t:|1732303901\n|move|p1b: Typhlosion|Protect|p1b: Typhlosion\n|-singleturn|p1b: Typhlosion|Protect\n|move|p2b: Malamother|Knock Off|p1b: Typhlosion\n|-activate|p1b: Typhlosion|move: Protect\n|move|p2a: \u2694\ufe0fKing\u2694\ufe0f|Psycho Cut|p1a: Whimsicott\n|-crit|p1a: Whimsicott\n|-damage|p1a: Whimsicott|0 fnt\n|faint|p1a: Whimsicott\n|\n|upkeep\n|\n|t:|1732303912\n|switch|p1a: Dragonite|Dragonite, L50, M|100\/100\n|turn|4\n|\n|t:|1732303922\n|move|p2b: Malamother|Superpower|p1a: Dragonite\n|-resisted|p1a: Dragonite\n|-damage|p1a: Dragonite|93\/100\n|-boost|p2b: Malamother|atk|1\n|-boost|p2b: Malamother|def|1\n|move|p2a: \u2694\ufe0fKing\u2694\ufe0f|Psycho Cut|p1a: Dragonite\n|-damage|p1a: Dragonite|11\/100\n|move|p1a: Dragonite|Stomping Tantrum|p2b: Malamother\n|-supereffective|p2b: Malamother\n|-damage|p2b: Malamother|23\/100\n|-enditem|p2b: Malamother|Sitrus Berry|[eat]\n|-heal|p2b: Malamother|48\/100|[from] item: Sitrus Berry\n|move|p1b: Typhlosion|Shadow Ball|p2a: \u2694\ufe0fKing\u2694\ufe0f\n|-supereffective|p2a: \u2694\ufe0fKing\u2694\ufe0f\n|-damage|p2a: \u2694\ufe0fKing\u2694\ufe0f|22\/100\n|\n|-sideend|p1: DragonKenergy|move: Tailwind\n|upkeep\n|turn|5\n|\n|t:|1732303940\n|move|p1a: Dragonite|Protect|p1a: Dragonite\n|-singleturn|p1a: Dragonite|Protect\n|move|p1b: Typhlosion|Protect|p1b: Typhlosion\n|-singleturn|p1b: Typhlosion|Protect\n|move|p2b: Malamother|Knock Off|p1b: Typhlosion\n|-activate|p1b: Typhlosion|move: Protect\n|move|p2a: \u2694\ufe0fKing\u2694\ufe0f|Psycho Cut|p1a: Dragonite\n|-activate|p1a: Dragonite|move: Protect\n|\n|-fieldend|move: Psychic Terrain\n|upkeep\n|turn|6\n|\n|t:|1732303965\n|move|p2a: \u2694\ufe0fKing\u2694\ufe0f|Protect|p2a: \u2694\ufe0fKing\u2694\ufe0f\n|-singleturn|p2a: \u2694\ufe0fKing\u2694\ufe0f|Protect\n|move|p2b: Malamother|Knock Off|p1b: Typhlosion\n|-damage|p1b: Typhlosion|0 fnt\n|-enditem|p1b: Typhlosion|Charcoal|[from] move: Knock Off|[of] p2b: Malamother\n|faint|p1b: Typhlosion\n|move|p1a: Dragonite|Stomping Tantrum|p2b: Malamother\n|-supereffective|p2b: Malamother\n|-damage|p2b: Malamother|7\/100\n|\n|-fieldend|move: Trick Room\n|upkeep\n|\n|t:|1732303975\n|switch|p1b: Sneasler|Sneasler, L50, M|100\/100\n|turn|7\n|\n|t:|1732303993\n|move|p1b: Sneasler|Dire Claw|p2a: \u2694\ufe0fKing\u2694\ufe0f\n|-damage|p2a: \u2694\ufe0fKing\u2694\ufe0f|0 fnt\n|faint|p2a: \u2694\ufe0fKing\u2694\ufe0f\n|move|p1a: Dragonite|Stomping Tantrum|p2b: Malamother\n|-supereffective|p2b: Malamother\n|-damage|p2b: Malamother|0 fnt\n|faint|p2b: Malamother\n|\n|win|DragonKenergy\n|raw|DragonKenergy's rating: 1753 &rarr; <strong>1780<\/strong><br \/>(+27 for winning)\n|raw|actuary97's rating: 1874 &rarr; <strong>1847<\/strong><br \/>(-27 for losing)\n|l|\u2606DragonKenergy\n|player|p1|\n","uploadtime":1732303997,"views":64,"formatid":"gen9vgc2024regh","rating":1780,"private":0,"password":null}