{"id":"gen9vgc2024regh-2249601500","format":"[Gen 9] VGC 2024 Reg H","players":["teenage fanclub","VGCLTH Python"],"log":"|raw|<div class=\"broadcast-blue\"><strong>This battle is required to be public due to a player having a name starting with 'vgclth'.<\/div>\n|j|\u2606teenage fanclub\n|j|\u2606VGCLTH Python\n|t:|1732375601\n|gametype|doubles\n|player|p1|teenage fanclub|266|1752\n|player|p2|VGCLTH Python|yellow|1673\n|teamsize|p1|6\n|teamsize|p2|6\n|gen|9\n|tier|[Gen 9] VGC 2024 Reg H\n|rated|\n|rule|Species Clause: Limit one of each Pok\u00e9mon\n|rule|Item Clause: Limit 1 of each item\n|clearpoke\n|poke|p1|Sneasler, L50, F|\n|poke|p1|Dragonite, L50, F|\n|poke|p1|Rillaboom, L50, M|\n|poke|p1|Volcarona, L50, M|\n|poke|p1|Dondozo, L50, F|\n|poke|p1|Kingambit, L50, F|\n|poke|p2|Indeedee-F, L50, F|\n|poke|p2|Gallade, L50, M|\n|poke|p2|Torkoal, L50, M|\n|poke|p2|Ursaluna, L50, F|\n|poke|p2|Exeggutor, L50, M|\n|poke|p2|Zoroark-Hisui, L50, M|\n|teampreview|4\n|inactive|Battle timer is ON: inactive players will automatically lose when time's up. (requested by teenage fanclub)\n|inactive|teenage fanclub has 60 seconds left.\n|inactive|VGCLTH Python has 60 seconds left.\n|j| qiyeO.o\n|l| qiyeO.o\n|inactive|teenage fanclub has 30 seconds left.\n|\n|t:|1732375667\n|start\n|switch|p1a: Kingambit|Kingambit, L50, F|100\/100\n|switch|p1b: Volcarona|Volcarona, L50, M|100\/100\n|switch|p2a: Exeggutor|Exeggutor, L50, M|100\/100\n|switch|p2b: Torkoal|Torkoal, L50, M|100\/100\n|-weather|SunnyDay|[from] ability: Drought|[of] p2b: Torkoal\n|turn|1\n|j| bluestraggler02\n|inactive|teenage fanclub has 30 seconds left.\n|inactive|VGCLTH Python has 30 seconds left.\n|\n|t:|1732375695\n|-terastallize|p1a: Kingambit|Dark\n|-terastallize|p2b: Torkoal|Fire\n|move|p2a: Exeggutor|Sleep Powder|p1b: Volcarona\n|-status|p1b: Volcarona|slp|[from] move: Sleep Powder\n|cant|p1b: Volcarona|slp\n|move|p1a: Kingambit|Kowtow Cleave|p2b: Torkoal\n|-damage|p2b: Torkoal|47\/100\n|move|p2b: Torkoal|Eruption|p1b: Volcarona|[spread] p1a,p1b\n|-damage|p1a: Kingambit|47\/100\n|-damage|p1b: Volcarona|55\/100 slp\n|\n|-weather|SunnyDay|[upkeep]\n|upkeep\n|turn|2\n|inactive|teenage fanclub has 30 seconds left.\n|\n|t:|1732375722\n|move|p1a: Kingambit|Protect|p1a: Kingambit\n|-singleturn|p1a: Kingambit|Protect\n|move|p2b: Torkoal|Protect|p2b: Torkoal\n|-singleturn|p2b: Torkoal|Protect\n|cant|p1b: Volcarona|slp\n|move|p2a: Exeggutor|Trick Room|p2a: Exeggutor\n|-fieldstart|move: Trick Room|[of] p2a: Exeggutor\n|\n|-weather|SunnyDay|[upkeep]\n|upkeep\n|turn|3\n|inactive|teenage fanclub has 30 seconds left.\n|l| bluestraggler02\n|\n|t:|1732375756\n|switch|p1a: Dondozo|Dondozo, L50, F|100\/100\n|switch|p2a: Indeedee|Indeedee-F, L50, F|100\/100\n|-fieldstart|move: Psychic Terrain|[from] ability: Psychic Surge|[of] p2a: Indeedee\n|move|p2b: Torkoal|Eruption|p1a: Dondozo|[spread] p1a,p1b\n|-resisted|p1a: Dondozo\n|-crit|p1b: Volcarona\n|-damage|p1a: Dondozo|81\/100\n|-damage|p1b: Volcarona|0 fnt\n|faint|p1b: Volcarona\n|\n|-weather|SunnyDay|[upkeep]\n|-heal|p1a: Dondozo|87\/100|[from] item: Leftovers\n|upkeep\n|j| qiyeO.o\n|\n|t:|1732375775\n|switch|p1b: Rillaboom|Rillaboom, L50, M|100\/100\n|-fieldstart|move: Grassy Terrain|[from] ability: Grassy Surge|[of] p1b: Rillaboom\n|turn|4\n|\n|t:|1732375799\n|move|p1b: Rillaboom|Fake Out|p2b: Torkoal\n|-damage|p2b: Torkoal|36\/100\n|move|p2a: Indeedee|Follow Me|p2a: Indeedee\n|-singleturn|p2a: Indeedee|move: Follow Me\n|cant|p2b: Torkoal|flinch\n|move|p1a: Dondozo|Yawn|p2a: Indeedee\n|-start|p2a: Indeedee|move: Yawn|[of] p1a: Dondozo\n|\n|-weather|SunnyDay|[upkeep]\n|-heal|p2b: Torkoal|43\/100|[from] Grassy Terrain\n|-heal|p1a: Dondozo|93\/100|[from] Grassy Terrain\n|-heal|p1a: Dondozo|99\/100|[from] item: Leftovers\n|upkeep\n|turn|5\n|inactive|teenage fanclub has 30 seconds left.\n|inactive|VGCLTH Python has 30 seconds left.\n|inactive|teenage fanclub has 20 seconds left.\n|inactive|teenage fanclub has 15 seconds left.\n|\n|t:|1732375842\n|switch|p2a: Ursaluna|Ursaluna, L50, F|100\/100\n|move|p2b: Torkoal|Weather Ball|p1b: Rillaboom\n|-supereffective|p1b: Rillaboom\n|-damage|p1b: Rillaboom|0 fnt\n|faint|p1b: Rillaboom\n|move|p1a: Dondozo|Wave Crash|p2a: Ursaluna\n|-supereffective|p2a: Ursaluna\n|-damage|p2a: Ursaluna|71\/100\n|-damage|p1a: Dondozo|91\/100|[from] Recoil\n|\n|-weather|none\n|-heal|p2b: Torkoal|49\/100|[from] Grassy Terrain\n|-heal|p2a: Ursaluna|77\/100|[from] Grassy Terrain\n|-heal|p1a: Dondozo|97\/100|[from] Grassy Terrain\n|-heal|p1a: Dondozo|100\/100|[from] item: Leftovers\n|-status|p2a: Ursaluna|brn|[from] item: Flame Orb\n|upkeep\n|\n|t:|1732375851\n|switch|p1b: Kingambit|Kingambit, L50, F, tera:Dark|47\/100\n|turn|6\n|inactive|teenage fanclub has 30 seconds left.\n|\n|t:|1732375879\n|switch|p2b: Exeggutor|Exeggutor, L50, M|100\/100\n|move|p2a: Ursaluna|Facade|p1b: Kingambit\n|-damage|p1b: Kingambit|0 fnt\n|faint|p1b: Kingambit\n|move|p1a: Dondozo|Wave Crash|p2a: Ursaluna\n|-supereffective|p2a: Ursaluna\n|-damage|p2a: Ursaluna|17\/100 brn\n|-damage|p1a: Dondozo|83\/100|[from] Recoil\n|\n|-heal|p2a: Ursaluna|22\/100 brn|[from] Grassy Terrain\n|-heal|p1a: Dondozo|90\/100|[from] Grassy Terrain\n|-heal|p1a: Dondozo|96\/100|[from] item: Leftovers\n|-damage|p2a: Ursaluna|17\/100 brn|[from] brn\n|-fieldend|move: Trick Room\n|upkeep\n|turn|7\n|-message|teenage fanclub forfeited.\n|\n|win|VGCLTH Python\n|raw|teenage fanclub's rating: 1752 &rarr; <strong>1728<\/strong><br \/>(-24 for losing)\n|raw|VGCLTH Python's rating: 1673 &rarr; <strong>1697<\/strong><br \/>(+24 for winning)\n|l|\u2606teenage fanclub\n|player|p1|\n|l|\u2606VGCLTH Python\n|player|p2|\n|l| qiyeO.o\n","uploadtime":1732376057,"views":7,"formatid":"gen9vgc2024regh","rating":1697,"private":0,"password":null}