{"id":"gen9vgc2024regh-2249011259","format":"[Gen 9] VGC 2024 Reg H","players":["AsukaHikaru","blindfishptsd"],"log":"|j|\u2606AsukaHikaru\n|j|\u2606blindfishptsd\n|t:|1732290904\n|gametype|doubles\n|player|p1|AsukaHikaru|101|1665\n|player|p2|blindfishptsd|olympia|1749\n|teamsize|p1|6\n|teamsize|p2|6\n|gen|9\n|tier|[Gen 9] VGC 2024 Reg H\n|rated|\n|rule|Species Clause: Limit one of each Pok\u00e9mon\n|rule|Item Clause: Limit 1 of each item\n|clearpoke\n|poke|p1|Annihilape, L50, M|\n|poke|p1|Sinistcha, L50|\n|poke|p1|Maushold-Four, L50|\n|poke|p1|Klefki, L50, M|\n|poke|p1|Ninetales-Alola, L50, F|\n|poke|p1|Ursaluna-Bloodmoon, L50, M|\n|poke|p2|Annihilape, L50, F|\n|poke|p2|Oranguru, L50, M|\n|poke|p2|Indeedee-F, L50, F|\n|poke|p2|Torkoal, L50, F|\n|poke|p2|Ursaluna-Bloodmoon, L50, M|\n|poke|p2|Archaludon, L50, M|\n|teampreview|4\n|inactive|Battle timer is ON: inactive players will automatically lose when time's up. (requested by blindfishptsd)\n|\n|t:|1732290933\n|start\n|switch|p1a: Maushold|Maushold-Four, L50|100\/100\n|switch|p1b: Annihilape|Annihilape, L50, M|100\/100\n|switch|p2a: Annihilape|Annihilape, L50, F|100\/100\n|switch|p2b: Oranguru|Oranguru, L50, M|100\/100\n|turn|1\n|inactive|blindfishptsd has 30 seconds left.\n|\n|t:|1732290962\n|move|p1a: Maushold|Protect|p1a: Maushold\n|-singleturn|p1a: Maushold|Protect\n|move|p2a: Annihilape|Final Gambit|p1a: Maushold\n|-activate|p1a: Maushold|move: Protect\n|move|p1b: Annihilape|Bulk Up|p1b: Annihilape\n|-boost|p1b: Annihilape|atk|1\n|-boost|p1b: Annihilape|def|1\n|move|p2b: Oranguru|Trick Room|p2b: Oranguru\n|-fieldstart|move: Trick Room|[of] p2b: Oranguru\n|\n|upkeep\n|turn|2\n|\n|t:|1732290974\n|move|p2b: Oranguru|Expanding Force|p1b: Annihilape\n|-supereffective|p1b: Annihilape\n|-damage|p1b: Annihilape|67\/100\n|move|p1b: Annihilape|Rage Fist|p2a: Annihilape\n|-supereffective|p2a: Annihilape\n|-damage|p2a: Annihilape|0 fnt\n|faint|p2a: Annihilape\n|move|p1a: Maushold|Taunt|p2b: Oranguru\n|-start|p2b: Oranguru|move: Taunt\n|\n|-heal|p1b: Annihilape|74\/100|[from] item: Leftovers\n|upkeep\n|\n|t:|1732290988\n|switch|p2a: Torkoal|Torkoal, L50, F|100\/100\n|-weather|SunnyDay|[from] ability: Drought|[of] p2a: Torkoal\n|turn|3\n|inactive|AsukaHikaru has 30 seconds left.\n|\n|t:|1732291017\n|-terastallize|p2a: Torkoal|Fire\n|-terastallize|p1b: Annihilape|Water\n|move|p1a: Maushold|Protect|p1a: Maushold\n|-singleturn|p1a: Maushold|Protect\n|move|p2a: Torkoal|Eruption|p1a: Maushold|[spread] p1b\n|-activate|p1a: Maushold|move: Protect\n|-resisted|p1b: Annihilape\n|-damage|p1b: Annihilape|28\/100\n|move|p2b: Oranguru|Expanding Force|p1b: Annihilape\n|-damage|p1b: Annihilape|11\/100\n|move|p1b: Annihilape|Rage Fist|p2a: Torkoal\n|-crit|p2a: Torkoal\n|-damage|p2a: Torkoal|0 fnt\n|faint|p2a: Torkoal\n|\n|-weather|SunnyDay|[upkeep]\n|-heal|p1b: Annihilape|17\/100|[from] item: Leftovers\n|upkeep\n|\n|t:|1732291022\n|switch|p2a: Ursaluna|Ursaluna-Bloodmoon, L50, M|100\/100\n|turn|4\n|\n|t:|1732291036\n|switch|p1a: Sinistcha|Sinistcha, L50|100\/100\n|-heal|p1b: Annihilape|42\/100|[from] ability: Hospitality|[of] p1a: Sinistcha\n|move|p1b: Annihilape|Protect|p1b: Annihilape\n|-singleturn|p1b: Annihilape|Protect\n|move|p2a: Ursaluna|Hyper Voice|p1b: Annihilape|[spread] p1a\n|-activate|p1b: Annihilape|move: Protect\n|-damage|p1a: Sinistcha|50\/100\n|-enditem|p1a: Sinistcha|Sitrus Berry|[eat]\n|-heal|p1a: Sinistcha|75\/100|[from] item: Sitrus Berry\n|-damage|p2a: Ursaluna|90\/100|[from] item: Life Orb\n|move|p2b: Oranguru|Expanding Force|p1a: Sinistcha\n|-damage|p1a: Sinistcha|49\/100\n|\n|-weather|SunnyDay|[upkeep]\n|-heal|p1b: Annihilape|48\/100|[from] item: Leftovers\n|upkeep\n|turn|5\n|inactive|AsukaHikaru has 30 seconds left.\n|\n|t:|1732291064\n|move|p1a: Sinistcha|Rage Powder|p1a: Sinistcha\n|-singleturn|p1a: Sinistcha|move: Rage Powder\n|move|p2a: Ursaluna|Hyper Voice|p1b: Annihilape|[spread] p1a,p1b\n|-damage|p1a: Sinistcha|0 fnt\n|-damage|p1b: Annihilape|5\/100\n|faint|p1a: Sinistcha\n|-damage|p2a: Ursaluna|80\/100|[from] item: Life Orb\n|move|p2b: Oranguru|Expanding Force|p1b: Annihilape\n|-damage|p1b: Annihilape|0 fnt\n|faint|p1b: Annihilape\n|\n|-weather|SunnyDay|[upkeep]\n|-end|p2b: Oranguru|move: Taunt\n|-fieldend|move: Trick Room\n|upkeep\n|\n|t:|1732291075\n|switch|p1b: Maushold|Maushold-Four, L50|100\/100\n|switch|p1a: Ursaluna|Ursaluna-Bloodmoon, L50, M|100\/100\n|turn|6\n|\n|t:|1732291083\n|move|p1b: Maushold|Taunt|p2b: Oranguru\n|-start|p2b: Oranguru|move: Taunt\n|move|p1a: Ursaluna|Blood Moon|p2a: Ursaluna\n|-damage|p2a: Ursaluna|0 fnt\n|faint|p2a: Ursaluna\n|cant|p2b: Oranguru|move: Taunt|Instruct\n|\n|-weather|SunnyDay|[upkeep]\n|upkeep\n|turn|7\n|-message|blindfishptsd forfeited.\n|\n|win|AsukaHikaru\n|raw|AsukaHikaru's rating: 1665 &rarr; <strong>1690<\/strong><br \/>(+25 for winning)\n|raw|blindfishptsd's rating: 1749 &rarr; <strong>1724<\/strong><br \/>(-25 for losing)\n|l|\u2606blindfishptsd\n|player|p2|\n|l|\u2606AsukaHikaru\n|player|p1|\n","uploadtime":1732291360,"views":8,"formatid":"gen9vgc2024regh","rating":1690,"private":0,"password":null}