{"id":"gen9vgc2024regh-2249350115","format":"[Gen 9] VGC 2024 Reg H","players":["VGCLTH Rain","Stuqid Reg H"],"log":"|raw|<div class=\"broadcast-blue\"><strong>This battle is required to be public due to a player having a name starting with 'vgclth'.<\/div>\n|j|\u2606VGCLTH Rain\n|j|\u2606Stuqid Reg H\n|t:|1732329377\n|gametype|doubles\n|player|p1|VGCLTH Rain|170|1699\n|player|p2|Stuqid Reg H|101|1678\n|teamsize|p1|6\n|teamsize|p2|6\n|gen|9\n|tier|[Gen 9] VGC 2024 Reg H\n|rated|\n|rule|Species Clause: Limit one of each Pok\u00e9mon\n|rule|Item Clause: Limit 1 of each item\n|clearpoke\n|poke|p1|Typhlosion-Hisui, L50, F|\n|poke|p1|Glimmora, L50, M|\n|poke|p1|Grimmsnarl, L50, M|\n|poke|p1|Whimsicott, L50, F|\n|poke|p1|Ursaluna-Bloodmoon, L50, M|\n|poke|p1|Dusclops, L50, M|\n|poke|p2|Dondozo, L50, F|\n|poke|p2|Tatsugiri, L50, M|\n|poke|p2|Gholdengo, L50|\n|poke|p2|Murkrow, L50, M|\n|poke|p2|Annihilape, L50, M|\n|poke|p2|Dragonite, L50, F|\n|teampreview|4\n|inactive|Battle timer is ON: inactive players will automatically lose when time's up. (requested by VGCLTH Rain)\n|\n|t:|1732329401\n|start\n|switch|p1a: Glimmora|Glimmora, L50, M|100\/100\n|switch|p1b: Grimmsnarl|Grimmsnarl, L50, M|100\/100\n|switch|p2a: Gholdengo|Gholdengo, L50|100\/100\n|switch|p2b: Murkrow|Murkrow, L50, M|100\/100\n|turn|1\n|\n|t:|1732329420\n|-terastallize|p2b: Murkrow|Ghost\n|move|p1b: Grimmsnarl|Light Screen|p1b: Grimmsnarl\n|-sidestart|p1: VGCLTH Rain|move: Light Screen\n|move|p2a: Gholdengo|Make It Rain|p1a: Glimmora|[spread] p1a,p1b\n|-supereffective|p1a: Glimmora\n|-supereffective|p1b: Grimmsnarl\n|-enditem|p1a: Glimmora|Focus Sash\n|-damage|p1a: Glimmora|1\/100\n|-damage|p1b: Grimmsnarl|35\/100\n|-unboost|p2a: Gholdengo|spa|1\n|move|p1a: Glimmora|Power Gem|p2b: Murkrow\n|-damage|p2b: Murkrow|51\/100\n|move|p2b: Murkrow|Foul Play|p1a: Glimmora\n|-damage|p1a: Glimmora|0 fnt\n|-activate|p1a: Glimmora|ability: Toxic Debris\n|-sidestart|p2: Stuqid Reg H|move: Toxic Spikes\n|faint|p1a: Glimmora\n|\n|upkeep\n|\n|t:|1732329434\n|switch|p1a: Dusclops|Dusclops, L50, M|100\/100\n|-item|p2a: Gholdengo|Choice Specs|[from] ability: Frisk|[of] p1a: Dusclops\n|-item|p2b: Murkrow|Eviolite|[from] ability: Frisk|[of] p1a: Dusclops\n|turn|2\n|\n|t:|1732329442\n|move|p1b: Grimmsnarl|Reflect|p1b: Grimmsnarl\n|-sidestart|p1: VGCLTH Rain|Reflect\n|move|p2a: Gholdengo|Make It Rain|p1a: Dusclops|[spread] p1a,p1b\n|-supereffective|p1b: Grimmsnarl\n|-damage|p1a: Dusclops|86\/100\n|-damage|p1b: Grimmsnarl|0 fnt\n|-unboost|p2a: Gholdengo|spa|1\n|faint|p1b: Grimmsnarl\n|move|p2b: Murkrow|Foul Play|p1a: Dusclops\n|-supereffective|p1a: Dusclops\n|-damage|p1a: Dusclops|69\/100\n|move|p1a: Dusclops|Trick Room|p1a: Dusclops\n|-fieldstart|move: Trick Room|[of] p1a: Dusclops\n|\n|upkeep\n|\n|t:|1732329446\n|switch|p1b: Ursaluna|Ursaluna-Bloodmoon, L50, M|100\/100\n|turn|3\n|\n|t:|1732329458\n|move|p1a: Dusclops|Helping Hand|p1b: Ursaluna\n|-singleturn|p1b: Ursaluna|Helping Hand|[of] p1a: Dusclops\n|move|p2b: Murkrow|Haze|p2b: Murkrow\n|-clearallboost\n|move|p1b: Ursaluna|Hyper Voice|p2a: Gholdengo|[spread] p2a,p2b\n|-resisted|p2a: Gholdengo\n|-damage|p2a: Gholdengo|67\/100\n|-damage|p2b: Murkrow|0 fnt\n|faint|p2b: Murkrow\n|-enditem|p1b: Ursaluna|Throat Spray\n|-boost|p1b: Ursaluna|spa|1|[from] item: Throat Spray\n|move|p2a: Gholdengo|Make It Rain|p1a: Dusclops|[spread] p1a,p1b\n|-damage|p1a: Dusclops|45\/100\n|-damage|p1b: Ursaluna|45\/100\n|-unboost|p2a: Gholdengo|spa|1\n|\n|upkeep\n|\n|t:|1732329467\n|switch|p2b: Dondozo|Dondozo, L50, F|100\/100\n|-status|p2b: Dondozo|psn\n|turn|4\n|\n|t:|1732329476\n|switch|p2a: Tatsugiri|Tatsugiri, L50, M|100\/100\n|-activate|p2a: Tatsugiri|ability: Commander|[of] p2b: Dondozo\n|-boost|p2b: Dondozo|atk|2\n|-boost|p2b: Dondozo|spa|2\n|-boost|p2b: Dondozo|spe|2\n|-boost|p2b: Dondozo|def|2\n|-boost|p2b: Dondozo|spd|2\n|-terastallize|p1b: Ursaluna|Grass\n|move|p1a: Dusclops|Night Shade|p2b: Dondozo\n|-damage|p2b: Dondozo|79\/100 psn\n|move|p1b: Ursaluna|Blood Moon|p2b: Dondozo\n|-crit|p2b: Dondozo\n|-damage|p2b: Dondozo|0 fnt\n|faint|p2b: Dondozo\n|\n|upkeep\n|\n|t:|1732329480\n|switch|p2b: Gholdengo|Gholdengo, L50|67\/100\n|turn|5\n|\n|t:|1732329503\n|move|p1a: Dusclops|Night Shade|p2b: Gholdengo\n|-damage|p2b: Gholdengo|36\/100\n|move|p1b: Ursaluna|Hyper Voice|p2b: Gholdengo|[spread] p2a,p2b\n|-resisted|p2b: Gholdengo\n|-damage|p2a: Tatsugiri|29\/100\n|-damage|p2b: Gholdengo|5\/100\n|move|p2a: Tatsugiri|Draco Meteor|p1b: Ursaluna\n|-damage|p1b: Ursaluna|0 fnt\n|-unboost|p2a: Tatsugiri|spa|2\n|faint|p1b: Ursaluna\n|move|p2b: Gholdengo|Make It Rain|p1a: Dusclops\n|-damage|p1a: Dusclops|15\/100\n|-unboost|p2b: Gholdengo|spa|1\n|\n|upkeep\n|turn|6\n|\n|t:|1732329517\n|move|p1a: Dusclops|Night Shade|p2b: Gholdengo\n|-damage|p2b: Gholdengo|0 fnt\n|faint|p2b: Gholdengo\n|move|p2a: Tatsugiri|Draco Meteor|p1a: Dusclops\n|-damage|p1a: Dusclops|5\/100\n|-unboost|p2a: Tatsugiri|spa|2\n|\n|-fieldend|move: Trick Room\n|upkeep\n|turn|7\n|\n|t:|1732329525\n|move|p2a: Tatsugiri|Draco Meteor|p1a: Dusclops\n|-damage|p1a: Dusclops|0 fnt\n|-unboost|p2a: Tatsugiri|spa|2\n|faint|p1a: Dusclops\n|\n|win|Stuqid Reg H\n|raw|VGCLTH Rain's rating: 1699 &rarr; <strong>1678<\/strong><br \/>(-21 for losing)\n|raw|Stuqid Reg H's rating: 1678 &rarr; <strong>1699<\/strong><br \/>(+21 for winning)\n|l|\u2606VGCLTH Rain\n|player|p1|\n|l|\u2606Stuqid Reg H\n|player|p2|\n|j| volcaronavgc\n","uploadtime":1732329635,"views":14,"formatid":"gen9vgc2024regh","rating":1678,"private":0,"password":null}