{"id":"gen9vgc2024regh-2249618518","format":"[Gen 9] VGC 2024 Reg H","players":["Djjwjwwjj","VGCLTH WitchMag"],"log":"|j|\u2606Djjwjwwjj\n|j|\u2606VGCLTH WitchMag\n|t:|1732377887\n|gametype|doubles\n|player|p1|Djjwjwwjj|170|1798\n|player|p2|VGCLTH WitchMag|cynthia-masters|1695\n|teamsize|p1|6\n|teamsize|p2|6\n|gen|9\n|tier|[Gen 9] VGC 2024 Reg H\n|rated|\n|rule|Species Clause: Limit one of each Pok\u00e9mon\n|rule|Item Clause: Limit 1 of each item\n|clearpoke\n|poke|p1|Pelipper, L50, M|\n|poke|p1|Incineroar, L50, M|\n|poke|p1|Palafin, L50, F|\n|poke|p1|Archaludon, L50, M|\n|poke|p1|Amoonguss, L50, F|\n|poke|p1|Farigiraf, L50, F|\n|poke|p2|Glimmora, L50, F|\n|poke|p2|Gholdengo, L50|\n|poke|p2|Garchomp, L50, M|\n|poke|p2|Talonflame, L50, M|\n|poke|p2|Rillaboom, L50, M|\n|poke|p2|Primarina, L50, M|\n|teampreview|4\n|inactive|Battle timer is ON: inactive players will automatically lose when time's up. (requested by Djjwjwwjj)\n|inactive|Djjwjwwjj has 60 seconds left.\n|inactive|VGCLTH WitchMag has 60 seconds left.\n|\n|t:|1732377944\n|start\n|switch|p1a: Palafin|Palafin, L50, F|100\/100\n|switch|p1b: Pelipper|Pelipper, L50, M|100\/100\n|switch|p2a: Penelope|Gholdengo, L50|100\/100\n|switch|p2b: Circe|Glimmora, L50, F|100\/100\n|-weather|RainDance|[from] ability: Drizzle|[of] p1b: Pelipper\n|turn|1\n|\n|t:|1732377968\n|-terastallize|p2b: Circe|Grass\n|move|p1b: Pelipper|Hurricane|p2b: Circe\n|-supereffective|p2b: Circe\n|-damage|p2b: Circe|0 fnt\n|faint|p2b: Circe\n|move|p1a: Palafin|Flip Turn|p2a: Penelope\n|-damage|p2a: Penelope|43\/100\n|\n|t:|1732377979\n|detailschange|p1a: Palafin|Palafin-Hero, L50, F\n|switch|p1a: Archaludon|Archaludon, L50, M|100\/100|[from] Flip Turn\n|move|p2a: Penelope|Make It Rain|p1a: Archaludon|[spread] p1a,p1b\n|-resisted|p1a: Archaludon\n|-resisted|p1b: Pelipper\n|-damage|p1a: Archaludon|76\/100\n|-damage|p1b: Pelipper|34\/100\n|-unboost|p2a: Penelope|spa|1\n|-ability|p1a: Archaludon|Stamina|boost\n|-boost|p1a: Archaludon|def|1\n|\n|-weather|RainDance|[upkeep]\n|upkeep\n|\n|t:|1732377981\n|switch|p2b: Sirens|Primarina, L50, M|100\/100\n|turn|2\n|\n|t:|1732378000\n|switch|p2b: Polyphemus|Rillaboom, L50, M|100\/100\n|-fieldstart|move: Grassy Terrain|[from] ability: Grassy Surge|[of] p2b: Polyphemus\n|move|p1b: Pelipper|Hurricane|p2b: Polyphemus\n|-supereffective|p2b: Polyphemus\n|-damage|p2b: Polyphemus|29\/100\n|move|p2a: Penelope|Make It Rain|p1a: Archaludon|[spread] p1a,p1b\n|-resisted|p1a: Archaludon\n|-resisted|p1b: Pelipper\n|-damage|p1a: Archaludon|59\/100\n|-damage|p1b: Pelipper|0 fnt\n|-unboost|p2a: Penelope|spa|1\n|-ability|p1a: Archaludon|Stamina|boost\n|-boost|p1a: Archaludon|def|1\n|faint|p1b: Pelipper\n|move|p1a: Archaludon|Electro Shot||[still]\n|-prepare|p1a: Archaludon|Electro Shot\n|-boost|p1a: Archaludon|spa|1\n|-anim|p1a: Archaludon|Electro Shot|p2a: Penelope\n|-damage|p2a: Penelope|0 fnt\n|faint|p2a: Penelope\n|\n|-weather|RainDance|[upkeep]\n|-heal|p1a: Archaludon|65\/100|[from] Grassy Terrain\n|-heal|p2b: Polyphemus|35\/100|[from] Grassy Terrain\n|upkeep\n|j| VGCLTH R0gue\n|\n|t:|1732378025\n|switch|p2a: Sirens|Primarina, L50, M|100\/100\n|switch|p1b: Incineroar|Incineroar, L50, M|100\/100\n|-ability|p1b: Incineroar|Intimidate|boost\n|-unboost|p2a: Sirens|atk|1\n|-unboost|p2b: Polyphemus|atk|1\n|turn|3\n|\n|t:|1732378047\n|move|p2b: Polyphemus|Fake Out|p1a: Archaludon\n|-resisted|p1a: Archaludon\n|-damage|p1a: Archaludon|63\/100\n|-ability|p1a: Archaludon|Stamina|boost\n|-boost|p1a: Archaludon|def|1\n|move|p1b: Incineroar|Fake Out|p2a: Sirens\n|-damage|p2a: Sirens|91\/100\n|cant|p1a: Archaludon|flinch\n|cant|p2a: Sirens|flinch\n|\n|-weather|RainDance|[upkeep]\n|-heal|p1a: Archaludon|69\/100|[from] Grassy Terrain\n|-heal|p2b: Polyphemus|41\/100|[from] Grassy Terrain\n|-heal|p2a: Sirens|97\/100|[from] Grassy Terrain\n|upkeep\n|turn|4\n|inactive|Djjwjwwjj has 30 seconds left.\n|\n|t:|1732378073\n|move|p1a: Archaludon|Body Press|p2b: Polyphemus\n|-damage|p2b: Polyphemus|0 fnt\n|faint|p2b: Polyphemus\n|move|p1b: Incineroar|Parting Shot|p2a: Sirens\n|-unboost|p2a: Sirens|atk|1\n|-unboost|p2a: Sirens|spa|1\n|\n|t:|1732378079\n|switch|p1b: Palafin|Palafin-Hero, L50, F|100\/100|[from] Parting Shot\n|-activate|p1b: Palafin|ability: Zero to Hero\n|move|p2a: Sirens|Hyper Voice|p1b: Palafin|[spread] p1a,p1b\n|-resisted|p1a: Archaludon\n|-resisted|p1b: Palafin\n|-damage|p1a: Archaludon|59\/100\n|-damage|p1b: Palafin|85\/100\n|-ability|p1a: Archaludon|Stamina|boost\n|-boost|p1a: Archaludon|def|1\n|-enditem|p2a: Sirens|Throat Spray\n|-boost|p2a: Sirens|spa|1|[from] item: Throat Spray\n|\n|-weather|RainDance|[upkeep]\n|-heal|p1b: Palafin|92\/100|[from] Grassy Terrain\n|-heal|p1a: Archaludon|65\/100|[from] Grassy Terrain\n|-heal|p2a: Sirens|100\/100|[from] Grassy Terrain\n|upkeep\n|turn|5\n|-message|VGCLTH WitchMag forfeited.\n|\n|win|Djjwjwwjj\n|raw|Djjwjwwjj's rating: 1798 &rarr; <strong>1813<\/strong><br \/>(+15 for winning)\n|raw|VGCLTH WitchMag's rating: 1716 &rarr; <strong>1701<\/strong><br \/>(-15 for losing)\n|l|\u2606VGCLTH WitchMag\n|player|p2|\n|l| VGCLTH R0gue\n","uploadtime":1732378271,"views":5,"formatid":"gen9vgc2024regh","rating":1701,"private":0,"password":null}