{"id":"gen9vgc2024regh-2249671552","format":"[Gen 9] VGC 2024 Reg H","players":["VGCLTH WitchMag","Djjwjwwjj"],"log":"|j|\u2606VGCLTH WitchMag\n|j|\u2606Djjwjwwjj\n|t:|1732384726\n|gametype|doubles\n|player|p1|VGCLTH WitchMag|cynthia-masters|1741\n|player|p2|Djjwjwwjj|170|1763\n|teamsize|p1|6\n|teamsize|p2|6\n|gen|9\n|tier|[Gen 9] VGC 2024 Reg H\n|rated|\n|rule|Species Clause: Limit one of each Pok\u00e9mon\n|rule|Item Clause: Limit 1 of each item\n|clearpoke\n|poke|p1|Glimmora, L50, M|\n|poke|p1|Gholdengo, L50|\n|poke|p1|Garchomp, L50, M|\n|poke|p1|Talonflame, L50, F|\n|poke|p1|Rillaboom, L50, F|\n|poke|p1|Primarina, L50, M|\n|poke|p2|Pelipper, L50, F|\n|poke|p2|Incineroar, L50, M|\n|poke|p2|Palafin, L50, F|\n|poke|p2|Archaludon, L50, M|\n|poke|p2|Amoonguss, L50, F|\n|poke|p2|Farigiraf, L50, M|\n|teampreview|4\n|inactive|Battle timer is ON: inactive players will automatically lose when time's up. (requested by Djjwjwwjj)\n|inactive|Djjwjwwjj has 60 seconds left.\n|\n|t:|1732384763\n|start\n|switch|p1a: Circe|Glimmora, L50, M|100\/100\n|switch|p1b: Penelope|Gholdengo, L50|100\/100\n|switch|p2a: Incineroar|Incineroar, L50, M|100\/100\n|switch|p2b: Farigiraf|Farigiraf, L50, M|100\/100\n|-ability|p2a: Incineroar|Intimidate|boost\n|-unboost|p1a: Circe|atk|1\n|-unboost|p1b: Penelope|atk|1\n|turn|1\n|j| Christianfinity\n|\n|t:|1732384778\n|-terastallize|p1b: Penelope|Steel\n|move|p2a: Incineroar|Fake Out|p1a: Circe\n|-resisted|p1a: Circe\n|-damage|p1a: Circe|94\/100\n|-activate|p1a: Circe|ability: Toxic Debris\n|-sidestart|p2: Djjwjwwjj|move: Toxic Spikes\n|cant|p1a: Circe|flinch\n|move|p1b: Penelope|Make It Rain|p2a: Incineroar|[spread] p2a,p2b\n|-resisted|p2a: Incineroar\n|-damage|p2a: Incineroar|53\/100\n|-damage|p2b: Farigiraf|29\/100\n|-unboost|p1b: Penelope|spa|1\n|move|p2b: Farigiraf|Trick Room|p2b: Farigiraf\n|-fieldstart|move: Trick Room|[of] p2b: Farigiraf\n|\n|upkeep\n|turn|2\n|j| thacrow\n|j| jimothym1\n|inactive|Djjwjwwjj has 30 seconds left.\n|\n|t:|1732384803\n|switch|p1b: Polyphemus|Rillaboom, L50, F|100\/100\n|-fieldstart|move: Grassy Terrain|[from] ability: Grassy Surge|[of] p1b: Polyphemus\n|move|p2b: Farigiraf|Twin Beam|p1a: Circe\n|-supereffective|p1a: Circe\n|-damage|p1a: Circe|55\/100\n|-supereffective|p1a: Circe\n|-damage|p1a: Circe|9\/100\n|-hitcount|p1a: Circe|2\n|move|p2a: Incineroar|Flare Blitz|p1b: Polyphemus\n|-supereffective|p1b: Polyphemus\n|-damage|p1b: Polyphemus|5\/100\n|-damage|p2a: Incineroar|26\/100|[from] Recoil\n|move|p1a: Circe|Meteor Beam||[still]\n|-prepare|p1a: Circe|Meteor Beam\n|-boost|p1a: Circe|spa|1\n|-enditem|p1a: Circe|Power Herb\n|-anim|p1a: Circe|Meteor Beam|p2b: Farigiraf\n|-damage|p2b: Farigiraf|0 fnt\n|faint|p2b: Farigiraf\n|\n|-heal|p2a: Incineroar|32\/100|[from] Grassy Terrain\n|-heal|p1b: Polyphemus|11\/100|[from] Grassy Terrain\n|-heal|p1a: Circe|15\/100|[from] Grassy Terrain\n|upkeep\n|\n|t:|1732384827\n|switch|p2b: Archaludon|Archaludon, L50, M|100\/100\n|turn|3\n|j| RiotJuice\n|l| jimothym1\n|inactive|Djjwjwwjj has 30 seconds left.\n|l| thacrow\n|l| RiotJuice\n|inactive|Djjwjwwjj has 20 seconds left.\n|j| thacrow\n|inactive|Djjwjwwjj has 15 seconds left.\n|inactive|Djjwjwwjj has 10 seconds left.\n|\n|t:|1732384873\n|move|p1a: Circe|Spiky Shield|p1a: Circe\n|-singleturn|p1a: Circe|move: Protect\n|move|p2a: Incineroar|Fake Out||[still]\n|-hint|Fake Out only works on your first turn out.\n|-fail|p2a: Incineroar\n|move|p1b: Polyphemus|Fake Out|p2a: Incineroar\n|-damage|p2a: Incineroar|19\/100\n|move|p2b: Archaludon|Dragon Pulse|p1a: Circe\n|-activate|p1a: Circe|move: Protect\n|\n|-heal|p2a: Incineroar|25\/100|[from] Grassy Terrain\n|-heal|p1b: Polyphemus|18\/100|[from] Grassy Terrain\n|-heal|p1a: Circe|21\/100|[from] Grassy Terrain\n|upkeep\n|turn|4\n|j| IWI Red\n|inactive|Djjwjwwjj has 30 seconds left.\n|\n|t:|1732384901\n|switch|p2a: Pelipper|Pelipper, L50, F|100\/100\n|-weather|RainDance|[from] ability: Drizzle|[of] p2a: Pelipper\n|switch|p1a: Penelope|Gholdengo, L50, tera:Steel|100\/100\n|move|p1b: Polyphemus|Grassy Glide|p2a: Pelipper\n|-damage|p2a: Pelipper|45\/100\n|move|p2b: Archaludon|Electro Shot||[still]\n|-prepare|p2b: Archaludon|Electro Shot\n|-boost|p2b: Archaludon|spa|1\n|-anim|p2b: Archaludon|Electro Shot|p1a: Penelope\n|-damage|p1a: Penelope|32\/100\n|\n|-weather|RainDance|[upkeep]\n|-heal|p1b: Polyphemus|24\/100|[from] Grassy Terrain\n|-heal|p1a: Penelope|38\/100|[from] Grassy Terrain\n|upkeep\n|turn|5\n|\n|t:|1732384923\n|switch|p1a: Athena|Garchomp, L50, M|100\/100\n|switch|p2a: Incineroar|Incineroar, L50, M|25\/100\n|-status|p2a: Incineroar|psn\n|-ability|p2a: Incineroar|Intimidate|boost\n|-unboost|p1a: Athena|atk|1\n|-unboost|p1b: Polyphemus|atk|1\n|move|p1b: Polyphemus|Grassy Glide|p2a: Incineroar\n|-resisted|p2a: Incineroar\n|-damage|p2a: Incineroar|11\/100 psn\n|move|p2b: Archaludon|Electro Shot||[still]\n|-prepare|p2b: Archaludon|Electro Shot\n|-boost|p2b: Archaludon|spa|1\n|-anim|p2b: Archaludon|Electro Shot|p1a: Athena\n|-immune|p1a: Athena\n|\n|-weather|RainDance|[upkeep]\n|-heal|p2a: Incineroar|17\/100 psn|[from] Grassy Terrain\n|-heal|p1b: Polyphemus|30\/100|[from] Grassy Terrain\n|-damage|p2a: Incineroar|5\/100 psn|[from] psn\n|-fieldend|move: Trick Room\n|upkeep\n|turn|6\n|inactive|VGCLTH WitchMag has 30 seconds left.\n|inactive|Djjwjwwjj has 30 seconds left.\n|\n|t:|1732384958\n|-terastallize|p2b: Archaludon|Grass\n|move|p1a: Athena|Protect|p1a: Athena\n|-singleturn|p1a: Athena|Protect\n|move|p2b: Archaludon|Dragon Pulse|p1a: Athena\n|-activate|p1a: Athena|move: Protect\n|move|p1b: Polyphemus|Knock Off|p2b: Archaludon\n|-damage|p2b: Archaludon|83\/100\n|-ability|p2b: Archaludon|Stamina|boost\n|-boost|p2b: Archaludon|def|1\n|-enditem|p2b: Archaludon|Assault Vest|[from] move: Knock Off|[of] p1b: Polyphemus\n|move|p2a: Incineroar|Flare Blitz|p1b: Polyphemus\n|-supereffective|p1b: Polyphemus\n|-damage|p1b: Polyphemus|0 fnt\n|faint|p1b: Polyphemus\n|-damage|p2a: Incineroar|0 fnt|[from] Recoil\n|faint|p2a: Incineroar\n|\n|-weather|RainDance|[upkeep]\n|-heal|p2b: Archaludon|89\/100|[from] Grassy Terrain\n|-fieldend|move: Grassy Terrain\n|upkeep\n|\n|t:|1732384979\n|switch|p1b: Circe|Glimmora, L50, M|21\/100\n|switch|p2a: Pelipper|Pelipper, L50, F|45\/100\n|turn|7\n|j| FBISurveillanceMan\n|\n|t:|1732384992\n|move|p2a: Pelipper|Weather Ball|p1b: Circe\n|-supereffective|p1b: Circe\n|-damage|p1b: Circe|0 fnt\n|faint|p1b: Circe\n|move|p1a: Athena|Dragon Claw|p2a: Pelipper\n|-damage|p2a: Pelipper|0 fnt\n|faint|p2a: Pelipper\n|-damage|p1a: Athena|91\/100|[from] item: Life Orb\n|move|p2b: Archaludon|Dragon Pulse|p1a: Athena\n|-supereffective|p1a: Athena\n|-damage|p1a: Athena|0 fnt\n|faint|p1a: Athena\n|\n|-weather|RainDance|[upkeep]\n|upkeep\n|j| R0gueVGC\n|\n|t:|1732385007\n|switch|p1a: Penelope|Gholdengo, L50, tera:Steel|38\/100\n|turn|8\n|\n|t:|1732385013\n|move|p1a: Penelope|Make It Rain|p2b: Archaludon\n|-damage|p2b: Archaludon|0 fnt\n|-unboost|p1a: Penelope|spa|1\n|faint|p2b: Archaludon\n|\n|win|VGCLTH WitchMag\n|raw|VGCLTH WitchMag's rating: 1741 &rarr; <strong>1762<\/strong><br \/>(+21 for winning)\n|raw|Djjwjwwjj's rating: 1763 &rarr; <strong>1742<\/strong><br \/>(-21 for losing)\n|l|\u2606Djjwjwwjj\n|player|p2|\n|l|\u2606VGCLTH WitchMag\n|player|p1|\n|l| thacrow\n|l| R0gueVGC\n|l| Christianfinity\n","uploadtime":1732385211,"views":11,"formatid":"gen9vgc2024regh","rating":1742,"private":0,"password":null}