{"id":"gen9vgc2024regh-2249617354","format":"[Gen 9] VGC 2024 Reg H","players":["VGCLTH ladderboy66","jbleacher2"],"log":"|raw|<div class=\"broadcast-blue\"><strong>This battle is required to be public due to a player having a name starting with 'vgclth'.<\/div>\n|j|\u2606VGCLTH ladderboy66\n|j|\u2606jbleacher2\n|t:|1732377733\n|gametype|doubles\n|player|p1|VGCLTH ladderboy66|169|1703\n|player|p2|jbleacher2|266|1734\n|teamsize|p1|6\n|teamsize|p2|6\n|gen|9\n|tier|[Gen 9] VGC 2024 Reg H\n|rated|\n|rule|Species Clause: Limit one of each Pok\u00e9mon\n|rule|Item Clause: Limit 1 of each item\n|clearpoke\n|poke|p1|Archaludon, L50, M|\n|poke|p1|Dragonite, L50, M|\n|poke|p1|Pelipper, L50, F|\n|poke|p1|Ursaluna, L50, M|\n|poke|p1|Sinistcha, L50|\n|poke|p1|Gholdengo, L50|\n|poke|p2|Murkrow, L50, M|\n|poke|p2|Volcarona, L50, M|\n|poke|p2|Oricorio-Pom-Pom, L50, F|\n|poke|p2|Quaquaval, L50, M|\n|poke|p2|Archaludon, L50, F|\n|poke|p2|Golduck, L50, M|\n|teampreview|4\n|inactive|Battle timer is ON: inactive players will automatically lose when time's up. (requested by jbleacher2)\n|inactive|VGCLTH ladderboy66 has 60 seconds left.\n|inactive|jbleacher2 has 60 seconds left.\n|inactive|VGCLTH ladderboy66 has 30 seconds left.\n|\n|t:|1732377794\n|start\n|switch|p1a: Dragonite|Dragonite, L50, M|100\/100\n|switch|p1b: Gholdengo|Gholdengo, L50|100\/100\n|switch|p2a: Volcarona|Volcarona, L50, M|100\/100\n|switch|p2b: Oricorio|Oricorio-Pom-Pom, L50, F, shiny|100\/100\n|turn|1\n|\n|t:|1732377809\n|-terastallize|p2b: Oricorio|Fairy\n|move|p1b: Gholdengo|Trick|p2a: Volcarona\n|-activate|p1b: Gholdengo|move: Trick|[of] p2a: Volcarona\n|-item|p2a: Volcarona|Choice Scarf|[from] move: Trick\n|-item|p1b: Gholdengo|Leftovers|[from] move: Trick\n|move|p2a: Volcarona|Fiery Dance|p1a: Dragonite\n|-resisted|p1a: Dragonite\n|-crit|p1a: Dragonite\n|-damage|p1a: Dragonite|85\/100\n|-activate|p2b: Oricorio|ability: Dancer\n|move|p2b: Oricorio|Fiery Dance|p1a: Dragonite|[from]ability: Dancer\n|-resisted|p1a: Dragonite\n|-damage|p1a: Dragonite|72\/100\n|-boost|p2b: Oricorio|spa|1\n|move|p2b: Oricorio|Revelation Dance|p1a: Dragonite\n|-supereffective|p1a: Dragonite\n|-damage|p1a: Dragonite|0 fnt\n|faint|p1a: Dragonite\n|\n|upkeep\n|j| trauma breaker\n|\n|t:|1732377822\n|switch|p1a: Ursaluna|Ursaluna, L50, M|100\/100\n|turn|2\n|inactive|VGCLTH ladderboy66 has 30 seconds left.\n|\n|t:|1732377851\n|-terastallize|p1b: Gholdengo|Flying\n|move|p2b: Oricorio|Protect|p2b: Oricorio\n|-singleturn|p2b: Oricorio|Protect\n|move|p1a: Ursaluna|Protect|p1a: Ursaluna\n|-singleturn|p1a: Ursaluna|Protect\n|move|p2a: Volcarona|Fiery Dance|p1b: Gholdengo\n|-damage|p1b: Gholdengo|55\/100\n|-boost|p2a: Volcarona|spa|1\n|-activate|p2b: Oricorio|ability: Dancer\n|move|p2b: Oricorio|Fiery Dance|p1b: Gholdengo|[from]ability: Dancer\n|-damage|p1b: Gholdengo|13\/100\n|move|p1b: Gholdengo|Make It Rain|p2b: Oricorio|[spread] p2a\n|-activate|p2b: Oricorio|move: Protect\n|-resisted|p2a: Volcarona\n|-damage|p2a: Volcarona|72\/100\n|-unboost|p1b: Gholdengo|spa|1\n|\n|-heal|p1b: Gholdengo|19\/100|[from] item: Leftovers\n|-status|p1a: Ursaluna|brn|[from] item: Flame Orb\n|upkeep\n|turn|3\n|\n|t:|1732377867\n|move|p1b: Gholdengo|Protect|p1b: Gholdengo\n|-singleturn|p1b: Gholdengo|Protect\n|move|p2a: Volcarona|Fiery Dance|p1b: Gholdengo\n|-activate|p1b: Gholdengo|move: Protect\n|move|p2b: Oricorio|Baton Pass|p2b: Oricorio\n|\n|t:|1732377871\n|switch|p2b: Archaludon|Archaludon, L50, F|100\/100|[from] Baton Pass\n|move|p1a: Ursaluna|Earthquake|p2a: Volcarona|[spread] p2a,p2b\n|-activate|p1b: Gholdengo|move: Protect\n|-supereffective|p2b: Archaludon\n|-damage|p2a: Volcarona|0 fnt\n|-damage|p2b: Archaludon|5\/100\n|-ability|p2b: Archaludon|Stamina|boost\n|-boost|p2b: Archaludon|def|1\n|faint|p2a: Volcarona\n|\n|-heal|p1b: Gholdengo|25\/100|[from] item: Leftovers\n|-damage|p1a: Ursaluna|95\/100 brn|[from] brn\n|upkeep\n|j| VGCLTH R0gue\n|\n|t:|1732377880\n|switch|p2a: Murkrow|Murkrow, L50, M, shiny|100\/100\n|turn|4\n|\n|t:|1732377900\n|switch|p1a: Sinistcha|Sinistcha, L50|100\/100\n|-heal|p1b: Gholdengo|50\/100|[from] ability: Hospitality|[of] p1a: Sinistcha\n|move|p2a: Murkrow|Tailwind|p2a: Murkrow\n|-sidestart|p2: jbleacher2|move: Tailwind\n|move|p2b: Archaludon|Dragon Pulse|p1a: Sinistcha\n|-damage|p1a: Sinistcha|51\/100\n|move|p1b: Gholdengo|Make It Rain|p2b: Archaludon|[spread] p2a,p2b\n|-resisted|p2b: Archaludon\n|-damage|p2a: Murkrow|66\/100\n|-damage|p2b: Archaludon|0 fnt\n|-unboost|p1b: Gholdengo|spa|1\n|faint|p2b: Archaludon\n|\n|-heal|p1b: Gholdengo|56\/100|[from] item: Leftovers\n|upkeep\n|\n|t:|1732377903\n|switch|p2b: Oricorio|Oricorio-Pom-Pom, L50, F, shiny, tera:Fairy|100\/100\n|turn|5\n|\n|t:|1732377923\n|move|p2b: Oricorio|Revelation Dance|p1b: Gholdengo\n|-damage|p1b: Gholdengo|5\/100\n|move|p2a: Murkrow|Brave Bird|p1a: Sinistcha\n|-supereffective|p1a: Sinistcha\n|-damage|p1a: Sinistcha|0 fnt\n|faint|p1a: Sinistcha\n|-damage|p2a: Murkrow|48\/100|[from] Recoil\n|move|p1b: Gholdengo|Make It Rain|p2b: Oricorio|[spread] p2a,p2b\n|-supereffective|p2b: Oricorio\n|-damage|p2a: Murkrow|19\/100\n|-damage|p2b: Oricorio|31\/100\n|-unboost|p1b: Gholdengo|spa|1\n|\n|-heal|p1b: Gholdengo|11\/100|[from] item: Leftovers\n|upkeep\n|l| trauma breaker\n|\n|t:|1732377936\n|switch|p1a: Ursaluna|Ursaluna, L50, M|95\/100 brn\n|turn|6\n|\n|t:|1732377948\n|move|p2a: Murkrow|Feather Dance|p1a: Ursaluna\n|-unboost|p1a: Ursaluna|atk|2\n|-activate|p2b: Oricorio|ability: Dancer\n|move|p2b: Oricorio|Feather Dance|p1a: Ursaluna|[from]ability: Dancer\n|-unboost|p1a: Ursaluna|atk|2\n|move|p2b: Oricorio|Revelation Dance|p1b: Gholdengo\n|-damage|p1b: Gholdengo|0 fnt\n|faint|p1b: Gholdengo\n|move|p1a: Ursaluna|Facade|p2b: Oricorio\n|-damage|p2b: Oricorio|0 fnt\n|faint|p2b: Oricorio\n|\n|-damage|p1a: Ursaluna|89\/100 brn|[from] brn\n|upkeep\n|turn|7\n|\n|t:|1732377964\n|move|p2a: Murkrow|Brave Bird|p1a: Ursaluna\n|-damage|p1a: Ursaluna|63\/100 brn\n|-damage|p2a: Murkrow|8\/100|[from] Recoil\n|move|p1a: Ursaluna|Facade|p2a: Murkrow\n|-damage|p2a: Murkrow|0 fnt\n|faint|p2a: Murkrow\n|\n|win|VGCLTH ladderboy66\n|raw|VGCLTH ladderboy66's rating: 1703 &rarr; <strong>1725<\/strong><br \/>(+22 for winning)\n|raw|jbleacher2's rating: 1734 &rarr; <strong>1712<\/strong><br \/>(-22 for losing)\n|c|\u2606VGCLTH ladderboy66|please stop runnign this team\n|l|\u2606jbleacher2\n|player|p2|\n|c|\u2606VGCLTH ladderboy66|pleassse\n|c|\u2606VGCLTH ladderboy66|i cant take it anymore\n|l|\u2606VGCLTH ladderboy66\n|player|p1|\n|c| VGCLTH R0gue|yeah please stop\n|l| VGCLTH R0gue\n","uploadtime":1732378133,"views":7,"formatid":"gen9vgc2024regh","rating":1712,"private":0,"password":null}