{"id":"gen9vgc2024regh-2249210628","format":"[Gen 9] VGC 2024 Reg H","players":["chappell murkroan","DragonKenergy"],"log":"|j|\u2606chappell murkroan\n|j|\u2606DragonKenergy\n|t:|1732311310\n|gametype|doubles\n|player|p1|chappell murkroan|caitlin|1764\n|player|p2|DragonKenergy|ingo|1796\n|teamsize|p1|6\n|teamsize|p2|6\n|gen|9\n|tier|[Gen 9] VGC 2024 Reg H\n|rated|\n|rule|Species Clause: Limit one of each Pok\u00e9mon\n|rule|Item Clause: Limit 1 of each item\n|clearpoke\n|poke|p1|Basculegion, L50, M|\n|poke|p1|Sneasler, L50, F|\n|poke|p1|Gholdengo, L50|\n|poke|p1|Archaludon, L50, F|\n|poke|p1|Pelipper, L50, F|\n|poke|p1|Amoonguss, L50, M|\n|poke|p2|Sneasler, L50, F|\n|poke|p2|Dragonite, L50, M|\n|poke|p2|Milotic, L50, M|\n|poke|p2|Indeedee, L50, M|\n|poke|p2|Typhlosion-Hisui, L50, M|\n|poke|p2|Whimsicott, L50, F|\n|teampreview|4\n|inactive|Battle timer is ON: inactive players will automatically lose when time's up. (requested by chappell murkroan)\n|c|\u2606chappell murkroan|coated name\n|c|\u2606chappell murkroan|goated\n|inactive|DragonKenergy has 60 seconds left.\n|\n|t:|1732311344\n|start\n|switch|p1a: Sneasler|Sneasler, L50, F|100\/100\n|switch|p1b: Pelipper|Pelipper, L50, F|100\/100\n|switch|p2a: Indeedee|Indeedee, L50, M|100\/100\n|switch|p2b: Milotic|Milotic, L50, M|100\/100\n|-fieldstart|move: Psychic Terrain|[from] ability: Psychic Surge|[of] p2a: Indeedee\n|-weather|RainDance|[from] ability: Drizzle|[of] p1b: Pelipper\n|turn|1\n|\n|t:|1732311359\n|move|p1a: Sneasler|Dire Claw|p2a: Indeedee\n|-damage|p2a: Indeedee|6\/100\n|-status|p2a: Indeedee|slp\n|cant|p2a: Indeedee|slp\n|move|p2b: Milotic|Icy Wind|p1b: Pelipper|[spread] p1b\n|-miss|p2b: Milotic|p1a: Sneasler\n|-damage|p1b: Pelipper|86\/100\n|move|p1b: Pelipper|Weather Ball|p2a: Indeedee\n|-crit|p2a: Indeedee\n|-damage|p2a: Indeedee|0 fnt\n|faint|p2a: Indeedee\n|\n|-weather|RainDance|[upkeep]\n|upkeep\n|\n|t:|1732311377\n|switch|p2a: Dragonite|Dragonite, L50, M|100\/100\n|turn|2\n|\n|t:|1732311388\n|move|p1a: Sneasler|Dire Claw|p2a: Dragonite\n|-damage|p2a: Dragonite|76\/100\n|-status|p2a: Dragonite|slp\n|cant|p2a: Dragonite|slp\n|move|p2b: Milotic|Scald|p1a: Sneasler\n|-damage|p1a: Sneasler|37\/100\n|move|p1b: Pelipper|Hurricane|p2a: Dragonite\n|-damage|p2a: Dragonite|25\/100 slp\n|-start|p2a: Dragonite|confusion\n|\n|-weather|RainDance|[upkeep]\n|upkeep\n|turn|3\n|j| futonkagebunshin\n|\n|t:|1732311407\n|move|p1a: Sneasler|Dire Claw|p2a: Dragonite\n|-damage|p2a: Dragonite|0 fnt\n|faint|p2a: Dragonite\n|move|p2b: Milotic|Scald|p1a: Sneasler\n|-damage|p1a: Sneasler|0 fnt\n|faint|p1a: Sneasler\n|move|p1b: Pelipper|Hurricane|p2b: Milotic\n|-damage|p2b: Milotic|76\/100\n|\n|-weather|RainDance|[upkeep]\n|upkeep\n|\n|t:|1732311413\n|switch|p1a: Archaludon|Archaludon, L50, F|100\/100\n|switch|p2a: Sneasler|Sneasler, L50, F|100\/100\n|-enditem|p2a: Sneasler|Psychic Seed\n|-boost|p2a: Sneasler|spd|1|[from] item: Psychic Seed\n|turn|4\n|inactive|DragonKenergy has 30 seconds left.\n|\n|t:|1732311444\n|-terastallize|p1a: Archaludon|Bug\n|move|p2a: Sneasler|Protect|p2a: Sneasler\n|-singleturn|p2a: Sneasler|Protect\n|move|p1a: Archaludon|Electro Shot||[still]\n|-prepare|p1a: Archaludon|Electro Shot\n|-boost|p1a: Archaludon|spa|1\n|-anim|p1a: Archaludon|Electro Shot|p2b: Milotic\n|-supereffective|p2b: Milotic\n|-damage|p2b: Milotic|20\/100\n|move|p2b: Milotic|Ice Beam|p1b: Pelipper\n|-damage|p1b: Pelipper|53\/100\n|move|p1b: Pelipper|Hurricane|p2a: Sneasler\n|-activate|p2a: Sneasler|move: Protect\n|\n|-weather|RainDance|[upkeep]\n|upkeep\n|turn|5\n|\n|t:|1732311464\n|-terastallize|p2a: Sneasler|Dark\n|move|p2a: Sneasler|Dire Claw|p1a: Archaludon\n|-damage|p1a: Archaludon|72\/100\n|-status|p1a: Archaludon|slp\n|-ability|p1a: Archaludon|Stamina|boost\n|-boost|p1a: Archaludon|def|1\n|cant|p1a: Archaludon|slp\n|move|p2b: Milotic|Ice Beam|p1b: Pelipper\n|-damage|p1b: Pelipper|20\/100\n|move|p1b: Pelipper|Hurricane|p2a: Sneasler\n|-damage|p2a: Sneasler|58\/100\n|\n|-weather|none\n|-fieldend|move: Psychic Terrain\n|upkeep\n|turn|6\n|\n|t:|1732311488\n|switch|p1b: Basculegion|Basculegion, L50, M|100\/100\n|move|p2a: Sneasler|Dire Claw|p1b: Basculegion\n|-resisted|p1b: Basculegion\n|-damage|p1b: Basculegion|74\/100\n|-status|p1b: Basculegion|slp\n|cant|p1a: Archaludon|slp\n|move|p2b: Milotic|Scald|p1a: Archaludon\n|-damage|p1a: Archaludon|44\/100 slp\n|-ability|p1a: Archaludon|Stamina|boost\n|-boost|p1a: Archaludon|def|1\n|\n|upkeep\n|turn|7\n|c|\u2606chappell murkroan|LOL\n|\n|t:|1732311508\n|cant|p1b: Basculegion|slp\n|move|p2a: Sneasler|Dire Claw|p1a: Archaludon\n|-damage|p1a: Archaludon|27\/100 slp\n|-ability|p1a: Archaludon|Stamina|boost\n|-boost|p1a: Archaludon|def|1\n|-curestatus|p1a: Archaludon|slp|[msg]\n|move|p1a: Archaludon|Body Press|p2b: Milotic\n|-damage|p2b: Milotic|0 fnt\n|faint|p2b: Milotic\n|\n|upkeep\n|turn|8\n|\n|t:|1732311522\n|move|p2a: Sneasler|Dire Claw|p1a: Archaludon\n|-damage|p1a: Archaludon|16\/100\n|-status|p1a: Archaludon|slp\n|-ability|p1a: Archaludon|Stamina|boost\n|-boost|p1a: Archaludon|def|1\n|cant|p1a: Archaludon|slp\n|cant|p1b: Basculegion|slp\n|\n|upkeep\n|turn|9\n|c|\u2606chappell murkroan|NAW\n|c|\u2606DragonKenergy|this game is terrible\n|\n|t:|1732311533\n|move|p2a: Sneasler|Throat Chop|p1b: Basculegion\n|-supereffective|p1b: Basculegion\n|-damage|p1b: Basculegion|0 fnt\n|faint|p1b: Basculegion\n|-curestatus|p1a: Archaludon|slp|[msg]\n|move|p1a: Archaludon|Body Press|p2a: Sneasler\n|-supereffective|p2a: Sneasler\n|-damage|p2a: Sneasler|0 fnt\n|faint|p2a: Sneasler\n|\n|win|chappell murkroan\n|raw|chappell murkroan's rating: 1764 &rarr; <strong>1786<\/strong><br \/>(+22 for winning)\n|raw|DragonKenergy's rating: 1796 &rarr; <strong>1774<\/strong><br \/>(-22 for losing)\n|c|\u2606chappell murkroan|its so bad\n|c|\u2606DragonKenergy|gg\n|c|\u2606chappell murkroan|I can't even\n|c|\u2606chappell murkroan|gg\n|c|\u2606chappell murkroan|so unserious\n|l|\u2606DragonKenergy\n|player|p2|\n|l|\u2606chappell murkroan\n|player|p1|\n","uploadtime":1732311542,"views":91,"formatid":"gen9vgc2024regh","rating":1774,"private":0,"password":null}