{"id":"gen9vgc2024regh-2249627156","format":"[Gen 9] VGC 2024 Reg H","players":["Bytor19","VGCLTH Slow"],"log":"|j|\u2606Bytor19\n|j|\u2606VGCLTH Slow\n|t:|1732379029\n|gametype|doubles\n|player|p1|Bytor19|caitlin|1665\n|player|p2|VGCLTH Slow|skier|1702\n|teamsize|p1|6\n|teamsize|p2|6\n|gen|9\n|tier|[Gen 9] VGC 2024 Reg H\n|rated|\n|rule|Species Clause: Limit one of each Pok\u00e9mon\n|rule|Item Clause: Limit 1 of each item\n|clearpoke\n|poke|p1|Ninetales-Alola, L50, F|\n|poke|p1|Delphox, L50, M|\n|poke|p1|Indeedee, L50, M|\n|poke|p1|Kingambit, L50, M|\n|poke|p1|Sneasler, L50, F|\n|poke|p1|Prinplup, L50, F|\n|poke|p2|Sableye, L50, M|\n|poke|p2|Sylveon, L50, M|\n|poke|p2|Maushold-Four, L50|\n|poke|p2|Volcarona, L50, M|\n|poke|p2|Rillaboom, L50, F|\n|poke|p2|Annihilape, L50, M|\n|teampreview|4\nVGCLTH Slow has agreed to open team sheets.\n|\n|t:|1732379046\n|start\n|switch|p1a: Delphox|Delphox, L50, M|100\/100\n|switch|p1b: Indeedee|Indeedee, L50, M|100\/100\n|switch|p2a: Shamonerona|Volcarona, L50, M, shiny|100\/100\n|switch|p2b: Harambe In Heaven|Annihilape, L50, M|100\/100\n|-fieldstart|move: Psychic Terrain|[from] ability: Psychic Surge|[of] p1b: Indeedee\n|turn|1\n|\n|t:|1732379057\n|switch|p1b: Ninetales|Ninetales-Alola, L50, F|100\/100\n|-weather|Snow|[from] ability: Snow Warning|[of] p1b: Ninetales\n|switch|p2b: Koko The Gorythmic|Rillaboom, L50, F|100\/100\n|-fieldstart|move: Grassy Terrain|[from] ability: Grassy Surge|[of] p2b: Koko The Gorythmic\n|move|p1a: Delphox|Expanding Force|p2b: Koko The Gorythmic\n|-damage|p2b: Koko The Gorythmic|57\/100\n|-damage|p1a: Delphox|90\/100|[from] item: Life Orb\n|move|p2a: Shamonerona|Quiver Dance|p2a: Shamonerona\n|-boost|p2a: Shamonerona|spa|1\n|-boost|p2a: Shamonerona|spd|1\n|-boost|p2a: Shamonerona|spe|1\n|\n|-weather|Snow|[upkeep]\n|-heal|p1a: Delphox|96\/100|[from] Grassy Terrain\n|-heal|p2b: Koko The Gorythmic|63\/100|[from] Grassy Terrain\n|upkeep\n|turn|2\n|\n|t:|1732379077\n|switch|p1b: Indeedee|Indeedee, L50, M|100\/100\n|-fieldstart|move: Psychic Terrain|[from] ability: Psychic Surge|[of] p1b: Indeedee\n|switch|p2b: They\/Them|Maushold-Four, L50, shiny|100\/100\n|move|p2a: Shamonerona|Heat Wave|p1b: Indeedee|[spread] p1a,p1b\n|-resisted|p1a: Delphox\n|-damage|p1a: Delphox|65\/100\n|-damage|p1b: Indeedee|26\/100\n|move|p1a: Delphox|Expanding Force|p2a: Shamonerona|[spread] p2a,p2b\n|-damage|p2a: Shamonerona|67\/100\n|-damage|p2b: They\/Them|8\/100\n|-damage|p1a: Delphox|55\/100|[from] item: Life Orb\n|\n|-weather|Snow|[upkeep]\n|upkeep\n|turn|3\n|\n|t:|1732379091\n|switch|p1b: Sneasler|Sneasler, L50, F|100\/100\n|-enditem|p1b: Sneasler|Psychic Seed\n|-boost|p1b: Sneasler|spd|1|[from] item: Psychic Seed\n|switch|p2b: Koko The Gorythmic|Rillaboom, L50, F|63\/100\n|-fieldstart|move: Grassy Terrain|[from] ability: Grassy Surge|[of] p2b: Koko The Gorythmic\n|move|p2a: Shamonerona|Heat Wave|p1b: Sneasler|[spread] p1a,p1b\n|-resisted|p1a: Delphox\n|-damage|p1a: Delphox|26\/100\n|-damage|p1b: Sneasler|49\/100\n|move|p1a: Delphox|Heat Wave|p2b: Koko The Gorythmic|[spread] p2a,p2b\n|-supereffective|p2b: Koko The Gorythmic\n|-damage|p2a: Shamonerona|28\/100\n|-damage|p2b: Koko The Gorythmic|0 fnt\n|faint|p2b: Koko The Gorythmic\n|-damage|p1a: Delphox|16\/100|[from] item: Life Orb\n|\n|-weather|Snow|[upkeep]\n|-heal|p1b: Sneasler|54\/100|[from] Grassy Terrain\n|-heal|p2a: Shamonerona|34\/100|[from] Grassy Terrain\n|-heal|p1a: Delphox|22\/100|[from] Grassy Terrain\n|upkeep\n|\n|t:|1732379105\n|switch|p2b: They\/Them|Maushold-Four, L50, shiny|8\/100\n|turn|4\n|\n|t:|1732379117\n|move|p2b: They\/Them|Follow Me|p2b: They\/Them\n|-singleturn|p2b: They\/Them|move: Follow Me\n|move|p1b: Sneasler|Throat Chop|p2b: They\/Them\n|-damage|p2b: They\/Them|0 fnt\n|faint|p2b: They\/Them\n|move|p2a: Shamonerona|Heat Wave|p1b: Sneasler|[spread] p1a,p1b\n|-resisted|p1a: Delphox\n|-damage|p1a: Delphox|0 fnt\n|-damage|p1b: Sneasler|6\/100\n|faint|p1a: Delphox\n|\n|-weather|Snow|[upkeep]\n|-heal|p1b: Sneasler|12\/100|[from] Grassy Terrain\n|-heal|p2a: Shamonerona|40\/100|[from] Grassy Terrain\n|upkeep\n|\n|t:|1732379124\n|switch|p1a: Ninetales|Ninetales-Alola, L50, F|100\/100\n|switch|p2b: Harambe In Heaven|Annihilape, L50, M|100\/100\n|turn|5\n|j| Fallastest\n|\n|t:|1732379150\n|-terastallize|p2b: Harambe In Heaven|Fire\n|move|p1b: Sneasler|Protect|p1b: Sneasler\n|-singleturn|p1b: Sneasler|Protect\n|move|p2a: Shamonerona|Protect|p2a: Shamonerona\n|-singleturn|p2a: Shamonerona|Protect\n|move|p1a: Ninetales|Blizzard|p2b: Harambe In Heaven|[spread] p2b\n|-activate|p2a: Shamonerona|move: Protect\n|-resisted|p2b: Harambe In Heaven\n|-damage|p2b: Harambe In Heaven|82\/100\n|move|p2b: Harambe In Heaven|Drain Punch|p1b: Sneasler\n|-activate|p1b: Sneasler|move: Protect\n|\n|-weather|none\n|-heal|p1b: Sneasler|18\/100|[from] Grassy Terrain\n|-heal|p2a: Shamonerona|46\/100|[from] Grassy Terrain\n|-heal|p2b: Harambe In Heaven|88\/100|[from] Grassy Terrain\n|-heal|p2b: Harambe In Heaven|95\/100|[from] item: Leftovers\n|upkeep\n|turn|6\n|\n|t:|1732379167\n|-terastallize|p1b: Sneasler|Dark\n|move|p1b: Sneasler|Throat Chop|p2a: Shamonerona\n|-damage|p2a: Shamonerona|0 fnt\n|faint|p2a: Shamonerona\n|move|p1a: Ninetales|Blizzard|p2b: Harambe In Heaven\n|-resisted|p2b: Harambe In Heaven\n|-damage|p2b: Harambe In Heaven|69\/100\n|move|p2b: Harambe In Heaven|Drain Punch|p1a: Ninetales\n|-damage|p1a: Ninetales|51\/100\n|-heal|p2b: Harambe In Heaven|87\/100|[from] drain|[of] p1a: Ninetales\n|\n|-heal|p1b: Sneasler|24\/100|[from] Grassy Terrain\n|-heal|p1a: Ninetales|57\/100|[from] Grassy Terrain\n|-heal|p2b: Harambe In Heaven|93\/100|[from] Grassy Terrain\n|-heal|p2b: Harambe In Heaven|99\/100|[from] item: Leftovers\n|upkeep\n|turn|7\n|\n|t:|1732379186\n|move|p1b: Sneasler|Dire Claw|p2b: Harambe In Heaven\n|-damage|p2b: Harambe In Heaven|50\/100\n|move|p1a: Ninetales|Blizzard|p2b: Harambe In Heaven\n|-resisted|p2b: Harambe In Heaven\n|-damage|p2b: Harambe In Heaven|25\/100\n|move|p2b: Harambe In Heaven|Drain Punch|p1b: Sneasler\n|-supereffective|p1b: Sneasler\n|-damage|p1b: Sneasler|0 fnt\n|-heal|p2b: Harambe In Heaven|34\/100|[from] drain|[of] p1b: Sneasler\n|faint|p1b: Sneasler\n|\n|-heal|p1a: Ninetales|63\/100|[from] Grassy Terrain\n|-heal|p2b: Harambe In Heaven|40\/100|[from] Grassy Terrain\n|-heal|p2b: Harambe In Heaven|47\/100|[from] item: Leftovers\n|-fieldend|move: Grassy Terrain\n|upkeep\n|\n|t:|1732379190\n|switch|p1b: Indeedee|Indeedee, L50, M|26\/100\n|-fieldstart|move: Psychic Terrain|[from] ability: Psychic Surge|[of] p1b: Indeedee\n|turn|8\n|\n|t:|1732379199\n|move|p2b: Harambe In Heaven|Protect|p2b: Harambe In Heaven\n|-singleturn|p2b: Harambe In Heaven|Protect\n|move|p1a: Ninetales|Blizzard|p2b: Harambe In Heaven\n|-activate|p2b: Harambe In Heaven|move: Protect\n|move|p1b: Indeedee|Expanding Force|p2b: Harambe In Heaven\n|-activate|p2b: Harambe In Heaven|move: Protect\n|\n|-heal|p2b: Harambe In Heaven|53\/100|[from] item: Leftovers\n|upkeep\n|turn|9\n|\n|t:|1732379207\n|move|p1a: Ninetales|Blizzard|p2b: Harambe In Heaven\n|-resisted|p2b: Harambe In Heaven\n|-damage|p2b: Harambe In Heaven|26\/100\n|move|p1b: Indeedee|Expanding Force|p2b: Harambe In Heaven\n|-damage|p2b: Harambe In Heaven|0 fnt\n|faint|p2b: Harambe In Heaven\n|\n|win|Bytor19\n|raw|Bytor19's rating: 1665 &rarr; <strong>1687<\/strong><br \/>(+22 for winning)\n|raw|VGCLTH Slow's rating: 1702 &rarr; <strong>1680<\/strong><br \/>(-22 for losing)\n|l|\u2606VGCLTH Slow\n|player|p2|\n|l|\u2606Bytor19\n|player|p1|\n|l| Fallastest\n","uploadtime":1732379212,"views":8,"formatid":"gen9vgc2024regh","rating":1680,"private":0,"password":null}