{"id":"gen9vgc2024regh-2249603714","format":"[Gen 9] VGC 2024 Reg H","players":["GB Five","VGCLTH Python"],"log":"|raw|<div class=\"broadcast-blue\"><strong>This battle is required to be public due to a player having a name starting with 'vgclth'.<\/div>\n|j|\u203dGB Five\n|j|\u2606VGCLTH Python\n|t:|1732375899\n|gametype|doubles\n|player|p1|GB Five|170|1667\n|player|p2|VGCLTH Python|yellow|1697\n|teamsize|p1|6\n|teamsize|p2|6\n|gen|9\n|tier|[Gen 9] VGC 2024 Reg H\n|rated|\n|rule|Species Clause: Limit one of each Pok\u00e9mon\n|rule|Item Clause: Limit 1 of each item\n|clearpoke\n|poke|p1|Weezing, L50, F|\n|poke|p1|Slaking, L50, F|\n|poke|p1|Dondozo, L50, M|\n|poke|p1|Tatsugiri, L50, M|\n|poke|p1|Garchomp, L50, F|\n|poke|p1|Talonflame, L50, M|\n|poke|p2|Indeedee-F, L50, F|\n|poke|p2|Gallade, L50, M|\n|poke|p2|Torkoal, L50, F|\n|poke|p2|Ursaluna, L50, M|\n|poke|p2|Exeggutor, L50, F|\n|poke|p2|Zoroark-Hisui, L50, F|\n|teampreview|4\n|j| qiyeO.o\n|l| qiyeO.o\n|\n|t:|1732375944\n|start\n|switch|p1a: Weezing|Weezing, L50, F|100\/100\n|switch|p1b: Slaking|Slaking, L50, F|100\/100\n|switch|p2a: Gallade|Gallade, L50, M|100\/100\n|switch|p2b: Indeedee|Indeedee-F, L50, F|100\/100\n|-ability|p1a: Weezing|Neutralizing Gas\n|turn|1\n|\n|t:|1732375963\n|move|p2b: Indeedee|Follow Me|p2b: Indeedee\n|-singleturn|p2b: Indeedee|move: Follow Me\n|move|p1b: Slaking|Double-Edge|p2b: Indeedee\n|-damage|p2b: Indeedee|27\/100\n|-damage|p1b: Slaking|84\/100|[from] item: Rocky Helmet|[of] p2b: Indeedee\n|-damage|p1b: Slaking|65\/100|[from] Recoil\n|move|p1a: Weezing|Toxic Spikes|p2a: Gallade\n|-sidestart|p2: VGCLTH Python|move: Toxic Spikes\n|move|p2a: Gallade|Trick Room|p2a: Gallade\n|-fieldstart|move: Trick Room|[of] p2a: Gallade\n|\n|upkeep\n|turn|2\n|\n|t:|1732375988\n|-terastallize|p1b: Slaking|Ghost\n|move|p1a: Weezing|Protect|p1a: Weezing\n|-singleturn|p1a: Weezing|Protect\n|move|p2a: Gallade|Psycho Cut|p1b: Slaking\n|-damage|p1b: Slaking|35\/100\n|move|p2b: Indeedee|Psychic|p1b: Slaking\n|-damage|p1b: Slaking|4\/100\n|move|p1b: Slaking|Double-Edge|p2a: Gallade\n|-damage|p2a: Gallade|0 fnt\n|faint|p2a: Gallade\n|-damage|p1b: Slaking|0 fnt|[from] Recoil\n|faint|p1b: Slaking\n|\n|upkeep\n|\n|t:|1732376005\n|switch|p2a: Torkoal|Torkoal, L50, F|100\/100\n|switch|p1b: Dondozo|Dondozo, L50, M|100\/100\n|-status|p2a: Torkoal|psn\n|turn|3\n|\n|t:|1732376018\n|-terastallize|p2a: Torkoal|Fire\n|move|p1b: Dondozo|Protect|p1b: Dondozo\n|-singleturn|p1b: Dondozo|Protect\n|move|p2a: Torkoal|Eruption|p1b: Dondozo|[spread] p1a\n|-activate|p1b: Dondozo|move: Protect\n|-enditem|p1a: Weezing|Focus Sash\n|-damage|p1a: Weezing|1\/100\n|move|p2b: Indeedee|Psychic|p1a: Weezing\n|-supereffective|p1a: Weezing\n|-damage|p1a: Weezing|0 fnt\n|faint|p1a: Weezing\n|-end|p1a: Weezing|ability: Neutralizing Gas\n|-weather|SunnyDay|[from] ability: Drought|[of] p2a: Torkoal\n|-fieldstart|move: Psychic Terrain|[from] ability: Psychic Surge|[of] p2b: Indeedee\n|\n|-weather|SunnyDay|[upkeep]\n|-damage|p2a: Torkoal|88\/100 psn|[from] psn\n|upkeep\n|\n|t:|1732376038\n|switch|p1a: Tatsugiri|Tatsugiri, L50, M|100\/100\n|-activate|p1a: Tatsugiri|ability: Commander|[of] p1b: Dondozo\n|-boost|p1b: Dondozo|atk|2\n|-boost|p1b: Dondozo|spa|2\n|-boost|p1b: Dondozo|spe|2\n|-boost|p1b: Dondozo|def|2\n|-boost|p1b: Dondozo|spd|2\n|turn|4\n|\n|t:|1732376048\n|move|p2a: Torkoal|Clear Smog|p1b: Dondozo\n|-damage|p1b: Dondozo|94\/100\n|-clearboost|p1b: Dondozo\n|move|p2b: Indeedee|Psychic|p1b: Dondozo\n|-damage|p1b: Dondozo|60\/100\n|move|p1b: Dondozo|Earthquake|p2b: Indeedee|[spread] p2a,p2b\n|-miss|p1b: Dondozo|p1a: Tatsugiri\n|-supereffective|p2a: Torkoal\n|-damage|p2a: Torkoal|61\/100 psn\n|-damage|p2b: Indeedee|11\/100\n|\n|-weather|SunnyDay|[upkeep]\n|-heal|p1b: Dondozo|66\/100|[from] item: Leftovers\n|-damage|p2a: Torkoal|48\/100 psn|[from] psn\n|upkeep\n|turn|5\n|\n|t:|1732376064\n|switch|p2b: Exeggutor|Exeggutor, L50, F|100\/100\n|-status|p2b: Exeggutor|psn\n|move|p1b: Dondozo|Protect|p1b: Dondozo\n|-singleturn|p1b: Dondozo|Protect\n|move|p2a: Torkoal|Weather Ball|p1b: Dondozo\n|-activate|p1b: Dondozo|move: Protect\n|\n|-weather|SunnyDay|[upkeep]\n|-heal|p1b: Dondozo|72\/100|[from] item: Leftovers\n|-damage|p2a: Torkoal|36\/100 psn|[from] psn\n|-damage|p2b: Exeggutor|88\/100 psn|[from] psn\n|-fieldend|move: Trick Room\n|upkeep\n|turn|6\n|\n|t:|1732376083\n|move|p2b: Exeggutor|Leaf Storm|p1b: Dondozo\n|-supereffective|p1b: Dondozo\n|-damage|p1b: Dondozo|0 fnt\n|-unboost|p2b: Exeggutor|spa|2\n|faint|p1b: Dondozo\n|move|p2a: Torkoal|Weather Ball|p1a: Tatsugiri\n|-resisted|p1a: Tatsugiri\n|-damage|p1a: Tatsugiri|71\/100\n|\n|-weather|SunnyDay|[upkeep]\n|-damage|p2b: Exeggutor|76\/100 psn|[from] psn\n|-damage|p2a: Torkoal|23\/100 psn|[from] psn\n|upkeep\n|turn|7\n|\n|t:|1732376097\n|move|p1a: Tatsugiri|Protect|p1a: Tatsugiri\n|-singleturn|p1a: Tatsugiri|Protect\n|move|p2b: Exeggutor|Expanding Force|p1a: Tatsugiri\n|-activate|p1a: Tatsugiri|move: Protect\n|move|p2a: Torkoal|Weather Ball|p1a: Tatsugiri\n|-activate|p1a: Tatsugiri|move: Protect\n|\n|-weather|none\n|-damage|p2b: Exeggutor|64\/100 psn|[from] psn\n|-damage|p2a: Torkoal|11\/100 psn|[from] psn\n|-fieldend|move: Psychic Terrain\n|upkeep\n|turn|8\n|inactive|Battle timer is ON: inactive players will automatically lose when time's up. (requested by GB Five)\n|\n|t:|1732376161\n|switch|p2b: Indeedee|Indeedee-F, L50, F|11\/100\n|-status|p2b: Indeedee|psn\n|-fieldstart|move: Psychic Terrain|[from] ability: Psychic Surge|[of] p2b: Indeedee\n|move|p1a: Tatsugiri|Draco Meteor|p2b: Indeedee\n|-damage|p2b: Indeedee|0 fnt\n|-unboost|p1a: Tatsugiri|spa|2\n|faint|p2b: Indeedee\n|move|p2a: Torkoal|Clear Smog|p1a: Tatsugiri\n|-damage|p1a: Tatsugiri|53\/100\n|-clearboost|p1a: Tatsugiri\n|\n|-damage|p2a: Torkoal|0 fnt|[from] psn\n|faint|p2a: Torkoal\n|upkeep\n|c|\u2606VGCLTH Python|wait lmao\n|\n|t:|1732376175\n|switch|p2a: Exeggutor|Exeggutor, L50, F|64\/100 psn\n|turn|9\n|\n|t:|1732376181\n|move|p1a: Tatsugiri|Protect|p1a: Tatsugiri\n|-singleturn|p1a: Tatsugiri|Protect\n|move|p2a: Exeggutor|Trick Room|p2a: Exeggutor\n|-fieldstart|move: Trick Room|[of] p2a: Exeggutor\n|\n|-damage|p2a: Exeggutor|51\/100 psn|[from] psn\n|upkeep\n|turn|10\n|\n|t:|1732376190\n|move|p1a: Tatsugiri|Draco Meteor|p2a: Exeggutor\n|-damage|p2a: Exeggutor|0 fnt\n|-unboost|p1a: Tatsugiri|spa|2\n|faint|p2a: Exeggutor\n|\n|win|GB Five\n|raw|GB Five's rating: 1667 &rarr; <strong>1689<\/strong><br \/>(+22 for winning)\n|raw|VGCLTH Python's rating: 1697 &rarr; <strong>1675<\/strong><br \/>(-22 for losing)\n|l|\u2606VGCLTH Python\n|player|p2|\n|l|\u203dGB Five\n|player|p1|\n","uploadtime":1732376334,"views":22,"formatid":"gen9vgc2024regh","rating":1675,"private":0,"password":null}