{"id":"gen9vgc2024regh-2249628683","format":"[Gen 9] VGC 2024 Reg H","players":["VGCLTH Slow","Djjwjwwjj"],"log":"|j|\u2606VGCLTH Slow\n|j|\u2606Djjwjwwjj\n|t:|1732379236\n|gametype|doubles\n|player|p1|VGCLTH Slow|skier|1680\n|player|p2|Djjwjwwjj|170|1827\n|teamsize|p1|6\n|teamsize|p2|6\n|gen|9\n|tier|[Gen 9] VGC 2024 Reg H\n|rated|\n|rule|Species Clause: Limit one of each Pok\u00e9mon\n|rule|Item Clause: Limit 1 of each item\n|clearpoke\n|poke|p1|Sableye, L50, M|\n|poke|p1|Sylveon, L50, M|\n|poke|p1|Maushold-Four, L50|\n|poke|p1|Volcarona, L50, M|\n|poke|p1|Rillaboom, L50, F|\n|poke|p1|Annihilape, L50, M|\n|poke|p2|Pelipper, L50, F|\n|poke|p2|Incineroar, L50, F|\n|poke|p2|Palafin, L50, M|\n|poke|p2|Archaludon, L50, F|\n|poke|p2|Amoonguss, L50, F|\n|poke|p2|Farigiraf, L50, M|\n|teampreview|4\n|inactive|Battle timer is ON: inactive players will automatically lose when time's up. (requested by Djjwjwwjj)\nVGCLTH Slow has agreed to open team sheets.\n|inactive|VGCLTH Slow has 60 seconds left.\n|inactive|Djjwjwwjj has 60 seconds left.\n|\n|t:|1732379290\n|start\n|switch|p1a: Koko The Gorythmic|Rillaboom, L50, F|100\/100\n|switch|p1b: Shamonerona|Volcarona, L50, M, shiny|100\/100\n|switch|p2a: Amoonguss|Amoonguss, L50, F|100\/100\n|switch|p2b: Farigiraf|Farigiraf, L50, M|100\/100\n|-fieldstart|move: Grassy Terrain|[from] ability: Grassy Surge|[of] p1a: Koko The Gorythmic\n|turn|1\n|j| VGCLTH R0gue\n|inactive|Djjwjwwjj has 30 seconds left.\n|\n|t:|1732379318\n|switch|p2b: Incineroar|Incineroar, L50, F|100\/100\n|-ability|p2b: Incineroar|Intimidate|boost\n|-unboost|p1a: Koko The Gorythmic|atk|1\n|-unboost|p1b: Shamonerona|atk|1\n|-terastallize|p1b: Shamonerona|Grass\n|move|p1b: Shamonerona|Heat Wave|p2b: Incineroar|[spread] p2a,p2b\n|-supereffective|p2a: Amoonguss\n|-resisted|p2b: Incineroar\n|-damage|p2a: Amoonguss|45\/100\n|-damage|p2b: Incineroar|84\/100\n|-enditem|p2a: Amoonguss|Sitrus Berry|[eat]\n|-heal|p2a: Amoonguss|70\/100|[from] item: Sitrus Berry\n|move|p1a: Koko The Gorythmic|Wood Hammer|p2b: Incineroar\n|-resisted|p2b: Incineroar\n|-damage|p2b: Incineroar|56\/100\n|-damage|p1a: Koko The Gorythmic|91\/100|[from] Recoil\n|move|p2a: Amoonguss|Spore|p1b: Shamonerona\n|-immune|p1b: Shamonerona\n|\n|-heal|p1a: Koko The Gorythmic|97\/100|[from] Grassy Terrain\n|-heal|p2b: Incineroar|62\/100|[from] Grassy Terrain\n|-heal|p2a: Amoonguss|76\/100|[from] Grassy Terrain\n|upkeep\n|turn|2\n|j| Fallastest\n|inactive|Djjwjwwjj has 30 seconds left.\n|inactive|Djjwjwwjj has 20 seconds left.\n|inactive|Djjwjwwjj has 15 seconds left.\n|\n|t:|1732379361\n|switch|p1b: They\/Them|Maushold-Four, L50, shiny|100\/100\n|move|p1a: Koko The Gorythmic|High Horsepower|p2b: Incineroar\n|-supereffective|p2b: Incineroar\n|-damage|p2b: Incineroar|18\/100\n|move|p2b: Incineroar|Parting Shot|p1a: Koko The Gorythmic\n|-unboost|p1a: Koko The Gorythmic|atk|1\n|-unboost|p1a: Koko The Gorythmic|spa|1\n|\n|t:|1732379376\n|switch|p2b: Archaludon|Archaludon, L50, F|100\/100|[from] Parting Shot\n|move|p2a: Amoonguss|Sludge Bomb|p1a: Koko The Gorythmic\n|-supereffective|p1a: Koko The Gorythmic\n|-damage|p1a: Koko The Gorythmic|63\/100\n|-status|p1a: Koko The Gorythmic|psn\n|\n|-heal|p1a: Koko The Gorythmic|69\/100 psn|[from] Grassy Terrain\n|-heal|p2a: Amoonguss|82\/100|[from] Grassy Terrain\n|-damage|p1a: Koko The Gorythmic|57\/100 psn|[from] psn\n|upkeep\n|turn|3\n|\n|t:|1732379394\n|switch|p2a: Farigiraf|Farigiraf, L50, M|100\/100\n|move|p1b: They\/Them|Population Bomb|p2a: Farigiraf\n|-damage|p2a: Farigiraf|94\/100\n|-damage|p1b: They\/Them|84\/100|[from] item: Rocky Helmet|[of] p2a: Farigiraf\n|-damage|p2a: Farigiraf|87\/100\n|-damage|p1b: They\/Them|67\/100|[from] item: Rocky Helmet|[of] p2a: Farigiraf\n|-damage|p2a: Farigiraf|80\/100\n|-damage|p1b: They\/Them|51\/100|[from] item: Rocky Helmet|[of] p2a: Farigiraf\n|-damage|p2a: Farigiraf|74\/100\n|-damage|p1b: They\/Them|34\/100|[from] item: Rocky Helmet|[of] p2a: Farigiraf\n|-damage|p2a: Farigiraf|67\/100\n|-damage|p1b: They\/Them|18\/100|[from] item: Rocky Helmet|[of] p2a: Farigiraf\n|-damage|p2a: Farigiraf|60\/100\n|-damage|p1b: They\/Them|1\/100|[from] item: Rocky Helmet|[of] p2a: Farigiraf\n|-damage|p2a: Farigiraf|53\/100\n|-damage|p1b: They\/Them|0 fnt|[from] item: Rocky Helmet|[of] p2a: Farigiraf\n|faint|p1b: They\/Them\n|-hitcount|p2a: Farigiraf|7\n|move|p2b: Archaludon|Body Press|p1a: Koko The Gorythmic\n|-damage|p1a: Koko The Gorythmic|34\/100 psn\n|move|p1a: Koko The Gorythmic|High Horsepower|p2a: Farigiraf\n|-damage|p2a: Farigiraf|37\/100\n|-damage|p1a: Koko The Gorythmic|17\/100 psn|[from] item: Rocky Helmet|[of] p2a: Farigiraf\n|\n|-heal|p1a: Koko The Gorythmic|23\/100 psn|[from] Grassy Terrain\n|-heal|p2a: Farigiraf|43\/100|[from] Grassy Terrain\n|-damage|p1a: Koko The Gorythmic|11\/100 psn|[from] psn\n|upkeep\n|\n|t:|1732379402\n|switch|p1b: Shamonerona|Volcarona, L50, M, shiny, tera:Grass|100\/100\n|turn|4\n|inactive|Djjwjwwjj has 30 seconds left.\n|inactive|VGCLTH Slow has 30 seconds left.\n|\n|t:|1732379438\n|switch|p1a: Snowblind|Sableye, L50, M|100\/100\n|switch|p2a: Incineroar|Incineroar, L50, F|18\/100\n|-ability|p2a: Incineroar|Intimidate|boost\n|-unboost|p1a: Snowblind|atk|1\n|-unboost|p1b: Shamonerona|atk|1\n|move|p1b: Shamonerona|Protect|p1b: Shamonerona\n|-singleturn|p1b: Shamonerona|Protect\n|move|p2b: Archaludon|Snarl|p1b: Shamonerona|[spread] p1a\n|-activate|p1b: Shamonerona|move: Protect\n|-damage|p1a: Snowblind|86\/100\n|-unboost|p1a: Snowblind|spa|1\n|\n|-heal|p2a: Incineroar|24\/100|[from] Grassy Terrain\n|-heal|p1a: Snowblind|92\/100|[from] Grassy Terrain\n|upkeep\n|turn|5\n|inactive|Djjwjwwjj has 30 seconds left.\n|inactive|Djjwjwwjj has 20 seconds left.\n|\n|t:|1732379477\n|switch|p1b: Koko The Gorythmic|Rillaboom, L50, F|11\/100 psn\n|move|p2b: Archaludon|Snarl|p1a: Snowblind|[spread] p1a,p1b\n|-damage|p1a: Snowblind|76\/100\n|-damage|p1b: Koko The Gorythmic|3\/100 psn\n|-unboost|p1a: Snowblind|spa|1\n|-unboost|p1b: Koko The Gorythmic|spa|1\n|move|p2a: Incineroar|Flare Blitz|p1b: Koko The Gorythmic\n|-supereffective|p1b: Koko The Gorythmic\n|-damage|p1b: Koko The Gorythmic|0 fnt\n|faint|p1b: Koko The Gorythmic\n|-damage|p2a: Incineroar|24\/100|[from] Recoil\n|move|p1a: Snowblind|Foul Play|p2a: Incineroar\n|-resisted|p2a: Incineroar\n|-damage|p2a: Incineroar|6\/100\n|\n|-heal|p2a: Incineroar|12\/100|[from] Grassy Terrain\n|-heal|p1a: Snowblind|82\/100|[from] Grassy Terrain\n|-fieldend|move: Grassy Terrain\n|upkeep\n|\n|t:|1732379490\n|switch|p1b: Shamonerona|Volcarona, L50, M, shiny, tera:Grass|100\/100\n|turn|6\n|\n|t:|1732379511\n|move|p1a: Snowblind|Encore|p2b: Archaludon\n|-start|p2b: Archaludon|Encore\n|move|p1b: Shamonerona|Heat Wave|p2a: Incineroar|[spread] p2a,p2b\n|-resisted|p2a: Incineroar\n|-damage|p2a: Incineroar|0 fnt\n|-damage|p2b: Archaludon|73\/100\n|-ability|p2b: Archaludon|Stamina|boost\n|-boost|p2b: Archaludon|def|1\n|faint|p2a: Incineroar\n|move|p2b: Archaludon|Snarl|p1a: Snowblind|[spread] p1a,p1b\n|-damage|p1a: Snowblind|67\/100\n|-damage|p1b: Shamonerona|90\/100\n|-unboost|p1a: Snowblind|spa|1\n|\n|upkeep\n|\n|t:|1732379525\n|switch|p2a: Amoonguss|Amoonguss, L50, F|100\/100\n|turn|7\n|\n|t:|1732379542\n|switch|p2b: Farigiraf|Farigiraf, L50, M|43\/100\n|-terastallize|p2a: Amoonguss|Normal\n|move|p1a: Snowblind|Protect|p1a: Snowblind\n|-singleturn|p1a: Snowblind|Protect\n|move|p1b: Shamonerona|Quiver Dance|p1b: Shamonerona\n|-boost|p1b: Shamonerona|spa|1\n|-boost|p1b: Shamonerona|spd|1\n|-boost|p1b: Shamonerona|spe|1\n|move|p2a: Amoonguss|Spore|p1a: Snowblind\n|-activate|p1a: Snowblind|move: Protect\n|\n|upkeep\n|turn|8\n|inactive|Djjwjwwjj has 30 seconds left.\n|inactive|Djjwjwwjj has 20 seconds left.\n|\n|t:|1732379582\n|move|p1b: Shamonerona|Heat Wave|p2b: Farigiraf|[spread] p2b\n|-miss|p1b: Shamonerona|p2a: Amoonguss\n|-damage|p2b: Farigiraf|2\/100\n|move|p1a: Snowblind|Foul Play|p2b: Farigiraf\n|-supereffective|p2b: Farigiraf\n|-damage|p2b: Farigiraf|0 fnt\n|-damage|p1a: Snowblind|50\/100|[from] item: Rocky Helmet|[of] p2b: Farigiraf\n|-enditem|p1a: Snowblind|Sitrus Berry|[eat]\n|-heal|p1a: Snowblind|75\/100|[from] item: Sitrus Berry\n|faint|p2b: Farigiraf\n|move|p2a: Amoonguss|Spore|p1a: Snowblind\n|-status|p1a: Snowblind|slp|[from] move: Spore\n|\n|upkeep\n|\n|t:|1732379596\n|switch|p2b: Archaludon|Archaludon, L50, F|73\/100\n|turn|9\n|\n|t:|1732379615\n|cant|p1a: Snowblind|slp\n|move|p1b: Shamonerona|Quiver Dance|p1b: Shamonerona\n|-boost|p1b: Shamonerona|spa|1\n|-boost|p1b: Shamonerona|spd|1\n|-boost|p1b: Shamonerona|spe|1\n|move|p2b: Archaludon|Dragon Pulse|p1a: Snowblind\n|-crit|p1a: Snowblind\n|-damage|p1a: Snowblind|0 fnt\n|faint|p1a: Snowblind\n|move|p2a: Amoonguss|Sludge Bomb|p1b: Shamonerona\n|-supereffective|p1b: Shamonerona\n|-damage|p1b: Shamonerona|64\/100\n|\n|upkeep\n|turn|10\n|\n|t:|1732379632\n|move|p1b: Shamonerona|Giga Drain|p2a: Amoonguss\n|-damage|p2a: Amoonguss|39\/100\n|-heal|p1b: Shamonerona|99\/100|[from] drain|[of] p2a: Amoonguss\n|move|p2b: Archaludon|Body Press|p1b: Shamonerona\n|-damage|p1b: Shamonerona|71\/100\n|move|p2a: Amoonguss|Sludge Bomb|p1b: Shamonerona\n|-supereffective|p1b: Shamonerona\n|-crit|p1b: Shamonerona\n|-damage|p1b: Shamonerona|2\/100\n|\n|upkeep\n|turn|11\n|\n|t:|1732379656\n|move|p2a: Amoonguss|Protect|p2a: Amoonguss\n|-singleturn|p2a: Amoonguss|Protect\n|move|p1b: Shamonerona|Giga Drain|p2a: Amoonguss\n|-activate|p2a: Amoonguss|move: Protect\n|move|p2b: Archaludon|Dragon Pulse|p1b: Shamonerona\n|-damage|p1b: Shamonerona|0 fnt\n|faint|p1b: Shamonerona\n|\n|win|Djjwjwwjj\n|raw|VGCLTH Slow's rating: 1680 &rarr; <strong>1668<\/strong><br \/>(-12 for losing)\n|raw|Djjwjwwjj's rating: 1827 &rarr; <strong>1839<\/strong><br \/>(+12 for winning)\n|l|\u2606VGCLTH Slow\n|player|p1|\n","uploadtime":1732379662,"views":6,"formatid":"gen9vgc2024regh","rating":1668,"private":0,"password":null}