{"id":"gen9vgc2024regh-2249952595","format":"[Gen 9] VGC 2024 Reg H","players":["VGCLTH Python","winterbreak"],"log":"|raw|<div class=\"broadcast-blue\"><strong>This battle is required to be public due to a player having a name starting with 'vgclth'.<\/div>\n|j|\u2606VGCLTH Python\n|j|\u2606winterbreak\n|t:|1732421317\n|gametype|doubles\n|player|p1|VGCLTH Python|yellow|1753\n|player|p2|winterbreak|lucas-gen4pt|1787\n|teamsize|p1|6\n|teamsize|p2|6\n|gen|9\n|tier|[Gen 9] VGC 2024 Reg H\n|rated|\n|rule|Species Clause: Limit one of each Pok\u00e9mon\n|rule|Item Clause: Limit 1 of each item\n|clearpoke\n|poke|p1|Archaludon, L50, M|\n|poke|p1|Basculegion, L50, M|\n|poke|p1|Pelipper, L50, M|\n|poke|p1|Amoonguss, L50, F|\n|poke|p1|Incineroar, L50, M|\n|poke|p1|Maushold, L50|\n|poke|p2|Pelipper, L50, M|\n|poke|p2|Archaludon, L50, M|\n|poke|p2|Gholdengo, L50|\n|poke|p2|Chandelure, L50, M|\n|poke|p2|Ursaluna-Bloodmoon, L50, M|\n|poke|p2|Annihilape, L50, M|\n|teampreview|4\n|j| Thunderdiglett\n|inactive|Battle timer is ON: inactive players will automatically lose when time's up. (requested by VGCLTH Python)\n|\n|t:|1732421351\n|start\n|switch|p1a: Basculegion|Basculegion, L50, M|100\/100\n|switch|p1b: Pelipper|Pelipper, L50, M|100\/100\n|switch|p2a: Pelipper|Pelipper, L50, M|100\/100\n|switch|p2b: Archaludon|Archaludon, L50, M|100\/100\n|-weather|RainDance|[from] ability: Drizzle|[of] p2a: Pelipper\n|turn|1\n|inactive|winterbreak has 30 seconds left.\n|inactive|winterbreak has 20 seconds left.\n|inactive|winterbreak has 15 seconds left.\n|\n|t:|1732421395\n|switch|p1a: Archaludon|Archaludon, L50, M|100\/100\n|move|p2a: Pelipper|Icy Wind|p1a: Archaludon|[spread] p1a,p1b\n|-damage|p1a: Archaludon|91\/100\n|-damage|p1b: Pelipper|80\/100\n|-unboost|p1a: Archaludon|spe|1\n|-unboost|p1b: Pelipper|spe|1\n|-ability|p1a: Archaludon|Stamina|boost\n|-boost|p1a: Archaludon|def|1\n|move|p2b: Archaludon|Electro Shot||[still]\n|-prepare|p2b: Archaludon|Electro Shot\n|-boost|p2b: Archaludon|spa|1\n|-anim|p2b: Archaludon|Electro Shot|p1b: Pelipper\n|-supereffective|p1b: Pelipper\n|-damage|p1b: Pelipper|0 fnt\n|faint|p1b: Pelipper\n|\n|-weather|RainDance|[upkeep]\n|upkeep\n|\n|t:|1732421404\n|switch|p1b: Amoonguss|Amoonguss, L50, F|100\/100\n|turn|2\n|j| Therazer456\n|inactive|winterbreak has 30 seconds left.\n|inactive|winterbreak has 20 seconds left.\n|inactive|winterbreak has 15 seconds left.\n|inactive|winterbreak has 10 seconds left.\n|\n|t:|1732421450\n|switch|p2a: Gholdengo|Gholdengo, L50|100\/100\n|move|p2b: Archaludon|Snarl|p1a: Archaludon|[spread] p1a,p1b\n|-damage|p1a: Archaludon|74\/100\n|-damage|p1b: Amoonguss|84\/100\n|-unboost|p1a: Archaludon|spa|1\n|-unboost|p1b: Amoonguss|spa|1\n|-ability|p1a: Archaludon|Stamina|boost\n|-boost|p1a: Archaludon|def|1\n|move|p1a: Archaludon|Electro Shot||[still]\n|-prepare|p1a: Archaludon|Electro Shot\n|-boost|p1a: Archaludon|spa|1\n|-anim|p1a: Archaludon|Electro Shot|p2a: Gholdengo\n|-damage|p2a: Gholdengo|45\/100\n|move|p1b: Amoonguss|Spore|p2b: Archaludon\n|-status|p2b: Archaludon|slp|[from] move: Spore\n|\n|-weather|RainDance|[upkeep]\n|upkeep\n|turn|3\n|inactive|winterbreak has 30 seconds left.\n|inactive|winterbreak has 20 seconds left.\n|\n|t:|1732421486\n|move|p2a: Gholdengo|Make It Rain|p1a: Archaludon|[spread] p1a,p1b\n|-resisted|p1a: Archaludon\n|-damage|p1a: Archaludon|46\/100\n|-damage|p1b: Amoonguss|31\/100\n|-unboost|p2a: Gholdengo|spa|1\n|-ability|p1a: Archaludon|Stamina|boost\n|-boost|p1a: Archaludon|def|1\n|-enditem|p1b: Amoonguss|Sitrus Berry|[eat]\n|-heal|p1b: Amoonguss|56\/100|[from] item: Sitrus Berry\n|cant|p2b: Archaludon|slp\n|move|p1a: Archaludon|Electro Shot||[still]\n|-prepare|p1a: Archaludon|Electro Shot\n|-boost|p1a: Archaludon|spa|1\n|-anim|p1a: Archaludon|Electro Shot|p2a: Gholdengo\n|-damage|p2a: Gholdengo|0 fnt\n|faint|p2a: Gholdengo\n|move|p1b: Amoonguss|Pollen Puff|p1a: Archaludon\n|-heal|p1a: Archaludon|96\/100\n|\n|-weather|RainDance|[upkeep]\n|upkeep\n|\n|t:|1732421505\n|switch|p2a: Annihilape|Annihilape, L50, M|100\/100\n|turn|4\n|j| isaacmaster_new\n|inactive|winterbreak has 30 seconds left.\n|inactive|winterbreak has 20 seconds left.\n|\n|t:|1732421545\n|-terastallize|p2a: Annihilape|Grass\n|move|p1b: Amoonguss|Rage Powder|p1b: Amoonguss\n|-singleturn|p1b: Amoonguss|move: Rage Powder\n|move|p2a: Annihilape|Final Gambit|p1a: Archaludon\n|-damage|p1a: Archaludon|0 fnt\n|faint|p2a: Annihilape\n|faint|p1a: Archaludon\n|cant|p2b: Archaludon|slp\n|\n|-weather|RainDance|[upkeep]\n|upkeep\n|j| lithogen\n|\n|t:|1732421555\n|switch|p2a: Pelipper|Pelipper, L50, M|100\/100\n|switch|p1a: Basculegion|Basculegion, L50, M|100\/100\n|turn|5\n|j| SkyFlyHigh\n|\n|t:|1732421574\n|move|p1b: Amoonguss|Rage Powder|p1b: Amoonguss\n|-singleturn|p1b: Amoonguss|move: Rage Powder\n|move|p1a: Basculegion|Last Respects|p2a: Pelipper\n|-damage|p2a: Pelipper|2\/100\n|move|p2a: Pelipper|Hurricane|p1b: Amoonguss\n|-supereffective|p1b: Amoonguss\n|-damage|p1b: Amoonguss|0 fnt\n|faint|p1b: Amoonguss\n|-curestatus|p2b: Archaludon|slp|[msg]\n|move|p2b: Archaludon|Electro Shot||[still]\n|-prepare|p2b: Archaludon|Electro Shot\n|-boost|p2b: Archaludon|spa|1\n|-anim|p2b: Archaludon|Electro Shot|p1a: Basculegion\n|-supereffective|p1a: Basculegion\n|-damage|p1a: Basculegion|0 fnt\n|faint|p1a: Basculegion\n|\n|win|winterbreak\n|raw|VGCLTH Python's rating: 1753 &rarr; <strong>1735<\/strong><br \/>(-18 for losing)\n|raw|winterbreak's rating: 1787 &rarr; <strong>1805<\/strong><br \/>(+18 for winning)\n|l|\u2606VGCLTH Python\n|player|p1|\n|l| Therazer456\n|l| Thunderdiglett\n|l|\u2606winterbreak\n|player|p2|\n|j| VGCLTH R0gue\n|l| SkyFlyHigh\n|l| VGCLTH R0gue\n|j| vgclth yunaka\n|l| vgclth yunaka\n","uploadtime":1732422193,"views":39,"formatid":"gen9vgc2024regh","rating":1735,"private":0,"password":null}