{"id":"gen9vgc2024regh-2249771242","format":"[Gen 9] VGC 2024 Reg H","players":["toadtoadtoad15","VGCLTH Sir Aaron"],"log":"|raw|<div class=\"broadcast-blue\"><strong>This battle is required to be public due to a player having a name starting with 'vgclth'.<\/div>\n|j|\u2606toadtoadtoad15\n|j|\u2606VGCLTH Sir Aaron\n|t:|1732397320\n|gametype|doubles\n|player|p1|toadtoadtoad15|102|1644\n|player|p2|VGCLTH Sir Aaron|red-masters3|1701\n|teamsize|p1|6\n|teamsize|p2|6\n|gen|9\n|tier|[Gen 9] VGC 2024 Reg H\n|rated|\n|rule|Species Clause: Limit one of each Pok\u00e9mon\n|rule|Item Clause: Limit 1 of each item\n|clearpoke\n|poke|p1|Dragonite, L50, M|\n|poke|p1|Gholdengo, L50|\n|poke|p1|Sneasler, L50, M|\n|poke|p1|Archaludon, L50, M|\n|poke|p1|Incineroar, L50, F|\n|poke|p1|Ursaluna-Bloodmoon, L50, M|\n|poke|p2|Sableye, L50, F|\n|poke|p2|Sylveon, L50, F|\n|poke|p2|Maushold-Four, L50|\n|poke|p2|Volcarona, L50, M|\n|poke|p2|Rillaboom, L50, F|\n|poke|p2|Annihilape, L50, M|\n|teampreview|4\n|\n|t:|1732397363\n|start\n|switch|p1a: Dragonite|Dragonite, L50, M|100\/100\n|switch|p1b: Ursaluna|Ursaluna-Bloodmoon, L50, M|100\/100\n|switch|p2a: Snowblind|Sableye, L50, F|100\/100\n|switch|p2b: Shamonerona|Volcarona, L50, M, shiny|100\/100\n|turn|1\n|\n|t:|1732397371\n|move|p2a: Snowblind|Protect|p2a: Snowblind\n|-singleturn|p2a: Snowblind|Protect\n|move|p2b: Shamonerona|Protect|p2b: Shamonerona\n|-singleturn|p2b: Shamonerona|Protect\n|move|p1a: Dragonite|Scale Shot|p2a: Snowblind\n|-activate|p2a: Snowblind|move: Protect\n|move|p1b: Ursaluna|Hyper Voice|p2b: Shamonerona|[spread] \n|-activate|p2a: Snowblind|move: Protect\n|-activate|p2b: Shamonerona|move: Protect\n|\n|upkeep\n|turn|2\n|\n|t:|1732397391\n|move|p2a: Snowblind|Encore|p1a: Dragonite\n|-start|p1a: Dragonite|Encore\n|move|p2b: Shamonerona|Quiver Dance|p2b: Shamonerona\n|-boost|p2b: Shamonerona|spa|1\n|-boost|p2b: Shamonerona|spd|1\n|-boost|p2b: Shamonerona|spe|1\n|move|p1a: Dragonite|Scale Shot|p2b: Shamonerona\n|-damage|p2b: Shamonerona|86\/100\n|-damage|p2b: Shamonerona|72\/100\n|-damage|p2b: Shamonerona|56\/100\n|-damage|p2b: Shamonerona|41\/100\n|-damage|p2b: Shamonerona|27\/100\n|-hitcount|p2b: Shamonerona|5\n|-unboost|p1a: Dragonite|def|1\n|-boost|p1a: Dragonite|spe|1\n|move|p1b: Ursaluna|Blood Moon|p2b: Shamonerona\n|-damage|p2b: Shamonerona|0 fnt\n|faint|p2b: Shamonerona\n|\n|upkeep\n|\n|t:|1732397400\n|switch|p2b: Old Yeller|Sylveon, L50, F, shiny|100\/100\n|turn|3\n|\n|t:|1732397420\n|switch|p1a: Gholdengo|Gholdengo, L50|100\/100\n|move|p2a: Snowblind|Disable|p1a: Gholdengo\n|-immune|p1a: Gholdengo|[from] ability: Good as Gold\n|move|p1b: Ursaluna|Hyper Voice|p2a: Snowblind|[spread] p2a,p2b\n|-crit|p2a: Snowblind\n|-damage|p2a: Snowblind|18\/100\n|-damage|p2b: Old Yeller|68\/100\n|-enditem|p2a: Snowblind|Sitrus Berry|[eat]\n|-heal|p2a: Snowblind|43\/100|[from] item: Sitrus Berry\n|move|p2b: Old Yeller|Hyper Voice|p1a: Gholdengo|[spread] p1a,p1b\n|-resisted|p1a: Gholdengo\n|-crit|p1b: Ursaluna\n|-damage|p1a: Gholdengo|80\/100\n|-damage|p1b: Ursaluna|47\/100\n|-enditem|p2b: Old Yeller|Throat Spray\n|-boost|p2b: Old Yeller|spa|1|[from] item: Throat Spray\n|\n|upkeep\n|turn|4\n|\n|t:|1732397452\n|move|p2b: Old Yeller|Protect|p2b: Old Yeller\n|-singleturn|p2b: Old Yeller|Protect\n|move|p2a: Snowblind|Disable|p1b: Ursaluna\n|-start|p1b: Ursaluna|Disable|Hyper Voice\n|move|p1a: Gholdengo|Make It Rain|p2a: Snowblind|[spread] p2a\n|-activate|p2b: Old Yeller|move: Protect\n|-crit|p2a: Snowblind\n|-damage|p2a: Snowblind|0 fnt\n|-unboost|p1a: Gholdengo|spa|1\n|faint|p2a: Snowblind\n|move|p1b: Ursaluna|Earth Power|p2b: Old Yeller\n|-activate|p2b: Old Yeller|move: Protect\n|\n|upkeep\n|\n|t:|1732397467\n|switch|p2a: Harambe In Heaven|Annihilape, L50, M|100\/100\n|turn|5\n|j| futonkagebunshin\n|\n|t:|1732397487\n|-terastallize|p2b: Old Yeller|Water\n|move|p1a: Gholdengo|Make It Rain|p2a: Harambe In Heaven|[spread] p2a,p2b\n|-resisted|p2b: Old Yeller\n|-damage|p2a: Harambe In Heaven|60\/100\n|-damage|p2b: Old Yeller|47\/100\n|-unboost|p1a: Gholdengo|spa|1\n|move|p2a: Harambe In Heaven|Drain Punch|p1b: Ursaluna\n|-supereffective|p1b: Ursaluna\n|-damage|p1b: Ursaluna|0 fnt\n|-heal|p2a: Harambe In Heaven|81\/100|[from] drain|[of] p1b: Ursaluna\n|faint|p1b: Ursaluna\n|move|p2b: Old Yeller|Hyper Voice|p1a: Gholdengo\n|-resisted|p1a: Gholdengo\n|-damage|p1a: Gholdengo|37\/100\n|\n|-heal|p2a: Harambe In Heaven|88\/100|[from] item: Leftovers\n|upkeep\n|\n|t:|1732397503\n|switch|p1b: Dragonite|Dragonite, L50, M|100\/100\n|turn|6\n|\n|t:|1732397520\n|move|p2b: Old Yeller|Protect|p2b: Old Yeller\n|-singleturn|p2b: Old Yeller|Protect\n|move|p1a: Gholdengo|Make It Rain|p2b: Old Yeller|[spread] p2a\n|-activate|p2b: Old Yeller|move: Protect\n|-damage|p2a: Harambe In Heaven|57\/100\n|-unboost|p1a: Gholdengo|spa|1\n|move|p1b: Dragonite|Scale Shot|p2b: Old Yeller\n|-activate|p2b: Old Yeller|move: Protect\n|move|p2a: Harambe In Heaven|Rage Fist|p1b: Dragonite\n|-damage|p1b: Dragonite|64\/100\n|\n|-heal|p2a: Harambe In Heaven|63\/100|[from] item: Leftovers\n|upkeep\n|turn|7\n|\n|t:|1732397543\n|switch|p1a: Archaludon|Archaludon, L50, M|100\/100\n|move|p1b: Dragonite|Scale Shot|p2b: Old Yeller\n|-damage|p2b: Old Yeller|32\/100\n|-damage|p2b: Old Yeller|16\/100\n|-damage|p2b: Old Yeller|1\/100\n|-damage|p2b: Old Yeller|0 fnt\n|faint|p2b: Old Yeller\n|-hitcount|p2: Old Yeller|4\n|-unboost|p1b: Dragonite|def|1\n|-boost|p1b: Dragonite|spe|1\n|move|p2a: Harambe In Heaven|Rage Fist|p1b: Dragonite\n|-damage|p1b: Dragonite|0 fnt\n|faint|p1b: Dragonite\n|\n|-heal|p2a: Harambe In Heaven|69\/100|[from] item: Leftovers\n|upkeep\n|\n|t:|1732397562\n|switch|p1b: Gholdengo|Gholdengo, L50|37\/100\n|turn|8\n|\n|t:|1732397570\n|-terastallize|p1a: Archaludon|Electric\n|move|p2a: Harambe In Heaven|Protect|p2a: Harambe In Heaven\n|-singleturn|p2a: Harambe In Heaven|Protect\n|move|p1a: Archaludon|Electro Shot||[still]\n|-prepare|p1a: Archaludon|Electro Shot\n|-boost|p1a: Archaludon|spa|1\n|-enditem|p1a: Archaludon|Power Herb\n|-anim|p1a: Archaludon|Electro Shot|p2a: Harambe In Heaven\n|-activate|p2a: Harambe In Heaven|move: Protect\n|move|p1b: Gholdengo|Shadow Ball|p2a: Harambe In Heaven\n|-activate|p2a: Harambe In Heaven|move: Protect\n|\n|-heal|p2a: Harambe In Heaven|75\/100|[from] item: Leftovers\n|upkeep\n|turn|9\n|\n|t:|1732397582\n|move|p1a: Archaludon|Thunderbolt|p2a: Harambe In Heaven\n|-damage|p2a: Harambe In Heaven|22\/100\n|move|p1b: Gholdengo|Shadow Ball|p2a: Harambe In Heaven\n|-supereffective|p2a: Harambe In Heaven\n|-damage|p2a: Harambe In Heaven|0 fnt\n|faint|p2a: Harambe In Heaven\n|\n|win|toadtoadtoad15\n|raw|toadtoadtoad15's rating: 1644 &rarr; <strong>1667<\/strong><br \/>(+23 for winning)\n|raw|VGCLTH Sir Aaron's rating: 1701 &rarr; <strong>1678<\/strong><br \/>(-23 for losing)\n|l|\u2606toadtoadtoad15\n|player|p1|\n","uploadtime":1732397764,"views":7,"formatid":"gen9vgc2024regh","rating":1667,"private":0,"password":null}