{"id":"gen9vgc2024regh-2249831718","format":"[Gen 9] VGC 2024 Reg H","players":["Roman25","elvegis1"],"log":"|j|\u2606Roman25\n|j|\u2606elvegis1\n|t:|1732404914\n|gametype|doubles\n|player|p1|Roman25|266|1673\n|player|p2|elvegis1|lucas|1728\n|teamsize|p1|6\n|teamsize|p2|6\n|gen|9\n|tier|[Gen 9] VGC 2024 Reg H\n|rated|\n|rule|Species Clause: Limit one of each Pok\u00e9mon\n|rule|Item Clause: Limit 1 of each item\n|clearpoke\n|poke|p1|Sneasler, L50, M|\n|poke|p1|Baxcalibur, L50, F|\n|poke|p1|Volcarona, L50, M|\n|poke|p1|Rillaboom, L50, M|\n|poke|p1|Kingambit, L50, M|\n|poke|p1|Gastrodon, L50, M|\n|poke|p2|Incineroar, L50, F|\n|poke|p2|Gholdengo, L50|\n|poke|p2|Dondozo, L50, M|\n|poke|p2|Magnezone, L50|\n|poke|p2|Ursaluna, L50, M|\n|poke|p2|Dusclops, L50, M|\n|teampreview|4\n|inactive|Battle timer is ON: inactive players will automatically lose when time's up. (requested by elvegis1)\n|inactive|elvegis1 has 60 seconds left.\n|\n|t:|1732404959\n|start\n|switch|p1a: Sneasler|Sneasler, L50, M|100\/100\n|switch|p1b: Kingambit|Kingambit, L50, M|100\/100\n|switch|p2a: Dusclops|Dusclops, L50, M|100\/100\n|switch|p2b: Gholdengo|Gholdengo, L50|100\/100\n|-item|p1a: Sneasler|Focus Sash|[from] ability: Frisk|[of] p2a: Dusclops\n|-item|p1b: Kingambit|Assault Vest|[from] ability: Frisk|[of] p2a: Dusclops\n|turn|1\n|\n|t:|1732404975\n|switch|p2b: Ursaluna|Ursaluna, L50, M|100\/100\n|move|p1a: Sneasler|Coaching|p1b: Kingambit\n|-boost|p1b: Kingambit|atk|1\n|-boost|p1b: Kingambit|def|1\n|move|p1b: Kingambit|Kowtow Cleave|p2a: Dusclops\n|-supereffective|p2a: Dusclops\n|-damage|p2a: Dusclops|15\/100\n|move|p2a: Dusclops|Trick Room|p2a: Dusclops\n|-fieldstart|move: Trick Room|[of] p2a: Dusclops\n|\n|-status|p2b: Ursaluna|brn|[from] item: Flame Orb\n|upkeep\n|turn|2\n|inactive|Roman25 has 30 seconds left.\n|inactive|elvegis1 has 30 seconds left.\n|inactive|Roman25 has 20 seconds left.\n|inactive|elvegis1 has 20 seconds left.\n|j| jggyfhgdh\n|inactive|elvegis1 has 15 seconds left.\n|\n|t:|1732405018\n|-terastallize|p1b: Kingambit|Flying\n|move|p2a: Dusclops|Pain Split|p1a: Sneasler\n|-sethp|p1a: Sneasler|57\/100|[from] move: Pain Split|[silent]\n|-sethp|p2a: Dusclops|60\/100|[from] move: Pain Split\n|move|p1b: Kingambit|Low Kick|p2b: Ursaluna\n|-supereffective|p2b: Ursaluna\n|-damage|p2b: Ursaluna|0 fnt\n|faint|p2b: Ursaluna\n|move|p1a: Sneasler|Coaching|p1b: Kingambit\n|-boost|p1b: Kingambit|atk|1\n|-boost|p1b: Kingambit|def|1\n|\n|upkeep\n|\n|t:|1732405028\n|switch|p2b: Dondozo|Dondozo, L50, M|100\/100\n|turn|3\n|\n|t:|1732405043\n|switch|p1a: Gastrodon|Gastrodon, L50, M|100\/100\n|move|p2a: Dusclops|Will-O-Wisp|p1b: Kingambit\n|-status|p1b: Kingambit|brn\n|move|p2b: Dondozo|Yawn|p1a: Gastrodon\n|-start|p1a: Gastrodon|move: Yawn|[of] p2b: Dondozo\n|move|p1b: Kingambit|Kowtow Cleave|p2a: Dusclops\n|-supereffective|p2a: Dusclops\n|-damage|p2a: Dusclops|0 fnt\n|faint|p2a: Dusclops\n|\n|-damage|p1b: Kingambit|95\/100 brn|[from] brn\n|upkeep\n|\n|t:|1732405055\n|switch|p2a: Gholdengo|Gholdengo, L50|100\/100\n|turn|4\n|\n|t:|1732405073\n|switch|p1a: Sneasler|Sneasler, L50, M|57\/100\n|move|p2b: Dondozo|Protect|p2b: Dondozo\n|-singleturn|p2b: Dondozo|Protect\n|move|p2a: Gholdengo|Protect|p2a: Gholdengo\n|-singleturn|p2a: Gholdengo|Protect\n|move|p1b: Kingambit|Kowtow Cleave|p2a: Gholdengo\n|-activate|p2a: Gholdengo|move: Protect\n|\n|-damage|p1b: Kingambit|89\/100 brn|[from] brn\n|upkeep\n|turn|5\n|\n|t:|1732405090\n|-terastallize|p2a: Gholdengo|Water\n|move|p1a: Sneasler|Fake Out|p2b: Dondozo\n|-damage|p2b: Dondozo|91\/100\n|cant|p2b: Dondozo|flinch\n|move|p1b: Kingambit|Kowtow Cleave|p2a: Gholdengo\n|-damage|p2a: Gholdengo|46\/100\n|move|p2a: Gholdengo|Make It Rain|p1b: Kingambit|[spread] p1a,p1b\n|-damage|p1a: Sneasler|0 fnt\n|-damage|p1b: Kingambit|51\/100 brn\n|-unboost|p2a: Gholdengo|spa|1\n|faint|p1a: Sneasler\n|\n|-heal|p2b: Dondozo|97\/100|[from] item: Leftovers\n|-damage|p1b: Kingambit|45\/100 brn|[from] brn\n|-fieldend|move: Trick Room\n|upkeep\n|\n|t:|1732405113\n|switch|p1a: Rillaboom|Rillaboom, L50, M|100\/100\n|-fieldstart|move: Grassy Terrain|[from] ability: Grassy Surge|[of] p1a: Rillaboom\n|turn|6\n|-message|elvegis1 forfeited.\n|\n|win|Roman25\n|raw|Roman25's rating: 1673 &rarr; <strong>1696<\/strong><br \/>(+23 for winning)\n|raw|elvegis1's rating: 1728 &rarr; <strong>1705<\/strong><br \/>(-23 for losing)\n|l|\u2606elvegis1\n|player|p2|\n|l|\u2606Roman25\n|player|p1|\n","uploadtime":1732405372,"views":10,"formatid":"gen9vgc2024regh","rating":1696,"private":0,"password":null}