{"id":"gen9vgc2024regh-2249594569","format":"[Gen 9] VGC 2024 Reg H","players":["jbleacher2","VGCLTH ladderboy66"],"log":"|raw|<div class=\"broadcast-blue\"><strong>This battle is required to be public due to a player having a name starting with 'vgclth'.<\/div>\n|j|\u2606jbleacher2\n|j|\u2606VGCLTH ladderboy66\n|t:|1732374632\n|gametype|doubles\n|player|p1|jbleacher2|266|1719\n|player|p2|VGCLTH ladderboy66|169|1708\n|teamsize|p1|6\n|teamsize|p2|6\n|gen|9\n|tier|[Gen 9] VGC 2024 Reg H\n|rated|\n|rule|Species Clause: Limit one of each Pok\u00e9mon\n|rule|Item Clause: Limit 1 of each item\n|clearpoke\n|poke|p1|Murkrow, L50, M|\n|poke|p1|Volcarona, L50, M|\n|poke|p1|Oricorio-Pom-Pom, L50, F|\n|poke|p1|Quaquaval, L50, M|\n|poke|p1|Archaludon, L50, M|\n|poke|p1|Golduck, L50, F|\n|poke|p2|Archaludon, L50, F|\n|poke|p2|Whimsicott, L50, M|\n|poke|p2|Pelipper, L50, M|\n|poke|p2|Basculegion, L50, M|\n|poke|p2|Gholdengo, L50|\n|poke|p2|Rillaboom, L50, M|\n|teampreview|4\n|inactive|Battle timer is ON: inactive players will automatically lose when time's up. (requested by jbleacher2)\n|inactive|VGCLTH ladderboy66 has 60 seconds left.\n|inactive|VGCLTH ladderboy66 has 30 seconds left.\n|inactive|VGCLTH ladderboy66 has 20 seconds left.\n|\n|t:|1732374705\n|start\n|switch|p1a: Volcarona|Volcarona, L50, M|100\/100\n|switch|p1b: Oricorio|Oricorio-Pom-Pom, L50, F, shiny|100\/100\n|switch|p2a: Archaludon|Archaludon, L50, F|100\/100\n|switch|p2b: Whimsicott|Whimsicott, L50, M|100\/100\n|turn|1\n|\n|t:|1732374717\n|move|p2b: Whimsicott|Beat Up|p2a: Archaludon\n|-crit|p2a: Archaludon\n|-damage|p2a: Archaludon|97\/100\n|-ability|p2a: Archaludon|Stamina|boost\n|-boost|p2a: Archaludon|def|1\n|-damage|p2a: Archaludon|96\/100\n|-ability|p2a: Archaludon|Stamina|boost\n|-boost|p2a: Archaludon|def|1\n|-damage|p2a: Archaludon|95\/100\n|-ability|p2a: Archaludon|Stamina|boost\n|-boost|p2a: Archaludon|def|1\n|-crit|p2a: Archaludon\n|-damage|p2a: Archaludon|92\/100\n|-ability|p2a: Archaludon|Stamina|boost\n|-boost|p2a: Archaludon|def|1\n|-hitcount|p2a: Archaludon|4\n|move|p1a: Volcarona|Quiver Dance|p1a: Volcarona\n|-boost|p1a: Volcarona|spa|1\n|-boost|p1a: Volcarona|spd|1\n|-boost|p1a: Volcarona|spe|1\n|-activate|p1b: Oricorio|ability: Dancer\n|move|p1b: Oricorio|Quiver Dance|p1b: Oricorio|[from]ability: Dancer\n|-boost|p1b: Oricorio|spa|1\n|-boost|p1b: Oricorio|spd|1\n|-boost|p1b: Oricorio|spe|1\n|move|p1b: Oricorio|Air Slash|p2b: Whimsicott\n|-supereffective|p2b: Whimsicott\n|-damage|p2b: Whimsicott|0 fnt\n|faint|p2b: Whimsicott\n|move|p2a: Archaludon|Body Press|p1b: Oricorio\n|-resisted|p1b: Oricorio\n|-damage|p1b: Oricorio|49\/100\n|\n|upkeep\n|inactive|VGCLTH ladderboy66 has 30 seconds left.\n|\n|t:|1732374744\n|switch|p2b: Pelipper|Pelipper, L50, M|100\/100\n|-weather|RainDance|[from] ability: Drizzle|[of] p2b: Pelipper\n|turn|2\n|j| GooglePay\n|inactive|VGCLTH ladderboy66 has 30 seconds left.\n|inactive|VGCLTH ladderboy66 has 20 seconds left.\n|inactive|VGCLTH ladderboy66 has 15 seconds left.\n|\n|t:|1732374788\n|move|p2b: Pelipper|Protect|p2b: Pelipper\n|-singleturn|p2b: Pelipper|Protect\n|move|p1a: Volcarona|Quiver Dance|p1a: Volcarona\n|-boost|p1a: Volcarona|spa|1\n|-boost|p1a: Volcarona|spd|1\n|-boost|p1a: Volcarona|spe|1\n|-activate|p1b: Oricorio|ability: Dancer\n|move|p1b: Oricorio|Quiver Dance|p1b: Oricorio|[from]ability: Dancer\n|-boost|p1b: Oricorio|spa|1\n|-boost|p1b: Oricorio|spd|1\n|-boost|p1b: Oricorio|spe|1\n|move|p1b: Oricorio|Baton Pass|p1b: Oricorio\n|\n|t:|1732374793\n|switch|p1b: Golduck|Golduck, L50, F|100\/100|[from] Baton Pass\n|-ability|p1b: Golduck|Cloud Nine\n|move|p2a: Archaludon|Body Press|p1b: Golduck\n|-damage|p1b: Golduck|25\/100\n|\n|-weather|RainDance|[upkeep]\n|upkeep\n|turn|3\n|\n|t:|1732374808\n|move|p1b: Golduck|Muddy Water|p2a: Archaludon|[spread] p2a,p2b\n|-resisted|p2a: Archaludon\n|-resisted|p2b: Pelipper\n|-damage|p2a: Archaludon|77\/100\n|-damage|p2b: Pelipper|67\/100\n|-unboost|p2b: Pelipper|accuracy|1\n|-ability|p2a: Archaludon|Stamina|boost\n|-boost|p2a: Archaludon|def|1\n|move|p1a: Volcarona|Giga Drain|p2b: Pelipper\n|-crit|p2b: Pelipper\n|-damage|p2b: Pelipper|0 fnt\n|faint|p2b: Pelipper\n|move|p2a: Archaludon|Body Press|p1b: Golduck\n|-damage|p1b: Golduck|0 fnt\n|faint|p1b: Golduck\n|\n|-weather|RainDance|[upkeep]\n|upkeep\n|\n|t:|1732374816\n|switch|p1b: Oricorio|Oricorio-Pom-Pom, L50, F, shiny|49\/100\n|switch|p2b: Basculegion|Basculegion, L50, M|100\/100\n|turn|4\n|inactive|jbleacher2 has 30 seconds left.\n|\n|t:|1732374850\n|switch|p1b: Archaludon|Archaludon, L50, M|100\/100\n|-terastallize|p1a: Volcarona|Water\n|move|p1a: Volcarona|Giga Drain|p2b: Basculegion\n|-supereffective|p2b: Basculegion\n|-crit|p2b: Basculegion\n|-damage|p2b: Basculegion|0 fnt\n|faint|p2b: Basculegion\n|move|p2a: Archaludon|Electro Shot||[still]\n|-prepare|p2a: Archaludon|Electro Shot\n|-boost|p2a: Archaludon|spa|1\n|-anim|p2a: Archaludon|Electro Shot|p1a: Volcarona\n|-supereffective|p1a: Volcarona\n|-damage|p1a: Volcarona|32\/100\n|\n|-weather|RainDance|[upkeep]\n|-heal|p1a: Volcarona|38\/100|[from] item: Leftovers\n|upkeep\n|turn|5\n|j| futonkagebunshin\n|\n|t:|1732374866\n|move|p1a: Volcarona|Protect|p1a: Volcarona\n|-singleturn|p1a: Volcarona|Protect\n|move|p1b: Archaludon|Snarl|p2a: Archaludon\n|-damage|p2a: Archaludon|66\/100\n|-unboost|p2a: Archaludon|spa|1\n|-ability|p2a: Archaludon|Stamina|boost\n|-boost|p2a: Archaludon|def|1\n|move|p2a: Archaludon|Electro Shot||[still]\n|-prepare|p2a: Archaludon|Electro Shot\n|-boost|p2a: Archaludon|spa|1\n|-anim|p2a: Archaludon|Electro Shot|p1a: Volcarona\n|-activate|p1a: Volcarona|move: Protect\n|\n|-weather|RainDance|[upkeep]\n|-heal|p1a: Volcarona|44\/100|[from] item: Leftovers\n|upkeep\n|turn|6\n|\n|t:|1732374881\n|move|p1a: Volcarona|Fiery Dance|p2a: Archaludon\n|-damage|p2a: Archaludon|42\/100\n|move|p1b: Archaludon|Dragon Pulse|p2a: Archaludon\n|-damage|p2a: Archaludon|18\/100\n|move|p2a: Archaludon|Electro Shot||[still]\n|-prepare|p2a: Archaludon|Electro Shot\n|-boost|p2a: Archaludon|spa|1\n|-anim|p2a: Archaludon|Electro Shot|p1a: Volcarona\n|-supereffective|p1a: Volcarona\n|-damage|p1a: Volcarona|0 fnt\n|faint|p1a: Volcarona\n|\n|-weather|none\n|upkeep\n|\n|t:|1732374884\n|switch|p1a: Oricorio|Oricorio-Pom-Pom, L50, F, shiny|49\/100\n|turn|7\n|\n|t:|1732374888\n|-terastallize|p2a: Archaludon|Ghost\n|move|p1a: Oricorio|Revelation Dance|p2a: Archaludon\n|-damage|p2a: Archaludon|0 fnt\n|faint|p2a: Archaludon\n|\n|win|jbleacher2\n|raw|jbleacher2's rating: 1719 &rarr; <strong>1738<\/strong><br \/>(+19 for winning)\n|raw|VGCLTH ladderboy66's rating: 1708 &rarr; <strong>1689<\/strong><br \/>(-19 for losing)\n|l|\u2606VGCLTH ladderboy66\n|player|p2|\n","uploadtime":1732375089,"views":14,"formatid":"gen9vgc2024regh","rating":1689,"private":0,"password":null}