{"id":"gen9vgc2024regh-2249077826","format":"[Gen 9] VGC 2024 Reg H","players":["labutacostill","VGCLTH Slow"],"log":"|raw|<div class=\"broadcast-blue\"><strong>This battle is required to be public due to a player having a name starting with 'vgclth'.<\/div>\n|j|\u2606labutacostill\n|j|\u2606VGCLTH Slow\n|t:|1732297517\n|gametype|doubles\n|player|p1|labutacostill|266|1717\n|player|p2|VGCLTH Slow|skier|1658\n|teamsize|p1|6\n|teamsize|p2|6\n|gen|9\n|tier|[Gen 9] VGC 2024 Reg H\n|rated|\n|rule|Species Clause: Limit one of each Pok\u00e9mon\n|rule|Item Clause: Limit 1 of each item\n|clearpoke\n|poke|p1|Houndstone, L50, M|\n|poke|p1|Torterra, L50, M|\n|poke|p1|Slowbro, L50, M|\n|poke|p1|Mimikyu, L50, M|\n|poke|p1|Piloswine, L50, M|\n|poke|p1|Muk-Alola, L50, M|\n|poke|p2|Sableye, L50, F|\n|poke|p2|Sylveon, L50, M|\n|poke|p2|Maushold-Four, L50|\n|poke|p2|Volcarona, L50, M|\n|poke|p2|Rillaboom, L50, F|\n|poke|p2|Annihilape, L50, M|\n|teampreview|4\n|inactive|Battle timer is ON: inactive players will automatically lose when time's up. (requested by labutacostill)\nVGCLTH Slow has agreed to open team sheets.\n|inactive|labutacostill has 60 seconds left.\n|\n|t:|1732297565\n|start\n|switch|p1a: Muk|Muk-Alola, L50, M|100\/100\n|switch|p1b: Mimikyu|Mimikyu, L50, M|100\/100\n|switch|p2a: Old Yeller|Sylveon, L50, M, shiny|100\/100\n|switch|p2b: Shamonerona|Volcarona, L50, M, shiny|100\/100\n|turn|1\n|inactive|VGCLTH Slow has 30 seconds left.\n|j| insertable194\n|inactive|VGCLTH Slow has 20 seconds left.\n|inactive|VGCLTH Slow has 15 seconds left.\n|inactive|VGCLTH Slow has 10 seconds left.\n|\n|t:|1732297610\n|move|p2b: Shamonerona|Heat Wave|p1b: Mimikyu|[spread] p1b\n|-miss|p2b: Shamonerona|p1a: Muk\n|-activate|p1b: Mimikyu|ability: Disguise\n|-damage|p1b: Mimikyu|100\/100\n|detailschange|p1b: Mimikyu|Mimikyu-Busted, L50, M\n|-damage|p1b: Mimikyu|88\/100|[from] pokemon: Mimikyu-Busted\n|move|p2a: Old Yeller|Hyper Voice|p1b: Mimikyu|[spread] p1a,p1b\n|-damage|p1a: Muk|73\/100\n|-damage|p1b: Mimikyu|40\/100\n|move|p1a: Muk|Knock Off|p2b: Shamonerona\n|-damage|p2b: Shamonerona|45\/100\n|-enditem|p2b: Shamonerona|Covert Cloak|[from] move: Knock Off|[of] p1a: Muk\n|move|p1b: Mimikyu|Trick Room|p1b: Mimikyu\n|-fieldstart|move: Trick Room|[of] p1b: Mimikyu\n|\n|upkeep\n|turn|2\n|\n|t:|1732297629\n|move|p1a: Muk|Poison Jab|p2a: Old Yeller\n|-supereffective|p2a: Old Yeller\n|-damage|p2a: Old Yeller|18\/100\n|-status|p2a: Old Yeller|psn\n|move|p1b: Mimikyu|Destiny Bond|p1b: Mimikyu\n|-singlemove|p1b: Mimikyu|Destiny Bond\n|move|p2a: Old Yeller|Hyper Voice|p1a: Muk|[spread] p1a,p1b\n|-damage|p1a: Muk|44\/100\n|-damage|p1b: Mimikyu|0 fnt\n|faint|p1b: Mimikyu\n|-activate|p1b: Mimikyu|move: Destiny Bond\n|faint|p2a: Old Yeller\n|move|p2b: Shamonerona|Heat Wave|p1a: Muk\n|-damage|p1a: Muk|15\/100\n|\n|upkeep\n|\n|t:|1732297642\n|switch|p1b: Piloswine|Piloswine, L50, M|100\/100\n|switch|p2a: Koko The Gorythmic|Rillaboom, L50, F|100\/100\n|-fieldstart|move: Grassy Terrain|[from] ability: Grassy Surge|[of] p2a: Koko The Gorythmic\n|turn|3\n|\n|t:|1732297661\n|switch|p2b: Snowblind|Sableye, L50, F|100\/100\n|move|p2a: Koko The Gorythmic|Fake Out|p1a: Muk\n|-damage|p1a: Muk|2\/100\n|cant|p1a: Muk|flinch\n|move|p1b: Piloswine|High Horsepower|p2b: Snowblind\n|-damage|p2b: Snowblind|52\/100\n|\n|-heal|p1a: Muk|8\/100|[from] Grassy Terrain\n|-heal|p2b: Snowblind|58\/100|[from] Grassy Terrain\n|upkeep\n|turn|4\n|\n|t:|1732297673\n|move|p2b: Snowblind|Encore|p1b: Piloswine\n|-start|p1b: Piloswine|Encore\n|move|p2a: Koko The Gorythmic|Grassy Glide|p1a: Muk\n|-resisted|p1a: Muk\n|-damage|p1a: Muk|0 fnt\n|faint|p1a: Muk\n|move|p1b: Piloswine|High Horsepower|p2a: Koko The Gorythmic\n|-resisted|p2a: Koko The Gorythmic\n|-damage|p2a: Koko The Gorythmic|79\/100\n|\n|-heal|p2b: Snowblind|64\/100|[from] Grassy Terrain\n|-heal|p2a: Koko The Gorythmic|85\/100|[from] Grassy Terrain\n|upkeep\n|\n|t:|1732297678\n|switch|p1a: Houndstone|Houndstone, L50, M|100\/100\n|turn|5\n|\n|t:|1732297686\n|move|p2b: Snowblind|Disable|p1b: Piloswine\n|-start|p1b: Piloswine|Disable|High Horsepower\n|cant|p1b: Piloswine|Disable|High Horsepower\n|move|p1a: Houndstone|Last Respects|p2a: Koko The Gorythmic\n|-damage|p2a: Koko The Gorythmic|19\/100\n|move|p2a: Koko The Gorythmic|Wood Hammer|p1a: Houndstone\n|-damage|p1a: Houndstone|56\/100\n|-damage|p2a: Koko The Gorythmic|7\/100|[from] Recoil\n|\n|-heal|p1a: Houndstone|62\/100|[from] Grassy Terrain\n|-heal|p2b: Snowblind|70\/100|[from] Grassy Terrain\n|-heal|p2a: Koko The Gorythmic|13\/100|[from] Grassy Terrain\n|-fieldend|move: Trick Room\n|upkeep\n|turn|6\n|inactive|VGCLTH Slow has 30 seconds left.\n|inactive|VGCLTH Slow has 20 seconds left.\n|\n|t:|1732297722\n|move|p2a: Koko The Gorythmic|Grassy Glide|p1a: Houndstone\n|-damage|p1a: Houndstone|44\/100\n|move|p2b: Snowblind|Disable|p1a: Houndstone\n|-start|p1a: Houndstone|Disable|Last Respects\n|move|p1a: Houndstone|Shadow Sneak|p2a: Koko The Gorythmic\n|-damage|p2a: Koko The Gorythmic|0 fnt\n|faint|p2a: Koko The Gorythmic\n|-activate|p1b: Piloswine|move: Struggle\n|move|p1b: Piloswine|Struggle|p2b: Snowblind\n|-damage|p2b: Snowblind|51\/100\n|-damage|p1b: Piloswine|75\/100|[from] recoil\n|\n|-heal|p2b: Snowblind|57\/100|[from] Grassy Terrain\n|-heal|p1a: Houndstone|50\/100|[from] Grassy Terrain\n|-heal|p1b: Piloswine|81\/100|[from] Grassy Terrain\n|-end|p1b: Piloswine|Encore\n|upkeep\n|inactive|VGCLTH Slow has 30 seconds left.\n|\n|t:|1732297750\n|switch|p2a: Shamonerona|Volcarona, L50, M, shiny|45\/100\n|turn|7\n|\n|t:|1732297764\n|-terastallize|p1a: Houndstone|Water\n|move|p2a: Shamonerona|Giga Drain|p1a: Houndstone\n|-supereffective|p1a: Houndstone\n|-damage|p1a: Houndstone|0 fnt\n|-heal|p2a: Shamonerona|67\/100|[from] drain|[of] p1a: Houndstone\n|faint|p1a: Houndstone\n|move|p2b: Snowblind|Foul Play|p1b: Piloswine\n|-damage|p1b: Piloswine|48\/100\n|move|p1b: Piloswine|Ice Fang|p2b: Snowblind\n|-damage|p2b: Snowblind|24\/100\n|-status|p2b: Snowblind|frz\n|-enditem|p2b: Snowblind|Sitrus Berry|[eat]\n|-heal|p2b: Snowblind|49\/100 frz|[from] item: Sitrus Berry\n|\n|-heal|p2a: Shamonerona|73\/100|[from] Grassy Terrain\n|-heal|p2b: Snowblind|55\/100 frz|[from] Grassy Terrain\n|-heal|p1b: Piloswine|54\/100|[from] Grassy Terrain\n|-fieldend|move: Grassy Terrain\n|upkeep\n|turn|8\n|\n|t:|1732297780\n|move|p2a: Shamonerona|Heat Wave|p1b: Piloswine\n|-supereffective|p1b: Piloswine\n|-damage|p1b: Piloswine|12\/100\n|cant|p2b: Snowblind|frz\n|move|p1b: Piloswine|Ice Fang|p2b: Snowblind\n|-damage|p2b: Snowblind|20\/100 frz\n|\n|-end|p1b: Piloswine|Disable\n|upkeep\n|turn|9\n|inactive|VGCLTH Slow has 30 seconds left.\n|\n|t:|1732297809\n|move|p2a: Shamonerona|Giga Drain|p1b: Piloswine\n|-supereffective|p1b: Piloswine\n|-crit|p1b: Piloswine\n|-damage|p1b: Piloswine|0 fnt\n|-heal|p2a: Shamonerona|80\/100|[from] drain|[of] p1b: Piloswine\n|faint|p1b: Piloswine\n|\n|win|VGCLTH Slow\n|raw|labutacostill's rating: 1717 &rarr; <strong>1694<\/strong><br \/>(-23 for losing)\n|raw|VGCLTH Slow's rating: 1658 &rarr; <strong>1681<\/strong><br \/>(+23 for winning)\n|l|\u2606labutacostill\n|player|p1|\n","uploadtime":1732297843,"views":11,"formatid":"gen9vgc2024regh","rating":1681,"private":0,"password":null}