{"id":"gen9vgc2024regh-2249658350","format":"[Gen 9] VGC 2024 Reg H","players":["papixe","chin8"],"log":"|j|\u2606papixe\n|j|\u2606chin8\n|t:|1732383042\n|gametype|doubles\n|player|p1|papixe|170|1695\n|player|p2|chin8|gentleman-gen4dp|1755\n|teamsize|p1|6\n|teamsize|p2|6\n|gen|9\n|tier|[Gen 9] VGC 2024 Reg H\n|rated|\n|rule|Species Clause: Limit one of each Pok\u00e9mon\n|rule|Item Clause: Limit 1 of each item\n|clearpoke\n|poke|p1|Charizard, L50, F|\n|poke|p1|Ninetales, L50, F|\n|poke|p1|Dragonite, L50, F|\n|poke|p1|Gengar, L50, F|\n|poke|p1|Clefairy, L50, F|\n|poke|p1|Gyarados, L50, F|\n|poke|p2|Baxcalibur, L50, M|\n|poke|p2|Kilowattrel, L50, F|\n|poke|p2|Granbull, L50, M|\n|poke|p2|Gardevoir, L50, F|\n|poke|p2|Magmortar, L50, F|\n|poke|p2|Gholdengo, L50|\n|teampreview|4\n|inactive|Battle timer is ON: inactive players will automatically lose when time's up. (requested by chin8)\n|\n|t:|1732383065\n|start\n|switch|p1a: Gengar|Gengar, L50, F, shiny|100\/100\n|switch|p1b: Dragonite|Dragonite, L50, F|100\/100\n|switch|p2a: Kilowattrel|Kilowattrel, L50, F|100\/100\n|switch|p2b: Baxcalibur|Baxcalibur, L50, M|100\/100\n|turn|1\n|\n|t:|1732383087\n|-terastallize|p2b: Baxcalibur|Ground\n|-terastallize|p1b: Dragonite|Flying\n|move|p2a: Kilowattrel|Tailwind|p2a: Kilowattrel\n|-sidestart|p2: chin8|move: Tailwind\n|move|p2b: Baxcalibur|Earthquake|p1b: Dragonite|[spread] p1a\n|-immune|p2a: Kilowattrel\n|-immune|p1b: Dragonite\n|-supereffective|p1a: Gengar\n|-enditem|p1a: Gengar|Focus Sash\n|-damage|p1a: Gengar|1\/100\n|move|p1a: Gengar|Sludge Bomb|p2b: Baxcalibur\n|-resisted|p2b: Baxcalibur\n|-damage|p2b: Baxcalibur|87\/100\n|move|p1b: Dragonite|Tera Blast|p2b: Baxcalibur|[anim] Tera Blast Flying\n|-damage|p2b: Baxcalibur|25\/100\n|\n|upkeep\n|turn|2\n|\n|t:|1732383109\n|switch|p1a: Clefairy|Clefairy, L50, F, shiny|100\/100\n|move|p1b: Dragonite|Extreme Speed|p2b: Baxcalibur\n|-damage|p2b: Baxcalibur|0 fnt\n|faint|p2b: Baxcalibur\n|move|p2a: Kilowattrel|Thunderbolt|p1b: Dragonite\n|-supereffective|p1b: Dragonite\n|-damage|p1b: Dragonite|81\/100\n|-status|p1b: Dragonite|par\n|\n|upkeep\n|\n|t:|1732383115\n|switch|p2b: Gholdengo|Gholdengo, L50|100\/100\n|turn|3\n|\n|t:|1732383138\n|switch|p2a: Magmortar|Magmortar, L50, F|100\/100\n|move|p1a: Clefairy|Protect|p1a: Clefairy\n|-singleturn|p1a: Clefairy|Protect\n|move|p2b: Gholdengo|Nasty Plot|p2b: Gholdengo\n|-boost|p2b: Gholdengo|spa|2\n|cant|p1b: Dragonite|par\n|\n|upkeep\n|turn|4\n|\n|t:|1732383154\n|switch|p2a: Kilowattrel|Kilowattrel, L50, F|100\/100\n|move|p1a: Clefairy|Helping Hand|p1b: Dragonite\n|-singleturn|p1b: Dragonite|Helping Hand|[of] p1a: Clefairy\n|move|p2b: Gholdengo|Make It Rain|p1b: Dragonite|[spread] p1a,p1b\n|-supereffective|p1a: Clefairy\n|-damage|p1a: Clefairy|0 fnt\n|-damage|p1b: Dragonite|38\/100 par\n|-unboost|p2b: Gholdengo|spa|1\n|faint|p1a: Clefairy\n|move|p1b: Dragonite|Outrage|p2b: Gholdengo\n|-resisted|p2b: Gholdengo\n|-damage|p2b: Gholdengo|53\/100\n|\n|-heal|p2b: Gholdengo|59\/100|[from] item: Leftovers\n|-sideend|p2: chin8|move: Tailwind\n|upkeep\n|\n|t:|1732383173\n|switch|p1a: Gengar|Gengar, L50, F, shiny|1\/100\n|turn|5\n|\n|t:|1732383182\n|move|p1a: Gengar|Protect|p1a: Gengar\n|-singleturn|p1a: Gengar|Protect\n|move|p2a: Kilowattrel|Tailwind|p2a: Kilowattrel\n|-sidestart|p2: chin8|move: Tailwind\n|move|p2b: Gholdengo|Make It Rain|p1a: Gengar|[spread] p1b\n|-activate|p1a: Gengar|move: Protect\n|-damage|p1b: Dragonite|0 fnt\n|-unboost|p2b: Gholdengo|spa|1\n|faint|p1b: Dragonite\n|\n|-heal|p2b: Gholdengo|65\/100|[from] item: Leftovers\n|upkeep\n|\n|t:|1732383197\n|switch|p1b: Gyarados|Gyarados, L50, F, shiny|100\/100\n|-ability|p1b: Gyarados|Intimidate|boost\n|-unboost|p2a: Kilowattrel|atk|1\n|-ability|p2a: Kilowattrel|Competitive|boost\n|-boost|p2a: Kilowattrel|spa|2\n|-unboost|p2b: Gholdengo|atk|1\n|turn|6\n|-message|papixe forfeited.\n|\n|win|chin8\n|raw|papixe's rating: 1695 &rarr; <strong>1678<\/strong><br \/>(-17 for losing)\n|raw|chin8's rating: 1755 &rarr; <strong>1772<\/strong><br \/>(+17 for winning)\n|l|\u2606papixe\n|player|p1|\n|l|\u2606chin8\n|player|p2|\n","uploadtime":1732383352,"views":6,"formatid":"gen9vgc2024regh","rating":1678,"private":0,"password":null}