{"id":"gen9vgc2024regh-2249599315","format":"[Gen 9] VGC 2024 Reg H","players":["VGCLTH ladderboy66","VGCLTH Python"],"log":"|raw|<div class=\"broadcast-blue\"><strong>This battle is required to be public due to a player having a name starting with 'vgclth'.<\/div>\n|j|\u2606VGCLTH ladderboy66\n|j|\u2606VGCLTH Python\n|t:|1732375294\n|gametype|doubles\n|player|p1|VGCLTH ladderboy66|169|1688\n|player|p2|VGCLTH Python|yellow|1651\n|teamsize|p1|6\n|teamsize|p2|6\n|gen|9\n|tier|[Gen 9] VGC 2024 Reg H\n|rated|\n|rule|Species Clause: Limit one of each Pok\u00e9mon\n|rule|Item Clause: Limit 1 of each item\n|clearpoke\n|poke|p1|Archaludon, L50, F|\n|poke|p1|Whimsicott, L50, F|\n|poke|p1|Pelipper, L50, M|\n|poke|p1|Basculegion, L50, M|\n|poke|p1|Gholdengo, L50|\n|poke|p1|Rillaboom, L50, M|\n|poke|p2|Indeedee-F, L50, F|\n|poke|p2|Gallade, L50, M|\n|poke|p2|Torkoal, L50, F|\n|poke|p2|Ursaluna, L50, F|\n|poke|p2|Exeggutor, L50, M|\n|poke|p2|Zoroark-Hisui, L50, M|\n|teampreview|4\n|\n|t:|1732375328\n|start\n|switch|p1a: Gholdengo|Gholdengo, L50|100\/100\n|switch|p1b: Archaludon|Archaludon, L50, F|100\/100\n|switch|p2a: Gallade|Gallade, L50, M|100\/100\n|switch|p2b: Indeedee|Indeedee-F, L50, F|100\/100\n|-fieldstart|move: Psychic Terrain|[from] ability: Psychic Surge|[of] p2b: Indeedee\n|turn|1\n|\n|t:|1732375351\n|switch|p1b: Rillaboom|Rillaboom, L50, M|100\/100\n|-fieldstart|move: Grassy Terrain|[from] ability: Grassy Surge|[of] p1b: Rillaboom\n|move|p2a: Gallade|Wide Guard|p2a: Gallade\n|-singleturn|p2a: Gallade|Wide Guard\n|move|p1a: Gholdengo|Make It Rain|p2b: Indeedee|[spread] \n|-activate|p2a: Gallade|move: Wide Guard\n|-activate|p2b: Indeedee|move: Wide Guard\n|move|p2b: Indeedee|Trick Room|p2b: Indeedee\n|-fieldstart|move: Trick Room|[of] p2b: Indeedee\n|\n|upkeep\n|turn|2\n|\n|t:|1732375378\n|switch|p2b: Torkoal|Torkoal, L50, F|100\/100\n|-weather|SunnyDay|[from] ability: Drought|[of] p2b: Torkoal\n|move|p2a: Gallade|Wide Guard|p2a: Gallade\n|-singleturn|p2a: Gallade|Wide Guard\n|move|p1b: Rillaboom|Taunt|p2a: Gallade\n|-start|p2a: Gallade|move: Taunt\n|move|p1a: Gholdengo|Make It Rain|p2a: Gallade|[spread] \n|-activate|p2a: Gallade|move: Wide Guard\n|-activate|p2b: Torkoal|move: Wide Guard\n|\n|-weather|SunnyDay|[upkeep]\n|upkeep\n|turn|3\n|\n|t:|1732375396\n|switch|p1b: Pelipper|Pelipper, L50, M|100\/100\n|-weather|RainDance|[from] ability: Drizzle|[of] p1b: Pelipper\n|move|p2b: Torkoal|Eruption|p1a: Gholdengo|[spread] p1a,p1b\n|-supereffective|p1a: Gholdengo\n|-resisted|p1b: Pelipper\n|-damage|p1a: Gholdengo|27\/100\n|-damage|p1b: Pelipper|77\/100\n|move|p2a: Gallade|Psycho Cut|p1a: Gholdengo\n|-resisted|p1a: Gholdengo\n|-crit|p1a: Gholdengo\n|-damage|p1a: Gholdengo|0 fnt\n|faint|p1a: Gholdengo\n|\n|-weather|RainDance|[upkeep]\n|upkeep\n|\n|t:|1732375407\n|switch|p1a: Archaludon|Archaludon, L50, F|100\/100\n|turn|4\n|\n|t:|1732375420\n|switch|p2b: Indeedee|Indeedee-F, L50, F|100\/100\n|-fieldstart|move: Psychic Terrain|[from] ability: Psychic Surge|[of] p2b: Indeedee\n|move|p2a: Gallade|Psycho Cut|p1b: Pelipper\n|-crit|p1b: Pelipper\n|-damage|p1b: Pelipper|0 fnt\n|faint|p1b: Pelipper\n|move|p1a: Archaludon|Electro Shot||[still]\n|-prepare|p1a: Archaludon|Electro Shot\n|-boost|p1a: Archaludon|spa|1\n|-anim|p1a: Archaludon|Electro Shot|p2b: Indeedee\n|-damage|p2b: Indeedee|36\/100\n|\n|-weather|RainDance|[upkeep]\n|upkeep\n|\n|t:|1732375428\n|switch|p1b: Rillaboom|Rillaboom, L50, M|100\/100\n|-fieldstart|move: Grassy Terrain|[from] ability: Grassy Surge|[of] p1b: Rillaboom\n|turn|5\n|j| futonkagebunshin\n|\n|t:|1732375457\n|switch|p2a: Torkoal|Torkoal, L50, F|100\/100\n|-weather|SunnyDay|[from] ability: Drought|[of] p2a: Torkoal\n|switch|p2b: Ursaluna|Ursaluna, L50, F|100\/100\n|-terastallize|p1a: Archaludon|Ghost\n|move|p1a: Archaludon|Electro Shot||[still]\n|-prepare|p1a: Archaludon|Electro Shot\n|-boost|p1a: Archaludon|spa|1\n|move|p1b: Rillaboom|Wood Hammer|p2a: Torkoal\n|-resisted|p2a: Torkoal\n|-damage|p2a: Torkoal|64\/100\n|-damage|p1b: Rillaboom|89\/100|[from] Recoil\n|\n|-weather|SunnyDay|[upkeep]\n|-heal|p2a: Torkoal|70\/100|[from] Grassy Terrain\n|-heal|p1b: Rillaboom|95\/100|[from] Grassy Terrain\n|-fieldend|move: Trick Room\n|-status|p2b: Ursaluna|brn|[from] item: Flame Orb\n|upkeep\n|turn|6\n|\n|t:|1732375479\n|-terastallize|p2b: Ursaluna|Ghost\n|move|p1b: Rillaboom|Wood Hammer|p2b: Ursaluna\n|-damage|p2b: Ursaluna|31\/100 brn\n|-damage|p1b: Rillaboom|66\/100|[from] Recoil\n|move|p1a: Archaludon|Electro Shot|p2b: Ursaluna|[from]lockedmove\n|-damage|p2b: Ursaluna|0 fnt\n|faint|p2b: Ursaluna\n|move|p2a: Torkoal|Weather Ball|p1b: Rillaboom\n|-supereffective|p1b: Rillaboom\n|-damage|p1b: Rillaboom|0 fnt\n|faint|p1b: Rillaboom\n|\n|-weather|SunnyDay|[upkeep]\n|-heal|p2a: Torkoal|76\/100|[from] Grassy Terrain\n|upkeep\n|\n|t:|1732375488\n|switch|p2b: Indeedee|Indeedee-F, L50, F|36\/100\n|-fieldstart|move: Psychic Terrain|[from] ability: Psychic Surge|[of] p2b: Indeedee\n|turn|7\n|\n|t:|1732375505\n|move|p1a: Archaludon|Snarl|p2b: Indeedee|[spread] p2a,p2b\n|-supereffective|p2b: Indeedee\n|-damage|p2a: Torkoal|42\/100\n|-damage|p2b: Indeedee|0 fnt\n|-unboost|p2a: Torkoal|spa|1\n|faint|p2b: Indeedee\n|move|p2a: Torkoal|Weather Ball|p1a: Archaludon\n|-damage|p1a: Archaludon|65\/100\n|-ability|p1a: Archaludon|Stamina|boost\n|-boost|p1a: Archaludon|def|1\n|\n|-weather|SunnyDay|[upkeep]\n|upkeep\n|\n|t:|1732375509\n|switch|p2b: Gallade|Gallade, L50, M|100\/100\n|turn|8\n|\n|t:|1732375557\n|move|p1a: Archaludon|Dragon Pulse|p2a: Torkoal\n|-damage|p2a: Torkoal|0 fnt\n|faint|p2a: Torkoal\n|move|p2b: Gallade|Trick Room|p2b: Gallade\n|-fieldstart|move: Trick Room|[of] p2b: Gallade\n|\n|-weather|SunnyDay|[upkeep]\n|upkeep\n|turn|9\n|\n|t:|1732375562\n|move|p2b: Gallade|Psycho Cut|p1a: Archaludon\n|-damage|p1a: Archaludon|30\/100\n|-ability|p1a: Archaludon|Stamina|boost\n|-boost|p1a: Archaludon|def|1\n|move|p1a: Archaludon|Dragon Pulse|p2b: Gallade\n|-damage|p2b: Gallade|33\/100\n|\n|-weather|none\n|upkeep\n|turn|10\n|\n|t:|1732375572\n|move|p2b: Gallade|Psycho Cut|p1a: Archaludon\n|-crit|p1a: Archaludon\n|-damage|p1a: Archaludon|0 fnt\n|faint|p1a: Archaludon\n|\n|win|VGCLTH Python\n|raw|VGCLTH ladderboy66's rating: 1688 &rarr; <strong>1666<\/strong><br \/>(-22 for losing)\n|raw|VGCLTH Python's rating: 1651 &rarr; <strong>1673<\/strong><br \/>(+22 for winning)\n|l|\u2606VGCLTH Python\n|player|p2|\n|l|\u2606VGCLTH ladderboy66\n|player|p1|\n","uploadtime":1732375781,"views":5,"formatid":"gen9vgc2024regh","rating":1666,"private":0,"password":null}