{"id":"gen9vgc2024regh-2249617254","format":"[Gen 9] VGC 2024 Reg H","players":["FireRedzzz","SlipqyVGC"],"log":"|j|\u2606FireRedzzz\n|j|\u2606SlipqyVGC\n|t:|1732377719\n|gametype|doubles\n|player|p1|FireRedzzz|ethan|1724\n|player|p2|SlipqyVGC|guzma|1666\n|teamsize|p1|6\n|teamsize|p2|6\n|gen|9\n|tier|[Gen 9] VGC 2024 Reg H\n|rated|\n|rule|Species Clause: Limit one of each Pok\u00e9mon\n|rule|Item Clause: Limit 1 of each item\n|clearpoke\n|poke|p1|Kingambit, L50, F|\n|poke|p1|Electabuzz, L50, M|\n|poke|p1|Rillaboom, L50, M|\n|poke|p1|Primarina, L50, M|\n|poke|p1|Sneasler, L50, F|\n|poke|p1|Volcarona, L50, F|\n|poke|p2|Ninetales-Alola, L50, M|\n|poke|p2|Garchomp, L50, F|\n|poke|p2|Kingambit, L50, M|\n|poke|p2|Sneasler, L50, F|\n|poke|p2|Magmar, L50, F|\n|poke|p2|Metagross, L50|\n|teampreview|4\n|inactive|Battle timer is ON: inactive players will automatically lose when time's up. (requested by SlipqyVGC)\nFireRedzzz has agreed to open team sheets.\nSlipqyVGC has agreed to open team sheets.\n|inactive|FireRedzzz has 30 seconds left.\n|inactive|SlipqyVGC has 30 seconds left.\n|inactive|FireRedzzz has 20 seconds left.\n|inactive|FireRedzzz has 15 seconds left.\n|inactive|FireRedzzz has 10 seconds left.\n|inactive|FireRedzzz has 5 seconds left.\n|\n|t:|1732377783\n|start\n|switch|p1a: Volcarona|Volcarona, L50, F, shiny|100\/100\n|switch|p1b: Rillaboom|Rillaboom, L50, M|100\/100\n|switch|p2a: Ninetales|Ninetales-Alola, L50, M|100\/100\n|switch|p2b: Magmar|Magmar, L50, F|100\/100\n|-weather|Snow|[from] ability: Snow Warning|[of] p2a: Ninetales\n|-fieldstart|move: Grassy Terrain|[from] ability: Grassy Surge|[of] p1b: Rillaboom\n|-enditem|p1a: Volcarona|Grassy Seed\n|-boost|p1a: Volcarona|def|1|[from] item: Grassy Seed\n|turn|1\n|inactive|SlipqyVGC has 30 seconds left.\n|\n|t:|1732377814\n|-terastallize|p1b: Rillaboom|Fire\n|move|p2a: Ninetales|Protect|p2a: Ninetales\n|-singleturn|p2a: Ninetales|Protect\n|move|p1b: Rillaboom|Fake Out|p2a: Ninetales\n|-activate|p2a: Ninetales|move: Protect\n|move|p1a: Volcarona|Quiver Dance|p1a: Volcarona\n|-boost|p1a: Volcarona|spa|1\n|-boost|p1a: Volcarona|spd|1\n|-boost|p1a: Volcarona|spe|1\n|move|p2b: Magmar|Fire Spin|p1a: Volcarona\n|-damage|p1a: Volcarona|92\/100\n|-activate|p1a: Volcarona|move: Fire Spin|[of] p2b: Magmar\n|\n|-weather|Snow|[upkeep]\n|-heal|p1a: Volcarona|98\/100|[from] Grassy Terrain\n|-damage|p1a: Volcarona|86\/100|[from] move: Fire Spin|[partiallytrapped]\n|upkeep\n|turn|2\n|j| trauma breaker\n|inactive|FireRedzzz has 30 seconds left.\n|inactive|SlipqyVGC has 30 seconds left.\n|\n|t:|1732377848\n|switch|p2a: Garchomp|Garchomp, L50, F|100\/100\n|switch|p1b: Electabuzz|Electabuzz, L50, M|100\/100\n|move|p2b: Magmar|Follow Me|p2b: Magmar\n|-singleturn|p2b: Magmar|move: Follow Me\n|move|p1a: Volcarona|Quiver Dance|p1a: Volcarona\n|-boost|p1a: Volcarona|spa|1\n|-boost|p1a: Volcarona|spd|1\n|-boost|p1a: Volcarona|spe|1\n|\n|-weather|Snow|[upkeep]\n|-heal|p1a: Volcarona|92\/100|[from] Grassy Terrain\n|-damage|p1a: Volcarona|80\/100|[from] move: Fire Spin|[partiallytrapped]\n|upkeep\n|turn|3\n|inactive|FireRedzzz has 30 seconds left.\n|inactive|FireRedzzz has 20 seconds left.\n|\n|t:|1732377884\n|move|p1b: Electabuzz|Follow Me|p1b: Electabuzz\n|-singleturn|p1b: Electabuzz|move: Follow Me\n|move|p2b: Magmar|Follow Me|p2b: Magmar\n|-singleturn|p2b: Magmar|move: Follow Me\n|move|p1a: Volcarona|Quiver Dance|p1a: Volcarona\n|-boost|p1a: Volcarona|spa|1\n|-boost|p1a: Volcarona|spd|1\n|-boost|p1a: Volcarona|spe|1\n|move|p2a: Garchomp|Stomping Tantrum|p1b: Electabuzz\n|-supereffective|p1b: Electabuzz\n|-damage|p1b: Electabuzz|21\/100\n|-damage|p2a: Garchomp|91\/100|[from] item: Life Orb\n|\n|-weather|Snow|[upkeep]\n|-heal|p1a: Volcarona|85\/100|[from] Grassy Terrain\n|-heal|p2a: Garchomp|97\/100|[from] Grassy Terrain\n|-heal|p1b: Electabuzz|27\/100|[from] Grassy Terrain\n|-damage|p1a: Volcarona|73\/100|[from] move: Fire Spin|[partiallytrapped]\n|upkeep\n|turn|4\n|\n|t:|1732377907\n|move|p1b: Electabuzz|Follow Me|p1b: Electabuzz\n|-singleturn|p1b: Electabuzz|move: Follow Me\n|move|p2b: Magmar|Follow Me|p2b: Magmar\n|-singleturn|p2b: Magmar|move: Follow Me\n|move|p1a: Volcarona|Heat Wave|p2b: Magmar|[spread] p2a,p2b\n|-resisted|p2a: Garchomp\n|-crit|p2a: Garchomp\n|-resisted|p2b: Magmar\n|-damage|p2a: Garchomp|27\/100\n|-damage|p2b: Magmar|62\/100\n|move|p2a: Garchomp|Stomping Tantrum|p1b: Electabuzz\n|-supereffective|p1b: Electabuzz\n|-damage|p1b: Electabuzz|0 fnt\n|faint|p1b: Electabuzz\n|-damage|p2a: Garchomp|17\/100|[from] item: Life Orb\n|\n|-weather|Snow|[upkeep]\n|-heal|p1a: Volcarona|79\/100|[from] Grassy Terrain\n|-heal|p2a: Garchomp|23\/100|[from] Grassy Terrain\n|-heal|p2b: Magmar|68\/100|[from] Grassy Terrain\n|-damage|p1a: Volcarona|67\/100|[from] move: Fire Spin|[partiallytrapped]\n|upkeep\n|\n|t:|1732377925\n|switch|p1b: Sneasler|Sneasler, L50, F|100\/100\n|turn|5\n|l| trauma breaker\n|\n|t:|1732377936\n|move|p2a: Garchomp|Protect|p2a: Garchomp\n|-singleturn|p2a: Garchomp|Protect\n|move|p1b: Sneasler|Fake Out|p2b: Magmar\n|-damage|p2b: Magmar|57\/100\n|move|p1a: Volcarona|Quiver Dance|p1a: Volcarona\n|-boost|p1a: Volcarona|spa|1\n|-boost|p1a: Volcarona|spd|1\n|-boost|p1a: Volcarona|spe|1\n|cant|p2b: Magmar|flinch\n|\n|-weather|none\n|-heal|p1a: Volcarona|73\/100|[from] Grassy Terrain\n|-heal|p2a: Garchomp|29\/100|[from] Grassy Terrain\n|-heal|p2b: Magmar|63\/100|[from] Grassy Terrain\n|-damage|p1a: Volcarona|61\/100|[from] move: Fire Spin|[partiallytrapped]\n|-fieldend|move: Grassy Terrain\n|upkeep\n|turn|6\n|inactive|SlipqyVGC has 30 seconds left.\n|\n|t:|1732377969\n|move|p2b: Magmar|Protect|p2b: Magmar\n|-singleturn|p2b: Magmar|Protect\n|move|p1a: Volcarona|Heat Wave|p2b: Magmar|[spread] \n|-activate|p2b: Magmar|move: Protect\n|-miss|p1a: Volcarona|p2a: Garchomp\n|move|p1b: Sneasler|Dire Claw|p2a: Garchomp\n|-resisted|p2a: Garchomp\n|-damage|p2a: Garchomp|7\/100\n|-damage|p1b: Sneasler|88\/100|[from] ability: Rough Skin|[of] p2a: Garchomp\n|move|p2a: Garchomp|Earthquake|p1a: Volcarona|[spread] p1a,p1b\n|-activate|p2b: Magmar|move: Protect\n|-crit|p1a: Volcarona\n|-supereffective|p1b: Sneasler\n|-damage|p1a: Volcarona|0 fnt\n|-damage|p1b: Sneasler|0 fnt\n|faint|p1a: Volcarona\n|faint|p1b: Sneasler\n|-damage|p2a: Garchomp|0 fnt|[from] item: Life Orb\n|faint|p2a: Garchomp\n|\n|upkeep\n|\n|t:|1732377989\n|switch|p1b: Rillaboom|Rillaboom, L50, M, tera:Fire|100\/100\n|switch|p2a: Sneasler|Sneasler, L50, F|100\/100\n|-fieldstart|move: Grassy Terrain|[from] ability: Grassy Surge|[of] p1b: Rillaboom\n|turn|7\n|-message|FireRedzzz forfeited.\n|\n|win|SlipqyVGC\n|raw|FireRedzzz's rating: 1724 &rarr; <strong>1701<\/strong><br \/>(-23 for losing)\n|raw|SlipqyVGC's rating: 1666 &rarr; <strong>1689<\/strong><br \/>(+23 for winning)\n|l|\u2606FireRedzzz\n|player|p1|\n|l|\u2606SlipqyVGC\n|player|p2|\n","uploadtime":1732378133,"views":6,"formatid":"gen9vgc2024regh","rating":1689,"private":0,"password":null}