{"id":"gen9vgc2024regh-2249144638","format":"[Gen 9] VGC 2024 Reg H","players":["VGCLTH Python","Allhailhippo"],"log":"|j|\u2606VGCLTH Python\n|j|\u203dAllhailhippo\n|t:|1732304210\n|gametype|doubles\n|player|p1|VGCLTH Python|yellow|1759\n|player|p2|Allhailhippo|265|1753\n|teamsize|p1|6\n|teamsize|p2|6\n|gen|9\n|tier|[Gen 9] VGC 2024 Reg H\n|rated|\n|rule|Species Clause: Limit one of each Pok\u00e9mon\n|rule|Item Clause: Limit 1 of each item\n|clearpoke\n|poke|p1|Volcarona, L50, M|\n|poke|p1|Breloom, L50, M|\n|poke|p1|Gholdengo, L50|\n|poke|p1|Electabuzz, L50, F|\n|poke|p1|Gastrodon, L50, M|\n|poke|p1|Dragonite, L50, M|\n|poke|p2|Tyranitar, L50, M|\n|poke|p2|Houndstone, L50, F|\n|poke|p2|Whimsicott, L50, M|\n|poke|p2|Incineroar, L50, F|\n|poke|p2|Gholdengo, L50|\n|poke|p2|Garchomp, L50, M|\n|teampreview|4\n|inactive|Battle timer is ON: inactive players will automatically lose when time's up. (requested by Allhailhippo)\n|inactive|VGCLTH Python has 60 seconds left.\nAllhailhippo has agreed to open team sheets.\n|\n|t:|1732304251\n|start\n|switch|p1a: Dragonite|Dragonite, L50, M|100\/100\n|switch|p1b: Breloom|Breloom, L50, M|100\/100\n|switch|p2a: Whimsicott|Whimsicott, L50, M|100\/100\n|switch|p2b: Garchomp|Garchomp, L50, M|100\/100\n|turn|1\n|inactive|VGCLTH Python has 30 seconds left.\n|\n|t:|1732304280\n|move|p2b: Garchomp|Protect|p2b: Garchomp\n|-singleturn|p2b: Garchomp|Protect\n|move|p2a: Whimsicott|Moonblast|p1b: Breloom\n|-supereffective|p1b: Breloom\n|-enditem|p1b: Breloom|Focus Sash\n|-damage|p1b: Breloom|1\/100\n|move|p1b: Breloom|Spore|p2b: Garchomp\n|-activate|p2b: Garchomp|move: Protect\n|move|p1a: Dragonite|Scale Shot|p2b: Garchomp\n|-activate|p2b: Garchomp|move: Protect\n|\n|upkeep\n|turn|2\n|\n|t:|1732304294\n|-terastallize|p1a: Dragonite|Fairy\n|move|p1b: Breloom|Protect|p1b: Breloom\n|-singleturn|p1b: Breloom|Protect\n|move|p2a: Whimsicott|Tailwind|p2a: Whimsicott\n|-sidestart|p2: Allhailhippo|move: Tailwind\n|move|p2b: Garchomp|Earthquake|p1a: Dragonite|[spread] p2a,p1a\n|-activate|p1b: Breloom|move: Protect\n|-resisted|p2a: Whimsicott\n|-damage|p2a: Whimsicott|72\/100\n|-damage|p1a: Dragonite|40\/100\n|-damage|p2b: Garchomp|91\/100|[from] item: Life Orb\n|move|p1a: Dragonite|Scale Shot|p2b: Garchomp\n|-supereffective|p2b: Garchomp\n|-damage|p2b: Garchomp|60\/100\n|-supereffective|p2b: Garchomp\n|-damage|p2b: Garchomp|30\/100\n|-supereffective|p2b: Garchomp\n|-damage|p2b: Garchomp|0 fnt\n|faint|p2b: Garchomp\n|-hitcount|p2: Garchomp|3\n|-unboost|p1a: Dragonite|def|1\n|-boost|p1a: Dragonite|spe|1\n|\n|upkeep\n|\n|t:|1732304310\n|switch|p2b: Tyranitar|Tyranitar, L50, M|100\/100\n|-weather|Sandstorm|[from] ability: Sand Stream|[of] p2b: Tyranitar\n|turn|3\n|\n|t:|1732304331\n|switch|p1b: Gastrodon|Gastrodon, L50, M|100\/100\n|-terastallize|p2b: Tyranitar|Flying\n|move|p1a: Dragonite|Protect|p1a: Dragonite\n|-singleturn|p1a: Dragonite|Protect\n|move|p2a: Whimsicott|Encore||[still]\n|-fail|p2a: Whimsicott\n|move|p2b: Tyranitar|Tera Blast|p1a: Dragonite|[anim] Tera Blast Flying\n|-activate|p1a: Dragonite|move: Protect\n|\n|-weather|Sandstorm|[upkeep]\n|-damage|p2a: Whimsicott|66\/100|[from] Sandstorm\n|-damage|p1a: Dragonite|34\/100|[from] Sandstorm\n|-damage|p2b: Tyranitar|95\/100|[from] Sandstorm\n|upkeep\n|turn|4\n|inactive|VGCLTH Python has 30 seconds left.\n|\n|t:|1732304358\n|move|p2a: Whimsicott|Moonblast|p1b: Gastrodon\n|-crit|p1b: Gastrodon\n|-damage|p1b: Gastrodon|51\/100\n|move|p1a: Dragonite|Scale Shot|p2b: Tyranitar\n|-damage|p2b: Tyranitar|81\/100\n|-crit|p2b: Tyranitar\n|-damage|p2b: Tyranitar|62\/100\n|-damage|p2b: Tyranitar|50\/100\n|-damage|p2b: Tyranitar|37\/100\n|-damage|p2b: Tyranitar|25\/100\n|-hitcount|p2b: Tyranitar|5\n|-unboost|p1a: Dragonite|def|1\n|-boost|p1a: Dragonite|spe|1\n|move|p2b: Tyranitar|Knock Off|p1b: Gastrodon\n|-damage|p1b: Gastrodon|0 fnt\n|-enditem|p1b: Gastrodon|Sitrus Berry|[from] move: Knock Off|[of] p2b: Tyranitar\n|faint|p1b: Gastrodon\n|\n|-weather|Sandstorm|[upkeep]\n|-damage|p2a: Whimsicott|60\/100|[from] Sandstorm\n|-damage|p1a: Dragonite|28\/100|[from] Sandstorm\n|-damage|p2b: Tyranitar|20\/100|[from] Sandstorm\n|upkeep\n|inactive|VGCLTH Python has 30 seconds left.\n|\n|t:|1732304386\n|switch|p1b: Volcarona|Volcarona, L50, M|100\/100\n|turn|5\n|\n|t:|1732304393\n|move|p1a: Dragonite|Protect|p1a: Dragonite\n|-singleturn|p1a: Dragonite|Protect\n|move|p1b: Volcarona|Protect|p1b: Volcarona\n|-singleturn|p1b: Volcarona|Protect\n|move|p2a: Whimsicott|Moonblast|p1a: Dragonite\n|-activate|p1a: Dragonite|move: Protect\n|move|p2b: Tyranitar|Tera Blast|p1b: Volcarona|[anim] Tera Blast Flying\n|-activate|p1b: Volcarona|move: Protect\n|\n|-weather|Sandstorm|[upkeep]\n|-damage|p2a: Whimsicott|54\/100|[from] Sandstorm\n|-damage|p1a: Dragonite|23\/100|[from] Sandstorm\n|-damage|p2b: Tyranitar|14\/100|[from] Sandstorm\n|-damage|p1b: Volcarona|94\/100|[from] Sandstorm\n|-heal|p1b: Volcarona|100\/100|[from] item: Leftovers\n|-sideend|p2: Allhailhippo|move: Tailwind\n|upkeep\n|turn|6\n|j| Stempe\n|\n|t:|1732304407\n|switch|p2b: Houndstone|Houndstone, L50, F|100\/100\n|move|p2a: Whimsicott|Encore|p1b: Volcarona\n|-start|p1b: Volcarona|Encore\n|move|p1a: Dragonite|Scale Shot|p2b: Houndstone\n|-damage|p2b: Houndstone|82\/100\n|-damage|p2b: Houndstone|63\/100\n|-damage|p2b: Houndstone|45\/100\n|-damage|p2b: Houndstone|27\/100\n|-damage|p2b: Houndstone|9\/100\n|-hitcount|p2b: Houndstone|5\n|-unboost|p1a: Dragonite|def|1\n|-boost|p1a: Dragonite|spe|1\n|move|p1b: Volcarona|Protect||[still]\n|-fail|p1b: Volcarona\n|\n|-weather|Sandstorm|[upkeep]\n|-damage|p1a: Dragonite|17\/100|[from] Sandstorm\n|-damage|p1b: Volcarona|94\/100|[from] Sandstorm\n|-damage|p2a: Whimsicott|48\/100|[from] Sandstorm\n|-heal|p1b: Volcarona|100\/100|[from] item: Leftovers\n|upkeep\n|turn|7\n|inactive|VGCLTH Python has 30 seconds left.\n|\n|t:|1732304436\n|switch|p1b: Breloom|Breloom, L50, M|1\/100\n|move|p1a: Dragonite|Protect|p1a: Dragonite\n|-singleturn|p1a: Dragonite|Protect\n|move|p2b: Houndstone|Protect|p2b: Houndstone\n|-singleturn|p2b: Houndstone|Protect\n|move|p2a: Whimsicott|Moonblast|p1a: Dragonite\n|-activate|p1a: Dragonite|move: Protect\n|\n|-weather|none\n|upkeep\n|turn|8\n|l| Stempe\n|\n|t:|1732304451\n|switch|p2a: Tyranitar|Tyranitar, L50, M, tera:Flying|14\/100\n|-weather|Sandstorm|[from] ability: Sand Stream|[of] p2a: Tyranitar\n|move|p2b: Houndstone|Protect|p2b: Houndstone\n|-singleturn|p2b: Houndstone|Protect\n|move|p1a: Dragonite|Scale Shot|p2b: Houndstone\n|-activate|p2b: Houndstone|move: Protect\n|move|p1b: Breloom|Bullet Seed|p2b: Houndstone\n|-activate|p2b: Houndstone|move: Protect\n|\n|-weather|Sandstorm|[upkeep]\n|-damage|p1a: Dragonite|11\/100|[from] Sandstorm\n|-damage|p1b: Breloom|0 fnt|[from] Sandstorm\n|-damage|p2a: Tyranitar|8\/100|[from] Sandstorm\n|faint|p1b: Breloom\n|upkeep\n|\n|t:|1732304457\n|switch|p1b: Volcarona|Volcarona, L50, M|100\/100\n|turn|9\n|\n|t:|1732304472\n|switch|p2b: Whimsicott|Whimsicott, L50, M|48\/100\n|move|p1a: Dragonite|Scale Shot|p2b: Whimsicott\n|-immune|p2b: Whimsicott\n|move|p1b: Volcarona|Heat Wave|p2b: Whimsicott|[spread] p2a,p2b\n|-supereffective|p2b: Whimsicott\n|-damage|p2a: Tyranitar|0 fnt\n|-damage|p2b: Whimsicott|0 fnt\n|faint|p2a: Tyranitar\n|faint|p2b: Whimsicott\n|\n|-weather|Sandstorm|[upkeep]\n|-damage|p1a: Dragonite|5\/100|[from] Sandstorm\n|-damage|p1b: Volcarona|94\/100|[from] Sandstorm\n|-heal|p1b: Volcarona|100\/100|[from] item: Leftovers\n|upkeep\n|\n|t:|1732304481\n|switch|p2b: Houndstone|Houndstone, L50, F|9\/100\n|turn|10\n|\n|t:|1732304485\n|move|p2b: Houndstone|Protect|p2b: Houndstone\n|-singleturn|p2b: Houndstone|Protect\n|move|p1a: Dragonite|Tailwind|p1a: Dragonite\n|-sidestart|p1: VGCLTH Python|move: Tailwind\n|move|p1b: Volcarona|Heat Wave|p2b: Houndstone\n|-activate|p2b: Houndstone|move: Protect\n|\n|-weather|Sandstorm|[upkeep]\n|-damage|p1a: Dragonite|0 fnt|[from] Sandstorm\n|-damage|p1b: Volcarona|94\/100|[from] Sandstorm\n|faint|p1a: Dragonite\n|-heal|p1b: Volcarona|100\/100|[from] item: Leftovers\n|upkeep\n|turn|11\n|\n|t:|1732304505\n|move|p1b: Volcarona|Heat Wave|p2b: Houndstone\n|-damage|p2b: Houndstone|0 fnt\n|faint|p2b: Houndstone\n|\n|win|VGCLTH Python\n|raw|VGCLTH Python's rating: 1759 &rarr; <strong>1779<\/strong><br \/>(+20 for winning)\n|raw|Allhailhippo's rating: 1753 &rarr; <strong>1733<\/strong><br \/>(-20 for losing)\n|l|\u203dAllhailhippo\n|player|p2|\n|l|\u2606VGCLTH Python\n|player|p1|\n|j| Stempe\n|l| Stempe\n","uploadtime":1732304691,"views":11,"formatid":"gen9vgc2024regh","rating":1733,"private":0,"password":null}