{"id":"gen9vgc2024regh-2249549025","format":"[Gen 9] VGC 2024 Reg H","players":["uedakota","VGCLTH skibidi"],"log":"|raw|<div class=\"broadcast-blue\"><strong>This battle is required to be public due to a player having a name starting with 'vgclth'.<\/div>\n|j|\u2606uedakota\n|j|\u2606VGCLTH skibidi\n|t:|1732367611\n|gametype|doubles\n|player|p1|uedakota|1|1655\n|player|p2|VGCLTH skibidi|piers-masters|1930\n|teamsize|p1|6\n|teamsize|p2|6\n|gen|9\n|tier|[Gen 9] VGC 2024 Reg H\n|rated|\n|rule|Species Clause: Limit one of each Pok\u00e9mon\n|rule|Item Clause: Limit 1 of each item\n|clearpoke\n|poke|p1|Tatsugiri, L50, M|\n|poke|p1|Dondozo, L50, M|\n|poke|p1|Maushold, L50|\n|poke|p1|Annihilape, L50, M|\n|poke|p1|Archaludon, L50, M|\n|poke|p1|Dragonite, L50, F|\n|poke|p2|Ceruledge, L50, M|\n|poke|p2|Gastrodon-East, L50, F|\n|poke|p2|Sneasler, L50, M|\n|poke|p2|Kingambit, L50, M|\n|poke|p2|Rillaboom, L50, M|\n|poke|p2|Dragonite, L50, F|\n|teampreview|4\n|inactive|Battle timer is ON: inactive players will automatically lose when time's up. (requested by VGCLTH skibidi)\n|\n|t:|1732367621\n|start\n|switch|p1a: Annihilape|Annihilape, L50, M|100\/100\n|switch|p1b: Dondozo|Dondozo, L50, M|100\/100\n|switch|p2a: Let's go gambling|Sneasler, L50, M|100\/100\n|switch|p2b: Godlyreal|Kingambit, L50, M|100\/100\n|turn|1\n|\n|t:|1732367643\n|-terastallize|p2b: Godlyreal|Flying\n|move|p2b: Godlyreal|Sucker Punch||[still]\n|-fail|p2b: Godlyreal\n|move|p2a: Let's go gambling|Dire Claw|p1b: Dondozo\n|-damage|p1b: Dondozo|80\/100\n|-status|p1b: Dondozo|slp\n|move|p1a: Annihilape|Stealth Rock|p2a: Let's go gambling\n|-sidestart|p2: VGCLTH skibidi|move: Stealth Rock\n|cant|p1b: Dondozo|slp\n|\n|-heal|p1b: Dondozo|86\/100 slp|[from] item: Leftovers\n|upkeep\n|turn|2\n|\n|t:|1732367663\n|move|p2a: Let's go gambling|Coaching|p2b: Godlyreal\n|-boost|p2b: Godlyreal|atk|1\n|-boost|p2b: Godlyreal|def|1\n|move|p1a: Annihilape|Coaching|p1b: Dondozo\n|-boost|p1b: Dondozo|atk|1\n|-boost|p1b: Dondozo|def|1\n|move|p2b: Godlyreal|Tera Blast|p1a: Annihilape|[anim] Tera Blast Flying\n|-supereffective|p1a: Annihilape\n|-enditem|p1a: Annihilape|Focus Sash\n|-damage|p1a: Annihilape|1\/100\n|cant|p1b: Dondozo|slp\n|\n|-heal|p1b: Dondozo|93\/100 slp|[from] item: Leftovers\n|upkeep\n|turn|3\n|\n|t:|1732367677\n|move|p1a: Annihilape|Protect|p1a: Annihilape\n|-singleturn|p1a: Annihilape|Protect\n|move|p2a: Let's go gambling|Dire Claw|p1a: Annihilape\n|-activate|p1a: Annihilape|move: Protect\n|move|p2b: Godlyreal|Kowtow Cleave|p1b: Dondozo\n|-damage|p1b: Dondozo|77\/100 slp\n|cant|p1b: Dondozo|slp\n|\n|-heal|p1b: Dondozo|83\/100 slp|[from] item: Leftovers\n|upkeep\n|turn|4\n|\n|t:|1732367698\n|move|p2a: Let's go gambling|Dire Claw|p1a: Annihilape\n|-resisted|p1a: Annihilape\n|-damage|p1a: Annihilape|0 fnt\n|faint|p1a: Annihilape\n|move|p2b: Godlyreal|Kowtow Cleave|p1b: Dondozo\n|-damage|p1b: Dondozo|68\/100 slp\n|-curestatus|p1b: Dondozo|slp|[msg]\n|move|p1b: Dondozo|Yawn|p2b: Godlyreal\n|-start|p2b: Godlyreal|move: Yawn|[of] p1b: Dondozo\n|\n|-heal|p1b: Dondozo|74\/100|[from] item: Leftovers\n|upkeep\n|\n|t:|1732367708\n|switch|p1a: Dragonite|Dragonite, L50, F|100\/100\n|turn|5\n|\n|t:|1732367725\n|switch|p2b: Joe Dog|Gastrodon-East, L50, F|100\/100\n|-damage|p2b: Joe Dog|95\/100|[from] Stealth Rock\n|move|p2a: Let's go gambling|Dire Claw|p1a: Dragonite\n|-damage|p1a: Dragonite|78\/100\n|move|p1a: Dragonite|Dragon Dance|p1a: Dragonite\n|-boost|p1a: Dragonite|atk|1\n|-boost|p1a: Dragonite|spe|1\n|move|p1b: Dondozo|Yawn|p2a: Let's go gambling\n|-start|p2a: Let's go gambling|move: Yawn|[of] p1b: Dondozo\n|\n|-heal|p1b: Dondozo|81\/100|[from] item: Leftovers\n|upkeep\n|turn|6\n|inactive|uedakota has 30 seconds left.\n|inactive|uedakota has 20 seconds left.\n|\n|t:|1732367763\n|switch|p2a: Godlyreal|Kingambit, L50, M, tera:Flying|100\/100\n|-damage|p2a: Godlyreal|76\/100|[from] Stealth Rock\n|-terastallize|p1a: Dragonite|Flying\n|move|p1a: Dragonite|Tera Blast|p2b: Joe Dog|[anim] Tera Blast Flying\n|-damage|p2b: Joe Dog|0 fnt\n|faint|p2b: Joe Dog\n|move|p1b: Dondozo|Yawn|p2a: Godlyreal\n|-start|p2a: Godlyreal|move: Yawn|[of] p1b: Dondozo\n|\n|-heal|p1b: Dondozo|87\/100|[from] item: Leftovers\n|upkeep\n|\n|t:|1732367774\n|switch|p2b: Rizzler|Rillaboom, L50, M|100\/100\n|-damage|p2b: Rizzler|88\/100|[from] Stealth Rock\n|-fieldstart|move: Grassy Terrain|[from] ability: Grassy Surge|[of] p2b: Rizzler\n|turn|7\n|\n|t:|1732367787\n|switch|p2a: Let's go gambling|Sneasler, L50, M|100\/100\n|-damage|p2a: Let's go gambling|95\/100|[from] Stealth Rock\n|move|p2b: Rizzler|Fake Out|p1a: Dragonite\n|-damage|p1a: Dragonite|61\/100\n|move|p1a: Dragonite|Tera Blast|p2b: Rizzler|[anim] Tera Blast Flying\n|-supereffective|p2b: Rizzler\n|-damage|p2b: Rizzler|0 fnt\n|faint|p2b: Rizzler\n|move|p1b: Dondozo|Yawn|p2a: Let's go gambling\n|-start|p2a: Let's go gambling|move: Yawn|[of] p1b: Dondozo\n|\n|-heal|p2a: Let's go gambling|100\/100|[from] Grassy Terrain\n|-heal|p1b: Dondozo|93\/100|[from] Grassy Terrain\n|-heal|p1b: Dondozo|99\/100|[from] item: Leftovers\n|upkeep\n|-message|VGCLTH skibidi forfeited.\n|\n|win|uedakota\n|raw|uedakota's rating: 1655 &rarr; <strong>1688<\/strong><br \/>(+33 for winning)\n|raw|VGCLTH skibidi's rating: 1930 &rarr; <strong>1897<\/strong><br \/>(-33 for losing)\n|l|\u2606VGCLTH skibidi\n|player|p2|\n|j|\u2606VGCLTH skibidi\n|player|p2|VGCLTH skibidi|piers-masters|\n","uploadtime":1732367826,"views":15,"formatid":"gen9vgc2024regh","rating":1688,"private":0,"password":null}