{"id":"gen9vgc2024regh-2249603116","format":"[Gen 9] VGC 2024 Reg H","players":["VGCLTH ladderboy66","infinitygroudon"],"log":"|raw|<div class=\"broadcast-blue\"><strong>This battle is required to be public due to a player having a name starting with 'vgclth'.<\/div>\n|j|\u2606VGCLTH ladderboy66\n|j|\u2606infinitygroudon\n|t:|1732375823\n|gametype|doubles\n|player|p1|VGCLTH ladderboy66|169|1653\n|player|p2|infinitygroudon|169|1698\n|teamsize|p1|6\n|teamsize|p2|6\n|gen|9\n|tier|[Gen 9] VGC 2024 Reg H\n|rated|\n|rule|Species Clause: Limit one of each Pok\u00e9mon\n|rule|Item Clause: Limit 1 of each item\n|clearpoke\n|poke|p1|Archaludon, L50, F|\n|poke|p1|Whimsicott, L50, F|\n|poke|p1|Pelipper, L50, M|\n|poke|p1|Basculegion, L50, M|\n|poke|p1|Gholdengo, L50|\n|poke|p1|Rillaboom, L50, M|\n|poke|p2|Krookodile, L50, M|\n|poke|p2|Clefairy, L50, F|\n|poke|p2|Smeargle, L50, M|\n|poke|p2|Flamigo, L50, F|\n|poke|p2|Dragonite, L50, F|\n|poke|p2|Dragapult, L50, M|\n|teampreview|4\n|\n|t:|1732375859\n|start\n|switch|p1a: Pelipper|Pelipper, L50, M|100\/100\n|switch|p1b: Basculegion|Basculegion, L50, M|100\/100\n|switch|p2a: Los Dardos|Dragapult, L50, M|100\/100\n|switch|p2b: Moonwater|Clefairy, L50, F|100\/100\n|-weather|RainDance|[from] ability: Drizzle|[of] p1a: Pelipper\n|turn|1\n|\n|t:|1732375895\n|-terastallize|p2a: Los Dardos|Dragon\n|move|p2b: Moonwater|Protect|p2b: Moonwater\n|-singleturn|p2b: Moonwater|Protect\n|move|p1b: Basculegion|Wave Crash|p2a: Los Dardos\n|-resisted|p2a: Los Dardos\n|-damage|p2a: Los Dardos|61\/100\n|-damage|p1b: Basculegion|91\/100|[from] Recoil\n|move|p2a: Los Dardos|Dragon Darts|p1b: Basculegion\n|-damage|p1b: Basculegion|40\/100\n|-enditem|p1b: Basculegion|Sitrus Berry|[eat]\n|-heal|p1b: Basculegion|65\/100|[from] item: Sitrus Berry\n|-anim|p2a: Los Dardos|Dragon Darts|p1a: Pelipper\n|-damage|p1a: Pelipper|41\/100\n|move|p1a: Pelipper|Hurricane|p2a: Los Dardos\n|-damage|p2a: Los Dardos|0 fnt\n|faint|p2a: Los Dardos\n|-damage|p1a: Pelipper|32\/100|[from] item: Life Orb\n|\n|-weather|RainDance|[upkeep]\n|upkeep\n|\n|t:|1732375911\n|switch|p2a: Ramses|Krookodile, L50, M, shiny|100\/100\n|turn|2\n|\n|t:|1732375926\n|move|p2b: Moonwater|Follow Me|p2b: Moonwater\n|-singleturn|p2b: Moonwater|move: Follow Me\n|move|p1b: Basculegion|Substitute|p1b: Basculegion\n|-start|p1b: Basculegion|Substitute\n|-damage|p1b: Basculegion|40\/100\n|move|p2a: Ramses|Knock Off|p1a: Pelipper\n|-damage|p1a: Pelipper|0 fnt\n|-enditem|p1a: Pelipper|Life Orb|[from] move: Knock Off|[of] p2a: Ramses\n|faint|p1a: Pelipper\n|\n|-weather|RainDance|[upkeep]\n|upkeep\n|\n|t:|1732375943\n|switch|p1a: Whimsicott|Whimsicott, L50, F|100\/100\n|turn|3\n|\n|t:|1732375956\n|move|p2b: Moonwater|Follow Me|p2b: Moonwater\n|-singleturn|p2b: Moonwater|move: Follow Me\n|move|p1b: Basculegion|Wave Crash|p2b: Moonwater\n|-damage|p2b: Moonwater|41\/100\n|-damage|p1b: Basculegion|25\/100|[from] Recoil\n|move|p1a: Whimsicott|Moonblast|p2b: Moonwater\n|-damage|p2b: Moonwater|16\/100\n|move|p2a: Ramses|Earthquake|p1b: Basculegion|[spread] p2b,p1a,p1b\n|-end|p1b: Basculegion|Substitute\n|-resisted|p1a: Whimsicott\n|-damage|p2b: Moonwater|0 fnt\n|-damage|p1a: Whimsicott|83\/100\n|faint|p2b: Moonwater\n|\n|-weather|RainDance|[upkeep]\n|upkeep\n|\n|t:|1732375965\n|switch|p2b: Chardonnay|Flamigo, L50, F, shiny|100\/100\n|-copyboost|p2b: Chardonnay|p2a: Ramses|[from] ability: Costar\n|turn|4\n|\n|t:|1732375981\n|move|p2a: Ramses|Protect|p2a: Ramses\n|-singleturn|p2a: Ramses|Protect\n|move|p1a: Whimsicott|Tailwind|p1a: Whimsicott\n|-sidestart|p1: VGCLTH ladderboy66|move: Tailwind\n|move|p1b: Basculegion|Wave Crash|p2a: Ramses\n|-activate|p2a: Ramses|move: Protect\n|move|p2b: Chardonnay|Brave Bird|p1a: Whimsicott\n|-supereffective|p1a: Whimsicott\n|-damage|p1a: Whimsicott|0 fnt\n|faint|p1a: Whimsicott\n|-damage|p2b: Chardonnay|75\/100|[from] Recoil\n|\n|-weather|RainDance|[upkeep]\n|upkeep\n|\n|t:|1732375983\n|switch|p1a: Archaludon|Archaludon, L50, F|100\/100\n|turn|5\n|\n|t:|1732375999\n|move|p1b: Basculegion|Wave Crash|p2a: Ramses\n|-supereffective|p2a: Ramses\n|-damage|p2a: Ramses|0 fnt\n|faint|p2a: Ramses\n|-damage|p1b: Basculegion|0 fnt|[from] Recoil\n|faint|p1b: Basculegion\n|move|p1a: Archaludon|Electro Shot||[still]\n|-prepare|p1a: Archaludon|Electro Shot\n|-boost|p1a: Archaludon|spa|1\n|-anim|p1a: Archaludon|Electro Shot|p2b: Chardonnay\n|-supereffective|p2b: Chardonnay\n|-damage|p2b: Chardonnay|0 fnt\n|faint|p2b: Chardonnay\n|\n|win|VGCLTH ladderboy66\n|raw|VGCLTH ladderboy66's rating: 1653 &rarr; <strong>1676<\/strong><br \/>(+23 for winning)\n|raw|infinitygroudon's rating: 1698 &rarr; <strong>1675<\/strong><br \/>(-23 for losing)\n|l|\u2606infinitygroudon\n|player|p2|\n|l|\u2606VGCLTH ladderboy66\n|player|p1|\n","uploadtime":1732376196,"views":5,"formatid":"gen9vgc2024regh","rating":1675,"private":0,"password":null}