{"id":"gen9vgc2024regh-2249107430","format":"[Gen 9] VGC 2024 Reg H","players":["mlm2016","VGCLTH Sir Aaron"],"log":"|raw|<div class=\"broadcast-blue\"><strong>This battle is required to be public due to a player having a name starting with 'vgclth'.<\/div>\n|j|\u2606mlm2016\n|j|\u2606VGCLTH Sir Aaron\n|t:|1732300466\n|gametype|doubles\n|player|p1|mlm2016|juggler|1674\n|player|p2|VGCLTH Sir Aaron|red-masters3|1742\n|teamsize|p1|6\n|teamsize|p2|6\n|gen|9\n|tier|[Gen 9] VGC 2024 Reg H\n|rated|\n|rule|Species Clause: Limit one of each Pok\u00e9mon\n|rule|Item Clause: Limit 1 of each item\n|clearpoke\n|poke|p1|Gholdengo, L50|\n|poke|p1|Dragonite, L50, F|\n|poke|p1|Sneasler, L50, F|\n|poke|p1|Rillaboom, L50, M|\n|poke|p1|Basculegion, L50, M|\n|poke|p1|Kingambit, L50, M|\n|poke|p2|Azumarill, L50, F|\n|poke|p2|Archaludon, L50, F|\n|poke|p2|Arcanine, L50, M|\n|poke|p2|Electabuzz, L50, M|\n|poke|p2|Rillaboom, L50, F|\n|poke|p2|Dragonite, L50, M|\n|teampreview|4\n|inactive|Battle timer is ON: inactive players will automatically lose when time's up. (requested by mlm2016)\n|inactive|mlm2016 has 60 seconds left.\n|\n|t:|1732300514\n|start\n|switch|p1a: Sneasler|Sneasler, L50, F|100\/100\n|switch|p1b: Kingambit|Kingambit, L50, M|100\/100\n|switch|p2a: Azumarill|Azumarill, L50, F|100\/100\n|switch|p2b: Electabuzz|Electabuzz, L50, M|100\/100\n|turn|1\n|\n|t:|1732300532\n|move|p1a: Sneasler|Fake Out|p2a: Azumarill\n|-damage|p2a: Azumarill|82\/100\n|move|p2b: Electabuzz|Follow Me|p2b: Electabuzz\n|-singleturn|p2b: Electabuzz|move: Follow Me\n|cant|p2a: Azumarill|flinch\n|move|p1b: Kingambit|Swords Dance|p1b: Kingambit\n|-boost|p1b: Kingambit|atk|2\n|\n|upkeep\n|turn|2\n|j| ghostistheman\n|inactive|mlm2016 has 30 seconds left.\n|inactive|mlm2016 has 20 seconds left.\n|\n|t:|1732300569\n|move|p2b: Electabuzz|Follow Me|p2b: Electabuzz\n|-singleturn|p2b: Electabuzz|move: Follow Me\n|move|p1a: Sneasler|Close Combat|p2b: Electabuzz\n|-damage|p2b: Electabuzz|47\/100\n|-unboost|p1a: Sneasler|def|1\n|-unboost|p1a: Sneasler|spd|1\n|move|p2a: Azumarill|Belly Drum|p2a: Azumarill\n|-damage|p2a: Azumarill|32\/100\n|-setboost|p2a: Azumarill|atk|6|[from] move: Belly Drum\n|-enditem|p2a: Azumarill|Sitrus Berry|[eat]\n|-heal|p2a: Azumarill|57\/100|[from] item: Sitrus Berry\n|move|p1b: Kingambit|Kowtow Cleave|p2b: Electabuzz\n|-damage|p2b: Electabuzz|0 fnt\n|faint|p2b: Electabuzz\n|\n|upkeep\n|\n|t:|1732300585\n|switch|p2b: Arcanine|Arcanine, L50, M|100\/100\n|-ability|p2b: Arcanine|Intimidate|boost\n|-unboost|p1a: Sneasler|atk|1\n|-unboost|p1b: Kingambit|atk|1\n|-ability|p1b: Kingambit|Defiant|boost\n|-boost|p1b: Kingambit|atk|2\n|-enditem|p2b: Arcanine|Mirror Herb\n|-boost|p2b: Arcanine|atk|2|[from] item: Mirror Herb\n|turn|3\n|\n|t:|1732300608\n|-terastallize|p2a: Azumarill|Water\n|-terastallize|p1b: Kingambit|Dark\n|move|p2b: Arcanine|Extreme Speed|p1a: Sneasler\n|-damage|p1a: Sneasler|0 fnt\n|faint|p1a: Sneasler\n|move|p2a: Azumarill|Aqua Jet|p1b: Kingambit\n|-damage|p1b: Kingambit|8\/100\n|move|p1b: Kingambit|Kowtow Cleave|p2a: Azumarill\n|-damage|p2a: Azumarill|0 fnt\n|faint|p2a: Azumarill\n|\n|upkeep\n|\n|t:|1732300620\n|switch|p1a: Dragonite|Dragonite, L50, F|100\/100\n|switch|p2a: Rillaboom|Rillaboom, L50, F|100\/100\n|-fieldstart|move: Grassy Terrain|[from] ability: Grassy Surge|[of] p2a: Rillaboom\n|turn|4\n|inactive|mlm2016 has 30 seconds left.\n|inactive|mlm2016 has 20 seconds left.\n|inactive|mlm2016 has 15 seconds left.\n|\n|t:|1732300662\n|move|p1b: Kingambit|Protect|p1b: Kingambit\n|-singleturn|p1b: Kingambit|Protect\n|move|p2a: Rillaboom|Fake Out|p1a: Dragonite\n|-damage|p1a: Dragonite|92\/100\n|move|p2b: Arcanine|Extreme Speed|p1b: Kingambit\n|-activate|p1b: Kingambit|move: Protect\n|cant|p1a: Dragonite|flinch\n|\n|-heal|p1b: Kingambit|14\/100|[from] Grassy Terrain\n|upkeep\n|turn|5\n|j| elusiveponyta\n|inactive|mlm2016 has 30 seconds left.\n|\n|t:|1732300692\n|move|p2a: Rillaboom|Grassy Glide|p1b: Kingambit\n|-damage|p1b: Kingambit|0 fnt\n|faint|p1b: Kingambit\n|move|p2b: Arcanine|Will-O-Wisp|p1a: Dragonite\n|-status|p1a: Dragonite|brn\n|move|p1a: Dragonite|Encore|p2a: Rillaboom\n|-start|p2a: Rillaboom|Encore\n|\n|-damage|p1a: Dragonite|87\/100 brn|[from] brn\n|upkeep\n|\n|t:|1732300702\n|switch|p1b: Basculegion|Basculegion, L50, M|100\/100\n|turn|6\n|\n|t:|1732300718\n|move|p2b: Arcanine|Protect|p2b: Arcanine\n|-singleturn|p2b: Arcanine|Protect\n|move|p2a: Rillaboom|Grassy Glide|p1b: Basculegion\n|-supereffective|p1b: Basculegion\n|-damage|p1b: Basculegion|5\/100\n|move|p1b: Basculegion|Last Respects|p2a: Rillaboom\n|-damage|p2a: Rillaboom|9\/100\n|move|p1a: Dragonite|Scale Shot|p2a: Rillaboom\n|-damage|p2a: Rillaboom|2\/100\n|-damage|p2a: Rillaboom|0 fnt\n|faint|p2a: Rillaboom\n|-hitcount|p2: Rillaboom|2\n|-unboost|p1a: Dragonite|def|1\n|-boost|p1a: Dragonite|spe|1\n|\n|-heal|p1b: Basculegion|11\/100|[from] Grassy Terrain\n|-damage|p1a: Dragonite|81\/100 brn|[from] brn\n|upkeep\n|turn|7\n|j| yomannnnnnn\n|inactive|mlm2016 has 30 seconds left.\n|\n|t:|1732300752\n|move|p1a: Dragonite|Extreme Speed|p2b: Arcanine\n|-damage|p2b: Arcanine|82\/100\n|move|p1b: Basculegion|Last Respects|p2b: Arcanine\n|-damage|p2b: Arcanine|0 fnt\n|faint|p2b: Arcanine\n|\n|win|mlm2016\n|raw|mlm2016's rating: 1674 &rarr; <strong>1698<\/strong><br \/>(+24 for winning)\n|raw|VGCLTH Sir Aaron's rating: 1742 &rarr; <strong>1718<\/strong><br \/>(-24 for losing)\n|l|\u2606mlm2016\n|player|p1|\n","uploadtime":1732300900,"views":9,"formatid":"gen9vgc2024regh","rating":1698,"private":0,"password":null}