{"id":"gen9vgc2024regh-2249165129","format":"[Gen 9] VGC 2024 Reg H","players":["VGCLTH Python","Eaglefangg"],"log":"|j|\u2606VGCLTH Python\n|j|\u2606Eaglefangg\n|t:|1732306308\n|gametype|doubles\n|player|p1|VGCLTH Python|yellow|1801\n|player|p2|Eaglefangg|steven|1702\n|teamsize|p1|6\n|teamsize|p2|6\n|gen|9\n|tier|[Gen 9] VGC 2024 Reg H\n|rated|\n|rule|Species Clause: Limit one of each Pok\u00e9mon\n|rule|Item Clause: Limit 1 of each item\n|clearpoke\n|poke|p1|Volcarona, L50, M|\n|poke|p1|Breloom, L50, M|\n|poke|p1|Gholdengo, L50|\n|poke|p1|Electabuzz, L50, F|\n|poke|p1|Gastrodon, L50, M|\n|poke|p1|Dragonite, L50, M|\n|poke|p2|Incineroar, L50, F|\n|poke|p2|Amoonguss, L50, F|\n|poke|p2|Ursaluna, L50, F|\n|poke|p2|Porygon2, L50|\n|poke|p2|Gholdengo, L50|\n|poke|p2|Primarina, L50, F|\n|teampreview|4\n|\n|t:|1732306343\n|start\n|switch|p1a: Breloom|Breloom, L50, M|100\/100\n|switch|p1b: Volcarona|Volcarona, L50, M|100\/100\n|switch|p2a: Incineroar|Incineroar, L50, F|100\/100\n|switch|p2b: Primarina|Primarina, L50, F|100\/100\n|-ability|p2a: Incineroar|Intimidate|boost\n|-unboost|p1a: Breloom|atk|1\n|-unboost|p1b: Volcarona|atk|1\n|turn|1\n|\n|t:|1732306367\n|move|p1b: Volcarona|Protect|p1b: Volcarona\n|-singleturn|p1b: Volcarona|Protect\n|move|p1a: Breloom|Protect|p1a: Breloom\n|-singleturn|p1a: Breloom|Protect\n|move|p2a: Incineroar|Parting Shot|p1a: Breloom\n|-activate|p1a: Breloom|move: Protect\n|move|p2b: Primarina|Hyper Voice|p1a: Breloom|[spread] \n|-activate|p1a: Breloom|move: Protect\n|-activate|p1b: Volcarona|move: Protect\n|\n|upkeep\n|turn|2\n|\n|t:|1732306386\n|move|p1b: Volcarona|Quiver Dance|p1b: Volcarona\n|-boost|p1b: Volcarona|spa|1\n|-boost|p1b: Volcarona|spd|1\n|-boost|p1b: Volcarona|spe|1\n|move|p1a: Breloom|Spore|p2b: Primarina\n|-status|p2b: Primarina|slp|[from] move: Spore\n|move|p2a: Incineroar|Parting Shot|p1a: Breloom\n|-unboost|p1a: Breloom|atk|1\n|-unboost|p1a: Breloom|spa|1\n|\n|t:|1732306397\n|switch|p2a: Porygon2|Porygon2, L50|100\/100|[from] Parting Shot\n|-ability|p2a: Porygon2|Download|boost\n|-boost|p2a: Porygon2|atk|1\n|cant|p2b: Primarina|slp\n|\n|upkeep\n|turn|3\n|\n|t:|1732306415\n|move|p1b: Volcarona|Heat Wave|p2b: Primarina|[spread] p2a,p2b\n|-resisted|p2b: Primarina\n|-damage|p2a: Porygon2|72\/100\n|-damage|p2b: Primarina|77\/100 slp\n|-status|p2a: Porygon2|brn\n|move|p1a: Breloom|Spore||[still]\n|-fail|p1a: Breloom\n|-curestatus|p2b: Primarina|slp|[msg]\n|move|p2b: Primarina|Hyper Voice|p1b: Volcarona|[spread] p1a,p1b\n|-resisted|p1a: Breloom\n|-supereffective|p1b: Volcarona\n|-damage|p1a: Breloom|60\/100\n|-damage|p1b: Volcarona|47\/100\n|move|p2a: Porygon2|Trick Room|p2a: Porygon2\n|-fieldstart|move: Trick Room|[of] p2a: Porygon2\n|\n|-heal|p1b: Volcarona|53\/100|[from] item: Leftovers\n|-damage|p2a: Porygon2|66\/100 brn|[from] brn\n|upkeep\n|turn|4\n|\n|t:|1732306436\n|switch|p2b: Ursaluna|Ursaluna, L50, F|100\/100\n|switch|p1a: Gastrodon|Gastrodon, L50, M|100\/100\n|move|p1b: Volcarona|Protect|p1b: Volcarona\n|-singleturn|p1b: Volcarona|Protect\n|move|p2a: Porygon2|Ice Beam|p1a: Gastrodon\n|-damage|p1a: Gastrodon|77\/100\n|\n|-heal|p1b: Volcarona|59\/100|[from] item: Leftovers\n|-damage|p2a: Porygon2|60\/100 brn|[from] brn\n|-status|p2b: Ursaluna|brn|[from] item: Flame Orb\n|upkeep\n|turn|5\n|\n|t:|1732306472\n|-terastallize|p2b: Ursaluna|Ghost\n|move|p2b: Ursaluna|Facade|p1b: Volcarona\n|-damage|p1b: Volcarona|0 fnt\n|faint|p1b: Volcarona\n|move|p1a: Gastrodon|Ice Beam|p2b: Ursaluna\n|-damage|p2b: Ursaluna|78\/100 brn\n|move|p2a: Porygon2|Ice Beam|p1a: Gastrodon\n|-damage|p1a: Gastrodon|56\/100\n|\n|-damage|p2b: Ursaluna|72\/100 brn|[from] brn\n|-damage|p2a: Porygon2|54\/100 brn|[from] brn\n|upkeep\n|\n|t:|1732306478\n|switch|p1b: Electabuzz|Electabuzz, L50, F|100\/100\n|turn|6\n|\n|t:|1732306492\n|move|p1a: Gastrodon|Protect|p1a: Gastrodon\n|-singleturn|p1a: Gastrodon|Protect\n|move|p2b: Ursaluna|Facade|p1a: Gastrodon\n|-activate|p1a: Gastrodon|move: Protect\n|move|p2a: Porygon2|Recover|p2a: Porygon2\n|-heal|p2a: Porygon2|100\/100 brn\n|move|p1b: Electabuzz|Thunderbolt|p2b: Ursaluna\n|-damage|p2b: Ursaluna|48\/100 brn\n|\n|-damage|p2b: Ursaluna|42\/100 brn|[from] brn\n|-damage|p2a: Porygon2|95\/100 brn|[from] brn\n|upkeep\n|turn|7\n|\n|t:|1732306532\n|switch|p2b: Incineroar|Incineroar, L50, F|100\/100\n|-ability|p2b: Incineroar|Intimidate|boost\n|-unboost|p1a: Gastrodon|atk|1\n|-unboost|p1b: Electabuzz|atk|1\n|move|p1a: Gastrodon|Protect||[still]\n|-fail|p1a: Gastrodon\n|move|p2a: Porygon2|Tera Blast|p1a: Gastrodon\n|-damage|p1a: Gastrodon|23\/100\n|-enditem|p1a: Gastrodon|Sitrus Berry|[eat]\n|-heal|p1a: Gastrodon|47\/100|[from] item: Sitrus Berry\n|move|p1b: Electabuzz|Thunderbolt|p2b: Incineroar\n|-damage|p2b: Incineroar|72\/100\n|\n|-damage|p2a: Porygon2|89\/100 brn|[from] brn\n|-fieldend|move: Trick Room\n|upkeep\n|turn|8\n|\n|t:|1732306568\n|move|p1a: Gastrodon|Protect|p1a: Gastrodon\n|-singleturn|p1a: Gastrodon|Protect\n|move|p1b: Electabuzz|Thunderbolt|p2b: Incineroar\n|-damage|p2b: Incineroar|45\/100\n|move|p2b: Incineroar|Snarl|p1b: Electabuzz|[spread] p1b\n|-activate|p1a: Gastrodon|move: Protect\n|-damage|p1b: Electabuzz|93\/100\n|-unboost|p1b: Electabuzz|spa|1\n|move|p2a: Porygon2|Tera Blast|p1b: Electabuzz\n|-damage|p1b: Electabuzz|70\/100\n|\n|-damage|p2a: Porygon2|83\/100 brn|[from] brn\n|upkeep\n|turn|9\n|\n|t:|1732306582\n|switch|p1a: Breloom|Breloom, L50, M|60\/100\n|move|p1b: Electabuzz|Follow Me|p1b: Electabuzz\n|-singleturn|p1b: Electabuzz|move: Follow Me\n|move|p2b: Incineroar|Snarl|p1b: Electabuzz|[spread] p1a,p1b\n|-resisted|p1a: Breloom\n|-damage|p1a: Breloom|49\/100\n|-damage|p1b: Electabuzz|63\/100\n|-unboost|p1a: Breloom|spa|1\n|-unboost|p1b: Electabuzz|spa|1\n|move|p2a: Porygon2|Tera Blast|p1b: Electabuzz\n|-damage|p1b: Electabuzz|38\/100\n|\n|-damage|p2a: Porygon2|77\/100 brn|[from] brn\n|upkeep\n|turn|10\n|\n|t:|1732306606\n|-terastallize|p1a: Breloom|Ghost\n|move|p1a: Breloom|Bullet Seed|p2b: Incineroar\n|-resisted|p2b: Incineroar\n|-damage|p2b: Incineroar|34\/100\n|-resisted|p2b: Incineroar\n|-damage|p2b: Incineroar|24\/100\n|-resisted|p2b: Incineroar\n|-damage|p2b: Incineroar|14\/100\n|-resisted|p2b: Incineroar\n|-damage|p2b: Incineroar|6\/100\n|-hitcount|p2b: Incineroar|4\n|move|p1b: Electabuzz|Thunderbolt|p2b: Incineroar\n|-damage|p2b: Incineroar|0 fnt\n|faint|p2b: Incineroar\n|move|p2a: Porygon2|Trick Room|p2a: Porygon2\n|-fieldstart|move: Trick Room|[of] p2a: Porygon2\n|\n|-damage|p2a: Porygon2|72\/100 brn|[from] brn\n|upkeep\n|\n|t:|1732306625\n|switch|p2b: Primarina|Primarina, L50, F|77\/100\n|turn|11\n|\n|t:|1732306635\n|switch|p1b: Gastrodon|Gastrodon, L50, M|47\/100\n|move|p1a: Breloom|Protect|p1a: Breloom\n|-singleturn|p1a: Breloom|Protect\n|move|p2a: Porygon2|Tera Blast|p1b: Gastrodon\n|-damage|p1b: Gastrodon|19\/100\n|move|p2b: Primarina|Moonblast|p1a: Breloom\n|-activate|p1a: Breloom|move: Protect\n|\n|-damage|p2a: Porygon2|66\/100 brn|[from] brn\n|upkeep\n|turn|12\n|j| lpsu9\n|\n|t:|1732306660\n|move|p1a: Breloom|Mach Punch|p2a: Porygon2\n|-supereffective|p2a: Porygon2\n|-damage|p2a: Porygon2|28\/100 brn\n|move|p1b: Gastrodon|Ice Beam|p2b: Primarina\n|-resisted|p2b: Primarina\n|-damage|p2b: Primarina|68\/100\n|move|p2a: Porygon2|Tera Blast|p1b: Gastrodon\n|-damage|p1b: Gastrodon|0 fnt\n|faint|p1b: Gastrodon\n|move|p2b: Primarina|Moonblast|p1a: Breloom\n|-damage|p1a: Breloom|0 fnt\n|faint|p1a: Breloom\n|\n|-damage|p2a: Porygon2|22\/100 brn|[from] brn\n|upkeep\n|-message|VGCLTH Python forfeited.\n|\n|win|Eaglefangg\n|raw|VGCLTH Python's rating: 1801 &rarr; <strong>1775<\/strong><br \/>(-26 for losing)\n|raw|Eaglefangg's rating: 1702 &rarr; <strong>1728<\/strong><br \/>(+26 for winning)\n|l|\u2606VGCLTH Python\n|player|p1|\n|l| lpsu9\n|l|\u2606Eaglefangg\n|player|p2|\n","uploadtime":1732306933,"views":10,"formatid":"gen9vgc2024regh","rating":1728,"private":0,"password":null}