{"id":"gen9vgc2024regh-2249700612","format":"[Gen 9] VGC 2024 Reg H","players":["Proffesor_Karrot","VGCLTH skibidi"],"log":"|raw|<div class=\"broadcast-blue\"><strong>This battle is required to be public due to a player having a name starting with 'vgclth'.<\/div>\n|j|\u2606Proffesor_Karrot\n|j|\u2606VGCLTH skibidi\n|t:|1732388444\n|gametype|doubles\n|player|p1|Proffesor_Karrot|lady|1721\n|player|p2|VGCLTH skibidi|piers-masters|1877\n|teamsize|p1|6\n|teamsize|p2|6\n|gen|9\n|tier|[Gen 9] VGC 2024 Reg H\n|rated|\n|rule|Species Clause: Limit one of each Pok\u00e9mon\n|rule|Item Clause: Limit 1 of each item\n|clearpoke\n|poke|p1|Incineroar, L50, F|\n|poke|p1|Rillaboom, L50, F|\n|poke|p1|Chesnaught, L50, F|\n|poke|p1|Volcarona, L50, F|\n|poke|p1|Primarina, L50, F|\n|poke|p1|Dragonite, L50, M|\n|poke|p2|Ceruledge, L50, M|\n|poke|p2|Gastrodon-East, L50, F|\n|poke|p2|Sneasler, L50, M|\n|poke|p2|Kingambit, L50, M|\n|poke|p2|Rillaboom, L50, M|\n|poke|p2|Dragonite, L50, M|\n|teampreview|4\n|inactive|Battle timer is ON: inactive players will automatically lose when time's up. (requested by Proffesor_Karrot)\n|inactive|VGCLTH skibidi also wants the timer to be on.\n|\n|t:|1732388467\n|start\n|switch|p1a: Chesnaught|Chesnaught, L50, F, shiny|100\/100\n|switch|p1b: Volcarona|Volcarona, L50, F|100\/100\n|switch|p2a: Let's go gambling|Sneasler, L50, M|100\/100\n|switch|p2b: Godlyreal|Kingambit, L50, M|100\/100\n|turn|1\n|j| volcaronavgc\n|\n|t:|1732388489\n|-terastallize|p1a: Chesnaught|Fire\n|-terastallize|p2b: Godlyreal|Flying\n|move|p2a: Let's go gambling|Fake Out|p1a: Chesnaught\n|-damage|p1a: Chesnaught|89\/100\n|move|p1b: Volcarona|Tailwind|p1b: Volcarona\n|-sidestart|p1: Proffesor_Karrot|move: Tailwind\n|cant|p1a: Chesnaught|flinch\n|move|p2b: Godlyreal|Tera Blast|p1a: Chesnaught|[anim] Tera Blast Flying\n|-damage|p1a: Chesnaught|53\/100\n|\n|upkeep\n|turn|2\n|l| volcaronavgc\n|\n|t:|1732388509\n|switch|p1a: Primarina|Primarina, L50, F, shiny|100\/100\n|move|p1b: Volcarona|Heat Wave|p2a: Let's go gambling|[spread] p2a,p2b\n|-damage|p2a: Let's go gambling|60\/100\n|-damage|p2b: Godlyreal|78\/100\n|-status|p2a: Let's go gambling|brn\n|move|p2a: Let's go gambling|Coaching|p2b: Godlyreal\n|-boost|p2b: Godlyreal|atk|1\n|-boost|p2b: Godlyreal|def|1\n|move|p2b: Godlyreal|Tera Blast|p1a: Primarina|[anim] Tera Blast Flying\n|-damage|p1a: Primarina|10\/100\n|\n|-damage|p2a: Let's go gambling|54\/100 brn|[from] brn\n|upkeep\n|turn|3\n|\n|t:|1732388524\n|move|p1b: Volcarona|Rage Powder|p1b: Volcarona\n|-singleturn|p1b: Volcarona|move: Rage Powder\n|move|p2b: Godlyreal|Sucker Punch||[still]\n|-fail|p2b: Godlyreal\n|move|p2a: Let's go gambling|Coaching|p2b: Godlyreal\n|-boost|p2b: Godlyreal|atk|1\n|-boost|p2b: Godlyreal|def|1\n|move|p1a: Primarina|Hyper Voice|p2b: Godlyreal|[spread] p2a,p2b\n|-damage|p2a: Let's go gambling|0 fnt\n|-damage|p2b: Godlyreal|40\/100\n|faint|p2a: Let's go gambling\n|\n|upkeep\n|\n|t:|1732388529\n|switch|p2a: Rizzler|Rillaboom, L50, M|100\/100\n|-fieldstart|move: Grassy Terrain|[from] ability: Grassy Surge|[of] p2a: Rizzler\n|turn|4\n|\n|t:|1732388538\n|switch|p1a: Chesnaught|Chesnaught, L50, F, shiny, tera:Fire|53\/100\n|move|p2a: Rizzler|Grassy Glide|p1a: Chesnaught\n|-resisted|p1a: Chesnaught\n|-damage|p1a: Chesnaught|33\/100\n|-enditem|p1a: Chesnaught|Sitrus Berry|[eat]\n|-heal|p1a: Chesnaught|58\/100|[from] item: Sitrus Berry\n|move|p1b: Volcarona|Heat Wave|p2a: Rizzler|[spread] p2a,p2b\n|-supereffective|p2a: Rizzler\n|-damage|p2a: Rizzler|11\/100\n|-damage|p2b: Godlyreal|17\/100\n|move|p2b: Godlyreal|Tera Blast|p1b: Volcarona|[anim] Tera Blast Flying\n|-supereffective|p1b: Volcarona\n|-damage|p1b: Volcarona|0 fnt\n|faint|p1b: Volcarona\n|\n|-heal|p1a: Chesnaught|64\/100|[from] Grassy Terrain\n|-heal|p2a: Rizzler|17\/100|[from] Grassy Terrain\n|-sideend|p1: Proffesor_Karrot|move: Tailwind\n|upkeep\n|\n|t:|1732388551\n|switch|p1b: Dragonite|Dragonite, L50, M|100\/100\n|turn|5\n|j| qiyeO.o\n|\n|t:|1732388558\n|move|p1b: Dragonite|Extreme Speed|p2b: Godlyreal\n|-damage|p2b: Godlyreal|5\/100\n|move|p2a: Rizzler|Grassy Glide|p1b: Dragonite\n|-resisted|p1b: Dragonite\n|-crit|p1b: Dragonite\n|-damage|p1b: Dragonite|80\/100\n|move|p2b: Godlyreal|Sucker Punch||[still]\n|-fail|p2b: Godlyreal\n|move|p1a: Chesnaught|Belly Drum|p1a: Chesnaught\n|-damage|p1a: Chesnaught|14\/100\n|-setboost|p1a: Chesnaught|atk|6|[from] move: Belly Drum\n|\n|-heal|p2a: Rizzler|23\/100|[from] Grassy Terrain\n|-heal|p1a: Chesnaught|21\/100|[from] Grassy Terrain\n|upkeep\n|turn|6\n|l| qiyeO.o\n|\n|t:|1732388579\n|move|p1a: Chesnaught|Protect|p1a: Chesnaught\n|-singleturn|p1a: Chesnaught|Protect\n|move|p1b: Dragonite|Extreme Speed|p2b: Godlyreal\n|-damage|p2b: Godlyreal|0 fnt\n|faint|p2b: Godlyreal\n|move|p2a: Rizzler|Grassy Glide|p1a: Chesnaught\n|-activate|p1a: Chesnaught|move: Protect\n|\n|-heal|p2a: Rizzler|29\/100|[from] Grassy Terrain\n|-heal|p1a: Chesnaught|27\/100|[from] Grassy Terrain\n|upkeep\n|\n|t:|1732388582\n|switch|p2b: Imagine I miss lol|Dragonite, L50, M|100\/100\n|turn|7\n|\n|t:|1732388600\n|move|p1b: Dragonite|Extreme Speed|p2a: Rizzler\n|-damage|p2a: Rizzler|0 fnt\n|faint|p2a: Rizzler\n|move|p2b: Imagine I miss lol|Scale Shot|p1b: Dragonite\n|-supereffective|p1b: Dragonite\n|-damage|p1b: Dragonite|47\/100\n|-supereffective|p1b: Dragonite\n|-crit|p1b: Dragonite\n|-damage|p1b: Dragonite|0 fnt\n|faint|p1b: Dragonite\n|-hitcount|p1: Dragonite|2\n|-unboost|p2b: Imagine I miss lol|def|1\n|-boost|p2b: Imagine I miss lol|spe|1\n|move|p1a: Chesnaught|Drain Punch|p2b: Imagine I miss lol\n|-resisted|p2b: Imagine I miss lol\n|-damage|p2b: Imagine I miss lol|36\/100\n|-heal|p1a: Chesnaught|56\/100|[from] drain|[of] p2b: Imagine I miss lol\n|\n|-heal|p1a: Chesnaught|62\/100|[from] Grassy Terrain\n|upkeep\n|j| VGCLTH R0gue\n|\n|t:|1732388606\n|switch|p1b: Primarina|Primarina, L50, F, shiny|10\/100\n|turn|8\n|\n|t:|1732388610\n|move|p2b: Imagine I miss lol|Extreme Speed|p1b: Primarina\n|-crit|p1b: Primarina\n|-damage|p1b: Primarina|0 fnt\n|faint|p1b: Primarina\n|move|p1a: Chesnaught|Grassy Glide|p2b: Imagine I miss lol\n|-resisted|p2b: Imagine I miss lol\n|-damage|p2b: Imagine I miss lol|0 fnt\n|faint|p2b: Imagine I miss lol\n|\n|win|Proffesor_Karrot\n|raw|Proffesor_Karrot's rating: 1721 &rarr; <strong>1749<\/strong><br \/>(+28 for winning)\n|raw|VGCLTH skibidi's rating: 1877 &rarr; <strong>1849<\/strong><br \/>(-28 for losing)\n|l|\u2606VGCLTH skibidi\n|player|p2|\n|j| UGCL\n|l| VGCLTH R0gue\n|l|\u2606Proffesor_Karrot\n|player|p1|\n","uploadtime":1732388785,"views":23,"formatid":"gen9vgc2024regh","rating":1749,"private":0,"password":null}