{"id":"gen9vgc2024regh-2249624686","format":"[Gen 9] VGC 2024 Reg H","players":["testy accounty 2","Dr Scoob"],"log":"|j|\u2606testy accounty 2\n|j|\u2606Dr Scoob\n|t:|1732378706\n|gametype|doubles\n|player|p1|testy accounty 2|169|1792\n|player|p2|Dr Scoob|102|1686\n|teamsize|p1|6\n|teamsize|p2|6\n|gen|9\n|tier|[Gen 9] VGC 2024 Reg H\n|rated|\n|rule|Species Clause: Limit one of each Pok\u00e9mon\n|rule|Item Clause: Limit 1 of each item\n|clearpoke\n|poke|p1|Pelipper, L50, F|\n|poke|p1|Archaludon, L50, F|\n|poke|p1|Sneasler, L50, F|\n|poke|p1|Dragonite, L50, F|\n|poke|p1|Basculegion, L50, M|\n|poke|p1|Rillaboom, L50, F|\n|poke|p2|Ursaluna-Bloodmoon, L50, M|\n|poke|p2|Incineroar, L50, M|\n|poke|p2|Annihilape, L50, F|\n|poke|p2|Rillaboom, L50, M|\n|poke|p2|Whimsicott, L50, M|\n|poke|p2|Gholdengo, L50|\n|teampreview|4\n|inactive|Battle timer is ON: inactive players will automatically lose when time's up. (requested by testy accounty 2)\n|inactive|testy accounty 2 has 60 seconds left.\n|\n|t:|1732378763\n|start\n|switch|p1a: Pelipper|Pelipper, L50, F|100\/100\n|switch|p1b: MACHBACK|Archaludon, L50, F|100\/100\n|switch|p2a: John Cenaroar|Incineroar, L50, M|100\/100\n|switch|p2b: Ape Sh!t|Rillaboom, L50, M|100\/100\n|-weather|RainDance|[from] ability: Drizzle|[of] p1a: Pelipper\n|-fieldstart|move: Grassy Terrain|[from] ability: Grassy Surge|[of] p2b: Ape Sh!t\n|-ability|p2a: John Cenaroar|Intimidate|boost\n|-unboost|p1a: Pelipper|atk|1\n|-unboost|p1b: MACHBACK|atk|1\n|turn|1\n|inactive|testy accounty 2 has 30 seconds left.\n|inactive|Dr Scoob has 30 seconds left.\n|inactive|testy accounty 2 has 20 seconds left.\n|inactive|Dr Scoob has 20 seconds left.\n|\n|t:|1732378801\n|-terastallize|p2a: John Cenaroar|Grass\n|move|p1a: Pelipper|Protect|p1a: Pelipper\n|-singleturn|p1a: Pelipper|Protect\n|move|p2b: Ape Sh!t|U-turn|p1a: Pelipper\n|-activate|p1a: Pelipper|move: Protect\n|move|p1b: MACHBACK|Electro Shot||[still]\n|-prepare|p1b: MACHBACK|Electro Shot\n|-boost|p1b: MACHBACK|spa|1\n|-anim|p1b: MACHBACK|Electro Shot|p2b: Ape Sh!t\n|-resisted|p2b: Ape Sh!t\n|-damage|p2b: Ape Sh!t|77\/100\n|move|p2a: John Cenaroar|Knock Off|p1b: MACHBACK\n|-damage|p1b: MACHBACK|73\/100\n|-ability|p1b: MACHBACK|Stamina|boost\n|-boost|p1b: MACHBACK|def|1\n|-enditem|p1b: MACHBACK|Assault Vest|[from] move: Knock Off|[of] p2a: John Cenaroar\n|\n|-weather|RainDance|[upkeep]\n|-heal|p2b: Ape Sh!t|83\/100|[from] Grassy Terrain\n|-heal|p1b: MACHBACK|79\/100|[from] Grassy Terrain\n|upkeep\n|turn|2\n|inactive|testy accounty 2 has 30 seconds left.\n|inactive|testy accounty 2 has 20 seconds left.\n|\n|t:|1732378839\n|move|p1a: Pelipper|Tailwind|p1a: Pelipper\n|-sidestart|p1: testy accounty 2|move: Tailwind\n|move|p1b: MACHBACK|Draco Meteor|p2a: John Cenaroar\n|-damage|p2a: John Cenaroar|31\/100\n|-unboost|p1b: MACHBACK|spa|2\n|-enditem|p2a: John Cenaroar|Sitrus Berry|[eat]\n|-heal|p2a: John Cenaroar|55\/100|[from] item: Sitrus Berry\n|move|p2b: Ape Sh!t|Wood Hammer|p1a: Pelipper\n|-damage|p1a: Pelipper|15\/100\n|-damage|p2b: Ape Sh!t|60\/100|[from] Recoil\n|move|p2a: John Cenaroar|Parting Shot|p1b: MACHBACK\n|-unboost|p1b: MACHBACK|atk|1\n|-unboost|p1b: MACHBACK|spa|1\n|\n|t:|1732378855\n|switch|p2a: UnBEARable|Ursaluna-Bloodmoon, L50, M|100\/100|[from] Parting Shot\n|\n|-weather|RainDance|[upkeep]\n|-heal|p1b: MACHBACK|85\/100|[from] Grassy Terrain\n|-heal|p2b: Ape Sh!t|66\/100|[from] Grassy Terrain\n|upkeep\n|turn|3\n|inactive|testy accounty 2 has 30 seconds left.\n|\n|t:|1732378884\n|move|p2b: Ape Sh!t|Grassy Glide|p1a: Pelipper\n|-damage|p1a: Pelipper|0 fnt\n|faint|p1a: Pelipper\n|move|p1b: MACHBACK|Body Press|p2a: UnBEARable\n|-supereffective|p2a: UnBEARable\n|-damage|p2a: UnBEARable|49\/100\n|move|p2a: UnBEARable|Hyper Voice|p1b: MACHBACK\n|-resisted|p1b: MACHBACK\n|-damage|p1b: MACHBACK|54\/100\n|-ability|p1b: MACHBACK|Stamina|boost\n|-boost|p1b: MACHBACK|def|1\n|-enditem|p2a: UnBEARable|Throat Spray\n|-boost|p2a: UnBEARable|spa|1|[from] item: Throat Spray\n|\n|-weather|RainDance|[upkeep]\n|-heal|p1b: MACHBACK|60\/100|[from] Grassy Terrain\n|-heal|p2b: Ape Sh!t|72\/100|[from] Grassy Terrain\n|-heal|p2a: UnBEARable|55\/100|[from] Grassy Terrain\n|upkeep\n|\n|t:|1732378903\n|switch|p1a: Slim Shady|Sneasler, L50, F|100\/100\n|-enditem|p1a: Slim Shady|Grassy Seed\n|-boost|p1a: Slim Shady|def|1|[from] item: Grassy Seed\n|turn|4\n|\n|t:|1732378928\n|move|p2a: UnBEARable|Protect|p2a: UnBEARable\n|-singleturn|p2a: UnBEARable|Protect\n|move|p1a: Slim Shady|Dire Claw|p2b: Ape Sh!t\n|-supereffective|p2b: Ape Sh!t\n|-damage|p2b: Ape Sh!t|0 fnt\n|faint|p2b: Ape Sh!t\n|move|p1b: MACHBACK|Body Press|p2a: UnBEARable\n|-activate|p2a: UnBEARable|move: Protect\n|\n|-weather|RainDance|[upkeep]\n|-heal|p1b: MACHBACK|66\/100|[from] Grassy Terrain\n|-heal|p2a: UnBEARable|61\/100|[from] Grassy Terrain\n|upkeep\n|\n|t:|1732378945\n|switch|p2b: John Cenaroar|Incineroar, L50, M, tera:Grass|55\/100\n|-ability|p2b: John Cenaroar|Intimidate|boost\n|-unboost|p1a: Slim Shady|atk|1\n|-unboost|p1b: MACHBACK|atk|1\n|turn|5\n|\n|t:|1732378961\n|switch|p2a: Cotton eye Joe|Whimsicott, L50, M|100\/100\n|-terastallize|p1b: MACHBACK|Grass\n|move|p1a: Slim Shady|Protect|p1a: Slim Shady\n|-singleturn|p1a: Slim Shady|Protect\n|move|p2b: John Cenaroar|Fake Out|p1a: Slim Shady\n|-activate|p1a: Slim Shady|move: Protect\n|move|p1b: MACHBACK|Body Press|p2a: Cotton eye Joe\n|-resisted|p2a: Cotton eye Joe\n|-damage|p2a: Cotton eye Joe|67\/100\n|\n|-weather|none\n|-heal|p1b: MACHBACK|73\/100|[from] Grassy Terrain\n|-heal|p2a: Cotton eye Joe|73\/100|[from] Grassy Terrain\n|-heal|p2b: John Cenaroar|61\/100|[from] Grassy Terrain\n|-sideend|p1: testy accounty 2|move: Tailwind\n|-fieldend|move: Grassy Terrain\n|upkeep\n|turn|6\n|j| Fallastest\n|\n|t:|1732378986\n|move|p2a: Cotton eye Joe|Encore|p1a: Slim Shady\n|-start|p1a: Slim Shady|Encore\n|move|p1a: Slim Shady|Protect|p1a: Slim Shady\n|-singleturn|p1a: Slim Shady|Protect\n|move|p1b: MACHBACK|Flash Cannon|p2a: Cotton eye Joe\n|-supereffective|p2a: Cotton eye Joe\n|-damage|p2a: Cotton eye Joe|5\/100\n|move|p2b: John Cenaroar|Flare Blitz|p1b: MACHBACK\n|-supereffective|p1b: MACHBACK\n|-damage|p1b: MACHBACK|38\/100\n|-ability|p1b: MACHBACK|Stamina|boost\n|-boost|p1b: MACHBACK|def|1\n|-damage|p2b: John Cenaroar|50\/100|[from] Recoil\n|\n|upkeep\n|turn|7\n|inactive|Dr Scoob has 30 seconds left.\n|\n|t:|1732379012\n|switch|p1a: VEGETA|Basculegion, L50, M|100\/100\n|move|p2a: Cotton eye Joe|Tailwind|p2a: Cotton eye Joe\n|-sidestart|p2: Dr Scoob|move: Tailwind\n|move|p2b: John Cenaroar|Flare Blitz|p1b: MACHBACK\n|-supereffective|p1b: MACHBACK\n|-damage|p1b: MACHBACK|11\/100\n|-ability|p1b: MACHBACK|Stamina|boost\n|-boost|p1b: MACHBACK|def|1\n|-damage|p2b: John Cenaroar|42\/100|[from] Recoil\n|move|p1b: MACHBACK|Body Press|p2a: Cotton eye Joe\n|-resisted|p2a: Cotton eye Joe\n|-damage|p2a: Cotton eye Joe|0 fnt\n|faint|p2a: Cotton eye Joe\n|\n|upkeep\n|\n|t:|1732379019\n|switch|p2a: UnBEARable|Ursaluna-Bloodmoon, L50, M|61\/100\n|turn|8\n|inactive|testy accounty 2 has 30 seconds left.\n|inactive|testy accounty 2 has 20 seconds left.\n|inactive|testy accounty 2 has 15 seconds left.\n|inactive|testy accounty 2 has 10 seconds left.\n|\n|t:|1732379065\n|switch|p1b: Slim Shady|Sneasler, L50, F|100\/100\n|move|p1a: VEGETA|Flip Turn|p2a: UnBEARable\n|-supereffective|p2a: UnBEARable\n|-damage|p2a: UnBEARable|0 fnt\n|faint|p2a: UnBEARable\n|\n|t:|1732379072\n|switch|p1a: MACHBACK|Archaludon, L50, F, tera:Grass|11\/100|[from] Flip Turn\n|move|p2b: John Cenaroar|Knock Off|p1a: MACHBACK\n|-damage|p1a: MACHBACK|0 fnt\n|faint|p1a: MACHBACK\n|\n|upkeep\n|-message|Dr Scoob forfeited.\n|\n|win|testy accounty 2\n|raw|testy accounty 2's rating: 1792 &rarr; <strong>1806<\/strong><br \/>(+14 for winning)\n|raw|Dr Scoob's rating: 1686 &rarr; <strong>1672<\/strong><br \/>(-14 for losing)\n|l|\u2606Dr Scoob\n|player|p2|\n|l| Fallastest\n|l|\u2606testy accounty 2\n|player|p1|\n|j|\u2606testy accounty 2\n|player|p1|testy accounty 2|169|\n","uploadtime":1732379291,"views":19,"formatid":"gen9vgc2024regh","rating":1672,"private":0,"password":null}