{"id":"gen9vgc2024regh-2249094923","format":"[Gen 9] VGC 2024 Reg H","players":["Stempe","nootellas"],"log":"|j|\u2606Stempe\n|j|\u203dnootellas\n|t:|1732299240\n|gametype|doubles\n|player|p1|Stempe|2|1691\n|player|p2|nootellas|1|1716\n|teamsize|p1|6\n|teamsize|p2|6\n|gen|9\n|tier|[Gen 9] VGC 2024 Reg H\n|rated|\n|rule|Species Clause: Limit one of each Pok\u00e9mon\n|rule|Item Clause: Limit 1 of each item\n|clearpoke\n|poke|p1|Dragapult, L50, M|\n|poke|p1|Annihilape, L50, F|\n|poke|p1|Whimsicott, L50, F|\n|poke|p1|Maushold-Four, L50|\n|poke|p1|Typhlosion-Hisui, L50, F|\n|poke|p1|Hydreigon, L50, M|\n|poke|p2|Zoroark-Hisui, L50, F|\n|poke|p2|Goodra-Hisui, L50, F|\n|poke|p2|Incineroar, L50, M|\n|poke|p2|Garchomp, L50, F|\n|poke|p2|Ninetales-Alola, L50, M|\n|poke|p2|Sylveon, L50, F|\n|teampreview|4\n|\n|t:|1732299263\n|start\n|switch|p1a: Typhlosion|Typhlosion-Hisui, L50, F|100\/100\n|switch|p1b: Dragapult|Dragapult, L50, M|100\/100\n|switch|p2a: Goodra|Goodra-Hisui, L50, F, shiny|100\/100\n|switch|p2b: Sylveon|Sylveon, L50, F, shiny|100\/100\n|-item|p2a: Goodra|Leftovers|[from] ability: Frisk|[of] p1a: Typhlosion\n|-item|p2b: Sylveon|Pixie Plate|[from] ability: Frisk|[of] p1a: Typhlosion\n|turn|1\n|j| Winieska Rambulera\n|\n|t:|1732299292\n|move|p1a: Typhlosion|Eruption|p2b: Sylveon|[spread] p2a,p2b\n|-crit|p2b: Sylveon\n|-damage|p2a: Goodra|57\/100\n|-damage|p2b: Sylveon|39\/100\n|move|p1b: Dragapult|Dragon Darts|p2a: Goodra\n|-damage|p2a: Goodra|29\/100\n|-anim|p1b: Dragapult|Dragon Darts|p2a: Goodra\n|-damage|p2a: Goodra|3\/100\n|move|p2b: Sylveon|Yawn|p1a: Typhlosion\n|-start|p1a: Typhlosion|move: Yawn|[of] p2b: Sylveon\n|move|p2a: Goodra|Life Dew|p2a: Goodra|[spread] p2a,p2b\n|-heal|p2a: Goodra|28\/100\n|-heal|p2b: Sylveon|64\/100\n|\n|-heal|p2a: Goodra|34\/100|[from] item: Leftovers\n|upkeep\n|turn|2\n|\n|t:|1732299313\n|switch|p1a: Maushold|Maushold-Four, L50|100\/100\n|switch|p2a: Incineroar|Incineroar, L50, M, shiny|100\/100\n|-ability|p2a: Incineroar|Intimidate|boost\n|-unboost|p1a: Maushold|atk|1\n|-fail|p1b: Dragapult|unboost|[from] ability: Clear Body|[of] p1b: Dragapult\n|move|p1b: Dragapult|Dragon Darts|p2a: Incineroar\n|-damage|p2a: Incineroar|67\/100\n|-anim|p1b: Dragapult|Dragon Darts|p2a: Incineroar\n|-damage|p2a: Incineroar|30\/100\n|-enditem|p2a: Incineroar|Sitrus Berry|[eat]\n|-heal|p2a: Incineroar|54\/100|[from] item: Sitrus Berry\n|move|p2b: Sylveon|Hyper Voice|p1a: Maushold|[spread] p1a,p1b\n|-supereffective|p1b: Dragapult\n|-crit|p1b: Dragapult\n|-damage|p1a: Maushold|20\/100\n|-damage|p1b: Dragapult|0 fnt\n|faint|p1b: Dragapult\n|\n|upkeep\n|\n|t:|1732299319\n|switch|p1b: Typhlosion|Typhlosion-Hisui, L50, F|100\/100\n|-item|p2b: Sylveon|Pixie Plate|[from] ability: Frisk|[of] p1b: Typhlosion\n|turn|3\n|\n|t:|1732299349\n|move|p1a: Maushold|Protect|p1a: Maushold\n|-singleturn|p1a: Maushold|Protect\n|move|p2a: Incineroar|Fake Out|p1a: Maushold\n|-activate|p1a: Maushold|move: Protect\n|move|p1b: Typhlosion|Eruption|p2a: Incineroar|[spread] p2a,p2b\n|-resisted|p2a: Incineroar\n|-damage|p2a: Incineroar|32\/100\n|-damage|p2b: Sylveon|23\/100\n|move|p2b: Sylveon|Yawn|p1b: Typhlosion\n|-start|p1b: Typhlosion|move: Yawn|[of] p2b: Sylveon\n|\n|upkeep\n|turn|4\n|\n|t:|1732299372\n|move|p2b: Sylveon|Detect|p2b: Sylveon\n|-singleturn|p2b: Sylveon|Protect\n|move|p1b: Typhlosion|Eruption|p2a: Incineroar|[spread] p2a\n|-activate|p2b: Sylveon|move: Protect\n|-resisted|p2a: Incineroar\n|-damage|p2a: Incineroar|6\/100\n|move|p1a: Maushold|Population Bomb|p2a: Incineroar\n|-damage|p2a: Incineroar|0 fnt\n|faint|p2a: Incineroar\n|-hitcount|p2: Incineroar|1\n|\n|-end|p1b: Typhlosion|move: Yawn|[silent]\n|-status|p1b: Typhlosion|slp\n|upkeep\n|j| DiDiancie\n|l| DiDiancie\n|\n|t:|1732299387\n|switch|p2a: Garchomp|Garchomp, L50, F, shiny|100\/100\n|turn|5\n|\n|t:|1732299395\n|switch|p1b: Hydreigon|Hydreigon, L50, M|100\/100\n|move|p1a: Maushold|Population Bomb|p2b: Sylveon\n|-damage|p2b: Sylveon|13\/100\n|-crit|p2b: Sylveon\n|-damage|p2b: Sylveon|0 fnt\n|faint|p2b: Sylveon\n|-hitcount|p2: Sylveon|2\n|move|p2a: Garchomp|Stomping Tantrum|p1b: Hydreigon\n|-immune|p1b: Hydreigon|[from] ability: Levitate\n|\n|upkeep\n|\n|t:|1732299401\n|switch|p2b: Goodra|Goodra-Hisui, L50, F, shiny|34\/100\n|turn|6\n|\n|t:|1732299418\n|-terastallize|p1b: Hydreigon|Steel\n|move|p1a: Maushold|Encore|p2a: Garchomp\n|-start|p2a: Garchomp|Encore\n|move|p1b: Hydreigon|Dark Pulse|p2b: Goodra\n|-damage|p2b: Goodra|5\/100\n|move|p2a: Garchomp|Stomping Tantrum|p1b: Hydreigon\n|-immune|p1b: Hydreigon|[from] ability: Levitate\n|move|p2b: Goodra|Life Dew||[still]|[spread] p2a,p2b\n|-fail|p2a: Garchomp|heal\n|-heal|p2b: Goodra|30\/100\n|\n|-heal|p2b: Goodra|36\/100|[from] item: Leftovers\n|upkeep\n|turn|7\n|\n|t:|1732299436\n|move|p1a: Maushold|Population Bomb|p2b: Goodra\n|-resisted|p2b: Goodra\n|-damage|p2b: Goodra|33\/100\n|-resisted|p2b: Goodra\n|-damage|p2b: Goodra|30\/100\n|-resisted|p2b: Goodra\n|-damage|p2b: Goodra|28\/100\n|-resisted|p2b: Goodra\n|-damage|p2b: Goodra|26\/100\n|-resisted|p2b: Goodra\n|-damage|p2b: Goodra|23\/100\n|-resisted|p2b: Goodra\n|-damage|p2b: Goodra|21\/100\n|-resisted|p2b: Goodra\n|-damage|p2b: Goodra|19\/100\n|-resisted|p2b: Goodra\n|-damage|p2b: Goodra|16\/100\n|-resisted|p2b: Goodra\n|-damage|p2b: Goodra|13\/100\n|-resisted|p2b: Goodra\n|-damage|p2b: Goodra|11\/100\n|-hitcount|p2b: Goodra|10\n|move|p1b: Hydreigon|Dark Pulse|p2b: Goodra\n|-damage|p2b: Goodra|0 fnt\n|faint|p2b: Goodra\n|move|p2a: Garchomp|Stomping Tantrum|p1a: Maushold\n|-damage|p1a: Maushold|0 fnt\n|faint|p1a: Maushold\n|-damage|p2a: Garchomp|91\/100|[from] item: Life Orb\n|\n|upkeep\n|\n|t:|1732299442\n|switch|p1a: Typhlosion|Typhlosion-Hisui, L50, F|100\/100 slp\n|-item|p2a: Garchomp|Life Orb|[from] ability: Frisk|[of] p1a: Typhlosion\n|turn|8\n|\n|t:|1732299449\n|cant|p1a: Typhlosion|slp\n|move|p1b: Hydreigon|Dragon Pulse|p2a: Garchomp\n|-supereffective|p2a: Garchomp\n|-damage|p2a: Garchomp|0 fnt\n|faint|p2a: Garchomp\n|\n|win|Stempe\n|raw|Stempe's rating: 1691 &rarr; <strong>1712<\/strong><br \/>(+21 for winning)\n|raw|nootellas's rating: 1716 &rarr; <strong>1695<\/strong><br \/>(-21 for losing)\n|l|\u203dnootellas\n|player|p2|\n|l|\u2606Stempe\n|player|p1|\n","uploadtime":1732299638,"views":10,"formatid":"gen9vgc2024regh","rating":1695,"private":0,"password":null}