{"id":"gen9vgc2024regh-2249161830","format":"[Gen 9] VGC 2024 Reg H","players":["chappell murkroan","Zordor"],"log":"|j|\u2606chappell murkroan\n|j|\u2606Zordor\n|t:|1732305976\n|gametype|doubles\n|player|p1|chappell murkroan|caitlin|1638\n|player|p2|Zordor|pilot|1786\n|teamsize|p1|6\n|teamsize|p2|6\n|gen|9\n|tier|[Gen 9] VGC 2024 Reg H\n|rated|\n|rule|Species Clause: Limit one of each Pok\u00e9mon\n|rule|Item Clause: Limit 1 of each item\n|clearpoke\n|poke|p1|Basculegion, L50, M|\n|poke|p1|Sneasler, L50, F|\n|poke|p1|Gholdengo, L50|\n|poke|p1|Archaludon, L50, M|\n|poke|p1|Pelipper, L50, F|\n|poke|p1|Amoonguss, L50, F|\n|poke|p2|Rotom-Wash, L50|\n|poke|p2|Sneasler, L50, M|\n|poke|p2|Armarouge, L50, M|\n|poke|p2|Venusaur, L50, F|\n|poke|p2|Scizor, L50, F|\n|poke|p2|Dragapult, L50, M|\n|teampreview|4\n|inactive|Battle timer is ON: inactive players will automatically lose when time's up. (requested by chappell murkroan)\n|inactive|chappell murkroan has 60 seconds left.\n|\n|t:|1732306007\n|start\n|switch|p1a: Basculegion|Basculegion, L50, M|100\/100\n|switch|p1b: Pelipper|Pelipper, L50, F|100\/100\n|switch|p2a: Sneasler|Sneasler, L50, M|100\/100\n|switch|p2b: Rotom|Rotom-Wash, L50|100\/100\n|-weather|RainDance|[from] ability: Drizzle|[of] p1b: Pelipper\n|turn|1\n|\n|t:|1732306026\n|switch|p1b: Amoonguss|Amoonguss, L50, F|100\/100\n|move|p1a: Basculegion|Flip Turn|p2a: Sneasler\n|-enditem|p2a: Sneasler|Focus Sash\n|-damage|p2a: Sneasler|1\/100\n|\n|t:|1732306030\n|switch|p1a: Archaludon|Archaludon, L50, M|100\/100|[from] Flip Turn\n|move|p2a: Sneasler|Dire Claw|p1b: Amoonguss\n|-crit|p1b: Amoonguss\n|-damage|p1b: Amoonguss|48\/100\n|-status|p1b: Amoonguss|par\n|-enditem|p1b: Amoonguss|Sitrus Berry|[eat]\n|-heal|p1b: Amoonguss|73\/100 par|[from] item: Sitrus Berry\n|move|p2b: Rotom|Electroweb|p1a: Archaludon|[spread] p1a,p1b\n|-resisted|p1a: Archaludon\n|-resisted|p1b: Amoonguss\n|-damage|p1a: Archaludon|94\/100\n|-damage|p1b: Amoonguss|68\/100 par\n|-unboost|p1a: Archaludon|spe|1\n|-unboost|p1b: Amoonguss|spe|1\n|-ability|p1a: Archaludon|Stamina|boost\n|-boost|p1a: Archaludon|def|1\n|\n|-weather|RainDance|[upkeep]\n|upkeep\n|turn|2\n|\n|t:|1732306049\n|move|p2a: Sneasler|Close Combat|p1a: Archaludon\n|-supereffective|p1a: Archaludon\n|-damage|p1a: Archaludon|37\/100\n|-unboost|p2a: Sneasler|def|1\n|-unboost|p2a: Sneasler|spd|1\n|-ability|p1a: Archaludon|Stamina|boost\n|-boost|p1a: Archaludon|def|1\n|move|p2b: Rotom|Will-O-Wisp|p1a: Archaludon\n|-status|p1a: Archaludon|brn\n|move|p1a: Archaludon|Electro Shot||[still]\n|-prepare|p1a: Archaludon|Electro Shot\n|-boost|p1a: Archaludon|spa|1\n|-anim|p1a: Archaludon|Electro Shot|p2b: Rotom\n|-damage|p2b: Rotom|43\/100\n|move|p1b: Amoonguss|Pollen Puff|p2a: Sneasler\n|-resisted|p2a: Sneasler\n|-damage|p2a: Sneasler|0 fnt\n|faint|p2a: Sneasler\n|\n|-weather|RainDance|[upkeep]\n|-damage|p1a: Archaludon|31\/100 brn|[from] brn\n|upkeep\n|\n|t:|1732306063\n|switch|p2a: Venusaur|Venusaur, L50, F|100\/100\n|turn|3\n|\n|t:|1732306074\n|move|p2b: Rotom|Electroweb|p1a: Archaludon|[spread] p1a,p1b\n|-resisted|p1a: Archaludon\n|-resisted|p1b: Amoonguss\n|-damage|p1a: Archaludon|24\/100 brn\n|-damage|p1b: Amoonguss|62\/100 par\n|-unboost|p1a: Archaludon|spe|1\n|-unboost|p1b: Amoonguss|spe|1\n|-ability|p1a: Archaludon|Stamina|boost\n|-boost|p1a: Archaludon|def|1\n|move|p2a: Venusaur|Earth Power|p1a: Archaludon\n|-supereffective|p1a: Archaludon\n|-crit|p1a: Archaludon\n|-damage|p1a: Archaludon|0 fnt\n|faint|p1a: Archaludon\n|cant|p1b: Amoonguss|par\n|\n|-weather|RainDance|[upkeep]\n|upkeep\n|\n|t:|1732306085\n|switch|p1a: Basculegion|Basculegion, L50, M|100\/100\n|turn|4\n|inactive|chappell murkroan has 30 seconds left.\n|\n|t:|1732306114\n|-terastallize|p1a: Basculegion|Water\n|move|p2b: Rotom|Protect|p2b: Rotom\n|-singleturn|p2b: Rotom|Protect\n|move|p2a: Venusaur|Protect|p2a: Venusaur\n|-singleturn|p2a: Venusaur|Protect\n|move|p1b: Amoonguss|Rage Powder|p1b: Amoonguss\n|-singleturn|p1b: Amoonguss|move: Rage Powder\n|move|p1a: Basculegion|Wave Crash|p2a: Venusaur\n|-activate|p2a: Venusaur|move: Protect\n|\n|-weather|RainDance|[upkeep]\n|upkeep\n|turn|5\n|\n|t:|1732306127\n|cant|p1b: Amoonguss|par\n|move|p1a: Basculegion|Wave Crash|p2a: Venusaur\n|-resisted|p2a: Venusaur\n|-damage|p2a: Venusaur|0 fnt\n|faint|p2a: Venusaur\n|-damage|p1a: Basculegion|71\/100|[from] Recoil\n|move|p2b: Rotom|Will-O-Wisp|p1a: Basculegion\n|-status|p1a: Basculegion|brn\n|\n|-weather|none\n|-damage|p1a: Basculegion|65\/100 brn|[from] brn\n|upkeep\n|\n|t:|1732306135\n|switch|p2a: Dragapult|Dragapult, L50, M|100\/100\n|turn|6\n|\n|t:|1732306146\n|switch|p1a: Pelipper|Pelipper, L50, F|100\/100\n|-weather|RainDance|[from] ability: Drizzle|[of] p1a: Pelipper\n|move|p2a: Dragapult|Psychic Fangs|p1b: Amoonguss\n|-supereffective|p1b: Amoonguss\n|-damage|p1b: Amoonguss|16\/100 par\n|move|p2b: Rotom|Electroweb|p1b: Amoonguss|[spread] p1a,p1b\n|-supereffective|p1a: Pelipper\n|-resisted|p1b: Amoonguss\n|-damage|p1a: Pelipper|19\/100\n|-damage|p1b: Amoonguss|10\/100 par\n|-unboost|p1b: Amoonguss|spe|1\n|move|p1b: Amoonguss|Spore|p2a: Dragapult\n|-status|p2a: Dragapult|slp|[from] move: Spore\n|\n|-weather|RainDance|[upkeep]\n|upkeep\n|turn|7\n|inactive|chappell murkroan has 30 seconds left.\n|\n|t:|1732306171\n|cant|p2a: Dragapult|slp\n|move|p2b: Rotom|Electroweb|p1b: Amoonguss|[spread] p1a,p1b\n|-supereffective|p1a: Pelipper\n|-resisted|p1b: Amoonguss\n|-damage|p1a: Pelipper|0 fnt\n|-damage|p1b: Amoonguss|5\/100 par\n|-unboost|p1b: Amoonguss|spe|1\n|faint|p1a: Pelipper\n|cant|p1b: Amoonguss|par\n|\n|-weather|RainDance|[upkeep]\n|upkeep\n|\n|t:|1732306175\n|switch|p1a: Basculegion|Basculegion, L50, M, tera:Water|65\/100 brn\n|turn|8\n|\n|t:|1732306189\n|move|p1b: Amoonguss|Rage Powder|p1b: Amoonguss\n|-singleturn|p1b: Amoonguss|move: Rage Powder\n|move|p1a: Basculegion|Last Respects|p2b: Rotom\n|-damage|p2b: Rotom|0 fnt\n|faint|p2b: Rotom\n|cant|p2a: Dragapult|slp\n|\n|-weather|RainDance|[upkeep]\n|-damage|p1a: Basculegion|59\/100 brn|[from] brn\n|upkeep\n|turn|9\n|\n|t:|1732306207\n|-terastallize|p2a: Dragapult|Fighting\n|cant|p1b: Amoonguss|par\n|move|p1a: Basculegion|Last Respects|p2a: Dragapult\n|-damage|p2a: Dragapult|37\/100 slp\n|-curestatus|p2a: Dragapult|slp|[msg]\n|move|p2a: Dragapult|Dragon Darts|p1a: Basculegion\n|-damage|p1a: Basculegion|32\/100 brn\n|-anim|p2a: Dragapult|Dragon Darts|p1b: Amoonguss\n|-damage|p1b: Amoonguss|0 fnt\n|faint|p1b: Amoonguss\n|\n|-weather|RainDance|[upkeep]\n|-damage|p1a: Basculegion|26\/100 brn|[from] brn\n|upkeep\n|turn|10\n|\n|t:|1732306219\n|move|p1a: Basculegion|Last Respects|p2a: Dragapult\n|-damage|p2a: Dragapult|0 fnt\n|faint|p2a: Dragapult\n|\n|win|chappell murkroan\n|raw|chappell murkroan's rating: 1638 &rarr; <strong>1666<\/strong><br \/>(+28 for winning)\n|raw|Zordor's rating: 1786 &rarr; <strong>1758<\/strong><br \/>(-28 for losing)\n|l|\u2606Zordor\n|player|p2|\n","uploadtime":1732306373,"views":36,"formatid":"gen9vgc2024regh","rating":1666,"private":0,"password":null}