{"id":"gen9vgc2024regh-2249168897","format":"[Gen 9] VGC 2024 Reg H","players":["FireBomb222","VGCLTH Python"],"log":"|raw|<div class=\"broadcast-blue\"><strong>This battle is required to be public due to a player having a name starting with 'vgclth'.<\/div>\n|j|\u2606FireBomb222\n|j|\u2606VGCLTH Python\n|t:|1732306706\n|gametype|doubles\n|player|p1|FireBomb222|saturn|1661\n|player|p2|VGCLTH Python|yellow|1775\n|teamsize|p1|6\n|teamsize|p2|6\n|gen|9\n|tier|[Gen 9] VGC 2024 Reg H\n|rated|\n|rule|Species Clause: Limit one of each Pok\u00e9mon\n|rule|Item Clause: Limit 1 of each item\n|clearpoke\n|poke|p1|Sneasler, L50, F|\n|poke|p1|Gholdengo, L50|\n|poke|p1|Indeedee, L50, M|\n|poke|p1|Gardevoir, L50, M|\n|poke|p1|Garchomp, L50, M|\n|poke|p1|Talonflame, L50, F|\n|poke|p2|Volcarona, L50, F|\n|poke|p2|Breloom, L50, F|\n|poke|p2|Gholdengo, L50|\n|poke|p2|Electabuzz, L50, M|\n|poke|p2|Gastrodon, L50, F|\n|poke|p2|Dragonite, L50, F|\n|teampreview|4\n|inactive|Battle timer is ON: inactive players will automatically lose when time's up. (requested by FireBomb222)\n|j| Therazer456\n|\n|t:|1732306753\n|start\n|switch|p1a: Garchomp|Garchomp, L50, M|100\/100\n|switch|p1b: Talonflame|Talonflame, L50, F|100\/100\n|switch|p2a: Electabuzz|Electabuzz, L50, M|100\/100\n|switch|p2b: Dragonite|Dragonite, L50, F|100\/100\n|turn|1\n|inactive|FireBomb222 has 30 seconds left.\n|\n|t:|1732306784\n|move|p2a: Electabuzz|Follow Me|p2a: Electabuzz\n|-singleturn|p2a: Electabuzz|move: Follow Me\n|move|p1b: Talonflame|Taunt|p2a: Electabuzz\n|-start|p2a: Electabuzz|move: Taunt\n|move|p1a: Garchomp|Stomping Tantrum|p2a: Electabuzz\n|-supereffective|p2a: Electabuzz\n|-damage|p2a: Electabuzz|30\/100\n|move|p2b: Dragonite|Tailwind|p2b: Dragonite\n|-sidestart|p2: VGCLTH Python|move: Tailwind\n|\n|upkeep\n|turn|2\n|\n|t:|1732306806\n|-terastallize|p2b: Dragonite|Fairy\n|-terastallize|p1a: Garchomp|Ghost\n|move|p1b: Talonflame|Tailwind|p1b: Talonflame\n|-sidestart|p1: FireBomb222|move: Tailwind\n|move|p1a: Garchomp|Earthquake|p2b: Dragonite|[spread] p2a,p2b\n|-immune|p1b: Talonflame\n|-supereffective|p2a: Electabuzz\n|-damage|p2a: Electabuzz|0 fnt\n|-damage|p2b: Dragonite|55\/100\n|faint|p2a: Electabuzz\n|move|p2b: Dragonite|Scale Shot|p1a: Garchomp\n|-damage|p1a: Garchomp|86\/100\n|-damage|p1a: Garchomp|71\/100\n|-crit|p1a: Garchomp\n|-damage|p1a: Garchomp|48\/100\n|-damage|p1a: Garchomp|32\/100\n|-damage|p1a: Garchomp|17\/100\n|-hitcount|p1a: Garchomp|5\n|-unboost|p2b: Dragonite|def|1\n|-boost|p2b: Dragonite|spe|1\n|\n|upkeep\n|\n|t:|1732306818\n|switch|p2a: Volcarona|Volcarona, L50, F|100\/100\n|turn|3\n|inactive|FireBomb222 has 30 seconds left.\n|inactive|FireBomb222 has 20 seconds left.\n|inactive|FireBomb222 has 15 seconds left.\n|\n|t:|1732306859\n|move|p1b: Talonflame|Brave Bird|p2a: Volcarona\n|-supereffective|p2a: Volcarona\n|-damage|p2a: Volcarona|0 fnt\n|faint|p2a: Volcarona\n|-damage|p1b: Talonflame|64\/100|[from] Recoil\n|move|p2b: Dragonite|Scale Shot|p1a: Garchomp\n|-damage|p1a: Garchomp|0 fnt\n|faint|p1a: Garchomp\n|-hitcount|p1: Garchomp|1\n|-unboost|p2b: Dragonite|def|1\n|-boost|p2b: Dragonite|spe|1\n|\n|upkeep\n|\n|t:|1732306873\n|switch|p2a: Gastrodon|Gastrodon, L50, F|100\/100\n|switch|p1a: Indeedee|Indeedee, L50, M|100\/100\n|-fieldstart|move: Psychic Terrain|[from] ability: Psychic Surge|[of] p1a: Indeedee\n|turn|4\n|\n|t:|1732306893\n|switch|p1a: Gardevoir|Gardevoir, L50, M|100\/100\n|move|p2b: Dragonite|Scale Shot|p1a: Gardevoir\n|-immune|p1a: Gardevoir\n|move|p1b: Talonflame|Brave Bird|p2a: Gastrodon\n|-damage|p2a: Gastrodon|56\/100\n|-damage|p1b: Talonflame|44\/100|[from] Recoil\n|move|p2a: Gastrodon|Ice Beam|p1b: Talonflame\n|-damage|p1b: Talonflame|10\/100\n|\n|-sideend|p2: VGCLTH Python|move: Tailwind\n|upkeep\n|turn|5\n|inactive|VGCLTH Python has 30 seconds left.\n|\n|t:|1732306921\n|move|p2b: Dragonite|Protect|p2b: Dragonite\n|-singleturn|p2b: Dragonite|Protect\n|move|p1a: Gardevoir|Expanding Force|p2a: Gastrodon|[spread] p2a\n|-activate|p2b: Dragonite|move: Protect\n|-damage|p2a: Gastrodon|0 fnt\n|faint|p2a: Gastrodon\n|move|p1b: Talonflame|Brave Bird|p2b: Dragonite\n|-activate|p2b: Dragonite|move: Protect\n|\n|-sideend|p1: FireBomb222|move: Tailwind\n|upkeep\n|turn|6\n|\n|t:|1732306931\n|move|p2b: Dragonite|Scale Shot|p1b: Talonflame\n|-damage|p1b: Talonflame|0 fnt\n|faint|p1b: Talonflame\n|-hitcount|p1: Talonflame|1\n|-unboost|p2b: Dragonite|def|1\n|-boost|p2b: Dragonite|spe|1\n|move|p1a: Gardevoir|Expanding Force|p2b: Dragonite\n|-damage|p2b: Dragonite|0 fnt\n|faint|p2b: Dragonite\n|\n|win|FireBomb222\n|raw|FireBomb222's rating: 1661 &rarr; <strong>1687<\/strong><br \/>(+26 for winning)\n|raw|VGCLTH Python's rating: 1775 &rarr; <strong>1749<\/strong><br \/>(-26 for losing)\n|l|\u2606VGCLTH Python\n|player|p2|\n|c|\u2606FireBomb222|gg\n|l|\u2606FireBomb222\n|player|p1|\n|l| Therazer456\n","uploadtime":1732306944,"views":11,"formatid":"gen9vgc2024regh","rating":1687,"private":0,"password":null}