{"id":"gen9vgc2024regh-2249740750","format":"[Gen 9] VGC 2024 Reg H","players":["Djjwjwwjj","actuary97"],"log":"|j|\u2606Djjwjwwjj\n|j|\u2606actuary97\n|t:|1732393539\n|gametype|doubles\n|player|p1|Djjwjwwjj|170|1682\n|player|p2|actuary97|sabrina-frlg|1775\n|teamsize|p1|6\n|teamsize|p2|6\n|gen|9\n|tier|[Gen 9] VGC 2024 Reg H\n|rated|\n|rule|Species Clause: Limit one of each Pok\u00e9mon\n|rule|Item Clause: Limit 1 of each item\n|clearpoke\n|poke|p1|Pelipper, L50, F|\n|poke|p1|Incineroar, L50, F|\n|poke|p1|Palafin, L50, M|\n|poke|p1|Archaludon, L50, M|\n|poke|p1|Rillaboom, L50, F|\n|poke|p1|Clefable, L50, M|\n|poke|p2|Whimsicott, L50, F|\n|poke|p2|Gallade, L50, M|\n|poke|p2|Archaludon, L50, F|\n|poke|p2|Malamar, L50, F|\n|poke|p2|Indeedee, L50, M|\n|poke|p2|Drifblim, L50, M|\n|teampreview|4\n|inactive|Battle timer is ON: inactive players will automatically lose when time's up. (requested by Djjwjwwjj)\nactuary97 has agreed to open team sheets.\n|inactive|Djjwjwwjj has 60 seconds left.\n|inactive|actuary97 has 60 seconds left.\n|inactive|Djjwjwwjj has 30 seconds left.\n|\n|t:|1732393607\n|start\n|switch|p1a: Clefable|Clefable, L50, M|100\/100\n|switch|p1b: Palafin|Palafin, L50, M|100\/100\n|switch|p2a: Tapu Deedee|Indeedee, L50, M, shiny|100\/100\n|switch|p2b: Malamother|Malamar, L50, F|100\/100\n|-fieldstart|move: Psychic Terrain|[from] ability: Psychic Surge|[of] p2a: Tapu Deedee\n|turn|1\n|inactive|actuary97 has 30 seconds left.\n|\n|t:|1732393633\n|switch|p2b: \ud83c\udf88\ud83d\udc7b\ud83c\udf83\ud83d\udc7b\ud83c\udf83\ud83c\udf88|Drifblim, L50, M|100\/100\n|-enditem|p2b: \ud83c\udf88\ud83d\udc7b\ud83c\udf83\ud83d\udc7b\ud83c\udf83\ud83c\udf88|Psychic Seed\n|-boost|p2b: \ud83c\udf88\ud83d\udc7b\ud83c\udf83\ud83d\udc7b\ud83c\udf83\ud83c\udf88|spd|1|[from] item: Psychic Seed\n|move|p1b: Palafin|Flip Turn|p2a: Tapu Deedee\n|-damage|p2a: Tapu Deedee|30\/100\n|\n|t:|1732393641\n|detailschange|p1b: Palafin|Palafin-Hero, L50, M\n|switch|p1b: Rillaboom|Rillaboom, L50, F|100\/100|[from] Flip Turn\n|-fieldstart|move: Grassy Terrain|[from] ability: Grassy Surge|[of] p1b: Rillaboom\n|move|p2a: Tapu Deedee|Expanding Force|p1a: Clefable\n|-damage|p1a: Clefable|56\/100\n|move|p1a: Clefable|Moonblast|p2b: \ud83c\udf88\ud83d\udc7b\ud83c\udf83\ud83d\udc7b\ud83c\udf83\ud83c\udf88\n|-damage|p2b: \ud83c\udf88\ud83d\udc7b\ud83c\udf83\ud83d\udc7b\ud83c\udf83\ud83c\udf88|70\/100\n|\n|-heal|p2a: Tapu Deedee|36\/100|[from] Grassy Terrain\n|-heal|p1a: Clefable|62\/100|[from] Grassy Terrain\n|upkeep\n|turn|2\n|inactive|Djjwjwwjj has 30 seconds left.\n|\n|t:|1732393668\n|switch|p2a: Bridget|Archaludon, L50, F, shiny|100\/100\n|switch|p1a: Palafin|Palafin-Hero, L50, M|100\/100\n|-activate|p1a: Palafin|ability: Zero to Hero\n|move|p2b: \ud83c\udf88\ud83d\udc7b\ud83c\udf83\ud83d\udc7b\ud83c\udf83\ud83c\udf88|Will-O-Wisp|p1b: Rillaboom\n|-status|p1b: Rillaboom|brn\n|move|p1b: Rillaboom|U-turn|p2a: Bridget\n|-resisted|p2a: Bridget\n|-damage|p2a: Bridget|96\/100\n|-ability|p2a: Bridget|Stamina|boost\n|-boost|p2a: Bridget|def|1\n|\n|t:|1732393681\n|switch|p1b: Clefable|Clefable, L50, M|62\/100|[from] U-turn\n|\n|-heal|p2a: Bridget|100\/100|[from] Grassy Terrain\n|-heal|p1b: Clefable|68\/100|[from] Grassy Terrain\n|upkeep\n|turn|3\n|\n|t:|1732393704\n|-terastallize|p1b: Clefable|Electric\n|move|p1b: Clefable|Follow Me|p1b: Clefable\n|-singleturn|p1b: Clefable|move: Follow Me\n|move|p2b: \ud83c\udf88\ud83d\udc7b\ud83c\udf83\ud83d\udc7b\ud83c\udf83\ud83c\udf88|Strength Sap|p1b: Clefable\n|-unboost|p1b: Clefable|atk|1\n|-heal|p2b: \ud83c\udf88\ud83d\udc7b\ud83c\udf83\ud83d\udc7b\ud83c\udf83\ud83c\udf88|99\/100\n|move|p1a: Palafin|Close Combat|p2a: Bridget\n|-supereffective|p2a: Bridget\n|-damage|p2a: Bridget|25\/100\n|-unboost|p1a: Palafin|def|1\n|-unboost|p1a: Palafin|spd|1\n|-ability|p2a: Bridget|Stamina|boost\n|-boost|p2a: Bridget|def|1\n|move|p2a: Bridget|Flash Cannon|p1b: Clefable\n|-resisted|p1b: Clefable\n|-damage|p1b: Clefable|53\/100\n|\n|-heal|p2a: Bridget|31\/100|[from] Grassy Terrain\n|-heal|p1b: Clefable|59\/100|[from] Grassy Terrain\n|upkeep\n|turn|4\n|\n|t:|1732393729\n|switch|p1a: Rillaboom|Rillaboom, L50, F|100\/100 brn\n|move|p2b: \ud83c\udf88\ud83d\udc7b\ud83c\udf83\ud83d\udc7b\ud83c\udf83\ud83c\udf88|Icy Wind|p1a: Rillaboom|[spread] p1a,p1b\n|-supereffective|p1a: Rillaboom\n|-damage|p1a: Rillaboom|81\/100 brn\n|-damage|p1b: Clefable|52\/100\n|-unboost|p1a: Rillaboom|spe|1\n|-unboost|p1b: Clefable|spe|1\n|move|p2a: Bridget|Body Press|p1a: Rillaboom\n|-damage|p1a: Rillaboom|34\/100 brn\n|move|p1b: Clefable|Moonblast|p2a: Bridget\n|-crit|p2a: Bridget\n|-damage|p2a: Bridget|0 fnt\n|faint|p2a: Bridget\n|\n|-heal|p1a: Rillaboom|40\/100 brn|[from] Grassy Terrain\n|-heal|p1b: Clefable|58\/100|[from] Grassy Terrain\n|-damage|p1a: Rillaboom|34\/100 brn|[from] brn\n|upkeep\n|\n|t:|1732393742\n|switch|p2a: Tapu Deedee|Indeedee, L50, M, shiny|36\/100\n|-fieldstart|move: Psychic Terrain|[from] ability: Psychic Surge|[of] p2a: Tapu Deedee\n|turn|5\n|\n|t:|1732393753\n|switch|p1a: Pelipper|Pelipper, L50, F|100\/100\n|-weather|RainDance|[from] ability: Drizzle|[of] p1a: Pelipper\n|move|p1b: Clefable|Protect|p1b: Clefable\n|-singleturn|p1b: Clefable|Protect\n|move|p2b: \ud83c\udf88\ud83d\udc7b\ud83c\udf83\ud83d\udc7b\ud83c\udf83\ud83c\udf88|Icy Wind|p1b: Clefable|[spread] p1a\n|-activate|p1b: Clefable|move: Protect\n|-crit|p1a: Pelipper\n|-damage|p1a: Pelipper|79\/100\n|-unboost|p1a: Pelipper|spe|1\n|move|p2a: Tapu Deedee|Expanding Force|p1b: Clefable|[spread] p1a\n|-activate|p1b: Clefable|move: Protect\n|-damage|p1a: Pelipper|0 fnt\n|faint|p1a: Pelipper\n|\n|-weather|RainDance|[upkeep]\n|upkeep\n|\n|t:|1732393773\n|switch|p1a: Palafin|Palafin-Hero, L50, M|100\/100\n|turn|6\n|\n|t:|1732393791\n|switch|p2a: Malamother|Malamar, L50, F|100\/100\n|switch|p1b: Rillaboom|Rillaboom, L50, F|34\/100 brn\n|-fieldstart|move: Grassy Terrain|[from] ability: Grassy Surge|[of] p1b: Rillaboom\n|move|p1a: Palafin|Jet Punch|p2a: Malamother\n|-damage|p2a: Malamother|23\/100\n|-enditem|p2a: Malamother|Sitrus Berry|[eat]\n|-heal|p2a: Malamother|48\/100|[from] item: Sitrus Berry\n|move|p2b: \ud83c\udf88\ud83d\udc7b\ud83c\udf83\ud83d\udc7b\ud83c\udf83\ud83c\udf88|Will-O-Wisp|p1a: Palafin\n|-status|p1a: Palafin|brn\n|\n|-weather|RainDance|[upkeep]\n|-heal|p1b: Rillaboom|40\/100 brn|[from] Grassy Terrain\n|-heal|p2a: Malamother|54\/100|[from] Grassy Terrain\n|-damage|p1a: Palafin|94\/100 brn|[from] brn\n|-damage|p1b: Rillaboom|34\/100 brn|[from] brn\n|upkeep\n|turn|7\n|inactive|Djjwjwwjj has 30 seconds left.\n|\n|t:|1732393817\n|switch|p1a: Clefable|Clefable, L50, M, tera:Electric|58\/100\n|move|p2b: \ud83c\udf88\ud83d\udc7b\ud83c\udf83\ud83d\udc7b\ud83c\udf83\ud83c\udf88|Strength Sap|p1a: Clefable\n|-unboost|p1a: Clefable|atk|1\n|-heal|p2b: \ud83c\udf88\ud83d\udc7b\ud83c\udf83\ud83d\udc7b\ud83c\udf83\ud83c\udf88|100\/100\n|move|p1b: Rillaboom|U-turn|p2a: Malamother\n|-supereffective|p2a: Malamother\n|-crit|p2a: Malamother\n|-damage|p2a: Malamother|0 fnt\n|faint|p2a: Malamother\n|\n|t:|1732393827\n|switch|p1b: Palafin|Palafin-Hero, L50, M|94\/100 brn|[from] U-turn\n|\n|-weather|RainDance|[upkeep]\n|-heal|p1b: Palafin|100\/100 brn|[from] Grassy Terrain\n|-heal|p1a: Clefable|64\/100|[from] Grassy Terrain\n|-damage|p1b: Palafin|94\/100 brn|[from] brn\n|upkeep\n|\n|t:|1732393833\n|switch|p2a: Tapu Deedee|Indeedee, L50, M, shiny|36\/100\n|-fieldstart|move: Psychic Terrain|[from] ability: Psychic Surge|[of] p2a: Tapu Deedee\n|turn|8\n|\n|t:|1732393844\n|switch|p1a: Rillaboom|Rillaboom, L50, F|34\/100 brn\n|-fieldstart|move: Grassy Terrain|[from] ability: Grassy Surge|[of] p1a: Rillaboom\n|move|p1b: Palafin|Jet Punch|p2a: Tapu Deedee\n|-damage|p2a: Tapu Deedee|0 fnt\n|faint|p2a: Tapu Deedee\n|move|p2b: \ud83c\udf88\ud83d\udc7b\ud83c\udf83\ud83d\udc7b\ud83c\udf83\ud83c\udf88|Icy Wind|p1b: Palafin|[spread] p1a,p1b\n|-supereffective|p1a: Rillaboom\n|-resisted|p1b: Palafin\n|-damage|p1a: Rillaboom|13\/100 brn\n|-damage|p1b: Palafin|90\/100 brn\n|-unboost|p1a: Rillaboom|spe|1\n|-unboost|p1b: Palafin|spe|1\n|\n|-weather|RainDance|[upkeep]\n|-heal|p1b: Palafin|96\/100 brn|[from] Grassy Terrain\n|-heal|p1a: Rillaboom|19\/100 brn|[from] Grassy Terrain\n|-damage|p1b: Palafin|90\/100 brn|[from] brn\n|-damage|p1a: Rillaboom|13\/100 brn|[from] brn\n|upkeep\n|turn|9\n|inactive|Djjwjwwjj has 30 seconds left.\n|\n|t:|1732393870\n|switch|p1a: Clefable|Clefable, L50, M, tera:Electric|64\/100\n|move|p1b: Palafin|Jet Punch|p2b: \ud83c\udf88\ud83d\udc7b\ud83c\udf83\ud83d\udc7b\ud83c\udf83\ud83c\udf88\n|-damage|p2b: \ud83c\udf88\ud83d\udc7b\ud83c\udf83\ud83d\udc7b\ud83c\udf83\ud83c\udf88|63\/100\n|move|p2b: \ud83c\udf88\ud83d\udc7b\ud83c\udf83\ud83d\udc7b\ud83c\udf83\ud83c\udf88|Icy Wind|p1b: Palafin|[spread] p1a,p1b\n|-resisted|p1b: Palafin\n|-damage|p1a: Clefable|58\/100\n|-damage|p1b: Palafin|85\/100 brn\n|-unboost|p1a: Clefable|spe|1\n|-unboost|p1b: Palafin|spe|1\n|\n|-weather|none\n|-heal|p1b: Palafin|92\/100 brn|[from] Grassy Terrain\n|-heal|p1a: Clefable|64\/100|[from] Grassy Terrain\n|-damage|p1b: Palafin|85\/100 brn|[from] brn\n|upkeep\n|turn|10\n|j| Fancy Cucudrula\n|\n|t:|1732393894\n|switch|p1b: Rillaboom|Rillaboom, L50, F|13\/100 brn\n|-terastallize|p2b: \ud83c\udf88\ud83d\udc7b\ud83c\udf83\ud83d\udc7b\ud83c\udf83\ud83c\udf88|Flying\n|move|p2b: \ud83c\udf88\ud83d\udc7b\ud83c\udf83\ud83d\udc7b\ud83c\udf83\ud83c\udf88|Air Slash|p1b: Rillaboom|[miss]\n|-miss|p2b: \ud83c\udf88\ud83d\udc7b\ud83c\udf83\ud83d\udc7b\ud83c\udf83\ud83c\udf88|p1b: Rillaboom\n|move|p1a: Clefable|Life Dew|p1a: Clefable|[spread] p1a,p1b\n|-heal|p1a: Clefable|89\/100\n|-heal|p1b: Rillaboom|38\/100 brn\n|\n|-heal|p1b: Rillaboom|44\/100 brn|[from] Grassy Terrain\n|-heal|p1a: Clefable|95\/100|[from] Grassy Terrain\n|-damage|p1b: Rillaboom|38\/100 brn|[from] brn\n|upkeep\n|turn|11\n|c|\u2606actuary97|bro\n|c|\u2606actuary97|my luck has been ass this game\n|\n|t:|1732393912\n|move|p1b: Rillaboom|Fake Out|p2b: \ud83c\udf88\ud83d\udc7b\ud83c\udf83\ud83d\udc7b\ud83c\udf83\ud83c\udf88\n|-damage|p2b: \ud83c\udf88\ud83d\udc7b\ud83c\udf83\ud83d\udc7b\ud83c\udf83\ud83c\udf88|57\/100\n|cant|p2b: \ud83c\udf88\ud83d\udc7b\ud83c\udf83\ud83d\udc7b\ud83c\udf83\ud83c\udf88|flinch\n|move|p1a: Clefable|Moonblast|p2b: \ud83c\udf88\ud83d\udc7b\ud83c\udf83\ud83d\udc7b\ud83c\udf83\ud83c\udf88\n|-damage|p2b: \ud83c\udf88\ud83d\udc7b\ud83c\udf83\ud83d\udc7b\ud83c\udf83\ud83c\udf88|25\/100\n|\n|-heal|p1b: Rillaboom|44\/100 brn|[from] Grassy Terrain\n|-heal|p1a: Clefable|100\/100|[from] Grassy Terrain\n|-damage|p1b: Rillaboom|38\/100 brn|[from] brn\n|upkeep\n|turn|12\n|\n|t:|1732393925\n|switch|p1b: Palafin|Palafin-Hero, L50, M|85\/100 brn\n|move|p1a: Clefable|Follow Me|p1a: Clefable\n|-singleturn|p1a: Clefable|move: Follow Me\n|move|p2b: \ud83c\udf88\ud83d\udc7b\ud83c\udf83\ud83d\udc7b\ud83c\udf83\ud83c\udf88|Strength Sap|p1a: Clefable\n|-unboost|p1a: Clefable|atk|1\n|-heal|p2b: \ud83c\udf88\ud83d\udc7b\ud83c\udf83\ud83d\udc7b\ud83c\udf83\ud83c\udf88|55\/100\n|\n|-heal|p1b: Palafin|92\/100 brn|[from] Grassy Terrain\n|-damage|p1b: Palafin|85\/100 brn|[from] brn\n|-fieldend|move: Grassy Terrain\n|upkeep\n|turn|13\n|\n|t:|1732393944\n|move|p2b: \ud83c\udf88\ud83d\udc7b\ud83c\udf83\ud83d\udc7b\ud83c\udf83\ud83c\udf88|Air Slash|p1b: Palafin\n|-damage|p1b: Palafin|51\/100 brn\n|move|p1b: Palafin|Wave Crash|p2b: \ud83c\udf88\ud83d\udc7b\ud83c\udf83\ud83d\udc7b\ud83c\udf83\ud83c\udf88\n|-crit|p2b: \ud83c\udf88\ud83d\udc7b\ud83c\udf83\ud83d\udc7b\ud83c\udf83\ud83c\udf88\n|-damage|p2b: \ud83c\udf88\ud83d\udc7b\ud83c\udf83\ud83d\udc7b\ud83c\udf83\ud83c\udf88|0 fnt\n|faint|p2b: \ud83c\udf88\ud83d\udc7b\ud83c\udf83\ud83d\udc7b\ud83c\udf83\ud83c\udf88\n|-damage|p1b: Palafin|28\/100 brn|[from] Recoil\n|\n|win|Djjwjwwjj\n|raw|Djjwjwwjj's rating: 1682 &rarr; <strong>1707<\/strong><br \/>(+25 for winning)\n|raw|actuary97's rating: 1775 &rarr; <strong>1750<\/strong><br \/>(-25 for losing)\n|l|\u2606actuary97\n|player|p2|\n|l|\u2606Djjwjwwjj\n|player|p1|\n","uploadtime":1732394093,"views":8,"formatid":"gen9vgc2024regh","rating":1707,"private":0,"password":null}