{"id":"gen9vgc2024regh-2249654590","format":"[Gen 9] VGC 2024 Reg H","players":["stuttgarden","VGCLTH skibidi"],"log":"|raw|<div class=\"broadcast-blue\"><strong>This battle is required to be public due to a player having a name starting with 'vgclth'.<\/div>\n|j|\u2606stuttgarden\n|j|\u2606VGCLTH skibidi\n|t:|1732382571\n|gametype|doubles\n|player|p1|stuttgarden|pokekid|1665\n|player|p2|VGCLTH skibidi|piers-masters|1872\n|teamsize|p1|6\n|teamsize|p2|6\n|gen|9\n|tier|[Gen 9] VGC 2024 Reg H\n|rated|\n|rule|Species Clause: Limit one of each Pok\u00e9mon\n|rule|Item Clause: Limit 1 of each item\n|clearpoke\n|poke|p1|Ursaluna-Bloodmoon, L50, M|\n|poke|p1|Dragonite, L50, M|\n|poke|p1|Dondozo, L50, M|\n|poke|p1|Gholdengo, L50|\n|poke|p1|Volcarona, L50, F|\n|poke|p1|Archaludon, L50, M|\n|poke|p2|Ceruledge, L50, F|\n|poke|p2|Gastrodon-East, L50, M|\n|poke|p2|Sneasler, L50, M|\n|poke|p2|Kingambit, L50, M|\n|poke|p2|Rillaboom, L50, M|\n|poke|p2|Dragonite, L50, M|\n|teampreview|4\n|inactive|Battle timer is ON: inactive players will automatically lose when time's up. (requested by VGCLTH skibidi)\n|inactive|stuttgarden also wants the timer to be on.\n|j| Bricks and Steel\n|inactive|VGCLTH skibidi has 60 seconds left.\n|j| MinamiSimp\n|j| Flarefox_7\n|inactive|VGCLTH skibidi has 30 seconds left.\n|j| VGCLTH R0gue\n|inactive|VGCLTH skibidi has 20 seconds left.\n|inactive|VGCLTH skibidi has 15 seconds left.\n|\n|t:|1732382648\n|start\n|switch|p1a: Gholdengo|Gholdengo, L50|100\/100\n|switch|p1b: Ursaluna|Ursaluna-Bloodmoon, L50, M|100\/100\n|switch|p2a: Let's go gambling|Sneasler, L50, M|100\/100\n|switch|p2b: Godlyreal|Kingambit, L50, M|100\/100\n|turn|1\n|j| UGCL\n|\n|t:|1732382655\n|switch|p1b: Volcarona|Volcarona, L50, F|100\/100\n|move|p2a: Let's go gambling|Fake Out|p1b: Volcarona\n|-damage|p1b: Volcarona|85\/100\n|-damage|p2a: Let's go gambling|84\/100|[from] item: Rocky Helmet|[of] p1b: Volcarona\n|-status|p2a: Let's go gambling|brn|[from] ability: Flame Body|[of] p1b: Volcarona\n|move|p1a: Gholdengo|Trick|p2b: Godlyreal\n|-activate|p1a: Gholdengo|move: Trick|[of] p2b: Godlyreal\n|-item|p2b: Godlyreal|Choice Scarf|[from] move: Trick\n|-item|p1a: Gholdengo|Assault Vest|[from] move: Trick\n|move|p2b: Godlyreal|Kowtow Cleave|p1a: Gholdengo\n|-supereffective|p1a: Gholdengo\n|-damage|p1a: Gholdengo|0 fnt\n|faint|p1a: Gholdengo\n|\n|-damage|p2a: Let's go gambling|79\/100 brn|[from] brn\n|upkeep\n|\n|t:|1732382666\n|switch|p1a: Ursaluna|Ursaluna-Bloodmoon, L50, M|100\/100\n|turn|2\n|l| UGCL\n|\n|t:|1732382680\n|move|p2a: Let's go gambling|Dire Claw|p1b: Volcarona\n|-damage|p1b: Volcarona|62\/100\n|-damage|p2a: Let's go gambling|62\/100 brn|[from] item: Rocky Helmet|[of] p1b: Volcarona\n|move|p1b: Volcarona|Tailwind|p1b: Volcarona\n|-sidestart|p1: stuttgarden|move: Tailwind\n|move|p1a: Ursaluna|Earth Power|p2b: Godlyreal\n|-supereffective|p2b: Godlyreal\n|-damage|p2b: Godlyreal|2\/100\n|move|p2b: Godlyreal|Kowtow Cleave|p1b: Volcarona\n|-damage|p1b: Volcarona|3\/100\n|-damage|p2b: Godlyreal|0 fnt|[from] item: Rocky Helmet|[of] p1b: Volcarona\n|faint|p2b: Godlyreal\n|\n|-damage|p2a: Let's go gambling|57\/100 brn|[from] brn\n|upkeep\n|\n|t:|1732382694\n|switch|p2b: Rizzler|Rillaboom, L50, M|100\/100\n|-fieldstart|move: Grassy Terrain|[from] ability: Grassy Surge|[of] p2b: Rizzler\n|turn|3\n|\n|t:|1732382705\n|-terastallize|p1a: Ursaluna|Normal\n|-terastallize|p2b: Rizzler|Fire\n|move|p1b: Volcarona|Protect|p1b: Volcarona\n|-singleturn|p1b: Volcarona|Protect\n|move|p2b: Rizzler|Fake Out|p1a: Ursaluna\n|-damage|p1a: Ursaluna|89\/100\n|move|p2a: Let's go gambling|Dire Claw|p1b: Volcarona\n|-activate|p1b: Volcarona|move: Protect\n|cant|p1a: Ursaluna|flinch\n|\n|-heal|p1b: Volcarona|9\/100|[from] Grassy Terrain\n|-heal|p2a: Let's go gambling|62\/100 brn|[from] Grassy Terrain\n|-heal|p1a: Ursaluna|95\/100|[from] Grassy Terrain\n|-damage|p2a: Let's go gambling|57\/100 brn|[from] brn\n|upkeep\n|turn|4\n|inactive|stuttgarden has 30 seconds left.\n|\n|t:|1732382737\n|move|p1b: Volcarona|Rage Powder|p1b: Volcarona\n|-singleturn|p1b: Volcarona|move: Rage Powder\n|move|p2b: Rizzler|Grassy Glide|p1b: Volcarona\n|-resisted|p1b: Volcarona\n|-damage|p1b: Volcarona|0 fnt\n|-damage|p2b: Rizzler|84\/100|[from] item: Rocky Helmet|[of] p1b: Volcarona\n|faint|p1b: Volcarona\n|move|p2a: Let's go gambling|Close Combat|p1a: Ursaluna\n|-supereffective|p1a: Ursaluna\n|-damage|p1a: Ursaluna|53\/100\n|-unboost|p2a: Let's go gambling|def|1\n|-unboost|p2a: Let's go gambling|spd|1\n|move|p1a: Ursaluna|Blood Moon|p2b: Rizzler\n|-damage|p2b: Rizzler|0 fnt\n|faint|p2b: Rizzler\n|\n|-heal|p2a: Let's go gambling|62\/100 brn|[from] Grassy Terrain\n|-heal|p1a: Ursaluna|59\/100|[from] Grassy Terrain\n|-damage|p2a: Let's go gambling|57\/100 brn|[from] brn\n|upkeep\n|\n|t:|1732382750\n|switch|p1b: Dondozo|Dondozo, L50, M|100\/100\n|switch|p2b: Joe Dog|Gastrodon-East, L50, M|100\/100\n|turn|5\n|\n|t:|1732382761\n|move|p2a: Let's go gambling|Close Combat|p1a: Ursaluna\n|-supereffective|p1a: Ursaluna\n|-damage|p1a: Ursaluna|15\/100\n|-unboost|p2a: Let's go gambling|def|1\n|-unboost|p2a: Let's go gambling|spd|1\n|move|p1a: Ursaluna|Hyper Voice|p2a: Let's go gambling|[spread] p2a,p2b\n|-crit|p2b: Joe Dog\n|-damage|p2a: Let's go gambling|0 fnt\n|-damage|p2b: Joe Dog|34\/100\n|-enditem|p2b: Joe Dog|Sitrus Berry|[eat]\n|-heal|p2b: Joe Dog|58\/100|[from] item: Sitrus Berry\n|faint|p2a: Let's go gambling\n|move|p1b: Dondozo|Yawn|p2b: Joe Dog\n|-start|p2b: Joe Dog|move: Yawn|[of] p1b: Dondozo\n|move|p2b: Joe Dog|Earth Power|p1a: Ursaluna\n|-damage|p1a: Ursaluna|0 fnt\n|faint|p1a: Ursaluna\n|\n|-heal|p2b: Joe Dog|64\/100|[from] Grassy Terrain\n|-sideend|p1: stuttgarden|move: Tailwind\n|upkeep\n|turn|6\n|\n|t:|1732382771\n|move|p1b: Dondozo|Protect|p1b: Dondozo\n|-singleturn|p1b: Dondozo|Protect\n|move|p2b: Joe Dog|Earth Power|p1b: Dondozo\n|-activate|p1b: Dondozo|move: Protect\n|\n|-heal|p2b: Joe Dog|70\/100|[from] Grassy Terrain\n|-end|p2b: Joe Dog|move: Yawn|[silent]\n|-status|p2b: Joe Dog|slp\n|upkeep\n|turn|7\n|\n|t:|1732382773\n|cant|p2b: Joe Dog|slp\n|move|p1b: Dondozo|Fissure|p2b: Joe Dog|[miss]\n|-miss|p1b: Dondozo|p2b: Joe Dog\n|\n|-heal|p2b: Joe Dog|76\/100 slp|[from] Grassy Terrain\n|-fieldend|move: Grassy Terrain\n|upkeep\n|turn|8\n|\n|t:|1732382776\n|cant|p2b: Joe Dog|slp\n|move|p1b: Dondozo|Fissure|p2b: Joe Dog\n|-damage|p2b: Joe Dog|0 fnt\n|faint|p2b: Joe Dog\n|-ohko\n|\n|win|stuttgarden\n|raw|stuttgarden's rating: 1665 &rarr; <strong>1696<\/strong><br \/>(+31 for winning)\n|raw|VGCLTH skibidi's rating: 1872 &rarr; <strong>1841<\/strong><br \/>(-31 for losing)\n|c| VGCLTH R0gue|here comes the fissure\n|l|\u2606VGCLTH skibidi\n|player|p2|\n|l| Flarefox_7\n","uploadtime":1732382779,"views":6,"formatid":"gen9vgc2024regh","rating":1696,"private":0,"password":null}