{"id":"gen9vgc2024regh-2249622955","format":"[Gen 9] VGC 2024 Reg H","players":["testy accounty 2","VGCLTH WitchMag"],"log":"|j|\u2606testy accounty 2\n|j|\u2606VGCLTH WitchMag\n|t:|1732378477\n|gametype|doubles\n|player|p1|testy accounty 2|169|1817\n|player|p2|VGCLTH WitchMag|cynthia-masters|1721\n|teamsize|p1|6\n|teamsize|p2|6\n|gen|9\n|tier|[Gen 9] VGC 2024 Reg H\n|rated|\n|rule|Species Clause: Limit one of each Pok\u00e9mon\n|rule|Item Clause: Limit 1 of each item\n|clearpoke\n|poke|p1|Pelipper, L50, F|\n|poke|p1|Archaludon, L50, F|\n|poke|p1|Sneasler, L50, M|\n|poke|p1|Dragonite, L50, F|\n|poke|p1|Basculegion, L50, M|\n|poke|p1|Rillaboom, L50, M|\n|poke|p2|Glimmora, L50, M|\n|poke|p2|Gholdengo, L50|\n|poke|p2|Garchomp, L50, M|\n|poke|p2|Talonflame, L50, M|\n|poke|p2|Rillaboom, L50, F|\n|poke|p2|Primarina, L50, F|\n|teampreview|4\n|\n|t:|1732378543\n|start\n|switch|p1a: Dragonite|Dragonite, L50, F, shiny|100\/100\n|switch|p1b: VEGETA|Basculegion, L50, M|100\/100\n|switch|p2a: Odysseus|Talonflame, L50, M|100\/100\n|switch|p2b: Circe|Glimmora, L50, M|100\/100\n|turn|1\n|\n|t:|1732378565\n|-terastallize|p2a: Odysseus|Grass\n|move|p1a: Dragonite|Extreme Speed|p2a: Odysseus\n|-damage|p2a: Odysseus|48\/100\n|move|p1b: VEGETA|Flip Turn|p2b: Circe\n|-supereffective|p2b: Circe\n|-damage|p2b: Circe|4\/100\n|-activate|p2b: Circe|ability: Toxic Debris\n|-sidestart|p1: testy accounty 2|move: Toxic Spikes\n|\n|t:|1732378576\n|switch|p1b: MACHBACK|Archaludon, L50, F|100\/100|[from] Flip Turn\n|move|p2a: Odysseus|Will-O-Wisp|p1b: MACHBACK\n|-status|p1b: MACHBACK|brn\n|move|p2b: Circe|Meteor Beam||[still]\n|-prepare|p2b: Circe|Meteor Beam\n|-boost|p2b: Circe|spa|1\n|-enditem|p2b: Circe|Power Herb\n|-anim|p2b: Circe|Meteor Beam|p1a: Dragonite\n|-supereffective|p1a: Dragonite\n|-damage|p1a: Dragonite|14\/100\n|\n|-damage|p1b: MACHBACK|94\/100 brn|[from] brn\n|upkeep\n|turn|2\n|\n|t:|1732378601\n|move|p2b: Circe|Spiky Shield|p2b: Circe\n|-singleturn|p2b: Circe|move: Protect\n|move|p1a: Dragonite|Extreme Speed|p2a: Odysseus\n|-damage|p2a: Odysseus|0 fnt\n|faint|p2a: Odysseus\n|move|p1b: MACHBACK|Flash Cannon|p2b: Circe\n|-activate|p2b: Circe|move: Protect\n|\n|-damage|p1b: MACHBACK|88\/100 brn|[from] brn\n|upkeep\n|\n|t:|1732378607\n|switch|p2a: Penelope|Gholdengo, L50|100\/100\n|turn|3\n|j| Fallastest\n|\n|t:|1732378628\n|switch|p2b: Athena|Garchomp, L50, M|100\/100\n|move|p1a: Dragonite|Extreme Speed|p2b: Athena\n|-damage|p2b: Athena|70\/100\n|-damage|p1a: Dragonite|1\/100|[from] ability: Rough Skin|[of] p2b: Athena\n|move|p2a: Penelope|Shadow Ball|p1b: MACHBACK\n|-damage|p1b: MACHBACK|38\/100 brn\n|-ability|p1b: MACHBACK|Stamina|boost\n|-boost|p1b: MACHBACK|def|1\n|move|p1b: MACHBACK|Electro Shot||[still]\n|-prepare|p1b: MACHBACK|Electro Shot\n|-boost|p1b: MACHBACK|spa|1\n|\n|-damage|p1b: MACHBACK|32\/100 brn|[from] brn\n|upkeep\n|turn|4\n|\n|t:|1732378668\n|move|p2b: Athena|Protect|p2b: Athena\n|-singleturn|p2b: Athena|Protect\n|move|p1a: Dragonite|Protect|p1a: Dragonite\n|-singleturn|p1a: Dragonite|Protect\n|move|p2a: Penelope|Shadow Ball|p1b: MACHBACK\n|-damage|p1b: MACHBACK|0 fnt\n|faint|p1b: MACHBACK\n|\n|upkeep\n|\n|t:|1732378677\n|switch|p1b: VEGETA|Basculegion, L50, M|100\/100\n|-status|p1b: VEGETA|psn\n|turn|5\n|j| VGCLTH skibidi\n|\n|t:|1732378695\n|-terastallize|p1b: VEGETA|Grass\n|move|p1b: VEGETA|Wave Crash|p2b: Athena\n|-damage|p2b: Athena|12\/100\n|-damage|p1b: VEGETA|88\/100 psn|[from] ability: Rough Skin|[of] p2b: Athena\n|-damage|p1b: VEGETA|70\/100 psn|[from] Recoil\n|move|p2b: Athena|Dragon Claw|p1a: Dragonite\n|-supereffective|p1a: Dragonite\n|-damage|p1a: Dragonite|0 fnt\n|faint|p1a: Dragonite\n|-damage|p2b: Athena|2\/100|[from] item: Life Orb\n|move|p2a: Penelope|Shadow Ball|p1b: VEGETA\n|-damage|p1b: VEGETA|0 fnt\n|faint|p1b: VEGETA\n|\n|upkeep\n|-message|testy accounty 2 forfeited.\n|\n|win|VGCLTH WitchMag\n|raw|testy accounty 2's rating: 1817 &rarr; <strong>1792<\/strong><br \/>(-25 for losing)\n|raw|VGCLTH WitchMag's rating: 1721 &rarr; <strong>1746<\/strong><br \/>(+25 for winning)\n|l|\u2606testy accounty 2\n|player|p1|\n|l| VGCLTH skibidi\n|l|\u2606VGCLTH WitchMag\n|player|p2|\n|j| volcaronavgc\n|l| volcaronavgc\n|l| Fallastest\n|j| VGCLTH R0gue\n|l| VGCLTH R0gue\n","uploadtime":1732378963,"views":5,"formatid":"gen9vgc2024regh","rating":1746,"private":0,"password":null}