{"id":"gen9vgc2024regh-2249553310","format":"[Gen 9] VGC 2024 Reg H","players":["qiin5","VGCLTH skibidi"],"log":"|raw|<div class=\"broadcast-blue\"><strong>This battle is required to be public due to a player having a name starting with 'vgclth'.<\/div>\n|j|\u2606qiin5\n|j|\u2606VGCLTH skibidi\n|t:|1732368334\n|gametype|doubles\n|player|p1|qiin5|101|1683\n|player|p2|VGCLTH skibidi|piers-masters|1897\n|teamsize|p1|6\n|teamsize|p2|6\n|gen|9\n|tier|[Gen 9] VGC 2024 Reg H\n|rated|\n|rule|Species Clause: Limit one of each Pok\u00e9mon\n|rule|Item Clause: Limit 1 of each item\n|clearpoke\n|poke|p1|Archaludon, L50, F|\n|poke|p1|Dragonite, L50, M|\n|poke|p1|Pelipper, L50, F|\n|poke|p1|Ursaluna, L50, M|\n|poke|p1|Sinistcha, L50|\n|poke|p1|Gholdengo, L50|\n|poke|p2|Ceruledge, L50, M|\n|poke|p2|Gastrodon-East, L50, F|\n|poke|p2|Sneasler, L50, F|\n|poke|p2|Kingambit, L50, M|\n|poke|p2|Rillaboom, L50, M|\n|poke|p2|Dragonite, L50, M|\n|teampreview|4\n|inactive|Battle timer is ON: inactive players will automatically lose when time's up. (requested by VGCLTH skibidi)\n|inactive|qiin5 has 60 seconds left.\n|inactive|VGCLTH skibidi has 60 seconds left.\nVGCLTH skibidi has agreed to open team sheets.\n|\n|t:|1732368390\n|start\n|switch|p1a: Gholdengo|Gholdengo, L50|100\/100\n|switch|p1b: Dragonite|Dragonite, L50, M|100\/100\n|switch|p2a: Let's go gambling|Sneasler, L50, F|100\/100\n|switch|p2b: Godlyreal|Kingambit, L50, M|100\/100\n|turn|1\n|inactive|qiin5 has 30 seconds left.\n|inactive|qiin5 has 20 seconds left.\n|inactive|qiin5 has 15 seconds left.\n|\n|t:|1732368430\n|move|p1b: Dragonite|Protect|p1b: Dragonite\n|-singleturn|p1b: Dragonite|Protect\n|move|p2a: Let's go gambling|Fake Out|p1b: Dragonite\n|-activate|p1b: Dragonite|move: Protect\n|move|p1a: Gholdengo|Trick|p2b: Godlyreal\n|-activate|p1a: Gholdengo|move: Trick|[of] p2b: Godlyreal\n|-item|p2b: Godlyreal|Choice Scarf|[from] move: Trick\n|-item|p1a: Gholdengo|Assault Vest|[from] move: Trick\n|move|p2b: Godlyreal|Kowtow Cleave|p1a: Gholdengo\n|-supereffective|p1a: Gholdengo\n|-damage|p1a: Gholdengo|0 fnt\n|faint|p1a: Gholdengo\n|\n|upkeep\n|\n|t:|1732368442\n|switch|p1a: Pelipper|Pelipper, L50, F|100\/100\n|-weather|RainDance|[from] ability: Drizzle|[of] p1a: Pelipper\n|turn|2\n|\n|t:|1732368454\n|move|p2a: Let's go gambling|Dire Claw|p1b: Dragonite\n|-damage|p1b: Dragonite|79\/100\n|-status|p1b: Dragonite|psn\n|move|p1b: Dragonite|Scale Shot|p2a: Let's go gambling\n|-damage|p2a: Let's go gambling|77\/100\n|-damage|p2a: Let's go gambling|50\/100\n|-damage|p2a: Let's go gambling|24\/100\n|-damage|p2a: Let's go gambling|0 fnt\n|faint|p2a: Let's go gambling\n|-hitcount|p2: Let's go gambling|4\n|-unboost|p1b: Dragonite|def|1\n|-boost|p1b: Dragonite|spe|1\n|move|p1a: Pelipper|Tailwind|p1a: Pelipper\n|-sidestart|p1: qiin5|move: Tailwind\n|move|p2b: Godlyreal|Kowtow Cleave|p1b: Dragonite\n|-damage|p1b: Dragonite|0 fnt\n|faint|p1b: Dragonite\n|\n|-weather|RainDance|[upkeep]\n|upkeep\n|\n|t:|1732368465\n|switch|p2a: Joe Dog|Gastrodon-East, L50, F|100\/100\n|switch|p1b: Archaludon|Archaludon, L50, F|100\/100\n|turn|3\n|\n|t:|1732368476\n|-terastallize|p1b: Archaludon|Fighting\n|move|p2a: Joe Dog|Protect|p2a: Joe Dog\n|-singleturn|p2a: Joe Dog|Protect\n|move|p1b: Archaludon|Body Press|p2b: Godlyreal\n|-supereffective|p2b: Godlyreal\n|-damage|p2b: Godlyreal|0 fnt\n|faint|p2b: Godlyreal\n|move|p1a: Pelipper|Hurricane|p2a: Joe Dog\n|-activate|p2a: Joe Dog|move: Protect\n|\n|-weather|RainDance|[upkeep]\n|upkeep\n|\n|t:|1732368479\n|switch|p2b: Rizzler|Rillaboom, L50, M|100\/100\n|-fieldstart|move: Grassy Terrain|[from] ability: Grassy Surge|[of] p2b: Rizzler\n|turn|4\n|inactive|qiin5 has 30 seconds left.\n|\n|t:|1732368511\n|-terastallize|p2b: Rizzler|Fire\n|move|p2b: Rizzler|Fake Out|p1b: Archaludon\n|-damage|p1b: Archaludon|89\/100\n|-ability|p1b: Archaludon|Stamina|boost\n|-boost|p1b: Archaludon|def|1\n|cant|p1b: Archaludon|flinch\n|move|p1a: Pelipper|Hurricane|p2b: Rizzler\n|-damage|p2b: Rizzler|31\/100\n|-start|p2b: Rizzler|confusion\n|move|p2a: Joe Dog|Ice Beam|p1a: Pelipper\n|-damage|p1a: Pelipper|62\/100\n|\n|-weather|RainDance|[upkeep]\n|-heal|p1b: Archaludon|95\/100|[from] Grassy Terrain\n|-heal|p2b: Rizzler|37\/100|[from] Grassy Terrain\n|upkeep\n|turn|5\n|\n|t:|1732368533\n|-activate|p2b: Rizzler|confusion\n|move|p2b: Rizzler|Grassy Glide|p1a: Pelipper\n|-damage|p1a: Pelipper|1\/100\n|move|p1b: Archaludon|Body Press|p2b: Rizzler\n|-damage|p2b: Rizzler|0 fnt\n|faint|p2b: Rizzler\n|move|p1a: Pelipper|Hurricane|p2a: Joe Dog\n|-damage|p2a: Joe Dog|57\/100\n|move|p2a: Joe Dog|Earth Power|p1b: Archaludon\n|-damage|p1b: Archaludon|72\/100\n|-ability|p1b: Archaludon|Stamina|boost\n|-boost|p1b: Archaludon|def|1\n|\n|-weather|RainDance|[upkeep]\n|-heal|p1b: Archaludon|78\/100|[from] Grassy Terrain\n|-heal|p2a: Joe Dog|63\/100|[from] Grassy Terrain\n|-sideend|p1: qiin5|move: Tailwind\n|upkeep\n|turn|6\n|\n|t:|1732368548\n|move|p1b: Archaludon|Body Press|p2a: Joe Dog\n|-damage|p2a: Joe Dog|0 fnt\n|faint|p2a: Joe Dog\n|\n|win|qiin5\n|raw|qiin5's rating: 1683 &rarr; <strong>1714<\/strong><br \/>(+31 for winning)\n|raw|VGCLTH skibidi's rating: 1897 &rarr; <strong>1866<\/strong><br \/>(-31 for losing)\n|l|\u2606VGCLTH skibidi\n|player|p2|\n|l|\u2606qiin5\n|player|p1|\n","uploadtime":1732368724,"views":8,"formatid":"gen9vgc2024regh","rating":1714,"private":0,"password":null}