{"id":"gen9vgc2024regh-2249664068","format":"[Gen 9] VGC 2024 Reg H","players":["testy accounty 2","qiyeO.o"],"log":"|j|\u2606testy accounty 2\n|j|\u2606qiyeO.o\n|t:|1732383773\n|gametype|doubles\n|player|p1|testy accounty 2|169|1748\n|player|p2|qiyeO.o|nancy|1837\n|teamsize|p1|6\n|teamsize|p2|6\n|gen|9\n|tier|[Gen 9] VGC 2024 Reg H\n|rated|\n|rule|Species Clause: Limit one of each Pok\u00e9mon\n|rule|Item Clause: Limit 1 of each item\n|clearpoke\n|poke|p1|Pelipper, L50, M|\n|poke|p1|Archaludon, L50, F|\n|poke|p1|Sneasler, L50, F|\n|poke|p1|Dragonite, L50, M|\n|poke|p1|Basculegion, L50, M|\n|poke|p1|Rillaboom, L50, M|\n|poke|p2|Dragonite, L50, F|\n|poke|p2|Gholdengo, L50|\n|poke|p2|Kingambit, L50, F|\n|poke|p2|Primarina, L50, F|\n|poke|p2|Rillaboom, L50, F|\n|poke|p2|Archaludon, L50, F|\n|teampreview|4\n|\n|t:|1732383814\n|start\n|switch|p1a: Dragonite|Dragonite, L50, M, shiny|100\/100\n|switch|p1b: MACHBACK|Archaludon, L50, F|100\/100\n|switch|p2a: \u94a2\u94a2\u7684\u9f99|Archaludon, L50, F|100\/100\n|switch|p2b: \u5976\u5976\u7684\u9f99|Dragonite, L50, F|100\/100\n|turn|1\n|\n|t:|1732383843\n|-terastallize|p2b: \u5976\u5976\u7684\u9f99|Fairy\n|-terastallize|p1a: Dragonite|Normal\n|move|p1a: Dragonite|Extreme Speed|p2b: \u5976\u5976\u7684\u9f99\n|-damage|p2b: \u5976\u5976\u7684\u9f99|75\/100\n|move|p2a: \u94a2\u94a2\u7684\u9f99|Electro Shot||[still]\n|-prepare|p2a: \u94a2\u94a2\u7684\u9f99|Electro Shot\n|-boost|p2a: \u94a2\u94a2\u7684\u9f99|spa|1\n|-enditem|p2a: \u94a2\u94a2\u7684\u9f99|Power Herb\n|-anim|p2a: \u94a2\u94a2\u7684\u9f99|Electro Shot|p1a: Dragonite\n|-damage|p1a: Dragonite|71\/100\n|move|p2b: \u5976\u5976\u7684\u9f99|Scale Shot|p1a: Dragonite|[miss]\n|-miss|p2b: \u5976\u5976\u7684\u9f99|p1a: Dragonite\n|move|p1b: MACHBACK|Flash Cannon|p2b: \u5976\u5976\u7684\u9f99\n|-supereffective|p2b: \u5976\u5976\u7684\u9f99\n|-damage|p2b: \u5976\u5976\u7684\u9f99|0 fnt\n|faint|p2b: \u5976\u5976\u7684\u9f99\n|\n|upkeep\n|\n|t:|1732383851\n|switch|p2b: \u8001\u8001\u7684\u8a79|Rillaboom, L50, F|100\/100\n|-fieldstart|move: Grassy Terrain|[from] ability: Grassy Surge|[of] p2b: \u8001\u8001\u7684\u8a79\n|turn|2\n|\n|t:|1732383876\n|move|p1a: Dragonite|Protect|p1a: Dragonite\n|-singleturn|p1a: Dragonite|Protect\n|move|p2b: \u8001\u8001\u7684\u8a79|Fake Out|p1b: MACHBACK\n|-resisted|p1b: MACHBACK\n|-damage|p1b: MACHBACK|96\/100\n|-ability|p1b: MACHBACK|Stamina|boost\n|-boost|p1b: MACHBACK|def|1\n|move|p2a: \u94a2\u94a2\u7684\u9f99|Thunderbolt|p1a: Dragonite\n|-activate|p1a: Dragonite|move: Protect\n|cant|p1b: MACHBACK|flinch\n|\n|-heal|p1a: Dragonite|77\/100|[from] Grassy Terrain\n|-heal|p1b: MACHBACK|100\/100|[from] Grassy Terrain\n|upkeep\n|turn|3\n|inactive|Battle timer is ON: inactive players will automatically lose when time's up. (requested by qiyeO.o)\n|\n|t:|1732383926\n|move|p2a: \u94a2\u94a2\u7684\u9f99|Protect|p2a: \u94a2\u94a2\u7684\u9f99\n|-singleturn|p2a: \u94a2\u94a2\u7684\u9f99|Protect\n|move|p1a: Dragonite|Extreme Speed|p2a: \u94a2\u94a2\u7684\u9f99\n|-activate|p2a: \u94a2\u94a2\u7684\u9f99|move: Protect\n|move|p2b: \u8001\u8001\u7684\u8a79|Wood Hammer|p1a: Dragonite\n|-damage|p1a: Dragonite|5\/100\n|-damage|p2b: \u8001\u8001\u7684\u8a79|79\/100|[from] Recoil\n|move|p1b: MACHBACK|Body Press|p2b: \u8001\u8001\u7684\u8a79\n|-damage|p2b: \u8001\u8001\u7684\u8a79|46\/100\n|\n|-heal|p2b: \u8001\u8001\u7684\u8a79|52\/100|[from] Grassy Terrain\n|-heal|p1a: Dragonite|11\/100|[from] Grassy Terrain\n|upkeep\n|turn|4\n|inactive|qiyeO.o has 30 seconds left.\n|inactive|qiyeO.o has 20 seconds left.\n|inactive|qiyeO.o has 15 seconds left.\n|inactive|qiyeO.o has 10 seconds left.\n|\n|t:|1732383974\n|move|p1a: Dragonite|Extreme Speed|p2a: \u94a2\u94a2\u7684\u9f99\n|-resisted|p2a: \u94a2\u94a2\u7684\u9f99\n|-damage|p2a: \u94a2\u94a2\u7684\u9f99|81\/100\n|move|p2b: \u8001\u8001\u7684\u8a79|Grassy Glide|p1a: Dragonite\n|-damage|p1a: Dragonite|0 fnt\n|faint|p1a: Dragonite\n|move|p2a: \u94a2\u94a2\u7684\u9f99|Thunderbolt|p1b: MACHBACK\n|-resisted|p1b: MACHBACK\n|-damage|p1b: MACHBACK|82\/100\n|-ability|p1b: MACHBACK|Stamina|boost\n|-boost|p1b: MACHBACK|def|1\n|move|p1b: MACHBACK|Draco Meteor|p2a: \u94a2\u94a2\u7684\u9f99\n|-damage|p2a: \u94a2\u94a2\u7684\u9f99|0 fnt\n|-unboost|p1b: MACHBACK|spa|2\n|faint|p2a: \u94a2\u94a2\u7684\u9f99\n|\n|-heal|p2b: \u8001\u8001\u7684\u8a79|58\/100|[from] Grassy Terrain\n|-heal|p1b: MACHBACK|88\/100|[from] Grassy Terrain\n|upkeep\n|\n|t:|1732383994\n|switch|p2a: \u5927\u5927\u7684\u5c06|Kingambit, L50, F|100\/100\n|switch|p1a: Slim Shady|Sneasler, L50, F|100\/100\n|-enditem|p1a: Slim Shady|Grassy Seed\n|-boost|p1a: Slim Shady|def|1|[from] item: Grassy Seed\n|turn|5\n|-message|qiyeO.o forfeited.\n|\n|win|testy accounty 2\n|raw|testy accounty 2's rating: 1748 &rarr; <strong>1773<\/strong><br \/>(+25 for winning)\n|raw|qiyeO.o's rating: 1837 &rarr; <strong>1812<\/strong><br \/>(-25 for losing)\n|l|\u2606qiyeO.o\n|player|p2|\n|l|\u2606testy accounty 2\n|player|p1|\n","uploadtime":1732384212,"views":9,"formatid":"gen9vgc2024regh","rating":1773,"private":0,"password":null}