{"id":"gen9vgc2024regh-2249651546","format":"[Gen 9] VGC 2024 Reg H","players":["Djjwjwwjj","papixe"],"log":"|j|\u2606Djjwjwwjj\n|j|\u2606papixe\n|t:|1732382182\n|gametype|doubles\n|player|p1|Djjwjwwjj|170|1744\n|player|p2|papixe|170|1712\n|teamsize|p1|6\n|teamsize|p2|6\n|gen|9\n|tier|[Gen 9] VGC 2024 Reg H\n|rated|\n|rule|Species Clause: Limit one of each Pok\u00e9mon\n|rule|Item Clause: Limit 1 of each item\n|clearpoke\n|poke|p1|Pelipper, L50, M|\n|poke|p1|Incineroar, L50, M|\n|poke|p1|Palafin, L50, F|\n|poke|p1|Archaludon, L50, F|\n|poke|p1|Amoonguss, L50, F|\n|poke|p1|Farigiraf, L50, M|\n|poke|p2|Charizard, L50, F|\n|poke|p2|Ninetales, L50, F|\n|poke|p2|Dragonite, L50, F|\n|poke|p2|Gengar, L50, F|\n|poke|p2|Clefairy, L50, F|\n|poke|p2|Gyarados, L50, F|\n|teampreview|4\n|inactive|Battle timer is ON: inactive players will automatically lose when time's up. (requested by Djjwjwwjj)\n|\n|t:|1732382204\n|start\n|switch|p1a: Incineroar|Incineroar, L50, M|100\/100\n|switch|p1b: Amoonguss|Amoonguss, L50, F|100\/100\n|switch|p2a: Gyarados|Gyarados, L50, F, shiny|100\/100\n|switch|p2b: Gengar|Gengar, L50, F, shiny|100\/100\n|-ability|p1a: Incineroar|Intimidate|boost\n|-unboost|p2a: Gyarados|atk|1\n|-unboost|p2b: Gengar|atk|1\n|-ability|p2a: Gyarados|Intimidate|boost\n|-unboost|p1a: Incineroar|atk|1\n|-unboost|p1b: Amoonguss|atk|1\n|turn|1\n|inactive|Djjwjwwjj has 30 seconds left.\n|inactive|papixe has 30 seconds left.\n|\n|t:|1732382235\n|switch|p2a: Ninetales|Ninetales, L50, F, shiny|100\/100\n|-weather|SunnyDay|[from] ability: Drought|[of] p2a: Ninetales\n|move|p1b: Amoonguss|Protect|p1b: Amoonguss\n|-singleturn|p1b: Amoonguss|Protect\n|move|p2b: Gengar|Sludge Bomb|p1b: Amoonguss\n|-activate|p1b: Amoonguss|move: Protect\n|move|p1a: Incineroar|Knock Off|p2b: Gengar\n|-supereffective|p2b: Gengar\n|-damage|p2b: Gengar|8\/100\n|-start|p1a: Incineroar|Disable|Knock Off|[from] ability: Cursed Body|[of] p2b: Gengar\n|-enditem|p2b: Gengar|Focus Sash|[from] move: Knock Off|[of] p1a: Incineroar\n|\n|-weather|SunnyDay|[upkeep]\n|upkeep\n|turn|2\n|inactive|Djjwjwwjj has 30 seconds left.\n|inactive|papixe has 30 seconds left.\n|\n|t:|1732382264\n|switch|p1b: Pelipper|Pelipper, L50, M|100\/100\n|-weather|RainDance|[from] ability: Drizzle|[of] p1b: Pelipper\n|move|p2b: Gengar|Sludge Bomb|p1b: Pelipper\n|-damage|p1b: Pelipper|3\/100\n|move|p2a: Ninetales|Encore|p1a: Incineroar\n|-start|p1a: Incineroar|Encore\n|cant|p1a: Incineroar|Disable|Knock Off\n|\n|-weather|RainDance|[upkeep]\n|upkeep\n|turn|3\n|j| bluestraggler02\n|\n|t:|1732382288\n|switch|p1a: Archaludon|Archaludon, L50, F|100\/100\n|move|p1b: Pelipper|U-turn|p2a: Ninetales\n|-resisted|p2a: Ninetales\n|-damage|p2a: Ninetales|96\/100\n|\n|t:|1732382295\n|switch|p1b: Incineroar|Incineroar, L50, M|100\/100|[from] U-turn\n|-ability|p1b: Incineroar|Intimidate|boost\n|-unboost|p2a: Ninetales|atk|1\n|-unboost|p2b: Gengar|atk|1\n|move|p2b: Gengar|Shadow Ball|p1a: Archaludon\n|-damage|p1a: Archaludon|70\/100\n|-ability|p1a: Archaludon|Stamina|boost\n|-boost|p1a: Archaludon|def|1\n|move|p2a: Ninetales|Snarl|p1b: Incineroar|[spread] p1a,p1b\n|-resisted|p1b: Incineroar\n|-damage|p1a: Archaludon|64\/100\n|-damage|p1b: Incineroar|97\/100\n|-unboost|p1a: Archaludon|spa|1\n|-unboost|p1b: Incineroar|spa|1\n|-ability|p1a: Archaludon|Stamina|boost\n|-boost|p1a: Archaludon|def|1\n|\n|-weather|RainDance|[upkeep]\n|upkeep\n|turn|4\n|j| Therazer456\n|inactive|papixe has 30 seconds left.\n|\n|t:|1732382329\n|switch|p2a: Gyarados|Gyarados, L50, F, shiny|100\/100\n|-ability|p2a: Gyarados|Intimidate|boost\n|-unboost|p1a: Archaludon|atk|1\n|-unboost|p1b: Incineroar|atk|1\n|-terastallize|p2b: Gengar|Fighting\n|move|p2b: Gengar|Tera Blast|p1a: Archaludon|[anim] Tera Blast Fighting\n|-supereffective|p1a: Archaludon\n|-damage|p1a: Archaludon|3\/100\n|-ability|p1a: Archaludon|Stamina|boost\n|-boost|p1a: Archaludon|def|1\n|move|p1a: Archaludon|Electro Shot||[still]\n|-prepare|p1a: Archaludon|Electro Shot\n|-boost|p1a: Archaludon|spa|1\n|-anim|p1a: Archaludon|Electro Shot|p2a: Gyarados\n|-supereffective|p2a: Gyarados\n|-damage|p2a: Gyarados|0 fnt\n|faint|p2a: Gyarados\n|move|p1b: Incineroar|Knock Off|p2b: Gengar\n|-resisted|p2b: Gengar\n|-damage|p2b: Gengar|0 fnt\n|faint|p2b: Gengar\n|\n|-weather|RainDance|[upkeep]\n|upkeep\n|\n|t:|1732382352\n|switch|p2b: Clefairy|Clefairy, L50, F, shiny|100\/100\n|switch|p2a: Ninetales|Ninetales, L50, F, shiny|96\/100\n|-weather|SunnyDay|[from] ability: Drought|[of] p2a: Ninetales\n|turn|5\n|\n|t:|1732382367\n|switch|p1a: Pelipper|Pelipper, L50, M|3\/100\n|-weather|RainDance|[from] ability: Drizzle|[of] p1a: Pelipper\n|move|p2a: Ninetales|Heat Wave|p1a: Pelipper|[spread] p1a,p1b\n|-resisted|p1a: Pelipper\n|-resisted|p1b: Incineroar\n|-damage|p1a: Pelipper|0 fnt\n|-damage|p1b: Incineroar|93\/100\n|faint|p1a: Pelipper\n|move|p1b: Incineroar|Knock Off|p2b: Clefairy\n|-resisted|p2b: Clefairy\n|-damage|p2b: Clefairy|89\/100\n|-enditem|p2b: Clefairy|Eviolite|[from] move: Knock Off|[of] p1b: Incineroar\n|move|p2b: Clefairy|Charm|p1b: Incineroar\n|-unboost|p1b: Incineroar|atk|2\n|\n|-weather|RainDance|[upkeep]\n|upkeep\n|\n|t:|1732382385\n|switch|p1a: Amoonguss|Amoonguss, L50, F|100\/100\n|turn|6\n|\n|t:|1732382406\n|switch|p1b: Archaludon|Archaludon, L50, F|3\/100\n|-terastallize|p1a: Amoonguss|Normal\n|move|p2b: Clefairy|Follow Me|p2b: Clefairy\n|-singleturn|p2b: Clefairy|move: Follow Me\n|move|p2a: Ninetales|Will-O-Wisp|p2b: Clefairy\n|-status|p2b: Clefairy|brn\n|move|p1a: Amoonguss|Sludge Bomb|p2b: Clefairy\n|-supereffective|p2b: Clefairy\n|-damage|p2b: Clefairy|22\/100 brn\n|\n|-weather|RainDance|[upkeep]\n|-damage|p2b: Clefairy|16\/100 brn|[from] brn\n|upkeep\n|turn|7\n|inactive|Djjwjwwjj has 30 seconds left.\n|inactive|papixe has 30 seconds left.\n|l| bluestraggler02\n|\n|t:|1732382440\n|move|p2b: Clefairy|Helping Hand|p2a: Ninetales\n|-singleturn|p2a: Ninetales|Helping Hand|[of] p2b: Clefairy\n|move|p1b: Archaludon|Electro Shot||[still]\n|-prepare|p1b: Archaludon|Electro Shot\n|-boost|p1b: Archaludon|spa|1\n|-anim|p1b: Archaludon|Electro Shot|p2a: Ninetales\n|-damage|p2a: Ninetales|62\/100\n|move|p2a: Ninetales|Snarl|p1a: Amoonguss|[spread] p1a,p1b\n|-damage|p1a: Amoonguss|91\/100\n|-damage|p1b: Archaludon|0 fnt\n|-unboost|p1a: Amoonguss|spa|1\n|faint|p1b: Archaludon\n|move|p1a: Amoonguss|Sludge Bomb|p2a: Ninetales\n|-damage|p2a: Ninetales|50\/100\n|-enditem|p2a: Ninetales|Sitrus Berry|[eat]\n|-heal|p2a: Ninetales|75\/100|[from] item: Sitrus Berry\n|\n|-weather|RainDance|[upkeep]\n|-damage|p2b: Clefairy|10\/100 brn|[from] brn\n|upkeep\n|\n|t:|1732382461\n|switch|p1b: Incineroar|Incineroar, L50, M|93\/100\n|-ability|p1b: Incineroar|Intimidate|boost\n|-unboost|p2a: Ninetales|atk|1\n|-unboost|p2b: Clefairy|atk|1\n|turn|8\n|\n|t:|1732382472\n|move|p2b: Clefairy|Follow Me|p2b: Clefairy\n|-singleturn|p2b: Clefairy|move: Follow Me\n|move|p2a: Ninetales|Snarl|p1b: Incineroar|[spread] p1a,p1b\n|-resisted|p1b: Incineroar\n|-damage|p1a: Amoonguss|85\/100\n|-damage|p1b: Incineroar|89\/100\n|-unboost|p1a: Amoonguss|spa|1\n|-unboost|p1b: Incineroar|spa|1\n|move|p1b: Incineroar|Knock Off|p2b: Clefairy\n|-resisted|p2b: Clefairy\n|-damage|p2b: Clefairy|0 fnt\n|faint|p2b: Clefairy\n|move|p1a: Amoonguss|Sludge Bomb|p2a: Ninetales\n|-damage|p2a: Ninetales|63\/100\n|-status|p2a: Ninetales|psn\n|\n|-weather|RainDance|[upkeep]\n|-damage|p2a: Ninetales|50\/100 psn|[from] psn\n|upkeep\n|turn|9\n|j| bluestraggler02\n|\n|t:|1732382490\n|move|p2a: Ninetales|Heat Wave|p1b: Incineroar|[spread] p1a,p1b\n|-resisted|p1b: Incineroar\n|-damage|p1a: Amoonguss|77\/100\n|-damage|p1b: Incineroar|85\/100\n|move|p1b: Incineroar|Knock Off|p2a: Ninetales\n|-damage|p2a: Ninetales|25\/100 psn\n|move|p1a: Amoonguss|Sludge Bomb|p2a: Ninetales\n|-damage|p2a: Ninetales|11\/100 psn\n|\n|-weather|none\n|-damage|p2a: Ninetales|0 fnt|[from] psn\n|faint|p2a: Ninetales\n|\n|win|Djjwjwwjj\n|upkeep\n|raw|Djjwjwwjj's rating: 1744 &rarr; <strong>1762<\/strong><br \/>(+18 for winning)\n|raw|papixe's rating: 1712 &rarr; <strong>1694<\/strong><br \/>(-18 for losing)\n|l| Therazer456\n|l|\u2606Djjwjwwjj\n|player|p1|\n|l|\u2606papixe\n|player|p2|\n|l| bluestraggler02\n","uploadtime":1732382637,"views":13,"formatid":"gen9vgc2024regh","rating":1694,"private":0,"password":null}