{"id":"gen9vgc2024regh-2249216822","format":"[Gen 9] VGC 2024 Reg H","players":["infinitygroudon","chappell murkroan"],"log":"|j|\u2606infinitygroudon\n|j|\u2606chappell murkroan\n|t:|1732312024\n|gametype|doubles\n|player|p1|infinitygroudon|1|1702\n|player|p2|chappell murkroan|caitlin|1786\n|teamsize|p1|6\n|teamsize|p2|6\n|gen|9\n|tier|[Gen 9] VGC 2024 Reg H\n|rated|\n|rule|Species Clause: Limit one of each Pok\u00e9mon\n|rule|Item Clause: Limit 1 of each item\n|clearpoke\n|poke|p1|Krookodile, L50, M|\n|poke|p1|Clefairy, L50, F|\n|poke|p1|Smeargle, L50, M|\n|poke|p1|Flamigo, L50, F|\n|poke|p1|Dragonite, L50, F|\n|poke|p1|Dragapult, L50, M|\n|poke|p2|Basculegion, L50, M|\n|poke|p2|Sneasler, L50, F|\n|poke|p2|Gholdengo, L50|\n|poke|p2|Archaludon, L50, M|\n|poke|p2|Pelipper, L50, M|\n|poke|p2|Amoonguss, L50, F|\n|teampreview|4\n|inactive|Battle timer is ON: inactive players will automatically lose when time's up. (requested by chappell murkroan)\n|inactive|chappell murkroan has 60 seconds left.\n|inactive|chappell murkroan has 30 seconds left.\n|\n|t:|1732312085\n|start\n|switch|p1a: Moonwater|Clefairy, L50, F|100\/100\n|switch|p1b: Los Dardos|Dragapult, L50, M|100\/100\n|switch|p2a: Basculegion|Basculegion, L50, M|100\/100\n|switch|p2b: Pelipper|Pelipper, L50, M|100\/100\n|-weather|RainDance|[from] ability: Drizzle|[of] p2b: Pelipper\n|turn|1\n|\n|t:|1732312093\n|-terastallize|p1b: Los Dardos|Dragon\n|move|p1a: Moonwater|Protect|p1a: Moonwater\n|-singleturn|p1a: Moonwater|Protect\n|move|p2a: Basculegion|Flip Turn|p1a: Moonwater\n|-activate|p1a: Moonwater|move: Protect\n|move|p1b: Los Dardos|Dragon Darts|p2a: Basculegion\n|-damage|p2a: Basculegion|40\/100\n|-anim|p1b: Los Dardos|Dragon Darts|p2b: Pelipper\n|-damage|p2b: Pelipper|51\/100\n|move|p2b: Pelipper|Weather Ball|p1a: Moonwater\n|-activate|p1a: Moonwater|move: Protect\n|\n|-weather|RainDance|[upkeep]\n|upkeep\n|turn|2\n|\n|t:|1732312107\n|move|p1a: Moonwater|Helping Hand|p1b: Los Dardos\n|-singleturn|p1b: Los Dardos|Helping Hand|[of] p1a: Moonwater\n|move|p2a: Basculegion|Flip Turn|p1a: Moonwater\n|-damage|p1a: Moonwater|51\/100\n|\n|t:|1732312113\n|switch|p2a: Gholdengo|Gholdengo, L50|100\/100|[from] Flip Turn\n|move|p1b: Los Dardos|Dragon Darts|p2a: Gholdengo\n|-resisted|p2a: Gholdengo\n|-damage|p2a: Gholdengo|59\/100\n|-anim|p1b: Los Dardos|Dragon Darts|p2b: Pelipper\n|-damage|p2b: Pelipper|0 fnt\n|faint|p2b: Pelipper\n|\n|-weather|RainDance|[upkeep]\n|upkeep\n|\n|t:|1732312119\n|switch|p2b: Sneasler|Sneasler, L50, F|100\/100\n|turn|3\n|\n|t:|1732312131\n|move|p1a: Moonwater|Protect|p1a: Moonwater\n|-singleturn|p1a: Moonwater|Protect\n|move|p2b: Sneasler|Fake Out|p1b: Los Dardos\n|-damage|p1b: Los Dardos|87\/100\n|cant|p1b: Los Dardos|flinch\n|move|p2a: Gholdengo|Nasty Plot|p2a: Gholdengo\n|-boost|p2a: Gholdengo|spa|2\n|\n|-weather|RainDance|[upkeep]\n|upkeep\n|turn|4\n|\n|t:|1732312150\n|switch|p1b: Ramses|Krookodile, L50, M, shiny|100\/100\n|move|p2b: Sneasler|Dire Claw|p1a: Moonwater\n|-supereffective|p1a: Moonwater\n|-damage|p1a: Moonwater|0 fnt\n|faint|p1a: Moonwater\n|move|p2a: Gholdengo|Shadow Ball|p1b: Ramses\n|-resisted|p1b: Ramses\n|-damage|p1b: Ramses|30\/100\n|-damage|p2a: Gholdengo|50\/100|[from] item: Life Orb\n|\n|-weather|RainDance|[upkeep]\n|upkeep\n|\n|t:|1732312158\n|switch|p1a: Los Dardos|Dragapult, L50, M, tera:Dragon|87\/100\n|turn|5\n|\n|t:|1732312171\n|move|p1a: Los Dardos|Dragon Darts|p2b: Sneasler\n|-damage|p2b: Sneasler|9\/100\n|-anim|p1a: Los Dardos|Dragon Darts|p2a: Gholdengo\n|-resisted|p2a: Gholdengo\n|-damage|p2a: Gholdengo|20\/100\n|move|p2b: Sneasler|Close Combat|p1b: Ramses\n|-supereffective|p1b: Ramses\n|-damage|p1b: Ramses|0 fnt\n|-unboost|p2b: Sneasler|def|1\n|-unboost|p2b: Sneasler|spd|1\n|faint|p1b: Ramses\n|move|p2a: Gholdengo|Shadow Ball|p1a: Los Dardos\n|-damage|p1a: Los Dardos|0 fnt\n|faint|p1a: Los Dardos\n|-damage|p2a: Gholdengo|10\/100|[from] item: Life Orb\n|\n|-weather|none\n|upkeep\n|\n|t:|1732312178\n|switch|p1b: Chardonnay|Flamigo, L50, F, shiny|100\/100\n|turn|6\n|j| Gambit the king\n|\n|t:|1732312186\n|move|p2b: Sneasler|Dire Claw|p1b: Chardonnay\n|-damage|p1b: Chardonnay|49\/100\n|move|p1b: Chardonnay|Brave Bird|p2a: Gholdengo\n|-resisted|p2a: Gholdengo\n|-damage|p2a: Gholdengo|0 fnt\n|faint|p2a: Gholdengo\n|-damage|p1b: Chardonnay|46\/100|[from] Recoil\n|\n|upkeep\n|\n|t:|1732312191\n|switch|p2a: Basculegion|Basculegion, L50, M|40\/100\n|turn|7\n|-message|infinitygroudon forfeited.\n|\n|win|chappell murkroan\n|raw|infinitygroudon's rating: 1702 &rarr; <strong>1687<\/strong><br \/>(-15 for losing)\n|raw|chappell murkroan's rating: 1786 &rarr; <strong>1801<\/strong><br \/>(+15 for winning)\n|l|\u2606infinitygroudon\n|player|p1|\n|l|\u2606chappell murkroan\n|player|p2|\n|l| Gambit the king\n","uploadtime":1732312430,"views":15,"formatid":"gen9vgc2024regh","rating":1687,"private":0,"password":null}