{"id":"gen9vgc2024regh-2249781121","format":"[Gen 9] VGC 2024 Reg H","players":["Cammyrupt14","VGCLTH Oinge"],"log":"|j|\u2606Cammyrupt14\n|j|\u2606VGCLTH Oinge\n|t:|1732398524\n|gametype|doubles\n|player|p1|Cammyrupt14|ballguy|1669\n|player|p2|VGCLTH Oinge|mars|1702\n|teamsize|p1|6\n|teamsize|p2|6\n|gen|9\n|tier|[Gen 9] VGC 2024 Reg H\n|rated|\n|rule|Species Clause: Limit one of each Pok\u00e9mon\n|rule|Item Clause: Limit 1 of each item\n|clearpoke\n|poke|p1|Archaludon, L50, F|\n|poke|p1|Ursaluna, L50, M|\n|poke|p1|Primarina, L50, F|\n|poke|p1|Vivillon-Icy Snow, L50, M|\n|poke|p1|Incineroar, L50, M|\n|poke|p1|Porygon2, L50|\n|poke|p2|Armarouge, L50, F|\n|poke|p2|Indeedee-F, L50, F|\n|poke|p2|Dragapult, L50, M|\n|poke|p2|Sneasler, L50, M|\n|poke|p2|Whimsicott, L50, F|\n|poke|p2|Annihilape, L50, F|\n|teampreview|4\n|inactive|Battle timer is ON: inactive players will automatically lose when time's up. (requested by VGCLTH Oinge)\n|\n|t:|1732398588\n|start\n|switch|p1a: Porygon2|Porygon2, L50|100\/100\n|switch|p1b: Vivillon|Vivillon-Icy Snow, L50, M|100\/100\n|switch|p2a: Whimsicott|Whimsicott, L50, F|100\/100\n|switch|p2b: Annihilape|Annihilape, L50, F|100\/100\n|-ability|p1a: Porygon2|Download|boost\n|-boost|p1a: Porygon2|spa|1\n|turn|1\n|inactive|Cammyrupt14 has 30 seconds left.\n|\n|t:|1732398613\n|move|p2b: Annihilape|Protect|p2b: Annihilape\n|-singleturn|p2b: Annihilape|Protect\n|move|p2a: Whimsicott|Moonblast|p1b: Vivillon\n|-damage|p1b: Vivillon|36\/100\n|-unboost|p1b: Vivillon|spa|1\n|move|p1b: Vivillon|Sleep Powder|p2b: Annihilape\n|-activate|p2b: Annihilape|move: Protect\n|move|p1a: Porygon2|Trick Room|p1a: Porygon2\n|-fieldstart|move: Trick Room|[of] p1a: Porygon2\n|\n|upkeep\n|turn|2\n|inactive|VGCLTH Oinge has 30 seconds left.\n|\n|t:|1732398640\n|switch|p1b: Ursaluna|Ursaluna, L50, M|100\/100\n|move|p2a: Whimsicott|Worry Seed|p2b: Annihilape\n|-endability|p2b: Annihilape|Defiant|[from] move: Worry Seed\n|-ability|p2b: Annihilape|Insomnia|[from] move: Worry Seed\n|move|p1a: Porygon2|Ice Beam|p2a: Whimsicott\n|-supereffective|p2a: Whimsicott\n|-enditem|p2a: Whimsicott|Focus Sash\n|-damage|p2a: Whimsicott|1\/100\n|move|p2b: Annihilape|Rage Fist|p1b: Ursaluna\n|-immune|p1b: Ursaluna\n|\n|-status|p1b: Ursaluna|brn|[from] item: Flame Orb\n|upkeep\n|turn|3\n|\n|t:|1732398653\n|move|p2a: Whimsicott|Worry Seed|p1b: Ursaluna\n|-endability|p1b: Ursaluna|Guts|[from] move: Worry Seed\n|-ability|p1b: Ursaluna|Insomnia|[from] move: Worry Seed\n|move|p1b: Ursaluna|Headlong Rush|p2b: Annihilape\n|-damage|p2b: Annihilape|58\/100\n|-unboost|p1b: Ursaluna|def|1\n|-unboost|p1b: Ursaluna|spd|1\n|move|p1a: Porygon2|Ice Beam|p2a: Whimsicott\n|-supereffective|p2a: Whimsicott\n|-damage|p2a: Whimsicott|0 fnt\n|faint|p2a: Whimsicott\n|move|p2b: Annihilape|Bulk Up|p2b: Annihilape\n|-boost|p2b: Annihilape|atk|1\n|-boost|p2b: Annihilape|def|1\n|\n|-heal|p2b: Annihilape|65\/100|[from] item: Leftovers\n|-damage|p1b: Ursaluna|95\/100 brn|[from] brn\n|upkeep\n|\n|t:|1732398671\n|switch|p2a: Armarouge|Armarouge, L50, F|100\/100\n|turn|4\n|\n|t:|1732398699\n|switch|p1b: Incineroar|Incineroar, L50, M|100\/100\n|-ability|p1b: Incineroar|Intimidate|boost\n|-unboost|p2a: Armarouge|atk|1\n|-unboost|p2b: Annihilape|atk|1\n|-terastallize|p1a: Porygon2|Ground\n|move|p2b: Annihilape|Protect|p2b: Annihilape\n|-singleturn|p2b: Annihilape|Protect\n|move|p1a: Porygon2|Tera Blast|p2a: Armarouge|[anim] Tera Blast Ground\n|-supereffective|p2a: Armarouge\n|-damage|p2a: Armarouge|0 fnt\n|faint|p2a: Armarouge\n|\n|-heal|p2b: Annihilape|71\/100|[from] item: Leftovers\n|upkeep\n|\n|t:|1732398710\n|switch|p2a: Sneasler|Sneasler, L50, M|100\/100\n|turn|5\n|inactive|Cammyrupt14 has 30 seconds left.\n|\n|t:|1732398737\n|-terastallize|p2a: Sneasler|Dark\n|move|p1a: Porygon2|Tera Blast|p2a: Sneasler|[anim] Tera Blast Ground\n|-damage|p2a: Sneasler|26\/100\n|move|p1b: Incineroar|U-turn|p2a: Sneasler\n|-supereffective|p2a: Sneasler\n|-damage|p2a: Sneasler|0 fnt\n|faint|p2a: Sneasler\n|\n|t:|1732398746\n|switch|p1b: Vivillon|Vivillon-Icy Snow, L50, M|36\/100|[from] U-turn\n|move|p2b: Annihilape|Bulk Up|p2b: Annihilape\n|-boost|p2b: Annihilape|atk|1\n|-boost|p2b: Annihilape|def|1\n|\n|-heal|p2b: Annihilape|77\/100|[from] item: Leftovers\n|-fieldend|move: Trick Room\n|upkeep\n|turn|6\n|\n|t:|1732398756\n|move|p2b: Annihilape|Rage Fist|p1b: Vivillon\n|-damage|p1b: Vivillon|0 fnt\n|faint|p1b: Vivillon\n|move|p1a: Porygon2|Trick Room|p1a: Porygon2\n|-fieldstart|move: Trick Room|[of] p1a: Porygon2\n|\n|-heal|p2b: Annihilape|83\/100|[from] item: Leftovers\n|upkeep\n|\n|t:|1732398760\n|switch|p1b: Incineroar|Incineroar, L50, M|100\/100\n|-ability|p1b: Incineroar|Intimidate|boost\n|-unboost|p2b: Annihilape|atk|1\n|turn|7\n|\n|t:|1732398767\n|move|p1a: Porygon2|Tera Blast|p2b: Annihilape|[anim] Tera Blast Ground\n|-damage|p2b: Annihilape|22\/100\n|move|p1b: Incineroar|Knock Off|p2b: Annihilape\n|-damage|p2b: Annihilape|0 fnt\n|-enditem|p2b: Annihilape|Leftovers|[from] move: Knock Off|[of] p1b: Incineroar\n|faint|p2b: Annihilape\n|\n|win|Cammyrupt14\n|raw|Cammyrupt14's rating: 1669 &rarr; <strong>1691<\/strong><br \/>(+22 for winning)\n|raw|VGCLTH Oinge's rating: 1702 &rarr; <strong>1680<\/strong><br \/>(-22 for losing)\n|j| zester\n|l| zester\n|l|\u2606VGCLTH Oinge\n|player|p2|\n","uploadtime":1732398822,"views":19,"formatid":"gen9vgc2024regh","rating":1680,"private":0,"password":null}