{"id":"gen9vgc2024regh-2249824195","format":"[Gen 9] VGC 2024 Reg H","players":["actuary97","Nivles"],"log":"|j|\u2606actuary97\n|j|\u2606Nivles\n|t:|1732403951\n|gametype|doubles\n|player|p1|actuary97|sabrina-frlg|1705\n|player|p2|Nivles|169|1698\n|teamsize|p1|6\n|teamsize|p2|6\n|gen|9\n|tier|[Gen 9] VGC 2024 Reg H\n|rated|\n|rule|Species Clause: Limit one of each Pok\u00e9mon\n|rule|Item Clause: Limit 1 of each item\n|clearpoke\n|poke|p1|Whimsicott, L50, F|\n|poke|p1|Gallade, L50, M|\n|poke|p1|Archaludon, L50, F|\n|poke|p1|Malamar, L50, F|\n|poke|p1|Indeedee, L50, M|\n|poke|p1|Drifblim, L50, M|\n|poke|p2|Sneasler, L50, M|\n|poke|p2|Ursaluna-Bloodmoon, L50, M|\n|poke|p2|Incineroar, L50, F|\n|poke|p2|Gholdengo, L50|\n|poke|p2|Rillaboom, L50, M|\n|poke|p2|Dragonite, L50, M|\n|teampreview|4\nactuary97 has agreed to open team sheets.\n|\n|t:|1732403986\n|start\n|switch|p1a: Tapu Deedee|Indeedee, L50, M, shiny|100\/100\n|switch|p1b: \ud83c\udf88\ud83d\udc7b\ud83c\udf83\ud83d\udc7b\ud83c\udf83\ud83c\udf88|Drifblim, L50, M|100\/100\n|switch|p2a: Gholdengo|Gholdengo, L50, shiny|100\/100\n|switch|p2b: Sneasler|Sneasler, L50, M, shiny|100\/100\n|-fieldstart|move: Psychic Terrain|[from] ability: Psychic Surge|[of] p1a: Tapu Deedee\n|-enditem|p1b: \ud83c\udf88\ud83d\udc7b\ud83c\udf83\ud83d\udc7b\ud83c\udf83\ud83c\udf88|Psychic Seed\n|-boost|p1b: \ud83c\udf88\ud83d\udc7b\ud83c\udf83\ud83d\udc7b\ud83c\udf83\ud83c\udf88|spd|1|[from] item: Psychic Seed\n|turn|1\n|inactive|Battle timer is ON: inactive players will automatically lose when time's up. (requested by Nivles)\n|inactive|Nivles has 60 seconds left.\n|\n|t:|1732404017\n|switch|p2b: Rillaboom|Rillaboom, L50, M, shiny|100\/100\n|-fieldstart|move: Grassy Terrain|[from] ability: Grassy Surge|[of] p2b: Rillaboom\n|move|p1b: \ud83c\udf88\ud83d\udc7b\ud83c\udf83\ud83d\udc7b\ud83c\udf83\ud83c\udf88|Icy Wind|p2b: Rillaboom|[spread] p2a,p2b\n|-resisted|p2a: Gholdengo\n|-supereffective|p2b: Rillaboom\n|-damage|p2a: Gholdengo|96\/100\n|-damage|p2b: Rillaboom|88\/100\n|-unboost|p2a: Gholdengo|spe|1\n|-unboost|p2b: Rillaboom|spe|1\n|move|p1a: Tapu Deedee|Expanding Force|p2b: Rillaboom\n|-damage|p2b: Rillaboom|43\/100\n|move|p2a: Gholdengo|Nasty Plot|p2a: Gholdengo\n|-boost|p2a: Gholdengo|spa|2\n|\n|-heal|p2a: Gholdengo|100\/100|[from] Grassy Terrain\n|-heal|p2b: Rillaboom|49\/100|[from] Grassy Terrain\n|upkeep\n|turn|2\n|\n|t:|1732404042\n|switch|p1a: Malamother|Malamar, L50, F|100\/100\n|move|p2b: Rillaboom|Fake Out|p1a: Malamother\n|-damage|p1a: Malamother|87\/100\n|move|p1b: \ud83c\udf88\ud83d\udc7b\ud83c\udf83\ud83d\udc7b\ud83c\udf83\ud83c\udf88|Will-O-Wisp|p2b: Rillaboom\n|-status|p2b: Rillaboom|brn\n|move|p2a: Gholdengo|Make It Rain|p1b: \ud83c\udf88\ud83d\udc7b\ud83c\udf83\ud83d\udc7b\ud83c\udf83\ud83c\udf88|[spread] p1a,p1b\n|-damage|p1a: Malamother|0 fnt\n|-damage|p1b: \ud83c\udf88\ud83d\udc7b\ud83c\udf83\ud83d\udc7b\ud83c\udf83\ud83c\udf88|12\/100\n|-unboost|p2a: Gholdengo|spa|1\n|faint|p1a: Malamother\n|-damage|p2a: Gholdengo|91\/100|[from] item: Life Orb\n|\n|-heal|p2a: Gholdengo|97\/100|[from] Grassy Terrain\n|-heal|p2b: Rillaboom|55\/100 brn|[from] Grassy Terrain\n|-damage|p2b: Rillaboom|49\/100 brn|[from] brn\n|upkeep\n|\n|t:|1732404049\n|switch|p1a: Tapu Deedee|Indeedee, L50, M, shiny|100\/100\n|-fieldstart|move: Psychic Terrain|[from] ability: Psychic Surge|[of] p1a: Tapu Deedee\n|turn|3\n|inactive|Nivles has 30 seconds left.\n|\n|t:|1732404078\n|switch|p2b: Sneasler|Sneasler, L50, M, shiny|100\/100\n|-terastallize|p1a: Tapu Deedee|Fire\n|move|p1b: \ud83c\udf88\ud83d\udc7b\ud83c\udf83\ud83d\udc7b\ud83c\udf83\ud83c\udf88|Strength Sap|p2b: Sneasler\n|-unboost|p2b: Sneasler|atk|1\n|-heal|p1b: \ud83c\udf88\ud83d\udc7b\ud83c\udf83\ud83d\udc7b\ud83c\udf83\ud83c\udf88|93\/100\n|move|p1a: Tapu Deedee|Tera Blast|p2a: Gholdengo|[anim] Tera Blast Fire\n|-supereffective|p2a: Gholdengo\n|-damage|p2a: Gholdengo|0 fnt\n|faint|p2a: Gholdengo\n|\n|upkeep\n|\n|t:|1732404090\n|switch|p2a: Rillaboom|Rillaboom, L50, M, shiny|49\/100 brn\n|-fieldstart|move: Grassy Terrain|[from] ability: Grassy Surge|[of] p2a: Rillaboom\n|turn|4\n|\n|t:|1732404105\n|move|p1b: \ud83c\udf88\ud83d\udc7b\ud83c\udf83\ud83d\udc7b\ud83c\udf83\ud83c\udf88|Will-O-Wisp|p2b: Sneasler\n|-status|p2b: Sneasler|brn\n|move|p2b: Sneasler|Dire Claw|p1a: Tapu Deedee\n|-damage|p1a: Tapu Deedee|73\/100\n|-status|p1a: Tapu Deedee|psn\n|move|p1a: Tapu Deedee|Tera Blast|p2a: Rillaboom|[anim] Tera Blast Fire\n|-supereffective|p2a: Rillaboom\n|-damage|p2a: Rillaboom|0 fnt\n|faint|p2a: Rillaboom\n|\n|-heal|p1a: Tapu Deedee|79\/100 psn|[from] Grassy Terrain\n|-damage|p1a: Tapu Deedee|67\/100 psn|[from] psn\n|-damage|p2b: Sneasler|95\/100 brn|[from] brn\n|upkeep\n|\n|t:|1732404118\n|switch|p2a: Dragonite|Dragonite, L50, M, shiny|100\/100\n|turn|5\n|\n|t:|1732404130\n|switch|p1a: \u2694\ufe0fKing\u2694\ufe0f|Gallade, L50, M, shiny|100\/100\n|move|p2a: Dragonite|Protect|p2a: Dragonite\n|-singleturn|p2a: Dragonite|Protect\n|move|p1b: \ud83c\udf88\ud83d\udc7b\ud83c\udf83\ud83d\udc7b\ud83c\udf83\ud83c\udf88|Will-O-Wisp|p2a: Dragonite\n|-activate|p2a: Dragonite|move: Protect\n|move|p2b: Sneasler|Dire Claw|p1b: \ud83c\udf88\ud83d\udc7b\ud83c\udf83\ud83d\udc7b\ud83c\udf83\ud83c\udf88\n|-resisted|p1b: \ud83c\udf88\ud83d\udc7b\ud83c\udf83\ud83d\udc7b\ud83c\udf83\ud83c\udf88\n|-damage|p1b: \ud83c\udf88\ud83d\udc7b\ud83c\udf83\ud83d\udc7b\ud83c\udf83\ud83c\udf88|86\/100\n|\n|-heal|p2b: Sneasler|100\/100 brn|[from] Grassy Terrain\n|-damage|p2b: Sneasler|95\/100 brn|[from] brn\n|upkeep\n|turn|6\n|\n|t:|1732404151\n|move|p1b: \ud83c\udf88\ud83d\udc7b\ud83c\udf83\ud83d\udc7b\ud83c\udf83\ud83c\udf88|Will-O-Wisp|p2a: Dragonite\n|-status|p2a: Dragonite|brn\n|move|p2b: Sneasler|Dire Claw|p1a: \u2694\ufe0fKing\u2694\ufe0f\n|-damage|p1a: \u2694\ufe0fKing\u2694\ufe0f|76\/100\n|move|p2a: Dragonite|Scale Shot|p1a: \u2694\ufe0fKing\u2694\ufe0f\n|-damage|p1a: \u2694\ufe0fKing\u2694\ufe0f|64\/100\n|-damage|p1a: \u2694\ufe0fKing\u2694\ufe0f|52\/100\n|-damage|p1a: \u2694\ufe0fKing\u2694\ufe0f|40\/100\n|-damage|p1a: \u2694\ufe0fKing\u2694\ufe0f|27\/100\n|-damage|p1a: \u2694\ufe0fKing\u2694\ufe0f|16\/100\n|-hitcount|p1a: \u2694\ufe0fKing\u2694\ufe0f|5\n|-unboost|p2a: Dragonite|def|1\n|-boost|p2a: Dragonite|spe|1\n|move|p1a: \u2694\ufe0fKing\u2694\ufe0f|Psycho Cut|p2b: Sneasler\n|-supereffective|p2b: Sneasler\n|-crit|p2b: Sneasler\n|-damage|p2b: Sneasler|0 fnt\n|faint|p2b: Sneasler\n|\n|-heal|p1a: \u2694\ufe0fKing\u2694\ufe0f|22\/100|[from] Grassy Terrain\n|-damage|p2a: Dragonite|94\/100 brn|[from] brn\n|upkeep\n|turn|7\n|inactive|actuary97 has 30 seconds left.\n|\n|t:|1732404178\n|move|p1a: \u2694\ufe0fKing\u2694\ufe0f|Protect|p1a: \u2694\ufe0fKing\u2694\ufe0f\n|-singleturn|p1a: \u2694\ufe0fKing\u2694\ufe0f|Protect\n|move|p1b: \ud83c\udf88\ud83d\udc7b\ud83c\udf83\ud83d\udc7b\ud83c\udf83\ud83c\udf88|Icy Wind|p2a: Dragonite\n|-supereffective|p2a: Dragonite\n|-damage|p2a: Dragonite|44\/100 brn\n|-unboost|p2a: Dragonite|spe|1\n|move|p2a: Dragonite|Scale Shot|p1a: \u2694\ufe0fKing\u2694\ufe0f\n|-activate|p1a: \u2694\ufe0fKing\u2694\ufe0f|move: Protect\n|\n|-heal|p1a: \u2694\ufe0fKing\u2694\ufe0f|27\/100|[from] Grassy Terrain\n|-damage|p2a: Dragonite|38\/100 brn|[from] brn\n|upkeep\n|turn|8\n|\n|t:|1732404190\n|move|p1b: \ud83c\udf88\ud83d\udc7b\ud83c\udf83\ud83d\udc7b\ud83c\udf83\ud83c\udf88|Icy Wind|p2a: Dragonite\n|-supereffective|p2a: Dragonite\n|-damage|p2a: Dragonite|0 fnt\n|faint|p2a: Dragonite\n|\n|win|actuary97\n|raw|actuary97's rating: 1705 &rarr; <strong>1725<\/strong><br \/>(+20 for winning)\n|raw|Nivles's rating: 1698 &rarr; <strong>1678<\/strong><br \/>(-20 for losing)\n|l|\u2606Nivles\n|player|p2|\n|l|\u2606actuary97\n|player|p1|\n|j|\u2606actuary97\n|player|p1|actuary97|sabrina-frlg|\n|l|\u2606actuary97\n|player|p1|\n|j|\u2606actuary97\n|player|p1|actuary97|sabrina-frlg|\n|l|\u2606actuary97\n|player|p1|\n","uploadtime":1732404403,"views":16,"formatid":"gen9vgc2024regh","rating":1678,"private":0,"password":null}