{"id":"gen9vgc2024regh-2249676504","format":"[Gen 9] VGC 2024 Reg H","players":["chin8","qiyeO.o"],"log":"|j|\u2606chin8\n|j|\u2606qiyeO.o\n|t:|1732385367\n|gametype|doubles\n|player|p1|chin8|gentleman-gen4dp|1803\n|player|p2|qiyeO.o|nancy|1785\n|teamsize|p1|6\n|teamsize|p2|6\n|gen|9\n|tier|[Gen 9] VGC 2024 Reg H\n|rated|\n|rule|Species Clause: Limit one of each Pok\u00e9mon\n|rule|Item Clause: Limit 1 of each item\n|clearpoke\n|poke|p1|Baxcalibur, L50, F|\n|poke|p1|Kilowattrel, L50, F|\n|poke|p1|Granbull, L50, M|\n|poke|p1|Gardevoir, L50, M|\n|poke|p1|Magmortar, L50, M|\n|poke|p1|Gholdengo, L50|\n|poke|p2|Dragonite, L50, F|\n|poke|p2|Gholdengo, L50|\n|poke|p2|Kingambit, L50, M|\n|poke|p2|Primarina, L50, F|\n|poke|p2|Rillaboom, L50, F|\n|poke|p2|Archaludon, L50, F|\n|teampreview|4\n|inactive|Battle timer is ON: inactive players will automatically lose when time's up. (requested by chin8)\n|\n|t:|1732385406\n|start\n|switch|p1a: Granbull|Granbull, L50, M|100\/100\n|switch|p1b: Gholdengo|Gholdengo, L50|100\/100\n|switch|p2a: \u5976\u5976\u7684\u9f99|Dragonite, L50, F|100\/100\n|switch|p2b: \u5bcc\u5bcc\u7684\u8c6a|Gholdengo, L50|100\/100\n|-ability|p1a: Granbull|Intimidate|boost\n|-unboost|p2a: \u5976\u5976\u7684\u9f99|atk|1\n|-unboost|p2b: \u5bcc\u5bcc\u7684\u8c6a|atk|1\n|turn|1\n|j| takuya3000\n|\n|t:|1732385427\n|switch|p1a: Magmortar|Magmortar, L50, M|100\/100\n|-terastallize|p1b: Gholdengo|Water\n|move|p2b: \u5bcc\u5bcc\u7684\u8c6a|Shadow Ball|p1b: Gholdengo\n|-damage|p1b: Gholdengo|61\/100\n|-unboost|p1b: Gholdengo|spd|1\n|move|p2a: \u5976\u5976\u7684\u9f99|Stomping Tantrum|p1b: Gholdengo\n|-damage|p1b: Gholdengo|42\/100\n|move|p1b: Gholdengo|Shadow Ball|p2b: \u5bcc\u5bcc\u7684\u8c6a\n|-supereffective|p2b: \u5bcc\u5bcc\u7684\u8c6a\n|-damage|p2b: \u5bcc\u5bcc\u7684\u8c6a|3\/100\n|\n|-heal|p1b: Gholdengo|48\/100|[from] item: Leftovers\n|upkeep\n|turn|2\n|j| slsslsvvv\n|inactive|qiyeO.o has 30 seconds left.\n|\n|t:|1732385455\n|move|p1b: Gholdengo|Protect|p1b: Gholdengo\n|-singleturn|p1b: Gholdengo|Protect\n|move|p2b: \u5bcc\u5bcc\u7684\u8c6a|Shadow Ball|p1b: Gholdengo\n|-activate|p1b: Gholdengo|move: Protect\n|move|p2a: \u5976\u5976\u7684\u9f99|Scale Shot|p1b: Gholdengo\n|-activate|p1b: Gholdengo|move: Protect\n|move|p1a: Magmortar|Heat Wave|p2a: \u5976\u5976\u7684\u9f99|[spread] p2a,p2b\n|-resisted|p2a: \u5976\u5976\u7684\u9f99\n|-supereffective|p2b: \u5bcc\u5bcc\u7684\u8c6a\n|-damage|p2a: \u5976\u5976\u7684\u9f99|93\/100\n|-damage|p2b: \u5bcc\u5bcc\u7684\u8c6a|0 fnt\n|faint|p2b: \u5bcc\u5bcc\u7684\u8c6a\n|\n|-heal|p1b: Gholdengo|54\/100|[from] item: Leftovers\n|upkeep\n|\n|t:|1732385458\n|switch|p2b: \u897f\u897f\u7684\u65bd|Primarina, L50, F, shiny|100\/100\n|turn|3\n|\n|t:|1732385473\n|move|p1a: Magmortar|Follow Me|p1a: Magmortar\n|-singleturn|p1a: Magmortar|move: Follow Me\n|move|p2a: \u5976\u5976\u7684\u9f99|Scale Shot|p1a: Magmortar\n|-damage|p1a: Magmortar|91\/100\n|-damage|p1a: Magmortar|81\/100\n|-damage|p1a: Magmortar|70\/100\n|-damage|p1a: Magmortar|60\/100\n|-hitcount|p1a: Magmortar|4\n|-unboost|p2a: \u5976\u5976\u7684\u9f99|def|1\n|-boost|p2a: \u5976\u5976\u7684\u9f99|spe|1\n|move|p1b: Gholdengo|Make It Rain|p2a: \u5976\u5976\u7684\u9f99|[spread] p2a,p2b\n|-damage|p2a: \u5976\u5976\u7684\u9f99|39\/100\n|-damage|p2b: \u897f\u897f\u7684\u65bd|57\/100\n|-unboost|p1b: Gholdengo|spa|1\n|move|p2b: \u897f\u897f\u7684\u65bd|Hyper Voice|p1a: Magmortar|[spread] p1a,p1b\n|-supereffective|p1a: Magmortar\n|-resisted|p1b: Gholdengo\n|-damage|p1a: Magmortar|0 fnt\n|-damage|p1b: Gholdengo|30\/100\n|faint|p1a: Magmortar\n|\n|-heal|p1b: Gholdengo|36\/100|[from] item: Leftovers\n|upkeep\n|j| r4gn4r96\n|\n|t:|1732385480\n|switch|p1a: Granbull|Granbull, L50, M|100\/100\n|-ability|p1a: Granbull|Intimidate|boost\n|-unboost|p2a: \u5976\u5976\u7684\u9f99|atk|1\n|-unboost|p2b: \u897f\u897f\u7684\u65bd|atk|1\n|turn|4\n|\n|t:|1732385499\n|move|p2b: \u897f\u897f\u7684\u65bd|Protect|p2b: \u897f\u897f\u7684\u65bd\n|-singleturn|p2b: \u897f\u897f\u7684\u65bd|Protect\n|move|p2a: \u5976\u5976\u7684\u9f99|Extreme Speed|p1b: Gholdengo\n|-damage|p1b: Gholdengo|20\/100\n|move|p1b: Gholdengo|Make It Rain|p2a: \u5976\u5976\u7684\u9f99|[spread] p2a\n|-activate|p2b: \u897f\u897f\u7684\u65bd|move: Protect\n|-damage|p2a: \u5976\u5976\u7684\u9f99|6\/100\n|-unboost|p1b: Gholdengo|spa|1\n|move|p1a: Granbull|Play Rough|p2a: \u5976\u5976\u7684\u9f99|[miss]\n|-miss|p1a: Granbull|p2a: \u5976\u5976\u7684\u9f99\n|\n|-heal|p1b: Gholdengo|26\/100|[from] item: Leftovers\n|upkeep\n|turn|5\n|\n|t:|1732385521\n|move|p2a: \u5976\u5976\u7684\u9f99|Scale Shot|p1b: Gholdengo\n|-damage|p1b: Gholdengo|19\/100\n|-damage|p1b: Gholdengo|10\/100\n|-damage|p1b: Gholdengo|4\/100\n|-damage|p1b: Gholdengo|0 fnt\n|faint|p1b: Gholdengo\n|-hitcount|p1: Gholdengo|4\n|-unboost|p2a: \u5976\u5976\u7684\u9f99|def|1\n|-boost|p2a: \u5976\u5976\u7684\u9f99|spe|1\n|move|p1a: Granbull|Play Rough|p2b: \u897f\u897f\u7684\u65bd\n|-damage|p2b: \u897f\u897f\u7684\u65bd|13\/100\n|-enditem|p2b: \u897f\u897f\u7684\u65bd|Sitrus Berry|[eat]\n|-heal|p2b: \u897f\u897f\u7684\u65bd|38\/100|[from] item: Sitrus Berry\n|move|p2b: \u897f\u897f\u7684\u65bd|Moonblast|p1a: Granbull\n|-damage|p1a: Granbull|27\/100\n|\n|upkeep\n|\n|t:|1732385524\n|switch|p1b: Baxcalibur|Baxcalibur, L50, F|100\/100\n|turn|6\n|inactive|qiyeO.o has 30 seconds left.\n|\n|t:|1732385550\n|-terastallize|p2b: \u897f\u897f\u7684\u65bd|Poison\n|move|p1a: Granbull|Protect|p1a: Granbull\n|-singleturn|p1a: Granbull|Protect\n|move|p2a: \u5976\u5976\u7684\u9f99|Extreme Speed|p1a: Granbull\n|-activate|p1a: Granbull|move: Protect\n|move|p1b: Baxcalibur|Ice Shard|p2a: \u5976\u5976\u7684\u9f99\n|-supereffective|p2a: \u5976\u5976\u7684\u9f99\n|-damage|p2a: \u5976\u5976\u7684\u9f99|0 fnt\n|faint|p2a: \u5976\u5976\u7684\u9f99\n|move|p2b: \u897f\u897f\u7684\u65bd|Hyper Voice|p1a: Granbull|[spread] p1b\n|-activate|p1a: Granbull|move: Protect\n|-resisted|p1b: Baxcalibur\n|-damage|p1b: Baxcalibur|90\/100\n|\n|upkeep\n|\n|t:|1732385554\n|switch|p2a: \u5927\u5927\u7684\u5c06|Kingambit, L50, M|100\/100\n|turn|7\n|\n|t:|1732385573\n|move|p1b: Baxcalibur|Icicle Crash|p2b: \u897f\u897f\u7684\u65bd\n|-damage|p2b: \u897f\u897f\u7684\u65bd|0 fnt\n|faint|p2b: \u897f\u897f\u7684\u65bd\n|move|p2a: \u5927\u5927\u7684\u5c06|Low Kick|p1b: Baxcalibur\n|-supereffective|p1b: Baxcalibur\n|-damage|p1b: Baxcalibur|4\/100\n|move|p1a: Granbull|Close Combat|p2a: \u5927\u5927\u7684\u5c06\n|-supereffective|p2a: \u5927\u5927\u7684\u5c06\n|-enditem|p2a: \u5927\u5927\u7684\u5c06|Focus Sash\n|-damage|p2a: \u5927\u5927\u7684\u5c06|1\/100\n|-unboost|p1a: Granbull|def|1\n|-unboost|p1a: Granbull|spd|1\n|\n|upkeep\n|turn|8\n|-message|qiyeO.o forfeited.\n|\n|win|chin8\n|raw|chin8's rating: 1803 &rarr; <strong>1822<\/strong><br \/>(+19 for winning)\n|raw|qiyeO.o's rating: 1785 &rarr; <strong>1766<\/strong><br \/>(-19 for losing)\n|l|\u2606qiyeO.o\n|player|p2|\n|l|\u2606chin8\n|player|p1|\n|l| slsslsvvv\n|l| takuya3000\n","uploadtime":1732385786,"views":37,"formatid":"gen9vgc2024regh","rating":1766,"private":0,"password":null}