{"id":"gen9vgc2024regh-2249158179","format":"[Gen 9] VGC 2024 Reg H","players":["VGCLTH Snowsquall","VGCLTH Sir Aaron"],"log":"|raw|<div class=\"broadcast-blue\"><strong>This battle is required to be public due to a player having a name starting with 'vgclth'.<\/div>\n|j|\u2606VGCLTH Snowsquall\n|j|\u2606VGCLTH Sir Aaron\n|t:|1732305596\n|gametype|doubles\n|player|p1|VGCLTH Snowsquall|veteran|1699\n|player|p2|VGCLTH Sir Aaron|red-masters3|1678\n|teamsize|p1|6\n|teamsize|p2|6\n|gen|9\n|tier|[Gen 9] VGC 2024 Reg H\n|rated|\n|rule|Species Clause: Limit one of each Pok\u00e9mon\n|rule|Item Clause: Limit 1 of each item\n|clearpoke\n|poke|p1|Archaludon, L50, M|\n|poke|p1|Rillaboom, L50, M|\n|poke|p1|Skeledirge, L50, F|\n|poke|p1|Electabuzz, L50, F|\n|poke|p1|Samurott-Hisui, L50, M|\n|poke|p1|Gholdengo, L50|\n|poke|p2|Azumarill, L50, F|\n|poke|p2|Archaludon, L50, M|\n|poke|p2|Arcanine, L50, F|\n|poke|p2|Electabuzz, L50, M|\n|poke|p2|Rillaboom, L50, F|\n|poke|p2|Dragonite, L50, M|\n|teampreview|4\n|c|\u2606VGCLTH Snowsquall|Me\n|c|\u2606VGCLTH Sir Aaron|Okay\n|c|\u2606VGCLTH Sir Aaron|I just played anish\n|c|\u2606VGCLTH Sir Aaron|Now it's your turn\n|\n|t:|1732305632\n|start\n|switch|p1a: Gholdengo|Gholdengo, L50|100\/100\n|switch|p1b: Skeledirge|Skeledirge, L50, F|100\/100\n|switch|p2a: Azumarill|Azumarill, L50, F|100\/100\n|switch|p2b: Electabuzz|Electabuzz, L50, M|100\/100\n|turn|1\n|\n|t:|1732305648\n|-terastallize|p2a: Azumarill|Water\n|move|p2b: Electabuzz|Follow Me|p2b: Electabuzz\n|-singleturn|p2b: Electabuzz|move: Follow Me\n|move|p1a: Gholdengo|Trick|p2b: Electabuzz\n|-activate|p1a: Gholdengo|move: Trick|[of] p2b: Electabuzz\n|-item|p2b: Electabuzz|Choice Scarf|[from] move: Trick\n|-item|p1a: Gholdengo|Eviolite|[from] move: Trick\n|move|p1b: Skeledirge|Torch Song|p2b: Electabuzz\n|-damage|p2b: Electabuzz|67\/100\n|-boost|p1b: Skeledirge|spa|1\n|move|p2a: Azumarill|Belly Drum|p2a: Azumarill\n|-damage|p2a: Azumarill|50\/100\n|-setboost|p2a: Azumarill|atk|6|[from] move: Belly Drum\n|-enditem|p2a: Azumarill|Sitrus Berry|[eat]\n|-heal|p2a: Azumarill|75\/100|[from] item: Sitrus Berry\n|\n|upkeep\n|turn|2\n|\n|t:|1732305666\n|move|p1a: Gholdengo|Protect|p1a: Gholdengo\n|-singleturn|p1a: Gholdengo|Protect\n|move|p2b: Electabuzz|Follow Me|p2b: Electabuzz\n|-singleturn|p2b: Electabuzz|move: Follow Me\n|move|p2a: Azumarill|Aqua Jet|p1b: Skeledirge\n|-supereffective|p1b: Skeledirge\n|-damage|p1b: Skeledirge|46\/100\n|-enditem|p1b: Skeledirge|Sitrus Berry|[eat]\n|-heal|p1b: Skeledirge|71\/100|[from] item: Sitrus Berry\n|move|p1b: Skeledirge|Will-O-Wisp|p2b: Electabuzz\n|-status|p2b: Electabuzz|brn\n|\n|-damage|p2b: Electabuzz|61\/100 brn|[from] brn\n|upkeep\n|turn|3\n|\n|t:|1732305679\n|switch|p1a: Rillaboom|Rillaboom, L50, M|100\/100\n|-fieldstart|move: Grassy Terrain|[from] ability: Grassy Surge|[of] p1a: Rillaboom\n|move|p2b: Electabuzz|Follow Me|p2b: Electabuzz\n|-singleturn|p2b: Electabuzz|move: Follow Me\n|move|p2a: Azumarill|Aqua Jet|p1b: Skeledirge\n|-supereffective|p1b: Skeledirge\n|-damage|p1b: Skeledirge|18\/100\n|move|p1b: Skeledirge|Slack Off|p1b: Skeledirge\n|-heal|p1b: Skeledirge|68\/100\n|\n|-heal|p2b: Electabuzz|67\/100 brn|[from] Grassy Terrain\n|-heal|p1b: Skeledirge|74\/100|[from] Grassy Terrain\n|-heal|p2a: Azumarill|82\/100|[from] Grassy Terrain\n|-damage|p2b: Electabuzz|61\/100 brn|[from] brn\n|upkeep\n|turn|4\n|\n|t:|1732305692\n|move|p2a: Azumarill|Protect|p2a: Azumarill\n|-singleturn|p2a: Azumarill|Protect\n|move|p1a: Rillaboom|Fake Out|p2a: Azumarill\n|-activate|p2a: Azumarill|move: Protect\n|move|p2b: Electabuzz|Follow Me|p2b: Electabuzz\n|-singleturn|p2b: Electabuzz|move: Follow Me\n|move|p1b: Skeledirge|Torch Song|p2b: Electabuzz\n|-damage|p2b: Electabuzz|17\/100 brn\n|-boost|p1b: Skeledirge|spa|1\n|\n|-heal|p2b: Electabuzz|23\/100 brn|[from] Grassy Terrain\n|-heal|p1b: Skeledirge|80\/100|[from] Grassy Terrain\n|-heal|p2a: Azumarill|88\/100|[from] Grassy Terrain\n|-damage|p2b: Electabuzz|17\/100 brn|[from] brn\n|upkeep\n|turn|5\n|\n|t:|1732305700\n|move|p2b: Electabuzz|Follow Me|p2b: Electabuzz\n|-singleturn|p2b: Electabuzz|move: Follow Me\n|move|p1a: Rillaboom|Grassy Glide|p2b: Electabuzz\n|-damage|p2b: Electabuzz|0 fnt\n|faint|p2b: Electabuzz\n|move|p1b: Skeledirge|Will-O-Wisp|p2a: Azumarill|[miss]\n|-miss|p1b: Skeledirge|p2a: Azumarill\n|move|p2a: Azumarill|Play Rough|p1a: Rillaboom\n|-damage|p1a: Rillaboom|0 fnt\n|faint|p1a: Rillaboom\n|\n|-heal|p1b: Skeledirge|86\/100|[from] Grassy Terrain\n|-heal|p2a: Azumarill|94\/100|[from] Grassy Terrain\n|upkeep\n|j| Therazer456\n|\n|t:|1732305715\n|switch|p2b: Archaludon|Archaludon, L50, M|100\/100\n|switch|p1a: Archaludon|Archaludon, L50, M|100\/100\n|turn|6\n|\n|t:|1732305727\n|move|p2b: Archaludon|Electro Shot||[still]\n|-prepare|p2b: Archaludon|Electro Shot\n|-boost|p2b: Archaludon|spa|1\n|-enditem|p2b: Archaludon|Power Herb\n|-anim|p2b: Archaludon|Electro Shot|p1b: Skeledirge\n|-damage|p1b: Skeledirge|48\/100\n|move|p1a: Archaludon|Dragon Pulse|p2b: Archaludon\n|-damage|p2b: Archaludon|44\/100\n|move|p1b: Skeledirge|Torch Song|p2b: Archaludon\n|-damage|p2b: Archaludon|0 fnt\n|-boost|p1b: Skeledirge|spa|1\n|faint|p2b: Archaludon\n|move|p2a: Azumarill|Play Rough|p1a: Archaludon\n|-damage|p1a: Archaludon|0 fnt\n|faint|p1a: Archaludon\n|\n|-heal|p1b: Skeledirge|53\/100|[from] Grassy Terrain\n|-heal|p2a: Azumarill|100\/100|[from] Grassy Terrain\n|upkeep\n|j| zxc123zxc\n|\n|t:|1732305743\n|switch|p2b: Dragonite|Dragonite, L50, M|100\/100\n|switch|p1a: Gholdengo|Gholdengo, L50|100\/100\n|turn|7\n|\n|t:|1732305750\n|-terastallize|p1b: Skeledirge|Water\n|move|p2a: Azumarill|Aqua Jet|p1a: Gholdengo\n|-damage|p1a: Gholdengo|0 fnt\n|faint|p1a: Gholdengo\n|move|p2b: Dragonite|Scale Shot|p1b: Skeledirge\n|-damage|p1b: Skeledirge|42\/100\n|-damage|p1b: Skeledirge|30\/100\n|-damage|p1b: Skeledirge|18\/100\n|-damage|p1b: Skeledirge|5\/100\n|-hitcount|p1b: Skeledirge|4\n|-unboost|p2b: Dragonite|def|1\n|-boost|p2b: Dragonite|spe|1\n|move|p1b: Skeledirge|Will-O-Wisp|p2b: Dragonite|[miss]\n|-miss|p1b: Skeledirge|p2b: Dragonite\n|\n|-heal|p1b: Skeledirge|11\/100|[from] Grassy Terrain\n|-fieldend|move: Grassy Terrain\n|upkeep\n|turn|8\n|c|\u2606VGCLTH Snowsquall|Gg\n|\n|t:|1732305766\n|move|p2b: Dragonite|Extreme Speed|p1b: Skeledirge\n|-damage|p1b: Skeledirge|0 fnt\n|faint|p1b: Skeledirge\n|\n|win|VGCLTH Sir Aaron\n|raw|VGCLTH Snowsquall's rating: 1699 &rarr; <strong>1678<\/strong><br \/>(-21 for losing)\n|raw|VGCLTH Sir Aaron's rating: 1678 &rarr; <strong>1699<\/strong><br \/>(+21 for winning)\n|c|\u2606VGCLTH Sir Aaron|ggs\n|l|\u2606VGCLTH Snowsquall\n|player|p1|\n|l| Therazer456\n|l| zxc123zxc\n","uploadtime":1732305779,"views":8,"formatid":"gen9vgc2024regh","rating":1678,"private":0,"password":null}