{"id":"gen9vgc2024regh-2249582690","format":"[Gen 9] VGC 2024 Reg H","players":["VGCLTH ladderboy66","GooglePay"],"log":"|raw|<div class=\"broadcast-blue\"><strong>This battle is required to be public due to a player having a name starting with 'vgclth'.<\/div>\n|j|\u2606VGCLTH ladderboy66\n|j|\u2606GooglePay\n|t:|1732372958\n|gametype|doubles\n|player|p1|VGCLTH ladderboy66|169|1730\n|player|p2|GooglePay|1|1736\n|teamsize|p1|6\n|teamsize|p2|6\n|gen|9\n|tier|[Gen 9] VGC 2024 Reg H\n|rated|\n|rule|Species Clause: Limit one of each Pok\u00e9mon\n|rule|Item Clause: Limit 1 of each item\n|clearpoke\n|poke|p1|Archaludon, L50, M|\n|poke|p1|Whimsicott, L50, F|\n|poke|p1|Pelipper, L50, M|\n|poke|p1|Basculegion, L50, M|\n|poke|p1|Gholdengo, L50|\n|poke|p1|Rillaboom, L50, F|\n|poke|p2|Dragonite, L50, M|\n|poke|p2|Incineroar, L50, M|\n|poke|p2|Annihilape, L50, F|\n|poke|p2|Rillaboom, L50, M|\n|poke|p2|Ursaluna-Bloodmoon, L50, M|\n|poke|p2|Gholdengo, L50|\n|teampreview|4\n|\n|t:|1732373018\n|start\n|switch|p1a: Whimsicott|Whimsicott, L50, F|100\/100\n|switch|p1b: Basculegion|Basculegion, L50, M|100\/100\n|switch|p2a: Dragonite|Dragonite, L50, M|100\/100\n|switch|p2b: Incineroar|Incineroar, L50, M|100\/100\n|-ability|p2b: Incineroar|Intimidate|boost\n|-unboost|p1a: Whimsicott|atk|1\n|-unboost|p1b: Basculegion|atk|1\n|turn|1\n|\n|t:|1732373040\n|switch|p1b: Archaludon|Archaludon, L50, M|100\/100\n|move|p1a: Whimsicott|Beat Up|p1b: Archaludon\n|-damage|p1b: Archaludon|99\/100\n|-ability|p1b: Archaludon|Stamina|boost\n|-boost|p1b: Archaludon|def|1\n|-damage|p1b: Archaludon|98\/100\n|-ability|p1b: Archaludon|Stamina|boost\n|-boost|p1b: Archaludon|def|1\n|-damage|p1b: Archaludon|97\/100\n|-ability|p1b: Archaludon|Stamina|boost\n|-boost|p1b: Archaludon|def|1\n|-damage|p1b: Archaludon|96\/100\n|-ability|p1b: Archaludon|Stamina|boost\n|-boost|p1b: Archaludon|def|1\n|-hitcount|p1b: Archaludon|4\n|move|p2a: Dragonite|Scale Shot|p1b: Archaludon\n|-damage|p1b: Archaludon|93\/100\n|-ability|p1b: Archaludon|Stamina|boost\n|-boost|p1b: Archaludon|def|1\n|-crit|p1b: Archaludon\n|-damage|p1b: Archaludon|76\/100\n|-ability|p1b: Archaludon|Stamina|boost\n|-boost|p1b: Archaludon|def|1\n|-crit|p1b: Archaludon\n|-damage|p1b: Archaludon|61\/100\n|-damage|p1b: Archaludon|58\/100\n|-hitcount|p1b: Archaludon|4\n|-unboost|p2a: Dragonite|def|1\n|-boost|p2a: Dragonite|spe|1\n|move|p2b: Incineroar|Flare Blitz|p1a: Whimsicott\n|-supereffective|p1a: Whimsicott\n|-damage|p1a: Whimsicott|13\/100\n|-damage|p2b: Incineroar|77\/100|[from] Recoil\n|\n|upkeep\n|turn|2\n|\n|t:|1732373068\n|-terastallize|p2b: Incineroar|Ghost\n|move|p1a: Whimsicott|Tailwind|p1a: Whimsicott\n|-sidestart|p1: VGCLTH ladderboy66|move: Tailwind\n|move|p1b: Archaludon|Body Press|p2b: Incineroar\n|-immune|p2b: Incineroar\n|move|p2a: Dragonite|Tailwind|p2a: Dragonite\n|-sidestart|p2: GooglePay|move: Tailwind\n|move|p2b: Incineroar|Parting Shot|p1b: Archaludon\n|-unboost|p1b: Archaludon|atk|1\n|-unboost|p1b: Archaludon|spa|1\n|j| bluestraggler02\n|j| futonkagebunshin\n|\n|t:|1732373081\n|switch|p2b: Rillaboom|Rillaboom, L50, M|100\/100|[from] Parting Shot\n|-fieldstart|move: Grassy Terrain|[from] ability: Grassy Surge|[of] p2b: Rillaboom\n|\n|-heal|p1a: Whimsicott|19\/100|[from] Grassy Terrain\n|-heal|p1b: Archaludon|64\/100|[from] Grassy Terrain\n|upkeep\n|turn|3\n|\n|t:|1732373104\n|switch|p2a: Ursaluna|Ursaluna-Bloodmoon, L50, M|100\/100\n|switch|p1a: Pelipper|Pelipper, L50, M|100\/100\n|-weather|RainDance|[from] ability: Drizzle|[of] p1a: Pelipper\n|move|p2b: Rillaboom|Wood Hammer|p1a: Pelipper\n|-damage|p1a: Pelipper|0 fnt\n|faint|p1a: Pelipper\n|-damage|p2b: Rillaboom|78\/100|[from] Recoil\n|move|p1b: Archaludon|Electro Shot||[still]\n|-prepare|p1b: Archaludon|Electro Shot\n|-boost|p1b: Archaludon|spa|1\n|-anim|p1b: Archaludon|Electro Shot|p2a: Ursaluna\n|-immune|p2a: Ursaluna\n|\n|-weather|RainDance|[upkeep]\n|-heal|p2b: Rillaboom|84\/100|[from] Grassy Terrain\n|-heal|p1b: Archaludon|70\/100|[from] Grassy Terrain\n|upkeep\n|\n|t:|1732373114\n|switch|p1a: Basculegion|Basculegion, L50, M|100\/100\n|turn|4\n|\n|t:|1732373131\n|switch|p2a: Dragonite|Dragonite, L50, M|100\/100\n|-terastallize|p1a: Basculegion|Water\n|move|p2b: Rillaboom|Grassy Glide|p1a: Basculegion\n|-supereffective|p1a: Basculegion\n|-damage|p1a: Basculegion|11\/100\n|-enditem|p1a: Basculegion|Sitrus Berry|[eat]\n|-heal|p1a: Basculegion|35\/100|[from] item: Sitrus Berry\n|move|p1a: Basculegion|Wave Crash|p2a: Dragonite\n|-resisted|p2a: Dragonite\n|-damage|p2a: Dragonite|69\/100\n|-damage|p1a: Basculegion|27\/100|[from] Recoil\n|move|p1b: Archaludon|Body Press|p2b: Rillaboom\n|-damage|p2b: Rillaboom|0 fnt\n|faint|p2b: Rillaboom\n|\n|-weather|RainDance|[upkeep]\n|-heal|p1a: Basculegion|34\/100|[from] Grassy Terrain\n|-heal|p1b: Archaludon|76\/100|[from] Grassy Terrain\n|upkeep\n|\n|t:|1732373141\n|switch|p2b: Incineroar|Incineroar, L50, M, tera:Ghost|77\/100\n|-ability|p2b: Incineroar|Intimidate|boost\n|-unboost|p1a: Basculegion|atk|1\n|-unboost|p1b: Archaludon|atk|1\n|turn|5\n|l| futonkagebunshin\n|\n|t:|1732373171\n|switch|p1a: Whimsicott|Whimsicott, L50, F|19\/100\n|move|p2b: Incineroar|Fake Out|p1b: Archaludon\n|-resisted|p1b: Archaludon\n|-damage|p1b: Archaludon|75\/100\n|move|p2a: Dragonite|Scale Shot|p1b: Archaludon\n|-damage|p1b: Archaludon|72\/100\n|-damage|p1b: Archaludon|69\/100\n|-damage|p1b: Archaludon|66\/100\n|-damage|p1b: Archaludon|63\/100\n|-damage|p1b: Archaludon|60\/100\n|-hitcount|p1b: Archaludon|5\n|-unboost|p2a: Dragonite|def|1\n|-boost|p2a: Dragonite|spe|1\n|cant|p1b: Archaludon|flinch\n|\n|-weather|RainDance|[upkeep]\n|-heal|p1a: Whimsicott|25\/100|[from] Grassy Terrain\n|-heal|p1b: Archaludon|66\/100|[from] Grassy Terrain\n|-heal|p2b: Incineroar|83\/100|[from] Grassy Terrain\n|-sideend|p2: GooglePay|move: Tailwind\n|-sideend|p1: VGCLTH ladderboy66|move: Tailwind\n|upkeep\n|turn|6\n|j| YouInAGenjutsu\n|\n|t:|1732373208\n|move|p1a: Whimsicott|Tailwind|p1a: Whimsicott\n|-sidestart|p1: VGCLTH ladderboy66|move: Tailwind\n|move|p1b: Archaludon|Body Press|p2a: Dragonite\n|-resisted|p2a: Dragonite\n|-damage|p2a: Dragonite|0 fnt\n|faint|p2a: Dragonite\n|move|p2b: Incineroar|Flare Blitz|p1a: Whimsicott\n|-supereffective|p1a: Whimsicott\n|-damage|p1a: Whimsicott|0 fnt\n|faint|p1a: Whimsicott\n|-damage|p2b: Incineroar|76\/100|[from] Recoil\n|\n|-weather|RainDance|[upkeep]\n|-heal|p1b: Archaludon|72\/100|[from] Grassy Terrain\n|-heal|p2b: Incineroar|82\/100|[from] Grassy Terrain\n|-fieldend|move: Grassy Terrain\n|upkeep\n|\n|t:|1732373214\n|switch|p1a: Basculegion|Basculegion, L50, M, tera:Water|34\/100\n|switch|p2a: Ursaluna|Ursaluna-Bloodmoon, L50, M|100\/100\n|turn|7\n|-message|GooglePay forfeited.\n|\n|win|VGCLTH ladderboy66\n|raw|VGCLTH ladderboy66's rating: 1730 &rarr; <strong>1750<\/strong><br \/>(+20 for winning)\n|raw|GooglePay's rating: 1736 &rarr; <strong>1716<\/strong><br \/>(-20 for losing)\n|l|\u2606VGCLTH ladderboy66\n|player|p1|\n|l| bluestraggler02\n","uploadtime":1732373428,"views":14,"formatid":"gen9vgc2024regh","rating":1716,"private":0,"password":null}