{"id":"gen9vgc2024regh-2249580338","format":"[Gen 9] VGC 2024 Reg H","players":["VGCLTH Python","QuinlanBuilds"],"log":"|j|\u2606VGCLTH Python\n|j|\u2606QuinlanBuilds\n|t:|1732372600\n|gametype|doubles\n|player|p1|VGCLTH Python|yellow|1671\n|player|p2|QuinlanBuilds|2|1692\n|teamsize|p1|6\n|teamsize|p2|6\n|gen|9\n|tier|[Gen 9] VGC 2024 Reg H\n|rated|\n|rule|Species Clause: Limit one of each Pok\u00e9mon\n|rule|Item Clause: Limit 1 of each item\n|clearpoke\n|poke|p1|Volcarona, L50, M|\n|poke|p1|Gholdengo, L50|\n|poke|p1|Electabuzz, L50, M|\n|poke|p1|Gastrodon, L50, F|\n|poke|p1|Dragonite, L50, F|\n|poke|p1|Kingambit, L50, M|\n|poke|p2|Volbeat, L50, M|\n|poke|p2|Primarina, L50, F|\n|poke|p2|Espathra, L50, M|\n|poke|p2|Typhlosion-Hisui, L50, M|\n|poke|p2|Indeedee-F, L50, F|\n|poke|p2|Archaludon, L50, M|\n|teampreview|4\n|j| futonkagebunshin\n|\n|t:|1732372629\n|start\n|switch|p1a: Gastrodon|Gastrodon, L50, F|100\/100\n|switch|p1b: Dragonite|Dragonite, L50, F|100\/100\n|switch|p2a: Primarina|Primarina, L50, F|100\/100\n|switch|p2b: Volbeat|Volbeat, L50, M|100\/100\n|turn|1\n|\n|t:|1732372652\n|switch|p1b: Volcarona|Volcarona, L50, M|100\/100\n|switch|p2b: Archaludon|Archaludon, L50, M|100\/100\n|move|p2a: Primarina|Moonblast|p1a: Gastrodon\n|-damage|p1a: Gastrodon|38\/100\n|-unboost|p1a: Gastrodon|spa|1\n|-enditem|p1a: Gastrodon|Sitrus Berry|[eat]\n|-heal|p1a: Gastrodon|63\/100|[from] item: Sitrus Berry\n|move|p1a: Gastrodon|Earth Power|p2a: Primarina\n|-damage|p2a: Primarina|77\/100\n|\n|upkeep\n|turn|2\n|\n|t:|1732372673\n|move|p1a: Gastrodon|Protect|p1a: Gastrodon\n|-singleturn|p1a: Gastrodon|Protect\n|move|p1b: Volcarona|Quiver Dance|p1b: Volcarona\n|-boost|p1b: Volcarona|spa|1\n|-boost|p1b: Volcarona|spd|1\n|-boost|p1b: Volcarona|spe|1\n|move|p2b: Archaludon|Electro Shot||[still]\n|-prepare|p2b: Archaludon|Electro Shot\n|-boost|p2b: Archaludon|spa|1\n|-enditem|p2b: Archaludon|Power Herb\n|-anim|p2b: Archaludon|Electro Shot|p1b: Volcarona\n|-damage|p1b: Volcarona|55\/100\n|move|p2a: Primarina|Moonblast|p1a: Gastrodon\n|-activate|p1a: Gastrodon|move: Protect\n|\n|-heal|p1b: Volcarona|61\/100|[from] item: Leftovers\n|upkeep\n|turn|3\n|\n|t:|1732372700\n|move|p1b: Volcarona|Heat Wave|p2a: Primarina|[spread] p2a,p2b\n|-resisted|p2a: Primarina\n|-damage|p2a: Primarina|47\/100\n|-damage|p2b: Archaludon|33\/100\n|-ability|p2b: Archaludon|Stamina|boost\n|-boost|p2b: Archaludon|def|1\n|move|p2b: Archaludon|Dragon Pulse|p1b: Volcarona\n|-damage|p1b: Volcarona|20\/100\n|move|p2a: Primarina|Moonblast|p1a: Gastrodon\n|-damage|p1a: Gastrodon|1\/100\n|-unboost|p1a: Gastrodon|spa|1\n|move|p1a: Gastrodon|Earth Power|p2b: Archaludon\n|-supereffective|p2b: Archaludon\n|-damage|p2b: Archaludon|0 fnt\n|faint|p2b: Archaludon\n|\n|-heal|p1b: Volcarona|26\/100|[from] item: Leftovers\n|upkeep\n|j| YouInAGenjutsu\n|\n|t:|1732372719\n|switch|p2b: Volbeat|Volbeat, L50, M|100\/100\n|turn|4\n|\n|t:|1732372734\n|switch|p1a: Kingambit|Kingambit, L50, M|100\/100\n|move|p2b: Volbeat|Tailwind|p2b: Volbeat\n|-sidestart|p2: QuinlanBuilds|move: Tailwind\n|move|p2a: Primarina|Moonblast|p1b: Volcarona\n|-resisted|p1b: Volcarona\n|-damage|p1b: Volcarona|1\/100\n|-unboost|p1b: Volcarona|spa|1\n|move|p1b: Volcarona|Heat Wave|p2b: Volbeat|[spread] p2a,p2b\n|-resisted|p2a: Primarina\n|-supereffective|p2b: Volbeat\n|-crit|p2b: Volbeat\n|-damage|p2a: Primarina|30\/100\n|-damage|p2b: Volbeat|0 fnt\n|faint|p2b: Volbeat\n|\n|-heal|p1b: Volcarona|7\/100|[from] item: Leftovers\n|upkeep\n|\n|t:|1732372746\n|switch|p2b: Espathra|Espathra, L50, M|100\/100\n|turn|5\n|c|\u2606QuinlanBuilds|Dude\u2026\n|-message|QuinlanBuilds forfeited.\n|\n|win|VGCLTH Python\n|raw|VGCLTH Python's rating: 1671 &rarr; <strong>1692<\/strong><br \/>(+21 for winning)\n|raw|QuinlanBuilds's rating: 1692 &rarr; <strong>1671<\/strong><br \/>(-21 for losing)\n|l|\u2606QuinlanBuilds\n|player|p2|\n|l|\u2606VGCLTH Python\n|player|p1|\n","uploadtime":1732373013,"views":9,"formatid":"gen9vgc2024regh","rating":1671,"private":0,"password":null}