{"id":"gen9vgc2024regh-2249800970","format":"[Gen 9] VGC 2024 Reg H","players":["infinitygroudon","Proffesor_Karrot"],"log":"|j|\u2606infinitygroudon\n|j|\u2606Proffesor_Karrot\n|t:|1732400975\n|gametype|doubles\n|player|p1|infinitygroudon|2|1639\n|player|p2|Proffesor_Karrot|lady|1771\n|teamsize|p1|6\n|teamsize|p2|6\n|gen|9\n|tier|[Gen 9] VGC 2024 Reg H\n|rated|\n|rule|Species Clause: Limit one of each Pok\u00e9mon\n|rule|Item Clause: Limit 1 of each item\n|clearpoke\n|poke|p1|Krookodile, L50, M|\n|poke|p1|Clefairy, L50, F|\n|poke|p1|Smeargle, L50, M|\n|poke|p1|Flamigo, L50, F|\n|poke|p1|Dragonite, L50, F|\n|poke|p1|Dragapult, L50, M|\n|poke|p2|Incineroar, L50, F|\n|poke|p2|Rillaboom, L50, F|\n|poke|p2|Chesnaught, L50, F|\n|poke|p2|Volcarona, L50, F|\n|poke|p2|Primarina, L50, F|\n|poke|p2|Dragonite, L50, F|\n|teampreview|4\n|inactive|Battle timer is ON: inactive players will automatically lose when time's up. (requested by Proffesor_Karrot)\n|j| schickiniki\n|\n|t:|1732400987\n|start\n|switch|p1a: Moonwater|Clefairy, L50, F|100\/100\n|switch|p1b: Los Dardos|Dragapult, L50, M|100\/100\n|switch|p2a: Tapy buIu|Rillaboom, L50, F, shiny|100\/100\n|switch|p2b: Urshlfu|Chesnaught, L50, F, shiny|100\/100\n|-fieldstart|move: Grassy Terrain|[from] ability: Grassy Surge|[of] p2a: Tapy buIu\n|turn|1\n|j| QueensServant91\n|\n|t:|1732400995\n|switch|p2a: Z0rua|Primarina, L50, F, shiny|100\/100\n|-terastallize|p1b: Los Dardos|Dragon\n|move|p1a: Moonwater|Helping Hand|p1b: Los Dardos\n|-singleturn|p1b: Los Dardos|Helping Hand|[of] p1a: Moonwater\n|move|p1b: Los Dardos|Dragon Darts|p2b: Urshlfu\n|-damage|p2b: Urshlfu|41\/100\n|-enditem|p2b: Urshlfu|Sitrus Berry|[eat]\n|-heal|p2b: Urshlfu|65\/100|[from] item: Sitrus Berry\n|-anim|p1b: Los Dardos|Dragon Darts|p2b: Urshlfu\n|-damage|p2b: Urshlfu|11\/100\n|move|p2b: Urshlfu|Belly Drum||[still]\n|-fail|p2b: Urshlfu\n|\n|-heal|p2b: Urshlfu|17\/100|[from] Grassy Terrain\n|upkeep\n|turn|2\n|\n|t:|1732401002\n|move|p1a: Moonwater|Follow Me|p1a: Moonwater\n|-singleturn|p1a: Moonwater|move: Follow Me\n|move|p2b: Urshlfu|Grassy Glide|p1a: Moonwater\n|-damage|p1a: Moonwater|73\/100\n|move|p1b: Los Dardos|Dragon Darts|p2b: Urshlfu\n|-damage|p2b: Urshlfu|0 fnt\n|faint|p2b: Urshlfu\n|move|p2a: Z0rua|Dazzling Gleam|p1a: Moonwater|[spread] p1a,p1b\n|-crit|p1a: Moonwater\n|-supereffective|p1b: Los Dardos\n|-crit|p1b: Los Dardos\n|-damage|p1a: Moonwater|4\/100\n|-damage|p1b: Los Dardos|0 fnt\n|faint|p1b: Los Dardos\n|\n|-heal|p1a: Moonwater|10\/100|[from] Grassy Terrain\n|upkeep\n|\n|t:|1732401010\n|switch|p1b: Chardonnay|Flamigo, L50, F, shiny|100\/100\n|switch|p2b: Rayquaza_Mega|Dragonite, L50, F|100\/100\n|-copyboost|p1b: Chardonnay|p1a: Moonwater|[from] ability: Costar\n|turn|3\n|\n|t:|1732401019\n|switch|p1a: Ramses|Krookodile, L50, M, shiny|100\/100\n|move|p1b: Chardonnay|Wide Guard|p1b: Chardonnay\n|-singleturn|p1b: Chardonnay|Wide Guard\n|move|p2b: Rayquaza_Mega|Extreme Speed|p1a: Ramses\n|-crit|p1a: Ramses\n|-damage|p1a: Ramses|45\/100\n|-setboost|p1a: Ramses|atk|6|[from] ability: Anger Point\n|move|p2a: Z0rua|Dazzling Gleam|p1b: Chardonnay|[spread] \n|-activate|p1a: Ramses|move: Wide Guard\n|-activate|p1b: Chardonnay|move: Wide Guard\n|\n|-heal|p1a: Ramses|51\/100|[from] Grassy Terrain\n|upkeep\n|turn|4\n|\n|t:|1732401030\n|move|p1b: Chardonnay|Wide Guard|p1b: Chardonnay\n|-singleturn|p1b: Chardonnay|Wide Guard\n|move|p1a: Ramses|Knock Off|p2b: Rayquaza_Mega\n|-damage|p2b: Rayquaza_Mega|0 fnt\n|-enditem|p2b: Rayquaza_Mega|Loaded Dice|[from] move: Knock Off|[of] p1a: Ramses\n|faint|p2b: Rayquaza_Mega\n|move|p2a: Z0rua|Dazzling Gleam|p1b: Chardonnay|[spread] \n|-activate|p1a: Ramses|move: Wide Guard\n|-activate|p1b: Chardonnay|move: Wide Guard\n|\n|-heal|p1a: Ramses|57\/100|[from] Grassy Terrain\n|upkeep\n|\n|t:|1732401035\n|switch|p2b: Tapy buIu|Rillaboom, L50, F, shiny|100\/100\n|turn|5\n|\n|t:|1732401044\n|move|p1b: Chardonnay|Detect||[still]\n|-fail|p1b: Chardonnay\n|move|p1a: Ramses|Protect|p1a: Ramses\n|-singleturn|p1a: Ramses|Protect\n|move|p2b: Tapy buIu|Fake Out|p1b: Chardonnay\n|-damage|p1b: Chardonnay|82\/100\n|move|p2a: Z0rua|Dazzling Gleam|p1b: Chardonnay|[spread] p1b\n|-activate|p1a: Ramses|move: Protect\n|-supereffective|p1b: Chardonnay\n|-damage|p1b: Chardonnay|0 fnt\n|faint|p1b: Chardonnay\n|\n|-heal|p1a: Ramses|64\/100|[from] Grassy Terrain\n|-fieldend|move: Grassy Terrain\n|upkeep\n|\n|t:|1732401046\n|switch|p1b: Moonwater|Clefairy, L50, F|10\/100\n|turn|6\n|\n|t:|1732401055\n|move|p1b: Moonwater|Helping Hand|p1a: Ramses\n|-singleturn|p1a: Ramses|Helping Hand|[of] p1b: Moonwater\n|move|p1a: Ramses|Earthquake|p2a: Z0rua|[spread] p1b,p2a,p2b\n|-resisted|p2b: Tapy buIu\n|-damage|p1b: Moonwater|0 fnt\n|-damage|p2a: Z0rua|0 fnt\n|-damage|p2b: Tapy buIu|0 fnt\n|faint|p1b: Moonwater\n|faint|p2a: Z0rua\n|faint|p2b: Tapy buIu\n|\n|win|infinitygroudon\n|raw|infinitygroudon's rating: 1639 &rarr; <strong>1666<\/strong><br \/>(+27 for winning)\n|raw|Proffesor_Karrot's rating: 1771 &rarr; <strong>1744<\/strong><br \/>(-27 for losing)\n|l|\u2606Proffesor_Karrot\n|player|p2|\n|l|\u2606infinitygroudon\n|player|p1|\n|j|\u2606infinitygroudon\n|player|p1|infinitygroudon|2|\n","uploadtime":1732401070,"views":7,"formatid":"gen9vgc2024regh","rating":1666,"private":0,"password":null}