{"id":"gen9vgc2024regh-2249631346","format":"[Gen 9] VGC 2024 Reg H","players":["Azure-Saffron","VGCLTH ladderboy66"],"log":"|raw|<div class=\"broadcast-blue\"><strong>This battle is required to be public due to a player having a name starting with 'vgclth'.<\/div>\n|j|\u2606Azure-Saffron\n|j|\u2606VGCLTH ladderboy66\n|t:|1732379587\n|gametype|doubles\n|player|p1|Azure-Saffron|carmine|1702\n|player|p2|VGCLTH ladderboy66|169|1690\n|teamsize|p1|6\n|teamsize|p2|6\n|gen|9\n|tier|[Gen 9] VGC 2024 Reg H\n|rated|\n|rule|Species Clause: Limit one of each Pok\u00e9mon\n|rule|Item Clause: Limit 1 of each item\n|clearpoke\n|poke|p1|Kleavor, L50, F|\n|poke|p1|Sneasler, L50, M|\n|poke|p1|Indeedee, L50, M|\n|poke|p1|Dragapult, L50, F|\n|poke|p1|Archaludon, L50, M|\n|poke|p1|Ursaluna-Bloodmoon, L50, M|\n|poke|p2|Archaludon, L50, M|\n|poke|p2|Dragonite, L50, F|\n|poke|p2|Pelipper, L50, M|\n|poke|p2|Ursaluna, L50, M|\n|poke|p2|Sinistcha, L50|\n|poke|p2|Gholdengo, L50|\n|teampreview|4\n|\n|t:|1732379650\n|start\n|switch|p1a: Mofongo|Kleavor, L50, F|100\/100\n|switch|p1b: Archaludon|Archaludon, L50, M|100\/100\n|switch|p2a: Gholdengo|Gholdengo, L50|100\/100\n|switch|p2b: Dragonite|Dragonite, L50, F|100\/100\n|turn|1\n|\n|t:|1732379671\n|move|p2a: Gholdengo|Make It Rain|p1a: Mofongo|[spread] p1a,p1b\n|-supereffective|p1a: Mofongo\n|-resisted|p1b: Archaludon\n|-enditem|p1a: Mofongo|Focus Sash\n|-damage|p1a: Mofongo|1\/100\n|-damage|p1b: Archaludon|61\/100\n|-unboost|p2a: Gholdengo|spa|1\n|move|p1a: Mofongo|Night Slash|p2a: Gholdengo\n|-supereffective|p2a: Gholdengo\n|-crit|p2a: Gholdengo\n|-damage|p2a: Gholdengo|0 fnt\n|faint|p2a: Gholdengo\n|move|p1b: Archaludon|Electro Shot||[still]\n|-prepare|p1b: Archaludon|Electro Shot\n|-boost|p1b: Archaludon|spa|1\n|-enditem|p1b: Archaludon|Power Herb\n|-anim|p1b: Archaludon|Electro Shot|p2b: Dragonite\n|-damage|p2b: Dragonite|65\/100\n|move|p2b: Dragonite|Scale Shot|p1b: Archaludon\n|-damage|p1b: Archaludon|47\/100\n|-damage|p1b: Archaludon|36\/100\n|-damage|p1b: Archaludon|25\/100\n|-damage|p1b: Archaludon|12\/100\n|-damage|p1b: Archaludon|0 fnt\n|faint|p1b: Archaludon\n|-hitcount|p1: Archaludon|5\n|-unboost|p2b: Dragonite|def|1\n|-boost|p2b: Dragonite|spe|1\n|\n|upkeep\n|\n|t:|1732379703\n|switch|p1b: Indeedee|Indeedee, L50, M|100\/100\n|switch|p2a: Sinistcha|Sinistcha, L50|100\/100\n|-fieldstart|move: Psychic Terrain|[from] ability: Psychic Surge|[of] p1b: Indeedee\n|-heal|p2b: Dragonite|90\/100|[from] ability: Hospitality|[of] p2a: Sinistcha\n|turn|2\n|\n|t:|1732379718\n|-terastallize|p1b: Indeedee|Psychic\n|-terastallize|p2a: Sinistcha|Dark\n|move|p1b: Indeedee|Expanding Force|p2b: Dragonite|[spread] p2b\n|-immune|p2a: Sinistcha\n|-damage|p2b: Dragonite|11\/100\n|move|p2b: Dragonite|Scale Shot|p1b: Indeedee\n|-damage|p1b: Indeedee|67\/100\n|-crit|p1b: Indeedee\n|-damage|p1b: Indeedee|25\/100\n|-damage|p1b: Indeedee|0 fnt\n|faint|p1b: Indeedee\n|-hitcount|p1: Indeedee|3\n|-unboost|p2b: Dragonite|def|1\n|-boost|p2b: Dragonite|spe|1\n|move|p1a: Mofongo|Stone Axe|p2b: Dragonite\n|-supereffective|p2b: Dragonite\n|-damage|p2b: Dragonite|0 fnt\n|-sidestart|p2: VGCLTH ladderboy66|move: Stealth Rock\n|faint|p2b: Dragonite\n|move|p2a: Sinistcha|Trick Room|p2a: Sinistcha\n|-fieldstart|move: Trick Room|[of] p2a: Sinistcha\n|\n|upkeep\n|\n|t:|1732379733\n|switch|p2b: Ursaluna|Ursaluna, L50, M|100\/100\n|switch|p1b: Ursaluna|Ursaluna-Bloodmoon, L50, M|100\/100\n|-damage|p2b: Ursaluna|95\/100|[from] Stealth Rock\n|turn|3\n|\n|t:|1732379748\n|move|p2b: Ursaluna|Protect|p2b: Ursaluna\n|-singleturn|p2b: Ursaluna|Protect\n|move|p2a: Sinistcha|Matcha Gotcha|p1a: Mofongo|[spread] p1a\n|-miss|p2a: Sinistcha|p1b: Ursaluna\n|-damage|p1a: Mofongo|0 fnt\n|faint|p1a: Mofongo\n|move|p1b: Ursaluna|Blood Moon|p2a: Sinistcha\n|-damage|p2a: Sinistcha|0 fnt\n|faint|p2a: Sinistcha\n|-damage|p1b: Ursaluna|91\/100|[from] item: Life Orb\n|\n|-status|p2b: Ursaluna|brn|[from] item: Flame Orb\n|upkeep\n|turn|4\n|\n|t:|1732379765\n|move|p1b: Ursaluna|Protect|p1b: Ursaluna\n|-singleturn|p1b: Ursaluna|Protect\n|move|p2b: Ursaluna|Facade|p1b: Ursaluna\n|-activate|p1b: Ursaluna|move: Protect\n|\n|-damage|p2b: Ursaluna|89\/100 brn|[from] brn\n|upkeep\n|turn|5\n|c|\u2606Azure-Saffron|gg\n|\n|t:|1732379785\n|move|p2b: Ursaluna|Protect|p2b: Ursaluna\n|-singleturn|p2b: Ursaluna|Protect\n|move|p1b: Ursaluna|Blood Moon|p2b: Ursaluna\n|-activate|p2b: Ursaluna|move: Protect\n|\n|-damage|p2b: Ursaluna|83\/100 brn|[from] brn\n|upkeep\n|turn|6\n|\n|t:|1732379797\n|move|p1b: Ursaluna|Protect|p1b: Ursaluna\n|-singleturn|p1b: Ursaluna|Protect\n|move|p2b: Ursaluna|Facade|p1b: Ursaluna\n|-activate|p1b: Ursaluna|move: Protect\n|\n|-damage|p2b: Ursaluna|77\/100 brn|[from] brn\n|-fieldend|move: Trick Room\n|-fieldend|move: Psychic Terrain\n|upkeep\n|turn|7\n|j| VGCLTH R0gue\n|\n|t:|1732379824\n|move|p2b: Ursaluna|Protect|p2b: Ursaluna\n|-singleturn|p2b: Ursaluna|Protect\n|move|p1b: Ursaluna|Blood Moon|p2b: Ursaluna\n|-activate|p2b: Ursaluna|move: Protect\n|\n|-damage|p2b: Ursaluna|71\/100 brn|[from] brn\n|upkeep\n|turn|8\n|\n|t:|1732379839\n|move|p1b: Ursaluna|Protect|p1b: Ursaluna\n|-singleturn|p1b: Ursaluna|Protect\n|move|p2b: Ursaluna|Facade|p1b: Ursaluna\n|-activate|p1b: Ursaluna|move: Protect\n|\n|-damage|p2b: Ursaluna|66\/100 brn|[from] brn\n|upkeep\n|turn|9\n|\n|t:|1732379850\n|move|p2b: Ursaluna|Protect|p2b: Ursaluna\n|-singleturn|p2b: Ursaluna|Protect\n|move|p1b: Ursaluna|Blood Moon|p2b: Ursaluna\n|-activate|p2b: Ursaluna|move: Protect\n|\n|-damage|p2b: Ursaluna|60\/100 brn|[from] brn\n|upkeep\n|turn|10\n|\n|t:|1732379862\n|move|p1b: Ursaluna|Protect|p1b: Ursaluna\n|-singleturn|p1b: Ursaluna|Protect\n|move|p2b: Ursaluna|Facade|p1b: Ursaluna\n|-activate|p1b: Ursaluna|move: Protect\n|\n|-damage|p2b: Ursaluna|54\/100 brn|[from] brn\n|upkeep\n|turn|11\n|\n|t:|1732379873\n|move|p2b: Ursaluna|Protect|p2b: Ursaluna\n|-singleturn|p2b: Ursaluna|Protect\n|move|p1b: Ursaluna|Blood Moon|p2b: Ursaluna\n|-activate|p2b: Ursaluna|move: Protect\n|\n|-damage|p2b: Ursaluna|48\/100 brn|[from] brn\n|upkeep\n|turn|12\n|\n|t:|1732379885\n|move|p1b: Ursaluna|Protect|p1b: Ursaluna\n|-singleturn|p1b: Ursaluna|Protect\n|move|p2b: Ursaluna|Facade|p1b: Ursaluna\n|-activate|p1b: Ursaluna|move: Protect\n|\n|-damage|p2b: Ursaluna|42\/100 brn|[from] brn\n|upkeep\n|turn|13\n|\n|t:|1732379896\n|move|p1b: Ursaluna|Blood Moon|p2b: Ursaluna\n|-damage|p2b: Ursaluna|0 fnt\n|faint|p2b: Ursaluna\n|-damage|p1b: Ursaluna|81\/100|[from] item: Life Orb\n|\n|win|Azure-Saffron\n|raw|Azure-Saffron's rating: 1702 &rarr; <strong>1721<\/strong><br \/>(+19 for winning)\n|raw|VGCLTH ladderboy66's rating: 1690 &rarr; <strong>1671<\/strong><br \/>(-19 for losing)\n|c|\u2606VGCLTH ladderboy66|i cant believe i fucked the endgame\n|c|\u2606Azure-Saffron|bruhhhh\n|l|\u2606Azure-Saffron\n|player|p1|\n|c|\u2606VGCLTH ladderboy66|i shouldnt hav eprotectedd\n|l|\u2606VGCLTH ladderboy66\n|player|p2|\n","uploadtime":1732379904,"views":7,"formatid":"gen9vgc2024regh","rating":1671,"private":0,"password":null}