{"id":"gen9vgc2024regh-2249587067","format":"[Gen 9] VGC 2024 Reg H","players":["VGCLTH Python","VGCLTH ladderboy66"],"log":"|raw|<div class=\"broadcast-blue\"><strong>This battle is required to be public due to a player having a name starting with 'vgclth'.<\/div>\n|j|\u2606VGCLTH Python\n|j|\u2606VGCLTH ladderboy66\n|t:|1732373569\n|gametype|doubles\n|player|p1|VGCLTH Python|yellow|1664\n|player|p2|VGCLTH ladderboy66|169|1768\n|teamsize|p1|6\n|teamsize|p2|6\n|gen|9\n|tier|[Gen 9] VGC 2024 Reg H\n|rated|\n|rule|Species Clause: Limit one of each Pok\u00e9mon\n|rule|Item Clause: Limit 1 of each item\n|clearpoke\n|poke|p1|Volcarona, L50, F|\n|poke|p1|Breloom, L50, F|\n|poke|p1|Gholdengo, L50|\n|poke|p1|Electabuzz, L50, F|\n|poke|p1|Gastrodon-East, L50, F|\n|poke|p1|Dragonite, L50, F|\n|poke|p2|Archaludon, L50, M|\n|poke|p2|Whimsicott, L50, F|\n|poke|p2|Pelipper, L50, F|\n|poke|p2|Basculegion, L50, M|\n|poke|p2|Gholdengo, L50|\n|poke|p2|Rillaboom, L50, F|\n|teampreview|4\nVGCLTH ladderboy66 has agreed to open team sheets.\n|\n|t:|1732373637\n|start\n|switch|p1a: Gholdengo|Gholdengo, L50|100\/100\n|switch|p1b: Breloom|Breloom, L50, F|100\/100\n|switch|p2a: Archaludon|Archaludon, L50, M|100\/100\n|switch|p2b: Pelipper|Pelipper, L50, F|100\/100\n|-weather|RainDance|[from] ability: Drizzle|[of] p2b: Pelipper\n|turn|1\n|\n|t:|1732373651\n|switch|p1a: Gastrodon|Gastrodon-East, L50, F|100\/100\n|move|p1b: Breloom|Spore|p2b: Pelipper\n|-status|p2b: Pelipper|slp|[from] move: Spore\n|cant|p2b: Pelipper|slp\n|move|p2a: Archaludon|Electro Shot||[still]\n|-prepare|p2a: Archaludon|Electro Shot\n|-boost|p2a: Archaludon|spa|1\n|-anim|p2a: Archaludon|Electro Shot|p1a: Gastrodon\n|-immune|p1a: Gastrodon\n|\n|-weather|RainDance|[upkeep]\n|upkeep\n|turn|2\n|\n|t:|1732373691\n|switch|p2a: Rillaboom|Rillaboom, L50, F|100\/100\n|-fieldstart|move: Grassy Terrain|[from] ability: Grassy Surge|[of] p2a: Rillaboom\n|move|p1b: Breloom|Close Combat|p2a: Rillaboom\n|-damage|p2a: Rillaboom|35\/100\n|-unboost|p1b: Breloom|def|1\n|-unboost|p1b: Breloom|spd|1\n|-curestatus|p2b: Pelipper|slp|[msg]\n|move|p2b: Pelipper|Hurricane|p1b: Breloom\n|-supereffective|p1b: Breloom\n|-enditem|p1b: Breloom|Focus Sash\n|-damage|p1b: Breloom|1\/100\n|-damage|p2b: Pelipper|91\/100|[from] item: Life Orb\n|move|p1a: Gastrodon|Ice Beam|p2a: Rillaboom\n|-supereffective|p2a: Rillaboom\n|-damage|p2a: Rillaboom|0 fnt\n|faint|p2a: Rillaboom\n|\n|-weather|RainDance|[upkeep]\n|-heal|p1b: Breloom|7\/100|[from] Grassy Terrain\n|upkeep\n|\n|t:|1732373699\n|switch|p2a: Whimsicott|Whimsicott, L50, F|100\/100\n|turn|3\n|j| futonkagebunshin\n|\n|t:|1732373718\n|move|p2a: Whimsicott|Moonblast|p1b: Breloom\n|-supereffective|p1b: Breloom\n|-damage|p1b: Breloom|0 fnt\n|faint|p1b: Breloom\n|move|p2b: Pelipper|Hurricane|p1a: Gastrodon\n|-damage|p1a: Gastrodon|45\/100\n|-start|p1a: Gastrodon|confusion\n|-enditem|p1a: Gastrodon|Sitrus Berry|[eat]\n|-heal|p1a: Gastrodon|69\/100|[from] item: Sitrus Berry\n|-damage|p2b: Pelipper|82\/100|[from] item: Life Orb\n|-activate|p1a: Gastrodon|confusion\n|move|p1a: Gastrodon|Ice Beam|p2a: Whimsicott\n|-supereffective|p2a: Whimsicott\n|-damage|p2a: Whimsicott|43\/100\n|\n|-weather|RainDance|[upkeep]\n|-heal|p2a: Whimsicott|49\/100|[from] Grassy Terrain\n|-heal|p1a: Gastrodon|75\/100|[from] Grassy Terrain\n|upkeep\n|j| volcaronavgc\n|\n|t:|1732373727\n|switch|p1b: Gholdengo|Gholdengo, L50|100\/100\n|turn|4\n|\n|t:|1732373740\n|-activate|p1a: Gastrodon|confusion\n|-damage|p1a: Gastrodon|70\/100|[from] confusion\n|move|p2a: Whimsicott|Moonblast|p1a: Gastrodon\n|-damage|p1a: Gastrodon|44\/100\n|move|p1b: Gholdengo|Nasty Plot|p1b: Gholdengo\n|-boost|p1b: Gholdengo|spa|2\n|move|p2b: Pelipper|Hurricane|p1a: Gastrodon\n|-damage|p1a: Gastrodon|0 fnt\n|faint|p1a: Gastrodon\n|-damage|p2b: Pelipper|72\/100|[from] item: Life Orb\n|\n|-weather|RainDance|[upkeep]\n|-heal|p2a: Whimsicott|55\/100|[from] Grassy Terrain\n|upkeep\n|\n|t:|1732373753\n|switch|p1a: Dragonite|Dragonite, L50, F|100\/100\n|turn|5\n|\n|t:|1732373785\n|-terastallize|p1b: Gholdengo|Water\n|move|p2a: Whimsicott|Tailwind|p2a: Whimsicott\n|-sidestart|p2: VGCLTH ladderboy66|move: Tailwind\n|move|p2b: Pelipper|Weather Ball|p1b: Gholdengo\n|-resisted|p1b: Gholdengo\n|-damage|p1b: Gholdengo|54\/100\n|-damage|p2b: Pelipper|63\/100|[from] item: Life Orb\n|move|p1b: Gholdengo|Nasty Plot|p1b: Gholdengo\n|-boost|p1b: Gholdengo|spa|2\n|move|p1a: Dragonite|Tailwind|p1a: Dragonite\n|-sidestart|p1: VGCLTH Python|move: Tailwind\n|\n|-weather|none\n|-heal|p2a: Whimsicott|61\/100|[from] Grassy Terrain\n|-heal|p1b: Gholdengo|60\/100|[from] Grassy Terrain\n|upkeep\n|turn|6\n|\n|t:|1732373810\n|switch|p2b: Archaludon|Archaludon, L50, M|100\/100\n|move|p1a: Dragonite|Protect|p1a: Dragonite\n|-singleturn|p1a: Dragonite|Protect\n|move|p2a: Whimsicott|Light Screen|p2a: Whimsicott\n|-sidestart|p2: VGCLTH ladderboy66|move: Light Screen\n|move|p1b: Gholdengo|Make It Rain|p2a: Whimsicott|[spread] p2a,p2b\n|-supereffective|p2a: Whimsicott\n|-resisted|p2b: Archaludon\n|-crit|p2b: Archaludon\n|-damage|p2a: Whimsicott|0 fnt\n|-damage|p2b: Archaludon|18\/100\n|-unboost|p1b: Gholdengo|spa|1\n|-ability|p2b: Archaludon|Stamina|boost\n|-boost|p2b: Archaludon|def|1\n|faint|p2a: Whimsicott\n|-damage|p1b: Gholdengo|50\/100|[from] item: Life Orb\n|\n|-heal|p1b: Gholdengo|57\/100|[from] Grassy Terrain\n|-heal|p2b: Archaludon|24\/100|[from] Grassy Terrain\n|-fieldend|move: Grassy Terrain\n|upkeep\n|\n|t:|1732373816\n|switch|p2a: Pelipper|Pelipper, L50, F|63\/100\n|-weather|RainDance|[from] ability: Drizzle|[of] p2a: Pelipper\n|turn|7\n|\n|t:|1732373826\n|move|p2a: Pelipper|Wide Guard|p2a: Pelipper\n|-singleturn|p2a: Pelipper|Wide Guard\n|move|p1b: Gholdengo|Shadow Ball|p2b: Archaludon\n|-damage|p2b: Archaludon|0 fnt\n|faint|p2b: Archaludon\n|-damage|p1b: Gholdengo|47\/100|[from] item: Life Orb\n|move|p1a: Dragonite|Scale Shot|p2a: Pelipper\n|-damage|p2a: Pelipper|45\/100\n|-damage|p2a: Pelipper|24\/100\n|-damage|p2a: Pelipper|6\/100\n|-damage|p2a: Pelipper|0 fnt\n|faint|p2a: Pelipper\n|-hitcount|p2: Pelipper|4\n|\n|win|VGCLTH Python\n|raw|VGCLTH Python's rating: 1664 &rarr; <strong>1690<\/strong><br \/>(+26 for winning)\n|raw|VGCLTH ladderboy66's rating: 1768 &rarr; <strong>1742<\/strong><br \/>(-26 for losing)\n|l|\u2606VGCLTH ladderboy66\n|player|p2|\n|l|\u2606VGCLTH Python\n|player|p1|\n","uploadtime":1732373981,"views":6,"formatid":"gen9vgc2024regh","rating":1690,"private":0,"password":null}