{"id":"gen9vgc2024regh-2249993047","format":"[Gen 9] VGC 2024 Reg H","players":["VGCLTH R0gue","testy accounty 2"],"log":"|j|\u2606VGCLTH R0gue\n|j|\u2606testy accounty 2\n|t:|1732428046\n|gametype|doubles\n|player|p1|VGCLTH R0gue|ingo|1635\n|player|p2|testy accounty 2|102|1810\n|teamsize|p1|6\n|teamsize|p2|6\n|gen|9\n|tier|[Gen 9] VGC 2024 Reg H\n|rated|\n|rule|Species Clause: Limit one of each Pok\u00e9mon\n|rule|Item Clause: Limit 1 of each item\n|clearpoke\n|poke|p1|Talonflame, L50, M|\n|poke|p1|Indeedee, L50, M|\n|poke|p1|Sneasler, L50, M|\n|poke|p1|Gholdengo, L50|\n|poke|p1|Dragapult, L50, M|\n|poke|p1|Primarina, L50, F|\n|poke|p2|Pelipper, L50, M|\n|poke|p2|Archaludon, L50, F|\n|poke|p2|Sneasler, L50, M|\n|poke|p2|Dragonite, L50, M|\n|poke|p2|Basculegion, L50, M|\n|poke|p2|Rillaboom, L50, F|\n|teampreview|4\n|inactive|Battle timer is ON: inactive players will automatically lose when time's up. (requested by VGCLTH R0gue)\n|\n|t:|1732428072\n|start\n|switch|p1a: Talonflame|Talonflame, L50, M|100\/100\n|switch|p1b: Indeedee|Indeedee, L50, M|100\/100\n|switch|p2a: Hephetus|Archaludon, L50, F|100\/100\n|switch|p2b: Ceasar|Rillaboom, L50, F|100\/100\n|-fieldstart|move: Psychic Terrain|[from] ability: Psychic Surge|[of] p1b: Indeedee\n|-fieldstart|move: Grassy Terrain|[from] ability: Grassy Surge|[of] p2b: Ceasar\n|turn|1\n|inactive|testy accounty 2 has 30 seconds left.\n|\n|t:|1732428100\n|switch|p1b: Gholdengo|Gholdengo, L50|100\/100\n|switch|p2b: Posiden|Pelipper, L50, M|100\/100\n|-weather|RainDance|[from] ability: Drizzle|[of] p2b: Posiden\n|move|p1a: Talonflame|Tailwind|p1a: Talonflame\n|-sidestart|p1: VGCLTH R0gue|move: Tailwind\n|move|p2a: Hephetus|Electro Shot||[still]\n|-prepare|p2a: Hephetus|Electro Shot\n|-boost|p2a: Hephetus|spa|1\n|-anim|p2a: Hephetus|Electro Shot|p1a: Talonflame\n|-supereffective|p1a: Talonflame\n|-damage|p1a: Talonflame|0 fnt\n|faint|p1a: Talonflame\n|\n|-weather|RainDance|[upkeep]\n|upkeep\n|\n|t:|1732428110\n|switch|p1a: Indeedee|Indeedee, L50, M|100\/100\n|-fieldstart|move: Psychic Terrain|[from] ability: Psychic Surge|[of] p1a: Indeedee\n|turn|2\n|\n|t:|1732428126\n|-terastallize|p1a: Indeedee|Fighting\n|move|p2b: Posiden|Protect|p2b: Posiden\n|-singleturn|p2b: Posiden|Protect\n|move|p1a: Indeedee|Tera Blast|p2a: Hephetus|[anim] Tera Blast Fighting\n|-supereffective|p2a: Hephetus\n|-damage|p2a: Hephetus|29\/100\n|-ability|p2a: Hephetus|Stamina|boost\n|-boost|p2a: Hephetus|def|1\n|move|p1b: Gholdengo|Shadow Ball|p2a: Hephetus\n|-damage|p2a: Hephetus|0 fnt\n|faint|p2a: Hephetus\n|\n|-weather|RainDance|[upkeep]\n|upkeep\n|\n|t:|1732428139\n|switch|p2a: Ceasar|Rillaboom, L50, F|100\/100\n|-fieldstart|move: Grassy Terrain|[from] ability: Grassy Surge|[of] p2a: Ceasar\n|turn|3\n|\n|t:|1732428150\n|switch|p1a: Sneasler|Sneasler, L50, M|100\/100\n|move|p2a: Ceasar|Fake Out|p1a: Sneasler\n|-crit|p1a: Sneasler\n|-damage|p1a: Sneasler|68\/100\n|move|p1b: Gholdengo|Shadow Ball|p2a: Ceasar\n|-damage|p2a: Ceasar|28\/100\n|move|p2b: Posiden|Tailwind|p2b: Posiden\n|-sidestart|p2: testy accounty 2|move: Tailwind\n|\n|-weather|RainDance|[upkeep]\n|-heal|p1a: Sneasler|74\/100|[from] Grassy Terrain\n|-heal|p2a: Ceasar|34\/100|[from] Grassy Terrain\n|upkeep\n|turn|4\n|inactive|testy accounty 2 has 30 seconds left.\n|inactive|testy accounty 2 has 20 seconds left.\n|inactive|testy accounty 2 has 15 seconds left.\n|\n|t:|1732428193\n|switch|p2a: Hermes|Sneasler, L50, M|100\/100\n|-enditem|p2a: Hermes|Grassy Seed\n|-boost|p2a: Hermes|def|1|[from] item: Grassy Seed\n|move|p1a: Sneasler|Dire Claw|p2a: Hermes\n|-resisted|p2a: Hermes\n|-crit|p2a: Hermes\n|-damage|p2a: Hermes|45\/100\n|move|p1b: Gholdengo|Shadow Ball|p2a: Hermes\n|-damage|p2a: Hermes|0 fnt\n|faint|p2a: Hermes\n|move|p2b: Posiden|Hurricane|p1a: Sneasler\n|-supereffective|p1a: Sneasler\n|-damage|p1a: Sneasler|0 fnt\n|faint|p1a: Sneasler\n|\n|-weather|RainDance|[upkeep]\n|-sideend|p1: VGCLTH R0gue|move: Tailwind\n|upkeep\n|\n|t:|1732428216\n|switch|p2a: Ceasar|Rillaboom, L50, F|34\/100\n|switch|p1a: Indeedee|Indeedee, L50, M, tera:Fighting|100\/100\n|-fieldstart|move: Psychic Terrain|[from] ability: Psychic Surge|[of] p1a: Indeedee\n|turn|5\n|\n|t:|1732428236\n|move|p2a: Ceasar|Grassy Glide|p1b: Gholdengo\n|-resisted|p1b: Gholdengo\n|-damage|p1b: Gholdengo|84\/100\n|move|p2b: Posiden|Weather Ball|p1b: Gholdengo\n|-damage|p1b: Gholdengo|18\/100\n|move|p1a: Indeedee|Expanding Force|p2a: Ceasar|[spread] p2a,p2b\n|-damage|p2a: Ceasar|0 fnt\n|-damage|p2b: Posiden|21\/100\n|faint|p2a: Ceasar\n|move|p1b: Gholdengo|Shadow Ball|p2b: Posiden\n|-damage|p2b: Posiden|0 fnt\n|faint|p2b: Posiden\n|\n|win|VGCLTH R0gue\n|raw|VGCLTH R0gue's rating: 1635 &rarr; <strong>1664<\/strong><br \/>(+29 for winning)\n|raw|testy accounty 2's rating: 1810 &rarr; <strong>1781<\/strong><br \/>(-29 for losing)\n|l|\u2606testy accounty 2\n|player|p2|\n|l|\u2606VGCLTH R0gue\n|player|p1|\n|j|\u2606VGCLTH R0gue\n|player|p1|VGCLTH R0gue|ingo|\n|l|\u2606VGCLTH R0gue\n|player|p1|\n","uploadtime":1732428467,"views":5,"formatid":"gen9vgc2024regh","rating":1664,"private":0,"password":null}