{"id":"gen9vgc2024regh-2249454999","format":"[Gen 9] VGC 2024 Reg H","players":["Djjwjwwjj","FireRedzzz"],"log":"|j|\u2606Djjwjwwjj\n|j|\u2606FireRedzzz\n|t:|1732347277\n|gametype|doubles\n|player|p1|Djjwjwwjj|102|1725\n|player|p2|FireRedzzz|ethan|1717\n|teamsize|p1|6\n|teamsize|p2|6\n|gen|9\n|tier|[Gen 9] VGC 2024 Reg H\n|rated|\n|rule|Species Clause: Limit one of each Pok\u00e9mon\n|rule|Item Clause: Limit 1 of each item\n|clearpoke\n|poke|p1|Pelipper, L50, F|\n|poke|p1|Incineroar, L50, F|\n|poke|p1|Palafin, L50, M|\n|poke|p1|Archaludon, L50, M|\n|poke|p1|Amoonguss, L50, M|\n|poke|p1|Farigiraf, L50, M|\n|poke|p2|Kingambit, L50, F|\n|poke|p2|Electabuzz, L50, M|\n|poke|p2|Rillaboom, L50, F|\n|poke|p2|Primarina, L50, M|\n|poke|p2|Sneasler, L50, M|\n|poke|p2|Volcarona, L50, M|\n|teampreview|4\nFireRedzzz has agreed to open team sheets.\n|inactive|Battle timer is ON: inactive players will automatically lose when time's up. (requested by FireRedzzz)\n|\n|t:|1732347326\n|start\n|switch|p1a: Palafin|Palafin, L50, M|100\/100\n|switch|p1b: Archaludon|Archaludon, L50, M|100\/100\n|switch|p2a: Volcarona|Volcarona, L50, M, shiny|100\/100\n|switch|p2b: Electabuzz|Electabuzz, L50, M|100\/100\n|turn|1\n|\n|t:|1732347349\n|move|p2b: Electabuzz|Follow Me|p2b: Electabuzz\n|-singleturn|p2b: Electabuzz|move: Follow Me\n|move|p1a: Palafin|Flip Turn|p2b: Electabuzz\n|-damage|p2b: Electabuzz|78\/100\n|\n|t:|1732347368\n|detailschange|p1a: Palafin|Palafin-Hero, L50, M\n|switch|p1a: Pelipper|Pelipper, L50, F|100\/100|[from] Flip Turn\n|-weather|RainDance|[from] ability: Drizzle|[of] p1a: Pelipper\n|move|p2a: Volcarona|Quiver Dance|p2a: Volcarona\n|-boost|p2a: Volcarona|spa|1\n|-boost|p2a: Volcarona|spd|1\n|-boost|p2a: Volcarona|spe|1\n|move|p1b: Archaludon|Snarl|p2b: Electabuzz|[spread] p2a,p2b\n|-damage|p2a: Volcarona|93\/100\n|-damage|p2b: Electabuzz|68\/100\n|-unboost|p2a: Volcarona|spa|1\n|-unboost|p2b: Electabuzz|spa|1\n|\n|-weather|RainDance|[upkeep]\n|upkeep\n|turn|2\n|inactive|Djjwjwwjj has 30 seconds left.\n|\n|t:|1732347402\n|switch|p2b: Kingambit|Kingambit, L50, F|100\/100\n|-terastallize|p2a: Volcarona|Fairy\n|-terastallize|p1a: Pelipper|Stellar\n|move|p2a: Volcarona|Quiver Dance|p2a: Volcarona\n|-boost|p2a: Volcarona|spa|1\n|-boost|p2a: Volcarona|spd|1\n|-boost|p2a: Volcarona|spe|1\n|move|p1a: Pelipper|Weather Ball|p2b: Kingambit\n|-damage|p2b: Kingambit|13\/100\n|move|p1b: Archaludon|Electro Shot||[still]\n|-prepare|p1b: Archaludon|Electro Shot\n|-boost|p1b: Archaludon|spa|1\n|-anim|p1b: Archaludon|Electro Shot|p2a: Volcarona\n|-damage|p2a: Volcarona|71\/100\n|\n|-weather|RainDance|[upkeep]\n|upkeep\n|turn|3\n|inactive|Djjwjwwjj has 30 seconds left.\n|inactive|FireRedzzz has 30 seconds left.\n|inactive|FireRedzzz has 20 seconds left.\n|inactive|Djjwjwwjj has 20 seconds left.\n|inactive|FireRedzzz has 15 seconds left.\n|inactive|FireRedzzz has 10 seconds left.\n|\n|t:|1732347450\n|switch|p1a: Palafin|Palafin-Hero, L50, M|100\/100\n|-activate|p1a: Palafin|ability: Zero to Hero\n|move|p2b: Kingambit|Sucker Punch|p1b: Archaludon\n|-damage|p1b: Archaludon|70\/100\n|-ability|p1b: Archaludon|Stamina|boost\n|-boost|p1b: Archaludon|def|1\n|move|p2a: Volcarona|Tera Blast|p1b: Archaludon|[anim] Tera Blast Fairy\n|-damage|p1b: Archaludon|31\/100\n|-ability|p1b: Archaludon|Stamina|boost\n|-boost|p1b: Archaludon|def|1\n|move|p1b: Archaludon|Electro Shot||[still]\n|-prepare|p1b: Archaludon|Electro Shot\n|-boost|p1b: Archaludon|spa|1\n|-anim|p1b: Archaludon|Electro Shot|p2b: Kingambit\n|-damage|p2b: Kingambit|0 fnt\n|faint|p2b: Kingambit\n|\n|-weather|RainDance|[upkeep]\n|upkeep\n|inactive|FireRedzzz has 30 seconds left.\n|inactive|FireRedzzz has 20 seconds left.\n|\n|t:|1732347487\n|switch|p2b: Rillaboom|Rillaboom, L50, F|100\/100\n|-fieldstart|move: Grassy Terrain|[from] ability: Grassy Surge|[of] p2b: Rillaboom\n|-enditem|p2a: Volcarona|Grassy Seed\n|-boost|p2a: Volcarona|def|1|[from] item: Grassy Seed\n|turn|4\n|\n|t:|1732347508\n|switch|p1b: Farigiraf|Farigiraf, L50, M|100\/100\n|move|p2b: Rillaboom|Fake Out|p1a: Palafin\n|-damage|p1a: Palafin|87\/100\n|move|p2a: Volcarona|Tera Blast|p1b: Farigiraf|[anim] Tera Blast Fairy\n|-damage|p1b: Farigiraf|53\/100\n|cant|p1a: Palafin|flinch\n|\n|-weather|RainDance|[upkeep]\n|-heal|p2a: Volcarona|76\/100|[from] Grassy Terrain\n|-heal|p1a: Palafin|93\/100|[from] Grassy Terrain\n|-heal|p1b: Farigiraf|59\/100|[from] Grassy Terrain\n|upkeep\n|turn|5\n|c|\u2606FireRedzzz|nani\n|inactive|Djjwjwwjj has 30 seconds left.\n|inactive|FireRedzzz has 30 seconds left.\n|\n|t:|1732347538\n|switch|p1a: Archaludon|Archaludon, L50, M|31\/100\n|move|p2a: Volcarona|Protect|p2a: Volcarona\n|-singleturn|p2a: Volcarona|Protect\n|move|p2b: Rillaboom|Wood Hammer|p1b: Farigiraf\n|-damage|p1b: Farigiraf|0 fnt\n|faint|p1b: Farigiraf\n|-damage|p2b: Rillaboom|79\/100|[from] Recoil\n|\n|-weather|none\n|-heal|p2a: Volcarona|82\/100|[from] Grassy Terrain\n|-heal|p1a: Archaludon|38\/100|[from] Grassy Terrain\n|-heal|p2b: Rillaboom|85\/100|[from] Grassy Terrain\n|upkeep\n|\n|t:|1732347551\n|switch|p1b: Palafin|Palafin-Hero, L50, M|93\/100\n|turn|6\n|\n|t:|1732347569\n|switch|p1a: Pelipper|Pelipper, L50, F, tera:Stellar|100\/100\n|-weather|RainDance|[from] ability: Drizzle|[of] p1a: Pelipper\n|move|p1b: Palafin|Jet Punch|p2a: Volcarona\n|-damage|p2a: Volcarona|18\/100\n|-status|p1b: Palafin|brn|[from] ability: Flame Body|[of] p2a: Volcarona\n|move|p2a: Volcarona|Heat Wave|p1a: Pelipper|[spread] p1a,p1b\n|-resisted|p1a: Pelipper\n|-resisted|p1b: Palafin\n|-damage|p1a: Pelipper|78\/100\n|-damage|p1b: Palafin|80\/100 brn\n|move|p2b: Rillaboom|Wood Hammer|p1a: Pelipper\n|-damage|p1a: Pelipper|0 fnt\n|faint|p1a: Pelipper\n|-damage|p2b: Rillaboom|67\/100|[from] Recoil\n|\n|-weather|RainDance|[upkeep]\n|-heal|p2a: Volcarona|24\/100|[from] Grassy Terrain\n|-heal|p1b: Palafin|86\/100 brn|[from] Grassy Terrain\n|-heal|p2b: Rillaboom|73\/100|[from] Grassy Terrain\n|-damage|p1b: Palafin|80\/100 brn|[from] brn\n|upkeep\n|\n|t:|1732347589\n|switch|p1a: Archaludon|Archaludon, L50, M|38\/100\n|turn|7\n|-message|Djjwjwwjj forfeited.\n|\n|win|FireRedzzz\n|raw|Djjwjwwjj's rating: 1725 &rarr; <strong>1705<\/strong><br \/>(-20 for losing)\n|raw|FireRedzzz's rating: 1717 &rarr; <strong>1737<\/strong><br \/>(+20 for winning)\n|l|\u2606Djjwjwwjj\n|player|p1|\n|l|\u2606FireRedzzz\n|player|p2|\n","uploadtime":1732347806,"views":5,"formatid":"gen9vgc2024regh","rating":1705,"private":0,"password":null}