{"id":"gen9vgc2024regh-2249233439","format":"[Gen 9] VGC 2024 Reg H","players":["Proffesor_karrot","KD-Alt-711"],"log":"|j|\u2606Proffesor_karrot\n|j|\u2606KD-Alt-711\n|t:|1732313962\n|gametype|doubles\n|player|p1|Proffesor_karrot|lady|1702\n|player|p2|KD-Alt-711|101|1709\n|teamsize|p1|6\n|teamsize|p2|6\n|gen|9\n|tier|[Gen 9] VGC 2024 Reg H\n|rated|\n|rule|Species Clause: Limit one of each Pok\u00e9mon\n|rule|Item Clause: Limit 1 of each item\n|clearpoke\n|poke|p1|Incineroar, L50, F|\n|poke|p1|Rillaboom, L50, F|\n|poke|p1|Chesnaught, L50, F|\n|poke|p1|Volcarona, L50, F|\n|poke|p1|Primarina, L50, F|\n|poke|p1|Dragonite, L50, F|\n|poke|p2|Palafin, L50, F|\n|poke|p2|Kingdra, L50, M|\n|poke|p2|Politoed, L50, F|\n|poke|p2|Archaludon, L50, F|\n|poke|p2|Salamence, L50, F|\n|poke|p2|Rillaboom, L50, F|\n|teampreview|4\n|inactive|Battle timer is ON: inactive players will automatically lose when time's up. (requested by Proffesor_karrot)\n|\n|t:|1732313985\n|start\n|switch|p1a: Z0arark|Volcarona, L50, F|100\/100\n|switch|p1b: Z0rua|Primarina, L50, F, shiny|100\/100\n|switch|p2a: Kingdra|Kingdra, L50, M, shiny|100\/100\n|switch|p2b: Salamence|Salamence, L50, F, shiny|100\/100\n|-ability|p2b: Salamence|Intimidate|boost\n|-unboost|p1a: Z0arark|atk|1\n|-unboost|p1b: Z0rua|atk|1\n|turn|1\n|\n|t:|1732314004\n|switch|p2b: Politoed|Politoed, L50, F, shiny|100\/100\n|-weather|RainDance|[from] ability: Drizzle|[of] p2b: Politoed\n|-terastallize|p2a: Kingdra|Flying\n|-terastallize|p1a: Z0arark|Water\n|move|p2a: Kingdra|Muddy Water|p1a: Z0arark|[spread] p1a,p1b\n|-resisted|p1a: Z0arark\n|-resisted|p1b: Z0rua\n|-damage|p1a: Z0arark|75\/100\n|-damage|p1b: Z0rua|78\/100\n|-damage|p2a: Kingdra|91\/100|[from] item: Life Orb\n|move|p1a: Z0arark|Tailwind|p1a: Z0arark\n|-sidestart|p1: Proffesor_karrot|move: Tailwind\n|move|p1b: Z0rua|Dazzling Gleam|p2b: Politoed|[spread] p2a,p2b\n|-damage|p2a: Kingdra|31\/100\n|-damage|p2b: Politoed|63\/100\n|\n|-weather|RainDance|[upkeep]\n|upkeep\n|turn|2\n|\n|t:|1732314016\n|move|p2b: Politoed|Helping Hand|p2a: Kingdra\n|-singleturn|p2a: Kingdra|Helping Hand|[of] p2b: Politoed\n|move|p2a: Kingdra|Draco Meteor|p1a: Z0arark\n|-damage|p1a: Z0arark|0 fnt\n|-unboost|p2a: Kingdra|spa|2\n|faint|p1a: Z0arark\n|-damage|p2a: Kingdra|21\/100|[from] item: Life Orb\n|move|p1b: Z0rua|Dazzling Gleam|p2a: Kingdra|[spread] p2a,p2b\n|-damage|p2a: Kingdra|0 fnt\n|-damage|p2b: Politoed|25\/100\n|-enditem|p2b: Politoed|Sitrus Berry|[eat]\n|-heal|p2b: Politoed|50\/100|[from] item: Sitrus Berry\n|faint|p2a: Kingdra\n|\n|-weather|RainDance|[upkeep]\n|upkeep\n|\n|t:|1732314029\n|switch|p2a: Archaludon|Archaludon, L50, F, shiny|100\/100\n|switch|p1a: Rayquaza_Mega|Dragonite, L50, F|100\/100\n|turn|3\n|\n|t:|1732314048\n|move|p2b: Politoed|Protect|p2b: Politoed\n|-singleturn|p2b: Politoed|Protect\n|move|p1a: Rayquaza_Mega|Scale Shot|p2a: Archaludon|[miss]\n|-miss|p1a: Rayquaza_Mega|p2a: Archaludon\n|move|p1b: Z0rua|Dazzling Gleam|p2b: Politoed|[spread] p2a\n|-activate|p2b: Politoed|move: Protect\n|-damage|p2a: Archaludon|68\/100\n|-ability|p2a: Archaludon|Stamina|boost\n|-boost|p2a: Archaludon|def|1\n|move|p2a: Archaludon|Electro Shot||[still]\n|-prepare|p2a: Archaludon|Electro Shot\n|-boost|p2a: Archaludon|spa|1\n|-anim|p2a: Archaludon|Electro Shot|p1a: Rayquaza_Mega\n|-damage|p1a: Rayquaza_Mega|29\/100\n|\n|-weather|RainDance|[upkeep]\n|upkeep\n|turn|4\n|\n|t:|1732314065\n|move|p1a: Rayquaza_Mega|Scale Shot|p2a: Archaludon\n|-damage|p2a: Archaludon|60\/100\n|-ability|p2a: Archaludon|Stamina|boost\n|-boost|p2a: Archaludon|def|1\n|-damage|p2a: Archaludon|55\/100\n|-ability|p2a: Archaludon|Stamina|boost\n|-boost|p2a: Archaludon|def|1\n|-damage|p2a: Archaludon|50\/100\n|-ability|p2a: Archaludon|Stamina|boost\n|-boost|p2a: Archaludon|def|1\n|-damage|p2a: Archaludon|46\/100\n|-ability|p2a: Archaludon|Stamina|boost\n|-boost|p2a: Archaludon|def|1\n|-hitcount|p2a: Archaludon|4\n|-unboost|p1a: Rayquaza_Mega|def|1\n|-boost|p1a: Rayquaza_Mega|spe|1\n|move|p1b: Z0rua|Dazzling Gleam|p2a: Archaludon|[spread] p2a,p2b\n|-crit|p2b: Politoed\n|-damage|p2a: Archaludon|10\/100\n|-damage|p2b: Politoed|0 fnt\n|-ability|p2a: Archaludon|Stamina|boost\n|-boost|p2a: Archaludon|def|1\n|faint|p2b: Politoed\n|move|p2a: Archaludon|Electro Shot||[still]\n|-prepare|p2a: Archaludon|Electro Shot\n|-boost|p2a: Archaludon|spa|1\n|-anim|p2a: Archaludon|Electro Shot|p1a: Rayquaza_Mega\n|-damage|p1a: Rayquaza_Mega|0 fnt\n|faint|p1a: Rayquaza_Mega\n|\n|-weather|RainDance|[upkeep]\n|-sideend|p1: Proffesor_karrot|move: Tailwind\n|upkeep\n|\n|t:|1732314088\n|switch|p1a: Urshlfu|Chesnaught, L50, F, shiny|100\/100\n|switch|p2b: Salamence|Salamence, L50, F, shiny|100\/100\n|-ability|p2b: Salamence|Intimidate|boost\n|-unboost|p1a: Urshlfu|atk|1\n|-unboost|p1b: Z0rua|atk|1\n|turn|5\n|\n|t:|1732314098\n|move|p2b: Salamence|Tailwind|p2b: Salamence\n|-sidestart|p2: KD-Alt-711|move: Tailwind\n|move|p2a: Archaludon|Electro Shot||[still]\n|-prepare|p2a: Archaludon|Electro Shot\n|-boost|p2a: Archaludon|spa|1\n|-anim|p2a: Archaludon|Electro Shot|p1b: Z0rua\n|-supereffective|p1b: Z0rua\n|-damage|p1b: Z0rua|0 fnt\n|faint|p1b: Z0rua\n|move|p1a: Urshlfu|Drain Punch|p2a: Archaludon\n|-supereffective|p2a: Archaludon\n|-damage|p2a: Archaludon|0 fnt\n|faint|p2a: Archaludon\n|\n|-weather|none\n|upkeep\n|turn|6\n|\n|t:|1732314107\n|move|p2b: Salamence|Hurricane|p1a: Urshlfu\n|-supereffective|p1a: Urshlfu\n|-damage|p1a: Urshlfu|0 fnt\n|faint|p1a: Urshlfu\n|\n|win|KD-Alt-711\n|raw|Proffesor_karrot's rating: 1702 &rarr; <strong>1682<\/strong><br \/>(-20 for losing)\n|raw|KD-Alt-711's rating: 1709 &rarr; <strong>1729<\/strong><br \/>(+20 for winning)\n|l|\u2606KD-Alt-711\n|player|p2|\n|l|\u2606Proffesor_karrot\n|player|p1|\n","uploadtime":1732314370,"views":12,"formatid":"gen9vgc2024regh","rating":1682,"private":0,"password":null}