{"id":"gen9vgc2024regh-2249591370","format":"[Gen 9] VGC 2024 Reg H","players":["Snorlax Double","chin8"],"log":"|j|\u2606Snorlax Double\n|j|\u2606chin8\n|t:|1732374172\n|gametype|doubles\n|player|p1|Snorlax Double|gambler|1686\n|player|p2|chin8|gentleman-gen4dp|1716\n|teamsize|p1|6\n|teamsize|p2|6\n|gen|9\n|tier|[Gen 9] VGC 2024 Reg H\n|rated|\n|rule|Species Clause: Limit one of each Pok\u00e9mon\n|rule|Item Clause: Limit 1 of each item\n|clearpoke\n|poke|p1|Rillaboom, L50, M|\n|poke|p1|Volcarona, L50, M|\n|poke|p1|Basculegion, L50, M|\n|poke|p1|Sneasler, L50, M|\n|poke|p1|Dragonite, L50, M|\n|poke|p1|Ninetales-Alola, L50, M|\n|poke|p2|Baxcalibur, L50, M|\n|poke|p2|Kilowattrel, L50, F|\n|poke|p2|Granbull, L50, M|\n|poke|p2|Gardevoir, L50, M|\n|poke|p2|Magmortar, L50, M|\n|poke|p2|Gholdengo, L50|\n|teampreview|4\n|inactive|Battle timer is ON: inactive players will automatically lose when time's up. (requested by chin8)\n|j| GooglePay\n|\n|t:|1732374234\n|start\n|switch|p1a: Ninetales|Ninetales-Alola, L50, M|100\/100\n|switch|p1b: Volcarona|Volcarona, L50, M|100\/100\n|switch|p2a: Granbull|Granbull, L50, M|100\/100\n|switch|p2b: Magmortar|Magmortar, L50, M|100\/100\n|-weather|Snow|[from] ability: Snow Warning|[of] p1a: Ninetales\n|-ability|p2a: Granbull|Intimidate|boost\n|-unboost|p1a: Ninetales|atk|1\n|-unboost|p1b: Volcarona|atk|1\n|turn|1\n|j| qiyeO.o\n|\n|t:|1732374256\n|move|p1a: Ninetales|Aurora Veil|p1a: Ninetales\n|-sidestart|p1: Snorlax Double|move: Aurora Veil\n|move|p1b: Volcarona|Heat Wave|p2b: Magmortar|[spread] p2a,p2b\n|-resisted|p2b: Magmortar\n|-damage|p2a: Granbull|53\/100\n|-damage|p2b: Magmortar|83\/100\n|move|p2b: Magmortar|Heat Wave|p1a: Ninetales|[spread] p1a,p1b\n|-supereffective|p1a: Ninetales\n|-damage|p1a: Ninetales|56\/100\n|-damage|p1b: Volcarona|83\/100\n|move|p2a: Granbull|Encore|p1b: Volcarona\n|-start|p1b: Volcarona|Encore\n|\n|-weather|Snow|[upkeep]\n|-heal|p1b: Volcarona|89\/100|[from] item: Leftovers\n|upkeep\n|turn|2\n|l| qiyeO.o\n|\n|t:|1732374270\n|switch|p2a: Baxcalibur|Baxcalibur, L50, M|100\/100\n|move|p1a: Ninetales|Icy Wind|p2b: Magmortar|[spread] p2b\n|-miss|p1a: Ninetales|p2a: Baxcalibur\n|-resisted|p2b: Magmortar\n|-damage|p2b: Magmortar|77\/100\n|-unboost|p2b: Magmortar|spe|1\n|move|p1b: Volcarona|Heat Wave|p2b: Magmortar|[spread] p2b\n|-miss|p1b: Volcarona|p2a: Baxcalibur\n|-resisted|p2b: Magmortar\n|-damage|p2b: Magmortar|61\/100\n|move|p2b: Magmortar|Heat Wave|p1a: Ninetales|[spread] p1a,p1b\n|-supereffective|p1a: Ninetales\n|-damage|p1a: Ninetales|13\/100\n|-damage|p1b: Volcarona|71\/100\n|\n|-weather|Snow|[upkeep]\n|-heal|p1b: Volcarona|77\/100|[from] item: Leftovers\n|upkeep\n|turn|3\n|\n|t:|1732374294\n|move|p1a: Ninetales|Icy Wind|p2b: Magmortar|[spread] p2a,p2b\n|-resisted|p2b: Magmortar\n|-damage|p2a: Baxcalibur|94\/100\n|-damage|p2b: Magmortar|55\/100\n|-unboost|p2a: Baxcalibur|spe|1\n|-unboost|p2b: Magmortar|spe|1\n|move|p1b: Volcarona|Heat Wave|p2a: Baxcalibur|[spread] p2a,p2b\n|-resisted|p2b: Magmortar\n|-damage|p2a: Baxcalibur|74\/100\n|-damage|p2b: Magmortar|38\/100\n|-ability|p2a: Baxcalibur|Thermal Exchange|boost\n|-boost|p2a: Baxcalibur|atk|1\n|-enditem|p2b: Magmortar|Sitrus Berry|[eat]\n|-heal|p2b: Magmortar|63\/100|[from] item: Sitrus Berry\n|move|p2a: Baxcalibur|Glaive Rush|p1b: Volcarona\n|-damage|p1b: Volcarona|0 fnt\n|-singlemove|p2a: Baxcalibur|Glaive Rush|[silent]\n|faint|p1b: Volcarona\n|move|p2b: Magmortar|Heat Wave|p1a: Ninetales\n|-supereffective|p1a: Ninetales\n|-damage|p1a: Ninetales|0 fnt\n|faint|p1a: Ninetales\n|\n|-weather|Snow|[upkeep]\n|upkeep\n|l| GooglePay\n|\n|t:|1732374310\n|switch|p1a: Sneasler|Sneasler, L50, M|100\/100\n|switch|p1b: Basculegion|Basculegion, L50, M|100\/100\n|turn|4\n|\n|t:|1732374320\n|switch|p2a: Granbull|Granbull, L50, M|53\/100\n|-ability|p2a: Granbull|Intimidate|boost\n|-unboost|p1a: Sneasler|atk|1\n|-unboost|p1b: Basculegion|atk|1\n|move|p2b: Magmortar|Protect|p2b: Magmortar\n|-singleturn|p2b: Magmortar|Protect\n|move|p1b: Basculegion|Last Respects|p2b: Magmortar\n|-activate|p2b: Magmortar|move: Protect\n|move|p1a: Sneasler|Dire Claw|p2a: Granbull\n|-supereffective|p2a: Granbull\n|-damage|p2a: Granbull|0 fnt\n|faint|p2a: Granbull\n|\n|-weather|Snow|[upkeep]\n|upkeep\n|\n|t:|1732374326\n|switch|p2a: Gholdengo|Gholdengo, L50|100\/100\n|turn|5\n|j| Fancy Cucudrula\n|inactive|Snorlax Double has 30 seconds left.\n|inactive|Snorlax Double has 20 seconds left.\n|inactive|Snorlax Double has 15 seconds left.\n|\n|t:|1732374368\n|-terastallize|p2b: Magmortar|Normal\n|move|p2b: Magmortar|Follow Me|p2b: Magmortar\n|-singleturn|p2b: Magmortar|move: Follow Me\n|move|p1b: Basculegion|Last Respects|p2b: Magmortar\n|-immune|p2b: Magmortar\n|move|p1a: Sneasler|Dire Claw|p2b: Magmortar\n|-damage|p2b: Magmortar|33\/100\n|move|p2a: Gholdengo|Shadow Ball|p1b: Basculegion\n|-supereffective|p1b: Basculegion\n|-damage|p1b: Basculegion|39\/100\n|-unboost|p1b: Basculegion|spd|1\n|\n|-weather|none\n|-sideend|p1: Snorlax Double|move: Aurora Veil\n|upkeep\n|turn|6\n|\n|t:|1732374387\n|move|p2b: Magmortar|Follow Me|p2b: Magmortar\n|-singleturn|p2b: Magmortar|move: Follow Me\n|move|p1b: Basculegion|Last Respects|p2b: Magmortar\n|-immune|p2b: Magmortar\n|move|p1a: Sneasler|Close Combat|p2b: Magmortar\n|-supereffective|p2b: Magmortar\n|-damage|p2b: Magmortar|0 fnt\n|-unboost|p1a: Sneasler|def|1\n|-unboost|p1a: Sneasler|spd|1\n|faint|p2b: Magmortar\n|move|p2a: Gholdengo|Make It Rain|p1a: Sneasler|[spread] p1a,p1b\n|-resisted|p1b: Basculegion\n|-damage|p1a: Sneasler|0 fnt\n|-damage|p1b: Basculegion|0 fnt\n|-unboost|p2a: Gholdengo|spa|1\n|faint|p1a: Sneasler\n|faint|p1b: Basculegion\n|\n|win|chin8\n|raw|Snorlax Double's rating: 1686 &rarr; <strong>1668<\/strong><br \/>(-18 for losing)\n|raw|chin8's rating: 1716 &rarr; <strong>1734<\/strong><br \/>(+18 for winning)\n|l|\u2606Snorlax Double\n|player|p1|\n|l|\u2606chin8\n|player|p2|\n","uploadtime":1732374535,"views":16,"formatid":"gen9vgc2024regh","rating":1668,"private":0,"password":null}