{"id":"gen9vgc2024regh-2249870705","format":"[Gen 9] VGC 2024 Reg H","players":["VGCLTH Python","canto 7 spoilers"],"log":"|raw|<div class=\"broadcast-blue\"><strong>This battle is required to be public due to a player having a name starting with 'vgclth'.<\/div>\n|j|\u2606VGCLTH Python\n|j|\u2606canto 7 spoilers\n|t:|1732410109\n|gametype|doubles\n|player|p1|VGCLTH Python|yellow|1623\n|player|p2|canto 7 spoilers|2|1706\n|teamsize|p1|6\n|teamsize|p2|6\n|gen|9\n|tier|[Gen 9] VGC 2024 Reg H\n|rated|\n|rule|Species Clause: Limit one of each Pok\u00e9mon\n|rule|Item Clause: Limit 1 of each item\n|clearpoke\n|poke|p1|Charizard, L50, F|\n|poke|p1|Torkoal, L50, M|\n|poke|p1|Murkrow, L50, F|\n|poke|p1|Dragapult, L50, F|\n|poke|p1|Sneasler, L50, M|\n|poke|p1|Indeedee, L50, M|\n|poke|p2|Sneasler, L50, F|\n|poke|p2|Dragonite, L50, M|\n|poke|p2|Milotic, L50, F|\n|poke|p2|Indeedee, L50, M|\n|poke|p2|Typhlosion-Hisui, L50, M|\n|poke|p2|Whimsicott, L50, M|\n|teampreview|4\n|inactive|Battle timer is ON: inactive players will automatically lose when time's up. (requested by VGCLTH Python)\n|\n|t:|1732410152\n|start\n|switch|p1a: Dragapult|Dragapult, L50, F|100\/100\n|switch|p1b: Murkrow|Murkrow, L50, F|100\/100\n|switch|p2a: Indeedee|Indeedee, L50, M|100\/100\n|switch|p2b: Whimsicott|Whimsicott, L50, M|100\/100\n|-fieldstart|move: Psychic Terrain|[from] ability: Psychic Surge|[of] p2a: Indeedee\n|turn|1\n|inactive|VGCLTH Python has 30 seconds left.\n|inactive|canto 7 spoilers has 30 seconds left.\n|inactive|VGCLTH Python has 20 seconds left.\n|inactive|VGCLTH Python has 15 seconds left.\n|inactive|VGCLTH Python has 10 seconds left.\n|inactive|VGCLTH Python has 5 seconds left.\n|\n|t:|1732410207\n|move|p2b: Whimsicott|Tailwind|p2b: Whimsicott\n|-sidestart|p2: canto 7 spoilers|move: Tailwind\n|move|p2a: Indeedee|Expanding Force|p1a: Dragapult|[spread] p1a\n|-immune|p1b: Murkrow\n|-damage|p1a: Dragapult|21\/100\n|move|p1a: Dragapult|Dragon Darts|p2a: Indeedee\n|-damage|p2a: Indeedee|7\/100\n|-anim|p1a: Dragapult|Dragon Darts|p2a: Indeedee\n|-damage|p2a: Indeedee|0 fnt\n|faint|p2a: Indeedee\n|move|p1b: Murkrow|Foul Play|p2b: Whimsicott\n|-resisted|p2b: Whimsicott\n|-damage|p2b: Whimsicott|90\/100\n|\n|upkeep\n|\n|t:|1732410221\n|switch|p2a: Sneasler|Sneasler, L50, F|100\/100\n|-enditem|p2a: Sneasler|Psychic Seed\n|-boost|p2a: Sneasler|spd|1|[from] item: Psychic Seed\n|turn|2\n|inactive|VGCLTH Python has 30 seconds left.\n|inactive|canto 7 spoilers has 30 seconds left.\n|inactive|VGCLTH Python has 20 seconds left.\n|inactive|canto 7 spoilers has 20 seconds left.\n|inactive|VGCLTH Python has 15 seconds left.\n|inactive|canto 7 spoilers has 15 seconds left.\n|inactive|VGCLTH Python has 10 seconds left.\n|inactive|canto 7 spoilers has 10 seconds left.\n|inactive|VGCLTH Python has 5 seconds left.\n|\n|t:|1732410276\n|-terastallize|p2a: Sneasler|Dark\n|move|p2a: Sneasler|Throat Chop|p1a: Dragapult\n|-supereffective|p1a: Dragapult\n|-damage|p1a: Dragapult|0 fnt\n|faint|p1a: Dragapult\n|move|p2b: Whimsicott|Moonblast|p1b: Murkrow\n|-supereffective|p1b: Murkrow\n|-damage|p1b: Murkrow|38\/100\n|-unboost|p1b: Murkrow|spa|1\n|move|p1b: Murkrow|Foul Play|p2a: Sneasler\n|-resisted|p2a: Sneasler\n|-damage|p2a: Sneasler|54\/100\n|\n|upkeep\n|\n|t:|1732410298\n|switch|p1a: Sneasler|Sneasler, L50, M|100\/100\n|-enditem|p1a: Sneasler|Psychic Seed\n|-boost|p1a: Sneasler|spd|1|[from] item: Psychic Seed\n|turn|3\n|\n|t:|1732410316\n|switch|p2b: Typhlosion|Typhlosion-Hisui, L50, M|100\/100\n|move|p1b: Murkrow|Tailwind|p1b: Murkrow\n|-sidestart|p1: VGCLTH Python|move: Tailwind\n|move|p1a: Sneasler|Dire Claw|p2a: Sneasler\n|-damage|p2a: Sneasler|0 fnt\n|faint|p2a: Sneasler\n|\n|upkeep\n|\n|t:|1732410324\n|switch|p2a: Whimsicott|Whimsicott, L50, M|90\/100\n|turn|4\n|\n|t:|1732410340\n|move|p1a: Sneasler|Protect|p1a: Sneasler\n|-singleturn|p1a: Sneasler|Protect\n|move|p2b: Typhlosion|Heat Wave|p1a: Sneasler|[spread] p1b\n|-activate|p1a: Sneasler|move: Protect\n|-damage|p1b: Murkrow|0 fnt\n|faint|p1b: Murkrow\n|move|p2a: Whimsicott|Moonblast|p1a: Sneasler\n|-activate|p1a: Sneasler|move: Protect\n|\n|-sideend|p2: canto 7 spoilers|move: Tailwind\n|upkeep\n|\n|t:|1732410342\n|switch|p1b: Indeedee|Indeedee, L50, M|100\/100\n|turn|5\n|j| bluestraggler02\n|\n|t:|1732410360\n|-terastallize|p1a: Sneasler|Dark\n|move|p2a: Whimsicott|Tailwind|p2a: Whimsicott\n|-sidestart|p2: canto 7 spoilers|move: Tailwind\n|move|p1a: Sneasler|Throat Chop|p2b: Typhlosion\n|-supereffective|p2b: Typhlosion\n|-damage|p2b: Typhlosion|0 fnt\n|faint|p2b: Typhlosion\n|move|p1b: Indeedee|Expanding Force|p2a: Whimsicott\n|-damage|p2a: Whimsicott|19\/100\n|\n|-fieldend|move: Psychic Terrain\n|upkeep\n|turn|6\n|\n|t:|1732410368\n|move|p1a: Sneasler|Dire Claw|p2a: Whimsicott\n|-supereffective|p2a: Whimsicott\n|-damage|p2a: Whimsicott|0 fnt\n|faint|p2a: Whimsicott\n|\n|win|VGCLTH Python\n|raw|VGCLTH Python's rating: 1640 &rarr; <strong>1664<\/strong><br \/>(+24 for winning)\n|raw|canto 7 spoilers's rating: 1706 &rarr; <strong>1682<\/strong><br \/>(-24 for losing)\n|l|\u2606VGCLTH Python\n|player|p1|\n|l|\u2606canto 7 spoilers\n|player|p2|\n|l| bluestraggler02\n","uploadtime":1732410373,"views":6,"formatid":"gen9vgc2024regh","rating":1664,"private":0,"password":null}