{"id":"gen9vgc2024regh-2249657355","format":"[Gen 9] VGC 2024 Reg H","players":["VGCLTH WitchMag","VGCLTH skibidi"],"log":"|raw|<div class=\"broadcast-blue\"><strong>This battle is required to be public due to a player having a name starting with 'vgclth'.<\/div>\n|j|\u2606VGCLTH WitchMag\n|j|\u2606VGCLTH skibidi\n|t:|1732382916\n|gametype|doubles\n|player|p1|VGCLTH WitchMag|cynthia-masters|1744\n|player|p2|VGCLTH skibidi|piers-masters|1841\n|teamsize|p1|6\n|teamsize|p2|6\n|gen|9\n|tier|[Gen 9] VGC 2024 Reg H\n|rated|\n|rule|Species Clause: Limit one of each Pok\u00e9mon\n|rule|Item Clause: Limit 1 of each item\n|clearpoke\n|poke|p1|Glimmora, L50, F|\n|poke|p1|Gholdengo, L50|\n|poke|p1|Garchomp, L50, M|\n|poke|p1|Talonflame, L50, F|\n|poke|p1|Rillaboom, L50, F|\n|poke|p1|Primarina, L50, M|\n|poke|p2|Ceruledge, L50, F|\n|poke|p2|Gastrodon-East, L50, M|\n|poke|p2|Sneasler, L50, M|\n|poke|p2|Kingambit, L50, M|\n|poke|p2|Rillaboom, L50, M|\n|poke|p2|Dragonite, L50, F|\n|teampreview|4\n|inactive|Battle timer is ON: inactive players will automatically lose when time's up. (requested by VGCLTH skibidi)\n|c|\u2606VGCLTH skibidi|hi\n|j| Therazer456\n|c|\u2606VGCLTH WitchMag|hell nah\n|c|\u2606VGCLTH skibidi|lol\n|c|\u2606VGCLTH skibidi|i cant lose this pls\n|c| Therazer456|o.o\n|c|\u2606VGCLTH skibidi|i need this 8 elo\n|c|\u2606VGCLTH skibidi|if i win\n|c|\u2606VGCLTH WitchMag|i need that 50 elo\n|inactive|VGCLTH WitchMag has 60 seconds left.\n|inactive|VGCLTH skibidi has 60 seconds left.\n|c| Therazer456|you should feel good that im not gatekeeping y'all atm lol\n|c|\u2606VGCLTH WitchMag|razer do it\n|\n|t:|1732382966\n|start\n|switch|p1a: Circe|Glimmora, L50, F|100\/100\n|switch|p1b: Odysseus|Talonflame, L50, F|100\/100\n|switch|p2a: Let's go gambling|Sneasler, L50, M|100\/100\n|switch|p2b: Godlyreal|Kingambit, L50, M|100\/100\n|turn|1\n|c|\u2606VGCLTH skibidi|i so hope i get top 1 of vgclt again\n|j| UGCL\n|j| qiyeO.o\n|\n|t:|1732382984\n|move|p2a: Let's go gambling|Coaching|p2b: Godlyreal\n|-boost|p2b: Godlyreal|atk|1\n|-boost|p2b: Godlyreal|def|1\n|move|p1b: Odysseus|Will-O-Wisp|p2a: Let's go gambling\n|-status|p2a: Let's go gambling|brn\n|move|p1a: Circe|Meteor Beam||[still]\n|-prepare|p1a: Circe|Meteor Beam\n|-boost|p1a: Circe|spa|1\n|-enditem|p1a: Circe|Power Herb\n|-anim|p1a: Circe|Meteor Beam|p2b: Godlyreal\n|-resisted|p2b: Godlyreal\n|-damage|p2b: Godlyreal|71\/100\n|move|p2b: Godlyreal|Iron Head|p1a: Circe\n|-supereffective|p1a: Circe\n|-damage|p1a: Circe|0 fnt\n|-activate|p1a: Circe|ability: Toxic Debris\n|-sidestart|p2: VGCLTH skibidi|move: Toxic Spikes\n|faint|p1a: Circe\n|\n|-damage|p2a: Let's go gambling|95\/100 brn|[from] brn\n|upkeep\n|c|\u2606VGCLTH skibidi|but its gonna be so hard\n|j| takuya3000\n|\n|t:|1732382999\n|switch|p1a: Athena|Garchomp, L50, M|100\/100\n|turn|2\n|\n|t:|1732383011\n|switch|p2a: Imagine I miss lol|Dragonite, L50, F|100\/100\n|-terastallize|p2b: Godlyreal|Flying\n|move|p1b: Odysseus|Will-O-Wisp|p2b: Godlyreal\n|-status|p2b: Godlyreal|brn\n|move|p1a: Athena|Earthquake|p2a: Imagine I miss lol|[spread] \n|-immune|p1b: Odysseus\n|-immune|p2a: Imagine I miss lol\n|-immune|p2b: Godlyreal\n|move|p2b: Godlyreal|Tera Blast|p1a: Athena|[anim] Tera Blast Flying\n|-crit|p1a: Athena\n|-damage|p1a: Athena|49\/100\n|\n|-damage|p2b: Godlyreal|65\/100 brn|[from] brn\n|upkeep\n|turn|3\n|c|\u2606VGCLTH WitchMag|CRIT\n|c|\u2606VGCLTH WitchMag|CRIT\n|c|\u2606VGCLTH WitchMag|CRIT\n|c| UGCL|godlyreal mished\n|c|\u2606VGCLTH skibidi|lol chill\n|inactive|VGCLTH WitchMag has 30 seconds left.\n|\n|t:|1732383040\n|switch|p2a: Let's go gambling|Sneasler, L50, M|95\/100 brn\n|-sideend|p2: VGCLTH skibidi|move: Toxic Spikes|[of] p2a: Let's go gambling\n|-terastallize|p1a: Athena|Steel\n|move|p1b: Odysseus|Tailwind|p1b: Odysseus\n|-sidestart|p1: VGCLTH WitchMag|move: Tailwind\n|move|p1a: Athena|Dragon Claw|p2a: Let's go gambling\n|-damage|p2a: Let's go gambling|7\/100 brn\n|-damage|p1a: Athena|39\/100|[from] item: Life Orb\n|move|p2b: Godlyreal|Tera Blast|p1a: Athena|[anim] Tera Blast Flying\n|-resisted|p1a: Athena\n|-damage|p1a: Athena|20\/100\n|\n|-damage|p2a: Let's go gambling|1\/100 brn|[from] brn\n|-damage|p2b: Godlyreal|59\/100 brn|[from] brn\n|upkeep\n|turn|4\n|j| VGCLTH R0gue\n|\n|t:|1732383059\n|move|p1a: Athena|Protect|p1a: Athena\n|-singleturn|p1a: Athena|Protect\n|move|p2a: Let's go gambling|Fake Out|p1a: Athena\n|-activate|p1a: Athena|move: Protect\n|move|p1b: Odysseus|Brave Bird|p2a: Let's go gambling\n|-supereffective|p2a: Let's go gambling\n|-damage|p2a: Let's go gambling|0 fnt\n|faint|p2a: Let's go gambling\n|-damage|p1b: Odysseus|99\/100|[from] Recoil\n|move|p2b: Godlyreal|Kowtow Cleave|p1b: Odysseus\n|-damage|p1b: Odysseus|45\/100\n|\n|-damage|p2b: Godlyreal|53\/100 brn|[from] brn\n|upkeep\n|\n|t:|1732383065\n|switch|p2a: Rizzler|Rillaboom, L50, M|100\/100\n|-fieldstart|move: Grassy Terrain|[from] ability: Grassy Surge|[of] p2a: Rizzler\n|turn|5\n|\n|t:|1732383087\n|move|p1a: Athena|Protect||[still]\n|-fail|p1a: Athena\n|move|p2a: Rizzler|Grassy Glide|p1a: Athena\n|-resisted|p1a: Athena\n|-damage|p1a: Athena|0 fnt\n|-damage|p2a: Rizzler|88\/100|[from] ability: Rough Skin|[of] p1a: Athena\n|faint|p1a: Athena\n|move|p1b: Odysseus|Brave Bird|p2a: Rizzler\n|-supereffective|p2a: Rizzler\n|-damage|p2a: Rizzler|0 fnt\n|faint|p2a: Rizzler\n|-damage|p1b: Odysseus|11\/100|[from] Recoil\n|move|p2b: Godlyreal|Kowtow Cleave|p1b: Odysseus\n|-damage|p1b: Odysseus|0 fnt\n|faint|p1b: Odysseus\n|\n|-damage|p2b: Godlyreal|47\/100 brn|[from] brn\n|upkeep\n|\n|t:|1732383097\n|switch|p1b: Sirens|Primarina, L50, M|100\/100\n|switch|p2a: Imagine I miss lol|Dragonite, L50, F|100\/100\n|turn|6\n|\n|t:|1732383104\n|move|p2a: Imagine I miss lol|Extreme Speed|p1b: Sirens\n|-damage|p1b: Sirens|70\/100\n|move|p1b: Sirens|Hyper Voice|p2b: Godlyreal|[spread] p2a,p2b\n|-resisted|p2a: Imagine I miss lol\n|-damage|p2a: Imagine I miss lol|94\/100\n|-damage|p2b: Godlyreal|26\/100 brn\n|-enditem|p1b: Sirens|Throat Spray\n|-boost|p1b: Sirens|spa|1|[from] item: Throat Spray\n|move|p2b: Godlyreal|Iron Head|p1b: Sirens\n|-damage|p1b: Sirens|37\/100\n|\n|-heal|p1b: Sirens|43\/100|[from] Grassy Terrain\n|-damage|p2b: Godlyreal|20\/100 brn|[from] brn\n|-sideend|p1: VGCLTH WitchMag|move: Tailwind\n|upkeep\n|turn|7\n|l| takuya3000\n|c|\u2606VGCLTH skibidi|hey\n|\n|t:|1732383128\n|move|p1b: Sirens|Protect|p1b: Sirens\n|-singleturn|p1b: Sirens|Protect\n|move|p2a: Imagine I miss lol|Extreme Speed|p1b: Sirens\n|-activate|p1b: Sirens|move: Protect\n|move|p2b: Godlyreal|Sucker Punch||[still]\n|-fail|p2b: Godlyreal\n|\n|-heal|p1b: Sirens|49\/100|[from] Grassy Terrain\n|-damage|p2b: Godlyreal|14\/100 brn|[from] brn\n|upkeep\n|turn|8\n|c|\u2606VGCLTH skibidi|can u be faster pls\n|c| UGCL|o.o\n|c|\u2606VGCLTH skibidi|i gtg\n|c|\u2606VGCLTH WitchMag|dc >:)\n|\n|t:|1732383142\n|move|p2a: Imagine I miss lol|Extreme Speed|p1b: Sirens\n|-damage|p1b: Sirens|20\/100\n|move|p2b: Godlyreal|Sucker Punch|p1b: Sirens\n|-resisted|p1b: Sirens\n|-damage|p1b: Sirens|4\/100\n|move|p1b: Sirens|Hyper Voice|p2a: Imagine I miss lol|[spread] p2a,p2b\n|-resisted|p2a: Imagine I miss lol\n|-damage|p2a: Imagine I miss lol|73\/100\n|-damage|p2b: Godlyreal|0 fnt\n|faint|p2b: Godlyreal\n|\n|-heal|p1b: Sirens|10\/100|[from] Grassy Terrain\n|upkeep\n|turn|9\n|c| UGCL|0o0-0o0\n|c|\u2606VGCLTH WitchMag|dc NOW\n|\n|t:|1732383153\n|move|p1b: Sirens|Protect|p1b: Sirens\n|-singleturn|p1b: Sirens|Protect\n|move|p2a: Imagine I miss lol|Extreme Speed|p1b: Sirens\n|-activate|p1b: Sirens|move: Protect\n|\n|-heal|p1b: Sirens|16\/100|[from] Grassy Terrain\n|-fieldend|move: Grassy Terrain\n|upkeep\n|turn|10\n|l| Therazer456\n|\n|t:|1732383160\n|move|p2a: Imagine I miss lol|Extreme Speed|p1b: Sirens\n|-damage|p1b: Sirens|0 fnt\n|faint|p1b: Sirens\n|\n|win|VGCLTH skibidi\n|raw|VGCLTH WitchMag's rating: 1744 &rarr; <strong>1729<\/strong><br \/>(-15 for losing)\n|raw|VGCLTH skibidi's rating: 1841 &rarr; <strong>1856<\/strong><br \/>(+15 for winning)\n|c| UGCL|0o0o0o0o0o0o0o0o0o\n|l|\u2606VGCLTH WitchMag\n|player|p1|\n|l| VGCLTH R0gue\n|j| VGCLTH R0gue\n|l| VGCLTH R0gue\n|l| qiyeO.o\n|l| UGCL\n|l|\u2606VGCLTH skibidi\n|player|p2|\n","uploadtime":1732383352,"views":13,"formatid":"gen9vgc2024regh","rating":1729,"private":0,"password":null}