{"id":"gen9vgc2024regh-2249574759","format":"[Gen 9] VGC 2024 Reg H","players":["binday","VGCLTH Python"],"log":"|raw|<div class=\"broadcast-blue\"><strong>This battle is required to be public due to a player having a name starting with 'vgclth'.<\/div>\n|j|\u2606binday\n|j|\u2606VGCLTH Python\n|t:|1732371756\n|gametype|doubles\n|player|p1|binday|170|1705\n|player|p2|VGCLTH Python|yellow|1667\n|teamsize|p1|6\n|teamsize|p2|6\n|gen|9\n|tier|[Gen 9] VGC 2024 Reg H\n|rated|\n|rule|Species Clause: Limit one of each Pok\u00e9mon\n|rule|Item Clause: Limit 1 of each item\n|clearpoke\n|poke|p1|Annihilape, L50, M|\n|poke|p1|Rillaboom, L50, F|\n|poke|p1|Grimmsnarl, L50, M|\n|poke|p1|Archaludon, L50, M|\n|poke|p1|Pelipper, L50, M|\n|poke|p1|Ursaluna-Bloodmoon, L50, M|\n|poke|p2|Volcarona, L50, M|\n|poke|p2|Gholdengo, L50|\n|poke|p2|Electabuzz, L50, M|\n|poke|p2|Gastrodon, L50, F|\n|poke|p2|Dragonite, L50, M|\n|poke|p2|Rillaboom, L50, M|\n|teampreview|4\n|j| bluestraggler02\n|\n|t:|1732371791\n|start\n|switch|p1a: Archaludon|Archaludon, L50, M|100\/100\n|switch|p1b: Pelipper|Pelipper, L50, M|100\/100\n|switch|p2a: Gholdengo|Gholdengo, L50|100\/100\n|switch|p2b: Electabuzz|Electabuzz, L50, M|100\/100\n|-weather|RainDance|[from] ability: Drizzle|[of] p1b: Pelipper\n|turn|1\n|\n|t:|1732371797\n|move|p2b: Electabuzz|Follow Me|p2b: Electabuzz\n|-singleturn|p2b: Electabuzz|move: Follow Me\n|move|p2a: Gholdengo|Nasty Plot|p2a: Gholdengo\n|-boost|p2a: Gholdengo|spa|2\n|move|p1b: Pelipper|Tailwind|p1b: Pelipper\n|-sidestart|p1: binday|move: Tailwind\n|move|p1a: Archaludon|Snarl|p2b: Electabuzz|[spread] p2b\n|-miss|p1a: Archaludon|p2a: Gholdengo\n|-crit|p2b: Electabuzz\n|-damage|p2b: Electabuzz|87\/100\n|-unboost|p2b: Electabuzz|spa|1\n|\n|-weather|RainDance|[upkeep]\n|upkeep\n|turn|2\n|\n|t:|1732371814\n|move|p2a: Gholdengo|Protect|p2a: Gholdengo\n|-singleturn|p2a: Gholdengo|Protect\n|move|p1b: Pelipper|Hurricane|p2b: Electabuzz\n|-resisted|p2b: Electabuzz\n|-damage|p2b: Electabuzz|71\/100\n|-start|p2b: Electabuzz|confusion\n|move|p1a: Archaludon|Snarl|p2b: Electabuzz|[spread] p2b\n|-activate|p2a: Gholdengo|move: Protect\n|-damage|p2b: Electabuzz|63\/100\n|-unboost|p2b: Electabuzz|spa|1\n|-activate|p2b: Electabuzz|confusion\n|move|p2b: Electabuzz|Thunderbolt|p1b: Pelipper\n|-supereffective|p1b: Pelipper\n|-damage|p1b: Pelipper|3\/100\n|-status|p1b: Pelipper|par\n|\n|-weather|RainDance|[upkeep]\n|upkeep\n|turn|3\n|j| futonkagebunshin\n|\n|t:|1732371832\n|-end|p2b: Electabuzz|confusion\n|move|p2b: Electabuzz|Feint|p1b: Pelipper\n|-damage|p1b: Pelipper|0 fnt\n|faint|p1b: Pelipper\n|move|p1a: Archaludon|Snarl|p2b: Electabuzz|[spread] p2a\n|-miss|p1a: Archaludon|p2b: Electabuzz\n|-supereffective|p2a: Gholdengo\n|-damage|p2a: Gholdengo|71\/100\n|-unboost|p2a: Gholdengo|spa|1\n|move|p2a: Gholdengo|Nasty Plot|p2a: Gholdengo\n|-boost|p2a: Gholdengo|spa|2\n|\n|-weather|RainDance|[upkeep]\n|upkeep\n|\n|t:|1732371841\n|switch|p1b: Annihilape|Annihilape, L50, M|100\/100\n|turn|4\n|\n|t:|1732371849\n|move|p2a: Gholdengo|Protect|p2a: Gholdengo\n|-singleturn|p2a: Gholdengo|Protect\n|move|p2b: Electabuzz|Protect|p2b: Electabuzz\n|-singleturn|p2b: Electabuzz|Protect\n|move|p1b: Annihilape|Bulk Up|p1b: Annihilape\n|-boost|p1b: Annihilape|atk|1\n|-boost|p1b: Annihilape|def|1\n|move|p1a: Archaludon|Electro Shot||[still]\n|-prepare|p1a: Archaludon|Electro Shot\n|-boost|p1a: Archaludon|spa|1\n|-anim|p1a: Archaludon|Electro Shot|p2a: Gholdengo\n|-activate|p2a: Gholdengo|move: Protect\n|\n|-weather|RainDance|[upkeep]\n|-sideend|p1: binday|move: Tailwind\n|upkeep\n|turn|5\n|\n|t:|1732371865\n|-terastallize|p2a: Gholdengo|Water\n|-terastallize|p1b: Annihilape|Fire\n|move|p2b: Electabuzz|Follow Me|p2b: Electabuzz\n|-singleturn|p2b: Electabuzz|move: Follow Me\n|move|p2a: Gholdengo|Shadow Ball|p1a: Archaludon\n|-damage|p1a: Archaludon|13\/100\n|-unboost|p1a: Archaludon|spd|1\n|-ability|p1a: Archaludon|Stamina|boost\n|-boost|p1a: Archaludon|def|1\n|-damage|p2a: Gholdengo|61\/100|[from] item: Life Orb\n|move|p1b: Annihilape|Bulk Up|p1b: Annihilape\n|-boost|p1b: Annihilape|atk|1\n|-boost|p1b: Annihilape|def|1\n|move|p1a: Archaludon|Snarl|p2b: Electabuzz|[spread] p2a,p2b\n|-damage|p2a: Gholdengo|41\/100\n|-damage|p2b: Electabuzz|50\/100\n|-unboost|p2a: Gholdengo|spa|1\n|-unboost|p2b: Electabuzz|spa|1\n|\n|-weather|none\n|upkeep\n|turn|6\n|\n|t:|1732371885\n|move|p2b: Electabuzz|Follow Me|p2b: Electabuzz\n|-singleturn|p2b: Electabuzz|move: Follow Me\n|move|p2a: Gholdengo|Shadow Ball|p1a: Archaludon\n|-damage|p1a: Archaludon|0 fnt\n|faint|p1a: Archaludon\n|-damage|p2a: Gholdengo|32\/100|[from] item: Life Orb\n|move|p1b: Annihilape|Drain Punch|p2b: Electabuzz\n|-damage|p2b: Electabuzz|0 fnt\n|faint|p2b: Electabuzz\n|\n|upkeep\n|\n|t:|1732371895\n|switch|p2b: Gastrodon|Gastrodon, L50, F|100\/100\n|switch|p1a: Ursaluna|Ursaluna-Bloodmoon, L50, M|100\/100\n|turn|7\n|\n|t:|1732371911\n|move|p2a: Gholdengo|Make It Rain|p1b: Annihilape|[spread] p1a,p1b\n|-resisted|p1b: Annihilape\n|-damage|p1a: Ursaluna|0 fnt\n|-damage|p1b: Annihilape|50\/100\n|-unboost|p2a: Gholdengo|spa|1\n|faint|p1a: Ursaluna\n|-damage|p2a: Gholdengo|22\/100|[from] item: Life Orb\n|move|p1b: Annihilape|Drain Punch|p2b: Gastrodon\n|-damage|p2b: Gastrodon|28\/100\n|-heal|p1b: Annihilape|88\/100|[from] drain|[of] p2b: Gastrodon\n|-enditem|p2b: Gastrodon|Sitrus Berry|[eat]\n|-heal|p2b: Gastrodon|53\/100|[from] item: Sitrus Berry\n|move|p2b: Gastrodon|Earth Power|p1b: Annihilape\n|-supereffective|p1b: Annihilape\n|-damage|p1b: Annihilape|19\/100\n|\n|upkeep\n|turn|8\n|-message|binday forfeited.\n|\n|win|VGCLTH Python\n|raw|binday's rating: 1705 &rarr; <strong>1683<\/strong><br \/>(-22 for losing)\n|raw|VGCLTH Python's rating: 1667 &rarr; <strong>1689<\/strong><br \/>(+22 for winning)\n|l|\u2606binday\n|player|p1|\n|l|\u2606VGCLTH Python\n|player|p2|\n","uploadtime":1732372183,"views":6,"formatid":"gen9vgc2024regh","rating":1683,"private":0,"password":null}