{"id":"gen9vgc2024regh-2249772671","format":"[Gen 9] VGC 2024 Reg H","players":["VGCLTH Oinge","Celestia74"],"log":"|raw|<div class=\"broadcast-blue\"><strong>This battle is required to be public due to a player having a name starting with 'vgclth'.<\/div>\n|j|\u2606VGCLTH Oinge\n|j|\u2606Celestia74\n|t:|1732397496\n|gametype|doubles\n|player|p1|VGCLTH Oinge|mars|1659\n|player|p2|Celestia74|mai|1741\n|teamsize|p1|6\n|teamsize|p2|6\n|gen|9\n|tier|[Gen 9] VGC 2024 Reg H\n|rated|\n|rule|Species Clause: Limit one of each Pok\u00e9mon\n|rule|Item Clause: Limit 1 of each item\n|clearpoke\n|poke|p1|Armarouge, L50, F|\n|poke|p1|Indeedee-F, L50, F|\n|poke|p1|Dragapult, L50, M|\n|poke|p1|Sneasler, L50, F|\n|poke|p1|Whimsicott, L50, M|\n|poke|p1|Annihilape, L50, F|\n|poke|p2|Sneasel-Hisui, L50, F|\n|poke|p2|Kingambit, L50, F|\n|poke|p2|Primarina, L50, F|\n|poke|p2|Rillaboom, L50, F|\n|poke|p2|Ceruledge, L50, F|\n|poke|p2|Indeedee, L50, M|\n|teampreview|4\n|inactive|Battle timer is ON: inactive players will automatically lose when time's up. (requested by Celestia74)\n|inactive|VGCLTH Oinge has 60 seconds left.\n|\n|t:|1732397531\n|start\n|switch|p1a: Sneasler|Sneasler, L50, F|100\/100\n|switch|p1b: Annihilape|Annihilape, L50, F|100\/100\n|switch|p2a: Primarina|Primarina, L50, F|100\/100\n|switch|p2b: Indeedee|Indeedee, L50, M|100\/100\n|-fieldstart|move: Psychic Terrain|[from] ability: Psychic Surge|[of] p2b: Indeedee\n|-enditem|p1a: Sneasler|Psychic Seed\n|-boost|p1a: Sneasler|spd|1|[from] item: Psychic Seed\n|turn|1\n|inactive|Celestia74 has 30 seconds left.\n|inactive|VGCLTH Oinge has 30 seconds left.\n|\n|t:|1732397567\n|-terastallize|p1a: Sneasler|Dark\n|-terastallize|p2b: Indeedee|Fairy\n|move|p2a: Primarina|Protect|p2a: Primarina\n|-singleturn|p2a: Primarina|Protect\n|move|p1a: Sneasler|Throat Chop|p2b: Indeedee\n|-resisted|p2b: Indeedee\n|-damage|p2b: Indeedee|54\/100\n|-start|p2b: Indeedee|Throat Chop|[silent]\n|move|p2b: Indeedee|Expanding Force|p1b: Annihilape|[spread] p1b\n|-immune|p1a: Sneasler\n|-supereffective|p1b: Annihilape\n|-crit|p1b: Annihilape\n|-damage|p1b: Annihilape|0 fnt\n|faint|p1b: Annihilape\n|\n|upkeep\n|inactive|VGCLTH Oinge has 30 seconds left.\n|\n|t:|1732397593\n|switch|p1b: Armarouge|Armarouge, L50, F|100\/100\n|turn|2\n|j| IWI Red\n|\n|t:|1732397607\n|switch|p2b: Kingambit|Kingambit, L50, F, shiny|100\/100\n|switch|p2a: Rillaboom|Rillaboom, L50, F|100\/100\n|-fieldstart|move: Grassy Terrain|[from] ability: Grassy Surge|[of] p2a: Rillaboom\n|move|p1a: Sneasler|Dire Claw|p2b: Kingambit\n|-immune|p2b: Kingambit\n|move|p1b: Armarouge|Expanding Force|p2a: Rillaboom\n|-damage|p2a: Rillaboom|66\/100\n|\n|-heal|p2a: Rillaboom|72\/100|[from] Grassy Terrain\n|upkeep\n|turn|3\n|\n|t:|1732397632\n|move|p2a: Rillaboom|Fake Out|p1a: Sneasler\n|-damage|p1a: Sneasler|79\/100\n|cant|p1a: Sneasler|flinch\n|move|p1b: Armarouge|Heat Wave|p2a: Rillaboom|[spread] p2a,p2b\n|-supereffective|p2a: Rillaboom\n|-supereffective|p2b: Kingambit\n|-damage|p2a: Rillaboom|8\/100\n|-damage|p2b: Kingambit|63\/100\n|-enditem|p2a: Rillaboom|Sitrus Berry|[eat]\n|-heal|p2a: Rillaboom|32\/100|[from] item: Sitrus Berry\n|move|p2b: Kingambit|Kowtow Cleave|p1b: Armarouge\n|-supereffective|p1b: Armarouge\n|-damage|p1b: Armarouge|21\/100\n|-ability|p1b: Armarouge|Weak Armor|boost\n|-unboost|p1b: Armarouge|def|1\n|-boost|p1b: Armarouge|spe|2\n|-enditem|p1b: Armarouge|Weakness Policy\n|-boost|p1b: Armarouge|atk|2|[from] item: Weakness Policy\n|-boost|p1b: Armarouge|spa|2|[from] item: Weakness Policy\n|\n|-heal|p1a: Sneasler|85\/100|[from] Grassy Terrain\n|-heal|p1b: Armarouge|28\/100|[from] Grassy Terrain\n|-heal|p2a: Rillaboom|38\/100|[from] Grassy Terrain\n|-heal|p2b: Kingambit|69\/100|[from] Grassy Terrain\n|upkeep\n|turn|4\n|inactive|VGCLTH Oinge has 30 seconds left.\n|inactive|VGCLTH Oinge has 20 seconds left.\n|\n|t:|1732397670\n|move|p1b: Armarouge|Endure|p1b: Armarouge\n|-singleturn|p1b: Armarouge|move: Endure\n|move|p2b: Kingambit|Sucker Punch||[still]\n|-fail|p2b: Kingambit\n|move|p1a: Sneasler|Dire Claw|p2a: Rillaboom\n|-supereffective|p2a: Rillaboom\n|-damage|p2a: Rillaboom|0 fnt\n|faint|p2a: Rillaboom\n|\n|-heal|p1a: Sneasler|91\/100|[from] Grassy Terrain\n|-heal|p1b: Armarouge|34\/100|[from] Grassy Terrain\n|-heal|p2b: Kingambit|75\/100|[from] Grassy Terrain\n|upkeep\n|\n|t:|1732397677\n|switch|p2a: Primarina|Primarina, L50, F|100\/100\n|turn|5\n|\n|t:|1732397699\n|move|p1b: Armarouge|Endure||[still]\n|-fail|p1b: Armarouge\n|move|p2b: Kingambit|Sucker Punch||[still]\n|-fail|p2b: Kingambit\n|move|p1a: Sneasler|Close Combat|p2b: Kingambit\n|-supereffective|p2b: Kingambit\n|-crit|p2b: Kingambit\n|-damage|p2b: Kingambit|0 fnt\n|-unboost|p1a: Sneasler|def|1\n|-unboost|p1a: Sneasler|spd|1\n|faint|p2b: Kingambit\n|move|p2a: Primarina|Haze|p2a: Primarina\n|-clearallboost\n|\n|-heal|p1a: Sneasler|97\/100|[from] Grassy Terrain\n|-heal|p1b: Armarouge|40\/100|[from] Grassy Terrain\n|upkeep\n|\n|t:|1732397703\n|switch|p2b: Indeedee|Indeedee, L50, M, tera:Fairy|54\/100\n|-fieldstart|move: Psychic Terrain|[from] ability: Psychic Surge|[of] p2b: Indeedee\n|turn|6\n|\n|t:|1732397723\n|move|p1a: Sneasler|Dire Claw|p2b: Indeedee\n|-supereffective|p2b: Indeedee\n|-damage|p2b: Indeedee|0 fnt\n|faint|p2b: Indeedee\n|move|p1b: Armarouge|Expanding Force|p2a: Primarina\n|-damage|p2a: Primarina|34\/100\n|move|p2a: Primarina|Hyper Voice|p1b: Armarouge|[spread] p1a,p1b\n|-supereffective|p1b: Armarouge\n|-damage|p1a: Sneasler|54\/100\n|-damage|p1b: Armarouge|0 fnt\n|faint|p1b: Armarouge\n|\n|upkeep\n|\n|t:|1732397729\n|switch|p1b: Dragapult|Dragapult, L50, M|100\/100\n|turn|7\n|-message|Celestia74 forfeited.\n|\n|win|VGCLTH Oinge\n|raw|VGCLTH Oinge's rating: 1659 &rarr; <strong>1684<\/strong><br \/>(+25 for winning)\n|raw|Celestia74's rating: 1741 &rarr; <strong>1716<\/strong><br \/>(-25 for losing)\n|l|\u2606Celestia74\n|player|p2|\n|l|\u2606VGCLTH Oinge\n|player|p1|\n|l| IWI Red\n","uploadtime":1732397903,"views":9,"formatid":"gen9vgc2024regh","rating":1684,"private":0,"password":null}