{"id":"gen9vgc2024regh-2250138221","format":"[Gen 9] VGC 2024 Reg H","players":["juacox300","VGCLTH skibidi"],"log":"|raw|<div class=\"broadcast-blue\"><strong>This battle is required to be public due to a player having a name starting with 'vgclth'.<\/div>\n|j|\u2606juacox300\n|j|\u2606VGCLTH skibidi\n|t:|1732457383\n|gametype|doubles\n|player|p1|juacox300|unknown|1819\n|player|p2|VGCLTH skibidi|piers-masters|1861\n|teamsize|p1|6\n|teamsize|p2|6\n|gen|9\n|tier|[Gen 9] VGC 2024 Reg H\n|rated|\n|rule|Species Clause: Limit one of each Pok\u00e9mon\n|rule|Item Clause: Limit 1 of each item\n|clearpoke\n|poke|p1|Ursaluna, L50, F|\n|poke|p1|Murkrow, L50, M|\n|poke|p1|Sneasler, L50, M|\n|poke|p1|Indeedee, L50, M|\n|poke|p1|Archaludon, L50, M|\n|poke|p1|Incineroar, L50, M|\n|poke|p2|Whimsicott, L50, F|\n|poke|p2|Gallade, L50, M|\n|poke|p2|Archaludon, L50, F|\n|poke|p2|Malamar, L50, F|\n|poke|p2|Indeedee, L50, M|\n|poke|p2|Drifblim, L50, M|\n|teampreview|4\n|inactive|Battle timer is ON: inactive players will automatically lose when time's up. (requested by VGCLTH skibidi)\n|inactive|juacox300 has 60 seconds left.\n|c|\u2606juacox300|How can I have a skin like this?\n|\n|t:|1732457443\n|start\n|switch|p1a: Archaludon|Archaludon, L50, M, shiny|100\/100\n|switch|p1b: Murkrow|Murkrow, L50, M|100\/100\n|switch|p2a: Mischief Mother|Whimsicott, L50, F, shiny|100\/100\n|switch|p2b: Tapu Deedee|Indeedee, L50, M, shiny|100\/100\n|-fieldstart|move: Psychic Terrain|[from] ability: Psychic Surge|[of] p2b: Tapu Deedee\n|turn|1\n|c|\u2606VGCLTH skibidi|https:\/\/play.pokemonshowdown.com\/sprites\/trainers\/\n|c|\u2606juacox300|:o\n|\n|t:|1732457464\n|move|p2a: Mischief Mother|Tailwind|p2a: Mischief Mother\n|-sidestart|p2: VGCLTH skibidi|move: Tailwind\n|move|p2b: Tapu Deedee|Dazzling Gleam|p1a: Archaludon|[spread] p1a,p1b\n|-supereffective|p1b: Murkrow\n|-damage|p1a: Archaludon|65\/100\n|-damage|p1b: Murkrow|49\/100\n|-ability|p1a: Archaludon|Stamina|boost\n|-boost|p1a: Archaludon|def|1\n|move|p1a: Archaludon|Electro Shot||[still]\n|-prepare|p1a: Archaludon|Electro Shot\n|-boost|p1a: Archaludon|spa|1\n|-enditem|p1a: Archaludon|Power Herb\n|-anim|p1a: Archaludon|Electro Shot|p2b: Tapu Deedee\n|-damage|p2b: Tapu Deedee|14\/100\n|move|p1b: Murkrow|Brave Bird|p2a: Mischief Mother\n|-supereffective|p2a: Mischief Mother\n|-enditem|p2a: Mischief Mother|Focus Sash\n|-damage|p2a: Mischief Mother|1\/100\n|-damage|p1b: Murkrow|20\/100|[from] Recoil\n|\n|upkeep\n|turn|2\n|inactive|VGCLTH skibidi has 30 seconds left.\n|\n|t:|1732457494\n|switch|p2b: \ud83c\udf88\ud83d\udc7b\ud83c\udf83\ud83d\udc7b\ud83c\udf83\ud83c\udf88|Drifblim, L50, M|100\/100\n|-enditem|p2b: \ud83c\udf88\ud83d\udc7b\ud83c\udf83\ud83d\udc7b\ud83c\udf83\ud83c\udf88|Psychic Seed\n|-boost|p2b: \ud83c\udf88\ud83d\udc7b\ud83c\udf83\ud83d\udc7b\ud83c\udf83\ud83c\udf88|spd|1|[from] item: Psychic Seed\n|move|p1a: Archaludon|Protect|p1a: Archaludon\n|-singleturn|p1a: Archaludon|Protect\n|move|p1b: Murkrow|Tailwind|p1b: Murkrow\n|-sidestart|p1: juacox300|move: Tailwind\n|move|p2a: Mischief Mother|Moonblast|p1b: Murkrow\n|-supereffective|p1b: Murkrow\n|-damage|p1b: Murkrow|0 fnt\n|faint|p1b: Murkrow\n|\n|upkeep\n|inactive|juacox300 has 30 seconds left.\n|inactive|juacox300 has 20 seconds left.\n|\n|t:|1732457531\n|switch|p1b: Alfred|Indeedee, L50, M, shiny|100\/100\n|turn|3\n|\n|t:|1732457541\n|move|p2b: \ud83c\udf88\ud83d\udc7b\ud83c\udf83\ud83d\udc7b\ud83c\udf83\ud83c\udf88|Icy Wind|p1a: Archaludon|[spread] p1a,p1b\n|-damage|p1a: Archaludon|55\/100\n|-damage|p1b: Alfred|88\/100\n|-unboost|p1a: Archaludon|spe|1\n|-unboost|p1b: Alfred|spe|1\n|-ability|p1a: Archaludon|Stamina|boost\n|-boost|p1a: Archaludon|def|1\n|move|p2a: Mischief Mother|Moonblast|p1b: Alfred\n|-damage|p1b: Alfred|36\/100\n|move|p1b: Alfred|Expanding Force|p2a: Mischief Mother|[spread] p2a,p2b\n|-damage|p2a: Mischief Mother|0 fnt\n|-damage|p2b: \ud83c\udf88\ud83d\udc7b\ud83c\udf83\ud83d\udc7b\ud83c\udf83\ud83c\udf88|58\/100\n|faint|p2a: Mischief Mother\n|move|p1a: Archaludon|Flash Cannon|p2b: \ud83c\udf88\ud83d\udc7b\ud83c\udf83\ud83d\udc7b\ud83c\udf83\ud83c\udf88\n|-damage|p2b: \ud83c\udf88\ud83d\udc7b\ud83c\udf83\ud83d\udc7b\ud83c\udf83\ud83c\udf88|18\/100\n|\n|upkeep\n|\n|t:|1732457544\n|switch|p2a: Tapu Deedee|Indeedee, L50, M, shiny|14\/100\n|turn|4\n|\n|t:|1732457561\n|move|p1a: Archaludon|Protect|p1a: Archaludon\n|-singleturn|p1a: Archaludon|Protect\n|move|p2b: \ud83c\udf88\ud83d\udc7b\ud83c\udf83\ud83d\udc7b\ud83c\udf83\ud83c\udf88|Strength Sap|p1a: Archaludon\n|-activate|p1a: Archaludon|move: Protect\n|move|p2a: Tapu Deedee|Expanding Force|p1b: Alfred|[spread] p1b\n|-activate|p1a: Archaludon|move: Protect\n|-resisted|p1b: Alfred\n|-damage|p1b: Alfred|0 fnt\n|faint|p1b: Alfred\n|\n|-sideend|p2: VGCLTH skibidi|move: Tailwind\n|upkeep\n|\n|t:|1732457569\n|switch|p1b: Tommau|Sneasler, L50, M|100\/100\n|-enditem|p1b: Tommau|Psychic Seed\n|-boost|p1b: Tommau|spd|1|[from] item: Psychic Seed\n|turn|5\n|\n|t:|1732457580\n|switch|p2a: Bridget|Archaludon, L50, F, shiny|100\/100\n|-terastallize|p1b: Tommau|Flying\n|move|p1b: Tommau|Throat Chop|p2b: \ud83c\udf88\ud83d\udc7b\ud83c\udf83\ud83d\udc7b\ud83c\udf83\ud83c\udf88\n|-supereffective|p2b: \ud83c\udf88\ud83d\udc7b\ud83c\udf83\ud83d\udc7b\ud83c\udf83\ud83c\udf88\n|-damage|p2b: \ud83c\udf88\ud83d\udc7b\ud83c\udf83\ud83d\udc7b\ud83c\udf83\ud83c\udf88|0 fnt\n|faint|p2b: \ud83c\udf88\ud83d\udc7b\ud83c\udf83\ud83d\udc7b\ud83c\udf83\ud83c\udf88\n|move|p1a: Archaludon|Flash Cannon|p2a: Bridget\n|-resisted|p2a: Bridget\n|-damage|p2a: Bridget|80\/100\n|-ability|p2a: Bridget|Stamina|boost\n|-boost|p2a: Bridget|def|1\n|\n|-sideend|p1: juacox300|move: Tailwind\n|-fieldend|move: Psychic Terrain\n|upkeep\n|\n|t:|1732457585\n|switch|p2b: Tapu Deedee|Indeedee, L50, M, shiny|14\/100\n|-fieldstart|move: Psychic Terrain|[from] ability: Psychic Surge|[of] p2b: Tapu Deedee\n|turn|6\n|\n|t:|1732457597\n|move|p1b: Tommau|Dire Claw|p2b: Tapu Deedee\n|-damage|p2b: Tapu Deedee|0 fnt\n|faint|p2b: Tapu Deedee\n|move|p2a: Bridget|Electro Shot||[still]\n|-prepare|p2a: Bridget|Electro Shot\n|-boost|p2a: Bridget|spa|1\n|move|p1a: Archaludon|Draco Meteor|p2a: Bridget\n|-damage|p2a: Bridget|6\/100\n|-unboost|p1a: Archaludon|spa|2\n|-ability|p2a: Bridget|Stamina|boost\n|-boost|p2a: Bridget|def|1\n|\n|upkeep\n|turn|7\n|-message|VGCLTH skibidi forfeited.\n|\n|win|juacox300\n|raw|juacox300's rating: 1819 &rarr; <strong>1841<\/strong><br \/>(+22 for winning)\n|raw|VGCLTH skibidi's rating: 1861 &rarr; <strong>1839<\/strong><br \/>(-22 for losing)\n|l|\u2606VGCLTH skibidi\n|player|p2|\n|l|\u2606juacox300\n|player|p1|\n","uploadtime":1732457609,"views":103,"formatid":"gen9vgc2024regh","rating":1839,"private":0,"password":null}