{"id":"gen9vgc2024regh-2250802051","format":"[Gen 9] VGC 2024 Reg H","players":["actuary97","Spottedwoot"],"log":"|j|\u2606actuary97\n|j|\u2606Spottedwoot\n|t:|1732548858\n|gametype|doubles\n|player|p1|actuary97|sabrina-frlg|1798\n|player|p2|Spottedwoot|266|1824\n|teamsize|p1|6\n|teamsize|p2|6\n|gen|9\n|tier|[Gen 9] VGC 2024 Reg H\n|rated|\n|rule|Species Clause: Limit one of each Pok\u00e9mon\n|rule|Item Clause: Limit 1 of each item\n|clearpoke\n|poke|p1|Whimsicott, L50, F|\n|poke|p1|Gallade, L50, M|\n|poke|p1|Archaludon, L50, F|\n|poke|p1|Malamar, L50, F|\n|poke|p1|Indeedee, L50, M|\n|poke|p1|Drifblim, L50, M|\n|poke|p2|Pelipper, L50, F|\n|poke|p2|Archaludon, L50, F|\n|poke|p2|Gholdengo, L50|\n|poke|p2|Basculegion, L50, M|\n|poke|p2|Rillaboom, L50, F|\n|poke|p2|Sneasler, L50, F|\n|teampreview|4\nactuary97 has agreed to open team sheets.\n|j| Kpxbrothers\n|\n|t:|1732548888\n|start\n|switch|p1a: Mischief Mother|Whimsicott, L50, F, shiny|100\/100\n|switch|p1b: Tapu Deedee|Indeedee, L50, M, shiny|100\/100\n|switch|p2a: Pelipper|Pelipper, L50, F|100\/100\n|switch|p2b: Archaludon|Archaludon, L50, F, shiny|100\/100\n|-weather|RainDance|[from] ability: Drizzle|[of] p2a: Pelipper\n|-fieldstart|move: Psychic Terrain|[from] ability: Psychic Surge|[of] p1b: Tapu Deedee\n|turn|1\n|\n|t:|1732548899\n|switch|p2a: Gholdengo|Gholdengo, L50|100\/100\n|switch|p1b: Bridget|Archaludon, L50, F, shiny|100\/100\n|move|p1a: Mischief Mother|Beat Up|p1b: Bridget\n|-damage|p1b: Bridget|99\/100\n|-ability|p1b: Bridget|Stamina|boost\n|-boost|p1b: Bridget|def|1\n|-damage|p1b: Bridget|97\/100\n|-ability|p1b: Bridget|Stamina|boost\n|-boost|p1b: Bridget|def|1\n|-damage|p1b: Bridget|96\/100\n|-ability|p1b: Bridget|Stamina|boost\n|-boost|p1b: Bridget|def|1\n|-damage|p1b: Bridget|95\/100\n|-ability|p1b: Bridget|Stamina|boost\n|-boost|p1b: Bridget|def|1\n|-hitcount|p1b: Bridget|4\n|move|p2b: Archaludon|Electro Shot||[still]\n|-prepare|p2b: Archaludon|Electro Shot\n|-boost|p2b: Archaludon|spa|1\n|-anim|p2b: Archaludon|Electro Shot|p1b: Bridget\n|-resisted|p1b: Bridget\n|-damage|p1b: Bridget|75\/100\n|-ability|p1b: Bridget|Stamina|boost\n|-boost|p1b: Bridget|def|1\n|\n|-weather|RainDance|[upkeep]\n|upkeep\n|turn|2\n|\n|t:|1732548911\n|-terastallize|p2b: Archaludon|Fairy\n|move|p1a: Mischief Mother|Tailwind|p1a: Mischief Mother\n|-sidestart|p1: actuary97|move: Tailwind\n|move|p1b: Bridget|Electro Shot||[still]\n|-prepare|p1b: Bridget|Electro Shot\n|-boost|p1b: Bridget|spa|1\n|-anim|p1b: Bridget|Electro Shot|p2a: Gholdengo\n|-damage|p2a: Gholdengo|33\/100\n|move|p2a: Gholdengo|Make It Rain|p1b: Bridget|[spread] p1a,p1b\n|-supereffective|p1a: Mischief Mother\n|-resisted|p1b: Bridget\n|-enditem|p1a: Mischief Mother|Focus Sash\n|-damage|p1a: Mischief Mother|1\/100\n|-damage|p1b: Bridget|56\/100\n|-unboost|p2a: Gholdengo|spa|1\n|-ability|p1b: Bridget|Stamina|boost\n|-boost|p1b: Bridget|def|1\n|-damage|p2a: Gholdengo|23\/100|[from] item: Life Orb\n|move|p2b: Archaludon|Draco Meteor|p1b: Bridget\n|-damage|p1b: Bridget|0 fnt\n|-unboost|p2b: Archaludon|spa|2\n|faint|p1b: Bridget\n|\n|-weather|RainDance|[upkeep]\n|upkeep\n|\n|t:|1732548924\n|switch|p1b: Tapu Deedee|Indeedee, L50, M, shiny|100\/100\n|turn|3\n|\n|t:|1732548929\n|move|p2a: Gholdengo|Protect|p2a: Gholdengo\n|-singleturn|p2a: Gholdengo|Protect\n|move|p1a: Mischief Mother|Moonblast|p2b: Archaludon\n|-damage|p2b: Archaludon|74\/100\n|-ability|p2b: Archaludon|Stamina|boost\n|-boost|p2b: Archaludon|def|1\n|move|p1b: Tapu Deedee|Expanding Force|p2a: Gholdengo|[spread] p2b\n|-activate|p2a: Gholdengo|move: Protect\n|-damage|p2b: Archaludon|11\/100\n|-ability|p2b: Archaludon|Stamina|boost\n|-boost|p2b: Archaludon|def|1\n|move|p2b: Archaludon|Flash Cannon|p1a: Mischief Mother\n|-supereffective|p1a: Mischief Mother\n|-damage|p1a: Mischief Mother|0 fnt\n|faint|p1a: Mischief Mother\n|\n|-weather|RainDance|[upkeep]\n|upkeep\n|\n|t:|1732548931\n|switch|p1a: \u2694\ufe0fKing\u2694\ufe0f|Gallade, L50, M, shiny|100\/100\n|turn|4\n|\n|t:|1732548951\n|move|p2a: Gholdengo|Protect||[still]\n|-fail|p2a: Gholdengo\n|move|p1b: Tapu Deedee|Expanding Force|p2b: Archaludon|[spread] p2a,p2b\n|-resisted|p2a: Gholdengo\n|-damage|p2a: Gholdengo|0 fnt\n|-damage|p2b: Archaludon|0 fnt\n|faint|p2a: Gholdengo\n|faint|p2b: Archaludon\n|move|p1a: \u2694\ufe0fKing\u2694\ufe0f|Psycho Cut|p2: Gholdengo|[notarget]\n|-fail|p1a: \u2694\ufe0fKing\u2694\ufe0f\n|\n|-weather|RainDance|[upkeep]\n|upkeep\n|\n|t:|1732548954\n|switch|p2a: Pelipper|Pelipper, L50, F|100\/100\n|switch|p2b: Sneasler|Sneasler, L50, F|100\/100\n|turn|5\n|\n|t:|1732548968\n|move|p1b: Tapu Deedee|Expanding Force|p2a: Pelipper|[spread] p2a,p2b\n|-supereffective|p2b: Sneasler\n|-damage|p2a: Pelipper|0 fnt\n|-enditem|p2b: Sneasler|Focus Sash\n|-damage|p2b: Sneasler|1\/100\n|faint|p2a: Pelipper\n|move|p2b: Sneasler|Dire Claw|p1a: \u2694\ufe0fKing\u2694\ufe0f\n|-damage|p1a: \u2694\ufe0fKing\u2694\ufe0f|33\/100\n|-status|p1a: \u2694\ufe0fKing\u2694\ufe0f|psn\n|move|p1a: \u2694\ufe0fKing\u2694\ufe0f|Psycho Cut|p2b: Sneasler\n|-supereffective|p2b: Sneasler\n|-damage|p2b: Sneasler|0 fnt\n|faint|p2b: Sneasler\n|\n|win|actuary97\n|raw|actuary97's rating: 1798 &rarr; <strong>1819<\/strong><br \/>(+21 for winning)\n|raw|Spottedwoot's rating: 1824 &rarr; <strong>1803<\/strong><br \/>(-21 for losing)\n","uploadtime":1732548972,"views":121,"formatid":"gen9vgc2024regh","rating":1803,"private":0,"password":null}