{"id":"gen9vgc2024regh-2250805234","format":"[Gen 9] VGC 2024 Reg H","players":["actuary97","Spottedwoot"],"log":"|j|\u2606actuary97\n|j|\u2606Spottedwoot\n|t:|1732549186\n|gametype|doubles\n|player|p1|actuary97|sabrina-frlg|1800\n|player|p2|Spottedwoot|266|1825\n|teamsize|p1|6\n|teamsize|p2|6\n|gen|9\n|tier|[Gen 9] VGC 2024 Reg H\n|rated|\n|rule|Species Clause: Limit one of each Pok\u00e9mon\n|rule|Item Clause: Limit 1 of each item\n|clearpoke\n|poke|p1|Whimsicott, L50, F|\n|poke|p1|Gallade, L50, M|\n|poke|p1|Archaludon, L50, F|\n|poke|p1|Malamar, L50, F|\n|poke|p1|Indeedee, L50, M|\n|poke|p1|Drifblim, L50, M|\n|poke|p2|Pelipper, L50, M|\n|poke|p2|Archaludon, L50, F|\n|poke|p2|Gholdengo, L50|\n|poke|p2|Basculegion, L50, M|\n|poke|p2|Rillaboom, L50, F|\n|poke|p2|Sneasler, L50, F|\n|teampreview|4\nactuary97 has agreed to open team sheets.\n|j| Kpxbrothers\n|inactive|Battle timer is ON: inactive players will automatically lose when time's up. (requested by Spottedwoot)\n|\n|t:|1732549261\n|start\n|switch|p1a: Tapu Deedee|Indeedee, L50, M, shiny|100\/100\n|switch|p1b: Happy Thanksgiving|Drifblim, L50, M, shiny|100\/100\n|switch|p2a: Gholdengo|Gholdengo, L50|100\/100\n|switch|p2b: Sneasler|Sneasler, L50, F|100\/100\n|-fieldstart|move: Psychic Terrain|[from] ability: Psychic Surge|[of] p1a: Tapu Deedee\n|-enditem|p1b: Happy Thanksgiving|Psychic Seed\n|-boost|p1b: Happy Thanksgiving|spd|1|[from] item: Psychic Seed\n|turn|1\n|\n|t:|1732549275\n|-terastallize|p2a: Gholdengo|Steel\n|move|p1b: Happy Thanksgiving|Icy Wind|p2b: Sneasler|[spread] p2a,p2b\n|-resisted|p2a: Gholdengo\n|-damage|p2a: Gholdengo|96\/100\n|-damage|p2b: Sneasler|88\/100\n|-unboost|p2a: Gholdengo|spe|1\n|-unboost|p2b: Sneasler|spe|1\n|move|p1a: Tapu Deedee|Expanding Force|p2a: Gholdengo|[spread] p2a,p2b\n|-resisted|p2a: Gholdengo\n|-supereffective|p2b: Sneasler\n|-damage|p2a: Gholdengo|49\/100\n|-damage|p2b: Sneasler|0 fnt\n|faint|p2b: Sneasler\n|move|p2a: Gholdengo|Make It Rain|p1b: Happy Thanksgiving|[spread] p1a,p1b\n|-damage|p1a: Tapu Deedee|0 fnt\n|-damage|p1b: Happy Thanksgiving|52\/100\n|-unboost|p2a: Gholdengo|spa|1\n|faint|p1a: Tapu Deedee\n|-damage|p2a: Gholdengo|39\/100|[from] item: Life Orb\n|\n|upkeep\n|\n|t:|1732549294\n|switch|p2b: Archaludon|Archaludon, L50, F, shiny|100\/100\n|switch|p1a: Bridget|Archaludon, L50, F, shiny|100\/100\n|turn|2\n|\n|t:|1732549303\n|switch|p2a: Rillaboom|Rillaboom, L50, F|100\/100\n|-fieldstart|move: Grassy Terrain|[from] ability: Grassy Surge|[of] p2a: Rillaboom\n|move|p1b: Happy Thanksgiving|Strength Sap|p1a: Bridget\n|-unboost|p1a: Bridget|atk|1\n|-heal|p1b: Happy Thanksgiving|96\/100\n|move|p2b: Archaludon|Electro Shot||[still]\n|-prepare|p2b: Archaludon|Electro Shot\n|-boost|p2b: Archaludon|spa|1\n|move|p1a: Bridget|Body Press|p2a: Rillaboom\n|-damage|p2a: Rillaboom|77\/100\n|\n|-heal|p2a: Rillaboom|83\/100|[from] Grassy Terrain\n|upkeep\n|turn|3\n|\n|t:|1732549321\n|move|p1b: Happy Thanksgiving|Will-O-Wisp|p2a: Rillaboom\n|-status|p2a: Rillaboom|brn\n|move|p2b: Archaludon|Electro Shot|p1b: Happy Thanksgiving|[from]lockedmove\n|-supereffective|p1b: Happy Thanksgiving\n|-damage|p1b: Happy Thanksgiving|7\/100\n|move|p1a: Bridget|Snarl|p2b: Archaludon|[spread] p2a,p2b\n|-damage|p2a: Rillaboom|69\/100 brn\n|-damage|p2b: Archaludon|92\/100\n|-unboost|p2a: Rillaboom|spa|1\n|-unboost|p2b: Archaludon|spa|1\n|-ability|p2b: Archaludon|Stamina|boost\n|-boost|p2b: Archaludon|def|1\n|move|p2a: Rillaboom|High Horsepower|p1a: Bridget\n|-supereffective|p1a: Bridget\n|-damage|p1a: Bridget|74\/100\n|-ability|p1a: Bridget|Stamina|boost\n|-boost|p1a: Bridget|def|1\n|\n|-heal|p2b: Archaludon|98\/100|[from] Grassy Terrain\n|-heal|p1a: Bridget|80\/100|[from] Grassy Terrain\n|-heal|p2a: Rillaboom|75\/100 brn|[from] Grassy Terrain\n|-damage|p2a: Rillaboom|69\/100 brn|[from] brn\n|upkeep\n|turn|4\n|\n|t:|1732549337\n|move|p2a: Rillaboom|Grassy Glide|p1b: Happy Thanksgiving\n|-resisted|p1b: Happy Thanksgiving\n|-damage|p1b: Happy Thanksgiving|0 fnt\n|faint|p1b: Happy Thanksgiving\n|move|p2b: Archaludon|Draco Meteor|p1a: Bridget\n|-damage|p1a: Bridget|41\/100\n|-unboost|p2b: Archaludon|spa|2\n|-ability|p1a: Bridget|Stamina|boost\n|-boost|p1a: Bridget|def|1\n|move|p1a: Bridget|Snarl|p2b: Archaludon|[spread] p2a,p2b\n|-damage|p2a: Rillaboom|54\/100 brn\n|-damage|p2b: Archaludon|88\/100\n|-unboost|p2a: Rillaboom|spa|1\n|-unboost|p2b: Archaludon|spa|1\n|-ability|p2b: Archaludon|Stamina|boost\n|-boost|p2b: Archaludon|def|1\n|\n|-heal|p2b: Archaludon|94\/100|[from] Grassy Terrain\n|-heal|p1a: Bridget|47\/100|[from] Grassy Terrain\n|-heal|p2a: Rillaboom|60\/100 brn|[from] Grassy Terrain\n|-damage|p2a: Rillaboom|54\/100 brn|[from] brn\n|upkeep\n|\n|t:|1732549340\n|switch|p1b: \u2694\ufe0fKing\u2694\ufe0f|Gallade, L50, M, shiny|100\/100\n|turn|5\n|j| Tian15\n|\n|t:|1732549351\n|switch|p2b: Gholdengo|Gholdengo, L50, tera:Steel|39\/100\n|-terastallize|p1b: \u2694\ufe0fKing\u2694\ufe0f|Grass\n|move|p1b: \u2694\ufe0fKing\u2694\ufe0f|Leaf Blade|p2b: Gholdengo\n|-resisted|p2b: Gholdengo\n|-crit|p2b: Gholdengo\n|-damage|p2b: Gholdengo|0 fnt\n|faint|p2b: Gholdengo\n|move|p1a: Bridget|Body Press|p2a: Rillaboom\n|-damage|p2a: Rillaboom|5\/100 brn\n|-enditem|p2a: Rillaboom|Sitrus Berry|[eat]\n|-heal|p2a: Rillaboom|30\/100 brn|[from] item: Sitrus Berry\n|move|p2a: Rillaboom|Wood Hammer|p1b: \u2694\ufe0fKing\u2694\ufe0f\n|-resisted|p1b: \u2694\ufe0fKing\u2694\ufe0f\n|-damage|p1b: \u2694\ufe0fKing\u2694\ufe0f|64\/100\n|-damage|p2a: Rillaboom|21\/100 brn|[from] Recoil\n|\n|-heal|p1b: \u2694\ufe0fKing\u2694\ufe0f|70\/100|[from] Grassy Terrain\n|-heal|p1a: Bridget|54\/100|[from] Grassy Terrain\n|-heal|p2a: Rillaboom|27\/100 brn|[from] Grassy Terrain\n|-damage|p2a: Rillaboom|21\/100 brn|[from] brn\n|upkeep\n|\n|t:|1732549359\n|switch|p2b: Archaludon|Archaludon, L50, F, shiny|94\/100\n|turn|6\n|j| StrikerMohamud\n|\n|t:|1732549372\n|move|p1b: \u2694\ufe0fKing\u2694\ufe0f|Protect|p1b: \u2694\ufe0fKing\u2694\ufe0f\n|-singleturn|p1b: \u2694\ufe0fKing\u2694\ufe0f|Protect\n|move|p2b: Archaludon|Flash Cannon|p1b: \u2694\ufe0fKing\u2694\ufe0f\n|-activate|p1b: \u2694\ufe0fKing\u2694\ufe0f|move: Protect\n|move|p1a: Bridget|Body Press|p2a: Rillaboom\n|-damage|p2a: Rillaboom|0 fnt\n|faint|p2a: Rillaboom\n|\n|-heal|p1b: \u2694\ufe0fKing\u2694\ufe0f|76\/100|[from] Grassy Terrain\n|-heal|p2b: Archaludon|100\/100|[from] Grassy Terrain\n|-heal|p1a: Bridget|60\/100|[from] Grassy Terrain\n|-fieldend|move: Grassy Terrain\n|upkeep\n|turn|7\n|\n|t:|1732549385\n|move|p1b: \u2694\ufe0fKing\u2694\ufe0f|Sacred Sword|p2b: Archaludon\n|-supereffective|p2b: Archaludon\n|-crit|p2b: Archaludon\n|-damage|p2b: Archaludon|0 fnt\n|faint|p2b: Archaludon\n|\n|win|actuary97\n|raw|actuary97's rating: 1800 &rarr; <strong>1821<\/strong><br \/>(+21 for winning)\n|raw|Spottedwoot's rating: 1825 &rarr; <strong>1804<\/strong><br \/>(-21 for losing)\n","uploadtime":1732549387,"views":115,"formatid":"gen9vgc2024regh","rating":1804,"private":0,"password":null}