{"id":"gen9vgc2024regh-2250926298","format":"[Gen 9] VGC 2024 Reg H","players":["dapmagikarp","Spottedwoot"],"log":"|j|\u2606dapmagikarp\n|j|\u2606Spottedwoot\n|t:|1732561118\n|gametype|doubles\n|player|p1|dapmagikarp|266|1698\n|player|p2|Spottedwoot|169|1816\n|teamsize|p1|6\n|teamsize|p2|6\n|gen|9\n|tier|[Gen 9] VGC 2024 Reg H\n|rated|\n|rule|Species Clause: Limit one of each Pok\u00e9mon\n|rule|Item Clause: Limit 1 of each item\n|clearpoke\n|poke|p1|Pelipper, L50, F|\n|poke|p1|Glimmora, L50, M|\n|poke|p1|Tatsugiri-Droopy, L50, F|\n|poke|p1|Dondozo, L50, F|\n|poke|p1|Sableye, L50, F|\n|poke|p1|Goodra-Hisui, L50, F|\n|poke|p2|Pelipper, L50, M|\n|poke|p2|Archaludon, L50, F|\n|poke|p2|Gholdengo, L50|\n|poke|p2|Basculegion, L50, M|\n|poke|p2|Rillaboom, L50, F|\n|poke|p2|Sneasler, L50, M|\n|teampreview|4\n|inactive|Battle timer is ON: inactive players will automatically lose when time's up. (requested by dapmagikarp)\n|\n|t:|1732561140\n|start\n|switch|p1a: Glimmora|Glimmora, L50, M|100\/100\n|switch|p1b: Goodra|Goodra-Hisui, L50, F|100\/100\n|switch|p2a: Pelipper|Pelipper, L50, M|100\/100\n|switch|p2b: Archaludon|Archaludon, L50, F, shiny|100\/100\n|-weather|RainDance|[from] ability: Drizzle|[of] p2a: Pelipper\n|turn|1\n|\n|t:|1732561153\n|move|p1a: Glimmora|Spiky Shield|p1a: Glimmora\n|-singleturn|p1a: Glimmora|move: Protect\n|move|p2a: Pelipper|Muddy Water|p1a: Glimmora|[spread] p1b\n|-activate|p1a: Glimmora|move: Protect\n|-resisted|p1b: Goodra\n|-damage|p1b: Goodra|91\/100\n|move|p2b: Archaludon|Electro Shot||[still]\n|-prepare|p2b: Archaludon|Electro Shot\n|-boost|p2b: Archaludon|spa|1\n|-anim|p2b: Archaludon|Electro Shot|p1a: Glimmora\n|-activate|p1a: Glimmora|move: Protect\n|move|p1b: Goodra|Thunderbolt|p2a: Pelipper\n|-supereffective|p2a: Pelipper\n|-damage|p2a: Pelipper|0 fnt\n|faint|p2a: Pelipper\n|\n|-weather|RainDance|[upkeep]\n|upkeep\n|\n|t:|1732561158\n|switch|p2a: Sneasler|Sneasler, L50, M|100\/100\n|turn|2\n|\n|t:|1732561177\n|move|p2a: Sneasler|Close Combat|p1b: Goodra\n|-supereffective|p1b: Goodra\n|-damage|p1b: Goodra|0 fnt\n|-unboost|p2a: Sneasler|def|1\n|-unboost|p2a: Sneasler|spd|1\n|faint|p1b: Goodra\n|move|p2b: Archaludon|Electro Shot||[still]\n|-prepare|p2b: Archaludon|Electro Shot\n|-boost|p2b: Archaludon|spa|1\n|-anim|p2b: Archaludon|Electro Shot|p1a: Glimmora\n|-damage|p1a: Glimmora|34\/100\n|-enditem|p1a: Glimmora|Sitrus Berry|[eat]\n|-heal|p1a: Glimmora|58\/100|[from] item: Sitrus Berry\n|move|p1a: Glimmora|Earth Power|p2b: Archaludon\n|-supereffective|p2b: Archaludon\n|-damage|p2b: Archaludon|54\/100\n|-ability|p2b: Archaludon|Stamina|boost\n|-boost|p2b: Archaludon|def|1\n|\n|-weather|RainDance|[upkeep]\n|upkeep\n|\n|t:|1732561187\n|switch|p1b: Tatsugiri|Tatsugiri-Droopy, L50, F|100\/100\n|turn|3\n|\n|t:|1732561198\n|move|p2a: Sneasler|Close Combat|p1b: Tatsugiri\n|-enditem|p1b: Tatsugiri|Focus Sash\n|-damage|p1b: Tatsugiri|1\/100\n|-unboost|p2a: Sneasler|def|1\n|-unboost|p2a: Sneasler|spd|1\n|move|p1b: Tatsugiri|Icy Wind|p2b: Archaludon|[spread] p2a,p2b\n|-damage|p2a: Sneasler|64\/100\n|-damage|p2b: Archaludon|44\/100\n|-unboost|p2a: Sneasler|spe|1\n|-unboost|p2b: Archaludon|spe|1\n|-ability|p2b: Archaludon|Stamina|boost\n|-boost|p2b: Archaludon|def|1\n|move|p1a: Glimmora|Earth Power|p2b: Archaludon\n|-supereffective|p2b: Archaludon\n|-damage|p2b: Archaludon|0 fnt\n|faint|p2b: Archaludon\n|\n|-weather|RainDance|[upkeep]\n|upkeep\n|\n|t:|1732561202\n|switch|p2b: Basculegion|Basculegion, L50, M|100\/100\n|turn|4\n|\n|t:|1732561219\n|-terastallize|p2b: Basculegion|Ghost\n|move|p1b: Tatsugiri|Protect|p1b: Tatsugiri\n|-singleturn|p1b: Tatsugiri|Protect\n|move|p2b: Basculegion|Last Respects|p1a: Glimmora\n|-damage|p1a: Glimmora|0 fnt\n|-activate|p1a: Glimmora|ability: Toxic Debris\n|-sidestart|p2: Spottedwoot|move: Toxic Spikes\n|faint|p1a: Glimmora\n|move|p2a: Sneasler|Dire Claw|p1b: Tatsugiri\n|-activate|p1b: Tatsugiri|move: Protect\n|\n|-weather|RainDance|[upkeep]\n|upkeep\n|\n|t:|1732561224\n|switch|p1a: Dondozo|Dondozo, L50, F|100\/100\n|-activate|p1b: Tatsugiri|ability: Commander|[of] p1a: Dondozo\n|-boost|p1a: Dondozo|atk|2\n|-boost|p1a: Dondozo|spa|2\n|-boost|p1a: Dondozo|spe|2\n|-boost|p1a: Dondozo|def|2\n|-boost|p1a: Dondozo|spd|2\n|turn|5\n|\n|t:|1732561233\n|move|p2b: Basculegion|Last Respects|p1a: Dondozo\n|-damage|p1a: Dondozo|50\/100\n|move|p1a: Dondozo|Surf|p2a: Sneasler|[spread] p2a,p2b\n|-miss|p1a: Dondozo|p1b: Tatsugiri\n|-damage|p2a: Sneasler|0 fnt\n|-damage|p2b: Basculegion|0 fnt\n|faint|p2a: Sneasler\n|faint|p2b: Basculegion\n|-damage|p1a: Dondozo|40\/100|[from] item: Life Orb\n|\n|win|dapmagikarp\n|raw|dapmagikarp's rating: 1698 &rarr; <strong>1725<\/strong><br \/>(+27 for winning)\n|raw|Spottedwoot's rating: 1816 &rarr; <strong>1789<\/strong><br \/>(-27 for losing)\n","uploadtime":1732561240,"views":111,"formatid":"gen9vgc2024regh","rating":1725,"private":0,"password":null}