{"id":"gen9vgc2024regh-2250827543","format":"[Gen 9] VGC 2024 Reg H","players":["Spottedwoot","testy accounty 2"],"log":"|j|\u2606Spottedwoot\n|j|\u2606testy accounty 2\n|t:|1732551472\n|gametype|doubles\n|player|p1|Spottedwoot|266|1754\n|player|p2|testy accounty 2|1|1695\n|teamsize|p1|6\n|teamsize|p2|6\n|gen|9\n|tier|[Gen 9] VGC 2024 Reg H\n|rated|\n|rule|Species Clause: Limit one of each Pok\u00e9mon\n|rule|Item Clause: Limit 1 of each item\n|clearpoke\n|poke|p1|Pelipper, L50, M|\n|poke|p1|Archaludon, L50, F|\n|poke|p1|Gholdengo, L50|\n|poke|p1|Basculegion, L50, M|\n|poke|p1|Rillaboom, L50, F|\n|poke|p1|Sneasler, L50, M|\n|poke|p2|Pelipper, L50, M|\n|poke|p2|Archaludon, L50, F|\n|poke|p2|Sneasler, L50, F|\n|poke|p2|Dragonite, L50, M|\n|poke|p2|Basculegion, L50, M|\n|poke|p2|Rillaboom, L50, F|\n|teampreview|4\n|\n|t:|1732551520\n|start\n|switch|p1a: Gholdengo|Gholdengo, L50|100\/100\n|switch|p1b: Sneasler|Sneasler, L50, M|100\/100\n|switch|p2a: Hephetus|Archaludon, L50, F|100\/100\n|switch|p2b: Ceasar|Rillaboom, L50, F|100\/100\n|-fieldstart|move: Grassy Terrain|[from] ability: Grassy Surge|[of] p2b: Ceasar\n|turn|1\n|\n|t:|1732551552\n|switch|p2a: Thanotos|Basculegion, L50, M|100\/100\n|move|p1b: Sneasler|Protect|p1b: Sneasler\n|-singleturn|p1b: Sneasler|Protect\n|move|p1a: Gholdengo|Nasty Plot|p1a: Gholdengo\n|-boost|p1a: Gholdengo|spa|2\n|move|p2b: Ceasar|Bullet Seed|p1a: Gholdengo\n|-resisted|p1a: Gholdengo\n|-damage|p1a: Gholdengo|92\/100\n|-resisted|p1a: Gholdengo\n|-damage|p1a: Gholdengo|84\/100\n|-resisted|p1a: Gholdengo\n|-damage|p1a: Gholdengo|77\/100\n|-resisted|p1a: Gholdengo\n|-damage|p1a: Gholdengo|68\/100\n|-hitcount|p1a: Gholdengo|4\n|\n|-heal|p1a: Gholdengo|74\/100|[from] Grassy Terrain\n|upkeep\n|turn|2\n|\n|t:|1732551576\n|switch|p2b: Posiden|Pelipper, L50, M|100\/100\n|-weather|RainDance|[from] ability: Drizzle|[of] p2b: Posiden\n|move|p2a: Thanotos|Wave Crash|p1a: Gholdengo\n|-damage|p1a: Gholdengo|0 fnt\n|faint|p1a: Gholdengo\n|-damage|p2a: Thanotos|78\/100|[from] Recoil\n|move|p1b: Sneasler|Dire Claw|p2b: Posiden\n|-damage|p2b: Posiden|55\/100\n|-status|p2b: Posiden|par\n|\n|-weather|RainDance|[upkeep]\n|-heal|p2a: Thanotos|84\/100|[from] Grassy Terrain\n|upkeep\n|\n|t:|1732551583\n|switch|p1a: Basculegion|Basculegion, L50, M|100\/100\n|turn|3\n|\n|t:|1732551615\n|-terastallize|p2a: Thanotos|Grass\n|move|p1a: Basculegion|Last Respects|p2b: Posiden\n|-damage|p2b: Posiden|0 fnt\n|faint|p2b: Posiden\n|move|p2a: Thanotos|Wave Crash|p1b: Sneasler\n|-enditem|p1b: Sneasler|Focus Sash\n|-damage|p1b: Sneasler|1\/100\n|-damage|p2a: Thanotos|58\/100|[from] Recoil\n|move|p1b: Sneasler|Close Combat|p2a: Thanotos\n|-damage|p2a: Thanotos|0 fnt\n|-unboost|p1b: Sneasler|def|1\n|-unboost|p1b: Sneasler|spd|1\n|faint|p2a: Thanotos\n|\n|-weather|RainDance|[upkeep]\n|-heal|p1b: Sneasler|7\/100|[from] Grassy Terrain\n|upkeep\n|\n|t:|1732551634\n|switch|p2a: Hephetus|Archaludon, L50, F|100\/100\n|switch|p2b: Ceasar|Rillaboom, L50, F|100\/100\n|turn|4\n|j| lapras-kanto\n|\n|t:|1732551672\n|-terastallize|p1a: Basculegion|Ghost\n|move|p2b: Ceasar|Grassy Glide|p1b: Sneasler\n|-resisted|p1b: Sneasler\n|-damage|p1b: Sneasler|0 fnt\n|faint|p1b: Sneasler\n|move|p1a: Basculegion|Last Respects|p2a: Hephetus\n|-damage|p2a: Hephetus|0 fnt\n|faint|p2a: Hephetus\n|\n|-weather|RainDance|[upkeep]\n|upkeep\n|\n|t:|1732551683\n|switch|p1b: Pelipper|Pelipper, L50, M|100\/100\n|turn|5\n|\n|t:|1732551690\n|move|p1a: Basculegion|Last Respects|p2b: Ceasar\n|-damage|p2b: Ceasar|0 fnt\n|faint|p2b: Ceasar\n|\n|win|Spottedwoot\n|raw|Spottedwoot's rating: 1754 &rarr; <strong>1771<\/strong><br \/>(+17 for winning)\n|raw|testy accounty 2's rating: 1695 &rarr; <strong>1678<\/strong><br \/>(-17 for losing)\n|l|\u2606testy accounty 2\n|player|p2|\n","uploadtime":1732551695,"views":126,"formatid":"gen9vgc2024regh","rating":1678,"private":0,"password":null}