{"id":"gen9vgc2024regh-2250934028","format":"[Gen 9] VGC 2024 Reg H","players":["Spottedwoot","dayron91"],"log":"|j|\u2606Spottedwoot\n|j|\u2606dayron91\n|t:|1732561874\n|gametype|doubles\n|player|p1|Spottedwoot|169|1749\n|player|p2|dayron91|dragontamer|1761\n|teamsize|p1|6\n|teamsize|p2|6\n|gen|9\n|tier|[Gen 9] VGC 2024 Reg H\n|rated|\n|rule|Species Clause: Limit one of each Pok\u00e9mon\n|rule|Item Clause: Limit 1 of each item\n|clearpoke\n|poke|p1|Pelipper, L50, M|\n|poke|p1|Archaludon, L50, F|\n|poke|p1|Gholdengo, L50|\n|poke|p1|Basculegion, L50, M|\n|poke|p1|Rillaboom, L50, F|\n|poke|p1|Sneasler, L50, M|\n|poke|p2|Archaludon, L50, F|\n|poke|p2|Whimsicott, L50, F|\n|poke|p2|Incineroar, L50, F|\n|poke|p2|Meowscarada, L50, F|\n|poke|p2|Basculegion, L50, M|\n|poke|p2|Annihilape, L50, M|\n|teampreview|4\n|inactive|Battle timer is ON: inactive players will automatically lose when time's up. (requested by Spottedwoot)\n|\n|t:|1732561914\n|start\n|switch|p1a: Pelipper|Pelipper, L50, M|100\/100\n|switch|p1b: Archaludon|Archaludon, L50, F, shiny|100\/100\n|switch|p2a: Whimsicott|Whimsicott, L50, F|100\/100\n|switch|p2b: Annihilape|Annihilape, L50, M|100\/100\n|-weather|RainDance|[from] ability: Drizzle|[of] p1a: Pelipper\n|turn|1\n|\n|t:|1732561935\n|move|p2a: Whimsicott|Tailwind|p2a: Whimsicott\n|-sidestart|p2: dayron91|move: Tailwind\n|move|p2b: Annihilape|Final Gambit|p1b: Archaludon\n|-damage|p1b: Archaludon|0 fnt\n|faint|p2b: Annihilape\n|faint|p1b: Archaludon\n|move|p1a: Pelipper|Hurricane|p2a: Whimsicott\n|-supereffective|p2a: Whimsicott\n|-enditem|p2a: Whimsicott|Focus Sash\n|-damage|p2a: Whimsicott|1\/100\n|\n|-weather|RainDance|[upkeep]\n|upkeep\n|\n|t:|1732561949\n|switch|p1b: Gholdengo|Gholdengo, L50|100\/100\n|switch|p2b: Archaludon|Archaludon, L50, F|100\/100\n|turn|2\n|\n|t:|1732561965\n|switch|p1a: Sneasler|Sneasler, L50, M|100\/100\n|move|p2a: Whimsicott|Beat Up|p2b: Archaludon\n|-damage|p2b: Archaludon|99\/100\n|-ability|p2b: Archaludon|Stamina|boost\n|-boost|p2b: Archaludon|def|1\n|-damage|p2b: Archaludon|98\/100\n|-ability|p2b: Archaludon|Stamina|boost\n|-boost|p2b: Archaludon|def|1\n|-damage|p2b: Archaludon|97\/100\n|-ability|p2b: Archaludon|Stamina|boost\n|-boost|p2b: Archaludon|def|1\n|-hitcount|p2b: Archaludon|3\n|move|p2b: Archaludon|Snarl|p1a: Sneasler|[spread] p1a,p1b\n|-resisted|p1a: Sneasler\n|-supereffective|p1b: Gholdengo\n|-damage|p1a: Sneasler|93\/100\n|-damage|p1b: Gholdengo|76\/100\n|-unboost|p1a: Sneasler|spa|1\n|-unboost|p1b: Gholdengo|spa|1\n|move|p1b: Gholdengo|Nasty Plot|p1b: Gholdengo\n|-boost|p1b: Gholdengo|spa|2\n|\n|-weather|RainDance|[upkeep]\n|upkeep\n|turn|3\n|j| xclamation\n|inactive|dayron91 has 30 seconds left.\n|inactive|dayron91 has 20 seconds left.\n|inactive|dayron91 has 15 seconds left.\n|\n|t:|1732562005\n|move|p1a: Sneasler|Fake Out|p2a: Whimsicott\n|-damage|p2a: Whimsicott|0 fnt\n|faint|p2a: Whimsicott\n|move|p2b: Archaludon|Snarl|p1b: Gholdengo|[spread] p1a,p1b\n|-resisted|p1a: Sneasler\n|-supereffective|p1b: Gholdengo\n|-damage|p1a: Sneasler|85\/100\n|-damage|p1b: Gholdengo|49\/100\n|-unboost|p1a: Sneasler|spa|1\n|-unboost|p1b: Gholdengo|spa|1\n|move|p1b: Gholdengo|Shadow Ball|p2b: Archaludon\n|-damage|p2b: Archaludon|62\/100\n|-ability|p2b: Archaludon|Stamina|boost\n|-boost|p2b: Archaludon|def|1\n|-damage|p1b: Gholdengo|39\/100|[from] item: Life Orb\n|\n|-weather|RainDance|[upkeep]\n|upkeep\n|\n|t:|1732562021\n|switch|p2a: Basculegion|Basculegion, L50, M, shiny|100\/100\n|turn|4\n|inactive|dayron91 has 30 seconds left.\n|\n|t:|1732562054\n|switch|p1b: Pelipper|Pelipper, L50, M|100\/100\n|-terastallize|p2b: Archaludon|Fighting\n|move|p2a: Basculegion|Last Respects|p1b: Pelipper\n|-damage|p1b: Pelipper|0 fnt\n|faint|p1b: Pelipper\n|-damage|p2a: Basculegion|91\/100|[from] item: Life Orb\n|move|p2b: Archaludon|Body Press|p1a: Sneasler\n|-resisted|p1a: Sneasler\n|-crit|p1a: Sneasler\n|-damage|p1a: Sneasler|0 fnt\n|faint|p1a: Sneasler\n|\n|-weather|RainDance|[upkeep]\n|-sideend|p2: dayron91|move: Tailwind\n|upkeep\n|\n|t:|1732562061\n|switch|p1b: Gholdengo|Gholdengo, L50|39\/100\n|turn|5\n|\n|t:|1732562082\n|move|p1b: Gholdengo|Protect|p1b: Gholdengo\n|-singleturn|p1b: Gholdengo|Protect\n|move|p2a: Basculegion|Aqua Jet|p1b: Gholdengo\n|-activate|p1b: Gholdengo|move: Protect\n|move|p2b: Archaludon|Snarl|p1b: Gholdengo\n|-activate|p1b: Gholdengo|move: Protect\n|\n|-weather|none\n|upkeep\n|turn|6\n|\n|t:|1732562097\n|-terastallize|p1b: Gholdengo|Steel\n|move|p2a: Basculegion|Aqua Jet|p1b: Gholdengo\n|-damage|p1b: Gholdengo|5\/100\n|-damage|p2a: Basculegion|81\/100|[from] item: Life Orb\n|move|p1b: Gholdengo|Make It Rain|p2a: Basculegion|[spread] p2a,p2b\n|-resisted|p2a: Basculegion\n|-crit|p2a: Basculegion\n|-damage|p2a: Basculegion|15\/100\n|-damage|p2b: Archaludon|9\/100\n|-unboost|p1b: Gholdengo|spa|1\n|-ability|p2b: Archaludon|Stamina|boost\n|-boost|p2b: Archaludon|def|1\n|-damage|p1b: Gholdengo|0 fnt|[from] item: Life Orb\n|faint|p1b: Gholdengo\n|\n|win|dayron91\n|raw|Spottedwoot's rating: 1749 &rarr; <strong>1730<\/strong><br \/>(-19 for losing)\n|raw|dayron91's rating: 1761 &rarr; <strong>1780<\/strong><br \/>(+19 for winning)\n|l|\u2606Spottedwoot\n|player|p1|\n|l| xclamation\n","uploadtime":1732562103,"views":118,"formatid":"gen9vgc2024regh","rating":1730,"private":0,"password":null}