{"id":"gen9vgc2024regh-2250445723","format":"[Gen 9] VGC 2024 Reg H","players":["Simreaper","la bella de easo"],"log":"|j|\u2606Simreaper\n|j|\u2606la bella de easo\n|t:|1732495013\n|gametype|doubles\n|player|p1|Simreaper|266|1777\n|player|p2|la bella de easo|170|1666\n|teamsize|p1|6\n|teamsize|p2|6\n|gen|9\n|tier|[Gen 9] VGC 2024 Reg H\n|rated|\n|rule|Species Clause: Limit one of each Pok\u00e9mon\n|rule|Item Clause: Limit 1 of each item\n|clearpoke\n|poke|p1|Annihilape, L50, M|\n|poke|p1|Whimsicott, L50, M|\n|poke|p1|Archaludon, L50, F|\n|poke|p1|Amoonguss, L50, F|\n|poke|p1|Pelipper, L50, F|\n|poke|p1|Ursaluna-Bloodmoon, L50, M|\n|poke|p2|Pelipper, L50, M|\n|poke|p2|Archaludon, L50, M|\n|poke|p2|Amoonguss, L50, M|\n|poke|p2|Incineroar, L50, M|\n|poke|p2|Basculegion, L50, M|\n|poke|p2|Dragonite, L50, M|\n|teampreview|4\n|\n|t:|1732495057\n|start\n|switch|p1a: Archaludon|Archaludon, L50, F, shiny|100\/100\n|switch|p1b: Amoonguss|Amoonguss, L50, F, shiny|100\/100\n|switch|p2a: Pelipper|Pelipper, L50, M|100\/100\n|switch|p2b: Archaludon|Archaludon, L50, M, shiny|100\/100\n|-weather|RainDance|[from] ability: Drizzle|[of] p2a: Pelipper\n|turn|1\n|inactive|Battle timer is ON: inactive players will automatically lose when time's up. (requested by la bella de easo)\n|inactive|Simreaper also wants the timer to be on.\n|inactive|la bella de easo has 60 seconds left.\n|\n|t:|1732495094\n|-terastallize|p2b: Archaludon|Grass\n|-terastallize|p1b: Amoonguss|Dark\n|move|p2a: Pelipper|Muddy Water|p1a: Archaludon|[spread] p1a,p1b\n|-resisted|p1a: Archaludon\n|-damage|p1a: Archaludon|88\/100\n|-damage|p1b: Amoonguss|62\/100\n|-unboost|p1a: Archaludon|accuracy|1\n|-unboost|p1b: Amoonguss|accuracy|1\n|-ability|p1a: Archaludon|Stamina|boost\n|-boost|p1a: Archaludon|def|1\n|move|p1a: Archaludon|Electro Shot||[still]\n|-prepare|p1a: Archaludon|Electro Shot\n|-boost|p1a: Archaludon|spa|1\n|-anim|p1a: Archaludon|Electro Shot|p2a: Pelipper\n|-supereffective|p2a: Pelipper\n|-damage|p2a: Pelipper|0 fnt\n|faint|p2a: Pelipper\n|move|p2b: Archaludon|Draco Meteor|p1a: Archaludon\n|-damage|p1a: Archaludon|46\/100\n|-unboost|p2b: Archaludon|spa|2\n|-ability|p1a: Archaludon|Stamina|boost\n|-boost|p1a: Archaludon|def|1\n|move|p1b: Amoonguss|Spore|p2b: Archaludon\n|-immune|p2b: Archaludon\n|\n|-weather|RainDance|[upkeep]\n|upkeep\n|inactive|la bella de easo has 30 seconds left.\n|\n|t:|1732495119\n|switch|p2a: Dragonite|Dragonite, L50, M|100\/100\n|turn|2\n|\n|t:|1732495133\n|move|p2a: Dragonite|Scale Shot|p2b: Archaludon\n|-damage|p2b: Archaludon|90\/100\n|-ability|p2b: Archaludon|Stamina|boost\n|-boost|p2b: Archaludon|def|1\n|-damage|p2b: Archaludon|84\/100\n|-ability|p2b: Archaludon|Stamina|boost\n|-boost|p2b: Archaludon|def|1\n|-damage|p2b: Archaludon|79\/100\n|-ability|p2b: Archaludon|Stamina|boost\n|-boost|p2b: Archaludon|def|1\n|-damage|p2b: Archaludon|74\/100\n|-ability|p2b: Archaludon|Stamina|boost\n|-boost|p2b: Archaludon|def|1\n|-hitcount|p2b: Archaludon|4\n|-unboost|p2a: Dragonite|def|1\n|-boost|p2a: Dragonite|spe|1\n|move|p1a: Archaludon|Electro Shot||[still]\n|-prepare|p1a: Archaludon|Electro Shot\n|-boost|p1a: Archaludon|spa|1\n|-anim|p1a: Archaludon|Electro Shot|p2a: Dragonite|[miss]\n|-miss|p1a: Archaludon|p2a: Dragonite\n|move|p2b: Archaludon|Body Press|p1a: Archaludon\n|-supereffective|p1a: Archaludon\n|-damage|p1a: Archaludon|0 fnt\n|faint|p1a: Archaludon\n|move|p1b: Amoonguss|Pollen Puff|p1: Archaludon|[notarget]\n|-fail|p1b: Amoonguss\n|\n|-weather|RainDance|[upkeep]\n|upkeep\n|\n|t:|1732495149\n|switch|p1a: Whimsicott|Whimsicott, L50, M, shiny|100\/100\n|turn|3\n|\n|t:|1732495172\n|move|p1a: Whimsicott|Tailwind|p1a: Whimsicott\n|-sidestart|p1: Simreaper|move: Tailwind\n|move|p2a: Dragonite|Tailwind|p2a: Dragonite\n|-sidestart|p2: la bella de easo|move: Tailwind\n|move|p2b: Archaludon|Body Press|p1b: Amoonguss\n|-supereffective|p1b: Amoonguss\n|-damage|p1b: Amoonguss|0 fnt\n|-damage|p2b: Archaludon|58\/100|[from] item: Rocky Helmet|[of] p1b: Amoonguss\n|faint|p1b: Amoonguss\n|\n|-weather|RainDance|[upkeep]\n|upkeep\n|inactive|Simreaper has 30 seconds left.\n|\n|t:|1732495198\n|switch|p1b: Ursaluna|Ursaluna-Bloodmoon, L50, M|100\/100\n|turn|4\n|inactive|la bella de easo has 30 seconds left.\n|\n|t:|1732495229\n|move|p1b: Ursaluna|Protect|p1b: Ursaluna\n|-singleturn|p1b: Ursaluna|Protect\n|move|p1a: Whimsicott|Encore|p2a: Dragonite\n|-start|p2a: Dragonite|Encore\n|move|p2a: Dragonite|Tailwind||[still]\n|-fail|p2a: Dragonite\n|move|p2b: Archaludon|Body Press|p1b: Ursaluna\n|-activate|p1b: Ursaluna|move: Protect\n|\n|-weather|RainDance|[upkeep]\n|upkeep\n|turn|5\n|inactive|Simreaper has 30 seconds left.\n|inactive|la bella de easo has 30 seconds left.\n|\n|t:|1732495260\n|switch|p2a: Basculegion|Basculegion, L50, M|100\/100\n|move|p1a: Whimsicott|Moonblast|p2b: Archaludon\n|-damage|p2b: Archaludon|30\/100\n|-unboost|p2b: Archaludon|spa|1\n|-ability|p2b: Archaludon|Stamina|boost\n|-boost|p2b: Archaludon|def|1\n|move|p2b: Archaludon|Body Press|p1b: Ursaluna\n|-supereffective|p1b: Ursaluna\n|-damage|p1b: Ursaluna|0 fnt\n|faint|p1b: Ursaluna\n|\n|-weather|none\n|upkeep\n|turn|6\n|-message|Simreaper forfeited.\n|\n|win|la bella de easo\n|raw|Simreaper's rating: 1777 &rarr; <strong>1751<\/strong><br \/>(-26 for losing)\n|raw|la bella de easo's rating: 1666 &rarr; <strong>1692<\/strong><br \/>(+26 for winning)\n|l|\u2606Simreaper\n|player|p1|\n","uploadtime":1732495292,"views":6,"formatid":"gen9vgc2024regh","rating":1692,"private":0,"password":null}