{"id":"gen9vgc2024regh-2250573214","format":"[Gen 9] VGC 2024 Reg H","players":["Nivles","qiyeO.o"],"log":"|j|\u2606Nivles\n|j|\u2606qiyeO.o\n|t:|1732512619\n|gametype|doubles\n|player|p1|Nivles|266|1733\n|player|p2|qiyeO.o|nancy|1725\n|teamsize|p1|6\n|teamsize|p2|6\n|gen|9\n|tier|[Gen 9] VGC 2024 Reg H\n|rated|\n|rule|Species Clause: Limit one of each Pok\u00e9mon\n|rule|Item Clause: Limit 1 of each item\n|clearpoke\n|poke|p1|Sneasler, L50, M|\n|poke|p1|Ursaluna-Bloodmoon, L50, M|\n|poke|p1|Incineroar, L50, F|\n|poke|p1|Gholdengo, L50|\n|poke|p1|Rillaboom, L50, M|\n|poke|p1|Dragonite, L50, F|\n|poke|p2|Dragonite, L50, F|\n|poke|p2|Gholdengo, L50|\n|poke|p2|Kingambit, L50, F|\n|poke|p2|Archaludon, L50, F|\n|poke|p2|Rillaboom, L50, F|\n|poke|p2|Primarina, L50, F|\n|teampreview|4\n|inactive|Battle timer is ON: inactive players will automatically lose when time's up. (requested by Nivles)\n|inactive|Nivles has 60 seconds left.\n|\n|t:|1732512701\n|start\n|switch|p1a: Rillaboom|Rillaboom, L50, M, shiny|100\/100\n|switch|p1b: Sneasler|Sneasler, L50, M, shiny|100\/100\n|switch|p2a: \u5bcc\u5bcc\u7684\u8c6a|Gholdengo, L50|100\/100\n|switch|p2b: \u5976\u5976\u7684\u9f99|Dragonite, L50, F|100\/100\n|-fieldstart|move: Grassy Terrain|[from] ability: Grassy Surge|[of] p1a: Rillaboom\n|turn|1\n|inactive|qiyeO.o has 30 seconds left.\n|\n|t:|1732512731\n|-terastallize|p2a: \u5bcc\u5bcc\u7684\u8c6a|Steel\n|move|p2b: \u5976\u5976\u7684\u9f99|Protect|p2b: \u5976\u5976\u7684\u9f99\n|-singleturn|p2b: \u5976\u5976\u7684\u9f99|Protect\n|move|p2a: \u5bcc\u5bcc\u7684\u8c6a|Make It Rain|p1a: Rillaboom|[spread] p1a,p1b\n|-damage|p1a: Rillaboom|52\/100\n|-damage|p1b: Sneasler|13\/100\n|-unboost|p2a: \u5bcc\u5bcc\u7684\u8c6a|spa|1\n|move|p1b: Sneasler|Coaching|p1a: Rillaboom\n|-boost|p1a: Rillaboom|atk|1\n|-boost|p1a: Rillaboom|def|1\n|move|p1a: Rillaboom|High Horsepower|p2a: \u5bcc\u5bcc\u7684\u8c6a\n|-supereffective|p2a: \u5bcc\u5bcc\u7684\u8c6a\n|-damage|p2a: \u5bcc\u5bcc\u7684\u8c6a|0 fnt\n|faint|p2a: \u5bcc\u5bcc\u7684\u8c6a\n|\n|-heal|p1b: Sneasler|19\/100|[from] Grassy Terrain\n|-heal|p1a: Rillaboom|58\/100|[from] Grassy Terrain\n|upkeep\n|\n|t:|1732512735\n|switch|p2a: \u5927\u5927\u7684\u5c06|Kingambit, L50, F|100\/100\n|turn|2\n|\n|t:|1732512756\n|move|p2a: \u5927\u5927\u7684\u5c06|Sucker Punch||[still]\n|-fail|p2a: \u5927\u5927\u7684\u5c06\n|move|p1b: Sneasler|Coaching|p1a: Rillaboom\n|-boost|p1a: Rillaboom|atk|1\n|-boost|p1a: Rillaboom|def|1\n|move|p2b: \u5976\u5976\u7684\u9f99|Scale Shot|p1a: Rillaboom\n|-damage|p1a: Rillaboom|51\/100\n|-damage|p1a: Rillaboom|43\/100\n|-damage|p1a: Rillaboom|36\/100\n|-damage|p1a: Rillaboom|29\/100\n|-damage|p1a: Rillaboom|21\/100\n|-hitcount|p1a: Rillaboom|5\n|-unboost|p2b: \u5976\u5976\u7684\u9f99|def|1\n|-boost|p2b: \u5976\u5976\u7684\u9f99|spe|1\n|move|p1a: Rillaboom|High Horsepower|p2a: \u5927\u5927\u7684\u5c06\n|-supereffective|p2a: \u5927\u5927\u7684\u5c06\n|-enditem|p2a: \u5927\u5927\u7684\u5c06|Focus Sash\n|-damage|p2a: \u5927\u5927\u7684\u5c06|1\/100\n|\n|-heal|p1b: Sneasler|24\/100|[from] Grassy Terrain\n|-heal|p1a: Rillaboom|27\/100|[from] Grassy Terrain\n|-heal|p2a: \u5927\u5927\u7684\u5c06|7\/100|[from] Grassy Terrain\n|upkeep\n|turn|3\n|inactive|Nivles has 30 seconds left.\n|\n|t:|1732512791\n|move|p2a: \u5927\u5927\u7684\u5c06|Protect|p2a: \u5927\u5927\u7684\u5c06\n|-singleturn|p2a: \u5927\u5927\u7684\u5c06|Protect\n|move|p1a: Rillaboom|Grassy Glide|p2a: \u5927\u5927\u7684\u5c06\n|-activate|p2a: \u5927\u5927\u7684\u5c06|move: Protect\n|move|p2b: \u5976\u5976\u7684\u9f99|Scale Shot|p1a: Rillaboom\n|-damage|p1a: Rillaboom|19\/100\n|-damage|p1a: Rillaboom|12\/100\n|-crit|p1a: Rillaboom\n|-damage|p1a: Rillaboom|0 fnt\n|faint|p1a: Rillaboom\n|-hitcount|p1: Rillaboom|3\n|-unboost|p2b: \u5976\u5976\u7684\u9f99|def|1\n|-boost|p2b: \u5976\u5976\u7684\u9f99|spe|1\n|move|p1b: Sneasler|Coaching|p1: Rillaboom|[notarget]\n|-fail|p1b: Sneasler\n|\n|-heal|p1b: Sneasler|30\/100|[from] Grassy Terrain\n|-heal|p2a: \u5927\u5927\u7684\u5c06|14\/100|[from] Grassy Terrain\n|upkeep\n|inactive|Nivles has 30 seconds left.\n|\n|t:|1732512816\n|switch|p1a: Ursaluna|Ursaluna-Bloodmoon, L50, M|100\/100\n|turn|4\n|\n|t:|1732512828\n|move|p2b: \u5976\u5976\u7684\u9f99|Extreme Speed|p1b: Sneasler\n|-damage|p1b: Sneasler|0 fnt\n|faint|p1b: Sneasler\n|move|p2a: \u5927\u5927\u7684\u5c06|Low Kick|p1a: Ursaluna\n|-supereffective|p1a: Ursaluna\n|-damage|p1a: Ursaluna|31\/100\n|move|p1a: Ursaluna|Earth Power|p2a: \u5927\u5927\u7684\u5c06\n|-supereffective|p2a: \u5927\u5927\u7684\u5c06\n|-damage|p2a: \u5927\u5927\u7684\u5c06|0 fnt\n|faint|p2a: \u5927\u5927\u7684\u5c06\n|\n|-heal|p1a: Ursaluna|37\/100|[from] Grassy Terrain\n|upkeep\n|\n|t:|1732512839\n|switch|p1b: Gholdengo|Gholdengo, L50, shiny|100\/100\n|switch|p2a: \u897f\u897f\u7684\u65bd|Primarina, L50, F|100\/100\n|turn|5\n|inactive|Nivles has 30 seconds left.\n|\n|t:|1732512872\n|-terastallize|p1a: Ursaluna|Electric\n|move|p2b: \u5976\u5976\u7684\u9f99|Scale Shot|p1a: Ursaluna\n|-damage|p1a: Ursaluna|28\/100\n|-damage|p1a: Ursaluna|17\/100\n|-damage|p1a: Ursaluna|7\/100\n|-damage|p1a: Ursaluna|0 fnt\n|faint|p1a: Ursaluna\n|-hitcount|p1: Ursaluna|4\n|-unboost|p2b: \u5976\u5976\u7684\u9f99|def|1\n|-boost|p2b: \u5976\u5976\u7684\u9f99|spe|1\n|move|p1b: Gholdengo|Make It Rain|p2b: \u5976\u5976\u7684\u9f99|[spread] p2a,p2b\n|-damage|p2a: \u897f\u897f\u7684\u65bd|45\/100\n|-damage|p2b: \u5976\u5976\u7684\u9f99|63\/100\n|-unboost|p1b: Gholdengo|spa|1\n|-enditem|p2a: \u897f\u897f\u7684\u65bd|Sitrus Berry|[eat]\n|-heal|p2a: \u897f\u897f\u7684\u65bd|70\/100|[from] item: Sitrus Berry\n|-damage|p1b: Gholdengo|91\/100|[from] item: Life Orb\n|move|p2a: \u897f\u897f\u7684\u65bd|Hyper Voice|p1b: Gholdengo\n|-damage|p1b: Gholdengo|34\/100\n|\n|-heal|p1b: Gholdengo|41\/100|[from] Grassy Terrain\n|-heal|p2a: \u897f\u897f\u7684\u65bd|76\/100|[from] Grassy Terrain\n|-fieldend|move: Grassy Terrain\n|upkeep\n|turn|6\n|inactive|Nivles has 30 seconds left.\n|\n|t:|1732512904\n|move|p2b: \u5976\u5976\u7684\u9f99|Stomping Tantrum|p1b: Gholdengo\n|-supereffective|p1b: Gholdengo\n|-damage|p1b: Gholdengo|0 fnt\n|faint|p1b: Gholdengo\n|\n|win|qiyeO.o\n|raw|Nivles's rating: 1733 &rarr; <strong>1713<\/strong><br \/>(-20 for losing)\n|raw|qiyeO.o's rating: 1725 &rarr; <strong>1745<\/strong><br \/>(+20 for winning)\n|l|\u2606qiyeO.o\n|player|p2|\n|l|\u2606Nivles\n|player|p1|\n","uploadtime":1732513080,"views":30,"formatid":"gen9vgc2024regh","rating":1713,"private":0,"password":null}