{"id":"gen9vgc2024regh-2250031479","format":"[Gen 9] VGC 2024 Reg H","players":["lswagh","Aki Hoshino"],"log":"|j|\u2606lswagh\n|j|\u2606Aki Hoshino\n|t:|1732436071\n|gametype|doubles\n|player|p1|lswagh|265|1642\n|player|p2|Aki Hoshino|aromalady|1737\n|teamsize|p1|6\n|teamsize|p2|6\n|gen|9\n|tier|[Gen 9] VGC 2024 Reg H\n|rated|\n|rule|Species Clause: Limit one of each Pok\u00e9mon\n|rule|Item Clause: Limit 1 of each item\n|clearpoke\n|poke|p1|Exeggutor, L50, F|\n|poke|p1|Torkoal, L50, M|\n|poke|p1|Sneasler, L50, M|\n|poke|p1|Indeedee-F, L50, F|\n|poke|p1|Armarouge, L50, F|\n|poke|p1|Murkrow, L50, F|\n|poke|p2|Whimsicott, L50, F|\n|poke|p2|Dragapult, L50, F|\n|poke|p2|Ursaluna-Bloodmoon, L50, M|\n|poke|p2|Rillaboom, L50, F|\n|poke|p2|Gholdengo, L50|\n|poke|p2|Primarina, L50, F|\n|teampreview|4\n|\n|t:|1732436103\n|start\n|switch|p1a: Sneasler|Sneasler, L50, M|100\/100\n|switch|p1b: Indeedee|Indeedee-F, L50, F|100\/100\n|switch|p2a: Whimsicott|Whimsicott, L50, F|100\/100\n|switch|p2b: Dragapult|Dragapult, L50, F|100\/100\n|-fieldstart|move: Psychic Terrain|[from] ability: Psychic Surge|[of] p1b: Indeedee\n|-enditem|p1a: Sneasler|Psychic Seed\n|-boost|p1a: Sneasler|spd|1|[from] item: Psychic Seed\n|turn|1\n|\n|t:|1732436144\n|switch|p1a: Torkoal|Torkoal, L50, M|100\/100\n|-weather|SunnyDay|[from] ability: Drought|[of] p1a: Torkoal\n|-terastallize|p1b: Indeedee|Fairy\n|move|p2b: Dragapult|U-turn|p1b: Indeedee\n|-resisted|p1b: Indeedee\n|-damage|p1b: Indeedee|82\/100\n|-damage|p2b: Dragapult|84\/100|[from] item: Rocky Helmet|[of] p1b: Indeedee\n|\n|t:|1732436155\n|switch|p2b: Rillaboom|Rillaboom, L50, F|100\/100|[from] U-turn\n|-fieldstart|move: Grassy Terrain|[from] ability: Grassy Surge|[of] p2b: Rillaboom\n|move|p2a: Whimsicott|Moonblast|p1b: Indeedee\n|-damage|p1b: Indeedee|46\/100\n|move|p1b: Indeedee|Trick Room|p1b: Indeedee\n|-fieldstart|move: Trick Room|[of] p1b: Indeedee\n|\n|-weather|SunnyDay|[upkeep]\n|-heal|p1b: Indeedee|52\/100|[from] Grassy Terrain\n|upkeep\n|turn|2\n|\n|t:|1732436170\n|switch|p1b: Armarouge|Armarouge, L50, F|100\/100\n|move|p2b: Rillaboom|Fake Out|p1a: Torkoal\n|-damage|p1a: Torkoal|90\/100\n|cant|p1a: Torkoal|flinch\n|move|p2a: Whimsicott|Trick Room|p2a: Whimsicott\n|-fieldend|move: Trick Room\n|\n|-weather|SunnyDay|[upkeep]\n|-heal|p1a: Torkoal|96\/100|[from] Grassy Terrain\n|upkeep\n|turn|3\n|\n|t:|1732436197\n|-terastallize|p2b: Rillaboom|Fire\n|move|p2a: Whimsicott|Helping Hand|p2b: Rillaboom\n|-singleturn|p2b: Rillaboom|Helping Hand|[of] p2a: Whimsicott\n|move|p2b: Rillaboom|High Horsepower|p1b: Armarouge\n|-supereffective|p1b: Armarouge\n|-damage|p1b: Armarouge|13\/100\n|move|p1a: Torkoal|Eruption|p2a: Whimsicott|[spread] p2a,p2b\n|-supereffective|p2a: Whimsicott\n|-resisted|p2b: Rillaboom\n|-enditem|p2a: Whimsicott|Focus Sash\n|-damage|p2a: Whimsicott|1\/100\n|-damage|p2b: Rillaboom|71\/100\n|move|p1b: Armarouge|Trick Room|p1b: Armarouge\n|-fieldstart|move: Trick Room|[of] p1b: Armarouge\n|\n|-weather|SunnyDay|[upkeep]\n|-heal|p1a: Torkoal|100\/100|[from] Grassy Terrain\n|-heal|p1b: Armarouge|19\/100|[from] Grassy Terrain\n|-heal|p2b: Rillaboom|77\/100|[from] Grassy Terrain\n|-heal|p2a: Whimsicott|7\/100|[from] Grassy Terrain\n|upkeep\n|turn|4\n|\n|t:|1732436230\n|switch|p1b: Indeedee|Indeedee-F, L50, F, tera:Fairy|52\/100\n|-fieldstart|move: Psychic Terrain|[from] ability: Psychic Surge|[of] p1b: Indeedee\n|move|p1a: Torkoal|Eruption|p2b: Rillaboom|[spread] p2a,p2b\n|-supereffective|p2a: Whimsicott\n|-resisted|p2b: Rillaboom\n|-damage|p2a: Whimsicott|0 fnt\n|-damage|p2b: Rillaboom|47\/100\n|faint|p2a: Whimsicott\n|move|p2b: Rillaboom|High Horsepower|p1b: Indeedee\n|-damage|p1b: Indeedee|21\/100\n|-damage|p2b: Rillaboom|31\/100|[from] item: Rocky Helmet|[of] p1b: Indeedee\n|\n|-weather|SunnyDay|[upkeep]\n|upkeep\n|\n|t:|1732436251\n|switch|p2a: Dragapult|Dragapult, L50, F|84\/100\n|turn|5\n|\n|t:|1732436278\n|move|p1b: Indeedee|Helping Hand|p1a: Torkoal\n|-singleturn|p1a: Torkoal|Helping Hand|[of] p1b: Indeedee\n|move|p1a: Torkoal|Eruption|p2b: Rillaboom|[spread] p2a,p2b\n|-resisted|p2a: Dragapult\n|-resisted|p2b: Rillaboom\n|-damage|p2a: Dragapult|0 fnt\n|-damage|p2b: Rillaboom|0 fnt\n|faint|p2a: Dragapult\n|faint|p2b: Rillaboom\n|\n|-weather|none\n|upkeep\n|-message|Aki Hoshino forfeited.\n|\n|win|lswagh\n|raw|lswagh's rating: 1642 &rarr; <strong>1667<\/strong><br \/>(+25 for winning)\n|raw|Aki Hoshino's rating: 1737 &rarr; <strong>1712<\/strong><br \/>(-25 for losing)\n|l|\u2606Aki Hoshino\n|player|p2|\n|j|\u2606Aki Hoshino\n|player|p2|Aki Hoshino|aromalady|\n|l|\u2606Aki Hoshino\n|player|p2|\n","uploadtime":1732436478,"views":8,"formatid":"gen9vgc2024regh","rating":1667,"private":0,"password":null}