{"id":"gen9vgc2024regh-2250928895","format":"[Gen 9] VGC 2024 Reg H","players":["grankie","Spottedwoot"],"log":"|j|\u2606grankie\n|j|\u2606Spottedwoot\n|t:|1732561371\n|gametype|doubles\n|player|p1|grankie|baker|1680\n|player|p2|Spottedwoot|169|1804\n|teamsize|p1|6\n|teamsize|p2|6\n|gen|9\n|tier|[Gen 9] VGC 2024 Reg H\n|rated|\n|rule|Species Clause: Limit one of each Pok\u00e9mon\n|rule|Item Clause: Limit 1 of each item\n|clearpoke\n|poke|p1|Annihilape, L50, F|\n|poke|p1|Comfey, L50, M|\n|poke|p1|Ursaluna-Bloodmoon, L50, M|\n|poke|p1|Dragonite, L50, M|\n|poke|p1|Sneasler, L50, M|\n|poke|p1|Rillaboom, L50, M|\n|poke|p2|Pelipper, L50, F|\n|poke|p2|Archaludon, L50, F|\n|poke|p2|Gholdengo, L50|\n|poke|p2|Basculegion, L50, M|\n|poke|p2|Rillaboom, L50, F|\n|poke|p2|Sneasler, L50, F|\n|teampreview|4\n|inactive|Battle timer is ON: inactive players will automatically lose when time's up. (requested by Spottedwoot)\n|\n|t:|1732561444\n|start\n|switch|p1a: Comfey|Comfey, L50, M|100\/100\n|switch|p1b: Sneasler|Sneasler, L50, M|100\/100\n|switch|p2a: Pelipper|Pelipper, L50, F|100\/100\n|switch|p2b: Sneasler|Sneasler, L50, F|100\/100\n|-weather|RainDance|[from] ability: Drizzle|[of] p2a: Pelipper\n|turn|1\n|\n|t:|1732561460\n|move|p1b: Sneasler|Fake Out|p2b: Sneasler\n|-damage|p2b: Sneasler|78\/100\n|move|p2a: Pelipper|Hurricane|p1b: Sneasler\n|-supereffective|p1b: Sneasler\n|-enditem|p1b: Sneasler|Focus Sash\n|-damage|p1b: Sneasler|1\/100\n|-start|p1b: Sneasler|confusion\n|cant|p2b: Sneasler|flinch\n|move|p1a: Comfey|Tailwind|p1a: Comfey\n|-sidestart|p1: grankie|move: Tailwind\n|\n|-weather|RainDance|[upkeep]\n|upkeep\n|turn|2\n|inactive|grankie has 30 seconds left.\n|\n|t:|1732561488\n|switch|p1a: Ursaluna|Ursaluna-Bloodmoon, L50, M|100\/100\n|-activate|p1b: Sneasler|confusion\n|-damage|p1b: Sneasler|0 fnt|[from] confusion\n|faint|p1b: Sneasler\n|move|p2a: Pelipper|Hurricane|p1a: Ursaluna\n|-damage|p1a: Ursaluna|44\/100\n|-start|p1a: Ursaluna|confusion\n|move|p2b: Sneasler|Dire Claw|p1a: Ursaluna\n|-resisted|p1a: Ursaluna\n|-damage|p1a: Ursaluna|28\/100\n|\n|-weather|RainDance|[upkeep]\n|upkeep\n|\n|t:|1732561505\n|switch|p1b: Dragonite|Dragonite, L50, M|100\/100\n|turn|3\n|\n|t:|1732561517\n|move|p1b: Dragonite|Scale Shot|p2b: Sneasler\n|-damage|p2b: Sneasler|55\/100\n|-damage|p2b: Sneasler|28\/100\n|-damage|p2b: Sneasler|0 fnt\n|faint|p2b: Sneasler\n|-hitcount|p2: Sneasler|3\n|-unboost|p1b: Dragonite|def|1\n|-boost|p1b: Dragonite|spe|1\n|-activate|p1a: Ursaluna|confusion\n|move|p1a: Ursaluna|Blood Moon|p2a: Pelipper\n|-damage|p2a: Pelipper|0 fnt\n|faint|p2a: Pelipper\n|-damage|p1a: Ursaluna|18\/100|[from] item: Life Orb\n|\n|-weather|RainDance|[upkeep]\n|upkeep\n|\n|t:|1732561521\n|switch|p2b: Basculegion|Basculegion, L50, M|100\/100\n|switch|p2a: Gholdengo|Gholdengo, L50|100\/100\n|turn|4\n|\n|t:|1732561535\n|-activate|p1a: Ursaluna|confusion\n|move|p1a: Ursaluna|Protect|p1a: Ursaluna\n|-singleturn|p1a: Ursaluna|Protect\n|move|p1b: Dragonite|Scale Shot|p2b: Basculegion\n|-damage|p2b: Basculegion|80\/100\n|-damage|p2b: Basculegion|62\/100\n|-damage|p2b: Basculegion|42\/100\n|-damage|p2b: Basculegion|21\/100\n|-hitcount|p2b: Basculegion|4\n|-unboost|p1b: Dragonite|def|1\n|-boost|p1b: Dragonite|spe|1\n|move|p2b: Basculegion|Wave Crash|p1a: Ursaluna\n|-activate|p1a: Ursaluna|move: Protect\n|move|p2a: Gholdengo|Nasty Plot|p2a: Gholdengo\n|-boost|p2a: Gholdengo|spa|2\n|\n|-weather|RainDance|[upkeep]\n|-sideend|p1: grankie|move: Tailwind\n|upkeep\n|turn|5\n|inactive|grankie has 30 seconds left.\n|inactive|grankie has 20 seconds left.\n|inactive|grankie has 15 seconds left.\n|inactive|grankie has 10 seconds left.\n|\n|t:|1732561584\n|move|p1b: Dragonite|Scale Shot|p2b: Basculegion\n|-damage|p2b: Basculegion|1\/100\n|-damage|p2b: Basculegion|0 fnt\n|faint|p2b: Basculegion\n|-hitcount|p2: Basculegion|2\n|-unboost|p1b: Dragonite|def|1\n|-boost|p1b: Dragonite|spe|1\n|move|p2a: Gholdengo|Make It Rain|p1a: Ursaluna|[spread] p1a,p1b\n|-damage|p1a: Ursaluna|0 fnt\n|-damage|p1b: Dragonite|43\/100\n|-unboost|p2a: Gholdengo|spa|1\n|faint|p1a: Ursaluna\n|-damage|p2a: Gholdengo|90\/100|[from] item: Life Orb\n|\n|-weather|none\n|upkeep\n|\n|t:|1732561589\n|switch|p1a: Comfey|Comfey, L50, M|100\/100\n|turn|6\n|\n|t:|1732561609\n|-terastallize|p1a: Comfey|Steel\n|-terastallize|p2a: Gholdengo|Steel\n|move|p1b: Dragonite|Protect|p1b: Dragonite\n|-singleturn|p1b: Dragonite|Protect\n|move|p1a: Comfey|Tailwind|p1a: Comfey\n|-sidestart|p1: grankie|move: Tailwind\n|move|p2a: Gholdengo|Make It Rain|p1b: Dragonite|[spread] p1a\n|-activate|p1b: Dragonite|move: Protect\n|-resisted|p1a: Comfey\n|-damage|p1a: Comfey|40\/100\n|-unboost|p2a: Gholdengo|spa|1\n|-damage|p2a: Gholdengo|80\/100|[from] item: Life Orb\n|\n|upkeep\n|turn|7\n|\n|t:|1732561624\n|move|p1a: Comfey|Floral Healing|p1b: Dragonite\n|-heal|p1b: Dragonite|93\/100\n|move|p1b: Dragonite|Low Kick|p2a: Gholdengo\n|-supereffective|p2a: Gholdengo\n|-damage|p2a: Gholdengo|30\/100\n|move|p2a: Gholdengo|Make It Rain|p1a: Comfey|[spread] p1a,p1b\n|-resisted|p1a: Comfey\n|-damage|p1a: Comfey|0 fnt\n|-damage|p1b: Dragonite|16\/100\n|-unboost|p2a: Gholdengo|spa|1\n|faint|p1a: Comfey\n|-damage|p2a: Gholdengo|20\/100|[from] item: Life Orb\n|\n|upkeep\n|turn|8\n|\n|t:|1732561629\n|move|p2a: Gholdengo|Protect|p2a: Gholdengo\n|-singleturn|p2a: Gholdengo|Protect\n|move|p1b: Dragonite|Low Kick|p2a: Gholdengo\n|-activate|p2a: Gholdengo|move: Protect\n|\n|upkeep\n|turn|9\n|\n|t:|1732561633\n|move|p1b: Dragonite|Low Kick|p2a: Gholdengo\n|-supereffective|p2a: Gholdengo\n|-damage|p2a: Gholdengo|0 fnt\n|faint|p2a: Gholdengo\n|\n|win|grankie\n|raw|grankie's rating: 1680 &rarr; <strong>1707<\/strong><br \/>(+27 for winning)\n|raw|Spottedwoot's rating: 1804 &rarr; <strong>1777<\/strong><br \/>(-27 for losing)\n","uploadtime":1732561637,"views":113,"formatid":"gen9vgc2024regh","rating":1707,"private":0,"password":null}