{"id":"gen9vgc2024regh-2250140334","format":"[Gen 9] VGC 2024 Reg H","players":["qiyeO.o","TheOnlyFizzo"],"log":"|j|\u2606qiyeO.o\n|j|\u2606TheOnlyFizzo\n|t:|1732457713\n|gametype|doubles\n|player|p1|qiyeO.o|nancy|1741\n|player|p2|TheOnlyFizzo|2|1782\n|teamsize|p1|6\n|teamsize|p2|6\n|gen|9\n|tier|[Gen 9] VGC 2024 Reg H\n|rated|\n|rule|Species Clause: Limit one of each Pok\u00e9mon\n|rule|Item Clause: Limit 1 of each item\n|clearpoke\n|poke|p1|Dragonite, L50, F|\n|poke|p1|Gholdengo, L50|\n|poke|p1|Kingambit, L50, F|\n|poke|p1|Archaludon, L50, F|\n|poke|p1|Primarina, L50, F|\n|poke|p1|Rillaboom, L50, F|\n|poke|p2|Sneasler, L50, M|\n|poke|p2|Indeedee, L50, M|\n|poke|p2|Gholdengo, L50|\n|poke|p2|Murkrow, L50, F|\n|poke|p2|Ursaluna, L50, M|\n|poke|p2|Zoroark-Hisui, L50, F|\n|teampreview|4\n|inactive|Battle timer is ON: inactive players will automatically lose when time's up. (requested by TheOnlyFizzo)\n|\n|t:|1732457737\n|start\n|switch|p1a: \u5976\u5976\u7684\u9f99|Dragonite, L50, F|100\/100\n|switch|p1b: \u5bcc\u5bcc\u7684\u8c6a|Gholdengo, L50|100\/100\n|switch|p2a: Murkrow|Murkrow, L50, F|100\/100\n|switch|p2b: Ursaluna|Ursaluna, L50, M|100\/100\n|turn|1\n|\n|t:|1732457757\n|move|p2a: Murkrow|Tailwind|p2a: Murkrow\n|-sidestart|p2: TheOnlyFizzo|move: Tailwind\n|move|p1b: \u5bcc\u5bcc\u7684\u8c6a|Make It Rain|p2a: Murkrow|[spread] p2a,p2b\n|-damage|p2a: Murkrow|48\/100\n|-damage|p2b: Ursaluna|54\/100\n|-unboost|p1b: \u5bcc\u5bcc\u7684\u8c6a|spa|1\n|move|p2b: Ursaluna|Headlong Rush|p1b: \u5bcc\u5bcc\u7684\u8c6a\n|-supereffective|p1b: \u5bcc\u5bcc\u7684\u8c6a\n|-damage|p1b: \u5bcc\u5bcc\u7684\u8c6a|0 fnt\n|-unboost|p2b: Ursaluna|def|1\n|-unboost|p2b: Ursaluna|spd|1\n|faint|p1b: \u5bcc\u5bcc\u7684\u8c6a\n|move|p1a: \u5976\u5976\u7684\u9f99|Scale Shot|p2a: Murkrow\n|-damage|p2a: Murkrow|30\/100\n|-damage|p2a: Murkrow|14\/100\n|-damage|p2a: Murkrow|0 fnt\n|faint|p2a: Murkrow\n|-hitcount|p2: Murkrow|3\n|-unboost|p1a: \u5976\u5976\u7684\u9f99|def|1\n|-boost|p1a: \u5976\u5976\u7684\u9f99|spe|1\n|\n|-status|p2b: Ursaluna|brn|[from] item: Flame Orb\n|upkeep\n|inactive|TheOnlyFizzo has 30 seconds left.\n|\n|t:|1732457784\n|switch|p1b: \u5927\u5927\u7684\u5c06|Kingambit, L50, F|100\/100\n|switch|p2a: Sneasler|Sneasler, L50, M|100\/100\n|turn|2\n|inactive|TheOnlyFizzo has 30 seconds left.\n|inactive|TheOnlyFizzo has 20 seconds left.\n|inactive|TheOnlyFizzo has 15 seconds left.\n|inactive|TheOnlyFizzo has 10 seconds left.\n|\n|t:|1732457831\n|move|p1a: \u5976\u5976\u7684\u9f99|Protect|p1a: \u5976\u5976\u7684\u9f99\n|-singleturn|p1a: \u5976\u5976\u7684\u9f99|Protect\n|move|p2b: Ursaluna|Protect|p2b: Ursaluna\n|-singleturn|p2b: Ursaluna|Protect\n|move|p1b: \u5927\u5927\u7684\u5c06|Protect|p1b: \u5927\u5927\u7684\u5c06\n|-singleturn|p1b: \u5927\u5927\u7684\u5c06|Protect\n|move|p2a: Sneasler|Dire Claw|p1a: \u5976\u5976\u7684\u9f99\n|-activate|p1a: \u5976\u5976\u7684\u9f99|move: Protect\n|\n|-damage|p2b: Ursaluna|48\/100 brn|[from] brn\n|upkeep\n|turn|3\n|inactive|TheOnlyFizzo has 30 seconds left.\n|inactive|TheOnlyFizzo has 20 seconds left.\n|inactive|TheOnlyFizzo has 15 seconds left.\n|inactive|TheOnlyFizzo has 10 seconds left.\n|inactive|TheOnlyFizzo has 5 seconds left.\n|\n|t:|1732457885\n|switch|p2b: Indeedee|Indeedee, L50, M|100\/100\n|-fieldstart|move: Psychic Terrain|[from] ability: Psychic Surge|[of] p2b: Indeedee\n|-enditem|p2a: Sneasler|Psychic Seed\n|-boost|p2a: Sneasler|spd|1|[from] item: Psychic Seed\n|-terastallize|p1b: \u5927\u5927\u7684\u5c06|Dark\n|move|p1b: \u5927\u5927\u7684\u5c06|Sucker Punch||[still]\n|-fail|p1b: \u5927\u5927\u7684\u5c06\n|move|p2a: Sneasler|Dire Claw|p1b: \u5927\u5927\u7684\u5c06\n|-damage|p1b: \u5927\u5927\u7684\u5c06|61\/100\n|move|p1a: \u5976\u5976\u7684\u9f99|Scale Shot|p2a: Sneasler\n|-damage|p2a: Sneasler|74\/100\n|-damage|p2a: Sneasler|47\/100\n|-damage|p2a: Sneasler|19\/100\n|-damage|p2a: Sneasler|0 fnt\n|faint|p2a: Sneasler\n|-hitcount|p2: Sneasler|4\n|-unboost|p1a: \u5976\u5976\u7684\u9f99|def|1\n|-boost|p1a: \u5976\u5976\u7684\u9f99|spe|1\n|\n|upkeep\n|\n|t:|1732457908\n|switch|p2a: Ursaluna|Ursaluna, L50, M|48\/100 brn\n|turn|4\n|inactive|TheOnlyFizzo has 30 seconds left.\n|inactive|qiyeO.o has 30 seconds left.\n|\n|t:|1732457953\n|move|p2b: Indeedee|Protect|p2b: Indeedee\n|-singleturn|p2b: Indeedee|Protect\n|move|p1a: \u5976\u5976\u7684\u9f99|Protect|p1a: \u5976\u5976\u7684\u9f99\n|-singleturn|p1a: \u5976\u5976\u7684\u9f99|Protect\n|move|p1b: \u5927\u5927\u7684\u5c06|Protect|p1b: \u5927\u5927\u7684\u5c06\n|-singleturn|p1b: \u5927\u5927\u7684\u5c06|Protect\n|move|p2a: Ursaluna|Facade|p1a: \u5976\u5976\u7684\u9f99\n|-activate|p1a: \u5976\u5976\u7684\u9f99|move: Protect\n|\n|-damage|p2a: Ursaluna|42\/100 brn|[from] brn\n|-sideend|p2: TheOnlyFizzo|move: Tailwind\n|upkeep\n|turn|5\n|\n|t:|1732457975\n|move|p1a: \u5976\u5976\u7684\u9f99|Scale Shot|p2b: Indeedee\n|-damage|p2b: Indeedee|72\/100\n|-damage|p2b: Indeedee|40\/100\n|-damage|p2b: Indeedee|12\/100\n|-damage|p2b: Indeedee|0 fnt\n|faint|p2b: Indeedee\n|-hitcount|p2: Indeedee|4\n|-unboost|p1a: \u5976\u5976\u7684\u9f99|def|1\n|-boost|p1a: \u5976\u5976\u7684\u9f99|spe|1\n|move|p1b: \u5927\u5927\u7684\u5c06|Low Kick|p2a: Ursaluna\n|-supereffective|p2a: Ursaluna\n|-damage|p2a: Ursaluna|0 fnt\n|faint|p2a: Ursaluna\n|\n|win|qiyeO.o\n|raw|qiyeO.o's rating: 1741 &rarr; <strong>1763<\/strong><br \/>(+22 for winning)\n|raw|TheOnlyFizzo's rating: 1782 &rarr; <strong>1760<\/strong><br \/>(-22 for losing)\n|l|\u2606TheOnlyFizzo\n|player|p2|\n|l|\u2606qiyeO.o\n|player|p1|\n","uploadtime":1732458122,"views":9,"formatid":"gen9vgc2024regh","rating":1760,"private":0,"password":null}