{"id":"gen9vgc2024regh-2250146136","format":"[Gen 9] VGC 2024 Reg H","players":["I eat cabbages","VGCLTH skibidi"],"log":"|raw|<div class=\"broadcast-blue\"><strong>This battle is required to be public due to a player having a name starting with 'vgclth'.<\/div>\n|j|\u2606I eat cabbages\n|j|\u2606VGCLTH skibidi\n|t:|1732458605\n|gametype|doubles\n|player|p1|I eat cabbages|170|1753\n|player|p2|VGCLTH skibidi|piers-masters|1814\n|teamsize|p1|6\n|teamsize|p2|6\n|gen|9\n|tier|[Gen 9] VGC 2024 Reg H\n|rated|\n|rule|Species Clause: Limit one of each Pok\u00e9mon\n|rule|Item Clause: Limit 1 of each item\n|clearpoke\n|poke|p1|Annihilape, L50, F|\n|poke|p1|Dragonite, L50, F|\n|poke|p1|Ursaluna-Bloodmoon, L50, M|\n|poke|p1|Gholdengo, L50|\n|poke|p1|Rillaboom, L50, F|\n|poke|p1|Dondozo, L50, F|\n|poke|p2|Whimsicott, L50, F|\n|poke|p2|Gallade, L50, M|\n|poke|p2|Archaludon, L50, F|\n|poke|p2|Malamar, L50, F|\n|poke|p2|Indeedee, L50, M|\n|poke|p2|Drifblim, L50, M|\n|teampreview|4\n|inactive|Battle timer is ON: inactive players will automatically lose when time's up. (requested by VGCLTH skibidi)\n|\n|t:|1732458634\n|start\n|switch|p1a: Ursaluna|Ursaluna-Bloodmoon, L50, M|100\/100\n|switch|p1b: Gholdengo|Gholdengo, L50|100\/100\n|switch|p2a: Tapu Deedee|Indeedee, L50, M, shiny|100\/100\n|switch|p2b: \ud83c\udf88\ud83d\udc7b\ud83c\udf83\ud83d\udc7b\ud83c\udf83\ud83c\udf88|Drifblim, L50, M|100\/100\n|-fieldstart|move: Psychic Terrain|[from] ability: Psychic Surge|[of] p2a: Tapu Deedee\n|-enditem|p2b: \ud83c\udf88\ud83d\udc7b\ud83c\udf83\ud83d\udc7b\ud83c\udf83\ud83c\udf88|Psychic Seed\n|-boost|p2b: \ud83c\udf88\ud83d\udc7b\ud83c\udf83\ud83d\udc7b\ud83c\udf83\ud83c\udf88|spd|1|[from] item: Psychic Seed\n|turn|1\n|\n|t:|1732458649\n|switch|p1b: Rillaboom|Rillaboom, L50, F|100\/100\n|-fieldstart|move: Grassy Terrain|[from] ability: Grassy Surge|[of] p1b: Rillaboom\n|-terastallize|p2a: Tapu Deedee|Fire\n|move|p2b: \ud83c\udf88\ud83d\udc7b\ud83c\udf83\ud83d\udc7b\ud83c\udf83\ud83c\udf88|Icy Wind|p1a: Ursaluna|[spread] p1a,p1b\n|-supereffective|p1a: Ursaluna\n|-supereffective|p1b: Rillaboom\n|-damage|p1a: Ursaluna|89\/100\n|-damage|p1b: Rillaboom|81\/100\n|-unboost|p1a: Ursaluna|spe|1\n|-unboost|p1b: Rillaboom|spe|1\n|move|p2a: Tapu Deedee|Expanding Force|p1b: Rillaboom\n|-damage|p1b: Rillaboom|11\/100\n|move|p1a: Ursaluna|Hyper Voice|p2a: Tapu Deedee|[spread] p2a,p2b\n|-damage|p2a: Tapu Deedee|54\/100\n|-damage|p2b: \ud83c\udf88\ud83d\udc7b\ud83c\udf83\ud83d\udc7b\ud83c\udf83\ud83c\udf88|75\/100\n|\n|-heal|p2a: Tapu Deedee|60\/100|[from] Grassy Terrain\n|-heal|p1b: Rillaboom|17\/100|[from] Grassy Terrain\n|-heal|p1a: Ursaluna|95\/100|[from] Grassy Terrain\n|upkeep\n|turn|2\n|\n|t:|1732458670\n|switch|p2a: \u2694\ufe0fKing\u2694\ufe0f|Gallade, L50, M, shiny|100\/100\n|move|p1b: Rillaboom|Fake Out|p2a: \u2694\ufe0fKing\u2694\ufe0f\n|-damage|p2a: \u2694\ufe0fKing\u2694\ufe0f|75\/100\n|move|p2b: \ud83c\udf88\ud83d\udc7b\ud83c\udf83\ud83d\udc7b\ud83c\udf83\ud83c\udf88|Air Slash|p1b: Rillaboom\n|-supereffective|p1b: Rillaboom\n|-damage|p1b: Rillaboom|0 fnt\n|faint|p1b: Rillaboom\n|move|p1a: Ursaluna|Earth Power|p2a: \u2694\ufe0fKing\u2694\ufe0f\n|-damage|p2a: \u2694\ufe0fKing\u2694\ufe0f|28\/100\n|\n|-heal|p2a: \u2694\ufe0fKing\u2694\ufe0f|34\/100|[from] Grassy Terrain\n|-heal|p1a: Ursaluna|100\/100|[from] Grassy Terrain\n|upkeep\n|\n|t:|1732458678\n|switch|p1b: Dragonite|Dragonite, L50, F|100\/100\n|turn|3\n|\n|t:|1732458697\n|switch|p1a: Gholdengo|Gholdengo, L50|100\/100\n|-terastallize|p1b: Dragonite|Fairy\n|move|p2b: \ud83c\udf88\ud83d\udc7b\ud83c\udf83\ud83d\udc7b\ud83c\udf83\ud83c\udf88|Will-O-Wisp|p1b: Dragonite\n|-status|p1b: Dragonite|brn\n|move|p1b: Dragonite|Scale Shot|p2b: \ud83c\udf88\ud83d\udc7b\ud83c\udf83\ud83d\udc7b\ud83c\udf83\ud83c\udf88\n|-damage|p2b: \ud83c\udf88\ud83d\udc7b\ud83c\udf83\ud83d\udc7b\ud83c\udf83\ud83c\udf88|67\/100\n|-damage|p2b: \ud83c\udf88\ud83d\udc7b\ud83c\udf83\ud83d\udc7b\ud83c\udf83\ud83c\udf88|61\/100\n|-damage|p2b: \ud83c\udf88\ud83d\udc7b\ud83c\udf83\ud83d\udc7b\ud83c\udf83\ud83c\udf88|53\/100\n|-damage|p2b: \ud83c\udf88\ud83d\udc7b\ud83c\udf83\ud83d\udc7b\ud83c\udf83\ud83c\udf88|46\/100\n|-hitcount|p2b: \ud83c\udf88\ud83d\udc7b\ud83c\udf83\ud83d\udc7b\ud83c\udf83\ud83c\udf88|4\n|-unboost|p1b: Dragonite|def|1\n|-boost|p1b: Dragonite|spe|1\n|move|p2a: \u2694\ufe0fKing\u2694\ufe0f|Sacred Sword|p1a: Gholdengo\n|-immune|p1a: Gholdengo\n|\n|-heal|p2a: \u2694\ufe0fKing\u2694\ufe0f|40\/100|[from] Grassy Terrain\n|-damage|p1b: Dragonite|95\/100 brn|[from] brn\n|upkeep\n|turn|4\n|\n|t:|1732458719\n|move|p1b: Dragonite|Protect|p1b: Dragonite\n|-singleturn|p1b: Dragonite|Protect\n|move|p2b: \ud83c\udf88\ud83d\udc7b\ud83c\udf83\ud83d\udc7b\ud83c\udf83\ud83c\udf88|Strength Sap|p1b: Dragonite\n|-activate|p1b: Dragonite|move: Protect\n|move|p1a: Gholdengo|Shadow Ball|p2b: \ud83c\udf88\ud83d\udc7b\ud83c\udf83\ud83d\udc7b\ud83c\udf83\ud83c\udf88\n|-supereffective|p2b: \ud83c\udf88\ud83d\udc7b\ud83c\udf83\ud83d\udc7b\ud83c\udf83\ud83c\udf88\n|-damage|p2b: \ud83c\udf88\ud83d\udc7b\ud83c\udf83\ud83d\udc7b\ud83c\udf83\ud83c\udf88|0 fnt\n|faint|p2b: \ud83c\udf88\ud83d\udc7b\ud83c\udf83\ud83d\udc7b\ud83c\udf83\ud83c\udf88\n|move|p2a: \u2694\ufe0fKing\u2694\ufe0f|Psycho Cut|p1b: Dragonite\n|-activate|p1b: Dragonite|move: Protect\n|\n|-heal|p1b: Dragonite|100\/100 brn|[from] Grassy Terrain\n|-heal|p2a: \u2694\ufe0fKing\u2694\ufe0f|46\/100|[from] Grassy Terrain\n|-damage|p1b: Dragonite|95\/100 brn|[from] brn\n|upkeep\n|\n|t:|1732458744\n|switch|p2b: Tapu Deedee|Indeedee, L50, M, shiny, tera:Fire|60\/100\n|-fieldstart|move: Psychic Terrain|[from] ability: Psychic Surge|[of] p2b: Tapu Deedee\n|turn|5\n|\n|t:|1732458751\n|move|p1b: Dragonite|Scale Shot|p2b: Tapu Deedee\n|-damage|p2b: Tapu Deedee|46\/100\n|-damage|p2b: Tapu Deedee|31\/100\n|-damage|p2b: Tapu Deedee|16\/100\n|-damage|p2b: Tapu Deedee|0 fnt\n|faint|p2b: Tapu Deedee\n|-hitcount|p2: Tapu Deedee|4\n|-unboost|p1b: Dragonite|def|1\n|-boost|p1b: Dragonite|spe|1\n|move|p1a: Gholdengo|Shadow Ball|p2a: \u2694\ufe0fKing\u2694\ufe0f\n|-supereffective|p2a: \u2694\ufe0fKing\u2694\ufe0f\n|-damage|p2a: \u2694\ufe0fKing\u2694\ufe0f|0 fnt\n|faint|p2a: \u2694\ufe0fKing\u2694\ufe0f\n|\n|-damage|p1b: Dragonite|89\/100 brn|[from] brn\n|upkeep\n|-message|VGCLTH skibidi forfeited.\n|\n|win|I eat cabbages\n|raw|I eat cabbages's rating: 1753 &rarr; <strong>1776<\/strong><br \/>(+23 for winning)\n|raw|VGCLTH skibidi's rating: 1814 &rarr; <strong>1791<\/strong><br \/>(-23 for losing)\n|l|\u2606VGCLTH skibidi\n|player|p2|\n|l|\u2606I eat cabbages\n|player|p1|\n","uploadtime":1732458958,"views":28,"formatid":"gen9vgc2024regh","rating":1776,"private":0,"password":null}