{"id":"gen9vgc2024regh-2250396517","format":"[Gen 9] VGC 2024 Reg H","players":["Spottedwoot","tttCHORIttt"],"log":"|j|\u2606Spottedwoot\n|j|\u2606tttCHORIttt\n|t:|1732488884\n|gametype|doubles\n|player|p1|Spottedwoot|265|1696\n|player|p2|tttCHORIttt|1|1723\n|teamsize|p1|6\n|teamsize|p2|6\n|gen|9\n|tier|[Gen 9] VGC 2024 Reg H\n|rated|\n|rule|Species Clause: Limit one of each Pok\u00e9mon\n|rule|Item Clause: Limit 1 of each item\n|clearpoke\n|poke|p1|Pelipper, L50, F|\n|poke|p1|Archaludon, L50, F|\n|poke|p1|Gholdengo, L50|\n|poke|p1|Basculegion, L50, M|\n|poke|p1|Rillaboom, L50, F|\n|poke|p1|Sneasler, L50, M|\n|poke|p2|Jumpluff, L50, M|\n|poke|p2|Ursaluna-Bloodmoon, L50, M|\n|poke|p2|Torkoal, L50, F|\n|poke|p2|Dragonite, L50, F|\n|poke|p2|Mimikyu, L50, F|\n|poke|p2|Rillaboom, L50, M|\n|teampreview|4\n|\n|t:|1732488897\n|start\n|switch|p1a: Gholdengo|Gholdengo, L50|100\/100\n|switch|p1b: Sneasler|Sneasler, L50, M|100\/100\n|switch|p2a: Mimikyu|Mimikyu, L50, F|100\/100\n|switch|p2b: Ursaluna|Ursaluna-Bloodmoon, L50, M|100\/100\n|turn|1\n|j| BlackleafOGog\n|\n|t:|1732488916\n|-terastallize|p2a: Mimikyu|Steel\n|move|p1b: Sneasler|Dire Claw|p2a: Mimikyu\n|-immune|p2a: Mimikyu\n|move|p1a: Gholdengo|Make It Rain|p2b: Ursaluna|[spread] p2a,p2b\n|-activate|p2a: Mimikyu|ability: Disguise\n|-damage|p2a: Mimikyu|100\/100\n|-damage|p2b: Ursaluna|23\/100\n|-unboost|p1a: Gholdengo|spa|1\n|detailschange|p2a: Mimikyu|Mimikyu-Busted, L50, F, tera:Steel\n|-damage|p2a: Mimikyu|88\/100|[from] pokemon: Mimikyu-Busted\n|-damage|p1a: Gholdengo|90\/100|[from] item: Life Orb\n|move|p2b: Ursaluna|Earth Power|p1b: Sneasler\n|-supereffective|p1b: Sneasler\n|-enditem|p1b: Sneasler|Focus Sash\n|-damage|p1b: Sneasler|1\/100\n|-damage|p2b: Ursaluna|14\/100|[from] item: Life Orb\n|move|p2a: Mimikyu|Trick Room|p2a: Mimikyu\n|-fieldstart|move: Trick Room|[of] p2a: Mimikyu\n|\n|upkeep\n|turn|2\n|\n|t:|1732488940\n|move|p1a: Gholdengo|Protect|p1a: Gholdengo\n|-singleturn|p1a: Gholdengo|Protect\n|move|p2a: Mimikyu|Shadow Sneak|p1b: Sneasler\n|-damage|p1b: Sneasler|0 fnt\n|faint|p1b: Sneasler\n|move|p2b: Ursaluna|Earth Power|p1a: Gholdengo\n|-activate|p1a: Gholdengo|move: Protect\n|\n|upkeep\n|\n|t:|1732488946\n|switch|p1b: Archaludon|Archaludon, L50, F, shiny|100\/100\n|turn|3\n|\n|t:|1732488962\n|switch|p1a: Pelipper|Pelipper, L50, F|100\/100\n|-weather|RainDance|[from] ability: Drizzle|[of] p1a: Pelipper\n|-terastallize|p1b: Archaludon|Fairy\n|move|p2a: Mimikyu|Shadow Sneak|p1b: Archaludon\n|-damage|p1b: Archaludon|86\/100\n|-ability|p1b: Archaludon|Stamina|boost\n|-boost|p1b: Archaludon|def|1\n|move|p2b: Ursaluna|Earth Power|p1b: Archaludon\n|-damage|p1b: Archaludon|40\/100\n|-ability|p1b: Archaludon|Stamina|boost\n|-boost|p1b: Archaludon|def|1\n|-damage|p2b: Ursaluna|4\/100|[from] item: Life Orb\n|move|p1b: Archaludon|Body Press|p2b: Ursaluna\n|-supereffective|p2b: Ursaluna\n|-damage|p2b: Ursaluna|0 fnt\n|faint|p2b: Ursaluna\n|\n|-weather|RainDance|[upkeep]\n|upkeep\n|\n|t:|1732488983\n|switch|p2b: Torkoal|Torkoal, L50, F|100\/100\n|-weather|SunnyDay|[from] ability: Drought|[of] p2b: Torkoal\n|turn|4\n|\n|t:|1732488998\n|move|p2b: Torkoal|Eruption|p1a: Pelipper|[spread] p1a,p1b\n|-resisted|p1a: Pelipper\n|-damage|p1a: Pelipper|36\/100\n|-damage|p1b: Archaludon|0 fnt\n|faint|p1b: Archaludon\n|move|p2a: Mimikyu|Play Rough|p1a: Pelipper\n|-damage|p1a: Pelipper|0 fnt\n|faint|p1a: Pelipper\n|\n|-weather|SunnyDay|[upkeep]\n|upkeep\n|\n|t:|1732489002\n|switch|p1b: Gholdengo|Gholdengo, L50|90\/100\n|turn|5\n|-message|Spottedwoot forfeited.\n|\n|win|tttCHORIttt\n|raw|Spottedwoot's rating: 1696 &rarr; <strong>1678<\/strong><br \/>(-18 for losing)\n|raw|tttCHORIttt's rating: 1723 &rarr; <strong>1741<\/strong><br \/>(+18 for winning)\n|l|\u2606Spottedwoot\n|player|p1|\n|l|\u2606tttCHORIttt\n|player|p2|\n","uploadtime":1732489198,"views":14,"formatid":"gen9vgc2024regh","rating":1678,"private":0,"password":null}