{"id":"gen9vgc2024regh-2250021993","format":"[Gen 9] VGC 2024 Reg H","players":["emu2567","zip520520"],"log":"|j|\u2606emu2567\n|j|\u2606zip520520\n|t:|1732433927\n|gametype|doubles\n|player|p1|emu2567|acetrainerf|1779\n|player|p2|zip520520|170|1735\n|teamsize|p1|6\n|teamsize|p2|6\n|gen|9\n|tier|[Gen 9] VGC 2024 Reg H\n|rated|\n|rule|Species Clause: Limit one of each Pok\u00e9mon\n|rule|Item Clause: Limit 1 of each item\n|clearpoke\n|poke|p1|Gastrodon, L50, F|\n|poke|p1|Farigiraf, L50, F|\n|poke|p1|Grimmsnarl, L50, M|\n|poke|p1|Annihilape, L50, M|\n|poke|p1|Incineroar, L50, F|\n|poke|p1|Ursaluna-Bloodmoon, L50, M|\n|poke|p2|Rillaboom, L50, M|\n|poke|p2|Misdreavus, L50, M|\n|poke|p2|Archaludon, L50, F|\n|poke|p2|Gothitelle, L50, M|\n|poke|p2|Incineroar, L50, F|\n|poke|p2|Ursaluna, L50, F|\n|teampreview|4\n|inactive|Battle timer is ON: inactive players will automatically lose when time's up. (requested by zip520520)\n|j| bluestraggler02\n|inactive|zip520520 has 60 seconds left.\n|inactive|zip520520 has 30 seconds left.\n|inactive|zip520520 has 20 seconds left.\n|inactive|zip520520 has 15 seconds left.\n|inactive|zip520520 has 10 seconds left.\n|inactive|zip520520 has 5 seconds left.\n|\n|t:|1732434015\n|start\n|switch|p1a: Farigiraf|Farigiraf, L50, F|100\/100\n|switch|p1b: Incineroar|Incineroar, L50, F|100\/100\n|switch|p2a: Misdreavus|Misdreavus, L50, M|100\/100\n|switch|p2b: Rillaboom|Rillaboom, L50, M|100\/100\n|-fieldstart|move: Grassy Terrain|[from] ability: Grassy Surge|[of] p2b: Rillaboom\n|turn|1\n|\n|t:|1732434039\n|move|p2b: Rillaboom|U-turn|p1b: Incineroar\n|-damage|p1b: Incineroar|80\/100\n|\n|t:|1732434042\n|switch|p2b: Incineroar|Incineroar, L50, F|100\/100|[from] U-turn\n|-ability|p2b: Incineroar|Intimidate|boost\n|-unboost|p1a: Farigiraf|atk|1\n|-unboost|p1b: Incineroar|atk|1\n|move|p2a: Misdreavus|Perish Song|p2a: Misdreavus\n|-start|p1a: Farigiraf|perish3|[silent]\n|-start|p1b: Incineroar|perish3|[silent]\n|-start|p2a: Misdreavus|perish3|[silent]\n|-start|p2b: Incineroar|perish3|[silent]\n|-fieldactivate|move: Perish Song\n|move|p1b: Incineroar|Knock Off|p2a: Misdreavus\n|-supereffective|p2a: Misdreavus\n|-damage|p2a: Misdreavus|45\/100\n|-enditem|p2a: Misdreavus|Eviolite|[from] move: Knock Off|[of] p1b: Incineroar\n|move|p1a: Farigiraf|Trick Room|p1a: Farigiraf\n|-fieldstart|move: Trick Room|[of] p1a: Farigiraf\n|\n|-heal|p1b: Incineroar|86\/100|[from] Grassy Terrain\n|-start|p1a: Farigiraf|perish3\n|-start|p1b: Incineroar|perish3\n|-start|p2b: Incineroar|perish3\n|-start|p2a: Misdreavus|perish3\n|upkeep\n|turn|2\n|\n|t:|1732434065\n|switch|p2a: Gothitelle|Gothitelle, L50, M|100\/100\n|move|p1a: Farigiraf|Earthquake|p2b: Incineroar|[spread] p1b,p2a,p2b\n|-supereffective|p1b: Incineroar\n|-supereffective|p2b: Incineroar\n|-damage|p1b: Incineroar|75\/100\n|-damage|p2a: Gothitelle|97\/100\n|-damage|p2b: Incineroar|92\/100\n|-enditem|p1b: Incineroar|Weakness Policy\n|-boost|p1b: Incineroar|atk|2|[from] item: Weakness Policy\n|-boost|p1b: Incineroar|spa|2|[from] item: Weakness Policy\n|move|p1b: Incineroar|Close Combat|p2b: Incineroar\n|-supereffective|p2b: Incineroar\n|-damage|p2b: Incineroar|0 fnt\n|-unboost|p1b: Incineroar|def|1\n|-unboost|p1b: Incineroar|spd|1\n|faint|p2b: Incineroar\n|\n|-heal|p1b: Incineroar|81\/100|[from] Grassy Terrain\n|-heal|p2a: Gothitelle|100\/100|[from] Grassy Terrain\n|-start|p1a: Farigiraf|perish2\n|-start|p1b: Incineroar|perish2\n|upkeep\n|inactive|zip520520 has 30 seconds left.\n|\n|t:|1732434098\n|switch|p2b: Misdreavus|Misdreavus, L50, M|45\/100\n|turn|3\n|\n|t:|1732434109\n|-terastallize|p2a: Gothitelle|Fairy\n|move|p1a: Farigiraf|Psychic Noise|p2a: Gothitelle\n|-damage|p2a: Gothitelle|75\/100\n|-start|p2a: Gothitelle|move: Heal Block\n|move|p1b: Incineroar|Knock Off|p2b: Misdreavus\n|-supereffective|p2b: Misdreavus\n|-damage|p2b: Misdreavus|0 fnt\n|faint|p2b: Misdreavus\n|move|p2a: Gothitelle|Trick Room|p2a: Gothitelle\n|-fieldend|move: Trick Room\n|\n|-heal|p1b: Incineroar|87\/100|[from] Grassy Terrain\n|-start|p1b: Incineroar|perish1\n|-start|p1a: Farigiraf|perish1\n|upkeep\n|\n|t:|1732434126\n|switch|p2b: Rillaboom|Rillaboom, L50, M|100\/100\n|turn|4\n|\n|t:|1732434146\n|move|p2b: Rillaboom|Protect|p2b: Rillaboom\n|-singleturn|p2b: Rillaboom|Protect\n|move|p1b: Incineroar|Knock Off|p2a: Gothitelle\n|-resisted|p2a: Gothitelle\n|-damage|p2a: Gothitelle|43\/100\n|-enditem|p2a: Gothitelle|Sitrus Berry|[from] move: Knock Off|[of] p1b: Incineroar\n|move|p2a: Gothitelle|Trick Room|p2a: Gothitelle\n|-fieldstart|move: Trick Room|[of] p2a: Gothitelle\n|move|p1a: Farigiraf|Trick Room|p1a: Farigiraf\n|-fieldend|move: Trick Room\n|\n|-heal|p1b: Incineroar|93\/100|[from] Grassy Terrain\n|-end|p2a: Gothitelle|move: Heal Block\n|-start|p1b: Incineroar|perish0\n|-start|p1a: Farigiraf|perish0\n|faint|p1b: Incineroar\n|faint|p1a: Farigiraf\n|upkeep\n|\n|t:|1732434161\n|switch|p1b: Annihilape|Annihilape, L50, M|100\/100\n|switch|p1a: Ursaluna|Ursaluna-Bloodmoon, L50, M|100\/100\n|turn|5\n|\n|t:|1732434177\n|-terastallize|p1a: Ursaluna|Normal\n|move|p2b: Rillaboom|Bullet Seed|p1b: Annihilape\n|-damage|p1b: Annihilape|86\/100\n|-damage|p1b: Annihilape|71\/100\n|-damage|p1b: Annihilape|57\/100\n|-damage|p1b: Annihilape|43\/100\n|-hitcount|p1b: Annihilape|4\n|move|p2a: Gothitelle|Psychic|p1b: Annihilape\n|-supereffective|p1b: Annihilape\n|-damage|p1b: Annihilape|0 fnt\n|faint|p1b: Annihilape\n|move|p1a: Ursaluna|Hyper Voice|p2b: Rillaboom|[spread] p2a,p2b\n|-damage|p2a: Gothitelle|0 fnt\n|-damage|p2b: Rillaboom|34\/100\n|faint|p2a: Gothitelle\n|\n|-heal|p2b: Rillaboom|40\/100|[from] Grassy Terrain\n|-fieldend|move: Grassy Terrain\n|upkeep\n|turn|6\n|\n|t:|1732434198\n|move|p2b: Rillaboom|Bullet Seed|p1a: Ursaluna\n|-crit|p1a: Ursaluna\n|-damage|p1a: Ursaluna|87\/100\n|-damage|p1a: Ursaluna|79\/100\n|-damage|p1a: Ursaluna|70\/100\n|-damage|p1a: Ursaluna|61\/100\n|-hitcount|p1a: Ursaluna|4\n|move|p1a: Ursaluna|Hyper Voice|p2b: Rillaboom\n|-damage|p2b: Rillaboom|0 fnt\n|faint|p2b: Rillaboom\n|\n|win|emu2567\n|raw|emu2567's rating: 1779 &rarr; <strong>1796<\/strong><br \/>(+17 for winning)\n|raw|zip520520's rating: 1735 &rarr; <strong>1718<\/strong><br \/>(-17 for losing)\n|l|\u2606zip520520\n|player|p2|\n|l| bluestraggler02\n|l|\u2606emu2567\n|player|p1|\n","uploadtime":1732434407,"views":26,"formatid":"gen9vgc2024regh","rating":1718,"private":0,"password":null}