{"id":"gen9vgc2024regh-2250914493","format":"[Gen 9] VGC 2024 Reg H","players":["Spottedwoot","Allhailhippo"],"log":"|j|\u2606Spottedwoot\n|j|\u2606Allhailhippo\n|t:|1732559982\n|gametype|doubles\n|player|p1|Spottedwoot|169|1754\n|player|p2|Allhailhippo|102|1722\n|teamsize|p1|6\n|teamsize|p2|6\n|gen|9\n|tier|[Gen 9] VGC 2024 Reg H\n|rated|\n|rule|Species Clause: Limit one of each Pok\u00e9mon\n|rule|Item Clause: Limit 1 of each item\n|clearpoke\n|poke|p1|Pelipper, L50, F|\n|poke|p1|Archaludon, L50, F|\n|poke|p1|Gholdengo, L50|\n|poke|p1|Basculegion, L50, M|\n|poke|p1|Rillaboom, L50, F|\n|poke|p1|Sneasler, L50, F|\n|poke|p2|Tyranitar, L50, M|\n|poke|p2|Houndstone, L50, M|\n|poke|p2|Whimsicott, L50, F|\n|poke|p2|Incineroar, L50, F|\n|poke|p2|Amoonguss, L50, F|\n|poke|p2|Garchomp, L50, M|\n|teampreview|4\n|inactive|Battle timer is ON: inactive players will automatically lose when time's up. (requested by Allhailhippo)\n|\n|t:|1732560006\n|start\n|switch|p1a: Basculegion|Basculegion, L50, M|100\/100\n|switch|p1b: Archaludon|Archaludon, L50, F, shiny|100\/100\n|switch|p2a: Garchomp|Garchomp, L50, M|100\/100\n|switch|p2b: Whimsicott|Whimsicott, L50, F|100\/100\n|turn|1\n|\n|t:|1732560015\n|switch|p1b: Pelipper|Pelipper, L50, F|100\/100\n|-weather|RainDance|[from] ability: Drizzle|[of] p1b: Pelipper\n|move|p2b: Whimsicott|Tailwind|p2b: Whimsicott\n|-sidestart|p2: Allhailhippo|move: Tailwind\n|move|p2a: Garchomp|Earthquake|p1a: Basculegion|[spread] p2b,p1a\n|-immune|p1b: Pelipper\n|-resisted|p2b: Whimsicott\n|-damage|p2b: Whimsicott|70\/100\n|-damage|p1a: Basculegion|38\/100\n|-damage|p2a: Garchomp|91\/100|[from] item: Life Orb\n|move|p1a: Basculegion|Wave Crash|p2a: Garchomp\n|-damage|p2a: Garchomp|0 fnt\n|-damage|p1a: Basculegion|26\/100|[from] ability: Rough Skin|[of] p2a: Garchomp\n|faint|p2a: Garchomp\n|-damage|p1a: Basculegion|0 fnt|[from] Recoil\n|faint|p1a: Basculegion\n|\n|-weather|RainDance|[upkeep]\n|upkeep\n|\n|t:|1732560036\n|switch|p2a: Tyranitar|Tyranitar, L50, M|100\/100\n|switch|p1a: Archaludon|Archaludon, L50, F, shiny|100\/100\n|-weather|Sandstorm|[from] ability: Sand Stream|[of] p2a: Tyranitar\n|turn|2\n|\n|t:|1732560049\n|-terastallize|p2a: Tyranitar|Flying\n|move|p2b: Whimsicott|Moonblast|p1a: Archaludon\n|-damage|p1a: Archaludon|71\/100\n|-ability|p1a: Archaludon|Stamina|boost\n|-boost|p1a: Archaludon|def|1\n|move|p1b: Pelipper|Icy Wind|p2b: Whimsicott|[spread] p2a,p2b\n|-supereffective|p2a: Tyranitar\n|-supereffective|p2b: Whimsicott\n|-damage|p2a: Tyranitar|87\/100\n|-damage|p2b: Whimsicott|36\/100\n|-unboost|p2a: Tyranitar|spe|1\n|move|p1a: Archaludon|Body Press|p2a: Tyranitar\n|-resisted|p2a: Tyranitar\n|-damage|p2a: Tyranitar|73\/100\n|move|p2a: Tyranitar|Knock Off|p1a: Archaludon\n|-damage|p1a: Archaludon|41\/100\n|-ability|p1a: Archaludon|Stamina|boost\n|-boost|p1a: Archaludon|def|1\n|-enditem|p1a: Archaludon|Assault Vest|[from] move: Knock Off|[of] p2a: Tyranitar\n|\n|-weather|Sandstorm|[upkeep]\n|-damage|p2b: Whimsicott|30\/100|[from] Sandstorm\n|-damage|p1b: Pelipper|95\/100|[from] Sandstorm\n|-damage|p2a: Tyranitar|67\/100|[from] Sandstorm\n|upkeep\n|turn|3\n|j| RiotJuice\n|inactive|Allhailhippo has 30 seconds left.\n|\n|t:|1732560077\n|move|p2b: Whimsicott|Encore|p1a: Archaludon\n|-start|p1a: Archaludon|Encore\n|move|p1b: Pelipper|Icy Wind|p2a: Tyranitar|[spread] p2a,p2b\n|-supereffective|p2a: Tyranitar\n|-supereffective|p2b: Whimsicott\n|-damage|p2a: Tyranitar|52\/100\n|-damage|p2b: Whimsicott|0 fnt\n|-unboost|p2a: Tyranitar|spe|1\n|faint|p2b: Whimsicott\n|move|p1a: Archaludon|Body Press|p2a: Tyranitar\n|-resisted|p2a: Tyranitar\n|-damage|p2a: Tyranitar|34\/100\n|move|p2a: Tyranitar|Rock Slide|p1b: Pelipper|[spread] p1a,p1b\n|-resisted|p1a: Archaludon\n|-supereffective|p1b: Pelipper\n|-damage|p1a: Archaludon|34\/100\n|-damage|p1b: Pelipper|14\/100\n|-ability|p1a: Archaludon|Stamina|boost\n|-boost|p1a: Archaludon|def|1\n|\n|-weather|Sandstorm|[upkeep]\n|-damage|p1b: Pelipper|8\/100|[from] Sandstorm\n|-damage|p2a: Tyranitar|28\/100|[from] Sandstorm\n|upkeep\n|\n|t:|1732560091\n|switch|p2b: Houndstone|Houndstone, L50, M|100\/100\n|turn|4\n|\n|t:|1732560102\n|switch|p1b: Sneasler|Sneasler, L50, F|100\/100\n|move|p2b: Houndstone|Last Respects|p1b: Sneasler\n|-enditem|p1b: Sneasler|Focus Sash\n|-damage|p1b: Sneasler|1\/100\n|move|p1a: Archaludon|Body Press|p2a: Tyranitar\n|-resisted|p2a: Tyranitar\n|-damage|p2a: Tyranitar|7\/100\n|move|p2a: Tyranitar|Low Kick|p1a: Archaludon\n|-supereffective|p1a: Archaludon\n|-damage|p1a: Archaludon|15\/100\n|-ability|p1a: Archaludon|Stamina|boost\n|-boost|p1a: Archaludon|def|1\n|\n|-weather|Sandstorm|[upkeep]\n|-damage|p1b: Sneasler|0 fnt|[from] Sandstorm\n|-damage|p2a: Tyranitar|1\/100|[from] Sandstorm\n|faint|p1b: Sneasler\n|-sideend|p2: Allhailhippo|move: Tailwind\n|upkeep\n|\n|t:|1732560116\n|switch|p1b: Pelipper|Pelipper, L50, F|8\/100\n|-weather|RainDance|[from] ability: Drizzle|[of] p1b: Pelipper\n|turn|5\n|\n|t:|1732560128\n|move|p1b: Pelipper|Weather Ball|p2b: Houndstone\n|-damage|p2b: Houndstone|15\/100\n|move|p1a: Archaludon|Body Press|p2a: Tyranitar\n|-resisted|p2a: Tyranitar\n|-damage|p2a: Tyranitar|0 fnt\n|faint|p2a: Tyranitar\n|move|p2b: Houndstone|Last Respects|p1a: Archaludon\n|-damage|p1a: Archaludon|0 fnt\n|faint|p1a: Archaludon\n|\n|-weather|RainDance|[upkeep]\n|upkeep\n|turn|6\n|\n|t:|1732560142\n|move|p1b: Pelipper|Weather Ball|p2b: Houndstone\n|-damage|p2b: Houndstone|0 fnt\n|faint|p2b: Houndstone\n|\n|win|Spottedwoot\n|raw|Spottedwoot's rating: 1754 &rarr; <strong>1772<\/strong><br \/>(+18 for winning)\n|raw|Allhailhippo's rating: 1722 &rarr; <strong>1704<\/strong><br \/>(-18 for losing)\n|l| RiotJuice\n|l|\u2606Allhailhippo\n|player|p2|\n","uploadtime":1732560144,"views":123,"formatid":"gen9vgc2024regh","rating":1704,"private":0,"password":null}