{"id":"gen9vgc2024regh-2250582973","format":"[Gen 9] VGC 2024 Reg H","players":["qiyeO.o","judang"],"log":"|j|\u2606qiyeO.o\n|j|\u2606judang\n|t:|1732514463\n|gametype|doubles\n|player|p1|qiyeO.o|nancy|1747\n|player|p2|judang|ruinmaniac|1672\n|teamsize|p1|6\n|teamsize|p2|6\n|gen|9\n|tier|[Gen 9] VGC 2024 Reg H\n|rated|\n|rule|Species Clause: Limit one of each Pok\u00e9mon\n|rule|Item Clause: Limit 1 of each item\n|clearpoke\n|poke|p1|Dragonite, L50, F|\n|poke|p1|Gholdengo, L50|\n|poke|p1|Kingambit, L50, F|\n|poke|p1|Archaludon, L50, F|\n|poke|p1|Rillaboom, L50, F|\n|poke|p1|Primarina, L50, F|\n|poke|p2|Sinistcha-Masterpiece, L50|\n|poke|p2|Incineroar, L50, M|\n|poke|p2|Araquanid, L50, F|\n|poke|p2|Electabuzz, L50, F|\n|poke|p2|Farigiraf, L50, M|\n|poke|p2|Kommo-o, L50, F|\n|teampreview|4\n|inactive|Battle timer is ON: inactive players will automatically lose when time's up. (requested by qiyeO.o)\n|inactive|judang has 60 seconds left.\n|\n|t:|1732514527\n|start\n|switch|p1a: \u897f\u897f\u7684\u65bd|Primarina, L50, F|100\/100\n|switch|p1b: \u5bcc\u5bcc\u7684\u8c6a|Gholdengo, L50|100\/100\n|switch|p2a: Electabuzz|Electabuzz, L50, F|100\/100\n|switch|p2b: Araquanid|Araquanid, L50, F|100\/100\n|turn|1\n|inactive|qiyeO.o has 30 seconds left.\n|\n|t:|1732514553\n|switch|p1b: \u7262\u7262\u7684\u8a79|Rillaboom, L50, F|100\/100\n|-fieldstart|move: Grassy Terrain|[from] ability: Grassy Surge|[of] p1b: \u7262\u7262\u7684\u8a79\n|switch|p1a: \u5927\u5927\u7684\u5c06|Kingambit, L50, F|100\/100\n|move|p2a: Electabuzz|Protect|p2a: Electabuzz\n|-singleturn|p2a: Electabuzz|Protect\n|move|p2b: Araquanid|Liquidation|p1b: \u7262\u7262\u7684\u8a79\n|-resisted|p1b: \u7262\u7262\u7684\u8a79\n|-damage|p1b: \u7262\u7262\u7684\u8a79|69\/100\n|\n|-heal|p1b: \u7262\u7262\u7684\u8a79|75\/100|[from] Grassy Terrain\n|upkeep\n|turn|2\n|\n|t:|1732514577\n|move|p2a: Electabuzz|Volt Switch|p1a: \u5927\u5927\u7684\u5c06\n|-damage|p1a: \u5927\u5927\u7684\u5c06|74\/100\n|\n|t:|1732514582\n|switch|p2a: Kommo-o|Kommo-o, L50, F|100\/100|[from] Volt Switch\n|move|p1b: \u7262\u7262\u7684\u8a79|Wood Hammer|p2a: Kommo-o\n|-resisted|p2a: Kommo-o\n|-damage|p2a: Kommo-o|63\/100\n|-damage|p1b: \u7262\u7262\u7684\u8a79|66\/100|[from] Recoil\n|move|p1a: \u5927\u5927\u7684\u5c06|Kowtow Cleave|p2a: Kommo-o\n|-resisted|p2a: Kommo-o\n|-damage|p2a: Kommo-o|37\/100\n|move|p2b: Araquanid|Substitute|p2b: Araquanid\n|-start|p2b: Araquanid|Substitute\n|-damage|p2b: Araquanid|76\/100\n|\n|-heal|p2a: Kommo-o|43\/100|[from] Grassy Terrain\n|-heal|p1b: \u7262\u7262\u7684\u8a79|72\/100|[from] Grassy Terrain\n|-heal|p1a: \u5927\u5927\u7684\u5c06|81\/100|[from] Grassy Terrain\n|-heal|p2b: Araquanid|82\/100|[from] Grassy Terrain\n|upkeep\n|turn|3\n|j| advadv8ad451\n|inactive|qiyeO.o has 30 seconds left.\n|inactive|judang has 30 seconds left.\n|inactive|qiyeO.o has 20 seconds left.\n|inactive|qiyeO.o has 15 seconds left.\n|inactive|qiyeO.o has 10 seconds left.\n|inactive|qiyeO.o has 5 seconds left.\n|\n|t:|1732514632\n|-terastallize|p1a: \u5927\u5927\u7684\u5c06|Dark\n|move|p2a: Kommo-o|Aura Sphere|p1a: \u5927\u5927\u7684\u5c06\n|-supereffective|p1a: \u5927\u5927\u7684\u5c06\n|-damage|p1a: \u5927\u5927\u7684\u5c06|6\/100\n|move|p1b: \u7262\u7262\u7684\u8a79|U-turn|p2a: Kommo-o\n|-resisted|p2a: Kommo-o\n|-crit|p2a: Kommo-o\n|-damage|p2a: Kommo-o|24\/100\n|\n|t:|1732514638\n|switch|p1b: \u897f\u897f\u7684\u65bd|Primarina, L50, F|100\/100|[from] U-turn\n|move|p1a: \u5927\u5927\u7684\u5c06|Kowtow Cleave|p2a: Kommo-o\n|-resisted|p2a: Kommo-o\n|-damage|p2a: Kommo-o|0 fnt\n|faint|p2a: Kommo-o\n|move|p2b: Araquanid|Lunge|p1b: \u897f\u897f\u7684\u65bd\n|-resisted|p1b: \u897f\u897f\u7684\u65bd\n|-damage|p1b: \u897f\u897f\u7684\u65bd|84\/100\n|-unboost|p1b: \u897f\u897f\u7684\u65bd|atk|1\n|\n|-heal|p1a: \u5927\u5927\u7684\u5c06|12\/100|[from] Grassy Terrain\n|-heal|p1b: \u897f\u897f\u7684\u65bd|90\/100|[from] Grassy Terrain\n|-heal|p2b: Araquanid|87\/100|[from] Grassy Terrain\n|upkeep\n|\n|t:|1732514648\n|switch|p2a: Electabuzz|Electabuzz, L50, F|100\/100\n|turn|4\n|inactive|qiyeO.o has 30 seconds left.\n|j| Pikakado\n|\n|t:|1732514675\n|move|p1b: \u897f\u897f\u7684\u65bd|Protect|p1b: \u897f\u897f\u7684\u65bd\n|-singleturn|p1b: \u897f\u897f\u7684\u65bd|Protect\n|move|p2b: Araquanid|Wide Guard|p2b: Araquanid\n|-singleturn|p2b: Araquanid|Wide Guard\n|move|p1a: \u5927\u5927\u7684\u5c06|Sucker Punch|p2a: Electabuzz\n|-crit|p2a: Electabuzz\n|-damage|p2a: Electabuzz|35\/100\n|move|p2a: Electabuzz|Volt Switch|p1a: \u5927\u5927\u7684\u5c06\n|-damage|p1a: \u5927\u5927\u7684\u5c06|0 fnt\n|faint|p1a: \u5927\u5927\u7684\u5c06\n|\n|t:|1732514685\n|switch|p2a: Incineroar|Incineroar, L50, M|100\/100|[from] Volt Switch\n|-ability|p2a: Incineroar|Intimidate|boost\n|-unboost|p1b: \u897f\u897f\u7684\u65bd|atk|1\n|\n|-heal|p1b: \u897f\u897f\u7684\u65bd|96\/100|[from] Grassy Terrain\n|-heal|p2b: Araquanid|93\/100|[from] Grassy Terrain\n|upkeep\n|\n|t:|1732514690\n|switch|p1a: \u7262\u7262\u7684\u8a79|Rillaboom, L50, F|72\/100\n|turn|5\n|\n|t:|1732514705\n|-terastallize|p2a: Incineroar|Ghost\n|move|p1a: \u7262\u7262\u7684\u8a79|Fake Out|p2a: Incineroar\n|-immune|p2a: Incineroar\n|move|p2a: Incineroar|Fake Out|p1b: \u897f\u897f\u7684\u65bd\n|-damage|p1b: \u897f\u897f\u7684\u65bd|83\/100\n|cant|p1b: \u897f\u897f\u7684\u65bd|flinch\n|move|p2b: Araquanid|Lunge|p1a: \u7262\u7262\u7684\u8a79\n|-supereffective|p1a: \u7262\u7262\u7684\u8a79\n|-damage|p1a: \u7262\u7262\u7684\u8a79|15\/100\n|-unboost|p1a: \u7262\u7262\u7684\u8a79|atk|1\n|\n|-heal|p1a: \u7262\u7262\u7684\u8a79|21\/100|[from] Grassy Terrain\n|-heal|p1b: \u897f\u897f\u7684\u65bd|89\/100|[from] Grassy Terrain\n|-heal|p2b: Araquanid|99\/100|[from] Grassy Terrain\n|-fieldend|move: Grassy Terrain\n|upkeep\n|turn|6\n|inactive|judang has 30 seconds left.\n|inactive|qiyeO.o has 30 seconds left.\n|inactive|qiyeO.o has 20 seconds left.\n|\n|t:|1732514746\n|move|p1a: \u7262\u7262\u7684\u8a79|Wood Hammer|p2b: Araquanid\n|-end|p2b: Araquanid|Substitute\n|-damage|p1a: \u7262\u7262\u7684\u8a79|15\/100|[from] Recoil|[of] p2b: Araquanid\n|move|p1b: \u897f\u897f\u7684\u65bd|Moonblast|p2a: Incineroar\n|-damage|p2a: Incineroar|67\/100\n|move|p2a: Incineroar|Knock Off|p1b: \u897f\u897f\u7684\u65bd\n|-resisted|p1b: \u897f\u897f\u7684\u65bd\n|-damage|p1b: \u897f\u897f\u7684\u65bd|68\/100\n|-enditem|p1b: \u897f\u897f\u7684\u65bd|Sitrus Berry|[from] move: Knock Off|[of] p2a: Incineroar\n|move|p2b: Araquanid|Liquidation|p1b: \u897f\u897f\u7684\u65bd\n|-resisted|p1b: \u897f\u897f\u7684\u65bd\n|-damage|p1b: \u897f\u897f\u7684\u65bd|30\/100\n|-unboost|p1b: \u897f\u897f\u7684\u65bd|def|1\n|\n|upkeep\n|turn|7\n|inactive|judang has 30 seconds left.\n|l| Pikakado\n|\n|t:|1732514776\n|move|p1a: \u7262\u7262\u7684\u8a79|U-turn|p2a: Incineroar\n|-resisted|p2a: Incineroar\n|-damage|p2a: Incineroar|60\/100\n|\n|t:|1732514778\n|switch|p1a: \u5bcc\u5bcc\u7684\u8c6a|Gholdengo, L50|100\/100|[from] U-turn\n|move|p1b: \u897f\u897f\u7684\u65bd|Moonblast|p2a: Incineroar\n|-damage|p2a: Incineroar|24\/100\n|-unboost|p2a: Incineroar|spa|1\n|-enditem|p2a: Incineroar|Sitrus Berry|[eat]\n|-heal|p2a: Incineroar|49\/100|[from] item: Sitrus Berry\n|move|p2a: Incineroar|Flare Blitz|p1b: \u897f\u897f\u7684\u65bd\n|-resisted|p1b: \u897f\u897f\u7684\u65bd\n|-damage|p1b: \u897f\u897f\u7684\u65bd|0 fnt\n|faint|p1b: \u897f\u897f\u7684\u65bd\n|-damage|p2a: Incineroar|40\/100|[from] Recoil\n|move|p2b: Araquanid|Liquidation|p1a: \u5bcc\u5bcc\u7684\u8c6a\n|-damage|p1a: \u5bcc\u5bcc\u7684\u8c6a|25\/100\n|\n|upkeep\n|\n|t:|1732514779\n|switch|p1b: \u7262\u7262\u7684\u8a79|Rillaboom, L50, F|15\/100\n|-fieldstart|move: Grassy Terrain|[from] ability: Grassy Surge|[of] p1b: \u7262\u7262\u7684\u8a79\n|turn|8\n|\n|t:|1732514799\n|move|p1a: \u5bcc\u5bcc\u7684\u8c6a|Shadow Ball|p2a: Incineroar\n|-supereffective|p2a: Incineroar\n|-crit|p2a: Incineroar\n|-damage|p2a: Incineroar|0 fnt\n|faint|p2a: Incineroar\n|move|p1b: \u7262\u7262\u7684\u8a79|Wood Hammer|p2b: Araquanid\n|-damage|p2b: Araquanid|4\/100\n|-damage|p1b: \u7262\u7262\u7684\u8a79|0 fnt|[from] Recoil\n|faint|p1b: \u7262\u7262\u7684\u8a79\n|move|p2b: Araquanid|Liquidation|p1a: \u5bcc\u5bcc\u7684\u8c6a\n|-damage|p1a: \u5bcc\u5bcc\u7684\u8c6a|0 fnt\n|faint|p1a: \u5bcc\u5bcc\u7684\u8c6a\n|\n|win|judang\n|raw|qiyeO.o's rating: 1747 &rarr; <strong>1723<\/strong><br \/>(-24 for losing)\n|raw|judang's rating: 1672 &rarr; <strong>1696<\/strong><br \/>(+24 for winning)\n|l|\u2606qiyeO.o\n|player|p1|\n|l|\u2606judang\n|player|p2|\n|l| advadv8ad451\n|j| SpookyScaryDirge\n","uploadtime":1732515014,"views":9,"formatid":"gen9vgc2024regh","rating":1696,"private":0,"password":null}