{"id":"gen9vgc2024regh-2250316290","format":"[Gen 9] VGC 2024 Reg H","players":["PirateRoberts77","SHIDMONBADGAME"],"log":"|j|\u2606PirateRoberts77\n|j|\u2606SHIDMONBADGAME\n|t:|1732479476\n|gametype|doubles\n|player|p1|PirateRoberts77|hilbert|1640\n|player|p2|SHIDMONBADGAME|policeman-gen4|1779\n|teamsize|p1|6\n|teamsize|p2|6\n|gen|9\n|tier|[Gen 9] VGC 2024 Reg H\n|rated|\n|rule|Species Clause: Limit one of each Pok\u00e9mon\n|rule|Item Clause: Limit 1 of each item\n|clearpoke\n|poke|p1|Torterra, L50, M|\n|poke|p1|Annihilape, L50, M|\n|poke|p1|Armarouge, L50, M|\n|poke|p1|Oranguru, L50, M|\n|poke|p1|Torkoal, L50, F|\n|poke|p1|Sylveon, L50, F|\n|poke|p2|Murkrow, L50, M|\n|poke|p2|Gholdengo, L50|\n|poke|p2|Pawmot, L50, M|\n|poke|p2|Kommo-o, L50, M|\n|poke|p2|Basculegion, L50, M|\n|poke|p2|Farigiraf, L50, F|\n|teampreview|4\n|inactive|Battle timer is ON: inactive players will automatically lose when time's up. (requested by SHIDMONBADGAME)\n|inactive|PirateRoberts77 also wants the timer to be on.\n|inactive|SHIDMONBADGAME has 60 seconds left.\n|inactive|SHIDMONBADGAME has 30 seconds left.\n|\n|t:|1732479538\n|start\n|switch|p1a: Oranguru|Oranguru, L50, M|100\/100\n|switch|p1b: Annihilape|Annihilape, L50, M|100\/100\n|switch|p2a: Farigiraf|Farigiraf, L50, F|100\/100\n|switch|p2b: Basculegion|Basculegion, L50, M|100\/100\n|turn|1\n|inactive|PirateRoberts77 has 30 seconds left.\n|inactive|SHIDMONBADGAME has 30 seconds left.\n|\n|t:|1732479568\n|move|p1b: Annihilape|Shadow Claw|p2b: Basculegion\n|-supereffective|p2b: Basculegion\n|-damage|p2b: Basculegion|30\/100\n|move|p2b: Basculegion|Wave Crash|p1a: Oranguru\n|-damage|p1a: Oranguru|41\/100\n|-damage|p2b: Basculegion|10\/100|[from] Recoil\n|move|p2a: Farigiraf|Tera Blast|p1a: Oranguru\n|-damage|p1a: Oranguru|15\/100\n|move|p1a: Oranguru|Encore|p2a: Farigiraf\n|-start|p2a: Farigiraf|Encore\n|\n|upkeep\n|turn|2\n|\n|t:|1732479584\n|switch|p1a: Torkoal|Torkoal, L50, F|100\/100\n|-weather|SunnyDay|[from] ability: Drought|[of] p1a: Torkoal\n|move|p1b: Annihilape|Shadow Claw|p2b: Basculegion\n|-supereffective|p2b: Basculegion\n|-damage|p2b: Basculegion|0 fnt\n|faint|p2b: Basculegion\n|move|p2a: Farigiraf|Tera Blast|p1a: Torkoal\n|-damage|p1a: Torkoal|71\/100\n|\n|-weather|SunnyDay|[upkeep]\n|upkeep\n|\n|t:|1732479594\n|switch|p2b: Luis Carruthers|Murkrow, L50, M, shiny|100\/100\n|turn|3\n|\n|t:|1732479606\n|switch|p1b: Sylveon|Sylveon, L50, F|100\/100\n|switch|p2a: Kommo-o|Kommo-o, L50, M|100\/100\n|switch|p1a: Oranguru|Oranguru, L50, M|15\/100\n|move|p2b: Luis Carruthers|Tailwind|p2b: Luis Carruthers\n|-sidestart|p2: SHIDMONBADGAME|move: Tailwind\n|\n|-weather|SunnyDay|[upkeep]\n|upkeep\n|turn|4\n|\n|t:|1732479618\n|-terastallize|p2a: Kommo-o|Fire\n|-terastallize|p1b: Sylveon|Fairy\n|move|p2a: Kommo-o|Clanging Scales|p1b: Sylveon|[spread] p1a\n|-immune|p1b: Sylveon\n|-damage|p1a: Oranguru|0 fnt\n|faint|p1a: Oranguru\n|-unboost|p2a: Kommo-o|def|1\n|-damage|p2a: Kommo-o|90\/100|[from] item: Life Orb\n|move|p2b: Luis Carruthers|Brave Bird|p1b: Sylveon\n|-damage|p1b: Sylveon|65\/100\n|-damage|p2b: Luis Carruthers|89\/100|[from] Recoil\n|move|p1b: Sylveon|Hyper Voice|p2a: Kommo-o|[spread] p2a,p2b\n|-resisted|p2a: Kommo-o\n|-supereffective|p2b: Luis Carruthers\n|-damage|p2a: Kommo-o|45\/100\n|-damage|p2b: Luis Carruthers|0 fnt\n|faint|p2b: Luis Carruthers\n|\n|-weather|SunnyDay|[upkeep]\n|upkeep\n|\n|t:|1732479635\n|switch|p2b: Farigiraf|Farigiraf, L50, F|100\/100\n|switch|p1a: Torkoal|Torkoal, L50, F|71\/100\n|turn|5\n|\n|t:|1732479643\n|switch|p1b: Annihilape|Annihilape, L50, M|100\/100\n|move|p2a: Kommo-o|Flamethrower|p1b: Annihilape\n|-damage|p1b: Annihilape|21\/100\n|-damage|p2a: Kommo-o|35\/100|[from] item: Life Orb\n|move|p2b: Farigiraf|Tera Blast|p1b: Annihilape\n|-immune|p1b: Annihilape\n|move|p1a: Torkoal|Earth Power|p2a: Kommo-o\n|-supereffective|p2a: Kommo-o\n|-damage|p2a: Kommo-o|0 fnt\n|faint|p2a: Kommo-o\n|\n|-weather|SunnyDay|[upkeep]\n|upkeep\n|turn|6\n|-message|SHIDMONBADGAME forfeited.\n|\n|win|PirateRoberts77\n|raw|PirateRoberts77's rating: 1640 &rarr; <strong>1668<\/strong><br \/>(+28 for winning)\n|raw|SHIDMONBADGAME's rating: 1779 &rarr; <strong>1751<\/strong><br \/>(-28 for losing)\n|l|\u2606SHIDMONBADGAME\n|player|p2|\n|l|\u2606PirateRoberts77\n|player|p1|\n","uploadtime":1732479864,"views":6,"formatid":"gen9vgc2024regh","rating":1668,"private":0,"password":null}