{"id":"gen9vgc2024regh-2250870046","format":"[Gen 9] VGC 2024 Reg H","players":["CarryTheBoats","actuary97"],"log":"|j|\u2606CarryTheBoats\n|j|\u2606actuary97\n|t:|1732555689\n|gametype|doubles\n|player|p1|CarryTheBoats|crasherwake|1667\n|player|p2|actuary97|sabrina-frlg|1849\n|teamsize|p1|6\n|teamsize|p2|6\n|gen|9\n|tier|[Gen 9] VGC 2024 Reg H\n|rated|\n|rule|Species Clause: Limit one of each Pok\u00e9mon\n|rule|Item Clause: Limit 1 of each item\n|clearpoke\n|poke|p1|Kingambit, L50, F|\n|poke|p1|Rillaboom, L50, F|\n|poke|p1|Mimikyu, L50, F|\n|poke|p1|Electabuzz, L50, M|\n|poke|p1|Ursaluna-Bloodmoon, L50, M|\n|poke|p1|Basculegion, L50, M|\n|poke|p2|Whimsicott, L50, F|\n|poke|p2|Gallade, L50, M|\n|poke|p2|Archaludon, L50, F|\n|poke|p2|Malamar, L50, F|\n|poke|p2|Indeedee, L50, M|\n|poke|p2|Drifblim, L50, M|\n|teampreview|4\nactuary97 has agreed to open team sheets.\nCarryTheBoats rejected open team sheets.\n|\n|t:|1732555714\n|start\n|switch|p1a: Rillaboom|Rillaboom, L50, F|100\/100\n|switch|p1b: Kingambit|Kingambit, L50, F|100\/100\n|switch|p2a: Tapu Deedee|Indeedee, L50, M, shiny|100\/100\n|switch|p2b: Happy Thanksgiving|Drifblim, L50, M, shiny|100\/100\n|-fieldstart|move: Psychic Terrain|[from] ability: Psychic Surge|[of] p2a: Tapu Deedee\n|-enditem|p2b: Happy Thanksgiving|Psychic Seed\n|-boost|p2b: Happy Thanksgiving|spd|1|[from] item: Psychic Seed\n|-fieldstart|move: Grassy Terrain|[from] ability: Grassy Surge|[of] p1a: Rillaboom\n|turn|1\n|\n|t:|1732555719\n|switch|p2a: Bridget|Archaludon, L50, F, shiny|100\/100\n|move|p1b: Kingambit|Protect|p1b: Kingambit\n|-singleturn|p1b: Kingambit|Protect\n|move|p2b: Happy Thanksgiving|Will-O-Wisp|p1b: Kingambit\n|-activate|p1b: Kingambit|move: Protect\n|move|p1a: Rillaboom|U-turn|p2a: Bridget\n|-resisted|p2a: Bridget\n|-damage|p2a: Bridget|92\/100\n|-ability|p2a: Bridget|Stamina|boost\n|-boost|p2a: Bridget|def|1\n|\n|t:|1732555725\n|switch|p1a: Electabuzz|Electabuzz, L50, M|100\/100|[from] U-turn\n|\n|-heal|p2a: Bridget|98\/100|[from] Grassy Terrain\n|upkeep\n|turn|2\n|\n|t:|1732555752\n|switch|p2b: \u2694\ufe0fKing\u2694\ufe0f|Gallade, L50, M, shiny|100\/100\n|move|p1a: Electabuzz|Follow Me|p1a: Electabuzz\n|-singleturn|p1a: Electabuzz|move: Follow Me\n|move|p2a: Bridget|Body Press|p1a: Electabuzz\n|-damage|p1a: Electabuzz|65\/100\n|move|p1b: Kingambit|Swords Dance|p1b: Kingambit\n|-boost|p1b: Kingambit|atk|2\n|\n|-heal|p1a: Electabuzz|71\/100|[from] Grassy Terrain\n|-heal|p2a: Bridget|100\/100|[from] Grassy Terrain\n|upkeep\n|turn|3\n|\n|t:|1732555778\n|switch|p2a: Tapu Deedee|Indeedee, L50, M, shiny|100\/100\n|-fieldstart|move: Psychic Terrain|[from] ability: Psychic Surge|[of] p2a: Tapu Deedee\n|move|p1a: Electabuzz|Follow Me|p1a: Electabuzz\n|-singleturn|p1a: Electabuzz|move: Follow Me\n|move|p2b: \u2694\ufe0fKing\u2694\ufe0f|Sacred Sword|p1a: Electabuzz\n|-damage|p1a: Electabuzz|3\/100\n|move|p1b: Kingambit|Kowtow Cleave|p2b: \u2694\ufe0fKing\u2694\ufe0f\n|-crit|p2b: \u2694\ufe0fKing\u2694\ufe0f\n|-damage|p2b: \u2694\ufe0fKing\u2694\ufe0f|0 fnt\n|faint|p2b: \u2694\ufe0fKing\u2694\ufe0f\n|\n|upkeep\n|\n|t:|1732555793\n|switch|p2b: Bridget|Archaludon, L50, F, shiny|100\/100\n|turn|4\n|\n|t:|1732555799\n|switch|p2a: Happy Thanksgiving|Drifblim, L50, M, shiny|100\/100\n|-terastallize|p1b: Kingambit|Dark\n|move|p1a: Electabuzz|Follow Me|p1a: Electabuzz\n|-singleturn|p1a: Electabuzz|move: Follow Me\n|move|p2b: Bridget|Body Press|p1a: Electabuzz\n|-damage|p1a: Electabuzz|0 fnt\n|faint|p1a: Electabuzz\n|move|p1b: Kingambit|Kowtow Cleave|p2b: Bridget\n|-damage|p2b: Bridget|0 fnt\n|faint|p2b: Bridget\n|\n|upkeep\n|j| hastein\n|\n|t:|1732555811\n|switch|p1a: Rillaboom|Rillaboom, L50, F|100\/100\n|switch|p2b: Tapu Deedee|Indeedee, L50, M, shiny|100\/100\n|-fieldstart|move: Grassy Terrain|[from] ability: Grassy Surge|[of] p1a: Rillaboom\n|turn|5\n|\n|t:|1732555817\n|-terastallize|p2b: Tapu Deedee|Fire\n|move|p1a: Rillaboom|Fake Out|p2b: Tapu Deedee\n|-damage|p2b: Tapu Deedee|73\/100\n|cant|p2b: Tapu Deedee|flinch\n|move|p2a: Happy Thanksgiving|Will-O-Wisp|p1b: Kingambit\n|-status|p1b: Kingambit|brn\n|move|p1b: Kingambit|Kowtow Cleave|p2b: Tapu Deedee\n|-damage|p2b: Tapu Deedee|0 fnt\n|faint|p2b: Tapu Deedee\n|\n|-damage|p1b: Kingambit|95\/100 brn|[from] brn\n|upkeep\n|turn|6\n|\n|t:|1732555825\n|move|p2a: Happy Thanksgiving|Air Slash|p1b: Kingambit\n|-damage|p1b: Kingambit|70\/100 brn\n|move|p1a: Rillaboom|Wood Hammer|p2a: Happy Thanksgiving\n|-resisted|p2a: Happy Thanksgiving\n|-damage|p2a: Happy Thanksgiving|64\/100\n|-damage|p1a: Rillaboom|87\/100|[from] Recoil\n|cant|p1b: Kingambit|flinch\n|\n|-heal|p1a: Rillaboom|93\/100|[from] Grassy Terrain\n|-heal|p1b: Kingambit|76\/100 brn|[from] Grassy Terrain\n|-damage|p1b: Kingambit|70\/100 brn|[from] brn\n|upkeep\n|turn|7\n|\n|t:|1732555833\n|move|p2a: Happy Thanksgiving|Air Slash|p1b: Kingambit\n|-damage|p1b: Kingambit|47\/100 brn\n|move|p1a: Rillaboom|Wood Hammer|p2a: Happy Thanksgiving\n|-resisted|p2a: Happy Thanksgiving\n|-damage|p2a: Happy Thanksgiving|27\/100\n|-damage|p1a: Rillaboom|80\/100|[from] Recoil\n|move|p1b: Kingambit|Kowtow Cleave|p2a: Happy Thanksgiving\n|-supereffective|p2a: Happy Thanksgiving\n|-damage|p2a: Happy Thanksgiving|0 fnt\n|faint|p2a: Happy Thanksgiving\n|\n|win|CarryTheBoats\n|raw|CarryTheBoats's rating: 1667 &rarr; <strong>1697<\/strong><br \/>(+30 for winning)\n|raw|actuary97's rating: 1849 &rarr; <strong>1819<\/strong><br \/>(-30 for losing)\n|c|\u2606actuary97|gg\n","uploadtime":1732555845,"views":9,"formatid":"gen9vgc2024regh","rating":1697,"private":0,"password":null}