{"id":"gen9vgc2024regh-2250019160","format":"[Gen 9] VGC 2024 Reg H","players":["Lilherc","bwahacough"],"log":"|j|\u2606Lilherc\n|j|\u2606bwahacough\n|t:|1732433295\n|gametype|doubles\n|player|p1|Lilherc|265|1694\n|player|p2|bwahacough|medium|1731\n|teamsize|p1|6\n|teamsize|p2|6\n|gen|9\n|tier|[Gen 9] VGC 2024 Reg H\n|rated|\n|rule|Species Clause: Limit one of each Pok\u00e9mon\n|rule|Item Clause: Limit 1 of each item\n|clearpoke\n|poke|p1|Volcarona, L50, M|\n|poke|p1|Dragonite, L50, M|\n|poke|p1|Sneasler, L50, M|\n|poke|p1|Rillaboom, L50, M|\n|poke|p1|Ninetales-Alola, L50, F|\n|poke|p1|Basculegion, L50, M|\n|poke|p2|Lycanroc, L50, M|\n|poke|p2|Tyranitar, L50, F|\n|poke|p2|Indeedee-F, L50, F|\n|poke|p2|Sneasler, L50, M|\n|poke|p2|Volcarona, L50, F|\n|poke|p2|Murkrow, L50, F|\n|teampreview|4\n|j| Lasagnnnna\n|j| bluestraggler02\n|\n|t:|1732433329\n|start\n|switch|p1a: Sneasler|Sneasler, L50, M, shiny|100\/100\n|switch|p1b: Rillaboom|Rillaboom, L50, M, shiny|100\/100\n|switch|p2a: Volcarona|Volcarona, L50, F|100\/100\n|switch|p2b: Indeedee|Indeedee-F, L50, F, shiny|100\/100\n|-fieldstart|move: Grassy Terrain|[from] ability: Grassy Surge|[of] p1b: Rillaboom\n|-enditem|p1a: Sneasler|Grassy Seed\n|-boost|p1a: Sneasler|def|1|[from] item: Grassy Seed\n|-fieldstart|move: Psychic Terrain|[from] ability: Psychic Surge|[of] p2b: Indeedee\n|turn|1\n|\n|t:|1732433365\n|switch|p1b: Basculegion|Basculegion, L50, M, shiny|100\/100\n|move|p1a: Sneasler|Throat Chop|p2b: Indeedee\n|-supereffective|p2b: Indeedee\n|-damage|p2b: Indeedee|50\/100\n|-start|p2b: Indeedee|Throat Chop|[silent]\n|-enditem|p2b: Indeedee|Sitrus Berry|[eat]\n|-heal|p2b: Indeedee|75\/100|[from] item: Sitrus Berry\n|move|p2a: Volcarona|Quiver Dance|p2a: Volcarona\n|-boost|p2a: Volcarona|spa|1\n|-boost|p2a: Volcarona|spd|1\n|-boost|p2a: Volcarona|spe|1\n|move|p2b: Indeedee|Psychic|p1a: Sneasler\n|-supereffective|p1a: Sneasler\n|-damage|p1a: Sneasler|0 fnt\n|faint|p1a: Sneasler\n|\n|upkeep\n|\n|t:|1732433379\n|switch|p1a: Rillaboom|Rillaboom, L50, M, shiny|100\/100\n|-fieldstart|move: Grassy Terrain|[from] ability: Grassy Surge|[of] p1a: Rillaboom\n|turn|2\n|l| Lasagnnnna\n|\n|t:|1732433393\n|-terastallize|p1a: Rillaboom|Fire\n|move|p2a: Volcarona|Protect|p2a: Volcarona\n|-singleturn|p2a: Volcarona|Protect\n|move|p2b: Indeedee|Protect|p2b: Indeedee\n|-singleturn|p2b: Indeedee|Protect\n|move|p1a: Rillaboom|Fake Out|p2a: Volcarona\n|-activate|p2a: Volcarona|move: Protect\n|move|p1b: Basculegion|Flip Turn|p2a: Volcarona\n|-activate|p2a: Volcarona|move: Protect\n|\n|-heal|p2b: Indeedee|81\/100|[from] Grassy Terrain\n|-end|p2b: Indeedee|Throat Chop|[silent]\n|upkeep\n|turn|3\n|\n|t:|1732433404\n|-terastallize|p2a: Volcarona|Grass\n|move|p2b: Indeedee|Helping Hand|p2a: Volcarona\n|-singleturn|p2a: Volcarona|Helping Hand|[of] p2b: Indeedee\n|move|p1b: Basculegion|Flip Turn|p2a: Volcarona\n|-resisted|p2a: Volcarona\n|-damage|p2a: Volcarona|77\/100\n|\n|t:|1732433411\n|switch|p1b: Dragonite|Dragonite, L50, M, shiny|100\/100|[from] Flip Turn\n|move|p2a: Volcarona|Giga Drain|p1b: Dragonite\n|-resisted|p1b: Dragonite\n|-crit|p1b: Dragonite\n|-damage|p1b: Dragonite|53\/100\n|-heal|p2a: Volcarona|99\/100|[from] drain|[of] p1b: Dragonite\n|move|p1a: Rillaboom|Wood Hammer|p2b: Indeedee\n|-crit|p2b: Indeedee\n|-damage|p2b: Indeedee|0 fnt\n|faint|p2b: Indeedee\n|-damage|p1a: Rillaboom|76\/100|[from] Recoil\n|\n|-heal|p2a: Volcarona|100\/100|[from] Grassy Terrain\n|-heal|p1a: Rillaboom|82\/100|[from] Grassy Terrain\n|upkeep\n|\n|t:|1732433420\n|switch|p2b: Tyranitar|Tyranitar, L50, F|100\/100\n|-weather|Sandstorm|[from] ability: Sand Stream|[of] p2b: Tyranitar\n|turn|4\n|\n|t:|1732433428\n|move|p1a: Rillaboom|Grassy Glide|p2b: Tyranitar\n|-supereffective|p2b: Tyranitar\n|-damage|p2b: Tyranitar|36\/100\n|move|p2a: Volcarona|Heat Wave|p1a: Rillaboom|[spread] p1a,p1b\n|-resisted|p1a: Rillaboom\n|-resisted|p1b: Dragonite\n|-damage|p1a: Rillaboom|58\/100\n|-damage|p1b: Dragonite|18\/100\n|move|p1b: Dragonite|Haze|p1b: Dragonite\n|-clearallboost\n|move|p2b: Tyranitar|Rock Slide|p1b: Dragonite|[spread] p1b\n|-miss|p2b: Tyranitar|p1a: Rillaboom\n|-supereffective|p1b: Dragonite\n|-damage|p1b: Dragonite|0 fnt\n|faint|p1b: Dragonite\n|\n|-weather|Sandstorm|[upkeep]\n|-damage|p2a: Volcarona|94\/100|[from] Sandstorm\n|-damage|p1a: Rillaboom|52\/100|[from] Sandstorm\n|-heal|p2a: Volcarona|100\/100|[from] Grassy Terrain\n|-heal|p1a: Rillaboom|58\/100|[from] Grassy Terrain\n|-heal|p2b: Tyranitar|42\/100|[from] Grassy Terrain\n|upkeep\n|\n|t:|1732433442\n|switch|p1b: Basculegion|Basculegion, L50, M, shiny|100\/100\n|turn|5\n|\n|t:|1732433453\n|move|p2b: Tyranitar|Protect|p2b: Tyranitar\n|-singleturn|p2b: Tyranitar|Protect\n|move|p1a: Rillaboom|Grassy Glide|p2b: Tyranitar\n|-activate|p2b: Tyranitar|move: Protect\n|move|p1b: Basculegion|Last Respects|p2a: Volcarona\n|-damage|p2a: Volcarona|0 fnt\n|faint|p2a: Volcarona\n|\n|-weather|Sandstorm|[upkeep]\n|-damage|p1b: Basculegion|94\/100|[from] Sandstorm\n|-damage|p1a: Rillaboom|52\/100|[from] Sandstorm\n|-heal|p1b: Basculegion|100\/100|[from] Grassy Terrain\n|-heal|p1a: Rillaboom|58\/100|[from] Grassy Terrain\n|-heal|p2b: Tyranitar|48\/100|[from] Grassy Terrain\n|upkeep\n|\n|t:|1732433460\n|switch|p2a: Lycanroc|Lycanroc, L50, M|100\/100\n|turn|6\n|\n|t:|1732433471\n|move|p2b: Tyranitar|Protect|p2b: Tyranitar\n|-singleturn|p2b: Tyranitar|Protect\n|move|p1a: Rillaboom|Grassy Glide|p2b: Tyranitar\n|-activate|p2b: Tyranitar|move: Protect\n|move|p2a: Lycanroc|Rock Slide|p1b: Basculegion|[spread] p1b\n|-miss|p2a: Lycanroc|p1a: Rillaboom\n|-damage|p1b: Basculegion|60\/100\n|cant|p1b: Basculegion|flinch\n|\n|-weather|Sandstorm|[upkeep]\n|-damage|p1b: Basculegion|54\/100|[from] Sandstorm\n|-damage|p1a: Rillaboom|52\/100|[from] Sandstorm\n|-heal|p1b: Basculegion|60\/100|[from] Grassy Terrain\n|-heal|p1a: Rillaboom|58\/100|[from] Grassy Terrain\n|-heal|p2b: Tyranitar|54\/100|[from] Grassy Terrain\n|-fieldend|move: Grassy Terrain\n|upkeep\n|turn|7\n|\n|t:|1732433486\n|move|p2a: Lycanroc|Rock Slide|p1b: Basculegion|[spread] p1a,p1b\n|-supereffective|p1a: Rillaboom\n|-damage|p1a: Rillaboom|0 fnt\n|-damage|p1b: Basculegion|20\/100\n|faint|p1a: Rillaboom\n|cant|p1b: Basculegion|flinch\n|move|p2b: Tyranitar|Rock Slide|p1b: Basculegion\n|-damage|p1b: Basculegion|0 fnt\n|faint|p1b: Basculegion\n|\n|win|bwahacough\n|raw|Lilherc's rating: 1694 &rarr; <strong>1675<\/strong><br \/>(-19 for losing)\n|raw|bwahacough's rating: 1712 &rarr; <strong>1731<\/strong><br \/>(+19 for winning)\n|l|\u2606bwahacough\n|player|p2|\n|c|\u2606Lilherc|Eow\n|l| bluestraggler02\n","uploadtime":1732433716,"views":8,"formatid":"gen9vgc2024regh","rating":1675,"private":0,"password":null}