{"id":"gen9vgc2024regh-2250144299","format":"[Gen 9] VGC 2024 Reg H","players":["VGCLTH skibidi","TheOnlyFizzo"],"log":"|raw|<div class=\"broadcast-blue\"><strong>This battle is required to be public due to a player having a name starting with 'vgclth'.<\/div>\n|j|\u2606VGCLTH skibidi\n|j|\u2606TheOnlyFizzo\n|t:|1732458323\n|gametype|doubles\n|player|p1|VGCLTH skibidi|piers-masters|1840\n|player|p2|TheOnlyFizzo|2|1735\n|teamsize|p1|6\n|teamsize|p2|6\n|gen|9\n|tier|[Gen 9] VGC 2024 Reg H\n|rated|\n|rule|Species Clause: Limit one of each Pok\u00e9mon\n|rule|Item Clause: Limit 1 of each item\n|clearpoke\n|poke|p1|Whimsicott, L50, F|\n|poke|p1|Gallade, L50, M|\n|poke|p1|Archaludon, L50, F|\n|poke|p1|Malamar, L50, F|\n|poke|p1|Indeedee, L50, M|\n|poke|p1|Drifblim, L50, M|\n|poke|p2|Sneasler, L50, M|\n|poke|p2|Indeedee, L50, M|\n|poke|p2|Gholdengo, L50|\n|poke|p2|Murkrow, L50, M|\n|poke|p2|Ursaluna, L50, M|\n|poke|p2|Zoroark-Hisui, L50, M|\n|teampreview|4\n|inactive|Battle timer is ON: inactive players will automatically lose when time's up. (requested by VGCLTH skibidi)\n|inactive|VGCLTH skibidi has 60 seconds left.\n|inactive|TheOnlyFizzo has 60 seconds left.\n|\n|t:|1732458368\n|start\n|switch|p1a: Malamother|Malamar, L50, F|100\/100\n|switch|p1b: \ud83c\udf88\ud83d\udc7b\ud83c\udf83\ud83d\udc7b\ud83c\udf83\ud83c\udf88|Drifblim, L50, M|100\/100\n|switch|p2a: Gholdengo|Gholdengo, L50|100\/100\n|switch|p2b: Murkrow|Murkrow, L50, M|100\/100\n|turn|1\n|inactive|VGCLTH skibidi has 30 seconds left.\n|inactive|TheOnlyFizzo has 30 seconds left.\n|inactive|VGCLTH skibidi has 20 seconds left.\n|inactive|TheOnlyFizzo has 20 seconds left.\n|inactive|VGCLTH skibidi has 15 seconds left.\n|\n|t:|1732458411\n|-terastallize|p2a: Gholdengo|Steel\n|-terastallize|p1a: Malamother|Fire\n|move|p2a: Gholdengo|Make It Rain|p1a: Malamother|[spread] p1a,p1b\n|-resisted|p1a: Malamother\n|-damage|p1a: Malamother|46\/100\n|-damage|p1b: \ud83c\udf88\ud83d\udc7b\ud83c\udf83\ud83d\udc7b\ud83c\udf83\ud83c\udf88|0 fnt\n|-unboost|p2a: Gholdengo|spa|1\n|-enditem|p1a: Malamother|Sitrus Berry|[eat]\n|-heal|p1a: Malamother|71\/100|[from] item: Sitrus Berry\n|faint|p1b: \ud83c\udf88\ud83d\udc7b\ud83c\udf83\ud83d\udc7b\ud83c\udf83\ud83c\udf88\n|move|p2b: Murkrow|Foul Play|p1a: Malamother\n|-crit|p1a: Malamother\n|-damage|p1a: Malamother|24\/100\n|move|p1a: Malamother|Trick Room|p1a: Malamother\n|-fieldstart|move: Trick Room|[of] p1a: Malamother\n|\n|upkeep\n|\n|t:|1732458416\n|switch|p1b: \u2694\ufe0fKing\u2694\ufe0f|Gallade, L50, M, shiny|100\/100\n|turn|2\n|inactive|TheOnlyFizzo has 30 seconds left.\n|inactive|TheOnlyFizzo has 20 seconds left.\n|inactive|TheOnlyFizzo has 15 seconds left.\n|j| pipikapipika\n|inactive|TheOnlyFizzo has 10 seconds left.\n|inactive|TheOnlyFizzo has 5 seconds left.\n|\n|t:|1732458470\n|switch|p2a: Sneasler|Sneasler, L50, M|100\/100\n|move|p1a: Malamother|Superpower|p2b: Murkrow\n|-damage|p2b: Murkrow|65\/100\n|-boost|p1a: Malamother|atk|1\n|-boost|p1a: Malamother|def|1\n|move|p2b: Murkrow|Foul Play|p1a: Malamother\n|-damage|p1a: Malamother|0 fnt\n|faint|p1a: Malamother\n|move|p1b: \u2694\ufe0fKing\u2694\ufe0f|Sacred Sword|p2b: Murkrow\n|-damage|p2b: Murkrow|0 fnt\n|faint|p2b: Murkrow\n|\n|upkeep\n|\n|t:|1732458487\n|switch|p1a: Tapu Deedee|Indeedee, L50, M, shiny|100\/100\n|switch|p2b: Ursaluna|Ursaluna, L50, M|100\/100\n|-fieldstart|move: Psychic Terrain|[from] ability: Psychic Surge|[of] p1a: Tapu Deedee\n|-enditem|p2a: Sneasler|Psychic Seed\n|-boost|p2a: Sneasler|spd|1|[from] item: Psychic Seed\n|turn|3\n|\n|t:|1732458506\n|move|p2b: Ursaluna|Protect|p2b: Ursaluna\n|-singleturn|p2b: Ursaluna|Protect\n|move|p2a: Sneasler|Protect|p2a: Sneasler\n|-singleturn|p2a: Sneasler|Protect\n|move|p1b: \u2694\ufe0fKing\u2694\ufe0f|Sacred Sword|p2b: Ursaluna\n|-activate|p2b: Ursaluna|move: Protect\n|move|p1a: Tapu Deedee|Expanding Force|p2a: Sneasler|[spread] \n|-activate|p2a: Sneasler|move: Protect\n|-activate|p2b: Ursaluna|move: Protect\n|\n|-status|p2b: Ursaluna|brn|[from] item: Flame Orb\n|upkeep\n|turn|4\n|\n|t:|1732458528\n|switch|p2a: Gholdengo|Gholdengo, L50, tera:Steel|100\/100\n|move|p1b: \u2694\ufe0fKing\u2694\ufe0f|Protect|p1b: \u2694\ufe0fKing\u2694\ufe0f\n|-singleturn|p1b: \u2694\ufe0fKing\u2694\ufe0f|Protect\n|move|p2b: Ursaluna|Headlong Rush|p1b: \u2694\ufe0fKing\u2694\ufe0f\n|-activate|p1b: \u2694\ufe0fKing\u2694\ufe0f|move: Protect\n|move|p1a: Tapu Deedee|Expanding Force|p2a: Gholdengo|[spread] p2a,p2b\n|-resisted|p2a: Gholdengo\n|-damage|p2a: Gholdengo|48\/100\n|-damage|p2b: Ursaluna|26\/100 brn\n|\n|-damage|p2b: Ursaluna|20\/100 brn|[from] brn\n|upkeep\n|turn|5\n|inactive|TheOnlyFizzo has 30 seconds left.\n|\n|t:|1732458562\n|move|p1b: \u2694\ufe0fKing\u2694\ufe0f|Protect||[still]\n|-fail|p1b: \u2694\ufe0fKing\u2694\ufe0f\n|move|p2b: Ursaluna|Earthquake|p1a: Tapu Deedee|[spread] p2a,p1a,p1b\n|-supereffective|p2a: Gholdengo\n|-damage|p2a: Gholdengo|0 fnt\n|-damage|p1a: Tapu Deedee|0 fnt\n|-damage|p1b: \u2694\ufe0fKing\u2694\ufe0f|4\/100\n|faint|p2a: Gholdengo\n|faint|p1a: Tapu Deedee\n|\n|-damage|p2b: Ursaluna|14\/100 brn|[from] brn\n|-fieldend|move: Trick Room\n|upkeep\n|\n|t:|1732458573\n|switch|p2a: Sneasler|Sneasler, L50, M|100\/100\n|turn|6\n|\n|t:|1732458583\n|move|p2a: Sneasler|Dire Claw|p1b: \u2694\ufe0fKing\u2694\ufe0f\n|-damage|p1b: \u2694\ufe0fKing\u2694\ufe0f|0 fnt\n|faint|p1b: \u2694\ufe0fKing\u2694\ufe0f\n|\n|win|TheOnlyFizzo\n|raw|VGCLTH skibidi's rating: 1840 &rarr; <strong>1814<\/strong><br \/>(-26 for losing)\n|raw|TheOnlyFizzo's rating: 1735 &rarr; <strong>1761<\/strong><br \/>(+26 for winning)\n|l|\u2606VGCLTH skibidi\n|player|p1|\n|l| pipikapipika\n|l|\u2606TheOnlyFizzo\n|player|p2|\n","uploadtime":1732458818,"views":9,"formatid":"gen9vgc2024regh","rating":1761,"private":0,"password":null}