{"id":"gen9vgc2024regh-2250051695","format":"[Gen 9] VGC 2024 Reg H","players":["Stuqid Reg H","VGCLTH skibidi"],"log":"|raw|<div class=\"broadcast-blue\"><strong>This battle is required to be public due to a player having a name starting with 'vgclth'.<\/div>\n|j|\u2606Stuqid Reg H\n|j|\u2606VGCLTH skibidi\n|t:|1732440773\n|gametype|doubles\n|player|p1|Stuqid Reg H|steven|1717\n|player|p2|VGCLTH skibidi|piers-masters|1829\n|teamsize|p1|6\n|teamsize|p2|6\n|gen|9\n|tier|[Gen 9] VGC 2024 Reg H\n|rated|\n|rule|Species Clause: Limit one of each Pok\u00e9mon\n|rule|Item Clause: Limit 1 of each item\n|clearpoke\n|poke|p1|Dondozo, L50, F|\n|poke|p1|Tatsugiri, L50, F|\n|poke|p1|Dragonite, L50, F|\n|poke|p1|Annihilape, L50, F|\n|poke|p1|Archaludon, L50, F|\n|poke|p1|Chandelure, L50, F|\n|poke|p2|Whimsicott, L50, F|\n|poke|p2|Gallade, L50, M|\n|poke|p2|Archaludon, L50, F|\n|poke|p2|Malamar, L50, F|\n|poke|p2|Indeedee, L50, M|\n|poke|p2|Drifblim, L50, M|\n|teampreview|4\n|inactive|Battle timer is ON: inactive players will automatically lose when time's up. (requested by VGCLTH skibidi)\n|\n|t:|1732440801\n|start\n|switch|p1a: Dragonite|Dragonite, L50, F|100\/100\n|switch|p1b: Annihilape|Annihilape, L50, F|100\/100\n|switch|p2a: \ud83c\udf88\ud83d\udc7b\ud83c\udf83\ud83d\udc7b\ud83c\udf83\ud83c\udf88|Drifblim, L50, M|100\/100\n|switch|p2b: Tapu Deedee|Indeedee, L50, M, shiny|100\/100\n|-fieldstart|move: Psychic Terrain|[from] ability: Psychic Surge|[of] p2b: Tapu Deedee\n|-enditem|p2a: \ud83c\udf88\ud83d\udc7b\ud83c\udf83\ud83d\udc7b\ud83c\udf83\ud83c\udf88|Psychic Seed\n|-boost|p2a: \ud83c\udf88\ud83d\udc7b\ud83c\udf83\ud83d\udc7b\ud83c\udf83\ud83c\udf88|spd|1|[from] item: Psychic Seed\n|turn|1\n|\n|t:|1732440811\n|-terastallize|p1b: Annihilape|Steel\n|move|p2a: \ud83c\udf88\ud83d\udc7b\ud83c\udf83\ud83d\udc7b\ud83c\udf83\ud83c\udf88|Icy Wind|p1a: Dragonite|[spread] p1a\n|-miss|p2a: \ud83c\udf88\ud83d\udc7b\ud83c\udf83\ud83d\udc7b\ud83c\udf83\ud83c\udf88|p1b: Annihilape\n|-supereffective|p1a: Dragonite\n|-damage|p1a: Dragonite|89\/100\n|-unboost|p1a: Dragonite|spe|1\n|move|p1b: Annihilape|Rage Fist|p2a: \ud83c\udf88\ud83d\udc7b\ud83c\udf83\ud83d\udc7b\ud83c\udf83\ud83c\udf88\n|-supereffective|p2a: \ud83c\udf88\ud83d\udc7b\ud83c\udf83\ud83d\udc7b\ud83c\udf83\ud83c\udf88\n|-damage|p2a: \ud83c\udf88\ud83d\udc7b\ud83c\udf83\ud83d\udc7b\ud83c\udf83\ud83c\udf88|57\/100\n|move|p2b: Tapu Deedee|Expanding Force|p1a: Dragonite|[spread] p1a,p1b\n|-resisted|p1b: Annihilape\n|-damage|p1a: Dragonite|40\/100\n|-damage|p1b: Annihilape|61\/100\n|move|p1a: Dragonite|Ice Spinner|p2b: Tapu Deedee\n|-damage|p2b: Tapu Deedee|34\/100\n|-fieldend|move: Psychic Terrain\n|\n|upkeep\n|turn|2\n|j| mr pogostick\n|\n|t:|1732440830\n|switch|p2b: Malamother|Malamar, L50, F|100\/100\n|move|p2a: \ud83c\udf88\ud83d\udc7b\ud83c\udf83\ud83d\udc7b\ud83c\udf83\ud83c\udf88|Will-O-Wisp|p1b: Annihilape\n|-status|p1b: Annihilape|brn\n|move|p1b: Annihilape|Close Combat|p2b: Malamother\n|-damage|p2b: Malamother|76\/100\n|-unboost|p1b: Annihilape|def|1\n|-unboost|p1b: Annihilape|spd|1\n|move|p1a: Dragonite|Ice Spinner|p2a: \ud83c\udf88\ud83d\udc7b\ud83c\udf83\ud83d\udc7b\ud83c\udf83\ud83c\udf88\n|-supereffective|p2a: \ud83c\udf88\ud83d\udc7b\ud83c\udf83\ud83d\udc7b\ud83c\udf83\ud83c\udf88\n|-damage|p2a: \ud83c\udf88\ud83d\udc7b\ud83c\udf83\ud83d\udc7b\ud83c\udf83\ud83c\udf88|0 fnt\n|faint|p2a: \ud83c\udf88\ud83d\udc7b\ud83c\udf83\ud83d\udc7b\ud83c\udf83\ud83c\udf88\n|\n|-damage|p1b: Annihilape|55\/100 brn|[from] brn\n|upkeep\n|\n|t:|1732440837\n|switch|p2a: Tapu Deedee|Indeedee, L50, M, shiny|34\/100\n|-fieldstart|move: Psychic Terrain|[from] ability: Psychic Surge|[of] p2a: Tapu Deedee\n|turn|3\n|\n|t:|1732440849\n|move|p1b: Annihilape|Close Combat|p2a: Tapu Deedee\n|-damage|p2a: Tapu Deedee|0 fnt\n|-unboost|p1b: Annihilape|def|1\n|-unboost|p1b: Annihilape|spd|1\n|faint|p2a: Tapu Deedee\n|move|p2b: Malamother|Superpower|p1b: Annihilape\n|-supereffective|p1b: Annihilape\n|-crit|p1b: Annihilape\n|-damage|p1b: Annihilape|0 fnt\n|-boost|p2b: Malamother|atk|1\n|-boost|p2b: Malamother|def|1\n|faint|p1b: Annihilape\n|move|p1a: Dragonite|Ice Spinner|p2b: Malamother\n|-damage|p2b: Malamother|55\/100\n|-fieldend|move: Psychic Terrain\n|\n|upkeep\n|\n|t:|1732440869\n|switch|p1b: Archaludon|Archaludon, L50, F|100\/100\n|switch|p2a: \u2694\ufe0fKing\u2694\ufe0f|Gallade, L50, M, shiny|100\/100\n|turn|4\n|\n|t:|1732440889\n|-terastallize|p2a: \u2694\ufe0fKing\u2694\ufe0f|Grass\n|move|p1a: Dragonite|Extreme Speed|p2a: \u2694\ufe0fKing\u2694\ufe0f\n|-damage|p2a: \u2694\ufe0fKing\u2694\ufe0f|47\/100\n|move|p1b: Archaludon|Electro Shot||[still]\n|-prepare|p1b: Archaludon|Electro Shot\n|-boost|p1b: Archaludon|spa|1\n|-enditem|p1b: Archaludon|Power Herb\n|-anim|p1b: Archaludon|Electro Shot|p2b: Malamother\n|-damage|p2b: Malamother|0 fnt\n|faint|p2b: Malamother\n|move|p2a: \u2694\ufe0fKing\u2694\ufe0f|Sacred Sword|p1b: Archaludon\n|-supereffective|p1b: Archaludon\n|-ability|p1b: Archaludon|Sturdy\n|-damage|p1b: Archaludon|1\/100\n|\n|upkeep\n|turn|5\n|c|\u2606Stuqid Reg H|gg\n|l| mr pogostick\n|inactive|VGCLTH skibidi has 30 seconds left.\n|c|\u2606VGCLTH skibidi|rigged another icy wind miss\n|inactive|VGCLTH skibidi has 20 seconds left.\n|-message|VGCLTH skibidi forfeited.\n|\n|win|Stuqid Reg H\n|raw|Stuqid Reg H's rating: 1717 &rarr; <strong>1743<\/strong><br \/>(+26 for winning)\n|raw|VGCLTH skibidi's rating: 1829 &rarr; <strong>1803<\/strong><br \/>(-26 for losing)\n|l|\u2606VGCLTH skibidi\n|player|p2|\n|j|\u2606VGCLTH skibidi\n|player|p2|VGCLTH skibidi|piers-masters|\n|l|\u2606Stuqid Reg H\n|player|p1|\n|l|\u2606VGCLTH skibidi\n|player|p2|\n|j|\u2606Stuqid Reg H\n|player|p1|Stuqid Reg H|steven|\n|l|\u2606Stuqid Reg H\n|player|p1|\n|j|\u2606Stuqid Reg H\n|player|p1|Stuqid Reg H|steven|\n","uploadtime":1732441085,"views":10,"formatid":"gen9vgc2024regh","rating":1743,"private":0,"password":null}