{"id":"gen9vgc2024regh-2250020050","format":"[Gen 9] VGC 2024 Reg H","players":["bwahacough","aceatelle"],"log":"|j|\u2606bwahacough\n|j|\u2606aceatelle\n|t:|1732433495\n|gametype|doubles\n|player|p1|bwahacough|medium|1731\n|player|p2|aceatelle|guitarist|1688\n|teamsize|p1|6\n|teamsize|p2|6\n|gen|9\n|tier|[Gen 9] VGC 2024 Reg H\n|rated|\n|rule|Species Clause: Limit one of each Pok\u00e9mon\n|rule|Item Clause: Limit 1 of each item\n|clearpoke\n|poke|p1|Lycanroc, L50, M|\n|poke|p1|Tyranitar, L50, F|\n|poke|p1|Indeedee-F, L50, F|\n|poke|p1|Sneasler, L50, F|\n|poke|p1|Volcarona, L50, M|\n|poke|p1|Murkrow, L50, F|\n|poke|p2|Ursaluna-Bloodmoon, L50, M|\n|poke|p2|Grimmsnarl, L50, M|\n|poke|p2|Kommo-o, L50, F|\n|poke|p2|Sinistcha, L50|\n|poke|p2|Sneasler, L50, F|\n|poke|p2|Ceruledge, L50, F|\n|teampreview|4\n|c|\u2606aceatelle|glhf!\nbwahacough has agreed to open team sheets.\n|c|\u2606bwahacough|u2\n|\n|t:|1732433536\n|start\n|switch|p1a: Indeedee|Indeedee-F, L50, F, shiny|100\/100\n|switch|p1b: Sneasler|Sneasler, L50, F, shiny|100\/100\n|switch|p2a: Ursaluna|Ursaluna-Bloodmoon, L50, M|100\/100\n|switch|p2b: Grimmsnarl|Grimmsnarl, L50, M|100\/100\n|-fieldstart|move: Psychic Terrain|[from] ability: Psychic Surge|[of] p1a: Indeedee\n|-enditem|p1b: Sneasler|Psychic Seed\n|-boost|p1b: Sneasler|spd|1|[from] item: Psychic Seed\n|turn|1\n|\n|t:|1732433549\n|-terastallize|p2a: Ursaluna|Water\n|move|p1a: Indeedee|Helping Hand|p1b: Sneasler\n|-singleturn|p1b: Sneasler|Helping Hand|[of] p1a: Indeedee\n|move|p2b: Grimmsnarl|Reflect|p2b: Grimmsnarl\n|-sidestart|p2: aceatelle|Reflect\n|move|p1b: Sneasler|Dire Claw|p2b: Grimmsnarl\n|-supereffective|p2b: Grimmsnarl\n|-damage|p2b: Grimmsnarl|9\/100\n|-status|p2b: Grimmsnarl|slp\n|move|p2a: Ursaluna|Blood Moon|p1b: Sneasler\n|-damage|p1b: Sneasler|38\/100\n|\n|upkeep\n|turn|2\n|\n|t:|1732433566\n|cant|p2b: Grimmsnarl|slp\n|move|p1b: Sneasler|Dire Claw|p2a: Ursaluna\n|-crit|p2a: Ursaluna\n|-damage|p2a: Ursaluna|51\/100\n|-status|p2a: Ursaluna|par\n|move|p1a: Indeedee|Psychic|p2a: Ursaluna\n|-damage|p2a: Ursaluna|24\/100 par\n|move|p2a: Ursaluna|Hyper Voice|p1a: Indeedee|[spread] p1a,p1b\n|-damage|p1a: Indeedee|65\/100\n|-damage|p1b: Sneasler|6\/100\n|\n|upkeep\n|turn|3\n|\n|t:|1732433583\n|move|p1b: Sneasler|Dire Claw|p2b: Grimmsnarl\n|-supereffective|p2b: Grimmsnarl\n|-damage|p2b: Grimmsnarl|0 fnt\n|faint|p2b: Grimmsnarl\n|move|p1a: Indeedee|Psychic|p2a: Ursaluna\n|-damage|p2a: Ursaluna|0 fnt\n|faint|p2a: Ursaluna\n|\n|upkeep\n|\n|t:|1732433589\n|switch|p2b: Ceruledge|Ceruledge, L50, F|100\/100\n|switch|p2a: Sneasler|Sneasler, L50, F|100\/100\n|turn|4\n|\n|t:|1732433600\n|move|p1b: Sneasler|Dire Claw|p2b: Ceruledge\n|-resisted|p2b: Ceruledge\n|-damage|p2b: Ceruledge|82\/100\n|move|p2a: Sneasler|Coaching|p2b: Ceruledge\n|-boost|p2b: Ceruledge|atk|1\n|-boost|p2b: Ceruledge|def|1\n|move|p2b: Ceruledge|Bulk Up|p2b: Ceruledge\n|-boost|p2b: Ceruledge|atk|1\n|-boost|p2b: Ceruledge|def|1\n|move|p1a: Indeedee|Psychic|p2a: Sneasler\n|-supereffective|p2a: Sneasler\n|-enditem|p2a: Sneasler|Focus Sash\n|-damage|p2a: Sneasler|1\/100\n|\n|upkeep\n|turn|5\n|\n|t:|1732433624\n|switch|p1a: Murkrow|Murkrow, L50, F, shiny|100\/100\n|move|p2a: Sneasler|Coaching|p2b: Ceruledge\n|-boost|p2b: Ceruledge|atk|1\n|-boost|p2b: Ceruledge|def|1\n|move|p1b: Sneasler|Dire Claw|p2a: Sneasler\n|-resisted|p2a: Sneasler\n|-damage|p2a: Sneasler|0 fnt\n|faint|p2a: Sneasler\n|move|p2b: Ceruledge|Bitter Blade|p1a: Murkrow\n|-damage|p1a: Murkrow|0 fnt\n|-heal|p2b: Ceruledge|100\/100|[from] drain|[of] p1a: Murkrow\n|faint|p1a: Murkrow\n|\n|-fieldend|move: Psychic Terrain\n|upkeep\n|\n|t:|1732433628\n|switch|p1a: Indeedee|Indeedee-F, L50, F, shiny|65\/100\n|-fieldstart|move: Psychic Terrain|[from] ability: Psychic Surge|[of] p1a: Indeedee\n|turn|6\n|\n|t:|1732433637\n|move|p1b: Sneasler|Protect|p1b: Sneasler\n|-singleturn|p1b: Sneasler|Protect\n|move|p1a: Indeedee|Protect|p1a: Indeedee\n|-singleturn|p1a: Indeedee|Protect\n|move|p2b: Ceruledge|Bitter Blade|p1b: Sneasler\n|-activate|p1b: Sneasler|move: Protect\n|\n|upkeep\n|turn|7\n|\n|t:|1732433643\n|move|p1a: Indeedee|Follow Me|p1a: Indeedee\n|-singleturn|p1a: Indeedee|move: Follow Me\n|move|p1b: Sneasler|Dire Claw|p2b: Ceruledge\n|-resisted|p2b: Ceruledge\n|-damage|p2b: Ceruledge|94\/100\n|-status|p2b: Ceruledge|par\n|move|p2b: Ceruledge|Bitter Blade|p1a: Indeedee\n|-damage|p1a: Indeedee|0 fnt\n|-heal|p2b: Ceruledge|100\/100 par|[from] drain|[of] p1a: Indeedee\n|faint|p1a: Indeedee\n|\n|upkeep\n|\n|t:|1732433647\n|switch|p1a: Volcarona|Volcarona, L50, M|100\/100\n|turn|8\n|\n|t:|1732433656\n|move|p1b: Sneasler|Protect|p1b: Sneasler\n|-singleturn|p1b: Sneasler|Protect\n|move|p1a: Volcarona|Quiver Dance|p1a: Volcarona\n|-boost|p1a: Volcarona|spa|1\n|-boost|p1a: Volcarona|spd|1\n|-boost|p1a: Volcarona|spe|1\n|cant|p2b: Ceruledge|par\n|\n|-sideend|p2: aceatelle|Reflect\n|upkeep\n|turn|9\n|\n|t:|1732433666\n|-terastallize|p1b: Sneasler|Stellar\n|move|p1b: Sneasler|Throat Chop|p2b: Ceruledge\n|-supereffective|p2b: Ceruledge\n|-damage|p2b: Ceruledge|62\/100 par\n|-start|p2b: Ceruledge|Throat Chop|[silent]\n|move|p1a: Volcarona|Giga Drain|p2b: Ceruledge\n|-resisted|p2b: Ceruledge\n|-damage|p2b: Ceruledge|41\/100 par\n|move|p2b: Ceruledge|Bitter Blade|p1a: Volcarona\n|-damage|p1a: Volcarona|0 fnt\n|-heal|p2b: Ceruledge|91\/100 par|[from] drain|[of] p1a: Volcarona\n|faint|p1a: Volcarona\n|\n|upkeep\n|turn|10\n|\n|t:|1732433676\n|move|p1b: Sneasler|Throat Chop|p2b: Ceruledge\n|-supereffective|p2b: Ceruledge\n|-damage|p2b: Ceruledge|64\/100 par\n|move|p2b: Ceruledge|Bitter Blade|p1b: Sneasler\n|-damage|p1b: Sneasler|0 fnt\n|-heal|p2b: Ceruledge|67\/100 par|[from] drain|[of] p1b: Sneasler\n|faint|p1b: Sneasler\n|\n|win|aceatelle\n|raw|bwahacough's rating: 1731 &rarr; <strong>1709<\/strong><br \/>(-22 for losing)\n|raw|aceatelle's rating: 1688 &rarr; <strong>1710<\/strong><br \/>(+22 for winning)\n|l|\u2606bwahacough\n|player|p1|\n|c|\u2606aceatelle|gg\n|l|\u2606aceatelle\n|player|p2|\n","uploadtime":1732433854,"views":50,"formatid":"gen9vgc2024regh","rating":1709,"private":0,"password":null}