{"id":"gen9vgc2024regh-2250147196","format":"[Gen 9] VGC 2024 Reg H","players":["VGCLTH skibidi","alumilana"],"log":"|raw|<div class=\"broadcast-blue\"><strong>This battle is required to be public due to a player having a name starting with 'vgclth'.<\/div>\n|j|\u2606VGCLTH skibidi\n|j|\u203dalumilana\n|t:|1732458766\n|gametype|doubles\n|player|p1|VGCLTH skibidi|piers-masters|1791\n|player|p2|alumilana|marley|1772\n|teamsize|p1|6\n|teamsize|p2|6\n|gen|9\n|tier|[Gen 9] VGC 2024 Reg H\n|rated|\n|rule|Species Clause: Limit one of each Pok\u00e9mon\n|rule|Item Clause: Limit 1 of each item\n|clearpoke\n|poke|p1|Whimsicott, L50, F|\n|poke|p1|Gallade, L50, M|\n|poke|p1|Archaludon, L50, F|\n|poke|p1|Malamar, L50, F|\n|poke|p1|Indeedee, L50, M|\n|poke|p1|Drifblim, L50, M|\n|poke|p2|Dragonite, L50, M|\n|poke|p2|Gholdengo, L50|\n|poke|p2|Incineroar, L50, F|\n|poke|p2|Rillaboom, L50, M|\n|poke|p2|Annihilape, L50, F|\n|poke|p2|Electabuzz, L50, M|\n|teampreview|4\n|inactive|Battle timer is ON: inactive players will automatically lose when time's up. (requested by VGCLTH skibidi)\n|inactive|alumilana also wants the timer to be on.\n|j| showdown the spire\n|inactive|VGCLTH skibidi has 60 seconds left.\n|\n|t:|1732458803\n|start\n|switch|p1a: Mischief Mother|Whimsicott, L50, F, shiny|100\/100\n|switch|p1b: Tapu Deedee|Indeedee, L50, M, shiny|100\/100\n|switch|p2a: Gholdengo|Gholdengo, L50|100\/100\n|switch|p2b: Electabuzz|Electabuzz, L50, M|100\/100\n|-fieldstart|move: Psychic Terrain|[from] ability: Psychic Surge|[of] p1b: Tapu Deedee\n|turn|1\n|\n|t:|1732458812\n|-terastallize|p1b: Tapu Deedee|Fire\n|move|p2a: Gholdengo|Protect|p2a: Gholdengo\n|-singleturn|p2a: Gholdengo|Protect\n|move|p1a: Mischief Mother|Moonblast|p2b: Electabuzz\n|-damage|p2b: Electabuzz|74\/100\n|move|p1b: Tapu Deedee|Tera Blast|p2a: Gholdengo|[anim] Tera Blast Fire\n|-activate|p2a: Gholdengo|move: Protect\n|move|p2b: Electabuzz|Electroweb|p1a: Mischief Mother|[spread] p1a,p1b\n|-resisted|p1a: Mischief Mother\n|-damage|p1a: Mischief Mother|89\/100\n|-damage|p1b: Tapu Deedee|81\/100\n|-unboost|p1a: Mischief Mother|spe|1\n|-unboost|p1b: Tapu Deedee|spe|1\n|\n|upkeep\n|turn|2\n|\n|t:|1732458829\n|switch|p1b: Bridget|Archaludon, L50, F, shiny|100\/100\n|move|p2b: Electabuzz|Follow Me|p2b: Electabuzz\n|-singleturn|p2b: Electabuzz|move: Follow Me\n|move|p1a: Mischief Mother|Tailwind|p1a: Mischief Mother\n|-sidestart|p1: VGCLTH skibidi|move: Tailwind\n|move|p2a: Gholdengo|Nasty Plot|p2a: Gholdengo\n|-boost|p2a: Gholdengo|spa|2\n|\n|upkeep\n|turn|3\n|\n|t:|1732458842\n|move|p2b: Electabuzz|Follow Me|p2b: Electabuzz\n|-singleturn|p2b: Electabuzz|move: Follow Me\n|move|p1a: Mischief Mother|Moonblast|p2b: Electabuzz\n|-damage|p2b: Electabuzz|46\/100\n|move|p1b: Bridget|Snarl|p2b: Electabuzz|[spread] p2a\n|-miss|p1b: Bridget|p2b: Electabuzz\n|-supereffective|p2a: Gholdengo\n|-damage|p2a: Gholdengo|70\/100\n|-unboost|p2a: Gholdengo|spa|1\n|move|p2a: Gholdengo|Shadow Ball|p1b: Bridget\n|-damage|p1b: Bridget|54\/100\n|-unboost|p1b: Bridget|spd|1\n|-ability|p1b: Bridget|Stamina|boost\n|-boost|p1b: Bridget|def|1\n|\n|upkeep\n|turn|4\n|inactive|alumilana has 30 seconds left.\n|inactive|alumilana has 20 seconds left.\n|\n|t:|1732458879\n|move|p2b: Electabuzz|Protect|p2b: Electabuzz\n|-singleturn|p2b: Electabuzz|Protect\n|move|p1a: Mischief Mother|Moonblast|p2b: Electabuzz\n|-activate|p2b: Electabuzz|move: Protect\n|move|p1b: Bridget|Snarl|p2b: Electabuzz|[spread] p2a\n|-activate|p2b: Electabuzz|move: Protect\n|-supereffective|p2a: Gholdengo\n|-damage|p2a: Gholdengo|44\/100\n|-unboost|p2a: Gholdengo|spa|1\n|-enditem|p2a: Gholdengo|Sitrus Berry|[eat]\n|-heal|p2a: Gholdengo|69\/100|[from] item: Sitrus Berry\n|move|p2a: Gholdengo|Nasty Plot|p2a: Gholdengo\n|-boost|p2a: Gholdengo|spa|2\n|\n|upkeep\n|turn|5\n|\n|t:|1732458901\n|move|p2a: Gholdengo|Protect|p2a: Gholdengo\n|-singleturn|p2a: Gholdengo|Protect\n|move|p1a: Mischief Mother|Moonblast|p2b: Electabuzz\n|-damage|p2b: Electabuzz|19\/100\n|-unboost|p2b: Electabuzz|spa|1\n|move|p1b: Bridget|Snarl|p2a: Gholdengo|[spread] \n|-activate|p2a: Gholdengo|move: Protect\n|-miss|p1b: Bridget|p2b: Electabuzz\n|move|p2b: Electabuzz|Electroweb|p1a: Mischief Mother|[spread] p1a,p1b\n|-resisted|p1a: Mischief Mother\n|-resisted|p1b: Bridget\n|-damage|p1a: Mischief Mother|81\/100\n|-damage|p1b: Bridget|49\/100\n|-unboost|p1a: Mischief Mother|spe|1\n|-unboost|p1b: Bridget|spe|1\n|-ability|p1b: Bridget|Stamina|boost\n|-boost|p1b: Bridget|def|1\n|\n|-sideend|p1: VGCLTH skibidi|move: Tailwind\n|-fieldend|move: Psychic Terrain\n|upkeep\n|turn|6\n|\n|t:|1732458921\n|move|p2b: Electabuzz|Follow Me|p2b: Electabuzz\n|-singleturn|p2b: Electabuzz|move: Follow Me\n|move|p1a: Mischief Mother|Tailwind|p1a: Mischief Mother\n|-sidestart|p1: VGCLTH skibidi|move: Tailwind\n|move|p1b: Bridget|Snarl|p2a: Gholdengo|[spread] p2a,p2b\n|-supereffective|p2a: Gholdengo\n|-crit|p2a: Gholdengo\n|-damage|p2a: Gholdengo|24\/100\n|-damage|p2b: Electabuzz|10\/100\n|-unboost|p2a: Gholdengo|spa|1\n|-unboost|p2b: Electabuzz|spa|1\n|move|p2a: Gholdengo|Shadow Ball|p1b: Bridget\n|-damage|p1b: Bridget|0 fnt\n|faint|p1b: Bridget\n|\n|upkeep\n|\n|t:|1732458936\n|switch|p1b: Tapu Deedee|Indeedee, L50, M, shiny, tera:Fire|81\/100\n|-fieldstart|move: Psychic Terrain|[from] ability: Psychic Surge|[of] p1b: Tapu Deedee\n|turn|7\n|\n|t:|1732458941\n|switch|p2b: Rillaboom|Rillaboom, L50, M|100\/100\n|-fieldstart|move: Grassy Terrain|[from] ability: Grassy Surge|[of] p2b: Rillaboom\n|move|p2a: Gholdengo|Protect|p2a: Gholdengo\n|-singleturn|p2a: Gholdengo|Protect\n|move|p1b: Tapu Deedee|Tera Blast|p2b: Rillaboom|[anim] Tera Blast Fire\n|-supereffective|p2b: Rillaboom\n|-damage|p2b: Rillaboom|12\/100\n|move|p1a: Mischief Mother|Moonblast|p2b: Rillaboom\n|-damage|p2b: Rillaboom|0 fnt\n|faint|p2b: Rillaboom\n|\n|-heal|p1b: Tapu Deedee|87\/100|[from] Grassy Terrain\n|-heal|p1a: Mischief Mother|87\/100|[from] Grassy Terrain\n|-heal|p2a: Gholdengo|30\/100|[from] Grassy Terrain\n|upkeep\n|\n|t:|1732458954\n|switch|p2b: Electabuzz|Electabuzz, L50, M|10\/100\n|turn|8\n|\n|t:|1732458962\n|switch|p1b: \ud83c\udf88\ud83d\udc7b\ud83c\udf83\ud83d\udc7b\ud83c\udf83\ud83c\udf88|Drifblim, L50, M|100\/100\n|-terastallize|p2a: Gholdengo|Dragon\n|move|p2b: Electabuzz|Follow Me|p2b: Electabuzz\n|-singleturn|p2b: Electabuzz|move: Follow Me\n|move|p1a: Mischief Mother|Moonblast|p2b: Electabuzz\n|-damage|p2b: Electabuzz|0 fnt\n|faint|p2b: Electabuzz\n|move|p2a: Gholdengo|Make It Rain|p1b: \ud83c\udf88\ud83d\udc7b\ud83c\udf83\ud83d\udc7b\ud83c\udf83\ud83c\udf88|[spread] p1a,p1b\n|-supereffective|p1a: Mischief Mother\n|-damage|p1a: Mischief Mother|0 fnt\n|-damage|p1b: \ud83c\udf88\ud83d\udc7b\ud83c\udf83\ud83d\udc7b\ud83c\udf83\ud83c\udf88|22\/100\n|-unboost|p2a: Gholdengo|spa|1\n|faint|p1a: Mischief Mother\n|\n|-heal|p2a: Gholdengo|37\/100|[from] Grassy Terrain\n|upkeep\n|\n|t:|1732458976\n|switch|p1a: Tapu Deedee|Indeedee, L50, M, shiny, tera:Fire|87\/100\n|switch|p2b: Annihilape|Annihilape, L50, F|100\/100\n|-fieldstart|move: Psychic Terrain|[from] ability: Psychic Surge|[of] p1a: Tapu Deedee\n|-enditem|p1b: \ud83c\udf88\ud83d\udc7b\ud83c\udf83\ud83d\udc7b\ud83c\udf83\ud83c\udf88|Psychic Seed\n|-boost|p1b: \ud83c\udf88\ud83d\udc7b\ud83c\udf83\ud83d\udc7b\ud83c\udf83\ud83c\udf88|spd|1|[from] item: Psychic Seed\n|turn|9\n|\n|t:|1732458984\n|move|p1b: \ud83c\udf88\ud83d\udc7b\ud83c\udf83\ud83d\udc7b\ud83c\udf83\ud83c\udf88|Icy Wind|p2a: Gholdengo|[spread] p2a,p2b\n|-supereffective|p2a: Gholdengo\n|-damage|p2a: Gholdengo|19\/100\n|-damage|p2b: Annihilape|92\/100\n|-unboost|p2a: Gholdengo|spe|1\n|-unboost|p2b: Annihilape|spe|1\n|-ability|p2b: Annihilape|Defiant|boost\n|-boost|p2b: Annihilape|atk|2\n|move|p1a: Tapu Deedee|Expanding Force|p2b: Annihilape|[spread] p2a,p2b\n|-supereffective|p2b: Annihilape\n|-damage|p2a: Gholdengo|0 fnt\n|-damage|p2b: Annihilape|0 fnt\n|faint|p2a: Gholdengo\n|faint|p2b: Annihilape\n|\n|win|VGCLTH skibidi\n|raw|VGCLTH skibidi's rating: 1791 &rarr; <strong>1810<\/strong><br \/>(+19 for winning)\n|raw|alumilana's rating: 1772 &rarr; <strong>1753<\/strong><br \/>(-19 for losing)\n|l|\u2606VGCLTH skibidi\n|player|p1|\n|l|\u203dalumilana\n|player|p2|\n|l| showdown the spire\n","uploadtime":1732459236,"views":7,"formatid":"gen9vgc2024regh","rating":1753,"private":0,"password":null}