{"id":"gen9vgc2024regh-2250345693","format":"[Gen 9] VGC 2024 Reg H","players":["reg g rock","PirateRoberts77"],"log":"|j|\u2606reg g rock\n|j|\u2606PirateRoberts77\n|t:|1732482932\n|gametype|doubles\n|player|p1|reg g rock|grusha|1696\n|player|p2|PirateRoberts77|hilbert|1681\n|teamsize|p1|6\n|teamsize|p2|6\n|gen|9\n|tier|[Gen 9] VGC 2024 Reg H\n|rated|\n|rule|Species Clause: Limit one of each Pok\u00e9mon\n|rule|Item Clause: Limit 1 of each item\n|clearpoke\n|poke|p1|Garchomp, L50, M|\n|poke|p1|Jumpluff, L50, F|\n|poke|p1|Torkoal, L50, F|\n|poke|p1|Dragonite, L50, F|\n|poke|p1|Kingambit, L50, F|\n|poke|p1|Typhlosion-Hisui, L50, F|\n|poke|p2|Torterra, L50, M|\n|poke|p2|Annihilape, L50, M|\n|poke|p2|Armarouge, L50, M|\n|poke|p2|Oranguru, L50, M|\n|poke|p2|Torkoal, L50, F|\n|poke|p2|Sylveon, L50, F|\n|teampreview|4\n|inactive|Battle timer is ON: inactive players will automatically lose when time's up. (requested by reg g rock)\n|inactive|PirateRoberts77 also wants the timer to be on.\n|\n|t:|1732482958\n|start\n|switch|p1a: Typhlosion|Typhlosion-Hisui, L50, F|100\/100\n|switch|p1b: Torkoal|Torkoal, L50, F|100\/100\n|switch|p2a: Oranguru|Oranguru, L50, M|100\/100\n|switch|p2b: Annihilape|Annihilape, L50, M|100\/100\n|-weather|SunnyDay|[from] ability: Drought|[of] p1b: Torkoal\n|turn|1\n|inactive|PirateRoberts77 has 30 seconds left.\n|\n|t:|1732482984\n|-terastallize|p1a: Typhlosion|Fire\n|move|p1b: Torkoal|Helping Hand|p1a: Typhlosion\n|-singleturn|p1a: Typhlosion|Helping Hand|[of] p1b: Torkoal\n|move|p2b: Annihilape|Shadow Claw|p1a: Typhlosion\n|-damage|p1a: Typhlosion|54\/100\n|move|p1a: Typhlosion|Overheat|p2a: Oranguru\n|-damage|p2a: Oranguru|0 fnt\n|-unboost|p1a: Typhlosion|spa|2\n|faint|p2a: Oranguru\n|\n|-weather|SunnyDay|[upkeep]\n|upkeep\n|\n|t:|1732482996\n|switch|p2a: Torkoal|Torkoal, L50, F|100\/100\n|turn|2\n|\n|t:|1732483010\n|move|p2b: Annihilape|Shadow Claw|p1a: Typhlosion\n|-damage|p1a: Typhlosion|12\/100\n|move|p1a: Typhlosion|Overheat|p2b: Annihilape\n|-damage|p2b: Annihilape|0 fnt\n|-unboost|p1a: Typhlosion|spa|2\n|faint|p2b: Annihilape\n|move|p1b: Torkoal|Overheat|p2a: Torkoal\n|-resisted|p2a: Torkoal\n|-damage|p2a: Torkoal|65\/100\n|-unboost|p1b: Torkoal|spa|2\n|-enditem|p1b: Torkoal|Eject Pack\n|\n|t:|1732483019\n|switch|p1b: Dragonite|Dragonite, L50, F|100\/100\n|move|p2a: Torkoal|Earth Power|p1b: Dragonite\n|-immune|p1b: Dragonite\n|\n|-weather|SunnyDay|[upkeep]\n|upkeep\n|\n|t:|1732483025\n|switch|p2b: Sylveon|Sylveon, L50, F|100\/100\n|turn|3\n|\n|t:|1732483034\n|switch|p1a: Torkoal|Torkoal, L50, F|100\/100\n|-terastallize|p2b: Sylveon|Fairy\n|move|p1b: Dragonite|Protect|p1b: Dragonite\n|-singleturn|p1b: Dragonite|Protect\n|move|p2b: Sylveon|Hyper Voice|p1b: Dragonite|[spread] p1a\n|-activate|p1b: Dragonite|move: Protect\n|-resisted|p1a: Torkoal\n|-damage|p1a: Torkoal|45\/100\n|move|p2a: Torkoal|Heat Wave|p1a: Torkoal|[spread] p1a\n|-activate|p1b: Dragonite|move: Protect\n|-resisted|p1a: Torkoal\n|-damage|p1a: Torkoal|13\/100\n|\n|-weather|SunnyDay|[upkeep]\n|upkeep\n|turn|4\n|j| Tolde\n|\n|t:|1732483047\n|move|p1a: Torkoal|Helping Hand|p1b: Dragonite\n|-singleturn|p1b: Dragonite|Helping Hand|[of] p1a: Torkoal\n|move|p1b: Dragonite|Scale Shot|p2a: Torkoal\n|-damage|p2a: Torkoal|47\/100\n|-damage|p2a: Torkoal|30\/100\n|-damage|p2a: Torkoal|14\/100\n|-damage|p2a: Torkoal|0 fnt\n|faint|p2a: Torkoal\n|-hitcount|p2: Torkoal|4\n|-unboost|p1b: Dragonite|def|1\n|-boost|p1b: Dragonite|spe|1\n|move|p2b: Sylveon|Hyper Voice|p1a: Torkoal|[spread] p1a,p1b\n|-resisted|p1a: Torkoal\n|-supereffective|p1b: Dragonite\n|-crit|p1b: Dragonite\n|-damage|p1a: Torkoal|0 fnt\n|-damage|p1b: Dragonite|0 fnt\n|faint|p1a: Torkoal\n|faint|p1b: Dragonite\n|\n|-weather|SunnyDay|[upkeep]\n|upkeep\n|\n|t:|1732483055\n|switch|p1b: Kingambit|Kingambit, L50, F|100\/100\n|switch|p1a: Typhlosion|Typhlosion-Hisui, L50, F, tera:Fire|12\/100\n|turn|5\n|\n|t:|1732483063\n|move|p1a: Typhlosion|Shadow Ball|p2b: Sylveon\n|-damage|p2b: Sylveon|51\/100\n|move|p1b: Kingambit|Iron Head|p2b: Sylveon\n|-supereffective|p2b: Sylveon\n|-damage|p2b: Sylveon|0 fnt\n|faint|p2b: Sylveon\n|\n|win|reg g rock\n|raw|reg g rock's rating: 1696 &rarr; <strong>1715<\/strong><br \/>(+19 for winning)\n|raw|PirateRoberts77's rating: 1681 &rarr; <strong>1662<\/strong><br \/>(-19 for losing)\n|l|\u2606PirateRoberts77\n|player|p2|\n|l| Tolde\n|l|\u2606reg g rock\n|player|p1|\n","uploadtime":1732483330,"views":7,"formatid":"gen9vgc2024regh","rating":1662,"private":0,"password":null}