{"id":"gen9vgc2024regh-2250467126","format":"[Gen 9] VGC 2024 Reg H","players":["davistar11","TheDecommissioner"],"log":"|j|\u2606davistar11\n|j|\u2606TheDecommissioner\n|t:|1732497719\n|gametype|doubles\n|player|p1|davistar11|unknown|1681\n|player|p2|TheDecommissioner|preschooler|1744\n|teamsize|p1|6\n|teamsize|p2|6\n|gen|9\n|tier|[Gen 9] VGC 2024 Reg H\n|rated|\n|rule|Species Clause: Limit one of each Pok\u00e9mon\n|rule|Item Clause: Limit 1 of each item\n|clearpoke\n|poke|p1|Quaquaval, L50, M|\n|poke|p1|Amoonguss, L50, F|\n|poke|p1|Kingambit, L50, M|\n|poke|p1|Maushold, L50|\n|poke|p1|Archaludon, L50, M|\n|poke|p1|Pelipper, L50, M|\n|poke|p2|Indeedee-F, L50, F|\n|poke|p2|Torkoal, L50, M|\n|poke|p2|Kleavor, L50, M|\n|poke|p2|Lilligant-Hisui, L50, F|\n|poke|p2|Archaludon, L50, F|\n|poke|p2|Corviknight, L50, M|\n|teampreview|4\n|inactive|Battle timer is ON: inactive players will automatically lose when time's up. (requested by TheDecommissioner)\n|j| cuphead_veteran\n|l| cuphead_veteran\n|\n|t:|1732497743\n|start\n|switch|p1a: Kingambit|Kingambit, L50, M|100\/100\n|switch|p1b: Maushold|Maushold, L50, shiny|100\/100\n|switch|p2a: Lilligant|Lilligant-Hisui, L50, F|100\/100\n|switch|p2b: Torkoal|Torkoal, L50, M|100\/100\n|-weather|SunnyDay|[from] ability: Drought|[of] p2b: Torkoal\n|turn|1\n|\n|t:|1732497757\n|switch|p1a: Pelipper|Pelipper, L50, M|100\/100\n|-weather|RainDance|[from] ability: Drizzle|[of] p1a: Pelipper\n|switch|p2b: Archaludon|Archaludon, L50, F|100\/100\n|-terastallize|p2a: Lilligant|Ghost\n|move|p1b: Maushold|Population Bomb|p2a: Lilligant\n|-immune|p2a: Lilligant\n|move|p2a: Lilligant|Bullet Seed|p2b: Archaludon\n|-resisted|p2b: Archaludon\n|-damage|p2b: Archaludon|98\/100\n|-ability|p2b: Archaludon|Stamina|boost\n|-boost|p2b: Archaludon|def|1\n|-resisted|p2b: Archaludon\n|-damage|p2b: Archaludon|97\/100\n|-ability|p2b: Archaludon|Stamina|boost\n|-boost|p2b: Archaludon|def|1\n|-hitcount|p2b: Archaludon|2\n|\n|-weather|RainDance|[upkeep]\n|upkeep\n|turn|2\n|inactive|davistar11 has 30 seconds left.\n|\n|t:|1732497784\n|move|p1b: Maushold|Protect|p1b: Maushold\n|-singleturn|p1b: Maushold|Protect\n|move|p1a: Pelipper|Weather Ball|p2a: Lilligant\n|-damage|p2a: Lilligant|4\/100\n|move|p2a: Lilligant|Sleep Powder|p1a: Pelipper\n|-status|p1a: Pelipper|slp|[from] move: Sleep Powder\n|move|p2b: Archaludon|Electro Shot||[still]\n|-prepare|p2b: Archaludon|Electro Shot\n|-boost|p2b: Archaludon|spa|1\n|-anim|p2b: Archaludon|Electro Shot|p1b: Maushold\n|-activate|p1b: Maushold|move: Protect\n|\n|-weather|RainDance|[upkeep]\n|upkeep\n|turn|3\n|inactive|davistar11 has 30 seconds left.\n|inactive|TheDecommissioner has 30 seconds left.\n|inactive|davistar11 has 20 seconds left.\n|inactive|davistar11 has 15 seconds left.\n|inactive|davistar11 has 10 seconds left.\n|\n|t:|1732497831\n|switch|p1b: Archaludon|Archaludon, L50, M|100\/100\n|cant|p1a: Pelipper|slp\n|move|p2a: Lilligant|Axe Kick|p1b: Archaludon\n|-supereffective|p1b: Archaludon\n|-damage|p1b: Archaludon|7\/100\n|move|p2b: Archaludon|Electro Shot||[still]\n|-prepare|p2b: Archaludon|Electro Shot\n|-boost|p2b: Archaludon|spa|1\n|-anim|p2b: Archaludon|Electro Shot|p1a: Pelipper\n|-supereffective|p1a: Pelipper\n|-damage|p1a: Pelipper|0 fnt\n|faint|p1a: Pelipper\n|\n|-weather|RainDance|[upkeep]\n|upkeep\n|\n|t:|1732497846\n|switch|p1a: Maushold|Maushold, L50, shiny|100\/100\n|turn|4\n|\n|t:|1732497862\n|-terastallize|p1a: Maushold|Ghost\n|move|p1a: Maushold|Follow Me|p1a: Maushold\n|-singleturn|p1a: Maushold|move: Follow Me\n|move|p2a: Lilligant|Sleep Powder|p1a: Maushold|[miss]\n|-miss|p2a: Lilligant|p1a: Maushold\n|move|p1b: Archaludon|Electro Shot||[still]\n|-prepare|p1b: Archaludon|Electro Shot\n|-boost|p1b: Archaludon|spa|1\n|-anim|p1b: Archaludon|Electro Shot|p2a: Lilligant\n|-damage|p2a: Lilligant|0 fnt\n|faint|p2a: Lilligant\n|move|p2b: Archaludon|Electro Shot||[still]\n|-prepare|p2b: Archaludon|Electro Shot\n|-boost|p2b: Archaludon|spa|1\n|-anim|p2b: Archaludon|Electro Shot|p1a: Maushold\n|-damage|p1a: Maushold|0 fnt\n|faint|p1a: Maushold\n|\n|-weather|RainDance|[upkeep]\n|upkeep\n|\n|t:|1732497877\n|switch|p1a: Kingambit|Kingambit, L50, M|100\/100\n|switch|p2a: Indeedee|Indeedee-F, L50, F|100\/100\n|-fieldstart|move: Psychic Terrain|[from] ability: Psychic Surge|[of] p2a: Indeedee\n|-enditem|p2a: Indeedee|Psychic Seed\n|-boost|p2a: Indeedee|spd|1|[from] item: Psychic Seed\n|turn|5\n|\n|t:|1732497889\n|switch|p2a: Torkoal|Torkoal, L50, M|100\/100\n|-weather|SunnyDay|[from] ability: Drought|[of] p2a: Torkoal\n|move|p1b: Archaludon|Aura Sphere|p2b: Archaludon\n|-supereffective|p2b: Archaludon\n|-damage|p2b: Archaludon|40\/100\n|-ability|p2b: Archaludon|Stamina|boost\n|-boost|p2b: Archaludon|def|1\n|move|p2b: Archaludon|Body Press|p1a: Kingambit\n|-supereffective|p1a: Kingambit\n|-damage|p1a: Kingambit|0 fnt\n|faint|p1a: Kingambit\n|\n|-weather|SunnyDay|[upkeep]\n|upkeep\n|turn|6\n|\n|t:|1732497901\n|move|p1b: Archaludon|Aura Sphere|p2b: Archaludon\n|-supereffective|p2b: Archaludon\n|-damage|p2b: Archaludon|0 fnt\n|faint|p2b: Archaludon\n|move|p2a: Torkoal|Eruption|p1b: Archaludon\n|-damage|p1b: Archaludon|0 fnt\n|faint|p1b: Archaludon\n|\n|win|TheDecommissioner\n|raw|davistar11's rating: 1681 &rarr; <strong>1665<\/strong><br \/>(-16 for losing)\n|raw|TheDecommissioner's rating: 1744 &rarr; <strong>1760<\/strong><br \/>(+16 for winning)\n|l|\u2606davistar11\n|player|p1|\n|c|\u2606TheDecommissioner|gg\n|l|\u2606TheDecommissioner\n|player|p2|\n","uploadtime":1732498123,"views":5,"formatid":"gen9vgc2024regh","rating":1665,"private":0,"password":null}