{"id":"gen9vgc2024regh-2250587687","format":"[Gen 9] VGC 2024 Reg H","players":["Spottedwoot","judang"],"log":"|j|\u2606Spottedwoot\n|j|\u2606judang\n|t:|1732515373\n|gametype|doubles\n|player|p1|Spottedwoot|101|1742\n|player|p2|judang|ruinmaniac|1686\n|teamsize|p1|6\n|teamsize|p2|6\n|gen|9\n|tier|[Gen 9] VGC 2024 Reg H\n|rated|\n|rule|Species Clause: Limit one of each Pok\u00e9mon\n|rule|Item Clause: Limit 1 of each item\n|clearpoke\n|poke|p1|Pelipper, L50, F|\n|poke|p1|Archaludon, L50, F|\n|poke|p1|Gholdengo, L50|\n|poke|p1|Basculegion, L50, M|\n|poke|p1|Rillaboom, L50, F|\n|poke|p1|Sneasler, L50, F|\n|poke|p2|Sinistcha-Masterpiece, L50|\n|poke|p2|Incineroar, L50, M|\n|poke|p2|Araquanid, L50, F|\n|poke|p2|Electabuzz, L50, F|\n|poke|p2|Farigiraf, L50, F|\n|poke|p2|Kommo-o, L50, M|\n|teampreview|4\n|\n|t:|1732515394\n|start\n|switch|p1a: Gholdengo|Gholdengo, L50|100\/100\n|switch|p1b: Pelipper|Pelipper, L50, F|100\/100\n|switch|p2a: Electabuzz|Electabuzz, L50, F|100\/100\n|switch|p2b: Kommo-o|Kommo-o, L50, M|100\/100\n|-weather|RainDance|[from] ability: Drizzle|[of] p1b: Pelipper\n|turn|1\n|j| Maya Hoppins\n|\n|t:|1732515439\n|move|p1b: Pelipper|Icy Wind|p2b: Kommo-o|[spread] p2a,p2b\n|-supereffective|p2b: Kommo-o\n|-damage|p2a: Electabuzz|92\/100\n|-damage|p2b: Kommo-o|77\/100\n|-unboost|p2a: Electabuzz|spe|1\n|-unboost|p2b: Kommo-o|spe|1\n|move|p1a: Gholdengo|Make It Rain|p2a: Electabuzz|[spread] p2a,p2b\n|-resisted|p2a: Electabuzz\n|-damage|p2a: Electabuzz|70\/100\n|-damage|p2b: Kommo-o|12\/100\n|-unboost|p1a: Gholdengo|spa|1\n|-damage|p1a: Gholdengo|90\/100|[from] item: Life Orb\n|move|p2b: Kommo-o|Clangorous Soul||[still]\n|-fail|p2b: Kommo-o\n|move|p2a: Electabuzz|Volt Switch|p1b: Pelipper\n|-supereffective|p1b: Pelipper\n|-damage|p1b: Pelipper|0 fnt\n|faint|p1b: Pelipper\n|\n|t:|1732515444\n|switch|p2a: Sinistcha|Sinistcha-Masterpiece, L50|100\/100|[from] Volt Switch\n|-heal|p2b: Kommo-o|37\/100|[from] ability: Hospitality|[of] p2a: Sinistcha\n|\n|-weather|RainDance|[upkeep]\n|upkeep\n|\n|t:|1732515452\n|switch|p1b: Basculegion|Basculegion, L50, M|100\/100\n|turn|2\n|\n|t:|1732515465\n|move|p2a: Sinistcha|Protect|p2a: Sinistcha\n|-singleturn|p2a: Sinistcha|Protect\n|move|p1b: Basculegion|Last Respects|p2a: Sinistcha\n|-activate|p2a: Sinistcha|move: Protect\n|move|p1a: Gholdengo|Nasty Plot|p1a: Gholdengo\n|-boost|p1a: Gholdengo|spa|2\n|move|p2b: Kommo-o|Clanging Scales|p1b: Basculegion|[spread] p1a,p1b\n|-resisted|p1a: Gholdengo\n|-damage|p1a: Gholdengo|74\/100\n|-damage|p1b: Basculegion|57\/100\n|-unboost|p2b: Kommo-o|def|1\n|-enditem|p2b: Kommo-o|Throat Spray\n|-boost|p2b: Kommo-o|spa|1|[from] item: Throat Spray\n|\n|-weather|RainDance|[upkeep]\n|upkeep\n|turn|3\n|\n|t:|1732515493\n|switch|p2a: Incineroar|Incineroar, L50, M|100\/100\n|-ability|p2a: Incineroar|Intimidate|boost\n|-unboost|p1a: Gholdengo|atk|1\n|-unboost|p1b: Basculegion|atk|1\n|move|p1b: Basculegion|Last Respects|p2a: Incineroar\n|-resisted|p2a: Incineroar\n|-damage|p2a: Incineroar|78\/100\n|move|p1a: Gholdengo|Make It Rain|p2b: Kommo-o|[spread] p2a,p2b\n|-resisted|p2a: Incineroar\n|-damage|p2a: Incineroar|47\/100\n|-damage|p2b: Kommo-o|0 fnt\n|-unboost|p1a: Gholdengo|spa|1\n|-enditem|p2a: Incineroar|Sitrus Berry|[eat]\n|-heal|p2a: Incineroar|71\/100|[from] item: Sitrus Berry\n|faint|p2b: Kommo-o\n|-damage|p1a: Gholdengo|64\/100|[from] item: Life Orb\n|\n|-weather|RainDance|[upkeep]\n|upkeep\n|\n|t:|1732515513\n|switch|p2b: Electabuzz|Electabuzz, L50, F|70\/100\n|turn|4\n|\n|t:|1732515523\n|switch|p1b: Archaludon|Archaludon, L50, F, shiny|100\/100\n|move|p1a: Gholdengo|Protect|p1a: Gholdengo\n|-singleturn|p1a: Gholdengo|Protect\n|move|p2b: Electabuzz|Follow Me|p2b: Electabuzz\n|-singleturn|p2b: Electabuzz|move: Follow Me\n|move|p2a: Incineroar|Knock Off|p1a: Gholdengo\n|-activate|p1a: Gholdengo|move: Protect\n|\n|-weather|RainDance|[upkeep]\n|upkeep\n|turn|5\n|\n|t:|1732515536\n|switch|p2b: Sinistcha|Sinistcha-Masterpiece, L50|100\/100\n|-heal|p2a: Incineroar|96\/100|[from] ability: Hospitality|[of] p2b: Sinistcha\n|move|p1a: Gholdengo|Shadow Ball|p2b: Sinistcha\n|-supereffective|p2b: Sinistcha\n|-damage|p2b: Sinistcha|4\/100\n|-enditem|p2b: Sinistcha|Eject Button\n|-damage|p1a: Gholdengo|54\/100|[from] item: Life Orb\n|\n|t:|1732515545\n|switch|p2b: Electabuzz|Electabuzz, L50, F|70\/100\n|move|p1b: Archaludon|Electro Shot||[still]\n|-prepare|p1b: Archaludon|Electro Shot\n|-boost|p1b: Archaludon|spa|1\n|-anim|p1b: Archaludon|Electro Shot|p2a: Incineroar\n|-damage|p2a: Incineroar|49\/100\n|move|p2a: Incineroar|Knock Off|p1a: Gholdengo\n|-supereffective|p1a: Gholdengo\n|-damage|p1a: Gholdengo|0 fnt\n|-enditem|p1a: Gholdengo|Life Orb|[from] move: Knock Off|[of] p2a: Incineroar\n|faint|p1a: Gholdengo\n|\n|-weather|none\n|upkeep\n|\n|t:|1732515554\n|switch|p1a: Basculegion|Basculegion, L50, M|57\/100\n|turn|6\n|\n|t:|1732515582\n|switch|p2a: Sinistcha|Sinistcha-Masterpiece, L50|4\/100\n|-heal|p2b: Electabuzz|95\/100|[from] ability: Hospitality|[of] p2a: Sinistcha\n|-terastallize|p1a: Basculegion|Ghost\n|move|p2b: Electabuzz|Protect|p2b: Electabuzz\n|-singleturn|p2b: Electabuzz|Protect\n|move|p1a: Basculegion|Last Respects|p2b: Electabuzz\n|-activate|p2b: Electabuzz|move: Protect\n|move|p1b: Archaludon|Body Press|p2a: Sinistcha\n|-immune|p2a: Sinistcha\n|\n|upkeep\n|turn|7\n|inactive|Battle timer is ON: inactive players will automatically lose when time's up. (requested by Spottedwoot)\n|inactive|judang has 60 seconds left.\n|\n|t:|1732515670\n|switch|p2a: Incineroar|Incineroar, L50, M|49\/100\n|-ability|p2a: Incineroar|Intimidate|boost\n|-unboost|p1a: Basculegion|atk|1\n|-unboost|p1b: Archaludon|atk|1\n|move|p1a: Basculegion|Last Respects|p2b: Electabuzz\n|-damage|p2b: Electabuzz|20\/100\n|move|p2b: Electabuzz|Volt Switch|p1a: Basculegion\n|-damage|p1a: Basculegion|29\/100\n|\n|t:|1732515680\n|switch|p2b: Sinistcha|Sinistcha-Masterpiece, L50|4\/100|[from] Volt Switch\n|-heal|p2a: Incineroar|73\/100|[from] ability: Hospitality|[of] p2b: Sinistcha\n|move|p1b: Archaludon|Flash Cannon|p2a: Incineroar\n|-resisted|p2a: Incineroar\n|-damage|p2a: Incineroar|52\/100\n|\n|upkeep\n|turn|8\n|inactive|judang has 30 seconds left.\n|inactive|judang has 20 seconds left.\n|inactive|judang has 15 seconds left.\n|-message|judang forfeited.\n|\n|win|Spottedwoot\n|raw|Spottedwoot's rating: 1742 &rarr; <strong>1759<\/strong><br \/>(+17 for winning)\n|raw|judang's rating: 1686 &rarr; <strong>1669<\/strong><br \/>(-17 for losing)\n|l|\u2606judang\n|player|p2|\n|j| SpookyScaryDirge\n|l|\u2606Spottedwoot\n|player|p1|\n|l| SpookyScaryDirge\n","uploadtime":1732515723,"views":116,"formatid":"gen9vgc2024regh","rating":1669,"private":0,"password":null}