{"id":"gen9vgc2024regh-2250310633","format":"[Gen 9] VGC 2024 Reg H","players":["actuary97","SHIDMONBADGAME"],"log":"|j|\u2606actuary97\n|j|\u2606SHIDMONBADGAME\n|t:|1732478831\n|gametype|doubles\n|player|p1|actuary97|sabrina-frlg|1732\n|player|p2|SHIDMONBADGAME|policeman-gen4|1756\n|teamsize|p1|6\n|teamsize|p2|6\n|gen|9\n|tier|[Gen 9] VGC 2024 Reg H\n|rated|\n|rule|Species Clause: Limit one of each Pok\u00e9mon\n|rule|Item Clause: Limit 1 of each item\n|clearpoke\n|poke|p1|Whimsicott, L50, F|\n|poke|p1|Gallade, L50, M|\n|poke|p1|Archaludon, L50, F|\n|poke|p1|Malamar, L50, F|\n|poke|p1|Indeedee, L50, M|\n|poke|p1|Drifblim, L50, M|\n|poke|p2|Murkrow, L50, M|\n|poke|p2|Gholdengo, L50|\n|poke|p2|Pawmot, L50, M|\n|poke|p2|Kommo-o, L50, M|\n|poke|p2|Basculegion, L50, M|\n|poke|p2|Farigiraf, L50, M|\n|teampreview|4\n|inactive|Battle timer is ON: inactive players will automatically lose when time's up. (requested by SHIDMONBADGAME)\n|c|\u2606actuary97|cool team\nactuary97 has agreed to open team sheets.\n|inactive|actuary97 has 60 seconds left.\n|\n|t:|1732478871\n|start\n|switch|p1a: Mischief Mother|Whimsicott, L50, F, shiny|100\/100\n|switch|p1b: Tapu Deedee|Indeedee, L50, M, shiny|100\/100\n|switch|p2a: Luis Carruthers|Murkrow, L50, M, shiny|100\/100\n|switch|p2b: Gholdengo|Gholdengo, L50|100\/100\n|-fieldstart|move: Psychic Terrain|[from] ability: Psychic Surge|[of] p1b: Tapu Deedee\n|turn|1\n|\n|t:|1732478882\n|-terastallize|p1b: Tapu Deedee|Fire\n|move|p1a: Mischief Mother|Moonblast|p2a: Luis Carruthers\n|-supereffective|p2a: Luis Carruthers\n|-damage|p2a: Luis Carruthers|32\/100\n|move|p2b: Gholdengo|Make It Rain|p1a: Mischief Mother|[spread] p1a,p1b\n|-supereffective|p1a: Mischief Mother\n|-resisted|p1b: Tapu Deedee\n|-enditem|p1a: Mischief Mother|Focus Sash\n|-damage|p1a: Mischief Mother|1\/100\n|-damage|p1b: Tapu Deedee|48\/100\n|-unboost|p2b: Gholdengo|spa|1\n|move|p1b: Tapu Deedee|Tera Blast|p2b: Gholdengo|[anim] Tera Blast Fire\n|-supereffective|p2b: Gholdengo\n|-damage|p2b: Gholdengo|0 fnt\n|faint|p2b: Gholdengo\n|move|p2a: Luis Carruthers|Brave Bird|p1b: Tapu Deedee\n|-damage|p1b: Tapu Deedee|0 fnt\n|faint|p1b: Tapu Deedee\n|-damage|p2a: Luis Carruthers|20\/100|[from] Recoil\n|\n|upkeep\n|inactive|actuary97 has 30 seconds left.\n|inactive|SHIDMONBADGAME has 30 seconds left.\n|\n|t:|1732478914\n|switch|p2b: Pawmot|Pawmot, L50, M|100\/100\n|switch|p1b: Bridget|Archaludon, L50, F, shiny|100\/100\n|turn|2\n|\n|t:|1732478941\n|move|p2a: Luis Carruthers|Tailwind|p2a: Luis Carruthers\n|-sidestart|p2: SHIDMONBADGAME|move: Tailwind\n|move|p2b: Pawmot|Double Shock|p1a: Mischief Mother\n|-resisted|p1a: Mischief Mother\n|-damage|p1a: Mischief Mother|0 fnt\n|-start|p2b: Pawmot|typechange|???\/Fighting|[from] move: Double Shock\n|faint|p1a: Mischief Mother\n|move|p1b: Bridget|Body Press|p2a: Luis Carruthers\n|-damage|p2a: Luis Carruthers|0 fnt\n|faint|p2a: Luis Carruthers\n|\n|upkeep\n|\n|t:|1732478946\n|switch|p1a: Malamother|Malamar, L50, F|100\/100\n|switch|p2a: Basculegion|Basculegion, L50, M|100\/100\n|turn|3\n|inactive|SHIDMONBADGAME has 30 seconds left.\n|\n|t:|1732478975\n|-terastallize|p2a: Basculegion|Grass\n|move|p2a: Basculegion|Wave Crash|p1a: Malamother\n|-damage|p1a: Malamother|43\/100\n|-enditem|p1a: Malamother|Sitrus Berry|[eat]\n|-heal|p1a: Malamother|68\/100|[from] item: Sitrus Berry\n|-damage|p2a: Basculegion|82\/100|[from] Recoil\n|move|p2b: Pawmot|Close Combat|p1a: Malamother\n|-damage|p1a: Malamother|13\/100\n|-unboost|p2b: Pawmot|def|1\n|-unboost|p2b: Pawmot|spd|1\n|move|p1b: Bridget|Electro Shot||[still]\n|-prepare|p1b: Bridget|Electro Shot\n|-boost|p1b: Bridget|spa|1\n|move|p1a: Malamother|Trick Room|p1a: Malamother\n|-fieldstart|move: Trick Room|[of] p1a: Malamother\n|\n|upkeep\n|turn|4\n|c|\u2606SHIDMONBADGAME|holy bulk\n|\n|t:|1732478997\n|move|p1a: Malamother|Superpower|p2a: Basculegion\n|-damage|p2a: Basculegion|44\/100\n|-boost|p1a: Malamother|atk|1\n|-boost|p1a: Malamother|def|1\n|move|p1b: Bridget|Electro Shot|p2a: Basculegion|[from]lockedmove\n|-resisted|p2a: Basculegion\n|-damage|p2a: Basculegion|12\/100\n|move|p2b: Pawmot|Revival Blessing|p2b: Pawmot\n|\n|t:|1732479006\n|-heal|p2: Gholdengo|50\/100|[from] move: Revival Blessing\n|move|p2a: Basculegion|Wave Crash|p1a: Malamother\n|-damage|p1a: Malamother|0 fnt\n|faint|p1a: Malamother\n|-damage|p2a: Basculegion|8\/100|[from] Recoil\n|\n|upkeep\n|turn|5\n|c|\u2606actuary97|yeah I love bulky malamr\n|\n|t:|1732479021\n|move|p1b: Bridget|Snarl|p2a: Basculegion|[spread] p2a,p2b\n|-resisted|p2b: Pawmot\n|-damage|p2a: Basculegion|0 fnt\n|-damage|p2b: Pawmot|74\/100\n|-unboost|p2b: Pawmot|spa|1\n|faint|p2a: Basculegion\n|move|p2b: Pawmot|Close Combat|p1b: Bridget\n|-supereffective|p1b: Bridget\n|-crit|p1b: Bridget\n|-damage|p1b: Bridget|0 fnt\n|-unboost|p2b: Pawmot|def|1\n|-unboost|p2b: Pawmot|spd|1\n|faint|p1b: Bridget\n|\n|win|SHIDMONBADGAME\n|raw|actuary97's rating: 1732 &rarr; <strong>1713<\/strong><br \/>(-19 for losing)\n|raw|SHIDMONBADGAME's rating: 1756 &rarr; <strong>1775<\/strong><br \/>(+19 for winning)\n|c|\u2606actuary97|ggwp\n|c|\u2606SHIDMONBADGAME|ye\n|l|\u2606SHIDMONBADGAME\n|player|p2|\n","uploadtime":1732479171,"views":7,"formatid":"gen9vgc2024regh","rating":1713,"private":0,"password":null}