{"id":"gen9vgc2024regh-2250060834","format":"[Gen 9] VGC 2024 Reg H","players":["VGCLTH skibidi","redgannetVGC"],"log":"|raw|<div class=\"broadcast-blue\"><strong>This battle is required to be public due to a player having a name starting with 'vgclth'.<\/div>\n|j|\u2606VGCLTH skibidi\n|j|\u2606redgannetVGC\n|t:|1732442845\n|gametype|doubles\n|player|p1|VGCLTH skibidi|piers-masters|1792\n|player|p2|redgannetVGC|1|1684\n|teamsize|p1|6\n|teamsize|p2|6\n|gen|9\n|tier|[Gen 9] VGC 2024 Reg H\n|rated|\n|rule|Species Clause: Limit one of each Pok\u00e9mon\n|rule|Item Clause: Limit 1 of each item\n|clearpoke\n|poke|p1|Whimsicott, L50, F|\n|poke|p1|Gallade, L50, M|\n|poke|p1|Archaludon, L50, F|\n|poke|p1|Malamar, L50, F|\n|poke|p1|Indeedee, L50, M|\n|poke|p1|Drifblim, L50, M|\n|poke|p2|Kommo-o, L50, F|\n|poke|p2|Rillaboom, L50, M|\n|poke|p2|Sneasler, L50, M|\n|poke|p2|Dondozo, L50, F|\n|poke|p2|Electabuzz, L50, M|\n|poke|p2|Gholdengo, L50|\n|teampreview|4\n|inactive|Battle timer is ON: inactive players will automatically lose when time's up. (requested by VGCLTH skibidi)\n|inactive|VGCLTH skibidi has 60 seconds left.\n|inactive|redgannetVGC has 60 seconds left.\n|\n|t:|1732442891\n|start\n|switch|p1a: \ud83c\udf88\ud83d\udc7b\ud83c\udf83\ud83d\udc7b\ud83c\udf83\ud83c\udf88|Drifblim, L50, M|100\/100\n|switch|p1b: Tapu Deedee|Indeedee, L50, M, shiny|100\/100\n|switch|p2a: Sneasler|Sneasler, L50, M|100\/100\n|switch|p2b: Electabuzz|Electabuzz, L50, M|100\/100\n|-fieldstart|move: Psychic Terrain|[from] ability: Psychic Surge|[of] p1b: Tapu Deedee\n|-enditem|p1a: \ud83c\udf88\ud83d\udc7b\ud83c\udf83\ud83d\udc7b\ud83c\udf83\ud83c\udf88|Psychic Seed\n|-boost|p1a: \ud83c\udf88\ud83d\udc7b\ud83c\udf83\ud83d\udc7b\ud83c\udf83\ud83c\udf88|spd|1|[from] item: Psychic Seed\n|turn|1\n|\n|t:|1732442907\n|move|p2a: Sneasler|Protect|p2a: Sneasler\n|-singleturn|p2a: Sneasler|Protect\n|move|p1a: \ud83c\udf88\ud83d\udc7b\ud83c\udf83\ud83d\udc7b\ud83c\udf83\ud83c\udf88|Icy Wind|p2b: Electabuzz|[spread] p2b\n|-activate|p2a: Sneasler|move: Protect\n|-damage|p2b: Electabuzz|94\/100\n|-unboost|p2b: Electabuzz|spe|1\n|move|p1b: Tapu Deedee|Expanding Force|p2a: Sneasler|[spread] p2b\n|-activate|p2a: Sneasler|move: Protect\n|-damage|p2b: Electabuzz|19\/100\n|move|p2b: Electabuzz|Electroweb|p1b: Tapu Deedee|[spread] p1a\n|-miss|p2b: Electabuzz|p1b: Tapu Deedee\n|-supereffective|p1a: \ud83c\udf88\ud83d\udc7b\ud83c\udf83\ud83d\udc7b\ud83c\udf83\ud83c\udf88\n|-damage|p1a: \ud83c\udf88\ud83d\udc7b\ud83c\udf83\ud83d\udc7b\ud83c\udf83\ud83c\udf88|81\/100\n|-unboost|p1a: \ud83c\udf88\ud83d\udc7b\ud83c\udf83\ud83d\udc7b\ud83c\udf83\ud83c\udf88|spe|1\n|\n|upkeep\n|turn|2\n|\n|t:|1732442927\n|switch|p2a: Rillaboom|Rillaboom, L50, M|100\/100\n|-fieldstart|move: Grassy Terrain|[from] ability: Grassy Surge|[of] p2a: Rillaboom\n|switch|p1b: Bridget|Archaludon, L50, F, shiny|100\/100\n|move|p1a: \ud83c\udf88\ud83d\udc7b\ud83c\udf83\ud83d\udc7b\ud83c\udf83\ud83c\udf88|Icy Wind|p2a: Rillaboom|[spread] p2a,p2b\n|-supereffective|p2a: Rillaboom\n|-damage|p2a: Rillaboom|89\/100\n|-damage|p2b: Electabuzz|12\/100\n|-unboost|p2a: Rillaboom|spe|1\n|-unboost|p2b: Electabuzz|spe|1\n|move|p2b: Electabuzz|Electroweb|p1a: \ud83c\udf88\ud83d\udc7b\ud83c\udf83\ud83d\udc7b\ud83c\udf83\ud83c\udf88|[spread] p1a,p1b\n|-supereffective|p1a: \ud83c\udf88\ud83d\udc7b\ud83c\udf83\ud83d\udc7b\ud83c\udf83\ud83c\udf88\n|-resisted|p1b: Bridget\n|-damage|p1a: \ud83c\udf88\ud83d\udc7b\ud83c\udf83\ud83d\udc7b\ud83c\udf83\ud83c\udf88|62\/100\n|-damage|p1b: Bridget|96\/100\n|-unboost|p1a: \ud83c\udf88\ud83d\udc7b\ud83c\udf83\ud83d\udc7b\ud83c\udf83\ud83c\udf88|spe|1\n|-unboost|p1b: Bridget|spe|1\n|-ability|p1b: Bridget|Stamina|boost\n|-boost|p1b: Bridget|def|1\n|\n|-heal|p2b: Electabuzz|19\/100|[from] Grassy Terrain\n|-heal|p1b: Bridget|100\/100|[from] Grassy Terrain\n|-heal|p2a: Rillaboom|95\/100|[from] Grassy Terrain\n|upkeep\n|turn|3\n|inactive|redgannetVGC has 30 seconds left.\n|\n|t:|1732442953\n|move|p2a: Rillaboom|Fake Out|p1b: Bridget\n|-resisted|p1b: Bridget\n|-damage|p1b: Bridget|97\/100\n|-ability|p1b: Bridget|Stamina|boost\n|-boost|p1b: Bridget|def|1\n|move|p1a: \ud83c\udf88\ud83d\udc7b\ud83c\udf83\ud83d\udc7b\ud83c\udf83\ud83c\udf88|Strength Sap|p2a: Rillaboom\n|-unboost|p2a: Rillaboom|atk|1\n|-heal|p1a: \ud83c\udf88\ud83d\udc7b\ud83c\udf83\ud83d\udc7b\ud83c\udf83\ud83c\udf88|100\/100\n|move|p2b: Electabuzz|Electroweb|p1a: \ud83c\udf88\ud83d\udc7b\ud83c\udf83\ud83d\udc7b\ud83c\udf83\ud83c\udf88|[spread] p1a,p1b\n|-supereffective|p1a: \ud83c\udf88\ud83d\udc7b\ud83c\udf83\ud83d\udc7b\ud83c\udf83\ud83c\udf88\n|-resisted|p1b: Bridget\n|-damage|p1a: \ud83c\udf88\ud83d\udc7b\ud83c\udf83\ud83d\udc7b\ud83c\udf83\ud83c\udf88|82\/100\n|-damage|p1b: Bridget|93\/100\n|-unboost|p1a: \ud83c\udf88\ud83d\udc7b\ud83c\udf83\ud83d\udc7b\ud83c\udf83\ud83c\udf88|spe|1\n|-unboost|p1b: Bridget|spe|1\n|-ability|p1b: Bridget|Stamina|boost\n|-boost|p1b: Bridget|def|1\n|cant|p1b: Bridget|flinch\n|\n|-heal|p2b: Electabuzz|25\/100|[from] Grassy Terrain\n|-heal|p2a: Rillaboom|100\/100|[from] Grassy Terrain\n|-heal|p1b: Bridget|99\/100|[from] Grassy Terrain\n|upkeep\n|turn|4\n|\n|t:|1732442969\n|switch|p2a: Gholdengo|Gholdengo, L50|100\/100\n|move|p2b: Electabuzz|Protect|p2b: Electabuzz\n|-singleturn|p2b: Electabuzz|Protect\n|move|p1a: \ud83c\udf88\ud83d\udc7b\ud83c\udf83\ud83d\udc7b\ud83c\udf83\ud83c\udf88|Will-O-Wisp|p2a: Gholdengo\n|-immune|p2a: Gholdengo|[from] ability: Good as Gold\n|move|p1b: Bridget|Body Press|p2b: Electabuzz\n|-activate|p2b: Electabuzz|move: Protect\n|\n|-heal|p2b: Electabuzz|31\/100|[from] Grassy Terrain\n|-heal|p1b: Bridget|100\/100|[from] Grassy Terrain\n|upkeep\n|turn|5\n|inactive|redgannetVGC has 30 seconds left.\n|\n|t:|1732443000\n|switch|p2b: Sneasler|Sneasler, L50, M|100\/100\n|move|p2a: Gholdengo|Shadow Ball|p1a: \ud83c\udf88\ud83d\udc7b\ud83c\udf83\ud83d\udc7b\ud83c\udf83\ud83c\udf88\n|-supereffective|p1a: \ud83c\udf88\ud83d\udc7b\ud83c\udf83\ud83d\udc7b\ud83c\udf83\ud83c\udf88\n|-damage|p1a: \ud83c\udf88\ud83d\udc7b\ud83c\udf83\ud83d\udc7b\ud83c\udf83\ud83c\udf88|0 fnt\n|faint|p1a: \ud83c\udf88\ud83d\udc7b\ud83c\udf83\ud83d\udc7b\ud83c\udf83\ud83c\udf88\n|move|p1b: Bridget|Snarl|p2a: Gholdengo|[spread] p2a,p2b\n|-supereffective|p2a: Gholdengo\n|-resisted|p2b: Sneasler\n|-damage|p2a: Gholdengo|72\/100\n|-damage|p2b: Sneasler|92\/100\n|-unboost|p2a: Gholdengo|spa|1\n|-unboost|p2b: Sneasler|spa|1\n|\n|-heal|p2b: Sneasler|97\/100|[from] Grassy Terrain\n|-heal|p2a: Gholdengo|78\/100|[from] Grassy Terrain\n|upkeep\n|\n|t:|1732443011\n|switch|p1a: \u2694\ufe0fKing\u2694\ufe0f|Gallade, L50, M, shiny|100\/100\n|turn|6\n|\n|t:|1732443021\n|move|p2b: Sneasler|Dire Claw|p1a: \u2694\ufe0fKing\u2694\ufe0f\n|-damage|p1a: \u2694\ufe0fKing\u2694\ufe0f|25\/100\n|-status|p1a: \u2694\ufe0fKing\u2694\ufe0f|psn|[from] ability: Poison Touch|[of] p2b: Sneasler\n|move|p2a: Gholdengo|Shadow Ball|p1a: \u2694\ufe0fKing\u2694\ufe0f\n|-supereffective|p1a: \u2694\ufe0fKing\u2694\ufe0f\n|-damage|p1a: \u2694\ufe0fKing\u2694\ufe0f|0 fnt\n|faint|p1a: \u2694\ufe0fKing\u2694\ufe0f\n|move|p1b: Bridget|Snarl|p2a: Gholdengo|[spread] p2a,p2b\n|-supereffective|p2a: Gholdengo\n|-resisted|p2b: Sneasler\n|-damage|p2a: Gholdengo|47\/100\n|-damage|p2b: Sneasler|89\/100\n|-unboost|p2a: Gholdengo|spa|1\n|-unboost|p2b: Sneasler|spa|1\n|\n|-heal|p2b: Sneasler|95\/100|[from] Grassy Terrain\n|-heal|p2a: Gholdengo|53\/100|[from] Grassy Terrain\n|-fieldend|move: Grassy Terrain\n|upkeep\n|\n|t:|1732443028\n|switch|p1a: Tapu Deedee|Indeedee, L50, M, shiny|100\/100\n|-fieldstart|move: Psychic Terrain|[from] ability: Psychic Surge|[of] p1a: Tapu Deedee\n|turn|7\n|\n|t:|1732443038\n|switch|p2a: Rillaboom|Rillaboom, L50, M|100\/100\n|-fieldstart|move: Grassy Terrain|[from] ability: Grassy Surge|[of] p2a: Rillaboom\n|move|p2b: Sneasler|Close Combat|p1a: Tapu Deedee\n|-damage|p1a: Tapu Deedee|0 fnt\n|-unboost|p2b: Sneasler|def|1\n|-unboost|p2b: Sneasler|spd|1\n|faint|p1a: Tapu Deedee\n|move|p1b: Bridget|Flash Cannon|p2b: Sneasler\n|-damage|p2b: Sneasler|24\/100\n|\n|-heal|p2b: Sneasler|29\/100|[from] Grassy Terrain\n|upkeep\n|turn|8\n|\n|t:|1732443058\n|move|p2a: Rillaboom|Fake Out|p1b: Bridget\n|-resisted|p1b: Bridget\n|-damage|p1b: Bridget|99\/100\n|-ability|p1b: Bridget|Stamina|boost\n|-boost|p1b: Bridget|def|1\n|move|p2b: Sneasler|Close Combat|p1b: Bridget\n|-supereffective|p1b: Bridget\n|-damage|p1b: Bridget|68\/100\n|-unboost|p2b: Sneasler|def|1\n|-unboost|p2b: Sneasler|spd|1\n|-ability|p1b: Bridget|Stamina|boost\n|-boost|p1b: Bridget|def|1\n|cant|p1b: Bridget|flinch\n|\n|-heal|p2b: Sneasler|35\/100|[from] Grassy Terrain\n|-heal|p1b: Bridget|74\/100|[from] Grassy Terrain\n|upkeep\n|turn|9\n|\n|t:|1732443070\n|-terastallize|p2b: Sneasler|Stellar\n|-terastallize|p1b: Bridget|Grass\n|move|p2b: Sneasler|Close Combat|p1b: Bridget\n|-damage|p1b: Bridget|57\/100\n|-unboost|p2b: Sneasler|def|1\n|-unboost|p2b: Sneasler|spd|1\n|-ability|p1b: Bridget|Stamina|boost\n|-boost|p1b: Bridget|def|1\n|move|p2a: Rillaboom|High Horsepower|p1b: Bridget\n|-resisted|p1b: Bridget\n|-damage|p1b: Bridget|54\/100\n|move|p1b: Bridget|Body Press|p2b: Sneasler\n|-resisted|p2b: Sneasler\n|-damage|p2b: Sneasler|0 fnt\n|faint|p2b: Sneasler\n|\n|-heal|p1b: Bridget|60\/100|[from] Grassy Terrain\n|upkeep\n|\n|t:|1732443077\n|switch|p2b: Gholdengo|Gholdengo, L50|53\/100\n|turn|10\n|\n|t:|1732443094\n|switch|p2a: Electabuzz|Electabuzz, L50, M|31\/100\n|move|p2b: Gholdengo|Make It Rain|p1b: Bridget\n|-damage|p1b: Bridget|0 fnt\n|-unboost|p2b: Gholdengo|spa|1\n|faint|p1b: Bridget\n|\n|win|redgannetVGC\n|raw|VGCLTH skibidi's rating: 1792 &rarr; <strong>1766<\/strong><br \/>(-26 for losing)\n|raw|redgannetVGC's rating: 1684 &rarr; <strong>1710<\/strong><br \/>(+26 for winning)\n|l|\u2606VGCLTH skibidi\n|player|p1|\n|l|\u2606redgannetVGC\n|player|p2|\n","uploadtime":1732443291,"views":21,"formatid":"gen9vgc2024regh","rating":1710,"private":0,"password":null}