{"id":"gen9vgc2024regh-2250055836","format":"[Gen 9] VGC 2024 Reg H","players":["Stuqid Reg H","VGCLTH skibidi"],"log":"|raw|<div class=\"broadcast-blue\"><strong>This battle is required to be public due to a player having a name starting with 'vgclth'.<\/div>\n|j|\u2606Stuqid Reg H\n|j|\u2606VGCLTH skibidi\n|t:|1732441716\n|gametype|doubles\n|player|p1|Stuqid Reg H|steven|1732\n|player|p2|VGCLTH skibidi|piers-masters|1803\n|teamsize|p1|6\n|teamsize|p2|6\n|gen|9\n|tier|[Gen 9] VGC 2024 Reg H\n|rated|\n|rule|Species Clause: Limit one of each Pok\u00e9mon\n|rule|Item Clause: Limit 1 of each item\n|clearpoke\n|poke|p1|Dondozo, L50, F|\n|poke|p1|Tatsugiri, L50, F|\n|poke|p1|Dragonite, L50, F|\n|poke|p1|Annihilape, L50, F|\n|poke|p1|Archaludon, L50, F|\n|poke|p1|Chandelure, L50, F|\n|poke|p2|Whimsicott, L50, F|\n|poke|p2|Gallade, L50, M|\n|poke|p2|Archaludon, L50, F|\n|poke|p2|Malamar, L50, F|\n|poke|p2|Indeedee, L50, M|\n|poke|p2|Drifblim, L50, M|\n|teampreview|4\n|inactive|Battle timer is ON: inactive players will automatically lose when time's up. (requested by VGCLTH skibidi)\n|inactive|Stuqid Reg H has 60 seconds left.\n|inactive|VGCLTH skibidi has 60 seconds left.\n|\n|t:|1732441769\n|start\n|switch|p1a: Dondozo|Dondozo, L50, F, shiny|100\/100\n|switch|p1b: Tatsugiri|Tatsugiri, L50, F|100\/100\n|switch|p2a: \ud83c\udf88\ud83d\udc7b\ud83c\udf83\ud83d\udc7b\ud83c\udf83\ud83c\udf88|Drifblim, L50, M|100\/100\n|switch|p2b: Tapu Deedee|Indeedee, L50, M, shiny|100\/100\n|-activate|p1b: Tatsugiri|ability: Commander|[of] p1a: Dondozo\n|-boost|p1a: Dondozo|atk|2\n|-boost|p1a: Dondozo|spa|2\n|-boost|p1a: Dondozo|spe|2\n|-boost|p1a: Dondozo|def|2\n|-boost|p1a: Dondozo|spd|2\n|-fieldstart|move: Psychic Terrain|[from] ability: Psychic Surge|[of] p2b: Tapu Deedee\n|-enditem|p2a: \ud83c\udf88\ud83d\udc7b\ud83c\udf83\ud83d\udc7b\ud83c\udf83\ud83c\udf88|Psychic Seed\n|-boost|p2a: \ud83c\udf88\ud83d\udc7b\ud83c\udf83\ud83d\udc7b\ud83c\udf83\ud83c\udf88|spd|1|[from] item: Psychic Seed\n|turn|1\n|c|\u2606Stuqid Reg H|gg\n|inactive|VGCLTH skibidi has 30 seconds left.\n|c|\u2606Stuqid Reg H|im lose\n|inactive|VGCLTH skibidi has 20 seconds left.\n|inactive|VGCLTH skibidi has 15 seconds left.\n|\n|t:|1732441812\n|switch|p2b: Malamother|Malamar, L50, F|100\/100\n|move|p2a: \ud83c\udf88\ud83d\udc7b\ud83c\udf83\ud83d\udc7b\ud83c\udf83\ud83c\udf88|Will-O-Wisp|p1a: Dondozo\n|-status|p1a: Dondozo|brn\n|move|p1a: Dondozo|Rock Slide|p2b: Malamother|[spread] p2a,p2b\n|-supereffective|p2a: \ud83c\udf88\ud83d\udc7b\ud83c\udf83\ud83d\udc7b\ud83c\udf83\ud83c\udf88\n|-damage|p2a: \ud83c\udf88\ud83d\udc7b\ud83c\udf83\ud83d\udc7b\ud83c\udf83\ud83c\udf88|58\/100\n|-damage|p2b: Malamother|77\/100\n|-damage|p1a: Dondozo|91\/100 brn|[from] item: Life Orb\n|\n|-damage|p1a: Dondozo|85\/100 brn|[from] brn\n|upkeep\n|turn|2\n|\n|t:|1732441822\n|move|p2a: \ud83c\udf88\ud83d\udc7b\ud83c\udf83\ud83d\udc7b\ud83c\udf83\ud83c\udf88|Strength Sap|p2b: Malamother\n|-boost|p2b: Malamother|atk|1\n|-heal|p2a: \ud83c\udf88\ud83d\udc7b\ud83c\udf83\ud83d\udc7b\ud83c\udf83\ud83c\udf88|100\/100\n|move|p1a: Dondozo|Rock Slide|p2b: Malamother|[spread] p2a,p2b\n|-supereffective|p2a: \ud83c\udf88\ud83d\udc7b\ud83c\udf83\ud83d\udc7b\ud83c\udf83\ud83c\udf88\n|-damage|p2a: \ud83c\udf88\ud83d\udc7b\ud83c\udf83\ud83d\udc7b\ud83c\udf83\ud83c\udf88|52\/100\n|-damage|p2b: Malamother|56\/100\n|-damage|p1a: Dondozo|75\/100 brn|[from] item: Life Orb\n|cant|p2b: Malamother|flinch\n|\n|-damage|p1a: Dondozo|69\/100 brn|[from] brn\n|upkeep\n|turn|3\n|j| wizzpoower\n|\n|t:|1732441836\n|move|p2a: \ud83c\udf88\ud83d\udc7b\ud83c\udf83\ud83d\udc7b\ud83c\udf83\ud83c\udf88|Strength Sap|p1a: Dondozo\n|-unboost|p1a: Dondozo|atk|1\n|-heal|p2a: \ud83c\udf88\ud83d\udc7b\ud83c\udf83\ud83d\udc7b\ud83c\udf83\ud83c\udf88|100\/100\n|move|p1a: Dondozo|Wave Crash|p2b: Malamother\n|-damage|p2b: Malamother|3\/100\n|-enditem|p2b: Malamother|Sitrus Berry|[eat]\n|-heal|p2b: Malamother|28\/100|[from] item: Sitrus Berry\n|-damage|p1a: Dondozo|54\/100 brn|[from] Recoil\n|-damage|p1a: Dondozo|44\/100 brn|[from] item: Life Orb\n|move|p2b: Malamother|Topsy-Turvy|p1a: Dondozo\n|-invertboost|p1a: Dondozo|[from] move: Topsy-Turvy\n|\n|-damage|p1a: Dondozo|38\/100 brn|[from] brn\n|upkeep\n|turn|4\n|j| ProssettiVGC\n|inactive|Stuqid Reg H has 30 seconds left.\n|\n|t:|1732441862\n|move|p2a: \ud83c\udf88\ud83d\udc7b\ud83c\udf83\ud83d\udc7b\ud83c\udf83\ud83c\udf88|Air Slash|p1a: Dondozo\n|-damage|p1a: Dondozo|0 fnt\n|faint|p1a: Dondozo\n|move|p2b: Malamother|Superpower|p1b: Tatsugiri\n|-damage|p1b: Tatsugiri|21\/100\n|-boost|p2b: Malamother|atk|1\n|-boost|p2b: Malamother|def|1\n|\n|upkeep\n|\n|t:|1732441872\n|switch|p1a: Annihilape|Annihilape, L50, F|100\/100\n|turn|5\n|\n|t:|1732441888\n|-terastallize|p1b: Tatsugiri|Steel\n|move|p2a: \ud83c\udf88\ud83d\udc7b\ud83c\udf83\ud83d\udc7b\ud83c\udf83\ud83c\udf88|Air Slash|p1b: Tatsugiri\n|-resisted|p1b: Tatsugiri\n|-damage|p1b: Tatsugiri|7\/100\n|move|p1b: Tatsugiri|Muddy Water|p2b: Malamother|[spread] p2a,p2b\n|-damage|p2a: \ud83c\udf88\ud83d\udc7b\ud83c\udf83\ud83d\udc7b\ud83c\udf83\ud83c\udf88|77\/100\n|-damage|p2b: Malamother|0 fnt\n|faint|p2b: Malamother\n|move|p1a: Annihilape|Rage Fist|p2a: \ud83c\udf88\ud83d\udc7b\ud83c\udf83\ud83d\udc7b\ud83c\udf83\ud83c\udf88\n|-supereffective|p2a: \ud83c\udf88\ud83d\udc7b\ud83c\udf83\ud83d\udc7b\ud83c\udf83\ud83c\udf88\n|-damage|p2a: \ud83c\udf88\ud83d\udc7b\ud83c\udf83\ud83d\udc7b\ud83c\udf83\ud83c\udf88|31\/100\n|\n|-fieldend|move: Psychic Terrain\n|upkeep\n|\n|t:|1732441896\n|switch|p2b: Tapu Deedee|Indeedee, L50, M, shiny|100\/100\n|-fieldstart|move: Psychic Terrain|[from] ability: Psychic Surge|[of] p2b: Tapu Deedee\n|turn|6\n|\n|t:|1732441902\n|switch|p1a: Dragonite|Dragonite, L50, F|100\/100\n|move|p2a: \ud83c\udf88\ud83d\udc7b\ud83c\udf83\ud83d\udc7b\ud83c\udf83\ud83c\udf88|Icy Wind|p1b: Tatsugiri|[spread] p1a,p1b\n|-supereffective|p1a: Dragonite\n|-resisted|p1b: Tatsugiri\n|-damage|p1a: Dragonite|89\/100\n|-damage|p1b: Tatsugiri|1\/100\n|-unboost|p1a: Dragonite|spe|1\n|-unboost|p1b: Tatsugiri|spe|1\n|move|p2b: Tapu Deedee|Expanding Force|p1a: Dragonite|[spread] p1a,p1b\n|-resisted|p1b: Tatsugiri\n|-damage|p1a: Dragonite|39\/100\n|-damage|p1b: Tatsugiri|0 fnt\n|faint|p1b: Tatsugiri\n|\n|upkeep\n|\n|t:|1732441906\n|switch|p1b: Annihilape|Annihilape, L50, F|100\/100\n|turn|7\n|-message|Stuqid Reg H forfeited.\n|\n|win|VGCLTH skibidi\n|raw|Stuqid Reg H's rating: 1732 &rarr; <strong>1716<\/strong><br \/>(-16 for losing)\n|raw|VGCLTH skibidi's rating: 1803 &rarr; <strong>1819<\/strong><br \/>(+16 for winning)\n|l|\u2606Stuqid Reg H\n|player|p1|\n|l|\u2606VGCLTH skibidi\n|player|p2|\n|l| wizzpoower\n","uploadtime":1732442050,"views":17,"formatid":"gen9vgc2024regh","rating":1716,"private":0,"password":null}