{"id":"gen9vgc2024regh-2250073314","format":"[Gen 9] VGC 2024 Reg H","players":["momokar181","VGCLTH skibidi"],"log":"|raw|<div class=\"broadcast-blue\"><strong>This battle is required to be public due to a player having a name starting with 'vgclth'.<\/div>\n|j|\u2606momokar181\n|j|\u2606VGCLTH skibidi\n|t:|1732445562\n|gametype|doubles\n|player|p1|momokar181|102|1695\n|player|p2|VGCLTH skibidi|piers-masters|1825\n|teamsize|p1|6\n|teamsize|p2|6\n|gen|9\n|tier|[Gen 9] VGC 2024 Reg H\n|rated|\n|rule|Species Clause: Limit one of each Pok\u00e9mon\n|rule|Item Clause: Limit 1 of each item\n|clearpoke\n|poke|p1|Incineroar, L50, F|\n|poke|p1|Rillaboom, L50, M|\n|poke|p1|Volcarona, L50, M|\n|poke|p1|Gastrodon-East, L50, F|\n|poke|p1|Glimmora, L50, F|\n|poke|p1|Hydreigon, L50, M|\n|poke|p2|Whimsicott, L50, F|\n|poke|p2|Gallade, L50, M|\n|poke|p2|Archaludon, L50, F|\n|poke|p2|Malamar, L50, F|\n|poke|p2|Indeedee, L50, M|\n|poke|p2|Drifblim, L50, M|\n|teampreview|4\n|inactive|Battle timer is ON: inactive players will automatically lose when time's up. (requested by VGCLTH skibidi)\n|j| Maya Hoppins\n|\n|t:|1732445586\n|start\n|switch|p1a: Volcarona|Volcarona, L50, M|100\/100\n|switch|p1b: Glimmora|Glimmora, L50, F|100\/100\n|switch|p2a: Mischief Mother|Whimsicott, L50, F, shiny|100\/100\n|switch|p2b: Bridget|Archaludon, L50, F, shiny|100\/100\n|turn|1\n|inactive|momokar181 has 30 seconds left.\n|\n|t:|1732445616\n|move|p2a: Mischief Mother|Tailwind|p2a: Mischief Mother\n|-sidestart|p2: VGCLTH skibidi|move: Tailwind\n|move|p2b: Bridget|Flash Cannon|p1b: Glimmora\n|-supereffective|p1b: Glimmora\n|-damage|p1b: Glimmora|2\/100\n|move|p1b: Glimmora|Meteor Beam||[still]\n|-prepare|p1b: Glimmora|Meteor Beam\n|-boost|p1b: Glimmora|spa|1\n|-enditem|p1b: Glimmora|Power Herb\n|-anim|p1b: Glimmora|Meteor Beam|p2a: Mischief Mother\n|-enditem|p2a: Mischief Mother|Focus Sash\n|-damage|p2a: Mischief Mother|1\/100\n|move|p1a: Volcarona|Quiver Dance|p1a: Volcarona\n|-boost|p1a: Volcarona|spa|1\n|-boost|p1a: Volcarona|spd|1\n|-boost|p1a: Volcarona|spe|1\n|\n|upkeep\n|turn|2\n|\n|t:|1732445633\n|move|p2a: Mischief Mother|Encore|p1a: Volcarona\n|-start|p1a: Volcarona|Encore\n|move|p2b: Bridget|Flash Cannon|p1b: Glimmora\n|-supereffective|p1b: Glimmora\n|-damage|p1b: Glimmora|0 fnt\n|faint|p1b: Glimmora\n|move|p1a: Volcarona|Quiver Dance|p1a: Volcarona\n|-boost|p1a: Volcarona|spa|1\n|-boost|p1a: Volcarona|spd|1\n|-boost|p1a: Volcarona|spe|1\n|\n|upkeep\n|\n|t:|1732445645\n|switch|p1b: Incineroar|Incineroar, L50, F|100\/100\n|-ability|p1b: Incineroar|Intimidate|boost\n|-unboost|p2a: Mischief Mother|atk|1\n|-unboost|p2b: Bridget|atk|1\n|turn|3\n|\n|t:|1732445657\n|-terastallize|p2a: Mischief Mother|Ghost\n|move|p2a: Mischief Mother|Beat Up|p2b: Bridget\n|-damage|p2b: Bridget|99\/100\n|-ability|p2b: Bridget|Stamina|boost\n|-boost|p2b: Bridget|def|1\n|-damage|p2b: Bridget|98\/100\n|-ability|p2b: Bridget|Stamina|boost\n|-boost|p2b: Bridget|def|1\n|-damage|p2b: Bridget|98\/100\n|-ability|p2b: Bridget|Stamina|boost\n|-boost|p2b: Bridget|def|1\n|-damage|p2b: Bridget|97\/100\n|-ability|p2b: Bridget|Stamina|boost\n|-boost|p2b: Bridget|def|1\n|-hitcount|p2b: Bridget|4\n|move|p1a: Volcarona|Quiver Dance|p1a: Volcarona\n|-boost|p1a: Volcarona|spa|1\n|-boost|p1a: Volcarona|spd|1\n|-boost|p1a: Volcarona|spe|1\n|move|p2b: Bridget|Body Press|p1b: Incineroar\n|-supereffective|p1b: Incineroar\n|-damage|p1b: Incineroar|0 fnt\n|faint|p1b: Incineroar\n|\n|upkeep\n|\n|t:|1732445676\n|switch|p1b: Rillaboom|Rillaboom, L50, M|100\/100\n|-fieldstart|move: Grassy Terrain|[from] ability: Grassy Surge|[of] p1b: Rillaboom\n|turn|4\n|\n|t:|1732445688\n|switch|p2a: Tapu Deedee|Indeedee, L50, M, shiny|100\/100\n|-fieldstart|move: Psychic Terrain|[from] ability: Psychic Surge|[of] p2a: Tapu Deedee\n|move|p1a: Volcarona|Quiver Dance|p1a: Volcarona\n|-boost|p1a: Volcarona|spa|1\n|-boost|p1a: Volcarona|spd|1\n|-boost|p1a: Volcarona|spe|1\n|move|p2b: Bridget|Body Press|p1b: Rillaboom\n|-damage|p1b: Rillaboom|30\/100\n|move|p1b: Rillaboom|Grassy Glide|p2a: Tapu Deedee\n|-damage|p2a: Tapu Deedee|34\/100\n|\n|-end|p1a: Volcarona|Encore\n|-sideend|p2: VGCLTH skibidi|move: Tailwind\n|upkeep\n|turn|5\n|\n|t:|1732445707\n|move|p1a: Volcarona|Heat Wave|p2b: Bridget|[spread] p2a\n|-miss|p1a: Volcarona|p2b: Bridget\n|-damage|p2a: Tapu Deedee|0 fnt\n|faint|p2a: Tapu Deedee\n|move|p2b: Bridget|Body Press|p1b: Rillaboom\n|-damage|p1b: Rillaboom|0 fnt\n|faint|p1b: Rillaboom\n|\n|upkeep\n|\n|t:|1732445710\n|switch|p2a: Mischief Mother|Whimsicott, L50, F, shiny, tera:Ghost|1\/100\n|turn|6\n|\n|t:|1732445718\n|move|p2a: Mischief Mother|Tailwind|p2a: Mischief Mother\n|-sidestart|p2: VGCLTH skibidi|move: Tailwind\n|move|p1a: Volcarona|Heat Wave|p2b: Bridget|[spread] p2a,p2b\n|-damage|p2a: Mischief Mother|0 fnt\n|-damage|p2b: Bridget|30\/100\n|-status|p2b: Bridget|brn\n|-ability|p2b: Bridget|Stamina|boost\n|-boost|p2b: Bridget|def|1\n|faint|p2a: Mischief Mother\n|move|p2b: Bridget|Snarl|p1a: Volcarona\n|-damage|p1a: Volcarona|95\/100\n|-unboost|p1a: Volcarona|spa|1\n|\n|-heal|p1a: Volcarona|100\/100|[from] item: Leftovers\n|-damage|p2b: Bridget|23\/100 brn|[from] brn\n|upkeep\n|\n|t:|1732445721\n|switch|p2a: \u2694\ufe0fKing\u2694\ufe0f|Gallade, L50, M, shiny|100\/100\n|turn|7\n|\n|t:|1732445728\n|-terastallize|p1a: Volcarona|Fairy\n|move|p1a: Volcarona|Tera Blast|p2a: \u2694\ufe0fKing\u2694\ufe0f|[anim] Tera Blast Fairy\n|-supereffective|p2a: \u2694\ufe0fKing\u2694\ufe0f\n|-damage|p2a: \u2694\ufe0fKing\u2694\ufe0f|0 fnt\n|faint|p2a: \u2694\ufe0fKing\u2694\ufe0f\n|move|p2b: Bridget|Body Press|p1a: Volcarona\n|-resisted|p1a: Volcarona\n|-damage|p1a: Volcarona|81\/100\n|\n|-heal|p1a: Volcarona|87\/100|[from] item: Leftovers\n|-damage|p2b: Bridget|17\/100 brn|[from] brn\n|upkeep\n|turn|8\n|\n|t:|1732445733\n|move|p1a: Volcarona|Tera Blast|p2b: Bridget|[anim] Tera Blast Fairy\n|-damage|p2b: Bridget|0 fnt\n|faint|p2b: Bridget\n|\n|win|momokar181\n|raw|momokar181's rating: 1695 &rarr; <strong>1722<\/strong><br \/>(+27 for winning)\n|raw|VGCLTH skibidi's rating: 1825 &rarr; <strong>1798<\/strong><br \/>(-27 for losing)\n|l|\u2606VGCLTH skibidi\n|player|p2|\n","uploadtime":1732445909,"views":12,"formatid":"gen9vgc2024regh","rating":1722,"private":0,"password":null}