{"id":"gen9vgc2024regh-2250646406","format":"[Gen 9] VGC 2024 Reg H","players":["corndog7","judang"],"log":"|j|\u2606corndog7\n|j|\u2606judang\n|t:|1732527101\n|gametype|doubles\n|player|p1|corndog7|102|1721\n|player|p2|judang|ruinmaniac|1716\n|teamsize|p1|6\n|teamsize|p2|6\n|gen|9\n|tier|[Gen 9] VGC 2024 Reg H\n|rated|\n|rule|Species Clause: Limit one of each Pok\u00e9mon\n|rule|Item Clause: Limit 1 of each item\n|clearpoke\n|poke|p1|Primarina, L50, F|\n|poke|p1|Volcarona, L50, M|\n|poke|p1|Kingambit, L50, F|\n|poke|p1|Gholdengo, L50|\n|poke|p1|Sneasler, L50, F|\n|poke|p1|Rillaboom, L50, M|\n|poke|p2|Sinistcha-Masterpiece, L50|\n|poke|p2|Incineroar, L50, F|\n|poke|p2|Araquanid, L50, M|\n|poke|p2|Electabuzz, L50, F|\n|poke|p2|Farigiraf, L50, F|\n|poke|p2|Kommo-o, L50, F|\n|teampreview|4\n|inactive|Battle timer is ON: inactive players will automatically lose when time's up. (requested by corndog7)\n|inactive|corndog7 has 60 seconds left.\n|\n|t:|1732527145\n|start\n|switch|p1a: Volcarona|Volcarona, L50, M|100\/100\n|switch|p1b: Gholdengo|Gholdengo, L50|100\/100\n|switch|p2a: Electabuzz|Electabuzz, L50, F|100\/100\n|switch|p2b: Kommo-o|Kommo-o, L50, F|100\/100\n|turn|1\n|inactive|corndog7 has 30 seconds left.\n|inactive|judang has 30 seconds left.\n|inactive|corndog7 has 20 seconds left.\n|inactive|judang has 20 seconds left.\n|\n|t:|1732527182\n|move|p2a: Electabuzz|Follow Me|p2a: Electabuzz\n|-singleturn|p2a: Electabuzz|move: Follow Me\n|move|p2b: Kommo-o|Clangorous Soul|p2b: Kommo-o\n|-boost|p2b: Kommo-o|atk|1\n|-boost|p2b: Kommo-o|def|1\n|-boost|p2b: Kommo-o|spa|1\n|-boost|p2b: Kommo-o|spd|1\n|-boost|p2b: Kommo-o|spe|1\n|-damage|p2b: Kommo-o|68\/100\n|-enditem|p2b: Kommo-o|Throat Spray\n|-boost|p2b: Kommo-o|spa|1|[from] item: Throat Spray\n|move|p1b: Gholdengo|Shadow Ball|p2a: Electabuzz\n|-damage|p2a: Electabuzz|57\/100\n|-damage|p1b: Gholdengo|91\/100|[from] item: Life Orb\n|move|p1a: Volcarona|Quiver Dance|p1a: Volcarona\n|-boost|p1a: Volcarona|spa|1\n|-boost|p1a: Volcarona|spd|1\n|-boost|p1a: Volcarona|spe|1\n|\n|upkeep\n|turn|2\n|inactive|judang has 30 seconds left.\n|inactive|judang has 20 seconds left.\n|inactive|judang has 15 seconds left.\n|inactive|judang has 10 seconds left.\n|inactive|judang has 5 seconds left.\n|\n|t:|1732527233\n|move|p2a: Electabuzz|Helping Hand|p2b: Kommo-o\n|-singleturn|p2b: Kommo-o|Helping Hand|[of] p2a: Electabuzz\n|move|p1b: Gholdengo|Protect|p1b: Gholdengo\n|-singleturn|p1b: Gholdengo|Protect\n|move|p2b: Kommo-o|Clanging Scales|p1b: Gholdengo|[spread] p1a\n|-activate|p1b: Gholdengo|move: Protect\n|-damage|p1a: Volcarona|49\/100\n|-unboost|p2b: Kommo-o|def|1\n|move|p1a: Volcarona|Struggle Bug|p2b: Kommo-o|[spread] p2a,p2b\n|-resisted|p2b: Kommo-o\n|-damage|p2a: Electabuzz|38\/100\n|-damage|p2b: Kommo-o|58\/100\n|-unboost|p2a: Electabuzz|spa|1\n|-unboost|p2b: Kommo-o|spa|1\n|\n|upkeep\n|turn|3\n|inactive|judang has 30 seconds left.\n|inactive|judang has 20 seconds left.\n|inactive|judang has 15 seconds left.\n|inactive|judang has 10 seconds left.\n|inactive|judang has 5 seconds left.\n|\n|t:|1732527287\n|move|p2b: Kommo-o|Clanging Scales|p1a: Volcarona|[spread] p1a,p1b\n|-resisted|p1b: Gholdengo\n|-damage|p1a: Volcarona|23\/100\n|-damage|p1b: Gholdengo|59\/100\n|-unboost|p2b: Kommo-o|def|1\n|move|p1a: Volcarona|Struggle Bug|p2b: Kommo-o|[spread] p2a,p2b\n|-resisted|p2b: Kommo-o\n|-damage|p2a: Electabuzz|20\/100\n|-damage|p2b: Kommo-o|49\/100\n|-unboost|p2a: Electabuzz|spa|1\n|-unboost|p2b: Kommo-o|spa|1\n|move|p1b: Gholdengo|Nasty Plot|p1b: Gholdengo\n|-boost|p1b: Gholdengo|spa|2\n|move|p2a: Electabuzz|Volt Switch|p1b: Gholdengo\n|-damage|p1b: Gholdengo|43\/100\n|\n|t:|1732527302\n|switch|p2a: Sinistcha|Sinistcha-Masterpiece, L50|100\/100|[from] Volt Switch\n|-heal|p2b: Kommo-o|74\/100|[from] ability: Hospitality|[of] p2a: Sinistcha\n|\n|upkeep\n|turn|4\n|inactive|judang has 30 seconds left.\n|inactive|judang has 20 seconds left.\n|inactive|judang has 15 seconds left.\n|\n|t:|1732527343\n|switch|p2a: Electabuzz|Electabuzz, L50, F|20\/100\n|-terastallize|p1b: Gholdengo|Flying\n|move|p2b: Kommo-o|Clanging Scales|p1a: Volcarona|[spread] p1a,p1b\n|-damage|p1a: Volcarona|6\/100\n|-damage|p1b: Gholdengo|2\/100\n|-unboost|p2b: Kommo-o|def|1\n|move|p1a: Volcarona|Heat Wave|p2a: Electabuzz|[spread] p2a,p2b\n|-resisted|p2b: Kommo-o\n|-damage|p2a: Electabuzz|0 fnt\n|-damage|p2b: Kommo-o|56\/100\n|faint|p2a: Electabuzz\n|move|p1b: Gholdengo|Make It Rain|p2b: Kommo-o\n|-damage|p2b: Kommo-o|0 fnt\n|-unboost|p1b: Gholdengo|spa|1\n|faint|p2b: Kommo-o\n|-damage|p1b: Gholdengo|0 fnt|[from] item: Life Orb\n|faint|p1b: Gholdengo\n|\n|upkeep\n|\n|t:|1732527363\n|switch|p2b: Sinistcha|Sinistcha-Masterpiece, L50|100\/100\n|switch|p1b: Kingambit|Kingambit, L50, F|100\/100\n|switch|p2a: Incineroar|Incineroar, L50, F|100\/100\n|-ability|p2a: Incineroar|Intimidate|boost\n|-unboost|p1a: Volcarona|atk|1\n|-unboost|p1b: Kingambit|atk|1\n|-ability|p1b: Kingambit|Defiant|boost\n|-boost|p1b: Kingambit|atk|2\n|turn|5\n|\n|t:|1732527384\n|-terastallize|p2b: Sinistcha|Water\n|move|p1a: Volcarona|Heat Wave|p2a: Incineroar|[spread] p2a,p2b\n|-resisted|p2a: Incineroar\n|-resisted|p2b: Sinistcha\n|-damage|p2a: Incineroar|83\/100\n|-damage|p2b: Sinistcha|80\/100\n|move|p2b: Sinistcha|Matcha Gotcha|p1a: Volcarona|[spread] p1a,p1b\n|-resisted|p1a: Volcarona\n|-resisted|p1b: Kingambit\n|-damage|p1a: Volcarona|3\/100\n|-heal|p2b: Sinistcha|82\/100|[from] drain|[of] p1a: Volcarona\n|-damage|p1b: Kingambit|89\/100\n|-heal|p2b: Sinistcha|89\/100|[from] drain|[of] p1b: Kingambit\n|move|p2a: Incineroar|Flare Blitz|p1b: Kingambit\n|-supereffective|p1b: Kingambit\n|-crit|p1b: Kingambit\n|-damage|p1b: Kingambit|0 fnt\n|faint|p1b: Kingambit\n|-damage|p2a: Incineroar|53\/100|[from] Recoil\n|\n|upkeep\n|\n|t:|1732527403\n|switch|p1b: Primarina|Primarina, L50, F|100\/100\n|turn|6\n|\n|t:|1732527422\n|move|p1a: Volcarona|Struggle Bug|p2a: Incineroar|[spread] p2a,p2b\n|-damage|p2a: Incineroar|35\/100\n|-damage|p2b: Sinistcha|66\/100\n|-unboost|p2a: Incineroar|spa|1\n|-unboost|p2b: Sinistcha|spa|1\n|-enditem|p2a: Incineroar|Sitrus Berry|[eat]\n|-heal|p2a: Incineroar|60\/100|[from] item: Sitrus Berry\n|move|p2b: Sinistcha|Matcha Gotcha|p1a: Volcarona|[spread] p1a\n|-miss|p2b: Sinistcha|p1b: Primarina\n|-resisted|p1a: Volcarona\n|-damage|p1a: Volcarona|1\/100\n|-heal|p2b: Sinistcha|67\/100|[from] drain|[of] p1a: Volcarona\n|move|p2a: Incineroar|Knock Off|p1a: Volcarona\n|-damage|p1a: Volcarona|0 fnt\n|-enditem|p1a: Volcarona|Covert Cloak|[from] move: Knock Off|[of] p2a: Incineroar\n|faint|p1a: Volcarona\n|move|p1b: Primarina|Hyper Voice|p2a: Incineroar|[spread] p2a,p2b\n|-supereffective|p2a: Incineroar\n|-resisted|p2b: Sinistcha\n|-damage|p2a: Incineroar|12\/100\n|-damage|p2b: Sinistcha|53\/100\n|-enditem|p1b: Primarina|Throat Spray\n|-boost|p1b: Primarina|spa|1|[from] item: Throat Spray\n|\n|upkeep\n|turn|7\n|inactive|judang has 30 seconds left.\n|\n|t:|1732527450\n|move|p2b: Sinistcha|Matcha Gotcha|p1b: Primarina\n|-supereffective|p1b: Primarina\n|-damage|p1b: Primarina|64\/100\n|-heal|p2b: Sinistcha|72\/100|[from] drain|[of] p1b: Primarina\n|move|p2a: Incineroar|Parting Shot|p1b: Primarina\n|-unboost|p1b: Primarina|atk|1\n|-unboost|p1b: Primarina|spa|1\n|move|p1b: Primarina|Hyper Voice|p2a: Incineroar|[spread] p2a,p2b\n|-supereffective|p2a: Incineroar\n|-resisted|p2b: Sinistcha\n|-damage|p2a: Incineroar|0 fnt\n|-damage|p2b: Sinistcha|56\/100\n|faint|p2a: Incineroar\n|\n|upkeep\n|turn|8\n|\n|t:|1732527464\n|move|p2b: Sinistcha|Matcha Gotcha|p1b: Primarina|[miss]\n|-miss|p2b: Sinistcha|p1b: Primarina\n|move|p1b: Primarina|Moonblast|p2b: Sinistcha\n|-damage|p2b: Sinistcha|17\/100\n|\n|upkeep\n|turn|9\n|\n|t:|1732527472\n|move|p2b: Sinistcha|Matcha Gotcha|p1b: Primarina\n|-supereffective|p1b: Primarina\n|-damage|p1b: Primarina|27\/100\n|-heal|p2b: Sinistcha|36\/100|[from] drain|[of] p1b: Primarina\n|-status|p1b: Primarina|brn\n|move|p1b: Primarina|Moonblast|p2b: Sinistcha\n|-damage|p2b: Sinistcha|0 fnt\n|faint|p2b: Sinistcha\n|\n|win|corndog7\n|raw|corndog7's rating: 1721 &rarr; <strong>1741<\/strong><br \/>(+20 for winning)\n|raw|judang's rating: 1716 &rarr; <strong>1696<\/strong><br \/>(-20 for losing)\n|l|\u2606judang\n|player|p2|\n|l|\u2606corndog7\n|player|p1|\n|j| I_Give_No_Golducks\n","uploadtime":1732527680,"views":10,"formatid":"gen9vgc2024regh","rating":1696,"private":0,"password":null}