{"id":"gen9vgc2024regh-2250018411","format":"[Gen 9] VGC 2024 Reg H","players":["bwahacough","zip520520"],"log":"|j|\u2606bwahacough\n|j|\u2606zip520520\n|t:|1732433127\n|gametype|doubles\n|player|p1|bwahacough|medium|1731\n|player|p2|zip520520|170|1743\n|teamsize|p1|6\n|teamsize|p2|6\n|gen|9\n|tier|[Gen 9] VGC 2024 Reg H\n|rated|\n|rule|Species Clause: Limit one of each Pok\u00e9mon\n|rule|Item Clause: Limit 1 of each item\n|clearpoke\n|poke|p1|Lycanroc, L50, M|\n|poke|p1|Tyranitar, L50, F|\n|poke|p1|Indeedee-F, L50, F|\n|poke|p1|Sneasler, L50, F|\n|poke|p1|Volcarona, L50, F|\n|poke|p1|Murkrow, L50, F|\n|poke|p2|Rillaboom, L50, F|\n|poke|p2|Misdreavus, L50, M|\n|poke|p2|Archaludon, L50, M|\n|poke|p2|Gothitelle, L50, F|\n|poke|p2|Incineroar, L50, F|\n|poke|p2|Ursaluna, L50, F|\n|teampreview|4\n|inactive|Battle timer is ON: inactive players will automatically lose when time's up. (requested by zip520520)\n|j| bluestraggler02\n|inactive|bwahacough has 60 seconds left.\n|inactive|zip520520 has 60 seconds left.\n|\n|t:|1732433164\n|start\n|switch|p1a: Lycanroc|Lycanroc, L50, M|100\/100\n|switch|p1b: Tyranitar|Tyranitar, L50, F|100\/100\n|switch|p2a: Misdreavus|Misdreavus, L50, M|100\/100\n|switch|p2b: Incineroar|Incineroar, L50, F|100\/100\n|-weather|Sandstorm|[from] ability: Sand Stream|[of] p1b: Tyranitar\n|-ability|p2b: Incineroar|Intimidate|boost\n|-unboost|p1a: Lycanroc|atk|1\n|-fail|p1b: Tyranitar|unboost|[from] item: Clear Amulet|[of] p1b: Tyranitar\n|turn|1\n|\n|t:|1732433185\n|move|p2b: Incineroar|Fake Out|p1b: Tyranitar\n|-resisted|p1b: Tyranitar\n|-damage|p1b: Tyranitar|96\/100\n|move|p1a: Lycanroc|Rock Slide|p2a: Misdreavus|[spread] p2a,p2b\n|-supereffective|p2b: Incineroar\n|-damage|p2a: Misdreavus|84\/100\n|-damage|p2b: Incineroar|71\/100\n|move|p2a: Misdreavus|Perish Song|p2a: Misdreavus\n|-start|p1a: Lycanroc|perish3|[silent]\n|-start|p1b: Tyranitar|perish3|[silent]\n|-start|p2a: Misdreavus|perish3|[silent]\n|-start|p2b: Incineroar|perish3|[silent]\n|-fieldactivate|move: Perish Song\n|cant|p1b: Tyranitar|flinch\n|\n|-weather|Sandstorm|[upkeep]\n|-damage|p2a: Misdreavus|78\/100|[from] Sandstorm\n|-start|p1a: Lycanroc|perish3\n|-start|p2a: Misdreavus|perish3\n|-start|p1b: Tyranitar|perish3\n|-start|p2b: Incineroar|perish3\n|upkeep\n|turn|2\n|\n|t:|1732433205\n|switch|p2b: Gothitelle|Gothitelle, L50, F|100\/100\n|move|p2a: Misdreavus|Protect|p2a: Misdreavus\n|-singleturn|p2a: Misdreavus|Protect\n|move|p1a: Lycanroc|Rock Slide|p2a: Misdreavus|[spread] p2b\n|-activate|p2a: Misdreavus|move: Protect\n|-damage|p2b: Gothitelle|83\/100\n|move|p1b: Tyranitar|Knock Off|p2a: Misdreavus\n|-activate|p2a: Misdreavus|move: Protect\n|\n|-weather|Sandstorm|[upkeep]\n|-damage|p2a: Misdreavus|72\/100|[from] Sandstorm\n|-damage|p2b: Gothitelle|77\/100|[from] Sandstorm\n|-start|p1a: Lycanroc|perish2\n|-start|p2a: Misdreavus|perish2\n|-start|p1b: Tyranitar|perish2\n|upkeep\n|turn|3\n|\n|t:|1732433227\n|switch|p2a: Incineroar|Incineroar, L50, F|71\/100\n|-ability|p2a: Incineroar|Intimidate|boost\n|-unboost|p1a: Lycanroc|atk|1\n|-fail|p1b: Tyranitar|unboost|[from] item: Clear Amulet|[of] p1b: Tyranitar\n|move|p2b: Gothitelle|Fake Out|p1b: Tyranitar\n|-resisted|p1b: Tyranitar\n|-damage|p1b: Tyranitar|94\/100\n|move|p1a: Lycanroc|Rock Slide|p2a: Incineroar|[spread] p2a,p2b\n|-supereffective|p2a: Incineroar\n|-damage|p2a: Incineroar|49\/100\n|-damage|p2b: Gothitelle|65\/100\n|cant|p1b: Tyranitar|flinch\n|\n|-weather|Sandstorm|[upkeep]\n|-damage|p2b: Gothitelle|59\/100|[from] Sandstorm\n|-start|p1a: Lycanroc|perish1\n|-start|p1b: Tyranitar|perish1\n|upkeep\n|turn|4\n|inactive|zip520520 has 30 seconds left.\n|inactive|zip520520 has 20 seconds left.\n|\n|t:|1732433263\n|move|p2b: Gothitelle|Protect|p2b: Gothitelle\n|-singleturn|p2b: Gothitelle|Protect\n|move|p2a: Incineroar|Protect|p2a: Incineroar\n|-singleturn|p2a: Incineroar|Protect\n|move|p1a: Lycanroc|Rock Slide|p2b: Gothitelle|[spread] \n|-activate|p2a: Incineroar|move: Protect\n|-activate|p2b: Gothitelle|move: Protect\n|move|p1b: Tyranitar|Rock Slide|p2b: Gothitelle|[spread] \n|-activate|p2a: Incineroar|move: Protect\n|-activate|p2b: Gothitelle|move: Protect\n|\n|-weather|Sandstorm|[upkeep]\n|-damage|p2b: Gothitelle|52\/100|[from] Sandstorm\n|-start|p1a: Lycanroc|perish0\n|-start|p1b: Tyranitar|perish0\n|faint|p1a: Lycanroc\n|faint|p1b: Tyranitar\n|upkeep\n|\n|t:|1732433269\n|switch|p1a: Indeedee|Indeedee-F, L50, F, shiny|100\/100\n|switch|p1b: Volcarona|Volcarona, L50, F|100\/100\n|-fieldstart|move: Psychic Terrain|[from] ability: Psychic Surge|[of] p1a: Indeedee\n|turn|5\n|inactive|zip520520 has 30 seconds left.\n|\n|t:|1732433298\n|-terastallize|p1a: Indeedee|Fairy\n|move|p1a: Indeedee|Follow Me|p1a: Indeedee\n|-singleturn|p1a: Indeedee|move: Follow Me\n|move|p1b: Volcarona|Quiver Dance|p1b: Volcarona\n|-boost|p1b: Volcarona|spa|1\n|-boost|p1b: Volcarona|spd|1\n|-boost|p1b: Volcarona|spe|1\n|move|p2a: Incineroar|Parting Shot|p1a: Indeedee\n|-unboost|p1a: Indeedee|atk|1\n|-unboost|p1a: Indeedee|spa|1\n|\n|t:|1732433312\n|switch|p2a: Misdreavus|Misdreavus, L50, M|72\/100|[from] Parting Shot\n|move|p2b: Gothitelle|Trick Room|p2b: Gothitelle\n|-fieldstart|move: Trick Room|[of] p2b: Gothitelle\n|\n|-weather|none\n|upkeep\n|turn|6\n|\n|t:|1732433329\n|switch|p2b: Incineroar|Incineroar, L50, F|49\/100\n|-ability|p2b: Incineroar|Intimidate|boost\n|-unboost|p1a: Indeedee|atk|1\n|-unboost|p1b: Volcarona|atk|1\n|move|p1a: Indeedee|Helping Hand|p1b: Volcarona\n|-singleturn|p1b: Volcarona|Helping Hand|[of] p1a: Indeedee\n|move|p2a: Misdreavus|Perish Song|p2a: Misdreavus\n|-start|p1a: Indeedee|perish3|[silent]\n|-start|p1b: Volcarona|perish3|[silent]\n|-start|p2a: Misdreavus|perish3|[silent]\n|-start|p2b: Incineroar|perish3|[silent]\n|-fieldactivate|move: Perish Song\n|move|p1b: Volcarona|Heat Wave|p2b: Incineroar|[spread] p2a,p2b\n|-resisted|p2b: Incineroar\n|-crit|p2b: Incineroar\n|-damage|p2a: Misdreavus|3\/100\n|-damage|p2b: Incineroar|0 fnt\n|faint|p2b: Incineroar\n|\n|-start|p2a: Misdreavus|perish3\n|-start|p1a: Indeedee|perish3\n|-start|p1b: Volcarona|perish3\n|upkeep\n|\n|t:|1732433353\n|switch|p2b: Gothitelle|Gothitelle, L50, F|52\/100\n|turn|7\n|\n|t:|1732433363\n|move|p2b: Gothitelle|Protect|p2b: Gothitelle\n|-singleturn|p2b: Gothitelle|Protect\n|move|p2a: Misdreavus|Protect|p2a: Misdreavus\n|-singleturn|p2a: Misdreavus|Protect\n|move|p1a: Indeedee|Psychic|p2a: Misdreavus\n|-activate|p2a: Misdreavus|move: Protect\n|move|p1b: Volcarona|Heat Wave|p2b: Gothitelle|[spread] \n|-activate|p2a: Misdreavus|move: Protect\n|-activate|p2b: Gothitelle|move: Protect\n|\n|-start|p1a: Indeedee|perish2\n|-start|p2a: Misdreavus|perish2\n|-start|p1b: Volcarona|perish2\n|upkeep\n|turn|8\n|\n|t:|1732433387\n|move|p2b: Gothitelle|Psychic|p1b: Volcarona\n|-damage|p1b: Volcarona|74\/100\n|move|p1a: Indeedee|Psychic|p2a: Misdreavus\n|-damage|p2a: Misdreavus|0 fnt\n|faint|p2a: Misdreavus\n|move|p1b: Volcarona|Heat Wave|p2b: Gothitelle\n|-damage|p2b: Gothitelle|0 fnt\n|faint|p2b: Gothitelle\n|\n|-start|p1a: Indeedee|perish1\n|-start|p1b: Volcarona|perish1\n|upkeep\n|\n|t:|1732433402\n|switch|p2a: Rillaboom|Rillaboom, L50, F|100\/100\n|-fieldstart|move: Grassy Terrain|[from] ability: Grassy Surge|[of] p2a: Rillaboom\n|turn|9\n|\n|t:|1732433411\n|move|p2a: Rillaboom|Protect|p2a: Rillaboom\n|-singleturn|p2a: Rillaboom|Protect\n|move|p1a: Indeedee|Psychic|p2a: Rillaboom\n|-activate|p2a: Rillaboom|move: Protect\n|move|p1b: Volcarona|Heat Wave|p2a: Rillaboom\n|-activate|p2a: Rillaboom|move: Protect\n|\n|-heal|p1b: Volcarona|80\/100|[from] Grassy Terrain\n|-start|p1a: Indeedee|perish0\n|-start|p1b: Volcarona|perish0\n|-fieldend|move: Trick Room\n|faint|p1a: Indeedee\n|faint|p1b: Volcarona\n|\n|win|zip520520\n|upkeep\n|raw|bwahacough's rating: 1731 &rarr; <strong>1712<\/strong><br \/>(-19 for losing)\n|raw|zip520520's rating: 1743 &rarr; <strong>1762<\/strong><br \/>(+19 for winning)\n|l|\u2606bwahacough\n|player|p1|\n|l|\u2606zip520520\n|player|p2|\n|l| bluestraggler02\n","uploadtime":1732433578,"views":10,"formatid":"gen9vgc2024regh","rating":1712,"private":0,"password":null}