{"id":"gen9vgc2024regh-2250960377","format":"[Gen 9] VGC 2024 Reg H","players":["Tepig_nNz_498","Thisiscalledwhat"],"log":"|j|\u2606Tepig_nNz_498\n|j|\u2606Thisiscalledwhat\n|t:|1732564439\n|gametype|doubles\n|player|p1|Tepig_nNz_498|101|1779\n|player|p2|Thisiscalledwhat|roxanne|1649\n|teamsize|p1|6\n|teamsize|p2|6\n|gen|9\n|tier|[Gen 9] VGC 2024 Reg H\n|rated|\n|rule|Species Clause: Limit one of each Pok\u00e9mon\n|rule|Item Clause: Limit 1 of each item\n|clearpoke\n|poke|p1|Politoed, L50, M|\n|poke|p1|Archaludon, L50, M|\n|poke|p1|Basculegion, L50, M|\n|poke|p1|Ludicolo, L50, M|\n|poke|p1|Pelipper, L50, M|\n|poke|p1|Murkrow, L50, M|\n|poke|p2|Garchomp, L50, F|\n|poke|p2|Amoonguss, L50, M|\n|poke|p2|Porygon2, L50|\n|poke|p2|Incineroar, L50, F|\n|poke|p2|Hydreigon, L50, F|\n|poke|p2|Gholdengo, L50|\n|teampreview|4\n|inactive|Battle timer is ON: inactive players will automatically lose when time's up. (requested by Thisiscalledwhat)\n|inactive|Tepig_nNz_498 has 60 seconds left.\n|inactive|Thisiscalledwhat has 60 seconds left.\n|\n|t:|1732564478\n|start\n|switch|p1a: Ludicolo|Ludicolo, L50, M|100\/100\n|switch|p1b: Pelipper|Pelipper, L50, M|100\/100\n|switch|p2a: Hydreigon|Hydreigon, L50, F|100\/100\n|switch|p2b: Incineroar|Incineroar, L50, F|100\/100\n|-weather|RainDance|[from] ability: Drizzle|[of] p1b: Pelipper\n|-ability|p2b: Incineroar|Intimidate|boost\n|-unboost|p1a: Ludicolo|atk|1\n|-unboost|p1b: Pelipper|atk|1\n|turn|1\n|\n|t:|1732564491\n|move|p2b: Incineroar|Fake Out|p1a: Ludicolo\n|-damage|p1a: Ludicolo|79\/100\n|cant|p1a: Ludicolo|flinch\n|move|p2a: Hydreigon|Snarl|p1a: Ludicolo|[spread] p1a,p1b\n|-damage|p1a: Ludicolo|58\/100\n|-damage|p1b: Pelipper|74\/100\n|-unboost|p1a: Ludicolo|spa|1\n|-unboost|p1b: Pelipper|spa|1\n|move|p1b: Pelipper|Tailwind|p1b: Pelipper\n|-sidestart|p1: Tepig_nNz_498|move: Tailwind\n|\n|-weather|RainDance|[upkeep]\n|upkeep\n|turn|2\n|\n|t:|1732564514\n|-terastallize|p2b: Incineroar|Grass\n|move|p1a: Ludicolo|Weather Ball|p2b: Incineroar\n|-resisted|p2b: Incineroar\n|-damage|p2b: Incineroar|80\/100\n|move|p1b: Pelipper|Surf|p2b: Incineroar|[spread] p1a,p2a,p2b\n|-resisted|p1a: Ludicolo\n|-resisted|p2a: Hydreigon\n|-resisted|p2b: Incineroar\n|-damage|p1a: Ludicolo|49\/100\n|-damage|p2a: Hydreigon|85\/100\n|-damage|p2b: Incineroar|65\/100\n|-enditem|p1a: Ludicolo|Sitrus Berry|[eat]\n|-heal|p1a: Ludicolo|74\/100|[from] item: Sitrus Berry\n|move|p2a: Hydreigon|Snarl|p1b: Pelipper|[spread] p1a,p1b\n|-damage|p1a: Ludicolo|52\/100\n|-damage|p1b: Pelipper|47\/100\n|-unboost|p1a: Ludicolo|spa|1\n|-unboost|p1b: Pelipper|spa|1\n|move|p2b: Incineroar|Knock Off|p1b: Pelipper\n|-damage|p1b: Pelipper|0 fnt\n|-enditem|p1b: Pelipper|Wiki Berry|[from] move: Knock Off|[of] p2b: Incineroar\n|faint|p1b: Pelipper\n|\n|-weather|RainDance|[upkeep]\n|upkeep\n|\n|t:|1732564519\n|switch|p1b: Archaludon|Archaludon, L50, M|100\/100\n|turn|3\n|\n|t:|1732564544\n|move|p2a: Hydreigon|Protect|p2a: Hydreigon\n|-singleturn|p2a: Hydreigon|Protect\n|move|p1a: Ludicolo|Icy Wind|p2b: Incineroar|[spread] p2b\n|-activate|p2a: Hydreigon|move: Protect\n|-supereffective|p2b: Incineroar\n|-damage|p2b: Incineroar|54\/100\n|-unboost|p2b: Incineroar|spe|1\n|move|p1b: Archaludon|Electro Shot||[still]\n|-prepare|p1b: Archaludon|Electro Shot\n|-boost|p1b: Archaludon|spa|1\n|-anim|p1b: Archaludon|Electro Shot|p2b: Incineroar\n|-resisted|p2b: Incineroar\n|-damage|p2b: Incineroar|20\/100\n|-enditem|p2b: Incineroar|Sitrus Berry|[eat]\n|-heal|p2b: Incineroar|45\/100|[from] item: Sitrus Berry\n|move|p2b: Incineroar|Parting Shot|p1b: Archaludon\n|-unboost|p1b: Archaludon|atk|1\n|-unboost|p1b: Archaludon|spa|1\n|\n|t:|1732564560\n|switch|p2b: Amoonguss|Amoonguss, L50, M|100\/100|[from] Parting Shot\n|\n|-weather|RainDance|[upkeep]\n|upkeep\n|turn|4\n|j| mpudi\n|\n|t:|1732564575\n|move|p1a: Ludicolo|Icy Wind|p2b: Amoonguss|[spread] p2a,p2b\n|-supereffective|p2a: Hydreigon\n|-supereffective|p2b: Amoonguss\n|-damage|p2a: Hydreigon|73\/100\n|-damage|p2b: Amoonguss|91\/100\n|-unboost|p2a: Hydreigon|spe|1\n|move|p1b: Archaludon|Electro Shot||[still]\n|-prepare|p1b: Archaludon|Electro Shot\n|-boost|p1b: Archaludon|spa|1\n|-anim|p1b: Archaludon|Electro Shot|p2b: Amoonguss\n|-resisted|p2b: Amoonguss\n|-damage|p2b: Amoonguss|59\/100\n|move|p2a: Hydreigon|Tailwind|p2a: Hydreigon\n|-sidestart|p2: Thisiscalledwhat|move: Tailwind\n|move|p2b: Amoonguss|Spore|p1b: Archaludon\n|-status|p1b: Archaludon|slp|[from] move: Spore\n|\n|-weather|RainDance|[upkeep]\n|-sideend|p1: Tepig_nNz_498|move: Tailwind\n|upkeep\n|turn|5\n|\n|t:|1732564596\n|move|p1a: Ludicolo|Icy Wind|p2a: Hydreigon|[spread] p2a,p2b\n|-supereffective|p2a: Hydreigon\n|-supereffective|p2b: Amoonguss\n|-damage|p2a: Hydreigon|61\/100\n|-damage|p2b: Amoonguss|49\/100\n|-unboost|p2a: Hydreigon|spe|1\n|move|p2a: Hydreigon|Draco Meteor|p1a: Ludicolo\n|-damage|p1a: Ludicolo|0 fnt\n|-unboost|p2a: Hydreigon|spa|2\n|faint|p1a: Ludicolo\n|cant|p1b: Archaludon|slp\n|move|p2b: Amoonguss|Pollen Puff|p2a: Hydreigon\n|-heal|p2a: Hydreigon|100\/100\n|\n|-weather|none\n|upkeep\n|\n|t:|1732564604\n|switch|p1a: Politoed|Politoed, L50, M|100\/100\n|-weather|RainDance|[from] ability: Drizzle|[of] p1a: Politoed\n|turn|6\n|\n|t:|1732564627\n|switch|p2a: Incineroar|Incineroar, L50, F, tera:Grass|45\/100\n|-ability|p2a: Incineroar|Intimidate|boost\n|-unboost|p1a: Politoed|atk|1\n|-unboost|p1b: Archaludon|atk|1\n|-terastallize|p1b: Archaludon|Fairy\n|cant|p1b: Archaludon|slp\n|move|p1a: Politoed|Icy Wind|p2a: Incineroar|[spread] p2a,p2b\n|-supereffective|p2a: Incineroar\n|-supereffective|p2b: Amoonguss\n|-damage|p2a: Incineroar|8\/100\n|-damage|p2b: Amoonguss|16\/100\n|-unboost|p2a: Incineroar|spe|1\n|move|p2b: Amoonguss|Spore|p1a: Politoed\n|-status|p1a: Politoed|slp|[from] move: Spore\n|\n|-weather|RainDance|[upkeep]\n|upkeep\n|turn|7\n|\n|t:|1732564650\n|switch|p2b: Porygon2|Porygon2, L50|100\/100\n|-ability|p2b: Porygon2|Download|boost\n|-boost|p2b: Porygon2|spa|1\n|move|p2a: Incineroar|Parting Shot|p1b: Archaludon\n|-unboost|p1b: Archaludon|atk|1\n|-unboost|p1b: Archaludon|spa|1\n|\n|t:|1732564657\n|switch|p2a: Amoonguss|Amoonguss, L50, M|49\/100|[from] Parting Shot\n|cant|p1a: Politoed|slp\n|cant|p1b: Archaludon|slp\n|\n|-weather|RainDance|[upkeep]\n|-sideend|p2: Thisiscalledwhat|move: Tailwind\n|upkeep\n|turn|8\n|\n|t:|1732564678\n|-curestatus|p1b: Archaludon|slp|[msg]\n|move|p1b: Archaludon|Electro Shot||[still]\n|-prepare|p1b: Archaludon|Electro Shot\n|-boost|p1b: Archaludon|spa|1\n|-anim|p1b: Archaludon|Electro Shot|p2b: Porygon2\n|-damage|p2b: Porygon2|56\/100\n|cant|p1a: Politoed|slp\n|move|p2b: Porygon2|Tera Blast|p1a: Politoed\n|-damage|p1a: Politoed|44\/100 slp\n|move|p2a: Amoonguss|Spore|p1b: Archaludon\n|-status|p1b: Archaludon|slp|[from] move: Spore\n|\n|-weather|RainDance|[upkeep]\n|upkeep\n|turn|9\n|\n|t:|1732564694\n|cant|p1b: Archaludon|slp\n|cant|p1a: Politoed|slp\n|move|p2b: Porygon2|Tera Blast|p1a: Politoed\n|-damage|p1a: Politoed|0 fnt\n|faint|p1a: Politoed\n|move|p2a: Amoonguss|Pollen Puff|p2b: Porygon2\n|-heal|p2b: Porygon2|100\/100\n|\n|-weather|RainDance|[upkeep]\n|upkeep\n|turn|10\n|\n|t:|1732564711\n|cant|p1b: Archaludon|slp\n|move|p2a: Amoonguss|Spore|p1b: Archaludon\n|-fail|p1b: Archaludon|slp\n|move|p2b: Porygon2|Trick Room|p2b: Porygon2\n|-fieldstart|move: Trick Room|[of] p2b: Porygon2\n|\n|-weather|none\n|upkeep\n|turn|11\n|\n|t:|1732564720\n|switch|p2a: Incineroar|Incineroar, L50, F, tera:Grass|8\/100\n|-ability|p2a: Incineroar|Intimidate|boost\n|-unboost|p1b: Archaludon|atk|1\n|move|p2b: Porygon2|Tera Blast|p1b: Archaludon\n|-damage|p1b: Archaludon|56\/100 slp\n|-ability|p1b: Archaludon|Stamina|boost\n|-boost|p1b: Archaludon|def|1\n|-curestatus|p1b: Archaludon|slp|[msg]\n|move|p1b: Archaludon|Flash Cannon|p2a: Incineroar\n|-damage|p2a: Incineroar|0 fnt\n|faint|p2a: Incineroar\n|\n|upkeep\n|\n|t:|1732564730\n|switch|p2a: Amoonguss|Amoonguss, L50, M|82\/100\n|turn|12\n|\n|t:|1732564737\n|move|p2a: Amoonguss|Spore|p1b: Archaludon\n|-status|p1b: Archaludon|slp|[from] move: Spore\n|move|p2b: Porygon2|Tera Blast|p1b: Archaludon\n|-damage|p1b: Archaludon|7\/100 slp\n|-ability|p1b: Archaludon|Stamina|boost\n|-boost|p1b: Archaludon|def|1\n|cant|p1b: Archaludon|slp\n|\n|upkeep\n|turn|13\n|-message|Tepig_nNz_498 forfeited.\n|\n|win|Thisiscalledwhat\n|raw|Tepig_nNz_498's rating: 1779 &rarr; <strong>1752<\/strong><br \/>(-27 for losing)\n|raw|Thisiscalledwhat's rating: 1649 &rarr; <strong>1676<\/strong><br \/>(+27 for winning)\n|l|\u2606Tepig_nNz_498\n|player|p1|\n","uploadtime":1732564749,"views":11,"formatid":"gen9vgc2024regh","rating":1676,"private":0,"password":null}