{"id":"gen9vgc2024regh-2250022131","format":"[Gen 9] VGC 2024 Reg H","players":["FireRedzzz","bwahacough"],"log":"|j|\u2606FireRedzzz\n|j|\u2606bwahacough\n|t:|1732433957\n|gametype|doubles\n|player|p1|FireRedzzz|ethan|1757\n|player|p2|bwahacough|medium|1704\n|teamsize|p1|6\n|teamsize|p2|6\n|gen|9\n|tier|[Gen 9] VGC 2024 Reg H\n|rated|\n|rule|Species Clause: Limit one of each Pok\u00e9mon\n|rule|Item Clause: Limit 1 of each item\n|clearpoke\n|poke|p1|Kingambit, L50, F|\n|poke|p1|Electabuzz, L50, M|\n|poke|p1|Rillaboom, L50, F|\n|poke|p1|Primarina, L50, M|\n|poke|p1|Sneasler, L50, M|\n|poke|p1|Volcarona, L50, F|\n|poke|p2|Lycanroc, L50, M|\n|poke|p2|Tyranitar, L50, F|\n|poke|p2|Indeedee-F, L50, F|\n|poke|p2|Sneasler, L50, F|\n|poke|p2|Volcarona, L50, M|\n|poke|p2|Murkrow, L50, F|\n|teampreview|4\n|inactive|Battle timer is ON: inactive players will automatically lose when time's up. (requested by FireRedzzz)\nFireRedzzz has agreed to open team sheets.\nbwahacough has agreed to open team sheets.\n|j| bluestraggler02\n|inactive|FireRedzzz has 30 seconds left.\n|inactive|FireRedzzz has 20 seconds left.\n|inactive|FireRedzzz has 15 seconds left.\n|inactive|FireRedzzz has 10 seconds left.\n|inactive|FireRedzzz has 5 seconds left.\n|\n|t:|1732434028\n|start\n|switch|p1a: Volcarona|Volcarona, L50, F, shiny|100\/100\n|switch|p1b: Electabuzz|Electabuzz, L50, M|100\/100\n|switch|p2a: Lycanroc|Lycanroc, L50, M|100\/100\n|switch|p2b: Tyranitar|Tyranitar, L50, F|100\/100\n|-weather|Sandstorm|[from] ability: Sand Stream|[of] p2b: Tyranitar\n|turn|1\n|\n|t:|1732434043\n|switch|p1b: Rillaboom|Rillaboom, L50, F|100\/100\n|-fieldstart|move: Grassy Terrain|[from] ability: Grassy Surge|[of] p1b: Rillaboom\n|-enditem|p1a: Volcarona|Grassy Seed\n|-boost|p1a: Volcarona|def|1|[from] item: Grassy Seed\n|-terastallize|p1a: Volcarona|Fairy\n|move|p2a: Lycanroc|Rock Slide|p1b: Rillaboom|[spread] p1a,p1b\n|-damage|p1a: Volcarona|77\/100\n|-damage|p1b: Rillaboom|73\/100\n|move|p1a: Volcarona|Quiver Dance|p1a: Volcarona\n|-boost|p1a: Volcarona|spa|1\n|-boost|p1a: Volcarona|spd|1\n|-boost|p1a: Volcarona|spe|1\n|move|p2b: Tyranitar|Knock Off|p1a: Volcarona\n|-resisted|p1a: Volcarona\n|-damage|p1a: Volcarona|63\/100\n|-status|p2b: Tyranitar|brn|[from] ability: Flame Body|[of] p1a: Volcarona\n|\n|-weather|Sandstorm|[upkeep]\n|-damage|p1a: Volcarona|57\/100|[from] Sandstorm\n|-damage|p1b: Rillaboom|67\/100|[from] Sandstorm\n|-heal|p1a: Volcarona|63\/100|[from] Grassy Terrain\n|-heal|p1b: Rillaboom|73\/100|[from] Grassy Terrain\n|-damage|p2b: Tyranitar|95\/100 brn|[from] brn\n|upkeep\n|turn|2\n|inactive|FireRedzzz has 30 seconds left.\n|inactive|FireRedzzz has 20 seconds left.\n|\n|t:|1732434081\n|switch|p2b: Indeedee|Indeedee-F, L50, F, shiny|100\/100\n|-fieldstart|move: Psychic Terrain|[from] ability: Psychic Surge|[of] p2b: Indeedee\n|move|p2a: Lycanroc|Rock Slide|p1a: Volcarona|[spread] p1a,p1b\n|-damage|p1a: Volcarona|42\/100\n|-damage|p1b: Rillaboom|42\/100\n|move|p1a: Volcarona|Quiver Dance|p1a: Volcarona\n|-boost|p1a: Volcarona|spa|1\n|-boost|p1a: Volcarona|spd|1\n|-boost|p1a: Volcarona|spe|1\n|move|p1b: Rillaboom|Wood Hammer|p2a: Lycanroc\n|-supereffective|p2a: Lycanroc\n|-enditem|p2a: Lycanroc|Focus Sash\n|-damage|p2a: Lycanroc|1\/100\n|-damage|p1b: Rillaboom|17\/100|[from] Recoil\n|\n|-weather|Sandstorm|[upkeep]\n|-damage|p1a: Volcarona|36\/100|[from] Sandstorm\n|-damage|p1b: Rillaboom|11\/100|[from] Sandstorm\n|-damage|p2b: Indeedee|94\/100|[from] Sandstorm\n|upkeep\n|turn|3\n|\n|t:|1732434101\n|switch|p1b: Electabuzz|Electabuzz, L50, M|100\/100\n|move|p2b: Indeedee|Helping Hand|p2a: Lycanroc\n|-singleturn|p2a: Lycanroc|Helping Hand|[of] p2b: Indeedee\n|move|p2a: Lycanroc|Rock Slide|p1a: Volcarona|[spread] p1a,p1b\n|-damage|p1a: Volcarona|1\/100\n|-damage|p1b: Electabuzz|68\/100\n|move|p1a: Volcarona|Heat Wave|p2a: Lycanroc|[spread] p2a,p2b\n|-resisted|p2a: Lycanroc\n|-damage|p2a: Lycanroc|0 fnt\n|-damage|p2b: Indeedee|20\/100\n|-enditem|p2b: Indeedee|Sitrus Berry|[eat]\n|-heal|p2b: Indeedee|45\/100|[from] item: Sitrus Berry\n|faint|p2a: Lycanroc\n|\n|-weather|Sandstorm|[upkeep]\n|-damage|p1a: Volcarona|0 fnt|[from] Sandstorm\n|-damage|p1b: Electabuzz|62\/100|[from] Sandstorm\n|-damage|p2b: Indeedee|38\/100|[from] Sandstorm\n|faint|p1a: Volcarona\n|upkeep\n|\n|t:|1732434122\n|switch|p2a: Volcarona|Volcarona, L50, M|100\/100\n|switch|p1a: Rillaboom|Rillaboom, L50, F|11\/100\n|-fieldstart|move: Grassy Terrain|[from] ability: Grassy Surge|[of] p1a: Rillaboom\n|turn|4\n|\n|t:|1732434142\n|switch|p2b: Tyranitar|Tyranitar, L50, F|95\/100 brn\n|move|p1a: Rillaboom|Fake Out|p2a: Volcarona\n|-damage|p2a: Volcarona|83\/100\n|move|p1b: Electabuzz|Thunderbolt|p2a: Volcarona\n|-crit|p2a: Volcarona\n|-damage|p2a: Volcarona|38\/100\n|move|p2a: Volcarona|Heat Wave|p1a: Rillaboom|[spread] p1a,p1b\n|-supereffective|p1a: Rillaboom\n|-damage|p1a: Rillaboom|0 fnt\n|-damage|p1b: Electabuzz|29\/100\n|faint|p1a: Rillaboom\n|\n|-weather|Sandstorm|[upkeep]\n|-damage|p1b: Electabuzz|23\/100|[from] Sandstorm\n|-damage|p2a: Volcarona|31\/100|[from] Sandstorm\n|-heal|p1b: Electabuzz|29\/100|[from] Grassy Terrain\n|-heal|p2a: Volcarona|38\/100|[from] Grassy Terrain\n|-heal|p2b: Tyranitar|100\/100 brn|[from] Grassy Terrain\n|-damage|p2b: Tyranitar|95\/100 brn|[from] brn\n|upkeep\n|\n|t:|1732434159\n|switch|p1a: Sneasler|Sneasler, L50, M|100\/100\n|turn|5\n|\n|t:|1732434172\n|switch|p2a: Indeedee|Indeedee-F, L50, F, shiny|38\/100\n|-fieldstart|move: Psychic Terrain|[from] ability: Psychic Surge|[of] p2a: Indeedee\n|-terastallize|p2b: Tyranitar|Flying\n|move|p1b: Electabuzz|Follow Me|p1b: Electabuzz\n|-singleturn|p1b: Electabuzz|move: Follow Me\n|move|p1a: Sneasler|Dire Claw|p2a: Indeedee\n|-damage|p2a: Indeedee|0 fnt\n|faint|p2a: Indeedee\n|move|p2b: Tyranitar|Knock Off|p1b: Electabuzz\n|-damage|p1b: Electabuzz|9\/100\n|-enditem|p1b: Electabuzz|Eviolite|[from] move: Knock Off|[of] p2b: Tyranitar\n|\n|-weather|none\n|-damage|p2b: Tyranitar|89\/100 brn|[from] brn\n|upkeep\n|\n|t:|1732434176\n|switch|p2a: Volcarona|Volcarona, L50, M|38\/100\n|turn|6\n|inactive|FireRedzzz has 30 seconds left.\n|\n|t:|1732434204\n|move|p1a: Sneasler|Protect|p1a: Sneasler\n|-singleturn|p1a: Sneasler|Protect\n|move|p2a: Volcarona|Protect|p2a: Volcarona\n|-singleturn|p2a: Volcarona|Protect\n|move|p1b: Electabuzz|Thunderbolt|p2b: Tyranitar\n|-supereffective|p2b: Tyranitar\n|-damage|p2b: Tyranitar|35\/100 brn\n|move|p2b: Tyranitar|Rock Slide|p1a: Sneasler|[spread] p1b\n|-activate|p1a: Sneasler|move: Protect\n|-damage|p1b: Electabuzz|0 fnt\n|faint|p1b: Electabuzz\n|\n|-damage|p2b: Tyranitar|30\/100 brn|[from] brn\n|upkeep\n|turn|7\n|\n|t:|1732434220\n|move|p2a: Volcarona|Protect||[still]\n|-fail|p2a: Volcarona\n|move|p1a: Sneasler|Dire Claw|p2a: Volcarona\n|-damage|p2a: Volcarona|0 fnt\n|faint|p2a: Volcarona\n|move|p2b: Tyranitar|Tera Blast|p1a: Sneasler|[anim] Tera Blast Flying\n|-supereffective|p1a: Sneasler\n|-damage|p1a: Sneasler|19\/100\n|\n|-damage|p2b: Tyranitar|24\/100 brn|[from] brn\n|upkeep\n|turn|8\n|j| The Cheesen One\n|\n|t:|1732434233\n|move|p1a: Sneasler|Protect|p1a: Sneasler\n|-singleturn|p1a: Sneasler|Protect\n|move|p2b: Tyranitar|Tera Blast|p1a: Sneasler|[anim] Tera Blast Flying\n|-activate|p1a: Sneasler|move: Protect\n|\n|-damage|p2b: Tyranitar|18\/100 brn|[from] brn\n|upkeep\n|turn|9\n|\n|t:|1732434240\n|move|p1a: Sneasler|Dire Claw|p2b: Tyranitar\n|-damage|p2b: Tyranitar|0 fnt\n|faint|p2b: Tyranitar\n|\n|win|FireRedzzz\n|raw|FireRedzzz's rating: 1757 &rarr; <strong>1776<\/strong><br \/>(+19 for winning)\n|raw|bwahacough's rating: 1731 &rarr; <strong>1712<\/strong><br \/>(-19 for losing)\n|l| The Cheesen One\n|l|\u2606bwahacough\n|player|p2|\n","uploadtime":1732434407,"views":29,"formatid":"gen9vgc2024regh","rating":1712,"private":0,"password":null}