{"id":"gen9vgc2024regh-2250920283","format":"[Gen 9] VGC 2024 Reg H","players":["infinitygroudon","Spottedwoot"],"log":"|j|\u2606infinitygroudon\n|j|\u2606Spottedwoot\n|t:|1732560538\n|gametype|doubles\n|player|p1|infinitygroudon|2|1737\n|player|p2|Spottedwoot|169|1784\n|teamsize|p1|6\n|teamsize|p2|6\n|gen|9\n|tier|[Gen 9] VGC 2024 Reg H\n|rated|\n|rule|Species Clause: Limit one of each Pok\u00e9mon\n|rule|Item Clause: Limit 1 of each item\n|clearpoke\n|poke|p1|Krookodile, L50, M|\n|poke|p1|Clefairy, L50, F|\n|poke|p1|Smeargle, L50, M|\n|poke|p1|Flamigo, L50, F|\n|poke|p1|Dragonite, L50, F|\n|poke|p1|Dragapult, L50, M|\n|poke|p2|Pelipper, L50, M|\n|poke|p2|Archaludon, L50, F|\n|poke|p2|Gholdengo, L50|\n|poke|p2|Basculegion, L50, M|\n|poke|p2|Rillaboom, L50, F|\n|poke|p2|Sneasler, L50, M|\n|teampreview|4\n|\n|t:|1732560585\n|start\n|switch|p1a: Los Dardos|Dragapult, L50, M|100\/100\n|switch|p1b: Moonwater|Clefairy, L50, F|100\/100\n|switch|p2a: Pelipper|Pelipper, L50, M|100\/100\n|switch|p2b: Gholdengo|Gholdengo, L50|100\/100\n|-weather|RainDance|[from] ability: Drizzle|[of] p2a: Pelipper\n|turn|1\n|\n|t:|1732560601\n|-terastallize|p2b: Gholdengo|Steel\n|move|p1b: Moonwater|Protect|p1b: Moonwater\n|-singleturn|p1b: Moonwater|Protect\n|move|p1a: Los Dardos|Phantom Force||[still]\n|-prepare|p1a: Los Dardos|Phantom Force\n|move|p2a: Pelipper|Icy Wind|p1a: Los Dardos|[spread] \n|-miss|p2a: Pelipper|p1a: Los Dardos\n|-activate|p1b: Moonwater|move: Protect\n|move|p2b: Gholdengo|Make It Rain|p1b: Moonwater|[spread] \n|-miss|p2b: Gholdengo|p1a: Los Dardos\n|-activate|p1b: Moonwater|move: Protect\n|\n|-weather|RainDance|[upkeep]\n|upkeep\n|turn|2\n|\n|t:|1732560609\n|switch|p2b: Archaludon|Archaludon, L50, F, shiny|100\/100\n|move|p1b: Moonwater|Helping Hand|p1a: Los Dardos\n|-singleturn|p1a: Los Dardos|Helping Hand|[of] p1b: Moonwater\n|move|p1a: Los Dardos|Phantom Force|p2b: Archaludon|[from]lockedmove\n|-damage|p2b: Archaludon|25\/100\n|-ability|p2b: Archaludon|Stamina|boost\n|-boost|p2b: Archaludon|def|1\n|move|p2a: Pelipper|Icy Wind|p1b: Moonwater|[spread] p1a,p1b\n|-supereffective|p1a: Los Dardos\n|-damage|p1a: Los Dardos|75\/100\n|-damage|p1b: Moonwater|89\/100\n|-unboost|p1b: Moonwater|spe|1\n|\n|-weather|RainDance|[upkeep]\n|upkeep\n|turn|3\n|\n|t:|1732560632\n|switch|p2a: Gholdengo|Gholdengo, L50, tera:Steel|100\/100\n|move|p1b: Moonwater|Protect|p1b: Moonwater\n|-singleturn|p1b: Moonwater|Protect\n|move|p1a: Los Dardos|Phantom Force||[still]\n|-prepare|p1a: Los Dardos|Phantom Force\n|move|p2b: Archaludon|Flash Cannon|p1b: Moonwater\n|-activate|p1b: Moonwater|move: Protect\n|\n|-weather|RainDance|[upkeep]\n|upkeep\n|turn|4\n|\n|t:|1732560647\n|switch|p1b: Ramses|Krookodile, L50, M, shiny|100\/100\n|move|p1a: Los Dardos|Phantom Force|p2b: Archaludon|[from]lockedmove\n|-damage|p2b: Archaludon|0 fnt\n|faint|p2b: Archaludon\n|move|p2a: Gholdengo|Make It Rain|p1b: Ramses|[spread] p1a,p1b\n|-damage|p1a: Los Dardos|0 fnt\n|-damage|p1b: Ramses|12\/100\n|-unboost|p2a: Gholdengo|spa|1\n|faint|p1a: Los Dardos\n|-damage|p2a: Gholdengo|90\/100|[from] item: Life Orb\n|\n|-weather|RainDance|[upkeep]\n|upkeep\n|\n|t:|1732560671\n|switch|p1a: Chardonnay|Flamigo, L50, F, shiny|100\/100\n|switch|p2b: Pelipper|Pelipper, L50, M|100\/100\n|-copyboost|p1a: Chardonnay|p1b: Ramses|[from] ability: Costar\n|turn|5\n|\n|t:|1732560685\n|-terastallize|p1a: Chardonnay|Steel\n|move|p2b: Pelipper|Hurricane|p1a: Chardonnay\n|-resisted|p1a: Chardonnay\n|-damage|p1a: Chardonnay|69\/100\n|move|p1a: Chardonnay|Brave Bird|p2b: Pelipper\n|-damage|p2b: Pelipper|37\/100\n|-damage|p1a: Chardonnay|53\/100|[from] Recoil\n|move|p2a: Gholdengo|Make It Rain|p1b: Ramses|[spread] p1a,p1b\n|-resisted|p1a: Chardonnay\n|-damage|p1a: Chardonnay|21\/100\n|-damage|p1b: Ramses|0 fnt\n|-unboost|p2a: Gholdengo|spa|1\n|faint|p1b: Ramses\n|-damage|p2a: Gholdengo|80\/100|[from] item: Life Orb\n|\n|-weather|none\n|upkeep\n|\n|t:|1732560696\n|switch|p1b: Moonwater|Clefairy, L50, F|89\/100\n|turn|6\n|\n|t:|1732560705\n|switch|p2b: Basculegion|Basculegion, L50, M|100\/100\n|move|p1a: Chardonnay|Detect|p1a: Chardonnay\n|-singleturn|p1a: Chardonnay|Protect\n|move|p2a: Gholdengo|Make It Rain|p1b: Moonwater|[spread] p1b\n|-activate|p1a: Chardonnay|move: Protect\n|-supereffective|p1b: Moonwater\n|-damage|p1b: Moonwater|15\/100\n|-unboost|p2a: Gholdengo|spa|1\n|-damage|p2a: Gholdengo|70\/100|[from] item: Life Orb\n|move|p1b: Moonwater|Life Dew|p1b: Moonwater|[spread] p1a,p1b\n|-heal|p1a: Chardonnay|46\/100\n|-heal|p1b: Moonwater|40\/100\n|\n|upkeep\n|turn|7\n|\n|t:|1732560712\n|switch|p2a: Pelipper|Pelipper, L50, M|37\/100\n|-weather|RainDance|[from] ability: Drizzle|[of] p2a: Pelipper\n|move|p1b: Moonwater|Protect|p1b: Moonwater\n|-singleturn|p1b: Moonwater|Protect\n|move|p2b: Basculegion|Wave Crash|p1a: Chardonnay\n|-damage|p1a: Chardonnay|0 fnt\n|faint|p1a: Chardonnay\n|-damage|p2b: Basculegion|87\/100|[from] Recoil\n|\n|-weather|RainDance|[upkeep]\n|upkeep\n|turn|8\n|-message|infinitygroudon forfeited.\n|\n|win|Spottedwoot\n|raw|infinitygroudon's rating: 1714 &rarr; <strong>1698<\/strong><br \/>(-16 for losing)\n|raw|Spottedwoot's rating: 1784 &rarr; <strong>1800<\/strong><br \/>(+16 for winning)\n|l|\u2606infinitygroudon\n|player|p1|\n","uploadtime":1732560720,"views":112,"formatid":"gen9vgc2024regh","rating":1698,"private":0,"password":null}