{"id":"gen9vgc2024regh-2250500327","format":"[Gen 9] VGC 2024 Reg H","players":["TheDecommissioner","vgclth ttt"],"log":"|raw|<div class=\"broadcast-blue\"><strong>This battle is required to be public due to a player having a name starting with 'vgclth'.<\/div>\n|j|\u2606TheDecommissioner\n|j|\u2606vgclth ttt\n|t:|1732501915\n|gametype|doubles\n|player|p1|TheDecommissioner|preschooler|1718\n|player|p2|vgclth ttt|170|1727\n|teamsize|p1|6\n|teamsize|p2|6\n|gen|9\n|tier|[Gen 9] VGC 2024 Reg H\n|rated|\n|rule|Species Clause: Limit one of each Pok\u00e9mon\n|rule|Item Clause: Limit 1 of each item\n|clearpoke\n|poke|p1|Indeedee-F, L50, F|\n|poke|p1|Torkoal, L50, M|\n|poke|p1|Kleavor, L50, F|\n|poke|p1|Lilligant-Hisui, L50, F|\n|poke|p1|Archaludon, L50, M|\n|poke|p1|Corviknight, L50, F|\n|poke|p2|Ursaluna, L50, M|\n|poke|p2|Sinistcha, L50|\n|poke|p2|Archaludon, L50, M|\n|poke|p2|Pelipper, L50, F|\n|poke|p2|Gholdengo, L50|\n|poke|p2|Dragonite, L50, M|\n|teampreview|4\n|inactive|Battle timer is ON: inactive players will automatically lose when time's up. (requested by TheDecommissioner)\n|\n|t:|1732501942\n|start\n|switch|p1a: Lilligant|Lilligant-Hisui, L50, F|100\/100\n|switch|p1b: Kleavor|Kleavor, L50, F|100\/100\n|switch|p2a: Archaludon|Archaludon, L50, M|100\/100\n|switch|p2b: Dragonite|Dragonite, L50, M|100\/100\n|turn|1\n|\n|t:|1732501952\n|move|p1b: Kleavor|Rock Slide|p2a: Archaludon|[spread] p2b\n|-miss|p1b: Kleavor|p2a: Archaludon\n|-supereffective|p2b: Dragonite\n|-damage|p2b: Dragonite|66\/100\n|move|p1a: Lilligant|Sleep Powder|p2a: Archaludon\n|-status|p2a: Archaludon|slp|[from] move: Sleep Powder\n|cant|p2b: Dragonite|flinch\n|cant|p2a: Archaludon|slp\n|\n|upkeep\n|turn|2\n|\n|t:|1732501967\n|-terastallize|p2a: Archaludon|Fairy\n|move|p2b: Dragonite|Protect|p2b: Dragonite\n|-singleturn|p2b: Dragonite|Protect\n|move|p1b: Kleavor|Rock Slide|p2b: Dragonite|[spread] p2a\n|-activate|p2b: Dragonite|move: Protect\n|-damage|p2a: Archaludon|79\/100 slp\n|-ability|p2a: Archaludon|Stamina|boost\n|-boost|p2a: Archaludon|def|1\n|move|p1a: Lilligant|Axe Kick|p2a: Archaludon\n|-resisted|p2a: Archaludon\n|-damage|p2a: Archaludon|65\/100 slp\n|-ability|p2a: Archaludon|Stamina|boost\n|-boost|p2a: Archaludon|def|1\n|cant|p2a: Archaludon|slp\n|\n|upkeep\n|turn|3\n|\n|t:|1732501977\n|switch|p1b: Archaludon|Archaludon, L50, M|100\/100\n|switch|p2b: Ursaluna|Ursaluna, L50, M|100\/100\n|move|p1a: Lilligant|Sleep Powder|p2b: Ursaluna|[miss]\n|-miss|p1a: Lilligant|p2b: Ursaluna\n|-curestatus|p2a: Archaludon|slp|[msg]\n|move|p2a: Archaludon|Draco Meteor|p1a: Lilligant\n|-damage|p1a: Lilligant|5\/100\n|-unboost|p2a: Archaludon|spa|2\n|\n|-status|p2b: Ursaluna|brn|[from] item: Flame Orb\n|upkeep\n|turn|4\n|\n|t:|1732501995\n|-terastallize|p1b: Archaludon|Grass\n|move|p2b: Ursaluna|Protect|p2b: Ursaluna\n|-singleturn|p2b: Ursaluna|Protect\n|move|p1a: Lilligant|Bullet Seed|p1b: Archaludon\n|-resisted|p1b: Archaludon\n|-damage|p1b: Archaludon|96\/100\n|-ability|p1b: Archaludon|Stamina|boost\n|-boost|p1b: Archaludon|def|1\n|-resisted|p1b: Archaludon\n|-damage|p1b: Archaludon|93\/100\n|-ability|p1b: Archaludon|Stamina|boost\n|-boost|p1b: Archaludon|def|1\n|-hitcount|p1b: Archaludon|2\n|move|p2a: Archaludon|Body Press|p1a: Lilligant\n|-damage|p1a: Lilligant|0 fnt\n|faint|p1a: Lilligant\n|move|p1b: Archaludon|Body Press|p2b: Ursaluna\n|-activate|p2b: Ursaluna|move: Protect\n|\n|-damage|p2b: Ursaluna|95\/100 brn|[from] brn\n|upkeep\n|\n|t:|1732502003\n|switch|p1a: Indeedee|Indeedee-F, L50, F|100\/100\n|-fieldstart|move: Psychic Terrain|[from] ability: Psychic Surge|[of] p1a: Indeedee\n|-enditem|p1a: Indeedee|Psychic Seed\n|-boost|p1a: Indeedee|spd|1|[from] item: Psychic Seed\n|turn|5\n|\n|t:|1732502008\n|switch|p2b: Dragonite|Dragonite, L50, M|66\/100\n|move|p2a: Archaludon|Snarl|p1a: Indeedee|[spread] p1a,p1b\n|-supereffective|p1a: Indeedee\n|-damage|p1a: Indeedee|91\/100\n|-damage|p1b: Archaludon|89\/100\n|-unboost|p1a: Indeedee|spa|1\n|-unboost|p1b: Archaludon|spa|1\n|-ability|p1b: Archaludon|Stamina|boost\n|-boost|p1b: Archaludon|def|1\n|move|p1a: Indeedee|Psychic|p2b: Dragonite\n|-crit|p2b: Dragonite\n|-damage|p2b: Dragonite|6\/100\n|move|p1b: Archaludon|Body Press|p2b: Dragonite\n|-resisted|p2b: Dragonite\n|-damage|p2b: Dragonite|0 fnt\n|faint|p2b: Dragonite\n|\n|upkeep\n|\n|t:|1732502022\n|switch|p2b: Pelipper|Pelipper, L50, F|100\/100\n|-weather|RainDance|[from] ability: Drizzle|[of] p2b: Pelipper\n|turn|6\n|\n|t:|1732502031\n|move|p2b: Pelipper|Protect|p2b: Pelipper\n|-singleturn|p2b: Pelipper|Protect\n|move|p2a: Archaludon|Body Press|p1a: Indeedee\n|-damage|p1a: Indeedee|50\/100\n|move|p1b: Archaludon|Electro Shot||[still]\n|-prepare|p1b: Archaludon|Electro Shot\n|-boost|p1b: Archaludon|spa|1\n|-anim|p1b: Archaludon|Electro Shot|p2b: Pelipper\n|-activate|p2b: Pelipper|move: Protect\n|move|p1a: Indeedee|Psychic|p2b: Pelipper\n|-activate|p2b: Pelipper|move: Protect\n|\n|-weather|RainDance|[upkeep]\n|upkeep\n|turn|7\n|\n|t:|1732502044\n|switch|p2b: Ursaluna|Ursaluna, L50, M|95\/100 brn\n|move|p2a: Archaludon|Snarl|p1a: Indeedee|[spread] p1a,p1b\n|-supereffective|p1a: Indeedee\n|-damage|p1a: Indeedee|41\/100\n|-damage|p1b: Archaludon|85\/100\n|-unboost|p1a: Indeedee|spa|1\n|-unboost|p1b: Archaludon|spa|1\n|-ability|p1b: Archaludon|Stamina|boost\n|-boost|p1b: Archaludon|def|1\n|move|p1a: Indeedee|Psychic|p2b: Ursaluna\n|-damage|p2b: Ursaluna|79\/100 brn\n|move|p1b: Archaludon|Electro Shot||[still]\n|-prepare|p1b: Archaludon|Electro Shot\n|-boost|p1b: Archaludon|spa|1\n|-anim|p1b: Archaludon|Electro Shot|p2b: Ursaluna\n|-immune|p2b: Ursaluna\n|\n|-weather|RainDance|[upkeep]\n|-damage|p2b: Ursaluna|73\/100 brn|[from] brn\n|upkeep\n|turn|8\n|\n|t:|1732502068\n|move|p1a: Indeedee|Follow Me|p1a: Indeedee\n|-singleturn|p1a: Indeedee|move: Follow Me\n|move|p2a: Archaludon|Body Press|p1a: Indeedee\n|-damage|p1a: Indeedee|0 fnt\n|faint|p1a: Indeedee\n|move|p1b: Archaludon|Body Press|p2b: Ursaluna\n|-supereffective|p2b: Ursaluna\n|-damage|p2b: Ursaluna|0 fnt\n|faint|p2b: Ursaluna\n|\n|-weather|RainDance|[upkeep]\n|upkeep\n|\n|t:|1732502077\n|switch|p1a: Kleavor|Kleavor, L50, F|100\/100\n|switch|p2b: Pelipper|Pelipper, L50, F|100\/100\n|turn|9\n|\n|t:|1732502098\n|move|p2b: Pelipper|Protect|p2b: Pelipper\n|-singleturn|p2b: Pelipper|Protect\n|move|p1a: Kleavor|Rock Slide|p2b: Pelipper|[spread] \n|-activate|p2b: Pelipper|move: Protect\n|-miss|p1a: Kleavor|p2a: Archaludon\n|move|p2a: Archaludon|Body Press|p1a: Kleavor\n|-damage|p1a: Kleavor|44\/100\n|move|p1b: Archaludon|Flash Cannon|p2a: Archaludon\n|-supereffective|p2a: Archaludon\n|-damage|p2a: Archaludon|10\/100\n|-ability|p2a: Archaludon|Stamina|boost\n|-boost|p2a: Archaludon|def|1\n|\n|-weather|RainDance|[upkeep]\n|-fieldend|move: Psychic Terrain\n|upkeep\n|turn|10\n|\n|t:|1732502113\n|move|p2b: Pelipper|Wide Guard|p2b: Pelipper\n|-singleturn|p2b: Pelipper|Wide Guard\n|move|p1a: Kleavor|Rock Slide|p2a: Archaludon|[spread] \n|-activate|p2a: Archaludon|move: Wide Guard\n|-activate|p2b: Pelipper|move: Wide Guard\n|move|p2a: Archaludon|Body Press|p1a: Kleavor\n|-damage|p1a: Kleavor|0 fnt\n|faint|p1a: Kleavor\n|move|p1b: Archaludon|Electro Shot||[still]\n|-prepare|p1b: Archaludon|Electro Shot\n|-boost|p1b: Archaludon|spa|1\n|-anim|p1b: Archaludon|Electro Shot|p2b: Pelipper\n|-supereffective|p2b: Pelipper\n|-enditem|p2b: Pelipper|Focus Sash\n|-damage|p2b: Pelipper|1\/100\n|\n|-weather|none\n|upkeep\n|turn|11\n|\n|t:|1732502128\n|move|p2a: Archaludon|Draco Meteor|p1b: Archaludon\n|-damage|p1b: Archaludon|68\/100\n|-unboost|p2a: Archaludon|spa|2\n|-ability|p1b: Archaludon|Stamina|boost\n|-boost|p1b: Archaludon|def|1\n|move|p2b: Pelipper|Hurricane|p1b: Archaludon|[miss]\n|-miss|p2b: Pelipper|p1b: Archaludon\n|move|p1b: Archaludon|Flash Cannon|p2a: Archaludon\n|-supereffective|p2a: Archaludon\n|-damage|p2a: Archaludon|0 fnt\n|faint|p2a: Archaludon\n|\n|upkeep\n|turn|12\n|\n|t:|1732502138\n|move|p2b: Pelipper|Hurricane|p1b: Archaludon\n|-supereffective|p1b: Archaludon\n|-damage|p1b: Archaludon|7\/100\n|-start|p1b: Archaludon|confusion\n|-ability|p1b: Archaludon|Stamina|boost\n|-boost|p1b: Archaludon|def|1\n|-activate|p1b: Archaludon|confusion\n|move|p1b: Archaludon|Flash Cannon|p2b: Pelipper\n|-resisted|p2b: Pelipper\n|-damage|p2b: Pelipper|0 fnt\n|faint|p2b: Pelipper\n|\n|win|TheDecommissioner\n|raw|TheDecommissioner's rating: 1718 &rarr; <strong>1739<\/strong><br \/>(+21 for winning)\n|raw|vgclth ttt's rating: 1727 &rarr; <strong>1706<\/strong><br \/>(-21 for losing)\n|l|\u2606vgclth ttt\n|player|p2|\n|l|\u2606TheDecommissioner\n|player|p1|\n|j| lanlanc2\n","uploadtime":1732502275,"views":10,"formatid":"gen9vgc2024regh","rating":1706,"private":0,"password":null}