{"id":"gen9vgc2024regh-2250060088","format":"[Gen 9] VGC 2024 Reg H","players":["VGCLTH skibidi","Mattmaster2010"],"log":"|raw|<div class=\"broadcast-blue\"><strong>This battle is required to be public due to a player having a name starting with 'vgclth'.<\/div>\n|j|\u2606VGCLTH skibidi\n|j|\u2606Mattmaster2010\n|t:|1732442683\n|gametype|doubles\n|player|p1|VGCLTH skibidi|piers-masters|1814\n|player|p2|Mattmaster2010|2|1779\n|teamsize|p1|6\n|teamsize|p2|6\n|gen|9\n|tier|[Gen 9] VGC 2024 Reg H\n|rated|\n|rule|Species Clause: Limit one of each Pok\u00e9mon\n|rule|Item Clause: Limit 1 of each item\n|clearpoke\n|poke|p1|Whimsicott, L50, F|\n|poke|p1|Gallade, L50, M|\n|poke|p1|Archaludon, L50, F|\n|poke|p1|Malamar, L50, F|\n|poke|p1|Indeedee, L50, M|\n|poke|p1|Drifblim, L50, M|\n|poke|p2|Indeedee-F, L50, F|\n|poke|p2|Torkoal, L50, F|\n|poke|p2|Annihilape, L50, F|\n|poke|p2|Ursaluna, L50, M|\n|poke|p2|Hatterene, L50, F|\n|poke|p2|Armarouge, L50, F|\n|teampreview|4\n|inactive|Battle timer is ON: inactive players will automatically lose when time's up. (requested by VGCLTH skibidi)\n|inactive|VGCLTH skibidi has 60 seconds left.\n|inactive|VGCLTH skibidi has 30 seconds left.\n|\n|t:|1732442749\n|start\n|switch|p1a: \u2694\ufe0fKing\u2694\ufe0f|Gallade, L50, M, shiny|100\/100\n|switch|p1b: Bridget|Archaludon, L50, F, shiny|100\/100\n|switch|p2a: Annihilape|Annihilape, L50, F|100\/100\n|switch|p2b: Armarouge|Armarouge, L50, F|100\/100\n|turn|1\n|\n|t:|1732442760\n|switch|p1b: \ud83c\udf88\ud83d\udc7b\ud83c\udf83\ud83d\udc7b\ud83c\udf83\ud83c\udf88|Drifblim, L50, M|100\/100\n|move|p2a: Annihilape|Earthquake|p1a: \u2694\ufe0fKing\u2694\ufe0f|[spread] p2b,p1a\n|-immune|p1b: \ud83c\udf88\ud83d\udc7b\ud83c\udf83\ud83d\udc7b\ud83c\udf83\ud83c\udf88\n|-supereffective|p2b: Armarouge\n|-damage|p2b: Armarouge|62\/100\n|-damage|p1a: \u2694\ufe0fKing\u2694\ufe0f|69\/100\n|-ability|p2b: Armarouge|Weak Armor|boost\n|-unboost|p2b: Armarouge|def|1\n|-boost|p2b: Armarouge|spe|2\n|-enditem|p2b: Armarouge|Weakness Policy\n|-boost|p2b: Armarouge|atk|2|[from] item: Weakness Policy\n|-boost|p2b: Armarouge|spa|2|[from] item: Weakness Policy\n|move|p2b: Armarouge|Heat Wave|p1b: \ud83c\udf88\ud83d\udc7b\ud83c\udf83\ud83d\udc7b\ud83c\udf83\ud83c\udf88|[spread] p1a,p1b\n|-crit|p1a: \u2694\ufe0fKing\u2694\ufe0f\n|-damage|p1a: \u2694\ufe0fKing\u2694\ufe0f|0 fnt\n|-damage|p1b: \ud83c\udf88\ud83d\udc7b\ud83c\udf83\ud83d\udc7b\ud83c\udf83\ud83c\udf88|14\/100\n|faint|p1a: \u2694\ufe0fKing\u2694\ufe0f\n|\n|upkeep\n|\n|t:|1732442781\n|switch|p1a: Bridget|Archaludon, L50, F, shiny|100\/100\n|turn|2\n|\n|t:|1732442790\n|switch|p2a: Hatterene|Hatterene, L50, F|100\/100\n|move|p2b: Armarouge|Heat Wave|p1b: \ud83c\udf88\ud83d\udc7b\ud83c\udf83\ud83d\udc7b\ud83c\udf83\ud83c\udf88|[spread] p1b\n|-miss|p2b: Armarouge|p1a: Bridget\n|-damage|p1b: \ud83c\udf88\ud83d\udc7b\ud83c\udf83\ud83d\udc7b\ud83c\udf83\ud83c\udf88|0 fnt\n|faint|p1b: \ud83c\udf88\ud83d\udc7b\ud83c\udf83\ud83d\udc7b\ud83c\udf83\ud83c\udf88\n|move|p1a: Bridget|Snarl|p2a: Hatterene|[spread] p2a,p2b\n|-supereffective|p2b: Armarouge\n|-crit|p2b: Armarouge\n|-damage|p2a: Hatterene|86\/100\n|-damage|p2b: Armarouge|13\/100\n|-unboost|p2a: Hatterene|spa|1\n|-unboost|p2b: Armarouge|spa|1\n|\n|upkeep\n|\n|t:|1732442792\n|switch|p1b: Malamother|Malamar, L50, F|100\/100\n|turn|3\n|\n|t:|1732442802\n|-terastallize|p1b: Malamother|Fire\n|move|p2b: Armarouge|Heat Wave|p1b: Malamother|[spread] p1a,p1b\n|-resisted|p1b: Malamother\n|-damage|p1a: Bridget|59\/100\n|-damage|p1b: Malamother|70\/100\n|-ability|p1a: Bridget|Stamina|boost\n|-boost|p1a: Bridget|def|1\n|move|p1a: Bridget|Flash Cannon|p2a: Hatterene\n|-supereffective|p2a: Hatterene\n|-damage|p2a: Hatterene|6\/100\n|move|p1b: Malamother|Superpower|p2b: Armarouge\n|-resisted|p2b: Armarouge\n|-damage|p2b: Armarouge|0 fnt\n|-boost|p1b: Malamother|atk|1\n|-boost|p1b: Malamother|def|1\n|faint|p2b: Armarouge\n|move|p2a: Hatterene|Dazzling Gleam|p1b: Malamother|[spread] p1a,p1b\n|-resisted|p1b: Malamother\n|-damage|p1a: Bridget|39\/100\n|-damage|p1b: Malamother|55\/100\n|-ability|p1a: Bridget|Stamina|boost\n|-boost|p1a: Bridget|def|1\n|-damage|p2a: Hatterene|0 fnt|[from] item: Life Orb\n|faint|p2a: Hatterene\n|\n|upkeep\n|\n|t:|1732442817\n|switch|p2b: Indeedee|Indeedee-F, L50, F|100\/100\n|switch|p2a: Annihilape|Annihilape, L50, F|100\/100\n|-fieldstart|move: Psychic Terrain|[from] ability: Psychic Surge|[of] p2b: Indeedee\n|turn|4\n|\n|t:|1732442823\n|-terastallize|p2a: Annihilape|Stellar\n|move|p2b: Indeedee|Helping Hand|p2a: Annihilape\n|-singleturn|p2a: Annihilape|Helping Hand|[of] p2b: Indeedee\n|move|p2a: Annihilape|Close Combat|p1b: Malamother\n|-damage|p1b: Malamother|0 fnt\n|-unboost|p2a: Annihilape|def|1\n|-unboost|p2a: Annihilape|spd|1\n|faint|p1b: Malamother\n|move|p1a: Bridget|Flash Cannon|p2a: Annihilape\n|-damage|p2a: Annihilape|53\/100\n|\n|upkeep\n|turn|5\n|\n|t:|1732442835\n|move|p2b: Indeedee|Follow Me|p2b: Indeedee\n|-singleturn|p2b: Indeedee|move: Follow Me\n|move|p2a: Annihilape|Close Combat|p1a: Bridget\n|-supereffective|p1a: Bridget\n|-damage|p1a: Bridget|7\/100\n|-unboost|p2a: Annihilape|def|1\n|-unboost|p2a: Annihilape|spd|1\n|-ability|p1a: Bridget|Stamina|boost\n|-boost|p1a: Bridget|def|1\n|move|p1a: Bridget|Flash Cannon|p2b: Indeedee\n|-damage|p2b: Indeedee|63\/100\n|\n|upkeep\n|turn|6\n|-message|VGCLTH skibidi forfeited.\n|\n|win|Mattmaster2010\n|raw|VGCLTH skibidi's rating: 1814 &rarr; <strong>1792<\/strong><br \/>(-22 for losing)\n|raw|Mattmaster2010's rating: 1779 &rarr; <strong>1801<\/strong><br \/>(+22 for winning)\n|l|\u2606VGCLTH skibidi\n|player|p1|\n|l|\u2606Mattmaster2010\n|player|p2|\n","uploadtime":1732443015,"views":101,"formatid":"gen9vgc2024regh","rating":1792,"private":0,"password":null}