{"id":"gen9vgc2024regh-2250005773","format":"[Gen 9] VGC 2024 Reg H","players":["Suna56","dreamlin"],"log":"|j|\u2606Suna56\n|j|\u2606dreamlin\n|t:|1732430492\n|gametype|doubles\n|player|p1|Suna56|lisia-masters|1647\n|player|p2|dreamlin|1|1721\n|teamsize|p1|6\n|teamsize|p2|6\n|gen|9\n|tier|[Gen 9] VGC 2024 Reg H\n|rated|\n|rule|Species Clause: Limit one of each Pok\u00e9mon\n|rule|Item Clause: Limit 1 of each item\n|clearpoke\n|poke|p1|Garchomp, L50, M|\n|poke|p1|Dragonite, L50, F|\n|poke|p1|Typhlosion-Hisui, L50, M|\n|poke|p1|Indeedee-F, L50, F|\n|poke|p1|Incineroar, L50, F|\n|poke|p1|Rotom-Wash, L50|\n|poke|p2|Kommo-o, L50, M|\n|poke|p2|Sinistcha, L50|\n|poke|p2|Incineroar, L50, F|\n|poke|p2|Grimmsnarl, L50, M|\n|poke|p2|Sneasler, L50, M|\n|poke|p2|Dragonite, L50, F|\n|teampreview|4\n|inactive|Battle timer is ON: inactive players will automatically lose when time's up. (requested by Suna56)\nSuna56 has agreed to open team sheets.\n|inactive|Suna56 has 60 seconds left.\n|\n|t:|1732430533\n|start\n|switch|p1a: Incineroar|Incineroar, L50, F|100\/100\n|switch|p1b: Garchomp|Garchomp, L50, M|100\/100\n|switch|p2a: Kommo-o|Kommo-o, L50, M|100\/100\n|switch|p2b: Grimmsnarl|Grimmsnarl, L50, M|100\/100\n|-ability|p1a: Incineroar|Intimidate|boost\n|-unboost|p2a: Kommo-o|atk|1\n|-unboost|p2b: Grimmsnarl|atk|1\n|turn|1\n|\n|t:|1732430547\n|move|p1a: Incineroar|Fake Out|p2a: Kommo-o\n|-damage|p2a: Kommo-o|90\/100\n|move|p2b: Grimmsnarl|Reflect|p2b: Grimmsnarl\n|-sidestart|p2: dreamlin|Reflect\n|move|p1b: Garchomp|Swords Dance|p1b: Garchomp\n|-boost|p1b: Garchomp|atk|2\n|cant|p2a: Kommo-o|flinch\n|\n|upkeep\n|turn|2\n|inactive|Suna56 has 30 seconds left.\n|inactive|Suna56 has 20 seconds left.\n|\n|t:|1732430583\n|switch|p1a: Rotom|Rotom-Wash, L50|100\/100\n|move|p2a: Kommo-o|Protect|p2a: Kommo-o\n|-singleturn|p2a: Kommo-o|Protect\n|move|p2b: Grimmsnarl|Light Screen|p2b: Grimmsnarl\n|-sidestart|p2: dreamlin|move: Light Screen\n|move|p1b: Garchomp|Earthquake|p2a: Kommo-o|[spread] p2b\n|-activate|p2a: Kommo-o|move: Protect\n|-immune|p1a: Rotom|[from] ability: Levitate\n|-damage|p2b: Grimmsnarl|54\/100\n|\n|upkeep\n|turn|3\n|inactive|Suna56 has 30 seconds left.\n|\n|t:|1732430610\n|move|p2b: Grimmsnarl|Parting Shot|p1b: Garchomp\n|-fail|p1b: Garchomp|unboost|[from] item: Clear Amulet|[of] p1b: Garchomp\n|move|p1b: Garchomp|Swords Dance|p1b: Garchomp\n|-boost|p1b: Garchomp|atk|2\n|move|p2a: Kommo-o|Clangorous Soul|p2a: Kommo-o\n|-boost|p2a: Kommo-o|atk|1\n|-boost|p2a: Kommo-o|def|1\n|-boost|p2a: Kommo-o|spa|1\n|-boost|p2a: Kommo-o|spd|1\n|-boost|p2a: Kommo-o|spe|1\n|-damage|p2a: Kommo-o|57\/100\n|-enditem|p2a: Kommo-o|Throat Spray\n|-boost|p2a: Kommo-o|spa|1|[from] item: Throat Spray\n|move|p1a: Rotom|Eerie Impulse|p2a: Kommo-o\n|-unboost|p2a: Kommo-o|spa|2\n|\n|upkeep\n|turn|4\n|inactive|dreamlin has 30 seconds left.\n|\n|t:|1732430636\n|switch|p2b: Sinistcha|Sinistcha, L50|100\/100\n|-heal|p2a: Kommo-o|82\/100|[from] ability: Hospitality|[of] p2b: Sinistcha\n|move|p1b: Garchomp|Protect|p1b: Garchomp\n|-singleturn|p1b: Garchomp|Protect\n|move|p2a: Kommo-o|Clanging Scales|p1b: Garchomp|[spread] p1a\n|-activate|p1b: Garchomp|move: Protect\n|-damage|p1a: Rotom|64\/100\n|-unboost|p2a: Kommo-o|def|1\n|move|p1a: Rotom|Eerie Impulse|p2a: Kommo-o\n|-unboost|p2a: Kommo-o|spa|2\n|\n|upkeep\n|turn|5\n|inactive|Suna56 has 30 seconds left.\n|inactive|dreamlin has 30 seconds left.\n|inactive|Suna56 has 20 seconds left.\n|inactive|Suna56 has 15 seconds left.\n|\n|t:|1732430676\n|switch|p2a: Grimmsnarl|Grimmsnarl, L50, M|54\/100\n|switch|p1a: Incineroar|Incineroar, L50, F|100\/100\n|-ability|p1a: Incineroar|Intimidate|boost\n|-unboost|p2a: Grimmsnarl|atk|1\n|-unboost|p2b: Sinistcha|atk|1\n|-terastallize|p1b: Garchomp|Steel\n|move|p1b: Garchomp|Dragon Claw|p2b: Sinistcha\n|-damage|p2b: Sinistcha|34\/100\n|-enditem|p2b: Sinistcha|Sitrus Berry|[eat]\n|-heal|p2b: Sinistcha|58\/100|[from] item: Sitrus Berry\n|move|p2b: Sinistcha|Matcha Gotcha|p1b: Garchomp|[spread] p1a,p1b\n|-resisted|p1a: Incineroar\n|-resisted|p1b: Garchomp\n|-damage|p1a: Incineroar|94\/100\n|-heal|p2b: Sinistcha|62\/100|[from] drain|[of] p1a: Incineroar\n|-damage|p1b: Garchomp|88\/100\n|-heal|p2b: Sinistcha|70\/100|[from] drain|[of] p1b: Garchomp\n|\n|upkeep\n|turn|6\n|inactive|dreamlin has 30 seconds left.\n|\n|t:|1732430707\n|switch|p2a: Incineroar|Incineroar, L50, F|100\/100\n|-ability|p2a: Incineroar|Intimidate|boost\n|-unboost|p1a: Incineroar|atk|1\n|-fail|p1b: Garchomp|unboost|[from] item: Clear Amulet|[of] p1b: Garchomp\n|move|p1a: Incineroar|Fake Out|p2a: Incineroar\n|-damage|p2a: Incineroar|96\/100\n|move|p1b: Garchomp|Dragon Claw|p2b: Sinistcha\n|-crit|p2b: Sinistcha\n|-damage|p2b: Sinistcha|0 fnt\n|faint|p2b: Sinistcha\n|\n|upkeep\n|-message|dreamlin forfeited.\n|\n|win|Suna56\n|raw|Suna56's rating: 1647 &rarr; <strong>1671<\/strong><br \/>(+24 for winning)\n|raw|dreamlin's rating: 1721 &rarr; <strong>1697<\/strong><br \/>(-24 for losing)\n|l|\u2606dreamlin\n|player|p2|\n|l|\u2606Suna56\n|player|p1|\n","uploadtime":1732430953,"views":5,"formatid":"gen9vgc2024regh","rating":1671,"private":0,"password":null}