{"id":"gen9vgc2024regh-2250737522","format":"[Gen 9] VGC 2024 Reg H","players":["VGCLTH Rain","pult gang"],"log":"|raw|<div class=\"broadcast-blue\"><strong>This battle is required to be public due to a player having a name starting with 'vgclth'.<\/div>\n|j|\u2606VGCLTH Rain\n|j|\u2606pult gang\n|t:|1732541586\n|gametype|doubles\n|player|p1|VGCLTH Rain|265|1706\n|player|p2|pult gang|swimmer-gen4dp|1676\n|teamsize|p1|6\n|teamsize|p2|6\n|gen|9\n|tier|[Gen 9] VGC 2024 Reg H\n|rated|\n|rule|Species Clause: Limit one of each Pok\u00e9mon\n|rule|Item Clause: Limit 1 of each item\n|clearpoke\n|poke|p1|Typhlosion-Hisui, L50, M|\n|poke|p1|Glimmora, L50, M|\n|poke|p1|Grimmsnarl, L50, M|\n|poke|p1|Whimsicott, L50, F|\n|poke|p1|Ursaluna-Bloodmoon, L50, M|\n|poke|p1|Dusclops, L50, F|\n|poke|p2|Tatsugiri, L50, M|\n|poke|p2|Dondozo, L50, M|\n|poke|p2|Archaludon, L50, M|\n|poke|p2|Pelipper, L50, M|\n|poke|p2|Glimmora, L50, M|\n|poke|p2|Garchomp, L50, F|\n|teampreview|4\n|inactive|Battle timer is ON: inactive players will automatically lose when time's up. (requested by VGCLTH Rain)\n|\n|t:|1732541637\n|start\n|switch|p1a: Glimmora|Glimmora, L50, M|100\/100\n|switch|p1b: Grimmsnarl|Grimmsnarl, L50, M|100\/100\n|switch|p2a: Glimmora|Glimmora, L50, M|100\/100\n|switch|p2b: Garchomp|Garchomp, L50, F|100\/100\n|turn|1\n|\n|t:|1732541661\n|move|p1b: Grimmsnarl|Reflect|p1b: Grimmsnarl\n|-sidestart|p1: VGCLTH Rain|Reflect\n|move|p2b: Garchomp|Stomping Tantrum|p1b: Grimmsnarl\n|-damage|p1b: Grimmsnarl|70\/100\n|move|p2a: Glimmora|Earth Power|p1a: Glimmora\n|-supereffective|p1a: Glimmora\n|-enditem|p1a: Glimmora|Focus Sash\n|-damage|p1a: Glimmora|1\/100\n|move|p1a: Glimmora|Earth Power|p2a: Glimmora\n|-supereffective|p2a: Glimmora\n|-enditem|p2a: Glimmora|Focus Sash\n|-damage|p2a: Glimmora|1\/100\n|\n|upkeep\n|turn|2\n|inactive|pult gang has 30 seconds left.\n|\n|t:|1732541690\n|switch|p2a: Pelipper|Pelipper, L50, M|100\/100\n|-weather|RainDance|[from] ability: Drizzle|[of] p2a: Pelipper\n|move|p1b: Grimmsnarl|Light Screen|p1b: Grimmsnarl\n|-sidestart|p1: VGCLTH Rain|move: Light Screen\n|move|p2b: Garchomp|Earthquake|p1b: Grimmsnarl|[spread] p1a,p1b\n|-immune|p2a: Pelipper\n|-supereffective|p1a: Glimmora\n|-damage|p1a: Glimmora|0 fnt\n|-damage|p1b: Grimmsnarl|39\/100\n|-activate|p1a: Glimmora|ability: Toxic Debris\n|-sidestart|p2: pult gang|move: Toxic Spikes\n|faint|p1a: Glimmora\n|\n|-weather|RainDance|[upkeep]\n|upkeep\n|\n|t:|1732541703\n|switch|p1a: Dusclops|Dusclops, L50, F|100\/100\n|-item|p2a: Pelipper|Safety Goggles|[from] ability: Frisk|[of] p1a: Dusclops\n|-item|p2b: Garchomp|Lum Berry|[from] ability: Frisk|[of] p1a: Dusclops\n|turn|3\n|\n|t:|1732541717\n|move|p2b: Garchomp|Earthquake|p1b: Grimmsnarl|[spread] p1a,p1b\n|-immune|p2a: Pelipper\n|-damage|p1a: Dusclops|85\/100\n|-damage|p1b: Grimmsnarl|5\/100\n|move|p2a: Pelipper|Weather Ball|p1a: Dusclops\n|-damage|p1a: Dusclops|63\/100\n|move|p1b: Grimmsnarl|Spirit Break|p2a: Pelipper\n|-damage|p2a: Pelipper|68\/100\n|-unboost|p2a: Pelipper|spa|1\n|move|p1a: Dusclops|Trick Room|p1a: Dusclops\n|-fieldstart|move: Trick Room|[of] p1a: Dusclops\n|\n|-weather|RainDance|[upkeep]\n|upkeep\n|turn|4\n|inactive|pult gang has 30 seconds left.\n|\n|t:|1732541745\n|move|p1a: Dusclops|Will-O-Wisp|p2b: Garchomp\n|-status|p2b: Garchomp|brn\n|-enditem|p2b: Garchomp|Lum Berry|[eat]\n|-curestatus|p2b: Garchomp|brn|[msg]\n|move|p1b: Grimmsnarl|Spirit Break|p2b: Garchomp\n|-supereffective|p2b: Garchomp\n|-damage|p2b: Garchomp|37\/100\n|-unboost|p2b: Garchomp|spa|1\n|-damage|p1b: Grimmsnarl|0 fnt|[from] ability: Rough Skin|[of] p2b: Garchomp\n|faint|p1b: Grimmsnarl\n|move|p2a: Pelipper|Weather Ball|p1a: Dusclops\n|-damage|p1a: Dusclops|49\/100\n|move|p2b: Garchomp|Earthquake|p1a: Dusclops|[spread] p1a\n|-immune|p2a: Pelipper\n|-damage|p1a: Dusclops|31\/100\n|\n|-weather|RainDance|[upkeep]\n|upkeep\n|\n|t:|1732541749\n|switch|p1b: Ursaluna|Ursaluna-Bloodmoon, L50, M|100\/100\n|turn|5\n|inactive|pult gang has 30 seconds left.\n|\n|t:|1732541783\n|-terastallize|p1b: Ursaluna|Grass\n|move|p1a: Dusclops|Helping Hand|p1b: Ursaluna\n|-singleturn|p1b: Ursaluna|Helping Hand|[of] p1a: Dusclops\n|move|p2a: Pelipper|Protect|p2a: Pelipper\n|-singleturn|p2a: Pelipper|Protect\n|move|p2b: Garchomp|Protect|p2b: Garchomp\n|-singleturn|p2b: Garchomp|Protect\n|move|p1b: Ursaluna|Hyper Voice|p2a: Pelipper|[spread] \n|-activate|p2a: Pelipper|move: Protect\n|-activate|p2b: Garchomp|move: Protect\n|\n|-weather|RainDance|[upkeep]\n|upkeep\n|turn|6\n|\n|t:|1732541801\n|move|p2a: Pelipper|Wide Guard|p2a: Pelipper\n|-singleturn|p2a: Pelipper|Wide Guard\n|move|p1a: Dusclops|Will-O-Wisp|p2b: Garchomp\n|-status|p2b: Garchomp|brn\n|move|p1b: Ursaluna|Blood Moon|p2a: Pelipper\n|-damage|p2a: Pelipper|0 fnt\n|faint|p2a: Pelipper\n|move|p2b: Garchomp|Dragon Claw|p1a: Dusclops\n|-damage|p1a: Dusclops|22\/100\n|\n|-weather|none\n|-damage|p2b: Garchomp|31\/100 brn|[from] brn\n|upkeep\n|\n|t:|1732541817\n|switch|p2a: Glimmora|Glimmora, L50, M|1\/100\n|-sideend|p2: pult gang|move: Toxic Spikes|[of] p2a: Glimmora\n|turn|7\n|\n|t:|1732541835\n|move|p1a: Dusclops|Helping Hand|p1b: Ursaluna\n|-singleturn|p1b: Ursaluna|Helping Hand|[of] p1a: Dusclops\n|move|p2a: Glimmora|Spiky Shield|p2a: Glimmora\n|-singleturn|p2a: Glimmora|move: Protect\n|move|p1b: Ursaluna|Hyper Voice|p2a: Glimmora|[spread] p2b\n|-activate|p2a: Glimmora|move: Protect\n|-damage|p2b: Garchomp|0 fnt\n|faint|p2b: Garchomp\n|-enditem|p1b: Ursaluna|Throat Spray\n|-boost|p1b: Ursaluna|spa|1|[from] item: Throat Spray\n|\n|-fieldend|move: Trick Room\n|upkeep\n|\n|t:|1732541847\n|switch|p2b: Dondozo|Dondozo, L50, M, shiny|100\/100\n|turn|8\n|\n|t:|1732541853\n|move|p2a: Glimmora|Sludge Bomb|p1b: Ursaluna\n|-supereffective|p1b: Ursaluna\n|-damage|p1b: Ursaluna|35\/100\n|-status|p1b: Ursaluna|psn\n|move|p2b: Dondozo|Wave Crash|p1a: Dusclops\n|-damage|p1a: Dusclops|0 fnt\n|faint|p1a: Dusclops\n|-damage|p2b: Dondozo|96\/100|[from] Recoil\n|move|p1b: Ursaluna|Hyper Voice|p2b: Dondozo|[spread] p2a,p2b\n|-resisted|p2a: Glimmora\n|-damage|p2a: Glimmora|0 fnt\n|-damage|p2b: Dondozo|64\/100\n|faint|p2a: Glimmora\n|\n|-heal|p2b: Dondozo|70\/100|[from] item: Leftovers\n|-damage|p1b: Ursaluna|22\/100 psn|[from] psn\n|-sideend|p1: VGCLTH Rain|Reflect\n|upkeep\n|turn|9\n|\n|t:|1732541861\n|move|p2b: Dondozo|Protect|p2b: Dondozo\n|-singleturn|p2b: Dondozo|Protect\n|move|p1b: Ursaluna|Blood Moon|p2b: Dondozo\n|-activate|p2b: Dondozo|move: Protect\n|\n|-heal|p2b: Dondozo|76\/100|[from] item: Leftovers\n|-damage|p1b: Ursaluna|10\/100 psn|[from] psn\n|-sideend|p1: VGCLTH Rain|move: Light Screen\n|upkeep\n|turn|10\n|-message|VGCLTH Rain forfeited.\n|\n|win|pult gang\n|raw|VGCLTH Rain's rating: 1706 &rarr; <strong>1684<\/strong><br \/>(-22 for losing)\n|raw|pult gang's rating: 1676 &rarr; <strong>1698<\/strong><br \/>(+22 for winning)\n|l|\u2606VGCLTH Rain\n|player|p1|\n|l|\u2606pult gang\n|player|p2|\n","uploadtime":1732542007,"views":9,"formatid":"gen9vgc2024regh","rating":1684,"private":0,"password":null}