{"id":"gen9vgc2024regh-2250221647","format":"[Gen 9] VGC 2024 Reg H","players":["elvegis1","Foxy Regalo"],"log":"|j|\u203delvegis1\n|j|\u2606Foxy Regalo\n|t:|1732468481\n|gametype|doubles\n|player|p1|elvegis1|lucas|1731\n|player|p2|Foxy Regalo|101|1672\n|teamsize|p1|6\n|teamsize|p2|6\n|gen|9\n|tier|[Gen 9] VGC 2024 Reg H\n|rated|\n|rule|Species Clause: Limit one of each Pok\u00e9mon\n|rule|Item Clause: Limit 1 of each item\n|clearpoke\n|poke|p1|Incineroar, L50, F|\n|poke|p1|Gholdengo, L50|\n|poke|p1|Gastrodon-East, L50, M|\n|poke|p1|Ursaluna, L50, F|\n|poke|p1|Dusclops, L50, M|\n|poke|p1|Magnezone, L50|\n|poke|p2|Talonflame, L50, F|\n|poke|p2|Sneasler, L50, M|\n|poke|p2|Volcarona, L50, F|\n|poke|p2|Garchomp, L50, M|\n|poke|p2|Metagross, L50|\n|poke|p2|Ninetales-Alola, L50, M|\n|teampreview|4\n|inactive|Battle timer is ON: inactive players will automatically lose when time's up. (requested by Foxy Regalo)\n|inactive|Foxy Regalo has 60 seconds left.\n|\n|t:|1732468526\n|start\n|switch|p1a: Dusclops|Dusclops, L50, M|100\/100\n|switch|p1b: Gastrodon|Gastrodon-East, L50, M|100\/100\n|switch|p2a: Talonflame|Talonflame, L50, F|100\/100\n|switch|p2b: Volcarona|Volcarona, L50, F|100\/100\n|-item|p2a: Talonflame|Covert Cloak|[from] ability: Frisk|[of] p1a: Dusclops\n|-item|p2b: Volcarona|Sitrus Berry|[from] ability: Frisk|[of] p1a: Dusclops\n|turn|1\n|\n|t:|1732468548\n|switch|p1a: Incineroar|Incineroar, L50, F|100\/100\n|-ability|p1a: Incineroar|Intimidate|boost\n|-unboost|p2a: Talonflame|atk|1\n|-unboost|p2b: Volcarona|atk|1\n|move|p2a: Talonflame|Taunt|p1a: Incineroar\n|-start|p1a: Incineroar|move: Taunt\n|move|p2b: Volcarona|Quiver Dance|p2b: Volcarona\n|-boost|p2b: Volcarona|spa|1\n|-boost|p2b: Volcarona|spd|1\n|-boost|p2b: Volcarona|spe|1\n|move|p1b: Gastrodon|Yawn|p2b: Volcarona\n|-start|p2b: Volcarona|move: Yawn|[of] p1b: Gastrodon\n|\n|upkeep\n|turn|2\n|\n|t:|1732468572\n|move|p2a: Talonflame|Tailwind|p2a: Talonflame\n|-sidestart|p2: Foxy Regalo|move: Tailwind\n|move|p2b: Volcarona|Giga Drain|p1b: Gastrodon\n|-supereffective|p1b: Gastrodon\n|-damage|p1b: Gastrodon|0 fnt\n|faint|p1b: Gastrodon\n|move|p1a: Incineroar|Knock Off|p2a: Talonflame\n|-damage|p2a: Talonflame|50\/100\n|-enditem|p2a: Talonflame|Covert Cloak|[from] move: Knock Off|[of] p1a: Incineroar\n|\n|-end|p2b: Volcarona|move: Yawn|[silent]\n|-status|p2b: Volcarona|slp\n|upkeep\n|\n|t:|1732468586\n|switch|p1b: Ursaluna|Ursaluna, L50, F|100\/100\n|turn|3\n|inactive|elvegis1 has 30 seconds left.\n|inactive|elvegis1 has 20 seconds left.\n|inactive|elvegis1 has 15 seconds left.\n|\n|t:|1732468629\n|cant|p2b: Volcarona|slp\n|move|p2a: Talonflame|Brave Bird|p1b: Ursaluna\n|-damage|p1b: Ursaluna|80\/100\n|-damage|p2a: Talonflame|41\/100|[from] Recoil\n|move|p1a: Incineroar|Knock Off|p2b: Volcarona\n|-damage|p2b: Volcarona|59\/100 slp\n|-enditem|p2b: Volcarona|Sitrus Berry|[from] move: Knock Off|[of] p1a: Incineroar\n|move|p1b: Ursaluna|Facade|p2a: Talonflame\n|-damage|p2a: Talonflame|0 fnt\n|faint|p2a: Talonflame\n|\n|-end|p1a: Incineroar|move: Taunt\n|-status|p1b: Ursaluna|brn|[from] item: Flame Orb\n|upkeep\n|\n|t:|1732468649\n|switch|p2a: Sneasler|Sneasler, L50, M|100\/100\n|turn|4\n|inactive|Foxy Regalo has 30 seconds left.\n|\n|t:|1732468675\n|switch|p1a: Dusclops|Dusclops, L50, M|100\/100\n|-item|p2a: Sneasler|Focus Sash|[from] ability: Frisk|[of] p1a: Dusclops\n|-terastallize|p1b: Ursaluna|Ghost\n|-curestatus|p2b: Volcarona|slp|[msg]\n|move|p2b: Volcarona|Quiver Dance|p2b: Volcarona\n|-boost|p2b: Volcarona|spa|1\n|-boost|p2b: Volcarona|spd|1\n|-boost|p2b: Volcarona|spe|1\n|move|p2a: Sneasler|Coaching|p2b: Volcarona\n|-boost|p2b: Volcarona|atk|1\n|-boost|p2b: Volcarona|def|1\n|move|p1b: Ursaluna|Earthquake|p2b: Volcarona|[spread] p1a,p2a,p2b\n|-supereffective|p2a: Sneasler\n|-damage|p1a: Dusclops|62\/100\n|-enditem|p2a: Sneasler|Focus Sash\n|-damage|p2a: Sneasler|1\/100\n|-damage|p2b: Volcarona|9\/100\n|\n|-damage|p1b: Ursaluna|74\/100 brn|[from] brn\n|upkeep\n|turn|5\n|inactive|Foxy Regalo has 30 seconds left.\n|inactive|Foxy Regalo has 20 seconds left.\n|inactive|Foxy Regalo has 15 seconds left.\n|\n|t:|1732468719\n|-terastallize|p2b: Volcarona|Grass\n|move|p1b: Ursaluna|Protect|p1b: Ursaluna\n|-singleturn|p1b: Ursaluna|Protect\n|move|p2a: Sneasler|Dire Claw|p1a: Dusclops\n|-resisted|p1a: Dusclops\n|-damage|p1a: Dusclops|50\/100\n|-status|p1a: Dusclops|slp\n|move|p2b: Volcarona|Giga Drain|p1a: Dusclops\n|-damage|p1a: Dusclops|11\/100 slp\n|-heal|p2b: Volcarona|24\/100|[from] drain|[of] p1a: Dusclops\n|cant|p1a: Dusclops|slp\n|\n|-damage|p1b: Ursaluna|68\/100 brn|[from] brn\n|-sideend|p2: Foxy Regalo|move: Tailwind\n|upkeep\n|turn|6\n|\n|t:|1732468741\n|move|p2a: Sneasler|Dire Claw|p1b: Ursaluna\n|-resisted|p1b: Ursaluna\n|-damage|p1b: Ursaluna|53\/100 brn\n|move|p2b: Volcarona|Giga Drain|p1b: Ursaluna\n|-damage|p1b: Ursaluna|0 fnt\n|-heal|p2b: Volcarona|55\/100|[from] drain|[of] p1b: Ursaluna\n|faint|p1b: Ursaluna\n|cant|p1a: Dusclops|slp\n|\n|upkeep\n|\n|t:|1732468751\n|switch|p1b: Incineroar|Incineroar, L50, F|100\/100\n|-ability|p1b: Incineroar|Intimidate|boost\n|-unboost|p2a: Sneasler|atk|1\n|-unboost|p2b: Volcarona|atk|1\n|turn|7\n|\n|t:|1732468767\n|move|p1b: Incineroar|Fake Out|p2b: Volcarona\n|-damage|p2b: Volcarona|46\/100\n|move|p2a: Sneasler|Close Combat|p1b: Incineroar\n|-supereffective|p1b: Incineroar\n|-crit|p1b: Incineroar\n|-damage|p1b: Incineroar|0 fnt\n|-unboost|p2a: Sneasler|def|1\n|-unboost|p2a: Sneasler|spd|1\n|faint|p1b: Incineroar\n|cant|p2b: Volcarona|flinch\n|cant|p1a: Dusclops|slp\n|\n|upkeep\n|turn|8\n|\n|t:|1732468781\n|move|p2a: Sneasler|Dire Claw|p1a: Dusclops\n|-resisted|p1a: Dusclops\n|-damage|p1a: Dusclops|2\/100 slp\n|move|p2b: Volcarona|Giga Drain|p1a: Dusclops\n|-damage|p1a: Dusclops|0 fnt\n|-heal|p2b: Volcarona|47\/100|[from] drain|[of] p1a: Dusclops\n|faint|p1a: Dusclops\n|\n|win|Foxy Regalo\n|raw|elvegis1's rating: 1731 &rarr; <strong>1708<\/strong><br \/>(-23 for losing)\n|raw|Foxy Regalo's rating: 1672 &rarr; <strong>1695<\/strong><br \/>(+23 for winning)\n","uploadtime":1732468921,"views":17,"formatid":"gen9vgc2024regh","rating":1695,"private":0,"password":null}