{"id":"gen9vgc2024regh-2250498951","format":"[Gen 9] VGC 2024 Reg H","players":["Proffesor_Karrot","TheDecommissioner"],"log":"|j|\u2606Proffesor_Karrot\n|j|\u2606TheDecommissioner\n|t:|1732501741\n|gametype|doubles\n|player|p1|Proffesor_Karrot|lady|1646\n|player|p2|TheDecommissioner|preschooler|1743\n|teamsize|p1|6\n|teamsize|p2|6\n|gen|9\n|tier|[Gen 9] VGC 2024 Reg H\n|rated|\n|rule|Species Clause: Limit one of each Pok\u00e9mon\n|rule|Item Clause: Limit 1 of each item\n|clearpoke\n|poke|p1|Incineroar, L50, F|\n|poke|p1|Rillaboom, L50, F|\n|poke|p1|Chesnaught, L50, F|\n|poke|p1|Volcarona, L50, F|\n|poke|p1|Primarina, L50, F|\n|poke|p1|Dragonite, L50, F|\n|poke|p2|Indeedee-F, L50, F|\n|poke|p2|Torkoal, L50, M|\n|poke|p2|Kleavor, L50, M|\n|poke|p2|Lilligant-Hisui, L50, F|\n|poke|p2|Archaludon, L50, F|\n|poke|p2|Corviknight, L50, F|\n|teampreview|4\n|inactive|Battle timer is ON: inactive players will automatically lose when time's up. (requested by TheDecommissioner)\n|inactive|Proffesor_Karrot also wants the timer to be on.\n|\n|t:|1732501771\n|start\n|switch|p1a: Primarina|Primarina, L50, F, shiny|100\/100\n|switch|p1b: Volcarona|Volcarona, L50, F|100\/100\n|switch|p2a: Lilligant|Lilligant-Hisui, L50, F|100\/100\n|switch|p2b: Torkoal|Torkoal, L50, M|100\/100\n|-weather|SunnyDay|[from] ability: Drought|[of] p2b: Torkoal\n|turn|1\n|\n|t:|1732501783\n|switch|p1a: Incineroar|Incineroar, L50, F, shiny|100\/100\n|-ability|p1a: Incineroar|Intimidate|boost\n|-unboost|p2a: Lilligant|atk|1\n|-unboost|p2b: Torkoal|atk|1\n|switch|p2b: Archaludon|Archaludon, L50, F|100\/100\n|move|p2a: Lilligant|Sleep Powder|p1b: Volcarona\n|-status|p1b: Volcarona|slp|[from] move: Sleep Powder\n|cant|p1b: Volcarona|slp\n|\n|-weather|SunnyDay|[upkeep]\n|upkeep\n|turn|2\n|\n|t:|1732501802\n|-terastallize|p2a: Lilligant|Ghost\n|-terastallize|p1a: Incineroar|Ghost\n|move|p2a: Lilligant|Bullet Seed|p2b: Archaludon\n|-resisted|p2b: Archaludon\n|-damage|p2b: Archaludon|99\/100\n|-ability|p2b: Archaludon|Stamina|boost\n|-boost|p2b: Archaludon|def|1\n|-resisted|p2b: Archaludon\n|-damage|p2b: Archaludon|98\/100\n|-ability|p2b: Archaludon|Stamina|boost\n|-boost|p2b: Archaludon|def|1\n|-hitcount|p2b: Archaludon|2\n|-curestatus|p1b: Volcarona|slp|[msg]\n|move|p1b: Volcarona|Tailwind|p1b: Volcarona\n|-sidestart|p1: Proffesor_Karrot|move: Tailwind\n|move|p1a: Incineroar|Knock Off|p2a: Lilligant\n|-supereffective|p2a: Lilligant\n|-damage|p2a: Lilligant|0 fnt\n|-enditem|p2a: Lilligant|Wide Lens|[from] move: Knock Off|[of] p1a: Incineroar\n|faint|p2a: Lilligant\n|move|p2b: Archaludon|Body Press|p1a: Incineroar\n|-immune|p1a: Incineroar\n|\n|-weather|SunnyDay|[upkeep]\n|upkeep\n|\n|t:|1732501807\n|switch|p2a: Indeedee|Indeedee-F, L50, F|100\/100\n|-fieldstart|move: Psychic Terrain|[from] ability: Psychic Surge|[of] p2a: Indeedee\n|-enditem|p2a: Indeedee|Psychic Seed\n|-boost|p2a: Indeedee|spd|1|[from] item: Psychic Seed\n|turn|3\n|\n|t:|1732501813\n|move|p1b: Volcarona|Heat Wave|p2b: Archaludon|[spread] p2a,p2b\n|-damage|p2a: Indeedee|68\/100\n|-damage|p2b: Archaludon|71\/100\n|-ability|p2b: Archaludon|Stamina|boost\n|-boost|p2b: Archaludon|def|1\n|move|p1a: Incineroar|Knock Off|p2a: Indeedee\n|-supereffective|p2a: Indeedee\n|-damage|p2a: Indeedee|20\/100\n|move|p2b: Archaludon|Body Press|p1b: Volcarona\n|-resisted|p1b: Volcarona\n|-damage|p1b: Volcarona|75\/100\n|move|p2a: Indeedee|Trick Room|p2a: Indeedee\n|-fieldstart|move: Trick Room|[of] p2a: Indeedee\n|\n|-weather|SunnyDay|[upkeep]\n|upkeep\n|turn|4\n|\n|t:|1732501822\n|move|p2b: Archaludon|Dragon Pulse|p1b: Volcarona\n|-damage|p1b: Volcarona|44\/100\n|move|p2a: Indeedee|Psychic|p1b: Volcarona\n|-damage|p1b: Volcarona|7\/100\n|move|p1a: Incineroar|Flare Blitz|p2b: Archaludon\n|-damage|p2b: Archaludon|49\/100\n|-ability|p2b: Archaludon|Stamina|boost\n|-boost|p2b: Archaludon|def|1\n|-damage|p1a: Incineroar|93\/100|[from] Recoil\n|move|p1b: Volcarona|Heat Wave|p2b: Archaludon|[spread] p2a,p2b\n|-crit|p2b: Archaludon\n|-damage|p2a: Indeedee|0 fnt\n|-damage|p2b: Archaludon|2\/100\n|-ability|p2b: Archaludon|Stamina|boost\n|-boost|p2b: Archaludon|def|1\n|faint|p2a: Indeedee\n|\n|-weather|SunnyDay|[upkeep]\n|upkeep\n|\n|t:|1732501825\n|switch|p2a: Torkoal|Torkoal, L50, M|100\/100\n|turn|5\n|l|\u2606Proffesor_Karrot\n|inactive|Proffesor_Karrot disconnected and has a minute to reconnect!\n|player|p1|\n|inactive|Proffesor_Karrot has 30 seconds left.\n|j|\u2606Proffesor_Karrot\n|inactive|Proffesor_Karrot reconnected and has 30 seconds left.\n|player|p1|Proffesor_Karrot|lady|\n|inactive|Proffesor_Karrot has 20 seconds left.\n|inactive|Proffesor_Karrot has 15 seconds left.\n|inactive|Proffesor_Karrot has 10 seconds left.\n|inactive|Proffesor_Karrot has 5 seconds left.\n|\n|t:|1732501880\n|move|p1a: Incineroar|Fake Out||[still]\n|-hint|Fake Out only works on your first turn out.\n|-fail|p1a: Incineroar\n|move|p2a: Torkoal|Eruption|p1a: Incineroar|[spread] p1a,p1b\n|-damage|p1a: Incineroar|33\/100\n|-damage|p1b: Volcarona|0 fnt\n|faint|p1b: Volcarona\n|move|p2b: Archaludon|Dragon Pulse|p1a: Incineroar\n|-damage|p1a: Incineroar|5\/100\n|\n|-weather|none\n|-sideend|p1: Proffesor_Karrot|move: Tailwind\n|upkeep\n|j| lanlanc2\n|\n|t:|1732501894\n|switch|p1b: Primarina|Primarina, L50, F, shiny|100\/100\n|turn|6\n|\n|t:|1732501904\n|move|p2a: Torkoal|Eruption|p1a: Incineroar|[spread] p1a,p1b\n|-resisted|p1b: Primarina\n|-damage|p1a: Incineroar|0 fnt\n|-damage|p1b: Primarina|75\/100\n|faint|p1a: Incineroar\n|move|p1b: Primarina|Hyper Voice|p2b: Archaludon|[spread] p2a,p2b\n|-supereffective|p2a: Torkoal\n|-resisted|p2b: Archaludon\n|-damage|p2a: Torkoal|0 fnt\n|-damage|p2b: Archaludon|0 fnt\n|faint|p2a: Torkoal\n|faint|p2b: Archaludon\n|\n|win|Proffesor_Karrot\n|raw|Proffesor_Karrot's rating: 1646 &rarr; <strong>1671<\/strong><br \/>(+25 for winning)\n|raw|TheDecommissioner's rating: 1743 &rarr; <strong>1718<\/strong><br \/>(-25 for losing)\n|l|\u2606TheDecommissioner\n|player|p2|\n","uploadtime":1732501912,"views":21,"formatid":"gen9vgc2024regh","rating":1671,"private":0,"password":null}