{"id":"gen9vgc2024regh-2250520937","format":"[Gen 9] VGC 2024 Reg H","players":["sawawa256","vgclth ttt"],"log":"|raw|<div class=\"broadcast-blue\"><strong>This battle is required to be public due to a player having a name starting with 'vgclth'.<\/div>\n|j|\u2606sawawa256\n|j|\u2606vgclth ttt\n|t:|1732504582\n|gametype|doubles\n|player|p1|sawawa256|hilbert|1707\n|player|p2|vgclth ttt|170|1810\n|teamsize|p1|6\n|teamsize|p2|6\n|gen|9\n|tier|[Gen 9] VGC 2024 Reg H\n|rated|\n|rule|Species Clause: Limit one of each Pok\u00e9mon\n|rule|Item Clause: Limit 1 of each item\n|clearpoke\n|poke|p1|Rillaboom, L50, F|\n|poke|p1|Maushold-Four, L50|\n|poke|p1|Gholdengo, L50|\n|poke|p1|Dragonite, L50, M|\n|poke|p1|Garchomp, L50, F|\n|poke|p1|Sneasler, L50, F|\n|poke|p2|Ursaluna, L50, M|\n|poke|p2|Sinistcha, L50|\n|poke|p2|Archaludon, L50, F|\n|poke|p2|Pelipper, L50, M|\n|poke|p2|Gholdengo, L50|\n|poke|p2|Dragonite, L50, M|\n|teampreview|4\n|inactive|Battle timer is ON: inactive players will automatically lose when time's up. (requested by sawawa256)\n|inactive|vgclth ttt has 60 seconds left.\n|\n|t:|1732504627\n|start\n|switch|p1a: Gholdengo|Gholdengo, L50|100\/100\n|switch|p1b: Maushold|Maushold-Four, L50|100\/100\n|switch|p2a: Archaludon|Archaludon, L50, F|100\/100\n|switch|p2b: Sinistcha|Sinistcha, L50|100\/100\n|turn|1\n|\n|t:|1732504648\n|move|p1b: Maushold|Super Fang|p2b: Sinistcha\n|-immune|p2b: Sinistcha\n|move|p2a: Archaludon|Snarl|p1b: Maushold|[spread] p1a,p1b\n|-supereffective|p1a: Gholdengo\n|-damage|p1a: Gholdengo|78\/100\n|-damage|p1b: Maushold|86\/100\n|-unboost|p1a: Gholdengo|spa|1\n|-unboost|p1b: Maushold|spa|1\n|move|p1a: Gholdengo|Shadow Ball|p2b: Sinistcha\n|-supereffective|p2b: Sinistcha\n|-crit|p2b: Sinistcha\n|-damage|p2b: Sinistcha|0 fnt\n|faint|p2b: Sinistcha\n|\n|upkeep\n|\n|t:|1732504661\n|switch|p2b: Dragonite|Dragonite, L50, M|100\/100\n|turn|2\n|\n|t:|1732504675\n|move|p1b: Maushold|Protect|p1b: Maushold\n|-singleturn|p1b: Maushold|Protect\n|move|p2b: Dragonite|Scale Shot|p1b: Maushold\n|-activate|p1b: Maushold|move: Protect\n|move|p2a: Archaludon|Snarl|p1a: Gholdengo|[spread] p1a\n|-activate|p1b: Maushold|move: Protect\n|-supereffective|p1a: Gholdengo\n|-damage|p1a: Gholdengo|58\/100\n|-unboost|p1a: Gholdengo|spa|1\n|move|p1a: Gholdengo|Shadow Ball|p2b: Dragonite\n|-damage|p2b: Dragonite|81\/100\n|\n|upkeep\n|turn|3\n|inactive|sawawa256 has 30 seconds left.\n|\n|t:|1732504703\n|move|p1b: Maushold|Super Fang|p2a: Archaludon\n|-damage|p2a: Archaludon|50\/100\n|-ability|p2a: Archaludon|Stamina|boost\n|-boost|p2a: Archaludon|def|1\n|move|p2b: Dragonite|Scale Shot|p2a: Archaludon\n|-damage|p2a: Archaludon|42\/100\n|-ability|p2a: Archaludon|Stamina|boost\n|-boost|p2a: Archaludon|def|1\n|-damage|p2a: Archaludon|37\/100\n|-ability|p2a: Archaludon|Stamina|boost\n|-boost|p2a: Archaludon|def|1\n|-damage|p2a: Archaludon|33\/100\n|-ability|p2a: Archaludon|Stamina|boost\n|-boost|p2a: Archaludon|def|1\n|-damage|p2a: Archaludon|29\/100\n|-ability|p2a: Archaludon|Stamina|boost\n|-boost|p2a: Archaludon|def|1\n|-damage|p2a: Archaludon|26\/100\n|-ability|p2a: Archaludon|Stamina|boost\n|-boost|p2a: Archaludon|def|1\n|-hitcount|p2a: Archaludon|5\n|-unboost|p2b: Dragonite|def|1\n|-boost|p2b: Dragonite|spe|1\n|move|p2a: Archaludon|Snarl|p1b: Maushold|[spread] p1a,p1b\n|-supereffective|p1a: Gholdengo\n|-damage|p1a: Gholdengo|37\/100\n|-damage|p1b: Maushold|69\/100\n|-unboost|p1a: Gholdengo|spa|1\n|-unboost|p1b: Maushold|spa|1\n|move|p1a: Gholdengo|Shadow Ball|p2b: Dragonite\n|-damage|p2b: Dragonite|50\/100\n|\n|upkeep\n|turn|4\n|inactive|sawawa256 has 30 seconds left.\n|inactive|sawawa256 has 20 seconds left.\n|inactive|sawawa256 has 15 seconds left.\n|\n|t:|1732504743\n|move|p1b: Maushold|Protect|p1b: Maushold\n|-singleturn|p1b: Maushold|Protect\n|move|p2b: Dragonite|Scale Shot|p1b: Maushold\n|-activate|p1b: Maushold|move: Protect\n|move|p2a: Archaludon|Snarl|p1b: Maushold|[spread] p1a\n|-activate|p1b: Maushold|move: Protect\n|-supereffective|p1a: Gholdengo\n|-damage|p1a: Gholdengo|15\/100\n|-unboost|p1a: Gholdengo|spa|1\n|move|p1a: Gholdengo|Shadow Ball|p2b: Dragonite\n|-damage|p2b: Dragonite|24\/100\n|\n|upkeep\n|turn|5\n|\n|t:|1732504766\n|move|p2b: Dragonite|Tailwind|p2b: Dragonite\n|-sidestart|p2: vgclth ttt|move: Tailwind\n|move|p2a: Archaludon|Snarl|p1b: Maushold|[spread] p1a,p1b\n|-supereffective|p1a: Gholdengo\n|-damage|p1a: Gholdengo|0 fnt\n|-damage|p1b: Maushold|54\/100\n|-unboost|p1b: Maushold|spa|1\n|faint|p1a: Gholdengo\n|move|p1b: Maushold|Super Fang|p2a: Archaludon|[miss]\n|-miss|p1b: Maushold|p2a: Archaludon\n|\n|upkeep\n|\n|t:|1732504786\n|switch|p1a: Dragonite|Dragonite, L50, M|100\/100\n|turn|6\n|inactive|sawawa256 has 30 seconds left.\n|inactive|sawawa256 has 20 seconds left.\n|inactive|sawawa256 has 15 seconds left.\n|\n|t:|1732504830\n|switch|p2b: Gholdengo|Gholdengo, L50|100\/100\n|-terastallize|p1a: Dragonite|Normal\n|move|p1b: Maushold|Follow Me|p1b: Maushold\n|-singleturn|p1b: Maushold|move: Follow Me\n|move|p2a: Archaludon|Draco Meteor|p1b: Maushold\n|-damage|p1b: Maushold|0 fnt\n|-unboost|p2a: Archaludon|spa|2\n|faint|p1b: Maushold\n|move|p1a: Dragonite|Haze|p1a: Dragonite\n|-clearallboost\n|\n|upkeep\n|\n|t:|1732504845\n|switch|p1b: Sneasler|Sneasler, L50, F|100\/100\n|turn|7\n|j| Bloodyknuckles\n|inactive|sawawa256 has 30 seconds left.\n|\n|t:|1732504875\n|move|p2b: Gholdengo|Make It Rain|p1a: Dragonite|[spread] p1a,p1b\n|-damage|p1a: Dragonite|78\/100\n|-damage|p1b: Sneasler|37\/100\n|-unboost|p2b: Gholdengo|spa|1\n|-enditem|p1b: Sneasler|Sitrus Berry|[eat]\n|-heal|p1b: Sneasler|61\/100|[from] item: Sitrus Berry\n|move|p1b: Sneasler|Throat Chop|p2b: Gholdengo\n|-supereffective|p2b: Gholdengo\n|-damage|p2b: Gholdengo|45\/100\n|-start|p2b: Gholdengo|Throat Chop|[silent]\n|move|p2a: Archaludon|Draco Meteor|p1a: Dragonite\n|-damage|p1a: Dragonite|18\/100\n|-unboost|p2a: Archaludon|spa|2\n|move|p1a: Dragonite|Scale Shot|p2b: Gholdengo\n|-resisted|p2b: Gholdengo\n|-damage|p2b: Gholdengo|38\/100\n|-resisted|p2b: Gholdengo\n|-damage|p2b: Gholdengo|31\/100\n|-resisted|p2b: Gholdengo\n|-damage|p2b: Gholdengo|25\/100\n|-resisted|p2b: Gholdengo\n|-damage|p2b: Gholdengo|18\/100\n|-resisted|p2b: Gholdengo\n|-damage|p2b: Gholdengo|11\/100\n|-hitcount|p2b: Gholdengo|5\n|-unboost|p1a: Dragonite|def|1\n|-boost|p1a: Dragonite|spe|1\n|\n|upkeep\n|turn|8\n|inactive|sawawa256 has 30 seconds left.\n|inactive|vgclth ttt has 30 seconds left.\n|inactive|sawawa256 has 20 seconds left.\n|inactive|vgclth ttt has 20 seconds left.\n|inactive|sawawa256 has 15 seconds left.\n|inactive|sawawa256 has 10 seconds left.\n|\n|t:|1732504923\n|move|p1b: Sneasler|Protect|p1b: Sneasler\n|-singleturn|p1b: Sneasler|Protect\n|move|p2b: Gholdengo|Make It Rain|p1a: Dragonite|[spread] p1a\n|-activate|p1b: Sneasler|move: Protect\n|-damage|p1a: Dragonite|0 fnt\n|-unboost|p2b: Gholdengo|spa|1\n|faint|p1a: Dragonite\n|move|p2a: Archaludon|Draco Meteor|p1b: Sneasler\n|-activate|p1b: Sneasler|move: Protect\n|\n|-end|p2b: Gholdengo|Throat Chop|[silent]\n|-sideend|p2: vgclth ttt|move: Tailwind\n|upkeep\n|turn|9\n|-message|sawawa256 forfeited.\n|\n|win|vgclth ttt\n|raw|sawawa256's rating: 1707 &rarr; <strong>1693<\/strong><br \/>(-14 for losing)\n|raw|vgclth ttt's rating: 1810 &rarr; <strong>1824<\/strong><br \/>(+14 for winning)\n|l|\u2606vgclth ttt\n|player|p2|\n","uploadtime":1732505166,"views":9,"formatid":"gen9vgc2024regh","rating":1693,"private":0,"password":null}