{"id":"gen9vgc2024regh-2250511844","format":"[Gen 9] VGC 2024 Reg H","players":["Chicken Quesarito","vgclth ttt"],"log":"|raw|<div class=\"broadcast-blue\"><strong>This battle is required to be public due to a player having a name starting with 'vgclth'.<\/div>\n|j|\u2606Chicken Quesarito\n|j|\u2606vgclth ttt\n|t:|1732503385\n|gametype|doubles\n|player|p1|Chicken Quesarito|lucas-gen4pt|1731\n|player|p2|vgclth ttt|170|1707\n|teamsize|p1|6\n|teamsize|p2|6\n|gen|9\n|tier|[Gen 9] VGC 2024 Reg H\n|rated|\n|rule|Species Clause: Limit one of each Pok\u00e9mon\n|rule|Item Clause: Limit 1 of each item\n|clearpoke\n|poke|p1|Ursaluna, L50, M|\n|poke|p1|Amoonguss, L50, F|\n|poke|p1|Porygon2, L50|\n|poke|p1|Incineroar, L50, F|\n|poke|p1|Gholdengo, L50|\n|poke|p1|Maushold-Four, L50|\n|poke|p2|Ursaluna, L50, M|\n|poke|p2|Sinistcha, L50|\n|poke|p2|Archaludon, L50, M|\n|poke|p2|Pelipper, L50, F|\n|poke|p2|Gholdengo, L50|\n|poke|p2|Dragonite, L50, F|\n|teampreview|4\n|inactive|Battle timer is ON: inactive players will automatically lose when time's up. (requested by Chicken Quesarito)\n|inactive|Chicken Quesarito has 60 seconds left.\n|\n|t:|1732503428\n|start\n|switch|p1a: Incineroar|Incineroar, L50, F|100\/100\n|switch|p1b: Porygon2|Porygon2, L50, shiny|100\/100\n|switch|p2a: Gholdengo|Gholdengo, L50|100\/100\n|switch|p2b: Archaludon|Archaludon, L50, M|100\/100\n|-ability|p1a: Incineroar|Intimidate|boost\n|-unboost|p2a: Gholdengo|atk|1\n|-unboost|p2b: Archaludon|atk|1\n|-ability|p1b: Porygon2|Download|boost\n|-boost|p1b: Porygon2|spa|1\n|turn|1\n|j| number86\n|l| number86\n|\n|t:|1732503455\n|move|p2a: Gholdengo|Trick|p1b: Porygon2\n|-activate|p2a: Gholdengo|move: Trick|[of] p1b: Porygon2\n|-item|p1b: Porygon2|Choice Scarf|[from] move: Trick\n|-item|p2a: Gholdengo|Eviolite|[from] move: Trick\n|move|p2b: Archaludon|Body Press|p1a: Incineroar\n|-supereffective|p1a: Incineroar\n|-damage|p1a: Incineroar|59\/100\n|move|p1a: Incineroar|U-turn|p2a: Gholdengo\n|-resisted|p2a: Gholdengo\n|-damage|p2a: Gholdengo|96\/100\n|\n|t:|1732503463\n|switch|p1a: Ursaluna|Ursaluna, L50, M, shiny|100\/100|[from] U-turn\n|move|p1b: Porygon2|Trick Room|p1b: Porygon2\n|-fieldstart|move: Trick Room|[of] p1b: Porygon2\n|\n|-status|p1a: Ursaluna|brn|[from] item: Flame Orb\n|upkeep\n|turn|2\n|j| number86\n|l| number86\n|inactive|Chicken Quesarito has 30 seconds left.\n|inactive|Chicken Quesarito has 20 seconds left.\n|inactive|Chicken Quesarito has 15 seconds left.\n|inactive|Chicken Quesarito has 10 seconds left.\n|inactive|Chicken Quesarito has 5 seconds left.\n|j| Bloodyknuckles\n|\n|t:|1732503516\n|switch|p1b: Incineroar|Incineroar, L50, F|59\/100\n|-ability|p1b: Incineroar|Intimidate|boost\n|-unboost|p2a: Gholdengo|atk|1\n|-unboost|p2b: Archaludon|atk|1\n|-terastallize|p2b: Archaludon|Fairy\n|move|p1a: Ursaluna|Facade|p2b: Archaludon\n|-damage|p2b: Archaludon|13\/100\n|-ability|p2b: Archaludon|Stamina|boost\n|-boost|p2b: Archaludon|def|1\n|move|p2a: Gholdengo|Make It Rain|p1a: Ursaluna|[spread] p1a,p1b\n|-resisted|p1b: Incineroar\n|-damage|p1a: Ursaluna|58\/100 brn\n|-damage|p1b: Incineroar|46\/100\n|-unboost|p2a: Gholdengo|spa|1\n|move|p2b: Archaludon|Draco Meteor|p1a: Ursaluna\n|-damage|p1a: Ursaluna|4\/100 brn\n|-unboost|p2b: Archaludon|spa|2\n|\n|-damage|p1a: Ursaluna|0 fnt|[from] brn\n|faint|p1a: Ursaluna\n|upkeep\n|inactive|Chicken Quesarito has 30 seconds left.\n|\n|t:|1732503543\n|switch|p1a: Porygon2|Porygon2, L50, shiny|100\/100\n|-ability|p1a: Porygon2|Download|boost\n|-boost|p1a: Porygon2|spa|1\n|turn|3\n|j| judang\n|\n|t:|1732503560\n|switch|p2a: Sinistcha|Sinistcha, L50|100\/100\n|-heal|p2b: Archaludon|38\/100|[from] ability: Hospitality|[of] p2a: Sinistcha\n|move|p1b: Incineroar|Knock Off|p2a: Sinistcha\n|-supereffective|p2a: Sinistcha\n|-damage|p2a: Sinistcha|25\/100\n|-damage|p1b: Incineroar|29\/100|[from] item: Rocky Helmet|[of] p2a: Sinistcha\n|-enditem|p2a: Sinistcha|Rocky Helmet|[from] move: Knock Off|[of] p1b: Incineroar\n|move|p1a: Porygon2|Ice Beam|p2b: Archaludon\n|-damage|p2b: Archaludon|7\/100\n|-ability|p2b: Archaludon|Stamina|boost\n|-boost|p2b: Archaludon|def|1\n|move|p2b: Archaludon|Body Press|p1a: Porygon2\n|-supereffective|p1a: Porygon2\n|-crit|p1a: Porygon2\n|-damage|p1a: Porygon2|0 fnt\n|faint|p1a: Porygon2\n|\n|upkeep\n|\n|t:|1732503573\n|switch|p1a: Amoonguss|Amoonguss, L50, F, shiny|100\/100\n|turn|4\n|\n|t:|1732503588\n|move|p1a: Amoonguss|Sludge Bomb|p2b: Archaludon\n|-supereffective|p2b: Archaludon\n|-damage|p2b: Archaludon|0 fnt\n|faint|p2b: Archaludon\n|move|p1b: Incineroar|Knock Off|p2a: Sinistcha\n|-supereffective|p2a: Sinistcha\n|-damage|p2a: Sinistcha|0 fnt\n|faint|p2a: Sinistcha\n|\n|upkeep\n|\n|t:|1732503591\n|switch|p2a: Gholdengo|Gholdengo, L50|96\/100\n|switch|p2b: Ursaluna|Ursaluna, L50, M|100\/100\n|turn|5\n|inactive|Chicken Quesarito has 30 seconds left.\n|inactive|Chicken Quesarito has 20 seconds left.\n|\n|t:|1732503628\n|move|p2b: Ursaluna|Protect|p2b: Ursaluna\n|-singleturn|p2b: Ursaluna|Protect\n|move|p1a: Amoonguss|Spore|p2b: Ursaluna\n|-activate|p2b: Ursaluna|move: Protect\n|move|p1b: Incineroar|Knock Off|p2a: Gholdengo\n|-supereffective|p2a: Gholdengo\n|-damage|p2a: Gholdengo|0 fnt\n|-enditem|p2a: Gholdengo|Eviolite|[from] move: Knock Off|[of] p1b: Incineroar\n|faint|p2a: Gholdengo\n|\n|-fieldend|move: Trick Room\n|-status|p2b: Ursaluna|brn|[from] item: Flame Orb\n|upkeep\n|turn|6\n|inactive|Chicken Quesarito has 30 seconds left.\n|inactive|Chicken Quesarito has 20 seconds left.\n|\n|t:|1732503665\n|move|p1b: Incineroar|Flare Blitz|p2b: Ursaluna\n|-damage|p2b: Ursaluna|61\/100 brn\n|-damage|p1b: Incineroar|14\/100|[from] Recoil\n|move|p2b: Ursaluna|Earthquake|p1a: Amoonguss|[spread] p1a,p1b\n|-supereffective|p1b: Incineroar\n|-damage|p1a: Amoonguss|51\/100\n|-damage|p1b: Incineroar|0 fnt\n|faint|p1b: Incineroar\n|move|p1a: Amoonguss|Sludge Bomb|p2b: Ursaluna\n|-resisted|p2b: Ursaluna\n|-damage|p2b: Ursaluna|51\/100 brn\n|\n|-damage|p2b: Ursaluna|45\/100 brn|[from] brn\n|upkeep\n|turn|7\n|\n|t:|1732503677\n|move|p1a: Amoonguss|Protect|p1a: Amoonguss\n|-singleturn|p1a: Amoonguss|Protect\n|move|p2b: Ursaluna|Facade|p1a: Amoonguss\n|-activate|p1a: Amoonguss|move: Protect\n|\n|-damage|p2b: Ursaluna|39\/100 brn|[from] brn\n|upkeep\n|turn|8\n|\n|t:|1732503694\n|move|p1a: Amoonguss|Protect|p1a: Amoonguss\n|-singleturn|p1a: Amoonguss|Protect\n|move|p2b: Ursaluna|Facade|p1a: Amoonguss\n|-activate|p1a: Amoonguss|move: Protect\n|\n|-damage|p2b: Ursaluna|33\/100 brn|[from] brn\n|upkeep\n|turn|9\n|\n|t:|1732503709\n|move|p2b: Ursaluna|Facade|p1a: Amoonguss\n|-damage|p1a: Amoonguss|0 fnt\n|faint|p1a: Amoonguss\n|\n|win|vgclth ttt\n|raw|Chicken Quesarito's rating: 1731 &rarr; <strong>1710<\/strong><br \/>(-21 for losing)\n|raw|vgclth ttt's rating: 1707 &rarr; <strong>1728<\/strong><br \/>(+21 for winning)\n|l|\u2606Chicken Quesarito\n|player|p1|\n|l|\u2606vgclth ttt\n|player|p2|\n","uploadtime":1732503934,"views":11,"formatid":"gen9vgc2024regh","rating":1710,"private":0,"password":null}