{"id":"gen9vgc2024regh-2250094542","format":"[Gen 9] VGC 2024 Reg H","players":["VGCLTH ladderboy66","VGCLTH Python"],"log":"|j|\u2606VGCLTH ladderboy66\n|j|\u2606VGCLTH Python\n|t:|1732449810\n|gametype|doubles\n|player|p1|VGCLTH ladderboy66|102|1686\n|player|p2|VGCLTH Python|yellow|1662\n|teamsize|p1|6\n|teamsize|p2|6\n|gen|9\n|tier|[Gen 9] VGC 2024 Reg H\n|rated|\n|rule|Species Clause: Limit one of each Pok\u00e9mon\n|rule|Item Clause: Limit 1 of each item\n|clearpoke\n|poke|p1|Archaludon, L50, F|\n|poke|p1|Whimsicott, L50, M|\n|poke|p1|Pelipper, L50, F|\n|poke|p1|Basculegion, L50, M|\n|poke|p1|Gholdengo, L50|\n|poke|p1|Rillaboom, L50, M|\n|poke|p2|Archaludon, L50, F|\n|poke|p2|Basculegion, L50, M|\n|poke|p2|Pelipper, L50, M|\n|poke|p2|Amoonguss, L50, F|\n|poke|p2|Incineroar, L50, M|\n|poke|p2|Maushold, L50|\n|teampreview|4\n|inactive|Battle timer is ON: inactive players will automatically lose when time's up. (requested by VGCLTH Python)\n|\n|t:|1732449842\n|start\n|switch|p1a: Archaludon|Archaludon, L50, F|100\/100\n|switch|p1b: Rillaboom|Rillaboom, L50, M|100\/100\n|switch|p2a: Archaludon|Archaludon, L50, F|100\/100\n|switch|p2b: Maushold|Maushold, L50|100\/100\n|-fieldstart|move: Grassy Terrain|[from] ability: Grassy Surge|[of] p1b: Rillaboom\n|turn|1\n|inactive|VGCLTH ladderboy66 has 30 seconds left.\n|inactive|VGCLTH Python has 30 seconds left.\n|\n|t:|1732449871\n|-terastallize|p1a: Archaludon|Ghost\n|move|p2b: Maushold|Protect|p2b: Maushold\n|-singleturn|p2b: Maushold|Protect\n|move|p1b: Rillaboom|Taunt|p2b: Maushold\n|-activate|p2b: Maushold|move: Protect\n|move|p2a: Archaludon|Dragon Pulse|p1a: Archaludon\n|-damage|p1a: Archaludon|70\/100\n|-ability|p1a: Archaludon|Stamina|boost\n|-boost|p1a: Archaludon|def|1\n|move|p1a: Archaludon|Snarl|p2a: Archaludon|[spread] p2a\n|-activate|p2b: Maushold|move: Protect\n|-damage|p2a: Archaludon|89\/100\n|-unboost|p2a: Archaludon|spa|1\n|-ability|p2a: Archaludon|Stamina|boost\n|-boost|p2a: Archaludon|def|1\n|\n|-heal|p2a: Archaludon|95\/100|[from] Grassy Terrain\n|-heal|p1a: Archaludon|76\/100|[from] Grassy Terrain\n|upkeep\n|turn|2\n|\n|t:|1732449895\n|switch|p1b: Gholdengo|Gholdengo, L50|100\/100\n|move|p2b: Maushold|Population Bomb|p2a: Archaludon\n|-resisted|p2a: Archaludon\n|-damage|p2a: Archaludon|92\/100\n|-ability|p2a: Archaludon|Stamina|boost\n|-boost|p2a: Archaludon|def|1\n|-resisted|p2a: Archaludon\n|-damage|p2a: Archaludon|90\/100\n|-ability|p2a: Archaludon|Stamina|boost\n|-boost|p2a: Archaludon|def|1\n|-resisted|p2a: Archaludon\n|-damage|p2a: Archaludon|88\/100\n|-ability|p2a: Archaludon|Stamina|boost\n|-boost|p2a: Archaludon|def|1\n|-resisted|p2a: Archaludon\n|-damage|p2a: Archaludon|87\/100\n|-ability|p2a: Archaludon|Stamina|boost\n|-boost|p2a: Archaludon|def|1\n|-resisted|p2a: Archaludon\n|-damage|p2a: Archaludon|85\/100\n|-ability|p2a: Archaludon|Stamina|boost\n|-boost|p2a: Archaludon|def|1\n|-resisted|p2a: Archaludon\n|-damage|p2a: Archaludon|84\/100\n|-resisted|p2a: Archaludon\n|-damage|p2a: Archaludon|83\/100\n|-resisted|p2a: Archaludon\n|-damage|p2a: Archaludon|82\/100\n|-resisted|p2a: Archaludon\n|-damage|p2a: Archaludon|81\/100\n|-resisted|p2a: Archaludon\n|-crit|p2a: Archaludon\n|-damage|p2a: Archaludon|75\/100\n|-hitcount|p2a: Archaludon|10\n|move|p2a: Archaludon|Body Press|p1b: Gholdengo\n|-immune|p1b: Gholdengo\n|move|p1a: Archaludon|Body Press|p2b: Maushold\n|-supereffective|p2b: Maushold\n|-damage|p2b: Maushold|0 fnt\n|faint|p2b: Maushold\n|\n|-heal|p2a: Archaludon|81\/100|[from] Grassy Terrain\n|-heal|p1a: Archaludon|82\/100|[from] Grassy Terrain\n|upkeep\n|\n|t:|1732449912\n|switch|p2b: Basculegion|Basculegion, L50, M|100\/100\n|turn|3\n|inactive|VGCLTH ladderboy66 has 30 seconds left.\n|inactive|VGCLTH Python has 30 seconds left.\n|j| keshaeuw\n|l| keshaeuw\n|inactive|VGCLTH ladderboy66 has 20 seconds left.\n|inactive|VGCLTH Python has 20 seconds left.\n|inactive|VGCLTH ladderboy66 has 15 seconds left.\n|inactive|VGCLTH Python has 15 seconds left.\n|\n|t:|1732449955\n|switch|p1b: Whimsicott|Whimsicott, L50, M|100\/100\n|switch|p2a: Pelipper|Pelipper, L50, M|100\/100\n|-weather|RainDance|[from] ability: Drizzle|[of] p2a: Pelipper\n|move|p2b: Basculegion|Wave Crash|p1b: Whimsicott\n|-resisted|p1b: Whimsicott\n|-damage|p1b: Whimsicott|50\/100\n|-damage|p2b: Basculegion|86\/100|[from] Recoil\n|move|p1a: Archaludon|Snarl|p2b: Basculegion|[spread] p2a,p2b\n|-supereffective|p2b: Basculegion\n|-damage|p2a: Pelipper|77\/100\n|-damage|p2b: Basculegion|54\/100\n|-unboost|p2a: Pelipper|spa|1\n|-unboost|p2b: Basculegion|spa|1\n|\n|-weather|RainDance|[upkeep]\n|-heal|p2b: Basculegion|60\/100|[from] Grassy Terrain\n|-heal|p1b: Whimsicott|56\/100|[from] Grassy Terrain\n|-heal|p1a: Archaludon|88\/100|[from] Grassy Terrain\n|upkeep\n|turn|4\n|inactive|VGCLTH ladderboy66 has 30 seconds left.\n|\n|t:|1732449983\n|move|p1b: Whimsicott|Tailwind|p1b: Whimsicott\n|-sidestart|p1: VGCLTH ladderboy66|move: Tailwind\n|move|p2b: Basculegion|Last Respects|p1a: Archaludon\n|-supereffective|p1a: Archaludon\n|-damage|p1a: Archaludon|38\/100\n|-ability|p1a: Archaludon|Stamina|boost\n|-boost|p1a: Archaludon|def|1\n|move|p1a: Archaludon|Electro Shot||[still]\n|-prepare|p1a: Archaludon|Electro Shot\n|-boost|p1a: Archaludon|spa|1\n|-anim|p1a: Archaludon|Electro Shot|p2a: Pelipper\n|-supereffective|p2a: Pelipper\n|-crit|p2a: Pelipper\n|-damage|p2a: Pelipper|0 fnt\n|faint|p2a: Pelipper\n|\n|-weather|RainDance|[upkeep]\n|-heal|p1b: Whimsicott|62\/100|[from] Grassy Terrain\n|-heal|p2b: Basculegion|67\/100|[from] Grassy Terrain\n|-heal|p1a: Archaludon|44\/100|[from] Grassy Terrain\n|upkeep\n|\n|t:|1732449992\n|switch|p2a: Archaludon|Archaludon, L50, F|81\/100\n|turn|5\n|inactive|VGCLTH ladderboy66 has 30 seconds left.\n|\n|t:|1732450027\n|move|p1b: Whimsicott|Moonblast|p2b: Basculegion\n|-damage|p2b: Basculegion|33\/100\n|move|p2b: Basculegion|Last Respects|p1a: Archaludon\n|-supereffective|p1a: Archaludon\n|-damage|p1a: Archaludon|0 fnt\n|faint|p1a: Archaludon\n|move|p2a: Archaludon|Electro Shot||[still]\n|-prepare|p2a: Archaludon|Electro Shot\n|-boost|p2a: Archaludon|spa|1\n|-anim|p2a: Archaludon|Electro Shot|p1b: Whimsicott\n|-resisted|p1b: Whimsicott\n|-damage|p1b: Whimsicott|15\/100\n|\n|-weather|RainDance|[upkeep]\n|-heal|p1b: Whimsicott|21\/100|[from] Grassy Terrain\n|-heal|p2b: Basculegion|39\/100|[from] Grassy Terrain\n|-heal|p2a: Archaludon|87\/100|[from] Grassy Terrain\n|-fieldend|move: Grassy Terrain\n|upkeep\n|\n|t:|1732450034\n|switch|p1a: Rillaboom|Rillaboom, L50, M|100\/100\n|-fieldstart|move: Grassy Terrain|[from] ability: Grassy Surge|[of] p1a: Rillaboom\n|turn|6\n|inactive|VGCLTH ladderboy66 has 30 seconds left.\n|\n|t:|1732450063\n|move|p2b: Basculegion|Protect|p2b: Basculegion\n|-singleturn|p2b: Basculegion|Protect\n|move|p1b: Whimsicott|Light Screen|p1b: Whimsicott\n|-sidestart|p1: VGCLTH ladderboy66|move: Light Screen\n|move|p1a: Rillaboom|Grassy Glide|p2b: Basculegion\n|-activate|p2b: Basculegion|move: Protect\n|move|p2a: Archaludon|Electro Shot||[still]\n|-prepare|p2a: Archaludon|Electro Shot\n|-boost|p2a: Archaludon|spa|1\n|-anim|p2a: Archaludon|Electro Shot|p1b: Whimsicott\n|-resisted|p1b: Whimsicott\n|-damage|p1b: Whimsicott|0 fnt\n|faint|p1b: Whimsicott\n|\n|-weather|RainDance|[upkeep]\n|-heal|p2b: Basculegion|45\/100|[from] Grassy Terrain\n|-heal|p2a: Archaludon|93\/100|[from] Grassy Terrain\n|upkeep\n|\n|t:|1732450069\n|switch|p1b: Gholdengo|Gholdengo, L50|100\/100\n|turn|7\n|inactive|VGCLTH ladderboy66 has 30 seconds left.\n|\n|t:|1732450094\n|-terastallize|p2b: Basculegion|Water\n|move|p2b: Basculegion|Aqua Jet|p1b: Gholdengo\n|-crit|p1b: Gholdengo\n|-damage|p1b: Gholdengo|5\/100\n|move|p1b: Gholdengo|Shadow Ball|p2a: Archaludon\n|-damage|p2a: Archaludon|34\/100\n|-unboost|p2a: Archaludon|spd|1\n|-ability|p2a: Archaludon|Stamina|boost\n|-boost|p2a: Archaludon|def|1\n|move|p1a: Rillaboom|Wood Hammer|p2b: Basculegion\n|-supereffective|p2b: Basculegion\n|-damage|p2b: Basculegion|0 fnt\n|faint|p2b: Basculegion\n|-damage|p1a: Rillaboom|84\/100|[from] Recoil\n|move|p2a: Archaludon|Electro Shot||[still]\n|-prepare|p2a: Archaludon|Electro Shot\n|-boost|p2a: Archaludon|spa|1\n|-anim|p2a: Archaludon|Electro Shot|p1b: Gholdengo\n|-damage|p1b: Gholdengo|0 fnt\n|faint|p1b: Gholdengo\n|\n|-weather|none\n|-heal|p1a: Rillaboom|90\/100|[from] Grassy Terrain\n|-heal|p2a: Archaludon|40\/100|[from] Grassy Terrain\n|-sideend|p1: VGCLTH ladderboy66|move: Tailwind\n|upkeep\n|turn|8\n|\n|t:|1732450113\n|move|p1a: Rillaboom|Wood Hammer|p2a: Archaludon\n|-resisted|p2a: Archaludon\n|-damage|p2a: Archaludon|29\/100\n|-ability|p2a: Archaludon|Stamina|boost\n|-boost|p2a: Archaludon|def|1\n|-damage|p1a: Rillaboom|86\/100|[from] Recoil\n|move|p2a: Archaludon|Dragon Pulse|p1a: Rillaboom\n|-damage|p1a: Rillaboom|2\/100\n|\n|-heal|p1a: Rillaboom|8\/100|[from] Grassy Terrain\n|-heal|p2a: Archaludon|36\/100|[from] Grassy Terrain\n|upkeep\n|turn|9\n|-message|VGCLTH ladderboy66 forfeited.\n|\n|win|VGCLTH Python\n|raw|VGCLTH ladderboy66's rating: 1686 &rarr; <strong>1665<\/strong><br \/>(-21 for losing)\n|raw|VGCLTH Python's rating: 1662 &rarr; <strong>1683<\/strong><br \/>(+21 for winning)\n|l|\u2606VGCLTH ladderboy66\n|player|p1|\n|l|\u2606VGCLTH Python\n|player|p2|\n","uploadtime":1732450320,"views":8,"formatid":"gen9vgc2024regh","rating":1665,"private":0,"password":null}