{"id":"gen9vgc2024regh-2250922161","format":"[Gen 9] VGC 2024 Reg H","players":["infinitygroudon","btest0011"],"log":"|j|\u2606infinitygroudon\n|j|\u2606btest0011\n|t:|1732560722\n|gametype|doubles\n|player|p1|infinitygroudon|2|1698\n|player|p2|btest0011|266|1714\n|teamsize|p1|6\n|teamsize|p2|6\n|gen|9\n|tier|[Gen 9] VGC 2024 Reg H\n|rated|\n|rule|Species Clause: Limit one of each Pok\u00e9mon\n|rule|Item Clause: Limit 1 of each item\n|clearpoke\n|poke|p1|Krookodile, L50, M|\n|poke|p1|Clefairy, L50, F|\n|poke|p1|Smeargle, L50, M|\n|poke|p1|Flamigo, L50, F|\n|poke|p1|Dragonite, L50, F|\n|poke|p1|Dragapult, L50, M|\n|poke|p2|Gholdengo, L50|\n|poke|p2|Sneasler, L50, F|\n|poke|p2|Incineroar, L50, M|\n|poke|p2|Dragonite, L50, M|\n|poke|p2|Amoonguss, L50, F|\n|poke|p2|Ursaluna-Bloodmoon, L50, M|\n|teampreview|4\n|inactive|Battle timer is ON: inactive players will automatically lose when time's up. (requested by btest0011)\n|inactive|btest0011 has 60 seconds left.\n|\n|t:|1732560761\n|start\n|switch|p1a: Snoopy|Smeargle, L50, M, shiny|100\/100\n|switch|p1b: Ramses|Krookodile, L50, M, shiny|100\/100\n|switch|p2a: Amoonguss|Amoonguss, L50, F|100\/100\n|switch|p2b: Dragonite|Dragonite, L50, M|100\/100\n|turn|1\n|\n|t:|1732560770\n|-terastallize|p1b: Ramses|Steel\n|move|p2a: Amoonguss|Rage Powder|p2a: Amoonguss\n|-singleturn|p2a: Amoonguss|move: Rage Powder\n|move|p1a: Snoopy|Wicked Blow|p1b: Ramses\n|-crit|p1b: Ramses\n|-damage|p1b: Ramses|94\/100\n|-setboost|p1b: Ramses|atk|6|[from] ability: Anger Point\n|move|p1b: Ramses|Knock Off|p2a: Amoonguss\n|-damage|p2a: Amoonguss|0 fnt\n|-enditem|p2a: Amoonguss|Sitrus Berry|[from] move: Knock Off|[of] p1b: Ramses\n|faint|p2a: Amoonguss\n|move|p2b: Dragonite|Tailwind|p2b: Dragonite\n|-sidestart|p2: btest0011|move: Tailwind\n|\n|-ability|p1a: Snoopy|Moody|boost\n|-boost|p1a: Snoopy|spd|2\n|-unboost|p1a: Snoopy|def|1\n|upkeep\n|\n|t:|1732560786\n|switch|p2a: Incineroar|Incineroar, L50, M|100\/100\n|-ability|p2a: Incineroar|Intimidate|boost\n|-unboost|p1a: Snoopy|atk|1\n|-unboost|p1b: Ramses|atk|1\n|turn|2\n|inactive|infinitygroudon has 30 seconds left.\n|\n|t:|1732560819\n|move|p2b: Dragonite|Haze|p2b: Dragonite\n|-clearallboost\n|move|p2a: Incineroar|Flare Blitz|p1b: Ramses\n|-supereffective|p1b: Ramses\n|-damage|p1b: Ramses|0 fnt\n|faint|p1b: Ramses\n|-damage|p2a: Incineroar|71\/100|[from] Recoil\n|move|p1a: Snoopy|Spore|p2b: Dragonite\n|-status|p2b: Dragonite|slp|[from] move: Spore\n|\n|-ability|p1a: Snoopy|Moody|boost\n|-boost|p1a: Snoopy|def|2\n|-unboost|p1a: Snoopy|spd|1\n|upkeep\n|\n|t:|1732560825\n|switch|p1b: Los Dardos|Dragapult, L50, M|100\/100\n|turn|3\n|\n|t:|1732560838\n|cant|p2b: Dragonite|slp\n|move|p1b: Los Dardos|U-turn|p2b: Dragonite\n|-resisted|p2b: Dragonite\n|-damage|p2b: Dragonite|92\/100 slp\n|\n|t:|1732560841\n|switch|p1b: Chardonnay|Flamigo, L50, F, shiny|100\/100|[from] U-turn\n|-copyboost|p1b: Chardonnay|p1a: Snoopy|[from] ability: Costar\n|move|p2a: Incineroar|Knock Off|p1b: Chardonnay\n|-resisted|p1b: Chardonnay\n|-damage|p1b: Chardonnay|89\/100\n|-enditem|p1b: Chardonnay|Clear Amulet|[from] move: Knock Off|[of] p2a: Incineroar\n|move|p1a: Snoopy|Spore|p2a: Incineroar\n|-activate|p2a: Incineroar|item: Safety Goggles|Spore\n|\n|-ability|p1a: Snoopy|Moody|boost\n|-boost|p1a: Snoopy|spa|2\n|-unboost|p1a: Snoopy|atk|1\n|upkeep\n|turn|4\n|inactive|infinitygroudon has 30 seconds left.\n|\n|t:|1732560869\n|move|p1a: Snoopy|Follow Me|p1a: Snoopy\n|-singleturn|p1a: Snoopy|move: Follow Me\n|cant|p2b: Dragonite|slp\n|move|p2a: Incineroar|Parting Shot|p1a: Snoopy\n|-unboost|p1a: Snoopy|atk|1\n|-unboost|p1a: Snoopy|spa|1\n|\n|t:|1732560875\n|switch|p2a: Ursaluna|Ursaluna-Bloodmoon, L50, M|100\/100|[from] Parting Shot\n|move|p1b: Chardonnay|Close Combat|p2a: Ursaluna\n|-supereffective|p2a: Ursaluna\n|-damage|p2a: Ursaluna|18\/100\n|-unboost|p1b: Chardonnay|def|1\n|-unboost|p1b: Chardonnay|spd|1\n|\n|-sideend|p2: btest0011|move: Tailwind\n|-ability|p1a: Snoopy|Moody|boost\n|-boost|p1a: Snoopy|atk|2\n|-unboost|p1a: Snoopy|spd|1\n|upkeep\n|turn|5\n|\n|t:|1732560889\n|switch|p2a: Incineroar|Incineroar, L50, M|71\/100\n|-ability|p2a: Incineroar|Intimidate|boost\n|-unboost|p1a: Snoopy|atk|1\n|-unboost|p1b: Chardonnay|atk|1\n|move|p1a: Snoopy|Follow Me|p1a: Snoopy\n|-singleturn|p1a: Snoopy|move: Follow Me\n|move|p1b: Chardonnay|Close Combat|p2a: Incineroar\n|-supereffective|p2a: Incineroar\n|-damage|p2a: Incineroar|11\/100\n|-unboost|p1b: Chardonnay|def|1\n|-unboost|p1b: Chardonnay|spd|1\n|cant|p2b: Dragonite|slp\n|\n|-ability|p1a: Snoopy|Moody|boost\n|-boost|p1a: Snoopy|spa|2\n|-unboost|p1a: Snoopy|def|1\n|upkeep\n|turn|6\n|\n|t:|1732560907\n|switch|p1a: Los Dardos|Dragapult, L50, M|100\/100\n|move|p2a: Incineroar|Fake Out|p1a: Los Dardos\n|-immune|p1a: Los Dardos\n|move|p1b: Chardonnay|Close Combat|p2a: Incineroar\n|-supereffective|p2a: Incineroar\n|-damage|p2a: Incineroar|0 fnt\n|-unboost|p1b: Chardonnay|def|1\n|-unboost|p1b: Chardonnay|spd|1\n|faint|p2a: Incineroar\n|-curestatus|p2b: Dragonite|slp|[msg]\n|move|p2b: Dragonite|Tailwind|p2b: Dragonite\n|-sidestart|p2: btest0011|move: Tailwind\n|\n|upkeep\n|\n|t:|1732560919\n|switch|p2a: Ursaluna|Ursaluna-Bloodmoon, L50, M|18\/100\n|turn|7\n|\n|t:|1732560942\n|switch|p1b: Snoopy|Smeargle, L50, M, shiny|100\/100\n|-terastallize|p2b: Dragonite|Fairy\n|move|p1a: Los Dardos|Sucker Punch|p2a: Ursaluna\n|-damage|p2a: Ursaluna|0 fnt\n|faint|p2a: Ursaluna\n|move|p2b: Dragonite|Scale Shot|p1a: Los Dardos\n|-supereffective|p1a: Los Dardos\n|-damage|p1a: Los Dardos|59\/100\n|-supereffective|p1a: Los Dardos\n|-damage|p1a: Los Dardos|17\/100\n|-supereffective|p1a: Los Dardos\n|-damage|p1a: Los Dardos|0 fnt\n|faint|p1a: Los Dardos\n|-hitcount|p1: Los Dardos|3\n|-unboost|p2b: Dragonite|def|1\n|-boost|p2b: Dragonite|spe|1\n|\n|-ability|p1b: Snoopy|Moody|boost\n|-boost|p1b: Snoopy|def|2\n|-unboost|p1b: Snoopy|spa|1\n|upkeep\n|\n|t:|1732560947\n|switch|p1a: Chardonnay|Flamigo, L50, F, shiny|89\/100\n|-copyboost|p1a: Chardonnay|p1b: Snoopy|[from] ability: Costar\n|turn|8\n|\n|t:|1732560963\n|move|p1b: Snoopy|Fake Out|p2b: Dragonite\n|-damage|p2b: Dragonite|86\/100\n|cant|p2b: Dragonite|flinch\n|move|p1a: Chardonnay|Brave Bird|p2b: Dragonite\n|-damage|p2b: Dragonite|2\/100\n|-damage|p1a: Chardonnay|62\/100|[from] Recoil\n|\n|-ability|p1b: Snoopy|Moody|boost\n|-boost|p1b: Snoopy|atk|2\n|-unboost|p1b: Snoopy|spa|1\n|upkeep\n|turn|9\n|\n|t:|1732560974\n|move|p2b: Dragonite|Protect|p2b: Dragonite\n|-singleturn|p2b: Dragonite|Protect\n|move|p1b: Snoopy|Follow Me|p1b: Snoopy\n|-singleturn|p1b: Snoopy|move: Follow Me\n|move|p1a: Chardonnay|Brave Bird|p2b: Dragonite\n|-activate|p2b: Dragonite|move: Protect\n|\n|-sideend|p2: btest0011|move: Tailwind\n|-ability|p1b: Snoopy|Moody|boost\n|-boost|p1b: Snoopy|atk|2\n|-unboost|p1b: Snoopy|def|1\n|upkeep\n|turn|10\n|c|\u2606btest0011|gg\n|\n|t:|1732560985\n|move|p1b: Snoopy|Follow Me|p1b: Snoopy\n|-singleturn|p1b: Snoopy|move: Follow Me\n|move|p2b: Dragonite|Scale Shot|p1b: Snoopy\n|-damage|p1b: Snoopy|76\/100\n|-damage|p1b: Snoopy|53\/100\n|-damage|p1b: Snoopy|29\/100\n|-damage|p1b: Snoopy|6\/100\n|-damage|p1b: Snoopy|0 fnt\n|faint|p1b: Snoopy\n|-hitcount|p1: Snoopy|5\n|-unboost|p2b: Dragonite|def|1\n|-boost|p2b: Dragonite|spe|1\n|move|p1a: Chardonnay|Brave Bird|p2b: Dragonite\n|-damage|p2b: Dragonite|0 fnt\n|faint|p2b: Dragonite\n|-damage|p1a: Chardonnay|62\/100|[from] Recoil\n|\n|win|infinitygroudon\n|raw|infinitygroudon's rating: 1678 &rarr; <strong>1700<\/strong><br \/>(+22 for winning)\n|raw|btest0011's rating: 1714 &rarr; <strong>1692<\/strong><br \/>(-22 for losing)\n|c|\u2606infinitygroudon|gg\n|l|\u2606infinitygroudon\n|player|p1|\n","uploadtime":1732560990,"views":55,"formatid":"gen9vgc2024regh","rating":1692,"private":0,"password":null}