{"id":"gen9vgc2024regh-2250069981","format":"[Gen 9] VGC 2024 Reg H","players":["sawawa256","FireRedzzz"],"log":"|j|\u2606sawawa256\n|j|\u2606FireRedzzz\n|t:|1732444865\n|gametype|doubles\n|player|p1|sawawa256|hilbert|1739\n|player|p2|FireRedzzz|ethan|1819\n|teamsize|p1|6\n|teamsize|p2|6\n|gen|9\n|tier|[Gen 9] VGC 2024 Reg H\n|rated|\n|rule|Species Clause: Limit one of each Pok\u00e9mon\n|rule|Item Clause: Limit 1 of each item\n|clearpoke\n|poke|p1|Rillaboom, L50, M|\n|poke|p1|Maushold-Four, L50|\n|poke|p1|Gholdengo, L50|\n|poke|p1|Dragonite, L50, M|\n|poke|p1|Garchomp, L50, F|\n|poke|p1|Sneasler, L50, F|\n|poke|p2|Kingambit, L50, F|\n|poke|p2|Electabuzz, L50, F|\n|poke|p2|Rillaboom, L50, F|\n|poke|p2|Primarina, L50, M|\n|poke|p2|Sneasler, L50, M|\n|poke|p2|Volcarona, L50, M|\n|teampreview|4\n|inactive|Battle timer is ON: inactive players will automatically lose when time's up. (requested by sawawa256)\nFireRedzzz has agreed to open team sheets.\n|inactive|sawawa256 has 60 seconds left.\n|inactive|FireRedzzz has 60 seconds left.\n|\n|t:|1732444906\n|start\n|switch|p1a: Garchomp|Garchomp, L50, F|100\/100\n|switch|p1b: Sneasler|Sneasler, L50, F|100\/100\n|switch|p2a: Volcarona|Volcarona, L50, M, shiny|100\/100\n|switch|p2b: Electabuzz|Electabuzz, L50, F|100\/100\n|turn|1\n|inactive|FireRedzzz has 30 seconds left.\n|inactive|FireRedzzz has 20 seconds left.\n|inactive|FireRedzzz has 15 seconds left.\n|inactive|FireRedzzz has 10 seconds left.\n|\n|t:|1732444952\n|switch|p2b: Rillaboom|Rillaboom, L50, F|100\/100\n|-fieldstart|move: Grassy Terrain|[from] ability: Grassy Surge|[of] p2b: Rillaboom\n|-enditem|p2a: Volcarona|Grassy Seed\n|-boost|p2a: Volcarona|def|1|[from] item: Grassy Seed\n|-terastallize|p2a: Volcarona|Fairy\n|move|p1b: Sneasler|Dire Claw|p2b: Rillaboom\n|-supereffective|p2b: Rillaboom\n|-damage|p2b: Rillaboom|25\/100\n|move|p1a: Garchomp|Stomping Tantrum|p2b: Rillaboom\n|-resisted|p2b: Rillaboom\n|-damage|p2b: Rillaboom|4\/100\n|move|p2a: Volcarona|Quiver Dance|p2a: Volcarona\n|-boost|p2a: Volcarona|spa|1\n|-boost|p2a: Volcarona|spd|1\n|-boost|p2a: Volcarona|spe|1\n|\n|-heal|p2b: Rillaboom|10\/100|[from] Grassy Terrain\n|upkeep\n|turn|2\n|inactive|sawawa256 has 30 seconds left.\n|inactive|FireRedzzz has 30 seconds left.\n|\n|t:|1732444983\n|switch|p2b: Electabuzz|Electabuzz, L50, F|100\/100\n|move|p2a: Volcarona|Protect|p2a: Volcarona\n|-singleturn|p2a: Volcarona|Protect\n|move|p1b: Sneasler|Protect|p1b: Sneasler\n|-singleturn|p1b: Sneasler|Protect\n|move|p1a: Garchomp|Protect||[still]\n|-fail|p1a: Garchomp\n|\n|upkeep\n|turn|3\n|\n|t:|1732445008\n|-terastallize|p1a: Garchomp|Fire\n|move|p2b: Electabuzz|Follow Me|p2b: Electabuzz\n|-singleturn|p2b: Electabuzz|move: Follow Me\n|move|p2a: Volcarona|Heat Wave|p1a: Garchomp|[spread] p1a,p1b\n|-resisted|p1a: Garchomp\n|-damage|p1a: Garchomp|73\/100\n|-damage|p1b: Sneasler|20\/100\n|move|p1b: Sneasler|Dire Claw|p2b: Electabuzz\n|-damage|p2b: Electabuzz|67\/100\n|move|p1a: Garchomp|Stomping Tantrum|p2b: Electabuzz\n|-supereffective|p2b: Electabuzz\n|-damage|p2b: Electabuzz|0 fnt\n|faint|p2b: Electabuzz\n|\n|-heal|p1b: Sneasler|26\/100|[from] Grassy Terrain\n|-heal|p1a: Garchomp|79\/100|[from] Grassy Terrain\n|upkeep\n|j| mr pogostick\n|\n|t:|1732445028\n|switch|p2b: Kingambit|Kingambit, L50, F|100\/100\n|turn|4\n|inactive|sawawa256 has 30 seconds left.\n|\n|t:|1732445058\n|move|p1a: Garchomp|Protect|p1a: Garchomp\n|-singleturn|p1a: Garchomp|Protect\n|move|p2b: Kingambit|Sucker Punch||[still]\n|-fail|p2b: Kingambit\n|move|p2a: Volcarona|Heat Wave|p1b: Sneasler|[spread] p1b\n|-activate|p1a: Garchomp|move: Protect\n|-damage|p1b: Sneasler|0 fnt\n|faint|p1b: Sneasler\n|\n|-heal|p1a: Garchomp|85\/100|[from] Grassy Terrain\n|upkeep\n|j| Maya Hoppins\n|\n|t:|1732445077\n|switch|p1b: Dragonite|Dragonite, L50, M|100\/100\n|turn|5\n|inactive|FireRedzzz has 30 seconds left.\n|\n|t:|1732445102\n|switch|p1a: Rillaboom|Rillaboom, L50, M|100\/100\n|move|p2b: Kingambit|Sucker Punch||[still]\n|-fail|p2b: Kingambit\n|move|p2a: Volcarona|Heat Wave|p1b: Dragonite|[spread] p1a,p1b\n|-supereffective|p1a: Rillaboom\n|-resisted|p1b: Dragonite\n|-damage|p1a: Rillaboom|13\/100\n|-damage|p1b: Dragonite|87\/100\n|move|p1b: Dragonite|Haze|p1b: Dragonite\n|-clearallboost\n|\n|-heal|p1a: Rillaboom|20\/100|[from] Grassy Terrain\n|-fieldend|move: Grassy Terrain\n|upkeep\n|turn|6\n|inactive|FireRedzzz has 30 seconds left.\n|\n|t:|1732445128\n|move|p1a: Rillaboom|Fake Out|p2b: Kingambit\n|-resisted|p2b: Kingambit\n|-damage|p2b: Kingambit|95\/100\n|move|p1b: Dragonite|Tailwind|p1b: Dragonite\n|-sidestart|p1: sawawa256|move: Tailwind\n|move|p2a: Volcarona|Quiver Dance|p2a: Volcarona\n|-boost|p2a: Volcarona|spa|1\n|-boost|p2a: Volcarona|spd|1\n|-boost|p2a: Volcarona|spe|1\n|cant|p2b: Kingambit|flinch\n|\n|upkeep\n|turn|7\n|\n|t:|1732445142\n|move|p2b: Kingambit|Sucker Punch|p1a: Rillaboom\n|-crit|p1a: Rillaboom\n|-damage|p1a: Rillaboom|0 fnt\n|faint|p1a: Rillaboom\n|move|p1b: Dragonite|Haze|p1b: Dragonite\n|-clearallboost\n|move|p2a: Volcarona|Tera Blast|p1b: Dragonite|[anim] Tera Blast Fairy\n|-supereffective|p1b: Dragonite\n|-damage|p1b: Dragonite|0 fnt\n|faint|p1b: Dragonite\n|\n|upkeep\n|-message|sawawa256 forfeited.\n|\n|win|FireRedzzz\n|raw|sawawa256's rating: 1739 &rarr; <strong>1724<\/strong><br \/>(-15 for losing)\n|raw|FireRedzzz's rating: 1819 &rarr; <strong>1834<\/strong><br \/>(+15 for winning)\n|l| mr pogostick\n","uploadtime":1732445358,"views":12,"formatid":"gen9vgc2024regh","rating":1724,"private":0,"password":null}