{"id":"gen9vgc2024regh-2250803257","format":"[Gen 9] VGC 2024 Reg H","players":["Spottedwoot","Tepig_nNz_498"],"log":"|j|\u2606Spottedwoot\n|j|\u2606Tepig_nNz_498\n|t:|1732548982\n|gametype|doubles\n|player|p1|Spottedwoot|266|1803\n|player|p2|Tepig_nNz_498|101|1837\n|teamsize|p1|6\n|teamsize|p2|6\n|gen|9\n|tier|[Gen 9] VGC 2024 Reg H\n|rated|\n|rule|Species Clause: Limit one of each Pok\u00e9mon\n|rule|Item Clause: Limit 1 of each item\n|clearpoke\n|poke|p1|Pelipper, L50, M|\n|poke|p1|Archaludon, L50, F|\n|poke|p1|Gholdengo, L50|\n|poke|p1|Basculegion, L50, M|\n|poke|p1|Rillaboom, L50, F|\n|poke|p1|Sneasler, L50, F|\n|poke|p2|Politoed, L50, M|\n|poke|p2|Archaludon, L50, M|\n|poke|p2|Basculegion, L50, M|\n|poke|p2|Ludicolo, L50, M|\n|poke|p2|Pelipper, L50, M|\n|poke|p2|Murkrow, L50, M|\n|teampreview|4\n|j| MadelineClimbs\n|inactive|Battle timer is ON: inactive players will automatically lose when time's up. (requested by Spottedwoot)\n|\n|t:|1732549019\n|start\n|switch|p1a: Archaludon|Archaludon, L50, F, shiny|100\/100\n|switch|p1b: Rillaboom|Rillaboom, L50, F|100\/100\n|switch|p2a: Ludicolo|Ludicolo, L50, M|100\/100\n|switch|p2b: Politoed|Politoed, L50, M|100\/100\n|-fieldstart|move: Grassy Terrain|[from] ability: Grassy Surge|[of] p1b: Rillaboom\n|-weather|RainDance|[from] ability: Drizzle|[of] p2b: Politoed\n|turn|1\n|\n|t:|1732549028\n|-terastallize|p2b: Politoed|Dragon\n|move|p1b: Rillaboom|Fake Out|p2a: Ludicolo\n|-damage|p2a: Ludicolo|78\/100\n|cant|p2a: Ludicolo|flinch\n|move|p1a: Archaludon|Electro Shot||[still]\n|-prepare|p1a: Archaludon|Electro Shot\n|-boost|p1a: Archaludon|spa|1\n|-anim|p1a: Archaludon|Electro Shot|p2b: Politoed\n|-resisted|p2b: Politoed\n|-damage|p2b: Politoed|69\/100\n|move|p2b: Politoed|Earth Power|p1a: Archaludon\n|-supereffective|p1a: Archaludon\n|-damage|p1a: Archaludon|41\/100\n|-ability|p1a: Archaludon|Stamina|boost\n|-boost|p1a: Archaludon|def|1\n|\n|-weather|RainDance|[upkeep]\n|-heal|p2a: Ludicolo|84\/100|[from] Grassy Terrain\n|-heal|p1a: Archaludon|47\/100|[from] Grassy Terrain\n|-heal|p2b: Politoed|75\/100|[from] Grassy Terrain\n|upkeep\n|turn|2\n|\n|t:|1732549047\n|-terastallize|p1a: Archaludon|Fairy\n|move|p2a: Ludicolo|Icy Wind|p1b: Rillaboom|[spread] p1a,p1b\n|-supereffective|p1b: Rillaboom\n|-damage|p1a: Archaludon|39\/100\n|-damage|p1b: Rillaboom|74\/100\n|-unboost|p1a: Archaludon|spe|1\n|-unboost|p1b: Rillaboom|spe|1\n|-ability|p1a: Archaludon|Stamina|boost\n|-boost|p1a: Archaludon|def|1\n|move|p2b: Politoed|Earth Power|p1a: Archaludon\n|-damage|p1a: Archaludon|9\/100\n|-ability|p1a: Archaludon|Stamina|boost\n|-boost|p1a: Archaludon|def|1\n|move|p1a: Archaludon|Draco Meteor|p2b: Politoed\n|-supereffective|p2b: Politoed\n|-crit|p2b: Politoed\n|-damage|p2b: Politoed|0 fnt\n|-unboost|p1a: Archaludon|spa|2\n|faint|p2b: Politoed\n|move|p1b: Rillaboom|Wood Hammer|p2a: Ludicolo\n|-damage|p2a: Ludicolo|0 fnt\n|faint|p2a: Ludicolo\n|-damage|p1b: Rillaboom|52\/100|[from] Recoil\n|\n|-weather|RainDance|[upkeep]\n|-heal|p1a: Archaludon|15\/100|[from] Grassy Terrain\n|-heal|p1b: Rillaboom|58\/100|[from] Grassy Terrain\n|upkeep\n|\n|t:|1732549051\n|switch|p2a: Archaludon|Archaludon, L50, M|100\/100\n|switch|p2b: Murkrow|Murkrow, L50, M|100\/100\n|turn|3\n|\n|t:|1732549063\n|move|p2b: Murkrow|Tailwind|p2b: Murkrow\n|-sidestart|p2: Tepig_nNz_498|move: Tailwind\n|move|p2a: Archaludon|Electro Shot||[still]\n|-prepare|p2a: Archaludon|Electro Shot\n|-boost|p2a: Archaludon|spa|1\n|-anim|p2a: Archaludon|Electro Shot|p1a: Archaludon\n|-damage|p1a: Archaludon|0 fnt\n|faint|p1a: Archaludon\n|move|p1b: Rillaboom|Wood Hammer|p2b: Murkrow\n|-resisted|p2b: Murkrow\n|-crit|p2b: Murkrow\n|-enditem|p2b: Murkrow|Focus Sash\n|-damage|p2b: Murkrow|1\/100\n|-damage|p1b: Rillaboom|36\/100|[from] Recoil\n|-enditem|p1b: Rillaboom|Sitrus Berry|[eat]\n|-heal|p1b: Rillaboom|61\/100|[from] item: Sitrus Berry\n|\n|-weather|RainDance|[upkeep]\n|-heal|p1b: Rillaboom|67\/100|[from] Grassy Terrain\n|upkeep\n|\n|t:|1732549075\n|switch|p1a: Sneasler|Sneasler, L50, F|100\/100\n|turn|4\n|\n|t:|1732549094\n|move|p1b: Rillaboom|Grassy Glide|p2b: Murkrow\n|-resisted|p2b: Murkrow\n|-damage|p2b: Murkrow|0 fnt\n|faint|p2b: Murkrow\n|move|p2a: Archaludon|Electro Shot||[still]\n|-prepare|p2a: Archaludon|Electro Shot\n|-boost|p2a: Archaludon|spa|1\n|-anim|p2a: Archaludon|Electro Shot|p1a: Sneasler\n|-enditem|p1a: Sneasler|Focus Sash\n|-damage|p1a: Sneasler|1\/100\n|move|p1a: Sneasler|Close Combat|p2a: Archaludon\n|-supereffective|p2a: Archaludon\n|-damage|p2a: Archaludon|11\/100\n|-unboost|p1a: Sneasler|def|1\n|-unboost|p1a: Sneasler|spd|1\n|-ability|p2a: Archaludon|Stamina|boost\n|-boost|p2a: Archaludon|def|1\n|\n|-weather|RainDance|[upkeep]\n|-heal|p1a: Sneasler|7\/100|[from] Grassy Terrain\n|-heal|p2a: Archaludon|17\/100|[from] Grassy Terrain\n|-heal|p1b: Rillaboom|73\/100|[from] Grassy Terrain\n|upkeep\n|turn|5\n|\n|t:|1732549102\n|move|p1a: Sneasler|Close Combat|p2a: Archaludon\n|-supereffective|p2a: Archaludon\n|-damage|p2a: Archaludon|0 fnt\n|-unboost|p1a: Sneasler|def|1\n|-unboost|p1a: Sneasler|spd|1\n|faint|p2a: Archaludon\n|\n|win|Spottedwoot\n|raw|Spottedwoot's rating: 1803 &rarr; <strong>1825<\/strong><br \/>(+22 for winning)\n|raw|Tepig_nNz_498's rating: 1837 &rarr; <strong>1815<\/strong><br \/>(-22 for losing)\n|l|\u2606Tepig_nNz_498\n|player|p2|\n","uploadtime":1732549105,"views":136,"formatid":"gen9vgc2024regh","rating":1815,"private":0,"password":null}