{"id":"gen9vgc2024regh-2250495531","format":"[Gen 9] VGC 2024 Reg H","players":["vgclth ttt","TheDecommissioner"],"log":"|raw|<div class=\"broadcast-blue\"><strong>This battle is required to be public due to a player having a name starting with 'vgclth'.<\/div>\n|j|\u2606vgclth ttt\n|j|\u2606TheDecommissioner\n|t:|1732501307\n|gametype|doubles\n|player|p1|vgclth ttt|170|1735\n|player|p2|TheDecommissioner|preschooler|1748\n|teamsize|p1|6\n|teamsize|p2|6\n|gen|9\n|tier|[Gen 9] VGC 2024 Reg H\n|rated|\n|rule|Species Clause: Limit one of each Pok\u00e9mon\n|rule|Item Clause: Limit 1 of each item\n|clearpoke\n|poke|p1|Ursaluna, L50, F|\n|poke|p1|Sinistcha, L50|\n|poke|p1|Archaludon, L50, M|\n|poke|p1|Pelipper, L50, M|\n|poke|p1|Gholdengo, L50|\n|poke|p1|Dragonite, L50, M|\n|poke|p2|Indeedee-F, L50, F|\n|poke|p2|Torkoal, L50, M|\n|poke|p2|Kleavor, L50, F|\n|poke|p2|Lilligant-Hisui, L50, F|\n|poke|p2|Archaludon, L50, M|\n|poke|p2|Corviknight, L50, M|\n|teampreview|4\n|inactive|Battle timer is ON: inactive players will automatically lose when time's up. (requested by TheDecommissioner)\n|\n|t:|1732501334\n|start\n|switch|p1a: Archaludon|Archaludon, L50, M|100\/100\n|switch|p1b: Dragonite|Dragonite, L50, M|100\/100\n|switch|p2a: Lilligant|Lilligant-Hisui, L50, F|100\/100\n|switch|p2b: Torkoal|Torkoal, L50, M|100\/100\n|-weather|SunnyDay|[from] ability: Drought|[of] p2b: Torkoal\n|turn|1\n|\n|t:|1732501342\n|switch|p2b: Archaludon|Archaludon, L50, M|100\/100\n|move|p1b: Dragonite|Protect|p1b: Dragonite\n|-singleturn|p1b: Dragonite|Protect\n|move|p2a: Lilligant|Sleep Powder|p1b: Dragonite\n|-activate|p1b: Dragonite|move: Protect\n|move|p1a: Archaludon|Draco Meteor|p2a: Lilligant\n|-damage|p2a: Lilligant|2\/100\n|-unboost|p1a: Archaludon|spa|2\n|\n|-weather|SunnyDay|[upkeep]\n|upkeep\n|turn|2\n|\n|t:|1732501356\n|switch|p2b: Indeedee|Indeedee-F, L50, F|100\/100\n|-fieldstart|move: Psychic Terrain|[from] ability: Psychic Surge|[of] p2b: Indeedee\n|-enditem|p2b: Indeedee|Psychic Seed\n|-boost|p2b: Indeedee|spd|1|[from] item: Psychic Seed\n|move|p2a: Lilligant|Sleep Powder|p1b: Dragonite\n|-status|p1b: Dragonite|slp|[from] move: Sleep Powder\n|cant|p1b: Dragonite|slp\n|move|p1a: Archaludon|Snarl|p2a: Lilligant|[spread] p2a,p2b\n|-resisted|p2a: Lilligant\n|-supereffective|p2b: Indeedee\n|-damage|p2a: Lilligant|0 fnt\n|-damage|p2b: Indeedee|93\/100\n|-unboost|p2b: Indeedee|spa|1\n|faint|p2a: Lilligant\n|\n|-weather|SunnyDay|[upkeep]\n|upkeep\n|\n|t:|1732501366\n|switch|p2a: Archaludon|Archaludon, L50, M|100\/100\n|turn|3\n|\n|t:|1732501375\n|cant|p1b: Dragonite|slp\n|move|p1a: Archaludon|Snarl|p2a: Archaludon|[spread] p2a,p2b\n|-supereffective|p2b: Indeedee\n|-damage|p2a: Archaludon|96\/100\n|-damage|p2b: Indeedee|85\/100\n|-unboost|p2a: Archaludon|spa|1\n|-unboost|p2b: Indeedee|spa|1\n|-ability|p2a: Archaludon|Stamina|boost\n|-boost|p2a: Archaludon|def|1\n|move|p2a: Archaludon|Dragon Pulse|p1b: Dragonite\n|-supereffective|p1b: Dragonite\n|-damage|p1b: Dragonite|77\/100 slp\n|move|p2b: Indeedee|Trick Room|p2b: Indeedee\n|-fieldstart|move: Trick Room|[of] p2b: Indeedee\n|\n|-weather|SunnyDay|[upkeep]\n|upkeep\n|turn|4\n|\n|t:|1732501390\n|move|p2a: Archaludon|Dragon Pulse|p1b: Dragonite\n|-supereffective|p1b: Dragonite\n|-damage|p1b: Dragonite|29\/100 slp\n|move|p2b: Indeedee|Psychic|p1b: Dragonite\n|-damage|p1b: Dragonite|7\/100 slp\n|move|p1a: Archaludon|Snarl|p2a: Archaludon|[spread] p2a,p2b\n|-supereffective|p2b: Indeedee\n|-damage|p2a: Archaludon|92\/100\n|-damage|p2b: Indeedee|76\/100\n|-unboost|p2a: Archaludon|spa|1\n|-unboost|p2b: Indeedee|spa|1\n|-ability|p2a: Archaludon|Stamina|boost\n|-boost|p2a: Archaludon|def|1\n|-curestatus|p1b: Dragonite|slp|[msg]\n|move|p1b: Dragonite|Haze|p1b: Dragonite\n|-clearallboost\n|\n|-weather|SunnyDay|[upkeep]\n|upkeep\n|turn|5\n|\n|t:|1732501408\n|move|p1b: Dragonite|Protect|p1b: Dragonite\n|-singleturn|p1b: Dragonite|Protect\n|move|p2b: Indeedee|Follow Me|p2b: Indeedee\n|-singleturn|p2b: Indeedee|move: Follow Me\n|move|p2a: Archaludon|Dragon Pulse|p1b: Dragonite\n|-activate|p1b: Dragonite|move: Protect\n|move|p1a: Archaludon|Snarl|p2b: Indeedee|[spread] p2a,p2b\n|-supereffective|p2b: Indeedee\n|-damage|p2a: Archaludon|86\/100\n|-damage|p2b: Indeedee|50\/100\n|-unboost|p2a: Archaludon|spa|1\n|-unboost|p2b: Indeedee|spa|1\n|-ability|p2a: Archaludon|Stamina|boost\n|-boost|p2a: Archaludon|def|1\n|\n|-weather|none\n|upkeep\n|turn|6\n|\n|t:|1732501423\n|move|p1b: Dragonite|Protect||[still]\n|-fail|p1b: Dragonite\n|move|p2b: Indeedee|Psychic|p2a: Archaludon\n|-resisted|p2a: Archaludon\n|-damage|p2a: Archaludon|78\/100\n|-ability|p2a: Archaludon|Stamina|boost\n|-boost|p2a: Archaludon|def|1\n|move|p2a: Archaludon|Dragon Pulse|p1b: Dragonite\n|-supereffective|p1b: Dragonite\n|-damage|p1b: Dragonite|0 fnt\n|faint|p1b: Dragonite\n|move|p1a: Archaludon|Draco Meteor|p2b: Indeedee\n|-damage|p2b: Indeedee|0 fnt\n|-unboost|p1a: Archaludon|spa|2\n|faint|p2b: Indeedee\n|\n|-fieldend|move: Psychic Terrain\n|upkeep\n|\n|t:|1732501437\n|switch|p2b: Torkoal|Torkoal, L50, M|100\/100\n|switch|p1b: Pelipper|Pelipper, L50, M|100\/100\n|-weather|SunnyDay|[from] ability: Drought|[of] p2b: Torkoal\n|-weather|RainDance|[from] ability: Drizzle|[of] p1b: Pelipper\n|turn|7\n|\n|t:|1732501451\n|switch|p1a: Sinistcha|Sinistcha, L50|100\/100\n|-terastallize|p2b: Torkoal|Fire\n|move|p1b: Pelipper|Protect|p1b: Pelipper\n|-singleturn|p1b: Pelipper|Protect\n|move|p2b: Torkoal|Eruption|p1a: Sinistcha|[spread] p1a\n|-activate|p1b: Pelipper|move: Protect\n|-supereffective|p1a: Sinistcha\n|-damage|p1a: Sinistcha|33\/100\n|move|p2a: Archaludon|Electro Shot||[still]\n|-prepare|p2a: Archaludon|Electro Shot\n|-boost|p2a: Archaludon|spa|1\n|-anim|p2a: Archaludon|Electro Shot|p1b: Pelipper\n|-activate|p1b: Pelipper|move: Protect\n|\n|-weather|RainDance|[upkeep]\n|-fieldend|move: Trick Room\n|upkeep\n|turn|8\n|\n|t:|1732501461\n|move|p2b: Torkoal|Protect|p2b: Torkoal\n|-singleturn|p2b: Torkoal|Protect\n|move|p1a: Sinistcha|Rage Powder|p1a: Sinistcha\n|-singleturn|p1a: Sinistcha|move: Rage Powder\n|move|p1b: Pelipper|Muddy Water|p2a: Archaludon|[spread] p2a\n|-activate|p2b: Torkoal|move: Protect\n|-resisted|p2a: Archaludon\n|-damage|p2a: Archaludon|65\/100\n|-unboost|p2a: Archaludon|accuracy|1\n|-ability|p2a: Archaludon|Stamina|boost\n|-boost|p2a: Archaludon|def|1\n|move|p2a: Archaludon|Electro Shot||[still]\n|-prepare|p2a: Archaludon|Electro Shot\n|-boost|p2a: Archaludon|spa|1\n|-anim|p2a: Archaludon|Electro Shot|p1a: Sinistcha|[miss]\n|-miss|p2a: Archaludon|p1a: Sinistcha\n|\n|-weather|RainDance|[upkeep]\n|upkeep\n|turn|9\n|\n|t:|1732501481\n|move|p1a: Sinistcha|Rage Powder|p1a: Sinistcha\n|-singleturn|p1a: Sinistcha|move: Rage Powder\n|move|p1b: Pelipper|Muddy Water|p2a: Archaludon|[spread] p2a,p2b\n|-resisted|p2a: Archaludon\n|-supereffective|p2b: Torkoal\n|-damage|p2a: Archaludon|52\/100\n|-damage|p2b: Torkoal|0 fnt\n|-ability|p2a: Archaludon|Stamina|boost\n|-boost|p2a: Archaludon|def|1\n|faint|p2b: Torkoal\n|move|p2a: Archaludon|Electro Shot||[still]\n|-prepare|p2a: Archaludon|Electro Shot\n|-boost|p2a: Archaludon|spa|1\n|-anim|p2a: Archaludon|Electro Shot|p1a: Sinistcha\n|-resisted|p1a: Sinistcha\n|-damage|p1a: Sinistcha|0 fnt\n|faint|p1a: Sinistcha\n|\n|-weather|RainDance|[upkeep]\n|upkeep\n|\n|t:|1732501486\n|switch|p1a: Archaludon|Archaludon, L50, M|100\/100\n|turn|10\n|\n|t:|1732501494\n|-terastallize|p1a: Archaludon|Fairy\n|move|p1a: Archaludon|Draco Meteor|p2a: Archaludon\n|-damage|p2a: Archaludon|15\/100\n|-unboost|p1a: Archaludon|spa|2\n|-ability|p2a: Archaludon|Stamina|boost\n|-boost|p2a: Archaludon|def|1\n|move|p1b: Pelipper|Hurricane|p2a: Archaludon\n|-resisted|p2a: Archaludon\n|-damage|p2a: Archaludon|3\/100\n|-ability|p2a: Archaludon|Stamina|boost\n|-boost|p2a: Archaludon|def|1\n|move|p2a: Archaludon|Electro Shot||[still]\n|-prepare|p2a: Archaludon|Electro Shot\n|-boost|p2a: Archaludon|spa|1\n|-anim|p2a: Archaludon|Electro Shot|p1b: Pelipper|[miss]\n|-miss|p2a: Archaludon|p1b: Pelipper\n|\n|-weather|RainDance|[upkeep]\n|upkeep\n|turn|11\n|\n|t:|1732501506\n|move|p1a: Archaludon|Electro Shot||[still]\n|-prepare|p1a: Archaludon|Electro Shot\n|-boost|p1a: Archaludon|spa|1\n|-anim|p1a: Archaludon|Electro Shot|p2a: Archaludon\n|-resisted|p2a: Archaludon\n|-damage|p2a: Archaludon|0 fnt\n|faint|p2a: Archaludon\n|\n|win|vgclth ttt\n|raw|vgclth ttt's rating: 1735 &rarr; <strong>1756<\/strong><br \/>(+21 for winning)\n|raw|TheDecommissioner's rating: 1748 &rarr; <strong>1727<\/strong><br \/>(-21 for losing)\n|l|\u2606TheDecommissioner\n|player|p2|\n|l|\u2606vgclth ttt\n|player|p1|\n","uploadtime":1732501722,"views":17,"formatid":"gen9vgc2024regh","rating":1727,"private":0,"password":null}