{"id":"gen9vgc2024regh-2250569831","format":"[Gen 9] VGC 2024 Reg H","players":["Spottedwoot","Nivles"],"log":"|j|\u2606Spottedwoot\n|j|\u2606Nivles\n|t:|1732512026\n|gametype|doubles\n|player|p1|Spottedwoot|101|1789\n|player|p2|Nivles|266|1735\n|teamsize|p1|6\n|teamsize|p2|6\n|gen|9\n|tier|[Gen 9] VGC 2024 Reg H\n|rated|\n|rule|Species Clause: Limit one of each Pok\u00e9mon\n|rule|Item Clause: Limit 1 of each item\n|clearpoke\n|poke|p1|Pelipper, L50, M|\n|poke|p1|Archaludon, L50, F|\n|poke|p1|Gholdengo, L50|\n|poke|p1|Basculegion, L50, M|\n|poke|p1|Rillaboom, L50, F|\n|poke|p1|Sneasler, L50, M|\n|poke|p2|Sneasler, L50, F|\n|poke|p2|Ursaluna-Bloodmoon, L50, M|\n|poke|p2|Incineroar, L50, F|\n|poke|p2|Gholdengo, L50|\n|poke|p2|Rillaboom, L50, M|\n|poke|p2|Dragonite, L50, M|\n|teampreview|4\n|inactive|Battle timer is ON: inactive players will automatically lose when time's up. (requested by Nivles)\n|inactive|Nivles has 60 seconds left.\n|\n|t:|1732512104\n|start\n|switch|p1a: Pelipper|Pelipper, L50, M|100\/100\n|switch|p1b: Archaludon|Archaludon, L50, F, shiny|100\/100\n|switch|p2a: Sneasler|Sneasler, L50, F, shiny|100\/100\n|switch|p2b: Gholdengo|Gholdengo, L50, shiny|100\/100\n|-weather|RainDance|[from] ability: Drizzle|[of] p1a: Pelipper\n|turn|1\n|inactive|Spottedwoot has 30 seconds left.\n|\n|t:|1732512131\n|move|p1a: Pelipper|Icy Wind|p2a: Sneasler|[spread] p2a,p2b\n|-resisted|p2b: Gholdengo\n|-damage|p2a: Sneasler|84\/100\n|-damage|p2b: Gholdengo|94\/100\n|-unboost|p2a: Sneasler|spe|1\n|-unboost|p2b: Gholdengo|spe|1\n|move|p2a: Sneasler|Close Combat|p1b: Archaludon\n|-supereffective|p1b: Archaludon\n|-damage|p1b: Archaludon|9\/100\n|-unboost|p2a: Sneasler|def|1\n|-unboost|p2a: Sneasler|spd|1\n|-ability|p1b: Archaludon|Stamina|boost\n|-boost|p1b: Archaludon|def|1\n|move|p1b: Archaludon|Electro Shot||[still]\n|-prepare|p1b: Archaludon|Electro Shot\n|-boost|p1b: Archaludon|spa|1\n|-anim|p1b: Archaludon|Electro Shot|p2a: Sneasler\n|-damage|p2a: Sneasler|0 fnt\n|faint|p2a: Sneasler\n|move|p2b: Gholdengo|Shadow Ball|p1b: Archaludon\n|-damage|p1b: Archaludon|0 fnt\n|faint|p1b: Archaludon\n|-damage|p2b: Gholdengo|84\/100|[from] item: Life Orb\n|\n|-weather|RainDance|[upkeep]\n|upkeep\n|\n|t:|1732512153\n|switch|p2a: Ursaluna|Ursaluna-Bloodmoon, L50, M|100\/100\n|switch|p1b: Basculegion|Basculegion, L50, M|100\/100\n|turn|2\n|\n|t:|1732512160\n|switch|p1a: Sneasler|Sneasler, L50, M|100\/100\n|switch|p2b: Incineroar|Incineroar, L50, F, shiny|100\/100\n|-ability|p2b: Incineroar|Intimidate|boost\n|-unboost|p1a: Sneasler|atk|1\n|-unboost|p1b: Basculegion|atk|1\n|-terastallize|p2a: Ursaluna|Electric\n|move|p1b: Basculegion|Wave Crash|p2a: Ursaluna\n|-damage|p2a: Ursaluna|37\/100\n|-damage|p1b: Basculegion|77\/100|[from] Recoil\n|move|p2a: Ursaluna|Blood Moon|p1b: Basculegion\n|-damage|p1b: Basculegion|0 fnt\n|faint|p1b: Basculegion\n|\n|-weather|RainDance|[upkeep]\n|upkeep\n|\n|t:|1732512165\n|switch|p1b: Pelipper|Pelipper, L50, M|100\/100\n|turn|3\n|inactive|Nivles has 30 seconds left.\n|\n|t:|1732512193\n|move|p1a: Sneasler|Fake Out|p2b: Incineroar\n|-damage|p2b: Incineroar|92\/100\n|cant|p2b: Incineroar|flinch\n|move|p1b: Pelipper|Weather Ball|p2a: Ursaluna\n|-damage|p2a: Ursaluna|0 fnt\n|faint|p2a: Ursaluna\n|\n|-weather|RainDance|[upkeep]\n|upkeep\n|\n|t:|1732512201\n|switch|p2a: Gholdengo|Gholdengo, L50, shiny|84\/100\n|turn|4\n|\n|t:|1732512216\n|move|p1b: Pelipper|Weather Ball|p2a: Gholdengo\n|-damage|p2a: Gholdengo|10\/100\n|move|p1a: Sneasler|Dire Claw|p2b: Incineroar\n|-damage|p2b: Incineroar|66\/100\n|-status|p2b: Incineroar|psn\n|move|p2a: Gholdengo|Make It Rain|p1a: Sneasler|[spread] p1a,p1b\n|-resisted|p1b: Pelipper\n|-damage|p1a: Sneasler|6\/100\n|-damage|p1b: Pelipper|36\/100\n|-unboost|p2a: Gholdengo|spa|1\n|-damage|p2a: Gholdengo|0 fnt|[from] item: Life Orb\n|faint|p2a: Gholdengo\n|move|p2b: Incineroar|Knock Off|p1a: Sneasler\n|-resisted|p1a: Sneasler\n|-damage|p1a: Sneasler|0 fnt\n|-enditem|p1a: Sneasler|Focus Sash|[from] move: Knock Off|[of] p2b: Incineroar\n|faint|p1a: Sneasler\n|\n|-weather|RainDance|[upkeep]\n|-damage|p2b: Incineroar|53\/100 psn|[from] psn\n|upkeep\n|turn|5\n|\n|t:|1732512237\n|move|p1b: Pelipper|Weather Ball|p2b: Incineroar\n|-supereffective|p2b: Incineroar\n|-damage|p2b: Incineroar|0 fnt\n|faint|p2b: Incineroar\n|\n|win|Spottedwoot\n|raw|Spottedwoot's rating: 1789 &rarr; <strong>1806<\/strong><br \/>(+17 for winning)\n|raw|Nivles's rating: 1735 &rarr; <strong>1718<\/strong><br \/>(-17 for losing)\n|l|\u2606Nivles\n|player|p2|\n|l|\u2606Spottedwoot\n|player|p1|\n|j|\u2606Spottedwoot\n|player|p1|Spottedwoot|101|\n|l|\u2606Spottedwoot\n|player|p1|\n","uploadtime":1732512288,"views":125,"formatid":"gen9vgc2024regh","rating":1718,"private":0,"password":null}