{"id":"gen9vgc2024regh-2250073148","format":"[Gen 9] VGC 2024 Reg H","players":["FireRedzzz","aceatelle"],"log":"|j|\u2606FireRedzzz\n|j|\u2606aceatelle\n|t:|1732445523\n|gametype|doubles\n|player|p1|FireRedzzz|ethan|1807\n|player|p2|aceatelle|guitarist|1719\n|teamsize|p1|6\n|teamsize|p2|6\n|gen|9\n|tier|[Gen 9] VGC 2024 Reg H\n|rated|\n|rule|Species Clause: Limit one of each Pok\u00e9mon\n|rule|Item Clause: Limit 1 of each item\n|clearpoke\n|poke|p1|Kingambit, L50, F|\n|poke|p1|Electabuzz, L50, F|\n|poke|p1|Rillaboom, L50, F|\n|poke|p1|Primarina, L50, F|\n|poke|p1|Sneasler, L50, M|\n|poke|p1|Volcarona, L50, M|\n|poke|p2|Ursaluna-Bloodmoon, L50, M|\n|poke|p2|Grimmsnarl, L50, M|\n|poke|p2|Kommo-o, L50, F|\n|poke|p2|Sinistcha, L50|\n|poke|p2|Sneasler, L50, M|\n|poke|p2|Ceruledge, L50, F|\n|teampreview|4\n|c|\u2606aceatelle|glhf!\nFireRedzzz has agreed to open team sheets.\n|c|\u2606FireRedzzz|you too!\n|inactive|Battle timer is ON: inactive players will automatically lose when time's up. (requested by FireRedzzz)\n|inactive|FireRedzzz has 60 seconds left.\n|j| Maya Hoppins\n|inactive|FireRedzzz has 30 seconds left.\n|inactive|FireRedzzz has 20 seconds left.\n|\n|t:|1732445613\n|start\n|switch|p1a: Kingambit|Kingambit, L50, F|100\/100\n|switch|p1b: Volcarona|Volcarona, L50, M, shiny|100\/100\n|switch|p2a: Sneasler|Sneasler, L50, M|100\/100\n|switch|p2b: Ceruledge|Ceruledge, L50, F|100\/100\n|turn|1\n|inactive|FireRedzzz has 30 seconds left.\n|\n|t:|1732445640\n|switch|p1a: Rillaboom|Rillaboom, L50, F|100\/100\n|-fieldstart|move: Grassy Terrain|[from] ability: Grassy Surge|[of] p1a: Rillaboom\n|-enditem|p1b: Volcarona|Grassy Seed\n|-boost|p1b: Volcarona|def|1|[from] item: Grassy Seed\n|move|p2a: Sneasler|Fake Out|p1a: Rillaboom\n|-damage|p1a: Rillaboom|88\/100\n|move|p1b: Volcarona|Quiver Dance|p1b: Volcarona\n|-boost|p1b: Volcarona|spa|1\n|-boost|p1b: Volcarona|spd|1\n|-boost|p1b: Volcarona|spe|1\n|move|p2b: Ceruledge|Bulk Up|p2b: Ceruledge\n|-boost|p2b: Ceruledge|atk|1\n|-boost|p2b: Ceruledge|def|1\n|\n|-heal|p1a: Rillaboom|94\/100|[from] Grassy Terrain\n|upkeep\n|turn|2\n|inactive|FireRedzzz has 30 seconds left.\n|inactive|aceatelle has 30 seconds left.\n|\n|t:|1732445666\n|switch|p1a: Kingambit|Kingambit, L50, F|100\/100\n|move|p1b: Volcarona|Tera Blast|p2a: Sneasler\n|-damage|p2a: Sneasler|47\/100\n|move|p2a: Sneasler|Coaching|p2b: Ceruledge\n|-boost|p2b: Ceruledge|atk|1\n|-boost|p2b: Ceruledge|def|1\n|move|p2b: Ceruledge|Bulk Up|p2b: Ceruledge\n|-boost|p2b: Ceruledge|atk|1\n|-boost|p2b: Ceruledge|def|1\n|\n|-heal|p2a: Sneasler|53\/100|[from] Grassy Terrain\n|upkeep\n|turn|3\n|inactive|FireRedzzz has 30 seconds left.\n|inactive|aceatelle has 30 seconds left.\n|inactive|FireRedzzz has 20 seconds left.\n|inactive|FireRedzzz has 15 seconds left.\n|inactive|FireRedzzz has 10 seconds left.\n|inactive|FireRedzzz has 5 seconds left.\n|\n|t:|1732445719\n|-terastallize|p2b: Ceruledge|Grass\n|-terastallize|p1a: Kingambit|Dark\n|move|p1b: Volcarona|Protect|p1b: Volcarona\n|-singleturn|p1b: Volcarona|Protect\n|move|p2a: Sneasler|Coaching|p2b: Ceruledge\n|-boost|p2b: Ceruledge|atk|1\n|-boost|p2b: Ceruledge|def|1\n|move|p2b: Ceruledge|Bitter Blade|p1b: Volcarona\n|-activate|p1b: Volcarona|move: Protect\n|move|p1a: Kingambit|Kowtow Cleave|p2b: Ceruledge\n|-damage|p2b: Ceruledge|73\/100\n|\n|-heal|p2a: Sneasler|59\/100|[from] Grassy Terrain\n|-heal|p2b: Ceruledge|79\/100|[from] Grassy Terrain\n|upkeep\n|turn|4\n|\n|t:|1732445742\n|move|p1a: Kingambit|Sucker Punch|p2b: Ceruledge\n|-damage|p2b: Ceruledge|59\/100\n|move|p1b: Volcarona|Tera Blast|p2a: Sneasler\n|-damage|p2a: Sneasler|0 fnt\n|faint|p2a: Sneasler\n|move|p2b: Ceruledge|Bitter Blade|p1b: Volcarona\n|-damage|p1b: Volcarona|0 fnt\n|-heal|p2b: Ceruledge|100\/100|[from] drain|[of] p1b: Volcarona\n|faint|p1b: Volcarona\n|\n|upkeep\n|\n|t:|1732445755\n|switch|p2a: Sinistcha|Sinistcha, L50|100\/100\n|switch|p1b: Electabuzz|Electabuzz, L50, F|100\/100\n|turn|5\n|\n|t:|1732445766\n|switch|p2a: Kommo-o|Kommo-o, L50, F|100\/100\n|move|p1b: Electabuzz|Follow Me|p1b: Electabuzz\n|-singleturn|p1b: Electabuzz|move: Follow Me\n|move|p2b: Ceruledge|Bitter Blade|p1b: Electabuzz\n|-damage|p1b: Electabuzz|0 fnt\n|faint|p1b: Electabuzz\n|move|p1a: Kingambit|Swords Dance|p1a: Kingambit\n|-boost|p1a: Kingambit|atk|2\n|\n|-fieldend|move: Grassy Terrain\n|upkeep\n|\n|t:|1732445776\n|switch|p1b: Rillaboom|Rillaboom, L50, F|94\/100\n|-fieldstart|move: Grassy Terrain|[from] ability: Grassy Surge|[of] p1b: Rillaboom\n|turn|6\n|\n|t:|1732445785\n|move|p1b: Rillaboom|Fake Out|p2a: Kommo-o\n|-damage|p2a: Kommo-o|88\/100\n|cant|p2a: Kommo-o|flinch\n|move|p2b: Ceruledge|Bitter Blade|p1a: Kingambit\n|-damage|p1a: Kingambit|0 fnt\n|faint|p1a: Kingambit\n|\n|-heal|p2a: Kommo-o|94\/100|[from] Grassy Terrain\n|-heal|p1b: Rillaboom|99\/100|[from] Grassy Terrain\n|upkeep\n|turn|7\n|-message|FireRedzzz forfeited.\n|\n|win|aceatelle\n|raw|FireRedzzz's rating: 1807 &rarr; <strong>1782<\/strong><br \/>(-25 for losing)\n|raw|aceatelle's rating: 1719 &rarr; <strong>1744<\/strong><br \/>(+25 for winning)\n|l|\u2606FireRedzzz\n|player|p1|\n","uploadtime":1732446047,"views":18,"formatid":"gen9vgc2024regh","rating":1744,"private":0,"password":null}