{"id":"gen9vgc2024regh-2250672470","format":"[Gen 9] VGC 2024 Reg H","players":["judang","FireRedzzz"],"log":"|j|\u2606judang\n|j|\u2606FireRedzzz\n|t:|1732531780\n|gametype|doubles\n|player|p1|judang|ruinmaniac|1793\n|player|p2|FireRedzzz|ethan|1710\n|teamsize|p1|6\n|teamsize|p2|6\n|gen|9\n|tier|[Gen 9] VGC 2024 Reg H\n|rated|\n|rule|Species Clause: Limit one of each Pok\u00e9mon\n|rule|Item Clause: Limit 1 of each item\n|clearpoke\n|poke|p1|Sinistcha-Masterpiece, L50|\n|poke|p1|Incineroar, L50, F|\n|poke|p1|Araquanid, L50, F|\n|poke|p1|Electabuzz, L50, F|\n|poke|p1|Farigiraf, L50, F|\n|poke|p1|Kommo-o, L50, F|\n|poke|p2|Kingambit, L50, F|\n|poke|p2|Electabuzz, L50, F|\n|poke|p2|Rillaboom, L50, F|\n|poke|p2|Primarina, L50, F|\n|poke|p2|Sneasler, L50, F|\n|poke|p2|Volcarona, L50, F|\n|teampreview|4\nFireRedzzz has agreed to open team sheets.\n|inactive|Battle timer is ON: inactive players will automatically lose when time's up. (requested by FireRedzzz)\n|inactive|judang has 60 seconds left.\n|inactive|FireRedzzz has 60 seconds left.\n|inactive|judang has 30 seconds left.\n|\n|t:|1732531864\n|start\n|switch|p1a: Farigiraf|Farigiraf, L50, F|100\/100\n|switch|p1b: Araquanid|Araquanid, L50, F|100\/100\n|switch|p2a: Kingambit|Kingambit, L50, F|100\/100\n|switch|p2b: Volcarona|Volcarona, L50, F, shiny|100\/100\n|turn|1\n|inactive|FireRedzzz has 30 seconds left.\n|\n|t:|1732531893\n|-terastallize|p2b: Volcarona|Fairy\n|move|p1a: Farigiraf|Helping Hand|p1b: Araquanid\n|-singleturn|p1b: Araquanid|Helping Hand|[of] p1a: Farigiraf\n|move|p2b: Volcarona|Quiver Dance|p2b: Volcarona\n|-boost|p2b: Volcarona|spa|1\n|-boost|p2b: Volcarona|spd|1\n|-boost|p2b: Volcarona|spe|1\n|move|p2a: Kingambit|Swords Dance|p2a: Kingambit\n|-boost|p2a: Kingambit|atk|2\n|move|p1b: Araquanid|Liquidation|p2a: Kingambit\n|-damage|p2a: Kingambit|25\/100\n|\n|upkeep\n|turn|2\n|inactive|judang has 30 seconds left.\n|inactive|judang has 20 seconds left.\n|inactive|judang has 15 seconds left.\n|inactive|judang has 10 seconds left.\n|j| job6\n|inactive|judang has 5 seconds left.\n|inactive|FireRedzzz has 30 seconds left.\n|inactive|FireRedzzz has 20 seconds left.\n|\n|t:|1732531954\n|move|p2a: Kingambit|Protect|p2a: Kingambit\n|-singleturn|p2a: Kingambit|Protect\n|move|p1a: Farigiraf|Ally Switch|p1a: Farigiraf\n|swap|p1a: Farigiraf|1|[from] move: Ally Switch\n|move|p2b: Volcarona|Heat Wave|p1b: Farigiraf|[spread] p1a,p1b\n|-damage|p1a: Araquanid|80\/100\n|-damage|p1b: Farigiraf|59\/100\n|move|p1a: Araquanid|Liquidation|p2a: Kingambit\n|-activate|p2a: Kingambit|move: Protect\n|\n|upkeep\n|turn|3\n|\n|t:|1732531972\n|switch|p2a: Electabuzz|Electabuzz, L50, F|100\/100\n|move|p1b: Farigiraf|Helping Hand|p1a: Araquanid\n|-singleturn|p1a: Araquanid|Helping Hand|[of] p1b: Farigiraf\n|move|p2b: Volcarona|Heat Wave|p1a: Araquanid|[spread] p1a,p1b\n|-damage|p1a: Araquanid|59\/100\n|-damage|p1b: Farigiraf|15\/100\n|move|p1a: Araquanid|Liquidation|p2b: Volcarona\n|-damage|p2b: Volcarona|0 fnt\n|faint|p2b: Volcarona\n|\n|upkeep\n|\n|t:|1732531984\n|switch|p2b: Kingambit|Kingambit, L50, F|25\/100\n|turn|4\n|\n|t:|1732531998\n|switch|p1b: Kommo-o|Kommo-o, L50, F|100\/100\n|move|p2b: Kingambit|Protect|p2b: Kingambit\n|-singleturn|p2b: Kingambit|Protect\n|move|p2a: Electabuzz|Thunderbolt|p1b: Kommo-o\n|-resisted|p1b: Kommo-o\n|-damage|p1b: Kommo-o|83\/100\n|move|p1a: Araquanid|Liquidation|p2b: Kingambit\n|-activate|p2b: Kingambit|move: Protect\n|\n|upkeep\n|turn|5\n|\n|t:|1732532014\n|switch|p2b: Primarina|Primarina, L50, F|100\/100\n|move|p1b: Kommo-o|Clangorous Soul|p1b: Kommo-o\n|-boost|p1b: Kommo-o|atk|1\n|-boost|p1b: Kommo-o|def|1\n|-boost|p1b: Kommo-o|spa|1\n|-boost|p1b: Kommo-o|spd|1\n|-boost|p1b: Kommo-o|spe|1\n|-damage|p1b: Kommo-o|50\/100\n|-enditem|p1b: Kommo-o|Throat Spray\n|-boost|p1b: Kommo-o|spa|1|[from] item: Throat Spray\n|move|p2a: Electabuzz|Thunderbolt|p1a: Araquanid\n|-supereffective|p1a: Araquanid\n|-damage|p1a: Araquanid|13\/100\n|move|p1a: Araquanid|Liquidation|p2b: Primarina\n|-resisted|p2b: Primarina\n|-damage|p2b: Primarina|68\/100\n|\n|upkeep\n|turn|6\n|j| BichoPelao\n|inactive|judang has 30 seconds left.\n|inactive|judang has 20 seconds left.\n|\n|t:|1732532052\n|switch|p1a: Incineroar|Incineroar, L50, F|100\/100\n|-ability|p1a: Incineroar|Intimidate|boost\n|-unboost|p2a: Electabuzz|atk|1\n|-unboost|p2b: Primarina|atk|1\n|-terastallize|p1b: Kommo-o|Steel\n|move|p2a: Electabuzz|Follow Me|p2a: Electabuzz\n|-singleturn|p2a: Electabuzz|move: Follow Me\n|move|p1b: Kommo-o|Aura Sphere|p2a: Electabuzz\n|-damage|p2a: Electabuzz|47\/100\n|move|p2b: Primarina|Haze|p2b: Primarina\n|-clearallboost\n|\n|upkeep\n|turn|7\n|inactive|judang has 30 seconds left.\n|inactive|FireRedzzz has 30 seconds left.\n|inactive|judang has 20 seconds left.\n|\n|t:|1732532089\n|move|p2a: Electabuzz|Protect|p2a: Electabuzz\n|-singleturn|p2a: Electabuzz|Protect\n|move|p2b: Primarina|Protect|p2b: Primarina\n|-singleturn|p2b: Primarina|Protect\n|move|p1a: Incineroar|Fake Out|p2b: Primarina\n|-activate|p2b: Primarina|move: Protect\n|move|p1b: Kommo-o|Flash Cannon|p2b: Primarina\n|-activate|p2b: Primarina|move: Protect\n|\n|upkeep\n|turn|8\n|inactive|judang has 30 seconds left.\n|inactive|judang has 20 seconds left.\n|\n|t:|1732532126\n|move|p2a: Electabuzz|Follow Me|p2a: Electabuzz\n|-singleturn|p2a: Electabuzz|move: Follow Me\n|move|p1b: Kommo-o|Aura Sphere|p2a: Electabuzz\n|-damage|p2a: Electabuzz|19\/100\n|move|p2b: Primarina|Hyper Voice|p1b: Kommo-o|[spread] p1a\n|-immune|p1b: Kommo-o|[from] ability: Soundproof\n|-supereffective|p1a: Incineroar\n|-damage|p1a: Incineroar|56\/100\n|move|p1a: Incineroar|Knock Off|p2a: Electabuzz\n|-damage|p2a: Electabuzz|0 fnt\n|-enditem|p2a: Electabuzz|Eviolite|[from] move: Knock Off|[of] p1a: Incineroar\n|faint|p2a: Electabuzz\n|\n|upkeep\n|\n|t:|1732532138\n|switch|p2a: Kingambit|Kingambit, L50, F|25\/100\n|turn|9\n|\n|t:|1732532155\n|switch|p1a: Farigiraf|Farigiraf, L50, F|15\/100\n|move|p2a: Kingambit|Protect|p2a: Kingambit\n|-singleturn|p2a: Kingambit|Protect\n|move|p1b: Kommo-o|Aura Sphere|p2a: Kingambit\n|-activate|p2a: Kingambit|move: Protect\n|move|p2b: Primarina|Hyper Voice|p1a: Farigiraf|[spread] p1a\n|-immune|p1b: Kommo-o|[from] ability: Soundproof\n|-damage|p1a: Farigiraf|0 fnt\n|faint|p1a: Farigiraf\n|\n|upkeep\n|\n|t:|1732532165\n|switch|p1a: Incineroar|Incineroar, L50, F|56\/100\n|-ability|p1a: Incineroar|Intimidate|boost\n|-unboost|p2a: Kingambit|atk|1\n|-ability|p2a: Kingambit|Defiant|boost\n|-boost|p2a: Kingambit|atk|2\n|-unboost|p2b: Primarina|atk|1\n|turn|10\n|\n|t:|1732532174\n|move|p2a: Kingambit|Protect|p2a: Kingambit\n|-singleturn|p2a: Kingambit|Protect\n|move|p1a: Incineroar|Fake Out|p2a: Kingambit\n|-activate|p2a: Kingambit|move: Protect\n|move|p1b: Kommo-o|Aura Sphere|p2a: Kingambit\n|-activate|p2a: Kingambit|move: Protect\n|move|p2b: Primarina|Hyper Voice|p1a: Incineroar|[spread] p1a\n|-immune|p1b: Kommo-o|[from] ability: Soundproof\n|-supereffective|p1a: Incineroar\n|-damage|p1a: Incineroar|10\/100\n|-enditem|p1a: Incineroar|Sitrus Berry|[eat]\n|-heal|p1a: Incineroar|35\/100|[from] item: Sitrus Berry\n|\n|upkeep\n|turn|11\n|\n|t:|1732532198\n|move|p2a: Kingambit|Sucker Punch||[still]\n|-fail|p2a: Kingambit\n|move|p1b: Kommo-o|Clangorous Soul|p1b: Kommo-o\n|-boost|p1b: Kommo-o|atk|1\n|-boost|p1b: Kommo-o|def|1\n|-boost|p1b: Kommo-o|spa|1\n|-boost|p1b: Kommo-o|spd|1\n|-boost|p1b: Kommo-o|spe|1\n|-damage|p1b: Kommo-o|17\/100\n|move|p2b: Primarina|Hyper Voice|p1b: Kommo-o|[spread] p1a\n|-immune|p1b: Kommo-o|[from] ability: Soundproof\n|-supereffective|p1a: Incineroar\n|-damage|p1a: Incineroar|0 fnt\n|faint|p1a: Incineroar\n|\n|upkeep\n|\n|t:|1732532210\n|switch|p1a: Araquanid|Araquanid, L50, F|13\/100\n|turn|12\n|inactive|judang has 30 seconds left.\n|inactive|FireRedzzz has 30 seconds left.\n|inactive|judang has 20 seconds left.\n|inactive|judang has 15 seconds left.\n|inactive|judang has 10 seconds left.\n|\n|t:|1732532259\n|move|p2a: Kingambit|Sucker Punch|p1a: Araquanid\n|-damage|p1a: Araquanid|0 fnt\n|faint|p1a: Araquanid\n|move|p1b: Kommo-o|Clangorous Soul||[still]\n|-fail|p1b: Kommo-o\n|move|p2b: Primarina|Haze|p2b: Primarina\n|-clearallboost\n|\n|upkeep\n|turn|13\n|-message|judang forfeited.\n|\n|win|FireRedzzz\n|raw|judang's rating: 1793 &rarr; <strong>1768<\/strong><br \/>(-25 for losing)\n|raw|FireRedzzz's rating: 1710 &rarr; <strong>1735<\/strong><br \/>(+25 for winning)\n|c|\u2606FireRedzzz|ggs\n|l| BichoPelao\n|l|\u2606judang\n|player|p1|\n","uploadtime":1732532432,"views":11,"formatid":"gen9vgc2024regh","rating":1735,"private":0,"password":null}