{"id":"gen9vgc2024regh-2250683902","format":"[Gen 9] VGC 2024 Reg H","players":["Cotn","la bella de easo"],"log":"|j|\u2606Cotn\n|j|\u2606la bella de easo\n|t:|1732533725\n|gametype|doubles\n|player|p1|Cotn|steven|1690\n|player|p2|la bella de easo|265|1724\n|teamsize|p1|6\n|teamsize|p2|6\n|gen|9\n|tier|[Gen 9] VGC 2024 Reg H\n|rated|\n|rule|Species Clause: Limit one of each Pok\u00e9mon\n|rule|Item Clause: Limit 1 of each item\n|clearpoke\n|poke|p1|Incineroar, L50, F|\n|poke|p1|Amoonguss, L50, F|\n|poke|p1|Ursaluna, L50, F|\n|poke|p1|Porygon2, L50|\n|poke|p1|Gholdengo, L50|\n|poke|p1|Primarina, L50, M|\n|poke|p2|Pelipper, L50, M|\n|poke|p2|Archaludon, L50, M|\n|poke|p2|Amoonguss, L50, M|\n|poke|p2|Incineroar, L50, M|\n|poke|p2|Basculegion, L50, M|\n|poke|p2|Dragonite, L50, M|\n|teampreview|4\n|\n|t:|1732533761\n|start\n|switch|p1a: Incineroar|Incineroar, L50, F|100\/100\n|switch|p1b: Gholdengo|Gholdengo, L50|100\/100\n|switch|p2a: Pelipper|Pelipper, L50, M|100\/100\n|switch|p2b: Incineroar|Incineroar, L50, M, shiny|100\/100\n|-weather|RainDance|[from] ability: Drizzle|[of] p2a: Pelipper\n|-ability|p1a: Incineroar|Intimidate|boost\n|-unboost|p2a: Pelipper|atk|1\n|-unboost|p2b: Incineroar|atk|1\n|-ability|p2b: Incineroar|Intimidate|boost\n|-unboost|p1a: Incineroar|atk|1\n|-unboost|p1b: Gholdengo|atk|1\n|turn|1\n|\n|t:|1732533808\n|move|p1a: Incineroar|Fake Out|p2a: Pelipper\n|-damage|p2a: Pelipper|92\/100\n|move|p2b: Incineroar|Fake Out|p1a: Incineroar\n|-damage|p1a: Incineroar|93\/100\n|cant|p2a: Pelipper|flinch\n|move|p1b: Gholdengo|Nasty Plot|p1b: Gholdengo\n|-boost|p1b: Gholdengo|spa|2\n|\n|-weather|RainDance|[upkeep]\n|upkeep\n|turn|2\n|\n|t:|1732533825\n|move|p2a: Pelipper|Muddy Water|p1b: Gholdengo|[spread] p1a,p1b\n|-supereffective|p1a: Incineroar\n|-damage|p1a: Incineroar|15\/100\n|-damage|p1b: Gholdengo|54\/100\n|-unboost|p1a: Incineroar|accuracy|1\n|move|p1b: Gholdengo|Shadow Ball|p2a: Pelipper\n|-damage|p2a: Pelipper|0 fnt\n|faint|p2a: Pelipper\n|move|p1a: Incineroar|Parting Shot|p2b: Incineroar|[miss]\n|-miss|p1a: Incineroar|p2b: Incineroar\n|move|p2b: Incineroar|Knock Off|p1b: Gholdengo\n|-supereffective|p1b: Gholdengo\n|-damage|p1b: Gholdengo|0 fnt\n|-enditem|p1b: Gholdengo|Metal Coat|[from] move: Knock Off|[of] p2b: Incineroar\n|faint|p1b: Gholdengo\n|\n|-weather|RainDance|[upkeep]\n|upkeep\n|\n|t:|1732533845\n|switch|p2a: Basculegion|Basculegion, L50, M|100\/100\n|switch|p1b: Porygon2|Porygon2, L50|100\/100\n|-ability|p1b: Porygon2|Download|boost\n|-boost|p1b: Porygon2|atk|1\n|turn|3\n|\n|t:|1732533859\n|move|p2a: Basculegion|Flip Turn|p1a: Incineroar\n|-supereffective|p1a: Incineroar\n|-damage|p1a: Incineroar|0 fnt\n|faint|p1a: Incineroar\n|\n|t:|1732533864\n|switch|p2a: Archaludon|Archaludon, L50, M, shiny|100\/100|[from] Flip Turn\n|move|p2b: Incineroar|Taunt|p1b: Porygon2\n|-start|p1b: Porygon2|move: Taunt\n|cant|p1b: Porygon2|move: Taunt|Trick Room\n|\n|-weather|RainDance|[upkeep]\n|upkeep\n|\n|t:|1732533871\n|switch|p1a: Ursaluna|Ursaluna, L50, F|100\/100\n|turn|4\n|\n|t:|1732533892\n|-terastallize|p2a: Archaludon|Grass\n|move|p1a: Ursaluna|Protect|p1a: Ursaluna\n|-singleturn|p1a: Ursaluna|Protect\n|move|p2a: Archaludon|Electro Shot||[still]\n|-prepare|p2a: Archaludon|Electro Shot\n|-boost|p2a: Archaludon|spa|1\n|-anim|p2a: Archaludon|Electro Shot|p1b: Porygon2\n|-damage|p1b: Porygon2|63\/100\n|move|p2b: Incineroar|Parting Shot|p1b: Porygon2\n|-unboost|p1b: Porygon2|atk|1\n|-unboost|p1b: Porygon2|spa|1\n|\n|t:|1732533904\n|switch|p2b: Basculegion|Basculegion, L50, M|100\/100|[from] Parting Shot\n|move|p1b: Porygon2|Tera Blast|p2b: Basculegion\n|-immune|p2b: Basculegion\n|\n|-weather|RainDance|[upkeep]\n|-status|p1a: Ursaluna|brn|[from] item: Flame Orb\n|upkeep\n|turn|5\n|j| judang\n|\n|t:|1732533935\n|-terastallize|p1a: Ursaluna|Ghost\n|move|p2b: Basculegion|Wave Crash|p1a: Ursaluna\n|-damage|p1a: Ursaluna|0 fnt\n|faint|p1a: Ursaluna\n|-damage|p2b: Basculegion|60\/100|[from] Recoil\n|move|p2a: Archaludon|Flash Cannon|p1b: Porygon2\n|-damage|p1b: Porygon2|28\/100\n|move|p1b: Porygon2|Ice Beam|p2a: Archaludon\n|-supereffective|p2a: Archaludon\n|-damage|p2a: Archaludon|75\/100\n|-ability|p2a: Archaludon|Stamina|boost\n|-boost|p2a: Archaludon|def|1\n|\n|-weather|none\n|-end|p1b: Porygon2|move: Taunt\n|upkeep\n|turn|6\n|-message|Cotn forfeited.\n|\n|win|la bella de easo\n|raw|Cotn's rating: 1690 &rarr; <strong>1672<\/strong><br \/>(-18 for losing)\n|raw|la bella de easo's rating: 1724 &rarr; <strong>1742<\/strong><br \/>(+18 for winning)\n|l|\u2606Cotn\n|player|p1|\n|l|\u2606la bella de easo\n|player|p2|\n","uploadtime":1732534108,"views":8,"formatid":"gen9vgc2024regh","rating":1672,"private":0,"password":null}