{"id":"gen9vgc2024regh-2250538897","format":"[Gen 9] VGC 2024 Reg H","players":["SkullySully","vgclth ttt"],"log":"|raw|<div class=\"broadcast-blue\"><strong>This battle is required to be public due to a player having a name starting with 'vgclth'.<\/div>\n|j|\u2606SkullySully\n|j|\u2606vgclth ttt\n|t:|1732507078\n|gametype|doubles\n|player|p1|SkullySully|blaine|1688\n|player|p2|vgclth ttt|101|1825\n|teamsize|p1|6\n|teamsize|p2|6\n|gen|9\n|tier|[Gen 9] VGC 2024 Reg H\n|rated|\n|rule|Species Clause: Limit one of each Pok\u00e9mon\n|rule|Item Clause: Limit 1 of each item\n|clearpoke\n|poke|p1|Sinistcha-Masterpiece, L50|\n|poke|p1|Ursaluna, L50, F|\n|poke|p1|Zoroark-Hisui, L50, M|\n|poke|p1|Arcanine-Hisui, L50, F|\n|poke|p1|Archaludon, L50, M|\n|poke|p1|Pelipper, L50, M|\n|poke|p2|Ursaluna, L50, M|\n|poke|p2|Sinistcha, L50|\n|poke|p2|Archaludon, L50, M|\n|poke|p2|Pelipper, L50, M|\n|poke|p2|Gholdengo, L50|\n|poke|p2|Dragonite, L50, F|\n|teampreview|4\n|j| BlackleafOGog\n|inactive|Battle timer is ON: inactive players will automatically lose when time's up. (requested by SkullySully)\n|\n|t:|1732507123\n|start\n|switch|p1a: Archaludon|Archaludon, L50, M|100\/100\n|switch|p1b: Sinistcha|Sinistcha-Masterpiece, L50, shiny|100\/100\n|switch|p2a: Archaludon|Archaludon, L50, M|100\/100\n|switch|p2b: Dragonite|Dragonite, L50, F|100\/100\n|turn|1\n|\n|t:|1732507131\n|move|p1b: Sinistcha|Icy Wind|p2b: Dragonite|[spread] p2a,p2b\n|-supereffective|p2b: Dragonite\n|-damage|p2a: Archaludon|89\/100\n|-damage|p2b: Dragonite|69\/100\n|-unboost|p2a: Archaludon|spe|1\n|-unboost|p2b: Dragonite|spe|1\n|-ability|p2a: Archaludon|Stamina|boost\n|-boost|p2a: Archaludon|def|1\n|move|p1a: Archaludon|Draco Meteor|p2b: Dragonite\n|-supereffective|p2b: Dragonite\n|-damage|p2b: Dragonite|0 fnt\n|-unboost|p1a: Archaludon|spa|2\n|faint|p2b: Dragonite\n|move|p2a: Archaludon|Snarl|p1b: Sinistcha|[spread] p1a,p1b\n|-supereffective|p1b: Sinistcha\n|-damage|p1a: Archaludon|90\/100\n|-damage|p1b: Sinistcha|51\/100\n|-unboost|p1a: Archaludon|spa|1\n|-unboost|p1b: Sinistcha|spa|1\n|-ability|p1a: Archaludon|Stamina|boost\n|-boost|p1a: Archaludon|def|1\n|replace|p1b: Zoroark|Zoroark-Hisui, L50, M, shiny\n|-end|p1b: Zoroark|Illusion\n|\n|upkeep\n|\n|t:|1732507144\n|switch|p2b: Sinistcha|Sinistcha, L50|100\/100\n|-heal|p2a: Archaludon|100\/100|[from] ability: Hospitality|[of] p2b: Sinistcha\n|turn|2\n|\n|t:|1732507158\n|move|p1b: Zoroark|Will-O-Wisp|p2a: Archaludon\n|-status|p2a: Archaludon|brn\n|move|p1a: Archaludon|Snarl|p2b: Sinistcha|[spread] p2a,p2b\n|-supereffective|p2b: Sinistcha\n|-damage|p2a: Archaludon|95\/100 brn\n|-damage|p2b: Sinistcha|89\/100\n|-unboost|p2a: Archaludon|spa|1\n|-unboost|p2b: Sinistcha|spa|1\n|-ability|p2a: Archaludon|Stamina|boost\n|-boost|p2a: Archaludon|def|1\n|move|p2b: Sinistcha|Matcha Gotcha|p1b: Zoroark|[spread] p1a,p1b\n|-resisted|p1a: Archaludon\n|-damage|p1a: Archaludon|87\/100\n|-heal|p2b: Sinistcha|91\/100|[from] drain|[of] p1a: Archaludon\n|-damage|p1b: Zoroark|18\/100\n|-heal|p2b: Sinistcha|100\/100|[from] drain|[of] p1b: Zoroark\n|-ability|p1a: Archaludon|Stamina|boost\n|-boost|p1a: Archaludon|def|1\n|move|p2a: Archaludon|Snarl|p1b: Zoroark|[spread] p1a,p1b\n|-supereffective|p1b: Zoroark\n|-crit|p1b: Zoroark\n|-damage|p1a: Archaludon|81\/100\n|-damage|p1b: Zoroark|0 fnt\n|-unboost|p1a: Archaludon|spa|1\n|-ability|p1a: Archaludon|Stamina|boost\n|-boost|p1a: Archaludon|def|1\n|faint|p1b: Zoroark\n|\n|-damage|p2a: Archaludon|89\/100 brn|[from] brn\n|upkeep\n|\n|t:|1732507172\n|switch|p1b: Sinistcha|Sinistcha-Masterpiece, L50, shiny|100\/100\n|-heal|p1a: Archaludon|100\/100|[from] ability: Hospitality|[of] p1b: Sinistcha\n|turn|3\n|\n|t:|1732507183\n|switch|p2a: Gholdengo|Gholdengo, L50|100\/100\n|move|p1a: Archaludon|Body Press|p2a: Gholdengo\n|-immune|p2a: Gholdengo\n|move|p2b: Sinistcha|Life Dew||[still]|[spread] \n|-immune|p2a: Gholdengo|[from] ability: Good as Gold\n|-fail|p2b: Sinistcha|heal\n|move|p1b: Sinistcha|Trick Room|p1b: Sinistcha\n|-fieldstart|move: Trick Room|[of] p1b: Sinistcha\n|\n|upkeep\n|turn|4\n|\n|t:|1732507195\n|switch|p1b: Ursaluna|Ursaluna, L50, F, shiny|100\/100\n|move|p1a: Archaludon|Snarl|p2a: Gholdengo|[spread] p2a\n|-miss|p1a: Archaludon|p2b: Sinistcha\n|-supereffective|p2a: Gholdengo\n|-damage|p2a: Gholdengo|91\/100\n|-unboost|p2a: Gholdengo|spa|1\n|move|p2a: Gholdengo|Trick|p1a: Archaludon\n|-activate|p2a: Gholdengo|move: Trick|[of] p1a: Archaludon\n|-item|p1a: Archaludon|Choice Scarf|[from] move: Trick\n|-item|p2a: Gholdengo|Assault Vest|[from] move: Trick\n|move|p2b: Sinistcha|Trick Room|p2b: Sinistcha\n|-fieldend|move: Trick Room\n|\n|-status|p1b: Ursaluna|brn|[from] item: Flame Orb\n|upkeep\n|turn|5\n|\n|t:|1732507210\n|switch|p2a: Archaludon|Archaludon, L50, M|89\/100 brn\n|move|p1a: Archaludon|Snarl|p2a: Archaludon|[spread] p2a,p2b\n|-supereffective|p2b: Sinistcha\n|-damage|p2a: Archaludon|85\/100 brn\n|-damage|p2b: Sinistcha|90\/100\n|-unboost|p2a: Archaludon|spa|1\n|-unboost|p2b: Sinistcha|spa|1\n|-ability|p2a: Archaludon|Stamina|boost\n|-boost|p2a: Archaludon|def|1\n|move|p2b: Sinistcha|Matcha Gotcha|p1b: Ursaluna|[spread] p1a,p1b\n|-resisted|p1a: Archaludon\n|-supereffective|p1b: Ursaluna\n|-damage|p1a: Archaludon|97\/100\n|-heal|p2b: Sinistcha|93\/100|[from] drain|[of] p1a: Archaludon\n|-damage|p1b: Ursaluna|79\/100 brn\n|-heal|p2b: Sinistcha|100\/100|[from] drain|[of] p1b: Ursaluna\n|-ability|p1a: Archaludon|Stamina|boost\n|-boost|p1a: Archaludon|def|1\n|move|p1b: Ursaluna|Headlong Rush|p2a: Archaludon\n|-supereffective|p2a: Archaludon\n|-damage|p2a: Archaludon|0 fnt\n|-unboost|p1b: Ursaluna|def|1\n|-unboost|p1b: Ursaluna|spd|1\n|faint|p2a: Archaludon\n|\n|-damage|p1b: Ursaluna|73\/100 brn|[from] brn\n|upkeep\n|\n|t:|1732507229\n|switch|p2a: Gholdengo|Gholdengo, L50|91\/100\n|turn|6\n|inactive|SkullySully has 30 seconds left.\n|\n|t:|1732507259\n|move|p1a: Archaludon|Snarl|p2a: Gholdengo|[spread] p2a,p2b\n|-supereffective|p2a: Gholdengo\n|-supereffective|p2b: Sinistcha\n|-damage|p2a: Gholdengo|84\/100\n|-damage|p2b: Sinistcha|90\/100\n|-unboost|p2a: Gholdengo|spa|1\n|-unboost|p2b: Sinistcha|spa|1\n|move|p2a: Gholdengo|Make It Rain|p1a: Archaludon|[spread] p1a,p1b\n|-resisted|p1a: Archaludon\n|-damage|p1a: Archaludon|81\/100\n|-damage|p1b: Ursaluna|35\/100 brn\n|-unboost|p2a: Gholdengo|spa|1\n|-ability|p1a: Archaludon|Stamina|boost\n|-boost|p1a: Archaludon|def|1\n|move|p2b: Sinistcha|Matcha Gotcha|p1b: Ursaluna|[spread] p1a,p1b\n|-resisted|p1a: Archaludon\n|-supereffective|p1b: Ursaluna\n|-damage|p1a: Archaludon|78\/100\n|-heal|p2b: Sinistcha|92\/100|[from] drain|[of] p1a: Archaludon\n|-damage|p1b: Ursaluna|9\/100 brn\n|-heal|p2b: Sinistcha|100\/100|[from] drain|[of] p1b: Ursaluna\n|-ability|p1a: Archaludon|Stamina|boost\n|-boost|p1a: Archaludon|def|1\n|move|p1b: Ursaluna|Headlong Rush|p2a: Gholdengo\n|-supereffective|p2a: Gholdengo\n|-damage|p2a: Gholdengo|0 fnt\n|-unboost|p1b: Ursaluna|def|1\n|-unboost|p1b: Ursaluna|spd|1\n|faint|p2a: Gholdengo\n|\n|-damage|p1b: Ursaluna|3\/100 brn|[from] brn\n|upkeep\n|turn|7\n|-message|vgclth ttt forfeited.\n|\n|win|SkullySully\n|raw|SkullySully's rating: 1688 &rarr; <strong>1716<\/strong><br \/>(+28 for winning)\n|raw|vgclth ttt's rating: 1825 &rarr; <strong>1797<\/strong><br \/>(-28 for losing)\n|l|\u2606vgclth ttt\n|player|p2|\n|l|\u2606SkullySully\n|player|p1|\n|l| BlackleafOGog\n","uploadtime":1732507519,"views":65,"formatid":"gen9vgc2024regh","rating":1716,"private":0,"password":null}