{"id":"gen9vgc2024regh-2250860061","format":"[Gen 9] VGC 2024 Reg H","players":["dex2299","Zordor"],"log":"|j|\u203ddex2299\n|j|\u2606Zordor\n|t:|1732554717\n|gametype|doubles\n|player|p1|dex2299|1|1696\n|player|p2|Zordor|pilot|1780\n|teamsize|p1|6\n|teamsize|p2|6\n|gen|9\n|tier|[Gen 9] VGC 2024 Reg H\n|rated|\n|rule|Species Clause: Limit one of each Pok\u00e9mon\n|rule|Item Clause: Limit 1 of each item\n|clearpoke\n|poke|p1|Whimsicott, L50, M|\n|poke|p1|Typhlosion-Hisui, L50, F|\n|poke|p1|Farigiraf, L50, M|\n|poke|p1|Rillaboom, L50, M|\n|poke|p1|Primarina, L50, F|\n|poke|p1|Incineroar, L50, M|\n|poke|p2|Rotom-Wash, L50|\n|poke|p2|Sneasler, L50, F|\n|poke|p2|Armarouge, L50, F|\n|poke|p2|Venusaur, L50, M|\n|poke|p2|Scizor, L50, M|\n|poke|p2|Dragapult, L50, M|\n|teampreview|4\n|inactive|Battle timer is ON: inactive players will automatically lose when time's up. (requested by dex2299)\n|j| mpudi\n|c| mpudi|win\n|inactive|dex2299 has 60 seconds left.\n|inactive|Zordor has 60 seconds left.\n|\n|t:|1732554785\n|start\n|switch|p1a: Whimsicott|Whimsicott, L50, M|100\/100\n|switch|p1b: Farigiraf|Farigiraf, L50, M|100\/100\n|switch|p2a: Sneasler|Sneasler, L50, F|100\/100\n|switch|p2b: Armarouge|Armarouge, L50, F|100\/100\n|turn|1\n|\n|t:|1732554808\n|move|p1a: Whimsicott|Tailwind|p1a: Whimsicott\n|-sidestart|p1: dex2299|move: Tailwind\n|move|p2a: Sneasler|Dire Claw|p1b: Farigiraf\n|-damage|p1b: Farigiraf|68\/100\n|move|p1b: Farigiraf|Psychic|p2a: Sneasler\n|-supereffective|p2a: Sneasler\n|-enditem|p2a: Sneasler|Focus Sash\n|-damage|p2a: Sneasler|1\/100\n|move|p2b: Armarouge|Heat Wave|p1b: Farigiraf|[spread] p1b\n|-miss|p2b: Armarouge|p1a: Whimsicott\n|-damage|p1b: Farigiraf|40\/100\n|-enditem|p1b: Farigiraf|Sitrus Berry|[eat]\n|-heal|p1b: Farigiraf|65\/100|[from] item: Sitrus Berry\n|\n|upkeep\n|turn|2\n|inactive|dex2299 has 30 seconds left.\n|inactive|dex2299 has 20 seconds left.\n|\n|t:|1732554845\n|move|p2a: Sneasler|Dire Claw|p1a: Whimsicott\n|-supereffective|p1a: Whimsicott\n|-damage|p1a: Whimsicott|0 fnt\n|faint|p1a: Whimsicott\n|move|p1b: Farigiraf|Hyper Voice|p2a: Sneasler|[spread] p2a,p2b\n|-damage|p2a: Sneasler|0 fnt\n|-damage|p2b: Armarouge|69\/100\n|faint|p2a: Sneasler\n|move|p2b: Armarouge|Heat Wave|p1b: Farigiraf\n|-damage|p1b: Farigiraf|25\/100\n|\n|upkeep\n|\n|t:|1732554860\n|switch|p2a: Scizor|Scizor, L50, M|100\/100\n|switch|p1a: Primarina|Primarina, L50, F|100\/100\n|turn|3\n|\n|t:|1732554885\n|switch|p1b: Typhlosion|Typhlosion-Hisui, L50, F|100\/100\n|move|p2b: Armarouge|Protect|p2b: Armarouge\n|-singleturn|p2b: Armarouge|Protect\n|move|p1a: Primarina|Moonblast|p2b: Armarouge\n|-activate|p2b: Armarouge|move: Protect\n|move|p2a: Scizor|Tailwind|p2a: Scizor\n|-sidestart|p2: Zordor|move: Tailwind\n|\n|upkeep\n|turn|4\n|inactive|dex2299 has 30 seconds left.\n|inactive|Zordor has 30 seconds left.\n|\n|t:|1732554919\n|-terastallize|p2b: Armarouge|Dark\n|move|p2a: Scizor|Bullet Punch|p1a: Primarina\n|-damage|p1a: Primarina|64\/100\n|move|p1b: Typhlosion|Eruption|p2b: Armarouge|[spread] p2a\n|-start|p2b: Armarouge|ability: Flash Fire\n|-supereffective|p2a: Scizor\n|-damage|p2a: Scizor|0 fnt\n|faint|p2a: Scizor\n|move|p2b: Armarouge|Meteor Beam||[still]\n|-prepare|p2b: Armarouge|Meteor Beam\n|-boost|p2b: Armarouge|spa|1\n|-enditem|p2b: Armarouge|Power Herb\n|-anim|p2b: Armarouge|Meteor Beam|p1a: Primarina\n|-damage|p1a: Primarina|15\/100\n|move|p1a: Primarina|Hyper Voice|p2b: Armarouge\n|-damage|p2b: Armarouge|0 fnt\n|faint|p2b: Armarouge\n|-damage|p1a: Primarina|5\/100|[from] item: Life Orb\n|\n|-sideend|p1: dex2299|move: Tailwind\n|upkeep\n|\n|t:|1732554935\n|switch|p2b: Dragapult|Dragapult, L50, M|100\/100\n|turn|5\n|inactive|dex2299 has 30 seconds left.\n|\n|t:|1732554962\n|switch|p1b: Farigiraf|Farigiraf, L50, M|25\/100\n|move|p2b: Dragapult|Psychic Fangs|p1a: Primarina\n|-damage|p1a: Primarina|0 fnt\n|faint|p1a: Primarina\n|\n|upkeep\n|\n|t:|1732554968\n|switch|p1a: Typhlosion|Typhlosion-Hisui, L50, F|100\/100\n|turn|6\n|\n|t:|1732554981\n|-terastallize|p1a: Typhlosion|Fire\n|move|p2b: Dragapult|Phantom Force||[still]\n|-prepare|p2b: Dragapult|Phantom Force\n|move|p1a: Typhlosion|Shadow Ball|p2b: Dragapult|[miss]\n|-miss|p1a: Typhlosion|p2b: Dragapult\n|move|p1b: Farigiraf|Trick Room|p1b: Farigiraf\n|-fieldstart|move: Trick Room|[of] p1b: Farigiraf\n|\n|-sideend|p2: Zordor|move: Tailwind\n|upkeep\n|turn|7\n|\n|t:|1732554993\n|move|p1b: Farigiraf|Psychic|p2b: Dragapult|[miss]\n|-miss|p1b: Farigiraf|p2b: Dragapult\n|move|p1a: Typhlosion|Shadow Ball|p2b: Dragapult|[miss]\n|-miss|p1a: Typhlosion|p2b: Dragapult\n|move|p2b: Dragapult|Phantom Force|p1a: Typhlosion|[from]lockedmove\n|-damage|p1a: Typhlosion|43\/100\n|\n|upkeep\n|turn|8\n|\n|t:|1732555002\n|move|p1b: Farigiraf|Psychic|p2b: Dragapult\n|-damage|p2b: Dragapult|72\/100\n|move|p1a: Typhlosion|Shadow Ball|p2b: Dragapult\n|-supereffective|p2b: Dragapult\n|-damage|p2b: Dragapult|0 fnt\n|faint|p2b: Dragapult\n|\n|win|dex2299\n|raw|dex2299's rating: 1696 &rarr; <strong>1721<\/strong><br \/>(+25 for winning)\n|raw|Zordor's rating: 1780 &rarr; <strong>1755<\/strong><br \/>(-25 for losing)\n|l|\u2606Zordor\n|player|p2|\n|l|\u203ddex2299\n|player|p1|\n","uploadtime":1732555192,"views":8,"formatid":"gen9vgc2024regh","rating":1721,"private":0,"password":null}