{"id":"gen9vgc2024regh-2250863259","format":"[Gen 9] VGC 2024 Reg H","players":["kojimuranishi","Zordor"],"log":"|j|\u2606kojimuranishi\n|j|\u2606Zordor\n|t:|1732555033\n|gametype|doubles\n|player|p1|kojimuranishi|266|1676\n|player|p2|Zordor|pilot|1755\n|teamsize|p1|6\n|teamsize|p2|6\n|gen|9\n|tier|[Gen 9] VGC 2024 Reg H\n|rated|\n|rule|Species Clause: Limit one of each Pok\u00e9mon\n|rule|Item Clause: Limit 1 of each item\n|clearpoke\n|poke|p1|Ursaluna-Bloodmoon, L50, M|\n|poke|p1|Amoonguss, L50, M|\n|poke|p1|Incineroar, L50, M|\n|poke|p1|Archaludon, L50, F|\n|poke|p1|Pelipper, L50, M|\n|poke|p1|Whimsicott, L50, F|\n|poke|p2|Rotom-Wash, L50|\n|poke|p2|Sneasler, L50, M|\n|poke|p2|Armarouge, L50, M|\n|poke|p2|Venusaur, L50, M|\n|poke|p2|Scizor, L50, M|\n|poke|p2|Dragapult, L50, M|\n|teampreview|4\n|inactive|Battle timer is ON: inactive players will automatically lose when time's up. (requested by kojimuranishi)\n|inactive|kojimuranishi has 60 seconds left.\n|\n|t:|1732555079\n|start\n|switch|p1a: Whimsicott|Whimsicott, L50, F|100\/100\n|switch|p1b: Incineroar|Incineroar, L50, M|100\/100\n|switch|p2a: Sneasler|Sneasler, L50, M|100\/100\n|switch|p2b: Rotom|Rotom-Wash, L50|100\/100\n|-ability|p1b: Incineroar|Intimidate|boost\n|-unboost|p2a: Sneasler|atk|1\n|-unboost|p2b: Rotom|atk|1\n|turn|1\n|\n|t:|1732555095\n|move|p2a: Sneasler|Dire Claw|p1a: Whimsicott\n|-supereffective|p1a: Whimsicott\n|-enditem|p1a: Whimsicott|Focus Sash\n|-damage|p1a: Whimsicott|1\/100\n|-status|p1a: Whimsicott|psn\n|move|p1a: Whimsicott|Moonblast|p2a: Sneasler\n|-damage|p2a: Sneasler|51\/100\n|move|p2b: Rotom|Hydro Pump|p1b: Incineroar\n|-supereffective|p1b: Incineroar\n|-damage|p1b: Incineroar|32\/100\n|-enditem|p1b: Incineroar|Sitrus Berry|[eat]\n|-heal|p1b: Incineroar|57\/100|[from] item: Sitrus Berry\n|move|p1b: Incineroar|Flare Blitz|p2a: Sneasler\n|-damage|p2a: Sneasler|0 fnt\n|faint|p2a: Sneasler\n|-damage|p1b: Incineroar|44\/100|[from] Recoil\n|\n|-damage|p1a: Whimsicott|0 fnt|[from] psn\n|faint|p1a: Whimsicott\n|upkeep\n|inactive|kojimuranishi has 30 seconds left.\n|inactive|Zordor has 30 seconds left.\n|\n|t:|1732555125\n|switch|p2a: Venusaur|Venusaur, L50, M|100\/100\n|switch|p1a: Archaludon|Archaludon, L50, F|100\/100\n|turn|2\n|j| VantaGold\n|inactive|kojimuranishi has 30 seconds left.\n|\n|t:|1732555155\n|-terastallize|p1b: Incineroar|Grass\n|move|p2b: Rotom|Hydro Pump|p1b: Incineroar\n|-resisted|p1b: Incineroar\n|-damage|p1b: Incineroar|26\/100\n|move|p1a: Archaludon|Draco Meteor|p2a: Venusaur\n|-damage|p2a: Venusaur|0 fnt\n|-unboost|p1a: Archaludon|spa|2\n|faint|p2a: Venusaur\n|move|p1b: Incineroar|Snarl|p2b: Rotom\n|-damage|p2b: Rotom|84\/100\n|-unboost|p2b: Rotom|spa|1\n|\n|upkeep\n|\n|t:|1732555165\n|switch|p2a: Dragapult|Dragapult, L50, M|100\/100\n|turn|3\n|\n|t:|1732555186\n|-terastallize|p2a: Dragapult|Fighting\n|move|p2a: Dragapult|Tera Blast|p1a: Archaludon|[anim] Tera Blast Fighting\n|-supereffective|p1a: Archaludon\n|-damage|p1a: Archaludon|34\/100\n|move|p2b: Rotom|Will-O-Wisp|p1b: Incineroar\n|-status|p1b: Incineroar|brn\n|move|p1a: Archaludon|Draco Meteor|p2b: Rotom\n|-damage|p2b: Rotom|30\/100\n|-unboost|p1a: Archaludon|spa|2\n|move|p1b: Incineroar|Knock Off|p2b: Rotom\n|-damage|p2b: Rotom|11\/100\n|-enditem|p2b: Rotom|Safety Goggles|[from] move: Knock Off|[of] p1b: Incineroar\n|\n|-damage|p1b: Incineroar|20\/100 brn|[from] brn\n|upkeep\n|turn|4\n|inactive|Zordor has 30 seconds left.\n|inactive|Zordor has 20 seconds left.\n|inactive|Zordor has 15 seconds left.\n|inactive|Zordor has 10 seconds left.\n|\n|t:|1732555233\n|move|p2a: Dragapult|Dragon Darts|p1a: Archaludon\n|-damage|p1a: Archaludon|13\/100\n|-anim|p2a: Dragapult|Dragon Darts|p1b: Incineroar\n|-damage|p1b: Incineroar|0 fnt\n|faint|p1b: Incineroar\n|move|p2b: Rotom|Electroweb|p1a: Archaludon\n|-resisted|p1a: Archaludon\n|-damage|p1a: Archaludon|2\/100\n|-unboost|p1a: Archaludon|spe|1\n|move|p1a: Archaludon|Draco Meteor|p2b: Rotom\n|-damage|p2b: Rotom|0 fnt\n|-unboost|p1a: Archaludon|spa|2\n|faint|p2b: Rotom\n|\n|upkeep\n|j| TreeckoPasta\n|\n|t:|1732555248\n|switch|p1b: Ursaluna|Ursaluna-Bloodmoon, L50, M|100\/100\n|turn|5\n|\n|t:|1732555257\n|move|p2a: Dragapult|Dragon Darts|p1a: Archaludon\n|-damage|p1a: Archaludon|0 fnt\n|-anim|p2a: Dragapult|Dragon Darts|p1b: Ursaluna\n|-damage|p1b: Ursaluna|83\/100\n|faint|p1a: Archaludon\n|move|p1b: Ursaluna|Blood Moon|p2a: Dragapult\n|-damage|p2a: Dragapult|22\/100\n|-damage|p1b: Ursaluna|73\/100|[from] item: Life Orb\n|\n|upkeep\n|turn|6\n|l| TreeckoPasta\n|\n|t:|1732555268\n|move|p2a: Dragapult|Tera Blast|p1b: Ursaluna|[anim] Tera Blast Fighting\n|-supereffective|p1b: Ursaluna\n|-damage|p1b: Ursaluna|8\/100\n|move|p1b: Ursaluna|Hyper Voice|p2a: Dragapult\n|-damage|p2a: Dragapult|0 fnt\n|faint|p2a: Dragapult\n|-damage|p1b: Ursaluna|0 fnt|[from] item: Life Orb\n|faint|p1b: Ursaluna\n|\n|win|kojimuranishi\n|raw|kojimuranishi's rating: 1676 &rarr; <strong>1700<\/strong><br \/>(+24 for winning)\n|raw|Zordor's rating: 1755 &rarr; <strong>1731<\/strong><br \/>(-24 for losing)\n|l|\u2606Zordor\n|player|p2|\n|l| VantaGold\n|l|\u2606kojimuranishi\n|player|p1|\n","uploadtime":1732555488,"views":20,"formatid":"gen9vgc2024regh","rating":1700,"private":0,"password":null}