{"id":"gen9vgc2024regh-2250007546","format":"[Gen 9] VGC 2024 Reg H","players":["elvegis1","PirateRoberts77"],"log":"|j|\u2606elvegis1\n|j|\u2606PirateRoberts77\n|t:|1732430843\n|gametype|doubles\n|player|p1|elvegis1|lucas|1694\n|player|p2|PirateRoberts77|hilbert|1727\n|teamsize|p1|6\n|teamsize|p2|6\n|gen|9\n|tier|[Gen 9] VGC 2024 Reg H\n|rated|\n|rule|Species Clause: Limit one of each Pok\u00e9mon\n|rule|Item Clause: Limit 1 of each item\n|clearpoke\n|poke|p1|Incineroar, L50, F|\n|poke|p1|Gholdengo, L50|\n|poke|p1|Gastrodon-East, L50, M|\n|poke|p1|Ursaluna, L50, M|\n|poke|p1|Dusclops, L50, M|\n|poke|p1|Magnezone, L50|\n|poke|p2|Torterra, L50, M|\n|poke|p2|Annihilape, L50, M|\n|poke|p2|Armarouge, L50, F|\n|poke|p2|Oranguru, L50, M|\n|poke|p2|Torkoal, L50, M|\n|poke|p2|Sylveon, L50, F|\n|teampreview|4\n|inactive|Battle timer is ON: inactive players will automatically lose when time's up. (requested by PirateRoberts77)\n|inactive|elvegis1 has 60 seconds left.\n|\n|t:|1732430881\n|start\n|switch|p1a: Magnezone|Magnezone, L50|100\/100\n|switch|p1b: Dusclops|Dusclops, L50, M|100\/100\n|switch|p2a: Oranguru|Oranguru, L50, M|100\/100\n|switch|p2b: Annihilape|Annihilape, L50, M|100\/100\n|-item|p2a: Oranguru|Mental Herb|[from] ability: Frisk|[of] p1b: Dusclops\n|-item|p2b: Annihilape|Choice Scarf|[from] ability: Frisk|[of] p1b: Dusclops\n|turn|1\n|\n|t:|1732430905\n|move|p1a: Magnezone|Protect|p1a: Magnezone\n|-singleturn|p1a: Magnezone|Protect\n|move|p2b: Annihilape|Final Gambit|p1a: Magnezone\n|-activate|p1a: Magnezone|move: Protect\n|move|p2a: Oranguru|Encore||[still]\n|-fail|p2a: Oranguru\n|move|p1b: Dusclops|Will-O-Wisp|p2b: Annihilape\n|-status|p2b: Annihilape|brn\n|\n|-damage|p2b: Annihilape|95\/100 brn|[from] brn\n|upkeep\n|turn|2\n|j| kanto-lapras\n|inactive|elvegis1 has 30 seconds left.\n|\n|t:|1732430939\n|switch|p2b: Torkoal|Torkoal, L50, M|100\/100\n|-weather|SunnyDay|[from] ability: Drought|[of] p2b: Torkoal\n|move|p1a: Magnezone|Volt Switch|p2a: Oranguru\n|-damage|p2a: Oranguru|68\/100\n|\n|t:|1732430949\n|switch|p1a: Incineroar|Incineroar, L50, F|100\/100|[from] Volt Switch\n|-ability|p1a: Incineroar|Intimidate|boost\n|-fail|p2a: Oranguru|unboost|Attack|[from] ability: Inner Focus|[of] p2a: Oranguru\n|-unboost|p2b: Torkoal|atk|1\n|move|p2a: Oranguru|Trick Room|p2a: Oranguru\n|-fieldstart|move: Trick Room|[of] p2a: Oranguru\n|move|p1b: Dusclops|Trick Room|p1b: Dusclops\n|-fieldend|move: Trick Room\n|\n|-weather|SunnyDay|[upkeep]\n|upkeep\n|turn|3\n|\n|t:|1732430974\n|switch|p2b: Annihilape|Annihilape, L50, M|95\/100 brn\n|move|p1a: Incineroar|Knock Off|p2a: Oranguru\n|-supereffective|p2a: Oranguru\n|-damage|p2a: Oranguru|7\/100\n|-enditem|p2a: Oranguru|Mental Herb|[from] move: Knock Off|[of] p1a: Incineroar\n|move|p2a: Oranguru|Encore|p1a: Incineroar\n|-start|p1a: Incineroar|Encore\n|move|p1b: Dusclops|Night Shade|p2b: Annihilape\n|-damage|p2b: Annihilape|71\/100 brn\n|\n|-weather|SunnyDay|[upkeep]\n|-damage|p2b: Annihilape|65\/100 brn|[from] brn\n|upkeep\n|turn|4\n|\n|t:|1732430998\n|move|p2b: Annihilape|Close Combat|p1a: Incineroar\n|-supereffective|p1a: Incineroar\n|-damage|p1a: Incineroar|57\/100\n|-unboost|p2b: Annihilape|def|1\n|-unboost|p2b: Annihilape|spd|1\n|move|p1a: Incineroar|Knock Off|p2a: Oranguru\n|-supereffective|p2a: Oranguru\n|-damage|p2a: Oranguru|0 fnt\n|faint|p2a: Oranguru\n|move|p1b: Dusclops|Night Shade|p2b: Annihilape\n|-damage|p2b: Annihilape|42\/100 brn\n|\n|-weather|SunnyDay|[upkeep]\n|-damage|p2b: Annihilape|36\/100 brn|[from] brn\n|upkeep\n|\n|t:|1732431005\n|switch|p2a: Sylveon|Sylveon, L50, F|100\/100\n|turn|5\n|\n|t:|1732431025\n|-terastallize|p1a: Incineroar|Ghost\n|-terastallize|p2a: Sylveon|Fairy\n|move|p2b: Annihilape|Close Combat|p1a: Incineroar\n|-immune|p1a: Incineroar\n|move|p1a: Incineroar|Knock Off|p2a: Sylveon\n|-resisted|p2a: Sylveon\n|-damage|p2a: Sylveon|82\/100\n|-enditem|p2a: Sylveon|Choice Specs|[from] move: Knock Off|[of] p1a: Incineroar\n|move|p2a: Sylveon|Hyper Voice|p1a: Incineroar|[spread] p1a,p1b\n|-damage|p1a: Incineroar|15\/100\n|-damage|p1b: Dusclops|73\/100\n|-enditem|p1a: Incineroar|Sitrus Berry|[eat]\n|-heal|p1a: Incineroar|40\/100|[from] item: Sitrus Berry\n|move|p1b: Dusclops|Night Shade|p2a: Sylveon\n|-damage|p2a: Sylveon|53\/100\n|\n|-weather|SunnyDay|[upkeep]\n|-damage|p2b: Annihilape|30\/100 brn|[from] brn\n|upkeep\n|turn|6\n|\n|t:|1732431047\n|switch|p2b: Torkoal|Torkoal, L50, M|100\/100\n|move|p1a: Incineroar|Knock Off|p2b: Torkoal\n|-damage|p2b: Torkoal|69\/100\n|-enditem|p2b: Torkoal|Assault Vest|[from] move: Knock Off|[of] p1a: Incineroar\n|move|p2a: Sylveon|Substitute|p2a: Sylveon\n|-start|p2a: Sylveon|Substitute\n|-damage|p2a: Sylveon|28\/100\n|move|p1b: Dusclops|Night Shade|p2a: Sylveon\n|-end|p2a: Sylveon|Substitute\n|\n|-weather|none\n|-end|p1a: Incineroar|Encore\n|upkeep\n|turn|7\n|\n|t:|1732431063\n|switch|p2a: Annihilape|Annihilape, L50, M|30\/100 brn\n|move|p1a: Incineroar|Flare Blitz|p2a: Annihilape\n|-damage|p2a: Annihilape|0 fnt\n|faint|p2a: Annihilape\n|-damage|p1a: Incineroar|30\/100|[from] Recoil\n|move|p1b: Dusclops|Night Shade|p2b: Torkoal\n|-damage|p2b: Torkoal|41\/100\n|move|p2b: Torkoal|Heat Wave|p1b: Dusclops|[spread] p1a,p1b\n|-damage|p1a: Incineroar|7\/100\n|-damage|p1b: Dusclops|57\/100\n|-status|p1a: Incineroar|brn\n|-status|p1b: Dusclops|brn\n|\n|-damage|p1a: Incineroar|1\/100 brn|[from] brn\n|-damage|p1b: Dusclops|51\/100 brn|[from] brn\n|upkeep\n|-message|PirateRoberts77 forfeited.\n|\n|win|elvegis1\n|raw|elvegis1's rating: 1694 &rarr; <strong>1716<\/strong><br \/>(+22 for winning)\n|raw|PirateRoberts77's rating: 1727 &rarr; <strong>1705<\/strong><br \/>(-22 for losing)\n|l|\u2606PirateRoberts77\n|player|p2|\n|l| kanto-lapras\n|l|\u2606elvegis1\n|player|p1|\n","uploadtime":1732431230,"views":15,"formatid":"gen9vgc2024regh","rating":1705,"private":0,"password":null}