{"id":"gen9vgc2024regh-2250552832","format":"[Gen 9] VGC 2024 Reg H","players":["TheDecommissioner","qiyeO.o"],"log":"|j|\u2606TheDecommissioner\n|j|\u2606qiyeO.o\n|t:|1732509192\n|gametype|doubles\n|player|p1|TheDecommissioner|preschooler|1737\n|player|p2|qiyeO.o|nancy|1761\n|teamsize|p1|6\n|teamsize|p2|6\n|gen|9\n|tier|[Gen 9] VGC 2024 Reg H\n|rated|\n|rule|Species Clause: Limit one of each Pok\u00e9mon\n|rule|Item Clause: Limit 1 of each item\n|clearpoke\n|poke|p1|Indeedee-F, L50, F|\n|poke|p1|Torkoal, L50, F|\n|poke|p1|Kleavor, L50, M|\n|poke|p1|Lilligant-Hisui, L50, F|\n|poke|p1|Archaludon, L50, F|\n|poke|p1|Corviknight, L50, F|\n|poke|p2|Dragonite, L50, F|\n|poke|p2|Gholdengo, L50|\n|poke|p2|Kingambit, L50, F|\n|poke|p2|Archaludon, L50, F|\n|poke|p2|Rillaboom, L50, F|\n|poke|p2|Primarina, L50, M|\n|teampreview|4\n|inactive|Battle timer is ON: inactive players will automatically lose when time's up. (requested by TheDecommissioner)\n|inactive|qiyeO.o has 60 seconds left.\n|\n|t:|1732509237\n|start\n|switch|p1a: Lilligant|Lilligant-Hisui, L50, F|100\/100\n|switch|p1b: Kleavor|Kleavor, L50, M|100\/100\n|switch|p2a: \u5976\u5976\u7684\u9f99|Dragonite, L50, F|100\/100\n|switch|p2b: \u5bcc\u5bcc\u7684\u8c6a|Gholdengo, L50|100\/100\n|turn|1\n|\n|t:|1732509255\n|switch|p1b: Indeedee|Indeedee-F, L50, F|100\/100\n|-fieldstart|move: Psychic Terrain|[from] ability: Psychic Surge|[of] p1b: Indeedee\n|-enditem|p1b: Indeedee|Psychic Seed\n|-boost|p1b: Indeedee|spd|1|[from] item: Psychic Seed\n|move|p2a: \u5976\u5976\u7684\u9f99|Protect|p2a: \u5976\u5976\u7684\u9f99\n|-singleturn|p2a: \u5976\u5976\u7684\u9f99|Protect\n|move|p2b: \u5bcc\u5bcc\u7684\u8c6a|Make It Rain|p1a: Lilligant|[spread] p1a,p1b\n|-damage|p1a: Lilligant|22\/100\n|-damage|p1b: Indeedee|66\/100\n|-unboost|p2b: \u5bcc\u5bcc\u7684\u8c6a|spa|1\n|move|p1a: Lilligant|Sleep Powder|p2a: \u5976\u5976\u7684\u9f99\n|-activate|p2a: \u5976\u5976\u7684\u9f99|move: Protect\n|\n|upkeep\n|turn|2\n|\n|t:|1732509267\n|move|p2b: \u5bcc\u5bcc\u7684\u8c6a|Make It Rain|p1a: Lilligant|[spread] p1a,p1b\n|-damage|p1a: Lilligant|0 fnt\n|-damage|p1b: Indeedee|45\/100\n|-unboost|p2b: \u5bcc\u5bcc\u7684\u8c6a|spa|1\n|faint|p1a: Lilligant\n|move|p2a: \u5976\u5976\u7684\u9f99|Scale Shot|p1b: Indeedee\n|-damage|p1b: Indeedee|30\/100\n|-damage|p1b: Indeedee|15\/100\n|-damage|p1b: Indeedee|0 fnt\n|faint|p1b: Indeedee\n|-hitcount|p1: Indeedee|3\n|-unboost|p2a: \u5976\u5976\u7684\u9f99|def|1\n|-boost|p2a: \u5976\u5976\u7684\u9f99|spe|1\n|\n|upkeep\n|\n|t:|1732509281\n|switch|p1a: Kleavor|Kleavor, L50, M|100\/100\n|switch|p1b: Torkoal|Torkoal, L50, F|100\/100\n|-weather|SunnyDay|[from] ability: Drought|[of] p1b: Torkoal\n|turn|3\n|\n|t:|1732509295\n|switch|p2b: \u897f\u897f\u7684\u65bd|Primarina, L50, M|100\/100\n|-terastallize|p1b: Torkoal|Fire\n|move|p2a: \u5976\u5976\u7684\u9f99|Protect|p2a: \u5976\u5976\u7684\u9f99\n|-singleturn|p2a: \u5976\u5976\u7684\u9f99|Protect\n|move|p1a: Kleavor|Rock Slide|p2b: \u897f\u897f\u7684\u65bd|[spread] p2b\n|-activate|p2a: \u5976\u5976\u7684\u9f99|move: Protect\n|-damage|p2b: \u897f\u897f\u7684\u65bd|66\/100\n|move|p1b: Torkoal|Heat Wave|p2b: \u897f\u897f\u7684\u65bd|[spread] p2b\n|-activate|p2a: \u5976\u5976\u7684\u9f99|move: Protect\n|-resisted|p2b: \u897f\u897f\u7684\u65bd\n|-damage|p2b: \u897f\u897f\u7684\u65bd|34\/100\n|-enditem|p2b: \u897f\u897f\u7684\u65bd|Sitrus Berry|[eat]\n|-heal|p2b: \u897f\u897f\u7684\u65bd|58\/100|[from] item: Sitrus Berry\n|\n|-weather|SunnyDay|[upkeep]\n|upkeep\n|turn|4\n|\n|t:|1732509309\n|move|p1a: Kleavor|Rock Slide|p2a: \u5976\u5976\u7684\u9f99|[spread] p2a,p2b\n|-supereffective|p2a: \u5976\u5976\u7684\u9f99\n|-damage|p2a: \u5976\u5976\u7684\u9f99|52\/100\n|-damage|p2b: \u897f\u897f\u7684\u65bd|24\/100\n|move|p2a: \u5976\u5976\u7684\u9f99|Stomping Tantrum|p1b: Torkoal\n|-supereffective|p1b: Torkoal\n|-damage|p1b: Torkoal|56\/100\n|move|p2b: \u897f\u897f\u7684\u65bd|Hyper Voice|p1b: Torkoal|[spread] p1a,p1b\n|-supereffective|p1a: Kleavor\n|-supereffective|p1b: Torkoal\n|-damage|p1a: Kleavor|42\/100\n|-damage|p1b: Torkoal|9\/100\n|move|p1b: Torkoal|Solar Beam||[still]\n|-prepare|p1b: Torkoal|Solar Beam\n|-anim|p1b: Torkoal|Solar Beam|p2b: \u897f\u897f\u7684\u65bd\n|-supereffective|p2b: \u897f\u897f\u7684\u65bd\n|-damage|p2b: \u897f\u897f\u7684\u65bd|0 fnt\n|faint|p2b: \u897f\u897f\u7684\u65bd\n|\n|-weather|SunnyDay|[upkeep]\n|upkeep\n|\n|t:|1732509316\n|switch|p2b: \u5bcc\u5bcc\u7684\u8c6a|Gholdengo, L50|100\/100\n|turn|5\n|\n|t:|1732509325\n|move|p2a: \u5976\u5976\u7684\u9f99|Protect|p2a: \u5976\u5976\u7684\u9f99\n|-singleturn|p2a: \u5976\u5976\u7684\u9f99|Protect\n|move|p1a: Kleavor|Rock Slide|p2b: \u5bcc\u5bcc\u7684\u8c6a|[spread] p2b\n|-activate|p2a: \u5976\u5976\u7684\u9f99|move: Protect\n|-resisted|p2b: \u5bcc\u5bcc\u7684\u8c6a\n|-damage|p2b: \u5bcc\u5bcc\u7684\u8c6a|85\/100\n|move|p2b: \u5bcc\u5bcc\u7684\u8c6a|Make It Rain|p1a: Kleavor|[spread] p1a,p1b\n|-supereffective|p1a: Kleavor\n|-resisted|p1b: Torkoal\n|-damage|p1a: Kleavor|0 fnt\n|-damage|p1b: Torkoal|0 fnt\n|-unboost|p2b: \u5bcc\u5bcc\u7684\u8c6a|spa|1\n|faint|p1a: Kleavor\n|faint|p1b: Torkoal\n|\n|win|qiyeO.o\n|raw|TheDecommissioner's rating: 1737 &rarr; <strong>1718<\/strong><br \/>(-19 for losing)\n|raw|qiyeO.o's rating: 1761 &rarr; <strong>1780<\/strong><br \/>(+19 for winning)\n|l|\u2606qiyeO.o\n|player|p2|\n|l|\u2606TheDecommissioner\n|player|p1|\n","uploadtime":1732509586,"views":15,"formatid":"gen9vgc2024regh","rating":1718,"private":0,"password":null}