{"id":"gen9vgc2024regh-2250509080","format":"[Gen 9] VGC 2024 Reg H","players":["vgclth ttt","judang"],"log":"|raw|<div class=\"broadcast-blue\"><strong>This battle is required to be public due to a player having a name starting with 'vgclth'.<\/div>\n|j|\u2606vgclth ttt\n|j|\u2606judang\n|t:|1732503030\n|gametype|doubles\n|player|p1|vgclth ttt|170|1732\n|player|p2|judang|ruinmaniac|1646\n|teamsize|p1|6\n|teamsize|p2|6\n|gen|9\n|tier|[Gen 9] VGC 2024 Reg H\n|rated|\n|rule|Species Clause: Limit one of each Pok\u00e9mon\n|rule|Item Clause: Limit 1 of each item\n|clearpoke\n|poke|p1|Ursaluna, L50, M|\n|poke|p1|Sinistcha, L50|\n|poke|p1|Archaludon, L50, M|\n|poke|p1|Pelipper, L50, M|\n|poke|p1|Gholdengo, L50|\n|poke|p1|Dragonite, L50, F|\n|poke|p2|Meowscarada, L50, M|\n|poke|p2|Armarouge, L50, M|\n|poke|p2|Politoed, L50, M|\n|poke|p2|Salamence, L50, F|\n|poke|p2|Indeedee-F, L50, F|\n|poke|p2|Archaludon, L50, F|\n|teampreview|4\n|j| Bloodyknuckles\n|\n|t:|1732503074\n|start\n|switch|p1a: Dragonite|Dragonite, L50, F|100\/100\n|switch|p1b: Gholdengo|Gholdengo, L50|100\/100\n|switch|p2a: Meowscarada|Meowscarada, L50, M|100\/100\n|switch|p2b: Archaludon|Archaludon, L50, F|100\/100\n|turn|1\n|\n|t:|1732503106\n|-terastallize|p1a: Dragonite|Steel\n|move|p1b: Gholdengo|Trick|p2b: Archaludon\n|-activate|p1b: Gholdengo|move: Trick|[of] p2b: Archaludon\n|-item|p2b: Archaludon|Choice Scarf|[from] move: Trick\n|-item|p1b: Gholdengo|Assault Vest|[from] move: Trick\n|move|p2a: Meowscarada|Knock Off|p1a: Dragonite\n|-start|p2a: Meowscarada|typechange|Dark|[from] ability: Protean\n|-damage|p1a: Dragonite|65\/100\n|-enditem|p1a: Dragonite|Loaded Dice|[from] move: Knock Off|[of] p2a: Meowscarada\n|move|p2b: Archaludon|Electro Shot||[still]\n|-prepare|p2b: Archaludon|Electro Shot\n|-boost|p2b: Archaludon|spa|1\n|move|p1a: Dragonite|Scale Shot|p2a: Meowscarada\n|-damage|p2a: Meowscarada|77\/100\n|-damage|p2a: Meowscarada|56\/100\n|-damage|p2a: Meowscarada|34\/100\n|-hitcount|p2a: Meowscarada|3\n|-unboost|p1a: Dragonite|def|1\n|-boost|p1a: Dragonite|spe|1\n|\n|upkeep\n|turn|2\n|j| ndnwv8\n|\n|t:|1732503148\n|switch|p2a: Indeedee|Indeedee-F, L50, F|100\/100\n|-fieldstart|move: Psychic Terrain|[from] ability: Psychic Surge|[of] p2a: Indeedee\n|move|p1a: Dragonite|Tailwind|p1a: Dragonite\n|-sidestart|p1: vgclth ttt|move: Tailwind\n|move|p1b: Gholdengo|Make It Rain|p2b: Archaludon|[spread] p2a,p2b\n|-resisted|p2b: Archaludon\n|-damage|p2a: Indeedee|61\/100\n|-damage|p2b: Archaludon|77\/100\n|-unboost|p1b: Gholdengo|spa|1\n|-ability|p2b: Archaludon|Stamina|boost\n|-boost|p2b: Archaludon|def|1\n|move|p2b: Archaludon|Electro Shot|p1b: Gholdengo|[from]lockedmove\n|-damage|p1b: Gholdengo|58\/100\n|\n|upkeep\n|turn|3\n|\n|t:|1732503175\n|switch|p2b: Armarouge|Armarouge, L50, M|100\/100\n|move|p1a: Dragonite|Scale Shot|p2a: Indeedee|[miss]\n|-miss|p1a: Dragonite|p2a: Indeedee\n|move|p1b: Gholdengo|Make It Rain|p2b: Armarouge|[spread] p2a,p2b\n|-resisted|p2b: Armarouge\n|-damage|p2a: Indeedee|34\/100\n|-damage|p2b: Armarouge|84\/100\n|-unboost|p1b: Gholdengo|spa|1\n|move|p2a: Indeedee|Trick Room|p2a: Indeedee\n|-fieldstart|move: Trick Room|[of] p2a: Indeedee\n|\n|upkeep\n|turn|4\n|\n|t:|1732503224\n|switch|p1b: Archaludon|Archaludon, L50, M|100\/100\n|move|p2a: Indeedee|Helping Hand|p2b: Armarouge\n|-singleturn|p2b: Armarouge|Helping Hand|[of] p2a: Indeedee\n|move|p1a: Dragonite|Protect|p1a: Dragonite\n|-singleturn|p1a: Dragonite|Protect\n|move|p2b: Armarouge|Expanding Force|p1a: Dragonite|[spread] p1b\n|-activate|p1a: Dragonite|move: Protect\n|-resisted|p1b: Archaludon\n|-damage|p1b: Archaludon|62\/100\n|-ability|p1b: Archaludon|Stamina|boost\n|-boost|p1b: Archaludon|def|1\n|\n|upkeep\n|turn|5\n|\n|t:|1732503266\n|switch|p1a: Sinistcha|Sinistcha, L50|100\/100\n|-heal|p1b: Archaludon|87\/100|[from] ability: Hospitality|[of] p1a: Sinistcha\n|move|p2a: Indeedee|Helping Hand|p2b: Armarouge\n|-singleturn|p2b: Armarouge|Helping Hand|[of] p2a: Indeedee\n|move|p2b: Armarouge|Armor Cannon|p1b: Archaludon\n|-damage|p1b: Archaludon|1\/100\n|-unboost|p2b: Armarouge|def|1\n|-unboost|p2b: Armarouge|spd|1\n|-ability|p1b: Archaludon|Stamina|boost\n|-boost|p1b: Archaludon|def|1\n|move|p1b: Archaludon|Snarl|p2b: Armarouge|[spread] p2a,p2b\n|-supereffective|p2a: Indeedee\n|-supereffective|p2b: Armarouge\n|-damage|p2a: Indeedee|9\/100\n|-damage|p2b: Armarouge|42\/100\n|-unboost|p2a: Indeedee|spa|1\n|-unboost|p2b: Armarouge|spa|1\n|\n|-sideend|p1: vgclth ttt|move: Tailwind\n|upkeep\n|turn|6\n|\n|t:|1732503286\n|move|p2a: Indeedee|Helping Hand|p2b: Armarouge\n|-singleturn|p2b: Armarouge|Helping Hand|[of] p2a: Indeedee\n|move|p1a: Sinistcha|Matcha Gotcha|p2a: Indeedee|[spread] p2a,p2b\n|-resisted|p2b: Armarouge\n|-damage|p2a: Indeedee|0 fnt\n|-damage|p2b: Armarouge|23\/100\n|faint|p2a: Indeedee\n|move|p2b: Armarouge|Expanding Force|p1b: Archaludon|[spread] p1a,p1b\n|-resisted|p1b: Archaludon\n|-damage|p1a: Sinistcha|42\/100\n|-damage|p1b: Archaludon|0 fnt\n|faint|p1b: Archaludon\n|\n|-fieldend|move: Psychic Terrain\n|upkeep\n|l| ndnwv8\n|\n|t:|1732503294\n|switch|p2a: Archaludon|Archaludon, L50, F|77\/100\n|switch|p1b: Dragonite|Dragonite, L50, F, tera:Steel|65\/100\n|turn|7\n|\n|t:|1732503320\n|move|p1a: Sinistcha|Rage Powder|p1a: Sinistcha\n|-singleturn|p1a: Sinistcha|move: Rage Powder\n|move|p2b: Armarouge|Armor Cannon|p1a: Sinistcha\n|-supereffective|p1a: Sinistcha\n|-damage|p1a: Sinistcha|0 fnt\n|-unboost|p2b: Armarouge|def|1\n|-unboost|p2b: Armarouge|spd|1\n|faint|p1a: Sinistcha\n|move|p1b: Dragonite|Scale Shot|p2b: Armarouge|[miss]\n|-miss|p1b: Dragonite|p2b: Armarouge\n|move|p2a: Archaludon|Body Press|p1b: Dragonite\n|-supereffective|p1b: Dragonite\n|-damage|p1b: Dragonite|17\/100\n|\n|-fieldend|move: Trick Room\n|upkeep\n|\n|t:|1732503325\n|switch|p1a: Gholdengo|Gholdengo, L50|58\/100\n|turn|8\n|\n|t:|1732503346\n|move|p2b: Armarouge|Protect|p2b: Armarouge\n|-singleturn|p2b: Armarouge|Protect\n|move|p2a: Archaludon|Body Press|p1b: Dragonite\n|-supereffective|p1b: Dragonite\n|-damage|p1b: Dragonite|0 fnt\n|faint|p1b: Dragonite\n|move|p1a: Gholdengo|Shadow Ball|p2b: Armarouge\n|-activate|p2b: Armarouge|move: Protect\n|\n|upkeep\n|turn|9\n|-message|vgclth ttt forfeited.\n|\n|win|judang\n|raw|vgclth ttt's rating: 1732 &rarr; <strong>1707<\/strong><br \/>(-25 for losing)\n|raw|judang's rating: 1646 &rarr; <strong>1671<\/strong><br \/>(+25 for winning)\n|l|\u2606vgclth ttt\n|player|p1|\n|l|\u2606judang\n|player|p2|\n","uploadtime":1732503512,"views":8,"formatid":"gen9vgc2024regh","rating":1671,"private":0,"password":null}