{"id":"gen9vgc2024regh-2250509921","format":"[Gen 9] VGC 2024 Reg H","players":["regidragon12138","tttCHORIttt"],"log":"|j|\u2606regidragon12138\n|j|\u2606tttCHORIttt\n|t:|1732503138\n|gametype|doubles\n|player|p1|regidragon12138|2|1646\n|player|p2|tttCHORIttt|1|1704\n|teamsize|p1|6\n|teamsize|p2|6\n|gen|9\n|tier|[Gen 9] VGC 2024 Reg H\n|rated|\n|rule|Species Clause: Limit one of each Pok\u00e9mon\n|rule|Item Clause: Limit 1 of each item\n|clearpoke\n|poke|p1|Hydrapple, L50, F|\n|poke|p1|Weezing-Galar, L50, M|\n|poke|p1|Dondozo, L50, M|\n|poke|p1|Tatsugiri, L50, M|\n|poke|p1|Volcarona, L50, F|\n|poke|p1|Toedscruel, L50, F|\n|poke|p2|Jumpluff, L50, F|\n|poke|p2|Ursaluna-Bloodmoon, L50, M|\n|poke|p2|Torkoal, L50, F|\n|poke|p2|Dragonite, L50, M|\n|poke|p2|Mimikyu, L50, M|\n|poke|p2|Rillaboom, L50, M|\n|teampreview|4\n|inactive|Battle timer is ON: inactive players will automatically lose when time's up. (requested by regidragon12138)\n|inactive|regidragon12138 has 60 seconds left.\n|j| ndnwv8\n|\n|t:|1732503191\n|start\n|switch|p1a: Weezing|Weezing-Galar, L50, M|100\/100\n|switch|p1b: Hydrapple|Hydrapple, L50, F|100\/100\n|switch|p2a: Jumpluff|Jumpluff, L50, F|100\/100\n|switch|p2b: Ursaluna|Ursaluna-Bloodmoon, L50, M|100\/100\n|-ability|p1a: Weezing|Neutralizing Gas\n|turn|1\n|\n|t:|1732503211\n|move|p2a: Jumpluff|Helping Hand|p2b: Ursaluna\n|-singleturn|p2b: Ursaluna|Helping Hand|[of] p2a: Jumpluff\n|move|p1a: Weezing|Protect|p1a: Weezing\n|-singleturn|p1a: Weezing|Protect\n|move|p2b: Ursaluna|Blood Moon|p1a: Weezing\n|-activate|p1a: Weezing|move: Protect\n|move|p1b: Hydrapple|Giga Drain|p2b: Ursaluna\n|-supereffective|p2b: Ursaluna\n|-damage|p2b: Ursaluna|1\/100\n|\n|upkeep\n|turn|2\n|inactive|regidragon12138 has 30 seconds left.\n|\n|t:|1732503242\n|move|p2a: Jumpluff|Tailwind|p2a: Jumpluff\n|-sidestart|p2: tttCHORIttt|move: Tailwind\n|move|p2b: Ursaluna|Hyper Voice|p1a: Weezing|[spread] p1a,p1b\n|-damage|p1a: Weezing|32\/100\n|-damage|p1b: Hydrapple|69\/100\n|-enditem|p1a: Weezing|Sitrus Berry|[eat]\n|-heal|p1a: Weezing|57\/100|[from] item: Sitrus Berry\n|-damage|p2b: Ursaluna|0 fnt|[from] item: Life Orb\n|faint|p2b: Ursaluna\n|move|p1a: Weezing|Sludge Bomb|p2a: Jumpluff\n|-supereffective|p2a: Jumpluff\n|-crit|p2a: Jumpluff\n|-damage|p2a: Jumpluff|20\/100\n|move|p1b: Hydrapple|Fickle Beam|p2a: Jumpluff|[anim] Fickle Beam All Out\n|-activate|p1b: Hydrapple|move: Fickle Beam\n|-damage|p2a: Jumpluff|0 fnt\n|faint|p2a: Jumpluff\n|\n|upkeep\n|\n|t:|1732503260\n|switch|p2a: Dragonite|Dragonite, L50, M|100\/100\n|switch|p2b: Rillaboom|Rillaboom, L50, M|100\/100\n|turn|3\n|\n|t:|1732503272\n|move|p2a: Dragonite|Scale Shot|p1b: Hydrapple\n|-supereffective|p1b: Hydrapple\n|-damage|p1b: Hydrapple|43\/100\n|-supereffective|p1b: Hydrapple\n|-damage|p1b: Hydrapple|18\/100\n|-supereffective|p1b: Hydrapple\n|-damage|p1b: Hydrapple|0 fnt\n|faint|p1b: Hydrapple\n|-hitcount|p1: Hydrapple|3\n|-unboost|p2a: Dragonite|def|1\n|-boost|p2a: Dragonite|spe|1\n|move|p2b: Rillaboom|High Horsepower|p1a: Weezing\n|-supereffective|p1a: Weezing\n|-damage|p1a: Weezing|12\/100\n|move|p1a: Weezing|Sludge Bomb|p2b: Rillaboom\n|-supereffective|p2b: Rillaboom\n|-damage|p2b: Rillaboom|63\/100\n|\n|upkeep\n|\n|t:|1732503289\n|switch|p1b: Tatsugiri|Tatsugiri, L50, M|100\/100\n|turn|4\n|l| ndnwv8\n|\n|t:|1732503302\n|move|p1a: Weezing|Protect|p1a: Weezing\n|-singleturn|p1a: Weezing|Protect\n|move|p2a: Dragonite|Scale Shot|p1b: Tatsugiri|[miss]\n|-miss|p2a: Dragonite|p1b: Tatsugiri\n|move|p2b: Rillaboom|Wood Hammer|p1a: Weezing\n|-activate|p1a: Weezing|move: Protect\n|move|p1b: Tatsugiri|Icy Wind|p2a: Dragonite|[spread] p2a,p2b\n|-supereffective|p2a: Dragonite\n|-supereffective|p2b: Rillaboom\n|-damage|p2a: Dragonite|38\/100\n|-damage|p2b: Rillaboom|44\/100\n|-unboost|p2a: Dragonite|spe|1\n|-unboost|p2b: Rillaboom|spe|1\n|\n|upkeep\n|turn|5\n|\n|t:|1732503326\n|switch|p1b: Dondozo|Dondozo, L50, M|100\/100\n|move|p2a: Dragonite|Scale Shot|p1b: Dondozo\n|-damage|p1b: Dondozo|92\/100\n|-damage|p1b: Dondozo|83\/100\n|-crit|p1b: Dondozo\n|-damage|p1b: Dondozo|70\/100\n|-damage|p1b: Dondozo|63\/100\n|-damage|p1b: Dondozo|55\/100\n|-hitcount|p1b: Dondozo|5\n|-unboost|p2a: Dragonite|def|1\n|-boost|p2a: Dragonite|spe|1\n|move|p2b: Rillaboom|High Horsepower|p1a: Weezing\n|-supereffective|p1a: Weezing\n|-damage|p1a: Weezing|0 fnt\n|faint|p1a: Weezing\n|-end|p1a: Weezing|ability: Neutralizing Gas\n|-fieldstart|move: Grassy Terrain|[from] ability: Grassy Surge|[of] p2b: Rillaboom\n|\n|-heal|p2b: Rillaboom|50\/100|[from] Grassy Terrain\n|-heal|p1b: Dondozo|61\/100|[from] Grassy Terrain\n|-heal|p1b: Dondozo|67\/100|[from] item: Leftovers\n|-sideend|p2: tttCHORIttt|move: Tailwind\n|upkeep\n|\n|t:|1732503329\n|switch|p1a: Tatsugiri|Tatsugiri, L50, M|100\/100\n|-activate|p1a: Tatsugiri|ability: Commander|[of] p1b: Dondozo\n|-boost|p1b: Dondozo|atk|2\n|-boost|p1b: Dondozo|spa|2\n|-boost|p1b: Dondozo|spe|2\n|-boost|p1b: Dondozo|def|2\n|-boost|p1b: Dondozo|spd|2\n|turn|6\n|inactive|tttCHORIttt has 30 seconds left.\n|\n|t:|1732503358\n|-terastallize|p1b: Dondozo|Grass\n|move|p2a: Dragonite|Haze|p2a: Dragonite\n|-clearallboost\n|move|p2b: Rillaboom|Wood Hammer|p1b: Dondozo\n|-resisted|p1b: Dondozo\n|-damage|p1b: Dondozo|44\/100\n|-damage|p2b: Rillaboom|41\/100|[from] Recoil\n|move|p1b: Dondozo|Wave Crash|p2a: Dragonite\n|-resisted|p2a: Dragonite\n|-damage|p2a: Dragonite|14\/100\n|-damage|p1b: Dondozo|38\/100|[from] Recoil\n|\n|-heal|p2b: Rillaboom|47\/100|[from] Grassy Terrain\n|-heal|p1b: Dondozo|44\/100|[from] Grassy Terrain\n|-heal|p1b: Dondozo|50\/100|[from] item: Leftovers\n|upkeep\n|turn|7\n|j| Bloodyknuckles\n|\n|t:|1732503378\n|move|p1b: Dondozo|Protect|p1b: Dondozo\n|-singleturn|p1b: Dondozo|Protect\n|move|p2a: Dragonite|Scale Shot|p1b: Dondozo\n|-activate|p1b: Dondozo|move: Protect\n|move|p2b: Rillaboom|Wood Hammer|p1b: Dondozo\n|-activate|p1b: Dondozo|move: Protect\n|\n|-heal|p2b: Rillaboom|53\/100|[from] Grassy Terrain\n|-heal|p1b: Dondozo|57\/100|[from] Grassy Terrain\n|-heal|p1b: Dondozo|63\/100|[from] item: Leftovers\n|upkeep\n|turn|8\n|j| judang\n|\n|t:|1732503393\n|move|p2a: Dragonite|Scale Shot|p1b: Dondozo\n|-damage|p1b: Dondozo|55\/100\n|-crit|p1b: Dondozo\n|-damage|p1b: Dondozo|42\/100\n|-damage|p1b: Dondozo|34\/100\n|-damage|p1b: Dondozo|27\/100\n|-hitcount|p1b: Dondozo|4\n|-unboost|p2a: Dragonite|def|1\n|-boost|p2a: Dragonite|spe|1\n|move|p2b: Rillaboom|Wood Hammer|p1b: Dondozo\n|-resisted|p1b: Dondozo\n|-damage|p1b: Dondozo|2\/100\n|-damage|p2b: Rillaboom|43\/100|[from] Recoil\n|move|p1b: Dondozo|Wave Crash|p2a: Dragonite\n|-resisted|p2a: Dragonite\n|-damage|p2a: Dragonite|0 fnt\n|faint|p2a: Dragonite\n|-damage|p1b: Dondozo|0 fnt|[from] Recoil\n|faint|p1b: Dondozo\n|\n|-heal|p2b: Rillaboom|49\/100|[from] Grassy Terrain\n|upkeep\n|turn|9\n|-message|tttCHORIttt forfeited.\n|\n|win|regidragon12138\n|raw|regidragon12138's rating: 1646 &rarr; <strong>1669<\/strong><br \/>(+23 for winning)\n|raw|tttCHORIttt's rating: 1704 &rarr; <strong>1681<\/strong><br \/>(-23 for losing)\n|l|\u2606tttCHORIttt\n|player|p2|\n|l|\u2606regidragon12138\n|player|p1|\n","uploadtime":1732503655,"views":15,"formatid":"gen9vgc2024regh","rating":1669,"private":0,"password":null}