{"id":"gen9vgc2024regh-2250562798","format":"[Gen 9] VGC 2024 Reg H","players":["TheDecommissioner","emu2567"],"log":"|j|\u2606TheDecommissioner\n|j|\u2606emu2567\n|t:|1732510810\n|gametype|doubles\n|player|p1|TheDecommissioner|preschooler|1770\n|player|p2|emu2567|acetrainerf|1797\n|teamsize|p1|6\n|teamsize|p2|6\n|gen|9\n|tier|[Gen 9] VGC 2024 Reg H\n|rated|\n|rule|Species Clause: Limit one of each Pok\u00e9mon\n|rule|Item Clause: Limit 1 of each item\n|clearpoke\n|poke|p1|Indeedee-F, L50, F|\n|poke|p1|Torkoal, L50, F|\n|poke|p1|Kleavor, L50, M|\n|poke|p1|Lilligant-Hisui, L50, F|\n|poke|p1|Archaludon, L50, F|\n|poke|p1|Corviknight, L50, F|\n|poke|p2|Gastrodon, L50, M|\n|poke|p2|Farigiraf, L50, F|\n|poke|p2|Grimmsnarl, L50, M|\n|poke|p2|Annihilape, L50, M|\n|poke|p2|Incineroar, L50, M|\n|poke|p2|Ursaluna-Bloodmoon, L50, M|\n|teampreview|4\n|inactive|Battle timer is ON: inactive players will automatically lose when time's up. (requested by TheDecommissioner)\n|inactive|TheDecommissioner has 60 seconds left.\n|\n|t:|1732510844\n|start\n|switch|p1a: Lilligant|Lilligant-Hisui, L50, F|100\/100\n|switch|p1b: Torkoal|Torkoal, L50, F|100\/100\n|switch|p2a: Farigiraf|Farigiraf, L50, F|100\/100\n|switch|p2b: Incineroar|Incineroar, L50, M|100\/100\n|-weather|SunnyDay|[from] ability: Drought|[of] p1b: Torkoal\n|turn|1\n|\n|t:|1732510867\n|switch|p1b: Indeedee|Indeedee-F, L50, F|100\/100\n|-fieldstart|move: Psychic Terrain|[from] ability: Psychic Surge|[of] p1b: Indeedee\n|-enditem|p1b: Indeedee|Psychic Seed\n|-boost|p1b: Indeedee|spd|1|[from] item: Psychic Seed\n|-terastallize|p2a: Farigiraf|Water\n|move|p1a: Lilligant|Sleep Powder|p2a: Farigiraf\n|-ability|p2a: Farigiraf|Sap Sipper|boost\n|-boost|p2a: Farigiraf|atk|1\n|move|p2b: Incineroar|Flare Blitz|p1a: Lilligant\n|-supereffective|p1a: Lilligant\n|-damage|p1a: Lilligant|0 fnt\n|faint|p1a: Lilligant\n|-damage|p2b: Incineroar|77\/100|[from] Recoil\n|move|p2a: Farigiraf|Trick Room|p2a: Farigiraf\n|-fieldstart|move: Trick Room|[of] p2a: Farigiraf\n|\n|-weather|SunnyDay|[upkeep]\n|upkeep\n|j| judang\n|l|\u2606TheDecommissioner\n|inactive|TheDecommissioner disconnected and has a minute to reconnect!\n|player|p1|\n|inactive|TheDecommissioner has 30 seconds left.\n|j|\u2606TheDecommissioner\n|inactive|TheDecommissioner reconnected and has 30 seconds left.\n|player|p1|TheDecommissioner|preschooler|\n|inactive|TheDecommissioner has 20 seconds left.\n|\n|t:|1732510906\n|switch|p1a: Torkoal|Torkoal, L50, F|100\/100\n|turn|2\n|\n|t:|1732510924\n|move|p1a: Torkoal|Protect|p1a: Torkoal\n|-singleturn|p1a: Torkoal|Protect\n|move|p2a: Farigiraf|Psychic Noise|p1b: Indeedee\n|-resisted|p1b: Indeedee\n|-damage|p1b: Indeedee|89\/100\n|-start|p1b: Indeedee|move: Heal Block\n|move|p2b: Incineroar|Flare Blitz|p1b: Indeedee\n|-damage|p1b: Indeedee|3\/100\n|-damage|p2b: Incineroar|52\/100|[from] Recoil\n|move|p1b: Indeedee|Psychic|p2a: Farigiraf\n|-damage|p2a: Farigiraf|69\/100\n|\n|-weather|SunnyDay|[upkeep]\n|upkeep\n|turn|3\n|inactive|emu2567 has 30 seconds left.\n|\n|t:|1732510956\n|move|p1b: Indeedee|Follow Me|p1b: Indeedee\n|-singleturn|p1b: Indeedee|move: Follow Me\n|move|p1a: Torkoal|Solar Beam||[still]\n|-prepare|p1a: Torkoal|Solar Beam\n|-anim|p1a: Torkoal|Solar Beam|p2a: Farigiraf\n|-ability|p2a: Farigiraf|Sap Sipper|boost\n|-boost|p2a: Farigiraf|atk|1\n|move|p2a: Farigiraf|Earthquake|p1b: Indeedee|[spread] p2b,p1a,p1b\n|-supereffective|p2b: Incineroar\n|-supereffective|p1a: Torkoal\n|-damage|p2b: Incineroar|0 fnt\n|-damage|p1a: Torkoal|55\/100\n|-damage|p1b: Indeedee|0 fnt\n|faint|p2b: Incineroar\n|faint|p1b: Indeedee\n|\n|-weather|SunnyDay|[upkeep]\n|upkeep\n|\n|t:|1732510971\n|switch|p2b: Gastrodon|Gastrodon, L50, M|100\/100\n|switch|p1b: Archaludon|Archaludon, L50, F|100\/100\n|turn|4\n|\n|t:|1732510983\n|-terastallize|p1b: Archaludon|Grass\n|move|p1a: Torkoal|Protect|p1a: Torkoal\n|-singleturn|p1a: Torkoal|Protect\n|move|p2b: Gastrodon|Earth Power|p1a: Torkoal\n|-activate|p1a: Torkoal|move: Protect\n|move|p2a: Farigiraf|Psychic Noise|p1b: Archaludon\n|-damage|p1b: Archaludon|78\/100\n|-start|p1b: Archaludon|move: Heal Block\n|-ability|p1b: Archaludon|Stamina|boost\n|-boost|p1b: Archaludon|def|1\n|move|p1b: Archaludon|Dragon Pulse|p2a: Farigiraf\n|-damage|p2a: Farigiraf|38\/100\n|\n|-weather|SunnyDay|[upkeep]\n|upkeep\n|turn|5\n|\n|t:|1732511003\n|move|p2b: Gastrodon|Earth Power|p1a: Torkoal\n|-supereffective|p1a: Torkoal\n|-damage|p1a: Torkoal|0 fnt\n|faint|p1a: Torkoal\n|move|p2a: Farigiraf|Psychic Noise|p1b: Archaludon\n|-damage|p1b: Archaludon|56\/100\n|-ability|p1b: Archaludon|Stamina|boost\n|-boost|p1b: Archaludon|def|1\n|move|p1b: Archaludon|Dragon Pulse|p2a: Farigiraf\n|-damage|p2a: Farigiraf|4\/100\n|\n|-weather|none\n|-end|p1b: Archaludon|move: Heal Block\n|-fieldend|move: Trick Room\n|-fieldend|move: Psychic Terrain\n|upkeep\n|turn|6\n|\n|t:|1732511022\n|move|p1b: Archaludon|Body Press|p2a: Farigiraf\n|-damage|p2a: Farigiraf|0 fnt\n|faint|p2a: Farigiraf\n|move|p2b: Gastrodon|Ice Beam|p1b: Archaludon\n|-supereffective|p1b: Archaludon\n|-damage|p1b: Archaludon|25\/100\n|-ability|p1b: Archaludon|Stamina|boost\n|-boost|p1b: Archaludon|def|1\n|\n|upkeep\n|\n|t:|1732511031\n|switch|p2a: Ursaluna|Ursaluna-Bloodmoon, L50, M|100\/100\n|turn|7\n|\n|t:|1732511040\n|move|p1b: Archaludon|Body Press|p2a: Ursaluna\n|-supereffective|p2a: Ursaluna\n|-damage|p2a: Ursaluna|2\/100\n|move|p2a: Ursaluna|Hyper Voice|p1b: Archaludon\n|-damage|p1b: Archaludon|0 fnt\n|faint|p1b: Archaludon\n|\n|win|emu2567\n|raw|TheDecommissioner's rating: 1770 &rarr; <strong>1752<\/strong><br \/>(-18 for losing)\n|raw|emu2567's rating: 1797 &rarr; <strong>1815<\/strong><br \/>(+18 for winning)\n|l|\u2606TheDecommissioner\n|player|p1|\n|l|\u2606emu2567\n|player|p2|\n","uploadtime":1732511280,"views":39,"formatid":"gen9vgc2024regh","rating":1752,"private":0,"password":null}