{"id":"gen9vgc2024regh-2250678910","format":"[Gen 9] VGC 2024 Reg H","players":["la bella de easo","FireRedzzz"],"log":"|j|\u2606la bella de easo\n|j|\u2606FireRedzzz\n|t:|1732532903\n|gametype|doubles\n|player|p1|la bella de easo|265|1685\n|player|p2|FireRedzzz|ethan|1744\n|teamsize|p1|6\n|teamsize|p2|6\n|gen|9\n|tier|[Gen 9] VGC 2024 Reg H\n|rated|\n|rule|Species Clause: Limit one of each Pok\u00e9mon\n|rule|Item Clause: Limit 1 of each item\n|clearpoke\n|poke|p1|Pelipper, L50, M|\n|poke|p1|Archaludon, L50, M|\n|poke|p1|Amoonguss, L50, M|\n|poke|p1|Incineroar, L50, M|\n|poke|p1|Basculegion, L50, M|\n|poke|p1|Dragonite, L50, M|\n|poke|p2|Kingambit, L50, F|\n|poke|p2|Electabuzz, L50, M|\n|poke|p2|Rillaboom, L50, F|\n|poke|p2|Primarina, L50, M|\n|poke|p2|Sneasler, L50, M|\n|poke|p2|Volcarona, L50, M|\n|teampreview|4\n|inactive|Battle timer is ON: inactive players will automatically lose when time's up. (requested by FireRedzzz)\nFireRedzzz has agreed to open team sheets.\n|inactive|la bella de easo has 60 seconds left.\n|inactive|FireRedzzz has 60 seconds left.\n|inactive|FireRedzzz has 30 seconds left.\n|inactive|FireRedzzz has 20 seconds left.\n|inactive|FireRedzzz has 15 seconds left.\n|inactive|FireRedzzz has 10 seconds left.\n|inactive|FireRedzzz has 5 seconds left.\n|\n|t:|1732532995\n|start\n|switch|p1a: Amoonguss|Amoonguss, L50, M|100\/100\n|switch|p1b: Pelipper|Pelipper, L50, M|100\/100\n|switch|p2a: Volcarona|Volcarona, L50, M, shiny|100\/100\n|switch|p2b: Electabuzz|Electabuzz, L50, M|100\/100\n|-weather|RainDance|[from] ability: Drizzle|[of] p1b: Pelipper\n|turn|1\n|inactive|la bella de easo has 30 seconds left.\n|inactive|FireRedzzz has 30 seconds left.\n|\n|t:|1732533029\n|move|p2b: Electabuzz|Follow Me|p2b: Electabuzz\n|-singleturn|p2b: Electabuzz|move: Follow Me\n|move|p1b: Pelipper|Muddy Water|p2b: Electabuzz|[spread] p2a,p2b\n|-supereffective|p2a: Volcarona\n|-damage|p2a: Volcarona|25\/100\n|-damage|p2b: Electabuzz|63\/100\n|-unboost|p2a: Volcarona|accuracy|1\n|move|p2a: Volcarona|Quiver Dance|p2a: Volcarona\n|-boost|p2a: Volcarona|spa|1\n|-boost|p2a: Volcarona|spd|1\n|-boost|p2a: Volcarona|spe|1\n|move|p1a: Amoonguss|Spore|p2b: Electabuzz\n|-immune|p2b: Electabuzz|[from] ability: Vital Spirit\n|\n|-weather|RainDance|[upkeep]\n|upkeep\n|turn|2\n|\n|t:|1732533049\n|move|p2a: Volcarona|Protect|p2a: Volcarona\n|-singleturn|p2a: Volcarona|Protect\n|move|p1a: Amoonguss|Rage Powder|p1a: Amoonguss\n|-singleturn|p1a: Amoonguss|move: Rage Powder\n|move|p1b: Pelipper|Muddy Water|p2a: Volcarona|[spread] \n|-activate|p2a: Volcarona|move: Protect\n|-miss|p1b: Pelipper|p2b: Electabuzz\n|move|p2b: Electabuzz|Thunderbolt|p1a: Amoonguss\n|-resisted|p1a: Amoonguss\n|-damage|p1a: Amoonguss|88\/100\n|\n|-weather|RainDance|[upkeep]\n|upkeep\n|turn|3\n|j| BichoPelao\n|\n|t:|1732533071\n|-terastallize|p2a: Volcarona|Fairy\n|move|p1a: Amoonguss|Rage Powder|p1a: Amoonguss\n|-singleturn|p1a: Amoonguss|move: Rage Powder\n|move|p2a: Volcarona|Quiver Dance|p2a: Volcarona\n|-boost|p2a: Volcarona|spa|1\n|-boost|p2a: Volcarona|spd|1\n|-boost|p2a: Volcarona|spe|1\n|move|p1b: Pelipper|Muddy Water|p2a: Volcarona|[spread] p2a,p2b\n|-damage|p2a: Volcarona|6\/100\n|-damage|p2b: Electabuzz|30\/100\n|-unboost|p2a: Volcarona|accuracy|1\n|-unboost|p2b: Electabuzz|accuracy|1\n|move|p2b: Electabuzz|Taunt|p1a: Amoonguss\n|-start|p1a: Amoonguss|move: Taunt\n|\n|-weather|RainDance|[upkeep]\n|upkeep\n|turn|4\n|inactive|la bella de easo has 30 seconds left.\n|inactive|FireRedzzz has 30 seconds left.\n|\n|t:|1732533103\n|switch|p1b: Archaludon|Archaludon, L50, M, shiny|100\/100\n|move|p2b: Electabuzz|Follow Me|p2b: Electabuzz\n|-singleturn|p2b: Electabuzz|move: Follow Me\n|move|p2a: Volcarona|Tera Blast|p1b: Archaludon|[anim] Tera Blast Fairy|[miss]\n|-miss|p2a: Volcarona|p1b: Archaludon\n|move|p1a: Amoonguss|Pollen Puff|p2b: Electabuzz\n|-damage|p2b: Electabuzz|16\/100\n|\n|-weather|RainDance|[upkeep]\n|upkeep\n|turn|5\n|\n|t:|1732533126\n|move|p2b: Electabuzz|Follow Me|p2b: Electabuzz\n|-singleturn|p2b: Electabuzz|move: Follow Me\n|move|p2a: Volcarona|Tera Blast|p1b: Archaludon|[anim] Tera Blast Fairy|[miss]\n|-miss|p2a: Volcarona|p1b: Archaludon\n|move|p1b: Archaludon|Electro Shot||[still]\n|-prepare|p1b: Archaludon|Electro Shot\n|-boost|p1b: Archaludon|spa|1\n|-anim|p1b: Archaludon|Electro Shot|p2b: Electabuzz\n|-resisted|p2b: Electabuzz\n|-damage|p2b: Electabuzz|0 fnt\n|faint|p2b: Electabuzz\n|move|p1a: Amoonguss|Pollen Puff|p1b: Archaludon\n|-immune|p1b: Archaludon\n|\n|-weather|none\n|upkeep\n|\n|t:|1732533141\n|switch|p2b: Sneasler|Sneasler, L50, M|100\/100\n|turn|6\n|\n|t:|1732533168\n|switch|p1b: Pelipper|Pelipper, L50, M|100\/100\n|-weather|RainDance|[from] ability: Drizzle|[of] p1b: Pelipper\n|move|p2a: Volcarona|Tera Blast|p1b: Pelipper|[anim] Tera Blast Fairy\n|-damage|p1b: Pelipper|0 fnt\n|faint|p1b: Pelipper\n|move|p2b: Sneasler|Dire Claw|p1a: Amoonguss\n|-damage|p1a: Amoonguss|56\/100\n|-status|p1a: Amoonguss|par\n|move|p1a: Amoonguss|Pollen Puff|p2a: Volcarona\n|-resisted|p2a: Volcarona\n|-damage|p2a: Volcarona|2\/100\n|\n|-weather|RainDance|[upkeep]\n|-end|p1a: Amoonguss|move: Taunt\n|upkeep\n|\n|t:|1732533192\n|switch|p1b: Basculegion|Basculegion, L50, M|100\/100\n|turn|7\n|inactive|la bella de easo has 30 seconds left.\n|\n|t:|1732533226\n|move|p2a: Volcarona|Protect|p2a: Volcarona\n|-singleturn|p2a: Volcarona|Protect\n|move|p2b: Sneasler|Protect|p2b: Sneasler\n|-singleturn|p2b: Sneasler|Protect\n|move|p1a: Amoonguss|Rage Powder|p1a: Amoonguss\n|-singleturn|p1a: Amoonguss|move: Rage Powder\n|move|p1b: Basculegion|Flip Turn|p2a: Volcarona\n|-activate|p2a: Volcarona|move: Protect\n|\n|-weather|RainDance|[upkeep]\n|upkeep\n|turn|8\n|\n|t:|1732533245\n|switch|p2a: Primarina|Primarina, L50, M|100\/100\n|move|p1a: Amoonguss|Rage Powder|p1a: Amoonguss\n|-singleturn|p1a: Amoonguss|move: Rage Powder\n|move|p1b: Basculegion|Flip Turn|p2a: Primarina\n|-resisted|p2a: Primarina\n|-crit|p2a: Primarina\n|-damage|p2a: Primarina|44\/100\n|-enditem|p2a: Primarina|Sitrus Berry|[eat]\n|-heal|p2a: Primarina|69\/100|[from] item: Sitrus Berry\n|\n|t:|1732533254\n|switch|p1b: Archaludon|Archaludon, L50, M, shiny|100\/100|[from] Flip Turn\n|move|p2b: Sneasler|Dire Claw|p1a: Amoonguss\n|-damage|p1a: Amoonguss|23\/100 par\n|-enditem|p1a: Amoonguss|Sitrus Berry|[eat]\n|-heal|p1a: Amoonguss|48\/100 par|[from] item: Sitrus Berry\n|\n|-weather|RainDance|[upkeep]\n|upkeep\n|turn|9\n|\n|t:|1732533279\n|-terastallize|p1b: Archaludon|Grass\n|move|p2a: Primarina|Protect|p2a: Primarina\n|-singleturn|p2a: Primarina|Protect\n|move|p1a: Amoonguss|Protect|p1a: Amoonguss\n|-singleturn|p1a: Amoonguss|Protect\n|move|p2b: Sneasler|Dire Claw|p1a: Amoonguss\n|-activate|p1a: Amoonguss|move: Protect\n|move|p1b: Archaludon|Electro Shot||[still]\n|-prepare|p1b: Archaludon|Electro Shot\n|-boost|p1b: Archaludon|spa|1\n|-anim|p1b: Archaludon|Electro Shot|p2b: Sneasler\n|-damage|p2b: Sneasler|16\/100\n|\n|-weather|RainDance|[upkeep]\n|upkeep\n|turn|10\n|inactive|la bella de easo has 30 seconds left.\n|inactive|FireRedzzz has 30 seconds left.\n|\n|t:|1732533307\n|move|p1a: Amoonguss|Rage Powder|p1a: Amoonguss\n|-singleturn|p1a: Amoonguss|move: Rage Powder\n|move|p2b: Sneasler|Dire Claw|p1a: Amoonguss\n|-damage|p1a: Amoonguss|16\/100 par\n|move|p1b: Archaludon|Electro Shot||[still]\n|-prepare|p1b: Archaludon|Electro Shot\n|-boost|p1b: Archaludon|spa|1\n|-anim|p1b: Archaludon|Electro Shot|p2a: Primarina\n|-supereffective|p2a: Primarina\n|-damage|p2a: Primarina|0 fnt\n|faint|p2a: Primarina\n|\n|-weather|none\n|upkeep\n|\n|t:|1732533318\n|switch|p2a: Volcarona|Volcarona, L50, M, shiny, tera:Fairy|2\/100\n|turn|11\n|\n|t:|1732533330\n|move|p1a: Amoonguss|Rage Powder|p1a: Amoonguss\n|-singleturn|p1a: Amoonguss|move: Rage Powder\n|move|p2b: Sneasler|Dire Claw|p1a: Amoonguss\n|-damage|p1a: Amoonguss|0 fnt\n|faint|p1a: Amoonguss\n|move|p2a: Volcarona|Heat Wave|p1b: Archaludon\n|-supereffective|p1b: Archaludon\n|-damage|p1b: Archaludon|23\/100\n|-ability|p1b: Archaludon|Stamina|boost\n|-boost|p1b: Archaludon|def|1\n|move|p1b: Archaludon|Flash Cannon|p2a: Volcarona\n|-supereffective|p2a: Volcarona\n|-damage|p2a: Volcarona|0 fnt\n|faint|p2a: Volcarona\n|\n|upkeep\n|\n|t:|1732533344\n|switch|p1a: Basculegion|Basculegion, L50, M|100\/100\n|turn|12\n|-message|FireRedzzz forfeited.\n|\n|win|la bella de easo\n|raw|la bella de easo's rating: 1685 &rarr; <strong>1708<\/strong><br \/>(+23 for winning)\n|raw|FireRedzzz's rating: 1744 &rarr; <strong>1721<\/strong><br \/>(-23 for losing)\n|l| BichoPelao\n|l|\u2606la bella de easo\n|player|p1|\n","uploadtime":1732533550,"views":7,"formatid":"gen9vgc2024regh","rating":1708,"private":0,"password":null}