{"id":"gen9vgc2024regh-2250810047","format":"[Gen 9] VGC 2024 Reg H","players":["Spottedwoot","dex2299"],"log":"|j|\u2606Spottedwoot\n|j|\u203ddex2299\n|t:|1732549677\n|gametype|doubles\n|player|p1|Spottedwoot|266|1820\n|player|p2|dex2299|1|1712\n|teamsize|p1|6\n|teamsize|p2|6\n|gen|9\n|tier|[Gen 9] VGC 2024 Reg H\n|rated|\n|rule|Species Clause: Limit one of each Pok\u00e9mon\n|rule|Item Clause: Limit 1 of each item\n|clearpoke\n|poke|p1|Pelipper, L50, F|\n|poke|p1|Archaludon, L50, F|\n|poke|p1|Gholdengo, L50|\n|poke|p1|Basculegion, L50, M|\n|poke|p1|Rillaboom, L50, F|\n|poke|p1|Sneasler, L50, F|\n|poke|p2|Whimsicott, L50, F|\n|poke|p2|Typhlosion-Hisui, L50, F|\n|poke|p2|Farigiraf, L50, M|\n|poke|p2|Rillaboom, L50, F|\n|poke|p2|Primarina, L50, F|\n|poke|p2|Incineroar, L50, F|\n|teampreview|4\n|j| RiotJuice\n|inactive|Battle timer is ON: inactive players will automatically lose when time's up. (requested by dex2299)\n|inactive|Spottedwoot has 60 seconds left.\n|inactive|dex2299 has 60 seconds left.\n|j| totopelusa\n|inactive|dex2299 has 30 seconds left.\n|inactive|dex2299 has 20 seconds left.\n|inactive|dex2299 has 15 seconds left.\n|inactive|dex2299 has 10 seconds left.\n|\n|t:|1732549767\n|start\n|switch|p1a: Basculegion|Basculegion, L50, M|100\/100\n|switch|p1b: Pelipper|Pelipper, L50, F|100\/100\n|switch|p2a: Rillaboom|Rillaboom, L50, F|100\/100\n|switch|p2b: Farigiraf|Farigiraf, L50, M|100\/100\n|-weather|RainDance|[from] ability: Drizzle|[of] p1b: Pelipper\n|-fieldstart|move: Grassy Terrain|[from] ability: Grassy Surge|[of] p2a: Rillaboom\n|turn|1\n|\n|t:|1732549779\n|switch|p1a: Gholdengo|Gholdengo, L50|100\/100\n|move|p2a: Rillaboom|Fake Out|p1b: Pelipper\n|-damage|p1b: Pelipper|83\/100\n|cant|p1b: Pelipper|flinch\n|move|p2b: Farigiraf|Trick Room|p2b: Farigiraf\n|-fieldstart|move: Trick Room|[of] p2b: Farigiraf\n|\n|-weather|RainDance|[upkeep]\n|upkeep\n|turn|2\n|l| totopelusa\n|inactive|dex2299 has 30 seconds left.\n|\n|t:|1732549810\n|move|p2a: Rillaboom|Grassy Glide|p1b: Pelipper\n|-damage|p1b: Pelipper|38\/100\n|move|p2b: Farigiraf|Psychic|p1b: Pelipper\n|-damage|p1b: Pelipper|0 fnt\n|faint|p1b: Pelipper\n|move|p1a: Gholdengo|Nasty Plot|p1a: Gholdengo\n|-boost|p1a: Gholdengo|spa|2\n|\n|-weather|RainDance|[upkeep]\n|upkeep\n|\n|t:|1732549819\n|switch|p1b: Sneasler|Sneasler, L50, F|100\/100\n|turn|3\n|\n|t:|1732549840\n|switch|p2a: Incineroar|Incineroar, L50, F|100\/100\n|-ability|p2a: Incineroar|Intimidate|boost\n|-unboost|p1a: Gholdengo|atk|1\n|-unboost|p1b: Sneasler|atk|1\n|switch|p1b: Basculegion|Basculegion, L50, M|100\/100\n|move|p2b: Farigiraf|Psychic|p1b: Basculegion\n|-damage|p1b: Basculegion|54\/100\n|move|p1a: Gholdengo|Make It Rain|p2b: Farigiraf|[spread] p2a,p2b\n|-resisted|p2a: Incineroar\n|-damage|p2a: Incineroar|60\/100\n|-damage|p2b: Farigiraf|3\/100\n|-unboost|p1a: Gholdengo|spa|1\n|-enditem|p2b: Farigiraf|Sitrus Berry|[eat]\n|-heal|p2b: Farigiraf|28\/100|[from] item: Sitrus Berry\n|-damage|p1a: Gholdengo|90\/100|[from] item: Life Orb\n|\n|-weather|RainDance|[upkeep]\n|-heal|p2b: Farigiraf|34\/100|[from] Grassy Terrain\n|-heal|p2a: Incineroar|66\/100|[from] Grassy Terrain\n|-heal|p1a: Gholdengo|97\/100|[from] Grassy Terrain\n|-heal|p1b: Basculegion|60\/100|[from] Grassy Terrain\n|upkeep\n|turn|4\n|inactive|dex2299 has 30 seconds left.\n|inactive|dex2299 has 20 seconds left.\n|inactive|dex2299 has 15 seconds left.\n|inactive|dex2299 has 10 seconds left.\n|inactive|dex2299 has 5 seconds left.\n|\n|t:|1732549893\n|switch|p1b: Sneasler|Sneasler, L50, F|100\/100\n|-terastallize|p1a: Gholdengo|Steel\n|move|p2b: Farigiraf|Helping Hand|p2a: Incineroar\n|-singleturn|p2a: Incineroar|Helping Hand|[of] p2b: Farigiraf\n|move|p2a: Incineroar|Knock Off|p1a: Gholdengo\n|-damage|p1a: Gholdengo|37\/100\n|-enditem|p1a: Gholdengo|Life Orb|[from] move: Knock Off|[of] p2a: Incineroar\n|move|p1a: Gholdengo|Make It Rain|p2a: Incineroar|[spread] p2a,p2b\n|-resisted|p2a: Incineroar\n|-damage|p2a: Incineroar|32\/100\n|-damage|p2b: Farigiraf|0 fnt\n|-unboost|p1a: Gholdengo|spa|1\n|faint|p2b: Farigiraf\n|\n|-weather|RainDance|[upkeep]\n|-heal|p2a: Incineroar|38\/100|[from] Grassy Terrain\n|-heal|p1a: Gholdengo|43\/100|[from] Grassy Terrain\n|upkeep\n|inactive|dex2299 has 30 seconds left.\n|\n|t:|1732549919\n|switch|p2b: Primarina|Primarina, L50, F|100\/100\n|turn|5\n|inactive|dex2299 has 30 seconds left.\n|\n|t:|1732549950\n|switch|p2a: Rillaboom|Rillaboom, L50, F|100\/100\n|move|p1b: Sneasler|Fake Out|p2b: Primarina\n|-damage|p2b: Primarina|83\/100\n|cant|p2b: Primarina|flinch\n|move|p1a: Gholdengo|Nasty Plot|p1a: Gholdengo\n|-boost|p1a: Gholdengo|spa|2\n|\n|-weather|none\n|-heal|p2b: Primarina|89\/100|[from] Grassy Terrain\n|-heal|p1a: Gholdengo|49\/100|[from] Grassy Terrain\n|-fieldend|move: Trick Room\n|-fieldend|move: Grassy Terrain\n|upkeep\n|turn|6\n|inactive|dex2299 has 30 seconds left.\n|inactive|dex2299 has 20 seconds left.\n|\n|t:|1732549985\n|move|p1a: Gholdengo|Protect|p1a: Gholdengo\n|-singleturn|p1a: Gholdengo|Protect\n|move|p2b: Primarina|Protect|p2b: Primarina\n|-singleturn|p2b: Primarina|Protect\n|move|p1b: Sneasler|Close Combat|p2a: Rillaboom\n|-damage|p2a: Rillaboom|37\/100\n|-unboost|p1b: Sneasler|def|1\n|-unboost|p1b: Sneasler|spd|1\n|move|p2a: Rillaboom|U-turn|p1b: Sneasler\n|-resisted|p1b: Sneasler\n|-damage|p1b: Sneasler|84\/100\n|\n|t:|1732549996\n|switch|p2a: Incineroar|Incineroar, L50, F|38\/100|[from] U-turn\n|-ability|p2a: Incineroar|Intimidate|boost\n|-unboost|p1a: Gholdengo|atk|1\n|-unboost|p1b: Sneasler|atk|1\n|\n|upkeep\n|turn|7\n|\n|t:|1732550015\n|switch|p1a: Basculegion|Basculegion, L50, M|60\/100\n|move|p2a: Incineroar|Fake Out|p1a: Basculegion\n|-immune|p1a: Basculegion\n|move|p1b: Sneasler|Close Combat|p2a: Incineroar\n|-supereffective|p2a: Incineroar\n|-damage|p2a: Incineroar|0 fnt\n|-unboost|p1b: Sneasler|def|1\n|-unboost|p1b: Sneasler|spd|1\n|faint|p2a: Incineroar\n|move|p2b: Primarina|Hyper Voice|p1b: Sneasler|[spread] p1a,p1b\n|-resisted|p1a: Basculegion\n|-damage|p1a: Basculegion|32\/100\n|-damage|p1b: Sneasler|0 fnt\n|faint|p1b: Sneasler\n|-damage|p2b: Primarina|79\/100|[from] item: Life Orb\n|\n|upkeep\n|\n|t:|1732550021\n|switch|p1b: Gholdengo|Gholdengo, L50, tera:Steel|49\/100\n|switch|p2a: Rillaboom|Rillaboom, L50, F|37\/100\n|-fieldstart|move: Grassy Terrain|[from] ability: Grassy Surge|[of] p2a: Rillaboom\n|turn|8\n|\n|t:|1732550030\n|move|p2a: Rillaboom|Grassy Glide|p1a: Basculegion\n|-supereffective|p1a: Basculegion\n|-damage|p1a: Basculegion|0 fnt\n|faint|p1a: Basculegion\n|move|p1b: Gholdengo|Make It Rain|p2a: Rillaboom|[spread] p2a,p2b\n|-damage|p2a: Rillaboom|0 fnt\n|-damage|p2b: Primarina|26\/100\n|-unboost|p1b: Gholdengo|spa|1\n|faint|p2a: Rillaboom\n|move|p2b: Primarina|Hyper Voice|p1b: Gholdengo\n|-damage|p1b: Gholdengo|0 fnt\n|faint|p1b: Gholdengo\n|-damage|p2b: Primarina|16\/100|[from] item: Life Orb\n|\n|win|dex2299\n|raw|Spottedwoot's rating: 1820 &rarr; <strong>1794<\/strong><br \/>(-26 for losing)\n|raw|dex2299's rating: 1712 &rarr; <strong>1738<\/strong><br \/>(+26 for winning)\n","uploadtime":1732550034,"views":109,"formatid":"gen9vgc2024regh","rating":1738,"private":0,"password":null}