{"id":"gen9vgc2024regh-2250819282","format":"[Gen 9] VGC 2024 Reg H","players":["Spottedwoot","testy accounty 2"],"log":"|j|\u2606Spottedwoot\n|j|\u2606testy accounty 2\n|t:|1732550629\n|gametype|doubles\n|player|p1|Spottedwoot|266|1793\n|player|p2|testy accounty 2|1|1673\n|teamsize|p1|6\n|teamsize|p2|6\n|gen|9\n|tier|[Gen 9] VGC 2024 Reg H\n|rated|\n|rule|Species Clause: Limit one of each Pok\u00e9mon\n|rule|Item Clause: Limit 1 of each item\n|clearpoke\n|poke|p1|Pelipper, L50, M|\n|poke|p1|Archaludon, L50, F|\n|poke|p1|Gholdengo, L50|\n|poke|p1|Basculegion, L50, M|\n|poke|p1|Rillaboom, L50, F|\n|poke|p1|Sneasler, L50, M|\n|poke|p2|Pelipper, L50, F|\n|poke|p2|Archaludon, L50, F|\n|poke|p2|Sneasler, L50, M|\n|poke|p2|Dragonite, L50, F|\n|poke|p2|Basculegion, L50, M|\n|poke|p2|Rillaboom, L50, F|\n|teampreview|4\n|\n|t:|1732550697\n|start\n|switch|p1a: Pelipper|Pelipper, L50, M|100\/100\n|switch|p1b: Basculegion|Basculegion, L50, M|100\/100\n|switch|p2a: Hephetus|Archaludon, L50, F|100\/100\n|switch|p2b: Ceasar|Rillaboom, L50, F|100\/100\n|-weather|RainDance|[from] ability: Drizzle|[of] p1a: Pelipper\n|-fieldstart|move: Grassy Terrain|[from] ability: Grassy Surge|[of] p2b: Ceasar\n|turn|1\n|\n|t:|1732550738\n|switch|p1b: Gholdengo|Gholdengo, L50|100\/100\n|move|p2b: Ceasar|Fake Out|p1a: Pelipper\n|-damage|p1a: Pelipper|84\/100\n|cant|p1a: Pelipper|flinch\n|move|p2a: Hephetus|Electro Shot||[still]\n|-prepare|p2a: Hephetus|Electro Shot\n|-boost|p2a: Hephetus|spa|1\n|-anim|p2a: Hephetus|Electro Shot|p1b: Gholdengo\n|-damage|p1b: Gholdengo|37\/100\n|\n|-weather|RainDance|[upkeep]\n|-heal|p1b: Gholdengo|43\/100|[from] Grassy Terrain\n|upkeep\n|turn|2\n|\n|t:|1732550757\n|move|p1a: Pelipper|Hurricane|p2b: Ceasar\n|-supereffective|p2b: Ceasar\n|-damage|p2b: Ceasar|5\/100\n|move|p1b: Gholdengo|Shadow Ball|p2a: Hephetus\n|-damage|p2a: Hephetus|61\/100\n|-ability|p2a: Hephetus|Stamina|boost\n|-boost|p2a: Hephetus|def|1\n|-damage|p1b: Gholdengo|33\/100|[from] item: Life Orb\n|move|p2b: Ceasar|Bullet Seed|p1b: Gholdengo\n|-resisted|p1b: Gholdengo\n|-damage|p1b: Gholdengo|25\/100\n|-resisted|p1b: Gholdengo\n|-damage|p1b: Gholdengo|17\/100\n|-resisted|p1b: Gholdengo\n|-damage|p1b: Gholdengo|9\/100\n|-resisted|p1b: Gholdengo\n|-damage|p1b: Gholdengo|1\/100\n|-resisted|p1b: Gholdengo\n|-damage|p1b: Gholdengo|0 fnt\n|faint|p1b: Gholdengo\n|-hitcount|p1: Gholdengo|5\n|move|p2a: Hephetus|Electro Shot||[still]\n|-prepare|p2a: Hephetus|Electro Shot\n|-boost|p2a: Hephetus|spa|1\n|-anim|p2a: Hephetus|Electro Shot|p1a: Pelipper\n|-supereffective|p1a: Pelipper\n|-damage|p1a: Pelipper|0 fnt\n|faint|p1a: Pelipper\n|\n|-weather|RainDance|[upkeep]\n|-heal|p2b: Ceasar|11\/100|[from] Grassy Terrain\n|-heal|p2a: Hephetus|67\/100|[from] Grassy Terrain\n|upkeep\n|j| hastein\n|\n|t:|1732550772\n|switch|p1b: Sneasler|Sneasler, L50, M|100\/100\n|switch|p1a: Basculegion|Basculegion, L50, M|100\/100\n|turn|3\n|\n|t:|1732550823\n|-terastallize|p1a: Basculegion|Ghost\n|-terastallize|p2a: Hephetus|Grass\n|move|p1b: Sneasler|Fake Out|p2b: Ceasar\n|-damage|p2b: Ceasar|0 fnt\n|faint|p2b: Ceasar\n|move|p1a: Basculegion|Last Respects|p2a: Hephetus\n|-damage|p2a: Hephetus|0 fnt\n|faint|p2a: Hephetus\n|\n|-weather|RainDance|[upkeep]\n|upkeep\n|\n|t:|1732550833\n|switch|p2b: Hermes|Sneasler, L50, M|100\/100\n|switch|p2a: Posiden|Pelipper, L50, F|100\/100\n|-enditem|p2b: Hermes|Grassy Seed\n|-boost|p2b: Hermes|def|1|[from] item: Grassy Seed\n|turn|4\n|\n|t:|1732550855\n|move|p1b: Sneasler|Protect|p1b: Sneasler\n|-singleturn|p1b: Sneasler|Protect\n|move|p2b: Hermes|Throat Chop|p1a: Basculegion\n|-supereffective|p1a: Basculegion\n|-damage|p1a: Basculegion|31\/100\n|-start|p1a: Basculegion|Throat Chop|[silent]\n|move|p1a: Basculegion|Last Respects|p2b: Hermes\n|-damage|p2b: Hermes|0 fnt\n|faint|p2b: Hermes\n|move|p2a: Posiden|Hurricane|p1a: Basculegion\n|-damage|p1a: Basculegion|0 fnt\n|faint|p1a: Basculegion\n|\n|-weather|RainDance|[upkeep]\n|upkeep\n|turn|5\n|\n|t:|1732550870\n|move|p1b: Sneasler|Dire Claw|p2a: Posiden\n|-damage|p2a: Posiden|58\/100\n|-status|p2a: Posiden|psn\n|move|p2a: Posiden|Hurricane|p1b: Sneasler\n|-supereffective|p1b: Sneasler\n|-enditem|p1b: Sneasler|Focus Sash\n|-damage|p1b: Sneasler|1\/100\n|-start|p1b: Sneasler|confusion\n|\n|-weather|none\n|-heal|p1b: Sneasler|7\/100|[from] Grassy Terrain\n|-damage|p2a: Posiden|46\/100 psn|[from] psn\n|-fieldend|move: Grassy Terrain\n|upkeep\n|turn|6\n|\n|t:|1732550881\n|-activate|p1b: Sneasler|confusion\n|-damage|p1b: Sneasler|0 fnt|[from] confusion\n|faint|p1b: Sneasler\n|\n|win|testy accounty 2\n|raw|Spottedwoot's rating: 1793 &rarr; <strong>1766<\/strong><br \/>(-27 for losing)\n|raw|testy accounty 2's rating: 1673 &rarr; <strong>1700<\/strong><br \/>(+27 for winning)\n|l|\u2606Spottedwoot\n|player|p1|\n|l|\u2606testy accounty 2\n|player|p2|\n","uploadtime":1732550884,"views":114,"formatid":"gen9vgc2024regh","rating":1700,"private":0,"password":null}