{"id":"gen9vgc2024regh-2250642127","format":"[Gen 9] VGC 2024 Reg H","players":["Schibi","Hoshinaaa"],"log":"|j|\u2606Schibi\n|j|\u2606Hoshinaaa\n|t:|1732526282\n|gametype|doubles\n|player|p1|Schibi|swimmerf-gen4dp|1650\n|player|p2|Hoshinaaa|rosa|1705\n|teamsize|p1|6\n|teamsize|p2|6\n|gen|9\n|tier|[Gen 9] VGC 2024 Reg H\n|rated|\n|rule|Species Clause: Limit one of each Pok\u00e9mon\n|rule|Item Clause: Limit 1 of each item\n|clearpoke\n|poke|p1|Primarina, L50, M|\n|poke|p1|Sneasler, L50, F|\n|poke|p1|Dragapult, L50, F|\n|poke|p1|Rillaboom, L50, F|\n|poke|p1|Kingambit, L50, M|\n|poke|p1|Magmar, L50, F|\n|poke|p2|Slaking, L50, F|\n|poke|p2|Weezing-Galar, L50, M|\n|poke|p2|Gholdengo, L50|\n|poke|p2|Gyarados, L50, M|\n|poke|p2|Kingambit, L50, F|\n|poke|p2|Dragapult, L50, M|\n|teampreview|4\n|inactive|Battle timer is ON: inactive players will automatically lose when time's up. (requested by Hoshinaaa)\n|inactive|Hoshinaaa has 60 seconds left.\n|\n|t:|1732526313\n|start\n|switch|p1a: Dragapult|Dragapult, L50, F|100\/100\n|switch|p1b: Sneasler|Sneasler, L50, F, shiny|100\/100\n|switch|p2a: Gyarados|Gyarados, L50, M|100\/100\n|switch|p2b: \u4e0d\u8bb8\u8bf7\u5047|Weezing-Galar, L50, M|100\/100\n|-ability|p2b: \u4e0d\u8bb8\u8bf7\u5047|Neutralizing Gas\n|turn|1\n|\n|t:|1732526332\n|-terastallize|p1a: Dragapult|Ghost\n|move|p1b: Sneasler|Fake Out|p2a: Gyarados\n|-damage|p2a: Gyarados|85\/100\n|move|p1a: Dragapult|Tera Blast|p2b: \u4e0d\u8bb8\u8bf7\u5047|[anim] Tera Blast Ghost\n|-damage|p2b: \u4e0d\u8bb8\u8bf7\u5047|3\/100\n|move|p2b: \u4e0d\u8bb8\u8bf7\u5047|Dazzling Gleam|p1b: Sneasler|[spread] p1a,p1b\n|-damage|p1a: Dragapult|68\/100\n|-damage|p1b: Sneasler|66\/100\n|cant|p2a: Gyarados|flinch\n|\n|upkeep\n|turn|2\n|\n|t:|1732526354\n|move|p2b: \u4e0d\u8bb8\u8bf7\u5047|Protect|p2b: \u4e0d\u8bb8\u8bf7\u5047\n|-singleturn|p2b: \u4e0d\u8bb8\u8bf7\u5047|Protect\n|move|p1a: Dragapult|Tera Blast|p2a: Gyarados|[anim] Tera Blast Ghost\n|-damage|p2a: Gyarados|0 fnt\n|faint|p2a: Gyarados\n|move|p1b: Sneasler|Dire Claw|p2b: \u4e0d\u8bb8\u8bf7\u5047\n|-activate|p2b: \u4e0d\u8bb8\u8bf7\u5047|move: Protect\n|\n|upkeep\n|\n|t:|1732526364\n|switch|p2a: \u591a\u52a0\u73ed\u624d\u80fd\u6dd8\u91d1\u6f6e|Gholdengo, L50|100\/100\n|turn|3\n|\n|t:|1732526371\n|move|p2a: \u591a\u52a0\u73ed\u624d\u80fd\u6dd8\u91d1\u6f6e|Shadow Ball|p1a: Dragapult\n|-supereffective|p1a: Dragapult\n|-damage|p1a: Dragapult|0 fnt\n|faint|p1a: Dragapult\n|move|p1b: Sneasler|Dire Claw|p2b: \u4e0d\u8bb8\u8bf7\u5047\n|-damage|p2b: \u4e0d\u8bb8\u8bf7\u5047|0 fnt\n|faint|p2b: \u4e0d\u8bb8\u8bf7\u5047\n|-end|p2b: \u4e0d\u8bb8\u8bf7\u5047|ability: Neutralizing Gas\n|\n|upkeep\n|\n|t:|1732526380\n|switch|p1a: Magmar|Magmar, L50, F|100\/100\n|switch|p2b: Dragapult|Dragapult, L50, M|100\/100\n|turn|4\n|\n|t:|1732526403\n|-terastallize|p2b: Dragapult|Fighting\n|move|p2a: \u591a\u52a0\u73ed\u624d\u80fd\u6dd8\u91d1\u6f6e|Shadow Ball|p1a: Magmar\n|-crit|p1a: Magmar\n|-damage|p1a: Magmar|50\/100\n|move|p2b: Dragapult|Tera Blast|p1a: Magmar|[anim] Tera Blast Fighting\n|-damage|p1a: Magmar|0 fnt\n|faint|p1a: Magmar\n|move|p1b: Sneasler|Dire Claw|p2b: Dragapult\n|-damage|p2b: Dragapult|44\/100\n|-status|p2b: Dragapult|psn|[from] ability: Poison Touch|[of] p1b: Sneasler\n|\n|-damage|p2b: Dragapult|32\/100 psn|[from] psn\n|upkeep\n|\n|t:|1732526412\n|switch|p1a: Kingambit|Kingambit, L50, M|100\/100\n|turn|5\n|\n|t:|1732526424\n|move|p1b: Sneasler|Protect|p1b: Sneasler\n|-singleturn|p1b: Sneasler|Protect\n|move|p1a: Kingambit|Protect|p1a: Kingambit\n|-singleturn|p1a: Kingambit|Protect\n|move|p2a: \u591a\u52a0\u73ed\u624d\u80fd\u6dd8\u91d1\u6f6e|Shadow Ball|p1b: Sneasler\n|-activate|p1b: Sneasler|move: Protect\n|move|p2b: Dragapult|Tera Blast|p1a: Kingambit|[anim] Tera Blast Fighting\n|-activate|p1a: Kingambit|move: Protect\n|\n|-damage|p2b: Dragapult|20\/100 psn|[from] psn\n|upkeep\n|turn|6\n|\n|t:|1732526439\n|move|p1a: Kingambit|Sucker Punch|p2b: Dragapult\n|-resisted|p2b: Dragapult\n|-damage|p2b: Dragapult|0 fnt\n|faint|p2b: Dragapult\n|move|p2a: \u591a\u52a0\u73ed\u624d\u80fd\u6dd8\u91d1\u6f6e|Shadow Ball|p1b: Sneasler\n|-damage|p1b: Sneasler|5\/100\n|move|p1b: Sneasler|Dire Claw|p2a: \u591a\u52a0\u73ed\u624d\u80fd\u6dd8\u91d1\u6f6e\n|-immune|p2a: \u591a\u52a0\u73ed\u624d\u80fd\u6dd8\u91d1\u6f6e\n|\n|upkeep\n|turn|7\n|-message|Hoshinaaa forfeited.\n|\n|win|Schibi\n|raw|Schibi's rating: 1650 &rarr; <strong>1673<\/strong><br \/>(+23 for winning)\n|raw|Hoshinaaa's rating: 1705 &rarr; <strong>1682<\/strong><br \/>(-23 for losing)\n|l|\u2606Hoshinaaa\n|player|p2|\n","uploadtime":1732526702,"views":16,"formatid":"gen9vgc2024regh","rating":1673,"private":0,"password":null}