{"id":"gen9vgc2024regh-2250082783","format":"[Gen 9] VGC 2024 Reg H","players":["momokar181","VGCLTH skibidi"],"log":"|raw|<div class=\"broadcast-blue\"><strong>This battle is required to be public due to a player having a name starting with 'vgclth'.<\/div>\n|j|\u2606momokar181\n|j|\u2606VGCLTH skibidi\n|t:|1732447482\n|gametype|doubles\n|player|p1|momokar181|102|1713\n|player|p2|VGCLTH skibidi|piers-masters|1854\n|teamsize|p1|6\n|teamsize|p2|6\n|gen|9\n|tier|[Gen 9] VGC 2024 Reg H\n|rated|\n|rule|Species Clause: Limit one of each Pok\u00e9mon\n|rule|Item Clause: Limit 1 of each item\n|clearpoke\n|poke|p1|Incineroar, L50, M|\n|poke|p1|Rillaboom, L50, F|\n|poke|p1|Volcarona, L50, F|\n|poke|p1|Gastrodon-East, L50, M|\n|poke|p1|Glimmora, L50, F|\n|poke|p1|Hydreigon, L50, M|\n|poke|p2|Whimsicott, L50, F|\n|poke|p2|Gallade, L50, M|\n|poke|p2|Archaludon, L50, F|\n|poke|p2|Malamar, L50, F|\n|poke|p2|Indeedee, L50, M|\n|poke|p2|Drifblim, L50, M|\n|teampreview|4\n|inactive|Battle timer is ON: inactive players will automatically lose when time's up. (requested by VGCLTH skibidi)\n|\n|t:|1732447505\n|start\n|switch|p1a: Volcarona|Volcarona, L50, F|100\/100\n|switch|p1b: Glimmora|Glimmora, L50, F|100\/100\n|switch|p2a: Mischief Mother|Whimsicott, L50, F, shiny|100\/100\n|switch|p2b: Tapu Deedee|Indeedee, L50, M, shiny|100\/100\n|-fieldstart|move: Psychic Terrain|[from] ability: Psychic Surge|[of] p2b: Tapu Deedee\n|turn|1\n|inactive|momokar181 has 30 seconds left.\n|inactive|momokar181 has 20 seconds left.\n|inactive|momokar181 has 15 seconds left.\n|inactive|momokar181 has 10 seconds left.\n|\n|t:|1732447554\n|switch|p1b: Rillaboom|Rillaboom, L50, F|100\/100\n|-fieldstart|move: Grassy Terrain|[from] ability: Grassy Surge|[of] p1b: Rillaboom\n|-terastallize|p2b: Tapu Deedee|Fire\n|move|p2a: Mischief Mother|Tailwind|p2a: Mischief Mother\n|-sidestart|p2: VGCLTH skibidi|move: Tailwind\n|move|p2b: Tapu Deedee|Tera Blast|p1b: Rillaboom|[anim] Tera Blast Fire\n|-supereffective|p1b: Rillaboom\n|-damage|p1b: Rillaboom|7\/100\n|move|p1a: Volcarona|Quiver Dance|p1a: Volcarona\n|-boost|p1a: Volcarona|spa|1\n|-boost|p1a: Volcarona|spd|1\n|-boost|p1a: Volcarona|spe|1\n|\n|-heal|p1b: Rillaboom|13\/100|[from] Grassy Terrain\n|upkeep\n|turn|2\n|\n|t:|1732447575\n|switch|p2b: Bridget|Archaludon, L50, F, shiny|100\/100\n|switch|p1b: Incineroar|Incineroar, L50, M|100\/100\n|-ability|p1b: Incineroar|Intimidate|boost\n|-unboost|p2a: Mischief Mother|atk|1\n|-unboost|p2b: Bridget|atk|1\n|move|p2a: Mischief Mother|Encore|p1a: Volcarona\n|-start|p1a: Volcarona|Encore\n|move|p1a: Volcarona|Quiver Dance|p1a: Volcarona\n|-boost|p1a: Volcarona|spa|1\n|-boost|p1a: Volcarona|spd|1\n|-boost|p1a: Volcarona|spe|1\n|\n|upkeep\n|turn|3\n|\n|t:|1732447594\n|-terastallize|p1b: Incineroar|Ghost\n|move|p2a: Mischief Mother|Beat Up|p2b: Bridget\n|-damage|p2b: Bridget|99\/100\n|-ability|p2b: Bridget|Stamina|boost\n|-boost|p2b: Bridget|def|1\n|-damage|p2b: Bridget|98\/100\n|-ability|p2b: Bridget|Stamina|boost\n|-boost|p2b: Bridget|def|1\n|-damage|p2b: Bridget|98\/100\n|-ability|p2b: Bridget|Stamina|boost\n|-boost|p2b: Bridget|def|1\n|-damage|p2b: Bridget|97\/100\n|-ability|p2b: Bridget|Stamina|boost\n|-boost|p2b: Bridget|def|1\n|-hitcount|p2b: Bridget|4\n|move|p1a: Volcarona|Quiver Dance|p1a: Volcarona\n|-boost|p1a: Volcarona|spa|1\n|-boost|p1a: Volcarona|spd|1\n|-boost|p1a: Volcarona|spe|1\n|move|p2b: Bridget|Body Press|p1b: Incineroar\n|-immune|p1b: Incineroar\n|move|p1b: Incineroar|Will-O-Wisp|p2b: Bridget\n|-status|p2b: Bridget|brn\n|\n|-heal|p2b: Bridget|100\/100 brn|[from] Grassy Terrain\n|-damage|p2b: Bridget|94\/100 brn|[from] brn\n|upkeep\n|turn|4\n|\n|t:|1732447616\n|switch|p2b: \u2694\ufe0fKing\u2694\ufe0f|Gallade, L50, M, shiny|100\/100\n|move|p2a: Mischief Mother|Moonblast|p1b: Incineroar\n|-damage|p1b: Incineroar|75\/100\n|move|p1a: Volcarona|Quiver Dance|p1a: Volcarona\n|-boost|p1a: Volcarona|spa|1\n|-boost|p1a: Volcarona|spd|1\n|-boost|p1a: Volcarona|spe|1\n|move|p1b: Incineroar|Knock Off|p2a: Mischief Mother\n|-resisted|p2a: Mischief Mother\n|-damage|p2a: Mischief Mother|74\/100\n|-enditem|p2a: Mischief Mother|Focus Sash|[from] move: Knock Off|[of] p1b: Incineroar\n|\n|-heal|p2a: Mischief Mother|80\/100|[from] Grassy Terrain\n|-heal|p1b: Incineroar|81\/100|[from] Grassy Terrain\n|-end|p1a: Volcarona|Encore\n|-sideend|p2: VGCLTH skibidi|move: Tailwind\n|upkeep\n|turn|5\n|\n|t:|1732447637\n|move|p2b: \u2694\ufe0fKing\u2694\ufe0f|Protect|p2b: \u2694\ufe0fKing\u2694\ufe0f\n|-singleturn|p2b: \u2694\ufe0fKing\u2694\ufe0f|Protect\n|move|p2a: Mischief Mother|Encore|p1a: Volcarona\n|-start|p1a: Volcarona|Encore\n|move|p1a: Volcarona|Quiver Dance|p1a: Volcarona\n|-boost|p1a: Volcarona|spa|1\n|-boost|p1a: Volcarona|spd|1\n|-boost|p1a: Volcarona|spe|1\n|move|p1b: Incineroar|Will-O-Wisp|p2b: \u2694\ufe0fKing\u2694\ufe0f\n|-activate|p2b: \u2694\ufe0fKing\u2694\ufe0f|move: Protect\n|\n|-heal|p2a: Mischief Mother|86\/100|[from] Grassy Terrain\n|-heal|p1b: Incineroar|87\/100|[from] Grassy Terrain\n|-fieldend|move: Grassy Terrain\n|upkeep\n|turn|6\n|\n|t:|1732447652\n|move|p1a: Volcarona|Quiver Dance|p1a: Volcarona\n|-boost|p1a: Volcarona|spa|1\n|-boost|p1a: Volcarona|spd|1\n|-boost|p1a: Volcarona|spe|1\n|move|p2a: Mischief Mother|Moonblast|p1b: Incineroar\n|-damage|p1b: Incineroar|62\/100\n|-unboost|p1b: Incineroar|spa|1\n|move|p2b: \u2694\ufe0fKing\u2694\ufe0f|Psycho Cut|p1b: Incineroar\n|-damage|p1b: Incineroar|11\/100\n|-enditem|p1b: Incineroar|Aguav Berry|[eat]\n|-heal|p1b: Incineroar|44\/100|[from] item: Aguav Berry\n|move|p1b: Incineroar|Will-O-Wisp|p2b: \u2694\ufe0fKing\u2694\ufe0f\n|-status|p2b: \u2694\ufe0fKing\u2694\ufe0f|brn\n|\n|-damage|p2b: \u2694\ufe0fKing\u2694\ufe0f|95\/100 brn|[from] brn\n|upkeep\n|turn|7\n|\n|t:|1732447676\n|move|p1a: Volcarona|Quiver Dance|p1a: Volcarona\n|-boost|p1a: Volcarona|spa|0\n|-boost|p1a: Volcarona|spd|0\n|-boost|p1a: Volcarona|spe|0\n|move|p2a: Mischief Mother|Moonblast|p1b: Incineroar\n|-damage|p1b: Incineroar|21\/100\n|move|p2b: \u2694\ufe0fKing\u2694\ufe0f|Psycho Cut|p1a: Volcarona\n|-crit|p1a: Volcarona\n|-damage|p1a: Volcarona|58\/100\n|move|p1b: Incineroar|Parting Shot|p2a: Mischief Mother\n|-unboost|p2a: Mischief Mother|atk|1\n|-unboost|p2a: Mischief Mother|spa|1\n|\n|t:|1732447689\n|switch|p1b: Rillaboom|Rillaboom, L50, F|13\/100|[from] Parting Shot\n|-fieldstart|move: Grassy Terrain|[from] ability: Grassy Surge|[of] p1b: Rillaboom\n|\n|-heal|p1a: Volcarona|65\/100|[from] Grassy Terrain\n|-heal|p1a: Volcarona|71\/100|[from] item: Leftovers\n|-heal|p2a: Mischief Mother|92\/100|[from] Grassy Terrain\n|-heal|p2b: \u2694\ufe0fKing\u2694\ufe0f|100\/100 brn|[from] Grassy Terrain\n|-heal|p1b: Rillaboom|19\/100|[from] Grassy Terrain\n|-damage|p2b: \u2694\ufe0fKing\u2694\ufe0f|95\/100 brn|[from] brn\n|-end|p1a: Volcarona|Encore\n|upkeep\n|turn|8\n|\n|t:|1732447696\n|move|p1b: Rillaboom|Fake Out|p2a: Mischief Mother\n|-damage|p2a: Mischief Mother|68\/100\n|cant|p2a: Mischief Mother|flinch\n|move|p1a: Volcarona|Heat Wave|p2b: \u2694\ufe0fKing\u2694\ufe0f|[spread] p2a,p2b\n|-supereffective|p2a: Mischief Mother\n|-damage|p2a: Mischief Mother|0 fnt\n|-damage|p2b: \u2694\ufe0fKing\u2694\ufe0f|0 fnt\n|faint|p2a: Mischief Mother\n|faint|p2b: \u2694\ufe0fKing\u2694\ufe0f\n|\n|-heal|p1a: Volcarona|77\/100|[from] Grassy Terrain\n|-heal|p1a: Volcarona|83\/100|[from] item: Leftovers\n|-heal|p1b: Rillaboom|24\/100|[from] Grassy Terrain\n|upkeep\n|\n|t:|1732447703\n|switch|p2a: Tapu Deedee|Indeedee, L50, M, shiny, tera:Fire|100\/100\n|switch|p2b: Bridget|Archaludon, L50, F, shiny|94\/100 brn\n|-fieldstart|move: Psychic Terrain|[from] ability: Psychic Surge|[of] p2a: Tapu Deedee\n|turn|9\n|\n|t:|1732447721\n|switch|p1b: Incineroar|Incineroar, L50, M, tera:Ghost|21\/100\n|-ability|p1b: Incineroar|Intimidate|boost\n|-unboost|p2a: Tapu Deedee|atk|1\n|-unboost|p2b: Bridget|atk|1\n|move|p1a: Volcarona|Heat Wave|p2b: Bridget|[spread] p2a,p2b\n|-resisted|p2a: Tapu Deedee\n|-damage|p2a: Tapu Deedee|0 fnt\n|-damage|p2b: Bridget|0 fnt\n|faint|p2a: Tapu Deedee\n|faint|p2b: Bridget\n|\n|win|momokar181\n|raw|momokar181's rating: 1713 &rarr; <strong>1741<\/strong><br \/>(+28 for winning)\n|raw|VGCLTH skibidi's rating: 1854 &rarr; <strong>1826<\/strong><br \/>(-28 for losing)\n|l|\u2606VGCLTH skibidi\n|player|p2|\n|l|\u2606momokar181\n|player|p1|\n","uploadtime":1732447977,"views":45,"formatid":"gen9vgc2024regh","rating":1741,"private":0,"password":null}