{"id":"gen9vgc2024regh-2250912703","format":"[Gen 9] VGC 2024 Reg H","players":["Spottedwoot","Proffesor_karrot"],"log":"|j|\u2606Spottedwoot\n|j|\u2606Proffesor_karrot\n|t:|1732559814\n|gametype|doubles\n|player|p1|Spottedwoot|169|1737\n|player|p2|Proffesor_karrot|lady|1684\n|teamsize|p1|6\n|teamsize|p2|6\n|gen|9\n|tier|[Gen 9] VGC 2024 Reg H\n|rated|\n|rule|Species Clause: Limit one of each Pok\u00e9mon\n|rule|Item Clause: Limit 1 of each item\n|clearpoke\n|poke|p1|Pelipper, L50, F|\n|poke|p1|Archaludon, L50, F|\n|poke|p1|Gholdengo, L50|\n|poke|p1|Basculegion, L50, M|\n|poke|p1|Rillaboom, L50, F|\n|poke|p1|Sneasler, L50, M|\n|poke|p2|Incineroar, L50, F|\n|poke|p2|Rillaboom, L50, F|\n|poke|p2|Chesnaught, L50, F|\n|poke|p2|Volcarona, L50, F|\n|poke|p2|Primarina, L50, F|\n|poke|p2|Dragonite, L50, F|\n|teampreview|4\n|inactive|Battle timer is ON: inactive players will automatically lose when time's up. (requested by Proffesor_karrot)\n|inactive|Spottedwoot has 60 seconds left.\n|inactive|Proffesor_karrot has 60 seconds left.\n|\n|t:|1732559862\n|start\n|switch|p1a: Pelipper|Pelipper, L50, F|100\/100\n|switch|p1b: Archaludon|Archaludon, L50, F, shiny|100\/100\n|switch|p2a: Z0arark|Volcarona, L50, F|100\/100\n|switch|p2b: Z0rua|Primarina, L50, F, shiny|100\/100\n|-weather|RainDance|[from] ability: Drizzle|[of] p1a: Pelipper\n|turn|1\n|\n|t:|1732559871\n|-terastallize|p2b: Z0rua|Poison\n|move|p1a: Pelipper|Hurricane|p2a: Z0arark\n|-supereffective|p2a: Z0arark\n|-damage|p2a: Z0arark|14\/100\n|move|p2a: Z0arark|Tailwind|p2a: Z0arark\n|-sidestart|p2: Proffesor_karrot|move: Tailwind\n|move|p2b: Z0rua|Dazzling Gleam|p1a: Pelipper|[spread] p1a,p1b\n|-damage|p1a: Pelipper|12\/100\n|-damage|p1b: Archaludon|66\/100\n|-ability|p1b: Archaludon|Stamina|boost\n|-boost|p1b: Archaludon|def|1\n|move|p1b: Archaludon|Electro Shot||[still]\n|-prepare|p1b: Archaludon|Electro Shot\n|-boost|p1b: Archaludon|spa|1\n|-anim|p1b: Archaludon|Electro Shot|p2b: Z0rua\n|-damage|p2b: Z0rua|52\/100\n|\n|-weather|RainDance|[upkeep]\n|upkeep\n|turn|2\n|\n|t:|1732559887\n|move|p2a: Z0arark|Struggle Bug|p1b: Archaludon|[spread] p1a,p1b\n|-resisted|p1a: Pelipper\n|-resisted|p1b: Archaludon\n|-damage|p1a: Pelipper|0 fnt\n|-damage|p1b: Archaludon|60\/100\n|-unboost|p1b: Archaludon|spa|1\n|-ability|p1b: Archaludon|Stamina|boost\n|-boost|p1b: Archaludon|def|1\n|faint|p1a: Pelipper\n|move|p2b: Z0rua|Dazzling Gleam|p1b: Archaludon\n|-damage|p1b: Archaludon|10\/100\n|-ability|p1b: Archaludon|Stamina|boost\n|-boost|p1b: Archaludon|def|1\n|move|p1b: Archaludon|Electro Shot||[still]\n|-prepare|p1b: Archaludon|Electro Shot\n|-boost|p1b: Archaludon|spa|1\n|-anim|p1b: Archaludon|Electro Shot|p2b: Z0rua\n|-damage|p2b: Z0rua|0 fnt\n|faint|p2b: Z0rua\n|\n|-weather|RainDance|[upkeep]\n|upkeep\n|\n|t:|1732559899\n|switch|p1a: Sneasler|Sneasler, L50, M|100\/100\n|switch|p2b: Urshlfu|Chesnaught, L50, F, shiny|100\/100\n|turn|3\n|\n|t:|1732559909\n|move|p1a: Sneasler|Fake Out|p2a: Z0arark\n|-damage|p2a: Z0arark|2\/100\n|move|p2a: Z0arark|Rage Powder|p2a: Z0arark\n|-singleturn|p2a: Z0arark|move: Rage Powder\n|move|p2b: Urshlfu|Drain Punch|p1b: Archaludon\n|-supereffective|p1b: Archaludon\n|-damage|p1b: Archaludon|0 fnt\n|faint|p1b: Archaludon\n|\n|-weather|RainDance|[upkeep]\n|upkeep\n|\n|t:|1732559914\n|switch|p1b: Gholdengo|Gholdengo, L50|100\/100\n|turn|4\n|\n|t:|1732559924\n|move|p1a: Sneasler|Protect|p1a: Sneasler\n|-singleturn|p1a: Sneasler|Protect\n|move|p1b: Gholdengo|Protect|p1b: Gholdengo\n|-singleturn|p1b: Gholdengo|Protect\n|move|p2a: Z0arark|Heat Wave|p1a: Sneasler|[spread] \n|-activate|p1a: Sneasler|move: Protect\n|-activate|p1b: Gholdengo|move: Protect\n|move|p2b: Urshlfu|Drain Punch|p1a: Sneasler\n|-activate|p1a: Sneasler|move: Protect\n|\n|-weather|RainDance|[upkeep]\n|-sideend|p2: Proffesor_karrot|move: Tailwind\n|upkeep\n|turn|5\n|\n|t:|1732559934\n|move|p1a: Sneasler|Dire Claw|p2a: Z0arark\n|-damage|p2a: Z0arark|0 fnt\n|faint|p2a: Z0arark\n|move|p1b: Gholdengo|Nasty Plot|p1b: Gholdengo\n|-boost|p1b: Gholdengo|spa|2\n|move|p2b: Urshlfu|Drain Punch|p1a: Sneasler\n|-resisted|p1a: Sneasler\n|-damage|p1a: Sneasler|68\/100\n|\n|-weather|none\n|upkeep\n|\n|t:|1732559939\n|switch|p2a: Tapy buIu|Rillaboom, L50, F, shiny|100\/100\n|-fieldstart|move: Grassy Terrain|[from] ability: Grassy Surge|[of] p2a: Tapy buIu\n|turn|6\n|\n|t:|1732559946\n|move|p1a: Sneasler|Protect|p1a: Sneasler\n|-singleturn|p1a: Sneasler|Protect\n|move|p2b: Urshlfu|Grassy Glide|p1b: Gholdengo\n|-resisted|p1b: Gholdengo\n|-damage|p1b: Gholdengo|82\/100\n|move|p1b: Gholdengo|Make It Rain|p2a: Tapy buIu|[spread] p2a,p2b\n|-damage|p2a: Tapy buIu|18\/100\n|-damage|p2b: Urshlfu|0 fnt\n|-unboost|p1b: Gholdengo|spa|1\n|faint|p2b: Urshlfu\n|-damage|p1b: Gholdengo|72\/100|[from] item: Life Orb\n|move|p2a: Tapy buIu|Wood Hammer|p1b: Gholdengo\n|-resisted|p1b: Gholdengo\n|-damage|p1b: Gholdengo|28\/100\n|-damage|p2a: Tapy buIu|5\/100|[from] Recoil\n|\n|-heal|p1a: Sneasler|74\/100|[from] Grassy Terrain\n|-heal|p1b: Gholdengo|34\/100|[from] Grassy Terrain\n|-heal|p2a: Tapy buIu|11\/100|[from] Grassy Terrain\n|upkeep\n|turn|7\n|-message|Proffesor_karrot forfeited.\n|\n|win|Spottedwoot\n|raw|Spottedwoot's rating: 1737 &rarr; <strong>1754<\/strong><br \/>(+17 for winning)\n|raw|Proffesor_karrot's rating: 1684 &rarr; <strong>1667<\/strong><br \/>(-17 for losing)\n|l|\u2606Proffesor_karrot\n|player|p2|\n","uploadtime":1732559971,"views":109,"formatid":"gen9vgc2024regh","rating":1667,"private":0,"password":null}