{"id":"gen9vgc2024regh-2250002719","format":"[Gen 9] VGC 2024 Reg H","players":["dreamlin","PirateRoberts77"],"log":"|j|\u2606dreamlin\n|j|\u2606PirateRoberts77\n|t:|1732429893\n|gametype|doubles\n|player|p1|dreamlin|1|1732\n|player|p2|PirateRoberts77|hilbert|1712\n|teamsize|p1|6\n|teamsize|p2|6\n|gen|9\n|tier|[Gen 9] VGC 2024 Reg H\n|rated|\n|rule|Species Clause: Limit one of each Pok\u00e9mon\n|rule|Item Clause: Limit 1 of each item\n|clearpoke\n|poke|p1|Kommo-o, L50, M|\n|poke|p1|Sinistcha, L50|\n|poke|p1|Incineroar, L50, F|\n|poke|p1|Grimmsnarl, L50, M|\n|poke|p1|Sneasler, L50, M|\n|poke|p1|Dragonite, L50, F|\n|poke|p2|Torterra, L50, M|\n|poke|p2|Annihilape, L50, M|\n|poke|p2|Armarouge, L50, F|\n|poke|p2|Oranguru, L50, M|\n|poke|p2|Torkoal, L50, M|\n|poke|p2|Sylveon, L50, F|\n|teampreview|4\n|inactive|Battle timer is ON: inactive players will automatically lose when time's up. (requested by PirateRoberts77)\n|inactive|dreamlin has 60 seconds left.\n|inactive|dreamlin has 30 seconds left.\n|inactive|dreamlin has 20 seconds left.\n|\n|t:|1732429966\n|start\n|switch|p1a: Kommo-o|Kommo-o, L50, M|100\/100\n|switch|p1b: Sinistcha|Sinistcha, L50|100\/100\n|switch|p2a: Oranguru|Oranguru, L50, M|100\/100\n|switch|p2b: Annihilape|Annihilape, L50, M|100\/100\n|turn|1\n|\n|t:|1732429991\n|move|p1b: Sinistcha|Rage Powder|p1b: Sinistcha\n|-singleturn|p1b: Sinistcha|move: Rage Powder\n|move|p2b: Annihilape|Shadow Claw|p1b: Sinistcha\n|-supereffective|p1b: Sinistcha\n|-damage|p1b: Sinistcha|59\/100\n|move|p1a: Kommo-o|Clangorous Soul|p1a: Kommo-o\n|-boost|p1a: Kommo-o|atk|1\n|-boost|p1a: Kommo-o|def|1\n|-boost|p1a: Kommo-o|spa|1\n|-boost|p1a: Kommo-o|spd|1\n|-boost|p1a: Kommo-o|spe|1\n|-damage|p1a: Kommo-o|68\/100\n|-enditem|p1a: Kommo-o|Throat Spray\n|-boost|p1a: Kommo-o|spa|1|[from] item: Throat Spray\n|move|p2a: Oranguru|Instruct|p1b: Sinistcha\n|-singleturn|p1b: Sinistcha|move: Instruct|[of] p2a: Oranguru\n|move|p1b: Sinistcha|Rage Powder||[still]\n|-fail|p1b: Sinistcha\n|\n|upkeep\n|turn|2\n|inactive|dreamlin has 30 seconds left.\n|\n|t:|1732430023\n|switch|p2b: Sylveon|Sylveon, L50, F|100\/100\n|move|p1a: Kommo-o|Clanging Scales|p2b: Sylveon|[spread] p2a\n|-immune|p2b: Sylveon\n|-damage|p2a: Oranguru|49\/100\n|-unboost|p1a: Kommo-o|def|1\n|move|p1b: Sinistcha|Life Dew|p1b: Sinistcha|[spread] p1a,p1b\n|-heal|p1a: Kommo-o|93\/100\n|-heal|p1b: Sinistcha|84\/100\n|move|p2a: Oranguru|Trick Room|p2a: Oranguru\n|-fieldstart|move: Trick Room|[of] p2a: Oranguru\n|\n|upkeep\n|turn|3\n|\n|t:|1732430045\n|-terastallize|p2b: Sylveon|Fairy\n|-terastallize|p1a: Kommo-o|Fire\n|move|p2b: Sylveon|Hyper Voice|p1a: Kommo-o|[spread] p1a,p1b\n|-resisted|p1a: Kommo-o\n|-damage|p1a: Kommo-o|69\/100\n|-damage|p1b: Sinistcha|8\/100\n|-enditem|p1b: Sinistcha|Sitrus Berry|[eat]\n|-heal|p1b: Sinistcha|33\/100|[from] item: Sitrus Berry\n|move|p2a: Oranguru|Instruct|p2b: Sylveon\n|-singleturn|p2b: Sylveon|move: Instruct|[of] p2a: Oranguru\n|move|p2b: Sylveon|Hyper Voice|p1a: Kommo-o|[spread] p1a,p1b\n|-resisted|p1a: Kommo-o\n|-damage|p1a: Kommo-o|45\/100\n|-damage|p1b: Sinistcha|0 fnt\n|faint|p1b: Sinistcha\n|move|p1a: Kommo-o|Flamethrower|p2b: Sylveon\n|-damage|p2b: Sylveon|38\/100\n|\n|upkeep\n|\n|t:|1732430067\n|switch|p1b: Incineroar|Incineroar, L50, F|100\/100\n|-ability|p1b: Incineroar|Intimidate|boost\n|-fail|p2a: Oranguru|unboost|Attack|[from] ability: Inner Focus|[of] p2a: Oranguru\n|-unboost|p2b: Sylveon|atk|1\n|turn|4\n|\n|t:|1732430077\n|switch|p2b: Torkoal|Torkoal, L50, M|100\/100\n|-weather|SunnyDay|[from] ability: Drought|[of] p2b: Torkoal\n|move|p1b: Incineroar|Fake Out|p2b: Torkoal\n|-damage|p2b: Torkoal|91\/100\n|move|p2a: Oranguru|Encore|p1a: Kommo-o\n|-start|p1a: Kommo-o|Encore\n|move|p1a: Kommo-o|Flamethrower|p2b: Torkoal\n|-resisted|p2b: Torkoal\n|-damage|p2b: Torkoal|49\/100\n|\n|-weather|SunnyDay|[upkeep]\n|upkeep\n|turn|5\n|inactive|dreamlin has 30 seconds left.\n|\n|t:|1732430108\n|move|p2b: Torkoal|Earth Power|p1a: Kommo-o\n|-supereffective|p1a: Kommo-o\n|-damage|p1a: Kommo-o|8\/100\n|move|p2a: Oranguru|Encore|p1b: Incineroar\n|-start|p1b: Incineroar|Encore\n|move|p1b: Incineroar|Fake Out||[still]\n|-hint|Fake Out only works on your first turn out.\n|-fail|p1b: Incineroar\n|move|p1a: Kommo-o|Flamethrower|p2b: Torkoal\n|-resisted|p2b: Torkoal\n|-damage|p2b: Torkoal|0 fnt\n|faint|p2b: Torkoal\n|\n|-weather|SunnyDay|[upkeep]\n|upkeep\n|\n|t:|1732430120\n|switch|p2b: Sylveon|Sylveon, L50, F, tera:Fairy|38\/100\n|turn|6\n|\n|t:|1732430136\n|switch|p1b: Grimmsnarl|Grimmsnarl, L50, M|100\/100\n|move|p2b: Sylveon|Hyper Voice|p1b: Grimmsnarl|[spread] p1a,p1b\n|-resisted|p1a: Kommo-o\n|-supereffective|p1b: Grimmsnarl\n|-damage|p1a: Kommo-o|0 fnt\n|-damage|p1b: Grimmsnarl|0 fnt\n|faint|p1a: Kommo-o\n|faint|p1b: Grimmsnarl\n|move|p2a: Oranguru|Instruct|p2b: Sylveon\n|-singleturn|p2b: Sylveon|move: Instruct|[of] p2a: Oranguru\n|move|p2b: Sylveon|Hyper Voice|p1: Kommo-o|[notarget]\n|-fail|p2b: Sylveon\n|\n|-weather|SunnyDay|[upkeep]\n|-fieldend|move: Trick Room\n|upkeep\n|\n|t:|1732430152\n|switch|p1b: Incineroar|Incineroar, L50, F|100\/100\n|-ability|p1b: Incineroar|Intimidate|boost\n|-fail|p2a: Oranguru|unboost|Attack|[from] ability: Inner Focus|[of] p2a: Oranguru\n|-unboost|p2b: Sylveon|atk|1\n|turn|7\n|\n|t:|1732430159\n|move|p1b: Incineroar|Flare Blitz|p2b: Sylveon\n|-damage|p2b: Sylveon|0 fnt\n|faint|p2b: Sylveon\n|-damage|p1b: Incineroar|90\/100|[from] Recoil\n|move|p2a: Oranguru|Trick Room|p2a: Oranguru\n|-fieldstart|move: Trick Room|[of] p2a: Oranguru\n|\n|-weather|SunnyDay|[upkeep]\n|upkeep\n|\n|t:|1732430167\n|switch|p2b: Annihilape|Annihilape, L50, M|100\/100\n|turn|8\n|\n|t:|1732430177\n|move|p1b: Incineroar|Flare Blitz|p2b: Annihilape\n|-crit|p2b: Annihilape\n|-damage|p2b: Annihilape|0 fnt\n|faint|p2b: Annihilape\n|-damage|p1b: Incineroar|54\/100|[from] Recoil\n|move|p2a: Oranguru|Trick Room|p2a: Oranguru\n|-fieldend|move: Trick Room\n|\n|-weather|none\n|upkeep\n|turn|9\n|-message|PirateRoberts77 forfeited.\n|\n|win|dreamlin\n|raw|dreamlin's rating: 1732 &rarr; <strong>1751<\/strong><br \/>(+19 for winning)\n|raw|PirateRoberts77's rating: 1712 &rarr; <strong>1693<\/strong><br \/>(-19 for losing)\n|l|\u2606PirateRoberts77\n|player|p2|\n|l|\u2606dreamlin\n|player|p1|\n","uploadtime":1732430401,"views":9,"formatid":"gen9vgc2024regh","rating":1693,"private":0,"password":null}