{"id":"gen9vgc2024regh-2250061983","format":"[Gen 9] VGC 2024 Reg H","players":["VGCLTH skibidi","Mattmaster2010"],"log":"|raw|<div class=\"broadcast-blue\"><strong>This battle is required to be public due to a player having a name starting with 'vgclth'.<\/div>\n|j|\u2606VGCLTH skibidi\n|j|\u2606Mattmaster2010\n|t:|1732443105\n|gametype|doubles\n|player|p1|VGCLTH skibidi|piers-masters|1779\n|player|p2|Mattmaster2010|2|1810\n|teamsize|p1|6\n|teamsize|p2|6\n|gen|9\n|tier|[Gen 9] VGC 2024 Reg H\n|rated|\n|rule|Species Clause: Limit one of each Pok\u00e9mon\n|rule|Item Clause: Limit 1 of each item\n|clearpoke\n|poke|p1|Whimsicott, L50, F|\n|poke|p1|Gallade, L50, M|\n|poke|p1|Archaludon, L50, F|\n|poke|p1|Malamar, L50, F|\n|poke|p1|Indeedee, L50, M|\n|poke|p1|Drifblim, L50, M|\n|poke|p2|Indeedee-F, L50, F|\n|poke|p2|Torkoal, L50, F|\n|poke|p2|Annihilape, L50, F|\n|poke|p2|Ursaluna, L50, M|\n|poke|p2|Hatterene, L50, F|\n|poke|p2|Armarouge, L50, M|\n|teampreview|4\n|inactive|Battle timer is ON: inactive players will automatically lose when time's up. (requested by VGCLTH skibidi)\n|\n|t:|1732443123\n|start\n|switch|p1a: Mischief Mother|Whimsicott, L50, F, shiny|100\/100\n|switch|p1b: Tapu Deedee|Indeedee, L50, M, shiny|100\/100\n|switch|p2a: Annihilape|Annihilape, L50, F|100\/100\n|switch|p2b: Armarouge|Armarouge, L50, M|100\/100\n|-fieldstart|move: Psychic Terrain|[from] ability: Psychic Surge|[of] p1b: Tapu Deedee\n|turn|1\n|\n|t:|1732443146\n|switch|p2a: Indeedee|Indeedee-F, L50, F|100\/100\n|move|p1a: Mischief Mother|Tailwind|p1a: Mischief Mother\n|-sidestart|p1: VGCLTH skibidi|move: Tailwind\n|move|p1b: Tapu Deedee|Expanding Force|p2a: Indeedee|[spread] p2a,p2b\n|-resisted|p2a: Indeedee\n|-resisted|p2b: Armarouge\n|-damage|p2a: Indeedee|56\/100\n|-damage|p2b: Armarouge|44\/100\n|move|p2b: Armarouge|Heat Wave|p1b: Tapu Deedee|[spread] p1a,p1b\n|-supereffective|p1a: Mischief Mother\n|-enditem|p1a: Mischief Mother|Focus Sash\n|-damage|p1a: Mischief Mother|1\/100\n|-damage|p1b: Tapu Deedee|48\/100\n|\n|upkeep\n|turn|2\n|\n|t:|1732443161\n|move|p1a: Mischief Mother|Moonblast|p2a: Indeedee\n|-damage|p2a: Indeedee|23\/100\n|-unboost|p2a: Indeedee|spa|1\n|move|p1b: Tapu Deedee|Expanding Force|p2a: Indeedee|[spread] p2a,p2b\n|-resisted|p2a: Indeedee\n|-resisted|p2b: Armarouge\n|-damage|p2a: Indeedee|0 fnt\n|-damage|p2b: Armarouge|0 fnt\n|faint|p2a: Indeedee\n|faint|p2b: Armarouge\n|\n|upkeep\n|\n|t:|1732443171\n|switch|p2b: Hatterene|Hatterene, L50, F|100\/100\n|switch|p2a: Annihilape|Annihilape, L50, F|100\/100\n|turn|3\n|\n|t:|1732443183\n|move|p1a: Mischief Mother|Moonblast|p2a: Annihilape\n|-supereffective|p2a: Annihilape\n|-damage|p2a: Annihilape|37\/100\n|move|p1b: Tapu Deedee|Expanding Force|p2a: Annihilape|[spread] p2a,p2b\n|-supereffective|p2a: Annihilape\n|-resisted|p2b: Hatterene\n|-damage|p2a: Annihilape|0 fnt\n|-damage|p2b: Hatterene|55\/100\n|faint|p2a: Annihilape\n|move|p2b: Hatterene|Trick Room|p2b: Hatterene\n|-fieldstart|move: Trick Room|[of] p2b: Hatterene\n|\n|upkeep\n|turn|4\n|\n|t:|1732443194\n|-terastallize|p1b: Tapu Deedee|Fire\n|move|p2b: Hatterene|Expanding Force|p1b: Tapu Deedee|[spread] p1a,p1b\n|-damage|p1a: Mischief Mother|0 fnt\n|-damage|p1b: Tapu Deedee|0 fnt\n|faint|p1a: Mischief Mother\n|faint|p1b: Tapu Deedee\n|-damage|p2b: Hatterene|46\/100|[from] item: Life Orb\n|\n|-sideend|p1: VGCLTH skibidi|move: Tailwind\n|upkeep\n|\n|t:|1732443196\n|switch|p1b: \ud83c\udf88\ud83d\udc7b\ud83c\udf83\ud83d\udc7b\ud83c\udf83\ud83c\udf88|Drifblim, L50, M|100\/100\n|switch|p1a: Bridget|Archaludon, L50, F, shiny|100\/100\n|-enditem|p1b: \ud83c\udf88\ud83d\udc7b\ud83c\udf83\ud83d\udc7b\ud83c\udf83\ud83c\udf88|Psychic Seed\n|-boost|p1b: \ud83c\udf88\ud83d\udc7b\ud83c\udf83\ud83d\udc7b\ud83c\udf83\ud83c\udf88|spd|1|[from] item: Psychic Seed\n|turn|5\n|\n|t:|1732443204\n|-terastallize|p2b: Hatterene|Fire\n|move|p2b: Hatterene|Expanding Force|p1b: \ud83c\udf88\ud83d\udc7b\ud83c\udf83\ud83d\udc7b\ud83c\udf83\ud83c\udf88|[spread] p1a,p1b\n|-resisted|p1a: Bridget\n|-damage|p1a: Bridget|71\/100\n|-damage|p1b: \ud83c\udf88\ud83d\udc7b\ud83c\udf83\ud83d\udc7b\ud83c\udf83\ud83c\udf88|39\/100\n|-ability|p1a: Bridget|Stamina|boost\n|-boost|p1a: Bridget|def|1\n|-damage|p2b: Hatterene|36\/100|[from] item: Life Orb\n|move|p1a: Bridget|Flash Cannon|p2b: Hatterene\n|-resisted|p2b: Hatterene\n|-damage|p2b: Hatterene|14\/100\n|move|p1b: \ud83c\udf88\ud83d\udc7b\ud83c\udf83\ud83d\udc7b\ud83c\udf83\ud83c\udf88|Air Slash|p2b: Hatterene\n|-crit|p2b: Hatterene\n|-damage|p2b: Hatterene|0 fnt\n|faint|p2b: Hatterene\n|\n|win|VGCLTH skibidi\n|raw|VGCLTH skibidi's rating: 1779 &rarr; <strong>1801<\/strong><br \/>(+22 for winning)\n|raw|Mattmaster2010's rating: 1810 &rarr; <strong>1788<\/strong><br \/>(-22 for losing)\n|l|\u2606VGCLTH skibidi\n|player|p1|\n|l|\u2606Mattmaster2010\n|player|p2|\n","uploadtime":1732443429,"views":190,"formatid":"gen9vgc2024regh","rating":1788,"private":0,"password":null}