{"id":"gen9vgc2024regh-2250418444","format":"[Gen 9] VGC 2024 Reg H","players":["Nivles","Pasodoble"],"log":"|j|\u2606Nivles\n|j|\u2606Pasodoble\n|t:|1732491587\n|gametype|doubles\n|player|p1|Nivles|169|1735\n|player|p2|Pasodoble|265|1709\n|teamsize|p1|6\n|teamsize|p2|6\n|gen|9\n|tier|[Gen 9] VGC 2024 Reg H\n|rated|\n|rule|Species Clause: Limit one of each Pok\u00e9mon\n|rule|Item Clause: Limit 1 of each item\n|clearpoke\n|poke|p1|Sneasler, L50, F|\n|poke|p1|Ursaluna-Bloodmoon, L50, M|\n|poke|p1|Incineroar, L50, M|\n|poke|p1|Gholdengo, L50|\n|poke|p1|Rillaboom, L50, M|\n|poke|p1|Dragonite, L50, F|\n|poke|p2|Murkrow, L50, F|\n|poke|p2|Basculegion, L50, M|\n|poke|p2|Typhlosion-Hisui, L50, F|\n|poke|p2|Incineroar, L50, M|\n|poke|p2|Archaludon, L50, M|\n|poke|p2|Farigiraf, L50, M|\n|teampreview|4\n|inactive|Battle timer is ON: inactive players will automatically lose when time's up. (requested by Nivles)\nPasodoble has agreed to open team sheets.\n|inactive|Nivles has 60 seconds left.\n|\n|t:|1732491628\n|start\n|switch|p1a: Sneasler|Sneasler, L50, F, shiny|100\/100\n|switch|p1b: Dragonite|Dragonite, L50, F, shiny|100\/100\n|switch|p2a: Murkrow|Murkrow, L50, F|100\/100\n|switch|p2b: Incineroar|Incineroar, L50, M|100\/100\n|-ability|p2b: Incineroar|Intimidate|boost\n|-unboost|p1a: Sneasler|atk|1\n|-unboost|p1b: Dragonite|atk|1\n|turn|1\n|inactive|Nivles has 30 seconds left.\n|inactive|Pasodoble has 30 seconds left.\n|inactive|Nivles has 20 seconds left.\n|inactive|Pasodoble has 20 seconds left.\n|inactive|Nivles has 15 seconds left.\n|inactive|Nivles has 10 seconds left.\n|\n|t:|1732491673\n|switch|p1b: Incineroar|Incineroar, L50, M, shiny|100\/100\n|-ability|p1b: Incineroar|Intimidate|boost\n|-unboost|p2a: Murkrow|atk|1\n|-unboost|p2b: Incineroar|atk|1\n|move|p2b: Incineroar|Fake Out|p1b: Incineroar\n|-damage|p1b: Incineroar|93\/100\n|move|p1a: Sneasler|Close Combat|p2b: Incineroar\n|-supereffective|p2b: Incineroar\n|-damage|p2b: Incineroar|20\/100\n|-unboost|p1a: Sneasler|def|1\n|-unboost|p1a: Sneasler|spd|1\n|move|p2a: Murkrow|Foul Play|p1a: Sneasler\n|-resisted|p1a: Sneasler\n|-damage|p1a: Sneasler|55\/100\n|\n|upkeep\n|turn|2\n|inactive|Pasodoble has 30 seconds left.\n|\n|t:|1732491706\n|move|p2a: Murkrow|Tailwind|p2a: Murkrow\n|-sidestart|p2: Pasodoble|move: Tailwind\n|move|p1a: Sneasler|Close Combat|p2b: Incineroar\n|-supereffective|p2b: Incineroar\n|-damage|p2b: Incineroar|0 fnt\n|-unboost|p1a: Sneasler|def|1\n|-unboost|p1a: Sneasler|spd|1\n|faint|p2b: Incineroar\n|move|p1b: Incineroar|Knock Off|p2a: Murkrow\n|-resisted|p2a: Murkrow\n|-damage|p2a: Murkrow|77\/100\n|-enditem|p2a: Murkrow|Eviolite|[from] move: Knock Off|[of] p1b: Incineroar\n|\n|upkeep\n|\n|t:|1732491722\n|switch|p2b: Typhlosion|Typhlosion-Hisui, L50, F|100\/100\n|turn|3\n|\n|t:|1732491731\n|-terastallize|p2b: Typhlosion|Fire\n|move|p2a: Murkrow|Sunny Day|p2a: Murkrow\n|-weather|SunnyDay\n|move|p2b: Typhlosion|Eruption|p1b: Incineroar|[spread] p1a,p1b\n|-resisted|p1b: Incineroar\n|-damage|p1a: Sneasler|0 fnt\n|-damage|p1b: Incineroar|23\/100\n|faint|p1a: Sneasler\n|move|p1b: Incineroar|Knock Off|p2b: Typhlosion\n|-damage|p2b: Typhlosion|38\/100\n|-enditem|p2b: Typhlosion|Choice Specs|[from] move: Knock Off|[of] p1b: Incineroar\n|\n|-weather|SunnyDay|[upkeep]\n|upkeep\n|\n|t:|1732491742\n|switch|p1a: Dragonite|Dragonite, L50, F, shiny|100\/100\n|turn|4\n|\n|t:|1732491760\n|switch|p2a: Farigiraf|Farigiraf, L50, M|100\/100\n|move|p2b: Typhlosion|Heat Wave|p1a: Dragonite|[spread] p1a,p1b\n|-resisted|p1a: Dragonite\n|-crit|p1a: Dragonite\n|-resisted|p1b: Incineroar\n|-damage|p1a: Dragonite|69\/100\n|-damage|p1b: Incineroar|0 fnt\n|faint|p1b: Incineroar\n|move|p1a: Dragonite|Scale Shot|p2b: Typhlosion\n|-damage|p2b: Typhlosion|16\/100\n|-damage|p2b: Typhlosion|0 fnt\n|faint|p2b: Typhlosion\n|-hitcount|p2: Typhlosion|2\n|-unboost|p1a: Dragonite|def|1\n|-boost|p1a: Dragonite|spe|1\n|\n|-weather|SunnyDay|[upkeep]\n|upkeep\n|\n|t:|1732491774\n|switch|p2b: Murkrow|Murkrow, L50, F|77\/100\n|switch|p1b: Ursaluna|Ursaluna-Bloodmoon, L50, M|100\/100\n|turn|5\n|\n|t:|1732491791\n|move|p2b: Murkrow|Foul Play|p1a: Dragonite\n|-damage|p1a: Dragonite|0 fnt\n|faint|p1a: Dragonite\n|move|p2a: Farigiraf|Hyper Voice|p1b: Ursaluna\n|-damage|p1b: Ursaluna|46\/100\n|-enditem|p2a: Farigiraf|Throat Spray\n|-boost|p2a: Farigiraf|spa|1|[from] item: Throat Spray\n|move|p1b: Ursaluna|Blood Moon|p2a: Farigiraf\n|-damage|p2a: Farigiraf|19\/100\n|\n|-weather|SunnyDay|[upkeep]\n|-sideend|p2: Pasodoble|move: Tailwind\n|upkeep\n|turn|6\n|\n|t:|1732491809\n|move|p2b: Murkrow|Tailwind|p2b: Murkrow\n|-sidestart|p2: Pasodoble|move: Tailwind\n|move|p2a: Farigiraf|Psychic|p1b: Ursaluna\n|-damage|p1b: Ursaluna|0 fnt\n|faint|p1b: Ursaluna\n|\n|win|Pasodoble\n|raw|Nivles's rating: 1735 &rarr; <strong>1714<\/strong><br \/>(-21 for losing)\n|raw|Pasodoble's rating: 1709 &rarr; <strong>1730<\/strong><br \/>(+21 for winning)\n|l|\u2606Pasodoble\n|player|p2|\n|l|\u2606Nivles\n|player|p1|\n","uploadtime":1732491991,"views":7,"formatid":"gen9vgc2024regh","rating":1714,"private":0,"password":null}