{"id":"gen9vgc2024regh-2250581262","format":"[Gen 9] VGC 2024 Reg H","players":["Spottedwoot","badpiplupvgc"],"log":"|j|\u2606Spottedwoot\n|j|\u2606badpiplupvgc\n|t:|1732514135\n|gametype|doubles\n|player|p1|Spottedwoot|101|1747\n|player|p2|badpiplupvgc|2|1687\n|teamsize|p1|6\n|teamsize|p2|6\n|gen|9\n|tier|[Gen 9] VGC 2024 Reg H\n|rated|\n|rule|Species Clause: Limit one of each Pok\u00e9mon\n|rule|Item Clause: Limit 1 of each item\n|clearpoke\n|poke|p1|Pelipper, L50, M|\n|poke|p1|Archaludon, L50, F|\n|poke|p1|Gholdengo, L50|\n|poke|p1|Basculegion, L50, M|\n|poke|p1|Rillaboom, L50, F|\n|poke|p1|Sneasler, L50, F|\n|poke|p2|Tyranitar, L50, M|\n|poke|p2|Excadrill, L50, F|\n|poke|p2|Indeedee-F, L50, F|\n|poke|p2|Armarouge, L50, F|\n|poke|p2|Sneasler, L50, M|\n|poke|p2|Milotic, L50, M|\n|teampreview|4\n|j| judang\n|inactive|Battle timer is ON: inactive players will automatically lose when time's up. (requested by badpiplupvgc)\n|inactive|Spottedwoot has 60 seconds left.\n|inactive|badpiplupvgc has 60 seconds left.\n|j| Tsugia\n|j| Blacksummer\n|\n|t:|1732514191\n|start\n|switch|p1a: Sneasler|Sneasler, L50, F|100\/100\n|switch|p1b: Pelipper|Pelipper, L50, M|100\/100\n|switch|p2a: Indeedee|Indeedee-F, L50, F|100\/100\n|switch|p2b: Sneasler|Sneasler, L50, M|100\/100\n|-weather|RainDance|[from] ability: Drizzle|[of] p1b: Pelipper\n|-fieldstart|move: Psychic Terrain|[from] ability: Psychic Surge|[of] p2a: Indeedee\n|-enditem|p2b: Sneasler|Psychic Seed\n|-boost|p2b: Sneasler|spd|1|[from] item: Psychic Seed\n|turn|1\n|inactive|badpiplupvgc has 30 seconds left.\n|inactive|badpiplupvgc has 20 seconds left.\n|inactive|badpiplupvgc has 15 seconds left.\n|inactive|badpiplupvgc has 10 seconds left.\n|\n|t:|1732514241\n|move|p2a: Indeedee|Follow Me|p2a: Indeedee\n|-singleturn|p2a: Indeedee|move: Follow Me\n|move|p2b: Sneasler|Dire Claw|p1b: Pelipper\n|-damage|p1b: Pelipper|34\/100\n|-status|p1b: Pelipper|par\n|move|p1a: Sneasler|Close Combat|p2a: Indeedee\n|-damage|p2a: Indeedee|41\/100\n|-unboost|p1a: Sneasler|def|1\n|-unboost|p1a: Sneasler|spd|1\n|move|p1b: Pelipper|Muddy Water|p2a: Indeedee|[spread] p2a,p2b\n|-damage|p2a: Indeedee|0 fnt\n|-damage|p2b: Sneasler|62\/100\n|faint|p2a: Indeedee\n|\n|-weather|RainDance|[upkeep]\n|upkeep\n|\n|t:|1732514258\n|switch|p2a: Armarouge|Armarouge, L50, F, shiny|100\/100\n|turn|2\n|\n|t:|1732514273\n|switch|p1b: Rillaboom|Rillaboom, L50, F|100\/100\n|-fieldstart|move: Grassy Terrain|[from] ability: Grassy Surge|[of] p1b: Rillaboom\n|move|p2b: Sneasler|Dire Claw|p1b: Rillaboom\n|-supereffective|p1b: Rillaboom\n|-damage|p1b: Rillaboom|15\/100\n|-status|p1b: Rillaboom|psn\n|-enditem|p1b: Rillaboom|Sitrus Berry|[eat]\n|-heal|p1b: Rillaboom|40\/100 psn|[from] item: Sitrus Berry\n|move|p1a: Sneasler|Dire Claw|p2a: Armarouge\n|-damage|p2a: Armarouge|54\/100\n|-status|p2a: Armarouge|psn\n|move|p2a: Armarouge|Expanding Force|p1a: Sneasler\n|-supereffective|p1a: Sneasler\n|-enditem|p1a: Sneasler|Focus Sash\n|-damage|p1a: Sneasler|1\/100\n|\n|-weather|RainDance|[upkeep]\n|-heal|p1a: Sneasler|7\/100|[from] Grassy Terrain\n|-heal|p2b: Sneasler|68\/100|[from] Grassy Terrain\n|-heal|p2a: Armarouge|60\/100 psn|[from] Grassy Terrain\n|-heal|p1b: Rillaboom|46\/100 psn|[from] Grassy Terrain\n|-damage|p2a: Armarouge|48\/100 psn|[from] psn\n|-damage|p1b: Rillaboom|34\/100 psn|[from] psn\n|upkeep\n|turn|3\n|inactive|badpiplupvgc has 30 seconds left.\n|inactive|badpiplupvgc has 20 seconds left.\n|inactive|badpiplupvgc has 15 seconds left.\n|inactive|badpiplupvgc has 10 seconds left.\n|\n|t:|1732514321\n|move|p2a: Armarouge|Protect|p2a: Armarouge\n|-singleturn|p2a: Armarouge|Protect\n|move|p1b: Rillaboom|Fake Out|p2b: Sneasler\n|-damage|p2b: Sneasler|44\/100\n|move|p1a: Sneasler|Dire Claw|p2a: Armarouge\n|-activate|p2a: Armarouge|move: Protect\n|cant|p2b: Sneasler|flinch\n|\n|-weather|RainDance|[upkeep]\n|-heal|p1a: Sneasler|13\/100|[from] Grassy Terrain\n|-heal|p2b: Sneasler|50\/100|[from] Grassy Terrain\n|-heal|p2a: Armarouge|54\/100 psn|[from] Grassy Terrain\n|-heal|p1b: Rillaboom|40\/100 psn|[from] Grassy Terrain\n|-damage|p2a: Armarouge|41\/100 psn|[from] psn\n|-damage|p1b: Rillaboom|28\/100 psn|[from] psn\n|upkeep\n|turn|4\n|l| Tsugia\n|inactive|badpiplupvgc has 30 seconds left.\n|\n|t:|1732514349\n|move|p1a: Sneasler|Protect|p1a: Sneasler\n|-singleturn|p1a: Sneasler|Protect\n|move|p2b: Sneasler|Dire Claw|p1a: Sneasler\n|-activate|p1a: Sneasler|move: Protect\n|move|p2a: Armarouge|Expanding Force|p1b: Rillaboom\n|-damage|p1b: Rillaboom|0 fnt\n|faint|p1b: Rillaboom\n|\n|-weather|RainDance|[upkeep]\n|-heal|p1a: Sneasler|19\/100|[from] Grassy Terrain\n|-heal|p2b: Sneasler|56\/100|[from] Grassy Terrain\n|-heal|p2a: Armarouge|48\/100 psn|[from] Grassy Terrain\n|-damage|p2a: Armarouge|35\/100 psn|[from] psn\n|upkeep\n|\n|t:|1732514354\n|switch|p1b: Basculegion|Basculegion, L50, M|100\/100\n|turn|5\n|\n|t:|1732514377\n|switch|p2a: Tyranitar|Tyranitar, L50, M, shiny|100\/100\n|-weather|Sandstorm|[from] ability: Sand Stream|[of] p2a: Tyranitar\n|-terastallize|p2b: Sneasler|Dark\n|move|p1b: Basculegion|Aqua Jet|p2b: Sneasler\n|-damage|p2b: Sneasler|10\/100\n|move|p1a: Sneasler|Dire Claw|p2a: Tyranitar\n|-resisted|p2a: Tyranitar\n|-damage|p2a: Tyranitar|84\/100\n|move|p2b: Sneasler|Throat Chop|p1b: Basculegion\n|-supereffective|p1b: Basculegion\n|-damage|p1b: Basculegion|0 fnt\n|faint|p1b: Basculegion\n|\n|-weather|Sandstorm|[upkeep]\n|-damage|p1a: Sneasler|13\/100|[from] Sandstorm\n|-damage|p2b: Sneasler|5\/100|[from] Sandstorm\n|-heal|p1a: Sneasler|19\/100|[from] Grassy Terrain\n|-heal|p2b: Sneasler|10\/100|[from] Grassy Terrain\n|-heal|p2a: Tyranitar|89\/100|[from] Grassy Terrain\n|upkeep\n|\n|t:|1732514390\n|switch|p1b: Pelipper|Pelipper, L50, M|34\/100 par\n|-weather|RainDance|[from] ability: Drizzle|[of] p1b: Pelipper\n|turn|6\n|inactive|badpiplupvgc has 30 seconds left.\n|\n|t:|1732514418\n|switch|p2a: Armarouge|Armarouge, L50, F, shiny|35\/100 psn\n|-terastallize|p1b: Pelipper|Ghost\n|move|p1a: Sneasler|Protect|p1a: Sneasler\n|-singleturn|p1a: Sneasler|Protect\n|move|p2b: Sneasler|Dire Claw|p1b: Pelipper\n|-resisted|p1b: Pelipper\n|-damage|p1b: Pelipper|6\/100 par\n|cant|p1b: Pelipper|par\n|\n|-weather|RainDance|[upkeep]\n|-heal|p1a: Sneasler|24\/100|[from] Grassy Terrain\n|-heal|p2b: Sneasler|16\/100|[from] Grassy Terrain\n|-heal|p2a: Armarouge|41\/100 psn|[from] Grassy Terrain\n|-heal|p1b: Pelipper|12\/100 par|[from] Grassy Terrain\n|-damage|p2a: Armarouge|29\/100 psn|[from] psn\n|-fieldend|move: Grassy Terrain\n|upkeep\n|turn|7\n|j| SpookyScaryDirge\n|inactive|badpiplupvgc has 30 seconds left.\n|\n|t:|1732514445\n|move|p1a: Sneasler|Close Combat|p2a: Armarouge\n|-resisted|p2a: Armarouge\n|-damage|p2a: Armarouge|0 fnt\n|-unboost|p1a: Sneasler|def|1\n|-unboost|p1a: Sneasler|spd|1\n|faint|p2a: Armarouge\n|move|p2b: Sneasler|Dire Claw|p1a: Sneasler\n|-resisted|p1a: Sneasler\n|-damage|p1a: Sneasler|0 fnt\n|faint|p1a: Sneasler\n|cant|p1b: Pelipper|par\n|\n|-weather|RainDance|[upkeep]\n|upkeep\n|\n|t:|1732514457\n|switch|p2a: Tyranitar|Tyranitar, L50, M, shiny|89\/100\n|-weather|Sandstorm|[from] ability: Sand Stream|[of] p2a: Tyranitar\n|turn|8\n|-message|Spottedwoot forfeited.\n|\n|win|badpiplupvgc\n|raw|Spottedwoot's rating: 1747 &rarr; <strong>1724<\/strong><br \/>(-23 for losing)\n|raw|badpiplupvgc's rating: 1687 &rarr; <strong>1710<\/strong><br \/>(+23 for winning)\n","uploadtime":1732514467,"views":114,"formatid":"gen9vgc2024regh","rating":1710,"private":0,"password":null}