{"id":"gen9vgc2024regh-2250493886","format":"[Gen 9] VGC 2024 Reg H","players":["chang21","vgclth ttt"],"log":"|raw|<div class=\"broadcast-blue\"><strong>This battle is required to be public due to a player having a name starting with 'vgclth'.<\/div>\n|j|\u2606chang21\n|j|\u2606vgclth ttt\n|t:|1732501095\n|gametype|doubles\n|player|p1|chang21|veteran-gen4|1660\n|player|p2|vgclth ttt|170|1761\n|teamsize|p1|6\n|teamsize|p2|6\n|gen|9\n|tier|[Gen 9] VGC 2024 Reg H\n|rated|\n|rule|Species Clause: Limit one of each Pok\u00e9mon\n|rule|Item Clause: Limit 1 of each item\n|clearpoke\n|poke|p1|Sneasler, L50, F|\n|poke|p1|Baxcalibur, L50, F|\n|poke|p1|Rillaboom, L50, M|\n|poke|p1|Basculegion, L50, M|\n|poke|p1|Volcarona, L50, F|\n|poke|p1|Kingambit, L50, F|\n|poke|p2|Ursaluna, L50, F|\n|poke|p2|Sinistcha, L50|\n|poke|p2|Archaludon, L50, F|\n|poke|p2|Pelipper, L50, M|\n|poke|p2|Gholdengo, L50|\n|poke|p2|Dragonite, L50, M|\n|teampreview|4\n|inactive|Battle timer is ON: inactive players will automatically lose when time's up. (requested by chang21)\n|\n|t:|1732501125\n|start\n|switch|p1a: Sneasler|Sneasler, L50, F|100\/100\n|switch|p1b: Volcarona|Volcarona, L50, F|100\/100\n|switch|p2a: Archaludon|Archaludon, L50, F|100\/100\n|switch|p2b: Gholdengo|Gholdengo, L50|100\/100\n|turn|1\n|\n|t:|1732501141\n|move|p2b: Gholdengo|Trick|p1b: Volcarona\n|-activate|p2b: Gholdengo|move: Trick|[of] p1b: Volcarona\n|-item|p1b: Volcarona|Choice Scarf|[from] move: Trick\n|-item|p2b: Gholdengo|Covert Cloak|[from] move: Trick\n|move|p1b: Volcarona|Quiver Dance|p1b: Volcarona\n|-boost|p1b: Volcarona|spa|1\n|-boost|p1b: Volcarona|spd|1\n|-boost|p1b: Volcarona|spe|1\n|move|p1a: Sneasler|Close Combat|p2a: Archaludon\n|-supereffective|p2a: Archaludon\n|-damage|p2a: Archaludon|0 fnt\n|-unboost|p1a: Sneasler|def|1\n|-unboost|p1a: Sneasler|spd|1\n|faint|p2a: Archaludon\n|\n|upkeep\n|\n|t:|1732501153\n|switch|p2a: Ursaluna|Ursaluna, L50, F|100\/100\n|turn|2\n|inactive|chang21 has 30 seconds left.\n|inactive|chang21 has 20 seconds left.\n|\n|t:|1732501191\n|switch|p1b: Basculegion|Basculegion, L50, M|100\/100\n|-terastallize|p2a: Ursaluna|Ghost\n|move|p1a: Sneasler|Dire Claw|p2a: Ursaluna\n|-resisted|p2a: Ursaluna\n|-damage|p2a: Ursaluna|84\/100\n|move|p2b: Gholdengo|Make It Rain|p1a: Sneasler|[spread] p1a,p1b\n|-resisted|p1b: Basculegion\n|-damage|p1a: Sneasler|15\/100\n|-damage|p1b: Basculegion|74\/100\n|-unboost|p2b: Gholdengo|spa|1\n|move|p2a: Ursaluna|Headlong Rush|p1b: Basculegion\n|-damage|p1b: Basculegion|0 fnt\n|-unboost|p2a: Ursaluna|def|1\n|-unboost|p2a: Ursaluna|spd|1\n|faint|p1b: Basculegion\n|\n|-status|p2a: Ursaluna|brn|[from] item: Flame Orb\n|upkeep\n|\n|t:|1732501214\n|switch|p1b: Baxcalibur|Baxcalibur, L50, F|100\/100\n|turn|3\n|\n|t:|1732501227\n|move|p1b: Baxcalibur|Protect|p1b: Baxcalibur\n|-singleturn|p1b: Baxcalibur|Protect\n|move|p2a: Ursaluna|Protect|p2a: Ursaluna\n|-singleturn|p2a: Ursaluna|Protect\n|move|p1a: Sneasler|Coaching|p1b: Baxcalibur\n|-boost|p1b: Baxcalibur|atk|1\n|-boost|p1b: Baxcalibur|def|1\n|move|p2b: Gholdengo|Make It Rain|p1a: Sneasler|[spread] p1a\n|-activate|p1b: Baxcalibur|move: Protect\n|-damage|p1a: Sneasler|0 fnt\n|-unboost|p2b: Gholdengo|spa|1\n|faint|p1a: Sneasler\n|\n|-damage|p2a: Ursaluna|78\/100 brn|[from] brn\n|upkeep\n|\n|t:|1732501235\n|switch|p1a: Volcarona|Volcarona, L50, F|100\/100\n|turn|4\n|\n|t:|1732501257\n|switch|p2a: Pelipper|Pelipper, L50, M|100\/100\n|-weather|RainDance|[from] ability: Drizzle|[of] p2a: Pelipper\n|-terastallize|p1b: Baxcalibur|Ghost\n|move|p1a: Volcarona|Heat Wave|p2b: Gholdengo|[spread] \n|-miss|p1a: Volcarona|p2a: Pelipper\n|-miss|p1a: Volcarona|p2b: Gholdengo\n|move|p1b: Baxcalibur|Icicle Spear|p2a: Pelipper\n|-damage|p2a: Pelipper|72\/100\n|-damage|p2a: Pelipper|42\/100\n|-damage|p2a: Pelipper|12\/100\n|-damage|p2a: Pelipper|0 fnt\n|faint|p2a: Pelipper\n|-hitcount|p2: Pelipper|4\n|move|p2b: Gholdengo|Make It Rain|p1b: Baxcalibur|[spread] p1a,p1b\n|-resisted|p1a: Volcarona\n|-damage|p1a: Volcarona|90\/100\n|-damage|p1b: Baxcalibur|75\/100\n|-unboost|p2b: Gholdengo|spa|1\n|\n|-weather|RainDance|[upkeep]\n|upkeep\n|\n|t:|1732501271\n|switch|p2a: Ursaluna|Ursaluna, L50, F, tera:Ghost|78\/100 brn\n|turn|5\n|\n|t:|1732501293\n|move|p1a: Volcarona|Heat Wave|p2a: Ursaluna|[spread] p2a,p2b\n|-supereffective|p2b: Gholdengo\n|-damage|p2a: Ursaluna|65\/100 brn\n|-damage|p2b: Gholdengo|64\/100\n|move|p1b: Baxcalibur|Icicle Spear|p2a: Ursaluna\n|-damage|p2a: Ursaluna|47\/100 brn\n|-damage|p2a: Ursaluna|31\/100 brn\n|-damage|p2a: Ursaluna|12\/100 brn\n|-damage|p2a: Ursaluna|0 fnt\n|faint|p2a: Ursaluna\n|-hitcount|p2: Ursaluna|4\n|move|p2b: Gholdengo|Make It Rain|p1b: Baxcalibur|[spread] p1a,p1b\n|-resisted|p1a: Volcarona\n|-damage|p1a: Volcarona|81\/100\n|-damage|p1b: Baxcalibur|55\/100\n|-unboost|p2b: Gholdengo|spa|1\n|\n|-weather|RainDance|[upkeep]\n|upkeep\n|turn|6\n|-message|vgclth ttt forfeited.\n|\n|win|chang21\n|raw|chang21's rating: 1660 &rarr; <strong>1686<\/strong><br \/>(+26 for winning)\n|raw|vgclth ttt's rating: 1761 &rarr; <strong>1735<\/strong><br \/>(-26 for losing)\n|l|\u2606vgclth ttt\n|player|p2|\n|l|\u2606chang21\n|player|p1|\n","uploadtime":1732501447,"views":6,"formatid":"gen9vgc2024regh","rating":1686,"private":0,"password":null}