{"id":"gen9vgc2024regh-2250008229","format":"[Gen 9] VGC 2024 Reg H","players":["Suna56","SHIDMONBADGAME"],"log":"|j|\u2606Suna56\n|j|\u2606SHIDMONBADGAME\n|t:|1732430979\n|gametype|doubles\n|player|p1|Suna56|lisia-masters|1647\n|player|p2|SHIDMONBADGAME|policeman-gen4|1708\n|teamsize|p1|6\n|teamsize|p2|6\n|gen|9\n|tier|[Gen 9] VGC 2024 Reg H\n|rated|\n|rule|Species Clause: Limit one of each Pok\u00e9mon\n|rule|Item Clause: Limit 1 of each item\n|clearpoke\n|poke|p1|Garchomp, L50, M|\n|poke|p1|Dragonite, L50, M|\n|poke|p1|Typhlosion-Hisui, L50, M|\n|poke|p1|Indeedee-F, L50, F|\n|poke|p1|Incineroar, L50, F|\n|poke|p1|Rotom-Wash, L50|\n|poke|p2|Murkrow, L50, M|\n|poke|p2|Gholdengo, L50|\n|poke|p2|Pawmot, L50, F|\n|poke|p2|Kommo-o, L50, F|\n|poke|p2|Basculegion, L50, M|\n|poke|p2|Farigiraf, L50, M|\n|teampreview|4\n|inactive|Battle timer is ON: inactive players will automatically lose when time's up. (requested by SHIDMONBADGAME)\n|inactive|Suna56 also wants the timer to be on.\nSuna56 has agreed to open team sheets.\n|inactive|Suna56 has 60 seconds left.\n|\n|t:|1732431031\n|start\n|switch|p1a: Indeedee|Indeedee-F, L50, F|100\/100\n|switch|p1b: Typhlosion|Typhlosion-Hisui, L50, M|100\/100\n|switch|p2a: Kommo-o|Kommo-o, L50, F|100\/100\n|switch|p2b: Luis Carruthers|Murkrow, L50, M, shiny|100\/100\n|-fieldstart|move: Psychic Terrain|[from] ability: Psychic Surge|[of] p1a: Indeedee\n|turn|1\n|inactive|SHIDMONBADGAME has 30 seconds left.\n|inactive|SHIDMONBADGAME has 20 seconds left.\n|inactive|SHIDMONBADGAME has 15 seconds left.\n|\n|t:|1732431075\n|switch|p1b: Dragonite|Dragonite, L50, M|100\/100\n|move|p2a: Kommo-o|Clanging Scales|p1a: Indeedee|[spread] p1a,p1b\n|-supereffective|p1b: Dragonite\n|-enditem|p1b: Dragonite|Haban Berry|[eat]\n|-enditem|p1b: Dragonite|Haban Berry|[weaken]\n|-damage|p1a: Indeedee|56\/100\n|-damage|p1b: Dragonite|78\/100\n|-unboost|p2a: Kommo-o|def|1\n|-damage|p2a: Kommo-o|90\/100|[from] item: Life Orb\n|move|p2b: Luis Carruthers|Brave Bird|p1a: Indeedee\n|-damage|p1a: Indeedee|18\/100\n|-damage|p2b: Luis Carruthers|87\/100|[from] Recoil\n|move|p1a: Indeedee|Psychic|p2a: Kommo-o\n|-supereffective|p2a: Kommo-o\n|-damage|p2a: Kommo-o|0 fnt\n|faint|p2a: Kommo-o\n|\n|upkeep\n|j| kanto-lapras\n|\n|t:|1732431087\n|switch|p2a: Gholdengo|Gholdengo, L50|100\/100\n|turn|2\n|\n|t:|1732431106\n|-terastallize|p2a: Gholdengo|Steel\n|move|p1a: Indeedee|Follow Me|p1a: Indeedee\n|-singleturn|p1a: Indeedee|move: Follow Me\n|move|p2b: Luis Carruthers|Tailwind|p2b: Luis Carruthers\n|-sidestart|p2: SHIDMONBADGAME|move: Tailwind\n|move|p2a: Gholdengo|Make It Rain|p1b: Dragonite|[spread] p1a,p1b\n|-damage|p1a: Indeedee|0 fnt\n|-damage|p1b: Dragonite|0 fnt\n|-unboost|p2a: Gholdengo|spa|1\n|faint|p1a: Indeedee\n|faint|p1b: Dragonite\n|\n|upkeep\n|\n|t:|1732431116\n|switch|p1a: Garchomp|Garchomp, L50, M|100\/100\n|switch|p1b: Typhlosion|Typhlosion-Hisui, L50, M|100\/100\n|turn|3\n|inactive|Suna56 has 30 seconds left.\n|\n|t:|1732431151\n|move|p1a: Garchomp|Protect|p1a: Garchomp\n|-singleturn|p1a: Garchomp|Protect\n|move|p2a: Gholdengo|Make It Rain|p1b: Typhlosion|[spread] p1b\n|-activate|p1a: Garchomp|move: Protect\n|-resisted|p1b: Typhlosion\n|-damage|p1b: Typhlosion|60\/100\n|-unboost|p2a: Gholdengo|spa|1\n|move|p2b: Luis Carruthers|Brave Bird|p1b: Typhlosion\n|-damage|p1b: Typhlosion|2\/100\n|-damage|p2b: Luis Carruthers|70\/100|[from] Recoil\n|move|p1b: Typhlosion|Heat Wave|p2b: Luis Carruthers|[spread] p2a,p2b\n|-supereffective|p2a: Gholdengo\n|-damage|p2a: Gholdengo|0 fnt\n|-damage|p2b: Luis Carruthers|17\/100\n|faint|p2a: Gholdengo\n|\n|upkeep\n|\n|t:|1732431154\n|switch|p2a: Pawmot|Pawmot, L50, F|100\/100\n|turn|4\n|inactive|Suna56 has 30 seconds left.\n|\n|t:|1732431182\n|move|p2a: Pawmot|Revival Blessing|p2a: Pawmot\n|\n|t:|1732431186\n|-heal|p2: Kommo-o|50\/100|[from] move: Revival Blessing\n|move|p2b: Luis Carruthers|Brave Bird|p1b: Typhlosion\n|-damage|p1b: Typhlosion|0 fnt\n|faint|p1b: Typhlosion\n|-damage|p2b: Luis Carruthers|17\/100|[from] Recoil\n|move|p1a: Garchomp|Dragon Claw|p2a: Pawmot\n|-damage|p2a: Pawmot|29\/100\n|\n|upkeep\n|turn|5\n|inactive|Suna56 has 30 seconds left.\n|\n|t:|1732431211\n|move|p2a: Pawmot|Close Combat|p1a: Garchomp\n|-damage|p1a: Garchomp|49\/100\n|-unboost|p2a: Pawmot|def|1\n|-unboost|p2a: Pawmot|spd|1\n|-damage|p2a: Pawmot|16\/100|[from] ability: Rough Skin|[of] p1a: Garchomp\n|move|p2b: Luis Carruthers|Brave Bird|p1a: Garchomp\n|-damage|p1a: Garchomp|11\/100\n|-damage|p2b: Luis Carruthers|5\/100|[from] ability: Rough Skin|[of] p1a: Garchomp\n|-damage|p2b: Luis Carruthers|0 fnt|[from] Recoil\n|faint|p2b: Luis Carruthers\n|move|p1a: Garchomp|Dragon Claw|p2a: Pawmot\n|-damage|p2a: Pawmot|0 fnt\n|faint|p2a: Pawmot\n|\n|-sideend|p2: SHIDMONBADGAME|move: Tailwind\n|-fieldend|move: Psychic Terrain\n|upkeep\n|\n|t:|1732431221\n|switch|p2b: Kommo-o|Kommo-o, L50, F|50\/100\n|turn|6\n|\n|t:|1732431234\n|-terastallize|p1a: Garchomp|Steel\n|move|p1a: Garchomp|Dragon Claw|p2b: Kommo-o\n|-supereffective|p2b: Kommo-o\n|-damage|p2b: Kommo-o|0 fnt\n|faint|p2b: Kommo-o\n|\n|win|Suna56\n|raw|Suna56's rating: 1647 &rarr; <strong>1670<\/strong><br \/>(+23 for winning)\n|raw|SHIDMONBADGAME's rating: 1708 &rarr; <strong>1685<\/strong><br \/>(-23 for losing)\n|l|\u2606SHIDMONBADGAME\n|player|p2|\n|l|\u2606Suna56\n|player|p1|\n|l| kanto-lapras\n","uploadtime":1732431506,"views":5,"formatid":"gen9vgc2024regh","rating":1670,"private":0,"password":null}