{"id":"gen9vgc2024regh-2250139648","format":"[Gen 9] VGC 2024 Reg H","players":["VGCLTH skibidi","Amungs"],"log":"|raw|<div class=\"broadcast-blue\"><strong>This battle is required to be public due to a player having a name starting with 'vgclth'.<\/div>\n|j|\u2606VGCLTH skibidi\n|j|\u2606Amungs\n|t:|1732457607\n|gametype|doubles\n|player|p1|VGCLTH skibidi|piers-masters|1839\n|player|p2|Amungs|pokekid|1689\n|teamsize|p1|6\n|teamsize|p2|6\n|gen|9\n|tier|[Gen 9] VGC 2024 Reg H\n|rated|\n|rule|Species Clause: Limit one of each Pok\u00e9mon\n|rule|Item Clause: Limit 1 of each item\n|clearpoke\n|poke|p1|Whimsicott, L50, F|\n|poke|p1|Gallade, L50, M|\n|poke|p1|Archaludon, L50, F|\n|poke|p1|Malamar, L50, F|\n|poke|p1|Indeedee, L50, M|\n|poke|p1|Drifblim, L50, M|\n|poke|p2|Typhlosion-Hisui, L50, F|\n|poke|p2|Murkrow, L50, M|\n|poke|p2|Dragapult, L50, F|\n|poke|p2|Indeedee, L50, M|\n|poke|p2|Sneasler, L50, F|\n|poke|p2|Gholdengo, L50|\n|teampreview|4\n|inactive|Battle timer is ON: inactive players will automatically lose when time's up. (requested by VGCLTH skibidi)\n|inactive|Amungs also wants the timer to be on.\n|inactive|VGCLTH skibidi has 60 seconds left.\n|inactive|Amungs has 60 seconds left.\n|\n|t:|1732457640\n|start\n|switch|p1a: Mischief Mother|Whimsicott, L50, F, shiny|100\/100\n|switch|p1b: Tapu Deedee|Indeedee, L50, M, shiny|100\/100\n|switch|p2a: Murkrow|Murkrow, L50, M|100\/100\n|switch|p2b: Typhlosion|Typhlosion-Hisui, L50, F|100\/100\n|-fieldstart|move: Psychic Terrain|[from] ability: Psychic Surge|[of] p1b: Tapu Deedee\n|-item|p1a: Mischief Mother|Focus Sash|[from] ability: Frisk|[of] p2b: Typhlosion\n|-item|p1b: Tapu Deedee|Choice Specs|[from] ability: Frisk|[of] p2b: Typhlosion\n|turn|1\n|\n|t:|1732457660\n|-terastallize|p1b: Tapu Deedee|Fire\n|move|p2b: Typhlosion|Protect|p2b: Typhlosion\n|-singleturn|p2b: Typhlosion|Protect\n|move|p1a: Mischief Mother|Tailwind|p1a: Mischief Mother\n|-sidestart|p1: VGCLTH skibidi|move: Tailwind\n|move|p1b: Tapu Deedee|Expanding Force|p2b: Typhlosion|[spread] \n|-activate|p2b: Typhlosion|move: Protect\n|-immune|p2a: Murkrow\n|move|p2a: Murkrow|Foul Play|p1b: Tapu Deedee\n|-damage|p1b: Tapu Deedee|53\/100\n|\n|upkeep\n|turn|2\n|\n|t:|1732457678\n|move|p1a: Mischief Mother|Encore|p2a: Murkrow\n|-hint|Since gen 7, Dark is immune to Prankster moves.\n|-immune|p2a: Murkrow\n|move|p2a: Murkrow|Tailwind|p2a: Murkrow\n|-sidestart|p2: Amungs|move: Tailwind\n|move|p2b: Typhlosion|Heat Wave|p1b: Tapu Deedee|[spread] p1a,p1b\n|-supereffective|p1a: Mischief Mother\n|-resisted|p1b: Tapu Deedee\n|-enditem|p1a: Mischief Mother|Focus Sash\n|-damage|p1a: Mischief Mother|1\/100\n|-damage|p1b: Tapu Deedee|20\/100\n|move|p1b: Tapu Deedee|Expanding Force|p2b: Typhlosion|[spread] p2b\n|-immune|p2a: Murkrow\n|-damage|p2b: Typhlosion|0 fnt\n|faint|p2b: Typhlosion\n|\n|upkeep\n|\n|t:|1732457690\n|switch|p2b: Indeedee|Indeedee, L50, M|100\/100\n|turn|3\n|\n|t:|1732457701\n|switch|p1b: \ud83c\udf88\ud83d\udc7b\ud83c\udf83\ud83d\udc7b\ud83c\udf83\ud83c\udf88|Drifblim, L50, M|100\/100\n|-enditem|p1b: \ud83c\udf88\ud83d\udc7b\ud83c\udf83\ud83d\udc7b\ud83c\udf83\ud83c\udf88|Psychic Seed\n|-boost|p1b: \ud83c\udf88\ud83d\udc7b\ud83c\udf83\ud83d\udc7b\ud83c\udf83\ud83c\udf88|spd|1|[from] item: Psychic Seed\n|move|p1a: Mischief Mother|Moonblast|p2a: Murkrow\n|-supereffective|p2a: Murkrow\n|-damage|p2a: Murkrow|14\/100\n|move|p2b: Indeedee|Expanding Force|p1b: \ud83c\udf88\ud83d\udc7b\ud83c\udf83\ud83d\udc7b\ud83c\udf83\ud83c\udf88|[spread] p1a,p1b\n|-damage|p1a: Mischief Mother|0 fnt\n|-damage|p1b: \ud83c\udf88\ud83d\udc7b\ud83c\udf83\ud83d\udc7b\ud83c\udf83\ud83c\udf88|65\/100\n|faint|p1a: Mischief Mother\n|move|p2a: Murkrow|Foul Play|p1b: \ud83c\udf88\ud83d\udc7b\ud83c\udf83\ud83d\udc7b\ud83c\udf83\ud83c\udf88\n|-supereffective|p1b: \ud83c\udf88\ud83d\udc7b\ud83c\udf83\ud83d\udc7b\ud83c\udf83\ud83c\udf88\n|-damage|p1b: \ud83c\udf88\ud83d\udc7b\ud83c\udf83\ud83d\udc7b\ud83c\udf83\ud83c\udf88|20\/100\n|\n|upkeep\n|\n|t:|1732457705\n|switch|p1a: Tapu Deedee|Indeedee, L50, M, shiny, tera:Fire|20\/100\n|turn|4\n|\n|t:|1732457719\n|move|p1b: \ud83c\udf88\ud83d\udc7b\ud83c\udf83\ud83d\udc7b\ud83c\udf83\ud83c\udf88|Icy Wind|p2b: Indeedee|[spread] p2a,p2b\n|-supereffective|p2a: Murkrow\n|-damage|p2a: Murkrow|0 fnt\n|-damage|p2b: Indeedee|88\/100\n|-unboost|p2b: Indeedee|spe|1\n|faint|p2a: Murkrow\n|move|p1a: Tapu Deedee|Tera Blast|p2b: Indeedee|[anim] Tera Blast Fire\n|-damage|p2b: Indeedee|2\/100\n|move|p2b: Indeedee|Expanding Force|p1a: Tapu Deedee|[spread] p1a,p1b\n|-damage|p1a: Tapu Deedee|0 fnt\n|-damage|p1b: \ud83c\udf88\ud83d\udc7b\ud83c\udf83\ud83d\udc7b\ud83c\udf83\ud83c\udf88|0 fnt\n|faint|p1a: Tapu Deedee\n|faint|p1b: \ud83c\udf88\ud83d\udc7b\ud83c\udf83\ud83d\udc7b\ud83c\udf83\ud83c\udf88\n|\n|-sideend|p1: VGCLTH skibidi|move: Tailwind\n|upkeep\n|\n|t:|1732457723\n|switch|p1b: Bridget|Archaludon, L50, F, shiny|100\/100\n|switch|p2a: Sneasler|Sneasler, L50, F|100\/100\n|-enditem|p2a: Sneasler|Psychic Seed\n|-boost|p2a: Sneasler|spd|1|[from] item: Psychic Seed\n|turn|5\n|\n|t:|1732457733\n|-terastallize|p2b: Indeedee|Fighting\n|move|p2a: Sneasler|Close Combat|p1b: Bridget\n|-supereffective|p1b: Bridget\n|-damage|p1b: Bridget|5\/100\n|-unboost|p2a: Sneasler|def|1\n|-unboost|p2a: Sneasler|spd|1\n|-ability|p1b: Bridget|Stamina|boost\n|-boost|p1b: Bridget|def|1\n|move|p2b: Indeedee|Tera Blast|p1b: Bridget|[anim] Tera Blast Fighting\n|-supereffective|p1b: Bridget\n|-damage|p1b: Bridget|0 fnt\n|faint|p1b: Bridget\n|\n|win|Amungs\n|raw|VGCLTH skibidi's rating: 1839 &rarr; <strong>1811<\/strong><br \/>(-28 for losing)\n|raw|Amungs's rating: 1689 &rarr; <strong>1717<\/strong><br \/>(+28 for winning)\n|l|\u2606VGCLTH skibidi\n|player|p1|\n|c|\u2606Amungs|Ggwp\n|c|\u2606Amungs|have a nice day\n|l|\u2606Amungs\n|player|p2|\n","uploadtime":1732457982,"views":7,"formatid":"gen9vgc2024regh","rating":1717,"private":0,"password":null}