{"id":"gen9vgc2024regh-2250113706","format":"[Gen 9] VGC 2024 Reg H","players":["octasito","Nobody9028"],"log":"|j|\u2606octasito\n|j|\u2606Nobody9028\n|t:|1732453329\n|gametype|doubles\n|player|p1|octasito|lucas|1699\n|player|p2|Nobody9028|dawn-gen4pt|1662\n|teamsize|p1|6\n|teamsize|p2|6\n|gen|9\n|tier|[Gen 9] VGC 2024 Reg H\n|rated|\n|rule|Species Clause: Limit one of each Pok\u00e9mon\n|rule|Item Clause: Limit 1 of each item\n|clearpoke\n|poke|p1|Sylveon, L50, M|\n|poke|p1|Talonflame, L50, M|\n|poke|p1|Dragapult, L50, F|\n|poke|p1|Gholdengo, L50|\n|poke|p1|Rillaboom, L50, F|\n|poke|p1|Rotom-Wash, L50|\n|poke|p2|Volcarona, L50, F|\n|poke|p2|Dragonite, L50, M|\n|poke|p2|Gholdengo, L50|\n|poke|p2|Annihilape, L50, M|\n|poke|p2|Whimsicott, L50, F|\n|poke|p2|Archaludon, L50, M|\n|teampreview|4\n|inactive|Battle timer is ON: inactive players will automatically lose when time's up. (requested by octasito)\noctasito has agreed to open team sheets.\n|inactive|Nobody9028 has 60 seconds left.\n|\n|t:|1732453383\n|start\n|switch|p1a: MarcoFiaro|Talonflame, L50, M|100\/100\n|switch|p1b: Moonlight|Sylveon, L50, M|100\/100\n|switch|p2a: Dragonite|Dragonite, L50, M|100\/100\n|switch|p2b: Gholdengo|Gholdengo, L50|100\/100\n|turn|1\n|\n|t:|1732453403\n|-terastallize|p2a: Dragonite|Steel\n|move|p2a: Dragonite|Extreme Speed|p1a: MarcoFiaro\n|-damage|p1a: MarcoFiaro|54\/100\n|move|p2b: Gholdengo|Power Gem|p1a: MarcoFiaro\n|-supereffective|p1a: MarcoFiaro\n|-damage|p1a: MarcoFiaro|0 fnt\n|faint|p1a: MarcoFiaro\n|move|p1b: Moonlight|Hyper Voice|p2a: Dragonite|[spread] p2a,p2b\n|-resisted|p2a: Dragonite\n|-resisted|p2b: Gholdengo\n|-damage|p2a: Dragonite|85\/100\n|-damage|p2b: Gholdengo|65\/100\n|\n|upkeep\n|\n|t:|1732453416\n|switch|p1a: Rillaboom|Rillaboom, L50, F|100\/100\n|-fieldstart|move: Grassy Terrain|[from] ability: Grassy Surge|[of] p1a: Rillaboom\n|turn|2\n|\n|t:|1732453425\n|switch|p2b: Whimsicott|Whimsicott, L50, F|100\/100\n|-terastallize|p1b: Moonlight|Fairy\n|move|p2a: Dragonite|Protect|p2a: Dragonite\n|-singleturn|p2a: Dragonite|Protect\n|move|p1a: Rillaboom|High Horsepower|p2a: Dragonite\n|-activate|p2a: Dragonite|move: Protect\n|move|p1b: Moonlight|Hyper Voice|p2a: Dragonite|[spread] p2b\n|-activate|p2a: Dragonite|move: Protect\n|-enditem|p2b: Whimsicott|Focus Sash\n|-damage|p2b: Whimsicott|1\/100\n|\n|-heal|p2b: Whimsicott|7\/100|[from] Grassy Terrain\n|-heal|p2a: Dragonite|91\/100|[from] Grassy Terrain\n|upkeep\n|turn|3\n|inactive|Nobody9028 has 30 seconds left.\n|inactive|Nobody9028 has 20 seconds left.\n|inactive|Nobody9028 has 15 seconds left.\n|inactive|Nobody9028 has 10 seconds left.\n|\n|t:|1732453472\n|move|p2a: Dragonite|Extreme Speed|p1b: Moonlight\n|-damage|p1b: Moonlight|51\/100\n|move|p2b: Whimsicott|Tailwind|p2b: Whimsicott\n|-sidestart|p2: Nobody9028|move: Tailwind\n|move|p1a: Rillaboom|High Horsepower|p2a: Dragonite|[miss]\n|-miss|p1a: Rillaboom|p2a: Dragonite\n|move|p1b: Moonlight|Hyper Voice|p2b: Whimsicott|[spread] p2a,p2b\n|-resisted|p2a: Dragonite\n|-damage|p2a: Dragonite|45\/100\n|-damage|p2b: Whimsicott|0 fnt\n|faint|p2b: Whimsicott\n|\n|-heal|p2a: Dragonite|51\/100|[from] Grassy Terrain\n|-heal|p1b: Moonlight|57\/100|[from] Grassy Terrain\n|upkeep\n|\n|t:|1732453487\n|switch|p2b: Gholdengo|Gholdengo, L50|65\/100\n|turn|4\n|inactive|octasito has 30 seconds left.\n|\n|t:|1732453516\n|move|p2b: Gholdengo|Make It Rain|p1b: Moonlight|[spread] p1a,p1b\n|-supereffective|p1b: Moonlight\n|-damage|p1a: Rillaboom|68\/100\n|-damage|p1b: Moonlight|0 fnt\n|-unboost|p2b: Gholdengo|spa|1\n|faint|p1b: Moonlight\n|move|p2a: Dragonite|Scale Shot|p1a: Rillaboom\n|-damage|p1a: Rillaboom|54\/100\n|-damage|p1a: Rillaboom|39\/100\n|-damage|p1a: Rillaboom|26\/100\n|-damage|p1a: Rillaboom|11\/100\n|-hitcount|p1a: Rillaboom|4\n|-unboost|p2a: Dragonite|def|1\n|-boost|p2a: Dragonite|spe|1\n|move|p1a: Rillaboom|High Horsepower|p2b: Gholdengo\n|-supereffective|p2b: Gholdengo\n|-damage|p2b: Gholdengo|0 fnt\n|faint|p2b: Gholdengo\n|\n|-heal|p2a: Dragonite|57\/100|[from] Grassy Terrain\n|-heal|p1a: Rillaboom|17\/100|[from] Grassy Terrain\n|upkeep\n|\n|t:|1732453536\n|switch|p2b: Archaludon|Archaludon, L50, M|100\/100\n|switch|p1b: Turning|Dragapult, L50, F|100\/100\n|turn|5\n|inactive|Nobody9028 has 30 seconds left.\n|\n|t:|1732453564\n|move|p2a: Dragonite|Scale Shot|p1b: Turning\n|-supereffective|p1b: Turning\n|-damage|p1b: Turning|62\/100\n|-supereffective|p1b: Turning\n|-damage|p1b: Turning|22\/100\n|-supereffective|p1b: Turning\n|-damage|p1b: Turning|0 fnt\n|faint|p1b: Turning\n|-hitcount|p1: Turning|3\n|-unboost|p2a: Dragonite|def|1\n|-boost|p2a: Dragonite|spe|1\n|move|p2b: Archaludon|Electro Shot||[still]\n|-prepare|p2b: Archaludon|Electro Shot\n|-boost|p2b: Archaludon|spa|1\n|-enditem|p2b: Archaludon|Power Herb\n|-anim|p2b: Archaludon|Electro Shot|p1a: Rillaboom\n|-resisted|p1a: Rillaboom\n|-damage|p1a: Rillaboom|0 fnt\n|faint|p1a: Rillaboom\n|\n|win|Nobody9028\n|raw|octasito's rating: 1699 &rarr; <strong>1677<\/strong><br \/>(-22 for losing)\n|raw|Nobody9028's rating: 1662 &rarr; <strong>1684<\/strong><br \/>(+22 for winning)\n|l|\u2606octasito\n|player|p1|\n|l|\u2606Nobody9028\n|player|p2|\n","uploadtime":1732453803,"views":5,"formatid":"gen9vgc2024regh","rating":1677,"private":0,"password":null}