{"id":"gen9vgc2024regh-2250255042","format":"[Gen 9] VGC 2024 Reg H","players":["Iced Meow","PirateRoberts77"],"log":"|j|\u2606Iced Meow\n|j|\u2606PirateRoberts77\n|t:|1732472452\n|gametype|doubles\n|player|p1|Iced Meow|170|1653\n|player|p2|PirateRoberts77|hilbert|1739\n|teamsize|p1|6\n|teamsize|p2|6\n|gen|9\n|tier|[Gen 9] VGC 2024 Reg H\n|rated|\n|rule|Species Clause: Limit one of each Pok\u00e9mon\n|rule|Item Clause: Limit 1 of each item\n|clearpoke\n|poke|p1|Archaludon, L50, M|\n|poke|p1|Gholdengo, L50|\n|poke|p1|Ursaluna, L50, M|\n|poke|p1|Pelipper, L50, F|\n|poke|p1|Sinistcha, L50|\n|poke|p1|Dragonite, L50, F|\n|poke|p2|Torterra, L50, M|\n|poke|p2|Annihilape, L50, M|\n|poke|p2|Armarouge, L50, M|\n|poke|p2|Oranguru, L50, M|\n|poke|p2|Torkoal, L50, F|\n|poke|p2|Sylveon, L50, F|\n|teampreview|4\n|inactive|Battle timer is ON: inactive players will automatically lose when time's up. (requested by PirateRoberts77)\n|\n|t:|1732472477\n|start\n|switch|p1a: Gholdengo|Gholdengo, L50|100\/100\n|switch|p1b: Ursaluna|Ursaluna, L50, M|100\/100\n|switch|p2a: Oranguru|Oranguru, L50, M|100\/100\n|switch|p2b: Annihilape|Annihilape, L50, M|100\/100\n|turn|1\n|j| judang\n|\n|t:|1732472497\n|-terastallize|p1b: Ursaluna|Ghost\n|move|p2b: Annihilape|Final Gambit|p1a: Gholdengo\n|-immune|p1a: Gholdengo\n|move|p1a: Gholdengo|Trick|p2a: Oranguru\n|-activate|p1a: Gholdengo|move: Trick|[of] p2a: Oranguru\n|-item|p2a: Oranguru|Choice Scarf|[from] move: Trick\n|-item|p1a: Gholdengo|Mental Herb|[from] move: Trick\n|move|p1b: Ursaluna|Facade|p2a: Oranguru\n|-damage|p2a: Oranguru|68\/100\n|move|p2a: Oranguru|Trick Room|p2a: Oranguru\n|-fieldstart|move: Trick Room|[of] p2a: Oranguru\n|\n|-status|p1b: Ursaluna|brn|[from] item: Flame Orb\n|upkeep\n|turn|2\n|j| TheMimikiu\n|inactive|Iced Meow has 30 seconds left.\n|\n|t:|1732472524\n|switch|p2a: Torkoal|Torkoal, L50, F|100\/100\n|-weather|SunnyDay|[from] ability: Drought|[of] p2a: Torkoal\n|move|p1b: Ursaluna|Facade|p2a: Torkoal\n|-damage|p2a: Torkoal|8\/100\n|move|p1a: Gholdengo|Shadow Ball|p2b: Annihilape\n|-supereffective|p2b: Annihilape\n|-damage|p2b: Annihilape|15\/100\n|move|p2b: Annihilape|Final Gambit|p1a: Gholdengo\n|-immune|p1a: Gholdengo\n|\n|-weather|SunnyDay|[upkeep]\n|-damage|p1b: Ursaluna|94\/100 brn|[from] brn\n|upkeep\n|turn|3\n|\n|t:|1732472541\n|switch|p1a: Pelipper|Pelipper, L50, F|100\/100\n|-weather|RainDance|[from] ability: Drizzle|[of] p1a: Pelipper\n|switch|p2b: Oranguru|Oranguru, L50, M|68\/100\n|move|p2a: Torkoal|Heat Wave|p1a: Pelipper|[spread] p1a,p1b\n|-resisted|p1a: Pelipper\n|-damage|p1a: Pelipper|87\/100\n|-damage|p1b: Ursaluna|80\/100 brn\n|move|p1b: Ursaluna|Earthquake|p2a: Torkoal|[spread] p2a,p2b\n|-immune|p1a: Pelipper\n|-supereffective|p2a: Torkoal\n|-damage|p2a: Torkoal|0 fnt\n|-damage|p2b: Oranguru|19\/100\n|faint|p2a: Torkoal\n|\n|-weather|RainDance|[upkeep]\n|-damage|p1b: Ursaluna|73\/100 brn|[from] brn\n|upkeep\n|\n|t:|1732472549\n|switch|p2a: Sylveon|Sylveon, L50, F|100\/100\n|turn|4\n|\n|t:|1732472566\n|-terastallize|p2a: Sylveon|Fairy\n|move|p1b: Ursaluna|Protect|p1b: Ursaluna\n|-singleturn|p1b: Ursaluna|Protect\n|move|p1a: Pelipper|Protect|p1a: Pelipper\n|-singleturn|p1a: Pelipper|Protect\n|move|p2a: Sylveon|Moonblast|p1b: Ursaluna\n|-activate|p1b: Ursaluna|move: Protect\n|move|p2b: Oranguru|Instruct|p2a: Sylveon\n|-singleturn|p2a: Sylveon|move: Instruct|[of] p2b: Oranguru\n|move|p2a: Sylveon|Moonblast|p1b: Ursaluna\n|-activate|p1b: Ursaluna|move: Protect\n|\n|-weather|RainDance|[upkeep]\n|-damage|p1b: Ursaluna|67\/100 brn|[from] brn\n|upkeep\n|turn|5\n|inactive|PirateRoberts77 has 30 seconds left.\n|\n|t:|1732472591\n|switch|p1b: Gholdengo|Gholdengo, L50|100\/100\n|switch|p1a: Archaludon|Archaludon, L50, M|100\/100\n|move|p2a: Sylveon|Moonblast|p1a: Archaludon\n|-damage|p1a: Archaludon|40\/100\n|-ability|p1a: Archaludon|Stamina|boost\n|-boost|p1a: Archaludon|def|1\n|move|p2b: Oranguru|Instruct|p2a: Sylveon\n|-singleturn|p2a: Sylveon|move: Instruct|[of] p2b: Oranguru\n|move|p2a: Sylveon|Moonblast|p1a: Archaludon\n|-damage|p1a: Archaludon|0 fnt\n|faint|p1a: Archaludon\n|\n|-weather|RainDance|[upkeep]\n|-fieldend|move: Trick Room\n|upkeep\n|\n|t:|1732472612\n|switch|p1a: Ursaluna|Ursaluna, L50, M, tera:Ghost|67\/100 brn\n|turn|6\n|\n|t:|1732472630\n|move|p1b: Gholdengo|Make It Rain|p2b: Oranguru|[spread] p2a,p2b\n|-supereffective|p2a: Sylveon\n|-damage|p2a: Sylveon|15\/100\n|-damage|p2b: Oranguru|0 fnt\n|-unboost|p1b: Gholdengo|spa|1\n|faint|p2b: Oranguru\n|move|p1a: Ursaluna|Facade|p2a: Sylveon\n|-damage|p2a: Sylveon|0 fnt\n|faint|p2a: Sylveon\n|\n|-weather|RainDance|[upkeep]\n|-damage|p1a: Ursaluna|61\/100 brn|[from] brn\n|upkeep\n|-message|PirateRoberts77 forfeited.\n|\n|win|Iced Meow\n|raw|Iced Meow's rating: 1653 &rarr; <strong>1678<\/strong><br \/>(+25 for winning)\n|raw|PirateRoberts77's rating: 1739 &rarr; <strong>1714<\/strong><br \/>(-25 for losing)\n|l|\u2606PirateRoberts77\n|player|p2|\n|l| TheMimikiu\n","uploadtime":1732472648,"views":31,"formatid":"gen9vgc2024regh","rating":1678,"private":0,"password":null}