{"id":"gen9vgc2024regh-2250599061","format":"[Gen 9] VGC 2024 Reg H","players":["Nivles","rainha678"],"log":"|j|\u2606Nivles\n|j|\u2606rainha678\n|t:|1732517641\n|gametype|doubles\n|player|p1|Nivles|266|1761\n|player|p2|rainha678|1|1652\n|teamsize|p1|6\n|teamsize|p2|6\n|gen|9\n|tier|[Gen 9] VGC 2024 Reg H\n|rated|\n|rule|Species Clause: Limit one of each Pok\u00e9mon\n|rule|Item Clause: Limit 1 of each item\n|clearpoke\n|poke|p1|Sneasler, L50, M|\n|poke|p1|Ursaluna-Bloodmoon, L50, M|\n|poke|p1|Incineroar, L50, F|\n|poke|p1|Gholdengo, L50|\n|poke|p1|Rillaboom, L50, F|\n|poke|p1|Dragonite, L50, F|\n|poke|p2|Mimikyu, L50, F|\n|poke|p2|Meowscarada, L50, F|\n|poke|p2|Sneasler, L50, F|\n|poke|p2|Indeedee-F, L50, F|\n|poke|p2|Armarouge, L50, F|\n|poke|p2|Ursaluna-Bloodmoon, L50, M|\n|teampreview|4\n|inactive|Battle timer is ON: inactive players will automatically lose when time's up. (requested by Nivles)\n|inactive|Nivles has 60 seconds left.\n|\n|t:|1732517705\n|start\n|switch|p1a: Gholdengo|Gholdengo, L50, shiny|100\/100\n|switch|p1b: Incineroar|Incineroar, L50, F, shiny|100\/100\n|switch|p2a: Indeedee|Indeedee-F, L50, F, shiny|100\/100\n|switch|p2b: Armarouge|Armarouge, L50, F|100\/100\n|-fieldstart|move: Psychic Terrain|[from] ability: Psychic Surge|[of] p2a: Indeedee\n|-ability|p1b: Incineroar|Intimidate|boost\n|-unboost|p2a: Indeedee|atk|1\n|-unboost|p2b: Armarouge|atk|1\n|turn|1\n|\n|t:|1732517722\n|switch|p1b: Rillaboom|Rillaboom, L50, F, shiny|100\/100\n|-fieldstart|move: Grassy Terrain|[from] ability: Grassy Surge|[of] p1b: Rillaboom\n|-terastallize|p1a: Gholdengo|Water\n|move|p2a: Indeedee|Follow Me|p2a: Indeedee\n|-singleturn|p2a: Indeedee|move: Follow Me\n|move|p1a: Gholdengo|Nasty Plot|p1a: Gholdengo\n|-boost|p1a: Gholdengo|spa|2\n|move|p2b: Armarouge|Meteor Beam||[still]\n|-prepare|p2b: Armarouge|Meteor Beam\n|-boost|p2b: Armarouge|spa|1\n|-enditem|p2b: Armarouge|Power Herb\n|-anim|p2b: Armarouge|Meteor Beam|p1b: Rillaboom|[miss]\n|-miss|p2b: Armarouge|p1b: Rillaboom\n|\n|upkeep\n|turn|2\n|inactive|rainha678 has 30 seconds left.\n|\n|t:|1732517751\n|move|p2b: Armarouge|Protect|p2b: Armarouge\n|-singleturn|p2b: Armarouge|Protect\n|move|p1a: Gholdengo|Make It Rain|p2a: Indeedee|[spread] p2a\n|-activate|p2b: Armarouge|move: Protect\n|-damage|p2a: Indeedee|0 fnt\n|-unboost|p1a: Gholdengo|spa|1\n|faint|p2a: Indeedee\n|-damage|p1a: Gholdengo|91\/100|[from] item: Life Orb\n|move|p1b: Rillaboom|High Horsepower|p2b: Armarouge\n|-activate|p2b: Armarouge|move: Protect\n|\n|-heal|p1a: Gholdengo|97\/100|[from] Grassy Terrain\n|upkeep\n|\n|t:|1732517767\n|switch|p2a: Meowscarada|Meowscarada, L50, F|100\/100\n|turn|3\n|inactive|Nivles has 30 seconds left.\n|\n|t:|1732517796\n|switch|p1b: Incineroar|Incineroar, L50, F, shiny|100\/100\n|-ability|p1b: Incineroar|Intimidate|boost\n|-unboost|p2a: Meowscarada|atk|1\n|-unboost|p2b: Armarouge|atk|1\n|-terastallize|p2a: Meowscarada|Grass\n|move|p2a: Meowscarada|Petal Blizzard|p1b: Incineroar|[spread] p2b,p1a,p1b\n|-resisted|p2b: Armarouge\n|-supereffective|p1a: Gholdengo\n|-resisted|p1b: Incineroar\n|-damage|p2b: Armarouge|83\/100\n|-damage|p1a: Gholdengo|11\/100\n|-damage|p1b: Incineroar|84\/100\n|-ability|p2b: Armarouge|Weak Armor|boost\n|-unboost|p2b: Armarouge|def|1\n|-boost|p2b: Armarouge|spe|2\n|move|p2b: Armarouge|Heat Wave|p1a: Gholdengo|[spread] p1a,p1b\n|-resisted|p1a: Gholdengo\n|-resisted|p1b: Incineroar\n|-damage|p1a: Gholdengo|0 fnt\n|-damage|p1b: Incineroar|61\/100\n|faint|p1a: Gholdengo\n|\n|-heal|p2b: Armarouge|89\/100|[from] Grassy Terrain\n|-heal|p1b: Incineroar|67\/100|[from] Grassy Terrain\n|upkeep\n|\n|t:|1732517816\n|switch|p1a: Rillaboom|Rillaboom, L50, F, shiny|100\/100\n|turn|4\n|\n|t:|1732517834\n|switch|p2a: Sneasler|Sneasler, L50, F, shiny|100\/100\n|move|p2b: Armarouge|Protect|p2b: Armarouge\n|-singleturn|p2b: Armarouge|Protect\n|move|p1a: Rillaboom|Fake Out|p2a: Sneasler\n|-damage|p2a: Sneasler|75\/100\n|move|p1b: Incineroar|Flare Blitz|p2a: Sneasler\n|-damage|p2a: Sneasler|0 fnt\n|faint|p2a: Sneasler\n|-damage|p1b: Incineroar|48\/100|[from] Recoil\n|\n|-heal|p2b: Armarouge|95\/100|[from] Grassy Terrain\n|-heal|p1b: Incineroar|53\/100|[from] Grassy Terrain\n|upkeep\n|\n|t:|1732517849\n|switch|p2a: Meowscarada|Meowscarada, L50, F, tera:Grass|100\/100\n|turn|5\n|\n|t:|1732517861\n|move|p2b: Armarouge|Heat Wave|p1a: Rillaboom|[spread] p1b\n|-miss|p2b: Armarouge|p1a: Rillaboom\n|-resisted|p1b: Incineroar\n|-damage|p1b: Incineroar|28\/100\n|move|p2a: Meowscarada|Flower Trick|p1b: Incineroar\n|-resisted|p1b: Incineroar\n|-crit|p1b: Incineroar\n|-damage|p1b: Incineroar|0 fnt\n|faint|p1b: Incineroar\n|move|p1a: Rillaboom|High Horsepower|p2b: Armarouge\n|-supereffective|p2b: Armarouge\n|-damage|p2b: Armarouge|2\/100\n|-ability|p2b: Armarouge|Weak Armor|boost\n|-unboost|p2b: Armarouge|def|1\n|-boost|p2b: Armarouge|spe|2\n|\n|-heal|p2b: Armarouge|8\/100|[from] Grassy Terrain\n|-fieldend|move: Grassy Terrain\n|upkeep\n|\n|t:|1732517876\n|switch|p1b: Sneasler|Sneasler, L50, M, shiny|100\/100\n|turn|6\n|\n|t:|1732517885\n|move|p2b: Armarouge|Protect|p2b: Armarouge\n|-singleturn|p2b: Armarouge|Protect\n|move|p2a: Meowscarada|Protect|p2a: Meowscarada\n|-singleturn|p2a: Meowscarada|Protect\n|move|p1b: Sneasler|Dire Claw|p2a: Meowscarada\n|-activate|p2a: Meowscarada|move: Protect\n|move|p1a: Rillaboom|Wood Hammer|p2a: Meowscarada\n|-activate|p2a: Meowscarada|move: Protect\n|\n|upkeep\n|turn|7\n|\n|t:|1732517904\n|move|p2b: Armarouge|Heat Wave|p1b: Sneasler|[spread] p1a,p1b\n|-supereffective|p1a: Rillaboom\n|-crit|p1a: Rillaboom\n|-crit|p1b: Sneasler\n|-damage|p1a: Rillaboom|0 fnt\n|-enditem|p1b: Sneasler|Focus Sash\n|-damage|p1b: Sneasler|1\/100\n|-status|p1b: Sneasler|brn\n|faint|p1a: Rillaboom\n|move|p2a: Meowscarada|Flower Trick|p1b: Sneasler\n|-resisted|p1b: Sneasler\n|-crit|p1b: Sneasler\n|-damage|p1b: Sneasler|0 fnt\n|faint|p1b: Sneasler\n|\n|win|rainha678\n|raw|Nivles's rating: 1761 &rarr; <strong>1735<\/strong><br \/>(-26 for losing)\n|raw|rainha678's rating: 1652 &rarr; <strong>1678<\/strong><br \/>(+26 for winning)\n|l|\u2606rainha678\n|player|p2|\n|l|\u2606Nivles\n|player|p1|\n","uploadtime":1732518056,"views":9,"formatid":"gen9vgc2024regh","rating":1678,"private":0,"password":null}