{"id":"gen9vgc2024regh-2250786547","format":"[Gen 9] VGC 2024 Reg H","players":["testy accounty 2","Spottedwoot"],"log":"|j|\u2606testy accounty 2\n|j|\u2606Spottedwoot\n|t:|1732547226\n|gametype|doubles\n|player|p1|testy accounty 2|1|1752\n|player|p2|Spottedwoot|266|1770\n|teamsize|p1|6\n|teamsize|p2|6\n|gen|9\n|tier|[Gen 9] VGC 2024 Reg H\n|rated|\n|rule|Species Clause: Limit one of each Pok\u00e9mon\n|rule|Item Clause: Limit 1 of each item\n|clearpoke\n|poke|p1|Pelipper, L50, M|\n|poke|p1|Archaludon, L50, F|\n|poke|p1|Sneasler, L50, M|\n|poke|p1|Dragonite, L50, F|\n|poke|p1|Basculegion, L50, M|\n|poke|p1|Rillaboom, L50, F|\n|poke|p2|Pelipper, L50, M|\n|poke|p2|Archaludon, L50, F|\n|poke|p2|Gholdengo, L50|\n|poke|p2|Basculegion, L50, M|\n|poke|p2|Rillaboom, L50, F|\n|poke|p2|Sneasler, L50, M|\n|teampreview|4\n|\n|t:|1732547262\n|start\n|switch|p1a: Hephetus|Archaludon, L50, F|100\/100\n|switch|p1b: Ceasar|Rillaboom, L50, F|100\/100\n|switch|p2a: Pelipper|Pelipper, L50, M|100\/100\n|switch|p2b: Archaludon|Archaludon, L50, F, shiny|100\/100\n|-weather|RainDance|[from] ability: Drizzle|[of] p2a: Pelipper\n|-fieldstart|move: Grassy Terrain|[from] ability: Grassy Surge|[of] p1b: Ceasar\n|turn|1\n|\n|t:|1732547285\n|move|p2a: Pelipper|Hurricane|p1b: Ceasar\n|-supereffective|p1b: Ceasar\n|-damage|p1b: Ceasar|7\/100\n|move|p2b: Archaludon|Electro Shot||[still]\n|-prepare|p2b: Archaludon|Electro Shot\n|-boost|p2b: Archaludon|spa|1\n|-anim|p2b: Archaludon|Electro Shot|p1b: Ceasar\n|-resisted|p1b: Ceasar\n|-damage|p1b: Ceasar|0 fnt\n|faint|p1b: Ceasar\n|move|p1a: Hephetus|Body Press|p2b: Archaludon\n|-supereffective|p2b: Archaludon\n|-damage|p2b: Archaludon|60\/100\n|-ability|p2b: Archaludon|Stamina|boost\n|-boost|p2b: Archaludon|def|1\n|\n|-weather|RainDance|[upkeep]\n|-heal|p2b: Archaludon|66\/100|[from] Grassy Terrain\n|upkeep\n|\n|t:|1732547307\n|switch|p1b: Hermes|Sneasler, L50, M|100\/100\n|-enditem|p1b: Hermes|Grassy Seed\n|-boost|p1b: Hermes|def|1|[from] item: Grassy Seed\n|turn|2\n|inactive|Battle timer is ON: inactive players will automatically lose when time's up. (requested by Spottedwoot)\n|\n|t:|1732547335\n|-terastallize|p2b: Archaludon|Fairy\n|move|p1b: Hermes|Protect|p1b: Hermes\n|-singleturn|p1b: Hermes|Protect\n|move|p2a: Pelipper|Hurricane|p1b: Hermes\n|-activate|p1b: Hermes|move: Protect\n|move|p2b: Archaludon|Draco Meteor|p1a: Hephetus\n|-damage|p1a: Hephetus|18\/100\n|-unboost|p2b: Archaludon|spa|2\n|-ability|p1a: Hephetus|Stamina|boost\n|-boost|p1a: Hephetus|def|1\n|move|p1a: Hephetus|Body Press|p2b: Archaludon\n|-resisted|p2b: Archaludon\n|-damage|p2b: Archaludon|57\/100\n|-ability|p2b: Archaludon|Stamina|boost\n|-boost|p2b: Archaludon|def|1\n|\n|-weather|RainDance|[upkeep]\n|-heal|p2b: Archaludon|63\/100|[from] Grassy Terrain\n|-heal|p1a: Hephetus|24\/100|[from] Grassy Terrain\n|upkeep\n|turn|3\n|inactive|testy accounty 2 has 30 seconds left.\n|\n|t:|1732547361\n|-terastallize|p1b: Hermes|Dark\n|move|p1b: Hermes|Dire Claw|p2b: Archaludon\n|-supereffective|p2b: Archaludon\n|-damage|p2b: Archaludon|26\/100\n|-ability|p2b: Archaludon|Stamina|boost\n|-boost|p2b: Archaludon|def|1\n|move|p2a: Pelipper|Hurricane|p1b: Hermes\n|-damage|p1b: Hermes|37\/100\n|-start|p1b: Hermes|confusion\n|move|p2b: Archaludon|Body Press|p1a: Hephetus\n|-supereffective|p1a: Hephetus\n|-damage|p1a: Hephetus|0 fnt\n|faint|p1a: Hephetus\n|\n|-weather|RainDance|[upkeep]\n|-heal|p1b: Hermes|43\/100|[from] Grassy Terrain\n|-heal|p2b: Archaludon|32\/100|[from] Grassy Terrain\n|upkeep\n|\n|t:|1732547370\n|switch|p1a: Posiden|Pelipper, L50, M|100\/100\n|turn|4\n|\n|t:|1732547381\n|-activate|p1b: Hermes|confusion\n|move|p1b: Hermes|Dire Claw|p2b: Archaludon\n|-supereffective|p2b: Archaludon\n|-damage|p2b: Archaludon|4\/100\n|-status|p2b: Archaludon|par\n|-ability|p2b: Archaludon|Stamina|boost\n|-boost|p2b: Archaludon|def|1\n|move|p2a: Pelipper|Hurricane|p1b: Hermes\n|-damage|p1b: Hermes|0 fnt\n|faint|p1b: Hermes\n|move|p1a: Posiden|Hurricane|p2a: Pelipper\n|-damage|p2a: Pelipper|31\/100\n|-start|p2a: Pelipper|confusion\n|move|p2b: Archaludon|Electro Shot||[still]\n|-prepare|p2b: Archaludon|Electro Shot\n|-boost|p2b: Archaludon|spa|1\n|-anim|p2b: Archaludon|Electro Shot|p1a: Posiden\n|-supereffective|p1a: Posiden\n|-enditem|p1a: Posiden|Focus Sash\n|-damage|p1a: Posiden|1\/100\n|\n|-weather|RainDance|[upkeep]\n|-heal|p2b: Archaludon|10\/100 par|[from] Grassy Terrain\n|upkeep\n|turn|5\n|-message|testy accounty 2 forfeited.\n|\n|win|Spottedwoot\n|raw|testy accounty 2's rating: 1752 &rarr; <strong>1733<\/strong><br \/>(-19 for losing)\n|raw|Spottedwoot's rating: 1770 &rarr; <strong>1789<\/strong><br \/>(+19 for winning)\n|l|\u2606testy accounty 2\n|player|p1|\n","uploadtime":1732547397,"views":115,"formatid":"gen9vgc2024regh","rating":1733,"private":0,"password":null}