{"id":"gen9vgc2024regh-2250119744","format":"[Gen 9] VGC 2024 Reg H","players":["lichuweijixi","Bobthunder_test"],"log":"|j|\u2606lichuweijixi\n|j|\u2606Bobthunder_test\n|t:|1732454384\n|gametype|doubles\n|player|p1|lichuweijixi|170|1690\n|player|p2|Bobthunder_test|linebacker|1650\n|teamsize|p1|6\n|teamsize|p2|6\n|gen|9\n|tier|[Gen 9] VGC 2024 Reg H\n|rated|\n|rule|Species Clause: Limit one of each Pok\u00e9mon\n|rule|Item Clause: Limit 1 of each item\n|clearpoke\n|poke|p1|Rillaboom, L50, M|\n|poke|p1|Dragonite, L50, M|\n|poke|p1|Gholdengo, L50|\n|poke|p1|Kingambit, L50, M|\n|poke|p1|Sneasler, L50, F|\n|poke|p1|Dondozo, L50, F|\n|poke|p2|Hydreigon, L50, F|\n|poke|p2|Gholdengo, L50|\n|poke|p2|Grimmsnarl, L50, M|\n|poke|p2|Dragonite, L50, F|\n|poke|p2|Corviknight, L50, M|\n|poke|p2|Garchomp, L50, F|\n|teampreview|4\nBobthunder_test rejected open team sheets.\n|inactive|Battle timer is ON: inactive players will automatically lose when time's up. (requested by lichuweijixi)\n|\n|t:|1732454446\n|start\n|switch|p1a: Sneasler|Sneasler, L50, F|100\/100\n|switch|p1b: Dragonite|Dragonite, L50, M, shiny|100\/100\n|switch|p2a: Grimmsnarl|Grimmsnarl, L50, M|100\/100\n|switch|p2b: Dragonite|Dragonite, L50, F, shiny|100\/100\n|turn|1\n|inactive|lichuweijixi has 30 seconds left.\n|\n|t:|1732454472\n|-terastallize|p2b: Dragonite|Normal\n|move|p1b: Dragonite|Protect|p1b: Dragonite\n|-singleturn|p1b: Dragonite|Protect\n|move|p2b: Dragonite|Extreme Speed|p1a: Sneasler\n|-enditem|p1a: Sneasler|Focus Sash\n|-damage|p1a: Sneasler|1\/100\n|move|p2a: Grimmsnarl|Reflect|p2a: Grimmsnarl\n|-sidestart|p2: Bobthunder_test|Reflect\n|move|p1a: Sneasler|Coaching|p1b: Dragonite\n|-boost|p1b: Dragonite|atk|1\n|-boost|p1b: Dragonite|def|1\n|\n|upkeep\n|turn|2\n|\n|t:|1732454496\n|switch|p1a: Kingambit|Kingambit, L50, M, shiny|100\/100\n|move|p2b: Dragonite|Extreme Speed|p1a: Kingambit\n|-resisted|p1a: Kingambit\n|-damage|p1a: Kingambit|73\/100\n|move|p2a: Grimmsnarl|Thunder Wave|p1b: Dragonite\n|-status|p1b: Dragonite|par\n|move|p1b: Dragonite|Scale Shot|p2b: Dragonite\n|-damage|p2b: Dragonite|85\/100\n|-damage|p2b: Dragonite|68\/100\n|-damage|p2b: Dragonite|50\/100\n|-damage|p2b: Dragonite|33\/100\n|-damage|p2b: Dragonite|16\/100\n|-hitcount|p2b: Dragonite|5\n|-unboost|p1b: Dragonite|def|1\n|-boost|p1b: Dragonite|spe|1\n|\n|upkeep\n|turn|3\n|inactive|lichuweijixi has 30 seconds left.\n|\n|t:|1732454525\n|switch|p2b: Corviknight|Corviknight, L50, M, shiny|100\/100\n|move|p1a: Kingambit|Iron Head|p2a: Grimmsnarl\n|-supereffective|p2a: Grimmsnarl\n|-damage|p2a: Grimmsnarl|33\/100\n|move|p1b: Dragonite|Scale Shot|p2b: Corviknight\n|-resisted|p2b: Corviknight\n|-crit|p2b: Corviknight\n|-damage|p2b: Corviknight|90\/100\n|-resisted|p2b: Corviknight\n|-damage|p2b: Corviknight|85\/100\n|-resisted|p2b: Corviknight\n|-damage|p2b: Corviknight|81\/100\n|-resisted|p2b: Corviknight\n|-damage|p2b: Corviknight|77\/100\n|-resisted|p2b: Corviknight\n|-damage|p2b: Corviknight|72\/100\n|-hitcount|p2b: Corviknight|5\n|-unboost|p1b: Dragonite|def|1\n|-boost|p1b: Dragonite|spe|1\n|cant|p2a: Grimmsnarl|flinch\n|\n|upkeep\n|turn|4\n|j| Te sang hyeok\n|inactive|lichuweijixi has 30 seconds left.\n|inactive|Bobthunder_test has 30 seconds left.\n|\n|t:|1732454553\n|move|p1b: Dragonite|Protect|p1b: Dragonite\n|-singleturn|p1b: Dragonite|Protect\n|move|p2a: Grimmsnarl|Light Screen|p2a: Grimmsnarl\n|-sidestart|p2: Bobthunder_test|move: Light Screen\n|move|p1a: Kingambit|Iron Head|p2a: Grimmsnarl\n|-supereffective|p2a: Grimmsnarl\n|-damage|p2a: Grimmsnarl|0 fnt\n|faint|p2a: Grimmsnarl\n|move|p2b: Corviknight|Iron Defense|p2b: Corviknight\n|-boost|p2b: Corviknight|def|2\n|\n|upkeep\n|l| Te sang hyeok\n|inactive|Bobthunder_test has 30 seconds left.\n|\n|t:|1732454583\n|switch|p2a: Garchomp|Garchomp, L50, F|100\/100\n|turn|5\n|\n|t:|1732454603\n|-terastallize|p1a: Kingambit|Flying\n|move|p2a: Garchomp|Rock Slide|p1a: Kingambit|[spread] p1a,p1b\n|-supereffective|p1a: Kingambit\n|-supereffective|p1b: Dragonite\n|-damage|p1a: Kingambit|33\/100\n|-damage|p1b: Dragonite|56\/100 par\n|-damage|p2a: Garchomp|91\/100|[from] item: Life Orb\n|cant|p1b: Dragonite|flinch\n|move|p1a: Kingambit|Kowtow Cleave|p2a: Garchomp\n|-damage|p2a: Garchomp|58\/100\n|-damage|p1a: Kingambit|21\/100|[from] ability: Rough Skin|[of] p2a: Garchomp\n|move|p2b: Corviknight|Body Press|p1b: Dragonite\n|-resisted|p1b: Dragonite\n|-damage|p1b: Dragonite|8\/100 par\n|\n|upkeep\n|turn|6\n|inactive|lichuweijixi has 30 seconds left.\n|inactive|Bobthunder_test has 30 seconds left.\n|\n|t:|1732454637\n|move|p1b: Dragonite|Extreme Speed|p2a: Garchomp\n|-damage|p2a: Garchomp|25\/100\n|-damage|p1b: Dragonite|0 fnt|[from] ability: Rough Skin|[of] p2a: Garchomp\n|faint|p1b: Dragonite\n|move|p1a: Kingambit|Sucker Punch|p2a: Garchomp\n|-damage|p2a: Garchomp|0 fnt\n|-damage|p1a: Kingambit|8\/100|[from] ability: Rough Skin|[of] p2a: Garchomp\n|faint|p2a: Garchomp\n|move|p2b: Corviknight|Body Press|p1a: Kingambit\n|-resisted|p1a: Kingambit\n|-damage|p1a: Kingambit|0 fnt\n|faint|p1a: Kingambit\n|\n|upkeep\n|\n|t:|1732454653\n|switch|p2a: Dragonite|Dragonite, L50, F, shiny, tera:Normal|16\/100\n|switch|p1b: Gholdengo|Gholdengo, L50, shiny|100\/100\n|switch|p1a: Sneasler|Sneasler, L50, F|1\/100\n|turn|7\n|\n|t:|1732454670\n|move|p1a: Sneasler|Protect|p1a: Sneasler\n|-singleturn|p1a: Sneasler|Protect\n|move|p1b: Gholdengo|Make It Rain|p2a: Dragonite|[spread] p2a,p2b\n|-resisted|p2b: Corviknight\n|-damage|p2a: Dragonite|0 fnt\n|-damage|p2b: Corviknight|56\/100\n|-unboost|p1b: Gholdengo|spa|1\n|faint|p2a: Dragonite\n|move|p2b: Corviknight|Body Press|p1a: Sneasler\n|-activate|p1a: Sneasler|move: Protect\n|\n|upkeep\n|turn|8\n|\n|t:|1732454686\n|move|p1b: Gholdengo|Make It Rain|p2b: Corviknight\n|-resisted|p2b: Corviknight\n|-damage|p2b: Corviknight|41\/100\n|-unboost|p1b: Gholdengo|spa|1\n|-enditem|p2b: Corviknight|Sitrus Berry|[eat]\n|-heal|p2b: Corviknight|66\/100|[from] item: Sitrus Berry\n|move|p1a: Sneasler|Close Combat|p2b: Corviknight\n|-damage|p2b: Corviknight|53\/100\n|-unboost|p1a: Sneasler|def|1\n|-unboost|p1a: Sneasler|spd|1\n|move|p2b: Corviknight|Body Press|p1a: Sneasler\n|-resisted|p1a: Sneasler\n|-damage|p1a: Sneasler|0 fnt\n|faint|p1a: Sneasler\n|\n|-sideend|p2: Bobthunder_test|Reflect\n|upkeep\n|turn|9\n|\n|t:|1732454706\n|move|p2b: Corviknight|Protect|p2b: Corviknight\n|-singleturn|p2b: Corviknight|Protect\n|move|p1b: Gholdengo|Make It Rain|p2b: Corviknight\n|-activate|p2b: Corviknight|move: Protect\n|\n|upkeep\n|turn|10\n|\n|t:|1732454714\n|move|p1b: Gholdengo|Make It Rain|p2b: Corviknight\n|-resisted|p2b: Corviknight\n|-damage|p2b: Corviknight|42\/100\n|-unboost|p1b: Gholdengo|spa|1\n|move|p2b: Corviknight|Roost|p2b: Corviknight\n|-heal|p2b: Corviknight|92\/100\n|-singleturn|p2b: Corviknight|move: Roost\n|\n|upkeep\n|turn|11\n|\n|t:|1732454724\n|move|p1b: Gholdengo|Make It Rain|p2b: Corviknight\n|-resisted|p2b: Corviknight\n|-damage|p2b: Corviknight|84\/100\n|-unboost|p1b: Gholdengo|spa|1\n|move|p2b: Corviknight|Iron Defense|p2b: Corviknight\n|-boost|p2b: Corviknight|def|2\n|\n|-sideend|p2: Bobthunder_test|move: Light Screen\n|upkeep\n|turn|12\n|\n|t:|1732454735\n|move|p2b: Corviknight|Protect|p2b: Corviknight\n|-singleturn|p2b: Corviknight|Protect\n|move|p1b: Gholdengo|Make It Rain|p2b: Corviknight\n|-activate|p2b: Corviknight|move: Protect\n|\n|upkeep\n|turn|13\n|\n|t:|1732454743\n|move|p1b: Gholdengo|Make It Rain|p2b: Corviknight\n|-resisted|p2b: Corviknight\n|-damage|p2b: Corviknight|74\/100\n|-unboost|p1b: Gholdengo|spa|1\n|move|p2b: Corviknight|Body Press|p1b: Gholdengo\n|-immune|p1b: Gholdengo\n|\n|upkeep\n|turn|14\n|\n|t:|1732454758\n|move|p1b: Gholdengo|Make It Rain|p2b: Corviknight\n|-resisted|p2b: Corviknight\n|-damage|p2b: Corviknight|65\/100\n|-unboost|p1b: Gholdengo|spa|1\n|move|p2b: Corviknight|Iron Defense|p2b: Corviknight\n|-boost|p2b: Corviknight|def|2\n|\n|upkeep\n|turn|15\n|-message|lichuweijixi forfeited.\n|\n|win|Bobthunder_test\n|raw|lichuweijixi's rating: 1690 &rarr; <strong>1668<\/strong><br \/>(-22 for losing)\n|raw|Bobthunder_test's rating: 1650 &rarr; <strong>1672<\/strong><br \/>(+22 for winning)\n|l|\u2606lichuweijixi\n|player|p1|\n|l|\u2606Bobthunder_test\n|player|p2|\n","uploadtime":1732454917,"views":6,"formatid":"gen9vgc2024regh","rating":1668,"private":0,"password":null}