{"id":"gen9vgc2024regh-2250125136","format":"[Gen 9] VGC 2024 Reg H","players":["sawawa256","VGCLTH ladderboy66"],"log":"|raw|<div class=\"broadcast-blue\"><strong>This battle is required to be public due to a player having a name starting with 'vgclth'.<\/div>\n|j|\u2606sawawa256\n|j|\u2606VGCLTH ladderboy66\n|t:|1732455273\n|gametype|doubles\n|player|p1|sawawa256|hilbert|1757\n|player|p2|VGCLTH ladderboy66|alec-anime|1735\n|teamsize|p1|6\n|teamsize|p2|6\n|gen|9\n|tier|[Gen 9] VGC 2024 Reg H\n|rated|\n|rule|Species Clause: Limit one of each Pok\u00e9mon\n|rule|Item Clause: Limit 1 of each item\n|clearpoke\n|poke|p1|Rillaboom, L50, M|\n|poke|p1|Gholdengo, L50|\n|poke|p1|Maushold-Four, L50|\n|poke|p1|Dragonite, L50, M|\n|poke|p1|Garchomp, L50, M|\n|poke|p1|Sneasler, L50, F|\n|poke|p2|Archaludon, L50, F|\n|poke|p2|Whimsicott, L50, M|\n|poke|p2|Pelipper, L50, M|\n|poke|p2|Basculegion, L50, M|\n|poke|p2|Gholdengo, L50|\n|poke|p2|Rillaboom, L50, M|\n|teampreview|4\n|inactive|Battle timer is ON: inactive players will automatically lose when time's up. (requested by sawawa256)\nVGCLTH ladderboy66 has agreed to open team sheets.\n|inactive|VGCLTH ladderboy66 has 60 seconds left.\n|j| viaan\n|inactive|VGCLTH ladderboy66 has 30 seconds left.\n|\n|t:|1732455344\n|start\n|switch|p1a: Gholdengo|Gholdengo, L50|100\/100\n|switch|p1b: Maushold|Maushold-Four, L50|100\/100\n|switch|p2a: Archaludon|Archaludon, L50, F|100\/100\n|switch|p2b: Rillaboom|Rillaboom, L50, M|100\/100\n|-fieldstart|move: Grassy Terrain|[from] ability: Grassy Surge|[of] p2b: Rillaboom\n|turn|1\n|\n|t:|1732455363\n|move|p1b: Maushold|Super Fang|p2a: Archaludon\n|-damage|p2a: Archaludon|51\/100\n|-ability|p2a: Archaludon|Stamina|boost\n|-boost|p2a: Archaludon|def|1\n|move|p1a: Gholdengo|Shadow Ball|p2a: Archaludon\n|-damage|p2a: Archaludon|2\/100\n|-ability|p2a: Archaludon|Stamina|boost\n|-boost|p2a: Archaludon|def|1\n|move|p2b: Rillaboom|Wood Hammer|p1a: Gholdengo\n|-resisted|p1a: Gholdengo\n|-damage|p1a: Gholdengo|64\/100\n|-damage|p2b: Rillaboom|89\/100|[from] Recoil\n|move|p2a: Archaludon|Snarl|p1b: Maushold|[spread] p1b\n|-miss|p2a: Archaludon|p1a: Gholdengo\n|-crit|p1b: Maushold\n|-damage|p1b: Maushold|76\/100\n|-unboost|p1b: Maushold|spa|1\n|\n|-heal|p1b: Maushold|82\/100|[from] Grassy Terrain\n|-heal|p1a: Gholdengo|70\/100|[from] Grassy Terrain\n|-heal|p2b: Rillaboom|95\/100|[from] Grassy Terrain\n|-heal|p2a: Archaludon|8\/100|[from] Grassy Terrain\n|upkeep\n|turn|2\n|inactive|VGCLTH ladderboy66 has 30 seconds left.\n|\n|t:|1732455397\n|move|p1b: Maushold|Super Fang|p2b: Rillaboom\n|-damage|p2b: Rillaboom|48\/100\n|move|p1a: Gholdengo|Shadow Ball|p2a: Archaludon\n|-damage|p2a: Archaludon|0 fnt\n|faint|p2a: Archaludon\n|move|p2b: Rillaboom|Wood Hammer|p1b: Maushold\n|-damage|p1b: Maushold|0 fnt\n|-damage|p2b: Rillaboom|32\/100|[from] item: Rocky Helmet|[of] p1b: Maushold\n|faint|p1b: Maushold\n|-damage|p2b: Rillaboom|4\/100|[from] Recoil\n|\n|-heal|p1a: Gholdengo|76\/100|[from] Grassy Terrain\n|-heal|p2b: Rillaboom|11\/100|[from] Grassy Terrain\n|upkeep\n|j| winterbreak\n|inactive|VGCLTH ladderboy66 has 30 seconds left.\n|inactive|VGCLTH ladderboy66 has 20 seconds left.\n|inactive|VGCLTH ladderboy66 has 15 seconds left.\n|\n|t:|1732455437\n|switch|p1b: Dragonite|Dragonite, L50, M|100\/100\n|switch|p2a: Gholdengo|Gholdengo, L50|100\/100\n|turn|3\n|\n|t:|1732455452\n|move|p1b: Dragonite|Extreme Speed|p2b: Rillaboom\n|-damage|p2b: Rillaboom|0 fnt\n|faint|p2b: Rillaboom\n|move|p2a: Gholdengo|Shadow Ball|p1a: Gholdengo\n|-supereffective|p1a: Gholdengo\n|-damage|p1a: Gholdengo|0 fnt\n|faint|p1a: Gholdengo\n|\n|upkeep\n|\n|t:|1732455461\n|switch|p1a: Sneasler|Sneasler, L50, F|100\/100\n|switch|p2b: Pelipper|Pelipper, L50, M|100\/100\n|-weather|RainDance|[from] ability: Drizzle|[of] p2b: Pelipper\n|turn|4\n|\n|t:|1732455475\n|-terastallize|p1a: Sneasler|Dark\n|-terastallize|p2b: Pelipper|Ghost\n|move|p1a: Sneasler|Throat Chop|p2a: Gholdengo\n|-supereffective|p2a: Gholdengo\n|-damage|p2a: Gholdengo|0 fnt\n|faint|p2a: Gholdengo\n|move|p1b: Dragonite|Scale Shot|p2b: Pelipper\n|-damage|p2b: Pelipper|82\/100\n|-damage|p2b: Pelipper|66\/100\n|-damage|p2b: Pelipper|48\/100\n|-damage|p2b: Pelipper|29\/100\n|-hitcount|p2b: Pelipper|4\n|-unboost|p1b: Dragonite|def|1\n|-boost|p1b: Dragonite|spe|1\n|move|p2b: Pelipper|Hurricane|p1b: Dragonite\n|-damage|p1b: Dragonite|66\/100\n|-damage|p2b: Pelipper|19\/100|[from] item: Life Orb\n|\n|-weather|RainDance|[upkeep]\n|-heal|p2b: Pelipper|25\/100|[from] Grassy Terrain\n|upkeep\n|turn|5\n|-message|VGCLTH ladderboy66 forfeited.\n|\n|win|sawawa256\n|raw|sawawa256's rating: 1757 &rarr; <strong>1776<\/strong><br \/>(+19 for winning)\n|raw|VGCLTH ladderboy66's rating: 1735 &rarr; <strong>1716<\/strong><br \/>(-19 for losing)\n|l|\u2606VGCLTH ladderboy66\n|player|p2|\n|l| winterbreak\n","uploadtime":1732455753,"views":6,"formatid":"gen9vgc2024regh","rating":1716,"private":0,"password":null}