{"id":"gen9vgc2024regh-2250570625","format":"[Gen 9] VGC 2024 Reg H","players":["badpiplupvgc","TheDecommissioner"],"log":"|j|\u2606badpiplupvgc\n|j|\u2606TheDecommissioner\n|t:|1732512167\n|gametype|doubles\n|player|p1|badpiplupvgc|2|1735\n|player|p2|TheDecommissioner|preschooler|1696\n|teamsize|p1|6\n|teamsize|p2|6\n|gen|9\n|tier|[Gen 9] VGC 2024 Reg H\n|rated|\n|rule|Species Clause: Limit one of each Pok\u00e9mon\n|rule|Item Clause: Limit 1 of each item\n|clearpoke\n|poke|p1|Tyranitar, L50, M|\n|poke|p1|Excadrill, L50, F|\n|poke|p1|Indeedee-F, L50, F|\n|poke|p1|Armarouge, L50, F|\n|poke|p1|Sneasler, L50, M|\n|poke|p1|Milotic, L50, M|\n|poke|p2|Indeedee-F, L50, F|\n|poke|p2|Torkoal, L50, F|\n|poke|p2|Kleavor, L50, F|\n|poke|p2|Lilligant-Hisui, L50, F|\n|poke|p2|Archaludon, L50, F|\n|poke|p2|Corviknight, L50, F|\n|teampreview|4\n|inactive|Battle timer is ON: inactive players will automatically lose when time's up. (requested by TheDecommissioner)\n|\n|t:|1732512197\n|start\n|switch|p1a: Indeedee|Indeedee-F, L50, F|100\/100\n|switch|p1b: Armarouge|Armarouge, L50, F, shiny|100\/100\n|switch|p2a: Lilligant|Lilligant-Hisui, L50, F|100\/100\n|switch|p2b: Kleavor|Kleavor, L50, F|100\/100\n|-fieldstart|move: Psychic Terrain|[from] ability: Psychic Surge|[of] p1a: Indeedee\n|turn|1\n|\n|t:|1732512209\n|-terastallize|p2b: Kleavor|Dark\n|move|p1a: Indeedee|Follow Me|p1a: Indeedee\n|-singleturn|p1a: Indeedee|move: Follow Me\n|move|p2b: Kleavor|X-Scissor|p1a: Indeedee\n|-supereffective|p1a: Indeedee\n|-damage|p1a: Indeedee|0 fnt\n|faint|p1a: Indeedee\n|move|p2a: Lilligant|Sleep Powder|p1b: Armarouge\n|-status|p1b: Armarouge|slp|[from] move: Sleep Powder\n|cant|p1b: Armarouge|slp\n|\n|upkeep\n|\n|t:|1732512221\n|switch|p1a: Sneasler|Sneasler, L50, M|100\/100\n|-enditem|p1a: Sneasler|Psychic Seed\n|-boost|p1a: Sneasler|spd|1|[from] item: Psychic Seed\n|turn|2\n|\n|t:|1732512238\n|move|p1a: Sneasler|Close Combat|p2b: Kleavor\n|-supereffective|p2b: Kleavor\n|-damage|p2b: Kleavor|0 fnt\n|-unboost|p1a: Sneasler|def|1\n|-unboost|p1a: Sneasler|spd|1\n|faint|p2b: Kleavor\n|move|p2a: Lilligant|Sleep Powder|p1a: Sneasler\n|-status|p1a: Sneasler|slp|[from] move: Sleep Powder\n|cant|p1b: Armarouge|slp\n|\n|upkeep\n|\n|t:|1732512255\n|switch|p2b: Indeedee|Indeedee-F, L50, F|100\/100\n|-enditem|p2b: Indeedee|Psychic Seed\n|-boost|p2b: Indeedee|spd|1|[from] item: Psychic Seed\n|turn|3\n|\n|t:|1732512272\n|cant|p1a: Sneasler|slp\n|move|p2a: Lilligant|Axe Kick|p1b: Armarouge\n|-resisted|p1b: Armarouge\n|-damage|p1b: Armarouge|69\/100 slp\n|cant|p1b: Armarouge|slp\n|move|p2b: Indeedee|Trick Room|p2b: Indeedee\n|-fieldstart|move: Trick Room|[of] p2b: Indeedee\n|\n|upkeep\n|turn|4\n|inactive|TheDecommissioner has 30 seconds left.\n|\n|t:|1732512299\n|switch|p1a: Tyranitar|Tyranitar, L50, M, shiny|100\/100\n|-weather|Sandstorm|[from] ability: Sand Stream|[of] p1a: Tyranitar\n|move|p2b: Indeedee|Psychic|p1a: Tyranitar\n|-immune|p1a: Tyranitar\n|-curestatus|p1b: Armarouge|slp|[msg]\n|move|p1b: Armarouge|Expanding Force|p2b: Indeedee|[spread] p2a,p2b\n|-supereffective|p2a: Lilligant\n|-resisted|p2b: Indeedee\n|-damage|p2a: Lilligant|0 fnt\n|-damage|p2b: Indeedee|77\/100\n|faint|p2a: Lilligant\n|\n|-weather|Sandstorm|[upkeep]\n|-damage|p2b: Indeedee|71\/100|[from] Sandstorm\n|-damage|p1b: Armarouge|63\/100|[from] Sandstorm\n|upkeep\n|\n|t:|1732512301\n|switch|p2a: Archaludon|Archaludon, L50, F|100\/100\n|turn|5\n|inactive|badpiplupvgc has 30 seconds left.\n|\n|t:|1732512333\n|-terastallize|p1a: Tyranitar|Flying\n|move|p1b: Armarouge|Protect|p1b: Armarouge\n|-singleturn|p1b: Armarouge|Protect\n|move|p2a: Archaludon|Dragon Pulse|p1b: Armarouge\n|-activate|p1b: Armarouge|move: Protect\n|move|p2b: Indeedee|Psychic|p1b: Armarouge\n|-activate|p1b: Armarouge|move: Protect\n|move|p1a: Tyranitar|Knock Off|p2b: Indeedee\n|-supereffective|p2b: Indeedee\n|-damage|p2b: Indeedee|0 fnt\n|faint|p2b: Indeedee\n|\n|-weather|Sandstorm|[upkeep]\n|-damage|p1a: Tyranitar|95\/100|[from] Sandstorm\n|-damage|p1b: Armarouge|56\/100|[from] Sandstorm\n|-fieldend|move: Psychic Terrain\n|upkeep\n|turn|6\n|inactive|badpiplupvgc has 30 seconds left.\n|inactive|badpiplupvgc has 20 seconds left.\n|\n|t:|1732512369\n|switch|p1a: Sneasler|Sneasler, L50, M|100\/100 slp\n|move|p1b: Armarouge|Protect||[still]\n|-fail|p1b: Armarouge\n|move|p2a: Archaludon|Dragon Pulse|p1b: Armarouge\n|-damage|p1b: Armarouge|6\/100\n|\n|-weather|Sandstorm|[upkeep]\n|-damage|p1b: Armarouge|0 fnt|[from] Sandstorm\n|-damage|p1a: Sneasler|95\/100 slp|[from] Sandstorm\n|faint|p1b: Armarouge\n|upkeep\n|\n|t:|1732512379\n|switch|p1b: Tyranitar|Tyranitar, L50, M, shiny, tera:Flying|95\/100\n|turn|7\n|\n|t:|1732512386\n|move|p2a: Archaludon|Dragon Pulse|p1a: Sneasler\n|-damage|p1a: Sneasler|51\/100 slp\n|move|p1b: Tyranitar|Knock Off|p2a: Archaludon\n|-damage|p2a: Archaludon|64\/100\n|-ability|p2a: Archaludon|Stamina|boost\n|-boost|p2a: Archaludon|def|1\n|-enditem|p2a: Archaludon|Assault Vest|[from] move: Knock Off|[of] p1b: Tyranitar\n|cant|p1a: Sneasler|slp\n|\n|-weather|Sandstorm|[upkeep]\n|-damage|p1b: Tyranitar|89\/100|[from] Sandstorm\n|-damage|p1a: Sneasler|45\/100 slp|[from] Sandstorm\n|-fieldend|move: Trick Room\n|upkeep\n|turn|8\n|j| advadv8ad451\n|\n|t:|1732512401\n|-curestatus|p1a: Sneasler|slp|[msg]\n|move|p1a: Sneasler|Close Combat|p2a: Archaludon\n|-supereffective|p2a: Archaludon\n|-damage|p2a: Archaludon|2\/100\n|-unboost|p1a: Sneasler|def|1\n|-unboost|p1a: Sneasler|spd|1\n|-ability|p2a: Archaludon|Stamina|boost\n|-boost|p2a: Archaludon|def|1\n|move|p1b: Tyranitar|Low Kick|p2a: Archaludon\n|-supereffective|p2a: Archaludon\n|-crit|p2a: Archaludon\n|-damage|p2a: Archaludon|0 fnt\n|faint|p2a: Archaludon\n|\n|win|badpiplupvgc\n|raw|badpiplupvgc's rating: 1735 &rarr; <strong>1753<\/strong><br \/>(+18 for winning)\n|raw|TheDecommissioner's rating: 1696 &rarr; <strong>1678<\/strong><br \/>(-18 for losing)\n|l|\u2606TheDecommissioner\n|player|p2|\n|l|\u2606badpiplupvgc\n|player|p1|\n","uploadtime":1732512664,"views":5,"formatid":"gen9vgc2024regh","rating":1678,"private":0,"password":null}