{"id":"gen9vgc2024regh-2250610013","format":"[Gen 9] VGC 2024 Reg H","players":["Schibi","Grade a type b"],"log":"|j|\u2606Schibi\n|j|\u2606Grade a type b\n|t:|1732519903\n|gametype|doubles\n|player|p1|Schibi|swimmerf-gen4dp|1687\n|player|p2|Grade a type b|169|1697\n|teamsize|p1|6\n|teamsize|p2|6\n|gen|9\n|tier|[Gen 9] VGC 2024 Reg H\n|rated|\n|rule|Species Clause: Limit one of each Pok\u00e9mon\n|rule|Item Clause: Limit 1 of each item\n|clearpoke\n|poke|p1|Primarina, L50, M|\n|poke|p1|Sneasler, L50, M|\n|poke|p1|Dragapult, L50, F|\n|poke|p1|Rillaboom, L50, F|\n|poke|p1|Kingambit, L50, M|\n|poke|p1|Magmar, L50, F|\n|poke|p2|Gholdengo, L50|\n|poke|p2|Primarina, L50, F|\n|poke|p2|Ursaluna-Bloodmoon, L50, M|\n|poke|p2|Dragonite, L50, M|\n|poke|p2|Whimsicott, L50, F|\n|poke|p2|Tyranitar, L50, F|\n|teampreview|4\n|inactive|Battle timer is ON: inactive players will automatically lose when time's up. (requested by Schibi)\n|j| judang\n|\n|t:|1732519935\n|start\n|switch|p1a: Sneasler|Sneasler, L50, M, shiny|100\/100\n|switch|p1b: Magmar|Magmar, L50, F|100\/100\n|switch|p2a: Whimsicott|Whimsicott, L50, F|100\/100\n|switch|p2b: Primarina|Primarina, L50, F|100\/100\n|turn|1\n|j| uppercut vgc\n|l| uppercut vgc\n|\n|t:|1732519957\n|-terastallize|p2b: Primarina|Steel\n|move|p2a: Whimsicott|Tailwind|p2a: Whimsicott\n|-sidestart|p2: Grade a type b|move: Tailwind\n|move|p2b: Primarina|Hyper Voice|p1b: Magmar|[spread] p1a,p1b\n|-supereffective|p1b: Magmar\n|-damage|p1a: Sneasler|50\/100\n|-damage|p1b: Magmar|38\/100\n|-enditem|p2b: Primarina|Throat Spray\n|-boost|p2b: Primarina|spa|1|[from] item: Throat Spray\n|move|p1a: Sneasler|Dire Claw|p2b: Primarina\n|-immune|p2b: Primarina\n|move|p1b: Magmar|Overheat|p2a: Whimsicott\n|-supereffective|p2a: Whimsicott\n|-damage|p2a: Whimsicott|0 fnt\n|-unboost|p1b: Magmar|spa|2\n|faint|p2a: Whimsicott\n|\n|upkeep\n|\n|t:|1732519971\n|switch|p2a: Ursaluna|Ursaluna-Bloodmoon, L50, M|100\/100\n|turn|2\n|\n|t:|1732519983\n|switch|p1a: Primarina|Primarina, L50, M, shiny|100\/100\n|move|p1b: Magmar|Follow Me|p1b: Magmar\n|-singleturn|p1b: Magmar|move: Follow Me\n|move|p2b: Primarina|Hyper Voice|p1a: Primarina|[spread] p1a,p1b\n|-resisted|p1a: Primarina\n|-supereffective|p1b: Magmar\n|-damage|p1a: Primarina|78\/100\n|-damage|p1b: Magmar|0 fnt\n|faint|p1b: Magmar\n|move|p2a: Ursaluna|Hyper Voice|p1a: Primarina\n|-damage|p1a: Primarina|22\/100\n|-enditem|p1a: Primarina|Sitrus Berry|[eat]\n|-heal|p1a: Primarina|47\/100|[from] item: Sitrus Berry\n|-damage|p2a: Ursaluna|91\/100|[from] item: Life Orb\n|\n|upkeep\n|\n|t:|1732519995\n|switch|p1b: Sneasler|Sneasler, L50, M, shiny|50\/100\n|turn|3\n|\n|t:|1732520010\n|move|p1b: Sneasler|Fake Out|p2b: Primarina\n|-resisted|p2b: Primarina\n|-damage|p2b: Primarina|91\/100\n|cant|p2b: Primarina|flinch\n|move|p2a: Ursaluna|Hyper Voice|p1b: Sneasler|[spread] p1a,p1b\n|-damage|p1a: Primarina|5\/100\n|-damage|p1b: Sneasler|0 fnt\n|faint|p1b: Sneasler\n|-damage|p2a: Ursaluna|81\/100|[from] item: Life Orb\n|move|p1a: Primarina|Hyper Voice|p2b: Primarina|[spread] p2a,p2b\n|-supereffective|p2a: Ursaluna\n|-damage|p2a: Ursaluna|0 fnt\n|-damage|p2b: Primarina|56\/100\n|faint|p2a: Ursaluna\n|\n|upkeep\n|\n|t:|1732520019\n|switch|p1b: Dragapult|Dragapult, L50, F|100\/100\n|switch|p2a: Dragonite|Dragonite, L50, M|100\/100\n|turn|4\n|j| Wanshanmeiyangcui\n|\n|t:|1732520030\n|-terastallize|p1b: Dragapult|Ghost\n|move|p2a: Dragonite|Extreme Speed|p1a: Primarina\n|-damage|p1a: Primarina|0 fnt\n|faint|p1a: Primarina\n|move|p2b: Primarina|Moonblast|p1b: Dragapult\n|-damage|p1b: Dragapult|1\/100\n|move|p1b: Dragapult|Phantom Force||[still]\n|-prepare|p1b: Dragapult|Phantom Force\n|\n|-sideend|p2: Grade a type b|move: Tailwind\n|upkeep\n|turn|5\n|j| GooglePay\n|inactive|Grade a type b has 30 seconds left.\n|inactive|Grade a type b has 20 seconds left.\n|\n|t:|1732520068\n|move|p1b: Dragapult|Phantom Force|p2b: Primarina|[from]lockedmove\n|-crit|p2b: Primarina\n|-damage|p2b: Primarina|0 fnt\n|faint|p2b: Primarina\n|move|p2a: Dragonite|Ice Spinner|p1b: Dragapult\n|-damage|p1b: Dragapult|0 fnt\n|faint|p1b: Dragapult\n|\n|win|Grade a type b\n|raw|Schibi's rating: 1687 &rarr; <strong>1668<\/strong><br \/>(-19 for losing)\n|raw|Grade a type b's rating: 1697 &rarr; <strong>1716<\/strong><br \/>(+19 for winning)\n|j| SpookyScaryDirge\n|l|\u2606Schibi\n|player|p1|\n|l|\u2606Grade a type b\n|player|p2|\n|l| Wanshanmeiyangcui\n|l| SpookyScaryDirge\n","uploadtime":1732520267,"views":8,"formatid":"gen9vgc2024regh","rating":1668,"private":0,"password":null}