{"id":"gen9vgc2024regh-2250250678","format":"[Gen 9] VGC 2024 Reg H","players":["elvegis1","actuary97"],"log":"|j|\u2606elvegis1\n|j|\u2606actuary97\n|t:|1732471930\n|gametype|doubles\n|player|p1|elvegis1|lucas|1708\n|player|p2|actuary97|sabrina-frlg|1732\n|teamsize|p1|6\n|teamsize|p2|6\n|gen|9\n|tier|[Gen 9] VGC 2024 Reg H\n|rated|\n|rule|Species Clause: Limit one of each Pok\u00e9mon\n|rule|Item Clause: Limit 1 of each item\n|clearpoke\n|poke|p1|Incineroar, L50, M|\n|poke|p1|Gholdengo, L50|\n|poke|p1|Gastrodon-East, L50, F|\n|poke|p1|Ursaluna, L50, F|\n|poke|p1|Dusclops, L50, F|\n|poke|p1|Magnezone, L50|\n|poke|p2|Whimsicott, L50, F|\n|poke|p2|Gallade, L50, M|\n|poke|p2|Archaludon, L50, F|\n|poke|p2|Malamar, L50, F|\n|poke|p2|Indeedee, L50, M|\n|poke|p2|Drifblim, L50, M|\n|teampreview|4\nactuary97 has agreed to open team sheets.\n|c|\u2606actuary97|cool team\n|inactive|Battle timer is ON: inactive players will automatically lose when time's up. (requested by elvegis1)\n|inactive|elvegis1 has 60 seconds left.\n|\n|t:|1732472006\n|start\n|switch|p1a: Dusclops|Dusclops, L50, F|100\/100\n|switch|p1b: Gholdengo|Gholdengo, L50|100\/100\n|switch|p2a: Tapu Deedee|Indeedee, L50, M, shiny|100\/100\n|switch|p2b: Malamother|Malamar, L50, F|100\/100\n|-fieldstart|move: Psychic Terrain|[from] ability: Psychic Surge|[of] p2a: Tapu Deedee\n|-item|p2a: Tapu Deedee|Choice Specs|[from] ability: Frisk|[of] p1a: Dusclops\n|-item|p2b: Malamother|Sitrus Berry|[from] ability: Frisk|[of] p1a: Dusclops\n|turn|1\n|inactive|elvegis1 has 30 seconds left.\n|\n|t:|1732472033\n|-terastallize|p2b: Malamother|Fire\n|-terastallize|p1a: Dusclops|Dragon\n|move|p2a: Tapu Deedee|Expanding Force|p1b: Gholdengo|[spread] p1a,p1b\n|-resisted|p1b: Gholdengo\n|-crit|p1b: Gholdengo\n|-damage|p1a: Dusclops|53\/100\n|-damage|p1b: Gholdengo|34\/100\n|move|p1b: Gholdengo|Make It Rain|p2b: Malamother|[spread] p2a,p2b\n|-resisted|p2b: Malamother\n|-damage|p2a: Tapu Deedee|19\/100\n|-damage|p2b: Malamother|71\/100\n|-unboost|p1b: Gholdengo|spa|1\n|move|p2b: Malamother|Knock Off|p1a: Dusclops\n|-damage|p1a: Dusclops|30\/100\n|-enditem|p1a: Dusclops|Eviolite|[from] move: Knock Off|[of] p2b: Malamother\n|move|p1a: Dusclops|Trick Room|p1a: Dusclops\n|-fieldstart|move: Trick Room|[of] p1a: Dusclops\n|\n|upkeep\n|turn|2\n|\n|t:|1732472056\n|move|p1a: Dusclops|Pain Split|p2b: Malamother\n|-sethp|p2b: Malamother|47\/100|[from] move: Pain Split|[silent]\n|-sethp|p1a: Dusclops|62\/100|[from] move: Pain Split\n|-enditem|p2b: Malamother|Sitrus Berry|[eat]\n|-heal|p2b: Malamother|72\/100|[from] item: Sitrus Berry\n|move|p1b: Gholdengo|Make It Rain|p2b: Malamother|[spread] p2a,p2b\n|-resisted|p2b: Malamother\n|-damage|p2a: Tapu Deedee|0 fnt\n|-damage|p2b: Malamother|52\/100\n|-unboost|p1b: Gholdengo|spa|1\n|faint|p2a: Tapu Deedee\n|move|p2b: Malamother|Trick Room|p2b: Malamother\n|-fieldend|move: Trick Room\n|\n|upkeep\n|j| Goblin_Gutz\n|c|\u2606actuary97|what the fuck\n|j| TheMimikiu\n|c|\u2606actuary97|we speed tie?!?\n|c|\u2606actuary97|oh wait nvm\n|inactive|actuary97 has 30 seconds left.\n|c|\u2606actuary97|I'm dumb\n|\n|t:|1732472087\n|switch|p2a: \u2694\ufe0fKing\u2694\ufe0f|Gallade, L50, M, shiny|100\/100\n|turn|3\n|j| la bella de easo\n|inactive|elvegis1 has 30 seconds left.\n|l| Goblin_Gutz\n|inactive|elvegis1 has 20 seconds left.\n|inactive|elvegis1 has 15 seconds left.\n|inactive|elvegis1 has 10 seconds left.\n|inactive|elvegis1 has 5 seconds left.\n|\n|t:|1732472140\n|switch|p1b: Ursaluna|Ursaluna, L50, F|100\/100\n|move|p2a: \u2694\ufe0fKing\u2694\ufe0f|Psycho Cut|p1a: Dusclops\n|-crit|p1a: Dusclops\n|-damage|p1a: Dusclops|0 fnt\n|faint|p1a: Dusclops\n|move|p2b: Malamother|Knock Off|p1b: Ursaluna\n|-damage|p1b: Ursaluna|73\/100\n|-enditem|p1b: Ursaluna|Flame Orb|[from] move: Knock Off|[of] p2b: Malamother\n|\n|upkeep\n|\n|t:|1732472150\n|switch|p1a: Gholdengo|Gholdengo, L50|34\/100\n|turn|4\n|\n|t:|1732472169\n|move|p1a: Gholdengo|Protect|p1a: Gholdengo\n|-singleturn|p1a: Gholdengo|Protect\n|move|p2a: \u2694\ufe0fKing\u2694\ufe0f|Protect|p2a: \u2694\ufe0fKing\u2694\ufe0f\n|-singleturn|p2a: \u2694\ufe0fKing\u2694\ufe0f|Protect\n|move|p2b: Malamother|Knock Off|p1a: Gholdengo\n|-activate|p1a: Gholdengo|move: Protect\n|move|p1b: Ursaluna|Earthquake|p2a: \u2694\ufe0fKing\u2694\ufe0f|[spread] p2b\n|-activate|p1a: Gholdengo|move: Protect\n|-activate|p2a: \u2694\ufe0fKing\u2694\ufe0f|move: Protect\n|-supereffective|p2b: Malamother\n|-damage|p2b: Malamother|0 fnt\n|faint|p2b: Malamother\n|\n|upkeep\n|\n|t:|1732472172\n|switch|p2b: Happy Thanksgiving|Drifblim, L50, M, shiny|100\/100\n|-enditem|p2b: Happy Thanksgiving|Psychic Seed\n|-boost|p2b: Happy Thanksgiving|spd|1|[from] item: Psychic Seed\n|turn|5\n|\n|t:|1732472192\n|switch|p1a: Incineroar|Incineroar, L50, M|100\/100\n|-ability|p1a: Incineroar|Intimidate|boost\n|-unboost|p2a: \u2694\ufe0fKing\u2694\ufe0f|atk|1\n|-unboost|p2b: Happy Thanksgiving|atk|1\n|move|p2b: Happy Thanksgiving|Icy Wind|p1a: Incineroar|[spread] p1a,p1b\n|-resisted|p1a: Incineroar\n|-supereffective|p1b: Ursaluna\n|-damage|p1a: Incineroar|97\/100\n|-damage|p1b: Ursaluna|60\/100\n|-unboost|p1a: Incineroar|spe|1\n|-unboost|p1b: Ursaluna|spe|1\n|move|p2a: \u2694\ufe0fKing\u2694\ufe0f|Sacred Sword|p1b: Ursaluna\n|-supereffective|p1b: Ursaluna\n|-damage|p1b: Ursaluna|0 fnt\n|faint|p1b: Ursaluna\n|\n|-fieldend|move: Psychic Terrain\n|upkeep\n|\n|t:|1732472204\n|switch|p1b: Gholdengo|Gholdengo, L50|34\/100\n|turn|6\n|l| TheMimikiu\n|j| judang\n|\n|t:|1732472220\n|move|p2a: \u2694\ufe0fKing\u2694\ufe0f|Protect|p2a: \u2694\ufe0fKing\u2694\ufe0f\n|-singleturn|p2a: \u2694\ufe0fKing\u2694\ufe0f|Protect\n|move|p1a: Incineroar|Fake Out|p2a: \u2694\ufe0fKing\u2694\ufe0f\n|-activate|p2a: \u2694\ufe0fKing\u2694\ufe0f|move: Protect\n|move|p2b: Happy Thanksgiving|Icy Wind|p1a: Incineroar|[spread] p1a,p1b\n|-resisted|p1a: Incineroar\n|-resisted|p1b: Gholdengo\n|-damage|p1a: Incineroar|94\/100\n|-damage|p1b: Gholdengo|29\/100\n|-unboost|p1a: Incineroar|spe|1\n|-unboost|p1b: Gholdengo|spe|1\n|move|p1b: Gholdengo|Nasty Plot|p1b: Gholdengo\n|-boost|p1b: Gholdengo|spa|2\n|\n|upkeep\n|turn|7\n|\n|t:|1732472235\n|move|p2b: Happy Thanksgiving|Air Slash|p1b: Gholdengo\n|-resisted|p1b: Gholdengo\n|-damage|p1b: Gholdengo|16\/100\n|move|p2a: \u2694\ufe0fKing\u2694\ufe0f|Psycho Cut|p1b: Gholdengo\n|-resisted|p1b: Gholdengo\n|-crit|p1b: Gholdengo\n|-damage|p1b: Gholdengo|0 fnt\n|faint|p1b: Gholdengo\n|move|p1a: Incineroar|Flare Blitz|p2a: \u2694\ufe0fKing\u2694\ufe0f\n|-damage|p2a: \u2694\ufe0fKing\u2694\ufe0f|20\/100\n|-damage|p1a: Incineroar|73\/100|[from] Recoil\n|\n|upkeep\n|turn|8\n|\n|t:|1732472246\n|move|p2b: Happy Thanksgiving|Icy Wind|p1a: Incineroar\n|-resisted|p1a: Incineroar\n|-damage|p1a: Incineroar|68\/100\n|-unboost|p1a: Incineroar|spe|1\n|move|p2a: \u2694\ufe0fKing\u2694\ufe0f|Sacred Sword|p1a: Incineroar\n|-supereffective|p1a: Incineroar\n|-damage|p1a: Incineroar|0 fnt\n|faint|p1a: Incineroar\n|\n|win|actuary97\n|raw|elvegis1's rating: 1708 &rarr; <strong>1689<\/strong><br \/>(-19 for losing)\n|raw|actuary97's rating: 1732 &rarr; <strong>1751<\/strong><br \/>(+19 for winning)\n|c|\u2606actuary97|gg\n|l|\u2606elvegis1\n|player|p1|\n","uploadtime":1732472384,"views":5,"formatid":"gen9vgc2024regh","rating":1689,"private":0,"password":null}