{"id":"gen9vgc2024regh-2250915329","format":"[Gen 9] VGC 2024 Reg H","players":["btest0011","infinitygroudon"],"log":"|j|\u2606btest0011\n|j|\u2606infinitygroudon\n|t:|1732560062\n|gametype|doubles\n|player|p1|btest0011|266|1657\n|player|p2|infinitygroudon|2|1779\n|teamsize|p1|6\n|teamsize|p2|6\n|gen|9\n|tier|[Gen 9] VGC 2024 Reg H\n|rated|\n|rule|Species Clause: Limit one of each Pok\u00e9mon\n|rule|Item Clause: Limit 1 of each item\n|clearpoke\n|poke|p1|Gholdengo, L50|\n|poke|p1|Sneasler, L50, F|\n|poke|p1|Incineroar, L50, M|\n|poke|p1|Dragonite, L50, M|\n|poke|p1|Amoonguss, L50, M|\n|poke|p1|Ursaluna-Bloodmoon, L50, M|\n|poke|p2|Krookodile, L50, M|\n|poke|p2|Clefairy, L50, F|\n|poke|p2|Smeargle, L50, M|\n|poke|p2|Flamigo, L50, F|\n|poke|p2|Dragonite, L50, F|\n|poke|p2|Dragapult, L50, M|\n|teampreview|4\n|inactive|Battle timer is ON: inactive players will automatically lose when time's up. (requested by btest0011)\n|inactive|btest0011 has 60 seconds left.\n|\n|t:|1732560108\n|start\n|switch|p1a: Amoonguss|Amoonguss, L50, M|100\/100\n|switch|p1b: Dragonite|Dragonite, L50, M|100\/100\n|switch|p2a: Snoopy|Smeargle, L50, M, shiny|100\/100\n|switch|p2b: Ramses|Krookodile, L50, M, shiny|100\/100\n|turn|1\n|\n|t:|1732560121\n|-terastallize|p2b: Ramses|Steel\n|move|p1b: Dragonite|Protect|p1b: Dragonite\n|-singleturn|p1b: Dragonite|Protect\n|move|p2a: Snoopy|Wicked Blow|p2b: Ramses\n|-crit|p2b: Ramses\n|-damage|p2b: Ramses|95\/100\n|-setboost|p2b: Ramses|atk|6|[from] ability: Anger Point\n|move|p2b: Ramses|Knock Off|p1b: Dragonite\n|-activate|p1b: Dragonite|move: Protect\n|move|p1a: Amoonguss|Spore|p2b: Ramses\n|-status|p2b: Ramses|slp|[from] move: Spore\n|\n|-ability|p2a: Snoopy|Moody|boost\n|-boost|p2a: Snoopy|atk|2\n|-unboost|p2a: Snoopy|def|1\n|upkeep\n|turn|2\n|\n|t:|1732560137\n|move|p1a: Amoonguss|Rage Powder|p1a: Amoonguss\n|-singleturn|p1a: Amoonguss|move: Rage Powder\n|move|p2a: Snoopy|Spore|p1b: Dragonite\n|-status|p1b: Dragonite|slp|[from] move: Spore\n|cant|p2b: Ramses|slp\n|cant|p1b: Dragonite|slp\n|\n|-ability|p2a: Snoopy|Moody|boost\n|-boost|p2a: Snoopy|spe|2\n|-unboost|p2a: Snoopy|spa|1\n|upkeep\n|turn|3\n|\n|t:|1732560149\n|switch|p1a: Incineroar|Incineroar, L50, M|100\/100\n|-ability|p1a: Incineroar|Intimidate|boost\n|-unboost|p2a: Snoopy|atk|1\n|-unboost|p2b: Ramses|atk|1\n|move|p2a: Snoopy|Follow Me|p2a: Snoopy\n|-singleturn|p2a: Snoopy|move: Follow Me\n|cant|p2b: Ramses|slp\n|-curestatus|p1b: Dragonite|slp|[msg]\n|move|p1b: Dragonite|Tailwind|p1b: Dragonite\n|-sidestart|p1: btest0011|move: Tailwind\n|\n|-ability|p2a: Snoopy|Moody|boost\n|-boost|p2a: Snoopy|def|2\n|-unboost|p2a: Snoopy|atk|1\n|upkeep\n|turn|4\n|j| RiotJuice\n|\n|t:|1732560166\n|move|p2a: Snoopy|Follow Me|p2a: Snoopy\n|-singleturn|p2a: Snoopy|move: Follow Me\n|move|p1b: Dragonite|Haze|p1b: Dragonite\n|-clearallboost\n|move|p1a: Incineroar|Knock Off|p2a: Snoopy\n|-damage|p2a: Snoopy|7\/100\n|-enditem|p2a: Snoopy|Safety Goggles|[from] move: Knock Off|[of] p1a: Incineroar\n|-curestatus|p2b: Ramses|slp|[msg]\n|move|p2b: Ramses|Knock Off|p1b: Dragonite\n|-damage|p1b: Dragonite|73\/100\n|-enditem|p1b: Dragonite|Loaded Dice|[from] move: Knock Off|[of] p2b: Ramses\n|\n|-ability|p2a: Snoopy|Moody|boost\n|-boost|p2a: Snoopy|spd|2\n|-unboost|p2a: Snoopy|spe|1\n|upkeep\n|turn|5\n|\n|t:|1732560189\n|switch|p2b: Chardonnay|Flamigo, L50, F, shiny|100\/100\n|-copyboost|p2b: Chardonnay|p2a: Snoopy|[from] ability: Costar\n|move|p1b: Dragonite|Scale Shot|p2a: Snoopy\n|-damage|p2a: Snoopy|0 fnt\n|faint|p2a: Snoopy\n|-hitcount|p2: Snoopy|1\n|-unboost|p1b: Dragonite|def|1\n|-boost|p1b: Dragonite|spe|1\n|move|p1a: Incineroar|Flare Blitz|p2b: Chardonnay\n|-damage|p2b: Chardonnay|39\/100\n|-damage|p1a: Incineroar|83\/100|[from] Recoil\n|\n|upkeep\n|\n|t:|1732560197\n|switch|p2a: Ramses|Krookodile, L50, M, shiny, tera:Steel|95\/100\n|turn|6\n|l| RiotJuice\n|\n|t:|1732560212\n|move|p2a: Ramses|Protect|p2a: Ramses\n|-singleturn|p2a: Ramses|Protect\n|move|p1b: Dragonite|Scale Shot|p2b: Chardonnay\n|-damage|p2b: Chardonnay|21\/100\n|-damage|p2b: Chardonnay|4\/100\n|-damage|p2b: Chardonnay|0 fnt\n|faint|p2b: Chardonnay\n|-hitcount|p2: Chardonnay|3\n|-unboost|p1b: Dragonite|def|1\n|-boost|p1b: Dragonite|spe|1\n|move|p1a: Incineroar|Flare Blitz|p2a: Ramses\n|-activate|p2a: Ramses|move: Protect\n|\n|-sideend|p1: btest0011|move: Tailwind\n|upkeep\n|\n|t:|1732560216\n|switch|p2b: Los Dardos|Dragapult, L50, M|100\/100\n|turn|7\n|\n|t:|1732560235\n|move|p1b: Dragonite|Tailwind|p1b: Dragonite\n|-sidestart|p1: btest0011|move: Tailwind\n|move|p2b: Los Dardos|Dragon Darts|p1a: Incineroar\n|-damage|p1a: Incineroar|44\/100\n|-anim|p2b: Los Dardos|Dragon Darts|p1b: Dragonite\n|-supereffective|p1b: Dragonite\n|-damage|p1b: Dragonite|0 fnt\n|faint|p1b: Dragonite\n|move|p1a: Incineroar|Flare Blitz|p2a: Ramses\n|-supereffective|p2a: Ramses\n|-damage|p2a: Ramses|0 fnt\n|faint|p2a: Ramses\n|-damage|p1a: Incineroar|14\/100|[from] Recoil\n|\n|upkeep\n|\n|t:|1732560247\n|switch|p1b: Gholdengo|Gholdengo, L50|100\/100\n|turn|8\n|\n|t:|1732560255\n|move|p1b: Gholdengo|Shadow Ball|p2b: Los Dardos\n|-supereffective|p2b: Los Dardos\n|-damage|p2b: Los Dardos|0 fnt\n|faint|p2b: Los Dardos\n|-damage|p1b: Gholdengo|91\/100|[from] item: Life Orb\n|\n|win|btest0011\n|raw|btest0011's rating: 1657 &rarr; <strong>1684<\/strong><br \/>(+27 for winning)\n|raw|infinitygroudon's rating: 1779 &rarr; <strong>1752<\/strong><br \/>(-27 for losing)\n|l|\u2606infinitygroudon\n|player|p2|\n","uploadtime":1732560264,"views":53,"formatid":"gen9vgc2024regh","rating":1684,"private":0,"password":null}