{"id":"gen9vgc2024regh-2250148739","format":"[Gen 9] VGC 2024 Reg H","players":["VGCLTH skibidi","Wigner cell"],"log":"|raw|<div class=\"broadcast-blue\"><strong>This battle is required to be public due to a player having a name starting with 'vgclth'.<\/div>\n|j|\u2606VGCLTH skibidi\n|j|\u2606Wigner cell\n|t:|1732458993\n|gametype|doubles\n|player|p1|VGCLTH skibidi|piers-masters|1810\n|player|p2|Wigner cell|lucas-gen4pt|1826\n|teamsize|p1|6\n|teamsize|p2|6\n|gen|9\n|tier|[Gen 9] VGC 2024 Reg H\n|rated|\n|rule|Species Clause: Limit one of each Pok\u00e9mon\n|rule|Item Clause: Limit 1 of each item\n|clearpoke\n|poke|p1|Whimsicott, L50, F|\n|poke|p1|Gallade, L50, M|\n|poke|p1|Archaludon, L50, F|\n|poke|p1|Malamar, L50, F|\n|poke|p1|Indeedee, L50, M|\n|poke|p1|Drifblim, L50, M|\n|poke|p2|Talonflame, L50, M|\n|poke|p2|Sneasler, L50, M|\n|poke|p2|Indeedee, L50, M|\n|poke|p2|Ursaluna-Bloodmoon, L50, M|\n|poke|p2|Dragonite, L50, M|\n|poke|p2|Electabuzz, L50, M|\n|teampreview|4\n|inactive|Battle timer is ON: inactive players will automatically lose when time's up. (requested by VGCLTH skibidi)\n|\n|t:|1732459020\n|start\n|switch|p1a: Malamother|Malamar, L50, F|100\/100\n|switch|p1b: \ud83c\udf88\ud83d\udc7b\ud83c\udf83\ud83d\udc7b\ud83c\udf83\ud83c\udf88|Drifblim, L50, M|100\/100\n|switch|p2a: Dragonite|Dragonite, L50, M|100\/100\n|switch|p2b: Talonflame|Talonflame, L50, M|100\/100\n|turn|1\n|inactive|VGCLTH skibidi has 30 seconds left.\n|\n|t:|1732459054\n|switch|p1b: Tapu Deedee|Indeedee, L50, M, shiny|100\/100\n|-fieldstart|move: Psychic Terrain|[from] ability: Psychic Surge|[of] p1b: Tapu Deedee\n|-terastallize|p1a: Malamother|Fire\n|move|p2b: Talonflame|Tailwind|p2b: Talonflame\n|-sidestart|p2: Wigner cell|move: Tailwind\n|move|p2a: Dragonite|Scale Shot|p1b: Tapu Deedee\n|-damage|p1b: Tapu Deedee|69\/100\n|-damage|p1b: Tapu Deedee|36\/100\n|-damage|p1b: Tapu Deedee|4\/100\n|-damage|p1b: Tapu Deedee|0 fnt\n|faint|p1b: Tapu Deedee\n|-hitcount|p1: Tapu Deedee|4\n|-unboost|p2a: Dragonite|def|1\n|-boost|p2a: Dragonite|spe|1\n|move|p1a: Malamother|Trick Room|p1a: Malamother\n|-fieldstart|move: Trick Room|[of] p1a: Malamother\n|\n|upkeep\n|\n|t:|1732459070\n|switch|p1b: \u2694\ufe0fKing\u2694\ufe0f|Gallade, L50, M, shiny|100\/100\n|turn|2\n|\n|t:|1732459077\n|move|p2a: Dragonite|Protect|p2a: Dragonite\n|-singleturn|p2a: Dragonite|Protect\n|move|p1a: Malamother|Knock Off|p2a: Dragonite\n|-activate|p2a: Dragonite|move: Protect\n|move|p1b: \u2694\ufe0fKing\u2694\ufe0f|Psycho Cut|p2b: Talonflame\n|-crit|p2b: Talonflame\n|-damage|p2b: Talonflame|0 fnt\n|faint|p2b: Talonflame\n|\n|upkeep\n|\n|t:|1732459084\n|switch|p2b: Electabuzz|Electabuzz, L50, M|100\/100\n|turn|3\n|\n|t:|1732459092\n|move|p1b: \u2694\ufe0fKing\u2694\ufe0f|Protect|p1b: \u2694\ufe0fKing\u2694\ufe0f\n|-singleturn|p1b: \u2694\ufe0fKing\u2694\ufe0f|Protect\n|move|p2b: Electabuzz|Follow Me|p2b: Electabuzz\n|-singleturn|p2b: Electabuzz|move: Follow Me\n|move|p1a: Malamother|Knock Off|p2b: Electabuzz\n|-damage|p2b: Electabuzz|73\/100\n|-enditem|p2b: Electabuzz|Eviolite|[from] move: Knock Off|[of] p1a: Malamother\n|move|p2a: Dragonite|Scale Shot|p1b: \u2694\ufe0fKing\u2694\ufe0f\n|-activate|p1b: \u2694\ufe0fKing\u2694\ufe0f|move: Protect\n|\n|upkeep\n|turn|4\n|\n|t:|1732459101\n|move|p2b: Electabuzz|Follow Me|p2b: Electabuzz\n|-singleturn|p2b: Electabuzz|move: Follow Me\n|move|p1a: Malamother|Superpower|p2b: Electabuzz\n|-damage|p2b: Electabuzz|39\/100\n|-boost|p1a: Malamother|atk|1\n|-boost|p1a: Malamother|def|1\n|move|p1b: \u2694\ufe0fKing\u2694\ufe0f|Psycho Cut|p2b: Electabuzz\n|-crit|p2b: Electabuzz\n|-damage|p2b: Electabuzz|0 fnt\n|faint|p2b: Electabuzz\n|move|p2a: Dragonite|Scale Shot|p1b: \u2694\ufe0fKing\u2694\ufe0f\n|-damage|p1b: \u2694\ufe0fKing\u2694\ufe0f|76\/100\n|-damage|p1b: \u2694\ufe0fKing\u2694\ufe0f|52\/100\n|-damage|p1b: \u2694\ufe0fKing\u2694\ufe0f|28\/100\n|-damage|p1b: \u2694\ufe0fKing\u2694\ufe0f|4\/100\n|-hitcount|p1b: \u2694\ufe0fKing\u2694\ufe0f|4\n|-unboost|p2a: Dragonite|def|1\n|-boost|p2a: Dragonite|spe|1\n|\n|-sideend|p2: Wigner cell|move: Tailwind\n|upkeep\n|\n|t:|1732459109\n|switch|p2b: Sneasler|Sneasler, L50, M|100\/100\n|-enditem|p2b: Sneasler|Psychic Seed\n|-boost|p2b: Sneasler|spd|1|[from] item: Psychic Seed\n|turn|5\n|\n|t:|1732459119\n|switch|p1b: \ud83c\udf88\ud83d\udc7b\ud83c\udf83\ud83d\udc7b\ud83c\udf83\ud83c\udf88|Drifblim, L50, M|100\/100\n|-enditem|p1b: \ud83c\udf88\ud83d\udc7b\ud83c\udf83\ud83d\udc7b\ud83c\udf83\ud83c\udf88|Psychic Seed\n|-boost|p1b: \ud83c\udf88\ud83d\udc7b\ud83c\udf83\ud83d\udc7b\ud83c\udf83\ud83c\udf88|spd|1|[from] item: Psychic Seed\n|move|p2a: Dragonite|Protect|p2a: Dragonite\n|-singleturn|p2a: Dragonite|Protect\n|move|p2b: Sneasler|Protect|p2b: Sneasler\n|-singleturn|p2b: Sneasler|Protect\n|move|p1a: Malamother|Knock Off|p2a: Dragonite\n|-activate|p2a: Dragonite|move: Protect\n|\n|-fieldend|move: Trick Room\n|-fieldend|move: Psychic Terrain\n|upkeep\n|turn|6\n|\n|t:|1732459135\n|-terastallize|p2b: Sneasler|Dark\n|move|p2b: Sneasler|Throat Chop|p1b: \ud83c\udf88\ud83d\udc7b\ud83c\udf83\ud83d\udc7b\ud83c\udf83\ud83c\udf88\n|-supereffective|p1b: \ud83c\udf88\ud83d\udc7b\ud83c\udf83\ud83d\udc7b\ud83c\udf83\ud83c\udf88\n|-damage|p1b: \ud83c\udf88\ud83d\udc7b\ud83c\udf83\ud83d\udc7b\ud83c\udf83\ud83c\udf88|12\/100\n|-start|p1b: \ud83c\udf88\ud83d\udc7b\ud83c\udf83\ud83d\udc7b\ud83c\udf83\ud83c\udf88|Throat Chop|[silent]\n|move|p2a: Dragonite|Haze|p2a: Dragonite\n|-clearallboost\n|move|p1b: \ud83c\udf88\ud83d\udc7b\ud83c\udf83\ud83d\udc7b\ud83c\udf83\ud83c\udf88|Will-O-Wisp|p2b: Sneasler\n|-status|p2b: Sneasler|brn\n|move|p1a: Malamother|Trick Room|p1a: Malamother\n|-fieldstart|move: Trick Room|[of] p1a: Malamother\n|\n|-damage|p2b: Sneasler|95\/100 brn|[from] brn\n|upkeep\n|turn|7\n|\n|t:|1732459150\n|move|p2b: Sneasler|Protect|p2b: Sneasler\n|-singleturn|p2b: Sneasler|Protect\n|move|p1a: Malamother|Superpower|p2b: Sneasler\n|-activate|p2b: Sneasler|move: Protect\n|move|p2a: Dragonite|Scale Shot|p1a: Malamother\n|-damage|p1a: Malamother|85\/100\n|-damage|p1a: Malamother|70\/100\n|-damage|p1a: Malamother|57\/100\n|-damage|p1a: Malamother|45\/100\n|-enditem|p1a: Malamother|Sitrus Berry|[eat]\n|-heal|p1a: Malamother|69\/100|[from] item: Sitrus Berry\n|-hitcount|p1a: Malamother|4\n|-unboost|p2a: Dragonite|def|1\n|-boost|p2a: Dragonite|spe|1\n|move|p1b: \ud83c\udf88\ud83d\udc7b\ud83c\udf83\ud83d\udc7b\ud83c\udf83\ud83c\udf88|Strength Sap|p2a: Dragonite\n|-unboost|p2a: Dragonite|atk|1\n|-heal|p1b: \ud83c\udf88\ud83d\udc7b\ud83c\udf83\ud83d\udc7b\ud83c\udf83\ud83c\udf88|100\/100\n|\n|-damage|p2b: Sneasler|89\/100 brn|[from] brn\n|-end|p1b: \ud83c\udf88\ud83d\udc7b\ud83c\udf83\ud83d\udc7b\ud83c\udf83\ud83c\udf88|Throat Chop|[silent]\n|upkeep\n|turn|8\n|-message|Wigner cell forfeited.\n|\n|win|VGCLTH skibidi\n|raw|VGCLTH skibidi's rating: 1810 &rarr; <strong>1831<\/strong><br \/>(+21 for winning)\n|raw|Wigner cell's rating: 1826 &rarr; <strong>1805<\/strong><br \/>(-21 for losing)\n|l|\u2606Wigner cell\n|player|p2|\n|l|\u2606VGCLTH skibidi\n|player|p1|\n","uploadtime":1732459376,"views":30,"formatid":"gen9vgc2024regh","rating":1805,"private":0,"password":null}