{"id":"gen9vgc2024regh-2250514083","format":"[Gen 9] VGC 2024 Reg H","players":["Proffesor_Karrot","regidragon12138"],"log":"|j|\u2606Proffesor_Karrot\n|j|\u2606regidragon12138\n|t:|1732503674\n|gametype|doubles\n|player|p1|Proffesor_Karrot|lady|1693\n|player|p2|regidragon12138|2|1645\n|teamsize|p1|6\n|teamsize|p2|6\n|gen|9\n|tier|[Gen 9] VGC 2024 Reg H\n|rated|\n|rule|Species Clause: Limit one of each Pok\u00e9mon\n|rule|Item Clause: Limit 1 of each item\n|clearpoke\n|poke|p1|Incineroar, L50, F|\n|poke|p1|Rillaboom, L50, F|\n|poke|p1|Chesnaught, L50, F|\n|poke|p1|Volcarona, L50, F|\n|poke|p1|Primarina, L50, F|\n|poke|p1|Dragonite, L50, F|\n|poke|p2|Hydrapple, L50, F|\n|poke|p2|Weezing-Galar, L50, F|\n|poke|p2|Dondozo, L50, F|\n|poke|p2|Tatsugiri, L50, M|\n|poke|p2|Volcarona, L50, M|\n|poke|p2|Toedscruel, L50, M|\n|teampreview|4\n|inactive|Battle timer is ON: inactive players will automatically lose when time's up. (requested by Proffesor_Karrot)\n|\n|t:|1732503697\n|start\n|switch|p1a: Volcarona|Volcarona, L50, F|100\/100\n|switch|p1b: Incineroar|Incineroar, L50, F, shiny|100\/100\n|switch|p2a: Volcarona|Volcarona, L50, M|100\/100\n|switch|p2b: Weezing|Weezing-Galar, L50, F|100\/100\n|-ability|p2b: Weezing|Neutralizing Gas\n|turn|1\n|\n|t:|1732503711\n|move|p2a: Volcarona|Heat Wave|p1a: Volcarona|[spread] p1a,p1b\n|-resisted|p1b: Incineroar\n|-damage|p1a: Volcarona|47\/100\n|-damage|p1b: Incineroar|80\/100\n|move|p1a: Volcarona|Heat Wave|p2a: Volcarona|[spread] p2a,p2b\n|-damage|p2a: Volcarona|66\/100\n|-damage|p2b: Weezing|70\/100\n|move|p1b: Incineroar|Flare Blitz|p2a: Volcarona\n|-damage|p2a: Volcarona|0 fnt\n|faint|p2a: Volcarona\n|-damage|p1b: Incineroar|63\/100|[from] Recoil\n|move|p2b: Weezing|Sludge Bomb|p1a: Volcarona\n|-damage|p1a: Volcarona|20\/100\n|\n|upkeep\n|\n|t:|1732503729\n|switch|p2a: Toedscruel|Toedscruel, L50, M|100\/100\n|turn|2\n|\n|t:|1732503738\n|move|p2a: Toedscruel|Protect|p2a: Toedscruel\n|-singleturn|p2a: Toedscruel|Protect\n|move|p1a: Volcarona|Tailwind|p1a: Volcarona\n|-sidestart|p1: Proffesor_Karrot|move: Tailwind\n|move|p1b: Incineroar|Flare Blitz|p2a: Toedscruel\n|-activate|p2a: Toedscruel|move: Protect\n|move|p2b: Weezing|Sludge Bomb|p1a: Volcarona\n|-damage|p1a: Volcarona|0 fnt\n|faint|p1a: Volcarona\n|\n|upkeep\n|\n|t:|1732503742\n|switch|p1a: Primarina|Primarina, L50, F, shiny|100\/100\n|turn|3\n|\n|t:|1732503760\n|move|p1b: Incineroar|Flare Blitz|p2a: Toedscruel\n|-supereffective|p2a: Toedscruel\n|-damage|p2a: Toedscruel|0 fnt\n|faint|p2a: Toedscruel\n|-damage|p1b: Incineroar|31\/100|[from] Recoil\n|move|p1a: Primarina|Hydro Pump|p2b: Weezing|[miss]\n|-miss|p1a: Primarina|p2b: Weezing\n|move|p2b: Weezing|Strange Steam|p1b: Incineroar\n|-damage|p1b: Incineroar|12\/100\n|\n|upkeep\n|\n|t:|1732503763\n|switch|p2a: Hydrapple|Hydrapple, L50, F|100\/100\n|turn|4\n|\n|t:|1732503774\n|move|p1b: Incineroar|Flare Blitz|p2a: Hydrapple\n|-damage|p2a: Hydrapple|68\/100\n|-damage|p1b: Incineroar|0 fnt|[from] Recoil\n|faint|p1b: Incineroar\n|move|p1a: Primarina|Hydro Pump|p2b: Weezing|[miss]\n|-miss|p1a: Primarina|p2b: Weezing\n|move|p2b: Weezing|Sludge Bomb|p1a: Primarina\n|-supereffective|p1a: Primarina\n|-damage|p1a: Primarina|51\/100\n|-status|p1a: Primarina|psn\n|move|p2a: Hydrapple|Giga Drain|p1a: Primarina\n|-supereffective|p1a: Primarina\n|-crit|p1a: Primarina\n|-damage|p1a: Primarina|0 fnt\n|-heal|p2a: Hydrapple|90\/100|[from] drain|[of] p1a: Primarina\n|faint|p1a: Primarina\n|\n|upkeep\n|\n|t:|1732503780\n|switch|p1b: Rayquaza_Mega|Dragonite, L50, F|100\/100\n|turn|5\n|\n|t:|1732503790\n|-terastallize|p1b: Rayquaza_Mega|Steel\n|-terastallize|p2a: Hydrapple|Steel\n|move|p1b: Rayquaza_Mega|Stomping Tantrum|p2b: Weezing\n|-supereffective|p2b: Weezing\n|-damage|p2b: Weezing|14\/100\n|-enditem|p2b: Weezing|Sitrus Berry|[eat]\n|-heal|p2b: Weezing|39\/100|[from] item: Sitrus Berry\n|move|p2b: Weezing|Strange Steam|p1b: Rayquaza_Mega\n|-resisted|p1b: Rayquaza_Mega\n|-damage|p1b: Rayquaza_Mega|86\/100\n|move|p2a: Hydrapple|Fickle Beam|p1b: Rayquaza_Mega\n|-resisted|p1b: Rayquaza_Mega\n|-damage|p1b: Rayquaza_Mega|62\/100\n|\n|-sideend|p1: Proffesor_Karrot|move: Tailwind\n|upkeep\n|turn|6\n|\n|t:|1732503803\n|move|p1b: Rayquaza_Mega|Stomping Tantrum|p2b: Weezing\n|-supereffective|p2b: Weezing\n|-damage|p2b: Weezing|0 fnt\n|faint|p2b: Weezing\n|-end|p2b: Weezing|ability: Neutralizing Gas\n|move|p2a: Hydrapple|Earth Power|p1b: Rayquaza_Mega\n|-supereffective|p1b: Rayquaza_Mega\n|-damage|p1b: Rayquaza_Mega|0 fnt\n|faint|p1b: Rayquaza_Mega\n|\n|win|regidragon12138\n|raw|Proffesor_Karrot's rating: 1693 &rarr; <strong>1670<\/strong><br \/>(-23 for losing)\n|raw|regidragon12138's rating: 1645 &rarr; <strong>1668<\/strong><br \/>(+23 for winning)\n|l|\u2606regidragon12138\n|player|p2|\n|l|\u2606Proffesor_Karrot\n|player|p1|\n","uploadtime":1732503809,"views":23,"formatid":"gen9vgc2024regh","rating":1668,"private":0,"password":null}