{"id":"gen9vgc2024regh-2250817955","format":"[Gen 9] VGC 2024 Reg H","players":["TheDecommissioner","Spottedwoot"],"log":"|j|\u2606TheDecommissioner\n|j|\u2606Spottedwoot\n|t:|1732550490\n|gametype|doubles\n|player|p1|TheDecommissioner|preschooler|1695\n|player|p2|Spottedwoot|266|1778\n|teamsize|p1|6\n|teamsize|p2|6\n|gen|9\n|tier|[Gen 9] VGC 2024 Reg H\n|rated|\n|rule|Species Clause: Limit one of each Pok\u00e9mon\n|rule|Item Clause: Limit 1 of each item\n|clearpoke\n|poke|p1|Indeedee-F, L50, F|\n|poke|p1|Torkoal, L50, F|\n|poke|p1|Kleavor, L50, M|\n|poke|p1|Lilligant-Hisui, L50, F|\n|poke|p1|Archaludon, L50, F|\n|poke|p1|Corviknight, L50, M|\n|poke|p2|Pelipper, L50, M|\n|poke|p2|Archaludon, L50, F|\n|poke|p2|Gholdengo, L50|\n|poke|p2|Basculegion, L50, M|\n|poke|p2|Rillaboom, L50, F|\n|poke|p2|Sneasler, L50, M|\n|teampreview|4\n|inactive|Battle timer is ON: inactive players will automatically lose when time's up. (requested by TheDecommissioner)\n|j| Peroquecuones\n|inactive|TheDecommissioner has 60 seconds left.\n|\n|t:|1732550527\n|start\n|switch|p1a: Lilligant|Lilligant-Hisui, L50, F|100\/100\n|switch|p1b: Archaludon|Archaludon, L50, F|100\/100\n|switch|p2a: Gholdengo|Gholdengo, L50|100\/100\n|switch|p2b: Basculegion|Basculegion, L50, M|100\/100\n|turn|1\n|\n|t:|1732550537\n|switch|p1b: Indeedee|Indeedee-F, L50, F|100\/100\n|-fieldstart|move: Psychic Terrain|[from] ability: Psychic Surge|[of] p1b: Indeedee\n|-enditem|p1b: Indeedee|Psychic Seed\n|-boost|p1b: Indeedee|spd|1|[from] item: Psychic Seed\n|move|p1a: Lilligant|Sleep Powder|p2b: Basculegion\n|-status|p2b: Basculegion|slp|[from] move: Sleep Powder\n|move|p2a: Gholdengo|Make It Rain|p1b: Indeedee|[spread] p1a,p1b\n|-crit|p1b: Indeedee\n|-damage|p1a: Lilligant|12\/100\n|-damage|p1b: Indeedee|25\/100\n|-unboost|p2a: Gholdengo|spa|1\n|-damage|p2a: Gholdengo|90\/100|[from] item: Life Orb\n|cant|p2b: Basculegion|slp\n|\n|upkeep\n|turn|2\n|\n|t:|1732550550\n|move|p1a: Lilligant|Bullet Seed|p2b: Basculegion\n|-supereffective|p2b: Basculegion\n|-damage|p2b: Basculegion|73\/100 slp\n|-supereffective|p2b: Basculegion\n|-damage|p2b: Basculegion|45\/100 slp\n|-supereffective|p2b: Basculegion\n|-damage|p2b: Basculegion|16\/100 slp\n|-hitcount|p2b: Basculegion|3\n|move|p2a: Gholdengo|Make It Rain|p1b: Indeedee|[spread] p1a,p1b\n|-damage|p1a: Lilligant|0 fnt\n|-damage|p1b: Indeedee|3\/100\n|-unboost|p2a: Gholdengo|spa|1\n|faint|p1a: Lilligant\n|-damage|p2a: Gholdengo|80\/100|[from] item: Life Orb\n|cant|p2b: Basculegion|slp\n|move|p1b: Indeedee|Psychic|p2b: Basculegion\n|-damage|p2b: Basculegion|0 fnt\n|faint|p2b: Basculegion\n|\n|upkeep\n|\n|t:|1732550559\n|switch|p1a: Torkoal|Torkoal, L50, F|100\/100\n|switch|p2b: Sneasler|Sneasler, L50, M|100\/100\n|-weather|SunnyDay|[from] ability: Drought|[of] p1a: Torkoal\n|turn|3\n|\n|t:|1732550566\n|switch|p2a: Pelipper|Pelipper, L50, M|100\/100\n|-weather|RainDance|[from] ability: Drizzle|[of] p2a: Pelipper\n|switch|p1b: Archaludon|Archaludon, L50, F|100\/100\n|-terastallize|p1a: Torkoal|Fire\n|move|p2b: Sneasler|Close Combat|p1b: Archaludon\n|-supereffective|p1b: Archaludon\n|-damage|p1b: Archaludon|5\/100\n|-unboost|p2b: Sneasler|def|1\n|-unboost|p2b: Sneasler|spd|1\n|-ability|p1b: Archaludon|Stamina|boost\n|-boost|p1b: Archaludon|def|1\n|move|p1a: Torkoal|Heat Wave|p2b: Sneasler|[spread] p2a,p2b\n|-resisted|p2a: Pelipper\n|-damage|p2a: Pelipper|78\/100\n|-damage|p2b: Sneasler|50\/100\n|-status|p2a: Pelipper|brn\n|\n|-weather|RainDance|[upkeep]\n|-damage|p2a: Pelipper|73\/100 brn|[from] brn\n|upkeep\n|turn|4\n|inactive|Spottedwoot has 30 seconds left.\n|\n|t:|1732550593\n|move|p2a: Pelipper|Weather Ball|p1a: Torkoal\n|-supereffective|p1a: Torkoal\n|-damage|p1a: Torkoal|0 fnt\n|faint|p1a: Torkoal\n|move|p2b: Sneasler|Dire Claw|p1b: Archaludon\n|-immune|p1b: Archaludon\n|move|p1b: Archaludon|Electro Shot||[still]\n|-prepare|p1b: Archaludon|Electro Shot\n|-boost|p1b: Archaludon|spa|1\n|-anim|p1b: Archaludon|Electro Shot|p2a: Pelipper\n|-supereffective|p2a: Pelipper\n|-damage|p2a: Pelipper|0 fnt\n|faint|p2a: Pelipper\n|\n|-weather|RainDance|[upkeep]\n|upkeep\n|\n|t:|1732550597\n|switch|p2a: Gholdengo|Gholdengo, L50|80\/100\n|switch|p1a: Indeedee|Indeedee-F, L50, F|3\/100\n|turn|5\n|-message|TheDecommissioner forfeited.\n|\n|win|Spottedwoot\n|raw|TheDecommissioner's rating: 1695 &rarr; <strong>1680<\/strong><br \/>(-15 for losing)\n|raw|Spottedwoot's rating: 1778 &rarr; <strong>1793<\/strong><br \/>(+15 for winning)\n|l|\u2606TheDecommissioner\n|player|p1|\n","uploadtime":1732550604,"views":107,"formatid":"gen9vgc2024regh","rating":1680,"private":0,"password":null}