{"id":"gen9vgc2024regh-2250308993","format":"[Gen 9] VGC 2024 Reg H","players":["Lilherc","SHIDMONBADGAME"],"log":"|j|\u2606Lilherc\n|j|\u2606SHIDMONBADGAME\n|t:|1732478649\n|gametype|doubles\n|player|p1|Lilherc|170|1684\n|player|p2|SHIDMONBADGAME|policeman-gen4|1739\n|teamsize|p1|6\n|teamsize|p2|6\n|gen|9\n|tier|[Gen 9] VGC 2024 Reg H\n|rated|\n|rule|Species Clause: Limit one of each Pok\u00e9mon\n|rule|Item Clause: Limit 1 of each item\n|clearpoke\n|poke|p1|Volcarona, L50, F|\n|poke|p1|Dragonite, L50, M|\n|poke|p1|Sneasler, L50, F|\n|poke|p1|Rillaboom, L50, F|\n|poke|p1|Ninetales-Alola, L50, M|\n|poke|p1|Basculegion, L50, M|\n|poke|p2|Murkrow, L50, M|\n|poke|p2|Gholdengo, L50|\n|poke|p2|Pawmot, L50, F|\n|poke|p2|Kommo-o, L50, F|\n|poke|p2|Basculegion, L50, M|\n|poke|p2|Farigiraf, L50, F|\n|teampreview|4\n|inactive|Battle timer is ON: inactive players will automatically lose when time's up. (requested by SHIDMONBADGAME)\n|inactive|SHIDMONBADGAME has 60 seconds left.\n|\n|t:|1732478681\n|start\n|switch|p1a: Volcarona|Volcarona, L50, F|100\/100\n|switch|p1b: Ninetales|Ninetales-Alola, L50, M|100\/100\n|switch|p2a: Luis Carruthers|Murkrow, L50, M, shiny|100\/100\n|switch|p2b: Kommo-o|Kommo-o, L50, F|100\/100\n|-weather|Snow|[from] ability: Snow Warning|[of] p1b: Ninetales\n|turn|1\n|\n|t:|1732478695\n|-terastallize|p2b: Kommo-o|Fire\n|-terastallize|p1a: Volcarona|Fairy\n|move|p2a: Luis Carruthers|Tailwind|p2a: Luis Carruthers\n|-sidestart|p2: SHIDMONBADGAME|move: Tailwind\n|move|p2b: Kommo-o|Flamethrower|p1b: Ninetales\n|-supereffective|p1b: Ninetales\n|-damage|p1b: Ninetales|0 fnt\n|faint|p1b: Ninetales\n|-damage|p2b: Kommo-o|90\/100|[from] item: Life Orb\n|move|p1a: Volcarona|Quiver Dance|p1a: Volcarona\n|-boost|p1a: Volcarona|spa|1\n|-boost|p1a: Volcarona|spd|1\n|-boost|p1a: Volcarona|spe|1\n|\n|-weather|Snow|[upkeep]\n|upkeep\n|\n|t:|1732478713\n|switch|p1b: Sneasler|Sneasler, L50, F|100\/100\n|turn|2\n|\n|t:|1732478731\n|move|p2a: Luis Carruthers|Haze|p2a: Luis Carruthers\n|-clearallboost\n|move|p2b: Kommo-o|Flamethrower|p1b: Sneasler\n|-damage|p1b: Sneasler|28\/100\n|-damage|p2b: Kommo-o|80\/100|[from] item: Life Orb\n|move|p1b: Sneasler|Dire Claw|p2b: Kommo-o\n|-damage|p2b: Kommo-o|34\/100\n|-status|p2b: Kommo-o|par\n|move|p1a: Volcarona|Heat Wave|p2a: Luis Carruthers|[spread] p2a,p2b\n|-resisted|p2b: Kommo-o\n|-damage|p2a: Luis Carruthers|68\/100\n|-damage|p2b: Kommo-o|15\/100 par\n|-status|p2a: Luis Carruthers|brn\n|\n|-weather|Snow|[upkeep]\n|-damage|p2a: Luis Carruthers|62\/100 brn|[from] brn\n|upkeep\n|turn|3\n|\n|t:|1732478747\n|switch|p1b: Rillaboom|Rillaboom, L50, F|100\/100\n|-fieldstart|move: Grassy Terrain|[from] ability: Grassy Surge|[of] p1b: Rillaboom\n|move|p2a: Luis Carruthers|Brave Bird|p1b: Rillaboom\n|-supereffective|p1b: Rillaboom\n|-crit|p1b: Rillaboom\n|-damage|p1b: Rillaboom|45\/100\n|-damage|p2a: Luis Carruthers|41\/100 brn|[from] Recoil\n|move|p2b: Kommo-o|Flamethrower|p1a: Volcarona\n|-damage|p1a: Volcarona|50\/100\n|-damage|p2b: Kommo-o|4\/100 par|[from] item: Life Orb\n|move|p1a: Volcarona|Quiver Dance|p1a: Volcarona\n|-boost|p1a: Volcarona|spa|1\n|-boost|p1a: Volcarona|spd|1\n|-boost|p1a: Volcarona|spe|1\n|\n|-weather|Snow|[upkeep]\n|-heal|p1a: Volcarona|56\/100|[from] Grassy Terrain\n|-heal|p1a: Volcarona|62\/100|[from] item: Leftovers\n|-heal|p2b: Kommo-o|10\/100 par|[from] Grassy Terrain\n|-heal|p1b: Rillaboom|52\/100|[from] Grassy Terrain\n|-damage|p2a: Luis Carruthers|35\/100 brn|[from] brn\n|upkeep\n|turn|4\n|\n|t:|1732478771\n|switch|p2a: Pawmot|Pawmot, L50, F|100\/100\n|move|p1b: Rillaboom|Fake Out|p2a: Pawmot\n|-damage|p2a: Pawmot|78\/100\n|move|p1a: Volcarona|Heat Wave|p2a: Pawmot|[spread] p2a,p2b\n|-resisted|p2b: Kommo-o\n|-damage|p2a: Pawmot|0 fnt\n|-damage|p2b: Kommo-o|0 fnt\n|faint|p2a: Pawmot\n|faint|p2b: Kommo-o\n|\n|-weather|Snow|[upkeep]\n|-heal|p1a: Volcarona|69\/100|[from] Grassy Terrain\n|-heal|p1a: Volcarona|75\/100|[from] item: Leftovers\n|-heal|p1b: Rillaboom|58\/100|[from] Grassy Terrain\n|-sideend|p2: SHIDMONBADGAME|move: Tailwind\n|upkeep\n|\n|t:|1732478773\n|switch|p2a: Gholdengo|Gholdengo, L50|100\/100\n|switch|p2b: Luis Carruthers|Murkrow, L50, M, shiny|35\/100 brn\n|turn|5\n|inactive|Lilherc has 30 seconds left.\n|\n|t:|1732478800\n|move|p2b: Luis Carruthers|Tailwind|p2b: Luis Carruthers\n|-sidestart|p2: SHIDMONBADGAME|move: Tailwind\n|move|p2a: Gholdengo|Make It Rain|p1b: Rillaboom|[spread] p1a,p1b\n|-supereffective|p1a: Volcarona\n|-damage|p1a: Volcarona|0 fnt\n|-damage|p1b: Rillaboom|0 fnt\n|-unboost|p2a: Gholdengo|spa|1\n|faint|p1a: Volcarona\n|faint|p1b: Rillaboom\n|\n|-weather|none\n|-damage|p2b: Luis Carruthers|29\/100 brn|[from] brn\n|upkeep\n|\n|t:|1732478809\n|switch|p1b: Sneasler|Sneasler, L50, F|28\/100\n|-enditem|p1b: Sneasler|Grassy Seed\n|-boost|p1b: Sneasler|def|1|[from] item: Grassy Seed\n|turn|6\n|\n|t:|1732478818\n|move|p1b: Sneasler|Throat Chop|p2a: Gholdengo\n|-supereffective|p2a: Gholdengo\n|-damage|p2a: Gholdengo|35\/100\n|-start|p2a: Gholdengo|Throat Chop|[silent]\n|move|p2a: Gholdengo|Make It Rain|p1b: Sneasler\n|-damage|p1b: Sneasler|0 fnt\n|-unboost|p2a: Gholdengo|spa|1\n|faint|p1b: Sneasler\n|\n|win|SHIDMONBADGAME\n|raw|Lilherc's rating: 1684 &rarr; <strong>1667<\/strong><br \/>(-17 for losing)\n|raw|SHIDMONBADGAME's rating: 1739 &rarr; <strong>1756<\/strong><br \/>(+17 for winning)\n|l|\u2606SHIDMONBADGAME\n|player|p2|\n|l|\u2606Lilherc\n|player|p1|\n","uploadtime":1732479033,"views":5,"formatid":"gen9vgc2024regh","rating":1667,"private":0,"password":null}