{"id":"gen9vgc2024regh-2250081436","format":"[Gen 9] VGC 2024 Reg H","players":["FireRedzzz","VGCLTH skibidi"],"log":"|raw|<div class=\"broadcast-blue\"><strong>This battle is required to be public due to a player having a name starting with 'vgclth'.<\/div>\n|j|\u2606FireRedzzz\n|j|\u2606VGCLTH skibidi\n|t:|1732447214\n|gametype|doubles\n|player|p1|FireRedzzz|ethan|1766\n|player|p2|VGCLTH skibidi|piers-masters|1838\n|teamsize|p1|6\n|teamsize|p2|6\n|gen|9\n|tier|[Gen 9] VGC 2024 Reg H\n|rated|\n|rule|Species Clause: Limit one of each Pok\u00e9mon\n|rule|Item Clause: Limit 1 of each item\n|clearpoke\n|poke|p1|Kingambit, L50, F|\n|poke|p1|Electabuzz, L50, M|\n|poke|p1|Rillaboom, L50, M|\n|poke|p1|Primarina, L50, F|\n|poke|p1|Sneasler, L50, M|\n|poke|p1|Volcarona, L50, F|\n|poke|p2|Whimsicott, L50, F|\n|poke|p2|Gallade, L50, M|\n|poke|p2|Archaludon, L50, F|\n|poke|p2|Malamar, L50, F|\n|poke|p2|Indeedee, L50, M|\n|poke|p2|Drifblim, L50, M|\n|teampreview|4\n|inactive|Battle timer is ON: inactive players will automatically lose when time's up. (requested by VGCLTH skibidi)\nFireRedzzz has agreed to open team sheets.\nVGCLTH skibidi rejected open team sheets.\n|inactive|FireRedzzz has 60 seconds left.\n|inactive|VGCLTH skibidi has 60 seconds left.\n|\n|t:|1732447250\n|start\n|switch|p1a: Volcarona|Volcarona, L50, F, shiny|100\/100\n|switch|p1b: Electabuzz|Electabuzz, L50, M|100\/100\n|switch|p2a: Mischief Mother|Whimsicott, L50, F, shiny|100\/100\n|switch|p2b: \u2694\ufe0fKing\u2694\ufe0f|Gallade, L50, M, shiny|100\/100\n|turn|1\n|inactive|FireRedzzz has 30 seconds left.\n|inactive|FireRedzzz has 20 seconds left.\n|inactive|FireRedzzz has 15 seconds left.\n|inactive|FireRedzzz has 10 seconds left.\n|\n|t:|1732447296\n|move|p1b: Electabuzz|Follow Me|p1b: Electabuzz\n|-singleturn|p1b: Electabuzz|move: Follow Me\n|move|p2a: Mischief Mother|Moonblast|p1b: Electabuzz\n|-damage|p1b: Electabuzz|72\/100\n|move|p1a: Volcarona|Quiver Dance|p1a: Volcarona\n|-boost|p1a: Volcarona|spa|1\n|-boost|p1a: Volcarona|spd|1\n|-boost|p1a: Volcarona|spe|1\n|move|p2b: \u2694\ufe0fKing\u2694\ufe0f|Sacred Sword|p1b: Electabuzz\n|-damage|p1b: Electabuzz|13\/100\n|\n|upkeep\n|turn|2\n|\n|t:|1732447312\n|move|p1b: Electabuzz|Follow Me|p1b: Electabuzz\n|-singleturn|p1b: Electabuzz|move: Follow Me\n|move|p1a: Volcarona|Heat Wave|p2b: \u2694\ufe0fKing\u2694\ufe0f|[spread] p2a,p2b\n|-supereffective|p2a: Mischief Mother\n|-enditem|p2a: Mischief Mother|Focus Sash\n|-damage|p2a: Mischief Mother|1\/100\n|-damage|p2b: \u2694\ufe0fKing\u2694\ufe0f|41\/100\n|move|p2a: Mischief Mother|Moonblast|p1b: Electabuzz\n|-damage|p1b: Electabuzz|0 fnt\n|faint|p1b: Electabuzz\n|move|p2b: \u2694\ufe0fKing\u2694\ufe0f|Psycho Cut|p1a: Volcarona\n|-damage|p1a: Volcarona|38\/100\n|\n|upkeep\n|\n|t:|1732447324\n|switch|p1b: Rillaboom|Rillaboom, L50, M|100\/100\n|-fieldstart|move: Grassy Terrain|[from] ability: Grassy Surge|[of] p1b: Rillaboom\n|-enditem|p1a: Volcarona|Grassy Seed\n|-boost|p1a: Volcarona|def|1|[from] item: Grassy Seed\n|turn|3\n|\n|t:|1732447343\n|switch|p2b: Tapu Deedee|Indeedee, L50, M, shiny|100\/100\n|-fieldstart|move: Psychic Terrain|[from] ability: Psychic Surge|[of] p2b: Tapu Deedee\n|move|p1a: Volcarona|Protect|p1a: Volcarona\n|-singleturn|p1a: Volcarona|Protect\n|move|p2a: Mischief Mother|Tailwind|p2a: Mischief Mother\n|-sidestart|p2: VGCLTH skibidi|move: Tailwind\n|move|p1b: Rillaboom|Wood Hammer|p2b: Tapu Deedee\n|-damage|p2b: Tapu Deedee|0 fnt\n|faint|p2b: Tapu Deedee\n|-damage|p1b: Rillaboom|78\/100|[from] Recoil\n|\n|upkeep\n|\n|t:|1732447350\n|switch|p2b: \u2694\ufe0fKing\u2694\ufe0f|Gallade, L50, M, shiny|41\/100\n|turn|4\n|inactive|FireRedzzz has 30 seconds left.\n|\n|t:|1732447379\n|switch|p1b: Sneasler|Sneasler, L50, M|100\/100\n|-terastallize|p2b: \u2694\ufe0fKing\u2694\ufe0f|Grass\n|-terastallize|p1a: Volcarona|Fairy\n|move|p2a: Mischief Mother|Moonblast|p1b: Sneasler\n|-damage|p1b: Sneasler|51\/100\n|-unboost|p1b: Sneasler|spa|1\n|move|p2b: \u2694\ufe0fKing\u2694\ufe0f|Psycho Cut|p1a: Volcarona\n|-crit|p1a: Volcarona\n|-damage|p1a: Volcarona|0 fnt\n|faint|p1a: Volcarona\n|\n|upkeep\n|\n|t:|1732447391\n|switch|p1a: Rillaboom|Rillaboom, L50, M|78\/100\n|-fieldstart|move: Grassy Terrain|[from] ability: Grassy Surge|[of] p1a: Rillaboom\n|turn|5\n|\n|t:|1732447415\n|switch|p2b: Bridget|Archaludon, L50, F, shiny|100\/100\n|move|p1b: Sneasler|Fake Out|p2b: Bridget\n|-resisted|p2b: Bridget\n|-damage|p2b: Bridget|95\/100\n|-ability|p2b: Bridget|Stamina|boost\n|-boost|p2b: Bridget|def|1\n|move|p1a: Rillaboom|Grassy Glide|p2a: Mischief Mother\n|-resisted|p2a: Mischief Mother\n|-damage|p2a: Mischief Mother|0 fnt\n|faint|p2a: Mischief Mother\n|\n|-heal|p2b: Bridget|100\/100|[from] Grassy Terrain\n|-heal|p1b: Sneasler|57\/100|[from] Grassy Terrain\n|-heal|p1a: Rillaboom|84\/100|[from] Grassy Terrain\n|upkeep\n|\n|t:|1732447419\n|switch|p2a: \u2694\ufe0fKing\u2694\ufe0f|Gallade, L50, M, shiny, tera:Grass|41\/100\n|turn|6\n|\n|t:|1732447438\n|move|p1b: Sneasler|Protect|p1b: Sneasler\n|-singleturn|p1b: Sneasler|Protect\n|move|p2a: \u2694\ufe0fKing\u2694\ufe0f|Sacred Sword|p1a: Rillaboom\n|-damage|p1a: Rillaboom|13\/100\n|move|p2b: Bridget|Body Press|p1a: Rillaboom\n|-damage|p1a: Rillaboom|0 fnt\n|faint|p1a: Rillaboom\n|\n|-heal|p2a: \u2694\ufe0fKing\u2694\ufe0f|47\/100|[from] Grassy Terrain\n|-heal|p1b: Sneasler|63\/100|[from] Grassy Terrain\n|-sideend|p2: VGCLTH skibidi|move: Tailwind\n|upkeep\n|turn|7\n|-message|FireRedzzz forfeited.\n|\n|win|VGCLTH skibidi\n|raw|FireRedzzz's rating: 1766 &rarr; <strong>1750<\/strong><br \/>(-16 for losing)\n|raw|VGCLTH skibidi's rating: 1838 &rarr; <strong>1854<\/strong><br \/>(+16 for winning)\n|l|\u2606FireRedzzz\n|player|p1|\n|l|\u2606VGCLTH skibidi\n|player|p2|\n","uploadtime":1732447701,"views":17,"formatid":"gen9vgc2024regh","rating":1750,"private":0,"password":null}