{"id":"gen9vgc2024regh-2250428819","format":"[Gen 9] VGC 2024 Reg H","players":["davistar11","ggfsb"],"log":"|j|\u2606davistar11\n|j|\u2606ggfsb\n|t:|1732492873\n|gametype|doubles\n|player|p1|davistar11|unknown|1682\n|player|p2|ggfsb|palmer|1675\n|teamsize|p1|6\n|teamsize|p2|6\n|gen|9\n|tier|[Gen 9] VGC 2024 Reg H\n|rated|\n|rule|Species Clause: Limit one of each Pok\u00e9mon\n|rule|Item Clause: Limit 1 of each item\n|clearpoke\n|poke|p1|Quaquaval, L50, M|\n|poke|p1|Amoonguss, L50, F|\n|poke|p1|Kingambit, L50, M|\n|poke|p1|Maushold, L50|\n|poke|p1|Archaludon, L50, M|\n|poke|p1|Pelipper, L50, M|\n|poke|p2|Glimmora, L50, M|\n|poke|p2|Rillaboom, L50, F|\n|poke|p2|Murkrow, L50, F|\n|poke|p2|Gholdengo, L50|\n|poke|p2|Tyranitar, L50, F|\n|poke|p2|Garchomp, L50, F|\n|teampreview|4\n|inactive|Battle timer is ON: inactive players will automatically lose when time's up. (requested by davistar11)\n|j| theblackswanna7\n|inactive|ggfsb has 60 seconds left.\ndavistar11 rejected open team sheets.\n|\n|t:|1732492925\n|start\n|switch|p1a: Maushold|Maushold, L50, shiny|100\/100\n|switch|p1b: Archaludon|Archaludon, L50, M|100\/100\n|switch|p2a: Murkrow|Murkrow, L50, F|100\/100\n|switch|p2b: Garchomp|Garchomp, L50, F|100\/100\n|turn|1\n|\n|t:|1732492946\n|-terastallize|p2b: Garchomp|Ground\n|move|p2a: Murkrow|Tailwind|p2a: Murkrow\n|-sidestart|p2: ggfsb|move: Tailwind\n|move|p2b: Garchomp|Earthquake|p1b: Archaludon|[spread] p1a,p1b\n|-immune|p2a: Murkrow\n|-supereffective|p1b: Archaludon\n|-damage|p1a: Maushold|0 fnt\n|-ability|p1b: Archaludon|Sturdy\n|-damage|p1b: Archaludon|1\/100\n|faint|p1a: Maushold\n|-damage|p2b: Garchomp|91\/100|[from] item: Life Orb\n|move|p1b: Archaludon|Draco Meteor|p2b: Garchomp\n|-damage|p2b: Garchomp|13\/100\n|-unboost|p1b: Archaludon|spa|2\n|\n|upkeep\n|\n|t:|1732492957\n|switch|p1a: Kingambit|Kingambit, L50, M|100\/100\n|turn|2\n|\n|t:|1732492974\n|move|p1a: Kingambit|Sucker Punch|p2b: Garchomp\n|-damage|p2b: Garchomp|0 fnt\n|-damage|p1a: Kingambit|88\/100|[from] ability: Rough Skin|[of] p2b: Garchomp\n|faint|p2b: Garchomp\n|move|p2a: Murkrow|Brave Bird|p1b: Archaludon\n|-resisted|p1b: Archaludon\n|-damage|p1b: Archaludon|0 fnt\n|faint|p1b: Archaludon\n|-damage|p2a: Murkrow|99\/100|[from] Recoil\n|\n|upkeep\n|\n|t:|1732492985\n|switch|p2b: Rillaboom|Rillaboom, L50, F|100\/100\n|switch|p1b: Pelipper|Pelipper, L50, M|100\/100\n|-fieldstart|move: Grassy Terrain|[from] ability: Grassy Surge|[of] p2b: Rillaboom\n|-weather|RainDance|[from] ability: Drizzle|[of] p1b: Pelipper\n|turn|3\n|\n|t:|1732493001\n|-terastallize|p1a: Kingambit|Flying\n|move|p2b: Rillaboom|Wood Hammer|p1b: Pelipper\n|-damage|p1b: Pelipper|0 fnt\n|faint|p1b: Pelipper\n|-damage|p2b: Rillaboom|77\/100|[from] Recoil\n|move|p2a: Murkrow|Brave Bird|p1a: Kingambit\n|-damage|p1a: Kingambit|61\/100\n|-damage|p2a: Murkrow|89\/100|[from] Recoil\n|move|p1a: Kingambit|Tera Blast|p2b: Rillaboom|[anim] Tera Blast Flying\n|-supereffective|p2b: Rillaboom\n|-damage|p2b: Rillaboom|0 fnt\n|faint|p2b: Rillaboom\n|\n|-weather|RainDance|[upkeep]\n|upkeep\n|\n|t:|1732493003\n|switch|p2b: Gholdengo|Gholdengo, L50|100\/100\n|turn|4\n|\n|t:|1732493019\n|move|p2b: Gholdengo|Trick|p1a: Kingambit\n|-activate|p2b: Gholdengo|move: Trick|[of] p1a: Kingambit\n|-item|p1a: Kingambit|Choice Specs|[from] move: Trick\n|-item|p2b: Gholdengo|Assault Vest|[from] move: Trick\n|move|p2a: Murkrow|Brave Bird|p1a: Kingambit\n|-damage|p1a: Kingambit|34\/100\n|-damage|p2a: Murkrow|78\/100|[from] Recoil\n|move|p1a: Kingambit|Kowtow Cleave|p2b: Gholdengo\n|-supereffective|p2b: Gholdengo\n|-damage|p2b: Gholdengo|0 fnt\n|faint|p2b: Gholdengo\n|\n|-weather|RainDance|[upkeep]\n|-sideend|p2: ggfsb|move: Tailwind\n|upkeep\n|turn|5\n|\n|t:|1732493032\n|move|p2a: Murkrow|Brave Bird|p1a: Kingambit\n|-crit|p1a: Kingambit\n|-damage|p1a: Kingambit|0 fnt\n|faint|p1a: Kingambit\n|-damage|p2a: Murkrow|65\/100|[from] Recoil\n|\n|win|ggfsb\n|raw|davistar11's rating: 1682 &rarr; <strong>1662<\/strong><br \/>(-20 for losing)\n|raw|ggfsb's rating: 1675 &rarr; <strong>1695<\/strong><br \/>(+20 for winning)\n|l|\u2606davistar11\n|player|p1|\n|l| theblackswanna7\n|l|\u2606ggfsb\n|player|p2|\n","uploadtime":1732493248,"views":7,"formatid":"gen9vgc2024regh","rating":1662,"private":0,"password":null}