{"id":"gen9vgc2024regh-2250030868","format":"[Gen 9] VGC 2024 Reg H","players":["zip520520","FireRedzzz"],"log":"|j|\u2606zip520520\n|j|\u2606FireRedzzz\n|t:|1732435931\n|gametype|doubles\n|player|p1|zip520520|170|1698\n|player|p2|FireRedzzz|ethan|1802\n|teamsize|p1|6\n|teamsize|p2|6\n|gen|9\n|tier|[Gen 9] VGC 2024 Reg H\n|rated|\n|rule|Species Clause: Limit one of each Pok\u00e9mon\n|rule|Item Clause: Limit 1 of each item\n|clearpoke\n|poke|p1|Rillaboom, L50, M|\n|poke|p1|Misdreavus, L50, F|\n|poke|p1|Archaludon, L50, M|\n|poke|p1|Gothitelle, L50, M|\n|poke|p1|Incineroar, L50, F|\n|poke|p1|Ursaluna, L50, F|\n|poke|p2|Kingambit, L50, F|\n|poke|p2|Electabuzz, L50, F|\n|poke|p2|Rillaboom, L50, F|\n|poke|p2|Primarina, L50, F|\n|poke|p2|Sneasler, L50, M|\n|poke|p2|Volcarona, L50, F|\n|teampreview|4\n|inactive|Battle timer is ON: inactive players will automatically lose when time's up. (requested by zip520520)\n|inactive|FireRedzzz has 60 seconds left.\nFireRedzzz has agreed to open team sheets.\n|inactive|FireRedzzz has 30 seconds left.\n|\n|t:|1732435998\n|start\n|switch|p1a: Misdreavus|Misdreavus, L50, F|100\/100\n|switch|p1b: Rillaboom|Rillaboom, L50, M|100\/100\n|switch|p2a: Kingambit|Kingambit, L50, F|100\/100\n|switch|p2b: Sneasler|Sneasler, L50, M|100\/100\n|-fieldstart|move: Grassy Terrain|[from] ability: Grassy Surge|[of] p1b: Rillaboom\n|turn|1\n|inactive|FireRedzzz has 30 seconds left.\n|\n|t:|1732436026\n|switch|p1b: Gothitelle|Gothitelle, L50, M|100\/100\n|move|p2b: Sneasler|Fake Out|p1b: Gothitelle\n|-damage|p1b: Gothitelle|89\/100\n|move|p1a: Misdreavus|Perish Song|p1a: Misdreavus\n|-start|p1a: Misdreavus|perish3|[silent]\n|-start|p1b: Gothitelle|perish3|[silent]\n|-start|p2a: Kingambit|perish3|[silent]\n|-start|p2b: Sneasler|perish3|[silent]\n|-fieldactivate|move: Perish Song\n|move|p2a: Kingambit|Swords Dance|p2a: Kingambit\n|-boost|p2a: Kingambit|atk|2\n|\n|-heal|p1b: Gothitelle|95\/100|[from] Grassy Terrain\n|-start|p2b: Sneasler|perish3\n|-start|p1a: Misdreavus|perish3\n|-start|p1b: Gothitelle|perish3\n|-start|p2a: Kingambit|perish3\n|upkeep\n|turn|2\n|inactive|zip520520 has 30 seconds left.\n|\n|t:|1732436052\n|-terastallize|p2b: Sneasler|Ghost\n|move|p1b: Gothitelle|Fake Out|p2a: Kingambit\n|-resisted|p2a: Kingambit\n|-damage|p2a: Kingambit|99\/100\n|move|p2b: Sneasler|Dire Claw|p1b: Gothitelle\n|-damage|p1b: Gothitelle|60\/100\n|cant|p2a: Kingambit|flinch\n|move|p1a: Misdreavus|Trick Room|p1a: Misdreavus\n|-fieldstart|move: Trick Room|[of] p1a: Misdreavus\n|\n|-heal|p2a: Kingambit|100\/100|[from] Grassy Terrain\n|-heal|p1b: Gothitelle|66\/100|[from] Grassy Terrain\n|-start|p2a: Kingambit|perish2\n|-start|p1b: Gothitelle|perish2\n|-start|p1a: Misdreavus|perish2\n|-start|p2b: Sneasler|perish2\n|upkeep\n|turn|3\n|inactive|zip520520 has 30 seconds left.\n|\n|t:|1732436079\n|switch|p2b: Volcarona|Volcarona, L50, F, shiny|100\/100\n|-enditem|p2b: Volcarona|Grassy Seed\n|-boost|p2b: Volcarona|def|1|[from] item: Grassy Seed\n|move|p1b: Gothitelle|Protect|p1b: Gothitelle\n|-singleturn|p1b: Gothitelle|Protect\n|move|p1a: Misdreavus|Protect|p1a: Misdreavus\n|-singleturn|p1a: Misdreavus|Protect\n|move|p2a: Kingambit|Kowtow Cleave|p1b: Gothitelle\n|-activate|p1b: Gothitelle|move: Protect\n|\n|-heal|p1b: Gothitelle|72\/100|[from] Grassy Terrain\n|-start|p2a: Kingambit|perish1\n|-start|p1b: Gothitelle|perish1\n|-start|p1a: Misdreavus|perish1\n|upkeep\n|turn|4\n|inactive|zip520520 has 30 seconds left.\n|inactive|zip520520 has 20 seconds left.\n|inactive|zip520520 has 15 seconds left.\n|inactive|zip520520 has 10 seconds left.\n|\n|t:|1732436129\n|switch|p1b: Ursaluna|Ursaluna, L50, F|100\/100\n|switch|p1a: Rillaboom|Rillaboom, L50, M|100\/100\n|move|p2a: Kingambit|Kowtow Cleave|p1a: Rillaboom\n|-damage|p1a: Rillaboom|16\/100\n|move|p2b: Volcarona|Quiver Dance|p2b: Volcarona\n|-boost|p2b: Volcarona|spa|1\n|-boost|p2b: Volcarona|spd|1\n|-boost|p2b: Volcarona|spe|1\n|\n|-heal|p1a: Rillaboom|22\/100|[from] Grassy Terrain\n|-start|p2a: Kingambit|perish0\n|faint|p2a: Kingambit\n|-status|p1b: Ursaluna|brn|[from] item: Flame Orb\n|upkeep\n|inactive|FireRedzzz has 30 seconds left.\n|\n|t:|1732436156\n|switch|p2a: Rillaboom|Rillaboom, L50, F|100\/100\n|turn|5\n|inactive|zip520520 has 30 seconds left.\n|inactive|FireRedzzz has 30 seconds left.\n|inactive|FireRedzzz has 20 seconds left.\n|inactive|FireRedzzz has 15 seconds left.\n|\n|t:|1732436197\n|switch|p1a: Gothitelle|Gothitelle, L50, M|72\/100\n|-terastallize|p1b: Ursaluna|Ghost\n|move|p2a: Rillaboom|Grassy Glide|p1b: Ursaluna\n|-damage|p1b: Ursaluna|70\/100 brn\n|move|p1b: Ursaluna|Facade|p2b: Volcarona\n|-damage|p2b: Volcarona|1\/100\n|move|p2b: Volcarona|Heat Wave|p1a: Gothitelle|[spread] p1a\n|-miss|p2b: Volcarona|p1b: Ursaluna\n|-damage|p1a: Gothitelle|21\/100\n|-enditem|p1a: Gothitelle|Sitrus Berry|[eat]\n|-heal|p1a: Gothitelle|46\/100|[from] item: Sitrus Berry\n|\n|-heal|p1b: Ursaluna|76\/100 brn|[from] Grassy Terrain\n|-heal|p1a: Gothitelle|52\/100|[from] Grassy Terrain\n|-heal|p2b: Volcarona|7\/100|[from] Grassy Terrain\n|-damage|p1b: Ursaluna|70\/100 brn|[from] brn\n|-fieldend|move: Grassy Terrain\n|upkeep\n|turn|6\n|inactive|zip520520 has 30 seconds left.\n|inactive|FireRedzzz has 30 seconds left.\n|\n|t:|1732436229\n|move|p1b: Ursaluna|Facade|p2a: Rillaboom\n|-damage|p2a: Rillaboom|0 fnt\n|faint|p2a: Rillaboom\n|move|p1a: Gothitelle|Psychic|p2b: Volcarona\n|-damage|p2b: Volcarona|0 fnt\n|faint|p2b: Volcarona\n|\n|-damage|p1b: Ursaluna|64\/100 brn|[from] brn\n|-fieldend|move: Trick Room\n|upkeep\n|\n|t:|1732436238\n|switch|p2b: Sneasler|Sneasler, L50, M, tera:Ghost|100\/100\n|turn|7\n|\n|t:|1732436248\n|move|p2b: Sneasler|Dire Claw|p1a: Gothitelle\n|-damage|p1a: Gothitelle|18\/100\n|-status|p1a: Gothitelle|slp\n|move|p1b: Ursaluna|Headlong Rush|p2b: Sneasler\n|-enditem|p2b: Sneasler|Focus Sash\n|-damage|p2b: Sneasler|1\/100\n|-unboost|p1b: Ursaluna|def|1\n|-unboost|p1b: Ursaluna|spd|1\n|cant|p1a: Gothitelle|slp\n|\n|-damage|p1b: Ursaluna|58\/100 brn|[from] brn\n|upkeep\n|turn|8\n|c|\u2606FireRedzzz|gg\n|-message|FireRedzzz forfeited.\n|\n|win|zip520520\n|raw|zip520520's rating: 1682 &rarr; <strong>1709<\/strong><br \/>(+27 for winning)\n|raw|FireRedzzz's rating: 1802 &rarr; <strong>1775<\/strong><br \/>(-27 for losing)\n|l|\u2606FireRedzzz\n|player|p2|\n|l|\u2606zip520520\n|player|p1|\n","uploadtime":1732436478,"views":5,"formatid":"gen9vgc2024regh","rating":1709,"private":0,"password":null}