{"id":"gen9vgc2024regh-2250798866","format":"[Gen 9] VGC 2024 Reg H","players":["TheDecommissioner","Spottedwoot"],"log":"|j|\u2606TheDecommissioner\n|j|\u2606Spottedwoot\n|t:|1732548529\n|gametype|doubles\n|player|p1|TheDecommissioner|preschooler|1709\n|player|p2|Spottedwoot|266|1810\n|teamsize|p1|6\n|teamsize|p2|6\n|gen|9\n|tier|[Gen 9] VGC 2024 Reg H\n|rated|\n|rule|Species Clause: Limit one of each Pok\u00e9mon\n|rule|Item Clause: Limit 1 of each item\n|clearpoke\n|poke|p1|Indeedee-F, L50, F|\n|poke|p1|Torkoal, L50, M|\n|poke|p1|Kleavor, L50, F|\n|poke|p1|Lilligant-Hisui, L50, F|\n|poke|p1|Archaludon, L50, F|\n|poke|p1|Corviknight, L50, M|\n|poke|p2|Pelipper, L50, F|\n|poke|p2|Archaludon, L50, F|\n|poke|p2|Gholdengo, L50|\n|poke|p2|Basculegion, L50, M|\n|poke|p2|Rillaboom, L50, F|\n|poke|p2|Sneasler, L50, F|\n|teampreview|4\n|inactive|Battle timer is ON: inactive players will automatically lose when time's up. (requested by TheDecommissioner)\n|inactive|Spottedwoot has 60 seconds left.\n|\n|t:|1732548578\n|start\n|switch|p1a: Lilligant|Lilligant-Hisui, L50, F|100\/100\n|switch|p1b: Torkoal|Torkoal, L50, M|100\/100\n|switch|p2a: Gholdengo|Gholdengo, L50|100\/100\n|switch|p2b: Basculegion|Basculegion, L50, M|100\/100\n|-weather|SunnyDay|[from] ability: Drought|[of] p1b: Torkoal\n|turn|1\n|\n|t:|1732548588\n|switch|p2a: Pelipper|Pelipper, L50, F|100\/100\n|-weather|RainDance|[from] ability: Drizzle|[of] p2a: Pelipper\n|switch|p1b: Archaludon|Archaludon, L50, F|100\/100\n|move|p2b: Basculegion|Flip Turn|p1b: Archaludon\n|-resisted|p1b: Archaludon\n|-crit|p1b: Archaludon\n|-damage|p1b: Archaludon|62\/100\n|-ability|p1b: Archaludon|Stamina|boost\n|-boost|p1b: Archaludon|def|1\n|\n|t:|1732548599\n|switch|p2b: Gholdengo|Gholdengo, L50|100\/100|[from] Flip Turn\n|move|p1a: Lilligant|Sleep Powder|p2b: Gholdengo\n|-immune|p2b: Gholdengo|[from] ability: Good as Gold\n|\n|-weather|RainDance|[upkeep]\n|upkeep\n|turn|2\n|\n|t:|1732548612\n|move|p2a: Pelipper|Icy Wind|p1b: Archaludon|[spread] p1a,p1b\n|-supereffective|p1a: Lilligant\n|-damage|p1a: Lilligant|62\/100\n|-damage|p1b: Archaludon|54\/100\n|-unboost|p1a: Lilligant|spe|1\n|-unboost|p1b: Archaludon|spe|1\n|-ability|p1b: Archaludon|Stamina|boost\n|-boost|p1b: Archaludon|def|1\n|move|p2b: Gholdengo|Shadow Ball|p1b: Archaludon\n|-damage|p1b: Archaludon|23\/100\n|-unboost|p1b: Archaludon|spd|1\n|-ability|p1b: Archaludon|Stamina|boost\n|-boost|p1b: Archaludon|def|1\n|-damage|p2b: Gholdengo|90\/100|[from] item: Life Orb\n|move|p1a: Lilligant|Sleep Powder|p2a: Pelipper\n|-status|p2a: Pelipper|slp|[from] move: Sleep Powder\n|move|p1b: Archaludon|Electro Shot||[still]\n|-prepare|p1b: Archaludon|Electro Shot\n|-boost|p1b: Archaludon|spa|1\n|-anim|p1b: Archaludon|Electro Shot|p2a: Pelipper\n|-supereffective|p2a: Pelipper\n|-damage|p2a: Pelipper|0 fnt\n|faint|p2a: Pelipper\n|\n|-weather|RainDance|[upkeep]\n|upkeep\n|\n|t:|1732548618\n|switch|p2a: Sneasler|Sneasler, L50, F|100\/100\n|turn|3\n|inactive|TheDecommissioner has 30 seconds left.\n|\n|t:|1732548647\n|switch|p1b: Torkoal|Torkoal, L50, M|100\/100\n|-weather|SunnyDay|[from] ability: Drought|[of] p1b: Torkoal\n|-terastallize|p1a: Lilligant|Ghost\n|move|p2a: Sneasler|Fake Out|p1a: Lilligant\n|-immune|p1a: Lilligant\n|move|p1a: Lilligant|Sleep Powder|p2a: Sneasler\n|-status|p2a: Sneasler|slp|[from] move: Sleep Powder\n|move|p2b: Gholdengo|Shadow Ball|p1b: Torkoal\n|-damage|p1b: Torkoal|39\/100\n|-unboost|p1b: Torkoal|spd|1\n|-damage|p2b: Gholdengo|80\/100|[from] item: Life Orb\n|\n|-weather|SunnyDay|[upkeep]\n|upkeep\n|turn|4\n|\n|t:|1732548665\n|switch|p2b: Basculegion|Basculegion, L50, M|100\/100\n|switch|p1b: Indeedee|Indeedee-F, L50, F|100\/100\n|-fieldstart|move: Psychic Terrain|[from] ability: Psychic Surge|[of] p1b: Indeedee\n|-enditem|p1b: Indeedee|Psychic Seed\n|-boost|p1b: Indeedee|spd|1|[from] item: Psychic Seed\n|move|p1a: Lilligant|Sleep Powder|p2a: Sneasler\n|-fail|p2a: Sneasler|slp\n|cant|p2a: Sneasler|slp\n|\n|-weather|SunnyDay|[upkeep]\n|upkeep\n|turn|5\n|\n|t:|1732548681\n|switch|p2b: Gholdengo|Gholdengo, L50|80\/100\n|move|p1a: Lilligant|Sleep Powder|p2b: Gholdengo\n|-immune|p2b: Gholdengo|[from] ability: Good as Gold\n|cant|p2a: Sneasler|slp\n|move|p1b: Indeedee|Psychic|p2a: Sneasler\n|-supereffective|p2a: Sneasler\n|-enditem|p2a: Sneasler|Focus Sash\n|-damage|p2a: Sneasler|1\/100 slp\n|\n|-weather|SunnyDay|[upkeep]\n|upkeep\n|turn|6\n|\n|t:|1732548697\n|switch|p1a: Archaludon|Archaludon, L50, F|23\/100\n|cant|p2a: Sneasler|slp\n|move|p2b: Gholdengo|Nasty Plot|p2b: Gholdengo\n|-boost|p2b: Gholdengo|spa|2\n|move|p1b: Indeedee|Trick Room|p1b: Indeedee\n|-fieldstart|move: Trick Room|[of] p1b: Indeedee\n|\n|-weather|SunnyDay|[upkeep]\n|upkeep\n|turn|7\n|\n|t:|1732548716\n|-curestatus|p2a: Sneasler|slp|[msg]\n|move|p2a: Sneasler|Protect|p2a: Sneasler\n|-singleturn|p2a: Sneasler|Protect\n|move|p1a: Archaludon|Dragon Pulse|p2b: Gholdengo\n|-resisted|p2b: Gholdengo\n|-damage|p2b: Gholdengo|61\/100\n|move|p1b: Indeedee|Dazzling Gleam|p2b: Gholdengo|[spread] p2b\n|-activate|p2a: Sneasler|move: Protect\n|-resisted|p2b: Gholdengo\n|-damage|p2b: Gholdengo|54\/100\n|move|p2b: Gholdengo|Make It Rain|p1a: Archaludon|[spread] p1a,p1b\n|-resisted|p1a: Archaludon\n|-damage|p1a: Archaludon|0 fnt\n|-damage|p1b: Indeedee|28\/100\n|-unboost|p2b: Gholdengo|spa|1\n|faint|p1a: Archaludon\n|-damage|p2b: Gholdengo|44\/100|[from] item: Life Orb\n|\n|-weather|none\n|upkeep\n|\n|t:|1732548719\n|switch|p1a: Torkoal|Torkoal, L50, M|39\/100\n|-weather|SunnyDay|[from] ability: Drought|[of] p1a: Torkoal\n|turn|8\n|\n|t:|1732548743\n|move|p2b: Gholdengo|Protect|p2b: Gholdengo\n|-singleturn|p2b: Gholdengo|Protect\n|move|p1a: Torkoal|Heat Wave|p2b: Gholdengo|[spread] p2a\n|-activate|p2b: Gholdengo|move: Protect\n|-damage|p2a: Sneasler|0 fnt\n|faint|p2a: Sneasler\n|move|p1b: Indeedee|Psychic|p2b: Gholdengo\n|-activate|p2b: Gholdengo|move: Protect\n|\n|-weather|SunnyDay|[upkeep]\n|-fieldend|move: Psychic Terrain\n|upkeep\n|\n|t:|1732548748\n|switch|p2a: Basculegion|Basculegion, L50, M|100\/100\n|turn|9\n|\n|t:|1732548759\n|move|p2a: Basculegion|Aqua Jet|p1a: Torkoal\n|-supereffective|p1a: Torkoal\n|-damage|p1a: Torkoal|15\/100\n|move|p1a: Torkoal|Heat Wave|p2a: Basculegion|[spread] p2a\n|-miss|p1a: Torkoal|p2b: Gholdengo\n|-resisted|p2a: Basculegion\n|-damage|p2a: Basculegion|69\/100\n|move|p1b: Indeedee|Psychic|p2b: Gholdengo\n|-resisted|p2b: Gholdengo\n|-damage|p2b: Gholdengo|29\/100\n|move|p2b: Gholdengo|Make It Rain|p1b: Indeedee|[spread] p1a,p1b\n|-resisted|p1a: Torkoal\n|-damage|p1a: Torkoal|0 fnt\n|-damage|p1b: Indeedee|0 fnt\n|-unboost|p2b: Gholdengo|spa|1\n|faint|p1a: Torkoal\n|faint|p1b: Indeedee\n|-damage|p2b: Gholdengo|19\/100|[from] item: Life Orb\n|\n|-weather|SunnyDay|[upkeep]\n|upkeep\n|\n|t:|1732548763\n|switch|p1b: Lilligant|Lilligant-Hisui, L50, F, tera:Ghost|62\/100\n|turn|10\n|\n|t:|1732548770\n|move|p2a: Basculegion|Aqua Jet|p1b: Lilligant\n|-damage|p1b: Lilligant|37\/100\n|move|p2b: Gholdengo|Make It Rain|p1b: Lilligant\n|-damage|p1b: Lilligant|0 fnt\n|-unboost|p2b: Gholdengo|spa|1\n|faint|p1b: Lilligant\n|-damage|p2b: Gholdengo|9\/100|[from] item: Life Orb\n|\n|win|Spottedwoot\n|raw|TheDecommissioner's rating: 1709 &rarr; <strong>1695<\/strong><br \/>(-14 for losing)\n|raw|Spottedwoot's rating: 1810 &rarr; <strong>1824<\/strong><br \/>(+14 for winning)\n|c|\u2606TheDecommissioner|gg\n|l|\u2606Spottedwoot\n|player|p2|\n|j|\u2606Spottedwoot\n|player|p2|Spottedwoot|266|\n","uploadtime":1732548776,"views":114,"formatid":"gen9vgc2024regh","rating":1695,"private":0,"password":null}