{"id":"gen9vgc2024regh-2250013911","format":"[Gen 9] VGC 2024 Reg H","players":["PirateRoberts77","FireRedzzz"],"log":"|j|\u2606PirateRoberts77\n|j|\u2606FireRedzzz\n|t:|1732432163\n|gametype|doubles\n|player|p1|PirateRoberts77|hilbert|1699\n|player|p2|FireRedzzz|ethan|1701\n|teamsize|p1|6\n|teamsize|p2|6\n|gen|9\n|tier|[Gen 9] VGC 2024 Reg H\n|rated|\n|rule|Species Clause: Limit one of each Pok\u00e9mon\n|rule|Item Clause: Limit 1 of each item\n|clearpoke\n|poke|p1|Torterra, L50, M|\n|poke|p1|Annihilape, L50, M|\n|poke|p1|Armarouge, L50, M|\n|poke|p1|Oranguru, L50, M|\n|poke|p1|Torkoal, L50, M|\n|poke|p1|Sylveon, L50, F|\n|poke|p2|Kingambit, L50, F|\n|poke|p2|Electabuzz, L50, F|\n|poke|p2|Rillaboom, L50, F|\n|poke|p2|Primarina, L50, F|\n|poke|p2|Sneasler, L50, F|\n|poke|p2|Volcarona, L50, M|\n|teampreview|4\n|inactive|Battle timer is ON: inactive players will automatically lose when time's up. (requested by PirateRoberts77)\nFireRedzzz has agreed to open team sheets.\n|inactive|FireRedzzz has 60 seconds left.\n|\n|t:|1732432215\n|start\n|switch|p1a: Oranguru|Oranguru, L50, M|100\/100\n|switch|p1b: Annihilape|Annihilape, L50, M|100\/100\n|switch|p2a: Kingambit|Kingambit, L50, F|100\/100\n|switch|p2b: Electabuzz|Electabuzz, L50, F|100\/100\n|turn|1\n|\n|t:|1732432224\n|switch|p1b: Sylveon|Sylveon, L50, F|100\/100\n|move|p2b: Electabuzz|Protect|p2b: Electabuzz\n|-singleturn|p2b: Electabuzz|Protect\n|move|p2a: Kingambit|Protect|p2a: Kingambit\n|-singleturn|p2a: Kingambit|Protect\n|move|p1a: Oranguru|Trick Room|p1a: Oranguru\n|-fieldstart|move: Trick Room|[of] p1a: Oranguru\n|\n|upkeep\n|turn|2\n|inactive|FireRedzzz has 30 seconds left.\n|inactive|FireRedzzz has 20 seconds left.\n|\n|t:|1732432261\n|switch|p2a: Volcarona|Volcarona, L50, M, shiny|100\/100\n|-terastallize|p1b: Sylveon|Fairy\n|move|p1b: Sylveon|Hyper Voice|p2a: Volcarona|[spread] p2a,p2b\n|-resisted|p2a: Volcarona\n|-damage|p2a: Volcarona|69\/100\n|-damage|p2b: Electabuzz|38\/100\n|move|p1a: Oranguru|Instruct|p1b: Sylveon\n|-singleturn|p1b: Sylveon|move: Instruct|[of] p1a: Oranguru\n|move|p1b: Sylveon|Hyper Voice|p2a: Volcarona|[spread] p2a,p2b\n|-resisted|p2a: Volcarona\n|-damage|p2a: Volcarona|36\/100\n|-damage|p2b: Electabuzz|0 fnt\n|faint|p2b: Electabuzz\n|\n|upkeep\n|\n|t:|1732432278\n|switch|p2b: Rillaboom|Rillaboom, L50, F|100\/100\n|-fieldstart|move: Grassy Terrain|[from] ability: Grassy Surge|[of] p2b: Rillaboom\n|-enditem|p2a: Volcarona|Grassy Seed\n|-boost|p2a: Volcarona|def|1|[from] item: Grassy Seed\n|turn|3\n|\n|t:|1732432290\n|move|p2b: Rillaboom|Fake Out|p1b: Sylveon\n|-damage|p1b: Sylveon|87\/100\n|cant|p1b: Sylveon|flinch\n|move|p1a: Oranguru|Encore|p2b: Rillaboom\n|-start|p2b: Rillaboom|Encore\n|move|p2a: Volcarona|Quiver Dance|p2a: Volcarona\n|-boost|p2a: Volcarona|spa|1\n|-boost|p2a: Volcarona|spd|1\n|-boost|p2a: Volcarona|spe|1\n|\n|-heal|p1b: Sylveon|93\/100|[from] Grassy Terrain\n|-heal|p2a: Volcarona|42\/100|[from] Grassy Terrain\n|upkeep\n|turn|4\n|inactive|FireRedzzz has 30 seconds left.\n|inactive|FireRedzzz has 20 seconds left.\n|inactive|FireRedzzz has 15 seconds left.\n|\n|t:|1732432330\n|switch|p2b: Kingambit|Kingambit, L50, F|100\/100\n|move|p2a: Volcarona|Protect|p2a: Volcarona\n|-singleturn|p2a: Volcarona|Protect\n|move|p1b: Sylveon|Hyper Voice|p2a: Volcarona|[spread] p2b\n|-activate|p2a: Volcarona|move: Protect\n|-damage|p2b: Kingambit|31\/100\n|move|p1a: Oranguru|Instruct|p1b: Sylveon\n|-singleturn|p1b: Sylveon|move: Instruct|[of] p1a: Oranguru\n|move|p1b: Sylveon|Hyper Voice|p2b: Kingambit|[spread] p2b\n|-activate|p2a: Volcarona|move: Protect\n|-damage|p2b: Kingambit|0 fnt\n|faint|p2b: Kingambit\n|\n|-heal|p1b: Sylveon|99\/100|[from] Grassy Terrain\n|-heal|p2a: Volcarona|48\/100|[from] Grassy Terrain\n|upkeep\n|\n|t:|1732432347\n|switch|p2b: Rillaboom|Rillaboom, L50, F|100\/100\n|turn|5\n|\n|t:|1732432357\n|switch|p1b: Annihilape|Annihilape, L50, M|100\/100\n|move|p2a: Volcarona|Protect|p2a: Volcarona\n|-singleturn|p2a: Volcarona|Protect\n|move|p1a: Oranguru|Encore|p2a: Volcarona\n|-activate|p2a: Volcarona|move: Protect\n|move|p2b: Rillaboom|Wood Hammer|p1b: Annihilape\n|-damage|p1b: Annihilape|18\/100\n|-damage|p2b: Rillaboom|71\/100|[from] Recoil\n|\n|-heal|p2b: Rillaboom|77\/100|[from] Grassy Terrain\n|-heal|p2a: Volcarona|53\/100|[from] Grassy Terrain\n|-heal|p1b: Annihilape|24\/100|[from] Grassy Terrain\n|-fieldend|move: Trick Room\n|upkeep\n|turn|6\n|\n|t:|1732432376\n|move|p1b: Annihilape|Shadow Claw|p2a: Volcarona\n|-damage|p2a: Volcarona|32\/100\n|move|p2a: Volcarona|Heat Wave|p1b: Annihilape|[spread] p1a\n|-miss|p2a: Volcarona|p1b: Annihilape\n|-damage|p1a: Oranguru|53\/100\n|move|p2b: Rillaboom|Wood Hammer|p1a: Oranguru\n|-damage|p1a: Oranguru|0 fnt\n|faint|p1a: Oranguru\n|-damage|p2b: Rillaboom|60\/100|[from] Recoil\n|\n|-heal|p1b: Annihilape|30\/100|[from] Grassy Terrain\n|-heal|p2a: Volcarona|38\/100|[from] Grassy Terrain\n|-heal|p2b: Rillaboom|66\/100|[from] Grassy Terrain\n|upkeep\n|\n|t:|1732432383\n|switch|p1a: Sylveon|Sylveon, L50, F, tera:Fairy|99\/100\n|turn|7\n|\n|t:|1732432401\n|move|p1b: Annihilape|Shadow Claw|p2a: Volcarona\n|-crit|p2a: Volcarona\n|-damage|p2a: Volcarona|0 fnt\n|-status|p1b: Annihilape|brn|[from] ability: Flame Body|[of] p2a: Volcarona\n|faint|p2a: Volcarona\n|move|p2b: Rillaboom|Wood Hammer|p1a: Sylveon\n|-damage|p1a: Sylveon|16\/100\n|-damage|p2b: Rillaboom|43\/100|[from] Recoil\n|move|p1a: Sylveon|Hyper Voice|p2b: Rillaboom\n|-damage|p2b: Rillaboom|0 fnt\n|faint|p2b: Rillaboom\n|\n|win|PirateRoberts77\n|raw|PirateRoberts77's rating: 1699 &rarr; <strong>1719<\/strong><br \/>(+20 for winning)\n|raw|FireRedzzz's rating: 1701 &rarr; <strong>1681<\/strong><br \/>(-20 for losing)\n|l|\u2606FireRedzzz\n|player|p2|\n","uploadtime":1732432611,"views":13,"formatid":"gen9vgc2024regh","rating":1681,"private":0,"password":null}