{"id":"gen9vgc2024regh-2250003059","format":"[Gen 9] VGC 2024 Reg H","players":["VGCLTH R0gue","krisggtf"],"log":"|raw|<div class=\"broadcast-blue\"><strong>This battle is required to be public due to a player having a name starting with 'vgclth'.<\/div>\n|j|\u2606VGCLTH R0gue\n|j|\u2606krisggtf\n|t:|1732429959\n|gametype|doubles\n|player|p1|VGCLTH R0gue|ingo|1718\n|player|p2|krisggtf|ethan|1716\n|teamsize|p1|6\n|teamsize|p2|6\n|gen|9\n|tier|[Gen 9] VGC 2024 Reg H\n|rated|\n|rule|Species Clause: Limit one of each Pok\u00e9mon\n|rule|Item Clause: Limit 1 of each item\n|clearpoke\n|poke|p1|Talonflame, L50, F|\n|poke|p1|Indeedee, L50, M|\n|poke|p1|Sneasler, L50, M|\n|poke|p1|Gholdengo, L50|\n|poke|p1|Dragapult, L50, F|\n|poke|p1|Primarina, L50, F|\n|poke|p2|Armarouge, L50, M|\n|poke|p2|Annihilape, L50, M|\n|poke|p2|Indeedee-F, L50, F|\n|poke|p2|Torkoal, L50, M|\n|poke|p2|Sneasler, L50, F|\n|poke|p2|Tsareena, L50, F|\n|teampreview|4\n|inactive|Battle timer is ON: inactive players will automatically lose when time's up. (requested by VGCLTH R0gue)\n|inactive|krisggtf has 60 seconds left.\n|\n|t:|1732430005\n|start\n|switch|p1a: Indeedee|Indeedee, L50, M|100\/100\n|switch|p1b: Sneasler|Sneasler, L50, M|100\/100\n|switch|p2a: Sneasler|Sneasler, L50, F|100\/100\n|switch|p2b: Indeedee|Indeedee-F, L50, F|100\/100\n|-fieldstart|move: Psychic Terrain|[from] ability: Psychic Surge|[of] p1a: Indeedee\n|-enditem|p2a: Sneasler|Psychic Seed\n|-boost|p2a: Sneasler|spd|1|[from] item: Psychic Seed\n|-enditem|p1b: Sneasler|Psychic Seed\n|-boost|p1b: Sneasler|spd|1|[from] item: Psychic Seed\n|turn|1\n|inactive|VGCLTH R0gue has 30 seconds left.\n|\n|t:|1732430037\n|move|p2a: Sneasler|Lash Out|p1a: Indeedee\n|-supereffective|p1a: Indeedee\n|-enditem|p1a: Indeedee|Focus Sash\n|-damage|p1a: Indeedee|1\/100\n|move|p1b: Sneasler|Close Combat|p2a: Sneasler\n|-resisted|p2a: Sneasler\n|-damage|p2a: Sneasler|45\/100\n|-unboost|p1b: Sneasler|def|1\n|-unboost|p1b: Sneasler|spd|1\n|move|p1a: Indeedee|Imprison|p1a: Indeedee\n|-start|p1a: Indeedee|move: Imprison\n|cant|p2b: Indeedee|move: Imprison|Trick Room\n|\n|upkeep\n|turn|2\n|\n|t:|1732430059\n|-terastallize|p2a: Sneasler|Rock\n|-terastallize|p1b: Sneasler|Dark\n|move|p2b: Indeedee|Follow Me|p2b: Indeedee\n|-singleturn|p2b: Indeedee|move: Follow Me\n|move|p2a: Sneasler|Rock Slide|p1a: Indeedee|[spread] p1a\n|-miss|p2a: Sneasler|p1b: Sneasler\n|-damage|p1a: Indeedee|0 fnt\n|faint|p1a: Indeedee\n|move|p1b: Sneasler|Throat Chop|p2b: Indeedee\n|-supereffective|p2b: Indeedee\n|-damage|p2b: Indeedee|12\/100\n|-start|p2b: Indeedee|Throat Chop|[silent]\n|-damage|p1b: Sneasler|84\/100|[from] item: Rocky Helmet|[of] p2b: Indeedee\n|\n|upkeep\n|\n|t:|1732430070\n|switch|p1a: Gholdengo|Gholdengo, L50|100\/100\n|turn|3\n|inactive|krisggtf has 30 seconds left.\n|inactive|krisggtf has 20 seconds left.\n|\n|t:|1732430106\n|move|p2b: Indeedee|Helping Hand|p2a: Sneasler\n|-singleturn|p2a: Sneasler|Helping Hand|[of] p2b: Indeedee\n|move|p1b: Sneasler|Close Combat|p2a: Sneasler\n|-supereffective|p2a: Sneasler\n|-damage|p2a: Sneasler|0 fnt\n|-unboost|p1b: Sneasler|def|1\n|-unboost|p1b: Sneasler|spd|1\n|faint|p2a: Sneasler\n|move|p1a: Gholdengo|Make It Rain|p2b: Indeedee\n|-damage|p2b: Indeedee|0 fnt\n|-unboost|p1a: Gholdengo|spa|1\n|faint|p2b: Indeedee\n|\n|upkeep\n|\n|t:|1732430113\n|switch|p2a: Torkoal|Torkoal, L50, M|100\/100\n|switch|p2b: Armarouge|Armarouge, L50, M|100\/100\n|-weather|SunnyDay|[from] ability: Drought|[of] p2a: Torkoal\n|turn|4\n|\n|t:|1732430125\n|switch|p1a: Washed|Primarina, L50, F|100\/100\n|move|p1b: Sneasler|Protect|p1b: Sneasler\n|-singleturn|p1b: Sneasler|Protect\n|move|p2b: Armarouge|Endure|p2b: Armarouge\n|-singleturn|p2b: Armarouge|move: Endure\n|move|p2a: Torkoal|Weather Ball|p1b: Sneasler\n|-activate|p1b: Sneasler|move: Protect\n|\n|-weather|SunnyDay|[upkeep]\n|upkeep\n|turn|5\n|\n|t:|1732430134\n|move|p1b: Sneasler|Throat Chop|p2b: Armarouge\n|-supereffective|p2b: Armarouge\n|-damage|p2b: Armarouge|3\/100\n|-start|p2b: Armarouge|Throat Chop|[silent]\n|-ability|p2b: Armarouge|Weak Armor|boost\n|-unboost|p2b: Armarouge|def|1\n|-boost|p2b: Armarouge|spe|2\n|-enditem|p2b: Armarouge|Weakness Policy\n|-boost|p2b: Armarouge|atk|2|[from] item: Weakness Policy\n|-boost|p2b: Armarouge|spa|2|[from] item: Weakness Policy\n|move|p2b: Armarouge|Expanding Force|p1a: Washed|[spread] p1a\n|-immune|p1b: Sneasler\n|-damage|p1a: Washed|0 fnt\n|faint|p1a: Washed\n|move|p2a: Torkoal|Weather Ball|p1b: Sneasler\n|-damage|p1b: Sneasler|0 fnt\n|faint|p1b: Sneasler\n|\n|-weather|SunnyDay|[upkeep]\n|-fieldend|move: Psychic Terrain\n|upkeep\n|\n|t:|1732430146\n|switch|p1b: Gholdengo|Gholdengo, L50|100\/100\n|turn|6\n|\n|t:|1732430154\n|move|p2b: Armarouge|Heat Wave|p1b: Gholdengo\n|-supereffective|p1b: Gholdengo\n|-damage|p1b: Gholdengo|0 fnt\n|faint|p1b: Gholdengo\n|\n|win|krisggtf\n|raw|VGCLTH R0gue's rating: 1718 &rarr; <strong>1698<\/strong><br \/>(-20 for losing)\n|raw|krisggtf's rating: 1716 &rarr; <strong>1736<\/strong><br \/>(+20 for winning)\n|l|\u2606VGCLTH R0gue\n|player|p1|\n|l|\u2606krisggtf\n|player|p2|\n","uploadtime":1732430401,"views":7,"formatid":"gen9vgc2024regh","rating":1698,"private":0,"password":null}