{"id":"gen9vgc2024regh-2250519011","format":"[Gen 9] VGC 2024 Reg H","players":["test1225","vgclth ttt"],"log":"|raw|<div class=\"broadcast-blue\"><strong>This battle is required to be public due to a player having a name starting with 'vgclth'.<\/div>\n|j|\u2606test1225\n|j|\u2606vgclth ttt\n|t:|1732504322\n|gametype|doubles\n|player|p1|test1225|169|1673\n|player|p2|vgclth ttt|170|1795\n|teamsize|p1|6\n|teamsize|p2|6\n|gen|9\n|tier|[Gen 9] VGC 2024 Reg H\n|rated|\n|rule|Species Clause: Limit one of each Pok\u00e9mon\n|rule|Item Clause: Limit 1 of each item\n|clearpoke\n|poke|p1|Archaludon, L50, M|\n|poke|p1|Rillaboom, L50, M|\n|poke|p1|Basculegion, L50, M|\n|poke|p1|Kingambit, L50, F|\n|poke|p1|Pelipper, L50, F|\n|poke|p1|Goodra-Hisui, L50, F|\n|poke|p2|Ursaluna, L50, M|\n|poke|p2|Sinistcha, L50|\n|poke|p2|Archaludon, L50, F|\n|poke|p2|Pelipper, L50, M|\n|poke|p2|Gholdengo, L50|\n|poke|p2|Dragonite, L50, M|\n|teampreview|4\n|inactive|Battle timer is ON: inactive players will automatically lose when time's up. (requested by test1225)\n|\n|t:|1732504341\n|start\n|switch|p1a: Basculegion|Basculegion, L50, M|100\/100\n|switch|p1b: Pelipper|Pelipper, L50, F|100\/100\n|switch|p2a: Dragonite|Dragonite, L50, M|100\/100\n|switch|p2b: Archaludon|Archaludon, L50, F|100\/100\n|-weather|RainDance|[from] ability: Drizzle|[of] p1b: Pelipper\n|turn|1\n|\n|t:|1732504354\n|move|p1a: Basculegion|Flip Turn|p2a: Dragonite\n|-resisted|p2a: Dragonite\n|-damage|p2a: Dragonite|82\/100\n|inactive|test1225 has 30 seconds left.\n|\n|t:|1732504382\n|switch|p1a: Goodra|Goodra-Hisui, L50, F|100\/100|[from] Flip Turn\n|move|p2a: Dragonite|Scale Shot|p2b: Archaludon|[miss]\n|-miss|p2a: Dragonite|p2b: Archaludon\n|move|p2b: Archaludon|Body Press|p1a: Goodra\n|-supereffective|p1a: Goodra\n|-damage|p1a: Goodra|52\/100\n|move|p1b: Pelipper|Tailwind|p1b: Pelipper\n|-sidestart|p1: test1225|move: Tailwind\n|\n|-weather|RainDance|[upkeep]\n|upkeep\n|turn|2\n|\n|t:|1732504396\n|move|p2a: Dragonite|Protect|p2a: Dragonite\n|-singleturn|p2a: Dragonite|Protect\n|move|p1b: Pelipper|Hurricane|p2b: Archaludon\n|-resisted|p2b: Archaludon\n|-damage|p2b: Archaludon|78\/100\n|-ability|p2b: Archaludon|Stamina|boost\n|-boost|p2b: Archaludon|def|1\n|move|p1a: Goodra|Draco Meteor|p2b: Archaludon\n|-damage|p2b: Archaludon|0 fnt\n|-unboost|p1a: Goodra|spa|2\n|faint|p2b: Archaludon\n|\n|-weather|RainDance|[upkeep]\n|upkeep\n|\n|t:|1732504406\n|switch|p2b: Sinistcha|Sinistcha, L50|100\/100\n|-heal|p2a: Dragonite|100\/100|[from] ability: Hospitality|[of] p2b: Sinistcha\n|turn|3\n|\n|t:|1732504416\n|switch|p2b: Gholdengo|Gholdengo, L50|100\/100\n|move|p1b: Pelipper|Hurricane|p2b: Gholdengo\n|-resisted|p2b: Gholdengo\n|-damage|p2b: Gholdengo|72\/100\n|-start|p2b: Gholdengo|confusion\n|move|p1a: Goodra|Draco Meteor|p2b: Gholdengo\n|-resisted|p2b: Gholdengo\n|-damage|p2b: Gholdengo|46\/100\n|-unboost|p1a: Goodra|spa|2\n|move|p2a: Dragonite|Scale Shot|p1b: Pelipper\n|-crit|p1b: Pelipper\n|-damage|p1b: Pelipper|73\/100\n|-damage|p1b: Pelipper|56\/100\n|-damage|p1b: Pelipper|37\/100\n|-damage|p1b: Pelipper|21\/100\n|-hitcount|p1b: Pelipper|4\n|-unboost|p2a: Dragonite|def|1\n|-boost|p2a: Dragonite|spe|1\n|\n|-weather|RainDance|[upkeep]\n|upkeep\n|turn|4\n|\n|t:|1732504436\n|switch|p1b: Kingambit|Kingambit, L50, F|100\/100\n|move|p2a: Dragonite|Protect|p2a: Dragonite\n|-singleturn|p2a: Dragonite|Protect\n|-activate|p2b: Gholdengo|confusion\n|-damage|p2b: Gholdengo|42\/100|[from] confusion\n|move|p1a: Goodra|Draco Meteor|p2a: Dragonite\n|-activate|p2a: Dragonite|move: Protect\n|\n|-weather|RainDance|[upkeep]\n|-sideend|p1: test1225|move: Tailwind\n|upkeep\n|turn|5\n|j| plplk\n|\n|t:|1732504457\n|-terastallize|p1b: Kingambit|Dark\n|move|p2a: Dragonite|Scale Shot|p1a: Goodra\n|-damage|p1a: Goodra|38\/100\n|-damage|p1a: Goodra|24\/100\n|-damage|p1a: Goodra|11\/100\n|-damage|p1a: Goodra|0 fnt\n|faint|p1a: Goodra\n|-hitcount|p1: Goodra|4\n|-unboost|p2a: Dragonite|def|1\n|-boost|p2a: Dragonite|spe|1\n|-end|p2b: Gholdengo|confusion\n|move|p2b: Gholdengo|Trick|p1b: Kingambit\n|-activate|p2b: Gholdengo|move: Trick|[of] p1b: Kingambit\n|-item|p1b: Kingambit|Choice Scarf|[from] move: Trick\n|-item|p2b: Gholdengo|Black Glasses|[from] move: Trick\n|move|p1b: Kingambit|Kowtow Cleave|p2a: Dragonite\n|-damage|p2a: Dragonite|26\/100\n|\n|-weather|none\n|upkeep\n|\n|t:|1732504461\n|switch|p1a: Pelipper|Pelipper, L50, F|21\/100\n|-weather|RainDance|[from] ability: Drizzle|[of] p1a: Pelipper\n|turn|6\n|inactive|vgclth ttt has 30 seconds left.\n|\n|t:|1732504490\n|move|p2a: Dragonite|Scale Shot|p1b: Kingambit|[miss]\n|-miss|p2a: Dragonite|p1b: Kingambit\n|move|p2b: Gholdengo|Make It Rain|p1a: Pelipper|[spread] p1a,p1b\n|-resisted|p1a: Pelipper\n|-damage|p1a: Pelipper|0 fnt\n|-damage|p1b: Kingambit|58\/100\n|-unboost|p2b: Gholdengo|spa|1\n|faint|p1a: Pelipper\n|move|p1b: Kingambit|Kowtow Cleave|p2a: Dragonite\n|-damage|p2a: Dragonite|0 fnt\n|faint|p2a: Dragonite\n|\n|-weather|RainDance|[upkeep]\n|upkeep\n|\n|t:|1732504500\n|switch|p2a: Sinistcha|Sinistcha, L50|100\/100\n|switch|p1a: Basculegion|Basculegion, L50, M|100\/100\n|-heal|p2b: Gholdengo|66\/100|[from] ability: Hospitality|[of] p2a: Sinistcha\n|turn|7\n|\n|t:|1732504511\n|-terastallize|p2a: Sinistcha|Normal\n|move|p1a: Basculegion|Last Respects|p2a: Sinistcha\n|-immune|p2a: Sinistcha\n|move|p2b: Gholdengo|Make It Rain|p1b: Kingambit|[spread] p1a,p1b\n|-resisted|p1a: Basculegion\n|-crit|p1b: Kingambit\n|-damage|p1a: Basculegion|84\/100\n|-damage|p1b: Kingambit|0 fnt\n|-unboost|p2b: Gholdengo|spa|1\n|faint|p1b: Kingambit\n|move|p2a: Sinistcha|Matcha Gotcha|p1a: Basculegion\n|-supereffective|p1a: Basculegion\n|-damage|p1a: Basculegion|3\/100\n|\n|-weather|RainDance|[upkeep]\n|upkeep\n|turn|8\n|j| bluestraggler02\n|\n|t:|1732504528\n|move|p1a: Basculegion|Last Respects|p2b: Gholdengo\n|-supereffective|p2b: Gholdengo\n|-crit|p2b: Gholdengo\n|-damage|p2b: Gholdengo|0 fnt\n|faint|p2b: Gholdengo\n|move|p2a: Sinistcha|Matcha Gotcha|p1a: Basculegion\n|-supereffective|p1a: Basculegion\n|-damage|p1a: Basculegion|0 fnt\n|faint|p1a: Basculegion\n|\n|win|vgclth ttt\n|raw|test1225's rating: 1708 &rarr; <strong>1693<\/strong><br \/>(-15 for losing)\n|raw|vgclth ttt's rating: 1795 &rarr; <strong>1810<\/strong><br \/>(+15 for winning)\n|l|\u2606test1225\n|player|p1|\n|l|\u2606vgclth ttt\n|player|p2|\n|l| bluestraggler02\n","uploadtime":1732504534,"views":6,"formatid":"gen9vgc2024regh","rating":1693,"private":0,"password":null}