{"id":"gen9vgc2024regh-2251503108","format":"[Gen 9] VGC 2024 Reg H","players":["Zordor","testy accounty 2"],"log":"|j|\u2606Zordor\n|j|\u2606testy accounty 2\n|t:|1732636475\n|gametype|doubles\n|player|p1|Zordor|pilot|1768\n|player|p2|testy accounty 2|102|1677\n|teamsize|p1|6\n|teamsize|p2|6\n|gen|9\n|tier|[Gen 9] VGC 2024 Reg H\n|rated|\n|rule|Species Clause: Limit one of each Pok\u00e9mon\n|rule|Item Clause: Limit 1 of each item\n|clearpoke\n|poke|p1|Rotom-Wash, L50|\n|poke|p1|Sneasler, L50, M|\n|poke|p1|Armarouge, L50, F|\n|poke|p1|Venusaur, L50, M|\n|poke|p1|Scizor, L50, M|\n|poke|p1|Dragapult, L50, F|\n|poke|p2|Pelipper, L50, F|\n|poke|p2|Archaludon, L50, F|\n|poke|p2|Sneasler, L50, M|\n|poke|p2|Dragonite, L50, F|\n|poke|p2|Basculegion, L50, M|\n|poke|p2|Rillaboom, L50, F|\n|teampreview|4\n|j| RiotJuice\n|\n|t:|1732636511\n|start\n|switch|p1a: Sneasler|Sneasler, L50, M|100\/100\n|switch|p1b: Rotom|Rotom-Wash, L50|100\/100\n|switch|p2a: Kratos|Dragonite, L50, F, shiny|100\/100\n|switch|p2b: Thanotos|Basculegion, L50, M|100\/100\n|turn|1\n|\n|t:|1732636542\n|move|p1a: Sneasler|Protect|p1a: Sneasler\n|-singleturn|p1a: Sneasler|Protect\n|move|p2a: Kratos|Protect|p2a: Kratos\n|-singleturn|p2a: Kratos|Protect\n|move|p2b: Thanotos|Flip Turn|p1a: Sneasler\n|-activate|p1a: Sneasler|move: Protect\n|move|p1b: Rotom|Will-O-Wisp|p2b: Thanotos|[miss]\n|-miss|p1b: Rotom|p2b: Thanotos\n|\n|upkeep\n|turn|2\n|\n|t:|1732636573\n|move|p2a: Kratos|Extreme Speed|p1a: Sneasler\n|-damage|p1a: Sneasler|54\/100\n|move|p2b: Thanotos|Flip Turn|p1a: Sneasler\n|-crit|p1a: Sneasler\n|-damage|p1a: Sneasler|0 fnt\n|faint|p1a: Sneasler\n|\n|t:|1732636594\n|switch|p2b: Hephetus|Archaludon, L50, F|100\/100|[from] Flip Turn\n|move|p1b: Rotom|Electroweb|p2a: Kratos|[spread] p2a,p2b\n|-resisted|p2b: Hephetus\n|-damage|p2a: Kratos|93\/100\n|-damage|p2b: Hephetus|94\/100\n|-unboost|p2a: Kratos|spe|1\n|-unboost|p2b: Hephetus|spe|1\n|-ability|p2b: Hephetus|Stamina|boost\n|-boost|p2b: Hephetus|def|1\n|\n|upkeep\n|\n|t:|1732636601\n|switch|p1a: Venusaur|Venusaur, L50, M|100\/100\n|turn|3\n|inactive|Battle timer is ON: inactive players will automatically lose when time's up. (requested by Zordor)\n|\n|t:|1732636695\n|-terastallize|p2b: Hephetus|Grass\n|move|p2a: Kratos|Extreme Speed|p1a: Venusaur\n|-damage|p1a: Venusaur|60\/100\n|move|p1b: Rotom|Will-O-Wisp|p2b: Hephetus\n|-status|p2b: Hephetus|brn\n|move|p1a: Venusaur|Earth Power|p2b: Hephetus\n|-resisted|p2b: Hephetus\n|-damage|p2b: Hephetus|83\/100 brn\n|-ability|p2b: Hephetus|Stamina|boost\n|-boost|p2b: Hephetus|def|1\n|move|p2b: Hephetus|Draco Meteor|p1a: Venusaur\n|-damage|p1a: Venusaur|0 fnt\n|-unboost|p2b: Hephetus|spa|2\n|faint|p1a: Venusaur\n|\n|-damage|p2b: Hephetus|77\/100 brn|[from] brn\n|upkeep\n|\n|t:|1732636704\n|switch|p1a: Dragapult|Dragapult, L50, F|100\/100\n|turn|4\n|\n|t:|1732636718\n|move|p2a: Kratos|Extreme Speed|p1b: Rotom\n|-damage|p1b: Rotom|65\/100\n|move|p1a: Dragapult|Dragon Darts|p2a: Kratos\n|-supereffective|p2a: Kratos\n|-damage|p2a: Kratos|39\/100\n|-anim|p1a: Dragapult|Dragon Darts|p2b: Hephetus\n|-damage|p2b: Hephetus|69\/100 brn\n|-ability|p2b: Hephetus|Stamina|boost\n|-boost|p2b: Hephetus|def|1\n|move|p1b: Rotom|Will-O-Wisp|p2a: Kratos\n|-status|p2a: Kratos|brn\n|-enditem|p2a: Kratos|Lum Berry|[eat]\n|-curestatus|p2a: Kratos|brn|[msg]\n|move|p2b: Hephetus|Draco Meteor|p1a: Dragapult\n|-supereffective|p1a: Dragapult\n|-damage|p1a: Dragapult|44\/100\n|-unboost|p2b: Hephetus|spa|2\n|\n|-damage|p2b: Hephetus|63\/100 brn|[from] brn\n|upkeep\n|turn|5\n|inactive|Zordor has 30 seconds left.\n|inactive|testy accounty 2 has 30 seconds left.\n|\n|t:|1732636747\n|move|p2a: Kratos|Extreme Speed|p1b: Rotom\n|-damage|p1b: Rotom|33\/100\n|move|p1a: Dragapult|Dragon Darts|p2a: Kratos\n|-supereffective|p2a: Kratos\n|-damage|p2a: Kratos|0 fnt\n|-anim|p1a: Dragapult|Dragon Darts|p2b: Hephetus\n|-damage|p2b: Hephetus|55\/100 brn\n|-ability|p2b: Hephetus|Stamina|boost\n|-boost|p2b: Hephetus|def|1\n|faint|p2a: Kratos\n|move|p1b: Rotom|Electroweb|p2b: Hephetus\n|-resisted|p2b: Hephetus\n|-damage|p2b: Hephetus|46\/100 brn\n|-unboost|p2b: Hephetus|spe|1\n|-ability|p2b: Hephetus|Stamina|boost\n|-boost|p2b: Hephetus|def|1\n|move|p2b: Hephetus|Draco Meteor|p1a: Dragapult\n|-supereffective|p1a: Dragapult\n|-damage|p1a: Dragapult|7\/100\n|-unboost|p2b: Hephetus|spa|2\n|\n|-damage|p2b: Hephetus|40\/100 brn|[from] brn\n|upkeep\n|\n|t:|1732636765\n|switch|p2a: Thanotos|Basculegion, L50, M|100\/100\n|turn|6\n|\n|t:|1732636785\n|move|p1b: Rotom|Protect|p1b: Rotom\n|-singleturn|p1b: Rotom|Protect\n|move|p1a: Dragapult|Phantom Force||[still]\n|-prepare|p1a: Dragapult|Phantom Force\n|move|p2a: Thanotos|Last Respects|p1b: Rotom\n|-activate|p1b: Rotom|move: Protect\n|move|p2b: Hephetus|Flash Cannon|p1a: Dragapult|[miss]\n|-miss|p2b: Hephetus|p1a: Dragapult\n|\n|-damage|p2b: Hephetus|34\/100 brn|[from] brn\n|upkeep\n|turn|7\n|\n|t:|1732636796\n|move|p1a: Dragapult|Phantom Force|p2a: Thanotos|[from]lockedmove\n|-supereffective|p2a: Thanotos\n|-damage|p2a: Thanotos|0 fnt\n|faint|p2a: Thanotos\n|move|p1b: Rotom|Hydro Pump|p2b: Hephetus|[miss]\n|-miss|p1b: Rotom|p2b: Hephetus\n|move|p2b: Hephetus|Flash Cannon|p1a: Dragapult\n|-damage|p1a: Dragapult|0 fnt\n|faint|p1a: Dragapult\n|\n|-damage|p2b: Hephetus|28\/100 brn|[from] brn\n|upkeep\n|\n|t:|1732636805\n|switch|p2a: Posiden|Pelipper, L50, F|100\/100\n|-weather|RainDance|[from] ability: Drizzle|[of] p2a: Posiden\n|turn|8\n|\n|t:|1732636823\n|move|p1b: Rotom|Electroweb|p2b: Hephetus|[spread] p2a,p2b\n|-supereffective|p2a: Posiden\n|-resisted|p2b: Hephetus\n|-damage|p2a: Posiden|19\/100\n|-damage|p2b: Hephetus|21\/100 brn\n|-unboost|p2a: Posiden|spe|1\n|-unboost|p2b: Hephetus|spe|1\n|-ability|p2b: Hephetus|Stamina|boost\n|-boost|p2b: Hephetus|def|1\n|move|p2a: Posiden|Tailwind|p2a: Posiden\n|-sidestart|p2: testy accounty 2|move: Tailwind\n|move|p2b: Hephetus|Body Press|p1b: Rotom\n|-damage|p1b: Rotom|0 fnt\n|faint|p1b: Rotom\n|\n|win|testy accounty 2\n|raw|Zordor's rating: 1768 &rarr; <strong>1743<\/strong><br \/>(-25 for losing)\n|raw|testy accounty 2's rating: 1677 &rarr; <strong>1702<\/strong><br \/>(+25 for winning)\n|l|\u2606Zordor\n|player|p1|\n|l| RiotJuice\n|l|\u2606testy accounty 2\n|player|p2|\n","uploadtime":1732637070,"views":13,"formatid":"gen9vgc2024regh","rating":1702,"private":0,"password":null}