{"id":"gen9vgc2024regh-2251107127","format":"[Gen 9] VGC 2024 Reg H","players":["btest0011","CarryTheBoats"],"log":"|j|\u2606btest0011\n|j|\u2606CarryTheBoats\n|t:|1732580272\n|gametype|doubles\n|player|p1|btest0011|2|1744\n|player|p2|CarryTheBoats|crasherwake|1796\n|teamsize|p1|6\n|teamsize|p2|6\n|gen|9\n|tier|[Gen 9] VGC 2024 Reg H\n|rated|\n|rule|Species Clause: Limit one of each Pok\u00e9mon\n|rule|Item Clause: Limit 1 of each item\n|clearpoke\n|poke|p1|Gholdengo, L50|\n|poke|p1|Sneasler, L50, M|\n|poke|p1|Incineroar, L50, F|\n|poke|p1|Dragonite, L50, M|\n|poke|p1|Amoonguss, L50, F|\n|poke|p1|Ursaluna-Bloodmoon, L50, M|\n|poke|p2|Pelipper, L50, M|\n|poke|p2|Archaludon, L50, M|\n|poke|p2|Amoonguss, L50, M|\n|poke|p2|Basculegion, L50, M|\n|poke|p2|Dragonite, L50, M|\n|poke|p2|Incineroar, L50, M|\n|teampreview|4\n|inactive|Battle timer is ON: inactive players will automatically lose when time's up. (requested by btest0011)\n|inactive|CarryTheBoats has 60 seconds left.\n|\n|t:|1732580324\n|start\n|switch|p1a: Amoonguss|Amoonguss, L50, F|100\/100\n|switch|p1b: Ursaluna|Ursaluna-Bloodmoon, L50, M|100\/100\n|switch|p2a: Basculegion|Basculegion, L50, M, shiny|100\/100\n|switch|p2b: Pelipper|Pelipper, L50, M, shiny|100\/100\n|-weather|RainDance|[from] ability: Drizzle|[of] p2b: Pelipper\n|turn|1\n|inactive|btest0011 has 30 seconds left.\n|inactive|btest0011 has 20 seconds left.\n|inactive|btest0011 has 15 seconds left.\n|\n|t:|1732580368\n|-terastallize|p1b: Ursaluna|Normal\n|move|p1a: Amoonguss|Rage Powder|p1a: Amoonguss\n|-singleturn|p1a: Amoonguss|move: Rage Powder\n|move|p2a: Basculegion|Wave Crash|p1a: Amoonguss\n|-resisted|p1a: Amoonguss\n|-damage|p1a: Amoonguss|55\/100\n|-damage|p2a: Basculegion|84\/100|[from] Recoil\n|-damage|p2a: Basculegion|74\/100|[from] item: Life Orb\n|move|p2b: Pelipper|Hurricane|p1a: Amoonguss\n|-supereffective|p1a: Amoonguss\n|-damage|p1a: Amoonguss|0 fnt\n|faint|p1a: Amoonguss\n|move|p1b: Ursaluna|Hyper Voice|p2b: Pelipper|[spread] p2a,p2b\n|-damage|p2a: Basculegion|15\/100\n|-damage|p2b: Pelipper|13\/100\n|\n|-weather|RainDance|[upkeep]\n|upkeep\n|\n|t:|1732580391\n|switch|p1a: Dragonite|Dragonite, L50, M|100\/100\n|turn|2\n|inactive|CarryTheBoats has 30 seconds left.\n|\n|t:|1732580423\n|move|p2a: Basculegion|Wave Crash|p1b: Ursaluna\n|-damage|p1b: Ursaluna|0 fnt\n|faint|p1b: Ursaluna\n|-damage|p2a: Basculegion|0 fnt|[from] Recoil\n|faint|p2a: Basculegion\n|move|p1a: Dragonite|Scale Shot|p2b: Pelipper|[miss]\n|-miss|p1a: Dragonite|p2b: Pelipper\n|move|p2b: Pelipper|Weather Ball|p1a: Dragonite\n|-resisted|p1a: Dragonite\n|-damage|p1a: Dragonite|84\/100\n|\n|-weather|RainDance|[upkeep]\n|upkeep\n|j| moonrockdoobie\n|\n|t:|1732580437\n|switch|p2a: Dragonite|Dragonite, L50, M, shiny|100\/100\n|switch|p1b: Sneasler|Sneasler, L50, M|100\/100\n|turn|3\n|\n|t:|1732580454\n|switch|p2b: Archaludon|Archaludon, L50, M, shiny|100\/100\n|move|p2a: Dragonite|Protect|p2a: Dragonite\n|-singleturn|p2a: Dragonite|Protect\n|move|p1b: Sneasler|Fake Out|p2a: Dragonite\n|-activate|p2a: Dragonite|move: Protect\n|move|p1a: Dragonite|Scale Shot|p2b: Archaludon\n|-damage|p2b: Archaludon|90\/100\n|-ability|p2b: Archaludon|Stamina|boost\n|-boost|p2b: Archaludon|def|1\n|-damage|p2b: Archaludon|83\/100\n|-ability|p2b: Archaludon|Stamina|boost\n|-boost|p2b: Archaludon|def|1\n|-damage|p2b: Archaludon|77\/100\n|-ability|p2b: Archaludon|Stamina|boost\n|-boost|p2b: Archaludon|def|1\n|-damage|p2b: Archaludon|73\/100\n|-ability|p2b: Archaludon|Stamina|boost\n|-boost|p2b: Archaludon|def|1\n|-hitcount|p2b: Archaludon|4\n|-unboost|p1a: Dragonite|def|1\n|-boost|p1a: Dragonite|spe|1\n|\n|-weather|RainDance|[upkeep]\n|upkeep\n|turn|4\n|j| Former Fang\n|\n|t:|1732580476\n|-terastallize|p2a: Dragonite|Fairy\n|move|p1a: Dragonite|Haze|p1a: Dragonite\n|-clearallboost\n|move|p1b: Sneasler|Close Combat|p2b: Archaludon\n|-supereffective|p2b: Archaludon\n|-damage|p2b: Archaludon|0 fnt\n|-unboost|p1b: Sneasler|def|1\n|-unboost|p1b: Sneasler|spd|1\n|faint|p2b: Archaludon\n|move|p2a: Dragonite|Scale Shot|p1b: Sneasler\n|-damage|p1b: Sneasler|64\/100\n|-damage|p1b: Sneasler|27\/100\n|-damage|p1b: Sneasler|0 fnt\n|faint|p1b: Sneasler\n|-hitcount|p1: Sneasler|3\n|-unboost|p2a: Dragonite|def|1\n|-boost|p2a: Dragonite|spe|1\n|\n|-weather|RainDance|[upkeep]\n|upkeep\n|c| moonrockdoobie|bruh\n|\n|t:|1732580485\n|switch|p2b: Pelipper|Pelipper, L50, M, shiny|13\/100\n|turn|5\n|\n|t:|1732580500\n|move|p2a: Dragonite|Scale Shot|p1a: Dragonite\n|-supereffective|p1a: Dragonite\n|-damage|p1a: Dragonite|51\/100\n|-supereffective|p1a: Dragonite\n|-damage|p1a: Dragonite|19\/100\n|-supereffective|p1a: Dragonite\n|-damage|p1a: Dragonite|0 fnt\n|faint|p1a: Dragonite\n|-hitcount|p1: Dragonite|3\n|\n|win|CarryTheBoats\n|raw|btest0011's rating: 1744 &rarr; <strong>1727<\/strong><br \/>(-17 for losing)\n|raw|CarryTheBoats's rating: 1796 &rarr; <strong>1813<\/strong><br \/>(+17 for winning)\n","uploadtime":1732580509,"views":65,"formatid":"gen9vgc2024regh","rating":1727,"private":0,"password":null}