{"id":"gen9vgc2024regh-2251243547","format":"[Gen 9] VGC 2024 Reg H","players":["bigbadbirdvgc","testy accounty 2"],"log":"|j|\u2606bigbadbirdvgc\n|j|\u2606testy accounty 2\n|t:|1732598452\n|gametype|doubles\n|player|p1|bigbadbirdvgc|170|1705\n|player|p2|testy accounty 2|265|1685\n|teamsize|p1|6\n|teamsize|p2|6\n|gen|9\n|tier|[Gen 9] VGC 2024 Reg H\n|rated|\n|rule|Species Clause: Limit one of each Pok\u00e9mon\n|rule|Item Clause: Limit 1 of each item\n|clearpoke\n|poke|p1|Gothitelle, L50, F|\n|poke|p1|Politoed, L50, M|\n|poke|p1|Archaludon, L50, M|\n|poke|p1|Incineroar, L50, F|\n|poke|p1|Amoonguss, L50, M|\n|poke|p1|Barraskewda, L50, F|\n|poke|p2|Pelipper, L50, M|\n|poke|p2|Archaludon, L50, F|\n|poke|p2|Sneasler, L50, F|\n|poke|p2|Dragonite, L50, M|\n|poke|p2|Basculegion, L50, M|\n|poke|p2|Rillaboom, L50, M|\n|teampreview|4\n|\n|t:|1732598492\n|start\n|switch|p1a: Politoed|Politoed, L50, M|100\/100\n|switch|p1b: Archaludon|Archaludon, L50, M|100\/100\n|switch|p2a: Ceasar|Rillaboom, L50, M|100\/100\n|switch|p2b: Hephetus|Archaludon, L50, F|100\/100\n|-fieldstart|move: Grassy Terrain|[from] ability: Grassy Surge|[of] p2a: Ceasar\n|-weather|RainDance|[from] ability: Drizzle|[of] p1a: Politoed\n|turn|1\n|\n|t:|1732598510\n|switch|p1b: Gothitelle|Gothitelle, L50, F|100\/100\n|-terastallize|p1a: Politoed|Grass\n|move|p2a: Ceasar|Fake Out|p1a: Politoed\n|-damage|p1a: Politoed|89\/100\n|move|p2b: Hephetus|Electro Shot||[still]\n|-prepare|p2b: Hephetus|Electro Shot\n|-boost|p2b: Hephetus|spa|1\n|-anim|p2b: Hephetus|Electro Shot|p1a: Politoed\n|-resisted|p1a: Politoed\n|-damage|p1a: Politoed|64\/100\n|cant|p1a: Politoed|flinch\n|\n|-weather|RainDance|[upkeep]\n|-heal|p1a: Politoed|71\/100|[from] Grassy Terrain\n|upkeep\n|turn|2\n|\n|t:|1732598540\n|-terastallize|p2b: Hephetus|Grass\n|move|p1b: Gothitelle|Fake Out|p2b: Hephetus\n|-damage|p2b: Hephetus|96\/100\n|-ability|p2b: Hephetus|Stamina|boost\n|-boost|p2b: Hephetus|def|1\n|move|p2a: Ceasar|Taunt|p1b: Gothitelle\n|-start|p1b: Gothitelle|move: Taunt\n|cant|p2b: Hephetus|flinch\n|move|p1a: Politoed|Perish Song|p1a: Politoed\n|-start|p1a: Politoed|perish3|[silent]\n|-start|p1b: Gothitelle|perish3|[silent]\n|-start|p2a: Ceasar|perish3|[silent]\n|-start|p2b: Hephetus|perish3|[silent]\n|-fieldactivate|move: Perish Song\n|\n|-weather|RainDance|[upkeep]\n|-heal|p2b: Hephetus|100\/100|[from] Grassy Terrain\n|-heal|p1a: Politoed|77\/100|[from] Grassy Terrain\n|-start|p2a: Ceasar|perish3\n|-start|p2b: Hephetus|perish3\n|-start|p1b: Gothitelle|perish3\n|-start|p1a: Politoed|perish3\n|upkeep\n|turn|3\n|\n|t:|1732598568\n|switch|p1b: Incineroar|Incineroar, L50, F|100\/100\n|-ability|p1b: Incineroar|Intimidate|boost\n|-unboost|p2a: Ceasar|atk|1\n|-unboost|p2b: Hephetus|atk|1\n|switch|p1a: Archaludon|Archaludon, L50, M|100\/100\n|move|p2a: Ceasar|Bullet Seed|p2b: Hephetus\n|-resisted|p2b: Hephetus\n|-damage|p2b: Hephetus|98\/100\n|-ability|p2b: Hephetus|Stamina|boost\n|-boost|p2b: Hephetus|def|1\n|-resisted|p2b: Hephetus\n|-damage|p2b: Hephetus|97\/100\n|-ability|p2b: Hephetus|Stamina|boost\n|-boost|p2b: Hephetus|def|1\n|-resisted|p2b: Hephetus\n|-crit|p2b: Hephetus\n|-damage|p2b: Hephetus|88\/100\n|-ability|p2b: Hephetus|Stamina|boost\n|-boost|p2b: Hephetus|def|1\n|-resisted|p2b: Hephetus\n|-damage|p2b: Hephetus|87\/100\n|-ability|p2b: Hephetus|Stamina|boost\n|-boost|p2b: Hephetus|def|1\n|-hitcount|p2b: Hephetus|4\n|move|p2b: Hephetus|Body Press|p1b: Incineroar\n|-supereffective|p1b: Incineroar\n|-enditem|p1b: Incineroar|Chople Berry|[eat]\n|-enditem|p1b: Incineroar|Chople Berry|[weaken]\n|-damage|p1b: Incineroar|20\/100\n|\n|-weather|RainDance|[upkeep]\n|-heal|p2b: Hephetus|93\/100|[from] Grassy Terrain\n|-heal|p1b: Incineroar|26\/100|[from] Grassy Terrain\n|-start|p2a: Ceasar|perish2\n|-start|p2b: Hephetus|perish2\n|upkeep\n|turn|4\n|\n|t:|1732598607\n|switch|p2b: Hermes|Sneasler, L50, F|100\/100\n|-enditem|p2b: Hermes|Grassy Seed\n|-boost|p2b: Hermes|def|1|[from] item: Grassy Seed\n|move|p1b: Incineroar|Fake Out|p2b: Hermes\n|-damage|p2b: Hermes|86\/100\n|move|p1a: Archaludon|Electro Shot||[still]\n|-prepare|p1a: Archaludon|Electro Shot\n|-boost|p1a: Archaludon|spa|1\n|-anim|p1a: Archaludon|Electro Shot|p2b: Hermes\n|-damage|p2b: Hermes|0 fnt\n|faint|p2b: Hermes\n|move|p2a: Ceasar|Bullet Seed|p1b: Incineroar\n|-resisted|p1b: Incineroar\n|-damage|p1b: Incineroar|21\/100\n|-resisted|p1b: Incineroar\n|-damage|p1b: Incineroar|16\/100\n|-resisted|p1b: Incineroar\n|-damage|p1b: Incineroar|11\/100\n|-resisted|p1b: Incineroar\n|-damage|p1b: Incineroar|5\/100\n|-resisted|p1b: Incineroar\n|-damage|p1b: Incineroar|0 fnt\n|faint|p1b: Incineroar\n|-hitcount|p1: Incineroar|5\n|\n|-weather|RainDance|[upkeep]\n|-start|p2a: Ceasar|perish1\n|upkeep\n|\n|t:|1732598633\n|switch|p2b: Thanotos|Basculegion, L50, M|100\/100\n|switch|p1b: Gothitelle|Gothitelle, L50, F|100\/100\n|turn|5\n|\n|t:|1732598653\n|move|p1b: Gothitelle|Fake Out|p2a: Ceasar\n|-damage|p2a: Ceasar|95\/100\n|move|p2b: Thanotos|Flip Turn|p1a: Archaludon\n|-resisted|p1a: Archaludon\n|-damage|p1a: Archaludon|75\/100\n|\n|t:|1732598658\n|switch|p2b: Hephetus|Archaludon, L50, F, tera:Grass|93\/100|[from] Flip Turn\n|move|p1a: Archaludon|Electro Shot||[still]\n|-prepare|p1a: Archaludon|Electro Shot\n|-boost|p1a: Archaludon|spa|1\n|-anim|p1a: Archaludon|Electro Shot|p2b: Hephetus\n|-resisted|p2b: Hephetus\n|-damage|p2b: Hephetus|57\/100\n|-ability|p2b: Hephetus|Stamina|boost\n|-boost|p2b: Hephetus|def|1\n|cant|p2a: Ceasar|flinch\n|\n|-weather|none\n|-heal|p1a: Archaludon|81\/100|[from] Grassy Terrain\n|-heal|p2a: Ceasar|100\/100|[from] Grassy Terrain\n|-heal|p2b: Hephetus|63\/100|[from] Grassy Terrain\n|-start|p2a: Ceasar|perish0\n|-fieldend|move: Grassy Terrain\n|upkeep\n|faint|p2a: Ceasar\n|\n|t:|1732598664\n|switch|p2a: Thanotos|Basculegion, L50, M|100\/100\n|turn|6\n|j| keshaeuw\n|inactive|Battle timer is ON: inactive players will automatically lose when time's up. (requested by testy accounty 2)\n|\n|t:|1732598724\n|move|p2a: Thanotos|Last Respects|p1a: Archaludon\n|-damage|p1a: Archaludon|0 fnt\n|faint|p1a: Archaludon\n|move|p2b: Hephetus|Body Press|p1b: Gothitelle\n|-resisted|p1b: Gothitelle\n|-damage|p1b: Gothitelle|84\/100\n|move|p1b: Gothitelle|Psychic|p2a: Thanotos\n|-damage|p2a: Thanotos|65\/100\n|\n|upkeep\n|\n|t:|1732598734\n|switch|p1a: Politoed|Politoed, L50, M, tera:Grass|77\/100\n|-weather|RainDance|[from] ability: Drizzle|[of] p1a: Politoed\n|turn|7\n|c|\u2606bigbadbirdvgc|ah scarf gg\n|j| mr pogostick\n|inactive|testy accounty 2 has 30 seconds left.\n|\n|t:|1732598763\n|move|p1a: Politoed|Protect|p1a: Politoed\n|-singleturn|p1a: Politoed|Protect\n|move|p2a: Thanotos|Last Respects|p1b: Gothitelle\n|-supereffective|p1b: Gothitelle\n|-damage|p1b: Gothitelle|0 fnt\n|faint|p1b: Gothitelle\n|move|p2b: Hephetus|Draco Meteor|p1a: Politoed\n|-activate|p1a: Politoed|move: Protect\n|\n|-weather|RainDance|[upkeep]\n|upkeep\n|turn|8\n|l| mr pogostick\n|\n|t:|1732598773\n|move|p2a: Thanotos|Last Respects|p1a: Politoed\n|-crit|p1a: Politoed\n|-damage|p1a: Politoed|0 fnt\n|faint|p1a: Politoed\n|\n|win|testy accounty 2\n|raw|bigbadbirdvgc's rating: 1705 &rarr; <strong>1684<\/strong><br \/>(-21 for losing)\n|raw|testy accounty 2's rating: 1685 &rarr; <strong>1706<\/strong><br \/>(+21 for winning)\n|l|\u2606testy accounty 2\n|player|p2|\n|l|\u2606bigbadbirdvgc\n|player|p1|\n|l| keshaeuw\n","uploadtime":1732598924,"views":9,"formatid":"gen9vgc2024regh","rating":1684,"private":0,"password":null}