{"id":"gen9vgc2024regh-2251029693","format":"[Gen 9] VGC 2024 Reg H","players":["Tepig_nNz_498","chang21"],"log":"|j|\u2606Tepig_nNz_498\n|j|\u2606chang21\n|t:|1732571381\n|gametype|doubles\n|player|p1|Tepig_nNz_498|101|1719\n|player|p2|chang21|veteran-gen4|1760\n|teamsize|p1|6\n|teamsize|p2|6\n|gen|9\n|tier|[Gen 9] VGC 2024 Reg H\n|rated|\n|rule|Species Clause: Limit one of each Pok\u00e9mon\n|rule|Item Clause: Limit 1 of each item\n|clearpoke\n|poke|p1|Typhlosion, L50, M|\n|poke|p1|Whimsicott, L50, F|\n|poke|p1|Torkoal, L50, M|\n|poke|p1|Ninetales, L50, F|\n|poke|p1|Scovillain, L50, M|\n|poke|p1|Magmortar, L50, M|\n|poke|p2|Sneasler, L50, F|\n|poke|p2|Baxcalibur, L50, M|\n|poke|p2|Rillaboom, L50, M|\n|poke|p2|Basculegion, L50, M|\n|poke|p2|Volcarona, L50, M|\n|poke|p2|Kingambit, L50, F|\n|teampreview|4\n|inactive|Battle timer is ON: inactive players will automatically lose when time's up. (requested by Tepig_nNz_498)\n|inactive|chang21 has 60 seconds left.\n|\n|t:|1732571451\n|start\n|switch|p1a: Ninetales|Ninetales, L50, F|100\/100\n|switch|p1b: Whimsicott|Whimsicott, L50, F|100\/100\n|switch|p2a: Sneasler|Sneasler, L50, F|100\/100\n|switch|p2b: Kingambit|Kingambit, L50, F|100\/100\n|-weather|SunnyDay|[from] ability: Drought|[of] p1a: Ninetales\n|turn|1\n|inactive|chang21 has 30 seconds left.\n|inactive|chang21 has 20 seconds left.\n|inactive|Tepig_nNz_498 has 30 seconds left.\n|inactive|chang21 has 15 seconds left.\n|inactive|chang21 has 10 seconds left.\n|\n|t:|1732571500\n|-terastallize|p2b: Kingambit|Ghost\n|move|p1b: Whimsicott|Tailwind|p1b: Whimsicott\n|-sidestart|p1: Tepig_nNz_498|move: Tailwind\n|move|p1a: Ninetales|Heat Wave|p2b: Kingambit|[spread] p2a\n|-miss|p1a: Ninetales|p2b: Kingambit\n|-damage|p2a: Sneasler|47\/100\n|move|p2a: Sneasler|Dire Claw|p1b: Whimsicott\n|-supereffective|p1b: Whimsicott\n|-enditem|p1b: Whimsicott|Focus Sash\n|-damage|p1b: Whimsicott|1\/100\n|-status|p1b: Whimsicott|slp\n|move|p2b: Kingambit|Kowtow Cleave|p1a: Ninetales\n|-damage|p1a: Ninetales|31\/100\n|-enditem|p1a: Ninetales|Eject Button\n|j| Broccol1\n|inactive|Tepig_nNz_498 has 30 seconds left.\n|\n|t:|1732571534\n|switch|p1a: Scovillain|Scovillain, L50, M|100\/100\n|\n|-weather|SunnyDay|[upkeep]\n|upkeep\n|turn|2\n|\n|t:|1732571555\n|-terastallize|p1a: Scovillain|Ground\n|move|p1a: Scovillain|Flamethrower|p2b: Kingambit\n|-damage|p2b: Kingambit|45\/100\n|-damage|p1a: Scovillain|90\/100|[from] item: Life Orb\n|cant|p1b: Whimsicott|slp\n|move|p2a: Sneasler|Coaching|p2b: Kingambit\n|-boost|p2b: Kingambit|atk|1\n|-boost|p2b: Kingambit|def|1\n|move|p2b: Kingambit|Kowtow Cleave|p1a: Scovillain\n|-damage|p1a: Scovillain|0 fnt\n|faint|p1a: Scovillain\n|\n|-weather|SunnyDay|[upkeep]\n|upkeep\n|\n|t:|1732571570\n|switch|p1a: Ninetales|Ninetales, L50, F|31\/100\n|turn|3\n|\n|t:|1732571585\n|move|p1a: Ninetales|Helping Hand|p1b: Whimsicott\n|-singleturn|p1b: Whimsicott|Helping Hand|[of] p1a: Ninetales\n|move|p2b: Kingambit|Sucker Punch||[still]\n|-fail|p2b: Kingambit\n|-curestatus|p1b: Whimsicott|slp|[msg]\n|move|p1b: Whimsicott|Solar Beam||[still]\n|-prepare|p1b: Whimsicott|Solar Beam\n|-anim|p1b: Whimsicott|Solar Beam|p2b: Kingambit\n|-damage|p2b: Kingambit|0 fnt\n|faint|p2b: Kingambit\n|move|p2a: Sneasler|Dire Claw|p1b: Whimsicott\n|-supereffective|p1b: Whimsicott\n|-damage|p1b: Whimsicott|0 fnt\n|faint|p1b: Whimsicott\n|\n|-weather|SunnyDay|[upkeep]\n|upkeep\n|\n|t:|1732571596\n|switch|p1b: Typhlosion|Typhlosion, L50, M|100\/100\n|switch|p2b: Volcarona|Volcarona, L50, M|100\/100\n|turn|4\n|\n|t:|1732571616\n|switch|p2a: Basculegion|Basculegion, L50, M|100\/100\n|move|p1a: Ninetales|Helping Hand|p1b: Typhlosion\n|-singleturn|p1b: Typhlosion|Helping Hand|[of] p1a: Ninetales\n|move|p2b: Volcarona|Protect|p2b: Volcarona\n|-singleturn|p2b: Volcarona|Protect\n|move|p1b: Typhlosion|Eruption|p2a: Basculegion|[spread] p2a\n|-activate|p2b: Volcarona|move: Protect\n|-resisted|p2a: Basculegion\n|-damage|p2a: Basculegion|0 fnt\n|faint|p2a: Basculegion\n|\n|-weather|SunnyDay|[upkeep]\n|-sideend|p1: Tepig_nNz_498|move: Tailwind\n|upkeep\n|\n|t:|1732571627\n|switch|p2a: Sneasler|Sneasler, L50, F|47\/100\n|turn|5\n|\n|t:|1732571639\n|move|p2a: Sneasler|Fake Out|p1b: Typhlosion\n|-damage|p1b: Typhlosion|77\/100\n|move|p1a: Ninetales|Heat Wave|p2a: Sneasler|[spread] p2a,p2b\n|-damage|p2a: Sneasler|0 fnt\n|-damage|p2b: Volcarona|59\/100\n|faint|p2a: Sneasler\n|cant|p1b: Typhlosion|flinch\n|move|p2b: Volcarona|Quiver Dance|p2b: Volcarona\n|-boost|p2b: Volcarona|spa|1\n|-boost|p2b: Volcarona|spd|1\n|-boost|p2b: Volcarona|spe|1\n|\n|-weather|none\n|upkeep\n|turn|6\n|\n|t:|1732571657\n|move|p1a: Ninetales|Helping Hand|p1b: Typhlosion\n|-singleturn|p1b: Typhlosion|Helping Hand|[of] p1a: Ninetales\n|move|p2b: Volcarona|Heat Wave|p1a: Ninetales|[spread] p1a\n|-start|p1b: Typhlosion|ability: Flash Fire\n|-resisted|p1a: Ninetales\n|-damage|p1a: Ninetales|0 fnt\n|faint|p1a: Ninetales\n|move|p1b: Typhlosion|Eruption|p2b: Volcarona\n|-damage|p2b: Volcarona|0 fnt\n|faint|p2b: Volcarona\n|\n|win|Tepig_nNz_498\n|raw|Tepig_nNz_498's rating: 1719 &rarr; <strong>1741<\/strong><br \/>(+22 for winning)\n|raw|chang21's rating: 1760 &rarr; <strong>1738<\/strong><br \/>(-22 for losing)\n|l|\u2606chang21\n|player|p2|\n|l|\u2606Tepig_nNz_498\n|player|p1|\n|l| Broccol1\n","uploadtime":1732571917,"views":20,"formatid":"gen9vgc2024regh","rating":1738,"private":0,"password":null}