{"id":"gen9vgc2024regh-2251708944","format":"[Gen 9] VGC 2024 Reg H","players":["Allhailhippo","Nerd159"],"log":"|j|\u2606Allhailhippo\n|j|\u2606Nerd159\n|t:|1732656506\n|gametype|doubles\n|player|p1|Allhailhippo|1|1696\n|player|p2|Nerd159|1|1757\n|teamsize|p1|6\n|teamsize|p2|6\n|gen|9\n|tier|[Gen 9] VGC 2024 Reg H\n|rated|\n|rule|Species Clause: Limit one of each Pok\u00e9mon\n|rule|Item Clause: Limit 1 of each item\n|clearpoke\n|poke|p1|Tyranitar, L50, F|\n|poke|p1|Houndstone, L50, F|\n|poke|p1|Whimsicott, L50, M|\n|poke|p1|Incineroar, L50, M|\n|poke|p1|Amoonguss, L50, M|\n|poke|p1|Garchomp, L50, F|\n|poke|p2|Gholdengo, L50|\n|poke|p2|Indeedee, L50, M|\n|poke|p2|Delphox, L50, M|\n|poke|p2|Murkrow, L50, M|\n|poke|p2|Clodsire, L50, M|\n|poke|p2|Decidueye-Hisui, L50, M|\n|teampreview|4\n|inactive|Battle timer is ON: inactive players will automatically lose when time's up. (requested by Allhailhippo)\n|inactive|Nerd159 has 60 seconds left.\n|\n|t:|1732656554\n|start\n|switch|p1a: Whimsicott|Whimsicott, L50, M|100\/100\n|switch|p1b: Garchomp|Garchomp, L50, F|100\/100\n|switch|p2a: Decidueye|Decidueye-Hisui, L50, M|100\/100\n|switch|p2b: Clodsire|Clodsire, L50, M|100\/100\n|turn|1\n|\n|t:|1732656573\n|-terastallize|p2b: Clodsire|Water\n|move|p2a: Decidueye|Protect|p2a: Decidueye\n|-singleturn|p2a: Decidueye|Protect\n|move|p1a: Whimsicott|Tailwind|p1a: Whimsicott\n|-sidestart|p1: Allhailhippo|move: Tailwind\n|move|p1b: Garchomp|Earthquake|p2b: Clodsire|[spread] p1a,p2b\n|-activate|p2a: Decidueye|move: Protect\n|-resisted|p1a: Whimsicott\n|-damage|p1a: Whimsicott|74\/100\n|-damage|p2b: Clodsire|44\/100\n|-enditem|p2b: Clodsire|Sitrus Berry|[eat]\n|-heal|p2b: Clodsire|69\/100|[from] item: Sitrus Berry\n|-damage|p1b: Garchomp|91\/100|[from] item: Life Orb\n|move|p2b: Clodsire|Yawn|p1b: Garchomp\n|-start|p1b: Garchomp|move: Yawn|[of] p2b: Clodsire\n|\n|upkeep\n|turn|2\n|\n|t:|1732656595\n|switch|p1b: Tyranitar|Tyranitar, L50, F|100\/100\n|-weather|Sandstorm|[from] ability: Sand Stream|[of] p1b: Tyranitar\n|switch|p2a: Gholdengo|Gholdengo, L50|100\/100\n|move|p1a: Whimsicott|Encore|p2a: Gholdengo\n|-immune|p2a: Gholdengo|[from] ability: Good as Gold\n|move|p2b: Clodsire|Yawn|p1a: Whimsicott\n|-start|p1a: Whimsicott|move: Yawn|[of] p2b: Clodsire\n|\n|-weather|Sandstorm|[upkeep]\n|-damage|p1a: Whimsicott|68\/100|[from] Sandstorm\n|-damage|p2b: Clodsire|63\/100|[from] Sandstorm\n|upkeep\n|turn|3\n|\n|t:|1732656611\n|switch|p1a: Garchomp|Garchomp, L50, F|91\/100\n|switch|p2a: Decidueye|Decidueye-Hisui, L50, M|100\/100\n|switch|p2b: Murkrow|Murkrow, L50, M|100\/100\n|move|p1b: Tyranitar|Knock Off|p2a: Decidueye\n|-resisted|p2a: Decidueye\n|-damage|p2a: Decidueye|66\/100\n|-enditem|p2a: Decidueye|Scope Lens|[from] move: Knock Off|[of] p1b: Tyranitar\n|\n|-weather|Sandstorm|[upkeep]\n|-damage|p2b: Murkrow|95\/100|[from] Sandstorm\n|-damage|p2a: Decidueye|60\/100|[from] Sandstorm\n|upkeep\n|turn|4\n|\n|t:|1732656630\n|switch|p1a: Whimsicott|Whimsicott, L50, M|68\/100\n|-terastallize|p1b: Tyranitar|Flying\n|move|p2a: Decidueye|Protect|p2a: Decidueye\n|-singleturn|p2a: Decidueye|Protect\n|move|p2b: Murkrow|Tailwind|p2b: Murkrow\n|-sidestart|p2: Nerd159|move: Tailwind\n|move|p1b: Tyranitar|Rock Slide|p2a: Decidueye|[spread] p2b\n|-activate|p2a: Decidueye|move: Protect\n|-supereffective|p2b: Murkrow\n|-damage|p2b: Murkrow|5\/100\n|\n|-weather|Sandstorm|[upkeep]\n|-damage|p2b: Murkrow|0 fnt|[from] Sandstorm\n|-damage|p1a: Whimsicott|62\/100|[from] Sandstorm\n|-damage|p2a: Decidueye|54\/100|[from] Sandstorm\n|-damage|p1b: Tyranitar|95\/100|[from] Sandstorm\n|faint|p2b: Murkrow\n|-sideend|p1: Allhailhippo|move: Tailwind\n|upkeep\n|\n|t:|1732656636\n|switch|p2b: Gholdengo|Gholdengo, L50|100\/100\n|turn|5\n|\n|t:|1732656653\n|move|p1a: Whimsicott|Protect|p1a: Whimsicott\n|-singleturn|p1a: Whimsicott|Protect\n|move|p2b: Gholdengo|Make It Rain|p1a: Whimsicott|[spread] p1b\n|-activate|p1a: Whimsicott|move: Protect\n|-damage|p1b: Tyranitar|47\/100\n|-unboost|p2b: Gholdengo|spa|1\n|move|p2a: Decidueye|Triple Arrows|p1b: Tyranitar\n|-resisted|p1b: Tyranitar\n|-damage|p1b: Tyranitar|29\/100\n|move|p1b: Tyranitar|Knock Off|p2b: Gholdengo\n|-supereffective|p2b: Gholdengo\n|-damage|p2b: Gholdengo|0 fnt\n|-enditem|p2b: Gholdengo|Choice Specs|[from] move: Knock Off|[of] p1b: Tyranitar\n|faint|p2b: Gholdengo\n|\n|-weather|Sandstorm|[upkeep]\n|-damage|p2a: Decidueye|48\/100|[from] Sandstorm\n|-damage|p1a: Whimsicott|56\/100|[from] Sandstorm\n|-damage|p1b: Tyranitar|24\/100|[from] Sandstorm\n|upkeep\n|-message|Nerd159 forfeited.\n|\n|win|Allhailhippo\n|raw|Allhailhippo's rating: 1696 &rarr; <strong>1719<\/strong><br \/>(+23 for winning)\n|raw|Nerd159's rating: 1757 &rarr; <strong>1734<\/strong><br \/>(-23 for losing)\n|l|\u2606Nerd159\n|player|p2|\n","uploadtime":1732656808,"views":25,"formatid":"gen9vgc2024regh","rating":1719,"private":0,"password":null}