{"id":"gen9vgc2024regh-2251053923","format":"[Gen 9] VGC 2024 Reg H","players":["Zordor","Tepig_nNz_498"],"log":"|j|\u2606Zordor\n|j|\u2606Tepig_nNz_498\n|t:|1732573999\n|gametype|doubles\n|player|p1|Zordor|pilot|1775\n|player|p2|Tepig_nNz_498|101|1735\n|teamsize|p1|6\n|teamsize|p2|6\n|gen|9\n|tier|[Gen 9] VGC 2024 Reg H\n|rated|\n|rule|Species Clause: Limit one of each Pok\u00e9mon\n|rule|Item Clause: Limit 1 of each item\n|clearpoke\n|poke|p1|Rotom-Wash, L50|\n|poke|p1|Sneasler, L50, F|\n|poke|p1|Armarouge, L50, F|\n|poke|p1|Venusaur, L50, F|\n|poke|p1|Scizor, L50, M|\n|poke|p1|Dragapult, L50, F|\n|poke|p2|Typhlosion, L50, M|\n|poke|p2|Whimsicott, L50, M|\n|poke|p2|Torkoal, L50, M|\n|poke|p2|Ninetales, L50, F|\n|poke|p2|Scovillain, L50, M|\n|poke|p2|Magmortar, L50, M|\n|teampreview|4\n|\n|t:|1732574012\n|start\n|switch|p1a: Sneasler|Sneasler, L50, F|100\/100\n|switch|p1b: Rotom|Rotom-Wash, L50|100\/100\n|switch|p2a: Whimsicott|Whimsicott, L50, M|100\/100\n|switch|p2b: Ninetales|Ninetales, L50, F|100\/100\n|-weather|SunnyDay|[from] ability: Drought|[of] p2b: Ninetales\n|turn|1\n|inactive|Battle timer is ON: inactive players will automatically lose when time's up. (requested by Tepig_nNz_498)\n|\n|t:|1732574032\n|switch|p1b: Armarouge|Armarouge, L50, F|100\/100\n|-terastallize|p2a: Whimsicott|Ghost\n|move|p2a: Whimsicott|Tailwind|p2a: Whimsicott\n|-sidestart|p2: Tepig_nNz_498|move: Tailwind\n|move|p2b: Ninetales|Heat Wave|p1a: Sneasler|[spread] p1a\n|-start|p1b: Armarouge|ability: Flash Fire\n|-damage|p1a: Sneasler|51\/100\n|move|p1a: Sneasler|Dire Claw|p2b: Ninetales\n|-damage|p2b: Ninetales|36\/100\n|-status|p2b: Ninetales|slp\n|-enditem|p2b: Ninetales|Eject Button\n|\n|t:|1732574052\n|switch|p2b: Typhlosion|Typhlosion, L50, M|100\/100\n|\n|-weather|SunnyDay|[upkeep]\n|upkeep\n|turn|2\n|inactive|Zordor has 30 seconds left.\n|\n|t:|1732574087\n|move|p1a: Sneasler|Protect|p1a: Sneasler\n|-singleturn|p1a: Sneasler|Protect\n|move|p2a: Whimsicott|Moonblast|p1b: Armarouge\n|-resisted|p1b: Armarouge\n|-damage|p1b: Armarouge|81\/100\n|-unboost|p1b: Armarouge|spa|1\n|move|p2b: Typhlosion|Scorching Sands|p1a: Sneasler\n|-activate|p1a: Sneasler|move: Protect\n|move|p1b: Armarouge|Heat Wave|p2b: Typhlosion|[spread] p2a\n|-start|p2b: Typhlosion|ability: Flash Fire\n|-damage|p2a: Whimsicott|10\/100\n|\n|-weather|SunnyDay|[upkeep]\n|upkeep\n|turn|3\n|inactive|Zordor has 30 seconds left.\n|inactive|Tepig_nNz_498 has 30 seconds left.\n|\n|t:|1732574119\n|switch|p1a: Rotom|Rotom-Wash, L50|100\/100\n|-terastallize|p1b: Armarouge|Dark\n|move|p2a: Whimsicott|Moonblast|p1a: Rotom\n|-damage|p1a: Rotom|60\/100\n|move|p2b: Typhlosion|Scorching Sands|p1b: Armarouge\n|-damage|p1b: Armarouge|46\/100\n|move|p1b: Armarouge|Meteor Beam||[still]\n|-prepare|p1b: Armarouge|Meteor Beam\n|-boost|p1b: Armarouge|spa|1\n|-enditem|p1b: Armarouge|Power Herb\n|-anim|p1b: Armarouge|Meteor Beam|p2b: Typhlosion\n|-supereffective|p2b: Typhlosion\n|-crit|p2b: Typhlosion\n|-damage|p2b: Typhlosion|0 fnt\n|faint|p2b: Typhlosion\n|\n|-weather|SunnyDay|[upkeep]\n|upkeep\n|\n|t:|1732574139\n|switch|p2b: Scovillain|Scovillain, L50, M|100\/100\n|turn|4\n|\n|t:|1732574155\n|move|p1a: Rotom|Protect|p1a: Rotom\n|-singleturn|p1a: Rotom|Protect\n|move|p1b: Armarouge|Protect|p1b: Armarouge\n|-singleturn|p1b: Armarouge|Protect\n|move|p2b: Scovillain|Solar Beam||[still]\n|-prepare|p2b: Scovillain|Solar Beam\n|-anim|p2b: Scovillain|Solar Beam|p1b: Armarouge\n|-activate|p1b: Armarouge|move: Protect\n|move|p2a: Whimsicott|Solar Beam||[still]\n|-prepare|p2a: Whimsicott|Solar Beam\n|-anim|p2a: Whimsicott|Solar Beam|p1a: Rotom\n|-activate|p1a: Rotom|move: Protect\n|\n|-weather|SunnyDay|[upkeep]\n|-sideend|p2: Tepig_nNz_498|move: Tailwind\n|upkeep\n|turn|5\n|\n|t:|1732574170\n|move|p2b: Scovillain|Solar Beam||[still]\n|-prepare|p2b: Scovillain|Solar Beam\n|-anim|p2b: Scovillain|Solar Beam|p1a: Rotom\n|-supereffective|p1a: Rotom\n|-damage|p1a: Rotom|0 fnt\n|faint|p1a: Rotom\n|-damage|p2b: Scovillain|90\/100|[from] item: Life Orb\n|move|p2a: Whimsicott|Moonblast|p1b: Armarouge\n|-supereffective|p1b: Armarouge\n|-damage|p1b: Armarouge|0 fnt\n|faint|p1b: Armarouge\n|\n|-weather|none\n|upkeep\n|j| kyog9t\n|\n|t:|1732574178\n|switch|p1a: Sneasler|Sneasler, L50, F|51\/100\n|switch|p1b: Dragapult|Dragapult, L50, F|100\/100\n|turn|6\n|l| kyog9t\n|\n|t:|1732574189\n|move|p1a: Sneasler|Protect|p1a: Sneasler\n|-singleturn|p1a: Sneasler|Protect\n|move|p2b: Scovillain|Protect|p2b: Scovillain\n|-singleturn|p2b: Scovillain|Protect\n|move|p2a: Whimsicott|Tailwind|p2a: Whimsicott\n|-sidestart|p2: Tepig_nNz_498|move: Tailwind\n|move|p1b: Dragapult|Dragon Darts|p2a: Whimsicott\n|-damage|p2a: Whimsicott|0 fnt\n|faint|p2a: Whimsicott\n|\n|upkeep\n|j| kyog9t\n|\n|t:|1732574192\n|switch|p2a: Ninetales|Ninetales, L50, F|36\/100 slp\n|-weather|SunnyDay|[from] ability: Drought|[of] p2a: Ninetales\n|turn|7\n|\n|t:|1732574206\n|move|p2b: Scovillain|Flamethrower|p1a: Sneasler\n|-damage|p1a: Sneasler|0 fnt\n|faint|p1a: Sneasler\n|-damage|p2b: Scovillain|80\/100|[from] item: Life Orb\n|cant|p2a: Ninetales|slp\n|move|p1b: Dragapult|Dragon Darts|p2a: Ninetales\n|-crit|p2a: Ninetales\n|-damage|p2a: Ninetales|0 fnt\n|-anim|p1b: Dragapult|Dragon Darts|p2b: Scovillain\n|-damage|p2b: Scovillain|40\/100\n|faint|p2a: Ninetales\n|\n|-weather|SunnyDay|[upkeep]\n|upkeep\n|turn|8\n|\n|t:|1732574214\n|move|p2b: Scovillain|Flamethrower|p1b: Dragapult\n|-resisted|p1b: Dragapult\n|-damage|p1b: Dragapult|64\/100\n|-damage|p2b: Scovillain|30\/100|[from] item: Life Orb\n|move|p1b: Dragapult|Dragon Darts|p2b: Scovillain\n|-damage|p2b: Scovillain|0 fnt\n|faint|p2b: Scovillain\n|\n|win|Zordor\n|raw|Zordor's rating: 1775 &rarr; <strong>1791<\/strong><br \/>(+16 for winning)\n|raw|Tepig_nNz_498's rating: 1707 &rarr; <strong>1691<\/strong><br \/>(-16 for losing)\n|l|\u2606Tepig_nNz_498\n|player|p2|\n|l|\u2606Zordor\n|player|p1|\n|l| kyog9t\n","uploadtime":1732574415,"views":8,"formatid":"gen9vgc2024regh","rating":1691,"private":0,"password":null}