{"id":"gen9vgc2024regh-2251412095","format":"[Gen 9] VGC 2024 Reg H","players":["GiganTheGojira","trecal"],"log":"|j|\u2606GiganTheGojira\n|j|\u2606trecal\n|t:|1732626681\n|gametype|doubles\n|player|p1|GiganTheGojira|steven|1692\n|player|p2|trecal|2|1723\n|teamsize|p1|6\n|teamsize|p2|6\n|gen|9\n|tier|[Gen 9] VGC 2024 Reg H\n|rated|\n|rule|Species Clause: Limit one of each Pok\u00e9mon\n|rule|Item Clause: Limit 1 of each item\n|clearpoke\n|poke|p1|Incineroar, L50, F|\n|poke|p1|Archaludon, L50, F|\n|poke|p1|Rillaboom, L50, M|\n|poke|p1|Pelipper, L50, M|\n|poke|p1|Amoonguss, L50, F|\n|poke|p1|Garchomp, L50, F|\n|poke|p2|Kommo-o, L50, F|\n|poke|p2|Gholdengo, L50|\n|poke|p2|Sneasler, L50, F|\n|poke|p2|Rillaboom, L50, F|\n|poke|p2|Dondozo, L50, M|\n|poke|p2|Electabuzz, L50, M|\n|teampreview|4\n|inactive|Battle timer is ON: inactive players will automatically lose when time's up. (requested by GiganTheGojira)\n|inactive|trecal has 60 seconds left.\n|\n|t:|1732626716\n|start\n|switch|p1a: Pelipper|Pelipper, L50, M|100\/100\n|switch|p1b: Garchomp|Garchomp, L50, F|100\/100\n|switch|p2a: Kommo-o|Kommo-o, L50, F|100\/100\n|switch|p2b: Electabuzz|Electabuzz, L50, M|100\/100\n|-weather|RainDance|[from] ability: Drizzle|[of] p1a: Pelipper\n|turn|1\n|\n|t:|1732626738\n|-terastallize|p1b: Garchomp|Ground\n|move|p2b: Electabuzz|Follow Me|p2b: Electabuzz\n|-singleturn|p2b: Electabuzz|move: Follow Me\n|move|p1b: Garchomp|Earthquake|p2b: Electabuzz|[spread] p2a,p2b\n|-immune|p1a: Pelipper\n|-supereffective|p2b: Electabuzz\n|-crit|p2b: Electabuzz\n|-damage|p2a: Kommo-o|46\/100\n|-damage|p2b: Electabuzz|0 fnt\n|faint|p2b: Electabuzz\n|-damage|p1b: Garchomp|91\/100|[from] item: Life Orb\n|move|p1a: Pelipper|Hurricane|p2a: Kommo-o\n|-supereffective|p2a: Kommo-o\n|-damage|p2a: Kommo-o|0 fnt\n|faint|p2a: Kommo-o\n|\n|-weather|RainDance|[upkeep]\n|upkeep\n|\n|t:|1732626754\n|switch|p2b: Rillaboom|Rillaboom, L50, F|100\/100\n|switch|p2a: Gholdengo|Gholdengo, L50|100\/100\n|-fieldstart|move: Grassy Terrain|[from] ability: Grassy Surge|[of] p2b: Rillaboom\n|turn|2\n|inactive|trecal has 30 seconds left.\n|inactive|trecal has 20 seconds left.\n|inactive|trecal has 15 seconds left.\n|\n|t:|1732626799\n|-terastallize|p2a: Gholdengo|Fairy\n|move|p2b: Rillaboom|Fake Out|p1b: Garchomp\n|-damage|p1b: Garchomp|76\/100\n|-damage|p2b: Rillaboom|88\/100|[from] ability: Rough Skin|[of] p1b: Garchomp\n|cant|p1b: Garchomp|flinch\n|move|p2a: Gholdengo|Dazzling Gleam|p1a: Pelipper|[spread] p1a,p1b\n|-damage|p1a: Pelipper|16\/100\n|-damage|p1b: Garchomp|27\/100\n|move|p1a: Pelipper|Hurricane|p2b: Rillaboom\n|-supereffective|p2b: Rillaboom\n|-damage|p2b: Rillaboom|28\/100\n|\n|-weather|RainDance|[upkeep]\n|-heal|p1b: Garchomp|33\/100|[from] Grassy Terrain\n|-heal|p2b: Rillaboom|33\/100|[from] Grassy Terrain\n|upkeep\n|turn|3\n|\n|t:|1732626820\n|switch|p1a: Archaludon|Archaludon, L50, F|100\/100\n|move|p1b: Garchomp|Protect|p1b: Garchomp\n|-singleturn|p1b: Garchomp|Protect\n|move|p2b: Rillaboom|Grassy Glide|p1b: Garchomp\n|-activate|p1b: Garchomp|move: Protect\n|move|p2a: Gholdengo|Dazzling Gleam|p1a: Archaludon|[spread] p1a\n|-activate|p1b: Garchomp|move: Protect\n|-damage|p1a: Archaludon|67\/100\n|-ability|p1a: Archaludon|Stamina|boost\n|-boost|p1a: Archaludon|def|1\n|\n|-weather|RainDance|[upkeep]\n|-heal|p1b: Garchomp|39\/100|[from] Grassy Terrain\n|-heal|p1a: Archaludon|73\/100|[from] Grassy Terrain\n|-heal|p2b: Rillaboom|39\/100|[from] Grassy Terrain\n|upkeep\n|turn|4\n|\n|t:|1732626834\n|switch|p1b: Incineroar|Incineroar, L50, F|100\/100\n|-ability|p1b: Incineroar|Intimidate|boost\n|-unboost|p2a: Gholdengo|atk|1\n|-unboost|p2b: Rillaboom|atk|1\n|move|p2b: Rillaboom|Grassy Glide|p1b: Incineroar\n|-resisted|p1b: Incineroar\n|-damage|p1b: Incineroar|90\/100\n|move|p2a: Gholdengo|Dazzling Gleam|p1b: Incineroar|[spread] p1a,p1b\n|-damage|p1a: Archaludon|40\/100\n|-damage|p1b: Incineroar|53\/100\n|-ability|p1a: Archaludon|Stamina|boost\n|-boost|p1a: Archaludon|def|1\n|move|p1a: Archaludon|Electro Shot||[still]\n|-prepare|p1a: Archaludon|Electro Shot\n|-boost|p1a: Archaludon|spa|1\n|-anim|p1a: Archaludon|Electro Shot|p2b: Rillaboom\n|-resisted|p2b: Rillaboom\n|-damage|p2b: Rillaboom|18\/100\n|\n|-weather|RainDance|[upkeep]\n|-heal|p1a: Archaludon|46\/100|[from] Grassy Terrain\n|-heal|p2b: Rillaboom|24\/100|[from] Grassy Terrain\n|-heal|p1b: Incineroar|59\/100|[from] Grassy Terrain\n|upkeep\n|turn|5\n|\n|t:|1732626855\n|move|p1b: Incineroar|Fake Out|p2a: Gholdengo\n|-damage|p2a: Gholdengo|89\/100\n|cant|p2a: Gholdengo|flinch\n|move|p1a: Archaludon|Electro Shot||[still]\n|-prepare|p1a: Archaludon|Electro Shot\n|-boost|p1a: Archaludon|spa|1\n|-anim|p1a: Archaludon|Electro Shot|p2b: Rillaboom\n|-resisted|p2b: Rillaboom\n|-damage|p2b: Rillaboom|0 fnt\n|faint|p2b: Rillaboom\n|\n|-weather|none\n|-heal|p2a: Gholdengo|95\/100|[from] Grassy Terrain\n|-heal|p1a: Archaludon|53\/100|[from] Grassy Terrain\n|-heal|p1b: Incineroar|65\/100|[from] Grassy Terrain\n|upkeep\n|turn|6\n|c|\u2606GiganTheGojira|gg\n|c|\u2606GiganTheGojira|you're choiced, i have wide guard on pelipper anyway\n|inactive|GiganTheGojira has 30 seconds left.\n|\n|t:|1732626884\n|move|p2a: Gholdengo|Dazzling Gleam|p1a: Archaludon|[spread] p1a,p1b\n|-damage|p1a: Archaludon|18\/100\n|-damage|p1b: Incineroar|29\/100\n|-ability|p1a: Archaludon|Stamina|boost\n|-boost|p1a: Archaludon|def|1\n|move|p1a: Archaludon|Flash Cannon|p2a: Gholdengo\n|-supereffective|p2a: Gholdengo\n|-damage|p2a: Gholdengo|0 fnt\n|faint|p2a: Gholdengo\n|\n|win|GiganTheGojira\n|raw|GiganTheGojira's rating: 1692 &rarr; <strong>1714<\/strong><br \/>(+22 for winning)\n|raw|trecal's rating: 1723 &rarr; <strong>1701<\/strong><br \/>(-22 for losing)\n|l|\u2606trecal\n|player|p2|\n|l|\u2606GiganTheGojira\n|player|p1|\n","uploadtime":1732627029,"views":8,"formatid":"gen9vgc2024regh","rating":1701,"private":0,"password":null}