{"id":"gen9vgc2024regh-2251075599","format":"[Gen 9] VGC 2024 Reg H","players":["Colombianarepa","playthreerthree"],"log":"|j|\u2606Colombianarepa\n|j|\u2606playthreerthree\n|t:|1732576451\n|gametype|doubles\n|player|p1|Colombianarepa|266|1727\n|player|p2|playthreerthree|caitlin|1728\n|teamsize|p1|6\n|teamsize|p2|6\n|gen|9\n|tier|[Gen 9] VGC 2024 Reg H\n|rated|\n|rule|Species Clause: Limit one of each Pok\u00e9mon\n|rule|Item Clause: Limit 1 of each item\n|clearpoke\n|poke|p1|Gholdengo, L50|\n|poke|p1|Incineroar, L50, F|\n|poke|p1|Amoonguss, L50, M|\n|poke|p1|Garchomp, L50, F|\n|poke|p1|Tyranitar, L50, F|\n|poke|p1|Kilowattrel, L50, F|\n|poke|p2|Yanmega, L50, M|\n|poke|p2|Ursaluna, L50, M|\n|poke|p2|Dragonite, L50, F|\n|poke|p2|Porygon2, L50|\n|poke|p2|Archaludon, L50, M|\n|poke|p2|Pelipper, L50, F|\n|teampreview|4\n|inactive|Battle timer is ON: inactive players will automatically lose when time's up. (requested by playthreerthree)\n|j| basdfasdfa\n|inactive|Colombianarepa has 60 seconds left.\n|inactive|playthreerthree has 60 seconds left.\n|\n|t:|1732576494\n|start\n|switch|p1a: Garchomp|Garchomp, L50, F|100\/100\n|switch|p1b: Tyranitar|Tyranitar, L50, F|100\/100\n|switch|p2a: Yanmega|Yanmega, L50, M|100\/100\n|switch|p2b: Ursaluna|Ursaluna, L50, M|100\/100\n|-weather|Sandstorm|[from] ability: Sand Stream|[of] p1b: Tyranitar\n|turn|1\n|\n|t:|1732576503\n|move|p1a: Garchomp|Dragon Claw|p2a: Yanmega\n|-damage|p2a: Yanmega|36\/100\n|-damage|p1a: Garchomp|91\/100|[from] item: Life Orb\n|move|p2a: Yanmega|Tailwind|p2a: Yanmega\n|-sidestart|p2: playthreerthree|move: Tailwind\n|move|p2b: Ursaluna|Earthquake|p1a: Garchomp|[spread] p1a,p1b\n|-immune|p2a: Yanmega\n|-supereffective|p1b: Tyranitar\n|-damage|p1a: Garchomp|48\/100\n|-damage|p1b: Tyranitar|34\/100\n|move|p1b: Tyranitar|Rock Slide|p2b: Ursaluna|[spread] p2a,p2b\n|-supereffective|p2a: Yanmega\n|-resisted|p2b: Ursaluna\n|-damage|p2a: Yanmega|0 fnt\n|-damage|p2b: Ursaluna|88\/100\n|faint|p2a: Yanmega\n|\n|-weather|Sandstorm|[upkeep]\n|-status|p2b: Ursaluna|brn|[from] item: Flame Orb\n|upkeep\n|j| SPICELER\n|\n|t:|1732576515\n|switch|p2a: Pelipper|Pelipper, L50, F|100\/100\n|-weather|RainDance|[from] ability: Drizzle|[of] p2a: Pelipper\n|turn|2\n|\n|t:|1732576527\n|switch|p2b: Archaludon|Archaludon, L50, M|100\/100\n|switch|p1b: Incineroar|Incineroar, L50, F|100\/100\n|-ability|p1b: Incineroar|Intimidate|boost\n|-unboost|p2a: Pelipper|atk|1\n|-unboost|p2b: Archaludon|atk|1\n|move|p1a: Garchomp|Protect|p1a: Garchomp\n|-singleturn|p1a: Garchomp|Protect\n|move|p2a: Pelipper|Surf|p1b: Incineroar|[spread] p2b,p1b\n|-activate|p1a: Garchomp|move: Protect\n|-resisted|p2b: Archaludon\n|-supereffective|p1b: Incineroar\n|-damage|p2b: Archaludon|87\/100\n|-damage|p1b: Incineroar|13\/100\n|-ability|p2b: Archaludon|Stamina|boost\n|-boost|p2b: Archaludon|def|1\n|\n|-weather|RainDance|[upkeep]\n|upkeep\n|turn|3\n|\n|t:|1732576545\n|switch|p1a: Gholdengo|Gholdengo, L50|100\/100\n|-terastallize|p2a: Pelipper|Ghost\n|move|p1b: Incineroar|Fake Out|p2a: Pelipper\n|-immune|p2a: Pelipper\n|move|p2a: Pelipper|Surf|p1a: Gholdengo|[spread] p2b,p1a,p1b\n|-resisted|p2b: Archaludon\n|-supereffective|p1b: Incineroar\n|-damage|p2b: Archaludon|73\/100\n|-damage|p1a: Gholdengo|58\/100\n|-damage|p1b: Incineroar|0 fnt\n|-ability|p2b: Archaludon|Stamina|boost\n|-boost|p2b: Archaludon|def|1\n|faint|p1b: Incineroar\n|move|p2b: Archaludon|Body Press|p1a: Gholdengo\n|-immune|p1a: Gholdengo\n|\n|-weather|RainDance|[upkeep]\n|upkeep\n|\n|t:|1732576550\n|switch|p1b: Tyranitar|Tyranitar, L50, F|34\/100\n|-weather|Sandstorm|[from] ability: Sand Stream|[of] p1b: Tyranitar\n|turn|4\n|\n|t:|1732576571\n|move|p2a: Pelipper|Surf|p1a: Gholdengo|[spread] p2b,p1a,p1b\n|-resisted|p2b: Archaludon\n|-supereffective|p1b: Tyranitar\n|-crit|p1b: Tyranitar\n|-damage|p2b: Archaludon|64\/100\n|-damage|p1a: Gholdengo|27\/100\n|-damage|p1b: Tyranitar|1\/100\n|-ability|p2b: Archaludon|Stamina|boost\n|-boost|p2b: Archaludon|def|1\n|-enditem|p1a: Gholdengo|Sitrus Berry|[eat]\n|-heal|p1a: Gholdengo|52\/100|[from] item: Sitrus Berry\n|move|p2b: Archaludon|Snarl|p1b: Tyranitar|[spread] p1b\n|-miss|p2b: Archaludon|p1a: Gholdengo\n|-resisted|p1b: Tyranitar\n|-crit|p1b: Tyranitar\n|-damage|p1b: Tyranitar|0 fnt\n|faint|p1b: Tyranitar\n|move|p1a: Gholdengo|Nasty Plot|p1a: Gholdengo\n|-boost|p1a: Gholdengo|spa|2\n|\n|-weather|Sandstorm|[upkeep]\n|-damage|p2a: Pelipper|95\/100|[from] Sandstorm\n|-sideend|p2: playthreerthree|move: Tailwind\n|upkeep\n|\n|t:|1732576582\n|switch|p1b: Garchomp|Garchomp, L50, F|48\/100\n|turn|5\n|l| basdfasdfa\n|\n|t:|1732576601\n|switch|p2a: Ursaluna|Ursaluna, L50, M|88\/100 brn\n|move|p1b: Garchomp|Protect|p1b: Garchomp\n|-singleturn|p1b: Garchomp|Protect\n|move|p1a: Gholdengo|Shadow Ball|p2a: Ursaluna\n|-immune|p2a: Ursaluna\n|move|p2b: Archaludon|Body Press|p1b: Garchomp\n|-activate|p1b: Garchomp|move: Protect\n|\n|-weather|Sandstorm|[upkeep]\n|-damage|p2a: Ursaluna|82\/100 brn|[from] brn\n|upkeep\n|turn|6\n|\n|t:|1732576624\n|-terastallize|p1b: Garchomp|Ground\n|move|p1a: Gholdengo|Protect|p1a: Gholdengo\n|-singleturn|p1a: Gholdengo|Protect\n|move|p1b: Garchomp|Earthquake|p2a: Ursaluna|[spread] p2a,p2b\n|-activate|p1a: Gholdengo|move: Protect\n|-supereffective|p2b: Archaludon\n|-damage|p2a: Ursaluna|26\/100 brn\n|-damage|p2b: Archaludon|27\/100\n|-ability|p2b: Archaludon|Stamina|boost\n|-boost|p2b: Archaludon|def|1\n|-damage|p1b: Garchomp|38\/100|[from] item: Life Orb\n|move|p2b: Archaludon|Body Press|p1b: Garchomp\n|-damage|p1b: Garchomp|0 fnt\n|-damage|p2b: Archaludon|14\/100|[from] ability: Rough Skin|[of] p1b: Garchomp\n|faint|p1b: Garchomp\n|move|p2a: Ursaluna|Earthquake|p1a: Gholdengo|[spread] p2b\n|-activate|p1a: Gholdengo|move: Protect\n|-supereffective|p2b: Archaludon\n|-damage|p2b: Archaludon|0 fnt\n|faint|p2b: Archaludon\n|\n|-weather|Sandstorm|[upkeep]\n|-damage|p2a: Ursaluna|20\/100 brn|[from] brn\n|upkeep\n|\n|t:|1732576631\n|switch|p2b: Pelipper|Pelipper, L50, F, tera:Ghost|95\/100\n|-weather|RainDance|[from] ability: Drizzle|[of] p2b: Pelipper\n|turn|7\n|\n|t:|1732576650\n|move|p2b: Pelipper|Weather Ball|p1a: Gholdengo\n|-damage|p1a: Gholdengo|0 fnt\n|faint|p1a: Gholdengo\n|\n|win|playthreerthree\n|raw|Colombianarepa's rating: 1727 &rarr; <strong>1707<\/strong><br \/>(-20 for losing)\n|raw|playthreerthree's rating: 1728 &rarr; <strong>1748<\/strong><br \/>(+20 for winning)\n|l|\u2606Colombianarepa\n|player|p1|\n|l| SPICELER\n","uploadtime":1732576906,"views":10,"formatid":"gen9vgc2024regh","rating":1707,"private":0,"password":null}