{"id":"gen9vgc2024regh-2251585618","format":"[Gen 9] VGC 2024 Reg H","players":["SnarkyShane","playthreerthree"],"log":"|j|\u2606SnarkyShane\n|j|\u2606playthreerthree\n|t:|1732644528\n|gametype|doubles\n|player|p1|SnarkyShane|gambler|1701\n|player|p2|playthreerthree|caitlin|1679\n|teamsize|p1|6\n|teamsize|p2|6\n|gen|9\n|tier|[Gen 9] VGC 2024 Reg H\n|rated|\n|rule|Species Clause: Limit one of each Pok\u00e9mon\n|rule|Item Clause: Limit 1 of each item\n|clearpoke\n|poke|p1|Baxcalibur, L50, F|\n|poke|p1|Ninetales-Alola, L50, F|\n|poke|p1|Sneasler, L50, M|\n|poke|p1|Ceruledge, L50, F|\n|poke|p1|Rillaboom, L50, M|\n|poke|p1|Gastrodon, L50, M|\n|poke|p2|Pelipper, L50, F|\n|poke|p2|Archaludon, L50, M|\n|poke|p2|Ursaluna, L50, M|\n|poke|p2|Dragonite, L50, F|\n|poke|p2|Sinistcha, L50|\n|poke|p2|Annihilape, L50, F|\n|teampreview|4\n|inactive|Battle timer is ON: inactive players will automatically lose when time's up. (requested by playthreerthree)\n|inactive|SnarkyShane also wants the timer to be on.\n|inactive|SnarkyShane has 60 seconds left.\n|inactive|playthreerthree has 60 seconds left.\n|j| judang\n|\n|t:|1732644580\n|start\n|switch|p1a: Elsa|Ninetales-Alola, L50, F|100\/100\n|switch|p1b: Gesundheit|Sneasler, L50, M|100\/100\n|switch|p2a: Pelipper|Pelipper, L50, F|100\/100\n|switch|p2b: Archaludon|Archaludon, L50, M|100\/100\n|-weather|RainDance|[from] ability: Drizzle|[of] p2a: Pelipper\n|-weather|Snow|[from] ability: Snow Warning|[of] p1a: Elsa\n|turn|1\n|\n|t:|1732644602\n|-terastallize|p2b: Archaludon|Bug\n|move|p2a: Pelipper|U-turn|p2b: Archaludon\n|-damage|p2b: Archaludon|95\/100\n|-ability|p2b: Archaludon|Stamina|boost\n|-boost|p2b: Archaludon|def|1\n|\n|t:|1732644615\n|switch|p2a: Dragonite|Dragonite, L50, F|100\/100|[from] U-turn\n|move|p1b: Gesundheit|Close Combat|p2b: Archaludon\n|-resisted|p2b: Archaludon\n|-damage|p2b: Archaludon|81\/100\n|-unboost|p1b: Gesundheit|def|1\n|-unboost|p1b: Gesundheit|spd|1\n|-ability|p2b: Archaludon|Stamina|boost\n|-boost|p2b: Archaludon|def|1\n|move|p1a: Elsa|Aurora Veil|p1a: Elsa\n|-sidestart|p1: SnarkyShane|move: Aurora Veil\n|move|p2b: Archaludon|Flash Cannon|p1a: Elsa\n|-supereffective|p1a: Elsa\n|-damage|p1a: Elsa|0 fnt\n|faint|p1a: Elsa\n|\n|-weather|Snow|[upkeep]\n|upkeep\n|\n|t:|1732644627\n|switch|p1a: BULXcaliber|Baxcalibur, L50, F|100\/100\n|turn|2\n|\n|t:|1732644635\n|-terastallize|p1a: BULXcaliber|Fire\n|move|p2a: Dragonite|Protect|p2a: Dragonite\n|-singleturn|p2a: Dragonite|Protect\n|move|p1b: Gesundheit|Coaching|p1a: BULXcaliber\n|-boost|p1a: BULXcaliber|atk|1\n|-boost|p1a: BULXcaliber|def|1\n|move|p1a: BULXcaliber|Dragon Dance|p1a: BULXcaliber\n|-boost|p1a: BULXcaliber|atk|1\n|-boost|p1a: BULXcaliber|spe|1\n|move|p2b: Archaludon|Body Press|p1a: BULXcaliber\n|-damage|p1a: BULXcaliber|81\/100\n|\n|-weather|Snow|[upkeep]\n|-heal|p1a: BULXcaliber|87\/100|[from] ability: Ice Body\n|upkeep\n|turn|3\n|\n|t:|1732644659\n|move|p1b: Gesundheit|Coaching|p1a: BULXcaliber\n|-boost|p1a: BULXcaliber|atk|1\n|-boost|p1a: BULXcaliber|def|1\n|move|p1a: BULXcaliber|Icicle Crash|p2a: Dragonite|[miss]\n|-miss|p1a: BULXcaliber|p2a: Dragonite\n|move|p2a: Dragonite|Tailwind|p2a: Dragonite\n|-sidestart|p2: playthreerthree|move: Tailwind\n|move|p2b: Archaludon|Flash Cannon|p1b: Gesundheit\n|-damage|p1b: Gesundheit|51\/100\n|\n|-weather|Snow|[upkeep]\n|-heal|p1a: BULXcaliber|93\/100|[from] ability: Ice Body\n|upkeep\n|turn|4\n|\n|t:|1732644678\n|move|p2a: Dragonite|Scale Shot|p1b: Gesundheit|[miss]\n|-miss|p2a: Dragonite|p1b: Gesundheit\n|move|p2b: Archaludon|Body Press|p1a: BULXcaliber\n|-damage|p1a: BULXcaliber|78\/100\n|move|p1b: Gesundheit|Coaching|p1a: BULXcaliber\n|-boost|p1a: BULXcaliber|atk|1\n|-boost|p1a: BULXcaliber|def|1\n|move|p1a: BULXcaliber|Icicle Crash|p2a: Dragonite\n|-supereffective|p2a: Dragonite\n|-damage|p2a: Dragonite|0 fnt\n|faint|p2a: Dragonite\n|\n|-weather|Snow|[upkeep]\n|-heal|p1a: BULXcaliber|83\/100|[from] ability: Ice Body\n|upkeep\n|\n|t:|1732644682\n|switch|p2a: Pelipper|Pelipper, L50, F|100\/100\n|-weather|RainDance|[from] ability: Drizzle|[of] p2a: Pelipper\n|turn|5\n|\n|t:|1732644694\n|move|p1a: BULXcaliber|Protect|p1a: BULXcaliber\n|-singleturn|p1a: BULXcaliber|Protect\n|move|p2a: Pelipper|Weather Ball|p1a: BULXcaliber\n|-activate|p1a: BULXcaliber|move: Protect\n|move|p2b: Archaludon|Electro Shot||[still]\n|-prepare|p2b: Archaludon|Electro Shot\n|-boost|p2b: Archaludon|spa|1\n|-anim|p2b: Archaludon|Electro Shot|p1a: BULXcaliber\n|-activate|p1a: BULXcaliber|move: Protect\n|move|p1b: Gesundheit|Dire Claw|p2a: Pelipper\n|-damage|p2a: Pelipper|45\/100\n|-status|p2a: Pelipper|par\n|\n|-weather|RainDance|[upkeep]\n|upkeep\n|turn|6\n|\n|t:|1732644710\n|switch|p1b: Ringo|Rillaboom, L50, M|100\/100\n|-fieldstart|move: Grassy Terrain|[from] ability: Grassy Surge|[of] p1b: Ringo\n|move|p2b: Archaludon|Electro Shot||[still]\n|-prepare|p2b: Archaludon|Electro Shot\n|-boost|p2b: Archaludon|spa|1\n|-anim|p2b: Archaludon|Electro Shot|p1a: BULXcaliber\n|-damage|p1a: BULXcaliber|39\/100\n|move|p2a: Pelipper|Weather Ball|p1a: BULXcaliber\n|-supereffective|p1a: BULXcaliber\n|-damage|p1a: BULXcaliber|0 fnt\n|faint|p1a: BULXcaliber\n|\n|-weather|RainDance|[upkeep]\n|-heal|p2b: Archaludon|87\/100|[from] Grassy Terrain\n|-sideend|p2: playthreerthree|move: Tailwind\n|upkeep\n|\n|t:|1732644725\n|switch|p1a: Gesundheit|Sneasler, L50, M|51\/100\n|turn|7\n|\n|t:|1732644735\n|move|p1b: Ringo|Grassy Glide|p2a: Pelipper\n|-damage|p2a: Pelipper|0 fnt\n|faint|p2a: Pelipper\n|move|p1a: Gesundheit|Dire Claw|p2b: Archaludon\n|-damage|p2b: Archaludon|73\/100\n|-ability|p2b: Archaludon|Stamina|boost\n|-boost|p2b: Archaludon|def|1\n|move|p2b: Archaludon|Flash Cannon|p1a: Gesundheit\n|-damage|p1a: Gesundheit|0 fnt\n|faint|p1a: Gesundheit\n|\n|-weather|RainDance|[upkeep]\n|-heal|p2b: Archaludon|79\/100|[from] Grassy Terrain\n|upkeep\n|\n|t:|1732644739\n|switch|p2a: Sinistcha|Sinistcha, L50|100\/100\n|-heal|p2b: Archaludon|100\/100|[from] ability: Hospitality|[of] p2a: Sinistcha\n|turn|8\n|-message|SnarkyShane forfeited.\n|\n|win|playthreerthree\n|raw|SnarkyShane's rating: 1701 &rarr; <strong>1680<\/strong><br \/>(-21 for losing)\n|raw|playthreerthree's rating: 1679 &rarr; <strong>1700<\/strong><br \/>(+21 for winning)\n|l|\u2606SnarkyShane\n|player|p1|\n|l|\u2606playthreerthree\n|player|p2|\n","uploadtime":1732644926,"views":6,"formatid":"gen9vgc2024regh","rating":1680,"private":0,"password":null}