{"id":"gen9vgc2024regh-2251198483","format":"[Gen 9] VGC 2024 Reg H","players":["elvegis1","Spottedwoot"],"log":"|j|\u2606elvegis1\n|j|\u2606Spottedwoot\n|t:|1732591717\n|gametype|doubles\n|player|p1|elvegis1|lucas|1736\n|player|p2|Spottedwoot|2|1746\n|teamsize|p1|6\n|teamsize|p2|6\n|gen|9\n|tier|[Gen 9] VGC 2024 Reg H\n|rated|\n|rule|Species Clause: Limit one of each Pok\u00e9mon\n|rule|Item Clause: Limit 1 of each item\n|clearpoke\n|poke|p1|Incineroar, L50, F|\n|poke|p1|Gholdengo, L50|\n|poke|p1|Dusclops, L50, F|\n|poke|p1|Gastrodon-East, L50, M|\n|poke|p1|Ursaluna-Bloodmoon, L50, M|\n|poke|p1|Annihilape, L50, F|\n|poke|p2|Pelipper, L50, F|\n|poke|p2|Archaludon, L50, F|\n|poke|p2|Gholdengo, L50|\n|poke|p2|Basculegion, L50, M|\n|poke|p2|Rillaboom, L50, F|\n|poke|p2|Sneasler, L50, M|\n|teampreview|4\n|inactive|Battle timer is ON: inactive players will automatically lose when time's up. (requested by elvegis1)\n|inactive|Spottedwoot has 60 seconds left.\n|\n|t:|1732591760\n|start\n|switch|p1a: Dusclops|Dusclops, L50, F|100\/100\n|switch|p1b: Ursaluna|Ursaluna-Bloodmoon, L50, M|100\/100\n|switch|p2a: Gholdengo|Gholdengo, L50|100\/100\n|switch|p2b: Rillaboom|Rillaboom, L50, F|100\/100\n|-fieldstart|move: Grassy Terrain|[from] ability: Grassy Surge|[of] p2b: Rillaboom\n|-item|p2a: Gholdengo|Life Orb|[from] ability: Frisk|[of] p1a: Dusclops\n|-item|p2b: Rillaboom|Sitrus Berry|[from] ability: Frisk|[of] p1a: Dusclops\n|turn|1\n|\n|t:|1732591783\n|switch|p1b: Incineroar|Incineroar, L50, F|100\/100\n|-ability|p1b: Incineroar|Intimidate|boost\n|-unboost|p2a: Gholdengo|atk|1\n|-unboost|p2b: Rillaboom|atk|1\n|move|p2a: Gholdengo|Shadow Ball|p1a: Dusclops\n|-supereffective|p1a: Dusclops\n|-damage|p1a: Dusclops|47\/100\n|-damage|p2a: Gholdengo|90\/100|[from] item: Life Orb\n|move|p2b: Rillaboom|Wood Hammer|p1a: Dusclops\n|-damage|p1a: Dusclops|12\/100\n|-damage|p2b: Rillaboom|92\/100|[from] Recoil\n|move|p1a: Dusclops|Will-O-Wisp|p2b: Rillaboom|[miss]\n|-miss|p1a: Dusclops|p2b: Rillaboom\n|\n|-heal|p2a: Gholdengo|97\/100|[from] Grassy Terrain\n|-heal|p2b: Rillaboom|98\/100|[from] Grassy Terrain\n|-heal|p1a: Dusclops|18\/100|[from] Grassy Terrain\n|upkeep\n|turn|2\n|inactive|elvegis1 has 30 seconds left.\n|inactive|elvegis1 has 20 seconds left.\n|\n|t:|1732591822\n|switch|p2b: Basculegion|Basculegion, L50, M|100\/100\n|move|p2a: Gholdengo|Make It Rain|p1a: Dusclops|[spread] p1a,p1b\n|-resisted|p1b: Incineroar\n|-damage|p1a: Dusclops|0 fnt\n|-damage|p1b: Incineroar|78\/100\n|-unboost|p2a: Gholdengo|spa|1\n|faint|p1a: Dusclops\n|-damage|p2a: Gholdengo|87\/100|[from] item: Life Orb\n|move|p1b: Incineroar|Flare Blitz|p2b: Basculegion\n|-resisted|p2b: Basculegion\n|-damage|p2b: Basculegion|72\/100\n|-damage|p1b: Incineroar|69\/100|[from] Recoil\n|\n|-heal|p2a: Gholdengo|93\/100|[from] Grassy Terrain\n|-heal|p2b: Basculegion|78\/100|[from] Grassy Terrain\n|-heal|p1b: Incineroar|75\/100|[from] Grassy Terrain\n|upkeep\n|\n|t:|1732591841\n|switch|p1a: Ursaluna|Ursaluna-Bloodmoon, L50, M|100\/100\n|turn|3\n|\n|t:|1732591851\n|switch|p2a: Rillaboom|Rillaboom, L50, F|98\/100\n|switch|p1a: Gastrodon|Gastrodon-East, L50, M|100\/100\n|move|p2b: Basculegion|Wave Crash|p1a: Gastrodon\n|-activate|p1a: Gastrodon|ability: Storm Drain\n|-ability|p1a: Gastrodon|Storm Drain|boost\n|-boost|p1a: Gastrodon|spa|1\n|move|p1b: Incineroar|Knock Off|p2a: Rillaboom\n|-damage|p2a: Rillaboom|61\/100\n|-enditem|p2a: Rillaboom|Sitrus Berry|[from] move: Knock Off|[of] p1b: Incineroar\n|\n|-heal|p2b: Basculegion|85\/100|[from] Grassy Terrain\n|-heal|p2a: Rillaboom|67\/100|[from] Grassy Terrain\n|-heal|p1b: Incineroar|81\/100|[from] Grassy Terrain\n|upkeep\n|turn|4\n|j| newkl\n|inactive|elvegis1 has 30 seconds left.\n|l| newkl\n|\n|t:|1732591884\n|switch|p2b: Sneasler|Sneasler, L50, M|100\/100\n|-terastallize|p1a: Gastrodon|Fairy\n|move|p2a: Rillaboom|Wood Hammer|p1a: Gastrodon\n|-damage|p1a: Gastrodon|23\/100\n|-damage|p2a: Rillaboom|40\/100|[from] Recoil\n|move|p1b: Incineroar|Flare Blitz|p2a: Rillaboom\n|-supereffective|p2a: Rillaboom\n|-damage|p2a: Rillaboom|0 fnt\n|faint|p2a: Rillaboom\n|-damage|p1b: Incineroar|68\/100|[from] Recoil\n|move|p1a: Gastrodon|Muddy Water|p2b: Sneasler\n|-damage|p2b: Sneasler|40\/100\n|-unboost|p2b: Sneasler|accuracy|1\n|\n|-heal|p2b: Sneasler|46\/100|[from] Grassy Terrain\n|-heal|p1b: Incineroar|74\/100|[from] Grassy Terrain\n|-heal|p1a: Gastrodon|29\/100|[from] Grassy Terrain\n|-heal|p1a: Gastrodon|35\/100|[from] item: Leftovers\n|upkeep\n|\n|t:|1732591894\n|switch|p2a: Gholdengo|Gholdengo, L50|93\/100\n|turn|5\n|inactive|elvegis1 has 30 seconds left.\n|\n|t:|1732591924\n|switch|p2b: Basculegion|Basculegion, L50, M|85\/100\n|move|p1a: Gastrodon|Protect|p1a: Gastrodon\n|-singleturn|p1a: Gastrodon|Protect\n|move|p2a: Gholdengo|Make It Rain|p1a: Gastrodon|[spread] p1b\n|-activate|p1a: Gastrodon|move: Protect\n|-resisted|p1b: Incineroar\n|-damage|p1b: Incineroar|51\/100\n|-unboost|p2a: Gholdengo|spa|1\n|-damage|p2a: Gholdengo|83\/100|[from] item: Life Orb\n|move|p1b: Incineroar|Flare Blitz|p2a: Gholdengo\n|-supereffective|p2a: Gholdengo\n|-damage|p2a: Gholdengo|0 fnt\n|faint|p2a: Gholdengo\n|-damage|p1b: Incineroar|26\/100|[from] Recoil\n|-enditem|p1b: Incineroar|Sitrus Berry|[eat]\n|-heal|p1b: Incineroar|51\/100|[from] item: Sitrus Berry\n|\n|-heal|p2b: Basculegion|91\/100|[from] Grassy Terrain\n|-heal|p1b: Incineroar|57\/100|[from] Grassy Terrain\n|-heal|p1a: Gastrodon|41\/100|[from] Grassy Terrain\n|-heal|p1a: Gastrodon|47\/100|[from] item: Leftovers\n|-fieldend|move: Grassy Terrain\n|upkeep\n|\n|t:|1732591934\n|switch|p2a: Sneasler|Sneasler, L50, M|46\/100\n|turn|6\n|inactive|elvegis1 has 30 seconds left.\n|inactive|elvegis1 has 20 seconds left.\n|inactive|elvegis1 has 15 seconds left.\n|inactive|elvegis1 has 10 seconds left.\n|inactive|elvegis1 has 5 seconds left.\n|j| newkl\n|\n|t:|1732591984\n|switch|p1b: Ursaluna|Ursaluna-Bloodmoon, L50, M|100\/100\n|move|p2a: Sneasler|Dire Claw|p1a: Gastrodon\n|-supereffective|p1a: Gastrodon\n|-damage|p1a: Gastrodon|0 fnt\n|faint|p1a: Gastrodon\n|move|p2b: Basculegion|Wave Crash|p1b: Ursaluna\n|-supereffective|p1b: Ursaluna\n|-damage|p1b: Ursaluna|0 fnt\n|faint|p1b: Ursaluna\n|-damage|p2b: Basculegion|56\/100|[from] Recoil\n|\n|upkeep\n|l| newkl\n|-message|elvegis1 forfeited.\n|\n|win|Spottedwoot\n|raw|elvegis1's rating: 1736 &rarr; <strong>1717<\/strong><br \/>(-19 for losing)\n|raw|Spottedwoot's rating: 1746 &rarr; <strong>1765<\/strong><br \/>(+19 for winning)\n|l|\u2606elvegis1\n|player|p1|\n|l|\u2606Spottedwoot\n|player|p2|\n","uploadtime":1732592000,"views":115,"formatid":"gen9vgc2024regh","rating":1717,"private":0,"password":null}