{"id":"gen9vgc2024regh-2251181395","format":"[Gen 9] VGC 2024 Reg H","players":["Prometheus756","CarryTheBoats"],"log":"|j|\u2606Prometheus756\n|j|\u2606CarryTheBoats\n|t:|1732589447\n|gametype|doubles\n|player|p1|Prometheus756|gentleman-gen4dp|1678\n|player|p2|CarryTheBoats|crasherwake|1812\n|teamsize|p1|6\n|teamsize|p2|6\n|gen|9\n|tier|[Gen 9] VGC 2024 Reg H\n|rated|\n|rule|Species Clause: Limit one of each Pok\u00e9mon\n|rule|Item Clause: Limit 1 of each item\n|clearpoke\n|poke|p1|Baxcalibur, L50, F|\n|poke|p1|Smeargle, L50, M|\n|poke|p1|Armarouge, L50, F|\n|poke|p1|Indeedee-F, L50, F|\n|poke|p1|Talonflame, L50, M|\n|poke|p1|Hariyama, L50, M|\n|poke|p2|Archaludon, L50, M|\n|poke|p2|Pelipper, L50, M|\n|poke|p2|Basculegion, L50, M|\n|poke|p2|Amoonguss, L50, M|\n|poke|p2|Incineroar, L50, M|\n|poke|p2|Dragonite, L50, F|\n|teampreview|4\nPrometheus756 rejected open team sheets.\n|inactive|Battle timer is ON: inactive players will automatically lose when time's up. (requested by Prometheus756)\n|inactive|Prometheus756 has 60 seconds left.\n|\n|t:|1732589506\n|start\n|switch|p1a: Smeargle|Smeargle, L50, M|100\/100\n|switch|p1b: Armarouge|Armarouge, L50, F|100\/100\n|switch|p2a: Pelipper|Pelipper, L50, M|100\/100\n|switch|p2b: Basculegion|Basculegion, L50, M, shiny|100\/100\n|-weather|RainDance|[from] ability: Drizzle|[of] p2a: Pelipper\n|turn|1\n|j| newkl\n|\n|t:|1732589521\n|move|p1b: Armarouge|Protect|p1b: Armarouge\n|-singleturn|p1b: Armarouge|Protect\n|move|p2b: Basculegion|Wave Crash|p1a: Smeargle\n|-enditem|p1a: Smeargle|Focus Sash\n|-damage|p1a: Smeargle|1\/100\n|-damage|p2b: Basculegion|73\/100|[from] Recoil\n|-damage|p2b: Basculegion|64\/100|[from] item: Life Orb\n|move|p1a: Smeargle|Spore|p2b: Basculegion\n|-status|p2b: Basculegion|slp|[from] move: Spore\n|move|p2a: Pelipper|Tailwind|p2a: Pelipper\n|-sidestart|p2: CarryTheBoats|move: Tailwind\n|\n|-weather|RainDance|[upkeep]\n|-ability|p1a: Smeargle|Moody|boost\n|-boost|p1a: Smeargle|atk|2\n|-unboost|p1a: Smeargle|spa|1\n|upkeep\n|turn|2\n|inactive|Prometheus756 has 30 seconds left.\n|inactive|Prometheus756 has 20 seconds left.\n|\n|t:|1732589558\n|switch|p2a: Incineroar|Incineroar, L50, M, shiny|100\/100\n|-ability|p2a: Incineroar|Intimidate|boost\n|-unboost|p1a: Smeargle|atk|1\n|-unboost|p1b: Armarouge|atk|1\n|-terastallize|p1b: Armarouge|Psychic\n|cant|p2b: Basculegion|slp\n|move|p1a: Smeargle|Spore|p2a: Incineroar\n|-activate|p2a: Incineroar|item: Safety Goggles|Spore\n|move|p1b: Armarouge|Expanding Force|p2b: Basculegion\n|-damage|p2b: Basculegion|0 fnt\n|faint|p2b: Basculegion\n|\n|-weather|RainDance|[upkeep]\n|-ability|p1a: Smeargle|Moody|boost\n|-boost|p1a: Smeargle|spd|2\n|-unboost|p1a: Smeargle|spa|1\n|upkeep\n|\n|t:|1732589569\n|switch|p2b: Archaludon|Archaludon, L50, M, shiny|100\/100\n|turn|3\n|inactive|Prometheus756 has 30 seconds left.\n|\n|t:|1732589600\n|switch|p1a: Indeedee|Indeedee-F, L50, F|100\/100\n|-fieldstart|move: Psychic Terrain|[from] ability: Psychic Surge|[of] p1a: Indeedee\n|move|p1b: Armarouge|Protect|p1b: Armarouge\n|-singleturn|p1b: Armarouge|Protect\n|move|p2b: Archaludon|Electro Shot||[still]\n|-prepare|p2b: Archaludon|Electro Shot\n|-boost|p2b: Archaludon|spa|1\n|-anim|p2b: Archaludon|Electro Shot|p1a: Indeedee\n|-damage|p1a: Indeedee|59\/100\n|move|p2a: Incineroar|Knock Off|p1a: Indeedee\n|-supereffective|p1a: Indeedee\n|-damage|p1a: Indeedee|0 fnt\n|-enditem|p1a: Indeedee|Safety Goggles|[from] move: Knock Off|[of] p2a: Incineroar\n|faint|p1a: Indeedee\n|\n|-weather|RainDance|[upkeep]\n|upkeep\n|inactive|Prometheus756 has 30 seconds left.\n|\n|t:|1732589632\n|switch|p1a: Smeargle|Smeargle, L50, M|1\/100\n|turn|4\n|\n|t:|1732589655\n|move|p1a: Smeargle|Follow Me|p1a: Smeargle\n|-singleturn|p1a: Smeargle|move: Follow Me\n|move|p2b: Archaludon|Electro Shot||[still]\n|-prepare|p2b: Archaludon|Electro Shot\n|-boost|p2b: Archaludon|spa|1\n|-anim|p2b: Archaludon|Electro Shot|p1a: Smeargle\n|-damage|p1a: Smeargle|0 fnt\n|faint|p1a: Smeargle\n|move|p2a: Incineroar|Knock Off|p1b: Armarouge\n|-supereffective|p1b: Armarouge\n|-damage|p1b: Armarouge|11\/100\n|-ability|p1b: Armarouge|Weak Armor|boost\n|-unboost|p1b: Armarouge|def|1\n|-boost|p1b: Armarouge|spe|2\n|-enditem|p1b: Armarouge|Weakness Policy\n|-boost|p1b: Armarouge|atk|2|[from] item: Weakness Policy\n|-boost|p1b: Armarouge|spa|2|[from] item: Weakness Policy\n|move|p1b: Armarouge|Expanding Force|p2a: Incineroar|[spread] p2b\n|-immune|p2a: Incineroar\n|-resisted|p2b: Archaludon\n|-damage|p2b: Archaludon|39\/100\n|-ability|p2b: Archaludon|Stamina|boost\n|-boost|p2b: Archaludon|def|1\n|\n|-weather|RainDance|[upkeep]\n|-sideend|p2: CarryTheBoats|move: Tailwind\n|upkeep\n|\n|t:|1732589673\n|switch|p1a: Baxcalibur|Baxcalibur, L50, F|100\/100\n|turn|5\n|inactive|Prometheus756 has 30 seconds left.\n|inactive|Prometheus756 has 20 seconds left.\n|inactive|Prometheus756 has 15 seconds left.\n|inactive|Prometheus756 has 10 seconds left.\n|\n|t:|1732589718\n|move|p1b: Armarouge|Protect|p1b: Armarouge\n|-singleturn|p1b: Armarouge|Protect\n|move|p1a: Baxcalibur|Protect|p1a: Baxcalibur\n|-singleturn|p1a: Baxcalibur|Protect\n|move|p2b: Archaludon|Dragon Pulse|p1a: Baxcalibur\n|-activate|p1a: Baxcalibur|move: Protect\n|move|p2a: Incineroar|Knock Off|p1b: Armarouge\n|-activate|p1b: Armarouge|move: Protect\n|\n|-weather|none\n|upkeep\n|turn|6\n|l| newkl\n|\n|t:|1732589737\n|move|p1b: Armarouge|Heat Wave|p2a: Incineroar|[spread] p2a,p2b\n|-resisted|p2a: Incineroar\n|-damage|p2a: Incineroar|67\/100\n|-damage|p2b: Archaludon|0 fnt\n|faint|p2b: Archaludon\n|move|p1a: Baxcalibur|Scale Shot|p2a: Incineroar\n|-damage|p2a: Incineroar|52\/100\n|-damage|p2a: Incineroar|36\/100\n|-damage|p2a: Incineroar|20\/100\n|-damage|p2a: Incineroar|4\/100\n|-damage|p2a: Incineroar|0 fnt\n|faint|p2a: Incineroar\n|-hitcount|p2: Incineroar|5\n|-unboost|p1a: Baxcalibur|def|1\n|-boost|p1a: Baxcalibur|spe|1\n|\n|upkeep\n|\n|t:|1732589741\n|switch|p2b: Pelipper|Pelipper, L50, M|100\/100\n|-weather|RainDance|[from] ability: Drizzle|[of] p2b: Pelipper\n|turn|7\n|-message|CarryTheBoats forfeited.\n|\n|win|Prometheus756\n|raw|Prometheus756's rating: 1678 &rarr; <strong>1705<\/strong><br \/>(+27 for winning)\n|raw|CarryTheBoats's rating: 1812 &rarr; <strong>1785<\/strong><br \/>(-27 for losing)\n|c|\u2606Prometheus756|Gg\n|l|\u2606CarryTheBoats\n|player|p2|\n|l|\u2606Prometheus756\n|player|p1|\n","uploadtime":1732590017,"views":8,"formatid":"gen9vgc2024regh","rating":1705,"private":0,"password":null}