{"id":"gen9vgc2024regh-2251692241","format":"[Gen 9] VGC 2024 Reg H","players":["Marchingegno","liam.2025"],"log":"|j|\u2606Marchingegno\n|j|\u2606liam.2025\n|t:|1732654796\n|gametype|doubles\n|player|p1|Marchingegno|cynthia|1674\n|player|p2|liam.2025|policeman|1722\n|teamsize|p1|6\n|teamsize|p2|6\n|gen|9\n|tier|[Gen 9] VGC 2024 Reg H\n|rated|\n|rule|Species Clause: Limit one of each Pok\u00e9mon\n|rule|Item Clause: Limit 1 of each item\n|clearpoke\n|poke|p1|Garchomp, L50, M|\n|poke|p1|Ninetales-Alola, L50, F|\n|poke|p1|Corviknight, L50, F|\n|poke|p1|Amoonguss, L50, F|\n|poke|p1|Kingambit, L50, M|\n|poke|p1|Sneasler, L50, F|\n|poke|p2|Weezing-Galar, L50, M|\n|poke|p2|Toedscruel, L50, M|\n|poke|p2|Dragapult, L50, M|\n|poke|p2|Zoroark-Hisui, L50, F|\n|poke|p2|Talonflame, L50, F|\n|poke|p2|Ursaluna-Bloodmoon, L50, M|\n|teampreview|4\n|inactive|Battle timer is ON: inactive players will automatically lose when time's up. (requested by Marchingegno)\n|\n|t:|1732654823\n|start\n|switch|p1a: Corviknight|Corviknight, L50, F|100\/100\n|switch|p1b: Garchomp|Garchomp, L50, M|100\/100\n|switch|p2a: Weezing|Weezing-Galar, L50, M|100\/100\n|switch|p2b: Ursaluna|Ursaluna-Bloodmoon, L50, M|100\/100\n|-ability|p2a: Weezing|Neutralizing Gas\n|-block|p2b: Ursaluna|item: Ability Shield\n|turn|1\n|j| 413XP\n|j| mayacoursefun\n|\n|t:|1732654847\n|-terastallize|p2a: Weezing|Dark\n|move|p1b: Garchomp|Protect|p1b: Garchomp\n|-singleturn|p1b: Garchomp|Protect\n|move|p2b: Ursaluna|Will-O-Wisp|p1b: Garchomp\n|-activate|p1b: Garchomp|move: Protect\n|move|p1a: Corviknight|Bulk Up|p1a: Corviknight\n|-boost|p1a: Corviknight|atk|1\n|-boost|p1a: Corviknight|def|1\n|move|p2a: Weezing|Heat Wave|p1b: Garchomp|[spread] p1a\n|-activate|p1b: Garchomp|move: Protect\n|-supereffective|p1a: Corviknight\n|-damage|p1a: Corviknight|61\/100\n|-enditem|p1a: Corviknight|Maranga Berry|[eat]\n|-boost|p1a: Corviknight|spd|1|[from] item: Maranga Berry\n|\n|upkeep\n|turn|2\n|inactive|liam.2025 has 30 seconds left.\n|inactive|liam.2025 has 20 seconds left.\n|inactive|liam.2025 has 15 seconds left.\n|\n|t:|1732654888\n|move|p2b: Ursaluna|Will-O-Wisp|p1a: Corviknight\n|-status|p1a: Corviknight|brn\n|move|p1b: Garchomp|Earthquake|p2a: Weezing|[spread] p2a,p2b\n|-immune|p1a: Corviknight\n|-damage|p2a: Weezing|54\/100\n|-damage|p2b: Ursaluna|1\/100\n|replace|p2b: Zoroark|Zoroark-Hisui, L50, F\n|-end|p2b: Zoroark|Illusion\n|-damage|p1b: Garchomp|91\/100|[from] item: Life Orb\n|move|p1a: Corviknight|Roost|p1a: Corviknight\n|-heal|p1a: Corviknight|100\/100 brn\n|-singleturn|p1a: Corviknight|move: Roost\n|move|p2a: Weezing|Heat Wave|p1a: Corviknight|[spread] p1b\n|-miss|p2a: Weezing|p1a: Corviknight\n|-resisted|p1b: Garchomp\n|-damage|p1b: Garchomp|76\/100\n|\n|-damage|p1a: Corviknight|94\/100 brn|[from] brn\n|upkeep\n|turn|3\n|\n|t:|1732654911\n|-end|p2a: Weezing|ability: Neutralizing Gas\n|switch|p2a: Talonflame|Talonflame, L50, F|100\/100\n|move|p1b: Garchomp|Protect|p1b: Garchomp\n|-singleturn|p1b: Garchomp|Protect\n|move|p2b: Zoroark|Will-O-Wisp|p1b: Garchomp\n|-activate|p1b: Garchomp|move: Protect\n|move|p1a: Corviknight|Brave Bird|p2b: Zoroark\n|-damage|p2b: Zoroark|0 fnt\n|faint|p2b: Zoroark\n|-damage|p1a: Corviknight|94\/100 brn|[from] Recoil\n|\n|-damage|p1a: Corviknight|88\/100 brn|[from] brn\n|upkeep\n|\n|t:|1732654929\n|switch|p2b: Weezing|Weezing-Galar, L50, M, tera:Dark|54\/100\n|-ability|p2b: Weezing|Neutralizing Gas\n|turn|4\n|\n|t:|1732654942\n|move|p2a: Talonflame|Tailwind|p2a: Talonflame\n|-sidestart|p2: liam.2025|move: Tailwind\n|move|p2b: Weezing|Dazzling Gleam|p1b: Garchomp|[spread] p1a,p1b\n|-resisted|p1a: Corviknight\n|-supereffective|p1b: Garchomp\n|-damage|p1a: Corviknight|79\/100 brn\n|-damage|p1b: Garchomp|0 fnt\n|faint|p1b: Garchomp\n|move|p1a: Corviknight|Brave Bird|p2b: Weezing\n|-damage|p2b: Weezing|23\/100\n|-damage|p1a: Corviknight|71\/100 brn|[from] Recoil\n|\n|-damage|p1a: Corviknight|65\/100 brn|[from] brn\n|upkeep\n|\n|t:|1732654955\n|switch|p1b: Sneasler|Sneasler, L50, F|100\/100\n|turn|5\n|\n|t:|1732654975\n|move|p1b: Sneasler|Fake Out|p2b: Weezing\n|-crit|p2b: Weezing\n|-damage|p2b: Weezing|0 fnt\n|faint|p2b: Weezing\n|-end|p2b: Weezing|ability: Neutralizing Gas\n|move|p2a: Talonflame|Flare Blitz|p1a: Corviknight\n|-supereffective|p1a: Corviknight\n|-damage|p1a: Corviknight|8\/100 brn\n|-damage|p2a: Talonflame|76\/100|[from] Recoil\n|move|p1a: Corviknight|Brave Bird|p2a: Talonflame\n|-damage|p2a: Talonflame|34\/100\n|-damage|p1a: Corviknight|0 fnt|[from] Recoil\n|faint|p1a: Corviknight\n|\n|upkeep\n|\n|t:|1732654987\n|switch|p1a: Ninetales|Ninetales-Alola, L50, F|100\/100\n|switch|p2b: Ursaluna|Ursaluna-Bloodmoon, L50, M|100\/100\n|-weather|Snow|[from] ability: Snow Warning|[of] p1a: Ninetales\n|turn|6\n|inactive|liam.2025 has 30 seconds left.\n|\n|t:|1732655013\n|-terastallize|p1a: Ninetales|Ice\n|move|p2a: Talonflame|Brave Bird|p1b: Sneasler\n|-supereffective|p1b: Sneasler\n|-enditem|p1b: Sneasler|Focus Sash\n|-damage|p1b: Sneasler|1\/100\n|-damage|p2a: Talonflame|1\/100|[from] Recoil\n|move|p1b: Sneasler|Close Combat|p2b: Ursaluna\n|-supereffective|p2b: Ursaluna\n|-damage|p2b: Ursaluna|0 fnt\n|-unboost|p1b: Sneasler|def|1\n|-unboost|p1b: Sneasler|spd|1\n|faint|p2b: Ursaluna\n|move|p1a: Ninetales|Blizzard|p2a: Talonflame\n|-damage|p2a: Talonflame|0 fnt\n|faint|p2a: Talonflame\n|\n|win|Marchingegno\n|raw|Marchingegno's rating: 1674 &rarr; <strong>1697<\/strong><br \/>(+23 for winning)\n|raw|liam.2025's rating: 1722 &rarr; <strong>1699<\/strong><br \/>(-23 for losing)\n|l|\u2606Marchingegno\n|player|p1|\n|l|\u2606liam.2025\n|player|p2|\n","uploadtime":1732655274,"views":7,"formatid":"gen9vgc2024regh","rating":1697,"private":0,"password":null}