{"id":"gen9vgc2024regh-2251036135","format":"[Gen 9] VGC 2024 Reg H","players":["Tepig_nNz_498","Electroshotenjoyer"],"log":"|j|\u2606Tepig_nNz_498\n|j|\u2606Electroshotenjoyer\n|t:|1732572062\n|gametype|doubles\n|player|p1|Tepig_nNz_498|101|1712\n|player|p2|Electroshotenjoyer|whitney|1692\n|teamsize|p1|6\n|teamsize|p2|6\n|gen|9\n|tier|[Gen 9] VGC 2024 Reg H\n|rated|\n|rule|Species Clause: Limit one of each Pok\u00e9mon\n|rule|Item Clause: Limit 1 of each item\n|clearpoke\n|poke|p1|Typhlosion, L50, M|\n|poke|p1|Whimsicott, L50, M|\n|poke|p1|Torkoal, L50, M|\n|poke|p1|Ninetales, L50, F|\n|poke|p1|Scovillain, L50, M|\n|poke|p1|Magmortar, L50, M|\n|poke|p2|Annihilape, L50, F|\n|poke|p2|Ninetales-Alola, L50, M|\n|poke|p2|Rillaboom, L50, F|\n|poke|p2|Dragonite, L50, M|\n|poke|p2|Typhlosion-Hisui, L50, M|\n|poke|p2|Tauros-Paldea-Aqua, L50, M|\n|teampreview|4\n|inactive|Battle timer is ON: inactive players will automatically lose when time's up. (requested by Electroshotenjoyer)\n|inactive|Tepig_nNz_498 has 60 seconds left.\n|\n|t:|1732572105\n|start\n|switch|p1a: Whimsicott|Whimsicott, L50, M|100\/100\n|switch|p1b: Ninetales|Ninetales, L50, F|100\/100\n|switch|p2a: Dragonite|Dragonite, L50, M|100\/100\n|switch|p2b: Typhlosion|Typhlosion-Hisui, L50, M|100\/100\n|-weather|SunnyDay|[from] ability: Drought|[of] p1b: Ninetales\n|turn|1\n|\n|t:|1732572119\n|move|p1a: Whimsicott|Tailwind|p1a: Whimsicott\n|-sidestart|p1: Tepig_nNz_498|move: Tailwind\n|move|p1b: Ninetales|Heat Wave|p2a: Dragonite|[spread] p2a\n|-miss|p1b: Ninetales|p2b: Typhlosion\n|-resisted|p2a: Dragonite\n|-damage|p2a: Dragonite|89\/100\n|-status|p2a: Dragonite|brn\n|move|p2b: Typhlosion|Heat Wave|p1b: Ninetales|[spread] p1a\n|-miss|p2b: Typhlosion|p1b: Ninetales\n|-supereffective|p1a: Whimsicott\n|-enditem|p1a: Whimsicott|Focus Sash\n|-damage|p1a: Whimsicott|1\/100\n|move|p2a: Dragonite|Tailwind|p2a: Dragonite\n|-sidestart|p2: Electroshotenjoyer|move: Tailwind\n|\n|-weather|SunnyDay|[upkeep]\n|-damage|p2a: Dragonite|83\/100 brn|[from] brn\n|upkeep\n|turn|2\n|inactive|Tepig_nNz_498 has 30 seconds left.\n|inactive|Tepig_nNz_498 has 20 seconds left.\n|\n|t:|1732572155\n|-terastallize|p1a: Whimsicott|Ghost\n|move|p1a: Whimsicott|Encore|p2a: Dragonite\n|-start|p2a: Dragonite|Encore\n|move|p2b: Typhlosion|Heat Wave|p1b: Ninetales|[spread] p1a,p1b\n|-resisted|p1b: Ninetales\n|-damage|p1a: Whimsicott|0 fnt\n|-damage|p1b: Ninetales|65\/100\n|faint|p1a: Whimsicott\n|-enditem|p1b: Ninetales|Eject Button\n|\n|t:|1732572167\n|switch|p1b: Magmortar|Magmortar, L50, M|100\/100\n|move|p2a: Dragonite|Tailwind||[still]\n|-fail|p2a: Dragonite\n|\n|-weather|SunnyDay|[upkeep]\n|-damage|p2a: Dragonite|78\/100 brn|[from] brn\n|upkeep\n|\n|t:|1732572169\n|switch|p1a: Typhlosion|Typhlosion, L50, M|100\/100\n|turn|3\n|\n|t:|1732572191\n|switch|p2b: Tauros|Tauros-Paldea-Aqua, L50, M, shiny|100\/100\n|-ability|p2b: Tauros|Intimidate|boost\n|-unboost|p1a: Typhlosion|atk|1\n|-unboost|p1b: Magmortar|atk|1\n|move|p1b: Magmortar|Lava Plume|p2a: Dragonite|[spread] p2a,p2b\n|-start|p1a: Typhlosion|ability: Flash Fire\n|-resisted|p2a: Dragonite\n|-resisted|p2b: Tauros\n|-damage|p2a: Dragonite|53\/100 brn\n|-damage|p2b: Tauros|60\/100\n|move|p1a: Typhlosion|Eruption|p2b: Tauros|[spread] p2a,p2b\n|-resisted|p2a: Dragonite\n|-resisted|p2b: Tauros\n|-damage|p2a: Dragonite|0 fnt\n|-damage|p2b: Tauros|0 fnt\n|faint|p2a: Dragonite\n|faint|p2b: Tauros\n|\n|-weather|SunnyDay|[upkeep]\n|upkeep\n|\n|t:|1732572200\n|switch|p2b: Annihilape|Annihilape, L50, F|100\/100\n|switch|p2a: Typhlosion|Typhlosion-Hisui, L50, M|100\/100\n|turn|4\n|\n|t:|1732572218\n|-end|p1a: Typhlosion|ability: Flash Fire|[silent]\n|switch|p1a: Ninetales|Ninetales, L50, F|65\/100\n|-terastallize|p2b: Annihilape|Fire\n|move|p2a: Typhlosion|Shadow Ball|p1a: Ninetales\n|-damage|p1a: Ninetales|14\/100\n|move|p1b: Magmortar|Lava Plume|p2a: Typhlosion|[spread] p1a,p2a,p2b\n|-resisted|p1a: Ninetales\n|-resisted|p2a: Typhlosion\n|-crit|p2a: Typhlosion\n|-resisted|p2b: Annihilape\n|-damage|p1a: Ninetales|0 fnt\n|-damage|p2a: Typhlosion|45\/100\n|-damage|p2b: Annihilape|73\/100\n|faint|p1a: Ninetales\n|move|p2b: Annihilape|Close Combat|p1b: Magmortar\n|-damage|p1b: Magmortar|7\/100\n|-unboost|p2b: Annihilape|def|1\n|-unboost|p2b: Annihilape|spd|1\n|\n|-weather|SunnyDay|[upkeep]\n|-sideend|p1: Tepig_nNz_498|move: Tailwind\n|-sideend|p2: Electroshotenjoyer|move: Tailwind\n|upkeep\n|\n|t:|1732572227\n|switch|p1a: Typhlosion|Typhlosion, L50, M|100\/100\n|turn|5\n|inactive|Electroshotenjoyer has 30 seconds left.\n|\n|t:|1732572259\n|move|p2a: Typhlosion|Shadow Ball|p1b: Magmortar\n|-damage|p1b: Magmortar|0 fnt\n|faint|p1b: Magmortar\n|move|p1a: Typhlosion|Scorching Sands|p2b: Annihilape\n|-supereffective|p2b: Annihilape\n|-damage|p2b: Annihilape|0 fnt\n|faint|p2b: Annihilape\n|\n|-weather|none\n|upkeep\n|turn|6\n|\n|t:|1732572267\n|move|p2a: Typhlosion|Shadow Ball|p1a: Typhlosion\n|-crit|p1a: Typhlosion\n|-damage|p1a: Typhlosion|16\/100\n|move|p1a: Typhlosion|Scorching Sands|p2a: Typhlosion\n|-supereffective|p2a: Typhlosion\n|-damage|p2a: Typhlosion|0 fnt\n|faint|p2a: Typhlosion\n|\n|win|Tepig_nNz_498\n|raw|Tepig_nNz_498's rating: 1712 &rarr; <strong>1731<\/strong><br \/>(+19 for winning)\n|raw|Electroshotenjoyer's rating: 1692 &rarr; <strong>1673<\/strong><br \/>(-19 for losing)\n|l|\u2606Electroshotenjoyer\n|player|p2|\n|l|\u2606Tepig_nNz_498\n|player|p1|\n","uploadtime":1732572472,"views":22,"formatid":"gen9vgc2024regh","rating":1673,"private":0,"password":null}