{"id":"gen9vgc2024regh-2251804595","format":"[Gen 9] VGC 2024 Reg H","players":["sleeppowderisdumb","elvegis1"],"log":"|j|\u2606sleeppowderisdumb\n|j|\u2606elvegis1\n|t:|1732667573\n|gametype|doubles\n|player|p1|sleeppowderisdumb|170|1749\n|player|p2|elvegis1|lucas|1715\n|teamsize|p1|6\n|teamsize|p2|6\n|gen|9\n|tier|[Gen 9] VGC 2024 Reg H\n|rated|\n|rule|Species Clause: Limit one of each Pok\u00e9mon\n|rule|Item Clause: Limit 1 of each item\n|clearpoke\n|poke|p1|Talonflame, L50, M|\n|poke|p1|Indeedee, L50, M|\n|poke|p1|Sneasler, L50, M|\n|poke|p1|Gholdengo, L50|\n|poke|p1|Primarina, L50, F|\n|poke|p1|Electabuzz, L50, F|\n|poke|p2|Incineroar, L50, M|\n|poke|p2|Gholdengo, L50|\n|poke|p2|Dusclops, L50, M|\n|poke|p2|Gastrodon-East, L50, M|\n|poke|p2|Ursaluna-Bloodmoon, L50, M|\n|poke|p2|Annihilape, L50, F|\n|teampreview|4\n|inactive|Battle timer is ON: inactive players will automatically lose when time's up. (requested by sleeppowderisdumb)\n|inactive|sleeppowderisdumb has 60 seconds left.\n|\n|t:|1732667614\n|start\n|switch|p1a: Indeedee|Indeedee, L50, M|100\/100\n|switch|p1b: Sneasler|Sneasler, L50, M|100\/100\n|switch|p2a: Incineroar|Incineroar, L50, M|100\/100\n|switch|p2b: Dusclops|Dusclops, L50, M|100\/100\n|-fieldstart|move: Psychic Terrain|[from] ability: Psychic Surge|[of] p1a: Indeedee\n|-enditem|p1b: Sneasler|Psychic Seed\n|-boost|p1b: Sneasler|spd|1|[from] item: Psychic Seed\n|-ability|p2a: Incineroar|Intimidate|boost\n|-unboost|p1a: Indeedee|atk|1\n|-unboost|p1b: Sneasler|atk|1\n|-item|p1a: Indeedee|Focus Sash|[from] ability: Frisk|[of] p2b: Dusclops\n|turn|1\n|\n|t:|1732667633\n|-terastallize|p2a: Incineroar|Ghost\n|move|p1b: Sneasler|Close Combat|p2a: Incineroar\n|-immune|p2a: Incineroar\n|move|p1a: Indeedee|Imprison|p1a: Indeedee\n|-start|p1a: Indeedee|move: Imprison\n|move|p2a: Incineroar|Knock Off|p1a: Indeedee\n|-supereffective|p1a: Indeedee\n|-enditem|p1a: Indeedee|Focus Sash\n|-damage|p1a: Indeedee|1\/100\n|move|p2b: Dusclops|Will-O-Wisp|p1a: Indeedee\n|-status|p1a: Indeedee|brn\n|\n|-damage|p1a: Indeedee|0 fnt|[from] brn\n|faint|p1a: Indeedee\n|upkeep\n|\n|t:|1732667641\n|switch|p1a: Gholdengo|Gholdengo, L50|100\/100\n|turn|2\n|\n|t:|1732667663\n|switch|p2b: Gastrodon|Gastrodon-East, L50, M|100\/100\n|move|p1b: Sneasler|Dire Claw|p2b: Gastrodon\n|-resisted|p2b: Gastrodon\n|-damage|p2b: Gastrodon|85\/100\n|move|p1a: Gholdengo|Shadow Ball|p2a: Incineroar\n|-supereffective|p2a: Incineroar\n|-damage|p2a: Incineroar|0 fnt\n|faint|p2a: Incineroar\n|\n|-heal|p2b: Gastrodon|91\/100|[from] item: Leftovers\n|upkeep\n|\n|t:|1732667675\n|switch|p2a: Dusclops|Dusclops, L50, M|100\/100\n|-item|p1a: Gholdengo|Choice Specs|[from] ability: Frisk|[of] p2a: Dusclops\n|turn|3\n|\n|t:|1732667692\n|move|p1b: Sneasler|Throat Chop|p2a: Dusclops\n|-supereffective|p2a: Dusclops\n|-damage|p2a: Dusclops|76\/100\n|-start|p2a: Dusclops|Throat Chop|[silent]\n|move|p1a: Gholdengo|Shadow Ball|p2a: Dusclops\n|-supereffective|p2a: Dusclops\n|-damage|p2a: Dusclops|3\/100\n|move|p2b: Gastrodon|Muddy Water|p1a: Gholdengo|[spread] p1a,p1b\n|-crit|p1a: Gholdengo\n|-damage|p1a: Gholdengo|60\/100\n|-damage|p1b: Sneasler|81\/100\n|-unboost|p1b: Sneasler|accuracy|1\n|move|p2a: Dusclops|Trick Room|p2a: Dusclops\n|-fieldstart|move: Trick Room|[of] p2a: Dusclops\n|\n|-heal|p2b: Gastrodon|97\/100|[from] item: Leftovers\n|upkeep\n|turn|4\n|\n|t:|1732667710\n|switch|p1a: Washed|Primarina, L50, F|100\/100\n|move|p2a: Dusclops|Pain Split|p1b: Sneasler\n|-sethp|p1b: Sneasler|42\/100|[from] move: Pain Split|[silent]\n|-sethp|p2a: Dusclops|44\/100|[from] move: Pain Split\n|move|p2b: Gastrodon|Muddy Water|p1b: Sneasler|[spread] p1a,p1b\n|-resisted|p1a: Washed\n|-damage|p1a: Washed|90\/100\n|-damage|p1b: Sneasler|20\/100\n|move|p1b: Sneasler|Close Combat|p2b: Gastrodon\n|-damage|p2b: Gastrodon|51\/100\n|-unboost|p1b: Sneasler|def|1\n|-unboost|p1b: Sneasler|spd|1\n|\n|-heal|p2b: Gastrodon|57\/100|[from] item: Leftovers\n|-end|p2a: Dusclops|Throat Chop|[silent]\n|upkeep\n|turn|5\n|j| RedPlaysVGC\n|\n|t:|1732667734\n|move|p1b: Sneasler|Protect|p1b: Sneasler\n|-singleturn|p1b: Sneasler|Protect\n|move|p2a: Dusclops|Pain Split|p1a: Washed\n|-sethp|p1a: Washed|66\/100|[from] move: Pain Split|[silent]\n|-sethp|p2a: Dusclops|71\/100|[from] move: Pain Split\n|move|p2b: Gastrodon|Ice Beam|p1b: Sneasler\n|-activate|p1b: Sneasler|move: Protect\n|move|p1a: Washed|Moonblast|p2b: Gastrodon\n|-damage|p2b: Gastrodon|17\/100\n|-unboost|p2b: Gastrodon|spa|1\n|\n|-heal|p2b: Gastrodon|23\/100|[from] item: Leftovers\n|-fieldend|move: Psychic Terrain\n|upkeep\n|turn|6\n|inactive|sleeppowderisdumb has 30 seconds left.\n|\n|t:|1732667762\n|move|p1a: Washed|Protect|p1a: Washed\n|-singleturn|p1a: Washed|Protect\n|move|p2a: Dusclops|Night Shade|p1b: Sneasler\n|-damage|p1b: Sneasler|0 fnt\n|faint|p1b: Sneasler\n|move|p2b: Gastrodon|Yawn|p1a: Washed\n|-activate|p1a: Washed|move: Protect\n|\n|-heal|p2b: Gastrodon|30\/100|[from] item: Leftovers\n|upkeep\n|\n|t:|1732667767\n|switch|p1b: Gholdengo|Gholdengo, L50|60\/100\n|turn|7\n|\n|t:|1732667784\n|move|p2a: Dusclops|Night Shade|p1b: Gholdengo\n|-damage|p1b: Gholdengo|29\/100\n|move|p2b: Gastrodon|Muddy Water|p1b: Gholdengo|[spread] p1b\n|-miss|p2b: Gastrodon|p1a: Washed\n|-damage|p1b: Gholdengo|10\/100\n|move|p1a: Washed|Moonblast|p2b: Gastrodon\n|-damage|p2b: Gastrodon|0 fnt\n|faint|p2b: Gastrodon\n|move|p1b: Gholdengo|Shadow Ball|p2a: Dusclops\n|-supereffective|p2a: Dusclops\n|-damage|p2a: Dusclops|0 fnt\n|faint|p2a: Dusclops\n|\n|-fieldend|move: Trick Room\n|upkeep\n|\n|t:|1732667797\n|switch|p2b: Ursaluna|Ursaluna-Bloodmoon, L50, M|100\/100\n|turn|8\n|\n|t:|1732667810\n|move|p1b: Gholdengo|Shadow Ball|p2b: Ursaluna\n|-immune|p2b: Ursaluna\n|move|p1a: Washed|Hyper Voice|p2b: Ursaluna\n|-supereffective|p2b: Ursaluna\n|-damage|p2b: Ursaluna|30\/100\n|-enditem|p1a: Washed|Throat Spray\n|-boost|p1a: Washed|spa|1|[from] item: Throat Spray\n|move|p2b: Ursaluna|Blood Moon|p1a: Washed\n|-damage|p1a: Washed|0 fnt\n|faint|p1a: Washed\n|\n|upkeep\n|turn|9\n|-message|sleeppowderisdumb forfeited.\n|\n|win|elvegis1\n|raw|sleeppowderisdumb's rating: 1749 &rarr; <strong>1727<\/strong><br \/>(-22 for losing)\n|raw|elvegis1's rating: 1715 &rarr; <strong>1737<\/strong><br \/>(+22 for winning)\n|l|\u2606elvegis1\n|player|p2|\n|l|\u2606sleeppowderisdumb\n|player|p1|\n","uploadtime":1732667961,"views":4,"formatid":"gen9vgc2024regh","rating":1727,"private":0,"password":null}