{"id":"gen9vgc2024regh-2251710200","format":"[Gen 9] VGC 2024 Reg H","players":["FallenVortex842","playthreerthree"],"log":"|j|\u2606FallenVortex842\n|j|\u2606playthreerthree\n|t:|1732656643\n|gametype|doubles\n|player|p1|FallenVortex842|101|1670\n|player|p2|playthreerthree|caitlin|1803\n|teamsize|p1|6\n|teamsize|p2|6\n|gen|9\n|tier|[Gen 9] VGC 2024 Reg H\n|rated|\n|rule|Species Clause: Limit one of each Pok\u00e9mon\n|rule|Item Clause: Limit 1 of each item\n|clearpoke\n|poke|p1|Gholdengo, L50|\n|poke|p1|Glimmora, L50, M|\n|poke|p1|Talonflame, L50, M|\n|poke|p1|Dragonite, L50, M|\n|poke|p1|Dondozo, L50, M|\n|poke|p1|Tatsugiri, L50, F|\n|poke|p2|Pelipper, L50, M|\n|poke|p2|Archaludon, L50, F|\n|poke|p2|Ursaluna, L50, M|\n|poke|p2|Dragonite, L50, F|\n|poke|p2|Sinistcha, L50|\n|poke|p2|Annihilape, L50, F|\n|teampreview|4\n|inactive|Battle timer is ON: inactive players will automatically lose when time's up. (requested by FallenVortex842)\n|inactive|playthreerthree also wants the timer to be on.\n|\n|t:|1732656665\n|start\n|switch|p1a: Talonflame|Talonflame, L50, M|100\/100\n|switch|p1b: Glimmora|Glimmora, L50, M|100\/100\n|switch|p2a: Archaludon|Archaludon, L50, F|100\/100\n|switch|p2b: Pelipper|Pelipper, L50, M|100\/100\n|-weather|RainDance|[from] ability: Drizzle|[of] p2b: Pelipper\n|turn|1\n|\n|t:|1732656674\n|-terastallize|p2b: Pelipper|Ghost\n|-terastallize|p1b: Glimmora|Grass\n|move|p1a: Talonflame|Tailwind|p1a: Talonflame\n|-sidestart|p1: FallenVortex842|move: Tailwind\n|move|p1b: Glimmora|Meteor Beam||[still]\n|-prepare|p1b: Glimmora|Meteor Beam\n|-boost|p1b: Glimmora|spa|1\n|-enditem|p1b: Glimmora|Power Herb\n|-anim|p1b: Glimmora|Meteor Beam|p2b: Pelipper\n|-damage|p2b: Pelipper|0 fnt\n|faint|p2b: Pelipper\n|move|p2a: Archaludon|Electro Shot||[still]\n|-prepare|p2a: Archaludon|Electro Shot\n|-boost|p2a: Archaludon|spa|1\n|-anim|p2a: Archaludon|Electro Shot|p1b: Glimmora\n|-resisted|p1b: Glimmora\n|-damage|p1b: Glimmora|63\/100\n|\n|-weather|RainDance|[upkeep]\n|upkeep\n|\n|t:|1732656686\n|switch|p2b: Dragonite|Dragonite, L50, F|100\/100\n|turn|2\n|\n|t:|1732656708\n|move|p1b: Glimmora|Spiky Shield|p1b: Glimmora\n|-singleturn|p1b: Glimmora|move: Protect\n|move|p1a: Talonflame|Will-O-Wisp|p2b: Dragonite\n|-status|p2b: Dragonite|brn\n|move|p2b: Dragonite|Scale Shot|p1a: Talonflame\n|-damage|p1a: Talonflame|90\/100\n|-damage|p1a: Talonflame|79\/100\n|-damage|p1a: Talonflame|68\/100\n|-damage|p1a: Talonflame|58\/100\n|-hitcount|p1a: Talonflame|4\n|-unboost|p2b: Dragonite|def|1\n|-boost|p2b: Dragonite|spe|1\n|move|p2a: Archaludon|Electro Shot||[still]\n|-prepare|p2a: Archaludon|Electro Shot\n|-boost|p2a: Archaludon|spa|1\n|-anim|p2a: Archaludon|Electro Shot|p1b: Glimmora\n|-activate|p1b: Glimmora|move: Protect\n|\n|-weather|RainDance|[upkeep]\n|-damage|p2b: Dragonite|95\/100 brn|[from] brn\n|upkeep\n|turn|3\n|j| mr pogostick\n|inactive|FallenVortex842 has 30 seconds left.\n|\n|t:|1732656734\n|switch|p1a: Tatsugiri|Tatsugiri, L50, F|100\/100\n|move|p2b: Dragonite|Protect|p2b: Dragonite\n|-singleturn|p2b: Dragonite|Protect\n|move|p1b: Glimmora|Earth Power|p2a: Archaludon\n|-supereffective|p2a: Archaludon\n|-damage|p2a: Archaludon|42\/100\n|-ability|p2a: Archaludon|Stamina|boost\n|-boost|p2a: Archaludon|def|1\n|move|p2a: Archaludon|Electro Shot||[still]\n|-prepare|p2a: Archaludon|Electro Shot\n|-boost|p2a: Archaludon|spa|1\n|-anim|p2a: Archaludon|Electro Shot|p1b: Glimmora\n|-resisted|p1b: Glimmora\n|-damage|p1b: Glimmora|6\/100\n|\n|-weather|RainDance|[upkeep]\n|-damage|p2b: Dragonite|89\/100 brn|[from] brn\n|upkeep\n|turn|4\n|\n|t:|1732656753\n|switch|p2b: Sinistcha|Sinistcha, L50|100\/100\n|-heal|p2a: Archaludon|67\/100|[from] ability: Hospitality|[of] p2b: Sinistcha\n|move|p1b: Glimmora|Earth Power|p2a: Archaludon\n|-supereffective|p2a: Archaludon\n|-crit|p2a: Archaludon\n|-damage|p2a: Archaludon|0 fnt\n|faint|p2a: Archaludon\n|move|p1a: Tatsugiri|Dragon Pulse|p2b: Sinistcha\n|-damage|p2b: Sinistcha|59\/100\n|\n|-weather|RainDance|[upkeep]\n|-sideend|p1: FallenVortex842|move: Tailwind\n|upkeep\n|\n|t:|1732656762\n|switch|p2a: Dragonite|Dragonite, L50, F|89\/100 brn\n|turn|5\n|\n|t:|1732656780\n|move|p2a: Dragonite|Protect|p2a: Dragonite\n|-singleturn|p2a: Dragonite|Protect\n|move|p1b: Glimmora|Sludge Bomb|p2b: Sinistcha\n|-damage|p2b: Sinistcha|0 fnt\n|faint|p2b: Sinistcha\n|move|p1a: Tatsugiri|Draco Meteor|p2a: Dragonite\n|-activate|p2a: Dragonite|move: Protect\n|\n|-weather|none\n|-damage|p2a: Dragonite|83\/100 brn|[from] brn\n|upkeep\n|turn|6\n|-message|playthreerthree forfeited.\n|\n|win|FallenVortex842\n|raw|FallenVortex842's rating: 1670 &rarr; <strong>1697<\/strong><br \/>(+27 for winning)\n|raw|playthreerthree's rating: 1803 &rarr; <strong>1776<\/strong><br \/>(-27 for losing)\n|l|\u2606playthreerthree\n|player|p2|\n|l| mr pogostick\n|l|\u2606FallenVortex842\n|player|p1|\n","uploadtime":1732656948,"views":7,"formatid":"gen9vgc2024regh","rating":1697,"private":0,"password":null}