{"id":"gen9vgc2024regh-2251241936","format":"[Gen 9] VGC 2024 Reg H","players":["testy accounty 2","newkl"],"log":"|j|\u2606testy accounty 2\n|j|\u2606newkl\n|t:|1732598175\n|gametype|doubles\n|player|p1|testy accounty 2|265|1706\n|player|p2|newkl|lucas|1695\n|teamsize|p1|6\n|teamsize|p2|6\n|gen|9\n|tier|[Gen 9] VGC 2024 Reg H\n|rated|\n|rule|Species Clause: Limit one of each Pok\u00e9mon\n|rule|Item Clause: Limit 1 of each item\n|clearpoke\n|poke|p1|Pelipper, L50, F|\n|poke|p1|Archaludon, L50, F|\n|poke|p1|Sneasler, L50, M|\n|poke|p1|Dragonite, L50, M|\n|poke|p1|Basculegion, L50, M|\n|poke|p1|Rillaboom, L50, F|\n|poke|p2|Sneasler, L50, F|\n|poke|p2|Dondozo, L50, F|\n|poke|p2|Rillaboom, L50, F|\n|poke|p2|Dragapult, L50, F|\n|poke|p2|Volcarona, L50, F|\n|poke|p2|Electabuzz, L50, M|\n|teampreview|4\n|\n|t:|1732598212\n|start\n|switch|p1a: Ceasar|Rillaboom, L50, F|100\/100\n|switch|p1b: Thanotos|Basculegion, L50, M|100\/100\n|switch|p2a: Electabuzz|Electabuzz, L50, M|100\/100\n|switch|p2b: Volcarona|Volcarona, L50, F|100\/100\n|-fieldstart|move: Grassy Terrain|[from] ability: Grassy Surge|[of] p1a: Ceasar\n|turn|1\n|\n|t:|1732598268\n|move|p2b: Volcarona|Protect|p2b: Volcarona\n|-singleturn|p2b: Volcarona|Protect\n|move|p2a: Electabuzz|Protect|p2a: Electabuzz\n|-singleturn|p2a: Electabuzz|Protect\n|move|p1b: Thanotos|Flip Turn|p2b: Volcarona\n|-activate|p2b: Volcarona|move: Protect\n|move|p1a: Ceasar|Taunt|p2a: Electabuzz\n|-activate|p2a: Electabuzz|move: Protect\n|\n|upkeep\n|turn|2\n|\n|t:|1732598302\n|-terastallize|p1a: Ceasar|Fire\n|move|p2a: Electabuzz|Follow Me|p2a: Electabuzz\n|-singleturn|p2a: Electabuzz|move: Follow Me\n|move|p1b: Thanotos|Flip Turn|p2a: Electabuzz\n|-damage|p2a: Electabuzz|69\/100\n|\n|t:|1732598311\n|switch|p1b: Posiden|Pelipper, L50, F|100\/100|[from] Flip Turn\n|-weather|RainDance|[from] ability: Drizzle|[of] p1b: Posiden\n|move|p2b: Volcarona|Quiver Dance|p2b: Volcarona\n|-boost|p2b: Volcarona|spa|1\n|-boost|p2b: Volcarona|spd|1\n|-boost|p2b: Volcarona|spe|1\n|move|p1a: Ceasar|Bullet Seed|p2a: Electabuzz\n|-damage|p2a: Electabuzz|57\/100\n|-damage|p2a: Electabuzz|46\/100\n|-damage|p2a: Electabuzz|33\/100\n|-damage|p2a: Electabuzz|22\/100\n|-damage|p2a: Electabuzz|11\/100\n|-hitcount|p2a: Electabuzz|5\n|\n|-weather|RainDance|[upkeep]\n|-heal|p2a: Electabuzz|17\/100|[from] Grassy Terrain\n|upkeep\n|turn|3\n|\n|t:|1732598327\n|-terastallize|p2a: Electabuzz|Dragon\n|move|p1a: Ceasar|Grassy Glide|p2a: Electabuzz\n|-resisted|p2a: Electabuzz\n|-damage|p2a: Electabuzz|5\/100\n|move|p2b: Volcarona|Heat Wave|p1a: Ceasar|[spread] p1a,p1b\n|-resisted|p1a: Ceasar\n|-resisted|p1b: Posiden\n|-damage|p1a: Ceasar|87\/100\n|-damage|p1b: Posiden|81\/100\n|move|p2a: Electabuzz|Thunderbolt|p1b: Posiden\n|-supereffective|p1b: Posiden\n|-damage|p1b: Posiden|0 fnt\n|faint|p1b: Posiden\n|\n|-weather|RainDance|[upkeep]\n|-heal|p2a: Electabuzz|10\/100|[from] Grassy Terrain\n|-heal|p1a: Ceasar|93\/100|[from] Grassy Terrain\n|upkeep\n|\n|t:|1732598341\n|switch|p1b: Thanotos|Basculegion, L50, M|100\/100\n|turn|4\n|\n|t:|1732598352\n|move|p2b: Volcarona|Protect|p2b: Volcarona\n|-singleturn|p2b: Volcarona|Protect\n|move|p2a: Electabuzz|Protect|p2a: Electabuzz\n|-singleturn|p2a: Electabuzz|Protect\n|move|p1a: Ceasar|Grassy Glide|p2a: Electabuzz\n|-activate|p2a: Electabuzz|move: Protect\n|move|p1b: Thanotos|Wave Crash|p2b: Volcarona\n|-activate|p2b: Volcarona|move: Protect\n|\n|-weather|RainDance|[upkeep]\n|-heal|p2a: Electabuzz|16\/100|[from] Grassy Terrain\n|-heal|p1a: Ceasar|99\/100|[from] Grassy Terrain\n|upkeep\n|turn|5\n|j| four block jump\n|\n|t:|1732598373\n|move|p1a: Ceasar|Grassy Glide|p2a: Electabuzz\n|-resisted|p2a: Electabuzz\n|-damage|p2a: Electabuzz|3\/100\n|move|p2b: Volcarona|Heat Wave|p1a: Ceasar|[spread] p1a,p1b\n|-resisted|p1a: Ceasar\n|-resisted|p1b: Thanotos\n|-damage|p1a: Ceasar|85\/100\n|-damage|p1b: Thanotos|87\/100\n|move|p1b: Thanotos|Wave Crash|p2b: Volcarona\n|-supereffective|p2b: Volcarona\n|-damage|p2b: Volcarona|0 fnt\n|faint|p2b: Volcarona\n|-damage|p1b: Thanotos|55\/100|[from] Recoil\n|move|p2a: Electabuzz|Thunderbolt|p1b: Thanotos\n|-supereffective|p1b: Thanotos\n|-damage|p1b: Thanotos|0 fnt\n|faint|p1b: Thanotos\n|\n|-weather|RainDance|[upkeep]\n|-heal|p2a: Electabuzz|9\/100|[from] Grassy Terrain\n|-heal|p1a: Ceasar|90\/100|[from] Grassy Terrain\n|-fieldend|move: Grassy Terrain\n|upkeep\n|\n|t:|1732598395\n|switch|p2b: Sneasler|Sneasler, L50, F|100\/100\n|switch|p1b: Hephetus|Archaludon, L50, F|100\/100\n|turn|6\n|\n|t:|1732598406\n|move|p2a: Electabuzz|Follow Me|p2a: Electabuzz\n|-singleturn|p2a: Electabuzz|move: Follow Me\n|move|p2b: Sneasler|Close Combat|p1b: Hephetus\n|-supereffective|p1b: Hephetus\n|-damage|p1b: Hephetus|6\/100\n|-unboost|p2b: Sneasler|def|1\n|-unboost|p2b: Sneasler|spd|1\n|-ability|p1b: Hephetus|Stamina|boost\n|-boost|p1b: Hephetus|def|1\n|move|p1a: Ceasar|Grassy Glide|p2a: Electabuzz\n|-resisted|p2a: Electabuzz\n|-damage|p2a: Electabuzz|0 fnt\n|faint|p2a: Electabuzz\n|move|p1b: Hephetus|Electro Shot||[still]\n|-prepare|p1b: Hephetus|Electro Shot\n|-boost|p1b: Hephetus|spa|1\n|-anim|p1b: Hephetus|Electro Shot|p2b: Sneasler\n|-enditem|p2b: Sneasler|Focus Sash\n|-damage|p2b: Sneasler|1\/100\n|\n|-weather|none\n|upkeep\n|\n|t:|1732598413\n|switch|p2a: Rillaboom|Rillaboom, L50, F|100\/100\n|-fieldstart|move: Grassy Terrain|[from] ability: Grassy Surge|[of] p2a: Rillaboom\n|turn|7\n|\n|t:|1732598433\n|move|p2a: Rillaboom|Fake Out|p1a: Ceasar\n|-damage|p1a: Ceasar|78\/100\n|move|p2b: Sneasler|Close Combat|p1b: Hephetus\n|-supereffective|p1b: Hephetus\n|-damage|p1b: Hephetus|0 fnt\n|-unboost|p2b: Sneasler|def|1\n|-unboost|p2b: Sneasler|spd|1\n|faint|p1b: Hephetus\n|cant|p1a: Ceasar|flinch\n|\n|-heal|p2b: Sneasler|7\/100|[from] Grassy Terrain\n|-heal|p1a: Ceasar|84\/100|[from] Grassy Terrain\n|upkeep\n|turn|8\n|-message|testy accounty 2 forfeited.\n|\n|win|newkl\n|raw|testy accounty 2's rating: 1706 &rarr; <strong>1685<\/strong><br \/>(-21 for losing)\n|raw|newkl's rating: 1695 &rarr; <strong>1716<\/strong><br \/>(+21 for winning)\n|l|\u2606testy accounty 2\n|player|p1|\n|l|\u2606newkl\n|player|p2|\n|l| four block jump\n","uploadtime":1732598647,"views":8,"formatid":"gen9vgc2024regh","rating":1685,"private":0,"password":null}