{"id":"gen9vgc2024regh-2251053676","format":"[Gen 9] VGC 2024 Reg H","players":["dayron91","arkjsmith"],"log":"|j|\u2606dayron91\n|j|\u2606arkjsmith\n|t:|1732573969\n|gametype|doubles\n|player|p1|dayron91|dragontamer|1712\n|player|p2|arkjsmith|roxie|1708\n|teamsize|p1|6\n|teamsize|p2|6\n|gen|9\n|tier|[Gen 9] VGC 2024 Reg H\n|rated|\n|rule|Species Clause: Limit one of each Pok\u00e9mon\n|rule|Item Clause: Limit 1 of each item\n|clearpoke\n|poke|p1|Archaludon, L50, F|\n|poke|p1|Whimsicott, L50, F|\n|poke|p1|Incineroar, L50, F|\n|poke|p1|Meowscarada, L50, F|\n|poke|p1|Basculegion, L50, M|\n|poke|p1|Annihilape, L50, M|\n|poke|p2|Maushold, L50|\n|poke|p2|Farigiraf, L50, F|\n|poke|p2|Torkoal, L50, F|\n|poke|p2|Ursaluna-Bloodmoon, L50, M|\n|poke|p2|Electivire, L50, F|\n|poke|p2|Indeedee-F, L50, F|\n|teampreview|4\n|inactive|Battle timer is ON: inactive players will automatically lose when time's up. (requested by arkjsmith)\n|j| kyog9t\n|inactive|dayron91 has 60 seconds left.\n|inactive|dayron91 has 30 seconds left.\n|inactive|dayron91 has 20 seconds left.\n|inactive|dayron91 has 15 seconds left.\n|inactive|dayron91 has 10 seconds left.\n|\n|t:|1732574053\n|start\n|switch|p1a: Annihilape|Annihilape, L50, M|100\/100\n|switch|p1b: Basculegion|Basculegion, L50, M, shiny|100\/100\n|switch|p2a: Calypso|Farigiraf, L50, F, shiny|100\/100\n|switch|p2b: Maushold|Maushold, L50|100\/100\n|turn|1\n|inactive|dayron91 has 30 seconds left.\n|inactive|dayron91 has 20 seconds left.\n|inactive|dayron91 has 15 seconds left.\n|inactive|dayron91 has 10 seconds left.\n|inactive|dayron91 has 5 seconds left.\n|\n|t:|1732574105\n|-terastallize|p2a: Calypso|Water\n|move|p2b: Maushold|Follow Me|p2b: Maushold\n|-singleturn|p2b: Maushold|move: Follow Me\n|move|p1a: Annihilape|Close Combat|p2b: Maushold\n|-supereffective|p2b: Maushold\n|-damage|p2b: Maushold|0 fnt\n|-unboost|p1a: Annihilape|def|1\n|-unboost|p1a: Annihilape|spd|1\n|faint|p2b: Maushold\n|move|p1b: Basculegion|Wave Crash|p2a: Calypso\n|-resisted|p2a: Calypso\n|-damage|p2a: Calypso|44\/100\n|-damage|p1b: Basculegion|80\/100|[from] Recoil\n|-damage|p1b: Basculegion|71\/100|[from] item: Life Orb\n|move|p2a: Calypso|Trick Room|p2a: Calypso\n|-fieldstart|move: Trick Room|[of] p2a: Calypso\n|\n|upkeep\n|\n|t:|1732574122\n|switch|p2b: Gladys|Torkoal, L50, F|100\/100\n|-weather|SunnyDay|[from] ability: Drought|[of] p2b: Gladys\n|turn|2\n|\n|t:|1732574139\n|switch|p1a: Incineroar|Incineroar, L50, F|100\/100\n|-ability|p1a: Incineroar|Intimidate|boost\n|-unboost|p2a: Calypso|atk|1\n|-unboost|p2b: Gladys|atk|1\n|move|p1b: Basculegion|Protect|p1b: Basculegion\n|-singleturn|p1b: Basculegion|Protect\n|move|p2b: Gladys|Eruption|p1b: Basculegion|[spread] p1a\n|-activate|p1b: Basculegion|move: Protect\n|-resisted|p1a: Incineroar\n|-damage|p1a: Incineroar|49\/100\n|move|p2a: Calypso|Expanding Force|p1a: Incineroar\n|-immune|p1a: Incineroar\n|\n|-weather|SunnyDay|[upkeep]\n|upkeep\n|turn|3\n|inactive|dayron91 has 30 seconds left.\n|inactive|dayron91 has 20 seconds left.\n|l| kyog9t\n|inactive|dayron91 has 15 seconds left.\n|\n|t:|1732574179\n|switch|p1b: Archaludon|Archaludon, L50, F|100\/100\n|move|p2b: Gladys|Eruption|p1b: Archaludon|[spread] p1a,p1b\n|-resisted|p1a: Incineroar\n|-damage|p1a: Incineroar|1\/100\n|-damage|p1b: Archaludon|27\/100\n|-ability|p1b: Archaludon|Stamina|boost\n|-boost|p1b: Archaludon|def|1\n|move|p2a: Calypso|Expanding Force|p1b: Archaludon\n|-resisted|p1b: Archaludon\n|-damage|p1b: Archaludon|12\/100\n|-ability|p1b: Archaludon|Stamina|boost\n|-boost|p1b: Archaludon|def|1\n|move|p1a: Incineroar|Knock Off|p2b: Gladys\n|-damage|p2b: Gladys|66\/100\n|-enditem|p2b: Gladys|Choice Specs|[from] move: Knock Off|[of] p1a: Incineroar\n|\n|-weather|SunnyDay|[upkeep]\n|upkeep\n|turn|4\n|j| kyog9t\n|inactive|dayron91 has 30 seconds left.\n|inactive|arkjsmith has 30 seconds left.\n|inactive|dayron91 has 20 seconds left.\n|\n|t:|1732574217\n|move|p2b: Gladys|Heat Wave|p1a: Incineroar|[spread] p1a,p1b\n|-resisted|p1a: Incineroar\n|-damage|p1a: Incineroar|0 fnt\n|-damage|p1b: Archaludon|0 fnt\n|faint|p1a: Incineroar\n|faint|p1b: Archaludon\n|move|p2a: Calypso|Hyper Voice|p1: Incineroar|[notarget]\n|-fail|p2a: Calypso\n|\n|-weather|SunnyDay|[upkeep]\n|upkeep\n|\n|t:|1732574227\n|switch|p1a: Basculegion|Basculegion, L50, M, shiny|71\/100\n|switch|p1b: Annihilape|Annihilape, L50, M|100\/100\n|turn|5\n|\n|t:|1732574241\n|-terastallize|p1b: Annihilape|Fire\n|move|p1a: Basculegion|Protect|p1a: Basculegion\n|-singleturn|p1a: Basculegion|Protect\n|move|p2b: Gladys|Solar Beam||[still]\n|-prepare|p2b: Gladys|Solar Beam\n|-anim|p2b: Gladys|Solar Beam|p1a: Basculegion\n|-activate|p1a: Basculegion|move: Protect\n|move|p2a: Calypso|Expanding Force|p1b: Annihilape\n|-crit|p1b: Annihilape\n|-damage|p1b: Annihilape|47\/100\n|move|p1b: Annihilape|Rage Fist|p2a: Calypso\n|-damage|p2a: Calypso|0 fnt\n|faint|p2a: Calypso\n|\n|-weather|SunnyDay|[upkeep]\n|-fieldend|move: Trick Room\n|upkeep\n|\n|t:|1732574245\n|switch|p2a: Pirate|Ursaluna-Bloodmoon, L50, M|100\/100\n|turn|6\n|inactive|dayron91 has 30 seconds left.\n|inactive|dayron91 has 20 seconds left.\n|inactive|dayron91 has 15 seconds left.\n|inactive|dayron91 has 10 seconds left.\n|\n|t:|1732574293\n|move|p1b: Annihilape|Rage Fist|p2b: Gladys\n|-damage|p2b: Gladys|24\/100\n|move|p1a: Basculegion|Wave Crash|p2a: Pirate\n|-supereffective|p2a: Pirate\n|-damage|p2a: Pirate|22\/100\n|-damage|p1a: Basculegion|42\/100|[from] Recoil\n|-damage|p1a: Basculegion|33\/100|[from] item: Life Orb\n|move|p2a: Pirate|Hyper Voice|p1a: Basculegion|[spread] p1a,p1b\n|-damage|p1a: Basculegion|0 fnt\n|-damage|p1b: Annihilape|0 fnt\n|faint|p1a: Basculegion\n|faint|p1b: Annihilape\n|-damage|p2a: Pirate|12\/100|[from] item: Life Orb\n|\n|win|arkjsmith\n|raw|dayron91's rating: 1712 &rarr; <strong>1692<\/strong><br \/>(-20 for losing)\n|raw|arkjsmith's rating: 1708 &rarr; <strong>1728<\/strong><br \/>(+20 for winning)\n|l|\u2606dayron91\n|player|p1|\n|l| kyog9t\n","uploadtime":1732574553,"views":7,"formatid":"gen9vgc2024regh","rating":1692,"private":0,"password":null}