{"id":"gen9vgc2024regh-2251037006","format":"[Gen 9] VGC 2024 Reg H","players":["dayron91","actuary97"],"log":"|j|\u2606dayron91\n|j|\u2606actuary97\n|t:|1732572152\n|gametype|doubles\n|player|p1|dayron91|dragontamer|1755\n|player|p2|actuary97|sabrina-frlg|1731\n|teamsize|p1|6\n|teamsize|p2|6\n|gen|9\n|tier|[Gen 9] VGC 2024 Reg H\n|rated|\n|rule|Species Clause: Limit one of each Pok\u00e9mon\n|rule|Item Clause: Limit 1 of each item\n|clearpoke\n|poke|p1|Archaludon, L50, F|\n|poke|p1|Whimsicott, L50, F|\n|poke|p1|Incineroar, L50, M|\n|poke|p1|Meowscarada, L50, M|\n|poke|p1|Basculegion, L50, M|\n|poke|p1|Annihilape, L50, M|\n|poke|p2|Whimsicott, L50, F|\n|poke|p2|Gallade, L50, M|\n|poke|p2|Archaludon, L50, F|\n|poke|p2|Malamar, L50, F|\n|poke|p2|Indeedee, L50, M|\n|poke|p2|Drifblim, L50, M|\n|teampreview|4\nactuary97 has agreed to open team sheets.\n|\n|t:|1732572212\n|start\n|switch|p1a: Whimsicott|Whimsicott, L50, F|100\/100\n|switch|p1b: Annihilape|Annihilape, L50, M|100\/100\n|switch|p2a: Tapu Deedee|Indeedee, L50, M, shiny|100\/100\n|switch|p2b: Happy Thanksgiving|Drifblim, L50, M, shiny|100\/100\n|-fieldstart|move: Psychic Terrain|[from] ability: Psychic Surge|[of] p2a: Tapu Deedee\n|-enditem|p2b: Happy Thanksgiving|Psychic Seed\n|-boost|p2b: Happy Thanksgiving|spd|1|[from] item: Psychic Seed\n|turn|1\n|\n|t:|1732572246\n|move|p1a: Whimsicott|Tailwind|p1a: Whimsicott\n|-sidestart|p1: dayron91|move: Tailwind\n|move|p1b: Annihilape|U-turn|p2a: Tapu Deedee\n|-supereffective|p2a: Tapu Deedee\n|-damage|p2a: Tapu Deedee|2\/100\n|\n|t:|1732572251\n|switch|p1b: Incineroar|Incineroar, L50, M|100\/100|[from] U-turn\n|-ability|p1b: Incineroar|Intimidate|boost\n|-unboost|p2a: Tapu Deedee|atk|1\n|-unboost|p2b: Happy Thanksgiving|atk|1\n|move|p2b: Happy Thanksgiving|Will-O-Wisp|p1b: Incineroar\n|-immune|p1b: Incineroar\n|move|p2a: Tapu Deedee|Expanding Force|p1b: Incineroar|[spread] p1a\n|-immune|p1b: Incineroar\n|-enditem|p1a: Whimsicott|Focus Sash\n|-damage|p1a: Whimsicott|1\/100\n|\n|upkeep\n|turn|2\n|\n|t:|1732572286\n|switch|p2a: Bridget|Archaludon, L50, F, shiny|100\/100\n|move|p1a: Whimsicott|Moonblast|p2a: Bridget\n|-damage|p2a: Bridget|79\/100\n|-ability|p2a: Bridget|Stamina|boost\n|-boost|p2a: Bridget|def|1\n|move|p2b: Happy Thanksgiving|Icy Wind|p1a: Whimsicott|[spread] p1a,p1b\n|-supereffective|p1a: Whimsicott\n|-resisted|p1b: Incineroar\n|-damage|p1a: Whimsicott|0 fnt\n|-damage|p1b: Incineroar|97\/100\n|-unboost|p1b: Incineroar|spe|1\n|faint|p1a: Whimsicott\n|move|p1b: Incineroar|Knock Off|p2b: Happy Thanksgiving\n|-supereffective|p2b: Happy Thanksgiving\n|-damage|p2b: Happy Thanksgiving|39\/100\n|\n|upkeep\n|\n|t:|1732572306\n|switch|p1a: Annihilape|Annihilape, L50, M|100\/100\n|turn|3\n|\n|t:|1732572338\n|move|p1a: Annihilape|Final Gambit|p2a: Bridget\n|-damage|p2a: Bridget|0 fnt\n|faint|p1a: Annihilape\n|faint|p2a: Bridget\n|move|p2b: Happy Thanksgiving|Strength Sap|p1b: Incineroar\n|-unboost|p1b: Incineroar|atk|1\n|-heal|p2b: Happy Thanksgiving|100\/100\n|move|p1b: Incineroar|Flare Blitz|p2b: Happy Thanksgiving\n|-damage|p2b: Happy Thanksgiving|63\/100\n|-status|p2b: Happy Thanksgiving|brn\n|-damage|p1b: Incineroar|82\/100|[from] Recoil\n|\n|-damage|p2b: Happy Thanksgiving|57\/100 brn|[from] brn\n|upkeep\n|\n|t:|1732572353\n|switch|p1a: Basculegion|Basculegion, L50, M, shiny|100\/100\n|switch|p2a: \u2694\ufe0fKing\u2694\ufe0f|Gallade, L50, M, shiny|100\/100\n|turn|4\n|\n|t:|1732572387\n|-terastallize|p1b: Incineroar|Ghost\n|move|p2b: Happy Thanksgiving|Strength Sap|p1a: Basculegion\n|-unboost|p1a: Basculegion|atk|1\n|-heal|p2b: Happy Thanksgiving|100\/100 brn\n|move|p1a: Basculegion|Last Respects|p2b: Happy Thanksgiving\n|-supereffective|p2b: Happy Thanksgiving\n|-damage|p2b: Happy Thanksgiving|0 fnt\n|faint|p2b: Happy Thanksgiving\n|-damage|p1a: Basculegion|91\/100|[from] item: Life Orb\n|move|p2a: \u2694\ufe0fKing\u2694\ufe0f|Psycho Cut|p1a: Basculegion\n|-crit|p1a: Basculegion\n|-damage|p1a: Basculegion|0 fnt\n|faint|p1a: Basculegion\n|move|p1b: Incineroar|Knock Off|p2a: \u2694\ufe0fKing\u2694\ufe0f\n|-damage|p2a: \u2694\ufe0fKing\u2694\ufe0f|47\/100\n|-enditem|p2a: \u2694\ufe0fKing\u2694\ufe0f|Scope Lens|[from] move: Knock Off|[of] p1b: Incineroar\n|\n|-sideend|p1: dayron91|move: Tailwind\n|upkeep\n|\n|t:|1732572401\n|switch|p2b: Tapu Deedee|Indeedee, L50, M, shiny|2\/100\n|turn|5\n|\n|t:|1732572416\n|-terastallize|p2b: Tapu Deedee|Fire\n|move|p2b: Tapu Deedee|Expanding Force|p1b: Incineroar\n|-damage|p1b: Incineroar|0 fnt\n|faint|p1b: Incineroar\n|\n|win|actuary97\n|raw|dayron91's rating: 1755 &rarr; <strong>1734<\/strong><br \/>(-21 for losing)\n|raw|actuary97's rating: 1731 &rarr; <strong>1752<\/strong><br \/>(+21 for winning)\n|c|\u2606actuary97|gg\n|c|\u2606dayron91|Gg\n|l|\u2606dayron91\n|player|p1|\n|l|\u2606actuary97\n|player|p2|\n","uploadtime":1732572610,"views":11,"formatid":"gen9vgc2024regh","rating":1734,"private":0,"password":null}