{"id":"gen9vgc2024regh-2251286409","format":"[Gen 9] VGC 2024 Reg H","players":["dayron91","testy accounty 2"],"log":"|j|\u2606dayron91\n|j|\u2606testy accounty 2\n|t:|1732606501\n|gametype|doubles\n|player|p1|dayron91|dragontamer|1725\n|player|p2|testy accounty 2|265|1808\n|teamsize|p1|6\n|teamsize|p2|6\n|gen|9\n|tier|[Gen 9] VGC 2024 Reg H\n|rated|\n|rule|Species Clause: Limit one of each Pok\u00e9mon\n|rule|Item Clause: Limit 1 of each item\n|clearpoke\n|poke|p1|Archaludon, L50, F|\n|poke|p1|Whimsicott, L50, F|\n|poke|p1|Incineroar, L50, M|\n|poke|p1|Basculegion, L50, M|\n|poke|p1|Annihilape, L50, M|\n|poke|p1|Farigiraf, L50, M|\n|poke|p2|Pelipper, L50, F|\n|poke|p2|Archaludon, L50, F|\n|poke|p2|Sneasler, L50, M|\n|poke|p2|Dragonite, L50, M|\n|poke|p2|Basculegion, L50, M|\n|poke|p2|Rillaboom, L50, M|\n|teampreview|4\n|\n|t:|1732606547\n|start\n|switch|p1a: Whimsicott|Whimsicott, L50, F|100\/100\n|switch|p1b: Annihilape|Annihilape, L50, M|100\/100\n|switch|p2a: Hermes|Sneasler, L50, M|100\/100\n|switch|p2b: Ceasar|Rillaboom, L50, M|100\/100\n|-fieldstart|move: Grassy Terrain|[from] ability: Grassy Surge|[of] p2b: Ceasar\n|-enditem|p2a: Hermes|Grassy Seed\n|-boost|p2a: Hermes|def|1|[from] item: Grassy Seed\n|turn|1\n|\n|t:|1732606596\n|switch|p1b: Archaludon|Archaludon, L50, F|100\/100\n|-terastallize|p1a: Whimsicott|Ghost\n|move|p2a: Hermes|Dire Claw|p1b: Archaludon\n|-immune|p1b: Archaludon\n|move|p1a: Whimsicott|Beat Up|p1b: Archaludon\n|-damage|p1b: Archaludon|99\/100\n|-ability|p1b: Archaludon|Stamina|boost\n|-boost|p1b: Archaludon|def|1\n|-damage|p1b: Archaludon|98\/100\n|-ability|p1b: Archaludon|Stamina|boost\n|-boost|p1b: Archaludon|def|1\n|-damage|p1b: Archaludon|97\/100\n|-ability|p1b: Archaludon|Stamina|boost\n|-boost|p1b: Archaludon|def|1\n|-damage|p1b: Archaludon|96\/100\n|-ability|p1b: Archaludon|Stamina|boost\n|-boost|p1b: Archaludon|def|1\n|-hitcount|p1b: Archaludon|4\n|move|p2b: Ceasar|Taunt|p1a: Whimsicott\n|-start|p1a: Whimsicott|move: Taunt\n|\n|-heal|p1b: Archaludon|100\/100|[from] Grassy Terrain\n|upkeep\n|turn|2\n|j| mr pogostick\n|\n|t:|1732606644\n|move|p2a: Hermes|Throat Chop|p1a: Whimsicott\n|-supereffective|p1a: Whimsicott\n|-damage|p1a: Whimsicott|26\/100\n|-start|p1a: Whimsicott|Throat Chop|[silent]\n|move|p1a: Whimsicott|Moonblast|p2a: Hermes\n|-damage|p2a: Hermes|52\/100\n|move|p2b: Ceasar|Bullet Seed|p1a: Whimsicott\n|-damage|p1a: Whimsicott|4\/100\n|-damage|p1a: Whimsicott|0 fnt\n|faint|p1a: Whimsicott\n|-hitcount|p1: Whimsicott|2\n|move|p1b: Archaludon|Body Press|p2a: Hermes\n|-resisted|p2a: Hermes\n|-damage|p2a: Hermes|6\/100\n|\n|-heal|p2a: Hermes|12\/100|[from] Grassy Terrain\n|upkeep\n|\n|t:|1732606665\n|switch|p1a: Annihilape|Annihilape, L50, M|100\/100\n|turn|3\n|\n|t:|1732606688\n|move|p2a: Hermes|Dire Claw|p1a: Annihilape\n|-resisted|p1a: Annihilape\n|-damage|p1a: Annihilape|81\/100\n|move|p1a: Annihilape|Rage Fist|p2a: Hermes\n|-damage|p2a: Hermes|0 fnt\n|faint|p2a: Hermes\n|move|p2b: Ceasar|Bullet Seed|p1a: Annihilape\n|-damage|p1a: Annihilape|64\/100\n|-damage|p1a: Annihilape|50\/100\n|-damage|p1a: Annihilape|35\/100\n|-damage|p1a: Annihilape|18\/100\n|-hitcount|p1a: Annihilape|4\n|move|p1b: Archaludon|Body Press|p2b: Ceasar\n|-damage|p2b: Ceasar|30\/100\n|\n|-heal|p1a: Annihilape|24\/100|[from] Grassy Terrain\n|-heal|p2b: Ceasar|36\/100|[from] Grassy Terrain\n|upkeep\n|j| snoopz24\n|\n|t:|1732606709\n|switch|p2a: Posiden|Pelipper, L50, F|100\/100\n|-weather|RainDance|[from] ability: Drizzle|[of] p2a: Posiden\n|turn|4\n|\n|t:|1732606735\n|switch|p1a: Basculegion|Basculegion, L50, M, shiny|100\/100\n|move|p2b: Ceasar|Grassy Glide|p1a: Basculegion\n|-supereffective|p1a: Basculegion\n|-damage|p1a: Basculegion|21\/100\n|move|p2a: Posiden|Tailwind|p2a: Posiden\n|-sidestart|p2: testy accounty 2|move: Tailwind\n|move|p1b: Archaludon|Body Press|p2b: Ceasar\n|-damage|p2b: Ceasar|0 fnt\n|faint|p2b: Ceasar\n|\n|-weather|RainDance|[upkeep]\n|-heal|p1a: Basculegion|27\/100|[from] Grassy Terrain\n|upkeep\n|\n|t:|1732606751\n|switch|p2b: Hephetus|Archaludon, L50, F|100\/100\n|turn|5\n|\n|t:|1732606773\n|-terastallize|p2b: Hephetus|Grass\n|move|p1a: Basculegion|Protect|p1a: Basculegion\n|-singleturn|p1a: Basculegion|Protect\n|move|p2a: Posiden|Hurricane|p1a: Basculegion\n|-activate|p1a: Basculegion|move: Protect\n|move|p2b: Hephetus|Electro Shot||[still]\n|-prepare|p2b: Hephetus|Electro Shot\n|-boost|p2b: Hephetus|spa|1\n|-anim|p2b: Hephetus|Electro Shot|p1b: Archaludon\n|-resisted|p1b: Archaludon\n|-damage|p1b: Archaludon|80\/100\n|-ability|p1b: Archaludon|Stamina|boost\n|-boost|p1b: Archaludon|def|1\n|move|p1b: Archaludon|Body Press|p2b: Hephetus\n|-damage|p2b: Hephetus|40\/100\n|-ability|p2b: Hephetus|Stamina|boost\n|-boost|p2b: Hephetus|def|1\n|\n|-weather|RainDance|[upkeep]\n|-heal|p2b: Hephetus|46\/100|[from] Grassy Terrain\n|-heal|p1a: Basculegion|33\/100|[from] Grassy Terrain\n|-heal|p1b: Archaludon|86\/100|[from] Grassy Terrain\n|-fieldend|move: Grassy Terrain\n|upkeep\n|turn|6\n|\n|t:|1732606806\n|switch|p1a: Annihilape|Annihilape, L50, M|24\/100\n|move|p2a: Posiden|Weather Ball|p1b: Archaludon\n|-resisted|p1b: Archaludon\n|-damage|p1b: Archaludon|66\/100\n|-ability|p1b: Archaludon|Stamina|boost\n|-boost|p1b: Archaludon|def|1\n|move|p2b: Hephetus|Draco Meteor|p1b: Archaludon\n|-damage|p1b: Archaludon|0 fnt\n|-unboost|p2b: Hephetus|spa|2\n|faint|p1b: Archaludon\n|\n|-weather|RainDance|[upkeep]\n|upkeep\n|\n|t:|1732606821\n|switch|p1b: Basculegion|Basculegion, L50, M, shiny|33\/100\n|turn|7\n|\n|t:|1732606837\n|move|p1b: Basculegion|Protect|p1b: Basculegion\n|-singleturn|p1b: Basculegion|Protect\n|move|p2a: Posiden|Hurricane|p1a: Annihilape\n|-supereffective|p1a: Annihilape\n|-damage|p1a: Annihilape|0 fnt\n|faint|p1a: Annihilape\n|move|p2b: Hephetus|Electro Shot||[still]\n|-prepare|p2b: Hephetus|Electro Shot\n|-boost|p2b: Hephetus|spa|1\n|-anim|p2b: Hephetus|Electro Shot|p1b: Basculegion\n|-activate|p1b: Basculegion|move: Protect\n|\n|-weather|RainDance|[upkeep]\n|-sideend|p2: testy accounty 2|move: Tailwind\n|upkeep\n|turn|8\n|\n|t:|1732606852\n|move|p1b: Basculegion|Last Respects|p2b: Hephetus\n|-damage|p2b: Hephetus|0 fnt\n|faint|p2b: Hephetus\n|-damage|p1b: Basculegion|24\/100|[from] item: Life Orb\n|move|p2a: Posiden|Hurricane|p1b: Basculegion\n|-damage|p1b: Basculegion|0 fnt\n|faint|p1b: Basculegion\n|\n|win|testy accounty 2\n|raw|dayron91's rating: 1725 &rarr; <strong>1710<\/strong><br \/>(-15 for losing)\n|raw|testy accounty 2's rating: 1808 &rarr; <strong>1823<\/strong><br \/>(+15 for winning)\n","uploadtime":1732606864,"views":31,"formatid":"gen9vgc2024regh","rating":1710,"private":0,"password":null}