{"id":"gen9vgc2024regh-2251181799","format":"[Gen 9] VGC 2024 Reg H","players":["elvegis1","infinitygroudon"],"log":"|j|\u2606elvegis1\n|j|\u2606infinitygroudon\n|t:|1732589499\n|gametype|doubles\n|player|p1|elvegis1|lucas|1771\n|player|p2|infinitygroudon|266|1682\n|teamsize|p1|6\n|teamsize|p2|6\n|gen|9\n|tier|[Gen 9] VGC 2024 Reg H\n|rated|\n|rule|Species Clause: Limit one of each Pok\u00e9mon\n|rule|Item Clause: Limit 1 of each item\n|clearpoke\n|poke|p1|Incineroar, L50, F|\n|poke|p1|Gholdengo, L50|\n|poke|p1|Dusclops, L50, F|\n|poke|p1|Gastrodon-East, L50, F|\n|poke|p1|Ursaluna-Bloodmoon, L50, M|\n|poke|p1|Annihilape, L50, F|\n|poke|p2|Krookodile, L50, M|\n|poke|p2|Clefairy, L50, F|\n|poke|p2|Smeargle, L50, M|\n|poke|p2|Flamigo, L50, F|\n|poke|p2|Dragonite, L50, F|\n|poke|p2|Dragapult, L50, M|\n|teampreview|4\n|inactive|Battle timer is ON: inactive players will automatically lose when time's up. (requested by elvegis1)\n|j| newkl\n|\n|t:|1732589534\n|start\n|switch|p1a: Annihilape|Annihilape, L50, F|100\/100\n|switch|p1b: Dusclops|Dusclops, L50, F|100\/100\n|switch|p2a: Snoopy|Smeargle, L50, M, shiny|100\/100\n|switch|p2b: Ramses|Krookodile, L50, M, shiny|100\/100\n|-item|p2a: Snoopy|Safety Goggles|[from] ability: Frisk|[of] p1b: Dusclops\n|-item|p2b: Ramses|Covert Cloak|[from] ability: Frisk|[of] p1b: Dusclops\n|turn|1\n|\n|t:|1732589559\n|move|p2b: Ramses|Protect|p2b: Ramses\n|-singleturn|p2b: Ramses|Protect\n|move|p1a: Annihilape|Final Gambit|p2b: Ramses\n|-activate|p2b: Ramses|move: Protect\n|move|p2a: Snoopy|Spore|p1a: Annihilape\n|-activate|p1a: Annihilape|item: Safety Goggles|Spore\n|move|p1b: Dusclops|Trick Room|p1b: Dusclops\n|-fieldstart|move: Trick Room|[of] p1b: Dusclops\n|\n|-ability|p2a: Snoopy|Moody|boost\n|-boost|p2a: Snoopy|def|2\n|-unboost|p2a: Snoopy|atk|1\n|upkeep\n|turn|2\n|j| plplk\n|inactive|infinitygroudon has 30 seconds left.\n|\n|t:|1732589587\n|-terastallize|p2a: Snoopy|Ghost\n|move|p2a: Snoopy|Follow Me|p2a: Snoopy\n|-singleturn|p2a: Snoopy|move: Follow Me\n|move|p1b: Dusclops|Will-O-Wisp|p2a: Snoopy\n|-status|p2a: Snoopy|brn\n|move|p2b: Ramses|Knock Off|p1b: Dusclops\n|-supereffective|p1b: Dusclops\n|-damage|p1b: Dusclops|43\/100\n|-enditem|p1b: Dusclops|Eviolite|[from] move: Knock Off|[of] p2b: Ramses\n|move|p1a: Annihilape|Close Combat|p2a: Snoopy\n|-immune|p2a: Snoopy\n|\n|-damage|p2a: Snoopy|94\/100 brn|[from] brn\n|-ability|p2a: Snoopy|Moody|boost\n|-boost|p2a: Snoopy|atk|2\n|-unboost|p2a: Snoopy|spa|1\n|upkeep\n|turn|3\n|\n|t:|1732589609\n|move|p2a: Snoopy|Follow Me|p2a: Snoopy\n|-singleturn|p2a: Snoopy|move: Follow Me\n|move|p1b: Dusclops|Pain Split|p2a: Snoopy\n|-sethp|p2a: Snoopy|67\/100 brn|[from] move: Pain Split|[silent]\n|-sethp|p1b: Dusclops|73\/100|[from] move: Pain Split\n|move|p2b: Ramses|Earthquake|p1a: Annihilape|[spread] p2a,p1a,p1b\n|-damage|p2a: Snoopy|26\/100 brn\n|-damage|p1a: Annihilape|65\/100\n|-damage|p1b: Dusclops|42\/100\n|move|p1a: Annihilape|Close Combat|p2a: Snoopy\n|-immune|p2a: Snoopy\n|\n|-damage|p2a: Snoopy|20\/100 brn|[from] brn\n|-ability|p2a: Snoopy|Moody|boost\n|-boost|p2a: Snoopy|def|2\n|-unboost|p2a: Snoopy|spa|1\n|upkeep\n|turn|4\n|\n|t:|1732589629\n|move|p1a: Annihilape|Protect|p1a: Annihilape\n|-singleturn|p1a: Annihilape|Protect\n|move|p2a: Snoopy|Follow Me|p2a: Snoopy\n|-singleturn|p2a: Snoopy|move: Follow Me\n|move|p1b: Dusclops|Night Shade|p2a: Snoopy\n|-damage|p2a: Snoopy|0 fnt\n|faint|p2a: Snoopy\n|move|p2b: Ramses|Knock Off|p1b: Dusclops\n|-supereffective|p1b: Dusclops\n|-damage|p1b: Dusclops|0 fnt\n|faint|p1b: Dusclops\n|\n|upkeep\n|\n|t:|1732589642\n|switch|p1b: Incineroar|Incineroar, L50, F|100\/100\n|switch|p2a: Chardonnay|Flamigo, L50, F, shiny|100\/100\n|-ability|p1b: Incineroar|Intimidate|boost\n|-fail|p2a: Chardonnay|unboost|[from] item: Clear Amulet|[of] p2a: Chardonnay\n|-unboost|p2b: Ramses|atk|1\n|-copyboost|p2a: Chardonnay|p2b: Ramses|[from] ability: Costar\n|turn|5\n|\n|t:|1732589661\n|move|p2a: Chardonnay|Detect|p2a: Chardonnay\n|-singleturn|p2a: Chardonnay|Protect\n|move|p1b: Incineroar|Fake Out|p2a: Chardonnay\n|-activate|p2a: Chardonnay|move: Protect\n|move|p2b: Ramses|Earthquake|p1b: Incineroar|[spread] p1a,p1b\n|-activate|p2a: Chardonnay|move: Protect\n|-supereffective|p1b: Incineroar\n|-damage|p1a: Annihilape|39\/100\n|-damage|p1b: Incineroar|56\/100\n|move|p1a: Annihilape|Close Combat|p2b: Ramses\n|-supereffective|p2b: Ramses\n|-damage|p2b: Ramses|0 fnt\n|-unboost|p1a: Annihilape|def|1\n|-unboost|p1a: Annihilape|spd|1\n|faint|p2b: Ramses\n|\n|-fieldend|move: Trick Room\n|upkeep\n|\n|t:|1732589670\n|switch|p2b: Los Dardos|Dragapult, L50, M|100\/100\n|turn|6\n|\n|t:|1732589677\n|-terastallize|p1b: Incineroar|Ghost\n|move|p2b: Los Dardos|Dragon Darts|p1a: Annihilape\n|-damage|p1a: Annihilape|0 fnt\n|-anim|p2b: Los Dardos|Dragon Darts|p1b: Incineroar\n|-damage|p1b: Incineroar|22\/100\n|-enditem|p1b: Incineroar|Sitrus Berry|[eat]\n|-heal|p1b: Incineroar|47\/100|[from] item: Sitrus Berry\n|faint|p1a: Annihilape\n|move|p2a: Chardonnay|Close Combat|p1b: Incineroar\n|-immune|p1b: Incineroar\n|move|p1b: Incineroar|Knock Off|p2b: Los Dardos\n|-supereffective|p2b: Los Dardos\n|-damage|p2b: Los Dardos|0 fnt\n|-enditem|p2b: Los Dardos|Choice Band|[from] move: Knock Off|[of] p1b: Incineroar\n|faint|p2b: Los Dardos\n|\n|upkeep\n|\n|t:|1732589687\n|switch|p1a: Ursaluna|Ursaluna-Bloodmoon, L50, M|100\/100\n|turn|7\n|-message|infinitygroudon forfeited.\n|\n|win|elvegis1\n|raw|elvegis1's rating: 1771 &rarr; <strong>1786<\/strong><br \/>(+15 for winning)\n|raw|infinitygroudon's rating: 1682 &rarr; <strong>1667<\/strong><br \/>(-15 for losing)\n|l|\u2606infinitygroudon\n|player|p2|\n|l|\u2606elvegis1\n|player|p1|\n|l| newkl\n|j| lplpk\n|l| plplk\n","uploadtime":1732589879,"views":8,"formatid":"gen9vgc2024regh","rating":1667,"private":0,"password":null}