{"id":"gen9vgc2024regh-2251877699","format":"[Gen 9] VGC 2024 Reg H","players":["PolkaDot27","ouzo snakeburger2"],"log":"|j|\u2606PolkaDot27\n|j|\u2606ouzo snakeburger2\n|t:|1732676843\n|gametype|doubles\n|player|p1|PolkaDot27|266|1638\n|player|p2|ouzo snakeburger2|265|1706\n|teamsize|p1|6\n|teamsize|p2|6\n|gen|9\n|tier|[Gen 9] VGC 2024 Reg H\n|rated|\n|rule|Species Clause: Limit one of each Pok\u00e9mon\n|rule|Item Clause: Limit 1 of each item\n|clearpoke\n|poke|p1|Kingambit, L50, F|\n|poke|p1|Rillaboom, L50, F|\n|poke|p1|Clefable, L50, M|\n|poke|p1|Primarina, L50, M|\n|poke|p1|Volcarona, L50, M|\n|poke|p1|Sneasler, L50, M|\n|poke|p2|Ursaluna-Bloodmoon, L50, M|\n|poke|p2|Electabuzz, L50, F|\n|poke|p2|Whimsicott, L50, M|\n|poke|p2|Annihilape, L50, F|\n|poke|p2|Dragonite, L50, F|\n|poke|p2|Sneasler, L50, M|\n|teampreview|4\n|c|\u2606ouzo snakeburger2|glhf\n|c|\u2606PolkaDot27|glhf\n|\n|t:|1732676892\n|start\n|switch|p1a: Clefable|Clefable, L50, M|100\/100\n|switch|p1b: Volcarona|Volcarona, L50, M|100\/100\n|switch|p2a: Whimsicott|Whimsicott, L50, M|100\/100\n|switch|p2b: Annihilape|Annihilape, L50, F|100\/100\n|turn|1\n|\n|t:|1732676909\n|-terastallize|p2a: Whimsicott|Poison\n|move|p1a: Clefable|Follow Me|p1a: Clefable\n|-singleturn|p1a: Clefable|move: Follow Me\n|move|p2a: Whimsicott|Tailwind|p2a: Whimsicott\n|-sidestart|p2: ouzo snakeburger2|move: Tailwind\n|move|p2b: Annihilape|Bulk Up|p2b: Annihilape\n|-boost|p2b: Annihilape|atk|1\n|-boost|p2b: Annihilape|def|1\n|move|p1b: Volcarona|Heat Wave|p2b: Annihilape|[spread] p2a,p2b\n|-damage|p2a: Whimsicott|58\/100\n|-damage|p2b: Annihilape|69\/100\n|-status|p2b: Annihilape|brn\n|\n|-heal|p2b: Annihilape|75\/100 brn|[from] item: Leftovers\n|-damage|p2b: Annihilape|69\/100 brn|[from] brn\n|upkeep\n|turn|2\n|\n|t:|1732676930\n|switch|p2a: Electabuzz|Electabuzz, L50, F|100\/100\n|move|p1a: Clefable|Follow Me|p1a: Clefable\n|-singleturn|p1a: Clefable|move: Follow Me\n|move|p2b: Annihilape|Bulk Up|p2b: Annihilape\n|-boost|p2b: Annihilape|atk|1\n|-boost|p2b: Annihilape|def|1\n|move|p1b: Volcarona|Quiver Dance|p1b: Volcarona\n|-boost|p1b: Volcarona|spa|1\n|-boost|p1b: Volcarona|spd|1\n|-boost|p1b: Volcarona|spe|1\n|\n|-heal|p2b: Annihilape|75\/100 brn|[from] item: Leftovers\n|-damage|p2b: Annihilape|69\/100 brn|[from] brn\n|upkeep\n|turn|3\n|\n|t:|1732676952\n|move|p2b: Annihilape|Protect|p2b: Annihilape\n|-singleturn|p2b: Annihilape|Protect\n|move|p2a: Electabuzz|Taunt|p1a: Clefable\n|-start|p1a: Clefable|move: Taunt\n|move|p1b: Volcarona|Heat Wave|p2b: Annihilape|[spread] p2a\n|-activate|p2b: Annihilape|move: Protect\n|-damage|p2a: Electabuzz|58\/100\n|move|p1a: Clefable|Moonblast|p2b: Annihilape\n|-activate|p2b: Annihilape|move: Protect\n|\n|-heal|p2b: Annihilape|75\/100 brn|[from] item: Leftovers\n|-damage|p2b: Annihilape|69\/100 brn|[from] brn\n|upkeep\n|turn|4\n|\n|t:|1732676979\n|switch|p1a: Rillaboom|Rillaboom, L50, F|100\/100\n|-fieldstart|move: Grassy Terrain|[from] ability: Grassy Surge|[of] p1a: Rillaboom\n|move|p2a: Electabuzz|Follow Me|p2a: Electabuzz\n|-singleturn|p2a: Electabuzz|move: Follow Me\n|move|p2b: Annihilape|Rage Fist|p1b: Volcarona\n|-damage|p1b: Volcarona|55\/100\n|move|p1b: Volcarona|Heat Wave|p2a: Electabuzz|[spread] p2a,p2b\n|-damage|p2a: Electabuzz|13\/100\n|-damage|p2b: Annihilape|17\/100 brn\n|\n|-heal|p2b: Annihilape|23\/100 brn|[from] Grassy Terrain\n|-heal|p2b: Annihilape|29\/100 brn|[from] item: Leftovers\n|-heal|p2a: Electabuzz|19\/100|[from] Grassy Terrain\n|-heal|p1b: Volcarona|61\/100|[from] Grassy Terrain\n|-heal|p1b: Volcarona|67\/100|[from] item: Leftovers\n|-damage|p2b: Annihilape|23\/100 brn|[from] brn\n|-sideend|p2: ouzo snakeburger2|move: Tailwind\n|upkeep\n|turn|5\n|\n|t:|1732677004\n|move|p2b: Annihilape|Protect|p2b: Annihilape\n|-singleturn|p2b: Annihilape|Protect\n|move|p1b: Volcarona|Heat Wave|p2b: Annihilape|[spread] p2a\n|-activate|p2b: Annihilape|move: Protect\n|-damage|p2a: Electabuzz|0 fnt\n|faint|p2a: Electabuzz\n|move|p1a: Rillaboom|U-turn|p2b: Annihilape\n|-activate|p2b: Annihilape|move: Protect\n|\n|-heal|p1b: Volcarona|73\/100|[from] Grassy Terrain\n|-heal|p1b: Volcarona|79\/100|[from] item: Leftovers\n|-heal|p2b: Annihilape|29\/100 brn|[from] Grassy Terrain\n|-heal|p2b: Annihilape|35\/100 brn|[from] item: Leftovers\n|-damage|p2b: Annihilape|29\/100 brn|[from] brn\n|upkeep\n|\n|t:|1732677012\n|switch|p2a: Whimsicott|Whimsicott, L50, M, tera:Poison|58\/100\n|turn|6\n|\n|t:|1732677030\n|switch|p1a: Clefable|Clefable, L50, M|100\/100\n|move|p2a: Whimsicott|Tailwind|p2a: Whimsicott\n|-sidestart|p2: ouzo snakeburger2|move: Tailwind\n|move|p2b: Annihilape|Rage Fist|p1b: Volcarona\n|-crit|p1b: Volcarona\n|-damage|p1b: Volcarona|0 fnt\n|faint|p1b: Volcarona\n|\n|-heal|p2a: Whimsicott|64\/100|[from] Grassy Terrain\n|-heal|p2b: Annihilape|35\/100 brn|[from] Grassy Terrain\n|-heal|p2b: Annihilape|41\/100 brn|[from] item: Leftovers\n|-damage|p2b: Annihilape|35\/100 brn|[from] brn\n|upkeep\n|\n|t:|1732677051\n|switch|p1b: Primarina|Primarina, L50, M|100\/100\n|turn|7\n|\n|t:|1732677062\n|move|p2a: Whimsicott|Beat Up|p2b: Annihilape\n|-damage|p2b: Annihilape|34\/100 brn\n|-damage|p2b: Annihilape|33\/100 brn\n|-hitcount|p2b: Annihilape|2\n|move|p2b: Annihilape|Rage Fist|p1a: Clefable\n|-damage|p1a: Clefable|47\/100\n|-enditem|p1a: Clefable|Sitrus Berry|[eat]\n|-heal|p1a: Clefable|72\/100|[from] item: Sitrus Berry\n|move|p1b: Primarina|Hyper Voice|p2a: Whimsicott|[spread] p2a,p2b\n|-crit|p2a: Whimsicott\n|-damage|p2a: Whimsicott|0 fnt\n|-damage|p2b: Annihilape|0 fnt\n|faint|p2a: Whimsicott\n|faint|p2b: Annihilape\n|-damage|p1b: Primarina|91\/100|[from] item: Life Orb\n|move|p1a: Clefable|Moonblast|p2: Whimsicott|[notarget]\n|-fail|p1a: Clefable\n|\n|-heal|p1b: Primarina|97\/100|[from] Grassy Terrain\n|-heal|p1a: Clefable|78\/100|[from] Grassy Terrain\n|upkeep\n|j| Blackhole Blitz\n|\n|t:|1732677073\n|switch|p2b: Ursaluna|Ursaluna-Bloodmoon, L50, M|100\/100\n|turn|8\n|\n|t:|1732677093\n|move|p1b: Primarina|Protect|p1b: Primarina\n|-singleturn|p1b: Primarina|Protect\n|move|p2b: Ursaluna|Blood Moon|p1b: Primarina\n|-activate|p1b: Primarina|move: Protect\n|move|p1a: Clefable|Moonblast|p2b: Ursaluna\n|-damage|p2b: Ursaluna|56\/100\n|-unboost|p2b: Ursaluna|spa|1\n|\n|-heal|p2b: Ursaluna|62\/100|[from] Grassy Terrain\n|-heal|p1b: Primarina|100\/100|[from] Grassy Terrain\n|-heal|p1a: Clefable|84\/100|[from] Grassy Terrain\n|-fieldend|move: Grassy Terrain\n|upkeep\n|turn|9\n|c|\u2606ouzo snakeburger2|gg wp\n|-message|ouzo snakeburger2 forfeited.\n|\n|win|PolkaDot27\n|raw|PolkaDot27's rating: 1638 &rarr; <strong>1662<\/strong><br \/>(+24 for winning)\n|raw|ouzo snakeburger2's rating: 1706 &rarr; <strong>1682<\/strong><br \/>(-24 for losing)\n|l|\u2606ouzo snakeburger2\n|player|p2|\n|c|\u2606PolkaDot27|gg sorry for the burn\n|l|\u2606PolkaDot27\n|player|p1|\n|l| Blackhole Blitz\n","uploadtime":1732677370,"views":10,"formatid":"gen9vgc2024regh","rating":1662,"private":0,"password":null}