{"id":"gen9vgc2024regh-2251201116","format":"[Gen 9] VGC 2024 Reg H","players":["testy accounty 2","Spottedwoot"],"log":"|j|\u2606testy accounty 2\n|j|\u2606Spottedwoot\n|t:|1732592071\n|gametype|doubles\n|player|p1|testy accounty 2|265|1819\n|player|p2|Spottedwoot|2|1765\n|teamsize|p1|6\n|teamsize|p2|6\n|gen|9\n|tier|[Gen 9] VGC 2024 Reg H\n|rated|\n|rule|Species Clause: Limit one of each Pok\u00e9mon\n|rule|Item Clause: Limit 1 of each item\n|clearpoke\n|poke|p1|Pelipper, L50, F|\n|poke|p1|Archaludon, L50, F|\n|poke|p1|Sneasler, L50, F|\n|poke|p1|Dragonite, L50, M|\n|poke|p1|Basculegion, L50, M|\n|poke|p1|Rillaboom, L50, M|\n|poke|p2|Pelipper, L50, M|\n|poke|p2|Archaludon, L50, F|\n|poke|p2|Gholdengo, L50|\n|poke|p2|Basculegion, L50, M|\n|poke|p2|Rillaboom, L50, F|\n|poke|p2|Sneasler, L50, M|\n|teampreview|4\n|\n|t:|1732592110\n|start\n|switch|p1a: Posiden|Pelipper, L50, F|100\/100\n|switch|p1b: Hephetus|Archaludon, L50, F|100\/100\n|switch|p2a: Pelipper|Pelipper, L50, M|100\/100\n|switch|p2b: Sneasler|Sneasler, L50, M|100\/100\n|-weather|RainDance|[from] ability: Drizzle|[of] p2a: Pelipper\n|turn|1\n|\n|t:|1732592133\n|move|p2a: Pelipper|Hurricane|p1a: Posiden\n|-damage|p1a: Posiden|28\/100\n|-start|p1a: Posiden|confusion\n|move|p2b: Sneasler|Close Combat|p1b: Hephetus\n|-supereffective|p1b: Hephetus\n|-damage|p1b: Hephetus|17\/100\n|-unboost|p2b: Sneasler|def|1\n|-unboost|p2b: Sneasler|spd|1\n|-ability|p1b: Hephetus|Stamina|boost\n|-boost|p1b: Hephetus|def|1\n|-activate|p1a: Posiden|confusion\n|move|p1a: Posiden|Tailwind|p1a: Posiden\n|-sidestart|p1: testy accounty 2|move: Tailwind\n|move|p1b: Hephetus|Electro Shot||[still]\n|-prepare|p1b: Hephetus|Electro Shot\n|-boost|p1b: Hephetus|spa|1\n|-anim|p1b: Hephetus|Electro Shot|p2b: Sneasler\n|-enditem|p2b: Sneasler|Focus Sash\n|-damage|p2b: Sneasler|1\/100\n|\n|-weather|RainDance|[upkeep]\n|upkeep\n|turn|2\n|\n|t:|1732592173\n|move|p2b: Sneasler|Close Combat|p1b: Hephetus\n|-supereffective|p1b: Hephetus\n|-damage|p1b: Hephetus|0 fnt\n|-unboost|p2b: Sneasler|def|1\n|-unboost|p2b: Sneasler|spd|1\n|faint|p1b: Hephetus\n|-activate|p1a: Posiden|confusion\n|-damage|p1a: Posiden|23\/100|[from] confusion\n|move|p2a: Pelipper|Hurricane|p1a: Posiden\n|-damage|p1a: Posiden|0 fnt\n|faint|p1a: Posiden\n|\n|-weather|RainDance|[upkeep]\n|upkeep\n|\n|t:|1732592184\n|switch|p1a: Ceasar|Rillaboom, L50, M|100\/100\n|switch|p1b: Thanotos|Basculegion, L50, M|100\/100\n|-fieldstart|move: Grassy Terrain|[from] ability: Grassy Surge|[of] p1a: Ceasar\n|turn|3\n|\n|t:|1732592205\n|move|p2b: Sneasler|Protect|p2b: Sneasler\n|-singleturn|p2b: Sneasler|Protect\n|move|p1b: Thanotos|Last Respects|p2b: Sneasler\n|-activate|p2b: Sneasler|move: Protect\n|move|p1a: Ceasar|Bullet Seed|p2a: Pelipper\n|-damage|p2a: Pelipper|78\/100\n|-damage|p2a: Pelipper|56\/100\n|-damage|p2a: Pelipper|36\/100\n|-damage|p2a: Pelipper|15\/100\n|-damage|p2a: Pelipper|0 fnt\n|faint|p2a: Pelipper\n|-hitcount|p2: Pelipper|5\n|\n|-weather|RainDance|[upkeep]\n|-heal|p2b: Sneasler|7\/100|[from] Grassy Terrain\n|upkeep\n|\n|t:|1732592217\n|switch|p2a: Gholdengo|Gholdengo, L50|100\/100\n|turn|4\n|\n|t:|1732592229\n|move|p2a: Gholdengo|Protect|p2a: Gholdengo\n|-singleturn|p2a: Gholdengo|Protect\n|move|p1a: Ceasar|Grassy Glide|p2b: Sneasler\n|-resisted|p2b: Sneasler\n|-damage|p2b: Sneasler|0 fnt\n|faint|p2b: Sneasler\n|move|p1b: Thanotos|Last Respects|p2a: Gholdengo\n|-activate|p2a: Gholdengo|move: Protect\n|\n|-weather|RainDance|[upkeep]\n|-sideend|p1: testy accounty 2|move: Tailwind\n|upkeep\n|\n|t:|1732592238\n|switch|p2b: Basculegion|Basculegion, L50, M|100\/100\n|turn|5\n|\n|t:|1732592250\n|-terastallize|p2b: Basculegion|Ghost\n|-terastallize|p1b: Thanotos|Grass\n|move|p2b: Basculegion|Last Respects|p1b: Thanotos\n|-damage|p1b: Thanotos|0 fnt\n|faint|p1b: Thanotos\n|move|p2a: Gholdengo|Nasty Plot|p2a: Gholdengo\n|-boost|p2a: Gholdengo|spa|2\n|move|p1a: Ceasar|Bullet Seed|p2b: Basculegion\n|-damage|p2b: Basculegion|82\/100\n|-damage|p2b: Basculegion|61\/100\n|-damage|p2b: Basculegion|40\/100\n|-damage|p2b: Basculegion|19\/100\n|-hitcount|p2b: Basculegion|4\n|\n|-weather|none\n|-heal|p2b: Basculegion|25\/100|[from] Grassy Terrain\n|upkeep\n|turn|6\n|-message|testy accounty 2 forfeited.\n|\n|win|Spottedwoot\n|raw|testy accounty 2's rating: 1819 &rarr; <strong>1796<\/strong><br \/>(-23 for losing)\n|raw|Spottedwoot's rating: 1765 &rarr; <strong>1788<\/strong><br \/>(+23 for winning)\n|l|\u2606testy accounty 2\n|player|p1|\n|l|\u2606Spottedwoot\n|player|p2|\n","uploadtime":1732592261,"views":113,"formatid":"gen9vgc2024regh","rating":1788,"private":0,"password":null}