{"id":"gen9vgc2024regh-2251312574","format":"[Gen 9] VGC 2024 Reg H","players":["sailyors","Estarossa_152"],"log":"|j|\u2606sailyors\n|j|\u2606Estarossa_152\n|t:|1732611335\n|gametype|doubles\n|player|p1|sailyors|iris-gen5bw2|1679\n|player|p2|Estarossa_152|102|1737\n|teamsize|p1|6\n|teamsize|p2|6\n|gen|9\n|tier|[Gen 9] VGC 2024 Reg H\n|rated|\n|rule|Species Clause: Limit one of each Pok\u00e9mon\n|rule|Item Clause: Limit 1 of each item\n|clearpoke\n|poke|p1|Ninetales-Alola, L50, F|\n|poke|p1|Maushold, L50|\n|poke|p1|Sinistcha, L50|\n|poke|p1|Annihilape, L50, M|\n|poke|p1|Incineroar, L50, M|\n|poke|p1|Dragonite, L50, M|\n|poke|p2|Dragonite, L50, M|\n|poke|p2|Sneasler, L50, M|\n|poke|p2|Talonflame, L50, M|\n|poke|p2|Incineroar, L50, M|\n|poke|p2|Electabuzz, L50, M|\n|poke|p2|Ursaluna-Bloodmoon, L50, M|\n|teampreview|4\n|inactive|Battle timer is ON: inactive players will automatically lose when time's up. (requested by sailyors)\n|j| ThePowerOfPasta\n|inactive|Estarossa_152 has 60 seconds left.\n|inactive|Estarossa_152 has 30 seconds left.\n|inactive|Estarossa_152 has 20 seconds left.\n|inactive|Estarossa_152 has 15 seconds left.\n|inactive|Estarossa_152 has 10 seconds left.\n|\n|t:|1732611419\n|start\n|switch|p1a: Ninetales|Ninetales-Alola, L50, F|100\/100\n|switch|p1b: Incineroar|Incineroar, L50, M|100\/100\n|switch|p2a: Talonflame|Talonflame, L50, M, shiny|100\/100\n|switch|p2b: Ursaluna|Ursaluna-Bloodmoon, L50, M|100\/100\n|-weather|Snow|[from] ability: Snow Warning|[of] p1a: Ninetales\n|-ability|p1b: Incineroar|Intimidate|boost\n|-unboost|p2a: Talonflame|atk|1\n|-unboost|p2b: Ursaluna|atk|1\n|turn|1\n|inactive|sailyors has 30 seconds left.\n|\n|t:|1732611446\n|move|p2b: Ursaluna|Protect|p2b: Ursaluna\n|-singleturn|p2b: Ursaluna|Protect\n|move|p1b: Incineroar|Fake Out|p2b: Ursaluna\n|-activate|p2b: Ursaluna|move: Protect\n|move|p2a: Talonflame|Tailwind|p2a: Talonflame\n|-sidestart|p2: Estarossa_152|move: Tailwind\n|move|p1a: Ninetales|Aurora Veil|p1a: Ninetales\n|-sidestart|p1: sailyors|move: Aurora Veil\n|\n|-weather|Snow|[upkeep]\n|upkeep\n|turn|2\n|j| WattoVGC\n|inactive|Estarossa_152 has 30 seconds left.\n|inactive|Estarossa_152 has 20 seconds left.\n|\n|t:|1732611484\n|-terastallize|p2b: Ursaluna|Normal\n|move|p1a: Ninetales|Protect|p1a: Ninetales\n|-singleturn|p1a: Ninetales|Protect\n|move|p2a: Talonflame|Flare Blitz|p1a: Ninetales\n|-activate|p1a: Ninetales|move: Protect\n|move|p2b: Ursaluna|Blood Moon|p1a: Ninetales\n|-activate|p1a: Ninetales|move: Protect\n|move|p1b: Incineroar|Snarl|p2a: Talonflame|[spread] p2a,p2b\n|-damage|p2a: Talonflame|85\/100\n|-damage|p2b: Ursaluna|88\/100\n|-unboost|p2b: Ursaluna|spa|1\n|\n|-weather|Snow|[upkeep]\n|upkeep\n|turn|3\n|inactive|sailyors has 30 seconds left.\n|\n|t:|1732611515\n|switch|p2b: Incineroar|Incineroar, L50, M, shiny|100\/100\n|-ability|p2b: Incineroar|Intimidate|boost\n|-unboost|p1a: Ninetales|atk|1\n|-unboost|p1b: Incineroar|atk|1\n|move|p2a: Talonflame|Flare Blitz|p1a: Ninetales\n|-supereffective|p1a: Ninetales\n|-damage|p1a: Ninetales|60\/100\n|-damage|p2a: Talonflame|72\/100|[from] Recoil\n|move|p1a: Ninetales|Blizzard|p2b: Incineroar|[spread] p2a,p2b\n|-resisted|p2b: Incineroar\n|-damage|p2a: Talonflame|23\/100\n|-damage|p2b: Incineroar|88\/100\n|move|p1b: Incineroar|U-turn|p2a: Talonflame\n|-resisted|p2a: Talonflame\n|-damage|p2a: Talonflame|17\/100\n|j| I_Give_No_Golducks\n|\n|t:|1732611527\n|switch|p1b: Sinistcha|Sinistcha, L50|100\/100|[from] U-turn\n|-heal|p1a: Ninetales|85\/100|[from] ability: Hospitality|[of] p1b: Sinistcha\n|\n|-weather|Snow|[upkeep]\n|upkeep\n|turn|4\n|inactive|Estarossa_152 has 30 seconds left.\n|inactive|Estarossa_152 has 20 seconds left.\n|inactive|Estarossa_152 has 15 seconds left.\n|inactive|Estarossa_152 has 10 seconds left.\n|\n|t:|1732611575\n|switch|p1b: Incineroar|Incineroar, L50, M|100\/100\n|-ability|p1b: Incineroar|Intimidate|boost\n|-unboost|p2a: Talonflame|atk|1\n|-unboost|p2b: Incineroar|atk|1\n|move|p1a: Ninetales|Protect|p1a: Ninetales\n|-singleturn|p1a: Ninetales|Protect\n|move|p2a: Talonflame|Flare Blitz|p1a: Ninetales\n|-activate|p1a: Ninetales|move: Protect\n|move|p2b: Incineroar|Flare Blitz|p1a: Ninetales\n|-activate|p1a: Ninetales|move: Protect\n|\n|-weather|Snow|[upkeep]\n|-sideend|p2: Estarossa_152|move: Tailwind\n|upkeep\n|turn|5\n|\n|t:|1732611590\n|switch|p1a: Annihilape|Annihilape, L50, M|100\/100\n|move|p2a: Talonflame|Tailwind|p2a: Talonflame\n|-sidestart|p2: Estarossa_152|move: Tailwind\n|move|p2b: Incineroar|Parting Shot|p1a: Annihilape\n|-unboost|p1a: Annihilape|atk|1\n|-ability|p1a: Annihilape|Defiant|boost\n|-boost|p1a: Annihilape|atk|2\n|-unboost|p1a: Annihilape|spa|1\n|-ability|p1a: Annihilape|Defiant|boost\n|-boost|p1a: Annihilape|atk|2\n|\n|t:|1732611601\n|switch|p2b: Ursaluna|Ursaluna-Bloodmoon, L50, M, tera:Normal|88\/100|[from] Parting Shot\n|move|p1b: Incineroar|Snarl|p2b: Ursaluna|[spread] p2a,p2b\n|-damage|p2a: Talonflame|1\/100\n|-damage|p2b: Ursaluna|75\/100\n|-unboost|p2b: Ursaluna|spa|1\n|\n|-weather|none\n|upkeep\n|turn|6\n|\n|t:|1732611617\n|move|p1a: Annihilape|Protect|p1a: Annihilape\n|-singleturn|p1a: Annihilape|Protect\n|move|p2a: Talonflame|Will-O-Wisp|p1a: Annihilape\n|-activate|p1a: Annihilape|move: Protect\n|move|p2b: Ursaluna|Blood Moon|p1a: Annihilape\n|-activate|p1a: Annihilape|move: Protect\n|move|p1b: Incineroar|U-turn|p2a: Talonflame\n|-resisted|p2a: Talonflame\n|-damage|p2a: Talonflame|0 fnt\n|faint|p2a: Talonflame\n|\n|t:|1732611628\n|switch|p1b: Ninetales|Ninetales-Alola, L50, F|85\/100|[from] U-turn\n|-weather|Snow|[from] ability: Snow Warning|[of] p1b: Ninetales\n|\n|-weather|Snow|[upkeep]\n|upkeep\n|inactive|Estarossa_152 has 30 seconds left.\n|l| ThePowerOfPasta\n|inactive|Estarossa_152 has 20 seconds left.\n|inactive|Estarossa_152 has 15 seconds left.\n|inactive|Estarossa_152 has 10 seconds left.\n|inactive|Estarossa_152 has 5 seconds left.\n|\n|t:|1732611683\n|switch|p2a: Incineroar|Incineroar, L50, M, shiny|88\/100\n|-ability|p2a: Incineroar|Intimidate|boost\n|-unboost|p1a: Annihilape|atk|1\n|-ability|p1a: Annihilape|Defiant|boost\n|-boost|p1a: Annihilape|atk|2\n|-unboost|p1b: Ninetales|atk|1\n|turn|7\n|inactive|Estarossa_152 has 30 seconds left.\n|inactive|Estarossa_152 has 20 seconds left.\n|inactive|Estarossa_152 has 15 seconds left.\n|inactive|Estarossa_152 has 10 seconds left.\n|inactive|Estarossa_152 has 5 seconds left.\n|\n|t:|1732611738\n|switch|p1b: Incineroar|Incineroar, L50, M|100\/100\n|-ability|p1b: Incineroar|Intimidate|boost\n|-unboost|p2a: Incineroar|atk|1\n|-unboost|p2b: Ursaluna|atk|1\n|move|p2b: Ursaluna|Hyper Voice|p1a: Annihilape|[spread] p1a,p1b\n|-damage|p1a: Annihilape|74\/100\n|-damage|p1b: Incineroar|87\/100\n|-damage|p2b: Ursaluna|65\/100|[from] item: Life Orb\n|move|p2a: Incineroar|Flare Blitz|p1a: Annihilape\n|-damage|p1a: Annihilape|51\/100\n|-status|p1a: Annihilape|brn\n|-damage|p2a: Incineroar|80\/100|[from] Recoil\n|move|p1a: Annihilape|Drain Punch|p2b: Ursaluna\n|-supereffective|p2b: Ursaluna\n|-damage|p2b: Ursaluna|0 fnt\n|-heal|p1a: Annihilape|81\/100 brn|[from] drain|[of] p2b: Ursaluna\n|faint|p2b: Ursaluna\n|\n|-weather|Snow|[upkeep]\n|-heal|p1a: Annihilape|86\/100 brn|[from] item: Leftovers\n|-damage|p1a: Annihilape|81\/100 brn|[from] brn\n|upkeep\n|inactive|Estarossa_152 has 30 seconds left.\n|inactive|Estarossa_152 has 20 seconds left.\n|inactive|Estarossa_152 has 15 seconds left.\n|inactive|Estarossa_152 has 10 seconds left.\n|inactive|Estarossa_152 has 5 seconds left.\n|\n|t:|1732611793\n|switch|p2b: Dragonite|Dragonite, L50, M, shiny|100\/100\n|turn|8\n|inactive|Estarossa_152 has 30 seconds left.\n|inactive|Estarossa_152 has 20 seconds left.\n|inactive|Estarossa_152 has 15 seconds left.\n|inactive|Estarossa_152 has 10 seconds left.\n|inactive|Estarossa_152 has 5 seconds left.\n|\n|t:|1732611848\n|move|p1b: Incineroar|Fake Out|p2b: Dragonite\n|-damage|p2b: Dragonite|95\/100\n|cant|p2b: Dragonite|flinch\n|move|p2a: Incineroar|Flare Blitz|p1a: Annihilape\n|-damage|p1a: Annihilape|57\/100 brn\n|-damage|p2a: Incineroar|72\/100|[from] Recoil\n|move|p1a: Annihilape|Drain Punch|p2a: Incineroar\n|-supereffective|p2a: Incineroar\n|-damage|p2a: Incineroar|0 fnt\n|-heal|p1a: Annihilape|92\/100 brn|[from] drain|[of] p2a: Incineroar\n|faint|p2a: Incineroar\n|\n|-weather|Snow|[upkeep]\n|-heal|p1a: Annihilape|98\/100 brn|[from] item: Leftovers\n|-damage|p1a: Annihilape|92\/100 brn|[from] brn\n|-sideend|p2: Estarossa_152|move: Tailwind\n|-sideend|p1: sailyors|move: Aurora Veil\n|upkeep\n|turn|9\n|inactive|Estarossa_152 has 30 seconds left.\n|inactive|Estarossa_152 has 20 seconds left.\n|inactive|Estarossa_152 has 15 seconds left.\n|inactive|Estarossa_152 has 10 seconds left.\n|inactive|Estarossa_152 has 5 seconds left.\n|\n|t:|1732611903\n|move|p2b: Dragonite|Scale Shot|p1b: Incineroar\n|-crit|p1b: Incineroar\n|-damage|p1b: Incineroar|68\/100\n|-damage|p1b: Incineroar|54\/100\n|-damage|p1b: Incineroar|41\/100\n|-damage|p1b: Incineroar|27\/100\n|-hitcount|p1b: Incineroar|4\n|-unboost|p2b: Dragonite|def|1\n|-boost|p2b: Dragonite|spe|1\n|move|p1a: Annihilape|Rage Fist|p2b: Dragonite\n|-damage|p2b: Dragonite|0 fnt\n|faint|p2b: Dragonite\n|\n|win|sailyors\n|inactive|Estarossa_152 has 10 seconds left this turn.\n|raw|sailyors's rating: 1679 &rarr; <strong>1701<\/strong><br \/>(+22 for winning)\n|raw|Estarossa_152's rating: 1713 &rarr; <strong>1691<\/strong><br \/>(-22 for losing)\n|l| I_Give_No_Golducks\n|l|\u2606sailyors\n|player|p1|\n","uploadtime":1732612254,"views":7,"formatid":"gen9vgc2024regh","rating":1691,"private":0,"password":null}