{"id":"gen9vgc2024regh-2251238347","format":"[Gen 9] VGC 2024 Reg H","players":["testy accounty 2","newkl"],"log":"|j|\u2606testy accounty 2\n|j|\u2606newkl\n|t:|1732597580\n|gametype|doubles\n|player|p1|testy accounty 2|265|1706\n|player|p2|newkl|lucas|1727\n|teamsize|p1|6\n|teamsize|p2|6\n|gen|9\n|tier|[Gen 9] VGC 2024 Reg H\n|rated|\n|rule|Species Clause: Limit one of each Pok\u00e9mon\n|rule|Item Clause: Limit 1 of each item\n|clearpoke\n|poke|p1|Pelipper, L50, F|\n|poke|p1|Archaludon, L50, F|\n|poke|p1|Sneasler, L50, F|\n|poke|p1|Dragonite, L50, M|\n|poke|p1|Basculegion, L50, M|\n|poke|p1|Rillaboom, L50, M|\n|poke|p2|Sneasler, L50, M|\n|poke|p2|Dondozo, L50, M|\n|poke|p2|Rillaboom, L50, F|\n|poke|p2|Dragapult, L50, F|\n|poke|p2|Volcarona, L50, F|\n|poke|p2|Electabuzz, L50, F|\n|teampreview|4\n|j| plplk\n|l| plplk\n|\n|t:|1732597645\n|start\n|switch|p1a: Hephetus|Archaludon, L50, F|100\/100\n|switch|p1b: Thanotos|Basculegion, L50, M|100\/100\n|switch|p2a: Dondozo|Dondozo, L50, M|100\/100\n|switch|p2b: Dragapult|Dragapult, L50, F|100\/100\n|turn|1\n|\n|t:|1732597670\n|-terastallize|p2b: Dragapult|Dragon\n|move|p2b: Dragapult|Outrage|p1a: Hephetus\n|-damage|p1a: Hephetus|19\/100\n|-ability|p1a: Hephetus|Stamina|boost\n|-boost|p1a: Hephetus|def|1\n|move|p1b: Thanotos|Flip Turn|p2b: Dragapult\n|-resisted|p2b: Dragapult\n|-damage|p2b: Dragapult|72\/100\n|\n|t:|1732597681\n|switch|p1b: Posiden|Pelipper, L50, F|100\/100|[from] Flip Turn\n|-weather|RainDance|[from] ability: Drizzle|[of] p1b: Posiden\n|move|p1a: Hephetus|Electro Shot||[still]\n|-prepare|p1a: Hephetus|Electro Shot\n|-boost|p1a: Hephetus|spa|1\n|-anim|p1a: Hephetus|Electro Shot|p2b: Dragapult\n|-resisted|p2b: Dragapult\n|-damage|p2b: Dragapult|24\/100\n|move|p2a: Dondozo|Yawn|p1a: Hephetus\n|-start|p1a: Hephetus|move: Yawn|[of] p2a: Dondozo\n|\n|-weather|RainDance|[upkeep]\n|upkeep\n|turn|2\n|j| GameLurker69\n|\n|t:|1732597710\n|move|p2b: Dragapult|Outrage|p1a: Hephetus|[from]lockedmove\n|-damage|p1a: Hephetus|0 fnt\n|faint|p1a: Hephetus\n|move|p1b: Posiden|Hurricane|p2b: Dragapult\n|-damage|p2b: Dragapult|0 fnt\n|faint|p2b: Dragapult\n|move|p2a: Dondozo|Yawn|p1b: Posiden\n|-start|p1b: Posiden|move: Yawn|[of] p2a: Dondozo\n|\n|-weather|RainDance|[upkeep]\n|upkeep\n|\n|t:|1732597722\n|switch|p2b: Electabuzz|Electabuzz, L50, F|100\/100\n|switch|p1a: Thanotos|Basculegion, L50, M|100\/100\n|turn|3\n|\n|t:|1732597737\n|switch|p1b: Kratos|Dragonite, L50, M, shiny|100\/100\n|move|p2b: Electabuzz|Protect|p2b: Electabuzz\n|-singleturn|p2b: Electabuzz|Protect\n|move|p1a: Thanotos|Flip Turn|p2b: Electabuzz\n|-activate|p2b: Electabuzz|move: Protect\n|move|p2a: Dondozo|Yawn|p1a: Thanotos\n|-start|p1a: Thanotos|move: Yawn|[of] p2a: Dondozo\n|\n|-weather|RainDance|[upkeep]\n|upkeep\n|turn|4\n|\n|t:|1732597750\n|move|p1a: Thanotos|Flip Turn|p2b: Electabuzz\n|-damage|p2b: Electabuzz|56\/100\n|\n|t:|1732597754\n|switch|p1a: Posiden|Pelipper, L50, F|100\/100|[from] Flip Turn\n|move|p1b: Kratos|Stomping Tantrum|p2b: Electabuzz\n|-supereffective|p2b: Electabuzz\n|-damage|p2b: Electabuzz|14\/100\n|move|p2b: Electabuzz|Thunderbolt|p1a: Posiden\n|-supereffective|p1a: Posiden\n|-enditem|p1a: Posiden|Focus Sash\n|-damage|p1a: Posiden|1\/100\n|move|p2a: Dondozo|Yawn|p1b: Kratos\n|-start|p1b: Kratos|move: Yawn|[of] p2a: Dondozo\n|\n|-weather|RainDance|[upkeep]\n|upkeep\n|turn|5\n|\n|t:|1732597791\n|move|p1b: Kratos|Stomping Tantrum|p2b: Electabuzz\n|-supereffective|p2b: Electabuzz\n|-damage|p2b: Electabuzz|0 fnt\n|faint|p2b: Electabuzz\n|move|p1a: Posiden|Hurricane|p2a: Dondozo\n|-damage|p2a: Dondozo|68\/100\n|move|p2a: Dondozo|Yawn||[still]\n|-fail|p2a: Dondozo\n|\n|-weather|none\n|-heal|p2a: Dondozo|74\/100|[from] item: Leftovers\n|-end|p1b: Kratos|move: Yawn|[silent]\n|-status|p1b: Kratos|slp\n|-enditem|p1b: Kratos|Lum Berry|[eat]\n|-curestatus|p1b: Kratos|slp|[msg]\n|upkeep\n|\n|t:|1732597806\n|switch|p2b: Sneasler|Sneasler, L50, M|100\/100\n|turn|6\n|\n|t:|1732597828\n|move|p2b: Sneasler|Fake Out|p1b: Kratos\n|-damage|p1b: Kratos|93\/100\n|cant|p1b: Kratos|flinch\n|move|p1a: Posiden|Hurricane|p2b: Sneasler\n|-supereffective|p2b: Sneasler\n|-enditem|p2b: Sneasler|Focus Sash\n|-damage|p2b: Sneasler|1\/100\n|move|p2a: Dondozo|Wave Crash|p1a: Posiden\n|-resisted|p1a: Posiden\n|-damage|p1a: Posiden|0 fnt\n|faint|p1a: Posiden\n|-damage|p2a: Dondozo|74\/100|[from] Recoil\n|\n|-heal|p2a: Dondozo|80\/100|[from] item: Leftovers\n|upkeep\n|\n|t:|1732597836\n|switch|p1a: Thanotos|Basculegion, L50, M|100\/100\n|turn|7\n|\n|t:|1732597852\n|move|p2b: Sneasler|Protect|p2b: Sneasler\n|-singleturn|p2b: Sneasler|Protect\n|move|p1b: Kratos|Extreme Speed|p2b: Sneasler\n|-activate|p2b: Sneasler|move: Protect\n|move|p1a: Thanotos|Last Respects|p2a: Dondozo\n|-damage|p2a: Dondozo|22\/100\n|move|p2a: Dondozo|Yawn|p1a: Thanotos\n|-start|p1a: Thanotos|move: Yawn|[of] p2a: Dondozo\n|\n|-heal|p2a: Dondozo|28\/100|[from] item: Leftovers\n|upkeep\n|turn|8\n|-message|newkl forfeited.\n|\n|win|testy accounty 2\n|raw|testy accounty 2's rating: 1706 &rarr; <strong>1727<\/strong><br \/>(+21 for winning)\n|raw|newkl's rating: 1727 &rarr; <strong>1706<\/strong><br \/>(-21 for losing)\n|l|\u2606newkl\n|player|p2|\n|l| GameLurker69\n","uploadtime":1732598091,"views":10,"formatid":"gen9vgc2024regh","rating":1706,"private":0,"password":null}