{"id":"gen9vgc2024regh-2251514888","format":"[Gen 9] VGC 2024 Reg H","players":["Sazandoramx","Bjorn1425"],"log":"|j|\u2606Sazandoramx\n|j|\u2606Bjorn1425\n|t:|1732637658\n|gametype|doubles\n|player|p1|Sazandoramx|266|1654\n|player|p2|Bjorn1425|170|1774\n|teamsize|p1|6\n|teamsize|p2|6\n|gen|9\n|tier|[Gen 9] VGC 2024 Reg H\n|rated|\n|rule|Species Clause: Limit one of each Pok\u00e9mon\n|rule|Item Clause: Limit 1 of each item\n|clearpoke\n|poke|p1|Hydreigon, L50, F|\n|poke|p1|Whimsicott, L50, F|\n|poke|p1|Annihilape, L50, F|\n|poke|p1|Ursaluna-Bloodmoon, L50, M|\n|poke|p1|Gholdengo, L50|\n|poke|p1|Volcarona, L50, M|\n|poke|p2|Gholdengo, L50|\n|poke|p2|Incineroar, L50, M|\n|poke|p2|Sneasler, L50, F|\n|poke|p2|Dragonite, L50, M|\n|poke|p2|Amoonguss, L50, M|\n|poke|p2|Ursaluna-Bloodmoon, L50, M|\n|teampreview|4\n|inactive|Battle timer is ON: inactive players will automatically lose when time's up. (requested by Bjorn1425)\n|inactive|Sazandoramx has 60 seconds left.\n|l|\u2606Bjorn1425\n|inactive|Bjorn1425 disconnected and has a minute to reconnect!\n|player|p2|\n|inactive|Sazandoramx has 30 seconds left.\n|\n|t:|1732637749\n|start\n|switch|p1a: Annihilape|Annihilape, L50, F|100\/100\n|switch|p1b: Volcarona|Volcarona, L50, M|100\/100\n|switch|p2a: Dragonite|Dragonite, L50, M, shiny|100\/100\n|switch|p2b: Sneasler|Sneasler, L50, F, shiny|100\/100\n|turn|1\n|inactive|Sazandoramx has 30 seconds left.\n|inactive|Bjorn1425 has 30 seconds left.\n|j|\u2606Bjorn1425\n|inactive|Bjorn1425 reconnected and has 25 seconds left.\n|player|p2|Bjorn1425|170|\n|inactive|Sazandoramx has 20 seconds left.\n|inactive|Bjorn1425 has 20 seconds left.\n|\n|t:|1732637789\n|switch|p2a: Gholdengo|Gholdengo, L50|100\/100\n|move|p2b: Sneasler|Dire Claw|p1b: Volcarona\n|-damage|p1b: Volcarona|59\/100\n|-status|p1b: Volcarona|slp\n|move|p1a: Annihilape|Final Gambit|p2a: Gholdengo\n|-immune|p2a: Gholdengo\n|cant|p1b: Volcarona|slp\n|\n|upkeep\n|turn|2\n|inactive|Sazandoramx has 30 seconds left.\n|\n|t:|1732637822\n|move|p2b: Sneasler|Dire Claw|p1a: Annihilape\n|-resisted|p1a: Annihilape\n|-damage|p1a: Annihilape|79\/100\n|move|p1a: Annihilape|U-turn|p2b: Sneasler\n|-resisted|p2b: Sneasler\n|-damage|p2b: Sneasler|92\/100\n|\n|t:|1732637834\n|switch|p1a: Hydreigon|Hydreigon, L50, F|100\/100|[from] U-turn\n|move|p2a: Gholdengo|Nasty Plot|p2a: Gholdengo\n|-boost|p2a: Gholdengo|spa|2\n|cant|p1b: Volcarona|slp\n|\n|upkeep\n|turn|3\n|inactive|Sazandoramx has 30 seconds left.\n|\n|t:|1732637868\n|-terastallize|p1a: Hydreigon|Fire\n|-terastallize|p2a: Gholdengo|Water\n|move|p2b: Sneasler|Dire Claw|p1b: Volcarona\n|-damage|p1b: Volcarona|19\/100 slp\n|-status|p2b: Sneasler|brn|[from] ability: Flame Body|[of] p1b: Volcarona\n|-enditem|p1b: Volcarona|Sitrus Berry|[eat]\n|-heal|p1b: Volcarona|44\/100 slp|[from] item: Sitrus Berry\n|move|p1a: Hydreigon|Heat Wave|p2a: Gholdengo|[spread] p2a,p2b\n|-resisted|p2a: Gholdengo\n|-damage|p2a: Gholdengo|69\/100\n|-damage|p2b: Sneasler|21\/100 brn\n|-status|p2a: Gholdengo|brn\n|move|p2a: Gholdengo|Make It Rain|p1a: Hydreigon|[spread] p1a,p1b\n|-resisted|p1a: Hydreigon\n|-resisted|p1b: Volcarona\n|-damage|p1a: Hydreigon|30\/100\n|-damage|p1b: Volcarona|0 fnt\n|-unboost|p2a: Gholdengo|spa|1\n|faint|p1b: Volcarona\n|-damage|p2a: Gholdengo|59\/100 brn|[from] item: Life Orb\n|\n|-damage|p2b: Sneasler|15\/100 brn|[from] brn\n|-damage|p2a: Gholdengo|53\/100 brn|[from] brn\n|upkeep\n|inactive|Sazandoramx has 30 seconds left.\n|\n|t:|1732637894\n|switch|p1b: Annihilape|Annihilape, L50, F|79\/100\n|turn|4\n|inactive|Sazandoramx has 30 seconds left.\n|\n|t:|1732637924\n|switch|p1a: Gholdengo|Gholdengo, L50|100\/100\n|move|p2b: Sneasler|Dire Claw|p1b: Annihilape\n|-resisted|p1b: Annihilape\n|-crit|p1b: Annihilape\n|-damage|p1b: Annihilape|63\/100\n|-status|p1b: Annihilape|psn\n|move|p1b: Annihilape|Close Combat|p2a: Gholdengo\n|-damage|p2a: Gholdengo|0 fnt\n|-unboost|p1b: Annihilape|def|1\n|-unboost|p1b: Annihilape|spd|1\n|faint|p2a: Gholdengo\n|\n|-damage|p1b: Annihilape|50\/100 psn|[from] psn\n|-damage|p2b: Sneasler|9\/100 brn|[from] brn\n|upkeep\n|\n|t:|1732637939\n|switch|p2a: Dragonite|Dragonite, L50, M, shiny|100\/100\n|turn|5\n|\n|t:|1732637958\n|move|p2b: Sneasler|Dire Claw|p1b: Annihilape\n|-resisted|p1b: Annihilape\n|-damage|p1b: Annihilape|35\/100 psn\n|move|p1b: Annihilape|Rage Fist|p2a: Dragonite\n|-damage|p2a: Dragonite|52\/100\n|move|p1a: Gholdengo|Make It Rain|p2a: Dragonite|[spread] p2a,p2b\n|-damage|p2a: Dragonite|0 fnt\n|-damage|p2b: Sneasler|0 fnt\n|-unboost|p1a: Gholdengo|spa|1\n|faint|p2a: Dragonite\n|faint|p2b: Sneasler\n|-damage|p1a: Gholdengo|91\/100|[from] item: Life Orb\n|\n|-damage|p1b: Annihilape|22\/100 psn|[from] psn\n|upkeep\n|l|\u2606Bjorn1425\n|inactive|Bjorn1425 disconnected and has a minute to reconnect!\n|player|p2|\n|j| ChilledLotusA\n|inactive|Bjorn1425 has 30 seconds left.\n|inactive|Bjorn1425 has 20 seconds left.\n|inactive|Bjorn1425 has 15 seconds left.\n|inactive|Bjorn1425 has 10 seconds left.\n|inactive|Bjorn1425 has 5 seconds left.\n|-message|Bjorn1425 lost due to inactivity.\n|\n|win|Sazandoramx\n|raw|Sazandoramx's rating: 1654 &rarr; <strong>1681<\/strong><br \/>(+27 for winning)\n|raw|Bjorn1425's rating: 1774 &rarr; <strong>1747<\/strong><br \/>(-27 for losing)\n|l|\u2606Sazandoramx\n|player|p1|\n|l| ChilledLotusA\n","uploadtime":1732638032,"views":47,"formatid":"gen9vgc2024regh","rating":1681,"private":0,"password":null}