{"id":"gen9vgc2024regh-2251645769","format":"[Gen 9] VGC 2024 Reg H","players":["Ratrap","CarryTheBoats"],"log":"|j|\u2606Ratrap\n|j|\u2606CarryTheBoats\n|t:|1732650205\n|gametype|doubles\n|player|p1|Ratrap|elesa|1679\n|player|p2|CarryTheBoats|crasherwake|1770\n|teamsize|p1|6\n|teamsize|p2|6\n|gen|9\n|tier|[Gen 9] VGC 2024 Reg H\n|rated|\n|rule|Species Clause: Limit one of each Pok\u00e9mon\n|rule|Item Clause: Limit 1 of each item\n|clearpoke\n|poke|p1|Garganacl, L50, M|\n|poke|p1|Dondozo, L50, M|\n|poke|p1|Sneasler, L50, F|\n|poke|p1|Gholdengo, L50|\n|poke|p1|Ninetales-Alola, L50, F|\n|poke|p1|Incineroar, L50, F|\n|poke|p2|Archaludon, L50, F|\n|poke|p2|Pelipper, L50, M|\n|poke|p2|Amoonguss, L50, F|\n|poke|p2|Incineroar, L50, M|\n|poke|p2|Basculegion, L50, M|\n|poke|p2|Dragonite, L50, M|\n|teampreview|4\n|inactive|Battle timer is ON: inactive players will automatically lose when time's up. (requested by Ratrap)\nRatrap rejected open team sheets.\n|inactive|CarryTheBoats has 60 seconds left.\n|\n|t:|1732650249\n|start\n|switch|p1a: Gholdengo|Gholdengo, L50|100\/100\n|switch|p1b: Garganacl|Garganacl, L50, M|100\/100\n|switch|p2a: Incineroar|Incineroar, L50, M, shiny|100\/100\n|switch|p2b: Dragonite|Dragonite, L50, M|100\/100\n|-ability|p2a: Incineroar|Intimidate|boost\n|-unboost|p1a: Gholdengo|atk|1\n|-unboost|p1b: Garganacl|atk|1\n|turn|1\n|inactive|Ratrap has 30 seconds left.\n|inactive|Ratrap has 20 seconds left.\n|inactive|CarryTheBoats has 30 seconds left.\n|\n|t:|1732650287\n|move|p1a: Gholdengo|Power Gem|p2a: Incineroar\n|-supereffective|p2a: Incineroar\n|-damage|p2a: Incineroar|54\/100\n|move|p2b: Dragonite|Scale Shot|p1b: Garganacl|[miss]\n|-miss|p2b: Dragonite|p1b: Garganacl\n|move|p2a: Incineroar|Knock Off|p1b: Garganacl\n|-damage|p1b: Garganacl|67\/100\n|-enditem|p1b: Garganacl|Maranga Berry|[from] move: Knock Off|[of] p2a: Incineroar\n|move|p1b: Garganacl|Salt Cure|p2b: Dragonite\n|-supereffective|p2b: Dragonite\n|-damage|p2b: Dragonite|90\/100\n|-start|p2b: Dragonite|Salt Cure\n|\n|-damage|p2b: Dragonite|78\/100|[from] Salt Cure\n|upkeep\n|turn|2\n|\n|t:|1732650299\n|switch|p2a: Archaludon|Archaludon, L50, F, shiny|100\/100\n|move|p1a: Gholdengo|Power Gem|p2b: Dragonite\n|-supereffective|p2b: Dragonite\n|-damage|p2b: Dragonite|20\/100\n|move|p2b: Dragonite|Scale Shot|p2a: Archaludon\n|-damage|p2a: Archaludon|91\/100\n|-ability|p2a: Archaludon|Stamina|boost\n|-boost|p2a: Archaludon|def|1\n|-damage|p2a: Archaludon|83\/100\n|-ability|p2a: Archaludon|Stamina|boost\n|-boost|p2a: Archaludon|def|1\n|-damage|p2a: Archaludon|78\/100\n|-ability|p2a: Archaludon|Stamina|boost\n|-boost|p2a: Archaludon|def|1\n|-damage|p2a: Archaludon|74\/100\n|-ability|p2a: Archaludon|Stamina|boost\n|-boost|p2a: Archaludon|def|1\n|-hitcount|p2a: Archaludon|4\n|-unboost|p2b: Dragonite|def|1\n|-boost|p2b: Dragonite|spe|1\n|move|p1b: Garganacl|Stealth Rock|p2a: Archaludon\n|-sidestart|p2: CarryTheBoats|move: Stealth Rock\n|\n|-damage|p2b: Dragonite|8\/100|[from] Salt Cure\n|upkeep\n|turn|3\n|inactive|Ratrap has 30 seconds left.\n|inactive|CarryTheBoats has 30 seconds left.\n|\n|t:|1732650335\n|switch|p1a: Sneasler|Sneasler, L50, F|100\/100\n|-terastallize|p2a: Archaludon|Bug\n|move|p2b: Dragonite|Scale Shot|p1b: Garganacl\n|-damage|p1b: Garganacl|58\/100\n|-damage|p1b: Garganacl|48\/100\n|-damage|p1b: Garganacl|38\/100\n|-damage|p1b: Garganacl|29\/100\n|-damage|p1b: Garganacl|20\/100\n|-hitcount|p1b: Garganacl|5\n|-unboost|p2b: Dragonite|def|1\n|-boost|p2b: Dragonite|spe|1\n|move|p2a: Archaludon|Flash Cannon|p1b: Garganacl\n|-supereffective|p1b: Garganacl\n|-damage|p1b: Garganacl|0 fnt\n|faint|p1b: Garganacl\n|\n|-damage|p2b: Dragonite|0 fnt|[from] Salt Cure\n|faint|p2b: Dragonite\n|upkeep\n|\n|t:|1732650345\n|switch|p2b: Incineroar|Incineroar, L50, M, shiny|54\/100\n|switch|p1b: Ninetales|Ninetales-Alola, L50, F|100\/100\n|-weather|Snow|[from] ability: Snow Warning|[of] p1b: Ninetales\n|-damage|p2b: Incineroar|29\/100|[from] Stealth Rock\n|-ability|p2b: Incineroar|Intimidate|boost\n|-unboost|p1a: Sneasler|atk|1\n|-unboost|p1b: Ninetales|atk|1\n|turn|4\n|\n|t:|1732650356\n|switch|p1a: Gholdengo|Gholdengo, L50|100\/100\n|move|p2b: Incineroar|Fake Out|p1b: Ninetales\n|-damage|p1b: Ninetales|87\/100\n|cant|p1b: Ninetales|flinch\n|move|p2a: Archaludon|Flash Cannon|p1b: Ninetales\n|-supereffective|p1b: Ninetales\n|-damage|p1b: Ninetales|0 fnt\n|faint|p1b: Ninetales\n|\n|-weather|Snow|[upkeep]\n|upkeep\n|\n|t:|1732650361\n|switch|p1b: Sneasler|Sneasler, L50, F|100\/100\n|turn|5\n|\n|t:|1732650373\n|-terastallize|p1a: Gholdengo|Steel\n|move|p1a: Gholdengo|Make It Rain|p2a: Archaludon|[spread] p2a,p2b\n|-resisted|p2b: Incineroar\n|-damage|p2a: Archaludon|27\/100\n|-damage|p2b: Incineroar|0 fnt\n|-unboost|p1a: Gholdengo|spa|1\n|-ability|p2a: Archaludon|Stamina|boost\n|-boost|p2a: Archaludon|def|1\n|faint|p2b: Incineroar\n|move|p1b: Sneasler|Dire Claw|p2a: Archaludon\n|-damage|p2a: Archaludon|17\/100\n|-ability|p2a: Archaludon|Stamina|boost\n|-boost|p2a: Archaludon|def|1\n|move|p2a: Archaludon|Dragon Pulse|p1b: Sneasler\n|-damage|p1b: Sneasler|42\/100\n|\n|-weather|Snow|[upkeep]\n|upkeep\n|\n|t:|1732650378\n|switch|p2b: Pelipper|Pelipper, L50, M|100\/100\n|-damage|p2b: Pelipper|76\/100|[from] Stealth Rock\n|-weather|RainDance|[from] ability: Drizzle|[of] p2b: Pelipper\n|turn|6\n|\n|t:|1732650392\n|move|p2b: Pelipper|Protect|p2b: Pelipper\n|-singleturn|p2b: Pelipper|Protect\n|move|p1a: Gholdengo|Make It Rain|p2a: Archaludon|[spread] p2a\n|-activate|p2b: Pelipper|move: Protect\n|-damage|p2a: Archaludon|0 fnt\n|-unboost|p1a: Gholdengo|spa|1\n|faint|p2a: Archaludon\n|move|p1b: Sneasler|Dire Claw|p2b: Pelipper\n|-activate|p2b: Pelipper|move: Protect\n|\n|-weather|RainDance|[upkeep]\n|upkeep\n|turn|7\n|\n|t:|1732650399\n|move|p1a: Gholdengo|Make It Rain|p2b: Pelipper\n|-resisted|p2b: Pelipper\n|-damage|p2b: Pelipper|42\/100\n|-unboost|p1a: Gholdengo|spa|1\n|move|p1b: Sneasler|Dire Claw|p2b: Pelipper\n|-damage|p2b: Pelipper|0 fnt\n|faint|p2b: Pelipper\n|\n|win|Ratrap\n|raw|Ratrap's rating: 1679 &rarr; <strong>1704<\/strong><br \/>(+25 for winning)\n|raw|CarryTheBoats's rating: 1770 &rarr; <strong>1745<\/strong><br \/>(-25 for losing)\n|l|\u2606CarryTheBoats\n|player|p2|\n","uploadtime":1732650651,"views":322,"formatid":"gen9vgc2024regh","rating":1704,"private":0,"password":null}