{"id":"gen9vgc2024regh-2251821548","format":"[Gen 9] VGC 2024 Reg H","players":["KaeDeeeeee","sleeppowderisdumb"],"log":"|j|\u2606KaeDeeeeee\n|j|\u2606sleeppowderisdumb\n|t:|1732669686\n|gametype|doubles\n|player|p1|KaeDeeeeee|gardenia|1753\n|player|p2|sleeppowderisdumb|ingo|1717\n|teamsize|p1|6\n|teamsize|p2|6\n|gen|9\n|tier|[Gen 9] VGC 2024 Reg H\n|rated|\n|rule|Species Clause: Limit one of each Pok\u00e9mon\n|rule|Item Clause: Limit 1 of each item\n|clearpoke\n|poke|p1|Dondozo, L50, M|\n|poke|p1|Tatsugiri, L50, F|\n|poke|p1|Pelipper, L50, M|\n|poke|p1|Basculegion, L50, M|\n|poke|p1|Breloom, L50, M|\n|poke|p1|Gholdengo, L50|\n|poke|p2|Talonflame, L50, M|\n|poke|p2|Indeedee, L50, M|\n|poke|p2|Sneasler, L50, F|\n|poke|p2|Gholdengo, L50|\n|poke|p2|Primarina, L50, M|\n|poke|p2|Electabuzz, L50, F|\n|teampreview|4\n|inactive|Battle timer is ON: inactive players will automatically lose when time's up. (requested by sleeppowderisdumb)\n|inactive|KaeDeeeeee has 60 seconds left.\n|inactive|sleeppowderisdumb has 60 seconds left.\n|\n|t:|1732669725\n|start\n|switch|p1a: Dondozo|Dondozo, L50, M|100\/100\n|switch|p1b: Pelipper|Pelipper, L50, M|100\/100\n|switch|p2a: Indeedee|Indeedee, L50, M|100\/100\n|switch|p2b: Sneasler|Sneasler, L50, F|100\/100\n|-fieldstart|move: Psychic Terrain|[from] ability: Psychic Surge|[of] p2a: Indeedee\n|-enditem|p2b: Sneasler|Psychic Seed\n|-boost|p2b: Sneasler|spd|1|[from] item: Psychic Seed\n|-weather|RainDance|[from] ability: Drizzle|[of] p1b: Pelipper\n|turn|1\n|inactive|KaeDeeeeee has 30 seconds left.\n|\n|t:|1732669756\n|switch|p1b: Tatsugiri|Tatsugiri, L50, F|100\/100\n|-activate|p1b: Tatsugiri|ability: Commander|[of] p1a: Dondozo\n|-boost|p1a: Dondozo|atk|2\n|-boost|p1a: Dondozo|spa|2\n|-boost|p1a: Dondozo|spe|2\n|-boost|p1a: Dondozo|def|2\n|-boost|p1a: Dondozo|spd|2\n|move|p2b: Sneasler|Dire Claw|p1a: Dondozo\n|-damage|p1a: Dondozo|85\/100\n|-status|p1a: Dondozo|psn\n|move|p1a: Dondozo|Surf|p2a: Indeedee|[spread] p2a,p2b\n|-miss|p1a: Dondozo|p1b: Tatsugiri\n|-enditem|p2a: Indeedee|Focus Sash\n|-damage|p2a: Indeedee|1\/100\n|-damage|p2b: Sneasler|0 fnt\n|faint|p2b: Sneasler\n|move|p2a: Indeedee|Expanding Force|p1b: Tatsugiri|[spread] p1a\n|-miss|p2a: Indeedee|p1b: Tatsugiri\n|-damage|p1a: Dondozo|55\/100 psn\n|\n|-weather|RainDance|[upkeep]\n|-damage|p1a: Dondozo|43\/100 psn|[from] psn\n|upkeep\n|\n|t:|1732669771\n|switch|p2b: Washed|Primarina, L50, M|100\/100\n|turn|2\n|inactive|sleeppowderisdumb has 30 seconds left.\n|\n|t:|1732669801\n|switch|p2a: Gholdengo|Gholdengo, L50|100\/100\n|move|p1a: Dondozo|Surf|p2b: Washed|[spread] p2a,p2b\n|-miss|p1a: Dondozo|p1b: Tatsugiri\n|-resisted|p2b: Washed\n|-damage|p2a: Gholdengo|0 fnt\n|-damage|p2b: Washed|45\/100\n|faint|p2a: Gholdengo\n|move|p2b: Washed|Haze|p2b: Washed\n|-clearallboost\n|\n|-weather|RainDance|[upkeep]\n|-damage|p1a: Dondozo|30\/100 psn|[from] psn\n|upkeep\n|\n|t:|1732669807\n|switch|p2a: Indeedee|Indeedee, L50, M|1\/100\n|turn|3\n|\n|t:|1732669817\n|move|p2a: Indeedee|Expanding Force|p1a: Dondozo|[spread] p1a\n|-miss|p2a: Indeedee|p1b: Tatsugiri\n|-damage|p1a: Dondozo|0 fnt\n|faint|p1a: Dondozo\n|move|p2b: Washed|Moonblast|p1b: Tatsugiri\n|-supereffective|p1b: Tatsugiri\n|-enditem|p1b: Tatsugiri|Focus Sash\n|-damage|p1b: Tatsugiri|1\/100\n|-unboost|p1b: Tatsugiri|spa|1\n|\n|-weather|RainDance|[upkeep]\n|upkeep\n|\n|t:|1732669831\n|switch|p1a: Basculegion|Basculegion, L50, M|100\/100\n|turn|4\n|inactive|KaeDeeeeee has 30 seconds left.\n|inactive|KaeDeeeeee has 20 seconds left.\n|inactive|KaeDeeeeee has 15 seconds left.\n|\n|t:|1732669875\n|move|p1a: Basculegion|Flip Turn|p2a: Indeedee\n|-damage|p2a: Indeedee|0 fnt\n|faint|p2a: Indeedee\n|\n|t:|1732669881\n|switch|p1a: Pelipper|Pelipper, L50, M|100\/100|[from] Flip Turn\n|move|p1b: Tatsugiri|Muddy Water|p2b: Washed\n|-resisted|p2b: Washed\n|-damage|p2b: Washed|24\/100\n|-unboost|p2b: Washed|accuracy|1\n|move|p2b: Washed|Hyper Voice|p1a: Pelipper|[spread] \n|-miss|p2b: Washed|p1a: Pelipper\n|-miss|p2b: Washed|p1b: Tatsugiri\n|\n|-weather|RainDance|[upkeep]\n|upkeep\n|turn|5\n|c|\u2606sleeppowderisdumb|thats crazy lol\n|\n|t:|1732669904\n|move|p1b: Tatsugiri|Muddy Water|p2b: Washed\n|-resisted|p2b: Washed\n|-damage|p2b: Washed|3\/100\n|move|p1a: Pelipper|Hurricane|p2b: Washed\n|-damage|p2b: Washed|0 fnt\n|faint|p2b: Washed\n|\n|win|KaeDeeeeee\n|raw|KaeDeeeeee's rating: 1753 &rarr; <strong>1771<\/strong><br \/>(+18 for winning)\n|raw|sleeppowderisdumb's rating: 1717 &rarr; <strong>1699<\/strong><br \/>(-18 for losing)\n|l|\u2606sleeppowderisdumb\n|player|p2|\n","uploadtime":1732670092,"views":8,"formatid":"gen9vgc2024regh","rating":1699,"private":0,"password":null}