{"id":"gen9vgc2024regh-2251139862","format":"[Gen 9] VGC 2024 Reg H","players":["Jmariowo","quinn2"],"log":"|j|\u2606Jmariowo\n|j|\u2606quinn2\n|t:|1732584276\n|gametype|doubles\n|player|p1|Jmariowo|iono|1739\n|player|p2|quinn2|266|1670\n|teamsize|p1|6\n|teamsize|p2|6\n|gen|9\n|tier|[Gen 9] VGC 2024 Reg H\n|rated|\n|rule|Species Clause: Limit one of each Pok\u00e9mon\n|rule|Item Clause: Limit 1 of each item\n|clearpoke\n|poke|p1|Incineroar, L50, F|\n|poke|p1|Pelipper, L50, F|\n|poke|p1|Archaludon, L50, M|\n|poke|p1|Ursaluna-Bloodmoon, L50, M|\n|poke|p1|Gallade, L50, M|\n|poke|p1|Sinistcha, L50|\n|poke|p2|Ursaluna-Bloodmoon, L50, M|\n|poke|p2|Rillaboom, L50, M|\n|poke|p2|Clefairy, L50, F|\n|poke|p2|Arcanine, L50, M|\n|poke|p2|Sneasler, L50, M|\n|poke|p2|Ceruledge, L50, F|\n|teampreview|4\n|\n|t:|1732584314\n|start\n|switch|p1a: Ursaluna|Ursaluna-Bloodmoon, L50, M|100\/100\n|switch|p1b: Gallade|Gallade, L50, M, shiny|100\/100\n|switch|p2a: Rillaboom|Rillaboom, L50, M|100\/100\n|switch|p2b: Arcanine|Arcanine, L50, M|100\/100\n|-ability|p2b: Arcanine|Intimidate|boost\n|-unboost|p1a: Ursaluna|atk|1\n|-unboost|p1b: Gallade|atk|1\n|-fieldstart|move: Grassy Terrain|[from] ability: Grassy Surge|[of] p2a: Rillaboom\n|turn|1\n|j| dsabsdfasd\n|inactive|Battle timer is ON: inactive players will automatically lose when time's up. (requested by quinn2)\n|inactive|Jmariowo has 60 seconds left.\n|\n|t:|1732584379\n|-terastallize|p1a: Ursaluna|Ghost\n|move|p2b: Arcanine|Will-O-Wisp|p1b: Gallade\n|-status|p1b: Gallade|brn\n|move|p2a: Rillaboom|Wood Hammer|p1a: Ursaluna\n|-damage|p1a: Ursaluna|50\/100\n|-damage|p2a: Rillaboom|81\/100|[from] Recoil\n|move|p1b: Gallade|Sacred Sword|p2a: Rillaboom\n|-damage|p2a: Rillaboom|61\/100\n|move|p1a: Ursaluna|Earth Power|p2b: Arcanine\n|-supereffective|p2b: Arcanine\n|-damage|p2b: Arcanine|0 fnt\n|faint|p2b: Arcanine\n|-damage|p1a: Ursaluna|40\/100|[from] item: Life Orb\n|\n|-heal|p2a: Rillaboom|67\/100|[from] Grassy Terrain\n|-heal|p1a: Ursaluna|45\/100|[from] Grassy Terrain\n|-damage|p1b: Gallade|95\/100 brn|[from] brn\n|upkeep\n|\n|t:|1732584399\n|switch|p2b: Ursaluna|Ursaluna-Bloodmoon, L50, M|100\/100\n|turn|2\n|\n|t:|1732584419\n|switch|p1a: Archaludon|Archaludon, L50, M|100\/100\n|move|p2a: Rillaboom|Wood Hammer|p1a: Archaludon\n|-resisted|p1a: Archaludon\n|-damage|p1a: Archaludon|88\/100\n|-ability|p1a: Archaludon|Stamina|boost\n|-boost|p1a: Archaludon|def|1\n|-damage|p2a: Rillaboom|63\/100|[from] Recoil\n|move|p1b: Gallade|Sacred Sword|p2b: Ursaluna\n|-supereffective|p2b: Ursaluna\n|-damage|p2b: Ursaluna|67\/100\n|move|p2b: Ursaluna|Calm Mind|p2b: Ursaluna\n|-boost|p2b: Ursaluna|spa|1\n|-boost|p2b: Ursaluna|spd|1\n|\n|-heal|p1a: Archaludon|94\/100|[from] Grassy Terrain\n|-heal|p2a: Rillaboom|69\/100|[from] Grassy Terrain\n|-heal|p1b: Gallade|100\/100 brn|[from] Grassy Terrain\n|-heal|p2b: Ursaluna|73\/100|[from] Grassy Terrain\n|-heal|p2b: Ursaluna|79\/100|[from] item: Leftovers\n|-damage|p1b: Gallade|95\/100 brn|[from] brn\n|upkeep\n|turn|3\n|inactive|Jmariowo has 30 seconds left.\n|\n|t:|1732584447\n|-terastallize|p2b: Ursaluna|Poison\n|move|p1a: Archaludon|Draco Meteor|p2b: Ursaluna\n|-damage|p2b: Ursaluna|36\/100\n|-unboost|p1a: Archaludon|spa|2\n|move|p2a: Rillaboom|Wood Hammer|p1b: Gallade\n|-damage|p1b: Gallade|0 fnt\n|faint|p1b: Gallade\n|-damage|p2a: Rillaboom|41\/100|[from] Recoil\n|-enditem|p2a: Rillaboom|Sitrus Berry|[eat]\n|-heal|p2a: Rillaboom|66\/100|[from] item: Sitrus Berry\n|move|p2b: Ursaluna|Earth Power|p1a: Archaludon\n|-supereffective|p1a: Archaludon\n|-damage|p1a: Archaludon|0 fnt\n|faint|p1a: Archaludon\n|\n|-heal|p2a: Rillaboom|72\/100|[from] Grassy Terrain\n|-heal|p2b: Ursaluna|42\/100|[from] Grassy Terrain\n|-heal|p2b: Ursaluna|49\/100|[from] item: Leftovers\n|upkeep\n|\n|t:|1732584455\n|switch|p1a: Pelipper|Pelipper, L50, F|100\/100\n|switch|p1b: Ursaluna|Ursaluna-Bloodmoon, L50, M, tera:Ghost|45\/100\n|-weather|RainDance|[from] ability: Drizzle|[of] p1a: Pelipper\n|turn|4\n|inactive|quinn2 has 30 seconds left.\n|inactive|quinn2 has 20 seconds left.\n|\n|t:|1732584491\n|move|p1a: Pelipper|Hurricane|p2a: Rillaboom\n|-supereffective|p2a: Rillaboom\n|-damage|p2a: Rillaboom|0 fnt\n|faint|p2a: Rillaboom\n|move|p2b: Ursaluna|Hyper Voice|p1b: Ursaluna|[spread] p1a,p1b\n|-enditem|p1a: Pelipper|Focus Sash\n|-damage|p1a: Pelipper|1\/100\n|-damage|p1b: Ursaluna|0 fnt\n|faint|p1b: Ursaluna\n|\n|-weather|RainDance|[upkeep]\n|-heal|p2b: Ursaluna|55\/100|[from] Grassy Terrain\n|-heal|p2b: Ursaluna|61\/100|[from] item: Leftovers\n|upkeep\n|\n|t:|1732584502\n|switch|p2a: Sneasler|Sneasler, L50, M|100\/100\n|turn|5\n|-message|Jmariowo forfeited.\n|\n|win|quinn2\n|raw|Jmariowo's rating: 1739 &rarr; <strong>1715<\/strong><br \/>(-24 for losing)\n|raw|quinn2's rating: 1670 &rarr; <strong>1694<\/strong><br \/>(+24 for winning)\n|l|\u2606Jmariowo\n|player|p1|\n|l|\u2606quinn2\n|player|p2|\n|l| dsabsdfasd\n","uploadtime":1732584656,"views":11,"formatid":"gen9vgc2024regh","rating":1694,"private":0,"password":null}