{"id":"gen9vgc2024regh-2251004199","format":"[Gen 9] VGC 2024 Reg H","players":["Tepig_nNz_498","Stempe"],"log":"|j|\u2606Tepig_nNz_498\n|j|\u2606Stempe\n|t:|1732568836\n|gametype|doubles\n|player|p1|Tepig_nNz_498|101|1787\n|player|p2|Stempe|2|1659\n|teamsize|p1|6\n|teamsize|p2|6\n|gen|9\n|tier|[Gen 9] VGC 2024 Reg H\n|rated|\n|rule|Species Clause: Limit one of each Pok\u00e9mon\n|rule|Item Clause: Limit 1 of each item\n|clearpoke\n|poke|p1|Typhlosion, L50, M|\n|poke|p1|Whimsicott, L50, M|\n|poke|p1|Torkoal, L50, M|\n|poke|p1|Ninetales, L50, F|\n|poke|p1|Scovillain, L50, M|\n|poke|p1|Magmortar, L50, M|\n|poke|p2|Dragapult, L50, M|\n|poke|p2|Annihilape, L50, M|\n|poke|p2|Whimsicott, L50, F|\n|poke|p2|Maushold-Four, L50|\n|poke|p2|Typhlosion-Hisui, L50, F|\n|poke|p2|Hydreigon, L50, M|\n|teampreview|4\n|\n|t:|1732568858\n|start\n|switch|p1a: Whimsicott|Whimsicott, L50, M|100\/100\n|switch|p1b: Ninetales|Ninetales, L50, F|100\/100\n|switch|p2a: Whimsicott|Whimsicott, L50, F|100\/100\n|switch|p2b: Typhlosion|Typhlosion-Hisui, L50, F|100\/100\n|-item|p1a: Whimsicott|Focus Sash|[from] ability: Frisk|[of] p2b: Typhlosion\n|-item|p1b: Ninetales|Eject Button|[from] ability: Frisk|[of] p2b: Typhlosion\n|-weather|SunnyDay|[from] ability: Drought|[of] p1b: Ninetales\n|turn|1\n|inactive|Battle timer is ON: inactive players will automatically lose when time's up. (requested by Tepig_nNz_498)\n|\n|t:|1732568872\n|move|p1a: Whimsicott|Tailwind|p1a: Whimsicott\n|-sidestart|p1: Tepig_nNz_498|move: Tailwind\n|move|p2a: Whimsicott|Tailwind|p2a: Whimsicott\n|-sidestart|p2: Stempe|move: Tailwind\n|move|p2b: Typhlosion|Eruption|p1a: Whimsicott|[spread] p1a,p1b\n|-supereffective|p1a: Whimsicott\n|-resisted|p1b: Ninetales\n|-enditem|p1a: Whimsicott|Focus Sash\n|-damage|p1a: Whimsicott|1\/100\n|-damage|p1b: Ninetales|43\/100\n|-enditem|p1b: Ninetales|Eject Button\n|\n|t:|1732568896\n|switch|p1b: Typhlosion|Typhlosion, L50, M|100\/100\n|\n|-weather|SunnyDay|[upkeep]\n|upkeep\n|turn|2\n|\n|t:|1732568920\n|-terastallize|p1b: Typhlosion|Fire\n|move|p2b: Typhlosion|Eruption|p1a: Whimsicott|[spread] p1a\n|-start|p1b: Typhlosion|ability: Flash Fire\n|-supereffective|p1a: Whimsicott\n|-damage|p1a: Whimsicott|0 fnt\n|faint|p1a: Whimsicott\n|move|p2a: Whimsicott|Moonblast|p1b: Typhlosion\n|-resisted|p1b: Typhlosion\n|-damage|p1b: Typhlosion|84\/100\n|move|p1b: Typhlosion|Eruption|p2b: Typhlosion|[spread] p2a,p2b\n|-supereffective|p2a: Whimsicott\n|-resisted|p2b: Typhlosion\n|-damage|p2a: Whimsicott|0 fnt\n|-damage|p2b: Typhlosion|0 fnt\n|faint|p2a: Whimsicott\n|faint|p2b: Typhlosion\n|\n|-weather|SunnyDay|[upkeep]\n|upkeep\n|\n|t:|1732568938\n|switch|p1a: Scovillain|Scovillain, L50, M|100\/100\n|switch|p2a: Dragapult|Dragapult, L50, M|100\/100\n|switch|p2b: Maushold|Maushold-Four, L50|100\/100\n|turn|3\n|\n|t:|1732568959\n|-terastallize|p2a: Dragapult|Dragon\n|move|p2b: Maushold|Protect|p2b: Maushold\n|-singleturn|p2b: Maushold|Protect\n|move|p1a: Scovillain|Flamethrower|p2b: Maushold\n|-activate|p2b: Maushold|move: Protect\n|move|p2a: Dragapult|Dragon Darts|p1b: Typhlosion\n|-damage|p1b: Typhlosion|12\/100\n|-anim|p2a: Dragapult|Dragon Darts|p1a: Scovillain\n|-damage|p1a: Scovillain|10\/100\n|move|p1b: Typhlosion|Eruption|p2b: Maushold|[spread] p2a\n|-activate|p2b: Maushold|move: Protect\n|-resisted|p2a: Dragapult\n|-damage|p2a: Dragapult|83\/100\n|\n|-weather|SunnyDay|[upkeep]\n|upkeep\n|turn|4\n|\n|t:|1732568977\n|-end|p1b: Typhlosion|ability: Flash Fire|[silent]\n|switch|p1b: Ninetales|Ninetales, L50, F|43\/100\n|move|p2b: Maushold|Follow Me|p2b: Maushold\n|-singleturn|p2b: Maushold|move: Follow Me\n|move|p1a: Scovillain|Flamethrower|p2b: Maushold\n|-damage|p2b: Maushold|0 fnt\n|faint|p2b: Maushold\n|-damage|p1a: Scovillain|0 fnt|[from] item: Life Orb\n|faint|p1a: Scovillain\n|move|p2a: Dragapult|Dragon Darts|p1b: Ninetales\n|-crit|p1b: Ninetales\n|-damage|p1b: Ninetales|0 fnt\n|faint|p1b: Ninetales\n|\n|-weather|SunnyDay|[upkeep]\n|-sideend|p2: Stempe|move: Tailwind\n|-sideend|p1: Tepig_nNz_498|move: Tailwind\n|upkeep\n|inactive|Tepig_nNz_498 has 30 seconds left.\n|\n|t:|1732569007\n|switch|p1a: Typhlosion|Typhlosion, L50, M, tera:Fire|12\/100\n|turn|5\n|\n|t:|1732569013\n|move|p2a: Dragapult|Dragon Darts|p1a: Typhlosion\n|-damage|p1a: Typhlosion|0 fnt\n|faint|p1a: Typhlosion\n|\n|win|Stempe\n|raw|Tepig_nNz_498's rating: 1787 &rarr; <strong>1760<\/strong><br \/>(-27 for losing)\n|raw|Stempe's rating: 1659 &rarr; <strong>1686<\/strong><br \/>(+27 for winning)\n|l|\u2606Stempe\n|player|p2|\n|l|\u2606Tepig_nNz_498\n|player|p1|\n","uploadtime":1732569286,"views":9,"formatid":"gen9vgc2024regh","rating":1686,"private":0,"password":null}