{"id":"gen9vgc2024regh-2251042148","format":"[Gen 9] VGC 2024 Reg H","players":["actuary97","arkjsmith"],"log":"|j|\u2606actuary97\n|j|\u2606arkjsmith\n|t:|1732572709\n|gametype|doubles\n|player|p1|actuary97|sabrina-frlg|1769\n|player|p2|arkjsmith|roxie|1683\n|teamsize|p1|6\n|teamsize|p2|6\n|gen|9\n|tier|[Gen 9] VGC 2024 Reg H\n|rated|\n|rule|Species Clause: Limit one of each Pok\u00e9mon\n|rule|Item Clause: Limit 1 of each item\n|clearpoke\n|poke|p1|Whimsicott, L50, F|\n|poke|p1|Gallade, L50, M|\n|poke|p1|Archaludon, L50, F|\n|poke|p1|Malamar, L50, F|\n|poke|p1|Indeedee, L50, M|\n|poke|p1|Drifblim, L50, M|\n|poke|p2|Maushold, L50|\n|poke|p2|Farigiraf, L50, F|\n|poke|p2|Torkoal, L50, F|\n|poke|p2|Ursaluna-Bloodmoon, L50, M|\n|poke|p2|Electivire, L50, F|\n|poke|p2|Indeedee-F, L50, F|\n|teampreview|4\n|inactive|Battle timer is ON: inactive players will automatically lose when time's up. (requested by arkjsmith)\nactuary97 has agreed to open team sheets.\narkjsmith rejected open team sheets.\n|c|\u2606actuary97|cool team I love electiviee\n|inactive|actuary97 has 60 seconds left.\n|c|\u2606actuary97|always been one of my faves\n|c|\u2606arkjsmith|Thanks. Was a good MU fix for the last GC\n|inactive|actuary97 has 30 seconds left.\n|c|\u2606actuary97|oh yeah the redirection\n|c|\u2606arkjsmith|Eats Ttar for breakfast lol\n|inactive|actuary97 has 20 seconds left.\n|inactive|actuary97 has 15 seconds left.\n|\n|t:|1732572786\n|start\n|switch|p1a: Tapu Deedee|Indeedee, L50, M, shiny|100\/100\n|switch|p1b: \u2694\ufe0fKing\u2694\ufe0f|Gallade, L50, M, shiny|100\/100\n|switch|p2a: Calypso|Farigiraf, L50, F, shiny|100\/100\n|switch|p2b: Maushold|Maushold, L50|100\/100\n|-fieldstart|move: Psychic Terrain|[from] ability: Psychic Surge|[of] p1a: Tapu Deedee\n|turn|1\n|c|\u2606arkjsmith|And has redirection too\n|\n|t:|1732572798\n|switch|p1a: Bridget|Archaludon, L50, F, shiny|100\/100\n|move|p1b: \u2694\ufe0fKing\u2694\ufe0f|Protect|p1b: \u2694\ufe0fKing\u2694\ufe0f\n|-singleturn|p1b: \u2694\ufe0fKing\u2694\ufe0f|Protect\n|move|p2b: Maushold|Population Bomb|p1a: Bridget\n|-resisted|p1a: Bridget\n|-damage|p1a: Bridget|96\/100\n|-ability|p1a: Bridget|Stamina|boost\n|-boost|p1a: Bridget|def|1\n|-resisted|p1a: Bridget\n|-damage|p1a: Bridget|94\/100\n|-ability|p1a: Bridget|Stamina|boost\n|-boost|p1a: Bridget|def|1\n|-resisted|p1a: Bridget\n|-damage|p1a: Bridget|91\/100\n|-ability|p1a: Bridget|Stamina|boost\n|-boost|p1a: Bridget|def|1\n|-resisted|p1a: Bridget\n|-damage|p1a: Bridget|90\/100\n|-ability|p1a: Bridget|Stamina|boost\n|-boost|p1a: Bridget|def|1\n|-resisted|p1a: Bridget\n|-damage|p1a: Bridget|88\/100\n|-ability|p1a: Bridget|Stamina|boost\n|-boost|p1a: Bridget|def|1\n|-resisted|p1a: Bridget\n|-damage|p1a: Bridget|87\/100\n|-ability|p1a: Bridget|Stamina|boost\n|-boost|p1a: Bridget|def|1\n|-resisted|p1a: Bridget\n|-damage|p1a: Bridget|86\/100\n|-resisted|p1a: Bridget\n|-damage|p1a: Bridget|85\/100\n|-resisted|p1a: Bridget\n|-damage|p1a: Bridget|84\/100\n|-resisted|p1a: Bridget\n|-damage|p1a: Bridget|83\/100\n|-hitcount|p1a: Bridget|10\n|move|p2a: Calypso|Trick Room|p2a: Calypso\n|-fieldstart|move: Trick Room|[of] p2a: Calypso\n|\n|upkeep\n|turn|2\n|\n|t:|1732572811\n|-terastallize|p2b: Maushold|Flying\n|move|p2a: Calypso|Protect|p2a: Calypso\n|-singleturn|p2a: Calypso|Protect\n|move|p1a: Bridget|Snarl|p2a: Calypso|[spread] p2b\n|-activate|p2a: Calypso|move: Protect\n|-damage|p2b: Maushold|82\/100\n|-unboost|p2b: Maushold|spa|1\n|move|p1b: \u2694\ufe0fKing\u2694\ufe0f|Psycho Cut|p2b: Maushold\n|-crit|p2b: Maushold\n|-damage|p2b: Maushold|0 fnt\n|faint|p2b: Maushold\n|\n|upkeep\n|\n|t:|1732572824\n|switch|p2b: Gladys|Torkoal, L50, F|100\/100\n|-weather|SunnyDay|[from] ability: Drought|[of] p2b: Gladys\n|turn|3\n|\n|t:|1732572837\n|move|p1b: \u2694\ufe0fKing\u2694\ufe0f|Protect|p1b: \u2694\ufe0fKing\u2694\ufe0f\n|-singleturn|p1b: \u2694\ufe0fKing\u2694\ufe0f|Protect\n|move|p2b: Gladys|Weather Ball|p1a: Bridget\n|-damage|p1a: Bridget|21\/100\n|move|p2a: Calypso|Expanding Force|p1a: Bridget|[spread] p1a\n|-activate|p1b: \u2694\ufe0fKing\u2694\ufe0f|move: Protect\n|-resisted|p1a: Bridget\n|-damage|p1a: Bridget|3\/100\n|move|p1a: Bridget|Body Press|p2b: Gladys\n|-damage|p2b: Gladys|26\/100\n|\n|-weather|SunnyDay|[upkeep]\n|upkeep\n|turn|4\n|c|\u2606actuary97|narrow survive\n|\n|t:|1732572859\n|move|p2b: Gladys|Weather Ball|p1b: \u2694\ufe0fKing\u2694\ufe0f\n|-damage|p1b: \u2694\ufe0fKing\u2694\ufe0f|8\/100\n|move|p2a: Calypso|Expanding Force|p1a: Bridget|[spread] p1a,p1b\n|-resisted|p1a: Bridget\n|-damage|p1a: Bridget|0 fnt\n|-damage|p1b: \u2694\ufe0fKing\u2694\ufe0f|0 fnt\n|faint|p1a: Bridget\n|faint|p1b: \u2694\ufe0fKing\u2694\ufe0f\n|\n|-weather|SunnyDay|[upkeep]\n|upkeep\n|\n|t:|1732572865\n|switch|p1a: Happy Thanksgiving|Drifblim, L50, M, shiny|100\/100\n|switch|p1b: Tapu Deedee|Indeedee, L50, M, shiny|100\/100\n|-enditem|p1a: Happy Thanksgiving|Psychic Seed\n|-boost|p1a: Happy Thanksgiving|spd|1|[from] item: Psychic Seed\n|turn|5\n|\n|t:|1732572876\n|-terastallize|p1b: Tapu Deedee|Fire\n|move|p2b: Gladys|Weather Ball|p1a: Happy Thanksgiving\n|-damage|p1a: Happy Thanksgiving|32\/100\n|move|p2a: Calypso|Hyper Voice|p1b: Tapu Deedee|[spread] p1b\n|-immune|p1a: Happy Thanksgiving\n|-damage|p1b: Tapu Deedee|59\/100\n|-enditem|p2a: Calypso|Throat Spray\n|-boost|p2a: Calypso|spa|1|[from] item: Throat Spray\n|move|p1b: Tapu Deedee|Tera Blast|p2a: Calypso|[anim] Tera Blast Fire\n|-damage|p2a: Calypso|15\/100\n|move|p1a: Happy Thanksgiving|Air Slash|p2b: Gladys\n|-damage|p2b: Gladys|0 fnt\n|faint|p2b: Gladys\n|\n|-weather|SunnyDay|[upkeep]\n|-fieldend|move: Trick Room\n|-fieldend|move: Psychic Terrain\n|upkeep\n|\n|t:|1732572890\n|switch|p2b: Pirate|Ursaluna-Bloodmoon, L50, M|100\/100\n|turn|6\n|\n|t:|1732572906\n|move|p1a: Happy Thanksgiving|Air Slash|p2a: Calypso\n|-damage|p2a: Calypso|0 fnt\n|faint|p2a: Calypso\n|move|p1b: Tapu Deedee|Tera Blast|p2b: Pirate|[anim] Tera Blast Fire\n|-damage|p2b: Pirate|8\/100\n|move|p2b: Pirate|Hyper Voice|p1b: Tapu Deedee|[spread] p1a,p1b\n|-damage|p1a: Happy Thanksgiving|0 fnt\n|-damage|p1b: Tapu Deedee|0 fnt\n|faint|p1a: Happy Thanksgiving\n|faint|p1b: Tapu Deedee\n|-damage|p2b: Pirate|0 fnt|[from] item: Life Orb\n|faint|p2b: Pirate\n|\n|win|arkjsmith\n|raw|actuary97's rating: 1769 &rarr; <strong>1744<\/strong><br \/>(-25 for losing)\n|raw|arkjsmith's rating: 1683 &rarr; <strong>1708<\/strong><br \/>(+25 for winning)\n|c|\u2606actuary97|gg\n|c|\u2606arkjsmith|Ggs\n|c|\u2606arkjsmith|Super well played\n|c|\u2606actuary97|I thought about doubling\n|c|\u2606actuary97|but thought I would protect\n|c|\u2606actuary97|u\n|c|\u2606actuary97|bloodmoon\n|c|\u2606arkjsmith|Yeah and i tjought about trick room protect\n|c|\u2606actuary97|sucks not having sheet but respect the denial\n|c|\u2606actuary97|oh good u did have protect\n|c|\u2606actuary97|I was gonna cry if av\n|c|\u2606arkjsmith|Lol nah lorb with protect\n|c|\u2606arkjsmith|Im just practicing for GC3 rn\n|c|\u2606actuary97|gotcha. yeah nice set and well played\n|c|\u2606actuary97|oh nice!\n|c|\u2606arkjsmith|You too!\n|c|\u2606actuary97|when is that\n|c|\u2606actuary97|I wanna try a gc\n|c|\u2606arkjsmith|Dec 3\n|c|\u2606arkjsmith|Go for it\n|c|\u2606actuary97|I got this team to rank1\n|c|\u2606actuary97|on here\n|c|\u2606arkjsmith|Sick!\n|c|\u2606actuary97|so wanna test it on cart\n|c|\u2606arkjsmith|Definitely. Im hyper focused on stopping male indeedee\n|c|\u2606actuary97|well it's tough\n|c|\u2606actuary97|I'm specs\n|c|\u2606arkjsmith|Otherwise you probably wlak all over me\n|c|\u2606arkjsmith|Ooooo\n|c|\u2606arkjsmith|Love that\n|c|\u2606actuary97|but I don't know any other specs indeedees out there\n|c|\u2606actuary97|it's so strong tho! I love it\n|c|\u2606arkjsmith|Small handful, but most are sash or scarf\n|c|\u2606actuary97|yeah I like facing them too\n|c|\u2606actuary97|just lead drifblim malamar for free speed\n|c|\u2606arkjsmith|For sure. I usually expect Deedee to try imprison\n|c|\u2606arkjsmith|So i always go for the kill on it so i can trick room lol\n|c|\u2606actuary97|yeah it's good for that especially into your team\n|c|\u2606actuary97|ahh gotcha\n|c|\u2606actuary97|I knew I had to bait the mouse somehow\n|c|\u2606actuary97|didn't plan on failing to ko bloodmoon with whatever spec move I had\n|c|\u2606arkjsmith|For sure. Free + 6 defense\n|c|\u2606arkjsmith|Yeah hes randomly bulky sometimes\n|c|\u2606actuary97|yeah fr!\n|c|\u2606arkjsmith|I think i have a small bit of spdef investment\n|c|\u2606arkjsmith|From Reg G\n|c|\u2606arkjsmith|Same on Torkoal\n|c|\u2606actuary97|ah I see. yeah specs tera fire blast in sun is impressive\n|c|\u2606actuary97|given his relatively low spdef\n|c|\u2606actuary97|monster hp I guess\n|c|\u2606arkjsmith|For sure\n|c|\u2606arkjsmith|Yeah\n|c|\u2606arkjsmith|Hp is insane\n|c|\u2606actuary97|well yeah good luck on the gc! I'll give it a go this time\n","uploadtime":1732573164,"views":8,"formatid":"gen9vgc2024regh","rating":1708,"private":0,"password":null}