{"id":"gen9vgc2024regh-2251693568","format":"[Gen 9] VGC 2024 Reg H","players":["diddle08","GCSwag"],"log":"|j|\u2606diddle08\n|j|\u2606GCSwag\n|t:|1732654931\n|gametype|doubles\n|player|p1|diddle08|acetrainer|1709\n|player|p2|GCSwag|blackbelt-gen4dp|1682\n|teamsize|p1|6\n|teamsize|p2|6\n|gen|9\n|tier|[Gen 9] VGC 2024 Reg H\n|rated|\n|rule|Species Clause: Limit one of each Pok\u00e9mon\n|rule|Item Clause: Limit 1 of each item\n|clearpoke\n|poke|p1|Blastoise, L50, M|\n|poke|p1|Delphox, L50, M|\n|poke|p1|Meowscarada, L50, M|\n|poke|p1|Indeedee-F, L50, F|\n|poke|p1|Sneasler, L50, F|\n|poke|p1|Murkrow, L50, F|\n|poke|p2|Armarouge, L50, M|\n|poke|p2|Indeedee-F, L50, F|\n|poke|p2|Gallade, L50, M|\n|poke|p2|Annihilape, L50, M|\n|poke|p2|Torkoal, L50, M|\n|poke|p2|Exeggutor, L50, F|\n|teampreview|4\n|j| radodragon\n|l| radodragon\n|inactive|Battle timer is ON: inactive players will automatically lose when time's up. (requested by diddle08)\n|inactive|diddle08 has 60 seconds left.\n|\n|t:|1732654976\n|start\n|switch|p1a: Delphox|Delphox, L50, M|100\/100\n|switch|p1b: Sneasler|Sneasler, L50, F, shiny|100\/100\n|switch|p2a: Exeggutor|Exeggutor, L50, F|100\/100\n|switch|p2b: Torkoal|Torkoal, L50, M|100\/100\n|-weather|SunnyDay|[from] ability: Drought|[of] p2b: Torkoal\n|turn|1\n|\n|t:|1732654997\n|switch|p1b: Indeedee|Indeedee-F, L50, F|100\/100\n|-fieldstart|move: Psychic Terrain|[from] ability: Psychic Surge|[of] p1b: Indeedee\n|move|p2a: Exeggutor|Sleep Powder|p1a: Delphox\n|-status|p1a: Delphox|slp|[from] move: Sleep Powder\n|cant|p1a: Delphox|slp\n|move|p2b: Torkoal|Heat Wave|p1a: Delphox|[spread] p1a,p1b\n|-resisted|p1a: Delphox\n|-crit|p1b: Indeedee\n|-damage|p1a: Delphox|61\/100 slp\n|-damage|p1b: Indeedee|10\/100\n|\n|-weather|SunnyDay|[upkeep]\n|upkeep\n|turn|2\n|\n|t:|1732655013\n|move|p1b: Indeedee|Follow Me|p1b: Indeedee\n|-singleturn|p1b: Indeedee|move: Follow Me\n|move|p2a: Exeggutor|Expanding Force|p1b: Indeedee|[spread] p1a,p1b\n|-resisted|p1a: Delphox\n|-resisted|p1b: Indeedee\n|-damage|p1a: Delphox|25\/100 slp\n|-damage|p1b: Indeedee|0 fnt\n|faint|p1b: Indeedee\n|cant|p1a: Delphox|slp\n|move|p2b: Torkoal|Heat Wave|p1a: Delphox\n|-resisted|p1a: Delphox\n|-damage|p1a: Delphox|0 fnt\n|faint|p1a: Delphox\n|\n|-weather|SunnyDay|[upkeep]\n|upkeep\n|\n|t:|1732655025\n|switch|p1a: Sneasler|Sneasler, L50, F, shiny|100\/100\n|switch|p1b: Murkrow|Murkrow, L50, F|100\/100\n|-enditem|p1a: Sneasler|Psychic Seed\n|-boost|p1a: Sneasler|spd|1|[from] item: Psychic Seed\n|turn|3\n|\n|t:|1732655037\n|-terastallize|p1a: Sneasler|Stellar\n|move|p1b: Murkrow|Rain Dance|p1b: Murkrow\n|-weather|RainDance\n|move|p1a: Sneasler|Dire Claw|p2a: Exeggutor\n|-supereffective|p2a: Exeggutor\n|-enditem|p2a: Exeggutor|Focus Sash\n|-damage|p2a: Exeggutor|1\/100\n|-status|p2a: Exeggutor|par\n|move|p2b: Torkoal|Heat Wave|p1b: Murkrow|[spread] p1a,p1b\n|-damage|p1a: Sneasler|81\/100\n|-damage|p1b: Murkrow|78\/100\n|move|p2a: Exeggutor|Trick Room|p2a: Exeggutor\n|-fieldstart|move: Trick Room|[of] p2a: Exeggutor\n|\n|-weather|RainDance|[upkeep]\n|upkeep\n|turn|4\n|\n|t:|1732655053\n|switch|p2b: Indeedee|Indeedee-F, L50, F|100\/100\n|-enditem|p2b: Indeedee|Psychic Seed\n|-boost|p2b: Indeedee|spd|1|[from] item: Psychic Seed\n|cant|p2a: Exeggutor|par\n|move|p1b: Murkrow|Foul Play|p2a: Exeggutor\n|-supereffective|p2a: Exeggutor\n|-damage|p2a: Exeggutor|0 fnt\n|faint|p2a: Exeggutor\n|move|p1a: Sneasler|Dire Claw|p2b: Indeedee\n|-damage|p2b: Indeedee|56\/100\n|-status|p2b: Indeedee|psn\n|\n|-weather|RainDance|[upkeep]\n|-damage|p2b: Indeedee|43\/100 psn|[from] psn\n|upkeep\n|\n|t:|1732655057\n|switch|p2a: Gallade|Gallade, L50, M|100\/100\n|turn|5\n|\n|t:|1732655071\n|move|p1a: Sneasler|Protect|p1a: Sneasler\n|-singleturn|p1a: Sneasler|Protect\n|move|p2b: Indeedee|Follow Me|p2b: Indeedee\n|-singleturn|p2b: Indeedee|move: Follow Me\n|move|p2a: Gallade|Sacred Sword|p1b: Murkrow\n|-damage|p1b: Murkrow|0 fnt\n|faint|p1b: Murkrow\n|\n|-weather|RainDance|[upkeep]\n|-damage|p2b: Indeedee|31\/100 psn|[from] psn\n|-fieldend|move: Psychic Terrain\n|upkeep\n|turn|6\n|j| waltermelon2\n|-message|diddle08 forfeited.\n|\n|win|GCSwag\n|raw|diddle08's rating: 1709 &rarr; <strong>1687<\/strong><br \/>(-22 for losing)\n|raw|GCSwag's rating: 1682 &rarr; <strong>1704<\/strong><br \/>(+22 for winning)\n|l|\u2606diddle08\n|player|p1|\n|l|\u2606GCSwag\n|player|p2|\n|l| waltermelon2\n","uploadtime":1732655274,"views":403,"formatid":"gen9vgc2024regh","rating":1687,"private":0,"password":null}