{"id":"gen9vgc2024regh-2251714776","format":"[Gen 9] VGC 2024 Reg H","players":["wiidoo","GCSwag"],"log":"|j|\u2606wiidoo\n|j|\u2606GCSwag\n|t:|1732657133\n|gametype|doubles\n|player|p1|wiidoo|1|1691\n|player|p2|GCSwag|blackbelt-gen4dp|1669\n|teamsize|p1|6\n|teamsize|p2|6\n|gen|9\n|tier|[Gen 9] VGC 2024 Reg H\n|rated|\n|rule|Species Clause: Limit one of each Pok\u00e9mon\n|rule|Item Clause: Limit 1 of each item\n|clearpoke\n|poke|p1|Ninetales-Alola, L50, M|\n|poke|p1|Baxcalibur, L50, F|\n|poke|p1|Gholdengo, L50|\n|poke|p1|Ursaluna-Bloodmoon, L50, M|\n|poke|p1|Rillaboom, L50, F|\n|poke|p1|Annihilape, L50, M|\n|poke|p2|Armarouge, L50, F|\n|poke|p2|Indeedee-F, L50, F|\n|poke|p2|Gallade, L50, M|\n|poke|p2|Annihilape, L50, F|\n|poke|p2|Torkoal, L50, M|\n|poke|p2|Exeggutor, L50, F|\n|teampreview|4\n|inactive|Battle timer is ON: inactive players will automatically lose when time's up. (requested by wiidoo)\n|j| Former Fang\n|\n|t:|1732657147\n|start\n|switch|p1a: Annihilape|Annihilape, L50, M|100\/100\n|switch|p1b: Ursaluna|Ursaluna-Bloodmoon, L50, M|100\/100\n|switch|p2a: Indeedee|Indeedee-F, L50, F|100\/100\n|switch|p2b: Armarouge|Armarouge, L50, F|100\/100\n|-fieldstart|move: Psychic Terrain|[from] ability: Psychic Surge|[of] p2a: Indeedee\n|-enditem|p2a: Indeedee|Psychic Seed\n|-boost|p2a: Indeedee|spd|1|[from] item: Psychic Seed\n|turn|1\n|\n|t:|1732657160\n|switch|p1a: Rillaboom|Rillaboom, L50, F|100\/100\n|-fieldstart|move: Grassy Terrain|[from] ability: Grassy Surge|[of] p1a: Rillaboom\n|switch|p2b: Gallade|Gallade, L50, M|100\/100\n|move|p1b: Ursaluna|Hyper Voice|p2a: Indeedee|[spread] p2a,p2b\n|-damage|p2a: Indeedee|73\/100\n|-damage|p2b: Gallade|64\/100\n|move|p2a: Indeedee|Trick Room|p2a: Indeedee\n|-fieldstart|move: Trick Room|[of] p2a: Indeedee\n|\n|-heal|p2b: Gallade|70\/100|[from] Grassy Terrain\n|-heal|p2a: Indeedee|80\/100|[from] Grassy Terrain\n|upkeep\n|turn|2\n|\n|t:|1732657174\n|switch|p2a: Armarouge|Armarouge, L50, F|100\/100\n|move|p1a: Rillaboom|Fake Out|p2b: Gallade\n|-damage|p2b: Gallade|48\/100\n|cant|p2b: Gallade|flinch\n|move|p1b: Ursaluna|Hyper Voice|p2a: Armarouge|[spread] p2a,p2b\n|-damage|p2a: Armarouge|56\/100\n|-damage|p2b: Gallade|12\/100\n|\n|-heal|p2a: Armarouge|62\/100|[from] Grassy Terrain\n|-heal|p2b: Gallade|18\/100|[from] Grassy Terrain\n|upkeep\n|turn|3\n|\n|t:|1732657188\n|switch|p2b: Indeedee|Indeedee-F, L50, F|80\/100\n|-fieldstart|move: Psychic Terrain|[from] ability: Psychic Surge|[of] p2b: Indeedee\n|switch|p1a: Annihilape|Annihilape, L50, M|100\/100\n|-terastallize|p2a: Armarouge|Psychic\n|-terastallize|p1b: Ursaluna|Water\n|move|p2a: Armarouge|Expanding Force|p1b: Ursaluna|[spread] p1a,p1b\n|-supereffective|p1a: Annihilape\n|-damage|p1a: Annihilape|0 fnt\n|-damage|p1b: Ursaluna|14\/100\n|faint|p1a: Annihilape\n|-damage|p2a: Armarouge|52\/100|[from] item: Life Orb\n|move|p1b: Ursaluna|Hyper Voice|p2b: Indeedee|[spread] p2a,p2b\n|-damage|p2a: Armarouge|5\/100\n|-damage|p2b: Indeedee|44\/100\n|\n|upkeep\n|\n|t:|1732657204\n|switch|p1a: Rillaboom|Rillaboom, L50, F|100\/100\n|-fieldstart|move: Grassy Terrain|[from] ability: Grassy Surge|[of] p1a: Rillaboom\n|turn|4\n|\n|t:|1732657210\n|move|p1a: Rillaboom|Fake Out|p2b: Indeedee\n|-damage|p2b: Indeedee|29\/100\n|move|p1b: Ursaluna|Vacuum Wave|p2a: Armarouge\n|-resisted|p2a: Armarouge\n|-damage|p2a: Armarouge|0 fnt\n|faint|p2a: Armarouge\n|cant|p2b: Indeedee|flinch\n|\n|-heal|p2b: Indeedee|36\/100|[from] Grassy Terrain\n|-heal|p1b: Ursaluna|20\/100|[from] Grassy Terrain\n|upkeep\n|\n|t:|1732657216\n|switch|p2a: Torkoal|Torkoal, L50, M|100\/100\n|-weather|SunnyDay|[from] ability: Drought|[of] p2a: Torkoal\n|turn|5\n|\n|t:|1732657227\n|switch|p1a: Ninetales|Ninetales-Alola, L50, M|100\/100\n|-weather|Snow|[from] ability: Snow Warning|[of] p1a: Ninetales\n|move|p2b: Indeedee|Helping Hand|p2a: Torkoal\n|-singleturn|p2a: Torkoal|Helping Hand|[of] p2b: Indeedee\n|move|p2a: Torkoal|Eruption|p1b: Ursaluna|[spread] p1a,p1b\n|-supereffective|p1a: Ninetales\n|-resisted|p1b: Ursaluna\n|-damage|p1a: Ninetales|0 fnt\n|-damage|p1b: Ursaluna|0 fnt\n|faint|p1a: Ninetales\n|faint|p1b: Ursaluna\n|\n|-weather|Snow|[upkeep]\n|-heal|p2b: Indeedee|42\/100|[from] Grassy Terrain\n|-fieldend|move: Trick Room\n|upkeep\n|\n|t:|1732657240\n|switch|p1b: Rillaboom|Rillaboom, L50, F|100\/100\n|turn|6\n|\n|t:|1732657243\n|move|p2b: Indeedee|Follow Me|p2b: Indeedee\n|-singleturn|p2b: Indeedee|move: Follow Me\n|move|p1b: Rillaboom|High Horsepower|p2b: Indeedee\n|-damage|p2b: Indeedee|11\/100\n|move|p2a: Torkoal|Eruption|p1b: Rillaboom\n|-supereffective|p1b: Rillaboom\n|-damage|p1b: Rillaboom|0 fnt\n|faint|p1b: Rillaboom\n|\n|win|GCSwag\n|raw|wiidoo's rating: 1691 &rarr; <strong>1670<\/strong><br \/>(-21 for losing)\n|raw|GCSwag's rating: 1669 &rarr; <strong>1690<\/strong><br \/>(+21 for winning)\n|l|\u2606GCSwag\n|player|p2|\n|l|\u2606wiidoo\n|player|p1|\n|l| Former Fang\n","uploadtime":1732657505,"views":5,"formatid":"gen9vgc2024regh","rating":1670,"private":0,"password":null}