{"id":"gen9vgc2024regh-2251666510","format":"[Gen 9] VGC 2024 Reg H","players":["HarshEuroBarge","spaccas"],"log":"|j|\u2606HarshEuroBarge\n|j|\u2606spaccas\n|t:|1732652211\n|gametype|doubles\n|player|p1|HarshEuroBarge|1|1748\n|player|p2|spaccas|169|1682\n|teamsize|p1|6\n|teamsize|p2|6\n|gen|9\n|tier|[Gen 9] VGC 2024 Reg H\n|rated|\n|rule|Species Clause: Limit one of each Pok\u00e9mon\n|rule|Item Clause: Limit 1 of each item\n|clearpoke\n|poke|p1|Smeargle, L50, M|\n|poke|p1|Primeape, L50, F|\n|poke|p1|Rillaboom, L50, F|\n|poke|p1|Indeedee-F, L50, F|\n|poke|p1|Whimsicott, L50, F|\n|poke|p1|Krookodile, L50, M|\n|poke|p2|Tyranitar, L50, M|\n|poke|p2|Kommo-o, L50, F|\n|poke|p2|Primarina, L50, M|\n|poke|p2|Corviknight, L50, F|\n|poke|p2|Volcarona, L50, F|\n|poke|p2|Sinistcha, L50|\n|teampreview|4\n|inactive|Battle timer is ON: inactive players will automatically lose when time's up. (requested by spaccas)\nspaccas rejected open team sheets.\n|\n|t:|1732652243\n|start\n|switch|p1a: Smeargle|Smeargle, L50, M|100\/100\n|switch|p1b: Primeape|Primeape, L50, F, shiny|100\/100\n|switch|p2a: Kommo-o|Kommo-o, L50, F|100\/100\n|switch|p2b: Volcarona|Volcarona, L50, F|100\/100\n|turn|1\n|j| Former Fang\n|\n|t:|1732652256\n|-terastallize|p1a: Smeargle|Grass\n|move|p2b: Volcarona|Tailwind|p2b: Volcarona\n|-sidestart|p2: spaccas|move: Tailwind\n|move|p2a: Kommo-o|Iron Defense|p2a: Kommo-o\n|-boost|p2a: Kommo-o|def|2\n|move|p1a: Smeargle|Surging Strikes|p1b: Primeape\n|-crit|p1b: Primeape\n|-damage|p1b: Primeape|99\/100\n|-setboost|p1b: Primeape|atk|6|[from] ability: Anger Point\n|-crit|p1b: Primeape\n|-damage|p1b: Primeape|97\/100\n|-crit|p1b: Primeape\n|-damage|p1b: Primeape|94\/100\n|-hitcount|p1b: Primeape|3\n|move|p1b: Primeape|Rage Fist|p2a: Kommo-o\n|-damage|p2a: Kommo-o|40\/100\n|\n|-heal|p2a: Kommo-o|46\/100|[from] item: Leftovers\n|-ability|p1a: Smeargle|Moody|boost\n|-boost|p1a: Smeargle|spe|2\n|-unboost|p1a: Smeargle|spd|1\n|upkeep\n|turn|2\n|\n|t:|1732652276\n|move|p1a: Smeargle|Follow Me|p1a: Smeargle\n|-singleturn|p1a: Smeargle|move: Follow Me\n|move|p2b: Volcarona|Heat Wave|p1b: Primeape|[spread] p1a,p1b\n|-supereffective|p1a: Smeargle\n|-enditem|p1a: Smeargle|Focus Sash\n|-damage|p1a: Smeargle|1\/100\n|-damage|p1b: Primeape|67\/100\n|move|p2a: Kommo-o|Body Press|p1a: Smeargle\n|-damage|p1a: Smeargle|0 fnt\n|faint|p1a: Smeargle\n|move|p1b: Primeape|Rage Fist|p2b: Volcarona\n|-damage|p2b: Volcarona|0 fnt\n|faint|p2b: Volcarona\n|\n|-heal|p2a: Kommo-o|52\/100|[from] item: Leftovers\n|upkeep\n|j| mefistofeliepiop\n|inactive|HarshEuroBarge has 30 seconds left.\n|\n|t:|1732652301\n|switch|p2b: Primarina|Primarina, L50, M|100\/100\n|switch|p1a: Whimsicott|Whimsicott, L50, F|100\/100\n|turn|3\n|\n|t:|1732652313\n|move|p1b: Primeape|Protect|p1b: Primeape\n|-singleturn|p1b: Primeape|Protect\n|move|p1a: Whimsicott|Tailwind|p1a: Whimsicott\n|-sidestart|p1: HarshEuroBarge|move: Tailwind\n|move|p2a: Kommo-o|Body Press|p1b: Primeape\n|-activate|p1b: Primeape|move: Protect\n|move|p2b: Primarina|Haze|p2b: Primarina\n|-clearallboost\n|\n|-heal|p2a: Kommo-o|58\/100|[from] item: Leftovers\n|upkeep\n|turn|4\n|j| btest0011\n|\n|t:|1732652334\n|switch|p1b: Indeedee|Indeedee-F, L50, F|100\/100\n|-fieldstart|move: Psychic Terrain|[from] ability: Psychic Surge|[of] p1b: Indeedee\n|move|p2a: Kommo-o|Protect|p2a: Kommo-o\n|-singleturn|p2a: Kommo-o|Protect\n|move|p1a: Whimsicott|Encore|p2b: Primarina\n|-activate|p2b: Primarina|move: Psychic Terrain\n|move|p2b: Primarina|Moonblast|p1b: Indeedee\n|-damage|p1b: Indeedee|44\/100\n|-unboost|p1b: Indeedee|spa|1\n|\n|-heal|p2a: Kommo-o|64\/100|[from] item: Leftovers\n|-sideend|p2: spaccas|move: Tailwind\n|upkeep\n|turn|5\n|l| btest0011\n|j| btest0011\n|l| btest0011\n|inactive|HarshEuroBarge has 30 seconds left.\n|inactive|spaccas has 30 seconds left.\n|\n|t:|1732652364\n|switch|p2a: Corviknight|Corviknight, L50, F|100\/100\n|move|p1b: Indeedee|Psychic|p2a: Corviknight\n|-resisted|p2a: Corviknight\n|-damage|p2a: Corviknight|89\/100\n|move|p1a: Whimsicott|Moonblast|p2a: Corviknight\n|-resisted|p2a: Corviknight\n|-damage|p2a: Corviknight|76\/100\n|move|p2b: Primarina|Hyper Voice|p1a: Whimsicott|[spread] p1a,p1b\n|-resisted|p1a: Whimsicott\n|-damage|p1a: Whimsicott|72\/100\n|-damage|p1b: Indeedee|0 fnt\n|faint|p1b: Indeedee\n|\n|upkeep\n|\n|t:|1732652376\n|switch|p1b: Primeape|Primeape, L50, F, shiny|67\/100\n|turn|6\n|\n|t:|1732652401\n|move|p1a: Whimsicott|Moonblast|p2a: Corviknight\n|-resisted|p2a: Corviknight\n|-damage|p2a: Corviknight|63\/100\n|move|p1b: Primeape|Fire Punch|p2a: Corviknight\n|-supereffective|p2a: Corviknight\n|-damage|p2a: Corviknight|33\/100\n|-enditem|p2a: Corviknight|Sitrus Berry|[eat]\n|-heal|p2a: Corviknight|58\/100|[from] item: Sitrus Berry\n|move|p2a: Corviknight|Brave Bird|p1a: Whimsicott\n|-supereffective|p1a: Whimsicott\n|-damage|p1a: Whimsicott|0 fnt\n|-damage|p2a: Corviknight|42\/100|[from] item: Rocky Helmet|[of] p1a: Whimsicott\n|faint|p1a: Whimsicott\n|-damage|p2a: Corviknight|23\/100|[from] Recoil\n|move|p2b: Primarina|Moonblast|p1b: Primeape\n|-supereffective|p1b: Primeape\n|-damage|p1b: Primeape|0 fnt\n|faint|p1b: Primeape\n|\n|win|spaccas\n|raw|HarshEuroBarge's rating: 1748 &rarr; <strong>1724<\/strong><br \/>(-24 for losing)\n|raw|spaccas's rating: 1682 &rarr; <strong>1706<\/strong><br \/>(+24 for winning)\n|l|\u2606HarshEuroBarge\n|player|p1|\n|l|\u2606spaccas\n|player|p2|\n|l| Former Fang\n","uploadtime":1732652607,"views":6,"formatid":"gen9vgc2024regh","rating":1706,"private":0,"password":null}