{"id":"gen9vgc2024regh-2251006398","format":"[Gen 9] VGC 2024 Reg H","players":["testy accounty 2","Stempe"],"log":"|j|\u2606testy accounty 2\n|j|\u2606Stempe\n|t:|1732569055\n|gametype|doubles\n|player|p1|testy accounty 2|1|1710\n|player|p2|Stempe|2|1686\n|teamsize|p1|6\n|teamsize|p2|6\n|gen|9\n|tier|[Gen 9] VGC 2024 Reg H\n|rated|\n|rule|Species Clause: Limit one of each Pok\u00e9mon\n|rule|Item Clause: Limit 1 of each item\n|clearpoke\n|poke|p1|Pelipper, L50, M|\n|poke|p1|Archaludon, L50, F|\n|poke|p1|Sneasler, L50, M|\n|poke|p1|Dragonite, L50, M|\n|poke|p1|Basculegion, L50, M|\n|poke|p1|Rillaboom, L50, F|\n|poke|p2|Dragapult, L50, F|\n|poke|p2|Annihilape, L50, F|\n|poke|p2|Whimsicott, L50, F|\n|poke|p2|Maushold-Four, L50|\n|poke|p2|Typhlosion-Hisui, L50, F|\n|poke|p2|Hydreigon, L50, M|\n|teampreview|4\n|\n|t:|1732569126\n|start\n|switch|p1a: Thanotos|Basculegion, L50, M|100\/100\n|switch|p1b: Hermes|Sneasler, L50, M|100\/100\n|switch|p2a: Hydreigon|Hydreigon, L50, M|100\/100\n|switch|p2b: Maushold|Maushold-Four, L50|100\/100\n|turn|1\n|inactive|Battle timer is ON: inactive players will automatically lose when time's up. (requested by testy accounty 2)\n|\n|t:|1732569226\n|-terastallize|p2b: Maushold|Ghost\n|move|p2b: Maushold|Follow Me|p2b: Maushold\n|-singleturn|p2b: Maushold|move: Follow Me\n|move|p1a: Thanotos|Flip Turn|p2b: Maushold\n|-damage|p2b: Maushold|29\/100\n|\n|t:|1732569234\n|switch|p1a: Hephetus|Archaludon, L50, F|100\/100|[from] Flip Turn\n|move|p1b: Hermes|Dire Claw|p2b: Maushold\n|-resisted|p2b: Maushold\n|-damage|p2b: Maushold|0 fnt\n|faint|p2b: Maushold\n|move|p2a: Hydreigon|Dark Pulse|p1a: Hephetus\n|-damage|p1a: Hephetus|67\/100\n|-ability|p1a: Hephetus|Stamina|boost\n|-boost|p1a: Hephetus|def|1\n|\n|upkeep\n|\n|t:|1732569245\n|switch|p2b: Dragapult|Dragapult, L50, F|100\/100\n|turn|2\n|inactive|testy accounty 2 has 30 seconds left.\n|\n|t:|1732569280\n|switch|p2a: Annihilape|Annihilape, L50, F|100\/100\n|move|p2b: Dragapult|Phantom Force||[still]\n|-prepare|p2b: Dragapult|Phantom Force\n|move|p1b: Hermes|Dire Claw|p2b: Dragapult|[miss]\n|-miss|p1b: Hermes|p2b: Dragapult\n|move|p1a: Hephetus|Draco Meteor|p2b: Dragapult|[miss]\n|-miss|p1a: Hephetus|p2b: Dragapult\n|\n|upkeep\n|turn|3\n|inactive|testy accounty 2 has 30 seconds left.\n|inactive|testy accounty 2 has 20 seconds left.\n|inactive|testy accounty 2 has 15 seconds left.\n|\n|t:|1732569321\n|move|p2b: Dragapult|Phantom Force|p1b: Hermes|[from]lockedmove\n|-damage|p1b: Hermes|0 fnt\n|faint|p1b: Hermes\n|move|p1a: Hephetus|Draco Meteor|p2b: Dragapult\n|-supereffective|p2b: Dragapult\n|-damage|p2b: Dragapult|0 fnt\n|-unboost|p1a: Hephetus|spa|2\n|faint|p2b: Dragapult\n|move|p2a: Annihilape|Bulk Up|p2a: Annihilape\n|-boost|p2a: Annihilape|atk|1\n|-boost|p2a: Annihilape|def|1\n|\n|upkeep\n|\n|t:|1732569345\n|switch|p2b: Hydreigon|Hydreigon, L50, M|100\/100\n|switch|p1b: Posiden|Pelipper, L50, M|100\/100\n|-weather|RainDance|[from] ability: Drizzle|[of] p1b: Posiden\n|turn|4\n|\n|t:|1732569374\n|move|p1b: Posiden|Protect|p1b: Posiden\n|-singleturn|p1b: Posiden|Protect\n|move|p2a: Annihilape|Protect|p2a: Annihilape\n|-singleturn|p2a: Annihilape|Protect\n|move|p2b: Hydreigon|Dark Pulse|p1b: Posiden\n|-activate|p1b: Posiden|move: Protect\n|move|p1a: Hephetus|Body Press|p2b: Hydreigon\n|-supereffective|p2b: Hydreigon\n|-damage|p2b: Hydreigon|20\/100\n|\n|-weather|RainDance|[upkeep]\n|upkeep\n|turn|5\n|inactive|testy accounty 2 has 30 seconds left.\n|\n|t:|1732569403\n|move|p2b: Hydreigon|Dark Pulse|p1b: Posiden\n|-damage|p1b: Posiden|41\/100\n|move|p1b: Posiden|Hurricane|p2a: Annihilape\n|-supereffective|p2a: Annihilape\n|-crit|p2a: Annihilape\n|-damage|p2a: Annihilape|0 fnt\n|faint|p2a: Annihilape\n|move|p1a: Hephetus|Body Press|p2b: Hydreigon\n|-supereffective|p2b: Hydreigon\n|-crit|p2b: Hydreigon\n|-damage|p2b: Hydreigon|0 fnt\n|faint|p2b: Hydreigon\n|\n|win|testy accounty 2\n|raw|testy accounty 2's rating: 1710 &rarr; <strong>1729<\/strong><br \/>(+19 for winning)\n|raw|Stempe's rating: 1686 &rarr; <strong>1667<\/strong><br \/>(-19 for losing)\n|l|\u2606Stempe\n|player|p2|\n|l|\u2606testy accounty 2\n|player|p1|\n","uploadtime":1732569562,"views":12,"formatid":"gen9vgc2024regh","rating":1667,"private":0,"password":null}