{"id":"gen9vgc2024regh-2251674262","format":"[Gen 9] VGC 2024 Reg H","players":["RadiumToad","HarshEuroBarge"],"log":"|j|\u2606RadiumToad\n|j|\u2606HarshEuroBarge\n|t:|1732652986\n|gametype|doubles\n|player|p1|RadiumToad|janine|1659\n|player|p2|HarshEuroBarge|1|1724\n|teamsize|p1|6\n|teamsize|p2|6\n|gen|9\n|tier|[Gen 9] VGC 2024 Reg H\n|rated|\n|rule|Species Clause: Limit one of each Pok\u00e9mon\n|rule|Item Clause: Limit 1 of each item\n|clearpoke\n|poke|p1|Poliwrath, L50, M|\n|poke|p1|Pelipper, L50, M|\n|poke|p1|Indeedee-F, L50, F|\n|poke|p1|Sinistcha, L50|\n|poke|p1|Braviary-Hisui, L50, M|\n|poke|p1|Annihilape, L50, M|\n|poke|p2|Smeargle, L50, M|\n|poke|p2|Primeape, L50, F|\n|poke|p2|Rillaboom, L50, F|\n|poke|p2|Indeedee-F, L50, F|\n|poke|p2|Whimsicott, L50, M|\n|poke|p2|Krookodile, L50, F|\n|teampreview|4\n|j| MacGyver7\n|\n|t:|1732653024\n|start\n|switch|p1a: Poliwrath|Poliwrath, L50, M|100\/100\n|switch|p1b: Indeedee|Indeedee-F, L50, F|100\/100\n|switch|p2a: Smeargle|Smeargle, L50, M|100\/100\n|switch|p2b: Indeedee|Indeedee-F, L50, F|100\/100\n|-fieldstart|move: Psychic Terrain|[from] ability: Psychic Surge|[of] p2b: Indeedee\n|turn|1\n|\n|t:|1732653043\n|-terastallize|p1a: Poliwrath|Fire\n|move|p1b: Indeedee|Follow Me|p1b: Indeedee\n|-singleturn|p1b: Indeedee|move: Follow Me\n|move|p2a: Smeargle|Spore|p1b: Indeedee\n|-activate|p1b: Indeedee|item: Safety Goggles|Spore\n|move|p1a: Poliwrath|Belly Drum|p1a: Poliwrath\n|-damage|p1a: Poliwrath|50\/100\n|-setboost|p1a: Poliwrath|atk|6|[from] move: Belly Drum\n|-enditem|p1a: Poliwrath|Sitrus Berry|[eat]\n|-heal|p1a: Poliwrath|75\/100|[from] item: Sitrus Berry\n|move|p2b: Indeedee|Trick Room|p2b: Indeedee\n|-fieldstart|move: Trick Room|[of] p2b: Indeedee\n|\n|-ability|p2a: Smeargle|Moody|boost\n|-boost|p2a: Smeargle|spd|2\n|-unboost|p2a: Smeargle|atk|1\n|upkeep\n|turn|2\n|\n|t:|1732653084\n|move|p1b: Indeedee|Follow Me|p1b: Indeedee\n|-singleturn|p1b: Indeedee|move: Follow Me\n|move|p2a: Smeargle|Follow Me|p2a: Smeargle\n|-singleturn|p2a: Smeargle|move: Follow Me\n|move|p1a: Poliwrath|Drain Punch|p2a: Smeargle\n|-supereffective|p2a: Smeargle\n|-enditem|p2a: Smeargle|Focus Sash\n|-damage|p2a: Smeargle|1\/100\n|-heal|p1a: Poliwrath|100\/100|[from] drain|[of] p2a: Smeargle\n|move|p2b: Indeedee|Psychic|p1b: Indeedee\n|-resisted|p1b: Indeedee\n|-damage|p1b: Indeedee|82\/100\n|\n|-ability|p2a: Smeargle|Moody|boost\n|-boost|p2a: Smeargle|spa|2\n|-unboost|p2a: Smeargle|def|1\n|upkeep\n|turn|3\n|\n|t:|1732653097\n|move|p2a: Smeargle|Follow Me|p2a: Smeargle\n|-singleturn|p2a: Smeargle|move: Follow Me\n|move|p1a: Poliwrath|Liquidation|p2a: Smeargle\n|-damage|p2a: Smeargle|0 fnt\n|faint|p2a: Smeargle\n|move|p1b: Indeedee|Psychic|p2b: Indeedee\n|-resisted|p2b: Indeedee\n|-damage|p2b: Indeedee|80\/100\n|move|p2b: Indeedee|Psychic|p1a: Poliwrath\n|-damage|p1a: Poliwrath|59\/100\n|\n|upkeep\n|\n|t:|1732653109\n|switch|p2a: Krookodile|Krookodile, L50, F|100\/100\n|turn|4\n|\n|t:|1732653127\n|switch|p1b: Pelipper|Pelipper, L50, M|100\/100\n|-weather|RainDance|[from] ability: Drizzle|[of] p1b: Pelipper\n|move|p1a: Poliwrath|Protect|p1a: Poliwrath\n|-singleturn|p1a: Poliwrath|Protect\n|move|p2b: Indeedee|Follow Me|p2b: Indeedee\n|-singleturn|p2b: Indeedee|move: Follow Me\n|move|p2a: Krookodile|Earthquake|p1b: Pelipper|[spread] p2b\n|-activate|p1a: Poliwrath|move: Protect\n|-immune|p1b: Pelipper\n|-damage|p2b: Indeedee|43\/100\n|\n|-weather|RainDance|[upkeep]\n|upkeep\n|turn|5\n|\n|t:|1732653145\n|move|p2b: Indeedee|Follow Me|p2b: Indeedee\n|-singleturn|p2b: Indeedee|move: Follow Me\n|move|p1b: Pelipper|Surf|p2a: Krookodile|[spread] p2a,p2b\n|-heal|p1a: Poliwrath|84\/100|[from] ability: Water Absorb|[of] p1b: Pelipper\n|-supereffective|p2a: Krookodile\n|-damage|p2a: Krookodile|0 fnt\n|-damage|p2b: Indeedee|0 fnt\n|faint|p2a: Krookodile\n|faint|p2b: Indeedee\n|move|p1a: Poliwrath|Drain Punch|p2: Krookodile|[notarget]\n|-fail|p1a: Poliwrath\n|\n|-weather|RainDance|[upkeep]\n|-fieldend|move: Trick Room\n|-fieldend|move: Psychic Terrain\n|upkeep\n|\n|t:|1732653153\n|switch|p2b: Rillaboom|Rillaboom, L50, F|100\/100\n|-fieldstart|move: Grassy Terrain|[from] ability: Grassy Surge|[of] p2b: Rillaboom\n|turn|6\n|\n|t:|1732653161\n|move|p2b: Rillaboom|Wood Hammer|p1b: Pelipper\n|-damage|p1b: Pelipper|10\/100\n|-damage|p2b: Rillaboom|74\/100|[from] Recoil\n|move|p1a: Poliwrath|Drain Punch|p2b: Rillaboom\n|-damage|p2b: Rillaboom|0 fnt\n|-heal|p1a: Poliwrath|100\/100|[from] drain|[of] p2b: Rillaboom\n|faint|p2b: Rillaboom\n|\n|win|RadiumToad\n|raw|RadiumToad's rating: 1676 &rarr; <strong>1699<\/strong><br \/>(+23 for winning)\n|raw|HarshEuroBarge's rating: 1724 &rarr; <strong>1701<\/strong><br \/>(-23 for losing)\n|l|\u2606HarshEuroBarge\n|player|p2|\n|l|\u2606RadiumToad\n|player|p1|\n","uploadtime":1732653308,"views":6,"formatid":"gen9vgc2024regh","rating":1699,"private":0,"password":null}