{"id":"gen9vgc2024regh-2251550423","format":"[Gen 9] VGC 2024 Reg H","players":["Grade a type b","Fuccisan"],"log":"|j|\u2606Grade a type b\n|j|\u2606Fuccisan\n|t:|1732641142\n|gametype|doubles\n|player|p1|Grade a type b|266|1726\n|player|p2|Fuccisan|dancer|1646\n|teamsize|p1|6\n|teamsize|p2|6\n|gen|9\n|tier|[Gen 9] VGC 2024 Reg H\n|rated|\n|rule|Species Clause: Limit one of each Pok\u00e9mon\n|rule|Item Clause: Limit 1 of each item\n|clearpoke\n|poke|p1|Gholdengo, L50|\n|poke|p1|Primarina, L50, F|\n|poke|p1|Ursaluna-Bloodmoon, L50, M|\n|poke|p1|Dragonite, L50, M|\n|poke|p1|Whimsicott, L50, M|\n|poke|p1|Tyranitar, L50, M|\n|poke|p2|Whimsicott, L50, F|\n|poke|p2|Gholdengo, L50|\n|poke|p2|Garchomp, L50, M|\n|poke|p2|Ursaluna-Bloodmoon, L50, M|\n|poke|p2|Grimmsnarl, L50, M|\n|poke|p2|Sneasler, L50, F|\n|teampreview|4\n|\n|t:|1732641162\n|start\n|switch|p1a: Whimsicott|Whimsicott, L50, M|100\/100\n|switch|p1b: Gholdengo|Gholdengo, L50|100\/100\n|switch|p2a: Whimsicott|Whimsicott, L50, F|100\/100\n|switch|p2b: Gholdengo|Gholdengo, L50|100\/100\n|turn|1\n|\n|t:|1732641195\n|-terastallize|p2b: Gholdengo|Flying\n|move|p1a: Whimsicott|Tailwind|p1a: Whimsicott\n|-sidestart|p1: Grade a type b|move: Tailwind\n|move|p2a: Whimsicott|Tailwind|p2a: Whimsicott\n|-sidestart|p2: Fuccisan|move: Tailwind\n|move|p2b: Gholdengo|Shadow Ball|p1b: Gholdengo\n|-supereffective|p1b: Gholdengo\n|-damage|p1b: Gholdengo|0 fnt\n|faint|p1b: Gholdengo\n|\n|upkeep\n|\n|t:|1732641206\n|switch|p1b: Ursaluna|Ursaluna-Bloodmoon, L50, M|100\/100\n|turn|2\n|\n|t:|1732641250\n|switch|p2b: Sneasler|Sneasler, L50, F|100\/100\n|move|p1a: Whimsicott|Encore|p2a: Whimsicott\n|-start|p2a: Whimsicott|Encore\n|move|p2a: Whimsicott|Tailwind||[still]\n|-fail|p2a: Whimsicott\n|move|p1b: Ursaluna|Blood Moon|p2b: Sneasler\n|-enditem|p2b: Sneasler|Focus Sash\n|-damage|p2b: Sneasler|1\/100\n|-damage|p1b: Ursaluna|91\/100|[from] item: Life Orb\n|\n|upkeep\n|turn|3\n|inactive|Battle timer is ON: inactive players will automatically lose when time's up. (requested by Grade a type b)\n|\n|t:|1732641279\n|move|p1b: Ursaluna|Protect|p1b: Ursaluna\n|-singleturn|p1b: Ursaluna|Protect\n|move|p2a: Whimsicott|Tailwind||[still]\n|-fail|p2a: Whimsicott\n|move|p2b: Sneasler|Dire Claw|p1a: Whimsicott\n|-supereffective|p1a: Whimsicott\n|-damage|p1a: Whimsicott|0 fnt\n|faint|p1a: Whimsicott\n|\n|upkeep\n|\n|t:|1732641285\n|switch|p1a: Dragonite|Dragonite, L50, M|100\/100\n|turn|4\n|inactive|Fuccisan has 30 seconds left.\n|\n|t:|1732641315\n|-terastallize|p1b: Ursaluna|Ghost\n|move|p2a: Whimsicott|Tailwind||[still]\n|-fail|p2a: Whimsicott\n|move|p2b: Sneasler|Close Combat|p1b: Ursaluna\n|-immune|p1b: Ursaluna\n|move|p1b: Ursaluna|Hyper Voice|p2a: Whimsicott|[spread] p2a,p2b\n|-damage|p2a: Whimsicott|14\/100\n|-damage|p2b: Sneasler|0 fnt\n|faint|p2b: Sneasler\n|-damage|p1b: Ursaluna|81\/100|[from] item: Life Orb\n|move|p1a: Dragonite|Scale Shot|p2a: Whimsicott\n|-immune|p2a: Whimsicott\n|\n|-end|p2a: Whimsicott|Encore\n|-sideend|p1: Grade a type b|move: Tailwind\n|-sideend|p2: Fuccisan|move: Tailwind\n|upkeep\n|\n|t:|1732641321\n|switch|p2b: Gholdengo|Gholdengo, L50, tera:Flying|100\/100\n|turn|5\n|\n|t:|1732641341\n|move|p1b: Ursaluna|Protect|p1b: Ursaluna\n|-singleturn|p1b: Ursaluna|Protect\n|move|p2a: Whimsicott|Tailwind|p2a: Whimsicott\n|-sidestart|p2: Fuccisan|move: Tailwind\n|move|p2b: Gholdengo|Make It Rain|p1b: Ursaluna|[spread] p1a\n|-activate|p1b: Ursaluna|move: Protect\n|-damage|p1a: Dragonite|78\/100\n|-unboost|p2b: Gholdengo|spa|1\n|move|p1a: Dragonite|Scale Shot|p2b: Gholdengo\n|-damage|p2b: Gholdengo|83\/100\n|-damage|p2b: Gholdengo|66\/100\n|-damage|p2b: Gholdengo|49\/100\n|-damage|p2b: Gholdengo|32\/100\n|-damage|p2b: Gholdengo|14\/100\n|-hitcount|p2b: Gholdengo|5\n|-unboost|p1a: Dragonite|def|1\n|-boost|p1a: Dragonite|spe|1\n|\n|upkeep\n|turn|6\n|\n|t:|1732641362\n|move|p1a: Dragonite|Extreme Speed|p2b: Gholdengo\n|-damage|p2b: Gholdengo|0 fnt\n|faint|p2b: Gholdengo\n|move|p2a: Whimsicott|Fake Tears|p1b: Ursaluna\n|-unboost|p1b: Ursaluna|spd|2\n|move|p1b: Ursaluna|Hyper Voice|p2a: Whimsicott\n|-damage|p2a: Whimsicott|0 fnt\n|faint|p2a: Whimsicott\n|-damage|p1b: Ursaluna|72\/100|[from] item: Life Orb\n|\n|upkeep\n|\n|t:|1732641366\n|switch|p2b: Ursaluna|Ursaluna-Bloodmoon, L50, M|100\/100\n|turn|7\n|\n|t:|1732641381\n|move|p2b: Ursaluna|Hyper Voice|p1b: Ursaluna|[spread] p1a,p1b\n|-damage|p1a: Dragonite|44\/100\n|-damage|p1b: Ursaluna|0 fnt\n|faint|p1b: Ursaluna\n|move|p1a: Dragonite|Low Kick|p2b: Ursaluna\n|-supereffective|p2b: Ursaluna\n|-damage|p2b: Ursaluna|33\/100\n|\n|upkeep\n|turn|8\n|\n|t:|1732641390\n|move|p1a: Dragonite|Extreme Speed|p2b: Ursaluna\n|-damage|p2b: Ursaluna|11\/100\n|move|p2b: Ursaluna|Blood Moon|p1a: Dragonite\n|-damage|p1a: Dragonite|0 fnt\n|faint|p1a: Dragonite\n|\n|win|Fuccisan\n|raw|Grade a type b's rating: 1726 &rarr; <strong>1701<\/strong><br \/>(-25 for losing)\n|raw|Fuccisan's rating: 1646 &rarr; <strong>1671<\/strong><br \/>(+25 for winning)\n|l|\u2606Grade a type b\n|player|p1|\n|l|\u2606Fuccisan\n|player|p2|\n|j|\u2606Fuccisan\n|player|p2|Fuccisan|dancer|\n","uploadtime":1732641581,"views":17,"formatid":"gen9vgc2024regh","rating":1671,"private":0,"password":null}