{"id":"gen9vgc2024regh-2251409271","format":"[Gen 9] VGC 2024 Reg H","players":["lichuweijixi","trecal"],"log":"|j|\u2606lichuweijixi\n|j|\u2606trecal\n|t:|1732626312\n|gametype|doubles\n|player|p1|lichuweijixi|170|1685\n|player|p2|trecal|2|1746\n|teamsize|p1|6\n|teamsize|p2|6\n|gen|9\n|tier|[Gen 9] VGC 2024 Reg H\n|rated|\n|rule|Species Clause: Limit one of each Pok\u00e9mon\n|rule|Item Clause: Limit 1 of each item\n|clearpoke\n|poke|p1|Rillaboom, L50, M|\n|poke|p1|Dragonite, L50, F|\n|poke|p1|Gholdengo, L50|\n|poke|p1|Kingambit, L50, M|\n|poke|p1|Sneasler, L50, F|\n|poke|p1|Dondozo, L50, F|\n|poke|p2|Kommo-o, L50, F|\n|poke|p2|Gholdengo, L50|\n|poke|p2|Sneasler, L50, F|\n|poke|p2|Rillaboom, L50, M|\n|poke|p2|Dondozo, L50, F|\n|poke|p2|Electabuzz, L50, F|\n|teampreview|4\n|inactive|Battle timer is ON: inactive players will automatically lose when time's up. (requested by lichuweijixi)\n|\n|t:|1732626398\n|start\n|switch|p1a: Sneasler|Sneasler, L50, F|100\/100\n|switch|p1b: Dragonite|Dragonite, L50, F, shiny|100\/100\n|switch|p2a: Kommo-o|Kommo-o, L50, F|100\/100\n|switch|p2b: Electabuzz|Electabuzz, L50, F|100\/100\n|turn|1\n|inactive|lichuweijixi has 30 seconds left.\n|\n|t:|1732626431\n|-terastallize|p1b: Dragonite|Steel\n|move|p2a: Kommo-o|Protect|p2a: Kommo-o\n|-singleturn|p2a: Kommo-o|Protect\n|move|p1a: Sneasler|Close Combat|p2b: Electabuzz\n|-damage|p2b: Electabuzz|39\/100\n|-unboost|p1a: Sneasler|def|1\n|-unboost|p1a: Sneasler|spd|1\n|move|p2b: Electabuzz|Electroweb|p1a: Sneasler|[spread] p1a,p1b\n|-damage|p1a: Sneasler|73\/100\n|-damage|p1b: Dragonite|93\/100\n|-unboost|p1a: Sneasler|spe|1\n|-unboost|p1b: Dragonite|spe|1\n|move|p1b: Dragonite|Scale Shot|p2b: Electabuzz\n|-damage|p2b: Electabuzz|25\/100\n|-damage|p2b: Electabuzz|10\/100\n|-damage|p2b: Electabuzz|0 fnt\n|faint|p2b: Electabuzz\n|-hitcount|p2: Electabuzz|3\n|-unboost|p1b: Dragonite|def|1\n|-boost|p1b: Dragonite|spe|1\n|\n|upkeep\n|inactive|trecal has 30 seconds left.\n|\n|t:|1732626463\n|switch|p2b: Rillaboom|Rillaboom, L50, M|100\/100\n|-fieldstart|move: Grassy Terrain|[from] ability: Grassy Surge|[of] p2b: Rillaboom\n|turn|2\n|\n|t:|1732626480\n|switch|p1a: Gholdengo|Gholdengo, L50, shiny|100\/100\n|move|p1b: Dragonite|Protect|p1b: Dragonite\n|-singleturn|p1b: Dragonite|Protect\n|move|p2b: Rillaboom|Fake Out|p1b: Dragonite\n|-activate|p1b: Dragonite|move: Protect\n|move|p2a: Kommo-o|Clanging Scales|p1b: Dragonite|[spread] p1a\n|-activate|p1b: Dragonite|move: Protect\n|-resisted|p1a: Gholdengo\n|-damage|p1a: Gholdengo|78\/100\n|-unboost|p2a: Kommo-o|def|1\n|-enditem|p2a: Kommo-o|Throat Spray\n|-boost|p2a: Kommo-o|spa|1|[from] item: Throat Spray\n|\n|-heal|p1a: Gholdengo|85\/100|[from] Grassy Terrain\n|-heal|p1b: Dragonite|99\/100|[from] Grassy Terrain\n|upkeep\n|turn|3\n|j| nootbar\n|inactive|lichuweijixi has 30 seconds left.\n|\n|t:|1732626507\n|-terastallize|p2a: Kommo-o|Fire\n|move|p1a: Gholdengo|Make It Rain|p2b: Rillaboom|[spread] p2a,p2b\n|-resisted|p2a: Kommo-o\n|-damage|p2a: Kommo-o|75\/100\n|-damage|p2b: Rillaboom|69\/100\n|-unboost|p1a: Gholdengo|spa|1\n|move|p1b: Dragonite|Scale Shot|p2b: Rillaboom|[miss]\n|-miss|p1b: Dragonite|p2b: Rillaboom\n|move|p2a: Kommo-o|Flamethrower|p1a: Gholdengo\n|-supereffective|p1a: Gholdengo\n|-damage|p1a: Gholdengo|0 fnt\n|faint|p1a: Gholdengo\n|move|p2b: Rillaboom|High Horsepower|p1b: Dragonite\n|-supereffective|p1b: Dragonite\n|-damage|p1b: Dragonite|0 fnt\n|faint|p1b: Dragonite\n|\n|-heal|p2a: Kommo-o|80\/100|[from] Grassy Terrain\n|-heal|p2b: Rillaboom|74\/100|[from] Grassy Terrain\n|upkeep\n|\n|t:|1732626531\n|switch|p1a: Rillaboom|Rillaboom, L50, M, shiny|100\/100\n|switch|p1b: Sneasler|Sneasler, L50, F|73\/100\n|turn|4\n|inactive|lichuweijixi has 30 seconds left.\n|inactive|trecal has 30 seconds left.\n|\n|t:|1732626556\n|switch|p2b: Dondozo|Dondozo, L50, F|100\/100\n|move|p2a: Kommo-o|Protect|p2a: Kommo-o\n|-singleturn|p2a: Kommo-o|Protect\n|move|p1a: Rillaboom|Fake Out|p2a: Kommo-o\n|-activate|p2a: Kommo-o|move: Protect\n|move|p1b: Sneasler|Dire Claw|p2b: Dondozo\n|-damage|p2b: Dondozo|75\/100\n|-status|p2b: Dondozo|psn\n|\n|-heal|p1b: Sneasler|79\/100|[from] Grassy Terrain\n|-heal|p2a: Kommo-o|86\/100|[from] Grassy Terrain\n|-heal|p2b: Dondozo|81\/100 psn|[from] Grassy Terrain\n|-heal|p2b: Dondozo|87\/100 psn|[from] item: Leftovers\n|-damage|p2b: Dondozo|75\/100 psn|[from] psn\n|upkeep\n|turn|5\n|inactive|trecal has 30 seconds left.\n|inactive|trecal has 20 seconds left.\n|inactive|trecal has 15 seconds left.\n|inactive|trecal has 10 seconds left.\n|\n|t:|1732626601\n|switch|p2b: Rillaboom|Rillaboom, L50, M|74\/100\n|move|p1b: Sneasler|Dire Claw|p2a: Kommo-o\n|-damage|p2a: Kommo-o|26\/100\n|move|p2a: Kommo-o|Clanging Scales|p1a: Rillaboom|[spread] p1a,p1b\n|-damage|p1a: Rillaboom|31\/100\n|-damage|p1b: Sneasler|11\/100\n|-unboost|p2a: Kommo-o|def|1\n|move|p1a: Rillaboom|Wood Hammer|p2a: Kommo-o\n|-resisted|p2a: Kommo-o\n|-damage|p2a: Kommo-o|0 fnt\n|faint|p2a: Kommo-o\n|-damage|p1a: Rillaboom|23\/100|[from] Recoil\n|\n|-heal|p1b: Sneasler|17\/100|[from] Grassy Terrain\n|-heal|p1a: Rillaboom|29\/100|[from] Grassy Terrain\n|-heal|p2b: Rillaboom|80\/100|[from] Grassy Terrain\n|upkeep\n|\n|t:|1732626613\n|switch|p2a: Dondozo|Dondozo, L50, F|75\/100 psn\n|turn|6\n|\n|t:|1732626637\n|move|p1b: Sneasler|Protect|p1b: Sneasler\n|-singleturn|p1b: Sneasler|Protect\n|move|p2b: Rillaboom|Grassy Glide|p1b: Sneasler\n|-activate|p1b: Sneasler|move: Protect\n|move|p1a: Rillaboom|Wood Hammer|p2a: Dondozo\n|-supereffective|p2a: Dondozo\n|-damage|p2a: Dondozo|0 fnt\n|faint|p2a: Dondozo\n|-damage|p1a: Rillaboom|0 fnt|[from] Recoil\n|faint|p1a: Rillaboom\n|\n|-heal|p1b: Sneasler|23\/100|[from] Grassy Terrain\n|-heal|p2b: Rillaboom|86\/100|[from] Grassy Terrain\n|-fieldend|move: Grassy Terrain\n|upkeep\n|turn|7\n|\n|t:|1732626655\n|move|p1b: Sneasler|Dire Claw|p2b: Rillaboom\n|-supereffective|p2b: Rillaboom\n|-damage|p2b: Rillaboom|0 fnt\n|faint|p2b: Rillaboom\n|\n|win|lichuweijixi\n|raw|lichuweijixi's rating: 1685 &rarr; <strong>1708<\/strong><br \/>(+23 for winning)\n|raw|trecal's rating: 1746 &rarr; <strong>1723<\/strong><br \/>(-23 for losing)\n|l|\u2606trecal\n|player|p2|\n","uploadtime":1732626890,"views":6,"formatid":"gen9vgc2024regh","rating":1708,"private":0,"password":null}