{"id":"gen9vgc2024regh-2251241120","format":"[Gen 9] VGC 2024 Reg H","players":["yuzuda","zoombeanle"],"log":"|j|\u2606yuzuda\n|j|\u2606zoombeanle\n|t:|1732598036\n|gametype|doubles\n|player|p1|yuzuda|266|1707\n|player|p2|zoombeanle|169|1638\n|teamsize|p1|6\n|teamsize|p2|6\n|gen|9\n|tier|[Gen 9] VGC 2024 Reg H\n|rated|\n|rule|Species Clause: Limit one of each Pok\u00e9mon\n|rule|Item Clause: Limit 1 of each item\n|clearpoke\n|poke|p1|Archaludon, L50, F|\n|poke|p1|Pelipper, L50, M|\n|poke|p1|Annihilape, L50, M|\n|poke|p1|Whimsicott, L50, F|\n|poke|p1|Rillaboom, L50, M|\n|poke|p1|Gholdengo, L50|\n|poke|p2|Politoed, L50, F|\n|poke|p2|Espathra, L50, F|\n|poke|p2|Ludicolo, L50, F|\n|poke|p2|Garchomp, L50, M|\n|poke|p2|Garganacl, L50, F|\n|poke|p2|Houndoom, L50, M|\n|teampreview|4\n|inactive|Battle timer is ON: inactive players will automatically lose when time's up. (requested by yuzuda)\n|j| a small creature\n|\n|t:|1732598058\n|start\n|switch|p1a: Whimsicott|Whimsicott, L50, F|100\/100\n|switch|p1b: Gholdengo|Gholdengo, L50|100\/100\n|switch|p2a: Garganacl|Garganacl, L50, F|100\/100\n|switch|p2b: Espathra|Espathra, L50, F, shiny|100\/100\n|turn|1\n|j| four block jump\n|\n|t:|1732598077\n|-terastallize|p2a: Garganacl|Ghost\n|move|p1a: Whimsicott|Moonblast|p2b: Espathra\n|-damage|p2b: Espathra|46\/100\n|-unboost|p2b: Espathra|spa|1\n|move|p2b: Espathra|Lumina Crash|p1a: Whimsicott\n|-damage|p1a: Whimsicott|58\/100\n|-unboost|p1a: Whimsicott|spd|2\n|move|p1b: Gholdengo|Trick|p2a: Garganacl\n|-activate|p1b: Gholdengo|move: Trick|[of] p2a: Garganacl\n|-item|p2a: Garganacl|Choice Specs|[from] move: Trick\n|-item|p1b: Gholdengo|Leftovers|[from] move: Trick\n|move|p2a: Garganacl|Salt Cure|p1b: Gholdengo\n|-resisted|p1b: Gholdengo\n|-damage|p1b: Gholdengo|93\/100\n|-start|p1b: Gholdengo|Salt Cure\n|\n|-heal|p1b: Gholdengo|99\/100|[from] item: Leftovers\n|-damage|p1b: Gholdengo|75\/100|[from] Salt Cure\n|-ability|p2b: Espathra|Speed Boost|boost\n|-boost|p2b: Espathra|spe|1\n|upkeep\n|turn|2\n|inactive|yuzuda has 30 seconds left.\n|inactive|zoombeanle has 30 seconds left.\n|inactive|zoombeanle has 20 seconds left.\n|\n|t:|1732598114\n|switch|p1b: Rillaboom|Rillaboom, L50, M|100\/100\n|-fieldstart|move: Grassy Terrain|[from] ability: Grassy Surge|[of] p1b: Rillaboom\n|move|p1a: Whimsicott|Tailwind|p1a: Whimsicott\n|-sidestart|p1: yuzuda|move: Tailwind\n|move|p2b: Espathra|Lumina Crash|p1a: Whimsicott\n|-damage|p1a: Whimsicott|0 fnt\n|faint|p1a: Whimsicott\n|move|p2a: Garganacl|Salt Cure|p1b: Rillaboom\n|-damage|p1b: Rillaboom|87\/100\n|-start|p1b: Rillaboom|Salt Cure\n|\n|-heal|p2b: Espathra|52\/100|[from] Grassy Terrain\n|-heal|p1b: Rillaboom|93\/100|[from] Grassy Terrain\n|-damage|p1b: Rillaboom|81\/100|[from] Salt Cure\n|-ability|p2b: Espathra|Speed Boost|boost\n|-boost|p2b: Espathra|spe|1\n|upkeep\n|\n|t:|1732598133\n|switch|p1a: Gholdengo|Gholdengo, L50|75\/100\n|turn|3\n|\n|t:|1732598147\n|move|p2b: Espathra|Protect|p2b: Espathra\n|-singleturn|p2b: Espathra|Protect\n|move|p1b: Rillaboom|Grassy Glide|p2b: Espathra\n|-activate|p2b: Espathra|move: Protect\n|move|p1a: Gholdengo|Shadow Ball|p2b: Espathra\n|-activate|p2b: Espathra|move: Protect\n|move|p2a: Garganacl|Salt Cure|p1a: Gholdengo\n|-resisted|p1a: Gholdengo\n|-damage|p1a: Gholdengo|67\/100\n|-start|p1a: Gholdengo|Salt Cure\n|\n|-heal|p2b: Espathra|58\/100|[from] Grassy Terrain\n|-heal|p1a: Gholdengo|73\/100|[from] Grassy Terrain\n|-heal|p1a: Gholdengo|79\/100|[from] item: Leftovers\n|-heal|p1b: Rillaboom|86\/100|[from] Grassy Terrain\n|-damage|p1a: Gholdengo|54\/100|[from] Salt Cure\n|-damage|p1b: Rillaboom|74\/100|[from] Salt Cure\n|-ability|p2b: Espathra|Speed Boost|boost\n|-boost|p2b: Espathra|spe|1\n|upkeep\n|turn|4\n|\n|t:|1732598171\n|switch|p2b: Garchomp|Garchomp, L50, M|100\/100\n|move|p1b: Rillaboom|Grassy Glide|p2b: Garchomp\n|-damage|p2b: Garchomp|67\/100\n|-damage|p1b: Rillaboom|62\/100|[from] ability: Rough Skin|[of] p2b: Garchomp\n|-damage|p1b: Rillaboom|46\/100|[from] item: Rocky Helmet|[of] p2b: Garchomp\n|move|p1a: Gholdengo|Make It Rain|p2b: Garchomp|[spread] p2a,p2b\n|-damage|p2a: Garganacl|62\/100\n|-damage|p2b: Garchomp|22\/100\n|-unboost|p1a: Gholdengo|spa|1\n|move|p2a: Garganacl|Salt Cure|p1b: Rillaboom\n|-damage|p1b: Rillaboom|32\/100\n|\n|-heal|p1a: Gholdengo|60\/100|[from] Grassy Terrain\n|-heal|p1a: Gholdengo|67\/100|[from] item: Leftovers\n|-heal|p1b: Rillaboom|38\/100|[from] Grassy Terrain\n|-heal|p2b: Garchomp|28\/100|[from] Grassy Terrain\n|-heal|p2a: Garganacl|68\/100|[from] Grassy Terrain\n|-damage|p1a: Gholdengo|42\/100|[from] Salt Cure\n|-damage|p1b: Rillaboom|26\/100|[from] Salt Cure\n|upkeep\n|turn|5\n|inactive|yuzuda has 30 seconds left.\n|inactive|zoombeanle has 30 seconds left.\n|\n|t:|1732598200\n|move|p2b: Garchomp|Protect|p2b: Garchomp\n|-singleturn|p2b: Garchomp|Protect\n|move|p1a: Gholdengo|Make It Rain|p2a: Garganacl|[spread] p2a\n|-activate|p2b: Garchomp|move: Protect\n|-damage|p2a: Garganacl|46\/100\n|-unboost|p1a: Gholdengo|spa|1\n|move|p1b: Rillaboom|Wood Hammer|p2a: Garganacl\n|-damage|p2a: Garganacl|0 fnt\n|faint|p2a: Garganacl\n|-damage|p1b: Rillaboom|11\/100|[from] Recoil\n|\n|-heal|p1a: Gholdengo|48\/100|[from] Grassy Terrain\n|-heal|p1a: Gholdengo|54\/100|[from] item: Leftovers\n|-heal|p1b: Rillaboom|17\/100|[from] Grassy Terrain\n|-heal|p2b: Garchomp|34\/100|[from] Grassy Terrain\n|-damage|p1a: Gholdengo|30\/100|[from] Salt Cure\n|-damage|p1b: Rillaboom|5\/100|[from] Salt Cure\n|-sideend|p1: yuzuda|move: Tailwind\n|upkeep\n|\n|t:|1732598222\n|switch|p2a: Ludicolo|Ludicolo, L50, F|100\/100\n|turn|6\n|\n|t:|1732598239\n|switch|p1a: Archaludon|Archaludon, L50, F|100\/100\n|move|p2a: Ludicolo|Fake Out|p1b: Rillaboom\n|-damage|p1b: Rillaboom|0 fnt\n|faint|p1b: Rillaboom\n|move|p2b: Garchomp|Stomping Tantrum|p1a: Archaludon\n|-supereffective|p1a: Archaludon\n|-damage|p1a: Archaludon|60\/100\n|-ability|p1a: Archaludon|Stamina|boost\n|-boost|p1a: Archaludon|def|1\n|\n|-heal|p2b: Garchomp|40\/100|[from] Grassy Terrain\n|-heal|p1a: Archaludon|67\/100|[from] Grassy Terrain\n|-fieldend|move: Grassy Terrain\n|upkeep\n|\n|t:|1732598253\n|switch|p1b: Gholdengo|Gholdengo, L50|30\/100\n|turn|7\n|\n|t:|1732598265\n|-terastallize|p1a: Archaludon|Bug\n|move|p1b: Gholdengo|Shadow Ball|p2a: Ludicolo\n|-damage|p2a: Ludicolo|66\/100\n|move|p2b: Garchomp|Stomping Tantrum|p1b: Gholdengo\n|-supereffective|p1b: Gholdengo\n|-damage|p1b: Gholdengo|0 fnt\n|faint|p1b: Gholdengo\n|move|p2a: Ludicolo|Muddy Water|p1a: Archaludon\n|-damage|p1a: Archaludon|39\/100\n|-unboost|p1a: Archaludon|accuracy|1\n|-ability|p1a: Archaludon|Stamina|boost\n|-boost|p1a: Archaludon|def|1\n|move|p1a: Archaludon|Snarl|p2b: Garchomp|[spread] p2a\n|-miss|p1a: Archaludon|p2b: Garchomp\n|-damage|p2a: Ludicolo|56\/100\n|-unboost|p2a: Ludicolo|spa|1\n|\n|upkeep\n|turn|8\n|\n|t:|1732598287\n|move|p2b: Garchomp|Helping Hand|p2a: Ludicolo\n|-singleturn|p2a: Ludicolo|Helping Hand|[of] p2b: Garchomp\n|move|p2a: Ludicolo|Muddy Water|p1a: Archaludon\n|-crit|p1a: Archaludon\n|-damage|p1a: Archaludon|0 fnt\n|faint|p1a: Archaludon\n|\n|win|zoombeanle\n|raw|yuzuda's rating: 1707 &rarr; <strong>1683<\/strong><br \/>(-24 for losing)\n|raw|zoombeanle's rating: 1638 &rarr; <strong>1662<\/strong><br \/>(+24 for winning)\n|c|\u2606zoombeanle|Gg\n|l|\u2606yuzuda\n|player|p1|\n|l|\u2606zoombeanle\n|player|p2|\n|l| a small creature\n|l| four block jump\n","uploadtime":1732598508,"views":10,"formatid":"gen9vgc2024regh","rating":1662,"private":0,"password":null}