{"id":"gen9vgc2024regh-2251506208","format":"[Gen 9] VGC 2024 Reg H","players":["Aziz On Switch","CarryTheBoats"],"log":"|j|\u2606Aziz On Switch\n|j|\u2606CarryTheBoats\n|t:|1732636785\n|gametype|doubles\n|player|p1|Aziz On Switch|hiker|1676\n|player|p2|CarryTheBoats|crasherwake|1794\n|teamsize|p1|6\n|teamsize|p2|6\n|gen|9\n|tier|[Gen 9] VGC 2024 Reg H\n|rated|\n|rule|Species Clause: Limit one of each Pok\u00e9mon\n|rule|Item Clause: Limit 1 of each item\n|clearpoke\n|poke|p1|Sneasler, L50, F|\n|poke|p1|Dragonite, L50, M|\n|poke|p1|Indeedee, L50, M|\n|poke|p1|Ursaluna, L50, M|\n|poke|p1|Gholdengo, L50|\n|poke|p1|Archaludon, L50, F|\n|poke|p2|Archaludon, L50, F|\n|poke|p2|Pelipper, L50, M|\n|poke|p2|Amoonguss, L50, F|\n|poke|p2|Incineroar, L50, F|\n|poke|p2|Basculegion, L50, M|\n|poke|p2|Dragonite, L50, M|\n|teampreview|4\n|\n|t:|1732636841\n|start\n|switch|p1a: Dragonite|Dragonite, L50, M, shiny|100\/100\n|switch|p1b: Ursaluna|Ursaluna, L50, M|100\/100\n|switch|p2a: Dragonite|Dragonite, L50, M|100\/100\n|switch|p2b: Amoonguss|Amoonguss, L50, F|100\/100\n|turn|1\n|j| RiotJuice\n|\n|t:|1732636885\n|switch|p2b: Archaludon|Archaludon, L50, F, shiny|100\/100\n|-terastallize|p1a: Dragonite|Fairy\n|move|p1b: Ursaluna|Protect|p1b: Ursaluna\n|-singleturn|p1b: Ursaluna|Protect\n|move|p1a: Dragonite|Scale Shot|p2b: Archaludon\n|-damage|p2b: Archaludon|90\/100\n|-ability|p2b: Archaludon|Stamina|boost\n|-boost|p2b: Archaludon|def|1\n|-damage|p2b: Archaludon|82\/100\n|-ability|p2b: Archaludon|Stamina|boost\n|-boost|p2b: Archaludon|def|1\n|-damage|p2b: Archaludon|77\/100\n|-ability|p2b: Archaludon|Stamina|boost\n|-boost|p2b: Archaludon|def|1\n|-damage|p2b: Archaludon|73\/100\n|-ability|p2b: Archaludon|Stamina|boost\n|-boost|p2b: Archaludon|def|1\n|-hitcount|p2b: Archaludon|4\n|-unboost|p1a: Dragonite|def|1\n|-boost|p1a: Dragonite|spe|1\n|move|p2a: Dragonite|Scale Shot|p2b: Archaludon\n|-damage|p2b: Archaludon|69\/100\n|-ability|p2b: Archaludon|Stamina|boost\n|-boost|p2b: Archaludon|def|1\n|-damage|p2b: Archaludon|66\/100\n|-ability|p2b: Archaludon|Stamina|boost\n|-boost|p2b: Archaludon|def|1\n|-damage|p2b: Archaludon|63\/100\n|-damage|p2b: Archaludon|59\/100\n|-damage|p2b: Archaludon|56\/100\n|-hitcount|p2b: Archaludon|5\n|-unboost|p2a: Dragonite|def|1\n|-boost|p2a: Dragonite|spe|1\n|\n|-status|p1b: Ursaluna|brn|[from] item: Flame Orb\n|upkeep\n|turn|2\n|\n|t:|1732636928\n|move|p1a: Dragonite|Haze|p1a: Dragonite\n|-clearallboost\n|move|p2a: Dragonite|Scale Shot|p2b: Archaludon\n|-damage|p2b: Archaludon|46\/100\n|-ability|p2b: Archaludon|Stamina|boost\n|-boost|p2b: Archaludon|def|1\n|-damage|p2b: Archaludon|39\/100\n|-ability|p2b: Archaludon|Stamina|boost\n|-boost|p2b: Archaludon|def|1\n|-damage|p2b: Archaludon|34\/100\n|-ability|p2b: Archaludon|Stamina|boost\n|-boost|p2b: Archaludon|def|1\n|-damage|p2b: Archaludon|29\/100\n|-ability|p2b: Archaludon|Stamina|boost\n|-boost|p2b: Archaludon|def|1\n|-damage|p2b: Archaludon|26\/100\n|-ability|p2b: Archaludon|Stamina|boost\n|-boost|p2b: Archaludon|def|1\n|-hitcount|p2b: Archaludon|5\n|-unboost|p2a: Dragonite|def|1\n|-boost|p2a: Dragonite|spe|1\n|move|p2b: Archaludon|Body Press|p1b: Ursaluna\n|-supereffective|p1b: Ursaluna\n|-damage|p1b: Ursaluna|0 fnt\n|faint|p1b: Ursaluna\n|\n|upkeep\n|\n|t:|1732636952\n|switch|p1b: Indeedee|Indeedee, L50, M|100\/100\n|-fieldstart|move: Psychic Terrain|[from] ability: Psychic Surge|[of] p1b: Indeedee\n|turn|3\n|\n|t:|1732636961\n|-terastallize|p2a: Dragonite|Fairy\n|move|p2a: Dragonite|Scale Shot|p1b: Indeedee\n|-damage|p1b: Indeedee|77\/100\n|-crit|p1b: Indeedee\n|-damage|p1b: Indeedee|39\/100\n|-damage|p1b: Indeedee|13\/100\n|-damage|p1b: Indeedee|0 fnt\n|faint|p1b: Indeedee\n|-hitcount|p1: Indeedee|4\n|-unboost|p2a: Dragonite|def|1\n|-boost|p2a: Dragonite|spe|1\n|move|p1a: Dragonite|Haze|p1a: Dragonite\n|-clearallboost\n|move|p2b: Archaludon|Flash Cannon|p1a: Dragonite\n|-supereffective|p1a: Dragonite\n|-damage|p1a: Dragonite|10\/100\n|\n|upkeep\n|\n|t:|1732636976\n|switch|p1b: Sneasler|Sneasler, L50, F|100\/100\n|-enditem|p1b: Sneasler|Psychic Seed\n|-boost|p1b: Sneasler|spd|1|[from] item: Psychic Seed\n|turn|4\n|\n|t:|1732636984\n|move|p2a: Dragonite|Protect|p2a: Dragonite\n|-singleturn|p2a: Dragonite|Protect\n|move|p1b: Sneasler|Dire Claw|p2a: Dragonite\n|-activate|p2a: Dragonite|move: Protect\n|move|p1a: Dragonite|Scale Shot|p2b: Archaludon\n|-damage|p2b: Archaludon|15\/100\n|-ability|p2b: Archaludon|Stamina|boost\n|-boost|p2b: Archaludon|def|1\n|-damage|p2b: Archaludon|8\/100\n|-ability|p2b: Archaludon|Stamina|boost\n|-boost|p2b: Archaludon|def|1\n|-damage|p2b: Archaludon|3\/100\n|-ability|p2b: Archaludon|Stamina|boost\n|-boost|p2b: Archaludon|def|1\n|-damage|p2b: Archaludon|0 fnt\n|faint|p2b: Archaludon\n|-hitcount|p2: Archaludon|4\n|-unboost|p1a: Dragonite|def|1\n|-boost|p1a: Dragonite|spe|1\n|\n|upkeep\n|\n|t:|1732636993\n|switch|p2b: Amoonguss|Amoonguss, L50, F|100\/100\n|turn|5\n|l| RiotJuice\n|j| RiotJuice\n|\n|t:|1732637008\n|move|p2b: Amoonguss|Rage Powder|p2b: Amoonguss\n|-singleturn|p2b: Amoonguss|move: Rage Powder\n|move|p1b: Sneasler|Dire Claw|p2b: Amoonguss\n|-damage|p2b: Amoonguss|62\/100\n|move|p1a: Dragonite|Scale Shot|p2b: Amoonguss\n|-damage|p2b: Amoonguss|50\/100\n|-enditem|p2b: Amoonguss|Sitrus Berry|[eat]\n|-heal|p2b: Amoonguss|75\/100|[from] item: Sitrus Berry\n|-damage|p2b: Amoonguss|65\/100\n|-damage|p2b: Amoonguss|54\/100\n|-damage|p2b: Amoonguss|43\/100\n|-hitcount|p2b: Amoonguss|4\n|-unboost|p1a: Dragonite|def|1\n|-boost|p1a: Dragonite|spe|1\n|move|p2a: Dragonite|Stomping Tantrum|p1a: Dragonite\n|-damage|p1a: Dragonite|0 fnt\n|faint|p1a: Dragonite\n|\n|upkeep\n|turn|6\n|l| RiotJuice\n|\n|t:|1732637027\n|switch|p2b: Incineroar|Incineroar, L50, F, shiny|100\/100\n|-ability|p2b: Incineroar|Intimidate|boost\n|-unboost|p1b: Sneasler|atk|1\n|move|p2a: Dragonite|Protect|p2a: Dragonite\n|-singleturn|p2a: Dragonite|Protect\n|move|p1b: Sneasler|Dire Claw|p2a: Dragonite\n|-activate|p2a: Dragonite|move: Protect\n|\n|upkeep\n|turn|7\n|\n|t:|1732637034\n|move|p1b: Sneasler|Close Combat|p2b: Incineroar\n|-supereffective|p2b: Incineroar\n|-damage|p2b: Incineroar|14\/100\n|-unboost|p1b: Sneasler|def|1\n|-unboost|p1b: Sneasler|spd|1\n|move|p2a: Dragonite|Stomping Tantrum|p1b: Sneasler\n|-supereffective|p1b: Sneasler\n|-damage|p1b: Sneasler|0 fnt\n|faint|p1b: Sneasler\n|\n|win|CarryTheBoats\n|raw|Aziz On Switch's rating: 1676 &rarr; <strong>1663<\/strong><br \/>(-13 for losing)\n|raw|CarryTheBoats's rating: 1794 &rarr; <strong>1807<\/strong><br \/>(+13 for winning)\n|l|\u2606CarryTheBoats\n|player|p2|\n|l|\u2606Aziz On Switch\n|player|p1|\n","uploadtime":1732637040,"views":8,"formatid":"gen9vgc2024regh","rating":1663,"private":0,"password":null}