{"id":"gen9vgc2024regh-2251114718","format":"[Gen 9] VGC 2024 Reg H","players":["btest0011","iSpinoThing"],"log":"|j|\u2606btest0011\n|j|\u2606iSpinoThing\n|t:|1732581202\n|gametype|doubles\n|player|p1|btest0011|2|1742\n|player|p2|iSpinoThing|n|1654\n|teamsize|p1|6\n|teamsize|p2|6\n|gen|9\n|tier|[Gen 9] VGC 2024 Reg H\n|rated|\n|rule|Species Clause: Limit one of each Pok\u00e9mon\n|rule|Item Clause: Limit 1 of each item\n|clearpoke\n|poke|p1|Gholdengo, L50|\n|poke|p1|Sneasler, L50, M|\n|poke|p1|Incineroar, L50, F|\n|poke|p1|Dragonite, L50, M|\n|poke|p1|Amoonguss, L50, M|\n|poke|p1|Ursaluna-Bloodmoon, L50, M|\n|poke|p2|Amoonguss, L50, M|\n|poke|p2|Incineroar, L50, F|\n|poke|p2|Kingambit, L50, M|\n|poke|p2|Ninetales-Alola, L50, M|\n|poke|p2|Garchomp, L50, M|\n|poke|p2|Dragonite, L50, M|\n|teampreview|4\n|inactive|Battle timer is ON: inactive players will automatically lose when time's up. (requested by btest0011)\n|inactive|iSpinoThing has 60 seconds left.\n|inactive|iSpinoThing has 30 seconds left.\n|inactive|iSpinoThing has 20 seconds left.\n|inactive|iSpinoThing has 15 seconds left.\n|inactive|iSpinoThing has 10 seconds left.\n|\n|t:|1732581285\n|start\n|switch|p1a: Sneasler|Sneasler, L50, M|100\/100\n|switch|p1b: Dragonite|Dragonite, L50, M|100\/100\n|switch|p2a: Garchomp|Garchomp, L50, M|100\/100\n|switch|p2b: Dragonite|Dragonite, L50, M|100\/100\n|turn|1\n|inactive|iSpinoThing has 30 seconds left.\n|inactive|iSpinoThing has 20 seconds left.\n|inactive|iSpinoThing has 15 seconds left.\n|\n|t:|1732581329\n|switch|p2a: Incineroar|Incineroar, L50, F|100\/100\n|-ability|p2a: Incineroar|Intimidate|boost\n|-unboost|p1a: Sneasler|atk|1\n|-unboost|p1b: Dragonite|atk|1\n|switch|p2b: Ninetales|Ninetales-Alola, L50, M, shiny|100\/100\n|-weather|Snow|[from] ability: Snow Warning|[of] p2b: Ninetales\n|move|p1a: Sneasler|Fake Out|p2b: Ninetales\n|-damage|p2b: Ninetales|91\/100\n|move|p1b: Dragonite|Scale Shot|p2a: Incineroar\n|-crit|p2a: Incineroar\n|-damage|p2a: Incineroar|79\/100\n|-damage|p2a: Incineroar|69\/100\n|-damage|p2a: Incineroar|60\/100\n|-damage|p2a: Incineroar|50\/100\n|-hitcount|p2a: Incineroar|4\n|-unboost|p1b: Dragonite|def|1\n|-boost|p1b: Dragonite|spe|1\n|\n|-weather|Snow|[upkeep]\n|upkeep\n|turn|2\n|inactive|iSpinoThing has 30 seconds left.\n|\n|t:|1732581357\n|switch|p1a: Incineroar|Incineroar, L50, F|100\/100\n|-ability|p1a: Incineroar|Intimidate|boost\n|-unboost|p2a: Incineroar|atk|1\n|-unboost|p2b: Ninetales|atk|1\n|move|p1b: Dragonite|Protect|p1b: Dragonite\n|-singleturn|p1b: Dragonite|Protect\n|move|p2a: Incineroar|Fake Out|p1a: Incineroar\n|-crit|p1a: Incineroar\n|-damage|p1a: Incineroar|83\/100\n|move|p2b: Ninetales|Blizzard|p1b: Dragonite|[spread] p1a\n|-activate|p1b: Dragonite|move: Protect\n|-resisted|p1a: Incineroar\n|-damage|p1a: Incineroar|68\/100\n|\n|-weather|Snow|[upkeep]\n|upkeep\n|turn|3\n|inactive|iSpinoThing has 30 seconds left.\n|\n|t:|1732581383\n|switch|p2b: Garchomp|Garchomp, L50, M|100\/100\n|move|p1b: Dragonite|Tailwind|p1b: Dragonite\n|-sidestart|p1: btest0011|move: Tailwind\n|move|p1a: Incineroar|Flare Blitz|p2b: Garchomp\n|-resisted|p2b: Garchomp\n|-damage|p2b: Garchomp|78\/100\n|-damage|p1a: Incineroar|55\/100|[from] ability: Rough Skin|[of] p2b: Garchomp\n|-damage|p1a: Incineroar|48\/100|[from] Recoil\n|move|p2a: Incineroar|Parting Shot|p1b: Dragonite\n|-unboost|p1b: Dragonite|atk|1\n|-unboost|p1b: Dragonite|spa|1\n|\n|t:|1732581400\n|switch|p2a: Dragonite|Dragonite, L50, M|100\/100|[from] Parting Shot\n|\n|-weather|Snow|[upkeep]\n|upkeep\n|turn|4\n|\n|t:|1732581422\n|move|p1b: Dragonite|Scale Shot|p2b: Garchomp\n|-supereffective|p2b: Garchomp\n|-damage|p2b: Garchomp|62\/100\n|-supereffective|p2b: Garchomp\n|-damage|p2b: Garchomp|47\/100\n|-supereffective|p2b: Garchomp\n|-damage|p2b: Garchomp|32\/100\n|-supereffective|p2b: Garchomp\n|-damage|p2b: Garchomp|16\/100\n|-hitcount|p2b: Garchomp|4\n|-unboost|p1b: Dragonite|def|1\n|-boost|p1b: Dragonite|spe|1\n|move|p2b: Garchomp|Earthquake|p1a: Incineroar|[spread] p1a\n|-immune|p2a: Dragonite\n|-immune|p1b: Dragonite\n|-supereffective|p1a: Incineroar\n|-damage|p1a: Incineroar|0 fnt\n|faint|p1a: Incineroar\n|move|p2a: Dragonite|Ice Spinner|p1b: Dragonite\n|-supereffective|p1b: Dragonite\n|-damage|p1b: Dragonite|0 fnt\n|faint|p1b: Dragonite\n|\n|-weather|Snow|[upkeep]\n|upkeep\n|\n|t:|1732581440\n|switch|p1b: Ursaluna|Ursaluna-Bloodmoon, L50, M|100\/100\n|switch|p1a: Sneasler|Sneasler, L50, M|100\/100\n|turn|5\n|inactive|iSpinoThing has 30 seconds left.\n|inactive|iSpinoThing has 20 seconds left.\n|inactive|iSpinoThing has 15 seconds left.\n|\n|t:|1732581482\n|-terastallize|p1b: Ursaluna|Normal\n|-terastallize|p2a: Dragonite|Flying\n|move|p1a: Sneasler|Dire Claw|p2a: Dragonite\n|-damage|p2a: Dragonite|81\/100\n|move|p1b: Ursaluna|Hyper Voice|p2a: Dragonite|[spread] p2a,p2b\n|-damage|p2a: Dragonite|50\/100\n|-damage|p2b: Garchomp|0 fnt\n|faint|p2b: Garchomp\n|move|p2a: Dragonite|Tera Blast|p1a: Sneasler|[anim] Tera Blast Flying\n|-supereffective|p1a: Sneasler\n|-enditem|p1a: Sneasler|Focus Sash\n|-damage|p1a: Sneasler|1\/100\n|\n|-weather|none\n|upkeep\n|\n|t:|1732581497\n|switch|p2b: Incineroar|Incineroar, L50, F|50\/100\n|-ability|p2b: Incineroar|Intimidate|boost\n|-unboost|p1a: Sneasler|atk|1\n|-unboost|p1b: Ursaluna|atk|1\n|turn|6\n|j| haamgamer07\n|\n|t:|1732581511\n|move|p1a: Sneasler|Protect|p1a: Sneasler\n|-singleturn|p1a: Sneasler|Protect\n|move|p2b: Incineroar|Fake Out|p1b: Ursaluna\n|-damage|p1b: Ursaluna|91\/100\n|move|p2a: Dragonite|Extreme Speed|p1a: Sneasler\n|-activate|p1a: Sneasler|move: Protect\n|cant|p1b: Ursaluna|flinch\n|\n|-sideend|p1: btest0011|move: Tailwind\n|upkeep\n|turn|7\n|\n|t:|1732581535\n|move|p2a: Dragonite|Extreme Speed|p1a: Sneasler\n|-damage|p1a: Sneasler|0 fnt\n|faint|p1a: Sneasler\n|move|p1b: Ursaluna|Blood Moon|p2a: Dragonite\n|-damage|p2a: Dragonite|0 fnt\n|faint|p2a: Dragonite\n|move|p2b: Incineroar|Parting Shot|p1b: Ursaluna\n|-unboost|p1b: Ursaluna|atk|1\n|-unboost|p1b: Ursaluna|spa|1\n|\n|t:|1732581545\n|switch|p2b: Ninetales|Ninetales-Alola, L50, M, shiny|91\/100|[from] Parting Shot\n|-weather|Snow|[from] ability: Snow Warning|[of] p2b: Ninetales\n|\n|-weather|Snow|[upkeep]\n|upkeep\n|\n|t:|1732581548\n|switch|p2a: Incineroar|Incineroar, L50, F|50\/100\n|-ability|p2a: Incineroar|Intimidate|boost\n|-unboost|p1b: Ursaluna|atk|1\n|turn|8\n|\n|t:|1732581562\n|move|p2a: Incineroar|Fake Out|p1b: Ursaluna\n|-damage|p1b: Ursaluna|81\/100\n|move|p2b: Ninetales|Blizzard|p1b: Ursaluna\n|-damage|p1b: Ursaluna|41\/100\n|cant|p1b: Ursaluna|flinch\n|\n|-weather|Snow|[upkeep]\n|upkeep\n|turn|9\n|\n|t:|1732581573\n|move|p2b: Ninetales|Blizzard|p1b: Ursaluna\n|-damage|p1b: Ursaluna|4\/100\n|-status|p1b: Ursaluna|frz\n|cant|p1b: Ursaluna|frz\n|move|p2a: Incineroar|Knock Off|p1b: Ursaluna\n|-damage|p1b: Ursaluna|0 fnt\n|-enditem|p1b: Ursaluna|Assault Vest|[from] move: Knock Off|[of] p2a: Incineroar\n|faint|p1b: Ursaluna\n|\n|win|iSpinoThing\n|raw|btest0011's rating: 1742 &rarr; <strong>1717<\/strong><br \/>(-25 for losing)\n|raw|iSpinoThing's rating: 1654 &rarr; <strong>1679<\/strong><br \/>(+25 for winning)\n","uploadtime":1732581599,"views":283,"formatid":"gen9vgc2024regh","rating":1679,"private":0,"password":null}