{"id":"gen9vgc2024regh-2251515874","format":"[Gen 9] VGC 2024 Reg H","players":["diddle08","FallenVortex842"],"log":"|j|\u2606diddle08\n|j|\u2606FallenVortex842\n|t:|1732637752\n|gametype|doubles\n|player|p1|diddle08|acetrainer|1640\n|player|p2|FallenVortex842|102|1693\n|teamsize|p1|6\n|teamsize|p2|6\n|gen|9\n|tier|[Gen 9] VGC 2024 Reg H\n|rated|\n|rule|Species Clause: Limit one of each Pok\u00e9mon\n|rule|Item Clause: Limit 1 of each item\n|clearpoke\n|poke|p1|Blastoise, L50, M|\n|poke|p1|Pelipper, L50, M|\n|poke|p1|Sneasler, L50, F|\n|poke|p1|Indeedee-F, L50, F|\n|poke|p1|Delphox, L50, M|\n|poke|p1|Murkrow, L50, F|\n|poke|p2|Gholdengo, L50|\n|poke|p2|Glimmora, L50, F|\n|poke|p2|Talonflame, L50, F|\n|poke|p2|Dragonite, L50, M|\n|poke|p2|Dondozo, L50, F|\n|poke|p2|Tatsugiri, L50, M|\n|teampreview|4\n|inactive|Battle timer is ON: inactive players will automatically lose when time's up. (requested by FallenVortex842)\n|\n|t:|1732637780\n|start\n|switch|p1a: Delphox|Delphox, L50, M|100\/100\n|switch|p1b: Indeedee|Indeedee-F, L50, F|100\/100\n|switch|p2a: Glimmora|Glimmora, L50, F|100\/100\n|switch|p2b: Talonflame|Talonflame, L50, F|100\/100\n|-fieldstart|move: Psychic Terrain|[from] ability: Psychic Surge|[of] p1b: Indeedee\n|turn|1\n|\n|t:|1732637797\n|-terastallize|p2a: Glimmora|Grass\n|move|p1b: Indeedee|Follow Me|p1b: Indeedee\n|-singleturn|p1b: Indeedee|move: Follow Me\n|move|p2b: Talonflame|Tailwind|p2b: Talonflame\n|-sidestart|p2: FallenVortex842|move: Tailwind\n|move|p2a: Glimmora|Meteor Beam||[still]\n|-prepare|p2a: Glimmora|Meteor Beam\n|-boost|p2a: Glimmora|spa|1\n|-enditem|p2a: Glimmora|Power Herb\n|-anim|p2a: Glimmora|Meteor Beam|p1b: Indeedee\n|-damage|p1b: Indeedee|12\/100\n|move|p1a: Delphox|Expanding Force|p2b: Talonflame|[spread] p2a,p2b\n|-damage|p2a: Glimmora|2\/100\n|-damage|p2b: Talonflame|0 fnt\n|faint|p2b: Talonflame\n|-damage|p1a: Delphox|91\/100|[from] item: Life Orb\n|\n|upkeep\n|\n|t:|1732637812\n|switch|p2b: Gholdengo|Gholdengo, L50|100\/100\n|turn|2\n|\n|t:|1732637826\n|move|p1a: Delphox|Protect|p1a: Delphox\n|-singleturn|p1a: Delphox|Protect\n|move|p2a: Glimmora|Earth Power|p1a: Delphox\n|-activate|p1a: Delphox|move: Protect\n|move|p2b: Gholdengo|Make It Rain|p1b: Indeedee|[spread] p1b\n|-activate|p1a: Delphox|move: Protect\n|-damage|p1b: Indeedee|0 fnt\n|-unboost|p2b: Gholdengo|spa|1\n|faint|p1b: Indeedee\n|\n|upkeep\n|\n|t:|1732637844\n|switch|p1b: Murkrow|Murkrow, L50, F|100\/100\n|turn|3\n|\n|t:|1732637860\n|move|p1b: Murkrow|Tailwind|p1b: Murkrow\n|-sidestart|p1: diddle08|move: Tailwind\n|move|p1a: Delphox|Heat Wave|p2b: Gholdengo|[spread] p2b\n|-miss|p1a: Delphox|p2a: Glimmora\n|-supereffective|p2b: Gholdengo\n|-damage|p2b: Gholdengo|0 fnt\n|faint|p2b: Gholdengo\n|-damage|p1a: Delphox|81\/100|[from] item: Life Orb\n|move|p2a: Glimmora|Earth Power|p1a: Delphox\n|-supereffective|p1a: Delphox\n|-damage|p1a: Delphox|0 fnt\n|faint|p1a: Delphox\n|\n|upkeep\n|\n|t:|1732637871\n|switch|p1a: Sneasler|Sneasler, L50, F, shiny|100\/100\n|switch|p2b: Dragonite|Dragonite, L50, M|100\/100\n|-enditem|p1a: Sneasler|Psychic Seed\n|-boost|p1a: Sneasler|spd|1|[from] item: Psychic Seed\n|turn|4\n|\n|t:|1732637893\n|move|p1a: Sneasler|Protect|p1a: Sneasler\n|-singleturn|p1a: Sneasler|Protect\n|move|p2a: Glimmora|Spiky Shield|p2a: Glimmora\n|-singleturn|p2a: Glimmora|move: Protect\n|move|p2b: Dragonite|Extreme Speed|p1b: Murkrow\n|-hint|Psychic Terrain doesn't affect Pok\u00e9mon immune to Ground.\n|-damage|p1b: Murkrow|52\/100\n|move|p1b: Murkrow|Foul Play|p2a: Glimmora\n|-activate|p2a: Glimmora|move: Protect\n|-damage|p1b: Murkrow|40\/100|[from] Spiky Shield|[of] p2a: Glimmora\n|\n|-sideend|p2: FallenVortex842|move: Tailwind\n|upkeep\n|turn|5\n|inactive|diddle08 has 30 seconds left.\n|inactive|diddle08 has 20 seconds left.\n|\n|t:|1732637930\n|-terastallize|p1b: Murkrow|Ghost\n|move|p2b: Dragonite|Extreme Speed|p1a: Sneasler\n|-activate|p1a: Sneasler|move: Psychic Terrain\n|move|p1a: Sneasler|Dire Claw|p2a: Glimmora\n|-supereffective|p2a: Glimmora\n|-damage|p2a: Glimmora|0 fnt\n|-activate|p2a: Glimmora|ability: Toxic Debris\n|-sidestart|p1: diddle08|move: Toxic Spikes\n|faint|p2a: Glimmora\n|move|p1b: Murkrow|Foul Play|p2b: Dragonite\n|-damage|p2b: Dragonite|52\/100\n|\n|-fieldend|move: Psychic Terrain\n|upkeep\n|turn|6\n|\n|t:|1732637951\n|move|p1a: Sneasler|Protect|p1a: Sneasler\n|-singleturn|p1a: Sneasler|Protect\n|move|p2b: Dragonite|Extreme Speed|p1a: Sneasler\n|-activate|p1a: Sneasler|move: Protect\n|move|p1b: Murkrow|Foul Play|p2b: Dragonite\n|-damage|p2b: Dragonite|0 fnt\n|faint|p2b: Dragonite\n|\n|win|diddle08\n|raw|diddle08's rating: 1640 &rarr; <strong>1663<\/strong><br \/>(+23 for winning)\n|raw|FallenVortex842's rating: 1693 &rarr; <strong>1670<\/strong><br \/>(-23 for losing)\n|l|\u2606FallenVortex842\n|player|p2|\n|l|\u2606diddle08\n|player|p1|\n","uploadtime":1732638186,"views":5,"formatid":"gen9vgc2024regh","rating":1663,"private":0,"password":null}