{"id":"gen9vgc2024regh-2251665364","format":"[Gen 9] VGC 2024 Reg H","players":["soap858","SnarkyShane"],"log":"|j|\u2606soap858\n|j|\u2606SnarkyShane\n|t:|1732652098\n|gametype|doubles\n|player|p1|soap858|1|1711\n|player|p2|SnarkyShane|gambler|1693\n|teamsize|p1|6\n|teamsize|p2|6\n|gen|9\n|tier|[Gen 9] VGC 2024 Reg H\n|rated|\n|rule|Species Clause: Limit one of each Pok\u00e9mon\n|rule|Item Clause: Limit 1 of each item\n|clearpoke\n|poke|p1|Garchomp, L50, M|\n|poke|p1|Magmar, L50, F|\n|poke|p1|Gholdengo, L50|\n|poke|p1|Rillaboom, L50, F|\n|poke|p1|Primarina, L50, F|\n|poke|p1|Tyranitar, L50, F|\n|poke|p2|Kommo-o, L50, F|\n|poke|p2|Incineroar, L50, M|\n|poke|p2|Sinistcha-Masterpiece, L50|\n|poke|p2|Kingambit, L50, F|\n|poke|p2|Ninetales-Alola, L50, M|\n|poke|p2|Sneasler, L50, F|\n|teampreview|4\n|inactive|Battle timer is ON: inactive players will automatically lose when time's up. (requested by SnarkyShane)\n|inactive|soap858 has 60 seconds left.\n|inactive|SnarkyShane has 60 seconds left.\n|\n|t:|1732652142\n|start\n|switch|p1a: Gholdengo|Gholdengo, L50|100\/100\n|switch|p1b: Magmar|Magmar, L50, F|100\/100\n|switch|p2a: Kommo-o|Kommo-o, L50, F|100\/100\n|switch|p2b: Incineroar|Incineroar, L50, M|100\/100\n|-ability|p2b: Incineroar|Intimidate|boost\n|-unboost|p1a: Gholdengo|atk|1\n|-unboost|p1b: Magmar|atk|1\n|turn|1\n|\n|t:|1732652156\n|move|p1b: Magmar|Follow Me|p1b: Magmar\n|-singleturn|p1b: Magmar|move: Follow Me\n|move|p1a: Gholdengo|Nasty Plot|p1a: Gholdengo\n|-boost|p1a: Gholdengo|spa|2\n|move|p2a: Kommo-o|Clangorous Soul|p2a: Kommo-o\n|-boost|p2a: Kommo-o|atk|1\n|-boost|p2a: Kommo-o|def|1\n|-boost|p2a: Kommo-o|spa|1\n|-boost|p2a: Kommo-o|spd|1\n|-boost|p2a: Kommo-o|spe|1\n|-damage|p2a: Kommo-o|68\/100\n|-enditem|p2a: Kommo-o|Throat Spray\n|-boost|p2a: Kommo-o|spa|1|[from] item: Throat Spray\n|move|p2b: Incineroar|Parting Shot|p1b: Magmar\n|-unboost|p1b: Magmar|atk|1\n|-unboost|p1b: Magmar|spa|1\n|\n|t:|1732652179\n|switch|p2b: Sinistcha|Sinistcha-Masterpiece, L50|100\/100|[from] Parting Shot\n|-heal|p2a: Kommo-o|93\/100|[from] ability: Hospitality|[of] p2b: Sinistcha\n|\n|upkeep\n|turn|2\n|\n|t:|1732652194\n|switch|p2b: Incineroar|Incineroar, L50, M|100\/100\n|-ability|p2b: Incineroar|Intimidate|boost\n|-unboost|p1a: Gholdengo|atk|1\n|-unboost|p1b: Magmar|atk|1\n|-terastallize|p2a: Kommo-o|Steel\n|move|p1b: Magmar|Follow Me|p1b: Magmar\n|-singleturn|p1b: Magmar|move: Follow Me\n|move|p2a: Kommo-o|Clanging Scales|p1b: Magmar|[spread] p1a,p1b\n|-resisted|p1a: Gholdengo\n|-damage|p1a: Gholdengo|64\/100\n|-damage|p1b: Magmar|50\/100\n|-unboost|p2a: Kommo-o|def|1\n|move|p1a: Gholdengo|Nasty Plot|p1a: Gholdengo\n|-boost|p1a: Gholdengo|spa|2\n|\n|-heal|p1a: Gholdengo|69\/100|[from] item: Leftovers\n|upkeep\n|turn|3\n|inactive|soap858 has 30 seconds left.\n|inactive|SnarkyShane has 30 seconds left.\n|\n|t:|1732652224\n|move|p1a: Gholdengo|Protect|p1a: Gholdengo\n|-singleturn|p1a: Gholdengo|Protect\n|move|p1b: Magmar|Protect|p1b: Magmar\n|-singleturn|p1b: Magmar|Protect\n|move|p2a: Kommo-o|Clanging Scales|p1b: Magmar|[spread] \n|-activate|p1a: Gholdengo|move: Protect\n|-activate|p1b: Magmar|move: Protect\n|move|p2b: Incineroar|Flare Blitz|p1a: Gholdengo\n|-activate|p1a: Gholdengo|move: Protect\n|\n|-heal|p1a: Gholdengo|75\/100|[from] item: Leftovers\n|upkeep\n|turn|4\n|\n|t:|1732652235\n|move|p1b: Magmar|Follow Me|p1b: Magmar\n|-singleturn|p1b: Magmar|move: Follow Me\n|move|p2a: Kommo-o|Clanging Scales|p1a: Gholdengo|[spread] p1a,p1b\n|-resisted|p1a: Gholdengo\n|-damage|p1a: Gholdengo|35\/100\n|-damage|p1b: Magmar|0 fnt\n|faint|p1b: Magmar\n|-unboost|p2a: Kommo-o|def|1\n|move|p1a: Gholdengo|Make It Rain|p2a: Kommo-o|[spread] p2a,p2b\n|-resisted|p2a: Kommo-o\n|-resisted|p2b: Incineroar\n|-damage|p2a: Kommo-o|51\/100\n|-damage|p2b: Incineroar|47\/100\n|-unboost|p1a: Gholdengo|spa|1\n|-enditem|p2b: Incineroar|Sitrus Berry|[eat]\n|-heal|p2b: Incineroar|72\/100|[from] item: Sitrus Berry\n|move|p2b: Incineroar|Flare Blitz|p1a: Gholdengo\n|-supereffective|p1a: Gholdengo\n|-damage|p1a: Gholdengo|0 fnt\n|faint|p1a: Gholdengo\n|-damage|p2b: Incineroar|61\/100|[from] Recoil\n|\n|upkeep\n|\n|t:|1732652247\n|switch|p1a: Tyranitar|Tyranitar, L50, F|100\/100\n|switch|p1b: Garchomp|Garchomp, L50, M|100\/100\n|-weather|Sandstorm|[from] ability: Sand Stream|[of] p1a: Tyranitar\n|turn|5\n|\n|t:|1732652266\n|switch|p2b: Sinistcha|Sinistcha-Masterpiece, L50|100\/100\n|-heal|p2a: Kommo-o|76\/100|[from] ability: Hospitality|[of] p2b: Sinistcha\n|-terastallize|p1b: Garchomp|Steel\n|move|p2a: Kommo-o|Protect|p2a: Kommo-o\n|-singleturn|p2a: Kommo-o|Protect\n|move|p1b: Garchomp|Stomping Tantrum|p2a: Kommo-o\n|-activate|p2a: Kommo-o|move: Protect\n|move|p1a: Tyranitar|Knock Off|p2b: Sinistcha\n|-supereffective|p2b: Sinistcha\n|-damage|p2b: Sinistcha|6\/100\n|-damage|p1a: Tyranitar|84\/100|[from] item: Rocky Helmet|[of] p2b: Sinistcha\n|-enditem|p2b: Sinistcha|Rocky Helmet|[from] move: Knock Off|[of] p1a: Tyranitar\n|\n|-weather|Sandstorm|[upkeep]\n|-damage|p2b: Sinistcha|0 fnt|[from] Sandstorm\n|faint|p2b: Sinistcha\n|upkeep\n|\n|t:|1732652283\n|switch|p2b: Incineroar|Incineroar, L50, M|61\/100\n|-ability|p2b: Incineroar|Intimidate|boost\n|-unboost|p1a: Tyranitar|atk|1\n|-unboost|p1b: Garchomp|atk|1\n|turn|6\n|\n|t:|1732652306\n|move|p1b: Garchomp|Protect|p1b: Garchomp\n|-singleturn|p1b: Garchomp|Protect\n|move|p2b: Incineroar|Fake Out|p1b: Garchomp\n|-activate|p1b: Garchomp|move: Protect\n|move|p2a: Kommo-o|Flash Cannon|p1a: Tyranitar\n|-supereffective|p1a: Tyranitar\n|-damage|p1a: Tyranitar|29\/100\n|move|p1a: Tyranitar|Rock Slide|p2a: Kommo-o|[spread] p2a,p2b\n|-resisted|p2a: Kommo-o\n|-supereffective|p2b: Incineroar\n|-damage|p2a: Kommo-o|62\/100\n|-damage|p2b: Incineroar|28\/100\n|\n|-weather|Sandstorm|[upkeep]\n|-damage|p2b: Incineroar|22\/100|[from] Sandstorm\n|upkeep\n|turn|7\n|inactive|SnarkyShane has 30 seconds left.\n|j| btest0011\n|\n|t:|1732652339\n|move|p2a: Kommo-o|Clanging Scales|p1b: Garchomp|[spread] p1a,p1b\n|-resisted|p1b: Garchomp\n|-damage|p1a: Tyranitar|3\/100\n|-damage|p1b: Garchomp|62\/100\n|-unboost|p2a: Kommo-o|def|1\n|move|p1b: Garchomp|Earthquake|p2a: Kommo-o|[spread] p1a,p2a,p2b\n|-supereffective|p1a: Tyranitar\n|-supereffective|p2a: Kommo-o\n|-supereffective|p2b: Incineroar\n|-damage|p1a: Tyranitar|0 fnt\n|-damage|p2a: Kommo-o|0 fnt\n|-damage|p2b: Incineroar|0 fnt\n|faint|p1a: Tyranitar\n|faint|p2a: Kommo-o\n|faint|p2b: Incineroar\n|-damage|p1b: Garchomp|52\/100|[from] item: Life Orb\n|\n|-weather|Sandstorm|[upkeep]\n|upkeep\n|l| btest0011\n|\n|t:|1732652347\n|switch|p2b: Kingambit|Kingambit, L50, F|100\/100\n|turn|8\n|j| btest0011\n|l| btest0011\n|\n|t:|1732652352\n|move|p2b: Kingambit|Sucker Punch|p1b: Garchomp\n|-damage|p1b: Garchomp|0 fnt\n|-damage|p2b: Kingambit|88\/100|[from] ability: Rough Skin|[of] p1b: Garchomp\n|faint|p1b: Garchomp\n|-damage|p2b: Kingambit|79\/100|[from] item: Life Orb\n|\n|win|SnarkyShane\n|raw|soap858's rating: 1711 &rarr; <strong>1690<\/strong><br \/>(-21 for losing)\n|raw|SnarkyShane's rating: 1693 &rarr; <strong>1714<\/strong><br \/>(+21 for winning)\n|l|\u2606SnarkyShane\n|player|p2|\n|l|\u2606soap858\n|player|p1|\n","uploadtime":1732652607,"views":6,"formatid":"gen9vgc2024regh","rating":1690,"private":0,"password":null}