{"id":"gen9vgc2024regh-2251797192","format":"[Gen 9] VGC 2024 Reg H","players":["schlank man swag","super crist"],"log":"|j|\u2606schlank man swag\n|j|\u203dsuper crist\n|t:|1732666643\n|gametype|doubles\n|player|p1|schlank man swag|169|1696\n|player|p2|super crist|sabrina|1722\n|teamsize|p1|6\n|teamsize|p2|6\n|gen|9\n|tier|[Gen 9] VGC 2024 Reg H\n|rated|\n|rule|Species Clause: Limit one of each Pok\u00e9mon\n|rule|Item Clause: Limit 1 of each item\n|clearpoke\n|poke|p1|Sneasler, L50, F|\n|poke|p1|Electabuzz, L50, M|\n|poke|p1|Ursaluna-Bloodmoon, L50, M|\n|poke|p1|Incineroar, L50, M|\n|poke|p1|Talonflame, L50, F|\n|poke|p1|Indeedee, L50, M|\n|poke|p2|Dondozo, L50, M|\n|poke|p2|Annihilape, L50, F|\n|poke|p2|Tatsugiri, L50, M|\n|poke|p2|Volcarona, L50, M|\n|poke|p2|Dragonite, L50, F|\n|poke|p2|Rillaboom, L50, F|\n|teampreview|4\n|inactive|Battle timer is ON: inactive players will automatically lose when time's up. (requested by super crist)\n|inactive|schlank man swag has 60 seconds left.\n|inactive|super crist has 60 seconds left.\n|\n|t:|1732666703\n|start\n|switch|p1a: Talonflame|Talonflame, L50, F|100\/100\n|switch|p1b: Incineroar|Incineroar, L50, M|100\/100\n|switch|p2a: Dondozo|Dondozo, L50, M, shiny|100\/100\n|switch|p2b: Annihilape|Annihilape, L50, F, shiny|100\/100\n|-ability|p1b: Incineroar|Intimidate|boost\n|-unboost|p2a: Dondozo|atk|1\n|-unboost|p2b: Annihilape|atk|1\n|-ability|p2b: Annihilape|Defiant|boost\n|-boost|p2b: Annihilape|atk|2\n|turn|1\n|\n|t:|1732666718\n|move|p1a: Talonflame|Dual Wingbeat|p2b: Annihilape\n|-supereffective|p2b: Annihilape\n|-damage|p2b: Annihilape|64\/100\n|-supereffective|p2b: Annihilape\n|-damage|p2b: Annihilape|27\/100\n|-hitcount|p2b: Annihilape|2\n|move|p2b: Annihilape|Close Combat|p1b: Incineroar\n|-supereffective|p1b: Incineroar\n|-damage|p1b: Incineroar|0 fnt\n|-unboost|p2b: Annihilape|def|1\n|-unboost|p2b: Annihilape|spd|1\n|faint|p1b: Incineroar\n|move|p2a: Dondozo|Wave Crash|p1a: Talonflame\n|-supereffective|p1a: Talonflame\n|-damage|p1a: Talonflame|13\/100\n|-damage|p2a: Dondozo|83\/100|[from] Recoil\n|\n|-heal|p2a: Dondozo|90\/100|[from] item: Leftovers\n|upkeep\n|\n|t:|1732666734\n|switch|p1b: Sneasler|Sneasler, L50, F|100\/100\n|turn|2\n|\n|t:|1732666757\n|move|p1a: Talonflame|Will-O-Wisp|p2a: Dondozo\n|-status|p2a: Dondozo|brn\n|move|p1b: Sneasler|Throat Chop|p2b: Annihilape\n|-damage|p2b: Annihilape|0 fnt\n|faint|p2b: Annihilape\n|move|p2a: Dondozo|Wave Crash|p1a: Talonflame\n|-supereffective|p1a: Talonflame\n|-damage|p1a: Talonflame|0 fnt\n|faint|p1a: Talonflame\n|-damage|p2a: Dondozo|87\/100 brn|[from] Recoil\n|\n|-heal|p2a: Dondozo|93\/100 brn|[from] item: Leftovers\n|-damage|p2a: Dondozo|87\/100 brn|[from] brn\n|upkeep\n|\n|t:|1732666772\n|switch|p1a: Ursaluna|Ursaluna-Bloodmoon, L50, M|100\/100\n|switch|p2b: Rillaboom|Rillaboom, L50, F, shiny|100\/100\n|-fieldstart|move: Grassy Terrain|[from] ability: Grassy Surge|[of] p2b: Rillaboom\n|turn|3\n|\n|t:|1732666785\n|-terastallize|p2b: Rillaboom|Fire\n|move|p1b: Sneasler|Protect|p1b: Sneasler\n|-singleturn|p1b: Sneasler|Protect\n|move|p1a: Ursaluna|Protect|p1a: Ursaluna\n|-singleturn|p1a: Ursaluna|Protect\n|move|p2b: Rillaboom|Wood Hammer|p1a: Ursaluna\n|-activate|p1a: Ursaluna|move: Protect\n|move|p2a: Dondozo|Yawn|p1b: Sneasler\n|-activate|p1b: Sneasler|move: Protect\n|\n|-heal|p2a: Dondozo|93\/100 brn|[from] Grassy Terrain\n|-heal|p2a: Dondozo|99\/100 brn|[from] item: Leftovers\n|-damage|p2a: Dondozo|93\/100 brn|[from] brn\n|upkeep\n|turn|4\n|inactive|schlank man swag has 30 seconds left.\n|\n|t:|1732666816\n|-terastallize|p1a: Ursaluna|Normal\n|move|p1b: Sneasler|Dire Claw|p2a: Dondozo\n|-damage|p2a: Dondozo|68\/100 brn\n|move|p2b: Rillaboom|Wood Hammer|p1a: Ursaluna\n|-damage|p1a: Ursaluna|36\/100\n|-damage|p2b: Rillaboom|80\/100|[from] Recoil\n|move|p1a: Ursaluna|Earth Power|p2b: Rillaboom\n|-supereffective|p2b: Rillaboom\n|-damage|p2b: Rillaboom|0 fnt\n|faint|p2b: Rillaboom\n|-damage|p1a: Ursaluna|27\/100|[from] item: Life Orb\n|move|p2a: Dondozo|Yawn|p1b: Sneasler\n|-start|p1b: Sneasler|move: Yawn|[of] p2a: Dondozo\n|\n|-heal|p1a: Ursaluna|33\/100|[from] Grassy Terrain\n|-heal|p2a: Dondozo|74\/100 brn|[from] Grassy Terrain\n|-heal|p2a: Dondozo|81\/100 brn|[from] item: Leftovers\n|-damage|p2a: Dondozo|74\/100 brn|[from] brn\n|upkeep\n|\n|t:|1732666821\n|switch|p2b: Dragonite|Dragonite, L50, F, shiny|100\/100\n|turn|5\n|\n|t:|1732666839\n|move|p2b: Dragonite|Protect|p2b: Dragonite\n|-singleturn|p2b: Dragonite|Protect\n|move|p1a: Ursaluna|Protect|p1a: Ursaluna\n|-singleturn|p1a: Ursaluna|Protect\n|move|p1b: Sneasler|Dire Claw|p2b: Dragonite\n|-activate|p2b: Dragonite|move: Protect\n|move|p2a: Dondozo|Yawn|p1a: Ursaluna\n|-activate|p1a: Ursaluna|move: Protect\n|\n|-heal|p1a: Ursaluna|39\/100|[from] Grassy Terrain\n|-heal|p2a: Dondozo|81\/100 brn|[from] Grassy Terrain\n|-heal|p2a: Dondozo|87\/100 brn|[from] item: Leftovers\n|-damage|p2a: Dondozo|81\/100 brn|[from] brn\n|-end|p1b: Sneasler|move: Yawn|[silent]\n|-status|p1b: Sneasler|slp\n|upkeep\n|turn|6\n|\n|t:|1732666856\n|cant|p1b: Sneasler|slp\n|move|p2b: Dragonite|Scale Shot|p1a: Ursaluna\n|-damage|p1a: Ursaluna|26\/100\n|-damage|p1a: Ursaluna|13\/100\n|-damage|p1a: Ursaluna|0 fnt\n|faint|p1a: Ursaluna\n|-hitcount|p1: Ursaluna|3\n|-unboost|p2b: Dragonite|def|1\n|-boost|p2b: Dragonite|spe|1\n|move|p2a: Dondozo|Wave Crash|p1b: Sneasler\n|-damage|p1b: Sneasler|75\/100 slp\n|-damage|p2a: Dondozo|76\/100 brn|[from] Recoil\n|\n|-heal|p1b: Sneasler|81\/100 slp|[from] Grassy Terrain\n|-heal|p2a: Dondozo|82\/100 brn|[from] Grassy Terrain\n|-heal|p2a: Dondozo|88\/100 brn|[from] item: Leftovers\n|-damage|p2a: Dondozo|82\/100 brn|[from] brn\n|upkeep\n|turn|7\n|\n|t:|1732666874\n|move|p2b: Dragonite|Scale Shot|p1b: Sneasler\n|-damage|p1b: Sneasler|53\/100 slp\n|-damage|p1b: Sneasler|24\/100 slp\n|-damage|p1b: Sneasler|0 fnt\n|faint|p1b: Sneasler\n|-hitcount|p1: Sneasler|3\n|\n|win|super crist\n|raw|schlank man swag's rating: 1696 &rarr; <strong>1677<\/strong><br \/>(-19 for losing)\n|raw|super crist's rating: 1722 &rarr; <strong>1741<\/strong><br \/>(+19 for winning)\n|l|\u2606schlank man swag\n|player|p1|\n|l|\u203dsuper crist\n|player|p2|\n","uploadtime":1732667125,"views":5,"formatid":"gen9vgc2024regh","rating":1677,"private":0,"password":null}