{"id":"gen9vgc2024regh-2251554127","format":"[Gen 9] VGC 2024 Reg H","players":["elvegis1","Allhailhippo"],"log":"|j|\u2606elvegis1\n|j|\u2606Allhailhippo\n|t:|1732641500\n|gametype|doubles\n|player|p1|elvegis1|lucas|1729\n|player|p2|Allhailhippo|101|1776\n|teamsize|p1|6\n|teamsize|p2|6\n|gen|9\n|tier|[Gen 9] VGC 2024 Reg H\n|rated|\n|rule|Species Clause: Limit one of each Pok\u00e9mon\n|rule|Item Clause: Limit 1 of each item\n|clearpoke\n|poke|p1|Incineroar, L50, M|\n|poke|p1|Gholdengo, L50|\n|poke|p1|Dusclops, L50, M|\n|poke|p1|Gastrodon-East, L50, F|\n|poke|p1|Ursaluna-Bloodmoon, L50, M|\n|poke|p1|Annihilape, L50, M|\n|poke|p2|Tyranitar, L50, M|\n|poke|p2|Houndstone, L50, M|\n|poke|p2|Whimsicott, L50, M|\n|poke|p2|Incineroar, L50, M|\n|poke|p2|Pawmot, L50, M|\n|poke|p2|Garchomp, L50, M|\n|teampreview|4\n|inactive|Battle timer is ON: inactive players will automatically lose when time's up. (requested by Allhailhippo)\n|inactive|elvegis1 has 60 seconds left.\n|inactive|Allhailhippo has 60 seconds left.\n|\n|t:|1732641543\n|start\n|switch|p1a: Incineroar|Incineroar, L50, M|100\/100\n|switch|p1b: Dusclops|Dusclops, L50, M|100\/100\n|switch|p2a: Whimsicott|Whimsicott, L50, M|100\/100\n|switch|p2b: Garchomp|Garchomp, L50, M|100\/100\n|-ability|p1a: Incineroar|Intimidate|boost\n|-unboost|p2a: Whimsicott|atk|1\n|-unboost|p2b: Garchomp|atk|1\n|-item|p2a: Whimsicott|Covert Cloak|[from] ability: Frisk|[of] p1b: Dusclops\n|-item|p2b: Garchomp|Life Orb|[from] ability: Frisk|[of] p1b: Dusclops\n|turn|1\n|inactive|elvegis1 has 30 seconds left.\n|\n|t:|1732641569\n|move|p2b: Garchomp|Earthquake|p1a: Incineroar|[spread] p2a,p1a,p1b\n|-resisted|p2a: Whimsicott\n|-supereffective|p1a: Incineroar\n|-damage|p2a: Whimsicott|81\/100\n|-damage|p1a: Incineroar|34\/100\n|-damage|p1b: Dusclops|81\/100\n|-enditem|p1a: Incineroar|Sitrus Berry|[eat]\n|-heal|p1a: Incineroar|59\/100|[from] item: Sitrus Berry\n|-damage|p2b: Garchomp|91\/100|[from] item: Life Orb\n|move|p2a: Whimsicott|Moonblast|p1b: Dusclops\n|-damage|p1b: Dusclops|60\/100\n|-unboost|p1b: Dusclops|spa|1\n|move|p1a: Incineroar|Parting Shot|p2b: Garchomp\n|-unboost|p2b: Garchomp|atk|1\n|-unboost|p2b: Garchomp|spa|1\n|\n|t:|1732641586\n|switch|p1a: Ursaluna|Ursaluna-Bloodmoon, L50, M|100\/100|[from] Parting Shot\n|move|p1b: Dusclops|Trick Room|p1b: Dusclops\n|-fieldstart|move: Trick Room|[of] p1b: Dusclops\n|\n|upkeep\n|turn|2\n|\n|t:|1732641599\n|switch|p1b: Incineroar|Incineroar, L50, M|59\/100\n|-ability|p1b: Incineroar|Intimidate|boost\n|-unboost|p2a: Whimsicott|atk|1\n|-unboost|p2b: Garchomp|atk|1\n|switch|p2b: Tyranitar|Tyranitar, L50, M|100\/100\n|-weather|Sandstorm|[from] ability: Sand Stream|[of] p2b: Tyranitar\n|move|p2a: Whimsicott|Encore|p1b: Incineroar\n|-hint|Since gen 7, Dark is immune to Prankster moves.\n|-immune|p1b: Incineroar\n|move|p1a: Ursaluna|Blood Moon|p2a: Whimsicott\n|-damage|p2a: Whimsicott|0 fnt\n|faint|p2a: Whimsicott\n|\n|-weather|Sandstorm|[upkeep]\n|-damage|p1b: Incineroar|53\/100|[from] Sandstorm\n|upkeep\n|\n|t:|1732641619\n|switch|p2a: Houndstone|Houndstone, L50, M|100\/100\n|turn|3\n|inactive|elvegis1 has 30 seconds left.\n|\n|t:|1732641644\n|-terastallize|p2a: Houndstone|Fighting\n|move|p1a: Ursaluna|Hyper Voice|p2a: Houndstone|[spread] p2a,p2b\n|-resisted|p2b: Tyranitar\n|-damage|p2a: Houndstone|52\/100\n|-damage|p2b: Tyranitar|93\/100\n|move|p2b: Tyranitar|Knock Off|p1a: Ursaluna\n|-damage|p1a: Ursaluna|64\/100\n|-enditem|p1a: Ursaluna|Assault Vest|[from] move: Knock Off|[of] p2b: Tyranitar\n|move|p1b: Incineroar|Parting Shot|p2b: Tyranitar\n|-unboost|p2b: Tyranitar|atk|1\n|-unboost|p2b: Tyranitar|spa|1\n|\n|t:|1732641655\n|switch|p1b: Dusclops|Dusclops, L50, M|60\/100|[from] Parting Shot\n|-item|p2a: Houndstone|Focus Sash|[from] ability: Frisk|[of] p1b: Dusclops\n|-item|p2b: Tyranitar|Assault Vest|[from] ability: Frisk|[of] p1b: Dusclops\n|move|p2a: Houndstone|Tera Blast|p1a: Ursaluna|[anim] Tera Blast Fighting\n|-supereffective|p1a: Ursaluna\n|-damage|p1a: Ursaluna|12\/100\n|\n|-weather|Sandstorm|[upkeep]\n|-damage|p1b: Dusclops|54\/100|[from] Sandstorm\n|upkeep\n|turn|4\n|inactive|elvegis1 has 30 seconds left.\n|\n|t:|1732641685\n|move|p2a: Houndstone|Protect|p2a: Houndstone\n|-singleturn|p2a: Houndstone|Protect\n|move|p1b: Dusclops|Will-O-Wisp|p2b: Tyranitar\n|-status|p2b: Tyranitar|brn\n|move|p1a: Ursaluna|Blood Moon|p2a: Houndstone\n|-activate|p2a: Houndstone|move: Protect\n|move|p2b: Tyranitar|Rock Slide|p1b: Dusclops|[spread] p1b\n|-miss|p2b: Tyranitar|p1a: Ursaluna\n|-damage|p1b: Dusclops|48\/100\n|\n|-weather|Sandstorm|[upkeep]\n|-damage|p1b: Dusclops|42\/100|[from] Sandstorm\n|-damage|p2b: Tyranitar|87\/100 brn|[from] brn\n|upkeep\n|turn|5\n|\n|t:|1732641708\n|switch|p2a: Garchomp|Garchomp, L50, M|91\/100\n|move|p1b: Dusclops|Pain Split|p2b: Tyranitar\n|-sethp|p2b: Tyranitar|59\/100 brn|[from] move: Pain Split|[silent]\n|-sethp|p1b: Dusclops|81\/100|[from] move: Pain Split\n|move|p1a: Ursaluna|Earth Power|p2a: Garchomp\n|-damage|p2a: Garchomp|32\/100\n|move|p2b: Tyranitar|Low Kick|p1a: Ursaluna\n|-supereffective|p1a: Ursaluna\n|-damage|p1a: Ursaluna|0 fnt\n|faint|p1a: Ursaluna\n|\n|-weather|Sandstorm|[upkeep]\n|-damage|p1b: Dusclops|75\/100|[from] Sandstorm\n|-damage|p2b: Tyranitar|53\/100 brn|[from] brn\n|-fieldend|move: Trick Room\n|upkeep\n|\n|t:|1732641724\n|switch|p1a: Incineroar|Incineroar, L50, M|53\/100\n|-ability|p1a: Incineroar|Intimidate|boost\n|-unboost|p2a: Garchomp|atk|1\n|-unboost|p2b: Tyranitar|atk|1\n|turn|6\n|\n|t:|1732641731\n|move|p2a: Garchomp|Protect|p2a: Garchomp\n|-singleturn|p2a: Garchomp|Protect\n|move|p1a: Incineroar|Fake Out|p2a: Garchomp\n|-activate|p2a: Garchomp|move: Protect\n|move|p2b: Tyranitar|Knock Off|p1b: Dusclops\n|-supereffective|p1b: Dusclops\n|-damage|p1b: Dusclops|59\/100\n|-enditem|p1b: Dusclops|Eviolite|[from] move: Knock Off|[of] p2b: Tyranitar\n|move|p1b: Dusclops|Trick Room|p1b: Dusclops\n|-fieldstart|move: Trick Room|[of] p1b: Dusclops\n|\n|-weather|none\n|-damage|p2b: Tyranitar|47\/100 brn|[from] brn\n|upkeep\n|turn|7\n|\n|t:|1732641746\n|move|p1b: Dusclops|Night Shade|p2a: Garchomp\n|-damage|p2a: Garchomp|7\/100\n|move|p2b: Tyranitar|Rock Slide|p1a: Incineroar|[spread] p1a,p1b\n|-supereffective|p1a: Incineroar\n|-damage|p1a: Incineroar|39\/100\n|-damage|p1b: Dusclops|52\/100\n|cant|p1a: Incineroar|flinch\n|move|p2a: Garchomp|Earthquake|p1b: Dusclops|[spread] p2b,p1a,p1b\n|-supereffective|p2b: Tyranitar\n|-supereffective|p1a: Incineroar\n|-damage|p2b: Tyranitar|0 fnt\n|-damage|p1a: Incineroar|0 fnt\n|-damage|p1b: Dusclops|25\/100\n|faint|p2b: Tyranitar\n|faint|p1a: Incineroar\n|-damage|p2a: Garchomp|0 fnt|[from] item: Life Orb\n|faint|p2a: Garchomp\n|\n|upkeep\n|\n|t:|1732641759\n|switch|p2b: Houndstone|Houndstone, L50, M, tera:Fighting|52\/100\n|switch|p1a: Annihilape|Annihilape, L50, M|100\/100\n|turn|8\n|\n|t:|1732641768\n|-terastallize|p1a: Annihilape|Fire\n|move|p1b: Dusclops|Pain Split|p2b: Houndstone\n|-sethp|p2b: Houndstone|38\/100|[from] move: Pain Split|[silent]\n|-sethp|p1b: Dusclops|39\/100|[from] move: Pain Split\n|move|p2b: Houndstone|Last Respects|p1a: Annihilape\n|-damage|p1a: Annihilape|6\/100\n|move|p1a: Annihilape|Rage Fist|p2b: Houndstone\n|-crit|p2b: Houndstone\n|-damage|p2b: Houndstone|0 fnt\n|faint|p2b: Houndstone\n|\n|win|elvegis1\n|raw|elvegis1's rating: 1729 &rarr; <strong>1752<\/strong><br \/>(+23 for winning)\n|raw|Allhailhippo's rating: 1776 &rarr; <strong>1753<\/strong><br \/>(-23 for losing)\n|l|\u2606Allhailhippo\n|player|p2|\n|l|\u2606elvegis1\n|player|p1|\n","uploadtime":1732642000,"views":13,"formatid":"gen9vgc2024regh","rating":1752,"private":0,"password":null}