{"id":"gen9vgc2024regh-2251038143","format":"[Gen 9] VGC 2024 Reg H","players":["Tepig_nNz_498","iSpinoThing"],"log":"|j|\u2606Tepig_nNz_498\n|j|\u2606iSpinoThing\n|t:|1732572280\n|gametype|doubles\n|player|p1|Tepig_nNz_498|101|1731\n|player|p2|iSpinoThing|n|1684\n|teamsize|p1|6\n|teamsize|p2|6\n|gen|9\n|tier|[Gen 9] VGC 2024 Reg H\n|rated|\n|rule|Species Clause: Limit one of each Pok\u00e9mon\n|rule|Item Clause: Limit 1 of each item\n|clearpoke\n|poke|p1|Typhlosion, L50, M|\n|poke|p1|Whimsicott, L50, F|\n|poke|p1|Torkoal, L50, M|\n|poke|p1|Ninetales, L50, F|\n|poke|p1|Scovillain, L50, M|\n|poke|p1|Magmortar, L50, M|\n|poke|p2|Amoonguss, L50, M|\n|poke|p2|Incineroar, L50, M|\n|poke|p2|Kingambit, L50, F|\n|poke|p2|Ninetales-Alola, L50, M|\n|poke|p2|Garchomp, L50, F|\n|poke|p2|Dragonite, L50, F|\n|teampreview|4\n|inactive|Battle timer is ON: inactive players will automatically lose when time's up. (requested by Tepig_nNz_498)\n|\n|t:|1732572302\n|start\n|switch|p1a: Whimsicott|Whimsicott, L50, F|100\/100\n|switch|p1b: Ninetales|Ninetales, L50, F|100\/100\n|switch|p2a: Garchomp|Garchomp, L50, F|100\/100\n|switch|p2b: Dragonite|Dragonite, L50, F|100\/100\n|-weather|SunnyDay|[from] ability: Drought|[of] p1b: Ninetales\n|turn|1\n|inactive|iSpinoThing has 30 seconds left.\n|\n|t:|1732572330\n|move|p1a: Whimsicott|Tailwind|p1a: Whimsicott\n|-sidestart|p1: Tepig_nNz_498|move: Tailwind\n|move|p1b: Ninetales|Heat Wave|p2a: Garchomp|[spread] p2a,p2b\n|-resisted|p2a: Garchomp\n|-resisted|p2b: Dragonite\n|-damage|p2a: Garchomp|80\/100\n|-damage|p2b: Dragonite|94\/100\n|move|p2a: Garchomp|Earthquake|p1b: Ninetales|[spread] p1a,p1b\n|-immune|p2b: Dragonite\n|-resisted|p1a: Whimsicott\n|-supereffective|p1b: Ninetales\n|-damage|p1a: Whimsicott|63\/100\n|-damage|p1b: Ninetales|0 fnt\n|faint|p1b: Ninetales\n|move|p2b: Dragonite|Ice Spinner|p1a: Whimsicott\n|-supereffective|p1a: Whimsicott\n|-damage|p1a: Whimsicott|0 fnt\n|faint|p1a: Whimsicott\n|\n|-weather|SunnyDay|[upkeep]\n|upkeep\n|\n|t:|1732572339\n|switch|p1a: Typhlosion|Typhlosion, L50, M|100\/100\n|switch|p1b: Magmortar|Magmortar, L50, M|100\/100\n|turn|2\n|\n|t:|1732572356\n|switch|p2a: Incineroar|Incineroar, L50, M|100\/100\n|-ability|p2a: Incineroar|Intimidate|boost\n|-unboost|p1a: Typhlosion|atk|1\n|-unboost|p1b: Magmortar|atk|1\n|-terastallize|p1a: Typhlosion|Fire\n|move|p2b: Dragonite|Extreme Speed|p1a: Typhlosion\n|-damage|p1a: Typhlosion|56\/100\n|move|p1b: Magmortar|Lava Plume|p2a: Incineroar|[spread] p2a,p2b\n|-start|p1a: Typhlosion|ability: Flash Fire\n|-resisted|p2a: Incineroar\n|-resisted|p2b: Dragonite\n|-damage|p2a: Incineroar|79\/100\n|-damage|p2b: Dragonite|78\/100\n|move|p1a: Typhlosion|Eruption|p2a: Incineroar|[spread] p2a,p2b\n|-resisted|p2a: Incineroar\n|-resisted|p2b: Dragonite\n|-damage|p2a: Incineroar|32\/100\n|-damage|p2b: Dragonite|40\/100\n|\n|-weather|SunnyDay|[upkeep]\n|upkeep\n|turn|3\n|inactive|iSpinoThing has 30 seconds left.\n|\n|t:|1732572384\n|move|p2a: Incineroar|Fake Out|p1b: Magmortar\n|-damage|p1b: Magmortar|81\/100\n|move|p2b: Dragonite|Extreme Speed|p1a: Typhlosion\n|-damage|p1a: Typhlosion|17\/100\n|cant|p1b: Magmortar|flinch\n|move|p1a: Typhlosion|Eruption|p2a: Incineroar|[spread] p2a,p2b\n|-resisted|p2a: Incineroar\n|-resisted|p2b: Dragonite\n|-damage|p2a: Incineroar|17\/100\n|-damage|p2b: Dragonite|27\/100\n|\n|-weather|SunnyDay|[upkeep]\n|upkeep\n|turn|4\n|inactive|iSpinoThing has 30 seconds left.\n|\n|t:|1732572410\n|switch|p2a: Ninetales|Ninetales-Alola, L50, M, shiny|100\/100\n|-weather|Snow|[from] ability: Snow Warning|[of] p2a: Ninetales\n|move|p2b: Dragonite|Extreme Speed|p1b: Magmortar\n|-damage|p1b: Magmortar|37\/100\n|move|p1b: Magmortar|Lava Plume|p2a: Ninetales|[spread] p2a,p2b\n|-immune|p1a: Typhlosion|[from] ability: Flash Fire\n|-supereffective|p2a: Ninetales\n|-resisted|p2b: Dragonite\n|-damage|p2a: Ninetales|26\/100\n|-damage|p2b: Dragonite|16\/100\n|-status|p2b: Dragonite|brn\n|move|p1a: Typhlosion|Eruption|p2b: Dragonite|[spread] p2a,p2b\n|-supereffective|p2a: Ninetales\n|-resisted|p2b: Dragonite\n|-damage|p2a: Ninetales|0 fnt\n|-damage|p2b: Dragonite|8\/100 brn\n|faint|p2a: Ninetales\n|\n|-weather|Snow|[upkeep]\n|-damage|p2b: Dragonite|2\/100 brn|[from] brn\n|-sideend|p1: Tepig_nNz_498|move: Tailwind\n|upkeep\n|\n|t:|1732572425\n|switch|p2a: Garchomp|Garchomp, L50, F|80\/100\n|turn|5\n|\n|t:|1732572432\n|move|p2b: Dragonite|Extreme Speed|p1b: Magmortar\n|-damage|p1b: Magmortar|14\/100\n|move|p1b: Magmortar|Lava Plume|p2b: Dragonite|[spread] p2a,p2b\n|-immune|p1a: Typhlosion|[from] ability: Flash Fire\n|-resisted|p2a: Garchomp\n|-resisted|p2b: Dragonite\n|-damage|p2a: Garchomp|62\/100\n|-damage|p2b: Dragonite|0 fnt\n|faint|p2b: Dragonite\n|move|p2a: Garchomp|Earthquake|p1a: Typhlosion|[spread] p1a,p1b\n|-supereffective|p1a: Typhlosion\n|-supereffective|p1b: Magmortar\n|-damage|p1a: Typhlosion|0 fnt\n|-damage|p1b: Magmortar|0 fnt\n|faint|p1a: Typhlosion\n|faint|p1b: Magmortar\n|\n|win|iSpinoThing\n|raw|Tepig_nNz_498's rating: 1731 &rarr; <strong>1708<\/strong><br \/>(-23 for losing)\n|raw|iSpinoThing's rating: 1684 &rarr; <strong>1707<\/strong><br \/>(+23 for winning)\n|l|\u2606Tepig_nNz_498\n|player|p1|\n|l|\u2606iSpinoThing\n|player|p2|\n","uploadtime":1732572446,"views":255,"formatid":"gen9vgc2024regh","rating":1707,"private":0,"password":null}