{"id":"gen9vgc2024regh-2251081139","format":"[Gen 9] VGC 2024 Reg H","players":["Cellpab1","btest0011"],"log":"|j|\u2606Cellpab1\n|j|\u2606btest0011\n|t:|1732577103\n|gametype|doubles\n|player|p1|Cellpab1|169|1733\n|player|p2|btest0011|2|1733\n|teamsize|p1|6\n|teamsize|p2|6\n|gen|9\n|tier|[Gen 9] VGC 2024 Reg H\n|rated|\n|rule|Species Clause: Limit one of each Pok\u00e9mon\n|rule|Item Clause: Limit 1 of each item\n|clearpoke\n|poke|p1|Ursaluna-Bloodmoon, L50, M|\n|poke|p1|Porygon2, L50|\n|poke|p1|Amoonguss, L50, M|\n|poke|p1|Incineroar, L50, M|\n|poke|p1|Dragapult, L50, F|\n|poke|p1|Sneasler, L50, F|\n|poke|p2|Gholdengo, L50|\n|poke|p2|Sneasler, L50, M|\n|poke|p2|Incineroar, L50, M|\n|poke|p2|Dragonite, L50, F|\n|poke|p2|Amoonguss, L50, F|\n|poke|p2|Ursaluna-Bloodmoon, L50, M|\n|teampreview|4\n|inactive|Battle timer is ON: inactive players will automatically lose when time's up. (requested by btest0011)\n|j| SPICELER\n|inactive|Cellpab1 has 60 seconds left.\n|inactive|btest0011 has 60 seconds left.\n|inactive|Cellpab1 has 30 seconds left.\n|inactive|Cellpab1 has 20 seconds left.\n|inactive|Cellpab1 has 15 seconds left.\n|\n|t:|1732577183\n|start\n|switch|p1a: Ursaluna|Ursaluna-Bloodmoon, L50, M|100\/100\n|switch|p1b: Dragapult|Dragapult, L50, F|100\/100\n|switch|p2a: Amoonguss|Amoonguss, L50, F|100\/100\n|switch|p2b: Sneasler|Sneasler, L50, M|100\/100\n|turn|1\n|inactive|Cellpab1 has 30 seconds left.\n|inactive|Cellpab1 has 20 seconds left.\n|inactive|Cellpab1 has 15 seconds left.\n|inactive|Cellpab1 has 10 seconds left.\n|\n|t:|1732577229\n|switch|p1a: Incineroar|Incineroar, L50, M|100\/100\n|-ability|p1a: Incineroar|Intimidate|boost\n|-unboost|p2a: Amoonguss|atk|1\n|-unboost|p2b: Sneasler|atk|1\n|move|p2b: Sneasler|Close Combat|p1a: Incineroar\n|-supereffective|p1a: Incineroar\n|-damage|p1a: Incineroar|25\/100\n|-unboost|p2b: Sneasler|def|1\n|-unboost|p2b: Sneasler|spd|1\n|-status|p1a: Incineroar|psn|[from] ability: Poison Touch|[of] p2b: Sneasler\n|move|p1b: Dragapult|Phantom Force||[still]\n|-prepare|p1b: Dragapult|Phantom Force\n|move|p2a: Amoonguss|Spore|p1b: Dragapult|[miss]\n|-miss|p2a: Amoonguss|p1b: Dragapult\n|\n|-damage|p1a: Incineroar|13\/100 psn|[from] psn\n|upkeep\n|turn|2\n|j| plplk\n|inactive|Cellpab1 has 30 seconds left.\n|inactive|btest0011 has 30 seconds left.\n|inactive|btest0011 has 20 seconds left.\n|inactive|btest0011 has 15 seconds left.\n|\n|t:|1732577271\n|switch|p2b: Ursaluna|Ursaluna-Bloodmoon, L50, M|100\/100\n|move|p1a: Incineroar|Fake Out|p2a: Amoonguss\n|-damage|p2a: Amoonguss|90\/100\n|move|p1b: Dragapult|Phantom Force|p2b: Ursaluna|[from]lockedmove\n|-immune|p2b: Ursaluna\n|cant|p2a: Amoonguss|flinch\n|\n|-damage|p1a: Incineroar|0 fnt|[from] psn\n|faint|p1a: Incineroar\n|upkeep\n|inactive|Cellpab1 has 30 seconds left.\n|inactive|Cellpab1 has 20 seconds left.\n|\n|t:|1732577310\n|switch|p1a: Porygon2|Porygon2, L50|100\/100\n|-ability|p1a: Porygon2|Download|boost\n|-boost|p1a: Porygon2|spa|1\n|turn|3\n|\n|t:|1732577331\n|switch|p2b: Incineroar|Incineroar, L50, M|100\/100\n|-ability|p2b: Incineroar|Intimidate|boost\n|-unboost|p1a: Porygon2|atk|1\n|-fail|p1b: Dragapult|unboost|[from] ability: Clear Body|[of] p1b: Dragapult\n|move|p2a: Amoonguss|Protect|p2a: Amoonguss\n|-singleturn|p2a: Amoonguss|Protect\n|move|p1b: Dragapult|Phantom Force||[still]\n|-prepare|p1b: Dragapult|Phantom Force\n|move|p1a: Porygon2|Ice Beam|p2a: Amoonguss\n|-activate|p2a: Amoonguss|move: Protect\n|\n|upkeep\n|turn|4\n|\n|t:|1732577350\n|move|p2b: Incineroar|Fake Out|p1a: Porygon2\n|-damage|p1a: Porygon2|94\/100\n|move|p1b: Dragapult|Phantom Force|p2a: Amoonguss|[from]lockedmove\n|-damage|p2a: Amoonguss|29\/100\n|-enditem|p2a: Amoonguss|Sitrus Berry|[eat]\n|-heal|p2a: Amoonguss|54\/100|[from] item: Sitrus Berry\n|cant|p1a: Porygon2|flinch\n|move|p2a: Amoonguss|Spore|p1a: Porygon2\n|-status|p1a: Porygon2|slp|[from] move: Spore\n|\n|upkeep\n|turn|5\n|inactive|Cellpab1 has 30 seconds left.\n|inactive|Cellpab1 has 20 seconds left.\n|inactive|Cellpab1 has 15 seconds left.\n|-message|Cellpab1 forfeited.\n|\n|win|btest0011\n|raw|Cellpab1's rating: 1733 &rarr; <strong>1713<\/strong><br \/>(-20 for losing)\n|raw|btest0011's rating: 1733 &rarr; <strong>1753<\/strong><br \/>(+20 for winning)\n|l| SPICELER\n|l|\u2606Cellpab1\n|player|p1|\n|l| plplk\n","uploadtime":1732577394,"views":54,"formatid":"gen9vgc2024regh","rating":1713,"private":0,"password":null}