{"id":"gen9vgc2024regh-2251694582","format":"[Gen 9] VGC 2024 Reg H","players":["liam.2025","dayron91"],"log":"|j|\u2606liam.2025\n|j|\u2606dayron91\n|t:|1732655033\n|gametype|doubles\n|player|p1|liam.2025|policeman|1699\n|player|p2|dayron91|dragontamer|1705\n|teamsize|p1|6\n|teamsize|p2|6\n|gen|9\n|tier|[Gen 9] VGC 2024 Reg H\n|rated|\n|rule|Species Clause: Limit one of each Pok\u00e9mon\n|rule|Item Clause: Limit 1 of each item\n|clearpoke\n|poke|p1|Weezing-Galar, L50, M|\n|poke|p1|Toedscruel, L50, M|\n|poke|p1|Dragapult, L50, F|\n|poke|p1|Zoroark-Hisui, L50, M|\n|poke|p1|Talonflame, L50, M|\n|poke|p1|Ursaluna-Bloodmoon, L50, M|\n|poke|p2|Archaludon, L50, F|\n|poke|p2|Whimsicott, L50, M|\n|poke|p2|Incineroar, L50, F|\n|poke|p2|Ursaluna-Bloodmoon, L50, M|\n|poke|p2|Basculegion, L50, M|\n|poke|p2|Annihilape, L50, M|\n|teampreview|4\n|j| waltermelon2\n|j| mr pogostick\n|\n|t:|1732655122\n|start\n|switch|p1a: Weezing|Weezing-Galar, L50, M|100\/100\n|switch|p1b: Toedscruel|Toedscruel, L50, M|100\/100\n|switch|p2a: Whimsicott|Whimsicott, L50, M|100\/100\n|switch|p2b: Annihilape|Annihilape, L50, M|100\/100\n|-ability|p1a: Weezing|Neutralizing Gas\n|turn|1\n|inactive|Battle timer is ON: inactive players will automatically lose when time's up. (requested by liam.2025)\n|\n|t:|1732655139\n|-terastallize|p2b: Annihilape|Grass\n|move|p2a: Whimsicott|Beat Up|p2b: Annihilape\n|-damage|p2b: Annihilape|99\/100\n|-damage|p2b: Annihilape|97\/100\n|-damage|p2b: Annihilape|95\/100\n|-damage|p2b: Annihilape|92\/100\n|-hitcount|p2b: Annihilape|4\n|move|p2b: Annihilape|Rage Fist|p1a: Weezing\n|-crit|p1a: Weezing\n|-damage|p1a: Weezing|0 fnt\n|faint|p1a: Weezing\n|-end|p1a: Weezing|ability: Neutralizing Gas\n|move|p1b: Toedscruel|Spore|p2b: Annihilape\n|-immune|p2b: Annihilape\n|\n|upkeep\n|\n|t:|1732655154\n|switch|p1a: Dragapult|Dragapult, L50, F|100\/100\n|turn|2\n|j| Former Fang\n|inactive|liam.2025 has 30 seconds left.\n|\n|t:|1732655182\n|move|p2a: Whimsicott|Tailwind|p2a: Whimsicott\n|-sidestart|p2: dayron91|move: Tailwind\n|move|p2b: Annihilape|Rage Fist|p1a: Dragapult\n|-supereffective|p1a: Dragapult\n|-damage|p1a: Dragapult|0 fnt\n|faint|p1a: Dragapult\n|move|p1b: Toedscruel|Trick Room|p1b: Toedscruel\n|-fieldstart|move: Trick Room|[of] p1b: Toedscruel\n|\n|upkeep\n|\n|t:|1732655189\n|switch|p1a: Ursaluna|Ursaluna-Bloodmoon, L50, M|100\/100\n|turn|3\n|\n|t:|1732655209\n|-terastallize|p1a: Ursaluna|Normal\n|move|p2a: Whimsicott|Encore|p1b: Toedscruel\n|-start|p1b: Toedscruel|Encore\n|-enditem|p1b: Toedscruel|Mental Herb\n|-end|p1b: Toedscruel|Encore\n|move|p1a: Ursaluna|Blood Moon|p2b: Annihilape\n|-damage|p2b: Annihilape|0 fnt\n|faint|p2b: Annihilape\n|move|p1b: Toedscruel|Earth Power|p2a: Whimsicott\n|-resisted|p2a: Whimsicott\n|-damage|p2a: Whimsicott|80\/100\n|\n|upkeep\n|inactive|dayron91 has 30 seconds left.\n|inactive|dayron91 has 20 seconds left.\n|\n|t:|1732655248\n|switch|p2b: Ursaluna|Ursaluna-Bloodmoon, L50, M|100\/100\n|turn|4\n|\n|t:|1732655271\n|move|p2a: Whimsicott|Encore|p1b: Toedscruel\n|-start|p1b: Toedscruel|Encore\n|move|p1a: Ursaluna|Hyper Voice|p2a: Whimsicott|[spread] p2a,p2b\n|-damage|p2a: Whimsicott|7\/100\n|-damage|p2b: Ursaluna|41\/100\n|move|p2b: Ursaluna|Blood Moon|p1a: Ursaluna\n|-damage|p1a: Ursaluna|6\/100\n|-damage|p2b: Ursaluna|32\/100|[from] item: Life Orb\n|move|p1b: Toedscruel|Earth Power|p2a: Whimsicott\n|-resisted|p2a: Whimsicott\n|-damage|p2a: Whimsicott|0 fnt\n|faint|p2a: Whimsicott\n|\n|upkeep\n|\n|t:|1732655287\n|switch|p2a: Basculegion|Basculegion, L50, M, shiny|100\/100\n|turn|5\n|\n|t:|1732655307\n|move|p2a: Basculegion|Aqua Jet|p1a: Ursaluna\n|-damage|p1a: Ursaluna|0 fnt\n|faint|p1a: Ursaluna\n|move|p1b: Toedscruel|Earth Power|p2a: Basculegion\n|-crit|p2a: Basculegion\n|-damage|p2a: Basculegion|58\/100\n|move|p2b: Ursaluna|Hyper Voice|p1b: Toedscruel\n|-damage|p1b: Toedscruel|37\/100\n|-damage|p2b: Ursaluna|22\/100|[from] item: Life Orb\n|\n|-sideend|p2: dayron91|move: Tailwind\n|upkeep\n|turn|6\n|\n|t:|1732655328\n|move|p2b: Ursaluna|Blood Moon|p1b: Toedscruel\n|-damage|p1b: Toedscruel|0 fnt\n|faint|p1b: Toedscruel\n|-damage|p2b: Ursaluna|13\/100|[from] item: Life Orb\n|\n|win|dayron91\n|raw|liam.2025's rating: 1699 &rarr; <strong>1679<\/strong><br \/>(-20 for losing)\n|raw|dayron91's rating: 1705 &rarr; <strong>1725<\/strong><br \/>(+20 for winning)\n|l|\u2606liam.2025\n|player|p1|\n|l|\u2606dayron91\n|player|p2|\n|l| Former Fang\n|l| waltermelon2\n|l| mr pogostick\n","uploadtime":1732655553,"views":6,"formatid":"gen9vgc2024regh","rating":1679,"private":0,"password":null}