{"id":"gen9vgc2024regh-2251604731","format":"[Gen 9] VGC 2024 Reg H","players":["Stempe","playthreerthree"],"log":"|j|\u2606Stempe\n|j|\u2606playthreerthree\n|t:|1732646356\n|gametype|doubles\n|player|p1|Stempe|266|1694\n|player|p2|playthreerthree|caitlin|1777\n|teamsize|p1|6\n|teamsize|p2|6\n|gen|9\n|tier|[Gen 9] VGC 2024 Reg H\n|rated|\n|rule|Species Clause: Limit one of each Pok\u00e9mon\n|rule|Item Clause: Limit 1 of each item\n|clearpoke\n|poke|p1|Dragapult, L50, M|\n|poke|p1|Annihilape, L50, F|\n|poke|p1|Whimsicott, L50, F|\n|poke|p1|Maushold-Four, L50|\n|poke|p1|Typhlosion-Hisui, L50, F|\n|poke|p1|Hydreigon, L50, F|\n|poke|p2|Pelipper, L50, F|\n|poke|p2|Archaludon, L50, F|\n|poke|p2|Ursaluna, L50, M|\n|poke|p2|Dragonite, L50, M|\n|poke|p2|Sinistcha, L50|\n|poke|p2|Annihilape, L50, M|\n|teampreview|4\n|inactive|Battle timer is ON: inactive players will automatically lose when time's up. (requested by playthreerthree)\n|inactive|Stempe has 60 seconds left.\n|\n|t:|1732646388\n|start\n|switch|p1a: Dragapult|Dragapult, L50, M|100\/100\n|switch|p1b: Hydreigon|Hydreigon, L50, F|100\/100\n|switch|p2a: Sinistcha|Sinistcha, L50|100\/100\n|switch|p2b: Ursaluna|Ursaluna, L50, M|100\/100\n|turn|1\n|\n|t:|1732646402\n|-terastallize|p2a: Sinistcha|Water\n|move|p1a: Dragapult|Outrage|p2b: Ursaluna\n|-damage|p2b: Ursaluna|33\/100\n|move|p1b: Hydreigon|Dark Pulse|p2a: Sinistcha\n|-damage|p2a: Sinistcha|60\/100\n|move|p2b: Ursaluna|Headlong Rush|p1a: Dragapult\n|-damage|p1a: Dragapult|5\/100\n|-unboost|p2b: Ursaluna|def|1\n|-unboost|p2b: Ursaluna|spd|1\n|move|p2a: Sinistcha|Trick Room|p2a: Sinistcha\n|-fieldstart|move: Trick Room|[of] p2a: Sinistcha\n|\n|-status|p2b: Ursaluna|brn|[from] item: Flame Orb\n|upkeep\n|turn|2\n|\n|t:|1732646425\n|switch|p1b: Annihilape|Annihilape, L50, F|100\/100\n|move|p2a: Sinistcha|Matcha Gotcha|p1a: Dragapult|[spread] p1a,p1b\n|-resisted|p1a: Dragapult\n|-damage|p1a: Dragapult|0 fnt\n|-heal|p2a: Sinistcha|62\/100|[from] drain|[of] p1a: Dragapult\n|-damage|p1b: Annihilape|79\/100\n|-heal|p2a: Sinistcha|75\/100|[from] drain|[of] p1b: Annihilape\n|faint|p1a: Dragapult\n|move|p2b: Ursaluna|Facade|p1b: Annihilape\n|-immune|p1b: Annihilape\n|\n|-heal|p1b: Annihilape|85\/100|[from] item: Leftovers\n|-damage|p2b: Ursaluna|27\/100 brn|[from] brn\n|upkeep\n|\n|t:|1732646441\n|switch|p1a: Maushold|Maushold-Four, L50|100\/100\n|turn|3\n|\n|t:|1732646448\n|-terastallize|p1a: Maushold|Ghost\n|move|p1a: Maushold|Follow Me|p1a: Maushold\n|-singleturn|p1a: Maushold|move: Follow Me\n|move|p2a: Sinistcha|Matcha Gotcha|p1a: Maushold|[spread] p1a,p1b\n|-damage|p1a: Maushold|66\/100\n|-heal|p2a: Sinistcha|90\/100|[from] drain|[of] p1a: Maushold\n|-damage|p1b: Annihilape|63\/100\n|-heal|p2a: Sinistcha|100\/100|[from] drain|[of] p1b: Annihilape\n|move|p2b: Ursaluna|Headlong Rush|p1a: Maushold\n|-damage|p1a: Maushold|0 fnt\n|-unboost|p2b: Ursaluna|def|1\n|-unboost|p2b: Ursaluna|spd|1\n|faint|p1a: Maushold\n|move|p1b: Annihilape|Drain Punch|p2b: Ursaluna\n|-supereffective|p2b: Ursaluna\n|-damage|p2b: Ursaluna|0 fnt\n|-heal|p1b: Annihilape|76\/100|[from] drain|[of] p2b: Ursaluna\n|faint|p2b: Ursaluna\n|\n|-heal|p1b: Annihilape|82\/100|[from] item: Leftovers\n|upkeep\n|\n|t:|1732646470\n|switch|p2b: Archaludon|Archaludon, L50, F|100\/100\n|switch|p1a: Hydreigon|Hydreigon, L50, F|100\/100\n|turn|4\n|\n|t:|1732646481\n|move|p2a: Sinistcha|Matcha Gotcha|p1a: Hydreigon|[spread] p1a\n|-miss|p2a: Sinistcha|p1b: Annihilape\n|-resisted|p1a: Hydreigon\n|-damage|p1a: Hydreigon|90\/100\n|move|p2b: Archaludon|Body Press|p1a: Hydreigon\n|-supereffective|p1a: Hydreigon\n|-damage|p1a: Hydreigon|32\/100\n|move|p1b: Annihilape|Drain Punch|p2a: Sinistcha\n|-damage|p2a: Sinistcha|68\/100\n|-heal|p1b: Annihilape|95\/100|[from] drain|[of] p2a: Sinistcha\n|move|p1a: Hydreigon|Snarl|p2b: Archaludon|[spread] p2a,p2b\n|-damage|p2a: Sinistcha|50\/100\n|-damage|p2b: Archaludon|87\/100\n|-unboost|p2a: Sinistcha|spa|1\n|-unboost|p2b: Archaludon|spa|1\n|-ability|p2b: Archaludon|Stamina|boost\n|-boost|p2b: Archaludon|def|1\n|-enditem|p2a: Sinistcha|Sitrus Berry|[eat]\n|-heal|p2a: Sinistcha|75\/100|[from] item: Sitrus Berry\n|\n|-heal|p1b: Annihilape|100\/100|[from] item: Leftovers\n|upkeep\n|turn|5\n|inactive|Stempe has 30 seconds left.\n|\n|t:|1732646513\n|move|p2a: Sinistcha|Life Dew|p2a: Sinistcha|[spread] p2a,p2b\n|-heal|p2a: Sinistcha|100\/100\n|-heal|p2b: Archaludon|100\/100\n|move|p2b: Archaludon|Body Press|p1a: Hydreigon\n|-supereffective|p1a: Hydreigon\n|-damage|p1a: Hydreigon|0 fnt\n|faint|p1a: Hydreigon\n|move|p1b: Annihilape|Rage Fist|p2a: Sinistcha\n|-damage|p2a: Sinistcha|33\/100\n|\n|-fieldend|move: Trick Room\n|upkeep\n|turn|6\n|\n|t:|1732646530\n|move|p1b: Annihilape|Rage Fist|p2a: Sinistcha\n|-crit|p2a: Sinistcha\n|-damage|p2a: Sinistcha|0 fnt\n|faint|p2a: Sinistcha\n|move|p2b: Archaludon|Flash Cannon|p1b: Annihilape\n|-damage|p1b: Annihilape|81\/100\n|\n|-heal|p1b: Annihilape|87\/100|[from] item: Leftovers\n|upkeep\n|\n|t:|1732646533\n|switch|p2a: Pelipper|Pelipper, L50, F|100\/100\n|-weather|RainDance|[from] ability: Drizzle|[of] p2a: Pelipper\n|turn|7\n|\n|t:|1732646540\n|move|p2a: Pelipper|Hurricane|p1b: Annihilape\n|-supereffective|p1b: Annihilape\n|-damage|p1b: Annihilape|8\/100\n|-start|p1b: Annihilape|confusion\n|-activate|p1b: Annihilape|confusion\n|-damage|p1b: Annihilape|0 fnt|[from] confusion\n|faint|p1b: Annihilape\n|\n|win|playthreerthree\n|raw|Stempe's rating: 1694 &rarr; <strong>1679<\/strong><br \/>(-15 for losing)\n|raw|playthreerthree's rating: 1777 &rarr; <strong>1792<\/strong><br \/>(+15 for winning)\n|l|\u2606playthreerthree\n|player|p2|\n|l|\u2606Stempe\n|player|p1|\n","uploadtime":1732646739,"views":5,"formatid":"gen9vgc2024regh","rating":1679,"private":0,"password":null}