{"id":"gen9vgc2024regh-2251909475","format":"[Gen 9] VGC 2024 Reg H","players":["Djjwjwwjj","Piehead"],"log":"|j|\u2606Djjwjwwjj\n|j|\u2606Piehead\n|t:|1732681325\n|gametype|doubles\n|player|p1|Djjwjwwjj|102|1673\n|player|p2|Piehead|170|1703\n|teamsize|p1|6\n|teamsize|p2|6\n|gen|9\n|tier|[Gen 9] VGC 2024 Reg H\n|rated|\n|rule|Species Clause: Limit one of each Pok\u00e9mon\n|rule|Item Clause: Limit 1 of each item\n|clearpoke\n|poke|p1|Palafin, L50, M|\n|poke|p1|Pelipper, L50, F|\n|poke|p1|Archaludon, L50, M|\n|poke|p1|Sneasler, L50, M|\n|poke|p1|Gholdengo, L50|\n|poke|p1|Amoonguss, L50, F|\n|poke|p2|Farigiraf, L50, M|\n|poke|p2|Rillaboom, L50, M|\n|poke|p2|Ursaluna-Bloodmoon, L50, M|\n|poke|p2|Kingambit, L50, M|\n|poke|p2|Primarina, L50, F|\n|poke|p2|Annihilape, L50, F|\n|teampreview|4\n|inactive|Battle timer is ON: inactive players will automatically lose when time's up. (requested by Piehead)\n|inactive|Djjwjwwjj also wants the timer to be on.\n|inactive|Djjwjwwjj has 60 seconds left.\n|\n|t:|1732681363\n|start\n|switch|p1a: Archaludon|Archaludon, L50, M|100\/100\n|switch|p1b: Pelipper|Pelipper, L50, F|100\/100\n|switch|p2a: Annihilape|Annihilape, L50, F|100\/100\n|switch|p2b: Farigiraf|Farigiraf, L50, M|100\/100\n|-weather|RainDance|[from] ability: Drizzle|[of] p1b: Pelipper\n|turn|1\n|\n|t:|1732681385\n|switch|p1a: Gholdengo|Gholdengo, L50|100\/100\n|move|p2a: Annihilape|Final Gambit|p1a: Gholdengo\n|-immune|p1a: Gholdengo\n|move|p1b: Pelipper|Hurricane|p2b: Farigiraf\n|-damage|p2b: Farigiraf|63\/100\n|move|p2b: Farigiraf|Trick Room|p2b: Farigiraf\n|-fieldstart|move: Trick Room|[of] p2b: Farigiraf\n|\n|-weather|RainDance|[upkeep]\n|upkeep\n|turn|2\n|j| mr pogostick\n|inactive|Djjwjwwjj has 30 seconds left.\n|l| mr pogostick\n|inactive|Djjwjwwjj has 20 seconds left.\n|inactive|Djjwjwwjj has 15 seconds left.\n|inactive|Djjwjwwjj has 10 seconds left.\n|inactive|Djjwjwwjj has 5 seconds left.\n|\n|t:|1732681438\n|switch|p2a: Rillaboom|Rillaboom, L50, M|100\/100\n|-fieldstart|move: Grassy Terrain|[from] ability: Grassy Surge|[of] p2a: Rillaboom\n|move|p2b: Farigiraf|Psychic|p1b: Pelipper\n|-damage|p1b: Pelipper|48\/100\n|move|p1b: Pelipper|Hurricane|p2a: Rillaboom\n|-supereffective|p2a: Rillaboom\n|-damage|p2a: Rillaboom|43\/100\n|move|p1a: Gholdengo|Nasty Plot|p1a: Gholdengo\n|-boost|p1a: Gholdengo|spa|2\n|\n|-weather|RainDance|[upkeep]\n|-heal|p2b: Farigiraf|70\/100|[from] Grassy Terrain\n|-heal|p2a: Rillaboom|49\/100|[from] Grassy Terrain\n|upkeep\n|turn|3\n|inactive|Piehead has 30 seconds left.\n|inactive|Piehead has 20 seconds left.\n|inactive|Piehead has 15 seconds left.\n|inactive|Piehead has 10 seconds left.\n|\n|t:|1732681483\n|switch|p1b: Amoonguss|Amoonguss, L50, F|100\/100\n|move|p1a: Gholdengo|Protect|p1a: Gholdengo\n|-singleturn|p1a: Gholdengo|Protect\n|move|p2b: Farigiraf|Foul Play|p1a: Gholdengo\n|-activate|p1a: Gholdengo|move: Protect\n|move|p2a: Rillaboom|High Horsepower|p1a: Gholdengo\n|-activate|p1a: Gholdengo|move: Protect\n|\n|-weather|RainDance|[upkeep]\n|-heal|p2b: Farigiraf|76\/100|[from] Grassy Terrain\n|-heal|p2a: Rillaboom|56\/100|[from] Grassy Terrain\n|upkeep\n|turn|4\n|\n|t:|1732681507\n|-terastallize|p2b: Farigiraf|Grass\n|-terastallize|p1a: Gholdengo|Flying\n|move|p1b: Amoonguss|Rage Powder|p1b: Amoonguss\n|-singleturn|p1b: Amoonguss|move: Rage Powder\n|move|p2b: Farigiraf|Psychic|p1b: Amoonguss\n|-supereffective|p1b: Amoonguss\n|-damage|p1b: Amoonguss|34\/100\n|-enditem|p1b: Amoonguss|Sitrus Berry|[eat]\n|-heal|p1b: Amoonguss|59\/100|[from] item: Sitrus Berry\n|move|p2a: Rillaboom|High Horsepower|p1a: Gholdengo\n|-immune|p1a: Gholdengo\n|move|p1a: Gholdengo|Make It Rain|p2b: Farigiraf|[spread] p2a,p2b\n|-damage|p2a: Rillaboom|0 fnt\n|-damage|p2b: Farigiraf|0 fnt\n|-unboost|p1a: Gholdengo|spa|1\n|faint|p2a: Rillaboom\n|faint|p2b: Farigiraf\n|-damage|p1a: Gholdengo|91\/100|[from] item: Life Orb\n|\n|-weather|RainDance|[upkeep]\n|-heal|p1b: Amoonguss|65\/100|[from] Grassy Terrain\n|upkeep\n|\n|t:|1732681521\n|switch|p2b: Ursaluna|Ursaluna-Bloodmoon, L50, M|100\/100\n|switch|p2a: Annihilape|Annihilape, L50, F|100\/100\n|turn|5\n|\n|t:|1732681544\n|move|p1b: Amoonguss|Protect|p1b: Amoonguss\n|-singleturn|p1b: Amoonguss|Protect\n|move|p1a: Gholdengo|Protect|p1a: Gholdengo\n|-singleturn|p1a: Gholdengo|Protect\n|move|p2b: Ursaluna|Hyper Voice|p1a: Gholdengo|[spread] \n|-activate|p1a: Gholdengo|move: Protect\n|-activate|p1b: Amoonguss|move: Protect\n|move|p2a: Annihilape|Rage Fist|p1a: Gholdengo\n|-activate|p1a: Gholdengo|move: Protect\n|\n|-weather|none\n|-heal|p1b: Amoonguss|71\/100|[from] Grassy Terrain\n|-fieldend|move: Trick Room\n|upkeep\n|turn|6\n|\n|t:|1732681564\n|move|p1b: Amoonguss|Rage Powder|p1b: Amoonguss\n|-singleturn|p1b: Amoonguss|move: Rage Powder\n|move|p2a: Annihilape|Rage Fist|p1b: Amoonguss\n|-damage|p1b: Amoonguss|54\/100\n|move|p1a: Gholdengo|Shadow Ball|p2a: Annihilape\n|-supereffective|p2a: Annihilape\n|-damage|p2a: Annihilape|0 fnt\n|faint|p2a: Annihilape\n|-damage|p1a: Gholdengo|82\/100|[from] item: Life Orb\n|move|p2b: Ursaluna|Hyper Voice|p1a: Gholdengo|[spread] p1a,p1b\n|-damage|p1a: Gholdengo|29\/100\n|-damage|p1b: Amoonguss|10\/100\n|-damage|p2b: Ursaluna|91\/100|[from] item: Life Orb\n|\n|-heal|p2b: Ursaluna|97\/100|[from] Grassy Terrain\n|-heal|p1b: Amoonguss|16\/100|[from] Grassy Terrain\n|-fieldend|move: Grassy Terrain\n|upkeep\n|turn|7\n|\n|t:|1732681584\n|switch|p1b: Pelipper|Pelipper, L50, F|48\/100\n|-weather|RainDance|[from] ability: Drizzle|[of] p1b: Pelipper\n|move|p1a: Gholdengo|Make It Rain|p2b: Ursaluna\n|-damage|p2b: Ursaluna|0 fnt\n|-unboost|p1a: Gholdengo|spa|1\n|faint|p2b: Ursaluna\n|-damage|p1a: Gholdengo|19\/100|[from] item: Life Orb\n|\n|win|Djjwjwwjj\n|raw|Djjwjwwjj's rating: 1673 &rarr; <strong>1695<\/strong><br \/>(+22 for winning)\n|raw|Piehead's rating: 1703 &rarr; <strong>1681<\/strong><br \/>(-22 for losing)\n|l|\u2606Piehead\n|player|p2|\n|l|\u2606Djjwjwwjj\n|player|p1|\n","uploadtime":1732681779,"views":5,"formatid":"gen9vgc2024regh","rating":1681,"private":0,"password":null}