{"id":"gen9vgc2024regh-2251958575","format":"[Gen 9] VGC 2024 Reg H","players":["Djjwjwwjj","Wesyeedah"],"log":"|j|\u2606Djjwjwwjj\n|j|\u2606Wesyeedah\n|t:|1732689762\n|gametype|doubles\n|player|p1|Djjwjwwjj|102|1689\n|player|p2|Wesyeedah|hooligans|1644\n|teamsize|p1|6\n|teamsize|p2|6\n|gen|9\n|tier|[Gen 9] VGC 2024 Reg H\n|rated|\n|rule|Species Clause: Limit one of each Pok\u00e9mon\n|rule|Item Clause: Limit 1 of each item\n|clearpoke\n|poke|p1|Palafin, L50, M|\n|poke|p1|Pelipper, L50, F|\n|poke|p1|Archaludon, L50, M|\n|poke|p1|Electabuzz, L50, F|\n|poke|p1|Rillaboom, L50, F|\n|poke|p1|Incineroar, L50, F|\n|poke|p2|Volcarona, L50, M|\n|poke|p2|Mamoswine, L50, M|\n|poke|p2|Muk-Alola, L50, M|\n|poke|p2|Archaludon, L50, F|\n|poke|p2|Oricorio-Sensu, L50, F|\n|poke|p2|Scrafty, L50, F|\n|teampreview|4\n|inactive|Battle timer is ON: inactive players will automatically lose when time's up. (requested by Djjwjwwjj)\n|inactive|Djjwjwwjj has 60 seconds left.\n|\n|t:|1732689819\n|start\n|switch|p1a: Electabuzz|Electabuzz, L50, F|100\/100\n|switch|p1b: Palafin|Palafin, L50, M|100\/100\n|switch|p2a: Archaludon|Archaludon, L50, F|100\/100\n|switch|p2b: Volcarona|Volcarona, L50, M|100\/100\n|turn|1\n|inactive|Wesyeedah has 30 seconds left.\n|\n|t:|1732689846\n|switch|p2a: Oricorio|Oricorio-Sensu, L50, F|100\/100\n|move|p1b: Palafin|Flip Turn|p2a: Oricorio\n|-damage|p2a: Oricorio|58\/100\n|\n|t:|1732689855\n|detailschange|p1b: Palafin|Palafin-Hero, L50, M\n|switch|p1b: Archaludon|Archaludon, L50, M|100\/100|[from] Flip Turn\n|move|p1a: Electabuzz|Taunt|p2b: Volcarona\n|-start|p2b: Volcarona|move: Taunt\n|cant|p2b: Volcarona|move: Taunt|Quiver Dance\n|\n|upkeep\n|turn|2\n|\n|t:|1732689879\n|switch|p1a: Pelipper|Pelipper, L50, F|100\/100\n|-weather|RainDance|[from] ability: Drizzle|[of] p1a: Pelipper\n|-terastallize|p2a: Oricorio|Fighting\n|move|p2a: Oricorio|Revelation Dance|p1b: Archaludon\n|-supereffective|p1b: Archaludon\n|-damage|p1b: Archaludon|48\/100\n|move|p2b: Volcarona|Fiery Dance|p1b: Archaludon\n|-damage|p1b: Archaludon|35\/100\n|-boost|p2b: Volcarona|spa|1\n|-activate|p2a: Oricorio|ability: Dancer\n|move|p2a: Oricorio|Fiery Dance|p1b: Archaludon|[from]ability: Dancer\n|-damage|p1b: Archaludon|27\/100\n|move|p1b: Archaludon|Electro Shot||[still]\n|-prepare|p1b: Archaludon|Electro Shot\n|-boost|p1b: Archaludon|spa|1\n|-anim|p1b: Archaludon|Electro Shot|p2a: Oricorio\n|-damage|p2a: Oricorio|0 fnt\n|faint|p2a: Oricorio\n|\n|-weather|RainDance|[upkeep]\n|upkeep\n|inactive|Wesyeedah has 30 seconds left.\n|\n|t:|1732689907\n|switch|p2a: Scrafty|Scrafty, L50, F|100\/100\n|-ability|p2a: Scrafty|Intimidate|boost\n|-unboost|p1a: Pelipper|atk|1\n|-unboost|p1b: Archaludon|atk|1\n|turn|3\n|inactive|Wesyeedah has 30 seconds left.\n|inactive|Djjwjwwjj has 30 seconds left.\n|inactive|Wesyeedah has 20 seconds left.\n|\n|t:|1732689944\n|move|p2b: Volcarona|Giga Drain|p1a: Pelipper\n|-damage|p1a: Pelipper|41\/100\n|-enditem|p1a: Pelipper|Eject Button\n|\n|t:|1732689949\n|switch|p1a: Palafin|Palafin-Hero, L50, M|100\/100\n|-activate|p1a: Palafin|ability: Zero to Hero\n|move|p1b: Archaludon|Electro Shot||[still]\n|-prepare|p1b: Archaludon|Electro Shot\n|-boost|p1b: Archaludon|spa|1\n|-anim|p1b: Archaludon|Electro Shot|p2b: Volcarona\n|-damage|p2b: Volcarona|35\/100\n|move|p2a: Scrafty|Close Combat|p1b: Archaludon\n|-supereffective|p1b: Archaludon\n|-damage|p1b: Archaludon|0 fnt\n|-unboost|p2a: Scrafty|def|1\n|-unboost|p2a: Scrafty|spd|1\n|faint|p1b: Archaludon\n|\n|-weather|RainDance|[upkeep]\n|-end|p2b: Volcarona|move: Taunt\n|upkeep\n|\n|t:|1732689970\n|switch|p1b: Pelipper|Pelipper, L50, F|41\/100\n|turn|4\n|\n|t:|1732689985\n|switch|p2a: Archaludon|Archaludon, L50, F|100\/100\n|move|p2b: Volcarona|Protect|p2b: Volcarona\n|-singleturn|p2b: Volcarona|Protect\n|move|p1a: Palafin|Jet Punch|p2b: Volcarona\n|-activate|p2b: Volcarona|move: Protect\n|move|p1b: Pelipper|Hurricane|p2a: Archaludon\n|-resisted|p2a: Archaludon\n|-damage|p2a: Archaludon|76\/100\n|-start|p2a: Archaludon|confusion\n|-ability|p2a: Archaludon|Stamina|boost\n|-boost|p2a: Archaludon|def|1\n|\n|-weather|RainDance|[upkeep]\n|upkeep\n|turn|5\n|\n|t:|1732690006\n|switch|p1a: Electabuzz|Electabuzz, L50, F|100\/100\n|switch|p2b: Scrafty|Scrafty, L50, F|100\/100\n|-ability|p2b: Scrafty|Intimidate|boost\n|-unboost|p1a: Electabuzz|atk|1\n|-unboost|p1b: Pelipper|atk|1\n|-terastallize|p1b: Pelipper|Steel\n|-activate|p2a: Archaludon|confusion\n|move|p2a: Archaludon|Electro Shot||[still]\n|-prepare|p2a: Archaludon|Electro Shot\n|-boost|p2a: Archaludon|spa|1\n|-anim|p2a: Archaludon|Electro Shot|p1a: Electabuzz\n|-resisted|p1a: Electabuzz\n|-damage|p1a: Electabuzz|78\/100\n|move|p1b: Pelipper|Hurricane|p2b: Scrafty\n|-supereffective|p2b: Scrafty\n|-damage|p2b: Scrafty|17\/100\n|-start|p2b: Scrafty|confusion\n|\n|-weather|RainDance|[upkeep]\n|-heal|p2b: Scrafty|23\/100|[from] item: Leftovers\n|upkeep\n|turn|6\n|inactive|Djjwjwwjj has 30 seconds left.\n|inactive|Wesyeedah has 30 seconds left.\n|\n|t:|1732690036\n|-activate|p2b: Scrafty|confusion\n|move|p2b: Scrafty|Fake Out|p1a: Electabuzz\n|-damage|p1a: Electabuzz|67\/100\n|cant|p1a: Electabuzz|flinch\n|-activate|p2a: Archaludon|confusion\n|move|p2a: Archaludon|Aura Sphere|p1b: Pelipper\n|-supereffective|p1b: Pelipper\n|-damage|p1b: Pelipper|0 fnt\n|faint|p1b: Pelipper\n|\n|-weather|none\n|-heal|p2b: Scrafty|28\/100|[from] item: Leftovers\n|upkeep\n|\n|t:|1732690048\n|switch|p1b: Palafin|Palafin-Hero, L50, M|100\/100\n|turn|7\n|\n|t:|1732690061\n|switch|p2b: Volcarona|Volcarona, L50, M|35\/100\n|-activate|p2a: Archaludon|confusion\n|move|p2a: Archaludon|Protect|p2a: Archaludon\n|-singleturn|p2a: Archaludon|Protect\n|move|p1a: Electabuzz|Follow Me|p1a: Electabuzz\n|-singleturn|p1a: Electabuzz|move: Follow Me\n|move|p1b: Palafin|Close Combat|p2a: Archaludon\n|-activate|p2a: Archaludon|move: Protect\n|\n|upkeep\n|turn|8\n|\n|t:|1732690081\n|switch|p2b: Scrafty|Scrafty, L50, F|28\/100\n|-ability|p2b: Scrafty|Intimidate|boost\n|-unboost|p1a: Electabuzz|atk|1\n|-unboost|p1b: Palafin|atk|1\n|move|p1a: Electabuzz|Follow Me|p1a: Electabuzz\n|-singleturn|p1a: Electabuzz|move: Follow Me\n|move|p1b: Palafin|Close Combat|p2a: Archaludon\n|-supereffective|p2a: Archaludon\n|-damage|p2a: Archaludon|33\/100\n|-unboost|p1b: Palafin|def|1\n|-unboost|p1b: Palafin|spd|1\n|-ability|p2a: Archaludon|Stamina|boost\n|-boost|p2a: Archaludon|def|1\n|-activate|p2a: Archaludon|confusion\n|-damage|p2a: Archaludon|30\/100|[from] confusion\n|\n|-heal|p2b: Scrafty|34\/100|[from] item: Leftovers\n|upkeep\n|turn|9\n|j| toch85000\n|inactive|Djjwjwwjj has 30 seconds left.\n|\n|t:|1732690109\n|move|p2b: Scrafty|Fake Out|p1a: Electabuzz\n|-damage|p1a: Electabuzz|55\/100\n|cant|p1a: Electabuzz|flinch\n|move|p1b: Palafin|Close Combat|p2b: Scrafty\n|-supereffective|p2b: Scrafty\n|-damage|p2b: Scrafty|0 fnt\n|-unboost|p1b: Palafin|def|1\n|-unboost|p1b: Palafin|spd|1\n|faint|p2b: Scrafty\n|-end|p2a: Archaludon|confusion\n|move|p2a: Archaludon|Electro Shot||[still]\n|-prepare|p2a: Archaludon|Electro Shot\n|-boost|p2a: Archaludon|spa|1\n|-enditem|p2a: Archaludon|Power Herb\n|-anim|p2a: Archaludon|Electro Shot|p1b: Palafin\n|-supereffective|p1b: Palafin\n|-damage|p1b: Palafin|0 fnt\n|faint|p1b: Palafin\n|\n|upkeep\n|-message|Djjwjwwjj forfeited.\n|\n|win|Wesyeedah\n|raw|Djjwjwwjj's rating: 1689 &rarr; <strong>1666<\/strong><br \/>(-23 for losing)\n|raw|Wesyeedah's rating: 1644 &rarr; <strong>1667<\/strong><br \/>(+23 for winning)\n|l|\u2606Djjwjwwjj\n|player|p1|\n|l|\u2606Wesyeedah\n|player|p2|\n","uploadtime":1732690346,"views":21,"formatid":"gen9vgc2024regh","rating":1666,"private":0,"password":null}