{"id":"gen9vgc2024regh-2251793871","format":"[Gen 9] VGC 2024 Reg H","players":["sailyors","sleeppowderisdumb"],"log":"|j|\u2606sailyors\n|j|\u2606sleeppowderisdumb\n|t:|1732666226\n|gametype|doubles\n|player|p1|sailyors|iris-gen5bw2|1694\n|player|p2|sleeppowderisdumb|170|1773\n|teamsize|p1|6\n|teamsize|p2|6\n|gen|9\n|tier|[Gen 9] VGC 2024 Reg H\n|rated|\n|rule|Species Clause: Limit one of each Pok\u00e9mon\n|rule|Item Clause: Limit 1 of each item\n|clearpoke\n|poke|p1|Ninetales-Alola, L50, F|\n|poke|p1|Maushold, L50|\n|poke|p1|Sinistcha, L50|\n|poke|p1|Annihilape, L50, M|\n|poke|p1|Incineroar, L50, F|\n|poke|p1|Dragonite, L50, M|\n|poke|p2|Talonflame, L50, M|\n|poke|p2|Indeedee, L50, M|\n|poke|p2|Sneasler, L50, M|\n|poke|p2|Gholdengo, L50|\n|poke|p2|Primarina, L50, F|\n|poke|p2|Electabuzz, L50, M|\n|teampreview|4\n|inactive|Battle timer is ON: inactive players will automatically lose when time's up. (requested by sleeppowderisdumb)\n|inactive|sailyors also wants the timer to be on.\n|\n|t:|1732666256\n|start\n|switch|p1a: Incineroar|Incineroar, L50, F|100\/100\n|switch|p1b: Ninetales|Ninetales-Alola, L50, F|100\/100\n|switch|p2a: Talonflame|Talonflame, L50, M|100\/100\n|switch|p2b: Gholdengo|Gholdengo, L50|100\/100\n|-weather|Snow|[from] ability: Snow Warning|[of] p1b: Ninetales\n|-ability|p1a: Incineroar|Intimidate|boost\n|-unboost|p2a: Talonflame|atk|1\n|-unboost|p2b: Gholdengo|atk|1\n|turn|1\n|\n|t:|1732666278\n|move|p1b: Ninetales|Protect|p1b: Ninetales\n|-singleturn|p1b: Ninetales|Protect\n|move|p2a: Talonflame|Tailwind|p2a: Talonflame\n|-sidestart|p2: sleeppowderisdumb|move: Tailwind\n|move|p2b: Gholdengo|Make It Rain|p1a: Incineroar|[spread] p1a\n|-activate|p1b: Ninetales|move: Protect\n|-resisted|p1a: Incineroar\n|-damage|p1a: Incineroar|82\/100\n|-unboost|p2b: Gholdengo|spa|1\n|move|p1a: Incineroar|Snarl|p2a: Talonflame|[spread] p2a,p2b\n|-supereffective|p2b: Gholdengo\n|-damage|p2a: Talonflame|85\/100\n|-damage|p2b: Gholdengo|75\/100\n|-unboost|p2b: Gholdengo|spa|1\n|\n|-weather|Snow|[upkeep]\n|upkeep\n|turn|2\n|\n|t:|1732666293\n|move|p2a: Talonflame|Taunt|p1b: Ninetales\n|-start|p1b: Ninetales|move: Taunt\n|move|p2b: Gholdengo|Make It Rain|p1b: Ninetales|[spread] p1a,p1b\n|-resisted|p1a: Incineroar\n|-supereffective|p1b: Ninetales\n|-damage|p1a: Incineroar|73\/100\n|-damage|p1b: Ninetales|0 fnt\n|-unboost|p2b: Gholdengo|spa|1\n|faint|p1b: Ninetales\n|move|p1a: Incineroar|Flare Blitz|p2b: Gholdengo\n|-supereffective|p2b: Gholdengo\n|-damage|p2b: Gholdengo|0 fnt\n|faint|p2b: Gholdengo\n|-damage|p1a: Incineroar|53\/100|[from] Recoil\n|\n|-weather|Snow|[upkeep]\n|upkeep\n|inactive|sleeppowderisdumb has 30 seconds left.\n|\n|t:|1732666319\n|switch|p1b: Sinistcha|Sinistcha, L50|100\/100\n|switch|p2b: Indeedee|Indeedee, L50, M|100\/100\n|-fieldstart|move: Psychic Terrain|[from] ability: Psychic Surge|[of] p2b: Indeedee\n|-heal|p1a: Incineroar|78\/100|[from] ability: Hospitality|[of] p1b: Sinistcha\n|turn|3\n|j| ThePowerOfPasta\n|l| ThePowerOfPasta\n|\n|t:|1732666335\n|-terastallize|p2b: Indeedee|Fighting\n|move|p2a: Talonflame|Taunt|p1b: Sinistcha\n|-start|p1b: Sinistcha|move: Taunt\n|move|p2b: Indeedee|Tera Blast|p1a: Incineroar|[anim] Tera Blast Fighting\n|-supereffective|p1a: Incineroar\n|-damage|p1a: Incineroar|42\/100\n|cant|p1b: Sinistcha|move: Taunt|Life Dew\n|move|p1a: Incineroar|Snarl|p2b: Indeedee|[spread] p2a,p2b\n|-resisted|p2b: Indeedee\n|-damage|p2a: Talonflame|69\/100\n|-damage|p2b: Indeedee|94\/100\n|-unboost|p2b: Indeedee|spa|1\n|\n|-weather|Snow|[upkeep]\n|upkeep\n|turn|4\n|\n|t:|1732666355\n|switch|p2b: Sneasler|Sneasler, L50, M|100\/100\n|-enditem|p2b: Sneasler|Psychic Seed\n|-boost|p2b: Sneasler|spd|1|[from] item: Psychic Seed\n|switch|p1b: Annihilape|Annihilape, L50, M|100\/100\n|move|p2a: Talonflame|Brave Bird|p1b: Annihilape\n|-supereffective|p1b: Annihilape\n|-damage|p1b: Annihilape|38\/100\n|-damage|p2a: Talonflame|41\/100|[from] Recoil\n|move|p1a: Incineroar|U-turn|p1b: Annihilape\n|-resisted|p1b: Annihilape\n|-damage|p1b: Annihilape|34\/100\n|\n|t:|1732666366\n|switch|p1a: Sinistcha|Sinistcha, L50|100\/100|[from] U-turn\n|-heal|p1b: Annihilape|58\/100|[from] ability: Hospitality|[of] p1a: Sinistcha\n|\n|-weather|Snow|[upkeep]\n|-heal|p1b: Annihilape|64\/100|[from] item: Leftovers\n|-sideend|p2: sleeppowderisdumb|move: Tailwind\n|upkeep\n|turn|5\n|inactive|sleeppowderisdumb has 30 seconds left.\n|\n|t:|1732666397\n|-terastallize|p1b: Annihilape|Fire\n|move|p1a: Sinistcha|Rage Powder|p1a: Sinistcha\n|-singleturn|p1a: Sinistcha|move: Rage Powder\n|move|p2b: Sneasler|Dire Claw|p1a: Sinistcha\n|-damage|p1a: Sinistcha|68\/100\n|-damage|p2b: Sneasler|84\/100|[from] item: Rocky Helmet|[of] p1a: Sinistcha\n|move|p2a: Talonflame|Brave Bird|p1a: Sinistcha\n|-supereffective|p1a: Sinistcha\n|-damage|p1a: Sinistcha|19\/100\n|-damage|p2a: Talonflame|25\/100|[from] item: Rocky Helmet|[of] p1a: Sinistcha\n|-damage|p2a: Talonflame|7\/100|[from] Recoil\n|move|p1b: Annihilape|Rage Fist|p2b: Sneasler\n|-damage|p2b: Sneasler|0 fnt\n|faint|p2b: Sneasler\n|\n|-weather|none\n|-heal|p1b: Annihilape|70\/100|[from] item: Leftovers\n|upkeep\n|\n|t:|1732666406\n|switch|p2b: Indeedee|Indeedee, L50, M, tera:Fighting|94\/100\n|turn|6\n|\n|t:|1732666423\n|move|p1b: Annihilape|Protect|p1b: Annihilape\n|-singleturn|p1b: Annihilape|Protect\n|move|p2a: Talonflame|Brave Bird|p1a: Sinistcha\n|-supereffective|p1a: Sinistcha\n|-damage|p1a: Sinistcha|0 fnt\n|-damage|p2a: Talonflame|0 fnt|[from] item: Rocky Helmet|[of] p1a: Sinistcha\n|faint|p1a: Sinistcha\n|faint|p2a: Talonflame\n|move|p2b: Indeedee|Expanding Force|p1b: Annihilape\n|-activate|p1b: Annihilape|move: Protect\n|\n|-heal|p1b: Annihilape|76\/100|[from] item: Leftovers\n|upkeep\n|\n|t:|1732666431\n|switch|p1a: Incineroar|Incineroar, L50, F|42\/100\n|-ability|p1a: Incineroar|Intimidate|boost\n|-unboost|p2b: Indeedee|atk|1\n|turn|7\n|\n|t:|1732666435\n|move|p2b: Indeedee|Expanding Force|p1b: Annihilape|[spread] p1b\n|-immune|p1a: Incineroar\n|-damage|p1b: Annihilape|29\/100\n|move|p1b: Annihilape|Rage Fist|p2b: Indeedee\n|-damage|p2b: Indeedee|0 fnt\n|faint|p2b: Indeedee\n|\n|win|sailyors\n|raw|sailyors's rating: 1694 &rarr; <strong>1718<\/strong><br \/>(+24 for winning)\n|raw|sleeppowderisdumb's rating: 1773 &rarr; <strong>1749<\/strong><br \/>(-24 for losing)\n|l|\u2606sleeppowderisdumb\n|player|p2|\n|l|\u2606sailyors\n|player|p1|\n","uploadtime":1732666707,"views":13,"formatid":"gen9vgc2024regh","rating":1718,"private":0,"password":null}