{"id":"gen9vgc2024regh-2251243581","format":"[Gen 9] VGC 2024 Reg H","players":["elvegis1","newkl"],"log":"|j|\u2606elvegis1\n|j|\u2606newkl\n|t:|1732598456\n|gametype|doubles\n|player|p1|elvegis1|lucas|1751\n|player|p2|newkl|lucas|1716\n|teamsize|p1|6\n|teamsize|p2|6\n|gen|9\n|tier|[Gen 9] VGC 2024 Reg H\n|rated|\n|rule|Species Clause: Limit one of each Pok\u00e9mon\n|rule|Item Clause: Limit 1 of each item\n|clearpoke\n|poke|p1|Incineroar, L50, M|\n|poke|p1|Gholdengo, L50|\n|poke|p1|Dusclops, L50, F|\n|poke|p1|Gastrodon-East, L50, M|\n|poke|p1|Ursaluna-Bloodmoon, L50, M|\n|poke|p1|Annihilape, L50, F|\n|poke|p2|Sneasler, L50, F|\n|poke|p2|Dondozo, L50, F|\n|poke|p2|Rillaboom, L50, F|\n|poke|p2|Dragapult, L50, F|\n|poke|p2|Volcarona, L50, F|\n|poke|p2|Electabuzz, L50, F|\n|teampreview|4\n|inactive|Battle timer is ON: inactive players will automatically lose when time's up. (requested by elvegis1)\n|inactive|elvegis1 has 60 seconds left.\n|inactive|newkl has 60 seconds left.\n|\n|t:|1732598514\n|start\n|switch|p1a: Annihilape|Annihilape, L50, F|100\/100\n|switch|p1b: Incineroar|Incineroar, L50, M|100\/100\n|switch|p2a: Electabuzz|Electabuzz, L50, F|100\/100\n|switch|p2b: Volcarona|Volcarona, L50, F|100\/100\n|-ability|p1b: Incineroar|Intimidate|boost\n|-unboost|p2a: Electabuzz|atk|1\n|-unboost|p2b: Volcarona|atk|1\n|turn|1\n|inactive|elvegis1 has 30 seconds left.\n|\n|t:|1732598541\n|move|p1b: Incineroar|Fake Out|p2a: Electabuzz\n|-damage|p2a: Electabuzz|93\/100\n|move|p1a: Annihilape|Final Gambit|p2b: Volcarona\n|-damage|p2b: Volcarona|0 fnt\n|faint|p1a: Annihilape\n|faint|p2b: Volcarona\n|cant|p2a: Electabuzz|flinch\n|\n|upkeep\n|\n|t:|1732598557\n|switch|p1a: Gastrodon|Gastrodon-East, L50, M|100\/100\n|switch|p2b: Sneasler|Sneasler, L50, F|100\/100\n|turn|2\n|inactive|elvegis1 has 30 seconds left.\n|\n|t:|1732598590\n|-terastallize|p1b: Incineroar|Ghost\n|move|p2b: Sneasler|Fake Out|p1a: Gastrodon\n|-damage|p1a: Gastrodon|87\/100\n|move|p2a: Electabuzz|Thunderbolt|p1b: Incineroar\n|-damage|p1b: Incineroar|75\/100\n|move|p1b: Incineroar|Flare Blitz|p2b: Sneasler\n|-damage|p2b: Sneasler|19\/100\n|-damage|p1b: Incineroar|54\/100|[from] Recoil\n|cant|p1a: Gastrodon|flinch\n|\n|-heal|p1a: Gastrodon|93\/100|[from] item: Leftovers\n|upkeep\n|turn|3\n|inactive|newkl has 30 seconds left.\n|inactive|newkl has 20 seconds left.\n|inactive|newkl has 15 seconds left.\n|inactive|newkl has 10 seconds left.\n|\n|t:|1732598639\n|move|p2a: Electabuzz|Protect|p2a: Electabuzz\n|-singleturn|p2a: Electabuzz|Protect\n|move|p2b: Sneasler|Close Combat|p1a: Gastrodon\n|-damage|p1a: Gastrodon|37\/100\n|-unboost|p2b: Sneasler|def|1\n|-unboost|p2b: Sneasler|spd|1\n|-status|p1a: Gastrodon|psn|[from] ability: Poison Touch|[of] p2b: Sneasler\n|move|p1b: Incineroar|Parting Shot|p2a: Electabuzz\n|-activate|p2a: Electabuzz|move: Protect\n|move|p1a: Gastrodon|Muddy Water|p2a: Electabuzz|[spread] p2b\n|-activate|p2a: Electabuzz|move: Protect\n|-damage|p2b: Sneasler|0 fnt\n|faint|p2b: Sneasler\n|\n|-heal|p1a: Gastrodon|43\/100 psn|[from] item: Leftovers\n|-damage|p1a: Gastrodon|31\/100 psn|[from] psn\n|upkeep\n|\n|t:|1732598644\n|switch|p2b: Rillaboom|Rillaboom, L50, F|100\/100\n|-fieldstart|move: Grassy Terrain|[from] ability: Grassy Surge|[of] p2b: Rillaboom\n|turn|4\n|\n|t:|1732598663\n|move|p2a: Electabuzz|Thunderbolt|p1b: Incineroar\n|-damage|p1b: Incineroar|30\/100\n|-enditem|p1b: Incineroar|Sitrus Berry|[eat]\n|-heal|p1b: Incineroar|55\/100|[from] item: Sitrus Berry\n|move|p2b: Rillaboom|Wood Hammer|p1b: Incineroar\n|-damage|p1b: Incineroar|0 fnt\n|faint|p1b: Incineroar\n|-damage|p2b: Rillaboom|83\/100|[from] Recoil\n|move|p1a: Gastrodon|Muddy Water|p2b: Rillaboom|[spread] p2a,p2b\n|-resisted|p2b: Rillaboom\n|-damage|p2a: Electabuzz|74\/100\n|-damage|p2b: Rillaboom|76\/100\n|-unboost|p2b: Rillaboom|accuracy|1\n|\n|-heal|p2a: Electabuzz|80\/100|[from] Grassy Terrain\n|-heal|p2b: Rillaboom|82\/100|[from] Grassy Terrain\n|-heal|p1a: Gastrodon|37\/100 psn|[from] Grassy Terrain\n|-heal|p1a: Gastrodon|43\/100 psn|[from] item: Leftovers\n|-damage|p1a: Gastrodon|31\/100 psn|[from] psn\n|upkeep\n|\n|t:|1732598671\n|switch|p1b: Ursaluna|Ursaluna-Bloodmoon, L50, M|100\/100\n|turn|5\n|\n|t:|1732598683\n|move|p2a: Electabuzz|Follow Me|p2a: Electabuzz\n|-singleturn|p2a: Electabuzz|move: Follow Me\n|move|p2b: Rillaboom|Wood Hammer|p1b: Ursaluna|[miss]\n|-miss|p2b: Rillaboom|p1b: Ursaluna\n|move|p1b: Ursaluna|Blood Moon|p2a: Electabuzz\n|-damage|p2a: Electabuzz|15\/100\n|move|p1a: Gastrodon|Ice Beam|p2a: Electabuzz\n|-damage|p2a: Electabuzz|0 fnt\n|faint|p2a: Electabuzz\n|\n|-heal|p2b: Rillaboom|87\/100|[from] Grassy Terrain\n|-heal|p1a: Gastrodon|37\/100 psn|[from] Grassy Terrain\n|-heal|p1a: Gastrodon|43\/100 psn|[from] item: Leftovers\n|-damage|p1a: Gastrodon|31\/100 psn|[from] psn\n|upkeep\n|turn|6\n|j| keshaeuw\n|\n|t:|1732598702\n|move|p2b: Rillaboom|Wood Hammer|p1b: Ursaluna\n|-supereffective|p1b: Ursaluna\n|-damage|p1b: Ursaluna|0 fnt\n|faint|p1b: Ursaluna\n|-damage|p2b: Rillaboom|55\/100|[from] Recoil\n|move|p1a: Gastrodon|Yawn|p2b: Rillaboom\n|-start|p2b: Rillaboom|move: Yawn|[of] p1a: Gastrodon\n|\n|-heal|p2b: Rillaboom|60\/100|[from] Grassy Terrain\n|-heal|p1a: Gastrodon|37\/100 psn|[from] Grassy Terrain\n|-heal|p1a: Gastrodon|43\/100 psn|[from] item: Leftovers\n|-damage|p1a: Gastrodon|31\/100 psn|[from] psn\n|upkeep\n|turn|7\n|\n|t:|1732598711\n|move|p1a: Gastrodon|Protect|p1a: Gastrodon\n|-singleturn|p1a: Gastrodon|Protect\n|move|p2b: Rillaboom|Grassy Glide|p1a: Gastrodon\n|-activate|p1a: Gastrodon|move: Protect\n|\n|-heal|p2b: Rillaboom|66\/100|[from] Grassy Terrain\n|-heal|p1a: Gastrodon|37\/100 psn|[from] Grassy Terrain\n|-heal|p1a: Gastrodon|43\/100 psn|[from] item: Leftovers\n|-damage|p1a: Gastrodon|31\/100 psn|[from] psn\n|-end|p2b: Rillaboom|move: Yawn|[silent]\n|-status|p2b: Rillaboom|slp\n|upkeep\n|turn|8\n|\n|t:|1732598714\n|cant|p2b: Rillaboom|slp\n|move|p1a: Gastrodon|Ice Beam|p2b: Rillaboom\n|-supereffective|p2b: Rillaboom\n|-damage|p2b: Rillaboom|36\/100 slp\n|\n|-heal|p2b: Rillaboom|42\/100 slp|[from] Grassy Terrain\n|-heal|p1a: Gastrodon|37\/100 psn|[from] Grassy Terrain\n|-heal|p1a: Gastrodon|43\/100 psn|[from] item: Leftovers\n|-damage|p1a: Gastrodon|31\/100 psn|[from] psn\n|-fieldend|move: Grassy Terrain\n|upkeep\n|turn|9\n|\n|t:|1732598720\n|cant|p2b: Rillaboom|slp\n|move|p1a: Gastrodon|Ice Beam|p2b: Rillaboom\n|-supereffective|p2b: Rillaboom\n|-damage|p2b: Rillaboom|12\/100 slp\n|\n|-heal|p1a: Gastrodon|37\/100 psn|[from] item: Leftovers\n|-damage|p1a: Gastrodon|24\/100 psn|[from] psn\n|upkeep\n|turn|10\n|\n|t:|1732598724\n|-curestatus|p2b: Rillaboom|slp|[msg]\n|move|p2b: Rillaboom|Wood Hammer|p1a: Gastrodon\n|-supereffective|p1a: Gastrodon\n|-damage|p1a: Gastrodon|0 fnt\n|faint|p1a: Gastrodon\n|-damage|p2b: Rillaboom|4\/100|[from] Recoil\n|\n|win|newkl\n|raw|elvegis1's rating: 1751 &rarr; <strong>1729<\/strong><br \/>(-22 for losing)\n|raw|newkl's rating: 1716 &rarr; <strong>1738<\/strong><br \/>(+22 for winning)\n|l|\u2606elvegis1\n|player|p1|\n|l|\u2606newkl\n|player|p2|\n|l| keshaeuw\n","uploadtime":1732598925,"views":9,"formatid":"gen9vgc2024regh","rating":1729,"private":0,"password":null}