{"id":"gen9vgc2024regh-2251893547","format":"[Gen 9] VGC 2024 Reg H","players":["lichuweijixi","totolaw"],"log":"|j|\u2606lichuweijixi\n|j|\u2606totolaw\n|t:|1732678993\n|gametype|doubles\n|player|p1|lichuweijixi|102|1738\n|player|p2|totolaw|170|1719\n|teamsize|p1|6\n|teamsize|p2|6\n|gen|9\n|tier|[Gen 9] VGC 2024 Reg H\n|rated|\n|rule|Species Clause: Limit one of each Pok\u00e9mon\n|rule|Item Clause: Limit 1 of each item\n|clearpoke\n|poke|p1|Rillaboom, L50, M|\n|poke|p1|Dragonite, L50, M|\n|poke|p1|Gholdengo, L50|\n|poke|p1|Sneasler, L50, M|\n|poke|p1|Dondozo, L50, F|\n|poke|p1|Ninetales-Alola, L50, M|\n|poke|p2|Garganacl, L50, M|\n|poke|p2|Dondozo, L50, M|\n|poke|p2|Sneasler, L50, M|\n|poke|p2|Gholdengo, L50|\n|poke|p2|Rillaboom, L50, M|\n|poke|p2|Baxcalibur, L50, M|\n|teampreview|4\n|\n|t:|1732679029\n|start\n|switch|p1a: Sneasler|Sneasler, L50, M|100\/100\n|switch|p1b: Dragonite|Dragonite, L50, M, shiny|100\/100\n|switch|p2a: Garganacl|Garganacl, L50, M|100\/100\n|switch|p2b: Gholdengo|Gholdengo, L50|100\/100\n|turn|1\n|\n|t:|1732679052\n|-terastallize|p2a: Garganacl|Flying\n|move|p2b: Gholdengo|Make It Rain|p1a: Sneasler|[spread] p1a,p1b\n|-damage|p1a: Sneasler|35\/100\n|-damage|p1b: Dragonite|75\/100\n|-unboost|p2b: Gholdengo|spa|1\n|move|p1a: Sneasler|Close Combat|p2a: Garganacl\n|-resisted|p2a: Garganacl\n|-damage|p2a: Garganacl|77\/100\n|-unboost|p1a: Sneasler|def|1\n|-unboost|p1a: Sneasler|spd|1\n|move|p1b: Dragonite|Scale Shot|p2a: Garganacl\n|-damage|p2a: Garganacl|68\/100\n|-damage|p2a: Garganacl|58\/100\n|-damage|p2a: Garganacl|47\/100\n|-damage|p2a: Garganacl|37\/100\n|-damage|p2a: Garganacl|28\/100\n|-hitcount|p2a: Garganacl|5\n|-unboost|p1b: Dragonite|def|1\n|-boost|p1b: Dragonite|spe|1\n|move|p2a: Garganacl|Salt Cure|p1a: Sneasler\n|-resisted|p1a: Sneasler\n|-damage|p1a: Sneasler|16\/100\n|-start|p1a: Sneasler|Salt Cure\n|\n|-damage|p1a: Sneasler|4\/100|[from] Salt Cure\n|upkeep\n|turn|2\n|j| balnan\n|\n|t:|1732679099\n|switch|p2b: Dondozo|Dondozo, L50, M|100\/100\n|switch|p1a: Gholdengo|Gholdengo, L50, shiny|100\/100\n|-terastallize|p1b: Dragonite|Steel\n|move|p2a: Garganacl|Protect|p2a: Garganacl\n|-singleturn|p2a: Garganacl|Protect\n|move|p1b: Dragonite|Scale Shot|p2a: Garganacl\n|-activate|p2a: Garganacl|move: Protect\n|\n|upkeep\n|turn|3\n|\n|t:|1732679117\n|move|p1a: Gholdengo|Shadow Ball|p2b: Dondozo\n|-damage|p2b: Dondozo|66\/100\n|-unboost|p2b: Dondozo|spd|1\n|move|p1b: Dragonite|Encore|p2a: Garganacl\n|-start|p2a: Garganacl|Encore\n|move|p2b: Dondozo|Yawn|p1b: Dragonite\n|-start|p1b: Dragonite|move: Yawn|[of] p2b: Dondozo\n|move|p2a: Garganacl|Protect||[still]\n|-fail|p2a: Garganacl\n|\n|-heal|p2b: Dondozo|72\/100|[from] item: Leftovers\n|upkeep\n|turn|4\n|\n|t:|1732679145\n|switch|p1b: Ninetales|Ninetales-Alola, L50, M|100\/100\n|-weather|Snow|[from] ability: Snow Warning|[of] p1b: Ninetales\n|move|p2a: Garganacl|Protect|p2a: Garganacl\n|-singleturn|p2a: Garganacl|Protect\n|move|p1a: Gholdengo|Shadow Ball|p2b: Dondozo\n|-damage|p2b: Dondozo|19\/100\n|-unboost|p2b: Dondozo|spd|1\n|move|p2b: Dondozo|Liquidation|p1a: Gholdengo\n|-damage|p1a: Gholdengo|58\/100\n|\n|-weather|Snow|[upkeep]\n|-heal|p2b: Dondozo|25\/100|[from] item: Leftovers\n|upkeep\n|turn|5\n|\n|t:|1732679172\n|switch|p2a: Baxcalibur|Baxcalibur, L50, M|100\/100\n|move|p1a: Gholdengo|Shadow Ball|p2a: Baxcalibur\n|-damage|p2a: Baxcalibur|58\/100\n|move|p1b: Ninetales|Blizzard|p2b: Dondozo|[spread] p2a,p2b\n|-resisted|p2b: Dondozo\n|-damage|p2a: Baxcalibur|19\/100\n|-damage|p2b: Dondozo|0 fnt\n|faint|p2b: Dondozo\n|\n|-weather|Snow|[upkeep]\n|upkeep\n|\n|t:|1732679182\n|switch|p2b: Gholdengo|Gholdengo, L50|100\/100\n|turn|6\n|\n|t:|1732679188\n|move|p2a: Baxcalibur|Protect|p2a: Baxcalibur\n|-singleturn|p2a: Baxcalibur|Protect\n|move|p2b: Gholdengo|Shadow Ball|p1a: Gholdengo\n|-supereffective|p1a: Gholdengo\n|-damage|p1a: Gholdengo|0 fnt\n|faint|p1a: Gholdengo\n|move|p1b: Ninetales|Blizzard|p2a: Baxcalibur|[spread] p2b\n|-activate|p2a: Baxcalibur|move: Protect\n|-resisted|p2b: Gholdengo\n|-damage|p2b: Gholdengo|75\/100\n|\n|-weather|Snow|[upkeep]\n|upkeep\n|\n|t:|1732679205\n|switch|p1a: Sneasler|Sneasler, L50, M|4\/100\n|turn|7\n|\n|t:|1732679213\n|move|p1a: Sneasler|Protect|p1a: Sneasler\n|-singleturn|p1a: Sneasler|Protect\n|move|p2a: Baxcalibur|Ice Shard|p1a: Sneasler\n|-activate|p1a: Sneasler|move: Protect\n|move|p2b: Gholdengo|Shadow Ball|p1b: Ninetales\n|-damage|p1b: Ninetales|52\/100\n|move|p1b: Ninetales|Blizzard|p2b: Gholdengo|[spread] p2a,p2b\n|-resisted|p2b: Gholdengo\n|-damage|p2a: Baxcalibur|0 fnt\n|-damage|p2b: Gholdengo|47\/100\n|faint|p2a: Baxcalibur\n|\n|-weather|Snow|[upkeep]\n|upkeep\n|\n|t:|1732679224\n|switch|p2a: Garganacl|Garganacl, L50, M, tera:Flying|28\/100\n|turn|8\n|\n|t:|1732679233\n|move|p2b: Gholdengo|Shadow Ball|p1b: Ninetales\n|-crit|p1b: Ninetales\n|-damage|p1b: Ninetales|0 fnt\n|faint|p1b: Ninetales\n|move|p1a: Sneasler|Dire Claw|p2a: Garganacl\n|-damage|p2a: Garganacl|0 fnt\n|faint|p2a: Garganacl\n|\n|-weather|none\n|upkeep\n|-message|totolaw forfeited.\n|\n|win|lichuweijixi\n|raw|lichuweijixi's rating: 1738 &rarr; <strong>1757<\/strong><br \/>(+19 for winning)\n|raw|totolaw's rating: 1719 &rarr; <strong>1700<\/strong><br \/>(-19 for losing)\n|l|\u2606totolaw\n|player|p2|\n|l|\u2606lichuweijixi\n|player|p1|\n","uploadtime":1732679435,"views":146,"formatid":"gen9vgc2024regh","rating":1700,"private":0,"password":null}