{"id":"gen9vgc2024regh-2251416742","format":"[Gen 9] VGC 2024 Reg H","players":["HarshEuroBarge","GiganTheGojira"],"log":"|j|\u2606HarshEuroBarge\n|j|\u2606GiganTheGojira\n|t:|1732627262\n|gametype|doubles\n|player|p1|HarshEuroBarge|170|1675\n|player|p2|GiganTheGojira|steven|1730\n|teamsize|p1|6\n|teamsize|p2|6\n|gen|9\n|tier|[Gen 9] VGC 2024 Reg H\n|rated|\n|rule|Species Clause: Limit one of each Pok\u00e9mon\n|rule|Item Clause: Limit 1 of each item\n|clearpoke\n|poke|p1|Smeargle, L50, F|\n|poke|p1|Primeape, L50, M|\n|poke|p1|Rillaboom, L50, M|\n|poke|p1|Indeedee-F, L50, F|\n|poke|p1|Whimsicott, L50, M|\n|poke|p1|Krookodile, L50, F|\n|poke|p2|Incineroar, L50, F|\n|poke|p2|Archaludon, L50, M|\n|poke|p2|Rillaboom, L50, F|\n|poke|p2|Pelipper, L50, F|\n|poke|p2|Amoonguss, L50, F|\n|poke|p2|Garchomp, L50, M|\n|teampreview|4\n|\n|t:|1732627274\n|start\n|switch|p1a: Smeargle|Smeargle, L50, F|100\/100\n|switch|p1b: Primeape|Primeape, L50, M, shiny|100\/100\n|switch|p2a: Pelipper|Pelipper, L50, F|100\/100\n|switch|p2b: Garchomp|Garchomp, L50, M|100\/100\n|-weather|RainDance|[from] ability: Drizzle|[of] p2a: Pelipper\n|turn|1\n|\n|t:|1732627303\n|switch|p1b: Whimsicott|Whimsicott, L50, M|100\/100\n|-terastallize|p2b: Garchomp|Ground\n|move|p2b: Garchomp|Earthquake|p1a: Smeargle|[spread] p1a,p1b\n|-immune|p2a: Pelipper\n|-resisted|p1b: Whimsicott\n|-enditem|p1a: Smeargle|Focus Sash\n|-damage|p1a: Smeargle|1\/100\n|-damage|p1b: Whimsicott|69\/100\n|-damage|p2b: Garchomp|91\/100|[from] item: Life Orb\n|move|p1a: Smeargle|Spore|p2a: Pelipper\n|-status|p2a: Pelipper|slp|[from] move: Spore\n|cant|p2a: Pelipper|slp\n|\n|-weather|RainDance|[upkeep]\n|-ability|p1a: Smeargle|Moody|boost\n|-boost|p1a: Smeargle|spa|2\n|-unboost|p1a: Smeargle|def|1\n|upkeep\n|turn|2\n|\n|t:|1732627320\n|move|p1b: Whimsicott|Tailwind|p1b: Whimsicott\n|-sidestart|p1: HarshEuroBarge|move: Tailwind\n|move|p1a: Smeargle|Spore|p2b: Garchomp\n|-status|p2b: Garchomp|slp|[from] move: Spore\n|cant|p2b: Garchomp|slp\n|cant|p2a: Pelipper|slp\n|\n|-weather|RainDance|[upkeep]\n|-ability|p1a: Smeargle|Moody|boost\n|-boost|p1a: Smeargle|spa|2\n|-unboost|p1a: Smeargle|def|1\n|upkeep\n|turn|3\n|\n|t:|1732627326\n|switch|p1b: Primeape|Primeape, L50, M, shiny|100\/100\n|move|p1a: Smeargle|Surging Strikes|p1b: Primeape\n|-crit|p1b: Primeape\n|-damage|p1b: Primeape|97\/100\n|-setboost|p1b: Primeape|atk|6|[from] ability: Anger Point\n|-crit|p1b: Primeape\n|-damage|p1b: Primeape|94\/100\n|-crit|p1b: Primeape\n|-damage|p1b: Primeape|91\/100\n|-hitcount|p1b: Primeape|3\n|-curestatus|p2b: Garchomp|slp|[msg]\n|move|p2b: Garchomp|Earthquake|p1a: Smeargle|[spread] p1a,p1b\n|-immune|p2a: Pelipper\n|-damage|p1a: Smeargle|0 fnt\n|-damage|p1b: Primeape|32\/100\n|faint|p1a: Smeargle\n|-damage|p2b: Garchomp|81\/100|[from] item: Life Orb\n|cant|p2a: Pelipper|slp\n|\n|-weather|RainDance|[upkeep]\n|upkeep\n|\n|t:|1732627331\n|switch|p1a: Indeedee|Indeedee-F, L50, F|100\/100\n|-fieldstart|move: Psychic Terrain|[from] ability: Psychic Surge|[of] p1a: Indeedee\n|turn|4\n|\n|t:|1732627346\n|move|p2b: Garchomp|Protect|p2b: Garchomp\n|-singleturn|p2b: Garchomp|Protect\n|-curestatus|p2a: Pelipper|slp|[msg]\n|move|p2a: Pelipper|Wide Guard|p2a: Pelipper\n|-singleturn|p2a: Pelipper|Wide Guard\n|move|p1a: Indeedee|Follow Me|p1a: Indeedee\n|-singleturn|p1a: Indeedee|move: Follow Me\n|move|p1b: Primeape|Drain Punch|p2b: Garchomp\n|-activate|p2b: Garchomp|move: Protect\n|\n|-weather|RainDance|[upkeep]\n|upkeep\n|turn|5\n|\n|t:|1732627370\n|switch|p2b: Rillaboom|Rillaboom, L50, F|100\/100\n|-fieldstart|move: Grassy Terrain|[from] ability: Grassy Surge|[of] p2b: Rillaboom\n|-terastallize|p1b: Primeape|Fire\n|move|p1a: Indeedee|Psychic|p2a: Pelipper\n|-damage|p2a: Pelipper|45\/100\n|move|p1b: Primeape|Drain Punch|p2b: Rillaboom\n|-damage|p2b: Rillaboom|0 fnt\n|-heal|p1b: Primeape|97\/100|[from] drain|[of] p2b: Rillaboom\n|faint|p2b: Rillaboom\n|move|p2a: Pelipper|Hurricane|p1b: Primeape\n|-damage|p1b: Primeape|57\/100\n|\n|-weather|none\n|-heal|p1b: Primeape|64\/100|[from] Grassy Terrain\n|-sideend|p1: HarshEuroBarge|move: Tailwind\n|upkeep\n|\n|t:|1732627384\n|switch|p2b: Garchomp|Garchomp, L50, M, tera:Ground|81\/100\n|turn|6\n|\n|t:|1732627392\n|switch|p2a: Archaludon|Archaludon, L50, M|100\/100\n|move|p1b: Primeape|Protect|p1b: Primeape\n|-singleturn|p1b: Primeape|Protect\n|move|p2b: Garchomp|Stomping Tantrum|p1b: Primeape\n|-activate|p1b: Primeape|move: Protect\n|move|p1a: Indeedee|Trick Room|p1a: Indeedee\n|-fieldstart|move: Trick Room|[of] p1a: Indeedee\n|\n|-heal|p1b: Primeape|70\/100|[from] Grassy Terrain\n|-heal|p2b: Garchomp|87\/100|[from] Grassy Terrain\n|upkeep\n|turn|7\n|\n|t:|1732627413\n|move|p1a: Indeedee|Follow Me|p1a: Indeedee\n|-singleturn|p1a: Indeedee|move: Follow Me\n|move|p1b: Primeape|Drain Punch|p2a: Archaludon\n|-supereffective|p2a: Archaludon\n|-damage|p2a: Archaludon|0 fnt\n|-heal|p1b: Primeape|100\/100|[from] drain|[of] p2a: Archaludon\n|faint|p2a: Archaludon\n|move|p2b: Garchomp|Stomping Tantrum|p1a: Indeedee\n|-damage|p1a: Indeedee|14\/100\n|-damage|p2b: Garchomp|77\/100|[from] item: Life Orb\n|\n|-heal|p1a: Indeedee|20\/100|[from] Grassy Terrain\n|-heal|p2b: Garchomp|83\/100|[from] Grassy Terrain\n|upkeep\n|\n|t:|1732627424\n|switch|p2a: Pelipper|Pelipper, L50, F|45\/100\n|-weather|RainDance|[from] ability: Drizzle|[of] p2a: Pelipper\n|turn|8\n|\n|t:|1732627439\n|move|p1a: Indeedee|Follow Me|p1a: Indeedee\n|-singleturn|p1a: Indeedee|move: Follow Me\n|move|p1b: Primeape|Drain Punch|p2a: Pelipper\n|-resisted|p2a: Pelipper\n|-damage|p2a: Pelipper|0 fnt\n|faint|p2a: Pelipper\n|move|p2b: Garchomp|Earthquake|p1b: Primeape|[spread] p1a,p1b\n|-supereffective|p1b: Primeape\n|-damage|p1a: Indeedee|0 fnt\n|-damage|p1b: Primeape|35\/100\n|faint|p1a: Indeedee\n|-damage|p2b: Garchomp|73\/100|[from] item: Life Orb\n|\n|-weather|RainDance|[upkeep]\n|-heal|p1b: Primeape|42\/100|[from] Grassy Terrain\n|-heal|p2b: Garchomp|79\/100|[from] Grassy Terrain\n|upkeep\n|\n|t:|1732627455\n|switch|p1a: Whimsicott|Whimsicott, L50, M|69\/100\n|turn|9\n|j| laslfg81\n|\n|t:|1732627470\n|move|p2b: Garchomp|Protect|p2b: Garchomp\n|-singleturn|p2b: Garchomp|Protect\n|move|p1b: Primeape|Rage Fist|p2b: Garchomp\n|-activate|p2b: Garchomp|move: Protect\n|move|p1a: Whimsicott|Moonblast|p2b: Garchomp\n|-activate|p2b: Garchomp|move: Protect\n|\n|-weather|RainDance|[upkeep]\n|-heal|p1b: Primeape|48\/100|[from] Grassy Terrain\n|-heal|p1a: Whimsicott|75\/100|[from] Grassy Terrain\n|-heal|p2b: Garchomp|85\/100|[from] Grassy Terrain\n|-fieldend|move: Grassy Terrain\n|upkeep\n|turn|10\n|\n|t:|1732627479\n|move|p1a: Whimsicott|Encore|p2b: Garchomp\n|-start|p2b: Garchomp|Encore\n|move|p1b: Primeape|Rage Fist|p2b: Garchomp\n|-damage|p2b: Garchomp|0 fnt\n|-damage|p1b: Primeape|35\/100|[from] ability: Rough Skin|[of] p2b: Garchomp\n|faint|p2b: Garchomp\n|\n|win|HarshEuroBarge\n|raw|HarshEuroBarge's rating: 1675 &rarr; <strong>1698<\/strong><br \/>(+23 for winning)\n|raw|GiganTheGojira's rating: 1730 &rarr; <strong>1707<\/strong><br \/>(-23 for losing)\n|c|\u2606GiganTheGojira|wp\n|c|\u2606HarshEuroBarge|Gg\n|l|\u2606HarshEuroBarge\n|player|p1|\n","uploadtime":1732627726,"views":6,"formatid":"gen9vgc2024regh","rating":1698,"private":0,"password":null}