{"id":"gen9vgc2024regh-2251497339","format":"[Gen 9] VGC 2024 Reg H","players":["Allhailhippo","Zordor"],"log":"|j|\u203dAllhailhippo\n|j|\u2606Zordor\n|t:|1732635905\n|gametype|doubles\n|player|p1|Allhailhippo|101|1733\n|player|p2|Zordor|pilot|1791\n|teamsize|p1|6\n|teamsize|p2|6\n|gen|9\n|tier|[Gen 9] VGC 2024 Reg H\n|rated|\n|rule|Species Clause: Limit one of each Pok\u00e9mon\n|rule|Item Clause: Limit 1 of each item\n|clearpoke\n|poke|p1|Tyranitar, L50, F|\n|poke|p1|Houndstone, L50, F|\n|poke|p1|Whimsicott, L50, M|\n|poke|p1|Incineroar, L50, F|\n|poke|p1|Pawmot, L50, M|\n|poke|p1|Garchomp, L50, F|\n|poke|p2|Rotom-Wash, L50|\n|poke|p2|Sneasler, L50, M|\n|poke|p2|Armarouge, L50, F|\n|poke|p2|Venusaur, L50, F|\n|poke|p2|Scizor, L50, M|\n|poke|p2|Dragapult, L50, F|\n|teampreview|4\n|inactive|Battle timer is ON: inactive players will automatically lose when time's up. (requested by Allhailhippo)\n|inactive|Zordor has 60 seconds left.\n|\n|t:|1732635945\n|start\n|switch|p1a: Whimsicott|Whimsicott, L50, M|100\/100\n|switch|p1b: Garchomp|Garchomp, L50, F|100\/100\n|switch|p2a: Rotom|Rotom-Wash, L50|100\/100\n|switch|p2b: Sneasler|Sneasler, L50, M|100\/100\n|turn|1\n|inactive|Allhailhippo has 30 seconds left.\n|\n|t:|1732635978\n|move|p1a: Whimsicott|Tailwind|p1a: Whimsicott\n|-sidestart|p1: Allhailhippo|move: Tailwind\n|move|p1b: Garchomp|Dragon Claw|p2a: Rotom\n|-damage|p2a: Rotom|34\/100\n|-damage|p1b: Garchomp|91\/100|[from] item: Life Orb\n|move|p2b: Sneasler|Dire Claw|p1a: Whimsicott\n|-supereffective|p1a: Whimsicott\n|-damage|p1a: Whimsicott|0 fnt\n|faint|p1a: Whimsicott\n|move|p2a: Rotom|Will-O-Wisp|p1b: Garchomp\n|-status|p1b: Garchomp|brn\n|\n|-damage|p1b: Garchomp|85\/100 brn|[from] brn\n|upkeep\n|\n|t:|1732635986\n|switch|p1a: Tyranitar|Tyranitar, L50, F|100\/100\n|-weather|Sandstorm|[from] ability: Sand Stream|[of] p1a: Tyranitar\n|turn|2\n|\n|t:|1732636011\n|-terastallize|p1a: Tyranitar|Flying\n|move|p2b: Sneasler|Protect|p2b: Sneasler\n|-singleturn|p2b: Sneasler|Protect\n|move|p1b: Garchomp|Earthquake|p2a: Rotom|[spread] \n|-activate|p2b: Sneasler|move: Protect\n|-immune|p1a: Tyranitar\n|-immune|p2a: Rotom|[from] ability: Levitate\n|move|p1a: Tyranitar|Rock Slide|p2b: Sneasler|[spread] p2a\n|-activate|p2b: Sneasler|move: Protect\n|-damage|p2a: Rotom|2\/100\n|move|p2a: Rotom|Will-O-Wisp|p1a: Tyranitar\n|-status|p1a: Tyranitar|brn\n|\n|-weather|Sandstorm|[upkeep]\n|-damage|p2b: Sneasler|94\/100|[from] Sandstorm\n|-damage|p1a: Tyranitar|95\/100 brn|[from] Sandstorm\n|-damage|p1b: Garchomp|79\/100 brn|[from] brn\n|-damage|p1a: Tyranitar|89\/100 brn|[from] brn\n|upkeep\n|turn|3\n|inactive|Allhailhippo has 30 seconds left.\n|inactive|Zordor has 30 seconds left.\n|inactive|Allhailhippo has 20 seconds left.\n|inactive|Zordor has 20 seconds left.\n|inactive|Zordor has 15 seconds left.\n|inactive|Zordor has 10 seconds left.\n|\n|t:|1732636059\n|move|p2a: Rotom|Protect|p2a: Rotom\n|-singleturn|p2a: Rotom|Protect\n|move|p1b: Garchomp|Earthquake|p2b: Sneasler|[spread] p2b\n|-activate|p2a: Rotom|move: Protect\n|-immune|p1a: Tyranitar\n|-supereffective|p2b: Sneasler\n|-damage|p2b: Sneasler|16\/100\n|-damage|p1b: Garchomp|69\/100 brn|[from] item: Life Orb\n|move|p2b: Sneasler|Close Combat|p1b: Garchomp\n|-damage|p1b: Garchomp|18\/100 brn\n|-unboost|p2b: Sneasler|def|1\n|-unboost|p2b: Sneasler|spd|1\n|-damage|p2b: Sneasler|4\/100|[from] ability: Rough Skin|[of] p1b: Garchomp\n|move|p1a: Tyranitar|Rock Slide|p2a: Rotom|[spread] \n|-activate|p2a: Rotom|move: Protect\n|-miss|p1a: Tyranitar|p2b: Sneasler\n|\n|-weather|Sandstorm|[upkeep]\n|-damage|p2b: Sneasler|0 fnt|[from] Sandstorm\n|-damage|p1a: Tyranitar|83\/100 brn|[from] Sandstorm\n|faint|p2b: Sneasler\n|-damage|p1b: Garchomp|12\/100 brn|[from] brn\n|-damage|p1a: Tyranitar|77\/100 brn|[from] brn\n|upkeep\n|\n|t:|1732636082\n|switch|p2b: Scizor|Scizor, L50, M|100\/100\n|turn|4\n|\n|t:|1732636091\n|move|p1b: Garchomp|Stomping Tantrum|p2b: Scizor\n|-damage|p2b: Scizor|74\/100\n|-damage|p1b: Garchomp|2\/100 brn|[from] item: Life Orb\n|move|p1a: Tyranitar|Rock Slide|p2a: Rotom|[spread] p2a,p2b\n|-damage|p2a: Rotom|0 fnt\n|-damage|p2b: Scizor|58\/100\n|faint|p2a: Rotom\n|move|p2b: Scizor|Tailwind|p2b: Scizor\n|-sidestart|p2: Zordor|move: Tailwind\n|\n|-weather|Sandstorm|[upkeep]\n|-damage|p1a: Tyranitar|71\/100 brn|[from] Sandstorm\n|-damage|p1b: Garchomp|0 fnt|[from] brn\n|faint|p1b: Garchomp\n|-damage|p1a: Tyranitar|65\/100 brn|[from] brn\n|-sideend|p1: Allhailhippo|move: Tailwind\n|upkeep\n|\n|t:|1732636105\n|switch|p1b: Houndstone|Houndstone, L50, F|100\/100\n|switch|p2a: Dragapult|Dragapult, L50, F|100\/100\n|turn|5\n|inactive|Zordor has 30 seconds left.\n|\n|t:|1732636139\n|-terastallize|p2a: Dragapult|Fighting\n|move|p2b: Scizor|Bullet Punch|p1b: Houndstone\n|-damage|p1b: Houndstone|64\/100\n|move|p2a: Dragapult|Phantom Force||[still]\n|-prepare|p2a: Dragapult|Phantom Force\n|move|p1b: Houndstone|Last Respects|p2b: Scizor\n|-damage|p2b: Scizor|0 fnt\n|faint|p2b: Scizor\n|move|p1a: Tyranitar|Knock Off|p2a: Dragapult|[miss]\n|-miss|p1a: Tyranitar|p2a: Dragapult\n|\n|-weather|Sandstorm|[upkeep]\n|-damage|p2a: Dragapult|94\/100|[from] Sandstorm\n|-damage|p1a: Tyranitar|59\/100 brn|[from] Sandstorm\n|-damage|p1a: Tyranitar|53\/100 brn|[from] brn\n|upkeep\n|turn|6\n|\n|t:|1732636156\n|move|p2a: Dragapult|Phantom Force|p1b: Houndstone|[from]lockedmove\n|-supereffective|p1b: Houndstone\n|-damage|p1b: Houndstone|0 fnt\n|faint|p1b: Houndstone\n|move|p1a: Tyranitar|Tera Blast|p2a: Dragapult|[anim] Tera Blast Flying\n|-supereffective|p2a: Dragapult\n|-damage|p2a: Dragapult|41\/100\n|\n|-weather|none\n|-damage|p1a: Tyranitar|48\/100 brn|[from] brn\n|upkeep\n|turn|7\n|\n|t:|1732636176\n|move|p2a: Dragapult|Phantom Force||[still]\n|-prepare|p2a: Dragapult|Phantom Force\n|move|p1a: Tyranitar|Tera Blast|p2a: Dragapult|[anim] Tera Blast Flying|[miss]\n|-miss|p1a: Tyranitar|p2a: Dragapult\n|\n|-damage|p1a: Tyranitar|42\/100 brn|[from] brn\n|-sideend|p2: Zordor|move: Tailwind\n|upkeep\n|turn|8\n|\n|t:|1732636180\n|move|p2a: Dragapult|Phantom Force|p1a: Tyranitar|[from]lockedmove\n|-damage|p1a: Tyranitar|8\/100 brn\n|move|p1a: Tyranitar|Tera Blast|p2a: Dragapult|[anim] Tera Blast Flying\n|-supereffective|p2a: Dragapult\n|-damage|p2a: Dragapult|0 fnt\n|faint|p2a: Dragapult\n|\n|win|Allhailhippo\n|raw|Allhailhippo's rating: 1733 &rarr; <strong>1756<\/strong><br \/>(+23 for winning)\n|raw|Zordor's rating: 1791 &rarr; <strong>1768<\/strong><br \/>(-23 for losing)\n|l|\u2606Zordor\n|player|p2|\n|l|\u203dAllhailhippo\n|player|p1|\n|j|\u2606Zordor\n|player|p2|Zordor|pilot|\n|l|\u2606Zordor\n|player|p2|\n","uploadtime":1732636373,"views":33,"formatid":"gen9vgc2024regh","rating":1756,"private":0,"password":null}