{"id":"gen9vgc2024regh-2251836290","format":"[Gen 9] VGC 2024 Reg H","players":["SeaWolfMikess","HarshEuroBarge"],"log":"|badge|p1|bronze|gen9doublesou|100-3\n|uhtml|medal-msg|<div class=\"broadcast-blue\">Curious what those medals under the avatar are? PS now has Ladder Seasons! For more information, check out the <a href=\"https:\/\/www.smogon.com\/forums\/threads\/3740067\/\">thread on Smogon.<\/a><\/div>\n|j|\u2606SeaWolfMikess\n|j|\u2606HarshEuroBarge\n|t:|1732671499\n|gametype|doubles\n|player|p1|SeaWolfMikess|hugh|1881\n|player|p2|HarshEuroBarge|101|1749\n|teamsize|p1|6\n|teamsize|p2|6\n|gen|9\n|tier|[Gen 9] VGC 2024 Reg H\n|rated|\n|rule|Species Clause: Limit one of each Pok\u00e9mon\n|rule|Item Clause: Limit 1 of each item\n|clearpoke\n|poke|p1|Pelipper, L50, M|\n|poke|p1|Archaludon, L50, M|\n|poke|p1|Rillaboom, L50, M|\n|poke|p1|Sneasler, L50, F|\n|poke|p1|Incineroar, L50, M|\n|poke|p1|Gholdengo, L50|\n|poke|p2|Smeargle, L50, F|\n|poke|p2|Primeape, L50, M|\n|poke|p2|Rillaboom, L50, M|\n|poke|p2|Indeedee-F, L50, F|\n|poke|p2|Whimsicott, L50, F|\n|poke|p2|Krookodile, L50, M|\n|teampreview|4\n|\n|t:|1732671521\n|start\n|switch|p1a: Pelipper|Pelipper, L50, M|100\/100\n|switch|p1b: Archaludon|Archaludon, L50, M|100\/100\n|switch|p2a: Smeargle|Smeargle, L50, F|100\/100\n|switch|p2b: Primeape|Primeape, L50, M, shiny|100\/100\n|-weather|RainDance|[from] ability: Drizzle|[of] p1a: Pelipper\n|turn|1\n|\n|t:|1732671535\n|move|p2b: Primeape|Protect|p2b: Primeape\n|-singleturn|p2b: Primeape|Protect\n|move|p1a: Pelipper|Muddy Water|p2b: Primeape|[spread] p2a\n|-activate|p2b: Primeape|move: Protect\n|-damage|p2a: Smeargle|13\/100\n|move|p1b: Archaludon|Electro Shot||[still]\n|-prepare|p1b: Archaludon|Electro Shot\n|-boost|p1b: Archaludon|spa|1\n|-anim|p1b: Archaludon|Electro Shot|p2b: Primeape\n|-activate|p2b: Primeape|move: Protect\n|move|p2a: Smeargle|Spore|p1a: Pelipper\n|-status|p1a: Pelipper|slp|[from] move: Spore\n|\n|-weather|RainDance|[upkeep]\n|-ability|p2a: Smeargle|Moody|boost\n|-boost|p2a: Smeargle|spe|2\n|-unboost|p2a: Smeargle|atk|1\n|upkeep\n|turn|2\n|\n|t:|1732671557\n|move|p2a: Smeargle|Surging Strikes|p2b: Primeape\n|-crit|p2b: Primeape\n|-damage|p2b: Primeape|97\/100\n|-setboost|p2b: Primeape|atk|6|[from] ability: Anger Point\n|-crit|p2b: Primeape\n|-damage|p2b: Primeape|94\/100\n|-crit|p2b: Primeape\n|-damage|p2b: Primeape|91\/100\n|-hitcount|p2b: Primeape|3\n|cant|p1a: Pelipper|slp\n|move|p1b: Archaludon|Electro Shot||[still]\n|-prepare|p1b: Archaludon|Electro Shot\n|-boost|p1b: Archaludon|spa|1\n|-anim|p1b: Archaludon|Electro Shot|p2b: Primeape\n|-crit|p2b: Primeape\n|-damage|p2b: Primeape|0 fnt\n|faint|p2b: Primeape\n|\n|-weather|RainDance|[upkeep]\n|-ability|p2a: Smeargle|Moody|boost\n|-boost|p2a: Smeargle|def|2\n|-unboost|p2a: Smeargle|spa|1\n|upkeep\n|\n|t:|1732671566\n|switch|p2b: Indeedee|Indeedee-F, L50, F|100\/100\n|-fieldstart|move: Psychic Terrain|[from] ability: Psychic Surge|[of] p2b: Indeedee\n|turn|3\n|\n|t:|1732671577\n|move|p2a: Smeargle|Spore|p1b: Archaludon\n|-status|p1b: Archaludon|slp|[from] move: Spore\n|cant|p1a: Pelipper|slp\n|cant|p1b: Archaludon|slp\n|move|p2b: Indeedee|Psychic|p1a: Pelipper\n|-damage|p1a: Pelipper|34\/100 slp\n|\n|-weather|RainDance|[upkeep]\n|-ability|p2a: Smeargle|Moody|boost\n|-boost|p2a: Smeargle|def|2\n|-unboost|p2a: Smeargle|spa|1\n|upkeep\n|turn|4\n|\n|t:|1732671585\n|move|p2a: Smeargle|Spiky Shield|p2a: Smeargle\n|-singleturn|p2a: Smeargle|move: Protect\n|cant|p1a: Pelipper|slp\n|cant|p1b: Archaludon|slp\n|move|p2b: Indeedee|Psychic|p1a: Pelipper\n|-damage|p1a: Pelipper|0 fnt\n|faint|p1a: Pelipper\n|\n|-weather|RainDance|[upkeep]\n|-ability|p2a: Smeargle|Moody|boost\n|-boost|p2a: Smeargle|def|2\n|-unboost|p2a: Smeargle|atk|1\n|upkeep\n|\n|t:|1732671589\n|switch|p1a: Rillaboom|Rillaboom, L50, M|100\/100\n|-fieldstart|move: Grassy Terrain|[from] ability: Grassy Surge|[of] p1a: Rillaboom\n|turn|5\n|\n|t:|1732671600\n|switch|p2a: Whimsicott|Whimsicott, L50, F|100\/100\n|move|p1a: Rillaboom|Grassy Glide|p2a: Whimsicott\n|-resisted|p2a: Whimsicott\n|-damage|p2a: Whimsicott|86\/100\n|-damage|p1a: Rillaboom|84\/100|[from] item: Rocky Helmet|[of] p2a: Whimsicott\n|cant|p1b: Archaludon|slp\n|move|p2b: Indeedee|Skill Swap|p1a: Rillaboom\n|-activate|p2b: Indeedee|move: Skill Swap|Grassy Surge|Psychic Surge|[of] p1a: Rillaboom\n|-fieldstart|move: Psychic Terrain|[from] ability: Psychic Surge|[of] p1a: Rillaboom\n|\n|-weather|none\n|upkeep\n|turn|6\n|\n|t:|1732671625\n|-terastallize|p2a: Whimsicott|Steel\n|move|p2a: Whimsicott|Tailwind|p2a: Whimsicott\n|-sidestart|p2: HarshEuroBarge|move: Tailwind\n|move|p2b: Indeedee|Psychic|p1b: Archaludon\n|-resisted|p1b: Archaludon\n|-damage|p1b: Archaludon|73\/100 slp\n|-unboost|p1b: Archaludon|spd|1\n|-curestatus|p1b: Archaludon|slp|[msg]\n|move|p1b: Archaludon|Flash Cannon|p2a: Whimsicott\n|-resisted|p2a: Whimsicott\n|-damage|p2a: Whimsicott|30\/100\n|move|p1a: Rillaboom|Wood Hammer|p2b: Indeedee\n|-damage|p2b: Indeedee|38\/100\n|-damage|p1a: Rillaboom|69\/100|[from] Recoil\n|\n|upkeep\n|turn|7\n|\n|t:|1732671658\n|switch|p1a: Sneasler|Sneasler, L50, F|100\/100\n|move|p1b: Archaludon|Protect|p1b: Archaludon\n|-singleturn|p1b: Archaludon|Protect\n|move|p2b: Indeedee|Psychic|p1b: Archaludon\n|-activate|p1b: Archaludon|move: Protect\n|move|p2a: Whimsicott|Moonblast|p1b: Archaludon\n|-activate|p1b: Archaludon|move: Protect\n|\n|upkeep\n|turn|8\n|\n|t:|1732671671\n|switch|p2a: Smeargle|Smeargle, L50, F|13\/100\n|switch|p1b: Rillaboom|Rillaboom, L50, M|69\/100\n|-fieldstart|move: Grassy Terrain|[from] ability: Grassy Surge|[of] p1b: Rillaboom\n|-enditem|p1a: Sneasler|Grassy Seed\n|-boost|p1a: Sneasler|def|1|[from] item: Grassy Seed\n|move|p1a: Sneasler|Throat Chop|p2b: Indeedee\n|-supereffective|p2b: Indeedee\n|-damage|p2b: Indeedee|0 fnt\n|faint|p2b: Indeedee\n|\n|-heal|p2a: Smeargle|20\/100|[from] Grassy Terrain\n|-heal|p1b: Rillaboom|74\/100|[from] Grassy Terrain\n|-ability|p2a: Smeargle|Moody|boost\n|-boost|p2a: Smeargle|spe|2\n|-unboost|p2a: Smeargle|spd|1\n|upkeep\n|\n|t:|1732671681\n|switch|p2b: Whimsicott|Whimsicott, L50, F, tera:Steel|30\/100\n|turn|9\n|\n|t:|1732671692\n|move|p2b: Whimsicott|Worry Seed|p1a: Sneasler\n|-endability|p1a: Sneasler|Unburden|[from] move: Worry Seed\n|-ability|p1a: Sneasler|Insomnia|[from] move: Worry Seed\n|move|p2a: Smeargle|Spore|p1a: Sneasler\n|-immune|p1a: Sneasler|[from] ability: Insomnia\n|move|p1a: Sneasler|Dire Claw|p2a: Smeargle\n|-damage|p2a: Smeargle|0 fnt\n|faint|p2a: Smeargle\n|move|p1b: Rillaboom|Wood Hammer|p2b: Whimsicott\n|-resisted|p2b: Whimsicott\n|-damage|p2b: Whimsicott|0 fnt\n|-damage|p1b: Rillaboom|58\/100|[from] item: Rocky Helmet|[of] p2b: Whimsicott\n|faint|p2b: Whimsicott\n|-damage|p1b: Rillaboom|50\/100|[from] Recoil\n|\n|win|SeaWolfMikess\n|raw|SeaWolfMikess's rating: 1881 &rarr; <strong>1894<\/strong><br \/>(+13 for winning)\n|raw|HarshEuroBarge's rating: 1749 &rarr; <strong>1736<\/strong><br \/>(-13 for losing)\n|l|\u2606HarshEuroBarge\n|player|p2|\n|l|\u2606SeaWolfMikess\n|player|p1|\n","uploadtime":1732671877,"views":47,"formatid":"gen9vgc2024regh","rating":1736,"private":0,"password":null}