{"id":"gen9vgc2024regh-2251008006","format":"[Gen 9] VGC 2024 Reg H","players":["Arcangel666","Tepig_nNz_498"],"log":"|j|\u2606Arcangel666\n|j|\u2606Tepig_nNz_498\n|t:|1732569216\n|gametype|doubles\n|player|p1|Arcangel666|piers-masters|1694\n|player|p2|Tepig_nNz_498|101|1774\n|teamsize|p1|6\n|teamsize|p2|6\n|gen|9\n|tier|[Gen 9] VGC 2024 Reg H\n|rated|\n|rule|Species Clause: Limit one of each Pok\u00e9mon\n|rule|Item Clause: Limit 1 of each item\n|clearpoke\n|poke|p1|Gholdengo, L50|\n|poke|p1|Whimsicott, L50, F|\n|poke|p1|Pelipper, L50, M|\n|poke|p1|Basculegion, L50, M|\n|poke|p1|Archaludon, L50, M|\n|poke|p1|Amoonguss, L50, M|\n|poke|p2|Typhlosion, L50, M|\n|poke|p2|Whimsicott, L50, F|\n|poke|p2|Torkoal, L50, M|\n|poke|p2|Ninetales, L50, F|\n|poke|p2|Scovillain, L50, M|\n|poke|p2|Magmortar, L50, M|\n|teampreview|4\n|\n|t:|1732569237\n|start\n|switch|p1a: Basculegion|Basculegion, L50, M, shiny|100\/100\n|switch|p1b: Whimsicott|Whimsicott, L50, F, shiny|100\/100\n|switch|p2a: Ninetales|Ninetales, L50, F|100\/100\n|switch|p2b: Whimsicott|Whimsicott, L50, F|100\/100\n|-weather|SunnyDay|[from] ability: Drought|[of] p2a: Ninetales\n|turn|1\n|\n|t:|1732569253\n|-terastallize|p1b: Whimsicott|Fire\n|move|p2b: Whimsicott|Tailwind|p2b: Whimsicott\n|-sidestart|p2: Tepig_nNz_498|move: Tailwind\n|move|p1b: Whimsicott|Tailwind|p1b: Whimsicott\n|-sidestart|p1: Arcangel666|move: Tailwind\n|move|p1a: Basculegion|Flip Turn|p2a: Ninetales\n|-supereffective|p2a: Ninetales\n|-damage|p2a: Ninetales|39\/100\n|-enditem|p2a: Ninetales|Eject Button\n|\n|t:|1732569274\n|switch|p2a: Typhlosion|Typhlosion, L50, M|100\/100\n|\n|-weather|SunnyDay|[upkeep]\n|upkeep\n|turn|2\n|\n|t:|1732569292\n|-terastallize|p2a: Typhlosion|Fire\n|move|p1b: Whimsicott|Encore|p2b: Whimsicott\n|-start|p2b: Whimsicott|Encore\n|move|p1a: Basculegion|Flip Turn|p2a: Typhlosion\n|-supereffective|p2a: Typhlosion\n|-damage|p2a: Typhlosion|49\/100\n|\n|t:|1732569298\n|switch|p1a: Pelipper|Pelipper, L50, M|100\/100|[from] Flip Turn\n|-weather|RainDance|[from] ability: Drizzle|[of] p1a: Pelipper\n|move|p2b: Whimsicott|Tailwind||[still]\n|-fail|p2b: Whimsicott\n|move|p2a: Typhlosion|Eruption|p1b: Whimsicott|[spread] p1a,p1b\n|-resisted|p1a: Pelipper\n|-resisted|p1b: Whimsicott\n|-damage|p1a: Pelipper|78\/100\n|-damage|p1b: Whimsicott|86\/100\n|\n|-weather|RainDance|[upkeep]\n|upkeep\n|turn|3\n|\n|t:|1732569316\n|switch|p2b: Ninetales|Ninetales, L50, F|39\/100\n|-weather|SunnyDay|[from] ability: Drought|[of] p2b: Ninetales\n|switch|p1b: Basculegion|Basculegion, L50, M, shiny|100\/100\n|move|p2a: Typhlosion|Eruption|p1a: Pelipper|[spread] p1a,p1b\n|-resisted|p1a: Pelipper\n|-resisted|p1b: Basculegion\n|-damage|p1a: Pelipper|7\/100\n|-damage|p1b: Basculegion|61\/100\n|move|p1a: Pelipper|Weather Ball|p2a: Typhlosion\n|-start|p2a: Typhlosion|ability: Flash Fire\n|\n|-weather|SunnyDay|[upkeep]\n|upkeep\n|turn|4\n|\n|t:|1732569345\n|-end|p2a: Typhlosion|ability: Flash Fire|[silent]\n|switch|p2a: Whimsicott|Whimsicott, L50, F|100\/100\n|move|p1a: Pelipper|Wide Guard|p1a: Pelipper\n|-singleturn|p1a: Pelipper|Wide Guard\n|move|p1b: Basculegion|Flip Turn|p2b: Ninetales\n|-supereffective|p2b: Ninetales\n|-damage|p2b: Ninetales|0 fnt\n|faint|p2b: Ninetales\n|\n|t:|1732569354\n|switch|p1b: Whimsicott|Whimsicott, L50, F, shiny, tera:Fire|86\/100|[from] Flip Turn\n|\n|-weather|SunnyDay|[upkeep]\n|-sideend|p2: Tepig_nNz_498|move: Tailwind\n|-sideend|p1: Arcangel666|move: Tailwind\n|upkeep\n|\n|t:|1732569367\n|switch|p2b: Typhlosion|Typhlosion, L50, M, tera:Fire|49\/100\n|turn|5\n|\n|t:|1732569391\n|move|p1a: Pelipper|Wide Guard|p1a: Pelipper\n|-singleturn|p1a: Pelipper|Wide Guard\n|move|p2a: Whimsicott|Tailwind|p2a: Whimsicott\n|-sidestart|p2: Tepig_nNz_498|move: Tailwind\n|move|p1b: Whimsicott|Tailwind|p1b: Whimsicott\n|-sidestart|p1: Arcangel666|move: Tailwind\n|move|p2b: Typhlosion|Scorching Sands|p1b: Whimsicott\n|-supereffective|p1b: Whimsicott\n|-damage|p1b: Whimsicott|18\/100\n|\n|-weather|SunnyDay|[upkeep]\n|upkeep\n|turn|6\n|\n|t:|1732569408\n|move|p1b: Whimsicott|Encore|p2a: Whimsicott\n|-start|p2a: Whimsicott|Encore\n|move|p2a: Whimsicott|Tailwind||[still]\n|-fail|p2a: Whimsicott\n|move|p2b: Typhlosion|Scorching Sands|p1b: Whimsicott\n|-supereffective|p1b: Whimsicott\n|-damage|p1b: Whimsicott|0 fnt\n|faint|p1b: Whimsicott\n|move|p1a: Pelipper|Hurricane|p2b: Typhlosion|[miss]\n|-miss|p1a: Pelipper|p2b: Typhlosion\n|\n|-weather|SunnyDay|[upkeep]\n|upkeep\n|\n|t:|1732569413\n|switch|p1b: Basculegion|Basculegion, L50, M, shiny|61\/100\n|turn|7\n|\n|t:|1732569421\n|switch|p2b: Magmortar|Magmortar, L50, M|100\/100\n|switch|p1a: Archaludon|Archaludon, L50, M, shiny|100\/100\n|move|p2a: Whimsicott|Tailwind||[still]\n|-fail|p2a: Whimsicott\n|move|p1b: Basculegion|Last Respects|p2b: Magmortar\n|-damage|p2b: Magmortar|0 fnt\n|faint|p2b: Magmortar\n|\n|-weather|none\n|upkeep\n|\n|t:|1732569423\n|switch|p2b: Typhlosion|Typhlosion, L50, M, tera:Fire|49\/100\n|turn|8\n|\n|t:|1732569430\n|move|p2a: Whimsicott|Tailwind||[still]\n|-fail|p2a: Whimsicott\n|move|p1b: Basculegion|Last Respects|p2b: Typhlosion\n|-damage|p2b: Typhlosion|0 fnt\n|faint|p2b: Typhlosion\n|move|p1a: Archaludon|Flash Cannon|p2a: Whimsicott\n|-supereffective|p2a: Whimsicott\n|-enditem|p2a: Whimsicott|Focus Sash\n|-damage|p2a: Whimsicott|1\/100\n|\n|-end|p2a: Whimsicott|Encore\n|-sideend|p1: Arcangel666|move: Tailwind\n|-sideend|p2: Tepig_nNz_498|move: Tailwind\n|upkeep\n|turn|9\n|inactive|Battle timer is ON: inactive players will automatically lose when time's up. (requested by Tepig_nNz_498)\n|-message|Tepig_nNz_498 forfeited.\n|\n|win|Arcangel666\n|raw|Arcangel666's rating: 1694 &rarr; <strong>1719<\/strong><br \/>(+25 for winning)\n|raw|Tepig_nNz_498's rating: 1774 &rarr; <strong>1749<\/strong><br \/>(-25 for losing)\n|l|\u2606Tepig_nNz_498\n|player|p2|\n|l|\u2606Arcangel666\n|player|p1|\n","uploadtime":1732569701,"views":10,"formatid":"gen9vgc2024regh","rating":1719,"private":0,"password":null}