{"id":"gen9vgc2024regh-2251698141","format":"[Gen 9] VGC 2024 Reg H","players":["ren122333","HarshEuroBarge"],"log":"|j|\u2606ren122333\n|j|\u2606HarshEuroBarge\n|t:|1732655399\n|gametype|doubles\n|player|p1|ren122333|hilbert|1723\n|player|p2|HarshEuroBarge|1|1678\n|teamsize|p1|6\n|teamsize|p2|6\n|gen|9\n|tier|[Gen 9] VGC 2024 Reg H\n|rated|\n|rule|Species Clause: Limit one of each Pok\u00e9mon\n|rule|Item Clause: Limit 1 of each item\n|clearpoke\n|poke|p1|Whimsicott, L50, M|\n|poke|p1|Mamoswine, L50, M|\n|poke|p1|Lycanroc-Dusk, L50, F|\n|poke|p1|Typhlosion-Hisui, L50, M|\n|poke|p1|Farigiraf, L50, M|\n|poke|p1|Mienshao, L50, M|\n|poke|p2|Smeargle, L50, M|\n|poke|p2|Primeape, L50, M|\n|poke|p2|Rillaboom, L50, F|\n|poke|p2|Indeedee-F, L50, F|\n|poke|p2|Whimsicott, L50, M|\n|poke|p2|Krookodile, L50, F|\n|teampreview|4\n|\n|t:|1732655417\n|start\n|switch|p1a: Whimsicott|Whimsicott, L50, M|100\/100\n|switch|p1b: Mienshao|Mienshao, L50, M|100\/100\n|switch|p2a: Smeargle|Smeargle, L50, M|100\/100\n|switch|p2b: Primeape|Primeape, L50, M, shiny|100\/100\n|turn|1\n|inactive|Battle timer is ON: inactive players will automatically lose when time's up. (requested by ren122333)\n|\n|t:|1732655443\n|switch|p2b: Indeedee|Indeedee-F, L50, F|100\/100\n|-fieldstart|move: Psychic Terrain|[from] ability: Psychic Surge|[of] p2b: Indeedee\n|move|p2a: Smeargle|Spiky Shield|p2a: Smeargle\n|-singleturn|p2a: Smeargle|move: Protect\n|move|p1a: Whimsicott|Moonblast|p2a: Smeargle\n|-activate|p2a: Smeargle|move: Protect\n|move|p1b: Mienshao|Knock Off|p2a: Smeargle\n|-activate|p2a: Smeargle|move: Protect\n|-damage|p1b: Mienshao|88\/100|[from] Spiky Shield|[of] p2a: Smeargle\n|\n|-ability|p2a: Smeargle|Moody|boost\n|-boost|p2a: Smeargle|def|2\n|-unboost|p2a: Smeargle|spd|1\n|upkeep\n|turn|2\n|\n|t:|1732655464\n|move|p2b: Indeedee|Follow Me|p2b: Indeedee\n|-singleturn|p2b: Indeedee|move: Follow Me\n|move|p1a: Whimsicott|Moonblast|p2b: Indeedee\n|-damage|p2b: Indeedee|63\/100\n|move|p1b: Mienshao|Ice Spinner|p2b: Indeedee\n|-damage|p2b: Indeedee|21\/100\n|-fieldend|move: Psychic Terrain\n|-damage|p1b: Mienshao|79\/100|[from] item: Life Orb\n|move|p2a: Smeargle|Spore|p1b: Mienshao\n|-status|p1b: Mienshao|slp|[from] move: Spore\n|\n|-ability|p2a: Smeargle|Moody|boost\n|-boost|p2a: Smeargle|spa|2\n|-unboost|p2a: Smeargle|atk|1\n|upkeep\n|turn|3\n|\n|t:|1732655488\n|switch|p2b: Primeape|Primeape, L50, M, shiny|100\/100\n|-terastallize|p1b: Mienshao|Dark\n|move|p1a: Whimsicott|Encore|p2a: Smeargle\n|-start|p2a: Smeargle|Encore\n|cant|p1b: Mienshao|slp\n|move|p2a: Smeargle|Spore|p1b: Mienshao\n|-fail|p1b: Mienshao|slp\n|\n|-ability|p2a: Smeargle|Moody|boost\n|-boost|p2a: Smeargle|atk|2\n|-unboost|p2a: Smeargle|def|1\n|upkeep\n|turn|4\n|\n|t:|1732655505\n|switch|p2a: Indeedee|Indeedee-F, L50, F|21\/100\n|-fieldstart|move: Psychic Terrain|[from] ability: Psychic Surge|[of] p2a: Indeedee\n|-terastallize|p2b: Primeape|Fire\n|move|p1a: Whimsicott|Moonblast|p2b: Primeape\n|-resisted|p2b: Primeape\n|-damage|p2b: Primeape|85\/100\n|-curestatus|p1b: Mienshao|slp|[msg]\n|move|p1b: Mienshao|Close Combat|p2b: Primeape\n|-damage|p2b: Primeape|24\/100\n|-unboost|p1b: Mienshao|def|1\n|-unboost|p1b: Mienshao|spd|1\n|-damage|p1b: Mienshao|69\/100|[from] item: Life Orb\n|move|p2b: Primeape|Drain Punch|p1b: Mienshao\n|-supereffective|p1b: Mienshao\n|-damage|p1b: Mienshao|0 fnt\n|-heal|p2b: Primeape|54\/100|[from] drain|[of] p1b: Mienshao\n|faint|p1b: Mienshao\n|\n|upkeep\n|\n|t:|1732655521\n|switch|p1b: Mamoswine|Mamoswine, L50, M|100\/100\n|turn|5\n|\n|t:|1732655538\n|switch|p1b: Typhlosion|Typhlosion-Hisui, L50, M|100\/100\n|-item|p2a: Indeedee|Mental Herb|[from] ability: Frisk|[of] p1b: Typhlosion\n|-item|p2b: Primeape|Eviolite|[from] ability: Frisk|[of] p1b: Typhlosion\n|move|p2a: Indeedee|Follow Me|p2a: Indeedee\n|-singleturn|p2a: Indeedee|move: Follow Me\n|move|p1a: Whimsicott|Moonblast|p2a: Indeedee\n|-damage|p2a: Indeedee|0 fnt\n|faint|p2a: Indeedee\n|move|p2b: Primeape|Fire Punch|p1a: Whimsicott\n|-supereffective|p1a: Whimsicott\n|-damage|p1a: Whimsicott|12\/100\n|\n|upkeep\n|\n|t:|1732655558\n|switch|p2a: Whimsicott|Whimsicott, L50, M|100\/100\n|turn|6\n|\n|t:|1732655570\n|move|p1a: Whimsicott|Tailwind|p1a: Whimsicott\n|-sidestart|p1: ren122333|move: Tailwind\n|move|p2a: Whimsicott|Tailwind|p2a: Whimsicott\n|-sidestart|p2: HarshEuroBarge|move: Tailwind\n|move|p1b: Typhlosion|Eruption|p2a: Whimsicott|[spread] p2a,p2b\n|-supereffective|p2a: Whimsicott\n|-resisted|p2b: Primeape\n|-damage|p2a: Whimsicott|0 fnt\n|-damage|p2b: Primeape|22\/100\n|faint|p2a: Whimsicott\n|move|p2b: Primeape|Rage Fist|p1b: Typhlosion\n|-supereffective|p1b: Typhlosion\n|-damage|p1b: Typhlosion|0 fnt\n|faint|p1b: Typhlosion\n|\n|upkeep\n|\n|t:|1732655577\n|switch|p1b: Mamoswine|Mamoswine, L50, M|100\/100\n|switch|p2a: Smeargle|Smeargle, L50, M|100\/100\n|turn|7\n|\n|t:|1732655588\n|move|p2b: Primeape|Protect|p2b: Primeape\n|-singleturn|p2b: Primeape|Protect\n|move|p1a: Whimsicott|Moonblast|p2a: Smeargle\n|-damage|p2a: Smeargle|33\/100\n|move|p1b: Mamoswine|High Horsepower|p2b: Primeape\n|-activate|p2b: Primeape|move: Protect\n|move|p2a: Smeargle|Spore|p1b: Mamoswine\n|-status|p1b: Mamoswine|slp|[from] move: Spore\n|\n|-ability|p2a: Smeargle|Moody|boost\n|-boost|p2a: Smeargle|spd|2\n|-unboost|p2a: Smeargle|atk|1\n|upkeep\n|turn|8\n|\n|t:|1732655608\n|move|p2a: Smeargle|Follow Me|p2a: Smeargle\n|-singleturn|p2a: Smeargle|move: Follow Me\n|move|p1a: Whimsicott|Moonblast|p2a: Smeargle\n|-damage|p2a: Smeargle|0 fnt\n|faint|p2a: Smeargle\n|cant|p1b: Mamoswine|slp\n|move|p2b: Primeape|Drain Punch|p1a: Whimsicott\n|-resisted|p1a: Whimsicott\n|-damage|p1a: Whimsicott|0 fnt\n|-heal|p2b: Primeape|27\/100|[from] drain|[of] p1a: Whimsicott\n|faint|p1a: Whimsicott\n|\n|-fieldend|move: Psychic Terrain\n|upkeep\n|turn|9\n|\n|t:|1732655619\n|cant|p1b: Mamoswine|slp\n|move|p2b: Primeape|Drain Punch|p1b: Mamoswine\n|-supereffective|p1b: Mamoswine\n|-damage|p1b: Mamoswine|31\/100 slp\n|-heal|p2b: Primeape|67\/100|[from] drain|[of] p1b: Mamoswine\n|\n|-sideend|p1: ren122333|move: Tailwind\n|-sideend|p2: HarshEuroBarge|move: Tailwind\n|upkeep\n|turn|10\n|\n|t:|1732655627\n|cant|p1b: Mamoswine|slp\n|move|p2b: Primeape|Drain Punch|p1b: Mamoswine\n|-supereffective|p1b: Mamoswine\n|-damage|p1b: Mamoswine|0 fnt\n|-heal|p2b: Primeape|85\/100|[from] drain|[of] p1b: Mamoswine\n|faint|p1b: Mamoswine\n|\n|win|HarshEuroBarge\n|raw|ren122333's rating: 1723 &rarr; <strong>1700<\/strong><br \/>(-23 for losing)\n|raw|HarshEuroBarge's rating: 1678 &rarr; <strong>1701<\/strong><br \/>(+23 for winning)\n|l|\u2606ren122333\n|player|p1|\n|l|\u2606HarshEuroBarge\n|player|p2|\n","uploadtime":1732655832,"views":15,"formatid":"gen9vgc2024regh","rating":1700,"private":0,"password":null}