{"id":"gen9vgc2024regh-2251257817","format":"[Gen 9] VGC 2024 Reg H","players":["Piehead","sleeppowderisdumb"],"log":"|j|\u2606Piehead\n|j|\u2606sleeppowderisdumb\n|t:|1732601004\n|gametype|doubles\n|player|p1|Piehead|170|1635\n|player|p2|sleeppowderisdumb|266|1781\n|teamsize|p1|6\n|teamsize|p2|6\n|gen|9\n|tier|[Gen 9] VGC 2024 Reg H\n|rated|\n|rule|Species Clause: Limit one of each Pok\u00e9mon\n|rule|Item Clause: Limit 1 of each item\n|clearpoke\n|poke|p1|Farigiraf, L50, M|\n|poke|p1|Rillaboom, L50, M|\n|poke|p1|Ursaluna-Bloodmoon, L50, M|\n|poke|p1|Kingambit, L50, F|\n|poke|p1|Primarina, L50, M|\n|poke|p1|Annihilape, L50, F|\n|poke|p2|Talonflame, L50, F|\n|poke|p2|Indeedee, L50, M|\n|poke|p2|Sneasler, L50, F|\n|poke|p2|Gholdengo, L50|\n|poke|p2|Primarina, L50, F|\n|poke|p2|Electabuzz, L50, F|\n|teampreview|4\n|inactive|Battle timer is ON: inactive players will automatically lose when time's up. (requested by sleeppowderisdumb)\n|inactive|Piehead also wants the timer to be on.\n|j| laslfg81\n|inactive|Piehead has 60 seconds left.\n|\n|t:|1732601035\n|start\n|switch|p1a: Kingambit|Kingambit, L50, F|100\/100\n|switch|p1b: Farigiraf|Farigiraf, L50, M|100\/100\n|switch|p2a: Talonflame|Talonflame, L50, F|100\/100\n|switch|p2b: Gholdengo|Gholdengo, L50|100\/100\n|turn|1\n|inactive|sleeppowderisdumb has 30 seconds left.\n|\n|t:|1732601062\n|switch|p2b: Sneasler|Sneasler, L50, F|100\/100\n|move|p1a: Kingambit|Sucker Punch||[still]\n|-fail|p1a: Kingambit\n|move|p2a: Talonflame|Taunt|p1b: Farigiraf\n|-start|p1b: Farigiraf|move: Taunt\n|cant|p1b: Farigiraf|move: Taunt|Trick Room\n|\n|upkeep\n|turn|2\n|inactive|Piehead has 30 seconds left.\n|\n|t:|1732601090\n|-terastallize|p2b: Sneasler|Dark\n|move|p1a: Kingambit|Protect|p1a: Kingambit\n|-singleturn|p1a: Kingambit|Protect\n|move|p2a: Talonflame|Brave Bird||[still]\n|cant|p1b: Farigiraf|ability: Armor Tail|Brave Bird|[of] p2a: Talonflame\n|move|p2b: Sneasler|Close Combat|p1a: Kingambit\n|-activate|p1a: Kingambit|move: Protect\n|move|p1b: Farigiraf|Psychic|p2b: Sneasler\n|-immune|p2b: Sneasler\n|\n|upkeep\n|turn|3\n|\n|t:|1732601113\n|-terastallize|p1a: Kingambit|Water\n|move|p2a: Talonflame|Flare Blitz|p1a: Kingambit\n|-resisted|p1a: Kingambit\n|-damage|p1a: Kingambit|84\/100\n|-damage|p2a: Talonflame|93\/100|[from] Recoil\n|move|p2b: Sneasler|Throat Chop|p1b: Farigiraf\n|-supereffective|p1b: Farigiraf\n|-damage|p1b: Farigiraf|13\/100\n|-start|p1b: Farigiraf|Throat Chop|[silent]\n|-enditem|p1b: Farigiraf|Sitrus Berry|[eat]\n|-heal|p1b: Farigiraf|38\/100|[from] item: Sitrus Berry\n|move|p1a: Kingambit|Low Kick|p2b: Sneasler\n|-supereffective|p2b: Sneasler\n|-damage|p2b: Sneasler|18\/100\n|move|p1b: Farigiraf|Foul Play|p2b: Sneasler\n|-resisted|p2b: Sneasler\n|-damage|p2b: Sneasler|0 fnt\n|faint|p2b: Sneasler\n|\n|-end|p1b: Farigiraf|move: Taunt\n|upkeep\n|\n|t:|1732601119\n|switch|p2b: Indeedee|Indeedee, L50, M|100\/100\n|-fieldstart|move: Psychic Terrain|[from] ability: Psychic Surge|[of] p2b: Indeedee\n|turn|4\n|j| mr pogostick\n|inactive|Piehead has 30 seconds left.\n|\n|t:|1732601148\n|move|p1a: Kingambit|Protect|p1a: Kingambit\n|-singleturn|p1a: Kingambit|Protect\n|move|p2a: Talonflame|Taunt|p1b: Farigiraf\n|-start|p1b: Farigiraf|move: Taunt\n|move|p2b: Indeedee|Expanding Force|p1a: Kingambit|[spread] p1b\n|-activate|p1a: Kingambit|move: Protect\n|-resisted|p1b: Farigiraf\n|-damage|p1b: Farigiraf|15\/100\n|cant|p1b: Farigiraf|move: Taunt|Trick Room\n|\n|-end|p1b: Farigiraf|Throat Chop|[silent]\n|upkeep\n|turn|5\n|\n|t:|1732601161\n|switch|p1b: Rillaboom|Rillaboom, L50, M|100\/100\n|-fieldstart|move: Grassy Terrain|[from] ability: Grassy Surge|[of] p1b: Rillaboom\n|move|p1a: Kingambit|Sucker Punch|p2b: Indeedee\n|-supereffective|p2b: Indeedee\n|-enditem|p2b: Indeedee|Focus Sash\n|-damage|p2b: Indeedee|1\/100\n|move|p2a: Talonflame|Brave Bird|p1b: Rillaboom\n|-supereffective|p1b: Rillaboom\n|-damage|p1b: Rillaboom|16\/100\n|-damage|p2a: Talonflame|59\/100|[from] Recoil\n|move|p2b: Indeedee|Expanding Force|p1a: Kingambit\n|-damage|p1a: Kingambit|42\/100\n|\n|-heal|p2b: Indeedee|7\/100|[from] Grassy Terrain\n|-heal|p1b: Rillaboom|22\/100|[from] Grassy Terrain\n|-heal|p1a: Kingambit|48\/100|[from] Grassy Terrain\n|upkeep\n|turn|6\n|inactive|Piehead has 30 seconds left.\n|\n|t:|1732601189\n|switch|p2b: Gholdengo|Gholdengo, L50|100\/100\n|switch|p1b: Farigiraf|Farigiraf, L50, M|15\/100\n|move|p2a: Talonflame|Brave Bird|p1b: Farigiraf\n|-damage|p1b: Farigiraf|0 fnt\n|faint|p1b: Farigiraf\n|-damage|p2a: Talonflame|52\/100|[from] Recoil\n|move|p1a: Kingambit|Kowtow Cleave|p2b: Gholdengo\n|-supereffective|p2b: Gholdengo\n|-damage|p2b: Gholdengo|0 fnt\n|faint|p2b: Gholdengo\n|\n|-heal|p1a: Kingambit|54\/100|[from] Grassy Terrain\n|upkeep\n|\n|t:|1732601202\n|switch|p2b: Indeedee|Indeedee, L50, M|7\/100\n|switch|p1b: Rillaboom|Rillaboom, L50, M|22\/100\n|-fieldstart|move: Psychic Terrain|[from] ability: Psychic Surge|[of] p2b: Indeedee\n|-fieldstart|move: Grassy Terrain|[from] ability: Grassy Surge|[of] p1b: Rillaboom\n|turn|7\n|\n|t:|1732601215\n|move|p1b: Rillaboom|Grassy Glide|p2b: Indeedee\n|-damage|p2b: Indeedee|0 fnt\n|faint|p2b: Indeedee\n|move|p2a: Talonflame|Brave Bird|p1b: Rillaboom\n|-supereffective|p1b: Rillaboom\n|-damage|p1b: Rillaboom|0 fnt\n|faint|p1b: Rillaboom\n|-damage|p2a: Talonflame|43\/100|[from] Recoil\n|move|p1a: Kingambit|Kowtow Cleave|p2a: Talonflame\n|-damage|p2a: Talonflame|0 fnt\n|faint|p2a: Talonflame\n|\n|win|Piehead\n|raw|Piehead's rating: 1635 &rarr; <strong>1663<\/strong><br \/>(+28 for winning)\n|raw|sleeppowderisdumb's rating: 1781 &rarr; <strong>1753<\/strong><br \/>(-28 for losing)\n|l|\u2606sleeppowderisdumb\n|player|p2|\n|l|\u2606Piehead\n|player|p1|\n|l| mr pogostick\n|l| laslfg81\n","uploadtime":1732601422,"views":11,"formatid":"gen9vgc2024regh","rating":1663,"private":0,"password":null}