{"id":"gen9vgc2024regh-2251024704","format":"[Gen 9] VGC 2024 Reg H","players":["testy accounty 2","Tepig_nNz_498"],"log":"|j|\u2606testy accounty 2\n|j|\u2606Tepig_nNz_498\n|t:|1732570884\n|gametype|doubles\n|player|p1|testy accounty 2|1|1731\n|player|p2|Tepig_nNz_498|101|1747\n|teamsize|p1|6\n|teamsize|p2|6\n|gen|9\n|tier|[Gen 9] VGC 2024 Reg H\n|rated|\n|rule|Species Clause: Limit one of each Pok\u00e9mon\n|rule|Item Clause: Limit 1 of each item\n|clearpoke\n|poke|p1|Pelipper, L50, M|\n|poke|p1|Archaludon, L50, F|\n|poke|p1|Sneasler, L50, M|\n|poke|p1|Dragonite, L50, F|\n|poke|p1|Basculegion, L50, M|\n|poke|p1|Rillaboom, L50, M|\n|poke|p2|Typhlosion, L50, M|\n|poke|p2|Whimsicott, L50, F|\n|poke|p2|Torkoal, L50, M|\n|poke|p2|Ninetales, L50, F|\n|poke|p2|Scovillain, L50, M|\n|poke|p2|Magmortar, L50, M|\n|teampreview|4\n|inactive|Battle timer is ON: inactive players will automatically lose when time's up. (requested by Tepig_nNz_498)\nTepig_nNz_498 rejected open team sheets.\n|\n|t:|1732570922\n|start\n|switch|p1a: Thanotos|Basculegion, L50, M|100\/100\n|switch|p1b: Ceasar|Rillaboom, L50, M|100\/100\n|switch|p2a: Whimsicott|Whimsicott, L50, F|100\/100\n|switch|p2b: Ninetales|Ninetales, L50, F|100\/100\n|-weather|SunnyDay|[from] ability: Drought|[of] p2b: Ninetales\n|-fieldstart|move: Grassy Terrain|[from] ability: Grassy Surge|[of] p1b: Ceasar\n|turn|1\n|j| kyog9t\n|j| Broccol1\n|inactive|testy accounty 2 has 30 seconds left.\n|\n|t:|1732570948\n|-terastallize|p2a: Whimsicott|Ghost\n|move|p2a: Whimsicott|Tailwind|p2a: Whimsicott\n|-sidestart|p2: Tepig_nNz_498|move: Tailwind\n|move|p1b: Ceasar|Grassy Glide|p2b: Ninetales\n|-resisted|p2b: Ninetales\n|-damage|p2b: Ninetales|72\/100\n|-enditem|p2b: Ninetales|Eject Button\n|\n|t:|1732570955\n|switch|p2b: Scovillain|Scovillain, L50, M|100\/100\n|move|p1a: Thanotos|Flip Turn|p2b: Scovillain\n|-damage|p2b: Scovillain|68\/100\n|\n|t:|1732570962\n|switch|p1a: Hermes|Sneasler, L50, M|100\/100|[from] Flip Turn\n|-enditem|p1a: Hermes|Grassy Seed\n|-boost|p1a: Hermes|def|1|[from] item: Grassy Seed\n|\n|-weather|SunnyDay|[upkeep]\n|-heal|p2b: Scovillain|74\/100|[from] Grassy Terrain\n|upkeep\n|turn|2\n|\n|t:|1732570986\n|move|p1a: Hermes|Protect|p1a: Hermes\n|-singleturn|p1a: Hermes|Protect\n|move|p2a: Whimsicott|Encore|p1b: Ceasar\n|-start|p1b: Ceasar|Encore\n|move|p2b: Scovillain|Flamethrower|p1a: Hermes\n|-activate|p1a: Hermes|move: Protect\n|move|p1b: Ceasar|Grassy Glide|p2a: Whimsicott\n|-damage|p2a: Whimsicott|49\/100\n|\n|-weather|SunnyDay|[upkeep]\n|-heal|p2b: Scovillain|80\/100|[from] Grassy Terrain\n|-heal|p2a: Whimsicott|55\/100|[from] Grassy Terrain\n|upkeep\n|turn|3\n|j| pult gang\n|l| pult gang\n|inactive|testy accounty 2 has 30 seconds left.\n|\n|t:|1732571019\n|switch|p1b: Posiden|Pelipper, L50, M|100\/100\n|-weather|RainDance|[from] ability: Drizzle|[of] p1b: Posiden\n|-terastallize|p1a: Hermes|Dark\n|move|p2a: Whimsicott|Encore|p1a: Hermes\n|-hint|Since gen 7, Dark is immune to Prankster moves.\n|-immune|p1a: Hermes\n|move|p1a: Hermes|Dire Claw|p2b: Scovillain\n|-supereffective|p2b: Scovillain\n|-damage|p2b: Scovillain|0 fnt\n|faint|p2b: Scovillain\n|\n|-weather|RainDance|[upkeep]\n|-heal|p2a: Whimsicott|61\/100|[from] Grassy Terrain\n|upkeep\n|\n|t:|1732571030\n|switch|p2b: Typhlosion|Typhlosion, L50, M|100\/100\n|turn|4\n|\n|t:|1732571054\n|switch|p2b: Ninetales|Ninetales, L50, F|72\/100\n|-weather|SunnyDay|[from] ability: Drought|[of] p2b: Ninetales\n|switch|p1b: Ceasar|Rillaboom, L50, M|100\/100\n|move|p1a: Hermes|Throat Chop|p2a: Whimsicott\n|-supereffective|p2a: Whimsicott\n|-damage|p2a: Whimsicott|0 fnt\n|faint|p2a: Whimsicott\n|\n|-weather|SunnyDay|[upkeep]\n|-heal|p2b: Ninetales|78\/100|[from] Grassy Terrain\n|-sideend|p2: Tepig_nNz_498|move: Tailwind\n|upkeep\n|\n|t:|1732571063\n|switch|p2a: Typhlosion|Typhlosion, L50, M|100\/100\n|turn|5\n|l| Broccol1\n|j| pult gang\n|l| pult gang\n|-message|Tepig_nNz_498 forfeited.\n|\n|win|testy accounty 2\n|raw|testy accounty 2's rating: 1731 &rarr; <strong>1752<\/strong><br \/>(+21 for winning)\n|raw|Tepig_nNz_498's rating: 1747 &rarr; <strong>1726<\/strong><br \/>(-21 for losing)\n|l|\u2606Tepig_nNz_498\n|player|p2|\n|l| kyog9t\n","uploadtime":1732571224,"views":10,"formatid":"gen9vgc2024regh","rating":1726,"private":0,"password":null}