{"id":"gen9vgc2024regh-2251902669","format":"[Gen 9] VGC 2024 Reg H","players":["lichuweijixi","ColombianArepa"],"log":"|j|\u2606lichuweijixi\n|j|\u2606ColombianArepa\n|t:|1732680292\n|gametype|doubles\n|player|p1|lichuweijixi|102|1774\n|player|p2|ColombianArepa|ghetsis|1693\n|teamsize|p1|6\n|teamsize|p2|6\n|gen|9\n|tier|[Gen 9] VGC 2024 Reg H\n|rated|\n|rule|Species Clause: Limit one of each Pok\u00e9mon\n|rule|Item Clause: Limit 1 of each item\n|clearpoke\n|poke|p1|Rillaboom, L50, F|\n|poke|p1|Dragonite, L50, M|\n|poke|p1|Gholdengo, L50|\n|poke|p1|Sneasler, L50, M|\n|poke|p1|Dondozo, L50, M|\n|poke|p1|Ninetales-Alola, L50, F|\n|poke|p2|Gholdengo, L50|\n|poke|p2|Incineroar, L50, F|\n|poke|p2|Amoonguss, L50, F|\n|poke|p2|Garchomp, L50, M|\n|poke|p2|Tyranitar, L50, F|\n|poke|p2|Kilowattrel, L50, M|\n|teampreview|4\n|\n|t:|1732680329\n|start\n|switch|p1a: Dragonite|Dragonite, L50, M, shiny|100\/100\n|switch|p1b: Gholdengo|Gholdengo, L50, shiny|100\/100\n|switch|p2a: Garchomp|Garchomp, L50, M|100\/100\n|switch|p2b: Kilowattrel|Kilowattrel, L50, M|100\/100\n|turn|1\n|\n|t:|1732680357\n|move|p2b: Kilowattrel|Protect|p2b: Kilowattrel\n|-singleturn|p2b: Kilowattrel|Protect\n|move|p2a: Garchomp|Protect|p2a: Garchomp\n|-singleturn|p2a: Garchomp|Protect\n|move|p1a: Dragonite|Extreme Speed|p2b: Kilowattrel\n|-activate|p2b: Kilowattrel|move: Protect\n|move|p1b: Gholdengo|Make It Rain|p2a: Garchomp|[spread] \n|-activate|p2a: Garchomp|move: Protect\n|-activate|p2b: Kilowattrel|move: Protect\n|\n|upkeep\n|turn|2\n|j| Dephalx\n|\n|t:|1732680377\n|move|p1a: Dragonite|Extreme Speed|p2b: Kilowattrel\n|-damage|p2b: Kilowattrel|47\/100\n|move|p1b: Gholdengo|Make It Rain|p2a: Garchomp|[spread] p2a,p2b\n|-resisted|p2b: Kilowattrel\n|-damage|p2a: Garchomp|48\/100\n|-damage|p2b: Kilowattrel|3\/100\n|-unboost|p1b: Gholdengo|spa|1\n|move|p2b: Kilowattrel|Discharge|p1a: Dragonite|[spread] p1a,p1b\n|-immune|p2a: Garchomp\n|-damage|p1a: Dragonite|84\/100\n|-damage|p1b: Gholdengo|69\/100\n|move|p2a: Garchomp|Earthquake|p1b: Gholdengo|[spread] p1b\n|-immune|p2b: Kilowattrel\n|-immune|p1a: Dragonite\n|-supereffective|p1b: Gholdengo\n|-damage|p1b: Gholdengo|0 fnt\n|faint|p1b: Gholdengo\n|-damage|p2a: Garchomp|38\/100|[from] item: Life Orb\n|\n|upkeep\n|\n|t:|1732680400\n|switch|p1b: Ninetales|Ninetales-Alola, L50, F|100\/100\n|-weather|Snow|[from] ability: Snow Warning|[of] p1b: Ninetales\n|turn|3\n|l| Dephalx\n|\n|t:|1732680408\n|-terastallize|p2b: Kilowattrel|Ghost\n|move|p2b: Kilowattrel|Tailwind|p2b: Kilowattrel\n|-sidestart|p2: ColombianArepa|move: Tailwind\n|move|p2a: Garchomp|Dragon Claw|p1a: Dragonite\n|-supereffective|p1a: Dragonite\n|-crit|p1a: Dragonite\n|-damage|p1a: Dragonite|0 fnt\n|faint|p1a: Dragonite\n|-damage|p2a: Garchomp|29\/100|[from] item: Life Orb\n|move|p1b: Ninetales|Blizzard|p2a: Garchomp|[spread] p2a,p2b\n|-supereffective|p2a: Garchomp\n|-damage|p2a: Garchomp|0 fnt\n|-damage|p2b: Kilowattrel|0 fnt\n|faint|p2a: Garchomp\n|faint|p2b: Kilowattrel\n|\n|-weather|Snow|[upkeep]\n|upkeep\n|\n|t:|1732680426\n|switch|p2b: Gholdengo|Gholdengo, L50|100\/100\n|switch|p2a: Incineroar|Incineroar, L50, F|100\/100\n|switch|p1a: Sneasler|Sneasler, L50, M|100\/100\n|-ability|p2a: Incineroar|Intimidate|boost\n|-unboost|p1a: Sneasler|atk|1\n|-unboost|p1b: Ninetales|atk|1\n|turn|4\n|\n|t:|1732680442\n|move|p1a: Sneasler|Protect|p1a: Sneasler\n|-singleturn|p1a: Sneasler|Protect\n|move|p2a: Incineroar|Fake Out|p1a: Sneasler\n|-activate|p1a: Sneasler|move: Protect\n|move|p2b: Gholdengo|Nasty Plot|p2b: Gholdengo\n|-boost|p2b: Gholdengo|spa|2\n|move|p1b: Ninetales|Blizzard|p2a: Incineroar|[spread] p2a,p2b\n|-resisted|p2a: Incineroar\n|-resisted|p2b: Gholdengo\n|-damage|p2a: Incineroar|80\/100\n|-damage|p2b: Gholdengo|74\/100\n|\n|-weather|Snow|[upkeep]\n|upkeep\n|turn|5\n|\n|t:|1732680458\n|move|p2b: Gholdengo|Make It Rain|p1b: Ninetales|[spread] p1a,p1b\n|-supereffective|p1b: Ninetales\n|-enditem|p1a: Sneasler|Focus Sash\n|-damage|p1a: Sneasler|1\/100\n|-damage|p1b: Ninetales|0 fnt\n|-unboost|p2b: Gholdengo|spa|1\n|faint|p1b: Ninetales\n|move|p2a: Incineroar|Knock Off|p1a: Sneasler\n|-resisted|p1a: Sneasler\n|-damage|p1a: Sneasler|0 fnt\n|faint|p1a: Sneasler\n|\n|win|ColombianArepa\n|raw|lichuweijixi's rating: 1774 &rarr; <strong>1749<\/strong><br \/>(-25 for losing)\n|raw|ColombianArepa's rating: 1693 &rarr; <strong>1718<\/strong><br \/>(+25 for winning)\n|j| Spacejes\n|l|\u2606lichuweijixi\n|player|p1|\n|l| Spacejes\n","uploadtime":1732680675,"views":8,"formatid":"gen9vgc2024regh","rating":1718,"private":0,"password":null}