{"id":"gen9vgc2024regh-2251906324","format":"[Gen 9] VGC 2024 Reg H","players":["Piehead","lichuweijixi"],"log":"|j|\u2606Piehead\n|j|\u2606lichuweijixi\n|t:|1732680837\n|gametype|doubles\n|player|p1|Piehead|170|1678\n|player|p2|lichuweijixi|102|1760\n|teamsize|p1|6\n|teamsize|p2|6\n|gen|9\n|tier|[Gen 9] VGC 2024 Reg H\n|rated|\n|rule|Species Clause: Limit one of each Pok\u00e9mon\n|rule|Item Clause: Limit 1 of each item\n|clearpoke\n|poke|p1|Farigiraf, L50, F|\n|poke|p1|Rillaboom, L50, M|\n|poke|p1|Ursaluna-Bloodmoon, L50, M|\n|poke|p1|Kingambit, L50, M|\n|poke|p1|Primarina, L50, F|\n|poke|p1|Annihilape, L50, F|\n|poke|p2|Rillaboom, L50, F|\n|poke|p2|Dragonite, L50, F|\n|poke|p2|Gholdengo, L50|\n|poke|p2|Sneasler, L50, M|\n|poke|p2|Dondozo, L50, F|\n|poke|p2|Ninetales-Alola, L50, M|\n|teampreview|4\n|inactive|Battle timer is ON: inactive players will automatically lose when time's up. (requested by Piehead)\n|\n|t:|1732680867\n|start\n|switch|p1a: Annihilape|Annihilape, L50, F|100\/100\n|switch|p1b: Farigiraf|Farigiraf, L50, F|100\/100\n|switch|p2a: Sneasler|Sneasler, L50, M|100\/100\n|switch|p2b: Gholdengo|Gholdengo, L50, shiny|100\/100\n|turn|1\n|\n|t:|1732680886\n|-terastallize|p2b: Gholdengo|Steel\n|move|p1b: Farigiraf|Protect|p1b: Farigiraf\n|-singleturn|p1b: Farigiraf|Protect\n|move|p1a: Annihilape|U-turn|p2a: Sneasler\n|-resisted|p2a: Sneasler\n|-damage|p2a: Sneasler|91\/100\n|\n|t:|1732680893\n|switch|p1a: Kingambit|Kingambit, L50, M|100\/100|[from] U-turn\n|move|p2b: Gholdengo|Make It Rain|p1a: Kingambit|[spread] p1a\n|-activate|p1b: Farigiraf|move: Protect\n|-resisted|p1a: Kingambit\n|-damage|p1a: Kingambit|67\/100\n|-unboost|p2b: Gholdengo|spa|1\n|move|p2a: Sneasler|Close Combat|p1b: Farigiraf\n|-activate|p1b: Farigiraf|move: Protect\n|\n|upkeep\n|turn|2\n|inactive|Piehead has 30 seconds left.\n|inactive|Piehead has 20 seconds left.\n|inactive|Piehead has 15 seconds left.\n|\n|t:|1732680934\n|move|p1a: Kingambit|Sucker Punch|p2b: Gholdengo\n|-damage|p2b: Gholdengo|43\/100\n|move|p2b: Gholdengo|Make It Rain|p1a: Kingambit|[spread] p1a,p1b\n|-resisted|p1a: Kingambit\n|-damage|p1a: Kingambit|43\/100\n|-damage|p1b: Farigiraf|59\/100\n|-unboost|p2b: Gholdengo|spa|1\n|move|p2a: Sneasler|Close Combat|p1b: Farigiraf\n|-damage|p1b: Farigiraf|0 fnt\n|-unboost|p2a: Sneasler|def|1\n|-unboost|p2a: Sneasler|spd|1\n|faint|p1b: Farigiraf\n|\n|upkeep\n|\n|t:|1732680953\n|switch|p1b: Annihilape|Annihilape, L50, F|100\/100\n|turn|3\n|\n|t:|1732680977\n|move|p2a: Sneasler|Protect|p2a: Sneasler\n|-singleturn|p2a: Sneasler|Protect\n|move|p1a: Kingambit|Sucker Punch|p2b: Gholdengo\n|-damage|p2b: Gholdengo|0 fnt\n|faint|p2b: Gholdengo\n|move|p1b: Annihilape|Rage Fist|p2a: Sneasler\n|-activate|p2a: Sneasler|move: Protect\n|\n|upkeep\n|\n|t:|1732680988\n|switch|p2b: Dragonite|Dragonite, L50, F, shiny|100\/100\n|turn|4\n|j| bluestraggler02\n|j| Xunyicaoawa\n|inactive|Piehead has 30 seconds left.\n|\n|t:|1732681016\n|move|p1a: Kingambit|Sucker Punch|p2a: Sneasler\n|-resisted|p2a: Sneasler\n|-damage|p2a: Sneasler|31\/100\n|move|p1b: Annihilape|Rage Fist|p2a: Sneasler\n|-damage|p2a: Sneasler|0 fnt\n|faint|p2a: Sneasler\n|move|p2b: Dragonite|Scale Shot|p1b: Annihilape|[miss]\n|-miss|p2b: Dragonite|p1b: Annihilape\n|\n|upkeep\n|\n|t:|1732681027\n|switch|p2a: Rillaboom|Rillaboom, L50, F, shiny|100\/100\n|-fieldstart|move: Grassy Terrain|[from] ability: Grassy Surge|[of] p2a: Rillaboom\n|turn|5\n|\n|t:|1732681052\n|switch|p1b: Ursaluna|Ursaluna-Bloodmoon, L50, M|100\/100\n|move|p1a: Kingambit|Protect|p1a: Kingambit\n|-singleturn|p1a: Kingambit|Protect\n|move|p2a: Rillaboom|Grassy Glide|p1b: Ursaluna\n|-supereffective|p1b: Ursaluna\n|-damage|p1b: Ursaluna|37\/100\n|move|p2b: Dragonite|Scale Shot|p1b: Ursaluna|[miss]\n|-miss|p2b: Dragonite|p1b: Ursaluna\n|\n|-heal|p1a: Kingambit|49\/100|[from] Grassy Terrain\n|-heal|p1b: Ursaluna|43\/100|[from] Grassy Terrain\n|upkeep\n|turn|6\n|inactive|Piehead has 30 seconds left.\n|\n|t:|1732681086\n|-terastallize|p1b: Ursaluna|Poison\n|move|p2b: Dragonite|Encore|p1a: Kingambit\n|-start|p1a: Kingambit|Encore\n|move|p2a: Rillaboom|Wood Hammer|p1b: Ursaluna\n|-resisted|p1b: Ursaluna\n|-damage|p1b: Ursaluna|8\/100\n|-damage|p2a: Rillaboom|88\/100|[from] Recoil\n|move|p1a: Kingambit|Protect||[still]\n|-fail|p1a: Kingambit\n|move|p1b: Ursaluna|Blood Moon|p2a: Rillaboom\n|-damage|p2a: Rillaboom|0 fnt\n|faint|p2a: Rillaboom\n|-damage|p1b: Ursaluna|0 fnt|[from] item: Life Orb\n|faint|p1b: Ursaluna\n|\n|-heal|p1a: Kingambit|54\/100|[from] Grassy Terrain\n|upkeep\n|\n|t:|1732681100\n|switch|p1b: Annihilape|Annihilape, L50, F|100\/100\n|turn|7\n|\n|t:|1732681111\n|move|p1a: Kingambit|Protect|p1a: Kingambit\n|-singleturn|p1a: Kingambit|Protect\n|move|p1b: Annihilape|Final Gambit|p2b: Dragonite\n|-damage|p2b: Dragonite|0 fnt\n|faint|p1b: Annihilape\n|faint|p2b: Dragonite\n|\n|win|Piehead\n|raw|Piehead's rating: 1678 &rarr; <strong>1703<\/strong><br \/>(+25 for winning)\n|raw|lichuweijixi's rating: 1760 &rarr; <strong>1735<\/strong><br \/>(-25 for losing)\n","uploadtime":1732681122,"views":19,"formatid":"gen9vgc2024regh","rating":1703,"private":0,"password":null}