{"id":"gen9vgc2024regh-2251905580","format":"[Gen 9] VGC 2024 Reg H","players":["rexonagirl","WattoVGC"],"log":"|j|\u2606rexonagirl\n|j|\u2606WattoVGC\n|t:|1732680727\n|gametype|doubles\n|player|p1|rexonagirl|grimsley-masters|1670\n|player|p2|WattoVGC|palmer|1694\n|teamsize|p1|6\n|teamsize|p2|6\n|gen|9\n|tier|[Gen 9] VGC 2024 Reg H\n|rated|\n|rule|Species Clause: Limit one of each Pok\u00e9mon\n|rule|Item Clause: Limit 1 of each item\n|clearpoke\n|poke|p1|Archaludon, L50, M|\n|poke|p1|Pelipper, L50, F|\n|poke|p1|Basculegion, L50, M|\n|poke|p1|Annihilape, L50, M|\n|poke|p1|Grimmsnarl, L50, M|\n|poke|p1|Maushold, L50|\n|poke|p2|Pelipper, L50, M|\n|poke|p2|Archaludon, L50, F|\n|poke|p2|Amoonguss, L50, M|\n|poke|p2|Basculegion, L50, M|\n|poke|p2|Gholdengo, L50|\n|poke|p2|Incineroar, L50, M|\n|teampreview|4\n|inactive|Battle timer is ON: inactive players will automatically lose when time's up. (requested by rexonagirl)\n|inactive|WattoVGC also wants the timer to be on.\n|inactive|rexonagirl has 60 seconds left.\n|inactive|WattoVGC has 60 seconds left.\n|\n|t:|1732680775\n|start\n|switch|p1a: Annihilape|Annihilape, L50, M|100\/100\n|switch|p1b: Maushold|Maushold, L50|100\/100\n|switch|p2a: Basculegion|Basculegion, L50, M|100\/100\n|switch|p2b: Pelipper|Pelipper, L50, M|100\/100\n|-weather|RainDance|[from] ability: Drizzle|[of] p2b: Pelipper\n|turn|1\n|inactive|rexonagirl has 30 seconds left.\n|\n|t:|1732680801\n|switch|p1a: Archaludon|Archaludon, L50, M|100\/100\n|move|p2a: Basculegion|Flip Turn|p1b: Maushold\n|-damage|p1b: Maushold|46\/100\n|\n|t:|1732680814\n|switch|p2a: Amoonguss|Amoonguss, L50, M|100\/100|[from] Flip Turn\n|move|p1b: Maushold|Beat Up|p2b: Pelipper\n|-damage|p2b: Pelipper|97\/100\n|-damage|p2b: Pelipper|93\/100\n|-damage|p2b: Pelipper|89\/100\n|-damage|p2b: Pelipper|84\/100\n|-hitcount|p2b: Pelipper|4\n|move|p2b: Pelipper|Hurricane|p1b: Maushold\n|-damage|p1b: Maushold|0 fnt\n|faint|p1b: Maushold\n|\n|-weather|RainDance|[upkeep]\n|upkeep\n|j| Spacejes\n|j| Xunyicaoawa\n|\n|t:|1732680829\n|switch|p1b: Basculegion|Basculegion, L50, M|100\/100\n|turn|2\n|\n|t:|1732680848\n|switch|p2b: Archaludon|Archaludon, L50, F|100\/100\n|-terastallize|p1b: Basculegion|Grass\n|move|p1b: Basculegion|Last Respects|p2b: Archaludon\n|-damage|p2b: Archaludon|41\/100\n|-ability|p2b: Archaludon|Stamina|boost\n|-boost|p2b: Archaludon|def|1\n|move|p1a: Archaludon|Electro Shot||[still]\n|-prepare|p1a: Archaludon|Electro Shot\n|-boost|p1a: Archaludon|spa|1\n|-anim|p1a: Archaludon|Electro Shot|p2a: Amoonguss\n|-resisted|p2a: Amoonguss\n|-damage|p2a: Amoonguss|74\/100\n|move|p2a: Amoonguss|Spore|p1b: Basculegion\n|-immune|p1b: Basculegion\n|\n|-weather|RainDance|[upkeep]\n|upkeep\n|turn|3\n|inactive|rexonagirl has 30 seconds left.\n|inactive|WattoVGC has 30 seconds left.\n|\n|t:|1732680880\n|switch|p2b: Pelipper|Pelipper, L50, M|84\/100\n|move|p1b: Basculegion|Last Respects|p2b: Pelipper\n|-damage|p2b: Pelipper|0 fnt\n|faint|p2b: Pelipper\n|move|p1a: Archaludon|Draco Meteor|p2a: Amoonguss\n|-damage|p2a: Amoonguss|0 fnt\n|-unboost|p1a: Archaludon|spa|2\n|faint|p2a: Amoonguss\n|\n|-weather|RainDance|[upkeep]\n|upkeep\n|\n|t:|1732680886\n|switch|p2b: Archaludon|Archaludon, L50, F|41\/100\n|switch|p2a: Basculegion|Basculegion, L50, M|100\/100\n|turn|4\n|\n|t:|1732680897\n|move|p1b: Basculegion|Last Respects|p2a: Basculegion\n|-supereffective|p2a: Basculegion\n|-damage|p2a: Basculegion|0 fnt\n|faint|p2a: Basculegion\n|move|p1a: Archaludon|Electro Shot||[still]\n|-prepare|p1a: Archaludon|Electro Shot\n|-boost|p1a: Archaludon|spa|1\n|-anim|p1a: Archaludon|Electro Shot|p2b: Archaludon\n|-resisted|p2b: Archaludon\n|-damage|p2b: Archaludon|23\/100\n|-ability|p2b: Archaludon|Stamina|boost\n|-boost|p2b: Archaludon|def|1\n|move|p2b: Archaludon|Snarl|p1b: Basculegion|[spread] p1a,p1b\n|-damage|p1a: Archaludon|87\/100\n|-damage|p1b: Basculegion|85\/100\n|-unboost|p1a: Archaludon|spa|1\n|-unboost|p1b: Basculegion|spa|1\n|-ability|p1a: Archaludon|Stamina|boost\n|-boost|p1a: Archaludon|def|1\n|\n|-weather|RainDance|[upkeep]\n|upkeep\n|turn|5\n|-message|WattoVGC forfeited.\n|\n|win|rexonagirl\n|raw|rexonagirl's rating: 1670 &rarr; <strong>1691<\/strong><br \/>(+21 for winning)\n|raw|WattoVGC's rating: 1694 &rarr; <strong>1673<\/strong><br \/>(-21 for losing)\n|l|\u2606WattoVGC\n|player|p2|\n|l| Spacejes\n|l| Xunyicaoawa\n","uploadtime":1732681089,"views":5,"formatid":"gen9vgc2024regh","rating":1673,"private":0,"password":null}