{"id":"gen9vgc2024regh-2251699075","format":"[Gen 9] VGC 2024 Reg H","players":["RadiumToad","Nerd159"],"log":"|j|\u2606RadiumToad\n|j|\u2606Nerd159\n|t:|1732655496\n|gametype|doubles\n|player|p1|RadiumToad|janine|1724\n|player|p2|Nerd159|1|1751\n|teamsize|p1|6\n|teamsize|p2|6\n|gen|9\n|tier|[Gen 9] VGC 2024 Reg H\n|rated|\n|rule|Species Clause: Limit one of each Pok\u00e9mon\n|rule|Item Clause: Limit 1 of each item\n|clearpoke\n|poke|p1|Poliwrath, L50, M|\n|poke|p1|Pelipper, L50, F|\n|poke|p1|Indeedee-F, L50, F|\n|poke|p1|Braviary-Hisui, L50, M|\n|poke|p1|Annihilape, L50, F|\n|poke|p1|Incineroar, L50, F|\n|poke|p2|Gholdengo, L50|\n|poke|p2|Indeedee, L50, M|\n|poke|p2|Delphox, L50, M|\n|poke|p2|Murkrow, L50, F|\n|poke|p2|Clodsire, L50, F|\n|poke|p2|Decidueye-Hisui, L50, F|\n|teampreview|4\n|\n|t:|1732655530\n|start\n|switch|p1a: Incineroar|Incineroar, L50, F|100\/100\n|switch|p1b: Indeedee|Indeedee-F, L50, F|100\/100\n|switch|p2a: Decidueye|Decidueye-Hisui, L50, F|100\/100\n|switch|p2b: Indeedee|Indeedee, L50, M|100\/100\n|-fieldstart|move: Psychic Terrain|[from] ability: Psychic Surge|[of] p2b: Indeedee\n|-ability|p1a: Incineroar|Intimidate|boost\n|-fail|p2a: Decidueye|unboost|Attack|[from] ability: Scrappy|[of] p2a: Decidueye\n|-unboost|p2b: Indeedee|atk|1\n|turn|1\n|inactive|Battle timer is ON: inactive players will automatically lose when time's up. (requested by Nerd159)\n|\n|t:|1732655545\n|-terastallize|p2a: Decidueye|Steel\n|move|p2b: Indeedee|Expanding Force|p1a: Incineroar|[spread] p1b\n|-immune|p1a: Incineroar\n|-resisted|p1b: Indeedee\n|-damage|p1b: Indeedee|74\/100\n|move|p2a: Decidueye|Triple Arrows|p1a: Incineroar\n|-supereffective|p1a: Incineroar\n|-damage|p1a: Incineroar|17\/100\n|move|p1a: Incineroar|Roar|p2b: Indeedee\n|drag|p2b: Gholdengo|Gholdengo, L50|100\/100\n|move|p1b: Indeedee|Trick Room|p1b: Indeedee\n|-fieldstart|move: Trick Room|[of] p1b: Indeedee\n|\n|upkeep\n|turn|2\n|\n|t:|1732655567\n|switch|p1b: Braviary|Braviary-Hisui, L50, M|100\/100\n|move|p1a: Incineroar|Knock Off|p2b: Gholdengo\n|-supereffective|p2b: Gholdengo\n|-damage|p2b: Gholdengo|0 fnt\n|-enditem|p2b: Gholdengo|Choice Specs|[from] move: Knock Off|[of] p1a: Incineroar\n|faint|p2b: Gholdengo\n|move|p2a: Decidueye|Triple Arrows|p1a: Incineroar\n|-supereffective|p1a: Incineroar\n|-damage|p1a: Incineroar|0 fnt\n|faint|p1a: Incineroar\n|\n|upkeep\n|\n|t:|1732655583\n|switch|p1a: Pelipper|Pelipper, L50, F|100\/100\n|switch|p2b: Murkrow|Murkrow, L50, F|100\/100\n|-weather|RainDance|[from] ability: Drizzle|[of] p1a: Pelipper\n|turn|3\n|\n|t:|1732655598\n|-terastallize|p1b: Braviary|Psychic\n|move|p1b: Braviary|Expanding Force|p2a: Decidueye|[spread] p2a\n|-immune|p2b: Murkrow\n|-resisted|p2a: Decidueye\n|-damage|p2a: Decidueye|0 fnt\n|faint|p2a: Decidueye\n|-damage|p1b: Braviary|91\/100|[from] item: Life Orb\n|move|p1a: Pelipper|Hurricane|p2b: Murkrow\n|-damage|p2b: Murkrow|42\/100\n|move|p2b: Murkrow|Snarl|p1a: Pelipper|[spread] p1a,p1b\n|-supereffective|p1b: Braviary\n|-damage|p1a: Pelipper|83\/100\n|-damage|p1b: Braviary|61\/100\n|-unboost|p1a: Pelipper|spa|1\n|-unboost|p1b: Braviary|spa|1\n|\n|-weather|RainDance|[upkeep]\n|upkeep\n|\n|t:|1732655609\n|switch|p2a: Indeedee|Indeedee, L50, M|100\/100\n|turn|4\n|\n|t:|1732655625\n|move|p1b: Braviary|Expanding Force|p2a: Indeedee|[spread] p2a\n|-immune|p2b: Murkrow\n|-resisted|p2a: Indeedee\n|-damage|p2a: Indeedee|12\/100\n|-damage|p1b: Braviary|51\/100|[from] item: Life Orb\n|move|p1a: Pelipper|Surf|p2a: Indeedee|[spread] p1b,p2a,p2b\n|-damage|p1b: Braviary|10\/100\n|-damage|p2a: Indeedee|0 fnt\n|-damage|p2b: Murkrow|10\/100\n|faint|p2a: Indeedee\n|move|p2b: Murkrow|Snarl|p1b: Braviary|[spread] p1a,p1b\n|-supereffective|p1b: Braviary\n|-damage|p1a: Pelipper|65\/100\n|-damage|p1b: Braviary|0 fnt\n|-unboost|p1a: Pelipper|spa|1\n|faint|p1b: Braviary\n|\n|-weather|RainDance|[upkeep]\n|upkeep\n|\n|t:|1732655628\n|switch|p1b: Indeedee|Indeedee-F, L50, F|74\/100\n|turn|5\n|-message|Nerd159 forfeited.\n|\n|win|RadiumToad\n|raw|RadiumToad's rating: 1697 &rarr; <strong>1720<\/strong><br \/>(+23 for winning)\n|raw|Nerd159's rating: 1751 &rarr; <strong>1728<\/strong><br \/>(-23 for losing)\n|l|\u2606Nerd159\n|player|p2|\n|l|\u2606RadiumToad\n|player|p1|\n","uploadtime":1732655832,"views":9,"formatid":"gen9vgc2024regh","rating":1720,"private":0,"password":null}