{"id":"gen9vgc2024regh-2251255295","format":"[Gen 9] VGC 2024 Reg H","players":["Prometheus756","vgclth terran"],"log":"|raw|<div class=\"broadcast-blue\"><strong>This battle is required to be public due to a player having a name starting with 'vgclth'.<\/div>\n|j|\u2606Prometheus756\n|j|\u2606vgclth terran\n|t:|1732600540\n|gametype|doubles\n|player|p1|Prometheus756|gentleman-gen4dp|1638\n|player|p2|vgclth terran|rood|1814\n|teamsize|p1|6\n|teamsize|p2|6\n|gen|9\n|tier|[Gen 9] VGC 2024 Reg H\n|rated|\n|rule|Species Clause: Limit one of each Pok\u00e9mon\n|rule|Item Clause: Limit 1 of each item\n|clearpoke\n|poke|p1|Baxcalibur, L50, F|\n|poke|p1|Armarouge, L50, F|\n|poke|p1|Indeedee-F, L50, F|\n|poke|p1|Talonflame, L50, F|\n|poke|p1|Dondozo, L50, M|\n|poke|p1|Tatsugiri, L50, F|\n|poke|p2|Typhlosion-Hisui, L50, M|\n|poke|p2|Maushold, L50|\n|poke|p2|Annihilape, L50, F|\n|poke|p2|Whimsicott, L50, F|\n|poke|p2|Dondozo, L50, F|\n|poke|p2|Tatsugiri-Droopy, L50, M|\n|teampreview|4\n|j| a small creature\n|j| mr pogostick\n|l| mr pogostick\n|inactive|Battle timer is ON: inactive players will automatically lose when time's up. (requested by Prometheus756)\n|\n|t:|1732600592\n|start\n|switch|p1a: Indeedee|Indeedee-F, L50, F|100\/100\n|switch|p1b: Armarouge|Armarouge, L50, F|100\/100\n|switch|p2a: Typhlosion|Typhlosion-Hisui, L50, M|100\/100\n|switch|p2b: Maushold|Maushold, L50|100\/100\n|-item|p1a: Indeedee|Safety Goggles|[from] ability: Frisk|[of] p2a: Typhlosion\n|-item|p1b: Armarouge|Weakness Policy|[from] ability: Frisk|[of] p2a: Typhlosion\n|-fieldstart|move: Psychic Terrain|[from] ability: Psychic Surge|[of] p1a: Indeedee\n|turn|1\n|\n|t:|1732600608\n|move|p1a: Indeedee|Follow Me|p1a: Indeedee\n|-singleturn|p1a: Indeedee|move: Follow Me\n|move|p2b: Maushold|Sunny Day|p2b: Maushold\n|-weather|SunnyDay\n|move|p2a: Typhlosion|Eruption|p1b: Armarouge|[spread] p1a,p1b\n|-resisted|p1b: Armarouge\n|-damage|p1a: Indeedee|5\/100\n|-damage|p1b: Armarouge|22\/100\n|move|p1b: Armarouge|Trick Room|p1b: Armarouge\n|-fieldstart|move: Trick Room|[of] p1b: Armarouge\n|\n|-weather|SunnyDay|[upkeep]\n|upkeep\n|turn|2\n|inactive|vgclth terran has 30 seconds left.\n|\n|t:|1732600637\n|switch|p2a: Dondozo|Dondozo, L50, F|100\/100\n|switch|p2b: Tatsugiri|Tatsugiri-Droopy, L50, M|100\/100\n|-activate|p2b: Tatsugiri|ability: Commander|[of] p2a: Dondozo\n|-boost|p2a: Dondozo|atk|2\n|-boost|p2a: Dondozo|spa|2\n|-boost|p2a: Dondozo|spe|2\n|-boost|p2a: Dondozo|def|2\n|-boost|p2a: Dondozo|spd|2\n|-terastallize|p1b: Armarouge|Psychic\n|move|p1a: Indeedee|Helping Hand|p1b: Armarouge\n|-singleturn|p1b: Armarouge|Helping Hand|[of] p1a: Indeedee\n|move|p1b: Armarouge|Expanding Force|p2a: Dondozo|[spread] p2a\n|-miss|p1b: Armarouge|p2b: Tatsugiri\n|-damage|p2a: Dondozo|56\/100\n|\n|-weather|SunnyDay|[upkeep]\n|-heal|p2a: Dondozo|62\/100|[from] item: Leftovers\n|upkeep\n|turn|3\n|j| laslfg81\n|l| laslfg81\n|inactive|Prometheus756 has 30 seconds left.\n|\n|t:|1732600667\n|move|p1a: Indeedee|Helping Hand|p1b: Armarouge\n|-singleturn|p1b: Armarouge|Helping Hand|[of] p1a: Indeedee\n|move|p2a: Dondozo|Protect|p2a: Dondozo\n|-singleturn|p2a: Dondozo|Protect\n|move|p1b: Armarouge|Expanding Force|p2a: Dondozo|[spread] \n|-miss|p1b: Armarouge|p2b: Tatsugiri\n|-activate|p2a: Dondozo|move: Protect\n|\n|-weather|SunnyDay|[upkeep]\n|-heal|p2a: Dondozo|69\/100|[from] item: Leftovers\n|upkeep\n|turn|4\n|\n|t:|1732600676\n|move|p1a: Indeedee|Helping Hand|p1b: Armarouge\n|-singleturn|p1b: Armarouge|Helping Hand|[of] p1a: Indeedee\n|move|p1b: Armarouge|Expanding Force|p2a: Dondozo|[spread] p2a\n|-miss|p1b: Armarouge|p2b: Tatsugiri\n|-crit|p2a: Dondozo\n|-damage|p2a: Dondozo|0 fnt\n|faint|p2a: Dondozo\n|\n|-weather|SunnyDay|[upkeep]\n|upkeep\n|\n|t:|1732600691\n|switch|p2a: Maushold|Maushold, L50|100\/100\n|turn|5\n|\n|t:|1732600702\n|move|p1a: Indeedee|Helping Hand|p1b: Armarouge\n|-singleturn|p1b: Armarouge|Helping Hand|[of] p1a: Indeedee\n|move|p1b: Armarouge|Expanding Force|p2b: Tatsugiri|[spread] p2a,p2b\n|-damage|p2a: Maushold|0 fnt\n|-damage|p2b: Tatsugiri|0 fnt\n|faint|p2a: Maushold\n|faint|p2b: Tatsugiri\n|\n|-weather|none\n|-fieldend|move: Trick Room\n|-fieldend|move: Psychic Terrain\n|upkeep\n|\n|t:|1732600705\n|switch|p2b: Typhlosion|Typhlosion-Hisui, L50, M|100\/100\n|-item|p1a: Indeedee|Safety Goggles|[from] ability: Frisk|[of] p2b: Typhlosion\n|-item|p1b: Armarouge|Weakness Policy|[from] ability: Frisk|[of] p2b: Typhlosion\n|turn|6\n|inactive|Prometheus756 has 30 seconds left.\n|\n|t:|1732600735\n|move|p1a: Indeedee|Follow Me|p1a: Indeedee\n|-singleturn|p1a: Indeedee|move: Follow Me\n|move|p2b: Typhlosion|Eruption|p1a: Indeedee|[spread] p1a,p1b\n|-damage|p1a: Indeedee|0 fnt\n|-damage|p1b: Armarouge|0 fnt\n|faint|p1a: Indeedee\n|faint|p1b: Armarouge\n|\n|upkeep\n|\n|t:|1732600739\n|switch|p1b: Dondozo|Dondozo, L50, M|100\/100\n|switch|p1a: Tatsugiri|Tatsugiri, L50, F|100\/100\n|-activate|p1a: Tatsugiri|ability: Commander|[of] p1b: Dondozo\n|-boost|p1b: Dondozo|atk|2\n|-boost|p1b: Dondozo|spa|2\n|-boost|p1b: Dondozo|spe|2\n|-boost|p1b: Dondozo|def|2\n|-boost|p1b: Dondozo|spd|2\n|turn|7\n|\n|t:|1732600744\n|-terastallize|p2b: Typhlosion|Fire\n|move|p1b: Dondozo|Wave Crash|p2b: Typhlosion\n|-supereffective|p2b: Typhlosion\n|-damage|p2b: Typhlosion|0 fnt\n|faint|p2b: Typhlosion\n|-damage|p1b: Dondozo|81\/100|[from] Recoil\n|\n|win|Prometheus756\n|raw|Prometheus756's rating: 1638 &rarr; <strong>1667<\/strong><br \/>(+29 for winning)\n|raw|vgclth terran's rating: 1814 &rarr; <strong>1785<\/strong><br \/>(-29 for losing)\n|l|\u2606vgclth terran\n|player|p2|\n|c|\u2606Prometheus756|Gg\n|l|\u2606Prometheus756\n|player|p1|\n","uploadtime":1732601006,"views":23,"formatid":"gen9vgc2024regh","rating":1667,"private":0,"password":null}