{"id":"gen9vgc2024regh-2251047526","format":"[Gen 9] VGC 2024 Reg H","players":["Tepig_nNz_498","Ka1ba"],"log":"|j|\u2606Tepig_nNz_498\n|j|\u2606Ka1ba\n|t:|1732573296\n|gametype|doubles\n|player|p1|Tepig_nNz_498|101|1742\n|player|p2|Ka1ba|170|1664\n|teamsize|p1|6\n|teamsize|p2|6\n|gen|9\n|tier|[Gen 9] VGC 2024 Reg H\n|rated|\n|rule|Species Clause: Limit one of each Pok\u00e9mon\n|rule|Item Clause: Limit 1 of each item\n|clearpoke\n|poke|p1|Typhlosion, L50, M|\n|poke|p1|Whimsicott, L50, M|\n|poke|p1|Torkoal, L50, M|\n|poke|p1|Ninetales, L50, F|\n|poke|p1|Scovillain, L50, M|\n|poke|p1|Magmortar, L50, M|\n|poke|p2|Ursaluna-Bloodmoon, L50, M|\n|poke|p2|Whimsicott, L50, M|\n|poke|p2|Typhlosion-Hisui, L50, M|\n|poke|p2|Farigiraf, L50, M|\n|poke|p2|Annihilape, L50, M|\n|poke|p2|Primarina, L50, F|\n|teampreview|4\n|j| mentalrofl\n|inactive|Battle timer is ON: inactive players will automatically lose when time's up. (requested by Tepig_nNz_498)\n|\n|t:|1732573348\n|start\n|switch|p1a: Whimsicott|Whimsicott, L50, M|100\/100\n|switch|p1b: Ninetales|Ninetales, L50, F|100\/100\n|switch|p2a: Typhlosion|Typhlosion-Hisui, L50, M|100\/100\n|switch|p2b: Annihilape|Annihilape, L50, M|100\/100\n|-weather|SunnyDay|[from] ability: Drought|[of] p1b: Ninetales\n|turn|1\n|\n|t:|1732573376\n|-terastallize|p2b: Annihilape|Water\n|move|p1a: Whimsicott|Tailwind|p1a: Whimsicott\n|-sidestart|p1: Tepig_nNz_498|move: Tailwind\n|move|p1b: Ninetales|Heat Wave|p2a: Typhlosion|[spread] p2a,p2b\n|-resisted|p2a: Typhlosion\n|-resisted|p2b: Annihilape\n|-damage|p2a: Typhlosion|72\/100\n|-damage|p2b: Annihilape|89\/100\n|move|p2a: Typhlosion|Heat Wave|p1b: Ninetales|[spread] p1a,p1b\n|-supereffective|p1a: Whimsicott\n|-resisted|p1b: Ninetales\n|-enditem|p1a: Whimsicott|Focus Sash\n|-damage|p1a: Whimsicott|1\/100\n|-damage|p1b: Ninetales|53\/100\n|-enditem|p1b: Ninetales|Eject Button\n|\n|t:|1732573389\n|switch|p1b: Scovillain|Scovillain, L50, M|100\/100\n|move|p2b: Annihilape|Rage Fist|p1b: Scovillain\n|-crit|p1b: Scovillain\n|-damage|p1b: Scovillain|0 fnt\n|faint|p1b: Scovillain\n|\n|-weather|SunnyDay|[upkeep]\n|upkeep\n|\n|t:|1732573393\n|switch|p1b: Ninetales|Ninetales, L50, F|53\/100\n|turn|2\n|\n|t:|1732573403\n|switch|p2b: Farigiraf|Farigiraf, L50, M|100\/100\n|-terastallize|p1b: Ninetales|Stellar\n|move|p1a: Whimsicott|Solar Beam||[still]\n|-prepare|p1a: Whimsicott|Solar Beam\n|-anim|p1a: Whimsicott|Solar Beam|p2b: Farigiraf\n|-damage|p2b: Farigiraf|58\/100\n|move|p1b: Ninetales|Scorching Sands|p2a: Typhlosion\n|-supereffective|p2a: Typhlosion\n|-damage|p2a: Typhlosion|15\/100\n|move|p2a: Typhlosion|Heat Wave|p1a: Whimsicott|[spread] p1b\n|-miss|p2a: Typhlosion|p1a: Whimsicott\n|-resisted|p1b: Ninetales\n|-damage|p1b: Ninetales|0 fnt\n|faint|p1b: Ninetales\n|\n|-weather|SunnyDay|[upkeep]\n|upkeep\n|\n|t:|1732573414\n|switch|p1b: Torkoal|Torkoal, L50, M|100\/100\n|turn|3\n|j| kyog9t\n|\n|t:|1732573425\n|move|p1a: Whimsicott|Moonblast|p2a: Typhlosion\n|-resisted|p2a: Typhlosion\n|-damage|p2a: Typhlosion|0 fnt\n|faint|p2a: Typhlosion\n|move|p2b: Farigiraf|Twin Beam|p1a: Whimsicott\n|-damage|p1a: Whimsicott|0 fnt\n|faint|p1a: Whimsicott\n|-hitcount|p1: Whimsicott|1\n|move|p1b: Torkoal|Eruption|p2b: Farigiraf\n|-damage|p2b: Farigiraf|0 fnt\n|faint|p2b: Farigiraf\n|\n|-weather|SunnyDay|[upkeep]\n|upkeep\n|\n|t:|1732573433\n|switch|p2a: Ursaluna|Ursaluna-Bloodmoon, L50, M|100\/100\n|switch|p2b: Annihilape|Annihilape, L50, M, tera:Water|89\/100\n|turn|4\n|\n|t:|1732573439\n|move|p2a: Ursaluna|Protect|p2a: Ursaluna\n|-singleturn|p2a: Ursaluna|Protect\n|move|p2b: Annihilape|Rage Fist|p1b: Torkoal\n|-damage|p1b: Torkoal|59\/100\n|move|p1b: Torkoal|Heat Wave|p2b: Annihilape|[spread] p2b\n|-activate|p2a: Ursaluna|move: Protect\n|-resisted|p2b: Annihilape\n|-damage|p2b: Annihilape|72\/100\n|\n|-weather|SunnyDay|[upkeep]\n|-sideend|p1: Tepig_nNz_498|move: Tailwind\n|upkeep\n|turn|5\n|-message|Tepig_nNz_498 forfeited.\n|\n|win|Ka1ba\n|raw|Tepig_nNz_498's rating: 1742 &rarr; <strong>1718<\/strong><br \/>(-24 for losing)\n|raw|Ka1ba's rating: 1664 &rarr; <strong>1688<\/strong><br \/>(+24 for winning)\n|l|\u2606Tepig_nNz_498\n|player|p1|\n|l| mentalrofl\n|l|\u2606Ka1ba\n|player|p2|\n","uploadtime":1732573719,"views":9,"formatid":"gen9vgc2024regh","rating":1688,"private":0,"password":null}