{"id":"gen9vgc2024regh-2251782974","format":"[Gen 9] VGC 2024 Reg H","players":["WattoVGC","sleeppowderisdumb"],"log":"|j|\u2606WattoVGC\n|j|\u2606sleeppowderisdumb\n|t:|1732664878\n|gametype|doubles\n|player|p1|WattoVGC|palmer|1745\n|player|p2|sleeppowderisdumb|170|1754\n|teamsize|p1|6\n|teamsize|p2|6\n|gen|9\n|tier|[Gen 9] VGC 2024 Reg H\n|rated|\n|rule|Species Clause: Limit one of each Pok\u00e9mon\n|rule|Item Clause: Limit 1 of each item\n|clearpoke\n|poke|p1|Pelipper, L50, M|\n|poke|p1|Archaludon, L50, M|\n|poke|p1|Amoonguss, L50, M|\n|poke|p1|Basculegion, L50, M|\n|poke|p1|Gholdengo, L50|\n|poke|p1|Incineroar, L50, M|\n|poke|p2|Talonflame, L50, F|\n|poke|p2|Indeedee, L50, M|\n|poke|p2|Sneasler, L50, M|\n|poke|p2|Gholdengo, L50|\n|poke|p2|Primarina, L50, F|\n|poke|p2|Electabuzz, L50, M|\n|teampreview|4\n|inactive|Battle timer is ON: inactive players will automatically lose when time's up. (requested by sleeppowderisdumb)\n|inactive|WattoVGC also wants the timer to be on.\n|j| mr pogostick\n|\n|t:|1732664906\n|start\n|switch|p1a: Basculegion|Basculegion, L50, M|100\/100\n|switch|p1b: Gholdengo|Gholdengo, L50|100\/100\n|switch|p2a: Talonflame|Talonflame, L50, F|100\/100\n|switch|p2b: Gholdengo|Gholdengo, L50|100\/100\n|turn|1\n|j| PonMeTilItsOger\n|\n|t:|1732664926\n|switch|p1a: Archaludon|Archaludon, L50, M|100\/100\n|move|p1b: Gholdengo|Protect|p1b: Gholdengo\n|-singleturn|p1b: Gholdengo|Protect\n|move|p2a: Talonflame|Tailwind|p2a: Talonflame\n|-sidestart|p2: sleeppowderisdumb|move: Tailwind\n|move|p2b: Gholdengo|Shadow Ball|p1b: Gholdengo\n|-activate|p1b: Gholdengo|move: Protect\n|\n|upkeep\n|turn|2\n|\n|t:|1732664945\n|-terastallize|p1b: Gholdengo|Steel\n|move|p2a: Talonflame|Flare Blitz|p1a: Archaludon\n|-damage|p1a: Archaludon|71\/100\n|-status|p1a: Archaludon|brn\n|-ability|p1a: Archaludon|Stamina|boost\n|-boost|p1a: Archaludon|def|1\n|-damage|p2a: Talonflame|88\/100|[from] Recoil\n|move|p2b: Gholdengo|Shadow Ball|p1b: Gholdengo\n|-damage|p1b: Gholdengo|26\/100\n|move|p1b: Gholdengo|Shadow Ball|p2b: Gholdengo\n|-supereffective|p2b: Gholdengo\n|-damage|p2b: Gholdengo|0 fnt\n|faint|p2b: Gholdengo\n|-damage|p1b: Gholdengo|17\/100|[from] item: Life Orb\n|move|p1a: Archaludon|Snarl|p2a: Talonflame\n|-damage|p2a: Talonflame|62\/100\n|\n|-damage|p1a: Archaludon|65\/100 brn|[from] brn\n|upkeep\n|\n|t:|1732664955\n|switch|p2b: Indeedee|Indeedee, L50, M|100\/100\n|-fieldstart|move: Psychic Terrain|[from] ability: Psychic Surge|[of] p2b: Indeedee\n|turn|3\n|\n|t:|1732664967\n|-terastallize|p2b: Indeedee|Fighting\n|move|p1b: Gholdengo|Protect|p1b: Gholdengo\n|-singleturn|p1b: Gholdengo|Protect\n|move|p2a: Talonflame|Flare Blitz|p1b: Gholdengo\n|-activate|p1b: Gholdengo|move: Protect\n|move|p2b: Indeedee|Tera Blast|p1a: Archaludon|[anim] Tera Blast Fighting\n|-supereffective|p1a: Archaludon\n|-damage|p1a: Archaludon|0 fnt\n|faint|p1a: Archaludon\n|\n|upkeep\n|\n|t:|1732664975\n|switch|p1a: Pelipper|Pelipper, L50, M|100\/100\n|-weather|RainDance|[from] ability: Drizzle|[of] p1a: Pelipper\n|turn|4\n|\n|t:|1732664984\n|move|p1a: Pelipper|Protect|p1a: Pelipper\n|-singleturn|p1a: Pelipper|Protect\n|move|p2a: Talonflame|Brave Bird|p1a: Pelipper\n|-activate|p1a: Pelipper|move: Protect\n|move|p2b: Indeedee|Tera Blast|p1b: Gholdengo|[anim] Tera Blast Fighting\n|-supereffective|p1b: Gholdengo\n|-damage|p1b: Gholdengo|0 fnt\n|faint|p1b: Gholdengo\n|\n|-weather|RainDance|[upkeep]\n|-sideend|p2: sleeppowderisdumb|move: Tailwind\n|upkeep\n|j| Duddle\n|\n|t:|1732664991\n|switch|p1b: Basculegion|Basculegion, L50, M|100\/100\n|turn|5\n|\n|t:|1732664999\n|move|p1b: Basculegion|Last Respects|p2a: Talonflame\n|-damage|p2a: Talonflame|0 fnt\n|faint|p2a: Talonflame\n|move|p2b: Indeedee|Expanding Force|p1a: Pelipper|[spread] p1a,p1b\n|-damage|p1a: Pelipper|6\/100\n|-damage|p1b: Basculegion|31\/100\n|move|p1a: Pelipper|Tailwind|p1a: Pelipper\n|-sidestart|p1: WattoVGC|move: Tailwind\n|\n|-weather|RainDance|[upkeep]\n|upkeep\n|\n|t:|1732665003\n|switch|p2a: Sneasler|Sneasler, L50, M|100\/100\n|-enditem|p2a: Sneasler|Psychic Seed\n|-boost|p2a: Sneasler|spd|1|[from] item: Psychic Seed\n|turn|6\n|\n|t:|1732665012\n|move|p1b: Basculegion|Last Respects|p2a: Sneasler\n|-damage|p2a: Sneasler|0 fnt\n|faint|p2a: Sneasler\n|move|p1a: Pelipper|Hurricane|p2b: Indeedee\n|-supereffective|p2b: Indeedee\n|-crit|p2b: Indeedee\n|-enditem|p2b: Indeedee|Focus Sash\n|-damage|p2b: Indeedee|1\/100\n|move|p2b: Indeedee|Expanding Force|p1a: Pelipper|[spread] p1a,p1b\n|-damage|p1a: Pelipper|0 fnt\n|-damage|p1b: Basculegion|0 fnt\n|faint|p1a: Pelipper\n|faint|p1b: Basculegion\n|\n|win|sleeppowderisdumb\n|raw|WattoVGC's rating: 1745 &rarr; <strong>1726<\/strong><br \/>(-19 for losing)\n|raw|sleeppowderisdumb's rating: 1754 &rarr; <strong>1773<\/strong><br \/>(+19 for winning)\n|l| mr pogostick\n|l|\u2606sleeppowderisdumb\n|player|p2|\n|l| PonMeTilItsOger\n|l|\u2606WattoVGC\n|player|p1|\n|l| Duddle\n","uploadtime":1732665175,"views":22,"formatid":"gen9vgc2024regh","rating":1726,"private":0,"password":null}