{"id":"gen9vgc2024regh-2251184958","format":"[Gen 9] VGC 2024 Reg H","players":["kiruxyt","Bjorn1425"],"log":"|j|\u2606kiruxyt\n|j|\u2606Bjorn1425\n|t:|1732589917\n|gametype|doubles\n|player|p1|kiruxyt|blue|1672\n|player|p2|Bjorn1425|2|1759\n|teamsize|p1|6\n|teamsize|p2|6\n|gen|9\n|tier|[Gen 9] VGC 2024 Reg H\n|rated|\n|rule|Species Clause: Limit one of each Pok\u00e9mon\n|rule|Item Clause: Limit 1 of each item\n|clearpoke\n|poke|p1|Sneasler, L50, M|\n|poke|p1|Dragonite, L50, M|\n|poke|p1|Gholdengo, L50|\n|poke|p1|Primarina, L50, F|\n|poke|p1|Amoonguss, L50, M|\n|poke|p1|Incineroar, L50, M|\n|poke|p2|Incineroar, L50, M|\n|poke|p2|Amoonguss, L50, M|\n|poke|p2|Gholdengo, L50|\n|poke|p2|Hydreigon, L50, M|\n|poke|p2|Palafin, L50, M|\n|poke|p2|Pelipper, L50, M|\n|teampreview|4\n|inactive|Battle timer is ON: inactive players will automatically lose when time's up. (requested by Bjorn1425)\nkiruxyt rejected open team sheets.\n|inactive|kiruxyt has 60 seconds left.\n|j| Fickle_My_Beam\n|\n|t:|1732589981\n|start\n|switch|p1a: Dragonite|Dragonite, L50, M|100\/100\n|switch|p1b: Incineroar|Incineroar, L50, M|100\/100\n|switch|p2a: Incineroar|Incineroar, L50, M|100\/100\n|switch|p2b: Palafin|Palafin, L50, M|100\/100\n|-ability|p2a: Incineroar|Intimidate|boost\n|-fail|p1a: Dragonite|unboost|Attack|[from] ability: Inner Focus|[of] p1a: Dragonite\n|-unboost|p1b: Incineroar|atk|1\n|-ability|p1b: Incineroar|Intimidate|boost\n|-unboost|p2a: Incineroar|atk|1\n|-unboost|p2b: Palafin|atk|1\n|turn|1\n|\n|t:|1732590010\n|detailschange|p2b: Palafin|Palafin-Hero, L50, M\n|switch|p2b: Amoonguss|Amoonguss, L50, M|100\/100\n|move|p1b: Incineroar|Fake Out|p2a: Incineroar\n|-damage|p2a: Incineroar|92\/100\n|move|p1a: Dragonite|Scale Shot|p2a: Incineroar\n|-damage|p2a: Incineroar|79\/100\n|-damage|p2a: Incineroar|65\/100\n|-crit|p2a: Incineroar\n|-damage|p2a: Incineroar|44\/100\n|-damage|p2a: Incineroar|29\/100\n|-damage|p2a: Incineroar|15\/100\n|-hitcount|p2a: Incineroar|5\n|-unboost|p1a: Dragonite|def|1\n|-boost|p1a: Dragonite|spe|1\n|cant|p2a: Incineroar|flinch\n|\n|upkeep\n|turn|2\n|\n|t:|1732590032\n|-terastallize|p1a: Dragonite|Flying\n|-terastallize|p2b: Amoonguss|Water\n|move|p1a: Dragonite|Tera Blast|p2b: Amoonguss|[anim] Tera Blast Flying\n|-damage|p2b: Amoonguss|50\/100\n|-enditem|p2b: Amoonguss|Sitrus Berry|[eat]\n|-heal|p2b: Amoonguss|75\/100|[from] item: Sitrus Berry\n|move|p2a: Incineroar|U-turn|p1b: Incineroar\n|-damage|p1b: Incineroar|87\/100\n|\n|t:|1732590035\n|switch|p2a: Hydreigon|Hydreigon, L50, M|100\/100|[from] U-turn\n|move|p1b: Incineroar|U-turn|p2a: Hydreigon\n|-supereffective|p2a: Hydreigon\n|-damage|p2a: Hydreigon|61\/100\n|\n|t:|1732590050\n|switch|p1b: Primarina|Primarina, L50, F|100\/100|[from] U-turn\n|move|p2b: Amoonguss|Spore|p1a: Dragonite\n|-status|p1a: Dragonite|slp|[from] move: Spore\n|\n|upkeep\n|turn|3\n|inactive|kiruxyt has 30 seconds left.\n|inactive|kiruxyt has 20 seconds left.\n|inactive|kiruxyt has 15 seconds left.\n|\n|t:|1732590094\n|cant|p1a: Dragonite|slp\n|move|p2a: Hydreigon|Draco Meteor|p1a: Dragonite\n|-damage|p1a: Dragonite|3\/100 slp\n|-unboost|p2a: Hydreigon|spa|2\n|move|p1b: Primarina|Moonblast|p2a: Hydreigon\n|-supereffective|p2a: Hydreigon\n|-damage|p2a: Hydreigon|0 fnt\n|faint|p2a: Hydreigon\n|move|p2b: Amoonguss|Spore|p1b: Primarina\n|-status|p1b: Primarina|slp|[from] move: Spore\n|\n|upkeep\n|\n|t:|1732590104\n|switch|p2a: Incineroar|Incineroar, L50, M|15\/100\n|-ability|p2a: Incineroar|Intimidate|boost\n|-fail|p1a: Dragonite|unboost|Attack|[from] ability: Inner Focus|[of] p1a: Dragonite\n|-unboost|p1b: Primarina|atk|1\n|turn|4\n|\n|t:|1732590113\n|-curestatus|p1a: Dragonite|slp|[msg]\n|move|p1a: Dragonite|Protect|p1a: Dragonite\n|-singleturn|p1a: Dragonite|Protect\n|cant|p1b: Primarina|slp\n|move|p2a: Incineroar|U-turn|p1a: Dragonite\n|-activate|p1a: Dragonite|move: Protect\n|move|p2b: Amoonguss|Sludge Bomb|p1b: Primarina\n|-supereffective|p1b: Primarina\n|-damage|p1b: Primarina|52\/100 slp\n|\n|upkeep\n|turn|5\n|-message|Bjorn1425 forfeited.\n|\n|win|kiruxyt\n|raw|kiruxyt's rating: 1672 &rarr; <strong>1697<\/strong><br \/>(+25 for winning)\n|raw|Bjorn1425's rating: 1759 &rarr; <strong>1734<\/strong><br \/>(-25 for losing)\n|l|\u2606kiruxyt\n|player|p1|\n|l| Fickle_My_Beam\n|l|\u2606Bjorn1425\n|player|p2|\n","uploadtime":1732590291,"views":8,"formatid":"gen9vgc2024regh","rating":1697,"private":0,"password":null}