{"id":"gen9vgc2024regh-2251668473","format":"[Gen 9] VGC 2024 Reg H","players":["HarshEuroBarge","btest0011"],"log":"|j|\u2606HarshEuroBarge\n|j|\u2606btest0011\n|t:|1732652411\n|gametype|doubles\n|player|p1|HarshEuroBarge|1|1724\n|player|p2|btest0011|170|1809\n|teamsize|p1|6\n|teamsize|p2|6\n|gen|9\n|tier|[Gen 9] VGC 2024 Reg H\n|rated|\n|rule|Species Clause: Limit one of each Pok\u00e9mon\n|rule|Item Clause: Limit 1 of each item\n|clearpoke\n|poke|p1|Smeargle, L50, M|\n|poke|p1|Primeape, L50, M|\n|poke|p1|Rillaboom, L50, M|\n|poke|p1|Indeedee-F, L50, F|\n|poke|p1|Whimsicott, L50, F|\n|poke|p1|Krookodile, L50, M|\n|poke|p2|Gholdengo, L50|\n|poke|p2|Sneasler, L50, M|\n|poke|p2|Incineroar, L50, F|\n|poke|p2|Dragonite, L50, M|\n|poke|p2|Amoonguss, L50, F|\n|poke|p2|Ursaluna-Bloodmoon, L50, M|\n|teampreview|4\n|inactive|Battle timer is ON: inactive players will automatically lose when time's up. (requested by btest0011)\n|j| judang\n|inactive|btest0011 has 60 seconds left.\n|\n|t:|1732652447\n|start\n|switch|p1a: Smeargle|Smeargle, L50, M|100\/100\n|switch|p1b: Whimsicott|Whimsicott, L50, F|100\/100\n|switch|p2a: Amoonguss|Amoonguss, L50, F|100\/100\n|switch|p2b: Dragonite|Dragonite, L50, M|100\/100\n|turn|1\n|inactive|btest0011 has 30 seconds left.\n|\n|t:|1732652473\n|switch|p2b: Incineroar|Incineroar, L50, F|100\/100\n|-ability|p2b: Incineroar|Intimidate|boost\n|-unboost|p1a: Smeargle|atk|1\n|-unboost|p1b: Whimsicott|atk|1\n|move|p1a: Smeargle|Spiky Shield|p1a: Smeargle\n|-singleturn|p1a: Smeargle|move: Protect\n|move|p1b: Whimsicott|Tailwind|p1b: Whimsicott\n|-sidestart|p1: HarshEuroBarge|move: Tailwind\n|move|p2a: Amoonguss|Sludge Bomb|p1a: Smeargle\n|-activate|p1a: Smeargle|move: Protect\n|\n|-ability|p1a: Smeargle|Moody|boost\n|-boost|p1a: Smeargle|spe|2\n|-unboost|p1a: Smeargle|def|1\n|upkeep\n|turn|2\n|inactive|btest0011 has 30 seconds left.\n|\n|t:|1732652499\n|switch|p1b: Indeedee|Indeedee-F, L50, F|100\/100\n|-fieldstart|move: Psychic Terrain|[from] ability: Psychic Surge|[of] p1b: Indeedee\n|move|p1a: Smeargle|Spore|p2b: Incineroar\n|-activate|p2b: Incineroar|item: Safety Goggles|Spore\n|move|p2b: Incineroar|Parting Shot|p1a: Smeargle\n|-unboost|p1a: Smeargle|atk|1\n|-unboost|p1a: Smeargle|spa|1\n|\n|t:|1732652511\n|switch|p2b: Dragonite|Dragonite, L50, M|100\/100|[from] Parting Shot\n|move|p2a: Amoonguss|Spore|p1b: Indeedee\n|-status|p1b: Indeedee|slp|[from] move: Spore\n|\n|-ability|p1a: Smeargle|Moody|boost\n|-boost|p1a: Smeargle|def|2\n|-unboost|p1a: Smeargle|atk|1\n|upkeep\n|turn|3\n|\n|t:|1732652525\n|switch|p1b: Primeape|Primeape, L50, M, shiny|100\/100\n|move|p2b: Dragonite|Protect|p2b: Dragonite\n|-singleturn|p2b: Dragonite|Protect\n|move|p1a: Smeargle|Surging Strikes|p1b: Primeape\n|-crit|p1b: Primeape\n|-damage|p1b: Primeape|99\/100\n|-setboost|p1b: Primeape|atk|6|[from] ability: Anger Point\n|-crit|p1b: Primeape\n|-damage|p1b: Primeape|97\/100\n|-crit|p1b: Primeape\n|-damage|p1b: Primeape|95\/100\n|-hitcount|p1b: Primeape|3\n|move|p2a: Amoonguss|Spore|p1b: Primeape\n|-status|p1b: Primeape|slp|[from] move: Spore\n|\n|-ability|p1a: Smeargle|Moody|boost\n|-boost|p1a: Smeargle|spa|2\n|-unboost|p1a: Smeargle|def|1\n|upkeep\n|turn|4\n|\n|t:|1732652546\n|switch|p1a: Whimsicott|Whimsicott, L50, F|100\/100\n|-terastallize|p1b: Primeape|Fire\n|cant|p1b: Primeape|slp\n|move|p2b: Dragonite|Scale Shot|p1b: Primeape\n|-damage|p1b: Primeape|81\/100 slp\n|-crit|p1b: Primeape\n|-damage|p1b: Primeape|60\/100 slp\n|-damage|p1b: Primeape|49\/100 slp\n|-damage|p1b: Primeape|35\/100 slp\n|-hitcount|p1b: Primeape|4\n|-unboost|p2b: Dragonite|def|1\n|-boost|p2b: Dragonite|spe|1\n|move|p2a: Amoonguss|Sludge Bomb|p1a: Whimsicott\n|-supereffective|p1a: Whimsicott\n|-damage|p1a: Whimsicott|0 fnt\n|faint|p1a: Whimsicott\n|\n|-sideend|p1: HarshEuroBarge|move: Tailwind\n|upkeep\n|\n|t:|1732652554\n|switch|p1a: Indeedee|Indeedee-F, L50, F|100\/100 slp\n|turn|5\n|\n|t:|1732652566\n|cant|p1a: Indeedee|slp\n|move|p2a: Amoonguss|Rage Powder|p2a: Amoonguss\n|-singleturn|p2a: Amoonguss|move: Rage Powder\n|move|p2b: Dragonite|Tailwind|p2b: Dragonite\n|-sidestart|p2: btest0011|move: Tailwind\n|-curestatus|p1b: Primeape|slp|[msg]\n|move|p1b: Primeape|Rage Fist|p2a: Amoonguss\n|-damage|p2a: Amoonguss|0 fnt\n|faint|p2a: Amoonguss\n|\n|upkeep\n|\n|t:|1732652575\n|switch|p2a: Incineroar|Incineroar, L50, F|100\/100\n|-ability|p2a: Incineroar|Intimidate|boost\n|-unboost|p1a: Indeedee|atk|1\n|-unboost|p1b: Primeape|atk|1\n|turn|6\n|\n|t:|1732652585\n|move|p1b: Primeape|Protect|p1b: Primeape\n|-singleturn|p1b: Primeape|Protect\n|move|p2b: Dragonite|Haze|p2b: Dragonite\n|-clearallboost\n|move|p2a: Incineroar|Knock Off|p1a: Indeedee\n|-supereffective|p1a: Indeedee\n|-damage|p1a: Indeedee|15\/100 slp\n|-enditem|p1a: Indeedee|Mental Herb|[from] move: Knock Off|[of] p2a: Incineroar\n|cant|p1a: Indeedee|slp\n|\n|-fieldend|move: Psychic Terrain\n|upkeep\n|turn|7\n|\n|t:|1732652602\n|cant|p1a: Indeedee|slp\n|move|p2b: Dragonite|Scale Shot|p1b: Primeape\n|-crit|p1b: Primeape\n|-damage|p1b: Primeape|17\/100\n|-setboost|p1b: Primeape|atk|6|[from] ability: Anger Point\n|-damage|p1b: Primeape|5\/100\n|-damage|p1b: Primeape|0 fnt\n|faint|p1b: Primeape\n|-hitcount|p1: Primeape|3\n|-unboost|p2b: Dragonite|def|1\n|-boost|p2b: Dragonite|spe|1\n|move|p2a: Incineroar|Knock Off|p1a: Indeedee\n|-supereffective|p1a: Indeedee\n|-damage|p1a: Indeedee|0 fnt\n|faint|p1a: Indeedee\n|\n|upkeep\n|\n|t:|1732652608\n|switch|p1a: Smeargle|Smeargle, L50, M|100\/100\n|turn|8\n|-message|HarshEuroBarge forfeited.\n|\n|win|btest0011\n|raw|HarshEuroBarge's rating: 1724 &rarr; <strong>1709<\/strong><br \/>(-15 for losing)\n|raw|btest0011's rating: 1809 &rarr; <strong>1824<\/strong><br \/>(+15 for winning)\n|l|\u2606HarshEuroBarge\n|player|p1|\n|l|\u2606btest0011\n|player|p2|\n","uploadtime":1732652623,"views":45,"formatid":"gen9vgc2024regh","rating":1709,"private":0,"password":null}