{"id":"gen9vgc2024regh-2251084552","format":"[Gen 9] VGC 2024 Reg H","players":["mlm2016","playthreerthree"],"log":"|j|\u2606mlm2016\n|j|\u2606playthreerthree\n|t:|1732577510\n|gametype|doubles\n|player|p1|mlm2016|juggler|1707\n|player|p2|playthreerthree|caitlin|1772\n|teamsize|p1|6\n|teamsize|p2|6\n|gen|9\n|tier|[Gen 9] VGC 2024 Reg H\n|rated|\n|rule|Species Clause: Limit one of each Pok\u00e9mon\n|rule|Item Clause: Limit 1 of each item\n|clearpoke\n|poke|p1|Gholdengo, L50|\n|poke|p1|Dragonite, L50, F|\n|poke|p1|Sneasler, L50, M|\n|poke|p1|Rillaboom, L50, F|\n|poke|p1|Basculegion, L50, M|\n|poke|p1|Kingambit, L50, M|\n|poke|p2|Yanmega, L50, M|\n|poke|p2|Ursaluna, L50, M|\n|poke|p2|Dragonite, L50, F|\n|poke|p2|Porygon2, L50|\n|poke|p2|Archaludon, L50, M|\n|poke|p2|Pelipper, L50, M|\n|teampreview|4\n|inactive|Battle timer is ON: inactive players will automatically lose when time's up. (requested by mlm2016)\n|inactive|playthreerthree also wants the timer to be on.\n|inactive|mlm2016 has 60 seconds left.\n|inactive|playthreerthree has 60 seconds left.\n|\n|t:|1732577559\n|start\n|switch|p1a: sorry in advance|Sneasler, L50, M|100\/100\n|switch|p1b: Dragon of Saginaw|Dragonite, L50, F|100\/100\n|switch|p2a: Yanmega|Yanmega, L50, M|100\/100\n|switch|p2b: Ursaluna|Ursaluna, L50, M|100\/100\n|turn|1\n|inactive|mlm2016 has 30 seconds left.\n|\n|t:|1732577593\n|switch|p1b: Caesar|Rillaboom, L50, F|100\/100\n|-fieldstart|move: Grassy Terrain|[from] ability: Grassy Surge|[of] p1b: Caesar\n|-enditem|p1a: sorry in advance|Grassy Seed\n|-boost|p1a: sorry in advance|def|1|[from] item: Grassy Seed\n|-terastallize|p2b: Ursaluna|Ghost\n|move|p1a: sorry in advance|Fake Out|p2a: Yanmega\n|-damage|p2a: Yanmega|83\/100\n|cant|p2a: Yanmega|flinch\n|move|p2b: Ursaluna|Facade|p1b: Caesar\n|-damage|p1b: Caesar|52\/100\n|\n|-heal|p1b: Caesar|58\/100|[from] Grassy Terrain\n|-ability|p2a: Yanmega|Speed Boost|boost\n|-boost|p2a: Yanmega|spe|1\n|-status|p2b: Ursaluna|brn|[from] item: Flame Orb\n|upkeep\n|turn|2\n|inactive|mlm2016 has 30 seconds left.\n|inactive|mlm2016 has 20 seconds left.\n|inactive|mlm2016 has 15 seconds left.\n|inactive|mlm2016 has 10 seconds left.\n|inactive|mlm2016 has 5 seconds left.\n|\n|t:|1732577646\n|move|p1a: sorry in advance|Dire Claw|p2a: Yanmega\n|-damage|p2a: Yanmega|21\/100\n|-status|p2a: Yanmega|psn\n|move|p2a: Yanmega|Bug Buzz|p1b: Caesar\n|-supereffective|p1b: Caesar\n|-damage|p1b: Caesar|0 fnt\n|faint|p1b: Caesar\n|move|p2b: Ursaluna|Headlong Rush|p1a: sorry in advance\n|-supereffective|p1a: sorry in advance\n|-damage|p1a: sorry in advance|0 fnt\n|-unboost|p2b: Ursaluna|def|1\n|-unboost|p2b: Ursaluna|spd|1\n|faint|p1a: sorry in advance\n|\n|-damage|p2a: Yanmega|9\/100 psn|[from] psn\n|-damage|p2b: Ursaluna|95\/100 brn|[from] brn\n|-ability|p2a: Yanmega|Speed Boost|boost\n|-boost|p2a: Yanmega|spe|1\n|upkeep\n|\n|t:|1732577662\n|switch|p1a: Dragon of Saginaw|Dragonite, L50, F|100\/100\n|switch|p1b: Pirahna 3D|Basculegion, L50, M|100\/100\n|turn|3\n|inactive|mlm2016 has 30 seconds left.\n|\n|t:|1732577696\n|move|p1a: Dragon of Saginaw|Extreme Speed|p2a: Yanmega\n|-damage|p2a: Yanmega|0 fnt\n|faint|p2a: Yanmega\n|move|p1b: Pirahna 3D|Last Respects|p2b: Ursaluna\n|-supereffective|p2b: Ursaluna\n|-damage|p2b: Ursaluna|0 fnt\n|faint|p2b: Ursaluna\n|\n|upkeep\n|\n|t:|1732577703\n|switch|p2a: Archaludon|Archaludon, L50, M|100\/100\n|switch|p2b: Pelipper|Pelipper, L50, M|100\/100\n|-weather|RainDance|[from] ability: Drizzle|[of] p2b: Pelipper\n|turn|4\n|inactive|mlm2016 has 30 seconds left.\n|\n|t:|1732577732\n|-terastallize|p1b: Pirahna 3D|Ghost\n|move|p1b: Pirahna 3D|Last Respects|p2a: Archaludon\n|-damage|p2a: Archaludon|36\/100\n|-ability|p2a: Archaludon|Stamina|boost\n|-boost|p2a: Archaludon|def|1\n|move|p2b: Pelipper|Surf|p1a: Dragon of Saginaw|[spread] p2a,p1a,p1b\n|-resisted|p2a: Archaludon\n|-resisted|p1a: Dragon of Saginaw\n|-damage|p2a: Archaludon|20\/100\n|-damage|p1a: Dragon of Saginaw|91\/100\n|-damage|p1b: Pirahna 3D|51\/100\n|-ability|p2a: Archaludon|Stamina|boost\n|-boost|p2a: Archaludon|def|1\n|move|p1a: Dragon of Saginaw|Scale Shot|p2b: Pelipper\n|-damage|p2b: Pelipper|82\/100\n|-damage|p2b: Pelipper|62\/100\n|-damage|p2b: Pelipper|44\/100\n|-damage|p2b: Pelipper|23\/100\n|-hitcount|p2b: Pelipper|4\n|-unboost|p1a: Dragon of Saginaw|def|1\n|-boost|p1a: Dragon of Saginaw|spe|1\n|move|p2a: Archaludon|Electro Shot||[still]\n|-prepare|p2a: Archaludon|Electro Shot\n|-boost|p2a: Archaludon|spa|1\n|-anim|p2a: Archaludon|Electro Shot|p1b: Pirahna 3D\n|-damage|p1b: Pirahna 3D|0 fnt\n|faint|p1b: Pirahna 3D\n|\n|-weather|RainDance|[upkeep]\n|-heal|p2a: Archaludon|27\/100|[from] Grassy Terrain\n|upkeep\n|turn|5\n|inactive|mlm2016 has 30 seconds left.\n|inactive|mlm2016 has 20 seconds left.\n|inactive|mlm2016 has 15 seconds left.\n|\n|t:|1732577776\n|move|p1a: Dragon of Saginaw|Scale Shot|p2a: Archaludon\n|-damage|p2a: Archaludon|21\/100\n|-ability|p2a: Archaludon|Stamina|boost\n|-boost|p2a: Archaludon|def|1\n|-damage|p2a: Archaludon|18\/100\n|-ability|p2a: Archaludon|Stamina|boost\n|-boost|p2a: Archaludon|def|1\n|-damage|p2a: Archaludon|13\/100\n|-ability|p2a: Archaludon|Stamina|boost\n|-boost|p2a: Archaludon|def|1\n|-damage|p2a: Archaludon|10\/100\n|-ability|p2a: Archaludon|Stamina|boost\n|-boost|p2a: Archaludon|def|1\n|-damage|p2a: Archaludon|7\/100\n|-hitcount|p2a: Archaludon|5\n|-unboost|p1a: Dragon of Saginaw|def|1\n|-boost|p1a: Dragon of Saginaw|spe|1\n|move|p2b: Pelipper|Surf|p1a: Dragon of Saginaw|[spread] p2a,p1a\n|-resisted|p2a: Archaludon\n|-resisted|p1a: Dragon of Saginaw\n|-crit|p1a: Dragon of Saginaw\n|-damage|p2a: Archaludon|0 fnt\n|-damage|p1a: Dragon of Saginaw|59\/100\n|faint|p2a: Archaludon\n|\n|-weather|RainDance|[upkeep]\n|-fieldend|move: Grassy Terrain\n|upkeep\n|turn|6\n|-message|playthreerthree forfeited.\n|\n|win|mlm2016\n|raw|mlm2016's rating: 1707 &rarr; <strong>1731<\/strong><br \/>(+24 for winning)\n|raw|playthreerthree's rating: 1772 &rarr; <strong>1748<\/strong><br \/>(-24 for losing)\n|l|\u2606playthreerthree\n|player|p2|\n|l|\u2606mlm2016\n|player|p1|\n","uploadtime":1732578015,"views":10,"formatid":"gen9vgc2024regh","rating":1731,"private":0,"password":null}