{"id":"gen9vgc2024regh-2252457450","format":"[Gen 9] VGC 2024 Reg H","players":["kojimuranishi","PSA-0"],"log":"|j|\u2606kojimuranishi\n|j|\u2606PSA-0\n|t:|1732753086\n|gametype|doubles\n|player|p1|kojimuranishi|1|1680\n|player|p2|PSA-0|iono|1693\n|teamsize|p1|6\n|teamsize|p2|6\n|gen|9\n|tier|[Gen 9] VGC 2024 Reg H\n|rated|\n|rule|Species Clause: Limit one of each Pok\u00e9mon\n|rule|Item Clause: Limit 1 of each item\n|clearpoke\n|poke|p1|Whimsicott, L50, F|\n|poke|p1|Ursaluna-Bloodmoon, L50, M|\n|poke|p1|Archaludon, L50, F|\n|poke|p1|Dragonite, L50, M|\n|poke|p1|Gholdengo, L50|\n|poke|p1|Volcarona, L50, M|\n|poke|p2|Indeedee-F, L50, F|\n|poke|p2|Hatterene, L50, F|\n|poke|p2|Torkoal, L50, M|\n|poke|p2|Ursaluna-Bloodmoon, L50, M|\n|poke|p2|Smeargle, L50, M|\n|poke|p2|Farigiraf, L50, M|\n|teampreview|4\n|inactive|Battle timer is ON: inactive players will automatically lose when time's up. (requested by PSA-0)\n|inactive|kojimuranishi has 60 seconds left.\n|\n|t:|1732753119\n|start\n|switch|p1a: Dragonite|Dragonite, L50, M|100\/100\n|switch|p1b: Gholdengo|Gholdengo, L50|100\/100\n|switch|p2a: Smeargle|Smeargle, L50, M, shiny|100\/100\n|switch|p2b: Farigiraf|Farigiraf, L50, M, shiny|100\/100\n|turn|1\n|inactive|kojimuranishi has 30 seconds left.\n|inactive|kojimuranishi has 20 seconds left.\n|inactive|kojimuranishi has 15 seconds left.\n|inactive|kojimuranishi has 10 seconds left.\n|\n|t:|1732753164\n|-terastallize|p1b: Gholdengo|Steel\n|-terastallize|p2b: Farigiraf|Fire\n|move|p2a: Smeargle|Fake Out|p1a: Dragonite\n|-damage|p1a: Dragonite|97\/100\n|move|p1b: Gholdengo|Make It Rain|p2a: Smeargle|[spread] p2a,p2b\n|-crit|p2a: Smeargle\n|-resisted|p2b: Farigiraf\n|-enditem|p2a: Smeargle|Focus Sash\n|-damage|p2a: Smeargle|1\/100\n|-damage|p2b: Farigiraf|56\/100\n|-unboost|p1b: Gholdengo|spa|1\n|cant|p1a: Dragonite|flinch\n|move|p2b: Farigiraf|Trick Room|p2b: Farigiraf\n|-fieldstart|move: Trick Room|[of] p2b: Farigiraf\n|\n|upkeep\n|turn|2\n|inactive|kojimuranishi has 30 seconds left.\n|inactive|PSA-0 has 30 seconds left.\n|inactive|PSA-0 has 20 seconds left.\n|\n|t:|1732753200\n|switch|p1a: Ursaluna|Ursaluna-Bloodmoon, L50, M|100\/100\n|switch|p1b: Archaludon|Archaludon, L50, F|100\/100\n|move|p2b: Farigiraf|Tera Blast|p1b: Archaludon|[anim] Tera Blast Fire\n|-damage|p1b: Archaludon|46\/100\n|move|p2a: Smeargle|Spore|p1a: Ursaluna\n|-status|p1a: Ursaluna|slp|[from] move: Spore\n|\n|upkeep\n|turn|3\n|\n|t:|1732753223\n|switch|p1a: Gholdengo|Gholdengo, L50, tera:Steel|100\/100\n|move|p1b: Archaludon|Protect|p1b: Archaludon\n|-singleturn|p1b: Archaludon|Protect\n|move|p2b: Farigiraf|Hyper Voice|p1b: Archaludon|[spread] p1a\n|-activate|p1b: Archaludon|move: Protect\n|-resisted|p1a: Gholdengo\n|-damage|p1a: Gholdengo|83\/100\n|-enditem|p2b: Farigiraf|Throat Spray\n|-boost|p2b: Farigiraf|spa|1|[from] item: Throat Spray\n|move|p2a: Smeargle|Spore|p1b: Archaludon\n|-activate|p1b: Archaludon|move: Protect\n|\n|upkeep\n|turn|4\n|inactive|PSA-0 has 30 seconds left.\n|\n|t:|1732753248\n|switch|p1b: Ursaluna|Ursaluna-Bloodmoon, L50, M|100\/100 slp\n|move|p2b: Farigiraf|Tera Blast|p1b: Ursaluna|[anim] Tera Blast Fire\n|-damage|p1b: Ursaluna|27\/100 slp\n|move|p2a: Smeargle|Endeavor|p1a: Gholdengo\n|-damage|p1a: Gholdengo|1\/100\n|move|p1a: Gholdengo|Power Gem|p2b: Farigiraf\n|-supereffective|p2b: Farigiraf\n|-damage|p2b: Farigiraf|0 fnt\n|faint|p2b: Farigiraf\n|\n|upkeep\n|j| Suffixussy\n|\n|t:|1732753266\n|switch|p2b: Torkoal|Torkoal, L50, M, shiny|100\/100\n|-weather|SunnyDay|[from] ability: Drought|[of] p2b: Torkoal\n|turn|5\n|\n|t:|1732753276\n|cant|p1b: Ursaluna|slp\n|move|p2b: Torkoal|Eruption|p1a: Gholdengo|[spread] p1a,p1b\n|-supereffective|p1a: Gholdengo\n|-crit|p1b: Ursaluna\n|-damage|p1a: Gholdengo|0 fnt\n|-damage|p1b: Ursaluna|0 fnt\n|faint|p1a: Gholdengo\n|faint|p1b: Ursaluna\n|move|p2a: Smeargle|Spore|p1: Gholdengo|[notarget]\n|-fail|p2a: Smeargle\n|\n|-weather|SunnyDay|[upkeep]\n|-fieldend|move: Trick Room\n|upkeep\n|\n|t:|1732753290\n|switch|p1a: Dragonite|Dragonite, L50, M|97\/100\n|switch|p1b: Archaludon|Archaludon, L50, F|46\/100\n|turn|6\n|\n|t:|1732753309\n|move|p1a: Dragonite|Extreme Speed|p2a: Smeargle\n|-damage|p2a: Smeargle|0 fnt\n|faint|p2a: Smeargle\n|move|p1b: Archaludon|Meteor Beam||[still]\n|-prepare|p1b: Archaludon|Meteor Beam\n|-boost|p1b: Archaludon|spa|1\n|-enditem|p1b: Archaludon|Power Herb\n|-anim|p1b: Archaludon|Meteor Beam|p2b: Torkoal\n|-supereffective|p2b: Torkoal\n|-damage|p2b: Torkoal|0 fnt\n|faint|p2b: Torkoal\n|\n|-weather|SunnyDay|[upkeep]\n|upkeep\n|\n|t:|1732753323\n|switch|p2b: Ursaluna|Ursaluna-Bloodmoon, L50, M|100\/100\n|turn|7\n|c|\u2606PSA-0|i didnt even know that got meteor beam\n|inactive|PSA-0 has 30 seconds left.\n|j| dtham1217\n|\n|t:|1732753351\n|move|p1a: Dragonite|Extreme Speed|p2b: Ursaluna\n|-damage|p2b: Ursaluna|70\/100\n|move|p1b: Archaludon|Draco Meteor|p2b: Ursaluna\n|-damage|p2b: Ursaluna|0 fnt\n|-unboost|p1b: Archaludon|spa|2\n|faint|p2b: Ursaluna\n|\n|win|kojimuranishi\n|raw|kojimuranishi's rating: 1680 &rarr; <strong>1701<\/strong><br \/>(+21 for winning)\n|raw|PSA-0's rating: 1693 &rarr; <strong>1672<\/strong><br \/>(-21 for losing)\n|l|\u2606PSA-0\n|player|p2|\n|l| Suffixussy\n|l|\u2606kojimuranishi\n|player|p1|\n|l| dtham1217\n","uploadtime":1732753526,"views":20,"formatid":"gen9vgc2024regh","rating":1672,"private":0,"password":null}