{"id":"gen9vgc2024regh-2252959533","format":"[Gen 9] VGC 2024 Reg H","players":["CrescentFallen","CarryTheBoats"],"log":"|j|\u2606CrescentFallen\n|j|\u2606CarryTheBoats\n|t:|1732823460\n|gametype|doubles\n|player|p1|CrescentFallen|jacq|1728\n|player|p2|CarryTheBoats|crasherwake|1834\n|teamsize|p1|6\n|teamsize|p2|6\n|gen|9\n|tier|[Gen 9] VGC 2024 Reg H\n|rated|\n|rule|Species Clause: Limit one of each Pok\u00e9mon\n|rule|Item Clause: Limit 1 of each item\n|clearpoke\n|poke|p1|Garchomp, L50, M|\n|poke|p1|Gholdengo, L50|\n|poke|p1|Salamence, L50, F|\n|poke|p1|Rillaboom, L50, F|\n|poke|p1|Volcarona, L50, M|\n|poke|p1|Tyranitar, L50, F|\n|poke|p2|Archaludon, L50, F|\n|poke|p2|Pelipper, L50, F|\n|poke|p2|Amoonguss, L50, F|\n|poke|p2|Incineroar, L50, M|\n|poke|p2|Basculegion, L50, M|\n|poke|p2|Dragonite, L50, M|\n|teampreview|4\n|inactive|Battle timer is ON: inactive players will automatically lose when time's up. (requested by CrescentFallen)\n|\n|t:|1732823487\n|start\n|switch|p1a: Volcarona|Volcarona, L50, M|100\/100\n|switch|p1b: Gholdengo|Gholdengo, L50|100\/100\n|switch|p2a: Incineroar|Incineroar, L50, M, shiny|100\/100\n|switch|p2b: Dragonite|Dragonite, L50, M|100\/100\n|-ability|p2a: Incineroar|Intimidate|boost\n|-unboost|p1a: Volcarona|atk|1\n|-unboost|p1b: Gholdengo|atk|1\n|turn|1\n|inactive|CrescentFallen has 30 seconds left.\n|\n|t:|1732823514\n|switch|p1b: Salamence|Salamence, L50, F|100\/100\n|-ability|p1b: Salamence|Intimidate|boost\n|-unboost|p2a: Incineroar|atk|1\n|-unboost|p2b: Dragonite|atk|1\n|move|p2b: Dragonite|Scale Shot|p1b: Salamence|[miss]\n|-miss|p2b: Dragonite|p1b: Salamence\n|move|p1a: Volcarona|Will-O-Wisp|p2b: Dragonite|[miss]\n|-miss|p1a: Volcarona|p2b: Dragonite\n|move|p2a: Incineroar|Knock Off|p1b: Salamence\n|-damage|p1b: Salamence|64\/100\n|-enditem|p1b: Salamence|Mirror Herb|[from] move: Knock Off|[of] p2a: Incineroar\n|\n|upkeep\n|turn|2\n|c|\u2606CrescentFallen|lol\n|inactive|CarryTheBoats has 30 seconds left.\n|\n|t:|1732823541\n|move|p2b: Dragonite|Protect|p2b: Dragonite\n|-singleturn|p2b: Dragonite|Protect\n|move|p1b: Salamence|Draco Meteor|p2a: Incineroar\n|-damage|p2a: Incineroar|38\/100\n|-unboost|p1b: Salamence|spa|2\n|move|p1a: Volcarona|Will-O-Wisp|p2b: Dragonite\n|-activate|p2b: Dragonite|move: Protect\n|move|p2a: Incineroar|Parting Shot|p1a: Volcarona\n|-unboost|p1a: Volcarona|atk|1\n|-unboost|p1a: Volcarona|spa|1\n|j| AiresICantReadChat\n|\n|t:|1732823553\n|switch|p2a: Archaludon|Archaludon, L50, F, shiny|100\/100|[from] Parting Shot\n|\n|upkeep\n|turn|3\n|\n|t:|1732823568\n|switch|p1b: Gholdengo|Gholdengo, L50|100\/100\n|switch|p2b: Pelipper|Pelipper, L50, F|100\/100\n|-weather|RainDance|[from] ability: Drizzle|[of] p2b: Pelipper\n|switch|p1a: Tyranitar|Tyranitar, L50, F|100\/100\n|-weather|Sandstorm|[from] ability: Sand Stream|[of] p1a: Tyranitar\n|move|p2a: Archaludon|Electro Shot||[still]\n|-prepare|p2a: Archaludon|Electro Shot\n|-boost|p2a: Archaludon|spa|1\n|\n|-weather|Sandstorm|[upkeep]\n|-damage|p2b: Pelipper|95\/100|[from] Sandstorm\n|upkeep\n|turn|4\n|\n|t:|1732823581\n|move|p1b: Gholdengo|Shadow Ball|p2a: Archaludon\n|-damage|p2a: Archaludon|57\/100\n|-unboost|p2a: Archaludon|spd|1\n|-ability|p2a: Archaludon|Stamina|boost\n|-boost|p2a: Archaludon|def|1\n|-damage|p1b: Gholdengo|91\/100|[from] item: Life Orb\n|move|p2a: Archaludon|Electro Shot|p1a: Tyranitar|[from]lockedmove\n|-damage|p1a: Tyranitar|63\/100\n|move|p2b: Pelipper|Tailwind|p2b: Pelipper\n|-sidestart|p2: CarryTheBoats|move: Tailwind\n|move|p1a: Tyranitar|Knock Off|p2a: Archaludon\n|-damage|p2a: Archaludon|32\/100\n|-ability|p2a: Archaludon|Stamina|boost\n|-boost|p2a: Archaludon|def|1\n|-enditem|p2a: Archaludon|Assault Vest|[from] move: Knock Off|[of] p1a: Tyranitar\n|\n|-weather|Sandstorm|[upkeep]\n|-damage|p2b: Pelipper|89\/100|[from] Sandstorm\n|upkeep\n|turn|5\n|\n|t:|1732823593\n|switch|p2b: Incineroar|Incineroar, L50, M, shiny|38\/100\n|-ability|p2b: Incineroar|Intimidate|boost\n|-fail|p1a: Tyranitar|unboost|[from] item: Clear Amulet|[of] p1a: Tyranitar\n|-unboost|p1b: Gholdengo|atk|1\n|switch|p1a: Volcarona|Volcarona, L50, M|100\/100\n|move|p2a: Archaludon|Body Press|p1a: Volcarona\n|-resisted|p1a: Volcarona\n|-damage|p1a: Volcarona|79\/100\n|move|p1b: Gholdengo|Make It Rain|p2b: Incineroar|[spread] p2a,p2b\n|-resisted|p2a: Archaludon\n|-resisted|p2b: Incineroar\n|-damage|p2a: Archaludon|0 fnt\n|-damage|p2b: Incineroar|9\/100\n|-unboost|p1b: Gholdengo|spa|1\n|faint|p2a: Archaludon\n|-damage|p1b: Gholdengo|81\/100|[from] item: Life Orb\n|\n|-weather|Sandstorm|[upkeep]\n|-damage|p1a: Volcarona|73\/100|[from] Sandstorm\n|upkeep\n|\n|t:|1732823607\n|switch|p2a: Pelipper|Pelipper, L50, F|89\/100\n|-weather|RainDance|[from] ability: Drizzle|[of] p2a: Pelipper\n|turn|6\n|\n|t:|1732823617\n|switch|p1a: Tyranitar|Tyranitar, L50, F|63\/100\n|-weather|Sandstorm|[from] ability: Sand Stream|[of] p1a: Tyranitar\n|move|p1b: Gholdengo|Protect|p1b: Gholdengo\n|-singleturn|p1b: Gholdengo|Protect\n|move|p2a: Pelipper|Weather Ball|p1a: Tyranitar\n|-damage|p1a: Tyranitar|44\/100\n|move|p2b: Incineroar|Knock Off|p1b: Gholdengo\n|-activate|p1b: Gholdengo|move: Protect\n|\n|-weather|Sandstorm|[upkeep]\n|-damage|p2a: Pelipper|83\/100|[from] Sandstorm\n|upkeep\n|turn|7\n|\n|t:|1732823625\n|switch|p1b: Salamence|Salamence, L50, F|64\/100\n|-ability|p1b: Salamence|Intimidate|boost\n|-unboost|p2a: Pelipper|atk|1\n|-unboost|p2b: Incineroar|atk|1\n|move|p2a: Pelipper|Hurricane|p1a: Tyranitar\n|-resisted|p1a: Tyranitar\n|-damage|p1a: Tyranitar|28\/100\n|-start|p1a: Tyranitar|confusion\n|move|p2b: Incineroar|Knock Off|p1b: Salamence\n|-damage|p1b: Salamence|39\/100\n|-activate|p1a: Tyranitar|confusion\n|move|p1a: Tyranitar|Rock Slide|p2b: Incineroar|[spread] p2a,p2b\n|-supereffective|p2a: Pelipper\n|-supereffective|p2b: Incineroar\n|-damage|p2a: Pelipper|15\/100\n|-damage|p2b: Incineroar|0 fnt\n|faint|p2b: Incineroar\n|\n|-weather|Sandstorm|[upkeep]\n|-damage|p2a: Pelipper|9\/100|[from] Sandstorm\n|-damage|p1b: Salamence|33\/100|[from] Sandstorm\n|-sideend|p2: CarryTheBoats|move: Tailwind\n|upkeep\n|\n|t:|1732823628\n|switch|p2b: Dragonite|Dragonite, L50, M|100\/100\n|turn|8\n|\n|t:|1732823641\n|-terastallize|p2b: Dragonite|Fairy\n|move|p2a: Pelipper|Protect|p2a: Pelipper\n|-singleturn|p2a: Pelipper|Protect\n|move|p1b: Salamence|Breaking Swipe|p2b: Dragonite|[spread] \n|-activate|p2a: Pelipper|move: Protect\n|-immune|p2b: Dragonite\n|move|p2b: Dragonite|Scale Shot|p1b: Salamence|[miss]\n|-miss|p2b: Dragonite|p1b: Salamence\n|-activate|p1a: Tyranitar|confusion\n|move|p1a: Tyranitar|Rock Slide|p2b: Dragonite|[spread] p2b\n|-activate|p2a: Pelipper|move: Protect\n|-damage|p2b: Dragonite|85\/100\n|\n|-weather|Sandstorm|[upkeep]\n|-damage|p1b: Salamence|27\/100|[from] Sandstorm\n|-damage|p2b: Dragonite|79\/100|[from] Sandstorm\n|-damage|p2a: Pelipper|3\/100|[from] Sandstorm\n|upkeep\n|turn|9\n|-message|CarryTheBoats forfeited.\n|\n|win|CrescentFallen\n|raw|CrescentFallen's rating: 1728 &rarr; <strong>1754<\/strong><br \/>(+26 for winning)\n|raw|CarryTheBoats's rating: 1834 &rarr; <strong>1808<\/strong><br \/>(-26 for losing)\n|l|\u2606CarryTheBoats\n|player|p2|\n|l|\u2606CrescentFallen\n|player|p1|\n|l| AiresICantReadChat\n|j|\u2606CarryTheBoats\n|player|p2|CarryTheBoats|crasherwake|\n","uploadtime":1732823831,"views":47,"formatid":"gen9vgc2024regh","rating":1754,"private":0,"password":null}