{"id":"gen9vgc2024regh-2252958129","format":"[Gen 9] VGC 2024 Reg H","players":["PituTesteosXD","Bjorn1425"],"log":"|j|\u2606PituTesteosXD\n|j|\u2606Bjorn1425\n|t:|1732823306\n|gametype|doubles\n|player|p1|PituTesteosXD|brycen|1661\n|player|p2|Bjorn1425|169|1704\n|teamsize|p1|6\n|teamsize|p2|6\n|gen|9\n|tier|[Gen 9] VGC 2024 Reg H\n|rated|\n|rule|Species Clause: Limit one of each Pok\u00e9mon\n|rule|Item Clause: Limit 1 of each item\n|clearpoke\n|poke|p1|Archaludon, L50, M|\n|poke|p1|Talonflame, L50, M|\n|poke|p1|Ursaluna, L50, M|\n|poke|p1|Pelipper, L50, M|\n|poke|p1|Amoonguss, L50, M|\n|poke|p1|Annihilape, L50, M|\n|poke|p2|Gholdengo, L50|\n|poke|p2|Incineroar, L50, F|\n|poke|p2|Sneasler, L50, F|\n|poke|p2|Dragonite, L50, F|\n|poke|p2|Amoonguss, L50, F|\n|poke|p2|Ursaluna-Bloodmoon, L50, M|\n|teampreview|4\n|inactive|Battle timer is ON: inactive players will automatically lose when time's up. (requested by PituTesteosXD)\n|inactive|PituTesteosXD has 60 seconds left.\n|\n|t:|1732823338\n|start\n|switch|p1a: Haborym|Talonflame, L50, M|100\/100\n|switch|p1b: Ursa-sun|Ursaluna, L50, M, shiny|100\/100\n|switch|p2a: Incineroar|Incineroar, L50, F, shiny|100\/100\n|switch|p2b: Dragonite|Dragonite, L50, F, shiny|100\/100\n|-ability|p2a: Incineroar|Intimidate|boost\n|-unboost|p1a: Haborym|atk|1\n|-unboost|p1b: Ursa-sun|atk|1\n|turn|1\n|inactive|PituTesteosXD has 30 seconds left.\n|\n|t:|1732823370\n|move|p1b: Ursa-sun|Protect|p1b: Ursa-sun\n|-singleturn|p1b: Ursa-sun|Protect\n|move|p1a: Haborym|Tailwind|p1a: Haborym\n|-sidestart|p1: PituTesteosXD|move: Tailwind\n|move|p2b: Dragonite|Tailwind|p2b: Dragonite\n|-sidestart|p2: Bjorn1425|move: Tailwind\n|move|p2a: Incineroar|Parting Shot|p1a: Haborym\n|-unboost|p1a: Haborym|atk|1\n|-unboost|p1a: Haborym|spa|1\n|\n|t:|1732823378\n|switch|p2a: Ursaluna|Ursaluna-Bloodmoon, L50, M|100\/100|[from] Parting Shot\n|\n|-status|p1b: Ursa-sun|brn|[from] item: Flame Orb\n|upkeep\n|turn|2\n|\n|t:|1732823389\n|switch|p1a: Archaludamon|Archaludon, L50, M, shiny|100\/100\n|switch|p2b: Incineroar|Incineroar, L50, F, shiny|100\/100\n|-ability|p2b: Incineroar|Intimidate|boost\n|-unboost|p1a: Archaludamon|atk|1\n|-unboost|p1b: Ursa-sun|atk|1\n|switch|p1b: GreenEater|Pelipper, L50, M, shiny|100\/100\n|-weather|RainDance|[from] ability: Drizzle|[of] p1b: GreenEater\n|-terastallize|p2a: Ursaluna|Normal\n|move|p2a: Ursaluna|Blood Moon|p1b: GreenEater\n|-enditem|p1b: GreenEater|Focus Sash\n|-damage|p1b: GreenEater|1\/100\n|\n|-weather|RainDance|[upkeep]\n|upkeep\n|turn|3\n|\n|t:|1732823407\n|switch|p1a: Haborym|Talonflame, L50, M|100\/100\n|move|p1b: GreenEater|Protect|p1b: GreenEater\n|-singleturn|p1b: GreenEater|Protect\n|move|p2a: Ursaluna|Vacuum Wave|p1b: GreenEater\n|-activate|p1b: GreenEater|move: Protect\n|move|p2b: Incineroar|Parting Shot|p1a: Haborym\n|-unboost|p1a: Haborym|atk|1\n|-unboost|p1a: Haborym|spa|1\n|j| AiresICantReadChat\n|\n|t:|1732823415\n|switch|p2b: Gholdengo|Gholdengo, L50|100\/100|[from] Parting Shot\n|\n|-weather|RainDance|[upkeep]\n|upkeep\n|turn|4\n|\n|t:|1732823428\n|switch|p1b: Archaludamon|Archaludon, L50, M, shiny|100\/100\n|move|p1a: Haborym|Dual Wingbeat|p1b: Archaludamon\n|-resisted|p1b: Archaludamon\n|-damage|p1b: Archaludamon|97\/100\n|-ability|p1b: Archaludamon|Stamina|boost\n|-boost|p1b: Archaludamon|def|1\n|-resisted|p1b: Archaludamon\n|-damage|p1b: Archaludamon|95\/100\n|-ability|p1b: Archaludamon|Stamina|boost\n|-boost|p1b: Archaludamon|def|1\n|-hitcount|p1b: Archaludamon|2\n|move|p2a: Ursaluna|Vacuum Wave|p1b: Archaludamon\n|-supereffective|p1b: Archaludamon\n|-damage|p1b: Archaludamon|72\/100\n|-ability|p1b: Archaludamon|Stamina|boost\n|-boost|p1b: Archaludamon|def|1\n|move|p2b: Gholdengo|Shadow Ball|p1a: Haborym\n|-damage|p1a: Haborym|20\/100\n|-damage|p2b: Gholdengo|91\/100|[from] item: Life Orb\n|\n|-weather|RainDance|[upkeep]\n|-sideend|p1: PituTesteosXD|move: Tailwind\n|-sideend|p2: Bjorn1425|move: Tailwind\n|upkeep\n|turn|5\n|\n|t:|1732823439\n|move|p1a: Haborym|Tailwind|p1a: Haborym\n|-sidestart|p1: PituTesteosXD|move: Tailwind\n|move|p1b: Archaludamon|Body Press|p2a: Ursaluna\n|-supereffective|p2a: Ursaluna\n|-damage|p2a: Ursaluna|0 fnt\n|faint|p2a: Ursaluna\n|move|p2b: Gholdengo|Shadow Ball|p1b: Archaludamon\n|-damage|p1b: Archaludamon|35\/100\n|-ability|p1b: Archaludamon|Stamina|boost\n|-boost|p1b: Archaludamon|def|1\n|-damage|p2b: Gholdengo|81\/100|[from] item: Life Orb\n|\n|-weather|RainDance|[upkeep]\n|upkeep\n|\n|t:|1732823445\n|switch|p2a: Dragonite|Dragonite, L50, F, shiny|100\/100\n|turn|6\n|\n|t:|1732823454\n|move|p1a: Haborym|Taunt|p2a: Dragonite\n|-start|p2a: Dragonite|move: Taunt\n|move|p1b: Archaludamon|Electro Shot||[still]\n|-prepare|p1b: Archaludamon|Electro Shot\n|-boost|p1b: Archaludamon|spa|1\n|-anim|p1b: Archaludamon|Electro Shot|p2b: Gholdengo\n|-damage|p2b: Gholdengo|9\/100\n|move|p2b: Gholdengo|Shadow Ball|p1b: Archaludamon\n|-damage|p1b: Archaludamon|0 fnt\n|faint|p1b: Archaludamon\n|-damage|p2b: Gholdengo|0 fnt|[from] item: Life Orb\n|faint|p2b: Gholdengo\n|cant|p2a: Dragonite|move: Taunt|Tailwind\n|\n|-weather|none\n|upkeep\n|\n|t:|1732823462\n|switch|p2b: Incineroar|Incineroar, L50, F, shiny|100\/100\n|switch|p1b: Ursa-sun|Ursaluna, L50, M, shiny|100\/100 brn\n|-ability|p2b: Incineroar|Intimidate|boost\n|-unboost|p1a: Haborym|atk|1\n|-unboost|p1b: Ursa-sun|atk|1\n|turn|7\n|\n|t:|1732823472\n|switch|p1b: GreenEater|Pelipper, L50, M, shiny|1\/100\n|-weather|RainDance|[from] ability: Drizzle|[of] p1b: GreenEater\n|move|p1a: Haborym|Dual Wingbeat|p2a: Dragonite\n|-damage|p2a: Dragonite|96\/100\n|-damage|p2a: Dragonite|87\/100\n|-hitcount|p2a: Dragonite|2\n|move|p2a: Dragonite|Scale Shot|p1b: GreenEater\n|-damage|p1b: GreenEater|0 fnt\n|faint|p1b: GreenEater\n|-hitcount|p1: GreenEater|1\n|-unboost|p2a: Dragonite|def|1\n|-boost|p2a: Dragonite|spe|1\n|move|p2b: Incineroar|Knock Off|p1a: Haborym\n|-crit|p1a: Haborym\n|-damage|p1a: Haborym|0 fnt\n|-enditem|p1a: Haborym|Covert Cloak|[from] move: Knock Off|[of] p2b: Incineroar\n|faint|p1a: Haborym\n|\n|-weather|RainDance|[upkeep]\n|upkeep\n|\n|t:|1732823479\n|switch|p1a: Ursa-sun|Ursaluna, L50, M, shiny|100\/100 brn\n|turn|8\n|\n|t:|1732823490\n|-terastallize|p1a: Ursa-sun|Fairy\n|move|p2a: Dragonite|Scale Shot|p1a: Ursa-sun\n|-immune|p1a: Ursa-sun\n|move|p1a: Ursa-sun|Facade|p2b: Incineroar\n|-damage|p2b: Incineroar|0 fnt\n|faint|p2b: Incineroar\n|\n|-weather|RainDance|[upkeep]\n|-damage|p1a: Ursa-sun|94\/100 brn|[from] brn\n|-end|p2a: Dragonite|move: Taunt\n|-sideend|p1: PituTesteosXD|move: Tailwind\n|upkeep\n|turn|9\n|-message|Bjorn1425 forfeited.\n|\n|win|PituTesteosXD\n|raw|PituTesteosXD's rating: 1661 &rarr; <strong>1683<\/strong><br \/>(+22 for winning)\n|raw|Bjorn1425's rating: 1704 &rarr; <strong>1682<\/strong><br \/>(-22 for losing)\n|l|\u2606Bjorn1425\n|player|p2|\n|l|\u2606PituTesteosXD\n|player|p1|\n|l| AiresICantReadChat\n","uploadtime":1732823523,"views":6,"formatid":"gen9vgc2024regh","rating":1682,"private":0,"password":null}