{"id":"gen9vgc2024regh-2252725446","format":"[Gen 9] VGC 2024 Reg H","players":["bieiup","Djjwjwwjj"],"log":"|j|\u2606bieiup\n|j|\u2606Djjwjwwjj\n|t:|1732795348\n|gametype|doubles\n|player|p1|bieiup|lillie-z|1771\n|player|p2|Djjwjwwjj|266|1803\n|teamsize|p1|6\n|teamsize|p2|6\n|gen|9\n|tier|[Gen 9] VGC 2024 Reg H\n|rated|\n|rule|Species Clause: Limit one of each Pok\u00e9mon\n|rule|Item Clause: Limit 1 of each item\n|clearpoke\n|poke|p1|Sableye, L50, M|\n|poke|p1|Dondozo, L50, F|\n|poke|p1|Sylveon, L50, M|\n|poke|p1|Dragonite, L50, M|\n|poke|p1|Gholdengo, L50|\n|poke|p1|Ursaluna-Bloodmoon, L50, M|\n|poke|p2|Palafin, L50, F|\n|poke|p2|Pelipper, L50, F|\n|poke|p2|Electabuzz, L50, F|\n|poke|p2|Rillaboom, L50, F|\n|poke|p2|Incineroar, L50, F|\n|poke|p2|Gholdengo, L50|\n|teampreview|4\n|inactive|Battle timer is ON: inactive players will automatically lose when time's up. (requested by Djjwjwwjj)\n|inactive|Djjwjwwjj has 60 seconds left.\n|\n|t:|1732795395\n|start\n|switch|p1a: Sableye|Sableye, L50, M|100\/100\n|switch|p1b: Sylveon|Sylveon, L50, M|100\/100\n|switch|p2a: Electabuzz|Electabuzz, L50, F|100\/100\n|switch|p2b: Gholdengo|Gholdengo, L50|100\/100\n|turn|1\n|\n|t:|1732795408\n|-terastallize|p1b: Sylveon|Fire\n|move|p1a: Sableye|Fake Out|p2a: Electabuzz\n|-damage|p2a: Electabuzz|93\/100\n|cant|p2a: Electabuzz|flinch\n|move|p2b: Gholdengo|Nasty Plot|p2b: Gholdengo\n|-boost|p2b: Gholdengo|spa|2\n|move|p1b: Sylveon|Hyper Voice|p2a: Electabuzz|[spread] p2a,p2b\n|-resisted|p2b: Gholdengo\n|-damage|p2a: Electabuzz|59\/100\n|-damage|p2b: Gholdengo|81\/100\n|-enditem|p1b: Sylveon|Throat Spray\n|-boost|p1b: Sylveon|spa|1|[from] item: Throat Spray\n|\n|-heal|p2b: Gholdengo|87\/100|[from] item: Leftovers\n|upkeep\n|turn|2\n|inactive|Djjwjwwjj has 30 seconds left.\n|\n|t:|1732795435\n|move|p1a: Sableye|Light Screen|p1a: Sableye\n|-sidestart|p1: bieiup|move: Light Screen\n|move|p2a: Electabuzz|Light Screen|p2a: Electabuzz\n|-sidestart|p2: Djjwjwwjj|move: Light Screen\n|move|p2b: Gholdengo|Nasty Plot|p2b: Gholdengo\n|-boost|p2b: Gholdengo|spa|2\n|move|p1b: Sylveon|Hyper Voice|p2b: Gholdengo|[spread] p2a,p2b\n|-resisted|p2b: Gholdengo\n|-damage|p2a: Electabuzz|29\/100\n|-damage|p2b: Gholdengo|68\/100\n|\n|-heal|p2b: Gholdengo|74\/100|[from] item: Leftovers\n|upkeep\n|turn|3\n|\n|t:|1732795456\n|move|p2a: Electabuzz|Follow Me|p2a: Electabuzz\n|-singleturn|p2a: Electabuzz|move: Follow Me\n|move|p1a: Sableye|Encore|p2a: Electabuzz\n|-start|p2a: Electabuzz|Encore\n|move|p2b: Gholdengo|Shadow Ball|p1b: Sylveon\n|-damage|p1b: Sylveon|47\/100\n|move|p1b: Sylveon|Tera Blast|p2a: Electabuzz|[anim] Tera Blast Fire\n|-crit|p2a: Electabuzz\n|-damage|p2a: Electabuzz|0 fnt\n|faint|p2a: Electabuzz\n|\n|-heal|p2b: Gholdengo|81\/100|[from] item: Leftovers\n|upkeep\n|\n|t:|1732795472\n|switch|p2a: Rillaboom|Rillaboom, L50, F|100\/100\n|-fieldstart|move: Grassy Terrain|[from] ability: Grassy Surge|[of] p2a: Rillaboom\n|turn|4\n|\n|t:|1732795483\n|move|p1a: Sableye|Encore|p1b: Sylveon\n|-start|p1b: Sylveon|Encore\n|move|p1b: Sylveon|Tera Blast|p2b: Gholdengo|[anim] Tera Blast Fire\n|-supereffective|p2b: Gholdengo\n|-damage|p2b: Gholdengo|5\/100\n|move|p2b: Gholdengo|Shadow Ball|p1b: Sylveon\n|-damage|p1b: Sylveon|0 fnt\n|faint|p1b: Sylveon\n|move|p2a: Rillaboom|Wood Hammer|p1a: Sableye\n|-enditem|p1a: Sableye|Focus Sash\n|-damage|p1a: Sableye|1\/100\n|-damage|p2a: Rillaboom|75\/100|[from] Recoil\n|\n|-heal|p2b: Gholdengo|11\/100|[from] Grassy Terrain\n|-heal|p2b: Gholdengo|18\/100|[from] item: Leftovers\n|-heal|p2a: Rillaboom|81\/100|[from] Grassy Terrain\n|-heal|p1a: Sableye|7\/100|[from] Grassy Terrain\n|upkeep\n|\n|t:|1732795490\n|switch|p1b: Dragonite|Dragonite, L50, M|100\/100\n|turn|5\n|\n|t:|1732795512\n|switch|p2a: Incineroar|Incineroar, L50, F|100\/100\n|-ability|p2a: Incineroar|Intimidate|boost\n|-unboost|p1a: Sableye|atk|1\n|-unboost|p1b: Dragonite|atk|1\n|move|p2b: Gholdengo|Protect|p2b: Gholdengo\n|-singleturn|p2b: Gholdengo|Protect\n|move|p1a: Sableye|Will-O-Wisp|p2a: Incineroar\n|-immune|p2a: Incineroar\n|move|p1b: Dragonite|Aerial Ace|p2a: Incineroar\n|-damage|p2a: Incineroar|78\/100\n|\n|-heal|p2b: Gholdengo|24\/100|[from] Grassy Terrain\n|-heal|p2b: Gholdengo|30\/100|[from] item: Leftovers\n|-heal|p1a: Sableye|13\/100|[from] Grassy Terrain\n|-heal|p2a: Incineroar|84\/100|[from] Grassy Terrain\n|upkeep\n|turn|6\n|\n|t:|1732795532\n|switch|p1b: Dondozo|Dondozo, L50, F|100\/100\n|move|p2a: Incineroar|Fake Out|p1b: Dondozo\n|-damage|p1b: Dondozo|92\/100\n|move|p1a: Sableye|Encore|p2a: Incineroar\n|-hint|Since gen 7, Dark is immune to Prankster moves.\n|-immune|p2a: Incineroar\n|move|p2b: Gholdengo|Make It Rain|p1a: Sableye|[spread] p1a,p1b\n|-resisted|p1b: Dondozo\n|-damage|p1a: Sableye|0 fnt\n|-damage|p1b: Dondozo|81\/100\n|-unboost|p2b: Gholdengo|spa|1\n|faint|p1a: Sableye\n|\n|-heal|p2b: Gholdengo|36\/100|[from] Grassy Terrain\n|-heal|p2b: Gholdengo|43\/100|[from] item: Leftovers\n|-heal|p2a: Incineroar|90\/100|[from] Grassy Terrain\n|-heal|p1b: Dondozo|88\/100|[from] Grassy Terrain\n|-sideend|p2: Djjwjwwjj|move: Light Screen\n|-sideend|p1: bieiup|move: Light Screen\n|upkeep\n|\n|t:|1732795534\n|switch|p1a: Dragonite|Dragonite, L50, M|100\/100\n|turn|7\n|inactive|Djjwjwwjj has 30 seconds left.\n|\n|t:|1732795563\n|move|p2b: Gholdengo|Protect|p2b: Gholdengo\n|-singleturn|p2b: Gholdengo|Protect\n|move|p1a: Dragonite|Outrage|p2a: Incineroar\n|-damage|p2a: Incineroar|18\/100\n|move|p2a: Incineroar|Parting Shot|p1a: Dragonite\n|-unboost|p1a: Dragonite|atk|1\n|-unboost|p1a: Dragonite|spa|1\n|\n|t:|1732795571\n|switch|p2a: Rillaboom|Rillaboom, L50, F|81\/100|[from] Parting Shot\n|move|p1b: Dondozo|Fissure|p2b: Gholdengo\n|-activate|p2b: Gholdengo|move: Protect\n|\n|-heal|p2b: Gholdengo|49\/100|[from] Grassy Terrain\n|-heal|p2b: Gholdengo|55\/100|[from] item: Leftovers\n|-heal|p2a: Rillaboom|87\/100|[from] Grassy Terrain\n|-heal|p1b: Dondozo|94\/100|[from] Grassy Terrain\n|upkeep\n|turn|8\n|\n|t:|1732795587\n|move|p2a: Rillaboom|Fake Out|p1a: Dragonite\n|-damage|p1a: Dragonite|93\/100\n|move|p2b: Gholdengo|Make It Rain|p1a: Dragonite|[spread] p1a,p1b\n|-resisted|p1b: Dondozo\n|-damage|p1a: Dragonite|18\/100\n|-damage|p1b: Dondozo|79\/100\n|-unboost|p2b: Gholdengo|spa|1\n|cant|p1a: Dragonite|flinch\n|move|p1b: Dondozo|Fissure|p2a: Rillaboom|[miss]\n|-miss|p1b: Dondozo|p2a: Rillaboom\n|\n|-heal|p2b: Gholdengo|61\/100|[from] Grassy Terrain\n|-heal|p2b: Gholdengo|68\/100|[from] item: Leftovers\n|-heal|p2a: Rillaboom|93\/100|[from] Grassy Terrain\n|-heal|p1b: Dondozo|85\/100|[from] Grassy Terrain\n|-fieldend|move: Grassy Terrain\n|upkeep\n|turn|9\n|\n|t:|1732795610\n|move|p2b: Gholdengo|Make It Rain|p1a: Dragonite|[spread] p1a,p1b\n|-resisted|p1b: Dondozo\n|-damage|p1a: Dragonite|0 fnt\n|-damage|p1b: Dondozo|71\/100\n|-unboost|p2b: Gholdengo|spa|1\n|faint|p1a: Dragonite\n|move|p2a: Rillaboom|Wood Hammer|p1b: Dondozo\n|-supereffective|p1b: Dondozo\n|-damage|p1b: Dondozo|0 fnt\n|faint|p1b: Dondozo\n|-damage|p2a: Rillaboom|63\/100|[from] Recoil\n|\n|win|Djjwjwwjj\n|raw|bieiup's rating: 1771 &rarr; <strong>1753<\/strong><br \/>(-18 for losing)\n|raw|Djjwjwwjj's rating: 1803 &rarr; <strong>1821<\/strong><br \/>(+18 for winning)\n|l|\u2606bieiup\n|player|p1|\n|l|\u2606Djjwjwwjj\n|player|p2|\n","uploadtime":1732795747,"views":29,"formatid":"gen9vgc2024regh","rating":1753,"private":0,"password":null}