{"id":"gen9vgc2024regh-2252078572","format":"[Gen 9] VGC 2024 Reg H","players":["qiyevgc","ren122333"],"log":"|j|\u2606qiyevgc\n|j|\u2606ren122333\n|t:|1732710390\n|gametype|doubles\n|player|p1|qiyevgc|2|1672\n|player|p2|ren122333|hilbert|1696\n|teamsize|p1|6\n|teamsize|p2|6\n|gen|9\n|tier|[Gen 9] VGC 2024 Reg H\n|rated|\n|rule|Species Clause: Limit one of each Pok\u00e9mon\n|rule|Item Clause: Limit 1 of each item\n|clearpoke\n|poke|p1|Dragonite, L50, M|\n|poke|p1|Gholdengo, L50|\n|poke|p1|Kingambit, L50, M|\n|poke|p1|Archaludon, L50, M|\n|poke|p1|Primarina, L50, M|\n|poke|p1|Rillaboom, L50, M|\n|poke|p2|Whimsicott, L50, F|\n|poke|p2|Mamoswine, L50, M|\n|poke|p2|Lycanroc-Dusk, L50, F|\n|poke|p2|Typhlosion-Hisui, L50, M|\n|poke|p2|Farigiraf, L50, M|\n|poke|p2|Mienshao, L50, F|\n|teampreview|4\n|\n|t:|1732710394\n|start\n|switch|p1a: Dragonite|Dragonite, L50, M|100\/100\n|switch|p1b: Gholdengo|Gholdengo, L50|100\/100\n|switch|p2a: Whimsicott|Whimsicott, L50, F|100\/100\n|switch|p2b: Mamoswine|Mamoswine, L50, M|100\/100\n|turn|1\n|inactive|Battle timer is ON: inactive players will automatically lose when time's up. (requested by ren122333)\n|\n|t:|1732710418\n|-terastallize|p1a: Dragonite|Fairy\n|move|p1b: Gholdengo|Make It Rain|p2b: Mamoswine|[spread] p2a,p2b\n|-supereffective|p2a: Whimsicott\n|-supereffective|p2b: Mamoswine\n|-crit|p2b: Mamoswine\n|-enditem|p2a: Whimsicott|Focus Sash\n|-damage|p2a: Whimsicott|1\/100\n|-damage|p2b: Mamoswine|0 fnt\n|-unboost|p1b: Gholdengo|spa|1\n|faint|p2b: Mamoswine\n|move|p2a: Whimsicott|Moonblast|p1a: Dragonite\n|-damage|p1a: Dragonite|83\/100\n|move|p1a: Dragonite|Scale Shot|p2a: Whimsicott\n|-immune|p2a: Whimsicott\n|\n|upkeep\n|\n|t:|1732710432\n|switch|p2b: Typhlosion|Typhlosion-Hisui, L50, M|100\/100\n|-item|p1a: Dragonite|Loaded Dice|[from] ability: Frisk|[of] p2b: Typhlosion\n|-item|p1b: Gholdengo|Choice Scarf|[from] ability: Frisk|[of] p2b: Typhlosion\n|turn|2\n|inactive|qiyevgc has 30 seconds left.\n|\n|t:|1732710462\n|-terastallize|p2b: Typhlosion|Fire\n|move|p1a: Dragonite|Protect|p1a: Dragonite\n|-singleturn|p1a: Dragonite|Protect\n|move|p2a: Whimsicott|Tailwind|p2a: Whimsicott\n|-sidestart|p2: ren122333|move: Tailwind\n|move|p2b: Typhlosion|Eruption|p1a: Dragonite|[spread] p1b\n|-activate|p1a: Dragonite|move: Protect\n|-supereffective|p1b: Gholdengo\n|-damage|p1b: Gholdengo|0 fnt\n|faint|p1b: Gholdengo\n|\n|upkeep\n|\n|t:|1732710468\n|switch|p1b: Primarina|Primarina, L50, M|100\/100\n|turn|3\n|\n|t:|1732710480\n|switch|p2b: Farigiraf|Farigiraf, L50, M|100\/100\n|move|p1a: Dragonite|Extreme Speed||[still]\n|cant|p2b: Farigiraf|ability: Armor Tail|Extreme Speed|[of] p1a: Dragonite\n|move|p2a: Whimsicott|Encore|p1a: Dragonite\n|-start|p1a: Dragonite|Encore\n|move|p1b: Primarina|Hyper Voice|p2b: Farigiraf|[spread] p2a,p2b\n|-resisted|p2a: Whimsicott\n|-damage|p2a: Whimsicott|0 fnt\n|-damage|p2b: Farigiraf|63\/100\n|faint|p2a: Whimsicott\n|\n|upkeep\n|\n|t:|1732710489\n|switch|p2a: Typhlosion|Typhlosion-Hisui, L50, M, tera:Fire|100\/100\n|-item|p1a: Dragonite|Loaded Dice|[from] ability: Frisk|[of] p2a: Typhlosion\n|-item|p1b: Primarina|Sitrus Berry|[from] ability: Frisk|[of] p2a: Typhlosion\n|turn|4\n|\n|t:|1732710501\n|move|p1a: Dragonite|Extreme Speed||[still]\n|cant|p2b: Farigiraf|ability: Armor Tail|Extreme Speed|[of] p1a: Dragonite\n|move|p2a: Typhlosion|Eruption|p1a: Dragonite|[spread] p1a,p1b\n|-resisted|p1b: Primarina\n|-damage|p1a: Dragonite|0 fnt\n|-damage|p1b: Primarina|55\/100\n|faint|p1a: Dragonite\n|move|p2b: Farigiraf|Imprison|p2b: Farigiraf\n|-start|p2b: Farigiraf|move: Imprison\n|cant|p1b: Primarina|move: Imprison|Hyper Voice\n|\n|upkeep\n|\n|t:|1732710510\n|switch|p1a: Kingambit|Kingambit, L50, M|100\/100\n|turn|5\n|\n|t:|1732710517\n|move|p1b: Primarina|Protect|p1b: Primarina\n|-singleturn|p1b: Primarina|Protect\n|move|p2a: Typhlosion|Eruption|p1a: Kingambit|[spread] p1a\n|-activate|p1b: Primarina|move: Protect\n|-supereffective|p1a: Kingambit\n|-enditem|p1a: Kingambit|Focus Sash\n|-damage|p1a: Kingambit|1\/100\n|move|p2b: Farigiraf|Hyper Voice|p1b: Primarina|[spread] p1a\n|-activate|p1b: Primarina|move: Protect\n|-resisted|p1a: Kingambit\n|-damage|p1a: Kingambit|0 fnt\n|faint|p1a: Kingambit\n|\n|-sideend|p2: ren122333|move: Tailwind\n|upkeep\n|turn|6\n|-message|qiyevgc forfeited.\n|\n|win|ren122333\n|raw|qiyevgc's rating: 1690 &rarr; <strong>1670<\/strong><br \/>(-20 for losing)\n|raw|ren122333's rating: 1696 &rarr; <strong>1716<\/strong><br \/>(+20 for winning)\n|l|\u2606qiyevgc\n|player|p1|\n|l|\u2606ren122333\n|player|p2|\n","uploadtime":1732710728,"views":8,"formatid":"gen9vgc2024regh","rating":1670,"private":0,"password":null}