{"id":"gen9vgc2024regh-2252699695","format":"[Gen 9] VGC 2024 Reg H","players":["Riemann39","zoombeanle"],"log":"|j|\u2606Riemann39\n|j|\u2606zoombeanle\n|t:|1732791373\n|gametype|doubles\n|player|p1|Riemann39|lucas|1759\n|player|p2|zoombeanle|265|1668\n|teamsize|p1|6\n|teamsize|p2|6\n|gen|9\n|tier|[Gen 9] VGC 2024 Reg H\n|rated|\n|rule|Species Clause: Limit one of each Pok\u00e9mon\n|rule|Item Clause: Limit 1 of each item\n|clearpoke\n|poke|p1|Incineroar, L50, M|\n|poke|p1|Dragonite, L50, F|\n|poke|p1|Kingambit, L50, M|\n|poke|p1|Rillaboom, L50, F|\n|poke|p1|Ursaluna-Bloodmoon, L50, M|\n|poke|p1|Whimsicott, L50, F|\n|poke|p2|Politoed, L50, F|\n|poke|p2|Espathra, L50, M|\n|poke|p2|Ludicolo, L50, M|\n|poke|p2|Garchomp, L50, M|\n|poke|p2|Garganacl, L50, F|\n|poke|p2|Houndoom, L50, F|\n|teampreview|4\n|inactive|Battle timer is ON: inactive players will automatically lose when time's up. (requested by Riemann39)\n|j| twinkile\nRiemann39 rejected open team sheets.\n|\n|t:|1732791401\n|start\n|switch|p1a: Dragonite|Dragonite, L50, F|100\/100\n|switch|p1b: Incineroar|Incineroar, L50, M|100\/100\n|switch|p2a: Espathra|Espathra, L50, M, shiny|100\/100\n|switch|p2b: Garganacl|Garganacl, L50, F|100\/100\n|-ability|p1b: Incineroar|Intimidate|boost\n|-unboost|p2a: Espathra|atk|1\n|-unboost|p2b: Garganacl|atk|1\n|turn|1\n|\n|t:|1732791413\n|move|p2a: Espathra|Protect|p2a: Espathra\n|-singleturn|p2a: Espathra|Protect\n|move|p2b: Garganacl|Protect|p2b: Garganacl\n|-singleturn|p2b: Garganacl|Protect\n|move|p1b: Incineroar|Fake Out|p2b: Garganacl\n|-activate|p2b: Garganacl|move: Protect\n|move|p1a: Dragonite|Scale Shot|p2a: Espathra\n|-activate|p2a: Espathra|move: Protect\n|\n|-ability|p2a: Espathra|Speed Boost|boost\n|-boost|p2a: Espathra|spe|1\n|upkeep\n|turn|2\n|\n|t:|1732791430\n|move|p2a: Espathra|Lumina Crash|p1a: Dragonite\n|-damage|p1a: Dragonite|79\/100\n|-unboost|p1a: Dragonite|spd|2\n|move|p1a: Dragonite|Scale Shot|p2a: Espathra|[miss]\n|-miss|p1a: Dragonite|p2a: Espathra\n|move|p1b: Incineroar|Knock Off|p2b: Garganacl\n|-damage|p2b: Garganacl|76\/100\n|-enditem|p2b: Garganacl|Leftovers|[from] move: Knock Off|[of] p1b: Incineroar\n|move|p2b: Garganacl|Salt Cure|p1a: Dragonite\n|-supereffective|p1a: Dragonite\n|-damage|p1a: Dragonite|57\/100\n|-start|p1a: Dragonite|Salt Cure\n|\n|-damage|p1a: Dragonite|45\/100|[from] Salt Cure\n|-ability|p2a: Espathra|Speed Boost|boost\n|-boost|p2a: Espathra|spe|1\n|upkeep\n|turn|3\n|\n|t:|1732791453\n|switch|p1a: Kingambit|Kingambit, L50, M|100\/100\n|move|p2a: Espathra|Protect|p2a: Espathra\n|-singleturn|p2a: Espathra|Protect\n|move|p1b: Incineroar|Knock Off|p2a: Espathra\n|-activate|p2a: Espathra|move: Protect\n|move|p2b: Garganacl|Salt Cure|p1b: Incineroar\n|-supereffective|p1b: Incineroar\n|-damage|p1b: Incineroar|88\/100\n|-start|p1b: Incineroar|Salt Cure\n|\n|-damage|p1b: Incineroar|75\/100|[from] Salt Cure\n|-ability|p2a: Espathra|Speed Boost|boost\n|-boost|p2a: Espathra|spe|1\n|upkeep\n|turn|4\n|\n|t:|1732791470\n|switch|p2a: Garchomp|Garchomp, L50, M|100\/100\n|switch|p1b: Rillaboom|Rillaboom, L50, F|100\/100\n|-fieldstart|move: Grassy Terrain|[from] ability: Grassy Surge|[of] p1b: Rillaboom\n|move|p1a: Kingambit|Protect|p1a: Kingambit\n|-singleturn|p1a: Kingambit|Protect\n|move|p2b: Garganacl|Salt Cure|p1a: Kingambit\n|-activate|p1a: Kingambit|move: Protect\n|\n|-heal|p2b: Garganacl|82\/100|[from] Grassy Terrain\n|upkeep\n|turn|5\n|j| Tian15\n|inactive|zoombeanle has 30 seconds left.\n|\n|t:|1732791499\n|move|p1b: Rillaboom|Fake Out|p2a: Garchomp\n|-damage|p2a: Garchomp|90\/100\n|-damage|p1b: Rillaboom|88\/100|[from] ability: Rough Skin|[of] p2a: Garchomp\n|-damage|p1b: Rillaboom|72\/100|[from] item: Rocky Helmet|[of] p2a: Garchomp\n|cant|p2a: Garchomp|flinch\n|move|p2b: Garganacl|Salt Cure|p1a: Kingambit\n|-resisted|p1a: Kingambit\n|-damage|p1a: Kingambit|98\/100\n|-start|p1a: Kingambit|Salt Cure\n|move|p1a: Kingambit|Swords Dance|p1a: Kingambit\n|-boost|p1a: Kingambit|atk|2\n|\n|-heal|p2a: Garchomp|96\/100|[from] Grassy Terrain\n|-heal|p1b: Rillaboom|78\/100|[from] Grassy Terrain\n|-heal|p2b: Garganacl|87\/100|[from] Grassy Terrain\n|-heal|p1a: Kingambit|100\/100|[from] Grassy Terrain\n|-damage|p1a: Kingambit|76\/100|[from] Salt Cure\n|upkeep\n|turn|6\n|inactive|Riemann39 has 30 seconds left.\n|inactive|zoombeanle has 30 seconds left.\n|\n|t:|1732791533\n|move|p2a: Garchomp|Protect|p2a: Garchomp\n|-singleturn|p2a: Garchomp|Protect\n|move|p1a: Kingambit|Sucker Punch||[still]\n|-fail|p1a: Kingambit\n|move|p1b: Rillaboom|Wood Hammer|p2b: Garganacl\n|-supereffective|p2b: Garganacl\n|-damage|p2b: Garganacl|0 fnt\n|faint|p2b: Garganacl\n|-damage|p1b: Rillaboom|47\/100|[from] Recoil\n|\n|-heal|p2a: Garchomp|100\/100|[from] Grassy Terrain\n|-heal|p1b: Rillaboom|53\/100|[from] Grassy Terrain\n|-heal|p1a: Kingambit|82\/100|[from] Grassy Terrain\n|-damage|p1a: Kingambit|57\/100|[from] Salt Cure\n|upkeep\n|\n|t:|1732791547\n|switch|p2b: Ludicolo|Ludicolo, L50, M|100\/100\n|turn|7\n|\n|t:|1732791571\n|-terastallize|p1a: Kingambit|Ghost\n|move|p2b: Ludicolo|Fake Out|p1a: Kingambit\n|-immune|p1a: Kingambit\n|move|p1b: Rillaboom|Grassy Glide|p2a: Garchomp\n|-damage|p2a: Garchomp|67\/100\n|-damage|p1b: Rillaboom|41\/100|[from] ability: Rough Skin|[of] p2a: Garchomp\n|-damage|p1b: Rillaboom|25\/100|[from] item: Rocky Helmet|[of] p2a: Garchomp\n|move|p1a: Kingambit|Sucker Punch|p2a: Garchomp\n|-damage|p2a: Garchomp|1\/100\n|-damage|p1a: Kingambit|45\/100|[from] ability: Rough Skin|[of] p2a: Garchomp\n|-damage|p1a: Kingambit|29\/100|[from] item: Rocky Helmet|[of] p2a: Garchomp\n|move|p2a: Garchomp|Breaking Swipe|p1b: Rillaboom|[spread] p1a,p1b\n|-damage|p1a: Kingambit|15\/100\n|-damage|p1b: Rillaboom|6\/100\n|-unboost|p1a: Kingambit|atk|1\n|-ability|p1a: Kingambit|Defiant|boost\n|-boost|p1a: Kingambit|atk|2\n|-unboost|p1b: Rillaboom|atk|1\n|\n|-heal|p2a: Garchomp|7\/100|[from] Grassy Terrain\n|-heal|p1b: Rillaboom|11\/100|[from] Grassy Terrain\n|-heal|p1a: Kingambit|21\/100|[from] Grassy Terrain\n|-damage|p1a: Kingambit|9\/100|[from] Salt Cure\n|upkeep\n|turn|8\n|j| CRJ2304\n|inactive|zoombeanle has 30 seconds left.\n|inactive|zoombeanle has 20 seconds left.\n|inactive|zoombeanle has 15 seconds left.\n|inactive|zoombeanle has 10 seconds left.\n|\n|t:|1732791617\n|switch|p2b: Espathra|Espathra, L50, M, shiny|100\/100\n|switch|p1b: Incineroar|Incineroar, L50, M|75\/100\n|-ability|p1b: Incineroar|Intimidate|boost\n|-unboost|p2a: Garchomp|atk|1\n|-unboost|p2b: Espathra|atk|1\n|move|p2a: Garchomp|Protect|p2a: Garchomp\n|-singleturn|p2a: Garchomp|Protect\n|move|p1a: Kingambit|Sucker Punch||[still]\n|-fail|p1a: Kingambit\n|\n|-heal|p2a: Garchomp|13\/100|[from] Grassy Terrain\n|-heal|p1b: Incineroar|81\/100|[from] Grassy Terrain\n|-heal|p1a: Kingambit|15\/100|[from] Grassy Terrain\n|-damage|p1a: Kingambit|2\/100|[from] Salt Cure\n|-fieldend|move: Grassy Terrain\n|upkeep\n|turn|9\n|inactive|zoombeanle has 30 seconds left.\n|\n|t:|1732791644\n|move|p2b: Espathra|Protect|p2b: Espathra\n|-singleturn|p2b: Espathra|Protect\n|move|p1a: Kingambit|Sucker Punch|p2a: Garchomp\n|-crit|p2a: Garchomp\n|-damage|p2a: Garchomp|0 fnt\n|-damage|p1a: Kingambit|0 fnt|[from] ability: Rough Skin|[of] p2a: Garchomp\n|faint|p2a: Garchomp\n|faint|p1a: Kingambit\n|move|p1b: Incineroar|Knock Off|p2b: Espathra\n|-activate|p2b: Espathra|move: Protect\n|\n|-ability|p2b: Espathra|Speed Boost|boost\n|-boost|p2b: Espathra|spe|1\n|upkeep\n|inactive|Riemann39 has 30 seconds left.\n|\n|t:|1732791672\n|switch|p2a: Ludicolo|Ludicolo, L50, M|100\/100\n|switch|p1a: Dragonite|Dragonite, L50, F|45\/100\n|turn|10\n|l| twinkile\n|j| Anonymoongus\n|\n|t:|1732791691\n|-terastallize|p2a: Ludicolo|Steel\n|move|p2a: Ludicolo|Fake Out|p1b: Incineroar\n|-damage|p1b: Incineroar|77\/100\n|move|p2b: Espathra|Dazzling Gleam|p1a: Dragonite|[spread] p1a,p1b\n|-supereffective|p1a: Dragonite\n|-damage|p1a: Dragonite|6\/100\n|-damage|p1b: Incineroar|59\/100\n|move|p1a: Dragonite|Scale Shot|p2b: Espathra|[miss]\n|-miss|p1a: Dragonite|p2b: Espathra\n|cant|p1b: Incineroar|flinch\n|\n|-ability|p2b: Espathra|Speed Boost|boost\n|-boost|p2b: Espathra|spe|1\n|upkeep\n|turn|11\n|inactive|Riemann39 has 30 seconds left.\n|inactive|Riemann39 has 20 seconds left.\n|inactive|Riemann39 has 15 seconds left.\n|inactive|Riemann39 has 10 seconds left.\n|c|\u2606Riemann39|\uc544\ub2c8 \uc528\ubc1c\n|c|\u2606Riemann39|\uc774\uac8c \uba3c\n|inactive|Riemann39 has 5 seconds left.\n|\n|t:|1732791743\n|move|p2b: Espathra|Dazzling Gleam|p1b: Incineroar|[spread] p1a,p1b\n|-supereffective|p1a: Dragonite\n|-damage|p1a: Dragonite|0 fnt\n|-damage|p1b: Incineroar|44\/100\n|faint|p1a: Dragonite\n|move|p2a: Ludicolo|Muddy Water|p1b: Incineroar\n|-supereffective|p1b: Incineroar\n|-damage|p1b: Incineroar|0 fnt\n|faint|p1b: Incineroar\n|\n|-ability|p2b: Espathra|Speed Boost|boost\n|-boost|p2b: Espathra|spe|1\n|upkeep\n|l| CRJ2304\n|j| CRJ2304\n|l| CRJ2304\n|inactive|Riemann39 has 30 seconds left.\n|\n|t:|1732791770\n|switch|p1b: Rillaboom|Rillaboom, L50, F|11\/100\n|-fieldstart|move: Grassy Terrain|[from] ability: Grassy Surge|[of] p1b: Rillaboom\n|turn|12\n|\n|t:|1732791781\n|move|p1b: Rillaboom|Grassy Glide|p2b: Espathra\n|-damage|p2b: Espathra|24\/100\n|move|p2b: Espathra|Lumina Crash|p1b: Rillaboom\n|-damage|p1b: Rillaboom|0 fnt\n|faint|p1b: Rillaboom\n|\n|win|zoombeanle\n|raw|Riemann39's rating: 1774 &rarr; <strong>1748<\/strong><br \/>(-26 for losing)\n|raw|zoombeanle's rating: 1668 &rarr; <strong>1694<\/strong><br \/>(+26 for winning)\n|l|\u2606Riemann39\n|player|p1|\n|l|\u2606zoombeanle\n|player|p2|\n|l| Anonymoongus\n|l| Tian15\n","uploadtime":1732792024,"views":11,"formatid":"gen9vgc2024regh","rating":1694,"private":0,"password":null}