{"id":"gen9vgc2024regh-2252720007","format":"[Gen 9] VGC 2024 Reg H","players":["Nerd159","Djjwjwwjj"],"log":"|j|\u2606Nerd159\n|j|\u2606Djjwjwwjj\n|t:|1732794517\n|gametype|doubles\n|player|p1|Nerd159|266|1794\n|player|p2|Djjwjwwjj|266|1830\n|teamsize|p1|6\n|teamsize|p2|6\n|gen|9\n|tier|[Gen 9] VGC 2024 Reg H\n|rated|\n|rule|Species Clause: Limit one of each Pok\u00e9mon\n|rule|Item Clause: Limit 1 of each item\n|clearpoke\n|poke|p1|Gholdengo, L50|\n|poke|p1|Indeedee, L50, M|\n|poke|p1|Delphox, L50, F|\n|poke|p1|Murkrow, L50, F|\n|poke|p1|Clodsire, L50, F|\n|poke|p1|Decidueye-Hisui, L50, F|\n|poke|p2|Palafin, L50, M|\n|poke|p2|Pelipper, L50, M|\n|poke|p2|Electabuzz, L50, M|\n|poke|p2|Rillaboom, L50, F|\n|poke|p2|Incineroar, L50, M|\n|poke|p2|Gholdengo, L50|\n|teampreview|4\n|inactive|Battle timer is ON: inactive players will automatically lose when time's up. (requested by Djjwjwwjj)\n|inactive|Djjwjwwjj has 60 seconds left.\n|c|\u2606Nerd159|\u05e2\n|inactive|Djjwjwwjj has 30 seconds left.\n|inactive|Djjwjwwjj has 20 seconds left.\n|inactive|Djjwjwwjj has 15 seconds left.\n|inactive|Djjwjwwjj has 10 seconds left.\n|inactive|Djjwjwwjj has 5 seconds left.\n|\n|t:|1732794603\n|start\n|switch|p1a: Decidueye|Decidueye-Hisui, L50, F|100\/100\n|switch|p1b: Murkrow|Murkrow, L50, F|100\/100\n|switch|p2a: Electabuzz|Electabuzz, L50, M|100\/100\n|switch|p2b: Pelipper|Pelipper, L50, M|100\/100\n|-weather|RainDance|[from] ability: Drizzle|[of] p2b: Pelipper\n|turn|1\n|inactive|Djjwjwwjj has 30 seconds left.\n|\n|t:|1732794629\n|-terastallize|p1a: Decidueye|Steel\n|move|p2a: Electabuzz|Follow Me|p2a: Electabuzz\n|-singleturn|p2a: Electabuzz|move: Follow Me\n|move|p1b: Murkrow|Tailwind|p1b: Murkrow\n|-sidestart|p1: Nerd159|move: Tailwind\n|move|p1a: Decidueye|Leaf Blade|p2a: Electabuzz\n|-crit|p2a: Electabuzz\n|-damage|p2a: Electabuzz|30\/100\n|move|p2b: Pelipper|Hurricane|p1a: Decidueye\n|-resisted|p1a: Decidueye\n|-damage|p1a: Decidueye|74\/100\n|\n|-weather|RainDance|[upkeep]\n|upkeep\n|turn|2\n|\n|t:|1732794654\n|switch|p2a: Incineroar|Incineroar, L50, M|100\/100\n|-ability|p2a: Incineroar|Intimidate|boost\n|-fail|p1a: Decidueye|unboost|Attack|[from] ability: Scrappy|[of] p1a: Decidueye\n|-unboost|p1b: Murkrow|atk|1\n|move|p1b: Murkrow|Snarl|p2b: Pelipper|[spread] p2a,p2b\n|-resisted|p2a: Incineroar\n|-damage|p2a: Incineroar|95\/100\n|-damage|p2b: Pelipper|80\/100\n|-unboost|p2a: Incineroar|spa|1\n|-unboost|p2b: Pelipper|spa|1\n|move|p1a: Decidueye|Triple Arrows|p2a: Incineroar\n|-supereffective|p2a: Incineroar\n|-damage|p2a: Incineroar|5\/100\n|-unboost|p2a: Incineroar|def|1\n|move|p2b: Pelipper|Hurricane|p1b: Murkrow\n|-damage|p1b: Murkrow|65\/100\n|-start|p1b: Murkrow|confusion\n|\n|-weather|RainDance|[upkeep]\n|upkeep\n|turn|3\n|inactive|Djjwjwwjj has 30 seconds left.\n|inactive|Djjwjwwjj has 20 seconds left.\n|\n|t:|1732794690\n|switch|p1b: Indeedee|Indeedee, L50, M|100\/100\n|-fieldstart|move: Psychic Terrain|[from] ability: Psychic Surge|[of] p1b: Indeedee\n|switch|p2a: Rillaboom|Rillaboom, L50, F|100\/100\n|-fieldstart|move: Grassy Terrain|[from] ability: Grassy Surge|[of] p2a: Rillaboom\n|move|p1a: Decidueye|Triple Arrows|p2a: Rillaboom\n|-damage|p2a: Rillaboom|52\/100\n|move|p2b: Pelipper|Hurricane|p1b: Indeedee\n|-damage|p1b: Indeedee|58\/100\n|\n|-weather|RainDance|[upkeep]\n|-heal|p1b: Indeedee|64\/100|[from] Grassy Terrain\n|-heal|p1a: Decidueye|80\/100|[from] Grassy Terrain\n|-heal|p2a: Rillaboom|58\/100|[from] Grassy Terrain\n|upkeep\n|turn|4\n|inactive|Djjwjwwjj has 30 seconds left.\n|inactive|Djjwjwwjj has 20 seconds left.\n|inactive|Djjwjwwjj has 15 seconds left.\n|\n|t:|1732794735\n|switch|p1b: Murkrow|Murkrow, L50, F|65\/100\n|switch|p2b: Electabuzz|Electabuzz, L50, M|30\/100\n|move|p1a: Decidueye|Leaf Blade|p2b: Electabuzz\n|-damage|p2b: Electabuzz|0 fnt\n|faint|p2b: Electabuzz\n|move|p2a: Rillaboom|Wood Hammer|p1b: Murkrow\n|-resisted|p1b: Murkrow\n|-damage|p1b: Murkrow|3\/100\n|-damage|p2a: Rillaboom|41\/100|[from] Recoil\n|\n|-weather|RainDance|[upkeep]\n|-heal|p1a: Decidueye|86\/100|[from] Grassy Terrain\n|-heal|p2a: Rillaboom|47\/100|[from] Grassy Terrain\n|-sideend|p1: Nerd159|move: Tailwind\n|upkeep\n|\n|t:|1732794757\n|switch|p2b: Incineroar|Incineroar, L50, M|5\/100\n|-ability|p2b: Incineroar|Intimidate|boost\n|-fail|p1a: Decidueye|unboost|Attack|[from] ability: Scrappy|[of] p1a: Decidueye\n|-unboost|p1b: Murkrow|atk|1\n|turn|5\n|\n|t:|1732794766\n|move|p2b: Incineroar|Fake Out|p1b: Murkrow\n|-damage|p1b: Murkrow|0 fnt\n|faint|p1b: Murkrow\n|move|p2a: Rillaboom|High Horsepower|p1a: Decidueye\n|-supereffective|p1a: Decidueye\n|-damage|p1a: Decidueye|0 fnt\n|faint|p1a: Decidueye\n|\n|-weather|none\n|-heal|p2a: Rillaboom|53\/100|[from] Grassy Terrain\n|-heal|p2b: Incineroar|11\/100|[from] Grassy Terrain\n|upkeep\n|\n|t:|1732794771\n|switch|p1b: Delphox|Delphox, L50, F|100\/100\n|switch|p1a: Indeedee|Indeedee, L50, M|64\/100\n|-fieldstart|move: Psychic Terrain|[from] ability: Psychic Surge|[of] p1a: Indeedee\n|turn|6\n|inactive|Djjwjwwjj has 30 seconds left.\n|\n|t:|1732794803\n|-terastallize|p2a: Rillaboom|Fire\n|move|p1b: Delphox|Heat Wave|p2b: Incineroar|[spread] p2a,p2b\n|-resisted|p2a: Rillaboom\n|-crit|p2a: Rillaboom\n|-resisted|p2b: Incineroar\n|-crit|p2b: Incineroar\n|-damage|p2a: Rillaboom|25\/100\n|-damage|p2b: Incineroar|0 fnt\n|faint|p2b: Incineroar\n|-damage|p1b: Delphox|91\/100|[from] item: Life Orb\n|move|p1a: Indeedee|Hyper Voice|p2a: Rillaboom\n|-damage|p2a: Rillaboom|0 fnt\n|faint|p2a: Rillaboom\n|\n|upkeep\n|c|\u2606Nerd159|Lol double crit\n|\n|t:|1732794817\n|switch|p2b: Pelipper|Pelipper, L50, M|80\/100\n|-weather|RainDance|[from] ability: Drizzle|[of] p2b: Pelipper\n|turn|7\n|\n|t:|1732794828\n|move|p2b: Pelipper|Weather Ball|p1b: Delphox\n|-supereffective|p1b: Delphox\n|-damage|p1b: Delphox|0 fnt\n|faint|p1b: Delphox\n|move|p1a: Indeedee|Expanding Force|p2b: Pelipper\n|-damage|p2b: Pelipper|0 fnt\n|faint|p2b: Pelipper\n|\n|win|Nerd159\n|raw|Nerd159's rating: 1794 &rarr; <strong>1816<\/strong><br \/>(+22 for winning)\n|raw|Djjwjwwjj's rating: 1830 &rarr; <strong>1808<\/strong><br \/>(-22 for losing)\n|l|\u2606Djjwjwwjj\n|player|p2|\n|l|\u2606Nerd159\n|player|p1|\n","uploadtime":1732795057,"views":38,"formatid":"gen9vgc2024regh","rating":1808,"private":0,"password":null}