{"id":"gen9vgc2024regh-2252725038","format":"[Gen 9] VGC 2024 Reg H","players":["DgC1605","Riemann39"],"log":"|j|\u2606DgC1605\n|j|\u2606Riemann39\n|t:|1732795278\n|gametype|doubles\n|player|p1|DgC1605|n|1790\n|player|p2|Riemann39|lucas|1797\n|teamsize|p1|6\n|teamsize|p2|6\n|gen|9\n|tier|[Gen 9] VGC 2024 Reg H\n|rated|\n|rule|Species Clause: Limit one of each Pok\u00e9mon\n|rule|Item Clause: Limit 1 of each item\n|clearpoke\n|poke|p1|Dondozo, L50, M|\n|poke|p1|Tatsugiri, L50, M|\n|poke|p1|Annihilape, L50, F|\n|poke|p1|Archaludon, L50, F|\n|poke|p1|Pelipper, L50, M|\n|poke|p1|Dragonite, L50, M|\n|poke|p2|Whimsicott, L50, F|\n|poke|p2|Incineroar, L50, M|\n|poke|p2|Rillaboom, L50, F|\n|poke|p2|Kingambit, L50, M|\n|poke|p2|Dragonite, L50, F|\n|poke|p2|Ursaluna-Bloodmoon, L50, M|\n|teampreview|4\n|inactive|Battle timer is ON: inactive players will automatically lose when time's up. (requested by DgC1605)\n|inactive|Riemann39 has 60 seconds left.\n|\n|t:|1732795313\n|start\n|switch|p1a: Annihilape|Annihilape, L50, F|100\/100\n|switch|p1b: Dragonite|Dragonite, L50, M|100\/100\n|switch|p2a: Whimsicott|Whimsicott, L50, F|100\/100\n|switch|p2b: Ursaluna|Ursaluna-Bloodmoon, L50, M|100\/100\n|turn|1\n|\n|t:|1732795331\n|switch|p1b: Dondozo|Dondozo, L50, M|100\/100\n|-terastallize|p2b: Ursaluna|Water\n|move|p1a: Annihilape|Final Gambit|p2b: Ursaluna\n|-damage|p2b: Ursaluna|0 fnt\n|faint|p1a: Annihilape\n|faint|p2b: Ursaluna\n|move|p2a: Whimsicott|Trick Room|p2a: Whimsicott\n|-fieldstart|move: Trick Room|[of] p2a: Whimsicott\n|\n|upkeep\n|inactive|DgC1605 has 30 seconds left.\n|inactive|Riemann39 has 30 seconds left.\n|\n|t:|1732795364\n|switch|p2b: Dragonite|Dragonite, L50, F|100\/100\n|switch|p1a: Dragonite|Dragonite, L50, M|100\/100\n|turn|2\n|\n|t:|1732795373\n|-terastallize|p1a: Dragonite|Fairy\n|move|p1b: Dondozo|Protect|p1b: Dondozo\n|-singleturn|p1b: Dondozo|Protect\n|move|p2b: Dragonite|Protect|p2b: Dragonite\n|-singleturn|p2b: Dragonite|Protect\n|move|p1a: Dragonite|Scale Shot|p2b: Dragonite\n|-activate|p2b: Dragonite|move: Protect\n|move|p2a: Whimsicott|Moonblast|p1a: Dragonite\n|-damage|p1a: Dragonite|87\/100\n|\n|upkeep\n|turn|3\n|inactive|Riemann39 has 30 seconds left.\n|inactive|Riemann39 has 20 seconds left.\n|inactive|Riemann39 has 15 seconds left.\n|\n|t:|1732795415\n|switch|p2b: Rillaboom|Rillaboom, L50, F|100\/100\n|-fieldstart|move: Grassy Terrain|[from] ability: Grassy Surge|[of] p2b: Rillaboom\n|move|p1b: Dondozo|Surf|p2b: Rillaboom|[spread] p1a,p2a,p2b\n|-resisted|p2a: Whimsicott\n|-resisted|p2b: Rillaboom\n|-damage|p1a: Dragonite|56\/100\n|-damage|p2a: Whimsicott|84\/100\n|-damage|p2b: Rillaboom|84\/100\n|-damage|p1b: Dondozo|91\/100|[from] item: Life Orb\n|move|p1a: Dragonite|Ice Spinner|p2b: Rillaboom\n|-supereffective|p2b: Rillaboom\n|-damage|p2b: Rillaboom|21\/100\n|-fieldend|move: Grassy Terrain\n|move|p2a: Whimsicott|Encore|p1a: Dragonite\n|-start|p1a: Dragonite|Encore\n|\n|upkeep\n|turn|4\n|inactive|DgC1605 has 30 seconds left.\n|\n|t:|1732795449\n|switch|p1a: Tatsugiri|Tatsugiri, L50, M|100\/100\n|-activate|p1a: Tatsugiri|ability: Commander|[of] p1b: Dondozo\n|-boost|p1b: Dondozo|atk|2\n|-boost|p1b: Dondozo|spa|2\n|-boost|p1b: Dondozo|spe|2\n|-boost|p1b: Dondozo|def|2\n|-boost|p1b: Dondozo|spd|2\n|move|p1b: Dondozo|Protect|p1b: Dondozo\n|-singleturn|p1b: Dondozo|Protect\n|move|p2b: Rillaboom|Wood Hammer|p1a: Tatsugiri|[miss]\n|-miss|p2b: Rillaboom|p1a: Tatsugiri\n|move|p2a: Whimsicott|Encore|p1b: Dondozo\n|-activate|p1b: Dondozo|move: Protect\n|\n|upkeep\n|turn|5\n|c|\u2606DgC1605|Wrong move, for me...\n|\n|t:|1732795467\n|switch|p2b: Dragonite|Dragonite, L50, F|100\/100\n|move|p2a: Whimsicott|Encore|p1b: Dondozo\n|-start|p1b: Dondozo|Encore\n|move|p1b: Dondozo|Protect||[still]\n|-fail|p1b: Dondozo\n|\n|-fieldend|move: Trick Room\n|upkeep\n|turn|6\n|\n|t:|1732795477\n|move|p1b: Dondozo|Protect|p1b: Dondozo\n|-singleturn|p1b: Dondozo|Protect\n|move|p2a: Whimsicott|Moonblast|p1b: Dondozo\n|-activate|p1b: Dondozo|move: Protect\n|move|p2b: Dragonite|Haze|p2b: Dragonite\n|-clearallboost\n|\n|upkeep\n|turn|7\n|c|\u2606DgC1605|I'm stupid\n|\n|t:|1732795482\n|move|p1b: Dondozo|Protect|p1b: Dondozo\n|-singleturn|p1b: Dondozo|Protect\n|move|p2a: Whimsicott|Moonblast|p1b: Dondozo\n|-activate|p1b: Dondozo|move: Protect\n|move|p2b: Dragonite|Scale Shot|p1b: Dondozo\n|-activate|p1b: Dondozo|move: Protect\n|\n|-end|p1b: Dondozo|Encore\n|upkeep\n|turn|8\n|\n|t:|1732795487\n|move|p2a: Whimsicott|Encore|p1b: Dondozo\n|-start|p1b: Dondozo|Encore\n|move|p2b: Dragonite|Scale Shot|p1b: Dondozo\n|-damage|p1b: Dondozo|81\/100\n|-crit|p1b: Dondozo\n|-damage|p1b: Dondozo|66\/100\n|-damage|p1b: Dondozo|56\/100\n|-damage|p1b: Dondozo|45\/100\n|-crit|p1b: Dondozo\n|-damage|p1b: Dondozo|28\/100\n|-hitcount|p1b: Dondozo|5\n|-unboost|p2b: Dragonite|def|1\n|-boost|p2b: Dragonite|spe|1\n|move|p1b: Dondozo|Protect||[still]\n|-fail|p1b: Dondozo\n|\n|upkeep\n|turn|9\n|\n|t:|1732795493\n|move|p1b: Dondozo|Protect|p1b: Dondozo\n|-singleturn|p1b: Dondozo|Protect\n|move|p2b: Dragonite|Scale Shot|p1b: Dondozo\n|-activate|p1b: Dondozo|move: Protect\n|move|p2a: Whimsicott|Moonblast|p1b: Dondozo\n|-activate|p1b: Dondozo|move: Protect\n|\n|upkeep\n|turn|10\n|-message|DgC1605 forfeited.\n|\n|win|Riemann39\n|raw|DgC1605's rating: 1790 &rarr; <strong>1771<\/strong><br \/>(-19 for losing)\n|raw|Riemann39's rating: 1804 &rarr; <strong>1823<\/strong><br \/>(+19 for winning)\n|l|\u2606Riemann39\n|player|p2|\n|l|\u2606DgC1605\n|player|p1|\n","uploadtime":1732795747,"views":16,"formatid":"gen9vgc2024regh","rating":1771,"private":0,"password":null}