{"id":"gen9vgc2024regh-2252103304","format":"[Gen 9] VGC 2024 Reg H","players":["super crist","juacox300"],"log":"|j|\u203dsuper crist\n|j|\u2606juacox300\n|t:|1732713735\n|gametype|doubles\n|player|p1|super crist|sabrina|1771\n|player|p2|juacox300|unknown|1855\n|teamsize|p1|6\n|teamsize|p2|6\n|gen|9\n|tier|[Gen 9] VGC 2024 Reg H\n|rated|\n|rule|Species Clause: Limit one of each Pok\u00e9mon\n|rule|Item Clause: Limit 1 of each item\n|clearpoke\n|poke|p1|Dondozo, L50, F|\n|poke|p1|Annihilape, L50, F|\n|poke|p1|Tatsugiri, L50, M|\n|poke|p1|Volcarona, L50, F|\n|poke|p1|Dragonite, L50, F|\n|poke|p1|Rillaboom, L50, F|\n|poke|p2|Ursaluna, L50, F|\n|poke|p2|Murkrow, L50, M|\n|poke|p2|Sneasler, L50, M|\n|poke|p2|Indeedee, L50, M|\n|poke|p2|Archaludon, L50, M|\n|poke|p2|Incineroar, L50, M|\n|teampreview|4\n|inactive|Battle timer is ON: inactive players will automatically lose when time's up. (requested by super crist)\n|inactive|juacox300 has 60 seconds left.\n|\n|t:|1732713773\n|start\n|switch|p1a: Dondozo|Dondozo, L50, F, shiny|100\/100\n|switch|p1b: Annihilape|Annihilape, L50, F, shiny|100\/100\n|switch|p2a: Tommau|Sneasler, L50, M|100\/100\n|switch|p2b: Alfred|Indeedee, L50, M, shiny|100\/100\n|-fieldstart|move: Psychic Terrain|[from] ability: Psychic Surge|[of] p2b: Alfred\n|-enditem|p2a: Tommau|Psychic Seed\n|-boost|p2a: Tommau|spd|1|[from] item: Psychic Seed\n|turn|1\n|l|\u203dsuper crist\n|inactive|super crist disconnected and has a minute to reconnect!\n|player|p1|\n|j|\u203dsuper crist\n|inactive|super crist reconnected and has 35 seconds left.\n|player|p1|super crist|sabrina|\n|n|\u203dsuper crist|supercrist\n|inactive|super crist has 30 seconds left.\n|\n|t:|1732713802\n|switch|p1b: Rillaboom|Rillaboom, L50, F, shiny|100\/100\n|-fieldstart|move: Grassy Terrain|[from] ability: Grassy Surge|[of] p1b: Rillaboom\n|move|p2a: Tommau|Dire Claw|p1a: Dondozo\n|-damage|p1a: Dondozo|73\/100\n|-status|p1a: Dondozo|slp\n|move|p2b: Alfred|Expanding Force|p1a: Dondozo\n|-damage|p1a: Dondozo|47\/100 slp\n|cant|p1a: Dondozo|slp\n|\n|-heal|p1a: Dondozo|53\/100 slp|[from] Grassy Terrain\n|-heal|p1a: Dondozo|60\/100 slp|[from] item: Leftovers\n|upkeep\n|turn|2\n|inactive|super crist has 30 seconds left.\n|\n|t:|1732713830\n|switch|p2b: Archaludon|Archaludon, L50, M, shiny|100\/100\n|switch|p1b: Annihilape|Annihilape, L50, F, shiny|100\/100\n|move|p2a: Tommau|Dire Claw|p1b: Annihilape\n|-resisted|p1b: Annihilape\n|-damage|p1b: Annihilape|74\/100\n|cant|p1a: Dondozo|slp\n|\n|-heal|p1b: Annihilape|80\/100|[from] Grassy Terrain\n|-heal|p1a: Dondozo|66\/100 slp|[from] Grassy Terrain\n|-heal|p1a: Dondozo|72\/100 slp|[from] item: Leftovers\n|upkeep\n|turn|3\n|inactive|juacox300 has 30 seconds left.\n|\n|t:|1732713856\n|-terastallize|p2b: Archaludon|Fairy\n|-terastallize|p1a: Dondozo|Electric\n|move|p2a: Tommau|Throat Chop|p1b: Annihilape\n|-damage|p1b: Annihilape|47\/100\n|-start|p1b: Annihilape|Throat Chop|[silent]\n|move|p1b: Annihilape|Close Combat|p2b: Archaludon\n|-resisted|p2b: Archaludon\n|-damage|p2b: Archaludon|80\/100\n|-unboost|p1b: Annihilape|def|1\n|-unboost|p1b: Annihilape|spd|1\n|-ability|p2b: Archaludon|Stamina|boost\n|-boost|p2b: Archaludon|def|1\n|move|p2b: Archaludon|Electro Shot||[still]\n|-prepare|p2b: Archaludon|Electro Shot\n|-boost|p2b: Archaludon|spa|1\n|-enditem|p2b: Archaludon|Power Herb\n|-anim|p2b: Archaludon|Electro Shot|p1a: Dondozo\n|-resisted|p1a: Dondozo\n|-damage|p1a: Dondozo|55\/100 slp\n|-curestatus|p1a: Dondozo|slp|[msg]\n|move|p1a: Dondozo|Yawn|p2a: Tommau\n|-start|p2a: Tommau|move: Yawn|[of] p1a: Dondozo\n|\n|-heal|p1b: Annihilape|53\/100|[from] Grassy Terrain\n|-heal|p2b: Archaludon|86\/100|[from] Grassy Terrain\n|-heal|p1a: Dondozo|61\/100|[from] Grassy Terrain\n|-heal|p1a: Dondozo|67\/100|[from] item: Leftovers\n|upkeep\n|turn|4\n|inactive|super crist has 30 seconds left.\n|inactive|super crist has 20 seconds left.\n|inactive|super crist has 15 seconds left.\n|inactive|super crist has 10 seconds left.\n|\n|t:|1732713905\n|switch|p2a: Murkrow|Murkrow, L50, M|100\/100\n|move|p1b: Annihilape|Rage Fist|p2b: Archaludon\n|-damage|p2b: Archaludon|50\/100\n|-ability|p2b: Archaludon|Stamina|boost\n|-boost|p2b: Archaludon|def|1\n|move|p2b: Archaludon|Flash Cannon|p1b: Annihilape\n|-damage|p1b: Annihilape|0 fnt\n|faint|p1b: Annihilape\n|move|p1a: Dondozo|Yawn|p2b: Archaludon\n|-start|p2b: Archaludon|move: Yawn|[of] p1a: Dondozo\n|\n|-heal|p2b: Archaludon|56\/100|[from] Grassy Terrain\n|-heal|p1a: Dondozo|74\/100|[from] Grassy Terrain\n|-heal|p1a: Dondozo|80\/100|[from] item: Leftovers\n|upkeep\n|\n|t:|1732713923\n|switch|p1b: Volcarona|Volcarona, L50, F, shiny|100\/100\n|turn|5\n|\n|t:|1732713936\n|move|p1b: Volcarona|Heat Wave|p2b: Archaludon|[spread] p2a,p2b\n|-damage|p2a: Murkrow|72\/100\n|-damage|p2b: Archaludon|17\/100\n|-status|p2a: Murkrow|brn\n|-ability|p2b: Archaludon|Stamina|boost\n|-boost|p2b: Archaludon|def|1\n|move|p2b: Archaludon|Draco Meteor|p1b: Volcarona\n|-damage|p1b: Volcarona|4\/100\n|-unboost|p2b: Archaludon|spa|2\n|-enditem|p1b: Volcarona|Sitrus Berry|[eat]\n|-heal|p1b: Volcarona|29\/100|[from] item: Sitrus Berry\n|move|p2a: Murkrow|Brave Bird|p1b: Volcarona\n|-supereffective|p1b: Volcarona\n|-damage|p1b: Volcarona|0 fnt\n|faint|p1b: Volcarona\n|-damage|p2a: Murkrow|60\/100 brn|[from] Recoil\n|move|p1a: Dondozo|Yawn||[still]\n|-fail|p1a: Dondozo\n|\n|-heal|p2b: Archaludon|22\/100|[from] Grassy Terrain\n|-heal|p1a: Dondozo|86\/100|[from] Grassy Terrain\n|-heal|p1a: Dondozo|92\/100|[from] item: Leftovers\n|-damage|p2a: Murkrow|54\/100 brn|[from] brn\n|-end|p2b: Archaludon|move: Yawn|[silent]\n|-status|p2b: Archaludon|slp\n|-fieldend|move: Grassy Terrain\n|upkeep\n|-message|super crist forfeited.\n|\n|win|juacox300\n|raw|super crist's rating: 1771 &rarr; <strong>1756<\/strong><br \/>(-15 for losing)\n|raw|juacox300's rating: 1855 &rarr; <strong>1870<\/strong><br \/>(+15 for winning)\n|l|\u203dsuper crist\n|player|p1|\n","uploadtime":1732713955,"views":25,"formatid":"gen9vgc2024regh","rating":1756,"private":0,"password":null}