{"id":"gen9vgc2024regh-2252917171","format":"[Gen 9] VGC 2024 Reg H","players":["SnarkyShane","Shredted08"],"log":"|j|\u2606SnarkyShane\n|j|\u2606Shredted08\n|t:|1732818806\n|gametype|doubles\n|player|p1|SnarkyShane|gambler|1739\n|player|p2|Shredted08|wallace|1646\n|teamsize|p1|6\n|teamsize|p2|6\n|gen|9\n|tier|[Gen 9] VGC 2024 Reg H\n|rated|\n|rule|Species Clause: Limit one of each Pok\u00e9mon\n|rule|Item Clause: Limit 1 of each item\n|clearpoke\n|poke|p1|Kommo-o, L50, M|\n|poke|p1|Incineroar, L50, F|\n|poke|p1|Sinistcha-Masterpiece, L50|\n|poke|p1|Kingambit, L50, M|\n|poke|p1|Ninetales-Alola, L50, M|\n|poke|p1|Sneasler, L50, M|\n|poke|p2|Ninetales-Alola, L50, M|\n|poke|p2|Typhlosion-Hisui, L50, M|\n|poke|p2|Indeedee, L50, M|\n|poke|p2|Sneasler, L50, F|\n|poke|p2|Ursaluna-Bloodmoon, L50, M|\n|poke|p2|Whimsicott, L50, M|\n|teampreview|4\n|inactive|Battle timer is ON: inactive players will automatically lose when time's up. (requested by Shredted08)\n|inactive|SnarkyShane also wants the timer to be on.\n|inactive|SnarkyShane has 60 seconds left.\n|\n|t:|1732818855\n|start\n|switch|p1a: Kommo-o|Kommo-o, L50, M|100\/100\n|switch|p1b: Incineroar|Incineroar, L50, F|100\/100\n|switch|p2a: Sneasler|Sneasler, L50, F|100\/100\n|switch|p2b: Typhlosion|Typhlosion-Hisui, L50, M|100\/100\n|-ability|p1b: Incineroar|Intimidate|boost\n|-unboost|p2a: Sneasler|atk|1\n|-unboost|p2b: Typhlosion|atk|1\n|turn|1\n|\n|t:|1732818871\n|-terastallize|p2b: Typhlosion|Fire\n|move|p1b: Incineroar|Fake Out|p2a: Sneasler\n|-damage|p2a: Sneasler|84\/100\n|move|p2b: Typhlosion|Eruption|p1a: Kommo-o|[spread] p1a,p1b\n|-resisted|p1a: Kommo-o\n|-resisted|p1b: Incineroar\n|-damage|p1a: Kommo-o|66\/100\n|-damage|p1b: Incineroar|72\/100\n|cant|p2a: Sneasler|flinch\n|move|p1a: Kommo-o|Clangorous Soul|p1a: Kommo-o\n|-boost|p1a: Kommo-o|atk|1\n|-boost|p1a: Kommo-o|def|1\n|-boost|p1a: Kommo-o|spa|1\n|-boost|p1a: Kommo-o|spd|1\n|-boost|p1a: Kommo-o|spe|1\n|-damage|p1a: Kommo-o|33\/100\n|-enditem|p1a: Kommo-o|Throat Spray\n|-boost|p1a: Kommo-o|spa|1|[from] item: Throat Spray\n|\n|upkeep\n|turn|2\n|inactive|SnarkyShane has 30 seconds left.\n|\n|t:|1732818897\n|switch|p2a: Whimsicott|Whimsicott, L50, M|100\/100\n|move|p2b: Typhlosion|Eruption|p1a: Kommo-o|[spread] p1a,p1b\n|-resisted|p1a: Kommo-o\n|-crit|p1a: Kommo-o\n|-resisted|p1b: Incineroar\n|-damage|p1a: Kommo-o|0 fnt\n|-damage|p1b: Incineroar|44\/100\n|-enditem|p1b: Incineroar|Sitrus Berry|[eat]\n|-heal|p1b: Incineroar|69\/100|[from] item: Sitrus Berry\n|faint|p1a: Kommo-o\n|move|p1b: Incineroar|Parting Shot|p2b: Typhlosion\n|-unboost|p2b: Typhlosion|atk|1\n|-unboost|p2b: Typhlosion|spa|1\n|\n|t:|1732818908\n|switch|p1b: Sneasler|Sneasler, L50, M|100\/100|[from] Parting Shot\n|\n|upkeep\n|\n|t:|1732818911\n|switch|p1a: Incineroar|Incineroar, L50, F|69\/100\n|-ability|p1a: Incineroar|Intimidate|boost\n|-unboost|p2a: Whimsicott|atk|1\n|-unboost|p2b: Typhlosion|atk|1\n|turn|3\n|\n|t:|1732818926\n|switch|p2b: Ursaluna|Ursaluna-Bloodmoon, L50, M|100\/100\n|move|p2a: Whimsicott|Tailwind|p2a: Whimsicott\n|-sidestart|p2: Shredted08|move: Tailwind\n|move|p1b: Sneasler|Dire Claw|p2a: Whimsicott\n|-supereffective|p2a: Whimsicott\n|-damage|p2a: Whimsicott|0 fnt\n|faint|p2a: Whimsicott\n|move|p1a: Incineroar|Flare Blitz|p2b: Ursaluna\n|-damage|p2b: Ursaluna|66\/100\n|-damage|p1a: Incineroar|58\/100|[from] Recoil\n|\n|upkeep\n|\n|t:|1732818934\n|switch|p2a: Typhlosion|Typhlosion-Hisui, L50, M, tera:Fire|100\/100\n|turn|4\n|inactive|SnarkyShane has 30 seconds left.\n|\n|t:|1732818961\n|-terastallize|p1b: Sneasler|Stellar\n|move|p2a: Typhlosion|Eruption|p1b: Sneasler|[spread] p1a,p1b\n|-resisted|p1a: Incineroar\n|-damage|p1a: Incineroar|29\/100\n|-enditem|p1b: Sneasler|Focus Sash\n|-damage|p1b: Sneasler|1\/100\n|move|p1b: Sneasler|Close Combat|p2b: Ursaluna\n|-supereffective|p2b: Ursaluna\n|-damage|p2b: Ursaluna|0 fnt\n|-unboost|p1b: Sneasler|def|1\n|-unboost|p1b: Sneasler|spd|1\n|faint|p2b: Ursaluna\n|move|p1a: Incineroar|Darkest Lariat|p2a: Typhlosion\n|-damage|p2a: Typhlosion|56\/100\n|\n|upkeep\n|\n|t:|1732818977\n|switch|p2b: Sneasler|Sneasler, L50, F|84\/100\n|turn|5\n|\n|t:|1732818998\n|move|p2a: Typhlosion|Eruption|p1b: Sneasler|[spread] p1a,p1b\n|-resisted|p1a: Incineroar\n|-damage|p1a: Incineroar|12\/100\n|-damage|p1b: Sneasler|0 fnt\n|faint|p1b: Sneasler\n|move|p2b: Sneasler|Close Combat|p1a: Incineroar\n|-supereffective|p1a: Incineroar\n|-damage|p1a: Incineroar|0 fnt\n|-unboost|p2b: Sneasler|def|1\n|-unboost|p2b: Sneasler|spd|1\n|faint|p1a: Incineroar\n|\n|upkeep\n|-message|SnarkyShane forfeited.\n|\n|win|Shredted08\n|raw|SnarkyShane's rating: 1739 &rarr; <strong>1714<\/strong><br \/>(-25 for losing)\n|raw|Shredted08's rating: 1646 &rarr; <strong>1671<\/strong><br \/>(+25 for winning)\n|l|\u2606SnarkyShane\n|player|p1|\n|l|\u2606Shredted08\n|player|p2|\n","uploadtime":1732819009,"views":20,"formatid":"gen9vgc2024regh","rating":1671,"private":0,"password":null}