{"id":"gen9vgc2024regh-2252129063","format":"[Gen 9] VGC 2024 Reg H","players":["pkmnhh","juacox300"],"log":"|j|\u2606pkmnhh\n|j|\u2606juacox300\n|t:|1732716910\n|gametype|doubles\n|player|p1|pkmnhh|interviewers|1691\n|player|p2|juacox300|unknown|1773\n|teamsize|p1|6\n|teamsize|p2|6\n|gen|9\n|tier|[Gen 9] VGC 2024 Reg H\n|rated|\n|rule|Species Clause: Limit one of each Pok\u00e9mon\n|rule|Item Clause: Limit 1 of each item\n|clearpoke\n|poke|p1|Whimsicott, L50, F|\n|poke|p1|Typhlosion-Hisui, L50, F|\n|poke|p1|Dragonite, L50, M|\n|poke|p1|Venusaur, L50, F|\n|poke|p1|Farigiraf, L50, M|\n|poke|p1|Sneasler, L50, M|\n|poke|p2|Ursaluna, L50, F|\n|poke|p2|Murkrow, L50, M|\n|poke|p2|Sneasler, L50, M|\n|poke|p2|Indeedee, L50, M|\n|poke|p2|Archaludon, L50, M|\n|poke|p2|Incineroar, L50, F|\n|teampreview|4\n|inactive|Battle timer is ON: inactive players will automatically lose when time's up. (requested by pkmnhh)\n|\n|t:|1732716941\n|start\n|switch|p1a: Whimsicott|Whimsicott, L50, F|100\/100\n|switch|p1b: Venusaur|Venusaur, L50, F|100\/100\n|switch|p2a: Alfred|Indeedee, L50, M, shiny|100\/100\n|switch|p2b: Tommau|Sneasler, L50, M|100\/100\n|-fieldstart|move: Psychic Terrain|[from] ability: Psychic Surge|[of] p2a: Alfred\n|-enditem|p2b: Tommau|Psychic Seed\n|-boost|p2b: Tommau|spd|1|[from] item: Psychic Seed\n|turn|1\n|\n|t:|1732716955\n|move|p1a: Whimsicott|Sunny Day|p1a: Whimsicott\n|-weather|SunnyDay\n|move|p2b: Tommau|Dire Claw|p1a: Whimsicott\n|-supereffective|p1a: Whimsicott\n|-enditem|p1a: Whimsicott|Focus Sash\n|-damage|p1a: Whimsicott|1\/100\n|move|p1b: Venusaur|Sleep Powder|p2a: Alfred\n|-status|p2a: Alfred|slp|[from] move: Sleep Powder\n|cant|p2a: Alfred|slp\n|\n|-weather|SunnyDay|[upkeep]\n|upkeep\n|turn|2\n|\n|t:|1732716969\n|move|p2b: Tommau|Protect|p2b: Tommau\n|-singleturn|p2b: Tommau|Protect\n|move|p1a: Whimsicott|Tailwind|p1a: Whimsicott\n|-sidestart|p1: pkmnhh|move: Tailwind\n|move|p1b: Venusaur|Sleep Powder|p2b: Tommau\n|-activate|p2b: Tommau|move: Protect\n|cant|p2a: Alfred|slp\n|\n|-weather|SunnyDay|[upkeep]\n|upkeep\n|turn|3\n|\n|t:|1732716984\n|switch|p2b: Murkrow|Murkrow, L50, M|100\/100\n|move|p1b: Venusaur|Weather Ball|p2a: Alfred\n|-damage|p2a: Alfred|29\/100 slp\n|move|p1a: Whimsicott|Moonblast|p2b: Murkrow\n|-supereffective|p2b: Murkrow\n|-damage|p2b: Murkrow|31\/100\n|-curestatus|p2a: Alfred|slp|[msg]\n|move|p2a: Alfred|Expanding Force|p1a: Whimsicott|[spread] p1a,p1b\n|-supereffective|p1b: Venusaur\n|-damage|p1a: Whimsicott|0 fnt\n|-damage|p1b: Venusaur|0 fnt\n|faint|p1a: Whimsicott\n|faint|p1b: Venusaur\n|\n|-weather|SunnyDay|[upkeep]\n|upkeep\n|\n|t:|1732716986\n|switch|p1a: Typhlosion|Typhlosion-Hisui, L50, F|100\/100\n|switch|p1b: Dragonite|Dragonite, L50, M|100\/100\n|-item|p2a: Alfred|Choice Scarf|[from] ability: Frisk|[of] p1a: Typhlosion\n|-item|p2b: Murkrow|Eviolite|[from] ability: Frisk|[of] p1a: Typhlosion\n|turn|4\n|\n|t:|1732716996\n|-terastallize|p1a: Typhlosion|Fire\n|move|p1b: Dragonite|Extreme Speed|p2b: Murkrow\n|-hint|Psychic Terrain doesn't affect Pok\u00e9mon immune to Ground.\n|-damage|p2b: Murkrow|0 fnt\n|faint|p2b: Murkrow\n|move|p1a: Typhlosion|Eruption|p2a: Alfred\n|-damage|p2a: Alfred|0 fnt\n|faint|p2a: Alfred\n|\n|-weather|SunnyDay|[upkeep]\n|upkeep\n|\n|t:|1732717001\n|switch|p2a: Incineroar|Incineroar, L50, F|100\/100\n|switch|p2b: Tommau|Sneasler, L50, M|100\/100\n|-ability|p2a: Incineroar|Intimidate|boost\n|-unboost|p1a: Typhlosion|atk|1\n|-fail|p1b: Dragonite|unboost|Attack|[from] ability: Inner Focus|[of] p1b: Dragonite\n|turn|5\n|\n|t:|1732717008\n|move|p2b: Tommau|Protect|p2b: Tommau\n|-singleturn|p2b: Tommau|Protect\n|move|p1a: Typhlosion|Eruption|p2b: Tommau|[spread] p2a\n|-activate|p2b: Tommau|move: Protect\n|-resisted|p2a: Incineroar\n|-damage|p2a: Incineroar|64\/100\n|move|p1b: Dragonite|Stomping Tantrum|p2a: Incineroar\n|-supereffective|p2a: Incineroar\n|-damage|p2a: Incineroar|7\/100\n|move|p2a: Incineroar|Snarl|p1b: Dragonite|[spread] p1a,p1b\n|-damage|p1a: Typhlosion|86\/100\n|-damage|p1b: Dragonite|93\/100\n|-unboost|p1a: Typhlosion|spa|1\n|-unboost|p1b: Dragonite|spa|1\n|\n|-weather|none\n|-sideend|p1: pkmnhh|move: Tailwind\n|-fieldend|move: Psychic Terrain\n|upkeep\n|turn|6\n|\n|t:|1732717016\n|move|p1b: Dragonite|Extreme Speed|p2b: Tommau\n|-damage|p2b: Tommau|43\/100\n|move|p1a: Typhlosion|Eruption|p2b: Tommau|[spread] p2a,p2b\n|-resisted|p2a: Incineroar\n|-damage|p2a: Incineroar|0 fnt\n|-damage|p2b: Tommau|0 fnt\n|faint|p2a: Incineroar\n|faint|p2b: Tommau\n|\n|win|pkmnhh\n|raw|pkmnhh's rating: 1691 &rarr; <strong>1716<\/strong><br \/>(+25 for winning)\n|raw|juacox300's rating: 1773 &rarr; <strong>1748<\/strong><br \/>(-25 for losing)\n","uploadtime":1732717019,"views":21,"formatid":"gen9vgc2024regh","rating":1716,"private":0,"password":null}