{"id":"gen9vgc2024regh-2252727492","format":"[Gen 9] VGC 2024 Reg H","players":["chang21","Djjwjwwjj"],"log":"|j|\u2606chang21\n|j|\u2606Djjwjwwjj\n|t:|1732795654\n|gametype|doubles\n|player|p1|chang21|veteran-gen4|1716\n|player|p2|Djjwjwwjj|266|1821\n|teamsize|p1|6\n|teamsize|p2|6\n|gen|9\n|tier|[Gen 9] VGC 2024 Reg H\n|rated|\n|rule|Species Clause: Limit one of each Pok\u00e9mon\n|rule|Item Clause: Limit 1 of each item\n|clearpoke\n|poke|p1|Sneasler, L50, F|\n|poke|p1|Baxcalibur, L50, F|\n|poke|p1|Rillaboom, L50, M|\n|poke|p1|Basculegion, L50, M|\n|poke|p1|Volcarona, L50, M|\n|poke|p1|Kingambit, L50, F|\n|poke|p2|Palafin, L50, F|\n|poke|p2|Pelipper, L50, M|\n|poke|p2|Electabuzz, L50, F|\n|poke|p2|Rillaboom, L50, M|\n|poke|p2|Incineroar, L50, F|\n|poke|p2|Gholdengo, L50|\n|teampreview|4\n|inactive|Battle timer is ON: inactive players will automatically lose when time's up. (requested by Djjwjwwjj)\n|inactive|chang21 has 60 seconds left.\n|\n|t:|1732795714\n|start\n|switch|p1a: Sneasler|Sneasler, L50, F|100\/100\n|switch|p1b: Kingambit|Kingambit, L50, F|100\/100\n|switch|p2a: Palafin|Palafin, L50, F|100\/100\n|switch|p2b: Pelipper|Pelipper, L50, M|100\/100\n|-weather|RainDance|[from] ability: Drizzle|[of] p2b: Pelipper\n|turn|1\n|\n|t:|1732795730\n|move|p1a: Sneasler|Fake Out|p2b: Pelipper\n|-damage|p2b: Pelipper|80\/100\n|move|p2a: Palafin|Jet Punch|p1a: Sneasler\n|-damage|p1a: Sneasler|36\/100\n|cant|p2b: Pelipper|flinch\n|move|p1b: Kingambit|Kowtow Cleave|p2b: Pelipper\n|-damage|p2b: Pelipper|10\/100\n|\n|-weather|RainDance|[upkeep]\n|upkeep\n|turn|2\n|inactive|Djjwjwwjj has 30 seconds left.\n|\n|t:|1732795757\n|switch|p2b: Rillaboom|Rillaboom, L50, M|100\/100\n|-fieldstart|move: Grassy Terrain|[from] ability: Grassy Surge|[of] p2b: Rillaboom\n|switch|p1a: Basculegion|Basculegion, L50, M|100\/100\n|move|p2a: Palafin|Jet Punch|p1a: Basculegion\n|-resisted|p1a: Basculegion\n|-damage|p1a: Basculegion|79\/100\n|move|p1b: Kingambit|Sucker Punch||[still]\n|-fail|p1b: Kingambit\n|\n|-weather|RainDance|[upkeep]\n|-heal|p1a: Basculegion|85\/100|[from] Grassy Terrain\n|upkeep\n|turn|3\n|inactive|chang21 has 30 seconds left.\n|j| bieiup\n|inactive|chang21 has 20 seconds left.\n|\n|t:|1732795794\n|switch|p1a: Volcarona|Volcarona, L50, M|100\/100\n|move|p2b: Rillaboom|Grassy Glide|p1a: Volcarona\n|-resisted|p1a: Volcarona\n|-damage|p1a: Volcarona|89\/100\n|-status|p2b: Rillaboom|brn|[from] ability: Flame Body|[of] p1a: Volcarona\n|move|p2a: Palafin|Drain Punch|p1b: Kingambit\n|-supereffective|p1b: Kingambit\n|-damage|p1b: Kingambit|43\/100\n|move|p1b: Kingambit|Kowtow Cleave|p2a: Palafin\n|-damage|p2a: Palafin|39\/100\n|\n|-weather|RainDance|[upkeep]\n|-heal|p1a: Volcarona|95\/100|[from] Grassy Terrain\n|-heal|p2a: Palafin|45\/100|[from] Grassy Terrain\n|-heal|p1b: Kingambit|49\/100|[from] Grassy Terrain\n|-damage|p2b: Rillaboom|94\/100 brn|[from] brn\n|upkeep\n|turn|4\n|inactive|chang21 has 30 seconds left.\n|inactive|Djjwjwwjj has 30 seconds left.\n|inactive|Djjwjwwjj has 20 seconds left.\n|inactive|Djjwjwwjj has 15 seconds left.\n|inactive|Djjwjwwjj has 10 seconds left.\n|inactive|Djjwjwwjj has 5 seconds left.\n|\n|t:|1732795847\n|-terastallize|p1a: Volcarona|Fairy\n|-terastallize|p2a: Palafin|Fighting\n|move|p1b: Kingambit|Sucker Punch|p2a: Palafin\n|-resisted|p2a: Palafin\n|-damage|p2a: Palafin|23\/100\n|move|p1a: Volcarona|Quiver Dance|p1a: Volcarona\n|-boost|p1a: Volcarona|spa|1\n|-boost|p1a: Volcarona|spd|1\n|-boost|p1a: Volcarona|spe|1\n|move|p2a: Palafin|Drain Punch|p1b: Kingambit\n|-supereffective|p1b: Kingambit\n|-damage|p1b: Kingambit|0 fnt\n|-heal|p2a: Palafin|48\/100|[from] drain|[of] p1b: Kingambit\n|faint|p1b: Kingambit\n|move|p2b: Rillaboom|High Horsepower|p1a: Volcarona\n|-damage|p1a: Volcarona|72\/100\n|\n|-weather|RainDance|[upkeep]\n|-heal|p1a: Volcarona|78\/100|[from] Grassy Terrain\n|-heal|p2a: Palafin|54\/100|[from] Grassy Terrain\n|-heal|p2b: Rillaboom|100\/100 brn|[from] Grassy Terrain\n|-damage|p2b: Rillaboom|94\/100 brn|[from] brn\n|upkeep\n|\n|t:|1732795867\n|switch|p1b: Sneasler|Sneasler, L50, F|36\/100\n|turn|5\n|inactive|chang21 has 30 seconds left.\n|\n|t:|1732795898\n|switch|p2b: Incineroar|Incineroar, L50, F|100\/100\n|-ability|p2b: Incineroar|Intimidate|boost\n|-unboost|p1a: Volcarona|atk|1\n|-unboost|p1b: Sneasler|atk|1\n|move|p1b: Sneasler|Fake Out|p2a: Palafin\n|-damage|p2a: Palafin|42\/100\n|move|p2a: Palafin|Jet Punch|p1b: Sneasler\n|-damage|p1b: Sneasler|0 fnt\n|faint|p1b: Sneasler\n|move|p1a: Volcarona|Heat Wave|p2a: Palafin|[spread] p2a,p2b\n|-resisted|p2b: Incineroar\n|-damage|p2a: Palafin|8\/100\n|-damage|p2b: Incineroar|88\/100\n|\n|-weather|none\n|-heal|p1a: Volcarona|84\/100|[from] Grassy Terrain\n|-heal|p2a: Palafin|14\/100|[from] Grassy Terrain\n|-heal|p2b: Incineroar|94\/100|[from] Grassy Terrain\n|upkeep\n|\n|t:|1732795911\n|switch|p1b: Basculegion|Basculegion, L50, M|85\/100\n|turn|6\n|inactive|Djjwjwwjj has 30 seconds left.\n|inactive|Djjwjwwjj has 20 seconds left.\n|inactive|Djjwjwwjj has 15 seconds left.\n|inactive|Djjwjwwjj has 10 seconds left.\n|\n|t:|1732795957\n|switch|p2b: Rillaboom|Rillaboom, L50, M|94\/100 brn\n|move|p1a: Volcarona|Heat Wave|p2a: Palafin|[spread] p2a,p2b\n|-supereffective|p2b: Rillaboom\n|-damage|p2a: Palafin|0 fnt\n|-damage|p2b: Rillaboom|3\/100 brn\n|faint|p2a: Palafin\n|move|p1b: Basculegion|Wave Crash|p2b: Rillaboom\n|-resisted|p2b: Rillaboom\n|-damage|p2b: Rillaboom|0 fnt\n|faint|p2b: Rillaboom\n|-damage|p1b: Basculegion|84\/100|[from] Recoil\n|\n|-heal|p1a: Volcarona|90\/100|[from] Grassy Terrain\n|-heal|p1b: Basculegion|90\/100|[from] Grassy Terrain\n|-fieldend|move: Grassy Terrain\n|upkeep\n|\n|t:|1732795973\n|switch|p2a: Pelipper|Pelipper, L50, M|10\/100\n|switch|p2b: Incineroar|Incineroar, L50, F|94\/100\n|-weather|RainDance|[from] ability: Drizzle|[of] p2a: Pelipper\n|-ability|p2b: Incineroar|Intimidate|boost\n|-unboost|p1a: Volcarona|atk|1\n|-unboost|p1b: Basculegion|atk|1\n|turn|7\n|\n|t:|1732795983\n|move|p1a: Volcarona|Tera Blast|p2a: Pelipper|[anim] Tera Blast Fairy\n|-damage|p2a: Pelipper|0 fnt\n|faint|p2a: Pelipper\n|move|p1b: Basculegion|Wave Crash|p2b: Incineroar\n|-supereffective|p2b: Incineroar\n|-damage|p2b: Incineroar|0 fnt\n|faint|p2b: Incineroar\n|-damage|p1b: Basculegion|59\/100|[from] Recoil\n|\n|win|chang21\n|raw|chang21's rating: 1716 &rarr; <strong>1742<\/strong><br \/>(+26 for winning)\n|raw|Djjwjwwjj's rating: 1821 &rarr; <strong>1795<\/strong><br \/>(-26 for losing)\n|l|\u2606Djjwjwwjj\n|player|p2|\n|l|\u2606chang21\n|player|p1|\n","uploadtime":1732796160,"views":8,"formatid":"gen9vgc2024regh","rating":1742,"private":0,"password":null}