{"id":"gen9vgc2024regh-2252288284","format":"[Gen 9] VGC 2024 Reg H","players":["zonavideovigilada","blassO11"],"log":"|j|\u2606zonavideovigilada\n|j|\u2606blassO11\n|t:|1732733878\n|gametype|doubles\n|player|p1|zonavideovigilada|101|1649\n|player|p2|blassO11|benga|1694\n|teamsize|p1|6\n|teamsize|p2|6\n|gen|9\n|tier|[Gen 9] VGC 2024 Reg H\n|rated|\n|rule|Species Clause: Limit one of each Pok\u00e9mon\n|rule|Item Clause: Limit 1 of each item\n|clearpoke\n|poke|p1|Rillaboom, L50, F|\n|poke|p1|Dragonite, L50, F|\n|poke|p1|Gholdengo, L50|\n|poke|p1|Maushold, L50|\n|poke|p1|Talonflame, L50, M|\n|poke|p1|Annihilape, L50, M|\n|poke|p2|Kingambit, L50, M|\n|poke|p2|Primarina, L50, M|\n|poke|p2|Sneasler, L50, F|\n|poke|p2|Magmar, L50, F|\n|poke|p2|Rillaboom, L50, M|\n|poke|p2|Dragapult, L50, M|\n|teampreview|4\n|\n|t:|1732733900\n|start\n|switch|p1a: Maushold|Maushold, L50|100\/100\n|switch|p1b: Gholdengo|Gholdengo, L50|100\/100\n|switch|p2a: Magmar|Magmar, L50, F, shiny|100\/100\n|switch|p2b: Sneasler|Sneasler, L50, F, shiny|100\/100\n|turn|1\n|inactive|Battle timer is ON: inactive players will automatically lose when time's up. (requested by zonavideovigilada)\n|\n|t:|1732733926\n|move|p1a: Maushold|Protect|p1a: Maushold\n|-singleturn|p1a: Maushold|Protect\n|move|p2b: Sneasler|Dire Claw|p1a: Maushold\n|-activate|p1a: Maushold|move: Protect\n|move|p1b: Gholdengo|Make It Rain|p2b: Sneasler|[spread] p2a,p2b\n|-resisted|p2a: Magmar\n|-damage|p2a: Magmar|72\/100\n|-enditem|p2b: Sneasler|Focus Sash\n|-damage|p2b: Sneasler|1\/100\n|-unboost|p1b: Gholdengo|spa|1\n|move|p2a: Magmar|Overheat|p1b: Gholdengo\n|-supereffective|p1b: Gholdengo\n|-damage|p1b: Gholdengo|18\/100\n|-unboost|p2a: Magmar|spa|2\n|\n|upkeep\n|turn|2\n|\n|t:|1732733949\n|move|p1a: Maushold|Feint|p2b: Sneasler\n|-damage|p2b: Sneasler|0 fnt\n|faint|p2b: Sneasler\n|move|p1b: Gholdengo|Make It Rain|p2a: Magmar\n|-resisted|p2a: Magmar\n|-damage|p2a: Magmar|47\/100\n|-unboost|p1b: Gholdengo|spa|1\n|move|p2a: Magmar|Overheat|p1b: Gholdengo\n|-supereffective|p1b: Gholdengo\n|-damage|p1b: Gholdengo|0 fnt\n|-unboost|p2a: Magmar|spa|2\n|faint|p1b: Gholdengo\n|\n|upkeep\n|\n|t:|1732733964\n|switch|p2b: Dragapult|Dragapult, L50, M, shiny|100\/100\n|switch|p1b: Dragonite|Dragonite, L50, F|100\/100\n|turn|3\n|\n|t:|1732733975\n|-terastallize|p2a: Magmar|Ghost\n|move|p1a: Maushold|Follow Me|p1a: Maushold\n|-singleturn|p1a: Maushold|move: Follow Me\n|move|p2a: Magmar|Follow Me|p2a: Magmar\n|-singleturn|p2a: Magmar|move: Follow Me\n|move|p2b: Dragapult|Dragon Darts|p1a: Maushold\n|-damage|p1a: Maushold|47\/100\n|-anim|p2b: Dragapult|Dragon Darts|p1a: Maushold\n|-damage|p1a: Maushold|0 fnt\n|faint|p1a: Maushold\n|move|p1b: Dragonite|Scale Shot|p2a: Magmar\n|-damage|p2a: Magmar|35\/100\n|-damage|p2a: Magmar|22\/100\n|-damage|p2a: Magmar|11\/100\n|-damage|p2a: Magmar|0 fnt\n|faint|p2a: Magmar\n|-hitcount|p2: Magmar|4\n|-unboost|p1b: Dragonite|def|1\n|-boost|p1b: Dragonite|spe|1\n|\n|upkeep\n|\n|t:|1732733993\n|switch|p1a: Talonflame|Talonflame, L50, M|100\/100\n|switch|p2a: Kingambit|Kingambit, L50, M|100\/100\n|turn|4\n|j| mpudi\n|\n|t:|1732734012\n|move|p1a: Talonflame|Tailwind|p1a: Talonflame\n|-sidestart|p1: zonavideovigilada|move: Tailwind\n|move|p1b: Dragonite|Scale Shot|p2b: Dragapult\n|-supereffective|p2b: Dragapult\n|-damage|p2b: Dragapult|63\/100\n|-supereffective|p2b: Dragapult\n|-damage|p2b: Dragapult|19\/100\n|-supereffective|p2b: Dragapult\n|-damage|p2b: Dragapult|0 fnt\n|faint|p2b: Dragapult\n|-hitcount|p2: Dragapult|3\n|-unboost|p1b: Dragonite|def|1\n|-boost|p1b: Dragonite|spe|1\n|move|p2a: Kingambit|Kowtow Cleave|p1b: Dragonite\n|-damage|p1b: Dragonite|36\/100\n|\n|upkeep\n|turn|5\n|\n|t:|1732734033\n|move|p2a: Kingambit|Sucker Punch||[still]\n|-fail|p2a: Kingambit\n|move|p1b: Dragonite|Haze|p1b: Dragonite\n|-clearallboost\n|move|p1a: Talonflame|Flare Blitz|p2a: Kingambit\n|-supereffective|p2a: Kingambit\n|-crit|p2a: Kingambit\n|-damage|p2a: Kingambit|0 fnt\n|faint|p2a: Kingambit\n|-damage|p1a: Talonflame|56\/100|[from] Recoil\n|-damage|p1a: Talonflame|47\/100|[from] item: Life Orb\n|\n|win|zonavideovigilada\n|raw|zonavideovigilada's rating: 1649 &rarr; <strong>1672<\/strong><br \/>(+23 for winning)\n|raw|blassO11's rating: 1694 &rarr; <strong>1671<\/strong><br \/>(-23 for losing)\n|l|\u2606blassO11\n|player|p2|\n|l|\u2606zonavideovigilada\n|player|p1|\n","uploadtime":1732734191,"views":5,"formatid":"gen9vgc2024regh","rating":1671,"private":0,"password":null}