{"id":"gen9vgc2024regh-2252264128","format":"[Gen 9] VGC 2024 Reg H","players":["orudbeck","pkmnhh"],"log":"|j|\u2606orudbeck\n|j|\u2606pkmnhh\n|t:|1732731391\n|gametype|doubles\n|player|p1|orudbeck|266|1649\n|player|p2|pkmnhh|interviewers|1695\n|teamsize|p1|6\n|teamsize|p2|6\n|gen|9\n|tier|[Gen 9] VGC 2024 Reg H\n|rated|\n|rule|Species Clause: Limit one of each Pok\u00e9mon\n|rule|Item Clause: Limit 1 of each item\n|clearpoke\n|poke|p1|Tyranitar, L50, F|\n|poke|p1|Mamoswine, L50, M|\n|poke|p1|Dragonite, L50, F|\n|poke|p1|Amoonguss, L50, F|\n|poke|p1|Kilowattrel, L50, M|\n|poke|p1|Gholdengo, L50|\n|poke|p2|Whimsicott, L50, M|\n|poke|p2|Typhlosion-Hisui, L50, F|\n|poke|p2|Dragonite, L50, M|\n|poke|p2|Venusaur, L50, M|\n|poke|p2|Farigiraf, L50, F|\n|poke|p2|Sneasler, L50, M|\n|teampreview|4\n|inactive|Battle timer is ON: inactive players will automatically lose when time's up. (requested by pkmnhh)\n|j| mentalrofl\n|inactive|orudbeck has 60 seconds left.\n|\n|t:|1732731423\n|start\n|switch|p1a: Kilowattrel|Kilowattrel, L50, M|100\/100\n|switch|p1b: Mamoswine|Mamoswine, L50, M|100\/100\n|switch|p2a: Whimsicott|Whimsicott, L50, M|100\/100\n|switch|p2b: Venusaur|Venusaur, L50, M|100\/100\n|turn|1\n|l| mentalrofl\n|inactive|orudbeck has 30 seconds left.\n|\n|t:|1732731451\n|move|p2a: Whimsicott|Sunny Day|p2a: Whimsicott\n|-weather|SunnyDay\n|move|p2b: Venusaur|Sleep Powder|p1b: Mamoswine\n|-status|p1b: Mamoswine|slp|[from] move: Sleep Powder\n|move|p1a: Kilowattrel|Air Slash|p2a: Whimsicott\n|-supereffective|p2a: Whimsicott\n|-enditem|p2a: Whimsicott|Focus Sash\n|-damage|p2a: Whimsicott|1\/100\n|cant|p1b: Mamoswine|slp\n|\n|-weather|SunnyDay|[upkeep]\n|upkeep\n|turn|2\n|\n|t:|1732731470\n|switch|p1b: Tyranitar|Tyranitar, L50, F|100\/100\n|-weather|Sandstorm|[from] ability: Sand Stream|[of] p1b: Tyranitar\n|move|p2a: Whimsicott|Tailwind|p2a: Whimsicott\n|-sidestart|p2: pkmnhh|move: Tailwind\n|move|p2b: Venusaur|Weather Ball|p1b: Tyranitar\n|-damage|p1b: Tyranitar|89\/100\n|move|p1a: Kilowattrel|Air Slash|p2b: Venusaur\n|-supereffective|p2b: Venusaur\n|-damage|p2b: Venusaur|34\/100\n|\n|-weather|Sandstorm|[upkeep]\n|-damage|p2a: Whimsicott|0 fnt|[from] Sandstorm\n|-damage|p2b: Venusaur|28\/100|[from] Sandstorm\n|-damage|p1a: Kilowattrel|94\/100|[from] Sandstorm\n|faint|p2a: Whimsicott\n|upkeep\n|\n|t:|1732731481\n|switch|p2a: Dragonite|Dragonite, L50, M|100\/100\n|turn|3\n|\n|t:|1732731492\n|-terastallize|p2a: Dragonite|Normal\n|move|p2b: Venusaur|Sleep Powder|p1a: Kilowattrel\n|-status|p1a: Kilowattrel|slp|[from] move: Sleep Powder\n|move|p2a: Dragonite|Stomping Tantrum|p1b: Tyranitar\n|-supereffective|p1b: Tyranitar\n|-damage|p1b: Tyranitar|42\/100\n|cant|p1a: Kilowattrel|slp\n|move|p1b: Tyranitar|Rock Slide|p2a: Dragonite|[spread] p2a,p2b\n|-damage|p2a: Dragonite|67\/100\n|-damage|p2b: Venusaur|0 fnt\n|faint|p2b: Venusaur\n|\n|-weather|Sandstorm|[upkeep]\n|-damage|p2a: Dragonite|61\/100|[from] Sandstorm\n|-damage|p1a: Kilowattrel|88\/100 slp|[from] Sandstorm\n|upkeep\n|\n|t:|1732731497\n|switch|p2b: Typhlosion|Typhlosion-Hisui, L50, F|100\/100\n|-item|p1a: Kilowattrel|Covert Cloak|[from] ability: Frisk|[of] p2b: Typhlosion\n|-item|p1b: Tyranitar|Assault Vest|[from] ability: Frisk|[of] p2b: Typhlosion\n|turn|4\n|inactive|orudbeck has 30 seconds left.\n|\n|t:|1732731524\n|-terastallize|p1b: Tyranitar|Flying\n|move|p2b: Typhlosion|Heat Wave|p1a: Kilowattrel|[spread] p1a,p1b\n|-damage|p1a: Kilowattrel|26\/100 slp\n|-damage|p1b: Tyranitar|22\/100\n|move|p2a: Dragonite|Stomping Tantrum|p1b: Tyranitar\n|-immune|p1b: Tyranitar\n|cant|p1a: Kilowattrel|slp\n|move|p1b: Tyranitar|Rock Slide|p2b: Typhlosion|[spread] p2a,p2b\n|-supereffective|p2b: Typhlosion\n|-damage|p2a: Dragonite|28\/100\n|-damage|p2b: Typhlosion|3\/100\n|\n|-weather|Sandstorm|[upkeep]\n|-damage|p2b: Typhlosion|0 fnt|[from] Sandstorm\n|-damage|p2a: Dragonite|22\/100|[from] Sandstorm\n|-damage|p1a: Kilowattrel|20\/100 slp|[from] Sandstorm\n|-damage|p1b: Tyranitar|16\/100|[from] Sandstorm\n|faint|p2b: Typhlosion\n|upkeep\n|turn|5\n|j| GexkaXXV\n|\n|t:|1732731547\n|cant|p1a: Kilowattrel|slp\n|move|p2a: Dragonite|Ice Spinner|p1b: Tyranitar\n|-supereffective|p1b: Tyranitar\n|-damage|p1b: Tyranitar|0 fnt\n|faint|p1b: Tyranitar\n|\n|-weather|Sandstorm|[upkeep]\n|-damage|p2a: Dragonite|16\/100|[from] Sandstorm\n|-damage|p1a: Kilowattrel|14\/100 slp|[from] Sandstorm\n|-sideend|p2: pkmnhh|move: Tailwind\n|upkeep\n|\n|t:|1732731555\n|switch|p1b: Mamoswine|Mamoswine, L50, M|100\/100 slp\n|turn|6\n|\n|t:|1732731568\n|-curestatus|p1a: Kilowattrel|slp|[msg]\n|move|p1a: Kilowattrel|Protect|p1a: Kilowattrel\n|-singleturn|p1a: Kilowattrel|Protect\n|move|p2a: Dragonite|Extreme Speed|p1a: Kilowattrel\n|-activate|p1a: Kilowattrel|move: Protect\n|cant|p1b: Mamoswine|slp\n|\n|-weather|none\n|upkeep\n|turn|7\n|\n|t:|1732731584\n|move|p2a: Dragonite|Extreme Speed|p1a: Kilowattrel\n|-damage|p1a: Kilowattrel|0 fnt\n|faint|p1a: Kilowattrel\n|cant|p1b: Mamoswine|slp\n|\n|upkeep\n|\n|t:|1732731589\n|switch|p1a: Gholdengo|Gholdengo, L50|100\/100\n|turn|8\n|\n|t:|1732731596\n|-curestatus|p1b: Mamoswine|slp|[msg]\n|move|p1b: Mamoswine|Ice Shard|p2a: Dragonite\n|-damage|p2a: Dragonite|0 fnt\n|faint|p2a: Dragonite\n|\n|win|orudbeck\n|raw|orudbeck's rating: 1649 &rarr; <strong>1672<\/strong><br \/>(+23 for winning)\n|raw|pkmnhh's rating: 1695 &rarr; <strong>1672<\/strong><br \/>(-23 for losing)\n|l|\u2606pkmnhh\n|player|p2|\n|l|\u2606orudbeck\n|player|p1|\n|l| GexkaXXV\n","uploadtime":1732731841,"views":4,"formatid":"gen9vgc2024regh","rating":1672,"private":0,"password":null}