{"id":"gen9vgc2024regh-2252964223","format":"[Gen 9] VGC 2024 Reg H","players":["CrescentFallen","Novacast"],"log":"|j|\u2606CrescentFallen\n|j|\u2606Novacast\n|t:|1732823970\n|gametype|doubles\n|player|p1|CrescentFallen|jacq|1713\n|player|p2|Novacast|170|1653\n|teamsize|p1|6\n|teamsize|p2|6\n|gen|9\n|tier|[Gen 9] VGC 2024 Reg H\n|rated|\n|rule|Species Clause: Limit one of each Pok\u00e9mon\n|rule|Item Clause: Limit 1 of each item\n|clearpoke\n|poke|p1|Garchomp, L50, F|\n|poke|p1|Gholdengo, L50|\n|poke|p1|Salamence, L50, M|\n|poke|p1|Rillaboom, L50, F|\n|poke|p1|Volcarona, L50, F|\n|poke|p1|Tyranitar, L50, F|\n|poke|p2|Ursaluna, L50, F|\n|poke|p2|Porygon2, L50|\n|poke|p2|Incineroar, L50, F|\n|poke|p2|Dragonite, L50, M|\n|poke|p2|Gholdengo, L50|\n|poke|p2|Sneasler, L50, F|\n|teampreview|4\n|inactive|Battle timer is ON: inactive players will automatically lose when time's up. (requested by Novacast)\n|\n|t:|1732823999\n|start\n|switch|p1a: Volcarona|Volcarona, L50, F|100\/100\n|switch|p1b: Gholdengo|Gholdengo, L50|100\/100\n|switch|p2a: Incineroar|Incineroar, L50, F, shiny|100\/100\n|switch|p2b: Sneasler|Sneasler, L50, F, shiny|100\/100\n|-ability|p2a: Incineroar|Intimidate|boost\n|-unboost|p1a: Volcarona|atk|1\n|-unboost|p1b: Gholdengo|atk|1\n|turn|1\n|j| AiresICantReadChat\n|\n|t:|1732824016\n|move|p1b: Gholdengo|Protect|p1b: Gholdengo\n|-singleturn|p1b: Gholdengo|Protect\n|move|p2b: Sneasler|Coaching|p2a: Incineroar\n|-boost|p2a: Incineroar|atk|1\n|-boost|p2a: Incineroar|def|1\n|move|p1a: Volcarona|Will-O-Wisp|p2b: Sneasler\n|-status|p2b: Sneasler|brn\n|move|p2a: Incineroar|Knock Off|p1b: Gholdengo\n|-activate|p1b: Gholdengo|move: Protect\n|\n|-damage|p2b: Sneasler|95\/100 brn|[from] brn\n|upkeep\n|turn|2\n|\n|t:|1732824026\n|move|p2b: Sneasler|Coaching|p2a: Incineroar\n|-boost|p2a: Incineroar|atk|1\n|-boost|p2a: Incineroar|def|1\n|move|p1b: Gholdengo|Make It Rain|p2b: Sneasler|[spread] p2a,p2b\n|-resisted|p2a: Incineroar\n|-damage|p2a: Incineroar|72\/100\n|-damage|p2b: Sneasler|9\/100 brn\n|-unboost|p1b: Gholdengo|spa|1\n|-damage|p1b: Gholdengo|91\/100|[from] item: Life Orb\n|move|p1a: Volcarona|Fiery Dance|p2a: Incineroar\n|-resisted|p2a: Incineroar\n|-damage|p2a: Incineroar|56\/100\n|move|p2a: Incineroar|Knock Off|p1b: Gholdengo\n|-supereffective|p1b: Gholdengo\n|-damage|p1b: Gholdengo|0 fnt\n|-enditem|p1b: Gholdengo|Life Orb|[from] move: Knock Off|[of] p2a: Incineroar\n|faint|p1b: Gholdengo\n|\n|-damage|p2b: Sneasler|4\/100 brn|[from] brn\n|upkeep\n|\n|t:|1732824037\n|switch|p1b: Garchomp|Garchomp, L50, F|100\/100\n|turn|3\n|inactive|Novacast has 30 seconds left.\n|\n|t:|1732824070\n|-terastallize|p1b: Garchomp|Ground\n|-terastallize|p2a: Incineroar|Ghost\n|move|p2b: Sneasler|Coaching|p2a: Incineroar\n|-boost|p2a: Incineroar|atk|1\n|-boost|p2a: Incineroar|def|1\n|move|p1b: Garchomp|Stomping Tantrum|p2a: Incineroar\n|-crit|p2a: Incineroar\n|-damage|p2a: Incineroar|0 fnt\n|faint|p2a: Incineroar\n|move|p1a: Volcarona|Fiery Dance|p2b: Sneasler\n|-damage|p2b: Sneasler|0 fnt\n|faint|p2b: Sneasler\n|\n|upkeep\n|\n|t:|1732824080\n|switch|p2b: Ursaluna|Ursaluna, L50, F, shiny|100\/100\n|switch|p2a: Porygon2|Porygon2, L50, shiny|100\/100\n|-ability|p2a: Porygon2|Download|boost\n|-boost|p2a: Porygon2|spa|1\n|turn|4\n|\n|t:|1732824097\n|move|p1b: Garchomp|Stomping Tantrum|p2a: Porygon2\n|-damage|p2a: Porygon2|61\/100\n|move|p1a: Volcarona|Fiery Dance|p2a: Porygon2\n|-damage|p2a: Porygon2|37\/100\n|-boost|p1a: Volcarona|spa|1\n|move|p2b: Ursaluna|Headlong Rush|p1a: Volcarona\n|-damage|p1a: Volcarona|37\/100\n|-unboost|p2b: Ursaluna|def|1\n|-unboost|p2b: Ursaluna|spd|1\n|move|p2a: Porygon2|Trick Room|p2a: Porygon2\n|-fieldstart|move: Trick Room|[of] p2a: Porygon2\n|\n|-status|p2b: Ursaluna|brn|[from] item: Flame Orb\n|upkeep\n|turn|5\n|\n|t:|1732824121\n|move|p2a: Porygon2|Recover|p2a: Porygon2\n|-heal|p2a: Porygon2|87\/100\n|move|p2b: Ursaluna|Facade|p1b: Garchomp\n|-enditem|p1b: Garchomp|Focus Sash\n|-damage|p1b: Garchomp|1\/100\n|move|p1a: Volcarona|Fiery Dance|p2a: Porygon2\n|-damage|p2a: Porygon2|56\/100\n|move|p1b: Garchomp|Dragon Claw|p2a: Porygon2\n|-damage|p2a: Porygon2|29\/100\n|\n|-damage|p2b: Ursaluna|94\/100 brn|[from] brn\n|upkeep\n|turn|6\n|\n|t:|1732824143\n|switch|p1a: Rillaboom|Rillaboom, L50, F|100\/100\n|-fieldstart|move: Grassy Terrain|[from] ability: Grassy Surge|[of] p1a: Rillaboom\n|move|p1b: Garchomp|Protect|p1b: Garchomp\n|-singleturn|p1b: Garchomp|Protect\n|move|p2a: Porygon2|Recover|p2a: Porygon2\n|-heal|p2a: Porygon2|79\/100\n|move|p2b: Ursaluna|Earthquake|p1b: Garchomp|[spread] p2a,p1a\n|-activate|p1b: Garchomp|move: Protect\n|-resisted|p1a: Rillaboom\n|-damage|p2a: Porygon2|58\/100\n|-damage|p1a: Rillaboom|86\/100\n|\n|-heal|p2a: Porygon2|65\/100|[from] Grassy Terrain\n|-heal|p2b: Ursaluna|100\/100 brn|[from] Grassy Terrain\n|-heal|p1a: Rillaboom|91\/100|[from] Grassy Terrain\n|-heal|p1b: Garchomp|7\/100|[from] Grassy Terrain\n|-damage|p2b: Ursaluna|94\/100 brn|[from] brn\n|upkeep\n|turn|7\n|\n|t:|1732824161\n|move|p1a: Rillaboom|Fake Out|p2b: Ursaluna\n|-damage|p2b: Ursaluna|78\/100 brn\n|move|p2a: Porygon2|Ice Beam|p1b: Garchomp\n|-supereffective|p1b: Garchomp\n|-damage|p1b: Garchomp|0 fnt\n|faint|p1b: Garchomp\n|cant|p2b: Ursaluna|flinch\n|\n|-heal|p2a: Porygon2|71\/100|[from] Grassy Terrain\n|-heal|p2b: Ursaluna|84\/100 brn|[from] Grassy Terrain\n|-heal|p1a: Rillaboom|97\/100|[from] Grassy Terrain\n|-damage|p2b: Ursaluna|78\/100 brn|[from] brn\n|upkeep\n|\n|t:|1732824165\n|switch|p1b: Volcarona|Volcarona, L50, F|37\/100\n|turn|8\n|\n|t:|1732824174\n|move|p2b: Ursaluna|Protect|p2b: Ursaluna\n|-singleturn|p2b: Ursaluna|Protect\n|move|p1b: Volcarona|Rage Powder|p1b: Volcarona\n|-singleturn|p1b: Volcarona|move: Rage Powder\n|move|p2a: Porygon2|Tera Blast|p1b: Volcarona\n|-damage|p1b: Volcarona|0 fnt\n|faint|p1b: Volcarona\n|move|p1a: Rillaboom|Wood Hammer|p2b: Ursaluna\n|-activate|p2b: Ursaluna|move: Protect\n|\n|-heal|p2a: Porygon2|77\/100|[from] Grassy Terrain\n|-heal|p2b: Ursaluna|84\/100 brn|[from] Grassy Terrain\n|-heal|p1a: Rillaboom|100\/100|[from] Grassy Terrain\n|-damage|p2b: Ursaluna|78\/100 brn|[from] brn\n|-fieldend|move: Trick Room\n|upkeep\n|turn|9\n|\n|t:|1732824183\n|move|p1a: Rillaboom|Wood Hammer|p2b: Ursaluna\n|-supereffective|p2b: Ursaluna\n|-damage|p2b: Ursaluna|0 fnt\n|faint|p2b: Ursaluna\n|-damage|p1a: Rillaboom|72\/100|[from] Recoil\n|move|p2a: Porygon2|Ice Beam|p1a: Rillaboom\n|-supereffective|p1a: Rillaboom\n|-damage|p1a: Rillaboom|15\/100\n|\n|-heal|p1a: Rillaboom|20\/100|[from] Grassy Terrain\n|-heal|p2a: Porygon2|83\/100|[from] Grassy Terrain\n|upkeep\n|turn|10\n|\n|t:|1732824185\n|move|p1a: Rillaboom|Wood Hammer|p2a: Porygon2\n|-damage|p2a: Porygon2|31\/100\n|-damage|p1a: Rillaboom|4\/100|[from] Recoil\n|move|p2a: Porygon2|Ice Beam|p1a: Rillaboom\n|-supereffective|p1a: Rillaboom\n|-damage|p1a: Rillaboom|0 fnt\n|faint|p1a: Rillaboom\n|\n|win|Novacast\n|raw|CrescentFallen's rating: 1713 &rarr; <strong>1690<\/strong><br \/>(-23 for losing)\n|raw|Novacast's rating: 1653 &rarr; <strong>1676<\/strong><br \/>(+23 for winning)\n|l|\u2606CrescentFallen\n|player|p1|\n|l|\u2606Novacast\n|player|p2|\n|j|\u2606CrescentFallen\n|player|p1|CrescentFallen|jacq|\n|l|\u2606CrescentFallen\n|player|p1|\n|l| AiresICantReadChat\n","uploadtime":1732824397,"views":5,"formatid":"gen9vgc2024regh","rating":1676,"private":0,"password":null}