{"id":"gen9vgc2024regh-2252976389","format":"[Gen 9] VGC 2024 Reg H","players":["mlm2016","WizoarkVGC"],"log":"|j|\u2606mlm2016\n|j|\u2606WizoarkVGC\n|t:|1732825351\n|gametype|doubles\n|player|p1|mlm2016|juggler|1658\n|player|p2|WizoarkVGC|pokekid|1689\n|teamsize|p1|6\n|teamsize|p2|6\n|gen|9\n|tier|[Gen 9] VGC 2024 Reg H\n|rated|\n|rule|Species Clause: Limit one of each Pok\u00e9mon\n|rule|Item Clause: Limit 1 of each item\n|clearpoke\n|poke|p1|Gholdengo, L50|\n|poke|p1|Dragonite, L50, M|\n|poke|p1|Sneasler, L50, M|\n|poke|p1|Rillaboom, L50, F|\n|poke|p1|Basculegion, L50, M|\n|poke|p1|Kingambit, L50, F|\n|poke|p2|Mamoswine, L50, F|\n|poke|p2|Salamence, L50, M|\n|poke|p2|Annihilape, L50, M|\n|poke|p2|Shiftry, L50, M|\n|poke|p2|Grimmsnarl, L50, M|\n|poke|p2|Bronzong, L50|\n|teampreview|4\n|inactive|Battle timer is ON: inactive players will automatically lose when time's up. (requested by WizoarkVGC)\n|inactive|mlm2016 also wants the timer to be on.\n|inactive|mlm2016 has 60 seconds left.\n|inactive|WizoarkVGC has 60 seconds left.\nWizoarkVGC has agreed to open team sheets.\n|j| Therazer456\n|inactive|WizoarkVGC has 30 seconds left.\n|\n|t:|1732825420\n|start\n|switch|p1a: sorry in advance|Sneasler, L50, M|100\/100\n|switch|p1b: 2. f4|Kingambit, L50, F|100\/100\n|switch|p2a: Shiftry|Shiftry, L50, M|100\/100\n|switch|p2b: Grimmsnarl|Grimmsnarl, L50, M|100\/100\n|-item|p1a: sorry in advance|Grassy Seed|[from] ability: Frisk|[of] p2b: Grimmsnarl\n|-item|p1b: 2. f4|Safety Goggles|[from] ability: Frisk|[of] p2b: Grimmsnarl\n|turn|1\n|j| Gambit the king\n|l| Gambit the king\n|inactive|WizoarkVGC has 30 seconds left.\n|inactive|WizoarkVGC has 20 seconds left.\n|\n|t:|1732825455\n|move|p1a: sorry in advance|Fake Out|p2a: Shiftry\n|-damage|p2a: Shiftry|75\/100\n|cant|p2a: Shiftry|flinch\n|move|p2b: Grimmsnarl|Play Rough|p1a: sorry in advance\n|-damage|p1a: sorry in advance|15\/100\n|-damage|p2b: Grimmsnarl|91\/100|[from] item: Life Orb\n|move|p1b: 2. f4|Swords Dance|p1b: 2. f4\n|-boost|p1b: 2. f4|atk|2\n|\n|upkeep\n|turn|2\n|inactive|mlm2016 has 30 seconds left.\n|inactive|WizoarkVGC has 30 seconds left.\n|\n|t:|1732825486\n|-terastallize|p1b: 2. f4|Dark\n|move|p2a: Shiftry|Sucker Punch|p1a: sorry in advance\n|-resisted|p1a: sorry in advance\n|-damage|p1a: sorry in advance|0 fnt\n|faint|p1a: sorry in advance\n|move|p1b: 2. f4|Sucker Punch||[still]\n|-fail|p1b: 2. f4\n|move|p2b: Grimmsnarl|Play Rough|p1b: 2. f4\n|-supereffective|p1b: 2. f4\n|-damage|p1b: 2. f4|28\/100\n|-damage|p2b: Grimmsnarl|81\/100|[from] item: Life Orb\n|\n|upkeep\n|\n|t:|1732825497\n|switch|p1a: Pirahna 3D|Basculegion, L50, M|100\/100\n|turn|3\n|inactive|WizoarkVGC has 30 seconds left.\n|inactive|WizoarkVGC has 20 seconds left.\n|inactive|WizoarkVGC has 15 seconds left.\n|inactive|WizoarkVGC has 10 seconds left.\n|\n|t:|1732825545\n|move|p1a: Pirahna 3D|Aqua Jet|p2b: Grimmsnarl\n|-damage|p2b: Grimmsnarl|49\/100\n|move|p2a: Shiftry|Sucker Punch||[still]\n|-fail|p2a: Shiftry\n|move|p2b: Grimmsnarl|Sucker Punch||[still]\n|-fail|p2b: Grimmsnarl\n|move|p1b: 2. f4|Sucker Punch||[still]\n|-fail|p1b: 2. f4\n|\n|upkeep\n|turn|4\n|c|\u2606mlm2016|lol\n|j| Mentalrofl\n|\n|t:|1732825567\n|switch|p1a: Caesar|Rillaboom, L50, F|100\/100\n|-fieldstart|move: Grassy Terrain|[from] ability: Grassy Surge|[of] p1a: Caesar\n|move|p1b: 2. f4|Protect|p1b: 2. f4\n|-singleturn|p1b: 2. f4|Protect\n|move|p2a: Shiftry|Knock Off|p1a: Caesar\n|-damage|p1a: Caesar|56\/100\n|-enditem|p1a: Caesar|Assault Vest|[from] move: Knock Off|[of] p2a: Shiftry\n|move|p2b: Grimmsnarl|Play Rough|p1b: 2. f4\n|-activate|p1b: 2. f4|move: Protect\n|\n|-heal|p2a: Shiftry|81\/100|[from] Grassy Terrain\n|-heal|p1a: Caesar|62\/100|[from] Grassy Terrain\n|-heal|p2b: Grimmsnarl|55\/100|[from] Grassy Terrain\n|-heal|p1b: 2. f4|33\/100|[from] Grassy Terrain\n|upkeep\n|turn|5\n|inactive|WizoarkVGC has 30 seconds left.\n|inactive|WizoarkVGC has 20 seconds left.\n|inactive|WizoarkVGC has 15 seconds left.\n|inactive|WizoarkVGC has 10 seconds left.\n|\n|t:|1732825614\n|-terastallize|p2a: Shiftry|Ghost\n|move|p2b: Grimmsnarl|Protect|p2b: Grimmsnarl\n|-singleturn|p2b: Grimmsnarl|Protect\n|move|p1b: 2. f4|Sucker Punch|p2a: Shiftry\n|-supereffective|p2a: Shiftry\n|-damage|p2a: Shiftry|0 fnt\n|faint|p2a: Shiftry\n|move|p1a: Caesar|Wood Hammer|p2b: Grimmsnarl\n|-activate|p2b: Grimmsnarl|move: Protect\n|\n|-heal|p1a: Caesar|68\/100|[from] Grassy Terrain\n|-heal|p2b: Grimmsnarl|61\/100|[from] Grassy Terrain\n|-heal|p1b: 2. f4|39\/100|[from] Grassy Terrain\n|upkeep\n|\n|t:|1732825624\n|switch|p2a: Mamoswine|Mamoswine, L50, F|100\/100\n|turn|6\n|\n|t:|1732825645\n|move|p1b: 2. f4|Protect|p1b: 2. f4\n|-singleturn|p1b: 2. f4|Protect\n|move|p2a: Mamoswine|Ice Shard|p1a: Caesar\n|-supereffective|p1a: Caesar\n|-crit|p1a: Caesar\n|-damage|p1a: Caesar|0 fnt\n|faint|p1a: Caesar\n|move|p2b: Grimmsnarl|Play Rough|p1b: 2. f4\n|-activate|p1b: 2. f4|move: Protect\n|\n|-heal|p2b: Grimmsnarl|67\/100|[from] Grassy Terrain\n|-heal|p1b: 2. f4|45\/100|[from] Grassy Terrain\n|upkeep\n|\n|t:|1732825656\n|switch|p1a: Pirahna 3D|Basculegion, L50, M|100\/100\n|turn|7\n|inactive|WizoarkVGC has 30 seconds left.\n|inactive|WizoarkVGC has 20 seconds left.\n|inactive|WizoarkVGC has 15 seconds left.\n|inactive|WizoarkVGC has 10 seconds left.\n|inactive|WizoarkVGC has 5 seconds left.\n|\n|t:|1732825709\n|move|p2a: Mamoswine|Ice Shard|p1b: 2. f4\n|-damage|p1b: 2. f4|21\/100\n|move|p2b: Grimmsnarl|Sucker Punch|p1b: 2. f4\n|-resisted|p1b: 2. f4\n|-damage|p1b: 2. f4|6\/100\n|-damage|p2b: Grimmsnarl|58\/100|[from] item: Life Orb\n|move|p1a: Pirahna 3D|Wave Crash|p2b: Grimmsnarl\n|-damage|p2b: Grimmsnarl|0 fnt\n|faint|p2b: Grimmsnarl\n|-damage|p1a: Pirahna 3D|83\/100|[from] Recoil\n|move|p1b: 2. f4|Kowtow Cleave|p2a: Mamoswine\n|-damage|p2a: Mamoswine|0 fnt\n|faint|p2a: Mamoswine\n|\n|-heal|p1a: Pirahna 3D|89\/100|[from] Grassy Terrain\n|-heal|p1b: 2. f4|12\/100|[from] Grassy Terrain\n|upkeep\n|\n|t:|1732825721\n|switch|p2b: Salamence|Salamence, L50, M|100\/100\n|-ability|p2b: Salamence|Intimidate|boost\n|-unboost|p1a: Pirahna 3D|atk|1\n|-unboost|p1b: 2. f4|atk|1\n|-ability|p1b: 2. f4|Defiant|boost\n|-boost|p1b: 2. f4|atk|2\n|turn|8\n|\n|t:|1732825734\n|move|p2b: Salamence|Protect|p2b: Salamence\n|-singleturn|p2b: Salamence|Protect\n|move|p1b: 2. f4|Sucker Punch||[still]\n|-fail|p1b: 2. f4\n|move|p1a: Pirahna 3D|Wave Crash|p2b: Salamence\n|-activate|p2b: Salamence|move: Protect\n|\n|-heal|p1a: Pirahna 3D|95\/100|[from] Grassy Terrain\n|-heal|p1b: 2. f4|18\/100|[from] Grassy Terrain\n|-fieldend|move: Grassy Terrain\n|upkeep\n|turn|9\n|\n|t:|1732825747\n|move|p1b: 2. f4|Sucker Punch||[still]\n|-fail|p1b: 2. f4\n|move|p1a: Pirahna 3D|Wave Crash|p2b: Salamence\n|-resisted|p2b: Salamence\n|-damage|p2b: Salamence|71\/100\n|-damage|p1a: Pirahna 3D|85\/100|[from] Recoil\n|move|p2b: Salamence|Tailwind|p2b: Salamence\n|-sidestart|p2: WizoarkVGC|move: Tailwind\n|\n|upkeep\n|turn|10\n|\n|t:|1732825759\n|move|p2b: Salamence|Protect|p2b: Salamence\n|-singleturn|p2b: Salamence|Protect\n|move|p1b: 2. f4|Sucker Punch||[still]\n|-fail|p1b: 2. f4\n|move|p1a: Pirahna 3D|Wave Crash|p2b: Salamence\n|-activate|p2b: Salamence|move: Protect\n|\n|upkeep\n|turn|11\n|inactive|mlm2016 has 30 seconds left.\n|\n|t:|1732825784\n|move|p1b: 2. f4|Sucker Punch|p2b: Salamence\n|-damage|p2b: Salamence|0 fnt\n|faint|p2b: Salamence\n|\n|win|mlm2016\n|raw|mlm2016's rating: 1658 &rarr; <strong>1680<\/strong><br \/>(+22 for winning)\n|raw|WizoarkVGC's rating: 1689 &rarr; <strong>1667<\/strong><br \/>(-22 for losing)\n|l|\u2606mlm2016\n|player|p1|\n|l|\u2606WizoarkVGC\n|player|p2|\n","uploadtime":1732825952,"views":5,"formatid":"gen9vgc2024regh","rating":1667,"private":0,"password":null}