{"id":"gen9vgc2024regh-2252590624","format":"[Gen 9] VGC 2024 Reg H","players":["elvegis1","chappell murkroan"],"log":"|j|\u2606elvegis1\n|j|\u2606chappell murkroan\n|t:|1732771785\n|gametype|doubles\n|player|p1|elvegis1|lucas|1728\n|player|p2|chappell murkroan|caitlin|1794\n|teamsize|p1|6\n|teamsize|p2|6\n|gen|9\n|tier|[Gen 9] VGC 2024 Reg H\n|rated|\n|rule|Species Clause: Limit one of each Pok\u00e9mon\n|rule|Item Clause: Limit 1 of each item\n|clearpoke\n|poke|p1|Incineroar, L50, M|\n|poke|p1|Gholdengo, L50|\n|poke|p1|Dusclops, L50, M|\n|poke|p1|Gastrodon-East, L50, M|\n|poke|p1|Ursaluna-Bloodmoon, L50, M|\n|poke|p1|Zoroark-Hisui, L50, F|\n|poke|p2|Basculegion, L50, M|\n|poke|p2|Sneasler, L50, F|\n|poke|p2|Gholdengo, L50|\n|poke|p2|Archaludon, L50, M|\n|poke|p2|Pelipper, L50, F|\n|poke|p2|Amoonguss, L50, M|\n|teampreview|4\n|inactive|Battle timer is ON: inactive players will automatically lose when time's up. (requested by chappell murkroan)\n|j| TeamJnS\n|\n|t:|1732771813\n|start\n|switch|p1a: Gastrodon|Gastrodon-East, L50, M|100\/100\n|switch|p1b: Gholdengo|Gholdengo, L50|100\/100\n|switch|p2a: Pelipper|Pelipper, L50, F|100\/100\n|switch|p2b: Archaludon|Archaludon, L50, M|100\/100\n|-weather|RainDance|[from] ability: Drizzle|[of] p2a: Pelipper\n|turn|1\n|\n|t:|1732771837\n|-terastallize|p2a: Pelipper|Steel\n|move|p1a: Gastrodon|Fake Tears|p2b: Archaludon\n|-unboost|p2b: Archaludon|spd|2\n|move|p2b: Archaludon|Electro Shot||[still]\n|-prepare|p2b: Archaludon|Electro Shot\n|-boost|p2b: Archaludon|spa|1\n|-anim|p2b: Archaludon|Electro Shot|p1b: Gholdengo\n|-damage|p1b: Gholdengo|40\/100\n|move|p1b: Gholdengo|Nasty Plot|p1b: Gholdengo\n|-boost|p1b: Gholdengo|spa|2\n|move|p2a: Pelipper|Tailwind|p2a: Pelipper\n|-sidestart|p2: chappell murkroan|move: Tailwind\n|\n|-weather|RainDance|[upkeep]\n|upkeep\n|turn|2\n|inactive|elvegis1 has 30 seconds left.\n|\n|t:|1732771867\n|switch|p1b: Gastrodon|Gastrodon-East, L50, M|100\/100\n|move|p2b: Archaludon|Electro Shot||[still]\n|-prepare|p2b: Archaludon|Electro Shot\n|-boost|p2b: Archaludon|spa|1\n|-anim|p2b: Archaludon|Electro Shot|p1a: Gastrodon\n|-enditem|p1a: Gastrodon|Focus Sash\n|-damage|p1a: Gastrodon|1\/100\n|replace|p1a: Zoroark|Zoroark-Hisui, L50, F\n|-end|p1a: Zoroark|Illusion\n|move|p2a: Pelipper|Weather Ball|p1b: Gastrodon\n|-ability|p1b: Gastrodon|Storm Drain|boost\n|-boost|p1b: Gastrodon|spa|1\n|move|p1a: Zoroark|Shadow Ball|p2b: Archaludon\n|-damage|p2b: Archaludon|24\/100\n|-unboost|p2b: Archaludon|spd|1\n|-ability|p2b: Archaludon|Stamina|boost\n|-boost|p2b: Archaludon|def|1\n|\n|-weather|RainDance|[upkeep]\n|upkeep\n|turn|3\n|inactive|elvegis1 has 30 seconds left.\n|\n|t:|1732771892\n|move|p2b: Archaludon|Draco Meteor|p1b: Gastrodon|[miss]\n|-miss|p2b: Archaludon|p1b: Gastrodon\n|move|p2a: Pelipper|Hurricane|p1a: Zoroark\n|-damage|p1a: Zoroark|0 fnt\n|faint|p1a: Zoroark\n|move|p1b: Gastrodon|Muddy Water|p2a: Pelipper|[spread] p2b\n|-miss|p1b: Gastrodon|p2a: Pelipper\n|-resisted|p2b: Archaludon\n|-damage|p2b: Archaludon|0 fnt\n|faint|p2b: Archaludon\n|\n|-weather|RainDance|[upkeep]\n|upkeep\n|c|\u2606chappell murkroan|oh!\n|c|\u2606chappell murkroan|ok :)\n|\n|t:|1732771912\n|switch|p1a: Gholdengo|Gholdengo, L50|40\/100\n|switch|p2b: Sneasler|Sneasler, L50, F|100\/100\n|turn|4\n|\n|t:|1732771929\n|move|p1b: Gastrodon|Protect|p1b: Gastrodon\n|-singleturn|p1b: Gastrodon|Protect\n|move|p2b: Sneasler|Close Combat|p1b: Gastrodon\n|-activate|p1b: Gastrodon|move: Protect\n|move|p2a: Pelipper|Hurricane|p1a: Gholdengo\n|-resisted|p1a: Gholdengo\n|-damage|p1a: Gholdengo|15\/100\n|move|p1a: Gholdengo|Shadow Ball|p2a: Pelipper\n|-damage|p2a: Pelipper|35\/100\n|\n|-weather|RainDance|[upkeep]\n|-sideend|p2: chappell murkroan|move: Tailwind\n|upkeep\n|turn|5\n|\n|t:|1732771950\n|switch|p2a: Amoonguss|Amoonguss, L50, M|100\/100\n|move|p2b: Sneasler|Close Combat|p1b: Gastrodon\n|-damage|p1b: Gastrodon|40\/100\n|-unboost|p2b: Sneasler|def|1\n|-unboost|p2b: Sneasler|spd|1\n|-status|p1b: Gastrodon|psn|[from] ability: Poison Touch|[of] p2b: Sneasler\n|move|p1a: Gholdengo|Shadow Ball|p2a: Amoonguss\n|-damage|p2a: Amoonguss|69\/100\n|move|p1b: Gastrodon|Yawn|p2b: Sneasler\n|-start|p2b: Sneasler|move: Yawn|[of] p1b: Gastrodon\n|\n|-weather|none\n|-heal|p1b: Gastrodon|46\/100 psn|[from] item: Leftovers\n|-damage|p1b: Gastrodon|34\/100 psn|[from] psn\n|upkeep\n|turn|6\n|j| judang\n|inactive|chappell murkroan has 30 seconds left.\n|inactive|chappell murkroan has 20 seconds left.\n|inactive|elvegis1 has 30 seconds left.\n|inactive|chappell murkroan has 15 seconds left.\n|\n|t:|1732771995\n|switch|p2b: Pelipper|Pelipper, L50, F, tera:Steel|35\/100\n|-weather|RainDance|[from] ability: Drizzle|[of] p2b: Pelipper\n|move|p1a: Gholdengo|Nasty Plot|p1a: Gholdengo\n|-boost|p1a: Gholdengo|spa|2\n|move|p1b: Gastrodon|Muddy Water|p2a: Amoonguss|[spread] p2a\n|-miss|p1b: Gastrodon|p2b: Pelipper\n|-resisted|p2a: Amoonguss\n|-damage|p2a: Amoonguss|50\/100\n|-enditem|p2a: Amoonguss|Sitrus Berry|[eat]\n|-heal|p2a: Amoonguss|75\/100|[from] item: Sitrus Berry\n|move|p2a: Amoonguss|Pollen Puff|p2b: Pelipper\n|-heal|p2b: Pelipper|84\/100\n|\n|-weather|RainDance|[upkeep]\n|-heal|p1b: Gastrodon|40\/100 psn|[from] item: Leftovers\n|-damage|p1b: Gastrodon|27\/100 psn|[from] psn\n|upkeep\n|turn|7\n|\n|t:|1732772017\n|move|p2a: Amoonguss|Rage Powder|p2a: Amoonguss\n|-singleturn|p2a: Amoonguss|move: Rage Powder\n|move|p1a: Gholdengo|Shadow Ball|p2a: Amoonguss\n|-damage|p2a: Amoonguss|8\/100\n|move|p2b: Pelipper|Hurricane|p1a: Gholdengo\n|-resisted|p1a: Gholdengo\n|-damage|p1a: Gholdengo|0 fnt\n|faint|p1a: Gholdengo\n|move|p1b: Gastrodon|Yawn|p2a: Amoonguss\n|-start|p2a: Amoonguss|move: Yawn|[of] p1b: Gastrodon\n|\n|-weather|RainDance|[upkeep]\n|-heal|p1b: Gastrodon|34\/100 psn|[from] item: Leftovers\n|-damage|p1b: Gastrodon|21\/100 psn|[from] psn\n|upkeep\n|\n|t:|1732772027\n|switch|p1a: Ursaluna|Ursaluna-Bloodmoon, L50, M|100\/100\n|turn|8\n|inactive|elvegis1 has 30 seconds left.\n|\n|t:|1732772056\n|move|p1b: Gastrodon|Protect|p1b: Gastrodon\n|-singleturn|p1b: Gastrodon|Protect\n|move|p2a: Amoonguss|Rage Powder|p2a: Amoonguss\n|-singleturn|p2a: Amoonguss|move: Rage Powder\n|move|p2b: Pelipper|Hurricane|p1b: Gastrodon\n|-activate|p1b: Gastrodon|move: Protect\n|move|p1a: Ursaluna|Earth Power|p2a: Amoonguss\n|-damage|p2a: Amoonguss|0 fnt\n|faint|p2a: Amoonguss\n|\n|-weather|RainDance|[upkeep]\n|-heal|p1b: Gastrodon|27\/100 psn|[from] item: Leftovers\n|-damage|p1b: Gastrodon|15\/100 psn|[from] psn\n|upkeep\n|\n|t:|1732772061\n|switch|p2a: Sneasler|Sneasler, L50, F|100\/100\n|turn|9\n|\n|t:|1732772074\n|-terastallize|p1a: Ursaluna|Ghost\n|move|p1b: Gastrodon|Protect|p1b: Gastrodon\n|-singleturn|p1b: Gastrodon|Protect\n|move|p2a: Sneasler|Close Combat|p1a: Ursaluna\n|-immune|p1a: Ursaluna\n|move|p2b: Pelipper|Hurricane|p1b: Gastrodon\n|-activate|p1b: Gastrodon|move: Protect\n|move|p1a: Ursaluna|Earth Power|p2b: Pelipper\n|-supereffective|p2b: Pelipper\n|-damage|p2b: Pelipper|0 fnt\n|faint|p2b: Pelipper\n|\n|-weather|RainDance|[upkeep]\n|-heal|p1b: Gastrodon|21\/100 psn|[from] item: Leftovers\n|-damage|p1b: Gastrodon|9\/100 psn|[from] psn\n|upkeep\n|turn|10\n|c|\u2606chappell murkroan|oh\n|c|\u2606chappell murkroan|well played! :)\n|-message|chappell murkroan forfeited.\n|\n|win|elvegis1\n|raw|elvegis1's rating: 1728 &rarr; <strong>1752<\/strong><br \/>(+24 for winning)\n|raw|chappell murkroan's rating: 1794 &rarr; <strong>1770<\/strong><br \/>(-24 for losing)\n|l|\u2606chappell murkroan\n|player|p2|\n|l|\u2606elvegis1\n|player|p1|\n|l| TeamJnS\n","uploadtime":1732772256,"views":6,"formatid":"gen9vgc2024regh","rating":1752,"private":0,"password":null}