{"id":"gen9vgc2024regh-2252615858","format":"[Gen 9] VGC 2024 Reg H","players":["elvegis1","Djjwjwwjj"],"log":"|j|\u2606elvegis1\n|j|\u2606Djjwjwwjj\n|t:|1732776400\n|gametype|doubles\n|player|p1|elvegis1|lucas|1784\n|player|p2|Djjwjwwjj|266|1762\n|teamsize|p1|6\n|teamsize|p2|6\n|gen|9\n|tier|[Gen 9] VGC 2024 Reg H\n|rated|\n|rule|Species Clause: Limit one of each Pok\u00e9mon\n|rule|Item Clause: Limit 1 of each item\n|clearpoke\n|poke|p1|Incineroar, L50, M|\n|poke|p1|Gholdengo, L50|\n|poke|p1|Dusclops, L50, M|\n|poke|p1|Gastrodon-East, L50, F|\n|poke|p1|Ursaluna-Bloodmoon, L50, M|\n|poke|p1|Zoroark-Hisui, L50, M|\n|poke|p2|Palafin, L50, M|\n|poke|p2|Pelipper, L50, F|\n|poke|p2|Electabuzz, L50, M|\n|poke|p2|Rillaboom, L50, M|\n|poke|p2|Incineroar, L50, M|\n|poke|p2|Gholdengo, L50|\n|teampreview|4\n|inactive|Battle timer is ON: inactive players will automatically lose when time's up. (requested by Djjwjwwjj)\n|inactive|elvegis1 has 60 seconds left.\n|\n|t:|1732776444\n|start\n|switch|p1a: Incineroar|Incineroar, L50, M|100\/100\n|switch|p1b: Ursaluna|Ursaluna-Bloodmoon, L50, M|100\/100\n|switch|p2a: Incineroar|Incineroar, L50, M|100\/100\n|switch|p2b: Electabuzz|Electabuzz, L50, M|100\/100\n|-ability|p1a: Incineroar|Intimidate|boost\n|-unboost|p2a: Incineroar|atk|1\n|-unboost|p2b: Electabuzz|atk|1\n|-ability|p2a: Incineroar|Intimidate|boost\n|-unboost|p1a: Incineroar|atk|1\n|-unboost|p1b: Ursaluna|atk|1\n|turn|1\n|\n|t:|1732776465\n|move|p1a: Incineroar|Fake Out|p2a: Incineroar\n|-damage|p2a: Incineroar|93\/100\n|move|p2b: Electabuzz|Light Screen|p2b: Electabuzz\n|-sidestart|p2: Djjwjwwjj|move: Light Screen\n|cant|p2a: Incineroar|flinch\n|move|p1b: Ursaluna|Blood Moon|p2b: Electabuzz\n|-damage|p2b: Electabuzz|56\/100\n|\n|upkeep\n|turn|2\n|j| AlabamaChristian\n|inactive|elvegis1 has 30 seconds left.\n|inactive|Djjwjwwjj has 30 seconds left.\n|inactive|elvegis1 has 20 seconds left.\n|\n|t:|1732776503\n|switch|p2b: Rillaboom|Rillaboom, L50, M|100\/100\n|-fieldstart|move: Grassy Terrain|[from] ability: Grassy Surge|[of] p2b: Rillaboom\n|move|p1a: Incineroar|Knock Off|p2a: Incineroar\n|-resisted|p2a: Incineroar\n|-damage|p2a: Incineroar|81\/100\n|-enditem|p2a: Incineroar|Safety Goggles|[from] move: Knock Off|[of] p1a: Incineroar\n|move|p2a: Incineroar|Knock Off|p1b: Ursaluna\n|-damage|p1b: Ursaluna|77\/100\n|-enditem|p1b: Ursaluna|Assault Vest|[from] move: Knock Off|[of] p2a: Incineroar\n|move|p1b: Ursaluna|Earth Power|p2b: Rillaboom\n|-resisted|p2b: Rillaboom\n|-damage|p2b: Rillaboom|86\/100\n|\n|-heal|p2b: Rillaboom|92\/100|[from] Grassy Terrain\n|-heal|p2a: Incineroar|87\/100|[from] Grassy Terrain\n|-heal|p1b: Ursaluna|83\/100|[from] Grassy Terrain\n|upkeep\n|turn|3\n|\n|t:|1732776528\n|switch|p1b: Gholdengo|Gholdengo, L50|100\/100\n|move|p2b: Rillaboom|Wood Hammer|p1b: Gholdengo\n|-resisted|p1b: Gholdengo\n|-damage|p1b: Gholdengo|54\/100\n|-damage|p2b: Rillaboom|78\/100|[from] Recoil\n|move|p1a: Incineroar|Parting Shot|p2b: Rillaboom\n|-unboost|p2b: Rillaboom|atk|1\n|-unboost|p2b: Rillaboom|spa|1\n|\n|t:|1732776538\n|switch|p1a: Ursaluna|Ursaluna-Bloodmoon, L50, M|83\/100|[from] Parting Shot\n|move|p2a: Incineroar|Knock Off|p1b: Gholdengo\n|-supereffective|p1b: Gholdengo\n|-damage|p1b: Gholdengo|0 fnt\n|-enditem|p1b: Gholdengo|Metal Coat|[from] move: Knock Off|[of] p2a: Incineroar\n|faint|p1b: Gholdengo\n|\n|-heal|p2b: Rillaboom|84\/100|[from] Grassy Terrain\n|-heal|p2a: Incineroar|93\/100|[from] Grassy Terrain\n|-heal|p1a: Ursaluna|89\/100|[from] Grassy Terrain\n|upkeep\n|\n|t:|1732776544\n|switch|p1b: Incineroar|Incineroar, L50, M|100\/100\n|-ability|p1b: Incineroar|Intimidate|boost\n|-unboost|p2a: Incineroar|atk|1\n|-unboost|p2b: Rillaboom|atk|1\n|turn|4\n|\n|t:|1732776560\n|switch|p2b: Electabuzz|Electabuzz, L50, M|56\/100\n|-terastallize|p1a: Ursaluna|Ghost\n|move|p1b: Incineroar|Flare Blitz|p2b: Electabuzz\n|-damage|p2b: Electabuzz|0 fnt\n|faint|p2b: Electabuzz\n|-damage|p1b: Incineroar|85\/100|[from] Recoil\n|move|p2a: Incineroar|Parting Shot|p1a: Ursaluna\n|-unboost|p1a: Ursaluna|atk|1\n|-unboost|p1a: Ursaluna|spa|1\n|\n|t:|1732776573\n|switch|p2a: Rillaboom|Rillaboom, L50, M|84\/100|[from] Parting Shot\n|move|p1a: Ursaluna|Earth Power|p2a: Rillaboom\n|-resisted|p2a: Rillaboom\n|-damage|p2a: Rillaboom|75\/100\n|\n|-heal|p2a: Rillaboom|81\/100|[from] Grassy Terrain\n|-heal|p1b: Incineroar|91\/100|[from] Grassy Terrain\n|-heal|p1a: Ursaluna|95\/100|[from] Grassy Terrain\n|upkeep\n|\n|t:|1732776584\n|switch|p2b: Gholdengo|Gholdengo, L50|100\/100\n|turn|5\n|\n|t:|1732776605\n|move|p2a: Rillaboom|Fake Out|p1b: Incineroar\n|-damage|p1b: Incineroar|76\/100\n|move|p2b: Gholdengo|Nasty Plot|p2b: Gholdengo\n|-boost|p2b: Gholdengo|spa|2\n|cant|p1b: Incineroar|flinch\n|move|p1a: Ursaluna|Earth Power|p2b: Gholdengo\n|-supereffective|p2b: Gholdengo\n|-damage|p2b: Gholdengo|55\/100\n|\n|-heal|p2b: Gholdengo|61\/100|[from] Grassy Terrain\n|-heal|p2b: Gholdengo|68\/100|[from] item: Leftovers\n|-heal|p2a: Rillaboom|87\/100|[from] Grassy Terrain\n|-heal|p1b: Incineroar|82\/100|[from] Grassy Terrain\n|-heal|p1a: Ursaluna|100\/100|[from] Grassy Terrain\n|-sideend|p2: Djjwjwwjj|move: Light Screen\n|upkeep\n|turn|6\n|inactive|Djjwjwwjj has 30 seconds left.\n|inactive|elvegis1 has 30 seconds left.\n|\n|t:|1732776636\n|switch|p1a: Gastrodon|Gastrodon-East, L50, F|100\/100\n|-terastallize|p2b: Gholdengo|Dragon\n|move|p2b: Gholdengo|Shadow Ball|p1a: Gastrodon\n|-damage|p1a: Gastrodon|41\/100\n|move|p2a: Rillaboom|High Horsepower|p1b: Incineroar\n|-supereffective|p1b: Incineroar\n|-damage|p1b: Incineroar|17\/100\n|-enditem|p1b: Incineroar|Sitrus Berry|[eat]\n|-heal|p1b: Incineroar|42\/100|[from] item: Sitrus Berry\n|move|p1b: Incineroar|Flare Blitz|p2b: Gholdengo\n|-resisted|p2b: Gholdengo\n|-crit|p2b: Gholdengo\n|-damage|p2b: Gholdengo|31\/100\n|-damage|p1b: Incineroar|31\/100|[from] Recoil\n|\n|-heal|p2b: Gholdengo|37\/100|[from] Grassy Terrain\n|-heal|p2b: Gholdengo|43\/100|[from] item: Leftovers\n|-heal|p2a: Rillaboom|93\/100|[from] Grassy Terrain\n|-heal|p1b: Incineroar|37\/100|[from] Grassy Terrain\n|-heal|p1a: Gastrodon|47\/100|[from] Grassy Terrain\n|-heal|p1a: Gastrodon|54\/100|[from] item: Leftovers\n|-fieldend|move: Grassy Terrain\n|upkeep\n|turn|7\n|inactive|elvegis1 has 30 seconds left.\n|inactive|Djjwjwwjj has 30 seconds left.\n|\n|t:|1732776669\n|move|p2b: Gholdengo|Shadow Ball|p1a: Gastrodon\n|-damage|p1a: Gastrodon|0 fnt\n|faint|p1a: Gastrodon\n|move|p2a: Rillaboom|High Horsepower|p1b: Incineroar\n|-supereffective|p1b: Incineroar\n|-damage|p1b: Incineroar|0 fnt\n|faint|p1b: Incineroar\n|\n|-heal|p2b: Gholdengo|49\/100|[from] item: Leftovers\n|upkeep\n|\n|t:|1732776673\n|switch|p1b: Ursaluna|Ursaluna-Bloodmoon, L50, M, tera:Ghost|100\/100\n|turn|8\n|\n|t:|1732776685\n|move|p2b: Gholdengo|Shadow Ball|p1b: Ursaluna\n|-supereffective|p1b: Ursaluna\n|-damage|p1b: Ursaluna|0 fnt\n|faint|p1b: Ursaluna\n|\n|win|Djjwjwwjj\n|raw|elvegis1's rating: 1784 &rarr; <strong>1763<\/strong><br \/>(-21 for losing)\n|raw|Djjwjwwjj's rating: 1762 &rarr; <strong>1783<\/strong><br \/>(+21 for winning)\n|l|\u2606elvegis1\n|player|p1|\n|l|\u2606Djjwjwwjj\n|player|p2|\n|l| AlabamaChristian\n","uploadtime":1732776827,"views":23,"formatid":"gen9vgc2024regh","rating":1763,"private":0,"password":null}