{"id":"gen9vgc2024regh-2252947966","format":"[Gen 9] VGC 2024 Reg H","players":["CrescentFallen","testy accounty 2"],"log":"|j|\u2606CrescentFallen\n|j|\u2606testy accounty 2\n|t:|1732822172\n|gametype|doubles\n|player|p1|CrescentFallen|jacq|1657\n|player|p2|testy accounty 2|101|1734\n|teamsize|p1|6\n|teamsize|p2|6\n|gen|9\n|tier|[Gen 9] VGC 2024 Reg H\n|rated|\n|rule|Species Clause: Limit one of each Pok\u00e9mon\n|rule|Item Clause: Limit 1 of each item\n|clearpoke\n|poke|p1|Garchomp, L50, M|\n|poke|p1|Gholdengo, L50|\n|poke|p1|Salamence, L50, M|\n|poke|p1|Rillaboom, L50, M|\n|poke|p1|Volcarona, L50, M|\n|poke|p1|Tyranitar, L50, F|\n|poke|p2|Pelipper, L50, F|\n|poke|p2|Archaludon, L50, F|\n|poke|p2|Sneasler, L50, F|\n|poke|p2|Dragonite, L50, F|\n|poke|p2|Basculegion, L50, M|\n|poke|p2|Rillaboom, L50, F|\n|teampreview|4\n|inactive|Battle timer is ON: inactive players will automatically lose when time's up. (requested by CrescentFallen)\n|inactive|testy accounty 2 has 60 seconds left.\n|\n|t:|1732822265\n|start\n|switch|p1a: Gholdengo|Gholdengo, L50|100\/100\n|switch|p1b: Volcarona|Volcarona, L50, M|100\/100\n|switch|p2a: Thanotos|Basculegion, L50, M|100\/100\n|switch|p2b: Ceasar|Rillaboom, L50, F|100\/100\n|-fieldstart|move: Grassy Terrain|[from] ability: Grassy Surge|[of] p2b: Ceasar\n|turn|1\n|\n|t:|1732822290\n|switch|p2b: Posiden|Pelipper, L50, F|100\/100\n|-weather|RainDance|[from] ability: Drizzle|[of] p2b: Posiden\n|-terastallize|p1b: Volcarona|Dragon\n|move|p1a: Gholdengo|Protect|p1a: Gholdengo\n|-singleturn|p1a: Gholdengo|Protect\n|move|p2a: Thanotos|Wave Crash|p1a: Gholdengo\n|-activate|p1a: Gholdengo|move: Protect\n|move|p1b: Volcarona|Will-O-Wisp|p2a: Thanotos\n|-status|p2a: Thanotos|brn\n|\n|-weather|RainDance|[upkeep]\n|-damage|p2a: Thanotos|94\/100 brn|[from] brn\n|upkeep\n|turn|2\n|inactive|testy accounty 2 has 30 seconds left.\n|\n|t:|1732822330\n|switch|p2a: Hephetus|Archaludon, L50, F|100\/100\n|move|p1b: Volcarona|Rage Powder|p1b: Volcarona\n|-singleturn|p1b: Volcarona|move: Rage Powder\n|move|p1a: Gholdengo|Shadow Ball|p2a: Hephetus\n|-damage|p2a: Hephetus|48\/100\n|-ability|p2a: Hephetus|Stamina|boost\n|-boost|p2a: Hephetus|def|1\n|-damage|p1a: Gholdengo|91\/100|[from] item: Life Orb\n|move|p2b: Posiden|Tailwind|p2b: Posiden\n|-sidestart|p2: testy accounty 2|move: Tailwind\n|\n|-weather|RainDance|[upkeep]\n|-heal|p2a: Hephetus|54\/100|[from] Grassy Terrain\n|-heal|p1a: Gholdengo|97\/100|[from] Grassy Terrain\n|upkeep\n|turn|3\n|inactive|testy accounty 2 has 30 seconds left.\n|inactive|testy accounty 2 has 20 seconds left.\n|\n|t:|1732822369\n|switch|p2b: Thanotos|Basculegion, L50, M|94\/100 brn\n|switch|p1b: Tyranitar|Tyranitar, L50, F|100\/100\n|-weather|Sandstorm|[from] ability: Sand Stream|[of] p1b: Tyranitar\n|move|p2a: Hephetus|Body Press|p1b: Tyranitar\n|-supereffective|p1b: Tyranitar\n|-damage|p1b: Tyranitar|0 fnt\n|faint|p1b: Tyranitar\n|move|p1a: Gholdengo|Shadow Ball|p2a: Hephetus\n|-damage|p2a: Hephetus|5\/100\n|-ability|p2a: Hephetus|Stamina|boost\n|-boost|p2a: Hephetus|def|1\n|-damage|p1a: Gholdengo|87\/100|[from] item: Life Orb\n|\n|-weather|Sandstorm|[upkeep]\n|-damage|p2b: Thanotos|88\/100 brn|[from] Sandstorm\n|-heal|p2b: Thanotos|94\/100 brn|[from] Grassy Terrain\n|-heal|p2a: Hephetus|11\/100|[from] Grassy Terrain\n|-heal|p1a: Gholdengo|93\/100|[from] Grassy Terrain\n|-damage|p2b: Thanotos|88\/100 brn|[from] brn\n|upkeep\n|c|\u2606CrescentFallen|damn\n|c|\u2606CrescentFallen|was that a call\n|inactive|CrescentFallen has 30 seconds left.\n|c|\u2606CrescentFallen|if so nc play\n|c|\u2606CrescentFallen|wow\n|\n|t:|1732822399\n|switch|p1b: Salamence|Salamence, L50, M|100\/100\n|-ability|p1b: Salamence|Intimidate|boost\n|-unboost|p2a: Hephetus|atk|1\n|-unboost|p2b: Thanotos|atk|1\n|turn|4\n|j| AiresICantReadChat\n|\n|t:|1732822423\n|move|p1b: Salamence|Protect|p1b: Salamence\n|-singleturn|p1b: Salamence|Protect\n|move|p2b: Thanotos|Last Respects|p1a: Gholdengo\n|-supereffective|p1a: Gholdengo\n|-damage|p1a: Gholdengo|68\/100\n|move|p2a: Hephetus|Draco Meteor|p1b: Salamence\n|-activate|p1b: Salamence|move: Protect\n|move|p1a: Gholdengo|Shadow Ball|p2a: Hephetus\n|-damage|p2a: Hephetus|0 fnt\n|faint|p2a: Hephetus\n|-damage|p1a: Gholdengo|59\/100|[from] item: Life Orb\n|\n|-weather|Sandstorm|[upkeep]\n|-damage|p2b: Thanotos|82\/100 brn|[from] Sandstorm\n|-damage|p1b: Salamence|95\/100|[from] Sandstorm\n|-heal|p2b: Thanotos|88\/100 brn|[from] Grassy Terrain\n|-heal|p1a: Gholdengo|65\/100|[from] Grassy Terrain\n|-damage|p2b: Thanotos|82\/100 brn|[from] brn\n|upkeep\n|\n|t:|1732822430\n|switch|p2a: Posiden|Pelipper, L50, F|100\/100\n|-weather|RainDance|[from] ability: Drizzle|[of] p2a: Posiden\n|turn|5\n|inactive|testy accounty 2 has 30 seconds left.\n|\n|t:|1732822459\n|move|p2b: Thanotos|Last Respects|p1b: Salamence\n|-damage|p1b: Salamence|67\/100\n|move|p2a: Posiden|Hurricane|p1b: Salamence\n|-damage|p1b: Salamence|10\/100\n|move|p1b: Salamence|Breaking Swipe|p2b: Thanotos|[spread] p2a,p2b\n|-damage|p2a: Posiden|81\/100\n|-damage|p2b: Thanotos|57\/100 brn\n|-unboost|p2a: Posiden|atk|1\n|-unboost|p2b: Thanotos|atk|1\n|move|p1a: Gholdengo|Shadow Ball|p2b: Thanotos\n|-supereffective|p2b: Thanotos\n|-damage|p2b: Thanotos|0 fnt\n|faint|p2b: Thanotos\n|-damage|p1a: Gholdengo|55\/100|[from] item: Life Orb\n|\n|-weather|RainDance|[upkeep]\n|-heal|p1a: Gholdengo|61\/100|[from] Grassy Terrain\n|-sideend|p2: testy accounty 2|move: Tailwind\n|-fieldend|move: Grassy Terrain\n|upkeep\n|\n|t:|1732822465\n|switch|p2b: Ceasar|Rillaboom, L50, F|100\/100\n|-fieldstart|move: Grassy Terrain|[from] ability: Grassy Surge|[of] p2b: Ceasar\n|turn|6\n|\n|t:|1732822486\n|move|p1b: Salamence|Draco Meteor|p2a: Posiden\n|-damage|p2a: Posiden|0 fnt\n|-unboost|p1b: Salamence|spa|2\n|faint|p2a: Posiden\n|move|p1a: Gholdengo|Shadow Ball|p2b: Ceasar\n|-damage|p2b: Ceasar|44\/100\n|-damage|p1a: Gholdengo|52\/100|[from] item: Life Orb\n|move|p2b: Ceasar|Bullet Seed|p1a: Gholdengo\n|-resisted|p1a: Gholdengo\n|-damage|p1a: Gholdengo|43\/100\n|-resisted|p1a: Gholdengo\n|-damage|p1a: Gholdengo|36\/100\n|-resisted|p1a: Gholdengo\n|-damage|p1a: Gholdengo|27\/100\n|-resisted|p1a: Gholdengo\n|-damage|p1a: Gholdengo|18\/100\n|-resisted|p1a: Gholdengo\n|-damage|p1a: Gholdengo|10\/100\n|-hitcount|p1a: Gholdengo|5\n|\n|-weather|RainDance|[upkeep]\n|-heal|p1a: Gholdengo|16\/100|[from] Grassy Terrain\n|-heal|p2b: Ceasar|50\/100|[from] Grassy Terrain\n|upkeep\n|turn|7\n|-message|testy accounty 2 forfeited.\n|\n|win|CrescentFallen\n|raw|CrescentFallen's rating: 1657 &rarr; <strong>1681<\/strong><br \/>(+24 for winning)\n|raw|testy accounty 2's rating: 1734 &rarr; <strong>1710<\/strong><br \/>(-24 for losing)\n|l|\u2606testy accounty 2\n|player|p2|\n|l|\u2606CrescentFallen\n|player|p1|\n|l| AiresICantReadChat\n","uploadtime":1732822699,"views":4,"formatid":"gen9vgc2024regh","rating":1681,"private":0,"password":null}