{"id":"gen9vgc2024regh-2252359475","format":"[Gen 9] VGC 2024 Reg H","players":["orudbeck","Cellpab1"],"log":"|j|\u2606orudbeck\n|j|\u2606Cellpab1\n|t:|1732741442\n|gametype|doubles\n|player|p1|orudbeck|266|1648\n|player|p2|Cellpab1|2|1689\n|teamsize|p1|6\n|teamsize|p2|6\n|gen|9\n|tier|[Gen 9] VGC 2024 Reg H\n|rated|\n|rule|Species Clause: Limit one of each Pok\u00e9mon\n|rule|Item Clause: Limit 1 of each item\n|clearpoke\n|poke|p1|Tyranitar, L50, M|\n|poke|p1|Mamoswine, L50, F|\n|poke|p1|Dragonite, L50, M|\n|poke|p1|Amoonguss, L50, M|\n|poke|p1|Kilowattrel, L50, M|\n|poke|p1|Gholdengo, L50|\n|poke|p2|Ninetales-Alola, L50, M|\n|poke|p2|Annihilape, L50, F|\n|poke|p2|Gholdengo, L50|\n|poke|p2|Dragonite, L50, F|\n|poke|p2|Primarina, L50, M|\n|poke|p2|Incineroar, L50, M|\n|teampreview|4\n|inactive|Battle timer is ON: inactive players will automatically lose when time's up. (requested by orudbeck)\n|j| dayron91\n|inactive|Cellpab1 has 60 seconds left.\n|inactive|Cellpab1 has 30 seconds left.\n|inactive|Cellpab1 has 20 seconds left.\n|inactive|Cellpab1 has 15 seconds left.\n|inactive|Cellpab1 has 10 seconds left.\n|inactive|Cellpab1 has 5 seconds left.\n|\n|t:|1732741587\n|start\n|switch|p1a: Kilowattrel|Kilowattrel, L50, M|100\/100\n|switch|p1b: Mamoswine|Mamoswine, L50, F|100\/100\n|switch|p2a: Dragonite|Dragonite, L50, F|100\/100\n|switch|p2b: Annihilape|Annihilape, L50, F|100\/100\n|turn|1\n|inactive|orudbeck has 30 seconds left.\n|inactive|Cellpab1 has 30 seconds left.\n|\n|t:|1732741621\n|move|p2a: Dragonite|Protect|p2a: Dragonite\n|-singleturn|p2a: Dragonite|Protect\n|move|p1a: Kilowattrel|Tailwind|p1a: Kilowattrel\n|-sidestart|p1: orudbeck|move: Tailwind\n|move|p1b: Mamoswine|Icicle Crash|p2a: Dragonite\n|-activate|p2a: Dragonite|move: Protect\n|move|p2b: Annihilape|Rage Fist|p1a: Kilowattrel\n|-damage|p1a: Kilowattrel|62\/100\n|\n|upkeep\n|turn|2\n|inactive|orudbeck has 30 seconds left.\n|inactive|Cellpab1 has 30 seconds left.\n|\n|t:|1732741651\n|switch|p2a: Gholdengo|Gholdengo, L50|100\/100\n|move|p1a: Kilowattrel|Air Slash|p2b: Annihilape\n|-supereffective|p2b: Annihilape\n|-damage|p2b: Annihilape|37\/100\n|move|p1b: Mamoswine|Earthquake|p2b: Annihilape|[spread] p2a,p2b\n|-immune|p1a: Kilowattrel\n|-supereffective|p2a: Gholdengo\n|-damage|p2a: Gholdengo|21\/100\n|-damage|p2b: Annihilape|1\/100\n|cant|p2b: Annihilape|flinch\n|\n|-heal|p2a: Gholdengo|28\/100|[from] item: Leftovers\n|upkeep\n|turn|3\n|inactive|Cellpab1 has 30 seconds left.\n|\n|t:|1732741677\n|move|p2b: Annihilape|Protect|p2b: Annihilape\n|-singleturn|p2b: Annihilape|Protect\n|move|p2a: Gholdengo|Protect|p2a: Gholdengo\n|-singleturn|p2a: Gholdengo|Protect\n|move|p1a: Kilowattrel|Discharge|p2b: Annihilape|[spread] \n|-activate|p2a: Gholdengo|move: Protect\n|-activate|p2b: Annihilape|move: Protect\n|-immune|p1b: Mamoswine\n|move|p1b: Mamoswine|Earthquake|p2b: Annihilape|[spread] \n|-activate|p2a: Gholdengo|move: Protect\n|-activate|p2b: Annihilape|move: Protect\n|-immune|p1a: Kilowattrel\n|\n|-heal|p2a: Gholdengo|34\/100|[from] item: Leftovers\n|upkeep\n|turn|4\n|inactive|Cellpab1 has 30 seconds left.\n|\n|t:|1732741711\n|switch|p2a: Dragonite|Dragonite, L50, F|100\/100\n|move|p2b: Annihilape|Protect|p2b: Annihilape\n|-singleturn|p2b: Annihilape|Protect\n|move|p1a: Kilowattrel|Discharge|p2a: Dragonite|[spread] p2a\n|-activate|p2b: Annihilape|move: Protect\n|-immune|p1b: Mamoswine\n|-damage|p2a: Dragonite|86\/100\n|-status|p2a: Dragonite|par\n|move|p1b: Mamoswine|Earthquake|p2b: Annihilape|[spread] \n|-activate|p2b: Annihilape|move: Protect\n|-immune|p1a: Kilowattrel\n|-immune|p2a: Dragonite\n|\n|-sideend|p1: orudbeck|move: Tailwind\n|upkeep\n|turn|5\n|-message|Cellpab1 forfeited.\n|\n|win|orudbeck\n|raw|orudbeck's rating: 1648 &rarr; <strong>1670<\/strong><br \/>(+22 for winning)\n|raw|Cellpab1's rating: 1689 &rarr; <strong>1667<\/strong><br \/>(-22 for losing)\n|l|\u2606Cellpab1\n|player|p2|\n|l|\u2606orudbeck\n|player|p1|\n|l| dayron91\n","uploadtime":1732741926,"views":4,"formatid":"gen9vgc2024regh","rating":1667,"private":0,"password":null}