{"id":"gen9vgc2024regh-2252503569","format":"[Gen 9] VGC 2024 Reg H","players":["orudbeck","kojimuranishi"],"log":"|j|\u2606orudbeck\n|j|\u2606kojimuranishi\n|t:|1732759099\n|gametype|doubles\n|player|p1|orudbeck|1|1700\n|player|p2|kojimuranishi|1|1815\n|teamsize|p1|6\n|teamsize|p2|6\n|gen|9\n|tier|[Gen 9] VGC 2024 Reg H\n|rated|\n|rule|Species Clause: Limit one of each Pok\u00e9mon\n|rule|Item Clause: Limit 1 of each item\n|clearpoke\n|poke|p1|Tyranitar, L50, F|\n|poke|p1|Mamoswine, L50, M|\n|poke|p1|Dragonite, L50, M|\n|poke|p1|Amoonguss, L50, F|\n|poke|p1|Kilowattrel, L50, F|\n|poke|p1|Gholdengo, L50|\n|poke|p2|Whimsicott, L50, M|\n|poke|p2|Ursaluna-Bloodmoon, L50, M|\n|poke|p2|Archaludon, L50, F|\n|poke|p2|Dragonite, L50, M|\n|poke|p2|Gholdengo, L50|\n|poke|p2|Volcarona, L50, M|\n|teampreview|4\n|inactive|Battle timer is ON: inactive players will automatically lose when time's up. (requested by kojimuranishi)\n|j| raityangontyan\n|inactive|orudbeck has 60 seconds left.\n|inactive|kojimuranishi has 60 seconds left.\n|\n|t:|1732759143\n|start\n|switch|p1a: Tyranitar|Tyranitar, L50, F|100\/100\n|switch|p1b: Gholdengo|Gholdengo, L50|100\/100\n|switch|p2a: Archaludon|Archaludon, L50, F|100\/100\n|switch|p2b: Volcarona|Volcarona, L50, M|100\/100\n|-weather|Sandstorm|[from] ability: Sand Stream|[of] p1a: Tyranitar\n|turn|1\n|inactive|orudbeck has 30 seconds left.\n|\n|t:|1732759177\n|move|p1b: Gholdengo|Trick|p2b: Volcarona\n|-activate|p1b: Gholdengo|move: Trick|[of] p2b: Volcarona\n|-item|p2b: Volcarona|Choice Scarf|[from] move: Trick\n|-item|p1b: Gholdengo|Rocky Helmet|[from] move: Trick\n|move|p2b: Volcarona|Will-O-Wisp|p1a: Tyranitar\n|-status|p1a: Tyranitar|brn\n|move|p2a: Archaludon|Electro Shot||[still]\n|-prepare|p2a: Archaludon|Electro Shot\n|-boost|p2a: Archaludon|spa|1\n|-enditem|p2a: Archaludon|Power Herb\n|-anim|p2a: Archaludon|Electro Shot|p1b: Gholdengo\n|-damage|p1b: Gholdengo|14\/100\n|move|p1a: Tyranitar|Rock Slide|p2a: Archaludon|[spread] p2a\n|-miss|p1a: Tyranitar|p2b: Volcarona\n|-resisted|p2a: Archaludon\n|-damage|p2a: Archaludon|94\/100\n|\n|-weather|Sandstorm|[upkeep]\n|-damage|p2b: Volcarona|94\/100|[from] Sandstorm\n|-damage|p1a: Tyranitar|94\/100 brn|[from] brn\n|upkeep\n|turn|2\n|inactive|kojimuranishi has 30 seconds left.\n|\n|t:|1732759206\n|switch|p2b: Ursaluna|Ursaluna-Bloodmoon, L50, M|100\/100\n|move|p2a: Archaludon|Draco Meteor|p1b: Gholdengo\n|-resisted|p1b: Gholdengo\n|-damage|p1b: Gholdengo|0 fnt\n|-unboost|p2a: Archaludon|spa|2\n|faint|p1b: Gholdengo\n|move|p1a: Tyranitar|Rock Slide|p2a: Archaludon|[spread] p2b\n|-miss|p1a: Tyranitar|p2a: Archaludon\n|-resisted|p2b: Ursaluna\n|-damage|p2b: Ursaluna|95\/100\n|\n|-weather|Sandstorm|[upkeep]\n|-damage|p1a: Tyranitar|88\/100 brn|[from] brn\n|upkeep\n|\n|t:|1732759214\n|switch|p1b: Dragonite|Dragonite, L50, M|100\/100\n|turn|3\n|\n|t:|1732759225\n|move|p2a: Archaludon|Draco Meteor|p1b: Dragonite\n|-supereffective|p1b: Dragonite\n|-damage|p1b: Dragonite|52\/100\n|-unboost|p2a: Archaludon|spa|2\n|move|p1b: Dragonite|Scale Shot|p2b: Ursaluna\n|-crit|p2b: Ursaluna\n|-damage|p2b: Ursaluna|75\/100\n|-damage|p2b: Ursaluna|63\/100\n|-damage|p2b: Ursaluna|49\/100\n|-damage|p2b: Ursaluna|38\/100\n|-hitcount|p2b: Ursaluna|4\n|-unboost|p1b: Dragonite|def|1\n|-boost|p1b: Dragonite|spe|1\n|move|p2b: Ursaluna|Blood Moon|p1b: Dragonite\n|-damage|p1b: Dragonite|0 fnt\n|faint|p1b: Dragonite\n|-damage|p2b: Ursaluna|28\/100|[from] item: Life Orb\n|move|p1a: Tyranitar|Low Kick|p2b: Ursaluna\n|-supereffective|p2b: Ursaluna\n|-crit|p2b: Ursaluna\n|-damage|p2b: Ursaluna|0 fnt\n|faint|p2b: Ursaluna\n|\n|-weather|Sandstorm|[upkeep]\n|-damage|p1a: Tyranitar|82\/100 brn|[from] brn\n|upkeep\n|inactive|kojimuranishi has 30 seconds left.\n|inactive|kojimuranishi has 20 seconds left.\n|inactive|kojimuranishi has 15 seconds left.\n|\n|t:|1732759269\n|switch|p1b: Amoonguss|Amoonguss, L50, F|100\/100\n|switch|p2b: Volcarona|Volcarona, L50, M|94\/100\n|turn|4\n|\n|t:|1732759287\n|-terastallize|p2b: Volcarona|Grass\n|-terastallize|p1b: Amoonguss|Water\n|move|p2b: Volcarona|Heat Wave|p1b: Amoonguss|[spread] p1a,p1b\n|-resisted|p1a: Tyranitar\n|-resisted|p1b: Amoonguss\n|-damage|p1a: Tyranitar|76\/100 brn\n|-damage|p1b: Amoonguss|85\/100\n|move|p2a: Archaludon|Draco Meteor|p1b: Amoonguss\n|-damage|p1b: Amoonguss|56\/100\n|-unboost|p2a: Archaludon|spa|2\n|move|p1a: Tyranitar|Rock Slide|p2b: Volcarona|[spread] p2a,p2b\n|-resisted|p2a: Archaludon\n|-damage|p2a: Archaludon|88\/100\n|-damage|p2b: Volcarona|80\/100\n|move|p1b: Amoonguss|Spore|p2a: Archaludon\n|-status|p2a: Archaludon|slp|[from] move: Spore\n|\n|-weather|Sandstorm|[upkeep]\n|-damage|p2b: Volcarona|73\/100|[from] Sandstorm\n|-damage|p1b: Amoonguss|50\/100|[from] Sandstorm\n|-enditem|p1b: Amoonguss|Sitrus Berry|[eat]\n|-heal|p1b: Amoonguss|74\/100|[from] item: Sitrus Berry\n|-damage|p1a: Tyranitar|70\/100 brn|[from] brn\n|upkeep\n|turn|5\n|inactive|kojimuranishi has 30 seconds left.\n|\n|t:|1732759317\n|move|p2b: Volcarona|Heat Wave|p1b: Amoonguss|[spread] p1a,p1b\n|-resisted|p1a: Tyranitar\n|-resisted|p1b: Amoonguss\n|-crit|p1b: Amoonguss\n|-damage|p1a: Tyranitar|64\/100 brn\n|-damage|p1b: Amoonguss|52\/100\n|cant|p2a: Archaludon|slp\n|move|p1a: Tyranitar|Knock Off|p2a: Archaludon\n|-damage|p2a: Archaludon|72\/100 slp\n|move|p1b: Amoonguss|Pollen Puff|p1a: Tyranitar\n|-heal|p1a: Tyranitar|100\/100 brn\n|\n|-weather|none\n|-damage|p1a: Tyranitar|94\/100 brn|[from] brn\n|upkeep\n|turn|6\n|inactive|orudbeck has 30 seconds left.\n|\n|t:|1732759345\n|move|p2b: Volcarona|Heat Wave|p1b: Amoonguss|[spread] p1a\n|-miss|p2b: Volcarona|p1b: Amoonguss\n|-resisted|p1a: Tyranitar\n|-damage|p1a: Tyranitar|86\/100 brn\n|cant|p2a: Archaludon|slp\n|move|p1a: Tyranitar|Low Kick|p2a: Archaludon\n|-supereffective|p2a: Archaludon\n|-damage|p2a: Archaludon|46\/100 slp\n|move|p1b: Amoonguss|Pollen Puff|p2b: Volcarona\n|-supereffective|p2b: Volcarona\n|-damage|p2b: Volcarona|44\/100\n|\n|-damage|p1a: Tyranitar|80\/100 brn|[from] brn\n|upkeep\n|turn|7\n|inactive|orudbeck has 30 seconds left.\n|\n|t:|1732759373\n|move|p2b: Volcarona|Heat Wave|p1b: Amoonguss|[spread] p1a,p1b\n|-resisted|p1a: Tyranitar\n|-resisted|p1b: Amoonguss\n|-damage|p1a: Tyranitar|72\/100 brn\n|-damage|p1b: Amoonguss|37\/100\n|cant|p2a: Archaludon|slp\n|move|p1a: Tyranitar|Low Kick|p2a: Archaludon\n|-supereffective|p2a: Archaludon\n|-damage|p2a: Archaludon|22\/100 slp\n|move|p1b: Amoonguss|Spore|p2a: Archaludon\n|-fail|p2a: Archaludon|slp\n|\n|-damage|p1a: Tyranitar|66\/100 brn|[from] brn\n|upkeep\n|turn|8\n|inactive|orudbeck has 30 seconds left.\n|inactive|orudbeck has 20 seconds left.\n|inactive|orudbeck has 15 seconds left.\n|\n|t:|1732759418\n|move|p2b: Volcarona|Heat Wave|p1b: Amoonguss|[spread] p1a,p1b\n|-resisted|p1a: Tyranitar\n|-resisted|p1b: Amoonguss\n|-damage|p1a: Tyranitar|58\/100 brn\n|-damage|p1b: Amoonguss|22\/100\n|-curestatus|p2a: Archaludon|slp|[msg]\n|move|p2a: Archaludon|Draco Meteor|p1b: Amoonguss\n|-damage|p1b: Amoonguss|0 fnt\n|-unboost|p2a: Archaludon|spa|1\n|faint|p1b: Amoonguss\n|move|p1a: Tyranitar|Tera Blast|p2b: Volcarona\n|-damage|p2b: Volcarona|32\/100\n|\n|-damage|p1a: Tyranitar|52\/100 brn|[from] brn\n|upkeep\n|turn|9\n|\n|t:|1732759441\n|move|p2b: Volcarona|Heat Wave|p1a: Tyranitar\n|-resisted|p1a: Tyranitar\n|-damage|p1a: Tyranitar|40\/100 brn\n|move|p2a: Archaludon|Draco Meteor|p1a: Tyranitar\n|-damage|p1a: Tyranitar|30\/100 brn\n|move|p1a: Tyranitar|Rock Slide|p2a: Archaludon|[spread] p2a\n|-miss|p1a: Tyranitar|p2b: Volcarona\n|-resisted|p2a: Archaludon\n|-damage|p2a: Archaludon|16\/100\n|\n|-damage|p1a: Tyranitar|24\/100 brn|[from] brn\n|upkeep\n|turn|10\n|\n|t:|1732759460\n|move|p2b: Volcarona|Heat Wave|p1a: Tyranitar\n|-resisted|p1a: Tyranitar\n|-damage|p1a: Tyranitar|12\/100 brn\n|move|p2a: Archaludon|Draco Meteor|p1a: Tyranitar\n|-damage|p1a: Tyranitar|3\/100 brn\n|move|p1a: Tyranitar|Rock Slide|p2a: Archaludon|[spread] p2b\n|-miss|p1a: Tyranitar|p2a: Archaludon\n|-damage|p2b: Volcarona|18\/100\n|\n|-damage|p1a: Tyranitar|0 fnt|[from] brn\n|faint|p1a: Tyranitar\n|\n|win|kojimuranishi\n|upkeep\n|raw|orudbeck's rating: 1700 &rarr; <strong>1686<\/strong><br \/>(-14 for losing)\n|raw|kojimuranishi's rating: 1815 &rarr; <strong>1829<\/strong><br \/>(+14 for winning)\n|l|\u2606orudbeck\n|player|p1|\n|l|\u2606kojimuranishi\n|player|p2|\n","uploadtime":1732759732,"views":9,"formatid":"gen9vgc2024regh","rating":1686,"private":0,"password":null}