{"id":"gen9vgc2024regh-2252343334","format":"[Gen 9] VGC 2024 Reg H","players":["bieiup","ren122333"],"log":"|j|\u2606bieiup\n|j|\u2606ren122333\n|t:|1732739745\n|gametype|doubles\n|player|p1|bieiup|lillie-z|1758\n|player|p2|ren122333|hilbert|1757\n|teamsize|p1|6\n|teamsize|p2|6\n|gen|9\n|tier|[Gen 9] VGC 2024 Reg H\n|rated|\n|rule|Species Clause: Limit one of each Pok\u00e9mon\n|rule|Item Clause: Limit 1 of each item\n|clearpoke\n|poke|p1|Sableye, L50, M|\n|poke|p1|Dondozo, L50, F|\n|poke|p1|Sylveon, L50, M|\n|poke|p1|Dragonite, L50, M|\n|poke|p1|Gholdengo, L50|\n|poke|p1|Ursaluna-Bloodmoon, L50, M|\n|poke|p2|Whimsicott, L50, M|\n|poke|p2|Mamoswine, L50, M|\n|poke|p2|Lycanroc-Dusk, L50, M|\n|poke|p2|Typhlosion-Hisui, L50, F|\n|poke|p2|Farigiraf, L50, M|\n|poke|p2|Mienshao, L50, F|\n|teampreview|4\n|j| MCSDoce\n|\n|t:|1732739784\n|start\n|switch|p1a: Sableye|Sableye, L50, M|100\/100\n|switch|p1b: Sylveon|Sylveon, L50, M|100\/100\n|switch|p2a: Whimsicott|Whimsicott, L50, M|100\/100\n|switch|p2b: Lycanroc|Lycanroc-Dusk, L50, M, shiny|100\/100\n|turn|1\n|inactive|Battle timer is ON: inactive players will automatically lose when time's up. (requested by bieiup)\n|\n|t:|1732739796\n|move|p1a: Sableye|Fake Out|p2b: Lycanroc\n|-resisted|p2b: Lycanroc\n|-damage|p2b: Lycanroc|94\/100\n|move|p2a: Whimsicott|Moonblast|p1b: Sylveon\n|-damage|p1b: Sylveon|76\/100\n|cant|p2b: Lycanroc|flinch\n|move|p1b: Sylveon|Hyper Voice|p2b: Lycanroc|[spread] p2a,p2b\n|-damage|p2a: Whimsicott|37\/100\n|-damage|p2b: Lycanroc|28\/100\n|-enditem|p1b: Sylveon|Throat Spray\n|-boost|p1b: Sylveon|spa|1|[from] item: Throat Spray\n|\n|upkeep\n|turn|2\n|\n|t:|1732739806\n|move|p1a: Sableye|Encore|p1b: Sylveon\n|-start|p1b: Sylveon|Encore\n|move|p1b: Sylveon|Hyper Voice|p2b: Lycanroc|[spread] p2a,p2b\n|-damage|p2a: Whimsicott|0 fnt\n|-damage|p2b: Lycanroc|0 fnt\n|faint|p2a: Whimsicott\n|faint|p2b: Lycanroc\n|\n|upkeep\n|\n|t:|1732739829\n|switch|p2a: Mamoswine|Mamoswine, L50, M|100\/100\n|switch|p2b: Typhlosion|Typhlosion-Hisui, L50, F|100\/100\n|-item|p1a: Sableye|Focus Sash|[from] ability: Frisk|[of] p2b: Typhlosion\n|turn|3\n|\n|t:|1732739836\n|move|p1a: Sableye|Will-O-Wisp|p2a: Mamoswine\n|-status|p2a: Mamoswine|brn\n|move|p2b: Typhlosion|Eruption|p1b: Sylveon|[spread] p1a,p1b\n|-enditem|p1a: Sableye|Focus Sash\n|-damage|p1a: Sableye|1\/100\n|-damage|p1b: Sylveon|18\/100\n|move|p2a: Mamoswine|High Horsepower|p1a: Sableye\n|-damage|p1a: Sableye|0 fnt\n|faint|p1a: Sableye\n|move|p1b: Sylveon|Hyper Voice|p2b: Typhlosion|[spread] p2a,p2b\n|-resisted|p2b: Typhlosion\n|-damage|p2a: Mamoswine|19\/100 brn\n|-damage|p2b: Typhlosion|58\/100\n|\n|-damage|p2a: Mamoswine|13\/100 brn|[from] brn\n|upkeep\n|\n|t:|1732739846\n|switch|p1a: Dondozo|Dondozo, L50, F|100\/100\n|turn|4\n|c|\u2606ren122333|Quick attack hyper voice. That's cool.\n|c|\u2606bieiup|thanks\n|\n|t:|1732739857\n|-terastallize|p2a: Mamoswine|Grass\n|move|p2b: Typhlosion|Eruption|p1b: Sylveon|[spread] p1a,p1b\n|-resisted|p1a: Dondozo\n|-crit|p1b: Sylveon\n|-damage|p1a: Dondozo|86\/100\n|-damage|p1b: Sylveon|0 fnt\n|faint|p1b: Sylveon\n|move|p2a: Mamoswine|Tera Blast|p1a: Dondozo|[anim] Tera Blast Grass\n|-supereffective|p1a: Dondozo\n|-damage|p1a: Dondozo|55\/100\n|move|p1a: Dondozo|Earthquake|p2a: Mamoswine|[spread] p2a,p2b\n|-resisted|p2a: Mamoswine\n|-supereffective|p2b: Typhlosion\n|-damage|p2a: Mamoswine|4\/100 brn\n|-damage|p2b: Typhlosion|13\/100\n|\n|-damage|p2a: Mamoswine|0 fnt|[from] brn\n|faint|p2a: Mamoswine\n|upkeep\n|\n|t:|1732739860\n|switch|p1b: Gholdengo|Gholdengo, L50|100\/100\n|turn|5\n|\n|t:|1732739866\n|-terastallize|p1b: Gholdengo|Ground\n|move|p1b: Gholdengo|Shadow Ball|p2b: Typhlosion\n|-supereffective|p2b: Typhlosion\n|-damage|p2b: Typhlosion|0 fnt\n|faint|p2b: Typhlosion\n|\n|win|bieiup\n|raw|bieiup's rating: 1758 &rarr; <strong>1778<\/strong><br \/>(+20 for winning)\n|raw|ren122333's rating: 1757 &rarr; <strong>1737<\/strong><br \/>(-20 for losing)\n|l|\u2606ren122333\n|player|p2|\n|l| MCSDoce\n|l|\u2606bieiup\n|player|p1|\n","uploadtime":1732740136,"views":39,"formatid":"gen9vgc2024regh","rating":1737,"private":0,"password":null}