{"id":"gen9vgc2024regh-2252727987","format":"[Gen 9] VGC 2024 Reg H","players":["The10Zin","DgC1605"],"log":"|j|\u2606The10Zin\n|j|\u2606DgC1605\n|t:|1732795732\n|gametype|doubles\n|player|p1|The10Zin|266|1712\n|player|p2|DgC1605|n|1741\n|teamsize|p1|6\n|teamsize|p2|6\n|gen|9\n|tier|[Gen 9] VGC 2024 Reg H\n|rated|\n|rule|Species Clause: Limit one of each Pok\u00e9mon\n|rule|Item Clause: Limit 1 of each item\n|clearpoke\n|poke|p1|Weezing-Galar, L50, M|\n|poke|p1|Toedscruel, L50, F|\n|poke|p1|Typhlosion-Hisui, L50, M|\n|poke|p1|Garchomp, L50, M|\n|poke|p1|Gholdengo, L50|\n|poke|p1|Weavile, L50, F|\n|poke|p2|Sneasler, L50, F|\n|poke|p2|Baxcalibur, L50, F|\n|poke|p2|Rillaboom, L50, M|\n|poke|p2|Magmar, L50, M|\n|poke|p2|Gholdengo, L50|\n|poke|p2|Basculegion, L50, M|\n|teampreview|4\n|inactive|Battle timer is ON: inactive players will automatically lose when time's up. (requested by DgC1605)\n|inactive|The10Zin has 60 seconds left.\n|inactive|DgC1605 has 60 seconds left.\n|inactive|DgC1605 has 30 seconds left.\n|inactive|DgC1605 has 20 seconds left.\n|inactive|DgC1605 has 15 seconds left.\n|inactive|DgC1605 has 10 seconds left.\n|inactive|DgC1605 has 5 seconds left.\n|\n|t:|1732795820\n|start\n|switch|p1a: Weezing|Weezing-Galar, L50, M, shiny|100\/100\n|switch|p1b: Typhlosion|Typhlosion-Hisui, L50, M, shiny|100\/100\n|switch|p2a: Magmar|Magmar, L50, M|100\/100\n|switch|p2b: Baxcalibur|Baxcalibur, L50, F|100\/100\n|-ability|p1a: Weezing|Neutralizing Gas\n|turn|1\n|inactive|The10Zin has 30 seconds left.\n|\n|t:|1732795850\n|move|p2b: Baxcalibur|Protect|p2b: Baxcalibur\n|-singleturn|p2b: Baxcalibur|Protect\n|move|p1b: Typhlosion|Eruption|p2b: Baxcalibur|[spread] p2a\n|-activate|p2b: Baxcalibur|move: Protect\n|-resisted|p2a: Magmar\n|-damage|p2a: Magmar|84\/100\n|move|p2a: Magmar|Heat Wave|p1b: Typhlosion|[spread] p1a,p1b\n|-crit|p1a: Weezing\n|-resisted|p1b: Typhlosion\n|-damage|p1a: Weezing|46\/100\n|-damage|p1b: Typhlosion|82\/100\n|move|p1a: Weezing|Sludge Bomb|p2a: Magmar\n|-damage|p2a: Magmar|49\/100\n|\n|upkeep\n|turn|2\n|inactive|The10Zin has 30 seconds left.\n|c|\u2606The10Zin|Nice\n|c|\u2606The10Zin|turn 1 crit heatwave\n|inactive|The10Zin has 20 seconds left.\n|inactive|The10Zin has 15 seconds left.\n|\n|t:|1732795891\n|move|p1b: Typhlosion|Eruption|p2b: Baxcalibur|[spread] p2a,p2b\n|-resisted|p2a: Magmar\n|-damage|p2a: Magmar|34\/100\n|-damage|p2b: Baxcalibur|51\/100\n|move|p2b: Baxcalibur|Scale Shot|p1b: Typhlosion\n|-damage|p1b: Typhlosion|62\/100\n|-damage|p1b: Typhlosion|40\/100\n|-damage|p1b: Typhlosion|20\/100\n|-damage|p1b: Typhlosion|0 fnt\n|faint|p1b: Typhlosion\n|-hitcount|p1: Typhlosion|4\n|-unboost|p2b: Baxcalibur|def|1\n|-boost|p2b: Baxcalibur|spe|1\n|move|p2a: Magmar|Heat Wave|p1a: Weezing\n|-damage|p1a: Weezing|0 fnt\n|faint|p1a: Weezing\n|-end|p1a: Weezing|ability: Neutralizing Gas\n|\n|upkeep\n|\n|t:|1732795910\n|switch|p1b: Gholdengo|Gholdengo, L50|100\/100\n|switch|p1a: Weavile|Weavile, L50, F, shiny|100\/100\n|turn|3\n|inactive|The10Zin has 30 seconds left.\n|inactive|The10Zin has 20 seconds left.\n|\n|t:|1732795949\n|-terastallize|p1b: Gholdengo|Flying\n|move|p2b: Baxcalibur|Protect|p2b: Baxcalibur\n|-singleturn|p2b: Baxcalibur|Protect\n|move|p2a: Magmar|Protect|p2a: Magmar\n|-singleturn|p2a: Magmar|Protect\n|move|p1a: Weavile|Throat Chop|p2b: Baxcalibur\n|-activate|p2b: Baxcalibur|move: Protect\n|move|p1b: Gholdengo|Nasty Plot|p1b: Gholdengo\n|-boost|p1b: Gholdengo|spa|2\n|\n|upkeep\n|turn|4\n|\n|t:|1732795968\n|move|p1b: Gholdengo|Protect|p1b: Gholdengo\n|-singleturn|p1b: Gholdengo|Protect\n|move|p2b: Baxcalibur|Scale Shot|p1a: Weavile\n|-damage|p1a: Weavile|77\/100\n|-damage|p1a: Weavile|52\/100\n|-damage|p1a: Weavile|27\/100\n|-damage|p1a: Weavile|4\/100\n|-damage|p1a: Weavile|0 fnt\n|faint|p1a: Weavile\n|-hitcount|p1: Weavile|5\n|-unboost|p2b: Baxcalibur|def|1\n|-boost|p2b: Baxcalibur|spe|1\n|move|p2a: Magmar|Heat Wave|p1b: Gholdengo\n|-activate|p1b: Gholdengo|move: Protect\n|\n|upkeep\n|turn|5\n|\n|t:|1732795986\n|move|p2b: Baxcalibur|Icicle Spear|p1b: Gholdengo\n|-supereffective|p1b: Gholdengo\n|-damage|p1b: Gholdengo|72\/100\n|-supereffective|p1b: Gholdengo\n|-crit|p1b: Gholdengo\n|-damage|p1b: Gholdengo|25\/100\n|-enditem|p1b: Gholdengo|Sitrus Berry|[eat]\n|-heal|p1b: Gholdengo|50\/100|[from] item: Sitrus Berry\n|-supereffective|p1b: Gholdengo\n|-damage|p1b: Gholdengo|19\/100\n|-supereffective|p1b: Gholdengo\n|-damage|p1b: Gholdengo|0 fnt\n|faint|p1b: Gholdengo\n|-hitcount|p1: Gholdengo|4\n|\n|win|DgC1605\n|raw|The10Zin's rating: 1712 &rarr; <strong>1694<\/strong><br \/>(-18 for losing)\n|raw|DgC1605's rating: 1741 &rarr; <strong>1759<\/strong><br \/>(+18 for winning)\n|l|\u2606DgC1605\n|player|p2|\n|l|\u2606The10Zin\n|player|p1|\n","uploadtime":1732796160,"views":6,"formatid":"gen9vgc2024regh","rating":1694,"private":0,"password":null}