{"id":"gen9vgc2024regh-2252137383","format":"[Gen 9] VGC 2024 Reg H","players":["juacox300","GCSwag"],"log":"|j|\u2606juacox300\n|j|\u2606GCSwag\n|t:|1732717867\n|gametype|doubles\n|player|p1|juacox300|unknown|1786\n|player|p2|GCSwag|blackbelt-gen4dp|1686\n|teamsize|p1|6\n|teamsize|p2|6\n|gen|9\n|tier|[Gen 9] VGC 2024 Reg H\n|rated|\n|rule|Species Clause: Limit one of each Pok\u00e9mon\n|rule|Item Clause: Limit 1 of each item\n|clearpoke\n|poke|p1|Ursaluna, L50, F|\n|poke|p1|Murkrow, L50, M|\n|poke|p1|Sneasler, L50, M|\n|poke|p1|Indeedee, L50, M|\n|poke|p1|Archaludon, L50, M|\n|poke|p1|Incineroar, L50, M|\n|poke|p2|Armarouge, L50, F|\n|poke|p2|Indeedee-F, L50, F|\n|poke|p2|Gallade, L50, M|\n|poke|p2|Annihilape, L50, F|\n|poke|p2|Torkoal, L50, M|\n|poke|p2|Exeggutor, L50, F|\n|teampreview|4\n|j| surgevgc\n|inactive|Battle timer is ON: inactive players will automatically lose when time's up. (requested by GCSwag)\n|\n|t:|1732717903\n|start\n|switch|p1a: Alfred|Indeedee, L50, M, shiny|100\/100\n|switch|p1b: Incineroar|Incineroar, L50, M|100\/100\n|switch|p2a: Indeedee|Indeedee-F, L50, F|100\/100\n|switch|p2b: Armarouge|Armarouge, L50, F|100\/100\n|-fieldstart|move: Psychic Terrain|[from] ability: Psychic Surge|[of] p1a: Alfred\n|-enditem|p2a: Indeedee|Psychic Seed\n|-boost|p2a: Indeedee|spd|1|[from] item: Psychic Seed\n|-ability|p1b: Incineroar|Intimidate|boost\n|-unboost|p2a: Indeedee|atk|1\n|-unboost|p2b: Armarouge|atk|1\n|turn|1\n|inactive|GCSwag has 30 seconds left.\n|inactive|GCSwag has 20 seconds left.\n|\n|t:|1732717941\n|switch|p1a: Ursaluna|Ursaluna, L50, F|100\/100\n|move|p2a: Indeedee|Helping Hand|p2b: Armarouge\n|-singleturn|p2b: Armarouge|Helping Hand|[of] p2a: Indeedee\n|move|p1b: Incineroar|Snarl|p2b: Armarouge|[spread] p2a\n|-miss|p1b: Incineroar|p2b: Armarouge\n|-supereffective|p2a: Indeedee\n|-damage|p2a: Indeedee|87\/100\n|-unboost|p2a: Indeedee|spa|1\n|move|p2b: Armarouge|Aura Sphere|p1b: Incineroar\n|-supereffective|p1b: Incineroar\n|-damage|p1b: Incineroar|34\/100\n|-damage|p2b: Armarouge|91\/100|[from] item: Life Orb\n|\n|-status|p1a: Ursaluna|brn|[from] item: Flame Orb\n|upkeep\n|turn|2\n|\n|t:|1732717960\n|switch|p1b: Murkrow|Murkrow, L50, M|100\/100\n|-terastallize|p1a: Ursaluna|Ghost\n|move|p1a: Ursaluna|Facade|p2a: Indeedee\n|-damage|p2a: Indeedee|0 fnt\n|faint|p2a: Indeedee\n|move|p2b: Armarouge|Expanding Force|p1a: Ursaluna|[spread] p1a\n|-immune|p1b: Murkrow\n|-damage|p1a: Ursaluna|14\/100 brn\n|-damage|p2b: Armarouge|81\/100|[from] item: Life Orb\n|\n|-damage|p1a: Ursaluna|8\/100 brn|[from] brn\n|upkeep\n|\n|t:|1732717965\n|switch|p2a: Gallade|Gallade, L50, M|100\/100\n|turn|3\n|\n|t:|1732717976\n|move|p1a: Ursaluna|Protect|p1a: Ursaluna\n|-singleturn|p1a: Ursaluna|Protect\n|move|p1b: Murkrow|Brave Bird|p2a: Gallade\n|-supereffective|p2a: Gallade\n|-damage|p2a: Gallade|1\/100\n|-damage|p1b: Murkrow|64\/100|[from] Recoil\n|move|p2b: Armarouge|Heat Wave|p1b: Murkrow|[spread] \n|-activate|p1a: Ursaluna|move: Protect\n|-miss|p2b: Armarouge|p1b: Murkrow\n|move|p2a: Gallade|Trick Room|p2a: Gallade\n|-fieldstart|move: Trick Room|[of] p2a: Gallade\n|\n|-damage|p1a: Ursaluna|2\/100 brn|[from] brn\n|upkeep\n|turn|4\n|inactive|GCSwag has 30 seconds left.\n|inactive|GCSwag has 20 seconds left.\n|\n|t:|1732718013\n|move|p2b: Armarouge|Heat Wave|p1b: Murkrow|[spread] p1a,p1b\n|-crit|p1b: Murkrow\n|-damage|p1a: Ursaluna|0 fnt\n|-damage|p1b: Murkrow|0 fnt\n|faint|p1a: Ursaluna\n|faint|p1b: Murkrow\n|-damage|p2b: Armarouge|72\/100|[from] item: Life Orb\n|move|p2a: Gallade|Sacred Sword|p1: Ursaluna|[notarget]\n|-fail|p2a: Gallade\n|\n|upkeep\n|\n|t:|1732718016\n|switch|p1a: Alfred|Indeedee, L50, M, shiny|100\/100\n|switch|p1b: Incineroar|Incineroar, L50, M|34\/100\n|-ability|p1b: Incineroar|Intimidate|boost\n|-fail|p2a: Gallade|unboost|[from] item: Clear Amulet|[of] p2a: Gallade\n|-unboost|p2b: Armarouge|atk|1\n|turn|5\n|-message|juacox300 forfeited.\n|\n|win|GCSwag\n|raw|juacox300's rating: 1786 &rarr; <strong>1760<\/strong><br \/>(-26 for losing)\n|raw|GCSwag's rating: 1686 &rarr; <strong>1712<\/strong><br \/>(+26 for winning)\n","uploadtime":1732718029,"views":21,"formatid":"gen9vgc2024regh","rating":1712,"private":0,"password":null}