{"id":"gen9vgc2024regh-2252731752","format":"[Gen 9] VGC 2024 Reg H","players":["The Slimmest Jesus","bieiup"],"log":"|j|\u2606The Slimmest Jesus\n|j|\u2606bieiup\n|t:|1732796309\n|gametype|doubles\n|player|p1|The Slimmest Jesus|101|1750\n|player|p2|bieiup|lillie-z|1772\n|teamsize|p1|6\n|teamsize|p2|6\n|gen|9\n|tier|[Gen 9] VGC 2024 Reg H\n|rated|\n|rule|Species Clause: Limit one of each Pok\u00e9mon\n|rule|Item Clause: Limit 1 of each item\n|clearpoke\n|poke|p1|Sneasler, L50, M|\n|poke|p1|Indeedee, L50, M|\n|poke|p1|Gholdengo, L50|\n|poke|p1|Murkrow, L50, F|\n|poke|p1|Ursaluna, L50, M|\n|poke|p1|Zoroark-Hisui, L50, M|\n|poke|p2|Sableye, L50, M|\n|poke|p2|Dondozo, L50, F|\n|poke|p2|Sylveon, L50, M|\n|poke|p2|Dragonite, L50, M|\n|poke|p2|Gholdengo, L50|\n|poke|p2|Ursaluna-Bloodmoon, L50, M|\n|teampreview|4\n|inactive|Battle timer is ON: inactive players will automatically lose when time's up. (requested by The Slimmest Jesus)\n|inactive|The Slimmest Jesus has 60 seconds left.\n|inactive|bieiup has 60 seconds left.\n|\n|t:|1732796366\n|start\n|switch|p1a: Murkrow|Murkrow, L50, F|100\/100\n|switch|p1b: Gholdengo|Gholdengo, L50|100\/100\n|switch|p2a: Sableye|Sableye, L50, M|100\/100\n|switch|p2b: Sylveon|Sylveon, L50, M|100\/100\n|turn|1\n|\n|t:|1732796381\n|-terastallize|p1b: Gholdengo|Steel\n|-terastallize|p2b: Sylveon|Fire\n|move|p2a: Sableye|Fake Out|p1a: Murkrow\n|-damage|p1a: Murkrow|92\/100\n|cant|p1a: Murkrow|flinch\n|move|p1b: Gholdengo|Make It Rain|p2b: Sylveon|[spread] p2a,p2b\n|-resisted|p2b: Sylveon\n|-enditem|p2a: Sableye|Focus Sash\n|-damage|p2a: Sableye|1\/100\n|-damage|p2b: Sylveon|65\/100\n|-unboost|p1b: Gholdengo|spa|1\n|move|p2b: Sylveon|Tera Blast|p1b: Gholdengo|[anim] Tera Blast Fire\n|-supereffective|p1b: Gholdengo\n|-damage|p1b: Gholdengo|10\/100\n|\n|upkeep\n|turn|2\n|inactive|The Slimmest Jesus has 30 seconds left.\n|inactive|The Slimmest Jesus has 20 seconds left.\n|inactive|The Slimmest Jesus has 15 seconds left.\n|\n|t:|1732796423\n|switch|p1b: Ursaluna|Ursaluna, L50, M|100\/100\n|move|p2a: Sableye|Light Screen|p2a: Sableye\n|-sidestart|p2: bieiup|move: Light Screen\n|move|p1a: Murkrow|Foul Play|p2a: Sableye\n|-damage|p2a: Sableye|0 fnt\n|faint|p2a: Sableye\n|move|p2b: Sylveon|Hyper Voice|p1b: Ursaluna|[spread] p1a,p1b\n|-supereffective|p1a: Murkrow\n|-damage|p1a: Murkrow|7\/100\n|-damage|p1b: Ursaluna|63\/100\n|-enditem|p2b: Sylveon|Throat Spray\n|-boost|p2b: Sylveon|spa|1|[from] item: Throat Spray\n|\n|-status|p1b: Ursaluna|brn|[from] item: Flame Orb\n|upkeep\n|\n|t:|1732796434\n|switch|p2a: Ursaluna|Ursaluna-Bloodmoon, L50, M|100\/100\n|turn|3\n|inactive|The Slimmest Jesus has 30 seconds left.\n|inactive|The Slimmest Jesus has 20 seconds left.\n|inactive|The Slimmest Jesus has 15 seconds left.\n|inactive|The Slimmest Jesus has 10 seconds left.\n|\n|t:|1732796484\n|switch|p1b: Indeedee|Indeedee, L50, M|100\/100\n|-fieldstart|move: Psychic Terrain|[from] ability: Psychic Surge|[of] p1b: Indeedee\n|move|p1a: Murkrow|Tailwind|p1a: Murkrow\n|-sidestart|p1: The Slimmest Jesus|move: Tailwind\n|move|p2b: Sylveon|Quick Attack|p1b: Indeedee\n|-activate|p1b: Indeedee|move: Psychic Terrain\n|move|p2a: Ursaluna|Vacuum Wave|p1b: Indeedee\n|-activate|p1b: Indeedee|move: Psychic Terrain\n|\n|upkeep\n|turn|4\n|inactive|The Slimmest Jesus has 30 seconds left.\n|inactive|bieiup has 30 seconds left.\n|inactive|bieiup has 20 seconds left.\n|inactive|bieiup has 15 seconds left.\n|inactive|bieiup has 10 seconds left.\n|\n|t:|1732796530\n|move|p2b: Sylveon|Quick Attack|p1a: Murkrow\n|-hint|Psychic Terrain doesn't affect Pok\u00e9mon immune to Ground.\n|-supereffective|p1a: Murkrow\n|-damage|p1a: Murkrow|0 fnt\n|faint|p1a: Murkrow\n|move|p1b: Indeedee|Expanding Force|p2b: Sylveon|[spread] p2a,p2b\n|-damage|p2a: Ursaluna|59\/100\n|-damage|p2b: Sylveon|39\/100\n|move|p2a: Ursaluna|Blood Moon|p1b: Indeedee\n|-enditem|p1b: Indeedee|Focus Sash\n|-damage|p1b: Indeedee|1\/100\n|-damage|p2a: Ursaluna|50\/100|[from] item: Life Orb\n|\n|upkeep\n|\n|t:|1732796550\n|switch|p1a: Gholdengo|Gholdengo, L50, tera:Steel|10\/100\n|turn|5\n|\n|t:|1732796559\n|move|p2b: Sylveon|Protect|p2b: Sylveon\n|-singleturn|p2b: Sylveon|Protect\n|move|p1b: Indeedee|Expanding Force|p2a: Ursaluna|[spread] p2a\n|-activate|p2b: Sylveon|move: Protect\n|-damage|p2a: Ursaluna|4\/100\n|move|p1a: Gholdengo|Make It Rain|p2b: Sylveon|[spread] p2a\n|-activate|p2b: Sylveon|move: Protect\n|-damage|p2a: Ursaluna|0 fnt\n|-unboost|p1a: Gholdengo|spa|1\n|faint|p2a: Ursaluna\n|\n|upkeep\n|\n|t:|1732796563\n|switch|p2a: Gholdengo|Gholdengo, L50|100\/100\n|turn|6\n|\n|t:|1732796584\n|move|p2b: Sylveon|Protect||[still]\n|-fail|p2b: Sylveon\n|move|p1b: Indeedee|Expanding Force|p2a: Gholdengo|[spread] p2a,p2b\n|-resisted|p2a: Gholdengo\n|-damage|p2a: Gholdengo|78\/100\n|-damage|p2b: Sylveon|10\/100\n|move|p1a: Gholdengo|Make It Rain|p2a: Gholdengo|[spread] p2a,p2b\n|-resisted|p2a: Gholdengo\n|-resisted|p2b: Sylveon\n|-damage|p2a: Gholdengo|51\/100\n|-damage|p2b: Sylveon|0 fnt\n|-unboost|p1a: Gholdengo|spa|1\n|faint|p2b: Sylveon\n|move|p2a: Gholdengo|Make It Rain|p1b: Indeedee|[spread] p1a,p1b\n|-resisted|p1a: Gholdengo\n|-damage|p1a: Gholdengo|0 fnt\n|-damage|p1b: Indeedee|0 fnt\n|-unboost|p2a: Gholdengo|spa|1\n|faint|p1a: Gholdengo\n|faint|p1b: Indeedee\n|\n|-sideend|p2: bieiup|move: Light Screen\n|-sideend|p1: The Slimmest Jesus|move: Tailwind\n|upkeep\n|\n|t:|1732796607\n|switch|p1b: Ursaluna|Ursaluna, L50, M|63\/100 brn\n|turn|7\n|\n|t:|1732796612\n|move|p2a: Gholdengo|Make It Rain|p1b: Ursaluna\n|-damage|p1b: Ursaluna|22\/100 brn\n|-unboost|p2a: Gholdengo|spa|1\n|move|p1b: Ursaluna|Headlong Rush|p2a: Gholdengo\n|-supereffective|p2a: Gholdengo\n|-damage|p2a: Gholdengo|0 fnt\n|-unboost|p1b: Ursaluna|def|1\n|-unboost|p1b: Ursaluna|spd|1\n|faint|p2a: Gholdengo\n|\n|win|The Slimmest Jesus\n|raw|The Slimmest Jesus's rating: 1750 &rarr; <strong>1771<\/strong><br \/>(+21 for winning)\n|raw|bieiup's rating: 1772 &rarr; <strong>1751<\/strong><br \/>(-21 for losing)\n|l|\u2606bieiup\n|player|p2|\n|l|\u2606The Slimmest Jesus\n|player|p1|\n","uploadtime":1732796850,"views":6,"formatid":"gen9vgc2024regh","rating":1751,"private":0,"password":null}