{"id":"gen9vgc2024regh-2252503591","format":"[Gen 9] VGC 2024 Reg H","players":["SnarkyShane","Zordor"],"log":"|j|\u2606SnarkyShane\n|j|\u2606Zordor\n|t:|1732759101\n|gametype|doubles\n|player|p1|SnarkyShane|gambler|1719\n|player|p2|Zordor|pilot|1717\n|teamsize|p1|6\n|teamsize|p2|6\n|gen|9\n|tier|[Gen 9] VGC 2024 Reg H\n|rated|\n|rule|Species Clause: Limit one of each Pok\u00e9mon\n|rule|Item Clause: Limit 1 of each item\n|clearpoke\n|poke|p1|Kommo-o, L50, F|\n|poke|p1|Incineroar, L50, F|\n|poke|p1|Sinistcha-Masterpiece, L50|\n|poke|p1|Kingambit, L50, F|\n|poke|p1|Ninetales-Alola, L50, M|\n|poke|p1|Sneasler, L50, F|\n|poke|p2|Rotom-Wash, L50|\n|poke|p2|Sneasler, L50, F|\n|poke|p2|Armarouge, L50, M|\n|poke|p2|Venusaur, L50, M|\n|poke|p2|Scizor, L50, M|\n|poke|p2|Dragapult, L50, F|\n|teampreview|4\n|inactive|Battle timer is ON: inactive players will automatically lose when time's up. (requested by SnarkyShane)\n|j| Satansinlaw\n|inactive|SnarkyShane has 60 seconds left.\n|inactive|Zordor has 60 seconds left.\n|\n|t:|1732759160\n|start\n|switch|p1a: Kommo-o|Kommo-o, L50, F|100\/100\n|switch|p1b: Kingambit|Kingambit, L50, F|100\/100\n|switch|p2a: Armarouge|Armarouge, L50, M|100\/100\n|switch|p2b: Sneasler|Sneasler, L50, F|100\/100\n|turn|1\n|inactive|SnarkyShane has 30 seconds left.\n|\n|t:|1732759192\n|switch|p1b: Sinistcha|Sinistcha-Masterpiece, L50|100\/100\n|move|p1a: Kommo-o|Protect|p1a: Kommo-o\n|-singleturn|p1a: Kommo-o|Protect\n|move|p2b: Sneasler|Close Combat|p1b: Sinistcha\n|-immune|p1b: Sinistcha\n|move|p2a: Armarouge|Psychic|p1a: Kommo-o\n|-activate|p1a: Kommo-o|move: Protect\n|\n|upkeep\n|turn|2\n|\n|t:|1732759206\n|move|p1b: Sinistcha|Rage Powder|p1b: Sinistcha\n|-singleturn|p1b: Sinistcha|move: Rage Powder\n|move|p2b: Sneasler|Dire Claw|p1b: Sinistcha\n|-damage|p1b: Sinistcha|65\/100\n|-status|p1b: Sinistcha|slp\n|-damage|p2b: Sneasler|84\/100|[from] item: Rocky Helmet|[of] p1b: Sinistcha\n|move|p1a: Kommo-o|Clangorous Soul|p1a: Kommo-o\n|-boost|p1a: Kommo-o|atk|1\n|-boost|p1a: Kommo-o|def|1\n|-boost|p1a: Kommo-o|spa|1\n|-boost|p1a: Kommo-o|spd|1\n|-boost|p1a: Kommo-o|spe|1\n|-damage|p1a: Kommo-o|68\/100\n|-enditem|p1a: Kommo-o|Throat Spray\n|-boost|p1a: Kommo-o|spa|1|[from] item: Throat Spray\n|move|p2a: Armarouge|Heat Wave|p1b: Sinistcha|[spread] p1a,p1b\n|-resisted|p1a: Kommo-o\n|-supereffective|p1b: Sinistcha\n|-damage|p1a: Kommo-o|57\/100\n|-damage|p1b: Sinistcha|7\/100 slp\n|\n|upkeep\n|turn|3\n|inactive|SnarkyShane has 30 seconds left.\n|inactive|Zordor has 30 seconds left.\n|inactive|SnarkyShane has 20 seconds left.\n|inactive|SnarkyShane has 15 seconds left.\n|\n|t:|1732759250\n|switch|p1b: Incineroar|Incineroar, L50, F|100\/100\n|-ability|p1b: Incineroar|Intimidate|boost\n|-unboost|p2a: Armarouge|atk|1\n|-unboost|p2b: Sneasler|atk|1\n|-terastallize|p1a: Kommo-o|Steel\n|move|p2b: Sneasler|Protect|p2b: Sneasler\n|-singleturn|p2b: Sneasler|Protect\n|move|p2a: Armarouge|Protect|p2a: Armarouge\n|-singleturn|p2a: Armarouge|Protect\n|move|p1a: Kommo-o|Clanging Scales|p2a: Armarouge|[spread] \n|-activate|p2a: Armarouge|move: Protect\n|-activate|p2b: Sneasler|move: Protect\n|\n|upkeep\n|turn|4\n|j| raityangontyan\n|inactive|Zordor has 30 seconds left.\n|\n|t:|1732759276\n|switch|p2a: Scizor|Scizor, L50, M|100\/100\n|move|p1b: Incineroar|Fake Out|p2a: Scizor\n|-resisted|p2a: Scizor\n|-damage|p2a: Scizor|95\/100\n|move|p1a: Kommo-o|Clanging Scales|p2b: Sneasler|[spread] p2a,p2b\n|-resisted|p2a: Scizor\n|-damage|p2a: Scizor|56\/100\n|-damage|p2b: Sneasler|0 fnt\n|faint|p2b: Sneasler\n|-unboost|p1a: Kommo-o|def|1\n|\n|upkeep\n|\n|t:|1732759285\n|switch|p2b: Armarouge|Armarouge, L50, M|100\/100\n|turn|5\n|\n|t:|1732759301\n|switch|p1b: Sinistcha|Sinistcha-Masterpiece, L50|7\/100 slp\n|-heal|p1a: Kommo-o|82\/100|[from] ability: Hospitality|[of] p1b: Sinistcha\n|move|p1a: Kommo-o|Clanging Scales|p2b: Armarouge|[spread] p2a,p2b\n|-resisted|p2a: Scizor\n|-damage|p2a: Scizor|20\/100\n|-damage|p2b: Armarouge|15\/100\n|-enditem|p2a: Scizor|Sitrus Berry|[eat]\n|-heal|p2a: Scizor|45\/100|[from] item: Sitrus Berry\n|-unboost|p1a: Kommo-o|def|1\n|move|p2b: Armarouge|Meteor Beam||[still]\n|-prepare|p2b: Armarouge|Meteor Beam\n|-boost|p2b: Armarouge|spa|1\n|-enditem|p2b: Armarouge|Power Herb\n|-anim|p2b: Armarouge|Meteor Beam|p1b: Sinistcha\n|-damage|p1b: Sinistcha|0 fnt\n|faint|p1b: Sinistcha\n|move|p2a: Scizor|Tailwind|p2a: Scizor\n|-sidestart|p2: Zordor|move: Tailwind\n|\n|upkeep\n|inactive|SnarkyShane has 30 seconds left.\n|\n|t:|1732759332\n|switch|p1b: Incineroar|Incineroar, L50, F|100\/100\n|-ability|p1b: Incineroar|Intimidate|boost\n|-unboost|p2a: Scizor|atk|1\n|-unboost|p2b: Armarouge|atk|1\n|turn|6\n|\n|t:|1732759355\n|switch|p1b: Kingambit|Kingambit, L50, F|100\/100\n|move|p2b: Armarouge|Protect|p2b: Armarouge\n|-singleturn|p2b: Armarouge|Protect\n|move|p2a: Scizor|Bug Bite|p1b: Kingambit\n|-damage|p1b: Kingambit|76\/100\n|move|p1a: Kommo-o|Clangorous Soul|p1a: Kommo-o\n|-boost|p1a: Kommo-o|atk|1\n|-boost|p1a: Kommo-o|def|1\n|-boost|p1a: Kommo-o|spa|1\n|-boost|p1a: Kommo-o|spd|1\n|-boost|p1a: Kommo-o|spe|1\n|-damage|p1a: Kommo-o|50\/100\n|\n|upkeep\n|turn|7\n|inactive|Zordor has 30 seconds left.\n|\n|t:|1732759380\n|switch|p2a: Dragapult|Dragapult, L50, F|100\/100\n|move|p1b: Kingambit|Sucker Punch|p2b: Armarouge\n|-supereffective|p2b: Armarouge\n|-damage|p2b: Armarouge|0 fnt\n|faint|p2b: Armarouge\n|-damage|p1b: Kingambit|66\/100|[from] item: Life Orb\n|move|p1a: Kommo-o|Clanging Scales|p2a: Dragapult\n|-supereffective|p2a: Dragapult\n|-damage|p2a: Dragapult|0 fnt\n|faint|p2a: Dragapult\n|-unboost|p1a: Kommo-o|def|1\n|\n|upkeep\n|-message|Zordor forfeited.\n|\n|win|SnarkyShane\n|raw|SnarkyShane's rating: 1719 &rarr; <strong>1739<\/strong><br \/>(+20 for winning)\n|raw|Zordor's rating: 1717 &rarr; <strong>1697<\/strong><br \/>(-20 for losing)\n|j| Wanshanmeiyangcui\n|l|\u2606Zordor\n|player|p2|\n|l|\u2606SnarkyShane\n|player|p1|\n|l| Satansinlaw\n|l| Wanshanmeiyangcui\n","uploadtime":1732759594,"views":13,"formatid":"gen9vgc2024regh","rating":1697,"private":0,"password":null}