{"id":"gen9vgc2024regh-2252386516","format":"[Gen 9] VGC 2024 Reg H","players":["ren122333","roykeenkennedy"],"log":"|j|\u2606ren122333\n|j|\u2606roykeenkennedy\n|t:|1732744451\n|gametype|doubles\n|player|p1|ren122333|hilbert|1716\n|player|p2|roykeenkennedy|alder|1721\n|teamsize|p1|6\n|teamsize|p2|6\n|gen|9\n|tier|[Gen 9] VGC 2024 Reg H\n|rated|\n|rule|Species Clause: Limit one of each Pok\u00e9mon\n|rule|Item Clause: Limit 1 of each item\n|clearpoke\n|poke|p1|Whimsicott, L50, F|\n|poke|p1|Mamoswine, L50, F|\n|poke|p1|Lycanroc-Dusk, L50, F|\n|poke|p1|Typhlosion-Hisui, L50, F|\n|poke|p1|Farigiraf, L50, F|\n|poke|p1|Mienshao, L50, M|\n|poke|p2|Salamence, L50, F|\n|poke|p2|Incineroar, L50, M|\n|poke|p2|Weezing, L50, F|\n|poke|p2|Dragapult, L50, M|\n|poke|p2|Ursaluna-Bloodmoon, L50, M|\n|poke|p2|Volcarona, L50, F|\n|teampreview|4\n|inactive|Battle timer is ON: inactive players will automatically lose when time's up. (requested by ren122333)\n|inactive|roykeenkennedy has 60 seconds left.\n|\n|t:|1732744493\n|start\n|switch|p1a: Whimsicott|Whimsicott, L50, F|100\/100\n|switch|p1b: Mamoswine|Mamoswine, L50, F|100\/100\n|switch|p2a: Weezing|Weezing, L50, F|100\/100\n|switch|p2b: Dragapult|Dragapult, L50, M|100\/100\n|-ability|p2a: Weezing|Neutralizing Gas\n|turn|1\n|\n|t:|1732744512\n|-terastallize|p2b: Dragapult|Ghost\n|-terastallize|p1a: Whimsicott|Ghost\n|move|p2b: Dragapult|Tera Blast|p1a: Whimsicott|[anim] Tera Blast Ghost\n|-supereffective|p1a: Whimsicott\n|-enditem|p1a: Whimsicott|Focus Sash\n|-damage|p1a: Whimsicott|1\/100\n|move|p1a: Whimsicott|Tailwind|p1a: Whimsicott\n|-sidestart|p1: ren122333|move: Tailwind\n|move|p1b: Mamoswine|Icicle Crash|p2b: Dragapult\n|-damage|p2b: Dragapult|44\/100\n|move|p2a: Weezing|Will-O-Wisp|p1b: Mamoswine\n|-status|p1b: Mamoswine|brn\n|\n|-damage|p1b: Mamoswine|95\/100 brn|[from] brn\n|upkeep\n|turn|2\n|inactive|roykeenkennedy has 30 seconds left.\n|\n|t:|1732744543\n|switch|p2b: Volcarona|Volcarona, L50, F|100\/100\n|move|p1a: Whimsicott|Moonblast|p2b: Volcarona\n|-resisted|p2b: Volcarona\n|-damage|p2b: Volcarona|82\/100\n|move|p1b: Mamoswine|High Horsepower|p2a: Weezing\n|-supereffective|p2a: Weezing\n|-damage|p2a: Weezing|53\/100\n|move|p2a: Weezing|Taunt|p1a: Whimsicott\n|-start|p1a: Whimsicott|move: Taunt\n|\n|-heal|p2a: Weezing|60\/100|[from] item: Leftovers\n|-damage|p1b: Mamoswine|89\/100 brn|[from] brn\n|upkeep\n|turn|3\n|inactive|roykeenkennedy has 30 seconds left.\n|\n|t:|1732744576\n|move|p2a: Weezing|Protect|p2a: Weezing\n|-singleturn|p2a: Weezing|Protect\n|move|p1a: Whimsicott|Moonblast|p2a: Weezing\n|-activate|p2a: Weezing|move: Protect\n|move|p1b: Mamoswine|High Horsepower|p2a: Weezing\n|-activate|p2a: Weezing|move: Protect\n|move|p2b: Volcarona|Quiver Dance|p2b: Volcarona\n|-boost|p2b: Volcarona|spa|1\n|-boost|p2b: Volcarona|spd|1\n|-boost|p2b: Volcarona|spe|1\n|\n|-heal|p2a: Weezing|66\/100|[from] item: Leftovers\n|-damage|p1b: Mamoswine|83\/100 brn|[from] brn\n|upkeep\n|turn|4\n|\n|t:|1732744598\n|move|p1a: Whimsicott|Moonblast|p2a: Weezing\n|-resisted|p2a: Weezing\n|-damage|p2a: Weezing|45\/100\n|-unboost|p2a: Weezing|spa|1\n|move|p1b: Mamoswine|Haze|p1b: Mamoswine\n|-clearallboost\n|move|p2b: Volcarona|Quiver Dance|p2b: Volcarona\n|-boost|p2b: Volcarona|spa|1\n|-boost|p2b: Volcarona|spd|1\n|-boost|p2b: Volcarona|spe|1\n|move|p2a: Weezing|Sludge Bomb|p1a: Whimsicott\n|-resisted|p1a: Whimsicott\n|-damage|p1a: Whimsicott|0 fnt\n|faint|p1a: Whimsicott\n|\n|-heal|p2a: Weezing|51\/100|[from] item: Leftovers\n|-damage|p1b: Mamoswine|77\/100 brn|[from] brn\n|-sideend|p1: ren122333|move: Tailwind\n|upkeep\n|\n|t:|1732744608\n|switch|p1a: Farigiraf|Farigiraf, L50, F|100\/100\n|turn|5\n|\n|t:|1732744623\n|move|p2b: Volcarona|Heat Wave|p1b: Mamoswine|[spread] p1a,p1b\n|-supereffective|p1b: Mamoswine\n|-damage|p1a: Farigiraf|45\/100\n|-damage|p1b: Mamoswine|0 fnt\n|faint|p1b: Mamoswine\n|move|p2a: Weezing|Taunt|p1a: Farigiraf\n|-start|p1a: Farigiraf|move: Taunt\n|-enditem|p1a: Farigiraf|Mental Herb\n|-end|p1a: Farigiraf|move: Taunt\n|move|p1a: Farigiraf|Trick Room|p1a: Farigiraf\n|-fieldstart|move: Trick Room|[of] p1a: Farigiraf\n|\n|-heal|p2a: Weezing|58\/100|[from] item: Leftovers\n|upkeep\n|\n|t:|1732744626\n|switch|p1b: Typhlosion|Typhlosion-Hisui, L50, F|100\/100\n|turn|6\n|\n|t:|1732744647\n|move|p2a: Weezing|Sludge Bomb|p1b: Typhlosion\n|-resisted|p1b: Typhlosion\n|-damage|p1b: Typhlosion|82\/100\n|move|p1b: Typhlosion|Eruption|p2b: Volcarona|[spread] p2a,p2b\n|-damage|p2a: Weezing|0 fnt\n|-damage|p2b: Volcarona|39\/100\n|faint|p2a: Weezing\n|-end|p2a: Weezing|ability: Neutralizing Gas\n|-item|p2b: Volcarona|Covert Cloak|[from] ability: Frisk|[of] p1b: Typhlosion\n|move|p2b: Volcarona|Struggle Bug|p1b: Typhlosion|[spread] p1a,p1b\n|-supereffective|p1a: Farigiraf\n|-resisted|p1b: Typhlosion\n|-damage|p1a: Farigiraf|0 fnt\n|-damage|p1b: Typhlosion|74\/100\n|-unboost|p1b: Typhlosion|spa|1\n|faint|p1a: Farigiraf\n|\n|upkeep\n|-message|ren122333 forfeited.\n|\n|win|roykeenkennedy\n|raw|ren122333's rating: 1716 &rarr; <strong>1696<\/strong><br \/>(-20 for losing)\n|raw|roykeenkennedy's rating: 1721 &rarr; <strong>1741<\/strong><br \/>(+20 for winning)\n|l|\u2606ren122333\n|player|p1|\n","uploadtime":1732744826,"views":13,"formatid":"gen9vgc2024regh","rating":1696,"private":0,"password":null}