{"id":"gen9vgc2024regh-2252618725","format":"[Gen 9] VGC 2024 Reg H","players":["elvegis1","kojimuranishi"],"log":"|j|\u2606elvegis1\n|j|\u2606kojimuranishi\n|t:|1732776944\n|gametype|doubles\n|player|p1|elvegis1|lucas|1774\n|player|p2|kojimuranishi|170|1774\n|teamsize|p1|6\n|teamsize|p2|6\n|gen|9\n|tier|[Gen 9] VGC 2024 Reg H\n|rated|\n|rule|Species Clause: Limit one of each Pok\u00e9mon\n|rule|Item Clause: Limit 1 of each item\n|clearpoke\n|poke|p1|Incineroar, L50, F|\n|poke|p1|Gholdengo, L50|\n|poke|p1|Dusclops, L50, M|\n|poke|p1|Gastrodon-East, L50, F|\n|poke|p1|Ursaluna-Bloodmoon, L50, M|\n|poke|p1|Zoroark-Hisui, L50, F|\n|poke|p2|Hatterene, L50, F|\n|poke|p2|Lilligant-Hisui, L50, F|\n|poke|p2|Torkoal, L50, F|\n|poke|p2|Ursaluna, L50, F|\n|poke|p2|Gallade, L50, M|\n|poke|p2|Indeedee-F, L50, F|\n|teampreview|4\n|inactive|Battle timer is ON: inactive players will automatically lose when time's up. (requested by elvegis1)\n|inactive|elvegis1 has 60 seconds left.\n|inactive|kojimuranishi has 60 seconds left.\n|inactive|kojimuranishi has 30 seconds left.\n|\n|t:|1732777009\n|start\n|switch|p1a: Ursaluna|Ursaluna-Bloodmoon, L50, M|100\/100\n|switch|p1b: Dusclops|Dusclops, L50, M|100\/100\n|switch|p2a: Hatterene|Hatterene, L50, F|100\/100\n|switch|p2b: Indeedee|Indeedee-F, L50, F|100\/100\n|-fieldstart|move: Psychic Terrain|[from] ability: Psychic Surge|[of] p2b: Indeedee\n|-enditem|p2b: Indeedee|Psychic Seed\n|-boost|p2b: Indeedee|spd|1|[from] item: Psychic Seed\n|-item|p2a: Hatterene|Life Orb|[from] ability: Frisk|[of] p1b: Dusclops\n|turn|1\n|inactive|elvegis1 has 30 seconds left.\n|inactive|elvegis1 has 20 seconds left.\n|inactive|elvegis1 has 15 seconds left.\n|inactive|elvegis1 has 10 seconds left.\n|\n|t:|1732777055\n|switch|p1b: Incineroar|Incineroar, L50, F|100\/100\n|-ability|p1b: Incineroar|Intimidate|boost\n|-unboost|p2a: Hatterene|atk|1\n|-unboost|p2b: Indeedee|atk|1\n|move|p1a: Ursaluna|Hyper Voice|p2a: Hatterene|[spread] p2a,p2b\n|-damage|p2a: Hatterene|63\/100\n|-damage|p2b: Indeedee|80\/100\n|move|p2a: Hatterene|Expanding Force|p1a: Ursaluna|[spread] p1a\n|-immune|p1b: Incineroar\n|-enditem|p1a: Ursaluna|Focus Sash\n|-damage|p1a: Ursaluna|1\/100\n|replace|p1a: Zoroark|Zoroark-Hisui, L50, F\n|-end|p1a: Zoroark|Illusion\n|-damage|p2a: Hatterene|54\/100|[from] item: Life Orb\n|move|p2b: Indeedee|Trick Room|p2b: Indeedee\n|-fieldstart|move: Trick Room|[of] p2b: Indeedee\n|\n|upkeep\n|turn|2\n|inactive|elvegis1 has 30 seconds left.\n|inactive|kojimuranishi has 30 seconds left.\n|\n|t:|1732777088\n|move|p2b: Indeedee|Follow Me|p2b: Indeedee\n|-singleturn|p2b: Indeedee|move: Follow Me\n|move|p2a: Hatterene|Dazzling Gleam|p1b: Incineroar|[spread] p1a,p1b\n|-crit|p1a: Zoroark\n|-damage|p1a: Zoroark|0 fnt\n|-damage|p1b: Incineroar|66\/100\n|faint|p1a: Zoroark\n|-damage|p2a: Hatterene|44\/100|[from] item: Life Orb\n|move|p1b: Incineroar|Knock Off|p2b: Indeedee\n|-supereffective|p2b: Indeedee\n|-damage|p2b: Indeedee|35\/100\n|\n|upkeep\n|\n|t:|1732777098\n|switch|p1a: Dusclops|Dusclops, L50, M|100\/100\n|-item|p2a: Hatterene|Life Orb|[from] ability: Frisk|[of] p1a: Dusclops\n|turn|3\n|\n|t:|1732777117\n|move|p2b: Indeedee|Helping Hand|p2a: Hatterene\n|-singleturn|p2a: Hatterene|Helping Hand|[of] p2b: Indeedee\n|move|p2a: Hatterene|Dazzling Gleam|p1a: Dusclops|[spread] p1a,p1b\n|-damage|p1a: Dusclops|63\/100\n|-damage|p1b: Incineroar|7\/100\n|-enditem|p1b: Incineroar|Sitrus Berry|[eat]\n|-heal|p1b: Incineroar|32\/100|[from] item: Sitrus Berry\n|-damage|p2a: Hatterene|34\/100|[from] item: Life Orb\n|move|p1b: Incineroar|Knock Off|p2b: Indeedee\n|-supereffective|p2b: Indeedee\n|-damage|p2b: Indeedee|0 fnt\n|faint|p2b: Indeedee\n|move|p1a: Dusclops|Trick Room|p1a: Dusclops\n|-fieldend|move: Trick Room\n|\n|upkeep\n|\n|t:|1732777134\n|switch|p2b: Gallade|Gallade, L50, M|100\/100\n|turn|4\n|\n|t:|1732777148\n|move|p1b: Incineroar|Knock Off|p2a: Hatterene\n|-damage|p2a: Hatterene|0 fnt\n|-enditem|p2a: Hatterene|Life Orb|[from] move: Knock Off|[of] p1b: Incineroar\n|faint|p2a: Hatterene\n|move|p2b: Gallade|Sacred Sword|p1b: Incineroar\n|-supereffective|p1b: Incineroar\n|-damage|p1b: Incineroar|0 fnt\n|faint|p1b: Incineroar\n|move|p1a: Dusclops|Will-O-Wisp|p2b: Gallade\n|-status|p2b: Gallade|brn\n|\n|-damage|p2b: Gallade|95\/100 brn|[from] brn\n|upkeep\n|\n|t:|1732777161\n|switch|p1b: Ursaluna|Ursaluna-Bloodmoon, L50, M|100\/100\n|switch|p2a: Ursaluna|Ursaluna, L50, F|100\/100\n|turn|5\n|\n|t:|1732777175\n|-terastallize|p1b: Ursaluna|Ghost\n|move|p2b: Gallade|Sacred Sword|p1b: Ursaluna\n|-immune|p1b: Ursaluna\n|move|p1b: Ursaluna|Blood Moon|p2b: Gallade\n|-damage|p2b: Gallade|24\/100 brn\n|move|p2a: Ursaluna|Swords Dance|p2a: Ursaluna\n|-boost|p2a: Ursaluna|atk|2\n|move|p1a: Dusclops|Pain Split|p2a: Ursaluna\n|-sethp|p2a: Ursaluna|70\/100|[from] move: Pain Split|[silent]\n|-sethp|p1a: Dusclops|100\/100|[from] move: Pain Split\n|\n|-damage|p2b: Gallade|19\/100 brn|[from] brn\n|-fieldend|move: Psychic Terrain\n|-status|p2a: Ursaluna|brn|[from] item: Flame Orb\n|upkeep\n|turn|6\n|inactive|elvegis1 has 30 seconds left.\n|inactive|kojimuranishi has 30 seconds left.\n|inactive|elvegis1 has 20 seconds left.\n|inactive|elvegis1 has 15 seconds left.\n|\n|t:|1732777216\n|move|p2a: Ursaluna|Protect|p2a: Ursaluna\n|-singleturn|p2a: Ursaluna|Protect\n|move|p1b: Ursaluna|Earth Power|p2a: Ursaluna\n|-activate|p2a: Ursaluna|move: Protect\n|move|p1a: Dusclops|Night Shade|p2b: Gallade\n|-damage|p2b: Gallade|0 fnt\n|faint|p2b: Gallade\n|\n|-damage|p2a: Ursaluna|64\/100 brn|[from] brn\n|upkeep\n|turn|7\n|\n|t:|1732777229\n|move|p1b: Ursaluna|Blood Moon|p2a: Ursaluna\n|-damage|p2a: Ursaluna|0 fnt\n|faint|p2a: Ursaluna\n|\n|win|elvegis1\n|raw|elvegis1's rating: 1774 &rarr; <strong>1794<\/strong><br \/>(+20 for winning)\n|raw|kojimuranishi's rating: 1774 &rarr; <strong>1754<\/strong><br \/>(-20 for losing)\n|l|\u2606kojimuranishi\n|player|p2|\n|l|\u2606elvegis1\n|player|p1|\n","uploadtime":1732777382,"views":55,"formatid":"gen9vgc2024regh","rating":1754,"private":0,"password":null}