{"id":"gen9vgc2024regh-2252751187","format":"[Gen 9] VGC 2024 Reg H","players":["bieiup","Riemann39"],"log":"|j|\u2606bieiup\n|j|\u2606Riemann39\n|t:|1732799143\n|gametype|doubles\n|player|p1|bieiup|lillie-z|1788\n|player|p2|Riemann39|lucas|1791\n|teamsize|p1|6\n|teamsize|p2|6\n|gen|9\n|tier|[Gen 9] VGC 2024 Reg H\n|rated|\n|rule|Species Clause: Limit one of each Pok\u00e9mon\n|rule|Item Clause: Limit 1 of each item\n|clearpoke\n|poke|p1|Sableye, L50, M|\n|poke|p1|Dondozo, L50, M|\n|poke|p1|Sylveon, L50, M|\n|poke|p1|Dragonite, L50, F|\n|poke|p1|Gholdengo, L50|\n|poke|p1|Ursaluna-Bloodmoon, L50, M|\n|poke|p2|Whimsicott, L50, F|\n|poke|p2|Incineroar, L50, M|\n|poke|p2|Rillaboom, L50, F|\n|poke|p2|Kingambit, L50, M|\n|poke|p2|Dragonite, L50, F|\n|poke|p2|Ursaluna-Bloodmoon, L50, M|\n|teampreview|4\n|inactive|Battle timer is ON: inactive players will automatically lose when time's up. (requested by Riemann39)\n|inactive|bieiup has 60 seconds left.\n|\n|t:|1732799175\n|start\n|switch|p1a: Sableye|Sableye, L50, M|100\/100\n|switch|p1b: Sylveon|Sylveon, L50, M|100\/100\n|switch|p2a: Whimsicott|Whimsicott, L50, F|100\/100\n|switch|p2b: Ursaluna|Ursaluna-Bloodmoon, L50, M|100\/100\n|turn|1\n|j| CRJ2304\n|\n|t:|1732799195\n|move|p1a: Sableye|Fake Out|p2b: Ursaluna\n|-damage|p2b: Ursaluna|95\/100\n|move|p1b: Sylveon|Hyper Voice|p2a: Whimsicott|[spread] p2a,p2b\n|-damage|p2a: Whimsicott|62\/100\n|-damage|p2b: Ursaluna|67\/100\n|-enditem|p1b: Sylveon|Throat Spray\n|-boost|p1b: Sylveon|spa|1|[from] item: Throat Spray\n|cant|p2b: Ursaluna|flinch\n|move|p2a: Whimsicott|Trick Room|p2a: Whimsicott\n|-fieldstart|move: Trick Room|[of] p2a: Whimsicott\n|\n|upkeep\n|turn|2\n|c|\u2606bieiup|?\n|\n|t:|1732799214\n|switch|p2a: Kingambit|Kingambit, L50, M|100\/100\n|move|p1a: Sableye|Light Screen|p1a: Sableye\n|-sidestart|p1: bieiup|move: Light Screen\n|move|p2b: Ursaluna|Blood Moon|p1b: Sylveon\n|-damage|p1b: Sylveon|61\/100\n|move|p1b: Sylveon|Hyper Voice|p2a: Kingambit|[spread] p2a,p2b\n|-damage|p2a: Kingambit|42\/100\n|-damage|p2b: Ursaluna|25\/100\n|\n|upkeep\n|turn|3\n|\n|t:|1732799225\n|move|p1b: Sylveon|Protect|p1b: Sylveon\n|-singleturn|p1b: Sylveon|Protect\n|move|p1a: Sableye|Encore|p2b: Ursaluna\n|-start|p2b: Ursaluna|Encore\n|move|p2a: Kingambit|Kowtow Cleave|p1b: Sylveon\n|-activate|p1b: Sylveon|move: Protect\n|move|p2b: Ursaluna|Blood Moon|p1a: Sableye\n|-damage|p1a: Sableye|16\/100\n|-hint|Some effects can force a Pokemon to use Blood Moon again in a row.\n|\n|upkeep\n|turn|4\n|inactive|Riemann39 has 30 seconds left.\n|inactive|Riemann39 has 20 seconds left.\n|\n|t:|1732799263\n|switch|p2b: Whimsicott|Whimsicott, L50, F|62\/100\n|move|p1a: Sableye|Will-O-Wisp|p2b: Whimsicott\n|-status|p2b: Whimsicott|brn\n|move|p2a: Kingambit|Kowtow Cleave|p1a: Sableye\n|-damage|p1a: Sableye|0 fnt\n|faint|p1a: Sableye\n|move|p1b: Sylveon|Hyper Voice|p2a: Kingambit|[spread] p2a,p2b\n|-damage|p2a: Kingambit|0 fnt\n|-damage|p2b: Whimsicott|2\/100 brn\n|faint|p2a: Kingambit\n|\n|-damage|p2b: Whimsicott|0 fnt|[from] brn\n|faint|p2b: Whimsicott\n|upkeep\n|\n|t:|1732799270\n|switch|p2a: Rillaboom|Rillaboom, L50, F|100\/100\n|switch|p1a: Ursaluna|Ursaluna-Bloodmoon, L50, M|100\/100\n|switch|p2b: Ursaluna|Ursaluna-Bloodmoon, L50, M|25\/100\n|-fieldstart|move: Grassy Terrain|[from] ability: Grassy Surge|[of] p2a: Rillaboom\n|turn|5\n|\n|t:|1732799283\n|switch|p1a: Dragonite|Dragonite, L50, F|100\/100\n|move|p2b: Ursaluna|Blood Moon|p1a: Dragonite\n|-damage|p1a: Dragonite|84\/100\n|move|p1b: Sylveon|Hyper Voice|p2a: Rillaboom|[spread] p2a,p2b\n|-damage|p2a: Rillaboom|24\/100\n|-damage|p2b: Ursaluna|0 fnt\n|faint|p2b: Ursaluna\n|move|p2a: Rillaboom|Wood Hammer|p1b: Sylveon\n|-damage|p1b: Sylveon|0 fnt\n|faint|p1b: Sylveon\n|-damage|p2a: Rillaboom|3\/100|[from] Recoil\n|\n|-heal|p2a: Rillaboom|8\/100|[from] Grassy Terrain\n|-fieldend|move: Trick Room\n|upkeep\n|\n|t:|1732799285\n|switch|p1b: Ursaluna|Ursaluna-Bloodmoon, L50, M|100\/100\n|turn|6\n|c|\u2606bieiup|gg\n|-message|Riemann39 forfeited.\n|\n|win|bieiup\n|raw|bieiup's rating: 1788 &rarr; <strong>1808<\/strong><br \/>(+20 for winning)\n|raw|Riemann39's rating: 1791 &rarr; <strong>1771<\/strong><br \/>(-20 for losing)\n|l|\u2606Riemann39\n|player|p2|\n|l| CRJ2304\n|j| CRJ2304\n|l| CRJ2304\n","uploadtime":1732799303,"views":20,"formatid":"gen9vgc2024regh","rating":1771,"private":0,"password":null}