{"id":"gen9vgc2024regh-2252718516","format":"[Gen 9] VGC 2024 Reg H","players":["Riemann39","Djjwjwwjj"],"log":"|j|\u2606Riemann39\n|j|\u2606Djjwjwwjj\n|t:|1732794293\n|gametype|doubles\n|player|p1|Riemann39|lucas|1812\n|player|p2|Djjwjwwjj|266|1852\n|teamsize|p1|6\n|teamsize|p2|6\n|gen|9\n|tier|[Gen 9] VGC 2024 Reg H\n|rated|\n|rule|Species Clause: Limit one of each Pok\u00e9mon\n|rule|Item Clause: Limit 1 of each item\n|clearpoke\n|poke|p1|Whimsicott, L50, F|\n|poke|p1|Incineroar, L50, M|\n|poke|p1|Rillaboom, L50, F|\n|poke|p1|Kingambit, L50, M|\n|poke|p1|Dragonite, L50, F|\n|poke|p1|Ursaluna-Bloodmoon, L50, M|\n|poke|p2|Palafin, L50, M|\n|poke|p2|Pelipper, L50, M|\n|poke|p2|Electabuzz, L50, F|\n|poke|p2|Rillaboom, L50, F|\n|poke|p2|Incineroar, L50, M|\n|poke|p2|Gholdengo, L50|\n|teampreview|4\n|inactive|Battle timer is ON: inactive players will automatically lose when time's up. (requested by Djjwjwwjj)\n|\n|t:|1732794315\n|start\n|switch|p1a: Kingambit|Kingambit, L50, M|100\/100\n|switch|p1b: Rillaboom|Rillaboom, L50, F|100\/100\n|switch|p2a: Palafin|Palafin, L50, M|100\/100\n|switch|p2b: Pelipper|Pelipper, L50, M|100\/100\n|-weather|RainDance|[from] ability: Drizzle|[of] p2b: Pelipper\n|-fieldstart|move: Grassy Terrain|[from] ability: Grassy Surge|[of] p1b: Rillaboom\n|turn|1\n|inactive|Djjwjwwjj has 30 seconds left.\n|inactive|Djjwjwwjj has 20 seconds left.\n|inactive|Djjwjwwjj has 15 seconds left.\n|inactive|Djjwjwwjj has 10 seconds left.\n|\n|t:|1732794362\n|-terastallize|p2a: Palafin|Fighting\n|move|p1b: Rillaboom|Grassy Glide|p2b: Pelipper\n|-damage|p2b: Pelipper|35\/100\n|move|p1a: Kingambit|Sucker Punch|p2b: Pelipper\n|-damage|p2b: Pelipper|0 fnt\n|faint|p2b: Pelipper\n|move|p2a: Palafin|Drain Punch|p1a: Kingambit\n|-supereffective|p1a: Kingambit\n|-damage|p1a: Kingambit|14\/100\n|\n|-weather|RainDance|[upkeep]\n|-heal|p1a: Kingambit|19\/100|[from] Grassy Terrain\n|upkeep\n|\n|t:|1732794387\n|switch|p2b: Gholdengo|Gholdengo, L50|100\/100\n|turn|2\n|\n|t:|1732794394\n|detailschange|p2a: Palafin|Palafin-Hero, L50, M, tera:Fighting\n|switch|p2a: Rillaboom|Rillaboom, L50, F|100\/100\n|move|p2b: Gholdengo|Protect|p2b: Gholdengo\n|-singleturn|p2b: Gholdengo|Protect\n|move|p1a: Kingambit|Sucker Punch||[still]\n|-fail|p1a: Kingambit\n|move|p1b: Rillaboom|Wood Hammer|p2a: Rillaboom\n|-resisted|p2a: Rillaboom\n|-damage|p2a: Rillaboom|46\/100\n|-damage|p1b: Rillaboom|82\/100|[from] Recoil\n|\n|-weather|RainDance|[upkeep]\n|-heal|p2a: Rillaboom|52\/100|[from] Grassy Terrain\n|-heal|p1b: Rillaboom|87\/100|[from] Grassy Terrain\n|-heal|p1a: Kingambit|25\/100|[from] Grassy Terrain\n|upkeep\n|turn|3\n|inactive|Riemann39 has 30 seconds left.\n|\n|t:|1732794424\n|switch|p1a: Incineroar|Incineroar, L50, M|100\/100\n|-ability|p1a: Incineroar|Intimidate|boost\n|-unboost|p2a: Rillaboom|atk|1\n|-unboost|p2b: Gholdengo|atk|1\n|move|p2a: Rillaboom|Fake Out|p1a: Incineroar\n|-damage|p1a: Incineroar|93\/100\n|move|p2b: Gholdengo|Nasty Plot|p2b: Gholdengo\n|-boost|p2b: Gholdengo|spa|2\n|move|p1b: Rillaboom|Wood Hammer|p2a: Rillaboom\n|-resisted|p2a: Rillaboom\n|-damage|p2a: Rillaboom|0 fnt\n|faint|p2a: Rillaboom\n|-damage|p1b: Rillaboom|70\/100|[from] Recoil\n|\n|-weather|RainDance|[upkeep]\n|-heal|p1b: Rillaboom|75\/100|[from] Grassy Terrain\n|-heal|p1a: Incineroar|99\/100|[from] Grassy Terrain\n|upkeep\n|\n|t:|1732794443\n|switch|p2a: Palafin|Palafin-Hero, L50, M, tera:Fighting|100\/100\n|-activate|p2a: Palafin|ability: Zero to Hero\n|turn|4\n|\n|t:|1732794460\n|move|p1a: Incineroar|Fake Out|p2a: Palafin\n|-damage|p2a: Palafin|90\/100\n|move|p1b: Rillaboom|Grassy Glide|p2a: Palafin\n|-damage|p2a: Palafin|46\/100\n|move|p2a: Palafin|Wave Crash|p1a: Incineroar\n|-supereffective|p1a: Incineroar\n|-damage|p1a: Incineroar|0 fnt\n|faint|p1a: Incineroar\n|-damage|p2a: Palafin|13\/100|[from] Recoil\n|move|p2b: Gholdengo|Make It Rain|p1b: Rillaboom\n|-damage|p1b: Rillaboom|0 fnt\n|-unboost|p2b: Gholdengo|spa|1\n|faint|p1b: Rillaboom\n|\n|-weather|RainDance|[upkeep]\n|-heal|p2a: Palafin|19\/100|[from] Grassy Terrain\n|upkeep\n|\n|t:|1732794474\n|switch|p1b: Kingambit|Kingambit, L50, M|25\/100\n|switch|p1a: Ursaluna|Ursaluna-Bloodmoon, L50, M|100\/100\n|turn|5\n|\n|t:|1732794488\n|-terastallize|p1a: Ursaluna|Water\n|move|p1b: Kingambit|Protect|p1b: Kingambit\n|-singleturn|p1b: Kingambit|Protect\n|move|p2a: Palafin|Jet Punch|p1b: Kingambit\n|-activate|p1b: Kingambit|move: Protect\n|move|p2b: Gholdengo|Make It Rain|p1a: Ursaluna|[spread] p1a\n|-activate|p1b: Kingambit|move: Protect\n|-resisted|p1a: Ursaluna\n|-damage|p1a: Ursaluna|78\/100\n|-unboost|p2b: Gholdengo|spa|1\n|move|p1a: Ursaluna|Hyper Voice|p2b: Gholdengo|[spread] p2a,p2b\n|-resisted|p2b: Gholdengo\n|-damage|p2a: Palafin|0 fnt\n|-damage|p2b: Gholdengo|81\/100\n|faint|p2a: Palafin\n|\n|-weather|none\n|-heal|p2b: Gholdengo|87\/100|[from] Grassy Terrain\n|-heal|p2b: Gholdengo|93\/100|[from] item: Leftovers\n|-heal|p1a: Ursaluna|84\/100|[from] Grassy Terrain\n|-heal|p1b: Kingambit|31\/100|[from] Grassy Terrain\n|-fieldend|move: Grassy Terrain\n|upkeep\n|turn|6\n|inactive|Djjwjwwjj has 30 seconds left.\n|-message|Djjwjwwjj forfeited.\n|\n|win|Riemann39\n|raw|Riemann39's rating: 1825 &rarr; <strong>1847<\/strong><br \/>(+22 for winning)\n|raw|Djjwjwwjj's rating: 1852 &rarr; <strong>1830<\/strong><br \/>(-22 for losing)\n|l|\u2606Djjwjwwjj\n|player|p2|\n|l|\u2606Riemann39\n|player|p1|\n","uploadtime":1732794782,"views":49,"formatid":"gen9vgc2024regh","rating":1830,"private":0,"password":null}