{"id":"gen9vgc2024regh-2252734086","format":"[Gen 9] VGC 2024 Reg H","players":["chang21","The10Zin"],"log":"|j|\u2606chang21\n|j|\u2606The10Zin\n|t:|1732796663\n|gametype|doubles\n|player|p1|chang21|veteran-gen4|1782\n|player|p2|The10Zin|266|1697\n|teamsize|p1|6\n|teamsize|p2|6\n|gen|9\n|tier|[Gen 9] VGC 2024 Reg H\n|rated|\n|rule|Species Clause: Limit one of each Pok\u00e9mon\n|rule|Item Clause: Limit 1 of each item\n|clearpoke\n|poke|p1|Sneasler, L50, F|\n|poke|p1|Baxcalibur, L50, M|\n|poke|p1|Rillaboom, L50, F|\n|poke|p1|Basculegion, L50, M|\n|poke|p1|Volcarona, L50, M|\n|poke|p1|Kingambit, L50, M|\n|poke|p2|Weezing-Galar, L50, M|\n|poke|p2|Toedscruel, L50, M|\n|poke|p2|Typhlosion-Hisui, L50, F|\n|poke|p2|Garchomp, L50, M|\n|poke|p2|Gholdengo, L50|\n|poke|p2|Weavile, L50, M|\n|teampreview|4\n|j| CRJ2304\n|inactive|Battle timer is ON: inactive players will automatically lose when time's up. (requested by The10Zin)\n|inactive|chang21 has 60 seconds left.\n|\n|t:|1732796748\n|start\n|switch|p1a: Sneasler|Sneasler, L50, F|100\/100\n|switch|p1b: Basculegion|Basculegion, L50, M|100\/100\n|switch|p2a: Weezing|Weezing-Galar, L50, M, shiny|100\/100\n|switch|p2b: Toedscruel|Toedscruel, L50, M|100\/100\n|-ability|p2a: Weezing|Neutralizing Gas\n|turn|1\n|inactive|The10Zin has 30 seconds left.\n|\n|t:|1732796777\n|move|p1b: Basculegion|Flip Turn|p2b: Toedscruel\n|-damage|p2b: Toedscruel|62\/100\n|\n|t:|1732796784\n|switch|p1b: Volcarona|Volcarona, L50, M|100\/100|[from] Flip Turn\n|move|p1a: Sneasler|Close Combat|p2b: Toedscruel\n|-damage|p2b: Toedscruel|0 fnt\n|-unboost|p1a: Sneasler|def|1\n|-unboost|p1a: Sneasler|spd|1\n|faint|p2b: Toedscruel\n|move|p2a: Weezing|Dazzling Gleam|p1a: Sneasler|[spread] p1a,p1b\n|-resisted|p1b: Volcarona\n|-damage|p1a: Sneasler|18\/100\n|-damage|p1b: Volcarona|82\/100\n|\n|upkeep\n|\n|t:|1732796797\n|switch|p2b: Typhlosion|Typhlosion-Hisui, L50, F, shiny|100\/100\n|turn|2\n|\n|t:|1732796818\n|-terastallize|p2b: Typhlosion|Fire\n|move|p1b: Volcarona|Protect|p1b: Volcarona\n|-singleturn|p1b: Volcarona|Protect\n|move|p2b: Typhlosion|Eruption|p1b: Volcarona|[spread] p1a\n|-activate|p1b: Volcarona|move: Protect\n|-damage|p1a: Sneasler|0 fnt\n|faint|p1a: Sneasler\n|move|p2a: Weezing|Dazzling Gleam|p1b: Volcarona\n|-activate|p1b: Volcarona|move: Protect\n|\n|upkeep\n|\n|t:|1732796840\n|switch|p1a: Kingambit|Kingambit, L50, M|100\/100\n|turn|3\n|\n|t:|1732796851\n|switch|p2b: Garchomp|Garchomp, L50, M, shiny|100\/100\n|-terastallize|p1a: Kingambit|Ghost\n|move|p1a: Kingambit|Sucker Punch||[still]\n|-fail|p1a: Kingambit\n|move|p1b: Volcarona|Quiver Dance|p1b: Volcarona\n|-boost|p1b: Volcarona|spa|1\n|-boost|p1b: Volcarona|spd|1\n|-boost|p1b: Volcarona|spe|1\n|move|p2a: Weezing|Dazzling Gleam|p1b: Volcarona|[spread] p1a,p1b\n|-resisted|p1b: Volcarona\n|-damage|p1a: Kingambit|72\/100\n|-damage|p1b: Volcarona|69\/100\n|\n|upkeep\n|turn|4\n|inactive|chang21 has 30 seconds left.\n|\n|t:|1732796883\n|move|p1b: Volcarona|Protect|p1b: Volcarona\n|-singleturn|p1b: Volcarona|Protect\n|move|p2b: Garchomp|Stomping Tantrum|p1b: Volcarona\n|-activate|p1b: Volcarona|move: Protect\n|move|p2a: Weezing|Dazzling Gleam|p1b: Volcarona|[spread] p1a\n|-activate|p1b: Volcarona|move: Protect\n|-damage|p1a: Kingambit|45\/100\n|move|p1a: Kingambit|Kowtow Cleave|p2b: Garchomp\n|-damage|p2b: Garchomp|50\/100\n|\n|upkeep\n|turn|5\n|\n|t:|1732796902\n|move|p2b: Garchomp|Protect|p2b: Garchomp\n|-singleturn|p2b: Garchomp|Protect\n|move|p1a: Kingambit|Sucker Punch||[still]\n|-fail|p1a: Kingambit\n|move|p1b: Volcarona|Heat Wave|p2a: Weezing|[spread] p2a\n|-activate|p2b: Garchomp|move: Protect\n|-damage|p2a: Weezing|24\/100\n|-status|p2a: Weezing|brn\n|move|p2a: Weezing|Dazzling Gleam|p1b: Volcarona|[spread] p1a,p1b\n|-resisted|p1b: Volcarona\n|-damage|p1a: Kingambit|18\/100\n|-damage|p1b: Volcarona|55\/100\n|\n|-damage|p2a: Weezing|17\/100 brn|[from] brn\n|upkeep\n|turn|6\n|inactive|The10Zin has 30 seconds left.\n|\n|t:|1732796935\n|move|p1a: Kingambit|Sucker Punch|p2b: Garchomp\n|-damage|p2b: Garchomp|8\/100\n|move|p1b: Volcarona|Heat Wave|p2a: Weezing|[spread] p2b\n|-miss|p1b: Volcarona|p2a: Weezing\n|-resisted|p2b: Garchomp\n|-damage|p2b: Garchomp|0 fnt\n|faint|p2b: Garchomp\n|move|p2a: Weezing|Dazzling Gleam|p1b: Volcarona|[spread] p1a,p1b\n|-resisted|p1b: Volcarona\n|-damage|p1a: Kingambit|0 fnt\n|-damage|p1b: Volcarona|43\/100\n|faint|p1a: Kingambit\n|\n|-damage|p2a: Weezing|11\/100 brn|[from] brn\n|upkeep\n|\n|t:|1732796950\n|switch|p2b: Typhlosion|Typhlosion-Hisui, L50, F, shiny, tera:Fire|100\/100\n|switch|p1a: Basculegion|Basculegion, L50, M|100\/100\n|turn|7\n|inactive|chang21 has 30 seconds left.\n|inactive|chang21 has 20 seconds left.\n|\n|t:|1732796986\n|move|p2b: Typhlosion|Shadow Ball|p1a: Basculegion\n|-supereffective|p1a: Basculegion\n|-damage|p1a: Basculegion|14\/100\n|move|p1b: Volcarona|Heat Wave|p2b: Typhlosion|[spread] p2a,p2b\n|-resisted|p2b: Typhlosion\n|-damage|p2a: Weezing|0 fnt\n|-damage|p2b: Typhlosion|63\/100\n|faint|p2a: Weezing\n|-end|p2a: Weezing|ability: Neutralizing Gas\n|-item|p1a: Basculegion|Choice Scarf|[from] ability: Frisk|[of] p2b: Typhlosion\n|-item|p1b: Volcarona|Covert Cloak|[from] ability: Frisk|[of] p2b: Typhlosion\n|move|p1a: Basculegion|Last Respects|p2b: Typhlosion\n|-crit|p2b: Typhlosion\n|-damage|p2b: Typhlosion|0 fnt\n|faint|p2b: Typhlosion\n|\n|win|chang21\n|raw|chang21's rating: 1782 &rarr; <strong>1797<\/strong><br \/>(+15 for winning)\n|raw|The10Zin's rating: 1697 &rarr; <strong>1682<\/strong><br \/>(-15 for losing)\n|c|\u2606The10Zin|Gg\n|l|\u2606The10Zin\n|player|p2|\n|l| CRJ2304\n|l|\u2606chang21\n|player|p1|\n","uploadtime":1732797126,"views":15,"formatid":"gen9vgc2024regh","rating":1682,"private":0,"password":null}