{"id":"gen9vgc2024regh-2252940948","format":"[Gen 9] VGC 2024 Reg H","players":["jhopefrombts","testy accounty 2"],"log":"|j|\u2606jhopefrombts\n|j|\u2606testy accounty 2\n|t:|1732821398\n|gametype|doubles\n|player|p1|jhopefrombts|pokemonranger|1674\n|player|p2|testy accounty 2|101|1738\n|teamsize|p1|6\n|teamsize|p2|6\n|gen|9\n|tier|[Gen 9] VGC 2024 Reg H\n|rated|\n|rule|Species Clause: Limit one of each Pok\u00e9mon\n|rule|Item Clause: Limit 1 of each item\n|clearpoke\n|poke|p1|Clefairy, L50, M|\n|poke|p1|Hariyama, L50, F|\n|poke|p1|Pelipper, L50, M|\n|poke|p1|Sinistcha, L50|\n|poke|p1|Basculegion, L50, M|\n|poke|p1|Archaludon, L50, M|\n|poke|p2|Pelipper, L50, M|\n|poke|p2|Archaludon, L50, F|\n|poke|p2|Sneasler, L50, M|\n|poke|p2|Dragonite, L50, F|\n|poke|p2|Basculegion, L50, M|\n|poke|p2|Rillaboom, L50, F|\n|teampreview|4\n|\n|t:|1732821461\n|start\n|switch|p1a: Clefairy|Clefairy, L50, M|100\/100\n|switch|p1b: Sinistcha|Sinistcha, L50|100\/100\n|switch|p2a: Ceasar|Rillaboom, L50, F|100\/100\n|switch|p2b: Hephetus|Archaludon, L50, F|100\/100\n|-fieldstart|move: Grassy Terrain|[from] ability: Grassy Surge|[of] p2a: Ceasar\n|turn|1\n|\n|t:|1732821489\n|move|p1a: Clefairy|Follow Me|p1a: Clefairy\n|-singleturn|p1a: Clefairy|move: Follow Me\n|move|p2a: Ceasar|Taunt|p1a: Clefairy\n|-start|p1a: Clefairy|move: Taunt\n|move|p2b: Hephetus|Flash Cannon|p1a: Clefairy\n|-supereffective|p1a: Clefairy\n|-damage|p1a: Clefairy|49\/100\n|move|p1b: Sinistcha|Trick Room|p1b: Sinistcha\n|-fieldstart|move: Trick Room|[of] p1b: Sinistcha\n|\n|-heal|p1a: Clefairy|55\/100|[from] Grassy Terrain\n|upkeep\n|turn|2\n|\n|t:|1732821532\n|switch|p1b: Hariyama|Hariyama, L50, F|100\/100\n|move|p1a: Clefairy|Dazzling Gleam|p2a: Ceasar|[spread] p2a,p2b\n|-damage|p2a: Ceasar|86\/100\n|-damage|p2b: Hephetus|88\/100\n|-ability|p2b: Hephetus|Stamina|boost\n|-boost|p2b: Hephetus|def|1\n|move|p2b: Hephetus|Body Press|p1a: Clefairy\n|-resisted|p1a: Clefairy\n|-damage|p1a: Clefairy|32\/100\n|move|p2a: Ceasar|Bullet Seed|p2b: Hephetus\n|-resisted|p2b: Hephetus\n|-damage|p2b: Hephetus|87\/100\n|-ability|p2b: Hephetus|Stamina|boost\n|-boost|p2b: Hephetus|def|1\n|-resisted|p2b: Hephetus\n|-damage|p2b: Hephetus|85\/100\n|-ability|p2b: Hephetus|Stamina|boost\n|-boost|p2b: Hephetus|def|1\n|-resisted|p2b: Hephetus\n|-damage|p2b: Hephetus|84\/100\n|-ability|p2b: Hephetus|Stamina|boost\n|-boost|p2b: Hephetus|def|1\n|-resisted|p2b: Hephetus\n|-damage|p2b: Hephetus|84\/100\n|-ability|p2b: Hephetus|Stamina|boost\n|-boost|p2b: Hephetus|def|1\n|-resisted|p2b: Hephetus\n|-damage|p2b: Hephetus|83\/100\n|-ability|p2b: Hephetus|Stamina|boost\n|-boost|p2b: Hephetus|def|1\n|-hitcount|p2b: Hephetus|5\n|\n|-heal|p1a: Clefairy|38\/100|[from] Grassy Terrain\n|-heal|p2b: Hephetus|89\/100|[from] Grassy Terrain\n|-heal|p2a: Ceasar|91\/100|[from] Grassy Terrain\n|-status|p1b: Hariyama|brn|[from] item: Flame Orb\n|upkeep\n|turn|3\n|\n|t:|1732821572\n|switch|p1a: Sinistcha|Sinistcha, L50|100\/100\n|switch|p2a: Posiden|Pelipper, L50, M|100\/100\n|-weather|RainDance|[from] ability: Drizzle|[of] p2a: Posiden\n|move|p1b: Hariyama|Close Combat|p2b: Hephetus\n|-supereffective|p2b: Hephetus\n|-damage|p2b: Hephetus|55\/100\n|-unboost|p1b: Hariyama|def|1\n|-unboost|p1b: Hariyama|spd|1\n|move|p2b: Hephetus|Electro Shot||[still]\n|-prepare|p2b: Hephetus|Electro Shot\n|-boost|p2b: Hephetus|spa|1\n|-anim|p2b: Hephetus|Electro Shot|p1b: Hariyama\n|-damage|p1b: Hariyama|0 fnt\n|faint|p1b: Hariyama\n|\n|-weather|RainDance|[upkeep]\n|-heal|p2b: Hephetus|61\/100|[from] Grassy Terrain\n|upkeep\n|\n|t:|1732821581\n|switch|p1b: Archaludon|Archaludon, L50, M|100\/100\n|turn|4\n|\n|t:|1732821616\n|-terastallize|p1a: Sinistcha|Water\n|-terastallize|p2b: Hephetus|Grass\n|move|p1a: Sinistcha|Matcha Gotcha|p2a: Posiden|[spread] p2a,p2b\n|-resisted|p2b: Hephetus\n|-damage|p2a: Posiden|52\/100\n|-damage|p2b: Hephetus|47\/100\n|move|p1b: Archaludon|Draco Meteor|p2b: Hephetus\n|-damage|p2b: Hephetus|0 fnt\n|-unboost|p1b: Archaludon|spa|2\n|faint|p2b: Hephetus\n|move|p2a: Posiden|Hurricane|p1b: Archaludon\n|-resisted|p1b: Archaludon\n|-damage|p1b: Archaludon|86\/100\n|-ability|p1b: Archaludon|Stamina|boost\n|-boost|p1b: Archaludon|def|1\n|\n|-weather|RainDance|[upkeep]\n|-heal|p1b: Archaludon|92\/100|[from] Grassy Terrain\n|upkeep\n|j| XxNewtryhardxX\n|l| XxNewtryhardxX\n|\n|t:|1732821638\n|switch|p2b: Ceasar|Rillaboom, L50, F|91\/100\n|turn|5\n|\n|t:|1732821662\n|switch|p1a: Clefairy|Clefairy, L50, M|38\/100\n|move|p2b: Ceasar|Fake Out|p1b: Archaludon\n|-resisted|p1b: Archaludon\n|-damage|p1b: Archaludon|90\/100\n|-ability|p1b: Archaludon|Stamina|boost\n|-boost|p1b: Archaludon|def|1\n|cant|p1b: Archaludon|flinch\n|move|p2a: Posiden|Hurricane|p1a: Clefairy\n|-damage|p1a: Clefairy|11\/100\n|\n|-weather|RainDance|[upkeep]\n|-heal|p1a: Clefairy|17\/100|[from] Grassy Terrain\n|-heal|p1b: Archaludon|96\/100|[from] Grassy Terrain\n|-heal|p2b: Ceasar|97\/100|[from] Grassy Terrain\n|-fieldend|move: Trick Room\n|-fieldend|move: Grassy Terrain\n|upkeep\n|turn|6\n|\n|t:|1732821692\n|move|p1a: Clefairy|Follow Me|p1a: Clefairy\n|-singleturn|p1a: Clefairy|move: Follow Me\n|move|p2b: Ceasar|Bullet Seed|p1a: Clefairy\n|-damage|p1a: Clefairy|3\/100\n|-damage|p1a: Clefairy|0 fnt\n|faint|p1a: Clefairy\n|-hitcount|p1: Clefairy|2\n|move|p2a: Posiden|Weather Ball|p1b: Archaludon\n|-resisted|p1b: Archaludon\n|-damage|p1b: Archaludon|76\/100\n|-ability|p1b: Archaludon|Stamina|boost\n|-boost|p1b: Archaludon|def|1\n|move|p1b: Archaludon|Electro Shot||[still]\n|-prepare|p1b: Archaludon|Electro Shot\n|-boost|p1b: Archaludon|spa|1\n|-anim|p1b: Archaludon|Electro Shot|p2a: Posiden\n|-supereffective|p2a: Posiden\n|-damage|p2a: Posiden|0 fnt\n|faint|p2a: Posiden\n|\n|-weather|RainDance|[upkeep]\n|upkeep\n|\n|t:|1732821706\n|switch|p2a: Hermes|Sneasler, L50, M|100\/100\n|switch|p1a: Sinistcha|Sinistcha, L50, tera:Water|100\/100\n|-heal|p1b: Archaludon|100\/100|[from] ability: Hospitality|[of] p1a: Sinistcha\n|turn|7\n|\n|t:|1732821746\n|move|p1a: Sinistcha|Rage Powder|p1a: Sinistcha\n|-singleturn|p1a: Sinistcha|move: Rage Powder\n|move|p2a: Hermes|Close Combat|p1a: Sinistcha\n|-damage|p1a: Sinistcha|54\/100\n|-unboost|p2a: Hermes|def|1\n|-unboost|p2a: Hermes|spd|1\n|-damage|p2a: Hermes|84\/100|[from] item: Rocky Helmet|[of] p1a: Sinistcha\n|move|p2b: Ceasar|Bullet Seed|p1a: Sinistcha\n|-supereffective|p1a: Sinistcha\n|-damage|p1a: Sinistcha|36\/100\n|-supereffective|p1a: Sinistcha\n|-damage|p1a: Sinistcha|18\/100\n|-supereffective|p1a: Sinistcha\n|-damage|p1a: Sinistcha|0 fnt\n|faint|p1a: Sinistcha\n|-hitcount|p1: Sinistcha|3\n|move|p1b: Archaludon|Electro Shot||[still]\n|-prepare|p1b: Archaludon|Electro Shot\n|-boost|p1b: Archaludon|spa|1\n|-anim|p1b: Archaludon|Electro Shot|p2a: Hermes\n|-damage|p2a: Hermes|0 fnt\n|faint|p2a: Hermes\n|\n|-weather|none\n|upkeep\n|turn|8\n|-message|testy accounty 2 forfeited.\n|\n|win|jhopefrombts\n|raw|jhopefrombts's rating: 1674 &rarr; <strong>1698<\/strong><br \/>(+24 for winning)\n|raw|testy accounty 2's rating: 1738 &rarr; <strong>1714<\/strong><br \/>(-24 for losing)\n|l|\u2606testy accounty 2\n|player|p2|\n|l|\u2606jhopefrombts\n|player|p1|\n","uploadtime":1732821764,"views":11,"formatid":"gen9vgc2024regh","rating":1698,"private":0,"password":null}