{"id":"gen9vgc2024regh-2252339310","format":"[Gen 9] VGC 2024 Reg H","players":["bieiup","playthreerthree"],"log":"|j|\u2606bieiup\n|j|\u2606playthreerthree\n|t:|1732739303\n|gametype|doubles\n|player|p1|bieiup|lillie-z|1759\n|player|p2|playthreerthree|caitlin|1711\n|teamsize|p1|6\n|teamsize|p2|6\n|gen|9\n|tier|[Gen 9] VGC 2024 Reg H\n|rated|\n|rule|Species Clause: Limit one of each Pok\u00e9mon\n|rule|Item Clause: Limit 1 of each item\n|clearpoke\n|poke|p1|Sableye, L50, M|\n|poke|p1|Dondozo, L50, M|\n|poke|p1|Sylveon, L50, F|\n|poke|p1|Dragonite, L50, M|\n|poke|p1|Gholdengo, L50|\n|poke|p1|Ursaluna-Bloodmoon, L50, M|\n|poke|p2|Dragonite, L50, F|\n|poke|p2|Annihilape, L50, M|\n|poke|p2|Porygon2, L50|\n|poke|p2|Incineroar, L50, M|\n|poke|p2|Ursaluna, L50, F|\n|poke|p2|Gholdengo, L50|\n|teampreview|4\n|inactive|Battle timer is ON: inactive players will automatically lose when time's up. (requested by playthreerthree)\n|inactive|playthreerthree has 60 seconds left.\n|inactive|playthreerthree has 30 seconds left.\n|inactive|playthreerthree has 20 seconds left.\n|\n|t:|1732739376\n|start\n|switch|p1a: Sableye|Sableye, L50, M|100\/100\n|switch|p1b: Sylveon|Sylveon, L50, F|100\/100\n|switch|p2a: Dragonite|Dragonite, L50, F|100\/100\n|switch|p2b: Gholdengo|Gholdengo, L50|100\/100\n|turn|1\n|\n|t:|1732739390\n|-terastallize|p1b: Sylveon|Fire\n|move|p1a: Sableye|Fake Out|p2a: Dragonite\n|-damage|p2a: Dragonite|96\/100\n|move|p2b: Gholdengo|Make It Rain|p1b: Sylveon|[spread] p1a,p1b\n|-resisted|p1b: Sylveon\n|-damage|p1a: Sableye|22\/100\n|-damage|p1b: Sylveon|83\/100\n|-unboost|p2b: Gholdengo|spa|1\n|cant|p2a: Dragonite|flinch\n|move|p1b: Sylveon|Hyper Voice|p2a: Dragonite|[spread] p2a,p2b\n|-supereffective|p2a: Dragonite\n|-resisted|p2b: Gholdengo\n|-damage|p2a: Dragonite|2\/100\n|-damage|p2b: Gholdengo|75\/100\n|-enditem|p1b: Sylveon|Throat Spray\n|-boost|p1b: Sylveon|spa|1|[from] item: Throat Spray\n|\n|upkeep\n|turn|2\n|\n|t:|1732739408\n|move|p2a: Dragonite|Protect|p2a: Dragonite\n|-singleturn|p2a: Dragonite|Protect\n|move|p1a: Sableye|Will-O-Wisp|p2a: Dragonite\n|-activate|p2a: Dragonite|move: Protect\n|move|p2b: Gholdengo|Make It Rain|p1b: Sylveon|[spread] p1a,p1b\n|-resisted|p1b: Sylveon\n|-damage|p1a: Sableye|0 fnt\n|-damage|p1b: Sylveon|70\/100\n|-unboost|p2b: Gholdengo|spa|1\n|faint|p1a: Sableye\n|move|p1b: Sylveon|Tera Blast|p2b: Gholdengo|[anim] Tera Blast Fire\n|-supereffective|p2b: Gholdengo\n|-damage|p2b: Gholdengo|0 fnt\n|faint|p2b: Gholdengo\n|\n|upkeep\n|\n|t:|1732739422\n|switch|p2b: Ursaluna|Ursaluna, L50, F|100\/100\n|switch|p1a: Ursaluna|Ursaluna-Bloodmoon, L50, M|100\/100\n|turn|3\n|\n|t:|1732739429\n|move|p1b: Sylveon|Quick Attack|p2a: Dragonite\n|-supereffective|p2a: Dragonite\n|-damage|p2a: Dragonite|0 fnt\n|faint|p2a: Dragonite\n|move|p2b: Ursaluna|Earthquake|p1a: Ursaluna|[spread] p1a,p1b\n|-supereffective|p1b: Sylveon\n|-crit|p1b: Sylveon\n|-damage|p1a: Ursaluna|70\/100\n|-damage|p1b: Sylveon|0 fnt\n|faint|p1b: Sylveon\n|move|p1a: Ursaluna|Hyper Voice|p2b: Ursaluna\n|-damage|p2b: Ursaluna|35\/100\n|-damage|p1a: Ursaluna|60\/100|[from] item: Life Orb\n|\n|-status|p2b: Ursaluna|brn|[from] item: Flame Orb\n|upkeep\n|\n|t:|1732739434\n|switch|p2a: Incineroar|Incineroar, L50, M|100\/100\n|switch|p1b: Dondozo|Dondozo, L50, M|100\/100\n|-ability|p2a: Incineroar|Intimidate|boost\n|-unboost|p1a: Ursaluna|atk|1\n|-unboost|p1b: Dondozo|atk|1\n|turn|4\n|\n|t:|1732739447\n|move|p2a: Incineroar|Fake Out|p1b: Dondozo\n|-damage|p1b: Dondozo|93\/100\n|move|p1a: Ursaluna|Vacuum Wave|p2b: Ursaluna\n|-supereffective|p2b: Ursaluna\n|-damage|p2b: Ursaluna|0 fnt\n|faint|p2b: Ursaluna\n|-damage|p1a: Ursaluna|51\/100|[from] item: Life Orb\n|cant|p1b: Dondozo|flinch\n|\n|upkeep\n|turn|5\n|\n|t:|1732739457\n|-terastallize|p2a: Incineroar|Dragon\n|move|p2a: Incineroar|Flare Blitz|p1a: Ursaluna\n|-damage|p1a: Ursaluna|21\/100\n|-damage|p2a: Incineroar|90\/100|[from] Recoil\n|move|p1a: Ursaluna|Blood Moon|p2a: Incineroar\n|-damage|p2a: Incineroar|10\/100\n|-damage|p1a: Ursaluna|11\/100|[from] item: Life Orb\n|move|p1b: Dondozo|Curse|p1b: Dondozo\n|-unboost|p1b: Dondozo|spe|1\n|-boost|p1b: Dondozo|atk|1\n|-boost|p1b: Dondozo|def|1\n|\n|upkeep\n|turn|6\n|-message|playthreerthree forfeited.\n|\n|win|bieiup\n|raw|bieiup's rating: 1759 &rarr; <strong>1776<\/strong><br \/>(+17 for winning)\n|raw|playthreerthree's rating: 1711 &rarr; <strong>1694<\/strong><br \/>(-17 for losing)\n|l|\u2606playthreerthree\n|player|p2|\n|l|\u2606bieiup\n|player|p1|\n","uploadtime":1732739722,"views":9,"formatid":"gen9vgc2024regh","rating":1694,"private":0,"password":null}