{"id":"gen9vgc2024regh-2252731438","format":"[Gen 9] VGC 2024 Reg H","players":["The10Zin","Riemann39"],"log":"|j|\u2606The10Zin\n|j|\u2606Riemann39\n|t:|1732796265\n|gametype|doubles\n|player|p1|The10Zin|266|1715\n|player|p2|Riemann39|lucas|1762\n|teamsize|p1|6\n|teamsize|p2|6\n|gen|9\n|tier|[Gen 9] VGC 2024 Reg H\n|rated|\n|rule|Species Clause: Limit one of each Pok\u00e9mon\n|rule|Item Clause: Limit 1 of each item\n|clearpoke\n|poke|p1|Weezing-Galar, L50, M|\n|poke|p1|Toedscruel, L50, M|\n|poke|p1|Typhlosion-Hisui, L50, M|\n|poke|p1|Garchomp, L50, F|\n|poke|p1|Gholdengo, L50|\n|poke|p1|Weavile, L50, F|\n|poke|p2|Whimsicott, L50, F|\n|poke|p2|Incineroar, L50, M|\n|poke|p2|Rillaboom, L50, F|\n|poke|p2|Kingambit, L50, M|\n|poke|p2|Dragonite, L50, F|\n|poke|p2|Ursaluna-Bloodmoon, L50, M|\n|teampreview|4\n|inactive|Battle timer is ON: inactive players will automatically lose when time's up. (requested by Riemann39)\n|j| CRJ2304\n|l| CRJ2304\n|j| CRJ2304\n|inactive|Riemann39 has 60 seconds left.\n|\n|t:|1732796297\n|start\n|switch|p1a: Weezing|Weezing-Galar, L50, M, shiny|100\/100\n|switch|p1b: Typhlosion|Typhlosion-Hisui, L50, M, shiny|100\/100\n|switch|p2a: Whimsicott|Whimsicott, L50, F|100\/100\n|switch|p2b: Incineroar|Incineroar, L50, M|100\/100\n|-ability|p1a: Weezing|Neutralizing Gas\n|turn|1\n|j| bluestraggler02\n|inactive|The10Zin has 30 seconds left.\n|\n|t:|1732796331\n|move|p2b: Incineroar|Fake Out|p1a: Weezing\n|-damage|p1a: Weezing|91\/100\n|move|p1b: Typhlosion|Eruption|p2a: Whimsicott|[spread] p2a,p2b\n|-supereffective|p2a: Whimsicott\n|-resisted|p2b: Incineroar\n|-damage|p2a: Whimsicott|2\/100\n|-damage|p2b: Incineroar|77\/100\n|cant|p1a: Weezing|flinch\n|move|p2a: Whimsicott|Trick Room|p2a: Whimsicott\n|-fieldstart|move: Trick Room|[of] p2a: Whimsicott\n|\n|upkeep\n|turn|2\n|inactive|The10Zin has 30 seconds left.\n|\n|t:|1732796362\n|switch|p1b: Weavile|Weavile, L50, F, shiny|100\/100\n|move|p2b: Incineroar|Knock Off|p1b: Weavile\n|-resisted|p1b: Weavile\n|-crit|p1b: Weavile\n|-damage|p1b: Weavile|48\/100\n|-enditem|p1b: Weavile|Focus Sash|[from] move: Knock Off|[of] p2b: Incineroar\n|move|p1a: Weezing|Sludge Bomb|p2b: Incineroar\n|-damage|p2b: Incineroar|22\/100\n|move|p2a: Whimsicott|Fake Tears|p1a: Weezing\n|-unboost|p1a: Weezing|spd|2\n|\n|upkeep\n|turn|3\n|inactive|The10Zin has 30 seconds left.\n|inactive|Riemann39 has 30 seconds left.\n|inactive|Riemann39 has 20 seconds left.\n|\n|t:|1732796398\n|move|p1b: Weavile|Ice Shard|p2a: Whimsicott\n|-supereffective|p2a: Whimsicott\n|-damage|p2a: Whimsicott|0 fnt\n|faint|p2a: Whimsicott\n|move|p2b: Incineroar|Knock Off|p1a: Weezing\n|-resisted|p1a: Weezing\n|-damage|p1a: Weezing|73\/100\n|-enditem|p1a: Weezing|Choice Specs|[from] move: Knock Off|[of] p2b: Incineroar\n|move|p1a: Weezing|Sludge Bomb|p2b: Incineroar\n|-damage|p2b: Incineroar|0 fnt\n|faint|p2b: Incineroar\n|\n|upkeep\n|\n|t:|1732796401\n|switch|p2b: Kingambit|Kingambit, L50, M|100\/100\n|switch|p2a: Ursaluna|Ursaluna-Bloodmoon, L50, M|100\/100\n|turn|4\n|inactive|The10Zin has 30 seconds left.\n|inactive|The10Zin has 20 seconds left.\n|\n|t:|1732796436\n|-end|p1a: Weezing|ability: Neutralizing Gas\n|switch|p1a: Garchomp|Garchomp, L50, F, shiny|100\/100\n|move|p1b: Weavile|Protect|p1b: Weavile\n|-singleturn|p1b: Weavile|Protect\n|move|p2b: Kingambit|Kowtow Cleave|p1b: Weavile\n|-activate|p1b: Weavile|move: Protect\n|move|p2a: Ursaluna|Hyper Voice|p1b: Weavile|[spread] p1a\n|-activate|p1b: Weavile|move: Protect\n|-damage|p1a: Garchomp|56\/100\n|\n|upkeep\n|turn|5\n|\n|t:|1732796460\n|move|p1a: Garchomp|Protect|p1a: Garchomp\n|-singleturn|p1a: Garchomp|Protect\n|move|p1b: Weavile|Ice Shard|p2a: Ursaluna\n|-supereffective|p2a: Ursaluna\n|-damage|p2a: Ursaluna|67\/100\n|move|p2b: Kingambit|Kowtow Cleave|p1a: Garchomp\n|-activate|p1a: Garchomp|move: Protect\n|move|p2a: Ursaluna|Earth Power|p1b: Weavile\n|-damage|p1b: Weavile|0 fnt\n|faint|p1b: Weavile\n|\n|-fieldend|move: Trick Room\n|upkeep\n|\n|t:|1732796476\n|switch|p1b: Weezing|Weezing-Galar, L50, M, shiny|73\/100\n|-ability|p1b: Weezing|Neutralizing Gas\n|turn|6\n|inactive|The10Zin has 30 seconds left.\n|inactive|The10Zin has 20 seconds left.\n|inactive|The10Zin has 15 seconds left.\n|inactive|The10Zin has 10 seconds left.\n|\n|t:|1732796524\n|move|p2a: Ursaluna|Vacuum Wave|p1a: Garchomp\n|-crit|p1a: Garchomp\n|-damage|p1a: Garchomp|28\/100\n|move|p2b: Kingambit|Sucker Punch|p1a: Garchomp\n|-damage|p1a: Garchomp|0 fnt\n|faint|p1a: Garchomp\n|move|p1b: Weezing|Strange Steam|p2a: Ursaluna\n|-damage|p2a: Ursaluna|40\/100\n|\n|upkeep\n|\n|t:|1732796533\n|switch|p1a: Typhlosion|Typhlosion-Hisui, L50, M, shiny|100\/100\n|turn|7\n|\n|t:|1732796547\n|-terastallize|p1a: Typhlosion|Fire\n|-terastallize|p2a: Ursaluna|Water\n|move|p2b: Kingambit|Sucker Punch|p1a: Typhlosion\n|-damage|p1a: Typhlosion|33\/100\n|move|p1a: Typhlosion|Heat Wave|p2a: Ursaluna|[spread] p2a,p2b\n|-resisted|p2a: Ursaluna\n|-supereffective|p2b: Kingambit\n|-crit|p2b: Kingambit\n|-damage|p2a: Ursaluna|23\/100\n|-damage|p2b: Kingambit|0 fnt\n|faint|p2b: Kingambit\n|move|p1b: Weezing|Dazzling Gleam|p2a: Ursaluna\n|-damage|p2a: Ursaluna|1\/100\n|move|p2a: Ursaluna|Earth Power|p1b: Weezing\n|-supereffective|p1b: Weezing\n|-damage|p1b: Weezing|0 fnt\n|faint|p1b: Weezing\n|-end|p1b: Weezing|ability: Neutralizing Gas\n|-item|p2a: Ursaluna|Assault Vest|[from] ability: Frisk|[of] p1a: Typhlosion\n|\n|upkeep\n|turn|8\n|\n|t:|1732796567\n|move|p2a: Ursaluna|Vacuum Wave|p1a: Typhlosion\n|-damage|p1a: Typhlosion|13\/100\n|move|p1a: Typhlosion|Heat Wave|p2a: Ursaluna|[miss]\n|-miss|p1a: Typhlosion|p2a: Ursaluna\n|\n|upkeep\n|turn|9\n|c|\u2606The10Zin|I\u2019m gonna lose my mind\n|inactive|The10Zin has 30 seconds left.\n|c|\u2606The10Zin|Are you kidding me?!?\n|c|\u2606The10Zin|What is my luck\n|inactive|The10Zin has 20 seconds left.\n|inactive|The10Zin has 15 seconds left.\n|c|\u2606The10Zin|crit vacuum wave into heatwave miss\n|inactive|The10Zin has 10 seconds left.\n|\n|t:|1732796614\n|move|p2a: Ursaluna|Vacuum Wave|p1a: Typhlosion\n|-damage|p1a: Typhlosion|0 fnt\n|faint|p1a: Typhlosion\n|\n|win|Riemann39\n|raw|The10Zin's rating: 1715 &rarr; <strong>1697<\/strong><br \/>(-18 for losing)\n|raw|Riemann39's rating: 1757 &rarr; <strong>1775<\/strong><br \/>(+18 for winning)\n|l| CRJ2304\n|l| bluestraggler02\n|c|\u2606The10Zin|That\u2019s wild\n|l|\u2606Riemann39\n|player|p2|\n|c|\u2606The10Zin|enjoy being high ladder while I get crit to death first turn every game\n|l|\u2606The10Zin\n|player|p1|\n","uploadtime":1732796850,"views":13,"formatid":"gen9vgc2024regh","rating":1697,"private":0,"password":null}