{"id":"gen9vgc2024regh-2252713674","format":"[Gen 9] VGC 2024 Reg H","players":["chang21","Djjwjwwjj"],"log":"|j|\u2606chang21\n|j|\u2606Djjwjwwjj\n|t:|1732793562\n|gametype|doubles\n|player|p1|chang21|veteran-gen4|1743\n|player|p2|Djjwjwwjj|266|1821\n|teamsize|p1|6\n|teamsize|p2|6\n|gen|9\n|tier|[Gen 9] VGC 2024 Reg H\n|rated|\n|rule|Species Clause: Limit one of each Pok\u00e9mon\n|rule|Item Clause: Limit 1 of each item\n|clearpoke\n|poke|p1|Sneasler, L50, M|\n|poke|p1|Baxcalibur, L50, M|\n|poke|p1|Rillaboom, L50, F|\n|poke|p1|Basculegion, L50, M|\n|poke|p1|Volcarona, L50, M|\n|poke|p1|Kingambit, L50, M|\n|poke|p2|Palafin, L50, M|\n|poke|p2|Pelipper, L50, F|\n|poke|p2|Electabuzz, L50, F|\n|poke|p2|Rillaboom, L50, M|\n|poke|p2|Incineroar, L50, F|\n|poke|p2|Gholdengo, L50|\n|teampreview|4\n|inactive|Battle timer is ON: inactive players will automatically lose when time's up. (requested by Djjwjwwjj)\n|inactive|chang21 has 60 seconds left.\n|inactive|Djjwjwwjj has 60 seconds left.\n|\n|t:|1732793614\n|start\n|switch|p1a: Sneasler|Sneasler, L50, M|100\/100\n|switch|p1b: Kingambit|Kingambit, L50, M|100\/100\n|switch|p2a: Pelipper|Pelipper, L50, F|100\/100\n|switch|p2b: Palafin|Palafin, L50, M|100\/100\n|-weather|RainDance|[from] ability: Drizzle|[of] p2a: Pelipper\n|turn|1\n|\n|t:|1732793636\n|move|p2b: Palafin|Jet Punch|p1a: Sneasler\n|-damage|p1a: Sneasler|41\/100\n|move|p2a: Pelipper|Hurricane|p1a: Sneasler\n|-supereffective|p1a: Sneasler\n|-damage|p1a: Sneasler|0 fnt\n|faint|p1a: Sneasler\n|move|p1b: Kingambit|Kowtow Cleave|p2a: Pelipper\n|-damage|p2a: Pelipper|29\/100\n|\n|-weather|RainDance|[upkeep]\n|upkeep\n|\n|t:|1732793648\n|switch|p1a: Basculegion|Basculegion, L50, M|100\/100\n|turn|2\n|\n|t:|1732793661\n|switch|p2a: Rillaboom|Rillaboom, L50, M|100\/100\n|-fieldstart|move: Grassy Terrain|[from] ability: Grassy Surge|[of] p2a: Rillaboom\n|move|p1a: Basculegion|Flip Turn|p2a: Rillaboom\n|-resisted|p2a: Rillaboom\n|-damage|p2a: Rillaboom|74\/100\n|\n|t:|1732793667\n|switch|p1a: Volcarona|Volcarona, L50, M|100\/100|[from] Flip Turn\n|move|p2b: Palafin|Drain Punch|p1b: Kingambit\n|-supereffective|p1b: Kingambit\n|-damage|p1b: Kingambit|37\/100\n|move|p1b: Kingambit|Kowtow Cleave|p2b: Palafin\n|-damage|p2b: Palafin|41\/100\n|\n|-weather|RainDance|[upkeep]\n|-heal|p2b: Palafin|47\/100|[from] Grassy Terrain\n|-heal|p2a: Rillaboom|80\/100|[from] Grassy Terrain\n|-heal|p1b: Kingambit|43\/100|[from] Grassy Terrain\n|upkeep\n|turn|3\n|inactive|chang21 has 30 seconds left.\n|inactive|Djjwjwwjj has 30 seconds left.\n|inactive|chang21 has 20 seconds left.\n|inactive|Djjwjwwjj has 20 seconds left.\n|inactive|chang21 has 15 seconds left.\n|inactive|Djjwjwwjj has 15 seconds left.\n|inactive|chang21 has 10 seconds left.\n|inactive|chang21 has 5 seconds left.\n|\n|t:|1732793721\n|detailschange|p2b: Palafin|Palafin-Hero, L50, M\n|switch|p2b: Pelipper|Pelipper, L50, F|29\/100\n|-terastallize|p1a: Volcarona|Fairy\n|-terastallize|p2a: Rillaboom|Fire\n|move|p1b: Kingambit|Sucker Punch||[still]\n|-fail|p1b: Kingambit\n|move|p1a: Volcarona|Quiver Dance|p1a: Volcarona\n|-boost|p1a: Volcarona|spa|1\n|-boost|p1a: Volcarona|spd|1\n|-boost|p1a: Volcarona|spe|1\n|move|p2a: Rillaboom|High Horsepower|p1a: Volcarona\n|-damage|p1a: Volcarona|57\/100\n|\n|-weather|RainDance|[upkeep]\n|-heal|p1a: Volcarona|63\/100|[from] Grassy Terrain\n|-heal|p2a: Rillaboom|86\/100|[from] Grassy Terrain\n|-heal|p1b: Kingambit|49\/100|[from] Grassy Terrain\n|upkeep\n|turn|4\n|inactive|Djjwjwwjj has 30 seconds left.\n|inactive|Djjwjwwjj has 20 seconds left.\n|\n|t:|1732793760\n|move|p1a: Volcarona|Protect|p1a: Volcarona\n|-singleturn|p1a: Volcarona|Protect\n|move|p2b: Pelipper|Weather Ball|p1b: Kingambit\n|-damage|p1b: Kingambit|7\/100\n|move|p2a: Rillaboom|High Horsepower|p1b: Kingambit\n|-supereffective|p1b: Kingambit\n|-damage|p1b: Kingambit|0 fnt\n|faint|p1b: Kingambit\n|\n|-weather|RainDance|[upkeep]\n|-heal|p1a: Volcarona|69\/100|[from] Grassy Terrain\n|-heal|p2a: Rillaboom|92\/100|[from] Grassy Terrain\n|upkeep\n|\n|t:|1732793769\n|switch|p1b: Basculegion|Basculegion, L50, M|100\/100\n|turn|5\n|\n|t:|1732793778\n|switch|p2b: Incineroar|Incineroar, L50, F|100\/100\n|-ability|p2b: Incineroar|Intimidate|boost\n|-unboost|p1a: Volcarona|atk|1\n|-unboost|p1b: Basculegion|atk|1\n|move|p2a: Rillaboom|Grassy Glide|p1b: Basculegion\n|-supereffective|p1b: Basculegion\n|-damage|p1b: Basculegion|5\/100\n|move|p1a: Volcarona|Tera Blast|p2b: Incineroar|[anim] Tera Blast Fairy\n|-damage|p2b: Incineroar|47\/100\n|move|p1b: Basculegion|Last Respects|p2a: Rillaboom\n|-damage|p2a: Rillaboom|32\/100\n|\n|-weather|none\n|-heal|p1a: Volcarona|75\/100|[from] Grassy Terrain\n|-heal|p1b: Basculegion|11\/100|[from] Grassy Terrain\n|-heal|p2a: Rillaboom|38\/100|[from] Grassy Terrain\n|-heal|p2b: Incineroar|53\/100|[from] Grassy Terrain\n|upkeep\n|turn|6\n|\n|t:|1732793801\n|move|p2b: Incineroar|Fake Out|p1a: Volcarona\n|-damage|p1a: Volcarona|61\/100\n|move|p2a: Rillaboom|Grassy Glide|p1b: Basculegion\n|-supereffective|p1b: Basculegion\n|-damage|p1b: Basculegion|0 fnt\n|faint|p1b: Basculegion\n|move|p1a: Volcarona|Heat Wave|p2b: Incineroar|[spread] p2a,p2b\n|-resisted|p2a: Rillaboom\n|-resisted|p2b: Incineroar\n|-damage|p2a: Rillaboom|15\/100\n|-damage|p2b: Incineroar|28\/100\n|\n|-heal|p1a: Volcarona|67\/100|[from] Grassy Terrain\n|-heal|p2a: Rillaboom|21\/100|[from] Grassy Terrain\n|-heal|p2b: Incineroar|34\/100|[from] Grassy Terrain\n|-fieldend|move: Grassy Terrain\n|upkeep\n|turn|7\n|\n|t:|1732793824\n|move|p1a: Volcarona|Heat Wave|p2b: Incineroar|[spread] p2a\n|-miss|p1a: Volcarona|p2b: Incineroar\n|-resisted|p2a: Rillaboom\n|-damage|p2a: Rillaboom|0 fnt\n|faint|p2a: Rillaboom\n|move|p2b: Incineroar|Flare Blitz|p1a: Volcarona\n|-damage|p1a: Volcarona|0 fnt\n|faint|p1a: Volcarona\n|-damage|p2b: Incineroar|14\/100|[from] Recoil\n|\n|win|Djjwjwwjj\n|raw|chang21's rating: 1743 &rarr; <strong>1727<\/strong><br \/>(-16 for losing)\n|raw|Djjwjwwjj's rating: 1821 &rarr; <strong>1837<\/strong><br \/>(+16 for winning)\n|l|\u2606chang21\n|player|p1|\n|l|\u2606Djjwjwwjj\n|player|p2|\n","uploadtime":1732794092,"views":6,"formatid":"gen9vgc2024regh","rating":1727,"private":0,"password":null}