{"id":"gen9vgc2024regh-2252946121","format":"[Gen 9] VGC 2024 Reg H","players":["jhopefrombts","CarryTheBoats"],"log":"|j|\u2606jhopefrombts\n|j|\u2606CarryTheBoats\n|t:|1732821966\n|gametype|doubles\n|player|p1|jhopefrombts|pokemonranger|1698\n|player|p2|CarryTheBoats|crasherwake|1796\n|teamsize|p1|6\n|teamsize|p2|6\n|gen|9\n|tier|[Gen 9] VGC 2024 Reg H\n|rated|\n|rule|Species Clause: Limit one of each Pok\u00e9mon\n|rule|Item Clause: Limit 1 of each item\n|clearpoke\n|poke|p1|Clefairy, L50, M|\n|poke|p1|Conkeldurr, L50, F|\n|poke|p1|Pelipper, L50, M|\n|poke|p1|Sinistcha, L50|\n|poke|p1|Basculegion, L50, M|\n|poke|p1|Archaludon, L50, M|\n|poke|p2|Archaludon, L50, F|\n|poke|p2|Pelipper, L50, F|\n|poke|p2|Amoonguss, L50, M|\n|poke|p2|Incineroar, L50, M|\n|poke|p2|Basculegion, L50, M|\n|poke|p2|Dragonite, L50, M|\n|teampreview|4\n|\n|t:|1732821991\n|start\n|switch|p1a: Sinistcha|Sinistcha, L50|100\/100\n|switch|p1b: Clefairy|Clefairy, L50, M|100\/100\n|switch|p2a: Archaludon|Archaludon, L50, F, shiny|100\/100\n|switch|p2b: Dragonite|Dragonite, L50, M|100\/100\n|turn|1\n|\n|t:|1732822005\n|switch|p2b: Pelipper|Pelipper, L50, F|100\/100\n|-weather|RainDance|[from] ability: Drizzle|[of] p2b: Pelipper\n|move|p1b: Clefairy|Follow Me|p1b: Clefairy\n|-singleturn|p1b: Clefairy|move: Follow Me\n|move|p2a: Archaludon|Electro Shot||[still]\n|-prepare|p2a: Archaludon|Electro Shot\n|-boost|p2a: Archaludon|spa|1\n|-anim|p2a: Archaludon|Electro Shot|p1b: Clefairy\n|-damage|p1b: Clefairy|57\/100\n|move|p1a: Sinistcha|Trick Room|p1a: Sinistcha\n|-fieldstart|move: Trick Room|[of] p1a: Sinistcha\n|\n|-weather|RainDance|[upkeep]\n|upkeep\n|turn|2\n|\n|t:|1732822022\n|switch|p2b: Amoonguss|Amoonguss, L50, M|100\/100\n|move|p1b: Clefairy|Follow Me|p1b: Clefairy\n|-singleturn|p1b: Clefairy|move: Follow Me\n|move|p1a: Sinistcha|Matcha Gotcha|p2a: Archaludon|[spread] p2a,p2b\n|-resisted|p2a: Archaludon\n|-resisted|p2b: Amoonguss\n|-damage|p2a: Archaludon|96\/100\n|-damage|p2b: Amoonguss|95\/100\n|-status|p2a: Archaludon|brn\n|-ability|p2a: Archaludon|Stamina|boost\n|-boost|p2a: Archaludon|def|1\n|move|p2a: Archaludon|Electro Shot||[still]\n|-prepare|p2a: Archaludon|Electro Shot\n|-boost|p2a: Archaludon|spa|1\n|-anim|p2a: Archaludon|Electro Shot|p1b: Clefairy\n|-damage|p1b: Clefairy|1\/100\n|\n|-weather|RainDance|[upkeep]\n|-damage|p2a: Archaludon|90\/100 brn|[from] brn\n|upkeep\n|turn|3\n|\n|t:|1732822053\n|switch|p1b: Conkeldurr|Conkeldurr, L50, F|100\/100\n|move|p1a: Sinistcha|Rage Powder|p1a: Sinistcha\n|-singleturn|p1a: Sinistcha|move: Rage Powder\n|move|p2b: Amoonguss|Pollen Puff|p2a: Archaludon\n|-heal|p2a: Archaludon|100\/100 brn\n|move|p2a: Archaludon|Dragon Pulse|p1a: Sinistcha\n|-damage|p1a: Sinistcha|13\/100\n|\n|-weather|RainDance|[upkeep]\n|-damage|p2a: Archaludon|94\/100 brn|[from] brn\n|-status|p1b: Conkeldurr|brn|[from] item: Flame Orb\n|upkeep\n|turn|4\n|\n|t:|1732822078\n|switch|p1a: Clefairy|Clefairy, L50, M|1\/100\n|-terastallize|p2a: Archaludon|Bug\n|move|p1b: Conkeldurr|Drain Punch|p2a: Archaludon\n|-resisted|p2a: Archaludon\n|-damage|p2a: Archaludon|79\/100 brn\n|-ability|p2a: Archaludon|Stamina|boost\n|-boost|p2a: Archaludon|def|1\n|move|p2b: Amoonguss|Sludge Bomb|p1a: Clefairy\n|-supereffective|p1a: Clefairy\n|-damage|p1a: Clefairy|0 fnt\n|faint|p1a: Clefairy\n|move|p2a: Archaludon|Electro Shot||[still]\n|-prepare|p2a: Archaludon|Electro Shot\n|-boost|p2a: Archaludon|spa|1\n|-anim|p2a: Archaludon|Electro Shot|p1b: Conkeldurr\n|-damage|p1b: Conkeldurr|0 fnt\n|faint|p1b: Conkeldurr\n|\n|-weather|RainDance|[upkeep]\n|-damage|p2a: Archaludon|73\/100 brn|[from] brn\n|upkeep\n|\n|t:|1732822085\n|switch|p1b: Archaludon|Archaludon, L50, M|100\/100\n|switch|p1a: Sinistcha|Sinistcha, L50|13\/100\n|turn|5\n|\n|t:|1732822092\n|move|p2b: Amoonguss|Spore|p1b: Archaludon\n|-status|p1b: Archaludon|slp|[from] move: Spore\n|move|p1a: Sinistcha|Matcha Gotcha|p2b: Amoonguss|[spread] p2a\n|-miss|p1a: Sinistcha|p2b: Amoonguss\n|-resisted|p2a: Archaludon\n|-damage|p2a: Archaludon|63\/100 brn\n|-heal|p1a: Sinistcha|18\/100|[from] drain|[of] p2a: Archaludon\n|-ability|p2a: Archaludon|Stamina|boost\n|-boost|p2a: Archaludon|def|1\n|cant|p1b: Archaludon|slp\n|move|p2a: Archaludon|Dragon Pulse|p1a: Sinistcha\n|-damage|p1a: Sinistcha|0 fnt\n|faint|p1a: Sinistcha\n|\n|-weather|none\n|-damage|p2a: Archaludon|57\/100 brn|[from] brn\n|-fieldend|move: Trick Room\n|upkeep\n|turn|6\n|-message|jhopefrombts forfeited.\n|\n|win|CarryTheBoats\n|raw|jhopefrombts's rating: 1698 &rarr; <strong>1683<\/strong><br \/>(-15 for losing)\n|raw|CarryTheBoats's rating: 1796 &rarr; <strong>1811<\/strong><br \/>(+15 for winning)\n|l|\u2606CarryTheBoats\n|player|p2|\n|l|\u2606jhopefrombts\n|player|p1|\n","uploadtime":1732822097,"views":11,"formatid":"gen9vgc2024regh","rating":1683,"private":0,"password":null}