{"id":"gen9vgc2024regh-2252551360","format":"[Gen 9] VGC 2024 Reg H","players":["testy accounty 2","elvegis1"],"log":"|j|\u2606testy accounty 2\n|j|\u2606elvegis1\n|t:|1732765643\n|gametype|doubles\n|player|p1|testy accounty 2|101|1686\n|player|p2|elvegis1|lucas|1758\n|teamsize|p1|6\n|teamsize|p2|6\n|gen|9\n|tier|[Gen 9] VGC 2024 Reg H\n|rated|\n|rule|Species Clause: Limit one of each Pok\u00e9mon\n|rule|Item Clause: Limit 1 of each item\n|clearpoke\n|poke|p1|Pelipper, L50, M|\n|poke|p1|Archaludon, L50, F|\n|poke|p1|Sneasler, L50, F|\n|poke|p1|Dragonite, L50, F|\n|poke|p1|Basculegion, L50, M|\n|poke|p1|Rillaboom, L50, M|\n|poke|p2|Incineroar, L50, M|\n|poke|p2|Gholdengo, L50|\n|poke|p2|Dusclops, L50, M|\n|poke|p2|Gastrodon-East, L50, F|\n|poke|p2|Ursaluna-Bloodmoon, L50, M|\n|poke|p2|Zoroark-Hisui, L50, F|\n|teampreview|4\n|inactive|Battle timer is ON: inactive players will automatically lose when time's up. (requested by elvegis1)\n|inactive|testy accounty 2 has 60 seconds left.\n|inactive|elvegis1 has 60 seconds left.\n|inactive|elvegis1 has 30 seconds left.\n|inactive|elvegis1 has 20 seconds left.\n|\n|t:|1732765721\n|start\n|switch|p1a: Posiden|Pelipper, L50, M|100\/100\n|switch|p1b: Hephetus|Archaludon, L50, F|100\/100\n|switch|p2a: Dusclops|Dusclops, L50, M|100\/100\n|switch|p2b: Incineroar|Incineroar, L50, M|100\/100\n|-weather|RainDance|[from] ability: Drizzle|[of] p1a: Posiden\n|-ability|p2b: Incineroar|Intimidate|boost\n|-unboost|p1a: Posiden|atk|1\n|-unboost|p1b: Hephetus|atk|1\n|-item|p1a: Posiden|Focus Sash|[from] ability: Frisk|[of] p2a: Dusclops\n|-item|p1b: Hephetus|Assault Vest|[from] ability: Frisk|[of] p2a: Dusclops\n|turn|1\n|inactive|testy accounty 2 has 30 seconds left.\n|inactive|testy accounty 2 has 20 seconds left.\n|inactive|testy accounty 2 has 15 seconds left.\n|\n|t:|1732765765\n|switch|p2b: Gastrodon|Gastrodon-East, L50, F|100\/100\n|move|p1a: Posiden|Hurricane|p2b: Gastrodon\n|-damage|p2b: Gastrodon|68\/100\n|-start|p2b: Gastrodon|confusion\n|move|p1b: Hephetus|Body Press|p2b: Gastrodon\n|-damage|p2b: Gastrodon|43\/100\n|move|p2a: Dusclops|Trick Room|p2a: Dusclops\n|-fieldstart|move: Trick Room|[of] p2a: Dusclops\n|\n|-weather|RainDance|[upkeep]\n|-heal|p2b: Gastrodon|49\/100|[from] item: Leftovers\n|upkeep\n|turn|2\n|j| bobripper\n|inactive|elvegis1 has 30 seconds left.\n|\n|t:|1732765791\n|switch|p1b: Ceasar|Rillaboom, L50, M|100\/100\n|-fieldstart|move: Grassy Terrain|[from] ability: Grassy Surge|[of] p1b: Ceasar\n|-activate|p2b: Gastrodon|confusion\n|move|p2b: Gastrodon|Protect|p2b: Gastrodon\n|-singleturn|p2b: Gastrodon|Protect\n|move|p1a: Posiden|Protect|p1a: Posiden\n|-singleturn|p1a: Posiden|Protect\n|move|p2a: Dusclops|Will-O-Wisp|p1a: Posiden\n|-activate|p1a: Posiden|move: Protect\n|\n|-weather|RainDance|[upkeep]\n|-heal|p2b: Gastrodon|56\/100|[from] Grassy Terrain\n|-heal|p2b: Gastrodon|62\/100|[from] item: Leftovers\n|upkeep\n|turn|3\n|j| DigimonUniverse\n|inactive|testy accounty 2 has 30 seconds left.\n|\n|t:|1732765818\n|switch|p2b: Incineroar|Incineroar, L50, M|100\/100\n|-ability|p2b: Incineroar|Intimidate|boost\n|-unboost|p1a: Posiden|atk|1\n|-unboost|p1b: Ceasar|atk|1\n|move|p1b: Ceasar|Grassy Glide|p2b: Incineroar\n|-resisted|p2b: Incineroar\n|-damage|p2b: Incineroar|91\/100\n|move|p2a: Dusclops|Will-O-Wisp|p1b: Ceasar\n|-status|p1b: Ceasar|brn\n|move|p1a: Posiden|Weather Ball|p2b: Incineroar\n|-supereffective|p2b: Incineroar\n|-damage|p2b: Incineroar|0 fnt\n|faint|p2b: Incineroar\n|\n|-weather|RainDance|[upkeep]\n|-damage|p1b: Ceasar|95\/100 brn|[from] brn\n|upkeep\n|\n|t:|1732765835\n|switch|p2b: Ursaluna|Ursaluna-Bloodmoon, L50, M|100\/100\n|turn|4\n|inactive|testy accounty 2 has 30 seconds left.\n|\n|t:|1732765861\n|move|p1a: Posiden|Protect|p1a: Posiden\n|-singleturn|p1a: Posiden|Protect\n|move|p2a: Dusclops|Night Shade|p1a: Posiden\n|-activate|p1a: Posiden|move: Protect\n|move|p2b: Ursaluna|Blood Moon|p1a: Posiden\n|-activate|p1a: Posiden|move: Protect\n|move|p1b: Ceasar|Taunt|p2a: Dusclops\n|-start|p2a: Dusclops|move: Taunt\n|\n|-weather|RainDance|[upkeep]\n|-heal|p1b: Ceasar|100\/100 brn|[from] Grassy Terrain\n|-damage|p1b: Ceasar|95\/100 brn|[from] brn\n|upkeep\n|turn|5\n|\n|t:|1732765885\n|switch|p1a: Hephetus|Archaludon, L50, F|100\/100\n|move|p2a: Dusclops|Night Shade|p1a: Hephetus\n|-damage|p1a: Hephetus|75\/100\n|-ability|p1a: Hephetus|Stamina|boost\n|-boost|p1a: Hephetus|def|1\n|move|p2b: Ursaluna|Hyper Voice|p1a: Hephetus|[spread] p1a,p1b\n|-resisted|p1a: Hephetus\n|-damage|p1a: Hephetus|58\/100\n|-damage|p1b: Ceasar|56\/100 brn\n|-ability|p1a: Hephetus|Stamina|boost\n|-boost|p1a: Hephetus|def|1\n|move|p1b: Ceasar|Bullet Seed|p2b: Ursaluna\n|-supereffective|p2b: Ursaluna\n|-damage|p2b: Ursaluna|92\/100\n|-supereffective|p2b: Ursaluna\n|-damage|p2b: Ursaluna|83\/100\n|-supereffective|p2b: Ursaluna\n|-damage|p2b: Ursaluna|75\/100\n|-supereffective|p2b: Ursaluna\n|-damage|p2b: Ursaluna|68\/100\n|-supereffective|p2b: Ursaluna\n|-damage|p2b: Ursaluna|60\/100\n|-hitcount|p2b: Ursaluna|5\n|\n|-weather|none\n|-heal|p2b: Ursaluna|66\/100|[from] Grassy Terrain\n|-heal|p1a: Hephetus|64\/100|[from] Grassy Terrain\n|-heal|p1b: Ceasar|61\/100 brn|[from] Grassy Terrain\n|-damage|p1b: Ceasar|56\/100 brn|[from] brn\n|-fieldend|move: Trick Room\n|upkeep\n|turn|6\n|inactive|testy accounty 2 has 30 seconds left.\n|inactive|elvegis1 has 30 seconds left.\n|\n|t:|1732765920\n|-terastallize|p2b: Ursaluna|Ghost\n|move|p1b: Ceasar|Bullet Seed|p2b: Ursaluna\n|-damage|p2b: Ursaluna|62\/100\n|-damage|p2b: Ursaluna|58\/100\n|-damage|p2b: Ursaluna|53\/100\n|-damage|p2b: Ursaluna|49\/100\n|-damage|p2b: Ursaluna|45\/100\n|-hitcount|p2b: Ursaluna|5\n|move|p1a: Hephetus|Draco Meteor|p2b: Ursaluna\n|-damage|p2b: Ursaluna|1\/100\n|-unboost|p1a: Hephetus|spa|2\n|move|p2b: Ursaluna|Earth Power|p1a: Hephetus\n|-supereffective|p1a: Hephetus\n|-damage|p1a: Hephetus|0 fnt\n|faint|p1a: Hephetus\n|move|p2a: Dusclops|Night Shade|p1b: Ceasar\n|-damage|p1b: Ceasar|31\/100 brn\n|\n|-heal|p1b: Ceasar|37\/100 brn|[from] Grassy Terrain\n|-heal|p2b: Ursaluna|7\/100|[from] Grassy Terrain\n|-damage|p1b: Ceasar|31\/100 brn|[from] brn\n|-fieldend|move: Grassy Terrain\n|upkeep\n|\n|t:|1732765936\n|switch|p1a: Thanotos|Basculegion, L50, M|100\/100\n|turn|7\n|inactive|elvegis1 has 30 seconds left.\n|\n|t:|1732765967\n|switch|p2b: Gastrodon|Gastrodon-East, L50, F|62\/100\n|move|p1a: Thanotos|Last Respects|p2a: Dusclops\n|-supereffective|p2a: Dusclops\n|-damage|p2a: Dusclops|13\/100\n|move|p1b: Ceasar|Bullet Seed|p2b: Gastrodon\n|-supereffective|p2b: Gastrodon\n|-damage|p2b: Gastrodon|46\/100\n|-supereffective|p2b: Gastrodon\n|-damage|p2b: Gastrodon|31\/100\n|-supereffective|p2b: Gastrodon\n|-damage|p2b: Gastrodon|16\/100\n|-supereffective|p2b: Gastrodon\n|-damage|p2b: Gastrodon|0 fnt\n|faint|p2b: Gastrodon\n|-hitcount|p2: Gastrodon|4\n|move|p2a: Dusclops|Night Shade|p1a: Thanotos\n|-damage|p1a: Thanotos|75\/100\n|\n|-damage|p1b: Ceasar|26\/100 brn|[from] brn\n|-end|p2a: Dusclops|move: Taunt\n|upkeep\n|j| Ulnir\n|l| Ulnir\n|\n|t:|1732765977\n|switch|p2b: Ursaluna|Ursaluna-Bloodmoon, L50, M, tera:Ghost|7\/100\n|turn|8\n|\n|t:|1732765989\n|move|p2b: Ursaluna|Vacuum Wave|p1b: Ceasar\n|-damage|p1b: Ceasar|10\/100 brn\n|move|p1a: Thanotos|Last Respects|p2a: Dusclops\n|-supereffective|p2a: Dusclops\n|-damage|p2a: Dusclops|0 fnt\n|faint|p2a: Dusclops\n|move|p1b: Ceasar|Bullet Seed|p2b: Ursaluna\n|-damage|p2b: Ursaluna|4\/100\n|-damage|p2b: Ursaluna|1\/100\n|-damage|p2b: Ursaluna|0 fnt\n|faint|p2b: Ursaluna\n|-hitcount|p2: Ursaluna|3\n|\n|win|testy accounty 2\n|raw|testy accounty 2's rating: 1686 &rarr; <strong>1710<\/strong><br \/>(+24 for winning)\n|raw|elvegis1's rating: 1758 &rarr; <strong>1734<\/strong><br \/>(-24 for losing)\n|l| bobripper\n|l|\u2606elvegis1\n|player|p2|\n|l| DigimonUniverse\n|l|\u2606testy accounty 2\n|player|p1|\n","uploadtime":1732766008,"views":31,"formatid":"gen9vgc2024regh","rating":1710,"private":0,"password":null}