{"id":"gen9vgc2024regh-2252968272","format":"[Gen 9] VGC 2024 Reg H","players":["mlm2016","jhopefrombts"],"log":"|j|\u2606mlm2016\n|j|\u2606jhopefrombts\n|t:|1732824423\n|gametype|doubles\n|player|p1|mlm2016|juggler|1720\n|player|p2|jhopefrombts|pokemonranger|1660\n|teamsize|p1|6\n|teamsize|p2|6\n|gen|9\n|tier|[Gen 9] VGC 2024 Reg H\n|rated|\n|rule|Species Clause: Limit one of each Pok\u00e9mon\n|rule|Item Clause: Limit 1 of each item\n|clearpoke\n|poke|p1|Gholdengo, L50|\n|poke|p1|Dragonite, L50, F|\n|poke|p1|Sneasler, L50, M|\n|poke|p1|Rillaboom, L50, M|\n|poke|p1|Basculegion, L50, M|\n|poke|p1|Kingambit, L50, F|\n|poke|p2|Clefairy, L50, F|\n|poke|p2|Ursaluna, L50, M|\n|poke|p2|Pelipper, L50, M|\n|poke|p2|Sinistcha, L50|\n|poke|p2|Basculegion, L50, M|\n|poke|p2|Archaludon, L50, M|\n|teampreview|4\n|inactive|Battle timer is ON: inactive players will automatically lose when time's up. (requested by mlm2016)\n|inactive|mlm2016 has 60 seconds left.\n|inactive|jhopefrombts has 60 seconds left.\n|inactive|mlm2016 has 30 seconds left.\n|inactive|mlm2016 has 20 seconds left.\n|\n|t:|1732824495\n|start\n|switch|p1a: sorry in advance|Sneasler, L50, M|100\/100\n|switch|p1b: Caesar|Rillaboom, L50, M|100\/100\n|switch|p2a: Pelipper|Pelipper, L50, M|100\/100\n|switch|p2b: Archaludon|Archaludon, L50, M|100\/100\n|-fieldstart|move: Grassy Terrain|[from] ability: Grassy Surge|[of] p1b: Caesar\n|-enditem|p1a: sorry in advance|Grassy Seed\n|-boost|p1a: sorry in advance|def|1|[from] item: Grassy Seed\n|-weather|RainDance|[from] ability: Drizzle|[of] p2a: Pelipper\n|turn|1\n|inactive|mlm2016 has 30 seconds left.\n|inactive|jhopefrombts has 30 seconds left.\n|inactive|mlm2016 has 20 seconds left.\n|inactive|jhopefrombts has 20 seconds left.\n|inactive|mlm2016 has 15 seconds left.\n|inactive|jhopefrombts has 15 seconds left.\n|\n|t:|1732824537\n|move|p1a: sorry in advance|Close Combat|p2b: Archaludon\n|-supereffective|p2b: Archaludon\n|-damage|p2b: Archaludon|6\/100\n|-unboost|p1a: sorry in advance|def|1\n|-unboost|p1a: sorry in advance|spd|1\n|-ability|p2b: Archaludon|Stamina|boost\n|-boost|p2b: Archaludon|def|1\n|move|p1b: Caesar|Wood Hammer|p2a: Pelipper\n|-enditem|p2a: Pelipper|Focus Sash\n|-damage|p2a: Pelipper|1\/100\n|-damage|p1b: Caesar|76\/100|[from] Recoil\n|move|p2a: Pelipper|Tailwind|p2a: Pelipper\n|-sidestart|p2: jhopefrombts|move: Tailwind\n|move|p2b: Archaludon|Electro Shot||[still]\n|-prepare|p2b: Archaludon|Electro Shot\n|-boost|p2b: Archaludon|spa|1\n|-anim|p2b: Archaludon|Electro Shot|p1a: sorry in advance\n|-damage|p1a: sorry in advance|0 fnt\n|faint|p1a: sorry in advance\n|\n|-weather|RainDance|[upkeep]\n|-heal|p2b: Archaludon|12\/100|[from] Grassy Terrain\n|-heal|p1b: Caesar|82\/100|[from] Grassy Terrain\n|upkeep\n|inactive|mlm2016 has 30 seconds left.\n|\n|t:|1732824569\n|switch|p1a: Goldilocks|Gholdengo, L50|100\/100\n|turn|2\n|inactive|mlm2016 has 30 seconds left.\n|inactive|jhopefrombts has 30 seconds left.\n|\n|t:|1732824596\n|switch|p2a: Sinistcha|Sinistcha, L50|100\/100\n|-heal|p2b: Archaludon|37\/100|[from] ability: Hospitality|[of] p2a: Sinistcha\n|move|p1a: Goldilocks|Protect|p1a: Goldilocks\n|-singleturn|p1a: Goldilocks|Protect\n|move|p2b: Archaludon|Electro Shot||[still]\n|-prepare|p2b: Archaludon|Electro Shot\n|-boost|p2b: Archaludon|spa|1\n|-anim|p2b: Archaludon|Electro Shot|p1a: Goldilocks\n|-activate|p1a: Goldilocks|move: Protect\n|move|p1b: Caesar|High Horsepower|p2b: Archaludon\n|-supereffective|p2b: Archaludon\n|-damage|p2b: Archaludon|4\/100\n|-ability|p2b: Archaludon|Stamina|boost\n|-boost|p2b: Archaludon|def|1\n|\n|-weather|RainDance|[upkeep]\n|-heal|p2b: Archaludon|10\/100|[from] Grassy Terrain\n|-heal|p1b: Caesar|88\/100|[from] Grassy Terrain\n|upkeep\n|turn|3\n|inactive|mlm2016 has 30 seconds left.\n|\n|t:|1732824629\n|switch|p2a: Pelipper|Pelipper, L50, M|1\/100\n|move|p2b: Archaludon|Electro Shot||[still]\n|-prepare|p2b: Archaludon|Electro Shot\n|-boost|p2b: Archaludon|spa|1\n|-anim|p2b: Archaludon|Electro Shot|p1a: Goldilocks\n|-damage|p1a: Goldilocks|0 fnt\n|faint|p1a: Goldilocks\n|move|p1b: Caesar|High Horsepower|p2b: Archaludon\n|-supereffective|p2b: Archaludon\n|-damage|p2b: Archaludon|0 fnt\n|faint|p2b: Archaludon\n|\n|-weather|RainDance|[upkeep]\n|-heal|p1b: Caesar|94\/100|[from] Grassy Terrain\n|upkeep\n|\n|t:|1732824642\n|switch|p1a: Pirahna 3D|Basculegion, L50, M|100\/100\n|switch|p2b: Basculegion|Basculegion, L50, M|100\/100\n|turn|4\n|inactive|mlm2016 has 30 seconds left.\n|inactive|mlm2016 has 20 seconds left.\n|inactive|mlm2016 has 15 seconds left.\n|inactive|mlm2016 has 10 seconds left.\n|\n|t:|1732824691\n|-terastallize|p2b: Basculegion|Grass\n|move|p1b: Caesar|Grassy Glide|p2b: Basculegion\n|-resisted|p2b: Basculegion\n|-damage|p2b: Basculegion|73\/100\n|move|p2b: Basculegion|Last Respects|p1a: Pirahna 3D\n|-supereffective|p1a: Pirahna 3D\n|-damage|p1a: Pirahna 3D|0 fnt\n|faint|p1a: Pirahna 3D\n|move|p2a: Pelipper|Hurricane|p1b: Caesar\n|-supereffective|p1b: Caesar\n|-damage|p1b: Caesar|14\/100\n|\n|-weather|RainDance|[upkeep]\n|-heal|p2b: Basculegion|79\/100|[from] Grassy Terrain\n|-heal|p1b: Caesar|20\/100|[from] Grassy Terrain\n|-sideend|p2: jhopefrombts|move: Tailwind\n|upkeep\n|turn|5\n|-message|mlm2016 forfeited.\n|\n|win|jhopefrombts\n|raw|mlm2016's rating: 1720 &rarr; <strong>1697<\/strong><br \/>(-23 for losing)\n|raw|jhopefrombts's rating: 1660 &rarr; <strong>1683<\/strong><br \/>(+23 for winning)\n|l|\u2606mlm2016\n|player|p1|\n","uploadtime":1732824703,"views":7,"formatid":"gen9vgc2024regh","rating":1683,"private":0,"password":null}