{"id":"gen9vgc2024regh-2252493043","format":"[Gen 9] VGC 2024 Reg H","players":["elvegis1","SeaWolfMikess"],"log":"|badge|p2|bronze|gen9doublesou|100-3\n|uhtml|medal-msg|<div class=\"broadcast-blue\">Curious what those medals under the avatar are? PS now has Ladder Seasons! For more information, check out the <a href=\"https:\/\/www.smogon.com\/forums\/threads\/3740067\/\">thread on Smogon.<\/a><\/div>\n|j|\u2606elvegis1\n|j|\u2606SeaWolfMikess\n|t:|1732757737\n|gametype|doubles\n|player|p1|elvegis1|lucas|1783\n|player|p2|SeaWolfMikess|hugh|1911\n|teamsize|p1|6\n|teamsize|p2|6\n|gen|9\n|tier|[Gen 9] VGC 2024 Reg H\n|rated|\n|rule|Species Clause: Limit one of each Pok\u00e9mon\n|rule|Item Clause: Limit 1 of each item\n|clearpoke\n|poke|p1|Incineroar, L50, F|\n|poke|p1|Gholdengo, L50|\n|poke|p1|Dusclops, L50, M|\n|poke|p1|Gastrodon-East, L50, F|\n|poke|p1|Ursaluna-Bloodmoon, L50, M|\n|poke|p1|Zoroark-Hisui, L50, F|\n|poke|p2|Pelipper, L50, F|\n|poke|p2|Archaludon, L50, F|\n|poke|p2|Rillaboom, L50, F|\n|poke|p2|Sneasler, L50, F|\n|poke|p2|Incineroar, L50, M|\n|poke|p2|Gholdengo, L50|\n|teampreview|4\n|inactive|Battle timer is ON: inactive players will automatically lose when time's up. (requested by elvegis1)\n|\n|t:|1732757760\n|start\n|switch|p1a: Ursaluna|Ursaluna-Bloodmoon, L50, M|100\/100\n|switch|p1b: Incineroar|Incineroar, L50, F|100\/100\n|switch|p2a: Archaludon|Archaludon, L50, F|100\/100\n|switch|p2b: Rillaboom|Rillaboom, L50, F|100\/100\n|-fieldstart|move: Grassy Terrain|[from] ability: Grassy Surge|[of] p2b: Rillaboom\n|-ability|p1b: Incineroar|Intimidate|boost\n|-unboost|p2a: Archaludon|atk|1\n|-unboost|p2b: Rillaboom|atk|1\n|turn|1\n|inactive|elvegis1 has 30 seconds left.\n|inactive|elvegis1 has 20 seconds left.\n|\n|t:|1732757796\n|move|p2b: Rillaboom|Fake Out|p1a: Ursaluna\n|-immune|p1a: Ursaluna\n|move|p1a: Ursaluna|Fake Tears|p2a: Archaludon\n|-unboost|p2a: Archaludon|spd|2\n|move|p2a: Archaludon|Electro Shot||[still]\n|-prepare|p2a: Archaludon|Electro Shot\n|-boost|p2a: Archaludon|spa|1\n|-enditem|p2a: Archaludon|Power Herb\n|-anim|p2a: Archaludon|Electro Shot|p1b: Incineroar\n|-damage|p1b: Incineroar|46\/100\n|-enditem|p1b: Incineroar|Sitrus Berry|[eat]\n|-heal|p1b: Incineroar|71\/100|[from] item: Sitrus Berry\n|move|p1b: Incineroar|Parting Shot|p2a: Archaludon\n|-unboost|p2a: Archaludon|atk|1\n|-unboost|p2a: Archaludon|spa|1\n|inactive|elvegis1 has 30 seconds left.\n|\n|t:|1732757821\n|switch|p1b: Gholdengo|Gholdengo, L50|100\/100|[from] Parting Shot\n|\n|upkeep\n|turn|2\n|\n|t:|1732757839\n|switch|p2a: Incineroar|Incineroar, L50, M|100\/100\n|-ability|p2a: Incineroar|Intimidate|boost\n|-unboost|p1a: Ursaluna|atk|1\n|-unboost|p1b: Gholdengo|atk|1\n|move|p1a: Ursaluna|Fake Tears|p2b: Rillaboom\n|-unboost|p2b: Rillaboom|spd|2\n|move|p1b: Gholdengo|Make It Rain|p2b: Rillaboom|[spread] p2a,p2b\n|-resisted|p2a: Incineroar\n|-damage|p2a: Incineroar|72\/100\n|-damage|p2b: Rillaboom|25\/100\n|-unboost|p1b: Gholdengo|spa|1\n|move|p2b: Rillaboom|Wood Hammer|p1a: Ursaluna\n|-enditem|p1a: Ursaluna|Focus Sash\n|-damage|p1a: Ursaluna|1\/100\n|replace|p1a: Zoroark|Zoroark-Hisui, L50, F\n|-end|p1a: Zoroark|Illusion\n|-damage|p2b: Rillaboom|4\/100|[from] Recoil\n|\n|-heal|p1a: Zoroark|7\/100|[from] Grassy Terrain\n|-heal|p2b: Rillaboom|10\/100|[from] Grassy Terrain\n|-heal|p2a: Incineroar|78\/100|[from] Grassy Terrain\n|upkeep\n|turn|3\n|inactive|SeaWolfMikess has 30 seconds left.\n|\n|t:|1732757873\n|switch|p1a: Incineroar|Incineroar, L50, F|71\/100\n|-ability|p1a: Incineroar|Intimidate|boost\n|-unboost|p2a: Incineroar|atk|1\n|-unboost|p2b: Rillaboom|atk|1\n|switch|p2b: Gholdengo|Gholdengo, L50|100\/100\n|move|p1b: Gholdengo|Protect|p1b: Gholdengo\n|-singleturn|p1b: Gholdengo|Protect\n|move|p2a: Incineroar|Knock Off|p1b: Gholdengo\n|-activate|p1b: Gholdengo|move: Protect\n|\n|-heal|p1a: Incineroar|77\/100|[from] Grassy Terrain\n|-heal|p2a: Incineroar|84\/100|[from] Grassy Terrain\n|upkeep\n|turn|4\n|inactive|elvegis1 has 30 seconds left.\n|inactive|elvegis1 has 20 seconds left.\n|\n|t:|1732757911\n|-terastallize|p2b: Gholdengo|Fighting\n|move|p1b: Gholdengo|Shadow Ball|p2b: Gholdengo\n|-damage|p2b: Gholdengo|74\/100\n|move|p2b: Gholdengo|Nasty Plot|p2b: Gholdengo\n|-boost|p2b: Gholdengo|spa|2\n|move|p1a: Incineroar|Knock Off|p2b: Gholdengo\n|-resisted|p2b: Gholdengo\n|-crit|p2b: Gholdengo\n|-damage|p2b: Gholdengo|44\/100\n|-enditem|p2b: Gholdengo|Metal Coat|[from] move: Knock Off|[of] p1a: Incineroar\n|move|p2a: Incineroar|Knock Off|p1b: Gholdengo\n|-supereffective|p1b: Gholdengo\n|-damage|p1b: Gholdengo|39\/100\n|-enditem|p1b: Gholdengo|Metal Coat|[from] move: Knock Off|[of] p2a: Incineroar\n|\n|-heal|p1b: Gholdengo|45\/100|[from] Grassy Terrain\n|-heal|p2b: Gholdengo|50\/100|[from] Grassy Terrain\n|-heal|p1a: Incineroar|83\/100|[from] Grassy Terrain\n|-heal|p2a: Incineroar|90\/100|[from] Grassy Terrain\n|upkeep\n|turn|5\n|inactive|SeaWolfMikess has 30 seconds left.\n|\n|t:|1732757943\n|move|p1b: Gholdengo|Protect|p1b: Gholdengo\n|-singleturn|p1b: Gholdengo|Protect\n|move|p2b: Gholdengo|Protect|p2b: Gholdengo\n|-singleturn|p2b: Gholdengo|Protect\n|move|p1a: Incineroar|Parting Shot|p2a: Incineroar\n|-unboost|p2a: Incineroar|atk|1\n|-unboost|p2a: Incineroar|spa|1\n|\n|t:|1732757952\n|switch|p1a: Ursaluna|Ursaluna-Bloodmoon, L50, M|7\/100|[from] Parting Shot\n|move|p2a: Incineroar|Parting Shot|p1a: Ursaluna\n|-unboost|p1a: Ursaluna|atk|1\n|-unboost|p1a: Ursaluna|spa|1\n|\n|t:|1732757961\n|switch|p2a: Archaludon|Archaludon, L50, F|100\/100|[from] Parting Shot\n|\n|-heal|p1a: Ursaluna|13\/100|[from] Grassy Terrain\n|-heal|p1b: Gholdengo|52\/100|[from] Grassy Terrain\n|-heal|p2b: Gholdengo|57\/100|[from] Grassy Terrain\n|-fieldend|move: Grassy Terrain\n|upkeep\n|turn|6\n|inactive|elvegis1 has 30 seconds left.\n|inactive|elvegis1 has 20 seconds left.\n|inactive|elvegis1 has 15 seconds left.\n|\n|t:|1732758002\n|move|p1a: Ursaluna|Shadow Ball|p2b: Gholdengo\n|-damage|p2b: Gholdengo|31\/100\n|move|p2a: Archaludon|Electro Shot||[still]\n|-prepare|p2a: Archaludon|Electro Shot\n|-boost|p2a: Archaludon|spa|1\n|move|p1b: Gholdengo|Shadow Ball|p2b: Gholdengo\n|-damage|p2b: Gholdengo|4\/100\n|move|p2b: Gholdengo|Make It Rain|p1a: Ursaluna|[spread] p1a,p1b\n|-crit|p1a: Ursaluna\n|-resisted|p1b: Gholdengo\n|-damage|p1a: Ursaluna|0 fnt\n|-damage|p1b: Gholdengo|3\/100\n|-unboost|p2b: Gholdengo|spa|1\n|replace|p1a: Zoroark|Zoroark-Hisui, L50, F\n|-end|p1a: Zoroark|Illusion\n|faint|p1a: Zoroark\n|\n|upkeep\n|inactive|elvegis1 has 30 seconds left.\n|\n|t:|1732758030\n|switch|p1a: Ursaluna|Ursaluna-Bloodmoon, L50, M|100\/100\n|turn|7\n|\n|t:|1732758042\n|move|p2a: Archaludon|Electro Shot|p1b: Gholdengo|[from]lockedmove\n|-damage|p1b: Gholdengo|0 fnt\n|faint|p1b: Gholdengo\n|move|p2b: Gholdengo|Make It Rain|p1a: Ursaluna\n|-damage|p1a: Ursaluna|36\/100\n|-unboost|p2b: Gholdengo|spa|1\n|move|p1a: Ursaluna|Earth Power|p2a: Archaludon\n|-supereffective|p2a: Archaludon\n|-ability|p2a: Archaludon|Sturdy\n|-damage|p2a: Archaludon|1\/100\n|-unboost|p2a: Archaludon|spd|1\n|\n|upkeep\n|\n|t:|1732758045\n|switch|p1b: Incineroar|Incineroar, L50, F|83\/100\n|-ability|p1b: Incineroar|Intimidate|boost\n|-unboost|p2a: Archaludon|atk|1\n|-unboost|p2b: Gholdengo|atk|1\n|turn|8\n|inactive|SeaWolfMikess has 30 seconds left.\n|\n|t:|1732758077\n|switch|p2b: Incineroar|Incineroar, L50, M|90\/100\n|-ability|p2b: Incineroar|Intimidate|boost\n|-unboost|p1a: Ursaluna|atk|1\n|-unboost|p1b: Incineroar|atk|1\n|move|p2a: Archaludon|Protect|p2a: Archaludon\n|-singleturn|p2a: Archaludon|Protect\n|move|p1b: Incineroar|Fake Out|p2b: Incineroar\n|-damage|p2b: Incineroar|84\/100\n|move|p1a: Ursaluna|Vacuum Wave|p2a: Archaludon\n|-activate|p2a: Archaludon|move: Protect\n|\n|upkeep\n|turn|9\n|j| Xunyicaoawa\n|\n|t:|1732758092\n|-terastallize|p1a: Ursaluna|Ghost\n|move|p2b: Incineroar|Fake Out|p1b: Incineroar\n|-damage|p1b: Incineroar|73\/100\n|move|p1a: Ursaluna|Vacuum Wave|p2a: Archaludon\n|-supereffective|p2a: Archaludon\n|-damage|p2a: Archaludon|0 fnt\n|faint|p2a: Archaludon\n|cant|p1b: Incineroar|flinch\n|\n|upkeep\n|\n|t:|1732758110\n|switch|p2a: Gholdengo|Gholdengo, L50, tera:Fighting|4\/100\n|turn|10\n|j| raityangontyan\n|\n|t:|1732758122\n|move|p2a: Gholdengo|Protect|p2a: Gholdengo\n|-singleturn|p2a: Gholdengo|Protect\n|move|p1a: Ursaluna|Vacuum Wave|p2b: Incineroar\n|-supereffective|p2b: Incineroar\n|-damage|p2b: Incineroar|55\/100\n|move|p1b: Incineroar|Knock Off|p2a: Gholdengo\n|-activate|p2a: Gholdengo|move: Protect\n|move|p2b: Incineroar|Knock Off|p1a: Ursaluna\n|-supereffective|p1a: Ursaluna\n|-damage|p1a: Ursaluna|0 fnt\n|-enditem|p1a: Ursaluna|Assault Vest|[from] move: Knock Off|[of] p2b: Incineroar\n|faint|p1a: Ursaluna\n|\n|upkeep\n|turn|11\n|\n|t:|1732758145\n|move|p2a: Gholdengo|Make It Rain|p1b: Incineroar\n|-resisted|p1b: Incineroar\n|-damage|p1b: Incineroar|47\/100\n|-unboost|p2a: Gholdengo|spa|1\n|move|p1b: Incineroar|Knock Off|p2a: Gholdengo\n|-resisted|p2a: Gholdengo\n|-damage|p2a: Gholdengo|0 fnt\n|faint|p2a: Gholdengo\n|move|p2b: Incineroar|Flare Blitz|p1b: Incineroar\n|-resisted|p1b: Incineroar\n|-damage|p1b: Incineroar|25\/100\n|-damage|p2b: Incineroar|48\/100|[from] Recoil\n|\n|upkeep\n|\n|t:|1732758148\n|switch|p2a: Rillaboom|Rillaboom, L50, F|10\/100\n|-fieldstart|move: Grassy Terrain|[from] ability: Grassy Surge|[of] p2a: Rillaboom\n|turn|12\n|\n|t:|1732758150\n|move|p2a: Rillaboom|Fake Out|p1b: Incineroar\n|-damage|p1b: Incineroar|13\/100\n|cant|p1b: Incineroar|flinch\n|move|p2b: Incineroar|Flare Blitz|p1b: Incineroar\n|-resisted|p1b: Incineroar\n|-damage|p1b: Incineroar|0 fnt\n|faint|p1b: Incineroar\n|-damage|p2b: Incineroar|44\/100|[from] Recoil\n|\n|win|SeaWolfMikess\n|raw|elvegis1's rating: 1783 &rarr; <strong>1767<\/strong><br \/>(-16 for losing)\n|raw|SeaWolfMikess's rating: 1849 &rarr; <strong>1865<\/strong><br \/>(+16 for winning)\n|l|\u2606elvegis1\n|player|p1|\n|l|\u2606SeaWolfMikess\n|player|p2|\n","uploadtime":1732758358,"views":30,"formatid":"gen9vgc2024regh","rating":1767,"private":0,"password":null}