{"id":"gen9vgc2024regh-2252691572","format":"[Gen 9] VGC 2024 Reg H","players":["Djjwjwwjj","Riemann39"],"log":"|j|\u2606Djjwjwwjj\n|j|\u2606Riemann39\n|t:|1732790082\n|gametype|doubles\n|player|p1|Djjwjwwjj|266|1804\n|player|p2|Riemann39|lucas|1747\n|teamsize|p1|6\n|teamsize|p2|6\n|gen|9\n|tier|[Gen 9] VGC 2024 Reg H\n|rated|\n|rule|Species Clause: Limit one of each Pok\u00e9mon\n|rule|Item Clause: Limit 1 of each item\n|clearpoke\n|poke|p1|Palafin, L50, M|\n|poke|p1|Pelipper, L50, M|\n|poke|p1|Electabuzz, L50, F|\n|poke|p1|Rillaboom, L50, M|\n|poke|p1|Incineroar, L50, M|\n|poke|p1|Gholdengo, L50|\n|poke|p2|Incineroar, L50, M|\n|poke|p2|Dragonite, L50, F|\n|poke|p2|Rillaboom, L50, M|\n|poke|p2|Gholdengo, L50|\n|poke|p2|Ursaluna-Bloodmoon, L50, M|\n|poke|p2|Whimsicott, L50, F|\n|teampreview|4\n|inactive|Battle timer is ON: inactive players will automatically lose when time's up. (requested by Djjwjwwjj)\n|inactive|Djjwjwwjj has 60 seconds left.\n|\n|t:|1732790117\n|start\n|switch|p1a: Incineroar|Incineroar, L50, M|100\/100\n|switch|p1b: Gholdengo|Gholdengo, L50|100\/100\n|switch|p2a: Dragonite|Dragonite, L50, F|100\/100\n|switch|p2b: Ursaluna|Ursaluna-Bloodmoon, L50, M|100\/100\n|-ability|p1a: Incineroar|Intimidate|boost\n|-unboost|p2a: Dragonite|atk|1\n|-unboost|p2b: Ursaluna|atk|1\n|turn|1\n|\n|t:|1732790134\n|switch|p2b: Incineroar|Incineroar, L50, M|100\/100\n|-ability|p2b: Incineroar|Intimidate|boost\n|-unboost|p1a: Incineroar|atk|1\n|-unboost|p1b: Gholdengo|atk|1\n|move|p2a: Dragonite|Protect|p2a: Dragonite\n|-singleturn|p2a: Dragonite|Protect\n|move|p1a: Incineroar|Fake Out|p2a: Dragonite\n|-activate|p2a: Dragonite|move: Protect\n|move|p1b: Gholdengo|Make It Rain|p2a: Dragonite|[spread] p2b\n|-activate|p2a: Dragonite|move: Protect\n|-resisted|p2b: Incineroar\n|-damage|p2b: Incineroar|82\/100\n|-unboost|p1b: Gholdengo|spa|1\n|\n|upkeep\n|turn|2\n|inactive|Djjwjwwjj has 30 seconds left.\n|inactive|Djjwjwwjj has 20 seconds left.\n|inactive|Djjwjwwjj has 15 seconds left.\n|inactive|Djjwjwwjj has 10 seconds left.\n|inactive|Djjwjwwjj has 5 seconds left.\n|\n|t:|1732790187\n|move|p1b: Gholdengo|Protect|p1b: Gholdengo\n|-singleturn|p1b: Gholdengo|Protect\n|move|p2a: Dragonite|Low Kick|p1a: Incineroar\n|-supereffective|p1a: Incineroar\n|-damage|p1a: Incineroar|62\/100\n|move|p1a: Incineroar|Parting Shot|p2b: Incineroar\n|-unboost|p2b: Incineroar|atk|1\n|-unboost|p2b: Incineroar|spa|1\n|\n|t:|1732790196\n|switch|p1a: Electabuzz|Electabuzz, L50, F|100\/100|[from] Parting Shot\n|move|p2b: Incineroar|Knock Off|p1b: Gholdengo\n|-activate|p1b: Gholdengo|move: Protect\n|\n|upkeep\n|turn|3\n|\n|t:|1732790212\n|move|p1a: Electabuzz|Follow Me|p1a: Electabuzz\n|-singleturn|p1a: Electabuzz|move: Follow Me\n|move|p2a: Dragonite|Scale Shot|p1a: Electabuzz\n|-damage|p1a: Electabuzz|89\/100\n|-damage|p1a: Electabuzz|79\/100\n|-damage|p1a: Electabuzz|68\/100\n|-damage|p1a: Electabuzz|57\/100\n|-damage|p1a: Electabuzz|48\/100\n|-hitcount|p1a: Electabuzz|5\n|-unboost|p2a: Dragonite|def|1\n|-boost|p2a: Dragonite|spe|1\n|move|p1b: Gholdengo|Nasty Plot|p1b: Gholdengo\n|-boost|p1b: Gholdengo|spa|2\n|move|p2b: Incineroar|Knock Off|p1a: Electabuzz\n|-damage|p1a: Electabuzz|21\/100\n|-enditem|p1a: Electabuzz|Eviolite|[from] move: Knock Off|[of] p2b: Incineroar\n|\n|upkeep\n|turn|4\n|inactive|Djjwjwwjj has 30 seconds left.\n|\n|t:|1732790246\n|move|p1b: Gholdengo|Protect|p1b: Gholdengo\n|-singleturn|p1b: Gholdengo|Protect\n|move|p2a: Dragonite|Haze|p2a: Dragonite\n|-clearallboost\n|move|p1a: Electabuzz|Electroweb|p2a: Dragonite|[spread] p2a,p2b\n|-damage|p2a: Dragonite|93\/100\n|-damage|p2b: Incineroar|70\/100\n|-unboost|p2a: Dragonite|spe|1\n|-unboost|p2b: Incineroar|spe|1\n|move|p2b: Incineroar|Knock Off|p1b: Gholdengo\n|-activate|p1b: Gholdengo|move: Protect\n|\n|upkeep\n|turn|5\n|inactive|Djjwjwwjj has 30 seconds left.\n|\n|t:|1732790272\n|-terastallize|p1b: Gholdengo|Dragon\n|move|p2a: Dragonite|Protect|p2a: Dragonite\n|-singleturn|p2a: Dragonite|Protect\n|move|p1a: Electabuzz|Electroweb|p2a: Dragonite|[spread] p2b\n|-activate|p2a: Dragonite|move: Protect\n|-damage|p2b: Incineroar|56\/100\n|-unboost|p2b: Incineroar|spe|1\n|move|p1b: Gholdengo|Nasty Plot|p1b: Gholdengo\n|-boost|p1b: Gholdengo|spa|2\n|move|p2b: Incineroar|Knock Off|p1b: Gholdengo\n|-damage|p1b: Gholdengo|66\/100\n|-enditem|p1b: Gholdengo|Leftovers|[from] move: Knock Off|[of] p2b: Incineroar\n|\n|upkeep\n|turn|6\n|\n|t:|1732790289\n|switch|p2a: Rillaboom|Rillaboom, L50, M|100\/100\n|-fieldstart|move: Grassy Terrain|[from] ability: Grassy Surge|[of] p2a: Rillaboom\n|move|p1a: Electabuzz|Electroweb|p2a: Rillaboom|[spread] p2a,p2b\n|-resisted|p2a: Rillaboom\n|-damage|p2a: Rillaboom|93\/100\n|-damage|p2b: Incineroar|44\/100\n|-unboost|p2a: Rillaboom|spe|1\n|-unboost|p2b: Incineroar|spe|1\n|move|p1b: Gholdengo|Make It Rain|p2b: Incineroar|[spread] p2a,p2b\n|-resisted|p2b: Incineroar\n|-damage|p2a: Rillaboom|0 fnt\n|-damage|p2b: Incineroar|7\/100\n|-unboost|p1b: Gholdengo|spa|1\n|faint|p2a: Rillaboom\n|move|p2b: Incineroar|Knock Off|p1a: Electabuzz\n|-damage|p1a: Electabuzz|0 fnt\n|faint|p1a: Electabuzz\n|\n|-heal|p1b: Gholdengo|72\/100|[from] Grassy Terrain\n|-heal|p2b: Incineroar|13\/100|[from] Grassy Terrain\n|upkeep\n|inactive|Riemann39 has 30 seconds left.\n|\n|t:|1732790321\n|switch|p1a: Incineroar|Incineroar, L50, M|62\/100\n|switch|p2a: Dragonite|Dragonite, L50, F|93\/100\n|-ability|p1a: Incineroar|Intimidate|boost\n|-unboost|p2a: Dragonite|atk|1\n|-unboost|p2b: Incineroar|atk|1\n|turn|7\n|inactive|Djjwjwwjj has 30 seconds left.\n|\n|t:|1732790349\n|switch|p1a: Rillaboom|Rillaboom, L50, M|100\/100\n|move|p2a: Dragonite|Protect|p2a: Dragonite\n|-singleturn|p2a: Dragonite|Protect\n|move|p1b: Gholdengo|Shadow Ball|p2b: Incineroar\n|-resisted|p2b: Incineroar\n|-damage|p2b: Incineroar|0 fnt\n|faint|p2b: Incineroar\n|\n|-heal|p1b: Gholdengo|78\/100|[from] Grassy Terrain\n|upkeep\n|inactive|Riemann39 has 30 seconds left.\n|\n|t:|1732790376\n|switch|p2b: Ursaluna|Ursaluna-Bloodmoon, L50, M|100\/100\n|turn|8\n|\n|t:|1732790385\n|-terastallize|p2b: Ursaluna|Water\n|move|p1a: Rillaboom|Fake Out|p2a: Dragonite\n|-damage|p2a: Dragonite|78\/100\n|cant|p2a: Dragonite|flinch\n|move|p1b: Gholdengo|Make It Rain|p2a: Dragonite|[spread] p2a,p2b\n|-resisted|p2b: Ursaluna\n|-damage|p2a: Dragonite|0 fnt\n|-damage|p2b: Ursaluna|78\/100\n|-unboost|p1b: Gholdengo|spa|1\n|faint|p2a: Dragonite\n|move|p2b: Ursaluna|Blood Moon|p1b: Gholdengo\n|-damage|p1b: Gholdengo|2\/100\n|\n|-heal|p1b: Gholdengo|8\/100|[from] Grassy Terrain\n|-heal|p2b: Ursaluna|84\/100|[from] Grassy Terrain\n|upkeep\n|turn|9\n|\n|t:|1732790408\n|move|p2b: Ursaluna|Vacuum Wave|p1b: Gholdengo\n|-damage|p1b: Gholdengo|0 fnt\n|faint|p1b: Gholdengo\n|move|p1a: Rillaboom|Wood Hammer|p2b: Ursaluna\n|-supereffective|p2b: Ursaluna\n|-damage|p2b: Ursaluna|0 fnt\n|faint|p2b: Ursaluna\n|-damage|p1a: Rillaboom|73\/100|[from] Recoil\n|\n|win|Djjwjwwjj\n|raw|Djjwjwwjj's rating: 1804 &rarr; <strong>1822<\/strong><br \/>(+18 for winning)\n|raw|Riemann39's rating: 1775 &rarr; <strong>1757<\/strong><br \/>(-18 for losing)\n|l|\u2606Riemann39\n|player|p2|\n|l|\u2606Djjwjwwjj\n|player|p1|\n","uploadtime":1732790421,"views":11,"formatid":"gen9vgc2024regh","rating":1757,"private":0,"password":null}