{"id":"gen9vgc2024regh-2252067529","format":"[Gen 9] VGC 2024 Reg H","players":["qiyevgc","ren122333"],"log":"|j|\u2606qiyevgc\n|j|\u2606ren122333\n|t:|1732708768\n|gametype|doubles\n|player|p1|qiyevgc|2|1645\n|player|p2|ren122333|hilbert|1740\n|teamsize|p1|6\n|teamsize|p2|6\n|gen|9\n|tier|[Gen 9] VGC 2024 Reg H\n|rated|\n|rule|Species Clause: Limit one of each Pok\u00e9mon\n|rule|Item Clause: Limit 1 of each item\n|clearpoke\n|poke|p1|Dragonite, L50, F|\n|poke|p1|Gholdengo, L50|\n|poke|p1|Kingambit, L50, M|\n|poke|p1|Archaludon, L50, F|\n|poke|p1|Primarina, L50, M|\n|poke|p1|Rillaboom, L50, M|\n|poke|p2|Whimsicott, L50, F|\n|poke|p2|Mamoswine, L50, M|\n|poke|p2|Lycanroc-Dusk, L50, F|\n|poke|p2|Typhlosion-Hisui, L50, M|\n|poke|p2|Farigiraf, L50, M|\n|poke|p2|Mienshao, L50, M|\n|teampreview|4\n|\n|t:|1732708776\n|start\n|switch|p1a: Dragonite|Dragonite, L50, F|100\/100\n|switch|p1b: Gholdengo|Gholdengo, L50|100\/100\n|switch|p2a: Whimsicott|Whimsicott, L50, F|100\/100\n|switch|p2b: Mamoswine|Mamoswine, L50, M|100\/100\n|turn|1\n|inactive|Battle timer is ON: inactive players will automatically lose when time's up. (requested by ren122333)\n|j| ThatPelli\n|\n|t:|1732708793\n|switch|p1b: Primarina|Primarina, L50, M|100\/100\n|-terastallize|p2b: Mamoswine|Grass\n|-terastallize|p1a: Dragonite|Fairy\n|move|p2a: Whimsicott|Moonblast|p1b: Primarina\n|-damage|p1b: Primarina|69\/100\n|-unboost|p1b: Primarina|spa|1\n|move|p2b: Mamoswine|High Horsepower|p1b: Primarina\n|-damage|p1b: Primarina|7\/100\n|-enditem|p1b: Primarina|Sitrus Berry|[eat]\n|-heal|p1b: Primarina|32\/100|[from] item: Sitrus Berry\n|move|p1a: Dragonite|Scale Shot|p2b: Mamoswine\n|-damage|p2b: Mamoswine|84\/100\n|-damage|p2b: Mamoswine|68\/100\n|-damage|p2b: Mamoswine|50\/100\n|-damage|p2b: Mamoswine|33\/100\n|-hitcount|p2b: Mamoswine|4\n|-unboost|p1a: Dragonite|def|1\n|-boost|p1a: Dragonite|spe|1\n|\n|upkeep\n|turn|2\n|inactive|qiyevgc has 30 seconds left.\n|inactive|qiyevgc has 20 seconds left.\n|inactive|qiyevgc has 15 seconds left.\n|\n|t:|1732708834\n|move|p2a: Whimsicott|Tailwind|p2a: Whimsicott\n|-sidestart|p2: ren122333|move: Tailwind\n|move|p2b: Mamoswine|High Horsepower|p1a: Dragonite\n|-damage|p1a: Dragonite|58\/100\n|move|p1a: Dragonite|Scale Shot|p2b: Mamoswine\n|-damage|p2b: Mamoswine|15\/100\n|-damage|p2b: Mamoswine|0 fnt\n|faint|p2b: Mamoswine\n|-hitcount|p2: Mamoswine|2\n|-unboost|p1a: Dragonite|def|1\n|-boost|p1a: Dragonite|spe|1\n|move|p1b: Primarina|Moonblast|p2a: Whimsicott\n|-damage|p2a: Whimsicott|45\/100\n|\n|upkeep\n|\n|t:|1732708842\n|switch|p2b: Typhlosion|Typhlosion-Hisui, L50, M|100\/100\n|-item|p1a: Dragonite|Loaded Dice|[from] ability: Frisk|[of] p2b: Typhlosion\n|turn|3\n|\n|t:|1732708852\n|move|p1a: Dragonite|Protect|p1a: Dragonite\n|-singleturn|p1a: Dragonite|Protect\n|move|p2a: Whimsicott|Sunny Day|p2a: Whimsicott\n|-weather|SunnyDay\n|move|p2b: Typhlosion|Eruption|p1b: Primarina|[spread] p1b\n|-activate|p1a: Dragonite|move: Protect\n|-resisted|p1b: Primarina\n|-crit|p1b: Primarina\n|-damage|p1b: Primarina|0 fnt\n|faint|p1b: Primarina\n|\n|-weather|SunnyDay|[upkeep]\n|upkeep\n|\n|t:|1732708857\n|switch|p1b: Kingambit|Kingambit, L50, M|100\/100\n|turn|4\n|\n|t:|1732708871\n|switch|p2a: Farigiraf|Farigiraf, L50, M|100\/100\n|move|p1a: Dragonite|Extreme Speed||[still]\n|cant|p2a: Farigiraf|ability: Armor Tail|Extreme Speed|[of] p1a: Dragonite\n|move|p2b: Typhlosion|Eruption|p1a: Dragonite|[spread] p1a,p1b\n|-crit|p1a: Dragonite\n|-supereffective|p1b: Kingambit\n|-damage|p1a: Dragonite|0 fnt\n|-enditem|p1b: Kingambit|Focus Sash\n|-damage|p1b: Kingambit|1\/100\n|faint|p1a: Dragonite\n|move|p1b: Kingambit|Kowtow Cleave|p2b: Typhlosion\n|-supereffective|p2b: Typhlosion\n|-damage|p2b: Typhlosion|0 fnt\n|faint|p2b: Typhlosion\n|\n|-weather|SunnyDay|[upkeep]\n|upkeep\n|\n|t:|1732708880\n|switch|p2b: Whimsicott|Whimsicott, L50, F|45\/100\n|switch|p1a: Gholdengo|Gholdengo, L50|100\/100\n|turn|5\n|\n|t:|1732708889\n|move|p1b: Kingambit|Protect|p1b: Kingambit\n|-singleturn|p1b: Kingambit|Protect\n|move|p2b: Whimsicott|Moonblast|p1b: Kingambit\n|-activate|p1b: Kingambit|move: Protect\n|move|p1a: Gholdengo|Make It Rain|p2b: Whimsicott|[spread] p2a,p2b\n|-supereffective|p2b: Whimsicott\n|-damage|p2a: Farigiraf|43\/100\n|-damage|p2b: Whimsicott|0 fnt\n|-unboost|p1a: Gholdengo|spa|1\n|faint|p2b: Whimsicott\n|move|p2a: Farigiraf|Expanding Force|p1a: Gholdengo\n|-resisted|p1a: Gholdengo\n|-damage|p1a: Gholdengo|79\/100\n|\n|-weather|SunnyDay|[upkeep]\n|-sideend|p2: ren122333|move: Tailwind\n|upkeep\n|turn|6\n|\n|t:|1732708899\n|move|p1a: Gholdengo|Make It Rain|p2a: Farigiraf\n|-damage|p2a: Farigiraf|0 fnt\n|-unboost|p1a: Gholdengo|spa|1\n|faint|p2a: Farigiraf\n|\n|win|qiyevgc\n|raw|qiyevgc's rating: 1645 &rarr; <strong>1670<\/strong><br \/>(+25 for winning)\n|raw|ren122333's rating: 1740 &rarr; <strong>1715<\/strong><br \/>(-25 for losing)\n|l|\u2606ren122333\n|player|p2|\n|l|\u2606qiyevgc\n|player|p1|\n|l| ThatPelli\n","uploadtime":1732709054,"views":6,"formatid":"gen9vgc2024regh","rating":1670,"private":0,"password":null}