{"id":"gen9vgc2024regh-2252275167","format":"[Gen 9] VGC 2024 Reg H","players":["actuary97","Nerd159"],"log":"|j|\u2606actuary97\n|j|\u2606Nerd159\n|t:|1732732531\n|gametype|doubles\n|player|p1|actuary97|sabrina-frlg|1803\n|player|p2|Nerd159|102|1794\n|teamsize|p1|6\n|teamsize|p2|6\n|gen|9\n|tier|[Gen 9] VGC 2024 Reg H\n|rated|\n|rule|Species Clause: Limit one of each Pok\u00e9mon\n|rule|Item Clause: Limit 1 of each item\n|clearpoke\n|poke|p1|Whimsicott, L50, F|\n|poke|p1|Gallade, L50, M|\n|poke|p1|Archaludon, L50, F|\n|poke|p1|Malamar, L50, F|\n|poke|p1|Indeedee, L50, M|\n|poke|p1|Drifblim, L50, M|\n|poke|p2|Gholdengo, L50|\n|poke|p2|Indeedee, L50, M|\n|poke|p2|Delphox, L50, F|\n|poke|p2|Murkrow, L50, F|\n|poke|p2|Clodsire, L50, F|\n|poke|p2|Decidueye-Hisui, L50, F|\n|teampreview|4\n|c|\u2606actuary97|clod!!!\nactuary97 has agreed to open team sheets.\n|c|\u2606actuary97|cool team glhf\n|inactive|Battle timer is ON: inactive players will automatically lose when time's up. (requested by Nerd159)\n|\n|t:|1732732587\n|start\n|switch|p1a: Mischief Mother|Whimsicott, L50, F, shiny|100\/100\n|switch|p1b: Bridget|Archaludon, L50, F, shiny|100\/100\n|switch|p2a: Gholdengo|Gholdengo, L50|100\/100\n|switch|p2b: Murkrow|Murkrow, L50, F|100\/100\n|turn|1\n|c|\u2606Nerd159|Glhf\n|c|\u2606Nerd159|Clod is my trick room counter\n|c|\u2606actuary97|ohh very cool\n|inactive|Nerd159 has 30 seconds left.\n|c|\u2606Nerd159|So far its been very good at what it does\n|c|\u2606actuary97|offensive?\n|inactive|Nerd159 has 20 seconds left.\n|inactive|Nerd159 has 15 seconds left.\n|\n|t:|1732732628\n|-terastallize|p2b: Murkrow|Ghost\n|move|p1a: Mischief Mother|Moonblast|p2b: Murkrow\n|-damage|p2b: Murkrow|60\/100\n|move|p2b: Murkrow|Snarl|p1a: Mischief Mother|[spread] p1a,p1b\n|-resisted|p1a: Mischief Mother\n|-damage|p1a: Mischief Mother|89\/100\n|-damage|p1b: Bridget|92\/100\n|-unboost|p1a: Mischief Mother|spa|1\n|-unboost|p1b: Bridget|spa|1\n|-ability|p1b: Bridget|Stamina|boost\n|-boost|p1b: Bridget|def|1\n|move|p2a: Gholdengo|Shadow Ball|p1a: Mischief Mother\n|-damage|p1a: Mischief Mother|0 fnt\n|faint|p1a: Mischief Mother\n|move|p1b: Bridget|Flash Cannon|p2b: Murkrow\n|-damage|p2b: Murkrow|32\/100\n|\n|upkeep\n|\n|t:|1732732647\n|switch|p1a: Tapu Deedee|Indeedee, L50, M, shiny|100\/100\n|-fieldstart|move: Psychic Terrain|[from] ability: Psychic Surge|[of] p1a: Tapu Deedee\n|turn|2\n|\n|t:|1732732659\n|-terastallize|p1a: Tapu Deedee|Fire\n|move|p1a: Tapu Deedee|Tera Blast|p2a: Gholdengo|[anim] Tera Blast Fire\n|-supereffective|p2a: Gholdengo\n|-damage|p2a: Gholdengo|0 fnt\n|faint|p2a: Gholdengo\n|move|p2b: Murkrow|Snarl|p1a: Tapu Deedee|[spread] p1a,p1b\n|-damage|p1a: Tapu Deedee|81\/100\n|-damage|p1b: Bridget|84\/100\n|-unboost|p1a: Tapu Deedee|spa|1\n|-unboost|p1b: Bridget|spa|1\n|-ability|p1b: Bridget|Stamina|boost\n|-boost|p1b: Bridget|def|1\n|move|p1b: Bridget|Flash Cannon|p2b: Murkrow\n|-damage|p2b: Murkrow|11\/100\n|\n|upkeep\n|\n|t:|1732732670\n|switch|p2a: Delphox|Delphox, L50, F|100\/100\n|turn|3\n|\n|t:|1732732679\n|switch|p1a: \u2694\ufe0fKing\u2694\ufe0f|Gallade, L50, M, shiny|100\/100\n|move|p2b: Murkrow|Tailwind|p2b: Murkrow\n|-sidestart|p2: Nerd159|move: Tailwind\n|move|p2a: Delphox|Expanding Force|p1a: \u2694\ufe0fKing\u2694\ufe0f|[spread] p1a,p1b\n|-resisted|p1b: Bridget\n|-damage|p1a: \u2694\ufe0fKing\u2694\ufe0f|21\/100\n|-damage|p1b: Bridget|60\/100\n|-ability|p1b: Bridget|Stamina|boost\n|-boost|p1b: Bridget|def|1\n|-damage|p2a: Delphox|91\/100|[from] item: Life Orb\n|move|p1b: Bridget|Snarl|p2b: Murkrow|[spread] p2a,p2b\n|-supereffective|p2a: Delphox\n|-supereffective|p2b: Murkrow\n|-damage|p2a: Delphox|76\/100\n|-damage|p2b: Murkrow|0 fnt\n|-unboost|p2a: Delphox|spa|1\n|faint|p2b: Murkrow\n|\n|upkeep\n|\n|t:|1732732682\n|switch|p2b: Indeedee|Indeedee, L50, M|100\/100\n|turn|4\n|\n|t:|1732732695\n|move|p1a: \u2694\ufe0fKing\u2694\ufe0f|Protect|p1a: \u2694\ufe0fKing\u2694\ufe0f\n|-singleturn|p1a: \u2694\ufe0fKing\u2694\ufe0f|Protect\n|move|p2a: Delphox|Heat Wave|p1b: Bridget|[spread] p1b\n|-activate|p1a: \u2694\ufe0fKing\u2694\ufe0f|move: Protect\n|-damage|p1b: Bridget|42\/100\n|-ability|p1b: Bridget|Stamina|boost\n|-boost|p1b: Bridget|def|1\n|-damage|p2a: Delphox|67\/100|[from] item: Life Orb\n|move|p2b: Indeedee|Expanding Force|p1b: Bridget|[spread] p1b\n|-activate|p1a: \u2694\ufe0fKing\u2694\ufe0f|move: Protect\n|-resisted|p1b: Bridget\n|-damage|p1b: Bridget|22\/100\n|-ability|p1b: Bridget|Stamina|boost\n|-boost|p1b: Bridget|def|1\n|move|p1b: Bridget|Body Press|p2b: Indeedee\n|-enditem|p2b: Indeedee|Focus Sash\n|-damage|p2b: Indeedee|1\/100\n|\n|upkeep\n|turn|5\n|c|\u2606Nerd159|Going to be cloae\n|\n|t:|1732732709\n|move|p2a: Delphox|Heat Wave|p1a: \u2694\ufe0fKing\u2694\ufe0f|[spread] p1b\n|-miss|p2a: Delphox|p1a: \u2694\ufe0fKing\u2694\ufe0f\n|-damage|p1b: Bridget|2\/100\n|-ability|p1b: Bridget|Stamina|boost\n|-boost|p1b: Bridget|def|1\n|-damage|p2a: Delphox|58\/100|[from] item: Life Orb\n|move|p2b: Indeedee|Expanding Force|p1b: Bridget|[spread] p1a,p1b\n|-resisted|p1b: Bridget\n|-damage|p1a: \u2694\ufe0fKing\u2694\ufe0f|0 fnt\n|-damage|p1b: Bridget|0 fnt\n|faint|p1a: \u2694\ufe0fKing\u2694\ufe0f\n|faint|p1b: Bridget\n|\n|upkeep\n|c|\u2606Nerd159|Close\n|\n|t:|1732732712\n|switch|p1b: Tapu Deedee|Indeedee, L50, M, shiny, tera:Fire|81\/100\n|turn|6\n|\n|t:|1732732718\n|move|p2a: Delphox|Expanding Force|p1b: Tapu Deedee\n|-damage|p1b: Tapu Deedee|0 fnt\n|faint|p1b: Tapu Deedee\n|-damage|p2a: Delphox|48\/100|[from] item: Life Orb\n|\n|win|Nerd159\n|raw|actuary97's rating: 1803 &rarr; <strong>1782<\/strong><br \/>(-21 for losing)\n|raw|Nerd159's rating: 1794 &rarr; <strong>1815<\/strong><br \/>(+21 for winning)\n|c|\u2606Nerd159|Gg\n|c|\u2606actuary97|gg\n|c|\u2606actuary97|unique crow\n|c|\u2606Nerd159|I really like this team rbh\n|c|\u2606actuary97|yeah it's very cool\n|c|\u2606Nerd159|A lot of unique components that actualy work\n|c|\u2606actuary97|yeah psyspam fast mode is what I swear by\n|l|\u2606Nerd159\n|player|p2|\n|c|\u2606actuary97|I got this team rank 1 a few weeks back\n|l|\u2606actuary97\n|player|p1|\n","uploadtime":1732732738,"views":25,"formatid":"gen9vgc2024regh","rating":1782,"private":0,"password":null}