{"id":"gen9vgc2024regh-2252254311","format":"[Gen 9] VGC 2024 Reg H","players":["davistar11","BestGeoDuck"],"log":"|j|\u2606davistar11\n|j|\u2606BestGeoDuck\n|t:|1732730388\n|gametype|doubles\n|player|p1|davistar11|unknown|1691\n|player|p2|BestGeoDuck|waiter-gen4dp|1645\n|teamsize|p1|6\n|teamsize|p2|6\n|gen|9\n|tier|[Gen 9] VGC 2024 Reg H\n|rated|\n|rule|Species Clause: Limit one of each Pok\u00e9mon\n|rule|Item Clause: Limit 1 of each item\n|clearpoke\n|poke|p1|Quaquaval, L50, M|\n|poke|p1|Amoonguss, L50, F|\n|poke|p1|Kingambit, L50, M|\n|poke|p1|Maushold, L50|\n|poke|p1|Archaludon, L50, M|\n|poke|p1|Pelipper, L50, M|\n|poke|p2|Ursaluna-Bloodmoon, L50, M|\n|poke|p2|Murkrow, L50, M|\n|poke|p2|Annihilape, L50, M|\n|poke|p2|Typhlosion-Hisui, L50, F|\n|poke|p2|Indeedee, L50, M|\n|poke|p2|Dragonite, L50, F|\n|teampreview|4\n|inactive|Battle timer is ON: inactive players will automatically lose when time's up. (requested by davistar11)\ndavistar11 rejected open team sheets.\n|inactive|BestGeoDuck has 60 seconds left.\n|\n|t:|1732730435\n|start\n|switch|p1a: Kingambit|Kingambit, L50, M|100\/100\n|switch|p1b: Maushold|Maushold, L50, shiny|100\/100\n|switch|p2a: Murkrow|Murkrow, L50, M|100\/100\n|switch|p2b: Typhlosion|Typhlosion-Hisui, L50, F|100\/100\n|turn|1\n|\n|t:|1732730449\n|-terastallize|p1a: Kingambit|Flying\n|move|p1b: Maushold|Protect|p1b: Maushold\n|-singleturn|p1b: Maushold|Protect\n|move|p2b: Typhlosion|Protect|p2b: Typhlosion\n|-singleturn|p2b: Typhlosion|Protect\n|move|p2a: Murkrow|Tailwind|p2a: Murkrow\n|-sidestart|p2: BestGeoDuck|move: Tailwind\n|move|p1a: Kingambit|Kowtow Cleave|p2b: Typhlosion\n|-activate|p2b: Typhlosion|move: Protect\n|\n|upkeep\n|turn|2\n|inactive|BestGeoDuck has 30 seconds left.\n|\n|t:|1732730483\n|-terastallize|p2b: Typhlosion|Fire\n|move|p2a: Murkrow|Sunny Day|p2a: Murkrow\n|-weather|SunnyDay\n|move|p1a: Kingambit|Sucker Punch|p2b: Typhlosion\n|-damage|p2b: Typhlosion|49\/100\n|move|p2b: Typhlosion|Eruption|p1a: Kingambit|[spread] p1a,p1b\n|-damage|p1a: Kingambit|54\/100\n|-damage|p1b: Maushold|0 fnt\n|faint|p1b: Maushold\n|\n|-weather|SunnyDay|[upkeep]\n|upkeep\n|\n|t:|1732730501\n|switch|p1b: Archaludon|Archaludon, L50, M|100\/100\n|turn|3\n|\n|t:|1732730517\n|move|p2b: Typhlosion|Protect|p2b: Typhlosion\n|-singleturn|p2b: Typhlosion|Protect\n|move|p1a: Kingambit|Sucker Punch||[still]\n|-fail|p1a: Kingambit\n|move|p2a: Murkrow|Foul Play|p1a: Kingambit\n|-damage|p1a: Kingambit|13\/100\n|move|p1b: Archaludon|Electro Shot||[still]\n|-prepare|p1b: Archaludon|Electro Shot\n|-boost|p1b: Archaludon|spa|1\n|-enditem|p1b: Archaludon|Power Herb\n|-anim|p1b: Archaludon|Electro Shot|p2a: Murkrow\n|-supereffective|p2a: Murkrow\n|-damage|p2a: Murkrow|0 fnt\n|faint|p2a: Murkrow\n|\n|-weather|SunnyDay|[upkeep]\n|upkeep\n|\n|t:|1732730536\n|switch|p2a: Ursaluna|Ursaluna-Bloodmoon, L50, M|100\/100\n|turn|4\n|\n|t:|1732730543\n|switch|p2b: Annihilape|Annihilape, L50, M|100\/100\n|move|p1b: Archaludon|Protect|p1b: Archaludon\n|-singleturn|p1b: Archaludon|Protect\n|move|p1a: Kingambit|Sucker Punch||[still]\n|-fail|p1a: Kingambit\n|move|p2a: Ursaluna|Hyper Voice|p1b: Archaludon|[spread] p1a\n|-activate|p1b: Archaludon|move: Protect\n|-damage|p1a: Kingambit|0 fnt\n|faint|p1a: Kingambit\n|-enditem|p2a: Ursaluna|Throat Spray\n|-boost|p2a: Ursaluna|spa|1|[from] item: Throat Spray\n|\n|-weather|SunnyDay|[upkeep]\n|-sideend|p2: BestGeoDuck|move: Tailwind\n|upkeep\n|\n|t:|1732730551\n|switch|p1a: Pelipper|Pelipper, L50, M|100\/100\n|-weather|RainDance|[from] ability: Drizzle|[of] p1a: Pelipper\n|turn|5\n|j| WattoVGC\n|\n|t:|1732730570\n|move|p1a: Pelipper|Hurricane|p2b: Annihilape\n|-supereffective|p2b: Annihilape\n|-damage|p2b: Annihilape|45\/100\n|move|p1b: Archaludon|Electro Shot||[still]\n|-prepare|p1b: Archaludon|Electro Shot\n|-boost|p1b: Archaludon|spa|1\n|-anim|p1b: Archaludon|Electro Shot|p2b: Annihilape\n|-damage|p2b: Annihilape|0 fnt\n|faint|p2b: Annihilape\n|move|p2a: Ursaluna|Earth Power|p1b: Archaludon\n|-supereffective|p1b: Archaludon\n|-ability|p1b: Archaludon|Sturdy\n|-damage|p1b: Archaludon|1\/100\n|\n|-weather|RainDance|[upkeep]\n|upkeep\n|\n|t:|1732730582\n|switch|p2b: Typhlosion|Typhlosion-Hisui, L50, F, tera:Fire|49\/100\n|turn|6\n|\n|t:|1732730592\n|move|p1b: Archaludon|Protect|p1b: Archaludon\n|-singleturn|p1b: Archaludon|Protect\n|move|p2b: Typhlosion|Protect|p2b: Typhlosion\n|-singleturn|p2b: Typhlosion|Protect\n|move|p1a: Pelipper|Hurricane|p2b: Typhlosion\n|-activate|p2b: Typhlosion|move: Protect\n|move|p2a: Ursaluna|Hyper Voice|p1b: Archaludon|[spread] p1a\n|-activate|p1b: Archaludon|move: Protect\n|-damage|p1a: Pelipper|0 fnt\n|faint|p1a: Pelipper\n|\n|-weather|RainDance|[upkeep]\n|upkeep\n|turn|7\n|\n|t:|1732730610\n|move|p1b: Archaludon|Aura Sphere|p2a: Ursaluna\n|-supereffective|p2a: Ursaluna\n|-damage|p2a: Ursaluna|0 fnt\n|faint|p2a: Ursaluna\n|move|p2b: Typhlosion|Shadow Ball|p1b: Archaludon\n|-damage|p1b: Archaludon|0 fnt\n|faint|p1b: Archaludon\n|\n|win|BestGeoDuck\n|raw|davistar11's rating: 1691 &rarr; <strong>1668<\/strong><br \/>(-23 for losing)\n|raw|BestGeoDuck's rating: 1645 &rarr; <strong>1668<\/strong><br \/>(+23 for winning)\n|l|\u2606davistar11\n|player|p1|\n|l|\u2606BestGeoDuck\n|player|p2|\n|l| WattoVGC\n","uploadtime":1732730873,"views":4,"formatid":"gen9vgc2024regh","rating":1668,"private":0,"password":null}