{"id":"gen9vgc2024regh-2252344010","format":"[Gen 9] VGC 2024 Reg H","players":["zip520520","playthreerthree"],"log":"|j|\u2606zip520520\n|j|\u2606playthreerthree\n|t:|1732739816\n|gametype|doubles\n|player|p1|zip520520|266|1686\n|player|p2|playthreerthree|caitlin|1684\n|teamsize|p1|6\n|teamsize|p2|6\n|gen|9\n|tier|[Gen 9] VGC 2024 Reg H\n|rated|\n|rule|Species Clause: Limit one of each Pok\u00e9mon\n|rule|Item Clause: Limit 1 of each item\n|clearpoke\n|poke|p1|Volcarona, L50, M|\n|poke|p1|Whimsicott, L50, M|\n|poke|p1|Sneasler, L50, M|\n|poke|p1|Indeedee, L50, M|\n|poke|p1|Electabuzz, L50, F|\n|poke|p1|Ursaluna-Bloodmoon, L50, M|\n|poke|p2|Dragonite, L50, F|\n|poke|p2|Annihilape, L50, F|\n|poke|p2|Porygon2, L50|\n|poke|p2|Incineroar, L50, M|\n|poke|p2|Ursaluna, L50, M|\n|poke|p2|Gholdengo, L50|\n|teampreview|4\n|inactive|Battle timer is ON: inactive players will automatically lose when time's up. (requested by playthreerthree)\n|inactive|zip520520 also wants the timer to be on.\n|\n|t:|1732739846\n|start\n|switch|p1a: Electabuzz|Electabuzz, L50, F|100\/100\n|switch|p1b: Ursaluna|Ursaluna-Bloodmoon, L50, M|100\/100\n|switch|p2a: Dragonite|Dragonite, L50, F|100\/100\n|switch|p2b: Ursaluna|Ursaluna, L50, M|100\/100\n|turn|1\n|\n|t:|1732739859\n|switch|p2a: Incineroar|Incineroar, L50, M|100\/100\n|-ability|p2a: Incineroar|Intimidate|boost\n|-unboost|p1a: Electabuzz|atk|1\n|-unboost|p1b: Ursaluna|atk|1\n|-terastallize|p1b: Ursaluna|Normal\n|move|p2b: Ursaluna|Protect|p2b: Ursaluna\n|-singleturn|p2b: Ursaluna|Protect\n|move|p1a: Electabuzz|Electroweb|p2a: Incineroar|[spread] \n|-activate|p2b: Ursaluna|move: Protect\n|-miss|p1a: Electabuzz|p2a: Incineroar\n|move|p1b: Ursaluna|Blood Moon|p2a: Incineroar\n|-damage|p2a: Incineroar|0 fnt\n|faint|p2a: Incineroar\n|-damage|p1b: Ursaluna|91\/100|[from] item: Life Orb\n|\n|-status|p2b: Ursaluna|brn|[from] item: Flame Orb\n|upkeep\n|\n|t:|1732739874\n|switch|p2a: Dragonite|Dragonite, L50, F|100\/100\n|turn|2\n|\n|t:|1732739885\n|move|p1a: Electabuzz|Taunt|p2a: Dragonite\n|-start|p2a: Dragonite|move: Taunt\n|cant|p2a: Dragonite|move: Taunt|Haze\n|move|p1b: Ursaluna|Hyper Voice|p2b: Ursaluna|[spread] p2a,p2b\n|-damage|p2a: Dragonite|62\/100\n|-damage|p2b: Ursaluna|33\/100 brn\n|-damage|p1b: Ursaluna|81\/100|[from] item: Life Orb\n|move|p2b: Ursaluna|Earthquake|p1a: Electabuzz|[spread] p1a,p1b\n|-immune|p2a: Dragonite\n|-supereffective|p1a: Electabuzz\n|-damage|p1a: Electabuzz|0 fnt\n|-damage|p1b: Ursaluna|30\/100\n|faint|p1a: Electabuzz\n|\n|-damage|p2b: Ursaluna|27\/100 brn|[from] brn\n|upkeep\n|\n|t:|1732739903\n|switch|p1a: Indeedee|Indeedee, L50, M|100\/100\n|-fieldstart|move: Psychic Terrain|[from] ability: Psychic Surge|[of] p1a: Indeedee\n|turn|3\n|\n|t:|1732739924\n|move|p2b: Ursaluna|Protect|p2b: Ursaluna\n|-singleturn|p2b: Ursaluna|Protect\n|move|p1a: Indeedee|Expanding Force|p2b: Ursaluna|[spread] p2a\n|-activate|p2b: Ursaluna|move: Protect\n|-damage|p2a: Dragonite|5\/100\n|move|p2a: Dragonite|Scale Shot|p1a: Indeedee\n|-damage|p1a: Indeedee|67\/100\n|-crit|p1a: Indeedee\n|-damage|p1a: Indeedee|20\/100\n|-damage|p1a: Indeedee|0 fnt\n|faint|p1a: Indeedee\n|-hitcount|p1: Indeedee|3\n|-unboost|p2a: Dragonite|def|1\n|-boost|p2a: Dragonite|spe|1\n|move|p1b: Ursaluna|Hyper Voice|p2b: Ursaluna|[spread] p2a\n|-activate|p2b: Ursaluna|move: Protect\n|-damage|p2a: Dragonite|0 fnt\n|faint|p2a: Dragonite\n|-damage|p1b: Ursaluna|21\/100|[from] item: Life Orb\n|\n|-damage|p2b: Ursaluna|20\/100 brn|[from] brn\n|upkeep\n|\n|t:|1732739948\n|switch|p1a: Sneasler|Sneasler, L50, M|100\/100\n|switch|p2a: Porygon2|Porygon2, L50|100\/100\n|-enditem|p1a: Sneasler|Psychic Seed\n|-boost|p1a: Sneasler|spd|1|[from] item: Psychic Seed\n|-ability|p2a: Porygon2|Download|boost\n|-boost|p2a: Porygon2|atk|1\n|turn|4\n|\n|t:|1732739965\n|-terastallize|p2a: Porygon2|Flying\n|move|p1a: Sneasler|Close Combat|p2a: Porygon2\n|-resisted|p2a: Porygon2\n|-damage|p2a: Porygon2|84\/100\n|-unboost|p1a: Sneasler|def|1\n|-unboost|p1a: Sneasler|spd|1\n|move|p1b: Ursaluna|Hyper Voice|p2b: Ursaluna|[spread] p2a,p2b\n|-damage|p2a: Porygon2|36\/100\n|-damage|p2b: Ursaluna|0 fnt\n|faint|p2b: Ursaluna\n|-damage|p1b: Ursaluna|11\/100|[from] item: Life Orb\n|move|p2a: Porygon2|Trick Room|p2a: Porygon2\n|-fieldstart|move: Trick Room|[of] p2a: Porygon2\n|\n|upkeep\n|turn|5\n|\n|t:|1732739987\n|move|p2a: Porygon2|Ice Beam|p1b: Ursaluna\n|-damage|p1b: Ursaluna|0 fnt\n|faint|p1b: Ursaluna\n|move|p1a: Sneasler|Dire Claw|p2a: Porygon2\n|-damage|p2a: Porygon2|15\/100\n|-status|p2a: Porygon2|slp\n|\n|upkeep\n|turn|6\n|\n|t:|1732739998\n|cant|p2a: Porygon2|slp\n|move|p1a: Sneasler|Dire Claw|p2a: Porygon2\n|-damage|p2a: Porygon2|0 fnt\n|faint|p2a: Porygon2\n|\n|win|zip520520\n|raw|zip520520's rating: 1686 &rarr; <strong>1706<\/strong><br \/>(+20 for winning)\n|raw|playthreerthree's rating: 1684 &rarr; <strong>1664<\/strong><br \/>(-20 for losing)\n|l|\u2606playthreerthree\n|player|p2|\n|l|\u2606zip520520\n|player|p1|\n","uploadtime":1732740136,"views":15,"formatid":"gen9vgc2024regh","rating":1664,"private":0,"password":null}