{"id":"gen9vgc2024regh-2252052677","format":"[Gen 9] VGC 2024 Reg H","players":["ren122333","Nerd159"],"log":"|j|\u2606ren122333\n|j|\u2606Nerd159\n|t:|1732706524\n|gametype|doubles\n|player|p1|ren122333|hilbert|1767\n|player|p2|Nerd159|101|1760\n|teamsize|p1|6\n|teamsize|p2|6\n|gen|9\n|tier|[Gen 9] VGC 2024 Reg H\n|rated|\n|rule|Species Clause: Limit one of each Pok\u00e9mon\n|rule|Item Clause: Limit 1 of each item\n|clearpoke\n|poke|p1|Whimsicott, L50, M|\n|poke|p1|Mamoswine, L50, F|\n|poke|p1|Lycanroc-Dusk, L50, F|\n|poke|p1|Typhlosion-Hisui, L50, M|\n|poke|p1|Farigiraf, L50, F|\n|poke|p1|Mienshao, L50, F|\n|poke|p2|Gholdengo, L50|\n|poke|p2|Indeedee, L50, M|\n|poke|p2|Delphox, L50, M|\n|poke|p2|Murkrow, L50, M|\n|poke|p2|Clodsire, L50, F|\n|poke|p2|Decidueye-Hisui, L50, M|\n|teampreview|4\n|inactive|Battle timer is ON: inactive players will automatically lose when time's up. (requested by ren122333)\n|j| mr pogostick\n|\n|t:|1732706544\n|start\n|switch|p1a: Whimsicott|Whimsicott, L50, M|100\/100\n|switch|p1b: Lycanroc|Lycanroc-Dusk, L50, F, shiny|100\/100\n|switch|p2a: Indeedee|Indeedee, L50, M|100\/100\n|switch|p2b: Murkrow|Murkrow, L50, M|100\/100\n|-fieldstart|move: Psychic Terrain|[from] ability: Psychic Surge|[of] p2a: Indeedee\n|turn|1\n|\n|t:|1732706563\n|switch|p2b: Gholdengo|Gholdengo, L50|100\/100\n|-terastallize|p1b: Lycanroc|Stellar\n|move|p1a: Whimsicott|Tailwind|p1a: Whimsicott\n|-sidestart|p1: ren122333|move: Tailwind\n|move|p1b: Lycanroc|Rock Slide|p2a: Indeedee|[spread] p2a,p2b\n|-resisted|p2b: Gholdengo\n|-enditem|p2a: Indeedee|Focus Sash\n|-damage|p2a: Indeedee|1\/100\n|-damage|p2b: Gholdengo|69\/100\n|cant|p2a: Indeedee|flinch\n|\n|upkeep\n|turn|2\n|c|\u2606Nerd159|Damn\n|\n|t:|1732706579\n|move|p2a: Indeedee|Protect|p2a: Indeedee\n|-singleturn|p2a: Indeedee|Protect\n|move|p1a: Whimsicott|Moonblast|p2b: Gholdengo\n|-resisted|p2b: Gholdengo\n|-damage|p2b: Gholdengo|49\/100\n|move|p1b: Lycanroc|Rock Slide|p2b: Gholdengo|[spread] p2b\n|-activate|p2a: Indeedee|move: Protect\n|-resisted|p2b: Gholdengo\n|-damage|p2b: Gholdengo|25\/100\n|move|p2b: Gholdengo|Make It Rain|p1a: Whimsicott|[spread] p1a,p1b\n|-supereffective|p1a: Whimsicott\n|-supereffective|p1b: Lycanroc\n|-enditem|p1a: Whimsicott|Focus Sash\n|-damage|p1a: Whimsicott|1\/100\n|-damage|p1b: Lycanroc|0 fnt\n|-unboost|p2b: Gholdengo|spa|1\n|faint|p1b: Lycanroc\n|\n|upkeep\n|\n|t:|1732706591\n|switch|p1b: Mienshao|Mienshao, L50, F|100\/100\n|turn|3\n|\n|t:|1732706598\n|move|p1a: Whimsicott|Moonblast|p2a: Indeedee\n|-damage|p2a: Indeedee|0 fnt\n|faint|p2a: Indeedee\n|move|p1b: Mienshao|Knock Off|p2b: Gholdengo\n|-supereffective|p2b: Gholdengo\n|-damage|p2b: Gholdengo|0 fnt\n|-enditem|p2b: Gholdengo|Choice Specs|[from] move: Knock Off|[of] p1b: Mienshao\n|faint|p2b: Gholdengo\n|-damage|p1b: Mienshao|91\/100|[from] item: Life Orb\n|\n|upkeep\n|\n|t:|1732706601\n|switch|p2a: Murkrow|Murkrow, L50, M|100\/100\n|switch|p2b: Delphox|Delphox, L50, M|100\/100\n|turn|4\n|\n|t:|1732706613\n|-terastallize|p2b: Delphox|Fighting\n|move|p2a: Murkrow|Tailwind|p2a: Murkrow\n|-sidestart|p2: Nerd159|move: Tailwind\n|move|p1a: Whimsicott|Moonblast|p2a: Murkrow\n|-supereffective|p2a: Murkrow\n|-crit|p2a: Murkrow\n|-damage|p2a: Murkrow|0 fnt\n|faint|p2a: Murkrow\n|move|p1b: Mienshao|Knock Off|p2b: Delphox\n|-resisted|p2b: Delphox\n|-crit|p2b: Delphox\n|-damage|p2b: Delphox|51\/100\n|-enditem|p2b: Delphox|Life Orb|[from] move: Knock Off|[of] p1b: Mienshao\n|-damage|p1b: Mienshao|81\/100|[from] item: Life Orb\n|move|p2b: Delphox|Expanding Force|p1a: Whimsicott|[spread] p1a,p1b\n|-supereffective|p1b: Mienshao\n|-damage|p1a: Whimsicott|0 fnt\n|-damage|p1b: Mienshao|0 fnt\n|faint|p1a: Whimsicott\n|faint|p1b: Mienshao\n|\n|-sideend|p1: ren122333|move: Tailwind\n|upkeep\n|\n|t:|1732706623\n|switch|p1b: Typhlosion|Typhlosion-Hisui, L50, M|100\/100\n|turn|5\n|\n|t:|1732706628\n|move|p2b: Delphox|Expanding Force|p1b: Typhlosion\n|-damage|p1b: Typhlosion|0 fnt\n|faint|p1b: Typhlosion\n|\n|win|Nerd159\n|raw|ren122333's rating: 1767 &rarr; <strong>1747<\/strong><br \/>(-20 for losing)\n|raw|Nerd159's rating: 1760 &rarr; <strong>1780<\/strong><br \/>(+20 for winning)\n|j| I_Give_No_Golducks\n|l|\u2606ren122333\n|player|p1|\n|c|\u2606Nerd159|Gg\n|j| qiyevgc\n|l| qiyevgc\n|l|\u2606Nerd159\n|player|p2|\n|l| I_Give_No_Golducks\n|l| mr pogostick\n","uploadtime":1732706821,"views":13,"formatid":"gen9vgc2024regh","rating":1747,"private":0,"password":null}