{"id":"gen9vgc2024regh-2252622419","format":"[Gen 9] VGC 2024 Reg H","players":["dayron91","bman311"],"log":"|j|\u2606dayron91\n|j|\u2606bman311\n|t:|1732777663\n|gametype|doubles\n|player|p1|dayron91|dragontamer|1759\n|player|p2|bman311|2|1685\n|teamsize|p1|6\n|teamsize|p2|6\n|gen|9\n|tier|[Gen 9] VGC 2024 Reg H\n|rated|\n|rule|Species Clause: Limit one of each Pok\u00e9mon\n|rule|Item Clause: Limit 1 of each item\n|clearpoke\n|poke|p1|Archaludon, L50, M|\n|poke|p1|Whimsicott, L50, F|\n|poke|p1|Incineroar, L50, M|\n|poke|p1|Ursaluna-Bloodmoon, L50, M|\n|poke|p1|Basculegion, L50, M|\n|poke|p1|Annihilape, L50, F|\n|poke|p2|Rillaboom, L50, M|\n|poke|p2|Primarina, L50, M|\n|poke|p2|Sneasler, L50, M|\n|poke|p2|Dragapult, L50, M|\n|poke|p2|Kingambit, L50, M|\n|poke|p2|Magmar, L50, F|\n|teampreview|4\n|inactive|Battle timer is ON: inactive players will automatically lose when time's up. (requested by bman311)\nbman311 has agreed to open team sheets.\n|inactive|dayron91 has 60 seconds left.\n|inactive|dayron91 has 30 seconds left.\n|j| judang\n|\n|t:|1732777726\n|start\n|switch|p1a: Whimsicott|Whimsicott, L50, F|100\/100\n|switch|p1b: Annihilape|Annihilape, L50, F|100\/100\n|switch|p2a: K-Dot|Kingambit, L50, M, shiny|100\/100\n|switch|p2b: Mrs. MissWisp|Magmar, L50, F|100\/100\n|turn|1\n|inactive|dayron91 has 30 seconds left.\n|\n|t:|1732777756\n|switch|p1a: Archaludon|Archaludon, L50, M|100\/100\n|-terastallize|p2a: K-Dot|Ghost\n|move|p1b: Annihilape|Final Gambit|p2b: Mrs. MissWisp\n|-damage|p2b: Mrs. MissWisp|0 fnt\n|faint|p1b: Annihilape\n|faint|p2b: Mrs. MissWisp\n|move|p2a: K-Dot|Swords Dance|p2a: K-Dot\n|-boost|p2a: K-Dot|atk|2\n|\n|upkeep\n|\n|t:|1732777772\n|switch|p1b: Whimsicott|Whimsicott, L50, F|100\/100\n|switch|p2b: Q-Tip|Dragapult, L50, M, shiny|100\/100\n|turn|2\n|\n|t:|1732777792\n|move|p1b: Whimsicott|Encore|p2a: K-Dot\n|-start|p2a: K-Dot|Encore\n|move|p2a: K-Dot|Swords Dance|p2a: K-Dot\n|-boost|p2a: K-Dot|atk|2\n|move|p2b: Q-Tip|U-turn|p1b: Whimsicott\n|-damage|p1b: Whimsicott|48\/100\n|\n|t:|1732777798\n|switch|p2b: Lauryn Hill|Primarina, L50, M, shiny|100\/100|[from] U-turn\n|move|p1a: Archaludon|Dragon Pulse|p2b: Lauryn Hill\n|-immune|p2b: Lauryn Hill\n|\n|upkeep\n|turn|3\n|inactive|dayron91 has 30 seconds left.\n|inactive|dayron91 has 20 seconds left.\n|\n|t:|1732777837\n|move|p1b: Whimsicott|Beat Up|p1a: Archaludon\n|-damage|p1a: Archaludon|99\/100\n|-ability|p1a: Archaludon|Stamina|boost\n|-boost|p1a: Archaludon|def|1\n|-damage|p1a: Archaludon|98\/100\n|-ability|p1a: Archaludon|Stamina|boost\n|-boost|p1a: Archaludon|def|1\n|-damage|p1a: Archaludon|97\/100\n|-ability|p1a: Archaludon|Stamina|boost\n|-boost|p1a: Archaludon|def|1\n|-hitcount|p1a: Archaludon|3\n|move|p1a: Archaludon|Flash Cannon|p2b: Lauryn Hill\n|-damage|p2b: Lauryn Hill|70\/100\n|move|p2b: Lauryn Hill|Moonblast|p1b: Whimsicott\n|-damage|p1b: Whimsicott|0 fnt\n|faint|p1b: Whimsicott\n|move|p2a: K-Dot|Swords Dance|p2a: K-Dot\n|-boost|p2a: K-Dot|atk|2\n|\n|upkeep\n|\n|t:|1732777855\n|switch|p1b: Incineroar|Incineroar, L50, M|100\/100\n|-ability|p1b: Incineroar|Intimidate|boost\n|-unboost|p2a: K-Dot|atk|1\n|-ability|p2a: K-Dot|Defiant|boost\n|-boost|p2a: K-Dot|atk|1\n|-unboost|p2b: Lauryn Hill|atk|1\n|turn|4\n|inactive|dayron91 has 30 seconds left.\n|\n|t:|1732777886\n|move|p1a: Archaludon|Dragon Pulse|p2a: K-Dot\n|-damage|p2a: K-Dot|65\/100\n|move|p2b: Lauryn Hill|Hyper Voice|p1b: Incineroar|[spread] p1a,p1b\n|-resisted|p1a: Archaludon\n|-supereffective|p1b: Incineroar\n|-damage|p1a: Archaludon|86\/100\n|-damage|p1b: Incineroar|40\/100\n|-ability|p1a: Archaludon|Stamina|boost\n|-boost|p1a: Archaludon|def|1\n|move|p1b: Incineroar|Knock Off|p2a: K-Dot\n|-supereffective|p2a: K-Dot\n|-damage|p2a: K-Dot|0 fnt\n|-enditem|p2a: K-Dot|Dread Plate|[from] move: Knock Off|[of] p1b: Incineroar\n|faint|p2a: K-Dot\n|\n|upkeep\n|\n|t:|1732777895\n|switch|p2a: Q-Tip|Dragapult, L50, M, shiny|100\/100\n|turn|5\n|inactive|dayron91 has 30 seconds left.\n|inactive|dayron91 has 20 seconds left.\n|inactive|dayron91 has 15 seconds left.\n|inactive|dayron91 has 10 seconds left.\n|inactive|dayron91 has 5 seconds left.\n|\n|t:|1732777948\n|-terastallize|p1a: Archaludon|Fighting\n|move|p2a: Q-Tip|Phantom Force||[still]\n|-prepare|p2a: Q-Tip|Phantom Force\n|move|p1a: Archaludon|Body Press|p2b: Lauryn Hill\n|-resisted|p2b: Lauryn Hill\n|-damage|p2b: Lauryn Hill|4\/100\n|-enditem|p2b: Lauryn Hill|Sitrus Berry|[eat]\n|-heal|p2b: Lauryn Hill|28\/100|[from] item: Sitrus Berry\n|move|p2b: Lauryn Hill|Haze|p2b: Lauryn Hill\n|-clearallboost\n|move|p1b: Incineroar|Flare Blitz|p2b: Lauryn Hill\n|-resisted|p2b: Lauryn Hill\n|-damage|p2b: Lauryn Hill|0 fnt\n|faint|p2b: Lauryn Hill\n|-damage|p1b: Incineroar|32\/100|[from] Recoil\n|\n|upkeep\n|turn|6\n|\n|t:|1732777969\n|move|p2a: Q-Tip|Phantom Force|p1a: Archaludon|[from]lockedmove\n|-damage|p1a: Archaludon|44\/100\n|-ability|p1a: Archaludon|Stamina|boost\n|-boost|p1a: Archaludon|def|1\n|move|p1a: Archaludon|Dragon Pulse|p2a: Q-Tip\n|-supereffective|p2a: Q-Tip\n|-damage|p2a: Q-Tip|0 fnt\n|faint|p2a: Q-Tip\n|\n|win|dayron91\n|raw|dayron91's rating: 1759 &rarr; <strong>1775<\/strong><br \/>(+16 for winning)\n|raw|bman311's rating: 1685 &rarr; <strong>1669<\/strong><br \/>(-16 for losing)\n|l|\u2606bman311\n|player|p2|\n","uploadtime":1732777991,"views":34,"formatid":"gen9vgc2024regh","rating":1669,"private":0,"password":null}