{"id":"gen9vgc2024regh-2252729698","format":"[Gen 9] VGC 2024 Reg H","players":["chang21","Riemann39"],"log":"|j|\u2606chang21\n|j|\u2606Riemann39\n|t:|1732795999\n|gametype|doubles\n|player|p1|chang21|veteran-gen4|1742\n|player|p2|Riemann39|lucas|1777\n|teamsize|p1|6\n|teamsize|p2|6\n|gen|9\n|tier|[Gen 9] VGC 2024 Reg H\n|rated|\n|rule|Species Clause: Limit one of each Pok\u00e9mon\n|rule|Item Clause: Limit 1 of each item\n|clearpoke\n|poke|p1|Sneasler, L50, F|\n|poke|p1|Baxcalibur, L50, F|\n|poke|p1|Rillaboom, L50, F|\n|poke|p1|Basculegion, L50, M|\n|poke|p1|Volcarona, L50, F|\n|poke|p1|Kingambit, L50, F|\n|poke|p2|Whimsicott, L50, F|\n|poke|p2|Incineroar, L50, M|\n|poke|p2|Rillaboom, L50, F|\n|poke|p2|Kingambit, L50, M|\n|poke|p2|Dragonite, L50, F|\n|poke|p2|Ursaluna-Bloodmoon, L50, M|\n|teampreview|4\n|inactive|Battle timer is ON: inactive players will automatically lose when time's up. (requested by Riemann39)\n|\n|t:|1732796031\n|start\n|switch|p1a: Sneasler|Sneasler, L50, F|100\/100\n|switch|p1b: Basculegion|Basculegion, L50, M|100\/100\n|switch|p2a: Dragonite|Dragonite, L50, F|100\/100\n|switch|p2b: Incineroar|Incineroar, L50, M|100\/100\n|-ability|p2b: Incineroar|Intimidate|boost\n|-unboost|p1a: Sneasler|atk|1\n|-unboost|p1b: Basculegion|atk|1\n|turn|1\n|inactive|Riemann39 has 30 seconds left.\n|\n|t:|1732796058\n|move|p1a: Sneasler|Fake Out|p2a: Dragonite\n|-damage|p2a: Dragonite|95\/100\n|move|p1b: Basculegion|Flip Turn|p2b: Incineroar\n|-supereffective|p2b: Incineroar\n|-damage|p2b: Incineroar|65\/100\n|\n|t:|1732796069\n|switch|p1b: Baxcalibur|Baxcalibur, L50, F|100\/100|[from] Flip Turn\n|cant|p2a: Dragonite|flinch\n|move|p2b: Incineroar|Knock Off|p1b: Baxcalibur\n|-damage|p1b: Baxcalibur|66\/100\n|-enditem|p1b: Baxcalibur|Loaded Dice|[from] move: Knock Off|[of] p2b: Incineroar\n|\n|upkeep\n|turn|2\n|inactive|Riemann39 has 30 seconds left.\n|inactive|chang21 has 30 seconds left.\n|\n|t:|1732796101\n|-terastallize|p2a: Dragonite|Fairy\n|move|p1a: Sneasler|Dire Claw|p2b: Incineroar\n|-damage|p2b: Incineroar|43\/100\n|-status|p2b: Incineroar|psn\n|move|p1b: Baxcalibur|Scale Shot|p2b: Incineroar\n|-damage|p2b: Incineroar|32\/100 psn\n|-damage|p2b: Incineroar|20\/100 psn\n|-damage|p2b: Incineroar|8\/100 psn\n|-damage|p2b: Incineroar|0 fnt\n|faint|p2b: Incineroar\n|-hitcount|p2: Incineroar|4\n|-unboost|p1b: Baxcalibur|def|1\n|-boost|p1b: Baxcalibur|spe|1\n|move|p2a: Dragonite|Scale Shot|p1b: Baxcalibur\n|-supereffective|p1b: Baxcalibur\n|-damage|p1b: Baxcalibur|19\/100\n|-supereffective|p1b: Baxcalibur\n|-damage|p1b: Baxcalibur|0 fnt\n|faint|p1b: Baxcalibur\n|-hitcount|p1: Baxcalibur|2\n|-unboost|p2a: Dragonite|def|1\n|-boost|p2a: Dragonite|spe|1\n|\n|upkeep\n|\n|t:|1732796119\n|switch|p1b: Kingambit|Kingambit, L50, F|100\/100\n|switch|p2b: Rillaboom|Rillaboom, L50, F|100\/100\n|-fieldstart|move: Grassy Terrain|[from] ability: Grassy Surge|[of] p2b: Rillaboom\n|turn|3\n|inactive|chang21 has 30 seconds left.\n|inactive|chang21 has 20 seconds left.\n|inactive|chang21 has 15 seconds left.\n|\n|t:|1732796163\n|switch|p1a: Basculegion|Basculegion, L50, M|100\/100\n|move|p2b: Rillaboom|Fake Out|p1b: Kingambit\n|-resisted|p1b: Kingambit\n|-damage|p1b: Kingambit|95\/100\n|move|p2a: Dragonite|Scale Shot|p1a: Basculegion\n|-damage|p1a: Basculegion|80\/100\n|-damage|p1a: Basculegion|60\/100\n|-damage|p1a: Basculegion|41\/100\n|-damage|p1a: Basculegion|22\/100\n|-damage|p1a: Basculegion|0 fnt\n|faint|p1a: Basculegion\n|-hitcount|p1: Basculegion|5\n|-unboost|p2a: Dragonite|def|1\n|-boost|p2a: Dragonite|spe|1\n|cant|p1b: Kingambit|flinch\n|\n|-heal|p2a: Dragonite|100\/100|[from] Grassy Terrain\n|-heal|p1b: Kingambit|100\/100|[from] Grassy Terrain\n|upkeep\n|\n|t:|1732796168\n|switch|p1a: Sneasler|Sneasler, L50, F|100\/100\n|turn|4\n|inactive|chang21 has 30 seconds left.\n|\n|t:|1732796196\n|move|p2a: Dragonite|Protect|p2a: Dragonite\n|-singleturn|p2a: Dragonite|Protect\n|move|p1a: Sneasler|Coaching|p1b: Kingambit\n|-boost|p1b: Kingambit|atk|1\n|-boost|p1b: Kingambit|def|1\n|move|p2b: Rillaboom|Wood Hammer|p1a: Sneasler\n|-resisted|p1a: Sneasler\n|-crit|p1a: Sneasler\n|-enditem|p1a: Sneasler|Focus Sash\n|-damage|p1a: Sneasler|1\/100\n|-damage|p2b: Rillaboom|74\/100|[from] Recoil\n|move|p1b: Kingambit|Kowtow Cleave|p2b: Rillaboom\n|-damage|p2b: Rillaboom|0 fnt\n|faint|p2b: Rillaboom\n|\n|-heal|p1a: Sneasler|7\/100|[from] Grassy Terrain\n|upkeep\n|\n|t:|1732796207\n|switch|p2b: Ursaluna|Ursaluna-Bloodmoon, L50, M|100\/100\n|turn|5\n|j| CRJ2304\n|inactive|chang21 has 30 seconds left.\n|\n|t:|1732796237\n|-terastallize|p1b: Kingambit|Ghost\n|move|p2b: Ursaluna|Vacuum Wave|p1a: Sneasler\n|-resisted|p1a: Sneasler\n|-damage|p1a: Sneasler|0 fnt\n|faint|p1a: Sneasler\n|move|p2a: Dragonite|Low Kick|p1b: Kingambit\n|-immune|p1b: Kingambit\n|move|p1b: Kingambit|Iron Head|p2a: Dragonite\n|-supereffective|p2a: Dragonite\n|-damage|p2a: Dragonite|0 fnt\n|faint|p2a: Dragonite\n|\n|upkeep\n|turn|6\n|j| bluestraggler02\n|\n|t:|1732796248\n|move|p1b: Kingambit|Low Kick|p2b: Ursaluna\n|-supereffective|p2b: Ursaluna\n|-damage|p2b: Ursaluna|0 fnt\n|faint|p2b: Ursaluna\n|\n|win|chang21\n|raw|chang21's rating: 1742 &rarr; <strong>1763<\/strong><br \/>(+21 for winning)\n|raw|Riemann39's rating: 1762 &rarr; <strong>1741<\/strong><br \/>(-21 for losing)\n|l|\u2606Riemann39\n|player|p2|\n|l| CRJ2304\n|l|\u2606chang21\n|player|p1|\n","uploadtime":1732796436,"views":6,"formatid":"gen9vgc2024regh","rating":1741,"private":0,"password":null}