{"id":"gen9vgc2024regh-2252918452","format":"[Gen 9] VGC 2024 Reg H","players":["bigbadbirdvgc","Nerd159"],"log":"|j|\u2606bigbadbirdvgc\n|j|\u2606Nerd159\n|t:|1732818945\n|gametype|doubles\n|player|p1|bigbadbirdvgc|1|1715\n|player|p2|Nerd159|265|1742\n|teamsize|p1|6\n|teamsize|p2|6\n|gen|9\n|tier|[Gen 9] VGC 2024 Reg H\n|rated|\n|rule|Species Clause: Limit one of each Pok\u00e9mon\n|rule|Item Clause: Limit 1 of each item\n|clearpoke\n|poke|p1|Gothitelle, L50, M|\n|poke|p1|Politoed, L50, M|\n|poke|p1|Archaludon, L50, F|\n|poke|p1|Incineroar, L50, F|\n|poke|p1|Amoonguss, L50, M|\n|poke|p1|Floatzel, L50, M|\n|poke|p2|Gholdengo, L50|\n|poke|p2|Indeedee, L50, M|\n|poke|p2|Delphox, L50, M|\n|poke|p2|Murkrow, L50, F|\n|poke|p2|Clodsire, L50, F|\n|poke|p2|Decidueye-Hisui, L50, F|\n|teampreview|4\n|inactive|Battle timer is ON: inactive players will automatically lose when time's up. (requested by bigbadbirdvgc)\n|\n|t:|1732818997\n|start\n|switch|p1a: Incineroar|Incineroar, L50, F|100\/100\n|switch|p1b: Amoonguss|Amoonguss, L50, M|100\/100\n|switch|p2a: Decidueye|Decidueye-Hisui, L50, F|100\/100\n|switch|p2b: Clodsire|Clodsire, L50, F|100\/100\n|-ability|p1a: Incineroar|Intimidate|boost\n|-fail|p2a: Decidueye|unboost|Attack|[from] ability: Scrappy|[of] p2a: Decidueye\n|-unboost|p2b: Clodsire|atk|1\n|turn|1\n|inactive|bigbadbirdvgc has 30 seconds left.\n|inactive|bigbadbirdvgc has 20 seconds left.\n|inactive|bigbadbirdvgc has 15 seconds left.\n|inactive|bigbadbirdvgc has 10 seconds left.\n|\n|t:|1732819044\n|move|p2a: Decidueye|Protect|p2a: Decidueye\n|-singleturn|p2a: Decidueye|Protect\n|move|p2b: Clodsire|Protect|p2b: Clodsire\n|-singleturn|p2b: Clodsire|Protect\n|move|p1a: Incineroar|Parting Shot|p2a: Decidueye\n|-activate|p2a: Decidueye|move: Protect\n|move|p1b: Amoonguss|Spore|p2b: Clodsire\n|-activate|p2b: Clodsire|move: Protect\n|\n|upkeep\n|turn|2\n|inactive|bigbadbirdvgc has 30 seconds left.\n|\n|t:|1732819077\n|switch|p1b: Gothitelle|Gothitelle, L50, M|100\/100\n|switch|p2b: Gholdengo|Gholdengo, L50|100\/100\n|move|p2a: Decidueye|Triple Arrows|p1a: Incineroar\n|-supereffective|p1a: Incineroar\n|-crit|p1a: Incineroar\n|-enditem|p1a: Incineroar|Chople Berry|[eat]\n|-enditem|p1a: Incineroar|Chople Berry|[weaken]\n|-damage|p1a: Incineroar|30\/100\n|move|p1a: Incineroar|Parting Shot|p2a: Decidueye\n|-unboost|p2a: Decidueye|atk|1\n|-unboost|p2a: Decidueye|spa|1\n|\n|t:|1732819095\n|switch|p1a: Amoonguss|Amoonguss, L50, M|100\/100|[from] Parting Shot\n|\n|upkeep\n|turn|3\n|\n|t:|1732819108\n|move|p2a: Decidueye|Protect|p2a: Decidueye\n|-singleturn|p2a: Decidueye|Protect\n|move|p1a: Amoonguss|Rage Powder|p1a: Amoonguss\n|-singleturn|p1a: Amoonguss|move: Rage Powder\n|move|p2b: Gholdengo|Shadow Ball|p1a: Amoonguss\n|-damage|p1a: Amoonguss|45\/100\n|move|p1b: Gothitelle|Trick Room|p1b: Gothitelle\n|-fieldstart|move: Trick Room|[of] p1b: Gothitelle\n|\n|upkeep\n|turn|4\n|\n|t:|1732819133\n|-terastallize|p1b: Gothitelle|Fire\n|move|p1a: Amoonguss|Protect|p1a: Amoonguss\n|-singleturn|p1a: Amoonguss|Protect\n|move|p1b: Gothitelle|Psychic|p2a: Decidueye\n|-supereffective|p2a: Decidueye\n|-damage|p2a: Decidueye|39\/100\n|move|p2a: Decidueye|Taunt|p1b: Gothitelle\n|-start|p1b: Gothitelle|move: Taunt\n|move|p2b: Gholdengo|Shadow Ball|p1b: Gothitelle\n|-damage|p1b: Gothitelle|48\/100\n|\n|upkeep\n|turn|5\n|\n|t:|1732819151\n|switch|p1b: Incineroar|Incineroar, L50, F|30\/100\n|-ability|p1b: Incineroar|Intimidate|boost\n|-fail|p2a: Decidueye|unboost|Attack|[from] ability: Scrappy|[of] p2a: Decidueye\n|-unboost|p2b: Gholdengo|atk|1\n|move|p2a: Decidueye|Protect|p2a: Decidueye\n|-singleturn|p2a: Decidueye|Protect\n|move|p1a: Amoonguss|Pollen Puff|p1b: Incineroar\n|-heal|p1b: Incineroar|80\/100\n|move|p2b: Gholdengo|Shadow Ball|p1b: Incineroar\n|-resisted|p1b: Incineroar\n|-damage|p1b: Incineroar|50\/100\n|-unboost|p1b: Incineroar|spd|1\n|\n|upkeep\n|turn|6\n|inactive|bigbadbirdvgc has 30 seconds left.\n|\n|t:|1732819183\n|switch|p1a: Gothitelle|Gothitelle, L50, M, tera:Fire|48\/100\n|switch|p2b: Clodsire|Clodsire, L50, F|100\/100\n|move|p1b: Incineroar|Knock Off|p2b: Clodsire\n|-damage|p2b: Clodsire|49\/100\n|-enditem|p2b: Clodsire|Sitrus Berry|[from] move: Knock Off|[of] p1b: Incineroar\n|move|p2a: Decidueye|Triple Arrows|p1b: Incineroar\n|-supereffective|p1b: Incineroar\n|-crit|p1b: Incineroar\n|-damage|p1b: Incineroar|0 fnt\n|faint|p1b: Incineroar\n|\n|upkeep\n|\n|t:|1732819196\n|switch|p1b: Amoonguss|Amoonguss, L50, M|79\/100\n|turn|7\n|\n|t:|1732819210\n|move|p1a: Gothitelle|Protect|p1a: Gothitelle\n|-singleturn|p1a: Gothitelle|Protect\n|move|p2a: Decidueye|Protect|p2a: Decidueye\n|-singleturn|p2a: Decidueye|Protect\n|move|p2b: Clodsire|Yawn|p1b: Amoonguss\n|-start|p1b: Amoonguss|move: Yawn|[of] p2b: Clodsire\n|move|p1b: Amoonguss|Spore|p2b: Clodsire\n|-status|p2b: Clodsire|slp|[from] move: Spore\n|\n|-fieldend|move: Trick Room\n|upkeep\n|turn|8\n|\n|t:|1732819225\n|switch|p1b: Politoed|Politoed, L50, M|100\/100\n|-weather|RainDance|[from] ability: Drizzle|[of] p1b: Politoed\n|move|p2a: Decidueye|Triple Arrows|p1a: Gothitelle\n|-damage|p1a: Gothitelle|19\/100\n|-unboost|p1a: Gothitelle|def|1\n|move|p1a: Gothitelle|Psychic|p2a: Decidueye\n|-supereffective|p2a: Decidueye\n|-crit|p2a: Decidueye\n|-damage|p2a: Decidueye|0 fnt\n|faint|p2a: Decidueye\n|cant|p2b: Clodsire|slp\n|\n|-weather|RainDance|[upkeep]\n|upkeep\n|\n|t:|1732819232\n|switch|p2a: Murkrow|Murkrow, L50, F|100\/100\n|turn|9\n|\n|t:|1732819247\n|switch|p1a: Amoonguss|Amoonguss, L50, M|100\/100\n|move|p2a: Murkrow|Snarl|p1b: Politoed|[spread] p1a,p1b\n|-damage|p1a: Amoonguss|90\/100\n|-damage|p1b: Politoed|90\/100\n|-unboost|p1a: Amoonguss|spa|1\n|-unboost|p1b: Politoed|spa|1\n|move|p1b: Politoed|Weather Ball|p2b: Clodsire\n|-heal|p2b: Clodsire|74\/100 slp|[from] ability: Water Absorb|[of] p1b: Politoed\n|cant|p2b: Clodsire|slp\n|\n|-weather|RainDance|[upkeep]\n|upkeep\n|turn|10\n|inactive|bigbadbirdvgc has 30 seconds left.\n|\n|t:|1732819277\n|move|p1b: Politoed|Protect|p1b: Politoed\n|-singleturn|p1b: Politoed|Protect\n|move|p2a: Murkrow|Snarl|p1b: Politoed|[spread] p1a\n|-activate|p1b: Politoed|move: Protect\n|-damage|p1a: Amoonguss|79\/100\n|-unboost|p1a: Amoonguss|spa|1\n|move|p1a: Amoonguss|Spore|p2a: Murkrow\n|-status|p2a: Murkrow|slp|[from] move: Spore\n|-curestatus|p2b: Clodsire|slp|[msg]\n|move|p2b: Clodsire|Yawn|p1a: Amoonguss\n|-start|p1a: Amoonguss|move: Yawn|[of] p2b: Clodsire\n|\n|-weather|RainDance|[upkeep]\n|upkeep\n|turn|11\n|\n|t:|1732819295\n|switch|p1a: Gothitelle|Gothitelle, L50, M, tera:Fire|19\/100\n|cant|p2a: Murkrow|slp\n|move|p1b: Politoed|Perish Song|p1b: Politoed\n|-start|p1a: Gothitelle|perish3|[silent]\n|-start|p1b: Politoed|perish3|[silent]\n|-start|p2a: Murkrow|perish3|[silent]\n|-start|p2b: Clodsire|perish3|[silent]\n|-fieldactivate|move: Perish Song\n|move|p2b: Clodsire|High Horsepower|p1a: Gothitelle\n|-supereffective|p1a: Gothitelle\n|-crit|p1a: Gothitelle\n|-damage|p1a: Gothitelle|0 fnt\n|faint|p1a: Gothitelle\n|\n|-weather|RainDance|[upkeep]\n|-start|p2a: Murkrow|perish3\n|-start|p1b: Politoed|perish3\n|-start|p2b: Clodsire|perish3\n|upkeep\n|\n|t:|1732819308\n|switch|p1a: Amoonguss|Amoonguss, L50, M|100\/100\n|turn|12\n|\n|t:|1732819316\n|cant|p2a: Murkrow|slp\n|move|p1b: Politoed|Weather Ball|p2a: Murkrow\n|-damage|p2a: Murkrow|64\/100 slp\n|move|p1a: Amoonguss|Pollen Puff|p2a: Murkrow\n|-damage|p2a: Murkrow|44\/100 slp\n|move|p2b: Clodsire|Yawn|p1a: Amoonguss\n|-start|p1a: Amoonguss|move: Yawn|[of] p2b: Clodsire\n|\n|-weather|none\n|-start|p2a: Murkrow|perish2\n|-start|p1b: Politoed|perish2\n|-start|p2b: Clodsire|perish2\n|upkeep\n|turn|13\n|c|\u2606bigbadbirdvgc|ggwp\n|-message|bigbadbirdvgc forfeited.\n|\n|win|Nerd159\n|raw|bigbadbirdvgc's rating: 1715 &rarr; <strong>1697<\/strong><br \/>(-18 for losing)\n|raw|Nerd159's rating: 1742 &rarr; <strong>1760<\/strong><br \/>(+18 for winning)\n|l|\u2606Nerd159\n|player|p2|\n|l|\u2606bigbadbirdvgc\n|player|p1|\n","uploadtime":1732819588,"views":12,"formatid":"gen9vgc2024regh","rating":1697,"private":0,"password":null}