{"id":"gen9vgc2024regh-2252068518","format":"[Gen 9] VGC 2024 Reg H","players":["Mikred","Nerd159"],"log":"|j|\u2606Mikred\n|j|\u2606Nerd159\n|t:|1732708921\n|gametype|doubles\n|player|p1|Mikred|265|1708\n|player|p2|Nerd159|101|1823\n|teamsize|p1|6\n|teamsize|p2|6\n|gen|9\n|tier|[Gen 9] VGC 2024 Reg H\n|rated|\n|rule|Species Clause: Limit one of each Pok\u00e9mon\n|rule|Item Clause: Limit 1 of each item\n|clearpoke\n|poke|p1|Annihilape, L50, F|\n|poke|p1|Whimsicott, L50, F|\n|poke|p1|Archaludon, L50, M|\n|poke|p1|Pelipper, L50, M|\n|poke|p1|Basculegion, L50, M|\n|poke|p1|Rillaboom, L50, M|\n|poke|p2|Gholdengo, L50|\n|poke|p2|Indeedee, L50, M|\n|poke|p2|Delphox, L50, F|\n|poke|p2|Murkrow, L50, M|\n|poke|p2|Clodsire, L50, F|\n|poke|p2|Decidueye-Hisui, L50, M|\n|teampreview|4\n|inactive|Battle timer is ON: inactive players will automatically lose when time's up. (requested by Mikred)\n|\n|t:|1732708950\n|start\n|switch|p1a: Pelipper|Pelipper, L50, M|100\/100\n|switch|p1b: Rillaboom|Rillaboom, L50, M|100\/100\n|switch|p2a: Delphox|Delphox, L50, F|100\/100\n|switch|p2b: Murkrow|Murkrow, L50, M|100\/100\n|-fieldstart|move: Grassy Terrain|[from] ability: Grassy Surge|[of] p1b: Rillaboom\n|-weather|RainDance|[from] ability: Drizzle|[of] p1a: Pelipper\n|turn|1\n|inactive|Mikred has 30 seconds left.\n|\n|t:|1732708977\n|switch|p2b: Indeedee|Indeedee, L50, M|100\/100\n|-fieldstart|move: Psychic Terrain|[from] ability: Psychic Surge|[of] p2b: Indeedee\n|move|p2a: Delphox|Expanding Force|p1a: Pelipper|[spread] p1a,p1b\n|-crit|p1a: Pelipper\n|-enditem|p1a: Pelipper|Focus Sash\n|-damage|p1a: Pelipper|1\/100\n|-damage|p1b: Rillaboom|0 fnt\n|faint|p1b: Rillaboom\n|-damage|p2a: Delphox|91\/100|[from] item: Life Orb\n|move|p1a: Pelipper|Tailwind|p1a: Pelipper\n|-sidestart|p1: Mikred|move: Tailwind\n|\n|-weather|RainDance|[upkeep]\n|upkeep\n|\n|t:|1732708999\n|switch|p1b: Archaludon|Archaludon, L50, M|100\/100\n|turn|2\n|\n|t:|1732709013\n|-terastallize|p2a: Delphox|Fighting\n|move|p1a: Pelipper|Surf|p2b: Indeedee|[spread] p1b,p2a,p2b\n|-resisted|p1b: Archaludon\n|-crit|p2b: Indeedee\n|-damage|p1b: Archaludon|86\/100\n|-damage|p2a: Delphox|30\/100\n|-enditem|p2b: Indeedee|Focus Sash\n|-damage|p2b: Indeedee|1\/100\n|-ability|p1b: Archaludon|Stamina|boost\n|-boost|p1b: Archaludon|def|1\n|move|p1b: Archaludon|Electro Shot||[still]\n|-prepare|p1b: Archaludon|Electro Shot\n|-boost|p1b: Archaludon|spa|1\n|-anim|p1b: Archaludon|Electro Shot|p2b: Indeedee\n|-damage|p2b: Indeedee|0 fnt\n|faint|p2b: Indeedee\n|move|p2a: Delphox|Tera Blast|p1b: Archaludon|[anim] Tera Blast Fighting\n|-supereffective|p1b: Archaludon\n|-damage|p1b: Archaludon|27\/100\n|-ability|p1b: Archaludon|Stamina|boost\n|-boost|p1b: Archaludon|def|1\n|-damage|p2a: Delphox|21\/100|[from] item: Life Orb\n|\n|-weather|RainDance|[upkeep]\n|upkeep\n|\n|t:|1732709019\n|switch|p2b: Murkrow|Murkrow, L50, M|100\/100\n|turn|3\n|\n|t:|1732709042\n|move|p2b: Murkrow|Tailwind|p2b: Murkrow\n|-sidestart|p2: Nerd159|move: Tailwind\n|move|p2a: Delphox|Tera Blast|p1b: Archaludon|[anim] Tera Blast Fighting\n|-supereffective|p1b: Archaludon\n|-damage|p1b: Archaludon|0 fnt\n|faint|p1b: Archaludon\n|-damage|p2a: Delphox|11\/100|[from] item: Life Orb\n|move|p1a: Pelipper|Hurricane|p2a: Delphox\n|-supereffective|p2a: Delphox\n|-damage|p2a: Delphox|0 fnt\n|faint|p2a: Delphox\n|\n|-weather|RainDance|[upkeep]\n|upkeep\n|\n|t:|1732709053\n|switch|p2a: Decidueye|Decidueye-Hisui, L50, M|100\/100\n|switch|p1b: Basculegion|Basculegion, L50, M|100\/100\n|turn|4\n|\n|t:|1732709067\n|move|p2a: Decidueye|Protect|p2a: Decidueye\n|-singleturn|p2a: Decidueye|Protect\n|move|p1b: Basculegion|Last Respects|p2a: Decidueye\n|-activate|p2a: Decidueye|move: Protect\n|move|p2b: Murkrow|Foul Play|p1a: Pelipper\n|-damage|p1a: Pelipper|0 fnt\n|faint|p1a: Pelipper\n|\n|-weather|RainDance|[upkeep]\n|-sideend|p1: Mikred|move: Tailwind\n|upkeep\n|turn|5\n|\n|t:|1732709081\n|move|p2b: Murkrow|Foul Play|p1b: Basculegion\n|-supereffective|p1b: Basculegion\n|-damage|p1b: Basculegion|0 fnt\n|faint|p1b: Basculegion\n|\n|win|Nerd159\n|raw|Mikred's rating: 1708 &rarr; <strong>1694<\/strong><br \/>(-14 for losing)\n|raw|Nerd159's rating: 1823 &rarr; <strong>1837<\/strong><br \/>(+14 for winning)\n|l|\u2606Mikred\n|player|p1|\n|l|\u2606Nerd159\n|player|p2|\n","uploadtime":1732709333,"views":15,"formatid":"gen9vgc2024regh","rating":1694,"private":0,"password":null}