{"id":"gen9vgc2024regh-2252029076","format":"[Gen 9] VGC 2024 Reg H","players":["Mikred","GiganTheGojira"],"log":"|j|\u2606Mikred\n|j|\u2606GiganTheGojira\n|t:|1732702733\n|gametype|doubles\n|player|p1|Mikred|265|1663\n|player|p2|GiganTheGojira|steven|1688\n|teamsize|p1|6\n|teamsize|p2|6\n|gen|9\n|tier|[Gen 9] VGC 2024 Reg H\n|rated|\n|rule|Species Clause: Limit one of each Pok\u00e9mon\n|rule|Item Clause: Limit 1 of each item\n|clearpoke\n|poke|p1|Annihilape, L50, M|\n|poke|p1|Whimsicott, L50, M|\n|poke|p1|Archaludon, L50, M|\n|poke|p1|Pelipper, L50, F|\n|poke|p1|Basculegion, L50, M|\n|poke|p1|Rillaboom, L50, M|\n|poke|p2|Incineroar, L50, F|\n|poke|p2|Archaludon, L50, F|\n|poke|p2|Rillaboom, L50, M|\n|poke|p2|Pelipper, L50, M|\n|poke|p2|Amoonguss, L50, F|\n|poke|p2|Garchomp, L50, M|\n|teampreview|4\n|inactive|Battle timer is ON: inactive players will automatically lose when time's up. (requested by Mikred)\n|\n|t:|1732702780\n|start\n|switch|p1a: Whimsicott|Whimsicott, L50, M|100\/100\n|switch|p1b: Annihilape|Annihilape, L50, M|100\/100\n|switch|p2a: Pelipper|Pelipper, L50, M|100\/100\n|switch|p2b: Garchomp|Garchomp, L50, M|100\/100\n|-weather|RainDance|[from] ability: Drizzle|[of] p2a: Pelipper\n|turn|1\n|j| qiyeO.o\n|\n|t:|1732702802\n|-terastallize|p2b: Garchomp|Ground\n|-terastallize|p1b: Annihilape|Dark\n|move|p1a: Whimsicott|Tailwind|p1a: Whimsicott\n|-sidestart|p1: Mikred|move: Tailwind\n|move|p1b: Annihilape|Bulk Up|p1b: Annihilape\n|-boost|p1b: Annihilape|atk|1\n|-boost|p1b: Annihilape|def|1\n|move|p2b: Garchomp|Earthquake|p1a: Whimsicott|[spread] p1a,p1b\n|-immune|p2a: Pelipper\n|-resisted|p1a: Whimsicott\n|-damage|p1a: Whimsicott|46\/100\n|-damage|p1b: Annihilape|60\/100\n|-damage|p2b: Garchomp|91\/100|[from] item: Life Orb\n|move|p2a: Pelipper|Hurricane|p1b: Annihilape\n|-damage|p1b: Annihilape|20\/100\n|-enditem|p1b: Annihilape|Sitrus Berry|[eat]\n|-heal|p1b: Annihilape|45\/100|[from] item: Sitrus Berry\n|\n|-weather|RainDance|[upkeep]\n|upkeep\n|turn|2\n|inactive|Mikred has 30 seconds left.\n|\n|t:|1732702827\n|move|p2b: Garchomp|Protect|p2b: Garchomp\n|-singleturn|p2b: Garchomp|Protect\n|move|p1a: Whimsicott|Moonblast|p2a: Pelipper\n|-damage|p2a: Pelipper|27\/100\n|move|p1b: Annihilape|Rage Fist|p2b: Garchomp\n|-activate|p2b: Garchomp|move: Protect\n|move|p2a: Pelipper|Tailwind|p2a: Pelipper\n|-sidestart|p2: GiganTheGojira|move: Tailwind\n|\n|-weather|RainDance|[upkeep]\n|upkeep\n|turn|3\n|\n|t:|1732702851\n|switch|p2b: Archaludon|Archaludon, L50, F|100\/100\n|move|p1a: Whimsicott|Moonblast|p2a: Pelipper\n|-crit|p2a: Pelipper\n|-damage|p2a: Pelipper|0 fnt\n|faint|p2a: Pelipper\n|move|p1b: Annihilape|Rage Fist|p2b: Archaludon\n|-damage|p2b: Archaludon|9\/100\n|-ability|p2b: Archaludon|Stamina|boost\n|-boost|p2b: Archaludon|def|1\n|\n|-weather|RainDance|[upkeep]\n|upkeep\n|\n|t:|1732702861\n|switch|p2a: Rillaboom|Rillaboom, L50, M|100\/100\n|-fieldstart|move: Grassy Terrain|[from] ability: Grassy Surge|[of] p2a: Rillaboom\n|turn|4\n|\n|t:|1732702878\n|move|p1b: Annihilape|Protect|p1b: Annihilape\n|-singleturn|p1b: Annihilape|Protect\n|move|p1a: Whimsicott|Moonblast|p2b: Archaludon\n|-damage|p2b: Archaludon|0 fnt\n|faint|p2b: Archaludon\n|move|p2a: Rillaboom|Wood Hammer|p1b: Annihilape\n|-activate|p1b: Annihilape|move: Protect\n|\n|-weather|RainDance|[upkeep]\n|-heal|p1a: Whimsicott|52\/100|[from] Grassy Terrain\n|-heal|p1b: Annihilape|51\/100|[from] Grassy Terrain\n|-sideend|p1: Mikred|move: Tailwind\n|upkeep\n|\n|t:|1732702880\n|switch|p2b: Garchomp|Garchomp, L50, M, tera:Ground|91\/100\n|turn|5\n|inactive|Mikred has 30 seconds left.\n|\n|t:|1732702906\n|move|p2b: Garchomp|Protect|p2b: Garchomp\n|-singleturn|p2b: Garchomp|Protect\n|move|p2a: Rillaboom|Wood Hammer|p1b: Annihilape\n|-damage|p1b: Annihilape|0 fnt\n|faint|p1b: Annihilape\n|-damage|p2a: Rillaboom|83\/100|[from] Recoil\n|move|p1a: Whimsicott|Moonblast|p2a: Rillaboom\n|-damage|p2a: Rillaboom|41\/100\n|-unboost|p2a: Rillaboom|spa|1\n|\n|-weather|none\n|-heal|p2b: Garchomp|97\/100|[from] Grassy Terrain\n|-heal|p2a: Rillaboom|47\/100|[from] Grassy Terrain\n|-heal|p1a: Whimsicott|58\/100|[from] Grassy Terrain\n|-sideend|p2: GiganTheGojira|move: Tailwind\n|upkeep\n|\n|t:|1732702922\n|switch|p1b: Pelipper|Pelipper, L50, F|100\/100\n|-weather|RainDance|[from] ability: Drizzle|[of] p1b: Pelipper\n|turn|6\n|\n|t:|1732702930\n|move|p1a: Whimsicott|Tailwind|p1a: Whimsicott\n|-sidestart|p1: Mikred|move: Tailwind\n|move|p2a: Rillaboom|Grassy Glide|p1b: Pelipper\n|-damage|p1b: Pelipper|43\/100\n|move|p1b: Pelipper|Surf|p2b: Garchomp|[spread] p1a,p2a,p2b\n|-resisted|p1a: Whimsicott\n|-resisted|p2a: Rillaboom\n|-supereffective|p2b: Garchomp\n|-damage|p1a: Whimsicott|20\/100\n|-damage|p2a: Rillaboom|19\/100\n|-damage|p2b: Garchomp|0 fnt\n|faint|p2b: Garchomp\n|\n|-weather|RainDance|[upkeep]\n|-heal|p1a: Whimsicott|25\/100|[from] Grassy Terrain\n|-heal|p2a: Rillaboom|25\/100|[from] Grassy Terrain\n|upkeep\n|turn|7\n|-message|GiganTheGojira forfeited.\n|\n|win|Mikred\n|raw|Mikred's rating: 1663 &rarr; <strong>1684<\/strong><br \/>(+21 for winning)\n|raw|GiganTheGojira's rating: 1688 &rarr; <strong>1667<\/strong><br \/>(-21 for losing)\n|l|\u2606GiganTheGojira\n|player|p2|\n|l|\u2606Mikred\n|player|p1|\n|l| qiyeO.o\n","uploadtime":1732703194,"views":6,"formatid":"gen9vgc2024regh","rating":1667,"private":0,"password":null}