{"id":"gen9vgc2024regh-2252595214","format":"[Gen 9] VGC 2024 Reg H","players":["The Slimmest Jesus","elvegis1"],"log":"|j|\u2606The Slimmest Jesus\n|j|\u2606elvegis1\n|t:|1732772583\n|gametype|doubles\n|player|p1|The Slimmest Jesus|1|1659\n|player|p2|elvegis1|lucas|1771\n|teamsize|p1|6\n|teamsize|p2|6\n|gen|9\n|tier|[Gen 9] VGC 2024 Reg H\n|rated|\n|rule|Species Clause: Limit one of each Pok\u00e9mon\n|rule|Item Clause: Limit 1 of each item\n|clearpoke\n|poke|p1|Sneasler, L50, F|\n|poke|p1|Indeedee, L50, M|\n|poke|p1|Gholdengo, L50|\n|poke|p1|Murkrow, L50, F|\n|poke|p1|Ursaluna, L50, M|\n|poke|p1|Zoroark-Hisui, L50, M|\n|poke|p2|Incineroar, L50, F|\n|poke|p2|Gholdengo, L50|\n|poke|p2|Dusclops, L50, M|\n|poke|p2|Gastrodon-East, L50, F|\n|poke|p2|Ursaluna-Bloodmoon, L50, M|\n|poke|p2|Zoroark-Hisui, L50, M|\n|teampreview|4\n|j| judang\n|inactive|Battle timer is ON: inactive players will automatically lose when time's up. (requested by The Slimmest Jesus)\n|inactive|The Slimmest Jesus has 60 seconds left.\n|inactive|elvegis1 has 60 seconds left.\n|\n|t:|1732772630\n|start\n|switch|p1a: Sneasler|Sneasler, L50, F|100\/100\n|switch|p1b: Gholdengo|Gholdengo, L50|100\/100\n|switch|p2a: Incineroar|Incineroar, L50, F|100\/100\n|switch|p2b: Dusclops|Dusclops, L50, M|100\/100\n|-item|p1a: Sneasler|Choice Scarf|[from] ability: Frisk|[of] p2b: Dusclops\n|-item|p1b: Gholdengo|Choice Specs|[from] ability: Frisk|[of] p2b: Dusclops\n|turn|1\n|inactive|elvegis1 has 30 seconds left.\n|\n|t:|1732772658\n|switch|p2b: Incineroar|Incineroar, L50, F|100\/100\n|-ability|p2b: Incineroar|Intimidate|boost\n|-unboost|p1a: Sneasler|atk|1\n|-unboost|p1b: Gholdengo|atk|1\n|-terastallize|p1b: Gholdengo|Steel\n|move|p1a: Sneasler|Fake Tears|p2b: Incineroar\n|-unboost|p2b: Incineroar|spd|2\n|move|p2a: Incineroar|Shadow Ball|p1b: Gholdengo\n|-damage|p1b: Gholdengo|50\/100\n|move|p1b: Gholdengo|Make It Rain|p2b: Incineroar|[spread] p2a,p2b\n|-resisted|p2b: Incineroar\n|-enditem|p2a: Incineroar|Focus Sash\n|-damage|p2a: Incineroar|1\/100\n|-damage|p2b: Incineroar|13\/100\n|-unboost|p1b: Gholdengo|spa|1\n|replace|p2a: Zoroark|Zoroark-Hisui, L50, M\n|-end|p2a: Zoroark|Illusion\n|-enditem|p2b: Incineroar|Sitrus Berry|[eat]\n|-heal|p2b: Incineroar|38\/100|[from] item: Sitrus Berry\n|\n|upkeep\n|turn|2\n|inactive|The Slimmest Jesus has 30 seconds left.\n|inactive|elvegis1 has 30 seconds left.\n|inactive|The Slimmest Jesus has 20 seconds left.\n|inactive|elvegis1 has 20 seconds left.\n|inactive|elvegis1 has 15 seconds left.\n|\n|t:|1732772698\n|switch|p1a: Sneasler|Sneasler, L50, F|100\/100\n|switch|p1b: Indeedee|Indeedee, L50, M|100\/100\n|-fieldstart|move: Psychic Terrain|[from] ability: Psychic Surge|[of] p1b: Indeedee\n|-enditem|p1a: Sneasler|Psychic Seed\n|-boost|p1a: Sneasler|spd|1|[from] item: Psychic Seed\n|move|p2b: Incineroar|Fake Out|p1a: Sneasler\n|-activate|p1a: Sneasler|move: Psychic Terrain\n|move|p2a: Zoroark|Shadow Ball|p1b: Indeedee\n|-immune|p1b: Indeedee\n|\n|upkeep\n|turn|3\n|inactive|The Slimmest Jesus has 30 seconds left.\n|inactive|The Slimmest Jesus has 20 seconds left.\n|\n|t:|1732772734\n|move|p1a: Sneasler|Dire Claw|p2a: Zoroark\n|-resisted|p2a: Zoroark\n|-damage|p2a: Zoroark|0 fnt\n|faint|p2a: Zoroark\n|move|p1b: Indeedee|Tera Blast|p2b: Incineroar\n|-damage|p2b: Incineroar|0 fnt\n|faint|p2b: Incineroar\n|\n|upkeep\n|\n|t:|1732772741\n|switch|p2a: Ursaluna|Ursaluna-Bloodmoon, L50, M|100\/100\n|switch|p2b: Dusclops|Dusclops, L50, M|100\/100\n|-item|p1b: Indeedee|Focus Sash|[from] ability: Frisk|[of] p2b: Dusclops\n|turn|4\n|j| qiyeO.o\n|inactive|The Slimmest Jesus has 30 seconds left.\n|inactive|The Slimmest Jesus has 20 seconds left.\n|\n|t:|1732772777\n|-terastallize|p2a: Ursaluna|Ghost\n|move|p1a: Sneasler|Dire Claw|p2b: Dusclops\n|-resisted|p2b: Dusclops\n|-damage|p2b: Dusclops|88\/100\n|move|p2a: Ursaluna|Hyper Voice|p1a: Sneasler|[spread] p1a,p1b\n|-crit|p1a: Sneasler\n|-damage|p1a: Sneasler|24\/100\n|-damage|p1b: Indeedee|48\/100\n|move|p1b: Indeedee|Trick Room|p1b: Indeedee\n|-fieldstart|move: Trick Room|[of] p1b: Indeedee\n|move|p2b: Dusclops|Trick Room|p2b: Dusclops\n|-fieldend|move: Trick Room\n|\n|upkeep\n|turn|5\n|inactive|The Slimmest Jesus has 30 seconds left.\n|inactive|The Slimmest Jesus has 20 seconds left.\n|inactive|The Slimmest Jesus has 15 seconds left.\n|\n|t:|1732772818\n|move|p1a: Sneasler|Dire Claw|p2b: Dusclops\n|-resisted|p2b: Dusclops\n|-damage|p2b: Dusclops|76\/100\n|move|p1b: Indeedee|Expanding Force|p2a: Ursaluna|[spread] p2a,p2b\n|-crit|p2a: Ursaluna\n|-damage|p2a: Ursaluna|36\/100\n|-damage|p2b: Dusclops|47\/100\n|move|p2a: Ursaluna|Hyper Voice|p1a: Sneasler|[spread] p1a,p1b\n|-damage|p1a: Sneasler|0 fnt\n|-damage|p1b: Indeedee|0 fnt\n|faint|p1a: Sneasler\n|faint|p1b: Indeedee\n|move|p2b: Dusclops|Trick Room|p2b: Dusclops\n|-fieldstart|move: Trick Room|[of] p2b: Dusclops\n|\n|upkeep\n|\n|t:|1732772837\n|switch|p1b: Gholdengo|Gholdengo, L50, tera:Steel|50\/100\n|switch|p1a: Gholdengo|Gholdengo, L50|100\/100\n|-start|p1a: Gholdengo|typechange|Steel|[silent]\n|turn|6\n|inactive|elvegis1 has 30 seconds left.\n|\n|t:|1732772863\n|move|p2b: Dusclops|Night Shade|p1b: Gholdengo\n|-damage|p1b: Gholdengo|21\/100\n|move|p2a: Ursaluna|Hyper Voice|p1a: Gholdengo|[spread] p1a,p1b\n|-resisted|p1b: Gholdengo\n|-damage|p1a: Gholdengo|22\/100\n|-damage|p1b: Gholdengo|0 fnt\n|replace|p1a: Zoroark|Zoroark-Hisui, L50, M\n|-end|p1a: Zoroark|Illusion\n|faint|p1b: Gholdengo\n|move|p1a: Zoroark|Shadow Ball|p2a: Ursaluna\n|-supereffective|p2a: Ursaluna\n|-damage|p2a: Ursaluna|0 fnt\n|faint|p2a: Ursaluna\n|\n|-fieldend|move: Psychic Terrain\n|upkeep\n|turn|7\n|\n|t:|1732772879\n|move|p2b: Dusclops|Night Shade|p1a: Zoroark\n|-immune|p1a: Zoroark\n|move|p1a: Zoroark|Shadow Ball|p2b: Dusclops\n|-supereffective|p2b: Dusclops\n|-damage|p2b: Dusclops|0 fnt\n|faint|p2b: Dusclops\n|\n|win|The Slimmest Jesus\n|raw|The Slimmest Jesus's rating: 1659 &rarr; <strong>1685<\/strong><br \/>(+26 for winning)\n|raw|elvegis1's rating: 1771 &rarr; <strong>1745<\/strong><br \/>(-26 for losing)\n|l|\u2606elvegis1\n|player|p2|\n|l|\u2606The Slimmest Jesus\n|player|p1|\n|l| qiyeO.o\n","uploadtime":1732773087,"views":5,"formatid":"gen9vgc2024regh","rating":1685,"private":0,"password":null}