{"id":"gen9vgc2024regh-2252072248","format":"[Gen 9] VGC 2024 Reg H","players":["Nerd159","fennel_strawborzoi"],"log":"|j|\u2606Nerd159\n|j|\u2606fennel_strawborzoi\n|t:|1732709475\n|gametype|doubles\n|player|p1|Nerd159|101|1837\n|player|p2|fennel_strawborzoi|cynthia-gen4|1720\n|teamsize|p1|6\n|teamsize|p2|6\n|gen|9\n|tier|[Gen 9] VGC 2024 Reg H\n|rated|\n|rule|Species Clause: Limit one of each Pok\u00e9mon\n|rule|Item Clause: Limit 1 of each item\n|clearpoke\n|poke|p1|Gholdengo, L50|\n|poke|p1|Indeedee, L50, M|\n|poke|p1|Delphox, L50, F|\n|poke|p1|Murkrow, L50, M|\n|poke|p1|Clodsire, L50, M|\n|poke|p1|Decidueye-Hisui, L50, M|\n|poke|p2|Kilowattrel, L50, F|\n|poke|p2|Amoonguss, L50, F|\n|poke|p2|Kommo-o, L50, M|\n|poke|p2|Tyranitar, L50, F|\n|poke|p2|Incineroar, L50, F|\n|poke|p2|Excadrill, L50, M|\n|teampreview|4\n|inactive|Battle timer is ON: inactive players will automatically lose when time's up. (requested by Nerd159)\n|\n|t:|1732709510\n|start\n|switch|p1a: Delphox|Delphox, L50, F|100\/100\n|switch|p1b: Murkrow|Murkrow, L50, M|100\/100\n|switch|p2a: Tyranitar|Tyranitar, L50, F|100\/100\n|switch|p2b: Excadrill|Excadrill, L50, M|100\/100\n|-weather|Sandstorm|[from] ability: Sand Stream|[of] p2a: Tyranitar\n|turn|1\n|\n|t:|1732709525\n|-terastallize|p1b: Murkrow|Ghost\n|-terastallize|p2a: Tyranitar|Flying\n|move|p1a: Delphox|Protect|p1a: Delphox\n|-singleturn|p1a: Delphox|Protect\n|move|p2b: Excadrill|High Horsepower|p1a: Delphox\n|-activate|p1a: Delphox|move: Protect\n|move|p1b: Murkrow|Foul Play|p2b: Excadrill\n|-damage|p2b: Excadrill|20\/100\n|move|p2a: Tyranitar|Rock Slide|p1a: Delphox|[spread] p1b\n|-activate|p1a: Delphox|move: Protect\n|-damage|p1b: Murkrow|59\/100\n|\n|-weather|Sandstorm|[upkeep]\n|-damage|p1a: Delphox|94\/100|[from] Sandstorm\n|-damage|p1b: Murkrow|53\/100|[from] Sandstorm\n|-damage|p2a: Tyranitar|95\/100|[from] Sandstorm\n|upkeep\n|turn|2\n|inactive|fennel_strawborzoi has 30 seconds left.\n|\n|t:|1732709553\n|switch|p2b: Incineroar|Incineroar, L50, F, shiny|100\/100\n|-ability|p2b: Incineroar|Intimidate|boost\n|-unboost|p1a: Delphox|atk|1\n|-unboost|p1b: Murkrow|atk|1\n|move|p1b: Murkrow|Tailwind|p1b: Murkrow\n|-sidestart|p1: Nerd159|move: Tailwind\n|move|p1a: Delphox|Heat Wave|p2a: Tyranitar|[spread] p2a,p2b\n|-resisted|p2b: Incineroar\n|-damage|p2a: Tyranitar|68\/100\n|-damage|p2b: Incineroar|79\/100\n|-status|p2a: Tyranitar|brn\n|-damage|p1a: Delphox|85\/100|[from] item: Life Orb\n|move|p2a: Tyranitar|Knock Off|p1a: Delphox\n|-supereffective|p1a: Delphox\n|-damage|p1a: Delphox|5\/100\n|-enditem|p1a: Delphox|Life Orb|[from] move: Knock Off|[of] p2a: Tyranitar\n|\n|-weather|Sandstorm|[upkeep]\n|-damage|p1a: Delphox|0 fnt|[from] Sandstorm\n|-damage|p1b: Murkrow|47\/100|[from] Sandstorm\n|-damage|p2a: Tyranitar|62\/100 brn|[from] Sandstorm\n|faint|p1a: Delphox\n|-damage|p2a: Tyranitar|56\/100 brn|[from] brn\n|upkeep\n|\n|t:|1732709558\n|switch|p1a: Decidueye|Decidueye-Hisui, L50, M|100\/100\n|turn|3\n|\n|t:|1732709569\n|switch|p2b: Kilowattrel|Kilowattrel, L50, F|100\/100\n|move|p1a: Decidueye|Protect|p1a: Decidueye\n|-singleturn|p1a: Decidueye|Protect\n|move|p1b: Murkrow|Foul Play|p2a: Tyranitar\n|-damage|p2a: Tyranitar|13\/100 brn\n|move|p2a: Tyranitar|Tera Blast|p1a: Decidueye|[anim] Tera Blast Flying\n|-activate|p1a: Decidueye|move: Protect\n|\n|-weather|Sandstorm|[upkeep]\n|-damage|p1b: Murkrow|41\/100|[from] Sandstorm\n|-damage|p1a: Decidueye|95\/100|[from] Sandstorm\n|-damage|p2b: Kilowattrel|94\/100|[from] Sandstorm\n|-damage|p2a: Tyranitar|7\/100 brn|[from] Sandstorm\n|-damage|p2a: Tyranitar|2\/100 brn|[from] brn\n|upkeep\n|turn|4\n|\n|t:|1732709591\n|switch|p2a: Incineroar|Incineroar, L50, F, shiny|79\/100\n|-ability|p2a: Incineroar|Intimidate|boost\n|-fail|p1a: Decidueye|unboost|Attack|[from] ability: Scrappy|[of] p1a: Decidueye\n|-unboost|p1b: Murkrow|atk|1\n|move|p1b: Murkrow|Foul Play|p2b: Kilowattrel\n|-damage|p2b: Kilowattrel|57\/100\n|move|p1a: Decidueye|Triple Arrows|p2b: Kilowattrel\n|-resisted|p2b: Kilowattrel\n|-crit|p2b: Kilowattrel\n|-damage|p2b: Kilowattrel|0 fnt\n|faint|p2b: Kilowattrel\n|\n|-weather|Sandstorm|[upkeep]\n|-damage|p1b: Murkrow|35\/100|[from] Sandstorm\n|-damage|p1a: Decidueye|89\/100|[from] Sandstorm\n|upkeep\n|\n|t:|1732709606\n|switch|p2b: Excadrill|Excadrill, L50, M|20\/100\n|turn|5\n|\n|t:|1732709617\n|move|p2b: Excadrill|Protect|p2b: Excadrill\n|-singleturn|p2b: Excadrill|Protect\n|move|p1b: Murkrow|Foul Play|p2b: Excadrill\n|-activate|p2b: Excadrill|move: Protect\n|move|p1a: Decidueye|Triple Arrows|p2a: Incineroar\n|-supereffective|p2a: Incineroar\n|-crit|p2a: Incineroar\n|-damage|p2a: Incineroar|0 fnt\n|faint|p2a: Incineroar\n|\n|-weather|none\n|-sideend|p1: Nerd159|move: Tailwind\n|upkeep\n|-message|fennel_strawborzoi forfeited.\n|\n|win|Nerd159\n|raw|Nerd159's rating: 1837 &rarr; <strong>1851<\/strong><br \/>(+14 for winning)\n|raw|fennel_strawborzoi's rating: 1720 &rarr; <strong>1706<\/strong><br \/>(-14 for losing)\n|l|\u2606Nerd159\n|player|p1|\n|l|\u2606fennel_strawborzoi\n|player|p2|\n","uploadtime":1732709627,"views":17,"formatid":"gen9vgc2024regh","rating":1706,"private":0,"password":null}