{"id":"gen9vgc2024regh-2252735061","format":"[Gen 9] VGC 2024 Reg H","players":["fennel_strawborzoi","Riemann39"],"log":"|j|\u2606fennel_strawborzoi\n|j|\u2606Riemann39\n|t:|1732796809\n|gametype|doubles\n|player|p1|fennel_strawborzoi|cynthia|1707\n|player|p2|Riemann39|lucas|1795\n|teamsize|p1|6\n|teamsize|p2|6\n|gen|9\n|tier|[Gen 9] VGC 2024 Reg H\n|rated|\n|rule|Species Clause: Limit one of each Pok\u00e9mon\n|rule|Item Clause: Limit 1 of each item\n|clearpoke\n|poke|p1|Indeedee, L50, M|\n|poke|p1|Excadrill, L50, F|\n|poke|p1|Sneasler, L50, F|\n|poke|p1|Tyranitar, L50, F|\n|poke|p1|Annihilape, L50, F|\n|poke|p1|Maushold-Four, L50|\n|poke|p2|Whimsicott, L50, F|\n|poke|p2|Incineroar, L50, M|\n|poke|p2|Rillaboom, L50, F|\n|poke|p2|Kingambit, L50, M|\n|poke|p2|Dragonite, L50, F|\n|poke|p2|Ursaluna-Bloodmoon, L50, M|\n|teampreview|4\n|inactive|Battle timer is ON: inactive players will automatically lose when time's up. (requested by Riemann39)\nfennel_strawborzoi has agreed to open team sheets.\n|inactive|fennel_strawborzoi has 60 seconds left.\n|inactive|Riemann39 has 60 seconds left.\n|\n|t:|1732796851\n|start\n|switch|p1a: Annihilape|Annihilape, L50, F, shiny|100\/100\n|switch|p1b: Maushold|Maushold-Four, L50|100\/100\n|switch|p2a: Rillaboom|Rillaboom, L50, F|100\/100\n|switch|p2b: Dragonite|Dragonite, L50, F|100\/100\n|-fieldstart|move: Grassy Terrain|[from] ability: Grassy Surge|[of] p2a: Rillaboom\n|turn|1\n|\n|t:|1732796870\n|move|p2a: Rillaboom|Fake Out|p1b: Maushold\n|-damage|p1b: Maushold|82\/100\n|cant|p1b: Maushold|flinch\n|move|p1a: Annihilape|Bulk Up|p1a: Annihilape\n|-boost|p1a: Annihilape|atk|1\n|-boost|p1a: Annihilape|def|1\n|move|p2b: Dragonite|Scale Shot|p1b: Maushold\n|-damage|p1b: Maushold|65\/100\n|-damage|p1b: Maushold|48\/100\n|-damage|p1b: Maushold|31\/100\n|-damage|p1b: Maushold|14\/100\n|-damage|p1b: Maushold|0 fnt\n|faint|p1b: Maushold\n|-hitcount|p1: Maushold|5\n|-unboost|p2b: Dragonite|def|1\n|-boost|p2b: Dragonite|spe|1\n|\n|upkeep\n|\n|t:|1732796876\n|switch|p1b: Indeedee|Indeedee, L50, M|100\/100\n|-fieldstart|move: Psychic Terrain|[from] ability: Psychic Surge|[of] p1b: Indeedee\n|turn|2\n|inactive|fennel_strawborzoi has 30 seconds left.\n|inactive|fennel_strawborzoi has 20 seconds left.\n|\n|t:|1732796914\n|move|p1b: Indeedee|Dazzling Gleam|p2b: Dragonite|[spread] p2a,p2b\n|-supereffective|p2b: Dragonite\n|-damage|p2a: Rillaboom|78\/100\n|-damage|p2b: Dragonite|80\/100\n|move|p2b: Dragonite|Scale Shot|p1b: Indeedee\n|-damage|p1b: Indeedee|69\/100\n|-damage|p1b: Indeedee|38\/100\n|-damage|p1b: Indeedee|6\/100\n|-damage|p1b: Indeedee|0 fnt\n|faint|p1b: Indeedee\n|-hitcount|p1: Indeedee|4\n|-unboost|p2b: Dragonite|def|1\n|-boost|p2b: Dragonite|spe|1\n|move|p1a: Annihilape|Bulk Up|p1a: Annihilape\n|-boost|p1a: Annihilape|atk|1\n|-boost|p1a: Annihilape|def|1\n|move|p2a: Rillaboom|Worry Seed|p1a: Annihilape\n|-endability|p1a: Annihilape|Defiant|[from] move: Worry Seed\n|-ability|p1a: Annihilape|Insomnia|[from] move: Worry Seed\n|\n|upkeep\n|\n|t:|1732796920\n|switch|p1b: Sneasler|Sneasler, L50, F|100\/100\n|-enditem|p1b: Sneasler|Psychic Seed\n|-boost|p1b: Sneasler|spd|1|[from] item: Psychic Seed\n|turn|3\n|inactive|Riemann39 has 30 seconds left.\n|\n|t:|1732796954\n|move|p2b: Dragonite|Protect|p2b: Dragonite\n|-singleturn|p2b: Dragonite|Protect\n|move|p1b: Sneasler|Dire Claw|p2b: Dragonite\n|-activate|p2b: Dragonite|move: Protect\n|move|p1a: Annihilape|Drain Punch|p2a: Rillaboom\n|-damage|p2a: Rillaboom|13\/100\n|move|p2a: Rillaboom|Worry Seed|p1b: Sneasler\n|-endability|p1b: Sneasler|Unburden|[from] move: Worry Seed\n|-ability|p1b: Sneasler|Insomnia|[from] move: Worry Seed\n|\n|upkeep\n|turn|4\n|\n|t:|1732796978\n|switch|p2a: Incineroar|Incineroar, L50, M|100\/100\n|-ability|p2a: Incineroar|Intimidate|boost\n|-unboost|p1a: Annihilape|atk|1\n|-unboost|p1b: Sneasler|atk|1\n|move|p2b: Dragonite|Haze|p2b: Dragonite\n|-clearallboost\n|move|p1a: Annihilape|Drain Punch|p2a: Incineroar\n|-supereffective|p2a: Incineroar\n|-damage|p2a: Incineroar|53\/100\n|move|p1b: Sneasler|Dire Claw|p2b: Dragonite\n|-damage|p2b: Dragonite|25\/100\n|-status|p2b: Dragonite|slp\n|\n|upkeep\n|turn|5\n|inactive|Riemann39 has 30 seconds left.\n|\n|t:|1732797013\n|-terastallize|p2a: Incineroar|Ghost\n|move|p1a: Annihilape|Bulk Up|p1a: Annihilape\n|-boost|p1a: Annihilape|atk|1\n|-boost|p1a: Annihilape|def|1\n|move|p1b: Sneasler|Dire Claw|p2b: Dragonite\n|-damage|p2b: Dragonite|0 fnt\n|faint|p2b: Dragonite\n|move|p2a: Incineroar|Will-O-Wisp|p1b: Sneasler\n|-status|p1b: Sneasler|brn\n|\n|-damage|p1b: Sneasler|95\/100 brn|[from] brn\n|upkeep\n|j| CRJ2304\n|\n|t:|1732797033\n|switch|p2b: Ursaluna|Ursaluna-Bloodmoon, L50, M|100\/100\n|turn|6\n|\n|t:|1732797051\n|move|p1a: Annihilape|Drain Punch|p2b: Ursaluna\n|-supereffective|p2b: Ursaluna\n|-damage|p2b: Ursaluna|28\/100\n|move|p1b: Sneasler|Close Combat|p2b: Ursaluna\n|-supereffective|p2b: Ursaluna\n|-damage|p2b: Ursaluna|0 fnt\n|-unboost|p1b: Sneasler|def|1\n|-unboost|p1b: Sneasler|spd|1\n|faint|p2b: Ursaluna\n|move|p2a: Incineroar|Will-O-Wisp|p1a: Annihilape\n|-status|p1a: Annihilape|brn\n|\n|-damage|p1a: Annihilape|94\/100 brn|[from] brn\n|-damage|p1b: Sneasler|89\/100 brn|[from] brn\n|-fieldend|move: Psychic Terrain\n|upkeep\n|\n|t:|1732797073\n|switch|p2b: Rillaboom|Rillaboom, L50, F|13\/100\n|-fieldstart|move: Grassy Terrain|[from] ability: Grassy Surge|[of] p2b: Rillaboom\n|turn|7\n|\n|t:|1732797089\n|move|p1a: Annihilape|Protect|p1a: Annihilape\n|-singleturn|p1a: Annihilape|Protect\n|move|p1b: Sneasler|Protect|p1b: Sneasler\n|-singleturn|p1b: Sneasler|Protect\n|move|p2b: Rillaboom|Wood Hammer|p1a: Annihilape\n|-activate|p1a: Annihilape|move: Protect\n|move|p2a: Incineroar|Knock Off|p1a: Annihilape\n|-activate|p1a: Annihilape|move: Protect\n|\n|-heal|p1a: Annihilape|100\/100 brn|[from] Grassy Terrain\n|-heal|p1b: Sneasler|95\/100 brn|[from] Grassy Terrain\n|-heal|p2b: Rillaboom|19\/100|[from] Grassy Terrain\n|-heal|p2a: Incineroar|59\/100|[from] Grassy Terrain\n|-damage|p1a: Annihilape|94\/100 brn|[from] brn\n|-damage|p1b: Sneasler|89\/100 brn|[from] brn\n|upkeep\n|turn|8\n|\n|t:|1732797110\n|move|p1a: Annihilape|Rage Fist|p2a: Incineroar\n|-supereffective|p2a: Incineroar\n|-damage|p2a: Incineroar|36\/100\n|move|p1b: Sneasler|Dire Claw|p2b: Rillaboom\n|-supereffective|p2b: Rillaboom\n|-damage|p2b: Rillaboom|0 fnt\n|faint|p2b: Rillaboom\n|move|p2a: Incineroar|Knock Off|p1a: Annihilape\n|-damage|p1a: Annihilape|70\/100 brn\n|-enditem|p1a: Annihilape|Leftovers|[from] move: Knock Off|[of] p2a: Incineroar\n|\n|-heal|p1a: Annihilape|76\/100 brn|[from] Grassy Terrain\n|-heal|p1b: Sneasler|95\/100 brn|[from] Grassy Terrain\n|-heal|p2a: Incineroar|42\/100|[from] Grassy Terrain\n|-damage|p1a: Annihilape|70\/100 brn|[from] brn\n|-damage|p1b: Sneasler|89\/100 brn|[from] brn\n|upkeep\n|turn|9\n|-message|Riemann39 forfeited.\n|\n|win|fennel_strawborzoi\n|raw|fennel_strawborzoi's rating: 1707 &rarr; <strong>1732<\/strong><br \/>(+25 for winning)\n|raw|Riemann39's rating: 1795 &rarr; <strong>1770<\/strong><br \/>(-25 for losing)\n|l|\u2606Riemann39\n|player|p2|\n|l|\u2606fennel_strawborzoi\n|player|p1|\n","uploadtime":1732797264,"views":7,"formatid":"gen9vgc2024regh","rating":1732,"private":0,"password":null}