{"id":"gen9vgc2024regh-2252888939","format":"[Gen 9] VGC 2024 Reg H","players":["judang","bigbadbirdvgc"],"log":"|j|\u2606judang\n|j|\u2606bigbadbirdvgc\n|t:|1732815662\n|gametype|doubles\n|player|p1|judang|ruinmaniac|1681\n|player|p2|bigbadbirdvgc|1|1721\n|teamsize|p1|6\n|teamsize|p2|6\n|gen|9\n|tier|[Gen 9] VGC 2024 Reg H\n|rated|\n|rule|Species Clause: Limit one of each Pok\u00e9mon\n|rule|Item Clause: Limit 1 of each item\n|clearpoke\n|poke|p1|Kilowattrel, L50, F|\n|poke|p1|Garchomp, L50, F|\n|poke|p1|Ninetales-Alola, L50, F|\n|poke|p1|Typhlosion-Hisui, L50, M|\n|poke|p1|Oranguru, L50, M|\n|poke|p1|Tsareena, L50, F|\n|poke|p2|Gothitelle, L50, M|\n|poke|p2|Politoed, L50, M|\n|poke|p2|Archaludon, L50, F|\n|poke|p2|Incineroar, L50, F|\n|poke|p2|Amoonguss, L50, M|\n|poke|p2|Poliwrath, L50, F|\n|teampreview|4\n|\n|t:|1732815733\n|start\n|switch|p1a: Kilowattrel|Kilowattrel, L50, F|100\/100\n|switch|p1b: Tsareena|Tsareena, L50, F|100\/100\n|switch|p2a: Gothitelle|Gothitelle, L50, M|100\/100\n|switch|p2b: Poliwrath|Poliwrath, L50, F|100\/100\n|turn|1\n|\n|t:|1732815766\n|move|p2b: Poliwrath|Protect|p2b: Poliwrath\n|-singleturn|p2b: Poliwrath|Protect\n|move|p1a: Kilowattrel|Air Slash|p2a: Gothitelle\n|-damage|p2a: Gothitelle|73\/100\n|move|p2a: Gothitelle|Psychic|p1a: Kilowattrel\n|-damage|p1a: Kilowattrel|40\/100\n|move|p1b: Tsareena|Taunt|p2b: Poliwrath\n|-activate|p2b: Poliwrath|move: Protect\n|\n|upkeep\n|turn|2\n|\n|t:|1732815802\n|move|p1a: Kilowattrel|Air Slash|p2b: Poliwrath\n|-supereffective|p2b: Poliwrath\n|-damage|p2b: Poliwrath|13\/100\n|move|p2b: Poliwrath|Encore|p1b: Tsareena\n|-start|p1b: Tsareena|Encore\n|move|p2a: Gothitelle|Psychic|p1a: Kilowattrel\n|-damage|p1a: Kilowattrel|0 fnt\n|faint|p1a: Kilowattrel\n|move|p1b: Tsareena|Taunt|p2a: Gothitelle\n|-start|p2a: Gothitelle|move: Taunt\n|\n|upkeep\n|\n|t:|1732815817\n|switch|p1a: Garchomp|Garchomp, L50, F|100\/100\n|turn|3\n|\n|t:|1732815859\n|switch|p2a: Politoed|Politoed, L50, M|100\/100\n|-weather|RainDance|[from] ability: Drizzle|[of] p2a: Politoed\n|move|p2b: Poliwrath|Liquidation|p1a: Garchomp\n|-damage|p1a: Garchomp|40\/100\n|-damage|p2b: Poliwrath|0 fnt|[from] ability: Rough Skin|[of] p1a: Garchomp\n|faint|p2b: Poliwrath\n|move|p1a: Garchomp|Earthquake|p2a: Politoed|[spread] p1b,p2a\n|-resisted|p1b: Tsareena\n|-damage|p1b: Tsareena|76\/100\n|-damage|p2a: Politoed|51\/100\n|-damage|p1a: Garchomp|30\/100|[from] item: Life Orb\n|move|p1b: Tsareena|Taunt|p2a: Politoed\n|-start|p2a: Politoed|move: Taunt\n|-enditem|p2a: Politoed|Mental Herb\n|-end|p2a: Politoed|move: Taunt\n|\n|-weather|RainDance|[upkeep]\n|upkeep\n|\n|t:|1732815881\n|switch|p2b: Incineroar|Incineroar, L50, F|100\/100\n|-ability|p2b: Incineroar|Intimidate|boost\n|-unboost|p1a: Garchomp|atk|1\n|-unboost|p1b: Tsareena|atk|1\n|turn|4\n|\n|t:|1732815901\n|switch|p1b: Ninetales|Ninetales-Alola, L50, F|100\/100\n|-weather|Snow|[from] ability: Snow Warning|[of] p1b: Ninetales\n|switch|p2b: Gothitelle|Gothitelle, L50, M|73\/100\n|move|p1a: Garchomp|Earthquake|p2a: Politoed|[spread] p1b,p2a,p2b\n|-damage|p1b: Ninetales|66\/100\n|-damage|p2a: Politoed|22\/100\n|-damage|p2b: Gothitelle|43\/100\n|-damage|p1a: Garchomp|20\/100|[from] item: Life Orb\n|move|p2a: Politoed|Weather Ball|p1a: Garchomp\n|-supereffective|p1a: Garchomp\n|-damage|p1a: Garchomp|0 fnt\n|faint|p1a: Garchomp\n|\n|-weather|Snow|[upkeep]\n|upkeep\n|\n|t:|1732815914\n|switch|p1a: Tsareena|Tsareena, L50, F|76\/100\n|turn|5\n|j| Sachabot\n|l| Sachabot\n|\n|t:|1732815944\n|switch|p2a: Incineroar|Incineroar, L50, F|100\/100\n|-ability|p2a: Incineroar|Intimidate|boost\n|-unboost|p1a: Tsareena|atk|1\n|-unboost|p1b: Ninetales|atk|1\n|-terastallize|p2b: Gothitelle|Fire\n|move|p1b: Ninetales|Blizzard|p2b: Gothitelle|[spread] p2a,p2b\n|-resisted|p2a: Incineroar\n|-crit|p2a: Incineroar\n|-resisted|p2b: Gothitelle\n|-damage|p2a: Incineroar|71\/100\n|-damage|p2b: Gothitelle|25\/100\n|-status|p2b: Gothitelle|frz\n|-enditem|p2b: Gothitelle|Lum Berry|[eat]\n|-curestatus|p2b: Gothitelle|frz|[msg]\n|move|p2b: Gothitelle|Psychic|p1b: Ninetales\n|-damage|p1b: Ninetales|32\/100\n|move|p1a: Tsareena|High Jump Kick|p2a: Incineroar\n|-supereffective|p2a: Incineroar\n|-enditem|p2a: Incineroar|Chople Berry|[eat]\n|-enditem|p2a: Incineroar|Chople Berry|[weaken]\n|-damage|p2a: Incineroar|38\/100\n|\n|-weather|Snow|[upkeep]\n|upkeep\n|turn|6\n|\n|t:|1732816004\n|-terastallize|p1a: Tsareena|Poison\n|move|p2b: Gothitelle|Protect|p2b: Gothitelle\n|-singleturn|p2b: Gothitelle|Protect\n|move|p2a: Incineroar|Protect|p2a: Incineroar\n|-singleturn|p2a: Incineroar|Protect\n|move|p1b: Ninetales|Blizzard|p2a: Incineroar|[spread] \n|-activate|p2a: Incineroar|move: Protect\n|-activate|p2b: Gothitelle|move: Protect\n|move|p1a: Tsareena|Power Whip|p2b: Gothitelle\n|-activate|p2b: Gothitelle|move: Protect\n|\n|-weather|Snow|[upkeep]\n|upkeep\n|turn|7\n|\n|t:|1732816031\n|switch|p2a: Politoed|Politoed, L50, M|22\/100\n|-weather|RainDance|[from] ability: Drizzle|[of] p2a: Politoed\n|move|p1b: Ninetales|Blizzard|p2a: Politoed|[spread] p2a,p2b\n|-resisted|p2a: Politoed\n|-resisted|p2b: Gothitelle\n|-damage|p2a: Politoed|4\/100\n|-damage|p2b: Gothitelle|8\/100\n|move|p2b: Gothitelle|Psychic|p1a: Tsareena\n|-supereffective|p1a: Tsareena\n|-damage|p1a: Tsareena|12\/100\n|move|p1a: Tsareena|High Jump Kick|p2b: Gothitelle\n|-damage|p2b: Gothitelle|0 fnt\n|faint|p2b: Gothitelle\n|\n|-weather|RainDance|[upkeep]\n|upkeep\n|\n|t:|1732816045\n|switch|p2b: Incineroar|Incineroar, L50, F|38\/100\n|-ability|p2b: Incineroar|Intimidate|boost\n|-unboost|p1a: Tsareena|atk|1\n|-unboost|p1b: Ninetales|atk|1\n|turn|8\n|\n|t:|1732816080\n|move|p2b: Incineroar|Protect|p2b: Incineroar\n|-singleturn|p2b: Incineroar|Protect\n|move|p1b: Ninetales|Blizzard|p2b: Incineroar|[spread] p2a\n|-activate|p2b: Incineroar|move: Protect\n|-resisted|p2a: Politoed\n|-damage|p2a: Politoed|0 fnt\n|faint|p2a: Politoed\n|move|p1a: Tsareena|High Jump Kick|p2b: Incineroar\n|-activate|p2b: Incineroar|move: Protect\n|-damage|p1a: Tsareena|0 fnt|[from] highjumpkick\n|faint|p1a: Tsareena\n|\n|-weather|RainDance|[upkeep]\n|upkeep\n|turn|9\n|c|\u2606judang|Wp\n|\n|t:|1732816096\n|move|p1b: Ninetales|Blizzard|p2b: Incineroar\n|-resisted|p2b: Incineroar\n|-damage|p2b: Incineroar|11\/100\n|move|p2b: Incineroar|Knock Off|p1b: Ninetales\n|-resisted|p1b: Ninetales\n|-damage|p1b: Ninetales|0 fnt\n|-enditem|p1b: Ninetales|Choice Specs|[from] move: Knock Off|[of] p2b: Incineroar\n|faint|p1b: Ninetales\n|\n|win|bigbadbirdvgc\n|raw|judang's rating: 1681 &rarr; <strong>1663<\/strong><br \/>(-18 for losing)\n|raw|bigbadbirdvgc's rating: 1721 &rarr; <strong>1739<\/strong><br \/>(+18 for winning)\n|c|\u2606bigbadbirdvgc|ggwp\n|l|\u2606bigbadbirdvgc\n|player|p2|\n","uploadtime":1732816335,"views":163,"formatid":"gen9vgc2024regh","rating":1663,"private":0,"password":null}