{"id":"gen9vgc2024regh-2252695594","format":"[Gen 9] VGC 2024 Reg H","players":["Djjwjwwjj","Riemann39"],"log":"|j|\u2606Djjwjwwjj\n|j|\u2606Riemann39\n|t:|1732790736\n|gametype|doubles\n|player|p1|Djjwjwwjj|266|1845\n|player|p2|Riemann39|lucas|1768\n|teamsize|p1|6\n|teamsize|p2|6\n|gen|9\n|tier|[Gen 9] VGC 2024 Reg H\n|rated|\n|rule|Species Clause: Limit one of each Pok\u00e9mon\n|rule|Item Clause: Limit 1 of each item\n|clearpoke\n|poke|p1|Palafin, L50, F|\n|poke|p1|Pelipper, L50, F|\n|poke|p1|Electabuzz, L50, M|\n|poke|p1|Rillaboom, L50, F|\n|poke|p1|Incineroar, L50, M|\n|poke|p1|Gholdengo, L50|\n|poke|p2|Incineroar, L50, M|\n|poke|p2|Dragonite, L50, F|\n|poke|p2|Rillaboom, L50, M|\n|poke|p2|Gholdengo, L50|\n|poke|p2|Ursaluna-Bloodmoon, L50, M|\n|poke|p2|Whimsicott, L50, F|\n|teampreview|4\n|inactive|Battle timer is ON: inactive players will automatically lose when time's up. (requested by Djjwjwwjj)\n|j| blyng\n|l| blyng\n|inactive|Djjwjwwjj has 60 seconds left.\n|inactive|Riemann39 has 60 seconds left.\n|inactive|Djjwjwwjj has 30 seconds left.\n|inactive|Djjwjwwjj has 20 seconds left.\n|inactive|Djjwjwwjj has 15 seconds left.\n|inactive|Djjwjwwjj has 10 seconds left.\n|\n|t:|1732790820\n|start\n|switch|p1a: Incineroar|Incineroar, L50, M|100\/100\n|switch|p1b: Gholdengo|Gholdengo, L50|100\/100\n|switch|p2a: Ursaluna|Ursaluna-Bloodmoon, L50, M|100\/100\n|switch|p2b: Incineroar|Incineroar, L50, M|100\/100\n|-ability|p1a: Incineroar|Intimidate|boost\n|-unboost|p2a: Ursaluna|atk|1\n|-unboost|p2b: Incineroar|atk|1\n|-ability|p2b: Incineroar|Intimidate|boost\n|-unboost|p1a: Incineroar|atk|1\n|-unboost|p1b: Gholdengo|atk|1\n|turn|1\n|inactive|Djjwjwwjj has 30 seconds left.\n|inactive|Djjwjwwjj has 20 seconds left.\n|inactive|Djjwjwwjj has 15 seconds left.\n|inactive|Djjwjwwjj has 10 seconds left.\n|\n|t:|1732790866\n|move|p1b: Gholdengo|Protect|p1b: Gholdengo\n|-singleturn|p1b: Gholdengo|Protect\n|move|p1a: Incineroar|Parting Shot|p2b: Incineroar\n|-unboost|p2b: Incineroar|atk|1\n|-unboost|p2b: Incineroar|spa|1\n|\n|t:|1732790873\n|switch|p1a: Rillaboom|Rillaboom, L50, F|100\/100|[from] Parting Shot\n|-fieldstart|move: Grassy Terrain|[from] ability: Grassy Surge|[of] p1a: Rillaboom\n|move|p2b: Incineroar|Knock Off|p1b: Gholdengo\n|-activate|p1b: Gholdengo|move: Protect\n|move|p2a: Ursaluna|Earth Power|p1b: Gholdengo\n|-activate|p1b: Gholdengo|move: Protect\n|\n|upkeep\n|turn|2\n|inactive|Djjwjwwjj has 30 seconds left.\n|\n|t:|1732790902\n|switch|p2a: Gholdengo|Gholdengo, L50|100\/100\n|-terastallize|p1b: Gholdengo|Dragon\n|move|p1a: Rillaboom|Fake Out|p2a: Gholdengo\n|-immune|p2a: Gholdengo\n|move|p1b: Gholdengo|Nasty Plot|p1b: Gholdengo\n|-boost|p1b: Gholdengo|spa|2\n|move|p2b: Incineroar|Knock Off|p1b: Gholdengo\n|-damage|p1b: Gholdengo|83\/100\n|-enditem|p1b: Gholdengo|Leftovers|[from] move: Knock Off|[of] p2b: Incineroar\n|\n|-heal|p1b: Gholdengo|89\/100|[from] Grassy Terrain\n|upkeep\n|turn|3\n|\n|t:|1732790923\n|switch|p1a: Electabuzz|Electabuzz, L50, M|100\/100\n|move|p2a: Gholdengo|Protect|p2a: Gholdengo\n|-singleturn|p2a: Gholdengo|Protect\n|move|p1b: Gholdengo|Protect|p1b: Gholdengo\n|-singleturn|p1b: Gholdengo|Protect\n|move|p2b: Incineroar|Knock Off|p1a: Electabuzz\n|-damage|p1a: Electabuzz|81\/100\n|-enditem|p1a: Electabuzz|Eviolite|[from] move: Knock Off|[of] p2b: Incineroar\n|\n|-heal|p1a: Electabuzz|87\/100|[from] Grassy Terrain\n|-heal|p1b: Gholdengo|95\/100|[from] Grassy Terrain\n|upkeep\n|turn|4\n|\n|t:|1732790941\n|move|p1a: Electabuzz|Light Screen|p1a: Electabuzz\n|-sidestart|p1: Djjwjwwjj|move: Light Screen\n|move|p2a: Gholdengo|Nasty Plot|p2a: Gholdengo\n|-boost|p2a: Gholdengo|spa|2\n|move|p1b: Gholdengo|Shadow Ball|p2a: Gholdengo\n|-supereffective|p2a: Gholdengo\n|-damage|p2a: Gholdengo|0 fnt\n|faint|p2a: Gholdengo\n|move|p2b: Incineroar|Parting Shot|p1a: Electabuzz\n|-unboost|p1a: Electabuzz|atk|1\n|-unboost|p1a: Electabuzz|spa|1\n|\n|t:|1732790962\n|switch|p2b: Dragonite|Dragonite, L50, F|100\/100|[from] Parting Shot\n|\n|-heal|p1a: Electabuzz|92\/100|[from] Grassy Terrain\n|-heal|p1b: Gholdengo|100\/100|[from] Grassy Terrain\n|upkeep\n|\n|t:|1732790964\n|switch|p2a: Incineroar|Incineroar, L50, M|100\/100\n|-ability|p2a: Incineroar|Intimidate|boost\n|-unboost|p1a: Electabuzz|atk|1\n|-unboost|p1b: Gholdengo|atk|1\n|turn|5\n|inactive|Djjwjwwjj has 30 seconds left.\n|inactive|Djjwjwwjj has 20 seconds left.\n|\n|t:|1732791001\n|move|p1b: Gholdengo|Protect|p1b: Gholdengo\n|-singleturn|p1b: Gholdengo|Protect\n|move|p2a: Incineroar|Fake Out|p1a: Electabuzz\n|-damage|p1a: Electabuzz|77\/100\n|cant|p1a: Electabuzz|flinch\n|move|p2b: Dragonite|Scale Shot|p1a: Electabuzz\n|-damage|p1a: Electabuzz|52\/100\n|-damage|p1a: Electabuzz|28\/100\n|-damage|p1a: Electabuzz|3\/100\n|-damage|p1a: Electabuzz|0 fnt\n|faint|p1a: Electabuzz\n|-hitcount|p1: Electabuzz|4\n|-unboost|p2b: Dragonite|def|1\n|-boost|p2b: Dragonite|spe|1\n|\n|-fieldend|move: Grassy Terrain\n|upkeep\n|\n|t:|1732791019\n|switch|p1a: Incineroar|Incineroar, L50, M|100\/100\n|-ability|p1a: Incineroar|Intimidate|boost\n|-unboost|p2a: Incineroar|atk|1\n|-unboost|p2b: Dragonite|atk|1\n|turn|6\n|\n|t:|1732791033\n|switch|p2a: Ursaluna|Ursaluna-Bloodmoon, L50, M|100\/100\n|move|p2b: Dragonite|Protect|p2b: Dragonite\n|-singleturn|p2b: Dragonite|Protect\n|move|p1a: Incineroar|Fake Out|p2a: Ursaluna\n|-damage|p2a: Ursaluna|91\/100\n|move|p1b: Gholdengo|Make It Rain|p2a: Ursaluna|[spread] p2a\n|-activate|p2b: Dragonite|move: Protect\n|-damage|p2a: Ursaluna|31\/100\n|-unboost|p1b: Gholdengo|spa|1\n|\n|upkeep\n|turn|7\n|inactive|Djjwjwwjj has 30 seconds left.\n|inactive|Riemann39 has 30 seconds left.\n|inactive|Riemann39 has 20 seconds left.\n|\n|t:|1732791068\n|-terastallize|p2a: Ursaluna|Water\n|move|p2b: Dragonite|Haze|p2b: Dragonite\n|-clearallboost\n|move|p1b: Gholdengo|Make It Rain|p2a: Ursaluna|[spread] p2a,p2b\n|-resisted|p2a: Ursaluna\n|-damage|p2a: Ursaluna|16\/100\n|-damage|p2b: Dragonite|78\/100\n|-unboost|p1b: Gholdengo|spa|1\n|move|p1a: Incineroar|Knock Off|p2b: Dragonite\n|-crit|p2b: Dragonite\n|-damage|p2b: Dragonite|0 fnt\n|-enditem|p2b: Dragonite|Loaded Dice|[from] move: Knock Off|[of] p1a: Incineroar\n|faint|p2b: Dragonite\n|move|p2a: Ursaluna|Blood Moon|p1a: Incineroar\n|-damage|p1a: Incineroar|49\/100\n|\n|upkeep\n|c|\u2606Riemann39|no..\n|\n|t:|1732791087\n|switch|p2b: Incineroar|Incineroar, L50, M|100\/100\n|-ability|p2b: Incineroar|Intimidate|boost\n|-unboost|p1a: Incineroar|atk|1\n|-unboost|p1b: Gholdengo|atk|1\n|turn|8\n|\n|t:|1732791101\n|move|p1b: Gholdengo|Protect|p1b: Gholdengo\n|-singleturn|p1b: Gholdengo|Protect\n|move|p2b: Incineroar|Fake Out|p1a: Incineroar\n|-damage|p1a: Incineroar|39\/100\n|cant|p1a: Incineroar|flinch\n|move|p2a: Ursaluna|Earth Power|p1a: Incineroar\n|-supereffective|p1a: Incineroar\n|-damage|p1a: Incineroar|0 fnt\n|faint|p1a: Incineroar\n|\n|-sideend|p1: Djjwjwwjj|move: Light Screen\n|upkeep\n|\n|t:|1732791114\n|switch|p1a: Rillaboom|Rillaboom, L50, F|100\/100\n|-fieldstart|move: Grassy Terrain|[from] ability: Grassy Surge|[of] p1a: Rillaboom\n|turn|9\n|\n|t:|1732791124\n|move|p1a: Rillaboom|Fake Out|p2b: Incineroar\n|-damage|p2b: Incineroar|90\/100\n|move|p1b: Gholdengo|Shadow Ball|p2a: Ursaluna\n|-damage|p2a: Ursaluna|0 fnt\n|faint|p2a: Ursaluna\n|cant|p2b: Incineroar|flinch\n|\n|-heal|p2b: Incineroar|96\/100|[from] Grassy Terrain\n|upkeep\n|turn|10\n|j| Anonymoongus\n|\n|t:|1732791135\n|move|p1b: Gholdengo|Nasty Plot|p1b: Gholdengo\n|-boost|p1b: Gholdengo|spa|2\n|move|p1a: Rillaboom|High Horsepower|p2b: Incineroar\n|-supereffective|p2b: Incineroar\n|-damage|p2b: Incineroar|42\/100\n|move|p2b: Incineroar|Will-O-Wisp|p1a: Rillaboom\n|-status|p1a: Rillaboom|brn\n|\n|-heal|p2b: Incineroar|48\/100|[from] Grassy Terrain\n|-damage|p1a: Rillaboom|94\/100 brn|[from] brn\n|upkeep\n|turn|11\n|\n|t:|1732791149\n|move|p1b: Gholdengo|Make It Rain|p2b: Incineroar\n|-resisted|p2b: Incineroar\n|-damage|p2b: Incineroar|6\/100\n|-unboost|p1b: Gholdengo|spa|1\n|move|p1a: Rillaboom|High Horsepower|p2b: Incineroar\n|-supereffective|p2b: Incineroar\n|-damage|p2b: Incineroar|0 fnt\n|faint|p2b: Incineroar\n|\n|win|Djjwjwwjj\n|raw|Djjwjwwjj's rating: 1845 &rarr; <strong>1863<\/strong><br \/>(+18 for winning)\n|raw|Riemann39's rating: 1803 &rarr; <strong>1785<\/strong><br \/>(-18 for losing)\n|l|\u2606Riemann39\n|player|p2|\n|l| Anonymoongus\n|l|\u2606Djjwjwwjj\n|player|p1|\n","uploadtime":1732791334,"views":7,"formatid":"gen9vgc2024regh","rating":1785,"private":0,"password":null}