{"id":"gen9vgc2024regh-2252109469","format":"[Gen 9] VGC 2024 Reg H","players":["Djjwjwwjj","juacox300"],"log":"|j|\u2606Djjwjwwjj\n|j|\u2606juacox300\n|t:|1732714538\n|gametype|doubles\n|player|p1|Djjwjwwjj|169|1671\n|player|p2|juacox300|unknown|1847\n|teamsize|p1|6\n|teamsize|p2|6\n|gen|9\n|tier|[Gen 9] VGC 2024 Reg H\n|rated|\n|rule|Species Clause: Limit one of each Pok\u00e9mon\n|rule|Item Clause: Limit 1 of each item\n|clearpoke\n|poke|p1|Palafin, L50, F|\n|poke|p1|Pelipper, L50, M|\n|poke|p1|Electabuzz, L50, M|\n|poke|p1|Rillaboom, L50, M|\n|poke|p1|Incineroar, L50, F|\n|poke|p1|Gholdengo, L50|\n|poke|p2|Ursaluna, L50, F|\n|poke|p2|Murkrow, L50, M|\n|poke|p2|Sneasler, L50, M|\n|poke|p2|Indeedee, L50, M|\n|poke|p2|Archaludon, L50, M|\n|poke|p2|Incineroar, L50, F|\n|teampreview|4\n|inactive|Battle timer is ON: inactive players will automatically lose when time's up. (requested by Djjwjwwjj)\n|\n|t:|1732714563\n|start\n|switch|p1a: Incineroar|Incineroar, L50, F|100\/100\n|switch|p1b: Gholdengo|Gholdengo, L50|100\/100\n|switch|p2a: Archaludon|Archaludon, L50, M, shiny|100\/100\n|switch|p2b: Murkrow|Murkrow, L50, M|100\/100\n|-ability|p1a: Incineroar|Intimidate|boost\n|-unboost|p2a: Archaludon|atk|1\n|-unboost|p2b: Murkrow|atk|1\n|turn|1\n|j| billinio\n|inactive|Djjwjwwjj has 30 seconds left.\n|\n|t:|1732714591\n|move|p1a: Incineroar|Fake Out|p2a: Archaludon\n|-resisted|p2a: Archaludon\n|-damage|p2a: Archaludon|96\/100\n|-ability|p2a: Archaludon|Stamina|boost\n|-boost|p2a: Archaludon|def|1\n|move|p2b: Murkrow|Tailwind|p2b: Murkrow\n|-sidestart|p2: juacox300|move: Tailwind\n|cant|p2a: Archaludon|flinch\n|move|p1b: Gholdengo|Make It Rain|p2a: Archaludon|[spread] p2a,p2b\n|-resisted|p2a: Archaludon\n|-damage|p2a: Archaludon|68\/100\n|-damage|p2b: Murkrow|59\/100\n|-unboost|p1b: Gholdengo|spa|1\n|-ability|p2a: Archaludon|Stamina|boost\n|-boost|p2a: Archaludon|def|1\n|\n|upkeep\n|turn|2\n|\n|t:|1732714611\n|move|p2b: Murkrow|Rain Dance|p2b: Murkrow\n|-weather|RainDance\n|move|p2a: Archaludon|Electro Shot||[still]\n|-prepare|p2a: Archaludon|Electro Shot\n|-boost|p2a: Archaludon|spa|1\n|-anim|p2a: Archaludon|Electro Shot|p1b: Gholdengo\n|-damage|p1b: Gholdengo|30\/100\n|move|p1b: Gholdengo|Nasty Plot|p1b: Gholdengo\n|-boost|p1b: Gholdengo|spa|2\n|move|p1a: Incineroar|Parting Shot|p2a: Archaludon\n|-unboost|p2a: Archaludon|atk|1\n|-unboost|p2a: Archaludon|spa|1\n|\n|t:|1732714623\n|switch|p1a: Rillaboom|Rillaboom, L50, M|100\/100|[from] Parting Shot\n|-fieldstart|move: Grassy Terrain|[from] ability: Grassy Surge|[of] p1a: Rillaboom\n|\n|-weather|RainDance|[upkeep]\n|-heal|p2a: Archaludon|74\/100|[from] Grassy Terrain\n|-heal|p1b: Gholdengo|37\/100|[from] Grassy Terrain\n|-heal|p1b: Gholdengo|43\/100|[from] item: Leftovers\n|upkeep\n|turn|3\n|j| plplk\n|\n|t:|1732714642\n|switch|p2b: Alfred|Indeedee, L50, M, shiny|100\/100\n|-fieldstart|move: Psychic Terrain|[from] ability: Psychic Surge|[of] p2b: Alfred\n|-terastallize|p1b: Gholdengo|Dragon\n|move|p1a: Rillaboom|Fake Out|p2a: Archaludon\n|-activate|p2a: Archaludon|move: Psychic Terrain\n|move|p2a: Archaludon|Electro Shot||[still]\n|-prepare|p2a: Archaludon|Electro Shot\n|-boost|p2a: Archaludon|spa|1\n|-anim|p2a: Archaludon|Electro Shot|p1b: Gholdengo\n|-resisted|p1b: Gholdengo\n|-damage|p1b: Gholdengo|8\/100\n|move|p1b: Gholdengo|Shadow Ball|p2a: Archaludon\n|-damage|p2a: Archaludon|0 fnt\n|faint|p2a: Archaludon\n|\n|-weather|RainDance|[upkeep]\n|-heal|p1b: Gholdengo|14\/100|[from] item: Leftovers\n|upkeep\n|\n|t:|1732714652\n|switch|p2a: Tommau|Sneasler, L50, M|100\/100\n|-enditem|p2a: Tommau|Psychic Seed\n|-boost|p2a: Tommau|spd|1|[from] item: Psychic Seed\n|turn|4\n|\n|t:|1732714667\n|switch|p1a: Incineroar|Incineroar, L50, F|100\/100\n|-ability|p1a: Incineroar|Intimidate|boost\n|-unboost|p2a: Tommau|atk|1\n|-unboost|p2b: Alfred|atk|1\n|-terastallize|p2b: Alfred|Fighting\n|move|p1b: Gholdengo|Protect|p1b: Gholdengo\n|-singleturn|p1b: Gholdengo|Protect\n|move|p2a: Tommau|Dire Claw|p1a: Incineroar\n|-damage|p1a: Incineroar|72\/100\n|-status|p1a: Incineroar|slp\n|move|p2b: Alfred|Tera Blast|p1b: Gholdengo|[anim] Tera Blast Fighting\n|-activate|p1b: Gholdengo|move: Protect\n|\n|-weather|RainDance|[upkeep]\n|-heal|p1b: Gholdengo|21\/100|[from] item: Leftovers\n|-sideend|p2: juacox300|move: Tailwind\n|upkeep\n|turn|5\n|inactive|Djjwjwwjj has 30 seconds left.\n|\n|t:|1732714699\n|switch|p1a: Rillaboom|Rillaboom, L50, M|100\/100\n|-fieldstart|move: Grassy Terrain|[from] ability: Grassy Surge|[of] p1a: Rillaboom\n|move|p2a: Tommau|Dire Claw|p1b: Gholdengo\n|-damage|p1b: Gholdengo|0 fnt\n|faint|p1b: Gholdengo\n|move|p2b: Alfred|Tera Blast|p1a: Rillaboom|[anim] Tera Blast Fighting\n|-damage|p1a: Rillaboom|67\/100\n|\n|-weather|RainDance|[upkeep]\n|-heal|p1a: Rillaboom|73\/100|[from] Grassy Terrain\n|upkeep\n|\n|t:|1732714712\n|switch|p1b: Palafin|Palafin, L50, F|100\/100\n|turn|6\n|\n|t:|1732714722\n|switch|p2b: Murkrow|Murkrow, L50, M|59\/100\n|move|p2a: Tommau|Dire Claw|p1a: Rillaboom\n|-supereffective|p1a: Rillaboom\n|-damage|p1a: Rillaboom|9\/100\n|-status|p1a: Rillaboom|par\n|move|p1b: Palafin|Flip Turn|p2b: Murkrow\n|-damage|p2b: Murkrow|0 fnt\n|faint|p2b: Murkrow\n|\n|t:|1732714732\n|detailschange|p1b: Palafin|Palafin-Hero, L50, F\n|switch|p1b: Incineroar|Incineroar, L50, F|72\/100 slp|[from] Flip Turn\n|-ability|p1b: Incineroar|Intimidate|boost\n|-unboost|p2a: Tommau|atk|1\n|move|p1a: Rillaboom|High Horsepower|p2a: Tommau\n|-supereffective|p2a: Tommau\n|-damage|p2a: Tommau|0 fnt\n|faint|p2a: Tommau\n|\n|-weather|none\n|-heal|p1b: Incineroar|78\/100 slp|[from] Grassy Terrain\n|-heal|p1a: Rillaboom|15\/100 par|[from] Grassy Terrain\n|upkeep\n|-message|juacox300 forfeited.\n|\n|win|Djjwjwwjj\n|raw|Djjwjwwjj's rating: 1671 &rarr; <strong>1700<\/strong><br \/>(+29 for winning)\n|raw|juacox300's rating: 1847 &rarr; <strong>1818<\/strong><br \/>(-29 for losing)\n","uploadtime":1732714741,"views":22,"formatid":"gen9vgc2024regh","rating":1700,"private":0,"password":null}