{"id":"gen9vgc2024regh-2252488038","format":"[Gen 9] VGC 2024 Reg H","players":["SeaWolfMikess","elvegis1"],"log":"|badge|p1|bronze|gen9doublesou|100-3\n|uhtml|medal-msg|<div class=\"broadcast-blue\">Curious what those medals under the avatar are? PS now has Ladder Seasons! For more information, check out the <a href=\"https:\/\/www.smogon.com\/forums\/threads\/3740067\/\">thread on Smogon.<\/a><\/div>\n|j|\u2606SeaWolfMikess\n|j|\u2606elvegis1\n|t:|1732757085\n|gametype|doubles\n|player|p1|SeaWolfMikess|hugh|1926\n|player|p2|elvegis1|lucas|1783\n|teamsize|p1|6\n|teamsize|p2|6\n|gen|9\n|tier|[Gen 9] VGC 2024 Reg H\n|rated|\n|rule|Species Clause: Limit one of each Pok\u00e9mon\n|rule|Item Clause: Limit 1 of each item\n|clearpoke\n|poke|p1|Pelipper, L50, M|\n|poke|p1|Archaludon, L50, M|\n|poke|p1|Rillaboom, L50, M|\n|poke|p1|Sneasler, L50, M|\n|poke|p1|Incineroar, L50, F|\n|poke|p1|Gholdengo, L50|\n|poke|p2|Incineroar, L50, M|\n|poke|p2|Gholdengo, L50|\n|poke|p2|Dusclops, L50, F|\n|poke|p2|Gastrodon-East, L50, M|\n|poke|p2|Ursaluna-Bloodmoon, L50, M|\n|poke|p2|Zoroark-Hisui, L50, M|\n|teampreview|4\n|inactive|Battle timer is ON: inactive players will automatically lose when time's up. (requested by elvegis1)\n|inactive|elvegis1 has 60 seconds left.\n|\n|t:|1732757131\n|start\n|switch|p1a: Gholdengo|Gholdengo, L50|100\/100\n|switch|p1b: Incineroar|Incineroar, L50, F|100\/100\n|switch|p2a: Incineroar|Incineroar, L50, M|100\/100\n|switch|p2b: Dusclops|Dusclops, L50, F|100\/100\n|-ability|p2a: Incineroar|Intimidate|boost\n|-unboost|p1a: Gholdengo|atk|1\n|-unboost|p1b: Incineroar|atk|1\n|-ability|p1b: Incineroar|Intimidate|boost\n|-unboost|p2a: Incineroar|atk|1\n|-unboost|p2b: Dusclops|atk|1\n|-item|p1a: Gholdengo|Metal Coat|[from] ability: Frisk|[of] p2b: Dusclops\n|-item|p1b: Incineroar|Safety Goggles|[from] ability: Frisk|[of] p2b: Dusclops\n|turn|1\n|\n|t:|1732757151\n|move|p1a: Gholdengo|Nasty Plot|p1a: Gholdengo\n|-boost|p1a: Gholdengo|spa|2\n|move|p2a: Incineroar|Flare Blitz|p1a: Gholdengo\n|-supereffective|p1a: Gholdengo\n|-damage|p1a: Gholdengo|44\/100\n|-damage|p2a: Incineroar|83\/100|[from] Recoil\n|move|p1b: Incineroar|Parting Shot|p2a: Incineroar\n|-unboost|p2a: Incineroar|atk|1\n|-unboost|p2a: Incineroar|spa|1\n|\n|t:|1732757158\n|switch|p1b: Rillaboom|Rillaboom, L50, M|100\/100|[from] Parting Shot\n|-fieldstart|move: Grassy Terrain|[from] ability: Grassy Surge|[of] p1b: Rillaboom\n|move|p2b: Dusclops|Trick Room|p2b: Dusclops\n|-fieldstart|move: Trick Room|[of] p2b: Dusclops\n|\n|-heal|p2a: Incineroar|89\/100|[from] Grassy Terrain\n|-heal|p1a: Gholdengo|50\/100|[from] Grassy Terrain\n|upkeep\n|turn|2\n|\n|t:|1732757176\n|-terastallize|p2b: Dusclops|Dragon\n|-terastallize|p1a: Gholdengo|Fairy\n|move|p2a: Incineroar|Parting Shot|p1b: Rillaboom\n|-unboost|p1b: Rillaboom|atk|1\n|-unboost|p1b: Rillaboom|spa|1\n|\n|t:|1732757193\n|switch|p2a: Gastrodon|Gastrodon-East, L50, M|100\/100|[from] Parting Shot\n|move|p1b: Rillaboom|Wood Hammer|p2b: Dusclops\n|-resisted|p2b: Dusclops\n|-damage|p2b: Dusclops|85\/100\n|-damage|p1b: Rillaboom|97\/100|[from] Recoil\n|move|p1a: Gholdengo|Shadow Ball|p2b: Dusclops\n|-damage|p2b: Dusclops|42\/100\n|move|p2b: Dusclops|Trick Room|p2b: Dusclops\n|-fieldend|move: Trick Room\n|\n|-heal|p1a: Gholdengo|56\/100|[from] Grassy Terrain\n|-heal|p1b: Rillaboom|100\/100|[from] Grassy Terrain\n|-heal|p2b: Dusclops|48\/100|[from] Grassy Terrain\n|upkeep\n|turn|3\n|\n|t:|1732757216\n|switch|p2a: Incineroar|Incineroar, L50, M|89\/100\n|-ability|p2a: Incineroar|Intimidate|boost\n|-unboost|p1a: Gholdengo|atk|1\n|-unboost|p1b: Rillaboom|atk|1\n|move|p1a: Gholdengo|Make It Rain|p2a: Incineroar|[spread] p2a,p2b\n|-resisted|p2a: Incineroar\n|-damage|p2a: Incineroar|41\/100\n|-damage|p2b: Dusclops|0 fnt\n|-unboost|p1a: Gholdengo|spa|1\n|-enditem|p2a: Incineroar|Sitrus Berry|[eat]\n|-heal|p2a: Incineroar|66\/100|[from] item: Sitrus Berry\n|faint|p2b: Dusclops\n|move|p1b: Rillaboom|Wood Hammer|p2a: Incineroar\n|-resisted|p2a: Incineroar\n|-damage|p2a: Incineroar|48\/100\n|-damage|p1b: Rillaboom|95\/100|[from] Recoil\n|\n|-heal|p1a: Gholdengo|62\/100|[from] Grassy Terrain\n|-heal|p1b: Rillaboom|100\/100|[from] Grassy Terrain\n|-heal|p2a: Incineroar|54\/100|[from] Grassy Terrain\n|upkeep\n|\n|t:|1732757226\n|switch|p2b: Ursaluna|Ursaluna-Bloodmoon, L50, M|100\/100\n|turn|4\n|\n|t:|1732757236\n|switch|p1b: Incineroar|Incineroar, L50, F|100\/100\n|-ability|p1b: Incineroar|Intimidate|boost\n|-unboost|p2a: Incineroar|atk|1\n|-unboost|p2b: Ursaluna|atk|1\n|move|p1a: Gholdengo|Protect|p1a: Gholdengo\n|-singleturn|p1a: Gholdengo|Protect\n|move|p2a: Incineroar|Fake Out|p1b: Incineroar\n|-damage|p1b: Incineroar|95\/100\n|move|p2b: Ursaluna|Hyper Voice|p1a: Gholdengo|[spread] p1b\n|-activate|p1a: Gholdengo|move: Protect\n|-damage|p1b: Incineroar|59\/100\n|\n|-heal|p1a: Gholdengo|69\/100|[from] Grassy Terrain\n|-heal|p2a: Incineroar|60\/100|[from] Grassy Terrain\n|-heal|p1b: Incineroar|65\/100|[from] Grassy Terrain\n|upkeep\n|turn|5\n|j| alt+numpad1\n|inactive|SeaWolfMikess has 30 seconds left.\n|\n|t:|1732757269\n|switch|p2b: Gastrodon|Gastrodon-East, L50, M|100\/100\n|move|p1a: Gholdengo|Make It Rain|p2b: Gastrodon|[spread] p2a,p2b\n|-resisted|p2a: Incineroar\n|-crit|p2a: Incineroar\n|-resisted|p2b: Gastrodon\n|-damage|p2a: Incineroar|14\/100\n|-damage|p2b: Gastrodon|68\/100\n|-unboost|p1a: Gholdengo|spa|1\n|move|p2a: Incineroar|Parting Shot|p1b: Incineroar\n|-unboost|p1b: Incineroar|atk|1\n|-unboost|p1b: Incineroar|spa|1\n|\n|t:|1732757280\n|switch|p2a: Ursaluna|Ursaluna-Bloodmoon, L50, M|100\/100|[from] Parting Shot\n|move|p1b: Incineroar|Knock Off|p2b: Gastrodon\n|-damage|p2b: Gastrodon|40\/100\n|-enditem|p2b: Gastrodon|Leftovers|[from] move: Knock Off|[of] p1b: Incineroar\n|\n|-heal|p1a: Gholdengo|75\/100|[from] Grassy Terrain\n|-heal|p1b: Incineroar|71\/100|[from] Grassy Terrain\n|-heal|p2b: Gastrodon|46\/100|[from] Grassy Terrain\n|-fieldend|move: Grassy Terrain\n|upkeep\n|turn|6\n|\n|t:|1732757297\n|move|p1a: Gholdengo|Protect|p1a: Gholdengo\n|-singleturn|p1a: Gholdengo|Protect\n|move|p1b: Incineroar|Parting Shot|p2a: Ursaluna\n|-unboost|p2a: Ursaluna|atk|1\n|-unboost|p2a: Ursaluna|spa|1\n|\n|t:|1732757302\n|switch|p1b: Rillaboom|Rillaboom, L50, M|100\/100|[from] Parting Shot\n|-fieldstart|move: Grassy Terrain|[from] ability: Grassy Surge|[of] p1b: Rillaboom\n|move|p2a: Ursaluna|Blood Moon|p1a: Gholdengo\n|-activate|p1a: Gholdengo|move: Protect\n|move|p2b: Gastrodon|Yawn|p1b: Rillaboom\n|-start|p1b: Rillaboom|move: Yawn|[of] p2b: Gastrodon\n|\n|-heal|p1a: Gholdengo|81\/100|[from] Grassy Terrain\n|-heal|p2b: Gastrodon|53\/100|[from] Grassy Terrain\n|upkeep\n|turn|7\n|-message|elvegis1 forfeited.\n|\n|win|SeaWolfMikess\n|raw|SeaWolfMikess's rating: 1926 &rarr; <strong>1938<\/strong><br \/>(+12 for winning)\n|raw|elvegis1's rating: 1783 &rarr; <strong>1771<\/strong><br \/>(-12 for losing)\n|l|\u2606elvegis1\n|player|p2|\n|l|\u2606SeaWolfMikess\n|player|p1|\n","uploadtime":1732757537,"views":30,"formatid":"gen9vgc2024regh","rating":1771,"private":0,"password":null}