{"id":"gen9vgc2024regh-2252937195","format":"[Gen 9] VGC 2024 Reg H","players":["bigbadbirdvgc","marcxhenry"],"log":"|j|\u2606bigbadbirdvgc\n|j|\u2606marcxhenry\n|t:|1732820988\n|gametype|doubles\n|player|p1|bigbadbirdvgc|1|1689\n|player|p2|marcxhenry|plasmagrunt-gen5bw|1662\n|teamsize|p1|6\n|teamsize|p2|6\n|gen|9\n|tier|[Gen 9] VGC 2024 Reg H\n|rated|\n|rule|Species Clause: Limit one of each Pok\u00e9mon\n|rule|Item Clause: Limit 1 of each item\n|clearpoke\n|poke|p1|Gothitelle, L50, M|\n|poke|p1|Politoed, L50, M|\n|poke|p1|Archaludon, L50, F|\n|poke|p1|Incineroar, L50, M|\n|poke|p1|Amoonguss, L50, M|\n|poke|p1|Basculegion, L50, M|\n|poke|p2|Tatsugiri, L50, M|\n|poke|p2|Weezing-Galar, L50, M|\n|poke|p2|Indeedee-F, L50, F|\n|poke|p2|Armarouge, L50, M|\n|poke|p2|Slaking, L50, M|\n|poke|p2|Dondozo, L50, M|\n|teampreview|4\n|\n|t:|1732821051\n|start\n|switch|p1a: Archaludon|Archaludon, L50, F|100\/100\n|switch|p1b: Amoonguss|Amoonguss, L50, M|100\/100\n|switch|p2a: Weezing|Weezing-Galar, L50, M|100\/100\n|switch|p2b: Slaking|Slaking, L50, M, shiny|100\/100\n|-ability|p2a: Weezing|Neutralizing Gas\n|turn|1\n|\n|t:|1732821071\n|-terastallize|p1a: Archaludon|Electric\n|move|p2b: Slaking|Protect|p2b: Slaking\n|-singleturn|p2b: Slaking|Protect\n|move|p1b: Amoonguss|Rage Powder|p1b: Amoonguss\n|-singleturn|p1b: Amoonguss|move: Rage Powder\n|move|p1a: Archaludon|Electro Shot||[still]\n|-prepare|p1a: Archaludon|Electro Shot\n|-boost|p1a: Archaludon|spa|1\n|-enditem|p1a: Archaludon|Power Herb\n|-anim|p1a: Archaludon|Electro Shot|p2a: Weezing\n|-damage|p2a: Weezing|18\/100\n|-enditem|p2a: Weezing|Sitrus Berry|[eat]\n|-heal|p2a: Weezing|42\/100|[from] item: Sitrus Berry\n|move|p2a: Weezing|Taunt|p1b: Amoonguss\n|-start|p1b: Amoonguss|move: Taunt\n|\n|upkeep\n|turn|2\n|\n|t:|1732821100\n|switch|p1a: Politoed|Politoed, L50, M|100\/100\n|move|p2b: Slaking|Double-Edge|p1a: Politoed\n|-damage|p1a: Politoed|7\/100\n|-damage|p2b: Slaking|74\/100|[from] Recoil\n|-damage|p2b: Slaking|64\/100|[from] item: Life Orb\n|move|p2a: Weezing|Strange Steam|p1a: Politoed\n|-damage|p1a: Politoed|0 fnt\n|faint|p1a: Politoed\n|move|p1b: Amoonguss|Pollen Puff|p1: Politoed|[notarget]\n|-fail|p1b: Amoonguss\n|\n|upkeep\n|\n|t:|1732821116\n|switch|p1a: Incineroar|Incineroar, L50, M|100\/100\n|turn|3\n|\n|t:|1732821126\n|switch|p1b: Archaludon|Archaludon, L50, F, tera:Electric|100\/100\n|-terastallize|p2b: Slaking|Ghost\n|move|p1a: Incineroar|Protect|p1a: Incineroar\n|-singleturn|p1a: Incineroar|Protect\n|move|p2b: Slaking|Double-Edge|p1b: Archaludon\n|-damage|p1b: Archaludon|19\/100\n|-damage|p2b: Slaking|42\/100|[from] Recoil\n|-damage|p2b: Slaking|32\/100|[from] item: Life Orb\n|move|p2a: Weezing|Strange Steam|p1b: Archaludon\n|-damage|p1b: Archaludon|0 fnt\n|faint|p1b: Archaludon\n|\n|upkeep\n|\n|t:|1732821141\n|switch|p1b: Amoonguss|Amoonguss, L50, M|100\/100\n|turn|4\n|\n|t:|1732821155\n|move|p2b: Slaking|Protect|p2b: Slaking\n|-singleturn|p2b: Slaking|Protect\n|move|p1a: Incineroar|Knock Off|p2a: Weezing\n|-resisted|p2a: Weezing\n|-damage|p2a: Weezing|29\/100\n|move|p2a: Weezing|Taunt|p1b: Amoonguss\n|-start|p1b: Amoonguss|move: Taunt\n|move|p1b: Amoonguss|Pollen Puff|p2a: Weezing\n|-resisted|p2a: Weezing\n|-damage|p2a: Weezing|25\/100\n|\n|upkeep\n|turn|5\n|\n|t:|1732821171\n|move|p1a: Incineroar|Protect|p1a: Incineroar\n|-singleturn|p1a: Incineroar|Protect\n|move|p2b: Slaking|Drain Punch|p1a: Incineroar\n|-activate|p1a: Incineroar|move: Protect\n|move|p2a: Weezing|Strange Steam|p1a: Incineroar\n|-activate|p1a: Incineroar|move: Protect\n|move|p1b: Amoonguss|Pollen Puff|p2b: Slaking\n|-resisted|p2b: Slaking\n|-damage|p2b: Slaking|23\/100\n|\n|upkeep\n|turn|6\n|\n|t:|1732821185\n|move|p1a: Incineroar|Protect||[still]\n|-fail|p1a: Incineroar\n|move|p2b: Slaking|Drain Punch|p1a: Incineroar\n|-supereffective|p1a: Incineroar\n|-enditem|p1a: Incineroar|Chople Berry|[eat]\n|-enditem|p1a: Incineroar|Chople Berry|[weaken]\n|-damage|p1a: Incineroar|57\/100\n|-heal|p2b: Slaking|42\/100|[from] drain|[of] p1a: Incineroar\n|-damage|p2b: Slaking|32\/100|[from] item: Life Orb\n|move|p2a: Weezing|Strange Steam|p1a: Incineroar\n|-damage|p1a: Incineroar|34\/100\n|move|p1b: Amoonguss|Pollen Puff|p2b: Slaking\n|-resisted|p2b: Slaking\n|-damage|p2b: Slaking|22\/100\n|\n|-end|p1b: Amoonguss|move: Taunt\n|upkeep\n|turn|7\n|c|\u2606bigbadbirdvgc|ggw[\n|c|\u2606bigbadbirdvgc|wp\n|c|\u2606marcxhenry|gg\n|-message|bigbadbirdvgc forfeited.\n|\n|win|marcxhenry\n|raw|bigbadbirdvgc's rating: 1689 &rarr; <strong>1667<\/strong><br \/>(-22 for losing)\n|raw|marcxhenry's rating: 1662 &rarr; <strong>1684<\/strong><br \/>(+22 for winning)\n|l|\u2606bigbadbirdvgc\n|player|p1|\n|l|\u2606marcxhenry\n|player|p2|\n","uploadtime":1732821427,"views":11,"formatid":"gen9vgc2024regh","rating":1667,"private":0,"password":null}