{"id":"gen9vgc2024regh-2252354016","format":"[Gen 9] VGC 2024 Reg H","players":["waltermelon2","ren122333"],"log":"|j|\u2606waltermelon2\n|j|\u2606ren122333\n|t:|1732740856\n|gametype|doubles\n|player|p1|waltermelon2|ingo|1661\n|player|p2|ren122333|hilbert|1788\n|teamsize|p1|6\n|teamsize|p2|6\n|gen|9\n|tier|[Gen 9] VGC 2024 Reg H\n|rated|\n|rule|Species Clause: Limit one of each Pok\u00e9mon\n|rule|Item Clause: Limit 1 of each item\n|clearpoke\n|poke|p1|Sneasler, L50, F|\n|poke|p1|Dragonite, L50, F|\n|poke|p1|Milotic, L50, F|\n|poke|p1|Indeedee, L50, M|\n|poke|p1|Typhlosion-Hisui, L50, F|\n|poke|p1|Whimsicott, L50, M|\n|poke|p2|Whimsicott, L50, M|\n|poke|p2|Mamoswine, L50, M|\n|poke|p2|Lycanroc-Dusk, L50, M|\n|poke|p2|Typhlosion-Hisui, L50, M|\n|poke|p2|Farigiraf, L50, M|\n|poke|p2|Mienshao, L50, F|\n|teampreview|4\n|\n|t:|1732740870\n|start\n|switch|p1a: Whimsicott|Whimsicott, L50, M|100\/100\n|switch|p1b: Indeedee|Indeedee, L50, M|100\/100\n|switch|p2a: Whimsicott|Whimsicott, L50, M|100\/100\n|switch|p2b: Farigiraf|Farigiraf, L50, M|100\/100\n|-fieldstart|move: Psychic Terrain|[from] ability: Psychic Surge|[of] p1b: Indeedee\n|turn|1\n|\n|t:|1732740883\n|move|p2a: Whimsicott|Tailwind|p2a: Whimsicott\n|-sidestart|p2: ren122333|move: Tailwind\n|move|p2b: Farigiraf|Hyper Voice|p1a: Whimsicott|[spread] p1a,p1b\n|-damage|p1a: Whimsicott|65\/100\n|-damage|p1b: Indeedee|53\/100\n|move|p1a: Whimsicott|Moonblast|p2b: Farigiraf\n|-damage|p2b: Farigiraf|70\/100\n|move|p1b: Indeedee|Expanding Force|p2a: Whimsicott|[spread] p2a,p2b\n|-resisted|p2b: Farigiraf\n|-damage|p2a: Whimsicott|8\/100\n|-damage|p2b: Farigiraf|38\/100\n|\n|upkeep\n|turn|2\n|\n|t:|1732740906\n|move|p1a: Whimsicott|Tailwind|p1a: Whimsicott\n|-sidestart|p1: waltermelon2|move: Tailwind\n|move|p2a: Whimsicott|Moonblast|p1b: Indeedee\n|-damage|p1b: Indeedee|1\/100\n|move|p1b: Indeedee|Expanding Force|p2b: Farigiraf|[spread] p2a,p2b\n|-resisted|p2b: Farigiraf\n|-damage|p2a: Whimsicott|0 fnt\n|-damage|p2b: Farigiraf|7\/100\n|faint|p2a: Whimsicott\n|move|p2b: Farigiraf|Expanding Force|p1b: Indeedee|[spread] p1a,p1b\n|-resisted|p1b: Indeedee\n|-damage|p1a: Whimsicott|3\/100\n|-damage|p1b: Indeedee|0 fnt\n|faint|p1b: Indeedee\n|\n|upkeep\n|\n|t:|1732740917\n|switch|p2a: Mamoswine|Mamoswine, L50, M|100\/100\n|switch|p1b: Milotic|Milotic, L50, F|100\/100\n|turn|3\n|\n|t:|1732740939\n|-terastallize|p2a: Mamoswine|Grass\n|move|p1a: Whimsicott|Moonblast|p2b: Farigiraf\n|-damage|p2b: Farigiraf|0 fnt\n|faint|p2b: Farigiraf\n|move|p2a: Mamoswine|Tera Blast|p1b: Milotic|[anim] Tera Blast Grass\n|-supereffective|p1b: Milotic\n|-damage|p1b: Milotic|14\/100\n|move|p1b: Milotic|Scald|p2a: Mamoswine\n|-resisted|p2a: Mamoswine\n|-damage|p2a: Mamoswine|78\/100\n|\n|upkeep\n|inactive|Battle timer is ON: inactive players will automatically lose when time's up. (requested by ren122333)\n|\n|t:|1732740946\n|switch|p2b: Typhlosion|Typhlosion-Hisui, L50, M|100\/100\n|-item|p1a: Whimsicott|Covert Cloak|[from] ability: Frisk|[of] p2b: Typhlosion\n|-item|p1b: Milotic|Assault Vest|[from] ability: Frisk|[of] p2b: Typhlosion\n|turn|4\n|\n|t:|1732740969\n|move|p2b: Typhlosion|Eruption|p1a: Whimsicott|[spread] p1a,p1b\n|-supereffective|p1a: Whimsicott\n|-resisted|p1b: Milotic\n|-damage|p1a: Whimsicott|0 fnt\n|-damage|p1b: Milotic|0 fnt\n|faint|p1a: Whimsicott\n|faint|p1b: Milotic\n|move|p2a: Mamoswine|Tera Blast|p1: Whimsicott|[notarget]\n|-fail|p2a: Mamoswine\n|\n|-sideend|p2: ren122333|move: Tailwind\n|upkeep\n|\n|t:|1732740972\n|switch|p1b: Sneasler|Sneasler, L50, F|100\/100\n|-enditem|p1b: Sneasler|Psychic Seed\n|-boost|p1b: Sneasler|spd|1|[from] item: Psychic Seed\n|turn|5\n|inactive|waltermelon2 has 30 seconds left.\n|\n|t:|1732741000\n|-terastallize|p1b: Sneasler|Dark\n|move|p1b: Sneasler|Throat Chop|p2b: Typhlosion\n|-supereffective|p2b: Typhlosion\n|-damage|p2b: Typhlosion|0 fnt\n|faint|p2b: Typhlosion\n|move|p2a: Mamoswine|High Horsepower|p1b: Sneasler\n|-damage|p1b: Sneasler|11\/100\n|\n|-sideend|p1: waltermelon2|move: Tailwind\n|-fieldend|move: Psychic Terrain\n|upkeep\n|turn|6\n|j| megustalavida10\n|\n|t:|1732741008\n|move|p1b: Sneasler|Dire Claw|p2a: Mamoswine\n|-supereffective|p2a: Mamoswine\n|-damage|p2a: Mamoswine|0 fnt\n|faint|p2a: Mamoswine\n|\n|win|waltermelon2\n|raw|waltermelon2's rating: 1661 &rarr; <strong>1688<\/strong><br \/>(+27 for winning)\n|raw|ren122333's rating: 1788 &rarr; <strong>1761<\/strong><br \/>(-27 for losing)\n","uploadtime":1732741011,"views":39,"formatid":"gen9vgc2024regh","rating":1688,"private":0,"password":null}