{"id":"gen9vgc2024regh-2252376292","format":"[Gen 9] VGC 2024 Reg H","players":["Zordor","ren122333"],"log":"|j|\u2606Zordor\n|j|\u2606ren122333\n|t:|1732743303\n|gametype|doubles\n|player|p1|Zordor|pilot|1680\n|player|p2|ren122333|hilbert|1745\n|teamsize|p1|6\n|teamsize|p2|6\n|gen|9\n|tier|[Gen 9] VGC 2024 Reg H\n|rated|\n|rule|Species Clause: Limit one of each Pok\u00e9mon\n|rule|Item Clause: Limit 1 of each item\n|clearpoke\n|poke|p1|Rotom-Wash, L50|\n|poke|p1|Sneasler, L50, M|\n|poke|p1|Armarouge, L50, M|\n|poke|p1|Venusaur, L50, M|\n|poke|p1|Scizor, L50, F|\n|poke|p1|Dragapult, L50, F|\n|poke|p2|Whimsicott, L50, M|\n|poke|p2|Mamoswine, L50, F|\n|poke|p2|Lycanroc-Dusk, L50, F|\n|poke|p2|Typhlosion-Hisui, L50, M|\n|poke|p2|Farigiraf, L50, F|\n|poke|p2|Mienshao, L50, F|\n|teampreview|4\n|\n|t:|1732743342\n|start\n|switch|p1a: Rotom|Rotom-Wash, L50|100\/100\n|switch|p1b: Scizor|Scizor, L50, F|100\/100\n|switch|p2a: Whimsicott|Whimsicott, L50, M|100\/100\n|switch|p2b: Mienshao|Mienshao, L50, F|100\/100\n|turn|1\n|inactive|Battle timer is ON: inactive players will automatically lose when time's up. (requested by ren122333)\n|\n|t:|1732743355\n|move|p2a: Whimsicott|Tailwind|p2a: Whimsicott\n|-sidestart|p2: ren122333|move: Tailwind\n|move|p1b: Scizor|Bullet Punch|p2a: Whimsicott\n|-supereffective|p2a: Whimsicott\n|-damage|p2a: Whimsicott|15\/100\n|move|p2b: Mienshao|Close Combat|p1a: Rotom\n|-damage|p1a: Rotom|20\/100\n|-unboost|p2b: Mienshao|def|1\n|-unboost|p2b: Mienshao|spd|1\n|-damage|p2b: Mienshao|91\/100|[from] item: Life Orb\n|move|p1a: Rotom|Will-O-Wisp|p2b: Mienshao\n|-status|p2b: Mienshao|brn\n|\n|-damage|p2b: Mienshao|85\/100 brn|[from] brn\n|upkeep\n|turn|2\n|j| Former Fang\n|inactive|Zordor has 30 seconds left.\n|inactive|ren122333 has 30 seconds left.\n|inactive|Zordor has 20 seconds left.\n|\n|t:|1732743395\n|move|p2a: Whimsicott|Encore|p1a: Rotom\n|-start|p1a: Rotom|Encore\n|move|p1b: Scizor|Bullet Punch|p2a: Whimsicott\n|-supereffective|p2a: Whimsicott\n|-damage|p2a: Whimsicott|0 fnt\n|faint|p2a: Whimsicott\n|move|p2b: Mienshao|Close Combat|p1b: Scizor\n|-damage|p1b: Scizor|62\/100\n|-unboost|p2b: Mienshao|def|1\n|-unboost|p2b: Mienshao|spd|1\n|-damage|p2b: Mienshao|75\/100 brn|[from] item: Life Orb\n|move|p1a: Rotom|Will-O-Wisp|p2b: Mienshao\n|-fail|p2b: Mienshao|brn\n|\n|-damage|p2b: Mienshao|69\/100 brn|[from] brn\n|upkeep\n|\n|t:|1732743405\n|switch|p2a: Typhlosion|Typhlosion-Hisui, L50, M|100\/100\n|-item|p1a: Rotom|Safety Goggles|[from] ability: Frisk|[of] p2a: Typhlosion\n|-item|p1b: Scizor|Sitrus Berry|[from] ability: Frisk|[of] p2a: Typhlosion\n|turn|3\n|inactive|Zordor has 30 seconds left.\n|l| Former Fang\n|inactive|Zordor has 20 seconds left.\n|\n|t:|1732743443\n|switch|p1a: Armarouge|Armarouge, L50, M|100\/100\n|-terastallize|p1b: Scizor|Water\n|move|p2b: Mienshao|Close Combat|p1a: Armarouge\n|-resisted|p1a: Armarouge\n|-damage|p1a: Armarouge|81\/100\n|-unboost|p2b: Mienshao|def|1\n|-unboost|p2b: Mienshao|spd|1\n|-damage|p2b: Mienshao|59\/100 brn|[from] item: Life Orb\n|move|p2a: Typhlosion|Shadow Ball|p1b: Scizor\n|-damage|p1b: Scizor|0 fnt\n|faint|p1b: Scizor\n|\n|-damage|p2b: Mienshao|54\/100 brn|[from] brn\n|upkeep\n|\n|t:|1732743458\n|switch|p1b: Sneasler|Sneasler, L50, M|100\/100\n|turn|4\n|\n|t:|1732743466\n|move|p1b: Sneasler|Protect|p1b: Sneasler\n|-singleturn|p1b: Sneasler|Protect\n|move|p1a: Armarouge|Protect|p1a: Armarouge\n|-singleturn|p1a: Armarouge|Protect\n|move|p2b: Mienshao|Ice Spinner|p1b: Sneasler\n|-activate|p1b: Sneasler|move: Protect\n|move|p2a: Typhlosion|Shadow Ball|p1b: Sneasler\n|-activate|p1b: Sneasler|move: Protect\n|\n|-damage|p2b: Mienshao|48\/100 brn|[from] brn\n|-sideend|p2: ren122333|move: Tailwind\n|upkeep\n|turn|5\n|\n|t:|1732743478\n|-terastallize|p2a: Typhlosion|Fire\n|move|p1b: Sneasler|Rock Tomb|p2a: Typhlosion\n|-supereffective|p2a: Typhlosion\n|-crit|p2a: Typhlosion\n|-damage|p2a: Typhlosion|16\/100\n|-unboost|p2a: Typhlosion|spe|1\n|move|p2b: Mienshao|Ice Spinner|p1b: Sneasler\n|-damage|p1b: Sneasler|74\/100\n|-damage|p2b: Mienshao|38\/100 brn|[from] item: Life Orb\n|move|p1a: Armarouge|Meteor Beam||[still]\n|-prepare|p1a: Armarouge|Meteor Beam\n|-boost|p1a: Armarouge|spa|1\n|-enditem|p1a: Armarouge|Power Herb\n|-anim|p1a: Armarouge|Meteor Beam|p2a: Typhlosion|[miss]\n|-miss|p1a: Armarouge|p2a: Typhlosion\n|move|p2a: Typhlosion|Shadow Ball|p1b: Sneasler\n|-damage|p1b: Sneasler|1\/100\n|\n|-damage|p2b: Mienshao|32\/100 brn|[from] brn\n|upkeep\n|turn|6\n|inactive|ren122333 has 30 seconds left.\n|\n|t:|1732743506\n|move|p1b: Sneasler|Close Combat|p2b: Mienshao\n|-damage|p2b: Mienshao|0 fnt\n|-unboost|p1b: Sneasler|def|1\n|-unboost|p1b: Sneasler|spd|1\n|faint|p2b: Mienshao\n|move|p1a: Armarouge|Psychic|p2a: Typhlosion\n|-damage|p2a: Typhlosion|0 fnt\n|faint|p2a: Typhlosion\n|\n|upkeep\n|-message|ren122333 forfeited.\n|\n|win|Zordor\n|raw|Zordor's rating: 1680 &rarr; <strong>1704<\/strong><br \/>(+24 for winning)\n|raw|ren122333's rating: 1745 &rarr; <strong>1721<\/strong><br \/>(-24 for losing)\n|l|\u2606ren122333\n|player|p2|\n|l|\u2606Zordor\n|player|p1|\n","uploadtime":1732743721,"views":21,"formatid":"gen9vgc2024regh","rating":1704,"private":0,"password":null}