{"id":"gen9vgc2024regh-2252943597","format":"[Gen 9] VGC 2024 Reg H","players":["judang","CarryTheBoats"],"log":"|j|\u2606judang\n|j|\u2606CarryTheBoats\n|t:|1732821694\n|gametype|doubles\n|player|p1|judang|ruinmaniac|1701\n|player|p2|CarryTheBoats|crasherwake|1780\n|teamsize|p1|6\n|teamsize|p2|6\n|gen|9\n|tier|[Gen 9] VGC 2024 Reg H\n|rated|\n|rule|Species Clause: Limit one of each Pok\u00e9mon\n|rule|Item Clause: Limit 1 of each item\n|clearpoke\n|poke|p1|Kilowattrel, L50, F|\n|poke|p1|Garchomp, L50, M|\n|poke|p1|Ninetales-Alola, L50, F|\n|poke|p1|Typhlosion-Hisui, L50, M|\n|poke|p1|Oranguru, L50, M|\n|poke|p1|Tsareena, L50, F|\n|poke|p2|Archaludon, L50, F|\n|poke|p2|Pelipper, L50, M|\n|poke|p2|Amoonguss, L50, F|\n|poke|p2|Incineroar, L50, M|\n|poke|p2|Basculegion, L50, M|\n|poke|p2|Dragonite, L50, F|\n|teampreview|4\n|\n|t:|1732821734\n|start\n|switch|p1a: Kilowattrel|Kilowattrel, L50, F|100\/100\n|switch|p1b: Tsareena|Tsareena, L50, F|100\/100\n|switch|p2a: Dragonite|Dragonite, L50, F|100\/100\n|switch|p2b: Archaludon|Archaludon, L50, F, shiny|100\/100\n|turn|1\n|\n|t:|1732821746\n|switch|p2b: Incineroar|Incineroar, L50, M, shiny|100\/100\n|-ability|p2b: Incineroar|Intimidate|boost\n|-unboost|p1a: Kilowattrel|atk|1\n|-ability|p1a: Kilowattrel|Competitive|boost\n|-boost|p1a: Kilowattrel|spa|2\n|-unboost|p1b: Tsareena|atk|1\n|-terastallize|p2a: Dragonite|Fairy\n|move|p1a: Kilowattrel|Tailwind|p1a: Kilowattrel\n|-sidestart|p1: judang|move: Tailwind\n|move|p1b: Tsareena|Triple Axel|p2a: Dragonite\n|-damage|p2a: Dragonite|98\/100\n|-damage|p2a: Dragonite|88\/100\n|-damage|p2a: Dragonite|73\/100\n|-hitcount|p2a: Dragonite|3\n|move|p2a: Dragonite|Scale Shot|p1a: Kilowattrel\n|-damage|p1a: Kilowattrel|73\/100\n|-damage|p1a: Kilowattrel|46\/100\n|-damage|p1a: Kilowattrel|18\/100\n|-damage|p1a: Kilowattrel|0 fnt\n|faint|p1a: Kilowattrel\n|-hitcount|p1: Kilowattrel|4\n|-unboost|p2a: Dragonite|def|1\n|-boost|p2a: Dragonite|spe|1\n|\n|upkeep\n|\n|t:|1732821759\n|switch|p1a: Garchomp|Garchomp, L50, M|100\/100\n|turn|2\n|\n|t:|1732821785\n|switch|p2b: Pelipper|Pelipper, L50, M|100\/100\n|-weather|RainDance|[from] ability: Drizzle|[of] p2b: Pelipper\n|-terastallize|p1a: Garchomp|Steel\n|move|p2a: Dragonite|Protect|p2a: Dragonite\n|-singleturn|p2a: Dragonite|Protect\n|move|p1a: Garchomp|Earthquake|p2b: Pelipper|[spread] p1b\n|-activate|p2a: Dragonite|move: Protect\n|-immune|p2b: Pelipper\n|-resisted|p1b: Tsareena\n|-damage|p1b: Tsareena|74\/100\n|-damage|p1a: Garchomp|91\/100|[from] item: Life Orb\n|move|p1b: Tsareena|High Jump Kick|p2b: Pelipper\n|-resisted|p2b: Pelipper\n|-damage|p2b: Pelipper|78\/100\n|\n|-weather|RainDance|[upkeep]\n|upkeep\n|turn|3\n|\n|t:|1732821805\n|switch|p2b: Incineroar|Incineroar, L50, M, shiny|100\/100\n|-ability|p2b: Incineroar|Intimidate|boost\n|-unboost|p1a: Garchomp|atk|1\n|-unboost|p1b: Tsareena|atk|1\n|move|p1a: Garchomp|Iron Head|p2a: Dragonite\n|-supereffective|p2a: Dragonite\n|-damage|p2a: Dragonite|0 fnt\n|faint|p2a: Dragonite\n|-damage|p1a: Garchomp|81\/100|[from] item: Life Orb\n|move|p1b: Tsareena|Power Whip|p2b: Incineroar\n|-resisted|p2b: Incineroar\n|-damage|p2b: Incineroar|86\/100\n|\n|-weather|RainDance|[upkeep]\n|upkeep\n|\n|t:|1732821814\n|switch|p2a: Archaludon|Archaludon, L50, F, shiny|100\/100\n|turn|4\n|\n|t:|1732821857\n|switch|p1a: Ninetales|Ninetales-Alola, L50, F|100\/100\n|-weather|Snow|[from] ability: Snow Warning|[of] p1a: Ninetales\n|move|p1b: Tsareena|Taunt|p2b: Incineroar\n|-start|p2b: Incineroar|move: Taunt\n|move|p2a: Archaludon|Electro Shot||[still]\n|-prepare|p2a: Archaludon|Electro Shot\n|-boost|p2a: Archaludon|spa|1\n|move|p2b: Incineroar|Knock Off|p1a: Ninetales\n|-resisted|p1a: Ninetales\n|-damage|p1a: Ninetales|78\/100\n|-enditem|p1a: Ninetales|Choice Specs|[from] move: Knock Off|[of] p2b: Incineroar\n|\n|-weather|Snow|[upkeep]\n|-sideend|p1: judang|move: Tailwind\n|upkeep\n|turn|5\n|\n|t:|1732821892\n|switch|p1b: Garchomp|Garchomp, L50, M, tera:Steel|81\/100\n|move|p1a: Ninetales|Moonblast|p2a: Archaludon\n|-damage|p2a: Archaludon|72\/100\n|-ability|p2a: Archaludon|Stamina|boost\n|-boost|p2a: Archaludon|def|1\n|move|p2a: Archaludon|Electro Shot|p1a: Ninetales|[from]lockedmove\n|-damage|p1a: Ninetales|6\/100\n|move|p2b: Incineroar|Flare Blitz|p1b: Garchomp\n|-supereffective|p1b: Garchomp\n|-damage|p1b: Garchomp|0 fnt\n|-damage|p2b: Incineroar|73\/100|[from] ability: Rough Skin|[of] p1b: Garchomp\n|faint|p1b: Garchomp\n|-damage|p2b: Incineroar|49\/100|[from] Recoil\n|\n|-weather|Snow|[upkeep]\n|upkeep\n|\n|t:|1732821904\n|switch|p1b: Tsareena|Tsareena, L50, F|74\/100\n|turn|6\n|\n|t:|1732821918\n|move|p1a: Ninetales|Moonblast|p2b: Incineroar\n|-damage|p2b: Incineroar|16\/100\n|move|p2a: Archaludon|Flash Cannon|p1a: Ninetales\n|-supereffective|p1a: Ninetales\n|-damage|p1a: Ninetales|0 fnt\n|faint|p1a: Ninetales\n|move|p1b: Tsareena|High Jump Kick|p2a: Archaludon\n|-supereffective|p2a: Archaludon\n|-damage|p2a: Archaludon|23\/100\n|-ability|p2a: Archaludon|Stamina|boost\n|-boost|p2a: Archaludon|def|1\n|move|p2b: Incineroar|Flare Blitz|p1b: Tsareena\n|-supereffective|p1b: Tsareena\n|-damage|p1b: Tsareena|0 fnt\n|faint|p1b: Tsareena\n|-damage|p2b: Incineroar|0 fnt|[from] Recoil\n|faint|p2b: Incineroar\n|\n|win|CarryTheBoats\n|raw|judang's rating: 1701 &rarr; <strong>1685<\/strong><br \/>(-16 for losing)\n|raw|CarryTheBoats's rating: 1780 &rarr; <strong>1796<\/strong><br \/>(+16 for winning)\n|l|\u2606CarryTheBoats\n|player|p2|\n|l|\u2606judang\n|player|p1|\n","uploadtime":1732822134,"views":8,"formatid":"gen9vgc2024regh","rating":1685,"private":0,"password":null}