{"id":"gen9vgc2024regh-2252725911","format":"[Gen 9] VGC 2024 Reg H","players":["The10Zin","Il Falco"],"log":"|j|\u2606The10Zin\n|j|\u2606Il Falco\n|t:|1732795414\n|gametype|doubles\n|player|p1|The10Zin|266|1737\n|player|p2|Il Falco|pokemonranger-gen4|1652\n|teamsize|p1|6\n|teamsize|p2|6\n|gen|9\n|tier|[Gen 9] VGC 2024 Reg H\n|rated|\n|rule|Species Clause: Limit one of each Pok\u00e9mon\n|rule|Item Clause: Limit 1 of each item\n|clearpoke\n|poke|p1|Weezing-Galar, L50, F|\n|poke|p1|Toedscruel, L50, F|\n|poke|p1|Typhlosion-Hisui, L50, F|\n|poke|p1|Garchomp, L50, M|\n|poke|p1|Gholdengo, L50|\n|poke|p1|Weavile, L50, F|\n|poke|p2|Archaludon, L50, M|\n|poke|p2|Grimmsnarl, L50, M|\n|poke|p2|Whimsicott, L50, F|\n|poke|p2|Annihilape, L50, M|\n|poke|p2|Ursaluna-Bloodmoon, L50, M|\n|poke|p2|Gyarados, L50, M|\n|teampreview|4\n|inactive|Battle timer is ON: inactive players will automatically lose when time's up. (requested by The10Zin)\n|inactive|The10Zin has 60 seconds left.\n|\n|t:|1732795486\n|start\n|switch|p1a: Weezing|Weezing-Galar, L50, F, shiny|100\/100\n|switch|p1b: Typhlosion|Typhlosion-Hisui, L50, F, shiny|100\/100\n|switch|p2a: Whimsicott|Whimsicott, L50, F|100\/100\n|switch|p2b: Annihilape|Annihilape, L50, M|100\/100\n|-ability|p1a: Weezing|Neutralizing Gas\n|turn|1\n|\n|t:|1732795503\n|-terastallize|p1b: Typhlosion|Fire\n|move|p1b: Typhlosion|Eruption|p2a: Whimsicott|[spread] p2a,p2b\n|-supereffective|p2a: Whimsicott\n|-enditem|p2a: Whimsicott|Focus Sash\n|-damage|p2a: Whimsicott|1\/100\n|-damage|p2b: Annihilape|26\/100\n|move|p2a: Whimsicott|Beat Up|p2b: Annihilape\n|-damage|p2b: Annihilape|24\/100\n|-damage|p2b: Annihilape|22\/100\n|-damage|p2b: Annihilape|20\/100\n|-damage|p2b: Annihilape|17\/100\n|-hitcount|p2b: Annihilape|4\n|move|p2b: Annihilape|Rage Fist|p1b: Typhlosion\n|-damage|p1b: Typhlosion|0 fnt\n|faint|p1b: Typhlosion\n|move|p1a: Weezing|Dazzling Gleam|p2a: Whimsicott|[spread] p2a,p2b\n|-supereffective|p2b: Annihilape\n|-damage|p2a: Whimsicott|0 fnt\n|-damage|p2b: Annihilape|0 fnt\n|faint|p2a: Whimsicott\n|faint|p2b: Annihilape\n|\n|upkeep\n|\n|t:|1732795528\n|switch|p2a: Archaludon|Archaludon, L50, M|100\/100\n|switch|p1b: Weavile|Weavile, L50, F, shiny|100\/100\n|switch|p2b: Gyarados|Gyarados, L50, M|100\/100\n|turn|2\n|inactive|The10Zin has 30 seconds left.\n|inactive|The10Zin has 20 seconds left.\n|inactive|The10Zin has 15 seconds left.\n|\n|t:|1732795572\n|move|p1b: Weavile|Throat Chop|p2a: Archaludon\n|-damage|p2a: Archaludon|74\/100\n|-start|p2a: Archaludon|Throat Chop|[silent]\n|move|p2b: Gyarados|Waterfall|p1a: Weezing\n|-damage|p1a: Weezing|60\/100\n|move|p2a: Archaludon|Flash Cannon|p1a: Weezing\n|-supereffective|p1a: Weezing\n|-damage|p1a: Weezing|0 fnt\n|faint|p1a: Weezing\n|-end|p1a: Weezing|ability: Neutralizing Gas\n|-ability|p2b: Gyarados|Intimidate|boost\n|-unboost|p1b: Weavile|atk|1\n|\n|upkeep\n|\n|t:|1732795584\n|switch|p1a: Garchomp|Garchomp, L50, M, shiny|100\/100\n|turn|3\n|inactive|The10Zin has 30 seconds left.\n|inactive|The10Zin has 20 seconds left.\n|inactive|The10Zin has 15 seconds left.\n|\n|t:|1732795624\n|-terastallize|p2a: Archaludon|Water\n|move|p1b: Weavile|Throat Chop|p2a: Archaludon\n|-damage|p2a: Archaludon|56\/100\n|-ability|p2a: Archaludon|Stamina|boost\n|-boost|p2a: Archaludon|def|1\n|move|p1a: Garchomp|Stomping Tantrum|p2a: Archaludon\n|-crit|p2a: Archaludon\n|-damage|p2a: Archaludon|2\/100\n|-ability|p2a: Archaludon|Stamina|boost\n|-boost|p2a: Archaludon|def|1\n|-damage|p1a: Garchomp|91\/100|[from] item: Life Orb\n|move|p2b: Gyarados|Waterfall|p1a: Garchomp\n|-damage|p1a: Garchomp|48\/100\n|move|p2a: Archaludon|Draco Meteor|p1a: Garchomp\n|-supereffective|p1a: Garchomp\n|-damage|p1a: Garchomp|0 fnt\n|-unboost|p2a: Archaludon|spa|2\n|faint|p1a: Garchomp\n|\n|-end|p2a: Archaludon|Throat Chop|[silent]\n|upkeep\n|turn|4\n|inactive|The10Zin has 30 seconds left.\n|inactive|Il Falco has 30 seconds left.\n|\n|t:|1732795656\n|move|p1b: Weavile|Throat Chop|p2a: Archaludon\n|-damage|p2a: Archaludon|0 fnt\n|faint|p2a: Archaludon\n|move|p2b: Gyarados|Thunder Wave|p1b: Weavile\n|-status|p1b: Weavile|par\n|\n|upkeep\n|turn|5\n|\n|t:|1732795671\n|move|p2b: Gyarados|Waterfall|p1b: Weavile\n|-crit|p1b: Weavile\n|-enditem|p1b: Weavile|Focus Sash\n|-damage|p1b: Weavile|1\/100 par\n|-enditem|p2b: Gyarados|Sitrus Berry|[silent]|[from] ability: Pickpocket|[of] p2b: Gyarados\n|-item|p1b: Weavile|Sitrus Berry|[from] ability: Pickpocket|[of] p2b: Gyarados\n|-enditem|p1b: Weavile|Sitrus Berry|[eat]\n|-heal|p1b: Weavile|26\/100 par|[from] item: Sitrus Berry\n|move|p1b: Weavile|Throat Chop|p2b: Gyarados\n|-damage|p2b: Gyarados|72\/100\n|-start|p2b: Gyarados|Throat Chop|[silent]\n|\n|upkeep\n|turn|6\n|\n|t:|1732795684\n|move|p1b: Weavile|Ice Shard|p2b: Gyarados\n|-damage|p2b: Gyarados|55\/100\n|move|p2b: Gyarados|Waterfall|p1b: Weavile\n|-damage|p1b: Weavile|0 fnt\n|faint|p1b: Weavile\n|\n|win|Il Falco\n|raw|The10Zin's rating: 1737 &rarr; <strong>1712<\/strong><br \/>(-25 for losing)\n|raw|Il Falco's rating: 1652 &rarr; <strong>1677<\/strong><br \/>(+25 for winning)\n|c|\u2606The10Zin|Gg\n|c|\u2606Il Falco|GG\n|l|\u2606The10Zin\n|player|p1|\n|l|\u2606Il Falco\n|player|p2|\n","uploadtime":1732795885,"views":8,"formatid":"gen9vgc2024regh","rating":1677,"private":0,"password":null}