{"id":"gen9vgc2024regh-2252737573","format":"[Gen 9] VGC 2024 Reg H","players":["testy accounty 2","Riemann39"],"log":"|j|\u2606testy accounty 2\n|j|\u2606Riemann39\n|t:|1732797191\n|gametype|doubles\n|player|p1|testy accounty 2|170|1751\n|player|p2|Riemann39|lucas|1785\n|teamsize|p1|6\n|teamsize|p2|6\n|gen|9\n|tier|[Gen 9] VGC 2024 Reg H\n|rated|\n|rule|Species Clause: Limit one of each Pok\u00e9mon\n|rule|Item Clause: Limit 1 of each item\n|clearpoke\n|poke|p1|Pelipper, L50, F|\n|poke|p1|Archaludon, L50, F|\n|poke|p1|Sneasler, L50, F|\n|poke|p1|Dragonite, L50, M|\n|poke|p1|Basculegion, L50, M|\n|poke|p1|Rillaboom, L50, F|\n|poke|p2|Whimsicott, L50, F|\n|poke|p2|Incineroar, L50, M|\n|poke|p2|Rillaboom, L50, F|\n|poke|p2|Kingambit, L50, M|\n|poke|p2|Dragonite, L50, F|\n|poke|p2|Ursaluna-Bloodmoon, L50, M|\n|teampreview|4\n|inactive|Battle timer is ON: inactive players will automatically lose when time's up. (requested by Riemann39)\nRiemann39 rejected open team sheets.\n|inactive|testy accounty 2 has 60 seconds left.\n|\n|t:|1732797247\n|start\n|switch|p1a: Hephetus|Archaludon, L50, F|100\/100\n|switch|p1b: Ceasar|Rillaboom, L50, F|100\/100\n|switch|p2a: Whimsicott|Whimsicott, L50, F|100\/100\n|switch|p2b: Ursaluna|Ursaluna-Bloodmoon, L50, M|100\/100\n|-fieldstart|move: Grassy Terrain|[from] ability: Grassy Surge|[of] p1b: Ceasar\n|turn|1\n|inactive|testy accounty 2 has 30 seconds left.\n|inactive|Riemann39 has 30 seconds left.\n|\n|t:|1732797279\n|switch|p2b: Kingambit|Kingambit, L50, M|100\/100\n|move|p1b: Ceasar|Fake Out|p2b: Kingambit\n|-resisted|p2b: Kingambit\n|-damage|p2b: Kingambit|96\/100\n|move|p1a: Hephetus|Flash Cannon|p2a: Whimsicott\n|-supereffective|p2a: Whimsicott\n|-damage|p2a: Whimsicott|21\/100\n|-unboost|p2a: Whimsicott|spd|1\n|move|p2a: Whimsicott|Trick Room|p2a: Whimsicott\n|-fieldstart|move: Trick Room|[of] p2a: Whimsicott\n|\n|-heal|p2b: Kingambit|100\/100|[from] Grassy Terrain\n|-heal|p2a: Whimsicott|27\/100|[from] Grassy Terrain\n|upkeep\n|turn|2\n|inactive|testy accounty 2 has 30 seconds left.\n|inactive|Riemann39 has 30 seconds left.\n|inactive|testy accounty 2 has 20 seconds left.\n|inactive|Riemann39 has 20 seconds left.\n|inactive|testy accounty 2 has 15 seconds left.\n|inactive|Riemann39 has 15 seconds left.\n|inactive|Riemann39 has 10 seconds left.\n|inactive|Riemann39 has 5 seconds left.\n|\n|t:|1732797333\n|move|p1b: Ceasar|Grassy Glide|p2a: Whimsicott\n|-resisted|p2a: Whimsicott\n|-damage|p2a: Whimsicott|7\/100\n|move|p2b: Kingambit|Swords Dance|p2b: Kingambit\n|-boost|p2b: Kingambit|atk|2\n|move|p1a: Hephetus|Body Press|p2b: Kingambit\n|-supereffective|p2b: Kingambit\n|-damage|p2b: Kingambit|31\/100\n|move|p2a: Whimsicott|Moonblast|p1b: Ceasar\n|-damage|p1b: Ceasar|73\/100\n|\n|-heal|p2b: Kingambit|37\/100|[from] Grassy Terrain\n|-heal|p1b: Ceasar|79\/100|[from] Grassy Terrain\n|-heal|p2a: Whimsicott|13\/100|[from] Grassy Terrain\n|upkeep\n|turn|3\n|inactive|testy accounty 2 has 30 seconds left.\n|inactive|testy accounty 2 has 20 seconds left.\n|\n|t:|1732797369\n|-terastallize|p2b: Kingambit|Ghost\n|move|p1b: Ceasar|Grassy Glide|p1a: Hephetus\n|-resisted|p1a: Hephetus\n|-crit|p1a: Hephetus\n|-damage|p1a: Hephetus|91\/100\n|-ability|p1a: Hephetus|Stamina|boost\n|-boost|p1a: Hephetus|def|1\n|move|p2a: Whimsicott|Encore|p1a: Hephetus\n|-start|p1a: Hephetus|Encore\n|move|p2b: Kingambit|Kowtow Cleave|p1b: Ceasar\n|-damage|p1b: Ceasar|0 fnt\n|faint|p1b: Ceasar\n|move|p1a: Hephetus|Body Press|p2b: Kingambit\n|-immune|p2b: Kingambit\n|\n|-heal|p2b: Kingambit|43\/100|[from] Grassy Terrain\n|-heal|p1a: Hephetus|97\/100|[from] Grassy Terrain\n|-heal|p2a: Whimsicott|19\/100|[from] Grassy Terrain\n|upkeep\n|\n|t:|1732797391\n|switch|p1b: Hermes|Sneasler, L50, F|100\/100\n|-enditem|p1b: Hermes|Grassy Seed\n|-boost|p1b: Hermes|def|1|[from] item: Grassy Seed\n|turn|4\n|\n|t:|1732797413\n|-terastallize|p1b: Hermes|Dark\n|move|p2b: Kingambit|Kowtow Cleave|p1b: Hermes\n|-resisted|p1b: Hermes\n|-damage|p1b: Hermes|36\/100\n|move|p1a: Hephetus|Body Press|p2a: Whimsicott\n|-resisted|p2a: Whimsicott\n|-damage|p2a: Whimsicott|0 fnt\n|faint|p2a: Whimsicott\n|move|p1b: Hermes|Throat Chop|p2b: Kingambit\n|-supereffective|p2b: Kingambit\n|-damage|p2b: Kingambit|0 fnt\n|faint|p2b: Kingambit\n|\n|-heal|p1a: Hephetus|100\/100|[from] Grassy Terrain\n|-heal|p1b: Hermes|42\/100|[from] Grassy Terrain\n|upkeep\n|j| CRJ2304\n|\n|t:|1732797421\n|switch|p2b: Ursaluna|Ursaluna-Bloodmoon, L50, M|100\/100\n|switch|p2a: Rillaboom|Rillaboom, L50, F|100\/100\n|turn|5\n|inactive|testy accounty 2 has 30 seconds left.\n|inactive|testy accounty 2 has 20 seconds left.\n|\n|t:|1732797458\n|switch|p1a: Posiden|Pelipper, L50, F|100\/100\n|-weather|RainDance|[from] ability: Drizzle|[of] p1a: Posiden\n|move|p1b: Hermes|Protect|p1b: Hermes\n|-singleturn|p1b: Hermes|Protect\n|move|p2b: Ursaluna|Earth Power|p1a: Posiden\n|-immune|p1a: Posiden\n|move|p2a: Rillaboom|Wood Hammer|p1b: Hermes\n|-activate|p1b: Hermes|move: Protect\n|\n|-weather|RainDance|[upkeep]\n|-heal|p1b: Hermes|47\/100|[from] Grassy Terrain\n|-fieldend|move: Trick Room\n|-fieldend|move: Grassy Terrain\n|upkeep\n|turn|6\n|\n|t:|1732797483\n|move|p2b: Ursaluna|Vacuum Wave|p1b: Hermes\n|-supereffective|p1b: Hermes\n|-damage|p1b: Hermes|8\/100\n|move|p1b: Hermes|Dire Claw|p2a: Rillaboom\n|-supereffective|p2a: Rillaboom\n|-damage|p2a: Rillaboom|18\/100\n|move|p1a: Posiden|Hurricane|p2a: Rillaboom\n|-supereffective|p2a: Rillaboom\n|-damage|p2a: Rillaboom|0 fnt\n|faint|p2a: Rillaboom\n|\n|-weather|RainDance|[upkeep]\n|upkeep\n|turn|7\n|-message|Riemann39 forfeited.\n|\n|win|testy accounty 2\n|raw|testy accounty 2's rating: 1751 &rarr; <strong>1774<\/strong><br \/>(+23 for winning)\n|raw|Riemann39's rating: 1808 &rarr; <strong>1785<\/strong><br \/>(-23 for losing)\n|l|\u2606Riemann39\n|player|p2|\n|l| CRJ2304\n|l|\u2606testy accounty 2\n|player|p1|\n","uploadtime":1732797502,"views":29,"formatid":"gen9vgc2024regh","rating":1774,"private":0,"password":null}