{"id":"gen9vgc2024regh-2252127670","format":"[Gen 9] VGC 2024 Reg H","players":["GCSwag","juacox300"],"log":"|j|\u2606GCSwag\n|j|\u2606juacox300\n|t:|1732716751\n|gametype|doubles\n|player|p1|GCSwag|blackbelt-gen4dp|1692\n|player|p2|juacox300|unknown|1757\n|teamsize|p1|6\n|teamsize|p2|6\n|gen|9\n|tier|[Gen 9] VGC 2024 Reg H\n|rated|\n|rule|Species Clause: Limit one of each Pok\u00e9mon\n|rule|Item Clause: Limit 1 of each item\n|clearpoke\n|poke|p1|Armarouge, L50, M|\n|poke|p1|Indeedee-F, L50, F|\n|poke|p1|Gallade, L50, M|\n|poke|p1|Annihilape, L50, F|\n|poke|p1|Torkoal, L50, M|\n|poke|p1|Exeggutor, L50, F|\n|poke|p2|Ursaluna, L50, F|\n|poke|p2|Murkrow, L50, M|\n|poke|p2|Sneasler, L50, M|\n|poke|p2|Indeedee, L50, M|\n|poke|p2|Archaludon, L50, M|\n|poke|p2|Incineroar, L50, M|\n|teampreview|4\n|\n|t:|1732716781\n|start\n|switch|p1a: Indeedee|Indeedee-F, L50, F|100\/100\n|switch|p1b: Armarouge|Armarouge, L50, M|100\/100\n|switch|p2a: Alfred|Indeedee, L50, M, shiny|100\/100\n|switch|p2b: Incineroar|Incineroar, L50, M|100\/100\n|-fieldstart|move: Psychic Terrain|[from] ability: Psychic Surge|[of] p2a: Alfred\n|-enditem|p1a: Indeedee|Psychic Seed\n|-boost|p1a: Indeedee|spd|1|[from] item: Psychic Seed\n|-ability|p2b: Incineroar|Intimidate|boost\n|-unboost|p1a: Indeedee|atk|1\n|-unboost|p1b: Armarouge|atk|1\n|turn|1\n|inactive|Battle timer is ON: inactive players will automatically lose when time's up. (requested by GCSwag)\n|\n|t:|1732716796\n|move|p1a: Indeedee|Helping Hand|p1b: Armarouge\n|-singleturn|p1b: Armarouge|Helping Hand|[of] p1a: Indeedee\n|move|p2a: Alfred|Trick|p1b: Armarouge\n|-activate|p2a: Alfred|move: Trick|[of] p1b: Armarouge\n|-item|p1b: Armarouge|Choice Scarf|[from] move: Trick\n|-item|p2a: Alfred|Life Orb|[from] move: Trick\n|move|p1b: Armarouge|Aura Sphere|p2b: Incineroar\n|-supereffective|p2b: Incineroar\n|-damage|p2b: Incineroar|54\/100\n|move|p2b: Incineroar|Snarl|p1a: Indeedee|[spread] p1a,p1b\n|-supereffective|p1a: Indeedee\n|-supereffective|p1b: Armarouge\n|-damage|p1a: Indeedee|87\/100\n|-damage|p1b: Armarouge|75\/100\n|-unboost|p1a: Indeedee|spa|1\n|-unboost|p1b: Armarouge|spa|1\n|\n|upkeep\n|turn|2\n|j| bloodcurseuk\n|\n|t:|1732716813\n|switch|p2b: Ursaluna|Ursaluna, L50, F|100\/100\n|move|p1b: Armarouge|Aura Sphere|p2b: Ursaluna\n|-supereffective|p2b: Ursaluna\n|-crit|p2b: Ursaluna\n|-damage|p2b: Ursaluna|14\/100\n|move|p2a: Alfred|Trick Room|p2a: Alfred\n|-fieldstart|move: Trick Room|[of] p2a: Alfred\n|move|p1a: Indeedee|Trick Room|p1a: Indeedee\n|-fieldend|move: Trick Room\n|\n|-status|p2b: Ursaluna|brn|[from] item: Flame Orb\n|upkeep\n|turn|3\n|\n|t:|1732716826\n|switch|p2a: Murkrow|Murkrow, L50, M|100\/100\n|move|p2b: Ursaluna|Protect|p2b: Ursaluna\n|-singleturn|p2b: Ursaluna|Protect\n|move|p1b: Armarouge|Aura Sphere|p2b: Ursaluna\n|-activate|p2b: Ursaluna|move: Protect\n|move|p1a: Indeedee|Psychic|p2a: Murkrow\n|-immune|p2a: Murkrow\n|\n|-damage|p2b: Ursaluna|8\/100 brn|[from] brn\n|upkeep\n|turn|4\n|\n|t:|1732716841\n|move|p1a: Indeedee|Follow Me|p1a: Indeedee\n|-singleturn|p1a: Indeedee|move: Follow Me\n|move|p2a: Murkrow|Tailwind|p2a: Murkrow\n|-sidestart|p2: juacox300|move: Tailwind\n|move|p2b: Ursaluna|Earthquake|p1b: Armarouge|[spread] p1a,p1b\n|-immune|p2a: Murkrow\n|-supereffective|p1b: Armarouge\n|-damage|p1a: Indeedee|19\/100\n|-damage|p1b: Armarouge|0 fnt\n|faint|p1b: Armarouge\n|\n|-damage|p2b: Ursaluna|2\/100 brn|[from] brn\n|upkeep\n|\n|t:|1732716853\n|switch|p1b: Gallade|Gallade, L50, M|100\/100\n|turn|5\n|\n|t:|1732716857\n|move|p1a: Indeedee|Follow Me|p1a: Indeedee\n|-singleturn|p1a: Indeedee|move: Follow Me\n|move|p2a: Murkrow|Brave Bird|p1a: Indeedee\n|-damage|p1a: Indeedee|0 fnt\n|faint|p1a: Indeedee\n|-damage|p2a: Murkrow|93\/100|[from] Recoil\n|move|p2b: Ursaluna|Earthquake|p1b: Gallade|[spread] p1b\n|-immune|p2a: Murkrow\n|-damage|p1b: Gallade|7\/100\n|move|p1b: Gallade|Trick Room|p1b: Gallade\n|-fieldstart|move: Trick Room|[of] p1b: Gallade\n|\n|-damage|p2b: Ursaluna|0 fnt|[from] brn\n|faint|p2b: Ursaluna\n|-fieldend|move: Psychic Terrain\n|upkeep\n|\n|t:|1732716867\n|switch|p1a: Torkoal|Torkoal, L50, M|100\/100\n|switch|p2b: Incineroar|Incineroar, L50, M|54\/100\n|-weather|SunnyDay|[from] ability: Drought|[of] p1a: Torkoal\n|-ability|p2b: Incineroar|Intimidate|boost\n|-unboost|p1a: Torkoal|atk|1\n|-fail|p1b: Gallade|unboost|[from] item: Clear Amulet|[of] p1b: Gallade\n|turn|6\n|\n|t:|1732716873\n|-terastallize|p1a: Torkoal|Fire\n|-terastallize|p2b: Incineroar|Ghost\n|move|p2a: Murkrow|Rain Dance|p2a: Murkrow\n|-weather|RainDance\n|move|p1a: Torkoal|Eruption|p2a: Murkrow|[spread] p2a,p2b\n|-damage|p2a: Murkrow|52\/100\n|-damage|p2b: Incineroar|23\/100\n|move|p1b: Gallade|Sacred Sword|p2a: Murkrow\n|-damage|p2a: Murkrow|0 fnt\n|faint|p2a: Murkrow\n|move|p2b: Incineroar|Snarl|p1a: Torkoal|[spread] p1a,p1b\n|-damage|p1a: Torkoal|87\/100\n|-damage|p1b: Gallade|0 fnt\n|-unboost|p1a: Torkoal|spa|1\n|faint|p1b: Gallade\n|\n|-weather|RainDance|[upkeep]\n|upkeep\n|\n|t:|1732716883\n|switch|p2a: Alfred|Indeedee, L50, M, shiny|100\/100\n|-fieldstart|move: Psychic Terrain|[from] ability: Psychic Surge|[of] p2a: Alfred\n|turn|7\n|\n|t:|1732716890\n|move|p1a: Torkoal|Eruption|p2b: Incineroar|[spread] p2a,p2b\n|-damage|p2a: Alfred|66\/100\n|-damage|p2b: Incineroar|8\/100\n|move|p2b: Incineroar|Knock Off|p1a: Torkoal\n|-damage|p1a: Torkoal|56\/100\n|-enditem|p1a: Torkoal|Choice Specs|[from] move: Knock Off|[of] p2b: Incineroar\n|move|p2a: Alfred|Expanding Force|p1a: Torkoal\n|-damage|p1a: Torkoal|0 fnt\n|faint|p1a: Torkoal\n|-damage|p2a: Alfred|57\/100|[from] item: Life Orb\n|\n|win|juacox300\n|raw|GCSwag's rating: 1692 &rarr; <strong>1676<\/strong><br \/>(-16 for losing)\n|raw|juacox300's rating: 1757 &rarr; <strong>1773<\/strong><br \/>(+16 for winning)\n","uploadtime":1732716893,"views":21,"formatid":"gen9vgc2024regh","rating":1676,"private":0,"password":null}