{"id":"gen9vgc2024regh-2252335351","format":"[Gen 9] VGC 2024 Reg H","players":["playthreerthree","zip520520"],"log":"|j|\u2606playthreerthree\n|j|\u2606zip520520\n|t:|1732738867\n|gametype|doubles\n|player|p1|playthreerthree|caitlin|1669\n|player|p2|zip520520|266|1736\n|teamsize|p1|6\n|teamsize|p2|6\n|gen|9\n|tier|[Gen 9] VGC 2024 Reg H\n|rated|\n|rule|Species Clause: Limit one of each Pok\u00e9mon\n|rule|Item Clause: Limit 1 of each item\n|clearpoke\n|poke|p1|Dragonite, L50, F|\n|poke|p1|Annihilape, L50, M|\n|poke|p1|Porygon2, L50|\n|poke|p1|Incineroar, L50, M|\n|poke|p1|Ursaluna, L50, M|\n|poke|p1|Gholdengo, L50|\n|poke|p2|Volcarona, L50, F|\n|poke|p2|Whimsicott, L50, F|\n|poke|p2|Sneasler, L50, F|\n|poke|p2|Indeedee, L50, M|\n|poke|p2|Electabuzz, L50, F|\n|poke|p2|Ursaluna-Bloodmoon, L50, M|\n|teampreview|4\n|inactive|Battle timer is ON: inactive players will automatically lose when time's up. (requested by playthreerthree)\n|inactive|zip520520 also wants the timer to be on.\n|inactive|zip520520 has 60 seconds left.\n|inactive|zip520520 has 30 seconds left.\n|\n|t:|1732738931\n|start\n|switch|p1a: Dragonite|Dragonite, L50, F|100\/100\n|switch|p1b: Ursaluna|Ursaluna, L50, M|100\/100\n|switch|p2a: Electabuzz|Electabuzz, L50, F|100\/100\n|switch|p2b: Ursaluna|Ursaluna-Bloodmoon, L50, M|100\/100\n|turn|1\n|\n|t:|1732738951\n|switch|p1a: Incineroar|Incineroar, L50, M|100\/100\n|-ability|p1a: Incineroar|Intimidate|boost\n|-unboost|p2a: Electabuzz|atk|1\n|-unboost|p2b: Ursaluna|atk|1\n|-terastallize|p2b: Ursaluna|Normal\n|move|p1b: Ursaluna|Protect|p1b: Ursaluna\n|-singleturn|p1b: Ursaluna|Protect\n|move|p2a: Electabuzz|Electroweb|p1b: Ursaluna|[spread] p1a\n|-activate|p1b: Ursaluna|move: Protect\n|-crit|p1a: Incineroar\n|-damage|p1a: Incineroar|86\/100\n|-unboost|p1a: Incineroar|spe|1\n|move|p2b: Ursaluna|Blood Moon|p1a: Incineroar\n|-damage|p1a: Incineroar|0 fnt\n|faint|p1a: Incineroar\n|-damage|p2b: Ursaluna|91\/100|[from] item: Life Orb\n|\n|-status|p1b: Ursaluna|brn|[from] item: Flame Orb\n|upkeep\n|\n|t:|1732738961\n|switch|p1a: Dragonite|Dragonite, L50, F|100\/100\n|turn|2\n|inactive|zip520520 has 30 seconds left.\n|inactive|zip520520 has 20 seconds left.\n|\n|t:|1732738998\n|move|p2b: Ursaluna|Protect|p2b: Ursaluna\n|-singleturn|p2b: Ursaluna|Protect\n|move|p2a: Electabuzz|Electroweb|p1a: Dragonite|[spread] p1a\n|-immune|p1b: Ursaluna\n|-crit|p1a: Dragonite\n|-damage|p1a: Dragonite|90\/100\n|-unboost|p1a: Dragonite|spe|1\n|move|p1b: Ursaluna|Earthquake|p2b: Ursaluna|[spread] p2a\n|-activate|p2b: Ursaluna|move: Protect\n|-immune|p1a: Dragonite\n|-supereffective|p2a: Electabuzz\n|-crit|p2a: Electabuzz\n|-damage|p2a: Electabuzz|0 fnt\n|faint|p2a: Electabuzz\n|move|p1a: Dragonite|Tailwind|p1a: Dragonite\n|-sidestart|p1: playthreerthree|move: Tailwind\n|\n|-damage|p1b: Ursaluna|94\/100 brn|[from] brn\n|upkeep\n|inactive|zip520520 has 30 seconds left.\n|\n|t:|1732739023\n|switch|p2a: Sneasler|Sneasler, L50, F|100\/100\n|turn|3\n|\n|t:|1732739034\n|-terastallize|p1b: Ursaluna|Ghost\n|move|p2a: Sneasler|Protect|p2a: Sneasler\n|-singleturn|p2a: Sneasler|Protect\n|move|p1b: Ursaluna|Earthquake|p2b: Ursaluna|[spread] p2b\n|-activate|p2a: Sneasler|move: Protect\n|-immune|p1a: Dragonite\n|-damage|p2b: Ursaluna|37\/100\n|move|p1a: Dragonite|Scale Shot|p2b: Ursaluna\n|-damage|p2b: Ursaluna|24\/100\n|-damage|p2b: Ursaluna|12\/100\n|-damage|p2b: Ursaluna|0 fnt\n|faint|p2b: Ursaluna\n|-hitcount|p2: Ursaluna|3\n|-unboost|p1a: Dragonite|def|1\n|-boost|p1a: Dragonite|spe|1\n|\n|-damage|p1b: Ursaluna|88\/100 brn|[from] brn\n|upkeep\n|\n|t:|1732739055\n|switch|p2b: Indeedee|Indeedee, L50, M|100\/100\n|-fieldstart|move: Psychic Terrain|[from] ability: Psychic Surge|[of] p2b: Indeedee\n|-enditem|p2a: Sneasler|Psychic Seed\n|-boost|p2a: Sneasler|spd|1|[from] item: Psychic Seed\n|turn|4\n|\n|t:|1732739068\n|move|p2a: Sneasler|Dire Claw|p1a: Dragonite\n|-damage|p1a: Dragonite|12\/100\n|-status|p1a: Dragonite|slp\n|cant|p1a: Dragonite|slp\n|move|p1b: Ursaluna|Earthquake|p2b: Indeedee|[spread] p2a,p2b\n|-immune|p1a: Dragonite\n|-supereffective|p2a: Sneasler\n|-damage|p2a: Sneasler|0 fnt\n|-enditem|p2b: Indeedee|Focus Sash\n|-damage|p2b: Indeedee|1\/100\n|faint|p2a: Sneasler\n|move|p2b: Indeedee|Expanding Force|p1b: Ursaluna|[spread] p1a,p1b\n|-damage|p1a: Dragonite|0 fnt\n|-damage|p1b: Ursaluna|30\/100 brn\n|faint|p1a: Dragonite\n|\n|-damage|p1b: Ursaluna|24\/100 brn|[from] brn\n|upkeep\n|\n|t:|1732739077\n|switch|p1a: Porygon2|Porygon2, L50|100\/100\n|-ability|p1a: Porygon2|Download|boost\n|-boost|p1a: Porygon2|atk|1\n|turn|5\n|\n|t:|1732739097\n|move|p1b: Ursaluna|Headlong Rush|p2b: Indeedee\n|-damage|p2b: Indeedee|0 fnt\n|-unboost|p1b: Ursaluna|def|1\n|-unboost|p1b: Ursaluna|spd|1\n|faint|p2b: Indeedee\n|\n|win|playthreerthree\n|raw|playthreerthree's rating: 1669 &rarr; <strong>1693<\/strong><br \/>(+24 for winning)\n|raw|zip520520's rating: 1736 &rarr; <strong>1712<\/strong><br \/>(-24 for losing)\n|l|\u2606zip520520\n|player|p2|\n|l|\u2606playthreerthree\n|player|p1|\n|j| Uncleben7\n|l| Uncleben7\n","uploadtime":1732739308,"views":11,"formatid":"gen9vgc2024regh","rating":1693,"private":0,"password":null}