{"id":"gen9vgc2024regh-2253673037","format":"[Gen 9] VGC 2024 Reg H","players":["elvegis1","kojimuranishi"],"log":"|j|\u2606elvegis1\n|j|\u2606kojimuranishi\n|t:|1732922417\n|gametype|doubles\n|player|p1|elvegis1|lucas|1793\n|player|p2|kojimuranishi|102|1943\n|teamsize|p1|6\n|teamsize|p2|6\n|gen|9\n|tier|[Gen 9] VGC 2024 Reg H\n|rated|\n|rule|Species Clause: Limit one of each Pok\u00e9mon\n|rule|Item Clause: Limit 1 of each item\n|clearpoke\n|poke|p1|Incineroar, L50, F|\n|poke|p1|Gholdengo, L50|\n|poke|p1|Dusclops, L50, M|\n|poke|p1|Gastrodon-East, L50, F|\n|poke|p1|Ursaluna-Bloodmoon, L50, M|\n|poke|p1|Zoroark-Hisui, L50, M|\n|poke|p2|Whimsicott, L50, M|\n|poke|p2|Ursaluna-Bloodmoon, L50, M|\n|poke|p2|Archaludon, L50, F|\n|poke|p2|Dragonite, L50, F|\n|poke|p2|Gholdengo, L50|\n|poke|p2|Volcarona, L50, M|\n|teampreview|4\n|inactive|Battle timer is ON: inactive players will automatically lose when time's up. (requested by kojimuranishi)\n|inactive|kojimuranishi has 60 seconds left.\n|\n|t:|1732922471\n|start\n|switch|p1a: Dusclops|Dusclops, L50, M|100\/100\n|switch|p1b: Incineroar|Incineroar, L50, F|100\/100\n|switch|p2a: Gholdengo|Gholdengo, L50|100\/100\n|switch|p2b: Archaludon|Archaludon, L50, F|100\/100\n|-ability|p1b: Incineroar|Intimidate|boost\n|-unboost|p2a: Gholdengo|atk|1\n|-unboost|p2b: Archaludon|atk|1\n|-item|p2a: Gholdengo|Choice Specs|[from] ability: Frisk|[of] p1a: Dusclops\n|-item|p2b: Archaludon|Power Herb|[from] ability: Frisk|[of] p1a: Dusclops\n|turn|1\n|\n|t:|1732922491\n|switch|p1a: Ursaluna|Ursaluna-Bloodmoon, L50, M|100\/100\n|move|p2b: Archaludon|Meteor Beam||[still]\n|-prepare|p2b: Archaludon|Meteor Beam\n|-boost|p2b: Archaludon|spa|1\n|-enditem|p2b: Archaludon|Power Herb\n|-anim|p2b: Archaludon|Meteor Beam|p1b: Incineroar\n|-supereffective|p1b: Incineroar\n|-damage|p1b: Incineroar|0 fnt\n|faint|p1b: Incineroar\n|move|p2a: Gholdengo|Shadow Ball|p1a: Ursaluna\n|-immune|p1a: Ursaluna\n|\n|upkeep\n|inactive|elvegis1 has 30 seconds left.\n|j| judang\n|\n|t:|1732922523\n|switch|p1b: Dusclops|Dusclops, L50, M|100\/100\n|-item|p2a: Gholdengo|Choice Specs|[from] ability: Frisk|[of] p1b: Dusclops\n|turn|2\n|inactive|kojimuranishi has 30 seconds left.\n|\n|t:|1732922553\n|switch|p2a: Ursaluna|Ursaluna-Bloodmoon, L50, M|100\/100\n|-terastallize|p2b: Archaludon|Stellar\n|-terastallize|p1b: Dusclops|Dragon\n|move|p2b: Archaludon|Draco Meteor|p1a: Ursaluna\n|-damage|p1a: Ursaluna|5\/100\n|-unboost|p2b: Archaludon|spa|2\n|move|p1a: Ursaluna|Earth Power|p2b: Archaludon\n|-supereffective|p2b: Archaludon\n|-ability|p2b: Archaludon|Sturdy\n|-damage|p2b: Archaludon|1\/100\n|move|p1b: Dusclops|Trick Room|p1b: Dusclops\n|-fieldstart|move: Trick Room|[of] p1b: Dusclops\n|\n|upkeep\n|turn|3\n|inactive|elvegis1 has 30 seconds left.\n|inactive|kojimuranishi has 30 seconds left.\n|\n|t:|1732922586\n|move|p2b: Archaludon|Protect|p2b: Archaludon\n|-singleturn|p2b: Archaludon|Protect\n|move|p2a: Ursaluna|Vacuum Wave|p1a: Ursaluna\n|-supereffective|p1a: Ursaluna\n|-damage|p1a: Ursaluna|0 fnt\n|faint|p1a: Ursaluna\n|-damage|p2a: Ursaluna|91\/100|[from] item: Life Orb\n|move|p1b: Dusclops|Night Shade|p2b: Archaludon\n|-activate|p2b: Archaludon|move: Protect\n|\n|upkeep\n|\n|t:|1732922590\n|switch|p1a: Gholdengo|Gholdengo, L50|100\/100\n|turn|4\n|\n|t:|1732922609\n|move|p1a: Gholdengo|Protect|p1a: Gholdengo\n|-singleturn|p1a: Gholdengo|Protect\n|move|p2a: Ursaluna|Earth Power|p1a: Gholdengo\n|-activate|p1a: Gholdengo|move: Protect\n|move|p2b: Archaludon|Draco Meteor|p1b: Dusclops\n|-supereffective|p1b: Dusclops\n|-damage|p1b: Dusclops|52\/100\n|-unboost|p2b: Archaludon|spa|2\n|move|p1b: Dusclops|Trick Room|p1b: Dusclops\n|-fieldend|move: Trick Room\n|\n|upkeep\n|turn|5\n|\n|t:|1732922625\n|move|p2a: Ursaluna|Protect|p2a: Ursaluna\n|-singleturn|p2a: Ursaluna|Protect\n|move|p2b: Archaludon|Draco Meteor|p1b: Dusclops|[miss]\n|-miss|p2b: Archaludon|p1b: Dusclops\n|move|p1a: Gholdengo|Make It Rain|p2b: Archaludon|[spread] p2b\n|-activate|p2a: Ursaluna|move: Protect\n|-resisted|p2b: Archaludon\n|-damage|p2b: Archaludon|0 fnt\n|-unboost|p1a: Gholdengo|spa|1\n|faint|p2b: Archaludon\n|move|p1b: Dusclops|Will-O-Wisp|p2a: Ursaluna\n|-activate|p2a: Ursaluna|move: Protect\n|\n|upkeep\n|\n|t:|1732922648\n|switch|p2b: Gholdengo|Gholdengo, L50|100\/100\n|turn|6\n|j| readabooks\n|-message|elvegis1 forfeited.\n|\n|win|kojimuranishi\n|raw|elvegis1's rating: 1793 &rarr; <strong>1781<\/strong><br \/>(-12 for losing)\n|raw|kojimuranishi's rating: 1943 &rarr; <strong>1955<\/strong><br \/>(+12 for winning)\n|l|\u2606elvegis1\n|player|p1|\n|l|\u2606kojimuranishi\n|player|p2|\n","uploadtime":1732922842,"views":69,"formatid":"gen9vgc2024regh","rating":1781,"private":0,"password":null}