{"id":"gen9vgc2024regh-2253590853","format":"[Gen 9] VGC 2024 Reg H","players":["marcxhenry","Colombianarepa"],"log":"|j|\u2606marcxhenry\n|j|\u2606Colombianarepa\n|t:|1732912178\n|gametype|doubles\n|player|p1|marcxhenry|plasmagrunt-gen5bw|1679\n|player|p2|Colombianarepa|1|1746\n|teamsize|p1|6\n|teamsize|p2|6\n|gen|9\n|tier|[Gen 9] VGC 2024 Reg H\n|rated|\n|rule|Species Clause: Limit one of each Pok\u00e9mon\n|rule|Item Clause: Limit 1 of each item\n|clearpoke\n|poke|p1|Tatsugiri, L50, M|\n|poke|p1|Weezing-Galar, L50, M|\n|poke|p1|Indeedee-F, L50, F|\n|poke|p1|Armarouge, L50, M|\n|poke|p1|Slaking, L50, M|\n|poke|p1|Dondozo, L50, M|\n|poke|p2|Gholdengo, L50|\n|poke|p2|Incineroar, L50, M|\n|poke|p2|Amoonguss, L50, F|\n|poke|p2|Garchomp, L50, M|\n|poke|p2|Tyranitar, L50, F|\n|poke|p2|Kilowattrel, L50, M|\n|teampreview|4\n|\n|t:|1732912230\n|start\n|switch|p1a: Sally|Indeedee-F, L50, F, shiny|100\/100\n|switch|p1b: Renault|Armarouge, L50, M, shiny|100\/100\n|switch|p2a: Garchomp|Garchomp, L50, M|100\/100\n|switch|p2b: Kilowattrel|Kilowattrel, L50, M|100\/100\n|-fieldstart|move: Psychic Terrain|[from] ability: Psychic Surge|[of] p1a: Sally\n|turn|1\n|\n|t:|1732912246\n|-terastallize|p2a: Garchomp|Ground\n|-terastallize|p1b: Renault|Grass\n|move|p2b: Kilowattrel|Discharge|p1a: Sally|[spread] p1a,p1b\n|-immune|p2a: Garchomp\n|-resisted|p1b: Renault\n|-damage|p1a: Sally|73\/100\n|-damage|p1b: Renault|85\/100\n|move|p2a: Garchomp|Earthquake|p1a: Sally|[spread] p1a,p1b\n|-immune|p2b: Kilowattrel\n|-resisted|p1b: Renault\n|-damage|p1a: Sally|6\/100\n|-damage|p1b: Renault|56\/100\n|-damage|p2a: Garchomp|91\/100|[from] item: Life Orb\n|move|p1b: Renault|Expanding Force|p2a: Garchomp|[spread] p2a,p2b\n|-damage|p2a: Garchomp|22\/100\n|-enditem|p2b: Kilowattrel|Focus Sash\n|-damage|p2b: Kilowattrel|1\/100\n|move|p1a: Sally|Trick Room|p1a: Sally\n|-fieldstart|move: Trick Room|[of] p1a: Sally\n|\n|upkeep\n|turn|2\n|\n|t:|1732912270\n|switch|p2b: Tyranitar|Tyranitar, L50, F|100\/100\n|-weather|Sandstorm|[from] ability: Sand Stream|[of] p2b: Tyranitar\n|move|p2a: Garchomp|Protect|p2a: Garchomp\n|-singleturn|p2a: Garchomp|Protect\n|move|p1a: Sally|Dazzling Gleam|p2a: Garchomp|[spread] p2b\n|-activate|p2a: Garchomp|move: Protect\n|-supereffective|p2b: Tyranitar\n|-damage|p2b: Tyranitar|90\/100\n|move|p1b: Renault|Expanding Force|p2b: Tyranitar|[spread] \n|-activate|p2a: Garchomp|move: Protect\n|-immune|p2b: Tyranitar\n|\n|-weather|Sandstorm|[upkeep]\n|-damage|p1a: Sally|0 fnt|[from] Sandstorm\n|-damage|p1b: Renault|50\/100|[from] Sandstorm\n|faint|p1a: Sally\n|upkeep\n|j| Treefolk\n|\n|t:|1732912286\n|switch|p1a: Weezing|Weezing-Galar, L50, M|100\/100\n|-ability|p1a: Weezing|Neutralizing Gas\n|turn|3\n|\n|t:|1732912301\n|switch|p2a: Kilowattrel|Kilowattrel, L50, M|1\/100\n|move|p1a: Weezing|Will-O-Wisp|p2b: Tyranitar\n|-status|p2b: Tyranitar|brn\n|move|p1b: Renault|Expanding Force|p2b: Tyranitar|[spread] p2a\n|-immune|p2b: Tyranitar\n|-damage|p2a: Kilowattrel|0 fnt\n|faint|p2a: Kilowattrel\n|move|p2b: Tyranitar|Knock Off|p1b: Renault\n|-damage|p1b: Renault|27\/100\n|-enditem|p1b: Renault|Covert Cloak|[from] move: Knock Off|[of] p2b: Tyranitar\n|\n|-weather|Sandstorm|[upkeep]\n|-damage|p1a: Weezing|95\/100|[from] Sandstorm\n|-damage|p1b: Renault|21\/100|[from] Sandstorm\n|-damage|p2b: Tyranitar|84\/100 brn|[from] brn\n|upkeep\n|\n|t:|1732912323\n|switch|p2a: Gholdengo|Gholdengo, L50|100\/100\n|turn|4\n|\n|t:|1732912340\n|move|p1a: Weezing|Protect|p1a: Weezing\n|-singleturn|p1a: Weezing|Protect\n|move|p2a: Gholdengo|Protect|p2a: Gholdengo\n|-singleturn|p2a: Gholdengo|Protect\n|move|p1b: Renault|Heat Wave|p2a: Gholdengo|[spread] p2b\n|-activate|p2a: Gholdengo|move: Protect\n|-resisted|p2b: Tyranitar\n|-damage|p2b: Tyranitar|77\/100 brn\n|move|p2b: Tyranitar|Knock Off|p1a: Weezing\n|-activate|p1a: Weezing|move: Protect\n|\n|-weather|Sandstorm|[upkeep]\n|-damage|p1a: Weezing|89\/100|[from] Sandstorm\n|-damage|p1b: Renault|15\/100|[from] Sandstorm\n|-damage|p2b: Tyranitar|71\/100 brn|[from] brn\n|upkeep\n|turn|5\n|\n|t:|1732912360\n|-end|p1a: Weezing|ability: Neutralizing Gas\n|switch|p1a: Slaking|Slaking, L50, M, shiny|100\/100\n|switch|p2a: Garchomp|Garchomp, L50, M, tera:Ground|22\/100\n|move|p1b: Renault|Heat Wave|p2b: Tyranitar|[spread] p2a,p2b\n|-resisted|p2b: Tyranitar\n|-damage|p2a: Garchomp|0 fnt\n|-damage|p2b: Tyranitar|64\/100 brn\n|faint|p2a: Garchomp\n|move|p2b: Tyranitar|Rock Slide|p1b: Renault|[spread] p1b\n|-miss|p2b: Tyranitar|p1a: Slaking\n|-damage|p1b: Renault|0 fnt\n|faint|p1b: Renault\n|\n|-weather|Sandstorm|[upkeep]\n|-damage|p1a: Slaking|94\/100|[from] Sandstorm\n|-damage|p2b: Tyranitar|58\/100 brn|[from] brn\n|-fieldend|move: Trick Room\n|-fieldend|move: Psychic Terrain\n|upkeep\n|\n|t:|1732912377\n|switch|p2a: Gholdengo|Gholdengo, L50|100\/100\n|switch|p1b: Weezing|Weezing-Galar, L50, M|89\/100\n|-ability|p1b: Weezing|Neutralizing Gas\n|turn|6\n|\n|t:|1732912387\n|move|p1b: Weezing|Protect|p1b: Weezing\n|-singleturn|p1b: Weezing|Protect\n|move|p1a: Slaking|Drain Punch|p2b: Tyranitar\n|-supereffective|p2b: Tyranitar\n|-damage|p2b: Tyranitar|0 fnt\n|-heal|p1a: Slaking|100\/100|[from] drain|[of] p2b: Tyranitar\n|faint|p2b: Tyranitar\n|-damage|p1a: Slaking|90\/100|[from] item: Life Orb\n|move|p2a: Gholdengo|Nasty Plot|p2a: Gholdengo\n|-boost|p2a: Gholdengo|spa|2\n|\n|-weather|none\n|upkeep\n|turn|7\n|\n|t:|1732912407\n|move|p1a: Slaking|Knock Off|p2a: Gholdengo\n|-supereffective|p2a: Gholdengo\n|-damage|p2a: Gholdengo|0 fnt\n|-enditem|p2a: Gholdengo|Sitrus Berry|[from] move: Knock Off|[of] p1a: Slaking\n|faint|p2a: Gholdengo\n|-damage|p1a: Slaking|80\/100|[from] item: Life Orb\n|\n|win|marcxhenry\n|raw|marcxhenry's rating: 1679 &rarr; <strong>1703<\/strong><br \/>(+24 for winning)\n|raw|Colombianarepa's rating: 1746 &rarr; <strong>1722<\/strong><br \/>(-24 for losing)\n|l|\u2606Colombianarepa\n|player|p2|\n|l|\u2606marcxhenry\n|player|p1|\n","uploadtime":1732912562,"views":13,"formatid":"gen9vgc2024regh","rating":1703,"private":0,"password":null}