{"id":"gen9vgc2024regh-2253394611","format":"[Gen 9] VGC 2024 Reg H","players":["Toger220","Djjwjwwjj"],"log":"|j|\u2606Toger220\n|j|\u2606Djjwjwwjj\n|t:|1732887868\n|gametype|doubles\n|player|p1|Toger220|170|1717\n|player|p2|Djjwjwwjj|101|1805\n|teamsize|p1|6\n|teamsize|p2|6\n|gen|9\n|tier|[Gen 9] VGC 2024 Reg H\n|rated|\n|rule|Species Clause: Limit one of each Pok\u00e9mon\n|rule|Item Clause: Limit 1 of each item\n|clearpoke\n|poke|p1|Primarina, L50, F|\n|poke|p1|Delphox, L50, F|\n|poke|p1|Indeedee-F, L50, F|\n|poke|p1|Murkrow, L50, M|\n|poke|p1|Archaludon, L50, M|\n|poke|p1|Sneasler, L50, M|\n|poke|p2|Palafin, L50, F|\n|poke|p2|Pelipper, L50, F|\n|poke|p2|Electabuzz, L50, F|\n|poke|p2|Rillaboom, L50, M|\n|poke|p2|Incineroar, L50, F|\n|poke|p2|Gholdengo, L50|\n|teampreview|4\n|inactive|Battle timer is ON: inactive players will automatically lose when time's up. (requested by Djjwjwwjj)\n|inactive|Toger220 has 60 seconds left.\n|inactive|Djjwjwwjj has 60 seconds left.\n|\n|t:|1732887901\n|start\n|switch|p1a: Murkrow|Murkrow, L50, M|100\/100\n|switch|p1b: Archaludon|Archaludon, L50, M|100\/100\n|switch|p2a: Incineroar|Incineroar, L50, F|100\/100\n|switch|p2b: Electabuzz|Electabuzz, L50, F|100\/100\n|-ability|p2a: Incineroar|Intimidate|boost\n|-unboost|p1a: Murkrow|atk|1\n|-unboost|p1b: Archaludon|atk|1\n|turn|1\n|inactive|Djjwjwwjj has 30 seconds left.\n|\n|t:|1732887931\n|move|p1a: Murkrow|Rain Dance|p1a: Murkrow\n|-weather|RainDance\n|move|p2b: Electabuzz|Light Screen|p2b: Electabuzz\n|-sidestart|p2: Djjwjwwjj|move: Light Screen\n|move|p1b: Archaludon|Electro Shot||[still]\n|-prepare|p1b: Archaludon|Electro Shot\n|-boost|p1b: Archaludon|spa|1\n|-anim|p1b: Archaludon|Electro Shot|p2a: Incineroar\n|-damage|p2a: Incineroar|55\/100\n|move|p2a: Incineroar|Knock Off|p1a: Murkrow\n|-resisted|p1a: Murkrow\n|-damage|p1a: Murkrow|78\/100\n|-enditem|p1a: Murkrow|Eviolite|[from] move: Knock Off|[of] p2a: Incineroar\n|\n|-weather|RainDance|[upkeep]\n|upkeep\n|turn|2\n|\n|t:|1732887953\n|move|p2b: Electabuzz|Follow Me|p2b: Electabuzz\n|-singleturn|p2b: Electabuzz|move: Follow Me\n|move|p1b: Archaludon|Electro Shot||[still]\n|-prepare|p1b: Archaludon|Electro Shot\n|-boost|p1b: Archaludon|spa|1\n|-anim|p1b: Archaludon|Electro Shot|p2b: Electabuzz\n|-resisted|p2b: Electabuzz\n|-damage|p2b: Electabuzz|77\/100\n|move|p1a: Murkrow|Foul Play|p2b: Electabuzz\n|-damage|p2b: Electabuzz|55\/100\n|move|p2a: Incineroar|Parting Shot|p1b: Archaludon\n|-unboost|p1b: Archaludon|atk|1\n|-unboost|p1b: Archaludon|spa|1\n|\n|t:|1732887966\n|switch|p2a: Gholdengo|Gholdengo, L50|100\/100|[from] Parting Shot\n|\n|-weather|RainDance|[upkeep]\n|upkeep\n|turn|3\n|inactive|Djjwjwwjj has 30 seconds left.\n|\n|t:|1732887993\n|move|p1a: Murkrow|Tailwind|p1a: Murkrow\n|-sidestart|p1: Toger220|move: Tailwind\n|move|p1b: Archaludon|Dragon Pulse|p2b: Electabuzz\n|-damage|p2b: Electabuzz|19\/100\n|move|p2b: Electabuzz|Electroweb|p1b: Archaludon|[spread] p1a,p1b\n|-supereffective|p1a: Murkrow\n|-resisted|p1b: Archaludon\n|-damage|p1a: Murkrow|27\/100\n|-damage|p1b: Archaludon|90\/100\n|-unboost|p1a: Murkrow|spe|1\n|-unboost|p1b: Archaludon|spe|1\n|move|p2a: Gholdengo|Make It Rain|p1b: Archaludon|[spread] p1a,p1b\n|-resisted|p1b: Archaludon\n|-damage|p1a: Murkrow|0 fnt\n|-damage|p1b: Archaludon|57\/100\n|-unboost|p2a: Gholdengo|spa|1\n|faint|p1a: Murkrow\n|\n|-weather|RainDance|[upkeep]\n|upkeep\n|\n|t:|1732888010\n|switch|p1a: Delphox|Delphox, L50, F|100\/100\n|turn|4\n|\n|t:|1732888026\n|-terastallize|p1b: Archaludon|Electric\n|move|p2b: Electabuzz|Protect|p2b: Electabuzz\n|-singleturn|p2b: Electabuzz|Protect\n|move|p2a: Gholdengo|Protect|p2a: Gholdengo\n|-singleturn|p2a: Gholdengo|Protect\n|move|p1a: Delphox|Dazzling Gleam|p2b: Electabuzz|[spread] \n|-activate|p2a: Gholdengo|move: Protect\n|-activate|p2b: Electabuzz|move: Protect\n|move|p1b: Archaludon|Electro Shot||[still]\n|-prepare|p1b: Archaludon|Electro Shot\n|-boost|p1b: Archaludon|spa|1\n|-anim|p1b: Archaludon|Electro Shot|p2a: Gholdengo\n|-activate|p2a: Gholdengo|move: Protect\n|\n|-weather|RainDance|[upkeep]\n|upkeep\n|turn|5\n|inactive|Djjwjwwjj has 30 seconds left.\n|inactive|Djjwjwwjj has 20 seconds left.\n|inactive|Djjwjwwjj has 15 seconds left.\n|inactive|Djjwjwwjj has 10 seconds left.\n|\n|t:|1732888075\n|-terastallize|p2a: Gholdengo|Dragon\n|move|p2b: Electabuzz|Follow Me|p2b: Electabuzz\n|-singleturn|p2b: Electabuzz|move: Follow Me\n|move|p1a: Delphox|Dazzling Gleam|p2a: Gholdengo|[spread] p2a,p2b\n|-supereffective|p2a: Gholdengo\n|-damage|p2a: Gholdengo|64\/100\n|-damage|p2b: Electabuzz|5\/100\n|-damage|p1a: Delphox|91\/100|[from] item: Life Orb\n|move|p1b: Archaludon|Electro Shot||[still]\n|-prepare|p1b: Archaludon|Electro Shot\n|-boost|p1b: Archaludon|spa|1\n|-anim|p1b: Archaludon|Electro Shot|p2b: Electabuzz\n|-resisted|p2b: Electabuzz\n|-crit|p2b: Electabuzz\n|-damage|p2b: Electabuzz|0 fnt\n|faint|p2b: Electabuzz\n|move|p2a: Gholdengo|Nasty Plot|p2a: Gholdengo\n|-boost|p2a: Gholdengo|spa|2\n|\n|-weather|none\n|-heal|p2a: Gholdengo|70\/100|[from] item: Leftovers\n|-sideend|p2: Djjwjwwjj|move: Light Screen\n|upkeep\n|inactive|Djjwjwwjj has 30 seconds left.\n|\n|t:|1732888101\n|switch|p2b: Rillaboom|Rillaboom, L50, M|100\/100\n|-fieldstart|move: Grassy Terrain|[from] ability: Grassy Surge|[of] p2b: Rillaboom\n|turn|6\n|\n|t:|1732888107\n|switch|p1a: Indeedee|Indeedee-F, L50, F|100\/100\n|-fieldstart|move: Psychic Terrain|[from] ability: Psychic Surge|[of] p1a: Indeedee\n|move|p2a: Gholdengo|Protect|p2a: Gholdengo\n|-singleturn|p2a: Gholdengo|Protect\n|move|p1b: Archaludon|Dragon Pulse|p2a: Gholdengo\n|-activate|p2a: Gholdengo|move: Protect\n|move|p2b: Rillaboom|High Horsepower|p1b: Archaludon\n|-supereffective|p1b: Archaludon\n|-crit|p1b: Archaludon\n|-damage|p1b: Archaludon|0 fnt\n|faint|p1b: Archaludon\n|\n|-heal|p2a: Gholdengo|76\/100|[from] item: Leftovers\n|-sideend|p1: Toger220|move: Tailwind\n|upkeep\n|\n|t:|1732888115\n|switch|p1b: Delphox|Delphox, L50, F|91\/100\n|turn|7\n|\n|t:|1732888132\n|switch|p2b: Incineroar|Incineroar, L50, F|55\/100\n|-ability|p2b: Incineroar|Intimidate|boost\n|-unboost|p1a: Indeedee|atk|1\n|-unboost|p1b: Delphox|atk|1\n|move|p1a: Indeedee|Helping Hand|p1b: Delphox\n|-singleturn|p1b: Delphox|Helping Hand|[of] p1a: Indeedee\n|move|p1b: Delphox|Expanding Force|p2a: Gholdengo|[spread] p2a\n|-immune|p2b: Incineroar\n|-damage|p2a: Gholdengo|0 fnt\n|faint|p2a: Gholdengo\n|-damage|p1b: Delphox|81\/100|[from] item: Life Orb\n|\n|upkeep\n|\n|t:|1732888145\n|switch|p2a: Rillaboom|Rillaboom, L50, M|100\/100\n|-fieldstart|move: Grassy Terrain|[from] ability: Grassy Surge|[of] p2a: Rillaboom\n|turn|8\n|\n|t:|1732888152\n|move|p1b: Delphox|Protect|p1b: Delphox\n|-singleturn|p1b: Delphox|Protect\n|move|p2a: Rillaboom|Fake Out|p1b: Delphox\n|-activate|p1b: Delphox|move: Protect\n|move|p1a: Indeedee|Alluring Voice|p2b: Incineroar\n|-damage|p2b: Incineroar|40\/100\n|move|p2b: Incineroar|Knock Off|p1a: Indeedee\n|-supereffective|p1a: Indeedee\n|-damage|p1a: Indeedee|4\/100\n|-damage|p2b: Incineroar|23\/100|[from] item: Rocky Helmet|[of] p1a: Indeedee\n|-enditem|p1a: Indeedee|Rocky Helmet|[from] move: Knock Off|[of] p2b: Incineroar\n|\n|-heal|p1b: Delphox|87\/100|[from] Grassy Terrain\n|-heal|p1a: Indeedee|10\/100|[from] Grassy Terrain\n|-heal|p2b: Incineroar|29\/100|[from] Grassy Terrain\n|upkeep\n|turn|9\n|\n|t:|1732888172\n|move|p1a: Indeedee|Helping Hand|p1b: Delphox\n|-singleturn|p1b: Delphox|Helping Hand|[of] p1a: Indeedee\n|move|p2a: Rillaboom|Grassy Glide|p1a: Indeedee\n|-damage|p1a: Indeedee|0 fnt\n|faint|p1a: Indeedee\n|move|p1b: Delphox|Heat Wave|p2a: Rillaboom|[spread] p2a,p2b\n|-supereffective|p2a: Rillaboom\n|-resisted|p2b: Incineroar\n|-damage|p2a: Rillaboom|0 fnt\n|-damage|p2b: Incineroar|0 fnt\n|faint|p2a: Rillaboom\n|faint|p2b: Incineroar\n|-damage|p1b: Delphox|77\/100|[from] item: Life Orb\n|\n|win|Toger220\n|raw|Toger220's rating: 1717 &rarr; <strong>1742<\/strong><br \/>(+25 for winning)\n|raw|Djjwjwwjj's rating: 1805 &rarr; <strong>1780<\/strong><br \/>(-25 for losing)\n|l|\u2606Djjwjwwjj\n|player|p2|\n|l|\u2606Toger220\n|player|p1|\n","uploadtime":1732888432,"views":31,"formatid":"gen9vgc2024regh","rating":1742,"private":0,"password":null}