{"id":"gen9vgc2024regh-2253541206","format":"[Gen 9] VGC 2024 Reg H","players":["kojimuranishi","Pierleo"],"log":"|j|\u2606kojimuranishi\n|j|\u2606Pierleo\n|t:|1732906041\n|gametype|doubles\n|player|p1|kojimuranishi|102|1759\n|player|p2|Pierleo|102|1678\n|teamsize|p1|6\n|teamsize|p2|6\n|gen|9\n|tier|[Gen 9] VGC 2024 Reg H\n|rated|\n|rule|Species Clause: Limit one of each Pok\u00e9mon\n|rule|Item Clause: Limit 1 of each item\n|clearpoke\n|poke|p1|Whimsicott, L50, F|\n|poke|p1|Ursaluna-Bloodmoon, L50, M|\n|poke|p1|Archaludon, L50, F|\n|poke|p1|Dragonite, L50, F|\n|poke|p1|Gholdengo, L50|\n|poke|p1|Volcarona, L50, M|\n|poke|p2|Typhlosion-Hisui, L50, M|\n|poke|p2|Murkrow, L50, M|\n|poke|p2|Rillaboom, L50, M|\n|poke|p2|Incineroar, L50, M|\n|poke|p2|Garganacl, L50, F|\n|poke|p2|Sneasler, L50, M|\n|teampreview|4\n|inactive|Battle timer is ON: inactive players will automatically lose when time's up. (requested by kojimuranishi)\n|inactive|Pierleo also wants the timer to be on.\n|\n|t:|1732906075\n|start\n|switch|p1a: Whimsicott|Whimsicott, L50, F|100\/100\n|switch|p1b: Archaludon|Archaludon, L50, F|100\/100\n|switch|p2a: Incineroar|Incineroar, L50, M|100\/100\n|switch|p2b: Sneasler|Sneasler, L50, M|100\/100\n|-ability|p2a: Incineroar|Intimidate|boost\n|-unboost|p1a: Whimsicott|atk|1\n|-unboost|p1b: Archaludon|atk|1\n|turn|1\n|inactive|Pierleo has 30 seconds left.\n|\n|t:|1732906103\n|move|p1a: Whimsicott|Protect|p1a: Whimsicott\n|-singleturn|p1a: Whimsicott|Protect\n|move|p1b: Archaludon|Protect|p1b: Archaludon\n|-singleturn|p1b: Archaludon|Protect\n|move|p2b: Sneasler|Dire Claw|p1a: Whimsicott\n|-activate|p1a: Whimsicott|move: Protect\n|move|p2a: Incineroar|Parting Shot|p1b: Archaludon\n|-activate|p1b: Archaludon|move: Protect\n|\n|upkeep\n|turn|2\n|\n|t:|1732906120\n|-terastallize|p1a: Whimsicott|Steel\n|-terastallize|p2a: Incineroar|Ghost\n|move|p2b: Sneasler|Dire Claw|p1a: Whimsicott\n|-immune|p1a: Whimsicott\n|move|p1a: Whimsicott|Moonblast|p2b: Sneasler\n|-damage|p2b: Sneasler|52\/100\n|move|p1b: Archaludon|Meteor Beam||[still]\n|-prepare|p1b: Archaludon|Meteor Beam\n|-boost|p1b: Archaludon|spa|1\n|-enditem|p1b: Archaludon|Power Herb\n|-anim|p1b: Archaludon|Meteor Beam|p2a: Incineroar\n|-damage|p2a: Incineroar|49\/100\n|move|p2a: Incineroar|Will-O-Wisp|p1b: Archaludon\n|-status|p1b: Archaludon|brn\n|\n|-damage|p1b: Archaludon|94\/100 brn|[from] brn\n|upkeep\n|turn|3\n|inactive|kojimuranishi has 30 seconds left.\n|\n|t:|1732906153\n|move|p2b: Sneasler|Protect|p2b: Sneasler\n|-singleturn|p2b: Sneasler|Protect\n|move|p1a: Whimsicott|Tailwind|p1a: Whimsicott\n|-sidestart|p1: kojimuranishi|move: Tailwind\n|move|p1b: Archaludon|Draco Meteor|p2b: Sneasler\n|-activate|p2b: Sneasler|move: Protect\n|move|p2a: Incineroar|Parting Shot|p1b: Archaludon\n|-unboost|p1b: Archaludon|atk|1\n|-unboost|p1b: Archaludon|spa|1\n|\n|t:|1732906164\n|switch|p2a: Garganacl|Garganacl, L50, F|100\/100|[from] Parting Shot\n|\n|-damage|p1b: Archaludon|88\/100 brn|[from] brn\n|upkeep\n|turn|4\n|j| mpudi\n|\n|t:|1732906178\n|switch|p2b: Rillaboom|Rillaboom, L50, M|100\/100\n|-fieldstart|move: Grassy Terrain|[from] ability: Grassy Surge|[of] p2b: Rillaboom\n|move|p1a: Whimsicott|Moonblast|p2a: Garganacl\n|-damage|p2a: Garganacl|68\/100\n|move|p1b: Archaludon|Draco Meteor|p2b: Rillaboom|[miss]\n|-miss|p1b: Archaludon|p2b: Rillaboom\n|move|p2a: Garganacl|Salt Cure|p1a: Whimsicott\n|-resisted|p1a: Whimsicott\n|-damage|p1a: Whimsicott|91\/100\n|-start|p1a: Whimsicott|Salt Cure\n|\n|-heal|p1a: Whimsicott|97\/100|[from] Grassy Terrain\n|-heal|p1b: Archaludon|94\/100 brn|[from] Grassy Terrain\n|-heal|p2a: Garganacl|74\/100|[from] Grassy Terrain\n|-heal|p2a: Garganacl|79\/100|[from] item: Leftovers\n|-damage|p1b: Archaludon|88\/100 brn|[from] brn\n|-damage|p1a: Whimsicott|72\/100|[from] Salt Cure\n|upkeep\n|turn|5\n|inactive|kojimuranishi has 30 seconds left.\n|j| oherrodersir\n|\n|t:|1732906212\n|switch|p1a: Gholdengo|Gholdengo, L50|100\/100\n|switch|p1b: Dragonite|Dragonite, L50, F|100\/100\n|move|p2b: Rillaboom|Fake Out|p1a: Gholdengo\n|-immune|p1a: Gholdengo\n|move|p2a: Garganacl|Salt Cure|p1b: Dragonite\n|-supereffective|p1b: Dragonite\n|-damage|p1b: Dragonite|87\/100\n|-start|p1b: Dragonite|Salt Cure\n|\n|-heal|p2a: Garganacl|85\/100|[from] Grassy Terrain\n|-heal|p2a: Garganacl|91\/100|[from] item: Leftovers\n|-damage|p1b: Dragonite|74\/100|[from] Salt Cure\n|upkeep\n|turn|6\n|\n|t:|1732906235\n|move|p1a: Gholdengo|Make It Rain|p2b: Rillaboom|[spread] p2a,p2b\n|-supereffective|p2a: Garganacl\n|-damage|p2a: Garganacl|0 fnt\n|-damage|p2b: Rillaboom|48\/100\n|-unboost|p1a: Gholdengo|spa|1\n|faint|p2a: Garganacl\n|move|p1b: Dragonite|Low Kick|p2b: Rillaboom\n|-damage|p2b: Rillaboom|5\/100\n|move|p2b: Rillaboom|High Horsepower|p1a: Gholdengo\n|-supereffective|p1a: Gholdengo\n|-damage|p1a: Gholdengo|38\/100\n|\n|-heal|p1a: Gholdengo|44\/100|[from] Grassy Terrain\n|-heal|p2b: Rillaboom|11\/100|[from] Grassy Terrain\n|-damage|p1b: Dragonite|62\/100|[from] Salt Cure\n|-sideend|p1: kojimuranishi|move: Tailwind\n|upkeep\n|\n|t:|1732906252\n|switch|p2a: Incineroar|Incineroar, L50, M, tera:Ghost|49\/100\n|-ability|p2a: Incineroar|Intimidate|boost\n|-unboost|p1a: Gholdengo|atk|1\n|-unboost|p1b: Dragonite|atk|1\n|turn|7\n|\n|t:|1732906271\n|switch|p1b: Whimsicott|Whimsicott, L50, F, tera:Steel|72\/100\n|move|p2b: Rillaboom|Grassy Glide|p1b: Whimsicott\n|-resisted|p1b: Whimsicott\n|-damage|p1b: Whimsicott|45\/100\n|move|p1a: Gholdengo|Make It Rain|p2a: Incineroar|[spread] p2a,p2b\n|-damage|p2a: Incineroar|13\/100\n|-damage|p2b: Rillaboom|0 fnt\n|-unboost|p1a: Gholdengo|spa|1\n|faint|p2b: Rillaboom\n|move|p2a: Incineroar|Knock Off|p1a: Gholdengo\n|-supereffective|p1a: Gholdengo\n|-damage|p1a: Gholdengo|0 fnt\n|-enditem|p1a: Gholdengo|Choice Specs|[from] move: Knock Off|[of] p2a: Incineroar\n|faint|p1a: Gholdengo\n|\n|-heal|p1b: Whimsicott|51\/100|[from] Grassy Terrain\n|-heal|p2a: Incineroar|19\/100|[from] Grassy Terrain\n|upkeep\n|\n|t:|1732906295\n|switch|p1a: Archaludon|Archaludon, L50, F|88\/100 brn\n|switch|p2b: Sneasler|Sneasler, L50, M|52\/100\n|turn|8\n|\n|t:|1732906303\n|move|p1b: Whimsicott|Protect|p1b: Whimsicott\n|-singleturn|p1b: Whimsicott|Protect\n|move|p1a: Archaludon|Protect|p1a: Archaludon\n|-singleturn|p1a: Archaludon|Protect\n|move|p2b: Sneasler|Close Combat|p1a: Archaludon\n|-activate|p1a: Archaludon|move: Protect\n|move|p2a: Incineroar|Knock Off|p1b: Whimsicott\n|-activate|p1b: Whimsicott|move: Protect\n|\n|-heal|p2b: Sneasler|58\/100|[from] Grassy Terrain\n|-heal|p1b: Whimsicott|57\/100|[from] Grassy Terrain\n|-heal|p1a: Archaludon|94\/100 brn|[from] Grassy Terrain\n|-heal|p2a: Incineroar|25\/100|[from] Grassy Terrain\n|-damage|p1a: Archaludon|88\/100 brn|[from] brn\n|-fieldend|move: Grassy Terrain\n|upkeep\n|turn|9\n|-message|Pierleo forfeited.\n|\n|win|kojimuranishi\n|raw|kojimuranishi's rating: 1759 &rarr; <strong>1774<\/strong><br \/>(+15 for winning)\n|raw|Pierleo's rating: 1678 &rarr; <strong>1663<\/strong><br \/>(-15 for losing)\n|l|\u2606Pierleo\n|player|p2|\n|l|\u2606kojimuranishi\n|player|p1|\n|l| mpudi\n","uploadtime":1732906587,"views":20,"formatid":"gen9vgc2024regh","rating":1663,"private":0,"password":null}