{"id":"gen9vgc2024regh-2253115841","format":"[Gen 9] VGC 2024 Reg H","players":["2024 GC Champion","The Slimmest Jesus"],"log":"|j|\u26062024 GC Champion\n|j|\u2606The Slimmest Jesus\n|t:|1732842512\n|gametype|doubles\n|player|p1|2024 GC Champion|101|1642\n|player|p2|The Slimmest Jesus|265|1753\n|teamsize|p1|6\n|teamsize|p2|6\n|gen|9\n|tier|[Gen 9] VGC 2024 Reg H\n|rated|\n|rule|Species Clause: Limit one of each Pok\u00e9mon\n|rule|Item Clause: Limit 1 of each item\n|clearpoke\n|poke|p1|Ursaluna-Bloodmoon, L50, M|\n|poke|p1|Talonflame, L50, M|\n|poke|p1|Sneasler, L50, M|\n|poke|p1|Indeedee, L50, M|\n|poke|p1|Dragonite, L50, M|\n|poke|p1|Electabuzz, L50, M|\n|poke|p2|Sneasler, L50, F|\n|poke|p2|Indeedee, L50, M|\n|poke|p2|Gholdengo, L50|\n|poke|p2|Murkrow, L50, F|\n|poke|p2|Ursaluna, L50, M|\n|poke|p2|Zoroark-Hisui, L50, M|\n|teampreview|4\n|inactive|Battle timer is ON: inactive players will automatically lose when time's up. (requested by 2024 GC Champion)\n|inactive|2024 GC Champion has 60 seconds left.\n|inactive|The Slimmest Jesus has 60 seconds left.\n|inactive|The Slimmest Jesus has 30 seconds left.\n|inactive|The Slimmest Jesus has 20 seconds left.\n|\n|t:|1732842583\n|start\n|switch|p1a: Electabuzz|Electabuzz, L50, M|100\/100\n|switch|p1b: Ursaluna|Ursaluna-Bloodmoon, L50, M|100\/100\n|switch|p2a: Indeedee|Indeedee, L50, M|100\/100\n|switch|p2b: Murkrow|Murkrow, L50, F|100\/100\n|-fieldstart|move: Psychic Terrain|[from] ability: Psychic Surge|[of] p2a: Indeedee\n|turn|1\n|\n|t:|1732842605\n|-terastallize|p2a: Indeedee|Psychic\n|move|p2b: Murkrow|Tailwind|p2b: Murkrow\n|-sidestart|p2: The Slimmest Jesus|move: Tailwind\n|move|p2a: Indeedee|Expanding Force|p1b: Ursaluna|[spread] p1a,p1b\n|-damage|p1a: Electabuzz|43\/100\n|-damage|p1b: Ursaluna|0 fnt\n|faint|p1b: Ursaluna\n|move|p1a: Electabuzz|Electroweb|p2b: Murkrow|[spread] p2a,p2b\n|-supereffective|p2b: Murkrow\n|-damage|p2a: Indeedee|82\/100\n|-damage|p2b: Murkrow|74\/100\n|-unboost|p2a: Indeedee|spe|1\n|-unboost|p2b: Murkrow|spe|1\n|\n|upkeep\n|\n|t:|1732842614\n|switch|p1b: Sneasler|Sneasler, L50, M|100\/100\n|-enditem|p1b: Sneasler|Psychic Seed\n|-boost|p1b: Sneasler|spd|1|[from] item: Psychic Seed\n|turn|2\n|inactive|The Slimmest Jesus has 30 seconds left.\n|\n|t:|1732842644\n|-terastallize|p1b: Sneasler|Dark\n|move|p2a: Indeedee|Protect|p2a: Indeedee\n|-singleturn|p2a: Indeedee|Protect\n|move|p1b: Sneasler|Throat Chop|p2a: Indeedee\n|-activate|p2a: Indeedee|move: Protect\n|move|p1a: Electabuzz|Taunt|p2b: Murkrow\n|-start|p2b: Murkrow|move: Taunt\n|move|p2b: Murkrow|Foul Play|p1b: Sneasler\n|-resisted|p1b: Sneasler\n|-damage|p1b: Sneasler|53\/100\n|\n|upkeep\n|turn|3\n|inactive|The Slimmest Jesus has 30 seconds left.\n|inactive|The Slimmest Jesus has 20 seconds left.\n|inactive|The Slimmest Jesus has 15 seconds left.\n|inactive|The Slimmest Jesus has 10 seconds left.\n|inactive|The Slimmest Jesus has 5 seconds left.\n|\n|t:|1732842697\n|switch|p2b: Gholdengo|Gholdengo, L50|100\/100\n|move|p1b: Sneasler|Throat Chop|p2a: Indeedee\n|-supereffective|p2a: Indeedee\n|-damage|p2a: Indeedee|0 fnt\n|faint|p2a: Indeedee\n|move|p1a: Electabuzz|Electroweb|p2b: Gholdengo\n|-damage|p2b: Gholdengo|79\/100\n|-unboost|p2b: Gholdengo|spe|1\n|\n|upkeep\n|\n|t:|1732842714\n|switch|p2a: Murkrow|Murkrow, L50, F|74\/100\n|turn|4\n|inactive|The Slimmest Jesus has 30 seconds left.\n|\n|t:|1732842741\n|switch|p2b: Ursaluna|Ursaluna, L50, M|100\/100\n|move|p1b: Sneasler|Protect|p1b: Sneasler\n|-singleturn|p1b: Sneasler|Protect\n|move|p2a: Murkrow|Foul Play|p1b: Sneasler\n|-activate|p1b: Sneasler|move: Protect\n|move|p1a: Electabuzz|Electroweb|p2b: Ursaluna|[spread] p2a\n|-immune|p2b: Ursaluna\n|-supereffective|p2a: Murkrow\n|-damage|p2a: Murkrow|46\/100\n|-unboost|p2a: Murkrow|spe|1\n|\n|-sideend|p2: The Slimmest Jesus|move: Tailwind\n|-status|p2b: Ursaluna|brn|[from] item: Flame Orb\n|upkeep\n|turn|5\n|inactive|2024 GC Champion has 30 seconds left.\n|inactive|2024 GC Champion has 20 seconds left.\n|inactive|2024 GC Champion has 15 seconds left.\n|\n|t:|1732842787\n|move|p1a: Electabuzz|Follow Me|p1a: Electabuzz\n|-singleturn|p1a: Electabuzz|move: Follow Me\n|move|p2a: Murkrow|Tailwind|p2a: Murkrow\n|-sidestart|p2: The Slimmest Jesus|move: Tailwind\n|move|p1b: Sneasler|Close Combat|p2b: Ursaluna\n|-supereffective|p2b: Ursaluna\n|-damage|p2b: Ursaluna|0 fnt\n|-unboost|p1b: Sneasler|def|1\n|-unboost|p1b: Sneasler|spd|1\n|faint|p2b: Ursaluna\n|\n|-fieldend|move: Psychic Terrain\n|upkeep\n|\n|t:|1732842800\n|switch|p2b: Gholdengo|Gholdengo, L50|79\/100\n|turn|6\n|\n|t:|1732842808\n|move|p1b: Sneasler|Protect|p1b: Sneasler\n|-singleturn|p1b: Sneasler|Protect\n|move|p2b: Gholdengo|Make It Rain|p1a: Electabuzz|[spread] p1a\n|-activate|p1b: Sneasler|move: Protect\n|-resisted|p1a: Electabuzz\n|-damage|p1a: Electabuzz|15\/100\n|-unboost|p2b: Gholdengo|spa|1\n|move|p1a: Electabuzz|Electroweb|p2b: Gholdengo|[spread] p2a,p2b\n|-supereffective|p2a: Murkrow\n|-damage|p2a: Murkrow|15\/100\n|-damage|p2b: Gholdengo|62\/100\n|-unboost|p2a: Murkrow|spe|1\n|-unboost|p2b: Gholdengo|spe|1\n|move|p2a: Murkrow|Foul Play|p1b: Sneasler\n|-activate|p1b: Sneasler|move: Protect\n|\n|upkeep\n|turn|7\n|-message|The Slimmest Jesus forfeited.\n|\n|win|2024 GC Champion\n|raw|2024 GC Champion's rating: 1642 &rarr; <strong>1668<\/strong><br \/>(+26 for winning)\n|raw|The Slimmest Jesus's rating: 1753 &rarr; <strong>1727<\/strong><br \/>(-26 for losing)\n|l|\u2606The Slimmest Jesus\n|player|p2|\n|c|\u26062024 GC Champion|gg\n","uploadtime":1732842831,"views":11,"formatid":"gen9vgc2024regh","rating":1668,"private":0,"password":null}