{"id":"gen9vgc2024regh-2253652501","format":"[Gen 9] VGC 2024 Reg H","players":["kojimuranishi","Djjwjwwjj"],"log":"|j|\u2606kojimuranishi\n|j|\u2606Djjwjwwjj\n|t:|1732919772\n|gametype|doubles\n|player|p1|kojimuranishi|102|1817\n|player|p2|Djjwjwwjj|266|1806\n|teamsize|p1|6\n|teamsize|p2|6\n|gen|9\n|tier|[Gen 9] VGC 2024 Reg H\n|rated|\n|rule|Species Clause: Limit one of each Pok\u00e9mon\n|rule|Item Clause: Limit 1 of each item\n|clearpoke\n|poke|p1|Whimsicott, L50, F|\n|poke|p1|Ursaluna-Bloodmoon, L50, M|\n|poke|p1|Archaludon, L50, M|\n|poke|p1|Dragonite, L50, F|\n|poke|p1|Gholdengo, L50|\n|poke|p1|Volcarona, L50, M|\n|poke|p2|Palafin, L50, F|\n|poke|p2|Pelipper, L50, F|\n|poke|p2|Electabuzz, L50, M|\n|poke|p2|Rillaboom, L50, M|\n|poke|p2|Incineroar, L50, F|\n|poke|p2|Gholdengo, L50|\n|teampreview|4\n|inactive|Battle timer is ON: inactive players will automatically lose when time's up. (requested by Djjwjwwjj)\n|inactive|kojimuranishi has 60 seconds left.\n|inactive|Djjwjwwjj has 60 seconds left.\n|inactive|kojimuranishi has 30 seconds left.\n|inactive|kojimuranishi has 20 seconds left.\n|inactive|kojimuranishi has 15 seconds left.\n|inactive|kojimuranishi has 10 seconds left.\n|\n|t:|1732919853\n|start\n|switch|p1a: Gholdengo|Gholdengo, L50|100\/100\n|switch|p1b: Volcarona|Volcarona, L50, M|100\/100\n|switch|p2a: Incineroar|Incineroar, L50, F|100\/100\n|switch|p2b: Gholdengo|Gholdengo, L50|100\/100\n|-ability|p2a: Incineroar|Intimidate|boost\n|-unboost|p1a: Gholdengo|atk|1\n|-unboost|p1b: Volcarona|atk|1\n|turn|1\n|inactive|Djjwjwwjj has 30 seconds left.\n|inactive|Djjwjwwjj has 20 seconds left.\n|inactive|Djjwjwwjj has 15 seconds left.\n|inactive|Djjwjwwjj has 10 seconds left.\n|inactive|Djjwjwwjj has 5 seconds left.\n|\n|t:|1732919904\n|move|p2b: Gholdengo|Protect|p2b: Gholdengo\n|-singleturn|p2b: Gholdengo|Protect\n|move|p1b: Volcarona|Heat Wave|p2b: Gholdengo|[spread] p2a\n|-activate|p2b: Gholdengo|move: Protect\n|-resisted|p2a: Incineroar\n|-damage|p2a: Incineroar|87\/100\n|move|p2a: Incineroar|Flare Blitz|p1a: Gholdengo\n|-supereffective|p1a: Gholdengo\n|-damage|p1a: Gholdengo|3\/100\n|-damage|p2a: Incineroar|58\/100|[from] Recoil\n|move|p1a: Gholdengo|Power Gem|p2a: Incineroar\n|-supereffective|p2a: Incineroar\n|-damage|p2a: Incineroar|0 fnt\n|faint|p2a: Incineroar\n|\n|upkeep\n|\n|t:|1732919920\n|switch|p2a: Pelipper|Pelipper, L50, F|100\/100\n|-weather|RainDance|[from] ability: Drizzle|[of] p2a: Pelipper\n|turn|2\n|\n|t:|1732919935\n|move|p2a: Pelipper|Hurricane|p1b: Volcarona\n|-supereffective|p1b: Volcarona\n|-damage|p1b: Volcarona|15\/100\n|-start|p1b: Volcarona|confusion\n|move|p2b: Gholdengo|Make It Rain|p1a: Gholdengo|[spread] p1a,p1b\n|-resisted|p1a: Gholdengo\n|-resisted|p1b: Volcarona\n|-damage|p1a: Gholdengo|0 fnt\n|-damage|p1b: Volcarona|0 fnt\n|-unboost|p2b: Gholdengo|spa|1\n|faint|p1a: Gholdengo\n|faint|p1b: Volcarona\n|-damage|p2b: Gholdengo|91\/100|[from] item: Life Orb\n|\n|-weather|RainDance|[upkeep]\n|upkeep\n|\n|t:|1732919952\n|switch|p1b: Dragonite|Dragonite, L50, F|100\/100\n|switch|p1a: Ursaluna|Ursaluna-Bloodmoon, L50, M|100\/100\n|turn|3\n|j| judang\n|\n|t:|1732919971\n|-terastallize|p2b: Gholdengo|Dragon\n|move|p1a: Ursaluna|Protect|p1a: Ursaluna\n|-singleturn|p1a: Ursaluna|Protect\n|move|p2a: Pelipper|Hurricane|p1b: Dragonite\n|-damage|p1b: Dragonite|78\/100\n|move|p2b: Gholdengo|Make It Rain|p1a: Ursaluna|[spread] p1b\n|-activate|p1a: Ursaluna|move: Protect\n|-damage|p1b: Dragonite|42\/100\n|-unboost|p2b: Gholdengo|spa|1\n|-damage|p2b: Gholdengo|81\/100|[from] item: Life Orb\n|move|p1b: Dragonite|Outrage|p2b: Gholdengo\n|-supereffective|p2b: Gholdengo\n|-damage|p2b: Gholdengo|0 fnt\n|faint|p2b: Gholdengo\n|\n|-weather|RainDance|[upkeep]\n|upkeep\n|\n|t:|1732919992\n|switch|p2b: Electabuzz|Electabuzz, L50, M|100\/100\n|turn|4\n|j| la bella de easo\n|\n|t:|1732920009\n|-terastallize|p1a: Ursaluna|Normal\n|move|p2a: Pelipper|Hurricane|p1b: Dragonite\n|-damage|p1b: Dragonite|0 fnt\n|faint|p1b: Dragonite\n|move|p2b: Electabuzz|Light Screen|p2b: Electabuzz\n|-sidestart|p2: Djjwjwwjj|move: Light Screen\n|move|p1a: Ursaluna|Blood Moon|p2a: Pelipper\n|-damage|p2a: Pelipper|0 fnt\n|faint|p2a: Pelipper\n|-damage|p1a: Ursaluna|91\/100|[from] item: Life Orb\n|\n|-weather|RainDance|[upkeep]\n|upkeep\n|turn|5\n|\n|t:|1732920028\n|move|p1a: Ursaluna|Protect|p1a: Ursaluna\n|-singleturn|p1a: Ursaluna|Protect\n|move|p2b: Electabuzz|Electroweb|p1a: Ursaluna\n|-activate|p1a: Ursaluna|move: Protect\n|\n|-weather|RainDance|[upkeep]\n|upkeep\n|turn|6\n|\n|t:|1732920039\n|move|p2b: Electabuzz|Electroweb|p1a: Ursaluna\n|-damage|p1a: Ursaluna|65\/100\n|-unboost|p1a: Ursaluna|spe|1\n|move|p1a: Ursaluna|Blood Moon|p2b: Electabuzz\n|-crit|p2b: Electabuzz\n|-damage|p2b: Electabuzz|0 fnt\n|faint|p2b: Electabuzz\n|-damage|p1a: Ursaluna|56\/100|[from] item: Life Orb\n|\n|win|kojimuranishi\n|raw|kojimuranishi's rating: 1817 &rarr; <strong>1836<\/strong><br \/>(+19 for winning)\n|raw|Djjwjwwjj's rating: 1806 &rarr; <strong>1787<\/strong><br \/>(-19 for losing)\n|l|\u2606Djjwjwwjj\n|player|p2|\n|l|\u2606kojimuranishi\n|player|p1|\n|l| la bella de easo\n","uploadtime":1732920189,"views":75,"formatid":"gen9vgc2024regh","rating":1787,"private":0,"password":null}