{"id":"gen9vgc2024regh-2253381087","format":"[Gen 9] VGC 2024 Reg H","players":["trecal","Djjwjwwjj"],"log":"|j|\u2606trecal\n|j|\u2606Djjwjwwjj\n|t:|1732885982\n|gametype|doubles\n|player|p1|trecal|2|1747\n|player|p2|Djjwjwwjj|101|1844\n|teamsize|p1|6\n|teamsize|p2|6\n|gen|9\n|tier|[Gen 9] VGC 2024 Reg H\n|rated|\n|rule|Species Clause: Limit one of each Pok\u00e9mon\n|rule|Item Clause: Limit 1 of each item\n|clearpoke\n|poke|p1|Kommo-o, L50, F|\n|poke|p1|Gholdengo, L50|\n|poke|p1|Sneasler, L50, F|\n|poke|p1|Rillaboom, L50, M|\n|poke|p1|Dondozo, L50, F|\n|poke|p1|Electabuzz, L50, F|\n|poke|p2|Palafin, L50, M|\n|poke|p2|Pelipper, L50, M|\n|poke|p2|Electabuzz, L50, M|\n|poke|p2|Rillaboom, L50, F|\n|poke|p2|Incineroar, L50, M|\n|poke|p2|Gholdengo, L50|\n|teampreview|4\n|inactive|Battle timer is ON: inactive players will automatically lose when time's up. (requested by Djjwjwwjj)\n|inactive|trecal has 60 seconds left.\n|inactive|Djjwjwwjj has 60 seconds left.\n|\n|t:|1732886041\n|start\n|switch|p1a: Kommo-o|Kommo-o, L50, F|100\/100\n|switch|p1b: Electabuzz|Electabuzz, L50, F|100\/100\n|switch|p2a: Palafin|Palafin, L50, M|100\/100\n|switch|p2b: Gholdengo|Gholdengo, L50|100\/100\n|turn|1\n|\n|t:|1732886064\n|-terastallize|p2a: Palafin|Ghost\n|move|p2a: Palafin|Ice Punch|p1a: Kommo-o\n|-supereffective|p1a: Kommo-o\n|-damage|p1a: Kommo-o|52\/100\n|move|p1b: Electabuzz|Electroweb|p2a: Palafin|[spread] p2b\n|-miss|p1b: Electabuzz|p2a: Palafin\n|-damage|p2b: Gholdengo|88\/100\n|-unboost|p2b: Gholdengo|spe|1\n|move|p1a: Kommo-o|Clanging Scales|p2a: Palafin|[spread] p2a,p2b\n|-resisted|p2b: Gholdengo\n|-damage|p2a: Palafin|52\/100\n|-damage|p2b: Gholdengo|72\/100\n|-unboost|p1a: Kommo-o|def|1\n|-enditem|p1a: Kommo-o|Throat Spray\n|-boost|p1a: Kommo-o|spa|1|[from] item: Throat Spray\n|move|p2b: Gholdengo|Make It Rain|p1a: Kommo-o|[spread] p1a,p1b\n|-resisted|p1b: Electabuzz\n|-damage|p1a: Kommo-o|11\/100\n|-damage|p1b: Electabuzz|85\/100\n|-unboost|p2b: Gholdengo|spa|1\n|\n|-heal|p2b: Gholdengo|79\/100|[from] item: Leftovers\n|upkeep\n|turn|2\n|inactive|trecal has 30 seconds left.\n|inactive|Djjwjwwjj has 30 seconds left.\n|\n|t:|1732886097\n|detailschange|p2a: Palafin|Palafin-Hero, L50, M, tera:Ghost\n|switch|p2a: Incineroar|Incineroar, L50, M|100\/100\n|-ability|p2a: Incineroar|Intimidate|boost\n|-unboost|p1a: Kommo-o|atk|1\n|-unboost|p1b: Electabuzz|atk|1\n|move|p1b: Electabuzz|Follow Me|p1b: Electabuzz\n|-singleturn|p1b: Electabuzz|move: Follow Me\n|move|p1a: Kommo-o|Flamethrower|p2b: Gholdengo\n|-supereffective|p2b: Gholdengo\n|-damage|p2b: Gholdengo|0 fnt\n|faint|p2b: Gholdengo\n|\n|upkeep\n|j| judang\n|\n|t:|1732886111\n|switch|p2b: Palafin|Palafin-Hero, L50, M, tera:Ghost|52\/100\n|-activate|p2b: Palafin|ability: Zero to Hero\n|turn|3\n|\n|t:|1732886122\n|switch|p2a: Rillaboom|Rillaboom, L50, F|100\/100\n|-fieldstart|move: Grassy Terrain|[from] ability: Grassy Surge|[of] p2a: Rillaboom\n|move|p1b: Electabuzz|Protect|p1b: Electabuzz\n|-singleturn|p1b: Electabuzz|Protect\n|move|p1a: Kommo-o|Protect|p1a: Kommo-o\n|-singleturn|p1a: Kommo-o|Protect\n|move|p2b: Palafin|Flip Turn|p1b: Electabuzz\n|-activate|p1b: Electabuzz|move: Protect\n|\n|-heal|p2b: Palafin|58\/100|[from] Grassy Terrain\n|-heal|p1b: Electabuzz|91\/100|[from] Grassy Terrain\n|-heal|p1a: Kommo-o|16\/100|[from] Grassy Terrain\n|upkeep\n|turn|4\n|inactive|trecal has 30 seconds left.\n|inactive|trecal has 20 seconds left.\n|inactive|trecal has 15 seconds left.\n|inactive|trecal has 10 seconds left.\n|inactive|trecal has 5 seconds left.\n|\n|t:|1732886172\n|switch|p1a: Dondozo|Dondozo, L50, F|100\/100\n|move|p2a: Rillaboom|Fake Out|p1b: Electabuzz\n|-damage|p1b: Electabuzz|77\/100\n|move|p2b: Palafin|Flip Turn|p1a: Dondozo\n|-resisted|p1a: Dondozo\n|-damage|p1a: Dondozo|87\/100\n|\n|t:|1732886181\n|switch|p2b: Incineroar|Incineroar, L50, M|100\/100|[from] Flip Turn\n|-ability|p2b: Incineroar|Intimidate|boost\n|-unboost|p1a: Dondozo|atk|1\n|-unboost|p1b: Electabuzz|atk|1\n|cant|p1b: Electabuzz|flinch\n|\n|-heal|p1b: Electabuzz|83\/100|[from] Grassy Terrain\n|-heal|p1a: Dondozo|93\/100|[from] Grassy Terrain\n|-heal|p1a: Dondozo|99\/100|[from] item: Leftovers\n|upkeep\n|turn|5\n|j| waltermelon2\n|inactive|trecal has 30 seconds left.\n|inactive|trecal has 20 seconds left.\n|inactive|trecal has 15 seconds left.\n|\n|t:|1732886224\n|-terastallize|p1a: Dondozo|Flying\n|move|p1b: Electabuzz|Helping Hand|p1a: Dondozo\n|-singleturn|p1a: Dondozo|Helping Hand|[of] p1b: Electabuzz\n|move|p2b: Incineroar|Fake Out|p1a: Dondozo\n|-damage|p1a: Dondozo|92\/100\n|move|p2a: Rillaboom|High Horsepower|p1b: Electabuzz\n|-supereffective|p1b: Electabuzz\n|-damage|p1b: Electabuzz|24\/100\n|cant|p1a: Dondozo|flinch\n|\n|-heal|p1b: Electabuzz|30\/100|[from] Grassy Terrain\n|-heal|p1a: Dondozo|99\/100|[from] item: Leftovers\n|upkeep\n|turn|6\n|inactive|trecal has 30 seconds left.\n|inactive|trecal has 20 seconds left.\n|\n|t:|1732886262\n|move|p1b: Electabuzz|Helping Hand|p1a: Dondozo\n|-singleturn|p1a: Dondozo|Helping Hand|[of] p1b: Electabuzz\n|move|p2a: Rillaboom|High Horsepower|p1b: Electabuzz\n|-supereffective|p1b: Electabuzz\n|-crit|p1b: Electabuzz\n|-damage|p1b: Electabuzz|0 fnt\n|faint|p1b: Electabuzz\n|move|p2b: Incineroar|Parting Shot|p1a: Dondozo\n|-unboost|p1a: Dondozo|atk|1\n|-unboost|p1a: Dondozo|spa|1\n|\n|t:|1732886271\n|switch|p2b: Palafin|Palafin-Hero, L50, M, tera:Ghost|58\/100|[from] Parting Shot\n|move|p1a: Dondozo|Wave Crash|p2b: Palafin\n|-damage|p2b: Palafin|25\/100\n|-damage|p1a: Dondozo|91\/100|[from] Recoil\n|\n|-heal|p2b: Palafin|32\/100|[from] Grassy Terrain\n|-heal|p1a: Dondozo|97\/100|[from] item: Leftovers\n|upkeep\n|\n|t:|1732886287\n|switch|p1b: Rillaboom|Rillaboom, L50, M|100\/100\n|turn|7\n|inactive|trecal has 30 seconds left.\n|\n|t:|1732886319\n|switch|p2b: Incineroar|Incineroar, L50, M|100\/100\n|-ability|p2b: Incineroar|Intimidate|boost\n|-unboost|p1a: Dondozo|atk|1\n|-unboost|p1b: Rillaboom|atk|1\n|switch|p1a: Kommo-o|Kommo-o, L50, F|16\/100\n|move|p2a: Rillaboom|Wood Hammer|p1b: Rillaboom\n|-resisted|p1b: Rillaboom\n|-damage|p1b: Rillaboom|58\/100\n|-damage|p2a: Rillaboom|86\/100|[from] Recoil\n|move|p1b: Rillaboom|High Horsepower|p2a: Rillaboom\n|-resisted|p2a: Rillaboom\n|-crit|p2a: Rillaboom\n|-damage|p2a: Rillaboom|62\/100\n|\n|-heal|p1a: Kommo-o|22\/100|[from] Grassy Terrain\n|-heal|p2a: Rillaboom|68\/100|[from] Grassy Terrain\n|-heal|p1b: Rillaboom|64\/100|[from] Grassy Terrain\n|-fieldend|move: Grassy Terrain\n|upkeep\n|turn|8\n|inactive|trecal has 30 seconds left.\n|inactive|Djjwjwwjj has 30 seconds left.\n|\n|t:|1732886353\n|switch|p1b: Dondozo|Dondozo, L50, F, tera:Flying|97\/100\n|move|p1a: Kommo-o|Clanging Scales|p2b: Incineroar|[spread] p2a,p2b\n|-damage|p2a: Rillaboom|39\/100\n|-damage|p2b: Incineroar|67\/100\n|-unboost|p1a: Kommo-o|def|1\n|move|p2a: Rillaboom|High Horsepower|p1a: Kommo-o\n|-damage|p1a: Kommo-o|0 fnt\n|faint|p1a: Kommo-o\n|move|p2b: Incineroar|Parting Shot|p1b: Dondozo\n|-unboost|p1b: Dondozo|atk|1\n|-unboost|p1b: Dondozo|spa|1\n|\n|t:|1732886366\n|switch|p2b: Palafin|Palafin-Hero, L50, M, tera:Ghost|32\/100|[from] Parting Shot\n|\n|-heal|p1b: Dondozo|100\/100|[from] item: Leftovers\n|upkeep\n|\n|t:|1732886369\n|switch|p1a: Rillaboom|Rillaboom, L50, M|64\/100\n|-fieldstart|move: Grassy Terrain|[from] ability: Grassy Surge|[of] p1a: Rillaboom\n|turn|9\n|inactive|trecal has 30 seconds left.\n|inactive|Djjwjwwjj has 30 seconds left.\n|\n|t:|1732886396\n|switch|p2a: Incineroar|Incineroar, L50, M|67\/100\n|-ability|p2a: Incineroar|Intimidate|boost\n|-unboost|p1a: Rillaboom|atk|1\n|-unboost|p1b: Dondozo|atk|1\n|move|p1a: Rillaboom|Grassy Glide|p2b: Palafin\n|-damage|p2b: Palafin|4\/100\n|move|p2b: Palafin|Ice Punch|p1a: Rillaboom\n|-supereffective|p1a: Rillaboom\n|-damage|p1a: Rillaboom|0 fnt\n|faint|p1a: Rillaboom\n|move|p1b: Dondozo|Wave Crash|p2a: Incineroar\n|-supereffective|p2a: Incineroar\n|-damage|p2a: Incineroar|25\/100\n|-damage|p1b: Dondozo|90\/100|[from] Recoil\n|\n|-heal|p2b: Palafin|10\/100|[from] Grassy Terrain\n|-heal|p2a: Incineroar|31\/100|[from] Grassy Terrain\n|-heal|p1b: Dondozo|96\/100|[from] item: Leftovers\n|upkeep\n|turn|10\n|inactive|trecal has 30 seconds left.\n|inactive|trecal has 20 seconds left.\n|\n|t:|1732886432\n|move|p2a: Incineroar|Fake Out|p1b: Dondozo\n|-damage|p1b: Dondozo|88\/100\n|move|p2b: Palafin|Ice Punch|p1b: Dondozo\n|-supereffective|p1b: Dondozo\n|-damage|p1b: Dondozo|35\/100\n|cant|p1b: Dondozo|flinch\n|\n|-heal|p2b: Palafin|16\/100|[from] Grassy Terrain\n|-heal|p2a: Incineroar|37\/100|[from] Grassy Terrain\n|-heal|p1b: Dondozo|41\/100|[from] item: Leftovers\n|upkeep\n|turn|11\n|\n|t:|1732886448\n|move|p2b: Palafin|Ice Punch|p1b: Dondozo\n|-supereffective|p1b: Dondozo\n|-damage|p1b: Dondozo|0 fnt\n|faint|p1b: Dondozo\n|\n|win|Djjwjwwjj\n|raw|trecal's rating: 1747 &rarr; <strong>1732<\/strong><br \/>(-15 for losing)\n|raw|Djjwjwwjj's rating: 1844 &rarr; <strong>1859<\/strong><br \/>(+15 for winning)\n|l|\u2606Djjwjwwjj\n|player|p2|\n|l|\u2606trecal\n|player|p1|\n|l| judang\n|l| waltermelon2\n","uploadtime":1732886629,"views":8,"formatid":"gen9vgc2024regh","rating":1732,"private":0,"password":null}