{"id":"gen9vgc2024regh-2253503639","format":"[Gen 9] VGC 2024 Reg H","players":["TheDecommissioner","bluestraggler01"],"log":"|j|\u2606TheDecommissioner\n|j|\u2606bluestraggler01\n|t:|1732901535\n|gametype|doubles\n|player|p1|TheDecommissioner|preschooler|1699\n|player|p2|bluestraggler01|102|1729\n|teamsize|p1|6\n|teamsize|p2|6\n|gen|9\n|tier|[Gen 9] VGC 2024 Reg H\n|rated|\n|rule|Species Clause: Limit one of each Pok\u00e9mon\n|rule|Item Clause: Limit 1 of each item\n|clearpoke\n|poke|p1|Indeedee-F, L50, F|\n|poke|p1|Kleavor, L50, F|\n|poke|p1|Torkoal, L50, M|\n|poke|p1|Archaludon, L50, F|\n|poke|p1|Lilligant-Hisui, L50, F|\n|poke|p1|Ursaluna, L50, M|\n|poke|p2|Talonflame, L50, M|\n|poke|p2|Krookodile, L50, F|\n|poke|p2|Archaludon, L50, M|\n|poke|p2|Pelipper, L50, F|\n|poke|p2|Annihilape, L50, F|\n|poke|p2|Brambleghast, L50, F|\n|teampreview|4\n|inactive|Battle timer is ON: inactive players will automatically lose when time's up. (requested by TheDecommissioner)\n|inactive|bluestraggler01 has 60 seconds left.\n|\n|t:|1732901570\n|start\n|switch|p1a: Talking|Lilligant-Hisui, L50, F|100\/100\n|switch|p1b: Turtle|Torkoal, L50, M|100\/100\n|switch|p2a: \u592d\u733f\u4e01\u771f|Annihilape, L50, F|100\/100\n|switch|p2b: \u5e7d\u9b47\u4e01\u771f|Brambleghast, L50, F|100\/100\n|-weather|SunnyDay|[from] ability: Drought|[of] p1b: Turtle\n|turn|1\n|\n|t:|1732901577\n|-terastallize|p2a: \u592d\u733f\u4e01\u771f|Water\n|move|p2b: \u5e7d\u9b47\u4e01\u771f|Protect|p2b: \u5e7d\u9b47\u4e01\u771f\n|-singleturn|p2b: \u5e7d\u9b47\u4e01\u771f|Protect\n|move|p1b: Turtle|Protect|p1b: Turtle\n|-singleturn|p1b: Turtle|Protect\n|move|p1a: Talking|Sleep Powder|p2a: \u592d\u733f\u4e01\u771f\n|-activate|p2a: \u592d\u733f\u4e01\u771f|item: Safety Goggles|Sleep Powder\n|move|p2a: \u592d\u733f\u4e01\u771f|Taunt|p1a: Talking\n|-start|p1a: Talking|move: Taunt\n|\n|-weather|SunnyDay|[upkeep]\n|upkeep\n|turn|2\n|\n|t:|1732901594\n|-terastallize|p1b: Turtle|Fire\n|move|p1a: Talking|Bullet Seed|p2a: \u592d\u733f\u4e01\u771f\n|-supereffective|p2a: \u592d\u733f\u4e01\u771f\n|-damage|p2a: \u592d\u733f\u4e01\u771f|76\/100\n|-supereffective|p2a: \u592d\u733f\u4e01\u771f\n|-crit|p2a: \u592d\u733f\u4e01\u771f\n|-damage|p2a: \u592d\u733f\u4e01\u771f|42\/100\n|-hitcount|p2a: \u592d\u733f\u4e01\u771f|2\n|move|p2a: \u592d\u733f\u4e01\u771f|Final Gambit|p1b: Turtle\n|-damage|p1b: Turtle|52\/100\n|faint|p2a: \u592d\u733f\u4e01\u771f\n|move|p2b: \u5e7d\u9b47\u4e01\u771f|Poltergeist|p1a: Talking\n|-activate|p1a: Talking|move: Poltergeist|Wide Lens\n|-damage|p1a: Talking|0 fnt\n|faint|p1a: Talking\n|-damage|p2b: \u5e7d\u9b47\u4e01\u771f|91\/100|[from] item: Life Orb\n|move|p1b: Turtle|Heat Wave|p2b: \u5e7d\u9b47\u4e01\u771f\n|-ability|p2b: \u5e7d\u9b47\u4e01\u771f|Wind Rider|boost\n|-boost|p2b: \u5e7d\u9b47\u4e01\u771f|atk|1\n|\n|-weather|SunnyDay|[upkeep]\n|upkeep\n|\n|t:|1732901608\n|switch|p1a: Help|Indeedee-F, L50, F|100\/100\n|switch|p2a: \u96e8\u4e91\u4e01\u771f|Pelipper, L50, F|100\/100\n|-weather|RainDance|[from] ability: Drizzle|[of] p2a: \u96e8\u4e91\u4e01\u771f\n|-fieldstart|move: Psychic Terrain|[from] ability: Psychic Surge|[of] p1a: Help\n|-enditem|p1a: Help|Psychic Seed\n|-boost|p1a: Help|spd|1|[from] item: Psychic Seed\n|turn|3\n|\n|t:|1732901616\n|switch|p1b: Is|Archaludon, L50, F|100\/100\n|move|p2b: \u5e7d\u9b47\u4e01\u771f|Power Whip|p1a: Help\n|-damage|p1a: Help|0 fnt\n|faint|p1a: Help\n|-damage|p2b: \u5e7d\u9b47\u4e01\u771f|81\/100|[from] item: Life Orb\n|move|p2a: \u96e8\u4e91\u4e01\u771f|Weather Ball|p1b: Is\n|-resisted|p1b: Is\n|-damage|p1b: Is|75\/100\n|-ability|p1b: Is|Stamina|boost\n|-boost|p1b: Is|def|1\n|\n|-weather|RainDance|[upkeep]\n|upkeep\n|\n|t:|1732901619\n|switch|p1a: Turtle|Torkoal, L50, M, tera:Fire|52\/100\n|-weather|SunnyDay|[from] ability: Drought|[of] p1a: Turtle\n|turn|4\n|\n|t:|1732901633\n|move|p2b: \u5e7d\u9b47\u4e01\u771f|Protect|p2b: \u5e7d\u9b47\u4e01\u771f\n|-singleturn|p2b: \u5e7d\u9b47\u4e01\u771f|Protect\n|move|p1a: Turtle|Protect|p1a: Turtle\n|-singleturn|p1a: Turtle|Protect\n|move|p2a: \u96e8\u4e91\u4e01\u771f|Weather Ball|p1b: Is\n|-damage|p1b: Is|43\/100\n|-ability|p1b: Is|Stamina|boost\n|-boost|p1b: Is|def|1\n|move|p1b: Is|Snarl|p2a: \u96e8\u4e91\u4e01\u771f|[spread] p2a\n|-activate|p2b: \u5e7d\u9b47\u4e01\u771f|move: Protect\n|-damage|p2a: \u96e8\u4e91\u4e01\u771f|81\/100\n|-unboost|p2a: \u96e8\u4e91\u4e01\u771f|spa|1\n|\n|-weather|SunnyDay|[upkeep]\n|upkeep\n|turn|5\n|\n|t:|1732901649\n|move|p2b: \u5e7d\u9b47\u4e01\u771f|Poltergeist|p1a: Turtle\n|-activate|p1a: Turtle|move: Poltergeist|Charcoal\n|-damage|p1a: Turtle|0 fnt\n|faint|p1a: Turtle\n|-damage|p2b: \u5e7d\u9b47\u4e01\u771f|71\/100|[from] item: Life Orb\n|move|p2a: \u96e8\u4e91\u4e01\u771f|Weather Ball|p1b: Is\n|-damage|p1b: Is|19\/100\n|-ability|p1b: Is|Stamina|boost\n|-boost|p1b: Is|def|1\n|move|p1b: Is|Snarl|p2b: \u5e7d\u9b47\u4e01\u771f|[spread] p2a,p2b\n|-supereffective|p2b: \u5e7d\u9b47\u4e01\u771f\n|-damage|p2a: \u96e8\u4e91\u4e01\u771f|62\/100\n|-damage|p2b: \u5e7d\u9b47\u4e01\u771f|25\/100\n|-unboost|p2a: \u96e8\u4e91\u4e01\u771f|spa|1\n|-unboost|p2b: \u5e7d\u9b47\u4e01\u771f|spa|1\n|\n|-weather|SunnyDay|[upkeep]\n|upkeep\n|turn|6\n|-message|TheDecommissioner forfeited.\n|\n|win|bluestraggler01\n|raw|TheDecommissioner's rating: 1699 &rarr; <strong>1681<\/strong><br \/>(-18 for losing)\n|raw|bluestraggler01's rating: 1729 &rarr; <strong>1747<\/strong><br \/>(+18 for winning)\n|l|\u2606TheDecommissioner\n|player|p1|\n|l|\u2606bluestraggler01\n|player|p2|\n","uploadtime":1732901862,"views":21,"formatid":"gen9vgc2024regh","rating":1681,"private":0,"password":null}