{"id":"gen9vgc2024regh-2253414455","format":"[Gen 9] VGC 2024 Reg H","players":["judang","Perjutsu24"],"log":"|j|\u2606judang\n|j|\u2606Perjutsu24\n|t:|1732890578\n|gametype|doubles\n|player|p1|judang|ruinmaniac|1683\n|player|p2|Perjutsu24|ghetsis-gen5bw|1709\n|teamsize|p1|6\n|teamsize|p2|6\n|gen|9\n|tier|[Gen 9] VGC 2024 Reg H\n|rated|\n|rule|Species Clause: Limit one of each Pok\u00e9mon\n|rule|Item Clause: Limit 1 of each item\n|clearpoke\n|poke|p1|Kilowattrel, L50, F|\n|poke|p1|Garchomp, L50, F|\n|poke|p1|Ninetales-Alola, L50, F|\n|poke|p1|Typhlosion-Hisui, L50, M|\n|poke|p1|Oranguru, L50, F|\n|poke|p1|Tsareena, L50, F|\n|poke|p2|Tyranitar, L50, M|\n|poke|p2|Excadrill, L50, F|\n|poke|p2|Gastrodon-East, L50, F|\n|poke|p2|Annihilape, L50, M|\n|poke|p2|Grimmsnarl, L50, M|\n|poke|p2|Corviknight, L50, M|\n|teampreview|4\n|inactive|Battle timer is ON: inactive players will automatically lose when time's up. (requested by Perjutsu24)\n|\n|t:|1732890618\n|start\n|switch|p1a: Garchomp|Garchomp, L50, F|100\/100\n|switch|p1b: Typhlosion|Typhlosion-Hisui, L50, M|100\/100\n|switch|p2a: Annihilape|Annihilape, L50, M|100\/100\n|switch|p2b: Grimmsnarl|Grimmsnarl, L50, M|100\/100\n|-item|p2a: Annihilape|Choice Scarf|[from] ability: Frisk|[of] p1b: Typhlosion\n|-item|p2b: Grimmsnarl|Light Clay|[from] ability: Frisk|[of] p1b: Typhlosion\n|turn|1\n|inactive|judang has 30 seconds left.\n|inactive|Perjutsu24 has 30 seconds left.\n|\n|t:|1732890649\n|-terastallize|p1b: Typhlosion|Fire\n|move|p2b: Grimmsnarl|Light Screen|p2b: Grimmsnarl\n|-sidestart|p2: Perjutsu24|move: Light Screen\n|move|p2a: Annihilape|Final Gambit|p1a: Garchomp\n|-damage|p1a: Garchomp|0 fnt\n|faint|p2a: Annihilape\n|faint|p1a: Garchomp\n|move|p1b: Typhlosion|Eruption|p2b: Grimmsnarl\n|-damage|p2b: Grimmsnarl|27\/100\n|\n|upkeep\n|j| pult gang\n|\n|t:|1732890663\n|switch|p1a: Kilowattrel|Kilowattrel, L50, F|100\/100\n|switch|p2a: Tyranitar|Tyranitar, L50, M|100\/100\n|-weather|Sandstorm|[from] ability: Sand Stream|[of] p2a: Tyranitar\n|turn|2\n|\n|t:|1732890680\n|switch|p1a: Ninetales|Ninetales-Alola, L50, F|100\/100\n|-weather|Snow|[from] ability: Snow Warning|[of] p1a: Ninetales\n|move|p1b: Typhlosion|Eruption|p2b: Grimmsnarl|[spread] p2a,p2b\n|-resisted|p2a: Tyranitar\n|-damage|p2a: Tyranitar|83\/100\n|-damage|p2b: Grimmsnarl|0 fnt\n|faint|p2b: Grimmsnarl\n|move|p2a: Tyranitar|Rock Slide|p1b: Typhlosion|[spread] p1a,p1b\n|-supereffective|p1a: Ninetales\n|-supereffective|p1b: Typhlosion\n|-damage|p1a: Ninetales|39\/100\n|-damage|p1b: Typhlosion|8\/100\n|\n|-weather|Snow|[upkeep]\n|upkeep\n|\n|t:|1732890694\n|switch|p2b: Corviknight|Corviknight, L50, M|100\/100\n|turn|3\n|\n|t:|1732890708\n|move|p1b: Typhlosion|Protect|p1b: Typhlosion\n|-singleturn|p1b: Typhlosion|Protect\n|move|p1a: Ninetales|Blizzard|p2a: Tyranitar|[spread] p2a,p2b\n|-damage|p2a: Tyranitar|61\/100\n|-damage|p2b: Corviknight|65\/100\n|move|p2a: Tyranitar|Rock Slide|p1a: Ninetales|[spread] p1a\n|-activate|p1b: Typhlosion|move: Protect\n|-supereffective|p1a: Ninetales\n|-damage|p1a: Ninetales|0 fnt\n|faint|p1a: Ninetales\n|move|p2b: Corviknight|Brave Bird|p1b: Typhlosion\n|-activate|p1b: Typhlosion|move: Protect\n|\n|-weather|Snow|[upkeep]\n|upkeep\n|\n|t:|1732890718\n|switch|p1a: Kilowattrel|Kilowattrel, L50, F|100\/100\n|turn|4\n|\n|t:|1732890728\n|-terastallize|p2b: Corviknight|Dragon\n|move|p1a: Kilowattrel|Protect|p1a: Kilowattrel\n|-singleturn|p1a: Kilowattrel|Protect\n|move|p1b: Typhlosion|Flamethrower|p2b: Corviknight\n|-resisted|p2b: Corviknight\n|-crit|p2b: Corviknight\n|-damage|p2b: Corviknight|6\/100\n|-enditem|p2b: Corviknight|Sitrus Berry|[eat]\n|-heal|p2b: Corviknight|30\/100|[from] item: Sitrus Berry\n|move|p2a: Tyranitar|Rock Slide|p1b: Typhlosion|[spread] p1b\n|-activate|p1a: Kilowattrel|move: Protect\n|-supereffective|p1b: Typhlosion\n|-damage|p1b: Typhlosion|0 fnt\n|faint|p1b: Typhlosion\n|move|p2b: Corviknight|Brave Bird|p1a: Kilowattrel\n|-activate|p1a: Kilowattrel|move: Protect\n|\n|-weather|Snow|[upkeep]\n|upkeep\n|turn|5\n|c|\u2606judang|U got me\n|\n|t:|1732890747\n|move|p1a: Kilowattrel|Discharge|p2a: Tyranitar|[spread] p2a,p2b\n|-resisted|p2b: Corviknight\n|-damage|p2a: Tyranitar|49\/100\n|-damage|p2b: Corviknight|21\/100\n|move|p2a: Tyranitar|Rock Slide|p1a: Kilowattrel\n|-supereffective|p1a: Kilowattrel\n|-enditem|p1a: Kilowattrel|Focus Sash\n|-damage|p1a: Kilowattrel|1\/100\n|move|p2b: Corviknight|Roost|p2b: Corviknight\n|-heal|p2b: Corviknight|71\/100\n|\n|-weather|Snow|[upkeep]\n|upkeep\n|turn|6\n|\n|t:|1732890760\n|move|p1a: Kilowattrel|Discharge|p2b: Corviknight|[spread] p2a,p2b\n|-resisted|p2b: Corviknight\n|-damage|p2a: Tyranitar|38\/100\n|-damage|p2b: Corviknight|63\/100\n|-status|p2b: Corviknight|par\n|move|p2a: Tyranitar|Knock Off|p1a: Kilowattrel\n|-damage|p1a: Kilowattrel|0 fnt\n|faint|p1a: Kilowattrel\n|\n|win|Perjutsu24\n|raw|judang's rating: 1683 &rarr; <strong>1664<\/strong><br \/>(-19 for losing)\n|raw|Perjutsu24's rating: 1709 &rarr; <strong>1728<\/strong><br \/>(+19 for winning)\n|c|\u2606Perjutsu24|Gg\n|l| pult gang\n|l|\u2606Perjutsu24\n|player|p2|\n|l|\u2606judang\n|player|p1|\n","uploadtime":1732890928,"views":17,"formatid":"gen9vgc2024regh","rating":1664,"private":0,"password":null}