{"id":"gen9vgc2024regh-2253362914","format":"[Gen 9] VGC 2024 Reg H","players":["Dv147","eelp21"],"log":"|j|\u2606Dv147\n|j|\u2606eelp21\n|t:|1732883324\n|gametype|doubles\n|player|p1|Dv147|2|1689\n|player|p2|eelp21|265|1669\n|teamsize|p1|6\n|teamsize|p2|6\n|gen|9\n|tier|[Gen 9] VGC 2024 Reg H\n|rated|\n|rule|Species Clause: Limit one of each Pok\u00e9mon\n|rule|Item Clause: Limit 1 of each item\n|clearpoke\n|poke|p1|Primarina, L50, F|\n|poke|p1|Rillaboom, L50, F|\n|poke|p1|Murkrow, L50, M|\n|poke|p1|Garchomp, L50, F|\n|poke|p1|Gholdengo, L50|\n|poke|p1|Incineroar, L50, F|\n|poke|p2|Bruxish, L50, F|\n|poke|p2|Maushold-Four, L50|\n|poke|p2|Torkoal, L50, M|\n|poke|p2|Ursaluna, L50, M|\n|poke|p2|Vikavolt, L50, M|\n|poke|p2|Annihilape, L50, F|\n|teampreview|4\n|inactive|Battle timer is ON: inactive players will automatically lose when time's up. (requested by eelp21)\neelp21 rejected open team sheets.\n|\n|t:|1732883364\n|start\n|switch|p1a: Primarina|Primarina, L50, F|100\/100\n|switch|p1b: Garchomp|Garchomp, L50, F|100\/100\n|switch|p2a: Annihilape|Annihilape, L50, F|100\/100\n|switch|p2b: Bruxish|Bruxish, L50, F|100\/100\n|turn|1\n|\n|t:|1732883384\n|-terastallize|p2a: Annihilape|Grass\n|move|p2b: Bruxish|Aqua Jet|p2a: Annihilape\n|-resisted|p2a: Annihilape\n|-damage|p2a: Annihilape|93\/100\n|move|p2a: Annihilape|Rage Fist|p1a: Primarina\n|-damage|p1a: Primarina|57\/100\n|move|p1b: Garchomp|Dragon Claw|p2b: Bruxish\n|-damage|p2b: Bruxish|41\/100\n|-damage|p1b: Garchomp|91\/100|[from] item: Life Orb\n|move|p1a: Primarina|Moonblast|p2b: Bruxish\n|-damage|p2b: Bruxish|0 fnt\n|faint|p2b: Bruxish\n|\n|-heal|p1a: Primarina|63\/100|[from] item: Leftovers\n|upkeep\n|\n|t:|1732883399\n|switch|p2b: Maushold|Maushold-Four, L50|100\/100\n|turn|2\n|\n|t:|1732883413\n|move|p2a: Annihilape|Rage Fist|p1b: Garchomp\n|-damage|p1b: Garchomp|51\/100\n|-damage|p2a: Annihilape|81\/100|[from] ability: Rough Skin|[of] p1b: Garchomp\n|move|p2b: Maushold|Population Bomb|p1a: Primarina\n|-damage|p1a: Primarina|51\/100\n|-damage|p1a: Primarina|41\/100\n|-damage|p1a: Primarina|29\/100\n|-damage|p1a: Primarina|16\/100\n|-damage|p1a: Primarina|3\/100\n|-damage|p1a: Primarina|0 fnt\n|faint|p1a: Primarina\n|-hitcount|p1: Primarina|6\n|move|p1b: Garchomp|Dragon Claw|p2a: Annihilape\n|-damage|p2a: Annihilape|27\/100\n|-damage|p1b: Garchomp|41\/100|[from] item: Life Orb\n|\n|upkeep\n|\n|t:|1732883436\n|switch|p1a: Rillaboom|Rillaboom, L50, F|100\/100\n|-fieldstart|move: Grassy Terrain|[from] ability: Grassy Surge|[of] p1a: Rillaboom\n|turn|3\n|\n|t:|1732883449\n|switch|p2a: Vikavolt|Vikavolt, L50, M|100\/100\n|move|p1a: Rillaboom|Fake Out|p2a: Vikavolt\n|-damage|p2a: Vikavolt|84\/100\n|move|p2b: Maushold|Population Bomb|p1a: Rillaboom\n|-damage|p1a: Rillaboom|90\/100\n|-damage|p1a: Rillaboom|80\/100\n|-damage|p1a: Rillaboom|70\/100\n|-damage|p1a: Rillaboom|58\/100\n|-damage|p1a: Rillaboom|47\/100\n|-damage|p1a: Rillaboom|35\/100\n|-damage|p1a: Rillaboom|23\/100\n|-damage|p1a: Rillaboom|12\/100\n|-damage|p1a: Rillaboom|1\/100\n|-damage|p1a: Rillaboom|0 fnt\n|faint|p1a: Rillaboom\n|-hitcount|p1: Rillaboom|10\n|move|p1b: Garchomp|Dragon Claw|p2b: Maushold\n|-damage|p2b: Maushold|17\/100\n|-damage|p1b: Garchomp|32\/100|[from] item: Life Orb\n|\n|-heal|p2b: Maushold|23\/100|[from] Grassy Terrain\n|-heal|p1b: Garchomp|38\/100|[from] Grassy Terrain\n|upkeep\n|inactive|Dv147 has 30 seconds left.\n|\n|t:|1732883477\n|switch|p1a: Incineroar|Incineroar, L50, F|100\/100\n|-ability|p1a: Incineroar|Intimidate|boost\n|-unboost|p2a: Vikavolt|atk|1\n|-unboost|p2b: Maushold|atk|1\n|turn|4\n|\n|t:|1732883488\n|switch|p2b: Annihilape|Annihilape, L50, F, tera:Grass|27\/100\n|move|p2a: Vikavolt|Protect|p2a: Vikavolt\n|-singleturn|p2a: Vikavolt|Protect\n|move|p1a: Incineroar|Fake Out|p2b: Annihilape\n|-damage|p2b: Annihilape|16\/100\n|move|p1b: Garchomp|Dragon Claw|p2a: Vikavolt\n|-activate|p2a: Vikavolt|move: Protect\n|\n|-heal|p2b: Annihilape|22\/100|[from] Grassy Terrain\n|-heal|p1b: Garchomp|44\/100|[from] Grassy Terrain\n|upkeep\n|turn|5\n|\n|t:|1732883511\n|move|p1b: Garchomp|Protect|p1b: Garchomp\n|-singleturn|p1b: Garchomp|Protect\n|move|p2b: Annihilape|Rage Fist|p1b: Garchomp\n|-activate|p1b: Garchomp|move: Protect\n|move|p1a: Incineroar|Knock Off|p2b: Annihilape\n|-damage|p2b: Annihilape|0 fnt\n|-enditem|p2b: Annihilape|Choice Scarf|[from] move: Knock Off|[of] p1a: Incineroar\n|faint|p2b: Annihilape\n|move|p2a: Vikavolt|Thunderbolt|p1a: Incineroar\n|-damage|p1a: Incineroar|42\/100\n|-enditem|p1a: Incineroar|Sitrus Berry|[eat]\n|-heal|p1a: Incineroar|67\/100|[from] item: Sitrus Berry\n|-damage|p2a: Vikavolt|74\/100|[from] item: Life Orb\n|\n|-heal|p1b: Garchomp|50\/100|[from] Grassy Terrain\n|-heal|p1a: Incineroar|73\/100|[from] Grassy Terrain\n|upkeep\n|\n|t:|1732883514\n|switch|p2b: Maushold|Maushold-Four, L50|23\/100\n|turn|6\n|\n|t:|1732883538\n|-terastallize|p1b: Garchomp|Steel\n|move|p2b: Maushold|Population Bomb|p1a: Incineroar\n|-damage|p1a: Incineroar|63\/100\n|-damage|p1a: Incineroar|54\/100\n|-crit|p1a: Incineroar\n|-damage|p1a: Incineroar|40\/100\n|-damage|p1a: Incineroar|31\/100\n|-damage|p1a: Incineroar|21\/100\n|-crit|p1a: Incineroar\n|-damage|p1a: Incineroar|6\/100\n|-damage|p1a: Incineroar|0 fnt\n|faint|p1a: Incineroar\n|-hitcount|p1: Incineroar|7\n|move|p1b: Garchomp|Dragon Claw|p2b: Maushold\n|-damage|p2b: Maushold|0 fnt\n|faint|p2b: Maushold\n|-damage|p1b: Garchomp|40\/100|[from] item: Life Orb\n|move|p2a: Vikavolt|Bug Buzz|p1b: Garchomp\n|-resisted|p1b: Garchomp\n|-damage|p1b: Garchomp|1\/100\n|-damage|p2a: Vikavolt|64\/100|[from] item: Life Orb\n|\n|-heal|p1b: Garchomp|7\/100|[from] Grassy Terrain\n|upkeep\n|turn|7\n|inactive|Dv147 has 30 seconds left.\n|\n|t:|1732883566\n|move|p1b: Garchomp|Dragon Claw|p2a: Vikavolt\n|-damage|p2a: Vikavolt|3\/100\n|-damage|p1b: Garchomp|0 fnt|[from] item: Life Orb\n|faint|p1b: Garchomp\n|\n|win|eelp21\n|raw|Dv147's rating: 1689 &rarr; <strong>1668<\/strong><br \/>(-21 for losing)\n|raw|eelp21's rating: 1669 &rarr; <strong>1690<\/strong><br \/>(+21 for winning)\n|l|\u2606Dv147\n|player|p1|\n|l|\u2606eelp21\n|player|p2|\n","uploadtime":1732883830,"views":16,"formatid":"gen9vgc2024regh","rating":1668,"private":0,"password":null}