{"id":"gen9vgc2024regh-2253490140","format":"[Gen 9] VGC 2024 Reg H","players":["iSpinoThing","actuary97"],"log":"|j|\u2606iSpinoThing\n|j|\u2606actuary97\n|t:|1732899911\n|gametype|doubles\n|player|p1|iSpinoThing|n|1695\n|player|p2|actuary97|sabrina-frlg|1778\n|teamsize|p1|6\n|teamsize|p2|6\n|gen|9\n|tier|[Gen 9] VGC 2024 Reg H\n|rated|\n|rule|Species Clause: Limit one of each Pok\u00e9mon\n|rule|Item Clause: Limit 1 of each item\n|clearpoke\n|poke|p1|Amoonguss, L50, M|\n|poke|p1|Incineroar, L50, M|\n|poke|p1|Kingambit, L50, M|\n|poke|p1|Ninetales-Alola, L50, F|\n|poke|p1|Garchomp, L50, F|\n|poke|p1|Dragonite, L50, M|\n|poke|p2|Whimsicott, L50, F|\n|poke|p2|Gallade, L50, M|\n|poke|p2|Archaludon, L50, F|\n|poke|p2|Malamar, L50, F|\n|poke|p2|Indeedee, L50, M|\n|poke|p2|Drifblim, L50, M|\n|teampreview|4\nactuary97 has agreed to open team sheets.\n|j| Kinzo_AX\u25cb\u2606\n|\n|t:|1732899939\n|start\n|switch|p1a: Ninetales|Ninetales-Alola, L50, F, shiny|100\/100\n|switch|p1b: Dragonite|Dragonite, L50, M|100\/100\n|switch|p2a: Tapu Deedee|Indeedee, L50, M, shiny|100\/100\n|switch|p2b: Happy Thanksgiving|Drifblim, L50, M, shiny|100\/100\n|-weather|Snow|[from] ability: Snow Warning|[of] p1a: Ninetales\n|-fieldstart|move: Psychic Terrain|[from] ability: Psychic Surge|[of] p2a: Tapu Deedee\n|-enditem|p2b: Happy Thanksgiving|Psychic Seed\n|-boost|p2b: Happy Thanksgiving|spd|1|[from] item: Psychic Seed\n|turn|1\n|\n|t:|1732899950\n|move|p2b: Happy Thanksgiving|Icy Wind|p1a: Ninetales|[spread] p1a,p1b\n|-resisted|p1a: Ninetales\n|-supereffective|p1b: Dragonite\n|-damage|p1a: Ninetales|96\/100\n|-damage|p1b: Dragonite|90\/100\n|-unboost|p1a: Ninetales|spe|1\n|-unboost|p1b: Dragonite|spe|1\n|move|p2a: Tapu Deedee|Expanding Force|p1b: Dragonite|[spread] p1a,p1b\n|-damage|p1a: Ninetales|5\/100\n|-damage|p1b: Dragonite|37\/100\n|move|p1a: Ninetales|Blizzard|p2a: Tapu Deedee|[spread] p2a,p2b\n|-supereffective|p2b: Happy Thanksgiving\n|-damage|p2a: Tapu Deedee|51\/100\n|-damage|p2b: Happy Thanksgiving|49\/100\n|-status|p2a: Tapu Deedee|frz\n|move|p1b: Dragonite|Ice Spinner|p2a: Tapu Deedee\n|-damage|p2a: Tapu Deedee|0 fnt\n|-fieldend|move: Psychic Terrain\n|faint|p2a: Tapu Deedee\n|\n|-weather|Snow|[upkeep]\n|upkeep\n|\n|t:|1732899967\n|switch|p2a: Bridget|Archaludon, L50, F, shiny|100\/100\n|turn|2\n|l| Kinzo_AX\u25cb\u2606\n|inactive|Battle timer is ON: inactive players will automatically lose when time's up. (requested by actuary97)\n|\n|t:|1732900011\n|switch|p1a: Incineroar|Incineroar, L50, M|100\/100\n|-ability|p1a: Incineroar|Intimidate|boost\n|-unboost|p2a: Bridget|atk|1\n|-unboost|p2b: Happy Thanksgiving|atk|1\n|move|p2b: Happy Thanksgiving|Strength Sap|p1b: Dragonite\n|-unboost|p1b: Dragonite|atk|1\n|-heal|p2b: Happy Thanksgiving|100\/100\n|move|p2a: Bridget|Body Press|p1a: Incineroar\n|-supereffective|p1a: Incineroar\n|-damage|p1a: Incineroar|57\/100\n|-damage|p2a: Bridget|84\/100|[from] item: Rocky Helmet|[of] p1a: Incineroar\n|move|p1b: Dragonite|Ice Spinner|p2b: Happy Thanksgiving\n|-supereffective|p2b: Happy Thanksgiving\n|-damage|p2b: Happy Thanksgiving|61\/100\n|\n|-weather|Snow|[upkeep]\n|upkeep\n|turn|3\n|inactive|iSpinoThing has 30 seconds left.\n|\n|t:|1732900038\n|move|p2b: Happy Thanksgiving|Strength Sap|p1a: Incineroar\n|-unboost|p1a: Incineroar|atk|1\n|-heal|p2b: Happy Thanksgiving|100\/100\n|move|p2a: Bridget|Electro Shot||[still]\n|-prepare|p2a: Bridget|Electro Shot\n|-boost|p2a: Bridget|spa|1\n|move|p1a: Incineroar|Parting Shot|p2a: Bridget\n|-unboost|p2a: Bridget|atk|1\n|-unboost|p2a: Bridget|spa|1\n|\n|t:|1732900051\n|switch|p1a: Garchomp|Garchomp, L50, F|100\/100|[from] Parting Shot\n|move|p1b: Dragonite|Ice Spinner|p2b: Happy Thanksgiving\n|-supereffective|p2b: Happy Thanksgiving\n|-crit|p2b: Happy Thanksgiving\n|-damage|p2b: Happy Thanksgiving|18\/100\n|\n|-weather|Snow|[upkeep]\n|upkeep\n|turn|4\n|j| judang\n|inactive|iSpinoThing has 30 seconds left.\n|\n|t:|1732900084\n|move|p2b: Happy Thanksgiving|Strength Sap|p1a: Garchomp\n|-unboost|p1a: Garchomp|atk|1\n|-heal|p2b: Happy Thanksgiving|92\/100\n|move|p1a: Garchomp|Stomping Tantrum|p2a: Bridget\n|-supereffective|p2a: Bridget\n|-damage|p2a: Bridget|32\/100\n|-ability|p2a: Bridget|Stamina|boost\n|-boost|p2a: Bridget|def|1\n|move|p2a: Bridget|Electro Shot|p1b: Dragonite|[from]lockedmove\n|-damage|p1b: Dragonite|11\/100\n|move|p1b: Dragonite|Ice Spinner|p2b: Happy Thanksgiving\n|-supereffective|p2b: Happy Thanksgiving\n|-damage|p2b: Happy Thanksgiving|52\/100\n|\n|-weather|Snow|[upkeep]\n|upkeep\n|turn|5\n|inactive|iSpinoThing has 30 seconds left.\n|\n|t:|1732900112\n|switch|p1a: Ninetales|Ninetales-Alola, L50, F, shiny|5\/100\n|move|p2b: Happy Thanksgiving|Icy Wind|p1a: Ninetales|[spread] p1a,p1b\n|-resisted|p1a: Ninetales\n|-supereffective|p1b: Dragonite\n|-damage|p1a: Ninetales|0 fnt\n|-damage|p1b: Dragonite|0 fnt\n|faint|p1a: Ninetales\n|faint|p1b: Dragonite\n|move|p2a: Bridget|Flash Cannon|p1: Ninetales|[notarget]\n|-fail|p2a: Bridget\n|\n|-weather|none\n|upkeep\n|\n|t:|1732900122\n|switch|p1a: Incineroar|Incineroar, L50, M|57\/100\n|switch|p1b: Garchomp|Garchomp, L50, F|100\/100\n|-ability|p1a: Incineroar|Intimidate|boost\n|-unboost|p2a: Bridget|atk|1\n|-unboost|p2b: Happy Thanksgiving|atk|1\n|turn|6\n|\n|t:|1732900138\n|move|p2b: Happy Thanksgiving|Strength Sap|p1a: Incineroar\n|-unboost|p1a: Incineroar|atk|1\n|-heal|p2b: Happy Thanksgiving|100\/100\n|move|p1b: Garchomp|Stomping Tantrum|p2a: Bridget\n|-supereffective|p2a: Bridget\n|-damage|p2a: Bridget|0 fnt\n|faint|p2a: Bridget\n|move|p1a: Incineroar|Knock Off|p2b: Happy Thanksgiving\n|-supereffective|p2b: Happy Thanksgiving\n|-damage|p2b: Happy Thanksgiving|63\/100\n|\n|upkeep\n|\n|t:|1732900146\n|switch|p2a: Malamother|Malamar, L50, F|100\/100\n|turn|7\n|\n|t:|1732900162\n|move|p2b: Happy Thanksgiving|Will-O-Wisp|p1b: Garchomp\n|-status|p1b: Garchomp|brn\n|move|p1b: Garchomp|Stomping Tantrum|p2a: Malamother\n|-damage|p2a: Malamother|77\/100\n|move|p2a: Malamother|Superpower|p1a: Incineroar\n|-supereffective|p1a: Incineroar\n|-damage|p1a: Incineroar|0 fnt\n|-boost|p2a: Malamother|atk|1\n|-boost|p2a: Malamother|def|1\n|-damage|p2a: Malamother|61\/100|[from] item: Rocky Helmet|[of] p1a: Incineroar\n|faint|p1a: Incineroar\n|\n|-damage|p1b: Garchomp|94\/100 brn|[from] brn\n|upkeep\n|turn|8\n|-message|iSpinoThing forfeited.\n|\n|win|actuary97\n|raw|iSpinoThing's rating: 1695 &rarr; <strong>1680<\/strong><br \/>(-15 for losing)\n|raw|actuary97's rating: 1778 &rarr; <strong>1793<\/strong><br \/>(+15 for winning)\n|c|\u2606actuary97|gg\n|c|\u2606iSpinoThing|gg\n|l|\u2606iSpinoThing\n|player|p1|\n","uploadtime":1732900179,"views":204,"formatid":"gen9vgc2024regh","rating":1680,"private":0,"password":null}