{"id":"gen9vgc2024regh-2253036649","format":"[Gen 9] VGC 2024 Reg H","players":["CrescentFallen","Brave12223"],"log":"|j|\u2606CrescentFallen\n|j|\u2606Brave12223\n|t:|1732832339\n|gametype|doubles\n|player|p1|CrescentFallen|jacq|1681\n|player|p2|Brave12223|ingo|1787\n|teamsize|p1|6\n|teamsize|p2|6\n|gen|9\n|tier|[Gen 9] VGC 2024 Reg H\n|rated|\n|rule|Species Clause: Limit one of each Pok\u00e9mon\n|rule|Item Clause: Limit 1 of each item\n|clearpoke\n|poke|p1|Garchomp, L50, M|\n|poke|p1|Gholdengo, L50|\n|poke|p1|Salamence, L50, F|\n|poke|p1|Rillaboom, L50, F|\n|poke|p1|Volcarona, L50, F|\n|poke|p1|Tyranitar, L50, M|\n|poke|p2|Garchomp, L50, F|\n|poke|p2|Talonflame, L50, F|\n|poke|p2|Gastrodon, L50, M|\n|poke|p2|Kingambit, L50, M|\n|poke|p2|Tyranitar, L50, F|\n|poke|p2|Sinistcha, L50|\n|teampreview|4\n|inactive|Battle timer is ON: inactive players will automatically lose when time's up. (requested by Brave12223)\n|\n|t:|1732832359\n|start\n|switch|p1a: Tyranitar|Tyranitar, L50, M|100\/100\n|switch|p1b: Volcarona|Volcarona, L50, F|100\/100\n|switch|p2a: Talonflame|Talonflame, L50, F|100\/100\n|switch|p2b: Kingambit|Kingambit, L50, M|100\/100\n|-weather|Sandstorm|[from] ability: Sand Stream|[of] p1a: Tyranitar\n|turn|1\n|j| 5nake\n|\n|t:|1732832382\n|move|p2a: Talonflame|Tailwind|p2a: Talonflame\n|-sidestart|p2: Brave12223|move: Tailwind\n|move|p2b: Kingambit|Iron Head|p1a: Tyranitar\n|-supereffective|p1a: Tyranitar\n|-damage|p1a: Tyranitar|19\/100\n|move|p1b: Volcarona|Will-O-Wisp|p2b: Kingambit\n|-status|p2b: Kingambit|brn\n|move|p1a: Tyranitar|Rock Slide|p2b: Kingambit|[spread] p2a\n|-miss|p1a: Tyranitar|p2b: Kingambit\n|-supereffective|p2a: Talonflame\n|-damage|p2a: Talonflame|0 fnt\n|faint|p2a: Talonflame\n|\n|-weather|Sandstorm|[upkeep]\n|-damage|p1b: Volcarona|94\/100|[from] Sandstorm\n|-damage|p2b: Kingambit|95\/100 brn|[from] brn\n|upkeep\n|\n|t:|1732832395\n|switch|p2a: Garchomp|Garchomp, L50, F|100\/100\n|turn|2\n|\n|t:|1732832410\n|switch|p2b: Tyranitar|Tyranitar, L50, F|100\/100\n|move|p1a: Tyranitar|Protect|p1a: Tyranitar\n|-singleturn|p1a: Tyranitar|Protect\n|move|p2a: Garchomp|Rock Slide|p1b: Volcarona|[spread] p1b\n|-activate|p1a: Tyranitar|move: Protect\n|-supereffective|p1b: Volcarona\n|-damage|p1b: Volcarona|0 fnt\n|faint|p1b: Volcarona\n|\n|-weather|Sandstorm|[upkeep]\n|upkeep\n|\n|t:|1732832417\n|switch|p1b: Rillaboom|Rillaboom, L50, F|100\/100\n|-fieldstart|move: Grassy Terrain|[from] ability: Grassy Surge|[of] p1b: Rillaboom\n|turn|3\n|\n|t:|1732832431\n|switch|p2b: Kingambit|Kingambit, L50, M|95\/100 brn\n|move|p2a: Garchomp|Rock Slide|p1a: Tyranitar|[spread] p1a,p1b\n|-damage|p1a: Tyranitar|0 fnt\n|-damage|p1b: Rillaboom|72\/100\n|faint|p1a: Tyranitar\n|move|p1b: Rillaboom|Wood Hammer|p2a: Garchomp|[miss]\n|-miss|p1b: Rillaboom|p2a: Garchomp\n|\n|-weather|Sandstorm|[upkeep]\n|-damage|p1b: Rillaboom|67\/100|[from] Sandstorm\n|-heal|p2b: Kingambit|100\/100 brn|[from] Grassy Terrain\n|-heal|p1b: Rillaboom|72\/100|[from] Grassy Terrain\n|-damage|p2b: Kingambit|95\/100 brn|[from] brn\n|upkeep\n|\n|t:|1732832438\n|switch|p1a: Salamence|Salamence, L50, F|100\/100\n|-ability|p1a: Salamence|Intimidate|boost\n|-unboost|p2a: Garchomp|atk|1\n|-unboost|p2b: Kingambit|atk|1\n|-ability|p2b: Kingambit|Defiant|boost\n|-boost|p2b: Kingambit|atk|2\n|-enditem|p1a: Salamence|Mirror Herb\n|-boost|p1a: Salamence|atk|2|[from] item: Mirror Herb\n|turn|4\n|l| 5nake\n|\n|t:|1732832449\n|move|p1a: Salamence|Protect|p1a: Salamence\n|-singleturn|p1a: Salamence|Protect\n|move|p2b: Kingambit|Sucker Punch||[still]\n|-fail|p2b: Kingambit\n|move|p2a: Garchomp|Rock Slide|p1b: Rillaboom|[spread] p1b\n|-activate|p1a: Salamence|move: Protect\n|-damage|p1b: Rillaboom|54\/100\n|move|p1b: Rillaboom|Wood Hammer|p2a: Garchomp\n|-damage|p2a: Garchomp|23\/100\n|-damage|p1b: Rillaboom|31\/100|[from] Recoil\n|\n|-weather|Sandstorm|[upkeep]\n|-damage|p1a: Salamence|95\/100|[from] Sandstorm\n|-damage|p1b: Rillaboom|25\/100|[from] Sandstorm\n|-heal|p2a: Garchomp|29\/100|[from] Grassy Terrain\n|-heal|p2b: Kingambit|100\/100 brn|[from] Grassy Terrain\n|-heal|p1b: Rillaboom|31\/100|[from] Grassy Terrain\n|-damage|p2b: Kingambit|95\/100 brn|[from] brn\n|-sideend|p2: Brave12223|move: Tailwind\n|upkeep\n|turn|5\n|j| 5nake\n|\n|t:|1732832461\n|-terastallize|p1a: Salamence|Flying\n|move|p1b: Rillaboom|Grassy Glide|p2a: Garchomp|[miss]\n|-miss|p1b: Rillaboom|p2a: Garchomp\n|move|p2a: Garchomp|Rock Slide|p1a: Salamence|[spread] p1a,p1b\n|-supereffective|p1a: Salamence\n|-damage|p1a: Salamence|42\/100\n|-damage|p1b: Rillaboom|14\/100\n|move|p1a: Salamence|Tera Blast|p2b: Kingambit|[anim] Tera Blast Flying\n|-resisted|p2b: Kingambit\n|-damage|p2b: Kingambit|60\/100 brn\n|move|p2b: Kingambit|Kowtow Cleave|p1a: Salamence\n|-damage|p1a: Salamence|0 fnt\n|faint|p1a: Salamence\n|\n|-weather|none\n|-heal|p2a: Garchomp|35\/100|[from] Grassy Terrain\n|-heal|p1b: Rillaboom|19\/100|[from] Grassy Terrain\n|-heal|p2b: Kingambit|66\/100 brn|[from] Grassy Terrain\n|-damage|p2b: Kingambit|60\/100 brn|[from] brn\n|upkeep\n|turn|6\n|-message|CrescentFallen forfeited.\n|\n|win|Brave12223\n|raw|CrescentFallen's rating: 1681 &rarr; <strong>1667<\/strong><br \/>(-14 for losing)\n|raw|Brave12223's rating: 1787 &rarr; <strong>1801<\/strong><br \/>(+14 for winning)\n|l|\u2606CrescentFallen\n|player|p1|\n|l|\u2606Brave12223\n|player|p2|\n|l| 5nake\n","uploadtime":1732832632,"views":7,"formatid":"gen9vgc2024regh","rating":1667,"private":0,"password":null}