{"id":"gen9vgc2024regh-2253986183","format":"[Gen 9] VGC 2024 Reg H","players":["chin8","juacox300"],"log":"|j|\u2606chin8\n|j|\u2606juacox300\n|t:|1732975990\n|gametype|doubles\n|player|p1|chin8|gentleman-gen4dp|1691\n|player|p2|juacox300|unknown|1722\n|teamsize|p1|6\n|teamsize|p2|6\n|gen|9\n|tier|[Gen 9] VGC 2024 Reg H\n|rated|\n|rule|Species Clause: Limit one of each Pok\u00e9mon\n|rule|Item Clause: Limit 1 of each item\n|clearpoke\n|poke|p1|Baxcalibur, L50, F|\n|poke|p1|Kilowattrel, L50, F|\n|poke|p1|Granbull, L50, F|\n|poke|p1|Gardevoir, L50, F|\n|poke|p1|Magmortar, L50, F|\n|poke|p1|Gholdengo, L50|\n|poke|p2|Murkrow, L50, M|\n|poke|p2|Ursaluna, L50, F|\n|poke|p2|Sneasler, L50, M|\n|poke|p2|Indeedee, L50, M|\n|poke|p2|Archaludon, L50, M|\n|poke|p2|Incineroar, L50, F|\n|teampreview|4\n|inactive|Battle timer is ON: inactive players will automatically lose when time's up. (requested by chin8)\n|inactive|juacox300 has 60 seconds left.\n|inactive|juacox300 has 30 seconds left.\n|inactive|juacox300 has 20 seconds left.\n|inactive|juacox300 has 15 seconds left.\n|inactive|juacox300 has 10 seconds left.\n|inactive|juacox300 has 5 seconds left.\n|\n|t:|1732976109\n|start\n|switch|p1a: Kilowattrel|Kilowattrel, L50, F|100\/100\n|switch|p1b: Baxcalibur|Baxcalibur, L50, F|100\/100\n|switch|p2a: Murkrow|Murkrow, L50, M|100\/100\n|switch|p2b: Ursaluna|Ursaluna, L50, F|100\/100\n|turn|1\n|\n|t:|1732976128\n|-terastallize|p2b: Ursaluna|Ghost\n|move|p2a: Murkrow|Tailwind|p2a: Murkrow\n|-sidestart|p2: juacox300|move: Tailwind\n|move|p1a: Kilowattrel|Tailwind|p1a: Kilowattrel\n|-sidestart|p1: chin8|move: Tailwind\n|move|p1b: Baxcalibur|Icicle Crash|p2b: Ursaluna\n|-damage|p2b: Ursaluna|64\/100\n|move|p2b: Ursaluna|Facade|p1a: Kilowattrel\n|-damage|p1a: Kilowattrel|21\/100\n|\n|-status|p2b: Ursaluna|brn|[from] item: Flame Orb\n|upkeep\n|turn|2\n|inactive|chin8 has 30 seconds left.\n|\n|t:|1732976154\n|move|p2b: Ursaluna|Protect|p2b: Ursaluna\n|-singleturn|p2b: Ursaluna|Protect\n|move|p1a: Kilowattrel|Air Slash|p2b: Ursaluna\n|-activate|p2b: Ursaluna|move: Protect\n|move|p2a: Murkrow|Brave Bird|p1a: Kilowattrel\n|-resisted|p1a: Kilowattrel\n|-damage|p1a: Kilowattrel|0 fnt\n|faint|p1a: Kilowattrel\n|-damage|p2a: Murkrow|94\/100|[from] Recoil\n|move|p1b: Baxcalibur|Icicle Crash|p2b: Ursaluna\n|-activate|p2b: Ursaluna|move: Protect\n|\n|-damage|p2b: Ursaluna|58\/100 brn|[from] brn\n|upkeep\n|\n|t:|1732976159\n|switch|p1a: Magmortar|Magmortar, L50, F|100\/100\n|turn|3\n|inactive|juacox300 has 30 seconds left.\n|inactive|juacox300 has 20 seconds left.\n|inactive|juacox300 has 15 seconds left.\n|\n|t:|1732976200\n|move|p2a: Murkrow|Rain Dance|p2a: Murkrow\n|-weather|RainDance\n|move|p1b: Baxcalibur|Icicle Crash|p2b: Ursaluna\n|-damage|p2b: Ursaluna|20\/100 brn\n|move|p1a: Magmortar|Heat Wave|p2a: Murkrow|[spread] p2a,p2b\n|-damage|p2a: Murkrow|82\/100\n|-damage|p2b: Ursaluna|6\/100 brn\n|-status|p2a: Murkrow|brn\n|move|p2b: Ursaluna|Earthquake|p1a: Magmortar|[spread] p1a,p1b\n|-immune|p2a: Murkrow\n|-supereffective|p1a: Magmortar\n|-damage|p1a: Magmortar|0 fnt\n|-damage|p1b: Baxcalibur|41\/100\n|faint|p1a: Magmortar\n|\n|-weather|RainDance|[upkeep]\n|-damage|p2a: Murkrow|76\/100 brn|[from] brn\n|-damage|p2b: Ursaluna|0 fnt|[from] brn\n|faint|p2b: Ursaluna\n|upkeep\n|\n|t:|1732976210\n|switch|p1a: Gholdengo|Gholdengo, L50|100\/100\n|switch|p2b: Alfred|Indeedee, L50, M, shiny|100\/100\n|-fieldstart|move: Psychic Terrain|[from] ability: Psychic Surge|[of] p2b: Alfred\n|turn|4\n|\n|t:|1732976216\n|move|p2b: Alfred|Expanding Force|p1a: Gholdengo|[spread] p1a,p1b\n|-resisted|p1a: Gholdengo\n|-damage|p1a: Gholdengo|74\/100\n|-damage|p1b: Baxcalibur|9\/100\n|move|p2a: Murkrow|Brave Bird|p1b: Baxcalibur\n|-damage|p1b: Baxcalibur|0 fnt\n|faint|p1b: Baxcalibur\n|-damage|p2a: Murkrow|72\/100 brn|[from] Recoil\n|move|p1a: Gholdengo|Nasty Plot|p1a: Gholdengo\n|-boost|p1a: Gholdengo|spa|2\n|\n|-weather|RainDance|[upkeep]\n|-heal|p1a: Gholdengo|80\/100|[from] item: Leftovers\n|-damage|p2a: Murkrow|67\/100 brn|[from] brn\n|-sideend|p1: chin8|move: Tailwind\n|-sideend|p2: juacox300|move: Tailwind\n|upkeep\n|turn|5\n|\n|t:|1732976226\n|move|p2a: Murkrow|Haze|p2a: Murkrow\n|-clearallboost\n|move|p2b: Alfred|Expanding Force|p1a: Gholdengo\n|-resisted|p1a: Gholdengo\n|-damage|p1a: Gholdengo|43\/100\n|move|p1a: Gholdengo|Make It Rain|p2b: Alfred|[spread] p2a,p2b\n|-damage|p2a: Murkrow|22\/100 brn\n|-damage|p2b: Alfred|36\/100\n|-unboost|p1a: Gholdengo|spa|1\n|\n|-weather|RainDance|[upkeep]\n|-heal|p1a: Gholdengo|49\/100|[from] item: Leftovers\n|-damage|p2a: Murkrow|16\/100 brn|[from] brn\n|upkeep\n|turn|6\n|\n|t:|1732976232\n|move|p1a: Gholdengo|Protect|p1a: Gholdengo\n|-singleturn|p1a: Gholdengo|Protect\n|move|p2b: Alfred|Expanding Force|p1a: Gholdengo\n|-activate|p1a: Gholdengo|move: Protect\n|move|p2a: Murkrow|Brave Bird|p1a: Gholdengo\n|-activate|p1a: Gholdengo|move: Protect\n|\n|-weather|RainDance|[upkeep]\n|-heal|p1a: Gholdengo|55\/100|[from] item: Leftovers\n|-damage|p2a: Murkrow|10\/100 brn|[from] brn\n|upkeep\n|turn|7\n|\n|t:|1732976237\n|move|p2b: Alfred|Expanding Force|p1a: Gholdengo\n|-resisted|p1a: Gholdengo\n|-damage|p1a: Gholdengo|22\/100\n|move|p2a: Murkrow|Brave Bird|p1a: Gholdengo\n|-resisted|p1a: Gholdengo\n|-damage|p1a: Gholdengo|12\/100\n|-damage|p2a: Murkrow|6\/100 brn|[from] Recoil\n|move|p1a: Gholdengo|Make It Rain|p2b: Alfred|[spread] p2a,p2b\n|-damage|p2a: Murkrow|0 fnt\n|-damage|p2b: Alfred|0 fnt\n|-unboost|p1a: Gholdengo|spa|1\n|faint|p2a: Murkrow\n|faint|p2b: Alfred\n|\n|-weather|none\n|-heal|p1a: Gholdengo|19\/100|[from] item: Leftovers\n|upkeep\n|\n|t:|1732976243\n|switch|p2a: Tommau|Sneasler, L50, M|100\/100\n|-enditem|p2a: Tommau|Psychic Seed\n|-boost|p2a: Tommau|spd|1|[from] item: Psychic Seed\n|turn|8\n|\n|t:|1732976247\n|move|p2a: Tommau|Throat Chop|p1a: Gholdengo\n|-supereffective|p1a: Gholdengo\n|-damage|p1a: Gholdengo|0 fnt\n|faint|p1a: Gholdengo\n|\n|win|juacox300\n|raw|chin8's rating: 1691 &rarr; <strong>1673<\/strong><br \/>(-18 for losing)\n|raw|juacox300's rating: 1722 &rarr; <strong>1740<\/strong><br \/>(+18 for winning)\n|l|\u2606chin8\n|player|p1|\n|l|\u2606juacox300\n|player|p2|\n","uploadtime":1732976250,"views":23,"formatid":"gen9vgc2024regh","rating":1673,"private":0,"password":null}