{"id":"gen9vgc2024regh-2253446743","format":"[Gen 9] VGC 2024 Reg H","players":["Djjwjwwjj","WizoarkVGC"],"log":"|j|\u2606Djjwjwwjj\n|j|\u2606WizoarkVGC\n|t:|1732894730\n|gametype|doubles\n|player|p1|Djjwjwwjj|101|1710\n|player|p2|WizoarkVGC|pokekid|1686\n|teamsize|p1|6\n|teamsize|p2|6\n|gen|9\n|tier|[Gen 9] VGC 2024 Reg H\n|rated|\n|rule|Species Clause: Limit one of each Pok\u00e9mon\n|rule|Item Clause: Limit 1 of each item\n|clearpoke\n|poke|p1|Palafin, L50, F|\n|poke|p1|Pelipper, L50, M|\n|poke|p1|Electabuzz, L50, M|\n|poke|p1|Rillaboom, L50, M|\n|poke|p1|Incineroar, L50, F|\n|poke|p1|Gholdengo, L50|\n|poke|p2|Mamoswine, L50, M|\n|poke|p2|Salamence, L50, F|\n|poke|p2|Annihilape, L50, F|\n|poke|p2|Shiftry, L50, F|\n|poke|p2|Grimmsnarl, L50, M|\n|poke|p2|Empoleon, L50, M|\n|teampreview|4\n|inactive|Battle timer is ON: inactive players will automatically lose when time's up. (requested by WizoarkVGC)\n|inactive|Djjwjwwjj also wants the timer to be on.\nWizoarkVGC has agreed to open team sheets.\n|inactive|Djjwjwwjj has 60 seconds left.\n|inactive|WizoarkVGC has 60 seconds left.\n|inactive|WizoarkVGC has 30 seconds left.\n|inactive|WizoarkVGC has 20 seconds left.\n|inactive|WizoarkVGC has 15 seconds left.\n|inactive|WizoarkVGC has 10 seconds left.\n|\n|t:|1732894815\n|start\n|switch|p1a: Palafin|Palafin, L50, F|100\/100\n|switch|p1b: Gholdengo|Gholdengo, L50|100\/100\n|switch|p2a: Salamence|Salamence, L50, F|100\/100\n|switch|p2b: Empoleon|Empoleon, L50, M|100\/100\n|-ability|p2a: Salamence|Intimidate|boost\n|-unboost|p1a: Palafin|atk|1\n|-unboost|p1b: Gholdengo|atk|1\n|turn|1\n|j| judang\n|\n|t:|1732894838\n|detailschange|p1a: Palafin|Palafin-Hero, L50, F\n|switch|p1a: Rillaboom|Rillaboom, L50, M|100\/100\n|-fieldstart|move: Grassy Terrain|[from] ability: Grassy Surge|[of] p1a: Rillaboom\n|move|p1b: Gholdengo|Protect|p1b: Gholdengo\n|-singleturn|p1b: Gholdengo|Protect\n|move|p2a: Salamence|Tailwind|p2a: Salamence\n|-sidestart|p2: WizoarkVGC|move: Tailwind\n|move|p2b: Empoleon|Hydro Pump|p1a: Rillaboom\n|-resisted|p1a: Rillaboom\n|-damage|p1a: Rillaboom|84\/100\n|\n|-heal|p1a: Rillaboom|90\/100|[from] Grassy Terrain\n|upkeep\n|turn|2\n|\n|t:|1732894857\n|switch|p2b: Shiftry|Shiftry, L50, F|100\/100\n|-ability|p2b: Shiftry|Wind Rider|boost\n|-boost|p2b: Shiftry|atk|1\n|move|p1a: Rillaboom|Fake Out|p2a: Salamence\n|-damage|p2a: Salamence|81\/100\n|cant|p2a: Salamence|flinch\n|move|p1b: Gholdengo|Nasty Plot|p1b: Gholdengo\n|-boost|p1b: Gholdengo|spa|2\n|\n|-heal|p1a: Rillaboom|96\/100|[from] Grassy Terrain\n|upkeep\n|turn|3\n|\n|t:|1732894874\n|-terastallize|p1b: Gholdengo|Dragon\n|move|p1a: Rillaboom|Grassy Glide|p2b: Shiftry\n|-resisted|p2b: Shiftry\n|-damage|p2b: Shiftry|70\/100\n|move|p2b: Shiftry|Knock Off|p1a: Rillaboom\n|-damage|p1a: Rillaboom|32\/100\n|-enditem|p1a: Rillaboom|Assault Vest|[from] move: Knock Off|[of] p2b: Shiftry\n|move|p2a: Salamence|Dual Wingbeat|p1a: Rillaboom\n|-supereffective|p1a: Rillaboom\n|-damage|p1a: Rillaboom|0 fnt\n|faint|p1a: Rillaboom\n|-hitcount|p1: Rillaboom|1\n|move|p1b: Gholdengo|Make It Rain|p2b: Shiftry|[spread] p2a,p2b\n|-damage|p2a: Salamence|3\/100\n|-damage|p2b: Shiftry|0 fnt\n|-unboost|p1b: Gholdengo|spa|1\n|-enditem|p2a: Salamence|Sitrus Berry|[eat]\n|-heal|p2a: Salamence|27\/100|[from] item: Sitrus Berry\n|faint|p2b: Shiftry\n|\n|upkeep\n|\n|t:|1732894898\n|switch|p2b: Grimmsnarl|Grimmsnarl, L50, M|100\/100\n|switch|p1a: Electabuzz|Electabuzz, L50, M|100\/100\n|-item|p1a: Electabuzz|Eviolite|[from] ability: Frisk|[of] p2b: Grimmsnarl\n|-item|p1b: Gholdengo|Leftovers|[from] ability: Frisk|[of] p2b: Grimmsnarl\n|turn|4\n|\n|t:|1732894923\n|switch|p2a: Empoleon|Empoleon, L50, M|100\/100\n|move|p2b: Grimmsnarl|Protect|p2b: Grimmsnarl\n|-singleturn|p2b: Grimmsnarl|Protect\n|move|p1a: Electabuzz|Protect|p1a: Electabuzz\n|-singleturn|p1a: Electabuzz|Protect\n|move|p1b: Gholdengo|Protect||[still]\n|-fail|p1b: Gholdengo\n|\n|-sideend|p2: WizoarkVGC|move: Tailwind\n|upkeep\n|turn|5\n|inactive|WizoarkVGC has 30 seconds left.\n|inactive|WizoarkVGC has 20 seconds left.\n|inactive|WizoarkVGC has 15 seconds left.\n|inactive|WizoarkVGC has 10 seconds left.\n|inactive|WizoarkVGC has 5 seconds left.\n|\n|t:|1732894978\n|move|p1a: Electabuzz|Follow Me|p1a: Electabuzz\n|-singleturn|p1a: Electabuzz|move: Follow Me\n|move|p1b: Gholdengo|Nasty Plot|p1b: Gholdengo\n|-boost|p1b: Gholdengo|spa|2\n|move|p2b: Grimmsnarl|Throat Chop|p1a: Electabuzz\n|-damage|p1a: Electabuzz|48\/100\n|-start|p1a: Electabuzz|Throat Chop|[silent]\n|-damage|p2b: Grimmsnarl|91\/100|[from] item: Life Orb\n|move|p2a: Empoleon|Icy Wind|p1b: Gholdengo|[spread] p1a,p1b\n|-supereffective|p1b: Gholdengo\n|-damage|p1a: Electabuzz|40\/100\n|-damage|p1b: Gholdengo|82\/100\n|-unboost|p1a: Electabuzz|spe|1\n|-unboost|p1b: Gholdengo|spe|1\n|\n|-heal|p1a: Electabuzz|46\/100|[from] Grassy Terrain\n|-heal|p2b: Grimmsnarl|97\/100|[from] Grassy Terrain\n|-heal|p1b: Gholdengo|88\/100|[from] Grassy Terrain\n|-heal|p1b: Gholdengo|94\/100|[from] item: Leftovers\n|-fieldend|move: Grassy Terrain\n|upkeep\n|turn|6\n|j| OgerponSupremacy2\n|inactive|WizoarkVGC has 30 seconds left.\n|inactive|WizoarkVGC has 20 seconds left.\n|inactive|WizoarkVGC has 15 seconds left.\n|inactive|WizoarkVGC has 10 seconds left.\n|inactive|WizoarkVGC has 5 seconds left.\n|\n|t:|1732895030\n|-terastallize|p2b: Grimmsnarl|Dark\n|move|p1a: Electabuzz|Follow Me|p1a: Electabuzz\n|-singleturn|p1a: Electabuzz|move: Follow Me\n|move|p2b: Grimmsnarl|Play Rough|p1a: Electabuzz\n|-damage|p1a: Electabuzz|0 fnt\n|faint|p1a: Electabuzz\n|-damage|p2b: Grimmsnarl|87\/100|[from] item: Life Orb\n|move|p2a: Empoleon|Haze|p2a: Empoleon\n|-clearallboost\n|move|p1b: Gholdengo|Make It Rain|p2b: Grimmsnarl|[spread] p2a,p2b\n|-resisted|p2a: Empoleon\n|-damage|p2a: Empoleon|90\/100\n|-damage|p2b: Grimmsnarl|43\/100\n|-unboost|p1b: Gholdengo|spa|1\n|\n|-heal|p1b: Gholdengo|100\/100|[from] item: Leftovers\n|-heal|p2a: Empoleon|96\/100|[from] item: Leftovers\n|upkeep\n|\n|t:|1732895052\n|switch|p1a: Palafin|Palafin-Hero, L50, F|100\/100\n|-activate|p1a: Palafin|ability: Zero to Hero\n|turn|7\n|\n|t:|1732895065\n|move|p2b: Grimmsnarl|Protect|p2b: Grimmsnarl\n|-singleturn|p2b: Grimmsnarl|Protect\n|move|p1a: Palafin|Drain Punch|p2b: Grimmsnarl\n|-activate|p2b: Grimmsnarl|move: Protect\n|move|p1b: Gholdengo|Nasty Plot|p1b: Gholdengo\n|-boost|p1b: Gholdengo|spa|2\n|move|p2a: Empoleon|Icy Wind|p1b: Gholdengo|[spread] p1b\n|-miss|p2a: Empoleon|p1a: Palafin\n|-supereffective|p1b: Gholdengo\n|-damage|p1b: Gholdengo|80\/100\n|-unboost|p1b: Gholdengo|spe|1\n|\n|-heal|p2a: Empoleon|100\/100|[from] item: Leftovers\n|-heal|p1b: Gholdengo|86\/100|[from] item: Leftovers\n|upkeep\n|turn|8\n|inactive|WizoarkVGC has 30 seconds left.\n|inactive|Djjwjwwjj has 30 seconds left.\n|\n|t:|1732895102\n|move|p2a: Empoleon|Protect|p2a: Empoleon\n|-singleturn|p2a: Empoleon|Protect\n|move|p2b: Grimmsnarl|Sucker Punch|p1a: Palafin\n|-damage|p1a: Palafin|48\/100\n|-damage|p2b: Grimmsnarl|33\/100|[from] item: Life Orb\n|move|p1a: Palafin|Drain Punch|p2b: Grimmsnarl\n|-supereffective|p2b: Grimmsnarl\n|-damage|p2b: Grimmsnarl|0 fnt\n|-heal|p1a: Palafin|63\/100|[from] drain|[of] p2b: Grimmsnarl\n|faint|p2b: Grimmsnarl\n|move|p1b: Gholdengo|Nasty Plot|p1b: Gholdengo\n|-boost|p1b: Gholdengo|spa|2\n|\n|-heal|p1b: Gholdengo|92\/100|[from] item: Leftovers\n|upkeep\n|\n|t:|1732895111\n|switch|p2b: Salamence|Salamence, L50, F|27\/100\n|-ability|p2b: Salamence|Intimidate|boost\n|-unboost|p1a: Palafin|atk|1\n|-unboost|p1b: Gholdengo|atk|1\n|turn|9\n|inactive|Djjwjwwjj has 30 seconds left.\n|\n|t:|1732895137\n|move|p1b: Gholdengo|Protect|p1b: Gholdengo\n|-singleturn|p1b: Gholdengo|Protect\n|move|p2b: Salamence|Draco Meteor|p1b: Gholdengo\n|-activate|p1b: Gholdengo|move: Protect\n|move|p1a: Palafin|Drain Punch|p2a: Empoleon\n|-supereffective|p2a: Empoleon\n|-damage|p2a: Empoleon|58\/100\n|-heal|p1a: Palafin|82\/100|[from] drain|[of] p2a: Empoleon\n|move|p2a: Empoleon|Icy Wind|p1a: Palafin|[spread] p1a\n|-activate|p1b: Gholdengo|move: Protect\n|-resisted|p1a: Palafin\n|-damage|p1a: Palafin|77\/100\n|\n|-heal|p2a: Empoleon|64\/100|[from] item: Leftovers\n|-heal|p1b: Gholdengo|98\/100|[from] item: Leftovers\n|upkeep\n|turn|10\n|\n|t:|1732895161\n|move|p2b: Salamence|Draco Meteor|p1b: Gholdengo\n|-supereffective|p1b: Gholdengo\n|-damage|p1b: Gholdengo|0 fnt\n|-unboost|p2b: Salamence|spa|2\n|faint|p1b: Gholdengo\n|move|p1a: Palafin|Haze|p1a: Palafin\n|-clearallboost\n|move|p2a: Empoleon|Icy Wind|p1a: Palafin\n|-resisted|p1a: Palafin\n|-damage|p1a: Palafin|71\/100\n|\n|-heal|p2a: Empoleon|70\/100|[from] item: Leftovers\n|upkeep\n|turn|11\n|inactive|WizoarkVGC has 30 seconds left.\n|inactive|WizoarkVGC has 20 seconds left.\n|inactive|WizoarkVGC has 15 seconds left.\n|\n|t:|1732895202\n|move|p2b: Salamence|Tailwind|p2b: Salamence\n|-sidestart|p2: WizoarkVGC|move: Tailwind\n|move|p2a: Empoleon|Hydro Pump|p1a: Palafin|[miss]\n|-miss|p2a: Empoleon|p1a: Palafin\n|move|p1a: Palafin|Close Combat|p2b: Salamence\n|-resisted|p2b: Salamence\n|-damage|p2b: Salamence|0 fnt\n|-unboost|p1a: Palafin|def|1\n|-unboost|p1a: Palafin|spd|1\n|faint|p2b: Salamence\n|\n|-heal|p2a: Empoleon|76\/100|[from] item: Leftovers\n|upkeep\n|turn|12\n|\n|t:|1732895221\n|move|p2a: Empoleon|Hydro Pump|p1a: Palafin\n|-resisted|p1a: Palafin\n|-damage|p1a: Palafin|42\/100\n|move|p1a: Palafin|Drain Punch|p2a: Empoleon\n|-supereffective|p2a: Empoleon\n|-damage|p2a: Empoleon|11\/100\n|-heal|p1a: Palafin|71\/100|[from] drain|[of] p2a: Empoleon\n|\n|-heal|p2a: Empoleon|17\/100|[from] item: Leftovers\n|upkeep\n|turn|13\n|\n|t:|1732895233\n|move|p2a: Empoleon|Hydro Pump|p1a: Palafin\n|-resisted|p1a: Palafin\n|-damage|p1a: Palafin|41\/100\n|move|p1a: Palafin|Drain Punch|p2a: Empoleon\n|-supereffective|p2a: Empoleon\n|-damage|p2a: Empoleon|0 fnt\n|-heal|p1a: Palafin|49\/100|[from] drain|[of] p2a: Empoleon\n|faint|p2a: Empoleon\n|\n|win|Djjwjwwjj\n|raw|Djjwjwwjj's rating: 1710 &rarr; <strong>1729<\/strong><br \/>(+19 for winning)\n|raw|WizoarkVGC's rating: 1686 &rarr; <strong>1667<\/strong><br \/>(-19 for losing)\n|c|\u2606WizoarkVGC|gg\n|l|\u2606WizoarkVGC\n|player|p2|\n","uploadtime":1732895504,"views":14,"formatid":"gen9vgc2024regh","rating":1667,"private":0,"password":null}