{"id":"gen9vgc2024regh-2253962702","format":"[Gen 9] VGC 2024 Reg H","players":["Zordor","Ellvey96"],"log":"|j|\u2606Zordor\n|j|\u2606Ellvey96\n|t:|1732972174\n|gametype|doubles\n|player|p1|Zordor|pilot|1740\n|player|p2|Ellvey96|guitarist|1683\n|teamsize|p1|6\n|teamsize|p2|6\n|gen|9\n|tier|[Gen 9] VGC 2024 Reg H\n|rated|\n|rule|Species Clause: Limit one of each Pok\u00e9mon\n|rule|Item Clause: Limit 1 of each item\n|clearpoke\n|poke|p1|Rotom-Wash, L50|\n|poke|p1|Sneasler, L50, M|\n|poke|p1|Armarouge, L50, F|\n|poke|p1|Venusaur, L50, F|\n|poke|p1|Scizor, L50, M|\n|poke|p1|Dragapult, L50, F|\n|poke|p2|Golem-Alola, L50, F|\n|poke|p2|Metagross, L50|\n|poke|p2|Torkoal, L50, F|\n|poke|p2|Oranguru, L50, F|\n|poke|p2|Ursaluna, L50, F|\n|poke|p2|Lilligant-Hisui, L50, F|\n|teampreview|4\n|inactive|Battle timer is ON: inactive players will automatically lose when time's up. (requested by Ellvey96)\n|\n|t:|1732972220\n|start\n|switch|p1a: Armarouge|Armarouge, L50, F|100\/100\n|switch|p1b: Dragapult|Dragapult, L50, F|100\/100\n|switch|p2a: Metagross|Metagross, L50|100\/100\n|switch|p2b: Oranguru|Oranguru, L50, F|100\/100\n|turn|1\n|inactive|Zordor has 30 seconds left.\n|\n|t:|1732972253\n|-terastallize|p2a: Metagross|Normal\n|move|p1b: Dragapult|Phantom Force||[still]\n|-prepare|p1b: Dragapult|Phantom Force\n|move|p1a: Armarouge|Heat Wave|p2b: Oranguru|[spread] p2a,p2b\n|-crit|p2b: Oranguru\n|-damage|p2a: Metagross|57\/100\n|-damage|p2b: Oranguru|55\/100\n|-status|p2a: Metagross|brn\n|move|p2a: Metagross|Explosion|p1a: Armarouge|[spread] p1a\n|-miss|p2a: Metagross|p1b: Dragapult\n|-activate|p2b: Oranguru|ability: Telepathy\n|-enditem|p2a: Metagross|Normal Gem|[from] gem\n|-damage|p1a: Armarouge|33\/100\n|faint|p2a: Metagross\n|move|p2b: Oranguru|Trick Room|p2b: Oranguru\n|-fieldstart|move: Trick Room|[of] p2b: Oranguru\n|\n|upkeep\n|\n|t:|1732972270\n|switch|p2a: Ursaluna|Ursaluna, L50, F|100\/100\n|turn|2\n|\n|t:|1732972292\n|move|p1a: Armarouge|Protect|p1a: Armarouge\n|-singleturn|p1a: Armarouge|Protect\n|move|p2a: Ursaluna|Earthquake|p1b: Dragapult|[spread] \n|-miss|p2a: Ursaluna|p1b: Dragapult\n|-activate|p1a: Armarouge|move: Protect\n|-activate|p2b: Oranguru|ability: Telepathy\n|move|p2b: Oranguru|Psychic|p1a: Armarouge\n|-activate|p1a: Armarouge|move: Protect\n|move|p1b: Dragapult|Phantom Force|p2a: Ursaluna|[from]lockedmove\n|-immune|p2a: Ursaluna\n|\n|-status|p2a: Ursaluna|brn|[from] item: Flame Orb\n|upkeep\n|turn|3\n|\n|t:|1732972310\n|switch|p1b: Rotom|Rotom-Wash, L50|100\/100\n|move|p2a: Ursaluna|Earthquake|p1b: Rotom|[spread] p1a\n|-activate|p2b: Oranguru|ability: Telepathy\n|-immune|p1b: Rotom|[from] ability: Levitate\n|-supereffective|p1a: Armarouge\n|-damage|p1a: Armarouge|0 fnt\n|faint|p1a: Armarouge\n|move|p2b: Oranguru|Instruct|p2a: Ursaluna\n|-singleturn|p2a: Ursaluna|move: Instruct|[of] p2b: Oranguru\n|move|p2a: Ursaluna|Earthquake|p1b: Rotom|[spread] \n|-activate|p2b: Oranguru|ability: Telepathy\n|-immune|p1b: Rotom|[from] ability: Levitate\n|\n|-damage|p2a: Ursaluna|95\/100 brn|[from] brn\n|upkeep\n|\n|t:|1732972328\n|switch|p1a: Dragapult|Dragapult, L50, F|100\/100\n|turn|4\n|\n|t:|1732972339\n|-terastallize|p1b: Rotom|Ghost\n|move|p2a: Ursaluna|Facade|p1b: Rotom\n|-immune|p1b: Rotom\n|move|p2b: Oranguru|Psychic|p1a: Dragapult\n|-damage|p1a: Dragapult|74\/100\n|move|p1b: Rotom|Hydro Pump|p2a: Ursaluna|[miss]\n|-miss|p1b: Rotom|p2a: Ursaluna\n|move|p1a: Dragapult|Dragon Darts|p2a: Ursaluna\n|-damage|p2a: Ursaluna|78\/100 brn\n|-anim|p1a: Dragapult|Dragon Darts|p2b: Oranguru\n|-damage|p2b: Oranguru|36\/100\n|\n|-damage|p2a: Ursaluna|72\/100 brn|[from] brn\n|upkeep\n|turn|5\n|\n|t:|1732972360\n|move|p2a: Ursaluna|Earthquake|p1b: Rotom|[spread] p1a\n|-activate|p2b: Oranguru|ability: Telepathy\n|-immune|p1b: Rotom|[from] ability: Levitate\n|-damage|p1a: Dragapult|2\/100\n|move|p2b: Oranguru|Psychic|p1b: Rotom\n|-damage|p1b: Rotom|65\/100\n|-unboost|p1b: Rotom|spd|1\n|move|p1b: Rotom|Hydro Pump|p2a: Ursaluna|[miss]\n|-miss|p1b: Rotom|p2a: Ursaluna\n|move|p1a: Dragapult|Dragon Darts|p2a: Ursaluna\n|-damage|p2a: Ursaluna|56\/100 brn\n|-anim|p1a: Dragapult|Dragon Darts|p2b: Oranguru\n|-damage|p2b: Oranguru|17\/100\n|\n|-damage|p2a: Ursaluna|50\/100 brn|[from] brn\n|-fieldend|move: Trick Room\n|upkeep\n|turn|6\n|\n|t:|1732972383\n|move|p1a: Dragapult|Dragon Darts|p2a: Ursaluna\n|-damage|p2a: Ursaluna|33\/100 brn\n|-anim|p1a: Dragapult|Dragon Darts|p2b: Oranguru\n|-damage|p2b: Oranguru|0 fnt\n|faint|p2b: Oranguru\n|move|p1b: Rotom|Hydro Pump|p2a: Ursaluna\n|-supereffective|p2a: Ursaluna\n|-damage|p2a: Ursaluna|0 fnt\n|faint|p2a: Ursaluna\n|\n|upkeep\n|\n|t:|1732972393\n|switch|p2b: Golem|Golem-Alola, L50, F|100\/100\n|turn|7\n|\n|t:|1732972404\n|move|p1a: Dragapult|Phantom Force||[still]\n|-prepare|p1a: Dragapult|Phantom Force\n|move|p1b: Rotom|Hydro Pump|p2b: Golem\n|-supereffective|p2b: Golem\n|-damage|p2b: Golem|0 fnt\n|faint|p2b: Golem\n|\n|win|Zordor\n|raw|Zordor's rating: 1740 &rarr; <strong>1757<\/strong><br \/>(+17 for winning)\n|raw|Ellvey96's rating: 1683 &rarr; <strong>1666<\/strong><br \/>(-17 for losing)\n|l|\u2606Ellvey96\n|player|p2|\n|l|\u2606Zordor\n|player|p1|\n","uploadtime":1732972595,"views":101,"formatid":"gen9vgc2024regh","rating":1666,"private":0,"password":null}