{"id":"gen9vgc2024regh-2253718011","format":"[Gen 9] VGC 2024 Reg H","players":["juacox300","CarryTheBoats"],"log":"|j|\u2606juacox300\n|j|\u2606CarryTheBoats\n|t:|1732928477\n|gametype|doubles\n|player|p1|juacox300|unknown|1740\n|player|p2|CarryTheBoats|crasherwake|1790\n|teamsize|p1|6\n|teamsize|p2|6\n|gen|9\n|tier|[Gen 9] VGC 2024 Reg H\n|rated|\n|rule|Species Clause: Limit one of each Pok\u00e9mon\n|rule|Item Clause: Limit 1 of each item\n|clearpoke\n|poke|p1|Ursaluna, L50, F|\n|poke|p1|Murkrow, L50, M|\n|poke|p1|Archaludon, L50, M|\n|poke|p1|Mienshao, L50, M|\n|poke|p1|Indeedee, L50, M|\n|poke|p1|Incineroar, L50, F|\n|poke|p2|Archaludon, L50, M|\n|poke|p2|Pelipper, L50, F|\n|poke|p2|Amoonguss, L50, F|\n|poke|p2|Incineroar, L50, M|\n|poke|p2|Basculegion, L50, M|\n|poke|p2|Dragonite, L50, F|\n|teampreview|4\n|inactive|Battle timer is ON: inactive players will automatically lose when time's up. (requested by CarryTheBoats)\nCarryTheBoats rejected open team sheets.\n|inactive|juacox300 has 60 seconds left.\n|inactive|juacox300 has 30 seconds left.\n|inactive|juacox300 has 20 seconds left.\n|inactive|juacox300 has 15 seconds left.\n|inactive|juacox300 has 10 seconds left.\n|inactive|juacox300 has 5 seconds left.\n|\n|t:|1732928618\n|start\n|switch|p1a: Ursaluna|Ursaluna, L50, F|100\/100\n|switch|p1b: Murkrow|Murkrow, L50, M|100\/100\n|switch|p2a: Amoonguss|Amoonguss, L50, F|100\/100\n|switch|p2b: Dragonite|Dragonite, L50, F|100\/100\n|turn|1\n|inactive|juacox300 has 30 seconds left.\n|inactive|juacox300 has 20 seconds left.\n|inactive|juacox300 has 15 seconds left.\n|inactive|juacox300 has 10 seconds left.\n|inactive|juacox300 has 5 seconds left.\n|\n|t:|1732928673\n|move|p2b: Dragonite|Scale Shot|p1b: Murkrow\n|-damage|p1b: Murkrow|83\/100\n|-damage|p1b: Murkrow|64\/100\n|-damage|p1b: Murkrow|47\/100\n|-damage|p1b: Murkrow|29\/100\n|-damage|p1b: Murkrow|11\/100\n|-hitcount|p1b: Murkrow|5\n|-unboost|p2b: Dragonite|def|1\n|-boost|p2b: Dragonite|spe|1\n|move|p1b: Murkrow|Brave Bird|p2a: Amoonguss\n|-supereffective|p2a: Amoonguss\n|-crit|p2a: Amoonguss\n|-damage|p2a: Amoonguss|6\/100\n|-enditem|p2a: Amoonguss|Sitrus Berry|[eat]\n|-heal|p2a: Amoonguss|31\/100|[from] item: Sitrus Berry\n|-damage|p1b: Murkrow|0 fnt|[from] Recoil\n|faint|p1b: Murkrow\n|move|p1a: Ursaluna|Facade|p2b: Dragonite\n|-damage|p2b: Dragonite|67\/100\n|move|p2a: Amoonguss|Spore|p1a: Ursaluna\n|-status|p1a: Ursaluna|slp|[from] move: Spore\n|\n|upkeep\n|inactive|juacox300 has 30 seconds left.\n|\n|t:|1732928699\n|switch|p1b: Mienshao|Mienshao, L50, M|100\/100\n|turn|2\n|\n|t:|1732928715\n|move|p1b: Mienshao|Fake Out|p2b: Dragonite\n|-damage|p2b: Dragonite|45\/100\n|cant|p2b: Dragonite|flinch\n|cant|p1a: Ursaluna|slp\n|move|p2a: Amoonguss|Spore|p1b: Mienshao\n|-status|p1b: Mienshao|slp|[from] move: Spore\n|\n|upkeep\n|turn|3\n|\n|t:|1732928721\n|switch|p1b: Archaludon|Archaludon, L50, M, shiny|100\/100\n|switch|p2a: Archaludon|Archaludon, L50, M, shiny|100\/100\n|move|p2b: Dragonite|Scale Shot|p1a: Ursaluna\n|-damage|p1a: Ursaluna|91\/100 slp\n|-damage|p1a: Ursaluna|79\/100 slp\n|-damage|p1a: Ursaluna|70\/100 slp\n|-damage|p1a: Ursaluna|58\/100 slp\n|-hitcount|p1a: Ursaluna|4\n|-unboost|p2b: Dragonite|def|1\n|-boost|p2b: Dragonite|spe|1\n|cant|p1a: Ursaluna|slp\n|\n|upkeep\n|turn|4\n|\n|t:|1732928744\n|-terastallize|p2a: Archaludon|Bug\n|-terastallize|p1a: Ursaluna|Fairy\n|move|p1b: Archaludon|Protect|p1b: Archaludon\n|-singleturn|p1b: Archaludon|Protect\n|move|p2b: Dragonite|Scale Shot|p2a: Archaludon\n|-damage|p2a: Archaludon|91\/100\n|-ability|p2a: Archaludon|Stamina|boost\n|-boost|p2a: Archaludon|def|1\n|-damage|p2a: Archaludon|83\/100\n|-ability|p2a: Archaludon|Stamina|boost\n|-boost|p2a: Archaludon|def|1\n|-damage|p2a: Archaludon|78\/100\n|-ability|p2a: Archaludon|Stamina|boost\n|-boost|p2a: Archaludon|def|1\n|-damage|p2a: Archaludon|75\/100\n|-ability|p2a: Archaludon|Stamina|boost\n|-boost|p2a: Archaludon|def|1\n|-damage|p2a: Archaludon|71\/100\n|-ability|p2a: Archaludon|Stamina|boost\n|-boost|p2a: Archaludon|def|1\n|-hitcount|p2a: Archaludon|5\n|-unboost|p2b: Dragonite|def|1\n|-boost|p2b: Dragonite|spe|1\n|move|p2a: Archaludon|Body Press|p1a: Ursaluna\n|-resisted|p1a: Ursaluna\n|-damage|p1a: Ursaluna|27\/100 slp\n|-curestatus|p1a: Ursaluna|slp|[msg]\n|move|p1a: Ursaluna|Play Rough|p2b: Dragonite\n|-supereffective|p2b: Dragonite\n|-damage|p2b: Dragonite|0 fnt\n|faint|p2b: Dragonite\n|\n|-status|p1a: Ursaluna|brn|[from] item: Flame Orb\n|upkeep\n|\n|t:|1732928751\n|switch|p2b: Pelipper|Pelipper, L50, F|100\/100\n|-weather|RainDance|[from] ability: Drizzle|[of] p2b: Pelipper\n|turn|5\n|\n|t:|1732928759\n|move|p2a: Archaludon|Electro Shot||[still]\n|-prepare|p2a: Archaludon|Electro Shot\n|-boost|p2a: Archaludon|spa|1\n|-anim|p2a: Archaludon|Electro Shot|p1a: Ursaluna\n|-damage|p1a: Ursaluna|0 fnt\n|faint|p1a: Ursaluna\n|move|p2b: Pelipper|Tailwind|p2b: Pelipper\n|-sidestart|p2: CarryTheBoats|move: Tailwind\n|move|p1b: Archaludon|Electro Shot||[still]\n|-prepare|p1b: Archaludon|Electro Shot\n|-boost|p1b: Archaludon|spa|1\n|-anim|p1b: Archaludon|Electro Shot|p2a: Archaludon\n|-damage|p2a: Archaludon|23\/100\n|-ability|p2a: Archaludon|Stamina|boost\n|-boost|p2a: Archaludon|def|1\n|\n|-weather|RainDance|[upkeep]\n|upkeep\n|\n|t:|1732928762\n|switch|p1a: Mienshao|Mienshao, L50, M|100\/100 slp\n|turn|6\n|\n|t:|1732928774\n|move|p1b: Archaludon|Protect|p1b: Archaludon\n|-singleturn|p1b: Archaludon|Protect\n|cant|p1a: Mienshao|slp\n|move|p2a: Archaludon|Body Press|p1b: Archaludon\n|-activate|p1b: Archaludon|move: Protect\n|move|p2b: Pelipper|Weather Ball|p1b: Archaludon\n|-activate|p1b: Archaludon|move: Protect\n|\n|-weather|RainDance|[upkeep]\n|upkeep\n|turn|7\n|\n|t:|1732928784\n|-curestatus|p1a: Mienshao|slp|[msg]\n|move|p1a: Mienshao|Feint|p2b: Pelipper\n|-damage|p2b: Pelipper|84\/100\n|move|p2a: Archaludon|Body Press|p1b: Archaludon\n|-supereffective|p1b: Archaludon\n|-damage|p1b: Archaludon|0 fnt\n|faint|p1b: Archaludon\n|move|p2b: Pelipper|Weather Ball|p1a: Mienshao\n|-enditem|p1a: Mienshao|Focus Sash\n|-damage|p1a: Mienshao|1\/100\n|\n|-weather|RainDance|[upkeep]\n|upkeep\n|turn|8\n|-message|juacox300 forfeited.\n|\n|win|CarryTheBoats\n|raw|juacox300's rating: 1740 &rarr; <strong>1723<\/strong><br \/>(-17 for losing)\n|raw|CarryTheBoats's rating: 1790 &rarr; <strong>1807<\/strong><br \/>(+17 for winning)\n|l|\u2606juacox300\n|player|p1|\n|l|\u2606CarryTheBoats\n|player|p2|\n","uploadtime":1732928796,"views":10,"formatid":"gen9vgc2024regh","rating":1723,"private":0,"password":null}