{"id":"gen9vgc2024regh-2253448503","format":"[Gen 9] VGC 2024 Reg H","players":["bluestraggler01","judang"],"log":"|j|\u2606bluestraggler01\n|j|\u2606judang\n|t:|1732894947\n|gametype|doubles\n|player|p1|bluestraggler01|102|1676\n|player|p2|judang|ruinmaniac|1700\n|teamsize|p1|6\n|teamsize|p2|6\n|gen|9\n|tier|[Gen 9] VGC 2024 Reg H\n|rated|\n|rule|Species Clause: Limit one of each Pok\u00e9mon\n|rule|Item Clause: Limit 1 of each item\n|clearpoke\n|poke|p1|Talonflame, L50, F|\n|poke|p1|Krookodile, L50, M|\n|poke|p1|Archaludon, L50, M|\n|poke|p1|Pelipper, L50, F|\n|poke|p1|Annihilape, L50, F|\n|poke|p1|Brambleghast, L50, F|\n|poke|p2|Torkoal, L50, F|\n|poke|p2|Lilligant-Hisui, L50, F|\n|poke|p2|Ursaluna-Bloodmoon, L50, M|\n|poke|p2|Farigiraf, L50, M|\n|poke|p2|Dragapult, L50, F|\n|poke|p2|Malamar, L50, M|\n|teampreview|4\n|inactive|Battle timer is ON: inactive players will automatically lose when time's up. (requested by bluestraggler01)\nbluestraggler01 rejected open team sheets.\n|inactive|judang has 60 seconds left.\n|inactive|judang has 30 seconds left.\n|\n|t:|1732895047\n|start\n|switch|p1a: \u592d\u733f\u4e01\u771f|Annihilape, L50, F|100\/100\n|switch|p1b: \u7ffc\u9e70\u4e01\u771f|Talonflame, L50, F|100\/100\n|switch|p2a: Ursaluna|Ursaluna-Bloodmoon, L50, M|100\/100\n|switch|p2b: Malamar|Malamar, L50, M|100\/100\n|turn|1\n|inactive|judang has 30 seconds left.\n|inactive|judang has 20 seconds left.\n|inactive|judang has 15 seconds left.\n|inactive|judang has 10 seconds left.\n|\n|t:|1732895092\n|-terastallize|p2a: Ursaluna|Normal\n|move|p1b: \u7ffc\u9e70\u4e01\u771f|Heat Wave|p2b: Malamar|[spread] p2a,p2b\n|-damage|p2a: Ursaluna|83\/100\n|-damage|p2b: Malamar|68\/100\n|move|p1a: \u592d\u733f\u4e01\u771f|Taunt|p2b: Malamar\n|-start|p2b: Malamar|move: Taunt\n|move|p2a: Ursaluna|Hyper Voice|p1a: \u592d\u733f\u4e01\u771f|[spread] p1a,p1b\n|-damage|p1a: \u592d\u733f\u4e01\u771f|53\/100\n|-damage|p1b: \u7ffc\u9e70\u4e01\u771f|25\/100\n|cant|p2b: Malamar|move: Taunt|Trick Room\n|\n|upkeep\n|turn|2\n|\n|t:|1732895109\n|move|p1b: \u7ffc\u9e70\u4e01\u771f|Heat Wave|p2b: Malamar|[spread] p2a,p2b\n|-damage|p2a: Ursaluna|66\/100\n|-damage|p2b: Malamar|37\/100\n|-enditem|p2b: Malamar|Sitrus Berry|[eat]\n|-heal|p2b: Malamar|62\/100|[from] item: Sitrus Berry\n|move|p1a: \u592d\u733f\u4e01\u771f|Close Combat|p2a: Ursaluna\n|-supereffective|p2a: Ursaluna\n|-damage|p2a: Ursaluna|0 fnt\n|-unboost|p1a: \u592d\u733f\u4e01\u771f|def|1\n|-unboost|p1a: \u592d\u733f\u4e01\u771f|spd|1\n|faint|p2a: Ursaluna\n|move|p2b: Malamar|Knock Off|p1b: \u7ffc\u9e70\u4e01\u771f\n|-damage|p1b: \u7ffc\u9e70\u4e01\u771f|0 fnt\n|-enditem|p1b: \u7ffc\u9e70\u4e01\u771f|Focus Sash|[from] move: Knock Off|[of] p2b: Malamar\n|faint|p1b: \u7ffc\u9e70\u4e01\u771f\n|\n|upkeep\n|\n|t:|1732895123\n|switch|p1b: \u786c\u6cbf\u4e01\u771f|Archaludon, L50, M|100\/100\n|switch|p2a: Lilligant|Lilligant-Hisui, L50, F|100\/100\n|turn|3\n|inactive|bluestraggler01 has 30 seconds left.\n|\n|t:|1732895150\n|switch|p1a: \u96e8\u4e91\u4e01\u771f|Pelipper, L50, F|100\/100\n|-weather|RainDance|[from] ability: Drizzle|[of] p1a: \u96e8\u4e91\u4e01\u771f\n|switch|p2b: Torkoal|Torkoal, L50, F|100\/100\n|-weather|SunnyDay|[from] ability: Drought|[of] p2b: Torkoal\n|move|p2a: Lilligant|Solar Blade||[still]\n|-prepare|p2a: Lilligant|Solar Blade\n|-anim|p2a: Lilligant|Solar Blade|p1a: \u96e8\u4e91\u4e01\u771f\n|-damage|p1a: \u96e8\u4e91\u4e01\u771f|35\/100\n|move|p1b: \u786c\u6cbf\u4e01\u771f|Electro Shot||[still]\n|-prepare|p1b: \u786c\u6cbf\u4e01\u771f|Electro Shot\n|-boost|p1b: \u786c\u6cbf\u4e01\u771f|spa|1\n|\n|-weather|SunnyDay|[upkeep]\n|upkeep\n|turn|4\n|\n|t:|1732895171\n|switch|p1a: \u592d\u733f\u4e01\u771f|Annihilape, L50, F|53\/100\n|move|p2a: Lilligant|After You|p2b: Torkoal\n|-activate|p2b: Torkoal|move: After You\n|move|p2b: Torkoal|Eruption|p1a: \u592d\u733f\u4e01\u771f|[spread] p1a,p1b\n|-crit|p1a: \u592d\u733f\u4e01\u771f\n|-damage|p1a: \u592d\u733f\u4e01\u771f|0 fnt\n|-damage|p1b: \u786c\u6cbf\u4e01\u771f|35\/100\n|-ability|p1b: \u786c\u6cbf\u4e01\u771f|Stamina|boost\n|-boost|p1b: \u786c\u6cbf\u4e01\u771f|def|1\n|faint|p1a: \u592d\u733f\u4e01\u771f\n|move|p1b: \u786c\u6cbf\u4e01\u771f|Electro Shot|p2b: Torkoal|[from]lockedmove\n|-damage|p2b: Torkoal|16\/100\n|\n|-weather|SunnyDay|[upkeep]\n|upkeep\n|\n|t:|1732895178\n|switch|p1a: \u96e8\u4e91\u4e01\u771f|Pelipper, L50, F|35\/100\n|-weather|RainDance|[from] ability: Drizzle|[of] p1a: \u96e8\u4e91\u4e01\u771f\n|turn|5\n|\n|t:|1732895196\n|switch|p2b: Malamar|Malamar, L50, M|62\/100\n|-terastallize|p1b: \u786c\u6cbf\u4e01\u771f|Bug\n|move|p2a: Lilligant|Close Combat|p1b: \u786c\u6cbf\u4e01\u771f\n|-resisted|p1b: \u786c\u6cbf\u4e01\u771f\n|-damage|p1b: \u786c\u6cbf\u4e01\u771f|21\/100\n|-unboost|p2a: Lilligant|def|1\n|-unboost|p2a: Lilligant|spd|1\n|-ability|p1b: \u786c\u6cbf\u4e01\u771f|Stamina|boost\n|-boost|p1b: \u786c\u6cbf\u4e01\u771f|def|1\n|move|p1a: \u96e8\u4e91\u4e01\u771f|Muddy Water|p2a: Lilligant|[spread] p2a,p2b\n|-resisted|p2a: Lilligant\n|-crit|p2a: Lilligant\n|-enditem|p2a: Lilligant|Focus Sash\n|-damage|p2a: Lilligant|1\/100\n|-damage|p2b: Malamar|0 fnt\n|faint|p2b: Malamar\n|move|p1b: \u786c\u6cbf\u4e01\u771f|Flash Cannon|p2a: Lilligant\n|-damage|p2a: Lilligant|0 fnt\n|faint|p2a: Lilligant\n|\n|-weather|RainDance|[upkeep]\n|upkeep\n|\n|t:|1732895203\n|switch|p2a: Torkoal|Torkoal, L50, F|16\/100\n|-weather|SunnyDay|[from] ability: Drought|[of] p2a: Torkoal\n|turn|6\n|inactive|judang has 30 seconds left.\n|-message|judang forfeited.\n|\n|win|bluestraggler01\n|raw|bluestraggler01's rating: 1676 &rarr; <strong>1697<\/strong><br \/>(+21 for winning)\n|raw|judang's rating: 1700 &rarr; <strong>1679<\/strong><br \/>(-21 for losing)\n|l|\u2606bluestraggler01\n|player|p1|\n|l|\u2606judang\n|player|p2|\n","uploadtime":1732895504,"views":5,"formatid":"gen9vgc2024regh","rating":1679,"private":0,"password":null}