{"id":"gen9vgc2024regh-2253274004","format":"[Gen 9] VGC 2024 Reg H","players":["ComputerYui","WattoVGC"],"log":"|j|\u2606ComputerYui\n|j|\u2606WattoVGC\n|t:|1732867893\n|gametype|doubles\n|player|p1|ComputerYui|2|1748\n|player|p2|WattoVGC|palmer|1701\n|teamsize|p1|6\n|teamsize|p2|6\n|gen|9\n|tier|[Gen 9] VGC 2024 Reg H\n|rated|\n|rule|Species Clause: Limit one of each Pok\u00e9mon\n|rule|Item Clause: Limit 1 of each item\n|clearpoke\n|poke|p1|Armarouge, L50, M|\n|poke|p1|Indeedee-F, L50, F|\n|poke|p1|Tauros-Paldea-Aqua, L50, M|\n|poke|p1|Meowstic-F, L50, F|\n|poke|p1|Gallade, L50, M|\n|poke|p1|Golduck, L50, M|\n|poke|p2|Incineroar, L50, F|\n|poke|p2|Porygon2, L50|\n|poke|p2|Amoonguss, L50, M|\n|poke|p2|Ursaluna, L50, M|\n|poke|p2|Gholdengo, L50|\n|poke|p2|Flamigo, L50, M|\n|teampreview|4\n|inactive|Battle timer is ON: inactive players will automatically lose when time's up. (requested by WattoVGC)\n|inactive|ComputerYui has 60 seconds left.\n|inactive|WattoVGC has 60 seconds left.\n|\n|t:|1732867939\n|start\n|switch|p1a: Golduck|Golduck, L50, M, shiny|100\/100\n|switch|p1b: Indeedee|Indeedee-F, L50, F, shiny|100\/100\n|switch|p2a: Gholdengo|Gholdengo, L50, shiny|100\/100\n|switch|p2b: Flamigo|Flamigo, L50, M, shiny|100\/100\n|-ability|p1a: Golduck|Cloud Nine\n|-fieldstart|move: Psychic Terrain|[from] ability: Psychic Surge|[of] p1b: Indeedee\n|-enditem|p1a: Golduck|Psychic Seed\n|-boost|p1a: Golduck|spd|1|[from] item: Psychic Seed\n|turn|1\n|\n|t:|1732867962\n|move|p1b: Indeedee|Fake Out|p2b: Flamigo\n|-hint|Psychic Terrain doesn't affect Pok\u00e9mon immune to Ground.\n|-damage|p2b: Flamigo|88\/100\n|cant|p2b: Flamigo|flinch\n|move|p2a: Gholdengo|Nasty Plot|p2a: Gholdengo\n|-boost|p2a: Gholdengo|spa|2\n|move|p1a: Golduck|Taunt|p2b: Flamigo\n|-start|p2b: Flamigo|move: Taunt\n|\n|upkeep\n|turn|2\n|\n|t:|1732867979\n|move|p1b: Indeedee|Follow Me|p1b: Indeedee\n|-singleturn|p1b: Indeedee|move: Follow Me\n|move|p2b: Flamigo|Close Combat|p1b: Indeedee\n|-damage|p1b: Indeedee|42\/100\n|-unboost|p2b: Flamigo|def|1\n|-unboost|p2b: Flamigo|spd|1\n|-enditem|p1b: Indeedee|Eject Button\n|\n|t:|1732867987\n|switch|p1b: Meowstic|Meowstic-F, L50, F, shiny|100\/100\n|move|p2a: Gholdengo|Make It Rain|p1b: Meowstic|[spread] p1a,p1b\n|-resisted|p1a: Golduck\n|-damage|p1a: Golduck|56\/100\n|-enditem|p1b: Meowstic|Focus Sash\n|-damage|p1b: Meowstic|1\/100\n|-unboost|p2a: Gholdengo|spa|1\n|-damage|p2a: Gholdengo|91\/100|[from] item: Life Orb\n|move|p1a: Golduck|Muddy Water|p2a: Gholdengo|[spread] p2a,p2b\n|-damage|p2a: Gholdengo|58\/100\n|-damage|p2b: Flamigo|11\/100\n|-unboost|p2b: Flamigo|accuracy|1\n|\n|upkeep\n|turn|3\n|j| mr pogostick\n|inactive|WattoVGC has 30 seconds left.\n|j| salmonelephant\n|inactive|ComputerYui has 30 seconds left.\n|\n|t:|1732868034\n|switch|p2b: Incineroar|Incineroar, L50, F, shiny|100\/100\n|-ability|p2b: Incineroar|Intimidate|boost\n|-unboost|p1a: Golduck|atk|1\n|-unboost|p1b: Meowstic|atk|1\n|-ability|p1b: Meowstic|Competitive|boost\n|-boost|p1b: Meowstic|spa|2\n|switch|p1a: Indeedee|Indeedee-F, L50, F, shiny|42\/100\n|move|p1b: Meowstic|Expanding Force|p2a: Gholdengo|[spread] p2a\n|-immune|p2b: Incineroar\n|-resisted|p2a: Gholdengo\n|-damage|p2a: Gholdengo|7\/100\n|move|p2a: Gholdengo|Make It Rain|p1a: Indeedee|[spread] p1a,p1b\n|-damage|p1a: Indeedee|0 fnt\n|-damage|p1b: Meowstic|0 fnt\n|-unboost|p2a: Gholdengo|spa|1\n|faint|p1a: Indeedee\n|faint|p1b: Meowstic\n|-damage|p2a: Gholdengo|0 fnt|[from] item: Life Orb\n|faint|p2a: Gholdengo\n|\n|upkeep\n|\n|t:|1732868057\n|switch|p1b: Armarouge|Armarouge, L50, M, shiny|100\/100\n|switch|p2a: Flamigo|Flamigo, L50, M, shiny|11\/100\n|switch|p1a: Golduck|Golduck, L50, M, shiny|56\/100\n|-ability|p1a: Golduck|Cloud Nine\n|turn|4\n|inactive|WattoVGC has 30 seconds left.\n|\n|t:|1732868084\n|-terastallize|p1a: Golduck|Fighting\n|-terastallize|p2b: Incineroar|Grass\n|move|p2a: Flamigo|Wide Guard|p2a: Flamigo\n|-singleturn|p2a: Flamigo|Wide Guard\n|move|p1b: Armarouge|Heat Wave|p2b: Incineroar|[spread] \n|-activate|p2a: Flamigo|move: Wide Guard\n|-activate|p2b: Incineroar|move: Wide Guard\n|move|p1a: Golduck|Tera Blast|p2b: Incineroar|[anim] Tera Blast Fighting\n|-damage|p2b: Incineroar|63\/100\n|move|p2b: Incineroar|Knock Off|p1b: Armarouge\n|-supereffective|p1b: Armarouge\n|-damage|p1b: Armarouge|0 fnt\n|-enditem|p1b: Armarouge|Weakness Policy|[from] move: Knock Off|[of] p2b: Incineroar\n|faint|p1b: Armarouge\n|\n|upkeep\n|turn|5\n|-message|ComputerYui forfeited.\n|\n|win|WattoVGC\n|raw|ComputerYui's rating: 1748 &rarr; <strong>1725<\/strong><br \/>(-23 for losing)\n|raw|WattoVGC's rating: 1701 &rarr; <strong>1724<\/strong><br \/>(+23 for winning)\n|l|\u2606ComputerYui\n|player|p1|\n|l| mr pogostick\n|l|\u2606WattoVGC\n|player|p2|\n|l| salmonelephant\n","uploadtime":1732868337,"views":16,"formatid":"gen9vgc2024regh","rating":1724,"private":0,"password":null}