{"id":"gen9vgc2024regh-2253854407","format":"[Gen 9] VGC 2024 Reg H","players":["dalas91","Novacast"],"log":"|j|\u2606dalas91\n|j|\u2606Novacast\n|t:|1732949516\n|gametype|doubles\n|player|p1|dalas91|dragontamer|1714\n|player|p2|Novacast|mars|1690\n|teamsize|p1|6\n|teamsize|p2|6\n|gen|9\n|tier|[Gen 9] VGC 2024 Reg H\n|rated|\n|rule|Species Clause: Limit one of each Pok\u00e9mon\n|rule|Item Clause: Limit 1 of each item\n|clearpoke\n|poke|p1|Archaludon, L50, M|\n|poke|p1|Whimsicott, L50, F|\n|poke|p1|Incineroar, L50, F|\n|poke|p1|Ursaluna-Bloodmoon, L50, M|\n|poke|p1|Basculegion, L50, M|\n|poke|p1|Annihilape, L50, F|\n|poke|p2|Garganacl, L50, M|\n|poke|p2|Dondozo, L50, F|\n|poke|p2|Sneasler, L50, F|\n|poke|p2|Gholdengo, L50|\n|poke|p2|Ninetales-Alola, L50, F|\n|poke|p2|Incineroar, L50, M|\n|teampreview|4\n|inactive|Battle timer is ON: inactive players will automatically lose when time's up. (requested by Novacast)\n|inactive|Novacast has 60 seconds left.\n|\n|t:|1732949561\n|start\n|switch|p1a: Whimsicott|Whimsicott, L50, F|100\/100\n|switch|p1b: Annihilape|Annihilape, L50, F|100\/100\n|switch|p2a: Garganacl|Garganacl, L50, M|100\/100\n|switch|p2b: Sneasler|Sneasler, L50, F|100\/100\n|turn|1\n|inactive|dalas91 has 30 seconds left.\n|\n|t:|1732949588\n|-terastallize|p1a: Whimsicott|Ghost\n|move|p2b: Sneasler|Dire Claw|p1a: Whimsicott\n|-resisted|p1a: Whimsicott\n|-damage|p1a: Whimsicott|73\/100\n|move|p1a: Whimsicott|Moonblast|p2b: Sneasler\n|-damage|p2b: Sneasler|54\/100\n|move|p1b: Annihilape|Final Gambit|p2a: Garganacl\n|-damage|p2a: Garganacl|3\/100\n|faint|p1b: Annihilape\n|-enditem|p2a: Garganacl|Maranga Berry|[eat]\n|-boost|p2a: Garganacl|spd|1|[from] item: Maranga Berry\n|move|p2a: Garganacl|Salt Cure|p1a: Whimsicott\n|-damage|p1a: Whimsicott|52\/100\n|-start|p1a: Whimsicott|Salt Cure\n|\n|-damage|p1a: Whimsicott|40\/100|[from] Salt Cure\n|upkeep\n|\n|t:|1732949611\n|switch|p1b: Ursaluna|Ursaluna-Bloodmoon, L50, M|100\/100\n|turn|2\n|\n|t:|1732949627\n|move|p2a: Garganacl|Protect|p2a: Garganacl\n|-singleturn|p2a: Garganacl|Protect\n|move|p1a: Whimsicott|Tailwind|p1a: Whimsicott\n|-sidestart|p1: dalas91|move: Tailwind\n|move|p1b: Ursaluna|Hyper Voice|p2b: Sneasler|[spread] p2b\n|-activate|p2a: Garganacl|move: Protect\n|-crit|p2b: Sneasler\n|-damage|p2b: Sneasler|0 fnt\n|faint|p2b: Sneasler\n|-damage|p1b: Ursaluna|91\/100|[from] item: Life Orb\n|\n|-damage|p1a: Whimsicott|28\/100|[from] Salt Cure\n|upkeep\n|\n|t:|1732949641\n|switch|p2b: Dondozo|Dondozo, L50, F|100\/100\n|turn|3\n|inactive|dalas91 has 30 seconds left.\n|\n|t:|1732949667\n|move|p1a: Whimsicott|Moonblast|p2b: Dondozo\n|-damage|p2b: Dondozo|78\/100\n|move|p1b: Ursaluna|Hyper Voice|p2b: Dondozo|[spread] p2a,p2b\n|-resisted|p2a: Garganacl\n|-damage|p2a: Garganacl|0 fnt\n|-damage|p2b: Dondozo|41\/100\n|faint|p2a: Garganacl\n|-damage|p1b: Ursaluna|81\/100|[from] item: Life Orb\n|move|p2b: Dondozo|Liquidation|p1b: Ursaluna\n|-supereffective|p1b: Ursaluna\n|-damage|p1b: Ursaluna|27\/100\n|\n|-heal|p2b: Dondozo|47\/100|[from] item: Leftovers\n|-damage|p1a: Whimsicott|15\/100|[from] Salt Cure\n|upkeep\n|\n|t:|1732949673\n|switch|p2a: Gholdengo|Gholdengo, L50|100\/100\n|turn|4\n|inactive|dalas91 has 30 seconds left.\n|\n|t:|1732949704\n|switch|p1a: Basculegion|Basculegion, L50, M, shiny|100\/100\n|move|p1b: Ursaluna|Protect|p1b: Ursaluna\n|-singleturn|p1b: Ursaluna|Protect\n|move|p2a: Gholdengo|Make It Rain|p1b: Ursaluna|[spread] p1a\n|-activate|p1b: Ursaluna|move: Protect\n|-resisted|p1a: Basculegion\n|-damage|p1a: Basculegion|74\/100\n|-unboost|p2a: Gholdengo|spa|1\n|move|p2b: Dondozo|Curse|p2b: Dondozo\n|-unboost|p2b: Dondozo|spe|1\n|-boost|p2b: Dondozo|atk|1\n|-boost|p2b: Dondozo|def|1\n|\n|-heal|p2b: Dondozo|53\/100|[from] item: Leftovers\n|upkeep\n|turn|5\n|inactive|dalas91 has 30 seconds left.\n|\n|t:|1732949739\n|-terastallize|p2a: Gholdengo|Steel\n|move|p1a: Basculegion|Last Respects|p2a: Gholdengo\n|-damage|p2a: Gholdengo|4\/100\n|move|p2a: Gholdengo|Make It Rain|p1a: Basculegion|[spread] p1a,p1b\n|-resisted|p1a: Basculegion\n|-damage|p1a: Basculegion|48\/100\n|-damage|p1b: Ursaluna|0 fnt\n|-unboost|p2a: Gholdengo|spa|1\n|faint|p1b: Ursaluna\n|move|p2b: Dondozo|Yawn|p1a: Basculegion\n|-start|p1a: Basculegion|move: Yawn|[of] p2b: Dondozo\n|\n|-heal|p2b: Dondozo|59\/100|[from] item: Leftovers\n|-sideend|p1: dalas91|move: Tailwind\n|upkeep\n|\n|t:|1732949756\n|switch|p1b: Whimsicott|Whimsicott, L50, F, tera:Ghost|15\/100\n|turn|6\n|\n|t:|1732949767\n|move|p1b: Whimsicott|Encore|p2b: Dondozo\n|-start|p2b: Dondozo|Encore\n|move|p1a: Basculegion|Aqua Jet|p2a: Gholdengo\n|-damage|p2a: Gholdengo|0 fnt\n|faint|p2a: Gholdengo\n|move|p2b: Dondozo|Yawn|p1b: Whimsicott\n|-start|p1b: Whimsicott|move: Yawn|[of] p2b: Dondozo\n|\n|-heal|p2b: Dondozo|65\/100|[from] item: Leftovers\n|-end|p1a: Basculegion|move: Yawn|[silent]\n|-status|p1a: Basculegion|slp\n|upkeep\n|turn|7\n|\n|t:|1732949786\n|move|p1b: Whimsicott|Moonblast|p2b: Dondozo\n|-damage|p2b: Dondozo|39\/100\n|cant|p1a: Basculegion|slp\n|move|p2b: Dondozo|Yawn||[still]\n|-fail|p2b: Dondozo\n|\n|-heal|p2b: Dondozo|45\/100|[from] item: Leftovers\n|-end|p1b: Whimsicott|move: Yawn|[silent]\n|-status|p1b: Whimsicott|slp\n|upkeep\n|turn|8\n|\n|t:|1732949801\n|cant|p1b: Whimsicott|slp\n|cant|p1a: Basculegion|slp\n|move|p2b: Dondozo|Yawn||[still]\n|-fail|p2b: Dondozo\n|\n|-heal|p2b: Dondozo|51\/100|[from] item: Leftovers\n|-end|p2b: Dondozo|Encore\n|upkeep\n|turn|9\n|\n|t:|1732949813\n|cant|p1b: Whimsicott|slp\n|cant|p1a: Basculegion|slp\n|move|p2b: Dondozo|Liquidation|p1a: Basculegion\n|-resisted|p1a: Basculegion\n|-damage|p1a: Basculegion|18\/100 slp\n|\n|-heal|p2b: Dondozo|57\/100|[from] item: Leftovers\n|upkeep\n|turn|10\n|\n|t:|1732949826\n|-curestatus|p1b: Whimsicott|slp|[msg]\n|move|p1b: Whimsicott|Moonblast|p2b: Dondozo\n|-damage|p2b: Dondozo|33\/100\n|-curestatus|p1a: Basculegion|slp|[msg]\n|move|p1a: Basculegion|Last Respects|p2b: Dondozo\n|-damage|p2b: Dondozo|0 fnt\n|faint|p2b: Dondozo\n|\n|win|dalas91\n|raw|dalas91's rating: 1714 &rarr; <strong>1733<\/strong><br \/>(+19 for winning)\n|raw|Novacast's rating: 1690 &rarr; <strong>1671<\/strong><br \/>(-19 for losing)\n|l|\u2606Novacast\n|player|p2|\n|l|\u2606dalas91\n|player|p1|\n","uploadtime":1732949986,"views":25,"formatid":"gen9vgc2024regh","rating":1671,"private":0,"password":null}