{"id":"gen9vgc2024regh-2253275415","format":"[Gen 9] VGC 2024 Reg H","players":["eggplanetvgc","ComputerYui"],"log":"|j|\u2606eggplanetvgc\n|j|\u2606ComputerYui\n|t:|1732868163\n|gametype|doubles\n|player|p1|eggplanetvgc|miku-flying|1699\n|player|p2|ComputerYui|2|1725\n|teamsize|p1|6\n|teamsize|p2|6\n|gen|9\n|tier|[Gen 9] VGC 2024 Reg H\n|rated|\n|rule|Species Clause: Limit one of each Pok\u00e9mon\n|rule|Item Clause: Limit 1 of each item\n|clearpoke\n|poke|p1|Dondozo, L50, F|\n|poke|p1|Tatsugiri, L50, F|\n|poke|p1|Excadrill, L50, M|\n|poke|p1|Tyranitar, L50, M|\n|poke|p1|Indeedee, L50, M|\n|poke|p1|Sneasler, L50, M|\n|poke|p2|Armarouge, L50, M|\n|poke|p2|Indeedee-F, L50, F|\n|poke|p2|Tauros-Paldea-Aqua, L50, M|\n|poke|p2|Meowstic-F, L50, F|\n|poke|p2|Gallade, L50, M|\n|poke|p2|Golduck, L50, M|\n|teampreview|4\n|inactive|Battle timer is ON: inactive players will automatically lose when time's up. (requested by eggplanetvgc)\n|j| salmonelephant\n|\n|t:|1732868189\n|start\n|switch|p1a: Tyranitar|Tyranitar, L50, M|100\/100\n|switch|p1b: Excadrill|Excadrill, L50, M|100\/100\n|switch|p2a: Golduck|Golduck, L50, M, shiny|100\/100\n|switch|p2b: Tauros|Tauros-Paldea-Aqua, L50, M, shiny|100\/100\n|-ability|p2b: Tauros|Intimidate|boost\n|-unboost|p1a: Tyranitar|atk|1\n|-fail|p1b: Excadrill|unboost|[from] item: Clear Amulet|[of] p1b: Excadrill\n|-ability|p2a: Golduck|Cloud Nine\n|-weather|Sandstorm|[from] ability: Sand Stream|[of] p1a: Tyranitar\n|turn|1\n|inactive|ComputerYui has 30 seconds left.\n|inactive|ComputerYui has 20 seconds left.\n|inactive|ComputerYui has 15 seconds left.\n|\n|t:|1732868229\n|switch|p2b: Indeedee|Indeedee-F, L50, F, shiny|100\/100\n|-fieldstart|move: Psychic Terrain|[from] ability: Psychic Surge|[of] p2b: Indeedee\n|-enditem|p2a: Golduck|Psychic Seed\n|-boost|p2a: Golduck|spd|1|[from] item: Psychic Seed\n|-terastallize|p1a: Tyranitar|Flying\n|move|p1b: Excadrill|Protect|p1b: Excadrill\n|-singleturn|p1b: Excadrill|Protect\n|move|p2a: Golduck|Muddy Water|p1b: Excadrill|[spread] \n|-activate|p1b: Excadrill|move: Protect\n|-miss|p2a: Golduck|p1a: Tyranitar\n|move|p1a: Tyranitar|Tera Blast|p2b: Indeedee|[anim] Tera Blast Flying\n|-damage|p2b: Indeedee|51\/100\n|-enditem|p2b: Indeedee|Eject Button\n|\n|t:|1732868245\n|switch|p2b: Armarouge|Armarouge, L50, M, shiny|100\/100\n|\n|-weather|Sandstorm|[upkeep]\n|upkeep\n|turn|2\n|\n|t:|1732868262\n|move|p2a: Golduck|Aqua Jet|p2b: Armarouge\n|-supereffective|p2b: Armarouge\n|-damage|p2b: Armarouge|74\/100\n|-ability|p2b: Armarouge|Weak Armor|boost\n|-unboost|p2b: Armarouge|def|1\n|-boost|p2b: Armarouge|spe|2\n|-enditem|p2b: Armarouge|Weakness Policy\n|-boost|p2b: Armarouge|atk|2|[from] item: Weakness Policy\n|-boost|p2b: Armarouge|spa|2|[from] item: Weakness Policy\n|move|p2b: Armarouge|Expanding Force|p1b: Excadrill|[spread] p1a,p1b\n|-resisted|p1b: Excadrill\n|-damage|p1a: Tyranitar|0 fnt\n|-damage|p1b: Excadrill|14\/100\n|faint|p1a: Tyranitar\n|move|p1b: Excadrill|Earthquake|p2a: Golduck|[spread] p2a,p2b\n|-supereffective|p2b: Armarouge\n|-damage|p2a: Golduck|50\/100\n|-damage|p2b: Armarouge|0 fnt\n|faint|p2b: Armarouge\n|\n|-weather|Sandstorm|[upkeep]\n|upkeep\n|j| LXRD_SHADOW\n|inactive|ComputerYui has 30 seconds left.\n|\n|t:|1732868289\n|switch|p2b: Tauros|Tauros-Paldea-Aqua, L50, M, shiny|100\/100\n|switch|p1a: Tatsugiri|Tatsugiri, L50, F|100\/100\n|-ability|p2b: Tauros|Intimidate|boost\n|-unboost|p1a: Tatsugiri|atk|1\n|-fail|p1b: Excadrill|unboost|[from] item: Clear Amulet|[of] p1b: Excadrill\n|turn|3\n|\n|t:|1732868313\n|switch|p2a: Indeedee|Indeedee-F, L50, F, shiny|51\/100\n|move|p1b: Excadrill|Protect|p1b: Excadrill\n|-singleturn|p1b: Excadrill|Protect\n|move|p1a: Tatsugiri|Draco Meteor|p2a: Indeedee|[miss]\n|-miss|p1a: Tatsugiri|p2a: Indeedee\n|move|p2b: Tauros|Raging Bull|p1b: Excadrill\n|-activate|p1b: Excadrill|move: Protect\n|\n|-weather|Sandstorm|[upkeep]\n|-damage|p1a: Tatsugiri|95\/100|[from] Sandstorm\n|-damage|p2b: Tauros|94\/100|[from] Sandstorm\n|-damage|p2a: Indeedee|45\/100|[from] Sandstorm\n|upkeep\n|turn|4\n|inactive|ComputerYui has 30 seconds left.\n|\n|t:|1732868346\n|move|p2a: Indeedee|Protect|p2a: Indeedee\n|-singleturn|p2a: Indeedee|Protect\n|move|p1b: Excadrill|High Horsepower|p2a: Indeedee\n|-activate|p2a: Indeedee|move: Protect\n|move|p1a: Tatsugiri|Draco Meteor|p2a: Indeedee\n|-activate|p2a: Indeedee|move: Protect\n|move|p2b: Tauros|Zen Headbutt|p1b: Excadrill\n|-resisted|p1b: Excadrill\n|-damage|p1b: Excadrill|0 fnt\n|faint|p1b: Excadrill\n|\n|-weather|Sandstorm|[upkeep]\n|-damage|p1a: Tatsugiri|89\/100|[from] Sandstorm\n|-damage|p2b: Tauros|88\/100|[from] Sandstorm\n|-damage|p2a: Indeedee|39\/100|[from] Sandstorm\n|upkeep\n|\n|t:|1732868349\n|switch|p1b: Dondozo|Dondozo, L50, F|100\/100\n|-activate|p1a: Tatsugiri|ability: Commander|[of] p1b: Dondozo\n|-boost|p1b: Dondozo|atk|2\n|-boost|p1b: Dondozo|spa|2\n|-boost|p1b: Dondozo|spe|2\n|-boost|p1b: Dondozo|def|2\n|-boost|p1b: Dondozo|spd|2\n|turn|5\n|inactive|ComputerYui has 30 seconds left.\n|inactive|ComputerYui has 20 seconds left.\n|\n|t:|1732868384\n|move|p2a: Indeedee|Follow Me|p2a: Indeedee\n|-singleturn|p2a: Indeedee|move: Follow Me\n|move|p1b: Dondozo|Wave Crash|p2a: Indeedee\n|-damage|p2a: Indeedee|0 fnt\n|faint|p2a: Indeedee\n|-damage|p1b: Dondozo|91\/100|[from] Recoil\n|move|p2b: Tauros|Close Combat|p1b: Dondozo\n|-crit|p1b: Dondozo\n|-damage|p1b: Dondozo|28\/100\n|-unboost|p2b: Tauros|def|1\n|-unboost|p2b: Tauros|spd|1\n|\n|-weather|none\n|-heal|p1b: Dondozo|34\/100|[from] item: Leftovers\n|-fieldend|move: Psychic Terrain\n|upkeep\n|\n|t:|1732868400\n|switch|p2a: Golduck|Golduck, L50, M, shiny|50\/100\n|-ability|p2a: Golduck|Cloud Nine\n|turn|6\n|inactive|ComputerYui has 30 seconds left.\n|\n|t:|1732868432\n|-terastallize|p2a: Golduck|Fighting\n|move|p1b: Dondozo|Protect|p1b: Dondozo\n|-singleturn|p1b: Dondozo|Protect\n|move|p2b: Tauros|Close Combat|p1b: Dondozo\n|-activate|p1b: Dondozo|move: Protect\n|move|p2a: Golduck|Tera Blast|p1b: Dondozo|[anim] Tera Blast Fighting\n|-activate|p1b: Dondozo|move: Protect\n|\n|-heal|p1b: Dondozo|41\/100|[from] item: Leftovers\n|upkeep\n|turn|7\n|\n|t:|1732868452\n|move|p1b: Dondozo|Wave Crash|p2a: Golduck\n|-damage|p2a: Golduck|0 fnt\n|faint|p2a: Golduck\n|-damage|p1b: Dondozo|27\/100|[from] Recoil\n|move|p2b: Tauros|Close Combat|p1b: Dondozo\n|-damage|p1b: Dondozo|3\/100\n|-unboost|p2b: Tauros|def|1\n|-unboost|p2b: Tauros|spd|1\n|\n|-heal|p1b: Dondozo|9\/100|[from] item: Leftovers\n|upkeep\n|turn|8\n|\n|t:|1732868466\n|move|p1b: Dondozo|Order Up|p2b: Tauros\n|-damage|p2b: Tauros|43\/100\n|-boost|p1b: Dondozo|atk|1\n|move|p2b: Tauros|Close Combat|p1b: Dondozo\n|-damage|p1b: Dondozo|0 fnt\n|-unboost|p2b: Tauros|def|1\n|-unboost|p2b: Tauros|spd|1\n|faint|p1b: Dondozo\n|\n|upkeep\n|turn|9\n|\n|t:|1732868481\n|move|p1a: Tatsugiri|Draco Meteor|p2b: Tauros\n|-damage|p2b: Tauros|0 fnt\n|-unboost|p1a: Tatsugiri|spa|2\n|faint|p2b: Tauros\n|\n|win|eggplanetvgc\n|raw|eggplanetvgc's rating: 1699 &rarr; <strong>1720<\/strong><br \/>(+21 for winning)\n|raw|ComputerYui's rating: 1725 &rarr; <strong>1704<\/strong><br \/>(-21 for losing)\n|l|\u2606ComputerYui\n|player|p2|\n|l| LXRD_SHADOW\n|l|\u2606eggplanetvgc\n|player|p1|\n|l| salmonelephant\n","uploadtime":1732868488,"views":292,"formatid":"gen9vgc2024regh","rating":1704,"private":0,"password":null}