{"id":"gen9vgc2024regh-2253126334","format":"[Gen 9] VGC 2024 Reg H","players":["CAZ9899","corndog7"],"log":"|j|\u2606CAZ9899\n|j|\u2606corndog7\n|t:|1732843914\n|gametype|doubles\n|player|p1|CAZ9899|riley|1706\n|player|p2|corndog7|1|1799\n|teamsize|p1|6\n|teamsize|p2|6\n|gen|9\n|tier|[Gen 9] VGC 2024 Reg H\n|rated|\n|rule|Species Clause: Limit one of each Pok\u00e9mon\n|rule|Item Clause: Limit 1 of each item\n|clearpoke\n|poke|p1|Raichu, L50, F|\n|poke|p1|Gothitelle, L50, F|\n|poke|p1|Politoed, L50, F|\n|poke|p1|Kingambit, L50, M|\n|poke|p1|Rillaboom, L50, M|\n|poke|p1|Basculegion, L50, M|\n|poke|p2|Primarina, L50, F|\n|poke|p2|Volcarona, L50, F|\n|poke|p2|Kingambit, L50, F|\n|poke|p2|Sneasler, L50, F|\n|poke|p2|Rillaboom, L50, F|\n|poke|p2|Gholdengo, L50|\n|teampreview|4\n|inactive|Battle timer is ON: inactive players will automatically lose when time's up. (requested by corndog7)\n|inactive|CAZ9899 has 60 seconds left.\n|inactive|corndog7 has 60 seconds left.\n|\n|t:|1732843963\n|start\n|switch|p1a: Politoed|Politoed, L50, F|100\/100\n|switch|p1b: Raichu|Raichu, L50, F|100\/100\n|switch|p2a: Gholdengo|Gholdengo, L50|100\/100\n|switch|p2b: Sneasler|Sneasler, L50, F|100\/100\n|-weather|RainDance|[from] ability: Drizzle|[of] p1a: Politoed\n|turn|1\n|inactive|CAZ9899 has 30 seconds left.\n|\n|t:|1732843989\n|move|p2b: Sneasler|Fake Out|p1a: Politoed\n|-damage|p1a: Politoed|88\/100\n|move|p1b: Raichu|Fake Out|p2b: Sneasler\n|-damage|p2b: Sneasler|86\/100\n|move|p2a: Gholdengo|Shadow Ball|p1b: Raichu\n|-damage|p1b: Raichu|11\/100\n|-damage|p2a: Gholdengo|91\/100|[from] item: Life Orb\n|cant|p1a: Politoed|flinch\n|\n|-weather|RainDance|[upkeep]\n|upkeep\n|turn|2\n|inactive|CAZ9899 has 30 seconds left.\n|inactive|corndog7 has 30 seconds left.\n|\n|t:|1732844018\n|switch|p1b: Kingambit|Kingambit, L50, M|100\/100\n|move|p2b: Sneasler|Dire Claw|p1a: Politoed\n|-damage|p1a: Politoed|52\/100\n|move|p2a: Gholdengo|Shadow Ball|p1b: Kingambit\n|-resisted|p1b: Kingambit\n|-damage|p1b: Kingambit|76\/100\n|-damage|p2a: Gholdengo|81\/100|[from] item: Life Orb\n|move|p1a: Politoed|Muddy Water|p2a: Gholdengo|[spread] p2a,p2b\n|-damage|p2a: Gholdengo|30\/100\n|-damage|p2b: Sneasler|33\/100\n|\n|-weather|RainDance|[upkeep]\n|upkeep\n|turn|3\n|j| qiyeO.o\n|\n|t:|1732844039\n|move|p1b: Kingambit|Protect|p1b: Kingambit\n|-singleturn|p1b: Kingambit|Protect\n|move|p2b: Sneasler|Close Combat|p1b: Kingambit\n|-activate|p1b: Kingambit|move: Protect\n|move|p2a: Gholdengo|Nasty Plot|p2a: Gholdengo\n|-boost|p2a: Gholdengo|spa|2\n|move|p1a: Politoed|Muddy Water|p2a: Gholdengo|[spread] p2b\n|-miss|p1a: Politoed|p2a: Gholdengo\n|-damage|p2b: Sneasler|0 fnt\n|faint|p2b: Sneasler\n|\n|-weather|RainDance|[upkeep]\n|upkeep\n|\n|t:|1732844055\n|switch|p2b: Rillaboom|Rillaboom, L50, F|100\/100\n|-fieldstart|move: Grassy Terrain|[from] ability: Grassy Surge|[of] p2b: Rillaboom\n|turn|4\n|\n|t:|1732844062\n|move|p1a: Politoed|Protect|p1a: Politoed\n|-singleturn|p1a: Politoed|Protect\n|move|p2b: Rillaboom|Fake Out|p1b: Kingambit\n|-resisted|p1b: Kingambit\n|-damage|p1b: Kingambit|71\/100\n|cant|p1b: Kingambit|flinch\n|move|p2a: Gholdengo|Make It Rain|p1a: Politoed|[spread] p1b\n|-activate|p1a: Politoed|move: Protect\n|-resisted|p1b: Kingambit\n|-damage|p1b: Kingambit|16\/100\n|-unboost|p2a: Gholdengo|spa|1\n|-damage|p2a: Gholdengo|20\/100|[from] item: Life Orb\n|\n|-weather|RainDance|[upkeep]\n|-heal|p2a: Gholdengo|26\/100|[from] Grassy Terrain\n|-heal|p1a: Politoed|58\/100|[from] Grassy Terrain\n|-heal|p1b: Kingambit|22\/100|[from] Grassy Terrain\n|upkeep\n|turn|5\n|inactive|CAZ9899 has 30 seconds left.\n|inactive|corndog7 has 30 seconds left.\n|inactive|CAZ9899 has 20 seconds left.\n|inactive|corndog7 has 20 seconds left.\n|\n|t:|1732844103\n|move|p2a: Gholdengo|Protect|p2a: Gholdengo\n|-singleturn|p2a: Gholdengo|Protect\n|move|p1b: Kingambit|Sucker Punch||[still]\n|-fail|p1b: Kingambit\n|move|p2b: Rillaboom|Wood Hammer|p1b: Kingambit\n|-resisted|p1b: Kingambit\n|-damage|p1b: Kingambit|0 fnt\n|faint|p1b: Kingambit\n|-damage|p2b: Rillaboom|93\/100|[from] Recoil\n|move|p1a: Politoed|Muddy Water|p2b: Rillaboom|[spread] p2b\n|-activate|p2a: Gholdengo|move: Protect\n|-resisted|p2b: Rillaboom\n|-damage|p2b: Rillaboom|72\/100\n|-unboost|p2b: Rillaboom|accuracy|1\n|\n|-weather|none\n|-heal|p2a: Gholdengo|33\/100|[from] Grassy Terrain\n|-heal|p2b: Rillaboom|78\/100|[from] Grassy Terrain\n|-heal|p1a: Politoed|64\/100|[from] Grassy Terrain\n|upkeep\n|\n|t:|1732844125\n|switch|p1b: Basculegion|Basculegion, L50, M|100\/100\n|turn|6\n|\n|t:|1732844136\n|-terastallize|p1a: Politoed|Dragon\n|move|p2b: Rillaboom|Grassy Glide|p1b: Basculegion\n|-supereffective|p1b: Basculegion\n|-damage|p1b: Basculegion|0 fnt\n|faint|p1b: Basculegion\n|move|p2a: Gholdengo|Shadow Ball|p1a: Politoed\n|-damage|p1a: Politoed|0 fnt\n|faint|p1a: Politoed\n|-damage|p2a: Gholdengo|23\/100|[from] item: Life Orb\n|\n|-heal|p2a: Gholdengo|29\/100|[from] Grassy Terrain\n|-heal|p2b: Rillaboom|84\/100|[from] Grassy Terrain\n|upkeep\n|-message|CAZ9899 forfeited.\n|\n|win|corndog7\n|raw|CAZ9899's rating: 1706 &rarr; <strong>1691<\/strong><br \/>(-15 for losing)\n|raw|corndog7's rating: 1799 &rarr; <strong>1814<\/strong><br \/>(+15 for winning)\n|l|\u2606CAZ9899\n|player|p1|\n|l| qiyeO.o\n","uploadtime":1732844389,"views":15,"formatid":"gen9vgc2024regh","rating":1691,"private":0,"password":null}