{"id":"gen9vgc2024regh-2253818660","format":"[Gen 9] VGC 2024 Reg H","players":["testy accounty 2","jayjazZa"],"log":"|j|\u2606testy accounty 2\n|j|\u2606jayjazZa\n|t:|1732943071\n|gametype|doubles\n|player|p1|testy accounty 2|1|1725\n|player|p2|jayjazZa|1|1675\n|teamsize|p1|6\n|teamsize|p2|6\n|gen|9\n|tier|[Gen 9] VGC 2024 Reg H\n|rated|\n|rule|Species Clause: Limit one of each Pok\u00e9mon\n|rule|Item Clause: Limit 1 of each item\n|clearpoke\n|poke|p1|Pelipper, L50, F|\n|poke|p1|Archaludon, L50, F|\n|poke|p1|Sneasler, L50, M|\n|poke|p1|Dragonite, L50, M|\n|poke|p1|Basculegion, L50, M|\n|poke|p1|Rillaboom, L50, F|\n|poke|p2|Dondozo, L50, F|\n|poke|p2|Tatsugiri, L50, F|\n|poke|p2|Sneasler, L50, F|\n|poke|p2|Indeedee, L50, M|\n|poke|p2|Archaludon, L50, M|\n|poke|p2|Pelipper, L50, M|\n|teampreview|4\n|inactive|Battle timer is ON: inactive players will automatically lose when time's up. (requested by jayjazZa)\n|\n|t:|1732943094\n|start\n|switch|p1a: Hephetus|Archaludon, L50, F|100\/100\n|switch|p1b: Ceasar|Rillaboom, L50, F|100\/100\n|switch|p2a: Indeedee|Indeedee, L50, M|100\/100\n|switch|p2b: Sneasler|Sneasler, L50, F|100\/100\n|-fieldstart|move: Psychic Terrain|[from] ability: Psychic Surge|[of] p2a: Indeedee\n|-enditem|p2b: Sneasler|Psychic Seed\n|-boost|p2b: Sneasler|spd|1|[from] item: Psychic Seed\n|-fieldstart|move: Grassy Terrain|[from] ability: Grassy Surge|[of] p1b: Ceasar\n|turn|1\n|j| judang\n|j| Baxcaliburisbetter\n|\n|t:|1732943112\n|switch|p2a: Archaludon|Archaludon, L50, M|100\/100\n|move|p2b: Sneasler|Dire Claw|p1b: Ceasar\n|-supereffective|p1b: Ceasar\n|-damage|p1b: Ceasar|15\/100\n|-status|p1b: Ceasar|psn\n|move|p1b: Ceasar|Bullet Seed|p1a: Hephetus\n|-resisted|p1a: Hephetus\n|-damage|p1a: Hephetus|98\/100\n|-ability|p1a: Hephetus|Stamina|boost\n|-boost|p1a: Hephetus|def|1\n|-resisted|p1a: Hephetus\n|-damage|p1a: Hephetus|96\/100\n|-ability|p1a: Hephetus|Stamina|boost\n|-boost|p1a: Hephetus|def|1\n|-resisted|p1a: Hephetus\n|-damage|p1a: Hephetus|95\/100\n|-ability|p1a: Hephetus|Stamina|boost\n|-boost|p1a: Hephetus|def|1\n|-resisted|p1a: Hephetus\n|-damage|p1a: Hephetus|94\/100\n|-ability|p1a: Hephetus|Stamina|boost\n|-boost|p1a: Hephetus|def|1\n|-resisted|p1a: Hephetus\n|-damage|p1a: Hephetus|93\/100\n|-ability|p1a: Hephetus|Stamina|boost\n|-boost|p1a: Hephetus|def|1\n|-hitcount|p1a: Hephetus|5\n|move|p1a: Hephetus|Body Press|p2a: Archaludon\n|-supereffective|p2a: Archaludon\n|-damage|p2a: Archaludon|0 fnt\n|faint|p2a: Archaludon\n|\n|-heal|p1b: Ceasar|21\/100 psn|[from] Grassy Terrain\n|-heal|p1a: Hephetus|99\/100|[from] Grassy Terrain\n|-damage|p1b: Ceasar|9\/100 psn|[from] psn\n|upkeep\n|\n|t:|1732943122\n|switch|p2a: Indeedee|Indeedee, L50, M|100\/100\n|-fieldstart|move: Psychic Terrain|[from] ability: Psychic Surge|[of] p2a: Indeedee\n|turn|2\n|inactive|testy accounty 2 has 30 seconds left.\n|inactive|testy accounty 2 has 20 seconds left.\n|inactive|testy accounty 2 has 15 seconds left.\n|\n|t:|1732943167\n|-terastallize|p2a: Indeedee|Psychic\n|move|p2b: Sneasler|Close Combat|p1a: Hephetus\n|-supereffective|p1a: Hephetus\n|-damage|p1a: Hephetus|72\/100\n|-unboost|p2b: Sneasler|def|1\n|-unboost|p2b: Sneasler|spd|1\n|-ability|p1a: Hephetus|Stamina|boost\n|-boost|p1a: Hephetus|def|1\n|move|p2a: Indeedee|Expanding Force|p1b: Ceasar|[spread] p1a,p1b\n|-resisted|p1a: Hephetus\n|-damage|p1a: Hephetus|44\/100\n|-damage|p1b: Ceasar|0 fnt\n|faint|p1b: Ceasar\n|move|p1a: Hephetus|Body Press|p2a: Indeedee\n|-resisted|p2a: Indeedee\n|-enditem|p2a: Indeedee|Focus Sash\n|-damage|p2a: Indeedee|1\/100\n|\n|upkeep\n|\n|t:|1732943184\n|switch|p1b: Posiden|Pelipper, L50, F|100\/100\n|-weather|RainDance|[from] ability: Drizzle|[of] p1b: Posiden\n|turn|3\n|inactive|jayjazZa has 30 seconds left.\n|\n|t:|1732943212\n|-terastallize|p1b: Posiden|Ghost\n|move|p2b: Sneasler|Dire Claw|p1b: Posiden\n|-resisted|p1b: Posiden\n|-damage|p1b: Posiden|74\/100\n|-status|p1b: Posiden|psn\n|move|p2a: Indeedee|Expanding Force|p1a: Hephetus|[spread] p1a,p1b\n|-resisted|p1a: Hephetus\n|-crit|p1b: Posiden\n|-damage|p1a: Hephetus|13\/100\n|-damage|p1b: Posiden|0 fnt\n|faint|p1b: Posiden\n|move|p1a: Hephetus|Electro Shot||[still]\n|-prepare|p1a: Hephetus|Electro Shot\n|-boost|p1a: Hephetus|spa|1\n|-anim|p1a: Hephetus|Electro Shot|p2b: Sneasler\n|-damage|p2b: Sneasler|8\/100\n|\n|-weather|RainDance|[upkeep]\n|upkeep\n|\n|t:|1732943228\n|switch|p1b: Kratos|Dragonite, L50, M, shiny|100\/100\n|turn|4\n|\n|t:|1732943248\n|move|p2b: Sneasler|Close Combat|p1a: Hephetus\n|-supereffective|p1a: Hephetus\n|-damage|p1a: Hephetus|0 fnt\n|-unboost|p2b: Sneasler|def|1\n|-unboost|p2b: Sneasler|spd|1\n|faint|p1a: Hephetus\n|move|p2a: Indeedee|Expanding Force|p1b: Kratos\n|-damage|p1b: Kratos|48\/100\n|move|p1b: Kratos|Stomping Tantrum|p2a: Indeedee\n|-damage|p2a: Indeedee|0 fnt\n|faint|p2a: Indeedee\n|\n|-weather|RainDance|[upkeep]\n|upkeep\n|\n|t:|1732943252\n|switch|p2a: Pelipper|Pelipper, L50, M|100\/100\n|turn|5\n|c|\u2606jayjazZa|Gg\n|-message|testy accounty 2 forfeited.\n|\n|win|jayjazZa\n|raw|testy accounty 2's rating: 1725 &rarr; <strong>1702<\/strong><br \/>(-23 for losing)\n|raw|jayjazZa's rating: 1675 &rarr; <strong>1698<\/strong><br \/>(+23 for winning)\n|l|\u2606testy accounty 2\n|player|p1|\n|c|\u2606jayjazZa|Can\u2019t believe you actually had the Dragonite\n|l| Baxcaliburisbetter\n|l|\u2606jayjazZa\n|player|p2|\n","uploadtime":1732943518,"views":8,"formatid":"gen9vgc2024regh","rating":1698,"private":0,"password":null}