{"id":"gen9vgc2024regh-2253488921","format":"[Gen 9] VGC 2024 Reg H","players":["judang","sailyors"],"log":"|j|\u2606judang\n|j|\u2606sailyors\n|t:|1732899758\n|gametype|doubles\n|player|p1|judang|ruinmaniac|1753\n|player|p2|sailyors|iris-gen5bw2|1686\n|teamsize|p1|6\n|teamsize|p2|6\n|gen|9\n|tier|[Gen 9] VGC 2024 Reg H\n|rated|\n|rule|Species Clause: Limit one of each Pok\u00e9mon\n|rule|Item Clause: Limit 1 of each item\n|clearpoke\n|poke|p1|Torkoal, L50, M|\n|poke|p1|Lilligant-Hisui, L50, F|\n|poke|p1|Ursaluna-Bloodmoon, L50, M|\n|poke|p1|Farigiraf, L50, F|\n|poke|p1|Dragapult, L50, F|\n|poke|p1|Malamar, L50, M|\n|poke|p2|Ninetales-Alola, L50, M|\n|poke|p2|Maushold, L50|\n|poke|p2|Sinistcha, L50|\n|poke|p2|Annihilape, L50, M|\n|poke|p2|Incineroar, L50, F|\n|poke|p2|Dragonite, L50, F|\n|teampreview|4\n|inactive|Battle timer is ON: inactive players will automatically lose when time's up. (requested by sailyors)\n|inactive|judang has 60 seconds left.\n|inactive|judang has 30 seconds left.\n|inactive|judang has 20 seconds left.\n|inactive|judang has 15 seconds left.\n|inactive|judang has 10 seconds left.\n|inactive|judang has 5 seconds left.\n|\n|t:|1732899848\n|start\n|switch|p1a: Torkoal|Torkoal, L50, M|100\/100\n|switch|p1b: Lilligant|Lilligant-Hisui, L50, F|100\/100\n|switch|p2a: Incineroar|Incineroar, L50, F|100\/100\n|switch|p2b: Dragonite|Dragonite, L50, F|100\/100\n|-ability|p2a: Incineroar|Intimidate|boost\n|-unboost|p1a: Torkoal|atk|1\n|-unboost|p1b: Lilligant|atk|1\n|-weather|SunnyDay|[from] ability: Drought|[of] p1a: Torkoal\n|turn|1\n|\n|t:|1732899862\n|move|p1b: Lilligant|Sleep Powder|p2b: Dragonite\n|-status|p2b: Dragonite|slp|[from] move: Sleep Powder\n|cant|p2b: Dragonite|slp\n|move|p2a: Incineroar|Flare Blitz|p1b: Lilligant\n|-supereffective|p1b: Lilligant\n|-enditem|p1b: Lilligant|Focus Sash\n|-damage|p1b: Lilligant|1\/100\n|-status|p1b: Lilligant|brn\n|-damage|p2a: Incineroar|77\/100|[from] Recoil\n|move|p1a: Torkoal|Eruption|p2a: Incineroar|[spread] p2a,p2b\n|-resisted|p2a: Incineroar\n|-resisted|p2b: Dragonite\n|-damage|p2a: Incineroar|53\/100\n|-damage|p2b: Dragonite|81\/100 slp\n|\n|-weather|SunnyDay|[upkeep]\n|-damage|p1b: Lilligant|0 fnt|[from] brn\n|faint|p1b: Lilligant\n|upkeep\n|\n|t:|1732899878\n|switch|p1b: Farigiraf|Farigiraf, L50, F|100\/100\n|turn|2\n|inactive|judang has 30 seconds left.\n|\n|t:|1732899908\n|-terastallize|p1b: Farigiraf|Fairy\n|cant|p2b: Dragonite|slp\n|move|p2a: Incineroar|Snarl|p1b: Farigiraf|[spread] p1a,p1b\n|-resisted|p1b: Farigiraf\n|-damage|p1a: Torkoal|86\/100\n|-damage|p1b: Farigiraf|96\/100\n|-unboost|p1a: Torkoal|spa|1\n|-unboost|p1b: Farigiraf|spa|1\n|move|p1a: Torkoal|Eruption|p2b: Dragonite|[spread] p2a,p2b\n|-resisted|p2a: Incineroar\n|-resisted|p2b: Dragonite\n|-damage|p2a: Incineroar|41\/100\n|-damage|p2b: Dragonite|56\/100 slp\n|move|p1b: Farigiraf|Trick Room|p1b: Farigiraf\n|-fieldstart|move: Trick Room|[of] p1b: Farigiraf\n|\n|-weather|SunnyDay|[upkeep]\n|upkeep\n|turn|3\n|\n|t:|1732899933\n|switch|p2b: Ninetales|Ninetales-Alola, L50, M|100\/100\n|-weather|Snow|[from] ability: Snow Warning|[of] p2b: Ninetales\n|move|p1a: Torkoal|Eruption|p2a: Incineroar|[spread] p2a,p2b\n|-resisted|p2a: Incineroar\n|-supereffective|p2b: Ninetales\n|-damage|p2a: Incineroar|33\/100\n|-damage|p2b: Ninetales|32\/100\n|move|p1b: Farigiraf|Tera Blast|p2b: Ninetales|[anim] Tera Blast Fairy\n|-damage|p2b: Ninetales|13\/100\n|move|p2a: Incineroar|Snarl|p1a: Torkoal|[spread] p1a,p1b\n|-resisted|p1b: Farigiraf\n|-damage|p1a: Torkoal|72\/100\n|-damage|p1b: Farigiraf|92\/100\n|-unboost|p1a: Torkoal|spa|1\n|-unboost|p1b: Farigiraf|spa|1\n|\n|-weather|Snow|[upkeep]\n|upkeep\n|turn|4\n|\n|t:|1732899955\n|switch|p1a: Ursaluna|Ursaluna-Bloodmoon, L50, M|100\/100\n|move|p2a: Incineroar|Snarl|p1b: Farigiraf|[spread] p1a,p1b\n|-resisted|p1b: Farigiraf\n|-damage|p1a: Ursaluna|93\/100\n|-damage|p1b: Farigiraf|88\/100\n|-unboost|p1a: Ursaluna|spa|1\n|-unboost|p1b: Farigiraf|spa|1\n|move|p1b: Farigiraf|Tera Blast|p2b: Ninetales|[anim] Tera Blast Fairy\n|-damage|p2b: Ninetales|0 fnt\n|faint|p2b: Ninetales\n|\n|-weather|Snow|[upkeep]\n|upkeep\n|\n|t:|1732899964\n|switch|p2b: Sinistcha|Sinistcha, L50|100\/100\n|-heal|p2a: Incineroar|58\/100|[from] ability: Hospitality|[of] p2b: Sinistcha\n|turn|5\n|\n|t:|1732899978\n|move|p1b: Farigiraf|Helping Hand|p1a: Ursaluna\n|-singleturn|p1a: Ursaluna|Helping Hand|[of] p1b: Farigiraf\n|move|p2b: Sinistcha|Rage Powder|p2b: Sinistcha\n|-singleturn|p2b: Sinistcha|move: Rage Powder\n|move|p1a: Ursaluna|Blood Moon|p2b: Sinistcha\n|-damage|p2b: Sinistcha|21\/100\n|move|p2a: Incineroar|Snarl|p1b: Farigiraf|[spread] p1a,p1b\n|-resisted|p1b: Farigiraf\n|-damage|p1a: Ursaluna|86\/100\n|-damage|p1b: Farigiraf|84\/100\n|-unboost|p1a: Ursaluna|spa|1\n|-unboost|p1b: Farigiraf|spa|1\n|\n|-weather|Snow|[upkeep]\n|upkeep\n|turn|6\n|\n|t:|1732899999\n|move|p1b: Farigiraf|Helping Hand|p1a: Ursaluna\n|-singleturn|p1a: Ursaluna|Helping Hand|[of] p1b: Farigiraf\n|move|p1a: Ursaluna|Hyper Voice|p2b: Sinistcha|[spread] p2a,p2b\n|-damage|p2a: Incineroar|43\/100\n|-damage|p2b: Sinistcha|0 fnt\n|faint|p2b: Sinistcha\n|move|p2a: Incineroar|Flare Blitz|p1b: Farigiraf\n|-damage|p1b: Farigiraf|45\/100\n|-damage|p2a: Incineroar|29\/100|[from] Recoil\n|\n|-weather|Snow|[upkeep]\n|-fieldend|move: Trick Room\n|upkeep\n|\n|t:|1732900006\n|switch|p2b: Dragonite|Dragonite, L50, F|56\/100 slp\n|turn|7\n|\n|t:|1732900017\n|-terastallize|p2b: Dragonite|Steel\n|move|p1b: Farigiraf|Ally Switch|p1b: Farigiraf\n|swap|p1b: Farigiraf|0|[from] move: Ally Switch\n|cant|p2b: Dragonite|slp\n|move|p2a: Incineroar|Flare Blitz|p1b: Ursaluna\n|-damage|p1b: Ursaluna|52\/100\n|-damage|p2a: Incineroar|17\/100|[from] Recoil\n|move|p1b: Ursaluna|Blood Moon|p2a: Incineroar\n|-damage|p2a: Incineroar|0 fnt\n|faint|p2a: Incineroar\n|\n|-weather|none\n|upkeep\n|turn|8\n|\n|t:|1732900033\n|-curestatus|p2b: Dragonite|slp|[msg]\n|move|p2b: Dragonite|Stomping Tantrum|p1b: Ursaluna\n|-damage|p1b: Ursaluna|11\/100\n|move|p1b: Ursaluna|Earth Power|p2b: Dragonite\n|-supereffective|p2b: Dragonite\n|-damage|p2b: Dragonite|6\/100\n|-unboost|p2b: Dragonite|spd|1\n|move|p1a: Farigiraf|Trick Room|p1a: Farigiraf\n|-fieldstart|move: Trick Room|[of] p1a: Farigiraf\n|\n|upkeep\n|turn|9\n|-message|sailyors forfeited.\n|\n|win|judang\n|raw|judang's rating: 1753 &rarr; <strong>1769<\/strong><br \/>(+16 for winning)\n|raw|sailyors's rating: 1686 &rarr; <strong>1670<\/strong><br \/>(-16 for losing)\n|l|\u2606sailyors\n|player|p2|\n|l|\u2606judang\n|player|p1|\n","uploadtime":1732900194,"views":5,"formatid":"gen9vgc2024regh","rating":1670,"private":0,"password":null}