{"id":"gen9vgc2024regh-2253875162","format":"[Gen 9] VGC 2024 Reg H","players":["dalas91","ren122333"],"log":"|j|\u2606dalas91\n|j|\u2606ren122333\n|t:|1732953927\n|gametype|doubles\n|player|p1|dalas91|dragontamer|1705\n|player|p2|ren122333|hilbert|1695\n|teamsize|p1|6\n|teamsize|p2|6\n|gen|9\n|tier|[Gen 9] VGC 2024 Reg H\n|rated|\n|rule|Species Clause: Limit one of each Pok\u00e9mon\n|rule|Item Clause: Limit 1 of each item\n|clearpoke\n|poke|p1|Archaludon, L50, M|\n|poke|p1|Whimsicott, L50, M|\n|poke|p1|Incineroar, L50, M|\n|poke|p1|Ursaluna-Bloodmoon, L50, M|\n|poke|p1|Basculegion, L50, M|\n|poke|p1|Annihilape, L50, M|\n|poke|p2|Whimsicott, L50, F|\n|poke|p2|Mamoswine, L50, M|\n|poke|p2|Lycanroc-Dusk, L50, M|\n|poke|p2|Typhlosion-Hisui, L50, F|\n|poke|p2|Farigiraf, L50, F|\n|poke|p2|Mienshao, L50, M|\n|teampreview|4\n|inactive|Battle timer is ON: inactive players will automatically lose when time's up. (requested by ren122333)\n|inactive|dalas91 has 60 seconds left.\n|j| stewpeed\n|\n|t:|1732953991\n|start\n|switch|p1a: Whimsicott|Whimsicott, L50, M|100\/100\n|switch|p1b: Annihilape|Annihilape, L50, M|100\/100\n|switch|p2a: Whimsicott|Whimsicott, L50, F|100\/100\n|switch|p2b: Mamoswine|Mamoswine, L50, M|100\/100\n|turn|1\n|inactive|dalas91 has 30 seconds left.\n|inactive|dalas91 has 20 seconds left.\n|inactive|dalas91 has 15 seconds left.\n|inactive|dalas91 has 10 seconds left.\n|\n|t:|1732954038\n|switch|p2b: Typhlosion|Typhlosion-Hisui, L50, F|100\/100\n|-item|p1a: Whimsicott|Focus Sash|[from] ability: Frisk|[of] p2b: Typhlosion\n|-item|p1b: Annihilape|Choice Scarf|[from] ability: Frisk|[of] p2b: Typhlosion\n|move|p2a: Whimsicott|Tailwind|p2a: Whimsicott\n|-sidestart|p2: ren122333|move: Tailwind\n|move|p1a: Whimsicott|Beat Up|p1b: Annihilape\n|-damage|p1b: Annihilape|99\/100\n|-damage|p1b: Annihilape|97\/100\n|-damage|p1b: Annihilape|95\/100\n|-damage|p1b: Annihilape|92\/100\n|-hitcount|p1b: Annihilape|4\n|move|p1b: Annihilape|Rage Fist|p2b: Typhlosion\n|-supereffective|p2b: Typhlosion\n|-damage|p2b: Typhlosion|0 fnt\n|faint|p2b: Typhlosion\n|\n|upkeep\n|\n|t:|1732954054\n|switch|p2b: Mamoswine|Mamoswine, L50, M|100\/100\n|turn|2\n|\n|t:|1732954076\n|move|p2a: Whimsicott|Encore|p1a: Whimsicott\n|-start|p1a: Whimsicott|Encore\n|move|p1a: Whimsicott|Beat Up|p2b: Mamoswine\n|-damage|p2b: Mamoswine|98\/100\n|-damage|p2b: Mamoswine|96\/100\n|-damage|p2b: Mamoswine|93\/100\n|-damage|p2b: Mamoswine|90\/100\n|-hitcount|p2b: Mamoswine|4\n|move|p2b: Mamoswine|High Horsepower|p1b: Annihilape\n|-damage|p1b: Annihilape|44\/100\n|move|p1b: Annihilape|Rage Fist|p2b: Mamoswine\n|-damage|p2b: Mamoswine|0 fnt\n|faint|p2b: Mamoswine\n|\n|upkeep\n|\n|t:|1732954082\n|switch|p2b: Mienshao|Mienshao, L50, M|100\/100\n|turn|3\n|inactive|dalas91 has 30 seconds left.\n|\n|t:|1732954113\n|switch|p1a: Archaludon|Archaludon, L50, M|100\/100\n|-terastallize|p1b: Annihilape|Fire\n|move|p2a: Whimsicott|Moonblast|p1b: Annihilape\n|-resisted|p1b: Annihilape\n|-damage|p1b: Annihilape|27\/100\n|-unboost|p1b: Annihilape|spa|1\n|move|p2b: Mienshao|Close Combat|p1a: Archaludon\n|-supereffective|p1a: Archaludon\n|-damage|p1a: Archaludon|0 fnt\n|-unboost|p2b: Mienshao|def|1\n|-unboost|p2b: Mienshao|spd|1\n|faint|p1a: Archaludon\n|-damage|p2b: Mienshao|91\/100|[from] item: Life Orb\n|move|p1b: Annihilape|Rage Fist|p2a: Whimsicott\n|-enditem|p2a: Whimsicott|Focus Sash\n|-damage|p2a: Whimsicott|1\/100\n|\n|upkeep\n|inactive|dalas91 has 30 seconds left.\n|\n|t:|1732954142\n|switch|p1a: Whimsicott|Whimsicott, L50, M|100\/100\n|turn|4\n|\n|t:|1732954155\n|-terastallize|p2b: Mienshao|Dark\n|move|p1a: Whimsicott|Tailwind|p1a: Whimsicott\n|-sidestart|p1: dalas91|move: Tailwind\n|move|p2a: Whimsicott|Moonblast|p1a: Whimsicott\n|-damage|p1a: Whimsicott|47\/100\n|move|p1b: Annihilape|Rage Fist|p2b: Mienshao\n|-resisted|p2b: Mienshao\n|-damage|p2b: Mienshao|0 fnt\n|faint|p2b: Mienshao\n|\n|-sideend|p2: ren122333|move: Tailwind\n|upkeep\n|turn|5\n|-message|ren122333 forfeited.\n|\n|win|dalas91\n|raw|dalas91's rating: 1705 &rarr; <strong>1724<\/strong><br \/>(+19 for winning)\n|raw|ren122333's rating: 1695 &rarr; <strong>1676<\/strong><br \/>(-19 for losing)\n|l|\u2606ren122333\n|player|p2|\n","uploadtime":1732954178,"views":28,"formatid":"gen9vgc2024regh","rating":1676,"private":0,"password":null}