{"id":"gen9vgc2024regh-2253977038","format":"[Gen 9] VGC 2024 Reg H","players":["shuijun1\u82cd\u708e\u5203\u9b3c\u4fa0","pokequimico"],"log":"|j|\u2606shuijun1\u82cd\u708e\u5203\u9b3c\u4fa0\n|j|\u2606pokequimico\n|t:|1732974544\n|gametype|doubles\n|player|p1|shuijun1\u82cd\u708e\u5203\u9b3c\u4fa0|iono|1760\n|player|p2|pokequimico|lucas|1731\n|teamsize|p1|6\n|teamsize|p2|6\n|gen|9\n|tier|[Gen 9] VGC 2024 Reg H\n|rated|\n|rule|Species Clause: Limit one of each Pok\u00e9mon\n|rule|Item Clause: Limit 1 of each item\n|clearpoke\n|poke|p1|Armarouge, L50, F|\n|poke|p1|Indeedee-F, L50, F|\n|poke|p1|Torkoal, L50, F|\n|poke|p1|Sylveon, L50, F|\n|poke|p1|Sneasler, L50, F|\n|poke|p1|Dragonite, L50, M|\n|poke|p2|Sneasler, L50, M|\n|poke|p2|Kingambit, L50, F|\n|poke|p2|Dragonite, L50, F|\n|poke|p2|Basculegion, L50, M|\n|poke|p2|Rillaboom, L50, M|\n|poke|p2|Volcarona, L50, M|\n|teampreview|4\n|inactive|Battle timer is ON: inactive players will automatically lose when time's up. (requested by pokequimico)\n|\n|t:|1732974567\n|start\n|switch|p1a: \u63f4\u6e38\u4e01\u771f|Dragonite, L50, M|100\/100\n|switch|p1b: \u715c\u7130\u4e01\u771f|Armarouge, L50, F|100\/100\n|switch|p2a: Kingambit|Kingambit, L50, F|100\/100\n|switch|p2b: Dragonite|Dragonite, L50, F|100\/100\n|turn|1\n|inactive|pokequimico has 30 seconds left.\n|\n|t:|1732974597\n|move|p2b: Dragonite|Protect|p2b: Dragonite\n|-singleturn|p2b: Dragonite|Protect\n|move|p1a: \u63f4\u6e38\u4e01\u771f|Scale Shot|p2b: Dragonite\n|-activate|p2b: Dragonite|move: Protect\n|move|p1b: \u715c\u7130\u4e01\u771f|Aura Sphere|p2a: Kingambit\n|-supereffective|p2a: Kingambit\n|-damage|p2a: Kingambit|0 fnt\n|faint|p2a: Kingambit\n|\n|upkeep\n|\n|t:|1732974606\n|switch|p2a: Basculegion|Basculegion, L50, M|100\/100\n|turn|2\n|\n|t:|1732974620\n|-terastallize|p2b: Dragonite|Fairy\n|move|p1b: \u715c\u7130\u4e01\u771f|Endure|p1b: \u715c\u7130\u4e01\u771f\n|-singleturn|p1b: \u715c\u7130\u4e01\u771f|move: Endure\n|move|p2a: Basculegion|Last Respects|p1b: \u715c\u7130\u4e01\u771f\n|-supereffective|p1b: \u715c\u7130\u4e01\u771f\n|-activate|p1b: \u715c\u7130\u4e01\u771f|move: Endure\n|-damage|p1b: \u715c\u7130\u4e01\u771f|1\/100\n|-ability|p1b: \u715c\u7130\u4e01\u771f|Weak Armor|boost\n|-unboost|p1b: \u715c\u7130\u4e01\u771f|def|1\n|-boost|p1b: \u715c\u7130\u4e01\u771f|spe|2\n|-enditem|p1b: \u715c\u7130\u4e01\u771f|Weakness Policy\n|-boost|p1b: \u715c\u7130\u4e01\u771f|atk|2|[from] item: Weakness Policy\n|-boost|p1b: \u715c\u7130\u4e01\u771f|spa|2|[from] item: Weakness Policy\n|move|p1a: \u63f4\u6e38\u4e01\u771f|Earthquake|p2a: Basculegion|[spread] p1b,p2a,p2b\n|-supereffective|p1b: \u715c\u7130\u4e01\u771f\n|-activate|p1b: \u715c\u7130\u4e01\u771f|move: Endure\n|-damage|p1b: \u715c\u7130\u4e01\u771f|1\/100\n|-damage|p2a: Basculegion|64\/100\n|-damage|p2b: Dragonite|87\/100\n|-ability|p1b: \u715c\u7130\u4e01\u771f|Weak Armor|boost\n|-unboost|p1b: \u715c\u7130\u4e01\u771f|def|1\n|-boost|p1b: \u715c\u7130\u4e01\u771f|spe|2\n|move|p2b: Dragonite|Scale Shot|p1a: \u63f4\u6e38\u4e01\u771f\n|-supereffective|p1a: \u63f4\u6e38\u4e01\u771f\n|-damage|p1a: \u63f4\u6e38\u4e01\u771f|84\/100\n|-supereffective|p1a: \u63f4\u6e38\u4e01\u771f\n|-damage|p1a: \u63f4\u6e38\u4e01\u771f|50\/100\n|-supereffective|p1a: \u63f4\u6e38\u4e01\u771f\n|-damage|p1a: \u63f4\u6e38\u4e01\u771f|17\/100\n|-supereffective|p1a: \u63f4\u6e38\u4e01\u771f\n|-damage|p1a: \u63f4\u6e38\u4e01\u771f|0 fnt\n|faint|p1a: \u63f4\u6e38\u4e01\u771f\n|-hitcount|p1: \u63f4\u6e38\u4e01\u771f|4\n|-unboost|p2b: Dragonite|def|1\n|-boost|p2b: Dragonite|spe|1\n|\n|upkeep\n|\n|t:|1732974637\n|switch|p1a: \u5996\u97f3\u4e01\u771f|Sylveon, L50, F, shiny|100\/100\n|turn|3\n|\n|t:|1732974655\n|switch|p1a: \u610f\u8335\u4e01\u771f|Indeedee-F, L50, F|100\/100\n|-fieldstart|move: Psychic Terrain|[from] ability: Psychic Surge|[of] p1a: \u610f\u8335\u4e01\u771f\n|move|p2b: Dragonite|Protect|p2b: Dragonite\n|-singleturn|p2b: Dragonite|Protect\n|move|p1b: \u715c\u7130\u4e01\u771f|Expanding Force|p2a: Basculegion|[spread] p2a\n|-activate|p2b: Dragonite|move: Protect\n|-damage|p2a: Basculegion|0 fnt\n|faint|p2a: Basculegion\n|\n|upkeep\n|\n|t:|1732974657\n|switch|p2a: Rillaboom|Rillaboom, L50, M|100\/100\n|-fieldstart|move: Grassy Terrain|[from] ability: Grassy Surge|[of] p2a: Rillaboom\n|turn|4\n|\n|t:|1732974666\n|move|p1b: \u715c\u7130\u4e01\u771f|Endure|p1b: \u715c\u7130\u4e01\u771f\n|-singleturn|p1b: \u715c\u7130\u4e01\u771f|move: Endure\n|move|p1a: \u610f\u8335\u4e01\u771f|Protect|p1a: \u610f\u8335\u4e01\u771f\n|-singleturn|p1a: \u610f\u8335\u4e01\u771f|Protect\n|move|p2b: Dragonite|Haze|p2b: Dragonite\n|-clearallboost\n|move|p2a: Rillaboom|Wood Hammer|p1a: \u610f\u8335\u4e01\u771f\n|-activate|p1a: \u610f\u8335\u4e01\u771f|move: Protect\n|\n|-heal|p2b: Dragonite|93\/100|[from] Grassy Terrain\n|-heal|p1b: \u715c\u7130\u4e01\u771f|7\/100|[from] Grassy Terrain\n|upkeep\n|turn|5\n|j| belatrixtwix\n|\n|t:|1732974685\n|move|p2b: Dragonite|Extreme Speed|p1b: \u715c\u7130\u4e01\u771f\n|-damage|p1b: \u715c\u7130\u4e01\u771f|0 fnt\n|faint|p1b: \u715c\u7130\u4e01\u771f\n|move|p1a: \u610f\u8335\u4e01\u771f|Follow Me|p1a: \u610f\u8335\u4e01\u771f\n|-singleturn|p1a: \u610f\u8335\u4e01\u771f|move: Follow Me\n|move|p2a: Rillaboom|Wood Hammer|p1a: \u610f\u8335\u4e01\u771f\n|-damage|p1a: \u610f\u8335\u4e01\u771f|17\/100\n|-damage|p2a: Rillaboom|75\/100|[from] Recoil\n|\n|-heal|p2b: Dragonite|99\/100|[from] Grassy Terrain\n|-heal|p2a: Rillaboom|82\/100|[from] Grassy Terrain\n|-heal|p1a: \u610f\u8335\u4e01\u771f|24\/100|[from] Grassy Terrain\n|upkeep\n|\n|t:|1732974689\n|switch|p1b: \u5996\u97f3\u4e01\u771f|Sylveon, L50, F, shiny|100\/100\n|turn|6\n|\n|t:|1732974700\n|-terastallize|p1a: \u610f\u8335\u4e01\u771f|Dragon\n|move|p2b: Dragonite|Extreme Speed|p1a: \u610f\u8335\u4e01\u771f\n|-damage|p1a: \u610f\u8335\u4e01\u771f|0 fnt\n|faint|p1a: \u610f\u8335\u4e01\u771f\n|move|p2a: Rillaboom|Wood Hammer|p1b: \u5996\u97f3\u4e01\u771f\n|-damage|p1b: \u5996\u97f3\u4e01\u771f|17\/100\n|-damage|p2a: Rillaboom|56\/100|[from] Recoil\n|move|p1b: \u5996\u97f3\u4e01\u771f|Hyper Voice|p2a: Rillaboom|[spread] p2a,p2b\n|-damage|p2a: Rillaboom|28\/100\n|-damage|p2b: Dragonite|57\/100\n|\n|-heal|p2b: Dragonite|63\/100|[from] Grassy Terrain\n|-heal|p2a: Rillaboom|34\/100|[from] Grassy Terrain\n|-heal|p1b: \u5996\u97f3\u4e01\u771f|23\/100|[from] Grassy Terrain\n|upkeep\n|turn|7\n|-message|shuijun1\u82cd\u708e\u5203\u9b3c\u4fa0 forfeited.\n|\n|win|pokequimico\n|raw|shuijun1\u82cd\u708e\u5203\u9b3c\u4fa0's rating: 1760 &rarr; <strong>1738<\/strong><br \/>(-22 for losing)\n|raw|pokequimico's rating: 1731 &rarr; <strong>1753<\/strong><br \/>(+22 for winning)\n|l|\u2606shuijun1\u82cd\u708e\u5203\u9b3c\u4fa0\n|player|p1|\n|l| belatrixtwix\n|l|\u2606pokequimico\n|player|p2|\n","uploadtime":1732974944,"views":17,"formatid":"gen9vgc2024regh","rating":1738,"private":0,"password":null}