{"id":"gen9vgc2024regh-2253613825","format":"[Gen 9] VGC 2024 Reg H","players":["anton19","Nerd159"],"log":"|j|\u2606anton19\n|j|\u2606Nerd159\n|t:|1732914966\n|gametype|doubles\n|player|p1|anton19|170|1690\n|player|p2|Nerd159|265|1685\n|teamsize|p1|6\n|teamsize|p2|6\n|gen|9\n|tier|[Gen 9] VGC 2024 Reg H\n|rated|\n|rule|Species Clause: Limit one of each Pok\u00e9mon\n|rule|Item Clause: Limit 1 of each item\n|clearpoke\n|poke|p1|Electabuzz, L50, F|\n|poke|p1|Kingambit, L50, M|\n|poke|p1|Sneasler, L50, M|\n|poke|p1|Rillaboom, L50, F|\n|poke|p1|Primarina, L50, M|\n|poke|p1|Dragonite, L50, M|\n|poke|p2|Gholdengo, L50|\n|poke|p2|Indeedee, L50, M|\n|poke|p2|Delphox, L50, F|\n|poke|p2|Murkrow, L50, M|\n|poke|p2|Clodsire, L50, F|\n|poke|p2|Decidueye-Hisui, L50, M|\n|teampreview|4\n|inactive|Battle timer is ON: inactive players will automatically lose when time's up. (requested by anton19)\n|\n|t:|1732914993\n|start\n|switch|p1a: Sneasler|Sneasler, L50, M|100\/100\n|switch|p1b: Dragonite|Dragonite, L50, M|100\/100\n|switch|p2a: Gholdengo|Gholdengo, L50|100\/100\n|switch|p2b: Murkrow|Murkrow, L50, M|100\/100\n|turn|1\n|j| waltermelon2\n|\n|t:|1732915006\n|move|p1a: Sneasler|Coaching|p1b: Dragonite\n|-boost|p1b: Dragonite|atk|1\n|-boost|p1b: Dragonite|def|1\n|move|p2b: Murkrow|Foul Play|p1b: Dragonite\n|-crit|p1b: Dragonite\n|-damage|p1b: Dragonite|37\/100\n|move|p2a: Gholdengo|Make It Rain|p1a: Sneasler|[spread] p1a,p1b\n|-damage|p1a: Sneasler|3\/100\n|-damage|p1b: Dragonite|0 fnt\n|-unboost|p2a: Gholdengo|spa|1\n|faint|p1b: Dragonite\n|\n|upkeep\n|\n|t:|1732915016\n|switch|p1b: Kingambit|Kingambit, L50, M|100\/100\n|turn|2\n|\n|t:|1732915035\n|switch|p1a: Rillaboom|Rillaboom, L50, F|100\/100\n|-fieldstart|move: Grassy Terrain|[from] ability: Grassy Surge|[of] p1a: Rillaboom\n|switch|p2a: Indeedee|Indeedee, L50, M|100\/100\n|-fieldstart|move: Psychic Terrain|[from] ability: Psychic Surge|[of] p2a: Indeedee\n|move|p2b: Murkrow|Foul Play|p1a: Rillaboom\n|-damage|p1a: Rillaboom|51\/100\n|move|p1b: Kingambit|Kowtow Cleave|p2a: Indeedee\n|-supereffective|p2a: Indeedee\n|-enditem|p2a: Indeedee|Focus Sash\n|-damage|p2a: Indeedee|1\/100\n|\n|upkeep\n|turn|3\n|\n|t:|1732915057\n|switch|p1a: Sneasler|Sneasler, L50, M|3\/100\n|move|p1b: Kingambit|Protect|p1b: Kingambit\n|-singleturn|p1b: Kingambit|Protect\n|move|p2a: Indeedee|Expanding Force|p1b: Kingambit|[spread] p1a\n|-activate|p1b: Kingambit|move: Protect\n|-supereffective|p1a: Sneasler\n|-damage|p1a: Sneasler|0 fnt\n|faint|p1a: Sneasler\n|move|p2b: Murkrow|Foul Play|p1b: Kingambit\n|-activate|p1b: Kingambit|move: Protect\n|\n|upkeep\n|\n|t:|1732915064\n|switch|p1a: Rillaboom|Rillaboom, L50, F|51\/100\n|-fieldstart|move: Grassy Terrain|[from] ability: Grassy Surge|[of] p1a: Rillaboom\n|turn|4\n|j| ventusinvictus\n|\n|t:|1732915073\n|switch|p2a: Gholdengo|Gholdengo, L50|100\/100\n|move|p1a: Rillaboom|Fake Out|p2b: Murkrow\n|-damage|p2b: Murkrow|78\/100\n|cant|p2b: Murkrow|flinch\n|move|p1b: Kingambit|Swords Dance|p1b: Kingambit\n|-boost|p1b: Kingambit|atk|2\n|\n|-heal|p1a: Rillaboom|57\/100|[from] Grassy Terrain\n|upkeep\n|turn|5\n|\n|t:|1732915085\n|switch|p2b: Indeedee|Indeedee, L50, M|1\/100\n|-fieldstart|move: Psychic Terrain|[from] ability: Psychic Surge|[of] p2b: Indeedee\n|-terastallize|p1a: Rillaboom|Fire\n|move|p1b: Kingambit|Protect|p1b: Kingambit\n|-singleturn|p1b: Kingambit|Protect\n|move|p2a: Gholdengo|Make It Rain|p1b: Kingambit|[spread] p1a\n|-activate|p1b: Kingambit|move: Protect\n|-resisted|p1a: Rillaboom\n|-damage|p1a: Rillaboom|31\/100\n|-unboost|p2a: Gholdengo|spa|1\n|move|p1a: Rillaboom|Wood Hammer|p2b: Indeedee\n|-damage|p2b: Indeedee|0 fnt\n|faint|p2b: Indeedee\n|-damage|p1a: Rillaboom|30\/100|[from] Recoil\n|\n|upkeep\n|\n|t:|1732915098\n|switch|p2b: Murkrow|Murkrow, L50, M|78\/100\n|turn|6\n|\n|t:|1732915109\n|move|p2b: Murkrow|Foul Play|p1a: Rillaboom\n|-damage|p1a: Rillaboom|0 fnt\n|faint|p1a: Rillaboom\n|move|p2a: Gholdengo|Make It Rain|p1b: Kingambit\n|-resisted|p1b: Kingambit\n|-damage|p1b: Kingambit|70\/100\n|-unboost|p2a: Gholdengo|spa|1\n|move|p1b: Kingambit|Kowtow Cleave|p2a: Gholdengo\n|-supereffective|p2a: Gholdengo\n|-damage|p2a: Gholdengo|0 fnt\n|faint|p2a: Gholdengo\n|\n|upkeep\n|\n|t:|1732915110\n|switch|p2a: Delphox|Delphox, L50, F|100\/100\n|turn|7\n|\n|t:|1732915115\n|-terastallize|p2a: Delphox|Fighting\n|move|p2a: Delphox|Tera Blast|p1b: Kingambit|[anim] Tera Blast Fighting\n|-supereffective|p1b: Kingambit\n|-damage|p1b: Kingambit|0 fnt\n|faint|p1b: Kingambit\n|-damage|p2a: Delphox|91\/100|[from] item: Life Orb\n|\n|win|Nerd159\n|raw|anton19's rating: 1690 &rarr; <strong>1670<\/strong><br \/>(-20 for losing)\n|raw|Nerd159's rating: 1685 &rarr; <strong>1705<\/strong><br \/>(+20 for winning)\n|l|\u2606anton19\n|player|p1|\n|l| waltermelon2\n|l|\u2606Nerd159\n|player|p2|\n|l| ventusinvictus\n","uploadtime":1732915301,"views":7,"formatid":"gen9vgc2024regh","rating":1670,"private":0,"password":null}