{"id":"gen9vgc2024regh-2253991371","format":"[Gen 9] VGC 2024 Reg H","players":["shuijun1\u82cd\u708e\u5203\u9b3c\u4fa0","juacox300"],"log":"|j|\u2606shuijun1\u82cd\u708e\u5203\u9b3c\u4fa0\n|j|\u2606juacox300\n|t:|1732976790\n|gametype|doubles\n|player|p1|shuijun1\u82cd\u708e\u5203\u9b3c\u4fa0|iono|1713\n|player|p2|juacox300|unknown|1757\n|teamsize|p1|6\n|teamsize|p2|6\n|gen|9\n|tier|[Gen 9] VGC 2024 Reg H\n|rated|\n|rule|Species Clause: Limit one of each Pok\u00e9mon\n|rule|Item Clause: Limit 1 of each item\n|clearpoke\n|poke|p1|Armarouge, L50, F|\n|poke|p1|Indeedee-F, L50, F|\n|poke|p1|Torkoal, L50, F|\n|poke|p1|Sylveon, L50, F|\n|poke|p1|Sneasler, L50, F|\n|poke|p1|Dragonite, L50, F|\n|poke|p2|Murkrow, L50, M|\n|poke|p2|Ursaluna, L50, F|\n|poke|p2|Sneasler, L50, M|\n|poke|p2|Indeedee, L50, M|\n|poke|p2|Archaludon, L50, M|\n|poke|p2|Incineroar, L50, M|\n|teampreview|4\n|j| 35 eldegosses\n|\n|t:|1732976812\n|start\n|switch|p1a: \u5996\u97f3\u4e01\u771f|Sylveon, L50, F, shiny|100\/100\n|switch|p1b: \u715c\u7130\u4e01\u771f|Armarouge, L50, F|100\/100\n|switch|p2a: Alfred|Indeedee, L50, M, shiny|100\/100\n|switch|p2b: Incineroar|Incineroar, L50, M|100\/100\n|-fieldstart|move: Psychic Terrain|[from] ability: Psychic Surge|[of] p2a: Alfred\n|-ability|p2b: Incineroar|Intimidate|boost\n|-unboost|p1a: \u5996\u97f3\u4e01\u771f|atk|1\n|-unboost|p1b: \u715c\u7130\u4e01\u771f|atk|1\n|turn|1\n|\n|t:|1732976831\n|move|p2a: Alfred|Trick|p1b: \u715c\u7130\u4e01\u771f\n|-activate|p2a: Alfred|move: Trick|[of] p1b: \u715c\u7130\u4e01\u771f\n|-item|p1b: \u715c\u7130\u4e01\u771f|Choice Scarf|[from] move: Trick\n|-item|p2a: Alfred|Weakness Policy|[from] move: Trick\n|move|p1b: \u715c\u7130\u4e01\u771f|Aura Sphere|p2b: Incineroar\n|-supereffective|p2b: Incineroar\n|-damage|p2b: Incineroar|69\/100\n|move|p2b: Incineroar|Snarl|p1b: \u715c\u7130\u4e01\u771f|[spread] p1a,p1b\n|-resisted|p1a: \u5996\u97f3\u4e01\u771f\n|-supereffective|p1b: \u715c\u7130\u4e01\u771f\n|-damage|p1a: \u5996\u97f3\u4e01\u771f|97\/100\n|-damage|p1b: \u715c\u7130\u4e01\u771f|78\/100\n|-unboost|p1b: \u715c\u7130\u4e01\u771f|spa|1\n|move|p1a: \u5996\u97f3\u4e01\u771f|Hyper Voice|p2b: Incineroar|[spread] p2a,p2b\n|-damage|p2a: Alfred|47\/100\n|-damage|p2b: Incineroar|45\/100\n|\n|upkeep\n|turn|2\n|\n|t:|1732976849\n|-terastallize|p2b: Incineroar|Ghost\n|move|p1b: \u715c\u7130\u4e01\u771f|Aura Sphere|p2a: Alfred\n|-damage|p2a: Alfred|25\/100\n|move|p2a: Alfred|Expanding Force|p1a: \u5996\u97f3\u4e01\u771f|[spread] p1a,p1b\n|-resisted|p1b: \u715c\u7130\u4e01\u771f\n|-damage|p1a: \u5996\u97f3\u4e01\u771f|55\/100\n|-damage|p1b: \u715c\u7130\u4e01\u771f|45\/100\n|move|p2b: Incineroar|Flare Blitz|p1a: \u5996\u97f3\u4e01\u771f\n|-damage|p1a: \u5996\u97f3\u4e01\u771f|0 fnt\n|faint|p1a: \u5996\u97f3\u4e01\u771f\n|-damage|p2b: Incineroar|28\/100|[from] Recoil\n|\n|upkeep\n|\n|t:|1732976861\n|switch|p1a: \u63f4\u5ca9\u4e01\u771f|Sneasler, L50, F|100\/100\n|-enditem|p1a: \u63f4\u5ca9\u4e01\u771f|Psychic Seed\n|-boost|p1a: \u63f4\u5ca9\u4e01\u771f|spd|1|[from] item: Psychic Seed\n|turn|3\n|\n|t:|1732976884\n|switch|p2a: Murkrow|Murkrow, L50, M|100\/100\n|-terastallize|p1a: \u63f4\u5ca9\u4e01\u771f|Dark\n|move|p1a: \u63f4\u5ca9\u4e01\u771f|Throat Chop|p2b: Incineroar\n|-supereffective|p2b: Incineroar\n|-damage|p2b: Incineroar|0 fnt\n|faint|p2b: Incineroar\n|move|p1b: \u715c\u7130\u4e01\u771f|Aura Sphere|p2a: Murkrow\n|-damage|p2a: Murkrow|84\/100\n|\n|upkeep\n|\n|t:|1732976893\n|switch|p2b: Alfred|Indeedee, L50, M, shiny|25\/100\n|turn|4\n|\n|t:|1732976914\n|switch|p1b: \u63f4\u6e38\u4e01\u771f|Dragonite, L50, F|100\/100\n|move|p2a: Murkrow|Tailwind|p2a: Murkrow\n|-sidestart|p2: juacox300|move: Tailwind\n|move|p1a: \u63f4\u5ca9\u4e01\u771f|Throat Chop|p2b: Alfred\n|-supereffective|p2b: Alfred\n|-damage|p2b: Alfred|0 fnt\n|faint|p2b: Alfred\n|\n|upkeep\n|\n|t:|1732976917\n|switch|p2b: Ursaluna|Ursaluna, L50, F|100\/100\n|turn|5\n|\n|t:|1732976934\n|move|p1a: \u63f4\u5ca9\u4e01\u771f|Protect|p1a: \u63f4\u5ca9\u4e01\u771f\n|-singleturn|p1a: \u63f4\u5ca9\u4e01\u771f|Protect\n|move|p2a: Murkrow|Brave Bird|p1a: \u63f4\u5ca9\u4e01\u771f\n|-activate|p1a: \u63f4\u5ca9\u4e01\u771f|move: Protect\n|move|p2b: Ursaluna|Facade|p1a: \u63f4\u5ca9\u4e01\u771f\n|-activate|p1a: \u63f4\u5ca9\u4e01\u771f|move: Protect\n|move|p1b: \u63f4\u6e38\u4e01\u771f|Scale Shot|p2a: Murkrow\n|-damage|p2a: Murkrow|67\/100\n|-damage|p2a: Murkrow|49\/100\n|-damage|p2a: Murkrow|32\/100\n|-damage|p2a: Murkrow|14\/100\n|-damage|p2a: Murkrow|0 fnt\n|faint|p2a: Murkrow\n|-hitcount|p2: Murkrow|5\n|-unboost|p1b: \u63f4\u6e38\u4e01\u771f|def|1\n|-boost|p1b: \u63f4\u6e38\u4e01\u771f|spe|1\n|\n|-fieldend|move: Psychic Terrain\n|-status|p2b: Ursaluna|brn|[from] item: Flame Orb\n|upkeep\n|turn|6\n|-message|juacox300 forfeited.\n|\n|win|shuijun1\u82cd\u708e\u5203\u9b3c\u4fa0\n|raw|shuijun1\u82cd\u708e\u5203\u9b3c\u4fa0's rating: 1713 &rarr; <strong>1736<\/strong><br \/>(+23 for winning)\n|raw|juacox300's rating: 1757 &rarr; <strong>1734<\/strong><br \/>(-23 for losing)\n|l|\u2606juacox300\n|player|p2|\n|l|\u2606shuijun1\u82cd\u708e\u5203\u9b3c\u4fa0\n|player|p1|\n","uploadtime":1732976943,"views":31,"formatid":"gen9vgc2024regh","rating":1734,"private":0,"password":null}