{"id":"gen9vgc2024regh-2253498714","format":"[Gen 9] VGC 2024 Reg H","players":["bluestraggler01","Djjwjwwjj"],"log":"|j|\u2606bluestraggler01\n|j|\u2606Djjwjwwjj\n|t:|1732900940\n|gametype|doubles\n|player|p1|bluestraggler01|102|1701\n|player|p2|Djjwjwwjj|101|1758\n|teamsize|p1|6\n|teamsize|p2|6\n|gen|9\n|tier|[Gen 9] VGC 2024 Reg H\n|rated|\n|rule|Species Clause: Limit one of each Pok\u00e9mon\n|rule|Item Clause: Limit 1 of each item\n|clearpoke\n|poke|p1|Talonflame, L50, F|\n|poke|p1|Krookodile, L50, M|\n|poke|p1|Archaludon, L50, F|\n|poke|p1|Pelipper, L50, F|\n|poke|p1|Annihilape, L50, M|\n|poke|p1|Brambleghast, L50, M|\n|poke|p2|Palafin, L50, F|\n|poke|p2|Pelipper, L50, F|\n|poke|p2|Electabuzz, L50, F|\n|poke|p2|Rillaboom, L50, M|\n|poke|p2|Incineroar, L50, F|\n|poke|p2|Gholdengo, L50|\n|teampreview|4\n|inactive|Battle timer is ON: inactive players will automatically lose when time's up. (requested by Djjwjwwjj)\n|inactive|bluestraggler01 has 60 seconds left.\n|inactive|Djjwjwwjj has 60 seconds left.\nbluestraggler01 rejected open team sheets.\n|\n|t:|1732900991\n|start\n|switch|p1a: \u773c\u5f71\u4e01\u771f|Krookodile, L50, M|100\/100\n|switch|p1b: \u7ffc\u9e70\u4e01\u771f|Talonflame, L50, F|100\/100\n|switch|p2a: Palafin|Palafin, L50, F|100\/100\n|switch|p2b: Pelipper|Pelipper, L50, F|100\/100\n|-weather|RainDance|[from] ability: Drizzle|[of] p2b: Pelipper\n|-ability|p1a: \u773c\u5f71\u4e01\u771f|Intimidate|boost\n|-unboost|p2a: Palafin|atk|1\n|-unboost|p2b: Pelipper|atk|1\n|turn|1\n|\n|t:|1732901011\n|switch|p1a: \u786c\u6cbf\u4e01\u771f|Archaludon, L50, F|100\/100\n|detailschange|p2a: Palafin|Palafin-Hero, L50, F\n|switch|p2a: Rillaboom|Rillaboom, L50, M|100\/100\n|-fieldstart|move: Grassy Terrain|[from] ability: Grassy Surge|[of] p2a: Rillaboom\n|move|p1b: \u7ffc\u9e70\u4e01\u771f|Tailwind|p1b: \u7ffc\u9e70\u4e01\u771f\n|-sidestart|p1: bluestraggler01|move: Tailwind\n|move|p2b: Pelipper|Weather Ball|p1b: \u7ffc\u9e70\u4e01\u771f\n|-supereffective|p1b: \u7ffc\u9e70\u4e01\u771f\n|-enditem|p1b: \u7ffc\u9e70\u4e01\u771f|Focus Sash\n|-damage|p1b: \u7ffc\u9e70\u4e01\u771f|1\/100\n|\n|-weather|RainDance|[upkeep]\n|upkeep\n|turn|2\n|inactive|bluestraggler01 has 30 seconds left.\n|\n|t:|1732901037\n|switch|p2b: Electabuzz|Electabuzz, L50, F|100\/100\n|move|p1b: \u7ffc\u9e70\u4e01\u771f|Quick Guard|p1b: \u7ffc\u9e70\u4e01\u771f\n|-singleturn|p1b: \u7ffc\u9e70\u4e01\u771f|Quick Guard\n|move|p1a: \u786c\u6cbf\u4e01\u771f|Electro Shot||[still]\n|-prepare|p1a: \u786c\u6cbf\u4e01\u771f|Electro Shot\n|-boost|p1a: \u786c\u6cbf\u4e01\u771f|spa|1\n|-anim|p1a: \u786c\u6cbf\u4e01\u771f|Electro Shot|p2b: Electabuzz\n|-resisted|p2b: Electabuzz\n|-damage|p2b: Electabuzz|77\/100\n|move|p2a: Rillaboom|High Horsepower|p1a: \u786c\u6cbf\u4e01\u771f\n|-supereffective|p1a: \u786c\u6cbf\u4e01\u771f\n|-damage|p1a: \u786c\u6cbf\u4e01\u771f|49\/100\n|-ability|p1a: \u786c\u6cbf\u4e01\u771f|Stamina|boost\n|-boost|p1a: \u786c\u6cbf\u4e01\u771f|def|1\n|\n|-weather|RainDance|[upkeep]\n|-heal|p1a: \u786c\u6cbf\u4e01\u771f|55\/100|[from] Grassy Terrain\n|-heal|p2b: Electabuzz|82\/100|[from] Grassy Terrain\n|upkeep\n|turn|3\n|inactive|Djjwjwwjj has 30 seconds left.\n|inactive|Djjwjwwjj has 20 seconds left.\n|\n|t:|1732901074\n|switch|p1b: \u773c\u5f71\u4e01\u771f|Krookodile, L50, M|100\/100\n|-ability|p1b: \u773c\u5f71\u4e01\u771f|Intimidate|boost\n|-unboost|p2a: Rillaboom|atk|1\n|-unboost|p2b: Electabuzz|atk|1\n|move|p2b: Electabuzz|Feint|p1b: \u773c\u5f71\u4e01\u771f\n|-damage|p1b: \u773c\u5f71\u4e01\u771f|95\/100\n|move|p1a: \u786c\u6cbf\u4e01\u771f|Electro Shot||[still]\n|-prepare|p1a: \u786c\u6cbf\u4e01\u771f|Electro Shot\n|-boost|p1a: \u786c\u6cbf\u4e01\u771f|spa|1\n|-anim|p1a: \u786c\u6cbf\u4e01\u771f|Electro Shot|p2b: Electabuzz\n|-resisted|p2b: Electabuzz\n|-damage|p2b: Electabuzz|48\/100\n|move|p2a: Rillaboom|High Horsepower|p1a: \u786c\u6cbf\u4e01\u771f\n|-supereffective|p1a: \u786c\u6cbf\u4e01\u771f\n|-damage|p1a: \u786c\u6cbf\u4e01\u771f|30\/100\n|-ability|p1a: \u786c\u6cbf\u4e01\u771f|Stamina|boost\n|-boost|p1a: \u786c\u6cbf\u4e01\u771f|def|1\n|\n|-weather|RainDance|[upkeep]\n|-heal|p1b: \u773c\u5f71\u4e01\u771f|100\/100|[from] Grassy Terrain\n|-heal|p1a: \u786c\u6cbf\u4e01\u771f|37\/100|[from] Grassy Terrain\n|-heal|p2b: Electabuzz|54\/100|[from] Grassy Terrain\n|upkeep\n|turn|4\n|j| aemfqd\n|inactive|Djjwjwwjj has 30 seconds left.\n|\n|t:|1732901099\n|move|p2b: Electabuzz|Protect|p2b: Electabuzz\n|-singleturn|p2b: Electabuzz|Protect\n|move|p1b: \u773c\u5f71\u4e01\u771f|Gunk Shot|p2a: Rillaboom\n|-supereffective|p2a: Rillaboom\n|-damage|p2a: Rillaboom|0 fnt\n|faint|p2a: Rillaboom\n|move|p1a: \u786c\u6cbf\u4e01\u771f|Draco Meteor|p2b: Electabuzz\n|-activate|p2b: Electabuzz|move: Protect\n|\n|-weather|RainDance|[upkeep]\n|-heal|p1a: \u786c\u6cbf\u4e01\u771f|43\/100|[from] Grassy Terrain\n|-heal|p2b: Electabuzz|60\/100|[from] Grassy Terrain\n|-sideend|p1: bluestraggler01|move: Tailwind\n|upkeep\n|\n|t:|1732901117\n|switch|p2a: Palafin|Palafin-Hero, L50, F|100\/100\n|-activate|p2a: Palafin|ability: Zero to Hero\n|turn|5\n|\n|t:|1732901129\n|-terastallize|p2a: Palafin|Fighting\n|move|p2b: Electabuzz|Follow Me|p2b: Electabuzz\n|-singleturn|p2b: Electabuzz|move: Follow Me\n|move|p1b: \u773c\u5f71\u4e01\u771f|Gunk Shot|p2b: Electabuzz|[miss]\n|-miss|p1b: \u773c\u5f71\u4e01\u771f|p2b: Electabuzz\n|move|p2a: Palafin|Close Combat|p1a: \u786c\u6cbf\u4e01\u771f\n|-supereffective|p1a: \u786c\u6cbf\u4e01\u771f\n|-damage|p1a: \u786c\u6cbf\u4e01\u771f|0 fnt\n|-unboost|p2a: Palafin|def|1\n|-unboost|p2a: Palafin|spd|1\n|faint|p1a: \u786c\u6cbf\u4e01\u771f\n|\n|-weather|none\n|-heal|p2b: Electabuzz|66\/100|[from] Grassy Terrain\n|-fieldend|move: Grassy Terrain\n|upkeep\n|\n|t:|1732901146\n|switch|p1a: \u7ffc\u9e70\u4e01\u771f|Talonflame, L50, F|1\/100\n|turn|6\n|\n|t:|1732901159\n|switch|p1b: \u96e8\u4e91\u4e01\u771f|Pelipper, L50, F|100\/100\n|-weather|RainDance|[from] ability: Drizzle|[of] p1b: \u96e8\u4e91\u4e01\u771f\n|switch|p2a: Pelipper|Pelipper, L50, F|100\/100\n|move|p2b: Electabuzz|Feint|p1a: \u7ffc\u9e70\u4e01\u771f\n|-damage|p1a: \u7ffc\u9e70\u4e01\u771f|0 fnt\n|faint|p1a: \u7ffc\u9e70\u4e01\u771f\n|\n|-weather|RainDance|[upkeep]\n|upkeep\n|\n|t:|1732901168\n|switch|p1a: \u773c\u5f71\u4e01\u771f|Krookodile, L50, M|100\/100\n|-ability|p1a: \u773c\u5f71\u4e01\u771f|Intimidate|boost\n|-unboost|p2a: Pelipper|atk|1\n|-unboost|p2b: Electabuzz|atk|1\n|turn|7\n|\n|t:|1732901183\n|move|p2a: Pelipper|Weather Ball|p1a: \u773c\u5f71\u4e01\u771f\n|-supereffective|p1a: \u773c\u5f71\u4e01\u771f\n|-damage|p1a: \u773c\u5f71\u4e01\u771f|0 fnt\n|faint|p1a: \u773c\u5f71\u4e01\u771f\n|move|p2b: Electabuzz|Electroweb|p1b: \u96e8\u4e91\u4e01\u771f\n|-supereffective|p1b: \u96e8\u4e91\u4e01\u771f\n|-damage|p1b: \u96e8\u4e91\u4e01\u771f|0 fnt\n|faint|p1b: \u96e8\u4e91\u4e01\u771f\n|\n|win|Djjwjwwjj\n|raw|bluestraggler01's rating: 1701 &rarr; <strong>1684<\/strong><br \/>(-17 for losing)\n|raw|Djjwjwwjj's rating: 1758 &rarr; <strong>1775<\/strong><br \/>(+17 for winning)\n|l|\u2606bluestraggler01\n|player|p1|\n|l|\u2606Djjwjwwjj\n|player|p2|\n|l| aemfqd\n","uploadtime":1732901445,"views":24,"formatid":"gen9vgc2024regh","rating":1684,"private":0,"password":null}