{"id":"gen9vgc2024regh-2253981876","format":"[Gen 9] VGC 2024 Reg H","players":["la bella de easo","CarryTheBoats"],"log":"|j|\u2606la bella de easo\n|j|\u2606CarryTheBoats\n|t:|1732975326\n|gametype|doubles\n|player|p1|la bella de easo|170|1671\n|player|p2|CarryTheBoats|crasherwake|1787\n|teamsize|p1|6\n|teamsize|p2|6\n|gen|9\n|tier|[Gen 9] VGC 2024 Reg H\n|rated|\n|rule|Species Clause: Limit one of each Pok\u00e9mon\n|rule|Item Clause: Limit 1 of each item\n|clearpoke\n|poke|p1|Pelipper, L50, M|\n|poke|p1|Archaludon, L50, M|\n|poke|p1|Incineroar, L50, M|\n|poke|p1|Amoonguss, L50, M|\n|poke|p1|Basculegion, L50, M|\n|poke|p1|Dragonite, L50, M|\n|poke|p2|Archaludon, L50, M|\n|poke|p2|Pelipper, L50, F|\n|poke|p2|Amoonguss, L50, M|\n|poke|p2|Incineroar, L50, M|\n|poke|p2|Basculegion, L50, M|\n|poke|p2|Dragonite, L50, F|\n|teampreview|4\n|\n|t:|1732975374\n|start\n|switch|p1a: Archaludon|Archaludon, L50, M, shiny|100\/100\n|switch|p1b: Dragonite|Dragonite, L50, M|100\/100\n|switch|p2a: Archaludon|Archaludon, L50, M, shiny|100\/100\n|switch|p2b: Amoonguss|Amoonguss, L50, M|100\/100\n|turn|1\n|inactive|Battle timer is ON: inactive players will automatically lose when time's up. (requested by la bella de easo)\n|inactive|la bella de easo has 60 seconds left.\n|\n|t:|1732975408\n|-terastallize|p2a: Archaludon|Bug\n|-terastallize|p1a: Archaludon|Grass\n|move|p2b: Amoonguss|Rage Powder|p2b: Amoonguss\n|-singleturn|p2b: Amoonguss|move: Rage Powder\n|move|p1b: Dragonite|Scale Shot|p2b: Amoonguss\n|-damage|p2b: Amoonguss|89\/100\n|-damage|p2b: Amoonguss|78\/100\n|-damage|p2b: Amoonguss|67\/100\n|-damage|p2b: Amoonguss|56\/100\n|-damage|p2b: Amoonguss|45\/100\n|-enditem|p2b: Amoonguss|Sitrus Berry|[eat]\n|-heal|p2b: Amoonguss|70\/100|[from] item: Sitrus Berry\n|-hitcount|p2b: Amoonguss|5\n|-unboost|p1b: Dragonite|def|1\n|-boost|p1b: Dragonite|spe|1\n|move|p2a: Archaludon|Dragon Pulse|p1b: Dragonite\n|-supereffective|p1b: Dragonite\n|-damage|p1b: Dragonite|59\/100\n|move|p1a: Archaludon|Body Press|p2a: Archaludon\n|-resisted|p2a: Archaludon\n|-damage|p2a: Archaludon|92\/100\n|-ability|p2a: Archaludon|Stamina|boost\n|-boost|p2a: Archaludon|def|1\n|\n|upkeep\n|turn|2\n|inactive|la bella de easo has 30 seconds left.\n|inactive|la bella de easo has 20 seconds left.\n|inactive|la bella de easo has 15 seconds left.\n|\n|t:|1732975449\n|switch|p1b: Amoonguss|Amoonguss, L50, M|100\/100\n|move|p2b: Amoonguss|Rage Powder|p2b: Amoonguss\n|-singleturn|p2b: Amoonguss|move: Rage Powder\n|move|p2a: Archaludon|Dragon Pulse|p1b: Amoonguss\n|-damage|p1b: Amoonguss|64\/100\n|move|p1a: Archaludon|Dragon Pulse|p2b: Amoonguss\n|-damage|p2b: Amoonguss|31\/100\n|\n|upkeep\n|turn|3\n|inactive|la bella de easo has 30 seconds left.\n|inactive|CarryTheBoats has 30 seconds left.\n|inactive|CarryTheBoats has 20 seconds left.\n|inactive|CarryTheBoats has 15 seconds left.\n|\n|t:|1732975492\n|move|p2a: Archaludon|Dragon Pulse|p1b: Amoonguss\n|-damage|p1b: Amoonguss|28\/100\n|-enditem|p1b: Amoonguss|Sitrus Berry|[eat]\n|-heal|p1b: Amoonguss|53\/100|[from] item: Sitrus Berry\n|move|p1a: Archaludon|Dragon Pulse|p2b: Amoonguss\n|-damage|p2b: Amoonguss|0 fnt\n|faint|p2b: Amoonguss\n|move|p1b: Amoonguss|Spore|p2a: Archaludon\n|-status|p2a: Archaludon|slp|[from] move: Spore\n|\n|upkeep\n|\n|t:|1732975498\n|switch|p2b: Dragonite|Dragonite, L50, F|100\/100\n|turn|4\n|\n|t:|1732975519\n|move|p2b: Dragonite|Protect|p2b: Dragonite\n|-singleturn|p2b: Dragonite|Protect\n|cant|p2a: Archaludon|slp\n|move|p1a: Archaludon|Dragon Pulse|p2b: Dragonite\n|-activate|p2b: Dragonite|move: Protect\n|move|p1b: Amoonguss|Spore|p2b: Dragonite\n|-activate|p2b: Dragonite|move: Protect\n|\n|upkeep\n|turn|5\n|\n|t:|1732975532\n|move|p1b: Amoonguss|Rage Powder|p1b: Amoonguss\n|-singleturn|p1b: Amoonguss|move: Rage Powder\n|move|p2b: Dragonite|Scale Shot|p1b: Amoonguss\n|-damage|p1b: Amoonguss|41\/100\n|-damage|p1b: Amoonguss|28\/100\n|-damage|p1b: Amoonguss|17\/100\n|-damage|p1b: Amoonguss|6\/100\n|-damage|p1b: Amoonguss|0 fnt\n|faint|p1b: Amoonguss\n|-hitcount|p1: Amoonguss|5\n|-unboost|p2b: Dragonite|def|1\n|-boost|p2b: Dragonite|spe|1\n|cant|p2a: Archaludon|slp\n|move|p1a: Archaludon|Dragon Pulse|p2b: Dragonite\n|-supereffective|p2b: Dragonite\n|-damage|p2b: Dragonite|55\/100\n|\n|upkeep\n|inactive|la bella de easo has 30 seconds left.\n|\n|t:|1732975558\n|switch|p1b: Incineroar|Incineroar, L50, M, shiny|100\/100\n|-ability|p1b: Incineroar|Intimidate|boost\n|-unboost|p2a: Archaludon|atk|1\n|-unboost|p2b: Dragonite|atk|1\n|turn|6\n|\n|t:|1732975574\n|move|p2b: Dragonite|Scale Shot|p2a: Archaludon\n|-damage|p2a: Archaludon|87\/100 slp\n|-ability|p2a: Archaludon|Stamina|boost\n|-boost|p2a: Archaludon|def|1\n|-damage|p2a: Archaludon|83\/100 slp\n|-ability|p2a: Archaludon|Stamina|boost\n|-boost|p2a: Archaludon|def|1\n|-crit|p2a: Archaludon\n|-damage|p2a: Archaludon|70\/100 slp\n|-ability|p2a: Archaludon|Stamina|boost\n|-boost|p2a: Archaludon|def|1\n|-damage|p2a: Archaludon|66\/100 slp\n|-ability|p2a: Archaludon|Stamina|boost\n|-boost|p2a: Archaludon|def|1\n|-damage|p2a: Archaludon|64\/100 slp\n|-ability|p2a: Archaludon|Stamina|boost\n|-boost|p2a: Archaludon|def|1\n|-hitcount|p2a: Archaludon|5\n|-unboost|p2b: Dragonite|def|1\n|-boost|p2b: Dragonite|spe|1\n|cant|p2a: Archaludon|slp\n|move|p1a: Archaludon|Dragon Pulse|p2a: Archaludon\n|-damage|p2a: Archaludon|33\/100 slp\n|move|p1b: Incineroar|Knock Off|p2a: Archaludon\n|-damage|p2a: Archaludon|26\/100 slp\n|-enditem|p2a: Archaludon|Assault Vest|[from] move: Knock Off|[of] p1b: Incineroar\n|\n|upkeep\n|turn|7\n|inactive|la bella de easo has 30 seconds left.\n|inactive|CarryTheBoats has 30 seconds left.\n|inactive|CarryTheBoats has 20 seconds left.\n|\n|t:|1732975630\n|switch|p1b: Dragonite|Dragonite, L50, M|59\/100\n|move|p2b: Dragonite|Protect|p2b: Dragonite\n|-singleturn|p2b: Dragonite|Protect\n|-curestatus|p2a: Archaludon|slp|[msg]\n|move|p2a: Archaludon|Body Press|p1b: Dragonite\n|-resisted|p1b: Dragonite\n|-damage|p1b: Dragonite|6\/100\n|move|p1a: Archaludon|Dragon Pulse|p2a: Archaludon\n|-damage|p2a: Archaludon|0 fnt\n|faint|p2a: Archaludon\n|\n|upkeep\n|\n|t:|1732975633\n|switch|p2a: Basculegion|Basculegion, L50, M, shiny|100\/100\n|turn|8\n|inactive|la bella de easo has 30 seconds left.\n|\n|t:|1732975659\n|move|p2b: Dragonite|Protect||[still]\n|-fail|p2b: Dragonite\n|move|p1b: Dragonite|Protect|p1b: Dragonite\n|-singleturn|p1b: Dragonite|Protect\n|move|p2a: Basculegion|Last Respects|p1a: Archaludon\n|-damage|p1a: Archaludon|27\/100\n|-ability|p1a: Archaludon|Stamina|boost\n|-boost|p1a: Archaludon|def|1\n|-damage|p2a: Basculegion|91\/100|[from] item: Life Orb\n|move|p1a: Archaludon|Dragon Pulse|p2b: Dragonite\n|-supereffective|p2b: Dragonite\n|-damage|p2b: Dragonite|0 fnt\n|faint|p2b: Dragonite\n|\n|upkeep\n|turn|9\n|inactive|la bella de easo has 30 seconds left.\n|inactive|la bella de easo has 20 seconds left.\n|\n|t:|1732975697\n|move|p1b: Dragonite|Scale Shot|p2a: Basculegion\n|-damage|p2a: Basculegion|73\/100\n|-damage|p2a: Basculegion|56\/100\n|-damage|p2a: Basculegion|38\/100\n|-damage|p2a: Basculegion|20\/100\n|-damage|p2a: Basculegion|2\/100\n|-hitcount|p2a: Basculegion|5\n|-unboost|p1b: Dragonite|def|1\n|-boost|p1b: Dragonite|spe|1\n|move|p2a: Basculegion|Last Respects|p1a: Archaludon\n|-damage|p1a: Archaludon|0 fnt\n|faint|p1a: Archaludon\n|-damage|p2a: Basculegion|0 fnt|[from] item: Life Orb\n|faint|p2a: Basculegion\n|\n|win|la bella de easo\n|raw|la bella de easo's rating: 1671 &rarr; <strong>1697<\/strong><br \/>(+26 for winning)\n|raw|CarryTheBoats's rating: 1787 &rarr; <strong>1761<\/strong><br \/>(-26 for losing)\n|l|\u2606CarryTheBoats\n|player|p2|\n|l|\u2606la bella de easo\n|player|p1|\n","uploadtime":1732975728,"views":17,"formatid":"gen9vgc2024regh","rating":1697,"private":0,"password":null}