{"id":"gen9vgc2024regh-2253539035","format":"[Gen 9] VGC 2024 Reg H","players":["chin8","Shidow"],"log":"|j|\u2606chin8\n|j|\u2606Shidow\n|t:|1732905783\n|gametype|doubles\n|player|p1|chin8|gentleman-gen4dp|1751\n|player|p2|Shidow|1|1665\n|teamsize|p1|6\n|teamsize|p2|6\n|gen|9\n|tier|[Gen 9] VGC 2024 Reg H\n|rated|\n|rule|Species Clause: Limit one of each Pok\u00e9mon\n|rule|Item Clause: Limit 1 of each item\n|clearpoke\n|poke|p1|Baxcalibur, L50, F|\n|poke|p1|Kilowattrel, L50, M|\n|poke|p1|Granbull, L50, F|\n|poke|p1|Gardevoir, L50, M|\n|poke|p1|Magmortar, L50, M|\n|poke|p1|Gholdengo, L50|\n|poke|p2|Torkoal, L50, F|\n|poke|p2|Annihilape, L50, F|\n|poke|p2|Maushold, L50|\n|poke|p2|Weezing-Galar, L50, F|\n|poke|p2|Ursaluna-Bloodmoon, L50, M|\n|poke|p2|Farigiraf, L50, F|\n|teampreview|4\n|j| la bella de easo\n|inactive|Battle timer is ON: inactive players will automatically lose when time's up. (requested by chin8)\n|\n|t:|1732905807\n|start\n|switch|p1a: Magmortar|Magmortar, L50, M|100\/100\n|switch|p1b: Gholdengo|Gholdengo, L50|100\/100\n|switch|p2a: Farigiraf|Farigiraf, L50, F|100\/100\n|switch|p2b: Maushold|Maushold, L50|100\/100\n|turn|1\n|inactive|chin8 has 30 seconds left.\n|inactive|Shidow has 30 seconds left.\n|\n|t:|1732905836\n|-terastallize|p2a: Farigiraf|Water\n|move|p2b: Maushold|Fake Tears|p1a: Magmortar\n|-unboost|p1a: Magmortar|spd|2\n|move|p1b: Gholdengo|Nasty Plot|p1b: Gholdengo\n|-boost|p1b: Gholdengo|spa|2\n|move|p1a: Magmortar|Taunt|p2a: Farigiraf\n|-start|p2a: Farigiraf|move: Taunt\n|move|p2a: Farigiraf|Hyper Voice|p1a: Magmortar|[spread] p1a\n|-immune|p1b: Gholdengo\n|-damage|p1a: Magmortar|47\/100\n|-enditem|p1a: Magmortar|Sitrus Berry|[eat]\n|-heal|p1a: Magmortar|72\/100|[from] item: Sitrus Berry\n|-enditem|p2a: Farigiraf|Throat Spray\n|-boost|p2a: Farigiraf|spa|1|[from] item: Throat Spray\n|\n|upkeep\n|turn|2\n|inactive|Shidow has 30 seconds left.\n|inactive|Shidow has 20 seconds left.\n|\n|t:|1732905875\n|move|p2b: Maushold|Tera Blast|p1a: Magmortar\n|-damage|p1a: Magmortar|12\/100\n|move|p1b: Gholdengo|Make It Rain|p2a: Farigiraf|[spread] p2a,p2b\n|-resisted|p2a: Farigiraf\n|-damage|p2a: Farigiraf|67\/100\n|-enditem|p2b: Maushold|Focus Sash\n|-damage|p2b: Maushold|1\/100\n|-unboost|p1b: Gholdengo|spa|1\n|move|p1a: Magmortar|Heat Wave|p2b: Maushold|[spread] p2a,p2b\n|-resisted|p2a: Farigiraf\n|-damage|p2a: Farigiraf|57\/100\n|-damage|p2b: Maushold|0 fnt\n|faint|p2b: Maushold\n|move|p2a: Farigiraf|Shadow Ball|p1b: Gholdengo\n|-supereffective|p1b: Gholdengo\n|-damage|p1b: Gholdengo|36\/100\n|\n|-heal|p1b: Gholdengo|42\/100|[from] item: Leftovers\n|upkeep\n|\n|t:|1732905893\n|switch|p2b: Ursaluna|Ursaluna-Bloodmoon, L50, M|100\/100\n|turn|3\n|inactive|Shidow has 30 seconds left.\n|j| CXCJNTM\n|inactive|Shidow has 20 seconds left.\n|inactive|Shidow has 15 seconds left.\n|inactive|Shidow has 10 seconds left.\n|\n|t:|1732905941\n|move|p1a: Magmortar|Follow Me|p1a: Magmortar\n|-singleturn|p1a: Magmortar|move: Follow Me\n|move|p2b: Ursaluna|Vacuum Wave|p1a: Magmortar\n|-damage|p1a: Magmortar|0 fnt\n|faint|p1a: Magmortar\n|move|p1b: Gholdengo|Make It Rain|p2a: Farigiraf|[spread] p2a,p2b\n|-resisted|p2a: Farigiraf\n|-damage|p2a: Farigiraf|24\/100\n|-damage|p2b: Ursaluna|50\/100\n|-unboost|p1b: Gholdengo|spa|1\n|move|p2a: Farigiraf|Hyper Voice|p1b: Gholdengo\n|-immune|p1b: Gholdengo\n|\n|-heal|p1b: Gholdengo|48\/100|[from] item: Leftovers\n|-end|p2a: Farigiraf|move: Taunt\n|upkeep\n|l| la bella de easo\n|j| la bella de easo\n|\n|t:|1732905965\n|switch|p1a: Kilowattrel|Kilowattrel, L50, M|100\/100\n|turn|4\n|\n|t:|1732905978\n|move|p2a: Farigiraf|Protect|p2a: Farigiraf\n|-singleturn|p2a: Farigiraf|Protect\n|move|p1a: Kilowattrel|Thunderbolt|p2a: Farigiraf\n|-activate|p2a: Farigiraf|move: Protect\n|move|p1b: Gholdengo|Make It Rain|p2a: Farigiraf|[spread] p2b\n|-activate|p2a: Farigiraf|move: Protect\n|-damage|p2b: Ursaluna|13\/100\n|-unboost|p1b: Gholdengo|spa|1\n|move|p2b: Ursaluna|Blood Moon|p1a: Kilowattrel\n|-enditem|p1a: Kilowattrel|Focus Sash\n|-damage|p1a: Kilowattrel|1\/100\n|\n|-heal|p1b: Gholdengo|54\/100|[from] item: Leftovers\n|upkeep\n|turn|5\n|\n|t:|1732906000\n|move|p1a: Kilowattrel|Protect|p1a: Kilowattrel\n|-singleturn|p1a: Kilowattrel|Protect\n|move|p2b: Ursaluna|Vacuum Wave|p1a: Kilowattrel\n|-activate|p1a: Kilowattrel|move: Protect\n|move|p1b: Gholdengo|Nasty Plot|p1b: Gholdengo\n|-boost|p1b: Gholdengo|spa|2\n|move|p2a: Farigiraf|Trick Room|p2a: Farigiraf\n|-fieldstart|move: Trick Room|[of] p2a: Farigiraf\n|\n|-heal|p1b: Gholdengo|60\/100|[from] item: Leftovers\n|upkeep\n|turn|6\n|\n|t:|1732906018\n|move|p1b: Gholdengo|Protect|p1b: Gholdengo\n|-singleturn|p1b: Gholdengo|Protect\n|move|p2b: Ursaluna|Earth Power|p1b: Gholdengo\n|-activate|p1b: Gholdengo|move: Protect\n|move|p2a: Farigiraf|Hyper Voice|p1b: Gholdengo|[spread] p1a\n|-activate|p1b: Gholdengo|move: Protect\n|-damage|p1a: Kilowattrel|0 fnt\n|faint|p1a: Kilowattrel\n|\n|-heal|p1b: Gholdengo|66\/100|[from] item: Leftovers\n|upkeep\n|\n|t:|1732906020\n|switch|p1a: Baxcalibur|Baxcalibur, L50, F|100\/100\n|turn|7\n|inactive|Shidow has 30 seconds left.\n|\n|t:|1732906050\n|move|p1b: Gholdengo|Protect||[still]\n|-fail|p1b: Gholdengo\n|move|p2b: Ursaluna|Earth Power|p1b: Gholdengo\n|-supereffective|p1b: Gholdengo\n|-damage|p1b: Gholdengo|0 fnt\n|faint|p1b: Gholdengo\n|move|p2a: Farigiraf|Shadow Ball|p1a: Baxcalibur\n|-damage|p1a: Baxcalibur|82\/100\n|-unboost|p1a: Baxcalibur|spd|1\n|move|p1a: Baxcalibur|Earthquake|p2b: Ursaluna|[spread] p2a,p2b\n|-damage|p2a: Farigiraf|0 fnt\n|-damage|p2b: Ursaluna|0 fnt\n|faint|p2a: Farigiraf\n|faint|p2b: Ursaluna\n|\n|upkeep\n|\n|t:|1732906063\n|switch|p2b: Torkoal|Torkoal, L50, F|100\/100\n|-weather|SunnyDay|[from] ability: Drought|[of] p2b: Torkoal\n|turn|8\n|\n|t:|1732906068\n|-terastallize|p1a: Baxcalibur|Ground\n|move|p2b: Torkoal|Eruption|p1a: Baxcalibur\n|-damage|p1a: Baxcalibur|0 fnt\n|faint|p1a: Baxcalibur\n|\n|win|Shidow\n|raw|chin8's rating: 1751 &rarr; <strong>1726<\/strong><br \/>(-25 for losing)\n|raw|Shidow's rating: 1665 &rarr; <strong>1690<\/strong><br \/>(+25 for winning)\n|l|\u2606chin8\n|player|p1|\n|l| CXCJNTM\n|l|\u2606Shidow\n|player|p2|\n|j|\u2606Shidow\n|player|p2|Shidow|1|\n|l|\u2606Shidow\n|player|p2|\n|j|\u2606Shidow\n|player|p2|Shidow|1|\n|l|\u2606Shidow\n|player|p2|\n|l| la bella de easo\n","uploadtime":1732906078,"views":19,"formatid":"gen9vgc2024regh","rating":1690,"private":0,"password":null}