{"id":"gen9vgc2024regh-2253681120","format":"[Gen 9] VGC 2024 Reg H","players":["Djjwjwwjj","BassoTara2"],"log":"|j|\u2606Djjwjwwjj\n|j|\u2606BassoTara2\n|t:|1732923489\n|gametype|doubles\n|player|p1|Djjwjwwjj|266|1741\n|player|p2|BassoTara2|psychic-gen4|1754\n|teamsize|p1|6\n|teamsize|p2|6\n|gen|9\n|tier|[Gen 9] VGC 2024 Reg H\n|rated|\n|rule|Species Clause: Limit one of each Pok\u00e9mon\n|rule|Item Clause: Limit 1 of each item\n|clearpoke\n|poke|p1|Palafin, L50, F|\n|poke|p1|Pelipper, L50, M|\n|poke|p1|Electabuzz, L50, M|\n|poke|p1|Rillaboom, L50, M|\n|poke|p1|Incineroar, L50, F|\n|poke|p1|Gholdengo, L50|\n|poke|p2|Indeedee-F, L50, F|\n|poke|p2|Hatterene, L50, F|\n|poke|p2|Torkoal, L50, M|\n|poke|p2|Ursaluna, L50, M|\n|poke|p2|Gallade, L50, M|\n|poke|p2|Maushold-Four, L50|\n|teampreview|4\n|inactive|Battle timer is ON: inactive players will automatically lose when time's up. (requested by Djjwjwwjj)\n|\n|t:|1732923509\n|start\n|switch|p1a: Gholdengo|Gholdengo, L50|100\/100\n|switch|p1b: Incineroar|Incineroar, L50, F|100\/100\n|switch|p2a: Indeedee|Indeedee-F, L50, F|100\/100\n|switch|p2b: Gallade|Gallade, L50, M, shiny|100\/100\n|-ability|p1b: Incineroar|Intimidate|boost\n|-unboost|p2a: Indeedee|atk|1\n|-fail|p2b: Gallade|unboost|[from] item: Clear Amulet|[of] p2b: Gallade\n|-fieldstart|move: Psychic Terrain|[from] ability: Psychic Surge|[of] p2a: Indeedee\n|-enditem|p2a: Indeedee|Psychic Seed\n|-boost|p2a: Indeedee|spd|1|[from] item: Psychic Seed\n|turn|1\n|\n|t:|1732923532\n|move|p1a: Gholdengo|Nasty Plot|p1a: Gholdengo\n|-boost|p1a: Gholdengo|spa|2\n|move|p1b: Incineroar|Parting Shot|p2a: Indeedee\n|-unboost|p2a: Indeedee|atk|1\n|-unboost|p2a: Indeedee|spa|1\n|\n|t:|1732923538\n|switch|p1b: Rillaboom|Rillaboom, L50, M|100\/100|[from] Parting Shot\n|-fieldstart|move: Grassy Terrain|[from] ability: Grassy Surge|[of] p1b: Rillaboom\n|move|p2b: Gallade|Sacred Sword|p1b: Rillaboom\n|-damage|p1b: Rillaboom|30\/100\n|move|p2a: Indeedee|Trick Room|p2a: Indeedee\n|-fieldstart|move: Trick Room|[of] p2a: Indeedee\n|\n|-heal|p1b: Rillaboom|37\/100|[from] Grassy Terrain\n|upkeep\n|turn|2\n|\n|t:|1732923552\n|switch|p2a: Ursaluna|Ursaluna, L50, M|100\/100\n|move|p2b: Gallade|Wide Guard|p2b: Gallade\n|-singleturn|p2b: Gallade|Wide Guard\n|move|p1b: Rillaboom|Fake Out|p2a: Ursaluna\n|-damage|p2a: Ursaluna|89\/100\n|move|p1a: Gholdengo|Shadow Ball|p2b: Gallade\n|-supereffective|p2b: Gallade\n|-damage|p2b: Gallade|0 fnt\n|faint|p2b: Gallade\n|-damage|p1a: Gholdengo|91\/100|[from] item: Life Orb\n|\n|-heal|p2a: Ursaluna|95\/100|[from] Grassy Terrain\n|-heal|p1b: Rillaboom|43\/100|[from] Grassy Terrain\n|-heal|p1a: Gholdengo|97\/100|[from] Grassy Terrain\n|-status|p2a: Ursaluna|brn|[from] item: Flame Orb\n|upkeep\n|\n|t:|1732923570\n|switch|p2b: Torkoal|Torkoal, L50, M|100\/100\n|-weather|SunnyDay|[from] ability: Drought|[of] p2b: Torkoal\n|turn|3\n|\n|t:|1732923582\n|-terastallize|p2a: Ursaluna|Ghost\n|move|p1a: Gholdengo|Protect|p1a: Gholdengo\n|-singleturn|p1a: Gholdengo|Protect\n|move|p1b: Rillaboom|Grassy Glide|p2a: Ursaluna\n|-damage|p2a: Ursaluna|68\/100 brn\n|move|p2b: Torkoal|Eruption|p1b: Rillaboom|[spread] p1b\n|-activate|p1a: Gholdengo|move: Protect\n|-supereffective|p1b: Rillaboom\n|-damage|p1b: Rillaboom|0 fnt\n|faint|p1b: Rillaboom\n|move|p2a: Ursaluna|Headlong Rush|p1a: Gholdengo\n|-activate|p1a: Gholdengo|move: Protect\n|\n|-weather|SunnyDay|[upkeep]\n|-heal|p2a: Ursaluna|74\/100 brn|[from] Grassy Terrain\n|-heal|p1a: Gholdengo|100\/100|[from] Grassy Terrain\n|-damage|p2a: Ursaluna|68\/100 brn|[from] brn\n|upkeep\n|j| judang\n|\n|t:|1732923602\n|switch|p1b: Incineroar|Incineroar, L50, F|100\/100\n|-ability|p1b: Incineroar|Intimidate|boost\n|-unboost|p2a: Ursaluna|atk|1\n|-unboost|p2b: Torkoal|atk|1\n|turn|4\n|\n|t:|1732923621\n|switch|p2a: Indeedee|Indeedee-F, L50, F|100\/100\n|-fieldstart|move: Psychic Terrain|[from] ability: Psychic Surge|[of] p2a: Indeedee\n|-terastallize|p1a: Gholdengo|Dragon\n|move|p1b: Incineroar|Fake Out|p2b: Torkoal\n|-activate|p2b: Torkoal|move: Psychic Terrain\n|move|p2b: Torkoal|Eruption|p1b: Incineroar|[spread] p1a,p1b\n|-resisted|p1a: Gholdengo\n|-resisted|p1b: Incineroar\n|-damage|p1a: Gholdengo|45\/100\n|-damage|p1b: Incineroar|50\/100\n|-enditem|p1b: Incineroar|Sitrus Berry|[eat]\n|-heal|p1b: Incineroar|75\/100|[from] item: Sitrus Berry\n|move|p1a: Gholdengo|Shadow Ball|p2a: Indeedee\n|-immune|p2a: Indeedee\n|\n|-weather|SunnyDay|[upkeep]\n|upkeep\n|turn|5\n|inactive|BassoTara2 has 30 seconds left.\n|\n|t:|1732923648\n|switch|p2b: Ursaluna|Ursaluna, L50, M, tera:Ghost|68\/100 brn\n|switch|p1b: Pelipper|Pelipper, L50, M|100\/100\n|-weather|RainDance|[from] ability: Drizzle|[of] p1b: Pelipper\n|move|p1a: Gholdengo|Protect|p1a: Gholdengo\n|-singleturn|p1a: Gholdengo|Protect\n|move|p2a: Indeedee|Psychic|p1a: Gholdengo\n|-activate|p1a: Gholdengo|move: Protect\n|\n|-weather|RainDance|[upkeep]\n|-damage|p2b: Ursaluna|62\/100 brn|[from] brn\n|-fieldend|move: Trick Room\n|upkeep\n|turn|6\n|\n|t:|1732923669\n|switch|p2b: Torkoal|Torkoal, L50, M|100\/100\n|-weather|SunnyDay|[from] ability: Drought|[of] p2b: Torkoal\n|move|p1b: Pelipper|Weather Ball|p2a: Indeedee\n|-damage|p2a: Indeedee|60\/100\n|move|p1a: Gholdengo|Make It Rain|p2a: Indeedee|[spread] p2a,p2b\n|-resisted|p2b: Torkoal\n|-damage|p2a: Indeedee|0 fnt\n|-damage|p2b: Torkoal|29\/100\n|-unboost|p1a: Gholdengo|spa|1\n|faint|p2a: Indeedee\n|-damage|p1a: Gholdengo|35\/100|[from] item: Life Orb\n|\n|-weather|SunnyDay|[upkeep]\n|upkeep\n|-message|BassoTara2 forfeited.\n|\n|win|Djjwjwwjj\n|raw|Djjwjwwjj's rating: 1741 &rarr; <strong>1762<\/strong><br \/>(+21 for winning)\n|raw|BassoTara2's rating: 1754 &rarr; <strong>1733<\/strong><br \/>(-21 for losing)\n|l|\u2606BassoTara2\n|player|p2|\n|l|\u2606Djjwjwwjj\n|player|p1|\n|l| judang\n","uploadtime":1732923959,"views":7,"formatid":"gen9vgc2024regh","rating":1733,"private":0,"password":null}