{"id":"gen9vgc2024regh-2253557717","format":"[Gen 9] VGC 2024 Reg H","players":["brito150","kojimuranishi"],"log":"|j|\u2606brito150\n|j|\u2606kojimuranishi\n|t:|1732908070\n|gametype|doubles\n|player|p1|brito150|benga|1655\n|player|p2|kojimuranishi|102|1764\n|teamsize|p1|6\n|teamsize|p2|6\n|gen|9\n|tier|[Gen 9] VGC 2024 Reg H\n|rated|\n|rule|Species Clause: Limit one of each Pok\u00e9mon\n|rule|Item Clause: Limit 1 of each item\n|clearpoke\n|poke|p1|Porygon2, L50|\n|poke|p1|Blaziken, L50, M|\n|poke|p1|Clefable, L50, F|\n|poke|p1|Dragapult, L50, M|\n|poke|p1|Ursaluna-Bloodmoon, L50, M|\n|poke|p1|Rillaboom, L50, M|\n|poke|p2|Whimsicott, L50, F|\n|poke|p2|Ursaluna-Bloodmoon, L50, M|\n|poke|p2|Archaludon, L50, M|\n|poke|p2|Dragonite, L50, M|\n|poke|p2|Gholdengo, L50|\n|poke|p2|Volcarona, L50, M|\n|teampreview|4\n|inactive|Battle timer is ON: inactive players will automatically lose when time's up. (requested by brito150)\n|inactive|kojimuranishi has 60 seconds left.\n|\n|t:|1732908115\n|start\n|switch|p1a: Blaziken|Blaziken, L50, M, shiny|100\/100\n|switch|p1b: Dragapult|Dragapult, L50, M, shiny|100\/100\n|switch|p2a: Dragonite|Dragonite, L50, M|100\/100\n|switch|p2b: Volcarona|Volcarona, L50, M|100\/100\n|turn|1\n|inactive|kojimuranishi has 30 seconds left.\n|\n|t:|1732908143\n|move|p2a: Dragonite|Extreme Speed|p1a: Blaziken\n|-damage|p1a: Blaziken|35\/100\n|move|p1b: Dragapult|Dragon Darts|p2b: Volcarona\n|-damage|p2b: Volcarona|64\/100\n|-anim|p1b: Dragapult|Dragon Darts|p2a: Dragonite\n|-supereffective|p2a: Dragonite\n|-damage|p2a: Dragonite|60\/100\n|move|p1a: Blaziken|Will-O-Wisp|p2a: Dragonite\n|-status|p2a: Dragonite|brn\n|move|p2b: Volcarona|Will-O-Wisp|p1b: Dragapult\n|-status|p1b: Dragapult|brn\n|\n|-damage|p1b: Dragapult|94\/100 brn|[from] brn\n|-damage|p2a: Dragonite|54\/100 brn|[from] brn\n|-ability|p1a: Blaziken|Speed Boost|boost\n|-boost|p1a: Blaziken|spe|1\n|upkeep\n|turn|2\n|inactive|kojimuranishi has 30 seconds left.\n|\n|t:|1732908175\n|-terastallize|p1a: Blaziken|Ghost\n|move|p2a: Dragonite|Extreme Speed|p1a: Blaziken\n|-immune|p1a: Blaziken\n|move|p1a: Blaziken|Heat Wave|p2b: Volcarona|[spread] p2a,p2b\n|-resisted|p2a: Dragonite\n|-damage|p2a: Dragonite|39\/100 brn\n|-damage|p2b: Volcarona|37\/100\n|move|p1b: Dragapult|Dragon Darts|p2b: Volcarona\n|-damage|p2b: Volcarona|18\/100\n|-anim|p1b: Dragapult|Dragon Darts|p2a: Dragonite\n|-supereffective|p2a: Dragonite\n|-damage|p2a: Dragonite|0 fnt\n|faint|p2a: Dragonite\n|move|p2b: Volcarona|Tailwind|p2b: Volcarona\n|-sidestart|p2: kojimuranishi|move: Tailwind\n|\n|-damage|p1b: Dragapult|88\/100 brn|[from] brn\n|-ability|p1a: Blaziken|Speed Boost|boost\n|-boost|p1a: Blaziken|spe|1\n|upkeep\n|\n|t:|1732908195\n|switch|p2a: Archaludon|Archaludon, L50, M|100\/100\n|turn|3\n|\n|t:|1732908225\n|move|p1a: Blaziken|Focus Blast|p2a: Archaludon\n|-supereffective|p2a: Archaludon\n|-ability|p2a: Archaludon|Sturdy\n|-damage|p2a: Archaludon|1\/100\n|move|p2a: Archaludon|Draco Meteor|p1b: Dragapult\n|-supereffective|p1b: Dragapult\n|-damage|p1b: Dragapult|0 fnt\n|-unboost|p2a: Archaludon|spa|2\n|faint|p1b: Dragapult\n|move|p2b: Volcarona|Heat Wave|p1a: Blaziken|[miss]\n|-miss|p2b: Volcarona|p1a: Blaziken\n|\n|-ability|p1a: Blaziken|Speed Boost|boost\n|-boost|p1a: Blaziken|spe|1\n|upkeep\n|j| surgevgc\n|\n|t:|1732908241\n|switch|p1b: Porygon2|Porygon2, L50|100\/100\n|-ability|p1b: Porygon2|Download|boost\n|-boost|p1b: Porygon2|spa|1\n|turn|4\n|\n|t:|1732908251\n|move|p2a: Archaludon|Protect|p2a: Archaludon\n|-singleturn|p2a: Archaludon|Protect\n|move|p1a: Blaziken|Heat Wave|p2b: Volcarona|[spread] p2b\n|-activate|p2a: Archaludon|move: Protect\n|-damage|p2b: Volcarona|0 fnt\n|faint|p2b: Volcarona\n|move|p1b: Porygon2|Trick Room|p1b: Porygon2\n|-fieldstart|move: Trick Room|[of] p1b: Porygon2\n|\n|-ability|p1a: Blaziken|Speed Boost|boost\n|-boost|p1a: Blaziken|spe|1\n|upkeep\n|\n|t:|1732908263\n|switch|p2b: Gholdengo|Gholdengo, L50|100\/100\n|turn|5\n|\n|t:|1732908274\n|-terastallize|p2b: Gholdengo|Steel\n|move|p2a: Archaludon|Protect|p2a: Archaludon\n|-singleturn|p2a: Archaludon|Protect\n|move|p1b: Porygon2|Ice Beam|p2a: Archaludon\n|-activate|p2a: Archaludon|move: Protect\n|move|p2b: Gholdengo|Make It Rain|p1a: Blaziken|[spread] p1a,p1b\n|-damage|p1a: Blaziken|0 fnt\n|-damage|p1b: Porygon2|38\/100\n|-unboost|p2b: Gholdengo|spa|1\n|faint|p1a: Blaziken\n|\n|-sideend|p2: kojimuranishi|move: Tailwind\n|upkeep\n|\n|t:|1732908288\n|switch|p1a: Ursaluna|Ursaluna-Bloodmoon, L50, M|100\/100\n|turn|6\n|\n|t:|1732908302\n|move|p1a: Ursaluna|Earth Power|p2b: Gholdengo\n|-supereffective|p2b: Gholdengo\n|-damage|p2b: Gholdengo|0 fnt\n|faint|p2b: Gholdengo\n|-damage|p1a: Ursaluna|90\/100|[from] item: Life Orb\n|move|p1b: Porygon2|Ice Beam|p2a: Archaludon\n|-damage|p2a: Archaludon|0 fnt\n|faint|p2a: Archaludon\n|\n|win|brito150\n|raw|brito150's rating: 1655 &rarr; <strong>1681<\/strong><br \/>(+26 for winning)\n|raw|kojimuranishi's rating: 1764 &rarr; <strong>1738<\/strong><br \/>(-26 for losing)\n|l|\u2606kojimuranishi\n|player|p2|\n|l|\u2606brito150\n|player|p1|\n|l| surgevgc\n","uploadtime":1732908532,"views":38,"formatid":"gen9vgc2024regh","rating":1681,"private":0,"password":null}