{"id":"gen9vgc2024regh-2253013599","format":"[Gen 9] VGC 2024 Reg H","players":["imnotagni","Perjutsu24"],"log":"|j|\u203dimnotagni\n|j|\u2606Perjutsu24\n|t:|1732829608\n|gametype|doubles\n|player|p1|imnotagni|policeman-gen4|1704\n|player|p2|Perjutsu24|ghetsis-gen5bw|1687\n|teamsize|p1|6\n|teamsize|p2|6\n|gen|9\n|tier|[Gen 9] VGC 2024 Reg H\n|rated|\n|rule|Species Clause: Limit one of each Pok\u00e9mon\n|rule|Item Clause: Limit 1 of each item\n|clearpoke\n|poke|p1|Magmar, L50, M|\n|poke|p1|Indeedee-F, L50, F|\n|poke|p1|Pelipper, L50, M|\n|poke|p1|Dragonite, L50, F|\n|poke|p1|Blastoise, L50, F|\n|poke|p1|Archaludon, L50, F|\n|poke|p2|Tyranitar, L50, M|\n|poke|p2|Excadrill, L50, F|\n|poke|p2|Gastrodon-East, L50, F|\n|poke|p2|Annihilape, L50, F|\n|poke|p2|Grimmsnarl, L50, M|\n|poke|p2|Corviknight, L50, F|\n|teampreview|4\n|inactive|Battle timer is ON: inactive players will automatically lose when time's up. (requested by imnotagni)\n|inactive|imnotagni has 60 seconds left.\n|inactive|Perjutsu24 has 60 seconds left.\n|\n|t:|1732829656\n|start\n|switch|p1a: Blastoise|Blastoise, L50, F|100\/100\n|switch|p1b: Dragonite|Dragonite, L50, F|100\/100\n|switch|p2a: Annihilape|Annihilape, L50, F|100\/100\n|switch|p2b: Excadrill|Excadrill, L50, F|100\/100\n|turn|1\n|\n|t:|1732829672\n|move|p2b: Excadrill|Protect|p2b: Excadrill\n|-singleturn|p2b: Excadrill|Protect\n|move|p2a: Annihilape|Final Gambit|p1b: Dragonite\n|-damage|p1b: Dragonite|0 fnt\n|faint|p2a: Annihilape\n|faint|p1b: Dragonite\n|move|p1a: Blastoise|Shell Smash|p1a: Blastoise\n|-unboost|p1a: Blastoise|def|1\n|-unboost|p1a: Blastoise|spd|1\n|-boost|p1a: Blastoise|atk|2\n|-boost|p1a: Blastoise|spa|2\n|-boost|p1a: Blastoise|spe|2\n|\n|upkeep\n|\n|t:|1732829687\n|switch|p2a: Tyranitar|Tyranitar, L50, M|100\/100\n|switch|p1b: Archaludon|Archaludon, L50, F|100\/100\n|-weather|Sandstorm|[from] ability: Sand Stream|[of] p2a: Tyranitar\n|turn|2\n|\n|t:|1732829700\n|switch|p1b: Pelipper|Pelipper, L50, M|100\/100\n|-weather|RainDance|[from] ability: Drizzle|[of] p1b: Pelipper\n|switch|p2a: Gastrodon|Gastrodon-East, L50, F|100\/100\n|-terastallize|p1a: Blastoise|Water\n|move|p1a: Blastoise|Water Spout|p2a: Gastrodon|[spread] p2b\n|-ability|p2a: Gastrodon|Storm Drain|boost\n|-boost|p2a: Gastrodon|spa|1\n|-supereffective|p2b: Excadrill\n|-enditem|p2b: Excadrill|Focus Sash\n|-damage|p2b: Excadrill|1\/100\n|move|p2b: Excadrill|High Horsepower|p1a: Blastoise\n|-damage|p1a: Blastoise|7\/100\n|\n|-weather|RainDance|[upkeep]\n|upkeep\n|turn|3\n|\n|t:|1732829721\n|move|p1a: Blastoise|Protect|p1a: Blastoise\n|-singleturn|p1a: Blastoise|Protect\n|move|p2b: Excadrill|Protect|p2b: Excadrill\n|-singleturn|p2b: Excadrill|Protect\n|move|p1b: Pelipper|Hurricane|p2a: Gastrodon\n|-damage|p2a: Gastrodon|55\/100\n|move|p2a: Gastrodon|Icy Wind|p1a: Blastoise|[spread] p1b\n|-activate|p1a: Blastoise|move: Protect\n|-damage|p1b: Pelipper|67\/100\n|-unboost|p1b: Pelipper|spe|1\n|\n|-weather|RainDance|[upkeep]\n|-heal|p2a: Gastrodon|61\/100|[from] item: Leftovers\n|upkeep\n|turn|4\n|\n|t:|1732829741\n|switch|p1b: Archaludon|Archaludon, L50, F|100\/100\n|switch|p2a: Tyranitar|Tyranitar, L50, M|100\/100\n|-weather|Sandstorm|[from] ability: Sand Stream|[of] p2a: Tyranitar\n|move|p2b: Excadrill|High Horsepower|p1a: Blastoise\n|-damage|p1a: Blastoise|0 fnt\n|faint|p1a: Blastoise\n|\n|-weather|Sandstorm|[upkeep]\n|upkeep\n|\n|t:|1732829744\n|switch|p1a: Pelipper|Pelipper, L50, M|67\/100\n|-weather|RainDance|[from] ability: Drizzle|[of] p1a: Pelipper\n|turn|5\n|inactive|Perjutsu24 has 30 seconds left.\n|\n|t:|1732829772\n|switch|p2a: Gastrodon|Gastrodon-East, L50, F|61\/100\n|move|p2b: Excadrill|High Horsepower|p1b: Archaludon\n|-supereffective|p1b: Archaludon\n|-damage|p1b: Archaludon|24\/100\n|-ability|p1b: Archaludon|Stamina|boost\n|-boost|p1b: Archaludon|def|1\n|move|p1a: Pelipper|Tailwind|p1a: Pelipper\n|-sidestart|p1: imnotagni|move: Tailwind\n|move|p1b: Archaludon|Body Press|p2a: Gastrodon\n|-damage|p2a: Gastrodon|22\/100\n|\n|-weather|RainDance|[upkeep]\n|-heal|p2a: Gastrodon|28\/100|[from] item: Leftovers\n|upkeep\n|turn|6\n|\n|t:|1732829797\n|move|p2b: Excadrill|Protect|p2b: Excadrill\n|-singleturn|p2b: Excadrill|Protect\n|move|p1a: Pelipper|Hurricane|p2a: Gastrodon\n|-damage|p2a: Gastrodon|0 fnt\n|faint|p2a: Gastrodon\n|move|p1b: Archaludon|Body Press|p2b: Excadrill\n|-activate|p2b: Excadrill|move: Protect\n|\n|-weather|RainDance|[upkeep]\n|upkeep\n|\n|t:|1732829805\n|switch|p2a: Tyranitar|Tyranitar, L50, M|100\/100\n|-weather|Sandstorm|[from] ability: Sand Stream|[of] p2a: Tyranitar\n|turn|7\n|\n|t:|1732829816\n|-terastallize|p2a: Tyranitar|Flying\n|move|p2b: Excadrill|High Horsepower|p1b: Archaludon\n|-supereffective|p1b: Archaludon\n|-damage|p1b: Archaludon|0 fnt\n|faint|p1b: Archaludon\n|move|p1a: Pelipper|Weather Ball|p2b: Excadrill\n|-resisted|p2b: Excadrill\n|-damage|p2b: Excadrill|0 fnt\n|faint|p2b: Excadrill\n|move|p2a: Tyranitar|Rock Slide|p1a: Pelipper|[miss]\n|-miss|p2a: Tyranitar|p1a: Pelipper\n|\n|-weather|Sandstorm|[upkeep]\n|-damage|p1a: Pelipper|61\/100|[from] Sandstorm\n|-damage|p2a: Tyranitar|95\/100|[from] Sandstorm\n|upkeep\n|turn|8\n|\n|t:|1732829828\n|move|p1a: Pelipper|Weather Ball|p2a: Tyranitar\n|-supereffective|p2a: Tyranitar\n|-damage|p2a: Tyranitar|58\/100\n|move|p2a: Tyranitar|Rock Slide|p1a: Pelipper\n|-supereffective|p1a: Pelipper\n|-damage|p1a: Pelipper|0 fnt\n|faint|p1a: Pelipper\n|\n|win|Perjutsu24\n|raw|imnotagni's rating: 1704 &rarr; <strong>1683<\/strong><br \/>(-21 for losing)\n|raw|Perjutsu24's rating: 1687 &rarr; <strong>1708<\/strong><br \/>(+21 for winning)\n|l|\u203dimnotagni\n|player|p1|\n|c|\u2606Perjutsu24|Gg\n|l|\u2606Perjutsu24\n|player|p2|\n","uploadtime":1732830051,"views":24,"formatid":"gen9vgc2024regh","rating":1683,"private":0,"password":null}