{"id":"gen9vgc2024regh-2253492787","format":"[Gen 9] VGC 2024 Reg H","players":["sailyors","actuary97"],"log":"|j|\u2606sailyors\n|j|\u2606actuary97\n|t:|1732900224\n|gametype|doubles\n|player|p1|sailyors|iris-gen5bw2|1647\n|player|p2|actuary97|sabrina-frlg|1793\n|teamsize|p1|6\n|teamsize|p2|6\n|gen|9\n|tier|[Gen 9] VGC 2024 Reg H\n|rated|\n|rule|Species Clause: Limit one of each Pok\u00e9mon\n|rule|Item Clause: Limit 1 of each item\n|clearpoke\n|poke|p1|Ninetales-Alola, L50, F|\n|poke|p1|Maushold, L50|\n|poke|p1|Sinistcha, L50|\n|poke|p1|Annihilape, L50, F|\n|poke|p1|Incineroar, L50, M|\n|poke|p1|Dragonite, L50, M|\n|poke|p2|Whimsicott, L50, F|\n|poke|p2|Gallade, L50, M|\n|poke|p2|Archaludon, L50, F|\n|poke|p2|Malamar, L50, F|\n|poke|p2|Indeedee, L50, M|\n|poke|p2|Drifblim, L50, M|\n|teampreview|4\n|inactive|Battle timer is ON: inactive players will automatically lose when time's up. (requested by sailyors)\nactuary97 has agreed to open team sheets.\nsailyors has agreed to open team sheets.\n|j| MCSDoce\n|inactive|sailyors has 30 seconds left.\n|inactive|actuary97 has 30 seconds left.\n|inactive|actuary97 has 20 seconds left.\n|inactive|actuary97 has 15 seconds left.\n|\n|t:|1732900284\n|start\n|switch|p1a: Incineroar|Incineroar, L50, M|100\/100\n|switch|p1b: Ninetales|Ninetales-Alola, L50, F|100\/100\n|switch|p2a: Tapu Deedee|Indeedee, L50, M, shiny|100\/100\n|switch|p2b: Happy Thanksgiving|Drifblim, L50, M, shiny|100\/100\n|-weather|Snow|[from] ability: Snow Warning|[of] p1b: Ninetales\n|-fieldstart|move: Psychic Terrain|[from] ability: Psychic Surge|[of] p2a: Tapu Deedee\n|-enditem|p2b: Happy Thanksgiving|Psychic Seed\n|-boost|p2b: Happy Thanksgiving|spd|1|[from] item: Psychic Seed\n|-ability|p1a: Incineroar|Intimidate|boost\n|-unboost|p2a: Tapu Deedee|atk|1\n|-unboost|p2b: Happy Thanksgiving|atk|1\n|turn|1\n|\n|t:|1732900303\n|switch|p2a: Bridget|Archaludon, L50, F, shiny|100\/100\n|move|p2b: Happy Thanksgiving|Icy Wind|p1a: Incineroar|[spread] p1a,p1b\n|-resisted|p1a: Incineroar\n|-resisted|p1b: Ninetales\n|-damage|p1a: Incineroar|99\/100\n|-damage|p1b: Ninetales|96\/100\n|-unboost|p1a: Incineroar|spe|1\n|-unboost|p1b: Ninetales|spe|1\n|move|p1b: Ninetales|Aurora Veil|p1b: Ninetales\n|-sidestart|p1: sailyors|move: Aurora Veil\n|move|p1a: Incineroar|Snarl|p2b: Happy Thanksgiving|[spread] p2a,p2b\n|-crit|p2a: Bridget\n|-supereffective|p2b: Happy Thanksgiving\n|-damage|p2a: Bridget|89\/100\n|-damage|p2b: Happy Thanksgiving|86\/100\n|-unboost|p2a: Bridget|spa|1\n|-unboost|p2b: Happy Thanksgiving|spa|1\n|-ability|p2a: Bridget|Stamina|boost\n|-boost|p2a: Bridget|def|1\n|\n|-weather|Snow|[upkeep]\n|upkeep\n|turn|2\n|\n|t:|1732900323\n|switch|p1b: Sinistcha|Sinistcha, L50|100\/100\n|-heal|p1a: Incineroar|100\/100|[from] ability: Hospitality|[of] p1b: Sinistcha\n|move|p2b: Happy Thanksgiving|Air Slash|p1b: Sinistcha\n|-supereffective|p1b: Sinistcha\n|-damage|p1b: Sinistcha|75\/100\n|move|p2a: Bridget|Flash Cannon|p1b: Sinistcha\n|-damage|p1b: Sinistcha|56\/100\n|-unboost|p1b: Sinistcha|spd|1\n|move|p1a: Incineroar|Flare Blitz|p2b: Happy Thanksgiving\n|-damage|p2b: Happy Thanksgiving|41\/100\n|-damage|p1a: Incineroar|84\/100|[from] Recoil\n|\n|-weather|Snow|[upkeep]\n|upkeep\n|turn|3\n|\n|t:|1732900346\n|move|p2b: Happy Thanksgiving|Strength Sap|p1a: Incineroar\n|-unboost|p1a: Incineroar|atk|1\n|-heal|p2b: Happy Thanksgiving|100\/100\n|move|p2a: Bridget|Snarl|p1a: Incineroar|[spread] p1a,p1b\n|-resisted|p1a: Incineroar\n|-supereffective|p1b: Sinistcha\n|-damage|p1a: Incineroar|82\/100\n|-damage|p1b: Sinistcha|37\/100\n|-unboost|p1a: Incineroar|spa|1\n|-unboost|p1b: Sinistcha|spa|1\n|move|p1b: Sinistcha|Life Dew|p1b: Sinistcha|[spread] p1a,p1b\n|-heal|p1a: Incineroar|100\/100\n|-heal|p1b: Sinistcha|62\/100\n|move|p1a: Incineroar|Snarl|p2b: Happy Thanksgiving|[spread] p2a,p2b\n|-supereffective|p2b: Happy Thanksgiving\n|-damage|p2a: Bridget|84\/100\n|-damage|p2b: Happy Thanksgiving|90\/100\n|-unboost|p2a: Bridget|spa|1\n|-unboost|p2b: Happy Thanksgiving|spa|1\n|-ability|p2a: Bridget|Stamina|boost\n|-boost|p2a: Bridget|def|1\n|\n|-weather|Snow|[upkeep]\n|upkeep\n|turn|4\n|inactive|sailyors has 30 seconds left.\n|\n|t:|1732900372\n|move|p1b: Sinistcha|Rage Powder|p1b: Sinistcha\n|-singleturn|p1b: Sinistcha|move: Rage Powder\n|move|p2b: Happy Thanksgiving|Air Slash|p1b: Sinistcha\n|-supereffective|p1b: Sinistcha\n|-damage|p1b: Sinistcha|37\/100\n|move|p2a: Bridget|Snarl|p1b: Sinistcha|[spread] p1a,p1b\n|-resisted|p1a: Incineroar\n|-supereffective|p1b: Sinistcha\n|-damage|p1a: Incineroar|99\/100\n|-damage|p1b: Sinistcha|21\/100\n|-unboost|p1a: Incineroar|spa|1\n|-unboost|p1b: Sinistcha|spa|1\n|move|p1a: Incineroar|U-turn|p2b: Happy Thanksgiving\n|-resisted|p2b: Happy Thanksgiving\n|-damage|p2b: Happy Thanksgiving|87\/100\n|\n|t:|1732900389\n|switch|p1a: Dragonite|Dragonite, L50, M|100\/100|[from] U-turn\n|\n|-weather|Snow|[upkeep]\n|upkeep\n|turn|5\n|\n|t:|1732900414\n|move|p1b: Sinistcha|Rage Powder|p1b: Sinistcha\n|-singleturn|p1b: Sinistcha|move: Rage Powder\n|move|p2b: Happy Thanksgiving|Air Slash|p1b: Sinistcha\n|-supereffective|p1b: Sinistcha\n|-damage|p1b: Sinistcha|0 fnt\n|faint|p1b: Sinistcha\n|move|p1a: Dragonite|Scale Shot|p2b: Happy Thanksgiving\n|-crit|p2b: Happy Thanksgiving\n|-damage|p2b: Happy Thanksgiving|65\/100\n|-damage|p2b: Happy Thanksgiving|50\/100\n|-damage|p2b: Happy Thanksgiving|36\/100\n|-damage|p2b: Happy Thanksgiving|22\/100\n|-hitcount|p2b: Happy Thanksgiving|4\n|-unboost|p1a: Dragonite|def|1\n|-boost|p1a: Dragonite|spe|1\n|move|p2a: Bridget|Snarl|p1a: Dragonite\n|-damage|p1a: Dragonite|98\/100\n|-unboost|p1a: Dragonite|spa|1\n|\n|-weather|none\n|-fieldend|move: Psychic Terrain\n|upkeep\n|\n|t:|1732900430\n|switch|p1b: Ninetales|Ninetales-Alola, L50, F|96\/100\n|-weather|Snow|[from] ability: Snow Warning|[of] p1b: Ninetales\n|turn|6\n|\n|t:|1732900444\n|-terastallize|p1b: Ninetales|Ghost\n|move|p1a: Dragonite|Protect|p1a: Dragonite\n|-singleturn|p1a: Dragonite|Protect\n|move|p2b: Happy Thanksgiving|Will-O-Wisp|p1a: Dragonite\n|-activate|p1a: Dragonite|move: Protect\n|move|p1b: Ninetales|Blizzard|p2a: Bridget|[spread] p2a,p2b\n|-supereffective|p2b: Happy Thanksgiving\n|-damage|p2a: Bridget|68\/100\n|-damage|p2b: Happy Thanksgiving|0 fnt\n|-ability|p2a: Bridget|Stamina|boost\n|-boost|p2a: Bridget|def|1\n|faint|p2b: Happy Thanksgiving\n|move|p2a: Bridget|Flash Cannon|p1b: Ninetales\n|-damage|p1b: Ninetales|82\/100\n|\n|-weather|Snow|[upkeep]\n|upkeep\n|\n|t:|1732900454\n|switch|p2b: Tapu Deedee|Indeedee, L50, M, shiny|100\/100\n|-fieldstart|move: Psychic Terrain|[from] ability: Psychic Surge|[of] p2b: Tapu Deedee\n|turn|7\n|\n|t:|1732900464\n|move|p1a: Dragonite|Scale Shot|p2b: Tapu Deedee\n|-damage|p2b: Tapu Deedee|71\/100\n|-damage|p2b: Tapu Deedee|40\/100\n|-damage|p2b: Tapu Deedee|9\/100\n|-damage|p2b: Tapu Deedee|0 fnt\n|faint|p2b: Tapu Deedee\n|-hitcount|p2: Tapu Deedee|4\n|-unboost|p1a: Dragonite|def|1\n|-boost|p1a: Dragonite|spe|1\n|move|p1b: Ninetales|Blizzard|p2a: Bridget\n|-damage|p2a: Bridget|44\/100\n|-ability|p2a: Bridget|Stamina|boost\n|-boost|p2a: Bridget|def|1\n|move|p2a: Bridget|Snarl|p1b: Ninetales|[spread] p1a,p1b\n|-supereffective|p1b: Ninetales\n|-damage|p1a: Dragonite|94\/100\n|-damage|p1b: Ninetales|71\/100\n|-unboost|p1a: Dragonite|spa|1\n|-unboost|p1b: Ninetales|spa|1\n|\n|-weather|Snow|[upkeep]\n|upkeep\n|\n|t:|1732900467\n|switch|p2b: \u2694\ufe0fKing\u2694\ufe0f|Gallade, L50, M, shiny|100\/100\n|turn|8\n|\n|t:|1732900484\n|move|p2b: \u2694\ufe0fKing\u2694\ufe0f|Protect|p2b: \u2694\ufe0fKing\u2694\ufe0f\n|-singleturn|p2b: \u2694\ufe0fKing\u2694\ufe0f|Protect\n|move|p1a: Dragonite|Scale Shot|p2b: \u2694\ufe0fKing\u2694\ufe0f\n|-activate|p2b: \u2694\ufe0fKing\u2694\ufe0f|move: Protect\n|move|p1b: Ninetales|Blizzard|p2b: \u2694\ufe0fKing\u2694\ufe0f|[spread] p2a\n|-activate|p2b: \u2694\ufe0fKing\u2694\ufe0f|move: Protect\n|-damage|p2a: Bridget|33\/100\n|-status|p2a: Bridget|frz\n|-ability|p2a: Bridget|Stamina|boost\n|-boost|p2a: Bridget|def|1\n|cant|p2a: Bridget|frz\n|\n|-weather|Snow|[upkeep]\n|-sideend|p1: sailyors|move: Aurora Veil\n|upkeep\n|turn|9\n|\n|t:|1732900501\n|move|p1a: Dragonite|Scale Shot|p2b: \u2694\ufe0fKing\u2694\ufe0f\n|-damage|p2b: \u2694\ufe0fKing\u2694\ufe0f|76\/100\n|-crit|p2b: \u2694\ufe0fKing\u2694\ufe0f\n|-damage|p2b: \u2694\ufe0fKing\u2694\ufe0f|38\/100\n|-damage|p2b: \u2694\ufe0fKing\u2694\ufe0f|14\/100\n|-damage|p2b: \u2694\ufe0fKing\u2694\ufe0f|0 fnt\n|faint|p2b: \u2694\ufe0fKing\u2694\ufe0f\n|-hitcount|p2: \u2694\ufe0fKing\u2694\ufe0f|4\n|-unboost|p1a: Dragonite|def|1\n|-boost|p1a: Dragonite|spe|1\n|move|p1b: Ninetales|Blizzard|p2a: Bridget\n|-damage|p2a: Bridget|17\/100 frz\n|-ability|p2a: Bridget|Stamina|boost\n|-boost|p2a: Bridget|def|1\n|cant|p2a: Bridget|frz\n|\n|-weather|Snow|[upkeep]\n|upkeep\n|turn|10\n|\n|t:|1732900512\n|move|p1a: Dragonite|Stomping Tantrum|p2a: Bridget\n|-supereffective|p2a: Bridget\n|-damage|p2a: Bridget|6\/100 frz\n|move|p1b: Ninetales|Blizzard|p2a: Bridget\n|-damage|p2a: Bridget|0 fnt\n|faint|p2a: Bridget\n|\n|win|sailyors\n|raw|sailyors's rating: 1647 &rarr; <strong>1675<\/strong><br \/>(+28 for winning)\n|raw|actuary97's rating: 1793 &rarr; <strong>1765<\/strong><br \/>(-28 for losing)\n|l|\u2606sailyors\n|player|p1|\n|l|\u2606actuary97\n|player|p2|\n|l| MCSDoce\n","uploadtime":1732900750,"views":5,"formatid":"gen9vgc2024regh","rating":1675,"private":0,"password":null}