{"id":"gen9vgc2024regh-2253509460","format":"[Gen 9] VGC 2024 Reg H","players":["MoodyMukVGC","Djjwjwwjj"],"log":"|j|\u2606MoodyMukVGC\n|j|\u2606Djjwjwwjj\n|t:|1732902245\n|gametype|doubles\n|player|p1|MoodyMukVGC|chuck|1743\n|player|p2|Djjwjwwjj|101|1803\n|teamsize|p1|6\n|teamsize|p2|6\n|gen|9\n|tier|[Gen 9] VGC 2024 Reg H\n|rated|\n|rule|Species Clause: Limit one of each Pok\u00e9mon\n|rule|Item Clause: Limit 1 of each item\n|clearpoke\n|poke|p1|Ursaluna, L50, M|\n|poke|p1|Incineroar, L50, M|\n|poke|p1|Porygon2, L50|\n|poke|p1|Torkoal, L50, M|\n|poke|p1|Charizard, L50, M|\n|poke|p1|Jumpluff, L50, M|\n|poke|p2|Palafin, L50, M|\n|poke|p2|Pelipper, L50, F|\n|poke|p2|Electabuzz, L50, F|\n|poke|p2|Rillaboom, L50, M|\n|poke|p2|Incineroar, L50, F|\n|poke|p2|Gholdengo, L50|\n|teampreview|4\n|inactive|Battle timer is ON: inactive players will automatically lose when time's up. (requested by Djjwjwwjj)\nMoodyMukVGC rejected open team sheets.\n|inactive|MoodyMukVGC has 60 seconds left.\n|inactive|Djjwjwwjj has 60 seconds left.\n|j| mogliaaa\n|inactive|Djjwjwwjj has 30 seconds left.\n|\n|t:|1732902307\n|start\n|switch|p1a: Torkoal|Torkoal, L50, M, shiny|100\/100\n|switch|p1b: Porygon2|Porygon2, L50, shiny|100\/100\n|switch|p2a: Incineroar|Incineroar, L50, F|100\/100\n|switch|p2b: Gholdengo|Gholdengo, L50|100\/100\n|-ability|p2a: Incineroar|Intimidate|boost\n|-unboost|p1a: Torkoal|atk|1\n|-enditem|p1a: Torkoal|Eject Pack\n|-unboost|p1b: Porygon2|atk|1\n|\n|t:|1732902326\n|switch|p1a: Ursaluna|Ursaluna, L50, M, shiny|100\/100\n|-ability|p1b: Porygon2|Download|boost\n|-boost|p1b: Porygon2|atk|1\n|turn|1\n|\n|t:|1732902350\n|move|p2b: Gholdengo|Nasty Plot|p2b: Gholdengo\n|-boost|p2b: Gholdengo|spa|2\n|move|p2a: Incineroar|Parting Shot|p1a: Ursaluna\n|-unboost|p1a: Ursaluna|atk|1\n|-unboost|p1a: Ursaluna|spa|1\n|\n|t:|1732902356\n|switch|p2a: Palafin|Palafin, L50, M|100\/100|[from] Parting Shot\n|move|p1a: Ursaluna|Headlong Rush|p2a: Palafin\n|-damage|p2a: Palafin|43\/100\n|-unboost|p1a: Ursaluna|def|1\n|-unboost|p1a: Ursaluna|spd|1\n|move|p1b: Porygon2|Trick Room|p1b: Porygon2\n|-fieldstart|move: Trick Room|[of] p1b: Porygon2\n|\n|-status|p1a: Ursaluna|brn|[from] item: Flame Orb\n|upkeep\n|turn|2\n|inactive|MoodyMukVGC has 30 seconds left.\n|\n|t:|1732902382\n|detailschange|p2a: Palafin|Palafin-Hero, L50, M\n|switch|p2a: Incineroar|Incineroar, L50, F|100\/100\n|-ability|p2a: Incineroar|Intimidate|boost\n|-unboost|p1a: Ursaluna|atk|1\n|-unboost|p1b: Porygon2|atk|1\n|move|p2b: Gholdengo|Protect|p2b: Gholdengo\n|-singleturn|p2b: Gholdengo|Protect\n|move|p1b: Porygon2|Tera Blast|p2a: Incineroar\n|-damage|p2a: Incineroar|68\/100\n|move|p1a: Ursaluna|Headlong Rush|p2b: Gholdengo\n|-activate|p2b: Gholdengo|move: Protect\n|\n|-damage|p1a: Ursaluna|94\/100 brn|[from] brn\n|upkeep\n|turn|3\n|inactive|Djjwjwwjj has 30 seconds left.\n|\n|t:|1732902416\n|switch|p1a: Torkoal|Torkoal, L50, M, shiny|100\/100\n|-weather|SunnyDay|[from] ability: Drought|[of] p1a: Torkoal\n|-terastallize|p2b: Gholdengo|Dragon\n|move|p2a: Incineroar|Fake Out|p1b: Porygon2\n|-damage|p1b: Porygon2|94\/100\n|cant|p1b: Porygon2|flinch\n|move|p2b: Gholdengo|Make It Rain|p1a: Torkoal|[spread] p1a,p1b\n|-resisted|p1a: Torkoal\n|-damage|p1a: Torkoal|38\/100\n|-damage|p1b: Porygon2|39\/100\n|-unboost|p2b: Gholdengo|spa|1\n|\n|-weather|SunnyDay|[upkeep]\n|upkeep\n|turn|4\n|inactive|MoodyMukVGC has 30 seconds left.\n|inactive|Djjwjwwjj has 30 seconds left.\n|\n|t:|1732902444\n|move|p2b: Gholdengo|Protect|p2b: Gholdengo\n|-singleturn|p2b: Gholdengo|Protect\n|move|p1a: Torkoal|Overheat|p2b: Gholdengo\n|-activate|p2b: Gholdengo|move: Protect\n|move|p1b: Porygon2|Recover|p1b: Porygon2\n|-heal|p1b: Porygon2|89\/100\n|move|p2a: Incineroar|Parting Shot|p1b: Porygon2\n|-unboost|p1b: Porygon2|atk|1\n|-unboost|p1b: Porygon2|spa|1\n|\n|t:|1732902456\n|switch|p2a: Pelipper|Pelipper, L50, F|100\/100|[from] Parting Shot\n|-weather|RainDance|[from] ability: Drizzle|[of] p2a: Pelipper\n|\n|-weather|RainDance|[upkeep]\n|upkeep\n|turn|5\n|\n|t:|1732902472\n|switch|p1a: Ursaluna|Ursaluna, L50, M, shiny|94\/100 brn\n|switch|p2a: Incineroar|Incineroar, L50, F|68\/100\n|-ability|p2a: Incineroar|Intimidate|boost\n|-unboost|p1a: Ursaluna|atk|1\n|-unboost|p1b: Porygon2|atk|1\n|move|p1b: Porygon2|Tera Blast|p2a: Incineroar\n|-damage|p2a: Incineroar|45\/100\n|move|p2b: Gholdengo|Nasty Plot|p2b: Gholdengo\n|-boost|p2b: Gholdengo|spa|2\n|\n|-weather|RainDance|[upkeep]\n|-damage|p1a: Ursaluna|88\/100 brn|[from] brn\n|-fieldend|move: Trick Room\n|upkeep\n|turn|6\n|inactive|MoodyMukVGC has 30 seconds left.\n|\n|t:|1732902504\n|-terastallize|p1a: Ursaluna|Ghost\n|move|p2a: Incineroar|Fake Out|p1b: Porygon2\n|-damage|p1b: Porygon2|81\/100\n|move|p2b: Gholdengo|Make It Rain|p1b: Porygon2|[spread] p1a,p1b\n|-damage|p1a: Ursaluna|0 fnt\n|-damage|p1b: Porygon2|8\/100\n|-unboost|p2b: Gholdengo|spa|1\n|faint|p1a: Ursaluna\n|cant|p1b: Porygon2|flinch\n|\n|-weather|RainDance|[upkeep]\n|upkeep\n|\n|t:|1732902513\n|switch|p1a: Charizard|Charizard, L50, M, shiny|100\/100\n|turn|7\n|\n|t:|1732902523\n|switch|p1b: Torkoal|Torkoal, L50, M, shiny|38\/100\n|-weather|SunnyDay|[from] ability: Drought|[of] p1b: Torkoal\n|move|p1a: Charizard|Heat Wave|p2a: Incineroar|[spread] p2a\n|-miss|p1a: Charizard|p2b: Gholdengo\n|-resisted|p2a: Incineroar\n|-damage|p2a: Incineroar|0 fnt\n|faint|p2a: Incineroar\n|move|p2b: Gholdengo|Make It Rain|p1a: Charizard|[spread] p1a,p1b\n|-resisted|p1a: Charizard\n|-resisted|p1b: Torkoal\n|-crit|p1b: Torkoal\n|-damage|p1a: Charizard|38\/100\n|-damage|p1b: Torkoal|0 fnt\n|-unboost|p2b: Gholdengo|spa|1\n|faint|p1b: Torkoal\n|\n|-weather|SunnyDay|[upkeep]\n|-damage|p1a: Charizard|26\/100|[from] ability: Solar Power|[of] p1a: Charizard\n|upkeep\n|\n|t:|1732902543\n|switch|p2a: Pelipper|Pelipper, L50, F|100\/100\n|switch|p1b: Porygon2|Porygon2, L50, shiny|8\/100\n|-weather|RainDance|[from] ability: Drizzle|[of] p2a: Pelipper\n|-ability|p1b: Porygon2|Download|boost\n|-boost|p1b: Porygon2|spa|1\n|turn|8\n|\n|t:|1732902551\n|move|p2a: Pelipper|Weather Ball|p1a: Charizard\n|-supereffective|p1a: Charizard\n|-damage|p1a: Charizard|0 fnt\n|faint|p1a: Charizard\n|move|p2b: Gholdengo|Make It Rain|p1b: Porygon2\n|-damage|p1b: Porygon2|0 fnt\n|-unboost|p2b: Gholdengo|spa|1\n|faint|p1b: Porygon2\n|\n|win|Djjwjwwjj\n|raw|MoodyMukVGC's rating: 1743 &rarr; <strong>1726<\/strong><br \/>(-17 for losing)\n|raw|Djjwjwwjj's rating: 1803 &rarr; <strong>1820<\/strong><br \/>(+17 for winning)\n|l|\u2606Djjwjwwjj\n|player|p2|\n|l| mogliaaa\n|l|\u2606MoodyMukVGC\n|player|p1|\n","uploadtime":1732902696,"views":248,"formatid":"gen9vgc2024regh","rating":1726,"private":0,"password":null}