{"id":"gen9vgc2024regh-2253270110","format":"[Gen 9] VGC 2024 Reg H","players":["czgogogo","WattoVGC"],"log":"|j|\u2606czgogogo\n|j|\u2606WattoVGC\n|t:|1732867144\n|gametype|doubles\n|player|p1|czgogogo|101|1638\n|player|p2|WattoVGC|palmer|1730\n|teamsize|p1|6\n|teamsize|p2|6\n|gen|9\n|tier|[Gen 9] VGC 2024 Reg H\n|rated|\n|rule|Species Clause: Limit one of each Pok\u00e9mon\n|rule|Item Clause: Limit 1 of each item\n|clearpoke\n|poke|p1|Ninetales-Alola, L50, M|\n|poke|p1|Dondozo, L50, M|\n|poke|p1|Rillaboom, L50, F|\n|poke|p1|Sneasler, L50, M|\n|poke|p1|Volcarona, L50, F|\n|poke|p1|Kingambit, L50, M|\n|poke|p2|Pelipper, L50, M|\n|poke|p2|Archaludon, L50, F|\n|poke|p2|Amoonguss, L50, M|\n|poke|p2|Basculegion, L50, M|\n|poke|p2|Gholdengo, L50|\n|poke|p2|Incineroar, L50, M|\n|teampreview|4\n|inactive|Battle timer is ON: inactive players will automatically lose when time's up. (requested by WattoVGC)\n|inactive|WattoVGC has 60 seconds left.\n|\n|t:|1732867175\n|start\n|switch|p1a: Rillaboom|Rillaboom, L50, F|100\/100\n|switch|p1b: Kingambit|Kingambit, L50, M, shiny|100\/100\n|switch|p2a: Basculegion|Basculegion, L50, M|100\/100\n|switch|p2b: Archaludon|Archaludon, L50, F|100\/100\n|-fieldstart|move: Grassy Terrain|[from] ability: Grassy Surge|[of] p1a: Rillaboom\n|turn|1\n|inactive|czgogogo has 30 seconds left.\n|\n|t:|1732867210\n|move|p2a: Basculegion|Flip Turn|p1b: Kingambit\n|-damage|p1b: Kingambit|72\/100\n|\n|t:|1732867213\n|switch|p2a: Pelipper|Pelipper, L50, M|100\/100|[from] Flip Turn\n|-weather|RainDance|[from] ability: Drizzle|[of] p2a: Pelipper\n|move|p2b: Archaludon|Electro Shot||[still]\n|-prepare|p2b: Archaludon|Electro Shot\n|-boost|p2b: Archaludon|spa|1\n|-anim|p2b: Archaludon|Electro Shot|p1b: Kingambit\n|-damage|p1b: Kingambit|9\/100\n|move|p1a: Rillaboom|Wood Hammer|p2a: Pelipper\n|-enditem|p2a: Pelipper|Focus Sash\n|-damage|p2a: Pelipper|1\/100\n|-damage|p1a: Rillaboom|79\/100|[from] Recoil\n|move|p1b: Kingambit|Kowtow Cleave|p2a: Pelipper\n|-damage|p2a: Pelipper|0 fnt\n|faint|p2a: Pelipper\n|\n|-weather|RainDance|[upkeep]\n|-heal|p1a: Rillaboom|85\/100|[from] Grassy Terrain\n|-heal|p1b: Kingambit|15\/100|[from] Grassy Terrain\n|upkeep\n|\n|t:|1732867217\n|switch|p2a: Basculegion|Basculegion, L50, M|100\/100\n|turn|2\n|\n|t:|1732867235\n|switch|p2a: Incineroar|Incineroar, L50, M|100\/100\n|-ability|p2a: Incineroar|Intimidate|boost\n|-unboost|p1a: Rillaboom|atk|1\n|-unboost|p1b: Kingambit|atk|1\n|-ability|p1b: Kingambit|Defiant|boost\n|-boost|p1b: Kingambit|atk|2\n|switch|p1b: Ninetales|Ninetales-Alola, L50, M|100\/100\n|-weather|Snow|[from] ability: Snow Warning|[of] p1b: Ninetales\n|move|p2b: Archaludon|Electro Shot||[still]\n|-prepare|p2b: Archaludon|Electro Shot\n|-boost|p2b: Archaludon|spa|1\n|move|p1a: Rillaboom|Wood Hammer|p2a: Incineroar\n|-resisted|p2a: Incineroar\n|-damage|p2a: Incineroar|79\/100\n|-damage|p1a: Rillaboom|78\/100|[from] Recoil\n|\n|-weather|Snow|[upkeep]\n|-heal|p1a: Rillaboom|84\/100|[from] Grassy Terrain\n|-heal|p2a: Incineroar|85\/100|[from] Grassy Terrain\n|upkeep\n|turn|3\n|inactive|czgogogo has 30 seconds left.\n|\n|t:|1732867269\n|switch|p1a: Kingambit|Kingambit, L50, M, shiny|15\/100\n|move|p2a: Incineroar|Fake Out|p1a: Kingambit\n|-resisted|p1a: Kingambit\n|-damage|p1a: Kingambit|11\/100\n|move|p1b: Ninetales|Disable|p2b: Archaludon\n|-start|p2b: Archaludon|Disable|Electro Shot\n|cant|p2b: Archaludon|Disable|Electro Shot\n|\n|-weather|Snow|[upkeep]\n|-heal|p2a: Incineroar|91\/100|[from] Grassy Terrain\n|-heal|p1a: Kingambit|17\/100|[from] Grassy Terrain\n|upkeep\n|turn|4\n|\n|t:|1732867295\n|move|p1b: Ninetales|Encore|p2b: Archaludon\n|-start|p2b: Archaludon|Encore\n|cant|p2b: Archaludon|Disable|Electro Shot\n|move|p2a: Incineroar|Knock Off|p1b: Ninetales\n|-resisted|p1b: Ninetales\n|-damage|p1b: Ninetales|86\/100\n|-enditem|p1b: Ninetales|Covert Cloak|[from] move: Knock Off|[of] p2a: Incineroar\n|move|p1a: Kingambit|Low Kick|p2a: Incineroar\n|-supereffective|p2a: Incineroar\n|-damage|p2a: Incineroar|37\/100\n|\n|-weather|Snow|[upkeep]\n|-heal|p1b: Ninetales|92\/100|[from] Grassy Terrain\n|-heal|p2a: Incineroar|43\/100|[from] Grassy Terrain\n|-heal|p1a: Kingambit|23\/100|[from] Grassy Terrain\n|upkeep\n|turn|5\n|\n|t:|1732867317\n|switch|p2b: Basculegion|Basculegion, L50, M|100\/100\n|move|p1b: Ninetales|Encore|p2a: Incineroar\n|-start|p2a: Incineroar|Encore\n|move|p2a: Incineroar|Knock Off|p1a: Kingambit\n|-resisted|p1a: Kingambit\n|-damage|p1a: Kingambit|8\/100\n|-enditem|p1a: Kingambit|Black Glasses|[from] move: Knock Off|[of] p2a: Incineroar\n|move|p1a: Kingambit|Kowtow Cleave|p2b: Basculegion\n|-supereffective|p2b: Basculegion\n|-damage|p2b: Basculegion|0 fnt\n|faint|p2b: Basculegion\n|\n|-weather|Snow|[upkeep]\n|-heal|p1b: Ninetales|98\/100|[from] Grassy Terrain\n|-heal|p2a: Incineroar|49\/100|[from] Grassy Terrain\n|-heal|p1a: Kingambit|14\/100|[from] Grassy Terrain\n|-fieldend|move: Grassy Terrain\n|upkeep\n|-message|WattoVGC forfeited.\n|\n|win|czgogogo\n|raw|czgogogo's rating: 1638 &rarr; <strong>1663<\/strong><br \/>(+25 for winning)\n|raw|WattoVGC's rating: 1730 &rarr; <strong>1705<\/strong><br \/>(-25 for losing)\n|l|\u2606WattoVGC\n|player|p2|\n","uploadtime":1732867329,"views":13,"formatid":"gen9vgc2024regh","rating":1663,"private":0,"password":null}