{"id":"gen9vgc2024regh-2253244761","format":"[Gen 9] VGC 2024 Reg H","players":["Djjwjwwjj","Sheepie_Sheep1"],"log":"|j|\u2606Djjwjwwjj\n|j|\u2606Sheepie_Sheep1\n|t:|1732862087\n|gametype|doubles\n|player|p1|Djjwjwwjj|101|1793\n|player|p2|Sheepie_Sheep1|clerk|1656\n|teamsize|p1|6\n|teamsize|p2|6\n|gen|9\n|tier|[Gen 9] VGC 2024 Reg H\n|rated|\n|rule|Species Clause: Limit one of each Pok\u00e9mon\n|rule|Item Clause: Limit 1 of each item\n|clearpoke\n|poke|p1|Palafin, L50, F|\n|poke|p1|Pelipper, L50, F|\n|poke|p1|Electabuzz, L50, M|\n|poke|p1|Rillaboom, L50, F|\n|poke|p1|Incineroar, L50, M|\n|poke|p1|Gholdengo, L50|\n|poke|p2|Amoonguss, L50, M|\n|poke|p2|Hydreigon, L50, M|\n|poke|p2|Palafin, L50, M|\n|poke|p2|Gholdengo, L50|\n|poke|p2|Pelipper, L50, M|\n|poke|p2|Incineroar, L50, F|\n|teampreview|4\n|inactive|Battle timer is ON: inactive players will automatically lose when time's up. (requested by Djjwjwwjj)\n|inactive|Djjwjwwjj has 60 seconds left.\n|\n|t:|1732862147\n|start\n|switch|p1a: Palafin|Palafin, L50, F|100\/100\n|switch|p1b: Incineroar|Incineroar, L50, M|100\/100\n|switch|p2a: Palafin|Palafin, L50, M|100\/100\n|switch|p2b: Incineroar|Incineroar, L50, F|100\/100\n|-ability|p1b: Incineroar|Intimidate|boost\n|-unboost|p2a: Palafin|atk|1\n|-unboost|p2b: Incineroar|atk|1\n|-ability|p2b: Incineroar|Intimidate|boost\n|-unboost|p1a: Palafin|atk|1\n|-unboost|p1b: Incineroar|atk|1\n|turn|1\n|inactive|Djjwjwwjj has 30 seconds left.\n|inactive|Sheepie_Sheep1 has 30 seconds left.\n|inactive|Djjwjwwjj has 20 seconds left.\n|\n|t:|1732862186\n|detailschange|p2a: Palafin|Palafin-Hero, L50, M\n|switch|p2a: Pelipper|Pelipper, L50, M|100\/100\n|-weather|RainDance|[from] ability: Drizzle|[of] p2a: Pelipper\n|detailschange|p1a: Palafin|Palafin-Hero, L50, F\n|switch|p1a: Rillaboom|Rillaboom, L50, F|100\/100\n|-fieldstart|move: Grassy Terrain|[from] ability: Grassy Surge|[of] p1a: Rillaboom\n|move|p1b: Incineroar|Fake Out|p2b: Incineroar\n|-crit|p2b: Incineroar\n|-damage|p2b: Incineroar|84\/100\n|cant|p2b: Incineroar|flinch\n|\n|-weather|RainDance|[upkeep]\n|-heal|p2b: Incineroar|90\/100|[from] Grassy Terrain\n|upkeep\n|turn|2\n|inactive|Djjwjwwjj has 30 seconds left.\n|inactive|Sheepie_Sheep1 has 30 seconds left.\n|\n|t:|1732862213\n|move|p1a: Rillaboom|Fake Out|p2a: Pelipper\n|-damage|p2a: Pelipper|81\/100\n|cant|p2a: Pelipper|flinch\n|move|p1b: Incineroar|Parting Shot|p2b: Incineroar\n|-unboost|p2b: Incineroar|atk|1\n|-unboost|p2b: Incineroar|spa|1\n|\n|t:|1732862222\n|switch|p1b: Pelipper|Pelipper, L50, F|100\/100|[from] Parting Shot\n|move|p2b: Incineroar|U-turn|p1a: Rillaboom\n|-supereffective|p1a: Rillaboom\n|-crit|p1a: Rillaboom\n|-damage|p1a: Rillaboom|46\/100\n|\n|t:|1732862227\n|switch|p2b: Gholdengo|Gholdengo, L50|100\/100|[from] U-turn\n|\n|-weather|RainDance|[upkeep]\n|-heal|p1a: Rillaboom|52\/100|[from] Grassy Terrain\n|upkeep\n|turn|3\n|\n|t:|1732862250\n|-terastallize|p2a: Pelipper|Grass\n|move|p2b: Gholdengo|Protect|p2b: Gholdengo\n|-singleturn|p2b: Gholdengo|Protect\n|move|p1b: Pelipper|Icy Wind|p2b: Gholdengo|[spread] \n|-activate|p2b: Gholdengo|move: Protect\n|-miss|p1b: Pelipper|p2a: Pelipper\n|move|p2a: Pelipper|Tailwind|p2a: Pelipper\n|-sidestart|p2: Sheepie_Sheep1|move: Tailwind\n|move|p1a: Rillaboom|Wood Hammer|p2a: Pelipper\n|-resisted|p2a: Pelipper\n|-damage|p2a: Pelipper|26\/100\n|-damage|p1a: Rillaboom|40\/100|[from] Recoil\n|\n|-weather|RainDance|[upkeep]\n|-heal|p2a: Pelipper|32\/100|[from] Grassy Terrain\n|-heal|p1a: Rillaboom|46\/100|[from] Grassy Terrain\n|upkeep\n|turn|4\n|j| Treefolk\n|\n|t:|1732862274\n|move|p2b: Gholdengo|Shadow Ball|p1b: Pelipper\n|-damage|p1b: Pelipper|4\/100\n|-unboost|p1b: Pelipper|spd|1\n|-damage|p2b: Gholdengo|91\/100|[from] item: Life Orb\n|move|p2a: Pelipper|Hurricane|p1a: Rillaboom\n|-supereffective|p1a: Rillaboom\n|-damage|p1a: Rillaboom|0 fnt\n|faint|p1a: Rillaboom\n|move|p1b: Pelipper|Icy Wind|p2b: Gholdengo|[spread] p2a,p2b\n|-supereffective|p2a: Pelipper\n|-resisted|p2b: Gholdengo\n|-damage|p2a: Pelipper|0 fnt\n|-damage|p2b: Gholdengo|84\/100\n|-unboost|p2b: Gholdengo|spe|1\n|faint|p2a: Pelipper\n|\n|-weather|RainDance|[upkeep]\n|-heal|p2b: Gholdengo|91\/100|[from] Grassy Terrain\n|upkeep\n|inactive|Djjwjwwjj has 30 seconds left.\n|\n|t:|1732862302\n|switch|p2a: Incineroar|Incineroar, L50, F|90\/100\n|switch|p1a: Palafin|Palafin-Hero, L50, F|100\/100\n|-ability|p2a: Incineroar|Intimidate|boost\n|-unboost|p1a: Palafin|atk|1\n|-unboost|p1b: Pelipper|atk|1\n|-activate|p1a: Palafin|ability: Zero to Hero\n|turn|5\n|\n|t:|1732862315\n|switch|p1b: Incineroar|Incineroar, L50, M|100\/100\n|-ability|p1b: Incineroar|Intimidate|boost\n|-unboost|p2a: Incineroar|atk|1\n|-unboost|p2b: Gholdengo|atk|1\n|move|p2a: Incineroar|Fake Out|p1a: Palafin\n|-damage|p1a: Palafin|93\/100\n|move|p2b: Gholdengo|Shadow Ball|p1a: Palafin\n|-damage|p1a: Palafin|37\/100\n|-damage|p2b: Gholdengo|81\/100|[from] item: Life Orb\n|move|p1a: Palafin|Wave Crash|p2a: Incineroar\n|-supereffective|p2a: Incineroar\n|-damage|p2a: Incineroar|0 fnt\n|faint|p2a: Incineroar\n|-damage|p1a: Palafin|8\/100|[from] Recoil\n|\n|-weather|none\n|-heal|p2b: Gholdengo|87\/100|[from] Grassy Terrain\n|-heal|p1a: Palafin|14\/100|[from] Grassy Terrain\n|-fieldend|move: Grassy Terrain\n|upkeep\n|\n|t:|1732862324\n|switch|p2a: Palafin|Palafin-Hero, L50, M|100\/100\n|-activate|p2a: Palafin|ability: Zero to Hero\n|turn|6\n|inactive|Djjwjwwjj has 30 seconds left.\n|inactive|Djjwjwwjj has 20 seconds left.\n|inactive|Djjwjwwjj has 15 seconds left.\n|inactive|Djjwjwwjj has 10 seconds left.\n|\n|t:|1732862371\n|-terastallize|p1b: Incineroar|Grass\n|move|p2a: Palafin|Protect|p2a: Palafin\n|-singleturn|p2a: Palafin|Protect\n|move|p1a: Palafin|Jet Punch|p2b: Gholdengo\n|-damage|p2b: Gholdengo|55\/100\n|move|p2b: Gholdengo|Make It Rain|p1a: Palafin|[spread] p1a,p1b\n|-resisted|p1a: Palafin\n|-damage|p1a: Palafin|0 fnt\n|-damage|p1b: Incineroar|43\/100\n|-unboost|p2b: Gholdengo|spa|1\n|faint|p1a: Palafin\n|-damage|p2b: Gholdengo|46\/100|[from] item: Life Orb\n|move|p1b: Incineroar|Knock Off|p2b: Gholdengo\n|-supereffective|p2b: Gholdengo\n|-damage|p2b: Gholdengo|0 fnt\n|-enditem|p2b: Gholdengo|Life Orb|[from] move: Knock Off|[of] p1b: Incineroar\n|faint|p2b: Gholdengo\n|\n|-sideend|p2: Sheepie_Sheep1|move: Tailwind\n|upkeep\n|l| Treefolk\n|\n|t:|1732862393\n|switch|p1a: Pelipper|Pelipper, L50, F|4\/100\n|-weather|RainDance|[from] ability: Drizzle|[of] p1a: Pelipper\n|turn|7\n|\n|t:|1732862402\n|move|p2a: Palafin|Jet Punch|p1a: Pelipper\n|-resisted|p1a: Pelipper\n|-damage|p1a: Pelipper|0 fnt\n|faint|p1a: Pelipper\n|move|p1b: Incineroar|Knock Off|p2a: Palafin\n|-damage|p2a: Palafin|61\/100\n|-enditem|p2a: Palafin|Mystic Water|[from] move: Knock Off|[of] p1b: Incineroar\n|\n|-weather|RainDance|[upkeep]\n|upkeep\n|turn|8\n|\n|t:|1732862411\n|move|p2a: Palafin|Wave Crash|p1b: Incineroar\n|-resisted|p1b: Incineroar\n|-damage|p1b: Incineroar|0 fnt\n|faint|p1b: Incineroar\n|-damage|p2a: Palafin|47\/100|[from] Recoil\n|\n|win|Sheepie_Sheep1\n|raw|Djjwjwwjj's rating: 1793 &rarr; <strong>1765<\/strong><br \/>(-28 for losing)\n|raw|Sheepie_Sheep1's rating: 1638 &rarr; <strong>1666<\/strong><br \/>(+28 for winning)\n|c|\u2606Sheepie_Sheep1|gg wp\n|l|\u2606Sheepie_Sheep1\n|player|p2|\n","uploadtime":1732862667,"views":5,"formatid":"gen9vgc2024regh","rating":1666,"private":0,"password":null}