{"id":"gen9vgc2024regh-2253449781","format":"[Gen 9] VGC 2024 Reg H","players":["Bjorn1425","GiganTheGojira"],"log":"|j|\u2606Bjorn1425\n|j|\u2606GiganTheGojira\n|t:|1732895103\n|gametype|doubles\n|player|p1|Bjorn1425|2|1697\n|player|p2|GiganTheGojira|steven|1723\n|teamsize|p1|6\n|teamsize|p2|6\n|gen|9\n|tier|[Gen 9] VGC 2024 Reg H\n|rated|\n|rule|Species Clause: Limit one of each Pok\u00e9mon\n|rule|Item Clause: Limit 1 of each item\n|clearpoke\n|poke|p1|Gholdengo, L50|\n|poke|p1|Incineroar, L50, M|\n|poke|p1|Sneasler, L50, M|\n|poke|p1|Dragonite, L50, M|\n|poke|p1|Amoonguss, L50, F|\n|poke|p1|Ursaluna-Bloodmoon, L50, M|\n|poke|p2|Incineroar, L50, F|\n|poke|p2|Archaludon, L50, F|\n|poke|p2|Rillaboom, L50, M|\n|poke|p2|Pelipper, L50, F|\n|poke|p2|Amoonguss, L50, M|\n|poke|p2|Garchomp, L50, F|\n|teampreview|4\n|\n|t:|1732895136\n|start\n|switch|p1a: Gholdengo|Gholdengo, L50|100\/100\n|switch|p1b: Dragonite|Dragonite, L50, M, shiny|100\/100\n|switch|p2a: Pelipper|Pelipper, L50, F|100\/100\n|switch|p2b: Garchomp|Garchomp, L50, F|100\/100\n|-weather|RainDance|[from] ability: Drizzle|[of] p2a: Pelipper\n|turn|1\n|\n|t:|1732895163\n|-terastallize|p2b: Garchomp|Ground\n|-terastallize|p1a: Gholdengo|Water\n|move|p2a: Pelipper|Wide Guard|p2a: Pelipper\n|-singleturn|p2a: Pelipper|Wide Guard\n|move|p2b: Garchomp|Earthquake|p1b: Dragonite|[spread] p1a\n|-activate|p2a: Pelipper|move: Wide Guard\n|-immune|p1b: Dragonite\n|-damage|p1a: Gholdengo|25\/100\n|-damage|p2b: Garchomp|91\/100|[from] item: Life Orb\n|move|p1a: Gholdengo|Make It Rain|p2b: Garchomp|[spread] \n|-activate|p2a: Pelipper|move: Wide Guard\n|-activate|p2b: Garchomp|move: Wide Guard\n|move|p1b: Dragonite|Scale Shot|p2a: Pelipper\n|-damage|p2a: Pelipper|80\/100\n|-damage|p2a: Pelipper|62\/100\n|-damage|p2a: Pelipper|42\/100\n|-crit|p2a: Pelipper\n|-damage|p2a: Pelipper|14\/100\n|-damage|p2a: Pelipper|0 fnt\n|faint|p2a: Pelipper\n|-hitcount|p2: Pelipper|5\n|-unboost|p1b: Dragonite|def|1\n|-boost|p1b: Dragonite|spe|1\n|\n|-weather|RainDance|[upkeep]\n|upkeep\n|\n|t:|1732895186\n|switch|p2a: Incineroar|Incineroar, L50, F|100\/100\n|-ability|p2a: Incineroar|Intimidate|boost\n|-unboost|p1a: Gholdengo|atk|1\n|-unboost|p1b: Dragonite|atk|1\n|turn|2\n|\n|t:|1732895194\n|switch|p2b: Archaludon|Archaludon, L50, F|100\/100\n|move|p2a: Incineroar|Fake Out|p1b: Dragonite\n|-damage|p1b: Dragonite|92\/100\n|cant|p1b: Dragonite|flinch\n|move|p1a: Gholdengo|Make It Rain|p2b: Archaludon|[spread] p2a,p2b\n|-resisted|p2a: Incineroar\n|-resisted|p2b: Archaludon\n|-damage|p2a: Incineroar|77\/100\n|-damage|p2b: Archaludon|80\/100\n|-unboost|p1a: Gholdengo|spa|1\n|-ability|p2b: Archaludon|Stamina|boost\n|-boost|p2b: Archaludon|def|1\n|-damage|p1a: Gholdengo|15\/100|[from] item: Life Orb\n|\n|-weather|RainDance|[upkeep]\n|upkeep\n|turn|3\n|\n|t:|1732895207\n|move|p1b: Dragonite|Haze|p1b: Dragonite\n|-clearallboost\n|move|p1a: Gholdengo|Shadow Ball|p2b: Archaludon\n|-crit|p2b: Archaludon\n|-damage|p2b: Archaludon|16\/100\n|-ability|p2b: Archaludon|Stamina|boost\n|-boost|p2b: Archaludon|def|1\n|-damage|p1a: Gholdengo|5\/100|[from] item: Life Orb\n|move|p2b: Archaludon|Electro Shot||[still]\n|-prepare|p2b: Archaludon|Electro Shot\n|-boost|p2b: Archaludon|spa|1\n|-anim|p2b: Archaludon|Electro Shot|p1a: Gholdengo\n|-supereffective|p1a: Gholdengo\n|-damage|p1a: Gholdengo|0 fnt\n|faint|p1a: Gholdengo\n|move|p2a: Incineroar|Knock Off|p1b: Dragonite\n|-damage|p1b: Dragonite|53\/100\n|-enditem|p1b: Dragonite|Loaded Dice|[from] move: Knock Off|[of] p2a: Incineroar\n|\n|-weather|RainDance|[upkeep]\n|upkeep\n|\n|t:|1732895212\n|switch|p1a: Sneasler|Sneasler, L50, M, shiny|100\/100\n|turn|4\n|\n|t:|1732895233\n|move|p1a: Sneasler|Close Combat|p2b: Archaludon\n|-supereffective|p2b: Archaludon\n|-damage|p2b: Archaludon|0 fnt\n|-unboost|p1a: Sneasler|def|1\n|-unboost|p1a: Sneasler|spd|1\n|faint|p2b: Archaludon\n|move|p1b: Dragonite|Tailwind|p1b: Dragonite\n|-sidestart|p1: Bjorn1425|move: Tailwind\n|move|p2a: Incineroar|Knock Off|p1a: Sneasler\n|-resisted|p1a: Sneasler\n|-damage|p1a: Sneasler|54\/100\n|-enditem|p1a: Sneasler|Focus Sash|[from] move: Knock Off|[of] p2a: Incineroar\n|\n|-weather|RainDance|[upkeep]\n|upkeep\n|\n|t:|1732895235\n|switch|p2b: Garchomp|Garchomp, L50, F, tera:Ground|91\/100\n|turn|5\n|\n|t:|1732895247\n|move|p2b: Garchomp|Protect|p2b: Garchomp\n|-singleturn|p2b: Garchomp|Protect\n|move|p1a: Sneasler|Close Combat|p2a: Incineroar\n|-supereffective|p2a: Incineroar\n|-damage|p2a: Incineroar|0 fnt\n|-unboost|p1a: Sneasler|def|1\n|-unboost|p1a: Sneasler|spd|1\n|faint|p2a: Incineroar\n|move|p1b: Dragonite|Scale Shot|p2b: Garchomp\n|-activate|p2b: Garchomp|move: Protect\n|\n|-weather|none\n|upkeep\n|turn|6\n|j| judang\n|\n|t:|1732895256\n|move|p1a: Sneasler|Close Combat|p2b: Garchomp\n|-damage|p2b: Garchomp|31\/100\n|-unboost|p1a: Sneasler|def|1\n|-unboost|p1a: Sneasler|spd|1\n|-damage|p1a: Sneasler|42\/100|[from] ability: Rough Skin|[of] p2b: Garchomp\n|move|p1b: Dragonite|Scale Shot|p2b: Garchomp\n|-damage|p2b: Garchomp|16\/100\n|-damage|p2b: Garchomp|1\/100\n|-damage|p2b: Garchomp|0 fnt\n|faint|p2b: Garchomp\n|-hitcount|p2: Garchomp|3\n|\n|win|Bjorn1425\n|raw|Bjorn1425's rating: 1697 &rarr; <strong>1718<\/strong><br \/>(+21 for winning)\n|raw|GiganTheGojira's rating: 1723 &rarr; <strong>1702<\/strong><br \/>(-21 for losing)\n|l|\u2606GiganTheGojira\n|player|p2|\n|l|\u2606Bjorn1425\n|player|p1|\n|j|\u2606Bjorn1425\n|player|p1|Bjorn1425|2|\n|l|\u2606Bjorn1425\n|player|p1|\n","uploadtime":1732895504,"views":5,"formatid":"gen9vgc2024regh","rating":1702,"private":0,"password":null}