{"id":"gen9vgc2024regh-2253472284","format":"[Gen 9] VGC 2024 Reg H","players":["judang","TheDecommissioner"],"log":"|j|\u2606judang\n|j|\u2606TheDecommissioner\n|t:|1732897804\n|gametype|doubles\n|player|p1|judang|ruinmaniac|1757\n|player|p2|TheDecommissioner|preschooler|1769\n|teamsize|p1|6\n|teamsize|p2|6\n|gen|9\n|tier|[Gen 9] VGC 2024 Reg H\n|rated|\n|rule|Species Clause: Limit one of each Pok\u00e9mon\n|rule|Item Clause: Limit 1 of each item\n|clearpoke\n|poke|p1|Torkoal, L50, F|\n|poke|p1|Lilligant-Hisui, L50, F|\n|poke|p1|Ursaluna-Bloodmoon, L50, M|\n|poke|p1|Farigiraf, L50, F|\n|poke|p1|Dragapult, L50, F|\n|poke|p1|Malamar, L50, F|\n|poke|p2|Indeedee-F, L50, F|\n|poke|p2|Kleavor, L50, M|\n|poke|p2|Torkoal, L50, F|\n|poke|p2|Archaludon, L50, M|\n|poke|p2|Lilligant-Hisui, L50, F|\n|poke|p2|Ursaluna, L50, M|\n|teampreview|4\n|inactive|Battle timer is ON: inactive players will automatically lose when time's up. (requested by TheDecommissioner)\n|inactive|judang has 60 seconds left.\n|\n|t:|1732897837\n|start\n|switch|p1a: Ursaluna|Ursaluna-Bloodmoon, L50, M|100\/100\n|switch|p1b: Dragapult|Dragapult, L50, F|100\/100\n|switch|p2a: Talking|Lilligant-Hisui, L50, F|100\/100\n|switch|p2b: Again|Ursaluna, L50, M|100\/100\n|turn|1\n|inactive|TheDecommissioner has 30 seconds left.\n|inactive|TheDecommissioner has 20 seconds left.\n|inactive|TheDecommissioner has 15 seconds left.\n|inactive|TheDecommissioner has 10 seconds left.\n|inactive|TheDecommissioner has 5 seconds left.\n|\n|t:|1732897892\n|-terastallize|p1a: Ursaluna|Normal\n|move|p2b: Again|Protect|p2b: Again\n|-singleturn|p2b: Again|Protect\n|move|p1b: Dragapult|Dragon Darts|p2a: Talking\n|-damage|p2a: Talking|39\/100\n|-anim|p1b: Dragapult|Dragon Darts|p2a: Talking\n|-damage|p2a: Talking|0 fnt\n|faint|p2a: Talking\n|move|p1a: Ursaluna|Hyper Voice|p2b: Again\n|-activate|p2b: Again|move: Protect\n|\n|-status|p2b: Again|brn|[from] item: Flame Orb\n|upkeep\n|l|\u2606TheDecommissioner\n|inactive|TheDecommissioner disconnected and has a minute to reconnect!\n|player|p2|\n|inactive|TheDecommissioner has 30 seconds left.\n|j|\u2606TheDecommissioner\n|inactive|TheDecommissioner reconnected and has 30 seconds left.\n|player|p2|TheDecommissioner|preschooler|\n|\n|t:|1732897923\n|switch|p2a: Help|Indeedee-F, L50, F|100\/100\n|-fieldstart|move: Psychic Terrain|[from] ability: Psychic Surge|[of] p2a: Help\n|-enditem|p2a: Help|Psychic Seed\n|-boost|p2a: Help|spd|1|[from] item: Psychic Seed\n|turn|2\n|j| hey there delibird\n|inactive|TheDecommissioner has 30 seconds left.\n|\n|t:|1732897948\n|move|p1b: Dragapult|Dragon Darts|p2b: Again\n|-damage|p2b: Again|72\/100 brn\n|-anim|p1b: Dragapult|Dragon Darts|p2a: Help\n|-damage|p2a: Help|68\/100\n|move|p1a: Ursaluna|Hyper Voice|p2a: Help|[spread] p2a,p2b\n|-damage|p2a: Help|33\/100\n|-damage|p2b: Again|32\/100 brn\n|move|p2b: Again|Facade|p1a: Ursaluna\n|-crit|p1a: Ursaluna\n|-damage|p1a: Ursaluna|0 fnt\n|faint|p1a: Ursaluna\n|move|p2a: Help|Trick Room|p2a: Help\n|-fieldstart|move: Trick Room|[of] p2a: Help\n|\n|-damage|p2b: Again|27\/100 brn|[from] brn\n|upkeep\n|\n|t:|1732897962\n|switch|p1a: Torkoal|Torkoal, L50, F|100\/100\n|-weather|SunnyDay|[from] ability: Drought|[of] p1a: Torkoal\n|turn|3\n|\n|t:|1732897983\n|switch|p1b: Lilligant|Lilligant-Hisui, L50, F|100\/100\n|move|p1a: Torkoal|Eruption|p2b: Again|[spread] p2a,p2b\n|-damage|p2a: Help|0 fnt\n|-damage|p2b: Again|0 fnt\n|faint|p2a: Help\n|faint|p2b: Again\n|\n|-weather|SunnyDay|[upkeep]\n|upkeep\n|\n|t:|1732897986\n|switch|p2a: Turtle|Torkoal, L50, F|100\/100\n|turn|4\n|\n|t:|1732897993\n|-terastallize|p2a: Turtle|Fire\n|move|p1a: Torkoal|Protect|p1a: Torkoal\n|-singleturn|p1a: Torkoal|Protect\n|move|p2a: Turtle|Eruption|p1a: Torkoal|[spread] p1b\n|-activate|p1a: Torkoal|move: Protect\n|-supereffective|p1b: Lilligant\n|-enditem|p1b: Lilligant|Focus Sash\n|-damage|p1b: Lilligant|1\/100\n|move|p1b: Lilligant|Close Combat|p2a: Turtle\n|-damage|p2a: Turtle|59\/100\n|-unboost|p1b: Lilligant|def|1\n|-unboost|p1b: Lilligant|spd|1\n|\n|-weather|SunnyDay|[upkeep]\n|upkeep\n|turn|5\n|\n|t:|1732898011\n|switch|p1b: Dragapult|Dragapult, L50, F|100\/100\n|move|p1a: Torkoal|Eruption|p2a: Turtle\n|-resisted|p2a: Turtle\n|-damage|p2a: Turtle|0 fnt\n|faint|p2a: Turtle\n|\n|win|judang\n|raw|judang's rating: 1757 &rarr; <strong>1778<\/strong><br \/>(+21 for winning)\n|raw|TheDecommissioner's rating: 1769 &rarr; <strong>1748<\/strong><br \/>(-21 for losing)\n|l|\u2606TheDecommissioner\n|player|p2|\n|l| hey there delibird\n","uploadtime":1732898278,"views":27,"formatid":"gen9vgc2024regh","rating":1748,"private":0,"password":null}