{"id":"gen9vgc2024regh-2253964608","format":"[Gen 9] VGC 2024 Reg H","players":["Zordor","ClavicepsPurpurea"],"log":"|j|\u2606Zordor\n|j|\u2606ClavicepsPurpurea\n|t:|1732972516\n|gametype|doubles\n|player|p1|Zordor|pilot|1757\n|player|p2|ClavicepsPurpurea|hiker-gen4|1686\n|teamsize|p1|6\n|teamsize|p2|6\n|gen|9\n|tier|[Gen 9] VGC 2024 Reg H\n|rated|\n|rule|Species Clause: Limit one of each Pok\u00e9mon\n|rule|Item Clause: Limit 1 of each item\n|clearpoke\n|poke|p1|Rotom-Wash, L50|\n|poke|p1|Sneasler, L50, M|\n|poke|p1|Armarouge, L50, M|\n|poke|p1|Venusaur, L50, M|\n|poke|p1|Scizor, L50, F|\n|poke|p1|Dragapult, L50, M|\n|poke|p2|Amoonguss, L50, F|\n|poke|p2|Incineroar, L50, M|\n|poke|p2|Kingambit, L50, M|\n|poke|p2|Ninetales-Alola, L50, M|\n|poke|p2|Garchomp, L50, M|\n|poke|p2|Dragonite, L50, F|\n|teampreview|4\n|\n|t:|1732972566\n|start\n|switch|p1a: Rotom|Rotom-Wash, L50|100\/100\n|switch|p1b: Sneasler|Sneasler, L50, M|100\/100\n|switch|p2a: Incineroar|Incineroar, L50, M, shiny|100\/100\n|switch|p2b: Amoonguss|Amoonguss, L50, F|100\/100\n|-ability|p2a: Incineroar|Intimidate|boost\n|-unboost|p1a: Rotom|atk|1\n|-unboost|p1b: Sneasler|atk|1\n|turn|1\n|\n|t:|1732972580\n|move|p1b: Sneasler|Protect|p1b: Sneasler\n|-singleturn|p1b: Sneasler|Protect\n|move|p1a: Rotom|Protect|p1a: Rotom\n|-singleturn|p1a: Rotom|Protect\n|move|p2a: Incineroar|Fake Out|p1b: Sneasler\n|-activate|p1b: Sneasler|move: Protect\n|move|p2b: Amoonguss|Spore|p1b: Sneasler\n|-activate|p1b: Sneasler|move: Protect\n|\n|upkeep\n|turn|2\n|\n|t:|1732972599\n|move|p2b: Amoonguss|Rage Powder|p2b: Amoonguss\n|-singleturn|p2b: Amoonguss|move: Rage Powder\n|move|p1b: Sneasler|Dire Claw|p2b: Amoonguss\n|-damage|p2b: Amoonguss|76\/100\n|move|p1a: Rotom|Hydro Pump|p2b: Amoonguss\n|-resisted|p2b: Amoonguss\n|-damage|p2b: Amoonguss|62\/100\n|move|p2a: Incineroar|Knock Off|p1b: Sneasler\n|-resisted|p1b: Sneasler\n|-damage|p1b: Sneasler|65\/100\n|-enditem|p1b: Sneasler|Focus Sash|[from] move: Knock Off|[of] p2a: Incineroar\n|\n|upkeep\n|turn|3\n|\n|t:|1732972622\n|move|p2b: Amoonguss|Rage Powder|p2b: Amoonguss\n|-singleturn|p2b: Amoonguss|move: Rage Powder\n|move|p1b: Sneasler|Dire Claw|p2b: Amoonguss\n|-damage|p2b: Amoonguss|39\/100\n|-enditem|p2b: Amoonguss|Sitrus Berry|[eat]\n|-heal|p2b: Amoonguss|64\/100|[from] item: Sitrus Berry\n|move|p1a: Rotom|Hydro Pump|p2b: Amoonguss\n|-resisted|p2b: Amoonguss\n|-damage|p2b: Amoonguss|50\/100\n|move|p2a: Incineroar|Parting Shot|p1b: Sneasler\n|-unboost|p1b: Sneasler|atk|1\n|-unboost|p1b: Sneasler|spa|1\n|\n|t:|1732972637\n|switch|p2a: Dragonite|Dragonite, L50, F|100\/100|[from] Parting Shot\n|\n|upkeep\n|turn|4\n|\n|t:|1732972648\n|switch|p2b: Incineroar|Incineroar, L50, M, shiny|100\/100\n|-ability|p2b: Incineroar|Intimidate|boost\n|-unboost|p1a: Rotom|atk|1\n|-unboost|p1b: Sneasler|atk|1\n|move|p2a: Dragonite|Extreme Speed|p1a: Rotom\n|-damage|p1a: Rotom|68\/100\n|move|p1b: Sneasler|Dire Claw|p2b: Incineroar\n|-damage|p2b: Incineroar|85\/100\n|-status|p2b: Incineroar|slp\n|-damage|p1b: Sneasler|48\/100|[from] item: Rocky Helmet|[of] p2b: Incineroar\n|move|p1a: Rotom|Electroweb|p2b: Incineroar|[spread] p2a,p2b\n|-damage|p2a: Dragonite|96\/100\n|-damage|p2b: Incineroar|73\/100 slp\n|-unboost|p2a: Dragonite|spe|1\n|-unboost|p2b: Incineroar|spe|1\n|\n|upkeep\n|turn|5\n|\n|t:|1732972670\n|switch|p1b: Armarouge|Armarouge, L50, M|100\/100\n|switch|p2b: Amoonguss|Amoonguss, L50, F|83\/100\n|move|p2a: Dragonite|Extreme Speed|p1a: Rotom\n|-damage|p1a: Rotom|38\/100\n|move|p1a: Rotom|Will-O-Wisp|p2a: Dragonite\n|-status|p2a: Dragonite|brn\n|\n|-damage|p2a: Dragonite|90\/100 brn|[from] brn\n|upkeep\n|turn|6\n|\n|t:|1732972698\n|switch|p2b: Incineroar|Incineroar, L50, M, shiny|73\/100 slp\n|-ability|p2b: Incineroar|Intimidate|boost\n|-unboost|p1a: Rotom|atk|1\n|-unboost|p1b: Armarouge|atk|1\n|move|p1b: Armarouge|Protect|p1b: Armarouge\n|-singleturn|p1b: Armarouge|Protect\n|move|p2a: Dragonite|Extreme Speed|p1b: Armarouge\n|-activate|p1b: Armarouge|move: Protect\n|move|p1a: Rotom|Electroweb|p2a: Dragonite|[spread] p2a,p2b\n|-crit|p2b: Incineroar\n|-damage|p2a: Dragonite|81\/100 brn\n|-damage|p2b: Incineroar|56\/100 slp\n|-unboost|p2a: Dragonite|spe|1\n|-unboost|p2b: Incineroar|spe|1\n|\n|-damage|p2a: Dragonite|75\/100 brn|[from] brn\n|upkeep\n|turn|7\n|\n|t:|1732972715\n|cant|p2b: Incineroar|slp\n|move|p2a: Dragonite|Extreme Speed|p1b: Armarouge\n|-damage|p1b: Armarouge|86\/100\n|move|p1a: Rotom|Hydro Pump|p2b: Incineroar\n|-supereffective|p2b: Incineroar\n|-damage|p2b: Incineroar|0 fnt\n|faint|p2b: Incineroar\n|move|p1b: Armarouge|Meteor Beam||[still]\n|-prepare|p1b: Armarouge|Meteor Beam\n|-boost|p1b: Armarouge|spa|1\n|-enditem|p1b: Armarouge|Power Herb\n|-anim|p1b: Armarouge|Meteor Beam|p2a: Dragonite\n|-supereffective|p2a: Dragonite\n|-crit|p2a: Dragonite\n|-damage|p2a: Dragonite|0 fnt\n|faint|p2a: Dragonite\n|\n|upkeep\n|\n|t:|1732972726\n|switch|p2a: Ninetales|Ninetales-Alola, L50, M, shiny|100\/100\n|switch|p2b: Amoonguss|Amoonguss, L50, F|100\/100\n|-weather|Snow|[from] ability: Snow Warning|[of] p2a: Ninetales\n|turn|8\n|\n|t:|1732972743\n|-terastallize|p2b: Amoonguss|Water\n|move|p2b: Amoonguss|Rage Powder|p2b: Amoonguss\n|-singleturn|p2b: Amoonguss|move: Rage Powder\n|move|p2a: Ninetales|Blizzard|p1a: Rotom|[spread] p1a,p1b\n|-resisted|p1a: Rotom\n|-resisted|p1b: Armarouge\n|-damage|p1a: Rotom|19\/100\n|-damage|p1b: Armarouge|64\/100\n|-enditem|p1a: Rotom|Wiki Berry|[eat]\n|-heal|p1a: Rotom|52\/100|[from] item: Wiki Berry\n|move|p1a: Rotom|Electroweb|p2a: Ninetales|[spread] p2a,p2b\n|-supereffective|p2b: Amoonguss\n|-damage|p2a: Ninetales|84\/100\n|-damage|p2b: Amoonguss|78\/100\n|-unboost|p2a: Ninetales|spe|1\n|-unboost|p2b: Amoonguss|spe|1\n|move|p1b: Armarouge|Heat Wave|p2a: Ninetales|[spread] \n|-miss|p1b: Armarouge|p2a: Ninetales\n|-miss|p1b: Armarouge|p2b: Amoonguss\n|\n|-weather|Snow|[upkeep]\n|upkeep\n|turn|9\n|-message|ClavicepsPurpurea forfeited.\n|\n|win|Zordor\n|raw|Zordor's rating: 1757 &rarr; <strong>1773<\/strong><br \/>(+16 for winning)\n|raw|ClavicepsPurpurea's rating: 1686 &rarr; <strong>1670<\/strong><br \/>(-16 for losing)\n|l|\u2606ClavicepsPurpurea\n|player|p2|\n|l|\u2606Zordor\n|player|p1|\n","uploadtime":1732973010,"views":16,"formatid":"gen9vgc2024regh","rating":1670,"private":0,"password":null}