{"id":"gen9vgc2024regh-2253519470","format":"[Gen 9] VGC 2024 Reg H","players":["sailyors","judang"],"log":"|j|\u2606sailyors\n|j|\u2606judang\n|t:|1732903455\n|gametype|doubles\n|player|p1|sailyors|iris-gen5bw2|1666\n|player|p2|judang|ruinmaniac|1704\n|teamsize|p1|6\n|teamsize|p2|6\n|gen|9\n|tier|[Gen 9] VGC 2024 Reg H\n|rated|\n|rule|Species Clause: Limit one of each Pok\u00e9mon\n|rule|Item Clause: Limit 1 of each item\n|clearpoke\n|poke|p1|Ninetales-Alola, L50, M|\n|poke|p1|Maushold, L50|\n|poke|p1|Sinistcha, L50|\n|poke|p1|Annihilape, L50, F|\n|poke|p1|Incineroar, L50, F|\n|poke|p1|Dragonite, L50, M|\n|poke|p2|Torkoal, L50, F|\n|poke|p2|Lilligant-Hisui, L50, F|\n|poke|p2|Ursaluna-Bloodmoon, L50, M|\n|poke|p2|Farigiraf, L50, M|\n|poke|p2|Dragapult, L50, F|\n|poke|p2|Malamar, L50, F|\n|teampreview|4\n|inactive|Battle timer is ON: inactive players will automatically lose when time's up. (requested by sailyors)\n|inactive|judang has 60 seconds left.\n|j| dialgasucksnow\n|inactive|judang has 30 seconds left.\n|j| sevenstarsvgc\n|inactive|judang has 20 seconds left.\n|\n|t:|1732903531\n|start\n|switch|p1a: Dragonite|Dragonite, L50, M|100\/100\n|switch|p1b: Incineroar|Incineroar, L50, F|100\/100\n|switch|p2a: Farigiraf|Farigiraf, L50, M|100\/100\n|switch|p2b: Ursaluna|Ursaluna-Bloodmoon, L50, M|100\/100\n|-ability|p1b: Incineroar|Intimidate|boost\n|-unboost|p2a: Farigiraf|atk|1\n|-unboost|p2b: Ursaluna|atk|1\n|turn|1\n|\n|t:|1732903555\n|-terastallize|p2b: Ursaluna|Normal\n|move|p1a: Dragonite|Scale Shot|p2a: Farigiraf\n|-damage|p2a: Farigiraf|89\/100\n|-damage|p2a: Farigiraf|76\/100\n|-damage|p2a: Farigiraf|63\/100\n|-damage|p2a: Farigiraf|50\/100\n|-hitcount|p2a: Farigiraf|4\n|-unboost|p1a: Dragonite|def|1\n|-boost|p1a: Dragonite|spe|1\n|move|p1b: Incineroar|Snarl|p2b: Ursaluna|[spread] p2a,p2b\n|-supereffective|p2a: Farigiraf\n|-damage|p2a: Farigiraf|33\/100\n|-damage|p2b: Ursaluna|94\/100\n|-unboost|p2a: Farigiraf|spa|1\n|-unboost|p2b: Ursaluna|spa|1\n|move|p2b: Ursaluna|Hyper Voice|p1a: Dragonite|[spread] p1a,p1b\n|-damage|p1a: Dragonite|84\/100\n|-damage|p1b: Incineroar|84\/100\n|move|p2a: Farigiraf|Trick Room|p2a: Farigiraf\n|-fieldstart|move: Trick Room|[of] p2a: Farigiraf\n|\n|upkeep\n|turn|2\n|inactive|judang has 30 seconds left.\n|l| dialgasucksnow\n|\n|t:|1732903590\n|move|p2a: Farigiraf|Helping Hand|p2b: Ursaluna\n|-singleturn|p2b: Ursaluna|Helping Hand|[of] p2a: Farigiraf\n|move|p1a: Dragonite|Protect|p1a: Dragonite\n|-singleturn|p1a: Dragonite|Protect\n|move|p2b: Ursaluna|Blood Moon|p1a: Dragonite\n|-activate|p1a: Dragonite|move: Protect\n|move|p1b: Incineroar|Snarl|p2b: Ursaluna|[spread] p2a,p2b\n|-supereffective|p2a: Farigiraf\n|-crit|p2b: Ursaluna\n|-damage|p2a: Farigiraf|16\/100\n|-damage|p2b: Ursaluna|84\/100\n|-unboost|p2a: Farigiraf|spa|1\n|-unboost|p2b: Ursaluna|spa|1\n|\n|upkeep\n|turn|3\n|\n|t:|1732903605\n|move|p2a: Farigiraf|Helping Hand|p2b: Ursaluna\n|-singleturn|p2b: Ursaluna|Helping Hand|[of] p2a: Farigiraf\n|move|p2b: Ursaluna|Earth Power|p1b: Incineroar\n|-supereffective|p1b: Incineroar\n|-damage|p1b: Incineroar|44\/100\n|move|p1b: Incineroar|U-turn|p2a: Farigiraf\n|-supereffective|p2a: Farigiraf\n|-damage|p2a: Farigiraf|0 fnt\n|faint|p2a: Farigiraf\n|\n|t:|1732903612\n|switch|p1b: Sinistcha|Sinistcha, L50|100\/100|[from] U-turn\n|-heal|p1a: Dragonite|100\/100|[from] ability: Hospitality|[of] p1b: Sinistcha\n|move|p1a: Dragonite|Scale Shot|p2b: Ursaluna\n|-damage|p2b: Ursaluna|73\/100\n|-damage|p2b: Ursaluna|62\/100\n|-damage|p2b: Ursaluna|52\/100\n|-damage|p2b: Ursaluna|42\/100\n|-damage|p2b: Ursaluna|31\/100\n|-hitcount|p2b: Ursaluna|5\n|-unboost|p1a: Dragonite|def|1\n|-boost|p1a: Dragonite|spe|1\n|\n|upkeep\n|\n|t:|1732903621\n|switch|p2a: Torkoal|Torkoal, L50, F|100\/100\n|-weather|SunnyDay|[from] ability: Drought|[of] p2a: Torkoal\n|turn|4\n|\n|t:|1732903635\n|switch|p2b: Lilligant|Lilligant-Hisui, L50, F|100\/100\n|-terastallize|p1b: Sinistcha|Fire\n|move|p1a: Dragonite|Protect|p1a: Dragonite\n|-singleturn|p1a: Dragonite|Protect\n|move|p2a: Torkoal|Eruption|p1a: Dragonite|[spread] p1b\n|-activate|p1a: Dragonite|move: Protect\n|-resisted|p1b: Sinistcha\n|-damage|p1b: Sinistcha|57\/100\n|move|p1b: Sinistcha|Trick Room|p1b: Sinistcha\n|-fieldend|move: Trick Room\n|\n|-weather|SunnyDay|[upkeep]\n|upkeep\n|turn|5\n|inactive|judang has 30 seconds left.\n|\n|t:|1732903667\n|switch|p1b: Ninetales|Ninetales-Alola, L50, M|100\/100\n|-weather|Snow|[from] ability: Snow Warning|[of] p1b: Ninetales\n|move|p1a: Dragonite|Scale Shot|p2b: Lilligant\n|-damage|p2b: Lilligant|77\/100\n|-damage|p2b: Lilligant|54\/100\n|-damage|p2b: Lilligant|29\/100\n|-damage|p2b: Lilligant|5\/100\n|-damage|p2b: Lilligant|0 fnt\n|faint|p2b: Lilligant\n|-hitcount|p2: Lilligant|5\n|-unboost|p1a: Dragonite|def|1\n|-boost|p1a: Dragonite|spe|1\n|move|p2a: Torkoal|Eruption|p1b: Ninetales|[spread] p1a,p1b\n|-resisted|p1a: Dragonite\n|-supereffective|p1b: Ninetales\n|-damage|p1a: Dragonite|87\/100\n|-damage|p1b: Ninetales|0 fnt\n|faint|p1b: Ninetales\n|\n|-weather|Snow|[upkeep]\n|upkeep\n|\n|t:|1732903688\n|switch|p1b: Sinistcha|Sinistcha, L50, tera:Fire|57\/100\n|switch|p2b: Ursaluna|Ursaluna-Bloodmoon, L50, M, tera:Normal|31\/100\n|-heal|p1a: Dragonite|100\/100|[from] ability: Hospitality|[of] p1b: Sinistcha\n|turn|6\n|\n|t:|1732903706\n|move|p1b: Sinistcha|Rage Powder|p1b: Sinistcha\n|-singleturn|p1b: Sinistcha|move: Rage Powder\n|move|p2b: Ursaluna|Vacuum Wave|p1b: Sinistcha\n|-damage|p1b: Sinistcha|39\/100\n|move|p1a: Dragonite|Stomping Tantrum|p2a: Torkoal\n|-supereffective|p2a: Torkoal\n|-damage|p2a: Torkoal|55\/100\n|move|p2a: Torkoal|Eruption|p1a: Dragonite|[spread] p1a,p1b\n|-resisted|p1a: Dragonite\n|-resisted|p1b: Sinistcha\n|-damage|p1a: Dragonite|93\/100\n|-damage|p1b: Sinistcha|23\/100\n|\n|-weather|Snow|[upkeep]\n|upkeep\n|turn|7\n|-message|judang forfeited.\n|\n|win|sailyors\n|raw|sailyors's rating: 1666 &rarr; <strong>1688<\/strong><br \/>(+22 for winning)\n|raw|judang's rating: 1704 &rarr; <strong>1682<\/strong><br \/>(-22 for losing)\n|l|\u2606sailyors\n|player|p1|\n|l| sevenstarsvgc\n|l|\u2606judang\n|player|p2|\n","uploadtime":1732903946,"views":6,"formatid":"gen9vgc2024regh","rating":1682,"private":0,"password":null}