{"id":"gen9vgc2024regh-2253637418","format":"[Gen 9] VGC 2024 Reg H","players":["PritzShow","marcxhenry"],"log":"|j|\u2606PritzShow\n|j|\u2606marcxhenry\n|t:|1732917890\n|gametype|doubles\n|player|p1|PritzShow|170|1655\n|player|p2|marcxhenry|plasmagrunt-gen5bw|1806\n|teamsize|p1|6\n|teamsize|p2|6\n|gen|9\n|tier|[Gen 9] VGC 2024 Reg H\n|rated|\n|rule|Species Clause: Limit one of each Pok\u00e9mon\n|rule|Item Clause: Limit 1 of each item\n|clearpoke\n|poke|p1|Palafin, L50, F|\n|poke|p1|Amoonguss, L50, M|\n|poke|p1|Weezing, L50, F|\n|poke|p1|Arcanine-Hisui, L50, M|\n|poke|p1|Gholdengo, L50|\n|poke|p1|Hydreigon, L50, F|\n|poke|p2|Tatsugiri, L50, M|\n|poke|p2|Weezing-Galar, L50, M|\n|poke|p2|Indeedee-F, L50, F|\n|poke|p2|Armarouge, L50, M|\n|poke|p2|Slaking, L50, M|\n|poke|p2|Dondozo, L50, M|\n|teampreview|4\n|inactive|Battle timer is ON: inactive players will automatically lose when time's up. (requested by PritzShow)\n|inactive|PritzShow has 60 seconds left.\n|inactive|marcxhenry has 60 seconds left.\n|j| Sharoomba\n|l| Sharoomba\n|\n|t:|1732917941\n|start\n|switch|p1a: Palafin|Palafin, L50, F|100\/100\n|switch|p1b: Arcanine|Arcanine-Hisui, L50, M|100\/100\n|switch|p2a: Weezing|Weezing-Galar, L50, M|100\/100\n|switch|p2b: Slaking|Slaking, L50, M, shiny|100\/100\n|-ability|p2a: Weezing|Neutralizing Gas\n|turn|1\n|inactive|PritzShow has 30 seconds left.\n|\n|t:|1732917972\n|detailschange|p1a: Palafin|Palafin-Hero, L50, F\n|switch|p1a: Gholdengo|Gholdengo, L50|100\/100\n|-terastallize|p1b: Arcanine|Grass\n|-terastallize|p2a: Weezing|Water\n|move|p2b: Slaking|Drain Punch|p1b: Arcanine\n|-damage|p1b: Arcanine|57\/100\n|-damage|p2b: Slaking|90\/100|[from] item: Life Orb\n|move|p1b: Arcanine|Flare Blitz|p2a: Weezing\n|-resisted|p2a: Weezing\n|-damage|p2a: Weezing|74\/100\n|-damage|p1b: Arcanine|50\/100|[from] Recoil\n|move|p2a: Weezing|Will-O-Wisp|p1a: Gholdengo\n|-status|p1a: Gholdengo|brn\n|\n|-damage|p1a: Gholdengo|95\/100 brn|[from] brn\n|upkeep\n|turn|2\n|\n|t:|1732917996\n|move|p2b: Slaking|Knock Off|p1a: Gholdengo\n|-supereffective|p1a: Gholdengo\n|-damage|p1a: Gholdengo|0 fnt\n|-enditem|p1a: Gholdengo|Leftovers|[from] move: Knock Off|[of] p2b: Slaking\n|faint|p1a: Gholdengo\n|-damage|p2b: Slaking|80\/100|[from] item: Life Orb\n|move|p1b: Arcanine|Tera Blast|p2a: Weezing|[anim] Tera Blast Grass\n|-supereffective|p2a: Weezing\n|-crit|p2a: Weezing\n|-damage|p2a: Weezing|0 fnt\n|faint|p2a: Weezing\n|-end|p2a: Weezing|ability: Neutralizing Gas\n|-ability|p1b: Arcanine|Intimidate|boost\n|-unboost|p2b: Slaking|atk|1\n|\n|upkeep\n|\n|t:|1732918009\n|switch|p1a: Hydreigon|Hydreigon, L50, F|100\/100\n|switch|p2a: Tatsu the II|Tatsugiri, L50, M|100\/100\n|turn|3\n|\n|t:|1732918029\n|switch|p1a: Palafin|Palafin-Hero, L50, F|100\/100\n|-activate|p1a: Palafin|ability: Zero to Hero\n|move|p2a: Tatsu the II|Icy Wind|p1b: Arcanine|[spread] p1a,p1b\n|-resisted|p1a: Palafin\n|-supereffective|p1b: Arcanine\n|-damage|p1a: Palafin|93\/100\n|-damage|p1b: Arcanine|28\/100\n|-unboost|p1a: Palafin|spe|1\n|-unboost|p1b: Arcanine|spe|1\n|cant|p2b: Slaking|ability: Truant\n|move|p1b: Arcanine|Tera Blast|p2a: Tatsu the II|[anim] Tera Blast Grass\n|-damage|p2a: Tatsu the II|23\/100\n|\n|upkeep\n|turn|4\n|\n|t:|1732918048\n|move|p1b: Arcanine|Extreme Speed|p2a: Tatsu the II\n|-damage|p2a: Tatsu the II|0 fnt\n|faint|p2a: Tatsu the II\n|move|p2b: Slaking|Double-Edge|p1a: Palafin\n|-damage|p1a: Palafin|36\/100\n|-damage|p2b: Slaking|64\/100|[from] Recoil\n|-damage|p2b: Slaking|54\/100|[from] item: Life Orb\n|move|p1a: Palafin|Haze|p1a: Palafin\n|-clearallboost\n|\n|upkeep\n|\n|t:|1732918060\n|switch|p2a: BismarckZwei|Dondozo, L50, M, shiny|100\/100\n|turn|5\n|\n|t:|1732918076\n|switch|p1b: Hydreigon|Hydreigon, L50, F|100\/100\n|cant|p2b: Slaking|ability: Truant\n|move|p1a: Palafin|Wave Crash|p2b: Slaking\n|-damage|p2b: Slaking|0 fnt\n|faint|p2b: Slaking\n|-damage|p1a: Palafin|17\/100|[from] Recoil\n|move|p2a: BismarckZwei|Order Up|p1b: Hydreigon\n|-supereffective|p1b: Hydreigon\n|-damage|p1b: Hydreigon|44\/100\n|\n|upkeep\n|turn|6\n|\n|t:|1732918093\n|move|p1b: Hydreigon|Draco Meteor|p2a: BismarckZwei|[miss]\n|-miss|p1b: Hydreigon|p2a: BismarckZwei\n|move|p1a: Palafin|Wave Crash|p2a: BismarckZwei\n|-resisted|p2a: BismarckZwei\n|-damage|p2a: BismarckZwei|68\/100\n|-damage|p1a: Palafin|4\/100|[from] Recoil\n|move|p2a: BismarckZwei|Order Up|p1b: Hydreigon\n|-supereffective|p1b: Hydreigon\n|-damage|p1b: Hydreigon|0 fnt\n|faint|p1b: Hydreigon\n|\n|-heal|p2a: BismarckZwei|74\/100|[from] item: Leftovers\n|upkeep\n|\n|t:|1732918095\n|switch|p1b: Arcanine|Arcanine-Hisui, L50, M, tera:Grass|28\/100\n|-ability|p1b: Arcanine|Intimidate|boost\n|-unboost|p2a: BismarckZwei|atk|1\n|turn|7\n|\n|t:|1732918110\n|move|p1a: Palafin|Wave Crash|p2a: BismarckZwei\n|-resisted|p2a: BismarckZwei\n|-damage|p2a: BismarckZwei|44\/100\n|-damage|p1a: Palafin|0 fnt|[from] Recoil\n|faint|p1a: Palafin\n|move|p1b: Arcanine|Tera Blast|p2a: BismarckZwei|[anim] Tera Blast Grass\n|-supereffective|p2a: BismarckZwei\n|-damage|p2a: BismarckZwei|0 fnt\n|faint|p2a: BismarckZwei\n|\n|win|PritzShow\n|raw|PritzShow's rating: 1655 &rarr; <strong>1683<\/strong><br \/>(+28 for winning)\n|raw|marcxhenry's rating: 1806 &rarr; <strong>1778<\/strong><br \/>(-28 for losing)\n|l|\u2606marcxhenry\n|player|p2|\n|l|\u2606PritzShow\n|player|p1|\n","uploadtime":1732918374,"views":19,"formatid":"gen9vgc2024regh","rating":1683,"private":0,"password":null}