{"id":"gen9vgc2024regh-2253642566","format":"[Gen 9] VGC 2024 Reg H","players":["FreezyPop439","Djjwjwwjj"],"log":"|j|\u2606FreezyPop439\n|j|\u2606Djjwjwwjj\n|t:|1732918530\n|gametype|doubles\n|player|p1|FreezyPop439|2|1652\n|player|p2|Djjwjwwjj|266|1873\n|teamsize|p1|6\n|teamsize|p2|6\n|gen|9\n|tier|[Gen 9] VGC 2024 Reg H\n|rated|\n|rule|Species Clause: Limit one of each Pok\u00e9mon\n|rule|Item Clause: Limit 1 of each item\n|clearpoke\n|poke|p1|Ninetales-Alola, L50, M|\n|poke|p1|Annihilape, L50, M|\n|poke|p1|Gholdengo, L50|\n|poke|p1|Dragonite, L50, F|\n|poke|p1|Primarina, L50, M|\n|poke|p1|Arcanine, L50, M|\n|poke|p2|Palafin, L50, F|\n|poke|p2|Pelipper, L50, M|\n|poke|p2|Electabuzz, L50, F|\n|poke|p2|Rillaboom, L50, F|\n|poke|p2|Incineroar, L50, M|\n|poke|p2|Gholdengo, L50|\n|teampreview|4\n|inactive|Battle timer is ON: inactive players will automatically lose when time's up. (requested by Djjwjwwjj)\n|inactive|FreezyPop439 has 60 seconds left.\n|inactive|Djjwjwwjj has 60 seconds left.\n|\n|t:|1732918581\n|start\n|switch|p1a: Dragonite|Dragonite, L50, F|100\/100\n|switch|p1b: Primarina|Primarina, L50, M|100\/100\n|switch|p2a: Electabuzz|Electabuzz, L50, F|100\/100\n|switch|p2b: Gholdengo|Gholdengo, L50|100\/100\n|turn|1\n|\n|t:|1732918604\n|move|p2a: Electabuzz|Electroweb|p1a: Dragonite|[spread] p1a,p1b\n|-supereffective|p1b: Primarina\n|-damage|p1a: Dragonite|93\/100\n|-damage|p1b: Primarina|78\/100\n|-unboost|p1a: Dragonite|spe|1\n|-unboost|p1b: Primarina|spe|1\n|move|p2b: Gholdengo|Make It Rain|p1a: Dragonite|[spread] p1a,p1b\n|-damage|p1a: Dragonite|33\/100\n|-damage|p1b: Primarina|23\/100\n|-unboost|p2b: Gholdengo|spa|1\n|-damage|p2b: Gholdengo|91\/100|[from] item: Life Orb\n|move|p1a: Dragonite|Scale Shot|p2a: Electabuzz\n|-damage|p2a: Electabuzz|87\/100\n|-damage|p2a: Electabuzz|72\/100\n|-damage|p2a: Electabuzz|58\/100\n|-damage|p2a: Electabuzz|44\/100\n|-damage|p2a: Electabuzz|28\/100\n|-hitcount|p2a: Electabuzz|5\n|-unboost|p1a: Dragonite|def|1\n|-boost|p1a: Dragonite|spe|1\n|move|p1b: Primarina|Hyper Voice|p2b: Gholdengo|[spread] p2a,p2b\n|-damage|p2a: Electabuzz|0 fnt\n|-damage|p2b: Gholdengo|44\/100\n|faint|p2a: Electabuzz\n|\n|upkeep\n|inactive|Djjwjwwjj has 30 seconds left.\n|\n|t:|1732918634\n|switch|p2a: Pelipper|Pelipper, L50, M|100\/100\n|-weather|RainDance|[from] ability: Drizzle|[of] p2a: Pelipper\n|turn|2\n|inactive|FreezyPop439 has 30 seconds left.\n|inactive|Djjwjwwjj has 30 seconds left.\n|inactive|FreezyPop439 has 20 seconds left.\n|\n|t:|1732918672\n|switch|p1b: Ninetales|Ninetales-Alola, L50, M|100\/100\n|-weather|Snow|[from] ability: Snow Warning|[of] p1b: Ninetales\n|move|p1a: Dragonite|Extreme Speed|p2a: Pelipper\n|-damage|p2a: Pelipper|61\/100\n|move|p2a: Pelipper|Icy Wind|p1a: Dragonite|[spread] p1a,p1b\n|-supereffective|p1a: Dragonite\n|-resisted|p1b: Ninetales\n|-damage|p1a: Dragonite|0 fnt\n|-damage|p1b: Ninetales|94\/100\n|-unboost|p1b: Ninetales|spe|1\n|faint|p1a: Dragonite\n|move|p2b: Gholdengo|Make It Rain|p1b: Ninetales\n|-supereffective|p1b: Ninetales\n|-damage|p1b: Ninetales|0 fnt\n|-unboost|p2b: Gholdengo|spa|1\n|faint|p1b: Ninetales\n|-damage|p2b: Gholdengo|34\/100|[from] item: Life Orb\n|\n|-weather|Snow|[upkeep]\n|upkeep\n|\n|t:|1732918687\n|switch|p1b: Annihilape|Annihilape, L50, M|100\/100\n|switch|p1a: Primarina|Primarina, L50, M|23\/100\n|turn|3\n|inactive|Djjwjwwjj has 30 seconds left.\n|\n|t:|1732918714\n|switch|p2a: Incineroar|Incineroar, L50, M|100\/100\n|-ability|p2a: Incineroar|Intimidate|boost\n|-unboost|p1a: Primarina|atk|1\n|-unboost|p1b: Annihilape|atk|1\n|-ability|p1b: Annihilape|Defiant|boost\n|-boost|p1b: Annihilape|atk|2\n|-terastallize|p1b: Annihilape|Water\n|move|p1b: Annihilape|Rage Fist|p2b: Gholdengo\n|-supereffective|p2b: Gholdengo\n|-damage|p2b: Gholdengo|0 fnt\n|faint|p2b: Gholdengo\n|move|p1a: Primarina|Hyper Voice|p2a: Incineroar\n|-supereffective|p2a: Incineroar\n|-damage|p2a: Incineroar|0 fnt\n|faint|p2a: Incineroar\n|\n|-weather|Snow|[upkeep]\n|upkeep\n|\n|t:|1732918732\n|switch|p2b: Pelipper|Pelipper, L50, M|61\/100\n|-weather|RainDance|[from] ability: Drizzle|[of] p2b: Pelipper\n|turn|4\n|\n|t:|1732918739\n|move|p2b: Pelipper|Hurricane|p1a: Primarina\n|-damage|p1a: Primarina|0 fnt\n|faint|p1a: Primarina\n|move|p1b: Annihilape|Rage Fist|p2b: Pelipper\n|-damage|p2b: Pelipper|26\/100\n|\n|-weather|RainDance|[upkeep]\n|upkeep\n|turn|5\n|\n|t:|1732918750\n|move|p2b: Pelipper|Hurricane|p1b: Annihilape\n|-damage|p1b: Annihilape|60\/100\n|move|p1b: Annihilape|Rage Fist|p2b: Pelipper\n|-damage|p2b: Pelipper|0 fnt\n|faint|p2b: Pelipper\n|\n|win|FreezyPop439\n|raw|FreezyPop439's rating: 1652 &rarr; <strong>1683<\/strong><br \/>(+31 for winning)\n|raw|Djjwjwwjj's rating: 1873 &rarr; <strong>1842<\/strong><br \/>(-31 for losing)\n|l|\u2606FreezyPop439\n|player|p1|\n|l|\u2606Djjwjwwjj\n|player|p2|\n","uploadtime":1732918932,"views":5,"formatid":"gen9vgc2024regh","rating":1683,"private":0,"password":null}