{"id":"gen9vgc2024regh-2253631266","format":"[Gen 9] VGC 2024 Reg H","players":["kojimuranishi","marcxhenry"],"log":"|j|\u2606kojimuranishi\n|j|\u2606marcxhenry\n|t:|1732917112\n|gametype|doubles\n|player|p1|kojimuranishi|102|1860\n|player|p2|marcxhenry|plasmagrunt-gen5bw|1768\n|teamsize|p1|6\n|teamsize|p2|6\n|gen|9\n|tier|[Gen 9] VGC 2024 Reg H\n|rated|\n|rule|Species Clause: Limit one of each Pok\u00e9mon\n|rule|Item Clause: Limit 1 of each item\n|clearpoke\n|poke|p1|Whimsicott, L50, F|\n|poke|p1|Ursaluna-Bloodmoon, L50, M|\n|poke|p1|Archaludon, L50, M|\n|poke|p1|Dragonite, L50, F|\n|poke|p1|Gholdengo, L50|\n|poke|p1|Volcarona, L50, F|\n|poke|p2|Tatsugiri, L50, M|\n|poke|p2|Weezing-Galar, L50, M|\n|poke|p2|Indeedee-F, L50, F|\n|poke|p2|Armarouge, L50, M|\n|poke|p2|Slaking, L50, M|\n|poke|p2|Dondozo, L50, M|\n|teampreview|4\n|inactive|Battle timer is ON: inactive players will automatically lose when time's up. (requested by kojimuranishi)\n|inactive|kojimuranishi has 60 seconds left.\n|inactive|kojimuranishi has 30 seconds left.\n|inactive|kojimuranishi has 20 seconds left.\n|inactive|kojimuranishi has 15 seconds left.\n|inactive|kojimuranishi has 10 seconds left.\n|inactive|kojimuranishi has 5 seconds left.\n|\n|t:|1732917207\n|start\n|switch|p1a: Whimsicott|Whimsicott, L50, F|100\/100\n|switch|p1b: Dragonite|Dragonite, L50, F|100\/100\n|switch|p2a: Renault|Armarouge, L50, M, shiny|100\/100\n|switch|p2b: BismarckZwei|Dondozo, L50, M, shiny|100\/100\n|turn|1\n|\n|t:|1732917228\n|switch|p2b: Sally|Indeedee-F, L50, F, shiny|100\/100\n|-fieldstart|move: Psychic Terrain|[from] ability: Psychic Surge|[of] p2b: Sally\n|move|p1a: Whimsicott|Tailwind|p1a: Whimsicott\n|-sidestart|p1: kojimuranishi|move: Tailwind\n|move|p1b: Dragonite|Rock Slide|p2a: Renault|[spread] p2a,p2b\n|-supereffective|p2a: Renault\n|-damage|p2a: Renault|43\/100\n|-damage|p2b: Sally|71\/100\n|move|p2a: Renault|Trick Room|p2a: Renault\n|-fieldstart|move: Trick Room|[of] p2a: Renault\n|\n|upkeep\n|turn|2\n|inactive|kojimuranishi has 30 seconds left.\n|\n|t:|1732917256\n|-terastallize|p2a: Renault|Grass\n|move|p2b: Sally|Dazzling Gleam|p1b: Dragonite|[spread] p1a,p1b\n|-supereffective|p1b: Dragonite\n|-crit|p1b: Dragonite\n|-damage|p1a: Whimsicott|76\/100\n|-damage|p1b: Dragonite|81\/100\n|move|p2a: Renault|Expanding Force|p1b: Dragonite|[spread] p1a,p1b\n|-damage|p1a: Whimsicott|0 fnt\n|-damage|p1b: Dragonite|25\/100\n|faint|p1a: Whimsicott\n|move|p1b: Dragonite|Rock Slide|p2a: Renault|[spread] p2a,p2b\n|-damage|p2a: Renault|14\/100\n|-damage|p2b: Sally|40\/100\n|\n|upkeep\n|\n|t:|1732917278\n|switch|p1a: Ursaluna|Ursaluna-Bloodmoon, L50, M|100\/100\n|turn|3\n|\n|t:|1732917300\n|switch|p1b: Gholdengo|Gholdengo, L50|100\/100\n|move|p2b: Sally|Helping Hand|p2a: Renault\n|-singleturn|p2a: Renault|Helping Hand|[of] p2b: Sally\n|move|p1a: Ursaluna|Protect|p1a: Ursaluna\n|-singleturn|p1a: Ursaluna|Protect\n|move|p2a: Renault|Expanding Force|p1b: Gholdengo|[spread] p1b\n|-activate|p1a: Ursaluna|move: Protect\n|-resisted|p1b: Gholdengo\n|-damage|p1b: Gholdengo|49\/100\n|\n|upkeep\n|turn|4\n|\n|t:|1732917324\n|switch|p1a: Dragonite|Dragonite, L50, F|25\/100\n|move|p2b: Sally|Helping Hand|p2a: Renault\n|-singleturn|p2a: Renault|Helping Hand|[of] p2b: Sally\n|move|p2a: Renault|Expanding Force|p1b: Gholdengo|[spread] p1a,p1b\n|-resisted|p1b: Gholdengo\n|-damage|p1a: Dragonite|0 fnt\n|-damage|p1b: Gholdengo|2\/100\n|faint|p1a: Dragonite\n|move|p1b: Gholdengo|Make It Rain|p2a: Renault|[spread] p2a,p2b\n|-damage|p2a: Renault|0 fnt\n|-damage|p2b: Sally|0 fnt\n|-unboost|p1b: Gholdengo|spa|1\n|faint|p2a: Renault\n|faint|p2b: Sally\n|\n|-sideend|p1: kojimuranishi|move: Tailwind\n|upkeep\n|\n|t:|1732917342\n|switch|p2b: Tatsu the II|Tatsugiri, L50, M|100\/100\n|switch|p2a: BismarckZwei|Dondozo, L50, M, shiny|100\/100\n|switch|p1a: Ursaluna|Ursaluna-Bloodmoon, L50, M|100\/100\n|-activate|p2b: Tatsu the II|ability: Commander|[of] p2a: BismarckZwei\n|-boost|p2a: BismarckZwei|atk|2\n|-boost|p2a: BismarckZwei|spa|2\n|-boost|p2a: BismarckZwei|spe|2\n|-boost|p2a: BismarckZwei|def|2\n|-boost|p2a: BismarckZwei|spd|2\n|turn|5\n|\n|t:|1732917354\n|-terastallize|p1a: Ursaluna|Normal\n|move|p2a: BismarckZwei|Protect|p2a: BismarckZwei\n|-singleturn|p2a: BismarckZwei|Protect\n|move|p1a: Ursaluna|Blood Moon|p2a: BismarckZwei\n|-activate|p2a: BismarckZwei|move: Protect\n|move|p1b: Gholdengo|Make It Rain|p2b: Tatsu the II|[spread] \n|-miss|p1b: Gholdengo|p2b: Tatsu the II\n|-activate|p2a: BismarckZwei|move: Protect\n|\n|-fieldend|move: Trick Room\n|-fieldend|move: Psychic Terrain\n|upkeep\n|turn|6\n|\n|t:|1732917371\n|move|p1a: Ursaluna|Protect|p1a: Ursaluna\n|-singleturn|p1a: Ursaluna|Protect\n|move|p2a: BismarckZwei|Earthquake|p1b: Gholdengo|[spread] p1b\n|-miss|p2a: BismarckZwei|p2b: Tatsu the II\n|-activate|p1a: Ursaluna|move: Protect\n|-supereffective|p1b: Gholdengo\n|-damage|p1b: Gholdengo|0 fnt\n|faint|p1b: Gholdengo\n|\n|upkeep\n|turn|7\n|\n|t:|1732917381\n|move|p2a: BismarckZwei|Protect|p2a: BismarckZwei\n|-singleturn|p2a: BismarckZwei|Protect\n|move|p1a: Ursaluna|Blood Moon|p2a: BismarckZwei\n|-activate|p2a: BismarckZwei|move: Protect\n|\n|upkeep\n|turn|8\n|\n|t:|1732917389\n|move|p1a: Ursaluna|Protect|p1a: Ursaluna\n|-singleturn|p1a: Ursaluna|Protect\n|move|p2a: BismarckZwei|Earthquake|p1a: Ursaluna|[spread] \n|-miss|p2a: BismarckZwei|p2b: Tatsu the II\n|-activate|p1a: Ursaluna|move: Protect\n|\n|upkeep\n|turn|9\n|\n|t:|1732917402\n|move|p2a: BismarckZwei|Earthquake|p1a: Ursaluna|[spread] p1a\n|-miss|p2a: BismarckZwei|p2b: Tatsu the II\n|-damage|p1a: Ursaluna|67\/100\n|move|p1a: Ursaluna|Earth Power|p2a: BismarckZwei\n|-damage|p2a: BismarckZwei|71\/100\n|-damage|p1a: Ursaluna|58\/100|[from] item: Life Orb\n|\n|-heal|p2a: BismarckZwei|77\/100|[from] item: Leftovers\n|upkeep\n|turn|10\n|\n|t:|1732917412\n|move|p1a: Ursaluna|Protect|p1a: Ursaluna\n|-singleturn|p1a: Ursaluna|Protect\n|move|p2a: BismarckZwei|Wave Crash|p1a: Ursaluna\n|-activate|p1a: Ursaluna|move: Protect\n|\n|-heal|p2a: BismarckZwei|83\/100|[from] item: Leftovers\n|upkeep\n|turn|11\n|\n|t:|1732917421\n|move|p2a: BismarckZwei|Wave Crash|p1a: Ursaluna\n|-damage|p1a: Ursaluna|0 fnt\n|faint|p1a: Ursaluna\n|-damage|p2a: BismarckZwei|69\/100|[from] Recoil\n|\n|win|marcxhenry\n|raw|kojimuranishi's rating: 1860 &rarr; <strong>1835<\/strong><br \/>(-25 for losing)\n|raw|marcxhenry's rating: 1768 &rarr; <strong>1793<\/strong><br \/>(+25 for winning)\n|l|\u2606kojimuranishi\n|player|p1|\n|l|\u2606marcxhenry\n|player|p2|\n","uploadtime":1732917675,"views":171,"formatid":"gen9vgc2024regh","rating":1793,"private":0,"password":null}