{"id":"gen9vgc2024regh-2253058564","format":"[Gen 9] VGC 2024 Reg H","players":["JKAngelz","WattoVGC"],"log":"|j|\u2606JKAngelz\n|j|\u2606WattoVGC\n|t:|1732835023\n|gametype|doubles\n|player|p1|JKAngelz|hilbert|1636\n|player|p2|WattoVGC|palmer|1761\n|teamsize|p1|6\n|teamsize|p2|6\n|gen|9\n|tier|[Gen 9] VGC 2024 Reg H\n|rated|\n|rule|Species Clause: Limit one of each Pok\u00e9mon\n|rule|Item Clause: Limit 1 of each item\n|clearpoke\n|poke|p1|Farigiraf, L50, F|\n|poke|p1|Dragonite, L50, M|\n|poke|p1|Gholdengo, L50|\n|poke|p1|Rillaboom, L50, F|\n|poke|p1|Pelipper, L50, M|\n|poke|p1|Grimmsnarl, L50, M|\n|poke|p2|Pelipper, L50, M|\n|poke|p2|Archaludon, L50, M|\n|poke|p2|Amoonguss, L50, F|\n|poke|p2|Basculegion, L50, M|\n|poke|p2|Gholdengo, L50|\n|poke|p2|Incineroar, L50, F|\n|teampreview|4\n|inactive|Battle timer is ON: inactive players will automatically lose when time's up. (requested by WattoVGC)\n|j| plplk\n|inactive|JKAngelz has 60 seconds left.\n|inactive|WattoVGC has 60 seconds left.\n|inactive|JKAngelz has 30 seconds left.\n|inactive|JKAngelz has 20 seconds left.\n|inactive|JKAngelz has 15 seconds left.\n|inactive|JKAngelz has 10 seconds left.\n|\n|t:|1732835105\n|start\n|switch|p1a: Dragonite|Dragonite, L50, M|100\/100\n|switch|p1b: Pelipper|Pelipper, L50, M, shiny|100\/100\n|switch|p2a: Pelipper|Pelipper, L50, M|100\/100\n|switch|p2b: Gholdengo|Gholdengo, L50|100\/100\n|-weather|RainDance|[from] ability: Drizzle|[of] p2a: Pelipper\n|turn|1\n|\n|t:|1732835130\n|move|p2b: Gholdengo|Nasty Plot|p2b: Gholdengo\n|-boost|p2b: Gholdengo|spa|2\n|move|p1a: Dragonite|Scale Shot|p2a: Pelipper\n|-damage|p2a: Pelipper|83\/100\n|-damage|p2a: Pelipper|67\/100\n|-damage|p2a: Pelipper|49\/100\n|-damage|p2a: Pelipper|31\/100\n|-hitcount|p2a: Pelipper|4\n|-unboost|p1a: Dragonite|def|1\n|-boost|p1a: Dragonite|spe|1\n|move|p2a: Pelipper|Tailwind|p2a: Pelipper\n|-sidestart|p2: WattoVGC|move: Tailwind\n|move|p1b: Pelipper|Weather Ball|p2b: Gholdengo\n|-damage|p2b: Gholdengo|23\/100\n|\n|-weather|RainDance|[upkeep]\n|upkeep\n|turn|2\n|\n|t:|1732835151\n|move|p1a: Dragonite|Protect|p1a: Dragonite\n|-singleturn|p1a: Dragonite|Protect\n|move|p2b: Gholdengo|Make It Rain|p1b: Pelipper|[spread] p1b\n|-activate|p1a: Dragonite|move: Protect\n|-resisted|p1b: Pelipper\n|-damage|p1b: Pelipper|9\/100\n|-unboost|p2b: Gholdengo|spa|1\n|-damage|p2b: Gholdengo|13\/100|[from] item: Life Orb\n|move|p2a: Pelipper|Weather Ball|p1a: Dragonite\n|-activate|p1a: Dragonite|move: Protect\n|move|p1b: Pelipper|Tailwind|p1b: Pelipper\n|-sidestart|p1: JKAngelz|move: Tailwind\n|\n|-weather|RainDance|[upkeep]\n|upkeep\n|turn|3\n|inactive|JKAngelz has 30 seconds left.\n|\n|t:|1732835177\n|switch|p2a: Archaludon|Archaludon, L50, M|100\/100\n|move|p2b: Gholdengo|Protect|p2b: Gholdengo\n|-singleturn|p2b: Gholdengo|Protect\n|move|p1a: Dragonite|Scale Shot|p2b: Gholdengo\n|-activate|p2b: Gholdengo|move: Protect\n|move|p1b: Pelipper|Hurricane|p2a: Archaludon\n|-resisted|p2a: Archaludon\n|-damage|p2a: Archaludon|80\/100\n|-ability|p2a: Archaludon|Stamina|boost\n|-boost|p2a: Archaludon|def|1\n|\n|-weather|RainDance|[upkeep]\n|upkeep\n|turn|4\n|\n|t:|1732835194\n|move|p1b: Pelipper|Protect|p1b: Pelipper\n|-singleturn|p1b: Pelipper|Protect\n|move|p1a: Dragonite|Haze|p1a: Dragonite\n|-clearallboost\n|move|p2b: Gholdengo|Make It Rain|p1b: Pelipper|[spread] p1a\n|-activate|p1b: Pelipper|move: Protect\n|-damage|p1a: Dragonite|73\/100\n|-unboost|p2b: Gholdengo|spa|1\n|-damage|p2b: Gholdengo|4\/100|[from] item: Life Orb\n|move|p2a: Archaludon|Snarl|p1b: Pelipper|[spread] p1a\n|-activate|p1b: Pelipper|move: Protect\n|-damage|p1a: Dragonite|60\/100\n|-unboost|p1a: Dragonite|spa|1\n|\n|-weather|RainDance|[upkeep]\n|-sideend|p2: WattoVGC|move: Tailwind\n|upkeep\n|turn|5\n|\n|t:|1732835213\n|move|p2b: Gholdengo|Protect|p2b: Gholdengo\n|-singleturn|p2b: Gholdengo|Protect\n|move|p1a: Dragonite|Scale Shot|p2a: Archaludon\n|-crit|p2a: Archaludon\n|-damage|p2a: Archaludon|66\/100\n|-ability|p2a: Archaludon|Stamina|boost\n|-boost|p2a: Archaludon|def|1\n|-damage|p2a: Archaludon|59\/100\n|-ability|p2a: Archaludon|Stamina|boost\n|-boost|p2a: Archaludon|def|1\n|-damage|p2a: Archaludon|54\/100\n|-ability|p2a: Archaludon|Stamina|boost\n|-boost|p2a: Archaludon|def|1\n|-damage|p2a: Archaludon|50\/100\n|-ability|p2a: Archaludon|Stamina|boost\n|-boost|p2a: Archaludon|def|1\n|-hitcount|p2a: Archaludon|4\n|-unboost|p1a: Dragonite|def|1\n|-boost|p1a: Dragonite|spe|1\n|move|p1b: Pelipper|Weather Ball|p2b: Gholdengo\n|-activate|p2b: Gholdengo|move: Protect\n|move|p2a: Archaludon|Draco Meteor|p1a: Dragonite|[miss]\n|-miss|p2a: Archaludon|p1a: Dragonite\n|\n|-weather|none\n|-sideend|p1: JKAngelz|move: Tailwind\n|upkeep\n|turn|6\n|inactive|JKAngelz has 30 seconds left.\n|\n|t:|1732835242\n|switch|p1b: Gholdengo|Gholdengo, L50|100\/100\n|move|p1a: Dragonite|Scale Shot|p2b: Gholdengo\n|-resisted|p2b: Gholdengo\n|-damage|p2b: Gholdengo|0 fnt\n|faint|p2b: Gholdengo\n|-hitcount|p2: Gholdengo|1\n|-unboost|p1a: Dragonite|def|1\n|-boost|p1a: Dragonite|spe|1\n|move|p2a: Archaludon|Body Press|p1a: Dragonite\n|-resisted|p1a: Dragonite\n|-damage|p1a: Dragonite|0 fnt\n|faint|p1a: Dragonite\n|\n|upkeep\n|\n|t:|1732835255\n|switch|p2b: Amoonguss|Amoonguss, L50, F|100\/100\n|switch|p1a: Farigiraf|Farigiraf, L50, F, shiny|100\/100\n|turn|7\n|\n|t:|1732835278\n|move|p1a: Farigiraf|Protect|p1a: Farigiraf\n|-singleturn|p1a: Farigiraf|Protect\n|move|p1b: Gholdengo|Shadow Ball|p2a: Archaludon\n|-damage|p2a: Archaludon|7\/100\n|-ability|p2a: Archaludon|Stamina|boost\n|-boost|p2a: Archaludon|def|1\n|move|p2a: Archaludon|Body Press|p1a: Farigiraf\n|-activate|p1a: Farigiraf|move: Protect\n|move|p2b: Amoonguss|Pollen Puff|p2a: Archaludon\n|-heal|p2a: Archaludon|57\/100\n|\n|upkeep\n|turn|8\n|\n|t:|1732835293\n|move|p1b: Gholdengo|Shadow Ball|p2a: Archaludon\n|-damage|p2a: Archaludon|10\/100\n|-ability|p2a: Archaludon|Stamina|boost\n|-boost|p2a: Archaludon|def|1\n|move|p2a: Archaludon|Snarl|p1a: Farigiraf|[spread] p1a,p1b\n|-supereffective|p1a: Farigiraf\n|-supereffective|p1b: Gholdengo\n|-damage|p1a: Farigiraf|78\/100\n|-damage|p1b: Gholdengo|69\/100\n|-unboost|p1a: Farigiraf|spa|1\n|-unboost|p1b: Gholdengo|spa|1\n|move|p1a: Farigiraf|Hyper Voice|p2a: Archaludon|[spread] p2a,p2b\n|-resisted|p2a: Archaludon\n|-damage|p2a: Archaludon|3\/100\n|-damage|p2b: Amoonguss|84\/100\n|-enditem|p1a: Farigiraf|Throat Spray\n|-boost|p1a: Farigiraf|spa|1|[from] item: Throat Spray\n|move|p2b: Amoonguss|Spore|p1a: Farigiraf\n|-status|p1a: Farigiraf|slp|[from] move: Spore\n|\n|upkeep\n|turn|9\n|inactive|WattoVGC has 30 seconds left.\n|\n|t:|1732835326\n|switch|p1b: Pelipper|Pelipper, L50, M, shiny|9\/100\n|-weather|RainDance|[from] ability: Drizzle|[of] p1b: Pelipper\n|move|p2b: Amoonguss|Rage Powder|p2b: Amoonguss\n|-singleturn|p2b: Amoonguss|move: Rage Powder\n|move|p2a: Archaludon|Body Press|p1a: Farigiraf\n|-damage|p1a: Farigiraf|0 fnt\n|faint|p1a: Farigiraf\n|\n|-weather|RainDance|[upkeep]\n|upkeep\n|\n|t:|1732835334\n|switch|p1a: Gholdengo|Gholdengo, L50|69\/100\n|turn|10\n|\n|t:|1732835351\n|-terastallize|p1a: Gholdengo|Steel\n|move|p1a: Gholdengo|Make It Rain|p2a: Archaludon|[spread] p2a,p2b\n|-resisted|p2a: Archaludon\n|-damage|p2a: Archaludon|0 fnt\n|-damage|p2b: Amoonguss|6\/100\n|-unboost|p1a: Gholdengo|spa|1\n|-enditem|p2b: Amoonguss|Sitrus Berry|[eat]\n|-heal|p2b: Amoonguss|31\/100|[from] item: Sitrus Berry\n|faint|p2a: Archaludon\n|move|p1b: Pelipper|Tailwind|p1b: Pelipper\n|-sidestart|p1: JKAngelz|move: Tailwind\n|move|p2b: Amoonguss|Clear Smog|p1b: Pelipper\n|-damage|p1b: Pelipper|0 fnt\n|-clearboost|p1b: Pelipper\n|faint|p1b: Pelipper\n|\n|-weather|RainDance|[upkeep]\n|upkeep\n|\n|t:|1732835355\n|switch|p2a: Pelipper|Pelipper, L50, M|31\/100\n|turn|11\n|\n|t:|1732835363\n|move|p2a: Pelipper|Protect|p2a: Pelipper\n|-singleturn|p2a: Pelipper|Protect\n|move|p1a: Gholdengo|Make It Rain|p2b: Amoonguss|[spread] p2b\n|-activate|p2a: Pelipper|move: Protect\n|-damage|p2b: Amoonguss|0 fnt\n|-unboost|p1a: Gholdengo|spa|1\n|faint|p2b: Amoonguss\n|\n|-weather|RainDance|[upkeep]\n|upkeep\n|turn|12\n|\n|t:|1732835370\n|move|p1a: Gholdengo|Make It Rain|p2a: Pelipper\n|-resisted|p2a: Pelipper\n|-damage|p2a: Pelipper|0 fnt\n|-unboost|p1a: Gholdengo|spa|1\n|faint|p2a: Pelipper\n|\n|win|JKAngelz\n|raw|JKAngelz's rating: 1636 &rarr; <strong>1663<\/strong><br \/>(+27 for winning)\n|raw|WattoVGC's rating: 1761 &rarr; <strong>1734<\/strong><br \/>(-27 for losing)\n|l|\u2606JKAngelz\n|player|p1|\n|l| plplk\n|l|\u2606WattoVGC\n|player|p2|\n","uploadtime":1732835639,"views":9,"formatid":"gen9vgc2024regh","rating":1663,"private":0,"password":null}