{"id":"gen9vgc2024regh-2253451104","format":"[Gen 9] VGC 2024 Reg H","players":["GiganTheGojira","judang"],"log":"|j|\u2606GiganTheGojira\n|j|\u2606judang\n|t:|1732895264\n|gametype|doubles\n|player|p1|GiganTheGojira|steven|1702\n|player|p2|judang|ruinmaniac|1679\n|teamsize|p1|6\n|teamsize|p2|6\n|gen|9\n|tier|[Gen 9] VGC 2024 Reg H\n|rated|\n|rule|Species Clause: Limit one of each Pok\u00e9mon\n|rule|Item Clause: Limit 1 of each item\n|clearpoke\n|poke|p1|Incineroar, L50, M|\n|poke|p1|Archaludon, L50, M|\n|poke|p1|Rillaboom, L50, F|\n|poke|p1|Pelipper, L50, M|\n|poke|p1|Amoonguss, L50, F|\n|poke|p1|Garchomp, L50, M|\n|poke|p2|Torkoal, L50, F|\n|poke|p2|Lilligant-Hisui, L50, F|\n|poke|p2|Ursaluna-Bloodmoon, L50, M|\n|poke|p2|Farigiraf, L50, F|\n|poke|p2|Dragapult, L50, M|\n|poke|p2|Malamar, L50, M|\n|teampreview|4\n|inactive|Battle timer is ON: inactive players will automatically lose when time's up. (requested by GiganTheGojira)\nGiganTheGojira has agreed to open team sheets.\n|\n|t:|1732895333\n|start\n|switch|p1a: Pelipper|Pelipper, L50, M|100\/100\n|switch|p1b: Garchomp|Garchomp, L50, M|100\/100\n|switch|p2a: Lilligant|Lilligant-Hisui, L50, F|100\/100\n|switch|p2b: Ursaluna|Ursaluna-Bloodmoon, L50, M|100\/100\n|-weather|RainDance|[from] ability: Drizzle|[of] p1a: Pelipper\n|turn|1\n|inactive|GiganTheGojira has 30 seconds left.\n|inactive|judang has 30 seconds left.\n|\n|t:|1732895364\n|switch|p1b: Archaludon|Archaludon, L50, M|100\/100\n|-terastallize|p2b: Ursaluna|Normal\n|move|p2a: Lilligant|Sleep Powder|p1b: Archaludon\n|-status|p1b: Archaludon|slp|[from] move: Sleep Powder\n|move|p1a: Pelipper|Weather Ball|p2b: Ursaluna\n|-crit|p2b: Ursaluna\n|-damage|p2b: Ursaluna|37\/100\n|move|p2b: Ursaluna|Hyper Voice|p1a: Pelipper|[spread] p1a,p1b\n|-resisted|p1b: Archaludon\n|-damage|p1a: Pelipper|12\/100\n|-damage|p1b: Archaludon|83\/100 slp\n|-ability|p1b: Archaludon|Stamina|boost\n|-boost|p1b: Archaludon|def|1\n|\n|-weather|RainDance|[upkeep]\n|upkeep\n|turn|2\n|\n|t:|1732895387\n|move|p1a: Pelipper|Wide Guard|p1a: Pelipper\n|-singleturn|p1a: Pelipper|Wide Guard\n|move|p2a: Lilligant|Close Combat|p1a: Pelipper\n|-resisted|p1a: Pelipper\n|-damage|p1a: Pelipper|0 fnt\n|-unboost|p2a: Lilligant|def|1\n|-unboost|p2a: Lilligant|spd|1\n|faint|p1a: Pelipper\n|cant|p1b: Archaludon|slp\n|move|p2b: Ursaluna|Earth Power|p1b: Archaludon\n|-supereffective|p1b: Archaludon\n|-damage|p1b: Archaludon|7\/100 slp\n|-ability|p1b: Archaludon|Stamina|boost\n|-boost|p1b: Archaludon|def|1\n|\n|-weather|RainDance|[upkeep]\n|upkeep\n|\n|t:|1732895397\n|switch|p1a: Incineroar|Incineroar, L50, M|100\/100\n|-ability|p1a: Incineroar|Intimidate|boost\n|-unboost|p2a: Lilligant|atk|1\n|-unboost|p2b: Ursaluna|atk|1\n|turn|3\n|\n|t:|1732895407\n|move|p1a: Incineroar|Fake Out|p2a: Lilligant\n|-damage|p2a: Lilligant|76\/100\n|move|p2b: Ursaluna|Vacuum Wave|p1b: Archaludon\n|-supereffective|p1b: Archaludon\n|-damage|p1b: Archaludon|0 fnt\n|faint|p1b: Archaludon\n|cant|p2a: Lilligant|flinch\n|\n|-weather|RainDance|[upkeep]\n|upkeep\n|\n|t:|1732895412\n|switch|p1b: Garchomp|Garchomp, L50, M|100\/100\n|turn|4\n|\n|t:|1732895433\n|switch|p2a: Torkoal|Torkoal, L50, F|100\/100\n|-weather|SunnyDay|[from] ability: Drought|[of] p2a: Torkoal\n|move|p1b: Garchomp|Protect|p1b: Garchomp\n|-singleturn|p1b: Garchomp|Protect\n|move|p1a: Incineroar|Knock Off|p2b: Ursaluna\n|-damage|p2b: Ursaluna|10\/100\n|-enditem|p2b: Ursaluna|Assault Vest|[from] move: Knock Off|[of] p1a: Incineroar\n|move|p2b: Ursaluna|Hyper Voice|p1b: Garchomp|[spread] p1a\n|-activate|p1b: Garchomp|move: Protect\n|-damage|p1a: Incineroar|62\/100\n|\n|-weather|SunnyDay|[upkeep]\n|upkeep\n|turn|5\n|\n|t:|1732895452\n|-terastallize|p1b: Garchomp|Ground\n|move|p2a: Torkoal|Protect|p2a: Torkoal\n|-singleturn|p2a: Torkoal|Protect\n|move|p1b: Garchomp|Stomping Tantrum|p2a: Torkoal\n|-activate|p2a: Torkoal|move: Protect\n|move|p1a: Incineroar|Flare Blitz|p2b: Ursaluna\n|-damage|p2b: Ursaluna|0 fnt\n|faint|p2b: Ursaluna\n|-damage|p1a: Incineroar|59\/100|[from] Recoil\n|\n|-weather|SunnyDay|[upkeep]\n|upkeep\n|\n|t:|1732895465\n|switch|p2b: Lilligant|Lilligant-Hisui, L50, F|76\/100\n|turn|6\n|inactive|judang has 30 seconds left.\n|\n|t:|1732895496\n|move|p1b: Garchomp|Protect|p1b: Garchomp\n|-singleturn|p1b: Garchomp|Protect\n|move|p2b: Lilligant|After You|p2a: Torkoal\n|-activate|p2a: Torkoal|move: After You\n|move|p2a: Torkoal|Eruption|p1b: Garchomp|[spread] p1a\n|-activate|p1b: Garchomp|move: Protect\n|-resisted|p1a: Incineroar\n|-damage|p1a: Incineroar|26\/100\n|move|p1a: Incineroar|Flare Blitz|p2b: Lilligant\n|-supereffective|p2b: Lilligant\n|-damage|p2b: Lilligant|0 fnt\n|faint|p2b: Lilligant\n|-damage|p1a: Incineroar|8\/100|[from] Recoil\n|\n|-weather|SunnyDay|[upkeep]\n|upkeep\n|\n|t:|1732895508\n|switch|p2b: Dragapult|Dragapult, L50, M|100\/100\n|turn|7\n|\n|t:|1732895520\n|move|p2b: Dragapult|Dragon Darts|p1a: Incineroar\n|-damage|p1a: Incineroar|0 fnt\n|-anim|p2b: Dragapult|Dragon Darts|p1b: Garchomp\n|-damage|p1b: Garchomp|61\/100\n|faint|p1a: Incineroar\n|move|p1b: Garchomp|Earthquake|p2a: Torkoal|[spread] p2a,p2b\n|-supereffective|p2a: Torkoal\n|-damage|p2a: Torkoal|0 fnt\n|-damage|p2b: Dragapult|5\/100\n|faint|p2a: Torkoal\n|-damage|p1b: Garchomp|51\/100|[from] item: Life Orb\n|\n|-weather|SunnyDay|[upkeep]\n|upkeep\n|turn|8\n|\n|t:|1732895529\n|move|p2b: Dragapult|Dragon Darts|p1b: Garchomp\n|-damage|p1b: Garchomp|11\/100\n|-anim|p2b: Dragapult|Dragon Darts|p1b: Garchomp\n|-damage|p1b: Garchomp|0 fnt\n|faint|p1b: Garchomp\n|\n|win|judang\n|raw|GiganTheGojira's rating: 1702 &rarr; <strong>1681<\/strong><br \/>(-21 for losing)\n|raw|judang's rating: 1679 &rarr; <strong>1700<\/strong><br \/>(+21 for winning)\n|l|\u2606GiganTheGojira\n|player|p1|\n|l|\u2606judang\n|player|p2|\n","uploadtime":1732895782,"views":6,"formatid":"gen9vgc2024regh","rating":1681,"private":0,"password":null}