{"id":"gen9vgc2024regh-2253826325","format":"[Gen 9] VGC 2024 Reg H","players":["jayjazZa","shuijun1\u82cd\u708e\u5203\u9b3c\u4fa0"],"log":"|j|\u2606jayjazZa\n|j|\u2606shuijun1\u82cd\u708e\u5203\u9b3c\u4fa0\n|t:|1732944323\n|gametype|doubles\n|player|p1|jayjazZa|1|1714\n|player|p2|shuijun1\u82cd\u708e\u5203\u9b3c\u4fa0|iono|1692\n|teamsize|p1|6\n|teamsize|p2|6\n|gen|9\n|tier|[Gen 9] VGC 2024 Reg H\n|rated|\n|rule|Species Clause: Limit one of each Pok\u00e9mon\n|rule|Item Clause: Limit 1 of each item\n|clearpoke\n|poke|p1|Dondozo, L50, F|\n|poke|p1|Tatsugiri, L50, M|\n|poke|p1|Sneasler, L50, F|\n|poke|p1|Indeedee, L50, M|\n|poke|p1|Archaludon, L50, F|\n|poke|p1|Pelipper, L50, M|\n|poke|p2|Armarouge, L50, M|\n|poke|p2|Indeedee-F, L50, F|\n|poke|p2|Torkoal, L50, F|\n|poke|p2|Sylveon, L50, F|\n|poke|p2|Sneasler, L50, M|\n|poke|p2|Dragonite, L50, M|\n|teampreview|4\n|inactive|Battle timer is ON: inactive players will automatically lose when time's up. (requested by jayjazZa)\n|j| bluestraggler01\n|inactive|shuijun1\u82cd\u708e\u5203\u9b3c\u4fa0 has 60 seconds left.\n|\n|t:|1732944362\n|start\n|switch|p1a: Indeedee|Indeedee, L50, M|100\/100\n|switch|p1b: Sneasler|Sneasler, L50, F|100\/100\n|switch|p2a: \u5996\u97f3\u4e01\u771f|Sylveon, L50, F, shiny|100\/100\n|switch|p2b: \u715c\u7130\u4e01\u771f|Armarouge, L50, M|100\/100\n|-fieldstart|move: Psychic Terrain|[from] ability: Psychic Surge|[of] p1a: Indeedee\n|-enditem|p1b: Sneasler|Psychic Seed\n|-boost|p1b: Sneasler|spd|1|[from] item: Psychic Seed\n|turn|1\n|inactive|jayjazZa has 30 seconds left.\n|inactive|jayjazZa has 20 seconds left.\n|inactive|jayjazZa has 15 seconds left.\n|inactive|jayjazZa has 10 seconds left.\n|inactive|jayjazZa has 5 seconds left.\n|\n|t:|1732944413\n|-terastallize|p1b: Sneasler|Dark\n|move|p2a: \u5996\u97f3\u4e01\u771f|Detect|p2a: \u5996\u97f3\u4e01\u771f\n|-singleturn|p2a: \u5996\u97f3\u4e01\u771f|Protect\n|move|p1b: Sneasler|Dire Claw|p2a: \u5996\u97f3\u4e01\u771f\n|-activate|p2a: \u5996\u97f3\u4e01\u771f|move: Protect\n|move|p1a: Indeedee|Expanding Force|p2a: \u5996\u97f3\u4e01\u771f|[spread] p2b\n|-activate|p2a: \u5996\u97f3\u4e01\u771f|move: Protect\n|-resisted|p2b: \u715c\u7130\u4e01\u771f\n|-damage|p2b: \u715c\u7130\u4e01\u771f|69\/100\n|move|p2b: \u715c\u7130\u4e01\u771f|Expanding Force|p1b: Sneasler|[spread] p1a\n|-immune|p1b: Sneasler\n|-resisted|p1a: Indeedee\n|-damage|p1a: Indeedee|65\/100\n|\n|upkeep\n|turn|2\n|\n|t:|1732944430\n|move|p1b: Sneasler|Dire Claw|p2a: \u5996\u97f3\u4e01\u771f\n|-supereffective|p2a: \u5996\u97f3\u4e01\u771f\n|-damage|p2a: \u5996\u97f3\u4e01\u771f|3\/100\n|move|p1a: Indeedee|Expanding Force|p2a: \u5996\u97f3\u4e01\u771f|[spread] p2a,p2b\n|-resisted|p2b: \u715c\u7130\u4e01\u771f\n|-damage|p2a: \u5996\u97f3\u4e01\u771f|0 fnt\n|-damage|p2b: \u715c\u7130\u4e01\u771f|39\/100\n|faint|p2a: \u5996\u97f3\u4e01\u771f\n|move|p2b: \u715c\u7130\u4e01\u771f|Heat Wave|p1b: Sneasler|[spread] p1a,p1b\n|-crit|p1a: Indeedee\n|-damage|p1a: Indeedee|0 fnt\n|-damage|p1b: Sneasler|65\/100\n|faint|p1a: Indeedee\n|\n|upkeep\n|j| Receptionitis15\n|\n|t:|1732944438\n|switch|p1a: Archaludon|Archaludon, L50, F|100\/100\n|switch|p2a: \u63f4\u6e38\u4e01\u771f|Dragonite, L50, M|100\/100\n|turn|3\n|\n|t:|1732944455\n|switch|p2b: \u70df\u6d8c\u4e01\u771f|Torkoal, L50, F|100\/100\n|-weather|SunnyDay|[from] ability: Drought|[of] p2b: \u70df\u6d8c\u4e01\u771f\n|-terastallize|p2a: \u63f4\u6e38\u4e01\u771f|Steel\n|move|p1b: Sneasler|Dire Claw|p2a: \u63f4\u6e38\u4e01\u771f\n|-immune|p2a: \u63f4\u6e38\u4e01\u771f\n|move|p1a: Archaludon|Draco Meteor|p2a: \u63f4\u6e38\u4e01\u771f\n|-resisted|p2a: \u63f4\u6e38\u4e01\u771f\n|-damage|p2a: \u63f4\u6e38\u4e01\u771f|83\/100\n|-unboost|p1a: Archaludon|spa|2\n|move|p2a: \u63f4\u6e38\u4e01\u771f|Scale Shot|p1b: Sneasler\n|-damage|p1b: Sneasler|40\/100\n|-damage|p1b: Sneasler|18\/100\n|-hitcount|p1b: Sneasler|2\n|-unboost|p2a: \u63f4\u6e38\u4e01\u771f|def|1\n|-boost|p2a: \u63f4\u6e38\u4e01\u771f|spe|1\n|\n|-weather|SunnyDay|[upkeep]\n|upkeep\n|turn|4\n|inactive|shuijun1\u82cd\u708e\u5203\u9b3c\u4fa0 has 30 seconds left.\n|\n|t:|1732944482\n|switch|p1a: Pelipper|Pelipper, L50, M|100\/100\n|-weather|RainDance|[from] ability: Drizzle|[of] p1a: Pelipper\n|move|p1b: Sneasler|Close Combat|p2a: \u63f4\u6e38\u4e01\u771f\n|-supereffective|p2a: \u63f4\u6e38\u4e01\u771f\n|-damage|p2a: \u63f4\u6e38\u4e01\u771f|0 fnt\n|-unboost|p1b: Sneasler|def|1\n|-unboost|p1b: Sneasler|spd|1\n|faint|p2a: \u63f4\u6e38\u4e01\u771f\n|move|p2b: \u70df\u6d8c\u4e01\u771f|Eruption|p1a: Pelipper|[spread] p1a,p1b\n|-resisted|p1a: Pelipper\n|-damage|p1a: Pelipper|82\/100\n|-damage|p1b: Sneasler|0 fnt\n|faint|p1b: Sneasler\n|\n|-weather|RainDance|[upkeep]\n|upkeep\n|\n|t:|1732944487\n|switch|p1b: Archaludon|Archaludon, L50, F|100\/100\n|switch|p2a: \u715c\u7130\u4e01\u771f|Armarouge, L50, M|39\/100\n|turn|5\n|-message|shuijun1\u82cd\u708e\u5203\u9b3c\u4fa0 forfeited.\n|\n|win|jayjazZa\n|raw|jayjazZa's rating: 1714 &rarr; <strong>1733<\/strong><br \/>(+19 for winning)\n|raw|shuijun1\u82cd\u708e\u5203\u9b3c\u4fa0's rating: 1692 &rarr; <strong>1673<\/strong><br \/>(-19 for losing)\n|l|\u2606shuijun1\u82cd\u708e\u5203\u9b3c\u4fa0\n|player|p2|\n|l| bluestraggler01\n|l|\u2606jayjazZa\n|player|p1|\n|l| Receptionitis15\n","uploadtime":1732944757,"views":8,"formatid":"gen9vgc2024regh","rating":1673,"private":0,"password":null}