{"id":"gen9vgc2024regh-2253378099","format":"[Gen 9] VGC 2024 Reg H","players":["bigbadbirdvgc","Djjwjwwjj"],"log":"|j|\u2606bigbadbirdvgc\n|j|\u2606Djjwjwwjj\n|t:|1732885557\n|gametype|doubles\n|player|p1|bigbadbirdvgc|101|1684\n|player|p2|Djjwjwwjj|101|1832\n|teamsize|p1|6\n|teamsize|p2|6\n|gen|9\n|tier|[Gen 9] VGC 2024 Reg H\n|rated|\n|rule|Species Clause: Limit one of each Pok\u00e9mon\n|rule|Item Clause: Limit 1 of each item\n|clearpoke\n|poke|p1|Gothitelle, L50, M|\n|poke|p1|Politoed, L50, F|\n|poke|p1|Archaludon, L50, F|\n|poke|p1|Incineroar, L50, M|\n|poke|p1|Amoonguss, L50, F|\n|poke|p1|Basculegion, L50, M|\n|poke|p2|Palafin, L50, F|\n|poke|p2|Pelipper, L50, M|\n|poke|p2|Electabuzz, L50, M|\n|poke|p2|Rillaboom, L50, M|\n|poke|p2|Incineroar, L50, M|\n|poke|p2|Gholdengo, L50|\n|teampreview|4\n|inactive|Battle timer is ON: inactive players will automatically lose when time's up. (requested by Djjwjwwjj)\n|l|\u2606Djjwjwwjj\n|inactive|Djjwjwwjj disconnected and has a minute to reconnect!\n|player|p2|\n|inactive|bigbadbirdvgc has 60 seconds left.\n|j|\u2606Djjwjwwjj\n|inactive|Djjwjwwjj reconnected and has 60 seconds left.\n|player|p2|Djjwjwwjj|101|\n|inactive|Djjwjwwjj has 30 seconds left.\n|inactive|Djjwjwwjj has 20 seconds left.\n|inactive|Djjwjwwjj has 15 seconds left.\n|\n|t:|1732885635\n|start\n|switch|p1a: Archaludon|Archaludon, L50, F|100\/100\n|switch|p1b: Politoed|Politoed, L50, F|100\/100\n|switch|p2a: Palafin|Palafin, L50, F|100\/100\n|switch|p2b: Incineroar|Incineroar, L50, M|100\/100\n|-ability|p2b: Incineroar|Intimidate|boost\n|-unboost|p1a: Archaludon|atk|1\n|-unboost|p1b: Politoed|atk|1\n|-weather|RainDance|[from] ability: Drizzle|[of] p1b: Politoed\n|turn|1\n|\n|t:|1732885656\n|move|p2b: Incineroar|Fake Out|p1b: Politoed\n|-damage|p1b: Politoed|89\/100\n|move|p2a: Palafin|Flip Turn|p1b: Politoed\n|-resisted|p1b: Politoed\n|-damage|p1b: Politoed|68\/100\n|\n|t:|1732885662\n|detailschange|p2a: Palafin|Palafin-Hero, L50, F\n|switch|p2a: Rillaboom|Rillaboom, L50, M|100\/100|[from] Flip Turn\n|-fieldstart|move: Grassy Terrain|[from] ability: Grassy Surge|[of] p2a: Rillaboom\n|move|p1a: Archaludon|Electro Shot||[still]\n|-prepare|p1a: Archaludon|Electro Shot\n|-boost|p1a: Archaludon|spa|1\n|-anim|p1a: Archaludon|Electro Shot|p2b: Incineroar\n|-damage|p2b: Incineroar|46\/100\n|cant|p1b: Politoed|flinch\n|\n|-weather|RainDance|[upkeep]\n|-heal|p2b: Incineroar|52\/100|[from] Grassy Terrain\n|-heal|p1b: Politoed|74\/100|[from] Grassy Terrain\n|upkeep\n|turn|2\n|inactive|Djjwjwwjj has 30 seconds left.\n|\n|t:|1732885695\n|switch|p1b: Incineroar|Incineroar, L50, M|100\/100\n|-ability|p1b: Incineroar|Intimidate|boost\n|-unboost|p2a: Rillaboom|atk|1\n|-unboost|p2b: Incineroar|atk|1\n|-terastallize|p2b: Incineroar|Grass\n|move|p1a: Archaludon|Protect|p1a: Archaludon\n|-singleturn|p1a: Archaludon|Protect\n|move|p2a: Rillaboom|High Horsepower|p1a: Archaludon\n|-activate|p1a: Archaludon|move: Protect\n|move|p2b: Incineroar|Parting Shot|p1a: Archaludon\n|-activate|p1a: Archaludon|move: Protect\n|\n|-weather|RainDance|[upkeep]\n|-heal|p2b: Incineroar|58\/100|[from] Grassy Terrain\n|upkeep\n|turn|3\n|inactive|Djjwjwwjj has 30 seconds left.\n|\n|t:|1732885721\n|move|p1a: Archaludon|Draco Meteor|p2b: Incineroar\n|-damage|p2b: Incineroar|0 fnt\n|-unboost|p1a: Archaludon|spa|2\n|faint|p2b: Incineroar\n|move|p2a: Rillaboom|High Horsepower|p1a: Archaludon\n|-supereffective|p1a: Archaludon\n|-damage|p1a: Archaludon|62\/100\n|move|p1b: Incineroar|Knock Off|p2a: Rillaboom\n|-damage|p2a: Rillaboom|57\/100\n|-enditem|p2a: Rillaboom|Assault Vest|[from] move: Knock Off|[of] p1b: Incineroar\n|\n|-weather|RainDance|[upkeep]\n|-heal|p1a: Archaludon|68\/100|[from] Grassy Terrain\n|-heal|p2a: Rillaboom|63\/100|[from] Grassy Terrain\n|upkeep\n|\n|t:|1732885736\n|switch|p2b: Palafin|Palafin-Hero, L50, F|100\/100\n|-activate|p2b: Palafin|ability: Zero to Hero\n|turn|4\n|\n|t:|1732885754\n|switch|p1a: Amoonguss|Amoonguss, L50, F|100\/100\n|switch|p2a: Gholdengo|Gholdengo, L50|100\/100\n|-terastallize|p1b: Incineroar|Grass\n|move|p2b: Palafin|Flip Turn|p1b: Incineroar\n|-resisted|p1b: Incineroar\n|-damage|p1b: Incineroar|59\/100\n|\n|t:|1732885764\n|switch|p2b: Rillaboom|Rillaboom, L50, M|63\/100|[from] Flip Turn\n|move|p1b: Incineroar|Parting Shot|p2b: Rillaboom\n|-unboost|p2b: Rillaboom|atk|1\n|-unboost|p2b: Rillaboom|spa|1\n|\n|t:|1732885772\n|switch|p1b: Archaludon|Archaludon, L50, F|68\/100|[from] Parting Shot\n|\n|-weather|RainDance|[upkeep]\n|-heal|p1b: Archaludon|74\/100|[from] Grassy Terrain\n|-heal|p2b: Rillaboom|69\/100|[from] Grassy Terrain\n|upkeep\n|turn|5\n|j| duringwork\n|\n|t:|1732885794\n|move|p2b: Rillaboom|Fake Out|p1b: Archaludon\n|-resisted|p1b: Archaludon\n|-damage|p1b: Archaludon|70\/100\n|cant|p1b: Archaludon|flinch\n|move|p2a: Gholdengo|Nasty Plot|p2a: Gholdengo\n|-boost|p2a: Gholdengo|spa|2\n|move|p1a: Amoonguss|Spore|p2b: Rillaboom\n|-immune|p2b: Rillaboom\n|\n|-weather|none\n|-heal|p1b: Archaludon|76\/100|[from] Grassy Terrain\n|-heal|p2b: Rillaboom|75\/100|[from] Grassy Terrain\n|-fieldend|move: Grassy Terrain\n|upkeep\n|turn|6\n|l| duringwork\n|inactive|bigbadbirdvgc has 30 seconds left.\n|inactive|Djjwjwwjj has 30 seconds left.\n|inactive|bigbadbirdvgc has 20 seconds left.\n|\n|t:|1732885832\n|switch|p2b: Palafin|Palafin-Hero, L50, F|100\/100\n|move|p1a: Amoonguss|Rage Powder|p1a: Amoonguss\n|-singleturn|p1a: Amoonguss|move: Rage Powder\n|move|p1b: Archaludon|Dark Pulse|p2a: Gholdengo\n|-supereffective|p2a: Gholdengo\n|-damage|p2a: Gholdengo|50\/100\n|move|p2a: Gholdengo|Shadow Ball|p1a: Amoonguss\n|-damage|p1a: Amoonguss|28\/100\n|\n|-heal|p2a: Gholdengo|57\/100|[from] item: Leftovers\n|upkeep\n|turn|7\n|inactive|Djjwjwwjj has 30 seconds left.\n|\n|t:|1732885860\n|switch|p1a: Incineroar|Incineroar, L50, M, tera:Grass|59\/100\n|-ability|p1a: Incineroar|Intimidate|boost\n|-unboost|p2a: Gholdengo|atk|1\n|-unboost|p2b: Palafin|atk|1\n|move|p1b: Archaludon|Protect|p1b: Archaludon\n|-singleturn|p1b: Archaludon|Protect\n|move|p2a: Gholdengo|Protect|p2a: Gholdengo\n|-singleturn|p2a: Gholdengo|Protect\n|move|p2b: Palafin|Flip Turn|p1a: Incineroar\n|-resisted|p1a: Incineroar\n|-crit|p1a: Incineroar\n|-damage|p1a: Incineroar|23\/100\n|\n|t:|1732885874\n|switch|p2b: Rillaboom|Rillaboom, L50, M|75\/100|[from] Flip Turn\n|-fieldstart|move: Grassy Terrain|[from] ability: Grassy Surge|[of] p2b: Rillaboom\n|\n|-heal|p1b: Archaludon|82\/100|[from] Grassy Terrain\n|-heal|p2a: Gholdengo|63\/100|[from] Grassy Terrain\n|-heal|p2a: Gholdengo|69\/100|[from] item: Leftovers\n|-heal|p2b: Rillaboom|81\/100|[from] Grassy Terrain\n|-heal|p1a: Incineroar|29\/100|[from] Grassy Terrain\n|upkeep\n|turn|8\n|\n|t:|1732885889\n|move|p2b: Rillaboom|Fake Out|p1b: Archaludon\n|-resisted|p1b: Archaludon\n|-damage|p1b: Archaludon|75\/100\n|cant|p1b: Archaludon|flinch\n|move|p2a: Gholdengo|Make It Rain|p1b: Archaludon|[spread] p1a,p1b\n|-resisted|p1b: Archaludon\n|-damage|p1a: Incineroar|0 fnt\n|-damage|p1b: Archaludon|11\/100\n|-unboost|p2a: Gholdengo|spa|1\n|faint|p1a: Incineroar\n|\n|-heal|p1b: Archaludon|17\/100|[from] Grassy Terrain\n|-heal|p2a: Gholdengo|75\/100|[from] Grassy Terrain\n|-heal|p2a: Gholdengo|82\/100|[from] item: Leftovers\n|-heal|p2b: Rillaboom|87\/100|[from] Grassy Terrain\n|upkeep\n|\n|t:|1732885906\n|switch|p1a: Politoed|Politoed, L50, F|74\/100\n|-weather|RainDance|[from] ability: Drizzle|[of] p1a: Politoed\n|turn|9\n|\n|t:|1732885930\n|move|p1a: Politoed|Helping Hand|p1b: Archaludon\n|-singleturn|p1b: Archaludon|Helping Hand|[of] p1a: Politoed\n|move|p1b: Archaludon|Electro Shot||[still]\n|-prepare|p1b: Archaludon|Electro Shot\n|-boost|p1b: Archaludon|spa|1\n|-anim|p1b: Archaludon|Electro Shot|p2a: Gholdengo\n|-damage|p2a: Gholdengo|0 fnt\n|faint|p2a: Gholdengo\n|move|p2b: Rillaboom|High Horsepower|p1b: Archaludon\n|-supereffective|p1b: Archaludon\n|-damage|p1b: Archaludon|0 fnt\n|faint|p1b: Archaludon\n|\n|-weather|RainDance|[upkeep]\n|-heal|p2b: Rillaboom|93\/100|[from] Grassy Terrain\n|-heal|p1a: Politoed|80\/100|[from] Grassy Terrain\n|upkeep\n|\n|t:|1732885946\n|switch|p1b: Amoonguss|Amoonguss, L50, F|61\/100\n|switch|p2a: Palafin|Palafin-Hero, L50, F|100\/100\n|turn|10\n|\n|t:|1732885953\n|move|p1a: Politoed|Protect|p1a: Politoed\n|-singleturn|p1a: Politoed|Protect\n|move|p2a: Palafin|Ice Punch|p1b: Amoonguss\n|-supereffective|p1b: Amoonguss\n|-damage|p1b: Amoonguss|0 fnt\n|-damage|p2a: Palafin|84\/100|[from] item: Rocky Helmet|[of] p1b: Amoonguss\n|faint|p1b: Amoonguss\n|move|p2b: Rillaboom|Wood Hammer|p1a: Politoed\n|-activate|p1a: Politoed|move: Protect\n|\n|-weather|RainDance|[upkeep]\n|-heal|p2a: Palafin|90\/100|[from] Grassy Terrain\n|-heal|p2b: Rillaboom|99\/100|[from] Grassy Terrain\n|-heal|p1a: Politoed|86\/100|[from] Grassy Terrain\n|upkeep\n|turn|11\n|-message|bigbadbirdvgc forfeited.\n|\n|win|Djjwjwwjj\n|raw|bigbadbirdvgc's rating: 1684 &rarr; <strong>1672<\/strong><br \/>(-12 for losing)\n|raw|Djjwjwwjj's rating: 1832 &rarr; <strong>1844<\/strong><br \/>(+12 for winning)\n|l|\u2606bigbadbirdvgc\n|player|p1|\n|l|\u2606Djjwjwwjj\n|player|p2|\n","uploadtime":1732886213,"views":9,"formatid":"gen9vgc2024regh","rating":1672,"private":0,"password":null}