{"id":"gen9vgc2024regh-2253117902","format":"[Gen 9] VGC 2024 Reg H","players":["testy accounty 2","la bella de easo"],"log":"|j|\u2606testy accounty 2\n|j|\u2606la bella de easo\n|t:|1732842779\n|gametype|doubles\n|player|p1|testy accounty 2|2|1744\n|player|p2|la bella de easo|102|1654\n|teamsize|p1|6\n|teamsize|p2|6\n|gen|9\n|tier|[Gen 9] VGC 2024 Reg H\n|rated|\n|rule|Species Clause: Limit one of each Pok\u00e9mon\n|rule|Item Clause: Limit 1 of each item\n|clearpoke\n|poke|p1|Pelipper, L50, F|\n|poke|p1|Archaludon, L50, F|\n|poke|p1|Sneasler, L50, M|\n|poke|p1|Dragonite, L50, M|\n|poke|p1|Basculegion, L50, M|\n|poke|p1|Rillaboom, L50, M|\n|poke|p2|Pelipper, L50, M|\n|poke|p2|Archaludon, L50, M|\n|poke|p2|Incineroar, L50, M|\n|poke|p2|Amoonguss, L50, M|\n|poke|p2|Basculegion, L50, M|\n|poke|p2|Dragonite, L50, M|\n|teampreview|4\n|inactive|Battle timer is ON: inactive players will automatically lose when time's up. (requested by la bella de easo)\n|\n|t:|1732842807\n|start\n|switch|p1a: Hephetus|Archaludon, L50, F|100\/100\n|switch|p1b: Ceasar|Rillaboom, L50, M|100\/100\n|switch|p2a: Dragonite|Dragonite, L50, M|100\/100\n|switch|p2b: Archaludon|Archaludon, L50, M, shiny|100\/100\n|-fieldstart|move: Grassy Terrain|[from] ability: Grassy Surge|[of] p1b: Ceasar\n|turn|1\n|inactive|la bella de easo has 30 seconds left.\n|\n|t:|1732842836\n|-terastallize|p2b: Archaludon|Grass\n|move|p2a: Dragonite|Scale Shot|p2b: Archaludon\n|-damage|p2b: Archaludon|90\/100\n|-ability|p2b: Archaludon|Stamina|boost\n|-boost|p2b: Archaludon|def|1\n|-damage|p2b: Archaludon|83\/100\n|-ability|p2b: Archaludon|Stamina|boost\n|-boost|p2b: Archaludon|def|1\n|-damage|p2b: Archaludon|78\/100\n|-ability|p2b: Archaludon|Stamina|boost\n|-boost|p2b: Archaludon|def|1\n|-damage|p2b: Archaludon|74\/100\n|-ability|p2b: Archaludon|Stamina|boost\n|-boost|p2b: Archaludon|def|1\n|-damage|p2b: Archaludon|70\/100\n|-ability|p2b: Archaludon|Stamina|boost\n|-boost|p2b: Archaludon|def|1\n|-hitcount|p2b: Archaludon|5\n|-unboost|p2a: Dragonite|def|1\n|-boost|p2a: Dragonite|spe|1\n|move|p1b: Ceasar|Bullet Seed|p1a: Hephetus\n|-resisted|p1a: Hephetus\n|-damage|p1a: Hephetus|98\/100\n|-ability|p1a: Hephetus|Stamina|boost\n|-boost|p1a: Hephetus|def|1\n|-resisted|p1a: Hephetus\n|-crit|p1a: Hephetus\n|-damage|p1a: Hephetus|94\/100\n|-ability|p1a: Hephetus|Stamina|boost\n|-boost|p1a: Hephetus|def|1\n|-resisted|p1a: Hephetus\n|-damage|p1a: Hephetus|93\/100\n|-ability|p1a: Hephetus|Stamina|boost\n|-boost|p1a: Hephetus|def|1\n|-resisted|p1a: Hephetus\n|-damage|p1a: Hephetus|92\/100\n|-ability|p1a: Hephetus|Stamina|boost\n|-boost|p1a: Hephetus|def|1\n|-hitcount|p1a: Hephetus|4\n|move|p1a: Hephetus|Body Press|p2b: Archaludon\n|-damage|p2b: Archaludon|53\/100\n|-ability|p2b: Archaludon|Stamina|boost\n|-boost|p2b: Archaludon|def|1\n|move|p2b: Archaludon|Body Press|p1a: Hephetus\n|-supereffective|p1a: Hephetus\n|-damage|p1a: Hephetus|50\/100\n|-ability|p1a: Hephetus|Stamina|boost\n|-boost|p1a: Hephetus|def|1\n|\n|-heal|p1a: Hephetus|56\/100|[from] Grassy Terrain\n|-heal|p2b: Archaludon|59\/100|[from] Grassy Terrain\n|upkeep\n|turn|2\n|inactive|testy accounty 2 has 30 seconds left.\n|inactive|la bella de easo has 30 seconds left.\n|inactive|testy accounty 2 has 20 seconds left.\n|inactive|la bella de easo has 20 seconds left.\n|inactive|la bella de easo has 15 seconds left.\n|inactive|la bella de easo has 10 seconds left.\n|\n|t:|1732842882\n|move|p1b: Ceasar|Grassy Glide|p2a: Dragonite\n|-resisted|p2a: Dragonite\n|-damage|p2a: Dragonite|95\/100\n|move|p2a: Dragonite|Tailwind|p2a: Dragonite\n|-sidestart|p2: la bella de easo|move: Tailwind\n|move|p2b: Archaludon|Body Press|p1b: Ceasar\n|-damage|p1b: Ceasar|12\/100\n|move|p1a: Hephetus|Draco Meteor|p2a: Dragonite\n|-supereffective|p2a: Dragonite\n|-damage|p2a: Dragonite|0 fnt\n|-unboost|p1a: Hephetus|spa|2\n|faint|p2a: Dragonite\n|\n|-heal|p2b: Archaludon|65\/100|[from] Grassy Terrain\n|-heal|p1b: Ceasar|18\/100|[from] Grassy Terrain\n|-heal|p1a: Hephetus|62\/100|[from] Grassy Terrain\n|upkeep\n|\n|t:|1732842907\n|switch|p2a: Incineroar|Incineroar, L50, M, shiny|100\/100\n|-ability|p2a: Incineroar|Intimidate|boost\n|-unboost|p1a: Hephetus|atk|1\n|-unboost|p1b: Ceasar|atk|1\n|turn|3\n|\n|t:|1732842929\n|-terastallize|p1a: Hephetus|Grass\n|move|p2a: Incineroar|Fake Out|p1a: Hephetus\n|-damage|p1a: Hephetus|60\/100\n|-ability|p1a: Hephetus|Stamina|boost\n|-boost|p1a: Hephetus|def|1\n|move|p1b: Ceasar|Grassy Glide|p1a: Hephetus\n|-resisted|p1a: Hephetus\n|-damage|p1a: Hephetus|58\/100\n|move|p2b: Archaludon|Dragon Pulse|p1a: Hephetus\n|-damage|p1a: Hephetus|22\/100\n|cant|p1a: Hephetus|flinch\n|\n|-heal|p2b: Archaludon|72\/100|[from] Grassy Terrain\n|-heal|p1b: Ceasar|24\/100|[from] Grassy Terrain\n|-heal|p1a: Hephetus|28\/100|[from] Grassy Terrain\n|upkeep\n|turn|4\n|j| Test_Thingie\n|inactive|testy accounty 2 has 30 seconds left.\n|\n|t:|1732842962\n|switch|p1b: Posiden|Pelipper, L50, F|100\/100\n|-weather|RainDance|[from] ability: Drizzle|[of] p1b: Posiden\n|move|p2b: Archaludon|Dragon Pulse|p1a: Hephetus\n|-damage|p1a: Hephetus|0 fnt\n|faint|p1a: Hephetus\n|move|p2a: Incineroar|Knock Off|p1b: Posiden\n|-crit|p1b: Posiden\n|-damage|p1b: Posiden|31\/100\n|-enditem|p1b: Posiden|Focus Sash|[from] move: Knock Off|[of] p2a: Incineroar\n|\n|-weather|RainDance|[upkeep]\n|-heal|p2b: Archaludon|78\/100|[from] Grassy Terrain\n|upkeep\n|\n|t:|1732842972\n|switch|p1a: Ceasar|Rillaboom, L50, M|24\/100\n|turn|5\n|\n|t:|1732842993\n|switch|p2a: Amoonguss|Amoonguss, L50, M|100\/100\n|switch|p1a: Thanotos|Basculegion, L50, M|100\/100\n|move|p1b: Posiden|Protect|p1b: Posiden\n|-singleturn|p1b: Posiden|Protect\n|move|p2b: Archaludon|Electro Shot||[still]\n|-prepare|p2b: Archaludon|Electro Shot\n|-boost|p2b: Archaludon|spa|1\n|-anim|p2b: Archaludon|Electro Shot|p1b: Posiden\n|-activate|p1b: Posiden|move: Protect\n|\n|-weather|RainDance|[upkeep]\n|-heal|p2b: Archaludon|84\/100|[from] Grassy Terrain\n|-sideend|p2: la bella de easo|move: Tailwind\n|-fieldend|move: Grassy Terrain\n|upkeep\n|turn|6\n|inactive|testy accounty 2 has 30 seconds left.\n|inactive|la bella de easo has 30 seconds left.\n|inactive|testy accounty 2 has 20 seconds left.\n|inactive|la bella de easo has 20 seconds left.\n|inactive|testy accounty 2 has 15 seconds left.\n|inactive|la bella de easo has 15 seconds left.\n|\n|t:|1732843034\n|move|p2a: Amoonguss|Rage Powder|p2a: Amoonguss\n|-singleturn|p2a: Amoonguss|move: Rage Powder\n|move|p1a: Thanotos|Flip Turn|p2a: Amoonguss\n|-resisted|p2a: Amoonguss\n|-damage|p2a: Amoonguss|74\/100\n|\n|t:|1732843039\n|switch|p1a: Ceasar|Rillaboom, L50, M|24\/100|[from] Flip Turn\n|-fieldstart|move: Grassy Terrain|[from] ability: Grassy Surge|[of] p1a: Ceasar\n|move|p1b: Posiden|Tailwind|p1b: Posiden\n|-sidestart|p1: testy accounty 2|move: Tailwind\n|move|p2b: Archaludon|Electro Shot||[still]\n|-prepare|p2b: Archaludon|Electro Shot\n|-boost|p2b: Archaludon|spa|1\n|-anim|p2b: Archaludon|Electro Shot|p1b: Posiden\n|-supereffective|p1b: Posiden\n|-damage|p1b: Posiden|0 fnt\n|faint|p1b: Posiden\n|\n|-weather|RainDance|[upkeep]\n|-heal|p1a: Ceasar|29\/100|[from] Grassy Terrain\n|-heal|p2b: Archaludon|90\/100|[from] Grassy Terrain\n|-heal|p2a: Amoonguss|80\/100|[from] Grassy Terrain\n|upkeep\n|j| Kaiju Krush\n|\n|t:|1732843046\n|switch|p1b: Thanotos|Basculegion, L50, M|100\/100\n|turn|7\n|inactive|testy accounty 2 has 30 seconds left.\n|\n|t:|1732843075\n|switch|p2a: Incineroar|Incineroar, L50, M, shiny|100\/100\n|-ability|p2a: Incineroar|Intimidate|boost\n|-unboost|p1a: Ceasar|atk|1\n|-unboost|p1b: Thanotos|atk|1\n|move|p1a: Ceasar|Fake Out|p2b: Archaludon\n|-damage|p2b: Archaludon|88\/100\n|move|p1b: Thanotos|Last Respects|p2b: Archaludon\n|-damage|p2b: Archaludon|74\/100\n|cant|p2b: Archaludon|flinch\n|\n|-weather|RainDance|[upkeep]\n|-heal|p1a: Ceasar|35\/100|[from] Grassy Terrain\n|-heal|p2b: Archaludon|80\/100|[from] Grassy Terrain\n|upkeep\n|turn|8\n|-message|testy accounty 2 forfeited.\n|\n|win|la bella de easo\n|raw|testy accounty 2's rating: 1744 &rarr; <strong>1719<\/strong><br \/>(-25 for losing)\n|raw|la bella de easo's rating: 1654 &rarr; <strong>1679<\/strong><br \/>(+25 for winning)\n|l|\u2606testy accounty 2\n|player|p1|\n|l| Test_Thingie\n","uploadtime":1732843129,"views":5,"formatid":"gen9vgc2024regh","rating":1679,"private":0,"password":null}