{"id":"gen9vgc2024regh-2253525897","format":"[Gen 9] VGC 2024 Reg H","players":["kojimuranishi","Djjwjwwjj"],"log":"|j|\u2606kojimuranishi\n|j|\u2606Djjwjwwjj\n|t:|1732904221\n|gametype|doubles\n|player|p1|kojimuranishi|102|1745\n|player|p2|Djjwjwwjj|101|1817\n|teamsize|p1|6\n|teamsize|p2|6\n|gen|9\n|tier|[Gen 9] VGC 2024 Reg H\n|rated|\n|rule|Species Clause: Limit one of each Pok\u00e9mon\n|rule|Item Clause: Limit 1 of each item\n|clearpoke\n|poke|p1|Whimsicott, L50, F|\n|poke|p1|Ursaluna-Bloodmoon, L50, M|\n|poke|p1|Archaludon, L50, F|\n|poke|p1|Dragonite, L50, M|\n|poke|p1|Gholdengo, L50|\n|poke|p1|Volcarona, L50, M|\n|poke|p2|Palafin, L50, F|\n|poke|p2|Pelipper, L50, F|\n|poke|p2|Electabuzz, L50, M|\n|poke|p2|Rillaboom, L50, M|\n|poke|p2|Incineroar, L50, F|\n|poke|p2|Gholdengo, L50|\n|teampreview|4\n|inactive|Battle timer is ON: inactive players will automatically lose when time's up. (requested by Djjwjwwjj)\n|j| CXCJNTM\n|inactive|kojimuranishi has 60 seconds left.\n|inactive|Djjwjwwjj has 60 seconds left.\n|inactive|Djjwjwwjj has 30 seconds left.\n|\n|t:|1732904282\n|start\n|switch|p1a: Ursaluna|Ursaluna-Bloodmoon, L50, M|100\/100\n|switch|p1b: Volcarona|Volcarona, L50, M|100\/100\n|switch|p2a: Incineroar|Incineroar, L50, F|100\/100\n|switch|p2b: Gholdengo|Gholdengo, L50|100\/100\n|-ability|p2a: Incineroar|Intimidate|boost\n|-unboost|p1a: Ursaluna|atk|1\n|-unboost|p1b: Volcarona|atk|1\n|turn|1\n|\n|t:|1732904305\n|switch|p2b: Pelipper|Pelipper, L50, F|100\/100\n|-weather|RainDance|[from] ability: Drizzle|[of] p2b: Pelipper\n|move|p1a: Ursaluna|Protect|p1a: Ursaluna\n|-singleturn|p1a: Ursaluna|Protect\n|move|p2a: Incineroar|Fake Out|p1a: Ursaluna\n|-activate|p1a: Ursaluna|move: Protect\n|move|p1b: Volcarona|Tailwind|p1b: Volcarona\n|-sidestart|p1: kojimuranishi|move: Tailwind\n|\n|-weather|RainDance|[upkeep]\n|upkeep\n|turn|2\n|inactive|Djjwjwwjj has 30 seconds left.\n|inactive|Djjwjwwjj has 20 seconds left.\n|\n|t:|1732904340\n|switch|p2b: Gholdengo|Gholdengo, L50|100\/100\n|move|p1b: Volcarona|Struggle Bug|p2a: Incineroar|[spread] p2a,p2b\n|-resisted|p2b: Gholdengo\n|-damage|p2a: Incineroar|86\/100\n|-damage|p2b: Gholdengo|97\/100\n|-unboost|p2a: Incineroar|spa|1\n|-unboost|p2b: Gholdengo|spa|1\n|move|p1a: Ursaluna|Blood Moon|p2b: Gholdengo\n|-resisted|p2b: Gholdengo\n|-damage|p2b: Gholdengo|44\/100\n|-damage|p1a: Ursaluna|91\/100|[from] item: Life Orb\n|move|p2a: Incineroar|Parting Shot|p1a: Ursaluna\n|-unboost|p1a: Ursaluna|atk|1\n|-unboost|p1a: Ursaluna|spa|1\n|\n|t:|1732904358\n|switch|p2a: Electabuzz|Electabuzz, L50, M|100\/100|[from] Parting Shot\n|\n|-weather|RainDance|[upkeep]\n|upkeep\n|turn|3\n|\n|t:|1732904381\n|switch|p2b: Incineroar|Incineroar, L50, F|86\/100\n|-ability|p2b: Incineroar|Intimidate|boost\n|-unboost|p1a: Ursaluna|atk|1\n|-unboost|p1b: Volcarona|atk|1\n|move|p2a: Electabuzz|Protect|p2a: Electabuzz\n|-singleturn|p2a: Electabuzz|Protect\n|move|p1b: Volcarona|Heat Wave|p2a: Electabuzz|[spread] p2b\n|-activate|p2a: Electabuzz|move: Protect\n|-resisted|p2b: Incineroar\n|-damage|p2b: Incineroar|79\/100\n|move|p1a: Ursaluna|Earth Power|p2a: Electabuzz\n|-activate|p2a: Electabuzz|move: Protect\n|\n|-weather|RainDance|[upkeep]\n|upkeep\n|turn|4\n|inactive|kojimuranishi has 30 seconds left.\n|inactive|Djjwjwwjj has 30 seconds left.\n|inactive|Djjwjwwjj has 20 seconds left.\n|inactive|Djjwjwwjj has 15 seconds left.\n|\n|t:|1732904430\n|move|p2a: Electabuzz|Follow Me|p2a: Electabuzz\n|-singleturn|p2a: Electabuzz|move: Follow Me\n|move|p1b: Volcarona|Struggle Bug|p2a: Electabuzz|[spread] p2a,p2b\n|-damage|p2a: Electabuzz|87\/100\n|-damage|p2b: Incineroar|64\/100\n|-unboost|p2a: Electabuzz|spa|1\n|-unboost|p2b: Incineroar|spa|1\n|move|p1a: Ursaluna|Blood Moon|p2a: Electabuzz\n|-damage|p2a: Electabuzz|28\/100\n|-damage|p1a: Ursaluna|81\/100|[from] item: Life Orb\n|move|p2b: Incineroar|Knock Off|p1b: Volcarona\n|-damage|p1b: Volcarona|63\/100\n|-damage|p2b: Incineroar|48\/100|[from] item: Rocky Helmet|[of] p1b: Volcarona\n|-enditem|p1b: Volcarona|Rocky Helmet|[from] move: Knock Off|[of] p2b: Incineroar\n|\n|-weather|RainDance|[upkeep]\n|-sideend|p1: kojimuranishi|move: Tailwind\n|upkeep\n|turn|5\n|inactive|kojimuranishi has 30 seconds left.\n|inactive|Djjwjwwjj has 30 seconds left.\n|\n|t:|1732904464\n|move|p2a: Electabuzz|Feint|p1a: Ursaluna\n|-damage|p1a: Ursaluna|77\/100\n|move|p1b: Volcarona|Tailwind|p1b: Volcarona\n|-sidestart|p1: kojimuranishi|move: Tailwind\n|move|p1a: Ursaluna|Earth Power|p2b: Incineroar\n|-supereffective|p2b: Incineroar\n|-crit|p2b: Incineroar\n|-damage|p2b: Incineroar|0 fnt\n|faint|p2b: Incineroar\n|-damage|p1a: Ursaluna|67\/100|[from] item: Life Orb\n|\n|-weather|none\n|upkeep\n|\n|t:|1732904476\n|switch|p2b: Pelipper|Pelipper, L50, F|100\/100\n|-weather|RainDance|[from] ability: Drizzle|[of] p2b: Pelipper\n|turn|6\n|\n|t:|1732904494\n|-terastallize|p1a: Ursaluna|Normal\n|move|p2a: Electabuzz|Follow Me|p2a: Electabuzz\n|-singleturn|p2a: Electabuzz|move: Follow Me\n|move|p1b: Volcarona|Struggle Bug|p2b: Pelipper|[spread] p2a,p2b\n|-resisted|p2b: Pelipper\n|-damage|p2a: Electabuzz|16\/100\n|-damage|p2b: Pelipper|85\/100\n|-unboost|p2a: Electabuzz|spa|1\n|-unboost|p2b: Pelipper|spa|1\n|move|p1a: Ursaluna|Blood Moon|p2a: Electabuzz\n|-damage|p2a: Electabuzz|0 fnt\n|faint|p2a: Electabuzz\n|-damage|p1a: Ursaluna|58\/100|[from] item: Life Orb\n|move|p2b: Pelipper|Weather Ball|p1a: Ursaluna\n|-damage|p1a: Ursaluna|0 fnt\n|faint|p1a: Ursaluna\n|\n|-weather|RainDance|[upkeep]\n|upkeep\n|\n|t:|1732904514\n|switch|p2a: Gholdengo|Gholdengo, L50|44\/100\n|switch|p1a: Archaludon|Archaludon, L50, F|100\/100\n|turn|7\n|-message|Djjwjwwjj forfeited.\n|\n|win|kojimuranishi\n|raw|kojimuranishi's rating: 1745 &rarr; <strong>1769<\/strong><br \/>(+24 for winning)\n|raw|Djjwjwwjj's rating: 1817 &rarr; <strong>1793<\/strong><br \/>(-24 for losing)\n|l|\u2606Djjwjwwjj\n|player|p2|\n|l|\u2606kojimuranishi\n|player|p1|\n|l| CXCJNTM\n","uploadtime":1732904780,"views":20,"formatid":"gen9vgc2024regh","rating":1769,"private":0,"password":null}