{"id":"gen9vgc2024regh-2253613185","format":"[Gen 9] VGC 2024 Reg H","players":["fabriga","Colombianarepa"],"log":"|j|\u2606fabriga\n|j|\u2606Colombianarepa\n|t:|1732914889\n|gametype|doubles\n|player|p1|fabriga|2|1649\n|player|p2|Colombianarepa|1|1699\n|teamsize|p1|6\n|teamsize|p2|6\n|gen|9\n|tier|[Gen 9] VGC 2024 Reg H\n|rated|\n|rule|Species Clause: Limit one of each Pok\u00e9mon\n|rule|Item Clause: Limit 1 of each item\n|clearpoke\n|poke|p1|Gothitelle, L50, F|\n|poke|p1|Primarina, L50, M|\n|poke|p1|Incineroar, L50, F|\n|poke|p1|Amoonguss, L50, M|\n|poke|p1|Kommo-o, L50, F|\n|poke|p1|Ursaluna, L50, F|\n|poke|p2|Gholdengo, L50|\n|poke|p2|Incineroar, L50, F|\n|poke|p2|Amoonguss, L50, M|\n|poke|p2|Garchomp, L50, M|\n|poke|p2|Tyranitar, L50, F|\n|poke|p2|Kilowattrel, L50, M|\n|teampreview|4\n|\n|t:|1732914940\n|start\n|switch|p1a: Gothitelle|Gothitelle, L50, F|100\/100\n|switch|p1b: Primarina|Primarina, L50, M|100\/100\n|switch|p2a: Kilowattrel|Kilowattrel, L50, M|100\/100\n|switch|p2b: Gholdengo|Gholdengo, L50|100\/100\n|turn|1\n|\n|t:|1732914949\n|switch|p1b: Ursaluna|Ursaluna, L50, F|100\/100\n|-terastallize|p2a: Kilowattrel|Ghost\n|move|p2a: Kilowattrel|Protect|p2a: Kilowattrel\n|-singleturn|p2a: Kilowattrel|Protect\n|move|p2b: Gholdengo|Nasty Plot|p2b: Gholdengo\n|-boost|p2b: Gholdengo|spa|2\n|move|p1a: Gothitelle|Trick Room|p1a: Gothitelle\n|-fieldstart|move: Trick Room|[of] p1a: Gothitelle\n|\n|-status|p1b: Ursaluna|brn|[from] item: Flame Orb\n|upkeep\n|turn|2\n|\n|t:|1732914980\n|switch|p1a: Incineroar|Incineroar, L50, F|100\/100\n|-ability|p1a: Incineroar|Intimidate|boost\n|-unboost|p2a: Kilowattrel|atk|1\n|-ability|p2a: Kilowattrel|Competitive|boost\n|-boost|p2a: Kilowattrel|spa|2\n|-unboost|p2b: Gholdengo|atk|1\n|move|p2b: Gholdengo|Protect|p2b: Gholdengo\n|-singleturn|p2b: Gholdengo|Protect\n|move|p1b: Ursaluna|Substitute|p1b: Ursaluna\n|-start|p1b: Ursaluna|Substitute\n|-damage|p1b: Ursaluna|76\/100 brn\n|move|p2a: Kilowattrel|Hurricane|p1b: Ursaluna\n|-end|p1b: Ursaluna|Substitute\n|\n|-damage|p1b: Ursaluna|70\/100 brn|[from] brn\n|upkeep\n|turn|3\n|j| waltermelon2\n|\n|t:|1732915003\n|move|p2a: Kilowattrel|Protect|p2a: Kilowattrel\n|-singleturn|p2a: Kilowattrel|Protect\n|move|p1b: Ursaluna|Headlong Rush|p2b: Gholdengo\n|-supereffective|p2b: Gholdengo\n|-damage|p2b: Gholdengo|0 fnt\n|-unboost|p1b: Ursaluna|def|1\n|-unboost|p1b: Ursaluna|spd|1\n|faint|p2b: Gholdengo\n|move|p1a: Incineroar|Knock Off|p2a: Kilowattrel\n|-activate|p2a: Kilowattrel|move: Protect\n|\n|-damage|p1b: Ursaluna|64\/100 brn|[from] brn\n|upkeep\n|\n|t:|1732915008\n|switch|p2b: Garchomp|Garchomp, L50, M|100\/100\n|turn|4\n|\n|t:|1732915016\n|move|p2b: Garchomp|Protect|p2b: Garchomp\n|-singleturn|p2b: Garchomp|Protect\n|move|p1b: Ursaluna|Facade|p2b: Garchomp\n|-activate|p2b: Garchomp|move: Protect\n|move|p1a: Incineroar|Knock Off|p2a: Kilowattrel\n|-supereffective|p2a: Kilowattrel\n|-crit|p2a: Kilowattrel\n|-enditem|p2a: Kilowattrel|Focus Sash\n|-damage|p2a: Kilowattrel|1\/100\n|move|p2a: Kilowattrel|Hurricane|p1b: Ursaluna|[miss]\n|-miss|p2a: Kilowattrel|p1b: Ursaluna\n|\n|-damage|p1b: Ursaluna|58\/100 brn|[from] brn\n|upkeep\n|turn|5\n|\n|t:|1732915030\n|switch|p2b: Tyranitar|Tyranitar, L50, F|100\/100\n|-weather|Sandstorm|[from] ability: Sand Stream|[of] p2b: Tyranitar\n|move|p2a: Kilowattrel|Protect|p2a: Kilowattrel\n|-singleturn|p2a: Kilowattrel|Protect\n|move|p1b: Ursaluna|Facade|p2b: Tyranitar\n|-resisted|p2b: Tyranitar\n|-damage|p2b: Tyranitar|54\/100\n|move|p1a: Incineroar|Knock Off|p2a: Kilowattrel\n|-activate|p2a: Kilowattrel|move: Protect\n|\n|-weather|Sandstorm|[upkeep]\n|-damage|p2a: Kilowattrel|0 fnt|[from] Sandstorm\n|faint|p2a: Kilowattrel\n|-damage|p1b: Ursaluna|52\/100 brn|[from] brn\n|-fieldend|move: Trick Room\n|upkeep\n|\n|t:|1732915041\n|switch|p2a: Garchomp|Garchomp, L50, M|100\/100\n|turn|6\n|\n|t:|1732915064\n|switch|p1a: Gothitelle|Gothitelle, L50, F|100\/100\n|move|p2a: Garchomp|Stomping Tantrum|p1a: Gothitelle\n|-damage|p1a: Gothitelle|56\/100\n|-damage|p2a: Garchomp|91\/100|[from] item: Life Orb\n|move|p2b: Tyranitar|Low Kick|p1a: Gothitelle\n|-resisted|p1a: Gothitelle\n|-damage|p1a: Gothitelle|46\/100\n|move|p1b: Ursaluna|Facade|p2a: Garchomp\n|-damage|p2a: Garchomp|0 fnt\n|-damage|p1b: Ursaluna|40\/100 brn|[from] ability: Rough Skin|[of] p2a: Garchomp\n|faint|p2a: Garchomp\n|\n|-weather|Sandstorm|[upkeep]\n|-damage|p1a: Gothitelle|40\/100|[from] Sandstorm\n|-heal|p1a: Gothitelle|46\/100|[from] item: Leftovers\n|-damage|p1b: Ursaluna|34\/100 brn|[from] brn\n|upkeep\n|turn|7\n|-message|Colombianarepa forfeited.\n|\n|win|fabriga\n|raw|fabriga's rating: 1649 &rarr; <strong>1672<\/strong><br \/>(+23 for winning)\n|raw|Colombianarepa's rating: 1699 &rarr; <strong>1676<\/strong><br \/>(-23 for losing)\n|l|\u2606Colombianarepa\n|player|p2|\n|l|\u2606fabriga\n|player|p1|\n|l| waltermelon2\n","uploadtime":1732915301,"views":5,"formatid":"gen9vgc2024regh","rating":1672,"private":0,"password":null}