{"id":"gen9vgc2024regh-2253990971","format":"[Gen 9] VGC 2024 Reg H","players":["nia666","chin8"],"log":"|j|\u2606nia666\n|j|\u2606chin8\n|t:|1732976728\n|gametype|doubles\n|player|p1|nia666|101|1675\n|player|p2|chin8|gentleman-gen4dp|1726\n|teamsize|p1|6\n|teamsize|p2|6\n|gen|9\n|tier|[Gen 9] VGC 2024 Reg H\n|rated|\n|rule|Species Clause: Limit one of each Pok\u00e9mon\n|rule|Item Clause: Limit 1 of each item\n|clearpoke\n|poke|p1|Ursaluna, L50, F|\n|poke|p1|Porygon2, L50|\n|poke|p1|Amoonguss, L50, M|\n|poke|p1|Incineroar, L50, M|\n|poke|p1|Gholdengo, L50|\n|poke|p1|Dragonite, L50, F|\n|poke|p2|Baxcalibur, L50, F|\n|poke|p2|Kilowattrel, L50, F|\n|poke|p2|Granbull, L50, M|\n|poke|p2|Gardevoir, L50, F|\n|poke|p2|Magmortar, L50, M|\n|poke|p2|Gholdengo, L50|\n|teampreview|4\n|\n|t:|1732976758\n|start\n|switch|p1a: Porygon2|Porygon2, L50|100\/100\n|switch|p1b: Gholdengo|Gholdengo, L50|100\/100\n|switch|p2a: Gholdengo|Gholdengo, L50|100\/100\n|switch|p2b: Magmortar|Magmortar, L50, M|100\/100\n|-ability|p1a: Porygon2|Download|boost\n|-boost|p1a: Porygon2|atk|1\n|turn|1\n|\n|t:|1732976791\n|switch|p1a: Incineroar|Incineroar, L50, M|100\/100\n|-ability|p1a: Incineroar|Intimidate|boost\n|-unboost|p2a: Gholdengo|atk|1\n|-unboost|p2b: Magmortar|atk|1\n|-terastallize|p2a: Gholdengo|Water\n|move|p1b: Gholdengo|Protect|p1b: Gholdengo\n|-singleturn|p1b: Gholdengo|Protect\n|move|p2a: Gholdengo|Nasty Plot|p2a: Gholdengo\n|-boost|p2a: Gholdengo|spa|2\n|move|p2b: Magmortar|Taunt|p1a: Incineroar\n|-start|p1a: Incineroar|move: Taunt\n|\n|upkeep\n|turn|2\n|\n|t:|1732976820\n|-terastallize|p1b: Gholdengo|Water\n|move|p1a: Incineroar|Fake Out|p2a: Gholdengo\n|-damage|p2a: Gholdengo|91\/100\n|move|p1b: Gholdengo|Nasty Plot|p1b: Gholdengo\n|-boost|p1b: Gholdengo|spa|2\n|cant|p2a: Gholdengo|flinch\n|move|p2b: Magmortar|Heat Wave|p1a: Incineroar|[spread] p1a,p1b\n|-resisted|p1a: Incineroar\n|-resisted|p1b: Gholdengo\n|-damage|p1a: Incineroar|92\/100\n|-damage|p1b: Gholdengo|81\/100\n|\n|-heal|p2a: Gholdengo|97\/100|[from] item: Leftovers\n|upkeep\n|turn|3\n|\n|t:|1732976849\n|move|p1b: Gholdengo|Protect|p1b: Gholdengo\n|-singleturn|p1b: Gholdengo|Protect\n|move|p2b: Magmortar|Follow Me|p2b: Magmortar\n|-singleturn|p2b: Magmortar|move: Follow Me\n|move|p2a: Gholdengo|Shadow Ball|p1b: Gholdengo\n|-activate|p1b: Gholdengo|move: Protect\n|move|p1a: Incineroar|Knock Off|p2b: Magmortar\n|-damage|p2b: Magmortar|64\/100\n|-enditem|p2b: Magmortar|Sitrus Berry|[from] move: Knock Off|[of] p1a: Incineroar\n|\n|-heal|p2a: Gholdengo|100\/100|[from] item: Leftovers\n|-end|p1a: Incineroar|move: Taunt\n|upkeep\n|turn|4\n|inactive|Battle timer is ON: inactive players will automatically lose when time's up. (requested by chin8)\n|\n|t:|1732976896\n|move|p2b: Magmortar|Follow Me|p2b: Magmortar\n|-singleturn|p2b: Magmortar|move: Follow Me\n|move|p1b: Gholdengo|Make It Rain|p2b: Magmortar|[spread] p2a,p2b\n|-resisted|p2a: Gholdengo\n|-resisted|p2b: Magmortar\n|-damage|p2a: Gholdengo|45\/100\n|-damage|p2b: Magmortar|10\/100\n|-unboost|p1b: Gholdengo|spa|1\n|-damage|p1b: Gholdengo|71\/100|[from] item: Life Orb\n|move|p2a: Gholdengo|Shadow Ball|p1b: Gholdengo\n|-damage|p1b: Gholdengo|0 fnt\n|faint|p1b: Gholdengo\n|move|p1a: Incineroar|U-turn|p2b: Magmortar\n|-resisted|p2b: Magmortar\n|-damage|p2b: Magmortar|1\/100\n|\n|t:|1732976911\n|switch|p1a: Porygon2|Porygon2, L50|100\/100|[from] U-turn\n|-ability|p1a: Porygon2|Download|boost\n|-boost|p1a: Porygon2|atk|1\n|\n|-heal|p2a: Gholdengo|52\/100|[from] item: Leftovers\n|upkeep\n|\n|t:|1732976914\n|switch|p1b: Incineroar|Incineroar, L50, M|92\/100\n|-ability|p1b: Incineroar|Intimidate|boost\n|-unboost|p2a: Gholdengo|atk|1\n|-unboost|p2b: Magmortar|atk|1\n|turn|5\n|\n|t:|1732976922\n|switch|p2b: Granbull|Granbull, L50, M|100\/100\n|-ability|p2b: Granbull|Intimidate|boost\n|-unboost|p1a: Porygon2|atk|1\n|-unboost|p1b: Incineroar|atk|1\n|move|p1b: Incineroar|Fake Out|p2b: Granbull\n|-damage|p2b: Granbull|93\/100\n|move|p2a: Gholdengo|Make It Rain|p1a: Porygon2|[spread] p1a,p1b\n|-resisted|p1b: Incineroar\n|-damage|p1a: Porygon2|38\/100\n|-damage|p1b: Incineroar|64\/100\n|-unboost|p2a: Gholdengo|spa|1\n|move|p1a: Porygon2|Trick Room|p1a: Porygon2\n|-fieldstart|move: Trick Room|[of] p1a: Porygon2\n|\n|-heal|p2a: Gholdengo|58\/100|[from] item: Leftovers\n|upkeep\n|turn|6\n|inactive|chin8 has 30 seconds left.\n|\n|t:|1732976951\n|switch|p2b: Baxcalibur|Baxcalibur, L50, F|100\/100\n|move|p2a: Gholdengo|Protect|p2a: Gholdengo\n|-singleturn|p2a: Gholdengo|Protect\n|move|p1a: Porygon2|Recover|p1a: Porygon2\n|-heal|p1a: Porygon2|88\/100\n|move|p1b: Incineroar|U-turn|p2b: Baxcalibur\n|-damage|p2b: Baxcalibur|90\/100\n|\n|t:|1732976961\n|switch|p1b: Ursaluna|Ursaluna, L50, F|100\/100|[from] U-turn\n|\n|-heal|p2a: Gholdengo|64\/100|[from] item: Leftovers\n|-status|p1b: Ursaluna|brn|[from] item: Flame Orb\n|upkeep\n|turn|7\n|\n|t:|1732976975\n|switch|p1a: Incineroar|Incineroar, L50, M|64\/100\n|-ability|p1a: Incineroar|Intimidate|boost\n|-unboost|p2a: Gholdengo|atk|1\n|-unboost|p2b: Baxcalibur|atk|1\n|switch|p2a: Granbull|Granbull, L50, M|93\/100\n|-ability|p2a: Granbull|Intimidate|boost\n|-unboost|p1a: Incineroar|atk|1\n|-unboost|p1b: Ursaluna|atk|1\n|move|p2b: Baxcalibur|Ice Shard|p1b: Ursaluna\n|-supereffective|p1b: Ursaluna\n|-damage|p1b: Ursaluna|75\/100 brn\n|move|p1b: Ursaluna|Facade|p2a: Granbull\n|-damage|p2a: Granbull|0 fnt\n|faint|p2a: Granbull\n|\n|-damage|p1b: Ursaluna|69\/100 brn|[from] brn\n|upkeep\n|\n|t:|1732976983\n|switch|p2a: Gholdengo|Gholdengo, L50, tera:Water|64\/100\n|turn|8\n|inactive|nia666 has 30 seconds left.\n|\n|t:|1732977016\n|switch|p1b: Porygon2|Porygon2, L50|88\/100\n|-ability|p1b: Porygon2|Download|boost\n|-boost|p1b: Porygon2|atk|1\n|switch|p2b: Magmortar|Magmortar, L50, M|1\/100\n|move|p2a: Gholdengo|Protect|p2a: Gholdengo\n|-singleturn|p2a: Gholdengo|Protect\n|move|p1a: Incineroar|U-turn|p1b: Porygon2\n|-damage|p1b: Porygon2|81\/100\n|\n|t:|1732977026\n|switch|p1a: Ursaluna|Ursaluna, L50, F|69\/100 brn|[from] U-turn\n|\n|-heal|p2a: Gholdengo|70\/100|[from] item: Leftovers\n|-damage|p1a: Ursaluna|63\/100 brn|[from] brn\n|upkeep\n|turn|9\n|\n|t:|1732977044\n|move|p2b: Magmortar|Follow Me|p2b: Magmortar\n|-singleturn|p2b: Magmortar|move: Follow Me\n|move|p1b: Porygon2|Tera Blast|p2b: Magmortar\n|-damage|p2b: Magmortar|0 fnt\n|faint|p2b: Magmortar\n|move|p1a: Ursaluna|Facade|p2a: Gholdengo\n|-damage|p2a: Gholdengo|0 fnt\n|faint|p2a: Gholdengo\n|\n|-damage|p1a: Ursaluna|57\/100 brn|[from] brn\n|-fieldend|move: Trick Room\n|upkeep\n|-message|chin8 forfeited.\n|\n|win|nia666\n|raw|nia666's rating: 1675 &rarr; <strong>1698<\/strong><br \/>(+23 for winning)\n|raw|chin8's rating: 1726 &rarr; <strong>1703<\/strong><br \/>(-23 for losing)\n|l|\u2606chin8\n|player|p2|\n|l|\u2606nia666\n|player|p1|\n","uploadtime":1732977296,"views":11,"formatid":"gen9vgc2024regh","rating":1698,"private":0,"password":null}