{"id":"gen9vgc2024regh-2253541491","format":"[Gen 9] VGC 2024 Reg H","players":["chin8","Djjwjwwjj"],"log":"|j|\u2606chin8\n|j|\u2606Djjwjwwjj\n|t:|1732906077\n|gametype|doubles\n|player|p1|chin8|gentleman-gen4dp|1726\n|player|p2|Djjwjwwjj|101|1851\n|teamsize|p1|6\n|teamsize|p2|6\n|gen|9\n|tier|[Gen 9] VGC 2024 Reg H\n|rated|\n|rule|Species Clause: Limit one of each Pok\u00e9mon\n|rule|Item Clause: Limit 1 of each item\n|clearpoke\n|poke|p1|Baxcalibur, L50, M|\n|poke|p1|Kilowattrel, L50, F|\n|poke|p1|Granbull, L50, F|\n|poke|p1|Gardevoir, L50, F|\n|poke|p1|Magmortar, L50, M|\n|poke|p1|Gholdengo, L50|\n|poke|p2|Palafin, L50, M|\n|poke|p2|Pelipper, L50, F|\n|poke|p2|Electabuzz, L50, M|\n|poke|p2|Rillaboom, L50, F|\n|poke|p2|Incineroar, L50, F|\n|poke|p2|Gholdengo, L50|\n|teampreview|4\n|inactive|Battle timer is ON: inactive players will automatically lose when time's up. (requested by Djjwjwwjj)\n|j| CXCJNTM\n|j| Me bad boi\n|inactive|chin8 has 60 seconds left.\n|inactive|Djjwjwwjj has 60 seconds left.\n|inactive|chin8 has 30 seconds left.\n|inactive|chin8 has 20 seconds left.\n|inactive|chin8 has 15 seconds left.\n|\n|t:|1732906153\n|start\n|switch|p1a: Kilowattrel|Kilowattrel, L50, F|100\/100\n|switch|p1b: Baxcalibur|Baxcalibur, L50, M|100\/100\n|switch|p2a: Rillaboom|Rillaboom, L50, F|100\/100\n|switch|p2b: Gholdengo|Gholdengo, L50|100\/100\n|-fieldstart|move: Grassy Terrain|[from] ability: Grassy Surge|[of] p2a: Rillaboom\n|turn|1\n|j| mpudi\n|inactive|chin8 has 30 seconds left.\n|\n|t:|1732906182\n|move|p2a: Rillaboom|Fake Out|p1b: Baxcalibur\n|-damage|p1b: Baxcalibur|86\/100\n|move|p1a: Kilowattrel|Air Slash|p2a: Rillaboom\n|-supereffective|p2a: Rillaboom\n|-damage|p2a: Rillaboom|48\/100\n|move|p2b: Gholdengo|Nasty Plot|p2b: Gholdengo\n|-boost|p2b: Gholdengo|spa|2\n|cant|p1b: Baxcalibur|flinch\n|\n|-heal|p2a: Rillaboom|54\/100|[from] Grassy Terrain\n|-heal|p1b: Baxcalibur|92\/100|[from] Grassy Terrain\n|upkeep\n|turn|2\n|\n|t:|1732906198\n|move|p2a: Rillaboom|Grassy Glide|p1a: Kilowattrel\n|-resisted|p1a: Kilowattrel\n|-damage|p1a: Kilowattrel|62\/100\n|move|p1a: Kilowattrel|Tailwind|p1a: Kilowattrel\n|-sidestart|p1: chin8|move: Tailwind\n|move|p1b: Baxcalibur|Icicle Crash|p2a: Rillaboom\n|-supereffective|p2a: Rillaboom\n|-damage|p2a: Rillaboom|0 fnt\n|faint|p2a: Rillaboom\n|move|p2b: Gholdengo|Make It Rain|p1a: Kilowattrel|[spread] p1a,p1b\n|-resisted|p1a: Kilowattrel\n|-supereffective|p1b: Baxcalibur\n|-damage|p1a: Kilowattrel|0 fnt\n|-damage|p1b: Baxcalibur|0 fnt\n|-unboost|p2b: Gholdengo|spa|1\n|faint|p1a: Kilowattrel\n|faint|p1b: Baxcalibur\n|-damage|p2b: Gholdengo|91\/100|[from] item: Life Orb\n|\n|-heal|p2b: Gholdengo|97\/100|[from] Grassy Terrain\n|upkeep\n|j| oherrodersir\n|inactive|Djjwjwwjj has 30 seconds left.\n|\n|t:|1732906224\n|switch|p1a: Magmortar|Magmortar, L50, M|100\/100\n|switch|p2a: Electabuzz|Electabuzz, L50, M|100\/100\n|switch|p1b: Gholdengo|Gholdengo, L50|100\/100\n|turn|3\n|inactive|Djjwjwwjj has 30 seconds left.\n|\n|t:|1732906257\n|-terastallize|p2b: Gholdengo|Dragon\n|move|p1b: Gholdengo|Nasty Plot|p1b: Gholdengo\n|-boost|p1b: Gholdengo|spa|2\n|move|p1a: Magmortar|Taunt|p2a: Electabuzz\n|-start|p2a: Electabuzz|move: Taunt\n|move|p2a: Electabuzz|Electroweb|p1b: Gholdengo|[spread] p1a,p1b\n|-damage|p1a: Magmortar|88\/100\n|-damage|p1b: Gholdengo|88\/100\n|-unboost|p1a: Magmortar|spe|1\n|-unboost|p1b: Gholdengo|spe|1\n|move|p2b: Gholdengo|Nasty Plot|p2b: Gholdengo\n|-boost|p2b: Gholdengo|spa|2\n|\n|-heal|p1b: Gholdengo|94\/100|[from] Grassy Terrain\n|-heal|p1b: Gholdengo|99\/100|[from] item: Leftovers\n|-heal|p1a: Magmortar|94\/100|[from] Grassy Terrain\n|-heal|p2b: Gholdengo|100\/100|[from] Grassy Terrain\n|upkeep\n|turn|4\n|inactive|Djjwjwwjj has 30 seconds left.\n|inactive|Djjwjwwjj has 20 seconds left.\n|\n|t:|1732906295\n|move|p2a: Electabuzz|Electroweb|p1a: Magmortar|[spread] p1a,p1b\n|-damage|p1a: Magmortar|82\/100\n|-damage|p1b: Gholdengo|86\/100\n|-unboost|p1a: Magmortar|spe|1\n|-unboost|p1b: Gholdengo|spe|1\n|move|p2b: Gholdengo|Make It Rain|p1a: Magmortar|[spread] p1a,p1b\n|-resisted|p1a: Magmortar\n|-resisted|p1b: Gholdengo\n|-damage|p1a: Magmortar|11\/100\n|-damage|p1b: Gholdengo|12\/100\n|-unboost|p2b: Gholdengo|spa|1\n|-enditem|p1a: Magmortar|Sitrus Berry|[eat]\n|-heal|p1a: Magmortar|36\/100|[from] item: Sitrus Berry\n|-damage|p2b: Gholdengo|91\/100|[from] item: Life Orb\n|move|p1b: Gholdengo|Nasty Plot|p1b: Gholdengo\n|-boost|p1b: Gholdengo|spa|2\n|move|p1a: Magmortar|Heat Wave|p2a: Electabuzz|[spread] p2a,p2b\n|-resisted|p2b: Gholdengo\n|-damage|p2a: Electabuzz|78\/100\n|-damage|p2b: Gholdengo|77\/100\n|\n|-heal|p2a: Electabuzz|84\/100|[from] Grassy Terrain\n|-heal|p2b: Gholdengo|83\/100|[from] Grassy Terrain\n|-heal|p1b: Gholdengo|19\/100|[from] Grassy Terrain\n|-heal|p1b: Gholdengo|25\/100|[from] item: Leftovers\n|-heal|p1a: Magmortar|42\/100|[from] Grassy Terrain\n|upkeep\n|turn|5\n|l|\u2606chin8\n|inactive|chin8 disconnected and has a minute to reconnect!\n|player|p1|\n|inactive|chin8 has 30 seconds left.\n|inactive|Djjwjwwjj has 30 seconds left.\n|inactive|chin8 has 20 seconds left.\n|inactive|chin8 has 15 seconds left.\n|inactive|chin8 has 10 seconds left.\n|inactive|chin8 has 5 seconds left.\n|-message|chin8 lost due to inactivity.\n|\n|win|Djjwjwwjj\n|raw|chin8's rating: 1726 &rarr; <strong>1713<\/strong><br \/>(-13 for losing)\n|raw|Djjwjwwjj's rating: 1851 &rarr; <strong>1864<\/strong><br \/>(+13 for winning)\n|l| Me bad boi\n|l|\u2606Djjwjwwjj\n|player|p2|\n|l| CXCJNTM\n|l| mpudi\n","uploadtime":1732906587,"views":12,"formatid":"gen9vgc2024regh","rating":1713,"private":0,"password":null}