{"id":"gen9vgc2024regh-2253001382","format":"[Gen 9] VGC 2024 Reg H","players":["actuary97","chappell murkroan"],"log":"|j|\u2606actuary97\n|j|\u2606chappell murkroan\n|t:|1732828206\n|gametype|doubles\n|player|p1|actuary97|sabrina-frlg|1811\n|player|p2|chappell murkroan|caitlin|1758\n|teamsize|p1|6\n|teamsize|p2|6\n|gen|9\n|tier|[Gen 9] VGC 2024 Reg H\n|rated|\n|rule|Species Clause: Limit one of each Pok\u00e9mon\n|rule|Item Clause: Limit 1 of each item\n|clearpoke\n|poke|p1|Whimsicott, L50, F|\n|poke|p1|Gallade, L50, M|\n|poke|p1|Archaludon, L50, F|\n|poke|p1|Malamar, L50, F|\n|poke|p1|Indeedee, L50, M|\n|poke|p1|Drifblim, L50, M|\n|poke|p2|Kommo-o, L50, M|\n|poke|p2|Gholdengo, L50|\n|poke|p2|Toxtricity-Low-Key, L50, M|\n|poke|p2|Grimmsnarl, L50, M|\n|poke|p2|Volcarona, L50, F|\n|poke|p2|Mamoswine, L50, M|\n|teampreview|4\n|inactive|Battle timer is ON: inactive players will automatically lose when time's up. (requested by chappell murkroan)\nactuary97 has agreed to open team sheets.\n|c|\u2606actuary97|lol I love ur name\n|c|\u2606actuary97|glhf\n|c|\u2606chappell murkroan|ty! :3\n|c|\u2606chappell murkroan|glhf!\n|inactive|actuary97 has 60 seconds left.\n|inactive|chappell murkroan has 60 seconds left.\n|\n|t:|1732828256\n|start\n|switch|p1a: Mischief Mother|Whimsicott, L50, F, shiny|100\/100\n|switch|p1b: Tapu Deedee|Indeedee, L50, M, shiny|100\/100\n|switch|p2a: Gholdengo|Gholdengo, L50|100\/100\n|switch|p2b: Volcarona|Volcarona, L50, F|100\/100\n|-fieldstart|move: Psychic Terrain|[from] ability: Psychic Surge|[of] p1b: Tapu Deedee\n|turn|1\n|\n|t:|1732828276\n|-terastallize|p1b: Tapu Deedee|Fire\n|move|p1a: Mischief Mother|Tailwind|p1a: Mischief Mother\n|-sidestart|p1: actuary97|move: Tailwind\n|move|p1b: Tapu Deedee|Expanding Force|p2b: Volcarona|[spread] p2a,p2b\n|-resisted|p2a: Gholdengo\n|-damage|p2a: Gholdengo|54\/100\n|-damage|p2b: Volcarona|25\/100\n|move|p2a: Gholdengo|Make It Rain|p1b: Tapu Deedee|[spread] p1a,p1b\n|-supereffective|p1a: Mischief Mother\n|-resisted|p1b: Tapu Deedee\n|-enditem|p1a: Mischief Mother|Focus Sash\n|-damage|p1a: Mischief Mother|1\/100\n|-damage|p1b: Tapu Deedee|56\/100\n|-unboost|p2a: Gholdengo|spa|1\n|-damage|p2a: Gholdengo|44\/100|[from] item: Life Orb\n|move|p2b: Volcarona|Tailwind|p2b: Volcarona\n|-sidestart|p2: chappell murkroan|move: Tailwind\n|\n|upkeep\n|turn|2\n|\n|t:|1732828295\n|move|p2a: Gholdengo|Protect|p2a: Gholdengo\n|-singleturn|p2a: Gholdengo|Protect\n|move|p1a: Mischief Mother|Moonblast|p2a: Gholdengo\n|-activate|p2a: Gholdengo|move: Protect\n|move|p1b: Tapu Deedee|Expanding Force|p2b: Volcarona|[spread] p2b\n|-activate|p2a: Gholdengo|move: Protect\n|-damage|p2b: Volcarona|0 fnt\n|faint|p2b: Volcarona\n|\n|upkeep\n|\n|t:|1732828302\n|switch|p2b: Toxtricity|Toxtricity-Low-Key, L50, M|100\/100\n|turn|3\n|\n|t:|1732828311\n|move|p2b: Toxtricity|Electroweb|p1a: Mischief Mother|[spread] p1a,p1b\n|-resisted|p1a: Mischief Mother\n|-damage|p1a: Mischief Mother|0 fnt\n|-damage|p1b: Tapu Deedee|23\/100\n|-unboost|p1b: Tapu Deedee|spe|1\n|faint|p1a: Mischief Mother\n|move|p2a: Gholdengo|Shadow Ball|p1b: Tapu Deedee\n|-damage|p1b: Tapu Deedee|0 fnt\n|faint|p1b: Tapu Deedee\n|-damage|p2a: Gholdengo|34\/100|[from] item: Life Orb\n|\n|upkeep\n|\n|t:|1732828315\n|switch|p1a: Bridget|Archaludon, L50, F, shiny|100\/100\n|switch|p1b: \u2694\ufe0fKing\u2694\ufe0f|Gallade, L50, M, shiny|100\/100\n|turn|4\n|c|\u2606actuary97|oh scarf nice\n|c|\u2606actuary97|cool set\n|c|\u2606chappell murkroan|yeah ty its been a fun set\n|inactive|chappell murkroan has 30 seconds left.\n|\n|t:|1732828340\n|move|p1b: \u2694\ufe0fKing\u2694\ufe0f|Protect|p1b: \u2694\ufe0fKing\u2694\ufe0f\n|-singleturn|p1b: \u2694\ufe0fKing\u2694\ufe0f|Protect\n|move|p2b: Toxtricity|Electroweb|p1b: \u2694\ufe0fKing\u2694\ufe0f|[spread] p1a\n|-activate|p1b: \u2694\ufe0fKing\u2694\ufe0f|move: Protect\n|-resisted|p1a: Bridget\n|-damage|p1a: Bridget|93\/100\n|-unboost|p1a: Bridget|spe|1\n|-ability|p1a: Bridget|Stamina|boost\n|-boost|p1a: Bridget|def|1\n|move|p2a: Gholdengo|Shadow Ball|p1b: \u2694\ufe0fKing\u2694\ufe0f\n|-activate|p1b: \u2694\ufe0fKing\u2694\ufe0f|move: Protect\n|move|p1a: Bridget|Snarl|p2a: Gholdengo|[spread] p2a\n|-miss|p1a: Bridget|p2b: Toxtricity\n|-supereffective|p2a: Gholdengo\n|-damage|p2a: Gholdengo|6\/100\n|-unboost|p2a: Gholdengo|spa|1\n|\n|-sideend|p1: actuary97|move: Tailwind\n|-sideend|p2: chappell murkroan|move: Tailwind\n|upkeep\n|turn|5\n|\n|t:|1732828361\n|move|p2b: Toxtricity|Electroweb|p1a: Bridget|[spread] p1a,p1b\n|-resisted|p1a: Bridget\n|-damage|p1a: Bridget|86\/100\n|-damage|p1b: \u2694\ufe0fKing\u2694\ufe0f|78\/100\n|-unboost|p1a: Bridget|spe|1\n|-unboost|p1b: \u2694\ufe0fKing\u2694\ufe0f|spe|1\n|-ability|p1a: Bridget|Stamina|boost\n|-boost|p1a: Bridget|def|1\n|move|p2a: Gholdengo|Shadow Ball|p1b: \u2694\ufe0fKing\u2694\ufe0f\n|-supereffective|p1b: \u2694\ufe0fKing\u2694\ufe0f\n|-damage|p1b: \u2694\ufe0fKing\u2694\ufe0f|16\/100\n|-damage|p2a: Gholdengo|0 fnt|[from] item: Life Orb\n|faint|p2a: Gholdengo\n|move|p1b: \u2694\ufe0fKing\u2694\ufe0f|Psycho Cut|p2b: Toxtricity\n|-supereffective|p2b: Toxtricity\n|-damage|p2b: Toxtricity|0 fnt\n|faint|p2b: Toxtricity\n|move|p1a: Bridget|Snarl|p2: Gholdengo|[notarget]\n|-fail|p1a: Bridget\n|\n|-fieldend|move: Psychic Terrain\n|upkeep\n|\n|t:|1732828371\n|switch|p2b: Mamoswine|Mamoswine, L50, M|100\/100\n|turn|6\n|\n|t:|1732828378\n|-terastallize|p2b: Mamoswine|Stellar\n|move|p2b: Mamoswine|High Horsepower|p1a: Bridget\n|-supereffective|p1a: Bridget\n|-damage|p1a: Bridget|33\/100\n|-ability|p1a: Bridget|Stamina|boost\n|-boost|p1a: Bridget|def|1\n|move|p1b: \u2694\ufe0fKing\u2694\ufe0f|Sacred Sword|p2b: Mamoswine\n|-supereffective|p2b: Mamoswine\n|-enditem|p2b: Mamoswine|Focus Sash\n|-damage|p2b: Mamoswine|1\/100\n|move|p1a: Bridget|Body Press|p2b: Mamoswine\n|-supereffective|p2b: Mamoswine\n|-damage|p2b: Mamoswine|0 fnt\n|faint|p2b: Mamoswine\n|\n|win|actuary97\n|raw|actuary97's rating: 1811 &rarr; <strong>1828<\/strong><br \/>(+17 for winning)\n|raw|chappell murkroan's rating: 1758 &rarr; <strong>1741<\/strong><br \/>(-17 for losing)\n|c|\u2606chappell murkroan|ggs\n|l|\u2606chappell murkroan\n|player|p2|\n|c|\u2606actuary97|gg\n","uploadtime":1732828623,"views":25,"formatid":"gen9vgc2024regh","rating":1741,"private":0,"password":null}