{"id":"gen9vgc2024regh-2253607254","format":"[Gen 9] VGC 2024 Reg H","players":["Sheepie_Sheep1","marcxhenry"],"log":"|j|\u2606Sheepie_Sheep1\n|j|\u2606marcxhenry\n|t:|1732914160\n|gametype|doubles\n|player|p1|Sheepie_Sheep1|clerk|1693\n|player|p2|marcxhenry|plasmagrunt-gen5bw|1782\n|teamsize|p1|6\n|teamsize|p2|6\n|gen|9\n|tier|[Gen 9] VGC 2024 Reg H\n|rated|\n|rule|Species Clause: Limit one of each Pok\u00e9mon\n|rule|Item Clause: Limit 1 of each item\n|clearpoke\n|poke|p1|Amoonguss, L50, M|\n|poke|p1|Hydreigon, L50, F|\n|poke|p1|Palafin, L50, M|\n|poke|p1|Gholdengo, L50|\n|poke|p1|Pelipper, L50, F|\n|poke|p1|Incineroar, L50, F|\n|poke|p2|Tatsugiri, L50, M|\n|poke|p2|Weezing-Galar, L50, M|\n|poke|p2|Indeedee-F, L50, F|\n|poke|p2|Armarouge, L50, M|\n|poke|p2|Slaking, L50, M|\n|poke|p2|Dondozo, L50, M|\n|teampreview|4\n|j| MCSDoce\n|\n|t:|1732914185\n|start\n|switch|p1a: Hydreigon|Hydreigon, L50, F|100\/100\n|switch|p1b: Palafin|Palafin, L50, M|100\/100\n|switch|p2a: Weezing|Weezing-Galar, L50, M|100\/100\n|switch|p2b: Slaking|Slaking, L50, M, shiny|100\/100\n|-ability|p2a: Weezing|Neutralizing Gas\n|turn|1\n|\n|t:|1732914203\n|-terastallize|p1a: Hydreigon|Ghost\n|move|p2b: Slaking|Protect|p2b: Slaking\n|-singleturn|p2b: Slaking|Protect\n|move|p1a: Hydreigon|Draco Meteor|p2b: Slaking\n|-activate|p2b: Slaking|move: Protect\n|move|p1b: Palafin|Wave Crash|p2a: Weezing\n|-damage|p2a: Weezing|58\/100\n|-damage|p1b: Palafin|89\/100|[from] Recoil\n|move|p2a: Weezing|Will-O-Wisp|p1b: Palafin\n|-status|p1b: Palafin|brn\n|\n|-damage|p1b: Palafin|83\/100 brn|[from] brn\n|upkeep\n|turn|2\n|\n|t:|1732914227\n|switch|p1a: Incineroar|Incineroar, L50, F|100\/100\n|detailschange|p1b: Palafin|Palafin-Hero, L50, M\n|switch|p1b: Gholdengo|Gholdengo, L50|100\/100\n|move|p2b: Slaking|Knock Off|p1a: Incineroar\n|-resisted|p1a: Incineroar\n|-damage|p1a: Incineroar|77\/100\n|-enditem|p1a: Incineroar|Assault Vest|[from] move: Knock Off|[of] p2b: Slaking\n|-damage|p2b: Slaking|90\/100|[from] item: Life Orb\n|move|p2a: Weezing|Strange Steam|p1a: Incineroar\n|-damage|p1a: Incineroar|56\/100\n|\n|upkeep\n|turn|3\n|\n|t:|1732914245\n|-terastallize|p2b: Slaking|Ghost\n|move|p2a: Weezing|Protect|p2a: Weezing\n|-singleturn|p2a: Weezing|Protect\n|move|p1a: Incineroar|Fake Out|p2b: Slaking\n|-immune|p2b: Slaking\n|move|p2b: Slaking|Knock Off|p1b: Gholdengo\n|-supereffective|p1b: Gholdengo\n|-damage|p1b: Gholdengo|0 fnt\n|-enditem|p1b: Gholdengo|Life Orb|[from] move: Knock Off|[of] p2b: Slaking\n|faint|p1b: Gholdengo\n|-damage|p2b: Slaking|80\/100|[from] item: Life Orb\n|\n|upkeep\n|\n|t:|1732914249\n|switch|p1b: Hydreigon|Hydreigon, L50, F, tera:Ghost|100\/100\n|turn|4\n|\n|t:|1732914270\n|move|p1b: Hydreigon|Dark Pulse|p2b: Slaking\n|-supereffective|p2b: Slaking\n|-damage|p2b: Slaking|0 fnt\n|faint|p2b: Slaking\n|move|p2a: Weezing|Strange Steam|p1b: Hydreigon\n|-damage|p1b: Hydreigon|68\/100\n|move|p1a: Incineroar|Flare Blitz|p2a: Weezing\n|-damage|p2a: Weezing|15\/100\n|-enditem|p2a: Weezing|Sitrus Berry|[eat]\n|-heal|p2a: Weezing|39\/100|[from] item: Sitrus Berry\n|-damage|p1a: Incineroar|45\/100|[from] Recoil\n|\n|upkeep\n|\n|t:|1732914286\n|switch|p2b: BismarckZwei|Dondozo, L50, M, shiny|100\/100\n|turn|5\n|j| mr pogostick\n|\n|t:|1732914303\n|move|p2b: BismarckZwei|Protect|p2b: BismarckZwei\n|-singleturn|p2b: BismarckZwei|Protect\n|move|p1b: Hydreigon|Dark Pulse|p2b: BismarckZwei\n|-activate|p2b: BismarckZwei|move: Protect\n|move|p1a: Incineroar|Flare Blitz|p2a: Weezing\n|-damage|p2a: Weezing|0 fnt\n|faint|p2a: Weezing\n|-end|p2a: Weezing|ability: Neutralizing Gas\n|-ability|p1a: Incineroar|Intimidate|boost\n|-unboost|p2b: BismarckZwei|atk|1\n|-damage|p1a: Incineroar|34\/100|[from] Recoil\n|\n|upkeep\n|\n|t:|1732914314\n|switch|p2a: Tatsu the II|Tatsugiri, L50, M|100\/100\n|-activate|p2a: Tatsu the II|ability: Commander|[of] p2b: BismarckZwei\n|-boost|p2b: BismarckZwei|atk|2\n|-boost|p2b: BismarckZwei|spa|2\n|-boost|p2b: BismarckZwei|spe|2\n|-boost|p2b: BismarckZwei|def|2\n|-boost|p2b: BismarckZwei|spd|2\n|turn|6\n|\n|t:|1732914332\n|switch|p1b: Palafin|Palafin-Hero, L50, M|83\/100 brn\n|-activate|p1b: Palafin|ability: Zero to Hero\n|move|p2b: BismarckZwei|Earthquake|p1b: Palafin|[spread] p1a,p1b\n|-miss|p2b: BismarckZwei|p2a: Tatsu the II\n|-supereffective|p1a: Incineroar\n|-damage|p1a: Incineroar|0 fnt\n|-damage|p1b: Palafin|57\/100 brn\n|faint|p1a: Incineroar\n|\n|-damage|p1b: Palafin|51\/100 brn|[from] brn\n|upkeep\n|\n|t:|1732914338\n|switch|p1a: Hydreigon|Hydreigon, L50, F, tera:Ghost|68\/100\n|turn|7\n|\n|t:|1732914347\n|move|p1a: Hydreigon|Draco Meteor|p2b: BismarckZwei\n|-damage|p2b: BismarckZwei|58\/100\n|-unboost|p1a: Hydreigon|spa|2\n|move|p1b: Palafin|Haze|p1b: Palafin\n|-clearallboost\n|move|p2b: BismarckZwei|Wave Crash|p1a: Hydreigon\n|-damage|p1a: Hydreigon|5\/100\n|-damage|p2b: BismarckZwei|43\/100|[from] Recoil\n|\n|-heal|p2b: BismarckZwei|49\/100|[from] item: Leftovers\n|-damage|p1b: Palafin|45\/100 brn|[from] brn\n|upkeep\n|turn|8\n|\n|t:|1732914364\n|move|p2b: BismarckZwei|Protect|p2b: BismarckZwei\n|-singleturn|p2b: BismarckZwei|Protect\n|move|p1a: Hydreigon|Draco Meteor|p2b: BismarckZwei\n|-activate|p2b: BismarckZwei|move: Protect\n|move|p1b: Palafin|Wave Crash|p2b: BismarckZwei\n|-activate|p2b: BismarckZwei|move: Protect\n|\n|-heal|p2b: BismarckZwei|56\/100|[from] item: Leftovers\n|-damage|p1b: Palafin|39\/100 brn|[from] brn\n|upkeep\n|turn|9\n|\n|t:|1732914379\n|move|p1a: Hydreigon|Draco Meteor|p2b: BismarckZwei\n|-damage|p2b: BismarckZwei|0 fnt\n|-unboost|p1a: Hydreigon|spa|2\n|faint|p2b: BismarckZwei\n|move|p1b: Palafin|Wave Crash|p2a: Tatsu the II\n|-resisted|p2a: Tatsu the II\n|-damage|p2a: Tatsu the II|80\/100\n|-damage|p1b: Palafin|34\/100 brn|[from] Recoil\n|\n|-damage|p1b: Palafin|29\/100 brn|[from] brn\n|upkeep\n|turn|10\n|\n|t:|1732914396\n|move|p2a: Tatsu the II|Muddy Water|p1b: Palafin|[spread] p1a,p1b\n|-resisted|p1b: Palafin\n|-damage|p1a: Hydreigon|0 fnt\n|-damage|p1b: Palafin|11\/100 brn\n|faint|p1a: Hydreigon\n|move|p1b: Palafin|Wave Crash|p2a: Tatsu the II\n|-resisted|p2a: Tatsu the II\n|-damage|p2a: Tatsu the II|59\/100\n|-damage|p1b: Palafin|6\/100 brn|[from] Recoil\n|\n|-damage|p1b: Palafin|0 fnt|[from] brn\n|faint|p1b: Palafin\n|\n|win|marcxhenry\n|upkeep\n|raw|Sheepie_Sheep1's rating: 1693 &rarr; <strong>1678<\/strong><br \/>(-15 for losing)\n|raw|marcxhenry's rating: 1782 &rarr; <strong>1797<\/strong><br \/>(+15 for winning)\n|c|\u2606Sheepie_Sheep1|gg wp\n|l|\u2606Sheepie_Sheep1\n|player|p1|\n|c|\u2606marcxhenry|gg mate\n|l| MCSDoce\n|l|\u2606marcxhenry\n|player|p2|\n","uploadtime":1732914603,"views":30,"formatid":"gen9vgc2024regh","rating":1678,"private":0,"password":null}