{"id":"gen9vgc2024regh-2253685780","format":"[Gen 9] VGC 2024 Reg H","players":["BassoTara2","everlol"],"log":"|j|\u2606BassoTara2\n|j|\u2606everlol\n|t:|1732924101\n|gametype|doubles\n|player|p1|BassoTara2|psychic-gen4|1735\n|player|p2|everlol|101|1666\n|teamsize|p1|6\n|teamsize|p2|6\n|gen|9\n|tier|[Gen 9] VGC 2024 Reg H\n|rated|\n|rule|Species Clause: Limit one of each Pok\u00e9mon\n|rule|Item Clause: Limit 1 of each item\n|clearpoke\n|poke|p1|Indeedee-F, L50, F|\n|poke|p1|Hatterene, L50, F|\n|poke|p1|Torkoal, L50, F|\n|poke|p1|Ursaluna, L50, M|\n|poke|p1|Gallade, L50, M|\n|poke|p1|Maushold-Four, L50|\n|poke|p2|Glimmora, L50, F|\n|poke|p2|Garchomp, L50, M|\n|poke|p2|Sneasler, L50, F|\n|poke|p2|Indeedee, L50, M|\n|poke|p2|Whimsicott, L50, M|\n|poke|p2|Armarouge, L50, M|\n|teampreview|4\n|inactive|Battle timer is ON: inactive players will automatically lose when time's up. (requested by everlol)\nBassoTara2 has agreed to open team sheets.\n|\n|t:|1732924139\n|start\n|switch|p1a: Indeedee|Indeedee-F, L50, F|100\/100\n|switch|p1b: Maushold|Maushold-Four, L50|100\/100\n|switch|p2a: Indeedee|Indeedee, L50, M|100\/100\n|switch|p2b: Sneasler|Sneasler, L50, F|100\/100\n|-fieldstart|move: Psychic Terrain|[from] ability: Psychic Surge|[of] p2a: Indeedee\n|-enditem|p2b: Sneasler|Psychic Seed\n|-boost|p2b: Sneasler|spd|1|[from] item: Psychic Seed\n|-enditem|p1a: Indeedee|Psychic Seed\n|-boost|p1a: Indeedee|spd|1|[from] item: Psychic Seed\n|turn|1\n|\n|t:|1732924151\n|-terastallize|p2b: Sneasler|Flying\n|move|p1a: Indeedee|Follow Me|p1a: Indeedee\n|-singleturn|p1a: Indeedee|move: Follow Me\n|move|p2b: Sneasler|Acrobatics|p1a: Indeedee\n|-damage|p1a: Indeedee|39\/100\n|move|p1b: Maushold|Population Bomb|p2a: Indeedee\n|-damage|p2a: Indeedee|80\/100\n|-damage|p2a: Indeedee|61\/100\n|-damage|p2a: Indeedee|40\/100\n|-damage|p2a: Indeedee|18\/100\n|-damage|p2a: Indeedee|0 fnt\n|faint|p2a: Indeedee\n|-hitcount|p2: Indeedee|5\n|\n|upkeep\n|\n|t:|1732924161\n|switch|p2a: Garchomp|Garchomp, L50, M|100\/100\n|turn|2\n|\n|t:|1732924179\n|move|p2b: Sneasler|Protect|p2b: Sneasler\n|-singleturn|p2b: Sneasler|Protect\n|move|p1a: Indeedee|Follow Me|p1a: Indeedee\n|-singleturn|p1a: Indeedee|move: Follow Me\n|move|p1b: Maushold|Population Bomb|p2b: Sneasler\n|-activate|p2b: Sneasler|move: Protect\n|move|p2a: Garchomp|Earthquake|p1a: Indeedee|[spread] p1a,p1b\n|-activate|p2b: Sneasler|move: Protect\n|-damage|p1a: Indeedee|0 fnt\n|-damage|p1b: Maushold|36\/100\n|faint|p1a: Indeedee\n|\n|upkeep\n|\n|t:|1732924195\n|switch|p1a: Hatterene|Hatterene, L50, F|100\/100\n|turn|3\n|\n|t:|1732924204\n|move|p1b: Maushold|Follow Me|p1b: Maushold\n|-singleturn|p1b: Maushold|move: Follow Me\n|move|p2b: Sneasler|Acrobatics|p1b: Maushold\n|-damage|p1b: Maushold|0 fnt\n|faint|p1b: Maushold\n|move|p2a: Garchomp|Earthquake|p1a: Hatterene|[spread] p1a\n|-immune|p2b: Sneasler\n|-damage|p1a: Hatterene|53\/100\n|move|p1a: Hatterene|Trick Room|p1a: Hatterene\n|-fieldstart|move: Trick Room|[of] p1a: Hatterene\n|\n|upkeep\n|\n|t:|1732924214\n|switch|p1b: Ursaluna|Ursaluna, L50, M|100\/100\n|turn|4\n|\n|t:|1732924226\n|move|p1a: Hatterene|Expanding Force|p2a: Garchomp|[spread] p2a,p2b\n|-damage|p2a: Garchomp|20\/100\n|-damage|p2b: Sneasler|37\/100\n|move|p1b: Ursaluna|Facade|p2a: Garchomp\n|-damage|p2a: Garchomp|0 fnt\n|-damage|p1b: Ursaluna|88\/100|[from] ability: Rough Skin|[of] p2a: Garchomp\n|faint|p2a: Garchomp\n|move|p2b: Sneasler|Close Combat|p1b: Ursaluna\n|-supereffective|p1b: Ursaluna\n|-damage|p1b: Ursaluna|0 fnt\n|-unboost|p2b: Sneasler|def|1\n|-unboost|p2b: Sneasler|spd|1\n|faint|p1b: Ursaluna\n|\n|upkeep\n|\n|t:|1732924232\n|switch|p2a: Glimmora|Glimmora, L50, F|100\/100\n|turn|5\n|\n|t:|1732924242\n|move|p2a: Glimmora|Spiky Shield|p2a: Glimmora\n|-singleturn|p2a: Glimmora|move: Protect\n|move|p2b: Sneasler|Protect|p2b: Sneasler\n|-singleturn|p2b: Sneasler|Protect\n|move|p1a: Hatterene|Expanding Force|p2b: Sneasler|[spread] \n|-activate|p2a: Glimmora|move: Protect\n|-activate|p2b: Sneasler|move: Protect\n|\n|-fieldend|move: Psychic Terrain\n|upkeep\n|turn|6\n|\n|t:|1732924254\n|-terastallize|p1a: Hatterene|Fire\n|move|p1a: Hatterene|Expanding Force|p2a: Glimmora\n|-supereffective|p2a: Glimmora\n|-damage|p2a: Glimmora|0 fnt\n|faint|p2a: Glimmora\n|move|p2b: Sneasler|Dire Claw|p1a: Hatterene\n|-damage|p1a: Hatterene|0 fnt\n|faint|p1a: Hatterene\n|\n|win|everlol\n|raw|BassoTara2's rating: 1735 &rarr; <strong>1711<\/strong><br \/>(-24 for losing)\n|raw|everlol's rating: 1666 &rarr; <strong>1690<\/strong><br \/>(+24 for winning)\n|l|\u2606everlol\n|player|p2|\n|l|\u2606BassoTara2\n|player|p1|\n","uploadtime":1732924518,"views":7,"formatid":"gen9vgc2024regh","rating":1690,"private":0,"password":null}