{"id":"gen9vgc2024regh-2253493772","format":"[Gen 9] VGC 2024 Reg H","players":["judang","TheDecommissioner"],"log":"|j|\u2606judang\n|j|\u2606TheDecommissioner\n|t:|1732900345\n|gametype|doubles\n|player|p1|judang|ruinmaniac|1742\n|player|p2|TheDecommissioner|preschooler|1723\n|teamsize|p1|6\n|teamsize|p2|6\n|gen|9\n|tier|[Gen 9] VGC 2024 Reg H\n|rated|\n|rule|Species Clause: Limit one of each Pok\u00e9mon\n|rule|Item Clause: Limit 1 of each item\n|clearpoke\n|poke|p1|Torkoal, L50, M|\n|poke|p1|Lilligant-Hisui, L50, F|\n|poke|p1|Ursaluna-Bloodmoon, L50, M|\n|poke|p1|Farigiraf, L50, M|\n|poke|p1|Dragapult, L50, M|\n|poke|p1|Malamar, L50, M|\n|poke|p2|Indeedee-F, L50, F|\n|poke|p2|Kleavor, L50, M|\n|poke|p2|Torkoal, L50, F|\n|poke|p2|Archaludon, L50, M|\n|poke|p2|Lilligant-Hisui, L50, F|\n|poke|p2|Ursaluna, L50, M|\n|teampreview|4\n|inactive|Battle timer is ON: inactive players will automatically lose when time's up. (requested by TheDecommissioner)\n|inactive|TheDecommissioner has 60 seconds left.\n|\n|t:|1732900396\n|start\n|switch|p1a: Dragapult|Dragapult, L50, M|100\/100\n|switch|p1b: Ursaluna|Ursaluna-Bloodmoon, L50, M|100\/100\n|switch|p2a: Talking|Lilligant-Hisui, L50, F|100\/100\n|switch|p2b: Help|Indeedee-F, L50, F|100\/100\n|-fieldstart|move: Psychic Terrain|[from] ability: Psychic Surge|[of] p2b: Help\n|-enditem|p2b: Help|Psychic Seed\n|-boost|p2b: Help|spd|1|[from] item: Psychic Seed\n|turn|1\n|inactive|judang has 30 seconds left.\n|inactive|judang has 20 seconds left.\n|inactive|judang has 15 seconds left.\n|inactive|judang has 10 seconds left.\n|\n|t:|1732900443\n|move|p1a: Dragapult|Dragon Darts|p2b: Help\n|-damage|p2b: Help|68\/100\n|-anim|p1a: Dragapult|Dragon Darts|p2a: Talking\n|-damage|p2a: Talking|38\/100\n|move|p2a: Talking|Sleep Powder|p1b: Ursaluna\n|-status|p1b: Ursaluna|slp|[from] move: Sleep Powder\n|move|p2b: Help|Psychic|p1a: Dragapult\n|-damage|p1a: Dragapult|48\/100\n|cant|p1b: Ursaluna|slp\n|\n|upkeep\n|turn|2\n|\n|t:|1732900462\n|move|p1a: Dragapult|Dragon Darts|p2a: Talking\n|-damage|p2a: Talking|0 fnt\n|-anim|p1a: Dragapult|Dragon Darts|p2b: Help\n|-damage|p2b: Help|32\/100\n|faint|p2a: Talking\n|cant|p1b: Ursaluna|slp\n|move|p2b: Help|Trick Room|p2b: Help\n|-fieldstart|move: Trick Room|[of] p2b: Help\n|\n|upkeep\n|\n|t:|1732900467\n|switch|p2a: Turtle|Torkoal, L50, F|100\/100\n|-weather|SunnyDay|[from] ability: Drought|[of] p2a: Turtle\n|turn|3\n|inactive|judang has 30 seconds left.\n|inactive|judang has 20 seconds left.\n|inactive|judang has 15 seconds left.\n|inactive|judang has 10 seconds left.\n|\n|t:|1732900514\n|move|p2a: Turtle|Protect|p2a: Turtle\n|-singleturn|p2a: Turtle|Protect\n|cant|p1b: Ursaluna|slp\n|move|p2b: Help|Psychic|p1b: Ursaluna\n|-damage|p1b: Ursaluna|75\/100 slp\n|move|p1a: Dragapult|Dragon Darts|p2b: Help\n|-damage|p2b: Help|0 fnt\n|faint|p2b: Help\n|\n|-weather|SunnyDay|[upkeep]\n|upkeep\n|\n|t:|1732900517\n|switch|p2b: Again|Ursaluna, L50, M|100\/100\n|turn|4\n|inactive|judang has 30 seconds left.\n|inactive|judang has 20 seconds left.\n|inactive|judang has 15 seconds left.\n|\n|t:|1732900561\n|move|p2a: Turtle|Eruption|p1b: Ursaluna|[spread] p1a,p1b\n|-resisted|p1a: Dragapult\n|-damage|p1a: Dragapult|0 fnt\n|-damage|p1b: Ursaluna|17\/100 slp\n|faint|p1a: Dragapult\n|move|p2b: Again|Facade|p1b: Ursaluna\n|-damage|p1b: Ursaluna|0 fnt\n|faint|p1b: Ursaluna\n|\n|-weather|SunnyDay|[upkeep]\n|-status|p2b: Again|brn|[from] item: Flame Orb\n|upkeep\n|\n|t:|1732900567\n|switch|p1b: Lilligant|Lilligant-Hisui, L50, F|100\/100\n|switch|p1a: Torkoal|Torkoal, L50, M|100\/100\n|turn|5\n|\n|t:|1732900583\n|-terastallize|p1a: Torkoal|Fire\n|-terastallize|p2b: Again|Water\n|move|p2a: Turtle|Protect|p2a: Turtle\n|-singleturn|p2a: Turtle|Protect\n|move|p1a: Torkoal|Eruption|p2b: Again|[spread] p2b\n|-activate|p2a: Turtle|move: Protect\n|-resisted|p2b: Again\n|-damage|p2b: Again|55\/100 brn\n|move|p2b: Again|Earthquake|p1b: Lilligant|[spread] p1a,p1b\n|-activate|p2a: Turtle|move: Protect\n|-supereffective|p1a: Torkoal\n|-resisted|p1b: Lilligant\n|-damage|p1a: Torkoal|4\/100\n|-damage|p1b: Lilligant|54\/100\n|move|p1b: Lilligant|Close Combat|p2a: Turtle\n|-activate|p2a: Turtle|move: Protect\n|\n|-weather|SunnyDay|[upkeep]\n|-damage|p2b: Again|49\/100 brn|[from] brn\n|-fieldend|move: Psychic Terrain\n|upkeep\n|turn|6\n|inactive|judang has 30 seconds left.\n|inactive|judang has 20 seconds left.\n|inactive|judang has 15 seconds left.\n|inactive|judang has 10 seconds left.\n|inactive|judang has 5 seconds left.\n|\n|t:|1732900638\n|move|p2a: Turtle|Eruption|p1a: Torkoal|[spread] p1a,p1b\n|-resisted|p1a: Torkoal\n|-supereffective|p1b: Lilligant\n|-damage|p1a: Torkoal|0 fnt\n|-damage|p1b: Lilligant|0 fnt\n|faint|p1a: Torkoal\n|faint|p1b: Lilligant\n|\n|win|TheDecommissioner\n|raw|judang's rating: 1742 &rarr; <strong>1721<\/strong><br \/>(-21 for losing)\n|raw|TheDecommissioner's rating: 1723 &rarr; <strong>1744<\/strong><br \/>(+21 for winning)\n|c|\u2606TheDecommissioner|gg\n|l|\u2606TheDecommissioner\n|player|p2|\n|l|\u2606judang\n|player|p1|\n","uploadtime":1732900889,"views":10,"formatid":"gen9vgc2024regh","rating":1721,"private":0,"password":null}