{"id":"gen9vgc2024regh-2253988772","format":"[Gen 9] VGC 2024 Reg H","players":["shuijun1\u82cd\u708e\u5203\u9b3c\u4fa0","CarryTheBoats"],"log":"|j|\u2606shuijun1\u82cd\u708e\u5203\u9b3c\u4fa0\n|j|\u2606CarryTheBoats\n|t:|1732976397\n|gametype|doubles\n|player|p1|shuijun1\u82cd\u708e\u5203\u9b3c\u4fa0|iono|1755\n|player|p2|CarryTheBoats|crasherwake|1747\n|teamsize|p1|6\n|teamsize|p2|6\n|gen|9\n|tier|[Gen 9] VGC 2024 Reg H\n|rated|\n|rule|Species Clause: Limit one of each Pok\u00e9mon\n|rule|Item Clause: Limit 1 of each item\n|clearpoke\n|poke|p1|Armarouge, L50, M|\n|poke|p1|Indeedee-F, L50, F|\n|poke|p1|Torkoal, L50, M|\n|poke|p1|Sylveon, L50, F|\n|poke|p1|Sneasler, L50, F|\n|poke|p1|Dragonite, L50, F|\n|poke|p2|Archaludon, L50, F|\n|poke|p2|Pelipper, L50, F|\n|poke|p2|Amoonguss, L50, M|\n|poke|p2|Incineroar, L50, M|\n|poke|p2|Basculegion, L50, M|\n|poke|p2|Dragonite, L50, F|\n|teampreview|4\n|inactive|Battle timer is ON: inactive players will automatically lose when time's up. (requested by CarryTheBoats)\n|\n|t:|1732976454\n|start\n|switch|p1a: \u63f4\u5ca9\u4e01\u771f|Sneasler, L50, F|100\/100\n|switch|p1b: \u70df\u6d8c\u4e01\u771f|Torkoal, L50, M|100\/100\n|switch|p2a: Incineroar|Incineroar, L50, M, shiny|100\/100\n|switch|p2b: Archaludon|Archaludon, L50, F, shiny|100\/100\n|-ability|p2a: Incineroar|Intimidate|boost\n|-unboost|p1a: \u63f4\u5ca9\u4e01\u771f|atk|1\n|-unboost|p1b: \u70df\u6d8c\u4e01\u771f|atk|1\n|-weather|SunnyDay|[from] ability: Drought|[of] p1b: \u70df\u6d8c\u4e01\u771f\n|turn|1\n|\n|t:|1732976472\n|switch|p1b: \u610f\u8335\u4e01\u771f|Indeedee-F, L50, F|100\/100\n|-fieldstart|move: Psychic Terrain|[from] ability: Psychic Surge|[of] p1b: \u610f\u8335\u4e01\u771f\n|-enditem|p1a: \u63f4\u5ca9\u4e01\u771f|Psychic Seed\n|-boost|p1a: \u63f4\u5ca9\u4e01\u771f|spd|1|[from] item: Psychic Seed\n|move|p1a: \u63f4\u5ca9\u4e01\u771f|Close Combat|p2a: Incineroar\n|-supereffective|p2a: Incineroar\n|-damage|p2a: Incineroar|7\/100\n|-unboost|p1a: \u63f4\u5ca9\u4e01\u771f|def|1\n|-unboost|p1a: \u63f4\u5ca9\u4e01\u771f|spd|1\n|move|p2b: Archaludon|Dragon Pulse|p1b: \u610f\u8335\u4e01\u771f\n|-damage|p1b: \u610f\u8335\u4e01\u771f|61\/100\n|move|p2a: Incineroar|Flare Blitz|p1a: \u63f4\u5ca9\u4e01\u771f\n|-damage|p1a: \u63f4\u5ca9\u4e01\u771f|0 fnt\n|faint|p1a: \u63f4\u5ca9\u4e01\u771f\n|-damage|p2a: Incineroar|0 fnt|[from] Recoil\n|faint|p2a: Incineroar\n|\n|-weather|SunnyDay|[upkeep]\n|upkeep\n|\n|t:|1732976484\n|switch|p1a: \u715c\u7130\u4e01\u771f|Armarouge, L50, M|100\/100\n|switch|p2a: Amoonguss|Amoonguss, L50, M|100\/100\n|turn|2\n|\n|t:|1732976505\n|-terastallize|p2a: Amoonguss|Psychic\n|move|p2b: Archaludon|Dragon Pulse|p1b: \u610f\u8335\u4e01\u771f\n|-damage|p1b: \u610f\u8335\u4e01\u771f|22\/100\n|move|p1a: \u715c\u7130\u4e01\u771f|Expanding Force|p2a: Amoonguss|[spread] p2a,p2b\n|-resisted|p2a: Amoonguss\n|-resisted|p2b: Archaludon\n|-damage|p2a: Amoonguss|74\/100\n|-damage|p2b: Archaludon|79\/100\n|-ability|p2b: Archaludon|Stamina|boost\n|-boost|p2b: Archaludon|def|1\n|move|p1b: \u610f\u8335\u4e01\u771f|Psychic|p2a: Amoonguss\n|-resisted|p2a: Amoonguss\n|-damage|p2a: Amoonguss|59\/100\n|move|p2a: Amoonguss|Spore|p1a: \u715c\u7130\u4e01\u771f\n|-status|p1a: \u715c\u7130\u4e01\u771f|slp|[from] move: Spore\n|\n|-weather|SunnyDay|[upkeep]\n|upkeep\n|turn|3\n|\n|t:|1732976517\n|switch|p2a: Pelipper|Pelipper, L50, F|100\/100\n|-weather|RainDance|[from] ability: Drizzle|[of] p2a: Pelipper\n|move|p1b: \u610f\u8335\u4e01\u771f|Protect|p1b: \u610f\u8335\u4e01\u771f\n|-singleturn|p1b: \u610f\u8335\u4e01\u771f|Protect\n|move|p2b: Archaludon|Electro Shot||[still]\n|-prepare|p2b: Archaludon|Electro Shot\n|-boost|p2b: Archaludon|spa|1\n|-anim|p2b: Archaludon|Electro Shot|p1b: \u610f\u8335\u4e01\u771f\n|-activate|p1b: \u610f\u8335\u4e01\u771f|move: Protect\n|cant|p1a: \u715c\u7130\u4e01\u771f|slp\n|\n|-weather|RainDance|[upkeep]\n|upkeep\n|turn|4\n|\n|t:|1732976524\n|switch|p2a: Amoonguss|Amoonguss, L50, M, tera:Psychic|92\/100\n|switch|p1b: \u70df\u6d8c\u4e01\u771f|Torkoal, L50, M|100\/100\n|-weather|SunnyDay|[from] ability: Drought|[of] p1b: \u70df\u6d8c\u4e01\u771f\n|-curestatus|p1a: \u715c\u7130\u4e01\u771f|slp|[msg]\n|move|p1a: \u715c\u7130\u4e01\u771f|Heat Wave|p2b: Archaludon|[spread] p2a,p2b\n|-damage|p2a: Amoonguss|50\/100\n|-damage|p2b: Archaludon|42\/100\n|-ability|p2b: Archaludon|Stamina|boost\n|-boost|p2b: Archaludon|def|1\n|-enditem|p2a: Amoonguss|Sitrus Berry|[eat]\n|-heal|p2a: Amoonguss|74\/100|[from] item: Sitrus Berry\n|move|p2b: Archaludon|Dragon Pulse|p1b: \u70df\u6d8c\u4e01\u771f\n|-damage|p1b: \u70df\u6d8c\u4e01\u771f|19\/100\n|\n|-weather|SunnyDay|[upkeep]\n|upkeep\n|turn|5\n|j| IHaveNoCatharsis\n|\n|t:|1732976549\n|switch|p2a: Pelipper|Pelipper, L50, F|100\/100\n|-weather|RainDance|[from] ability: Drizzle|[of] p2a: Pelipper\n|-terastallize|p1b: \u70df\u6d8c\u4e01\u771f|Grass\n|move|p1a: \u715c\u7130\u4e01\u771f|Aura Sphere|p2b: Archaludon\n|-supereffective|p2b: Archaludon\n|-damage|p2b: Archaludon|0 fnt\n|faint|p2b: Archaludon\n|move|p1b: \u70df\u6d8c\u4e01\u771f|Weather Ball|p2a: Pelipper\n|-resisted|p2a: Pelipper\n|-damage|p2a: Pelipper|66\/100\n|\n|-weather|RainDance|[upkeep]\n|-fieldend|move: Psychic Terrain\n|upkeep\n|\n|t:|1732976560\n|switch|p2b: Amoonguss|Amoonguss, L50, M, tera:Psychic|100\/100\n|turn|6\n|\n|t:|1732976583\n|move|p2b: Amoonguss|Rage Powder|p2b: Amoonguss\n|-singleturn|p2b: Amoonguss|move: Rage Powder\n|move|p1a: \u715c\u7130\u4e01\u771f|Expanding Force|p2b: Amoonguss\n|-resisted|p2b: Amoonguss\n|-damage|p2b: Amoonguss|84\/100\n|move|p2a: Pelipper|Weather Ball|p1a: \u715c\u7130\u4e01\u771f\n|-supereffective|p1a: \u715c\u7130\u4e01\u771f\n|-damage|p1a: \u715c\u7130\u4e01\u771f|0 fnt\n|faint|p1a: \u715c\u7130\u4e01\u771f\n|move|p1b: \u70df\u6d8c\u4e01\u771f|Weather Ball|p2a: Pelipper\n|-resisted|p2a: Pelipper\n|-damage|p2a: Pelipper|29\/100\n|\n|-weather|RainDance|[upkeep]\n|upkeep\n|\n|t:|1732976588\n|switch|p1a: \u610f\u8335\u4e01\u771f|Indeedee-F, L50, F|22\/100\n|-fieldstart|move: Psychic Terrain|[from] ability: Psychic Surge|[of] p1a: \u610f\u8335\u4e01\u771f\n|turn|7\n|\n|t:|1732976594\n|move|p2a: Pelipper|Weather Ball|p1a: \u610f\u8335\u4e01\u771f\n|-damage|p1a: \u610f\u8335\u4e01\u771f|0 fnt\n|faint|p1a: \u610f\u8335\u4e01\u771f\n|move|p2b: Amoonguss|Sludge Bomb|p1b: \u70df\u6d8c\u4e01\u771f\n|-supereffective|p1b: \u70df\u6d8c\u4e01\u771f\n|-crit|p1b: \u70df\u6d8c\u4e01\u771f\n|-damage|p1b: \u70df\u6d8c\u4e01\u771f|0 fnt\n|faint|p1b: \u70df\u6d8c\u4e01\u771f\n|\n|win|CarryTheBoats\n|raw|shuijun1\u82cd\u708e\u5203\u9b3c\u4fa0's rating: 1755 &rarr; <strong>1735<\/strong><br \/>(-20 for losing)\n|raw|CarryTheBoats's rating: 1747 &rarr; <strong>1767<\/strong><br \/>(+20 for winning)\n|l|\u2606shuijun1\u82cd\u708e\u5203\u9b3c\u4fa0\n|player|p1|\n|l|\u2606CarryTheBoats\n|player|p2|\n","uploadtime":1732976743,"views":14,"formatid":"gen9vgc2024regh","rating":1735,"private":0,"password":null}