{"id":"gen9vgc2024regh-2253221234","format":"[Gen 9] VGC 2024 Reg H","players":["talecale9","Djjwjwwjj"],"log":"|j|\u2606talecale9\n|j|\u2606Djjwjwwjj\n|t:|1732857709\n|gametype|doubles\n|player|p1|talecale9|lucas|1654\n|player|p2|Djjwjwwjj|101|1838\n|teamsize|p1|6\n|teamsize|p2|6\n|gen|9\n|tier|[Gen 9] VGC 2024 Reg H\n|rated|\n|rule|Species Clause: Limit one of each Pok\u00e9mon\n|rule|Item Clause: Limit 1 of each item\n|clearpoke\n|poke|p1|Pelipper, L50, F|\n|poke|p1|Archaludon, L50, F|\n|poke|p1|Basculegion, L50, M|\n|poke|p1|Kingambit, L50, F|\n|poke|p1|Electabuzz, L50, F|\n|poke|p1|Rillaboom, L50, M|\n|poke|p2|Palafin, L50, F|\n|poke|p2|Pelipper, L50, M|\n|poke|p2|Electabuzz, L50, M|\n|poke|p2|Rillaboom, L50, F|\n|poke|p2|Incineroar, L50, M|\n|poke|p2|Gholdengo, L50|\n|teampreview|4\n|inactive|Battle timer is ON: inactive players will automatically lose when time's up. (requested by Djjwjwwjj)\n|inactive|talecale9 has 60 seconds left.\n|\n|t:|1732857740\n|start\n|switch|p1a: Electabuzz|Electabuzz, L50, F|100\/100\n|switch|p1b: Kingambit|Kingambit, L50, F|100\/100\n|switch|p2a: Palafin|Palafin, L50, F|100\/100\n|switch|p2b: Gholdengo|Gholdengo, L50|100\/100\n|turn|1\n|j| plplk\n|l| plplk\n|inactive|talecale9 has 30 seconds left.\n|inactive|Djjwjwwjj has 30 seconds left.\n|j| IWI Red\n|inactive|Djjwjwwjj has 20 seconds left.\n|inactive|Djjwjwwjj has 15 seconds left.\n|inactive|Djjwjwwjj has 10 seconds left.\n|\n|t:|1732857786\n|switch|p2b: Rillaboom|Rillaboom, L50, F|100\/100\n|-fieldstart|move: Grassy Terrain|[from] ability: Grassy Surge|[of] p2b: Rillaboom\n|-terastallize|p2a: Palafin|Fighting\n|move|p1a: Electabuzz|Follow Me|p1a: Electabuzz\n|-singleturn|p1a: Electabuzz|move: Follow Me\n|move|p2a: Palafin|Close Combat|p1a: Electabuzz\n|-damage|p1a: Electabuzz|69\/100\n|-unboost|p2a: Palafin|def|1\n|-unboost|p2a: Palafin|spd|1\n|move|p1b: Kingambit|Kowtow Cleave|p2b: Rillaboom\n|-damage|p2b: Rillaboom|44\/100\n|\n|-heal|p1a: Electabuzz|74\/100|[from] Grassy Terrain\n|-heal|p2b: Rillaboom|50\/100|[from] Grassy Terrain\n|upkeep\n|turn|2\n|\n|t:|1732857811\n|move|p1a: Electabuzz|Protect|p1a: Electabuzz\n|-singleturn|p1a: Electabuzz|Protect\n|move|p1b: Kingambit|Protect|p1b: Kingambit\n|-singleturn|p1b: Kingambit|Protect\n|move|p2b: Rillaboom|Fake Out|p1b: Kingambit\n|-activate|p1b: Kingambit|move: Protect\n|move|p2a: Palafin|Close Combat|p1a: Electabuzz\n|-activate|p1a: Electabuzz|move: Protect\n|\n|-heal|p1a: Electabuzz|80\/100|[from] Grassy Terrain\n|-heal|p2b: Rillaboom|56\/100|[from] Grassy Terrain\n|upkeep\n|turn|3\n|j| qiyeO.o\n|inactive|talecale9 has 30 seconds left.\n|\n|t:|1732857840\n|detailschange|p2a: Palafin|Palafin-Hero, L50, F, tera:Fighting\n|switch|p2a: Electabuzz|Electabuzz, L50, M|100\/100\n|move|p1a: Electabuzz|Follow Me|p1a: Electabuzz\n|-singleturn|p1a: Electabuzz|move: Follow Me\n|move|p2b: Rillaboom|High Horsepower|p1a: Electabuzz\n|-supereffective|p1a: Electabuzz\n|-damage|p1a: Electabuzz|30\/100\n|move|p1b: Kingambit|Kowtow Cleave|p2a: Electabuzz\n|-damage|p2a: Electabuzz|35\/100\n|\n|-heal|p2a: Electabuzz|41\/100|[from] Grassy Terrain\n|-heal|p1a: Electabuzz|36\/100|[from] Grassy Terrain\n|-heal|p2b: Rillaboom|62\/100|[from] Grassy Terrain\n|upkeep\n|turn|4\n|inactive|Djjwjwwjj has 30 seconds left.\n|\n|t:|1732857870\n|move|p1a: Electabuzz|Protect|p1a: Electabuzz\n|-singleturn|p1a: Electabuzz|Protect\n|move|p2a: Electabuzz|Light Screen|p2a: Electabuzz\n|-sidestart|p2: Djjwjwwjj|move: Light Screen\n|move|p2b: Rillaboom|High Horsepower|p1b: Kingambit\n|-supereffective|p1b: Kingambit\n|-damage|p1b: Kingambit|48\/100\n|move|p1b: Kingambit|Swords Dance|p1b: Kingambit\n|-boost|p1b: Kingambit|atk|2\n|\n|-heal|p2a: Electabuzz|47\/100|[from] Grassy Terrain\n|-heal|p1a: Electabuzz|42\/100|[from] Grassy Terrain\n|-heal|p2b: Rillaboom|68\/100|[from] Grassy Terrain\n|-heal|p1b: Kingambit|54\/100|[from] Grassy Terrain\n|upkeep\n|turn|5\n|\n|t:|1732857893\n|move|p1b: Kingambit|Protect|p1b: Kingambit\n|-singleturn|p1b: Kingambit|Protect\n|move|p2a: Electabuzz|Follow Me|p2a: Electabuzz\n|-singleturn|p2a: Electabuzz|move: Follow Me\n|move|p1a: Electabuzz|Electroweb|p2a: Electabuzz|[spread] p2a,p2b\n|-resisted|p2a: Electabuzz\n|-resisted|p2b: Rillaboom\n|-damage|p2a: Electabuzz|44\/100\n|-damage|p2b: Rillaboom|65\/100\n|-unboost|p2a: Electabuzz|spe|1\n|-unboost|p2b: Rillaboom|spe|1\n|move|p2b: Rillaboom|High Horsepower|p1a: Electabuzz\n|-supereffective|p1a: Electabuzz\n|-damage|p1a: Electabuzz|0 fnt\n|faint|p1a: Electabuzz\n|\n|-heal|p2a: Electabuzz|49\/100|[from] Grassy Terrain\n|-heal|p2b: Rillaboom|71\/100|[from] Grassy Terrain\n|-heal|p1b: Kingambit|60\/100|[from] Grassy Terrain\n|-fieldend|move: Grassy Terrain\n|upkeep\n|\n|t:|1732857906\n|switch|p1a: Pelipper|Pelipper, L50, F|100\/100\n|-weather|RainDance|[from] ability: Drizzle|[of] p1a: Pelipper\n|turn|6\n|inactive|Djjwjwwjj has 30 seconds left.\n|\n|t:|1732857933\n|-terastallize|p1b: Kingambit|Dark\n|move|p2a: Electabuzz|Follow Me|p2a: Electabuzz\n|-singleturn|p2a: Electabuzz|move: Follow Me\n|move|p1a: Pelipper|Tailwind|p1a: Pelipper\n|-sidestart|p1: talecale9|move: Tailwind\n|move|p1b: Kingambit|Kowtow Cleave|p2a: Electabuzz\n|-damage|p2a: Electabuzz|0 fnt\n|faint|p2a: Electabuzz\n|move|p2b: Rillaboom|High Horsepower|p1b: Kingambit\n|-crit|p1b: Kingambit\n|-damage|p1b: Kingambit|18\/100\n|\n|-weather|RainDance|[upkeep]\n|upkeep\n|\n|t:|1732857952\n|switch|p2a: Palafin|Palafin-Hero, L50, F, tera:Fighting|100\/100\n|-activate|p2a: Palafin|ability: Zero to Hero\n|turn|7\n|inactive|Djjwjwwjj has 30 seconds left.\n|j| plplk\n|inactive|Djjwjwwjj has 20 seconds left.\n|inactive|Djjwjwwjj has 15 seconds left.\n|\n|t:|1732857994\n|switch|p2a: Gholdengo|Gholdengo, L50|100\/100\n|move|p1b: Kingambit|Sucker Punch||[still]\n|-fail|p1b: Kingambit\n|move|p1a: Pelipper|Hurricane|p2a: Gholdengo\n|-resisted|p2a: Gholdengo\n|-damage|p2a: Gholdengo|84\/100\n|move|p2b: Rillaboom|Wood Hammer|p1a: Pelipper\n|-damage|p1a: Pelipper|14\/100\n|-damage|p2b: Rillaboom|51\/100|[from] Recoil\n|\n|-weather|RainDance|[upkeep]\n|-heal|p2a: Gholdengo|90\/100|[from] item: Leftovers\n|upkeep\n|turn|8\n|j| sprocke123\n|inactive|Djjwjwwjj has 30 seconds left.\n|inactive|Djjwjwwjj has 20 seconds left.\n|\n|t:|1732858030\n|move|p2a: Gholdengo|Protect|p2a: Gholdengo\n|-singleturn|p2a: Gholdengo|Protect\n|move|p1a: Pelipper|Hurricane|p2b: Rillaboom\n|-supereffective|p2b: Rillaboom\n|-damage|p2b: Rillaboom|0 fnt\n|faint|p2b: Rillaboom\n|move|p1b: Kingambit|Kowtow Cleave|p2a: Gholdengo\n|-activate|p2a: Gholdengo|move: Protect\n|\n|-weather|RainDance|[upkeep]\n|-heal|p2a: Gholdengo|96\/100|[from] item: Leftovers\n|-sideend|p2: Djjwjwwjj|move: Light Screen\n|upkeep\n|\n|t:|1732858043\n|switch|p2b: Palafin|Palafin-Hero, L50, F, tera:Fighting|100\/100\n|turn|9\n|j| BreadTest\n|inactive|Djjwjwwjj has 30 seconds left.\n|\n|t:|1732858068\n|move|p2b: Palafin|Jet Punch|p1a: Pelipper\n|-resisted|p1a: Pelipper\n|-damage|p1a: Pelipper|0 fnt\n|faint|p1a: Pelipper\n|move|p1b: Kingambit|Kowtow Cleave|p2a: Gholdengo\n|-supereffective|p2a: Gholdengo\n|-damage|p2a: Gholdengo|0 fnt\n|faint|p2a: Gholdengo\n|\n|-weather|RainDance|[upkeep]\n|-sideend|p1: talecale9|move: Tailwind\n|upkeep\n|\n|t:|1732858072\n|switch|p1a: Archaludon|Archaludon, L50, F|100\/100\n|turn|10\n|\n|t:|1732858083\n|move|p2b: Palafin|Close Combat|p1a: Archaludon\n|-supereffective|p1a: Archaludon\n|-damage|p1a: Archaludon|0 fnt\n|-unboost|p2b: Palafin|def|1\n|-unboost|p2b: Palafin|spd|1\n|faint|p1a: Archaludon\n|move|p1b: Kingambit|Kowtow Cleave|p2b: Palafin\n|-resisted|p2b: Palafin\n|-damage|p2b: Palafin|0 fnt\n|faint|p2b: Palafin\n|\n|win|talecale9\n|raw|talecale9's rating: 1654 &rarr; <strong>1684<\/strong><br \/>(+30 for winning)\n|raw|Djjwjwwjj's rating: 1838 &rarr; <strong>1808<\/strong><br \/>(-30 for losing)\n|l| qiyeO.o\n|l|\u2606talecale9\n|player|p1|\n|l| sprocke123\n|l| plplk\n|l| BreadTest\n","uploadtime":1732858244,"views":4,"formatid":"gen9vgc2024regh","rating":1684,"private":0,"password":null}