{"id":"gen9vgc2024regh-2253868970","format":"[Gen 9] VGC 2024 Reg H","players":["boooyy0000","mezobasha"],"log":"|j|\u2606boooyy0000\n|j|\u2606mezobasha\n|t:|1732952572\n|gametype|doubles\n|player|p1|boooyy0000|sabrina|1814\n|player|p2|mezobasha|101|1650\n|teamsize|p1|6\n|teamsize|p2|6\n|gen|9\n|tier|[Gen 9] VGC 2024 Reg H\n|rated|\n|rule|Species Clause: Limit one of each Pok\u00e9mon\n|rule|Item Clause: Limit 1 of each item\n|clearpoke\n|poke|p1|Armarouge, L50, M|\n|poke|p1|Indeedee, L50, M|\n|poke|p1|Whimsicott, L50, M|\n|poke|p1|Sneasler, L50, F|\n|poke|p1|Ursaluna-Bloodmoon, L50, M|\n|poke|p1|Salamence, L50, F|\n|poke|p2|Armarouge, L50, F|\n|poke|p2|Indeedee-F, L50, F|\n|poke|p2|Ursaluna, L50, F|\n|poke|p2|Gallade, L50, M|\n|poke|p2|Torkoal, L50, M|\n|poke|p2|Lilligant-Hisui, L50, F|\n|teampreview|4\n|inactive|Battle timer is ON: inactive players will automatically lose when time's up. (requested by boooyy0000)\n|inactive|boooyy0000 has 60 seconds left.\n|inactive|mezobasha has 60 seconds left.\nboooyy0000 rejected open team sheets.\n|inactive|mezobasha has 30 seconds left.\n|inactive|mezobasha has 20 seconds left.\n|\n|t:|1732952645\n|start\n|switch|p1a: Sneasler|Sneasler, L50, F|100\/100\n|switch|p1b: Indeedee|Indeedee, L50, M|100\/100\n|switch|p2a: Gallade|Gallade, L50, M|100\/100\n|switch|p2b: Ursaluna|Ursaluna, L50, F|100\/100\n|-fieldstart|move: Psychic Terrain|[from] ability: Psychic Surge|[of] p1b: Indeedee\n|-enditem|p1a: Sneasler|Psychic Seed\n|-boost|p1a: Sneasler|spd|1|[from] item: Psychic Seed\n|turn|1\n|\n|t:|1732952663\n|-terastallize|p2b: Ursaluna|Ghost\n|move|p2a: Gallade|Wide Guard|p2a: Gallade\n|-singleturn|p2a: Gallade|Wide Guard\n|move|p1a: Sneasler|Dire Claw|p2a: Gallade\n|-damage|p2a: Gallade|39\/100\n|move|p1b: Indeedee|Expanding Force|p2b: Ursaluna|[spread] \n|-activate|p2a: Gallade|move: Wide Guard\n|-activate|p2b: Ursaluna|move: Wide Guard\n|move|p2b: Ursaluna|Earthquake|p1b: Indeedee|[spread] p1a,p1b\n|-activate|p2a: Gallade|move: Wide Guard\n|-supereffective|p1a: Sneasler\n|-damage|p1a: Sneasler|0 fnt\n|-damage|p1b: Indeedee|10\/100\n|faint|p1a: Sneasler\n|\n|-status|p2b: Ursaluna|brn|[from] item: Flame Orb\n|upkeep\n|\n|t:|1732952670\n|switch|p1a: Ursaluna|Ursaluna-Bloodmoon, L50, M|100\/100\n|turn|2\n|\n|t:|1732952683\n|move|p2a: Gallade|Wide Guard|p2a: Gallade\n|-singleturn|p2a: Gallade|Wide Guard\n|move|p1b: Indeedee|Encore|p2a: Gallade\n|-start|p2a: Gallade|Encore\n|move|p1a: Ursaluna|Blood Moon|p2b: Ursaluna\n|-damage|p2b: Ursaluna|28\/100 brn\n|move|p2b: Ursaluna|Earthquake|p1b: Indeedee|[spread] p1a,p1b\n|-activate|p2a: Gallade|move: Wide Guard\n|-damage|p1a: Ursaluna|46\/100\n|-damage|p1b: Indeedee|0 fnt\n|faint|p1b: Indeedee\n|\n|-damage|p2b: Ursaluna|22\/100 brn|[from] brn\n|upkeep\n|\n|t:|1732952691\n|switch|p1b: Salamence|Salamence, L50, F|100\/100\n|-ability|p1b: Salamence|Intimidate|boost\n|-fail|p2a: Gallade|unboost|[from] item: Clear Amulet|[of] p2a: Gallade\n|-unboost|p2b: Ursaluna|atk|1\n|turn|3\n|\n|t:|1732952715\n|move|p2b: Ursaluna|Protect|p2b: Ursaluna\n|-singleturn|p2b: Ursaluna|Protect\n|move|p2a: Gallade|Wide Guard|p2a: Gallade\n|-singleturn|p2a: Gallade|Wide Guard\n|move|p1b: Salamence|Dual Wingbeat|p2b: Ursaluna\n|-activate|p2b: Ursaluna|move: Protect\n|move|p1a: Ursaluna|Earth Power|p2a: Gallade\n|-damage|p2a: Gallade|0 fnt\n|faint|p2a: Gallade\n|\n|-damage|p2b: Ursaluna|16\/100 brn|[from] brn\n|upkeep\n|\n|t:|1732952726\n|switch|p2a: Armarouge|Armarouge, L50, F|100\/100\n|turn|4\n|\n|t:|1732952740\n|move|p1b: Salamence|Dual Wingbeat|p2a: Armarouge\n|-damage|p2a: Armarouge|79\/100\n|-damage|p2a: Armarouge|59\/100\n|-hitcount|p2a: Armarouge|2\n|move|p1a: Ursaluna|Hyper Voice|p2a: Armarouge|[spread] p2a,p2b\n|-damage|p2a: Armarouge|14\/100\n|-damage|p2b: Ursaluna|0 fnt\n|faint|p2b: Ursaluna\n|move|p2a: Armarouge|Trick Room|p2a: Armarouge\n|-fieldstart|move: Trick Room|[of] p2a: Armarouge\n|\n|upkeep\n|\n|t:|1732952747\n|switch|p2b: Torkoal|Torkoal, L50, M|100\/100\n|-weather|SunnyDay|[from] ability: Drought|[of] p2b: Torkoal\n|turn|5\n|\n|t:|1732952758\n|move|p2b: Torkoal|Eruption|p1b: Salamence|[spread] p1a,p1b\n|-resisted|p1b: Salamence\n|-damage|p1a: Ursaluna|0 fnt\n|-damage|p1b: Salamence|51\/100\n|faint|p1a: Ursaluna\n|move|p2a: Armarouge|Expanding Force|p1b: Salamence\n|-damage|p1b: Salamence|0 fnt\n|faint|p1b: Salamence\n|-damage|p2a: Armarouge|4\/100|[from] item: Life Orb\n|\n|win|mezobasha\n|raw|boooyy0000's rating: 1814 &rarr; <strong>1785<\/strong><br \/>(-29 for losing)\n|raw|mezobasha's rating: 1650 &rarr; <strong>1679<\/strong><br \/>(+29 for winning)\n|l|\u2606mezobasha\n|player|p2|\n","uploadtime":1732953011,"views":9,"formatid":"gen9vgc2024regh","rating":1679,"private":0,"password":null}