{"id":"gen9vgc2024regh-2253459995","format":"[Gen 9] VGC 2024 Reg H","players":["Allhailhippo","Djjwjwwjj"],"log":"|j|\u203dAllhailhippo\n|j|\u2606Djjwjwwjj\n|t:|1732896348\n|gametype|doubles\n|player|p1|Allhailhippo|265|1745\n|player|p2|Djjwjwwjj|101|1713\n|teamsize|p1|6\n|teamsize|p2|6\n|gen|9\n|tier|[Gen 9] VGC 2024 Reg H\n|rated|\n|rule|Species Clause: Limit one of each Pok\u00e9mon\n|rule|Item Clause: Limit 1 of each item\n|clearpoke\n|poke|p1|Tyranitar, L50, M|\n|poke|p1|Houndstone, L50, F|\n|poke|p1|Whimsicott, L50, F|\n|poke|p1|Incineroar, L50, F|\n|poke|p1|Amoonguss, L50, M|\n|poke|p1|Garchomp, L50, F|\n|poke|p2|Palafin, L50, F|\n|poke|p2|Pelipper, L50, F|\n|poke|p2|Electabuzz, L50, M|\n|poke|p2|Rillaboom, L50, F|\n|poke|p2|Incineroar, L50, M|\n|poke|p2|Gholdengo, L50|\n|teampreview|4\n|inactive|Battle timer is ON: inactive players will automatically lose when time's up. (requested by Djjwjwwjj)\n|inactive|Allhailhippo also wants the timer to be on.\n|\n|t:|1732896373\n|start\n|switch|p1a: Whimsicott|Whimsicott, L50, F|100\/100\n|switch|p1b: Garchomp|Garchomp, L50, F|100\/100\n|switch|p2a: Incineroar|Incineroar, L50, M|100\/100\n|switch|p2b: Palafin|Palafin, L50, F|100\/100\n|-ability|p2a: Incineroar|Intimidate|boost\n|-unboost|p1a: Whimsicott|atk|1\n|-unboost|p1b: Garchomp|atk|1\n|turn|1\n|\n|t:|1732896390\n|detailschange|p2b: Palafin|Palafin-Hero, L50, F\n|switch|p2b: Rillaboom|Rillaboom, L50, F|100\/100\n|-fieldstart|move: Grassy Terrain|[from] ability: Grassy Surge|[of] p2b: Rillaboom\n|move|p1a: Whimsicott|Tailwind|p1a: Whimsicott\n|-sidestart|p1: Allhailhippo|move: Tailwind\n|move|p1b: Garchomp|Earthquake|p2a: Incineroar|[spread] p1a,p2a,p2b\n|-resisted|p1a: Whimsicott\n|-supereffective|p2a: Incineroar\n|-resisted|p2b: Rillaboom\n|-damage|p1a: Whimsicott|90\/100\n|-damage|p2a: Incineroar|66\/100\n|-damage|p2b: Rillaboom|92\/100\n|-damage|p1b: Garchomp|91\/100|[from] item: Life Orb\n|move|p2a: Incineroar|Flare Blitz|p1a: Whimsicott\n|-supereffective|p1a: Whimsicott\n|-damage|p1a: Whimsicott|0 fnt\n|faint|p1a: Whimsicott\n|-damage|p2a: Incineroar|41\/100|[from] Recoil\n|\n|-heal|p1b: Garchomp|97\/100|[from] Grassy Terrain\n|-heal|p2b: Rillaboom|98\/100|[from] Grassy Terrain\n|-heal|p2a: Incineroar|47\/100|[from] Grassy Terrain\n|upkeep\n|\n|t:|1732896397\n|switch|p1a: Houndstone|Houndstone, L50, F|100\/100\n|turn|2\n|inactive|Djjwjwwjj has 30 seconds left.\n|inactive|Djjwjwwjj has 20 seconds left.\n|\n|t:|1732896436\n|-terastallize|p2a: Incineroar|Grass\n|move|p1b: Garchomp|Stomping Tantrum|p2a: Incineroar\n|-resisted|p2a: Incineroar\n|-damage|p2a: Incineroar|30\/100\n|-damage|p1b: Garchomp|87\/100|[from] item: Life Orb\n|move|p1a: Houndstone|Will-O-Wisp|p2b: Rillaboom\n|-status|p2b: Rillaboom|brn\n|move|p2b: Rillaboom|Wood Hammer|p1b: Garchomp\n|-damage|p1b: Garchomp|44\/100\n|-damage|p2b: Rillaboom|86\/100 brn|[from] ability: Rough Skin|[of] p1b: Garchomp\n|-damage|p2b: Rillaboom|72\/100 brn|[from] Recoil\n|move|p2a: Incineroar|Knock Off|p1a: Houndstone\n|-supereffective|p1a: Houndstone\n|-enditem|p1a: Houndstone|Focus Sash\n|-damage|p1a: Houndstone|1\/100\n|\n|-heal|p1b: Garchomp|50\/100|[from] Grassy Terrain\n|-heal|p1a: Houndstone|7\/100|[from] Grassy Terrain\n|-heal|p2b: Rillaboom|78\/100 brn|[from] Grassy Terrain\n|-heal|p2a: Incineroar|36\/100|[from] Grassy Terrain\n|-damage|p2b: Rillaboom|72\/100 brn|[from] brn\n|upkeep\n|turn|3\n|inactive|Allhailhippo has 30 seconds left.\n|inactive|Djjwjwwjj has 30 seconds left.\n|\n|t:|1732896465\n|move|p1a: Houndstone|Protect|p1a: Houndstone\n|-singleturn|p1a: Houndstone|Protect\n|move|p1b: Garchomp|Dragon Claw|p2a: Incineroar\n|-damage|p2a: Incineroar|0 fnt\n|faint|p2a: Incineroar\n|-damage|p1b: Garchomp|40\/100|[from] item: Life Orb\n|move|p2b: Rillaboom|Wood Hammer|p1b: Garchomp\n|-damage|p1b: Garchomp|2\/100\n|-damage|p2b: Rillaboom|60\/100 brn|[from] ability: Rough Skin|[of] p1b: Garchomp\n|-damage|p2b: Rillaboom|47\/100 brn|[from] Recoil\n|\n|-heal|p1b: Garchomp|8\/100|[from] Grassy Terrain\n|-heal|p1a: Houndstone|13\/100|[from] Grassy Terrain\n|-heal|p2b: Rillaboom|54\/100 brn|[from] Grassy Terrain\n|-damage|p2b: Rillaboom|47\/100 brn|[from] brn\n|upkeep\n|\n|t:|1732896484\n|switch|p2a: Palafin|Palafin-Hero, L50, F|100\/100\n|-activate|p2a: Palafin|ability: Zero to Hero\n|turn|4\n|\n|t:|1732896505\n|move|p1b: Garchomp|Protect|p1b: Garchomp\n|-singleturn|p1b: Garchomp|Protect\n|move|p1a: Houndstone|Protect||[still]\n|-fail|p1a: Houndstone\n|move|p2a: Palafin|Jet Punch|p1a: Houndstone\n|-damage|p1a: Houndstone|0 fnt\n|faint|p1a: Houndstone\n|move|p2b: Rillaboom|Grassy Glide|p1b: Garchomp\n|-activate|p1b: Garchomp|move: Protect\n|\n|-heal|p1b: Garchomp|14\/100|[from] Grassy Terrain\n|-heal|p2b: Rillaboom|54\/100 brn|[from] Grassy Terrain\n|-damage|p2b: Rillaboom|47\/100 brn|[from] brn\n|-sideend|p1: Allhailhippo|move: Tailwind\n|upkeep\n|\n|t:|1732896520\n|switch|p1a: Tyranitar|Tyranitar, L50, M|100\/100\n|-weather|Sandstorm|[from] ability: Sand Stream|[of] p1a: Tyranitar\n|turn|5\n|\n|t:|1732896532\n|-terastallize|p1a: Tyranitar|Flying\n|move|p2a: Palafin|Jet Punch|p1b: Garchomp\n|-damage|p1b: Garchomp|0 fnt\n|-damage|p2a: Palafin|88\/100|[from] ability: Rough Skin|[of] p1b: Garchomp\n|faint|p1b: Garchomp\n|move|p2b: Rillaboom|Wood Hammer|p1a: Tyranitar\n|-resisted|p1a: Tyranitar\n|-crit|p1a: Tyranitar\n|-damage|p1a: Tyranitar|76\/100\n|-damage|p2b: Rillaboom|39\/100 brn|[from] Recoil\n|move|p1a: Tyranitar|Knock Off|p2a: Palafin\n|-damage|p2a: Palafin|41\/100\n|-enditem|p2a: Palafin|Covert Cloak|[from] move: Knock Off|[of] p1a: Tyranitar\n|\n|-weather|Sandstorm|[upkeep]\n|-damage|p2a: Palafin|35\/100|[from] Sandstorm\n|-damage|p2b: Rillaboom|33\/100 brn|[from] Sandstorm\n|-damage|p1a: Tyranitar|70\/100|[from] Sandstorm\n|-heal|p2a: Palafin|41\/100|[from] Grassy Terrain\n|-heal|p2b: Rillaboom|39\/100 brn|[from] Grassy Terrain\n|-damage|p2b: Rillaboom|33\/100 brn|[from] brn\n|-fieldend|move: Grassy Terrain\n|upkeep\n|turn|6\n|inactive|Djjwjwwjj has 30 seconds left.\n|\n|t:|1732896558\n|switch|p2b: Pelipper|Pelipper, L50, F|100\/100\n|-weather|RainDance|[from] ability: Drizzle|[of] p2b: Pelipper\n|move|p2a: Palafin|Jet Punch|p1a: Tyranitar\n|-damage|p1a: Tyranitar|21\/100\n|move|p1a: Tyranitar|Rock Slide|p2b: Pelipper|[spread] p2a,p2b\n|-supereffective|p2b: Pelipper\n|-damage|p2a: Palafin|12\/100\n|-damage|p2b: Pelipper|18\/100\n|\n|-weather|RainDance|[upkeep]\n|upkeep\n|turn|7\n|-message|Allhailhippo forfeited.\n|\n|win|Djjwjwwjj\n|raw|Allhailhippo's rating: 1745 &rarr; <strong>1723<\/strong><br \/>(-22 for losing)\n|raw|Djjwjwwjj's rating: 1713 &rarr; <strong>1735<\/strong><br \/>(+22 for winning)\n|l|\u203dAllhailhippo\n|player|p1|\n","uploadtime":1732896753,"views":12,"formatid":"gen9vgc2024regh","rating":1723,"private":0,"password":null}