{"id":"gen9vgc2024regh-2253457282","format":"[Gen 9] VGC 2024 Reg H","players":["testy accounty 2","Toger220"],"log":"|j|\u2606testy accounty 2\n|j|\u2606Toger220\n|t:|1732896013\n|gametype|doubles\n|player|p1|testy accounty 2|1|1711\n|player|p2|Toger220|170|1675\n|teamsize|p1|6\n|teamsize|p2|6\n|gen|9\n|tier|[Gen 9] VGC 2024 Reg H\n|rated|\n|rule|Species Clause: Limit one of each Pok\u00e9mon\n|rule|Item Clause: Limit 1 of each item\n|clearpoke\n|poke|p1|Pelipper, L50, F|\n|poke|p1|Archaludon, L50, F|\n|poke|p1|Sneasler, L50, F|\n|poke|p1|Dragonite, L50, F|\n|poke|p1|Basculegion, L50, M|\n|poke|p1|Rillaboom, L50, F|\n|poke|p2|Primarina, L50, M|\n|poke|p2|Delphox, L50, M|\n|poke|p2|Indeedee-F, L50, F|\n|poke|p2|Murkrow, L50, F|\n|poke|p2|Archaludon, L50, M|\n|poke|p2|Sneasler, L50, F|\n|teampreview|4\n|\n|t:|1732896073\n|start\n|switch|p1a: Kratos|Dragonite, L50, F, shiny|100\/100\n|switch|p1b: Posiden|Pelipper, L50, F|100\/100\n|switch|p2a: Delphox|Delphox, L50, M|100\/100\n|switch|p2b: Indeedee|Indeedee-F, L50, F|100\/100\n|-weather|RainDance|[from] ability: Drizzle|[of] p1b: Posiden\n|-fieldstart|move: Psychic Terrain|[from] ability: Psychic Surge|[of] p2b: Indeedee\n|turn|1\n|\n|t:|1732896092\n|move|p2a: Delphox|Protect|p2a: Delphox\n|-singleturn|p2a: Delphox|Protect\n|move|p1a: Kratos|Stomping Tantrum|p2a: Delphox\n|-activate|p2a: Delphox|move: Protect\n|move|p1b: Posiden|Tailwind|p1b: Posiden\n|-sidestart|p1: testy accounty 2|move: Tailwind\n|move|p2b: Indeedee|Alluring Voice|p1b: Posiden\n|-damage|p1b: Posiden|76\/100\n|\n|-weather|RainDance|[upkeep]\n|upkeep\n|turn|2\n|\n|t:|1732896112\n|move|p2b: Indeedee|Follow Me|p2b: Indeedee\n|-singleturn|p2b: Indeedee|move: Follow Me\n|move|p1a: Kratos|Stomping Tantrum|p2b: Indeedee\n|-damage|p2b: Indeedee|72\/100\n|-damage|p1a: Kratos|84\/100|[from] item: Rocky Helmet|[of] p2b: Indeedee\n|move|p1b: Posiden|Weather Ball|p2b: Indeedee\n|-damage|p2b: Indeedee|21\/100\n|move|p2a: Delphox|Expanding Force|p1b: Posiden|[spread] p1a,p1b\n|-crit|p1a: Kratos\n|-damage|p1a: Kratos|0 fnt\n|-damage|p1b: Posiden|0 fnt\n|faint|p1a: Kratos\n|faint|p1b: Posiden\n|-damage|p2a: Delphox|90\/100|[from] item: Life Orb\n|\n|-weather|RainDance|[upkeep]\n|upkeep\n|\n|t:|1732896122\n|switch|p1a: Ceasar|Rillaboom, L50, F|100\/100\n|switch|p1b: Hephetus|Archaludon, L50, F|100\/100\n|-fieldstart|move: Grassy Terrain|[from] ability: Grassy Surge|[of] p1a: Ceasar\n|turn|3\n|\n|t:|1732896136\n|switch|p2b: Murkrow|Murkrow, L50, F|100\/100\n|move|p2a: Delphox|Protect|p2a: Delphox\n|-singleturn|p2a: Delphox|Protect\n|move|p1a: Ceasar|Bullet Seed|p1b: Hephetus\n|-resisted|p1b: Hephetus\n|-damage|p1b: Hephetus|98\/100\n|-ability|p1b: Hephetus|Stamina|boost\n|-boost|p1b: Hephetus|def|1\n|-resisted|p1b: Hephetus\n|-damage|p1b: Hephetus|96\/100\n|-ability|p1b: Hephetus|Stamina|boost\n|-boost|p1b: Hephetus|def|1\n|-resisted|p1b: Hephetus\n|-damage|p1b: Hephetus|95\/100\n|-ability|p1b: Hephetus|Stamina|boost\n|-boost|p1b: Hephetus|def|1\n|-resisted|p1b: Hephetus\n|-damage|p1b: Hephetus|94\/100\n|-ability|p1b: Hephetus|Stamina|boost\n|-boost|p1b: Hephetus|def|1\n|-resisted|p1b: Hephetus\n|-damage|p1b: Hephetus|93\/100\n|-ability|p1b: Hephetus|Stamina|boost\n|-boost|p1b: Hephetus|def|1\n|-hitcount|p1b: Hephetus|5\n|move|p1b: Hephetus|Electro Shot||[still]\n|-prepare|p1b: Hephetus|Electro Shot\n|-boost|p1b: Hephetus|spa|1\n|-anim|p1b: Hephetus|Electro Shot|p2a: Delphox\n|-activate|p2a: Delphox|move: Protect\n|\n|-weather|RainDance|[upkeep]\n|-heal|p1b: Hephetus|99\/100|[from] Grassy Terrain\n|-heal|p2a: Delphox|96\/100|[from] Grassy Terrain\n|upkeep\n|turn|4\n|\n|t:|1732896152\n|switch|p2a: Indeedee|Indeedee-F, L50, F|21\/100\n|-fieldstart|move: Psychic Terrain|[from] ability: Psychic Surge|[of] p2a: Indeedee\n|move|p2b: Murkrow|Haze|p2b: Murkrow\n|-clearallboost\n|move|p1a: Ceasar|Bullet Seed|p2a: Indeedee\n|-damage|p2a: Indeedee|9\/100\n|-crit|p2a: Indeedee\n|-damage|p2a: Indeedee|0 fnt\n|faint|p2a: Indeedee\n|-hitcount|p2: Indeedee|2\n|move|p1b: Hephetus|Electro Shot||[still]\n|-prepare|p1b: Hephetus|Electro Shot\n|-boost|p1b: Hephetus|spa|1\n|-anim|p1b: Hephetus|Electro Shot|p2b: Murkrow\n|-supereffective|p2b: Murkrow\n|-damage|p2b: Murkrow|0 fnt\n|faint|p2b: Murkrow\n|\n|-weather|RainDance|[upkeep]\n|-sideend|p1: testy accounty 2|move: Tailwind\n|upkeep\n|\n|t:|1732896170\n|switch|p2b: Delphox|Delphox, L50, M|96\/100\n|switch|p2a: Archaludon|Archaludon, L50, M|100\/100\n|turn|5\n|\n|t:|1732896200\n|-terastallize|p2a: Archaludon|Electric\n|move|p2b: Delphox|Expanding Force|p1b: Hephetus|[spread] p1a,p1b\n|-crit|p1a: Ceasar\n|-resisted|p1b: Hephetus\n|-damage|p1a: Ceasar|0 fnt\n|-damage|p1b: Hephetus|69\/100\n|-ability|p1b: Hephetus|Stamina|boost\n|-boost|p1b: Hephetus|def|1\n|faint|p1a: Ceasar\n|-damage|p2b: Delphox|86\/100|[from] item: Life Orb\n|move|p2a: Archaludon|Electro Shot||[still]\n|-prepare|p2a: Archaludon|Electro Shot\n|-boost|p2a: Archaludon|spa|1\n|-anim|p2a: Archaludon|Electro Shot|p1b: Hephetus\n|-resisted|p1b: Hephetus\n|-damage|p1b: Hephetus|26\/100\n|-ability|p1b: Hephetus|Stamina|boost\n|-boost|p1b: Hephetus|def|1\n|move|p1b: Hephetus|Body Press|p2a: Archaludon\n|-damage|p2a: Archaludon|60\/100\n|\n|-weather|none\n|upkeep\n|turn|6\n|-message|testy accounty 2 forfeited.\n|\n|win|Toger220\n|raw|testy accounty 2's rating: 1711 &rarr; <strong>1689<\/strong><br \/>(-22 for losing)\n|raw|Toger220's rating: 1675 &rarr; <strong>1697<\/strong><br \/>(+22 for winning)\n|l|\u2606testy accounty 2\n|player|p1|\n|l|\u2606Toger220\n|player|p2|\n","uploadtime":1732896475,"views":7,"formatid":"gen9vgc2024regh","rating":1689,"private":0,"password":null}