{"id":"gen9vgc2024regh-2253741145","format":"[Gen 9] VGC 2024 Reg H","players":["CarryTheBoats","kojimuranishi"],"log":"|j|\u2606CarryTheBoats\n|j|\u2606kojimuranishi\n|t:|1732931658\n|gametype|doubles\n|player|p1|CarryTheBoats|crasherwake|1807\n|player|p2|kojimuranishi|170|1986\n|teamsize|p1|6\n|teamsize|p2|6\n|gen|9\n|tier|[Gen 9] VGC 2024 Reg H\n|rated|\n|rule|Species Clause: Limit one of each Pok\u00e9mon\n|rule|Item Clause: Limit 1 of each item\n|clearpoke\n|poke|p1|Archaludon, L50, F|\n|poke|p1|Pelipper, L50, M|\n|poke|p1|Amoonguss, L50, F|\n|poke|p1|Incineroar, L50, F|\n|poke|p1|Basculegion, L50, M|\n|poke|p1|Dragonite, L50, M|\n|poke|p2|Whimsicott, L50, M|\n|poke|p2|Ursaluna-Bloodmoon, L50, M|\n|poke|p2|Archaludon, L50, M|\n|poke|p2|Dragonite, L50, M|\n|poke|p2|Gholdengo, L50|\n|poke|p2|Volcarona, L50, F|\n|teampreview|4\n|inactive|Battle timer is ON: inactive players will automatically lose when time's up. (requested by kojimuranishi)\n|inactive|kojimuranishi has 60 seconds left.\n|j| allgw\n|\n|t:|1732931712\n|start\n|switch|p1a: Amoonguss|Amoonguss, L50, F|100\/100\n|switch|p1b: Incineroar|Incineroar, L50, F, shiny|100\/100\n|switch|p2a: Archaludon|Archaludon, L50, M|100\/100\n|switch|p2b: Volcarona|Volcarona, L50, F|100\/100\n|-ability|p1b: Incineroar|Intimidate|boost\n|-unboost|p2a: Archaludon|atk|1\n|-unboost|p2b: Volcarona|atk|1\n|turn|1\n|inactive|kojimuranishi has 30 seconds left.\n|\n|t:|1732931743\n|-terastallize|p2b: Volcarona|Grass\n|move|p2a: Archaludon|Protect|p2a: Archaludon\n|-singleturn|p2a: Archaludon|Protect\n|move|p2b: Volcarona|Heat Wave|p1b: Incineroar|[spread] p1a,p1b\n|-supereffective|p1a: Amoonguss\n|-resisted|p1b: Incineroar\n|-damage|p1a: Amoonguss|40\/100\n|-damage|p1b: Incineroar|88\/100\n|-enditem|p1a: Amoonguss|Sitrus Berry|[eat]\n|-heal|p1a: Amoonguss|65\/100|[from] item: Sitrus Berry\n|move|p1b: Incineroar|Knock Off|p2b: Volcarona\n|-damage|p2b: Volcarona|60\/100\n|-damage|p1b: Incineroar|71\/100|[from] item: Rocky Helmet|[of] p2b: Volcarona\n|-enditem|p2b: Volcarona|Rocky Helmet|[from] move: Knock Off|[of] p1b: Incineroar\n|move|p1a: Amoonguss|Spore|p2a: Archaludon\n|-activate|p2a: Archaludon|move: Protect\n|\n|upkeep\n|turn|2\n|inactive|kojimuranishi has 30 seconds left.\n|inactive|CarryTheBoats has 30 seconds left.\n|\n|t:|1732931776\n|switch|p1b: Archaludon|Archaludon, L50, F, shiny|100\/100\n|-terastallize|p1a: Amoonguss|Psychic\n|move|p2a: Archaludon|Meteor Beam||[still]\n|-prepare|p2a: Archaludon|Meteor Beam\n|-boost|p2a: Archaludon|spa|1\n|-enditem|p2a: Archaludon|Power Herb\n|-anim|p2a: Archaludon|Meteor Beam|p1b: Archaludon\n|-resisted|p1b: Archaludon\n|-damage|p1b: Archaludon|78\/100\n|-ability|p1b: Archaludon|Stamina|boost\n|-boost|p1b: Archaludon|def|1\n|move|p2b: Volcarona|Heat Wave|p1b: Archaludon|[spread] p1a,p1b\n|-crit|p1b: Archaludon\n|-damage|p1a: Amoonguss|38\/100\n|-damage|p1b: Archaludon|44\/100\n|-ability|p1b: Archaludon|Stamina|boost\n|-boost|p1b: Archaludon|def|1\n|move|p1a: Amoonguss|Spore|p2a: Archaludon\n|-status|p2a: Archaludon|slp|[from] move: Spore\n|\n|upkeep\n|turn|3\n|\n|t:|1732931798\n|switch|p1a: Incineroar|Incineroar, L50, F, shiny|71\/100\n|-ability|p1a: Incineroar|Intimidate|boost\n|-unboost|p2a: Archaludon|atk|1\n|-unboost|p2b: Volcarona|atk|1\n|cant|p2a: Archaludon|slp\n|move|p2b: Volcarona|Struggle Bug|p1b: Archaludon|[spread] p1a,p1b\n|-resisted|p1b: Archaludon\n|-damage|p1a: Incineroar|57\/100\n|-damage|p1b: Archaludon|38\/100\n|-unboost|p1a: Incineroar|spa|1\n|-unboost|p1b: Archaludon|spa|1\n|-ability|p1b: Archaludon|Stamina|boost\n|-boost|p1b: Archaludon|def|1\n|move|p1b: Archaludon|Body Press|p2b: Volcarona\n|-damage|p2b: Volcarona|7\/100\n|\n|upkeep\n|turn|4\n|inactive|kojimuranishi has 30 seconds left.\n|\n|t:|1732931825\n|switch|p2b: Ursaluna|Ursaluna-Bloodmoon, L50, M|100\/100\n|-curestatus|p2a: Archaludon|slp|[msg]\n|move|p2a: Archaludon|Draco Meteor|p1b: Archaludon\n|-damage|p1b: Archaludon|0 fnt\n|-unboost|p2a: Archaludon|spa|2\n|faint|p1b: Archaludon\n|move|p1a: Incineroar|Parting Shot|p2a: Archaludon\n|-unboost|p2a: Archaludon|atk|1\n|-unboost|p2a: Archaludon|spa|1\n|\n|t:|1732931834\n|switch|p1a: Dragonite|Dragonite, L50, M|100\/100|[from] Parting Shot\n|\n|upkeep\n|\n|t:|1732931836\n|switch|p1b: Incineroar|Incineroar, L50, F, shiny|57\/100\n|-ability|p1b: Incineroar|Intimidate|boost\n|-unboost|p2a: Archaludon|atk|1\n|-unboost|p2b: Ursaluna|atk|1\n|turn|5\n|j| plplk\n|\n|t:|1732931846\n|move|p2a: Archaludon|Protect|p2a: Archaludon\n|-singleturn|p2a: Archaludon|Protect\n|move|p2b: Ursaluna|Protect|p2b: Ursaluna\n|-singleturn|p2b: Ursaluna|Protect\n|move|p1b: Incineroar|Fake Out|p2b: Ursaluna\n|-activate|p2b: Ursaluna|move: Protect\n|move|p1a: Dragonite|Scale Shot|p2a: Archaludon\n|-activate|p2a: Archaludon|move: Protect\n|\n|upkeep\n|turn|6\n|\n|t:|1732931863\n|move|p1a: Dragonite|Protect|p1a: Dragonite\n|-singleturn|p1a: Dragonite|Protect\n|move|p2a: Archaludon|Draco Meteor|p1a: Dragonite\n|-activate|p1a: Dragonite|move: Protect\n|move|p2b: Ursaluna|Blood Moon|p1a: Dragonite\n|-activate|p1a: Dragonite|move: Protect\n|move|p1b: Incineroar|Knock Off|p2b: Ursaluna\n|-damage|p2b: Ursaluna|60\/100\n|-enditem|p2b: Ursaluna|Life Orb|[from] move: Knock Off|[of] p1b: Incineroar\n|\n|upkeep\n|turn|7\n|\n|t:|1732931880\n|move|p2a: Archaludon|Draco Meteor|p1a: Dragonite\n|-supereffective|p1a: Dragonite\n|-damage|p1a: Dragonite|60\/100\n|-unboost|p2a: Archaludon|spa|2\n|move|p1a: Dragonite|Scale Shot|p2b: Ursaluna\n|-damage|p2b: Ursaluna|48\/100\n|-damage|p2b: Ursaluna|36\/100\n|-damage|p2b: Ursaluna|25\/100\n|-damage|p2b: Ursaluna|12\/100\n|-damage|p2b: Ursaluna|0 fnt\n|faint|p2b: Ursaluna\n|-hitcount|p2: Ursaluna|5\n|-unboost|p1a: Dragonite|def|1\n|-boost|p1a: Dragonite|spe|1\n|move|p1b: Incineroar|Knock Off|p2a: Archaludon\n|-damage|p2a: Archaludon|75\/100\n|\n|upkeep\n|\n|t:|1732931901\n|switch|p2b: Dragonite|Dragonite, L50, M|100\/100\n|turn|8\n|\n|t:|1732931919\n|switch|p1b: Amoonguss|Amoonguss, L50, F, tera:Psychic|71\/100\n|move|p1a: Dragonite|Scale Shot|p2b: Dragonite\n|-supereffective|p2b: Dragonite\n|-damage|p2b: Dragonite|87\/100\n|-supereffective|p2b: Dragonite\n|-damage|p2b: Dragonite|61\/100\n|-supereffective|p2b: Dragonite\n|-damage|p2b: Dragonite|35\/100\n|-supereffective|p2b: Dragonite\n|-damage|p2b: Dragonite|9\/100\n|-hitcount|p2b: Dragonite|4\n|-unboost|p1a: Dragonite|def|1\n|-boost|p1a: Dragonite|spe|1\n|move|p2a: Archaludon|Draco Meteor|p1b: Amoonguss\n|-damage|p1b: Amoonguss|49\/100\n|-unboost|p2a: Archaludon|spa|2\n|move|p2b: Dragonite|Rock Slide|p1b: Amoonguss|[spread] p1a\n|-miss|p2b: Dragonite|p1b: Amoonguss\n|-supereffective|p1a: Dragonite\n|-damage|p1a: Dragonite|0 fnt\n|faint|p1a: Dragonite\n|\n|upkeep\n|\n|t:|1732931930\n|switch|p1a: Incineroar|Incineroar, L50, F, shiny|57\/100\n|-ability|p1a: Incineroar|Intimidate|boost\n|-unboost|p2a: Archaludon|atk|1\n|-unboost|p2b: Dragonite|atk|1\n|turn|9\n|\n|t:|1732931949\n|switch|p2b: Volcarona|Volcarona, L50, F, tera:Grass|7\/100\n|move|p2a: Archaludon|Protect|p2a: Archaludon\n|-singleturn|p2a: Archaludon|Protect\n|move|p1a: Incineroar|Fake Out|p2b: Volcarona\n|-damage|p2b: Volcarona|0 fnt\n|faint|p2b: Volcarona\n|move|p1b: Amoonguss|Sludge Bomb|p2a: Archaludon\n|-activate|p2a: Archaludon|move: Protect\n|\n|upkeep\n|\n|t:|1732931960\n|switch|p2b: Dragonite|Dragonite, L50, M|9\/100\n|turn|10\n|\n|t:|1732931971\n|move|p1b: Amoonguss|Rage Powder|p1b: Amoonguss\n|-singleturn|p1b: Amoonguss|move: Rage Powder\n|move|p2a: Archaludon|Draco Meteor|p1b: Amoonguss\n|-damage|p1b: Amoonguss|34\/100\n|move|p2b: Dragonite|Rock Slide|p1b: Amoonguss|[spread] p1a,p1b\n|-supereffective|p1a: Incineroar\n|-damage|p1a: Incineroar|0 fnt\n|-damage|p1b: Amoonguss|8\/100\n|faint|p1a: Incineroar\n|\n|upkeep\n|turn|11\n|-message|CarryTheBoats forfeited.\n|\n|win|kojimuranishi\n|raw|CarryTheBoats's rating: 1807 &rarr; <strong>1796<\/strong><br \/>(-11 for losing)\n|raw|kojimuranishi's rating: 1986 &rarr; <strong>1997<\/strong><br \/>(+11 for winning)\n|l|\u2606CarryTheBoats\n|player|p1|\n|l| plplk\n|l|\u2606kojimuranishi\n|player|p2|\n","uploadtime":1732932187,"views":130,"formatid":"gen9vgc2024regh","rating":1796,"private":0,"password":null}