{"id":"gen9vgc2024regh-2253513679","format":"[Gen 9] VGC 2024 Reg H","players":["Bougie Oatmeal","Djjwjwwjj"],"log":"|j|\u2606Bougie Oatmeal\n|j|\u2606Djjwjwwjj\n|t:|1732902751\n|gametype|doubles\n|player|p1|Bougie Oatmeal|rowan|1690\n|player|p2|Djjwjwwjj|101|1793\n|teamsize|p1|6\n|teamsize|p2|6\n|gen|9\n|tier|[Gen 9] VGC 2024 Reg H\n|rated|\n|rule|Species Clause: Limit one of each Pok\u00e9mon\n|rule|Item Clause: Limit 1 of each item\n|clearpoke\n|poke|p1|Dragapult, L50, F|\n|poke|p1|Indeedee, L50, M|\n|poke|p1|Whimsicott, L50, F|\n|poke|p1|Magmar, L50, F|\n|poke|p1|Gallade, L50, M|\n|poke|p1|Blastoise, L50, M|\n|poke|p2|Palafin, L50, F|\n|poke|p2|Pelipper, L50, F|\n|poke|p2|Electabuzz, L50, M|\n|poke|p2|Rillaboom, L50, M|\n|poke|p2|Incineroar, L50, F|\n|poke|p2|Gholdengo, L50|\n|teampreview|4\n|inactive|Battle timer is ON: inactive players will automatically lose when time's up. (requested by Djjwjwwjj)\n|inactive|Bougie Oatmeal also wants the timer to be on.\n|j| la bella de easo\n|inactive|Djjwjwwjj has 60 seconds left.\n|\n|t:|1732902783\n|start\n|switch|p1a: \ud83d\udc90|Whimsicott, L50, F|100\/100\n|switch|p1b: \ud83d\udc7b|Dragapult, L50, F|100\/100\n|switch|p2a: Incineroar|Incineroar, L50, F|100\/100\n|switch|p2b: Gholdengo|Gholdengo, L50|100\/100\n|-ability|p2a: Incineroar|Intimidate|boost\n|-unboost|p1a: \ud83d\udc90|atk|1\n|-fail|p1b: \ud83d\udc7b|unboost|[from] ability: Clear Body|[of] p1b: \ud83d\udc7b\n|turn|1\n|\n|t:|1732902801\n|-terastallize|p2b: Gholdengo|Dragon\n|move|p1a: \ud83d\udc90|Protect|p1a: \ud83d\udc90\n|-singleturn|p1a: \ud83d\udc90|Protect\n|move|p1b: \ud83d\udc7b|Phantom Force||[still]\n|-prepare|p1b: \ud83d\udc7b|Phantom Force\n|move|p2b: Gholdengo|Make It Rain|p1a: \ud83d\udc90|[spread] \n|-miss|p2b: Gholdengo|p1b: \ud83d\udc7b\n|-activate|p1a: \ud83d\udc90|move: Protect\n|move|p2a: Incineroar|Knock Off|p1b: \ud83d\udc7b|[miss]\n|-miss|p2a: Incineroar|p1b: \ud83d\udc7b\n|\n|upkeep\n|turn|2\n|l| la bella de easo\n|\n|t:|1732902823\n|switch|p2b: Rillaboom|Rillaboom, L50, M|100\/100\n|-fieldstart|move: Grassy Terrain|[from] ability: Grassy Surge|[of] p2b: Rillaboom\n|move|p1b: \ud83d\udc7b|Phantom Force|p2b: Rillaboom|[from]lockedmove\n|-damage|p2b: Rillaboom|35\/100\n|move|p1a: \ud83d\udc90|Moonblast|p2b: Rillaboom\n|-damage|p2b: Rillaboom|6\/100\n|move|p2a: Incineroar|Knock Off|p1b: \ud83d\udc7b\n|-supereffective|p1b: \ud83d\udc7b\n|-damage|p1b: \ud83d\udc7b|0 fnt\n|-enditem|p1b: \ud83d\udc7b|Choice Band|[from] move: Knock Off|[of] p2a: Incineroar\n|faint|p1b: \ud83d\udc7b\n|\n|-heal|p2b: Rillaboom|12\/100|[from] Grassy Terrain\n|upkeep\n|\n|t:|1732902842\n|switch|p1b: \ud83d\udd2a|Gallade, L50, M|100\/100\n|turn|3\n|j| CXCJNTM\n|inactive|Djjwjwwjj has 30 seconds left.\n|\n|t:|1732902870\n|switch|p1a: \ud83d\udd2e|Indeedee, L50, M|100\/100\n|-fieldstart|move: Psychic Terrain|[from] ability: Psychic Surge|[of] p1a: \ud83d\udd2e\n|switch|p2b: Electabuzz|Electabuzz, L50, M|100\/100\n|move|p1b: \ud83d\udd2a|Psycho Cut|p2b: Electabuzz\n|-damage|p2b: Electabuzz|19\/100\n|move|p2a: Incineroar|Flare Blitz|p1a: \ud83d\udd2e\n|-damage|p1a: \ud83d\udd2e|0 fnt\n|faint|p1a: \ud83d\udd2e\n|-damage|p2a: Incineroar|77\/100|[from] Recoil\n|\n|upkeep\n|\n|t:|1732902883\n|switch|p1a: \ud83d\udc90|Whimsicott, L50, F|100\/100\n|turn|4\n|\n|t:|1732902899\n|-terastallize|p1b: \ud83d\udd2a|Stellar\n|move|p2b: Electabuzz|Follow Me|p2b: Electabuzz\n|-singleturn|p2b: Electabuzz|move: Follow Me\n|move|p1a: \ud83d\udc90|Moonblast|p2b: Electabuzz\n|-damage|p2b: Electabuzz|0 fnt\n|faint|p2b: Electabuzz\n|move|p1b: \ud83d\udd2a|Psycho Cut|p2a: Incineroar\n|-immune|p2a: Incineroar\n|move|p2a: Incineroar|Flare Blitz|p1b: \ud83d\udd2a\n|-damage|p1b: \ud83d\udd2a|10\/100\n|-damage|p2a: Incineroar|55\/100|[from] Recoil\n|\n|upkeep\n|j| proo gammer\n|c|\u2606Bougie Oatmeal|????????? haha gg\n|\n|t:|1732902913\n|switch|p2b: Rillaboom|Rillaboom, L50, M|12\/100\n|-fieldstart|move: Grassy Terrain|[from] ability: Grassy Surge|[of] p2b: Rillaboom\n|turn|5\n|c|\u2606Bougie Oatmeal|risky'\n|\n|t:|1732902920\n|move|p1b: \ud83d\udd2a|Protect|p1b: \ud83d\udd2a\n|-singleturn|p1b: \ud83d\udd2a|Protect\n|move|p2b: Rillaboom|Grassy Glide|p1b: \ud83d\udd2a\n|-activate|p1b: \ud83d\udd2a|move: Protect\n|move|p1a: \ud83d\udc90|Moonblast|p2b: Rillaboom\n|-damage|p2b: Rillaboom|0 fnt\n|faint|p2b: Rillaboom\n|move|p2a: Incineroar|Flare Blitz|p1a: \ud83d\udc90\n|-supereffective|p1a: \ud83d\udc90\n|-damage|p1a: \ud83d\udc90|0 fnt\n|faint|p1a: \ud83d\udc90\n|-damage|p2a: Incineroar|33\/100|[from] Recoil\n|\n|-heal|p1b: \ud83d\udd2a|16\/100|[from] Grassy Terrain\n|-heal|p2a: Incineroar|39\/100|[from] Grassy Terrain\n|upkeep\n|\n|t:|1732902938\n|switch|p2b: Gholdengo|Gholdengo, L50, tera:Dragon|100\/100\n|turn|6\n|\n|t:|1732902943\n|move|p1b: \ud83d\udd2a|Wide Guard|p1b: \ud83d\udd2a\n|-singleturn|p1b: \ud83d\udd2a|Wide Guard\n|move|p2b: Gholdengo|Shadow Ball|p1b: \ud83d\udd2a\n|-supereffective|p1b: \ud83d\udd2a\n|-damage|p1b: \ud83d\udd2a|0 fnt\n|faint|p1b: \ud83d\udd2a\n|\n|win|Djjwjwwjj\n|raw|Bougie Oatmeal's rating: 1690 &rarr; <strong>1676<\/strong><br \/>(-14 for losing)\n|raw|Djjwjwwjj's rating: 1793 &rarr; <strong>1807<\/strong><br \/>(+14 for winning)\n|l|\u2606Bougie Oatmeal\n|player|p1|\n|l|\u2606Djjwjwwjj\n|player|p2|\n|l| proo gammer\n|l| CXCJNTM\n","uploadtime":1732903112,"views":7,"formatid":"gen9vgc2024regh","rating":1676,"private":0,"password":null}