{"id":"gen9vgc2024regh-2253152844","format":"[Gen 9] VGC 2024 Reg H","players":["Hoshinaaa","chappell murkroan"],"log":"|j|\u2606Hoshinaaa\n|j|\u2606chappell murkroan\n|t:|1732847491\n|gametype|doubles\n|player|p1|Hoshinaaa|rosa|1695\n|player|p2|chappell murkroan|caitlin|1646\n|teamsize|p1|6\n|teamsize|p2|6\n|gen|9\n|tier|[Gen 9] VGC 2024 Reg H\n|rated|\n|rule|Species Clause: Limit one of each Pok\u00e9mon\n|rule|Item Clause: Limit 1 of each item\n|clearpoke\n|poke|p1|Slaking, L50, M|\n|poke|p1|Weezing-Galar, L50, F|\n|poke|p1|Gholdengo, L50|\n|poke|p1|Gyarados, L50, M|\n|poke|p1|Kingambit, L50, M|\n|poke|p1|Dragapult, L50, M|\n|poke|p2|Kommo-o, L50, F|\n|poke|p2|Gholdengo, L50|\n|poke|p2|Toxtricity-Low-Key, L50, F|\n|poke|p2|Grimmsnarl, L50, M|\n|poke|p2|Volcarona, L50, F|\n|poke|p2|Mamoswine, L50, M|\n|teampreview|4\n|inactive|Battle timer is ON: inactive players will automatically lose when time's up. (requested by chappell murkroan)\n|inactive|Hoshinaaa also wants the timer to be on.\n|inactive|chappell murkroan has 60 seconds left.\n|\n|t:|1732847522\n|start\n|switch|p1a: \u4e0d\u8bb8\u8bf7\u5047|Weezing-Galar, L50, F|100\/100\n|switch|p1b: \u591a\u52a0\u73ed\u624d\u80fd\u6dd8\u91d1\u6f6e|Gholdengo, L50|100\/100\n|switch|p2a: Volcarona|Volcarona, L50, F|100\/100\n|switch|p2b: Mamoswine|Mamoswine, L50, M|100\/100\n|-ability|p1a: \u4e0d\u8bb8\u8bf7\u5047|Neutralizing Gas\n|turn|1\n|j| qiyeO.o\n|\n|t:|1732847546\n|-terastallize|p1b: \u591a\u52a0\u73ed\u624d\u80fd\u6dd8\u91d1\u6f6e|Flying\n|move|p1b: \u591a\u52a0\u73ed\u624d\u80fd\u6dd8\u91d1\u6f6e|Trick|p2a: Volcarona\n|-activate|p1b: \u591a\u52a0\u73ed\u624d\u80fd\u6dd8\u91d1\u6f6e|move: Trick|[of] p2a: Volcarona\n|-item|p2a: Volcarona|Choice Scarf|[from] move: Trick\n|-item|p1b: \u591a\u52a0\u73ed\u624d\u80fd\u6dd8\u91d1\u6f6e|Safety Goggles|[from] move: Trick\n|move|p2a: Volcarona|Overheat|p1b: \u591a\u52a0\u73ed\u624d\u80fd\u6dd8\u91d1\u6f6e\n|-damage|p1b: \u591a\u52a0\u73ed\u624d\u80fd\u6dd8\u91d1\u6f6e|37\/100\n|-unboost|p2a: Volcarona|spa|2\n|move|p2b: Mamoswine|High Horsepower|p1a: \u4e0d\u8bb8\u8bf7\u5047\n|-supereffective|p1a: \u4e0d\u8bb8\u8bf7\u5047\n|-enditem|p1a: \u4e0d\u8bb8\u8bf7\u5047|Focus Sash\n|-damage|p1a: \u4e0d\u8bb8\u8bf7\u5047|1\/100\n|move|p1a: \u4e0d\u8bb8\u8bf7\u5047|Will-O-Wisp|p2b: Mamoswine\n|-status|p2b: Mamoswine|brn\n|\n|-damage|p2b: Mamoswine|95\/100 brn|[from] brn\n|upkeep\n|turn|2\n|\n|t:|1732847570\n|move|p2b: Mamoswine|Ice Shard|p1b: \u591a\u52a0\u73ed\u624d\u80fd\u6dd8\u91d1\u6f6e\n|-supereffective|p1b: \u591a\u52a0\u73ed\u624d\u80fd\u6dd8\u91d1\u6f6e\n|-damage|p1b: \u591a\u52a0\u73ed\u624d\u80fd\u6dd8\u91d1\u6f6e|8\/100\n|move|p2a: Volcarona|Overheat|p1a: \u4e0d\u8bb8\u8bf7\u5047|[miss]\n|-miss|p2a: Volcarona|p1a: \u4e0d\u8bb8\u8bf7\u5047\n|move|p1b: \u591a\u52a0\u73ed\u624d\u80fd\u6dd8\u91d1\u6f6e|Make It Rain|p2b: Mamoswine|[spread] p2a,p2b\n|-resisted|p2a: Volcarona\n|-supereffective|p2b: Mamoswine\n|-damage|p2a: Volcarona|78\/100\n|-damage|p2b: Mamoswine|0 fnt\n|-unboost|p1b: \u591a\u52a0\u73ed\u624d\u80fd\u6dd8\u91d1\u6f6e|spa|1\n|faint|p2b: Mamoswine\n|move|p1a: \u4e0d\u8bb8\u8bf7\u5047|Dazzling Gleam|p2a: Volcarona\n|-resisted|p2a: Volcarona\n|-damage|p2a: Volcarona|62\/100\n|\n|upkeep\n|\n|t:|1732847581\n|switch|p2b: Toxtricity|Toxtricity-Low-Key, L50, F|100\/100\n|turn|3\n|inactive|Hoshinaaa has 30 seconds left.\n|\n|t:|1732847613\n|switch|p2a: Kommo-o|Kommo-o, L50, F|100\/100\n|move|p1a: \u4e0d\u8bb8\u8bf7\u5047|Protect|p1a: \u4e0d\u8bb8\u8bf7\u5047\n|-singleturn|p1a: \u4e0d\u8bb8\u8bf7\u5047|Protect\n|move|p2b: Toxtricity|Electroweb|p1b: \u591a\u52a0\u73ed\u624d\u80fd\u6dd8\u91d1\u6f6e|[spread] p1b\n|-activate|p1a: \u4e0d\u8bb8\u8bf7\u5047|move: Protect\n|-supereffective|p1b: \u591a\u52a0\u73ed\u624d\u80fd\u6dd8\u91d1\u6f6e\n|-damage|p1b: \u591a\u52a0\u73ed\u624d\u80fd\u6dd8\u91d1\u6f6e|0 fnt\n|faint|p1b: \u591a\u52a0\u73ed\u624d\u80fd\u6dd8\u91d1\u6f6e\n|\n|upkeep\n|\n|t:|1732847625\n|switch|p1b: Dragapult|Dragapult, L50, M|100\/100\n|turn|4\n|\n|t:|1732847637\n|-end|p1a: \u4e0d\u8bb8\u8bf7\u5047|ability: Neutralizing Gas\n|switch|p1a: Kingambit|Kingambit, L50, M|100\/100\n|-terastallize|p2a: Kommo-o|Fire\n|move|p1b: Dragapult|Dragon Darts|p2a: Kommo-o\n|-damage|p2a: Kommo-o|63\/100\n|-anim|p1b: Dragapult|Dragon Darts|p2b: Toxtricity\n|-damage|p2b: Toxtricity|32\/100\n|move|p2b: Toxtricity|Electroweb|p1a: Kingambit|[spread] p1a,p1b\n|-resisted|p1b: Dragapult\n|-crit|p1b: Dragapult\n|-damage|p1a: Kingambit|87\/100\n|-damage|p1b: Dragapult|80\/100\n|-unboost|p1a: Kingambit|spe|1\n|-ability|p1a: Kingambit|Defiant|boost\n|-boost|p1a: Kingambit|atk|2\n|move|p2a: Kommo-o|Clanging Scales|p1a: Kingambit|[spread] p1a,p1b\n|-resisted|p1a: Kingambit\n|-supereffective|p1b: Dragapult\n|-damage|p1a: Kingambit|69\/100\n|-damage|p1b: Dragapult|0 fnt\n|faint|p1b: Dragapult\n|-unboost|p2a: Kommo-o|def|1\n|\n|upkeep\n|\n|t:|1732847659\n|switch|p1b: \u4e0d\u8bb8\u8bf7\u5047|Weezing-Galar, L50, F|1\/100\n|-ability|p1b: \u4e0d\u8bb8\u8bf7\u5047|Neutralizing Gas\n|turn|5\n|\n|t:|1732847671\n|switch|p2a: Volcarona|Volcarona, L50, F|62\/100\n|move|p1a: Kingambit|Sucker Punch||[still]\n|-fail|p1a: Kingambit\n|move|p2b: Toxtricity|Electroweb|p1b: \u4e0d\u8bb8\u8bf7\u5047|[spread] p1a,p1b\n|-damage|p1a: Kingambit|56\/100\n|-damage|p1b: \u4e0d\u8bb8\u8bf7\u5047|0 fnt\n|-unboost|p1a: Kingambit|spe|1\n|faint|p1b: \u4e0d\u8bb8\u8bf7\u5047\n|-end|p1b: \u4e0d\u8bb8\u8bf7\u5047|ability: Neutralizing Gas\n|\n|upkeep\n|turn|6\n|-message|Hoshinaaa forfeited.\n|\n|win|chappell murkroan\n|raw|Hoshinaaa's rating: 1695 &rarr; <strong>1672<\/strong><br \/>(-23 for losing)\n|raw|chappell murkroan's rating: 1646 &rarr; <strong>1669<\/strong><br \/>(+23 for winning)\n|l|\u2606Hoshinaaa\n|player|p1|\n|l|\u2606chappell murkroan\n|player|p2|\n|l| qiyeO.o\n","uploadtime":1732847849,"views":17,"formatid":"gen9vgc2024regh","rating":1669,"private":0,"password":null}