{"id":"gen9vgc2024regh-2253425823","format":"[Gen 9] VGC 2024 Reg H","players":["Toger220","Djjwjwwjj"],"log":"|j|\u2606Toger220\n|j|\u2606Djjwjwwjj\n|t:|1732892080\n|gametype|doubles\n|player|p1|Toger220|170|1697\n|player|p2|Djjwjwwjj|101|1704\n|teamsize|p1|6\n|teamsize|p2|6\n|gen|9\n|tier|[Gen 9] VGC 2024 Reg H\n|rated|\n|rule|Species Clause: Limit one of each Pok\u00e9mon\n|rule|Item Clause: Limit 1 of each item\n|clearpoke\n|poke|p1|Primarina, L50, M|\n|poke|p1|Delphox, L50, F|\n|poke|p1|Indeedee-F, L50, F|\n|poke|p1|Murkrow, L50, M|\n|poke|p1|Archaludon, L50, F|\n|poke|p1|Sneasler, L50, M|\n|poke|p2|Palafin, L50, F|\n|poke|p2|Pelipper, L50, F|\n|poke|p2|Electabuzz, L50, F|\n|poke|p2|Rillaboom, L50, M|\n|poke|p2|Incineroar, L50, F|\n|poke|p2|Gholdengo, L50|\n|teampreview|4\n|inactive|Battle timer is ON: inactive players will automatically lose when time's up. (requested by Djjwjwwjj)\n|j| Glance-Meowstic\n|inactive|Toger220 has 60 seconds left.\n|inactive|Djjwjwwjj has 60 seconds left.\n|\n|t:|1732892123\n|start\n|switch|p1a: Murkrow|Murkrow, L50, M|100\/100\n|switch|p1b: Archaludon|Archaludon, L50, F|100\/100\n|switch|p2a: Electabuzz|Electabuzz, L50, F|100\/100\n|switch|p2b: Palafin|Palafin, L50, F|100\/100\n|turn|1\n|\n|t:|1732892141\n|move|p2a: Electabuzz|Follow Me|p2a: Electabuzz\n|-singleturn|p2a: Electabuzz|move: Follow Me\n|move|p1a: Murkrow|Tailwind|p1a: Murkrow\n|-sidestart|p1: Toger220|move: Tailwind\n|move|p1b: Archaludon|Electro Shot||[still]\n|-prepare|p1b: Archaludon|Electro Shot\n|-boost|p1b: Archaludon|spa|1\n|-enditem|p1b: Archaludon|Power Herb\n|-anim|p1b: Archaludon|Electro Shot|p2a: Electabuzz\n|-resisted|p2a: Electabuzz\n|-damage|p2a: Electabuzz|74\/100\n|move|p2b: Palafin|Flip Turn|p1a: Murkrow\n|-damage|p1a: Murkrow|68\/100\n|\n|t:|1732892155\n|detailschange|p2b: Palafin|Palafin-Hero, L50, F\n|switch|p2b: Rillaboom|Rillaboom, L50, M|100\/100|[from] Flip Turn\n|-fieldstart|move: Grassy Terrain|[from] ability: Grassy Surge|[of] p2b: Rillaboom\n|\n|-heal|p2a: Electabuzz|80\/100|[from] Grassy Terrain\n|upkeep\n|turn|2\n|\n|t:|1732892165\n|switch|p1a: Indeedee|Indeedee-F, L50, F|100\/100\n|-fieldstart|move: Psychic Terrain|[from] ability: Psychic Surge|[of] p1a: Indeedee\n|move|p1b: Archaludon|Dragon Pulse|p2a: Electabuzz\n|-damage|p2a: Electabuzz|25\/100\n|move|p2a: Electabuzz|Electroweb|p1b: Archaludon|[spread] p1a,p1b\n|-resisted|p1b: Archaludon\n|-damage|p1a: Indeedee|89\/100\n|-damage|p1b: Archaludon|91\/100\n|-unboost|p1a: Indeedee|spe|1\n|-unboost|p1b: Archaludon|spe|1\n|move|p2b: Rillaboom|High Horsepower|p1b: Archaludon\n|-supereffective|p1b: Archaludon\n|-damage|p1b: Archaludon|28\/100\n|\n|upkeep\n|turn|3\n|\n|t:|1732892187\n|switch|p2a: Gholdengo|Gholdengo, L50|100\/100\n|move|p1a: Indeedee|Follow Me|p1a: Indeedee\n|-singleturn|p1a: Indeedee|move: Follow Me\n|move|p1b: Archaludon|Dragon Pulse|p2a: Gholdengo\n|-resisted|p2a: Gholdengo\n|-damage|p2a: Gholdengo|65\/100\n|move|p2b: Rillaboom|High Horsepower|p1a: Indeedee|[miss]\n|-miss|p2b: Rillaboom|p1a: Indeedee\n|\n|-heal|p2a: Gholdengo|71\/100|[from] item: Leftovers\n|upkeep\n|turn|4\n|inactive|Djjwjwwjj has 30 seconds left.\n|inactive|Djjwjwwjj has 20 seconds left.\n|\n|t:|1732892223\n|switch|p2b: Electabuzz|Electabuzz, L50, F|25\/100\n|-terastallize|p1b: Archaludon|Electric\n|move|p2a: Gholdengo|Protect|p2a: Gholdengo\n|-singleturn|p2a: Gholdengo|Protect\n|move|p1a: Indeedee|Follow Me|p1a: Indeedee\n|-singleturn|p1a: Indeedee|move: Follow Me\n|move|p1b: Archaludon|Thunderbolt|p2a: Gholdengo\n|-activate|p2a: Gholdengo|move: Protect\n|\n|-heal|p2a: Gholdengo|77\/100|[from] item: Leftovers\n|-sideend|p1: Toger220|move: Tailwind\n|upkeep\n|turn|5\n|\n|t:|1732892242\n|move|p1b: Archaludon|Protect|p1b: Archaludon\n|-singleturn|p1b: Archaludon|Protect\n|move|p2b: Electabuzz|Electroweb|p1b: Archaludon|[spread] p1a\n|-activate|p1b: Archaludon|move: Protect\n|-damage|p1a: Indeedee|74\/100\n|-unboost|p1a: Indeedee|spe|1\n|move|p2a: Gholdengo|Make It Rain|p1b: Archaludon|[spread] p1a\n|-activate|p1b: Archaludon|move: Protect\n|-damage|p1a: Indeedee|31\/100\n|-unboost|p2a: Gholdengo|spa|1\n|move|p1a: Indeedee|Alluring Voice|p2b: Electabuzz\n|-damage|p2b: Electabuzz|12\/100\n|\n|-heal|p2a: Gholdengo|83\/100|[from] item: Leftovers\n|upkeep\n|turn|6\n|\n|t:|1732892266\n|switch|p1b: Murkrow|Murkrow, L50, M|68\/100\n|move|p2b: Electabuzz|Electroweb|p1a: Indeedee|[spread] p1a,p1b\n|-supereffective|p1b: Murkrow\n|-damage|p1a: Indeedee|18\/100\n|-damage|p1b: Murkrow|35\/100\n|-unboost|p1a: Indeedee|spe|1\n|-unboost|p1b: Murkrow|spe|1\n|move|p2a: Gholdengo|Make It Rain|p1b: Murkrow|[spread] p1a,p1b\n|-damage|p1a: Indeedee|0 fnt\n|-damage|p1b: Murkrow|1\/100\n|-unboost|p2a: Gholdengo|spa|1\n|faint|p1a: Indeedee\n|\n|-heal|p2a: Gholdengo|90\/100|[from] item: Leftovers\n|-fieldend|move: Psychic Terrain\n|upkeep\n|\n|t:|1732892281\n|switch|p1a: Sneasler|Sneasler, L50, M|100\/100\n|turn|7\n|\n|t:|1732892293\n|move|p2b: Electabuzz|Follow Me|p2b: Electabuzz\n|-singleturn|p2b: Electabuzz|move: Follow Me\n|move|p1b: Murkrow|Tailwind|p1b: Murkrow\n|-sidestart|p1: Toger220|move: Tailwind\n|move|p1a: Sneasler|Dire Claw|p2b: Electabuzz\n|-damage|p2b: Electabuzz|0 fnt\n|faint|p2b: Electabuzz\n|move|p2a: Gholdengo|Make It Rain|p1a: Sneasler|[spread] p1a,p1b\n|-damage|p1a: Sneasler|70\/100\n|-damage|p1b: Murkrow|0 fnt\n|-unboost|p2a: Gholdengo|spa|1\n|faint|p1b: Murkrow\n|\n|-heal|p2a: Gholdengo|96\/100|[from] item: Leftovers\n|upkeep\n|\n|t:|1732892315\n|switch|p2b: Palafin|Palafin-Hero, L50, F|100\/100\n|switch|p1b: Archaludon|Archaludon, L50, F, tera:Electric|28\/100\n|-activate|p2b: Palafin|ability: Zero to Hero\n|turn|8\n|\n|t:|1732892335\n|switch|p2a: Rillaboom|Rillaboom, L50, M|100\/100\n|-fieldstart|move: Grassy Terrain|[from] ability: Grassy Surge|[of] p2a: Rillaboom\n|-terastallize|p2b: Palafin|Ghost\n|move|p1b: Archaludon|Protect|p1b: Archaludon\n|-singleturn|p1b: Archaludon|Protect\n|move|p2b: Palafin|Jet Punch|p1b: Archaludon\n|-activate|p1b: Archaludon|move: Protect\n|move|p1a: Sneasler|Dire Claw|p2b: Palafin\n|-resisted|p2b: Palafin\n|-damage|p2b: Palafin|77\/100\n|-status|p2b: Palafin|slp\n|\n|-heal|p1a: Sneasler|75\/100|[from] Grassy Terrain\n|-heal|p1b: Archaludon|34\/100|[from] Grassy Terrain\n|-heal|p2b: Palafin|83\/100 slp|[from] Grassy Terrain\n|upkeep\n|turn|9\n|\n|t:|1732892358\n|cant|p2b: Palafin|slp\n|move|p2a: Rillaboom|Grassy Glide|p1b: Archaludon\n|-damage|p1b: Archaludon|0 fnt\n|faint|p1b: Archaludon\n|move|p1a: Sneasler|Dire Claw|p2a: Rillaboom\n|-supereffective|p2a: Rillaboom\n|-crit|p2a: Rillaboom\n|-damage|p2a: Rillaboom|0 fnt\n|faint|p2a: Rillaboom\n|\n|-heal|p1a: Sneasler|81\/100|[from] Grassy Terrain\n|-heal|p2b: Palafin|89\/100 slp|[from] Grassy Terrain\n|upkeep\n|\n|t:|1732892372\n|switch|p2a: Gholdengo|Gholdengo, L50|96\/100\n|turn|10\n|-message|Toger220 forfeited.\n|\n|win|Djjwjwwjj\n|raw|Toger220's rating: 1697 &rarr; <strong>1677<\/strong><br \/>(-20 for losing)\n|raw|Djjwjwwjj's rating: 1704 &rarr; <strong>1724<\/strong><br \/>(+20 for winning)\n|l|\u2606Toger220\n|player|p1|\n|l|\u2606Djjwjwwjj\n|player|p2|\n","uploadtime":1732892592,"views":5,"formatid":"gen9vgc2024regh","rating":1677,"private":0,"password":null}