{"id":"gen9vgc2024regh-2253272387","format":"[Gen 9] VGC 2024 Reg H","players":["WattoVGC","czgogogo"],"log":"|j|\u2606WattoVGC\n|j|\u2606czgogogo\n|t:|1732867583\n|gametype|doubles\n|player|p1|WattoVGC|palmer|1724\n|player|p2|czgogogo|101|1678\n|teamsize|p1|6\n|teamsize|p2|6\n|gen|9\n|tier|[Gen 9] VGC 2024 Reg H\n|rated|\n|rule|Species Clause: Limit one of each Pok\u00e9mon\n|rule|Item Clause: Limit 1 of each item\n|clearpoke\n|poke|p1|Pelipper, L50, F|\n|poke|p1|Archaludon, L50, F|\n|poke|p1|Amoonguss, L50, M|\n|poke|p1|Basculegion, L50, M|\n|poke|p1|Gholdengo, L50|\n|poke|p1|Incineroar, L50, F|\n|poke|p2|Ninetales-Alola, L50, M|\n|poke|p2|Dondozo, L50, M|\n|poke|p2|Rillaboom, L50, F|\n|poke|p2|Sneasler, L50, M|\n|poke|p2|Volcarona, L50, F|\n|poke|p2|Kingambit, L50, M|\n|teampreview|4\n|inactive|Battle timer is ON: inactive players will automatically lose when time's up. (requested by WattoVGC)\n|inactive|WattoVGC has 60 seconds left.\n|inactive|czgogogo has 60 seconds left.\n|\n|t:|1732867616\n|start\n|switch|p1a: Gholdengo|Gholdengo, L50|100\/100\n|switch|p1b: Pelipper|Pelipper, L50, F|100\/100\n|switch|p2a: Rillaboom|Rillaboom, L50, F|100\/100\n|switch|p2b: Kingambit|Kingambit, L50, M, shiny|100\/100\n|-weather|RainDance|[from] ability: Drizzle|[of] p1b: Pelipper\n|-fieldstart|move: Grassy Terrain|[from] ability: Grassy Surge|[of] p2a: Rillaboom\n|turn|1\n|inactive|czgogogo has 30 seconds left.\n|\n|t:|1732867643\n|switch|p1a: Archaludon|Archaludon, L50, F|100\/100\n|move|p1b: Pelipper|Protect|p1b: Pelipper\n|-singleturn|p1b: Pelipper|Protect\n|move|p2a: Rillaboom|High Horsepower|p1a: Archaludon\n|-supereffective|p1a: Archaludon\n|-damage|p1a: Archaludon|56\/100\n|-ability|p1a: Archaludon|Stamina|boost\n|-boost|p1a: Archaludon|def|1\n|move|p2b: Kingambit|Kowtow Cleave|p1a: Archaludon\n|-damage|p1a: Archaludon|26\/100\n|-ability|p1a: Archaludon|Stamina|boost\n|-boost|p1a: Archaludon|def|1\n|\n|-weather|RainDance|[upkeep]\n|-heal|p1a: Archaludon|32\/100|[from] Grassy Terrain\n|upkeep\n|turn|2\n|inactive|czgogogo has 30 seconds left.\n|inactive|czgogogo has 20 seconds left.\n|inactive|czgogogo has 15 seconds left.\n|inactive|czgogogo has 10 seconds left.\n|\n|t:|1732867688\n|move|p2a: Rillaboom|Grassy Glide|p1b: Pelipper\n|-damage|p1b: Pelipper|49\/100\n|move|p2b: Kingambit|Sucker Punch||[still]\n|-fail|p2b: Kingambit\n|move|p1b: Pelipper|Tailwind|p1b: Pelipper\n|-sidestart|p1: WattoVGC|move: Tailwind\n|move|p1a: Archaludon|Body Press|p2b: Kingambit\n|-supereffective|p2b: Kingambit\n|-damage|p2b: Kingambit|0 fnt\n|faint|p2b: Kingambit\n|\n|-weather|RainDance|[upkeep]\n|-heal|p1a: Archaludon|39\/100|[from] Grassy Terrain\n|upkeep\n|\n|t:|1732867699\n|switch|p2b: Sneasler|Sneasler, L50, M|100\/100\n|turn|3\n|inactive|WattoVGC has 30 seconds left.\n|inactive|czgogogo has 30 seconds left.\n|\n|t:|1732867734\n|switch|p1b: Gholdengo|Gholdengo, L50|100\/100\n|move|p1a: Archaludon|Body Press|p2a: Rillaboom\n|-damage|p2a: Rillaboom|58\/100\n|move|p2b: Sneasler|Close Combat|p1a: Archaludon\n|-supereffective|p1a: Archaludon\n|-damage|p1a: Archaludon|0 fnt\n|-unboost|p2b: Sneasler|def|1\n|-unboost|p2b: Sneasler|spd|1\n|faint|p1a: Archaludon\n|move|p2a: Rillaboom|High Horsepower|p1b: Gholdengo\n|-supereffective|p1b: Gholdengo\n|-crit|p1b: Gholdengo\n|-damage|p1b: Gholdengo|0 fnt\n|faint|p1b: Gholdengo\n|\n|-weather|RainDance|[upkeep]\n|-heal|p2a: Rillaboom|63\/100|[from] Grassy Terrain\n|upkeep\n|\n|t:|1732867754\n|switch|p1b: Amoonguss|Amoonguss, L50, M|100\/100\n|switch|p1a: Pelipper|Pelipper, L50, F|49\/100\n|turn|4\n|\n|t:|1732867772\n|-terastallize|p1a: Pelipper|Ghost\n|move|p2a: Rillaboom|Grassy Glide|p1a: Pelipper\n|-damage|p1a: Pelipper|2\/100\n|move|p1a: Pelipper|Hurricane|p2a: Rillaboom\n|-supereffective|p2a: Rillaboom\n|-damage|p2a: Rillaboom|0 fnt\n|faint|p2a: Rillaboom\n|move|p2b: Sneasler|Dire Claw|p1b: Amoonguss\n|-damage|p1b: Amoonguss|65\/100\n|-status|p1b: Amoonguss|slp\n|cant|p1b: Amoonguss|slp\n|\n|-weather|RainDance|[upkeep]\n|-heal|p1a: Pelipper|8\/100|[from] Grassy Terrain\n|-heal|p1b: Amoonguss|71\/100 slp|[from] Grassy Terrain\n|upkeep\n|\n|t:|1732867777\n|switch|p2a: Ninetales|Ninetales-Alola, L50, M|100\/100\n|-weather|Snow|[from] ability: Snow Warning|[of] p2a: Ninetales\n|turn|5\n|inactive|WattoVGC has 30 seconds left.\n|\n|t:|1732867805\n|move|p1a: Pelipper|Protect|p1a: Pelipper\n|-singleturn|p1a: Pelipper|Protect\n|move|p2b: Sneasler|Dire Claw|p1b: Amoonguss\n|-damage|p1b: Amoonguss|35\/100 slp\n|-enditem|p1b: Amoonguss|Sitrus Berry|[eat]\n|-heal|p1b: Amoonguss|60\/100 slp|[from] item: Sitrus Berry\n|move|p2a: Ninetales|Blizzard|p1b: Amoonguss|[spread] p1b\n|-activate|p1a: Pelipper|move: Protect\n|-supereffective|p1b: Amoonguss\n|-damage|p1b: Amoonguss|15\/100 slp\n|-curestatus|p1b: Amoonguss|slp|[msg]\n|move|p1b: Amoonguss|Spore|p2b: Sneasler\n|-status|p2b: Sneasler|slp|[from] move: Spore\n|\n|-weather|Snow|[upkeep]\n|-heal|p1a: Pelipper|14\/100|[from] Grassy Terrain\n|-heal|p1b: Amoonguss|21\/100|[from] Grassy Terrain\n|-sideend|p1: WattoVGC|move: Tailwind\n|-fieldend|move: Grassy Terrain\n|upkeep\n|turn|6\n|\n|t:|1732867821\n|move|p1a: Pelipper|Protect||[still]\n|-fail|p1a: Pelipper\n|cant|p2b: Sneasler|slp\n|move|p2a: Ninetales|Blizzard|p1a: Pelipper|[spread] p1a,p1b\n|-supereffective|p1b: Amoonguss\n|-damage|p1a: Pelipper|0 fnt\n|-damage|p1b: Amoonguss|0 fnt\n|faint|p1a: Pelipper\n|faint|p1b: Amoonguss\n|\n|win|czgogogo\n|raw|WattoVGC's rating: 1724 &rarr; <strong>1701<\/strong><br \/>(-23 for losing)\n|raw|czgogogo's rating: 1678 &rarr; <strong>1701<\/strong><br \/>(+23 for winning)\n","uploadtime":1732867831,"views":73,"formatid":"gen9vgc2024regh","rating":1701,"private":0,"password":null}