{"id":"gen9vgc2024regh-2253684246","format":"[Gen 9] VGC 2024 Reg H","players":["BassoTara2","kojimuranishi"],"log":"|j|\u2606BassoTara2\n|j|\u2606kojimuranishi\n|t:|1732923904\n|gametype|doubles\n|player|p1|BassoTara2|psychic-gen4|1743\n|player|p2|kojimuranishi|102|1978\n|teamsize|p1|6\n|teamsize|p2|6\n|gen|9\n|tier|[Gen 9] VGC 2024 Reg H\n|rated|\n|rule|Species Clause: Limit one of each Pok\u00e9mon\n|rule|Item Clause: Limit 1 of each item\n|clearpoke\n|poke|p1|Indeedee-F, L50, F|\n|poke|p1|Hatterene, L50, F|\n|poke|p1|Torkoal, L50, M|\n|poke|p1|Ursaluna, L50, M|\n|poke|p1|Gallade, L50, M|\n|poke|p1|Maushold-Four, L50|\n|poke|p2|Whimsicott, L50, F|\n|poke|p2|Ursaluna-Bloodmoon, L50, M|\n|poke|p2|Archaludon, L50, F|\n|poke|p2|Dragonite, L50, F|\n|poke|p2|Gholdengo, L50|\n|poke|p2|Volcarona, L50, F|\n|teampreview|4\n|inactive|Battle timer is ON: inactive players will automatically lose when time's up. (requested by kojimuranishi)\nBassoTara2 has agreed to open team sheets.\n|\n|t:|1732923933\n|start\n|switch|p1a: Indeedee|Indeedee-F, L50, F|100\/100\n|switch|p1b: Gallade|Gallade, L50, M, shiny|100\/100\n|switch|p2a: Dragonite|Dragonite, L50, F|100\/100\n|switch|p2b: Gholdengo|Gholdengo, L50|100\/100\n|-fieldstart|move: Psychic Terrain|[from] ability: Psychic Surge|[of] p1a: Indeedee\n|-enditem|p1a: Indeedee|Psychic Seed\n|-boost|p1a: Indeedee|spd|1|[from] item: Psychic Seed\n|turn|1\n|\n|t:|1732923953\n|-terastallize|p2b: Gholdengo|Steel\n|move|p2b: Gholdengo|Make It Rain|p1a: Indeedee|[spread] p1a,p1b\n|-damage|p1a: Indeedee|35\/100\n|-damage|p1b: Gallade|6\/100\n|-unboost|p2b: Gholdengo|spa|1\n|move|p2a: Dragonite|Rock Slide|p1b: Gallade|[spread] p1a,p1b\n|-resisted|p1b: Gallade\n|-damage|p1a: Indeedee|6\/100\n|-damage|p1b: Gallade|0 fnt\n|faint|p1b: Gallade\n|move|p1a: Indeedee|Trick Room|p1a: Indeedee\n|-fieldstart|move: Trick Room|[of] p1a: Indeedee\n|\n|upkeep\n|\n|t:|1732923973\n|switch|p1b: Torkoal|Torkoal, L50, M|100\/100\n|-weather|SunnyDay|[from] ability: Drought|[of] p1b: Torkoal\n|turn|2\n|\n|t:|1732923984\n|switch|p1a: Ursaluna|Ursaluna, L50, M|100\/100\n|-terastallize|p1b: Torkoal|Fire\n|move|p1b: Torkoal|Eruption|p2a: Dragonite|[spread] p2a,p2b\n|-resisted|p2a: Dragonite\n|-supereffective|p2b: Gholdengo\n|-damage|p2a: Dragonite|69\/100\n|-damage|p2b: Gholdengo|0 fnt\n|faint|p2b: Gholdengo\n|move|p2a: Dragonite|Rock Slide|p1b: Torkoal|[spread] p1b\n|-miss|p2a: Dragonite|p1a: Ursaluna\n|-supereffective|p1b: Torkoal\n|-damage|p1b: Torkoal|53\/100\n|\n|-weather|SunnyDay|[upkeep]\n|-status|p1a: Ursaluna|brn|[from] item: Flame Orb\n|upkeep\n|\n|t:|1732924004\n|switch|p2b: Whimsicott|Whimsicott, L50, F|100\/100\n|turn|3\n|\n|t:|1732924009\n|move|p1b: Torkoal|Eruption|p2b: Whimsicott|[spread] p2a,p2b\n|-resisted|p2a: Dragonite\n|-supereffective|p2b: Whimsicott\n|-damage|p2a: Dragonite|35\/100\n|-enditem|p2b: Whimsicott|Focus Sash\n|-damage|p2b: Whimsicott|1\/100\n|move|p1a: Ursaluna|Facade|p2a: Dragonite\n|-damage|p2a: Dragonite|0 fnt\n|faint|p2a: Dragonite\n|move|p2b: Whimsicott|Trick Room|p2b: Whimsicott\n|-fieldend|move: Trick Room\n|\n|-weather|SunnyDay|[upkeep]\n|-damage|p1a: Ursaluna|95\/100 brn|[from] brn\n|upkeep\n|\n|t:|1732924023\n|switch|p2a: Archaludon|Archaludon, L50, F|100\/100\n|turn|4\n|\n|t:|1732924031\n|move|p2b: Whimsicott|Protect|p2b: Whimsicott\n|-singleturn|p2b: Whimsicott|Protect\n|move|p2a: Archaludon|Meteor Beam||[still]\n|-prepare|p2a: Archaludon|Meteor Beam\n|-boost|p2a: Archaludon|spa|1\n|-enditem|p2a: Archaludon|Power Herb\n|-anim|p2a: Archaludon|Meteor Beam|p1b: Torkoal\n|-supereffective|p1b: Torkoal\n|-damage|p1b: Torkoal|0 fnt\n|faint|p1b: Torkoal\n|move|p1a: Ursaluna|Headlong Rush|p2a: Archaludon\n|-supereffective|p2a: Archaludon\n|-ability|p2a: Archaludon|Sturdy\n|-damage|p2a: Archaludon|1\/100\n|-unboost|p1a: Ursaluna|def|1\n|-unboost|p1a: Ursaluna|spd|1\n|\n|-weather|SunnyDay|[upkeep]\n|-damage|p1a: Ursaluna|89\/100 brn|[from] brn\n|upkeep\n|\n|t:|1732924046\n|switch|p1b: Indeedee|Indeedee-F, L50, F|6\/100\n|turn|5\n|\n|t:|1732924054\n|move|p1b: Indeedee|Follow Me|p1b: Indeedee\n|-singleturn|p1b: Indeedee|move: Follow Me\n|move|p2b: Whimsicott|Moonblast|p1b: Indeedee\n|-damage|p1b: Indeedee|0 fnt\n|faint|p1b: Indeedee\n|move|p2a: Archaludon|Draco Meteor|p1a: Ursaluna\n|-damage|p1a: Ursaluna|0 fnt\n|-unboost|p2a: Archaludon|spa|2\n|faint|p1a: Ursaluna\n|\n|win|kojimuranishi\n|raw|BassoTara2's rating: 1743 &rarr; <strong>1735<\/strong><br \/>(-8 for losing)\n|raw|kojimuranishi's rating: 1978 &rarr; <strong>1986<\/strong><br \/>(+8 for winning)\n|c|\u2606BassoTara2|gg\n|l|\u2606BassoTara2\n|player|p1|\n|c|\u2606kojimuranishi|gg\n|l|\u2606kojimuranishi\n|player|p2|\n","uploadtime":1732924238,"views":65,"formatid":"gen9vgc2024regh","rating":1735,"private":0,"password":null}