{"id":"gen9vgc2024regh-2253055611","format":"[Gen 9] VGC 2024 Reg H","players":["bigbadbirdvgc","WattoVGC"],"log":"|j|\u2606bigbadbirdvgc\n|j|\u2606WattoVGC\n|t:|1732834643\n|gametype|doubles\n|player|p1|bigbadbirdvgc|1|1745\n|player|p2|WattoVGC|palmer|1783\n|teamsize|p1|6\n|teamsize|p2|6\n|gen|9\n|tier|[Gen 9] VGC 2024 Reg H\n|rated|\n|rule|Species Clause: Limit one of each Pok\u00e9mon\n|rule|Item Clause: Limit 1 of each item\n|clearpoke\n|poke|p1|Gothitelle, L50, F|\n|poke|p1|Politoed, L50, F|\n|poke|p1|Archaludon, L50, F|\n|poke|p1|Incineroar, L50, M|\n|poke|p1|Amoonguss, L50, M|\n|poke|p1|Basculegion, L50, M|\n|poke|p2|Pelipper, L50, M|\n|poke|p2|Archaludon, L50, M|\n|poke|p2|Amoonguss, L50, F|\n|poke|p2|Basculegion, L50, M|\n|poke|p2|Gholdengo, L50|\n|poke|p2|Incineroar, L50, M|\n|teampreview|4\n|inactive|Battle timer is ON: inactive players will automatically lose when time's up. (requested by WattoVGC)\n|j| Reyggor\n|inactive|bigbadbirdvgc has 60 seconds left.\n|inactive|WattoVGC has 60 seconds left.\n|\n|t:|1732834682\n|start\n|switch|p1a: Archaludon|Archaludon, L50, F|100\/100\n|switch|p1b: Basculegion|Basculegion, L50, M|100\/100\n|switch|p2a: Basculegion|Basculegion, L50, M|100\/100\n|switch|p2b: Gholdengo|Gholdengo, L50|100\/100\n|turn|1\n|inactive|bigbadbirdvgc has 30 seconds left.\n|inactive|WattoVGC has 30 seconds left.\n|inactive|bigbadbirdvgc has 20 seconds left.\n|inactive|bigbadbirdvgc has 15 seconds left.\n|inactive|bigbadbirdvgc has 10 seconds left.\n|inactive|WattoVGC has 20 seconds left.\n|inactive|WattoVGC has 15 seconds left.\n|\n|t:|1732834733\n|switch|p2b: Archaludon|Archaludon, L50, M|100\/100\n|move|p1b: Basculegion|Protect|p1b: Basculegion\n|-singleturn|p1b: Basculegion|Protect\n|move|p2a: Basculegion|Flip Turn|p1b: Basculegion\n|-activate|p1b: Basculegion|move: Protect\n|move|p1a: Archaludon|Electro Shot||[still]\n|-prepare|p1a: Archaludon|Electro Shot\n|-boost|p1a: Archaludon|spa|1\n|-enditem|p1a: Archaludon|Power Herb\n|-anim|p1a: Archaludon|Electro Shot|p2b: Archaludon\n|-resisted|p2b: Archaludon\n|-damage|p2b: Archaludon|77\/100\n|-ability|p2b: Archaludon|Stamina|boost\n|-boost|p2b: Archaludon|def|1\n|\n|upkeep\n|turn|2\n|inactive|bigbadbirdvgc has 30 seconds left.\n|inactive|bigbadbirdvgc has 20 seconds left.\n|inactive|bigbadbirdvgc has 15 seconds left.\n|\n|t:|1732834777\n|switch|p1b: Amoonguss|Amoonguss, L50, M|100\/100\n|move|p2a: Basculegion|Flip Turn|p1a: Archaludon\n|-resisted|p1a: Archaludon\n|-damage|p1a: Archaludon|86\/100\n|\n|t:|1732834788\n|switch|p2a: Gholdengo|Gholdengo, L50|100\/100|[from] Flip Turn\n|move|p1a: Archaludon|Dark Pulse|p2a: Gholdengo\n|-supereffective|p2a: Gholdengo\n|-damage|p2a: Gholdengo|26\/100\n|move|p2b: Archaludon|Body Press|p1a: Archaludon\n|-supereffective|p1a: Archaludon\n|-damage|p1a: Archaludon|25\/100\n|\n|upkeep\n|turn|3\n|inactive|bigbadbirdvgc has 30 seconds left.\n|inactive|WattoVGC has 30 seconds left.\n|inactive|bigbadbirdvgc has 20 seconds left.\n|\n|t:|1732834826\n|switch|p2a: Incineroar|Incineroar, L50, M|100\/100\n|-ability|p2a: Incineroar|Intimidate|boost\n|-unboost|p1a: Archaludon|atk|1\n|-unboost|p1b: Amoonguss|atk|1\n|-terastallize|p2b: Archaludon|Grass\n|move|p1b: Amoonguss|Rage Powder|p1b: Amoonguss\n|-singleturn|p1b: Amoonguss|move: Rage Powder\n|move|p1a: Archaludon|Draco Meteor|p2b: Archaludon\n|-damage|p2b: Archaludon|0 fnt\n|-unboost|p1a: Archaludon|spa|2\n|faint|p2b: Archaludon\n|\n|upkeep\n|\n|t:|1732834837\n|switch|p2b: Gholdengo|Gholdengo, L50|26\/100\n|turn|4\n|\n|t:|1732834846\n|move|p1a: Archaludon|Protect|p1a: Archaludon\n|-singleturn|p1a: Archaludon|Protect\n|move|p1b: Amoonguss|Protect|p1b: Amoonguss\n|-singleturn|p1b: Amoonguss|Protect\n|move|p2a: Incineroar|Fake Out|p1a: Archaludon\n|-activate|p1a: Archaludon|move: Protect\n|move|p2b: Gholdengo|Nasty Plot|p2b: Gholdengo\n|-boost|p2b: Gholdengo|spa|2\n|\n|upkeep\n|turn|5\n|inactive|bigbadbirdvgc has 30 seconds left.\n|inactive|bigbadbirdvgc has 20 seconds left.\n|\n|t:|1732834886\n|switch|p1b: Politoed|Politoed, L50, F|100\/100\n|-weather|RainDance|[from] ability: Drizzle|[of] p1b: Politoed\n|move|p2b: Gholdengo|Protect|p2b: Gholdengo\n|-singleturn|p2b: Gholdengo|Protect\n|move|p1a: Archaludon|Electro Shot||[still]\n|-prepare|p1a: Archaludon|Electro Shot\n|-boost|p1a: Archaludon|spa|1\n|-anim|p1a: Archaludon|Electro Shot|p2a: Incineroar\n|-damage|p2a: Incineroar|69\/100\n|move|p2a: Incineroar|Parting Shot|p1a: Archaludon\n|-unboost|p1a: Archaludon|atk|1\n|-unboost|p1a: Archaludon|spa|1\n|\n|t:|1732834891\n|switch|p2a: Basculegion|Basculegion, L50, M|100\/100|[from] Parting Shot\n|\n|-weather|RainDance|[upkeep]\n|upkeep\n|turn|6\n|l| Reyggor\n|\n|t:|1732834916\n|move|p1b: Politoed|Protect|p1b: Politoed\n|-singleturn|p1b: Politoed|Protect\n|move|p2a: Basculegion|Last Respects|p1b: Politoed\n|-activate|p1b: Politoed|move: Protect\n|move|p2b: Gholdengo|Shadow Ball|p1b: Politoed\n|-activate|p1b: Politoed|move: Protect\n|move|p1a: Archaludon|Electro Shot||[still]\n|-prepare|p1a: Archaludon|Electro Shot\n|-boost|p1a: Archaludon|spa|1\n|-anim|p1a: Archaludon|Electro Shot|p2b: Gholdengo\n|-damage|p2b: Gholdengo|0 fnt\n|faint|p2b: Gholdengo\n|\n|-weather|RainDance|[upkeep]\n|upkeep\n|\n|t:|1732834922\n|switch|p2b: Incineroar|Incineroar, L50, M|69\/100\n|-ability|p2b: Incineroar|Intimidate|boost\n|-unboost|p1a: Archaludon|atk|1\n|-unboost|p1b: Politoed|atk|1\n|turn|7\n|c|\u2606WattoVGC|Gg\n|\n|t:|1732834937\n|move|p2b: Incineroar|Fake Out|p1b: Politoed\n|-damage|p1b: Politoed|91\/100\n|move|p2a: Basculegion|Last Respects|p1a: Archaludon\n|-damage|p1a: Archaludon|0 fnt\n|faint|p1a: Archaludon\n|cant|p1b: Politoed|flinch\n|\n|-weather|RainDance|[upkeep]\n|upkeep\n|c|\u2606WattoVGC|Good reads\n|\n|t:|1732834945\n|switch|p1a: Basculegion|Basculegion, L50, M|100\/100\n|turn|8\n|\n|t:|1732834966\n|move|p1a: Basculegion|Liquidation|p2b: Incineroar\n|-supereffective|p2b: Incineroar\n|-damage|p2b: Incineroar|0 fnt\n|faint|p2b: Incineroar\n|move|p2a: Basculegion|Last Respects|p1a: Basculegion\n|-supereffective|p1a: Basculegion\n|-enditem|p1a: Basculegion|Focus Sash\n|-damage|p1a: Basculegion|1\/100\n|move|p1b: Politoed|Weather Ball|p2a: Basculegion\n|-resisted|p2a: Basculegion\n|-damage|p2a: Basculegion|73\/100\n|\n|-weather|RainDance|[upkeep]\n|upkeep\n|turn|9\n|\n|t:|1732834988\n|move|p1a: Basculegion|Aqua Jet|p2a: Basculegion\n|-resisted|p2a: Basculegion\n|-damage|p2a: Basculegion|53\/100\n|move|p2a: Basculegion|Last Respects|p1b: Politoed\n|-damage|p1b: Politoed|0 fnt\n|faint|p1b: Politoed\n|\n|-weather|none\n|upkeep\n|\n|t:|1732834997\n|switch|p1b: Amoonguss|Amoonguss, L50, M|100\/100\n|turn|10\n|\n|t:|1732835003\n|move|p1b: Amoonguss|Rage Powder|p1b: Amoonguss\n|-singleturn|p1b: Amoonguss|move: Rage Powder\n|move|p2a: Basculegion|Last Respects|p1b: Amoonguss\n|-damage|p1b: Amoonguss|6\/100\n|move|p1a: Basculegion|Last Respects|p2a: Basculegion\n|-supereffective|p2a: Basculegion\n|-damage|p2a: Basculegion|0 fnt\n|faint|p2a: Basculegion\n|\n|win|bigbadbirdvgc\n|raw|bigbadbirdvgc's rating: 1745 &rarr; <strong>1767<\/strong><br \/>(+22 for winning)\n|raw|WattoVGC's rating: 1783 &rarr; <strong>1761<\/strong><br \/>(-22 for losing)\n|l|\u2606WattoVGC\n|player|p2|\n|l|\u2606bigbadbirdvgc\n|player|p1|\n","uploadtime":1732835210,"views":28,"formatid":"gen9vgc2024regh","rating":1761,"private":0,"password":null}