{"id":"gen9vgc2024regh-2253451049","format":"[Gen 9] VGC 2024 Reg H","players":["Djjwjwwjj","bluestraggler01"],"log":"|j|\u2606Djjwjwwjj\n|j|\u2606bluestraggler01\n|t:|1732895257\n|gametype|doubles\n|player|p1|Djjwjwwjj|101|1729\n|player|p2|bluestraggler01|102|1697\n|teamsize|p1|6\n|teamsize|p2|6\n|gen|9\n|tier|[Gen 9] VGC 2024 Reg H\n|rated|\n|rule|Species Clause: Limit one of each Pok\u00e9mon\n|rule|Item Clause: Limit 1 of each item\n|clearpoke\n|poke|p1|Palafin, L50, M|\n|poke|p1|Pelipper, L50, F|\n|poke|p1|Electabuzz, L50, F|\n|poke|p1|Rillaboom, L50, M|\n|poke|p1|Incineroar, L50, M|\n|poke|p1|Gholdengo, L50|\n|poke|p2|Talonflame, L50, F|\n|poke|p2|Krookodile, L50, F|\n|poke|p2|Archaludon, L50, M|\n|poke|p2|Pelipper, L50, F|\n|poke|p2|Annihilape, L50, F|\n|poke|p2|Brambleghast, L50, F|\n|teampreview|4\n|inactive|Battle timer is ON: inactive players will automatically lose when time's up. (requested by Djjwjwwjj)\n|inactive|Djjwjwwjj has 60 seconds left.\n|inactive|bluestraggler01 has 60 seconds left.\n|\n|t:|1732895308\n|start\n|switch|p1a: Electabuzz|Electabuzz, L50, F|100\/100\n|switch|p1b: Gholdengo|Gholdengo, L50|100\/100\n|switch|p2a: \u592d\u733f\u4e01\u771f|Annihilape, L50, F|100\/100\n|switch|p2b: \u773c\u5f71\u4e01\u771f|Krookodile, L50, F|100\/100\n|-ability|p2b: \u773c\u5f71\u4e01\u771f|Intimidate|boost\n|-unboost|p1a: Electabuzz|atk|1\n|-unboost|p1b: Gholdengo|atk|1\n|turn|1\n|inactive|Djjwjwwjj has 30 seconds left.\n|\n|t:|1732895333\n|switch|p1a: Rillaboom|Rillaboom, L50, M|100\/100\n|-fieldstart|move: Grassy Terrain|[from] ability: Grassy Surge|[of] p1a: Rillaboom\n|switch|p2a: \u7ffc\u9e70\u4e01\u771f|Talonflame, L50, F|100\/100\n|-terastallize|p2b: \u773c\u5f71\u4e01\u771f|Ground\n|-terastallize|p1b: Gholdengo|Dragon\n|move|p2b: \u773c\u5f71\u4e01\u771f|Earthquake|p1b: Gholdengo|[spread] p1a,p1b\n|-immune|p2a: \u7ffc\u9e70\u4e01\u771f\n|-resisted|p1a: Rillaboom\n|-damage|p1a: Rillaboom|75\/100\n|-damage|p1b: Gholdengo|57\/100\n|move|p1b: Gholdengo|Nasty Plot|p1b: Gholdengo\n|-boost|p1b: Gholdengo|spa|2\n|\n|-heal|p1b: Gholdengo|63\/100|[from] Grassy Terrain\n|-heal|p1b: Gholdengo|69\/100|[from] item: Leftovers\n|-heal|p1a: Rillaboom|81\/100|[from] Grassy Terrain\n|upkeep\n|turn|2\n|inactive|Djjwjwwjj has 30 seconds left.\n|\n|t:|1732895365\n|switch|p2b: \u592d\u733f\u4e01\u771f|Annihilape, L50, F|100\/100\n|switch|p1a: Incineroar|Incineroar, L50, M|100\/100\n|-ability|p1a: Incineroar|Intimidate|boost\n|-unboost|p2a: \u7ffc\u9e70\u4e01\u771f|atk|1\n|-unboost|p2b: \u592d\u733f\u4e01\u771f|atk|1\n|-ability|p2b: \u592d\u733f\u4e01\u771f|Defiant|boost\n|-boost|p2b: \u592d\u733f\u4e01\u771f|atk|2\n|move|p2a: \u7ffc\u9e70\u4e01\u771f|Tailwind|p2a: \u7ffc\u9e70\u4e01\u771f\n|-sidestart|p2: bluestraggler01|move: Tailwind\n|move|p1b: Gholdengo|Nasty Plot|p1b: Gholdengo\n|-boost|p1b: Gholdengo|spa|2\n|\n|-heal|p1b: Gholdengo|75\/100|[from] Grassy Terrain\n|-heal|p1b: Gholdengo|82\/100|[from] item: Leftovers\n|upkeep\n|turn|3\n|inactive|Djjwjwwjj has 30 seconds left.\n|\n|t:|1732895393\n|switch|p1a: Electabuzz|Electabuzz, L50, F|100\/100\n|move|p1b: Gholdengo|Protect|p1b: Gholdengo\n|-singleturn|p1b: Gholdengo|Protect\n|move|p2a: \u7ffc\u9e70\u4e01\u771f|Hurricane|p1b: Gholdengo\n|-activate|p1b: Gholdengo|move: Protect\n|move|p2b: \u592d\u733f\u4e01\u771f|Close Combat|p1a: Electabuzz\n|-damage|p1a: Electabuzz|25\/100\n|-unboost|p2b: \u592d\u733f\u4e01\u771f|def|1\n|-unboost|p2b: \u592d\u733f\u4e01\u771f|spd|1\n|\n|-heal|p1a: Electabuzz|31\/100|[from] Grassy Terrain\n|-heal|p1b: Gholdengo|88\/100|[from] Grassy Terrain\n|-heal|p1b: Gholdengo|94\/100|[from] item: Leftovers\n|upkeep\n|turn|4\n|\n|t:|1732895418\n|switch|p2b: \u786c\u6cbf\u4e01\u771f|Archaludon, L50, M|100\/100\n|move|p1a: Electabuzz|Follow Me|p1a: Electabuzz\n|-singleturn|p1a: Electabuzz|move: Follow Me\n|move|p2a: \u7ffc\u9e70\u4e01\u771f|Heat Wave|p1a: Electabuzz|[spread] p1a,p1b\n|-resisted|p1b: Gholdengo\n|-damage|p1a: Electabuzz|10\/100\n|-damage|p1b: Gholdengo|81\/100\n|-status|p1a: Electabuzz|brn\n|move|p1b: Gholdengo|Make It Rain|p2b: \u786c\u6cbf\u4e01\u771f|[spread] p2a,p2b\n|-resisted|p2a: \u7ffc\u9e70\u4e01\u771f\n|-resisted|p2b: \u786c\u6cbf\u4e01\u771f\n|-enditem|p2a: \u7ffc\u9e70\u4e01\u771f|Focus Sash\n|-damage|p2a: \u7ffc\u9e70\u4e01\u771f|1\/100\n|-damage|p2b: \u786c\u6cbf\u4e01\u771f|53\/100\n|-unboost|p1b: Gholdengo|spa|1\n|-ability|p2b: \u786c\u6cbf\u4e01\u771f|Stamina|boost\n|-boost|p2b: \u786c\u6cbf\u4e01\u771f|def|1\n|\n|-heal|p2b: \u786c\u6cbf\u4e01\u771f|59\/100|[from] Grassy Terrain\n|-heal|p1a: Electabuzz|16\/100 brn|[from] Grassy Terrain\n|-heal|p1b: Gholdengo|87\/100|[from] Grassy Terrain\n|-heal|p1b: Gholdengo|94\/100|[from] item: Leftovers\n|-damage|p1a: Electabuzz|10\/100 brn|[from] brn\n|upkeep\n|turn|5\n|inactive|Djjwjwwjj has 30 seconds left.\n|\n|t:|1732895449\n|switch|p1a: Incineroar|Incineroar, L50, M|100\/100\n|-ability|p1a: Incineroar|Intimidate|boost\n|-unboost|p2a: \u7ffc\u9e70\u4e01\u771f|atk|1\n|-unboost|p2b: \u786c\u6cbf\u4e01\u771f|atk|1\n|move|p1b: Gholdengo|Protect|p1b: Gholdengo\n|-singleturn|p1b: Gholdengo|Protect\n|move|p2a: \u7ffc\u9e70\u4e01\u771f|Heat Wave|p1a: Incineroar|[spread] p1a\n|-activate|p1b: Gholdengo|move: Protect\n|-resisted|p1a: Incineroar\n|-damage|p1a: Incineroar|89\/100\n|move|p2b: \u786c\u6cbf\u4e01\u771f|Body Press|p1a: Incineroar\n|-supereffective|p1a: Incineroar\n|-enditem|p1a: Incineroar|Chople Berry|[eat]\n|-enditem|p1a: Incineroar|Chople Berry|[weaken]\n|-damage|p1a: Incineroar|52\/100\n|\n|-heal|p2b: \u786c\u6cbf\u4e01\u771f|65\/100|[from] Grassy Terrain\n|-heal|p1b: Gholdengo|99\/100|[from] Grassy Terrain\n|-heal|p1b: Gholdengo|100\/100|[from] item: Leftovers\n|-heal|p1a: Incineroar|58\/100|[from] Grassy Terrain\n|-sideend|p2: bluestraggler01|move: Tailwind\n|-fieldend|move: Grassy Terrain\n|upkeep\n|turn|6\n|inactive|bluestraggler01 has 30 seconds left.\n|\n|t:|1732895480\n|move|p1a: Incineroar|Fake Out|p2b: \u786c\u6cbf\u4e01\u771f\n|-resisted|p2b: \u786c\u6cbf\u4e01\u771f\n|-damage|p2b: \u786c\u6cbf\u4e01\u771f|62\/100\n|-ability|p2b: \u786c\u6cbf\u4e01\u771f|Stamina|boost\n|-boost|p2b: \u786c\u6cbf\u4e01\u771f|def|1\n|move|p2a: \u7ffc\u9e70\u4e01\u771f|Tailwind|p2a: \u7ffc\u9e70\u4e01\u771f\n|-sidestart|p2: bluestraggler01|move: Tailwind\n|cant|p2b: \u786c\u6cbf\u4e01\u771f|flinch\n|move|p1b: Gholdengo|Shadow Ball|p2b: \u786c\u6cbf\u4e01\u771f\n|-damage|p2b: \u786c\u6cbf\u4e01\u771f|0 fnt\n|faint|p2b: \u786c\u6cbf\u4e01\u771f\n|\n|upkeep\n|\n|t:|1732895492\n|switch|p2b: \u773c\u5f71\u4e01\u771f|Krookodile, L50, F, tera:Ground|100\/100\n|-ability|p2b: \u773c\u5f71\u4e01\u771f|Intimidate|boost\n|-unboost|p1a: Incineroar|atk|1\n|-unboost|p1b: Gholdengo|atk|1\n|turn|7\n|\n|t:|1732895500\n|switch|p2a: \u592d\u733f\u4e01\u771f|Annihilape, L50, F|100\/100\n|switch|p1a: Electabuzz|Electabuzz, L50, F|10\/100 brn\n|move|p1b: Gholdengo|Protect|p1b: Gholdengo\n|-singleturn|p1b: Gholdengo|Protect\n|move|p2b: \u773c\u5f71\u4e01\u771f|Gunk Shot|p1a: Electabuzz\n|-damage|p1a: Electabuzz|0 fnt\n|faint|p1a: Electabuzz\n|\n|upkeep\n|\n|t:|1732895515\n|switch|p1a: Rillaboom|Rillaboom, L50, M|81\/100\n|-fieldstart|move: Grassy Terrain|[from] ability: Grassy Surge|[of] p1a: Rillaboom\n|turn|8\n|\n|t:|1732895523\n|move|p1a: Rillaboom|Fake Out|p2b: \u773c\u5f71\u4e01\u771f\n|-damage|p2b: \u773c\u5f71\u4e01\u771f|82\/100\n|move|p2a: \u592d\u733f\u4e01\u771f|Final Gambit|p1b: Gholdengo\n|-damage|p1b: Gholdengo|0 fnt\n|faint|p2a: \u592d\u733f\u4e01\u771f\n|faint|p1b: Gholdengo\n|cant|p2b: \u773c\u5f71\u4e01\u771f|flinch\n|\n|-heal|p2b: \u773c\u5f71\u4e01\u771f|88\/100|[from] Grassy Terrain\n|-heal|p1a: Rillaboom|87\/100|[from] Grassy Terrain\n|upkeep\n|\n|t:|1732895535\n|switch|p2a: \u7ffc\u9e70\u4e01\u771f|Talonflame, L50, F|1\/100\n|switch|p1b: Incineroar|Incineroar, L50, M|58\/100\n|-ability|p1b: Incineroar|Intimidate|boost\n|-unboost|p2a: \u7ffc\u9e70\u4e01\u771f|atk|1\n|-unboost|p2b: \u773c\u5f71\u4e01\u771f|atk|1\n|turn|9\n|\n|t:|1732895543\n|move|p2a: \u7ffc\u9e70\u4e01\u771f|Quick Guard|p2a: \u7ffc\u9e70\u4e01\u771f\n|-singleturn|p2a: \u7ffc\u9e70\u4e01\u771f|Quick Guard\n|move|p1b: Incineroar|Fake Out|p2a: \u7ffc\u9e70\u4e01\u771f\n|-activate|p2a: \u7ffc\u9e70\u4e01\u771f|move: Quick Guard\n|move|p1a: Rillaboom|Grassy Glide|p2b: \u773c\u5f71\u4e01\u771f\n|-activate|p2b: \u773c\u5f71\u4e01\u771f|move: Quick Guard\n|move|p2b: \u773c\u5f71\u4e01\u771f|Gunk Shot|p1a: Rillaboom\n|-supereffective|p1a: Rillaboom\n|-damage|p1a: Rillaboom|11\/100\n|\n|-heal|p2b: \u773c\u5f71\u4e01\u771f|94\/100|[from] Grassy Terrain\n|-heal|p1a: Rillaboom|17\/100|[from] Grassy Terrain\n|-heal|p1b: Incineroar|64\/100|[from] Grassy Terrain\n|-sideend|p2: bluestraggler01|move: Tailwind\n|upkeep\n|turn|10\n|j| judang\n|\n|t:|1732895567\n|move|p2a: \u7ffc\u9e70\u4e01\u771f|Quick Guard|p2a: \u7ffc\u9e70\u4e01\u771f\n|-singleturn|p2a: \u7ffc\u9e70\u4e01\u771f|Quick Guard\n|move|p1a: Rillaboom|Grassy Glide|p2b: \u773c\u5f71\u4e01\u771f\n|-activate|p2b: \u773c\u5f71\u4e01\u771f|move: Quick Guard\n|move|p2b: \u773c\u5f71\u4e01\u771f|Gunk Shot|p1a: Rillaboom|[miss]\n|-miss|p2b: \u773c\u5f71\u4e01\u771f|p1a: Rillaboom\n|move|p1b: Incineroar|Knock Off|p2a: \u7ffc\u9e70\u4e01\u771f\n|-damage|p2a: \u7ffc\u9e70\u4e01\u771f|0 fnt\n|faint|p2a: \u7ffc\u9e70\u4e01\u771f\n|\n|-heal|p2b: \u773c\u5f71\u4e01\u771f|99\/100|[from] Grassy Terrain\n|-heal|p1a: Rillaboom|23\/100|[from] Grassy Terrain\n|-heal|p1b: Incineroar|70\/100|[from] Grassy Terrain\n|upkeep\n|turn|11\n|-message|bluestraggler01 forfeited.\n|\n|win|Djjwjwwjj\n|raw|Djjwjwwjj's rating: 1729 &rarr; <strong>1747<\/strong><br \/>(+18 for winning)\n|raw|bluestraggler01's rating: 1697 &rarr; <strong>1679<\/strong><br \/>(-18 for losing)\n|l|\u2606bluestraggler01\n|player|p2|\n","uploadtime":1732895782,"views":6,"formatid":"gen9vgc2024regh","rating":1679,"private":0,"password":null}