{"id":"gen9vgc2024regh-2253499426","format":"[Gen 9] VGC 2024 Reg H","players":["QuinlanBuilds","TheDecommissioner"],"log":"|j|\u2606QuinlanBuilds\n|j|\u2606TheDecommissioner\n|t:|1732901027\n|gametype|doubles\n|player|p1|QuinlanBuilds|266|1685\n|player|p2|TheDecommissioner|preschooler|1696\n|teamsize|p1|6\n|teamsize|p2|6\n|gen|9\n|tier|[Gen 9] VGC 2024 Reg H\n|rated|\n|rule|Species Clause: Limit one of each Pok\u00e9mon\n|rule|Item Clause: Limit 1 of each item\n|clearpoke\n|poke|p1|Volbeat, L50, M|\n|poke|p1|Primarina, L50, F|\n|poke|p1|Espathra, L50, F|\n|poke|p1|Typhlosion-Hisui, L50, F|\n|poke|p1|Indeedee-F, L50, F|\n|poke|p1|Archaludon, L50, M|\n|poke|p2|Indeedee-F, L50, F|\n|poke|p2|Kleavor, L50, M|\n|poke|p2|Torkoal, L50, F|\n|poke|p2|Archaludon, L50, M|\n|poke|p2|Lilligant-Hisui, L50, F|\n|poke|p2|Ursaluna, L50, M|\n|teampreview|4\n|inactive|Battle timer is ON: inactive players will automatically lose when time's up. (requested by TheDecommissioner)\n|j| MCSDoce\nQuinlanBuilds has agreed to open team sheets.\n|inactive|TheDecommissioner has 60 seconds left.\n|\n|t:|1732901075\n|start\n|switch|p1a: Archaludon|Archaludon, L50, M|100\/100\n|switch|p1b: Volbeat|Volbeat, L50, M|100\/100\n|switch|p2a: Talking|Lilligant-Hisui, L50, F|100\/100\n|switch|p2b: Again|Ursaluna, L50, M|100\/100\n|turn|1\n|\n|t:|1732901089\n|-terastallize|p1a: Archaludon|Grass\n|move|p2b: Again|Protect|p2b: Again\n|-singleturn|p2b: Again|Protect\n|move|p1b: Volbeat|Rain Dance|p1b: Volbeat\n|-weather|RainDance\n|move|p2a: Talking|Sleep Powder|p1b: Volbeat\n|-status|p1b: Volbeat|slp|[from] move: Sleep Powder\n|move|p1a: Archaludon|Electro Shot||[still]\n|-prepare|p1a: Archaludon|Electro Shot\n|-boost|p1a: Archaludon|spa|1\n|-anim|p1a: Archaludon|Electro Shot|p2a: Talking\n|-resisted|p2a: Talking\n|-damage|p2a: Talking|50\/100\n|\n|-weather|RainDance|[upkeep]\n|-status|p2b: Again|brn|[from] item: Flame Orb\n|upkeep\n|turn|2\n|\n|t:|1732901110\n|move|p1a: Archaludon|Protect|p1a: Archaludon\n|-singleturn|p1a: Archaludon|Protect\n|cant|p1b: Volbeat|slp\n|move|p2a: Talking|Axe Kick|p1b: Volbeat\n|-resisted|p1b: Volbeat\n|-damage|p1b: Volbeat|66\/100 slp\n|move|p2b: Again|Facade|p1a: Archaludon\n|-activate|p1a: Archaludon|move: Protect\n|\n|-weather|RainDance|[upkeep]\n|-damage|p2b: Again|95\/100 brn|[from] brn\n|upkeep\n|turn|3\n|\n|t:|1732901132\n|-curestatus|p1b: Volbeat|slp|[msg]\n|move|p1b: Volbeat|Tailwind|p1b: Volbeat\n|-sidestart|p1: QuinlanBuilds|move: Tailwind\n|move|p1a: Archaludon|Aura Sphere|p2b: Again\n|-supereffective|p2b: Again\n|-damage|p2b: Again|23\/100 brn\n|move|p2a: Talking|After You|p2b: Again\n|-activate|p2b: Again|move: After You\n|move|p2b: Again|Facade|p1a: Archaludon\n|-damage|p1a: Archaludon|0 fnt\n|faint|p1a: Archaludon\n|\n|-weather|RainDance|[upkeep]\n|-damage|p2b: Again|17\/100 brn|[from] brn\n|upkeep\n|\n|t:|1732901148\n|switch|p1a: Primarina|Primarina, L50, F|100\/100\n|turn|4\n|\n|t:|1732901169\n|switch|p2b: Turtle|Torkoal, L50, F|100\/100\n|-weather|SunnyDay|[from] ability: Drought|[of] p2b: Turtle\n|move|p1b: Volbeat|Rain Dance|p1b: Volbeat\n|-weather|RainDance\n|move|p1a: Primarina|Dazzling Gleam|p2b: Turtle|[spread] p2a,p2b\n|-supereffective|p2a: Talking\n|-resisted|p2b: Turtle\n|-damage|p2a: Talking|0 fnt\n|-damage|p2b: Turtle|69\/100\n|faint|p2a: Talking\n|\n|-weather|RainDance|[upkeep]\n|upkeep\n|\n|t:|1732901178\n|switch|p2a: Help|Indeedee-F, L50, F|100\/100\n|-fieldstart|move: Psychic Terrain|[from] ability: Psychic Surge|[of] p2a: Help\n|-enditem|p2a: Help|Psychic Seed\n|-boost|p2a: Help|spd|1|[from] item: Psychic Seed\n|turn|5\n|\n|t:|1732901192\n|switch|p1b: Espathra|Espathra, L50, F|100\/100\n|move|p2b: Turtle|Protect|p2b: Turtle\n|-singleturn|p2b: Turtle|Protect\n|move|p1a: Primarina|Dazzling Gleam|p2a: Help|[spread] p2a\n|-activate|p2b: Turtle|move: Protect\n|-damage|p2a: Help|72\/100\n|move|p2a: Help|Trick Room|p2a: Help\n|-fieldstart|move: Trick Room|[of] p2a: Help\n|\n|-weather|RainDance|[upkeep]\n|upkeep\n|turn|6\n|\n|t:|1732901203\n|move|p2b: Turtle|Heat Wave|p1a: Primarina|[spread] p1a,p1b\n|-resisted|p1a: Primarina\n|-damage|p1a: Primarina|92\/100\n|-damage|p1b: Espathra|72\/100\n|move|p2a: Help|Psychic|p1a: Primarina\n|-crit|p1a: Primarina\n|-damage|p1a: Primarina|28\/100\n|move|p1a: Primarina|Dazzling Gleam|p2b: Turtle|[spread] p2a,p2b\n|-resisted|p2b: Turtle\n|-damage|p2a: Help|43\/100\n|-damage|p2b: Turtle|39\/100\n|move|p1b: Espathra|Lumina Crash|p2b: Turtle\n|-damage|p2b: Turtle|0 fnt\n|faint|p2b: Turtle\n|\n|-weather|RainDance|[upkeep]\n|-sideend|p1: QuinlanBuilds|move: Tailwind\n|-ability|p1b: Espathra|Speed Boost|boost\n|-boost|p1b: Espathra|spe|1\n|upkeep\n|\n|t:|1732901206\n|switch|p2b: Again|Ursaluna, L50, M|17\/100 brn\n|turn|7\n|inactive|QuinlanBuilds has 30 seconds left.\n|inactive|TheDecommissioner has 30 seconds left.\n|j| RNGeez RandBats\n|l| RNGeez RandBats\n|inactive|TheDecommissioner has 20 seconds left.\n|\n|t:|1732901247\n|-terastallize|p2a: Help|Grass\n|move|p2b: Again|Earthquake|p1b: Espathra|[spread] p2a,p1a,p1b\n|-resisted|p2a: Help\n|-damage|p2a: Help|10\/100\n|-damage|p1a: Primarina|0 fnt\n|-damage|p1b: Espathra|0 fnt\n|faint|p1a: Primarina\n|faint|p1b: Espathra\n|move|p2a: Help|Psychic|p1: Primarina|[notarget]\n|-fail|p2a: Help\n|\n|-weather|RainDance|[upkeep]\n|-damage|p2b: Again|11\/100 brn|[from] brn\n|upkeep\n|\n|t:|1732901261\n|switch|p1b: Volbeat|Volbeat, L50, M|66\/100\n|turn|8\n|-message|QuinlanBuilds forfeited.\n|\n|win|TheDecommissioner\n|raw|QuinlanBuilds's rating: 1685 &rarr; <strong>1666<\/strong><br \/>(-19 for losing)\n|raw|TheDecommissioner's rating: 1696 &rarr; <strong>1715<\/strong><br \/>(+19 for winning)\n|l|\u2606QuinlanBuilds\n|player|p1|\n|l|\u2606TheDecommissioner\n|player|p2|\n|l| MCSDoce\n","uploadtime":1732901445,"views":9,"formatid":"gen9vgc2024regh","rating":1666,"private":0,"password":null}