{"id":"gen9vgc2024regh-2253455404","format":"[Gen 9] VGC 2024 Reg H","players":["Toger220","Djjwjwwjj"],"log":"|j|\u2606Toger220\n|j|\u2606Djjwjwwjj\n|t:|1732895788\n|gametype|doubles\n|player|p1|Toger220|170|1693\n|player|p2|Djjwjwwjj|101|1723\n|teamsize|p1|6\n|teamsize|p2|6\n|gen|9\n|tier|[Gen 9] VGC 2024 Reg H\n|rated|\n|rule|Species Clause: Limit one of each Pok\u00e9mon\n|rule|Item Clause: Limit 1 of each item\n|clearpoke\n|poke|p1|Primarina, L50, F|\n|poke|p1|Delphox, L50, M|\n|poke|p1|Indeedee-F, L50, F|\n|poke|p1|Murkrow, L50, M|\n|poke|p1|Archaludon, L50, M|\n|poke|p1|Sneasler, L50, M|\n|poke|p2|Palafin, L50, F|\n|poke|p2|Pelipper, L50, M|\n|poke|p2|Electabuzz, L50, F|\n|poke|p2|Rillaboom, L50, F|\n|poke|p2|Incineroar, L50, M|\n|poke|p2|Gholdengo, L50|\n|teampreview|4\n|inactive|Battle timer is ON: inactive players will automatically lose when time's up. (requested by Djjwjwwjj)\n|inactive|Toger220 has 60 seconds left.\n|inactive|Djjwjwwjj has 60 seconds left.\n|\n|t:|1732895834\n|start\n|switch|p1a: Delphox|Delphox, L50, M|100\/100\n|switch|p1b: Indeedee|Indeedee-F, L50, F|100\/100\n|switch|p2a: Incineroar|Incineroar, L50, M|100\/100\n|switch|p2b: Gholdengo|Gholdengo, L50|100\/100\n|-fieldstart|move: Psychic Terrain|[from] ability: Psychic Surge|[of] p1b: Indeedee\n|-ability|p2a: Incineroar|Intimidate|boost\n|-unboost|p1a: Delphox|atk|1\n|-unboost|p1b: Indeedee|atk|1\n|turn|1\n|j| judang\n|\n|t:|1732895853\n|switch|p2b: Rillaboom|Rillaboom, L50, F|100\/100\n|-fieldstart|move: Grassy Terrain|[from] ability: Grassy Surge|[of] p2b: Rillaboom\n|move|p1b: Indeedee|Helping Hand|p1a: Delphox\n|-singleturn|p1a: Delphox|Helping Hand|[of] p1b: Indeedee\n|move|p2a: Incineroar|Fake Out|p1a: Delphox\n|-damage|p1a: Delphox|82\/100\n|cant|p1a: Delphox|flinch\n|\n|-heal|p1a: Delphox|88\/100|[from] Grassy Terrain\n|upkeep\n|turn|2\n|inactive|Djjwjwwjj has 30 seconds left.\n|inactive|Toger220 has 30 seconds left.\n|inactive|Djjwjwwjj has 20 seconds left.\n|inactive|Djjwjwwjj has 15 seconds left.\n|\n|t:|1732895895\n|-terastallize|p2b: Rillaboom|Fire\n|move|p1a: Delphox|Protect|p1a: Delphox\n|-singleturn|p1a: Delphox|Protect\n|move|p2b: Rillaboom|High Horsepower|p1b: Indeedee\n|-damage|p1b: Indeedee|66\/100\n|-damage|p2b: Rillaboom|84\/100|[from] item: Rocky Helmet|[of] p1b: Indeedee\n|move|p1b: Indeedee|Alluring Voice|p2a: Incineroar\n|-damage|p2a: Incineroar|82\/100\n|move|p2a: Incineroar|Knock Off|p1b: Indeedee\n|-supereffective|p1b: Indeedee\n|-damage|p1b: Indeedee|0 fnt\n|-damage|p2a: Incineroar|66\/100|[from] item: Rocky Helmet|[of] p1b: Indeedee\n|-enditem|p1b: Indeedee|Rocky Helmet|[from] move: Knock Off|[of] p2a: Incineroar\n|faint|p1b: Indeedee\n|\n|-heal|p1a: Delphox|94\/100|[from] Grassy Terrain\n|-heal|p2b: Rillaboom|90\/100|[from] Grassy Terrain\n|-heal|p2a: Incineroar|72\/100|[from] Grassy Terrain\n|upkeep\n|\n|t:|1732895914\n|switch|p1b: Primarina|Primarina, L50, F|100\/100\n|turn|3\n|\n|t:|1732895926\n|switch|p1a: Archaludon|Archaludon, L50, M|100\/100\n|-terastallize|p1b: Primarina|Water\n|move|p2b: Rillaboom|Wood Hammer|p1b: Primarina\n|-supereffective|p1b: Primarina\n|-damage|p1b: Primarina|0 fnt\n|faint|p1b: Primarina\n|-damage|p2b: Rillaboom|64\/100|[from] Recoil\n|move|p2a: Incineroar|Knock Off|p1a: Archaludon\n|-damage|p1a: Archaludon|64\/100\n|-enditem|p1a: Archaludon|Power Herb|[from] move: Knock Off|[of] p2a: Incineroar\n|\n|-heal|p1a: Archaludon|70\/100|[from] Grassy Terrain\n|-heal|p2b: Rillaboom|70\/100|[from] Grassy Terrain\n|-heal|p2a: Incineroar|78\/100|[from] Grassy Terrain\n|upkeep\n|\n|t:|1732895941\n|switch|p1b: Delphox|Delphox, L50, M|94\/100\n|turn|4\n|\n|t:|1732895950\n|move|p1b: Delphox|Protect|p1b: Delphox\n|-singleturn|p1b: Delphox|Protect\n|move|p1a: Archaludon|Electro Shot||[still]\n|-prepare|p1a: Archaludon|Electro Shot\n|-boost|p1a: Archaludon|spa|1\n|move|p2b: Rillaboom|High Horsepower|p1a: Archaludon\n|-supereffective|p1a: Archaludon\n|-damage|p1a: Archaludon|8\/100\n|move|p2a: Incineroar|Knock Off|p1b: Delphox\n|-activate|p1b: Delphox|move: Protect\n|\n|-heal|p1b: Delphox|99\/100|[from] Grassy Terrain\n|-heal|p1a: Archaludon|14\/100|[from] Grassy Terrain\n|-heal|p2b: Rillaboom|76\/100|[from] Grassy Terrain\n|-heal|p2a: Incineroar|84\/100|[from] Grassy Terrain\n|upkeep\n|turn|5\n|\n|t:|1732895971\n|switch|p2a: Electabuzz|Electabuzz, L50, F|100\/100\n|move|p1b: Delphox|Expanding Force|p2b: Rillaboom\n|-damage|p2b: Rillaboom|31\/100\n|-damage|p1b: Delphox|90\/100|[from] item: Life Orb\n|move|p1a: Archaludon|Electro Shot|p2a: Electabuzz|[from]lockedmove\n|-resisted|p2a: Electabuzz\n|-damage|p2a: Electabuzz|72\/100\n|move|p2b: Rillaboom|High Horsepower|p1a: Archaludon\n|-supereffective|p1a: Archaludon\n|-damage|p1a: Archaludon|0 fnt\n|faint|p1a: Archaludon\n|\n|-heal|p2a: Electabuzz|78\/100|[from] Grassy Terrain\n|-heal|p1b: Delphox|96\/100|[from] Grassy Terrain\n|-heal|p2b: Rillaboom|37\/100|[from] Grassy Terrain\n|-fieldend|move: Grassy Terrain\n|upkeep\n|turn|6\n|\n|t:|1732895994\n|move|p2a: Electabuzz|Light Screen|p2a: Electabuzz\n|-sidestart|p2: Djjwjwwjj|move: Light Screen\n|move|p1b: Delphox|Heat Wave|p2a: Electabuzz|[spread] p2a,p2b\n|-resisted|p2b: Rillaboom\n|-damage|p2a: Electabuzz|52\/100\n|-damage|p2b: Rillaboom|23\/100\n|-damage|p1b: Delphox|86\/100|[from] item: Life Orb\n|move|p2b: Rillaboom|High Horsepower|p1b: Delphox\n|-supereffective|p1b: Delphox\n|-damage|p1b: Delphox|0 fnt\n|faint|p1b: Delphox\n|\n|win|Djjwjwwjj\n|raw|Toger220's rating: 1693 &rarr; <strong>1675<\/strong><br \/>(-18 for losing)\n|raw|Djjwjwwjj's rating: 1723 &rarr; <strong>1741<\/strong><br \/>(+18 for winning)\n|l|\u2606Toger220\n|player|p1|\n","uploadtime":1732896198,"views":8,"formatid":"gen9vgc2024regh","rating":1675,"private":0,"password":null}