{"id":"gen9vgc2024regh-2253446302","format":"[Gen 9] VGC 2024 Reg H","players":["iSpinoThing","bluestraggler01"],"log":"|j|\u2606iSpinoThing\n|j|\u2606bluestraggler01\n|t:|1732894673\n|gametype|doubles\n|player|p1|iSpinoThing|n|1653\n|player|p2|bluestraggler01|102|1699\n|teamsize|p1|6\n|teamsize|p2|6\n|gen|9\n|tier|[Gen 9] VGC 2024 Reg H\n|rated|\n|rule|Species Clause: Limit one of each Pok\u00e9mon\n|rule|Item Clause: Limit 1 of each item\n|clearpoke\n|poke|p1|Amoonguss, L50, M|\n|poke|p1|Incineroar, L50, M|\n|poke|p1|Kingambit, L50, F|\n|poke|p1|Ninetales-Alola, L50, F|\n|poke|p1|Garchomp, L50, M|\n|poke|p1|Dragonite, L50, F|\n|poke|p2|Talonflame, L50, F|\n|poke|p2|Krookodile, L50, M|\n|poke|p2|Archaludon, L50, M|\n|poke|p2|Pelipper, L50, F|\n|poke|p2|Annihilape, L50, M|\n|poke|p2|Brambleghast, L50, F|\n|teampreview|4\n|inactive|Battle timer is ON: inactive players will automatically lose when time's up. (requested by bluestraggler01)\nbluestraggler01 rejected open team sheets.\n|inactive|iSpinoThing has 60 seconds left.\n|\n|t:|1732894735\n|start\n|switch|p1a: Incineroar|Incineroar, L50, M|100\/100\n|switch|p1b: Garchomp|Garchomp, L50, M|100\/100\n|switch|p2a: \u773c\u5f71\u4e01\u771f|Krookodile, L50, M|100\/100\n|switch|p2b: \u7ffc\u9e70\u4e01\u771f|Talonflame, L50, F|100\/100\n|-ability|p2a: \u773c\u5f71\u4e01\u771f|Intimidate|boost\n|-unboost|p1a: Incineroar|atk|1\n|-unboost|p1b: Garchomp|atk|1\n|-ability|p1a: Incineroar|Intimidate|boost\n|-unboost|p2a: \u773c\u5f71\u4e01\u771f|atk|1\n|-unboost|p2b: \u7ffc\u9e70\u4e01\u771f|atk|1\n|turn|1\n|\n|t:|1732894754\n|-terastallize|p2a: \u773c\u5f71\u4e01\u771f|Ground\n|move|p2b: \u7ffc\u9e70\u4e01\u771f|Quick Guard|p2b: \u7ffc\u9e70\u4e01\u771f\n|-singleturn|p2b: \u7ffc\u9e70\u4e01\u771f|Quick Guard\n|move|p1a: Incineroar|Fake Out|p2b: \u7ffc\u9e70\u4e01\u771f\n|-activate|p2b: \u7ffc\u9e70\u4e01\u771f|move: Quick Guard\n|move|p1b: Garchomp|Rock Slide|p2b: \u7ffc\u9e70\u4e01\u771f|[spread] p2a,p2b\n|-resisted|p2a: \u773c\u5f71\u4e01\u771f\n|-supereffective|p2b: \u7ffc\u9e70\u4e01\u771f\n|-damage|p2a: \u773c\u5f71\u4e01\u771f|89\/100\n|-enditem|p2b: \u7ffc\u9e70\u4e01\u771f|Focus Sash\n|-damage|p2b: \u7ffc\u9e70\u4e01\u771f|1\/100\n|cant|p2a: \u773c\u5f71\u4e01\u771f|flinch\n|\n|upkeep\n|turn|2\n|inactive|iSpinoThing has 30 seconds left.\n|\n|t:|1732894783\n|switch|p1a: Amoonguss|Amoonguss, L50, M, shiny|100\/100\n|move|p2b: \u7ffc\u9e70\u4e01\u771f|Tailwind|p2b: \u7ffc\u9e70\u4e01\u771f\n|-sidestart|p2: bluestraggler01|move: Tailwind\n|move|p2a: \u773c\u5f71\u4e01\u771f|Earthquake|p1b: Garchomp|[spread] p1a,p1b\n|-immune|p2b: \u7ffc\u9e70\u4e01\u771f\n|-damage|p1a: Amoonguss|52\/100\n|-damage|p1b: Garchomp|49\/100\n|move|p1b: Garchomp|Rock Slide|p2a: \u773c\u5f71\u4e01\u771f|[spread] p2a,p2b\n|-resisted|p2a: \u773c\u5f71\u4e01\u771f\n|-supereffective|p2b: \u7ffc\u9e70\u4e01\u771f\n|-damage|p2a: \u773c\u5f71\u4e01\u771f|78\/100\n|-damage|p2b: \u7ffc\u9e70\u4e01\u771f|0 fnt\n|faint|p2b: \u7ffc\u9e70\u4e01\u771f\n|\n|upkeep\n|\n|t:|1732894796\n|switch|p2b: \u96e8\u4e91\u4e01\u771f|Pelipper, L50, F|100\/100\n|-weather|RainDance|[from] ability: Drizzle|[of] p2b: \u96e8\u4e91\u4e01\u771f\n|turn|3\n|\n|t:|1732894807\n|switch|p1b: Incineroar|Incineroar, L50, M|100\/100\n|-ability|p1b: Incineroar|Intimidate|boost\n|-unboost|p2a: \u773c\u5f71\u4e01\u771f|atk|1\n|-unboost|p2b: \u96e8\u4e91\u4e01\u771f|atk|1\n|move|p1a: Amoonguss|Protect|p1a: Amoonguss\n|-singleturn|p1a: Amoonguss|Protect\n|move|p2a: \u773c\u5f71\u4e01\u771f|Earthquake|p1b: Incineroar|[spread] p1b\n|-activate|p1a: Amoonguss|move: Protect\n|-immune|p2b: \u96e8\u4e91\u4e01\u771f\n|-supereffective|p1b: Incineroar\n|-damage|p1b: Incineroar|24\/100\n|move|p2b: \u96e8\u4e91\u4e01\u771f|Muddy Water|p1b: Incineroar|[spread] \n|-activate|p1a: Amoonguss|move: Protect\n|-miss|p2b: \u96e8\u4e91\u4e01\u771f|p1b: Incineroar\n|\n|-weather|RainDance|[upkeep]\n|upkeep\n|turn|4\n|j| judang\n|inactive|iSpinoThing has 30 seconds left.\n|\n|t:|1732894836\n|move|p2a: \u773c\u5f71\u4e01\u771f|Earthquake|p1b: Incineroar|[spread] p1a,p1b\n|-immune|p2b: \u96e8\u4e91\u4e01\u771f\n|-supereffective|p1b: Incineroar\n|-damage|p1a: Amoonguss|11\/100\n|-damage|p1b: Incineroar|0 fnt\n|-enditem|p1a: Amoonguss|Sitrus Berry|[eat]\n|-heal|p1a: Amoonguss|36\/100|[from] item: Sitrus Berry\n|faint|p1b: Incineroar\n|move|p2b: \u96e8\u4e91\u4e01\u771f|Muddy Water|p1a: Amoonguss\n|-resisted|p1a: Amoonguss\n|-damage|p1a: Amoonguss|9\/100\n|move|p1a: Amoonguss|Spore|p2a: \u773c\u5f71\u4e01\u771f\n|-status|p2a: \u773c\u5f71\u4e01\u771f|slp|[from] move: Spore\n|\n|-weather|RainDance|[upkeep]\n|upkeep\n|\n|t:|1732894849\n|switch|p1b: Ninetales|Ninetales-Alola, L50, F, shiny|100\/100\n|-weather|Snow|[from] ability: Snow Warning|[of] p1b: Ninetales\n|turn|5\n|\n|t:|1732894864\n|switch|p2a: \u786c\u6cbf\u4e01\u771f|Archaludon, L50, M|100\/100\n|switch|p1a: Garchomp|Garchomp, L50, M|49\/100\n|move|p2b: \u96e8\u4e91\u4e01\u771f|Muddy Water|p1b: Ninetales|[spread] p1a,p1b\n|-damage|p1a: Garchomp|8\/100\n|-damage|p1b: Ninetales|56\/100\n|move|p1b: Ninetales|Freeze-Dry|p2b: \u96e8\u4e91\u4e01\u771f\n|-supereffective|p2b: \u96e8\u4e91\u4e01\u771f\n|-damage|p2b: \u96e8\u4e91\u4e01\u771f|0 fnt\n|faint|p2b: \u96e8\u4e91\u4e01\u771f\n|\n|-weather|Snow|[upkeep]\n|-sideend|p2: bluestraggler01|move: Tailwind\n|upkeep\n|\n|t:|1732894875\n|switch|p2b: \u773c\u5f71\u4e01\u771f|Krookodile, L50, M, tera:Ground|78\/100 slp\n|-ability|p2b: \u773c\u5f71\u4e01\u771f|Intimidate|boost\n|-unboost|p1a: Garchomp|atk|1\n|-unboost|p1b: Ninetales|atk|1\n|turn|6\n|\n|t:|1732894898\n|switch|p1a: Amoonguss|Amoonguss, L50, M, shiny|42\/100\n|move|p1b: Ninetales|Freeze-Dry|p2b: \u773c\u5f71\u4e01\u771f\n|-supereffective|p2b: \u773c\u5f71\u4e01\u771f\n|-damage|p2b: \u773c\u5f71\u4e01\u771f|0 fnt\n|faint|p2b: \u773c\u5f71\u4e01\u771f\n|move|p2a: \u786c\u6cbf\u4e01\u771f|Flash Cannon|p1b: Ninetales\n|-supereffective|p1b: Ninetales\n|-damage|p1b: Ninetales|0 fnt\n|faint|p1b: Ninetales\n|\n|-weather|Snow|[upkeep]\n|upkeep\n|\n|t:|1732894907\n|switch|p1b: Garchomp|Garchomp, L50, M|8\/100\n|turn|7\n|inactive|iSpinoThing has 30 seconds left.\n|\n|t:|1732894937\n|move|p1a: Amoonguss|Rage Powder|p1a: Amoonguss\n|-singleturn|p1a: Amoonguss|move: Rage Powder\n|move|p1b: Garchomp|Stomping Tantrum|p2a: \u786c\u6cbf\u4e01\u771f\n|-supereffective|p2a: \u786c\u6cbf\u4e01\u771f\n|-damage|p2a: \u786c\u6cbf\u4e01\u771f|27\/100\n|-ability|p2a: \u786c\u6cbf\u4e01\u771f|Stamina|boost\n|-boost|p2a: \u786c\u6cbf\u4e01\u771f|def|1\n|move|p2a: \u786c\u6cbf\u4e01\u771f|Flash Cannon|p1a: Amoonguss\n|-damage|p1a: Amoonguss|9\/100\n|\n|-weather|Snow|[upkeep]\n|upkeep\n|turn|8\n|-message|bluestraggler01 forfeited.\n|\n|win|iSpinoThing\n|raw|iSpinoThing's rating: 1653 &rarr; <strong>1676<\/strong><br \/>(+23 for winning)\n|raw|bluestraggler01's rating: 1699 &rarr; <strong>1676<\/strong><br \/>(-23 for losing)\n|l|\u2606bluestraggler01\n|player|p2|\n|l|\u2606iSpinoThing\n|player|p1|\n","uploadtime":1732894951,"views":204,"formatid":"gen9vgc2024regh","rating":1676,"private":0,"password":null}