{"id":"gen9vgc2024regh-2253948444","format":"[Gen 9] VGC 2024 Reg H","players":["Djjwjwwjj","PituTesteosXD"],"log":"|j|\u2606Djjwjwwjj\n|j|\u2606PituTesteosXD\n|t:|1732969625\n|gametype|doubles\n|player|p1|Djjwjwwjj|1|1689\n|player|p2|PituTesteosXD|brycen|1709\n|teamsize|p1|6\n|teamsize|p2|6\n|gen|9\n|tier|[Gen 9] VGC 2024 Reg H\n|rated|\n|rule|Species Clause: Limit one of each Pok\u00e9mon\n|rule|Item Clause: Limit 1 of each item\n|clearpoke\n|poke|p1|Palafin, L50, F|\n|poke|p1|Farigiraf, L50, M|\n|poke|p1|Ursaluna-Bloodmoon, L50, M|\n|poke|p1|Amoonguss, L50, M|\n|poke|p1|Incineroar, L50, M|\n|poke|p1|Pelipper, L50, M|\n|poke|p2|Archaludon, L50, M|\n|poke|p2|Talonflame, L50, M|\n|poke|p2|Ursaluna, L50, M|\n|poke|p2|Pelipper, L50, M|\n|poke|p2|Amoonguss, L50, F|\n|poke|p2|Annihilape, L50, M|\n|teampreview|4\n|inactive|Battle timer is ON: inactive players will automatically lose when time's up. (requested by Djjwjwwjj)\n|inactive|PituTesteosXD also wants the timer to be on.\n|inactive|Djjwjwwjj has 60 seconds left.\n|inactive|Djjwjwwjj has 30 seconds left.\n|inactive|Djjwjwwjj has 20 seconds left.\n|inactive|Djjwjwwjj has 15 seconds left.\n|\n|t:|1732969703\n|start\n|switch|p1a: Palafin|Palafin, L50, F|100\/100\n|switch|p1b: Incineroar|Incineroar, L50, M|100\/100\n|switch|p2a: Haborym|Talonflame, L50, M|100\/100\n|switch|p2b: Archaludamon|Archaludon, L50, M, shiny|100\/100\n|-ability|p1b: Incineroar|Intimidate|boost\n|-unboost|p2a: Haborym|atk|1\n|-unboost|p2b: Archaludamon|atk|1\n|turn|1\n|\n|t:|1732969725\n|move|p1b: Incineroar|Fake Out|p2b: Archaludamon\n|-resisted|p2b: Archaludamon\n|-damage|p2b: Archaludamon|97\/100\n|-ability|p2b: Archaludamon|Stamina|boost\n|-boost|p2b: Archaludamon|def|1\n|-enditem|p1b: Incineroar|Mirror Herb\n|-boost|p1b: Incineroar|def|1|[from] item: Mirror Herb\n|move|p2a: Haborym|Dual Wingbeat|p2b: Archaludamon\n|-resisted|p2b: Archaludamon\n|-damage|p2b: Archaludamon|94\/100\n|-ability|p2b: Archaludamon|Stamina|boost\n|-boost|p2b: Archaludamon|def|1\n|-resisted|p2b: Archaludamon\n|-damage|p2b: Archaludamon|93\/100\n|-ability|p2b: Archaludamon|Stamina|boost\n|-boost|p2b: Archaludamon|def|1\n|-hitcount|p2b: Archaludamon|2\n|move|p1a: Palafin|Flip Turn|p2a: Haborym\n|-supereffective|p2a: Haborym\n|-damage|p2a: Haborym|11\/100\n|\n|t:|1732969741\n|detailschange|p1a: Palafin|Palafin-Hero, L50, F\n|switch|p1a: Farigiraf|Farigiraf, L50, M|100\/100|[from] Flip Turn\n|cant|p2b: Archaludamon|flinch\n|\n|upkeep\n|turn|2\n|\n|t:|1732969756\n|move|p2a: Haborym|Taunt|p1a: Farigiraf\n|-start|p1a: Farigiraf|move: Taunt\n|move|p2b: Archaludamon|Body Press|p1b: Incineroar\n|-supereffective|p1b: Incineroar\n|-damage|p1b: Incineroar|16\/100\n|move|p1b: Incineroar|Parting Shot|p2b: Archaludamon\n|-unboost|p2b: Archaludamon|atk|1\n|-unboost|p2b: Archaludamon|spa|1\n|\n|t:|1732969769\n|switch|p1b: Palafin|Palafin-Hero, L50, F|100\/100|[from] Parting Shot\n|-activate|p1b: Palafin|ability: Zero to Hero\n|cant|p1a: Farigiraf|move: Taunt|Trick Room\n|\n|upkeep\n|turn|3\n|\n|t:|1732969781\n|switch|p2a: Bed0fCaos|Amoonguss, L50, F, shiny|100\/100\n|switch|p1a: Incineroar|Incineroar, L50, M|16\/100\n|-ability|p1a: Incineroar|Intimidate|boost\n|-unboost|p2a: Bed0fCaos|atk|1\n|-unboost|p2b: Archaludamon|atk|1\n|move|p1b: Palafin|Flip Turn|p2a: Bed0fCaos\n|-resisted|p2a: Bed0fCaos\n|-damage|p2a: Bed0fCaos|77\/100\n|\n|t:|1732969791\n|switch|p1b: Farigiraf|Farigiraf, L50, M|100\/100|[from] Flip Turn\n|move|p2b: Archaludamon|Snarl|p1b: Farigiraf|[spread] p1a,p1b\n|-resisted|p1a: Incineroar\n|-supereffective|p1b: Farigiraf\n|-damage|p1a: Incineroar|12\/100\n|-damage|p1b: Farigiraf|86\/100\n|-unboost|p1a: Incineroar|spa|1\n|-unboost|p1b: Farigiraf|spa|1\n|\n|upkeep\n|turn|4\n|\n|t:|1732969806\n|move|p1a: Incineroar|Fake Out|p2a: Bed0fCaos\n|-damage|p2a: Bed0fCaos|68\/100\n|move|p2b: Archaludamon|Body Press|p1a: Incineroar\n|-supereffective|p1a: Incineroar\n|-damage|p1a: Incineroar|0 fnt\n|faint|p1a: Incineroar\n|cant|p2a: Bed0fCaos|flinch\n|move|p1b: Farigiraf|Trick Room|p1b: Farigiraf\n|-fieldstart|move: Trick Room|[of] p1b: Farigiraf\n|\n|upkeep\n|\n|t:|1732969818\n|switch|p1a: Ursaluna|Ursaluna-Bloodmoon, L50, M|100\/100\n|turn|5\n|\n|t:|1732969825\n|-terastallize|p2a: Bed0fCaos|Psychic\n|move|p1a: Ursaluna|Protect|p1a: Ursaluna\n|-singleturn|p1a: Ursaluna|Protect\n|move|p2a: Bed0fCaos|Spore|p1a: Ursaluna\n|-activate|p1a: Ursaluna|move: Protect\n|move|p1b: Farigiraf|Uproar|p2b: Archaludamon\n|-resisted|p2b: Archaludamon\n|-damage|p2b: Archaludamon|83\/100\n|-start|p1b: Farigiraf|Uproar\n|-ability|p2b: Archaludamon|Stamina|boost\n|-boost|p2b: Archaludamon|def|1\n|move|p2b: Archaludamon|Body Press|p1b: Farigiraf\n|-damage|p1b: Farigiraf|21\/100\n|\n|-start|p1b: Farigiraf|Uproar|[upkeep]\n|upkeep\n|turn|6\n|inactive|Djjwjwwjj has 30 seconds left.\n|\n|t:|1732969856\n|-terastallize|p1a: Ursaluna|Normal\n|move|p2a: Bed0fCaos|Rage Powder|p2a: Bed0fCaos\n|-singleturn|p2a: Bed0fCaos|move: Rage Powder\n|move|p1a: Ursaluna|Hyper Voice|p2b: Archaludamon|[spread] p2a,p2b\n|-resisted|p2b: Archaludamon\n|-damage|p2a: Bed0fCaos|3\/100\n|-damage|p2b: Archaludamon|61\/100\n|-ability|p2b: Archaludamon|Stamina|boost\n|-boost|p2b: Archaludamon|def|1\n|-enditem|p2a: Bed0fCaos|Sitrus Berry|[eat]\n|-heal|p2a: Bed0fCaos|28\/100|[from] item: Sitrus Berry\n|-damage|p1a: Ursaluna|91\/100|[from] item: Life Orb\n|move|p1b: Farigiraf|Uproar|p2a: Bed0fCaos|[from]lockedmove\n|-damage|p2a: Bed0fCaos|5\/100\n|move|p2b: Archaludamon|Body Press|p1a: Ursaluna\n|-supereffective|p1a: Ursaluna\n|-damage|p1a: Ursaluna|0 fnt\n|faint|p1a: Ursaluna\n|\n|-start|p1b: Farigiraf|Uproar|[upkeep]\n|upkeep\n|\n|t:|1732969875\n|switch|p1a: Palafin|Palafin-Hero, L50, F|100\/100\n|turn|7\n|\n|t:|1732969884\n|switch|p2a: Haborym|Talonflame, L50, M|11\/100\n|move|p1b: Farigiraf|Uproar|p2b: Archaludamon|[from]lockedmove\n|-resisted|p2b: Archaludamon\n|-damage|p2b: Archaludamon|53\/100\n|-ability|p2b: Archaludamon|Stamina|boost\n|-boost|p2b: Archaludamon|def|1\n|move|p2b: Archaludamon|Body Press|p1b: Farigiraf\n|-damage|p1b: Farigiraf|0 fnt\n|faint|p1b: Farigiraf\n|move|p1a: Palafin|Close Combat|p2b: Archaludamon\n|-supereffective|p2b: Archaludamon\n|-damage|p2b: Archaludamon|25\/100\n|-unboost|p1a: Palafin|def|1\n|-unboost|p1a: Palafin|spd|1\n|\n|upkeep\n|turn|8\n|-message|Djjwjwwjj forfeited.\n|\n|win|PituTesteosXD\n|raw|Djjwjwwjj's rating: 1689 &rarr; <strong>1670<\/strong><br \/>(-19 for losing)\n|raw|PituTesteosXD's rating: 1709 &rarr; <strong>1728<\/strong><br \/>(+19 for winning)\n|l|\u2606Djjwjwwjj\n|player|p1|\n|l|\u2606PituTesteosXD\n|player|p2|\n","uploadtime":1732970153,"views":7,"formatid":"gen9vgc2024regh","rating":1670,"private":0,"password":null}