{"id":"gen9vgc2024regh-2253216672","format":"[Gen 9] VGC 2024 Reg H","players":["Spottedwoot","Djjwjwwjj"],"log":"|j|\u2606Spottedwoot\n|j|\u2606Djjwjwwjj\n|t:|1732856930\n|gametype|doubles\n|player|p1|Spottedwoot|169|1836\n|player|p2|Djjwjwwjj|101|1892\n|teamsize|p1|6\n|teamsize|p2|6\n|gen|9\n|tier|[Gen 9] VGC 2024 Reg H\n|rated|\n|rule|Species Clause: Limit one of each Pok\u00e9mon\n|rule|Item Clause: Limit 1 of each item\n|clearpoke\n|poke|p1|Pelipper, L50, M|\n|poke|p1|Archaludon, L50, F|\n|poke|p1|Gholdengo, L50|\n|poke|p1|Basculegion, L50, M|\n|poke|p1|Rillaboom, L50, F|\n|poke|p1|Sneasler, L50, F|\n|poke|p2|Palafin, L50, F|\n|poke|p2|Pelipper, L50, M|\n|poke|p2|Electabuzz, L50, M|\n|poke|p2|Rillaboom, L50, F|\n|poke|p2|Incineroar, L50, F|\n|poke|p2|Gholdengo, L50|\n|teampreview|4\n|inactive|Battle timer is ON: inactive players will automatically lose when time's up. (requested by Djjwjwwjj)\n|j| Spacejes\n|\n|t:|1732856952\n|start\n|switch|p1a: Basculegion|Basculegion, L50, M|100\/100\n|switch|p1b: Sneasler|Sneasler, L50, F|100\/100\n|switch|p2a: Incineroar|Incineroar, L50, F|100\/100\n|switch|p2b: Gholdengo|Gholdengo, L50|100\/100\n|-ability|p2a: Incineroar|Intimidate|boost\n|-unboost|p1a: Basculegion|atk|1\n|-unboost|p1b: Sneasler|atk|1\n|turn|1\n|j| qiyeO.o\n|\n|t:|1732856974\n|switch|p1a: Archaludon|Archaludon, L50, F, shiny|100\/100\n|move|p1b: Sneasler|Fake Out|p2a: Incineroar\n|-damage|p2a: Incineroar|92\/100\n|move|p2b: Gholdengo|Nasty Plot|p2b: Gholdengo\n|-boost|p2b: Gholdengo|spa|2\n|cant|p2a: Incineroar|flinch\n|\n|upkeep\n|turn|2\n|l| qiyeO.o\n|\n|t:|1732856999\n|move|p1b: Sneasler|Close Combat|p2a: Incineroar\n|-supereffective|p2a: Incineroar\n|-enditem|p2a: Incineroar|Chople Berry|[eat]\n|-enditem|p2a: Incineroar|Chople Berry|[weaken]\n|-damage|p2a: Incineroar|54\/100\n|-unboost|p1b: Sneasler|def|1\n|-unboost|p1b: Sneasler|spd|1\n|move|p2b: Gholdengo|Nasty Plot|p2b: Gholdengo\n|-boost|p2b: Gholdengo|spa|2\n|move|p1a: Archaludon|Body Press|p2a: Incineroar\n|-supereffective|p2a: Incineroar\n|-damage|p2a: Incineroar|7\/100\n|move|p2a: Incineroar|Parting Shot|p1a: Archaludon\n|-unboost|p1a: Archaludon|atk|1\n|-unboost|p1a: Archaludon|spa|1\n|\n|t:|1732857013\n|switch|p2a: Electabuzz|Electabuzz, L50, M|100\/100|[from] Parting Shot\n|\n|upkeep\n|turn|3\n|\n|t:|1732857029\n|move|p1b: Sneasler|Dire Claw|p2a: Electabuzz\n|-damage|p2a: Electabuzz|73\/100\n|-status|p2a: Electabuzz|psn\n|move|p2a: Electabuzz|Electroweb|p1a: Archaludon|[spread] p1a,p1b\n|-resisted|p1a: Archaludon\n|-damage|p1a: Archaludon|95\/100\n|-damage|p1b: Sneasler|71\/100\n|-unboost|p1a: Archaludon|spe|1\n|-unboost|p1b: Sneasler|spe|1\n|-ability|p1a: Archaludon|Stamina|boost\n|-boost|p1a: Archaludon|def|1\n|move|p2b: Gholdengo|Make It Rain|p1b: Sneasler|[spread] p1a,p1b\n|-resisted|p1a: Archaludon\n|-damage|p1a: Archaludon|46\/100\n|-damage|p1b: Sneasler|0 fnt\n|-unboost|p2b: Gholdengo|spa|1\n|-ability|p1a: Archaludon|Stamina|boost\n|-boost|p1a: Archaludon|def|1\n|faint|p1b: Sneasler\n|move|p1a: Archaludon|Draco Meteor|p2a: Electabuzz\n|-damage|p2a: Electabuzz|41\/100 psn\n|-unboost|p1a: Archaludon|spa|2\n|\n|-damage|p2a: Electabuzz|29\/100 psn|[from] psn\n|upkeep\n|\n|t:|1732857044\n|switch|p1b: Gholdengo|Gholdengo, L50|100\/100\n|turn|4\n|\n|t:|1732857068\n|-terastallize|p2b: Gholdengo|Dragon\n|move|p1b: Gholdengo|Protect|p1b: Gholdengo\n|-singleturn|p1b: Gholdengo|Protect\n|move|p2a: Electabuzz|Light Screen|p2a: Electabuzz\n|-sidestart|p2: Djjwjwwjj|move: Light Screen\n|move|p2b: Gholdengo|Shadow Ball|p1a: Archaludon\n|-damage|p1a: Archaludon|0 fnt\n|faint|p1a: Archaludon\n|\n|-damage|p2a: Electabuzz|17\/100 psn|[from] psn\n|upkeep\n|\n|t:|1732857075\n|switch|p1a: Basculegion|Basculegion, L50, M|100\/100\n|turn|5\n|\n|t:|1732857098\n|switch|p2a: Incineroar|Incineroar, L50, F|7\/100\n|-ability|p2a: Incineroar|Intimidate|boost\n|-unboost|p1a: Basculegion|atk|1\n|-unboost|p1b: Gholdengo|atk|1\n|-terastallize|p1a: Basculegion|Ghost\n|move|p2b: Gholdengo|Protect|p2b: Gholdengo\n|-singleturn|p2b: Gholdengo|Protect\n|move|p1b: Gholdengo|Make It Rain|p2b: Gholdengo|[spread] p2a\n|-activate|p2b: Gholdengo|move: Protect\n|-resisted|p2a: Incineroar\n|-damage|p2a: Incineroar|0 fnt\n|-unboost|p1b: Gholdengo|spa|1\n|faint|p2a: Incineroar\n|-damage|p1b: Gholdengo|90\/100|[from] item: Life Orb\n|move|p1a: Basculegion|Last Respects|p2b: Gholdengo\n|-activate|p2b: Gholdengo|move: Protect\n|\n|upkeep\n|\n|t:|1732857122\n|switch|p2a: Electabuzz|Electabuzz, L50, M|17\/100 psn\n|turn|6\n|j| leeseoIVE\n|inactive|Djjwjwwjj has 30 seconds left.\n|\n|t:|1732857147\n|move|p2a: Electabuzz|Electroweb|p1a: Basculegion|[spread] p1b\n|-miss|p2a: Electabuzz|p1a: Basculegion\n|-damage|p1b: Gholdengo|75\/100\n|-unboost|p1b: Gholdengo|spe|1\n|move|p1a: Basculegion|Last Respects|p2b: Gholdengo\n|-damage|p2b: Gholdengo|0 fnt\n|faint|p2b: Gholdengo\n|move|p1b: Gholdengo|Shadow Ball|p2a: Electabuzz\n|-damage|p2a: Electabuzz|0 fnt\n|faint|p2a: Electabuzz\n|-damage|p1b: Gholdengo|65\/100|[from] item: Life Orb\n|\n|upkeep\n|l| Spacejes\n|\n|t:|1732857163\n|switch|p2b: Rillaboom|Rillaboom, L50, F|100\/100\n|-fieldstart|move: Grassy Terrain|[from] ability: Grassy Surge|[of] p2b: Rillaboom\n|turn|7\n|j| Spacejes\n|l| Spacejes\n|\n|t:|1732857170\n|move|p1a: Basculegion|Last Respects|p2b: Rillaboom\n|-damage|p2b: Rillaboom|0 fnt\n|faint|p2b: Rillaboom\n|\n|win|Spottedwoot\n|raw|Spottedwoot's rating: 1836 &rarr; <strong>1859<\/strong><br \/>(+23 for winning)\n|raw|Djjwjwwjj's rating: 1892 &rarr; <strong>1869<\/strong><br \/>(-23 for losing)\n|l|\u2606Djjwjwwjj\n|player|p2|\n|l|\u2606Spottedwoot\n|player|p1|\n","uploadtime":1732857172,"views":169,"formatid":"gen9vgc2024regh","rating":1859,"private":0,"password":null}