{"id":"gen9vgc2024regh-2253830173","format":"[Gen 9] VGC 2024 Reg H","players":["LetHimSleep","shuijun1\u82cd\u708e\u5203\u9b3c\u4fa0"],"log":"|j|\u2606LetHimSleep\n|j|\u2606shuijun1\u82cd\u708e\u5203\u9b3c\u4fa0\n|t:|1732944967\n|gametype|doubles\n|player|p1|LetHimSleep|boarder|1692\n|player|p2|shuijun1\u82cd\u708e\u5203\u9b3c\u4fa0|iono|1708\n|teamsize|p1|6\n|teamsize|p2|6\n|gen|9\n|tier|[Gen 9] VGC 2024 Reg H\n|rated|\n|rule|Species Clause: Limit one of each Pok\u00e9mon\n|rule|Item Clause: Limit 1 of each item\n|clearpoke\n|poke|p1|Jumpluff, L50, M|\n|poke|p1|Rillaboom, L50, F|\n|poke|p1|Murkrow, L50, M|\n|poke|p1|Torkoal, L50, M|\n|poke|p1|Chandelure, L50, F|\n|poke|p1|Ursaluna, L50, F|\n|poke|p2|Armarouge, L50, F|\n|poke|p2|Indeedee-F, L50, F|\n|poke|p2|Torkoal, L50, F|\n|poke|p2|Sylveon, L50, F|\n|poke|p2|Sneasler, L50, F|\n|poke|p2|Dragonite, L50, M|\n|teampreview|4\n|j| number86\n|l|\u2606shuijun1\u82cd\u708e\u5203\u9b3c\u4fa0\n|player|p2|\n|j| Bloodyknuckles\n|inactive|Battle timer is ON: inactive players will automatically lose when time's up. (requested by LetHimSleep)\n|j|\u2606shuijun1\u82cd\u708e\u5203\u9b3c\u4fa0\n|inactive|shuijun1\u82cd\u708e\u5203\u9b3c\u4fa0 reconnected and has 80 seconds left.\n|player|p2|shuijun1\u82cd\u708e\u5203\u9b3c\u4fa0|iono|\n|\n|t:|1732945055\n|start\n|switch|p1a: Rillaboom|Rillaboom, L50, F|100\/100\n|switch|p1b: Chandelure|Chandelure, L50, F|100\/100\n|switch|p2a: \u5996\u97f3\u4e01\u771f|Sylveon, L50, F, shiny|100\/100\n|switch|p2b: \u715c\u7130\u4e01\u771f|Armarouge, L50, F|100\/100\n|-fieldstart|move: Grassy Terrain|[from] ability: Grassy Surge|[of] p1a: Rillaboom\n|turn|1\n|\n|t:|1732945073\n|-terastallize|p2a: \u5996\u97f3\u4e01\u771f|Ground\n|move|p2b: \u715c\u7130\u4e01\u771f|Expanding Force|p1b: Chandelure\n|-damage|p1b: Chandelure|55\/100\n|move|p1a: Rillaboom|U-turn|p2a: \u5996\u97f3\u4e01\u771f\n|-damage|p2a: \u5996\u97f3\u4e01\u771f|72\/100\n|\n|t:|1732945081\n|switch|p1a: Ursaluna|Ursaluna, L50, F|100\/100|[from] U-turn\n|move|p2a: \u5996\u97f3\u4e01\u771f|Tera Blast|p1b: Chandelure|[anim] Tera Blast Ground\n|-supereffective|p1b: Chandelure\n|-damage|p1b: Chandelure|0 fnt\n|faint|p1b: Chandelure\n|\n|-heal|p2a: \u5996\u97f3\u4e01\u771f|78\/100|[from] Grassy Terrain\n|-status|p1a: Ursaluna|brn|[from] item: Flame Orb\n|upkeep\n|\n|t:|1732945086\n|switch|p1b: Rillaboom|Rillaboom, L50, F|100\/100\n|turn|2\n|\n|t:|1732945100\n|switch|p2a: \u610f\u8335\u4e01\u771f|Indeedee-F, L50, F|100\/100\n|-fieldstart|move: Psychic Terrain|[from] ability: Psychic Surge|[of] p2a: \u610f\u8335\u4e01\u771f\n|-terastallize|p1b: Rillaboom|Fire\n|move|p1a: Ursaluna|Protect|p1a: Ursaluna\n|-singleturn|p1a: Ursaluna|Protect\n|move|p2b: \u715c\u7130\u4e01\u771f|Heat Wave|p1b: Rillaboom|[spread] p1b\n|-activate|p1a: Ursaluna|move: Protect\n|-resisted|p1b: Rillaboom\n|-damage|p1b: Rillaboom|87\/100\n|move|p1b: Rillaboom|Wood Hammer|p2a: \u610f\u8335\u4e01\u771f\n|-damage|p2a: \u610f\u8335\u4e01\u771f|37\/100\n|-damage|p1b: Rillaboom|70\/100|[from] Recoil\n|\n|-damage|p1a: Ursaluna|94\/100 brn|[from] brn\n|upkeep\n|turn|3\n|\n|t:|1732945118\n|switch|p1a: Torkoal|Torkoal, L50, M|100\/100\n|-weather|SunnyDay|[from] ability: Drought|[of] p1a: Torkoal\n|move|p2b: \u715c\u7130\u4e01\u771f|Expanding Force|p1a: Torkoal|[spread] p1a,p1b\n|-damage|p1a: Torkoal|24\/100\n|-damage|p1b: Rillaboom|23\/100\n|move|p2a: \u610f\u8335\u4e01\u771f|Psychic|p1a: Torkoal\n|-damage|p1a: Torkoal|0 fnt\n|faint|p1a: Torkoal\n|move|p1b: Rillaboom|U-turn|p2a: \u610f\u8335\u4e01\u771f\n|-supereffective|p2a: \u610f\u8335\u4e01\u771f\n|-damage|p2a: \u610f\u8335\u4e01\u771f|0 fnt\n|faint|p2a: \u610f\u8335\u4e01\u771f\n|\n|t:|1732945126\n|switch|p1b: Ursaluna|Ursaluna, L50, F|94\/100 brn|[from] U-turn\n|\n|-weather|SunnyDay|[upkeep]\n|-damage|p1b: Ursaluna|88\/100 brn|[from] brn\n|upkeep\n|\n|t:|1732945131\n|switch|p2a: \u63f4\u5ca9\u4e01\u771f|Sneasler, L50, F|100\/100\n|switch|p1a: Rillaboom|Rillaboom, L50, F, tera:Fire|23\/100\n|-enditem|p2a: \u63f4\u5ca9\u4e01\u771f|Psychic Seed\n|-boost|p2a: \u63f4\u5ca9\u4e01\u771f|spd|1|[from] item: Psychic Seed\n|-fieldstart|move: Grassy Terrain|[from] ability: Grassy Surge|[of] p1a: Rillaboom\n|turn|4\n|\n|t:|1732945143\n|move|p2a: \u63f4\u5ca9\u4e01\u771f|Protect|p2a: \u63f4\u5ca9\u4e01\u771f\n|-singleturn|p2a: \u63f4\u5ca9\u4e01\u771f|Protect\n|move|p1a: Rillaboom|Fake Out|p2a: \u63f4\u5ca9\u4e01\u771f\n|-activate|p2a: \u63f4\u5ca9\u4e01\u771f|move: Protect\n|move|p2b: \u715c\u7130\u4e01\u771f|Heat Wave|p1b: Ursaluna|[spread] p1a,p1b\n|-resisted|p1a: Rillaboom\n|-damage|p1a: Rillaboom|3\/100\n|-damage|p1b: Ursaluna|33\/100 brn\n|move|p1b: Ursaluna|Facade|p2b: \u715c\u7130\u4e01\u771f\n|-damage|p2b: \u715c\u7130\u4e01\u771f|0 fnt\n|faint|p2b: \u715c\u7130\u4e01\u771f\n|\n|-weather|SunnyDay|[upkeep]\n|-heal|p1a: Rillaboom|9\/100|[from] Grassy Terrain\n|-heal|p1b: Ursaluna|39\/100 brn|[from] Grassy Terrain\n|-damage|p1b: Ursaluna|33\/100 brn|[from] brn\n|upkeep\n|\n|t:|1732945151\n|switch|p2b: \u5996\u97f3\u4e01\u771f|Sylveon, L50, F, shiny, tera:Ground|78\/100\n|turn|5\n|inactive|shuijun1\u82cd\u708e\u5203\u9b3c\u4fa0 has 30 seconds left.\n|\n|t:|1732945177\n|move|p2b: \u5996\u97f3\u4e01\u771f|Detect|p2b: \u5996\u97f3\u4e01\u771f\n|-singleturn|p2b: \u5996\u97f3\u4e01\u771f|Protect\n|move|p1a: Rillaboom|Grassy Glide|p2b: \u5996\u97f3\u4e01\u771f\n|-activate|p2b: \u5996\u97f3\u4e01\u771f|move: Protect\n|move|p2a: \u63f4\u5ca9\u4e01\u771f|Throat Chop|p1a: Rillaboom\n|-damage|p1a: Rillaboom|0 fnt\n|faint|p1a: Rillaboom\n|move|p1b: Ursaluna|Headlong Rush|p2a: \u63f4\u5ca9\u4e01\u771f\n|-supereffective|p2a: \u63f4\u5ca9\u4e01\u771f\n|-damage|p2a: \u63f4\u5ca9\u4e01\u771f|0 fnt\n|-unboost|p1b: Ursaluna|def|1\n|-unboost|p1b: Ursaluna|spd|1\n|faint|p2a: \u63f4\u5ca9\u4e01\u771f\n|\n|-weather|SunnyDay|[upkeep]\n|-heal|p2b: \u5996\u97f3\u4e01\u771f|84\/100|[from] Grassy Terrain\n|-heal|p1b: Ursaluna|39\/100 brn|[from] Grassy Terrain\n|-damage|p1b: Ursaluna|33\/100 brn|[from] brn\n|upkeep\n|turn|6\n|c|\u2606LetHimSleep|gg\n|\n|t:|1732945191\n|move|p2b: \u5996\u97f3\u4e01\u771f|Quick Attack|p1b: Ursaluna\n|-damage|p1b: Ursaluna|20\/100 brn\n|move|p1b: Ursaluna|Facade|p2b: \u5996\u97f3\u4e01\u771f\n|-damage|p2b: \u5996\u97f3\u4e01\u771f|0 fnt\n|faint|p2b: \u5996\u97f3\u4e01\u771f\n|\n|win|LetHimSleep\n|raw|LetHimSleep's rating: 1692 &rarr; <strong>1713<\/strong><br \/>(+21 for winning)\n|raw|shuijun1\u82cd\u708e\u5203\u9b3c\u4fa0's rating: 1708 &rarr; <strong>1687<\/strong><br \/>(-21 for losing)\n|l|\u2606shuijun1\u82cd\u708e\u5203\u9b3c\u4fa0\n|player|p2|\n|c|\u2606LetHimSleep|?\n|l|\u2606LetHimSleep\n|player|p1|\n|l| Bloodyknuckles\n|l| number86\n","uploadtime":1732945445,"views":14,"formatid":"gen9vgc2024regh","rating":1687,"private":0,"password":null}