{"id":"gen9vgc2024regh-2253324081","format":"[Gen 9] VGC 2024 Reg H","players":["Djjwjwwjj","qiyevgc"],"log":"|j|\u2606Djjwjwwjj\n|j|\u2606qiyevgc\n|t:|1732877075\n|gametype|doubles\n|player|p1|Djjwjwwjj|101|1837\n|player|p2|qiyevgc|nancy|1691\n|teamsize|p1|6\n|teamsize|p2|6\n|gen|9\n|tier|[Gen 9] VGC 2024 Reg H\n|rated|\n|rule|Species Clause: Limit one of each Pok\u00e9mon\n|rule|Item Clause: Limit 1 of each item\n|clearpoke\n|poke|p1|Palafin, L50, F|\n|poke|p1|Pelipper, L50, F|\n|poke|p1|Electabuzz, L50, F|\n|poke|p1|Rillaboom, L50, M|\n|poke|p1|Incineroar, L50, F|\n|poke|p1|Gholdengo, L50|\n|poke|p2|Salamence, L50, F|\n|poke|p2|Tyranitar, L50, F|\n|poke|p2|Excadrill, L50, M|\n|poke|p2|Farigiraf, L50, F|\n|poke|p2|Ursaluna-Bloodmoon, L50, M|\n|poke|p2|Primarina, L50, F|\n|teampreview|4\n|inactive|Battle timer is ON: inactive players will automatically lose when time's up. (requested by Djjwjwwjj)\n|j| blyng\n|l| blyng\n|inactive|Djjwjwwjj has 60 seconds left.\n|inactive|qiyevgc has 60 seconds left.\n|\n|t:|1732877124\n|start\n|switch|p1a: Incineroar|Incineroar, L50, F|100\/100\n|switch|p1b: Gholdengo|Gholdengo, L50|100\/100\n|switch|p2a: Farigiraf|Farigiraf, L50, F|100\/100\n|switch|p2b: Salamence|Salamence, L50, F|100\/100\n|-ability|p2b: Salamence|Intimidate|boost\n|-unboost|p1a: Incineroar|atk|1\n|-unboost|p1b: Gholdengo|atk|1\n|-ability|p1a: Incineroar|Intimidate|boost\n|-unboost|p2a: Farigiraf|atk|1\n|-unboost|p2b: Salamence|atk|1\n|-enditem|p2b: Salamence|Eject Pack\n|\n|t:|1732877133\n|switch|p2b: Tyranitar|Tyranitar, L50, F|100\/100\n|-weather|Sandstorm|[from] ability: Sand Stream|[of] p2b: Tyranitar\n|turn|1\n|\n|t:|1732877158\n|-terastallize|p1b: Gholdengo|Dragon\n|move|p1b: Gholdengo|Nasty Plot|p1b: Gholdengo\n|-boost|p1b: Gholdengo|spa|2\n|move|p1a: Incineroar|Parting Shot|p2b: Tyranitar\n|-unboost|p2b: Tyranitar|atk|1\n|-unboost|p2b: Tyranitar|spa|1\n|\n|t:|1732877172\n|switch|p1a: Rillaboom|Rillaboom, L50, M|100\/100|[from] Parting Shot\n|-fieldstart|move: Grassy Terrain|[from] ability: Grassy Surge|[of] p1a: Rillaboom\n|move|p2b: Tyranitar|Rock Slide|p1b: Gholdengo|[spread] p1a,p1b\n|-damage|p1a: Rillaboom|68\/100\n|-damage|p1b: Gholdengo|66\/100\n|move|p2a: Farigiraf|Trick Room|p2a: Farigiraf\n|-fieldstart|move: Trick Room|[of] p2a: Farigiraf\n|\n|-weather|Sandstorm|[upkeep]\n|-damage|p2a: Farigiraf|95\/100|[from] Sandstorm\n|-damage|p1a: Rillaboom|62\/100|[from] Sandstorm\n|-damage|p1b: Gholdengo|59\/100|[from] Sandstorm\n|-heal|p2a: Farigiraf|100\/100|[from] Grassy Terrain\n|-heal|p1a: Rillaboom|68\/100|[from] Grassy Terrain\n|-heal|p1b: Gholdengo|66\/100|[from] Grassy Terrain\n|-heal|p1b: Gholdengo|72\/100|[from] item: Leftovers\n|upkeep\n|turn|2\n|inactive|Djjwjwwjj has 30 seconds left.\n|inactive|Djjwjwwjj has 20 seconds left.\n|inactive|qiyevgc has 30 seconds left.\n|inactive|Djjwjwwjj has 15 seconds left.\n|inactive|Djjwjwwjj has 10 seconds left.\n|\n|t:|1732877220\n|switch|p1a: Electabuzz|Electabuzz, L50, F|100\/100\n|move|p2a: Farigiraf|Helping Hand|p2b: Tyranitar\n|-singleturn|p2b: Tyranitar|Helping Hand|[of] p2a: Farigiraf\n|move|p2b: Tyranitar|Rock Slide|p1a: Electabuzz|[spread] p1a,p1b\n|-damage|p1a: Electabuzz|45\/100\n|-damage|p1b: Gholdengo|20\/100\n|cant|p1b: Gholdengo|flinch\n|\n|-weather|Sandstorm|[upkeep]\n|-damage|p2a: Farigiraf|95\/100|[from] Sandstorm\n|-damage|p1b: Gholdengo|14\/100|[from] Sandstorm\n|-damage|p1a: Electabuzz|39\/100|[from] Sandstorm\n|-heal|p2a: Farigiraf|100\/100|[from] Grassy Terrain\n|-heal|p1b: Gholdengo|20\/100|[from] Grassy Terrain\n|-heal|p1b: Gholdengo|27\/100|[from] item: Leftovers\n|-heal|p1a: Electabuzz|45\/100|[from] Grassy Terrain\n|upkeep\n|turn|3\n|inactive|Djjwjwwjj has 30 seconds left.\n|inactive|qiyevgc has 30 seconds left.\n|inactive|qiyevgc has 20 seconds left.\n|inactive|Djjwjwwjj has 20 seconds left.\n|inactive|Djjwjwwjj has 15 seconds left.\n|\n|t:|1732877270\n|switch|p2a: Salamence|Salamence, L50, F|100\/100\n|-ability|p2a: Salamence|Intimidate|boost\n|-unboost|p1a: Electabuzz|atk|1\n|-unboost|p1b: Gholdengo|atk|1\n|switch|p2b: Ursaluna|Ursaluna-Bloodmoon, L50, M|100\/100\n|switch|p1a: Incineroar|Incineroar, L50, F|100\/100\n|-ability|p1a: Incineroar|Intimidate|boost\n|-unboost|p2a: Salamence|atk|1\n|-unboost|p2b: Ursaluna|atk|1\n|move|p1b: Gholdengo|Protect||[still]\n|-fail|p1b: Gholdengo\n|\n|-weather|Sandstorm|[upkeep]\n|-damage|p1a: Incineroar|95\/100|[from] Sandstorm\n|-damage|p1b: Gholdengo|20\/100|[from] Sandstorm\n|-damage|p2a: Salamence|95\/100|[from] Sandstorm\n|-heal|p1a: Incineroar|100\/100|[from] Grassy Terrain\n|-heal|p1b: Gholdengo|27\/100|[from] Grassy Terrain\n|-heal|p1b: Gholdengo|33\/100|[from] item: Leftovers\n|upkeep\n|turn|4\n|inactive|qiyevgc has 30 seconds left.\n|\n|t:|1732877295\n|switch|p2a: Tyranitar|Tyranitar, L50, F|100\/100\n|-terastallize|p2b: Ursaluna|Normal\n|move|p1b: Gholdengo|Protect|p1b: Gholdengo\n|-singleturn|p1b: Gholdengo|Protect\n|move|p2b: Ursaluna|Hyper Voice|p1b: Gholdengo|[spread] p1a\n|-activate|p1b: Gholdengo|move: Protect\n|-damage|p1a: Incineroar|39\/100\n|move|p1a: Incineroar|Parting Shot|p2b: Ursaluna\n|-unboost|p2b: Ursaluna|atk|1\n|-unboost|p2b: Ursaluna|spa|1\n|\n|t:|1732877319\n|switch|p1a: Rillaboom|Rillaboom, L50, M|68\/100|[from] Parting Shot\n|\n|-weather|Sandstorm|[upkeep]\n|-damage|p2b: Ursaluna|94\/100|[from] Sandstorm\n|-damage|p1a: Rillaboom|62\/100|[from] Sandstorm\n|-damage|p1b: Gholdengo|27\/100|[from] Sandstorm\n|-heal|p2b: Ursaluna|100\/100|[from] Grassy Terrain\n|-heal|p1a: Rillaboom|68\/100|[from] Grassy Terrain\n|-heal|p1b: Gholdengo|33\/100|[from] Grassy Terrain\n|-heal|p1b: Gholdengo|39\/100|[from] item: Leftovers\n|upkeep\n|turn|5\n|\n|t:|1732877334\n|switch|p2a: Farigiraf|Farigiraf, L50, F|100\/100\n|switch|p1a: Incineroar|Incineroar, L50, F|39\/100\n|-ability|p1a: Incineroar|Intimidate|boost\n|-unboost|p2a: Farigiraf|atk|1\n|-unboost|p2b: Ursaluna|atk|1\n|move|p1b: Gholdengo|Protect|p1b: Gholdengo\n|-singleturn|p1b: Gholdengo|Protect\n|move|p2b: Ursaluna|Hyper Voice|p1a: Incineroar|[spread] p1a\n|-activate|p1b: Gholdengo|move: Protect\n|-damage|p1a: Incineroar|0 fnt\n|faint|p1a: Incineroar\n|\n|-weather|none\n|-heal|p1b: Gholdengo|45\/100|[from] Grassy Terrain\n|-heal|p1b: Gholdengo|52\/100|[from] item: Leftovers\n|-fieldend|move: Trick Room\n|-fieldend|move: Grassy Terrain\n|upkeep\n|\n|t:|1732877354\n|switch|p1a: Rillaboom|Rillaboom, L50, M|68\/100\n|-fieldstart|move: Grassy Terrain|[from] ability: Grassy Surge|[of] p1a: Rillaboom\n|turn|6\n|\n|t:|1732877369\n|move|p2a: Farigiraf|Protect|p2a: Farigiraf\n|-singleturn|p2a: Farigiraf|Protect\n|move|p1b: Gholdengo|Make It Rain|p2a: Farigiraf|[spread] p2b\n|-activate|p2a: Farigiraf|move: Protect\n|-damage|p2b: Ursaluna|0 fnt\n|-unboost|p1b: Gholdengo|spa|1\n|faint|p2b: Ursaluna\n|move|p1a: Rillaboom|Wood Hammer|p2a: Farigiraf\n|-activate|p2a: Farigiraf|move: Protect\n|\n|-heal|p1b: Gholdengo|58\/100|[from] Grassy Terrain\n|-heal|p1b: Gholdengo|64\/100|[from] item: Leftovers\n|-heal|p1a: Rillaboom|74\/100|[from] Grassy Terrain\n|upkeep\n|\n|t:|1732877372\n|switch|p2b: Salamence|Salamence, L50, F|95\/100\n|-ability|p2b: Salamence|Intimidate|boost\n|-unboost|p1a: Rillaboom|atk|1\n|-unboost|p1b: Gholdengo|atk|1\n|turn|7\n|inactive|Djjwjwwjj has 30 seconds left.\n|inactive|qiyevgc has 30 seconds left.\n|\n|t:|1732877399\n|switch|p1a: Electabuzz|Electabuzz, L50, F|45\/100\n|move|p1b: Gholdengo|Protect|p1b: Gholdengo\n|-singleturn|p1b: Gholdengo|Protect\n|move|p2b: Salamence|Dual Wingbeat|p1a: Electabuzz|[miss]\n|-miss|p2b: Salamence|p1a: Electabuzz\n|move|p2a: Farigiraf|Trick Room|p2a: Farigiraf\n|-fieldstart|move: Trick Room|[of] p2a: Farigiraf\n|\n|-heal|p1b: Gholdengo|70\/100|[from] Grassy Terrain\n|-heal|p1b: Gholdengo|77\/100|[from] item: Leftovers\n|-heal|p1a: Electabuzz|50\/100|[from] Grassy Terrain\n|upkeep\n|turn|8\n|j| Kal0sunleashed\n|inactive|Djjwjwwjj has 30 seconds left.\n|\n|t:|1732877426\n|move|p1a: Electabuzz|Follow Me|p1a: Electabuzz\n|-singleturn|p1a: Electabuzz|move: Follow Me\n|move|p2a: Farigiraf|Psychic Noise|p1a: Electabuzz\n|-damage|p1a: Electabuzz|29\/100\n|-start|p1a: Electabuzz|move: Heal Block\n|move|p1b: Gholdengo|Nasty Plot|p1b: Gholdengo\n|-boost|p1b: Gholdengo|spa|2\n|move|p2b: Salamence|Dual Wingbeat|p1a: Electabuzz\n|-resisted|p1a: Electabuzz\n|-damage|p1a: Electabuzz|19\/100\n|-resisted|p1a: Electabuzz\n|-damage|p1a: Electabuzz|6\/100\n|-hitcount|p1a: Electabuzz|2\n|\n|-heal|p1b: Gholdengo|83\/100|[from] Grassy Terrain\n|-heal|p1b: Gholdengo|89\/100|[from] item: Leftovers\n|upkeep\n|turn|9\n|inactive|Djjwjwwjj has 30 seconds left.\n|inactive|qiyevgc has 30 seconds left.\n|\n|t:|1732877458\n|move|p2a: Farigiraf|Protect|p2a: Farigiraf\n|-singleturn|p2a: Farigiraf|Protect\n|move|p1b: Gholdengo|Protect|p1b: Gholdengo\n|-singleturn|p1b: Gholdengo|Protect\n|move|p1a: Electabuzz|Protect|p1a: Electabuzz\n|-singleturn|p1a: Electabuzz|Protect\n|move|p2b: Salamence|Draco Meteor|p1b: Gholdengo\n|-activate|p1b: Gholdengo|move: Protect\n|\n|-heal|p1b: Gholdengo|95\/100|[from] Grassy Terrain\n|-heal|p1b: Gholdengo|100\/100|[from] item: Leftovers\n|-end|p1a: Electabuzz|move: Heal Block\n|upkeep\n|turn|10\n|\n|t:|1732877481\n|move|p1a: Electabuzz|Follow Me|p1a: Electabuzz\n|-singleturn|p1a: Electabuzz|move: Follow Me\n|move|p2a: Farigiraf|Psychic Noise|p1a: Electabuzz\n|-damage|p1a: Electabuzz|0 fnt\n|faint|p1a: Electabuzz\n|move|p1b: Gholdengo|Make It Rain|p2b: Salamence|[spread] p2a,p2b\n|-damage|p2a: Farigiraf|0 fnt\n|-damage|p2b: Salamence|0 fnt\n|-unboost|p1b: Gholdengo|spa|1\n|faint|p2a: Farigiraf\n|faint|p2b: Salamence\n|\n|-fieldend|move: Grassy Terrain\n|upkeep\n|\n|t:|1732877496\n|switch|p2a: Tyranitar|Tyranitar, L50, F|100\/100\n|switch|p1a: Rillaboom|Rillaboom, L50, M|74\/100\n|-weather|Sandstorm|[from] ability: Sand Stream|[of] p2a: Tyranitar\n|-fieldstart|move: Grassy Terrain|[from] ability: Grassy Surge|[of] p1a: Rillaboom\n|turn|11\n|-message|qiyevgc forfeited.\n|\n|win|Djjwjwwjj\n|raw|Djjwjwwjj's rating: 1837 &rarr; <strong>1849<\/strong><br \/>(+12 for winning)\n|raw|qiyevgc's rating: 1691 &rarr; <strong>1679<\/strong><br \/>(-12 for losing)\n","uploadtime":1732877504,"views":39,"formatid":"gen9vgc2024regh","rating":1679,"private":0,"password":null}