{"id":"gen9vgc2024regh-2253851401","format":"[Gen 9] VGC 2024 Reg H","players":["bluestraggler01","Djjwjwwjj"],"log":"|j|\u2606bluestraggler01\n|j|\u2606Djjwjwwjj\n|t:|1732948918\n|gametype|doubles\n|player|p1|bluestraggler01|170|1739\n|player|p2|Djjwjwwjj|265|1711\n|teamsize|p1|6\n|teamsize|p2|6\n|gen|9\n|tier|[Gen 9] VGC 2024 Reg H\n|rated|\n|rule|Species Clause: Limit one of each Pok\u00e9mon\n|rule|Item Clause: Limit 1 of each item\n|clearpoke\n|poke|p1|Talonflame, L50, M|\n|poke|p1|Krookodile, L50, F|\n|poke|p1|Archaludon, L50, M|\n|poke|p1|Pelipper, L50, M|\n|poke|p1|Annihilape, L50, F|\n|poke|p1|Brambleghast, L50, M|\n|poke|p2|Palafin, L50, M|\n|poke|p2|Pelipper, L50, M|\n|poke|p2|Electabuzz, L50, F|\n|poke|p2|Rillaboom, L50, M|\n|poke|p2|Incineroar, L50, F|\n|poke|p2|Gholdengo, L50|\n|teampreview|4\n|inactive|Battle timer is ON: inactive players will automatically lose when time's up. (requested by Djjwjwwjj)\nbluestraggler01 rejected open team sheets.\n|inactive|Djjwjwwjj has 60 seconds left.\n|\n|t:|1732948953\n|start\n|switch|p1a: \u773c\u5f71\u4e01\u771f|Krookodile, L50, F|100\/100\n|switch|p1b: \u7ffc\u9e70\u4e01\u771f|Talonflame, L50, M|100\/100\n|switch|p2a: Palafin|Palafin, L50, M|100\/100\n|switch|p2b: Gholdengo|Gholdengo, L50|100\/100\n|-ability|p1a: \u773c\u5f71\u4e01\u771f|Intimidate|boost\n|-unboost|p2a: Palafin|atk|1\n|-unboost|p2b: Gholdengo|atk|1\n|turn|1\n|inactive|Djjwjwwjj has 30 seconds left.\n|\n|t:|1732948983\n|detailschange|p2a: Palafin|Palafin-Hero, L50, M\n|switch|p2a: Incineroar|Incineroar, L50, F|100\/100\n|-ability|p2a: Incineroar|Intimidate|boost\n|-unboost|p1a: \u773c\u5f71\u4e01\u771f|atk|1\n|-unboost|p1b: \u7ffc\u9e70\u4e01\u771f|atk|1\n|move|p2b: Gholdengo|Protect|p2b: Gholdengo\n|-singleturn|p2b: Gholdengo|Protect\n|move|p1b: \u7ffc\u9e70\u4e01\u771f|Tailwind|p1b: \u7ffc\u9e70\u4e01\u771f\n|-sidestart|p1: bluestraggler01|move: Tailwind\n|move|p1a: \u773c\u5f71\u4e01\u771f|Knock Off|p2b: Gholdengo\n|-activate|p2b: Gholdengo|move: Protect\n|\n|upkeep\n|turn|2\n|\n|t:|1732949000\n|move|p1b: \u7ffc\u9e70\u4e01\u771f|Quick Guard|p1b: \u7ffc\u9e70\u4e01\u771f\n|-singleturn|p1b: \u7ffc\u9e70\u4e01\u771f|Quick Guard\n|move|p2a: Incineroar|Fake Out|p1a: \u773c\u5f71\u4e01\u771f\n|-activate|p1a: \u773c\u5f71\u4e01\u771f|move: Quick Guard\n|move|p1a: \u773c\u5f71\u4e01\u771f|Knock Off|p2b: Gholdengo\n|-supereffective|p2b: Gholdengo\n|-damage|p2b: Gholdengo|0 fnt\n|-enditem|p2b: Gholdengo|Leftovers|[from] move: Knock Off|[of] p1a: \u773c\u5f71\u4e01\u771f\n|faint|p2b: Gholdengo\n|\n|upkeep\n|\n|t:|1732949011\n|switch|p2b: Palafin|Palafin-Hero, L50, M|100\/100\n|-activate|p2b: Palafin|ability: Zero to Hero\n|turn|3\n|\n|t:|1732949023\n|switch|p1a: \u786c\u6cbf\u4e01\u771f|Archaludon, L50, M|100\/100\n|move|p1b: \u7ffc\u9e70\u4e01\u771f|Hurricane|p2b: Palafin|[miss]\n|-miss|p1b: \u7ffc\u9e70\u4e01\u771f|p2b: Palafin\n|move|p2b: Palafin|Flip Turn|p1b: \u7ffc\u9e70\u4e01\u771f\n|-supereffective|p1b: \u7ffc\u9e70\u4e01\u771f\n|-enditem|p1b: \u7ffc\u9e70\u4e01\u771f|Focus Sash\n|-damage|p1b: \u7ffc\u9e70\u4e01\u771f|1\/100\n|\n|t:|1732949033\n|switch|p2b: Electabuzz|Electabuzz, L50, F|100\/100|[from] Flip Turn\n|move|p2a: Incineroar|Parting Shot|p1a: \u786c\u6cbf\u4e01\u771f\n|-unboost|p1a: \u786c\u6cbf\u4e01\u771f|atk|1\n|-unboost|p1a: \u786c\u6cbf\u4e01\u771f|spa|1\n|\n|t:|1732949041\n|switch|p2a: Palafin|Palafin-Hero, L50, M|100\/100|[from] Parting Shot\n|\n|upkeep\n|turn|4\n|\n|t:|1732949053\n|switch|p1b: \u773c\u5f71\u4e01\u771f|Krookodile, L50, F|100\/100\n|-ability|p1b: \u773c\u5f71\u4e01\u771f|Intimidate|boost\n|-unboost|p2a: Palafin|atk|1\n|-unboost|p2b: Electabuzz|atk|1\n|move|p2b: Electabuzz|Follow Me|p2b: Electabuzz\n|-singleturn|p2b: Electabuzz|move: Follow Me\n|move|p1a: \u786c\u6cbf\u4e01\u771f|Body Press|p2b: Electabuzz\n|-damage|p2b: Electabuzz|77\/100\n|move|p2a: Palafin|Close Combat|p1a: \u786c\u6cbf\u4e01\u771f\n|-supereffective|p1a: \u786c\u6cbf\u4e01\u771f\n|-damage|p1a: \u786c\u6cbf\u4e01\u771f|33\/100\n|-unboost|p2a: Palafin|def|1\n|-unboost|p2a: Palafin|spd|1\n|-ability|p1a: \u786c\u6cbf\u4e01\u771f|Stamina|boost\n|-boost|p1a: \u786c\u6cbf\u4e01\u771f|def|1\n|\n|-sideend|p1: bluestraggler01|move: Tailwind\n|upkeep\n|turn|5\n|\n|t:|1732949080\n|switch|p1a: \u7ffc\u9e70\u4e01\u771f|Talonflame, L50, M|1\/100\n|-terastallize|p1b: \u773c\u5f71\u4e01\u771f|Ground\n|move|p2b: Electabuzz|Follow Me|p2b: Electabuzz\n|-singleturn|p2b: Electabuzz|move: Follow Me\n|move|p2a: Palafin|Close Combat|p1b: \u773c\u5f71\u4e01\u771f\n|-damage|p1b: \u773c\u5f71\u4e01\u771f|40\/100\n|-unboost|p2a: Palafin|def|1\n|-unboost|p2a: Palafin|spd|1\n|move|p1b: \u773c\u5f71\u4e01\u771f|Earthquake|p2a: Palafin|[spread] p2a,p2b\n|-immune|p1a: \u7ffc\u9e70\u4e01\u771f\n|-supereffective|p2b: Electabuzz\n|-damage|p2a: Palafin|0 fnt\n|-damage|p2b: Electabuzz|0 fnt\n|faint|p2a: Palafin\n|faint|p2b: Electabuzz\n|\n|upkeep\n|-message|Djjwjwwjj forfeited.\n|\n|win|bluestraggler01\n|raw|bluestraggler01's rating: 1739 &rarr; <strong>1757<\/strong><br \/>(+18 for winning)\n|raw|Djjwjwwjj's rating: 1711 &rarr; <strong>1693<\/strong><br \/>(-18 for losing)\n|l|\u2606Djjwjwwjj\n|player|p2|\n|l|\u2606bluestraggler01\n|player|p1|\n","uploadtime":1732949299,"views":27,"formatid":"gen9vgc2024regh","rating":1693,"private":0,"password":null}