{"id":"gen9vgc2024regh-2253237890","format":"[Gen 9] VGC 2024 Reg H","players":["Djjwjwwjj","madgiraffe"],"log":"|j|\u2606Djjwjwwjj\n|j|\u2606madgiraffe\n|t:|1732860742\n|gametype|doubles\n|player|p1|Djjwjwwjj|101|1749\n|player|p2|madgiraffe|1|1709\n|teamsize|p1|6\n|teamsize|p2|6\n|gen|9\n|tier|[Gen 9] VGC 2024 Reg H\n|rated|\n|rule|Species Clause: Limit one of each Pok\u00e9mon\n|rule|Item Clause: Limit 1 of each item\n|clearpoke\n|poke|p1|Palafin, L50, F|\n|poke|p1|Pelipper, L50, M|\n|poke|p1|Electabuzz, L50, M|\n|poke|p1|Rillaboom, L50, F|\n|poke|p1|Incineroar, L50, F|\n|poke|p1|Gholdengo, L50|\n|poke|p2|Gholdengo, L50|\n|poke|p2|Tinkaton, L50, F|\n|poke|p2|Ursaluna-Bloodmoon, L50, M|\n|poke|p2|Salamence, L50, F|\n|poke|p2|Incineroar, L50, F|\n|poke|p2|Basculegion, L50, M|\n|teampreview|4\n|inactive|Battle timer is ON: inactive players will automatically lose when time's up. (requested by Djjwjwwjj)\n|inactive|Djjwjwwjj has 60 seconds left.\n|inactive|madgiraffe has 60 seconds left.\n|\n|t:|1732860784\n|start\n|switch|p1a: Pelipper|Pelipper, L50, M|100\/100\n|switch|p1b: Incineroar|Incineroar, L50, F|100\/100\n|switch|p2a: Gholdengo|Gholdengo, L50|100\/100\n|switch|p2b: Tinkaton|Tinkaton, L50, F|100\/100\n|-weather|RainDance|[from] ability: Drizzle|[of] p1a: Pelipper\n|-ability|p2b: Tinkaton|Mold Breaker\n|-ability|p1b: Incineroar|Intimidate|boost\n|-unboost|p2a: Gholdengo|atk|1\n|-unboost|p2b: Tinkaton|atk|1\n|turn|1\n|\n|t:|1732860805\n|-terastallize|p2a: Gholdengo|Water\n|move|p2b: Tinkaton|Fake Out|p1a: Pelipper\n|-damage|p1a: Pelipper|93\/100\n|cant|p1a: Pelipper|flinch\n|move|p2a: Gholdengo|Nasty Plot|p2a: Gholdengo\n|-boost|p2a: Gholdengo|spa|2\n|move|p1b: Incineroar|Knock Off|p2a: Gholdengo\n|-damage|p2a: Gholdengo|45\/100\n|-enditem|p2a: Gholdengo|Life Orb|[from] move: Knock Off|[of] p1b: Incineroar\n|\n|-weather|RainDance|[upkeep]\n|upkeep\n|turn|2\n|\n|t:|1732860830\n|move|p2b: Tinkaton|Helping Hand|p2a: Gholdengo\n|-singleturn|p2a: Gholdengo|Helping Hand|[of] p2b: Tinkaton\n|move|p1a: Pelipper|Hurricane|p2a: Gholdengo\n|-damage|p2a: Gholdengo|0 fnt\n|faint|p2a: Gholdengo\n|move|p1b: Incineroar|Parting Shot|p2b: Tinkaton\n|-unboost|p2b: Tinkaton|atk|1\n|-unboost|p2b: Tinkaton|spa|1\n|\n|t:|1732860840\n|switch|p1b: Gholdengo|Gholdengo, L50|100\/100|[from] Parting Shot\n|\n|-weather|RainDance|[upkeep]\n|upkeep\n|\n|t:|1732860850\n|switch|p2a: Basculegion|Basculegion, L50, M|100\/100\n|turn|3\n|\n|t:|1732860871\n|switch|p1a: Incineroar|Incineroar, L50, F|100\/100\n|-ability|p1a: Incineroar|Intimidate|boost\n|-unboost|p2a: Basculegion|atk|1\n|-unboost|p2b: Tinkaton|atk|1\n|move|p1b: Gholdengo|Protect|p1b: Gholdengo\n|-singleturn|p1b: Gholdengo|Protect\n|move|p2a: Basculegion|Flip Turn|p1a: Incineroar\n|-supereffective|p1a: Incineroar\n|-damage|p1a: Incineroar|17\/100\n|\n|t:|1732860877\n|switch|p2a: Salamence|Salamence, L50, F|100\/100|[from] Flip Turn\n|-ability|p2a: Salamence|Intimidate|boost\n|-unboost|p1a: Incineroar|atk|1\n|-unboost|p1b: Gholdengo|atk|1\n|move|p2b: Tinkaton|Thunder Wave|p1b: Gholdengo\n|-activate|p1b: Gholdengo|move: Protect\n|\n|-weather|RainDance|[upkeep]\n|upkeep\n|turn|4\n|inactive|madgiraffe has 30 seconds left.\n|\n|t:|1732860903\n|move|p1a: Incineroar|Fake Out|p2a: Salamence\n|-damage|p2a: Salamence|89\/100\n|cant|p2a: Salamence|flinch\n|move|p2b: Tinkaton|Thunder Wave|p1b: Gholdengo\n|-status|p1b: Gholdengo|par\n|move|p1b: Gholdengo|Make It Rain|p2b: Tinkaton|[spread] p2a,p2b\n|-crit|p2b: Tinkaton\n|-damage|p2a: Salamence|28\/100\n|-damage|p2b: Tinkaton|40\/100\n|-unboost|p1b: Gholdengo|spa|1\n|\n|-weather|RainDance|[upkeep]\n|upkeep\n|turn|5\n|inactive|Djjwjwwjj has 30 seconds left.\n|inactive|madgiraffe has 30 seconds left.\n|\n|t:|1732860937\n|switch|p1a: Pelipper|Pelipper, L50, M|93\/100\n|move|p2a: Salamence|Protect|p2a: Salamence\n|-singleturn|p2a: Salamence|Protect\n|move|p2b: Tinkaton|Thunder Wave|p1a: Pelipper\n|-status|p1a: Pelipper|par\n|cant|p1b: Gholdengo|par\n|\n|-weather|none\n|upkeep\n|turn|6\n|inactive|madgiraffe has 30 seconds left.\n|\n|t:|1732860966\n|move|p2b: Tinkaton|Helping Hand|p2a: Salamence\n|-singleturn|p2a: Salamence|Helping Hand|[of] p2b: Tinkaton\n|move|p2a: Salamence|Dual Wingbeat|p1a: Pelipper\n|-damage|p1a: Pelipper|49\/100 par\n|-damage|p1a: Pelipper|8\/100 par\n|-hitcount|p1a: Pelipper|2\n|move|p1a: Pelipper|Icy Wind|p2b: Tinkaton|[spread] p2a,p2b\n|-supereffective|p2a: Salamence\n|-resisted|p2b: Tinkaton\n|-damage|p2a: Salamence|0 fnt\n|-damage|p2b: Tinkaton|34\/100\n|faint|p2a: Salamence\n|move|p1b: Gholdengo|Make It Rain|p2b: Tinkaton\n|-damage|p2b: Tinkaton|0 fnt\n|-unboost|p1b: Gholdengo|spa|1\n|faint|p2b: Tinkaton\n|\n|upkeep\n|\n|t:|1732860973\n|switch|p2b: Basculegion|Basculegion, L50, M|100\/100\n|turn|7\n|inactive|madgiraffe has 30 seconds left.\n|\n|t:|1732861007\n|move|p2b: Basculegion|Wave Crash|p1a: Pelipper\n|-resisted|p1a: Pelipper\n|-damage|p1a: Pelipper|0 fnt\n|faint|p1a: Pelipper\n|-damage|p2b: Basculegion|99\/100|[from] Recoil\n|move|p1b: Gholdengo|Shadow Ball|p2b: Basculegion\n|-supereffective|p2b: Basculegion\n|-damage|p2b: Basculegion|50\/100\n|\n|upkeep\n|-message|madgiraffe forfeited.\n|\n|win|Djjwjwwjj\n|raw|Djjwjwwjj's rating: 1749 &rarr; <strong>1767<\/strong><br \/>(+18 for winning)\n|raw|madgiraffe's rating: 1709 &rarr; <strong>1691<\/strong><br \/>(-18 for losing)\n|l|\u2606madgiraffe\n|player|p2|\n","uploadtime":1732861284,"views":13,"formatid":"gen9vgc2024regh","rating":1691,"private":0,"password":null}