{"id":"gen9vgc2024regh-2253667076","format":"[Gen 9] VGC 2024 Reg H","players":["orudbeck","BassoTara2"],"log":"|j|\u2606orudbeck\n|j|\u2606BassoTara2\n|t:|1732921631\n|gametype|doubles\n|player|p1|orudbeck|169|1681\n|player|p2|BassoTara2|psychic-gen4|1717\n|teamsize|p1|6\n|teamsize|p2|6\n|gen|9\n|tier|[Gen 9] VGC 2024 Reg H\n|rated|\n|rule|Species Clause: Limit one of each Pok\u00e9mon\n|rule|Item Clause: Limit 1 of each item\n|clearpoke\n|poke|p1|Tyranitar, L50, F|\n|poke|p1|Mamoswine, L50, F|\n|poke|p1|Dragonite, L50, F|\n|poke|p1|Amoonguss, L50, M|\n|poke|p1|Kilowattrel, L50, F|\n|poke|p1|Gholdengo, L50|\n|poke|p2|Indeedee-F, L50, F|\n|poke|p2|Hatterene, L50, F|\n|poke|p2|Torkoal, L50, F|\n|poke|p2|Ursaluna, L50, F|\n|poke|p2|Gallade, L50, M|\n|poke|p2|Maushold-Four, L50|\n|teampreview|4\nBassoTara2 has agreed to open team sheets.\n|\n|t:|1732921667\n|start\n|switch|p1a: Gholdengo|Gholdengo, L50|100\/100\n|switch|p1b: Tyranitar|Tyranitar, L50, F|100\/100\n|switch|p2a: Indeedee|Indeedee-F, L50, F|100\/100\n|switch|p2b: Gallade|Gallade, L50, M, shiny|100\/100\n|-weather|Sandstorm|[from] ability: Sand Stream|[of] p1b: Tyranitar\n|-fieldstart|move: Psychic Terrain|[from] ability: Psychic Surge|[of] p2a: Indeedee\n|-enditem|p2a: Indeedee|Psychic Seed\n|-boost|p2a: Indeedee|spd|1|[from] item: Psychic Seed\n|turn|1\n|j| plplk\n|\n|t:|1732921699\n|-terastallize|p1b: Tyranitar|Flying\n|move|p1a: Gholdengo|Trick|p2a: Indeedee\n|-activate|p1a: Gholdengo|move: Trick|[of] p2a: Indeedee\n|-item|p2a: Indeedee|Choice Scarf|[from] move: Trick\n|-enditem|p1a: Gholdengo|Choice Scarf|[silent]|[from] move: Trick\n|move|p2b: Gallade|Sacred Sword|p1b: Tyranitar\n|-resisted|p1b: Tyranitar\n|-damage|p1b: Tyranitar|67\/100\n|move|p1b: Tyranitar|Tera Blast|p2b: Gallade|[anim] Tera Blast Flying\n|-supereffective|p2b: Gallade\n|-damage|p2b: Gallade|0 fnt\n|faint|p2b: Gallade\n|move|p2a: Indeedee|Trick Room|p2a: Indeedee\n|-fieldstart|move: Trick Room|[of] p2a: Indeedee\n|\n|-weather|Sandstorm|[upkeep]\n|-damage|p1b: Tyranitar|61\/100|[from] Sandstorm\n|-damage|p2a: Indeedee|94\/100|[from] Sandstorm\n|upkeep\n|\n|t:|1732921712\n|switch|p2b: Torkoal|Torkoal, L50, F|100\/100\n|-weather|SunnyDay|[from] ability: Drought|[of] p2b: Torkoal\n|turn|2\n|\n|t:|1732921724\n|switch|p2a: Hatterene|Hatterene, L50, F|100\/100\n|move|p1a: Gholdengo|Protect|p1a: Gholdengo\n|-singleturn|p1a: Gholdengo|Protect\n|move|p2b: Torkoal|Eruption|p1a: Gholdengo|[spread] p1b\n|-activate|p1a: Gholdengo|move: Protect\n|-damage|p1b: Tyranitar|8\/100\n|move|p1b: Tyranitar|Rock Slide|p2a: Hatterene|[spread] p2a,p2b\n|-supereffective|p2b: Torkoal\n|-damage|p2a: Hatterene|63\/100\n|-damage|p2b: Torkoal|56\/100\n|\n|-weather|SunnyDay|[upkeep]\n|upkeep\n|turn|3\n|\n|t:|1732921747\n|-terastallize|p2b: Torkoal|Fire\n|move|p2b: Torkoal|Eruption|p1a: Gholdengo|[spread] p1a,p1b\n|-supereffective|p1a: Gholdengo\n|-damage|p1a: Gholdengo|0 fnt\n|-damage|p1b: Tyranitar|0 fnt\n|faint|p1a: Gholdengo\n|faint|p1b: Tyranitar\n|move|p2a: Hatterene|Expanding Force|p1: Gholdengo|[notarget]\n|-fail|p2a: Hatterene\n|\n|-weather|SunnyDay|[upkeep]\n|upkeep\n|\n|t:|1732921753\n|switch|p1b: Amoonguss|Amoonguss, L50, M|100\/100\n|switch|p1a: Dragonite|Dragonite, L50, F|100\/100\n|turn|4\n|\n|t:|1732921766\n|move|p1b: Amoonguss|Protect|p1b: Amoonguss\n|-singleturn|p1b: Amoonguss|Protect\n|move|p2b: Torkoal|Eruption|p1a: Dragonite|[spread] p1a\n|-activate|p1b: Amoonguss|move: Protect\n|-resisted|p1a: Dragonite\n|-damage|p1a: Dragonite|82\/100\n|move|p2a: Hatterene|Expanding Force|p1b: Amoonguss|[spread] p1a\n|-activate|p1b: Amoonguss|move: Protect\n|-damage|p1a: Dragonite|17\/100\n|move|p1a: Dragonite|Scale Shot|p2b: Torkoal\n|-damage|p2b: Torkoal|46\/100\n|-damage|p2b: Torkoal|32\/100\n|-damage|p2b: Torkoal|20\/100\n|-damage|p2b: Torkoal|8\/100\n|-hitcount|p2b: Torkoal|4\n|-unboost|p1a: Dragonite|def|1\n|-boost|p1a: Dragonite|spe|1\n|\n|-weather|SunnyDay|[upkeep]\n|upkeep\n|turn|5\n|\n|t:|1732921791\n|move|p2b: Torkoal|Eruption|p1b: Amoonguss|[spread] p1a,p1b\n|-resisted|p1a: Dragonite\n|-supereffective|p1b: Amoonguss\n|-damage|p1a: Dragonite|11\/100\n|-damage|p1b: Amoonguss|77\/100\n|move|p2a: Hatterene|Expanding Force|p1a: Dragonite|[spread] p1a,p1b\n|-crit|p1a: Dragonite\n|-supereffective|p1b: Amoonguss\n|-damage|p1a: Dragonite|0 fnt\n|-damage|p1b: Amoonguss|0 fnt\n|faint|p1a: Dragonite\n|faint|p1b: Amoonguss\n|\n|win|BassoTara2\n|raw|orudbeck's rating: 1681 &rarr; <strong>1663<\/strong><br \/>(-18 for losing)\n|raw|BassoTara2's rating: 1717 &rarr; <strong>1735<\/strong><br \/>(+18 for winning)\n|l|\u2606orudbeck\n|player|p1|\n|l|\u2606BassoTara2\n|player|p2|\n|l| plplk\n","uploadtime":1732922005,"views":6,"formatid":"gen9vgc2024regh","rating":1663,"private":0,"password":null}