{"id":"gen9vgc2024regh-2253940664","format":"[Gen 9] VGC 2024 Reg H","players":["DgC1605","marcxhenry"],"log":"|j|\u2606DgC1605\n|j|\u2606marcxhenry\n|t:|1732968177\n|gametype|doubles\n|player|p1|DgC1605|n|1728\n|player|p2|marcxhenry|plasmagrunt-gen5bw|1818\n|teamsize|p1|6\n|teamsize|p2|6\n|gen|9\n|tier|[Gen 9] VGC 2024 Reg H\n|rated|\n|rule|Species Clause: Limit one of each Pok\u00e9mon\n|rule|Item Clause: Limit 1 of each item\n|clearpoke\n|poke|p1|Dondozo, L50, M|\n|poke|p1|Tatsugiri, L50, M|\n|poke|p1|Annihilape, L50, M|\n|poke|p1|Archaludon, L50, M|\n|poke|p1|Pelipper, L50, F|\n|poke|p1|Dragonite, L50, M|\n|poke|p2|Tatsugiri, L50, M|\n|poke|p2|Weezing-Galar, L50, M|\n|poke|p2|Indeedee-F, L50, F|\n|poke|p2|Armarouge, L50, M|\n|poke|p2|Slaking, L50, M|\n|poke|p2|Dondozo, L50, M|\n|teampreview|4\n|inactive|Battle timer is ON: inactive players will automatically lose when time's up. (requested by DgC1605)\n|\n|t:|1732968202\n|start\n|switch|p1a: Annihilape|Annihilape, L50, M|100\/100\n|switch|p1b: Dragonite|Dragonite, L50, M|100\/100\n|switch|p2a: Sally|Indeedee-F, L50, F, shiny|100\/100\n|switch|p2b: Renault|Armarouge, L50, M, shiny|100\/100\n|-fieldstart|move: Psychic Terrain|[from] ability: Psychic Surge|[of] p2a: Sally\n|turn|1\n|\n|t:|1732968222\n|move|p2a: Sally|Follow Me|p2a: Sally\n|-singleturn|p2a: Sally|move: Follow Me\n|move|p1a: Annihilape|Coaching|p1b: Dragonite\n|-boost|p1b: Dragonite|atk|1\n|-boost|p1b: Dragonite|def|1\n|move|p1b: Dragonite|Scale Shot|p2a: Sally\n|-damage|p2a: Sally|78\/100\n|-damage|p2a: Sally|58\/100\n|-damage|p2a: Sally|38\/100\n|-damage|p2a: Sally|17\/100\n|-hitcount|p2a: Sally|4\n|-unboost|p1b: Dragonite|def|1\n|-boost|p1b: Dragonite|spe|1\n|move|p2b: Renault|Trick Room|p2b: Renault\n|-fieldstart|move: Trick Room|[of] p2b: Renault\n|\n|upkeep\n|turn|2\n|inactive|marcxhenry has 30 seconds left.\n|inactive|marcxhenry has 20 seconds left.\n|\n|t:|1732968258\n|switch|p2b: Weezing|Weezing-Galar, L50, M|100\/100\n|-ability|p2b: Weezing|Neutralizing Gas\n|move|p1b: Dragonite|Protect|p1b: Dragonite\n|-singleturn|p1b: Dragonite|Protect\n|move|p2a: Sally|Dazzling Gleam|p1b: Dragonite|[spread] p1a\n|-activate|p1b: Dragonite|move: Protect\n|-supereffective|p1a: Annihilape\n|-damage|p1a: Annihilape|77\/100\n|move|p1a: Annihilape|Coaching|p1b: Dragonite\n|-boost|p1b: Dragonite|atk|1\n|-boost|p1b: Dragonite|def|1\n|\n|upkeep\n|turn|3\n|\n|t:|1732968279\n|switch|p2a: Renault|Armarouge, L50, M, shiny|100\/100\n|-terastallize|p1b: Dragonite|Fairy\n|move|p2b: Weezing|Will-O-Wisp|p1b: Dragonite\n|-status|p1b: Dragonite|brn\n|move|p1b: Dragonite|Ice Spinner|p2b: Weezing\n|-damage|p2b: Weezing|75\/100\n|-fieldend|move: Psychic Terrain\n|move|p1a: Annihilape|Coaching|p1b: Dragonite\n|-boost|p1b: Dragonite|atk|1\n|-boost|p1b: Dragonite|def|1\n|\n|-damage|p1b: Dragonite|95\/100 brn|[from] brn\n|upkeep\n|turn|4\n|\n|t:|1732968295\n|-end|p2b: Weezing|ability: Neutralizing Gas\n|switch|p2b: Sally|Indeedee-F, L50, F, shiny|17\/100\n|-fieldstart|move: Psychic Terrain|[from] ability: Psychic Surge|[of] p2b: Sally\n|move|p1b: Dragonite|Protect|p1b: Dragonite\n|-singleturn|p1b: Dragonite|Protect\n|move|p2a: Renault|Expanding Force|p1a: Annihilape|[spread] p1a\n|-activate|p1b: Dragonite|move: Protect\n|-supereffective|p1a: Annihilape\n|-damage|p1a: Annihilape|0 fnt\n|faint|p1a: Annihilape\n|\n|-damage|p1b: Dragonite|89\/100 brn|[from] brn\n|upkeep\n|\n|t:|1732968301\n|switch|p1a: Pelipper|Pelipper, L50, F|100\/100\n|-weather|RainDance|[from] ability: Drizzle|[of] p1a: Pelipper\n|turn|5\n|inactive|marcxhenry has 30 seconds left.\n|\n|t:|1732968332\n|switch|p2b: Slaking|Slaking, L50, M, shiny|100\/100\n|switch|p2a: Weezing|Weezing-Galar, L50, M|75\/100\n|-ability|p2a: Weezing|Neutralizing Gas\n|move|p1a: Pelipper|Wide Guard|p1a: Pelipper\n|-singleturn|p1a: Pelipper|Wide Guard\n|move|p1b: Dragonite|Stomping Tantrum|p2a: Weezing\n|-supereffective|p2a: Weezing\n|-damage|p2a: Weezing|13\/100\n|-enditem|p2a: Weezing|Sitrus Berry|[eat]\n|-heal|p2a: Weezing|37\/100|[from] item: Sitrus Berry\n|\n|-weather|RainDance|[upkeep]\n|-damage|p1b: Dragonite|83\/100 brn|[from] brn\n|-fieldend|move: Trick Room\n|upkeep\n|turn|6\n|\n|t:|1732968357\n|move|p1b: Dragonite|Stomping Tantrum|p2a: Weezing\n|-supereffective|p2a: Weezing\n|-damage|p2a: Weezing|0 fnt\n|faint|p2a: Weezing\n|-end|p2a: Weezing|ability: Neutralizing Gas\n|move|p2b: Slaking|Double-Edge|p1a: Pelipper\n|-damage|p1a: Pelipper|0 fnt\n|faint|p1a: Pelipper\n|-damage|p2b: Slaking|81\/100|[from] Recoil\n|-damage|p2b: Slaking|71\/100|[from] item: Life Orb\n|\n|-weather|RainDance|[upkeep]\n|-damage|p1b: Dragonite|77\/100 brn|[from] brn\n|upkeep\n|\n|t:|1732968375\n|switch|p1a: Archaludon|Archaludon, L50, M|100\/100\n|switch|p2a: Sally|Indeedee-F, L50, F, shiny|17\/100\n|turn|7\n|\n|t:|1732968397\n|switch|p2b: Renault|Armarouge, L50, M, shiny|100\/100\n|move|p1b: Dragonite|Stomping Tantrum|p2a: Sally\n|-damage|p2a: Sally|0 fnt\n|-damage|p1b: Dragonite|60\/100 brn|[from] item: Rocky Helmet|[of] p2a: Sally\n|faint|p2a: Sally\n|move|p1a: Archaludon|Electro Shot||[still]\n|-prepare|p1a: Archaludon|Electro Shot\n|-boost|p1a: Archaludon|spa|1\n|-anim|p1a: Archaludon|Electro Shot|p2b: Renault\n|-damage|p2b: Renault|23\/100\n|\n|-weather|RainDance|[upkeep]\n|-damage|p1b: Dragonite|54\/100 brn|[from] brn\n|upkeep\n|\n|t:|1732968410\n|switch|p2a: Slaking|Slaking, L50, M, shiny|71\/100\n|turn|8\n|\n|t:|1732968421\n|-terastallize|p2b: Renault|Grass\n|move|p1b: Dragonite|Stomping Tantrum|p2b: Renault\n|-resisted|p2b: Renault\n|-damage|p2b: Renault|6\/100\n|move|p1a: Archaludon|Electro Shot||[still]\n|-prepare|p1a: Archaludon|Electro Shot\n|-boost|p1a: Archaludon|spa|1\n|-anim|p1a: Archaludon|Electro Shot|p2a: Slaking\n|-damage|p2a: Slaking|0 fnt\n|faint|p2a: Slaking\n|move|p2b: Renault|Trick Room|p2b: Renault\n|-fieldstart|move: Trick Room|[of] p2b: Renault\n|\n|-weather|RainDance|[upkeep]\n|-damage|p1b: Dragonite|48\/100 brn|[from] brn\n|-fieldend|move: Psychic Terrain\n|upkeep\n|turn|9\n|\n|t:|1732968440\n|move|p2b: Renault|Expanding Force|p1b: Dragonite\n|-damage|p1b: Dragonite|0 fnt\n|faint|p1b: Dragonite\n|move|p1a: Archaludon|Electro Shot||[still]\n|-prepare|p1a: Archaludon|Electro Shot\n|-boost|p1a: Archaludon|spa|1\n|-anim|p1a: Archaludon|Electro Shot|p2b: Renault\n|-resisted|p2b: Renault\n|-damage|p2b: Renault|0 fnt\n|faint|p2b: Renault\n|\n|win|DgC1605\n|raw|DgC1605's rating: 1728 &rarr; <strong>1753<\/strong><br \/>(+25 for winning)\n|raw|marcxhenry's rating: 1818 &rarr; <strong>1793<\/strong><br \/>(-25 for losing)\n|l|\u2606DgC1605\n|player|p1|\n|l|\u2606marcxhenry\n|player|p2|\n|j| dragondrivevgc\n","uploadtime":1732968632,"views":24,"formatid":"gen9vgc2024regh","rating":1753,"private":0,"password":null}