{"id":"gen9vgc2024regh-2253360746","format":"[Gen 9] VGC 2024 Reg H","players":["Fennel_Strawborzoi","Djjwjwwjj"],"log":"|j|\u2606Fennel_Strawborzoi\n|j|\u2606Djjwjwwjj\n|t:|1732882997\n|gametype|doubles\n|player|p1|Fennel_Strawborzoi|cynthia-gen4|1736\n|player|p2|Djjwjwwjj|101|1821\n|teamsize|p1|6\n|teamsize|p2|6\n|gen|9\n|tier|[Gen 9] VGC 2024 Reg H\n|rated|\n|rule|Species Clause: Limit one of each Pok\u00e9mon\n|rule|Item Clause: Limit 1 of each item\n|clearpoke\n|poke|p1|Kommo-o, L50, M|\n|poke|p1|Gholdengo, L50|\n|poke|p1|Sneasler, L50, F|\n|poke|p1|Rillaboom, L50, F|\n|poke|p1|Dondozo, L50, F|\n|poke|p1|Electabuzz, L50, F|\n|poke|p2|Palafin, L50, F|\n|poke|p2|Pelipper, L50, F|\n|poke|p2|Electabuzz, L50, F|\n|poke|p2|Rillaboom, L50, F|\n|poke|p2|Incineroar, L50, M|\n|poke|p2|Gholdengo, L50|\n|teampreview|4\n|inactive|Battle timer is ON: inactive players will automatically lose when time's up. (requested by Djjwjwwjj)\nFennel_Strawborzoi has agreed to open team sheets.\n|inactive|Fennel_Strawborzoi has 60 seconds left.\n|inactive|Fennel_Strawborzoi has 30 seconds left.\n|\n|t:|1732883063\n|start\n|switch|p1a: Sneasler|Sneasler, L50, F|100\/100\n|switch|p1b: Kommo-o|Kommo-o, L50, M, shiny|100\/100\n|switch|p2a: Electabuzz|Electabuzz, L50, F|100\/100\n|switch|p2b: Gholdengo|Gholdengo, L50|100\/100\n|turn|1\n|\n|t:|1732883082\n|move|p1a: Sneasler|Fake Out|p2a: Electabuzz\n|-damage|p2a: Electabuzz|83\/100\n|cant|p2a: Electabuzz|flinch\n|move|p1b: Kommo-o|Clangorous Soul|p1b: Kommo-o\n|-boost|p1b: Kommo-o|atk|1\n|-boost|p1b: Kommo-o|def|1\n|-boost|p1b: Kommo-o|spa|1\n|-boost|p1b: Kommo-o|spd|1\n|-boost|p1b: Kommo-o|spe|1\n|-damage|p1b: Kommo-o|68\/100\n|-enditem|p1b: Kommo-o|Throat Spray\n|-boost|p1b: Kommo-o|spa|1|[from] item: Throat Spray\n|move|p2b: Gholdengo|Nasty Plot|p2b: Gholdengo\n|-boost|p2b: Gholdengo|spa|2\n|\n|upkeep\n|turn|2\n|inactive|Djjwjwwjj has 30 seconds left.\n|\n|t:|1732883114\n|switch|p1a: Electabuzz|Electabuzz, L50, F|100\/100\n|-terastallize|p1b: Kommo-o|Fire\n|move|p2a: Electabuzz|Protect|p2a: Electabuzz\n|-singleturn|p2a: Electabuzz|Protect\n|move|p2b: Gholdengo|Protect|p2b: Gholdengo\n|-singleturn|p2b: Gholdengo|Protect\n|move|p1b: Kommo-o|Flamethrower|p2b: Gholdengo\n|-activate|p2b: Gholdengo|move: Protect\n|\n|upkeep\n|turn|3\n|inactive|Djjwjwwjj has 30 seconds left.\n|\n|t:|1732883144\n|move|p1b: Kommo-o|Protect|p1b: Kommo-o\n|-singleturn|p1b: Kommo-o|Protect\n|move|p2a: Electabuzz|Light Screen|p2a: Electabuzz\n|-sidestart|p2: Djjwjwwjj|move: Light Screen\n|move|p1a: Electabuzz|Taunt|p2a: Electabuzz\n|-start|p2a: Electabuzz|move: Taunt\n|move|p2b: Gholdengo|Nasty Plot|p2b: Gholdengo\n|-boost|p2b: Gholdengo|spa|2\n|\n|upkeep\n|turn|4\n|\n|t:|1732883162\n|switch|p2a: Incineroar|Incineroar, L50, M|100\/100\n|-ability|p2a: Incineroar|Intimidate|boost\n|-unboost|p1a: Electabuzz|atk|1\n|-unboost|p1b: Kommo-o|atk|1\n|move|p2b: Gholdengo|Protect|p2b: Gholdengo\n|-singleturn|p2b: Gholdengo|Protect\n|move|p1b: Kommo-o|Clanging Scales|p2a: Incineroar|[spread] p2a\n|-activate|p2b: Gholdengo|move: Protect\n|-damage|p2a: Incineroar|61\/100\n|-unboost|p1b: Kommo-o|def|1\n|move|p1a: Electabuzz|Electroweb|p2a: Incineroar|[spread] p2a\n|-activate|p2b: Gholdengo|move: Protect\n|-damage|p2a: Incineroar|52\/100\n|-unboost|p2a: Incineroar|spe|1\n|\n|upkeep\n|turn|5\n|j| Glance-Meowstic\n|\n|t:|1732883184\n|move|p1b: Kommo-o|Protect|p1b: Kommo-o\n|-singleturn|p1b: Kommo-o|Protect\n|move|p1a: Electabuzz|Protect|p1a: Electabuzz\n|-singleturn|p1a: Electabuzz|Protect\n|move|p2a: Incineroar|Fake Out|p1b: Kommo-o\n|-activate|p1b: Kommo-o|move: Protect\n|move|p2b: Gholdengo|Nasty Plot|p2b: Gholdengo\n|-boost|p2b: Gholdengo|spa|2\n|\n|upkeep\n|turn|6\n|inactive|Djjwjwwjj has 30 seconds left.\n|\n|t:|1732883214\n|switch|p2a: Electabuzz|Electabuzz, L50, F|83\/100\n|move|p2b: Gholdengo|Protect|p2b: Gholdengo\n|-singleturn|p2b: Gholdengo|Protect\n|move|p1b: Kommo-o|Clanging Scales|p2a: Electabuzz|[spread] p2a\n|-activate|p2b: Gholdengo|move: Protect\n|-damage|p2a: Electabuzz|48\/100\n|-unboost|p1b: Kommo-o|def|1\n|move|p1a: Electabuzz|Electroweb|p2a: Electabuzz|[spread] p2a\n|-activate|p2b: Gholdengo|move: Protect\n|-resisted|p2a: Electabuzz\n|-damage|p2a: Electabuzz|45\/100\n|-unboost|p2a: Electabuzz|spe|1\n|\n|upkeep\n|turn|7\n|\n|t:|1732883236\n|move|p2a: Electabuzz|Follow Me|p2a: Electabuzz\n|-singleturn|p2a: Electabuzz|move: Follow Me\n|move|p1b: Kommo-o|Clanging Scales|p2b: Gholdengo|[spread] p2a,p2b\n|-resisted|p2b: Gholdengo\n|-damage|p2a: Electabuzz|9\/100\n|-damage|p2b: Gholdengo|80\/100\n|-unboost|p1b: Kommo-o|def|1\n|move|p1a: Electabuzz|Electroweb|p2a: Electabuzz|[spread] p2a,p2b\n|-resisted|p2a: Electabuzz\n|-damage|p2a: Electabuzz|6\/100\n|-damage|p2b: Gholdengo|71\/100\n|-unboost|p2a: Electabuzz|spe|1\n|-unboost|p2b: Gholdengo|spe|1\n|move|p2b: Gholdengo|Shadow Ball|p1a: Electabuzz\n|-damage|p1a: Electabuzz|0 fnt\n|faint|p1a: Electabuzz\n|\n|-heal|p2b: Gholdengo|78\/100|[from] item: Leftovers\n|-sideend|p2: Djjwjwwjj|move: Light Screen\n|upkeep\n|\n|t:|1732883243\n|switch|p1a: Sneasler|Sneasler, L50, F|100\/100\n|turn|8\n|\n|t:|1732883262\n|switch|p1a: Dondozo|Dondozo, L50, F|100\/100\n|move|p2b: Gholdengo|Protect|p2b: Gholdengo\n|-singleturn|p2b: Gholdengo|Protect\n|move|p2a: Electabuzz|Protect|p2a: Electabuzz\n|-singleturn|p2a: Electabuzz|Protect\n|move|p1b: Kommo-o|Clanging Scales|p2b: Gholdengo|[spread] \n|-activate|p2a: Electabuzz|move: Protect\n|-activate|p2b: Gholdengo|move: Protect\n|\n|-heal|p2b: Gholdengo|84\/100|[from] item: Leftovers\n|upkeep\n|turn|9\n|\n|t:|1732883282\n|move|p1b: Kommo-o|Protect|p1b: Kommo-o\n|-singleturn|p1b: Kommo-o|Protect\n|move|p2a: Electabuzz|Follow Me|p2a: Electabuzz\n|-singleturn|p2a: Electabuzz|move: Follow Me\n|move|p2b: Gholdengo|Make It Rain|p1a: Dondozo|[spread] p1a\n|-activate|p1b: Kommo-o|move: Protect\n|-resisted|p1a: Dondozo\n|-damage|p1a: Dondozo|79\/100\n|-unboost|p2b: Gholdengo|spa|1\n|move|p1a: Dondozo|Wave Crash|p2a: Electabuzz\n|-damage|p2a: Electabuzz|0 fnt\n|faint|p2a: Electabuzz\n|-damage|p1a: Dondozo|78\/100|[from] Recoil\n|\n|-heal|p2b: Gholdengo|90\/100|[from] item: Leftovers\n|-heal|p1a: Dondozo|84\/100|[from] item: Leftovers\n|upkeep\n|\n|t:|1732883302\n|switch|p2a: Incineroar|Incineroar, L50, M|52\/100\n|-ability|p2a: Incineroar|Intimidate|boost\n|-unboost|p1a: Dondozo|atk|1\n|-unboost|p1b: Kommo-o|atk|1\n|turn|10\n|\n|t:|1732883321\n|-terastallize|p2a: Incineroar|Grass\n|move|p2a: Incineroar|Fake Out|p1b: Kommo-o\n|-damage|p1b: Kommo-o|48\/100\n|cant|p1b: Kommo-o|flinch\n|move|p2b: Gholdengo|Make It Rain|p1b: Kommo-o|[spread] p1a,p1b\n|-resisted|p1a: Dondozo\n|-resisted|p1b: Kommo-o\n|-damage|p1a: Dondozo|65\/100\n|-damage|p1b: Kommo-o|0 fnt\n|-unboost|p2b: Gholdengo|spa|1\n|faint|p1b: Kommo-o\n|move|p1a: Dondozo|Fissure|p2b: Gholdengo|[miss]\n|-miss|p1a: Dondozo|p2b: Gholdengo\n|\n|-heal|p2b: Gholdengo|96\/100|[from] item: Leftovers\n|-heal|p1a: Dondozo|72\/100|[from] item: Leftovers\n|upkeep\n|\n|t:|1732883326\n|switch|p1b: Sneasler|Sneasler, L50, F|100\/100\n|turn|11\n|\n|t:|1732883348\n|move|p1b: Sneasler|Dire Claw|p2a: Incineroar\n|-supereffective|p2a: Incineroar\n|-damage|p2a: Incineroar|0 fnt\n|faint|p2a: Incineroar\n|move|p2b: Gholdengo|Make It Rain|p1b: Sneasler|[spread] p1a,p1b\n|-resisted|p1a: Dondozo\n|-damage|p1a: Dondozo|51\/100\n|-enditem|p1b: Sneasler|Focus Sash\n|-damage|p1b: Sneasler|1\/100\n|-unboost|p2b: Gholdengo|spa|1\n|move|p1a: Dondozo|Fissure|p2b: Gholdengo|[miss]\n|-miss|p1a: Dondozo|p2b: Gholdengo\n|\n|-heal|p2b: Gholdengo|100\/100|[from] item: Leftovers\n|-heal|p1a: Dondozo|57\/100|[from] item: Leftovers\n|upkeep\n|\n|t:|1732883366\n|switch|p2a: Rillaboom|Rillaboom, L50, F|100\/100\n|-fieldstart|move: Grassy Terrain|[from] ability: Grassy Surge|[of] p2a: Rillaboom\n|turn|12\n|\n|t:|1732883380\n|move|p1b: Sneasler|Protect|p1b: Sneasler\n|-singleturn|p1b: Sneasler|Protect\n|move|p2a: Rillaboom|Grassy Glide|p1b: Sneasler\n|-activate|p1b: Sneasler|move: Protect\n|move|p2b: Gholdengo|Shadow Ball|p1a: Dondozo\n|-damage|p1a: Dondozo|17\/100\n|move|p1a: Dondozo|Fissure|p2b: Gholdengo|[miss]\n|-miss|p1a: Dondozo|p2b: Gholdengo\n|\n|-heal|p1b: Sneasler|7\/100|[from] Grassy Terrain\n|-heal|p1a: Dondozo|24\/100|[from] Grassy Terrain\n|-heal|p1a: Dondozo|30\/100|[from] item: Leftovers\n|upkeep\n|turn|13\n|\n|t:|1732883398\n|move|p1b: Sneasler|Protect|p1b: Sneasler\n|-singleturn|p1b: Sneasler|Protect\n|move|p2a: Rillaboom|Grassy Glide|p1b: Sneasler\n|-activate|p1b: Sneasler|move: Protect\n|move|p2b: Gholdengo|Shadow Ball|p1a: Dondozo\n|-damage|p1a: Dondozo|0 fnt\n|faint|p1a: Dondozo\n|\n|-heal|p1b: Sneasler|13\/100|[from] Grassy Terrain\n|upkeep\n|turn|14\n|-message|Fennel_Strawborzoi forfeited.\n|\n|win|Djjwjwwjj\n|raw|Fennel_Strawborzoi's rating: 1736 &rarr; <strong>1721<\/strong><br \/>(-15 for losing)\n|raw|Djjwjwwjj's rating: 1821 &rarr; <strong>1836<\/strong><br \/>(+15 for winning)\n|l|\u2606Fennel_Strawborzoi\n|player|p1|\n|l|\u2606Djjwjwwjj\n|player|p2|\n|l| Glance-Meowstic\n","uploadtime":1732883551,"views":5,"formatid":"gen9vgc2024regh","rating":1721,"private":0,"password":null}