{"id":"gen9vgc2024regh-2253518971","format":"[Gen 9] VGC 2024 Reg H","players":["kojimuranishi","marcxhenry"],"log":"|j|\u2606kojimuranishi\n|j|\u2606marcxhenry\n|t:|1732903392\n|gametype|doubles\n|player|p1|kojimuranishi|102|1732\n|player|p2|marcxhenry|plasmagrunt-gen5bw|1684\n|teamsize|p1|6\n|teamsize|p2|6\n|gen|9\n|tier|[Gen 9] VGC 2024 Reg H\n|rated|\n|rule|Species Clause: Limit one of each Pok\u00e9mon\n|rule|Item Clause: Limit 1 of each item\n|clearpoke\n|poke|p1|Whimsicott, L50, M|\n|poke|p1|Ursaluna-Bloodmoon, L50, M|\n|poke|p1|Archaludon, L50, M|\n|poke|p1|Dragonite, L50, M|\n|poke|p1|Gholdengo, L50|\n|poke|p1|Volcarona, L50, M|\n|poke|p2|Tatsugiri, L50, M|\n|poke|p2|Weezing-Galar, L50, M|\n|poke|p2|Indeedee-F, L50, F|\n|poke|p2|Armarouge, L50, M|\n|poke|p2|Slaking, L50, M|\n|poke|p2|Dondozo, L50, M|\n|teampreview|4\n|inactive|Battle timer is ON: inactive players will automatically lose when time's up. (requested by kojimuranishi)\n|inactive|kojimuranishi has 60 seconds left.\n|inactive|marcxhenry has 60 seconds left.\n|\n|t:|1732903437\n|start\n|switch|p1a: Whimsicott|Whimsicott, L50, M|100\/100\n|switch|p1b: Gholdengo|Gholdengo, L50|100\/100\n|switch|p2a: Weezing|Weezing-Galar, L50, M|100\/100\n|switch|p2b: Slaking|Slaking, L50, M, shiny|100\/100\n|-ability|p2a: Weezing|Neutralizing Gas\n|turn|1\n|\n|t:|1732903457\n|-terastallize|p1b: Gholdengo|Steel\n|-terastallize|p2a: Weezing|Water\n|move|p2b: Slaking|Protect|p2b: Slaking\n|-singleturn|p2b: Slaking|Protect\n|move|p1a: Whimsicott|Tailwind|p1a: Whimsicott\n|-sidestart|p1: kojimuranishi|move: Tailwind\n|move|p1b: Gholdengo|Make It Rain|p2b: Slaking|[spread] p2a\n|-activate|p2b: Slaking|move: Protect\n|-resisted|p2a: Weezing\n|-damage|p2a: Weezing|53\/100\n|-unboost|p1b: Gholdengo|spa|1\n|move|p2a: Weezing|Taunt|p1a: Whimsicott\n|-start|p1a: Whimsicott|move: Taunt\n|\n|upkeep\n|turn|2\n|\n|t:|1732903479\n|move|p1a: Whimsicott|Moonblast|p2a: Weezing\n|-damage|p2a: Weezing|18\/100\n|-enditem|p2a: Weezing|Sitrus Berry|[eat]\n|-heal|p2a: Weezing|42\/100|[from] item: Sitrus Berry\n|move|p1b: Gholdengo|Make It Rain|p2b: Slaking|[spread] p2a,p2b\n|-resisted|p2a: Weezing\n|-damage|p2a: Weezing|5\/100\n|-damage|p2b: Slaking|22\/100\n|-unboost|p1b: Gholdengo|spa|1\n|move|p2b: Slaking|Drain Punch|p1b: Gholdengo\n|-supereffective|p1b: Gholdengo\n|-damage|p1b: Gholdengo|12\/100\n|-heal|p2b: Slaking|58\/100|[from] drain|[of] p1b: Gholdengo\n|-damage|p2b: Slaking|48\/100|[from] item: Life Orb\n|move|p2a: Weezing|Will-O-Wisp|p1a: Whimsicott\n|-status|p1a: Whimsicott|brn\n|\n|-damage|p1a: Whimsicott|95\/100 brn|[from] brn\n|upkeep\n|turn|3\n|inactive|kojimuranishi has 30 seconds left.\n|\n|t:|1732903511\n|switch|p1b: Volcarona|Volcarona, L50, M|100\/100\n|move|p2a: Weezing|Protect|p2a: Weezing\n|-singleturn|p2a: Weezing|Protect\n|move|p1a: Whimsicott|Moonblast|p2b: Slaking\n|-damage|p2b: Slaking|2\/100\n|move|p2b: Slaking|Double-Edge|p1a: Whimsicott\n|-damage|p1a: Whimsicott|0 fnt\n|faint|p1a: Whimsicott\n|-damage|p2b: Slaking|0 fnt|[from] Recoil\n|faint|p2b: Slaking\n|\n|upkeep\n|j| sevenstarsvgc\n|l| sevenstarsvgc\n|inactive|kojimuranishi has 30 seconds left.\n|\n|t:|1732903536\n|switch|p1a: Ursaluna|Ursaluna-Bloodmoon, L50, M|100\/100\n|switch|p2b: BismarckZwei|Dondozo, L50, M, shiny|100\/100\n|turn|4\n|inactive|kojimuranishi has 30 seconds left.\n|\n|t:|1732903569\n|move|p1a: Ursaluna|Protect|p1a: Ursaluna\n|-singleturn|p1a: Ursaluna|Protect\n|move|p2b: BismarckZwei|Protect|p2b: BismarckZwei\n|-singleturn|p2b: BismarckZwei|Protect\n|move|p1b: Volcarona|Heat Wave|p2b: BismarckZwei|[spread] p2a\n|-activate|p2b: BismarckZwei|move: Protect\n|-resisted|p2a: Weezing\n|-crit|p2a: Weezing\n|-damage|p2a: Weezing|0 fnt\n|faint|p2a: Weezing\n|-end|p2a: Weezing|ability: Neutralizing Gas\n|\n|-sideend|p1: kojimuranishi|move: Tailwind\n|upkeep\n|\n|t:|1732903580\n|switch|p2a: Tatsu the II|Tatsugiri, L50, M|100\/100\n|-activate|p2a: Tatsu the II|ability: Commander|[of] p2b: BismarckZwei\n|-boost|p2b: BismarckZwei|atk|2\n|-boost|p2b: BismarckZwei|spa|2\n|-boost|p2b: BismarckZwei|spe|2\n|-boost|p2b: BismarckZwei|def|2\n|-boost|p2b: BismarckZwei|spd|2\n|turn|5\n|j| fugeo\n|\n|t:|1732903589\n|move|p2b: BismarckZwei|Wave Crash|p1a: Ursaluna\n|-supereffective|p1a: Ursaluna\n|-damage|p1a: Ursaluna|0 fnt\n|faint|p1a: Ursaluna\n|-damage|p2b: BismarckZwei|75\/100|[from] Recoil\n|move|p1b: Volcarona|Tailwind|p1b: Volcarona\n|-sidestart|p1: kojimuranishi|move: Tailwind\n|\n|-heal|p2b: BismarckZwei|81\/100|[from] item: Leftovers\n|upkeep\n|l| fugeo\n|\n|t:|1732903599\n|switch|p1a: Gholdengo|Gholdengo, L50, tera:Steel|12\/100\n|turn|6\n|\n|t:|1732903607\n|move|p2b: BismarckZwei|Protect|p2b: BismarckZwei\n|-singleturn|p2b: BismarckZwei|Protect\n|move|p1b: Volcarona|Will-O-Wisp|p2b: BismarckZwei\n|-activate|p2b: BismarckZwei|move: Protect\n|move|p1a: Gholdengo|Thunderbolt|p2b: BismarckZwei\n|-activate|p2b: BismarckZwei|move: Protect\n|\n|-heal|p2b: BismarckZwei|87\/100|[from] item: Leftovers\n|upkeep\n|turn|7\n|\n|t:|1732903622\n|move|p1b: Volcarona|Will-O-Wisp|p2b: BismarckZwei\n|-status|p2b: BismarckZwei|brn\n|move|p1a: Gholdengo|Thunderbolt|p2b: BismarckZwei\n|-supereffective|p2b: BismarckZwei\n|-damage|p2b: BismarckZwei|46\/100 brn\n|move|p2b: BismarckZwei|Earthquake|p1a: Gholdengo|[spread] p1a,p1b\n|-miss|p2b: BismarckZwei|p2a: Tatsu the II\n|-supereffective|p1a: Gholdengo\n|-damage|p1a: Gholdengo|0 fnt\n|-damage|p1b: Volcarona|82\/100\n|faint|p1a: Gholdengo\n|\n|-heal|p2b: BismarckZwei|52\/100 brn|[from] item: Leftovers\n|-damage|p2b: BismarckZwei|46\/100 brn|[from] brn\n|upkeep\n|turn|8\n|-message|kojimuranishi forfeited.\n|\n|win|marcxhenry\n|raw|kojimuranishi's rating: 1732 &rarr; <strong>1709<\/strong><br \/>(-23 for losing)\n|raw|marcxhenry's rating: 1684 &rarr; <strong>1707<\/strong><br \/>(+23 for winning)\n|l|\u2606kojimuranishi\n|player|p1|\n|l|\u2606marcxhenry\n|player|p2|\n","uploadtime":1732903808,"views":24,"formatid":"gen9vgc2024regh","rating":1707,"private":0,"password":null}