{"id":"gen9vgc2024regh-2253530949","format":"[Gen 9] VGC 2024 Reg H","players":["marcxhenry","chin8"],"log":"|j|\u2606marcxhenry\n|j|\u2606chin8\n|t:|1732904811\n|gametype|doubles\n|player|p1|marcxhenry|plasmagrunt-gen5bw|1740\n|player|p2|chin8|gentleman-gen4dp|1786\n|teamsize|p1|6\n|teamsize|p2|6\n|gen|9\n|tier|[Gen 9] VGC 2024 Reg H\n|rated|\n|rule|Species Clause: Limit one of each Pok\u00e9mon\n|rule|Item Clause: Limit 1 of each item\n|clearpoke\n|poke|p1|Tatsugiri, L50, M|\n|poke|p1|Weezing-Galar, L50, M|\n|poke|p1|Indeedee-F, L50, F|\n|poke|p1|Armarouge, L50, M|\n|poke|p1|Slaking, L50, M|\n|poke|p1|Dondozo, L50, M|\n|poke|p2|Baxcalibur, L50, M|\n|poke|p2|Kilowattrel, L50, M|\n|poke|p2|Granbull, L50, M|\n|poke|p2|Gardevoir, L50, F|\n|poke|p2|Magmortar, L50, M|\n|poke|p2|Gholdengo, L50|\n|teampreview|4\n|c|\u2606marcxhenry|nice team\n|c|\u2606marcxhenry|im hyped to see it in action\n|c|\u2606chin8|Thanks :)\n|inactive|Battle timer is ON: inactive players will automatically lose when time's up. (requested by chin8)\n|inactive|marcxhenry has 60 seconds left.\n|\n|t:|1732904885\n|start\n|switch|p1a: Sally|Indeedee-F, L50, F, shiny|100\/100\n|switch|p1b: Renault|Armarouge, L50, M, shiny|100\/100\n|switch|p2a: Kilowattrel|Kilowattrel, L50, M|100\/100\n|switch|p2b: Baxcalibur|Baxcalibur, L50, M|100\/100\n|-fieldstart|move: Psychic Terrain|[from] ability: Psychic Surge|[of] p1a: Sally\n|turn|1\n|\n|t:|1732904905\n|move|p2a: Kilowattrel|Thunderbolt|p1b: Renault\n|-damage|p1b: Renault|52\/100\n|move|p2b: Baxcalibur|Earthquake|p1a: Sally|[spread] p1a,p1b\n|-immune|p2a: Kilowattrel\n|-supereffective|p1b: Renault\n|-damage|p1a: Sally|71\/100\n|-damage|p1b: Renault|0 fnt\n|faint|p1b: Renault\n|move|p1a: Sally|Trick Room|p1a: Sally\n|-fieldstart|move: Trick Room|[of] p1a: Sally\n|\n|upkeep\n|\n|t:|1732904914\n|switch|p1b: BismarckZwei|Dondozo, L50, M, shiny|100\/100\n|turn|2\n|\n|t:|1732904928\n|switch|p2b: Gardevoir|Gardevoir, L50, F|100\/100\n|move|p1b: BismarckZwei|Protect|p1b: BismarckZwei\n|-singleturn|p1b: BismarckZwei|Protect\n|move|p1a: Sally|Dazzling Gleam|p2b: Gardevoir|[spread] p2a,p2b\n|-crit|p2a: Kilowattrel\n|-damage|p2a: Kilowattrel|64\/100\n|-damage|p2b: Gardevoir|90\/100\n|move|p2a: Kilowattrel|Thunderbolt|p1b: BismarckZwei\n|-activate|p1b: BismarckZwei|move: Protect\n|\n|upkeep\n|turn|3\n|\n|t:|1732904940\n|move|p1a: Sally|Follow Me|p1a: Sally\n|-singleturn|p1a: Sally|move: Follow Me\n|move|p1b: BismarckZwei|Wave Crash|p2a: Kilowattrel\n|-damage|p2a: Kilowattrel|0 fnt\n|faint|p2a: Kilowattrel\n|-damage|p1b: BismarckZwei|88\/100|[from] Recoil\n|move|p2b: Gardevoir|Skill Swap|p1a: Sally\n|-activate|p2b: Gardevoir|move: Skill Swap|Psychic Surge|Telepathy|[of] p1a: Sally\n|\n|-heal|p1b: BismarckZwei|94\/100|[from] item: Leftovers\n|upkeep\n|\n|t:|1732904942\n|switch|p2a: Gholdengo|Gholdengo, L50|100\/100\n|turn|4\n|j| BreadTest\n|\n|t:|1732904962\n|move|p1a: Sally|Follow Me|p1a: Sally\n|-singleturn|p1a: Sally|move: Follow Me\n|move|p1b: BismarckZwei|Earthquake|p2b: Gardevoir|[spread] p2a,p2b\n|-activate|p1a: Sally|ability: Telepathy\n|-supereffective|p2a: Gholdengo\n|-damage|p2a: Gholdengo|58\/100\n|-damage|p2b: Gardevoir|60\/100\n|move|p2b: Gardevoir|Dazzling Gleam|p1a: Sally|[spread] p1a,p1b\n|-damage|p1a: Sally|42\/100\n|-damage|p1b: BismarckZwei|66\/100\n|move|p2a: Gholdengo|Nasty Plot|p2a: Gholdengo\n|-boost|p2a: Gholdengo|spa|2\n|\n|-heal|p1b: BismarckZwei|73\/100|[from] item: Leftovers\n|-heal|p2a: Gholdengo|64\/100|[from] item: Leftovers\n|upkeep\n|turn|5\n|inactive|marcxhenry has 30 seconds left.\n|\n|t:|1732904989\n|move|p1b: BismarckZwei|Protect|p1b: BismarckZwei\n|-singleturn|p1b: BismarckZwei|Protect\n|move|p1a: Sally|Dazzling Gleam|p2a: Gholdengo|[spread] p2a,p2b\n|-resisted|p2a: Gholdengo\n|-damage|p2a: Gholdengo|58\/100\n|-damage|p2b: Gardevoir|49\/100\n|move|p2b: Gardevoir|Skill Swap|p1b: BismarckZwei\n|-activate|p1b: BismarckZwei|move: Protect\n|move|p2a: Gholdengo|Make It Rain|p1b: BismarckZwei|[spread] p1a\n|-activate|p1b: BismarckZwei|move: Protect\n|-damage|p1a: Sally|0 fnt\n|-unboost|p2a: Gholdengo|spa|1\n|faint|p1a: Sally\n|\n|-heal|p1b: BismarckZwei|79\/100|[from] item: Leftovers\n|-heal|p2a: Gholdengo|64\/100|[from] item: Leftovers\n|-fieldend|move: Trick Room\n|-fieldend|move: Psychic Terrain\n|upkeep\n|\n|t:|1732905007\n|switch|p1a: Tatsu the II|Tatsugiri, L50, M|100\/100\n|-activate|p1a: Tatsu the II|ability: Commander|[of] p1b: BismarckZwei\n|-boost|p1b: BismarckZwei|atk|2\n|-boost|p1b: BismarckZwei|spa|2\n|-boost|p1b: BismarckZwei|spe|2\n|-boost|p1b: BismarckZwei|def|2\n|-boost|p1b: BismarckZwei|spd|2\n|-enditem|p2b: Gardevoir|Mirror Herb\n|-boost|p2b: Gardevoir|atk|2|[from] item: Mirror Herb\n|-boost|p2b: Gardevoir|spa|2|[from] item: Mirror Herb\n|-boost|p2b: Gardevoir|spe|2|[from] item: Mirror Herb\n|-boost|p2b: Gardevoir|def|2|[from] item: Mirror Herb\n|-boost|p2b: Gardevoir|spd|2|[from] item: Mirror Herb\n|turn|6\n|\n|t:|1732905024\n|-terastallize|p2a: Gholdengo|Water\n|move|p2b: Gardevoir|Skill Swap|p1b: BismarckZwei\n|-activate|p2b: Gardevoir|move: Skill Swap|Unaware|Psychic Surge|[of] p1b: BismarckZwei\n|-fieldstart|move: Psychic Terrain|[from] ability: Psychic Surge|[of] p1b: BismarckZwei\n|move|p1b: BismarckZwei|Earthquake|p2a: Gholdengo|[spread] p2a,p2b\n|-miss|p1b: BismarckZwei|p1a: Tatsu the II\n|-damage|p2a: Gholdengo|23\/100\n|-damage|p2b: Gardevoir|33\/100\n|move|p2a: Gholdengo|Shadow Ball|p1b: BismarckZwei\n|-damage|p1b: BismarckZwei|50\/100\n|-unboost|p1b: BismarckZwei|spd|1\n|\n|-heal|p1b: BismarckZwei|56\/100|[from] item: Leftovers\n|-heal|p2a: Gholdengo|29\/100|[from] item: Leftovers\n|upkeep\n|turn|7\n|inactive|marcxhenry has 30 seconds left.\n|\n|t:|1732905050\n|-terastallize|p1b: BismarckZwei|Poison\n|move|p2b: Gardevoir|Dazzling Gleam|p1a: Tatsu the II|[spread] p1b\n|-miss|p2b: Gardevoir|p1a: Tatsu the II\n|-resisted|p1b: BismarckZwei\n|-damage|p1b: BismarckZwei|31\/100\n|move|p1b: BismarckZwei|Tera Blast|p2b: Gardevoir|[anim] Tera Blast Poison\n|-supereffective|p2b: Gardevoir\n|-damage|p2b: Gardevoir|0 fnt\n|faint|p2b: Gardevoir\n|move|p2a: Gholdengo|Shadow Ball|p1b: BismarckZwei\n|-damage|p1b: BismarckZwei|0 fnt\n|faint|p1b: BismarckZwei\n|\n|-heal|p2a: Gholdengo|36\/100|[from] item: Leftovers\n|upkeep\n|\n|t:|1732905054\n|switch|p2b: Baxcalibur|Baxcalibur, L50, M|100\/100\n|turn|8\n|\n|t:|1732905072\n|move|p1a: Tatsu the II|Draco Meteor|p2b: Baxcalibur\n|-supereffective|p2b: Baxcalibur\n|-damage|p2b: Baxcalibur|19\/100\n|-unboost|p1a: Tatsu the II|spa|2\n|move|p2b: Baxcalibur|Glaive Rush|p1a: Tatsu the II\n|-supereffective|p1a: Tatsu the II\n|-damage|p1a: Tatsu the II|0 fnt\n|-singlemove|p2b: Baxcalibur|Glaive Rush|[silent]\n|faint|p1a: Tatsu the II\n|\n|win|chin8\n|raw|marcxhenry's rating: 1740 &rarr; <strong>1723<\/strong><br \/>(-17 for losing)\n|raw|chin8's rating: 1786 &rarr; <strong>1803<\/strong><br \/>(+17 for winning)\n|c|\u2606marcxhenry|gg mate\n|l|\u2606marcxhenry\n|player|p1|\n|c|\u2606chin8|gg\n|l|\u2606chin8\n|player|p2|\n|l| BreadTest\n","uploadtime":1732905336,"views":172,"formatid":"gen9vgc2024regh","rating":1723,"private":0,"password":null}