{"id":"gen9vgc2024regh-2254042826","format":"[Gen 9] VGC 2024 Reg H","players":["CarryTheBoats","SeaWolfMikess"],"log":"|badge|p2|bronze|gen9doublesou|100-3\n|uhtml|medal-msg|<div class=\"broadcast-blue\">Curious what those medals under the avatar are? PS now has Ladder Seasons! For more information, check out the <a href=\"https:\/\/www.smogon.com\/forums\/threads\/3740067\/\">thread on Smogon.<\/a><\/div>\n|j|\u2606CarryTheBoats\n|j|\u2606SeaWolfMikess\n|t:|1732984020\n|gametype|doubles\n|player|p1|CarryTheBoats|crasherwake|1781\n|player|p2|SeaWolfMikess|hugh|1736\n|teamsize|p1|6\n|teamsize|p2|6\n|gen|9\n|tier|[Gen 9] VGC 2024 Reg H\n|rated|\n|rule|Species Clause: Limit one of each Pok\u00e9mon\n|rule|Item Clause: Limit 1 of each item\n|clearpoke\n|poke|p1|Archaludon, L50, M|\n|poke|p1|Pelipper, L50, F|\n|poke|p1|Amoonguss, L50, F|\n|poke|p1|Incineroar, L50, M|\n|poke|p1|Basculegion, L50, M|\n|poke|p1|Dragonite, L50, F|\n|poke|p2|Pelipper, L50, F|\n|poke|p2|Archaludon, L50, F|\n|poke|p2|Rillaboom, L50, F|\n|poke|p2|Sneasler, L50, F|\n|poke|p2|Incineroar, L50, M|\n|poke|p2|Gholdengo, L50|\n|teampreview|4\n|j| judang\n|\n|t:|1732984080\n|start\n|switch|p1a: Archaludon|Archaludon, L50, M, shiny|100\/100\n|switch|p1b: Basculegion|Basculegion, L50, M, shiny|100\/100\n|switch|p2a: Archaludon|Archaludon, L50, F|100\/100\n|switch|p2b: Sneasler|Sneasler, L50, F|100\/100\n|turn|1\n|\n|t:|1732984092\n|-terastallize|p1a: Archaludon|Bug\n|move|p2b: Sneasler|Protect|p2b: Sneasler\n|-singleturn|p2b: Sneasler|Protect\n|move|p2a: Archaludon|Protect|p2a: Archaludon\n|-singleturn|p2a: Archaludon|Protect\n|move|p1b: Basculegion|Wave Crash|p2b: Sneasler\n|-activate|p2b: Sneasler|move: Protect\n|move|p1a: Archaludon|Dragon Pulse|p2b: Sneasler\n|-activate|p2b: Sneasler|move: Protect\n|\n|upkeep\n|turn|2\n|\n|t:|1732984107\n|switch|p2a: Rillaboom|Rillaboom, L50, F|100\/100\n|-fieldstart|move: Grassy Terrain|[from] ability: Grassy Surge|[of] p2a: Rillaboom\n|-enditem|p2b: Sneasler|Grassy Seed\n|-boost|p2b: Sneasler|def|1|[from] item: Grassy Seed\n|switch|p1a: Incineroar|Incineroar, L50, M, shiny|100\/100\n|-ability|p1a: Incineroar|Intimidate|boost\n|-unboost|p2a: Rillaboom|atk|1\n|-unboost|p2b: Sneasler|atk|1\n|-terastallize|p2b: Sneasler|Dark\n|move|p2b: Sneasler|Throat Chop|p1b: Basculegion\n|-supereffective|p1b: Basculegion\n|-damage|p1b: Basculegion|26\/100\n|-start|p1b: Basculegion|Throat Chop|[silent]\n|move|p1b: Basculegion|Wave Crash|p2b: Sneasler\n|-damage|p2b: Sneasler|11\/100\n|-damage|p1b: Basculegion|2\/100|[from] Recoil\n|-damage|p1b: Basculegion|0 fnt|[from] item: Life Orb\n|faint|p1b: Basculegion\n|\n|-heal|p2b: Sneasler|17\/100|[from] Grassy Terrain\n|upkeep\n|\n|t:|1732984117\n|switch|p1b: Archaludon|Archaludon, L50, M, shiny, tera:Bug|100\/100\n|turn|3\n|\n|t:|1732984136\n|move|p2b: Sneasler|Protect|p2b: Sneasler\n|-singleturn|p2b: Sneasler|Protect\n|move|p1b: Archaludon|Body Press|p2b: Sneasler\n|-activate|p2b: Sneasler|move: Protect\n|move|p2a: Rillaboom|High Horsepower|p1a: Incineroar\n|-supereffective|p1a: Incineroar\n|-damage|p1a: Incineroar|58\/100\n|move|p1a: Incineroar|Parting Shot|p2a: Rillaboom\n|-unboost|p2a: Rillaboom|atk|1\n|-unboost|p2a: Rillaboom|spa|1\n|\n|t:|1732984144\n|switch|p1a: Dragonite|Dragonite, L50, F|100\/100|[from] Parting Shot\n|\n|-heal|p2b: Sneasler|22\/100|[from] Grassy Terrain\n|upkeep\n|turn|4\n|\n|t:|1732984151\n|move|p2a: Rillaboom|Grassy Glide|p1a: Dragonite\n|-resisted|p1a: Dragonite\n|-crit|p1a: Dragonite\n|-damage|p1a: Dragonite|94\/100\n|move|p2b: Sneasler|Dire Claw|p1a: Dragonite\n|-damage|p1a: Dragonite|64\/100\n|-status|p1a: Dragonite|par\n|move|p1b: Archaludon|Body Press|p2b: Sneasler\n|-supereffective|p2b: Sneasler\n|-damage|p2b: Sneasler|0 fnt\n|faint|p2b: Sneasler\n|move|p1a: Dragonite|Scale Shot|p1b: Archaludon\n|-damage|p1b: Archaludon|90\/100\n|-ability|p1b: Archaludon|Stamina|boost\n|-boost|p1b: Archaludon|def|1\n|-damage|p1b: Archaludon|83\/100\n|-ability|p1b: Archaludon|Stamina|boost\n|-boost|p1b: Archaludon|def|1\n|-damage|p1b: Archaludon|78\/100\n|-ability|p1b: Archaludon|Stamina|boost\n|-boost|p1b: Archaludon|def|1\n|-damage|p1b: Archaludon|74\/100\n|-ability|p1b: Archaludon|Stamina|boost\n|-boost|p1b: Archaludon|def|1\n|-hitcount|p1b: Archaludon|4\n|-unboost|p1a: Dragonite|def|1\n|-boost|p1a: Dragonite|spe|1\n|\n|-heal|p1b: Archaludon|80\/100|[from] Grassy Terrain\n|upkeep\n|\n|t:|1732984163\n|switch|p2b: Gholdengo|Gholdengo, L50|100\/100\n|turn|5\n|\n|t:|1732984177\n|move|p2b: Gholdengo|Nasty Plot|p2b: Gholdengo\n|-boost|p2b: Gholdengo|spa|2\n|move|p1b: Archaludon|Dragon Pulse|p2b: Gholdengo\n|-resisted|p2b: Gholdengo\n|-damage|p2b: Gholdengo|82\/100\n|move|p2a: Rillaboom|Wood Hammer|p1a: Dragonite\n|-resisted|p1a: Dragonite\n|-damage|p1a: Dragonite|47\/100 par\n|-damage|p2a: Rillaboom|96\/100|[from] Recoil\n|move|p1a: Dragonite|Stomping Tantrum|p2b: Gholdengo\n|-supereffective|p2b: Gholdengo\n|-damage|p2b: Gholdengo|32\/100\n|\n|-heal|p2b: Gholdengo|38\/100|[from] Grassy Terrain\n|-heal|p1b: Archaludon|86\/100|[from] Grassy Terrain\n|-heal|p2a: Rillaboom|100\/100|[from] Grassy Terrain\n|upkeep\n|turn|6\n|\n|t:|1732984206\n|move|p2b: Gholdengo|Make It Rain|p1a: Dragonite|[spread] p1a,p1b\n|-damage|p1a: Dragonite|0 fnt\n|-damage|p1b: Archaludon|0 fnt\n|-unboost|p2b: Gholdengo|spa|1\n|faint|p1a: Dragonite\n|faint|p1b: Archaludon\n|move|p2a: Rillaboom|Wood Hammer|p1: Dragonite|[notarget]\n|-fail|p2a: Rillaboom\n|\n|-heal|p2b: Gholdengo|44\/100|[from] Grassy Terrain\n|-fieldend|move: Grassy Terrain\n|upkeep\n|\n|t:|1732984211\n|switch|p1b: Incineroar|Incineroar, L50, M, shiny|58\/100\n|-ability|p1b: Incineroar|Intimidate|boost\n|-unboost|p2a: Rillaboom|atk|1\n|-unboost|p2b: Gholdengo|atk|1\n|turn|7\n|\n|t:|1732984214\n|move|p2b: Gholdengo|Make It Rain|p1b: Incineroar\n|-resisted|p1b: Incineroar\n|-damage|p1b: Incineroar|11\/100\n|-unboost|p2b: Gholdengo|spa|1\n|move|p2a: Rillaboom|High Horsepower|p1b: Incineroar\n|-supereffective|p1b: Incineroar\n|-damage|p1b: Incineroar|0 fnt\n|faint|p1b: Incineroar\n|\n|win|SeaWolfMikess\n|raw|CarryTheBoats's rating: 1781 &rarr; <strong>1758<\/strong><br \/>(-23 for losing)\n|raw|SeaWolfMikess's rating: 1736 &rarr; <strong>1759<\/strong><br \/>(+23 for winning)\n|l|\u2606CarryTheBoats\n|player|p1|\n|l|\u2606SeaWolfMikess\n|player|p2|\n","uploadtime":1732984361,"views":17,"formatid":"gen9vgc2024regh","rating":1758,"private":0,"password":null}