{"id":"gen9vgc2024regh-2254013623","format":"[Gen 9] VGC 2024 Reg H","players":["Jesuuuus","SeaWolfMikess"],"log":"|badge|p2|bronze|gen9doublesou|100-3\n|uhtml|medal-msg|<div class=\"broadcast-blue\">Curious what those medals under the avatar are? PS now has Ladder Seasons! For more information, check out the <a href=\"https:\/\/www.smogon.com\/forums\/threads\/3740067\/\">thread on Smogon.<\/a><\/div>\n|j|\u2606Jesuuuus\n|j|\u2606SeaWolfMikess\n|t:|1732980048\n|gametype|doubles\n|player|p1|Jesuuuus|alec-anime|1655\n|player|p2|SeaWolfMikess|hugh|1790\n|teamsize|p1|6\n|teamsize|p2|6\n|gen|9\n|tier|[Gen 9] VGC 2024 Reg H\n|rated|\n|rule|Species Clause: Limit one of each Pok\u00e9mon\n|rule|Item Clause: Limit 1 of each item\n|clearpoke\n|poke|p1|Archaludon, L50, F|\n|poke|p1|Whimsicott, L50, F|\n|poke|p1|Pelipper, L50, M|\n|poke|p1|Basculegion, L50, M|\n|poke|p1|Gholdengo, L50|\n|poke|p1|Rillaboom, L50, F|\n|poke|p2|Pelipper, L50, M|\n|poke|p2|Archaludon, L50, M|\n|poke|p2|Rillaboom, L50, M|\n|poke|p2|Sneasler, L50, F|\n|poke|p2|Incineroar, L50, F|\n|poke|p2|Gholdengo, L50|\n|teampreview|4\n|inactive|Battle timer is ON: inactive players will automatically lose when time's up. (requested by Jesuuuus)\n|inactive|Jesuuuus has 60 seconds left.\n|\n|t:|1732980087\n|start\n|switch|p1a: Gholdengo|Gholdengo, L50|100\/100\n|switch|p1b: Whimsicott|Whimsicott, L50, F|100\/100\n|switch|p2a: Rillaboom|Rillaboom, L50, M|100\/100\n|switch|p2b: Sneasler|Sneasler, L50, F|100\/100\n|-fieldstart|move: Grassy Terrain|[from] ability: Grassy Surge|[of] p2a: Rillaboom\n|-enditem|p2b: Sneasler|Grassy Seed\n|-boost|p2b: Sneasler|def|1|[from] item: Grassy Seed\n|turn|1\n|\n|t:|1732980109\n|move|p2b: Sneasler|Protect|p2b: Sneasler\n|-singleturn|p2b: Sneasler|Protect\n|move|p1b: Whimsicott|Tailwind|p1b: Whimsicott\n|-sidestart|p1: Jesuuuus|move: Tailwind\n|move|p1a: Gholdengo|Make It Rain|p2b: Sneasler|[spread] p2a\n|-activate|p2b: Sneasler|move: Protect\n|-damage|p2a: Rillaboom|49\/100\n|-unboost|p1a: Gholdengo|spa|1\n|move|p2a: Rillaboom|High Horsepower|p1a: Gholdengo\n|-supereffective|p1a: Gholdengo\n|-damage|p1a: Gholdengo|26\/100\n|\n|-heal|p1a: Gholdengo|32\/100|[from] Grassy Terrain\n|-heal|p2a: Rillaboom|55\/100|[from] Grassy Terrain\n|upkeep\n|turn|2\n|\n|t:|1732980128\n|switch|p1a: Archaludon|Archaludon, L50, F|100\/100\n|switch|p2a: Archaludon|Archaludon, L50, M|100\/100\n|-terastallize|p2b: Sneasler|Dark\n|move|p2b: Sneasler|Throat Chop|p1a: Archaludon\n|-damage|p1a: Archaludon|68\/100\n|-start|p1a: Archaludon|Throat Chop|[silent]\n|-ability|p1a: Archaludon|Stamina|boost\n|-boost|p1a: Archaludon|def|1\n|move|p1b: Whimsicott|Beat Up|p1a: Archaludon\n|-damage|p1a: Archaludon|66\/100\n|-ability|p1a: Archaludon|Stamina|boost\n|-boost|p1a: Archaludon|def|1\n|-damage|p1a: Archaludon|65\/100\n|-ability|p1a: Archaludon|Stamina|boost\n|-boost|p1a: Archaludon|def|1\n|-damage|p1a: Archaludon|64\/100\n|-ability|p1a: Archaludon|Stamina|boost\n|-boost|p1a: Archaludon|def|1\n|-damage|p1a: Archaludon|63\/100\n|-ability|p1a: Archaludon|Stamina|boost\n|-boost|p1a: Archaludon|def|1\n|-hitcount|p1a: Archaludon|4\n|\n|-heal|p1a: Archaludon|69\/100|[from] Grassy Terrain\n|upkeep\n|turn|3\n|inactive|Jesuuuus has 30 seconds left.\n|inactive|Jesuuuus has 20 seconds left.\n|inactive|Jesuuuus has 15 seconds left.\n|\n|t:|1732980171\n|move|p1b: Whimsicott|Light Screen|p1b: Whimsicott\n|-sidestart|p1: Jesuuuus|move: Light Screen\n|move|p2b: Sneasler|Close Combat|p1a: Archaludon\n|-supereffective|p1a: Archaludon\n|-damage|p1a: Archaludon|42\/100\n|-unboost|p2b: Sneasler|def|1\n|-unboost|p2b: Sneasler|spd|1\n|-ability|p1a: Archaludon|Stamina|boost\n|-boost|p1a: Archaludon|def|1\n|move|p1a: Archaludon|Body Press|p2b: Sneasler\n|-supereffective|p2b: Sneasler\n|-damage|p2b: Sneasler|0 fnt\n|faint|p2b: Sneasler\n|move|p2a: Archaludon|Electro Shot||[still]\n|-prepare|p2a: Archaludon|Electro Shot\n|-boost|p2a: Archaludon|spa|1\n|-enditem|p2a: Archaludon|Power Herb\n|-anim|p2a: Archaludon|Electro Shot|p1a: Archaludon\n|-resisted|p1a: Archaludon\n|-damage|p1a: Archaludon|28\/100\n|\n|-heal|p1a: Archaludon|34\/100|[from] Grassy Terrain\n|-end|p1a: Archaludon|Throat Chop|[silent]\n|upkeep\n|\n|t:|1732980183\n|switch|p2b: Incineroar|Incineroar, L50, F|100\/100\n|-ability|p2b: Incineroar|Intimidate|boost\n|-unboost|p1a: Archaludon|atk|1\n|-unboost|p1b: Whimsicott|atk|1\n|turn|4\n|\n|t:|1732980196\n|move|p2b: Incineroar|Fake Out|p1a: Archaludon\n|-resisted|p1a: Archaludon\n|-damage|p1a: Archaludon|33\/100\n|move|p1b: Whimsicott|Moonblast|p2a: Archaludon\n|-damage|p2a: Archaludon|59\/100\n|cant|p1a: Archaludon|flinch\n|move|p2a: Archaludon|Dragon Pulse|p1a: Archaludon\n|-damage|p1a: Archaludon|2\/100\n|\n|-heal|p1a: Archaludon|8\/100|[from] Grassy Terrain\n|-heal|p2a: Archaludon|65\/100|[from] Grassy Terrain\n|-sideend|p1: Jesuuuus|move: Tailwind\n|upkeep\n|turn|5\n|inactive|SeaWolfMikess has 30 seconds left.\n|\n|t:|1732980223\n|move|p2a: Archaludon|Protect|p2a: Archaludon\n|-singleturn|p2a: Archaludon|Protect\n|move|p1b: Whimsicott|Tailwind|p1b: Whimsicott\n|-sidestart|p1: Jesuuuus|move: Tailwind\n|move|p1a: Archaludon|Body Press|p2b: Incineroar\n|-supereffective|p2b: Incineroar\n|-damage|p2b: Incineroar|0 fnt\n|faint|p2b: Incineroar\n|\n|-heal|p1a: Archaludon|14\/100|[from] Grassy Terrain\n|-heal|p2a: Archaludon|71\/100|[from] Grassy Terrain\n|-fieldend|move: Grassy Terrain\n|upkeep\n|-message|SeaWolfMikess forfeited.\n|\n|win|Jesuuuus\n|raw|Jesuuuus's rating: 1655 &rarr; <strong>1681<\/strong><br \/>(+26 for winning)\n|raw|SeaWolfMikess's rating: 1761 &rarr; <strong>1735<\/strong><br \/>(-26 for losing)\n|l|\u2606SeaWolfMikess\n|player|p2|\n|l|\u2606Jesuuuus\n|player|p1|\n","uploadtime":1732980541,"views":10,"formatid":"gen9vgc2024regh","rating":1681,"private":0,"password":null}