{"id":"gen9vgc2024regh-2254368950","format":"[Gen 9] VGC 2024 Reg H","players":["guardian riser","Pasodoble"],"log":"|j|\u2606guardian riser\n|j|\u2606Pasodoble\n|t:|1733026166\n|gametype|doubles\n|player|p1|guardian riser|2|1767\n|player|p2|Pasodoble|266|1682\n|teamsize|p1|6\n|teamsize|p2|6\n|gen|9\n|tier|[Gen 9] VGC 2024 Reg H\n|rated|\n|rule|Species Clause: Limit one of each Pok\u00e9mon\n|rule|Item Clause: Limit 1 of each item\n|clearpoke\n|poke|p1|Sneasler, L50, M|\n|poke|p1|Volcarona, L50, M|\n|poke|p1|Garganacl, L50, M|\n|poke|p1|Meowscarada, L50, M|\n|poke|p1|Dragonite, L50, M|\n|poke|p1|Indeedee, L50, M|\n|poke|p2|Kingambit, L50, M|\n|poke|p2|Blaziken, L50, F|\n|poke|p2|Salamence, L50, M|\n|poke|p2|Garchomp, L50, M|\n|poke|p2|Meowscarada, L50, M|\n|poke|p2|Gholdengo, L50|\n|teampreview|4\nPasodoble has agreed to open team sheets.\n|\n|t:|1733026218\n|start\n|switch|p1a: Sneasler|Sneasler, L50, M|100\/100\n|switch|p1b: Dragonite|Dragonite, L50, M|100\/100\n|switch|p2a: Salamence|Salamence, L50, M|100\/100\n|switch|p2b: Garchomp|Garchomp, L50, M|100\/100\n|-ability|p2a: Salamence|Intimidate|boost\n|-unboost|p1a: Sneasler|atk|1\n|-unboost|p1b: Dragonite|atk|1\n|turn|1\n|\n|t:|1733026240\n|move|p1b: Dragonite|Protect|p1b: Dragonite\n|-singleturn|p1b: Dragonite|Protect\n|move|p1a: Sneasler|Coaching|p1b: Dragonite\n|-boost|p1b: Dragonite|atk|1\n|-boost|p1b: Dragonite|def|1\n|move|p2a: Salamence|Tailwind|p2a: Salamence\n|-sidestart|p2: Pasodoble|move: Tailwind\n|move|p2b: Garchomp|Stomping Tantrum|p1a: Sneasler\n|-supereffective|p1a: Sneasler\n|-damage|p1a: Sneasler|0 fnt\n|faint|p1a: Sneasler\n|-damage|p2b: Garchomp|91\/100|[from] item: Life Orb\n|\n|upkeep\n|\n|t:|1733026246\n|switch|p1a: Garganacl|Garganacl, L50, M|100\/100\n|turn|2\n|\n|t:|1733026265\n|-terastallize|p2b: Garchomp|Ground\n|move|p2a: Salamence|Air Slash|p1b: Dragonite\n|-damage|p1b: Dragonite|84\/100\n|move|p2b: Garchomp|Earthquake|p1b: Dragonite|[spread] p1a\n|-immune|p2a: Salamence\n|-immune|p1b: Dragonite\n|-supereffective|p1a: Garganacl\n|-damage|p1a: Garganacl|2\/100\n|-damage|p2b: Garchomp|81\/100|[from] item: Life Orb\n|move|p1b: Dragonite|Scale Shot|p2a: Salamence\n|-supereffective|p2a: Salamence\n|-damage|p2a: Salamence|67\/100\n|-supereffective|p2a: Salamence\n|-damage|p2a: Salamence|36\/100\n|-supereffective|p2a: Salamence\n|-damage|p2a: Salamence|5\/100\n|-supereffective|p2a: Salamence\n|-damage|p2a: Salamence|0 fnt\n|faint|p2a: Salamence\n|-hitcount|p2: Salamence|4\n|-unboost|p1b: Dragonite|def|1\n|-boost|p1b: Dragonite|spe|1\n|move|p1a: Garganacl|Iron Defense|p1a: Garganacl\n|-boost|p1a: Garganacl|def|2\n|\n|-heal|p1a: Garganacl|8\/100|[from] item: Leftovers\n|upkeep\n|\n|t:|1733026272\n|switch|p2a: Blaziken|Blaziken, L50, F|100\/100\n|turn|3\n|\n|t:|1733026301\n|-terastallize|p1a: Garganacl|Flying\n|move|p2a: Blaziken|Coaching|p2b: Garchomp\n|-boost|p2b: Garchomp|atk|1\n|-boost|p2b: Garchomp|def|1\n|move|p2b: Garchomp|Dragon Claw|p1b: Dragonite\n|-supereffective|p1b: Dragonite\n|-damage|p1b: Dragonite|0 fnt\n|faint|p1b: Dragonite\n|-damage|p2b: Garchomp|71\/100|[from] item: Life Orb\n|move|p1a: Garganacl|Recover|p1a: Garganacl\n|-heal|p1a: Garganacl|58\/100\n|\n|-heal|p1a: Garganacl|64\/100|[from] item: Leftovers\n|-ability|p2a: Blaziken|Speed Boost|boost\n|-boost|p2a: Blaziken|spe|1\n|upkeep\n|j| i am mista grinch\n|\n|t:|1733026308\n|switch|p1b: Meowscarada|Meowscarada, L50, M|100\/100\n|turn|4\n|j| GooglePay\n|\n|t:|1733026346\n|move|p1b: Meowscarada|Protect|p1b: Meowscarada\n|-singleturn|p1b: Meowscarada|Protect\n|move|p2a: Blaziken|Overheat|p1a: Garganacl\n|-damage|p1a: Garganacl|27\/100\n|-unboost|p2a: Blaziken|spa|2\n|move|p2b: Garchomp|Dragon Claw|p1a: Garganacl\n|-damage|p1a: Garganacl|0 fnt\n|faint|p1a: Garganacl\n|-damage|p2b: Garchomp|61\/100|[from] item: Life Orb\n|\n|-sideend|p2: Pasodoble|move: Tailwind\n|-ability|p2a: Blaziken|Speed Boost|boost\n|-boost|p2a: Blaziken|spe|1\n|upkeep\n|turn|5\n|c|\u2606guardian riser|gg\n|c|\u2606guardian riser|lets go again\n|c|\u2606Pasodoble|gg\n|c|\u2606Pasodoble|go\n|-message|guardian riser forfeited.\n|\n|win|Pasodoble\n|raw|guardian riser's rating: 1767 &rarr; <strong>1742<\/strong><br \/>(-25 for losing)\n|raw|Pasodoble's rating: 1682 &rarr; <strong>1707<\/strong><br \/>(+25 for winning)\n|l|\u2606guardian riser\n|player|p1|\n|l| i am mista grinch\n|l|\u2606Pasodoble\n|player|p2|\n","uploadtime":1733026645,"views":10,"formatid":"gen9vgc2024regh","rating":1707,"private":0,"password":null}