{"id":"gen9vgc2024regh-2254419196","format":"[Gen 9] VGC 2024 Reg H","players":["zimuxiao","ComputerYui"],"log":"|j|\u2606zimuxiao\n|j|\u2606ComputerYui\n|t:|1733034339\n|gametype|doubles\n|player|p1|zimuxiao|pokemonbreederf-gen4|1708\n|player|p2|ComputerYui|2|1747\n|teamsize|p1|6\n|teamsize|p2|6\n|gen|9\n|tier|[Gen 9] VGC 2024 Reg H\n|rated|\n|rule|Species Clause: Limit one of each Pok\u00e9mon\n|rule|Item Clause: Limit 1 of each item\n|clearpoke\n|poke|p1|Armarouge, L50, F|\n|poke|p1|Indeedee-F, L50, F|\n|poke|p1|Ursaluna-Bloodmoon, L50, M|\n|poke|p1|Dragonite, L50, M|\n|poke|p1|Torkoal, L50, F|\n|poke|p1|Lilligant-Hisui, L50, F|\n|poke|p2|Armarouge, L50, M|\n|poke|p2|Indeedee-F, L50, F|\n|poke|p2|Tauros-Paldea-Aqua, L50, M|\n|poke|p2|Meowstic-F, L50, F|\n|poke|p2|Gallade, L50, M|\n|poke|p2|Golduck, L50, M|\n|teampreview|4\n|inactive|Battle timer is ON: inactive players will automatically lose when time's up. (requested by zimuxiao)\n|inactive|ComputerYui has 60 seconds left.\n|\n|t:|1733034370\n|start\n|switch|p1a: Armarouge|Armarouge, L50, F|100\/100\n|switch|p1b: Dragonite|Dragonite, L50, M|100\/100\n|switch|p2a: Golduck|Golduck, L50, M, shiny|100\/100\n|switch|p2b: Indeedee|Indeedee-F, L50, F, shiny|100\/100\n|-ability|p2a: Golduck|Cloud Nine\n|-fieldstart|move: Psychic Terrain|[from] ability: Psychic Surge|[of] p2b: Indeedee\n|-enditem|p2a: Golduck|Psychic Seed\n|-boost|p2a: Golduck|spd|1|[from] item: Psychic Seed\n|turn|1\n|j| ruru1216z\n|inactive|zimuxiao has 30 seconds left.\n|\n|t:|1733034398\n|move|p2b: Indeedee|Fake Out|p1b: Dragonite\n|-hint|Psychic Terrain doesn't affect Pok\u00e9mon immune to Ground.\n|-damage|p1b: Dragonite|96\/100\n|move|p2a: Golduck|Taunt|p1a: Armarouge\n|-start|p1a: Armarouge|move: Taunt\n|cant|p1b: Dragonite|flinch\n|move|p1a: Armarouge|Meteor Beam||[still]\n|-prepare|p1a: Armarouge|Meteor Beam\n|-boost|p1a: Armarouge|spa|1\n|-enditem|p1a: Armarouge|Power Herb\n|-anim|p1a: Armarouge|Meteor Beam|p2a: Golduck\n|-crit|p2a: Golduck\n|-damage|p2a: Golduck|0 fnt\n|faint|p2a: Golduck\n|\n|upkeep\n|l| ruru1216z\n|\n|t:|1733034418\n|switch|p2a: Meowstic|Meowstic-F, L50, F, shiny|100\/100\n|turn|2\n|\n|t:|1733034434\n|move|p2b: Indeedee|Follow Me|p2b: Indeedee\n|-singleturn|p2b: Indeedee|move: Follow Me\n|move|p2a: Meowstic|Expanding Force|p1a: Armarouge|[spread] p1a,p1b\n|-resisted|p1a: Armarouge\n|-damage|p1a: Armarouge|73\/100\n|-damage|p1b: Dragonite|51\/100\n|move|p1b: Dragonite|Scale Shot|p2b: Indeedee\n|-damage|p2b: Indeedee|87\/100\n|-damage|p2b: Indeedee|73\/100\n|-crit|p2b: Indeedee\n|-damage|p2b: Indeedee|53\/100\n|-damage|p2b: Indeedee|39\/100\n|-damage|p2b: Indeedee|24\/100\n|-hitcount|p2b: Indeedee|5\n|-enditem|p2b: Indeedee|Eject Button\n|-unboost|p1b: Dragonite|def|1\n|-boost|p1b: Dragonite|spe|1\n|\n|t:|1733034453\n|switch|p2b: Armarouge|Armarouge, L50, M, shiny|100\/100\n|move|p1a: Armarouge|Expanding Force|p2b: Armarouge|[spread] p2a,p2b\n|-resisted|p2a: Meowstic\n|-resisted|p2b: Armarouge\n|-damage|p2a: Meowstic|34\/100\n|-damage|p2b: Armarouge|39\/100\n|\n|upkeep\n|turn|3\n|\n|t:|1733034466\n|-terastallize|p2b: Armarouge|Psychic\n|move|p2a: Meowstic|Sucker Punch|p2b: Armarouge\n|-supereffective|p2b: Armarouge\n|-damage|p2b: Armarouge|23\/100\n|-ability|p2b: Armarouge|Weak Armor|boost\n|-unboost|p2b: Armarouge|def|1\n|-boost|p2b: Armarouge|spe|2\n|-enditem|p2b: Armarouge|Weakness Policy\n|-boost|p2b: Armarouge|atk|2|[from] item: Weakness Policy\n|-boost|p2b: Armarouge|spa|2|[from] item: Weakness Policy\n|move|p2b: Armarouge|Expanding Force|p1a: Armarouge|[spread] p1a,p1b\n|-resisted|p1a: Armarouge\n|-damage|p1a: Armarouge|0 fnt\n|-damage|p1b: Dragonite|0 fnt\n|faint|p1a: Armarouge\n|faint|p1b: Dragonite\n|\n|upkeep\n|\n|t:|1733034482\n|switch|p1b: Ursaluna|Ursaluna-Bloodmoon, L50, M|100\/100\n|switch|p1a: Indeedee|Indeedee-F, L50, F|100\/100\n|-enditem|p1a: Indeedee|Psychic Seed\n|-boost|p1a: Indeedee|spd|1|[from] item: Psychic Seed\n|turn|4\n|\n|t:|1733034496\n|move|p1b: Ursaluna|Protect|p1b: Ursaluna\n|-singleturn|p1b: Ursaluna|Protect\n|move|p2b: Armarouge|Expanding Force|p1a: Indeedee|[spread] p1a\n|-activate|p1b: Ursaluna|move: Protect\n|-resisted|p1a: Indeedee\n|-damage|p1a: Indeedee|42\/100\n|move|p2a: Meowstic|Expanding Force|p1a: Indeedee|[spread] p1a\n|-activate|p1b: Ursaluna|move: Protect\n|-resisted|p1a: Indeedee\n|-damage|p1a: Indeedee|28\/100\n|move|p1a: Indeedee|Trick Room|p1a: Indeedee\n|-fieldstart|move: Trick Room|[of] p1a: Indeedee\n|\n|upkeep\n|turn|5\n|j| ruru1216z\n|l| ruru1216z\n|\n|t:|1733034518\n|-terastallize|p1b: Ursaluna|Normal\n|move|p1a: Indeedee|Helping Hand|p1b: Ursaluna\n|-singleturn|p1b: Ursaluna|Helping Hand|[of] p1a: Indeedee\n|move|p2a: Meowstic|Protect|p2a: Meowstic\n|-singleturn|p2a: Meowstic|Protect\n|move|p1b: Ursaluna|Hyper Voice|p2b: Armarouge|[spread] p2b\n|-activate|p2a: Meowstic|move: Protect\n|-damage|p2b: Armarouge|0 fnt\n|faint|p2b: Armarouge\n|-damage|p1b: Ursaluna|91\/100|[from] item: Life Orb\n|\n|-fieldend|move: Psychic Terrain\n|upkeep\n|-message|ComputerYui forfeited.\n|\n|win|zimuxiao\n|raw|zimuxiao's rating: 1708 &rarr; <strong>1730<\/strong><br \/>(+22 for winning)\n|raw|ComputerYui's rating: 1747 &rarr; <strong>1725<\/strong><br \/>(-22 for losing)\n|l|\u2606ComputerYui\n|player|p2|\n|j| ruru1216z\n|l| ruru1216z\n","uploadtime":1733034704,"views":277,"formatid":"gen9vgc2024regh","rating":1725,"private":0,"password":null}