{"id":"gen9vgc2024regh-2254331801","format":"[Gen 9] VGC 2024 Reg H","players":["lkwa1994","futonkagebunshin"],"log":"|j|\u2606lkwa1994\n|j|\u2606futonkagebunshin\n|t:|1733020947\n|gametype|doubles\n|player|p1|lkwa1994|266|1765\n|player|p2|futonkagebunshin|policeman-gen4|1768\n|teamsize|p1|6\n|teamsize|p2|6\n|gen|9\n|tier|[Gen 9] VGC 2024 Reg H\n|rated|\n|rule|Species Clause: Limit one of each Pok\u00e9mon\n|rule|Item Clause: Limit 1 of each item\n|clearpoke\n|poke|p1|Archaludon, L50, F|\n|poke|p1|Pelipper, L50, F|\n|poke|p1|Sinistcha-Masterpiece, L50|\n|poke|p1|Ursaluna, L50, F|\n|poke|p1|Dragonite, L50, M|\n|poke|p1|Quaquaval, L50, M|\n|poke|p2|Whimsicott, L50, M|\n|poke|p2|Chandelure, L50, F|\n|poke|p2|Pelipper, L50, F|\n|poke|p2|Archaludon, L50, M|\n|poke|p2|Overqwil, L50, F|\n|poke|p2|Annihilape, L50, M|\n|teampreview|4\n|\n|t:|1733020989\n|start\n|switch|p1a: Quaquaval|Quaquaval, L50, M|100\/100\n|switch|p1b: Ursaluna|Ursaluna, L50, F|100\/100\n|switch|p2a: Whimsicott|Whimsicott, L50, M|100\/100\n|switch|p2b: Chandelure|Chandelure, L50, F|100\/100\n|turn|1\n|\n|t:|1733021034\n|-terastallize|p2b: Chandelure|Grass\n|move|p2a: Whimsicott|Tailwind|p2a: Whimsicott\n|-sidestart|p2: futonkagebunshin|move: Tailwind\n|move|p2b: Chandelure|Energy Ball|p1a: Quaquaval\n|-supereffective|p1a: Quaquaval\n|-damage|p1a: Quaquaval|0 fnt\n|faint|p1a: Quaquaval\n|move|p1b: Ursaluna|Headlong Rush|p2b: Chandelure\n|-resisted|p2b: Chandelure\n|-damage|p2b: Chandelure|57\/100\n|-unboost|p1b: Ursaluna|def|1\n|-unboost|p1b: Ursaluna|spd|1\n|\n|-status|p1b: Ursaluna|brn|[from] item: Flame Orb\n|upkeep\n|\n|t:|1733021061\n|switch|p1a: Archaludon|Archaludon, L50, F|100\/100\n|turn|2\n|j| GooglePay\n|\n|t:|1733021099\n|switch|p2b: Archaludon|Archaludon, L50, M|100\/100\n|move|p1b: Ursaluna|Protect|p1b: Ursaluna\n|-singleturn|p1b: Ursaluna|Protect\n|move|p2a: Whimsicott|Beat Up|p2b: Archaludon\n|-damage|p2b: Archaludon|99\/100\n|-ability|p2b: Archaludon|Stamina|boost\n|-boost|p2b: Archaludon|def|1\n|-damage|p2b: Archaludon|97\/100\n|-ability|p2b: Archaludon|Stamina|boost\n|-boost|p2b: Archaludon|def|1\n|-damage|p2b: Archaludon|96\/100\n|-ability|p2b: Archaludon|Stamina|boost\n|-boost|p2b: Archaludon|def|1\n|-damage|p2b: Archaludon|96\/100\n|-ability|p2b: Archaludon|Stamina|boost\n|-boost|p2b: Archaludon|def|1\n|-hitcount|p2b: Archaludon|4\n|move|p1a: Archaludon|Snarl|p2a: Whimsicott|[spread] p2a,p2b\n|-resisted|p2a: Whimsicott\n|-damage|p2a: Whimsicott|89\/100\n|-damage|p2b: Archaludon|87\/100\n|-unboost|p2a: Whimsicott|spa|1\n|-unboost|p2b: Archaludon|spa|1\n|-ability|p2b: Archaludon|Stamina|boost\n|-boost|p2b: Archaludon|def|1\n|\n|-damage|p1b: Ursaluna|95\/100 brn|[from] brn\n|upkeep\n|turn|3\n|\n|t:|1733021147\n|-terastallize|p1a: Archaludon|Bug\n|move|p2a: Whimsicott|Encore|p1b: Ursaluna\n|-start|p1b: Ursaluna|Encore\n|move|p2b: Archaludon|Body Press|p1a: Archaludon\n|-resisted|p1a: Archaludon\n|-damage|p1a: Archaludon|73\/100\n|-ability|p1a: Archaludon|Stamina|boost\n|-boost|p1a: Archaludon|def|1\n|move|p1a: Archaludon|Dragon Pulse|p2b: Archaludon\n|-damage|p2b: Archaludon|55\/100\n|-ability|p2b: Archaludon|Stamina|boost\n|-boost|p2b: Archaludon|def|1\n|move|p1b: Ursaluna|Protect||[still]\n|-fail|p1b: Ursaluna\n|\n|-damage|p1b: Ursaluna|89\/100 brn|[from] brn\n|upkeep\n|turn|4\n|inactive|Battle timer is ON: inactive players will automatically lose when time's up. (requested by futonkagebunshin)\n|inactive|futonkagebunshin has 60 seconds left.\n|j| surgevgc\n|inactive|futonkagebunshin has 30 seconds left.\n|\n|t:|1733021216\n|switch|p2a: Chandelure|Chandelure, L50, F, tera:Grass|57\/100\n|switch|p1b: Sinistcha|Sinistcha-Masterpiece, L50|100\/100\n|-heal|p1a: Archaludon|98\/100|[from] ability: Hospitality|[of] p1b: Sinistcha\n|move|p2b: Archaludon|Draco Meteor|p1b: Sinistcha\n|-damage|p1b: Sinistcha|53\/100\n|-unboost|p2b: Archaludon|spa|2\n|move|p1a: Archaludon|Dragon Pulse|p2b: Archaludon\n|-damage|p2b: Archaludon|24\/100\n|\n|-sideend|p2: futonkagebunshin|move: Tailwind\n|upkeep\n|turn|5\n|inactive|lkwa1994 has 30 seconds left.\n|inactive|futonkagebunshin has 30 seconds left.\n|inactive|lkwa1994 has 20 seconds left.\n|inactive|futonkagebunshin has 20 seconds left.\n|inactive|lkwa1994 has 15 seconds left.\n|inactive|futonkagebunshin has 15 seconds left.\n|\n|t:|1733021261\n|move|p1a: Archaludon|Snarl|p2a: Chandelure|[spread] p2a,p2b\n|-damage|p2a: Chandelure|41\/100\n|-damage|p2b: Archaludon|15\/100\n|-unboost|p2a: Chandelure|spa|1\n|-unboost|p2b: Archaludon|spa|1\n|move|p2b: Archaludon|Body Press|p1b: Sinistcha\n|-immune|p1b: Sinistcha\n|move|p2a: Chandelure|Heat Wave|p1b: Sinistcha|[spread] p1a,p1b\n|-supereffective|p1a: Archaludon\n|-supereffective|p1b: Sinistcha\n|-damage|p1a: Archaludon|31\/100\n|-damage|p1b: Sinistcha|0 fnt\n|-ability|p1a: Archaludon|Stamina|boost\n|-boost|p1a: Archaludon|def|1\n|faint|p1b: Sinistcha\n|\n|upkeep\n|\n|t:|1733021275\n|switch|p1b: Ursaluna|Ursaluna, L50, F|89\/100 brn\n|turn|6\n|\n|t:|1733021298\n|move|p1b: Ursaluna|Protect|p1b: Ursaluna\n|-singleturn|p1b: Ursaluna|Protect\n|move|p1a: Archaludon|Body Press|p2a: Chandelure\n|-damage|p2a: Chandelure|0 fnt\n|faint|p2a: Chandelure\n|move|p2b: Archaludon|Body Press|p1b: Ursaluna\n|-activate|p1b: Ursaluna|move: Protect\n|\n|-damage|p1b: Ursaluna|83\/100 brn|[from] brn\n|upkeep\n|\n|t:|1733021308\n|switch|p2a: Whimsicott|Whimsicott, L50, M|89\/100\n|turn|7\n|\n|t:|1733021330\n|move|p2a: Whimsicott|Tailwind|p2a: Whimsicott\n|-sidestart|p2: futonkagebunshin|move: Tailwind\n|move|p2b: Archaludon|Body Press|p1b: Ursaluna\n|-supereffective|p1b: Ursaluna\n|-damage|p1b: Ursaluna|0 fnt\n|faint|p1b: Ursaluna\n|move|p1a: Archaludon|Dragon Pulse|p2b: Archaludon\n|-damage|p2b: Archaludon|0 fnt\n|faint|p2b: Archaludon\n|\n|upkeep\n|\n|t:|1733021340\n|switch|p2b: Pelipper|Pelipper, L50, F|100\/100\n|-weather|RainDance|[from] ability: Drizzle|[of] p2b: Pelipper\n|turn|8\n|\n|t:|1733021347\n|move|p2a: Whimsicott|Moonblast|p1a: Archaludon\n|-damage|p1a: Archaludon|2\/100\n|-ability|p1a: Archaludon|Stamina|boost\n|-boost|p1a: Archaludon|def|1\n|move|p2b: Pelipper|Hurricane|p1a: Archaludon\n|-supereffective|p1a: Archaludon\n|-damage|p1a: Archaludon|0 fnt\n|faint|p1a: Archaludon\n|\n|win|futonkagebunshin\n|raw|lkwa1994's rating: 1765 &rarr; <strong>1745<\/strong><br \/>(-20 for losing)\n|raw|futonkagebunshin's rating: 1768 &rarr; <strong>1788<\/strong><br \/>(+20 for winning)\n|l|\u2606lkwa1994\n|player|p1|\n|l| surgevgc\n|l|\u2606futonkagebunshin\n|player|p2|\n","uploadtime":1733021517,"views":12,"formatid":"gen9vgc2024regh","rating":1745,"private":0,"password":null}