{"id":"gen9vgc2024regh-2254304169","format":"[Gen 9] VGC 2024 Reg H","players":["ren122333","magnusmagnum"],"log":"|j|\u2606ren122333\n|j|\u2606magnusmagnum\n|t:|1733017188\n|gametype|doubles\n|player|p1|ren122333|hilbert|1731\n|player|p2|magnusmagnum|1|1789\n|teamsize|p1|6\n|teamsize|p2|6\n|gen|9\n|tier|[Gen 9] VGC 2024 Reg H\n|rated|\n|rule|Species Clause: Limit one of each Pok\u00e9mon\n|rule|Item Clause: Limit 1 of each item\n|clearpoke\n|poke|p1|Whimsicott, L50, M|\n|poke|p1|Mamoswine, L50, F|\n|poke|p1|Lycanroc-Dusk, L50, M|\n|poke|p1|Typhlosion-Hisui, L50, M|\n|poke|p1|Farigiraf, L50, F|\n|poke|p1|Mienshao, L50, M|\n|poke|p2|Sneasler, L50, F|\n|poke|p2|Chandelure, L50, M|\n|poke|p2|Ursaluna-Bloodmoon, L50, M|\n|poke|p2|Garchomp, L50, F|\n|poke|p2|Rillaboom, L50, F|\n|poke|p2|Gholdengo, L50|\n|teampreview|4\n|inactive|Battle timer is ON: inactive players will automatically lose when time's up. (requested by ren122333)\n|j| raityangontyan\n|\n|t:|1733017226\n|start\n|switch|p1a: Whimsicott|Whimsicott, L50, M|100\/100\n|switch|p1b: Mienshao|Mienshao, L50, M|100\/100\n|switch|p2a: Chandelure|Chandelure, L50, M|100\/100\n|switch|p2b: Garchomp|Garchomp, L50, F|100\/100\n|turn|1\n|inactive|magnusmagnum has 30 seconds left.\n|inactive|magnusmagnum has 20 seconds left.\n|inactive|magnusmagnum has 15 seconds left.\n|\n|t:|1733017268\n|move|p1a: Whimsicott|Tailwind|p1a: Whimsicott\n|-sidestart|p1: ren122333|move: Tailwind\n|move|p1b: Mienshao|Ice Spinner|p2b: Garchomp\n|-supereffective|p2b: Garchomp\n|-damage|p2b: Garchomp|0 fnt\n|-damage|p1b: Mienshao|88\/100|[from] ability: Rough Skin|[of] p2b: Garchomp\n|faint|p2b: Garchomp\n|-damage|p1b: Mienshao|79\/100|[from] item: Life Orb\n|move|p2a: Chandelure|Heat Wave|p1b: Mienshao|[spread] \n|-miss|p2a: Chandelure|p1a: Whimsicott\n|-miss|p2a: Chandelure|p1b: Mienshao\n|\n|upkeep\n|c|\u2606magnusmagnum|awesome\n|\n|t:|1733017279\n|switch|p2b: Sneasler|Sneasler, L50, F|100\/100\n|turn|2\n|\n|t:|1733017290\n|-terastallize|p1b: Mienshao|Dark\n|move|p1a: Whimsicott|Moonblast|p2b: Sneasler\n|-damage|p2b: Sneasler|55\/100\n|move|p1b: Mienshao|Knock Off|p2a: Chandelure\n|-supereffective|p2a: Chandelure\n|-damage|p2a: Chandelure|0 fnt\n|-enditem|p2a: Chandelure|Safety Goggles|[from] move: Knock Off|[of] p1b: Mienshao\n|faint|p2a: Chandelure\n|-damage|p1b: Mienshao|69\/100|[from] item: Life Orb\n|move|p2b: Sneasler|Dire Claw|p1a: Whimsicott\n|-supereffective|p1a: Whimsicott\n|-enditem|p1a: Whimsicott|Focus Sash\n|-damage|p1a: Whimsicott|1\/100\n|\n|upkeep\n|\n|t:|1733017297\n|switch|p2a: Ursaluna|Ursaluna-Bloodmoon, L50, M|100\/100\n|turn|3\n|inactive|magnusmagnum has 30 seconds left.\n|\n|t:|1733017323\n|-terastallize|p2a: Ursaluna|Ghost\n|move|p2b: Sneasler|Protect|p2b: Sneasler\n|-singleturn|p2b: Sneasler|Protect\n|move|p1a: Whimsicott|Moonblast|p2a: Ursaluna\n|-damage|p2a: Ursaluna|68\/100\n|move|p1b: Mienshao|Close Combat|p2b: Sneasler\n|-activate|p2b: Sneasler|move: Protect\n|move|p2a: Ursaluna|Hyper Voice|p1a: Whimsicott|[spread] p1a,p1b\n|-crit|p1b: Mienshao\n|-damage|p1a: Whimsicott|0 fnt\n|-damage|p1b: Mienshao|0 fnt\n|faint|p1a: Whimsicott\n|faint|p1b: Mienshao\n|\n|upkeep\n|\n|t:|1733017327\n|switch|p1a: Typhlosion|Typhlosion-Hisui, L50, M|100\/100\n|switch|p1b: Mamoswine|Mamoswine, L50, F|100\/100\n|-item|p2a: Ursaluna|Assault Vest|[from] ability: Frisk|[of] p1a: Typhlosion\n|-item|p2b: Sneasler|Focus Sash|[from] ability: Frisk|[of] p1a: Typhlosion\n|turn|4\n|\n|t:|1733017343\n|move|p2b: Sneasler|Protect|p2b: Sneasler\n|-singleturn|p2b: Sneasler|Protect\n|move|p2a: Ursaluna|Vacuum Wave|p1a: Typhlosion\n|-damage|p1a: Typhlosion|80\/100\n|move|p1a: Typhlosion|Shadow Ball|p2a: Ursaluna\n|-supereffective|p2a: Ursaluna\n|-damage|p2a: Ursaluna|0 fnt\n|faint|p2a: Ursaluna\n|move|p1b: Mamoswine|High Horsepower|p2b: Sneasler\n|-activate|p2b: Sneasler|move: Protect\n|\n|-sideend|p1: ren122333|move: Tailwind\n|upkeep\n|turn|5\n|\n|t:|1733017351\n|move|p2b: Sneasler|Close Combat|p1b: Mamoswine\n|-supereffective|p1b: Mamoswine\n|-damage|p1b: Mamoswine|0 fnt\n|-unboost|p2b: Sneasler|def|1\n|-unboost|p2b: Sneasler|spd|1\n|faint|p1b: Mamoswine\n|move|p1a: Typhlosion|Shadow Ball|p2b: Sneasler\n|-damage|p2b: Sneasler|0 fnt\n|faint|p2b: Sneasler\n|\n|win|ren122333\n|raw|ren122333's rating: 1731 &rarr; <strong>1754<\/strong><br \/>(+23 for winning)\n|raw|magnusmagnum's rating: 1789 &rarr; <strong>1766<\/strong><br \/>(-23 for losing)\n|l|\u2606magnusmagnum\n|player|p2|\n|l|\u2606ren122333\n|player|p1|\n","uploadtime":1733017529,"views":9,"formatid":"gen9vgc2024regh","rating":1754,"private":0,"password":null}