{"id":"gen9vgc2024regh-2254324966","format":"[Gen 9] VGC 2024 Reg H","players":["lkwa1994","ren122333"],"log":"|j|\u2606lkwa1994\n|j|\u2606ren122333\n|t:|1733020019\n|gametype|doubles\n|player|p1|lkwa1994|266|1719\n|player|p2|ren122333|hilbert|1787\n|teamsize|p1|6\n|teamsize|p2|6\n|gen|9\n|tier|[Gen 9] VGC 2024 Reg H\n|rated|\n|rule|Species Clause: Limit one of each Pok\u00e9mon\n|rule|Item Clause: Limit 1 of each item\n|clearpoke\n|poke|p1|Archaludon, L50, M|\n|poke|p1|Pelipper, L50, F|\n|poke|p1|Sinistcha-Masterpiece, L50|\n|poke|p1|Ursaluna, L50, F|\n|poke|p1|Dragonite, L50, M|\n|poke|p1|Quaquaval, L50, F|\n|poke|p2|Whimsicott, L50, M|\n|poke|p2|Mamoswine, L50, M|\n|poke|p2|Lycanroc-Dusk, L50, F|\n|poke|p2|Typhlosion-Hisui, L50, M|\n|poke|p2|Farigiraf, L50, F|\n|poke|p2|Mienshao, L50, M|\n|teampreview|4\n|inactive|Battle timer is ON: inactive players will automatically lose when time's up. (requested by ren122333)\n|\n|t:|1733020057\n|start\n|switch|p1a: Dragonite|Dragonite, L50, M|100\/100\n|switch|p1b: Pelipper|Pelipper, L50, F|100\/100\n|switch|p2a: Whimsicott|Whimsicott, L50, M|100\/100\n|switch|p2b: Mamoswine|Mamoswine, L50, M|100\/100\n|-weather|RainDance|[from] ability: Drizzle|[of] p1b: Pelipper\n|turn|1\n|inactive|lkwa1994 has 30 seconds left.\n|\n|t:|1733020091\n|move|p1a: Dragonite|Protect|p1a: Dragonite\n|-singleturn|p1a: Dragonite|Protect\n|move|p2a: Whimsicott|Moonblast|p1b: Pelipper\n|-damage|p1b: Pelipper|40\/100\n|move|p2b: Mamoswine|Icicle Crash|p1b: Pelipper\n|-damage|p1b: Pelipper|0 fnt\n|faint|p1b: Pelipper\n|\n|-weather|RainDance|[upkeep]\n|upkeep\n|j| GooglePay\n|\n|t:|1733020109\n|switch|p1b: Quaquaval|Quaquaval, L50, F|100\/100\n|turn|2\n|\n|t:|1733020132\n|switch|p1a: Archaludon|Archaludon, L50, M|100\/100\n|-terastallize|p2b: Mamoswine|Grass\n|move|p2a: Whimsicott|Encore||[still]\n|-fail|p2a: Whimsicott\n|move|p1b: Quaquaval|U-turn|p2a: Whimsicott\n|-damage|p2a: Whimsicott|61\/100\n|\n|t:|1733020140\n|switch|p1b: Dragonite|Dragonite, L50, M|100\/100|[from] U-turn\n|move|p2b: Mamoswine|Tera Blast|p1b: Dragonite|[anim] Tera Blast Grass\n|-resisted|p1b: Dragonite\n|-damage|p1b: Dragonite|95\/100\n|\n|-weather|RainDance|[upkeep]\n|upkeep\n|turn|3\n|inactive|lkwa1994 has 30 seconds left.\n|inactive|lkwa1994 has 20 seconds left.\n|inactive|lkwa1994 has 15 seconds left.\n|\n|t:|1733020184\n|-terastallize|p1b: Dragonite|Normal\n|move|p1b: Dragonite|Extreme Speed|p2a: Whimsicott\n|-damage|p2a: Whimsicott|0 fnt\n|faint|p2a: Whimsicott\n|move|p2b: Mamoswine|Icicle Crash|p1b: Dragonite\n|-damage|p1b: Dragonite|49\/100\n|move|p1a: Archaludon|Dragon Pulse|p2b: Mamoswine\n|-damage|p2b: Mamoswine|34\/100\n|\n|-weather|RainDance|[upkeep]\n|upkeep\n|\n|t:|1733020190\n|switch|p2a: Typhlosion|Typhlosion-Hisui, L50, M|100\/100\n|-item|p1a: Archaludon|Assault Vest|[from] ability: Frisk|[of] p2a: Typhlosion\n|-item|p1b: Dragonite|Loaded Dice|[from] ability: Frisk|[of] p2a: Typhlosion\n|turn|4\n|\n|t:|1733020212\n|move|p1b: Dragonite|Protect|p1b: Dragonite\n|-singleturn|p1b: Dragonite|Protect\n|move|p2a: Typhlosion|Eruption|p1a: Archaludon|[spread] p1a\n|-activate|p1b: Dragonite|move: Protect\n|-damage|p1a: Archaludon|70\/100\n|-ability|p1a: Archaludon|Stamina|boost\n|-boost|p1a: Archaludon|def|1\n|move|p2b: Mamoswine|High Horsepower|p1a: Archaludon\n|-supereffective|p1a: Archaludon\n|-damage|p1a: Archaludon|17\/100\n|-ability|p1a: Archaludon|Stamina|boost\n|-boost|p1a: Archaludon|def|1\n|move|p1a: Archaludon|Snarl|p2a: Typhlosion|[spread] p2a,p2b\n|-supereffective|p2a: Typhlosion\n|-damage|p2a: Typhlosion|62\/100\n|-damage|p2b: Mamoswine|13\/100\n|-unboost|p2a: Typhlosion|spa|1\n|-unboost|p2b: Mamoswine|spa|1\n|\n|-weather|RainDance|[upkeep]\n|upkeep\n|turn|5\n|\n|t:|1733020236\n|move|p1b: Dragonite|Extreme Speed|p2b: Mamoswine\n|-damage|p2b: Mamoswine|0 fnt\n|faint|p2b: Mamoswine\n|move|p2a: Typhlosion|Eruption|p1a: Archaludon|[spread] p1a,p1b\n|-damage|p1a: Archaludon|6\/100\n|-damage|p1b: Dragonite|32\/100\n|-ability|p1a: Archaludon|Stamina|boost\n|-boost|p1a: Archaludon|def|1\n|move|p1a: Archaludon|Snarl|p2a: Typhlosion\n|-supereffective|p2a: Typhlosion\n|-damage|p2a: Typhlosion|11\/100\n|-unboost|p2a: Typhlosion|spa|1\n|\n|-weather|none\n|upkeep\n|-message|ren122333 forfeited.\n|\n|win|lkwa1994\n|raw|lkwa1994's rating: 1719 &rarr; <strong>1743<\/strong><br \/>(+24 for winning)\n|raw|ren122333's rating: 1787 &rarr; <strong>1763<\/strong><br \/>(-24 for losing)\n|l|\u2606ren122333\n|player|p2|\n|l|\u2606lkwa1994\n|player|p1|\n","uploadtime":1733020520,"views":15,"formatid":"gen9vgc2024regh","rating":1743,"private":0,"password":null}