{"id":"gen9vgc2024regh-2254123606","format":"[Gen 9] VGC 2024 Reg H","players":["AZUNA_Fan","judang"],"log":"|j|\u2606AZUNA_Fan\n|j|\u2606judang\n|t:|1732994110\n|gametype|doubles\n|player|p1|AZUNA_Fan|1|1725\n|player|p2|judang|ruinmaniac|1749\n|teamsize|p1|6\n|teamsize|p2|6\n|gen|9\n|tier|[Gen 9] VGC 2024 Reg H\n|rated|\n|rule|Species Clause: Limit one of each Pok\u00e9mon\n|rule|Item Clause: Limit 1 of each item\n|clearpoke\n|poke|p1|Dragonite, L50, M|\n|poke|p1|Gholdengo, L50|\n|poke|p1|Magmar, L50, M|\n|poke|p1|Meowscarada, L50, F|\n|poke|p1|Perrserker, L50, M|\n|poke|p1|Primarina, L50, F|\n|poke|p2|Torkoal, L50, F|\n|poke|p2|Lilligant-Hisui, L50, F|\n|poke|p2|Farigiraf, L50, M|\n|poke|p2|Ursaluna-Bloodmoon, L50, M|\n|poke|p2|Malamar, L50, F|\n|poke|p2|Dragapult, L50, F|\n|teampreview|4\nAZUNA_Fan rejected open team sheets.\n|\n|t:|1732994174\n|start\n|switch|p1a: Perrserker|Perrserker, L50, M|100\/100\n|switch|p1b: Gholdengo|Gholdengo, L50|100\/100\n|switch|p2a: Torkoal|Torkoal, L50, F|100\/100\n|switch|p2b: Lilligant|Lilligant-Hisui, L50, F|100\/100\n|-weather|SunnyDay|[from] ability: Drought|[of] p2a: Torkoal\n|turn|1\n|\n|t:|1732994214\n|-terastallize|p2b: Lilligant|Ghost\n|move|p2a: Torkoal|Protect|p2a: Torkoal\n|-singleturn|p2a: Torkoal|Protect\n|move|p1a: Perrserker|Fake Out|p2a: Torkoal\n|-activate|p2a: Torkoal|move: Protect\n|move|p2b: Lilligant|Sleep Powder|p1a: Perrserker\n|-status|p1a: Perrserker|slp|[from] move: Sleep Powder\n|move|p1b: Gholdengo|Make It Rain|p2a: Torkoal|[spread] p2b\n|-activate|p2a: Torkoal|move: Protect\n|-enditem|p2b: Lilligant|Focus Sash\n|-damage|p2b: Lilligant|1\/100\n|-unboost|p1b: Gholdengo|spa|1\n|\n|-weather|SunnyDay|[upkeep]\n|upkeep\n|turn|2\n|\n|t:|1732994242\n|switch|p1b: Primarina|Primarina, L50, F|100\/100\n|move|p2b: Lilligant|After You|p2a: Torkoal\n|-activate|p2a: Torkoal|move: After You\n|move|p2a: Torkoal|Eruption|p1b: Primarina|[spread] p1a,p1b\n|-supereffective|p1a: Perrserker\n|-resisted|p1b: Primarina\n|-damage|p1a: Perrserker|0 fnt\n|-damage|p1b: Primarina|60\/100\n|faint|p1a: Perrserker\n|\n|-weather|SunnyDay|[upkeep]\n|upkeep\n|\n|t:|1732994257\n|switch|p1a: Dragonite|Dragonite, L50, M|100\/100\n|turn|3\n|\n|t:|1732994287\n|move|p2b: Lilligant|Sleep Powder|p1a: Dragonite\n|-status|p1a: Dragonite|slp|[from] move: Sleep Powder\n|cant|p1a: Dragonite|slp\n|move|p1b: Primarina|Hyper Voice|p2a: Torkoal|[spread] p2a,p2b\n|-supereffective|p2a: Torkoal\n|-damage|p2a: Torkoal|43\/100\n|-damage|p2b: Lilligant|0 fnt\n|faint|p2b: Lilligant\n|-damage|p1b: Primarina|50\/100|[from] item: Life Orb\n|move|p2a: Torkoal|Eruption|p1b: Primarina|[spread] p1a,p1b\n|-resisted|p1a: Dragonite\n|-resisted|p1b: Primarina\n|-damage|p1a: Dragonite|92\/100 slp\n|-damage|p1b: Primarina|34\/100\n|\n|-weather|SunnyDay|[upkeep]\n|upkeep\n|\n|t:|1732994298\n|switch|p2b: Farigiraf|Farigiraf, L50, M|100\/100\n|turn|4\n|\n|t:|1732994315\n|-curestatus|p1a: Dragonite|slp|[msg]\n|move|p1a: Dragonite|Scale Shot|p2b: Farigiraf\n|-damage|p2b: Farigiraf|88\/100\n|-damage|p2b: Farigiraf|75\/100\n|-damage|p2b: Farigiraf|61\/100\n|-damage|p2b: Farigiraf|48\/100\n|-enditem|p2b: Farigiraf|Sitrus Berry|[eat]\n|-heal|p2b: Farigiraf|73\/100|[from] item: Sitrus Berry\n|-hitcount|p2b: Farigiraf|4\n|-unboost|p1a: Dragonite|def|1\n|-boost|p1a: Dragonite|spe|1\n|move|p1b: Primarina|Hyper Voice|p2a: Torkoal|[spread] p2a,p2b\n|-supereffective|p2a: Torkoal\n|-crit|p2a: Torkoal\n|-damage|p2a: Torkoal|0 fnt\n|-damage|p2b: Farigiraf|55\/100\n|faint|p2a: Torkoal\n|-damage|p1b: Primarina|25\/100|[from] item: Life Orb\n|move|p2b: Farigiraf|Trick Room|p2b: Farigiraf\n|-fieldstart|move: Trick Room|[of] p2b: Farigiraf\n|\n|-weather|SunnyDay|[upkeep]\n|upkeep\n|\n|t:|1732994319\n|switch|p2a: Ursaluna|Ursaluna-Bloodmoon, L50, M|100\/100\n|turn|5\n|\n|t:|1732994350\n|move|p2b: Farigiraf|Helping Hand|p2a: Ursaluna\n|-singleturn|p2a: Ursaluna|Helping Hand|[of] p2b: Farigiraf\n|move|p1b: Primarina|Protect|p1b: Primarina\n|-singleturn|p1b: Primarina|Protect\n|move|p1a: Dragonite|Protect|p1a: Dragonite\n|-singleturn|p1a: Dragonite|Protect\n|move|p2a: Ursaluna|Hyper Voice|p1b: Primarina|[spread] \n|-activate|p1a: Dragonite|move: Protect\n|-activate|p1b: Primarina|move: Protect\n|\n|-weather|none\n|upkeep\n|turn|6\n|\n|t:|1732994379\n|move|p2a: Ursaluna|Earth Power|p1b: Primarina\n|-damage|p1b: Primarina|0 fnt\n|faint|p1b: Primarina\n|move|p2b: Farigiraf|Tera Blast|p1a: Dragonite\n|-damage|p1a: Dragonite|59\/100\n|move|p1a: Dragonite|Scale Shot|p2b: Farigiraf\n|-damage|p2b: Farigiraf|43\/100\n|-damage|p2b: Farigiraf|29\/100\n|-damage|p2b: Farigiraf|15\/100\n|-damage|p2b: Farigiraf|2\/100\n|-damage|p2b: Farigiraf|0 fnt\n|faint|p2b: Farigiraf\n|-hitcount|p2: Farigiraf|5\n|-unboost|p1a: Dragonite|def|1\n|-boost|p1a: Dragonite|spe|1\n|\n|upkeep\n|\n|t:|1732994397\n|switch|p1b: Gholdengo|Gholdengo, L50|100\/100\n|turn|7\n|\n|t:|1732994403\n|move|p2a: Ursaluna|Earth Power|p1b: Gholdengo\n|-supereffective|p1b: Gholdengo\n|-crit|p1b: Gholdengo\n|-damage|p1b: Gholdengo|0 fnt\n|faint|p1b: Gholdengo\n|move|p1a: Dragonite|Scale Shot|p2a: Ursaluna\n|-damage|p2a: Ursaluna|89\/100\n|-damage|p2a: Ursaluna|78\/100\n|-damage|p2a: Ursaluna|67\/100\n|-damage|p2a: Ursaluna|55\/100\n|-hitcount|p2a: Ursaluna|4\n|-unboost|p1a: Dragonite|def|1\n|-boost|p1a: Dragonite|spe|1\n|\n|upkeep\n|turn|8\n|\n|t:|1732994428\n|move|p1a: Dragonite|Protect|p1a: Dragonite\n|-singleturn|p1a: Dragonite|Protect\n|move|p2a: Ursaluna|Blood Moon|p1a: Dragonite\n|-activate|p1a: Dragonite|move: Protect\n|\n|-fieldend|move: Trick Room\n|upkeep\n|turn|9\n|\n|t:|1732994442\n|move|p1a: Dragonite|Low Kick|p2a: Ursaluna\n|-supereffective|p2a: Ursaluna\n|-damage|p2a: Ursaluna|0 fnt\n|faint|p2a: Ursaluna\n|\n|win|AZUNA_Fan\n|raw|AZUNA_Fan's rating: 1725 &rarr; <strong>1746<\/strong><br \/>(+21 for winning)\n|raw|judang's rating: 1749 &rarr; <strong>1728<\/strong><br \/>(-21 for losing)\n|l|\u2606judang\n|player|p2|\n|j| Wolfey888\n|l|\u2606AZUNA_Fan\n|player|p1|\n|l| Wolfey888\n|j| certifiedpokeboy\n|l| certifiedpokeboy\n","uploadtime":1732994626,"views":167,"formatid":"gen9vgc2024regh","rating":1728,"private":0,"password":null}