{"id":"gen9vgc2024regh-2254128437","format":"[Gen 9] VGC 2024 Reg H","players":["pokequimico","judang"],"log":"|j|\u2606pokequimico\n|j|\u2606judang\n|t:|1732994708\n|gametype|doubles\n|player|p1|pokequimico|lucas|1753\n|player|p2|judang|ruinmaniac|1750\n|teamsize|p1|6\n|teamsize|p2|6\n|gen|9\n|tier|[Gen 9] VGC 2024 Reg H\n|rated|\n|rule|Species Clause: Limit one of each Pok\u00e9mon\n|rule|Item Clause: Limit 1 of each item\n|clearpoke\n|poke|p1|Sneasler, L50, F|\n|poke|p1|Kingambit, L50, M|\n|poke|p1|Dragonite, L50, M|\n|poke|p1|Basculegion, L50, M|\n|poke|p1|Rillaboom, L50, F|\n|poke|p1|Volcarona, L50, M|\n|poke|p2|Torkoal, L50, F|\n|poke|p2|Lilligant-Hisui, L50, F|\n|poke|p2|Farigiraf, L50, F|\n|poke|p2|Ursaluna-Bloodmoon, L50, M|\n|poke|p2|Malamar, L50, F|\n|poke|p2|Dragapult, L50, F|\n|teampreview|4\n|inactive|Battle timer is ON: inactive players will automatically lose when time's up. (requested by pokequimico)\n|\n|t:|1732994761\n|start\n|switch|p1a: Basculegion|Basculegion, L50, M|100\/100\n|switch|p1b: Dragonite|Dragonite, L50, M|100\/100\n|switch|p2a: Ursaluna|Ursaluna-Bloodmoon, L50, M|100\/100\n|switch|p2b: Malamar|Malamar, L50, F|100\/100\n|turn|1\n|\n|t:|1732994774\n|switch|p2a: Torkoal|Torkoal, L50, F|100\/100\n|-weather|SunnyDay|[from] ability: Drought|[of] p2a: Torkoal\n|move|p1a: Basculegion|Flip Turn|p2b: Malamar\n|-damage|p2b: Malamar|82\/100\n|\n|t:|1732994783\n|switch|p1a: Rillaboom|Rillaboom, L50, F|100\/100|[from] Flip Turn\n|-fieldstart|move: Grassy Terrain|[from] ability: Grassy Surge|[of] p1a: Rillaboom\n|move|p1b: Dragonite|Scale Shot|p2b: Malamar\n|-damage|p2b: Malamar|66\/100\n|-damage|p2b: Malamar|52\/100\n|-damage|p2b: Malamar|37\/100\n|-damage|p2b: Malamar|22\/100\n|-hitcount|p2b: Malamar|4\n|-unboost|p1b: Dragonite|def|1\n|-boost|p1b: Dragonite|spe|1\n|move|p2b: Malamar|Trick Room|p2b: Malamar\n|-fieldstart|move: Trick Room|[of] p2b: Malamar\n|\n|-weather|SunnyDay|[upkeep]\n|-heal|p2b: Malamar|28\/100|[from] Grassy Terrain\n|upkeep\n|turn|2\n|\n|t:|1732994799\n|switch|p2b: Farigiraf|Farigiraf, L50, F|100\/100\n|-terastallize|p1a: Rillaboom|Fire\n|move|p2a: Torkoal|Eruption|p1a: Rillaboom|[spread] p1a,p1b\n|-resisted|p1a: Rillaboom\n|-resisted|p1b: Dragonite\n|-damage|p1a: Rillaboom|70\/100\n|-damage|p1b: Dragonite|78\/100\n|move|p1a: Rillaboom|High Horsepower|p2a: Torkoal\n|-supereffective|p2a: Torkoal\n|-damage|p2a: Torkoal|46\/100\n|move|p1b: Dragonite|Scale Shot|p2a: Torkoal\n|-damage|p2a: Torkoal|36\/100\n|-damage|p2a: Torkoal|24\/100\n|-damage|p2a: Torkoal|12\/100\n|-damage|p2a: Torkoal|1\/100\n|-damage|p2a: Torkoal|0 fnt\n|faint|p2a: Torkoal\n|-hitcount|p2: Torkoal|5\n|-unboost|p1b: Dragonite|def|1\n|-boost|p1b: Dragonite|spe|1\n|\n|-weather|SunnyDay|[upkeep]\n|-heal|p1a: Rillaboom|76\/100|[from] Grassy Terrain\n|upkeep\n|\n|t:|1732994811\n|switch|p2a: Ursaluna|Ursaluna-Bloodmoon, L50, M|100\/100\n|turn|3\n|inactive|pokequimico has 30 seconds left.\n|inactive|judang has 30 seconds left.\n|inactive|judang has 20 seconds left.\n|inactive|judang has 15 seconds left.\n|inactive|judang has 10 seconds left.\n|inactive|pokequimico has 20 seconds left.\n|inactive|judang has 5 seconds left.\n|\n|t:|1732994865\n|switch|p1a: Kingambit|Kingambit, L50, M|100\/100\n|-terastallize|p2a: Ursaluna|Normal\n|move|p2b: Farigiraf|Helping Hand|p2a: Ursaluna\n|-singleturn|p2a: Ursaluna|Helping Hand|[of] p2b: Farigiraf\n|move|p2a: Ursaluna|Blood Moon|p1a: Kingambit\n|-resisted|p1a: Kingambit\n|-damage|p1a: Kingambit|22\/100\n|move|p1b: Dragonite|Scale Shot|p2b: Farigiraf\n|-damage|p2b: Farigiraf|88\/100\n|-damage|p2b: Farigiraf|73\/100\n|-damage|p2b: Farigiraf|61\/100\n|-damage|p2b: Farigiraf|48\/100\n|-enditem|p2b: Farigiraf|Sitrus Berry|[eat]\n|-heal|p2b: Farigiraf|73\/100|[from] item: Sitrus Berry\n|-hitcount|p2b: Farigiraf|4\n|-unboost|p1b: Dragonite|def|1\n|-boost|p1b: Dragonite|spe|1\n|\n|-weather|SunnyDay|[upkeep]\n|-heal|p1a: Kingambit|29\/100|[from] Grassy Terrain\n|-heal|p2b: Farigiraf|79\/100|[from] Grassy Terrain\n|upkeep\n|turn|4\n|inactive|pokequimico has 30 seconds left.\n|\n|t:|1732994892\n|switch|p1a: Basculegion|Basculegion, L50, M|100\/100\n|move|p2b: Farigiraf|Helping Hand|p2a: Ursaluna\n|-singleturn|p2a: Ursaluna|Helping Hand|[of] p2b: Farigiraf\n|move|p2a: Ursaluna|Hyper Voice|p1b: Dragonite|[spread] p1a,p1b\n|-damage|p1a: Basculegion|12\/100\n|-damage|p1b: Dragonite|0 fnt\n|faint|p1b: Dragonite\n|\n|-weather|SunnyDay|[upkeep]\n|-heal|p2b: Farigiraf|85\/100|[from] Grassy Terrain\n|-heal|p1a: Basculegion|18\/100|[from] Grassy Terrain\n|upkeep\n|\n|t:|1732994907\n|switch|p1b: Kingambit|Kingambit, L50, M|29\/100\n|turn|5\n|inactive|judang has 30 seconds left.\n|\n|t:|1732994934\n|move|p2b: Farigiraf|Helping Hand|p2a: Ursaluna\n|-singleturn|p2a: Ursaluna|Helping Hand|[of] p2b: Farigiraf\n|move|p1b: Kingambit|Protect|p1b: Kingambit\n|-singleturn|p1b: Kingambit|Protect\n|move|p2a: Ursaluna|Hyper Voice|p1b: Kingambit|[spread] p1a\n|-activate|p1b: Kingambit|move: Protect\n|-damage|p1a: Basculegion|0 fnt\n|faint|p1a: Basculegion\n|\n|-weather|none\n|-heal|p1b: Kingambit|34\/100|[from] Grassy Terrain\n|-heal|p2b: Farigiraf|91\/100|[from] Grassy Terrain\n|-fieldend|move: Trick Room\n|-fieldend|move: Grassy Terrain\n|upkeep\n|\n|t:|1732994945\n|switch|p1a: Rillaboom|Rillaboom, L50, F, tera:Fire|76\/100\n|-fieldstart|move: Grassy Terrain|[from] ability: Grassy Surge|[of] p1a: Rillaboom\n|turn|6\n|j| waltermelon2\n|\n|t:|1732994952\n|move|p2a: Ursaluna|Vacuum Wave|p1b: Kingambit\n|-supereffective|p1b: Kingambit\n|-damage|p1b: Kingambit|0 fnt\n|faint|p1b: Kingambit\n|move|p1a: Rillaboom|Wood Hammer|p2a: Ursaluna\n|-damage|p2a: Ursaluna|41\/100\n|-damage|p1a: Rillaboom|55\/100|[from] Recoil\n|move|p2b: Farigiraf|Trick Room|p2b: Farigiraf\n|-fieldstart|move: Trick Room|[of] p2b: Farigiraf\n|\n|-heal|p2a: Ursaluna|47\/100|[from] Grassy Terrain\n|-heal|p2b: Farigiraf|97\/100|[from] Grassy Terrain\n|-heal|p1a: Rillaboom|61\/100|[from] Grassy Terrain\n|upkeep\n|turn|7\n|-message|pokequimico forfeited.\n|\n|win|judang\n|raw|pokequimico's rating: 1753 &rarr; <strong>1733<\/strong><br \/>(-20 for losing)\n|raw|judang's rating: 1750 &rarr; <strong>1770<\/strong><br \/>(+20 for winning)\n|l|\u2606pokequimico\n|player|p1|\n|l|\u2606judang\n|player|p2|\n","uploadtime":1732995180,"views":14,"formatid":"gen9vgc2024regh","rating":1733,"private":0,"password":null}