{"id":"gen9vgc2024regh-2254532777","format":"[Gen 9] VGC 2024 Reg H","players":["Zordor","ahsoka fantano"],"log":"|j|\u2606Zordor\n|j|\u2606ahsoka fantano\n|t:|1733058216\n|gametype|doubles\n|player|p1|Zordor|pilot|1679\n|player|p2|ahsoka fantano|ninjaboy|1697\n|teamsize|p1|6\n|teamsize|p2|6\n|gen|9\n|tier|[Gen 9] VGC 2024 Reg H\n|rated|\n|rule|Species Clause: Limit one of each Pok\u00e9mon\n|rule|Item Clause: Limit 1 of each item\n|clearpoke\n|poke|p1|Rotom-Wash, L50|\n|poke|p1|Sneasler, L50, M|\n|poke|p1|Armarouge, L50, M|\n|poke|p1|Venusaur, L50, F|\n|poke|p1|Scizor, L50, F|\n|poke|p1|Dragapult, L50, F|\n|poke|p2|Archaludon, L50, F|\n|poke|p2|Grimmsnarl, L50, M|\n|poke|p2|Annihilape, L50, M|\n|poke|p2|Pelipper, L50, M|\n|poke|p2|Tsareena, L50, F|\n|poke|p2|Dusclops, L50, M|\n|teampreview|4\n|\n|t:|1733058261\n|start\n|switch|p1a: Scizor|Scizor, L50, F|100\/100\n|switch|p1b: Rotom|Rotom-Wash, L50|100\/100\n|switch|p2a: Grimmsnarl|Grimmsnarl, L50, M|100\/100\n|switch|p2b: Annihilape|Annihilape, L50, M|100\/100\n|turn|1\n|\n|t:|1733058283\n|move|p1a: Scizor|Bullet Punch|p2a: Grimmsnarl\n|-supereffective|p2a: Grimmsnarl\n|-damage|p2a: Grimmsnarl|43\/100\n|move|p2a: Grimmsnarl|Misty Terrain|p2a: Grimmsnarl\n|-fieldstart|move: Misty Terrain\n|move|p1b: Rotom|Hydro Pump|p2a: Grimmsnarl\n|-damage|p2a: Grimmsnarl|8\/100\n|move|p2b: Annihilape|Bulk Up|p2b: Annihilape\n|-boost|p2b: Annihilape|atk|1\n|-boost|p2b: Annihilape|def|1\n|\n|upkeep\n|turn|2\n|j| GooglePay\n|\n|t:|1733058317\n|switch|p2a: Tsareena|Tsareena, L50, F|100\/100\n|move|p1b: Rotom|Hydro Pump|p2b: Annihilape\n|-crit|p2b: Annihilape\n|-damage|p2b: Annihilape|61\/100\n|move|p2b: Annihilape|Bulk Up|p2b: Annihilape\n|-boost|p2b: Annihilape|atk|1\n|-boost|p2b: Annihilape|def|1\n|move|p1a: Scizor|Knock Off|p2b: Annihilape\n|-damage|p2b: Annihilape|45\/100\n|-enditem|p2b: Annihilape|Leftovers|[from] move: Knock Off|[of] p1a: Scizor\n|\n|upkeep\n|turn|3\n|\n|t:|1733058386\n|move|p1b: Rotom|Electroweb|p2a: Tsareena|[spread] p2a,p2b\n|-resisted|p2a: Tsareena\n|-damage|p2a: Tsareena|92\/100\n|-damage|p2b: Annihilape|35\/100\n|-unboost|p2a: Tsareena|spe|1\n|-unboost|p2b: Annihilape|spe|1\n|-ability|p2b: Annihilape|Defiant|boost\n|-boost|p2b: Annihilape|atk|2\n|move|p1a: Scizor|Bug Bite|p2a: Tsareena\n|-supereffective|p2a: Tsareena\n|-damage|p2a: Tsareena|0 fnt\n|faint|p2a: Tsareena\n|move|p2b: Annihilape|Rage Fist|p1a: Scizor\n|-damage|p1a: Scizor|0 fnt\n|faint|p1a: Scizor\n|\n|upkeep\n|\n|t:|1733058413\n|switch|p2a: Grimmsnarl|Grimmsnarl, L50, M|8\/100\n|switch|p1a: Dragapult|Dragapult, L50, F|100\/100\n|turn|4\n|\n|t:|1733058438\n|move|p1b: Rotom|Protect|p1b: Rotom\n|-singleturn|p1b: Rotom|Protect\n|move|p2a: Grimmsnarl|Light Screen|p2a: Grimmsnarl\n|-sidestart|p2: ahsoka fantano|move: Light Screen\n|move|p1a: Dragapult|Phantom Force||[still]\n|-prepare|p1a: Dragapult|Phantom Force\n|move|p2b: Annihilape|Drain Punch|p1b: Rotom\n|-activate|p1b: Rotom|move: Protect\n|\n|upkeep\n|turn|5\n|\n|t:|1733058458\n|-terastallize|p2b: Annihilape|Fire\n|move|p2a: Grimmsnarl|Reflect|p2a: Grimmsnarl\n|-sidestart|p2: ahsoka fantano|Reflect\n|move|p1a: Dragapult|Phantom Force|p2b: Annihilape|[from]lockedmove\n|-damage|p2b: Annihilape|22\/100\n|move|p1b: Rotom|Hydro Pump|p2b: Annihilape\n|-supereffective|p2b: Annihilape\n|-damage|p2b: Annihilape|0 fnt\n|faint|p2b: Annihilape\n|\n|-fieldend|Misty Terrain\n|upkeep\n|-message|ahsoka fantano forfeited.\n|\n|win|Zordor\n|raw|Zordor's rating: 1679 &rarr; <strong>1700<\/strong><br \/>(+21 for winning)\n|raw|ahsoka fantano's rating: 1697 &rarr; <strong>1676<\/strong><br \/>(-21 for losing)\n|l|\u2606ahsoka fantano\n|player|p2|\n|l|\u2606Zordor\n|player|p1|\n","uploadtime":1733058723,"views":30,"formatid":"gen9vgc2024regh","rating":1676,"private":0,"password":null}