{"id":"gen9vgc2024regh-2254233921","format":"[Gen 9] VGC 2024 Reg H","players":["everlol","CarryTheBoats"],"log":"|j|\u2606everlol\n|j|\u2606CarryTheBoats\n|t:|1733007881\n|gametype|doubles\n|player|p1|everlol|2|1672\n|player|p2|CarryTheBoats|crasherwake|1808\n|teamsize|p1|6\n|teamsize|p2|6\n|gen|9\n|tier|[Gen 9] VGC 2024 Reg H\n|rated|\n|rule|Species Clause: Limit one of each Pok\u00e9mon\n|rule|Item Clause: Limit 1 of each item\n|clearpoke\n|poke|p1|Glimmora, L50, F|\n|poke|p1|Garchomp, L50, M|\n|poke|p1|Sneasler, L50, M|\n|poke|p1|Indeedee, L50, M|\n|poke|p1|Whimsicott, L50, F|\n|poke|p1|Armarouge, L50, F|\n|poke|p2|Archaludon, L50, F|\n|poke|p2|Pelipper, L50, F|\n|poke|p2|Amoonguss, L50, F|\n|poke|p2|Incineroar, L50, M|\n|poke|p2|Basculegion, L50, M|\n|poke|p2|Dragonite, L50, M|\n|teampreview|4\neverlol rejected open team sheets.\n|inactive|Battle timer is ON: inactive players will automatically lose when time's up. (requested by everlol)\n|inactive|CarryTheBoats has 60 seconds left.\n|\n|t:|1733007927\n|start\n|switch|p1a: Glimmora|Glimmora, L50, F|100\/100\n|switch|p1b: Whimsicott|Whimsicott, L50, F|100\/100\n|switch|p2a: Dragonite|Dragonite, L50, M|100\/100\n|switch|p2b: Incineroar|Incineroar, L50, M, shiny|100\/100\n|-ability|p2b: Incineroar|Intimidate|boost\n|-unboost|p1a: Glimmora|atk|1\n|-unboost|p1b: Whimsicott|atk|1\n|turn|1\n|\n|t:|1733007936\n|switch|p1b: Indeedee|Indeedee, L50, M|100\/100\n|-fieldstart|move: Psychic Terrain|[from] ability: Psychic Surge|[of] p1b: Indeedee\n|switch|p2b: Archaludon|Archaludon, L50, F, shiny|100\/100\n|move|p1a: Glimmora|Meteor Beam||[still]\n|-prepare|p1a: Glimmora|Meteor Beam\n|-boost|p1a: Glimmora|spa|1\n|-enditem|p1a: Glimmora|Power Herb\n|-anim|p1a: Glimmora|Meteor Beam|p2a: Dragonite\n|-supereffective|p2a: Dragonite\n|-damage|p2a: Dragonite|8\/100\n|move|p2a: Dragonite|Scale Shot|p1a: Glimmora\n|-damage|p1a: Glimmora|85\/100\n|-activate|p1a: Glimmora|ability: Toxic Debris\n|-sidestart|p2: CarryTheBoats|move: Toxic Spikes\n|-damage|p1a: Glimmora|67\/100\n|-activate|p1a: Glimmora|ability: Toxic Debris\n|-sidestart|p2: CarryTheBoats|move: Toxic Spikes\n|-damage|p1a: Glimmora|48\/100\n|-damage|p1a: Glimmora|29\/100\n|-hitcount|p1a: Glimmora|4\n|-unboost|p2a: Dragonite|def|1\n|-boost|p2a: Dragonite|spe|1\n|\n|upkeep\n|turn|2\n|\n|t:|1733007953\n|switch|p1b: Whimsicott|Whimsicott, L50, F|100\/100\n|move|p1a: Glimmora|Spiky Shield|p1a: Glimmora\n|-singleturn|p1a: Glimmora|move: Protect\n|move|p2a: Dragonite|Scale Shot|p1b: Whimsicott\n|-immune|p1b: Whimsicott\n|move|p2b: Archaludon|Flash Cannon|p1b: Whimsicott\n|-supereffective|p1b: Whimsicott\n|-enditem|p1b: Whimsicott|Focus Sash\n|-damage|p1b: Whimsicott|1\/100\n|\n|upkeep\n|turn|3\n|j| Broccol1\n|\n|t:|1733007968\n|switch|p2a: Amoonguss|Amoonguss, L50, F|100\/100\n|-sideend|p2: CarryTheBoats|move: Toxic Spikes|[of] p2a: Amoonguss\n|-terastallize|p1a: Glimmora|Ground\n|move|p1b: Whimsicott|Tailwind|p1b: Whimsicott\n|-sidestart|p1: everlol|move: Tailwind\n|move|p1a: Glimmora|Earth Power|p2b: Archaludon\n|-supereffective|p2b: Archaludon\n|-damage|p2b: Archaludon|0 fnt\n|faint|p2b: Archaludon\n|\n|upkeep\n|\n|t:|1733007973\n|switch|p2b: Dragonite|Dragonite, L50, M|8\/100\n|turn|4\n|\n|t:|1733007986\n|move|p2b: Dragonite|Protect|p2b: Dragonite\n|-singleturn|p2b: Dragonite|Protect\n|move|p1b: Whimsicott|Moonblast|p2b: Dragonite\n|-activate|p2b: Dragonite|move: Protect\n|move|p1a: Glimmora|Earth Power|p2a: Amoonguss\n|-damage|p2a: Amoonguss|41\/100\n|-enditem|p2a: Amoonguss|Sitrus Berry|[eat]\n|-heal|p2a: Amoonguss|66\/100|[from] item: Sitrus Berry\n|move|p2a: Amoonguss|Spore|p1a: Glimmora\n|-status|p1a: Glimmora|slp|[from] move: Spore\n|\n|upkeep\n|turn|5\n|j| ChinaDragonVGC\n|\n|t:|1733008010\n|switch|p1b: Indeedee|Indeedee, L50, M|100\/100\n|switch|p2b: Incineroar|Incineroar, L50, M, shiny|100\/100\n|-ability|p2b: Incineroar|Intimidate|boost\n|-unboost|p1a: Glimmora|atk|1\n|-unboost|p1b: Indeedee|atk|1\n|cant|p1a: Glimmora|slp\n|move|p2a: Amoonguss|Pollen Puff|p2b: Incineroar\n|-immune|p2b: Incineroar\n|\n|-fieldend|move: Psychic Terrain\n|upkeep\n|turn|6\n|\n|t:|1733008024\n|switch|p1b: Garchomp|Garchomp, L50, M|100\/100\n|-terastallize|p2a: Amoonguss|Psychic\n|cant|p1a: Glimmora|slp\n|move|p2b: Incineroar|Knock Off|p1a: Glimmora\n|-damage|p1a: Glimmora|0 fnt\n|-activate|p1a: Glimmora|ability: Toxic Debris\n|-sidestart|p2: CarryTheBoats|move: Toxic Spikes\n|faint|p1a: Glimmora\n|move|p2a: Amoonguss|Spore|p1b: Garchomp\n|-status|p1b: Garchomp|slp|[from] move: Spore\n|\n|-sideend|p1: everlol|move: Tailwind\n|upkeep\n|\n|t:|1733008040\n|switch|p1a: Whimsicott|Whimsicott, L50, F|1\/100\n|turn|7\n|\n|t:|1733008049\n|move|p1a: Whimsicott|Encore|p2a: Amoonguss\n|-start|p2a: Amoonguss|Encore\n|cant|p1b: Garchomp|slp\n|move|p2b: Incineroar|Parting Shot|p1b: Garchomp\n|-fail|p1b: Garchomp|unboost|[from] item: Clear Amulet|[of] p1b: Garchomp\n|move|p2a: Amoonguss|Spore|p1a: Whimsicott\n|-immune|p1a: Whimsicott\n|\n|upkeep\n|turn|8\n|inactive|CarryTheBoats has 30 seconds left.\n|\n|t:|1733008075\n|switch|p2a: Dragonite|Dragonite, L50, M|8\/100\n|move|p1a: Whimsicott|Endeavor|p2b: Incineroar\n|-damage|p2b: Incineroar|1\/100\n|cant|p1b: Garchomp|slp\n|move|p2b: Incineroar|Knock Off|p1a: Whimsicott\n|-resisted|p1a: Whimsicott\n|-damage|p1a: Whimsicott|0 fnt\n|faint|p1a: Whimsicott\n|\n|upkeep\n|\n|t:|1733008083\n|switch|p1a: Indeedee|Indeedee, L50, M|100\/100\n|-fieldstart|move: Psychic Terrain|[from] ability: Psychic Surge|[of] p1a: Indeedee\n|turn|9\n|\n|t:|1733008088\n|move|p2a: Dragonite|Protect|p2a: Dragonite\n|-singleturn|p2a: Dragonite|Protect\n|move|p1a: Indeedee|Dazzling Gleam|p2b: Incineroar|[spread] p2b\n|-activate|p2a: Dragonite|move: Protect\n|-damage|p2b: Incineroar|0 fnt\n|faint|p2b: Incineroar\n|-curestatus|p1b: Garchomp|slp|[msg]\n|move|p1b: Garchomp|Rock Slide|p2a: Dragonite\n|-activate|p2a: Dragonite|move: Protect\n|\n|upkeep\n|\n|t:|1733008093\n|switch|p2b: Amoonguss|Amoonguss, L50, F, tera:Psychic|99\/100\n|-status|p2b: Amoonguss|psn\n|turn|10\n|-message|CarryTheBoats forfeited.\n|\n|win|everlol\n|raw|everlol's rating: 1672 &rarr; <strong>1699<\/strong><br \/>(+27 for winning)\n|raw|CarryTheBoats's rating: 1808 &rarr; <strong>1781<\/strong><br \/>(-27 for losing)\n|l|\u2606CarryTheBoats\n|player|p2|\n|l|\u2606everlol\n|player|p1|\n|l| Broccol1\n","uploadtime":1733008273,"views":9,"formatid":"gen9vgc2024regh","rating":1699,"private":0,"password":null}