{"id":"gen9vgc2024regh-2254469916","format":"[Gen 9] VGC 2024 Reg H","players":["Nerd159","magnusmagnum"],"log":"|j|\u2606Nerd159\n|j|\u2606magnusmagnum\n|t:|1733045273\n|gametype|doubles\n|player|p1|Nerd159|1|1852\n|player|p2|magnusmagnum|1|1778\n|teamsize|p1|6\n|teamsize|p2|6\n|gen|9\n|tier|[Gen 9] VGC 2024 Reg H\n|rated|\n|rule|Species Clause: Limit one of each Pok\u00e9mon\n|rule|Item Clause: Limit 1 of each item\n|clearpoke\n|poke|p1|Kommo-o, L50, F|\n|poke|p1|Sinistcha, L50|\n|poke|p1|Incineroar, L50, F|\n|poke|p1|Murkrow, L50, F|\n|poke|p1|Ursaluna-Bloodmoon, L50, M|\n|poke|p1|Gholdengo, L50|\n|poke|p2|Sneasler, L50, M|\n|poke|p2|Chandelure, L50, F|\n|poke|p2|Ursaluna-Bloodmoon, L50, M|\n|poke|p2|Garchomp, L50, F|\n|poke|p2|Rillaboom, L50, F|\n|poke|p2|Gholdengo, L50|\n|teampreview|4\n|inactive|Battle timer is ON: inactive players will automatically lose when time's up. (requested by Nerd159)\n|\n|t:|1733045321\n|start\n|switch|p1a: Kommo-o|Kommo-o, L50, F|100\/100\n|switch|p1b: Incineroar|Incineroar, L50, F|100\/100\n|switch|p2a: Ursaluna|Ursaluna-Bloodmoon, L50, M|100\/100\n|switch|p2b: Rillaboom|Rillaboom, L50, F|100\/100\n|-fieldstart|move: Grassy Terrain|[from] ability: Grassy Surge|[of] p2b: Rillaboom\n|-ability|p1b: Incineroar|Intimidate|boost\n|-unboost|p2a: Ursaluna|atk|1\n|-unboost|p2b: Rillaboom|atk|1\n|turn|1\n|inactive|magnusmagnum has 30 seconds left.\n|\n|t:|1733045353\n|switch|p2a: Garchomp|Garchomp, L50, F|100\/100\n|switch|p1b: Murkrow|Murkrow, L50, F|100\/100\n|move|p1a: Kommo-o|Protect|p1a: Kommo-o\n|-singleturn|p1a: Kommo-o|Protect\n|move|p2b: Rillaboom|Fake Out|p1a: Kommo-o\n|-activate|p1a: Kommo-o|move: Protect\n|\n|upkeep\n|turn|2\n|\n|t:|1733045376\n|switch|p1b: Incineroar|Incineroar, L50, F|100\/100\n|-ability|p1b: Incineroar|Intimidate|boost\n|-unboost|p2a: Garchomp|atk|1\n|-unboost|p2b: Rillaboom|atk|1\n|-terastallize|p2a: Garchomp|Fairy\n|-terastallize|p1a: Kommo-o|Steel\n|move|p2a: Garchomp|Dragon Claw|p1a: Kommo-o\n|-resisted|p1a: Kommo-o\n|-damage|p1a: Kommo-o|86\/100\n|move|p1a: Kommo-o|Clangorous Soul|p1a: Kommo-o\n|-boost|p1a: Kommo-o|atk|1\n|-boost|p1a: Kommo-o|def|1\n|-boost|p1a: Kommo-o|spa|1\n|-boost|p1a: Kommo-o|spd|1\n|-boost|p1a: Kommo-o|spe|1\n|-damage|p1a: Kommo-o|54\/100\n|-enditem|p1a: Kommo-o|Throat Spray\n|-boost|p1a: Kommo-o|spa|1|[from] item: Throat Spray\n|move|p2b: Rillaboom|Wood Hammer|p1a: Kommo-o\n|-resisted|p1a: Kommo-o\n|-damage|p1a: Kommo-o|36\/100\n|-damage|p2b: Rillaboom|96\/100|[from] Recoil\n|\n|-heal|p1a: Kommo-o|42\/100|[from] Grassy Terrain\n|-heal|p2b: Rillaboom|100\/100|[from] Grassy Terrain\n|upkeep\n|turn|3\n|inactive|Nerd159 has 30 seconds left.\n|inactive|magnusmagnum has 30 seconds left.\n|inactive|magnusmagnum has 20 seconds left.\n|inactive|magnusmagnum has 15 seconds left.\n|\n|t:|1733045418\n|switch|p2a: Sneasler|Sneasler, L50, M|100\/100\n|move|p2b: Rillaboom|Protect|p2b: Rillaboom\n|-singleturn|p2b: Rillaboom|Protect\n|move|p1b: Incineroar|Fake Out|p2a: Sneasler\n|-damage|p2a: Sneasler|79\/100\n|move|p1a: Kommo-o|Aura Sphere|p2b: Rillaboom\n|-activate|p2b: Rillaboom|move: Protect\n|\n|-heal|p1a: Kommo-o|48\/100|[from] Grassy Terrain\n|-heal|p2a: Sneasler|84\/100|[from] Grassy Terrain\n|upkeep\n|turn|4\n|\n|t:|1733045438\n|switch|p2b: Garchomp|Garchomp, L50, F, tera:Fairy|100\/100\n|switch|p1b: Gholdengo|Gholdengo, L50|100\/100\n|move|p1a: Kommo-o|Protect|p1a: Kommo-o\n|-singleturn|p1a: Kommo-o|Protect\n|move|p2a: Sneasler|Fake Out|p1a: Kommo-o\n|-activate|p1a: Kommo-o|move: Protect\n|\n|-heal|p1a: Kommo-o|54\/100|[from] Grassy Terrain\n|-heal|p2a: Sneasler|90\/100|[from] Grassy Terrain\n|upkeep\n|turn|5\n|inactive|magnusmagnum has 30 seconds left.\n|inactive|magnusmagnum has 20 seconds left.\n|inactive|magnusmagnum has 15 seconds left.\n|\n|t:|1733045480\n|switch|p1b: Incineroar|Incineroar, L50, F|100\/100\n|-ability|p1b: Incineroar|Intimidate|boost\n|-unboost|p2a: Sneasler|atk|1\n|-unboost|p2b: Garchomp|atk|1\n|move|p2a: Sneasler|Protect|p2a: Sneasler\n|-singleturn|p2a: Sneasler|Protect\n|move|p2b: Garchomp|Stomping Tantrum|p1a: Kommo-o\n|-supereffective|p1a: Kommo-o\n|-damage|p1a: Kommo-o|17\/100\n|move|p1a: Kommo-o|Clanging Scales|p2a: Sneasler|[spread] \n|-activate|p2a: Sneasler|move: Protect\n|-immune|p2b: Garchomp\n|\n|-heal|p1a: Kommo-o|23\/100|[from] Grassy Terrain\n|-heal|p2a: Sneasler|96\/100|[from] Grassy Terrain\n|-fieldend|move: Grassy Terrain\n|upkeep\n|turn|6\n|inactive|magnusmagnum has 30 seconds left.\n|\n|t:|1733045511\n|move|p1b: Incineroar|Fake Out|p2b: Garchomp\n|-damage|p2b: Garchomp|87\/100\n|-damage|p1b: Incineroar|88\/100|[from] ability: Rough Skin|[of] p2b: Garchomp\n|cant|p2b: Garchomp|flinch\n|move|p1a: Kommo-o|Clanging Scales|p2b: Garchomp|[spread] p2a\n|-immune|p2b: Garchomp\n|-damage|p2a: Sneasler|0 fnt\n|faint|p2a: Sneasler\n|-unboost|p1a: Kommo-o|def|1\n|\n|upkeep\n|\n|t:|1733045522\n|switch|p2a: Ursaluna|Ursaluna-Bloodmoon, L50, M|100\/100\n|turn|7\n|\n|t:|1733045540\n|move|p1a: Kommo-o|Protect|p1a: Kommo-o\n|-singleturn|p1a: Kommo-o|Protect\n|move|p2b: Garchomp|Stomping Tantrum|p1a: Kommo-o\n|-activate|p1a: Kommo-o|move: Protect\n|move|p2a: Ursaluna|Blood Moon|p1b: Incineroar\n|-damage|p1b: Incineroar|37\/100\n|move|p1b: Incineroar|U-turn|p2b: Garchomp\n|-resisted|p2b: Garchomp\n|-damage|p2b: Garchomp|77\/100\n|-damage|p1b: Incineroar|24\/100|[from] ability: Rough Skin|[of] p2b: Garchomp\n|\n|t:|1733045546\n|switch|p1b: Murkrow|Murkrow, L50, F|100\/100|[from] U-turn\n|\n|upkeep\n|turn|8\n|inactive|magnusmagnum has 30 seconds left.\n|inactive|magnusmagnum has 20 seconds left.\n|\n|t:|1733045584\n|switch|p2a: Rillaboom|Rillaboom, L50, F|100\/100\n|-fieldstart|move: Grassy Terrain|[from] ability: Grassy Surge|[of] p2a: Rillaboom\n|move|p1b: Murkrow|Tailwind|p1b: Murkrow\n|-sidestart|p1: Nerd159|move: Tailwind\n|move|p1a: Kommo-o|Aura Sphere|p2a: Rillaboom\n|-damage|p2a: Rillaboom|18\/100\n|move|p2b: Garchomp|Stomping Tantrum|p1a: Kommo-o\n|-supereffective|p1a: Kommo-o\n|-damage|p1a: Kommo-o|0 fnt\n|faint|p1a: Kommo-o\n|\n|-heal|p2b: Garchomp|83\/100|[from] Grassy Terrain\n|-heal|p2a: Rillaboom|24\/100|[from] Grassy Terrain\n|upkeep\n|\n|t:|1733045586\n|switch|p1a: Gholdengo|Gholdengo, L50|100\/100\n|turn|9\n|\n|t:|1733045604\n|move|p2a: Rillaboom|Protect|p2a: Rillaboom\n|-singleturn|p2a: Rillaboom|Protect\n|move|p1b: Murkrow|Snarl|p2b: Garchomp|[spread] p2b\n|-activate|p2a: Rillaboom|move: Protect\n|-resisted|p2b: Garchomp\n|-damage|p2b: Garchomp|77\/100\n|-unboost|p2b: Garchomp|spa|1\n|move|p1a: Gholdengo|Make It Rain|p2b: Garchomp|[spread] p2b\n|-activate|p2a: Rillaboom|move: Protect\n|-supereffective|p2b: Garchomp\n|-damage|p2b: Garchomp|0 fnt\n|-unboost|p1a: Gholdengo|spa|1\n|faint|p2b: Garchomp\n|\n|-heal|p2a: Rillaboom|30\/100|[from] Grassy Terrain\n|upkeep\n|\n|t:|1733045614\n|switch|p2b: Ursaluna|Ursaluna-Bloodmoon, L50, M|100\/100\n|turn|10\n|\n|t:|1733045619\n|move|p2a: Rillaboom|Protect||[still]\n|-fail|p2a: Rillaboom\n|move|p1b: Murkrow|Snarl|p2b: Ursaluna|[spread] p2a,p2b\n|-damage|p2a: Rillaboom|16\/100\n|-damage|p2b: Ursaluna|89\/100\n|-unboost|p2a: Rillaboom|spa|1\n|-unboost|p2b: Ursaluna|spa|1\n|move|p1a: Gholdengo|Make It Rain|p2a: Rillaboom|[spread] p2a,p2b\n|-damage|p2a: Rillaboom|0 fnt\n|-damage|p2b: Ursaluna|49\/100\n|-unboost|p1a: Gholdengo|spa|1\n|faint|p2a: Rillaboom\n|move|p2b: Ursaluna|Earth Power|p1a: Gholdengo\n|-supereffective|p1a: Gholdengo\n|-damage|p1a: Gholdengo|22\/100\n|-unboost|p1a: Gholdengo|spd|1\n|\n|-heal|p1a: Gholdengo|28\/100|[from] Grassy Terrain\n|-heal|p2b: Ursaluna|55\/100|[from] Grassy Terrain\n|upkeep\n|turn|11\n|\n|t:|1733045627\n|move|p1b: Murkrow|Haze|p1b: Murkrow\n|-clearallboost\n|move|p1a: Gholdengo|Make It Rain|p2b: Ursaluna\n|-damage|p2b: Ursaluna|0 fnt\n|-unboost|p1a: Gholdengo|spa|1\n|faint|p2b: Ursaluna\n|\n|win|Nerd159\n|raw|Nerd159's rating: 1852 &rarr; <strong>1868<\/strong><br \/>(+16 for winning)\n|raw|magnusmagnum's rating: 1778 &rarr; <strong>1762<\/strong><br \/>(-16 for losing)\n|c|\u2606Nerd159|Gg!\n|c|\u2606magnusmagnum|gg\n|l|\u2606magnusmagnum\n|player|p2|\n|l|\u2606Nerd159\n|player|p1|\n","uploadtime":1733045867,"views":43,"formatid":"gen9vgc2024regh","rating":1762,"private":0,"password":null}