{"id":"gen9vgc2024regh-2254541254","format":"[Gen 9] VGC 2024 Reg H","players":["marcxhenry","insertable194"],"log":"|j|\u2606marcxhenry\n|j|\u2606insertable194\n|t:|1733059683\n|gametype|doubles\n|player|p1|marcxhenry|plasmagrunt-gen5bw|1709\n|player|p2|insertable194|hanbei-conquest|1789\n|teamsize|p1|6\n|teamsize|p2|6\n|gen|9\n|tier|[Gen 9] VGC 2024 Reg H\n|rated|\n|rule|Species Clause: Limit one of each Pok\u00e9mon\n|rule|Item Clause: Limit 1 of each item\n|clearpoke\n|poke|p1|Tatsugiri, L50, M|\n|poke|p1|Weezing-Galar, L50, M|\n|poke|p1|Indeedee-F, L50, F|\n|poke|p1|Armarouge, L50, M|\n|poke|p1|Slaking, L50, M|\n|poke|p1|Dondozo, L50, M|\n|poke|p2|Smeargle, L50, F|\n|poke|p2|Farigiraf, L50, F|\n|poke|p2|Archaludon, L50, M|\n|poke|p2|Torkoal, L50, F|\n|poke|p2|Ursaluna-Bloodmoon, L50, M|\n|poke|p2|Annihilape, L50, M|\n|teampreview|4\n|inactive|Battle timer is ON: inactive players will automatically lose when time's up. (requested by insertable194)\n|j| GooglePay\n|\n|t:|1733059703\n|start\n|switch|p1a: Weezing|Weezing-Galar, L50, M|100\/100\n|switch|p1b: Slaking|Slaking, L50, M, shiny|100\/100\n|switch|p2a: Smeargle|Smeargle, L50, F|100\/100\n|switch|p2b: Farigiraf|Farigiraf, L50, F|100\/100\n|-ability|p1a: Weezing|Neutralizing Gas\n|turn|1\n|\n|t:|1733059725\n|move|p2a: Smeargle|Follow Me|p2a: Smeargle\n|-singleturn|p2a: Smeargle|move: Follow Me\n|move|p1b: Slaking|Knock Off|p2a: Smeargle\n|-damage|p2a: Smeargle|0 fnt\n|-enditem|p2a: Smeargle|Eject Pack|[from] move: Knock Off|[of] p1b: Slaking\n|faint|p2a: Smeargle\n|-damage|p1b: Slaking|90\/100|[from] item: Life Orb\n|move|p1a: Weezing|Taunt|p2b: Farigiraf\n|-start|p2b: Farigiraf|move: Taunt\n|-enditem|p2b: Farigiraf|Mental Herb\n|-end|p2b: Farigiraf|move: Taunt\n|move|p2b: Farigiraf|Trick Room|p2b: Farigiraf\n|-fieldstart|move: Trick Room|[of] p2b: Farigiraf\n|\n|upkeep\n|\n|t:|1733059737\n|switch|p2a: Ursaluna|Ursaluna-Bloodmoon, L50, M|100\/100\n|turn|2\n|\n|t:|1733059753\n|switch|p2b: Torkoal|Torkoal, L50, F|100\/100\n|-terastallize|p2a: Ursaluna|Normal\n|-terastallize|p1b: Slaking|Ghost\n|move|p2a: Ursaluna|Blood Moon|p1b: Slaking\n|-immune|p1b: Slaking\n|move|p1a: Weezing|Strange Steam|p2a: Ursaluna\n|-damage|p2a: Ursaluna|70\/100\n|move|p1b: Slaking|Drain Punch|p2a: Ursaluna\n|-supereffective|p2a: Ursaluna\n|-damage|p2a: Ursaluna|13\/100\n|-heal|p1b: Slaking|100\/100|[from] drain|[of] p2a: Ursaluna\n|-damage|p1b: Slaking|90\/100|[from] item: Life Orb\n|\n|upkeep\n|turn|3\n|inactive|marcxhenry has 30 seconds left.\n|inactive|insertable194 has 30 seconds left.\n|inactive|marcxhenry has 20 seconds left.\n|inactive|insertable194 has 20 seconds left.\n|\n|t:|1733059790\n|move|p1a: Weezing|Protect|p1a: Weezing\n|-singleturn|p1a: Weezing|Protect\n|move|p1b: Slaking|Protect|p1b: Slaking\n|-singleturn|p1b: Slaking|Protect\n|move|p2b: Torkoal|Eruption|p1b: Slaking|[spread] \n|-activate|p1a: Weezing|move: Protect\n|-activate|p1b: Slaking|move: Protect\n|move|p2a: Ursaluna|Earth Power|p1b: Slaking\n|-activate|p1b: Slaking|move: Protect\n|\n|upkeep\n|turn|4\n|\n|t:|1733059809\n|-end|p1a: Weezing|ability: Neutralizing Gas\n|-weather|SunnyDay|[from] ability: Drought|[of] p2b: Torkoal\n|switch|p1a: BismarckZwei|Dondozo, L50, M, shiny|100\/100\n|switch|p1b: Tatsu the II|Tatsugiri, L50, M|100\/100\n|-activate|p1b: Tatsu the II|ability: Commander|[of] p1a: BismarckZwei\n|-boost|p1a: BismarckZwei|atk|2\n|-boost|p1a: BismarckZwei|spa|2\n|-boost|p1a: BismarckZwei|spe|2\n|-boost|p1a: BismarckZwei|def|2\n|-boost|p1a: BismarckZwei|spd|2\n|move|p2b: Torkoal|Eruption|p1b: Tatsu the II|[spread] p1a\n|-miss|p2b: Torkoal|p1b: Tatsu the II\n|-resisted|p1a: BismarckZwei\n|-damage|p1a: BismarckZwei|79\/100\n|move|p2a: Ursaluna|Earth Power|p1b: Tatsu the II|[miss]\n|-miss|p2a: Ursaluna|p1b: Tatsu the II\n|\n|-weather|SunnyDay|[upkeep]\n|-heal|p1a: BismarckZwei|84\/100|[from] item: Leftovers\n|upkeep\n|turn|5\n|inactive|insertable194 has 30 seconds left.\n|\n|t:|1733059842\n|switch|p2b: Farigiraf|Farigiraf, L50, F|100\/100\n|move|p1a: BismarckZwei|Protect|p1a: BismarckZwei\n|-singleturn|p1a: BismarckZwei|Protect\n|move|p2a: Ursaluna|Blood Moon|p1a: BismarckZwei\n|-activate|p1a: BismarckZwei|move: Protect\n|\n|-weather|SunnyDay|[upkeep]\n|-heal|p1a: BismarckZwei|90\/100|[from] item: Leftovers\n|-fieldend|move: Trick Room\n|upkeep\n|turn|6\n|\n|t:|1733059860\n|move|p2a: Ursaluna|Protect|p2a: Ursaluna\n|-singleturn|p2a: Ursaluna|Protect\n|move|p1a: BismarckZwei|Wave Crash|p2b: Farigiraf\n|-damage|p2b: Farigiraf|65\/100\n|-damage|p1a: BismarckZwei|79\/100|[from] Recoil\n|move|p2b: Farigiraf|Trick Room|p2b: Farigiraf\n|-fieldstart|move: Trick Room|[of] p2b: Farigiraf\n|\n|-weather|SunnyDay|[upkeep]\n|-heal|p1a: BismarckZwei|85\/100|[from] item: Leftovers\n|upkeep\n|turn|7\n|\n|t:|1733059873\n|switch|p2b: Torkoal|Torkoal, L50, F|100\/100\n|move|p1a: BismarckZwei|Protect|p1a: BismarckZwei\n|-singleturn|p1a: BismarckZwei|Protect\n|move|p2a: Ursaluna|Hyper Voice|p1a: BismarckZwei|[spread] \n|-miss|p2a: Ursaluna|p1b: Tatsu the II\n|-activate|p1a: BismarckZwei|move: Protect\n|\n|-weather|SunnyDay|[upkeep]\n|-heal|p1a: BismarckZwei|91\/100|[from] item: Leftovers\n|upkeep\n|turn|8\n|\n|t:|1733059883\n|move|p2b: Torkoal|Eruption|p1a: BismarckZwei|[spread] p1a\n|-miss|p2b: Torkoal|p1b: Tatsu the II\n|-resisted|p1a: BismarckZwei\n|-damage|p1a: BismarckZwei|69\/100\n|move|p2a: Ursaluna|Blood Moon|p1a: BismarckZwei\n|-damage|p1a: BismarckZwei|2\/100\n|-damage|p2a: Ursaluna|3\/100|[from] item: Life Orb\n|move|p1a: BismarckZwei|Earthquake|p2a: Ursaluna|[spread] p2a,p2b\n|-miss|p1a: BismarckZwei|p1b: Tatsu the II\n|-supereffective|p2b: Torkoal\n|-damage|p2a: Ursaluna|0 fnt\n|-damage|p2b: Torkoal|30\/100\n|faint|p2a: Ursaluna\n|\n|-weather|none\n|-heal|p1a: BismarckZwei|8\/100|[from] item: Leftovers\n|upkeep\n|inactive|insertable194 has 30 seconds left.\n|\n|t:|1733059912\n|switch|p2a: Farigiraf|Farigiraf, L50, F|65\/100\n|turn|9\n|\n|t:|1733059917\n|move|p1a: BismarckZwei|Protect|p1a: BismarckZwei\n|-singleturn|p1a: BismarckZwei|Protect\n|move|p2b: Torkoal|Eruption|p1b: Tatsu the II|[spread] \n|-miss|p2b: Torkoal|p1b: Tatsu the II\n|-activate|p1a: BismarckZwei|move: Protect\n|move|p2a: Farigiraf|Twin Beam|p1a: BismarckZwei\n|-activate|p1a: BismarckZwei|move: Protect\n|\n|-heal|p1a: BismarckZwei|14\/100|[from] item: Leftovers\n|upkeep\n|turn|10\n|\n|t:|1733059928\n|move|p2b: Torkoal|Eruption|p1b: Tatsu the II|[spread] p1a\n|-miss|p2b: Torkoal|p1b: Tatsu the II\n|-resisted|p1a: BismarckZwei\n|-damage|p1a: BismarckZwei|9\/100\n|move|p2a: Farigiraf|Twin Beam|p1a: BismarckZwei\n|-damage|p1a: BismarckZwei|3\/100\n|-damage|p1a: BismarckZwei|0 fnt\n|faint|p1a: BismarckZwei\n|-hitcount|p1: BismarckZwei|2\n|\n|-fieldend|move: Trick Room\n|upkeep\n|\n|t:|1733059938\n|switch|p1a: Slaking|Slaking, L50, M, shiny, tera:Ghost|90\/100\n|turn|11\n|\n|t:|1733059943\n|move|p1b: Tatsu the II|Muddy Water|p2a: Farigiraf|[spread] p2a,p2b\n|-supereffective|p2b: Torkoal\n|-damage|p2a: Farigiraf|29\/100\n|-damage|p2b: Torkoal|0 fnt\n|faint|p2b: Torkoal\n|move|p1a: Slaking|Knock Off|p2a: Farigiraf\n|-supereffective|p2a: Farigiraf\n|-damage|p2a: Farigiraf|0 fnt\n|faint|p2a: Farigiraf\n|-damage|p1a: Slaking|80\/100|[from] item: Life Orb\n|\n|win|marcxhenry\n|raw|marcxhenry's rating: 1709 &rarr; <strong>1733<\/strong><br \/>(+24 for winning)\n|raw|insertable194's rating: 1788 &rarr; <strong>1764<\/strong><br \/>(-24 for losing)\n|l|\u2606insertable194\n|player|p2|\n|l|\u2606marcxhenry\n|player|p1|\n","uploadtime":1733060106,"views":30,"formatid":"gen9vgc2024regh","rating":1733,"private":0,"password":null}