{"id":"gen9vgc2024regh-2254187052","format":"[Gen 9] VGC 2024 Reg H","players":["Zordor","Djjwjwwjj"],"log":"|j|\u2606Zordor\n|j|\u2606Djjwjwwjj\n|t:|1733002015\n|gametype|doubles\n|player|p1|Zordor|pilot|1639\n|player|p2|Djjwjwwjj|101|1751\n|teamsize|p1|6\n|teamsize|p2|6\n|gen|9\n|tier|[Gen 9] VGC 2024 Reg H\n|rated|\n|rule|Species Clause: Limit one of each Pok\u00e9mon\n|rule|Item Clause: Limit 1 of each item\n|clearpoke\n|poke|p1|Rotom-Wash, L50|\n|poke|p1|Sneasler, L50, M|\n|poke|p1|Armarouge, L50, M|\n|poke|p1|Venusaur, L50, M|\n|poke|p1|Scizor, L50, M|\n|poke|p1|Dragapult, L50, F|\n|poke|p2|Palafin, L50, F|\n|poke|p2|Farigiraf, L50, F|\n|poke|p2|Ursaluna-Bloodmoon, L50, M|\n|poke|p2|Amoonguss, L50, F|\n|poke|p2|Incineroar, L50, F|\n|poke|p2|Ninetales-Alola, L50, M|\n|teampreview|4\n|inactive|Battle timer is ON: inactive players will automatically lose when time's up. (requested by Djjwjwwjj)\n|inactive|Zordor has 60 seconds left.\n|inactive|Djjwjwwjj has 60 seconds left.\n|inactive|Zordor has 30 seconds left.\n|inactive|Djjwjwwjj has 30 seconds left.\n|\n|t:|1733002083\n|start\n|switch|p1a: Rotom|Rotom-Wash, L50|100\/100\n|switch|p1b: Armarouge|Armarouge, L50, M|100\/100\n|switch|p2a: Farigiraf|Farigiraf, L50, F|100\/100\n|switch|p2b: Incineroar|Incineroar, L50, F|100\/100\n|-ability|p2b: Incineroar|Intimidate|boost\n|-unboost|p1a: Rotom|atk|1\n|-unboost|p1b: Armarouge|atk|1\n|turn|1\n|\n|t:|1733002099\n|move|p2b: Incineroar|Fake Out|p1b: Armarouge\n|-damage|p1b: Armarouge|88\/100\n|move|p1a: Rotom|Hydro Pump|p2a: Farigiraf\n|-damage|p2a: Farigiraf|66\/100\n|cant|p1b: Armarouge|flinch\n|move|p2a: Farigiraf|Trick Room|p2a: Farigiraf\n|-fieldstart|move: Trick Room|[of] p2a: Farigiraf\n|\n|upkeep\n|turn|2\n|\n|t:|1733002115\n|move|p1b: Armarouge|Protect|p1b: Armarouge\n|-singleturn|p1b: Armarouge|Protect\n|move|p1a: Rotom|Protect|p1a: Rotom\n|-singleturn|p1a: Rotom|Protect\n|move|p2a: Farigiraf|Twin Beam|p1a: Rotom\n|-activate|p1a: Rotom|move: Protect\n|move|p2b: Incineroar|Knock Off|p1b: Armarouge\n|-activate|p1b: Armarouge|move: Protect\n|\n|upkeep\n|turn|3\n|inactive|Zordor has 30 seconds left.\n|\n|t:|1733002148\n|switch|p1b: Scizor|Scizor, L50, M|100\/100\n|move|p2a: Farigiraf|Twin Beam|p1b: Scizor\n|-resisted|p1b: Scizor\n|-damage|p1b: Scizor|91\/100\n|-resisted|p1b: Scizor\n|-damage|p1b: Scizor|82\/100\n|-hitcount|p1b: Scizor|2\n|move|p2b: Incineroar|Knock Off|p1b: Scizor\n|-damage|p1b: Scizor|38\/100\n|-enditem|p1b: Scizor|Sitrus Berry|[from] move: Knock Off|[of] p2b: Incineroar\n|move|p1a: Rotom|Hydro Pump|p2b: Incineroar\n|-supereffective|p2b: Incineroar\n|-damage|p2b: Incineroar|26\/100\n|\n|upkeep\n|turn|4\n|inactive|Djjwjwwjj has 30 seconds left.\n|\n|t:|1733002175\n|switch|p2a: Ursaluna|Ursaluna-Bloodmoon, L50, M|100\/100\n|move|p1a: Rotom|Protect|p1a: Rotom\n|-singleturn|p1a: Rotom|Protect\n|move|p2b: Incineroar|Flare Blitz|p1b: Scizor\n|-supereffective|p1b: Scizor\n|-damage|p1b: Scizor|0 fnt\n|faint|p1b: Scizor\n|-damage|p2b: Incineroar|15\/100|[from] Recoil\n|\n|upkeep\n|\n|t:|1733002185\n|switch|p1b: Armarouge|Armarouge, L50, M|88\/100\n|turn|5\n|inactive|Djjwjwwjj has 30 seconds left.\n|inactive|Djjwjwwjj has 20 seconds left.\n|\n|t:|1733002222\n|switch|p2b: Farigiraf|Farigiraf, L50, F|66\/100\n|-terastallize|p2a: Ursaluna|Normal\n|move|p1b: Armarouge|Protect|p1b: Armarouge\n|-singleturn|p1b: Armarouge|Protect\n|move|p2a: Ursaluna|Blood Moon|p1a: Rotom\n|-damage|p1a: Rotom|0 fnt\n|faint|p1a: Rotom\n|-damage|p2a: Ursaluna|91\/100|[from] item: Life Orb\n|\n|-fieldend|move: Trick Room\n|upkeep\n|\n|t:|1733002227\n|switch|p1a: Venusaur|Venusaur, L50, M|100\/100\n|turn|6\n|\n|t:|1733002257\n|-terastallize|p1b: Armarouge|Dark\n|move|p1a: Venusaur|Sludge Bomb|p2b: Farigiraf\n|-damage|p2b: Farigiraf|34\/100\n|-status|p2b: Farigiraf|psn\n|-enditem|p2b: Farigiraf|Lum Berry|[eat]\n|-curestatus|p2b: Farigiraf|psn|[msg]\n|move|p1b: Armarouge|Meteor Beam||[still]\n|-prepare|p1b: Armarouge|Meteor Beam\n|-boost|p1b: Armarouge|spa|1\n|-enditem|p1b: Armarouge|Power Herb\n|-anim|p1b: Armarouge|Meteor Beam|p2b: Farigiraf\n|-damage|p2b: Farigiraf|0 fnt\n|faint|p2b: Farigiraf\n|move|p2a: Ursaluna|Hyper Voice|p1a: Venusaur|[spread] p1a,p1b\n|-crit|p1a: Venusaur\n|-damage|p1a: Venusaur|2\/100\n|-damage|p1b: Armarouge|4\/100\n|-damage|p2a: Ursaluna|81\/100|[from] item: Life Orb\n|\n|-heal|p1a: Venusaur|8\/100|[from] item: Leftovers\n|upkeep\n|inactive|Djjwjwwjj has 30 seconds left.\n|\n|t:|1733002282\n|switch|p2b: Incineroar|Incineroar, L50, F|15\/100\n|-ability|p2b: Incineroar|Intimidate|boost\n|-unboost|p1a: Venusaur|atk|1\n|-unboost|p1b: Armarouge|atk|1\n|turn|7\n|j| JAY SHIRONA\n|\n|t:|1733002306\n|switch|p2b: Amoonguss|Amoonguss, L50, F|100\/100\n|move|p1a: Venusaur|Protect|p1a: Venusaur\n|-singleturn|p1a: Venusaur|Protect\n|move|p1b: Armarouge|Protect|p1b: Armarouge\n|-singleturn|p1b: Armarouge|Protect\n|move|p2a: Ursaluna|Hyper Voice|p1b: Armarouge|[spread] \n|-activate|p1a: Venusaur|move: Protect\n|-activate|p1b: Armarouge|move: Protect\n|\n|-heal|p1a: Venusaur|15\/100|[from] item: Leftovers\n|upkeep\n|turn|8\n|\n|t:|1733002323\n|move|p2b: Amoonguss|Rage Powder|p2b: Amoonguss\n|-singleturn|p2b: Amoonguss|move: Rage Powder\n|move|p1a: Venusaur|Giga Drain|p2a: Ursaluna\n|-damage|p2a: Ursaluna|31\/100\n|-heal|p1a: Venusaur|45\/100|[from] drain|[of] p2a: Ursaluna\n|move|p1b: Armarouge|Heat Wave|p2b: Amoonguss|[spread] p2a,p2b\n|-supereffective|p2b: Amoonguss\n|-damage|p2a: Ursaluna|0 fnt\n|-damage|p2b: Amoonguss|27\/100\n|-enditem|p2b: Amoonguss|Sitrus Berry|[eat]\n|-heal|p2b: Amoonguss|52\/100|[from] item: Sitrus Berry\n|faint|p2a: Ursaluna\n|\n|-heal|p1a: Venusaur|51\/100|[from] item: Leftovers\n|upkeep\n|\n|t:|1733002338\n|switch|p2a: Incineroar|Incineroar, L50, F|15\/100\n|-ability|p2a: Incineroar|Intimidate|boost\n|-unboost|p1a: Venusaur|atk|1\n|-unboost|p1b: Armarouge|atk|1\n|turn|9\n|\n|t:|1733002348\n|move|p2a: Incineroar|Fake Out|p1b: Armarouge\n|-damage|p1b: Armarouge|0 fnt\n|faint|p1b: Armarouge\n|move|p1a: Venusaur|Earth Power|p2a: Incineroar\n|-supereffective|p2a: Incineroar\n|-damage|p2a: Incineroar|0 fnt\n|faint|p2a: Incineroar\n|move|p2b: Amoonguss|Pollen Puff|p2: Incineroar|[notarget]\n|-fail|p2b: Amoonguss\n|\n|-heal|p1a: Venusaur|57\/100|[from] item: Leftovers\n|upkeep\n|turn|10\n|\n|t:|1733002362\n|move|p1a: Venusaur|Protect|p1a: Venusaur\n|-singleturn|p1a: Venusaur|Protect\n|move|p2b: Amoonguss|Pollen Puff|p1a: Venusaur\n|-activate|p1a: Venusaur|move: Protect\n|\n|-heal|p1a: Venusaur|63\/100|[from] item: Leftovers\n|upkeep\n|turn|11\n|\n|t:|1733002371\n|move|p1a: Venusaur|Sludge Bomb|p2b: Amoonguss\n|-damage|p2b: Amoonguss|21\/100\n|move|p2b: Amoonguss|Pollen Puff|p1a: Venusaur\n|-damage|p1a: Venusaur|45\/100\n|\n|-heal|p1a: Venusaur|51\/100|[from] item: Leftovers\n|upkeep\n|turn|12\n|-message|Djjwjwwjj forfeited.\n|\n|win|Zordor\n|raw|Zordor's rating: 1639 &rarr; <strong>1665<\/strong><br \/>(+26 for winning)\n|raw|Djjwjwwjj's rating: 1751 &rarr; <strong>1725<\/strong><br \/>(-26 for losing)\n|l|\u2606Djjwjwwjj\n|player|p2|\n|l|\u2606Zordor\n|player|p1|\n|l| JAY SHIRONA\n","uploadtime":1733002576,"views":24,"formatid":"gen9vgc2024regh","rating":1665,"private":0,"password":null}