{"id":"gen9vgc2024regh-2254289862","format":"[Gen 9] VGC 2024 Reg H","players":["magnusmagnum","futonkagebunshin"],"log":"|j|\u2606magnusmagnum\n|j|\u2606futonkagebunshin\n|t:|1733015252\n|gametype|doubles\n|player|p1|magnusmagnum|1|1709\n|player|p2|futonkagebunshin|policeman-gen4|1740\n|teamsize|p1|6\n|teamsize|p2|6\n|gen|9\n|tier|[Gen 9] VGC 2024 Reg H\n|rated|\n|rule|Species Clause: Limit one of each Pok\u00e9mon\n|rule|Item Clause: Limit 1 of each item\n|clearpoke\n|poke|p1|Sneasler, L50, M|\n|poke|p1|Chandelure, L50, M|\n|poke|p1|Ursaluna-Bloodmoon, L50, M|\n|poke|p1|Garchomp, L50, F|\n|poke|p1|Rillaboom, L50, F|\n|poke|p1|Gholdengo, L50|\n|poke|p2|Whimsicott, L50, M|\n|poke|p2|Chandelure, L50, M|\n|poke|p2|Pelipper, L50, M|\n|poke|p2|Archaludon, L50, F|\n|poke|p2|Overqwil, L50, M|\n|poke|p2|Annihilape, L50, M|\n|teampreview|4\n|j| Blackhole Blitz\n|\n|t:|1733015308\n|start\n|switch|p1a: Ursaluna|Ursaluna-Bloodmoon, L50, M|100\/100\n|switch|p1b: Sneasler|Sneasler, L50, M|100\/100\n|switch|p2a: Whimsicott|Whimsicott, L50, M|100\/100\n|switch|p2b: Pelipper|Pelipper, L50, M|100\/100\n|-weather|RainDance|[from] ability: Drizzle|[of] p2b: Pelipper\n|turn|1\n|\n|t:|1733015359\n|-terastallize|p1a: Ursaluna|Ghost\n|move|p2a: Whimsicott|Tailwind|p2a: Whimsicott\n|-sidestart|p2: futonkagebunshin|move: Tailwind\n|move|p1b: Sneasler|Dire Claw|p2b: Pelipper\n|-crit|p2b: Pelipper\n|-damage|p2b: Pelipper|27\/100\n|-status|p2b: Pelipper|psn|[from] ability: Poison Touch|[of] p1b: Sneasler\n|move|p2b: Pelipper|Weather Ball|p1a: Ursaluna\n|-damage|p1a: Ursaluna|42\/100\n|move|p1a: Ursaluna|Hyper Voice|p2a: Whimsicott|[spread] p2a,p2b\n|-crit|p2b: Pelipper\n|-damage|p2a: Whimsicott|38\/100\n|-damage|p2b: Pelipper|0 fnt\n|faint|p2b: Pelipper\n|\n|-weather|RainDance|[upkeep]\n|upkeep\n|inactive|Battle timer is ON: inactive players will automatically lose when time's up. (requested by magnusmagnum)\n|\n|t:|1733015385\n|switch|p2b: Archaludon|Archaludon, L50, F|100\/100\n|turn|2\n|\n|t:|1733015401\n|switch|p1a: Rillaboom|Rillaboom, L50, F|100\/100\n|-fieldstart|move: Grassy Terrain|[from] ability: Grassy Surge|[of] p1a: Rillaboom\n|move|p2a: Whimsicott|Beat Up|p2b: Archaludon\n|-damage|p2b: Archaludon|99\/100\n|-ability|p2b: Archaludon|Stamina|boost\n|-boost|p2b: Archaludon|def|1\n|-damage|p2b: Archaludon|97\/100\n|-ability|p2b: Archaludon|Stamina|boost\n|-boost|p2b: Archaludon|def|1\n|-damage|p2b: Archaludon|96\/100\n|-ability|p2b: Archaludon|Stamina|boost\n|-boost|p2b: Archaludon|def|1\n|-hitcount|p2b: Archaludon|3\n|move|p2b: Archaludon|Electro Shot||[still]\n|-prepare|p2b: Archaludon|Electro Shot\n|-boost|p2b: Archaludon|spa|1\n|-anim|p2b: Archaludon|Electro Shot|p1a: Rillaboom\n|-resisted|p1a: Rillaboom\n|-damage|p1a: Rillaboom|65\/100\n|move|p1b: Sneasler|Dire Claw|p2a: Whimsicott\n|-supereffective|p2a: Whimsicott\n|-damage|p2a: Whimsicott|0 fnt\n|faint|p2a: Whimsicott\n|\n|-weather|RainDance|[upkeep]\n|-heal|p2b: Archaludon|100\/100|[from] Grassy Terrain\n|-heal|p1a: Rillaboom|71\/100|[from] Grassy Terrain\n|upkeep\n|\n|t:|1733015423\n|switch|p2a: Overqwil|Overqwil, L50, M|100\/100\n|turn|3\n|\n|t:|1733015438\n|move|p2a: Overqwil|Protect|p2a: Overqwil\n|-singleturn|p2a: Overqwil|Protect\n|move|p1a: Rillaboom|Fake Out|p2b: Archaludon\n|-resisted|p2b: Archaludon\n|-damage|p2b: Archaludon|98\/100\n|-ability|p2b: Archaludon|Stamina|boost\n|-boost|p2b: Archaludon|def|1\n|cant|p2b: Archaludon|flinch\n|move|p1b: Sneasler|Close Combat|p2a: Overqwil\n|-activate|p2a: Overqwil|move: Protect\n|\n|-weather|RainDance|[upkeep]\n|-heal|p2b: Archaludon|100\/100|[from] Grassy Terrain\n|-heal|p1a: Rillaboom|77\/100|[from] Grassy Terrain\n|upkeep\n|turn|4\n|inactive|futonkagebunshin has 30 seconds left.\n|\n|t:|1733015471\n|move|p1b: Sneasler|Protect|p1b: Sneasler\n|-singleturn|p1b: Sneasler|Protect\n|move|p1a: Rillaboom|Protect|p1a: Rillaboom\n|-singleturn|p1a: Rillaboom|Protect\n|move|p2a: Overqwil|Liquidation|p1b: Sneasler\n|-activate|p1b: Sneasler|move: Protect\n|move|p2b: Archaludon|Electro Shot||[still]\n|-prepare|p2b: Archaludon|Electro Shot\n|-boost|p2b: Archaludon|spa|1\n|-anim|p2b: Archaludon|Electro Shot|p1b: Sneasler\n|-activate|p1b: Sneasler|move: Protect\n|\n|-weather|RainDance|[upkeep]\n|-heal|p1a: Rillaboom|83\/100|[from] Grassy Terrain\n|-sideend|p2: futonkagebunshin|move: Tailwind\n|upkeep\n|turn|5\n|inactive|magnusmagnum has 30 seconds left.\n|\n|t:|1733015497\n|switch|p1a: Gholdengo|Gholdengo, L50|100\/100\n|move|p2a: Overqwil|Gunk Shot|p1a: Gholdengo\n|-immune|p1a: Gholdengo\n|move|p1b: Sneasler|Close Combat|p2a: Overqwil\n|-damage|p2a: Overqwil|26\/100\n|-unboost|p1b: Sneasler|def|1\n|-unboost|p1b: Sneasler|spd|1\n|move|p2b: Archaludon|Electro Shot||[still]\n|-prepare|p2b: Archaludon|Electro Shot\n|-boost|p2b: Archaludon|spa|1\n|-anim|p2b: Archaludon|Electro Shot|p1b: Sneasler\n|-enditem|p1b: Sneasler|Focus Sash\n|-damage|p1b: Sneasler|1\/100\n|\n|-weather|none\n|-heal|p2a: Overqwil|32\/100|[from] Grassy Terrain\n|-heal|p1b: Sneasler|7\/100|[from] Grassy Terrain\n|upkeep\n|turn|6\n|inactive|magnusmagnum has 30 seconds left.\n|inactive|magnusmagnum has 20 seconds left.\n|\n|t:|1733015533\n|move|p1b: Sneasler|Protect|p1b: Sneasler\n|-singleturn|p1b: Sneasler|Protect\n|move|p2a: Overqwil|Lash Out|p1a: Gholdengo\n|-supereffective|p1a: Gholdengo\n|-damage|p1a: Gholdengo|3\/100\n|-enditem|p1a: Gholdengo|Sitrus Berry|[eat]\n|-heal|p1a: Gholdengo|28\/100|[from] item: Sitrus Berry\n|-damage|p2a: Overqwil|23\/100|[from] item: Life Orb\n|move|p1a: Gholdengo|Nasty Plot|p1a: Gholdengo\n|-boost|p1a: Gholdengo|spa|2\n|move|p2b: Archaludon|Flash Cannon|p1b: Sneasler\n|-activate|p1b: Sneasler|move: Protect\n|\n|-heal|p1b: Sneasler|13\/100|[from] Grassy Terrain\n|-heal|p2a: Overqwil|28\/100|[from] Grassy Terrain\n|-heal|p1a: Gholdengo|34\/100|[from] Grassy Terrain\n|-fieldend|move: Grassy Terrain\n|upkeep\n|turn|7\n|\n|t:|1733015553\n|move|p2a: Overqwil|Protect|p2a: Overqwil\n|-singleturn|p2a: Overqwil|Protect\n|move|p1b: Sneasler|Close Combat|p2a: Overqwil\n|-activate|p2a: Overqwil|move: Protect\n|move|p1a: Gholdengo|Shadow Ball|p2b: Archaludon\n|-damage|p2b: Archaludon|42\/100\n|-ability|p2b: Archaludon|Stamina|boost\n|-boost|p2b: Archaludon|def|1\n|move|p2b: Archaludon|Flash Cannon|p1b: Sneasler\n|-damage|p1b: Sneasler|0 fnt\n|faint|p1b: Sneasler\n|\n|upkeep\n|\n|t:|1733015563\n|switch|p1b: Rillaboom|Rillaboom, L50, F|83\/100\n|-fieldstart|move: Grassy Terrain|[from] ability: Grassy Surge|[of] p1b: Rillaboom\n|turn|8\n|inactive|futonkagebunshin has 30 seconds left.\n|inactive|magnusmagnum has 30 seconds left.\n|inactive|futonkagebunshin has 20 seconds left.\n|inactive|futonkagebunshin has 15 seconds left.\n|inactive|futonkagebunshin has 10 seconds left.\n|\n|t:|1733015609\n|move|p2a: Overqwil|Protect||[still]\n|-fail|p2a: Overqwil\n|move|p1b: Rillaboom|Fake Out|p2a: Overqwil\n|-damage|p2a: Overqwil|11\/100\n|move|p1a: Gholdengo|Shadow Ball|p2b: Archaludon\n|-damage|p2b: Archaludon|0 fnt\n|faint|p2b: Archaludon\n|\n|-heal|p2a: Overqwil|17\/100|[from] Grassy Terrain\n|-heal|p1a: Gholdengo|40\/100|[from] Grassy Terrain\n|-heal|p1b: Rillaboom|89\/100|[from] Grassy Terrain\n|upkeep\n|turn|9\n|c|\u2606futonkagebunshin|Wp cancer\n|-message|futonkagebunshin forfeited.\n|\n|win|magnusmagnum\n|raw|magnusmagnum's rating: 1709 &rarr; <strong>1731<\/strong><br \/>(+22 for winning)\n|raw|futonkagebunshin's rating: 1740 &rarr; <strong>1718<\/strong><br \/>(-22 for losing)\n|l|\u2606futonkagebunshin\n|player|p2|\n|l| Blackhole Blitz\n|l|\u2606magnusmagnum\n|player|p1|\n","uploadtime":1733015819,"views":8,"formatid":"gen9vgc2024regh","rating":1718,"private":0,"password":null}