{"id":"gen9vgc2024regh-2254398448","format":"[Gen 9] VGC 2024 Reg H","players":["jayjazZa","magnusmagnum"],"log":"|j|\u2606jayjazZa\n|j|\u2606magnusmagnum\n|t:|1733030690\n|gametype|doubles\n|player|p1|jayjazZa|2|1690\n|player|p2|magnusmagnum|1|1801\n|teamsize|p1|6\n|teamsize|p2|6\n|gen|9\n|tier|[Gen 9] VGC 2024 Reg H\n|rated|\n|rule|Species Clause: Limit one of each Pok\u00e9mon\n|rule|Item Clause: Limit 1 of each item\n|clearpoke\n|poke|p1|Dondozo, L50, F|\n|poke|p1|Tatsugiri, L50, F|\n|poke|p1|Sneasler, L50, F|\n|poke|p1|Indeedee, L50, M|\n|poke|p1|Archaludon, L50, M|\n|poke|p1|Pelipper, L50, F|\n|poke|p2|Sneasler, L50, F|\n|poke|p2|Chandelure, L50, F|\n|poke|p2|Ursaluna-Bloodmoon, L50, M|\n|poke|p2|Garchomp, L50, M|\n|poke|p2|Rillaboom, L50, F|\n|poke|p2|Gholdengo, L50|\n|teampreview|4\n|inactive|Battle timer is ON: inactive players will automatically lose when time's up. (requested by jayjazZa)\n|inactive|magnusmagnum has 60 seconds left.\n|\n|t:|1733030722\n|start\n|switch|p1a: Sneasler|Sneasler, L50, F|100\/100\n|switch|p1b: Archaludon|Archaludon, L50, M|100\/100\n|switch|p2a: Sneasler|Sneasler, L50, F|100\/100\n|switch|p2b: Garchomp|Garchomp, L50, M|100\/100\n|turn|1\n|\n|t:|1733030744\n|-terastallize|p1b: Archaludon|Bug\n|move|p1a: Sneasler|Protect|p1a: Sneasler\n|-singleturn|p1a: Sneasler|Protect\n|move|p2b: Garchomp|Stomping Tantrum|p1a: Sneasler\n|-activate|p1a: Sneasler|move: Protect\n|move|p2a: Sneasler|Close Combat|p1b: Archaludon\n|-resisted|p1b: Archaludon\n|-damage|p1b: Archaludon|75\/100\n|-unboost|p2a: Sneasler|def|1\n|-unboost|p2a: Sneasler|spd|1\n|-ability|p1b: Archaludon|Stamina|boost\n|-boost|p1b: Archaludon|def|1\n|move|p1b: Archaludon|Draco Meteor|p2b: Garchomp\n|-supereffective|p2b: Garchomp\n|-damage|p2b: Garchomp|0 fnt\n|-unboost|p1b: Archaludon|spa|2\n|faint|p2b: Garchomp\n|\n|upkeep\n|\n|t:|1733030753\n|switch|p2b: Chandelure|Chandelure, L50, F|100\/100\n|turn|2\n|inactive|magnusmagnum has 30 seconds left.\n|inactive|jayjazZa has 30 seconds left.\n|inactive|magnusmagnum has 20 seconds left.\n|inactive|magnusmagnum has 15 seconds left.\n|\n|t:|1733030794\n|switch|p1b: Pelipper|Pelipper, L50, F|100\/100\n|-weather|RainDance|[from] ability: Drizzle|[of] p1b: Pelipper\n|-terastallize|p2b: Chandelure|Water\n|move|p2a: Sneasler|Close Combat|p1a: Sneasler\n|-resisted|p1a: Sneasler\n|-damage|p1a: Sneasler|48\/100\n|-unboost|p2a: Sneasler|def|1\n|-unboost|p2a: Sneasler|spd|1\n|move|p1a: Sneasler|Throat Chop|p2b: Chandelure\n|-damage|p2b: Chandelure|67\/100\n|-start|p2b: Chandelure|Throat Chop|[silent]\n|move|p2b: Chandelure|Trick Room|p2b: Chandelure\n|-fieldstart|move: Trick Room|[of] p2b: Chandelure\n|\n|-weather|RainDance|[upkeep]\n|upkeep\n|turn|3\n|inactive|magnusmagnum has 30 seconds left.\n|inactive|magnusmagnum has 20 seconds left.\n|\n|t:|1733030830\n|move|p1a: Sneasler|Protect|p1a: Sneasler\n|-singleturn|p1a: Sneasler|Protect\n|move|p1b: Pelipper|Hurricane|p2a: Sneasler\n|-supereffective|p2a: Sneasler\n|-enditem|p2a: Sneasler|Focus Sash\n|-damage|p2a: Sneasler|1\/100\n|move|p2b: Chandelure|Shadow Ball|p1a: Sneasler\n|-activate|p1a: Sneasler|move: Protect\n|move|p2a: Sneasler|Dire Claw|p1b: Pelipper\n|-damage|p1b: Pelipper|62\/100\n|\n|-weather|RainDance|[upkeep]\n|-end|p2b: Chandelure|Throat Chop|[silent]\n|upkeep\n|turn|4\n|inactive|magnusmagnum has 30 seconds left.\n|\n|t:|1733030856\n|switch|p1a: Indeedee|Indeedee, L50, M|100\/100\n|-fieldstart|move: Psychic Terrain|[from] ability: Psychic Surge|[of] p1a: Indeedee\n|switch|p2a: Rillaboom|Rillaboom, L50, F|100\/100\n|-fieldstart|move: Grassy Terrain|[from] ability: Grassy Surge|[of] p2a: Rillaboom\n|move|p1b: Pelipper|Hurricane|p2a: Rillaboom\n|-supereffective|p2a: Rillaboom\n|-damage|p2a: Rillaboom|23\/100\n|-start|p2a: Rillaboom|confusion\n|move|p2b: Chandelure|Shadow Ball|p1a: Indeedee\n|-immune|p1a: Indeedee\n|\n|-weather|RainDance|[upkeep]\n|-heal|p2b: Chandelure|73\/100|[from] Grassy Terrain\n|-heal|p2a: Rillaboom|29\/100|[from] Grassy Terrain\n|upkeep\n|turn|5\n|\n|t:|1733030876\n|switch|p1a: Archaludon|Archaludon, L50, M, tera:Bug|75\/100\n|-activate|p2a: Rillaboom|confusion\n|move|p2a: Rillaboom|Fake Out|p1a: Archaludon\n|-damage|p1a: Archaludon|61\/100\n|-ability|p1a: Archaludon|Stamina|boost\n|-boost|p1a: Archaludon|def|1\n|move|p1b: Pelipper|Hurricane|p2a: Rillaboom\n|-supereffective|p2a: Rillaboom\n|-damage|p2a: Rillaboom|0 fnt\n|faint|p2a: Rillaboom\n|move|p2b: Chandelure|Shadow Ball|p1b: Pelipper\n|-damage|p1b: Pelipper|2\/100\n|\n|-weather|RainDance|[upkeep]\n|-heal|p2b: Chandelure|79\/100|[from] Grassy Terrain\n|-heal|p1a: Archaludon|67\/100|[from] Grassy Terrain\n|upkeep\n|j| xsArDiNaSx\n|l| xsArDiNaSx\n|\n|t:|1733030884\n|switch|p2a: Sneasler|Sneasler, L50, F|1\/100\n|turn|6\n|c|\u2606jayjazZa|Man ahahah you really were afraid of dozo\n|j| Trakx\n|\n|t:|1733030896\n|move|p2a: Sneasler|Protect|p2a: Sneasler\n|-singleturn|p2a: Sneasler|Protect\n|move|p1b: Pelipper|Hurricane|p2a: Sneasler\n|-activate|p2a: Sneasler|move: Protect\n|move|p2b: Chandelure|Heat Wave|p1b: Pelipper|[spread] p1b\n|-miss|p2b: Chandelure|p1a: Archaludon\n|-resisted|p1b: Pelipper\n|-damage|p1b: Pelipper|0 fnt\n|faint|p1b: Pelipper\n|move|p1a: Archaludon|Electro Shot||[still]\n|-prepare|p1a: Archaludon|Electro Shot\n|-boost|p1a: Archaludon|spa|1\n|-anim|p1a: Archaludon|Electro Shot|p2b: Chandelure\n|-supereffective|p2b: Chandelure\n|-damage|p2b: Chandelure|0 fnt\n|faint|p2b: Chandelure\n|\n|-weather|none\n|-heal|p1a: Archaludon|73\/100|[from] Grassy Terrain\n|-heal|p2a: Sneasler|7\/100|[from] Grassy Terrain\n|-fieldend|move: Trick Room\n|upkeep\n|c|\u2606jayjazZa|Like\n|c|\u2606jayjazZa|dumb afraid\n|\n|t:|1733030906\n|switch|p1b: Indeedee|Indeedee, L50, M|100\/100\n|-fieldstart|move: Psychic Terrain|[from] ability: Psychic Surge|[of] p1b: Indeedee\n|turn|7\n|-message|magnusmagnum forfeited.\n|\n|win|jayjazZa\n|raw|jayjazZa's rating: 1690 &rarr; <strong>1716<\/strong><br \/>(+26 for winning)\n|raw|magnusmagnum's rating: 1801 &rarr; <strong>1775<\/strong><br \/>(-26 for losing)\n|l|\u2606magnusmagnum\n|player|p2|\n|l| Trakx\n|j| Trakx\n|l|\u2606jayjazZa\n|player|p1|\n","uploadtime":1733031099,"views":8,"formatid":"gen9vgc2024regh","rating":1716,"private":0,"password":null}