{"id":"gen9vgc2024regh-2254295573","format":"[Gen 9] VGC 2024 Reg H","players":["futonkagebunshin","magnusmagnum"],"log":"|j|\u2606futonkagebunshin\n|j|\u2606magnusmagnum\n|t:|1733016020\n|gametype|doubles\n|player|p1|futonkagebunshin|policeman-gen4|1733\n|player|p2|magnusmagnum|1|1767\n|teamsize|p1|6\n|teamsize|p2|6\n|gen|9\n|tier|[Gen 9] VGC 2024 Reg H\n|rated|\n|rule|Species Clause: Limit one of each Pok\u00e9mon\n|rule|Item Clause: Limit 1 of each item\n|clearpoke\n|poke|p1|Whimsicott, L50, M|\n|poke|p1|Chandelure, L50, M|\n|poke|p1|Pelipper, L50, F|\n|poke|p1|Archaludon, L50, M|\n|poke|p1|Overqwil, L50, M|\n|poke|p1|Annihilape, L50, M|\n|poke|p2|Sneasler, L50, M|\n|poke|p2|Chandelure, L50, M|\n|poke|p2|Ursaluna-Bloodmoon, L50, M|\n|poke|p2|Garchomp, L50, M|\n|poke|p2|Rillaboom, L50, M|\n|poke|p2|Gholdengo, L50|\n|teampreview|4\n|j| Satansinlaw\n|\n|t:|1733016073\n|start\n|switch|p1a: Whimsicott|Whimsicott, L50, M|100\/100\n|switch|p1b: Annihilape|Annihilape, L50, M|100\/100\n|switch|p2a: Chandelure|Chandelure, L50, M|100\/100\n|switch|p2b: Sneasler|Sneasler, L50, M|100\/100\n|turn|1\n|inactive|Battle timer is ON: inactive players will automatically lose when time's up. (requested by magnusmagnum)\n|\n|t:|1733016140\n|-terastallize|p1a: Whimsicott|Ghost\n|move|p1b: Annihilape|Protect|p1b: Annihilape\n|-singleturn|p1b: Annihilape|Protect\n|move|p1a: Whimsicott|Tailwind|p1a: Whimsicott\n|-sidestart|p1: futonkagebunshin|move: Tailwind\n|move|p2b: Sneasler|Dire Claw|p1a: Whimsicott\n|-resisted|p1a: Whimsicott\n|-damage|p1a: Whimsicott|66\/100\n|move|p2a: Chandelure|Trick Room|p2a: Chandelure\n|-fieldstart|move: Trick Room|[of] p2a: Chandelure\n|\n|upkeep\n|turn|2\n|inactive|magnusmagnum has 30 seconds left.\n|\n|t:|1733016173\n|switch|p2a: Rillaboom|Rillaboom, L50, M|100\/100\n|-fieldstart|move: Grassy Terrain|[from] ability: Grassy Surge|[of] p2a: Rillaboom\n|switch|p2b: Gholdengo|Gholdengo, L50|100\/100\n|move|p1a: Whimsicott|Encore||[still]\n|-fail|p1a: Whimsicott\n|move|p1b: Annihilape|Bulk Up|p1b: Annihilape\n|-boost|p1b: Annihilape|atk|1\n|-boost|p1b: Annihilape|def|1\n|\n|-heal|p1a: Whimsicott|72\/100|[from] Grassy Terrain\n|upkeep\n|turn|3\n|c|\u2606futonkagebunshin|U are fit with tricks\n|inactive|futonkagebunshin has 30 seconds left.\n|\n|t:|1733016201\n|switch|p1a: Archaludon|Archaludon, L50, M|100\/100\n|move|p2a: Rillaboom|Wood Hammer|p1b: Annihilape\n|-damage|p1b: Annihilape|21\/100\n|-enditem|p1b: Annihilape|Sitrus Berry|[eat]\n|-heal|p1b: Annihilape|46\/100|[from] item: Sitrus Berry\n|-damage|p2a: Rillaboom|75\/100|[from] Recoil\n|move|p2b: Gholdengo|Nasty Plot|p2b: Gholdengo\n|-boost|p2b: Gholdengo|spa|2\n|move|p1b: Annihilape|Rage Fist|p2b: Gholdengo\n|-supereffective|p2b: Gholdengo\n|-damage|p2b: Gholdengo|0 fnt\n|faint|p2b: Gholdengo\n|\n|-heal|p2a: Rillaboom|82\/100|[from] Grassy Terrain\n|-heal|p1b: Annihilape|52\/100|[from] Grassy Terrain\n|upkeep\n|\n|t:|1733016220\n|switch|p2b: Sneasler|Sneasler, L50, M|100\/100\n|turn|4\n|inactive|magnusmagnum has 30 seconds left.\n|inactive|magnusmagnum has 20 seconds left.\n|inactive|magnusmagnum has 15 seconds left.\n|inactive|magnusmagnum has 10 seconds left.\n|inactive|magnusmagnum has 5 seconds left.\n|\n|t:|1733016270\n|switch|p1a: Whimsicott|Whimsicott, L50, M, tera:Ghost|72\/100\n|-terastallize|p2b: Sneasler|Stellar\n|move|p1b: Annihilape|Protect|p1b: Annihilape\n|-singleturn|p1b: Annihilape|Protect\n|move|p2a: Rillaboom|Wood Hammer|p1b: Annihilape\n|-activate|p1b: Annihilape|move: Protect\n|move|p2b: Sneasler|Close Combat|p1a: Whimsicott\n|-immune|p1a: Whimsicott\n|\n|-heal|p2a: Rillaboom|88\/100|[from] Grassy Terrain\n|-heal|p1b: Annihilape|57\/100|[from] Grassy Terrain\n|-heal|p1a: Whimsicott|78\/100|[from] Grassy Terrain\n|-sideend|p1: futonkagebunshin|move: Tailwind\n|upkeep\n|turn|5\n|inactive|futonkagebunshin has 30 seconds left.\n|\n|t:|1733016303\n|switch|p1b: Archaludon|Archaludon, L50, M|100\/100\n|move|p2a: Rillaboom|Wood Hammer|p1b: Archaludon\n|-resisted|p1b: Archaludon\n|-damage|p1b: Archaludon|82\/100\n|-ability|p1b: Archaludon|Stamina|boost\n|-boost|p1b: Archaludon|def|1\n|-damage|p2a: Rillaboom|82\/100|[from] Recoil\n|move|p1a: Whimsicott|Moonblast|p2b: Sneasler\n|-damage|p2b: Sneasler|48\/100\n|move|p2b: Sneasler|Dire Claw|p1a: Whimsicott\n|-resisted|p1a: Whimsicott\n|-damage|p1a: Whimsicott|32\/100\n|\n|-heal|p1b: Archaludon|88\/100|[from] Grassy Terrain\n|-heal|p2a: Rillaboom|88\/100|[from] Grassy Terrain\n|-heal|p1a: Whimsicott|38\/100|[from] Grassy Terrain\n|-heal|p2b: Sneasler|53\/100|[from] Grassy Terrain\n|-fieldend|move: Trick Room\n|upkeep\n|turn|6\n|inactive|futonkagebunshin has 30 seconds left.\n|inactive|futonkagebunshin has 20 seconds left.\n|\n|t:|1733016343\n|move|p2b: Sneasler|Protect|p2b: Sneasler\n|-singleturn|p2b: Sneasler|Protect\n|move|p1a: Whimsicott|Tailwind|p1a: Whimsicott\n|-sidestart|p1: futonkagebunshin|move: Tailwind\n|move|p2a: Rillaboom|Grassy Glide|p1a: Whimsicott\n|-damage|p1a: Whimsicott|0 fnt\n|faint|p1a: Whimsicott\n|move|p1b: Archaludon|Draco Meteor|p2b: Sneasler\n|-activate|p2b: Sneasler|move: Protect\n|\n|-heal|p1b: Archaludon|94\/100|[from] Grassy Terrain\n|-heal|p2b: Sneasler|59\/100|[from] Grassy Terrain\n|-heal|p2a: Rillaboom|94\/100|[from] Grassy Terrain\n|-fieldend|move: Grassy Terrain\n|upkeep\n|\n|t:|1733016366\n|switch|p1a: Pelipper|Pelipper, L50, F|100\/100\n|-weather|RainDance|[from] ability: Drizzle|[of] p1a: Pelipper\n|turn|7\n|\n|t:|1733016383\n|switch|p2a: Chandelure|Chandelure, L50, M|100\/100\n|move|p2b: Sneasler|Protect||[still]\n|-fail|p2b: Sneasler\n|move|p1b: Archaludon|Electro Shot||[still]\n|-prepare|p1b: Archaludon|Electro Shot\n|-boost|p1b: Archaludon|spa|1\n|-anim|p1b: Archaludon|Electro Shot|p2a: Chandelure\n|-damage|p2a: Chandelure|23\/100\n|move|p1a: Pelipper|Weather Ball|p2b: Sneasler\n|-damage|p2b: Sneasler|0 fnt\n|faint|p2b: Sneasler\n|\n|-weather|RainDance|[upkeep]\n|upkeep\n|\n|t:|1733016388\n|switch|p2b: Rillaboom|Rillaboom, L50, M|94\/100\n|-fieldstart|move: Grassy Terrain|[from] ability: Grassy Surge|[of] p2b: Rillaboom\n|turn|8\n|-message|magnusmagnum forfeited.\n|\n|win|futonkagebunshin\n|raw|futonkagebunshin's rating: 1733 &rarr; <strong>1755<\/strong><br \/>(+22 for winning)\n|raw|magnusmagnum's rating: 1767 &rarr; <strong>1745<\/strong><br \/>(-22 for losing)\n|l|\u2606magnusmagnum\n|player|p2|\n|l| Satansinlaw\n|l|\u2606futonkagebunshin\n|player|p1|\n","uploadtime":1733016674,"views":7,"formatid":"gen9vgc2024regh","rating":1745,"private":0,"password":null}