{"id":"gen9vgc2024regh-2254011592","format":"[Gen 9] VGC 2024 Reg H","players":["BassoTara2","chin8"],"log":"|j|\u2606BassoTara2\n|j|\u2606chin8\n|t:|1732979764\n|gametype|doubles\n|player|p1|BassoTara2|psychic-gen4|1746\n|player|p2|chin8|gentleman-gen4dp|1703\n|teamsize|p1|6\n|teamsize|p2|6\n|gen|9\n|tier|[Gen 9] VGC 2024 Reg H\n|rated|\n|rule|Species Clause: Limit one of each Pok\u00e9mon\n|rule|Item Clause: Limit 1 of each item\n|clearpoke\n|poke|p1|Indeedee-F, L50, F|\n|poke|p1|Hatterene, L50, F|\n|poke|p1|Torkoal, L50, F|\n|poke|p1|Ursaluna, L50, M|\n|poke|p1|Gallade, L50, M|\n|poke|p1|Maushold-Four, L50|\n|poke|p2|Baxcalibur, L50, M|\n|poke|p2|Kilowattrel, L50, F|\n|poke|p2|Granbull, L50, F|\n|poke|p2|Gardevoir, L50, M|\n|poke|p2|Magmortar, L50, M|\n|poke|p2|Gholdengo, L50|\n|teampreview|4\nBassoTara2 has agreed to open team sheets.\n|inactive|Battle timer is ON: inactive players will automatically lose when time's up. (requested by chin8)\n|\n|t:|1732979793\n|start\n|switch|p1a: Maushold|Maushold-Four, L50|100\/100\n|switch|p1b: Hatterene|Hatterene, L50, F|100\/100\n|switch|p2a: Baxcalibur|Baxcalibur, L50, M|100\/100\n|switch|p2b: Gardevoir|Gardevoir, L50, M|100\/100\n|turn|1\n|\n|t:|1732979805\n|switch|p2a: Gholdengo|Gholdengo, L50|100\/100\n|-terastallize|p2b: Gardevoir|Ghost\n|move|p1a: Maushold|Population Bomb|p2b: Gardevoir\n|-immune|p2b: Gardevoir\n|move|p2b: Gardevoir|Imprison|p2b: Gardevoir\n|-start|p2b: Gardevoir|move: Imprison\n|cant|p1b: Hatterene|move: Imprison|Trick Room\n|\n|upkeep\n|turn|2\n|\n|t:|1732979823\n|-terastallize|p1b: Hatterene|Fire\n|move|p1a: Maushold|Protect|p1a: Maushold\n|-singleturn|p1a: Maushold|Protect\n|move|p2a: Gholdengo|Nasty Plot|p2a: Gholdengo\n|-boost|p2a: Gholdengo|spa|2\n|move|p2b: Gardevoir|Dazzling Gleam|p1a: Maushold|[spread] p1b\n|-activate|p1a: Maushold|move: Protect\n|-resisted|p1b: Hatterene\n|-damage|p1b: Hatterene|85\/100\n|move|p1b: Hatterene|Tera Blast|p2a: Gholdengo|[anim] Tera Blast Fire\n|-supereffective|p2a: Gholdengo\n|-damage|p2a: Gholdengo|14\/100\n|\n|-heal|p2a: Gholdengo|20\/100|[from] item: Leftovers\n|upkeep\n|turn|3\n|inactive|BassoTara2 has 30 seconds left.\n|\n|t:|1732979856\n|move|p1a: Maushold|Follow Me|p1a: Maushold\n|-singleturn|p1a: Maushold|move: Follow Me\n|move|p2a: Gholdengo|Make It Rain|p1a: Maushold|[spread] p1a,p1b\n|-resisted|p1b: Hatterene\n|-damage|p1a: Maushold|0 fnt\n|-damage|p1b: Hatterene|30\/100\n|-unboost|p2a: Gholdengo|spa|1\n|faint|p1a: Maushold\n|move|p2b: Gardevoir|Dazzling Gleam|p1b: Hatterene\n|-resisted|p1b: Hatterene\n|-damage|p1b: Hatterene|10\/100\n|move|p1b: Hatterene|Tera Blast|p2a: Gholdengo|[anim] Tera Blast Fire\n|-supereffective|p2a: Gholdengo\n|-damage|p2a: Gholdengo|0 fnt\n|faint|p2a: Gholdengo\n|\n|upkeep\n|\n|t:|1732979872\n|switch|p1a: Ursaluna|Ursaluna, L50, M|100\/100\n|switch|p2a: Baxcalibur|Baxcalibur, L50, M|100\/100\n|turn|4\n|\n|t:|1732979880\n|switch|p1b: Indeedee|Indeedee-F, L50, F|100\/100\n|-fieldstart|move: Psychic Terrain|[from] ability: Psychic Surge|[of] p1b: Indeedee\n|-enditem|p1b: Indeedee|Psychic Seed\n|-boost|p1b: Indeedee|spd|1|[from] item: Psychic Seed\n|-enditem|p2b: Gardevoir|Mirror Herb\n|-boost|p2b: Gardevoir|spd|1|[from] item: Mirror Herb\n|move|p1a: Ursaluna|Protect|p1a: Ursaluna\n|-singleturn|p1a: Ursaluna|Protect\n|move|p2a: Baxcalibur|Icicle Crash|p1a: Ursaluna\n|-activate|p1a: Ursaluna|move: Protect\n|move|p2b: Gardevoir|Dazzling Gleam|p1a: Ursaluna|[spread] p1b\n|-activate|p1a: Ursaluna|move: Protect\n|-damage|p1b: Indeedee|80\/100\n|\n|-status|p1a: Ursaluna|brn|[from] item: Flame Orb\n|upkeep\n|turn|5\n|\n|t:|1732979909\n|move|p1b: Indeedee|Follow Me|p1b: Indeedee\n|-singleturn|p1b: Indeedee|move: Follow Me\n|move|p2a: Baxcalibur|Icicle Crash|p1b: Indeedee\n|-damage|p1b: Indeedee|32\/100\n|move|p2b: Gardevoir|Dazzling Gleam|p1b: Indeedee|[spread] p1a,p1b\n|-damage|p1a: Ursaluna|73\/100 brn\n|-damage|p1b: Indeedee|12\/100\n|move|p1a: Ursaluna|Headlong Rush|p2b: Gardevoir\n|-damage|p2b: Gardevoir|0 fnt\n|-unboost|p1a: Ursaluna|def|1\n|-unboost|p1a: Ursaluna|spd|1\n|faint|p2b: Gardevoir\n|\n|-damage|p1a: Ursaluna|68\/100 brn|[from] brn\n|upkeep\n|\n|t:|1732979915\n|switch|p2b: Magmortar|Magmortar, L50, M|100\/100\n|turn|6\n|\n|t:|1732979929\n|move|p1b: Indeedee|Follow Me|p1b: Indeedee\n|-singleturn|p1b: Indeedee|move: Follow Me\n|move|p2a: Baxcalibur|Icicle Crash|p1b: Indeedee|[miss]\n|-miss|p2a: Baxcalibur|p1b: Indeedee\n|move|p2b: Magmortar|Heat Wave|p1b: Indeedee|[spread] p1b\n|-miss|p2b: Magmortar|p1a: Ursaluna\n|-damage|p1b: Indeedee|0 fnt\n|faint|p1b: Indeedee\n|move|p1a: Ursaluna|Facade|p2a: Baxcalibur\n|-damage|p2a: Baxcalibur|0 fnt\n|faint|p2a: Baxcalibur\n|\n|-damage|p1a: Ursaluna|62\/100 brn|[from] brn\n|upkeep\n|-message|chin8 forfeited.\n|\n|win|BassoTara2\n|raw|BassoTara2's rating: 1746 &rarr; <strong>1764<\/strong><br \/>(+18 for winning)\n|raw|chin8's rating: 1703 &rarr; <strong>1685<\/strong><br \/>(-18 for losing)\n|l|\u2606chin8\n|player|p2|\n|l|\u2606BassoTara2\n|player|p1|\n","uploadtime":1732980201,"views":15,"formatid":"gen9vgc2024regh","rating":1685,"private":0,"password":null}