{"id":"gen9vgc2024regh-2254189333","format":"[Gen 9] VGC 2024 Reg H","players":["juacox300","om3gaCatches"],"log":"|j|\u2606juacox300\n|j|\u2606om3gaCatches\n|t:|1733002307\n|gametype|doubles\n|player|p1|juacox300|unknown|1715\n|player|p2|om3gaCatches|supernerd|1639\n|teamsize|p1|6\n|teamsize|p2|6\n|gen|9\n|tier|[Gen 9] VGC 2024 Reg H\n|rated|\n|rule|Species Clause: Limit one of each Pok\u00e9mon\n|rule|Item Clause: Limit 1 of each item\n|clearpoke\n|poke|p1|Murkrow, L50, M|\n|poke|p1|Ursaluna, L50, F|\n|poke|p1|Sneasler, L50, M|\n|poke|p1|Indeedee, L50, M|\n|poke|p1|Archaludon, L50, M|\n|poke|p1|Incineroar, L50, M|\n|poke|p2|Toedscruel, L50, F|\n|poke|p2|Weezing-Galar, L50, F|\n|poke|p2|Corviknight, L50, F|\n|poke|p2|Pawmot, L50, M|\n|poke|p2|Garchomp, L50, M|\n|poke|p2|Typhlosion-Hisui, L50, M|\n|teampreview|4\nom3gaCatches has agreed to open team sheets.\n|inactive|Battle timer is ON: inactive players will automatically lose when time's up. (requested by om3gaCatches)\n|\n|t:|1733002377\n|start\n|switch|p1a: Ursaluna|Ursaluna, L50, F|100\/100\n|switch|p1b: Murkrow|Murkrow, L50, M|100\/100\n|switch|p2a: Weezing|Weezing-Galar, L50, F, shiny|100\/100\n|switch|p2b: Typhlosion|Typhlosion-Hisui, L50, M, shiny|100\/100\n|-ability|p2a: Weezing|Neutralizing Gas\n|turn|1\n|inactive|om3gaCatches has 30 seconds left.\n|\n|t:|1733002409\n|-terastallize|p2b: Typhlosion|Fire\n|move|p1a: Ursaluna|Protect|p1a: Ursaluna\n|-singleturn|p1a: Ursaluna|Protect\n|move|p2b: Typhlosion|Eruption|p1b: Murkrow|[spread] p1b\n|-activate|p1a: Ursaluna|move: Protect\n|-damage|p1b: Murkrow|33\/100\n|move|p1b: Murkrow|Tailwind|p1b: Murkrow\n|-sidestart|p1: juacox300|move: Tailwind\n|move|p2a: Weezing|Dazzling Gleam|p1a: Ursaluna|[spread] p1b\n|-activate|p1a: Ursaluna|move: Protect\n|-supereffective|p1b: Murkrow\n|-damage|p1b: Murkrow|0 fnt\n|faint|p1b: Murkrow\n|\n|-status|p1a: Ursaluna|brn|[from] item: Flame Orb\n|upkeep\n|\n|t:|1733002421\n|switch|p1b: Alfred|Indeedee, L50, M, shiny|100\/100\n|turn|2\n|\n|t:|1733002427\n|move|p1b: Alfred|Expanding Force|p2b: Typhlosion\n|-damage|p2b: Typhlosion|49\/100\n|move|p2b: Typhlosion|Eruption|p1b: Alfred|[spread] p1a,p1b\n|-damage|p1a: Ursaluna|64\/100 brn\n|-damage|p1b: Alfred|46\/100\n|move|p1a: Ursaluna|Facade|p2a: Weezing\n|-damage|p2a: Weezing|23\/100\n|move|p2a: Weezing|Dazzling Gleam|p1a: Ursaluna|[spread] p1a,p1b\n|-damage|p1a: Ursaluna|26\/100 brn\n|-damage|p1b: Alfred|0 fnt\n|faint|p1b: Alfred\n|\n|-damage|p1a: Ursaluna|20\/100 brn|[from] brn\n|upkeep\n|\n|t:|1733002437\n|switch|p1b: Tommau|Sneasler, L50, M|100\/100\n|turn|3\n|\n|t:|1733002446\n|move|p1b: Tommau|Dire Claw|p2b: Typhlosion\n|-damage|p2b: Typhlosion|0 fnt\n|faint|p2b: Typhlosion\n|move|p1a: Ursaluna|Facade|p2a: Weezing\n|-damage|p2a: Weezing|0 fnt\n|faint|p2a: Weezing\n|-end|p2a: Weezing|ability: Neutralizing Gas\n|\n|-damage|p1a: Ursaluna|15\/100 brn|[from] brn\n|upkeep\n|\n|t:|1733002448\n|switch|p2b: Pawmot|Pawmot, L50, M, shiny|100\/100\n|switch|p2a: Garchomp|Garchomp, L50, M, shiny|100\/100\n|turn|4\n|\n|t:|1733002460\n|move|p2b: Pawmot|Protect|p2b: Pawmot\n|-singleturn|p2b: Pawmot|Protect\n|move|p2a: Garchomp|Protect|p2a: Garchomp\n|-singleturn|p2a: Garchomp|Protect\n|move|p1b: Tommau|Dire Claw|p2b: Pawmot\n|-activate|p2b: Pawmot|move: Protect\n|move|p1a: Ursaluna|Facade|p2a: Garchomp\n|-activate|p2a: Garchomp|move: Protect\n|\n|-damage|p1a: Ursaluna|9\/100 brn|[from] brn\n|-sideend|p1: juacox300|move: Tailwind\n|upkeep\n|turn|5\n|\n|t:|1733002469\n|-terastallize|p1b: Tommau|Flying\n|move|p1a: Ursaluna|Protect|p1a: Ursaluna\n|-singleturn|p1a: Ursaluna|Protect\n|move|p2b: Pawmot|Fake Out||[still]\n|-hint|Fake Out only works on your first turn out.\n|-fail|p2b: Pawmot\n|move|p1b: Tommau|Close Combat|p2a: Garchomp\n|-damage|p2a: Garchomp|25\/100\n|-unboost|p1b: Tommau|def|1\n|-unboost|p1b: Tommau|spd|1\n|-damage|p1b: Tommau|88\/100|[from] ability: Rough Skin|[of] p2a: Garchomp\n|move|p2a: Garchomp|Stomping Tantrum|p1a: Ursaluna\n|-activate|p1a: Ursaluna|move: Protect\n|\n|-damage|p1a: Ursaluna|3\/100 brn|[from] brn\n|upkeep\n|turn|6\n|\n|t:|1733002481\n|move|p2b: Pawmot|Double Shock|p1b: Tommau\n|-supereffective|p1b: Tommau\n|-damage|p1b: Tommau|0 fnt\n|-start|p2b: Pawmot|typechange|???\/Fighting|[from] move: Double Shock\n|faint|p1b: Tommau\n|move|p2a: Garchomp|Dragon Claw|p1a: Ursaluna\n|-damage|p1a: Ursaluna|0 fnt\n|faint|p1a: Ursaluna\n|-damage|p2a: Garchomp|16\/100|[from] item: Life Orb\n|\n|win|om3gaCatches\n|raw|juacox300's rating: 1715 &rarr; <strong>1691<\/strong><br \/>(-24 for losing)\n|raw|om3gaCatches's rating: 1639 &rarr; <strong>1663<\/strong><br \/>(+24 for winning)\n|l|\u2606om3gaCatches\n|player|p2|\n|l|\u2606juacox300\n|player|p1|\n","uploadtime":1733002501,"views":21,"formatid":"gen9vgc2024regh","rating":1663,"private":0,"password":null}