{"id":"gen9vgc2024regh-2254634462","format":"[Gen 9] VGC 2024 Reg H","players":["dinglustan","Colombianarepa"],"log":"|j|\u2606dinglustan\n|j|\u2606Colombianarepa\n|t:|1733073245\n|gametype|doubles\n|player|p1|dinglustan|266|1767\n|player|p2|Colombianarepa|265|1691\n|teamsize|p1|6\n|teamsize|p2|6\n|gen|9\n|tier|[Gen 9] VGC 2024 Reg H\n|rated|\n|rule|Species Clause: Limit one of each Pok\u00e9mon\n|rule|Item Clause: Limit 1 of each item\n|clearpoke\n|poke|p1|Whimsicott, L50, F|\n|poke|p1|Basculegion, L50, M|\n|poke|p1|Arcanine-Hisui, L50, M|\n|poke|p1|Hydreigon, L50, M|\n|poke|p1|Farigiraf, L50, M|\n|poke|p1|Pawmot, L50, M|\n|poke|p2|Gholdengo, L50|\n|poke|p2|Incineroar, L50, F|\n|poke|p2|Amoonguss, L50, M|\n|poke|p2|Garchomp, L50, F|\n|poke|p2|Tyranitar, L50, M|\n|poke|p2|Kilowattrel, L50, F|\n|teampreview|4\n|inactive|Battle timer is ON: inactive players will automatically lose when time's up. (requested by dinglustan)\n|inactive|dinglustan has 60 seconds left.\n|inactive|Colombianarepa has 60 seconds left.\n|inactive|Colombianarepa has 30 seconds left.\n|\n|t:|1733073308\n|start\n|switch|p1a: Whimsicott|Whimsicott, L50, F|100\/100\n|switch|p1b: Hydreigon|Hydreigon, L50, M|100\/100\n|switch|p2a: Garchomp|Garchomp, L50, F|100\/100\n|switch|p2b: Kilowattrel|Kilowattrel, L50, F|100\/100\n|turn|1\n|\n|t:|1733073319\n|-terastallize|p1b: Hydreigon|Fire\n|move|p2a: Garchomp|Protect|p2a: Garchomp\n|-singleturn|p2a: Garchomp|Protect\n|move|p1a: Whimsicott|Tailwind|p1a: Whimsicott\n|-sidestart|p1: dinglustan|move: Tailwind\n|move|p1b: Hydreigon|Heat Wave|p2b: Kilowattrel|[spread] p2b\n|-activate|p2a: Garchomp|move: Protect\n|-damage|p2b: Kilowattrel|7\/100\n|-damage|p1b: Hydreigon|91\/100|[from] item: Life Orb\n|move|p2b: Kilowattrel|Tailwind|p2b: Kilowattrel\n|-sidestart|p2: Colombianarepa|move: Tailwind\n|\n|upkeep\n|turn|2\n|\n|t:|1733073342\n|switch|p2b: Tyranitar|Tyranitar, L50, M|100\/100\n|-weather|Sandstorm|[from] ability: Sand Stream|[of] p2b: Tyranitar\n|move|p1a: Whimsicott|Encore|p2b: Tyranitar\n|-hint|Since gen 7, Dark is immune to Prankster moves.\n|-immune|p2b: Tyranitar\n|move|p2a: Garchomp|Dragon Claw|p1b: Hydreigon\n|-damage|p1b: Hydreigon|30\/100\n|-damage|p2a: Garchomp|91\/100|[from] item: Life Orb\n|move|p1b: Hydreigon|Draco Meteor|p2a: Garchomp\n|-supereffective|p2a: Garchomp\n|-damage|p2a: Garchomp|0 fnt\n|-unboost|p1b: Hydreigon|spa|2\n|faint|p2a: Garchomp\n|-damage|p1b: Hydreigon|21\/100|[from] item: Life Orb\n|\n|-weather|Sandstorm|[upkeep]\n|-damage|p1b: Hydreigon|15\/100|[from] Sandstorm\n|-damage|p1a: Whimsicott|94\/100|[from] Sandstorm\n|upkeep\n|\n|t:|1733073357\n|switch|p2a: Gholdengo|Gholdengo, L50|100\/100\n|turn|3\n|\n|t:|1733073369\n|move|p2a: Gholdengo|Protect|p2a: Gholdengo\n|-singleturn|p2a: Gholdengo|Protect\n|move|p1b: Hydreigon|Dark Pulse|p2a: Gholdengo\n|-activate|p2a: Gholdengo|move: Protect\n|move|p1a: Whimsicott|Moonblast|p2a: Gholdengo\n|-activate|p2a: Gholdengo|move: Protect\n|move|p2b: Tyranitar|Rock Slide|p1a: Whimsicott|[spread] p1a\n|-miss|p2b: Tyranitar|p1b: Hydreigon\n|-damage|p1a: Whimsicott|61\/100\n|\n|-weather|Sandstorm|[upkeep]\n|-damage|p1b: Hydreigon|9\/100|[from] Sandstorm\n|-damage|p1a: Whimsicott|55\/100|[from] Sandstorm\n|upkeep\n|turn|4\n|\n|t:|1733073384\n|switch|p2a: Kilowattrel|Kilowattrel, L50, F|7\/100\n|-terastallize|p2b: Tyranitar|Flying\n|move|p1b: Hydreigon|Dark Pulse|p2a: Kilowattrel\n|-damage|p2a: Kilowattrel|0 fnt\n|faint|p2a: Kilowattrel\n|-damage|p1b: Hydreigon|0 fnt|[from] item: Life Orb\n|faint|p1b: Hydreigon\n|move|p1a: Whimsicott|Moonblast|p2b: Tyranitar\n|-damage|p2b: Tyranitar|85\/100\n|move|p2b: Tyranitar|Tera Blast|p1a: Whimsicott|[anim] Tera Blast Flying\n|-supereffective|p1a: Whimsicott\n|-damage|p1a: Whimsicott|0 fnt\n|faint|p1a: Whimsicott\n|\n|-weather|Sandstorm|[upkeep]\n|-damage|p2b: Tyranitar|80\/100|[from] Sandstorm\n|-sideend|p1: dinglustan|move: Tailwind\n|-sideend|p2: Colombianarepa|move: Tailwind\n|upkeep\n|\n|t:|1733073396\n|switch|p2a: Gholdengo|Gholdengo, L50|100\/100\n|switch|p1b: Basculegion|Basculegion, L50, M|100\/100\n|switch|p1a: Pawmot|Pawmot, L50, M|100\/100\n|turn|5\n|\n|t:|1733073409\n|move|p1a: Pawmot|Double Shock|p2b: Tyranitar\n|-supereffective|p2b: Tyranitar\n|-damage|p2b: Tyranitar|0 fnt\n|-start|p1a: Pawmot|typechange|???\/Fighting|[from] move: Double Shock\n|faint|p2b: Tyranitar\n|move|p2a: Gholdengo|Shadow Ball|p1b: Basculegion\n|-supereffective|p1b: Basculegion\n|-crit|p1b: Basculegion\n|-damage|p1b: Basculegion|0 fnt\n|faint|p1b: Basculegion\n|\n|-weather|Sandstorm|[upkeep]\n|-damage|p1a: Pawmot|94\/100|[from] Sandstorm\n|upkeep\n|turn|6\n|\n|t:|1733073427\n|move|p1a: Pawmot|Revival Blessing|p1a: Pawmot\n|\n|t:|1733073429\n|-heal|p1: Hydreigon|50\/100|[from] move: Revival Blessing\n|move|p2a: Gholdengo|Nasty Plot|p2a: Gholdengo\n|-boost|p2a: Gholdengo|spa|2\n|\n|-weather|none\n|upkeep\n|\n|t:|1733073432\n|switch|p1b: Hydreigon|Hydreigon, L50, M|50\/100\n|turn|7\n|\n|t:|1733073439\n|move|p1a: Pawmot|Close Combat|p2a: Gholdengo\n|-immune|p2a: Gholdengo\n|move|p1b: Hydreigon|Dark Pulse|p2a: Gholdengo\n|-supereffective|p2a: Gholdengo\n|-damage|p2a: Gholdengo|0 fnt\n|faint|p2a: Gholdengo\n|-damage|p1b: Hydreigon|41\/100|[from] item: Life Orb\n|\n|win|dinglustan\n|raw|dinglustan's rating: 1767 &rarr; <strong>1783<\/strong><br \/>(+16 for winning)\n|raw|Colombianarepa's rating: 1691 &rarr; <strong>1675<\/strong><br \/>(-16 for losing)\n|l|\u2606dinglustan\n|player|p1|\n|l|\u2606Colombianarepa\n|player|p2|\n","uploadtime":1733073690,"views":7,"formatid":"gen9vgc2024regh","rating":1675,"private":0,"password":null}