{"id":"gen9vgc2024regh-2254699066","format":"[Gen 9] VGC 2024 Reg H","players":["YesImReallyTrying","ren122333"],"log":"|j|\u2606YesImReallyTrying\n|j|\u2606ren122333\n|t:|1733080891\n|gametype|doubles\n|player|p1|YesImReallyTrying|102|1693\n|player|p2|ren122333|hilbert|1670\n|teamsize|p1|6\n|teamsize|p2|6\n|gen|9\n|tier|[Gen 9] VGC 2024 Reg H\n|rated|\n|rule|Species Clause: Limit one of each Pok\u00e9mon\n|rule|Item Clause: Limit 1 of each item\n|clearpoke\n|poke|p1|Archaludon, L50, M|\n|poke|p1|Slowbro-Galar, L50, F|\n|poke|p1|Pelipper, L50, M|\n|poke|p1|Indeedee-F, L50, F|\n|poke|p1|Armarouge, L50, F|\n|poke|p1|Bellibolt, L50, M|\n|poke|p2|Whimsicott, L50, M|\n|poke|p2|Mamoswine, L50, M|\n|poke|p2|Lycanroc-Dusk, L50, M|\n|poke|p2|Typhlosion-Hisui, L50, F|\n|poke|p2|Farigiraf, L50, M|\n|poke|p2|Mienshao, L50, M|\n|teampreview|4\n|\n|t:|1733080932\n|start\n|switch|p1a: Pelipper|Pelipper, L50, M|100\/100\n|switch|p1b: Armarouge|Armarouge, L50, F|100\/100\n|switch|p2a: Farigiraf|Farigiraf, L50, M|100\/100\n|switch|p2b: Mamoswine|Mamoswine, L50, M|100\/100\n|-weather|RainDance|[from] ability: Drizzle|[of] p1a: Pelipper\n|turn|1\n|inactive|Battle timer is ON: inactive players will automatically lose when time's up. (requested by YesImReallyTrying)\n|\n|t:|1733080951\n|-terastallize|p2b: Mamoswine|Grass\n|-terastallize|p1b: Armarouge|Grass\n|move|p1a: Pelipper|U-turn|p1b: Armarouge\n|-supereffective|p1b: Armarouge\n|-damage|p1b: Armarouge|84\/100\n|-ability|p1b: Armarouge|Weak Armor|boost\n|-unboost|p1b: Armarouge|def|1\n|-boost|p1b: Armarouge|spe|2\n|-enditem|p1b: Armarouge|Weakness Policy\n|-boost|p1b: Armarouge|atk|2|[from] item: Weakness Policy\n|-boost|p1b: Armarouge|spa|2|[from] item: Weakness Policy\n|\n|t:|1733080961\n|switch|p1a: Indeedee|Indeedee-F, L50, F|100\/100|[from] U-turn\n|-fieldstart|move: Psychic Terrain|[from] ability: Psychic Surge|[of] p1a: Indeedee\n|move|p1b: Armarouge|Expanding Force|p2a: Farigiraf|[spread] p2a,p2b\n|-resisted|p2a: Farigiraf\n|-damage|p2a: Farigiraf|36\/100\n|-damage|p2b: Mamoswine|0 fnt\n|faint|p2b: Mamoswine\n|move|p2a: Farigiraf|Imprison|p2a: Farigiraf\n|-start|p2a: Farigiraf|move: Imprison\n|\n|-weather|RainDance|[upkeep]\n|upkeep\n|\n|t:|1733080970\n|switch|p2b: Whimsicott|Whimsicott, L50, M|100\/100\n|turn|2\n|\n|t:|1733080988\n|switch|p1a: Bellibolt|Bellibolt, L50, M|100\/100\n|move|p2b: Whimsicott|Tailwind|p2b: Whimsicott\n|-sidestart|p2: ren122333|move: Tailwind\n|move|p1b: Armarouge|Energy Ball|p2a: Farigiraf\n|-damage|p2a: Farigiraf|0 fnt\n|faint|p2a: Farigiraf\n|\n|-weather|RainDance|[upkeep]\n|upkeep\n|\n|t:|1733080996\n|switch|p2a: Typhlosion|Typhlosion-Hisui, L50, F|100\/100\n|-item|p1a: Bellibolt|Light Clay|[from] ability: Frisk|[of] p2a: Typhlosion\n|turn|3\n|\n|t:|1733081005\n|move|p1b: Armarouge|Protect|p1b: Armarouge\n|-singleturn|p1b: Armarouge|Protect\n|move|p2b: Whimsicott|Sunny Day|p2b: Whimsicott\n|-weather|SunnyDay\n|move|p2a: Typhlosion|Eruption|p1a: Bellibolt|[spread] p1a\n|-activate|p1b: Armarouge|move: Protect\n|-damage|p1a: Bellibolt|0 fnt\n|faint|p1a: Bellibolt\n|\n|-weather|SunnyDay|[upkeep]\n|upkeep\n|\n|t:|1733081016\n|switch|p1a: Pelipper|Pelipper, L50, M|100\/100\n|-weather|RainDance|[from] ability: Drizzle|[of] p1a: Pelipper\n|turn|4\n|\n|t:|1733081033\n|move|p2b: Whimsicott|Sunny Day|p2b: Whimsicott\n|-weather|SunnyDay\n|move|p2a: Typhlosion|Eruption|p1b: Armarouge|[spread] p1a,p1b\n|-resisted|p1a: Pelipper\n|-supereffective|p1b: Armarouge\n|-damage|p1a: Pelipper|0 fnt\n|-damage|p1b: Armarouge|0 fnt\n|faint|p1a: Pelipper\n|faint|p1b: Armarouge\n|\n|-weather|SunnyDay|[upkeep]\n|upkeep\n|\n|t:|1733081042\n|switch|p1b: Indeedee|Indeedee-F, L50, F|100\/100\n|turn|5\n|-message|YesImReallyTrying forfeited.\n|\n|win|ren122333\n|raw|YesImReallyTrying's rating: 1693 &rarr; <strong>1672<\/strong><br \/>(-21 for losing)\n|raw|ren122333's rating: 1670 &rarr; <strong>1691<\/strong><br \/>(+21 for winning)\n|l|\u2606YesImReallyTrying\n|player|p1|\n|l|\u2606ren122333\n|player|p2|\n","uploadtime":1733081197,"views":10,"formatid":"gen9vgc2024regh","rating":1672,"private":0,"password":null}