{"id":"gen9vgc2024regh-2254288752","format":"[Gen 9] VGC 2024 Reg H","players":["ren122333","RadiumToad"],"log":"|j|\u2606ren122333\n|j|\u2606RadiumToad\n|t:|1733015100\n|gametype|doubles\n|player|p1|ren122333|hilbert|1752\n|player|p2|RadiumToad|janine|1639\n|teamsize|p1|6\n|teamsize|p2|6\n|gen|9\n|tier|[Gen 9] VGC 2024 Reg H\n|rated|\n|rule|Species Clause: Limit one of each Pok\u00e9mon\n|rule|Item Clause: Limit 1 of each item\n|clearpoke\n|poke|p1|Whimsicott, L50, M|\n|poke|p1|Mamoswine, L50, M|\n|poke|p1|Lycanroc-Dusk, L50, F|\n|poke|p1|Typhlosion-Hisui, L50, F|\n|poke|p1|Farigiraf, L50, F|\n|poke|p1|Mienshao, L50, M|\n|poke|p2|Poliwrath, L50, M|\n|poke|p2|Pelipper, L50, F|\n|poke|p2|Indeedee-F, L50, F|\n|poke|p2|Braviary-Hisui, L50, M|\n|poke|p2|Annihilape, L50, M|\n|poke|p2|Incineroar, L50, F|\n|teampreview|4\n|inactive|Battle timer is ON: inactive players will automatically lose when time's up. (requested by ren122333)\n|\n|t:|1733015132\n|start\n|switch|p1a: Farigiraf|Farigiraf, L50, F|100\/100\n|switch|p1b: Mienshao|Mienshao, L50, M|100\/100\n|switch|p2a: Annihilape|Annihilape, L50, M|100\/100\n|switch|p2b: Indeedee|Indeedee-F, L50, F|100\/100\n|-fieldstart|move: Psychic Terrain|[from] ability: Psychic Surge|[of] p2b: Indeedee\n|turn|1\n|\n|t:|1733015152\n|move|p2a: Annihilape|Final Gambit|p1b: Mienshao\n|-damage|p1b: Mienshao|0 fnt\n|faint|p2a: Annihilape\n|faint|p1b: Mienshao\n|move|p1a: Farigiraf|Expanding Force|p2b: Indeedee\n|-resisted|p2b: Indeedee\n|-damage|p2b: Indeedee|70\/100\n|move|p2b: Indeedee|Trick Room|p2b: Indeedee\n|-fieldstart|move: Trick Room|[of] p2b: Indeedee\n|\n|upkeep\n|\n|t:|1733015156\n|switch|p2a: Braviary|Braviary-Hisui, L50, M|100\/100\n|switch|p1b: Lycanroc|Lycanroc-Dusk, L50, F, shiny|100\/100\n|turn|2\n|\n|t:|1733015168\n|-terastallize|p2a: Braviary|Psychic\n|-terastallize|p1a: Farigiraf|Dark\n|move|p2a: Braviary|Expanding Force|p1a: Farigiraf|[spread] p1b\n|-immune|p1a: Farigiraf\n|-damage|p1b: Lycanroc|0 fnt\n|faint|p1b: Lycanroc\n|-damage|p2a: Braviary|91\/100|[from] item: Life Orb\n|move|p2b: Indeedee|Psychic|p1a: Farigiraf\n|-immune|p1a: Farigiraf\n|move|p1a: Farigiraf|Trick Room|p1a: Farigiraf\n|-fieldend|move: Trick Room\n|\n|upkeep\n|\n|t:|1733015181\n|switch|p1b: Typhlosion|Typhlosion-Hisui, L50, F|100\/100\n|-item|p2a: Braviary|Life Orb|[from] ability: Frisk|[of] p1b: Typhlosion\n|-item|p2b: Indeedee|Safety Goggles|[from] ability: Frisk|[of] p1b: Typhlosion\n|turn|3\n|\n|t:|1733015193\n|switch|p2a: Pelipper|Pelipper, L50, F|100\/100\n|-weather|RainDance|[from] ability: Drizzle|[of] p2a: Pelipper\n|move|p1b: Typhlosion|Eruption|p2a: Pelipper|[spread] p2a,p2b\n|-resisted|p2a: Pelipper\n|-damage|p2a: Pelipper|71\/100\n|-damage|p2b: Indeedee|34\/100\n|move|p1a: Farigiraf|Imprison|p1a: Farigiraf\n|-start|p1a: Farigiraf|move: Imprison\n|move|p2b: Indeedee|Psychic|p1b: Typhlosion\n|-damage|p1b: Typhlosion|44\/100\n|\n|-weather|RainDance|[upkeep]\n|upkeep\n|turn|4\n|inactive|RadiumToad has 30 seconds left.\n|\n|t:|1733015225\n|move|p2a: Pelipper|Wide Guard|p2a: Pelipper\n|-singleturn|p2a: Pelipper|Wide Guard\n|move|p1b: Typhlosion|Eruption|p2b: Indeedee|[spread] \n|-activate|p2a: Pelipper|move: Wide Guard\n|-activate|p2b: Indeedee|move: Wide Guard\n|move|p1a: Farigiraf|Expanding Force|p2a: Pelipper|[spread] \n|-activate|p2a: Pelipper|move: Wide Guard\n|-activate|p2b: Indeedee|move: Wide Guard\n|move|p2b: Indeedee|Psychic|p1b: Typhlosion\n|-crit|p1b: Typhlosion\n|-damage|p1b: Typhlosion|0 fnt\n|faint|p1b: Typhlosion\n|\n|-weather|RainDance|[upkeep]\n|upkeep\n|turn|5\n|j| Blackhole Blitz\n|-message|ren122333 forfeited.\n|\n|win|RadiumToad\n|raw|ren122333's rating: 1752 &rarr; <strong>1726<\/strong><br \/>(-26 for losing)\n|raw|RadiumToad's rating: 1639 &rarr; <strong>1665<\/strong><br \/>(+26 for winning)\n|l|\u2606ren122333\n|player|p1|\n|l|\u2606RadiumToad\n|player|p2|\n","uploadtime":1733015392,"views":9,"formatid":"gen9vgc2024regh","rating":1665,"private":0,"password":null}