{"id":"gen9vgc2024regh-2254329636","format":"[Gen 9] VGC 2024 Reg H","players":["CarryTheBoats","futonkagebunshin"],"log":"|j|\u2606CarryTheBoats\n|j|\u2606futonkagebunshin\n|t:|1733020657\n|gametype|doubles\n|player|p1|CarryTheBoats|crasherwake|1810\n|player|p2|futonkagebunshin|policeman-gen4|1744\n|teamsize|p1|6\n|teamsize|p2|6\n|gen|9\n|tier|[Gen 9] VGC 2024 Reg H\n|rated|\n|rule|Species Clause: Limit one of each Pok\u00e9mon\n|rule|Item Clause: Limit 1 of each item\n|clearpoke\n|poke|p1|Archaludon, L50, F|\n|poke|p1|Pelipper, L50, M|\n|poke|p1|Amoonguss, L50, F|\n|poke|p1|Incineroar, L50, F|\n|poke|p1|Basculegion, L50, M|\n|poke|p1|Dragonite, L50, F|\n|poke|p2|Whimsicott, L50, F|\n|poke|p2|Chandelure, L50, M|\n|poke|p2|Pelipper, L50, F|\n|poke|p2|Archaludon, L50, M|\n|poke|p2|Overqwil, L50, M|\n|poke|p2|Annihilape, L50, M|\n|teampreview|4\n|inactive|Battle timer is ON: inactive players will automatically lose when time's up. (requested by CarryTheBoats)\n|\n|t:|1733020716\n|start\n|switch|p1a: Amoonguss|Amoonguss, L50, F|100\/100\n|switch|p1b: Dragonite|Dragonite, L50, F|100\/100\n|switch|p2a: Whimsicott|Whimsicott, L50, F|100\/100\n|switch|p2b: Annihilape|Annihilape, L50, M|100\/100\n|turn|1\n|\n|t:|1733020739\n|move|p2a: Whimsicott|Beat Up|p2b: Annihilape\n|-damage|p2b: Annihilape|98\/100\n|-damage|p2b: Annihilape|95\/100\n|-crit|p2b: Annihilape\n|-damage|p2b: Annihilape|90\/100\n|-damage|p2b: Annihilape|88\/100\n|-hitcount|p2b: Annihilape|4\n|move|p2b: Annihilape|Rage Fist|p1a: Amoonguss\n|-damage|p1a: Amoonguss|0 fnt\n|faint|p1a: Amoonguss\n|move|p1b: Dragonite|Scale Shot|p2b: Annihilape\n|-damage|p2b: Annihilape|72\/100\n|-damage|p2b: Annihilape|54\/100\n|-damage|p2b: Annihilape|39\/100\n|-enditem|p2b: Annihilape|Sitrus Berry|[eat]\n|-heal|p2b: Annihilape|64\/100|[from] item: Sitrus Berry\n|-damage|p2b: Annihilape|46\/100\n|-hitcount|p2b: Annihilape|4\n|-unboost|p1b: Dragonite|def|1\n|-boost|p1b: Dragonite|spe|1\n|\n|upkeep\n|\n|t:|1733020744\n|switch|p1a: Pelipper|Pelipper, L50, M|100\/100\n|-weather|RainDance|[from] ability: Drizzle|[of] p1a: Pelipper\n|turn|2\n|inactive|futonkagebunshin has 30 seconds left.\n|\n|t:|1733020774\n|move|p1b: Dragonite|Protect|p1b: Dragonite\n|-singleturn|p1b: Dragonite|Protect\n|move|p2b: Annihilape|Protect|p2b: Annihilape\n|-singleturn|p2b: Annihilape|Protect\n|move|p2a: Whimsicott|Tailwind|p2a: Whimsicott\n|-sidestart|p2: futonkagebunshin|move: Tailwind\n|move|p1a: Pelipper|Tailwind|p1a: Pelipper\n|-sidestart|p1: CarryTheBoats|move: Tailwind\n|\n|-weather|RainDance|[upkeep]\n|upkeep\n|turn|3\n|\n|t:|1733020788\n|move|p2a: Whimsicott|Encore|p1b: Dragonite\n|-start|p1b: Dragonite|Encore\n|move|p1b: Dragonite|Protect||[still]\n|-fail|p1b: Dragonite\n|move|p2b: Annihilape|Rage Fist|p1a: Pelipper\n|-enditem|p1a: Pelipper|Focus Sash\n|-damage|p1a: Pelipper|1\/100\n|move|p1a: Pelipper|Hurricane|p2b: Annihilape\n|-supereffective|p2b: Annihilape\n|-damage|p2b: Annihilape|0 fnt\n|faint|p2b: Annihilape\n|\n|-weather|RainDance|[upkeep]\n|upkeep\n|\n|t:|1733020799\n|switch|p2b: Archaludon|Archaludon, L50, M|100\/100\n|turn|4\n|\n|t:|1733020810\n|switch|p1b: Archaludon|Archaludon, L50, F, shiny|100\/100\n|move|p1a: Pelipper|Protect|p1a: Pelipper\n|-singleturn|p1a: Pelipper|Protect\n|move|p2a: Whimsicott|Beat Up|p2b: Archaludon\n|-damage|p2b: Archaludon|99\/100\n|-ability|p2b: Archaludon|Stamina|boost\n|-boost|p2b: Archaludon|def|1\n|-damage|p2b: Archaludon|97\/100\n|-ability|p2b: Archaludon|Stamina|boost\n|-boost|p2b: Archaludon|def|1\n|-damage|p2b: Archaludon|96\/100\n|-ability|p2b: Archaludon|Stamina|boost\n|-boost|p2b: Archaludon|def|1\n|-hitcount|p2b: Archaludon|3\n|move|p2b: Archaludon|Electro Shot||[still]\n|-prepare|p2b: Archaludon|Electro Shot\n|-boost|p2b: Archaludon|spa|1\n|-anim|p2b: Archaludon|Electro Shot|p1a: Pelipper\n|-activate|p1a: Pelipper|move: Protect\n|\n|-weather|RainDance|[upkeep]\n|upkeep\n|turn|5\n|inactive|futonkagebunshin has 30 seconds left.\n|\n|t:|1733020836\n|-terastallize|p1b: Archaludon|Bug\n|move|p2a: Whimsicott|Moonblast|p1a: Pelipper\n|-damage|p1a: Pelipper|0 fnt\n|faint|p1a: Pelipper\n|move|p1b: Archaludon|Electro Shot||[still]\n|-prepare|p1b: Archaludon|Electro Shot\n|-boost|p1b: Archaludon|spa|1\n|-anim|p1b: Archaludon|Electro Shot|p2a: Whimsicott\n|-resisted|p2a: Whimsicott\n|-crit|p2a: Whimsicott\n|-damage|p2a: Whimsicott|24\/100\n|move|p2b: Archaludon|Electro Shot||[still]\n|-prepare|p2b: Archaludon|Electro Shot\n|-boost|p2b: Archaludon|spa|1\n|-anim|p2b: Archaludon|Electro Shot|p1b: Archaludon\n|-damage|p1b: Archaludon|36\/100\n|-ability|p1b: Archaludon|Stamina|boost\n|-boost|p1b: Archaludon|def|1\n|\n|-weather|RainDance|[upkeep]\n|-sideend|p1: CarryTheBoats|move: Tailwind\n|-sideend|p2: futonkagebunshin|move: Tailwind\n|upkeep\n|\n|t:|1733020842\n|switch|p1a: Dragonite|Dragonite, L50, F|100\/100\n|turn|6\n|\n|t:|1733020864\n|move|p2a: Whimsicott|Tailwind|p2a: Whimsicott\n|-sidestart|p2: futonkagebunshin|move: Tailwind\n|move|p2b: Archaludon|Electro Shot||[still]\n|-prepare|p2b: Archaludon|Electro Shot\n|-boost|p2b: Archaludon|spa|1\n|-anim|p2b: Archaludon|Electro Shot|p1b: Archaludon\n|-damage|p1b: Archaludon|0 fnt\n|faint|p1b: Archaludon\n|move|p1a: Dragonite|Haze|p1a: Dragonite\n|-clearallboost\n|\n|-weather|none\n|upkeep\n|turn|7\n|-message|CarryTheBoats forfeited.\n|\n|win|futonkagebunshin\n|raw|CarryTheBoats's rating: 1810 &rarr; <strong>1786<\/strong><br \/>(-24 for losing)\n|raw|futonkagebunshin's rating: 1744 &rarr; <strong>1768<\/strong><br \/>(+24 for winning)\n|l|\u2606CarryTheBoats\n|player|p1|\n|l|\u2606futonkagebunshin\n|player|p2|\n|j|\u2606CarryTheBoats\n|player|p1|CarryTheBoats|crasherwake|\n","uploadtime":1733021090,"views":9,"formatid":"gen9vgc2024regh","rating":1768,"private":0,"password":null}