{"id":"gen9vgc2024regh-2254638338","format":"[Gen 9] VGC 2024 Reg H","players":["QuinlanBuilds","DRMBunker999"],"log":"|j|\u2606QuinlanBuilds\n|j|\u2606DRMBunker999\n|t:|1733073737\n|gametype|doubles\n|player|p1|QuinlanBuilds|169|1713\n|player|p2|DRMBunker999|266|1659\n|teamsize|p1|6\n|teamsize|p2|6\n|gen|9\n|tier|[Gen 9] VGC 2024 Reg H\n|rated|\n|rule|Species Clause: Limit one of each Pok\u00e9mon\n|rule|Item Clause: Limit 1 of each item\n|clearpoke\n|poke|p1|Volbeat, L50, M|\n|poke|p1|Primarina, L50, M|\n|poke|p1|Espathra, L50, F|\n|poke|p1|Typhlosion-Hisui, L50, M|\n|poke|p1|Indeedee-F, L50, F|\n|poke|p1|Archaludon, L50, F|\n|poke|p2|Ursaluna-Bloodmoon, L50, M|\n|poke|p2|Sneasler, L50, M|\n|poke|p2|Tauros-Paldea-Aqua, L50, M|\n|poke|p2|Magmar, L50, M|\n|poke|p2|Whimsicott, L50, F|\n|poke|p2|Indeedee, L50, M|\n|teampreview|4\n|inactive|Battle timer is ON: inactive players will automatically lose when time's up. (requested by QuinlanBuilds)\n|\n|t:|1733073762\n|start\n|switch|p1a: Primarina|Primarina, L50, M|100\/100\n|switch|p1b: Volbeat|Volbeat, L50, M|100\/100\n|switch|p2a: Sneasler|Sneasler, L50, M|100\/100\n|switch|p2b: Whimsicott|Whimsicott, L50, F|100\/100\n|turn|1\n|\n|t:|1733073775\n|-terastallize|p1a: Primarina|Steel\n|move|p2b: Whimsicott|Tailwind|p2b: Whimsicott\n|-sidestart|p2: DRMBunker999|move: Tailwind\n|move|p1b: Volbeat|Encore|p2b: Whimsicott\n|-start|p2b: Whimsicott|Encore\n|move|p2a: Sneasler|Dire Claw|p1b: Volbeat\n|-damage|p1b: Volbeat|43\/100\n|-status|p1b: Volbeat|psn\n|move|p1a: Primarina|Dazzling Gleam|p2a: Sneasler|[spread] p2a,p2b\n|-damage|p2a: Sneasler|35\/100\n|-damage|p2b: Whimsicott|30\/100\n|\n|-damage|p1b: Volbeat|31\/100 psn|[from] psn\n|upkeep\n|turn|2\n|\n|t:|1733073794\n|switch|p2b: Indeedee|Indeedee, L50, M|100\/100\n|-fieldstart|move: Psychic Terrain|[from] ability: Psychic Surge|[of] p2b: Indeedee\n|-enditem|p2a: Sneasler|Psychic Seed\n|-boost|p2a: Sneasler|spd|1|[from] item: Psychic Seed\n|move|p1b: Volbeat|Encore|p2a: Sneasler\n|-activate|p2a: Sneasler|move: Psychic Terrain\n|move|p2a: Sneasler|Close Combat|p1a: Primarina\n|-supereffective|p1a: Primarina\n|-damage|p1a: Primarina|0 fnt\n|-unboost|p2a: Sneasler|def|1\n|-unboost|p2a: Sneasler|spd|1\n|faint|p1a: Primarina\n|\n|-damage|p1b: Volbeat|19\/100 psn|[from] psn\n|upkeep\n|\n|t:|1733073806\n|switch|p1a: Espathra|Espathra, L50, F|100\/100\n|turn|3\n|\n|t:|1733073813\n|move|p1a: Espathra|Protect|p1a: Espathra\n|-singleturn|p1a: Espathra|Protect\n|move|p1b: Volbeat|Tailwind|p1b: Volbeat\n|-sidestart|p1: QuinlanBuilds|move: Tailwind\n|move|p2a: Sneasler|Dire Claw|p1a: Espathra\n|-activate|p1a: Espathra|move: Protect\n|move|p2b: Indeedee|Hyper Voice|p1a: Espathra|[spread] p1b\n|-activate|p1a: Espathra|move: Protect\n|-damage|p1b: Volbeat|0 fnt\n|faint|p1b: Volbeat\n|\n|-ability|p1a: Espathra|Speed Boost|boost\n|-boost|p1a: Espathra|spe|1\n|upkeep\n|\n|t:|1733073824\n|switch|p1b: Typhlosion|Typhlosion-Hisui, L50, M|100\/100\n|turn|4\n|\n|t:|1733073843\n|-terastallize|p2a: Sneasler|Dark\n|move|p1b: Typhlosion|Protect|p1b: Typhlosion\n|-singleturn|p1b: Typhlosion|Protect\n|move|p2a: Sneasler|Throat Chop|p1b: Typhlosion\n|-activate|p1b: Typhlosion|move: Protect\n|move|p1a: Espathra|Expanding Force|p2a: Sneasler|[spread] p2b\n|-immune|p2a: Sneasler\n|-resisted|p2b: Indeedee\n|-damage|p2b: Indeedee|67\/100\n|move|p2b: Indeedee|Hyper Voice|p1b: Typhlosion|[spread] p1a\n|-activate|p1b: Typhlosion|move: Protect\n|-damage|p1a: Espathra|49\/100\n|\n|-sideend|p2: DRMBunker999|move: Tailwind\n|-ability|p1a: Espathra|Speed Boost|boost\n|-boost|p1a: Espathra|spe|1\n|upkeep\n|turn|5\n|\n|t:|1733073866\n|move|p1a: Espathra|Dazzling Gleam|p2b: Indeedee|[spread] p2a,p2b\n|-supereffective|p2a: Sneasler\n|-damage|p2a: Sneasler|0 fnt\n|-damage|p2b: Indeedee|44\/100\n|faint|p2a: Sneasler\n|move|p1b: Typhlosion|Eruption|p2b: Indeedee\n|-damage|p2b: Indeedee|0 fnt\n|faint|p2b: Indeedee\n|\n|-ability|p1a: Espathra|Speed Boost|boost\n|-boost|p1a: Espathra|spe|1\n|upkeep\n|\n|t:|1733073876\n|switch|p2a: Whimsicott|Whimsicott, L50, F|30\/100\n|switch|p2b: Ursaluna|Ursaluna-Bloodmoon, L50, M|100\/100\n|turn|6\n|\n|t:|1733073885\n|move|p2a: Whimsicott|Protect|p2a: Whimsicott\n|-singleturn|p2a: Whimsicott|Protect\n|move|p2b: Ursaluna|Protect|p2b: Ursaluna\n|-singleturn|p2b: Ursaluna|Protect\n|move|p1a: Espathra|Expanding Force|p2b: Ursaluna|[spread] \n|-activate|p2a: Whimsicott|move: Protect\n|-activate|p2b: Ursaluna|move: Protect\n|move|p1b: Typhlosion|Eruption|p2b: Ursaluna|[spread] \n|-activate|p2a: Whimsicott|move: Protect\n|-activate|p2b: Ursaluna|move: Protect\n|\n|-sideend|p1: QuinlanBuilds|move: Tailwind\n|-fieldend|move: Psychic Terrain\n|-ability|p1a: Espathra|Speed Boost|boost\n|-boost|p1a: Espathra|spe|1\n|upkeep\n|turn|7\n|inactive|DRMBunker999 has 30 seconds left.\n|\n|t:|1733073911\n|move|p2a: Whimsicott|Tailwind|p2a: Whimsicott\n|-sidestart|p2: DRMBunker999|move: Tailwind\n|move|p1a: Espathra|Lumina Crash|p2b: Ursaluna\n|-damage|p2b: Ursaluna|52\/100\n|-unboost|p2b: Ursaluna|spd|2\n|move|p2b: Ursaluna|Hyper Voice|p1b: Typhlosion|[spread] p1a,p1b\n|-crit|p1b: Typhlosion\n|-damage|p1a: Espathra|0 fnt\n|-damage|p1b: Typhlosion|3\/100\n|faint|p1a: Espathra\n|-damage|p2b: Ursaluna|43\/100|[from] item: Life Orb\n|move|p1b: Typhlosion|Flamethrower|p2b: Ursaluna\n|-damage|p2b: Ursaluna|0 fnt\n|faint|p2b: Ursaluna\n|\n|upkeep\n|turn|8\n|c|\u2606QuinlanBuilds|Lol\n|\n|t:|1733073931\n|move|p2a: Whimsicott|Moonblast|p1b: Typhlosion\n|-resisted|p1b: Typhlosion\n|-damage|p1b: Typhlosion|0 fnt\n|faint|p1b: Typhlosion\n|\n|win|DRMBunker999\n|raw|QuinlanBuilds's rating: 1713 &rarr; <strong>1690<\/strong><br \/>(-23 for losing)\n|raw|DRMBunker999's rating: 1659 &rarr; <strong>1682<\/strong><br \/>(+23 for winning)\n|l|\u2606DRMBunker999\n|player|p2|\n|l|\u2606QuinlanBuilds\n|player|p1|\n","uploadtime":1733074100,"views":7,"formatid":"gen9vgc2024regh","rating":1682,"private":0,"password":null}