{"id":"gen9vgc2024regh-2254593130","format":"[Gen 9] VGC 2024 Reg H","players":["insertable194","BassoTara2"],"log":"|j|\u2606insertable194\n|j|\u2606BassoTara2\n|t:|1733067704\n|gametype|doubles\n|player|p1|insertable194|hanbei-conquest|1773\n|player|p2|BassoTara2|psychic-gen4|1692\n|teamsize|p1|6\n|teamsize|p2|6\n|gen|9\n|tier|[Gen 9] VGC 2024 Reg H\n|rated|\n|rule|Species Clause: Limit one of each Pok\u00e9mon\n|rule|Item Clause: Limit 1 of each item\n|clearpoke\n|poke|p1|Smeargle, L50, M|\n|poke|p1|Farigiraf, L50, F|\n|poke|p1|Archaludon, L50, F|\n|poke|p1|Torkoal, L50, F|\n|poke|p1|Ursaluna-Bloodmoon, L50, M|\n|poke|p1|Annihilape, L50, M|\n|poke|p2|Indeedee-F, L50, F|\n|poke|p2|Hatterene, L50, F|\n|poke|p2|Torkoal, L50, F|\n|poke|p2|Ursaluna, L50, F|\n|poke|p2|Gallade, L50, M|\n|poke|p2|Maushold-Four, L50|\n|teampreview|4\n|\n|t:|1733067737\n|start\n|switch|p1a: Ursaluna|Ursaluna-Bloodmoon, L50, M|100\/100\n|switch|p1b: Smeargle|Smeargle, L50, M|100\/100\n|switch|p2a: Maushold|Maushold-Four, L50|100\/100\n|switch|p2b: Gallade|Gallade, L50, M, shiny|100\/100\n|turn|1\n|\n|t:|1733067753\n|-terastallize|p1b: Smeargle|Ghost\n|move|p1b: Smeargle|Follow Me|p1b: Smeargle\n|-singleturn|p1b: Smeargle|move: Follow Me\n|move|p2a: Maushold|Population Bomb|p1b: Smeargle\n|-immune|p1b: Smeargle\n|move|p2b: Gallade|Sacred Sword|p1b: Smeargle\n|-immune|p1b: Smeargle\n|move|p1a: Ursaluna|Blood Moon|p2b: Gallade\n|-damage|p2b: Gallade|0 fnt\n|faint|p2b: Gallade\n|-damage|p1a: Ursaluna|90\/100|[from] item: Life Orb\n|\n|-ability|p1b: Smeargle|Moody|boost\n|-boost|p1b: Smeargle|spe|2\n|-unboost|p1b: Smeargle|spd|1\n|-enditem|p1b: Smeargle|Eject Pack\n|upkeep\n|\n|t:|1733067770\n|switch|p1b: Farigiraf|Farigiraf, L50, F|100\/100\n|switch|p2b: Indeedee|Indeedee-F, L50, F|100\/100\n|-fieldstart|move: Psychic Terrain|[from] ability: Psychic Surge|[of] p2b: Indeedee\n|-enditem|p2b: Indeedee|Psychic Seed\n|-boost|p2b: Indeedee|spd|1|[from] item: Psychic Seed\n|turn|2\n|\n|t:|1733067807\n|switch|p1a: Smeargle|Smeargle, L50, M, tera:Ghost|100\/100\n|move|p2b: Indeedee|Helping Hand|p2a: Maushold\n|-singleturn|p2a: Maushold|Helping Hand|[of] p2b: Indeedee\n|move|p2a: Maushold|Population Bomb|p1b: Farigiraf\n|-damage|p1b: Farigiraf|88\/100\n|-damage|p1b: Farigiraf|76\/100\n|-damage|p1b: Farigiraf|64\/100\n|-damage|p1b: Farigiraf|52\/100\n|-damage|p1b: Farigiraf|41\/100\n|-damage|p1b: Farigiraf|28\/100\n|-damage|p1b: Farigiraf|17\/100\n|-damage|p1b: Farigiraf|6\/100\n|-damage|p1b: Farigiraf|0 fnt\n|faint|p1b: Farigiraf\n|-hitcount|p1: Farigiraf|9\n|\n|-ability|p1a: Smeargle|Moody|boost\n|-boost|p1a: Smeargle|spd|2\n|-unboost|p1a: Smeargle|def|1\n|upkeep\n|\n|t:|1733067812\n|switch|p1b: Ursaluna|Ursaluna-Bloodmoon, L50, M|90\/100\n|turn|3\n|\n|t:|1733067829\n|move|p1a: Smeargle|Follow Me|p1a: Smeargle\n|-singleturn|p1a: Smeargle|move: Follow Me\n|move|p2b: Indeedee|Follow Me|p2b: Indeedee\n|-singleturn|p2b: Indeedee|move: Follow Me\n|move|p2a: Maushold|Taunt|p1a: Smeargle\n|-start|p1a: Smeargle|move: Taunt\n|move|p1b: Ursaluna|Hyper Voice|p2a: Maushold|[spread] p2a,p2b\n|-damage|p2a: Maushold|17\/100\n|-damage|p2b: Indeedee|68\/100\n|-damage|p1b: Ursaluna|80\/100|[from] item: Life Orb\n|\n|-ability|p1a: Smeargle|Moody|boost\n|-boost|p1a: Smeargle|def|2\n|-unboost|p1a: Smeargle|spd|1\n|upkeep\n|turn|4\n|\n|t:|1733067851\n|switch|p1a: Torkoal|Torkoal, L50, F|100\/100\n|-weather|SunnyDay|[from] ability: Drought|[of] p1a: Torkoal\n|move|p2b: Indeedee|Helping Hand|p2a: Maushold\n|-singleturn|p2a: Maushold|Helping Hand|[of] p2b: Indeedee\n|move|p2a: Maushold|Population Bomb|p1a: Torkoal\n|-damage|p1a: Torkoal|87\/100\n|-damage|p1a: Torkoal|75\/100\n|-damage|p1a: Torkoal|63\/100\n|-damage|p1a: Torkoal|51\/100\n|-damage|p1a: Torkoal|38\/100\n|-damage|p1a: Torkoal|25\/100\n|-damage|p1a: Torkoal|12\/100\n|-damage|p1a: Torkoal|0 fnt\n|faint|p1a: Torkoal\n|-hitcount|p1: Torkoal|8\n|move|p1b: Ursaluna|Hyper Voice|p2b: Indeedee|[spread] p2a,p2b\n|-damage|p2a: Maushold|0 fnt\n|-damage|p2b: Indeedee|34\/100\n|faint|p2a: Maushold\n|-damage|p1b: Ursaluna|70\/100|[from] item: Life Orb\n|\n|-weather|SunnyDay|[upkeep]\n|upkeep\n|\n|t:|1733067874\n|switch|p2a: Torkoal|Torkoal, L50, F|100\/100\n|switch|p1a: Smeargle|Smeargle, L50, M, tera:Ghost|100\/100\n|turn|5\n|j| PrismRabbit\n|\n|t:|1733067934\n|-terastallize|p2a: Torkoal|Fire\n|move|p1a: Smeargle|Wide Guard|p1a: Smeargle\n|-singleturn|p1a: Smeargle|Wide Guard\n|move|p2b: Indeedee|Psychic|p1b: Ursaluna\n|-damage|p1b: Ursaluna|26\/100\n|move|p1b: Ursaluna|Hyper Voice|p2b: Indeedee|[spread] p2a,p2b\n|-damage|p2a: Torkoal|28\/100\n|-damage|p2b: Indeedee|0 fnt\n|faint|p2b: Indeedee\n|-damage|p1b: Ursaluna|16\/100|[from] item: Life Orb\n|move|p2a: Torkoal|Heat Wave|p1a: Smeargle|[spread] \n|-activate|p1a: Smeargle|move: Wide Guard\n|-activate|p1b: Ursaluna|move: Wide Guard\n|\n|-weather|SunnyDay|[upkeep]\n|-ability|p1a: Smeargle|Moody|boost\n|-boost|p1a: Smeargle|spa|2\n|-unboost|p1a: Smeargle|spd|1\n|upkeep\n|turn|6\n|-message|BassoTara2 forfeited.\n|\n|win|insertable194\n|raw|insertable194's rating: 1750 &rarr; <strong>1767<\/strong><br \/>(+17 for winning)\n|raw|BassoTara2's rating: 1692 &rarr; <strong>1675<\/strong><br \/>(-17 for losing)\n|l|\u2606BassoTara2\n|player|p2|\n|l| PrismRabbit\n|l|\u2606insertable194\n|player|p1|\n","uploadtime":1733068120,"views":8,"formatid":"gen9vgc2024regh","rating":1675,"private":0,"password":null}