{"id":"gen9vgc2024regh-2254130403","format":"[Gen 9] VGC 2024 Reg H","players":["AZUNA_Fan","chin8"],"log":"|j|\u2606AZUNA_Fan\n|j|\u2606chin8\n|t:|1732994950\n|gametype|doubles\n|player|p1|AZUNA_Fan|1|1697\n|player|p2|chin8|gentleman-gen4dp|1720\n|teamsize|p1|6\n|teamsize|p2|6\n|gen|9\n|tier|[Gen 9] VGC 2024 Reg H\n|rated|\n|rule|Species Clause: Limit one of each Pok\u00e9mon\n|rule|Item Clause: Limit 1 of each item\n|clearpoke\n|poke|p1|Dragonite, L50, M|\n|poke|p1|Gholdengo, L50|\n|poke|p1|Magmar, L50, F|\n|poke|p1|Meowscarada, L50, F|\n|poke|p1|Perrserker, L50, M|\n|poke|p1|Primarina, L50, F|\n|poke|p2|Baxcalibur, L50, F|\n|poke|p2|Kilowattrel, L50, F|\n|poke|p2|Granbull, L50, M|\n|poke|p2|Gardevoir, L50, F|\n|poke|p2|Magmortar, L50, F|\n|poke|p2|Gholdengo, L50|\n|teampreview|4\n|inactive|Battle timer is ON: inactive players will automatically lose when time's up. (requested by chin8)\n|\n|t:|1732994992\n|start\n|switch|p1a: Perrserker|Perrserker, L50, M|100\/100\n|switch|p1b: Gholdengo|Gholdengo, L50|100\/100\n|switch|p2a: Kilowattrel|Kilowattrel, L50, F|100\/100\n|switch|p2b: Baxcalibur|Baxcalibur, L50, F|100\/100\n|turn|1\n|j| judang\n|\n|t:|1732995008\n|switch|p2b: Magmortar|Magmortar, L50, F|100\/100\n|-terastallize|p1b: Gholdengo|Steel\n|move|p2a: Kilowattrel|Protect|p2a: Kilowattrel\n|-singleturn|p2a: Kilowattrel|Protect\n|move|p1a: Perrserker|Fake Out|p2a: Kilowattrel\n|-activate|p2a: Kilowattrel|move: Protect\n|move|p1b: Gholdengo|Make It Rain|p2b: Magmortar|[spread] p2b\n|-activate|p2a: Kilowattrel|move: Protect\n|-resisted|p2b: Magmortar\n|-damage|p2b: Magmortar|24\/100\n|-unboost|p1b: Gholdengo|spa|1\n|-enditem|p2b: Magmortar|Sitrus Berry|[eat]\n|-heal|p2b: Magmortar|48\/100|[from] item: Sitrus Berry\n|\n|upkeep\n|turn|2\n|l| judang\n|\n|t:|1732995033\n|move|p2a: Kilowattrel|Tailwind|p2a: Kilowattrel\n|-sidestart|p2: chin8|move: Tailwind\n|move|p2b: Magmortar|Heat Wave|p1a: Perrserker|[spread] p1a,p1b\n|-supereffective|p1a: Perrserker\n|-supereffective|p1b: Gholdengo\n|-damage|p1a: Perrserker|36\/100\n|-damage|p1b: Gholdengo|43\/100\n|move|p1b: Gholdengo|Make It Rain|p2a: Kilowattrel|[spread] p2a,p2b\n|-resisted|p2a: Kilowattrel\n|-resisted|p2b: Magmortar\n|-damage|p2a: Kilowattrel|14\/100\n|-damage|p2b: Magmortar|0 fnt\n|-unboost|p1b: Gholdengo|spa|1\n|faint|p2b: Magmortar\n|move|p1a: Perrserker|U-turn|p2a: Kilowattrel\n|-resisted|p2a: Kilowattrel\n|-crit|p2a: Kilowattrel\n|-damage|p2a: Kilowattrel|0 fnt\n|faint|p2a: Kilowattrel\n|\n|t:|1732995055\n|switch|p1a: Primarina|Primarina, L50, F|100\/100|[from] U-turn\n|\n|upkeep\n|\n|t:|1732995058\n|switch|p2a: Baxcalibur|Baxcalibur, L50, F|100\/100\n|switch|p2b: Gholdengo|Gholdengo, L50|100\/100\n|turn|3\n|j| waltermelon2\n|\n|t:|1732995077\n|move|p2b: Gholdengo|Nasty Plot|p2b: Gholdengo\n|-boost|p2b: Gholdengo|spa|2\n|move|p2a: Baxcalibur|Icicle Crash|p1a: Primarina\n|-resisted|p1a: Primarina\n|-damage|p1a: Primarina|66\/100\n|move|p1b: Gholdengo|Make It Rain|p2b: Gholdengo|[spread] p2a,p2b\n|-supereffective|p2a: Baxcalibur\n|-resisted|p2b: Gholdengo\n|-damage|p2a: Baxcalibur|47\/100\n|-damage|p2b: Gholdengo|78\/100\n|-unboost|p1b: Gholdengo|spa|1\n|cant|p1a: Primarina|flinch\n|\n|-heal|p2b: Gholdengo|85\/100|[from] item: Leftovers\n|upkeep\n|turn|4\n|\n|t:|1732995100\n|move|p2a: Baxcalibur|Icicle Crash|p1a: Primarina\n|-resisted|p1a: Primarina\n|-damage|p1a: Primarina|37\/100\n|move|p2b: Gholdengo|Make It Rain|p1b: Gholdengo|[spread] p1a,p1b\n|-resisted|p1b: Gholdengo\n|-damage|p1a: Primarina|0 fnt\n|-damage|p1b: Gholdengo|0 fnt\n|-unboost|p2b: Gholdengo|spa|1\n|faint|p1a: Primarina\n|faint|p1b: Gholdengo\n|\n|-heal|p2b: Gholdengo|91\/100|[from] item: Leftovers\n|upkeep\n|\n|t:|1732995115\n|switch|p1b: Perrserker|Perrserker, L50, M|36\/100\n|switch|p1a: Meowscarada|Meowscarada, L50, F|100\/100\n|turn|5\n|\n|t:|1732995132\n|move|p1b: Perrserker|Fake Out|p2a: Baxcalibur\n|-crit|p2a: Baxcalibur\n|-damage|p2a: Baxcalibur|28\/100\n|cant|p2a: Baxcalibur|flinch\n|move|p2b: Gholdengo|Make It Rain|p1a: Meowscarada|[spread] p1a,p1b\n|-resisted|p1b: Perrserker\n|-enditem|p1a: Meowscarada|Focus Sash\n|-damage|p1a: Meowscarada|1\/100\n|-damage|p1b: Perrserker|0 fnt\n|-unboost|p2b: Gholdengo|spa|1\n|faint|p1b: Perrserker\n|move|p1a: Meowscarada|Knock Off|p2b: Gholdengo\n|-supereffective|p2b: Gholdengo\n|-damage|p2b: Gholdengo|0 fnt\n|-enditem|p2b: Gholdengo|Leftovers|[from] move: Knock Off|[of] p1a: Meowscarada\n|faint|p2b: Gholdengo\n|\n|-sideend|p2: chin8|move: Tailwind\n|upkeep\n|turn|6\n|\n|t:|1732995154\n|move|p2a: Baxcalibur|Ice Shard|p1a: Meowscarada\n|-supereffective|p1a: Meowscarada\n|-damage|p1a: Meowscarada|0 fnt\n|faint|p1a: Meowscarada\n|\n|win|chin8\n|raw|AZUNA_Fan's rating: 1697 &rarr; <strong>1678<\/strong><br \/>(-19 for losing)\n|raw|chin8's rating: 1720 &rarr; <strong>1739<\/strong><br \/>(+19 for winning)\n|l|\u2606chin8\n|player|p2|\n|l|\u2606AZUNA_Fan\n|player|p1|\n|j| judang\n|l| judang\n","uploadtime":1732995319,"views":400,"formatid":"gen9vgc2024regh","rating":1678,"private":0,"password":null}