{"id":"gen9vgc2024regh-2254418002","format":"[Gen 9] VGC 2024 Reg H","players":["magnusmagnum","zimuxiao"],"log":"|j|\u2606magnusmagnum\n|j|\u2606zimuxiao\n|t:|1733034113\n|gametype|doubles\n|player|p1|magnusmagnum|1|1772\n|player|p2|zimuxiao|pokemonbreederf-gen4|1725\n|teamsize|p1|6\n|teamsize|p2|6\n|gen|9\n|tier|[Gen 9] VGC 2024 Reg H\n|rated|\n|rule|Species Clause: Limit one of each Pok\u00e9mon\n|rule|Item Clause: Limit 1 of each item\n|clearpoke\n|poke|p1|Sneasler, L50, M|\n|poke|p1|Magmar, L50, F|\n|poke|p1|Ursaluna-Bloodmoon, L50, M|\n|poke|p1|Garchomp, L50, F|\n|poke|p1|Rillaboom, L50, M|\n|poke|p1|Gholdengo, L50|\n|poke|p2|Armarouge, L50, M|\n|poke|p2|Indeedee-F, L50, F|\n|poke|p2|Ursaluna-Bloodmoon, L50, M|\n|poke|p2|Dragonite, L50, F|\n|poke|p2|Torkoal, L50, M|\n|poke|p2|Lilligant-Hisui, L50, F|\n|teampreview|4\n|inactive|Battle timer is ON: inactive players will automatically lose when time's up. (requested by zimuxiao)\n|inactive|magnusmagnum has 60 seconds left.\n|\n|t:|1733034157\n|start\n|switch|p1a: Magmar|Magmar, L50, F|100\/100\n|switch|p1b: Ursaluna|Ursaluna-Bloodmoon, L50, M|100\/100\n|switch|p2a: Indeedee|Indeedee-F, L50, F|100\/100\n|switch|p2b: Armarouge|Armarouge, L50, M|100\/100\n|-fieldstart|move: Psychic Terrain|[from] ability: Psychic Surge|[of] p2a: Indeedee\n|-enditem|p2a: Indeedee|Psychic Seed\n|-boost|p2a: Indeedee|spd|1|[from] item: Psychic Seed\n|turn|1\n|\n|t:|1733034173\n|switch|p1a: Rillaboom|Rillaboom, L50, M|100\/100\n|-fieldstart|move: Grassy Terrain|[from] ability: Grassy Surge|[of] p1a: Rillaboom\n|move|p2a: Indeedee|Follow Me|p2a: Indeedee\n|-singleturn|p2a: Indeedee|move: Follow Me\n|move|p2b: Armarouge|Meteor Beam||[still]\n|-prepare|p2b: Armarouge|Meteor Beam\n|-boost|p2b: Armarouge|spa|1\n|-enditem|p2b: Armarouge|Power Herb\n|-anim|p2b: Armarouge|Meteor Beam|p1a: Rillaboom\n|-damage|p1a: Rillaboom|18\/100\n|move|p1b: Ursaluna|Hyper Voice|p2b: Armarouge|[spread] p2a,p2b\n|-damage|p2a: Indeedee|78\/100\n|-damage|p2b: Armarouge|50\/100\n|\n|-heal|p2b: Armarouge|56\/100|[from] Grassy Terrain\n|-heal|p1a: Rillaboom|24\/100|[from] Grassy Terrain\n|-heal|p2a: Indeedee|85\/100|[from] Grassy Terrain\n|upkeep\n|turn|2\n|inactive|magnusmagnum has 30 seconds left.\n|inactive|magnusmagnum has 20 seconds left.\n|\n|t:|1733034208\n|switch|p2a: Dragonite|Dragonite, L50, F|100\/100\n|move|p2b: Armarouge|Armor Cannon|p1a: Rillaboom\n|-supereffective|p1a: Rillaboom\n|-damage|p1a: Rillaboom|0 fnt\n|-unboost|p2b: Armarouge|def|1\n|-unboost|p2b: Armarouge|spd|1\n|faint|p1a: Rillaboom\n|move|p1b: Ursaluna|Earth Power|p2a: Dragonite\n|-immune|p2a: Dragonite\n|\n|-heal|p2b: Armarouge|62\/100|[from] Grassy Terrain\n|upkeep\n|\n|t:|1733034217\n|switch|p1a: Magmar|Magmar, L50, F|100\/100\n|turn|3\n|\n|t:|1733034234\n|switch|p2a: Indeedee|Indeedee-F, L50, F|85\/100\n|-fieldstart|move: Psychic Terrain|[from] ability: Psychic Surge|[of] p2a: Indeedee\n|move|p1a: Magmar|Protect|p1a: Magmar\n|-singleturn|p1a: Magmar|Protect\n|move|p2b: Armarouge|Expanding Force|p1a: Magmar|[spread] p1b\n|-activate|p1a: Magmar|move: Protect\n|-damage|p1b: Ursaluna|12\/100\n|move|p1b: Ursaluna|Earth Power|p2b: Armarouge\n|-supereffective|p2b: Armarouge\n|-damage|p2b: Armarouge|0 fnt\n|faint|p2b: Armarouge\n|\n|upkeep\n|\n|t:|1733034250\n|switch|p2b: Ursaluna|Ursaluna-Bloodmoon, L50, M|100\/100\n|turn|4\n|inactive|magnusmagnum has 30 seconds left.\n|\n|t:|1733034280\n|move|p2a: Indeedee|Helping Hand|p2b: Ursaluna\n|-singleturn|p2b: Ursaluna|Helping Hand|[of] p2a: Indeedee\n|move|p1a: Magmar|Overheat|p2a: Indeedee\n|-damage|p2a: Indeedee|41\/100\n|-unboost|p1a: Magmar|spa|2\n|move|p1b: Ursaluna|Hyper Voice|p2a: Indeedee|[spread] p2a,p2b\n|-damage|p2a: Indeedee|7\/100\n|-damage|p2b: Ursaluna|49\/100\n|move|p2b: Ursaluna|Hyper Voice|p1b: Ursaluna|[spread] p1a,p1b\n|-damage|p1a: Magmar|38\/100\n|-damage|p1b: Ursaluna|0 fnt\n|faint|p1b: Ursaluna\n|-damage|p2b: Ursaluna|40\/100|[from] item: Life Orb\n|\n|upkeep\n|\n|t:|1733034290\n|switch|p1b: Gholdengo|Gholdengo, L50|100\/100\n|turn|5\n|\n|t:|1733034304\n|move|p2a: Indeedee|Follow Me|p2a: Indeedee\n|-singleturn|p2a: Indeedee|move: Follow Me\n|move|p1a: Magmar|Will-O-Wisp|p2a: Indeedee\n|-status|p2a: Indeedee|brn\n|move|p1b: Gholdengo|Make It Rain|p2a: Indeedee|[spread] p2a,p2b\n|-damage|p2a: Indeedee|0 fnt\n|-damage|p2b: Ursaluna|0 fnt\n|-unboost|p1b: Gholdengo|spa|1\n|faint|p2a: Indeedee\n|faint|p2b: Ursaluna\n|\n|upkeep\n|\n|t:|1733034314\n|switch|p2b: Dragonite|Dragonite, L50, F|100\/100\n|turn|6\n|\n|t:|1733034321\n|move|p1a: Magmar|Will-O-Wisp|p2b: Dragonite\n|-status|p2b: Dragonite|brn\n|move|p1b: Gholdengo|Nasty Plot|p1b: Gholdengo\n|-boost|p1b: Gholdengo|spa|2\n|move|p2b: Dragonite|Scale Shot|p1a: Magmar\n|-crit|p1a: Magmar\n|-damage|p1a: Magmar|27\/100\n|-damage|p1a: Magmar|19\/100\n|-damage|p1a: Magmar|12\/100\n|-damage|p1a: Magmar|4\/100\n|-damage|p1a: Magmar|0 fnt\n|faint|p1a: Magmar\n|-hitcount|p1: Magmar|5\n|-unboost|p2b: Dragonite|def|1\n|-boost|p2b: Dragonite|spe|1\n|\n|-damage|p2b: Dragonite|95\/100 brn|[from] brn\n|upkeep\n|turn|7\n|\n|t:|1733034330\n|move|p2b: Dragonite|Scale Shot|p1b: Gholdengo|[miss]\n|-miss|p2b: Dragonite|p1b: Gholdengo\n|move|p1b: Gholdengo|Shadow Ball|p2b: Dragonite\n|-damage|p2b: Dragonite|32\/100 brn\n|\n|-damage|p2b: Dragonite|26\/100 brn|[from] brn\n|-fieldend|move: Psychic Terrain\n|upkeep\n|turn|8\n|\n|t:|1733034334\n|move|p2b: Dragonite|Scale Shot|p1b: Gholdengo|[miss]\n|-miss|p2b: Dragonite|p1b: Gholdengo\n|move|p1b: Gholdengo|Shadow Ball|p2b: Dragonite\n|-damage|p2b: Dragonite|0 fnt\n|faint|p2b: Dragonite\n|\n|win|magnusmagnum\n|raw|magnusmagnum's rating: 1772 &rarr; <strong>1789<\/strong><br \/>(+17 for winning)\n|raw|zimuxiao's rating: 1725 &rarr; <strong>1708<\/strong><br \/>(-17 for losing)\n|l|\u2606magnusmagnum\n|player|p1|\n","uploadtime":1733034565,"views":15,"formatid":"gen9vgc2024regh","rating":1708,"private":0,"password":null}