{"id":"gen9vgc2024regh-2254078090","format":"[Gen 9] VGC 2024 Reg H","players":["RadiumToad","judang"],"log":"|j|\u2606RadiumToad\n|j|\u2606judang\n|t:|1732988529\n|gametype|doubles\n|player|p1|RadiumToad|janine|1711\n|player|p2|judang|ruinmaniac|1691\n|teamsize|p1|6\n|teamsize|p2|6\n|gen|9\n|tier|[Gen 9] VGC 2024 Reg H\n|rated|\n|rule|Species Clause: Limit one of each Pok\u00e9mon\n|rule|Item Clause: Limit 1 of each item\n|clearpoke\n|poke|p1|Poliwrath, L50, F|\n|poke|p1|Pelipper, L50, M|\n|poke|p1|Indeedee-F, L50, F|\n|poke|p1|Braviary-Hisui, L50, M|\n|poke|p1|Annihilape, L50, F|\n|poke|p1|Incineroar, L50, F|\n|poke|p2|Torkoal, L50, F|\n|poke|p2|Lilligant-Hisui, L50, F|\n|poke|p2|Farigiraf, L50, F|\n|poke|p2|Ursaluna-Bloodmoon, L50, M|\n|poke|p2|Malamar, L50, F|\n|poke|p2|Dragapult, L50, F|\n|teampreview|4\n|\n|t:|1732988582\n|start\n|switch|p1a: Annihilape|Annihilape, L50, F|100\/100\n|switch|p1b: Indeedee|Indeedee-F, L50, F|100\/100\n|switch|p2a: Ursaluna|Ursaluna-Bloodmoon, L50, M|100\/100\n|switch|p2b: Malamar|Malamar, L50, F|100\/100\n|-fieldstart|move: Psychic Terrain|[from] ability: Psychic Surge|[of] p1b: Indeedee\n|turn|1\n|\n|t:|1732988605\n|move|p1a: Annihilape|Final Gambit|p2b: Malamar\n|-damage|p2b: Malamar|0 fnt\n|faint|p1a: Annihilape\n|faint|p2b: Malamar\n|move|p1b: Indeedee|Psychic|p2a: Ursaluna\n|-damage|p2a: Ursaluna|77\/100\n|move|p2a: Ursaluna|Blood Moon|p1b: Indeedee\n|-damage|p1b: Indeedee|30\/100\n|\n|upkeep\n|\n|t:|1732988620\n|switch|p1a: Braviary|Braviary-Hisui, L50, M|100\/100\n|switch|p2b: Dragapult|Dragapult, L50, F|100\/100\n|turn|2\n|\n|t:|1732988670\n|-terastallize|p1a: Braviary|Psychic\n|move|p1b: Indeedee|Follow Me|p1b: Indeedee\n|-singleturn|p1b: Indeedee|move: Follow Me\n|move|p2b: Dragapult|Phantom Force||[still]\n|-prepare|p2b: Dragapult|Phantom Force\n|move|p2a: Ursaluna|Hyper Voice|p1b: Indeedee|[spread] p1a,p1b\n|-damage|p1a: Braviary|55\/100\n|-damage|p1b: Indeedee|0 fnt\n|faint|p1b: Indeedee\n|move|p1a: Braviary|Expanding Force|p2a: Ursaluna|[spread] p2a\n|-miss|p1a: Braviary|p2b: Dragapult\n|-damage|p2a: Ursaluna|5\/100\n|-damage|p1a: Braviary|45\/100|[from] item: Life Orb\n|\n|upkeep\n|\n|t:|1732988678\n|switch|p1b: Pelipper|Pelipper, L50, M|100\/100\n|-weather|RainDance|[from] ability: Drizzle|[of] p1b: Pelipper\n|turn|3\n|\n|t:|1732988694\n|move|p2a: Ursaluna|Vacuum Wave|p1b: Pelipper\n|-hint|Psychic Terrain doesn't affect Pok\u00e9mon immune to Ground.\n|-resisted|p1b: Pelipper\n|-damage|p1b: Pelipper|89\/100\n|move|p2b: Dragapult|Phantom Force|p1a: Braviary|[from]lockedmove\n|-supereffective|p1a: Braviary\n|-damage|p1a: Braviary|0 fnt\n|faint|p1a: Braviary\n|move|p1b: Pelipper|Surf|p2a: Ursaluna|[spread] p2a,p2b\n|-supereffective|p2a: Ursaluna\n|-resisted|p2b: Dragapult\n|-damage|p2a: Ursaluna|0 fnt\n|-damage|p2b: Dragapult|66\/100\n|faint|p2a: Ursaluna\n|\n|-weather|RainDance|[upkeep]\n|upkeep\n|\n|t:|1732988703\n|switch|p2a: Torkoal|Torkoal, L50, F|100\/100\n|-weather|SunnyDay|[from] ability: Drought|[of] p2a: Torkoal\n|turn|4\n|\n|t:|1732988711\n|move|p2a: Torkoal|Protect|p2a: Torkoal\n|-singleturn|p2a: Torkoal|Protect\n|move|p2b: Dragapult|Phantom Force||[still]\n|-prepare|p2b: Dragapult|Phantom Force\n|move|p1b: Pelipper|Hurricane|p2a: Torkoal\n|-activate|p2a: Torkoal|move: Protect\n|\n|-weather|SunnyDay|[upkeep]\n|upkeep\n|turn|5\n|\n|t:|1732988723\n|move|p2b: Dragapult|Phantom Force|p1b: Pelipper|[from]lockedmove\n|-damage|p1b: Pelipper|15\/100\n|move|p1b: Pelipper|Hurricane|p2b: Dragapult|[miss]\n|-miss|p1b: Pelipper|p2b: Dragapult\n|move|p2a: Torkoal|Flamethrower|p1b: Pelipper\n|-resisted|p1b: Pelipper\n|-damage|p1b: Pelipper|0 fnt\n|faint|p1b: Pelipper\n|\n|win|judang\n|raw|RadiumToad's rating: 1711 &rarr; <strong>1690<\/strong><br \/>(-21 for losing)\n|raw|judang's rating: 1691 &rarr; <strong>1712<\/strong><br \/>(+21 for winning)\n|c|\u2606RadiumToad|Gg\n|l|\u2606RadiumToad\n|player|p1|\n|c|\u2606judang|Thxgg\n","uploadtime":1732988947,"views":9,"formatid":"gen9vgc2024regh","rating":1690,"private":0,"password":null}