{"id":"gen9vgc2024regh-2254694912","format":"[Gen 9] VGC 2024 Reg H","players":["Estarossa_152","ren122333"],"log":"|j|\u2606Estarossa_152\n|j|\u2606ren122333\n|t:|1733080408\n|gametype|doubles\n|player|p1|Estarossa_152|1|1672\n|player|p2|ren122333|hilbert|1747\n|teamsize|p1|6\n|teamsize|p2|6\n|gen|9\n|tier|[Gen 9] VGC 2024 Reg H\n|rated|\n|rule|Species Clause: Limit one of each Pok\u00e9mon\n|rule|Item Clause: Limit 1 of each item\n|clearpoke\n|poke|p1|Dragonite, L50, M|\n|poke|p1|Ninetales-Alola, L50, F|\n|poke|p1|Incineroar, L50, M|\n|poke|p1|Gholdengo, L50|\n|poke|p1|Amoonguss, L50, M|\n|poke|p1|Basculegion, L50, M|\n|poke|p2|Whimsicott, L50, F|\n|poke|p2|Mamoswine, L50, M|\n|poke|p2|Lycanroc-Dusk, L50, M|\n|poke|p2|Typhlosion-Hisui, L50, F|\n|poke|p2|Farigiraf, L50, M|\n|poke|p2|Mienshao, L50, M|\n|teampreview|4\n|inactive|Battle timer is ON: inactive players will automatically lose when time's up. (requested by ren122333)\n|\n|t:|1733080434\n|start\n|switch|p1a: Basculegion|Basculegion, L50, M, shiny|100\/100\n|switch|p1b: Dragonite|Dragonite, L50, M, shiny|100\/100\n|switch|p2a: Whimsicott|Whimsicott, L50, F|100\/100\n|switch|p2b: Mienshao|Mienshao, L50, M|100\/100\n|turn|1\n|inactive|ren122333 has 30 seconds left.\n|\n|t:|1733080463\n|move|p1b: Dragonite|Protect|p1b: Dragonite\n|-singleturn|p1b: Dragonite|Protect\n|move|p1a: Basculegion|Flip Turn|p2b: Mienshao\n|-damage|p2b: Mienshao|31\/100\n|\n|t:|1733080469\n|switch|p1a: Gholdengo|Gholdengo, L50|100\/100|[from] Flip Turn\n|move|p2a: Whimsicott|Moonblast|p1b: Dragonite\n|-activate|p1b: Dragonite|move: Protect\n|move|p2b: Mienshao|Ice Spinner|p1b: Dragonite\n|-activate|p1b: Dragonite|move: Protect\n|\n|upkeep\n|turn|2\n|\n|t:|1733080488\n|switch|p2b: Typhlosion|Typhlosion-Hisui, L50, F|100\/100\n|-item|p1a: Gholdengo|Leftovers|[from] ability: Frisk|[of] p2b: Typhlosion\n|-item|p1b: Dragonite|Loaded Dice|[from] ability: Frisk|[of] p2b: Typhlosion\n|move|p1b: Dragonite|Extreme Speed|p2b: Typhlosion\n|-immune|p2b: Typhlosion\n|move|p2a: Whimsicott|Moonblast|p1b: Dragonite\n|-supereffective|p1b: Dragonite\n|-damage|p1b: Dragonite|66\/100\n|-unboost|p1b: Dragonite|spa|1\n|move|p1a: Gholdengo|Nasty Plot|p1a: Gholdengo\n|-boost|p1a: Gholdengo|spa|2\n|\n|upkeep\n|turn|3\n|\n|t:|1733080507\n|switch|p1b: Incineroar|Incineroar, L50, M, shiny|100\/100\n|-ability|p1b: Incineroar|Intimidate|boost\n|-unboost|p2a: Whimsicott|atk|1\n|-unboost|p2b: Typhlosion|atk|1\n|-terastallize|p2a: Whimsicott|Ghost\n|move|p1a: Gholdengo|Protect|p1a: Gholdengo\n|-singleturn|p1a: Gholdengo|Protect\n|move|p2a: Whimsicott|Encore|p1b: Incineroar\n|-hint|Since gen 7, Dark is immune to Prankster moves.\n|-immune|p1b: Incineroar\n|move|p2b: Typhlosion|Eruption|p1b: Incineroar|[spread] p1b\n|-activate|p1a: Gholdengo|move: Protect\n|-resisted|p1b: Incineroar\n|-damage|p1b: Incineroar|64\/100\n|\n|upkeep\n|turn|4\n|\n|t:|1733080526\n|switch|p2b: Mienshao|Mienshao, L50, M|31\/100\n|-terastallize|p1a: Gholdengo|Water\n|move|p2a: Whimsicott|Moonblast|p1b: Incineroar\n|-damage|p1b: Incineroar|35\/100\n|-unboost|p1b: Incineroar|spa|1\n|move|p1a: Gholdengo|Make It Rain|p2b: Mienshao|[spread] p2a,p2b\n|-enditem|p2a: Whimsicott|Focus Sash\n|-damage|p2a: Whimsicott|1\/100\n|-damage|p2b: Mienshao|0 fnt\n|-unboost|p1a: Gholdengo|spa|1\n|faint|p2b: Mienshao\n|move|p1b: Incineroar|Knock Off|p2a: Whimsicott\n|-supereffective|p2a: Whimsicott\n|-damage|p2a: Whimsicott|0 fnt\n|faint|p2a: Whimsicott\n|\n|upkeep\n|\n|t:|1733080537\n|switch|p2a: Mamoswine|Mamoswine, L50, M|100\/100\n|switch|p2b: Typhlosion|Typhlosion-Hisui, L50, F|100\/100\n|-item|p1a: Gholdengo|Leftovers|[from] ability: Frisk|[of] p2b: Typhlosion\n|-item|p1b: Incineroar|Safety Goggles|[from] ability: Frisk|[of] p2b: Typhlosion\n|turn|5\n|\n|t:|1733080555\n|move|p1a: Gholdengo|Protect|p1a: Gholdengo\n|-singleturn|p1a: Gholdengo|Protect\n|move|p2b: Typhlosion|Eruption|p1a: Gholdengo|[spread] p1b\n|-activate|p1a: Gholdengo|move: Protect\n|-resisted|p1b: Incineroar\n|-damage|p1b: Incineroar|3\/100\n|move|p2a: Mamoswine|High Horsepower|p1a: Gholdengo\n|-activate|p1a: Gholdengo|move: Protect\n|move|p1b: Incineroar|Knock Off|p2b: Typhlosion\n|-supereffective|p2b: Typhlosion\n|-damage|p2b: Typhlosion|0 fnt\n|-enditem|p2b: Typhlosion|Choice Specs|[from] move: Knock Off|[of] p1b: Incineroar\n|faint|p2b: Typhlosion\n|\n|upkeep\n|turn|6\n|-message|ren122333 forfeited.\n|\n|win|Estarossa_152\n|raw|Estarossa_152's rating: 1672 &rarr; <strong>1696<\/strong><br \/>(+24 for winning)\n|raw|ren122333's rating: 1747 &rarr; <strong>1723<\/strong><br \/>(-24 for losing)\n|l|\u2606ren122333\n|player|p2|\n|l|\u2606Estarossa_152\n|player|p1|\n","uploadtime":1733080788,"views":6,"formatid":"gen9vgc2024regh","rating":1696,"private":0,"password":null}