{"id":"gen9vgc2024regh-2254127348","format":"[Gen 9] VGC 2024 Reg H","players":["AZUNA_Fan","chin8"],"log":"|j|\u2606AZUNA_Fan\n|j|\u2606chin8\n|t:|1732994575\n|gametype|doubles\n|player|p1|AZUNA_Fan|1|1746\n|player|p2|chin8|gentleman-gen4dp|1686\n|teamsize|p1|6\n|teamsize|p2|6\n|gen|9\n|tier|[Gen 9] VGC 2024 Reg H\n|rated|\n|rule|Species Clause: Limit one of each Pok\u00e9mon\n|rule|Item Clause: Limit 1 of each item\n|clearpoke\n|poke|p1|Dragonite, L50, M|\n|poke|p1|Gholdengo, L50|\n|poke|p1|Magmar, L50, M|\n|poke|p1|Meowscarada, L50, F|\n|poke|p1|Perrserker, L50, M|\n|poke|p1|Primarina, L50, M|\n|poke|p2|Baxcalibur, L50, M|\n|poke|p2|Kilowattrel, L50, F|\n|poke|p2|Granbull, L50, M|\n|poke|p2|Gardevoir, L50, M|\n|poke|p2|Magmortar, L50, M|\n|poke|p2|Gholdengo, L50|\n|teampreview|4\n|inactive|Battle timer is ON: inactive players will automatically lose when time's up. (requested by chin8)\n|\n|t:|1732994610\n|start\n|switch|p1a: Meowscarada|Meowscarada, L50, F|100\/100\n|switch|p1b: Primarina|Primarina, L50, M|100\/100\n|switch|p2a: Kilowattrel|Kilowattrel, L50, F|100\/100\n|switch|p2b: Baxcalibur|Baxcalibur, L50, M|100\/100\n|turn|1\n|inactive|AZUNA_Fan has 30 seconds left.\n|\n|t:|1732994635\n|move|p2b: Baxcalibur|Ice Shard|p1a: Meowscarada\n|-supereffective|p1a: Meowscarada\n|-damage|p1a: Meowscarada|24\/100\n|move|p2a: Kilowattrel|Thunderbolt|p1a: Meowscarada\n|-resisted|p1a: Meowscarada\n|-crit|p1a: Meowscarada\n|-damage|p1a: Meowscarada|0 fnt\n|faint|p1a: Meowscarada\n|move|p1b: Primarina|Water Pledge|p2a: Kilowattrel\n|-enditem|p2a: Kilowattrel|Focus Sash\n|-damage|p2a: Kilowattrel|1\/100\n|-damage|p1b: Primarina|91\/100|[from] item: Life Orb\n|\n|upkeep\n|\n|t:|1732994650\n|switch|p1a: Gholdengo|Gholdengo, L50|100\/100\n|turn|2\n|inactive|AZUNA_Fan has 30 seconds left.\n|\n|t:|1732994678\n|-terastallize|p2b: Baxcalibur|Ground\n|move|p2a: Kilowattrel|Tailwind|p2a: Kilowattrel\n|-sidestart|p2: chin8|move: Tailwind\n|move|p2b: Baxcalibur|Earthquake|p1b: Primarina|[spread] p1a,p1b\n|-immune|p2a: Kilowattrel\n|-supereffective|p1a: Gholdengo\n|-damage|p1a: Gholdengo|12\/100\n|-damage|p1b: Primarina|31\/100\n|move|p1a: Gholdengo|Make It Rain|p2a: Kilowattrel|[spread] p2a,p2b\n|-resisted|p2a: Kilowattrel\n|-damage|p2a: Kilowattrel|0 fnt\n|-damage|p2b: Baxcalibur|60\/100\n|-unboost|p1a: Gholdengo|spa|1\n|faint|p2a: Kilowattrel\n|move|p1b: Primarina|Hyper Voice|p2b: Baxcalibur\n|-supereffective|p2b: Baxcalibur\n|-damage|p2b: Baxcalibur|0 fnt\n|faint|p2b: Baxcalibur\n|-damage|p1b: Primarina|21\/100|[from] item: Life Orb\n|\n|upkeep\n|\n|t:|1732994688\n|switch|p2a: Magmortar|Magmortar, L50, M|100\/100\n|switch|p2b: Gholdengo|Gholdengo, L50|100\/100\n|turn|3\n|\n|t:|1732994705\n|move|p1b: Primarina|Protect|p1b: Primarina\n|-singleturn|p1b: Primarina|Protect\n|move|p2b: Gholdengo|Shadow Ball|p1b: Primarina\n|-activate|p1b: Primarina|move: Protect\n|move|p2a: Magmortar|Heat Wave|p1b: Primarina|[spread] \n|-activate|p1b: Primarina|move: Protect\n|-miss|p2a: Magmortar|p1a: Gholdengo\n|move|p1a: Gholdengo|Make It Rain|p2b: Gholdengo|[spread] p2a,p2b\n|-resisted|p2a: Magmortar\n|-resisted|p2b: Gholdengo\n|-damage|p2a: Magmortar|76\/100\n|-damage|p2b: Gholdengo|77\/100\n|-unboost|p1a: Gholdengo|spa|1\n|\n|-heal|p2b: Gholdengo|83\/100|[from] item: Leftovers\n|upkeep\n|turn|4\n|\n|t:|1732994724\n|move|p1b: Primarina|Protect||[still]\n|-fail|p1b: Primarina\n|move|p2b: Gholdengo|Shadow Ball|p1b: Primarina\n|-damage|p1b: Primarina|0 fnt\n|faint|p1b: Primarina\n|move|p2a: Magmortar|Heat Wave|p1a: Gholdengo|[miss]\n|-miss|p2a: Magmortar|p1a: Gholdengo\n|move|p1a: Gholdengo|Make It Rain|p2a: Magmortar|[spread] p2a,p2b\n|-resisted|p2a: Magmortar\n|-crit|p2a: Magmortar\n|-resisted|p2b: Gholdengo\n|-damage|p2a: Magmortar|20\/100\n|-damage|p2b: Gholdengo|66\/100\n|-unboost|p1a: Gholdengo|spa|1\n|-enditem|p2a: Magmortar|Sitrus Berry|[eat]\n|-heal|p2a: Magmortar|45\/100|[from] item: Sitrus Berry\n|\n|-heal|p2b: Gholdengo|72\/100|[from] item: Leftovers\n|upkeep\n|\n|t:|1732994744\n|switch|p1b: Dragonite|Dragonite, L50, M|100\/100\n|turn|5\n|\n|t:|1732994753\n|move|p2b: Gholdengo|Make It Rain|p1a: Gholdengo|[spread] p1a,p1b\n|-resisted|p1a: Gholdengo\n|-crit|p1b: Dragonite\n|-damage|p1a: Gholdengo|0 fnt\n|-damage|p1b: Dragonite|58\/100\n|-unboost|p2b: Gholdengo|spa|1\n|faint|p1a: Gholdengo\n|move|p2a: Magmortar|Heat Wave|p1b: Dragonite\n|-resisted|p1b: Dragonite\n|-damage|p1b: Dragonite|36\/100\n|move|p1b: Dragonite|Scale Shot|p2a: Magmortar\n|-damage|p2a: Magmortar|29\/100\n|-damage|p2a: Magmortar|12\/100\n|-damage|p2a: Magmortar|0 fnt\n|faint|p2a: Magmortar\n|-hitcount|p2: Magmortar|3\n|-unboost|p1b: Dragonite|def|1\n|-boost|p1b: Dragonite|spe|1\n|\n|-heal|p2b: Gholdengo|78\/100|[from] item: Leftovers\n|-sideend|p2: chin8|move: Tailwind\n|upkeep\n|turn|6\n|inactive|AZUNA_Fan has 30 seconds left.\n|inactive|chin8 has 30 seconds left.\n|inactive|chin8 has 20 seconds left.\n|inactive|chin8 has 15 seconds left.\n|\n|t:|1732994793\n|move|p1b: Dragonite|Scale Shot|p2b: Gholdengo\n|-resisted|p2b: Gholdengo\n|-damage|p2b: Gholdengo|71\/100\n|-resisted|p2b: Gholdengo\n|-damage|p2b: Gholdengo|63\/100\n|-resisted|p2b: Gholdengo\n|-damage|p2b: Gholdengo|57\/100\n|-resisted|p2b: Gholdengo\n|-damage|p2b: Gholdengo|50\/100\n|-hitcount|p2b: Gholdengo|4\n|-unboost|p1b: Dragonite|def|1\n|-boost|p1b: Dragonite|spe|1\n|move|p2b: Gholdengo|Make It Rain|p1b: Dragonite\n|-damage|p1b: Dragonite|0 fnt\n|-unboost|p2b: Gholdengo|spa|1\n|faint|p1b: Dragonite\n|\n|win|chin8\n|raw|AZUNA_Fan's rating: 1746 &rarr; <strong>1723<\/strong><br \/>(-23 for losing)\n|raw|chin8's rating: 1686 &rarr; <strong>1709<\/strong><br \/>(+23 for winning)\n|l|\u2606chin8\n|player|p2|\n|l|\u2606AZUNA_Fan\n|player|p1|\n","uploadtime":1732995042,"views":10,"formatid":"gen9vgc2024regh","rating":1709,"private":0,"password":null}