{"id":"gen9vgc2024regh-2254691332","format":"[Gen 9] VGC 2024 Reg H","players":["Diestoise","ren122333"],"log":"|j|\u2606Diestoise\n|j|\u2606ren122333\n|t:|1733080001\n|gametype|doubles\n|player|p1|Diestoise|blue|1636\n|player|p2|ren122333|hilbert|1765\n|teamsize|p1|6\n|teamsize|p2|6\n|gen|9\n|tier|[Gen 9] VGC 2024 Reg H\n|rated|\n|rule|Species Clause: Limit one of each Pok\u00e9mon\n|rule|Item Clause: Limit 1 of each item\n|clearpoke\n|poke|p1|Tyranitar, L50, F|\n|poke|p1|Garchomp, L50, F|\n|poke|p1|Hydreigon, L50, M|\n|poke|p1|Primarina, L50, M|\n|poke|p1|Gholdengo, L50|\n|poke|p1|Amoonguss, L50, M|\n|poke|p2|Whimsicott, L50, F|\n|poke|p2|Mamoswine, L50, M|\n|poke|p2|Lycanroc-Dusk, L50, F|\n|poke|p2|Typhlosion-Hisui, L50, M|\n|poke|p2|Farigiraf, L50, F|\n|poke|p2|Mienshao, L50, M|\n|teampreview|4\n|inactive|Battle timer is ON: inactive players will automatically lose when time's up. (requested by ren122333)\n|\n|t:|1733080044\n|start\n|switch|p1a: Primarina|Primarina, L50, M, shiny|100\/100\n|switch|p1b: Tyranitar|Tyranitar, L50, F|100\/100\n|switch|p2a: Whimsicott|Whimsicott, L50, F|100\/100\n|switch|p2b: Mamoswine|Mamoswine, L50, M|100\/100\n|-weather|Sandstorm|[from] ability: Sand Stream|[of] p1b: Tyranitar\n|turn|1\n|\n|t:|1733080063\n|switch|p1b: Amoonguss|Amoonguss, L50, M|100\/100\n|-terastallize|p2b: Mamoswine|Grass\n|move|p2a: Whimsicott|Tailwind|p2a: Whimsicott\n|-sidestart|p2: ren122333|move: Tailwind\n|move|p2b: Mamoswine|Tera Blast|p1a: Primarina|[anim] Tera Blast Grass\n|-supereffective|p1a: Primarina\n|-damage|p1a: Primarina|0 fnt\n|faint|p1a: Primarina\n|\n|-weather|Sandstorm|[upkeep]\n|-damage|p2a: Whimsicott|95\/100|[from] Sandstorm\n|-damage|p2b: Mamoswine|95\/100|[from] Sandstorm\n|-damage|p1b: Amoonguss|95\/100|[from] Sandstorm\n|upkeep\n|\n|t:|1733080079\n|switch|p1a: Gholdengo|Gholdengo, L50|100\/100\n|turn|2\n|\n|t:|1733080086\n|move|p1a: Gholdengo|Protect|p1a: Gholdengo\n|-singleturn|p1a: Gholdengo|Protect\n|move|p2a: Whimsicott|Moonblast|p1a: Gholdengo\n|-activate|p1a: Gholdengo|move: Protect\n|move|p2b: Mamoswine|High Horsepower|p1a: Gholdengo\n|-activate|p1a: Gholdengo|move: Protect\n|move|p1b: Amoonguss|Pollen Puff|p2b: Mamoswine\n|-supereffective|p2b: Mamoswine\n|-damage|p2b: Mamoswine|42\/100\n|\n|-weather|Sandstorm|[upkeep]\n|-damage|p2a: Whimsicott|89\/100|[from] Sandstorm\n|-damage|p2b: Mamoswine|36\/100|[from] Sandstorm\n|-damage|p1b: Amoonguss|89\/100|[from] Sandstorm\n|upkeep\n|turn|3\n|\n|t:|1733080109\n|-terastallize|p1a: Gholdengo|Flying\n|move|p2a: Whimsicott|Moonblast|p1a: Gholdengo\n|-damage|p1a: Gholdengo|61\/100\n|move|p2b: Mamoswine|High Horsepower|p1a: Gholdengo\n|-immune|p1a: Gholdengo\n|move|p1a: Gholdengo|Make It Rain|p2a: Whimsicott|[spread] p2a,p2b\n|-supereffective|p2a: Whimsicott\n|-damage|p2a: Whimsicott|0 fnt\n|-damage|p2b: Mamoswine|0 fnt\n|-unboost|p1a: Gholdengo|spa|1\n|faint|p2a: Whimsicott\n|faint|p2b: Mamoswine\n|-damage|p1a: Gholdengo|52\/100|[from] item: Life Orb\n|move|p1b: Amoonguss|Pollen Puff|p1a: Gholdengo\n|-heal|p1a: Gholdengo|100\/100\n|\n|-weather|Sandstorm|[upkeep]\n|-damage|p1a: Gholdengo|94\/100|[from] Sandstorm\n|-damage|p1b: Amoonguss|83\/100|[from] Sandstorm\n|upkeep\n|\n|t:|1733080114\n|switch|p2a: Typhlosion|Typhlosion-Hisui, L50, M|100\/100\n|switch|p2b: Mienshao|Mienshao, L50, M|100\/100\n|-item|p1a: Gholdengo|Life Orb|[from] ability: Frisk|[of] p2a: Typhlosion\n|-item|p1b: Amoonguss|Sitrus Berry|[from] ability: Frisk|[of] p2a: Typhlosion\n|turn|4\n|inactive|Diestoise has 30 seconds left.\n|inactive|Diestoise has 20 seconds left.\n|\n|t:|1733080150\n|switch|p1a: Tyranitar|Tyranitar, L50, F|100\/100\n|move|p1b: Amoonguss|Protect|p1b: Amoonguss\n|-singleturn|p1b: Amoonguss|Protect\n|move|p2b: Mienshao|Ice Spinner|p1a: Tyranitar\n|-damage|p1a: Tyranitar|74\/100\n|-damage|p2b: Mienshao|91\/100|[from] item: Life Orb\n|move|p2a: Typhlosion|Eruption|p1a: Tyranitar|[spread] p1a\n|-activate|p1b: Amoonguss|move: Protect\n|-resisted|p1a: Tyranitar\n|-damage|p1a: Tyranitar|61\/100\n|\n|-weather|Sandstorm|[upkeep]\n|-damage|p2b: Mienshao|85\/100|[from] Sandstorm\n|-damage|p2a: Typhlosion|94\/100|[from] Sandstorm\n|-damage|p1b: Amoonguss|77\/100|[from] Sandstorm\n|-sideend|p2: ren122333|move: Tailwind\n|upkeep\n|turn|5\n|\n|t:|1733080170\n|move|p2b: Mienshao|Wide Guard|p2b: Mienshao\n|-singleturn|p2b: Mienshao|Wide Guard\n|move|p1b: Amoonguss|Rage Powder|p1b: Amoonguss\n|-singleturn|p1b: Amoonguss|move: Rage Powder\n|move|p2a: Typhlosion|Eruption|p1a: Tyranitar|[spread] p1a,p1b\n|-resisted|p1a: Tyranitar\n|-supereffective|p1b: Amoonguss\n|-damage|p1a: Tyranitar|51\/100\n|-damage|p1b: Amoonguss|0 fnt\n|faint|p1b: Amoonguss\n|move|p1a: Tyranitar|Knock Off|p2a: Typhlosion\n|-supereffective|p2a: Typhlosion\n|-damage|p2a: Typhlosion|0 fnt\n|-enditem|p2a: Typhlosion|Choice Specs|[from] move: Knock Off|[of] p1a: Tyranitar\n|faint|p2a: Typhlosion\n|\n|-weather|none\n|upkeep\n|\n|t:|1733080181\n|switch|p1b: Gholdengo|Gholdengo, L50, tera:Flying|94\/100\n|turn|6\n|\n|t:|1733080190\n|move|p2b: Mienshao|Ice Spinner|p1b: Gholdengo\n|-supereffective|p1b: Gholdengo\n|-damage|p1b: Gholdengo|26\/100\n|-damage|p2b: Mienshao|75\/100|[from] item: Life Orb\n|move|p1b: Gholdengo|Shadow Ball|p2b: Mienshao\n|-damage|p2b: Mienshao|0 fnt\n|faint|p2b: Mienshao\n|-damage|p1b: Gholdengo|16\/100|[from] item: Life Orb\n|\n|win|Diestoise\n|raw|Diestoise's rating: 1636 &rarr; <strong>1663<\/strong><br \/>(+27 for winning)\n|raw|ren122333's rating: 1765 &rarr; <strong>1738<\/strong><br \/>(-27 for losing)\n|l|\u2606ren122333\n|player|p2|\n|l|\u2606Diestoise\n|player|p1|\n","uploadtime":1733080379,"views":6,"formatid":"gen9vgc2024regh","rating":1663,"private":0,"password":null}