{"id":"gen9vgc2024regh-2254299736","format":"[Gen 9] VGC 2024 Reg H","players":["QuinlanBuilds","futonkagebunshin"],"log":"|j|\u2606QuinlanBuilds\n|j|\u2606futonkagebunshin\n|t:|1733016587\n|gametype|doubles\n|player|p1|QuinlanBuilds|265|1689\n|player|p2|futonkagebunshin|policeman-gen4|1755\n|teamsize|p1|6\n|teamsize|p2|6\n|gen|9\n|tier|[Gen 9] VGC 2024 Reg H\n|rated|\n|rule|Species Clause: Limit one of each Pok\u00e9mon\n|rule|Item Clause: Limit 1 of each item\n|clearpoke\n|poke|p1|Volbeat, L50, M|\n|poke|p1|Primarina, L50, F|\n|poke|p1|Espathra, L50, M|\n|poke|p1|Typhlosion-Hisui, L50, M|\n|poke|p1|Indeedee-F, L50, F|\n|poke|p1|Archaludon, L50, F|\n|poke|p2|Whimsicott, L50, F|\n|poke|p2|Chandelure, L50, M|\n|poke|p2|Pelipper, L50, F|\n|poke|p2|Archaludon, L50, F|\n|poke|p2|Overqwil, L50, M|\n|poke|p2|Annihilape, L50, F|\n|teampreview|4\n|inactive|Battle timer is ON: inactive players will automatically lose when time's up. (requested by QuinlanBuilds)\n|\n|t:|1733016624\n|start\n|switch|p1a: Primarina|Primarina, L50, F|100\/100\n|switch|p1b: Volbeat|Volbeat, L50, M|100\/100\n|switch|p2a: Whimsicott|Whimsicott, L50, F|100\/100\n|switch|p2b: Chandelure|Chandelure, L50, M|100\/100\n|turn|1\n|inactive|QuinlanBuilds has 30 seconds left.\n|inactive|futonkagebunshin has 30 seconds left.\n|inactive|QuinlanBuilds has 20 seconds left.\n|\n|t:|1733016663\n|-terastallize|p1a: Primarina|Steel\n|-terastallize|p2b: Chandelure|Grass\n|move|p2a: Whimsicott|Tailwind|p2a: Whimsicott\n|-sidestart|p2: futonkagebunshin|move: Tailwind\n|move|p1b: Volbeat|Encore|p2a: Whimsicott\n|-start|p2a: Whimsicott|Encore\n|move|p2b: Chandelure|Trick|p1b: Volbeat\n|-activate|p2b: Chandelure|move: Trick|[of] p1b: Volbeat\n|-item|p1b: Volbeat|Choice Specs|[from] move: Trick\n|-item|p2b: Chandelure|Coba Berry|[from] move: Trick\n|move|p1a: Primarina|Moonblast|p2b: Chandelure\n|-damage|p2b: Chandelure|15\/100\n|\n|upkeep\n|turn|2\n|inactive|futonkagebunshin has 30 seconds left.\n|\n|t:|1733016689\n|switch|p2a: Archaludon|Archaludon, L50, F|100\/100\n|move|p1b: Volbeat|Tailwind|p1b: Volbeat\n|-sidestart|p1: QuinlanBuilds|move: Tailwind\n|move|p1a: Primarina|Moonblast|p2b: Chandelure\n|-damage|p2b: Chandelure|0 fnt\n|faint|p2b: Chandelure\n|\n|upkeep\n|\n|t:|1733016706\n|switch|p2b: Pelipper|Pelipper, L50, F|100\/100\n|-weather|RainDance|[from] ability: Drizzle|[of] p2b: Pelipper\n|turn|3\n|\n|t:|1733016721\n|switch|p1b: Archaludon|Archaludon, L50, F|100\/100\n|move|p1a: Primarina|Moonblast|p2b: Pelipper\n|-damage|p2b: Pelipper|2\/100\n|move|p2a: Archaludon|Electro Shot||[still]\n|-prepare|p2a: Archaludon|Electro Shot\n|-boost|p2a: Archaludon|spa|1\n|-anim|p2a: Archaludon|Electro Shot|p1a: Primarina\n|-damage|p1a: Primarina|31\/100\n|move|p2b: Pelipper|Weather Ball|p1a: Primarina\n|-crit|p1a: Primarina\n|-damage|p1a: Primarina|0 fnt\n|faint|p1a: Primarina\n|\n|-weather|RainDance|[upkeep]\n|upkeep\n|\n|t:|1733016739\n|switch|p1a: Volbeat|Volbeat, L50, M|100\/100\n|turn|4\n|\n|t:|1733016762\n|switch|p2b: Whimsicott|Whimsicott, L50, F|100\/100\n|move|p1a: Volbeat|Sunny Day|p1a: Volbeat\n|-weather|SunnyDay\n|move|p1b: Archaludon|Electro Shot||[still]\n|-prepare|p1b: Archaludon|Electro Shot\n|-boost|p1b: Archaludon|spa|1\n|-enditem|p1b: Archaludon|Power Herb\n|-anim|p1b: Archaludon|Electro Shot|p2b: Whimsicott\n|-resisted|p2b: Whimsicott\n|-damage|p2b: Whimsicott|49\/100\n|move|p2a: Archaludon|Electro Shot||[still]\n|-prepare|p2a: Archaludon|Electro Shot\n|-boost|p2a: Archaludon|spa|1\n|\n|-weather|SunnyDay|[upkeep]\n|-sideend|p2: futonkagebunshin|move: Tailwind\n|upkeep\n|turn|5\n|\n|t:|1733016783\n|switch|p1a: Espathra|Espathra, L50, M|100\/100\n|move|p2b: Whimsicott|Tailwind|p2b: Whimsicott\n|-sidestart|p2: futonkagebunshin|move: Tailwind\n|move|p1b: Archaludon|Aura Sphere|p2a: Archaludon\n|-supereffective|p2a: Archaludon\n|-damage|p2a: Archaludon|37\/100\n|-ability|p2a: Archaludon|Stamina|boost\n|-boost|p2a: Archaludon|def|1\n|move|p2a: Archaludon|Electro Shot|p1a: Espathra|[from]lockedmove\n|-enditem|p1a: Espathra|Focus Sash\n|-damage|p1a: Espathra|1\/100\n|\n|-weather|SunnyDay|[upkeep]\n|-sideend|p1: QuinlanBuilds|move: Tailwind\n|upkeep\n|turn|6\n|inactive|futonkagebunshin has 30 seconds left.\n|inactive|futonkagebunshin has 20 seconds left.\n|inactive|futonkagebunshin has 15 seconds left.\n|inactive|futonkagebunshin has 10 seconds left.\n|inactive|futonkagebunshin has 5 seconds left.\n|\n|t:|1733016836\n|switch|p1a: Volbeat|Volbeat, L50, M|100\/100\n|move|p1b: Archaludon|Protect|p1b: Archaludon\n|-singleturn|p1b: Archaludon|Protect\n|move|p2b: Whimsicott|Moonblast|p1b: Archaludon\n|-activate|p1b: Archaludon|move: Protect\n|move|p2a: Archaludon|Draco Meteor|p1b: Archaludon\n|-activate|p1b: Archaludon|move: Protect\n|\n|-weather|SunnyDay|[upkeep]\n|upkeep\n|turn|7\n|inactive|QuinlanBuilds has 30 seconds left.\n|\n|t:|1733016866\n|switch|p1b: Espathra|Espathra, L50, M|1\/100\n|move|p2b: Whimsicott|Encore||[still]\n|-fail|p2b: Whimsicott\n|move|p1a: Volbeat|Tailwind|p1a: Volbeat\n|-sidestart|p1: QuinlanBuilds|move: Tailwind\n|move|p2a: Archaludon|Draco Meteor|p1a: Volbeat\n|-damage|p1a: Volbeat|0 fnt\n|-unboost|p2a: Archaludon|spa|2\n|faint|p1a: Volbeat\n|\n|-weather|SunnyDay|[upkeep]\n|upkeep\n|\n|t:|1733016871\n|switch|p1a: Archaludon|Archaludon, L50, F|100\/100\n|turn|8\n|inactive|futonkagebunshin has 30 seconds left.\n|inactive|futonkagebunshin has 20 seconds left.\n|\n|t:|1733016911\n|move|p1b: Espathra|Protect|p1b: Espathra\n|-singleturn|p1b: Espathra|Protect\n|move|p2b: Whimsicott|Moonblast|p1a: Archaludon\n|-damage|p1a: Archaludon|54\/100\n|-ability|p1a: Archaludon|Stamina|boost\n|-boost|p1a: Archaludon|def|1\n|move|p1a: Archaludon|Aura Sphere|p2a: Archaludon\n|-supereffective|p2a: Archaludon\n|-damage|p2a: Archaludon|0 fnt\n|faint|p2a: Archaludon\n|\n|-weather|none\n|-sideend|p2: futonkagebunshin|move: Tailwind\n|-ability|p1b: Espathra|Speed Boost|boost\n|-boost|p1b: Espathra|spe|1\n|upkeep\n|\n|t:|1733016921\n|switch|p2a: Pelipper|Pelipper, L50, F|2\/100\n|-weather|RainDance|[from] ability: Drizzle|[of] p2a: Pelipper\n|turn|9\n|inactive|futonkagebunshin has 30 seconds left.\n|inactive|futonkagebunshin has 20 seconds left.\n|\n|t:|1733016960\n|move|p2b: Whimsicott|Encore|p1b: Espathra\n|-start|p1b: Espathra|Encore\n|move|p1b: Espathra|Protect|p1b: Espathra\n|-singleturn|p1b: Espathra|Protect\n|move|p1a: Archaludon|Electro Shot||[still]\n|-prepare|p1a: Archaludon|Electro Shot\n|-boost|p1a: Archaludon|spa|1\n|-anim|p1a: Archaludon|Electro Shot|p2a: Pelipper\n|-supereffective|p2a: Pelipper\n|-damage|p2a: Pelipper|0 fnt\n|faint|p2a: Pelipper\n|\n|-weather|RainDance|[upkeep]\n|-ability|p1b: Espathra|Speed Boost|boost\n|-boost|p1b: Espathra|spe|1\n|upkeep\n|turn|10\n|-message|futonkagebunshin forfeited.\n|\n|win|QuinlanBuilds\n|raw|QuinlanBuilds's rating: 1689 &rarr; <strong>1713<\/strong><br \/>(+24 for winning)\n|raw|futonkagebunshin's rating: 1755 &rarr; <strong>1731<\/strong><br \/>(-24 for losing)\n|l|\u2606QuinlanBuilds\n|player|p1|\n|l|\u2606futonkagebunshin\n|player|p2|\n","uploadtime":1733017244,"views":10,"formatid":"gen9vgc2024regh","rating":1713,"private":0,"password":null}