{"id":"gen9vgc2024regh-2254409649","format":"[Gen 9] VGC 2024 Reg H","players":["TheDecommissioner","magnusmagnum"],"log":"|j|\u2606TheDecommissioner\n|j|\u2606magnusmagnum\n|t:|1733032583\n|gametype|doubles\n|player|p1|TheDecommissioner|preschooler|1689\n|player|p2|magnusmagnum|1|1746\n|teamsize|p1|6\n|teamsize|p2|6\n|gen|9\n|tier|[Gen 9] VGC 2024 Reg H\n|rated|\n|rule|Species Clause: Limit one of each Pok\u00e9mon\n|rule|Item Clause: Limit 1 of each item\n|clearpoke\n|poke|p1|Indeedee-F, L50, F|\n|poke|p1|Kleavor, L50, M|\n|poke|p1|Torkoal, L50, F|\n|poke|p1|Archaludon, L50, F|\n|poke|p1|Lilligant-Hisui, L50, F|\n|poke|p1|Ursaluna, L50, M|\n|poke|p2|Sneasler, L50, M|\n|poke|p2|Magmar, L50, F|\n|poke|p2|Ursaluna-Bloodmoon, L50, M|\n|poke|p2|Garchomp, L50, M|\n|poke|p2|Rillaboom, L50, M|\n|poke|p2|Gholdengo, L50|\n|teampreview|4\n|inactive|Battle timer is ON: inactive players will automatically lose when time's up. (requested by TheDecommissioner)\n|inactive|magnusmagnum has 60 seconds left.\n|\n|t:|1733032627\n|start\n|switch|p1a: Talking|Lilligant-Hisui, L50, F|100\/100\n|switch|p1b: Help|Indeedee-F, L50, F|100\/100\n|switch|p2a: Magmar|Magmar, L50, F|100\/100\n|switch|p2b: Gholdengo|Gholdengo, L50|100\/100\n|-fieldstart|move: Psychic Terrain|[from] ability: Psychic Surge|[of] p1b: Help\n|-enditem|p1b: Help|Psychic Seed\n|-boost|p1b: Help|spd|1|[from] item: Psychic Seed\n|turn|1\n|\n|t:|1733032640\n|move|p1a: Talking|After You|p1b: Help\n|-activate|p1b: Help|move: After You\n|move|p1b: Help|Trick Room|p1b: Help\n|-fieldstart|move: Trick Room|[of] p1b: Help\n|move|p2b: Gholdengo|Nasty Plot|p2b: Gholdengo\n|-boost|p2b: Gholdengo|spa|2\n|move|p2a: Magmar|Will-O-Wisp|p1a: Talking\n|-status|p1a: Talking|brn\n|\n|-damage|p1a: Talking|94\/100 brn|[from] brn\n|upkeep\n|turn|2\n|\n|t:|1733032656\n|switch|p2a: Rillaboom|Rillaboom, L50, M|100\/100\n|-fieldstart|move: Grassy Terrain|[from] ability: Grassy Surge|[of] p2a: Rillaboom\n|move|p1b: Help|Psychic|p2b: Gholdengo\n|-resisted|p2b: Gholdengo\n|-damage|p2b: Gholdengo|83\/100\n|move|p2b: Gholdengo|Make It Rain|p1b: Help|[spread] p1a,p1b\n|-damage|p1a: Talking|0 fnt\n|-damage|p1b: Help|49\/100\n|-unboost|p2b: Gholdengo|spa|1\n|faint|p1a: Talking\n|\n|-heal|p1b: Help|55\/100|[from] Grassy Terrain\n|-heal|p2b: Gholdengo|90\/100|[from] Grassy Terrain\n|upkeep\n|\n|t:|1733032666\n|switch|p1a: Again|Ursaluna, L50, M|100\/100\n|turn|3\n|inactive|magnusmagnum has 30 seconds left.\n|\n|t:|1733032695\n|switch|p1b: Turtle|Torkoal, L50, F|100\/100\n|-weather|SunnyDay|[from] ability: Drought|[of] p1b: Turtle\n|-terastallize|p2b: Gholdengo|Water\n|move|p1a: Again|Protect|p1a: Again\n|-singleturn|p1a: Again|Protect\n|move|p2a: Rillaboom|Wood Hammer|p1b: Turtle\n|-resisted|p1b: Turtle\n|-damage|p1b: Turtle|59\/100\n|-damage|p2a: Rillaboom|88\/100|[from] Recoil\n|move|p2b: Gholdengo|Make It Rain|p1a: Again|[spread] p1b\n|-activate|p1a: Again|move: Protect\n|-resisted|p1b: Turtle\n|-damage|p1b: Turtle|18\/100\n|-unboost|p2b: Gholdengo|spa|1\n|\n|-weather|SunnyDay|[upkeep]\n|-heal|p1b: Turtle|24\/100|[from] Grassy Terrain\n|-heal|p2a: Rillaboom|94\/100|[from] Grassy Terrain\n|-heal|p2b: Gholdengo|96\/100|[from] Grassy Terrain\n|-status|p1a: Again|brn|[from] item: Flame Orb\n|upkeep\n|turn|4\n|inactive|magnusmagnum has 30 seconds left.\n|inactive|magnusmagnum has 20 seconds left.\n|\n|t:|1733032740\n|-terastallize|p1b: Turtle|Fire\n|move|p2a: Rillaboom|Protect|p2a: Rillaboom\n|-singleturn|p2a: Rillaboom|Protect\n|move|p2b: Gholdengo|Protect|p2b: Gholdengo\n|-singleturn|p2b: Gholdengo|Protect\n|move|p1b: Turtle|Heat Wave|p2a: Rillaboom|[spread] \n|-activate|p2a: Rillaboom|move: Protect\n|-activate|p2b: Gholdengo|move: Protect\n|move|p1a: Again|Facade|p2b: Gholdengo\n|-activate|p2b: Gholdengo|move: Protect\n|\n|-weather|SunnyDay|[upkeep]\n|-heal|p1b: Turtle|30\/100|[from] Grassy Terrain\n|-heal|p2a: Rillaboom|100\/100|[from] Grassy Terrain\n|-heal|p2b: Gholdengo|100\/100|[from] Grassy Terrain\n|-damage|p1a: Again|95\/100 brn|[from] brn\n|upkeep\n|turn|5\n|\n|t:|1733032759\n|switch|p2a: Magmar|Magmar, L50, F|100\/100\n|move|p1b: Turtle|Heat Wave|p2b: Gholdengo|[spread] p2b\n|-miss|p1b: Turtle|p2a: Magmar\n|-resisted|p2b: Gholdengo\n|-damage|p2b: Gholdengo|64\/100\n|move|p1a: Again|Facade|p2b: Gholdengo\n|-damage|p2b: Gholdengo|0 fnt\n|faint|p2b: Gholdengo\n|\n|-weather|SunnyDay|[upkeep]\n|-heal|p1b: Turtle|37\/100|[from] Grassy Terrain\n|-heal|p1a: Again|100\/100 brn|[from] Grassy Terrain\n|-damage|p1a: Again|95\/100 brn|[from] brn\n|-fieldend|move: Trick Room\n|upkeep\n|\n|t:|1733032769\n|switch|p2b: Sneasler|Sneasler, L50, M|100\/100\n|turn|6\n|\n|t:|1733032787\n|switch|p1a: Help|Indeedee-F, L50, F|55\/100\n|-fieldstart|move: Psychic Terrain|[from] ability: Psychic Surge|[of] p1a: Help\n|move|p2b: Sneasler|Protect|p2b: Sneasler\n|-singleturn|p2b: Sneasler|Protect\n|move|p2a: Magmar|Overheat|p1b: Turtle\n|-resisted|p1b: Turtle\n|-damage|p1b: Turtle|0 fnt\n|-unboost|p2a: Magmar|spa|2\n|faint|p1b: Turtle\n|\n|-weather|SunnyDay|[upkeep]\n|upkeep\n|\n|t:|1733032791\n|switch|p1b: Again|Ursaluna, L50, M|95\/100 brn\n|turn|7\n|inactive|magnusmagnum has 30 seconds left.\n|\n|t:|1733032817\n|switch|p2a: Rillaboom|Rillaboom, L50, M|100\/100\n|-fieldstart|move: Grassy Terrain|[from] ability: Grassy Surge|[of] p2a: Rillaboom\n|move|p1b: Again|Protect|p1b: Again\n|-singleturn|p1b: Again|Protect\n|move|p2b: Sneasler|Close Combat|p1a: Help\n|-damage|p1a: Help|0 fnt\n|-unboost|p2b: Sneasler|def|1\n|-unboost|p2b: Sneasler|spd|1\n|faint|p1a: Help\n|\n|-weather|none\n|-heal|p1b: Again|100\/100 brn|[from] Grassy Terrain\n|-damage|p1b: Again|95\/100 brn|[from] brn\n|upkeep\n|turn|8\n|\n|t:|1733032828\n|move|p2a: Rillaboom|Fake Out|p1b: Again\n|-damage|p1b: Again|85\/100 brn\n|move|p2b: Sneasler|Close Combat|p1b: Again\n|-supereffective|p1b: Again\n|-damage|p1b: Again|0 fnt\n|-unboost|p2b: Sneasler|def|1\n|-unboost|p2b: Sneasler|spd|1\n|faint|p1b: Again\n|\n|win|magnusmagnum\n|raw|TheDecommissioner's rating: 1689 &rarr; <strong>1672<\/strong><br \/>(-17 for losing)\n|raw|magnusmagnum's rating: 1746 &rarr; <strong>1763<\/strong><br \/>(+17 for winning)\n|l|\u2606magnusmagnum\n|player|p2|\n|l|\u2606TheDecommissioner\n|player|p1|\n","uploadtime":1733033041,"views":9,"formatid":"gen9vgc2024regh","rating":1672,"private":0,"password":null}