{"id":"gen9vgc2024regh-2254490742","format":"[Gen 9] VGC 2024 Reg H","players":["Redd78","Piehead"],"log":"|j|\u2606Redd78\n|j|\u2606Piehead\n|t:|1733049902\n|gametype|doubles\n|player|p1|Redd78|102|1653\n|player|p2|Piehead|alder|1739\n|teamsize|p1|6\n|teamsize|p2|6\n|gen|9\n|tier|[Gen 9] VGC 2024 Reg H\n|rated|\n|rule|Species Clause: Limit one of each Pok\u00e9mon\n|rule|Item Clause: Limit 1 of each item\n|clearpoke\n|poke|p1|Baxcalibur, L50, F|\n|poke|p1|Dondozo, L50, M|\n|poke|p1|Kingambit, L50, F|\n|poke|p1|Rillaboom, L50, M|\n|poke|p1|Volcarona, L50, F|\n|poke|p1|Sneasler, L50, M|\n|poke|p2|Farigiraf, L50, F|\n|poke|p2|Rillaboom, L50, F|\n|poke|p2|Ursaluna-Bloodmoon, L50, M|\n|poke|p2|Kingambit, L50, M|\n|poke|p2|Primarina, L50, M|\n|poke|p2|Annihilape, L50, F|\n|teampreview|4\n|inactive|Battle timer is ON: inactive players will automatically lose when time's up. (requested by Piehead)\nRedd78 rejected open team sheets.\n|inactive|Redd78 has 60 seconds left.\n|\n|t:|1733049946\n|start\n|switch|p1a: Baxcalibur|Baxcalibur, L50, F|100\/100\n|switch|p1b: Sneasler|Sneasler, L50, M|100\/100\n|switch|p2a: Annihilape|Annihilape, L50, F|100\/100\n|switch|p2b: Farigiraf|Farigiraf, L50, F|100\/100\n|turn|1\n|\n|t:|1733049960\n|-terastallize|p1a: Baxcalibur|Ghost\n|move|p2a: Annihilape|Final Gambit|p1a: Baxcalibur\n|-immune|p1a: Baxcalibur\n|move|p1b: Sneasler|Close Combat|p2b: Farigiraf\n|-damage|p2b: Farigiraf|48\/100\n|-unboost|p1b: Sneasler|def|1\n|-unboost|p1b: Sneasler|spd|1\n|-enditem|p2b: Farigiraf|Sitrus Berry|[eat]\n|-heal|p2b: Farigiraf|73\/100|[from] item: Sitrus Berry\n|move|p1a: Baxcalibur|Icicle Spear|p2b: Farigiraf\n|-damage|p2b: Farigiraf|59\/100\n|-damage|p2b: Farigiraf|44\/100\n|-damage|p2b: Farigiraf|30\/100\n|-damage|p2b: Farigiraf|15\/100\n|-hitcount|p2b: Farigiraf|4\n|move|p2b: Farigiraf|Trick Room|p2b: Farigiraf\n|-fieldstart|move: Trick Room|[of] p2b: Farigiraf\n|\n|upkeep\n|turn|2\n|\n|t:|1733049981\n|switch|p1b: Kingambit|Kingambit, L50, F, shiny|100\/100\n|switch|p2a: Primarina|Primarina, L50, M|100\/100\n|move|p2b: Farigiraf|Psychic|p1b: Kingambit\n|-immune|p1b: Kingambit\n|move|p1a: Baxcalibur|Icicle Spear|p2b: Farigiraf\n|-crit|p2b: Farigiraf\n|-damage|p2b: Farigiraf|0 fnt\n|faint|p2b: Farigiraf\n|-hitcount|p2: Farigiraf|1\n|\n|upkeep\n|\n|t:|1733049996\n|switch|p2b: Ursaluna|Ursaluna-Bloodmoon, L50, M|100\/100\n|turn|3\n|\n|t:|1733050017\n|move|p1b: Kingambit|Protect|p1b: Kingambit\n|-singleturn|p1b: Kingambit|Protect\n|move|p1a: Baxcalibur|Protect|p1a: Baxcalibur\n|-singleturn|p1a: Baxcalibur|Protect\n|move|p2b: Ursaluna|Blood Moon|p1a: Baxcalibur\n|-activate|p1a: Baxcalibur|move: Protect\n|move|p2a: Primarina|Hyper Voice|p1b: Kingambit|[spread] \n|-activate|p1a: Baxcalibur|move: Protect\n|-activate|p1b: Kingambit|move: Protect\n|\n|upkeep\n|turn|4\n|j| Conquistatore\n|l| Conquistatore\n|\n|t:|1733050038\n|-terastallize|p2b: Ursaluna|Poison\n|move|p1b: Kingambit|Sucker Punch|p2b: Ursaluna\n|-damage|p2b: Ursaluna|73\/100\n|move|p1a: Baxcalibur|Ice Shard|p2b: Ursaluna\n|-damage|p2b: Ursaluna|55\/100\n|move|p2b: Ursaluna|Earth Power|p1b: Kingambit\n|-supereffective|p1b: Kingambit\n|-crit|p1b: Kingambit\n|-damage|p1b: Kingambit|0 fnt\n|faint|p1b: Kingambit\n|-damage|p2b: Ursaluna|45\/100|[from] item: Life Orb\n|move|p2a: Primarina|Hyper Voice|p1a: Baxcalibur\n|-damage|p1a: Baxcalibur|50\/100\n|-enditem|p2a: Primarina|Throat Spray\n|-boost|p2a: Primarina|spa|1|[from] item: Throat Spray\n|\n|upkeep\n|\n|t:|1733050049\n|switch|p1b: Sneasler|Sneasler, L50, M|100\/100\n|turn|5\n|\n|t:|1733050062\n|switch|p2b: Annihilape|Annihilape, L50, F|100\/100\n|move|p1a: Baxcalibur|Protect|p1a: Baxcalibur\n|-singleturn|p1a: Baxcalibur|Protect\n|move|p1b: Sneasler|Protect|p1b: Sneasler\n|-singleturn|p1b: Sneasler|Protect\n|move|p2a: Primarina|Hyper Voice|p1b: Sneasler|[spread] \n|-activate|p1a: Baxcalibur|move: Protect\n|-activate|p1b: Sneasler|move: Protect\n|\n|-fieldend|move: Trick Room\n|upkeep\n|turn|6\n|inactive|Piehead has 30 seconds left.\n|inactive|Piehead has 20 seconds left.\n|\n|t:|1733050098\n|move|p2a: Primarina|Protect|p2a: Primarina\n|-singleturn|p2a: Primarina|Protect\n|move|p1a: Baxcalibur|Ice Shard|p2a: Primarina\n|-activate|p2a: Primarina|move: Protect\n|move|p2b: Annihilape|Rage Fist|p1b: Sneasler\n|-damage|p1b: Sneasler|58\/100\n|move|p1b: Sneasler|Dire Claw|p2a: Primarina\n|-activate|p2a: Primarina|move: Protect\n|\n|upkeep\n|turn|7\n|inactive|Piehead has 30 seconds left.\n|inactive|Piehead has 20 seconds left.\n|inactive|Piehead has 15 seconds left.\n|\n|t:|1733050141\n|move|p1a: Baxcalibur|Protect|p1a: Baxcalibur\n|-singleturn|p1a: Baxcalibur|Protect\n|move|p2b: Annihilape|Rage Fist|p1a: Baxcalibur\n|-activate|p1a: Baxcalibur|move: Protect\n|move|p1b: Sneasler|Dire Claw|p2a: Primarina\n|-supereffective|p2a: Primarina\n|-damage|p2a: Primarina|3\/100\n|-status|p2a: Primarina|psn\n|move|p2a: Primarina|Hyper Voice|p1b: Sneasler|[spread] p1b\n|-activate|p1a: Baxcalibur|move: Protect\n|-damage|p1b: Sneasler|0 fnt\n|faint|p1b: Sneasler\n|\n|-damage|p2a: Primarina|0 fnt|[from] psn\n|faint|p2a: Primarina\n|upkeep\n|\n|t:|1733050144\n|switch|p1b: Volcarona|Volcarona, L50, F|100\/100\n|switch|p2a: Ursaluna|Ursaluna-Bloodmoon, L50, M, tera:Poison|45\/100\n|turn|8\n|\n|t:|1733050162\n|move|p1b: Volcarona|Rage Powder|p1b: Volcarona\n|-singleturn|p1b: Volcarona|move: Rage Powder\n|move|p2b: Annihilape|Rage Fist|p1b: Volcarona\n|-damage|p1b: Volcarona|72\/100\n|move|p1a: Baxcalibur|Icicle Spear|p2a: Ursaluna\n|-damage|p2a: Ursaluna|34\/100\n|-damage|p2a: Ursaluna|23\/100\n|-damage|p2a: Ursaluna|12\/100\n|-damage|p2a: Ursaluna|0 fnt\n|faint|p2a: Ursaluna\n|-hitcount|p2: Ursaluna|4\n|\n|upkeep\n|turn|9\n|\n|t:|1733050182\n|move|p1b: Volcarona|Rage Powder|p1b: Volcarona\n|-singleturn|p1b: Volcarona|move: Rage Powder\n|move|p2b: Annihilape|Rage Fist|p1b: Volcarona\n|-damage|p1b: Volcarona|44\/100\n|move|p1a: Baxcalibur|Icicle Spear|p2b: Annihilape\n|-damage|p2b: Annihilape|83\/100\n|-damage|p2b: Annihilape|66\/100\n|-damage|p2b: Annihilape|49\/100\n|-damage|p2b: Annihilape|33\/100\n|-damage|p2b: Annihilape|17\/100\n|-hitcount|p2b: Annihilape|5\n|\n|upkeep\n|turn|10\n|\n|t:|1733050195\n|move|p1b: Volcarona|Rage Powder|p1b: Volcarona\n|-singleturn|p1b: Volcarona|move: Rage Powder\n|move|p2b: Annihilape|Rage Fist|p1b: Volcarona\n|-damage|p1b: Volcarona|0 fnt\n|faint|p1b: Volcarona\n|move|p1a: Baxcalibur|Icicle Spear|p2b: Annihilape\n|-damage|p2b: Annihilape|1\/100\n|-damage|p2b: Annihilape|0 fnt\n|faint|p2b: Annihilape\n|-hitcount|p2: Annihilape|2\n|\n|win|Redd78\n|raw|Redd78's rating: 1653 &rarr; <strong>1678<\/strong><br \/>(+25 for winning)\n|raw|Piehead's rating: 1739 &rarr; <strong>1714<\/strong><br \/>(-25 for losing)\n|l|\u2606Piehead\n|player|p2|\n|l|\u2606Redd78\n|player|p1|\n","uploadtime":1733050423,"views":9,"formatid":"gen9vgc2024regh","rating":1678,"private":0,"password":null}