{"id":"gen9vgc2024regh-2254105443","format":"[Gen 9] VGC 2024 Reg H","players":["Nerd159","dinglustan"],"log":"|j|\u2606Nerd159\n|j|\u2606dinglustan\n|t:|1732991902\n|gametype|doubles\n|player|p1|Nerd159|169|1750\n|player|p2|dinglustan|265|1761\n|teamsize|p1|6\n|teamsize|p2|6\n|gen|9\n|tier|[Gen 9] VGC 2024 Reg H\n|rated|\n|rule|Species Clause: Limit one of each Pok\u00e9mon\n|rule|Item Clause: Limit 1 of each item\n|clearpoke\n|poke|p1|Gholdengo, L50|\n|poke|p1|Indeedee, L50, M|\n|poke|p1|Delphox, L50, M|\n|poke|p1|Murkrow, L50, F|\n|poke|p1|Clodsire, L50, M|\n|poke|p1|Decidueye-Hisui, L50, F|\n|poke|p2|Whimsicott, L50, F|\n|poke|p2|Basculegion, L50, M|\n|poke|p2|Arcanine-Hisui, L50, F|\n|poke|p2|Hydreigon, L50, M|\n|poke|p2|Farigiraf, L50, M|\n|poke|p2|Pawmot, L50, F|\n|teampreview|4\n|inactive|Battle timer is ON: inactive players will automatically lose when time's up. (requested by dinglustan)\n|inactive|dinglustan has 60 seconds left.\n|c|\u2606dinglustan|CLODSIRE!!!\n|c|\u2606Nerd159|Cool team you got there\n|c|\u2606dinglustan|thanks! u2!\n|c|\u2606Nerd159|Clod is my anti trick room\n|inactive|dinglustan has 30 seconds left.\n|\n|t:|1732991969\n|start\n|switch|p1a: Delphox|Delphox, L50, M|100\/100\n|switch|p1b: Murkrow|Murkrow, L50, F|100\/100\n|switch|p2a: Whimsicott|Whimsicott, L50, F|100\/100\n|switch|p2b: Hydreigon|Hydreigon, L50, M|100\/100\n|turn|1\n|c|\u2606dinglustan|makes sm sense\n|\n|t:|1732991984\n|-terastallize|p1a: Delphox|Fighting\n|-terastallize|p2b: Hydreigon|Fire\n|move|p2a: Whimsicott|Tailwind|p2a: Whimsicott\n|-sidestart|p2: dinglustan|move: Tailwind\n|move|p2b: Hydreigon|Heat Wave|p1b: Murkrow|[spread] p1a,p1b\n|-damage|p1a: Delphox|35\/100\n|-damage|p1b: Murkrow|44\/100\n|-damage|p2b: Hydreigon|91\/100|[from] item: Life Orb\n|move|p1a: Delphox|Tera Blast|p2b: Hydreigon|[anim] Tera Blast Fighting\n|-damage|p2b: Hydreigon|34\/100\n|-damage|p1a: Delphox|26\/100|[from] item: Life Orb\n|move|p1b: Murkrow|Snarl|p2b: Hydreigon|[spread] p2a,p2b\n|-resisted|p2a: Whimsicott\n|-damage|p2a: Whimsicott|94\/100\n|-damage|p2b: Hydreigon|18\/100\n|-unboost|p2b: Hydreigon|spa|1\n|\n|upkeep\n|turn|2\n|inactive|Nerd159 has 30 seconds left.\n|\n|t:|1732992009\n|move|p2b: Hydreigon|Protect|p2b: Hydreigon\n|-singleturn|p2b: Hydreigon|Protect\n|move|p1a: Delphox|Protect|p1a: Delphox\n|-singleturn|p1a: Delphox|Protect\n|move|p1b: Murkrow|Tailwind|p1b: Murkrow\n|-sidestart|p1: Nerd159|move: Tailwind\n|move|p2a: Whimsicott|Moonblast|p1a: Delphox\n|-activate|p1a: Delphox|move: Protect\n|\n|upkeep\n|turn|3\n|\n|t:|1732992018\n|move|p2a: Whimsicott|Encore|p1a: Delphox\n|-start|p1a: Delphox|Encore\n|move|p1a: Delphox|Protect||[still]\n|-fail|p1a: Delphox\n|move|p2b: Hydreigon|Heat Wave|p1b: Murkrow|[spread] p1a,p1b\n|-damage|p1a: Delphox|0 fnt\n|-damage|p1b: Murkrow|7\/100\n|-status|p1b: Murkrow|brn\n|faint|p1a: Delphox\n|-damage|p2b: Hydreigon|8\/100|[from] item: Life Orb\n|move|p1b: Murkrow|Foul Play|p2b: Hydreigon\n|-damage|p2b: Hydreigon|0 fnt\n|faint|p2b: Hydreigon\n|\n|-damage|p1b: Murkrow|1\/100 brn|[from] brn\n|upkeep\n|c|\u2606Nerd159|Murkrow clutch\n|\n|t:|1732992031\n|switch|p1a: Indeedee|Indeedee, L50, M|100\/100\n|switch|p2b: Farigiraf|Farigiraf, L50, M|100\/100\n|-fieldstart|move: Psychic Terrain|[from] ability: Psychic Surge|[of] p1a: Indeedee\n|turn|4\n|c|\u2606dinglustan|lmao\n|\n|t:|1732992040\n|move|p1a: Indeedee|Expanding Force|p2a: Whimsicott|[spread] p2a,p2b\n|-resisted|p2b: Farigiraf\n|-damage|p2a: Whimsicott|40\/100\n|-damage|p2b: Farigiraf|76\/100\n|move|p1b: Murkrow|Snarl|p2a: Whimsicott|[spread] p2a,p2b\n|-resisted|p2a: Whimsicott\n|-supereffective|p2b: Farigiraf\n|-damage|p2a: Whimsicott|32\/100\n|-damage|p2b: Farigiraf|52\/100\n|-unboost|p2b: Farigiraf|spa|1\n|move|p2a: Whimsicott|Moonblast|p1b: Murkrow\n|-supereffective|p1b: Murkrow\n|-damage|p1b: Murkrow|0 fnt\n|faint|p1b: Murkrow\n|move|p2b: Farigiraf|Trick Room|p2b: Farigiraf\n|-fieldstart|move: Trick Room|[of] p2b: Farigiraf\n|\n|-sideend|p2: dinglustan|move: Tailwind\n|upkeep\n|c|\u2606dinglustan|he da goat\n|\n|t:|1732992050\n|switch|p1b: Decidueye|Decidueye-Hisui, L50, F|100\/100\n|turn|5\n|\n|t:|1732992072\n|move|p1b: Decidueye|Protect|p1b: Decidueye\n|-singleturn|p1b: Decidueye|Protect\n|move|p1a: Indeedee|Protect|p1a: Indeedee\n|-singleturn|p1a: Indeedee|Protect\n|move|p2b: Farigiraf|Twin Beam|p1b: Decidueye\n|-activate|p1b: Decidueye|move: Protect\n|move|p2a: Whimsicott|Moonblast|p1b: Decidueye\n|-activate|p1b: Decidueye|move: Protect\n|\n|-sideend|p1: Nerd159|move: Tailwind\n|upkeep\n|turn|6\n|\n|t:|1732992080\n|move|p2b: Farigiraf|Twin Beam|p1b: Decidueye\n|-supereffective|p1b: Decidueye\n|-damage|p1b: Decidueye|61\/100\n|-supereffective|p1b: Decidueye\n|-damage|p1b: Decidueye|25\/100\n|-hitcount|p1b: Decidueye|2\n|move|p1b: Decidueye|Triple Arrows|p2a: Whimsicott\n|-resisted|p2a: Whimsicott\n|-crit|p2a: Whimsicott\n|-damage|p2a: Whimsicott|0 fnt\n|faint|p2a: Whimsicott\n|move|p1a: Indeedee|Expanding Force|p2b: Farigiraf\n|-resisted|p2b: Farigiraf\n|-damage|p2b: Farigiraf|23\/100\n|\n|upkeep\n|\n|t:|1732992091\n|switch|p2a: Basculegion|Basculegion, L50, M|100\/100\n|turn|7\n|\n|t:|1732992099\n|move|p1b: Decidueye|Protect|p1b: Decidueye\n|-singleturn|p1b: Decidueye|Protect\n|move|p2b: Farigiraf|Hyper Voice|p1b: Decidueye|[spread] p1a\n|-activate|p1b: Decidueye|move: Protect\n|-damage|p1a: Indeedee|69\/100\n|-enditem|p2b: Farigiraf|Throat Spray\n|-boost|p2b: Farigiraf|spa|1|[from] item: Throat Spray\n|move|p2a: Basculegion|Wave Crash|p1a: Indeedee\n|-damage|p1a: Indeedee|0 fnt\n|faint|p1a: Indeedee\n|-damage|p2a: Basculegion|86\/100|[from] Recoil\n|\n|upkeep\n|turn|8\n|c|\u2606Nerd159|Gg\n|\n|t:|1732992107\n|move|p1b: Decidueye|Protect||[still]\n|-fail|p1b: Decidueye\n|move|p2b: Farigiraf|Twin Beam|p1b: Decidueye\n|-supereffective|p1b: Decidueye\n|-damage|p1b: Decidueye|0 fnt\n|faint|p1b: Decidueye\n|-hitcount|p1: Decidueye|1\n|\n|win|dinglustan\n|raw|Nerd159's rating: 1750 &rarr; <strong>1731<\/strong><br \/>(-19 for losing)\n|raw|dinglustan's rating: 1761 &rarr; <strong>1780<\/strong><br \/>(+19 for winning)\n|c|\u2606dinglustan|gg\n|l|\u2606Nerd159\n|player|p1|\n|l|\u2606dinglustan\n|player|p2|\n","uploadtime":1732992271,"views":15,"formatid":"gen9vgc2024regh","rating":1731,"private":0,"password":null}