{"id":"gen9vgc2024regh-2254545164","format":"[Gen 9] VGC 2024 Reg H","players":["marcxhenry","pokequimico"],"log":"|j|\u2606marcxhenry\n|j|\u2606pokequimico\n|t:|1733060363\n|gametype|doubles\n|player|p1|marcxhenry|plasmagrunt-gen5bw|1748\n|player|p2|pokequimico|lucas|1750\n|teamsize|p1|6\n|teamsize|p2|6\n|gen|9\n|tier|[Gen 9] VGC 2024 Reg H\n|rated|\n|rule|Species Clause: Limit one of each Pok\u00e9mon\n|rule|Item Clause: Limit 1 of each item\n|clearpoke\n|poke|p1|Tatsugiri, L50, M|\n|poke|p1|Weezing-Galar, L50, M|\n|poke|p1|Indeedee-F, L50, F|\n|poke|p1|Armarouge, L50, M|\n|poke|p1|Slaking, L50, M|\n|poke|p1|Dondozo, L50, M|\n|poke|p2|Sneasler, L50, F|\n|poke|p2|Kingambit, L50, M|\n|poke|p2|Dragonite, L50, M|\n|poke|p2|Basculegion, L50, M|\n|poke|p2|Rillaboom, L50, F|\n|poke|p2|Volcarona, L50, M|\n|teampreview|4\n|inactive|Battle timer is ON: inactive players will automatically lose when time's up. (requested by pokequimico)\n|\n|t:|1733060414\n|start\n|switch|p1a: Weezing|Weezing-Galar, L50, M|100\/100\n|switch|p1b: Slaking|Slaking, L50, M, shiny|100\/100\n|switch|p2a: Kingambit|Kingambit, L50, M|100\/100\n|switch|p2b: Basculegion|Basculegion, L50, M|100\/100\n|-ability|p1a: Weezing|Neutralizing Gas\n|turn|1\n|inactive|pokequimico has 30 seconds left.\n|inactive|pokequimico has 20 seconds left.\n|inactive|pokequimico has 15 seconds left.\n|\n|t:|1733060456\n|-terastallize|p1a: Weezing|Water\n|move|p2a: Kingambit|Protect|p2a: Kingambit\n|-singleturn|p2a: Kingambit|Protect\n|move|p2b: Basculegion|Flip Turn|p1b: Slaking\n|-damage|p1b: Slaking|77\/100\n|\n|t:|1733060473\n|switch|p2b: Rillaboom|Rillaboom, L50, F|100\/100|[from] Flip Turn\n|move|p1b: Slaking|Knock Off|p2b: Rillaboom\n|-damage|p2b: Rillaboom|50\/100\n|-enditem|p2b: Rillaboom|Assault Vest|[from] move: Knock Off|[of] p1b: Slaking\n|-damage|p1b: Slaking|67\/100|[from] item: Life Orb\n|move|p1a: Weezing|Will-O-Wisp|p2a: Kingambit\n|-activate|p2a: Kingambit|move: Protect\n|\n|upkeep\n|turn|2\n|inactive|marcxhenry has 30 seconds left.\n|inactive|pokequimico has 30 seconds left.\n|\n|t:|1733060499\n|-end|p1a: Weezing|ability: Neutralizing Gas\n|-fieldstart|move: Grassy Terrain|[from] ability: Grassy Surge|[of] p2b: Rillaboom\n|switch|p1a: Sally|Indeedee-F, L50, F, shiny|100\/100\n|-fieldstart|move: Psychic Terrain|[from] ability: Psychic Surge|[of] p1a: Sally\n|-terastallize|p2a: Kingambit|Dark\n|move|p2b: Rillaboom|Fake Out|p1a: Sally\n|-activate|p1a: Sally|move: Psychic Terrain\n|move|p1b: Slaking|Drain Punch|p2a: Kingambit\n|-supereffective|p2a: Kingambit\n|-damage|p2a: Kingambit|35\/100\n|-heal|p1b: Slaking|95\/100|[from] drain|[of] p2a: Kingambit\n|-damage|p1b: Slaking|85\/100|[from] item: Life Orb\n|move|p2a: Kingambit|Kowtow Cleave|p1a: Sally\n|-supereffective|p1a: Sally\n|-damage|p1a: Sally|0 fnt\n|-damage|p2a: Kingambit|19\/100|[from] item: Rocky Helmet|[of] p1a: Sally\n|faint|p1a: Sally\n|\n|upkeep\n|\n|t:|1733060519\n|switch|p1a: Renault|Armarouge, L50, M, shiny|100\/100\n|turn|3\n|\n|t:|1733060538\n|switch|p2b: Sneasler|Sneasler, L50, F|100\/100\n|move|p2a: Kingambit|Protect|p2a: Kingambit\n|-singleturn|p2a: Kingambit|Protect\n|cant|p1b: Slaking|ability: Truant\n|move|p1a: Renault|Expanding Force|p2a: Kingambit|[spread] p2b\n|-activate|p2a: Kingambit|move: Protect\n|-supereffective|p2b: Sneasler\n|-enditem|p2b: Sneasler|Focus Sash\n|-damage|p2b: Sneasler|1\/100\n|\n|upkeep\n|turn|4\n|inactive|pokequimico has 30 seconds left.\n|j| max9713\n|inactive|pokequimico has 20 seconds left.\n|inactive|pokequimico has 15 seconds left.\n|\n|t:|1733060580\n|switch|p1b: Weezing|Weezing-Galar, L50, M, tera:Water|100\/100\n|-ability|p1b: Weezing|Neutralizing Gas\n|move|p2b: Sneasler|Close Combat|p1b: Weezing\n|-crit|p1b: Weezing\n|-damage|p1b: Weezing|20\/100\n|-unboost|p2b: Sneasler|def|1\n|-unboost|p2b: Sneasler|spd|1\n|-enditem|p1b: Weezing|Sitrus Berry|[eat]\n|-heal|p1b: Weezing|44\/100|[from] item: Sitrus Berry\n|move|p1a: Renault|Heat Wave|p2a: Kingambit|[spread] p2a,p2b\n|-damage|p2a: Kingambit|0 fnt\n|-damage|p2b: Sneasler|0 fnt\n|faint|p2a: Kingambit\n|faint|p2b: Sneasler\n|\n|upkeep\n|\n|t:|1733060582\n|switch|p2b: Rillaboom|Rillaboom, L50, F|50\/100\n|switch|p2a: Basculegion|Basculegion, L50, M|100\/100\n|turn|5\n|j| GooglePay\n|inactive|marcxhenry has 30 seconds left.\n|\n|t:|1733060616\n|move|p2a: Basculegion|Wave Crash|p1a: Renault\n|-supereffective|p1a: Renault\n|-damage|p1a: Renault|0 fnt\n|faint|p1a: Renault\n|-damage|p2a: Basculegion|68\/100|[from] Recoil\n|move|p2b: Rillaboom|Wood Hammer|p1b: Weezing\n|-supereffective|p1b: Weezing\n|-damage|p1b: Weezing|0 fnt\n|faint|p1b: Weezing\n|-end|p1b: Weezing|ability: Neutralizing Gas\n|-fieldstart|move: Grassy Terrain|[from] ability: Grassy Surge|[of] p2b: Rillaboom\n|-damage|p2b: Rillaboom|37\/100|[from] Recoil\n|\n|-heal|p2a: Basculegion|74\/100|[from] Grassy Terrain\n|-heal|p2b: Rillaboom|43\/100|[from] Grassy Terrain\n|upkeep\n|\n|t:|1733060631\n|switch|p1b: Slaking|Slaking, L50, M, shiny|85\/100\n|turn|6\n|\n|t:|1733060634\n|move|p2b: Rillaboom|Grassy Glide|p1b: Slaking\n|-damage|p1b: Slaking|53\/100\n|move|p2a: Basculegion|Wave Crash|p1b: Slaking\n|-damage|p1b: Slaking|0 fnt\n|faint|p1b: Slaking\n|-damage|p2a: Basculegion|54\/100|[from] Recoil\n|\n|win|pokequimico\n|raw|marcxhenry's rating: 1748 &rarr; <strong>1728<\/strong><br \/>(-20 for losing)\n|raw|pokequimico's rating: 1750 &rarr; <strong>1770<\/strong><br \/>(+20 for winning)\n|l|\u2606pokequimico\n|player|p2|\n|l|\u2606marcxhenry\n|player|p1|\n|l| max9713\n|l| GooglePay\n","uploadtime":1733060796,"views":23,"formatid":"gen9vgc2024regh","rating":1728,"private":0,"password":null}