{"id":"gen9vgc2024regh-2254147160","format":"[Gen 9] VGC 2024 Reg H","players":["soap858","pokequimico"],"log":"|j|\u2606soap858\n|j|\u2606pokequimico\n|t:|1732997005\n|gametype|doubles\n|player|p1|soap858|101|1667\n|player|p2|pokequimico|lucas|1748\n|teamsize|p1|6\n|teamsize|p2|6\n|gen|9\n|tier|[Gen 9] VGC 2024 Reg H\n|rated|\n|rule|Species Clause: Limit one of each Pok\u00e9mon\n|rule|Item Clause: Limit 1 of each item\n|clearpoke\n|poke|p1|Ursaluna-Bloodmoon, L50, M|\n|poke|p1|Talonflame, L50, F|\n|poke|p1|Sneasler, L50, F|\n|poke|p1|Indeedee, L50, M|\n|poke|p1|Dragonite, L50, M|\n|poke|p1|Electabuzz, L50, M|\n|poke|p2|Sneasler, L50, F|\n|poke|p2|Kingambit, L50, M|\n|poke|p2|Dragonite, L50, M|\n|poke|p2|Basculegion, L50, M|\n|poke|p2|Rillaboom, L50, F|\n|poke|p2|Volcarona, L50, M|\n|teampreview|4\n|inactive|Battle timer is ON: inactive players will automatically lose when time's up. (requested by soap858)\n|j| Wolfey888\n|inactive|soap858 has 60 seconds left.\n|\n|t:|1732997061\n|start\n|switch|p1a: Dragonite|Dragonite, L50, M|100\/100\n|switch|p1b: Electabuzz|Electabuzz, L50, M|100\/100\n|switch|p2a: Sneasler|Sneasler, L50, F|100\/100\n|switch|p2b: Basculegion|Basculegion, L50, M|100\/100\n|turn|1\n|\n|t:|1732997078\n|-terastallize|p2a: Sneasler|Stellar\n|move|p1b: Electabuzz|Protect|p1b: Electabuzz\n|-singleturn|p1b: Electabuzz|Protect\n|move|p2b: Basculegion|Wave Crash|p1b: Electabuzz\n|-activate|p1b: Electabuzz|move: Protect\n|move|p2a: Sneasler|Close Combat|p1b: Electabuzz\n|-activate|p1b: Electabuzz|move: Protect\n|move|p1a: Dragonite|Scale Shot|p2a: Sneasler\n|-damage|p2a: Sneasler|77\/100\n|-damage|p2a: Sneasler|51\/100\n|-damage|p2a: Sneasler|24\/100\n|-crit|p2a: Sneasler\n|-damage|p2a: Sneasler|0 fnt\n|faint|p2a: Sneasler\n|-hitcount|p2: Sneasler|4\n|-unboost|p1a: Dragonite|def|1\n|-boost|p1a: Dragonite|spe|1\n|\n|upkeep\n|\n|t:|1732997084\n|switch|p2a: Kingambit|Kingambit, L50, M|100\/100\n|turn|2\n|\n|t:|1732997104\n|switch|p2b: Rillaboom|Rillaboom, L50, F|100\/100\n|-fieldstart|move: Grassy Terrain|[from] ability: Grassy Surge|[of] p2b: Rillaboom\n|move|p1a: Dragonite|Scale Shot|p2b: Rillaboom\n|-damage|p2b: Rillaboom|86\/100\n|-damage|p2b: Rillaboom|69\/100\n|-damage|p2b: Rillaboom|55\/100\n|-damage|p2b: Rillaboom|41\/100\n|-damage|p2b: Rillaboom|25\/100\n|-hitcount|p2b: Rillaboom|5\n|-unboost|p1a: Dragonite|def|1\n|-boost|p1a: Dragonite|spe|1\n|move|p1b: Electabuzz|Taunt|p2a: Kingambit\n|-start|p2a: Kingambit|move: Taunt\n|move|p2a: Kingambit|Kowtow Cleave|p1a: Dragonite\n|-damage|p1a: Dragonite|45\/100\n|\n|-heal|p2b: Rillaboom|32\/100|[from] Grassy Terrain\n|upkeep\n|turn|3\n|\n|t:|1732997125\n|move|p1a: Dragonite|Protect|p1a: Dragonite\n|-singleturn|p1a: Dragonite|Protect\n|move|p1b: Electabuzz|Protect|p1b: Electabuzz\n|-singleturn|p1b: Electabuzz|Protect\n|move|p2b: Rillaboom|Fake Out|p1b: Electabuzz\n|-activate|p1b: Electabuzz|move: Protect\n|move|p2a: Kingambit|Kowtow Cleave|p1a: Dragonite\n|-activate|p1a: Dragonite|move: Protect\n|\n|-heal|p2b: Rillaboom|38\/100|[from] Grassy Terrain\n|upkeep\n|turn|4\n|\n|t:|1732997138\n|move|p1b: Electabuzz|Follow Me|p1b: Electabuzz\n|-singleturn|p1b: Electabuzz|move: Follow Me\n|move|p2b: Rillaboom|Grassy Glide|p1b: Electabuzz\n|-damage|p1b: Electabuzz|66\/100\n|move|p1a: Dragonite|Scale Shot|p2b: Rillaboom\n|-damage|p2b: Rillaboom|23\/100\n|-damage|p2b: Rillaboom|9\/100\n|-damage|p2b: Rillaboom|0 fnt\n|faint|p2b: Rillaboom\n|-hitcount|p2: Rillaboom|3\n|-unboost|p1a: Dragonite|def|1\n|-boost|p1a: Dragonite|spe|1\n|move|p2a: Kingambit|Kowtow Cleave|p1b: Electabuzz\n|-damage|p1b: Electabuzz|21\/100\n|\n|-heal|p1b: Electabuzz|27\/100|[from] Grassy Terrain\n|-end|p2a: Kingambit|move: Taunt\n|upkeep\n|\n|t:|1732997154\n|switch|p2b: Basculegion|Basculegion, L50, M|100\/100\n|turn|5\n|inactive|pokequimico has 30 seconds left.\n|inactive|pokequimico has 20 seconds left.\n|inactive|pokequimico has 15 seconds left.\n|inactive|pokequimico has 10 seconds left.\n|inactive|pokequimico has 5 seconds left.\n|\n|t:|1732997209\n|move|p2a: Kingambit|Protect|p2a: Kingambit\n|-singleturn|p2a: Kingambit|Protect\n|move|p1b: Electabuzz|Follow Me|p1b: Electabuzz\n|-singleturn|p1b: Electabuzz|move: Follow Me\n|move|p1a: Dragonite|Scale Shot|p2b: Basculegion\n|-damage|p2b: Basculegion|80\/100\n|-damage|p2b: Basculegion|58\/100\n|-damage|p2b: Basculegion|38\/100\n|-damage|p2b: Basculegion|20\/100\n|-hitcount|p2b: Basculegion|4\n|-unboost|p1a: Dragonite|def|1\n|-boost|p1a: Dragonite|spe|1\n|move|p2b: Basculegion|Wave Crash|p1b: Electabuzz\n|-damage|p1b: Electabuzz|0 fnt\n|faint|p1b: Electabuzz\n|-damage|p2b: Basculegion|12\/100|[from] Recoil\n|\n|-heal|p2b: Basculegion|18\/100|[from] Grassy Terrain\n|upkeep\n|\n|t:|1732997228\n|switch|p1b: Talonflame|Talonflame, L50, F|100\/100\n|turn|6\n|\n|t:|1732997250\n|move|p1b: Talonflame|Dual Wingbeat|p2b: Basculegion\n|-crit|p2b: Basculegion\n|-damage|p2b: Basculegion|0 fnt\n|faint|p2b: Basculegion\n|-hitcount|p2: Basculegion|1\n|move|p2a: Kingambit|Sucker Punch|p1a: Dragonite\n|-damage|p1a: Dragonite|0 fnt\n|faint|p1a: Dragonite\n|\n|-fieldend|move: Grassy Terrain\n|upkeep\n|\n|t:|1732997257\n|switch|p1a: Ursaluna|Ursaluna-Bloodmoon, L50, M|100\/100\n|turn|7\n|inactive|pokequimico has 30 seconds left.\n|\n|t:|1732997288\n|-terastallize|p1b: Talonflame|Stellar\n|move|p1b: Talonflame|Flare Blitz|p2a: Kingambit\n|-supereffective|p2a: Kingambit\n|-damage|p2a: Kingambit|0 fnt\n|faint|p2a: Kingambit\n|-damage|p1b: Talonflame|57\/100|[from] Recoil\n|\n|win|soap858\n|raw|soap858's rating: 1667 &rarr; <strong>1692<\/strong><br \/>(+25 for winning)\n|raw|pokequimico's rating: 1748 &rarr; <strong>1723<\/strong><br \/>(-25 for losing)\n|l|\u2606pokequimico\n|player|p2|\n|l| Wolfey888\n|l|\u2606soap858\n|player|p1|\n","uploadtime":1732997535,"views":10,"formatid":"gen9vgc2024regh","rating":1692,"private":0,"password":null}