{"id":"gen9vgc2024regh-2254331409","format":"[Gen 9] VGC 2024 Reg H","players":["ren122333","TheDecommissioner"],"log":"|j|\u2606ren122333\n|j|\u2606TheDecommissioner\n|t:|1733020893\n|gametype|doubles\n|player|p1|ren122333|hilbert|1800\n|player|p2|TheDecommissioner|preschooler|1710\n|teamsize|p1|6\n|teamsize|p2|6\n|gen|9\n|tier|[Gen 9] VGC 2024 Reg H\n|rated|\n|rule|Species Clause: Limit one of each Pok\u00e9mon\n|rule|Item Clause: Limit 1 of each item\n|clearpoke\n|poke|p1|Whimsicott, L50, M|\n|poke|p1|Mamoswine, L50, F|\n|poke|p1|Lycanroc-Dusk, L50, F|\n|poke|p1|Typhlosion-Hisui, L50, M|\n|poke|p1|Farigiraf, L50, M|\n|poke|p1|Mienshao, L50, F|\n|poke|p2|Indeedee-F, L50, F|\n|poke|p2|Kleavor, L50, M|\n|poke|p2|Torkoal, L50, F|\n|poke|p2|Archaludon, L50, F|\n|poke|p2|Lilligant-Hisui, L50, F|\n|poke|p2|Ursaluna, L50, M|\n|teampreview|4\n|inactive|Battle timer is ON: inactive players will automatically lose when time's up. (requested by TheDecommissioner)\n|\n|t:|1733020913\n|start\n|switch|p1a: Whimsicott|Whimsicott, L50, M|100\/100\n|switch|p1b: Lycanroc|Lycanroc-Dusk, L50, F, shiny|100\/100\n|switch|p2a: Talking|Lilligant-Hisui, L50, F|100\/100\n|switch|p2b: Turtle|Torkoal, L50, F|100\/100\n|-weather|SunnyDay|[from] ability: Drought|[of] p2b: Turtle\n|turn|1\n|j| futonkagebunshin\n|\n|t:|1733020928\n|switch|p2b: Help|Indeedee-F, L50, F|100\/100\n|-fieldstart|move: Psychic Terrain|[from] ability: Psychic Surge|[of] p2b: Help\n|-enditem|p2b: Help|Psychic Seed\n|-boost|p2b: Help|spd|1|[from] item: Psychic Seed\n|move|p1a: Whimsicott|Tailwind|p1a: Whimsicott\n|-sidestart|p1: ren122333|move: Tailwind\n|move|p1b: Lycanroc|Rock Slide|p2b: Help|[spread] p2a,p2b\n|-resisted|p2a: Talking\n|-damage|p2a: Talking|71\/100\n|-damage|p2b: Help|63\/100\n|cant|p2a: Talking|flinch\n|\n|-weather|SunnyDay|[upkeep]\n|upkeep\n|turn|2\n|inactive|TheDecommissioner has 30 seconds left.\n|\n|t:|1733020963\n|switch|p2a: Is|Archaludon, L50, F|100\/100\n|-terastallize|p1b: Lycanroc|Stellar\n|move|p1a: Whimsicott|Moonblast|p2a: Is\n|-damage|p2a: Is|82\/100\n|-unboost|p2a: Is|spa|1\n|-ability|p2a: Is|Stamina|boost\n|-boost|p2a: Is|def|1\n|move|p1b: Lycanroc|Rock Slide|p2a: Is|[spread] p2a,p2b\n|-resisted|p2a: Is\n|-damage|p2a: Is|69\/100\n|-damage|p2b: Help|15\/100\n|-ability|p2a: Is|Stamina|boost\n|-boost|p2a: Is|def|1\n|cant|p2b: Help|flinch\n|\n|-weather|SunnyDay|[upkeep]\n|upkeep\n|turn|3\n|\n|t:|1733020975\n|switch|p1b: Mienshao|Mienshao, L50, F|100\/100\n|move|p1a: Whimsicott|Moonblast|p2b: Help\n|-damage|p2b: Help|0 fnt\n|faint|p2b: Help\n|move|p2a: Is|Snarl|p1b: Mienshao|[spread] p1a,p1b\n|-resisted|p1a: Whimsicott\n|-resisted|p1b: Mienshao\n|-damage|p1a: Whimsicott|95\/100\n|-damage|p1b: Mienshao|93\/100\n|-unboost|p1a: Whimsicott|spa|1\n|-unboost|p1b: Mienshao|spa|1\n|\n|-weather|SunnyDay|[upkeep]\n|upkeep\n|\n|t:|1733020980\n|switch|p2b: Talking|Lilligant-Hisui, L50, F|71\/100\n|turn|4\n|\n|t:|1733020989\n|-terastallize|p2b: Talking|Ghost\n|move|p1a: Whimsicott|Moonblast|p2a: Is\n|-damage|p2a: Is|55\/100\n|-ability|p2a: Is|Stamina|boost\n|-boost|p2a: Is|def|1\n|move|p1b: Mienshao|Ice Spinner|p2b: Talking\n|-damage|p2b: Talking|20\/100\n|-fieldend|move: Psychic Terrain\n|-damage|p1b: Mienshao|83\/100|[from] item: Life Orb\n|move|p2b: Talking|Sleep Powder|p1b: Mienshao\n|-status|p1b: Mienshao|slp|[from] move: Sleep Powder\n|move|p2a: Is|Body Press|p1b: Mienshao\n|-damage|p1b: Mienshao|0 fnt\n|faint|p1b: Mienshao\n|\n|-weather|SunnyDay|[upkeep]\n|-sideend|p1: ren122333|move: Tailwind\n|upkeep\n|\n|t:|1733021003\n|switch|p1b: Typhlosion|Typhlosion-Hisui, L50, M|100\/100\n|-item|p2a: Is|Assault Vest|[from] ability: Frisk|[of] p1b: Typhlosion\n|-item|p2b: Talking|Wide Lens|[from] ability: Frisk|[of] p1b: Typhlosion\n|turn|5\n|\n|t:|1733021012\n|switch|p1b: Lycanroc|Lycanroc-Dusk, L50, F, shiny, tera:Stellar|100\/100\n|move|p1a: Whimsicott|Tailwind|p1a: Whimsicott\n|-sidestart|p1: ren122333|move: Tailwind\n|move|p2b: Talking|Sleep Powder|p1b: Lycanroc\n|-status|p1b: Lycanroc|slp|[from] move: Sleep Powder\n|move|p2a: Is|Snarl|p1b: Lycanroc|[spread] p1a,p1b\n|-resisted|p1a: Whimsicott\n|-damage|p1a: Whimsicott|88\/100\n|-damage|p1b: Lycanroc|87\/100 slp\n|-unboost|p1a: Whimsicott|spa|1\n|-unboost|p1b: Lycanroc|spa|1\n|\n|-weather|none\n|upkeep\n|turn|6\n|inactive|TheDecommissioner has 30 seconds left.\n|\n|t:|1733021039\n|switch|p2b: Turtle|Torkoal, L50, F|100\/100\n|-weather|SunnyDay|[from] ability: Drought|[of] p2b: Turtle\n|move|p1a: Whimsicott|Moonblast|p2b: Turtle\n|-resisted|p2b: Turtle\n|-damage|p2b: Turtle|90\/100\n|cant|p1b: Lycanroc|slp\n|move|p2a: Is|Body Press|p1a: Whimsicott\n|-resisted|p1a: Whimsicott\n|-damage|p1a: Whimsicott|44\/100\n|\n|-weather|SunnyDay|[upkeep]\n|upkeep\n|turn|7\n|j| surgevgc\n|\n|t:|1733021061\n|move|p2b: Turtle|Protect|p2b: Turtle\n|-singleturn|p2b: Turtle|Protect\n|move|p1a: Whimsicott|Moonblast|p2a: Is\n|-damage|p2a: Is|44\/100\n|-ability|p2a: Is|Stamina|boost\n|-boost|p2a: Is|def|1\n|-curestatus|p1b: Lycanroc|slp|[msg]\n|move|p1b: Lycanroc|Stomping Tantrum|p2b: Turtle\n|-activate|p2b: Turtle|move: Protect\n|move|p2a: Is|Snarl|p1b: Lycanroc|[spread] p1a,p1b\n|-resisted|p1a: Whimsicott\n|-damage|p1a: Whimsicott|38\/100\n|-damage|p1b: Lycanroc|74\/100\n|-unboost|p1a: Whimsicott|spa|1\n|-unboost|p1b: Lycanroc|spa|1\n|\n|-weather|SunnyDay|[upkeep]\n|upkeep\n|turn|8\n|inactive|TheDecommissioner has 30 seconds left.\n|\n|t:|1733021086\n|switch|p1b: Typhlosion|Typhlosion-Hisui, L50, M|100\/100\n|-item|p2a: Is|Assault Vest|[from] ability: Frisk|[of] p1b: Typhlosion\n|-item|p2b: Turtle|Charcoal|[from] ability: Frisk|[of] p1b: Typhlosion\n|move|p1a: Whimsicott|Encore|p2b: Turtle\n|-start|p2b: Turtle|Encore\n|move|p2a: Is|Body Press|p1b: Typhlosion\n|-immune|p1b: Typhlosion\n|move|p2b: Turtle|Protect||[still]\n|-fail|p2b: Turtle\n|\n|-weather|SunnyDay|[upkeep]\n|-sideend|p1: ren122333|move: Tailwind\n|upkeep\n|turn|9\n|-message|TheDecommissioner forfeited.\n|\n|win|ren122333\n|raw|ren122333's rating: 1800 &rarr; <strong>1815<\/strong><br \/>(+15 for winning)\n|raw|TheDecommissioner's rating: 1710 &rarr; <strong>1695<\/strong><br \/>(-15 for losing)\n|l|\u2606TheDecommissioner\n|player|p2|\n|l|\u2606ren122333\n|player|p1|\n|l| surgevgc\n","uploadtime":1733021375,"views":13,"formatid":"gen9vgc2024regh","rating":1695,"private":0,"password":null}