{"id":"gen9vgc2024regh-2254431368","format":"[Gen 9] VGC 2024 Reg H","players":["Bug Maniac Silver","corndog7"],"log":"|j|\u2606Bug Maniac Silver\n|j|\u2606corndog7\n|t:|1733036756\n|gametype|doubles\n|player|p1|Bug Maniac Silver|aaron|1656\n|player|p2|corndog7|linebacker|1723\n|teamsize|p1|6\n|teamsize|p2|6\n|gen|9\n|tier|[Gen 9] VGC 2024 Reg H\n|rated|\n|rule|Species Clause: Limit one of each Pok\u00e9mon\n|rule|Item Clause: Limit 1 of each item\n|clearpoke\n|poke|p1|Dragonite, L50, M|\n|poke|p1|Sneasler, L50, M|\n|poke|p1|Rillaboom, L50, F|\n|poke|p1|Incineroar, L50, F|\n|poke|p1|Gholdengo, L50|\n|poke|p1|Electabuzz, L50, M|\n|poke|p2|Primarina, L50, F|\n|poke|p2|Volcarona, L50, M|\n|poke|p2|Kingambit, L50, M|\n|poke|p2|Sneasler, L50, M|\n|poke|p2|Rillaboom, L50, F|\n|poke|p2|Gholdengo, L50|\n|teampreview|4\n|inactive|Battle timer is ON: inactive players will automatically lose when time's up. (requested by corndog7)\n|j| Sachabot\n|inactive|Bug Maniac Silver has 60 seconds left.\n|\n|t:|1733036793\n|start\n|switch|p1a: Dragonite|Dragonite, L50, M|100\/100\n|switch|p1b: Sneasler|Sneasler, L50, M|100\/100\n|switch|p2a: Primarina|Primarina, L50, F|100\/100\n|switch|p2b: Gholdengo|Gholdengo, L50|100\/100\n|turn|1\n|inactive|corndog7 has 30 seconds left.\n|\n|t:|1733036824\n|switch|p1a: Rillaboom|Rillaboom, L50, F|100\/100\n|-fieldstart|move: Grassy Terrain|[from] ability: Grassy Surge|[of] p1a: Rillaboom\n|-terastallize|p2a: Primarina|Poison\n|move|p1b: Sneasler|Protect|p1b: Sneasler\n|-singleturn|p1b: Sneasler|Protect\n|move|p2b: Gholdengo|Nasty Plot|p2b: Gholdengo\n|-boost|p2b: Gholdengo|spa|2\n|move|p2a: Primarina|Hyper Voice|p1a: Rillaboom|[spread] p1a\n|-activate|p1b: Sneasler|move: Protect\n|-resisted|p1a: Rillaboom\n|-damage|p1a: Rillaboom|86\/100\n|-enditem|p2a: Primarina|Throat Spray\n|-boost|p2a: Primarina|spa|1|[from] item: Throat Spray\n|\n|-heal|p1a: Rillaboom|92\/100|[from] Grassy Terrain\n|upkeep\n|turn|2\n|inactive|corndog7 has 30 seconds left.\n|\n|t:|1733036856\n|-terastallize|p1a: Rillaboom|Fire\n|move|p2a: Primarina|Protect|p2a: Primarina\n|-singleturn|p2a: Primarina|Protect\n|move|p1b: Sneasler|Coaching|p1a: Rillaboom\n|-boost|p1a: Rillaboom|atk|1\n|-boost|p1a: Rillaboom|def|1\n|move|p2b: Gholdengo|Make It Rain|p1b: Sneasler|[spread] p1a,p1b\n|-resisted|p1a: Rillaboom\n|-crit|p1a: Rillaboom\n|-damage|p1a: Rillaboom|16\/100\n|-enditem|p1b: Sneasler|Focus Sash\n|-damage|p1b: Sneasler|1\/100\n|-unboost|p2b: Gholdengo|spa|1\n|-damage|p2b: Gholdengo|91\/100|[from] item: Life Orb\n|move|p1a: Rillaboom|High Horsepower|p2b: Gholdengo\n|-supereffective|p2b: Gholdengo\n|-damage|p2b: Gholdengo|0 fnt\n|faint|p2b: Gholdengo\n|\n|-heal|p1b: Sneasler|7\/100|[from] Grassy Terrain\n|-heal|p1a: Rillaboom|22\/100|[from] Grassy Terrain\n|upkeep\n|\n|t:|1733036878\n|switch|p2b: Volcarona|Volcarona, L50, M|100\/100\n|turn|3\n|\n|t:|1733036895\n|switch|p2b: Kingambit|Kingambit, L50, M|100\/100\n|move|p1b: Sneasler|Dire Claw|p2b: Kingambit\n|-immune|p2b: Kingambit\n|move|p1a: Rillaboom|High Horsepower|p2a: Primarina\n|-supereffective|p2a: Primarina\n|-damage|p2a: Primarina|0 fnt\n|faint|p2a: Primarina\n|\n|-heal|p1b: Sneasler|13\/100|[from] Grassy Terrain\n|-heal|p1a: Rillaboom|28\/100|[from] Grassy Terrain\n|upkeep\n|\n|t:|1733036907\n|switch|p2a: Volcarona|Volcarona, L50, M|100\/100\n|turn|4\n|inactive|corndog7 has 30 seconds left.\n|inactive|corndog7 has 20 seconds left.\n|\n|t:|1733036943\n|move|p2b: Kingambit|Sucker Punch||[still]\n|-fail|p2b: Kingambit\n|move|p1b: Sneasler|Coaching|p1a: Rillaboom\n|-boost|p1a: Rillaboom|atk|1\n|-boost|p1a: Rillaboom|def|1\n|move|p2a: Volcarona|Heat Wave|p1a: Rillaboom|[spread] p1b\n|-miss|p2a: Volcarona|p1a: Rillaboom\n|-crit|p1b: Sneasler\n|-damage|p1b: Sneasler|0 fnt\n|faint|p1b: Sneasler\n|move|p1a: Rillaboom|High Horsepower|p2b: Kingambit\n|-supereffective|p2b: Kingambit\n|-damage|p2b: Kingambit|7\/100\n|\n|-heal|p1a: Rillaboom|34\/100|[from] Grassy Terrain\n|-heal|p2b: Kingambit|13\/100|[from] Grassy Terrain\n|upkeep\n|\n|t:|1733036957\n|switch|p1b: Dragonite|Dragonite, L50, M|100\/100\n|turn|5\n|\n|t:|1733036968\n|move|p2b: Kingambit|Protect|p2b: Kingambit\n|-singleturn|p2b: Kingambit|Protect\n|move|p1b: Dragonite|Extreme Speed|p2b: Kingambit\n|-activate|p2b: Kingambit|move: Protect\n|move|p2a: Volcarona|Quiver Dance|p2a: Volcarona\n|-boost|p2a: Volcarona|spa|1\n|-boost|p2a: Volcarona|spd|1\n|-boost|p2a: Volcarona|spe|1\n|move|p1a: Rillaboom|High Horsepower|p2a: Volcarona\n|-damage|p2a: Volcarona|4\/100\n|\n|-heal|p2a: Volcarona|10\/100|[from] Grassy Terrain\n|-heal|p1a: Rillaboom|40\/100|[from] Grassy Terrain\n|-heal|p2b: Kingambit|18\/100|[from] Grassy Terrain\n|-fieldend|move: Grassy Terrain\n|upkeep\n|turn|6\n|inactive|corndog7 has 30 seconds left.\n|j| GooglePay\n|\n|t:|1733036995\n|move|p1b: Dragonite|Extreme Speed|p2a: Volcarona\n|-damage|p2a: Volcarona|0 fnt\n|-status|p1b: Dragonite|brn|[from] ability: Flame Body|[of] p2a: Volcarona\n|faint|p2a: Volcarona\n|move|p2b: Kingambit|Sucker Punch|p1a: Rillaboom\n|-damage|p1a: Rillaboom|14\/100\n|move|p1a: Rillaboom|High Horsepower|p2b: Kingambit\n|-supereffective|p2b: Kingambit\n|-damage|p2b: Kingambit|0 fnt\n|faint|p2b: Kingambit\n|\n|win|Bug Maniac Silver\n|raw|Bug Maniac Silver's rating: 1656 &rarr; <strong>1680<\/strong><br \/>(+24 for winning)\n|raw|corndog7's rating: 1723 &rarr; <strong>1699<\/strong><br \/>(-24 for losing)\n|l|\u2606corndog7\n|player|p2|\n|l| Sachabot\n|l|\u2606Bug Maniac Silver\n|player|p1|\n","uploadtime":1733037198,"views":8,"formatid":"gen9vgc2024regh","rating":1680,"private":0,"password":null}