{"id":"gen9vgc2024regh-2254686282","format":"[Gen 9] VGC 2024 Reg H","players":["dinglustan","ren122333"],"log":"|j|\u2606dinglustan\n|j|\u2606ren122333\n|t:|1733079424\n|gametype|doubles\n|player|p1|dinglustan|266|1796\n|player|p2|ren122333|hilbert|1809\n|teamsize|p1|6\n|teamsize|p2|6\n|gen|9\n|tier|[Gen 9] VGC 2024 Reg H\n|rated|\n|rule|Species Clause: Limit one of each Pok\u00e9mon\n|rule|Item Clause: Limit 1 of each item\n|clearpoke\n|poke|p1|Whimsicott, L50, M|\n|poke|p1|Basculegion, L50, M|\n|poke|p1|Arcanine-Hisui, L50, F|\n|poke|p1|Hydreigon, L50, F|\n|poke|p1|Farigiraf, L50, M|\n|poke|p1|Pawmot, L50, F|\n|poke|p2|Whimsicott, L50, M|\n|poke|p2|Mamoswine, L50, F|\n|poke|p2|Lycanroc-Dusk, L50, M|\n|poke|p2|Typhlosion-Hisui, L50, M|\n|poke|p2|Farigiraf, L50, F|\n|poke|p2|Mienshao, L50, F|\n|teampreview|4\n|inactive|Battle timer is ON: inactive players will automatically lose when time's up. (requested by dinglustan)\n|\n|t:|1733079444\n|start\n|switch|p1a: Whimsicott|Whimsicott, L50, M|100\/100\n|switch|p1b: Pawmot|Pawmot, L50, F|100\/100\n|switch|p2a: Whimsicott|Whimsicott, L50, M|100\/100\n|switch|p2b: Mienshao|Mienshao, L50, F|100\/100\n|turn|1\n|\n|t:|1733079463\n|switch|p1a: Farigiraf|Farigiraf, L50, M|100\/100\n|move|p2a: Whimsicott|Tailwind|p2a: Whimsicott\n|-sidestart|p2: ren122333|move: Tailwind\n|move|p2b: Mienshao|Close Combat|p1b: Pawmot\n|-enditem|p1b: Pawmot|Focus Sash\n|-damage|p1b: Pawmot|1\/100\n|-unboost|p2b: Mienshao|def|1\n|-unboost|p2b: Mienshao|spd|1\n|-damage|p2b: Mienshao|91\/100|[from] item: Life Orb\n|move|p1b: Pawmot|Double Shock|p2b: Mienshao\n|-damage|p2b: Mienshao|0 fnt\n|-start|p1b: Pawmot|typechange|???\/Fighting|[from] move: Double Shock\n|faint|p2b: Mienshao\n|\n|upkeep\n|\n|t:|1733079476\n|switch|p2b: Typhlosion|Typhlosion-Hisui, L50, M|100\/100\n|-item|p1a: Farigiraf|Throat Spray|[from] ability: Frisk|[of] p2b: Typhlosion\n|turn|2\n|\n|t:|1733079488\n|-terastallize|p2b: Typhlosion|Fire\n|move|p1a: Farigiraf|Protect|p1a: Farigiraf\n|-singleturn|p1a: Farigiraf|Protect\n|move|p2a: Whimsicott|Sunny Day|p2a: Whimsicott\n|-weather|SunnyDay\n|move|p2b: Typhlosion|Eruption|p1b: Pawmot|[spread] p1b\n|-activate|p1a: Farigiraf|move: Protect\n|-damage|p1b: Pawmot|0 fnt\n|faint|p1b: Pawmot\n|\n|-weather|SunnyDay|[upkeep]\n|upkeep\n|\n|t:|1733079490\n|switch|p1b: Basculegion|Basculegion, L50, M|100\/100\n|turn|3\n|\n|t:|1733079500\n|move|p1b: Basculegion|Aqua Jet|p2b: Typhlosion\n|-supereffective|p2b: Typhlosion\n|-damage|p2b: Typhlosion|49\/100\n|move|p2a: Whimsicott|Moonblast|p1a: Farigiraf\n|-damage|p1a: Farigiraf|70\/100\n|move|p2b: Typhlosion|Eruption|p1a: Farigiraf|[spread] p1a,p1b\n|-resisted|p1b: Basculegion\n|-damage|p1a: Farigiraf|4\/100\n|-damage|p1b: Basculegion|59\/100\n|move|p1a: Farigiraf|Trick Room|p1a: Farigiraf\n|-fieldstart|move: Trick Room|[of] p1a: Farigiraf\n|\n|-weather|SunnyDay|[upkeep]\n|upkeep\n|turn|4\n|\n|t:|1733079515\n|switch|p1b: Whimsicott|Whimsicott, L50, M|100\/100\n|move|p1a: Farigiraf|Hyper Voice|p2b: Typhlosion|[spread] p2a,p2b\n|-damage|p2a: Whimsicott|51\/100\n|-damage|p2b: Typhlosion|3\/100\n|-enditem|p1a: Farigiraf|Throat Spray\n|-boost|p1a: Farigiraf|spa|1|[from] item: Throat Spray\n|move|p2b: Typhlosion|Eruption|p1a: Farigiraf|[spread] p1a,p1b\n|-supereffective|p1b: Whimsicott\n|-damage|p1a: Farigiraf|0 fnt\n|-damage|p1b: Whimsicott|88\/100\n|faint|p1a: Farigiraf\n|move|p2a: Whimsicott|Moonblast|p1b: Whimsicott\n|-damage|p1b: Whimsicott|52\/100\n|\n|-weather|SunnyDay|[upkeep]\n|-sideend|p2: ren122333|move: Tailwind\n|upkeep\n|\n|t:|1733079522\n|switch|p1a: Basculegion|Basculegion, L50, M|59\/100\n|turn|5\n|\n|t:|1733079529\n|move|p1a: Basculegion|Last Respects|p2a: Whimsicott\n|-damage|p2a: Whimsicott|0 fnt\n|faint|p2a: Whimsicott\n|move|p1b: Whimsicott|Moonblast|p2b: Typhlosion\n|-resisted|p2b: Typhlosion\n|-damage|p2b: Typhlosion|0 fnt\n|faint|p2b: Typhlosion\n|\n|-weather|SunnyDay|[upkeep]\n|upkeep\n|-message|ren122333 forfeited.\n|\n|win|dinglustan\n|raw|dinglustan's rating: 1796 &rarr; <strong>1817<\/strong><br \/>(+21 for winning)\n|raw|ren122333's rating: 1809 &rarr; <strong>1788<\/strong><br \/>(-21 for losing)\n|l|\u2606ren122333\n|player|p2|\n|l|\u2606dinglustan\n|player|p1|\n","uploadtime":1733079698,"views":8,"formatid":"gen9vgc2024regh","rating":1788,"private":0,"password":null}