{"id":"gen9vgc2024regh-2254592018","format":"[Gen 9] VGC 2024 Reg H","players":["Salmonelephant","insertable194"],"log":"|j|\u2606Salmonelephant\n|j|\u2606insertable194\n|t:|1733067548\n|gametype|doubles\n|player|p1|Salmonelephant|266|1792\n|player|p2|insertable194|hanbei-conquest|1736\n|teamsize|p1|6\n|teamsize|p2|6\n|gen|9\n|tier|[Gen 9] VGC 2024 Reg H\n|rated|\n|rule|Species Clause: Limit one of each Pok\u00e9mon\n|rule|Item Clause: Limit 1 of each item\n|clearpoke\n|poke|p1|Chandelure, L50, M|\n|poke|p1|Glimmora, L50, F|\n|poke|p1|Ribombee, L50, M|\n|poke|p1|Ursaluna-Bloodmoon, L50, M|\n|poke|p1|Rillaboom, L50, M|\n|poke|p1|Archaludon, L50, F|\n|poke|p2|Smeargle, L50, M|\n|poke|p2|Farigiraf, L50, M|\n|poke|p2|Archaludon, L50, F|\n|poke|p2|Torkoal, L50, F|\n|poke|p2|Ursaluna-Bloodmoon, L50, M|\n|poke|p2|Annihilape, L50, M|\n|teampreview|4\n|inactive|Battle timer is ON: inactive players will automatically lose when time's up. (requested by insertable194)\n|\n|t:|1733067580\n|start\n|switch|p1a: Chandelure|Chandelure, L50, M|100\/100\n|switch|p1b: Ribombee|Ribombee, L50, M|100\/100\n|switch|p2a: Smeargle|Smeargle, L50, M|100\/100\n|switch|p2b: Farigiraf|Farigiraf, L50, M|100\/100\n|turn|1\n|\n|t:|1733067604\n|move|p1b: Ribombee|Fake Tears|p2b: Farigiraf\n|-unboost|p2b: Farigiraf|spd|2\n|move|p2a: Smeargle|Spore|p1a: Chandelure\n|-status|p1a: Chandelure|slp|[from] move: Spore\n|cant|p1a: Chandelure|slp\n|move|p2b: Farigiraf|Trick Room|p2b: Farigiraf\n|-fieldstart|move: Trick Room|[of] p2b: Farigiraf\n|\n|-ability|p2a: Smeargle|Moody|boost\n|-boost|p2a: Smeargle|spd|2\n|-unboost|p2a: Smeargle|atk|1\n|-enditem|p2a: Smeargle|Eject Pack\n|upkeep\n|\n|t:|1733067608\n|switch|p2a: Ursaluna|Ursaluna-Bloodmoon, L50, M|100\/100\n|turn|2\n|\n|t:|1733067626\n|-terastallize|p2a: Ursaluna|Normal\n|move|p2b: Farigiraf|Twin Beam|p1a: Chandelure\n|-damage|p1a: Chandelure|80\/100 slp\n|-damage|p1a: Chandelure|60\/100 slp\n|-hitcount|p1a: Chandelure|2\n|move|p2a: Ursaluna|Hyper Voice|p1b: Ribombee|[spread] p1a,p1b\n|-damage|p1a: Chandelure|0 fnt\n|-enditem|p1b: Ribombee|Focus Sash\n|-damage|p1b: Ribombee|1\/100\n|faint|p1a: Chandelure\n|-damage|p2a: Ursaluna|90\/100|[from] item: Life Orb\n|move|p1b: Ribombee|Moonblast|p2b: Farigiraf\n|-damage|p2b: Farigiraf|19\/100\n|\n|upkeep\n|\n|t:|1733067636\n|switch|p1a: Archaludon|Archaludon, L50, F|100\/100\n|turn|3\n|inactive|Salmonelephant has 30 seconds left.\n|inactive|Salmonelephant has 20 seconds left.\n|\n|t:|1733067672\n|-terastallize|p1a: Archaludon|Electric\n|move|p2b: Farigiraf|Twin Beam|p1b: Ribombee\n|-damage|p1b: Ribombee|0 fnt\n|faint|p1b: Ribombee\n|-hitcount|p1: Ribombee|1\n|move|p2a: Ursaluna|Earth Power|p1a: Archaludon\n|-supereffective|p1a: Archaludon\n|-ability|p1a: Archaludon|Sturdy\n|-damage|p1a: Archaludon|1\/100\n|-damage|p2a: Ursaluna|80\/100|[from] item: Life Orb\n|move|p1a: Archaludon|Electro Shot||[still]\n|-prepare|p1a: Archaludon|Electro Shot\n|-boost|p1a: Archaludon|spa|1\n|-enditem|p1a: Archaludon|Power Herb\n|-anim|p1a: Archaludon|Electro Shot|p2a: Ursaluna\n|-damage|p2a: Ursaluna|0 fnt\n|faint|p2a: Ursaluna\n|\n|upkeep\n|\n|t:|1733067689\n|switch|p2a: Torkoal|Torkoal, L50, F|100\/100\n|switch|p1b: Glimmora|Glimmora, L50, F|100\/100\n|-weather|SunnyDay|[from] ability: Drought|[of] p2a: Torkoal\n|turn|4\n|\n|t:|1733067693\n|move|p1a: Archaludon|Protect|p1a: Archaludon\n|-singleturn|p1a: Archaludon|Protect\n|move|p1b: Glimmora|Spiky Shield|p1b: Glimmora\n|-singleturn|p1b: Glimmora|move: Protect\n|move|p2a: Torkoal|Eruption|p1a: Archaludon|[spread] \n|-activate|p1a: Archaludon|move: Protect\n|-activate|p1b: Glimmora|move: Protect\n|move|p2b: Farigiraf|Twin Beam|p1b: Glimmora\n|-activate|p1b: Glimmora|move: Protect\n|\n|-weather|SunnyDay|[upkeep]\n|upkeep\n|turn|5\n|\n|t:|1733067696\n|move|p1a: Archaludon|Protect||[still]\n|-fail|p1a: Archaludon\n|move|p1b: Glimmora|Spiky Shield||[still]\n|-fail|p1b: Glimmora\n|move|p2a: Torkoal|Eruption|p1a: Archaludon|[spread] p1a,p1b\n|-resisted|p1b: Glimmora\n|-damage|p1a: Archaludon|0 fnt\n|-damage|p1b: Glimmora|33\/100\n|faint|p1a: Archaludon\n|move|p2b: Farigiraf|Twin Beam|p1b: Glimmora\n|-supereffective|p1b: Glimmora\n|-damage|p1b: Glimmora|0 fnt\n|faint|p1b: Glimmora\n|-hitcount|p1: Glimmora|1\n|\n|win|insertable194\n|raw|Salmonelephant's rating: 1792 &rarr; <strong>1770<\/strong><br \/>(-22 for losing)\n|raw|insertable194's rating: 1751 &rarr; <strong>1773<\/strong><br \/>(+22 for winning)\n|l|\u2606Salmonelephant\n|player|p1|\n","uploadtime":1733067843,"views":12,"formatid":"gen9vgc2024regh","rating":1770,"private":0,"password":null}