{"id":"gen9vgc2024regh-2254040386","format":"[Gen 9] VGC 2024 Reg H","players":["CarryTheBoats","juacox300"],"log":"|j|\u2606CarryTheBoats\n|j|\u2606juacox300\n|t:|1732983701\n|gametype|doubles\n|player|p1|CarryTheBoats|crasherwake|1762\n|player|p2|juacox300|unknown|1745\n|teamsize|p1|6\n|teamsize|p2|6\n|gen|9\n|tier|[Gen 9] VGC 2024 Reg H\n|rated|\n|rule|Species Clause: Limit one of each Pok\u00e9mon\n|rule|Item Clause: Limit 1 of each item\n|clearpoke\n|poke|p1|Archaludon, L50, F|\n|poke|p1|Pelipper, L50, M|\n|poke|p1|Amoonguss, L50, F|\n|poke|p1|Incineroar, L50, M|\n|poke|p1|Basculegion, L50, M|\n|poke|p1|Dragonite, L50, M|\n|poke|p2|Murkrow, L50, M|\n|poke|p2|Ursaluna, L50, F|\n|poke|p2|Sneasler, L50, M|\n|poke|p2|Indeedee, L50, M|\n|poke|p2|Archaludon, L50, M|\n|poke|p2|Incineroar, L50, M|\n|teampreview|4\n|inactive|Battle timer is ON: inactive players will automatically lose when time's up. (requested by CarryTheBoats)\n|\n|t:|1732983797\n|start\n|switch|p1a: Amoonguss|Amoonguss, L50, F|100\/100\n|switch|p1b: Incineroar|Incineroar, L50, M, shiny|100\/100\n|switch|p2a: Archaludon|Archaludon, L50, M, shiny|100\/100\n|switch|p2b: Murkrow|Murkrow, L50, M|100\/100\n|-ability|p1b: Incineroar|Intimidate|boost\n|-unboost|p2a: Archaludon|atk|1\n|-unboost|p2b: Murkrow|atk|1\n|turn|1\n|\n|t:|1732983813\n|move|p2b: Murkrow|Rain Dance|p2b: Murkrow\n|-weather|RainDance\n|move|p2a: Archaludon|Electro Shot||[still]\n|-prepare|p2a: Archaludon|Electro Shot\n|-boost|p2a: Archaludon|spa|1\n|-anim|p2a: Archaludon|Electro Shot|p1b: Incineroar\n|-damage|p1b: Incineroar|41\/100\n|move|p1b: Incineroar|Parting Shot|p2a: Archaludon\n|-unboost|p2a: Archaludon|atk|1\n|-unboost|p2a: Archaludon|spa|1\n|\n|t:|1732983819\n|switch|p1b: Archaludon|Archaludon, L50, F, shiny|100\/100|[from] Parting Shot\n|move|p1a: Amoonguss|Spore|p2b: Murkrow\n|-status|p2b: Murkrow|slp|[from] move: Spore\n|\n|-weather|RainDance|[upkeep]\n|upkeep\n|turn|2\n|\n|t:|1732983834\n|-terastallize|p2b: Murkrow|Grass\n|move|p2a: Archaludon|Draco Meteor|p1b: Archaludon|[miss]\n|-miss|p2a: Archaludon|p1b: Archaludon\n|move|p1b: Archaludon|Electro Shot||[still]\n|-prepare|p1b: Archaludon|Electro Shot\n|-boost|p1b: Archaludon|spa|1\n|-anim|p1b: Archaludon|Electro Shot|p2b: Murkrow\n|-resisted|p2b: Murkrow\n|-damage|p2b: Murkrow|74\/100 slp\n|cant|p2b: Murkrow|slp\n|move|p1a: Amoonguss|Spore|p2b: Murkrow\n|-immune|p2b: Murkrow\n|\n|-weather|RainDance|[upkeep]\n|upkeep\n|turn|3\n|\n|t:|1732983848\n|move|p2a: Archaludon|Protect|p2a: Archaludon\n|-singleturn|p2a: Archaludon|Protect\n|move|p1b: Archaludon|Dragon Pulse|p2b: Murkrow\n|-damage|p2b: Murkrow|22\/100 slp\n|cant|p2b: Murkrow|slp\n|move|p1a: Amoonguss|Spore|p2a: Archaludon\n|-activate|p2a: Archaludon|move: Protect\n|\n|-weather|RainDance|[upkeep]\n|upkeep\n|turn|4\n|\n|t:|1732983860\n|move|p1b: Archaludon|Electro Shot||[still]\n|-prepare|p1b: Archaludon|Electro Shot\n|-boost|p1b: Archaludon|spa|1\n|-anim|p1b: Archaludon|Electro Shot|p2b: Murkrow\n|-resisted|p2b: Murkrow\n|-damage|p2b: Murkrow|0 fnt\n|faint|p2b: Murkrow\n|move|p2a: Archaludon|Draco Meteor|p1b: Archaludon|[miss]\n|-miss|p2a: Archaludon|p1b: Archaludon\n|move|p1a: Amoonguss|Spore|p2a: Archaludon\n|-status|p2a: Archaludon|slp|[from] move: Spore\n|\n|-weather|RainDance|[upkeep]\n|upkeep\n|c|\u2606juacox300|;______;\n|\n|t:|1732983877\n|switch|p2b: Tommau|Sneasler, L50, M|100\/100\n|turn|5\n|\n|t:|1732983882\n|move|p2b: Tommau|Protect|p2b: Tommau\n|-singleturn|p2b: Tommau|Protect\n|move|p1a: Amoonguss|Rage Powder|p1a: Amoonguss\n|-singleturn|p1a: Amoonguss|move: Rage Powder\n|cant|p2a: Archaludon|slp\n|move|p1b: Archaludon|Electro Shot||[still]\n|-prepare|p1b: Archaludon|Electro Shot\n|-boost|p1b: Archaludon|spa|1\n|-anim|p1b: Archaludon|Electro Shot|p2b: Tommau\n|-activate|p2b: Tommau|move: Protect\n|\n|-weather|none\n|upkeep\n|turn|6\n|\n|t:|1732983897\n|move|p1a: Amoonguss|Rage Powder|p1a: Amoonguss\n|-singleturn|p1a: Amoonguss|move: Rage Powder\n|move|p2b: Tommau|Dire Claw|p1a: Amoonguss\n|-crit|p1a: Amoonguss\n|-damage|p1a: Amoonguss|45\/100\n|-enditem|p1a: Amoonguss|Sitrus Berry|[eat]\n|-heal|p1a: Amoonguss|70\/100|[from] item: Sitrus Berry\n|cant|p2a: Archaludon|slp\n|move|p1b: Archaludon|Dragon Pulse|p2b: Tommau\n|-damage|p2b: Tommau|0 fnt\n|faint|p2b: Tommau\n|\n|upkeep\n|c|\u2606juacox300|bg\n|-message|juacox300 forfeited.\n|\n|win|CarryTheBoats\n|raw|CarryTheBoats's rating: 1762 &rarr; <strong>1781<\/strong><br \/>(+19 for winning)\n|raw|juacox300's rating: 1745 &rarr; <strong>1726<\/strong><br \/>(-19 for losing)\n|l|\u2606juacox300\n|player|p2|\n|l|\u2606CarryTheBoats\n|player|p1|\n","uploadtime":1732984084,"views":8,"formatid":"gen9vgc2024regh","rating":1726,"private":0,"password":null}