{"id":"gen9vgc2024regh-2254275433","format":"[Gen 9] VGC 2024 Reg H","players":["anton19","ren122333"],"log":"|j|\u2606anton19\n|j|\u2606ren122333\n|t:|1733013302\n|gametype|doubles\n|player|p1|anton19|169|1709\n|player|p2|ren122333|hilbert|1824\n|teamsize|p1|6\n|teamsize|p2|6\n|gen|9\n|tier|[Gen 9] VGC 2024 Reg H\n|rated|\n|rule|Species Clause: Limit one of each Pok\u00e9mon\n|rule|Item Clause: Limit 1 of each item\n|clearpoke\n|poke|p1|Electabuzz, L50, F|\n|poke|p1|Kingambit, L50, M|\n|poke|p1|Sneasler, L50, M|\n|poke|p1|Rillaboom, L50, F|\n|poke|p1|Primarina, L50, M|\n|poke|p1|Dragonite, L50, M|\n|poke|p2|Whimsicott, L50, F|\n|poke|p2|Mamoswine, L50, M|\n|poke|p2|Lycanroc-Dusk, L50, M|\n|poke|p2|Typhlosion-Hisui, L50, M|\n|poke|p2|Farigiraf, L50, M|\n|poke|p2|Mienshao, L50, M|\n|teampreview|4\n|inactive|Battle timer is ON: inactive players will automatically lose when time's up. (requested by anton19)\n|\n|t:|1733013322\n|start\n|switch|p1a: Electabuzz|Electabuzz, L50, F|100\/100\n|switch|p1b: Primarina|Primarina, L50, M|100\/100\n|switch|p2a: Whimsicott|Whimsicott, L50, F|100\/100\n|switch|p2b: Mamoswine|Mamoswine, L50, M|100\/100\n|turn|1\n|\n|t:|1733013337\n|-terastallize|p2b: Mamoswine|Grass\n|move|p1b: Primarina|Protect|p1b: Primarina\n|-singleturn|p1b: Primarina|Protect\n|move|p2a: Whimsicott|Tailwind|p2a: Whimsicott\n|-sidestart|p2: ren122333|move: Tailwind\n|move|p2b: Mamoswine|High Horsepower|p1a: Electabuzz\n|-supereffective|p1a: Electabuzz\n|-damage|p1a: Electabuzz|13\/100\n|move|p1a: Electabuzz|Electroweb|p2b: Mamoswine|[spread] p2a,p2b\n|-resisted|p2a: Whimsicott\n|-resisted|p2b: Mamoswine\n|-crit|p2b: Mamoswine\n|-damage|p2a: Whimsicott|89\/100\n|-damage|p2b: Mamoswine|86\/100\n|-unboost|p2a: Whimsicott|spe|1\n|-unboost|p2b: Mamoswine|spe|1\n|\n|upkeep\n|turn|2\n|j| futonkagebunshin\n|\n|t:|1733013359\n|switch|p1b: Rillaboom|Rillaboom, L50, F|100\/100\n|-fieldstart|move: Grassy Terrain|[from] ability: Grassy Surge|[of] p1b: Rillaboom\n|move|p1a: Electabuzz|Protect|p1a: Electabuzz\n|-singleturn|p1a: Electabuzz|Protect\n|move|p2a: Whimsicott|Moonblast|p1a: Electabuzz\n|-activate|p1a: Electabuzz|move: Protect\n|move|p2b: Mamoswine|Tera Blast|p1b: Rillaboom|[anim] Tera Blast Grass\n|-resisted|p1b: Rillaboom\n|-damage|p1b: Rillaboom|73\/100\n|\n|-heal|p2a: Whimsicott|95\/100|[from] Grassy Terrain\n|-heal|p2b: Mamoswine|92\/100|[from] Grassy Terrain\n|-heal|p1a: Electabuzz|19\/100|[from] Grassy Terrain\n|-heal|p1b: Rillaboom|79\/100|[from] Grassy Terrain\n|upkeep\n|turn|3\n|inactive|anton19 has 30 seconds left.\n|\n|t:|1733013384\n|switch|p1a: Primarina|Primarina, L50, M|100\/100\n|-terastallize|p1b: Rillaboom|Fire\n|move|p2a: Whimsicott|Moonblast|p1a: Primarina\n|-damage|p1a: Primarina|70\/100\n|move|p2b: Mamoswine|Icicle Crash|p1b: Rillaboom\n|-resisted|p1b: Rillaboom\n|-damage|p1b: Rillaboom|57\/100\n|move|p1b: Rillaboom|Wood Hammer|p2a: Whimsicott\n|-resisted|p2a: Whimsicott\n|-damage|p2a: Whimsicott|26\/100\n|-damage|p1b: Rillaboom|42\/100|[from] Recoil\n|\n|-heal|p2a: Whimsicott|32\/100|[from] Grassy Terrain\n|-heal|p2b: Mamoswine|98\/100|[from] Grassy Terrain\n|-heal|p1b: Rillaboom|48\/100|[from] Grassy Terrain\n|-heal|p1a: Primarina|75\/100|[from] Grassy Terrain\n|upkeep\n|turn|4\n|\n|t:|1733013404\n|move|p1b: Rillaboom|Grassy Glide|p2a: Whimsicott\n|-resisted|p2a: Whimsicott\n|-damage|p2a: Whimsicott|4\/100\n|move|p2a: Whimsicott|Moonblast|p1a: Primarina\n|-damage|p1a: Primarina|43\/100\n|move|p2b: Mamoswine|High Horsepower|p1b: Rillaboom\n|-supereffective|p1b: Rillaboom\n|-damage|p1b: Rillaboom|0 fnt\n|faint|p1b: Rillaboom\n|move|p1a: Primarina|Hyper Voice|p2a: Whimsicott|[spread] p2a,p2b\n|-resisted|p2a: Whimsicott\n|-resisted|p2b: Mamoswine\n|-damage|p2a: Whimsicott|0 fnt\n|-damage|p2b: Mamoswine|75\/100\n|faint|p2a: Whimsicott\n|-enditem|p1a: Primarina|Throat Spray\n|-boost|p1a: Primarina|spa|1|[from] item: Throat Spray\n|\n|-heal|p2b: Mamoswine|81\/100|[from] Grassy Terrain\n|-heal|p1a: Primarina|49\/100|[from] Grassy Terrain\n|-sideend|p2: ren122333|move: Tailwind\n|upkeep\n|\n|t:|1733013426\n|switch|p2a: Typhlosion|Typhlosion-Hisui, L50, M|100\/100\n|switch|p1b: Dragonite|Dragonite, L50, M|100\/100\n|-item|p1b: Dragonite|Loaded Dice|[from] ability: Frisk|[of] p2a: Typhlosion\n|turn|5\n|\n|t:|1733013446\n|switch|p2a: Farigiraf|Farigiraf, L50, M|100\/100\n|move|p1b: Dragonite|Protect|p1b: Dragonite\n|-singleturn|p1b: Dragonite|Protect\n|move|p2b: Mamoswine|Icicle Crash|p1b: Dragonite\n|-activate|p1b: Dragonite|move: Protect\n|move|p1a: Primarina|Hyper Voice|p2b: Mamoswine|[spread] p2a,p2b\n|-resisted|p2b: Mamoswine\n|-damage|p2a: Farigiraf|47\/100\n|-damage|p2b: Mamoswine|50\/100\n|\n|-heal|p2b: Mamoswine|56\/100|[from] Grassy Terrain\n|-heal|p2a: Farigiraf|53\/100|[from] Grassy Terrain\n|-heal|p1a: Primarina|55\/100|[from] Grassy Terrain\n|upkeep\n|turn|6\n|\n|t:|1733013467\n|move|p1b: Dragonite|Scale Shot|p2b: Mamoswine\n|-damage|p2b: Mamoswine|39\/100\n|-damage|p2b: Mamoswine|23\/100\n|-damage|p2b: Mamoswine|6\/100\n|-damage|p2b: Mamoswine|0 fnt\n|faint|p2b: Mamoswine\n|-hitcount|p2: Mamoswine|4\n|-unboost|p1b: Dragonite|def|1\n|-boost|p1b: Dragonite|spe|1\n|move|p2a: Farigiraf|Imprison|p2a: Farigiraf\n|-start|p2a: Farigiraf|move: Imprison\n|move|p1a: Primarina|Moonblast|p2a: Farigiraf\n|-damage|p2a: Farigiraf|0 fnt\n|faint|p2a: Farigiraf\n|\n|-heal|p1a: Primarina|61\/100|[from] Grassy Terrain\n|-fieldend|move: Grassy Terrain\n|upkeep\n|-message|ren122333 forfeited.\n|\n|win|anton19\n|raw|anton19's rating: 1709 &rarr; <strong>1735<\/strong><br \/>(+26 for winning)\n|raw|ren122333's rating: 1824 &rarr; <strong>1798<\/strong><br \/>(-26 for losing)\n|l|\u2606ren122333\n|player|p2|\n|l|\u2606anton19\n|player|p1|\n","uploadtime":1733013686,"views":8,"formatid":"gen9vgc2024regh","rating":1735,"private":0,"password":null}