{"id":"gen9vgc2024regh-2254471779","format":"[Gen 9] VGC 2024 Reg H","players":["Ellvey96","insertable194"],"log":"|j|\u2606Ellvey96\n|j|\u2606insertable194\n|t:|1733045691\n|gametype|doubles\n|player|p1|Ellvey96|aromalady|1687\n|player|p2|insertable194|hanbei-conquest|1678\n|teamsize|p1|6\n|teamsize|p2|6\n|gen|9\n|tier|[Gen 9] VGC 2024 Reg H\n|rated|\n|rule|Species Clause: Limit one of each Pok\u00e9mon\n|rule|Item Clause: Limit 1 of each item\n|clearpoke\n|poke|p1|Weezing, L50, M|\n|poke|p1|Slaking, L50, M|\n|poke|p1|Gholdengo, L50|\n|poke|p1|Murkrow, L50, M|\n|poke|p1|Garchomp, L50, F|\n|poke|p1|Kilowattrel, L50, F|\n|poke|p2|Smeargle, L50, M|\n|poke|p2|Farigiraf, L50, M|\n|poke|p2|Archaludon, L50, M|\n|poke|p2|Torkoal, L50, F|\n|poke|p2|Ursaluna-Bloodmoon, L50, M|\n|poke|p2|Weezing-Galar, L50, M|\n|teampreview|4\n|\n|t:|1733045730\n|start\n|switch|p1a: Weezing|Weezing, L50, M|100\/100\n|switch|p1b: Slaking|Slaking, L50, M|100\/100\n|switch|p2a: Smeargle|Smeargle, L50, M|100\/100\n|switch|p2b: Farigiraf|Farigiraf, L50, M|100\/100\n|-ability|p1a: Weezing|Neutralizing Gas\n|turn|1\n|inactive|Battle timer is ON: inactive players will automatically lose when time's up. (requested by Ellvey96)\n|\n|t:|1733045759\n|-terastallize|p1b: Slaking|Ghost\n|move|p2a: Smeargle|Follow Me|p2a: Smeargle\n|-singleturn|p2a: Smeargle|move: Follow Me\n|move|p1b: Slaking|Knock Off|p2a: Smeargle\n|-damage|p2a: Smeargle|0 fnt\n|-enditem|p2a: Smeargle|Eject Pack|[from] move: Knock Off|[of] p1b: Slaking\n|faint|p2a: Smeargle\n|-damage|p1b: Slaking|91\/100|[from] item: Life Orb\n|move|p1a: Weezing|Taunt|p2b: Farigiraf\n|-start|p2b: Farigiraf|move: Taunt\n|-enditem|p2b: Farigiraf|Mental Herb\n|-end|p2b: Farigiraf|move: Taunt\n|move|p2b: Farigiraf|Trick Room|p2b: Farigiraf\n|-fieldstart|move: Trick Room|[of] p2b: Farigiraf\n|\n|upkeep\n|\n|t:|1733045783\n|switch|p2a: Torkoal|Torkoal, L50, F|100\/100\n|turn|2\n|\n|t:|1733045793\n|-terastallize|p2a: Torkoal|Fire\n|move|p2b: Farigiraf|Helping Hand|p2a: Torkoal\n|-singleturn|p2a: Torkoal|Helping Hand|[of] p2b: Farigiraf\n|move|p1a: Weezing|Protect|p1a: Weezing\n|-singleturn|p1a: Weezing|Protect\n|move|p2a: Torkoal|Eruption|p1b: Slaking|[spread] p1b\n|-activate|p1a: Weezing|move: Protect\n|-damage|p1b: Slaking|0 fnt\n|faint|p1b: Slaking\n|\n|upkeep\n|\n|t:|1733045807\n|switch|p1b: Garchomp|Garchomp, L50, F|100\/100\n|turn|3\n|\n|t:|1733045829\n|switch|p2a: Ursaluna|Ursaluna-Bloodmoon, L50, M|100\/100\n|move|p1a: Weezing|Protect||[still]\n|-fail|p1a: Weezing\n|move|p2b: Farigiraf|Twin Beam|p1a: Weezing\n|-supereffective|p1a: Weezing\n|-damage|p1a: Weezing|68\/100\n|-supereffective|p1a: Weezing\n|-damage|p1a: Weezing|32\/100\n|-enditem|p1a: Weezing|Sitrus Berry|[eat]\n|-heal|p1a: Weezing|57\/100|[from] item: Sitrus Berry\n|-hitcount|p1a: Weezing|2\n|move|p1b: Garchomp|Earthquake|p2a: Ursaluna|[spread] p1a,p2a,p2b\n|-supereffective|p1a: Weezing\n|-damage|p1a: Weezing|0 fnt\n|-damage|p2a: Ursaluna|61\/100\n|-damage|p2b: Farigiraf|60\/100\n|faint|p1a: Weezing\n|-end|p1a: Weezing|ability: Neutralizing Gas\n|\n|upkeep\n|\n|t:|1733045848\n|switch|p1a: Kilowattrel|Kilowattrel, L50, F|100\/100\n|turn|4\n|\n|t:|1733045857\n|move|p1a: Kilowattrel|Protect|p1a: Kilowattrel\n|-singleturn|p1a: Kilowattrel|Protect\n|move|p2b: Farigiraf|Twin Beam|p1a: Kilowattrel\n|-activate|p1a: Kilowattrel|move: Protect\n|move|p2a: Ursaluna|Hyper Voice|p1a: Kilowattrel|[spread] p1b\n|-activate|p1a: Kilowattrel|move: Protect\n|-damage|p1b: Garchomp|39\/100\n|-damage|p2a: Ursaluna|51\/100|[from] item: Life Orb\n|move|p1b: Garchomp|Earthquake|p2a: Ursaluna|[spread] p2a,p2b\n|-activate|p1a: Kilowattrel|move: Protect\n|-crit|p2a: Ursaluna\n|-damage|p2a: Ursaluna|0 fnt\n|-damage|p2b: Farigiraf|15\/100\n|faint|p2a: Ursaluna\n|\n|upkeep\n|\n|t:|1733045859\n|switch|p2a: Torkoal|Torkoal, L50, F, tera:Fire|100\/100\n|-weather|SunnyDay|[from] ability: Drought|[of] p2a: Torkoal\n|turn|5\n|\n|t:|1733045882\n|move|p2a: Torkoal|Eruption|p1a: Kilowattrel|[spread] p1a,p1b\n|-resisted|p1b: Garchomp\n|-enditem|p1a: Kilowattrel|Focus Sash\n|-damage|p1a: Kilowattrel|1\/100\n|-damage|p1b: Garchomp|0 fnt\n|faint|p1b: Garchomp\n|move|p2b: Farigiraf|Twin Beam|p1a: Kilowattrel\n|-damage|p1a: Kilowattrel|0 fnt\n|faint|p1a: Kilowattrel\n|-hitcount|p1: Kilowattrel|1\n|\n|win|insertable194\n|raw|Ellvey96's rating: 1687 &rarr; <strong>1665<\/strong><br \/>(-22 for losing)\n|raw|insertable194's rating: 1648 &rarr; <strong>1670<\/strong><br \/>(+22 for winning)\n|l|\u2606Ellvey96\n|player|p1|\n|l|\u2606insertable194\n|player|p2|\n","uploadtime":1733046143,"views":6,"formatid":"gen9vgc2024regh","rating":1665,"private":0,"password":null}