{"id":"gen9vgc2024regh-2254029875","format":"[Gen 9] VGC 2024 Reg H","players":["Jesuuuus","BassoTara2"],"log":"|j|\u2606Jesuuuus\n|j|\u2606BassoTara2\n|t:|1732982266\n|gametype|doubles\n|player|p1|Jesuuuus|alec-anime|1716\n|player|p2|BassoTara2|psychic-gen4|1774\n|teamsize|p1|6\n|teamsize|p2|6\n|gen|9\n|tier|[Gen 9] VGC 2024 Reg H\n|rated|\n|rule|Species Clause: Limit one of each Pok\u00e9mon\n|rule|Item Clause: Limit 1 of each item\n|clearpoke\n|poke|p1|Archaludon, L50, F|\n|poke|p1|Whimsicott, L50, F|\n|poke|p1|Pelipper, L50, M|\n|poke|p1|Basculegion, L50, M|\n|poke|p1|Gholdengo, L50|\n|poke|p1|Rillaboom, L50, F|\n|poke|p2|Indeedee-F, L50, F|\n|poke|p2|Hatterene, L50, F|\n|poke|p2|Torkoal, L50, M|\n|poke|p2|Ursaluna, L50, F|\n|poke|p2|Gallade, L50, M|\n|poke|p2|Maushold-Four, L50|\n|teampreview|4\n|inactive|Battle timer is ON: inactive players will automatically lose when time's up. (requested by Jesuuuus)\n|\n|t:|1732982284\n|start\n|switch|p1a: Basculegion|Basculegion, L50, M|100\/100\n|switch|p1b: Gholdengo|Gholdengo, L50|100\/100\n|switch|p2a: Indeedee|Indeedee-F, L50, F|100\/100\n|switch|p2b: Gallade|Gallade, L50, M, shiny|100\/100\n|-fieldstart|move: Psychic Terrain|[from] ability: Psychic Surge|[of] p2a: Indeedee\n|-enditem|p2a: Indeedee|Psychic Seed\n|-boost|p2a: Indeedee|spd|1|[from] item: Psychic Seed\n|turn|1\n|inactive|Jesuuuus has 30 seconds left.\n|\n|t:|1732982317\n|-terastallize|p1b: Gholdengo|Steel\n|-terastallize|p2a: Indeedee|Water\n|move|p1b: Gholdengo|Steel Beam|p2b: Gallade\n|-damage|p2b: Gallade|0 fnt\n|-damage|p1b: Gholdengo|50\/100|[from] steelbeam\n|faint|p2b: Gallade\n|move|p1a: Basculegion|Wave Crash|p2a: Indeedee\n|-resisted|p2a: Indeedee\n|-crit|p2a: Indeedee\n|-damage|p2a: Indeedee|64\/100\n|-damage|p1a: Basculegion|91\/100|[from] Recoil\n|move|p2a: Indeedee|Trick Room|p2a: Indeedee\n|-fieldstart|move: Trick Room|[of] p2a: Indeedee\n|\n|upkeep\n|\n|t:|1732982339\n|switch|p2b: Ursaluna|Ursaluna, L50, F|100\/100\n|turn|2\n|inactive|Jesuuuus has 30 seconds left.\n|\n|t:|1732982365\n|switch|p1b: Pelipper|Pelipper, L50, M|100\/100\n|-weather|RainDance|[from] ability: Drizzle|[of] p1b: Pelipper\n|move|p2b: Ursaluna|Headlong Rush|p1a: Basculegion\n|-damage|p1a: Basculegion|20\/100\n|-unboost|p2b: Ursaluna|def|1\n|-unboost|p2b: Ursaluna|spd|1\n|-enditem|p1a: Basculegion|Sitrus Berry|[eat]\n|-heal|p1a: Basculegion|45\/100|[from] item: Sitrus Berry\n|move|p2a: Indeedee|Psychic|p1b: Pelipper\n|-damage|p1b: Pelipper|29\/100\n|move|p1a: Basculegion|Wave Crash|p2b: Ursaluna\n|-supereffective|p2b: Ursaluna\n|-damage|p2b: Ursaluna|0 fnt\n|faint|p2b: Ursaluna\n|-damage|p1a: Basculegion|11\/100|[from] Recoil\n|\n|-weather|RainDance|[upkeep]\n|upkeep\n|\n|t:|1732982383\n|switch|p2b: Torkoal|Torkoal, L50, M|100\/100\n|-weather|SunnyDay|[from] ability: Drought|[of] p2b: Torkoal\n|turn|3\n|\n|t:|1732982394\n|switch|p1b: Gholdengo|Gholdengo, L50, tera:Steel|50\/100\n|move|p2a: Indeedee|Helping Hand|p2b: Torkoal\n|-singleturn|p2b: Torkoal|Helping Hand|[of] p2a: Indeedee\n|move|p1a: Basculegion|Protect|p1a: Basculegion\n|-singleturn|p1a: Basculegion|Protect\n|move|p2b: Torkoal|Eruption|p1a: Basculegion|[spread] p1b\n|-activate|p1a: Basculegion|move: Protect\n|-supereffective|p1b: Gholdengo\n|-damage|p1b: Gholdengo|0 fnt\n|faint|p1b: Gholdengo\n|\n|-weather|SunnyDay|[upkeep]\n|upkeep\n|j| xsArDiNaSx\n|l| xsArDiNaSx\n|\n|t:|1732982403\n|switch|p1b: Archaludon|Archaludon, L50, F|100\/100\n|turn|4\n|\n|t:|1732982413\n|switch|p1a: Pelipper|Pelipper, L50, M|29\/100\n|-weather|RainDance|[from] ability: Drizzle|[of] p1a: Pelipper\n|move|p2b: Torkoal|Eruption|p1b: Archaludon|[spread] p1a,p1b\n|-resisted|p1a: Pelipper\n|-damage|p1a: Pelipper|0 fnt\n|-damage|p1b: Archaludon|77\/100\n|-ability|p1b: Archaludon|Stamina|boost\n|-boost|p1b: Archaludon|def|1\n|faint|p1a: Pelipper\n|move|p2a: Indeedee|Psychic|p1b: Archaludon\n|-resisted|p1b: Archaludon\n|-damage|p1b: Archaludon|64\/100\n|-ability|p1b: Archaludon|Stamina|boost\n|-boost|p1b: Archaludon|def|1\n|move|p1b: Archaludon|Electro Shot||[still]\n|-prepare|p1b: Archaludon|Electro Shot\n|-boost|p1b: Archaludon|spa|1\n|-anim|p1b: Archaludon|Electro Shot|p2a: Indeedee\n|-supereffective|p2a: Indeedee\n|-damage|p2a: Indeedee|0 fnt\n|faint|p2a: Indeedee\n|\n|-weather|RainDance|[upkeep]\n|upkeep\n|\n|t:|1732982421\n|switch|p1a: Basculegion|Basculegion, L50, M|11\/100\n|turn|5\n|-message|BassoTara2 forfeited.\n|\n|win|Jesuuuus\n|raw|Jesuuuus's rating: 1716 &rarr; <strong>1739<\/strong><br \/>(+23 for winning)\n|raw|BassoTara2's rating: 1774 &rarr; <strong>1751<\/strong><br \/>(-23 for losing)\n|l|\u2606BassoTara2\n|player|p2|\n|l|\u2606Jesuuuus\n|player|p1|\n","uploadtime":1732982697,"views":10,"formatid":"gen9vgc2024regh","rating":1739,"private":0,"password":null}