{"id":"gen9vgc2024regh-2254898059","format":"[Gen 9] VGC 2024 Reg H","players":["greenlightdmp","pkmnallrounder"],"log":"|j|\u2606greenlightdmp\n|j|\u2606pkmnallrounder\n|t:|1733104712\n|gametype|doubles\n|player|p1|greenlightdmp|1|1780\n|player|p2|pkmnallrounder|101|1707\n|teamsize|p1|6\n|teamsize|p2|6\n|gen|9\n|tier|[Gen 9] VGC 2024 Reg H\n|rated|\n|rule|Species Clause: Limit one of each Pok\u00e9mon\n|rule|Item Clause: Limit 1 of each item\n|clearpoke\n|poke|p1|Pelipper, L50, F|\n|poke|p1|Archaludon, L50, F|\n|poke|p1|Sneasler, L50, M|\n|poke|p1|Dragonite, L50, M|\n|poke|p1|Basculegion, L50, M|\n|poke|p1|Rillaboom, L50, M|\n|poke|p2|Typhlosion-Hisui, L50, M|\n|poke|p2|Torkoal, L50, F|\n|poke|p2|Lilligant-Hisui, L50, F|\n|poke|p2|Garchomp, L50, F|\n|poke|p2|Whimsicott, L50, M|\n|poke|p2|Kingambit, L50, F|\n|teampreview|4\n|inactive|Battle timer is ON: inactive players will automatically lose when time's up. (requested by greenlightdmp)\n|inactive|pkmnallrounder has 60 seconds left.\n|inactive|pkmnallrounder has 30 seconds left.\n|inactive|pkmnallrounder has 20 seconds left.\n|\n|t:|1733104853\n|start\n|switch|p1a: Thanotos|Basculegion, L50, M|100\/100\n|switch|p1b: Hermes|Sneasler, L50, M|100\/100\n|switch|p2a: Whimsicott|Whimsicott, L50, M|100\/100\n|switch|p2b: Typhlosion|Typhlosion-Hisui, L50, M|100\/100\n|-item|p1a: Thanotos|Choice Scarf|[from] ability: Frisk|[of] p2b: Typhlosion\n|-item|p1b: Hermes|Grassy Seed|[from] ability: Frisk|[of] p2b: Typhlosion\n|turn|1\n|inactive|greenlightdmp has 30 seconds left.\n|inactive|pkmnallrounder has 30 seconds left.\n|inactive|greenlightdmp has 20 seconds left.\n|inactive|pkmnallrounder has 20 seconds left.\n|inactive|pkmnallrounder has 15 seconds left.\n|inactive|pkmnallrounder has 10 seconds left.\n|inactive|pkmnallrounder has 5 seconds left.\n|\n|t:|1733104905\n|switch|p1a: Ceasar|Rillaboom, L50, M|100\/100\n|-fieldstart|move: Grassy Terrain|[from] ability: Grassy Surge|[of] p1a: Ceasar\n|-enditem|p1b: Hermes|Grassy Seed\n|-boost|p1b: Hermes|def|1|[from] item: Grassy Seed\n|-terastallize|p1b: Hermes|Dark\n|move|p2a: Whimsicott|Tailwind|p2a: Whimsicott\n|-sidestart|p2: pkmnallrounder|move: Tailwind\n|move|p1b: Hermes|Throat Chop|p2b: Typhlosion\n|-supereffective|p2b: Typhlosion\n|-damage|p2b: Typhlosion|0 fnt\n|faint|p2b: Typhlosion\n|\n|upkeep\n|\n|t:|1733104925\n|switch|p2b: Lilligant|Lilligant-Hisui, L50, F|100\/100\n|turn|2\n|\n|t:|1733104947\n|move|p1b: Hermes|Protect|p1b: Hermes\n|-singleturn|p1b: Hermes|Protect\n|move|p2a: Whimsicott|Sunny Day|p2a: Whimsicott\n|-weather|SunnyDay\n|move|p2b: Lilligant|Close Combat|p1b: Hermes\n|-activate|p1b: Hermes|move: Protect\n|move|p1a: Ceasar|Taunt|p2b: Lilligant\n|-start|p2b: Lilligant|move: Taunt\n|\n|-weather|SunnyDay|[upkeep]\n|upkeep\n|turn|3\n|\n|t:|1733104964\n|switch|p1a: Posiden|Pelipper, L50, F|100\/100\n|-weather|RainDance|[from] ability: Drizzle|[of] p1a: Posiden\n|move|p1b: Hermes|Dire Claw|p2b: Lilligant\n|-supereffective|p2b: Lilligant\n|-enditem|p2b: Lilligant|Focus Sash\n|-damage|p2b: Lilligant|1\/100\n|move|p2a: Whimsicott|Moonblast|p1b: Hermes\n|-supereffective|p1b: Hermes\n|-damage|p1b: Hermes|30\/100\n|move|p2b: Lilligant|Close Combat|p1b: Hermes\n|-supereffective|p1b: Hermes\n|-damage|p1b: Hermes|0 fnt\n|-unboost|p2b: Lilligant|def|1\n|-unboost|p2b: Lilligant|spd|1\n|faint|p1b: Hermes\n|\n|-weather|RainDance|[upkeep]\n|-heal|p2b: Lilligant|7\/100|[from] Grassy Terrain\n|upkeep\n|\n|t:|1733104978\n|switch|p1b: Thanotos|Basculegion, L50, M|100\/100\n|turn|4\n|\n|t:|1733105001\n|switch|p2b: Garchomp|Garchomp, L50, F|100\/100\n|move|p2a: Whimsicott|Sunny Day|p2a: Whimsicott\n|-weather|SunnyDay\n|move|p1b: Thanotos|Aqua Jet|p2b: Garchomp\n|-damage|p2b: Garchomp|88\/100\n|-damage|p1b: Thanotos|88\/100|[from] ability: Rough Skin|[of] p2b: Garchomp\n|move|p1a: Posiden|Weather Ball|p2a: Whimsicott\n|-supereffective|p2a: Whimsicott\n|-damage|p2a: Whimsicott|1\/100\n|\n|-weather|SunnyDay|[upkeep]\n|-heal|p2a: Whimsicott|7\/100|[from] Grassy Terrain\n|-heal|p2b: Garchomp|94\/100|[from] Grassy Terrain\n|-heal|p1b: Thanotos|94\/100|[from] Grassy Terrain\n|-sideend|p2: pkmnallrounder|move: Tailwind\n|upkeep\n|turn|5\n|j| Demo152\n|inactive|greenlightdmp has 30 seconds left.\n|\n|t:|1733105027\n|move|p1b: Thanotos|Aqua Jet|p2a: Whimsicott\n|-resisted|p2a: Whimsicott\n|-damage|p2a: Whimsicott|0 fnt\n|faint|p2a: Whimsicott\n|move|p2b: Garchomp|Dragon Claw|p1a: Posiden\n|-damage|p1a: Posiden|37\/100\n|-damage|p2b: Garchomp|85\/100|[from] item: Life Orb\n|move|p1a: Posiden|Tailwind|p1a: Posiden\n|-sidestart|p1: greenlightdmp|move: Tailwind\n|\n|-weather|SunnyDay|[upkeep]\n|-heal|p1b: Thanotos|100\/100|[from] Grassy Terrain\n|-heal|p2b: Garchomp|91\/100|[from] Grassy Terrain\n|-fieldend|move: Grassy Terrain\n|upkeep\n|\n|t:|1733105032\n|switch|p2a: Lilligant|Lilligant-Hisui, L50, F|7\/100\n|turn|6\n|\n|t:|1733105043\n|switch|p1a: Ceasar|Rillaboom, L50, M|100\/100\n|-fieldstart|move: Grassy Terrain|[from] ability: Grassy Surge|[of] p1a: Ceasar\n|-terastallize|p2b: Garchomp|Ground\n|move|p2a: Lilligant|Protect|p2a: Lilligant\n|-singleturn|p2a: Lilligant|Protect\n|move|p1b: Thanotos|Aqua Jet|p2a: Lilligant\n|-activate|p2a: Lilligant|move: Protect\n|move|p2b: Garchomp|Earthquake|p1a: Ceasar|[spread] p1a,p1b\n|-activate|p2a: Lilligant|move: Protect\n|-resisted|p1a: Ceasar\n|-damage|p1a: Ceasar|82\/100\n|-damage|p1b: Thanotos|43\/100\n|-damage|p2b: Garchomp|81\/100|[from] item: Life Orb\n|\n|-weather|SunnyDay|[upkeep]\n|-heal|p1b: Thanotos|49\/100|[from] Grassy Terrain\n|-heal|p2a: Lilligant|14\/100|[from] Grassy Terrain\n|-heal|p1a: Ceasar|88\/100|[from] Grassy Terrain\n|-heal|p2b: Garchomp|87\/100|[from] Grassy Terrain\n|upkeep\n|turn|7\n|-message|pkmnallrounder forfeited.\n|\n|win|greenlightdmp\n|raw|greenlightdmp's rating: 1780 &rarr; <strong>1796<\/strong><br \/>(+16 for winning)\n|raw|pkmnallrounder's rating: 1707 &rarr; <strong>1691<\/strong><br \/>(-16 for losing)\n|l|\u2606pkmnallrounder\n|player|p2|\n|l|\u2606greenlightdmp\n|player|p1|\n|j|\u2606greenlightdmp\n|player|p1|greenlightdmp|1|\n|l| Demo152\n|l|\u2606greenlightdmp\n|player|p1|\n","uploadtime":1733105080,"views":14,"formatid":"gen9vgc2024regh","rating":1691,"private":0,"password":null}