{"id":"gen9vgc2024regh-2254673927","format":"[Gen 9] VGC 2024 Reg H","players":["Ellvey96","Mildly Displeased"],"log":"|j|\u2606Ellvey96\n|j|\u2606Mildly Displeased\n|t:|1733078007\n|gametype|doubles\n|player|p1|Ellvey96|guitarist|1659\n|player|p2|Mildly Displeased|dawn|1688\n|teamsize|p1|6\n|teamsize|p2|6\n|gen|9\n|tier|[Gen 9] VGC 2024 Reg H\n|rated|\n|rule|Species Clause: Limit one of each Pok\u00e9mon\n|rule|Item Clause: Limit 1 of each item\n|clearpoke\n|poke|p1|Golem-Alola, L50, F|\n|poke|p1|Metagross, L50|\n|poke|p1|Torkoal, L50, M|\n|poke|p1|Oranguru, L50, F|\n|poke|p1|Ursaluna, L50, M|\n|poke|p1|Lilligant-Hisui, L50, F|\n|poke|p2|Primarina, L50, F|\n|poke|p2|Pelipper, L50, F|\n|poke|p2|Scizor, L50, F|\n|poke|p2|Basculegion, L50, M|\n|poke|p2|Sneasler, L50, F|\n|poke|p2|Archaludon, L50, M|\n|teampreview|4\n|\n|t:|1733078023\n|start\n|switch|p1a: Metagross|Metagross, L50|100\/100\n|switch|p1b: Oranguru|Oranguru, L50, F|100\/100\n|switch|p2a: Scizor|Scizor, L50, F|100\/100\n|switch|p2b: Pelipper|Pelipper, L50, F|100\/100\n|-weather|RainDance|[from] ability: Drizzle|[of] p2b: Pelipper\n|turn|1\n|inactive|Battle timer is ON: inactive players will automatically lose when time's up. (requested by Mildly Displeased)\n|\n|t:|1733078034\n|-terastallize|p1a: Metagross|Normal\n|-terastallize|p2b: Pelipper|Water\n|move|p1a: Metagross|Explosion|p2b: Pelipper|[spread] p2a,p2b\n|-activate|p1b: Oranguru|ability: Telepathy\n|-enditem|p1a: Metagross|Normal Gem|[from] gem\n|-resisted|p2a: Scizor\n|-damage|p2a: Scizor|34\/100\n|-damage|p2b: Pelipper|0 fnt\n|faint|p1a: Metagross\n|faint|p2b: Pelipper\n|move|p2a: Scizor|Bug Bite|p1b: Oranguru\n|-supereffective|p1b: Oranguru\n|-damage|p1b: Oranguru|2\/100\n|move|p1b: Oranguru|Trick Room|p1b: Oranguru\n|-fieldstart|move: Trick Room|[of] p1b: Oranguru\n|\n|-weather|RainDance|[upkeep]\n|upkeep\n|\n|t:|1733078055\n|switch|p2b: Sneasler|Sneasler, L50, F|100\/100\n|switch|p1a: Ursaluna|Ursaluna, L50, M|100\/100\n|turn|2\n|\n|t:|1733078071\n|move|p1a: Ursaluna|Protect|p1a: Ursaluna\n|-singleturn|p1a: Ursaluna|Protect\n|move|p2a: Scizor|Bullet Punch|p1b: Oranguru\n|-damage|p1b: Oranguru|0 fnt\n|faint|p1b: Oranguru\n|move|p2b: Sneasler|Close Combat|p1a: Ursaluna\n|-activate|p1a: Ursaluna|move: Protect\n|\n|-weather|RainDance|[upkeep]\n|-status|p1a: Ursaluna|brn|[from] item: Flame Orb\n|upkeep\n|\n|t:|1733078081\n|switch|p1b: Golem|Golem-Alola, L50, F|100\/100\n|turn|3\n|\n|t:|1733078098\n|move|p2a: Scizor|Bullet Punch|p1b: Golem\n|-damage|p1b: Golem|74\/100\n|move|p1b: Golem|Body Slam|p2b: Sneasler\n|-damage|p2b: Sneasler|4\/100\n|-status|p2b: Sneasler|par\n|move|p1a: Ursaluna|High Horsepower|p2b: Sneasler\n|-supereffective|p2b: Sneasler\n|-damage|p2b: Sneasler|0 fnt\n|faint|p2b: Sneasler\n|\n|-weather|RainDance|[upkeep]\n|-damage|p1a: Ursaluna|95\/100 brn|[from] brn\n|upkeep\n|\n|t:|1733078107\n|switch|p2b: Basculegion|Basculegion, L50, M|100\/100\n|turn|4\n|\n|t:|1733078124\n|move|p2b: Basculegion|Protect|p2b: Basculegion\n|-singleturn|p2b: Basculegion|Protect\n|move|p1b: Golem|Explosion|p2b: Basculegion|[spread] p2a\n|-activate|p2b: Basculegion|move: Protect\n|-immune|p1a: Ursaluna\n|-damage|p2a: Scizor|0 fnt\n|faint|p1b: Golem\n|faint|p2a: Scizor\n|move|p1a: Ursaluna|High Horsepower|p2b: Basculegion\n|-activate|p2b: Basculegion|move: Protect\n|\n|-weather|RainDance|[upkeep]\n|-damage|p1a: Ursaluna|89\/100 brn|[from] brn\n|upkeep\n|turn|5\n|\n|t:|1733078138\n|move|p1a: Ursaluna|High Horsepower|p2b: Basculegion\n|-damage|p2b: Basculegion|0 fnt\n|faint|p2b: Basculegion\n|\n|win|Ellvey96\n|raw|Ellvey96's rating: 1659 &rarr; <strong>1681<\/strong><br \/>(+22 for winning)\n|raw|Mildly Displeased's rating: 1688 &rarr; <strong>1666<\/strong><br \/>(-22 for losing)\n|l|\u2606Mildly Displeased\n|player|p2|\n|l|\u2606Ellvey96\n|player|p1|\n","uploadtime":1733078336,"views":6,"formatid":"gen9vgc2024regh","rating":1666,"private":0,"password":null}