{"id":"gen9vgc2024regh-2254412337","format":"[Gen 9] VGC 2024 Reg H","players":["magnusmagnum","TheDecommissioner"],"log":"|j|\u2606magnusmagnum\n|j|\u2606TheDecommissioner\n|t:|1733033059\n|gametype|doubles\n|player|p1|magnusmagnum|1|1781\n|player|p2|TheDecommissioner|preschooler|1690\n|teamsize|p1|6\n|teamsize|p2|6\n|gen|9\n|tier|[Gen 9] VGC 2024 Reg H\n|rated|\n|rule|Species Clause: Limit one of each Pok\u00e9mon\n|rule|Item Clause: Limit 1 of each item\n|clearpoke\n|poke|p1|Sneasler, L50, F|\n|poke|p1|Magmar, L50, M|\n|poke|p1|Ursaluna-Bloodmoon, L50, M|\n|poke|p1|Garchomp, L50, M|\n|poke|p1|Rillaboom, L50, M|\n|poke|p1|Gholdengo, L50|\n|poke|p2|Indeedee-F, L50, F|\n|poke|p2|Kleavor, L50, F|\n|poke|p2|Torkoal, L50, F|\n|poke|p2|Archaludon, L50, M|\n|poke|p2|Lilligant-Hisui, L50, F|\n|poke|p2|Ursaluna, L50, M|\n|teampreview|4\n|inactive|Battle timer is ON: inactive players will automatically lose when time's up. (requested by TheDecommissioner)\n|inactive|magnusmagnum has 60 seconds left.\n|\n|t:|1733033106\n|start\n|switch|p1a: Gholdengo|Gholdengo, L50|100\/100\n|switch|p1b: Sneasler|Sneasler, L50, F|100\/100\n|switch|p2a: Help|Indeedee-F, L50, F|100\/100\n|switch|p2b: Again|Ursaluna, L50, M|100\/100\n|-fieldstart|move: Psychic Terrain|[from] ability: Psychic Surge|[of] p2a: Help\n|-enditem|p2a: Help|Psychic Seed\n|-boost|p2a: Help|spd|1|[from] item: Psychic Seed\n|turn|1\n|\n|t:|1733033122\n|-terastallize|p1a: Gholdengo|Water\n|-terastallize|p2a: Help|Grass\n|move|p2b: Again|Protect|p2b: Again\n|-singleturn|p2b: Again|Protect\n|move|p1b: Sneasler|Close Combat|p2a: Help\n|-damage|p2a: Help|37\/100\n|-unboost|p1b: Sneasler|def|1\n|-unboost|p1b: Sneasler|spd|1\n|move|p1a: Gholdengo|Make It Rain|p2a: Help|[spread] p2a\n|-activate|p2b: Again|move: Protect\n|-damage|p2a: Help|10\/100\n|-unboost|p1a: Gholdengo|spa|1\n|move|p2a: Help|Trick Room|p2a: Help\n|-fieldstart|move: Trick Room|[of] p2a: Help\n|\n|-status|p2b: Again|brn|[from] item: Flame Orb\n|upkeep\n|turn|2\n|inactive|magnusmagnum has 30 seconds left.\n|\n|t:|1733033152\n|switch|p2a: Talking|Lilligant-Hisui, L50, F|100\/100\n|switch|p1b: Rillaboom|Rillaboom, L50, M|100\/100\n|-fieldstart|move: Grassy Terrain|[from] ability: Grassy Surge|[of] p1b: Rillaboom\n|move|p1a: Gholdengo|Protect|p1a: Gholdengo\n|-singleturn|p1a: Gholdengo|Protect\n|move|p2b: Again|Facade|p1a: Gholdengo\n|-activate|p1a: Gholdengo|move: Protect\n|\n|-damage|p2b: Again|95\/100 brn|[from] brn\n|upkeep\n|turn|3\n|inactive|magnusmagnum has 30 seconds left.\n|\n|t:|1733033178\n|switch|p1a: Sneasler|Sneasler, L50, F|100\/100\n|switch|p2a: Help|Indeedee-F, L50, F, tera:Grass|10\/100\n|-fieldstart|move: Psychic Terrain|[from] ability: Psychic Surge|[of] p2a: Help\n|move|p1b: Rillaboom|Fake Out|p2b: Again\n|-activate|p2b: Again|move: Psychic Terrain\n|move|p2b: Again|Facade|p1b: Rillaboom\n|-damage|p1b: Rillaboom|0 fnt\n|faint|p1b: Rillaboom\n|\n|-damage|p2b: Again|89\/100 brn|[from] brn\n|upkeep\n|\n|t:|1733033189\n|switch|p1b: Gholdengo|Gholdengo, L50, tera:Water|100\/100\n|turn|4\n|\n|t:|1733033207\n|move|p1b: Gholdengo|Protect|p1b: Gholdengo\n|-singleturn|p1b: Gholdengo|Protect\n|move|p2b: Again|Facade|p1a: Sneasler\n|-enditem|p1a: Sneasler|Focus Sash\n|-damage|p1a: Sneasler|1\/100\n|move|p2a: Help|Dazzling Gleam|p1b: Gholdengo|[spread] p1a\n|-activate|p1b: Gholdengo|move: Protect\n|-damage|p1a: Sneasler|0 fnt\n|faint|p1a: Sneasler\n|\n|-damage|p2b: Again|83\/100 brn|[from] brn\n|upkeep\n|\n|t:|1733033216\n|switch|p1a: Magmar|Magmar, L50, M|100\/100\n|turn|5\n|\n|t:|1733033227\n|move|p1a: Magmar|Protect|p1a: Magmar\n|-singleturn|p1a: Magmar|Protect\n|move|p2b: Again|Facade|p1a: Magmar\n|-activate|p1a: Magmar|move: Protect\n|move|p2a: Help|Psychic|p1a: Magmar\n|-activate|p1a: Magmar|move: Protect\n|move|p1b: Gholdengo|Nasty Plot|p1b: Gholdengo\n|-boost|p1b: Gholdengo|spa|2\n|\n|-damage|p2b: Again|77\/100 brn|[from] brn\n|-fieldend|move: Trick Room\n|upkeep\n|turn|6\n|inactive|magnusmagnum has 30 seconds left.\n|\n|t:|1733033252\n|move|p2a: Help|Follow Me|p2a: Help\n|-singleturn|p2a: Help|move: Follow Me\n|move|p1a: Magmar|Overheat|p2a: Help\n|-supereffective|p2a: Help\n|-crit|p2a: Help\n|-damage|p2a: Help|0 fnt\n|-unboost|p1a: Magmar|spa|2\n|faint|p2a: Help\n|move|p1b: Gholdengo|Nasty Plot|p1b: Gholdengo\n|-boost|p1b: Gholdengo|spa|2\n|move|p2b: Again|Facade|p1a: Magmar\n|-damage|p1a: Magmar|0 fnt\n|faint|p1a: Magmar\n|\n|-damage|p2b: Again|71\/100 brn|[from] brn\n|upkeep\n|\n|t:|1733033255\n|switch|p2a: Talking|Lilligant-Hisui, L50, F|100\/100\n|turn|7\n|\n|t:|1733033260\n|move|p2a: Talking|After You|p2b: Again\n|-activate|p2b: Again|move: After You\n|move|p2b: Again|Facade|p1b: Gholdengo\n|-damage|p1b: Gholdengo|0 fnt\n|faint|p1b: Gholdengo\n|\n|win|TheDecommissioner\n|raw|magnusmagnum's rating: 1781 &rarr; <strong>1756<\/strong><br \/>(-25 for losing)\n|raw|TheDecommissioner's rating: 1690 &rarr; <strong>1715<\/strong><br \/>(+25 for winning)\n|c|\u2606TheDecommissioner|gg\n|l|\u2606magnusmagnum\n|player|p1|\n|l|\u2606TheDecommissioner\n|player|p2|\n","uploadtime":1733033456,"views":14,"formatid":"gen9vgc2024regh","rating":1715,"private":0,"password":null}