{"id":"gen9vgc2024regh-2254798213","format":"[Gen 9] VGC 2024 Reg H","players":["dalas91","futonkagebunshin"],"log":"|j|\u2606dalas91\n|j|\u2606futonkagebunshin\n|t:|1733092252\n|gametype|doubles\n|player|p1|dalas91|dragontamer|1701\n|player|p2|futonkagebunshin|policeman-gen4|1688\n|teamsize|p1|6\n|teamsize|p2|6\n|gen|9\n|tier|[Gen 9] VGC 2024 Reg H\n|rated|\n|rule|Species Clause: Limit one of each Pok\u00e9mon\n|rule|Item Clause: Limit 1 of each item\n|clearpoke\n|poke|p1|Archaludon, L50, M|\n|poke|p1|Whimsicott, L50, F|\n|poke|p1|Incineroar, L50, F|\n|poke|p1|Ursaluna-Bloodmoon, L50, M|\n|poke|p1|Basculegion, L50, M|\n|poke|p1|Annihilape, L50, M|\n|poke|p2|Whimsicott, L50, M|\n|poke|p2|Chandelure, L50, F|\n|poke|p2|Pelipper, L50, M|\n|poke|p2|Archaludon, L50, F|\n|poke|p2|Overqwil, L50, F|\n|poke|p2|Annihilape, L50, M|\n|teampreview|4\n|\n|t:|1733092332\n|start\n|switch|p1a: Whimsicott|Whimsicott, L50, F|100\/100\n|switch|p1b: Annihilape|Annihilape, L50, M|100\/100\n|switch|p2a: Whimsicott|Whimsicott, L50, M|100\/100\n|switch|p2b: Chandelure|Chandelure, L50, F|100\/100\n|turn|1\n|\n|t:|1733092361\n|-terastallize|p1b: Annihilape|Fire\n|move|p2a: Whimsicott|Tailwind|p2a: Whimsicott\n|-sidestart|p2: futonkagebunshin|move: Tailwind\n|move|p2b: Chandelure|Heat Wave|p1b: Annihilape|[spread] p1a,p1b\n|-supereffective|p1a: Whimsicott\n|-resisted|p1b: Annihilape\n|-enditem|p1a: Whimsicott|Focus Sash\n|-damage|p1a: Whimsicott|1\/100\n|-damage|p1b: Annihilape|68\/100\n|-status|p1a: Whimsicott|brn\n|move|p1a: Whimsicott|Beat Up|p1b: Annihilape\n|-damage|p1b: Annihilape|68\/100\n|-damage|p1b: Annihilape|67\/100\n|-damage|p1b: Annihilape|66\/100\n|-damage|p1b: Annihilape|65\/100\n|-hitcount|p1b: Annihilape|4\n|move|p1b: Annihilape|Rage Fist|p2b: Chandelure\n|-supereffective|p2b: Chandelure\n|-damage|p2b: Chandelure|0 fnt\n|faint|p2b: Chandelure\n|\n|-damage|p1a: Whimsicott|0 fnt|[from] brn\n|faint|p1a: Whimsicott\n|upkeep\n|\n|t:|1733092386\n|switch|p1a: Basculegion|Basculegion, L50, M, shiny|100\/100\n|switch|p2b: Annihilape|Annihilape, L50, M|100\/100\n|turn|2\n|\n|t:|1733092426\n|-terastallize|p2b: Annihilape|Fire\n|move|p2a: Whimsicott|Beat Up|p2b: Annihilape\n|-damage|p2b: Annihilape|98\/100\n|-damage|p2b: Annihilape|96\/100\n|-crit|p2b: Annihilape\n|-damage|p2b: Annihilape|91\/100\n|-hitcount|p2b: Annihilape|3\n|move|p2b: Annihilape|Rage Fist|p1a: Basculegion\n|-supereffective|p1a: Basculegion\n|-damage|p1a: Basculegion|0 fnt\n|faint|p1a: Basculegion\n|move|p1b: Annihilape|Rage Fist|p2b: Annihilape\n|-damage|p2b: Annihilape|0 fnt\n|faint|p2b: Annihilape\n|\n|upkeep\n|\n|t:|1733092442\n|switch|p2b: Archaludon|Archaludon, L50, F|100\/100\n|switch|p1a: Archaludon|Archaludon, L50, M|100\/100\n|turn|3\n|\n|t:|1733092468\n|move|p2a: Whimsicott|Beat Up|p2b: Archaludon\n|-damage|p2b: Archaludon|99\/100\n|-ability|p2b: Archaludon|Stamina|boost\n|-boost|p2b: Archaludon|def|1\n|-damage|p2b: Archaludon|97\/100\n|-ability|p2b: Archaludon|Stamina|boost\n|-boost|p2b: Archaludon|def|1\n|-hitcount|p2b: Archaludon|2\n|move|p2b: Archaludon|Draco Meteor|p1b: Annihilape\n|-damage|p1b: Annihilape|4\/100\n|-unboost|p2b: Archaludon|spa|2\n|move|p1b: Annihilape|Rage Fist|p2b: Archaludon\n|-damage|p2b: Archaludon|38\/100\n|-ability|p2b: Archaludon|Stamina|boost\n|-boost|p2b: Archaludon|def|1\n|move|p1a: Archaludon|Body Press|p2b: Archaludon\n|-supereffective|p2b: Archaludon\n|-damage|p2b: Archaludon|21\/100\n|-ability|p2b: Archaludon|Stamina|boost\n|-boost|p2b: Archaludon|def|1\n|\n|upkeep\n|turn|4\n|\n|t:|1733092510\n|move|p2a: Whimsicott|Moonblast|p1b: Annihilape\n|-resisted|p1b: Annihilape\n|-damage|p1b: Annihilape|0 fnt\n|faint|p1b: Annihilape\n|move|p2b: Archaludon|Body Press|p1a: Archaludon\n|-supereffective|p1a: Archaludon\n|-damage|p1a: Archaludon|8\/100\n|-ability|p1a: Archaludon|Stamina|boost\n|-boost|p1a: Archaludon|def|1\n|move|p1a: Archaludon|Dragon Pulse|p2b: Archaludon\n|-damage|p2b: Archaludon|0 fnt\n|faint|p2b: Archaludon\n|\n|-sideend|p2: futonkagebunshin|move: Tailwind\n|upkeep\n|turn|5\n|\n|t:|1733092526\n|move|p2a: Whimsicott|Moonblast|p1a: Archaludon\n|-damage|p1a: Archaludon|0 fnt\n|faint|p1a: Archaludon\n|\n|win|futonkagebunshin\n|raw|dalas91's rating: 1701 &rarr; <strong>1680<\/strong><br \/>(-21 for losing)\n|raw|futonkagebunshin's rating: 1688 &rarr; <strong>1709<\/strong><br \/>(+21 for winning)\n|l|\u2606dalas91\n|player|p1|\n|l|\u2606futonkagebunshin\n|player|p2|\n","uploadtime":1733092711,"views":7,"formatid":"gen9vgc2024regh","rating":1680,"private":0,"password":null}