{"id":"gen9vgc2024regh-2254255921","format":"[Gen 9] VGC 2024 Reg H","players":["ren122333","Djjwjwwjj"],"log":"|j|\u2606ren122333\n|j|\u2606Djjwjwwjj\n|t:|1733010753\n|gametype|doubles\n|player|p1|ren122333|hilbert|1690\n|player|p2|Djjwjwwjj|101|1803\n|teamsize|p1|6\n|teamsize|p2|6\n|gen|9\n|tier|[Gen 9] VGC 2024 Reg H\n|rated|\n|rule|Species Clause: Limit one of each Pok\u00e9mon\n|rule|Item Clause: Limit 1 of each item\n|clearpoke\n|poke|p1|Whimsicott, L50, M|\n|poke|p1|Mamoswine, L50, M|\n|poke|p1|Lycanroc-Dusk, L50, M|\n|poke|p1|Typhlosion-Hisui, L50, M|\n|poke|p1|Farigiraf, L50, F|\n|poke|p1|Mienshao, L50, F|\n|poke|p2|Palafin, L50, M|\n|poke|p2|Farigiraf, L50, F|\n|poke|p2|Ursaluna-Bloodmoon, L50, M|\n|poke|p2|Amoonguss, L50, M|\n|poke|p2|Incineroar, L50, F|\n|poke|p2|Pelipper, L50, M|\n|teampreview|4\n|inactive|Battle timer is ON: inactive players will automatically lose when time's up. (requested by Djjwjwwjj)\n|inactive|Djjwjwwjj has 60 seconds left.\n|inactive|Djjwjwwjj has 30 seconds left.\n|\n|t:|1733010817\n|start\n|switch|p1a: Farigiraf|Farigiraf, L50, F|100\/100\n|switch|p1b: Mamoswine|Mamoswine, L50, M|100\/100\n|switch|p2a: Farigiraf|Farigiraf, L50, F|100\/100\n|switch|p2b: Incineroar|Incineroar, L50, F|100\/100\n|-ability|p2b: Incineroar|Intimidate|boost\n|-unboost|p1a: Farigiraf|atk|1\n|-fail|p1b: Mamoswine|unboost|Attack|[from] ability: Oblivious|[of] p1b: Mamoswine\n|turn|1\n|inactive|Djjwjwwjj has 30 seconds left.\n|inactive|Djjwjwwjj has 20 seconds left.\n|\n|t:|1733010854\n|switch|p2a: Pelipper|Pelipper, L50, M|100\/100\n|-weather|RainDance|[from] ability: Drizzle|[of] p2a: Pelipper\n|-terastallize|p2b: Incineroar|Ghost\n|move|p1b: Mamoswine|High Horsepower|p2b: Incineroar\n|-damage|p2b: Incineroar|54\/100\n|move|p1a: Farigiraf|Imprison|p1a: Farigiraf\n|-start|p1a: Farigiraf|move: Imprison\n|move|p2b: Incineroar|Flare Blitz|p1b: Mamoswine\n|-supereffective|p1b: Mamoswine\n|-damage|p1b: Mamoswine|35\/100\n|-damage|p2b: Incineroar|34\/100|[from] Recoil\n|\n|-weather|RainDance|[upkeep]\n|upkeep\n|turn|2\n|\n|t:|1733010874\n|move|p2a: Pelipper|Hurricane|p1b: Mamoswine\n|-damage|p1b: Mamoswine|0 fnt\n|faint|p1b: Mamoswine\n|move|p1a: Farigiraf|Hyper Voice|p2a: Pelipper|[spread] p2a\n|-immune|p2b: Incineroar\n|-damage|p2a: Pelipper|52\/100\n|move|p2b: Incineroar|Knock Off|p1a: Farigiraf\n|-supereffective|p1a: Farigiraf\n|-damage|p1a: Farigiraf|11\/100\n|-enditem|p1a: Farigiraf|Mental Herb|[from] move: Knock Off|[of] p2b: Incineroar\n|\n|-weather|RainDance|[upkeep]\n|upkeep\n|\n|t:|1733010881\n|switch|p1b: Whimsicott|Whimsicott, L50, M|100\/100\n|turn|3\n|inactive|Djjwjwwjj has 30 seconds left.\n|\n|t:|1733010912\n|switch|p2a: Farigiraf|Farigiraf, L50, F|100\/100\n|move|p1b: Whimsicott|Tailwind|p1b: Whimsicott\n|-sidestart|p1: ren122333|move: Tailwind\n|move|p1a: Farigiraf|Expanding Force|p2b: Incineroar\n|-damage|p2b: Incineroar|0 fnt\n|faint|p2b: Incineroar\n|\n|-weather|RainDance|[upkeep]\n|upkeep\n|\n|t:|1733010924\n|switch|p2b: Ursaluna|Ursaluna-Bloodmoon, L50, M|100\/100\n|turn|4\n|j| ChinaDragonVGC\n|inactive|Djjwjwwjj has 30 seconds left.\n|inactive|Djjwjwwjj has 20 seconds left.\n|\n|t:|1733010960\n|move|p1b: Whimsicott|Moonblast|p2b: Ursaluna\n|-damage|p2b: Ursaluna|66\/100\n|-unboost|p2b: Ursaluna|spa|1\n|move|p1a: Farigiraf|Hyper Voice|p2b: Ursaluna|[spread] p2a,p2b\n|-damage|p2a: Farigiraf|74\/100\n|-damage|p2b: Ursaluna|31\/100\n|move|p2a: Farigiraf|Twin Beam|p1b: Whimsicott\n|-damage|p1b: Whimsicott|70\/100\n|-damage|p1b: Whimsicott|39\/100\n|-hitcount|p1b: Whimsicott|2\n|move|p2b: Ursaluna|Earth Power|p1a: Farigiraf\n|-damage|p1a: Farigiraf|0 fnt\n|faint|p1a: Farigiraf\n|-damage|p2b: Ursaluna|21\/100|[from] item: Life Orb\n|\n|-weather|RainDance|[upkeep]\n|upkeep\n|\n|t:|1733010970\n|switch|p1a: Typhlosion|Typhlosion-Hisui, L50, M|100\/100\n|-item|p2a: Farigiraf|Lum Berry|[from] ability: Frisk|[of] p1a: Typhlosion\n|-item|p2b: Ursaluna|Life Orb|[from] ability: Frisk|[of] p1a: Typhlosion\n|turn|5\n|j| futonkagebunshin\n|inactive|Djjwjwwjj has 30 seconds left.\n|\n|t:|1733010999\n|-terastallize|p1a: Typhlosion|Fire\n|move|p1b: Whimsicott|Sunny Day|p1b: Whimsicott\n|-weather|SunnyDay\n|move|p1a: Typhlosion|Eruption|p2a: Farigiraf|[spread] p2a,p2b\n|-damage|p2a: Farigiraf|0 fnt\n|-damage|p2b: Ursaluna|0 fnt\n|faint|p2a: Farigiraf\n|faint|p2b: Ursaluna\n|\n|-weather|SunnyDay|[upkeep]\n|upkeep\n|-message|Djjwjwwjj forfeited.\n|\n|win|ren122333\n|raw|ren122333's rating: 1690 &rarr; <strong>1716<\/strong><br \/>(+26 for winning)\n|raw|Djjwjwwjj's rating: 1803 &rarr; <strong>1777<\/strong><br \/>(-26 for losing)\n|l|\u2606Djjwjwwjj\n|player|p2|\n|l|\u2606ren122333\n|player|p1|\n","uploadtime":1733011188,"views":9,"formatid":"gen9vgc2024regh","rating":1716,"private":0,"password":null}