{"id":"gen9vgc2024regh-2254186952","format":"[Gen 9] VGC 2024 Reg H","players":["Jesuuuus","Nerd159"],"log":"|j|\u2606Jesuuuus\n|j|\u2606Nerd159\n|t:|1733002004\n|gametype|doubles\n|player|p1|Jesuuuus|alec-anime|1769\n|player|p2|Nerd159|169|1773\n|teamsize|p1|6\n|teamsize|p2|6\n|gen|9\n|tier|[Gen 9] VGC 2024 Reg H\n|rated|\n|rule|Species Clause: Limit one of each Pok\u00e9mon\n|rule|Item Clause: Limit 1 of each item\n|clearpoke\n|poke|p1|Archaludon, L50, F|\n|poke|p1|Whimsicott, L50, F|\n|poke|p1|Pelipper, L50, F|\n|poke|p1|Basculegion, L50, M|\n|poke|p1|Gholdengo, L50|\n|poke|p1|Rillaboom, L50, M|\n|poke|p2|Kommo-o, L50, F|\n|poke|p2|Sinistcha, L50|\n|poke|p2|Gholdengo, L50|\n|poke|p2|Murkrow, L50, F|\n|poke|p2|Incineroar, L50, M|\n|poke|p2|Ninetales-Alola, L50, M|\n|teampreview|4\n|inactive|Battle timer is ON: inactive players will automatically lose when time's up. (requested by Jesuuuus)\n|inactive|Jesuuuus has 60 seconds left.\n|inactive|Nerd159 has 60 seconds left.\n|\n|t:|1733002057\n|start\n|switch|p1a: Archaludon|Archaludon, L50, F|100\/100\n|switch|p1b: Pelipper|Pelipper, L50, F|100\/100\n|switch|p2a: Gholdengo|Gholdengo, L50|100\/100\n|switch|p2b: Incineroar|Incineroar, L50, M|100\/100\n|-weather|RainDance|[from] ability: Drizzle|[of] p1b: Pelipper\n|-ability|p2b: Incineroar|Intimidate|boost\n|-unboost|p1a: Archaludon|atk|1\n|-unboost|p1b: Pelipper|atk|1\n|turn|1\n|inactive|Jesuuuus has 30 seconds left.\n|\n|t:|1733002085\n|switch|p1b: Whimsicott|Whimsicott, L50, F|100\/100\n|switch|p2b: Ninetales|Ninetales-Alola, L50, M|100\/100\n|-weather|Snow|[from] ability: Snow Warning|[of] p2b: Ninetales\n|move|p2a: Gholdengo|Nasty Plot|p2a: Gholdengo\n|-boost|p2a: Gholdengo|spa|2\n|move|p1a: Archaludon|Snarl|p2a: Gholdengo|[spread] p2a,p2b\n|-supereffective|p2a: Gholdengo\n|-resisted|p2b: Ninetales\n|-damage|p2a: Gholdengo|76\/100\n|-damage|p2b: Ninetales|93\/100\n|-unboost|p2a: Gholdengo|spa|1\n|-unboost|p2b: Ninetales|spa|1\n|\n|-weather|Snow|[upkeep]\n|upkeep\n|turn|2\n|\n|t:|1733002103\n|switch|p2b: Sinistcha|Sinistcha, L50|100\/100\n|-heal|p2a: Gholdengo|100\/100|[from] ability: Hospitality|[of] p2b: Sinistcha\n|switch|p1b: Pelipper|Pelipper, L50, F|100\/100\n|-weather|RainDance|[from] ability: Drizzle|[of] p1b: Pelipper\n|move|p2a: Gholdengo|Nasty Plot|p2a: Gholdengo\n|-boost|p2a: Gholdengo|spa|2\n|move|p1a: Archaludon|Electro Shot||[still]\n|-prepare|p1a: Archaludon|Electro Shot\n|-boost|p1a: Archaludon|spa|1\n|-anim|p1a: Archaludon|Electro Shot|p2a: Gholdengo\n|-crit|p2a: Gholdengo\n|-damage|p2a: Gholdengo|27\/100\n|-enditem|p2a: Gholdengo|Sitrus Berry|[eat]\n|-heal|p2a: Gholdengo|52\/100|[from] item: Sitrus Berry\n|\n|-weather|RainDance|[upkeep]\n|upkeep\n|turn|3\n|inactive|Jesuuuus has 30 seconds left.\n|inactive|Nerd159 has 30 seconds left.\n|inactive|Nerd159 has 20 seconds left.\n|inactive|Nerd159 has 15 seconds left.\n|\n|t:|1733002144\n|-terastallize|p2b: Sinistcha|Dark\n|move|p2b: Sinistcha|Rage Powder|p2b: Sinistcha\n|-singleturn|p2b: Sinistcha|move: Rage Powder\n|move|p1b: Pelipper|Hurricane|p2b: Sinistcha\n|-damage|p2b: Sinistcha|55\/100\n|move|p2a: Gholdengo|Shadow Ball|p1a: Archaludon\n|-damage|p1a: Archaludon|31\/100\n|-unboost|p1a: Archaludon|spd|1\n|-ability|p1a: Archaludon|Stamina|boost\n|-boost|p1a: Archaludon|def|1\n|move|p1a: Archaludon|Snarl|p2a: Gholdengo|[spread] p2a,p2b\n|-supereffective|p2a: Gholdengo\n|-resisted|p2b: Sinistcha\n|-damage|p2a: Gholdengo|19\/100\n|-damage|p2b: Sinistcha|47\/100\n|-unboost|p2a: Gholdengo|spa|1\n|-unboost|p2b: Sinistcha|spa|1\n|\n|-weather|RainDance|[upkeep]\n|upkeep\n|turn|4\n|inactive|Nerd159 has 30 seconds left.\n|\n|t:|1733002172\n|switch|p1b: Gholdengo|Gholdengo, L50|100\/100\n|move|p2b: Sinistcha|Rage Powder|p2b: Sinistcha\n|-singleturn|p2b: Sinistcha|move: Rage Powder\n|move|p2a: Gholdengo|Shadow Ball|p1a: Archaludon\n|-damage|p1a: Archaludon|0 fnt\n|faint|p1a: Archaludon\n|\n|-weather|RainDance|[upkeep]\n|upkeep\n|\n|t:|1733002181\n|switch|p1a: Whimsicott|Whimsicott, L50, F|100\/100\n|turn|5\n|j| dsadadsdsadsa\n|\n|t:|1733002200\n|-terastallize|p1b: Gholdengo|Steel\n|move|p1a: Whimsicott|Moonblast|p2b: Sinistcha\n|-supereffective|p2b: Sinistcha\n|-damage|p2b: Sinistcha|2\/100\n|move|p1b: Gholdengo|Make It Rain|p2a: Gholdengo|[spread] p2a,p2b\n|-resisted|p2a: Gholdengo\n|-damage|p2a: Gholdengo|0 fnt\n|-damage|p2b: Sinistcha|0 fnt\n|-unboost|p1b: Gholdengo|spa|1\n|faint|p2a: Gholdengo\n|faint|p2b: Sinistcha\n|\n|-weather|RainDance|[upkeep]\n|upkeep\n|\n|t:|1733002206\n|switch|p2a: Ninetales|Ninetales-Alola, L50, M|93\/100\n|switch|p2b: Incineroar|Incineroar, L50, M|100\/100\n|-weather|Snow|[from] ability: Snow Warning|[of] p2a: Ninetales\n|-ability|p2b: Incineroar|Intimidate|boost\n|-unboost|p1a: Whimsicott|atk|1\n|-unboost|p1b: Gholdengo|atk|1\n|turn|6\n|\n|t:|1733002216\n|switch|p1b: Pelipper|Pelipper, L50, F|100\/100\n|-weather|RainDance|[from] ability: Drizzle|[of] p1b: Pelipper\n|move|p2b: Incineroar|Fake Out|p1b: Pelipper\n|-damage|p1b: Pelipper|83\/100\n|move|p1a: Whimsicott|Tailwind|p1a: Whimsicott\n|-sidestart|p1: Jesuuuus|move: Tailwind\n|move|p2a: Ninetales|Blizzard|p1a: Whimsicott|[spread] p1a,p1b\n|-supereffective|p1a: Whimsicott\n|-damage|p1a: Whimsicott|0 fnt\n|-damage|p1b: Pelipper|3\/100\n|faint|p1a: Whimsicott\n|\n|-weather|RainDance|[upkeep]\n|upkeep\n|\n|t:|1733002227\n|switch|p1a: Gholdengo|Gholdengo, L50, tera:Steel|100\/100\n|turn|7\n|\n|t:|1733002234\n|move|p1a: Gholdengo|Make It Rain|p2b: Incineroar|[spread] p2a,p2b\n|-supereffective|p2a: Ninetales\n|-resisted|p2b: Incineroar\n|-damage|p2a: Ninetales|0 fnt\n|-damage|p2b: Incineroar|65\/100\n|-unboost|p1a: Gholdengo|spa|1\n|faint|p2a: Ninetales\n|move|p1b: Pelipper|Weather Ball|p2b: Incineroar\n|-supereffective|p2b: Incineroar\n|-damage|p2b: Incineroar|0 fnt\n|faint|p2b: Incineroar\n|\n|win|Jesuuuus\n|raw|Jesuuuus's rating: 1769 &rarr; <strong>1789<\/strong><br \/>(+20 for winning)\n|raw|Nerd159's rating: 1773 &rarr; <strong>1753<\/strong><br \/>(-20 for losing)\n|l|\u2606Nerd159\n|player|p2|\n|l|\u2606Jesuuuus\n|player|p1|\n","uploadtime":1733002437,"views":32,"formatid":"gen9vgc2024regh","rating":1753,"private":0,"password":null}