{"id":"gen9vgc2024regh-2254189641","format":"[Gen 9] VGC 2024 Reg H","players":["Johnmcclain45","CarryTheBoats"],"log":"|j|\u2606Johnmcclain45\n|j|\u2606CarryTheBoats\n|t:|1733002347\n|gametype|doubles\n|player|p1|Johnmcclain45|emmet|1725\n|player|p2|CarryTheBoats|crasherwake|1738\n|teamsize|p1|6\n|teamsize|p2|6\n|gen|9\n|tier|[Gen 9] VGC 2024 Reg H\n|rated|\n|rule|Species Clause: Limit one of each Pok\u00e9mon\n|rule|Item Clause: Limit 1 of each item\n|clearpoke\n|poke|p1|Magmar, L50, F|\n|poke|p1|Ursaluna-Bloodmoon, L50, M|\n|poke|p1|Pelipper, L50, F|\n|poke|p1|Rillaboom, L50, F|\n|poke|p1|Farigiraf, L50, M|\n|poke|p1|Kingambit, L50, F|\n|poke|p2|Archaludon, L50, M|\n|poke|p2|Pelipper, L50, M|\n|poke|p2|Amoonguss, L50, M|\n|poke|p2|Incineroar, L50, F|\n|poke|p2|Basculegion, L50, M|\n|poke|p2|Dragonite, L50, F|\n|teampreview|4\n|inactive|Battle timer is ON: inactive players will automatically lose when time's up. (requested by CarryTheBoats)\n|\n|t:|1733002379\n|start\n|switch|p1a: Hurricane|Rillaboom, L50, F|100\/100\n|switch|p1b: Spooky|Farigiraf, L50, M, shiny|100\/100\n|switch|p2a: Basculegion|Basculegion, L50, M, shiny|100\/100\n|switch|p2b: Pelipper|Pelipper, L50, M|100\/100\n|-weather|RainDance|[from] ability: Drizzle|[of] p2b: Pelipper\n|-fieldstart|move: Grassy Terrain|[from] ability: Grassy Surge|[of] p1a: Hurricane\n|-enditem|p1a: Hurricane|Grassy Seed\n|-boost|p1a: Hurricane|def|1|[from] item: Grassy Seed\n|turn|1\n|j| mr pogostick\n|\n|t:|1733002397\n|switch|p2b: Archaludon|Archaludon, L50, M, shiny|100\/100\n|-terastallize|p1b: Spooky|Grass\n|move|p1a: Hurricane|Fake Out|p2b: Archaludon\n|-resisted|p2b: Archaludon\n|-damage|p2b: Archaludon|95\/100\n|-ability|p2b: Archaludon|Stamina|boost\n|-boost|p2b: Archaludon|def|1\n|move|p2a: Basculegion|Wave Crash|p1b: Spooky\n|-resisted|p1b: Spooky\n|-damage|p1b: Spooky|55\/100\n|-damage|p2a: Basculegion|84\/100|[from] Recoil\n|-damage|p2a: Basculegion|74\/100|[from] item: Life Orb\n|move|p1b: Spooky|Trick Room|p1b: Spooky\n|-fieldstart|move: Trick Room|[of] p1b: Spooky\n|\n|-weather|RainDance|[upkeep]\n|-heal|p1b: Spooky|61\/100|[from] Grassy Terrain\n|-heal|p2b: Archaludon|100\/100|[from] Grassy Terrain\n|-heal|p2a: Basculegion|80\/100|[from] Grassy Terrain\n|upkeep\n|turn|2\n|inactive|Johnmcclain45 has 30 seconds left.\n|inactive|Johnmcclain45 has 20 seconds left.\n|inactive|Johnmcclain45 has 15 seconds left.\n|inactive|Johnmcclain45 has 10 seconds left.\n|\n|t:|1733002446\n|switch|p1b: Bear|Ursaluna-Bloodmoon, L50, M|100\/100\n|switch|p1a: Bird|Pelipper, L50, F|100\/100\n|switch|p2a: Amoonguss|Amoonguss, L50, M|100\/100\n|move|p2b: Archaludon|Electro Shot||[still]\n|-prepare|p2b: Archaludon|Electro Shot\n|-boost|p2b: Archaludon|spa|1\n|-anim|p2b: Archaludon|Electro Shot|p1b: Bear\n|-immune|p1b: Bear\n|\n|-weather|RainDance|[upkeep]\n|upkeep\n|turn|3\n|inactive|Johnmcclain45 has 30 seconds left.\n|\n|t:|1733002471\n|move|p1b: Bear|Earth Power|p2b: Archaludon\n|-supereffective|p2b: Archaludon\n|-damage|p2b: Archaludon|23\/100\n|-ability|p2b: Archaludon|Stamina|boost\n|-boost|p2b: Archaludon|def|1\n|move|p2a: Amoonguss|Spore|p1b: Bear\n|-status|p1b: Bear|slp|[from] move: Spore\n|move|p1a: Bird|Hurricane|p2a: Amoonguss\n|-supereffective|p2a: Amoonguss\n|-damage|p2a: Amoonguss|0 fnt\n|faint|p2a: Amoonguss\n|-damage|p1a: Bird|91\/100|[from] item: Life Orb\n|move|p2b: Archaludon|Electro Shot||[still]\n|-prepare|p2b: Archaludon|Electro Shot\n|-boost|p2b: Archaludon|spa|1\n|-anim|p2b: Archaludon|Electro Shot|p1a: Bird\n|-supereffective|p1a: Bird\n|-damage|p1a: Bird|0 fnt\n|faint|p1a: Bird\n|\n|-weather|RainDance|[upkeep]\n|-heal|p2b: Archaludon|29\/100|[from] Grassy Terrain\n|upkeep\n|l|\u2606CarryTheBoats\n|inactive|CarryTheBoats disconnected and has a minute to reconnect!\n|player|p2|\n|inactive|Johnmcclain45 has 30 seconds left.\n|inactive|CarryTheBoats has 30 seconds left.\n|inactive|CarryTheBoats has 20 seconds left.\n|inactive|CarryTheBoats has 15 seconds left.\n|inactive|CarryTheBoats has 10 seconds left.\n|j|\u2606CarryTheBoats\n|inactive|CarryTheBoats reconnected and has 10 seconds left.\n|player|p2|CarryTheBoats|crasherwake|\n|inactive|CarryTheBoats has 5 seconds left.\n|\n|t:|1733002522\n|switch|p2a: Pelipper|Pelipper, L50, M|100\/100\n|switch|p1a: Spooky|Farigiraf, L50, M, shiny, tera:Grass|61\/100\n|turn|4\n|\n|t:|1733002533\n|switch|p1b: Hurricane|Rillaboom, L50, F|100\/100\n|move|p1a: Spooky|Thunder|p2a: Pelipper\n|-supereffective|p2a: Pelipper\n|-enditem|p2a: Pelipper|Focus Sash\n|-damage|p2a: Pelipper|1\/100\n|move|p2a: Pelipper|Weather Ball|p1b: Hurricane\n|-resisted|p1b: Hurricane\n|-damage|p1b: Hurricane|66\/100\n|move|p2b: Archaludon|Dragon Pulse|p1a: Spooky\n|-damage|p1a: Spooky|0 fnt\n|faint|p1a: Spooky\n|\n|-weather|RainDance|[upkeep]\n|-heal|p1b: Hurricane|72\/100|[from] Grassy Terrain\n|-heal|p2b: Archaludon|36\/100|[from] Grassy Terrain\n|upkeep\n|\n|t:|1733002552\n|switch|p1a: Bear|Ursaluna-Bloodmoon, L50, M|100\/100 slp\n|turn|5\n|\n|t:|1733002568\n|switch|p2a: Basculegion|Basculegion, L50, M, shiny|80\/100\n|-terastallize|p2b: Archaludon|Bug\n|cant|p1a: Bear|slp\n|move|p1b: Hurricane|Knock Off|p2b: Archaludon\n|-damage|p2b: Archaludon|23\/100\n|-ability|p2b: Archaludon|Stamina|boost\n|-boost|p2b: Archaludon|def|1\n|-enditem|p2b: Archaludon|Assault Vest|[from] move: Knock Off|[of] p1b: Hurricane\n|move|p2b: Archaludon|Dragon Pulse|p1b: Hurricane\n|-damage|p1b: Hurricane|0 fnt\n|faint|p1b: Hurricane\n|\n|-weather|none\n|-heal|p2b: Archaludon|29\/100|[from] Grassy Terrain\n|-heal|p2a: Basculegion|86\/100|[from] Grassy Terrain\n|-fieldend|move: Trick Room\n|-fieldend|move: Grassy Terrain\n|upkeep\n|turn|6\n|l| mr pogostick\n|-message|Johnmcclain45 forfeited.\n|\n|win|CarryTheBoats\n|raw|Johnmcclain45's rating: 1725 &rarr; <strong>1706<\/strong><br \/>(-19 for losing)\n|raw|CarryTheBoats's rating: 1738 &rarr; <strong>1757<\/strong><br \/>(+19 for winning)\n|l|\u2606Johnmcclain45\n|player|p1|\n|l|\u2606CarryTheBoats\n|player|p2|\n","uploadtime":1733002855,"views":7,"formatid":"gen9vgc2024regh","rating":1706,"private":0,"password":null}