{"id":"gen9vgc2024regh-2254374454","format":"[Gen 9] VGC 2024 Reg H","players":["futonkagebunshin","guardian riser"],"log":"|j|\u2606futonkagebunshin\n|j|\u2606guardian riser\n|t:|1733026970\n|gametype|doubles\n|player|p1|futonkagebunshin|policeman-gen4|1710\n|player|p2|guardian riser|2|1729\n|teamsize|p1|6\n|teamsize|p2|6\n|gen|9\n|tier|[Gen 9] VGC 2024 Reg H\n|rated|\n|rule|Species Clause: Limit one of each Pok\u00e9mon\n|rule|Item Clause: Limit 1 of each item\n|clearpoke\n|poke|p1|Whimsicott, L50, M|\n|poke|p1|Chandelure, L50, M|\n|poke|p1|Pelipper, L50, M|\n|poke|p1|Archaludon, L50, M|\n|poke|p1|Overqwil, L50, M|\n|poke|p1|Annihilape, L50, F|\n|poke|p2|Sneasler, L50, M|\n|poke|p2|Volcarona, L50, F|\n|poke|p2|Garganacl, L50, M|\n|poke|p2|Meowscarada, L50, M|\n|poke|p2|Dragonite, L50, F|\n|poke|p2|Indeedee, L50, M|\n|teampreview|4\n|j| P33ntax\n|inactive|Battle timer is ON: inactive players will automatically lose when time's up. (requested by guardian riser)\n|\n|t:|1733027011\n|start\n|switch|p1a: Pelipper|Pelipper, L50, M|100\/100\n|switch|p1b: Overqwil|Overqwil, L50, M|100\/100\n|switch|p2a: Sneasler|Sneasler, L50, M|100\/100\n|switch|p2b: Indeedee|Indeedee, L50, M|100\/100\n|-fieldstart|move: Psychic Terrain|[from] ability: Psychic Surge|[of] p2b: Indeedee\n|-enditem|p2a: Sneasler|Psychic Seed\n|-boost|p2a: Sneasler|spd|1|[from] item: Psychic Seed\n|-weather|RainDance|[from] ability: Drizzle|[of] p1a: Pelipper\n|turn|1\n|inactive|guardian riser has 30 seconds left.\n|inactive|guardian riser has 20 seconds left.\n|inactive|guardian riser has 15 seconds left.\n|\n|t:|1733027051\n|switch|p2b: Meowscarada|Meowscarada, L50, M|100\/100\n|-terastallize|p2a: Sneasler|Dark\n|move|p2a: Sneasler|Dire Claw|p1a: Pelipper\n|-damage|p1a: Pelipper|54\/100\n|move|p1b: Overqwil|Liquidation|p2a: Sneasler\n|-damage|p2a: Sneasler|11\/100\n|-damage|p1b: Overqwil|91\/100|[from] item: Life Orb\n|move|p1a: Pelipper|Weather Ball|p2b: Meowscarada\n|-resisted|p2b: Meowscarada\n|-damage|p2b: Meowscarada|47\/100\n|\n|-weather|RainDance|[upkeep]\n|upkeep\n|turn|2\n|inactive|futonkagebunshin has 30 seconds left.\n|inactive|guardian riser has 30 seconds left.\n|inactive|futonkagebunshin has 20 seconds left.\n|inactive|futonkagebunshin has 15 seconds left.\n|inactive|futonkagebunshin has 10 seconds left.\n|inactive|futonkagebunshin has 5 seconds left.\n|\n|t:|1733027103\n|move|p2a: Sneasler|Close Combat|p1b: Overqwil\n|-damage|p1b: Overqwil|12\/100\n|-unboost|p2a: Sneasler|def|1\n|-unboost|p2a: Sneasler|spd|1\n|move|p1b: Overqwil|Liquidation|p2b: Meowscarada\n|-resisted|p2b: Meowscarada\n|-damage|p2b: Meowscarada|8\/100\n|-unboost|p2b: Meowscarada|def|1\n|-damage|p1b: Overqwil|2\/100|[from] item: Life Orb\n|move|p2b: Meowscarada|Flower Trick|p1a: Pelipper\n|-crit|p1a: Pelipper\n|-damage|p1a: Pelipper|0 fnt\n|faint|p1a: Pelipper\n|\n|-weather|RainDance|[upkeep]\n|upkeep\n|j| UBTHETRAINER\n|l| UBTHETRAINER\n|inactive|futonkagebunshin has 30 seconds left.\n|inactive|futonkagebunshin has 20 seconds left.\n|inactive|futonkagebunshin has 15 seconds left.\n|inactive|futonkagebunshin has 10 seconds left.\n|\n|t:|1733027149\n|switch|p1a: Annihilape|Annihilape, L50, F|100\/100\n|turn|3\n|inactive|futonkagebunshin has 30 seconds left.\n|inactive|futonkagebunshin has 20 seconds left.\n|inactive|futonkagebunshin has 15 seconds left.\n|inactive|futonkagebunshin has 10 seconds left.\n|inactive|futonkagebunshin has 5 seconds left.\n|\n|t:|1733027200\n|-terastallize|p1a: Annihilape|Fire\n|move|p1b: Overqwil|Protect|p1b: Overqwil\n|-singleturn|p1b: Overqwil|Protect\n|move|p2a: Sneasler|Close Combat|p1b: Overqwil\n|-activate|p1b: Overqwil|move: Protect\n|move|p2b: Meowscarada|Flower Trick|p1a: Annihilape\n|-resisted|p1a: Annihilape\n|-crit|p1a: Annihilape\n|-damage|p1a: Annihilape|50\/100\n|-enditem|p1a: Annihilape|Sitrus Berry|[eat]\n|-heal|p1a: Annihilape|75\/100|[from] item: Sitrus Berry\n|move|p1a: Annihilape|Drain Punch|p2b: Meowscarada\n|-supereffective|p2b: Meowscarada\n|-damage|p2b: Meowscarada|0 fnt\n|-heal|p1a: Annihilape|78\/100|[from] drain|[of] p2b: Meowscarada\n|faint|p2b: Meowscarada\n|\n|-weather|RainDance|[upkeep]\n|upkeep\n|j| GooglePay\n|\n|t:|1733027207\n|switch|p2b: Dragonite|Dragonite, L50, F|100\/100\n|turn|4\n|inactive|futonkagebunshin has 30 seconds left.\n|\n|t:|1733027232\n|move|p2a: Sneasler|Coaching|p2b: Dragonite\n|-boost|p2b: Dragonite|atk|1\n|-boost|p2b: Dragonite|def|1\n|move|p1b: Overqwil|Gunk Shot|p2b: Dragonite\n|-damage|p2b: Dragonite|73\/100\n|-damage|p1b: Overqwil|0 fnt|[from] item: Life Orb\n|faint|p1b: Overqwil\n|move|p1a: Annihilape|Drain Punch|p2a: Sneasler\n|-supereffective|p2a: Sneasler\n|-damage|p2a: Sneasler|0 fnt\n|-heal|p1a: Annihilape|83\/100|[from] drain|[of] p2a: Sneasler\n|faint|p2a: Sneasler\n|move|p2b: Dragonite|Scale Shot|p1a: Annihilape\n|-damage|p1a: Annihilape|56\/100\n|-damage|p1a: Annihilape|32\/100\n|-damage|p1a: Annihilape|5\/100\n|-damage|p1a: Annihilape|0 fnt\n|faint|p1a: Annihilape\n|-hitcount|p1: Annihilape|4\n|-unboost|p2b: Dragonite|def|1\n|-boost|p2b: Dragonite|spe|1\n|\n|-weather|RainDance|[upkeep]\n|upkeep\n|\n|t:|1733027252\n|switch|p2a: Indeedee|Indeedee, L50, M|100\/100\n|switch|p1a: Archaludon|Archaludon, L50, M|100\/100\n|turn|5\n|\n|t:|1733027276\n|move|p2a: Indeedee|Trick|p1a: Archaludon\n|-activate|p2a: Indeedee|move: Trick|[of] p1a: Archaludon\n|-item|p1a: Archaludon|Choice Scarf|[from] move: Trick\n|-item|p2a: Indeedee|Assault Vest|[from] move: Trick\n|move|p2b: Dragonite|Stomping Tantrum|p1a: Archaludon\n|-supereffective|p1a: Archaludon\n|-damage|p1a: Archaludon|34\/100\n|-ability|p1a: Archaludon|Stamina|boost\n|-boost|p1a: Archaludon|def|1\n|move|p1a: Archaludon|Electro Shot||[still]\n|-prepare|p1a: Archaludon|Electro Shot\n|-boost|p1a: Archaludon|spa|1\n|-anim|p1a: Archaludon|Electro Shot|p2a: Indeedee\n|-damage|p2a: Indeedee|44\/100\n|\n|-weather|none\n|-fieldend|move: Psychic Terrain\n|upkeep\n|turn|6\n|inactive|futonkagebunshin has 30 seconds left.\n|-message|futonkagebunshin forfeited.\n|\n|win|guardian riser\n|raw|futonkagebunshin's rating: 1710 &rarr; <strong>1691<\/strong><br \/>(-19 for losing)\n|raw|guardian riser's rating: 1729 &rarr; <strong>1748<\/strong><br \/>(+19 for winning)\n|l|\u2606guardian riser\n|player|p2|\n|l|\u2606futonkagebunshin\n|player|p1|\n","uploadtime":1733027500,"views":17,"formatid":"gen9vgc2024regh","rating":1691,"private":0,"password":null}