{"id":"gen9vgc2024regh-2254452506","format":"[Gen 9] VGC 2024 Reg H","players":["lkwa1994","futonkagebunshin"],"log":"|j|\u2606lkwa1994\n|j|\u2606futonkagebunshin\n|t:|1733041335\n|gametype|doubles\n|player|p1|lkwa1994|102|1701\n|player|p2|futonkagebunshin|policeman-gen4|1644\n|teamsize|p1|6\n|teamsize|p2|6\n|gen|9\n|tier|[Gen 9] VGC 2024 Reg H\n|rated|\n|rule|Species Clause: Limit one of each Pok\u00e9mon\n|rule|Item Clause: Limit 1 of each item\n|clearpoke\n|poke|p1|Archaludon, L50, M|\n|poke|p1|Pelipper, L50, M|\n|poke|p1|Sinistcha-Masterpiece, L50|\n|poke|p1|Ursaluna, L50, M|\n|poke|p1|Dragonite, L50, F|\n|poke|p1|Quaquaval, L50, F|\n|poke|p2|Whimsicott, L50, F|\n|poke|p2|Chandelure, L50, M|\n|poke|p2|Pelipper, L50, M|\n|poke|p2|Archaludon, L50, M|\n|poke|p2|Overqwil, L50, M|\n|poke|p2|Annihilape, L50, F|\n|teampreview|4\n|\n|t:|1733041393\n|start\n|switch|p1a: Quaquaval|Quaquaval, L50, F|100\/100\n|switch|p1b: Archaludon|Archaludon, L50, M|100\/100\n|switch|p2a: Whimsicott|Whimsicott, L50, F|100\/100\n|switch|p2b: Annihilape|Annihilape, L50, F|100\/100\n|turn|1\n|\n|t:|1733041443\n|move|p1a: Quaquaval|Brave Bird|p2a: Whimsicott\n|-supereffective|p2a: Whimsicott\n|-enditem|p2a: Whimsicott|Focus Sash\n|-damage|p2a: Whimsicott|1\/100\n|-damage|p1a: Quaquaval|73\/100|[from] Recoil\n|move|p2a: Whimsicott|Beat Up|p2b: Annihilape\n|-damage|p2b: Annihilape|98\/100\n|-damage|p2b: Annihilape|95\/100\n|-damage|p2b: Annihilape|92\/100\n|-damage|p2b: Annihilape|90\/100\n|-hitcount|p2b: Annihilape|4\n|move|p2b: Annihilape|Rage Fist|p1a: Quaquaval\n|-damage|p1a: Quaquaval|0 fnt\n|faint|p1a: Quaquaval\n|move|p1b: Archaludon|Body Press|p2a: Whimsicott\n|-resisted|p2a: Whimsicott\n|-damage|p2a: Whimsicott|0 fnt\n|faint|p2a: Whimsicott\n|\n|upkeep\n|\n|t:|1733041464\n|switch|p2a: Archaludon|Archaludon, L50, M|100\/100\n|switch|p1a: Dragonite|Dragonite, L50, F|100\/100\n|turn|2\n|\n|t:|1733041520\n|-terastallize|p1a: Dragonite|Normal\n|move|p2b: Annihilape|Rage Fist|p1a: Dragonite\n|-immune|p1a: Dragonite\n|move|p1a: Dragonite|Scale Shot|p2b: Annihilape\n|-damage|p2b: Annihilape|73\/100\n|-damage|p2b: Annihilape|55\/100\n|-damage|p2b: Annihilape|37\/100\n|-enditem|p2b: Annihilape|Sitrus Berry|[eat]\n|-heal|p2b: Annihilape|62\/100|[from] item: Sitrus Berry\n|-damage|p2b: Annihilape|44\/100\n|-hitcount|p2b: Annihilape|4\n|-unboost|p1a: Dragonite|def|1\n|-boost|p1a: Dragonite|spe|1\n|move|p1b: Archaludon|Body Press|p2a: Archaludon\n|-supereffective|p2a: Archaludon\n|-damage|p2a: Archaludon|65\/100\n|-ability|p2a: Archaludon|Stamina|boost\n|-boost|p2a: Archaludon|def|1\n|move|p2a: Archaludon|Flash Cannon|p1a: Dragonite\n|-damage|p1a: Dragonite|79\/100\n|\n|upkeep\n|turn|3\n|\n|t:|1733041556\n|switch|p1b: Sinistcha|Sinistcha-Masterpiece, L50|100\/100\n|-heal|p1a: Dragonite|100\/100|[from] ability: Hospitality|[of] p1b: Sinistcha\n|move|p1a: Dragonite|Protect|p1a: Dragonite\n|-singleturn|p1a: Dragonite|Protect\n|move|p2b: Annihilape|Protect|p2b: Annihilape\n|-singleturn|p2b: Annihilape|Protect\n|move|p2a: Archaludon|Body Press|p1a: Dragonite\n|-activate|p1a: Dragonite|move: Protect\n|\n|upkeep\n|turn|4\n|\n|t:|1733041575\n|switch|p2b: Pelipper|Pelipper, L50, M|100\/100\n|-weather|RainDance|[from] ability: Drizzle|[of] p2b: Pelipper\n|move|p1b: Sinistcha|Rage Powder|p1b: Sinistcha\n|-singleturn|p1b: Sinistcha|move: Rage Powder\n|move|p1a: Dragonite|Scale Shot|p2b: Pelipper\n|-crit|p2b: Pelipper\n|-damage|p2b: Pelipper|77\/100\n|-damage|p2b: Pelipper|60\/100\n|-damage|p2b: Pelipper|44\/100\n|-damage|p2b: Pelipper|29\/100\n|-hitcount|p2b: Pelipper|4\n|-unboost|p1a: Dragonite|def|1\n|-boost|p1a: Dragonite|spe|1\n|move|p2a: Archaludon|Electro Shot||[still]\n|-prepare|p2a: Archaludon|Electro Shot\n|-boost|p2a: Archaludon|spa|1\n|-anim|p2a: Archaludon|Electro Shot|p1b: Sinistcha\n|-resisted|p1b: Sinistcha\n|-damage|p1b: Sinistcha|66\/100\n|\n|-weather|RainDance|[upkeep]\n|upkeep\n|turn|5\n|\n|t:|1733041603\n|move|p2b: Pelipper|Helping Hand|p2a: Archaludon\n|-singleturn|p2a: Archaludon|Helping Hand|[of] p2b: Pelipper\n|move|p1b: Sinistcha|Rage Powder|p1b: Sinistcha\n|-singleturn|p1b: Sinistcha|move: Rage Powder\n|move|p1a: Dragonite|Scale Shot|p2b: Pelipper\n|-damage|p2b: Pelipper|12\/100\n|-damage|p2b: Pelipper|0 fnt\n|faint|p2b: Pelipper\n|-hitcount|p2: Pelipper|2\n|-unboost|p1a: Dragonite|def|1\n|-boost|p1a: Dragonite|spe|1\n|move|p2a: Archaludon|Electro Shot||[still]\n|-prepare|p2a: Archaludon|Electro Shot\n|-boost|p2a: Archaludon|spa|1\n|-anim|p2a: Archaludon|Electro Shot|p1b: Sinistcha\n|-resisted|p1b: Sinistcha\n|-damage|p1b: Sinistcha|0 fnt\n|faint|p1b: Sinistcha\n|\n|-weather|RainDance|[upkeep]\n|upkeep\n|\n|t:|1733041620\n|switch|p1b: Archaludon|Archaludon, L50, M|100\/100\n|switch|p2b: Annihilape|Annihilape, L50, F|44\/100\n|turn|6\n|\n|t:|1733041636\n|-terastallize|p2a: Archaludon|Fairy\n|move|p1a: Dragonite|Protect|p1a: Dragonite\n|-singleturn|p1a: Dragonite|Protect\n|move|p2b: Annihilape|Drain Punch|p1b: Archaludon\n|-supereffective|p1b: Archaludon\n|-damage|p1b: Archaludon|44\/100\n|-heal|p2b: Annihilape|73\/100|[from] drain|[of] p1b: Archaludon\n|-ability|p1b: Archaludon|Stamina|boost\n|-boost|p1b: Archaludon|def|1\n|move|p1b: Archaludon|Electro Shot||[still]\n|-prepare|p1b: Archaludon|Electro Shot\n|-boost|p1b: Archaludon|spa|1\n|-anim|p1b: Archaludon|Electro Shot|p2b: Annihilape\n|-damage|p2b: Annihilape|0 fnt\n|faint|p2b: Annihilape\n|move|p2a: Archaludon|Draco Meteor|p1b: Archaludon\n|-damage|p1b: Archaludon|0 fnt\n|-unboost|p2a: Archaludon|spa|2\n|faint|p1b: Archaludon\n|\n|-weather|RainDance|[upkeep]\n|upkeep\n|turn|7\n|\n|t:|1733041663\n|move|p1a: Dragonite|Encore|p2a: Archaludon\n|-start|p2a: Archaludon|Encore\n|move|p2a: Archaludon|Draco Meteor|p1a: Dragonite\n|-damage|p1a: Dragonite|68\/100\n|-unboost|p2a: Archaludon|spa|2\n|\n|-weather|RainDance|[upkeep]\n|upkeep\n|turn|8\n|\n|t:|1733041673\n|move|p1a: Dragonite|Extreme Speed|p2a: Archaludon\n|-damage|p2a: Archaludon|40\/100\n|-ability|p2a: Archaludon|Stamina|boost\n|-boost|p2a: Archaludon|def|1\n|move|p2a: Archaludon|Draco Meteor|p1a: Dragonite|[miss]\n|-miss|p2a: Archaludon|p1a: Dragonite\n|\n|-weather|none\n|upkeep\n|turn|9\n|\n|t:|1733041689\n|move|p1a: Dragonite|Protect|p1a: Dragonite\n|-singleturn|p1a: Dragonite|Protect\n|move|p2a: Archaludon|Draco Meteor|p1a: Dragonite\n|-activate|p1a: Dragonite|move: Protect\n|\n|-end|p2a: Archaludon|Encore\n|upkeep\n|turn|10\n|\n|t:|1733041698\n|move|p1a: Dragonite|Encore|p2a: Archaludon\n|-start|p2a: Archaludon|Encore\n|move|p2a: Archaludon|Draco Meteor|p1a: Dragonite\n|-damage|p1a: Dragonite|34\/100\n|-unboost|p2a: Archaludon|spa|2\n|\n|upkeep\n|turn|11\n|\n|t:|1733041707\n|move|p1a: Dragonite|Protect|p1a: Dragonite\n|-singleturn|p1a: Dragonite|Protect\n|move|p2a: Archaludon|Draco Meteor|p1a: Dragonite\n|-activate|p1a: Dragonite|move: Protect\n|\n|upkeep\n|turn|12\n|\n|t:|1733041715\n|move|p1a: Dragonite|Extreme Speed|p2a: Archaludon\n|-damage|p2a: Archaludon|24\/100\n|-ability|p2a: Archaludon|Stamina|boost\n|-boost|p2a: Archaludon|def|1\n|move|p2a: Archaludon|Draco Meteor|p1a: Dragonite\n|-damage|p1a: Dragonite|11\/100\n|-unboost|p2a: Archaludon|spa|2\n|\n|-end|p2a: Archaludon|Encore\n|upkeep\n|turn|13\n|\n|t:|1733041726\n|move|p1a: Dragonite|Encore|p2a: Archaludon\n|-start|p2a: Archaludon|Encore\n|move|p2a: Archaludon|Draco Meteor|p1a: Dragonite\n|-damage|p1a: Dragonite|0 fnt\n|faint|p1a: Dragonite\n|\n|win|futonkagebunshin\n|raw|lkwa1994's rating: 1701 &rarr; <strong>1678<\/strong><br \/>(-23 for losing)\n|raw|futonkagebunshin's rating: 1644 &rarr; <strong>1667<\/strong><br \/>(+23 for winning)\n|l|\u2606lkwa1994\n|player|p1|\n|l|\u2606futonkagebunshin\n|player|p2|\n","uploadtime":1733041911,"views":11,"formatid":"gen9vgc2024regh","rating":1667,"private":0,"password":null}