{"id":"gen9vgc2024regh-2254015542","format":"[Gen 9] VGC 2024 Reg H","players":["SeaWolfMikess","BassoTara2"],"log":"|badge|p1|bronze|gen9doublesou|100-3\n|uhtml|medal-msg|<div class=\"broadcast-blue\">Curious what those medals under the avatar are? PS now has Ladder Seasons! For more information, check out the <a href=\"https:\/\/www.smogon.com\/forums\/threads\/3740067\/\">thread on Smogon.<\/a><\/div>\n|j|\u2606SeaWolfMikess\n|j|\u2606BassoTara2\n|t:|1732980311\n|gametype|doubles\n|player|p1|SeaWolfMikess|hugh|1747\n|player|p2|BassoTara2|psychic-gen4|1777\n|teamsize|p1|6\n|teamsize|p2|6\n|gen|9\n|tier|[Gen 9] VGC 2024 Reg H\n|rated|\n|rule|Species Clause: Limit one of each Pok\u00e9mon\n|rule|Item Clause: Limit 1 of each item\n|clearpoke\n|poke|p1|Pelipper, L50, F|\n|poke|p1|Archaludon, L50, F|\n|poke|p1|Rillaboom, L50, M|\n|poke|p1|Sneasler, L50, F|\n|poke|p1|Incineroar, L50, F|\n|poke|p1|Gholdengo, L50|\n|poke|p2|Indeedee-F, L50, F|\n|poke|p2|Hatterene, L50, F|\n|poke|p2|Torkoal, L50, M|\n|poke|p2|Ursaluna, L50, F|\n|poke|p2|Gallade, L50, M|\n|poke|p2|Maushold-Four, L50|\n|teampreview|4\nBassoTara2 has agreed to open team sheets.\n|\n|t:|1732980324\n|start\n|switch|p1a: Sneasler|Sneasler, L50, F|100\/100\n|switch|p1b: Archaludon|Archaludon, L50, F|100\/100\n|switch|p2a: Indeedee|Indeedee-F, L50, F|100\/100\n|switch|p2b: Gallade|Gallade, L50, M, shiny|100\/100\n|-fieldstart|move: Psychic Terrain|[from] ability: Psychic Surge|[of] p2a: Indeedee\n|-enditem|p2a: Indeedee|Psychic Seed\n|-boost|p2a: Indeedee|spd|1|[from] item: Psychic Seed\n|turn|1\n|\n|t:|1732980349\n|move|p2a: Indeedee|Follow Me|p2a: Indeedee\n|-singleturn|p2a: Indeedee|move: Follow Me\n|move|p1a: Sneasler|Dire Claw|p2a: Indeedee\n|-damage|p2a: Indeedee|58\/100\n|-status|p2a: Indeedee|slp\n|move|p1b: Archaludon|Dragon Pulse|p2a: Indeedee\n|-damage|p2a: Indeedee|29\/100 slp\n|move|p2b: Gallade|Trick Room|p2b: Gallade\n|-fieldstart|move: Trick Room|[of] p2b: Gallade\n|\n|upkeep\n|turn|2\n|\n|t:|1732980377\n|switch|p2a: Ursaluna|Ursaluna, L50, F|100\/100\n|-terastallize|p1a: Sneasler|Dark\n|move|p2b: Gallade|Sacred Sword|p1b: Archaludon\n|-supereffective|p1b: Archaludon\n|-ability|p1b: Archaludon|Sturdy\n|-damage|p1b: Archaludon|1\/100\n|move|p1b: Archaludon|Electro Shot||[still]\n|-prepare|p1b: Archaludon|Electro Shot\n|-boost|p1b: Archaludon|spa|1\n|-enditem|p1b: Archaludon|Power Herb\n|-anim|p1b: Archaludon|Electro Shot|p2b: Gallade\n|-damage|p2b: Gallade|40\/100\n|move|p1a: Sneasler|Close Combat|p2a: Ursaluna\n|-supereffective|p2a: Ursaluna\n|-damage|p2a: Ursaluna|0 fnt\n|-unboost|p1a: Sneasler|def|1\n|-unboost|p1a: Sneasler|spd|1\n|faint|p2a: Ursaluna\n|\n|upkeep\n|\n|t:|1732980395\n|switch|p2a: Torkoal|Torkoal, L50, M|100\/100\n|-weather|SunnyDay|[from] ability: Drought|[of] p2a: Torkoal\n|turn|3\n|\n|t:|1732980436\n|-terastallize|p2a: Torkoal|Fire\n|move|p1b: Archaludon|Protect|p1b: Archaludon\n|-singleturn|p1b: Archaludon|Protect\n|move|p1a: Sneasler|Protect|p1a: Sneasler\n|-singleturn|p1a: Sneasler|Protect\n|move|p2a: Torkoal|Eruption|p1a: Sneasler|[spread] \n|-activate|p1a: Sneasler|move: Protect\n|-activate|p1b: Archaludon|move: Protect\n|move|p2b: Gallade|Sacred Sword|p1a: Sneasler\n|-activate|p1a: Sneasler|move: Protect\n|\n|-weather|SunnyDay|[upkeep]\n|upkeep\n|turn|4\n|\n|t:|1732980459\n|switch|p1a: Rillaboom|Rillaboom, L50, M|100\/100\n|-fieldstart|move: Grassy Terrain|[from] ability: Grassy Surge|[of] p1a: Rillaboom\n|move|p1b: Archaludon|Protect|p1b: Archaludon\n|-singleturn|p1b: Archaludon|Protect\n|move|p2a: Torkoal|Eruption|p1a: Rillaboom|[spread] p1a\n|-activate|p1b: Archaludon|move: Protect\n|-supereffective|p1a: Rillaboom\n|-damage|p1a: Rillaboom|0 fnt\n|faint|p1a: Rillaboom\n|move|p2b: Gallade|Psycho Cut|p1b: Archaludon\n|-activate|p1b: Archaludon|move: Protect\n|\n|-weather|SunnyDay|[upkeep]\n|-heal|p2b: Gallade|45\/100|[from] Grassy Terrain\n|-heal|p1b: Archaludon|7\/100|[from] Grassy Terrain\n|upkeep\n|\n|t:|1732980468\n|switch|p1a: Sneasler|Sneasler, L50, F, tera:Dark|100\/100\n|-enditem|p1a: Sneasler|Grassy Seed\n|-boost|p1a: Sneasler|def|1|[from] item: Grassy Seed\n|turn|5\n|\n|t:|1732980482\n|move|p1b: Archaludon|Protect||[still]\n|-fail|p1b: Archaludon\n|move|p1a: Sneasler|Protect|p1a: Sneasler\n|-singleturn|p1a: Sneasler|Protect\n|move|p2a: Torkoal|Eruption|p1b: Archaludon|[spread] p1b\n|-activate|p1a: Sneasler|move: Protect\n|-damage|p1b: Archaludon|0 fnt\n|faint|p1b: Archaludon\n|move|p2b: Gallade|Sacred Sword|p1a: Sneasler\n|-activate|p1a: Sneasler|move: Protect\n|\n|-weather|SunnyDay|[upkeep]\n|-heal|p2b: Gallade|51\/100|[from] Grassy Terrain\n|-fieldend|move: Trick Room\n|upkeep\n|\n|t:|1732980489\n|switch|p1b: Incineroar|Incineroar, L50, F|100\/100\n|-ability|p1b: Incineroar|Intimidate|boost\n|-unboost|p2a: Torkoal|atk|1\n|-fail|p2b: Gallade|unboost|[from] item: Clear Amulet|[of] p2b: Gallade\n|turn|6\n|\n|t:|1732980502\n|switch|p2a: Indeedee|Indeedee-F, L50, F|29\/100 slp\n|-fieldstart|move: Psychic Terrain|[from] ability: Psychic Surge|[of] p2a: Indeedee\n|move|p1a: Sneasler|Throat Chop|p2b: Gallade\n|-damage|p2b: Gallade|0 fnt\n|faint|p2b: Gallade\n|move|p1b: Incineroar|Knock Off|p2a: Indeedee\n|-supereffective|p2a: Indeedee\n|-damage|p2a: Indeedee|0 fnt\n|faint|p2a: Indeedee\n|\n|-weather|SunnyDay|[upkeep]\n|upkeep\n|\n|t:|1732980516\n|switch|p2a: Torkoal|Torkoal, L50, M, tera:Fire|100\/100\n|turn|7\n|\n|t:|1732980529\n|move|p1a: Sneasler|Dire Claw|p2a: Torkoal\n|-damage|p2a: Torkoal|63\/100\n|-status|p2a: Torkoal|par\n|move|p1b: Incineroar|Knock Off|p2a: Torkoal\n|-damage|p2a: Torkoal|33\/100 par\n|-enditem|p2a: Torkoal|Choice Specs|[from] move: Knock Off|[of] p1b: Incineroar\n|move|p2a: Torkoal|Heat Wave|p1b: Incineroar|[spread] p1a,p1b\n|-resisted|p1b: Incineroar\n|-damage|p1a: Sneasler|16\/100\n|-damage|p1b: Incineroar|72\/100\n|\n|-weather|none\n|upkeep\n|turn|8\n|\n|t:|1732980540\n|move|p1a: Sneasler|Throat Chop|p2a: Torkoal\n|-damage|p2a: Torkoal|0 fnt\n|faint|p2a: Torkoal\n|\n|win|SeaWolfMikess\n|raw|SeaWolfMikess's rating: 1747 &rarr; <strong>1769<\/strong><br \/>(+22 for winning)\n|raw|BassoTara2's rating: 1777 &rarr; <strong>1755<\/strong><br \/>(-22 for losing)\n|l|\u2606SeaWolfMikess\n|player|p1|\n|l|\u2606BassoTara2\n|player|p2|\n","uploadtime":1732980756,"views":11,"formatid":"gen9vgc2024regh","rating":1755,"private":0,"password":null}