{"id":"gen9vgc2024regh-2254544090","format":"[Gen 9] VGC 2024 Reg H","players":["pokequimico","insertable194"],"log":"|j|\u2606pokequimico\n|j|\u2606insertable194\n|t:|1733060174\n|gametype|doubles\n|player|p1|pokequimico|lucas|1768\n|player|p2|insertable194|hanbei-conquest|1796\n|teamsize|p1|6\n|teamsize|p2|6\n|gen|9\n|tier|[Gen 9] VGC 2024 Reg H\n|rated|\n|rule|Species Clause: Limit one of each Pok\u00e9mon\n|rule|Item Clause: Limit 1 of each item\n|clearpoke\n|poke|p1|Sneasler, L50, M|\n|poke|p1|Kingambit, L50, M|\n|poke|p1|Dragonite, L50, M|\n|poke|p1|Basculegion, L50, M|\n|poke|p1|Rillaboom, L50, F|\n|poke|p1|Volcarona, L50, F|\n|poke|p2|Smeargle, L50, M|\n|poke|p2|Farigiraf, L50, F|\n|poke|p2|Archaludon, L50, M|\n|poke|p2|Torkoal, L50, M|\n|poke|p2|Ursaluna-Bloodmoon, L50, M|\n|poke|p2|Annihilape, L50, F|\n|teampreview|4\n|inactive|Battle timer is ON: inactive players will automatically lose when time's up. (requested by insertable194)\n|inactive|pokequimico has 60 seconds left.\n|inactive|pokequimico has 30 seconds left.\n|\n|t:|1733060250\n|start\n|switch|p1a: Basculegion|Basculegion, L50, M|100\/100\n|switch|p1b: Rillaboom|Rillaboom, L50, F|100\/100\n|switch|p2a: Smeargle|Smeargle, L50, M|100\/100\n|switch|p2b: Farigiraf|Farigiraf, L50, F|100\/100\n|-fieldstart|move: Grassy Terrain|[from] ability: Grassy Surge|[of] p1b: Rillaboom\n|turn|1\n|\n|t:|1733060262\n|move|p2a: Smeargle|Fake Out|p1b: Rillaboom\n|-damage|p1b: Rillaboom|95\/100\n|move|p1a: Basculegion|Wave Crash|p2b: Farigiraf\n|-damage|p2b: Farigiraf|48\/100\n|-damage|p1a: Basculegion|80\/100|[from] Recoil\n|cant|p1b: Rillaboom|flinch\n|move|p2b: Farigiraf|Trick Room|p2b: Farigiraf\n|-fieldstart|move: Trick Room|[of] p2b: Farigiraf\n|\n|-heal|p2b: Farigiraf|54\/100|[from] Grassy Terrain\n|-heal|p1b: Rillaboom|100\/100|[from] Grassy Terrain\n|-heal|p1a: Basculegion|86\/100|[from] Grassy Terrain\n|-ability|p2a: Smeargle|Moody|boost\n|-boost|p2a: Smeargle|spd|2\n|-unboost|p2a: Smeargle|spe|1\n|-enditem|p2a: Smeargle|Eject Pack\n|upkeep\n|\n|t:|1733060265\n|switch|p2a: Torkoal|Torkoal, L50, M|100\/100\n|-weather|SunnyDay|[from] ability: Drought|[of] p2a: Torkoal\n|turn|2\n|\n|t:|1733060272\n|-terastallize|p2a: Torkoal|Fire\n|-terastallize|p1b: Rillaboom|Fire\n|move|p2b: Farigiraf|Helping Hand|p2a: Torkoal\n|-singleturn|p2a: Torkoal|Helping Hand|[of] p2b: Farigiraf\n|move|p2a: Torkoal|Eruption|p1b: Rillaboom|[spread] p1a,p1b\n|-resisted|p1a: Basculegion\n|-resisted|p1b: Rillaboom\n|-damage|p1a: Basculegion|0 fnt\n|-damage|p1b: Rillaboom|16\/100\n|faint|p1a: Basculegion\n|move|p1b: Rillaboom|High Horsepower|p2a: Torkoal\n|-supereffective|p2a: Torkoal\n|-damage|p2a: Torkoal|53\/100\n|\n|-weather|SunnyDay|[upkeep]\n|-heal|p2a: Torkoal|59\/100|[from] Grassy Terrain\n|-heal|p2b: Farigiraf|60\/100|[from] Grassy Terrain\n|-heal|p1b: Rillaboom|22\/100|[from] Grassy Terrain\n|upkeep\n|\n|t:|1733060281\n|switch|p1a: Dragonite|Dragonite, L50, M|100\/100\n|turn|3\n|\n|t:|1733060285\n|switch|p1b: Volcarona|Volcarona, L50, F|100\/100\n|move|p2a: Torkoal|Eruption|p1b: Volcarona|[spread] p1a,p1b\n|-resisted|p1a: Dragonite\n|-damage|p1a: Dragonite|77\/100\n|-damage|p1b: Volcarona|24\/100\n|move|p2b: Farigiraf|Twin Beam|p1a: Dragonite\n|-damage|p1a: Dragonite|62\/100\n|-damage|p1a: Dragonite|45\/100\n|-hitcount|p1a: Dragonite|2\n|move|p1a: Dragonite|Scale Shot|p2a: Torkoal\n|-damage|p2a: Torkoal|47\/100\n|-damage|p2a: Torkoal|36\/100\n|-damage|p2a: Torkoal|24\/100\n|-damage|p2a: Torkoal|12\/100\n|-hitcount|p2a: Torkoal|4\n|-unboost|p1a: Dragonite|def|1\n|-boost|p1a: Dragonite|spe|1\n|\n|-weather|SunnyDay|[upkeep]\n|-heal|p2a: Torkoal|18\/100|[from] Grassy Terrain\n|-heal|p2b: Farigiraf|66\/100|[from] Grassy Terrain\n|-heal|p1b: Volcarona|30\/100|[from] Grassy Terrain\n|-heal|p1b: Volcarona|36\/100|[from] item: Leftovers\n|upkeep\n|turn|4\n|inactive|pokequimico has 30 seconds left.\n|\n|t:|1733060319\n|switch|p1b: Rillaboom|Rillaboom, L50, F, tera:Fire|22\/100\n|move|p1a: Dragonite|Protect|p1a: Dragonite\n|-singleturn|p1a: Dragonite|Protect\n|move|p2a: Torkoal|Eruption|p1b: Rillaboom|[spread] p1b\n|-activate|p1a: Dragonite|move: Protect\n|-resisted|p1b: Rillaboom\n|-damage|p1b: Rillaboom|13\/100\n|move|p2b: Farigiraf|Twin Beam|p1b: Rillaboom\n|-damage|p1b: Rillaboom|0 fnt\n|faint|p1b: Rillaboom\n|-hitcount|p1: Rillaboom|1\n|\n|-weather|SunnyDay|[upkeep]\n|-heal|p2a: Torkoal|24\/100|[from] Grassy Terrain\n|-heal|p2b: Farigiraf|72\/100|[from] Grassy Terrain\n|upkeep\n|\n|t:|1733060331\n|switch|p1b: Volcarona|Volcarona, L50, F|36\/100\n|turn|5\n|\n|t:|1733060335\n|move|p2a: Torkoal|Eruption|p1b: Volcarona|[spread] p1a,p1b\n|-resisted|p1a: Dragonite\n|-damage|p1a: Dragonite|28\/100\n|-damage|p1b: Volcarona|3\/100\n|move|p2b: Farigiraf|Twin Beam|p1a: Dragonite\n|-damage|p1a: Dragonite|12\/100\n|-damage|p1a: Dragonite|0 fnt\n|faint|p1a: Dragonite\n|-hitcount|p1: Dragonite|2\n|move|p1b: Volcarona|Heat Wave|p2b: Farigiraf|[spread] p2a,p2b\n|-resisted|p2a: Torkoal\n|-damage|p2a: Torkoal|0 fnt\n|-damage|p2b: Farigiraf|19\/100\n|faint|p2a: Torkoal\n|\n|-weather|SunnyDay|[upkeep]\n|-heal|p2b: Farigiraf|25\/100|[from] Grassy Terrain\n|-heal|p1b: Volcarona|9\/100|[from] Grassy Terrain\n|-heal|p1b: Volcarona|15\/100|[from] item: Leftovers\n|-fieldend|move: Trick Room\n|-fieldend|move: Grassy Terrain\n|upkeep\n|\n|t:|1733060340\n|switch|p2a: Smeargle|Smeargle, L50, M|100\/100\n|turn|6\n|\n|t:|1733060344\n|move|p1b: Volcarona|Protect|p1b: Volcarona\n|-singleturn|p1b: Volcarona|Protect\n|move|p2a: Smeargle|Fake Out|p1b: Volcarona\n|-activate|p1b: Volcarona|move: Protect\n|move|p2b: Farigiraf|Trick Room|p2b: Farigiraf\n|-fieldstart|move: Trick Room|[of] p2b: Farigiraf\n|\n|-weather|none\n|-heal|p1b: Volcarona|21\/100|[from] item: Leftovers\n|-ability|p2a: Smeargle|Moody|boost\n|-boost|p2a: Smeargle|atk|2\n|-unboost|p2a: Smeargle|def|1\n|upkeep\n|turn|7\n|-message|pokequimico forfeited.\n|\n|win|insertable194\n|raw|pokequimico's rating: 1768 &rarr; <strong>1750<\/strong><br \/>(-18 for losing)\n|raw|insertable194's rating: 1810 &rarr; <strong>1828<\/strong><br \/>(+18 for winning)\n|l|\u2606pokequimico\n|player|p1|\n","uploadtime":1733060520,"views":11,"formatid":"gen9vgc2024regh","rating":1750,"private":0,"password":null}