{"id":"gen9vgc2024regh-2254323966","format":"[Gen 9] VGC 2024 Reg H","players":["futonkagebunshin","greenlightdmp"],"log":"|j|\u2606futonkagebunshin\n|j|\u2606greenlightdmp\n|t:|1733019879\n|gametype|doubles\n|player|p1|futonkagebunshin|policeman-gen4|1707\n|player|p2|greenlightdmp|265|1761\n|teamsize|p1|6\n|teamsize|p2|6\n|gen|9\n|tier|[Gen 9] VGC 2024 Reg H\n|rated|\n|rule|Species Clause: Limit one of each Pok\u00e9mon\n|rule|Item Clause: Limit 1 of each item\n|clearpoke\n|poke|p1|Whimsicott, L50, M|\n|poke|p1|Chandelure, L50, M|\n|poke|p1|Pelipper, L50, M|\n|poke|p1|Archaludon, L50, M|\n|poke|p1|Overqwil, L50, F|\n|poke|p1|Annihilape, L50, M|\n|poke|p2|Pelipper, L50, M|\n|poke|p2|Archaludon, L50, F|\n|poke|p2|Sneasler, L50, M|\n|poke|p2|Dragonite, L50, M|\n|poke|p2|Basculegion, L50, M|\n|poke|p2|Rillaboom, L50, F|\n|teampreview|4\n|j| GooglePay\n|\n|t:|1733019949\n|start\n|switch|p1a: Whimsicott|Whimsicott, L50, M|100\/100\n|switch|p1b: Archaludon|Archaludon, L50, M|100\/100\n|switch|p2a: Hephetus|Archaludon, L50, F|100\/100\n|switch|p2b: Thanotos|Basculegion, L50, M|100\/100\n|turn|1\n|\n|t:|1733019977\n|switch|p2a: Ceasar|Rillaboom, L50, F|100\/100\n|-fieldstart|move: Grassy Terrain|[from] ability: Grassy Surge|[of] p2a: Ceasar\n|move|p2b: Thanotos|Flip Turn|p1a: Whimsicott\n|-resisted|p1a: Whimsicott\n|-damage|p1a: Whimsicott|66\/100\n|\n|t:|1733019986\n|switch|p2b: Hephetus|Archaludon, L50, F|100\/100|[from] Flip Turn\n|move|p1a: Whimsicott|Beat Up|p1b: Archaludon\n|-damage|p1b: Archaludon|99\/100\n|-ability|p1b: Archaludon|Stamina|boost\n|-boost|p1b: Archaludon|def|1\n|-damage|p1b: Archaludon|97\/100\n|-ability|p1b: Archaludon|Stamina|boost\n|-boost|p1b: Archaludon|def|1\n|-crit|p1b: Archaludon\n|-damage|p1b: Archaludon|94\/100\n|-ability|p1b: Archaludon|Stamina|boost\n|-boost|p1b: Archaludon|def|1\n|-damage|p1b: Archaludon|93\/100\n|-ability|p1b: Archaludon|Stamina|boost\n|-boost|p1b: Archaludon|def|1\n|-hitcount|p1b: Archaludon|4\n|move|p1b: Archaludon|Body Press|p2a: Ceasar\n|-damage|p2a: Ceasar|39\/100\n|\n|-heal|p1a: Whimsicott|72\/100|[from] Grassy Terrain\n|-heal|p2a: Ceasar|44\/100|[from] Grassy Terrain\n|-heal|p1b: Archaludon|99\/100|[from] Grassy Terrain\n|upkeep\n|turn|2\n|\n|t:|1733020016\n|switch|p1a: Annihilape|Annihilape, L50, M|100\/100\n|-terastallize|p2b: Hephetus|Grass\n|move|p2a: Ceasar|Bullet Seed|p2b: Hephetus\n|-resisted|p2b: Hephetus\n|-damage|p2b: Hephetus|95\/100\n|-ability|p2b: Hephetus|Stamina|boost\n|-boost|p2b: Hephetus|def|1\n|-resisted|p2b: Hephetus\n|-damage|p2b: Hephetus|92\/100\n|-ability|p2b: Hephetus|Stamina|boost\n|-boost|p2b: Hephetus|def|1\n|-resisted|p2b: Hephetus\n|-damage|p2b: Hephetus|89\/100\n|-ability|p2b: Hephetus|Stamina|boost\n|-boost|p2b: Hephetus|def|1\n|-resisted|p2b: Hephetus\n|-damage|p2b: Hephetus|86\/100\n|-ability|p2b: Hephetus|Stamina|boost\n|-boost|p2b: Hephetus|def|1\n|-hitcount|p2b: Hephetus|4\n|move|p2b: Hephetus|Flash Cannon|p1a: Annihilape\n|-damage|p1a: Annihilape|57\/100\n|-unboost|p1a: Annihilape|spd|1\n|-ability|p1a: Annihilape|Defiant|boost\n|-boost|p1a: Annihilape|atk|2\n|move|p1b: Archaludon|Body Press|p2b: Hephetus\n|-damage|p2b: Hephetus|70\/100\n|-ability|p2b: Hephetus|Stamina|boost\n|-boost|p2b: Hephetus|def|1\n|\n|-heal|p1a: Annihilape|63\/100|[from] Grassy Terrain\n|-heal|p2a: Ceasar|50\/100|[from] Grassy Terrain\n|-heal|p2b: Hephetus|76\/100|[from] Grassy Terrain\n|-heal|p1b: Archaludon|100\/100|[from] Grassy Terrain\n|upkeep\n|turn|3\n|\n|t:|1733020094\n|switch|p2a: Posiden|Pelipper, L50, M|100\/100\n|-weather|RainDance|[from] ability: Drizzle|[of] p2a: Posiden\n|move|p1a: Annihilape|Protect|p1a: Annihilape\n|-singleturn|p1a: Annihilape|Protect\n|move|p2b: Hephetus|Electro Shot||[still]\n|-prepare|p2b: Hephetus|Electro Shot\n|-boost|p2b: Hephetus|spa|1\n|-anim|p2b: Hephetus|Electro Shot|p1a: Annihilape\n|-activate|p1a: Annihilape|move: Protect\n|move|p1b: Archaludon|Body Press|p2a: Posiden\n|-resisted|p2a: Posiden\n|-damage|p2a: Posiden|62\/100\n|\n|-weather|RainDance|[upkeep]\n|-heal|p1a: Annihilape|69\/100|[from] Grassy Terrain\n|-heal|p2b: Hephetus|82\/100|[from] Grassy Terrain\n|upkeep\n|turn|4\n|\n|t:|1733020198\n|move|p1a: Annihilape|Rage Fist|p2a: Posiden\n|-damage|p2a: Posiden|0 fnt\n|faint|p2a: Posiden\n|move|p2b: Hephetus|Draco Meteor|p1b: Archaludon\n|-damage|p1b: Archaludon|25\/100\n|-unboost|p2b: Hephetus|spa|2\n|-ability|p1b: Archaludon|Stamina|boost\n|-boost|p1b: Archaludon|def|1\n|move|p1b: Archaludon|Electro Shot||[still]\n|-prepare|p1b: Archaludon|Electro Shot\n|-boost|p1b: Archaludon|spa|1\n|-anim|p1b: Archaludon|Electro Shot|p2b: Hephetus\n|-resisted|p2b: Hephetus\n|-damage|p2b: Hephetus|56\/100\n|-ability|p2b: Hephetus|Stamina|boost\n|-boost|p2b: Hephetus|def|1\n|\n|-weather|RainDance|[upkeep]\n|-heal|p1a: Annihilape|75\/100|[from] Grassy Terrain\n|-heal|p2b: Hephetus|62\/100|[from] Grassy Terrain\n|-heal|p1b: Archaludon|32\/100|[from] Grassy Terrain\n|upkeep\n|\n|t:|1733020208\n|switch|p2a: Thanotos|Basculegion, L50, M|100\/100\n|turn|5\n|\n|t:|1733020240\n|move|p2a: Thanotos|Last Respects|p1b: Archaludon\n|-crit|p1b: Archaludon\n|-damage|p1b: Archaludon|0 fnt\n|faint|p1b: Archaludon\n|move|p1a: Annihilape|Rage Fist|p2a: Thanotos\n|-supereffective|p2a: Thanotos\n|-damage|p2a: Thanotos|0 fnt\n|faint|p2a: Thanotos\n|move|p2b: Hephetus|Draco Meteor|p1a: Annihilape\n|-damage|p1a: Annihilape|6\/100\n|-unboost|p2b: Hephetus|spa|2\n|-enditem|p1a: Annihilape|Sitrus Berry|[eat]\n|-heal|p1a: Annihilape|31\/100|[from] item: Sitrus Berry\n|\n|-weather|RainDance|[upkeep]\n|-heal|p1a: Annihilape|37\/100|[from] Grassy Terrain\n|-heal|p2b: Hephetus|68\/100|[from] Grassy Terrain\n|-fieldend|move: Grassy Terrain\n|upkeep\n|\n|t:|1733020271\n|switch|p2a: Ceasar|Rillaboom, L50, F|50\/100\n|switch|p1b: Whimsicott|Whimsicott, L50, M|72\/100\n|-fieldstart|move: Grassy Terrain|[from] ability: Grassy Surge|[of] p2a: Ceasar\n|turn|6\n|\n|t:|1733020320\n|move|p1a: Annihilape|Protect|p1a: Annihilape\n|-singleturn|p1a: Annihilape|Protect\n|move|p2a: Ceasar|Fake Out|p1b: Whimsicott\n|-damage|p1b: Whimsicott|52\/100\n|cant|p1b: Whimsicott|flinch\n|move|p2b: Hephetus|Electro Shot||[still]\n|-prepare|p2b: Hephetus|Electro Shot\n|-boost|p2b: Hephetus|spa|1\n|-anim|p2b: Hephetus|Electro Shot|p1a: Annihilape\n|-activate|p1a: Annihilape|move: Protect\n|\n|-weather|RainDance|[upkeep]\n|-heal|p1b: Whimsicott|58\/100|[from] Grassy Terrain\n|-heal|p1a: Annihilape|43\/100|[from] Grassy Terrain\n|-heal|p2a: Ceasar|56\/100|[from] Grassy Terrain\n|-heal|p2b: Hephetus|74\/100|[from] Grassy Terrain\n|upkeep\n|turn|7\n|\n|t:|1733020381\n|move|p1b: Whimsicott|Encore|p2a: Ceasar\n|-start|p2a: Ceasar|Encore\n|move|p1a: Annihilape|Rage Fist|p2a: Ceasar\n|-damage|p2a: Ceasar|0 fnt\n|faint|p2a: Ceasar\n|move|p2b: Hephetus|Electro Shot||[still]\n|-prepare|p2b: Hephetus|Electro Shot\n|-boost|p2b: Hephetus|spa|1\n|-anim|p2b: Hephetus|Electro Shot|p1a: Annihilape\n|-damage|p1a: Annihilape|0 fnt\n|faint|p1a: Annihilape\n|\n|-weather|none\n|-heal|p1b: Whimsicott|64\/100|[from] Grassy Terrain\n|-heal|p2b: Hephetus|80\/100|[from] Grassy Terrain\n|upkeep\n|\n|t:|1733020392\n|switch|p1a: Overqwil|Overqwil, L50, F|100\/100\n|turn|8\n|\n|t:|1733020407\n|move|p1b: Whimsicott|Encore|p2b: Hephetus\n|-start|p2b: Hephetus|Encore\n|move|p1a: Overqwil|Gunk Shot|p2b: Hephetus\n|-supereffective|p2b: Hephetus\n|-damage|p2b: Hephetus|51\/100\n|-damage|p1a: Overqwil|91\/100|[from] item: Life Orb\n|move|p2b: Hephetus|Electro Shot||[still]\n|-prepare|p2b: Hephetus|Electro Shot\n|-boost|p2b: Hephetus|spa|1\n|\n|-heal|p1b: Whimsicott|70\/100|[from] Grassy Terrain\n|-heal|p1a: Overqwil|97\/100|[from] Grassy Terrain\n|-heal|p2b: Hephetus|57\/100|[from] Grassy Terrain\n|upkeep\n|turn|9\n|\n|t:|1733020430\n|move|p1a: Overqwil|Protect|p1a: Overqwil\n|-singleturn|p1a: Overqwil|Protect\n|move|p1b: Whimsicott|Moonblast|p2b: Hephetus\n|-damage|p2b: Hephetus|25\/100\n|-unboost|p2b: Hephetus|spa|1\n|move|p2b: Hephetus|Electro Shot|p1a: Overqwil|[from]lockedmove\n|-activate|p1a: Overqwil|move: Protect\n|\n|-heal|p1b: Whimsicott|76\/100|[from] Grassy Terrain\n|-heal|p1a: Overqwil|100\/100|[from] Grassy Terrain\n|-heal|p2b: Hephetus|31\/100|[from] Grassy Terrain\n|upkeep\n|turn|10\n|\n|t:|1733020443\n|move|p1b: Whimsicott|Moonblast|p2b: Hephetus\n|-damage|p2b: Hephetus|0 fnt\n|faint|p2b: Hephetus\n|\n|win|futonkagebunshin\n|raw|futonkagebunshin's rating: 1707 &rarr; <strong>1730<\/strong><br \/>(+23 for winning)\n|raw|greenlightdmp's rating: 1761 &rarr; <strong>1738<\/strong><br \/>(-23 for losing)\n|l|\u2606greenlightdmp\n|player|p2|\n","uploadtime":1733020663,"views":16,"formatid":"gen9vgc2024regh","rating":1730,"private":0,"password":null}