{"id":"gen9vgc2024regh-2254023829","format":"[Gen 9] VGC 2024 Reg H","players":["Jesuuuus","BassoTara2"],"log":"|j|\u2606Jesuuuus\n|j|\u2606BassoTara2\n|t:|1732981444\n|gametype|doubles\n|player|p1|Jesuuuus|alec-anime|1707\n|player|p2|BassoTara2|psychic-gen4|1764\n|teamsize|p1|6\n|teamsize|p2|6\n|gen|9\n|tier|[Gen 9] VGC 2024 Reg H\n|rated|\n|rule|Species Clause: Limit one of each Pok\u00e9mon\n|rule|Item Clause: Limit 1 of each item\n|clearpoke\n|poke|p1|Archaludon, L50, F|\n|poke|p1|Whimsicott, L50, F|\n|poke|p1|Pelipper, L50, F|\n|poke|p1|Basculegion, L50, M|\n|poke|p1|Gholdengo, L50|\n|poke|p1|Rillaboom, L50, F|\n|poke|p2|Indeedee-F, L50, F|\n|poke|p2|Hatterene, L50, F|\n|poke|p2|Torkoal, L50, M|\n|poke|p2|Ursaluna, L50, F|\n|poke|p2|Gallade, L50, M|\n|poke|p2|Maushold-Four, L50|\n|teampreview|4\n|inactive|Battle timer is ON: inactive players will automatically lose when time's up. (requested by Jesuuuus)\n|inactive|Jesuuuus has 60 seconds left.\n|\n|t:|1732981475\n|start\n|switch|p1a: Gholdengo|Gholdengo, L50|100\/100\n|switch|p1b: Basculegion|Basculegion, L50, M|100\/100\n|switch|p2a: Indeedee|Indeedee-F, L50, F|100\/100\n|switch|p2b: Gallade|Gallade, L50, M, shiny|100\/100\n|-fieldstart|move: Psychic Terrain|[from] ability: Psychic Surge|[of] p2a: Indeedee\n|-enditem|p2a: Indeedee|Psychic Seed\n|-boost|p2a: Indeedee|spd|1|[from] item: Psychic Seed\n|turn|1\n|inactive|BassoTara2 has 30 seconds left.\n|inactive|BassoTara2 has 20 seconds left.\n|inactive|BassoTara2 has 15 seconds left.\n|inactive|BassoTara2 has 10 seconds left.\n|\n|t:|1732981523\n|switch|p2a: Torkoal|Torkoal, L50, M|100\/100\n|-weather|SunnyDay|[from] ability: Drought|[of] p2a: Torkoal\n|-terastallize|p2b: Gallade|Grass\n|move|p1a: Gholdengo|Trick|p2a: Torkoal\n|-activate|p1a: Gholdengo|move: Trick|[of] p2a: Torkoal\n|-item|p2a: Torkoal|Choice Specs|[from] move: Trick\n|-item|p1a: Gholdengo|Choice Specs|[from] move: Trick\n|move|p1b: Basculegion|Substitute|p1b: Basculegion\n|-start|p1b: Basculegion|Substitute\n|-damage|p1b: Basculegion|76\/100\n|move|p2b: Gallade|Trick Room|p2b: Gallade\n|-fieldstart|move: Trick Room|[of] p2b: Gallade\n|\n|-weather|SunnyDay|[upkeep]\n|upkeep\n|turn|2\n|\n|t:|1732981541\n|switch|p1a: Pelipper|Pelipper, L50, F|100\/100\n|-weather|RainDance|[from] ability: Drizzle|[of] p1a: Pelipper\n|move|p2a: Torkoal|Eruption|p1a: Pelipper|[spread] p1a,p1b\n|-resisted|p1b: Basculegion\n|-activate|p1b: Basculegion|move: Substitute|[damage]\n|-resisted|p1a: Pelipper\n|-damage|p1a: Pelipper|71\/100\n|move|p2b: Gallade|Psycho Cut|p1b: Basculegion\n|-crit|p1b: Basculegion\n|-end|p1b: Basculegion|Substitute\n|move|p1b: Basculegion|Wave Crash|p2a: Torkoal\n|-supereffective|p2a: Torkoal\n|-damage|p2a: Torkoal|0 fnt\n|faint|p2a: Torkoal\n|-damage|p1b: Basculegion|50\/100|[from] Recoil\n|-enditem|p1b: Basculegion|Sitrus Berry|[eat]\n|-heal|p1b: Basculegion|75\/100|[from] item: Sitrus Berry\n|\n|-weather|RainDance|[upkeep]\n|upkeep\n|\n|t:|1732981561\n|switch|p2a: Ursaluna|Ursaluna, L50, F|100\/100\n|turn|3\n|inactive|Jesuuuus has 30 seconds left.\n|\n|t:|1732981586\n|move|p2a: Ursaluna|Headlong Rush|p1b: Basculegion\n|-damage|p1b: Basculegion|5\/100\n|-unboost|p2a: Ursaluna|def|1\n|-unboost|p2a: Ursaluna|spd|1\n|move|p2b: Gallade|Psycho Cut|p1a: Pelipper\n|-damage|p1a: Pelipper|0 fnt\n|faint|p1a: Pelipper\n|move|p1b: Basculegion|Substitute|p1b: Basculegion\n|-fail|p1b: Basculegion|move: Substitute|[weak]\n|\n|-weather|RainDance|[upkeep]\n|-status|p2a: Ursaluna|brn|[from] item: Flame Orb\n|upkeep\n|\n|t:|1732981594\n|switch|p1a: Archaludon|Archaludon, L50, F|100\/100\n|turn|4\n|\n|t:|1732981614\n|-terastallize|p1a: Archaludon|Ghost\n|move|p2a: Ursaluna|Facade|p1a: Archaludon\n|-immune|p1a: Archaludon\n|move|p2b: Gallade|Sacred Sword|p1a: Archaludon\n|-immune|p1a: Archaludon\n|move|p1a: Archaludon|Body Press|p2a: Ursaluna\n|-supereffective|p2a: Ursaluna\n|-damage|p2a: Ursaluna|46\/100 brn\n|move|p1b: Basculegion|Wave Crash|p2a: Ursaluna\n|-supereffective|p2a: Ursaluna\n|-damage|p2a: Ursaluna|0 fnt\n|faint|p2a: Ursaluna\n|-damage|p1b: Basculegion|0 fnt|[from] Recoil\n|faint|p1b: Basculegion\n|\n|-weather|RainDance|[upkeep]\n|upkeep\n|\n|t:|1732981630\n|switch|p2a: Indeedee|Indeedee-F, L50, F|100\/100\n|switch|p1b: Gholdengo|Gholdengo, L50|100\/100\n|turn|5\n|\n|t:|1732981648\n|move|p2a: Indeedee|Helping Hand|p2b: Gallade\n|-singleturn|p2b: Gallade|Helping Hand|[of] p2a: Indeedee\n|move|p2b: Gallade|Psycho Cut|p1b: Gholdengo\n|-resisted|p1b: Gholdengo\n|-damage|p1b: Gholdengo|36\/100\n|move|p1a: Archaludon|Electro Shot||[still]\n|-prepare|p1a: Archaludon|Electro Shot\n|-boost|p1a: Archaludon|spa|1\n|-anim|p1a: Archaludon|Electro Shot|p2a: Indeedee\n|-damage|p2a: Indeedee|37\/100\n|move|p1b: Gholdengo|Trick|p2b: Gallade\n|-activate|p1b: Gholdengo|move: Trick|[of] p2b: Gallade\n|-item|p2b: Gallade|Choice Specs|[from] move: Trick\n|-item|p1b: Gholdengo|Clear Amulet|[from] move: Trick\n|\n|-weather|RainDance|[upkeep]\n|-fieldend|move: Trick Room\n|-fieldend|move: Psychic Terrain\n|upkeep\n|turn|6\n|inactive|BassoTara2 has 30 seconds left.\n|\n|t:|1732981674\n|move|p1b: Gholdengo|Make It Rain|p2a: Indeedee|[spread] p2a,p2b\n|-damage|p2a: Indeedee|0 fnt\n|-damage|p2b: Gallade|52\/100\n|-unboost|p1b: Gholdengo|spa|1\n|faint|p2a: Indeedee\n|move|p1a: Archaludon|Electro Shot||[still]\n|-prepare|p1a: Archaludon|Electro Shot\n|-boost|p1a: Archaludon|spa|1\n|-anim|p1a: Archaludon|Electro Shot|p2b: Gallade\n|-resisted|p2b: Gallade\n|-damage|p2b: Gallade|15\/100\n|move|p2b: Gallade|Psycho Cut|p1b: Gholdengo\n|-resisted|p1b: Gholdengo\n|-damage|p1b: Gholdengo|1\/100\n|\n|-weather|none\n|upkeep\n|turn|7\n|-message|BassoTara2 forfeited.\n|\n|win|Jesuuuus\n|raw|Jesuuuus's rating: 1707 &rarr; <strong>1730<\/strong><br \/>(+23 for winning)\n|raw|BassoTara2's rating: 1764 &rarr; <strong>1741<\/strong><br \/>(-23 for losing)\n|l|\u2606BassoTara2\n|player|p2|\n|l|\u2606Jesuuuus\n|player|p1|\n","uploadtime":1732981864,"views":11,"formatid":"gen9vgc2024regh","rating":1730,"private":0,"password":null}