{"id":"gen9vgc2024regh-2254268302","format":"[Gen 9] VGC 2024 Reg H","players":["la bella de easo","futonkagebunshin"],"log":"|j|\u2606la bella de easo\n|j|\u2606futonkagebunshin\n|t:|1733012361\n|gametype|doubles\n|player|p1|la bella de easo|102|1718\n|player|p2|futonkagebunshin|policeman-gen4|1730\n|teamsize|p1|6\n|teamsize|p2|6\n|gen|9\n|tier|[Gen 9] VGC 2024 Reg H\n|rated|\n|rule|Species Clause: Limit one of each Pok\u00e9mon\n|rule|Item Clause: Limit 1 of each item\n|clearpoke\n|poke|p1|Pelipper, L50, M|\n|poke|p1|Archaludon, L50, M|\n|poke|p1|Incineroar, L50, M|\n|poke|p1|Amoonguss, L50, M|\n|poke|p1|Basculegion, L50, M|\n|poke|p1|Dragonite, L50, M|\n|poke|p2|Whimsicott, L50, F|\n|poke|p2|Chandelure, L50, M|\n|poke|p2|Pelipper, L50, F|\n|poke|p2|Archaludon, L50, M|\n|poke|p2|Overqwil, L50, M|\n|poke|p2|Annihilape, L50, F|\n|teampreview|4\n|inactive|Battle timer is ON: inactive players will automatically lose when time's up. (requested by la bella de easo)\n|j| animus\n|\n|t:|1733012427\n|start\n|switch|p1a: Dragonite|Dragonite, L50, M|100\/100\n|switch|p1b: Archaludon|Archaludon, L50, M, shiny|100\/100\n|switch|p2a: Whimsicott|Whimsicott, L50, F|100\/100\n|switch|p2b: Chandelure|Chandelure, L50, M|100\/100\n|turn|1\n|inactive|futonkagebunshin has 30 seconds left.\n|\n|t:|1733012459\n|move|p2a: Whimsicott|Tailwind|p2a: Whimsicott\n|-sidestart|p2: futonkagebunshin|move: Tailwind\n|move|p2b: Chandelure|Heat Wave|p1b: Archaludon|[spread] p1a,p1b\n|-resisted|p1a: Dragonite\n|-damage|p1a: Dragonite|84\/100\n|-damage|p1b: Archaludon|54\/100\n|-ability|p1b: Archaludon|Stamina|boost\n|-boost|p1b: Archaludon|def|1\n|move|p1a: Dragonite|Tailwind|p1a: Dragonite\n|-sidestart|p1: la bella de easo|move: Tailwind\n|move|p1b: Archaludon|Flash Cannon|p2a: Whimsicott\n|-supereffective|p2a: Whimsicott\n|-enditem|p2a: Whimsicott|Focus Sash\n|-damage|p2a: Whimsicott|1\/100\n|\n|upkeep\n|turn|2\n|inactive|la bella de easo has 30 seconds left.\n|inactive|futonkagebunshin has 30 seconds left.\n|inactive|futonkagebunshin has 20 seconds left.\n|\n|t:|1733012499\n|switch|p1b: Basculegion|Basculegion, L50, M|100\/100\n|switch|p2b: Archaludon|Archaludon, L50, M|100\/100\n|-terastallize|p2a: Whimsicott|Ghost\n|move|p1a: Dragonite|Extreme Speed|p2a: Whimsicott\n|-immune|p2a: Whimsicott\n|move|p2a: Whimsicott|Beat Up|p2b: Archaludon\n|-damage|p2b: Archaludon|99\/100\n|-ability|p2b: Archaludon|Stamina|boost\n|-boost|p2b: Archaludon|def|1\n|-damage|p2b: Archaludon|97\/100\n|-ability|p2b: Archaludon|Stamina|boost\n|-boost|p2b: Archaludon|def|1\n|-crit|p2b: Archaludon\n|-damage|p2b: Archaludon|95\/100\n|-ability|p2b: Archaludon|Stamina|boost\n|-boost|p2b: Archaludon|def|1\n|-damage|p2b: Archaludon|94\/100\n|-ability|p2b: Archaludon|Stamina|boost\n|-boost|p2b: Archaludon|def|1\n|-hitcount|p2b: Archaludon|4\n|\n|upkeep\n|turn|3\n|inactive|la bella de easo has 30 seconds left.\n|inactive|futonkagebunshin has 30 seconds left.\n|inactive|la bella de easo has 20 seconds left.\n|inactive|futonkagebunshin has 20 seconds left.\n|inactive|la bella de easo has 15 seconds left.\n|inactive|futonkagebunshin has 15 seconds left.\n|j| Wolfey888\n|inactive|la bella de easo has 10 seconds left.\n|inactive|futonkagebunshin has 10 seconds left.\n|inactive|la bella de easo has 5 seconds left.\n|inactive|futonkagebunshin has 5 seconds left.\n|\n|t:|1733012553\n|switch|p2a: Annihilape|Annihilape, L50, F|100\/100\n|switch|p1a: Amoonguss|Amoonguss, L50, M|100\/100\n|move|p1b: Basculegion|Aqua Jet|p2a: Annihilape\n|-damage|p2a: Annihilape|64\/100\n|move|p2b: Archaludon|Body Press|p1a: Amoonguss\n|-resisted|p1a: Amoonguss\n|-damage|p1a: Amoonguss|74\/100\n|\n|upkeep\n|turn|4\n|inactive|la bella de easo has 30 seconds left.\n|inactive|futonkagebunshin has 30 seconds left.\n|\n|t:|1733012582\n|switch|p1b: Dragonite|Dragonite, L50, M|84\/100\n|move|p2a: Annihilape|Rage Fist|p1a: Amoonguss\n|-damage|p1a: Amoonguss|38\/100\n|-enditem|p1a: Amoonguss|Sitrus Berry|[eat]\n|-heal|p1a: Amoonguss|63\/100|[from] item: Sitrus Berry\n|move|p2b: Archaludon|Draco Meteor|p1a: Amoonguss\n|-damage|p1a: Amoonguss|8\/100\n|-unboost|p2b: Archaludon|spa|2\n|move|p1a: Amoonguss|Spore|p2b: Archaludon\n|-status|p2b: Archaludon|slp|[from] move: Spore\n|\n|-sideend|p1: la bella de easo|move: Tailwind\n|-sideend|p2: futonkagebunshin|move: Tailwind\n|upkeep\n|turn|5\n|inactive|la bella de easo has 30 seconds left.\n|inactive|futonkagebunshin has 30 seconds left.\n|inactive|la bella de easo has 20 seconds left.\n|inactive|futonkagebunshin has 20 seconds left.\n|inactive|la bella de easo has 15 seconds left.\n|inactive|la bella de easo has 10 seconds left.\n|inactive|la bella de easo has 5 seconds left.\n|\n|t:|1733012634\n|move|p1a: Amoonguss|Protect|p1a: Amoonguss\n|-singleturn|p1a: Amoonguss|Protect\n|move|p2a: Annihilape|Rage Fist|p1b: Dragonite\n|-damage|p1b: Dragonite|36\/100\n|move|p1b: Dragonite|Tailwind|p1b: Dragonite\n|-sidestart|p1: la bella de easo|move: Tailwind\n|cant|p2b: Archaludon|slp\n|\n|upkeep\n|turn|6\n|inactive|futonkagebunshin has 30 seconds left.\n|\n|t:|1733012663\n|switch|p1a: Archaludon|Archaludon, L50, M, shiny|54\/100\n|move|p1b: Dragonite|Scale Shot|p2a: Annihilape\n|-damage|p2a: Annihilape|49\/100\n|-enditem|p2a: Annihilape|Sitrus Berry|[eat]\n|-heal|p2a: Annihilape|74\/100|[from] item: Sitrus Berry\n|-crit|p2a: Annihilape\n|-damage|p2a: Annihilape|50\/100\n|-damage|p2a: Annihilape|35\/100\n|-damage|p2a: Annihilape|20\/100\n|-damage|p2a: Annihilape|4\/100\n|-hitcount|p2a: Annihilape|5\n|-unboost|p1b: Dragonite|def|1\n|-boost|p1b: Dragonite|spe|1\n|move|p2a: Annihilape|Rage Fist|p1b: Dragonite\n|-damage|p1b: Dragonite|0 fnt\n|faint|p1b: Dragonite\n|-curestatus|p2b: Archaludon|slp|[msg]\n|move|p2b: Archaludon|Body Press|p1a: Archaludon\n|-supereffective|p1a: Archaludon\n|-damage|p1a: Archaludon|0 fnt\n|faint|p1a: Archaludon\n|\n|upkeep\n|j| LudocyelZ\n|inactive|la bella de easo has 30 seconds left.\n|\n|t:|1733012688\n|switch|p1b: Basculegion|Basculegion, L50, M|100\/100\n|switch|p1a: Amoonguss|Amoonguss, L50, M|41\/100\n|turn|7\n|inactive|futonkagebunshin has 30 seconds left.\n|inactive|futonkagebunshin has 20 seconds left.\n|\n|t:|1733012724\n|move|p2a: Annihilape|Protect|p2a: Annihilape\n|-singleturn|p2a: Annihilape|Protect\n|move|p1a: Amoonguss|Rage Powder|p1a: Amoonguss\n|-singleturn|p1a: Amoonguss|move: Rage Powder\n|move|p1b: Basculegion|Last Respects|p2b: Archaludon\n|-damage|p2b: Archaludon|66\/100\n|-ability|p2b: Archaludon|Stamina|boost\n|-boost|p2b: Archaludon|def|1\n|move|p2b: Archaludon|Body Press|p1a: Amoonguss\n|-resisted|p1a: Amoonguss\n|-damage|p1a: Amoonguss|11\/100\n|\n|upkeep\n|turn|8\n|\n|t:|1733012742\n|move|p1b: Basculegion|Last Respects|p2a: Annihilape\n|-supereffective|p2a: Annihilape\n|-damage|p2a: Annihilape|0 fnt\n|faint|p2a: Annihilape\n|move|p2b: Archaludon|Body Press|p1a: Amoonguss\n|-resisted|p1a: Amoonguss\n|-damage|p1a: Amoonguss|0 fnt\n|faint|p1a: Amoonguss\n|\n|-sideend|p1: la bella de easo|move: Tailwind\n|upkeep\n|\n|t:|1733012751\n|switch|p2a: Whimsicott|Whimsicott, L50, F, tera:Ghost|1\/100\n|turn|9\n|\n|t:|1733012773\n|-terastallize|p1b: Basculegion|Water\n|move|p2a: Whimsicott|Tailwind|p2a: Whimsicott\n|-sidestart|p2: futonkagebunshin|move: Tailwind\n|move|p2b: Archaludon|Electro Shot||[still]\n|-prepare|p2b: Archaludon|Electro Shot\n|-boost|p2b: Archaludon|spa|1\n|move|p1b: Basculegion|Last Respects|p2b: Archaludon\n|-damage|p2b: Archaludon|34\/100\n|-ability|p2b: Archaludon|Stamina|boost\n|-boost|p2b: Archaludon|def|1\n|\n|upkeep\n|turn|10\n|\n|t:|1733012789\n|move|p2a: Whimsicott|Moonblast|p1b: Basculegion\n|-damage|p1b: Basculegion|58\/100\n|move|p2b: Archaludon|Electro Shot|p1b: Basculegion|[from]lockedmove\n|-supereffective|p1b: Basculegion\n|-damage|p1b: Basculegion|0 fnt\n|faint|p1b: Basculegion\n|\n|win|futonkagebunshin\n|raw|la bella de easo's rating: 1718 &rarr; <strong>1699<\/strong><br \/>(-19 for losing)\n|raw|futonkagebunshin's rating: 1730 &rarr; <strong>1749<\/strong><br \/>(+19 for winning)\n|l|\u2606la bella de easo\n|player|p1|\n|l| LudocyelZ\n|l| Wolfey888\n","uploadtime":1733012992,"views":27,"formatid":"gen9vgc2024regh","rating":1699,"private":0,"password":null}