{"id":"gen9vgc2024regh-2254421505","format":"[Gen 9] VGC 2024 Reg H","players":["corndog7","magnusmagnum"],"log":"|j|\u2606corndog7\n|j|\u2606magnusmagnum\n|t:|1733034773\n|gametype|doubles\n|player|p1|corndog7|linebacker|1735\n|player|p2|magnusmagnum|1|1789\n|teamsize|p1|6\n|teamsize|p2|6\n|gen|9\n|tier|[Gen 9] VGC 2024 Reg H\n|rated|\n|rule|Species Clause: Limit one of each Pok\u00e9mon\n|rule|Item Clause: Limit 1 of each item\n|clearpoke\n|poke|p1|Primarina, L50, M|\n|poke|p1|Volcarona, L50, M|\n|poke|p1|Kingambit, L50, M|\n|poke|p1|Sneasler, L50, M|\n|poke|p1|Gholdengo, L50|\n|poke|p1|Arboliva, L50, F|\n|poke|p2|Sneasler, L50, F|\n|poke|p2|Magmar, L50, F|\n|poke|p2|Ursaluna-Bloodmoon, L50, M|\n|poke|p2|Garchomp, L50, F|\n|poke|p2|Rillaboom, L50, M|\n|poke|p2|Gholdengo, L50|\n|teampreview|4\n|inactive|Battle timer is ON: inactive players will automatically lose when time's up. (requested by corndog7)\n|inactive|corndog7 has 60 seconds left.\n|inactive|magnusmagnum has 60 seconds left.\n|inactive|magnusmagnum has 30 seconds left.\n|\n|t:|1733034836\n|start\n|switch|p1a: Arboliva|Arboliva, L50, F|100\/100\n|switch|p1b: Volcarona|Volcarona, L50, M|100\/100\n|switch|p2a: Garchomp|Garchomp, L50, F|100\/100\n|switch|p2b: Sneasler|Sneasler, L50, F|100\/100\n|turn|1\n|inactive|corndog7 has 30 seconds left.\n|\n|t:|1733034869\n|-terastallize|p1b: Volcarona|Dragon\n|move|p2a: Garchomp|Rock Slide|p1b: Volcarona|[spread] p1a,p1b\n|-damage|p1a: Arboliva|78\/100\n|-damage|p1b: Volcarona|74\/100\n|-fieldstart|move: Grassy Terrain|[from] ability: Seed Sower|[of] p1a: Arboliva\n|move|p2b: Sneasler|Dire Claw|p1a: Arboliva\n|-supereffective|p1a: Arboliva\n|-damage|p1a: Arboliva|0 fnt\n|faint|p1a: Arboliva\n|move|p1b: Volcarona|Quiver Dance|p1b: Volcarona\n|-boost|p1b: Volcarona|spa|1\n|-boost|p1b: Volcarona|spd|1\n|-boost|p1b: Volcarona|spe|1\n|\n|-heal|p1b: Volcarona|81\/100|[from] Grassy Terrain\n|upkeep\n|j| bloodcurseuk\n|\n|t:|1733034888\n|switch|p1a: Primarina|Primarina, L50, M|100\/100\n|turn|2\n|j| futonkagebunshin\n|\n|t:|1733034901\n|-terastallize|p2b: Sneasler|Stellar\n|move|p2a: Garchomp|Rock Slide|p1a: Primarina|[spread] p1a,p1b\n|-damage|p1a: Primarina|79\/100\n|-damage|p1b: Volcarona|55\/100\n|move|p1b: Volcarona|Heat Wave|p2a: Garchomp|[spread] p2a,p2b\n|-resisted|p2a: Garchomp\n|-damage|p2a: Garchomp|76\/100\n|-damage|p2b: Sneasler|33\/100\n|move|p2b: Sneasler|Dire Claw|p1b: Volcarona\n|-damage|p1b: Volcarona|0 fnt\n|faint|p1b: Volcarona\n|move|p1a: Primarina|Hyper Voice|p2b: Sneasler|[spread] p2a,p2b\n|-damage|p2a: Garchomp|41\/100\n|-damage|p2b: Sneasler|0 fnt\n|faint|p2b: Sneasler\n|-enditem|p1a: Primarina|Throat Spray\n|-boost|p1a: Primarina|spa|1|[from] item: Throat Spray\n|\n|-heal|p2a: Garchomp|47\/100|[from] Grassy Terrain\n|-heal|p1a: Primarina|85\/100|[from] Grassy Terrain\n|upkeep\n|\n|t:|1733034918\n|switch|p2b: Ursaluna|Ursaluna-Bloodmoon, L50, M|100\/100\n|switch|p1b: Gholdengo|Gholdengo, L50|100\/100\n|turn|3\n|\n|t:|1733034938\n|switch|p2a: Magmar|Magmar, L50, F|100\/100\n|move|p1a: Primarina|Protect|p1a: Primarina\n|-singleturn|p1a: Primarina|Protect\n|move|p1b: Gholdengo|Nasty Plot|p1b: Gholdengo\n|-boost|p1b: Gholdengo|spa|2\n|move|p2b: Ursaluna|Blood Moon|p1a: Primarina\n|-activate|p1a: Primarina|move: Protect\n|\n|-heal|p1a: Primarina|91\/100|[from] Grassy Terrain\n|upkeep\n|turn|4\n|inactive|magnusmagnum has 30 seconds left.\n|inactive|magnusmagnum has 20 seconds left.\n|inactive|magnusmagnum has 15 seconds left.\n|\n|t:|1733034981\n|move|p2a: Magmar|Protect|p2a: Magmar\n|-singleturn|p2a: Magmar|Protect\n|move|p1b: Gholdengo|Make It Rain|p2a: Magmar|[spread] p2b\n|-activate|p2a: Magmar|move: Protect\n|-crit|p2b: Ursaluna\n|-damage|p2b: Ursaluna|0 fnt\n|-unboost|p1b: Gholdengo|spa|1\n|faint|p2b: Ursaluna\n|-damage|p1b: Gholdengo|91\/100|[from] item: Life Orb\n|move|p1a: Primarina|Hyper Voice|p2a: Magmar\n|-activate|p2a: Magmar|move: Protect\n|\n|-heal|p1b: Gholdengo|97\/100|[from] Grassy Terrain\n|-heal|p1a: Primarina|97\/100|[from] Grassy Terrain\n|upkeep\n|\n|t:|1733034989\n|switch|p2b: Garchomp|Garchomp, L50, F|47\/100\n|turn|5\n|inactive|corndog7 has 30 seconds left.\n|\n|t:|1733035015\n|move|p1b: Gholdengo|Protect|p1b: Gholdengo\n|-singleturn|p1b: Gholdengo|Protect\n|move|p2b: Garchomp|Stomping Tantrum|p1a: Primarina\n|-damage|p1a: Primarina|50\/100\n|move|p2a: Magmar|Overheat|p1a: Primarina\n|-resisted|p1a: Primarina\n|-damage|p1a: Primarina|32\/100\n|-unboost|p2a: Magmar|spa|2\n|move|p1a: Primarina|Hyper Voice|p2a: Magmar|[spread] p2a,p2b\n|-supereffective|p2a: Magmar\n|-damage|p2a: Magmar|27\/100\n|-damage|p2b: Garchomp|0 fnt\n|faint|p2b: Garchomp\n|\n|-heal|p2a: Magmar|33\/100|[from] Grassy Terrain\n|-heal|p1b: Gholdengo|100\/100|[from] Grassy Terrain\n|-heal|p1a: Primarina|38\/100|[from] Grassy Terrain\n|-fieldend|move: Grassy Terrain\n|upkeep\n|turn|6\n|j| Icaro1cc\n|-message|magnusmagnum forfeited.\n|\n|win|corndog7\n|raw|corndog7's rating: 1735 &rarr; <strong>1757<\/strong><br \/>(+22 for winning)\n|raw|magnusmagnum's rating: 1762 &rarr; <strong>1740<\/strong><br \/>(-22 for losing)\n|l|\u2606magnusmagnum\n|player|p2|\n|l|\u2606corndog7\n|player|p1|\n|l| bloodcurseuk\n|l| Icaro1cc\n|l| futonkagebunshin\n","uploadtime":1733035258,"views":14,"formatid":"gen9vgc2024regh","rating":1740,"private":0,"password":null}