{"id":"gen9vgc2024regh-2254396178","format":"[Gen 9] VGC 2024 Reg H","players":["JerseyBoolin","magnusmagnum"],"log":"|j|\u2606JerseyBoolin\n|j|\u2606magnusmagnum\n|t:|1733030324\n|gametype|doubles\n|player|p1|JerseyBoolin|carmine|1641\n|player|p2|magnusmagnum|1|1831\n|teamsize|p1|6\n|teamsize|p2|6\n|gen|9\n|tier|[Gen 9] VGC 2024 Reg H\n|rated|\n|rule|Species Clause: Limit one of each Pok\u00e9mon\n|rule|Item Clause: Limit 1 of each item\n|clearpoke\n|poke|p1|Sneasler, L50, M|\n|poke|p1|Indeedee, L50, M|\n|poke|p1|Kilowattrel, L50, F|\n|poke|p1|Golem-Alola, L50, M|\n|poke|p1|Porygon2, L50|\n|poke|p1|Torkoal, L50, F|\n|poke|p2|Sneasler, L50, M|\n|poke|p2|Chandelure, L50, F|\n|poke|p2|Ursaluna-Bloodmoon, L50, M|\n|poke|p2|Garchomp, L50, M|\n|poke|p2|Rillaboom, L50, M|\n|poke|p2|Gholdengo, L50|\n|teampreview|4\n|j| bluestraggler01\n|\n|t:|1733030397\n|start\n|switch|p1a: Porygon2|Porygon2, L50|100\/100\n|switch|p1b: Sneasler|Sneasler, L50, M|100\/100\n|switch|p2a: Garchomp|Garchomp, L50, M|100\/100\n|switch|p2b: Sneasler|Sneasler, L50, M|100\/100\n|-ability|p1a: Porygon2|Download|boost\n|-boost|p1a: Porygon2|atk|1\n|turn|1\n|j| Icaro1cc\n|\n|t:|1733030435\n|-terastallize|p1a: Porygon2|Ground\n|move|p1b: Sneasler|Fake Out|p2a: Garchomp\n|-damage|p2a: Garchomp|84\/100\n|-damage|p1b: Sneasler|88\/100|[from] ability: Rough Skin|[of] p2a: Garchomp\n|cant|p2a: Garchomp|flinch\n|move|p2b: Sneasler|Close Combat|p1a: Porygon2\n|-damage|p1a: Porygon2|63\/100\n|-unboost|p2b: Sneasler|def|1\n|-unboost|p2b: Sneasler|spd|1\n|move|p1a: Porygon2|Trick Room|p1a: Porygon2\n|-fieldstart|move: Trick Room|[of] p1a: Porygon2\n|\n|upkeep\n|turn|2\n|l| bluestraggler01\n|\n|t:|1733030483\n|-terastallize|p2a: Garchomp|Fairy\n|move|p2b: Sneasler|Protect|p2b: Sneasler\n|-singleturn|p2b: Sneasler|Protect\n|move|p1a: Porygon2|Ice Beam|p2a: Garchomp\n|-damage|p2a: Garchomp|58\/100\n|-status|p2a: Garchomp|frz\n|move|p1b: Sneasler|Dire Claw|p2b: Sneasler\n|-activate|p2b: Sneasler|move: Protect\n|-curestatus|p2a: Garchomp|frz|[msg]\n|move|p2a: Garchomp|Stomping Tantrum|p1a: Porygon2\n|-damage|p1a: Porygon2|9\/100\n|\n|upkeep\n|turn|3\n|\n|t:|1733030513\n|switch|p2b: Chandelure|Chandelure, L50, F|100\/100\n|move|p1a: Porygon2|Recover|p1a: Porygon2\n|-heal|p1a: Porygon2|59\/100\n|move|p1b: Sneasler|Dire Claw|p2a: Garchomp\n|-supereffective|p2a: Garchomp\n|-damage|p2a: Garchomp|0 fnt\n|-damage|p1b: Sneasler|76\/100|[from] ability: Rough Skin|[of] p2a: Garchomp\n|faint|p2a: Garchomp\n|\n|upkeep\n|\n|t:|1733030524\n|switch|p2a: Rillaboom|Rillaboom, L50, M|100\/100\n|-fieldstart|move: Grassy Terrain|[from] ability: Grassy Surge|[of] p2a: Rillaboom\n|turn|4\n|\n|t:|1733030566\n|switch|p1a: Torkoal|Torkoal, L50, F|100\/100\n|-weather|SunnyDay|[from] ability: Drought|[of] p1a: Torkoal\n|switch|p1b: Golem|Golem-Alola, L50, M|100\/100\n|move|p2b: Chandelure|Heat Wave|p1b: Golem|[spread] p1a\n|-miss|p2b: Chandelure|p1b: Golem\n|-resisted|p1a: Torkoal\n|-damage|p1a: Torkoal|60\/100\n|move|p2a: Rillaboom|Wood Hammer|p1b: Golem\n|-supereffective|p1b: Golem\n|-damage|p1b: Golem|0 fnt\n|faint|p1b: Golem\n|-damage|p2a: Rillaboom|74\/100|[from] Recoil\n|\n|-weather|SunnyDay|[upkeep]\n|-heal|p1a: Torkoal|66\/100|[from] Grassy Terrain\n|-heal|p2a: Rillaboom|80\/100|[from] Grassy Terrain\n|upkeep\n|\n|t:|1733030577\n|switch|p1b: Porygon2|Porygon2, L50, tera:Ground|59\/100\n|-ability|p1b: Porygon2|Download|boost\n|-boost|p1b: Porygon2|spa|1\n|turn|5\n|inactive|Battle timer is ON: inactive players will automatically lose when time's up. (requested by magnusmagnum)\n|\n|t:|1733030623\n|move|p2a: Rillaboom|Grassy Glide|p1b: Porygon2\n|-supereffective|p1b: Porygon2\n|-damage|p1b: Porygon2|6\/100\n|move|p1a: Torkoal|Overheat|p2a: Rillaboom\n|-supereffective|p2a: Rillaboom\n|-damage|p2a: Rillaboom|0 fnt\n|-unboost|p1a: Torkoal|spa|2\n|faint|p2a: Rillaboom\n|move|p1b: Porygon2|Tera Blast|p2b: Chandelure|[anim] Tera Blast Ground\n|-supereffective|p2b: Chandelure\n|-damage|p2b: Chandelure|0 fnt\n|faint|p2b: Chandelure\n|\n|-weather|SunnyDay|[upkeep]\n|-heal|p1a: Torkoal|72\/100|[from] Grassy Terrain\n|-heal|p1b: Porygon2|11\/100|[from] Grassy Terrain\n|-fieldend|move: Trick Room\n|upkeep\n|\n|t:|1733030635\n|switch|p2a: Sneasler|Sneasler, L50, M|100\/100\n|turn|6\n|\n|t:|1733030649\n|switch|p1a: Sneasler|Sneasler, L50, M|76\/100\n|move|p2a: Sneasler|Dire Claw|p1b: Porygon2\n|-resisted|p1b: Porygon2\n|-damage|p1b: Porygon2|0 fnt\n|faint|p1b: Porygon2\n|\n|-weather|SunnyDay|[upkeep]\n|-heal|p1a: Sneasler|82\/100|[from] Grassy Terrain\n|upkeep\n|\n|t:|1733030654\n|switch|p1b: Torkoal|Torkoal, L50, F|72\/100\n|turn|7\n|\n|t:|1733030671\n|move|p1a: Sneasler|Fake Out|p2a: Sneasler\n|-damage|p2a: Sneasler|76\/100\n|cant|p2a: Sneasler|flinch\n|move|p1b: Torkoal|Heat Wave|p2a: Sneasler\n|-damage|p2a: Sneasler|0 fnt\n|faint|p2a: Sneasler\n|\n|win|JerseyBoolin\n|raw|JerseyBoolin's rating: 1641 &rarr; <strong>1671<\/strong><br \/>(+30 for winning)\n|raw|magnusmagnum's rating: 1831 &rarr; <strong>1801<\/strong><br \/>(-30 for losing)\n|l|\u2606magnusmagnum\n|player|p2|\n","uploadtime":1733030821,"views":14,"formatid":"gen9vgc2024regh","rating":1671,"private":0,"password":null}