{"id":"gen9vgc2024regh-2254670878","format":"[Gen 9] VGC 2024 Reg H","players":["dinglustan","insertable194"],"log":"|j|\u2606dinglustan\n|j|\u2606insertable194\n|t:|1733077654\n|gametype|doubles\n|player|p1|dinglustan|266|1785\n|player|p2|insertable194|hanbei-conquest|1688\n|teamsize|p1|6\n|teamsize|p2|6\n|gen|9\n|tier|[Gen 9] VGC 2024 Reg H\n|rated|\n|rule|Species Clause: Limit one of each Pok\u00e9mon\n|rule|Item Clause: Limit 1 of each item\n|clearpoke\n|poke|p1|Whimsicott, L50, M|\n|poke|p1|Basculegion, L50, M|\n|poke|p1|Arcanine-Hisui, L50, F|\n|poke|p1|Hydreigon, L50, F|\n|poke|p1|Farigiraf, L50, M|\n|poke|p1|Pawmot, L50, M|\n|poke|p2|Dondozo, L50, F|\n|poke|p2|Tatsugiri, L50, M|\n|poke|p2|Glimmora, L50, F|\n|poke|p2|Gholdengo, L50|\n|poke|p2|Dragonite, L50, M|\n|poke|p2|Annihilape, L50, M|\n|teampreview|4\n|inactive|Battle timer is ON: inactive players will automatically lose when time's up. (requested by dinglustan)\n|inactive|dinglustan has 60 seconds left.\n|inactive|insertable194 has 60 seconds left.\n|\n|t:|1733077700\n|start\n|switch|p1a: Whimsicott|Whimsicott, L50, M|100\/100\n|switch|p1b: Hydreigon|Hydreigon, L50, F|100\/100\n|switch|p2a: Glimmora|Glimmora, L50, F|100\/100\n|switch|p2b: Dragonite|Dragonite, L50, M|100\/100\n|turn|1\n|\n|t:|1733077713\n|-terastallize|p1b: Hydreigon|Fire\n|move|p1a: Whimsicott|Tailwind|p1a: Whimsicott\n|-sidestart|p1: dinglustan|move: Tailwind\n|move|p1b: Hydreigon|Draco Meteor|p2a: Glimmora|[miss]\n|-miss|p1b: Hydreigon|p2a: Glimmora\n|move|p2a: Glimmora|Mortal Spin|p1a: Whimsicott|[spread] p1a,p1b\n|-supereffective|p1a: Whimsicott\n|-damage|p1a: Whimsicott|79\/100\n|-damage|p1b: Hydreigon|95\/100\n|-status|p1b: Hydreigon|psn\n|move|p2b: Dragonite|Scale Shot|p1b: Hydreigon\n|-damage|p1b: Hydreigon|80\/100 psn\n|-crit|p1b: Hydreigon\n|-damage|p1b: Hydreigon|54\/100 psn\n|-damage|p1b: Hydreigon|39\/100 psn\n|-damage|p1b: Hydreigon|22\/100 psn\n|-hitcount|p1b: Hydreigon|4\n|-unboost|p2b: Dragonite|def|1\n|-boost|p2b: Dragonite|spe|1\n|\n|-damage|p1b: Hydreigon|10\/100 psn|[from] psn\n|upkeep\n|turn|2\n|\n|t:|1733077729\n|move|p2b: Dragonite|Extreme Speed|p1b: Hydreigon\n|-damage|p1b: Hydreigon|0 fnt\n|faint|p1b: Hydreigon\n|move|p1a: Whimsicott|Moonblast|p2b: Dragonite\n|-supereffective|p2b: Dragonite\n|-damage|p2b: Dragonite|45\/100\n|move|p2a: Glimmora|Sludge Bomb|p1a: Whimsicott\n|-supereffective|p1a: Whimsicott\n|-damage|p1a: Whimsicott|0 fnt\n|faint|p1a: Whimsicott\n|\n|upkeep\n|\n|t:|1733077735\n|switch|p1b: Pawmot|Pawmot, L50, M|100\/100\n|switch|p1a: Basculegion|Basculegion, L50, M|100\/100\n|turn|3\n|\n|t:|1733077758\n|-terastallize|p2a: Glimmora|Ghost\n|move|p1b: Pawmot|Double Shock|p2b: Dragonite\n|-damage|p2b: Dragonite|0 fnt\n|-start|p1b: Pawmot|typechange|???\/Fighting|[from] move: Double Shock\n|faint|p2b: Dragonite\n|move|p1a: Basculegion|Last Respects|p2a: Glimmora\n|-supereffective|p2a: Glimmora\n|-enditem|p2a: Glimmora|Focus Sash\n|-damage|p2a: Glimmora|1\/100\n|-activate|p2a: Glimmora|ability: Toxic Debris\n|-sidestart|p1: dinglustan|move: Toxic Spikes\n|move|p2a: Glimmora|Earth Power|p1b: Pawmot\n|-damage|p1b: Pawmot|44\/100\n|\n|upkeep\n|\n|t:|1733077765\n|switch|p2b: Dondozo|Dondozo, L50, F|100\/100\n|turn|4\n|\n|t:|1733077774\n|switch|p2a: Tatsugiri|Tatsugiri, L50, M|100\/100\n|-activate|p2a: Tatsugiri|ability: Commander|[of] p2b: Dondozo\n|-boost|p2b: Dondozo|atk|2\n|-boost|p2b: Dondozo|spa|2\n|-boost|p2b: Dondozo|spe|2\n|-boost|p2b: Dondozo|def|2\n|-boost|p2b: Dondozo|spd|2\n|move|p2b: Dondozo|Protect|p2b: Dondozo\n|-singleturn|p2b: Dondozo|Protect\n|move|p1b: Pawmot|Revival Blessing|p1b: Pawmot\n|\n|t:|1733077779\n|-heal|p1: Whimsicott|50\/100|[from] move: Revival Blessing\n|move|p1a: Basculegion|Last Respects|p2b: Dondozo\n|-activate|p2b: Dondozo|move: Protect\n|\n|-sideend|p1: dinglustan|move: Tailwind\n|upkeep\n|turn|5\n|\n|t:|1733077798\n|switch|p1b: Whimsicott|Whimsicott, L50, M|50\/100\n|-status|p1b: Whimsicott|psn\n|move|p2b: Dondozo|Order Up|p1a: Basculegion\n|-damage|p1a: Basculegion|48\/100\n|-boost|p2b: Dondozo|atk|1\n|move|p1a: Basculegion|Last Respects|p2b: Dondozo\n|-damage|p2b: Dondozo|54\/100\n|\n|-damage|p1b: Whimsicott|38\/100 psn|[from] psn\n|upkeep\n|turn|6\n|\n|t:|1733077810\n|move|p1b: Whimsicott|Tailwind|p1b: Whimsicott\n|-sidestart|p1: dinglustan|move: Tailwind\n|move|p1a: Basculegion|Last Respects|p2b: Dondozo\n|-damage|p2b: Dondozo|5\/100\n|move|p2b: Dondozo|Order Up|p1a: Basculegion\n|-damage|p1a: Basculegion|0 fnt\n|faint|p1a: Basculegion\n|-boost|p2b: Dondozo|atk|1\n|\n|-damage|p1b: Whimsicott|26\/100 psn|[from] psn\n|upkeep\n|\n|t:|1733077815\n|switch|p1a: Pawmot|Pawmot, L50, M|44\/100\n|-status|p1a: Pawmot|psn\n|turn|7\n|\n|t:|1733077826\n|move|p2b: Dondozo|Protect|p2b: Dondozo\n|-singleturn|p2b: Dondozo|Protect\n|move|p1a: Pawmot|Close Combat|p2b: Dondozo\n|-activate|p2b: Dondozo|move: Protect\n|move|p1b: Whimsicott|Moonblast|p2b: Dondozo\n|-activate|p2b: Dondozo|move: Protect\n|\n|-damage|p1a: Pawmot|32\/100 psn|[from] psn\n|-damage|p1b: Whimsicott|14\/100 psn|[from] psn\n|upkeep\n|turn|8\n|\n|t:|1733077831\n|move|p2b: Dondozo|Protect|p2b: Dondozo\n|-singleturn|p2b: Dondozo|Protect\n|move|p1a: Pawmot|Close Combat|p2b: Dondozo\n|-activate|p2b: Dondozo|move: Protect\n|move|p1b: Whimsicott|Giga Drain|p2b: Dondozo\n|-activate|p2b: Dondozo|move: Protect\n|\n|-damage|p1a: Pawmot|20\/100 psn|[from] psn\n|-damage|p1b: Whimsicott|2\/100 psn|[from] psn\n|upkeep\n|turn|9\n|\n|t:|1733077838\n|move|p2b: Dondozo|Protect|p2b: Dondozo\n|-singleturn|p2b: Dondozo|Protect\n|move|p1a: Pawmot|Close Combat|p2b: Dondozo\n|-activate|p2b: Dondozo|move: Protect\n|move|p1b: Whimsicott|Giga Drain|p2b: Dondozo\n|-activate|p2b: Dondozo|move: Protect\n|\n|-damage|p1a: Pawmot|7\/100 psn|[from] psn\n|-damage|p1b: Whimsicott|0 fnt|[from] psn\n|faint|p1b: Whimsicott\n|-sideend|p1: dinglustan|move: Tailwind\n|upkeep\n|turn|10\n|c|\u2606dinglustan|u suck\n|-message|dinglustan forfeited.\n|\n|win|insertable194\n|raw|dinglustan's rating: 1785 &rarr; <strong>1760<\/strong><br \/>(-25 for losing)\n|raw|insertable194's rating: 1688 &rarr; <strong>1713<\/strong><br \/>(+25 for winning)\n|l|\u2606dinglustan\n|player|p1|\n|l|\u2606insertable194\n|player|p2|\n","uploadtime":1733078063,"views":7,"formatid":"gen9vgc2024regh","rating":1713,"private":0,"password":null}