{"id":"gen9vgc2024regh-2254220021","format":"[Gen 9] VGC 2024 Reg H","players":["ren122333","marcxhenry"],"log":"|j|\u2606ren122333\n|j|\u2606marcxhenry\n|t:|1733006099\n|gametype|doubles\n|player|p1|ren122333|hilbert|1687\n|player|p2|marcxhenry|plasmagrunt-gen5bw|1824\n|teamsize|p1|6\n|teamsize|p2|6\n|gen|9\n|tier|[Gen 9] VGC 2024 Reg H\n|rated|\n|rule|Species Clause: Limit one of each Pok\u00e9mon\n|rule|Item Clause: Limit 1 of each item\n|clearpoke\n|poke|p1|Whimsicott, L50, M|\n|poke|p1|Mamoswine, L50, F|\n|poke|p1|Lycanroc-Dusk, L50, M|\n|poke|p1|Typhlosion-Hisui, L50, F|\n|poke|p1|Farigiraf, L50, F|\n|poke|p1|Mienshao, L50, F|\n|poke|p2|Tatsugiri, L50, M|\n|poke|p2|Weezing-Galar, L50, M|\n|poke|p2|Indeedee-F, L50, F|\n|poke|p2|Armarouge, L50, M|\n|poke|p2|Slaking, L50, M|\n|poke|p2|Dondozo, L50, M|\n|teampreview|4\n|inactive|Battle timer is ON: inactive players will automatically lose when time's up. (requested by ren122333)\n|\n|t:|1733006142\n|start\n|switch|p1a: Whimsicott|Whimsicott, L50, M|100\/100\n|switch|p1b: Mienshao|Mienshao, L50, F|100\/100\n|switch|p2a: Sally|Indeedee-F, L50, F, shiny|100\/100\n|switch|p2b: Renault|Armarouge, L50, M, shiny|100\/100\n|-fieldstart|move: Psychic Terrain|[from] ability: Psychic Surge|[of] p2a: Sally\n|turn|1\n|\n|t:|1733006163\n|-terastallize|p1b: Mienshao|Dark\n|move|p1a: Whimsicott|Moonblast|p2a: Sally\n|-damage|p2a: Sally|63\/100\n|-unboost|p2a: Sally|spa|1\n|move|p1b: Mienshao|Knock Off|p2b: Renault\n|-supereffective|p2b: Renault\n|-damage|p2b: Renault|0 fnt\n|-enditem|p2b: Renault|Covert Cloak|[from] move: Knock Off|[of] p1b: Mienshao\n|faint|p2b: Renault\n|-damage|p1b: Mienshao|91\/100|[from] item: Life Orb\n|move|p2a: Sally|Trick Room|p2a: Sally\n|-fieldstart|move: Trick Room|[of] p2a: Sally\n|\n|upkeep\n|\n|t:|1733006175\n|switch|p2b: BismarckZwei|Dondozo, L50, M, shiny|100\/100\n|turn|2\n|\n|t:|1733006187\n|move|p2a: Sally|Dazzling Gleam|p1a: Whimsicott|[spread] p1a,p1b\n|-supereffective|p1b: Mienshao\n|-damage|p1a: Whimsicott|87\/100\n|-damage|p1b: Mienshao|57\/100\n|move|p1b: Mienshao|Knock Off|p2a: Sally\n|-supereffective|p2a: Sally\n|-damage|p2a: Sally|0 fnt\n|-damage|p1b: Mienshao|40\/100|[from] item: Rocky Helmet|[of] p2a: Sally\n|-enditem|p2a: Sally|Rocky Helmet|[from] move: Knock Off|[of] p1b: Mienshao\n|faint|p2a: Sally\n|-damage|p1b: Mienshao|30\/100|[from] item: Life Orb\n|move|p1a: Whimsicott|Moonblast|p2b: BismarckZwei\n|-damage|p2b: BismarckZwei|68\/100\n|-unboost|p2b: BismarckZwei|spa|1\n|move|p2b: BismarckZwei|Avalanche|p1a: Whimsicott\n|-supereffective|p1a: Whimsicott\n|-damage|p1a: Whimsicott|0 fnt\n|faint|p1a: Whimsicott\n|\n|-heal|p2b: BismarckZwei|74\/100|[from] item: Leftovers\n|upkeep\n|inactive|marcxhenry has 30 seconds left.\n|\n|t:|1733006215\n|switch|p2a: Tatsu the II|Tatsugiri, L50, M|100\/100\n|switch|p1a: Mamoswine|Mamoswine, L50, F|100\/100\n|-activate|p2a: Tatsu the II|ability: Commander|[of] p2b: BismarckZwei\n|-boost|p2b: BismarckZwei|atk|2\n|-boost|p2b: BismarckZwei|spa|2\n|-boost|p2b: BismarckZwei|spe|2\n|-boost|p2b: BismarckZwei|def|2\n|-boost|p2b: BismarckZwei|spd|2\n|turn|3\n|c|\u2606marcxhenry|how did whims hit first?\n|inactive|marcxhenry has 30 seconds left.\n|\n|t:|1733006246\n|move|p2b: BismarckZwei|Earthquake|p1b: Mienshao|[spread] p1a,p1b\n|-miss|p2b: BismarckZwei|p2a: Tatsu the II\n|-damage|p1a: Mamoswine|50\/100\n|-damage|p1b: Mienshao|0 fnt\n|faint|p1b: Mienshao\n|move|p1a: Mamoswine|Haze|p1a: Mamoswine\n|-clearallboost\n|\n|-heal|p2b: BismarckZwei|80\/100|[from] item: Leftovers\n|upkeep\n|\n|t:|1733006250\n|switch|p1b: Typhlosion|Typhlosion-Hisui, L50, F|100\/100\n|-item|p2a: Tatsu the II|Choice Scarf|[from] ability: Frisk|[of] p1b: Typhlosion\n|-item|p2b: BismarckZwei|Leftovers|[from] ability: Frisk|[of] p1b: Typhlosion\n|turn|4\n|\n|t:|1733006261\n|move|p2b: BismarckZwei|Wave Crash|p1a: Mamoswine\n|-supereffective|p1a: Mamoswine\n|-damage|p1a: Mamoswine|0 fnt\n|faint|p1a: Mamoswine\n|-damage|p2b: BismarckZwei|68\/100|[from] Recoil\n|move|p1b: Typhlosion|Shadow Ball|p2b: BismarckZwei\n|-damage|p2b: BismarckZwei|19\/100\n|\n|-heal|p2b: BismarckZwei|25\/100|[from] item: Leftovers\n|upkeep\n|turn|5\n|-message|ren122333 forfeited.\n|\n|win|marcxhenry\n|raw|ren122333's rating: 1687 &rarr; <strong>1675<\/strong><br \/>(-12 for losing)\n|raw|marcxhenry's rating: 1824 &rarr; <strong>1836<\/strong><br \/>(+12 for winning)\n|l|\u2606ren122333\n|player|p1|\n|l|\u2606marcxhenry\n|player|p2|\n","uploadtime":1733006467,"views":8,"formatid":"gen9vgc2024regh","rating":1675,"private":0,"password":null}