{"id":"gen9vgc2024regh-2254257963","format":"[Gen 9] VGC 2024 Reg H","players":["Djjwjwwjj","futonkagebunshin"],"log":"|j|\u2606Djjwjwwjj\n|j|\u2606futonkagebunshin\n|t:|1733011009\n|gametype|doubles\n|player|p1|Djjwjwwjj|101|1777\n|player|p2|futonkagebunshin|policeman-gen4|1717\n|teamsize|p1|6\n|teamsize|p2|6\n|gen|9\n|tier|[Gen 9] VGC 2024 Reg H\n|rated|\n|rule|Species Clause: Limit one of each Pok\u00e9mon\n|rule|Item Clause: Limit 1 of each item\n|clearpoke\n|poke|p1|Palafin, L50, M|\n|poke|p1|Farigiraf, L50, M|\n|poke|p1|Ursaluna-Bloodmoon, L50, M|\n|poke|p1|Amoonguss, L50, M|\n|poke|p1|Incineroar, L50, M|\n|poke|p1|Pelipper, L50, F|\n|poke|p2|Whimsicott, L50, M|\n|poke|p2|Chandelure, L50, F|\n|poke|p2|Pelipper, L50, M|\n|poke|p2|Archaludon, L50, F|\n|poke|p2|Overqwil, L50, F|\n|poke|p2|Annihilape, L50, F|\n|teampreview|4\n|inactive|Battle timer is ON: inactive players will automatically lose when time's up. (requested by Djjwjwwjj)\n|\n|t:|1733011036\n|start\n|switch|p1a: Farigiraf|Farigiraf, L50, M|100\/100\n|switch|p1b: Amoonguss|Amoonguss, L50, M|100\/100\n|switch|p2a: Whimsicott|Whimsicott, L50, M|100\/100\n|switch|p2b: Chandelure|Chandelure, L50, F|100\/100\n|turn|1\n|j| Wolfey888\n|inactive|futonkagebunshin has 30 seconds left.\n|inactive|futonkagebunshin has 20 seconds left.\n|inactive|futonkagebunshin has 15 seconds left.\n|\n|t:|1733011080\n|-terastallize|p2b: Chandelure|Grass\n|-terastallize|p1b: Amoonguss|Water\n|move|p2a: Whimsicott|Moonblast|p1a: Farigiraf\n|-damage|p1a: Farigiraf|71\/100\n|-unboost|p1a: Farigiraf|spa|1\n|move|p2b: Chandelure|Heat Wave|p1b: Amoonguss|[spread] p1a,p1b\n|-resisted|p1b: Amoonguss\n|-damage|p1a: Farigiraf|18\/100\n|-damage|p1b: Amoonguss|77\/100\n|move|p1b: Amoonguss|Clear Smog|p2a: Whimsicott\n|-supereffective|p2a: Whimsicott\n|-enditem|p2a: Whimsicott|Focus Sash\n|-damage|p2a: Whimsicott|1\/100\n|-clearboost|p2a: Whimsicott\n|move|p1a: Farigiraf|Trick Room|p1a: Farigiraf\n|-fieldstart|move: Trick Room|[of] p1a: Farigiraf\n|\n|upkeep\n|turn|2\n|inactive|Djjwjwwjj has 30 seconds left.\n|inactive|futonkagebunshin has 30 seconds left.\n|inactive|Djjwjwwjj has 20 seconds left.\n|inactive|futonkagebunshin has 20 seconds left.\n|inactive|futonkagebunshin has 15 seconds left.\n|inactive|futonkagebunshin has 10 seconds left.\n|\n|t:|1733011128\n|switch|p1a: Incineroar|Incineroar, L50, M|100\/100\n|-ability|p1a: Incineroar|Intimidate|boost\n|-unboost|p2a: Whimsicott|atk|1\n|-unboost|p2b: Chandelure|atk|1\n|switch|p2a: Archaludon|Archaludon, L50, F|100\/100\n|move|p1b: Amoonguss|Spore|p2a: Archaludon\n|-status|p2a: Archaludon|slp|[from] move: Spore\n|move|p2b: Chandelure|Heat Wave|p1a: Incineroar|[spread] p1a,p1b\n|-resisted|p1a: Incineroar\n|-resisted|p1b: Amoonguss\n|-damage|p1a: Incineroar|74\/100\n|-damage|p1b: Amoonguss|52\/100\n|\n|upkeep\n|turn|3\n|\n|t:|1733011153\n|switch|p2b: Whimsicott|Whimsicott, L50, M|1\/100\n|move|p1b: Amoonguss|Pollen Puff|p2b: Whimsicott\n|-damage|p2b: Whimsicott|0 fnt\n|faint|p2b: Whimsicott\n|move|p1a: Incineroar|Knock Off|p2a: Archaludon\n|-damage|p2a: Archaludon|65\/100 slp\n|-ability|p2a: Archaludon|Stamina|boost\n|-boost|p2a: Archaludon|def|1\n|-enditem|p1a: Incineroar|Mirror Herb\n|-boost|p1a: Incineroar|def|1|[from] item: Mirror Herb\n|-enditem|p2a: Archaludon|Assault Vest|[from] move: Knock Off|[of] p1a: Incineroar\n|cant|p2a: Archaludon|slp\n|\n|upkeep\n|j| sitojuri\n|\n|t:|1733011174\n|switch|p2b: Chandelure|Chandelure, L50, F, tera:Grass|100\/100\n|turn|4\n|\n|t:|1733011190\n|move|p1b: Amoonguss|Pollen Puff|p2b: Chandelure\n|-supereffective|p2b: Chandelure\n|-damage|p2b: Chandelure|55\/100\n|move|p1a: Incineroar|Parting Shot|p2a: Archaludon\n|-unboost|p2a: Archaludon|atk|1\n|-unboost|p2a: Archaludon|spa|1\n|\n|t:|1733011197\n|switch|p1a: Ursaluna|Ursaluna-Bloodmoon, L50, M|100\/100|[from] Parting Shot\n|move|p2b: Chandelure|Energy Ball|p1b: Amoonguss\n|-supereffective|p1b: Amoonguss\n|-damage|p1b: Amoonguss|0 fnt\n|faint|p1b: Amoonguss\n|-curestatus|p2a: Archaludon|slp|[msg]\n|move|p2a: Archaludon|Body Press|p1a: Ursaluna\n|-supereffective|p1a: Ursaluna\n|-damage|p1a: Ursaluna|47\/100\n|\n|upkeep\n|\n|t:|1733011210\n|switch|p1b: Incineroar|Incineroar, L50, M|74\/100\n|-ability|p1b: Incineroar|Intimidate|boost\n|-unboost|p2a: Archaludon|atk|1\n|-unboost|p2b: Chandelure|atk|1\n|turn|5\n|inactive|Djjwjwwjj has 30 seconds left.\n|\n|t:|1733011239\n|switch|p2b: Annihilape|Annihilape, L50, F|100\/100\n|move|p1a: Ursaluna|Blood Moon|p2a: Archaludon\n|-resisted|p2a: Archaludon\n|-damage|p2a: Archaludon|7\/100\n|-ability|p2a: Archaludon|Stamina|boost\n|-boost|p2a: Archaludon|def|1\n|-damage|p1a: Ursaluna|37\/100|[from] item: Life Orb\n|move|p1b: Incineroar|Knock Off|p2b: Annihilape\n|-damage|p2b: Annihilape|47\/100\n|-enditem|p2b: Annihilape|Sitrus Berry|[from] move: Knock Off|[of] p1b: Incineroar\n|move|p2a: Archaludon|Body Press|p1a: Ursaluna\n|-supereffective|p1a: Ursaluna\n|-damage|p1a: Ursaluna|0 fnt\n|faint|p1a: Ursaluna\n|\n|-fieldend|move: Trick Room\n|upkeep\n|\n|t:|1733011258\n|switch|p1a: Farigiraf|Farigiraf, L50, M|18\/100\n|turn|6\n|-message|Djjwjwwjj forfeited.\n|\n|win|futonkagebunshin\n|raw|Djjwjwwjj's rating: 1777 &rarr; <strong>1754<\/strong><br \/>(-23 for losing)\n|raw|futonkagebunshin's rating: 1717 &rarr; <strong>1740<\/strong><br \/>(+23 for winning)\n|l|\u2606Djjwjwwjj\n|player|p1|\n|l| sitojuri\n|l| Wolfey888\n|l|\u2606futonkagebunshin\n|player|p2|\n","uploadtime":1733011465,"views":15,"formatid":"gen9vgc2024regh","rating":1740,"private":0,"password":null}