{"id":"gen9vgc2024regh-2254538000","format":"[Gen 9] VGC 2024 Reg H","players":["insertable194","marcxhenry"],"log":"|j|\u2606insertable194\n|j|\u2606marcxhenry\n|t:|1733059125\n|gametype|doubles\n|player|p1|insertable194|hanbei-conquest|1805\n|player|p2|marcxhenry|plasmagrunt-gen5bw|1745\n|teamsize|p1|6\n|teamsize|p2|6\n|gen|9\n|tier|[Gen 9] VGC 2024 Reg H\n|rated|\n|rule|Species Clause: Limit one of each Pok\u00e9mon\n|rule|Item Clause: Limit 1 of each item\n|clearpoke\n|poke|p1|Smeargle, L50, F|\n|poke|p1|Farigiraf, L50, M|\n|poke|p1|Archaludon, L50, M|\n|poke|p1|Torkoal, L50, F|\n|poke|p1|Ursaluna-Bloodmoon, L50, M|\n|poke|p1|Annihilape, L50, F|\n|poke|p2|Tatsugiri, L50, M|\n|poke|p2|Weezing-Galar, L50, M|\n|poke|p2|Indeedee-F, L50, F|\n|poke|p2|Armarouge, L50, M|\n|poke|p2|Slaking, L50, M|\n|poke|p2|Dondozo, L50, M|\n|teampreview|4\n|\n|t:|1733059152\n|start\n|switch|p1a: Smeargle|Smeargle, L50, F|100\/100\n|switch|p1b: Farigiraf|Farigiraf, L50, M|100\/100\n|switch|p2a: Sally|Indeedee-F, L50, F, shiny|100\/100\n|switch|p2b: Renault|Armarouge, L50, M, shiny|100\/100\n|-fieldstart|move: Psychic Terrain|[from] ability: Psychic Surge|[of] p2a: Sally\n|turn|1\n|j|+boe(*\u02d8\ufe36\u02d8*)...\/*\u2661\n|j| GooglePay\n|\n|t:|1733059172\n|-terastallize|p2a: Sally|Grass\n|move|p2a: Sally|Follow Me|p2a: Sally\n|-singleturn|p2a: Sally|move: Follow Me\n|move|p1a: Smeargle|Spore|p2a: Sally\n|-immune|p2a: Sally\n|move|p2b: Renault|Heat Wave|p1b: Farigiraf|[spread] \n|-miss|p2b: Renault|p1a: Smeargle\n|-miss|p2b: Renault|p1b: Farigiraf\n|move|p1b: Farigiraf|Trick Room|p1b: Farigiraf\n|-fieldstart|move: Trick Room|[of] p1b: Farigiraf\n|\n|-ability|p1a: Smeargle|Moody|boost\n|-boost|p1a: Smeargle|spd|2\n|-unboost|p1a: Smeargle|def|1\n|-enditem|p1a: Smeargle|Eject Pack\n|upkeep\n|\n|t:|1733059177\n|switch|p1a: Ursaluna|Ursaluna-Bloodmoon, L50, M|100\/100\n|turn|2\n|\n|t:|1733059190\n|-terastallize|p1a: Ursaluna|Normal\n|move|p1b: Farigiraf|Helping Hand|p1a: Ursaluna\n|-singleturn|p1a: Ursaluna|Helping Hand|[of] p1b: Farigiraf\n|move|p2b: Renault|Wide Guard|p2b: Renault\n|-singleturn|p2b: Renault|Wide Guard\n|move|p1a: Ursaluna|Hyper Voice|p2a: Sally|[spread] \n|-activate|p2a: Sally|move: Wide Guard\n|-activate|p2b: Renault|move: Wide Guard\n|move|p2a: Sally|Trick Room|p2a: Sally\n|-fieldend|move: Trick Room\n|\n|upkeep\n|turn|3\n|\n|t:|1733059225\n|move|p2a: Sally|Helping Hand|p2b: Renault\n|-singleturn|p2b: Renault|Helping Hand|[of] p2a: Sally\n|move|p1a: Ursaluna|Protect|p1a: Ursaluna\n|-singleturn|p1a: Ursaluna|Protect\n|move|p2b: Renault|Heat Wave|p1b: Farigiraf|[spread] p1b\n|-activate|p1a: Ursaluna|move: Protect\n|-damage|p1b: Farigiraf|39\/100\n|move|p1b: Farigiraf|Trick Room|p1b: Farigiraf\n|-fieldstart|move: Trick Room|[of] p1b: Farigiraf\n|\n|upkeep\n|turn|4\n|\n|t:|1733059249\n|move|p1b: Farigiraf|Helping Hand|p1a: Ursaluna\n|-singleturn|p1a: Ursaluna|Helping Hand|[of] p1b: Farigiraf\n|move|p1a: Ursaluna|Hyper Voice|p2b: Renault|[spread] p2a,p2b\n|-damage|p2a: Sally|10\/100\n|-damage|p2b: Renault|0 fnt\n|faint|p2b: Renault\n|-damage|p1a: Ursaluna|90\/100|[from] item: Life Orb\n|move|p2a: Sally|Trick Room|p2a: Sally\n|-fieldend|move: Trick Room\n|\n|upkeep\n|\n|t:|1733059258\n|switch|p2b: BismarckZwei|Dondozo, L50, M, shiny|100\/100\n|turn|5\n|\n|t:|1733059273\n|switch|p2a: Tatsu the II|Tatsugiri, L50, M|100\/100\n|-activate|p2a: Tatsu the II|ability: Commander|[of] p2b: BismarckZwei\n|-boost|p2b: BismarckZwei|atk|2\n|-boost|p2b: BismarckZwei|spa|2\n|-boost|p2b: BismarckZwei|spe|2\n|-boost|p2b: BismarckZwei|def|2\n|-boost|p2b: BismarckZwei|spd|2\n|move|p1b: Farigiraf|Helping Hand|p1a: Ursaluna\n|-singleturn|p1a: Ursaluna|Helping Hand|[of] p1b: Farigiraf\n|move|p2b: BismarckZwei|Earthquake|p1b: Farigiraf|[spread] p1a,p1b\n|-miss|p2b: BismarckZwei|p2a: Tatsu the II\n|-crit|p1a: Ursaluna\n|-damage|p1a: Ursaluna|40\/100\n|-damage|p1b: Farigiraf|6\/100\n|move|p1a: Ursaluna|Blood Moon|p2b: BismarckZwei\n|-damage|p2b: BismarckZwei|0 fnt\n|faint|p2b: BismarckZwei\n|-damage|p1a: Ursaluna|30\/100|[from] item: Life Orb\n|\n|-fieldend|move: Psychic Terrain\n|upkeep\n|\n|t:|1733059291\n|switch|p2b: Sally|Indeedee-F, L50, F, shiny, tera:Grass|10\/100\n|-fieldstart|move: Psychic Terrain|[from] ability: Psychic Surge|[of] p2b: Sally\n|turn|6\n|\n|t:|1733059323\n|move|p2b: Sally|Helping Hand|p2a: Tatsu the II\n|-singleturn|p2a: Tatsu the II|Helping Hand|[of] p2b: Sally\n|move|p1a: Ursaluna|Protect|p1a: Ursaluna\n|-singleturn|p1a: Ursaluna|Protect\n|move|p2a: Tatsu the II|Muddy Water|p1a: Ursaluna|[spread] \n|-activate|p1a: Ursaluna|move: Protect\n|-miss|p2a: Tatsu the II|p1b: Farigiraf\n|move|p1b: Farigiraf|Trick Room|p1b: Farigiraf\n|-fieldstart|move: Trick Room|[of] p1b: Farigiraf\n|\n|upkeep\n|turn|7\n|-message|marcxhenry forfeited.\n|\n|win|insertable194\n|raw|insertable194's rating: 1805 &rarr; <strong>1822<\/strong><br \/>(+17 for winning)\n|raw|marcxhenry's rating: 1745 &rarr; <strong>1728<\/strong><br \/>(-17 for losing)\n|l|\u2606marcxhenry\n|player|p2|\n|l|+boe(*\u02d8\ufe36\u02d8*)...\/*\u2661\n|l|\u2606insertable194\n|player|p1|\n","uploadtime":1733059553,"views":16,"formatid":"gen9vgc2024regh","rating":1728,"private":0,"password":null}