{"id":"gen9vgc2024regh-2254030312","format":"[Gen 9] VGC 2024 Reg H","players":["actuary97","judang"],"log":"|j|\u2606actuary97\n|j|\u2606judang\n|t:|1732982328\n|gametype|doubles\n|player|p1|actuary97|sabrina-frlg|1703\n|player|p2|judang|ruinmaniac|1725\n|teamsize|p1|6\n|teamsize|p2|6\n|gen|9\n|tier|[Gen 9] VGC 2024 Reg H\n|rated|\n|rule|Species Clause: Limit one of each Pok\u00e9mon\n|rule|Item Clause: Limit 1 of each item\n|clearpoke\n|poke|p1|Whimsicott, L50, F|\n|poke|p1|Gallade, L50, M|\n|poke|p1|Archaludon, L50, F|\n|poke|p1|Malamar, L50, F|\n|poke|p1|Indeedee, L50, M|\n|poke|p1|Drifblim, L50, M|\n|poke|p2|Torkoal, L50, M|\n|poke|p2|Lilligant-Hisui, L50, F|\n|poke|p2|Farigiraf, L50, F|\n|poke|p2|Ursaluna-Bloodmoon, L50, M|\n|poke|p2|Malamar, L50, M|\n|poke|p2|Dragapult, L50, F|\n|teampreview|4\n|c|\u2606actuary97|omg another malamar!!\n|c|\u2606actuary97|glhf\nactuary97 has agreed to open team sheets.\n|j| xsArDiNaSx\n|inactive|Battle timer is ON: inactive players will automatically lose when time's up. (requested by actuary97)\n|l| xsArDiNaSx\n|\n|t:|1732982401\n|start\n|switch|p1a: Tapu Deedee|Indeedee, L50, M, shiny|100\/100\n|switch|p1b: Happy Thanksgiving|Drifblim, L50, M, shiny|100\/100\n|switch|p2a: Torkoal|Torkoal, L50, M|100\/100\n|switch|p2b: Lilligant|Lilligant-Hisui, L50, F|100\/100\n|-fieldstart|move: Psychic Terrain|[from] ability: Psychic Surge|[of] p1a: Tapu Deedee\n|-enditem|p1b: Happy Thanksgiving|Psychic Seed\n|-boost|p1b: Happy Thanksgiving|spd|1|[from] item: Psychic Seed\n|-weather|SunnyDay|[from] ability: Drought|[of] p2a: Torkoal\n|turn|1\n|inactive|judang has 30 seconds left.\n|inactive|judang has 20 seconds left.\n|\n|t:|1732982438\n|-terastallize|p1a: Tapu Deedee|Fire\n|move|p2b: Lilligant|Sleep Powder|p1a: Tapu Deedee\n|-status|p1a: Tapu Deedee|slp|[from] move: Sleep Powder\n|move|p1b: Happy Thanksgiving|Icy Wind|p2b: Lilligant|[spread] p2a,p2b\n|-resisted|p2a: Torkoal\n|-supereffective|p2b: Lilligant\n|-damage|p2a: Torkoal|95\/100\n|-damage|p2b: Lilligant|70\/100\n|-unboost|p2a: Torkoal|spe|1\n|-unboost|p2b: Lilligant|spe|1\n|cant|p1a: Tapu Deedee|slp\n|move|p2a: Torkoal|Eruption|p1b: Happy Thanksgiving|[spread] p1a,p1b\n|-resisted|p1a: Tapu Deedee\n|-damage|p1a: Tapu Deedee|48\/100 slp\n|-damage|p1b: Happy Thanksgiving|45\/100\n|\n|-weather|SunnyDay|[upkeep]\n|upkeep\n|turn|2\n|inactive|judang has 30 seconds left.\n|\n|t:|1732982473\n|switch|p2b: Malamar|Malamar, L50, M|100\/100\n|move|p1b: Happy Thanksgiving|Air Slash|p2b: Malamar\n|-crit|p2b: Malamar\n|-damage|p2b: Malamar|59\/100\n|-curestatus|p1a: Tapu Deedee|slp|[msg]\n|move|p1a: Tapu Deedee|Expanding Force|p2a: Torkoal|[spread] p2a\n|-immune|p2b: Malamar\n|-damage|p2a: Torkoal|0 fnt\n|faint|p2a: Torkoal\n|\n|-weather|SunnyDay|[upkeep]\n|upkeep\n|\n|t:|1732982485\n|switch|p2a: Lilligant|Lilligant-Hisui, L50, F|70\/100\n|turn|3\n|\n|t:|1732982500\n|move|p2a: Lilligant|Solar Blade||[still]\n|-prepare|p2a: Lilligant|Solar Blade\n|-anim|p2a: Lilligant|Solar Blade|p1a: Tapu Deedee\n|-resisted|p1a: Tapu Deedee\n|-damage|p1a: Tapu Deedee|0 fnt\n|faint|p1a: Tapu Deedee\n|move|p1b: Happy Thanksgiving|Strength Sap|p2a: Lilligant\n|-unboost|p2a: Lilligant|atk|1\n|-heal|p1b: Happy Thanksgiving|100\/100\n|move|p2b: Malamar|Trick Room|p2b: Malamar\n|-fieldstart|move: Trick Room|[of] p2b: Malamar\n|\n|-weather|SunnyDay|[upkeep]\n|upkeep\n|\n|t:|1732982511\n|switch|p1a: Malamother|Malamar, L50, F|100\/100\n|turn|4\n|\n|t:|1732982527\n|switch|p2a: Farigiraf|Farigiraf, L50, F|100\/100\n|move|p1a: Malamother|Superpower|p2a: Farigiraf\n|-damage|p2a: Farigiraf|76\/100\n|-boost|p1a: Malamother|atk|1\n|-boost|p1a: Malamother|def|1\n|move|p2b: Malamar|Superpower|p1a: Malamother\n|-damage|p1a: Malamother|78\/100\n|-boost|p2b: Malamar|atk|1\n|-boost|p2b: Malamar|def|1\n|move|p1b: Happy Thanksgiving|Will-O-Wisp|p2b: Malamar\n|-status|p2b: Malamar|brn\n|\n|-weather|SunnyDay|[upkeep]\n|-damage|p2b: Malamar|52\/100 brn|[from] brn\n|upkeep\n|turn|5\n|inactive|judang has 30 seconds left.\n|inactive|judang has 20 seconds left.\n|inactive|actuary97 has 30 seconds left.\n|inactive|judang has 15 seconds left.\n|inactive|judang has 10 seconds left.\n|inactive|judang has 5 seconds left.\n|\n|t:|1732982582\n|move|p2a: Farigiraf|Tera Blast|p1b: Happy Thanksgiving\n|-immune|p1b: Happy Thanksgiving\n|move|p2b: Malamar|Knock Off|p1b: Happy Thanksgiving\n|-supereffective|p1b: Happy Thanksgiving\n|-damage|p1b: Happy Thanksgiving|58\/100\n|move|p1a: Malamother|Knock Off|p2a: Farigiraf\n|-supereffective|p2a: Farigiraf\n|-damage|p2a: Farigiraf|0 fnt\n|-enditem|p2a: Farigiraf|Sitrus Berry|[from] move: Knock Off|[of] p1a: Malamother\n|faint|p2a: Farigiraf\n|move|p1b: Happy Thanksgiving|Strength Sap|p1a: Malamother\n|-boost|p1a: Malamother|atk|1\n|-heal|p1b: Happy Thanksgiving|100\/100\n|\n|-weather|none\n|-damage|p2b: Malamar|46\/100 brn|[from] brn\n|-fieldend|move: Psychic Terrain\n|upkeep\n|-message|judang forfeited.\n|\n|win|actuary97\n|raw|actuary97's rating: 1703 &rarr; <strong>1724<\/strong><br \/>(+21 for winning)\n|raw|judang's rating: 1725 &rarr; <strong>1704<\/strong><br \/>(-21 for losing)\n|l|\u2606judang\n|player|p2|\n","uploadtime":1732982836,"views":15,"formatid":"gen9vgc2024regh","rating":1704,"private":0,"password":null}