{"id":"gen9vgc2024regh-2254892698","format":"[Gen 9] VGC 2024 Reg H","players":["nicouser","guardian riser"],"log":"|j|\u2606nicouser\n|j|\u2606guardian riser\n|t:|1733104041\n|gametype|doubles\n|player|p1|nicouser|266|1731\n|player|p2|guardian riser|265|1750\n|teamsize|p1|6\n|teamsize|p2|6\n|gen|9\n|tier|[Gen 9] VGC 2024 Reg H\n|rated|\n|rule|Species Clause: Limit one of each Pok\u00e9mon\n|rule|Item Clause: Limit 1 of each item\n|clearpoke\n|poke|p1|Ursaluna-Bloodmoon, L50, M|\n|poke|p1|Grimmsnarl, L50, M|\n|poke|p1|Annihilape, L50, F|\n|poke|p1|Sinistcha, L50|\n|poke|p1|Gholdengo, L50|\n|poke|p1|Meowscarada, L50, F|\n|poke|p2|Sneasler, L50, F|\n|poke|p2|Volcarona, L50, M|\n|poke|p2|Garganacl, L50, F|\n|poke|p2|Meowscarada, L50, M|\n|poke|p2|Dragonite, L50, F|\n|poke|p2|Indeedee, L50, M|\n|teampreview|4\n|\n|t:|1733104071\n|start\n|switch|p1a: Gholdengo|Gholdengo, L50|100\/100\n|switch|p1b: Grimmsnarl|Grimmsnarl, L50, M|100\/100\n|switch|p2a: Meowscarada|Meowscarada, L50, M|100\/100\n|switch|p2b: Sneasler|Sneasler, L50, F|100\/100\n|turn|1\n|l|\u2606nicouser\n|player|p1|\n|inactive|Battle timer is ON: inactive players will automatically lose when time's up. (requested by guardian riser)\n|j|\u2606nicouser\n|inactive|nicouser reconnected and has 85 seconds left.\n|player|p1|nicouser|266|\n|\n|t:|1733104108\n|-terastallize|p1a: Gholdengo|Steel\n|move|p1b: Grimmsnarl|Reflect|p1b: Grimmsnarl\n|-sidestart|p1: nicouser|Reflect\n|move|p2b: Sneasler|Coaching|p2a: Meowscarada\n|-boost|p2a: Meowscarada|atk|1\n|-boost|p2a: Meowscarada|def|1\n|move|p2a: Meowscarada|Knock Off|p1a: Gholdengo\n|-damage|p1a: Gholdengo|54\/100\n|-enditem|p1a: Gholdengo|Choice Specs|[from] move: Knock Off|[of] p2a: Meowscarada\n|move|p1a: Gholdengo|Make It Rain|p2a: Meowscarada|[spread] p2a,p2b\n|-damage|p2a: Meowscarada|4\/100\n|-damage|p2b: Sneasler|17\/100\n|-unboost|p1a: Gholdengo|spa|1\n|\n|upkeep\n|turn|2\n|\n|t:|1733104126\n|move|p1b: Grimmsnarl|Thunder Wave|p2b: Sneasler\n|-status|p2b: Sneasler|par\n|move|p2a: Meowscarada|Flower Trick|p1b: Grimmsnarl\n|-crit|p1b: Grimmsnarl\n|-damage|p1b: Grimmsnarl|0 fnt\n|faint|p1b: Grimmsnarl\n|move|p1a: Gholdengo|Make It Rain|p2b: Sneasler|[spread] p2a,p2b\n|-damage|p2a: Meowscarada|0 fnt\n|-damage|p2b: Sneasler|0 fnt\n|-unboost|p1a: Gholdengo|spa|1\n|faint|p2a: Meowscarada\n|faint|p2b: Sneasler\n|\n|upkeep\n|\n|t:|1733104145\n|switch|p2b: Dragonite|Dragonite, L50, F|100\/100\n|switch|p2a: Volcarona|Volcarona, L50, M|100\/100\n|switch|p1b: Sinistcha|Sinistcha, L50|100\/100\n|-heal|p1a: Gholdengo|79\/100|[from] ability: Hospitality|[of] p1b: Sinistcha\n|turn|3\n|\n|t:|1733104156\n|-terastallize|p2b: Dragonite|Steel\n|move|p2b: Dragonite|Scale Shot|p1b: Sinistcha\n|-damage|p1b: Sinistcha|92\/100\n|-damage|p1b: Sinistcha|83\/100\n|-damage|p1b: Sinistcha|75\/100\n|-damage|p1b: Sinistcha|68\/100\n|-hitcount|p1b: Sinistcha|4\n|-unboost|p2b: Dragonite|def|1\n|-boost|p2b: Dragonite|spe|1\n|move|p1a: Gholdengo|Make It Rain|p2a: Volcarona|[spread] p2a,p2b\n|-resisted|p2a: Volcarona\n|-resisted|p2b: Dragonite\n|-damage|p2a: Volcarona|88\/100\n|-damage|p2b: Dragonite|92\/100\n|-unboost|p1a: Gholdengo|spa|1\n|move|p2a: Volcarona|Fiery Dance|p1b: Sinistcha\n|-supereffective|p1b: Sinistcha\n|-crit|p1b: Sinistcha\n|-damage|p1b: Sinistcha|0 fnt\n|-boost|p2a: Volcarona|spa|1\n|faint|p1b: Sinistcha\n|\n|upkeep\n|\n|t:|1733104167\n|switch|p1b: Ursaluna|Ursaluna-Bloodmoon, L50, M|100\/100\n|turn|4\n|\n|t:|1733104179\n|move|p2b: Dragonite|Scale Shot|p1b: Ursaluna|[miss]\n|-miss|p2b: Dragonite|p1b: Ursaluna\n|move|p1a: Gholdengo|Power Gem|p2a: Volcarona\n|-supereffective|p2a: Volcarona\n|-damage|p2a: Volcarona|50\/100\n|move|p2a: Volcarona|Fiery Dance|p1b: Ursaluna\n|-damage|p1b: Ursaluna|57\/100\n|move|p1b: Ursaluna|Blood Moon|p2a: Volcarona\n|-damage|p2a: Volcarona|0 fnt\n|faint|p2a: Volcarona\n|\n|upkeep\n|turn|5\n|c|\u2606guardian riser|lol the luck\n|\n|t:|1733104196\n|move|p2b: Dragonite|Scale Shot|p1b: Ursaluna\n|-damage|p1b: Ursaluna|50\/100\n|-damage|p1b: Ursaluna|42\/100\n|-damage|p1b: Ursaluna|34\/100\n|-damage|p1b: Ursaluna|27\/100\n|-damage|p1b: Ursaluna|19\/100\n|-hitcount|p1b: Ursaluna|5\n|-unboost|p2b: Dragonite|def|1\n|-boost|p2b: Dragonite|spe|1\n|move|p1a: Gholdengo|Trick|p2b: Dragonite\n|-activate|p1a: Gholdengo|move: Trick|[of] p2b: Dragonite\n|-enditem|p2b: Dragonite|Loaded Dice|[silent]|[from] move: Trick\n|-item|p1a: Gholdengo|Loaded Dice|[from] move: Trick\n|move|p1b: Ursaluna|Earth Power|p2b: Dragonite\n|-supereffective|p2b: Dragonite\n|-damage|p2b: Dragonite|0 fnt\n|faint|p2b: Dragonite\n|\n|win|nicouser\n|raw|nicouser's rating: 1731 &rarr; <strong>1752<\/strong><br \/>(+21 for winning)\n|raw|guardian riser's rating: 1750 &rarr; <strong>1729<\/strong><br \/>(-21 for losing)\n|l|\u2606guardian riser\n|player|p2|\n","uploadtime":1733104434,"views":11,"formatid":"gen9vgc2024regh","rating":1729,"private":0,"password":null}