{"id":"gen9vgc2024regh-2254033011","format":"[Gen 9] VGC 2024 Reg H","players":["SeaWolfMikess","Jesuuuus"],"log":"|badge|p1|bronze|gen9doublesou|100-3\n|uhtml|medal-msg|<div class=\"broadcast-blue\">Curious what those medals under the avatar are? PS now has Ladder Seasons! For more information, check out the <a href=\"https:\/\/www.smogon.com\/forums\/threads\/3740067\/\">thread on Smogon.<\/a><\/div>\n|j|\u2606SeaWolfMikess\n|j|\u2606Jesuuuus\n|t:|1732982699\n|gametype|doubles\n|player|p1|SeaWolfMikess|hugh|1726\n|player|p2|Jesuuuus|alec-anime|1751\n|teamsize|p1|6\n|teamsize|p2|6\n|gen|9\n|tier|[Gen 9] VGC 2024 Reg H\n|rated|\n|rule|Species Clause: Limit one of each Pok\u00e9mon\n|rule|Item Clause: Limit 1 of each item\n|clearpoke\n|poke|p1|Pelipper, L50, F|\n|poke|p1|Archaludon, L50, M|\n|poke|p1|Rillaboom, L50, F|\n|poke|p1|Sneasler, L50, M|\n|poke|p1|Incineroar, L50, M|\n|poke|p1|Gholdengo, L50|\n|poke|p2|Archaludon, L50, F|\n|poke|p2|Whimsicott, L50, M|\n|poke|p2|Pelipper, L50, M|\n|poke|p2|Basculegion, L50, M|\n|poke|p2|Gholdengo, L50|\n|poke|p2|Rillaboom, L50, M|\n|teampreview|4\n|inactive|Battle timer is ON: inactive players will automatically lose when time's up. (requested by Jesuuuus)\n|j| Method Tester\n|inactive|Jesuuuus has 60 seconds left.\n|\n|t:|1732982739\n|start\n|switch|p1a: Rillaboom|Rillaboom, L50, F|100\/100\n|switch|p1b: Sneasler|Sneasler, L50, M|100\/100\n|switch|p2a: Whimsicott|Whimsicott, L50, M|100\/100\n|switch|p2b: Gholdengo|Gholdengo, L50|100\/100\n|-fieldstart|move: Grassy Terrain|[from] ability: Grassy Surge|[of] p1a: Rillaboom\n|-enditem|p1b: Sneasler|Grassy Seed\n|-boost|p1b: Sneasler|def|1|[from] item: Grassy Seed\n|turn|1\n|\n|t:|1732982759\n|switch|p2a: Archaludon|Archaludon, L50, F|100\/100\n|switch|p1a: Gholdengo|Gholdengo, L50|100\/100\n|move|p1b: Sneasler|Throat Chop|p2b: Gholdengo\n|-supereffective|p2b: Gholdengo\n|-damage|p2b: Gholdengo|34\/100\n|-start|p2b: Gholdengo|Throat Chop|[silent]\n|move|p2b: Gholdengo|Make It Rain|p1a: Gholdengo|[spread] p1a,p1b\n|-resisted|p1a: Gholdengo\n|-crit|p1a: Gholdengo\n|-damage|p1a: Gholdengo|38\/100\n|-damage|p1b: Sneasler|0 fnt\n|-unboost|p2b: Gholdengo|spa|1\n|faint|p1b: Sneasler\n|\n|-heal|p2b: Gholdengo|40\/100|[from] Grassy Terrain\n|-heal|p1a: Gholdengo|44\/100|[from] Grassy Terrain\n|upkeep\n|\n|t:|1732982767\n|switch|p1b: Archaludon|Archaludon, L50, M|100\/100\n|turn|2\n|\n|t:|1732982777\n|switch|p2b: Whimsicott|Whimsicott, L50, M|100\/100\n|move|p1b: Archaludon|Electro Shot||[still]\n|-prepare|p1b: Archaludon|Electro Shot\n|-boost|p1b: Archaludon|spa|1\n|-enditem|p1b: Archaludon|Power Herb\n|-anim|p1b: Archaludon|Electro Shot|p2b: Whimsicott\n|-resisted|p2b: Whimsicott\n|-damage|p2b: Whimsicott|59\/100\n|move|p1a: Gholdengo|Nasty Plot|p1a: Gholdengo\n|-boost|p1a: Gholdengo|spa|2\n|move|p2a: Archaludon|Snarl|p1b: Archaludon|[spread] p1b\n|-miss|p2a: Archaludon|p1a: Gholdengo\n|-damage|p1b: Archaludon|82\/100\n|-unboost|p1b: Archaludon|spa|1\n|\n|-heal|p2b: Whimsicott|65\/100|[from] Grassy Terrain\n|-heal|p1b: Archaludon|88\/100|[from] Grassy Terrain\n|-heal|p1a: Gholdengo|49\/100|[from] Grassy Terrain\n|upkeep\n|turn|3\n|inactive|Jesuuuus has 30 seconds left.\n|inactive|Jesuuuus has 20 seconds left.\n|inactive|Jesuuuus has 15 seconds left.\n|inactive|Jesuuuus has 10 seconds left.\n|\n|t:|1732982826\n|move|p2b: Whimsicott|Tailwind|p2b: Whimsicott\n|-sidestart|p2: Jesuuuus|move: Tailwind\n|move|p2a: Archaludon|Dragon Pulse|p1b: Archaludon\n|-damage|p1b: Archaludon|25\/100\n|move|p1b: Archaludon|Dragon Pulse|p2a: Archaludon\n|-damage|p2a: Archaludon|71\/100\n|-ability|p2a: Archaludon|Stamina|boost\n|-boost|p2a: Archaludon|def|1\n|move|p1a: Gholdengo|Shadow Ball|p2a: Archaludon\n|-damage|p2a: Archaludon|17\/100\n|-ability|p2a: Archaludon|Stamina|boost\n|-boost|p2a: Archaludon|def|1\n|\n|-heal|p2b: Whimsicott|71\/100|[from] Grassy Terrain\n|-heal|p2a: Archaludon|23\/100|[from] Grassy Terrain\n|-heal|p1b: Archaludon|31\/100|[from] Grassy Terrain\n|-heal|p1a: Gholdengo|55\/100|[from] Grassy Terrain\n|upkeep\n|turn|4\n|\n|t:|1732982843\n|switch|p1b: Rillaboom|Rillaboom, L50, F|100\/100\n|move|p1a: Gholdengo|Protect|p1a: Gholdengo\n|-singleturn|p1a: Gholdengo|Protect\n|move|p2b: Whimsicott|Tailwind||[still]\n|-fail|p2b: Whimsicott\n|move|p2a: Archaludon|Dragon Pulse|p1b: Rillaboom\n|-damage|p1b: Rillaboom|70\/100\n|\n|-heal|p2b: Whimsicott|77\/100|[from] Grassy Terrain\n|-heal|p2a: Archaludon|29\/100|[from] Grassy Terrain\n|-heal|p1a: Gholdengo|61\/100|[from] Grassy Terrain\n|-heal|p1b: Rillaboom|76\/100|[from] Grassy Terrain\n|upkeep\n|turn|5\n|inactive|Jesuuuus has 30 seconds left.\n|inactive|Jesuuuus has 20 seconds left.\n|inactive|Jesuuuus has 15 seconds left.\n|\n|t:|1732982884\n|move|p1b: Rillaboom|Fake Out|p2a: Archaludon\n|-resisted|p2a: Archaludon\n|-damage|p2a: Archaludon|27\/100\n|-ability|p2a: Archaludon|Stamina|boost\n|-boost|p2a: Archaludon|def|1\n|move|p2b: Whimsicott|Moonblast|p1b: Rillaboom\n|-damage|p1b: Rillaboom|57\/100\n|-unboost|p1b: Rillaboom|spa|1\n|cant|p2a: Archaludon|flinch\n|move|p1a: Gholdengo|Make It Rain|p2b: Whimsicott|[spread] p2a,p2b\n|-resisted|p2a: Archaludon\n|-supereffective|p2b: Whimsicott\n|-damage|p2a: Archaludon|0 fnt\n|-damage|p2b: Whimsicott|0 fnt\n|-unboost|p1a: Gholdengo|spa|1\n|faint|p2a: Archaludon\n|faint|p2b: Whimsicott\n|\n|-heal|p1a: Gholdengo|67\/100|[from] Grassy Terrain\n|-heal|p1b: Rillaboom|63\/100|[from] Grassy Terrain\n|-fieldend|move: Grassy Terrain\n|upkeep\n|\n|t:|1732982888\n|switch|p2b: Gholdengo|Gholdengo, L50|40\/100\n|switch|p2a: Basculegion|Basculegion, L50, M|100\/100\n|turn|6\n|inactive|SeaWolfMikess has 30 seconds left.\n|inactive|Jesuuuus has 30 seconds left.\n|inactive|Jesuuuus has 20 seconds left.\n|inactive|Jesuuuus has 15 seconds left.\n|\n|t:|1732982945\n|switch|p1b: Archaludon|Archaludon, L50, M|31\/100\n|move|p1a: Gholdengo|Protect|p1a: Gholdengo\n|-singleturn|p1a: Gholdengo|Protect\n|move|p2b: Gholdengo|Shadow Ball|p1a: Gholdengo\n|-activate|p1a: Gholdengo|move: Protect\n|move|p2a: Basculegion|Last Respects|p1b: Archaludon\n|-damage|p1b: Archaludon|0 fnt\n|faint|p1b: Archaludon\n|\n|-sideend|p2: Jesuuuus|move: Tailwind\n|upkeep\n|\n|t:|1732982953\n|switch|p1b: Rillaboom|Rillaboom, L50, F|63\/100\n|-fieldstart|move: Grassy Terrain|[from] ability: Grassy Surge|[of] p1b: Rillaboom\n|turn|7\n|\n|t:|1732982966\n|-terastallize|p1a: Gholdengo|Fighting\n|move|p1b: Rillaboom|Grassy Glide|p2a: Basculegion\n|-supereffective|p2a: Basculegion\n|-damage|p2a: Basculegion|29\/100\n|-enditem|p2a: Basculegion|Sitrus Berry|[eat]\n|-heal|p2a: Basculegion|54\/100|[from] item: Sitrus Berry\n|move|p2b: Gholdengo|Shadow Ball|p1a: Gholdengo\n|-damage|p1a: Gholdengo|0 fnt\n|faint|p1a: Gholdengo\n|move|p2a: Basculegion|Last Respects|p1b: Rillaboom\n|-damage|p1b: Rillaboom|0 fnt\n|faint|p1b: Rillaboom\n|\n|win|Jesuuuus\n|raw|SeaWolfMikess's rating: 1726 &rarr; <strong>1707<\/strong><br \/>(-19 for losing)\n|raw|Jesuuuus's rating: 1751 &rarr; <strong>1770<\/strong><br \/>(+19 for winning)\n|l|\u2606SeaWolfMikess\n|player|p1|\n|l| Method Tester\n|l|\u2606Jesuuuus\n|player|p2|\n","uploadtime":1732983113,"views":16,"formatid":"gen9vgc2024regh","rating":1707,"private":0,"password":null}