{"id":"gen9vgc2024regh-2254263333","format":"[Gen 9] VGC 2024 Reg H","players":["anton19","futonkagebunshin"],"log":"|j|\u2606anton19\n|j|\u2606futonkagebunshin\n|t:|1733011714\n|gametype|doubles\n|player|p1|anton19|169|1656\n|player|p2|futonkagebunshin|policeman-gen4|1740\n|teamsize|p1|6\n|teamsize|p2|6\n|gen|9\n|tier|[Gen 9] VGC 2024 Reg H\n|rated|\n|rule|Species Clause: Limit one of each Pok\u00e9mon\n|rule|Item Clause: Limit 1 of each item\n|clearpoke\n|poke|p1|Electabuzz, L50, F|\n|poke|p1|Kingambit, L50, F|\n|poke|p1|Sneasler, L50, M|\n|poke|p1|Rillaboom, L50, M|\n|poke|p1|Primarina, L50, F|\n|poke|p1|Dragonite, L50, F|\n|poke|p2|Whimsicott, L50, M|\n|poke|p2|Chandelure, L50, M|\n|poke|p2|Pelipper, L50, M|\n|poke|p2|Archaludon, L50, M|\n|poke|p2|Overqwil, L50, M|\n|poke|p2|Annihilape, L50, F|\n|teampreview|4\n|inactive|Battle timer is ON: inactive players will automatically lose when time's up. (requested by anton19)\nanton19 has agreed to open team sheets.\n|\n|t:|1733011741\n|start\n|switch|p1a: Electabuzz|Electabuzz, L50, F|100\/100\n|switch|p1b: Primarina|Primarina, L50, F|100\/100\n|switch|p2a: Whimsicott|Whimsicott, L50, M|100\/100\n|switch|p2b: Chandelure|Chandelure, L50, M|100\/100\n|turn|1\n|inactive|futonkagebunshin has 30 seconds left.\n|\n|t:|1733011771\n|-terastallize|p2b: Chandelure|Grass\n|move|p1b: Primarina|Protect|p1b: Primarina\n|-singleturn|p1b: Primarina|Protect\n|move|p2a: Whimsicott|Moonblast|p1b: Primarina\n|-activate|p1b: Primarina|move: Protect\n|move|p1a: Electabuzz|Electroweb|p2b: Chandelure|[spread] p2a,p2b\n|-resisted|p2a: Whimsicott\n|-resisted|p2b: Chandelure\n|-damage|p2a: Whimsicott|89\/100\n|-damage|p2b: Chandelure|93\/100\n|-unboost|p2a: Whimsicott|spe|1\n|-unboost|p2b: Chandelure|spe|1\n|move|p2b: Chandelure|Heat Wave|p1b: Primarina|[spread] p1a\n|-activate|p1b: Primarina|move: Protect\n|-damage|p1a: Electabuzz|51\/100\n|\n|upkeep\n|turn|2\n|\n|t:|1733011794\n|move|p1a: Electabuzz|Follow Me|p1a: Electabuzz\n|-singleturn|p1a: Electabuzz|move: Follow Me\n|move|p2a: Whimsicott|Encore|p1a: Electabuzz\n|-start|p1a: Electabuzz|Encore\n|move|p1b: Primarina|Hyper Voice|p2a: Whimsicott|[spread] p2a,p2b\n|-resisted|p2a: Whimsicott\n|-resisted|p2b: Chandelure\n|-damage|p2a: Whimsicott|63\/100\n|-damage|p2b: Chandelure|75\/100\n|-enditem|p1b: Primarina|Throat Spray\n|-boost|p1b: Primarina|spa|1|[from] item: Throat Spray\n|move|p2b: Chandelure|Heat Wave|p1a: Electabuzz|[spread] p1a,p1b\n|-resisted|p1b: Primarina\n|-damage|p1a: Electabuzz|4\/100\n|-damage|p1b: Primarina|71\/100\n|\n|upkeep\n|turn|3\n|inactive|futonkagebunshin has 30 seconds left.\n|\n|t:|1733011821\n|move|p1a: Electabuzz|Follow Me|p1a: Electabuzz\n|-singleturn|p1a: Electabuzz|move: Follow Me\n|move|p2a: Whimsicott|Tailwind|p2a: Whimsicott\n|-sidestart|p2: futonkagebunshin|move: Tailwind\n|move|p2b: Chandelure|Heat Wave|p1b: Primarina|[spread] p1a,p1b\n|-resisted|p1b: Primarina\n|-damage|p1a: Electabuzz|0 fnt\n|-damage|p1b: Primarina|43\/100\n|faint|p1a: Electabuzz\n|move|p1b: Primarina|Moonblast|p2b: Chandelure\n|-damage|p2b: Chandelure|0 fnt\n|faint|p2b: Chandelure\n|\n|upkeep\n|\n|t:|1733011834\n|switch|p1a: Sneasler|Sneasler, L50, M|100\/100\n|switch|p2b: Annihilape|Annihilape, L50, F|100\/100\n|turn|4\n|inactive|futonkagebunshin has 30 seconds left.\n|\n|t:|1733011863\n|move|p1a: Sneasler|Fake Out|p2a: Whimsicott\n|-crit|p2a: Whimsicott\n|-damage|p2a: Whimsicott|29\/100\n|move|p2b: Annihilape|Rage Fist|p1b: Primarina\n|-damage|p1b: Primarina|20\/100\n|cant|p2a: Whimsicott|flinch\n|move|p1b: Primarina|Moonblast|p2b: Annihilape\n|-supereffective|p2b: Annihilape\n|-damage|p2b: Annihilape|0 fnt\n|faint|p2b: Annihilape\n|\n|upkeep\n|\n|t:|1733011872\n|switch|p2b: Pelipper|Pelipper, L50, M|100\/100\n|-weather|RainDance|[from] ability: Drizzle|[of] p2b: Pelipper\n|turn|5\n|\n|t:|1733011890\n|switch|p1a: Kingambit|Kingambit, L50, F|100\/100\n|move|p2a: Whimsicott|Encore|p1a: Kingambit\n|-hint|Since gen 7, Dark is immune to Prankster moves.\n|-immune|p1a: Kingambit\n|move|p2b: Pelipper|Hurricane|p1b: Primarina\n|-damage|p1b: Primarina|0 fnt\n|faint|p1b: Primarina\n|\n|-weather|RainDance|[upkeep]\n|upkeep\n|\n|t:|1733011897\n|switch|p1b: Sneasler|Sneasler, L50, M|100\/100\n|turn|6\n|\n|t:|1733011918\n|-terastallize|p1a: Kingambit|Dark\n|move|p1b: Sneasler|Fake Out|p2b: Pelipper\n|-damage|p2b: Pelipper|85\/100\n|move|p1a: Kingambit|Sucker Punch|p2a: Whimsicott\n|-resisted|p2a: Whimsicott\n|-damage|p2a: Whimsicott|0 fnt\n|faint|p2a: Whimsicott\n|cant|p2b: Pelipper|flinch\n|\n|-weather|RainDance|[upkeep]\n|-sideend|p2: futonkagebunshin|move: Tailwind\n|upkeep\n|turn|7\n|-message|futonkagebunshin forfeited.\n|\n|win|anton19\n|raw|anton19's rating: 1656 &rarr; <strong>1681<\/strong><br \/>(+25 for winning)\n|raw|futonkagebunshin's rating: 1740 &rarr; <strong>1715<\/strong><br \/>(-25 for losing)\n|l|\u2606futonkagebunshin\n|player|p2|\n|l|\u2606anton19\n|player|p1|\n","uploadtime":1733012159,"views":11,"formatid":"gen9vgc2024regh","rating":1681,"private":0,"password":null}