{"id":"gen9vgc2024regh-2254291360","format":"[Gen 9] VGC 2024 Reg H","players":["ren122333","CarryTheBoats"],"log":"|j|\u2606ren122333\n|j|\u2606CarryTheBoats\n|t:|1733015451\n|gametype|doubles\n|player|p1|ren122333|hilbert|1740\n|player|p2|CarryTheBoats|crasherwake|1824\n|teamsize|p1|6\n|teamsize|p2|6\n|gen|9\n|tier|[Gen 9] VGC 2024 Reg H\n|rated|\n|rule|Species Clause: Limit one of each Pok\u00e9mon\n|rule|Item Clause: Limit 1 of each item\n|clearpoke\n|poke|p1|Whimsicott, L50, F|\n|poke|p1|Mamoswine, L50, M|\n|poke|p1|Lycanroc-Dusk, L50, F|\n|poke|p1|Typhlosion-Hisui, L50, F|\n|poke|p1|Farigiraf, L50, M|\n|poke|p1|Mienshao, L50, F|\n|poke|p2|Archaludon, L50, F|\n|poke|p2|Pelipper, L50, F|\n|poke|p2|Amoonguss, L50, F|\n|poke|p2|Incineroar, L50, F|\n|poke|p2|Basculegion, L50, M|\n|poke|p2|Dragonite, L50, F|\n|teampreview|4\n|inactive|Battle timer is ON: inactive players will automatically lose when time's up. (requested by ren122333)\n|inactive|CarryTheBoats has 60 seconds left.\n|\n|t:|1733015519\n|start\n|switch|p1a: Whimsicott|Whimsicott, L50, F|100\/100\n|switch|p1b: Mamoswine|Mamoswine, L50, M|100\/100\n|switch|p2a: Dragonite|Dragonite, L50, F|100\/100\n|switch|p2b: Archaludon|Archaludon, L50, F, shiny|100\/100\n|turn|1\n|\n|t:|1733015536\n|-terastallize|p2b: Archaludon|Bug\n|move|p1a: Whimsicott|Tailwind|p1a: Whimsicott\n|-sidestart|p1: ren122333|move: Tailwind\n|move|p1b: Mamoswine|Icicle Crash|p2a: Dragonite\n|-supereffective|p2a: Dragonite\n|-damage|p2a: Dragonite|0 fnt\n|faint|p2a: Dragonite\n|move|p2b: Archaludon|Flash Cannon|p1a: Whimsicott\n|-supereffective|p1a: Whimsicott\n|-enditem|p1a: Whimsicott|Focus Sash\n|-damage|p1a: Whimsicott|1\/100\n|\n|upkeep\n|\n|t:|1733015543\n|switch|p2a: Incineroar|Incineroar, L50, F, shiny|100\/100\n|-ability|p2a: Incineroar|Intimidate|boost\n|-unboost|p1a: Whimsicott|atk|1\n|-fail|p1b: Mamoswine|unboost|Attack|[from] ability: Oblivious|[of] p1b: Mamoswine\n|turn|2\n|\n|t:|1733015554\n|switch|p1a: Typhlosion|Typhlosion-Hisui, L50, F|100\/100\n|-item|p2a: Incineroar|Safety Goggles|[from] ability: Frisk|[of] p1a: Typhlosion\n|-item|p2b: Archaludon|Assault Vest|[from] ability: Frisk|[of] p1a: Typhlosion\n|switch|p2a: Pelipper|Pelipper, L50, F|100\/100\n|-weather|RainDance|[from] ability: Drizzle|[of] p2a: Pelipper\n|move|p1b: Mamoswine|High Horsepower|p2a: Pelipper\n|-immune|p2a: Pelipper\n|move|p2b: Archaludon|Electro Shot||[still]\n|-prepare|p2b: Archaludon|Electro Shot\n|-boost|p2b: Archaludon|spa|1\n|-anim|p2b: Archaludon|Electro Shot|p1a: Typhlosion\n|-damage|p1a: Typhlosion|21\/100\n|\n|-weather|RainDance|[upkeep]\n|upkeep\n|turn|3\n|\n|t:|1733015566\n|move|p1a: Typhlosion|Shadow Ball|p2a: Pelipper\n|-damage|p2a: Pelipper|5\/100\n|move|p1b: Mamoswine|Icicle Crash|p2a: Pelipper\n|-damage|p2a: Pelipper|0 fnt\n|faint|p2a: Pelipper\n|move|p2b: Archaludon|Electro Shot||[still]\n|-prepare|p2b: Archaludon|Electro Shot\n|-boost|p2b: Archaludon|spa|1\n|-anim|p2b: Archaludon|Electro Shot|p1a: Typhlosion\n|-damage|p1a: Typhlosion|0 fnt\n|faint|p1a: Typhlosion\n|\n|-weather|RainDance|[upkeep]\n|upkeep\n|\n|t:|1733015577\n|switch|p1a: Whimsicott|Whimsicott, L50, F|1\/100\n|switch|p2a: Incineroar|Incineroar, L50, F, shiny|100\/100\n|-ability|p2a: Incineroar|Intimidate|boost\n|-unboost|p1a: Whimsicott|atk|1\n|-fail|p1b: Mamoswine|unboost|Attack|[from] ability: Oblivious|[of] p1b: Mamoswine\n|turn|4\n|\n|t:|1733015584\n|-terastallize|p1a: Whimsicott|Ghost\n|move|p2a: Incineroar|Fake Out|p1b: Mamoswine\n|-damage|p1b: Mamoswine|85\/100\n|move|p1a: Whimsicott|Sunny Day|p1a: Whimsicott\n|-weather|SunnyDay\n|cant|p1b: Mamoswine|flinch\n|move|p2b: Archaludon|Flash Cannon|p1b: Mamoswine\n|-supereffective|p1b: Mamoswine\n|-damage|p1b: Mamoswine|0 fnt\n|faint|p1b: Mamoswine\n|\n|-weather|SunnyDay|[upkeep]\n|-sideend|p1: ren122333|move: Tailwind\n|upkeep\n|\n|t:|1733015588\n|switch|p1b: Mienshao|Mienshao, L50, F|100\/100\n|turn|5\n|\n|t:|1733015608\n|move|p1a: Whimsicott|Moonblast|p2b: Archaludon\n|-crit|p2b: Archaludon\n|-damage|p2b: Archaludon|56\/100\n|-ability|p2b: Archaludon|Stamina|boost\n|-boost|p2b: Archaludon|def|1\n|move|p1b: Mienshao|Close Combat|p2a: Incineroar\n|-supereffective|p2a: Incineroar\n|-damage|p2a: Incineroar|0 fnt\n|-unboost|p1b: Mienshao|def|1\n|-unboost|p1b: Mienshao|spd|1\n|faint|p2a: Incineroar\n|-damage|p1b: Mienshao|91\/100|[from] item: Life Orb\n|move|p2b: Archaludon|Flash Cannon|p1a: Whimsicott\n|-damage|p1a: Whimsicott|0 fnt\n|faint|p1a: Whimsicott\n|\n|-weather|SunnyDay|[upkeep]\n|upkeep\n|turn|6\n|\n|t:|1733015618\n|move|p1b: Mienshao|Knock Off|p2b: Archaludon\n|-damage|p2b: Archaludon|35\/100\n|-ability|p2b: Archaludon|Stamina|boost\n|-boost|p2b: Archaludon|def|1\n|-enditem|p2b: Archaludon|Assault Vest|[from] move: Knock Off|[of] p1b: Mienshao\n|-damage|p1b: Mienshao|81\/100|[from] item: Life Orb\n|move|p2b: Archaludon|Dragon Pulse|p1b: Mienshao\n|-damage|p1b: Mienshao|0 fnt\n|faint|p1b: Mienshao\n|\n|win|CarryTheBoats\n|raw|ren122333's rating: 1740 &rarr; <strong>1725<\/strong><br \/>(-15 for losing)\n|raw|CarryTheBoats's rating: 1824 &rarr; <strong>1839<\/strong><br \/>(+15 for winning)\n|l|\u2606ren122333\n|player|p1|\n|l|\u2606CarryTheBoats\n|player|p2|\n","uploadtime":1733015819,"views":9,"formatid":"gen9vgc2024regh","rating":1725,"private":0,"password":null}