{"id":"gen9vgc2024regh-2254814741","format":"[Gen 9] VGC 2024 Reg H","players":["ildrarVGC","guardian riser"],"log":"|j|\u2606ildrarVGC\n|j|\u2606guardian riser\n|t:|1733094244\n|gametype|doubles\n|player|p1|ildrarVGC|steven|1666\n|player|p2|guardian riser|102|1769\n|teamsize|p1|6\n|teamsize|p2|6\n|gen|9\n|tier|[Gen 9] VGC 2024 Reg H\n|rated|\n|rule|Species Clause: Limit one of each Pok\u00e9mon\n|rule|Item Clause: Limit 1 of each item\n|clearpoke\n|poke|p1|Dondozo, L50, M|\n|poke|p1|Tatsugiri, L50, M|\n|poke|p1|Archaludon, L50, M|\n|poke|p1|Gholdengo, L50|\n|poke|p1|Whimsicott, L50, F|\n|poke|p1|Typhlosion-Hisui, L50, M|\n|poke|p2|Sneasler, L50, M|\n|poke|p2|Volcarona, L50, F|\n|poke|p2|Garganacl, L50, F|\n|poke|p2|Meowscarada, L50, F|\n|poke|p2|Dragonite, L50, F|\n|poke|p2|Indeedee, L50, M|\n|teampreview|4\nildrarVGC rejected open team sheets.\n|j| talecale9\n|j| futonkagebunshin\n|l| futonkagebunshin\n|j| futonkagebunshin\n|c|\u2606guardian riser|why would anyone ever spectate someone else's showdown game? have you really nothing better to do?\n|inactive|Battle timer is ON: inactive players will automatically lose when time's up. (requested by guardian riser)\n|\n|t:|1733094345\n|start\n|switch|p1a: Gholdengo|Gholdengo, L50|100\/100\n|switch|p1b: Dondozo|Dondozo, L50, M|100\/100\n|switch|p2a: Sneasler|Sneasler, L50, M|100\/100\n|switch|p2b: Indeedee|Indeedee, L50, M|100\/100\n|-fieldstart|move: Psychic Terrain|[from] ability: Psychic Surge|[of] p2b: Indeedee\n|-enditem|p2a: Sneasler|Psychic Seed\n|-boost|p2a: Sneasler|spd|1|[from] item: Psychic Seed\n|turn|1\n|inactive|ildrarVGC has 30 seconds left.\n|\n|t:|1733094378\n|switch|p1a: Tatsugiri|Tatsugiri, L50, M|100\/100\n|-activate|p1a: Tatsugiri|ability: Commander|[of] p1b: Dondozo\n|-boost|p1b: Dondozo|atk|2\n|-boost|p1b: Dondozo|spa|2\n|-boost|p1b: Dondozo|spe|2\n|-boost|p1b: Dondozo|def|2\n|-boost|p1b: Dondozo|spd|2\n|move|p2a: Sneasler|Throat Chop|p1a: Tatsugiri|[miss]\n|-miss|p2a: Sneasler|p1a: Tatsugiri\n|move|p2b: Indeedee|Expanding Force|p1b: Dondozo|[spread] p1b\n|-miss|p2b: Indeedee|p1a: Tatsugiri\n|-damage|p1b: Dondozo|79\/100\n|move|p1b: Dondozo|Earthquake|p2a: Sneasler|[spread] p2a,p2b\n|-miss|p1b: Dondozo|p1a: Tatsugiri\n|-supereffective|p2a: Sneasler\n|-damage|p2a: Sneasler|0 fnt\n|-damage|p2b: Indeedee|11\/100\n|faint|p2a: Sneasler\n|\n|upkeep\n|\n|t:|1733094382\n|switch|p2a: Meowscarada|Meowscarada, L50, F|100\/100\n|turn|2\n|inactive|ildrarVGC has 30 seconds left.\n|\n|t:|1733094408\n|-terastallize|p1b: Dondozo|Steel\n|-terastallize|p2a: Meowscarada|Grass\n|move|p2b: Indeedee|Expanding Force|p1b: Dondozo|[spread] p1b\n|-miss|p2b: Indeedee|p1a: Tatsugiri\n|-resisted|p1b: Dondozo\n|-damage|p1b: Dondozo|67\/100\n|move|p1b: Dondozo|Order Up|p2b: Indeedee\n|-damage|p2b: Indeedee|0 fnt\n|faint|p2b: Indeedee\n|-boost|p1b: Dondozo|atk|1\n|move|p2a: Meowscarada|Flower Trick|p1b: Dondozo\n|-resisted|p1b: Dondozo\n|-crit|p1b: Dondozo\n|-damage|p1b: Dondozo|42\/100\n|\n|upkeep\n|\n|t:|1733094414\n|switch|p2b: Garganacl|Garganacl, L50, F|100\/100\n|turn|3\n|l| futonkagebunshin\n|inactive|ildrarVGC has 30 seconds left.\n|\n|t:|1733094441\n|move|p2b: Garganacl|Protect|p2b: Garganacl\n|-singleturn|p2b: Garganacl|Protect\n|move|p1b: Dondozo|Wave Crash|p2b: Garganacl\n|-activate|p2b: Garganacl|move: Protect\n|move|p2a: Meowscarada|Flower Trick|p1b: Dondozo\n|-resisted|p1b: Dondozo\n|-crit|p1b: Dondozo\n|-damage|p1b: Dondozo|15\/100\n|\n|upkeep\n|turn|4\n|\n|t:|1733094452\n|move|p1b: Dondozo|Wave Crash|p2b: Garganacl\n|-supereffective|p2b: Garganacl\n|-crit|p2b: Garganacl\n|-damage|p2b: Garganacl|0 fnt\n|faint|p2b: Garganacl\n|-damage|p1b: Dondozo|0 fnt|[from] Recoil\n|faint|p1b: Dondozo\n|move|p2a: Meowscarada|Flower Trick|p1a: Tatsugiri\n|-crit|p1a: Tatsugiri\n|-enditem|p1a: Tatsugiri|Focus Sash\n|-damage|p1a: Tatsugiri|1\/100\n|\n|upkeep\n|\n|t:|1733094466\n|switch|p1b: Whimsicott|Whimsicott, L50, F|100\/100\n|turn|5\n|\n|t:|1733094478\n|move|p1a: Tatsugiri|Protect|p1a: Tatsugiri\n|-singleturn|p1a: Tatsugiri|Protect\n|move|p1b: Whimsicott|Tailwind|p1b: Whimsicott\n|-sidestart|p1: ildrarVGC|move: Tailwind\n|move|p2a: Meowscarada|Flower Trick|p1b: Whimsicott\n|-resisted|p1b: Whimsicott\n|-crit|p1b: Whimsicott\n|-damage|p1b: Whimsicott|65\/100\n|\n|-fieldend|move: Psychic Terrain\n|upkeep\n|turn|6\n|l| talecale9\n|j| talecale9\n|\n|t:|1733094499\n|move|p1b: Whimsicott|Encore|p2a: Meowscarada\n|-start|p2a: Meowscarada|Encore\n|move|p1a: Tatsugiri|Dragon Pulse|p2a: Meowscarada\n|-damage|p2a: Meowscarada|33\/100\n|move|p2a: Meowscarada|Flower Trick|p1b: Whimsicott\n|-resisted|p1b: Whimsicott\n|-crit|p1b: Whimsicott\n|-damage|p1b: Whimsicott|12\/100\n|\n|upkeep\n|turn|7\n|-message|guardian riser forfeited.\n|\n|win|ildrarVGC\n|raw|ildrarVGC's rating: 1666 &rarr; <strong>1692<\/strong><br \/>(+26 for winning)\n|raw|guardian riser's rating: 1769 &rarr; <strong>1743<\/strong><br \/>(-26 for losing)\n|l|\u2606guardian riser\n|player|p2|\n|l|\u2606ildrarVGC\n|player|p1|\n","uploadtime":1733094642,"views":11,"formatid":"gen9vgc2024regh","rating":1692,"private":0,"password":null}