{"id":"gen9vgc2024regh-2254262064","format":"[Gen 9] VGC 2024 Reg H","players":["Diddle08","la bella de easo"],"log":"|j|\u2606Diddle08\n|j|\u2606la bella de easo\n|t:|1733011549\n|gametype|doubles\n|player|p1|Diddle08|acetrainer|1715\n|player|p2|la bella de easo|102|1679\n|teamsize|p1|6\n|teamsize|p2|6\n|gen|9\n|tier|[Gen 9] VGC 2024 Reg H\n|rated|\n|rule|Species Clause: Limit one of each Pok\u00e9mon\n|rule|Item Clause: Limit 1 of each item\n|clearpoke\n|poke|p1|Blastoise, L50, M|\n|poke|p1|Indeedee-F, L50, F|\n|poke|p1|Sneasler, L50, M|\n|poke|p1|Delphox, L50, M|\n|poke|p1|Murkrow, L50, F|\n|poke|p1|Meowscarada, L50, F|\n|poke|p2|Pelipper, L50, M|\n|poke|p2|Archaludon, L50, M|\n|poke|p2|Incineroar, L50, M|\n|poke|p2|Amoonguss, L50, M|\n|poke|p2|Basculegion, L50, M|\n|poke|p2|Dragonite, L50, M|\n|teampreview|4\n|inactive|Battle timer is ON: inactive players will automatically lose when time's up. (requested by Diddle08)\n|\n|t:|1733011586\n|start\n|switch|p1a: Blastoise|Blastoise, L50, M|100\/100\n|switch|p1b: Delphox|Delphox, L50, M|100\/100\n|switch|p2a: Incineroar|Incineroar, L50, M, shiny|100\/100\n|switch|p2b: Archaludon|Archaludon, L50, M, shiny|100\/100\n|-ability|p2a: Incineroar|Intimidate|boost\n|-unboost|p1a: Blastoise|atk|1\n|-unboost|p1b: Delphox|atk|1\n|turn|1\n|inactive|Diddle08 has 30 seconds left.\n|inactive|la bella de easo has 30 seconds left.\n|\n|t:|1733011620\n|switch|p2a: Pelipper|Pelipper, L50, M|100\/100\n|-weather|RainDance|[from] ability: Drizzle|[of] p2a: Pelipper\n|-terastallize|p2b: Archaludon|Grass\n|move|p1a: Blastoise|Water Spout|p2b: Archaludon|[spread] p2a,p2b\n|-resisted|p2a: Pelipper\n|-resisted|p2b: Archaludon\n|-damage|p2a: Pelipper|36\/100\n|-damage|p2b: Archaludon|75\/100\n|-ability|p2b: Archaludon|Stamina|boost\n|-boost|p2b: Archaludon|def|1\n|move|p1b: Delphox|Heat Wave|p2a: Pelipper|[spread] p2a,p2b\n|-resisted|p2a: Pelipper\n|-supereffective|p2b: Archaludon\n|-crit|p2b: Archaludon\n|-damage|p2a: Pelipper|16\/100\n|-damage|p2b: Archaludon|30\/100\n|-ability|p2b: Archaludon|Stamina|boost\n|-boost|p2b: Archaludon|def|1\n|-damage|p1b: Delphox|91\/100|[from] item: Life Orb\n|move|p2b: Archaludon|Electro Shot||[still]\n|-prepare|p2b: Archaludon|Electro Shot\n|-boost|p2b: Archaludon|spa|1\n|-anim|p2b: Archaludon|Electro Shot|p1a: Blastoise\n|-supereffective|p1a: Blastoise\n|-damage|p1a: Blastoise|0 fnt\n|faint|p1a: Blastoise\n|\n|-weather|RainDance|[upkeep]\n|upkeep\n|inactive|Diddle08 has 30 seconds left.\n|\n|t:|1733011647\n|switch|p1a: Sneasler|Sneasler, L50, M|100\/100\n|turn|2\n|inactive|Diddle08 has 30 seconds left.\n|\n|t:|1733011678\n|switch|p2b: Incineroar|Incineroar, L50, M, shiny|100\/100\n|-ability|p2b: Incineroar|Intimidate|boost\n|-unboost|p1a: Sneasler|atk|1\n|-unboost|p1b: Delphox|atk|1\n|-terastallize|p1a: Sneasler|Stellar\n|move|p2a: Pelipper|Muddy Water|p1a: Sneasler|[spread] p1a,p1b\n|-supereffective|p1b: Delphox\n|-damage|p1a: Sneasler|42\/100\n|-damage|p1b: Delphox|0 fnt\n|-unboost|p1a: Sneasler|accuracy|1\n|faint|p1b: Delphox\n|move|p1a: Sneasler|Close Combat|p2b: Incineroar\n|-supereffective|p2b: Incineroar\n|-damage|p2b: Incineroar|0 fnt\n|-unboost|p1a: Sneasler|def|1\n|-unboost|p1a: Sneasler|spd|1\n|faint|p2b: Incineroar\n|\n|-weather|RainDance|[upkeep]\n|upkeep\n|j| futonkagebunshin\n|\n|t:|1733011701\n|switch|p1b: Indeedee|Indeedee-F, L50, F|100\/100\n|switch|p2b: Archaludon|Archaludon, L50, M, shiny, tera:Grass|30\/100\n|-fieldstart|move: Psychic Terrain|[from] ability: Psychic Surge|[of] p1b: Indeedee\n|-enditem|p1a: Sneasler|Psychic Seed\n|-boost|p1a: Sneasler|spd|1|[from] item: Psychic Seed\n|turn|3\n|j| Wolfey888\n|inactive|la bella de easo has 30 seconds left.\n|\n|t:|1733011727\n|move|p1a: Sneasler|Protect|p1a: Sneasler\n|-singleturn|p1a: Sneasler|Protect\n|move|p2a: Pelipper|Muddy Water|p1a: Sneasler|[spread] \n|-activate|p1a: Sneasler|move: Protect\n|-miss|p2a: Pelipper|p1b: Indeedee\n|move|p2b: Archaludon|Electro Shot||[still]\n|-prepare|p2b: Archaludon|Electro Shot\n|-boost|p2b: Archaludon|spa|1\n|-anim|p2b: Archaludon|Electro Shot|p1a: Sneasler\n|-activate|p1a: Sneasler|move: Protect\n|move|p1b: Indeedee|Dazzling Gleam|p2a: Pelipper|[spread] p2a,p2b\n|-damage|p2a: Pelipper|0 fnt\n|-damage|p2b: Archaludon|22\/100\n|-ability|p2b: Archaludon|Stamina|boost\n|-boost|p2b: Archaludon|def|1\n|faint|p2a: Pelipper\n|\n|-weather|RainDance|[upkeep]\n|upkeep\n|\n|t:|1733011746\n|switch|p2a: Dragonite|Dragonite, L50, M|100\/100\n|turn|4\n|inactive|Diddle08 has 30 seconds left.\n|\n|t:|1733011781\n|move|p1b: Indeedee|Follow Me|p1b: Indeedee\n|-singleturn|p1b: Indeedee|move: Follow Me\n|move|p1a: Sneasler|Dire Claw|p2b: Archaludon\n|-supereffective|p2b: Archaludon\n|-damage|p2b: Archaludon|0 fnt\n|faint|p2b: Archaludon\n|move|p2a: Dragonite|Scale Shot|p1b: Indeedee\n|-damage|p1b: Indeedee|85\/100\n|-damage|p1b: Indeedee|72\/100\n|-damage|p1b: Indeedee|58\/100\n|-damage|p1b: Indeedee|44\/100\n|-damage|p1b: Indeedee|30\/100\n|-hitcount|p1b: Indeedee|5\n|-unboost|p2a: Dragonite|def|1\n|-boost|p2a: Dragonite|spe|1\n|\n|-weather|RainDance|[upkeep]\n|upkeep\n|turn|5\n|inactive|Diddle08 has 30 seconds left.\n|\n|t:|1733011809\n|move|p1a: Sneasler|Dire Claw|p2a: Dragonite\n|-damage|p2a: Dragonite|77\/100\n|move|p2a: Dragonite|Scale Shot|p1b: Indeedee\n|-damage|p1b: Indeedee|16\/100\n|-damage|p1b: Indeedee|2\/100\n|-damage|p1b: Indeedee|0 fnt\n|faint|p1b: Indeedee\n|-hitcount|p1: Indeedee|3\n|-unboost|p2a: Dragonite|def|1\n|-boost|p2a: Dragonite|spe|1\n|\n|-weather|none\n|upkeep\n|turn|6\n|\n|t:|1733011834\n|move|p2a: Dragonite|Protect|p2a: Dragonite\n|-singleturn|p2a: Dragonite|Protect\n|move|p1a: Sneasler|Throat Chop|p2a: Dragonite\n|-activate|p2a: Dragonite|move: Protect\n|\n|upkeep\n|turn|7\n|\n|t:|1733011842\n|move|p1a: Sneasler|Throat Chop|p2a: Dragonite\n|-damage|p2a: Dragonite|20\/100\n|-start|p2a: Dragonite|Throat Chop|[silent]\n|move|p2a: Dragonite|Scale Shot|p1a: Sneasler\n|-damage|p1a: Sneasler|6\/100\n|-damage|p1a: Sneasler|0 fnt\n|faint|p1a: Sneasler\n|-hitcount|p1: Sneasler|2\n|\n|win|la bella de easo\n|raw|Diddle08's rating: 1715 &rarr; <strong>1693<\/strong><br \/>(-22 for losing)\n|raw|la bella de easo's rating: 1679 &rarr; <strong>1701<\/strong><br \/>(+22 for winning)\n|l| Wolfey888\n|l|\u2606Diddle08\n|player|p1|\n|l|\u2606la bella de easo\n|player|p2|\n","uploadtime":1733012020,"views":38,"formatid":"gen9vgc2024regh","rating":1693,"private":0,"password":null}