{"id":"gen9vgc2024regh-2254539340","format":"[Gen 9] VGC 2024 Reg H","players":["pokequimico","marcxhenry"],"log":"|j|\u2606pokequimico\n|j|\u2606marcxhenry\n|t:|1733059358\n|gametype|doubles\n|player|p1|pokequimico|lucas|1753\n|player|p2|marcxhenry|plasmagrunt-gen5bw|1728\n|teamsize|p1|6\n|teamsize|p2|6\n|gen|9\n|tier|[Gen 9] VGC 2024 Reg H\n|rated|\n|rule|Species Clause: Limit one of each Pok\u00e9mon\n|rule|Item Clause: Limit 1 of each item\n|clearpoke\n|poke|p1|Sneasler, L50, F|\n|poke|p1|Kingambit, L50, F|\n|poke|p1|Dragonite, L50, M|\n|poke|p1|Basculegion, L50, M|\n|poke|p1|Rillaboom, L50, M|\n|poke|p1|Volcarona, L50, M|\n|poke|p2|Tatsugiri, L50, M|\n|poke|p2|Weezing-Galar, L50, M|\n|poke|p2|Indeedee-F, L50, F|\n|poke|p2|Armarouge, L50, M|\n|poke|p2|Slaking, L50, M|\n|poke|p2|Dondozo, L50, M|\n|teampreview|4\n|j| Alkagen101\n|\n|t:|1733059404\n|start\n|switch|p1a: Basculegion|Basculegion, L50, M|100\/100\n|switch|p1b: Dragonite|Dragonite, L50, M|100\/100\n|switch|p2a: Weezing|Weezing-Galar, L50, M|100\/100\n|switch|p2b: Slaking|Slaking, L50, M, shiny|100\/100\n|-ability|p2a: Weezing|Neutralizing Gas\n|turn|1\n|\n|t:|1733059423\n|-terastallize|p2a: Weezing|Water\n|move|p1a: Basculegion|Flip Turn|p2b: Slaking\n|-damage|p2b: Slaking|77\/100\n|\n|t:|1733059429\n|switch|p1a: Kingambit|Kingambit, L50, F|100\/100|[from] Flip Turn\n|move|p2b: Slaking|Knock Off|p1a: Kingambit\n|-resisted|p1a: Kingambit\n|-damage|p1a: Kingambit|81\/100\n|-enditem|p1a: Kingambit|Safety Goggles|[from] move: Knock Off|[of] p2b: Slaking\n|-damage|p2b: Slaking|67\/100|[from] item: Life Orb\n|move|p1b: Dragonite|Scale Shot|p2b: Slaking\n|-damage|p2b: Slaking|56\/100\n|-damage|p2b: Slaking|44\/100\n|-damage|p2b: Slaking|32\/100\n|-damage|p2b: Slaking|21\/100\n|-hitcount|p2b: Slaking|4\n|-unboost|p1b: Dragonite|def|1\n|-boost|p1b: Dragonite|spe|1\n|move|p2a: Weezing|Will-O-Wisp|p1b: Dragonite\n|-status|p1b: Dragonite|brn\n|\n|-damage|p1b: Dragonite|95\/100 brn|[from] brn\n|upkeep\n|turn|2\n|j|+boe(*\u02d8\ufe36\u02d8*)...\/*\u2661\n|\n|t:|1733059480\n|-end|p2a: Weezing|ability: Neutralizing Gas\n|switch|p2a: Sally|Indeedee-F, L50, F, shiny|100\/100\n|-fieldstart|move: Psychic Terrain|[from] ability: Psychic Surge|[of] p2a: Sally\n|move|p1a: Kingambit|Protect|p1a: Kingambit\n|-singleturn|p1a: Kingambit|Protect\n|move|p1b: Dragonite|Scale Shot|p2a: Sally\n|-damage|p2a: Sally|94\/100\n|-damage|p2a: Sally|87\/100\n|-damage|p2a: Sally|80\/100\n|-damage|p2a: Sally|73\/100\n|-damage|p2a: Sally|67\/100\n|-hitcount|p2a: Sally|5\n|-unboost|p1b: Dragonite|def|1\n|-boost|p1b: Dragonite|spe|1\n|move|p2b: Slaking|Drain Punch|p1a: Kingambit\n|-activate|p1a: Kingambit|move: Protect\n|\n|-damage|p1b: Dragonite|89\/100 brn|[from] brn\n|upkeep\n|turn|3\n|\n|t:|1733059510\n|switch|p2b: Renault|Armarouge, L50, M, shiny|100\/100\n|switch|p1a: Basculegion|Basculegion, L50, M|100\/100\n|move|p1b: Dragonite|Scale Shot|p2b: Renault|[miss]\n|-miss|p1b: Dragonite|p2b: Renault\n|move|p2a: Sally|Trick Room|p2a: Sally\n|-fieldstart|move: Trick Room|[of] p2a: Sally\n|\n|-damage|p1b: Dragonite|83\/100 brn|[from] brn\n|upkeep\n|turn|4\n|\n|t:|1733059528\n|switch|p1b: Rillaboom|Rillaboom, L50, M|100\/100\n|-fieldstart|move: Grassy Terrain|[from] ability: Grassy Surge|[of] p1b: Rillaboom\n|move|p2a: Sally|Follow Me|p2a: Sally\n|-singleturn|p2a: Sally|move: Follow Me\n|move|p1a: Basculegion|Aqua Jet|p2a: Sally\n|-damage|p2a: Sally|44\/100\n|-damage|p1a: Basculegion|84\/100|[from] item: Rocky Helmet|[of] p2a: Sally\n|move|p2b: Renault|Heat Wave|p1a: Basculegion|[spread] p1a,p1b\n|-resisted|p1a: Basculegion\n|-supereffective|p1b: Rillaboom\n|-damage|p1a: Basculegion|63\/100\n|-damage|p1b: Rillaboom|44\/100\n|\n|-heal|p2a: Sally|50\/100|[from] Grassy Terrain\n|-heal|p1b: Rillaboom|50\/100|[from] Grassy Terrain\n|-heal|p1a: Basculegion|69\/100|[from] Grassy Terrain\n|upkeep\n|turn|5\n|\n|t:|1733059547\n|switch|p1a: Kingambit|Kingambit, L50, F|81\/100\n|-terastallize|p1b: Rillaboom|Fire\n|move|p2a: Sally|Follow Me|p2a: Sally\n|-singleturn|p2a: Sally|move: Follow Me\n|move|p2b: Renault|Heat Wave|p1a: Kingambit|[spread] p1a,p1b\n|-supereffective|p1a: Kingambit\n|-resisted|p1b: Rillaboom\n|-damage|p1a: Kingambit|9\/100\n|-damage|p1b: Rillaboom|37\/100\n|move|p1b: Rillaboom|Wood Hammer|p2a: Sally\n|-damage|p2a: Sally|0 fnt\n|-damage|p1b: Rillaboom|20\/100|[from] item: Rocky Helmet|[of] p2a: Sally\n|faint|p2a: Sally\n|-damage|p1b: Rillaboom|6\/100|[from] Recoil\n|\n|-heal|p1a: Kingambit|15\/100|[from] Grassy Terrain\n|-heal|p1b: Rillaboom|12\/100|[from] Grassy Terrain\n|upkeep\n|inactive|Battle timer is ON: inactive players will automatically lose when time's up. (requested by pokequimico)\n|\n|t:|1733059564\n|switch|p2a: Weezing|Weezing-Galar, L50, M, tera:Water|100\/100\n|-ability|p2a: Weezing|Neutralizing Gas\n|turn|6\n|inactive|pokequimico has 30 seconds left.\n|\n|t:|1733059592\n|move|p2b: Renault|Wide Guard|p2b: Renault\n|-singleturn|p2b: Renault|Wide Guard\n|move|p1a: Kingambit|Sucker Punch|p2a: Weezing\n|-damage|p2a: Weezing|67\/100\n|move|p1b: Rillaboom|Grassy Glide|p2a: Weezing\n|-supereffective|p2a: Weezing\n|-damage|p2a: Weezing|0 fnt\n|faint|p2a: Weezing\n|-end|p2a: Weezing|ability: Neutralizing Gas\n|\n|-heal|p1a: Kingambit|21\/100|[from] Grassy Terrain\n|-heal|p1b: Rillaboom|18\/100|[from] Grassy Terrain\n|upkeep\n|\n|t:|1733059604\n|switch|p2a: Slaking|Slaking, L50, M, shiny|21\/100\n|turn|7\n|\n|t:|1733059627\n|move|p1b: Rillaboom|Grassy Glide|p2a: Slaking\n|-damage|p2a: Slaking|0 fnt\n|faint|p2a: Slaking\n|move|p1a: Kingambit|Kowtow Cleave|p2b: Renault\n|-supereffective|p2b: Renault\n|-damage|p2b: Renault|9\/100\n|move|p2b: Renault|Heat Wave|p1a: Kingambit|[spread] p1a,p1b\n|-supereffective|p1a: Kingambit\n|-resisted|p1b: Rillaboom\n|-damage|p1a: Kingambit|0 fnt\n|-damage|p1b: Rillaboom|4\/100\n|faint|p1a: Kingambit\n|\n|-heal|p2b: Renault|15\/100|[from] Grassy Terrain\n|-heal|p1b: Rillaboom|10\/100|[from] Grassy Terrain\n|-fieldend|move: Trick Room\n|upkeep\n|\n|t:|1733059639\n|switch|p1a: Basculegion|Basculegion, L50, M|69\/100\n|turn|8\n|-message|marcxhenry forfeited.\n|\n|win|pokequimico\n|raw|pokequimico's rating: 1753 &rarr; <strong>1772<\/strong><br \/>(+19 for winning)\n|raw|marcxhenry's rating: 1728 &rarr; <strong>1709<\/strong><br \/>(-19 for losing)\n|l|\u2606marcxhenry\n|player|p2|\n|l|+boe(*\u02d8\ufe36\u02d8*)...\/*\u2661\n|l|\u2606pokequimico\n|player|p1|\n","uploadtime":1733059829,"views":15,"formatid":"gen9vgc2024regh","rating":1709,"private":0,"password":null}