{"id":"gen9vgc2024regh-2254149261","format":"[Gen 9] VGC 2024 Reg H","players":["Nerd159","guardian riser"],"log":"|j|\u2606Nerd159\n|j|\u2606guardian riser\n|t:|1732997273\n|gametype|doubles\n|player|p1|Nerd159|169|1718\n|player|p2|guardian riser|170|1697\n|teamsize|p1|6\n|teamsize|p2|6\n|gen|9\n|tier|[Gen 9] VGC 2024 Reg H\n|rated|\n|rule|Species Clause: Limit one of each Pok\u00e9mon\n|rule|Item Clause: Limit 1 of each item\n|clearpoke\n|poke|p1|Charizard, L50, M|\n|poke|p1|Indeedee-F, L50, F|\n|poke|p1|Kommo-o, L50, F|\n|poke|p1|Sinistcha, L50|\n|poke|p1|Gholdengo, L50|\n|poke|p1|Murkrow, L50, F|\n|poke|p2|Sneasler, L50, M|\n|poke|p2|Volcarona, L50, M|\n|poke|p2|Garganacl, L50, M|\n|poke|p2|Meowscarada, L50, M|\n|poke|p2|Dragonite, L50, F|\n|poke|p2|Indeedee, L50, M|\n|teampreview|4\n|\n|t:|1732997296\n|start\n|switch|p1a: Charizard|Charizard, L50, M|100\/100\n|switch|p1b: Indeedee|Indeedee-F, L50, F|100\/100\n|switch|p2a: Sneasler|Sneasler, L50, M|100\/100\n|switch|p2b: Indeedee|Indeedee, L50, M|100\/100\n|-fieldstart|move: Psychic Terrain|[from] ability: Psychic Surge|[of] p2b: Indeedee\n|-enditem|p2a: Sneasler|Psychic Seed\n|-boost|p2a: Sneasler|spd|1|[from] item: Psychic Seed\n|-enditem|p1b: Indeedee|Psychic Seed\n|-boost|p1b: Indeedee|spd|1|[from] item: Psychic Seed\n|turn|1\n|inactive|Battle timer is ON: inactive players will automatically lose when time's up. (requested by Nerd159)\n|j| Porksub\n|inactive|guardian riser has 60 seconds left.\n|\n|t:|1732997330\n|-terastallize|p1a: Charizard|Ground\n|move|p1b: Indeedee|Protect|p1b: Indeedee\n|-singleturn|p1b: Indeedee|Protect\n|move|p2a: Sneasler|Throat Chop|p1b: Indeedee\n|-activate|p1b: Indeedee|move: Protect\n|move|p2b: Indeedee|Expanding Force|p1a: Charizard|[spread] p1a\n|-activate|p1b: Indeedee|move: Protect\n|-damage|p1a: Charizard|26\/100\n|-enditem|p1a: Charizard|Sitrus Berry|[eat]\n|-heal|p1a: Charizard|50\/100|[from] item: Sitrus Berry\n|move|p1a: Charizard|Earthquake|p2b: Indeedee|[spread] p2a,p2b\n|-activate|p1b: Indeedee|move: Protect\n|-supereffective|p2a: Sneasler\n|-damage|p2a: Sneasler|7\/100\n|-damage|p2b: Indeedee|34\/100\n|\n|upkeep\n|turn|2\n|inactive|Nerd159 has 30 seconds left.\n|\n|t:|1732997357\n|switch|p1a: Murkrow|Murkrow, L50, F|100\/100\n|-terastallize|p2a: Sneasler|Dark\n|move|p2a: Sneasler|Throat Chop|p1b: Indeedee\n|-supereffective|p1b: Indeedee\n|-damage|p1b: Indeedee|26\/100\n|-start|p1b: Indeedee|Throat Chop|[silent]\n|move|p2b: Indeedee|Expanding Force|p1b: Indeedee|[spread] p1b\n|-immune|p1a: Murkrow\n|-resisted|p1b: Indeedee\n|-damage|p1b: Indeedee|7\/100\n|cant|p1b: Indeedee|move: Throat Chop\n|\n|upkeep\n|turn|3\n|\n|t:|1732997369\n|move|p1b: Indeedee|Protect|p1b: Indeedee\n|-singleturn|p1b: Indeedee|Protect\n|move|p2a: Sneasler|Dire Claw|p1a: Murkrow\n|-damage|p1a: Murkrow|42\/100\n|move|p2b: Indeedee|Expanding Force|p1a: Murkrow|[spread] \n|-activate|p1b: Indeedee|move: Protect\n|-immune|p1a: Murkrow\n|move|p1a: Murkrow|Foul Play|p2a: Sneasler\n|-resisted|p2a: Sneasler\n|-damage|p2a: Sneasler|0 fnt\n|faint|p2a: Sneasler\n|\n|-end|p1b: Indeedee|Throat Chop|[silent]\n|upkeep\n|\n|t:|1732997378\n|switch|p2a: Dragonite|Dragonite, L50, F|100\/100\n|turn|4\n|\n|t:|1732997383\n|move|p1a: Murkrow|Tailwind|p1a: Murkrow\n|-sidestart|p1: Nerd159|move: Tailwind\n|move|p2b: Indeedee|Expanding Force|p1a: Murkrow|[spread] p1b\n|-immune|p1a: Murkrow\n|-resisted|p1b: Indeedee\n|-damage|p1b: Indeedee|0 fnt\n|faint|p1b: Indeedee\n|move|p2a: Dragonite|Scale Shot|p1a: Murkrow\n|-damage|p1a: Murkrow|20\/100\n|-damage|p1a: Murkrow|2\/100\n|-damage|p1a: Murkrow|0 fnt\n|faint|p1a: Murkrow\n|-hitcount|p1: Murkrow|3\n|-unboost|p2a: Dragonite|def|1\n|-boost|p2a: Dragonite|spe|1\n|\n|upkeep\n|\n|t:|1732997397\n|switch|p1a: Gholdengo|Gholdengo, L50|100\/100\n|switch|p1b: Charizard|Charizard, L50, M, tera:Ground|50\/100\n|turn|5\n|\n|t:|1732997404\n|move|p2a: Dragonite|Protect|p2a: Dragonite\n|-singleturn|p2a: Dragonite|Protect\n|move|p1b: Charizard|Flame Charge|p2a: Dragonite\n|-activate|p2a: Dragonite|move: Protect\n|move|p1a: Gholdengo|Make It Rain|p2b: Indeedee|[spread] p2b\n|-activate|p2a: Dragonite|move: Protect\n|-damage|p2b: Indeedee|0 fnt\n|-unboost|p1a: Gholdengo|spa|1\n|faint|p2b: Indeedee\n|\n|-fieldend|move: Psychic Terrain\n|upkeep\n|\n|t:|1732997407\n|switch|p2b: Meowscarada|Meowscarada, L50, M|100\/100\n|turn|6\n|\n|t:|1732997415\n|move|p2a: Dragonite|Extreme Speed|p1b: Charizard\n|-damage|p1b: Charizard|3\/100\n|move|p2b: Meowscarada|Sucker Punch|p1b: Charizard\n|-damage|p1b: Charizard|0 fnt\n|faint|p1b: Charizard\n|move|p1a: Gholdengo|Make It Rain|p2b: Meowscarada|[spread] p2a,p2b\n|-damage|p2a: Dragonite|72\/100\n|-damage|p2b: Meowscarada|22\/100\n|-unboost|p1a: Gholdengo|spa|1\n|\n|upkeep\n|turn|7\n|\n|t:|1732997420\n|move|p2a: Dragonite|Protect|p2a: Dragonite\n|-singleturn|p2a: Dragonite|Protect\n|move|p2b: Meowscarada|Protect|p2b: Meowscarada\n|-singleturn|p2b: Meowscarada|Protect\n|move|p1a: Gholdengo|Make It Rain|p2b: Meowscarada|[spread] \n|-activate|p2a: Dragonite|move: Protect\n|-activate|p2b: Meowscarada|move: Protect\n|\n|-sideend|p1: Nerd159|move: Tailwind\n|upkeep\n|turn|8\n|-message|Nerd159 forfeited.\n|\n|win|guardian riser\n|raw|Nerd159's rating: 1718 &rarr; <strong>1697<\/strong><br \/>(-21 for losing)\n|raw|guardian riser's rating: 1697 &rarr; <strong>1718<\/strong><br \/>(+21 for winning)\n|l|\u2606Nerd159\n|player|p1|\n|l|\u2606guardian riser\n|player|p2|\n|l| Porksub\n","uploadtime":1732997673,"views":8,"formatid":"gen9vgc2024regh","rating":1697,"private":0,"password":null}