{"id":"gen9vgc2024regh-2254239495","format":"[Gen 9] VGC 2024 Reg H","players":["Saltwater7","Djjwjwwjj"],"log":"|j|\u2606Saltwater7\n|j|\u2606Djjwjwwjj\n|t:|1733008605\n|gametype|doubles\n|player|p1|Saltwater7|169|1679\n|player|p2|Djjwjwwjj|101|1728\n|teamsize|p1|6\n|teamsize|p2|6\n|gen|9\n|tier|[Gen 9] VGC 2024 Reg H\n|rated|\n|rule|Species Clause: Limit one of each Pok\u00e9mon\n|rule|Item Clause: Limit 1 of each item\n|clearpoke\n|poke|p1|Basculegion, L50, M|\n|poke|p1|Indeedee-F, L50, F|\n|poke|p1|Exeggutor, L50, F|\n|poke|p1|Torkoal, L50, F|\n|poke|p1|Ursaluna, L50, M|\n|poke|p1|Gallade, L50, M|\n|poke|p2|Palafin, L50, M|\n|poke|p2|Farigiraf, L50, M|\n|poke|p2|Ursaluna-Bloodmoon, L50, M|\n|poke|p2|Amoonguss, L50, F|\n|poke|p2|Incineroar, L50, F|\n|poke|p2|Pelipper, L50, F|\n|teampreview|4\n|inactive|Battle timer is ON: inactive players will automatically lose when time's up. (requested by Djjwjwwjj)\n|inactive|Saltwater7 also wants the timer to be on.\n|inactive|Djjwjwwjj has 60 seconds left.\n|\n|t:|1733008638\n|start\n|switch|p1a: Gallade|Gallade, L50, M|100\/100\n|switch|p1b: Indeedee|Indeedee-F, L50, F|100\/100\n|switch|p2a: Palafin|Palafin, L50, M|100\/100\n|switch|p2b: Incineroar|Incineroar, L50, F|100\/100\n|-fieldstart|move: Psychic Terrain|[from] ability: Psychic Surge|[of] p1b: Indeedee\n|-ability|p2b: Incineroar|Intimidate|boost\n|-fail|p1a: Gallade|unboost|[from] item: Clear Amulet|[of] p1a: Gallade\n|-unboost|p1b: Indeedee|atk|1\n|turn|1\n|inactive|Saltwater7 has 30 seconds left.\n|inactive|Djjwjwwjj has 30 seconds left.\n|\n|t:|1733008673\n|-terastallize|p2a: Palafin|Water\n|-terastallize|p1a: Gallade|Water\n|move|p1b: Indeedee|Helping Hand|p1a: Gallade\n|-singleturn|p1a: Gallade|Helping Hand|[of] p1b: Indeedee\n|move|p2a: Palafin|Wave Crash|p1a: Gallade\n|-resisted|p1a: Gallade\n|-damage|p1a: Gallade|43\/100\n|-damage|p2a: Palafin|83\/100|[from] Recoil\n|move|p1a: Gallade|Sacred Sword|p2a: Palafin\n|-damage|p2a: Palafin|0 fnt\n|faint|p2a: Palafin\n|move|p2b: Incineroar|Knock Off|p1a: Gallade\n|-damage|p1a: Gallade|0 fnt\n|-enditem|p1a: Gallade|Clear Amulet|[from] move: Knock Off|[of] p2b: Incineroar\n|faint|p1a: Gallade\n|\n|upkeep\n|\n|t:|1733008693\n|switch|p2a: Amoonguss|Amoonguss, L50, F|100\/100\n|switch|p1a: Basculegion|Basculegion, L50, M|100\/100\n|turn|2\n|\n|t:|1733008707\n|move|p1b: Indeedee|Follow Me|p1b: Indeedee\n|-singleturn|p1b: Indeedee|move: Follow Me\n|move|p2a: Amoonguss|Rage Powder|p2a: Amoonguss\n|-singleturn|p2a: Amoonguss|move: Rage Powder\n|move|p1a: Basculegion|Wave Crash|p2a: Amoonguss\n|-resisted|p2a: Amoonguss\n|-damage|p2a: Amoonguss|65\/100\n|-damage|p1a: Basculegion|87\/100|[from] Recoil\n|move|p2b: Incineroar|Knock Off|p1b: Indeedee\n|-supereffective|p1b: Indeedee\n|-damage|p1b: Indeedee|9\/100\n|-enditem|p1b: Indeedee|Safety Goggles|[from] move: Knock Off|[of] p2b: Incineroar\n|\n|upkeep\n|turn|3\n|inactive|Djjwjwwjj has 30 seconds left.\n|\n|t:|1733008733\n|move|p1b: Indeedee|Follow Me|p1b: Indeedee\n|-singleturn|p1b: Indeedee|move: Follow Me\n|move|p2a: Amoonguss|Rage Powder|p2a: Amoonguss\n|-singleturn|p2a: Amoonguss|move: Rage Powder\n|move|p1a: Basculegion|Wave Crash|p2a: Amoonguss\n|-resisted|p2a: Amoonguss\n|-damage|p2a: Amoonguss|26\/100\n|-enditem|p2a: Amoonguss|Sitrus Berry|[eat]\n|-heal|p2a: Amoonguss|51\/100|[from] item: Sitrus Berry\n|-damage|p1a: Basculegion|73\/100|[from] Recoil\n|move|p2b: Incineroar|Knock Off|p1b: Indeedee\n|-supereffective|p1b: Indeedee\n|-damage|p1b: Indeedee|0 fnt\n|faint|p1b: Indeedee\n|\n|upkeep\n|\n|t:|1733008746\n|switch|p1b: Ursaluna|Ursaluna, L50, M|100\/100\n|turn|4\n|\n|t:|1733008759\n|move|p2a: Amoonguss|Rage Powder|p2a: Amoonguss\n|-singleturn|p2a: Amoonguss|move: Rage Powder\n|move|p1a: Basculegion|Wave Crash|p2a: Amoonguss\n|-resisted|p2a: Amoonguss\n|-damage|p2a: Amoonguss|13\/100\n|-damage|p1a: Basculegion|59\/100|[from] Recoil\n|move|p2b: Incineroar|Knock Off|p1a: Basculegion\n|-supereffective|p1a: Basculegion\n|-damage|p1a: Basculegion|0 fnt\n|-enditem|p1a: Basculegion|Choice Scarf|[from] move: Knock Off|[of] p2b: Incineroar\n|faint|p1a: Basculegion\n|move|p1b: Ursaluna|Headlong Rush|p2a: Amoonguss\n|-damage|p2a: Amoonguss|0 fnt\n|-unboost|p1b: Ursaluna|def|1\n|-unboost|p1b: Ursaluna|spd|1\n|faint|p2a: Amoonguss\n|\n|-status|p1b: Ursaluna|brn|[from] item: Flame Orb\n|upkeep\n|\n|t:|1733008777\n|switch|p2a: Pelipper|Pelipper, L50, F|100\/100\n|-weather|RainDance|[from] ability: Drizzle|[of] p2a: Pelipper\n|turn|5\n|-message|Saltwater7 forfeited.\n|\n|win|Djjwjwwjj\n|raw|Saltwater7's rating: 1679 &rarr; <strong>1662<\/strong><br \/>(-17 for losing)\n|raw|Djjwjwwjj's rating: 1728 &rarr; <strong>1745<\/strong><br \/>(+17 for winning)\n|l|\u2606Saltwater7\n|player|p1|\n","uploadtime":1733008967,"views":11,"formatid":"gen9vgc2024regh","rating":1662,"private":0,"password":null}