{"id":"gen9vgc2024regh-2254272350","format":"[Gen 9] VGC 2024 Reg H","players":["amandaToriMeating","SeaWolfMikess"],"log":"|j|\u2606amandaToriMeating\n|j|\u2606SeaWolfMikess\n|t:|1733012893\n|gametype|doubles\n|player|p1|amandaToriMeating|101|1758\n|player|p2|SeaWolfMikess|hugh|1839\n|teamsize|p1|6\n|teamsize|p2|6\n|gen|9\n|tier|[Gen 9] VGC 2024 Reg H\n|rated|\n|rule|Species Clause: Limit one of each Pok\u00e9mon\n|rule|Item Clause: Limit 1 of each item\n|clearpoke\n|poke|p1|Vivillon, L50, F|\n|poke|p1|Farigiraf, L50, F|\n|poke|p1|Sneasler, L50, M|\n|poke|p1|Ursaluna, L50, F|\n|poke|p1|Incineroar, L50, M|\n|poke|p1|Primarina, L50, M|\n|poke|p2|Pelipper, L50, M|\n|poke|p2|Archaludon, L50, F|\n|poke|p2|Rillaboom, L50, M|\n|poke|p2|Sneasler, L50, M|\n|poke|p2|Incineroar, L50, F|\n|poke|p2|Gholdengo, L50|\n|teampreview|4\n|j| LudocyelZ\n|\n|t:|1733012909\n|start\n|switch|p1a: Vivillon|Vivillon, L50, F|100\/100\n|switch|p1b: Incineroar|Incineroar, L50, M|100\/100\n|switch|p2a: Incineroar|Incineroar, L50, F|100\/100\n|switch|p2b: Gholdengo|Gholdengo, L50|100\/100\n|-ability|p1b: Incineroar|Intimidate|boost\n|-unboost|p2a: Incineroar|atk|1\n|-unboost|p2b: Gholdengo|atk|1\n|-ability|p2a: Incineroar|Intimidate|boost\n|-unboost|p1a: Vivillon|atk|1\n|-unboost|p1b: Incineroar|atk|1\n|turn|1\n|j| futonkagebunshin\n|\n|t:|1733012933\n|switch|p1a: Farigiraf|Farigiraf, L50, F|100\/100\n|move|p2b: Gholdengo|Make It Rain|p1a: Farigiraf|[spread] p1a,p1b\n|-resisted|p1b: Incineroar\n|-damage|p1a: Farigiraf|41\/100\n|-damage|p1b: Incineroar|83\/100\n|-unboost|p2b: Gholdengo|spa|1\n|move|p1b: Incineroar|Knock Off|p2b: Gholdengo\n|-supereffective|p2b: Gholdengo\n|-damage|p2b: Gholdengo|39\/100\n|-enditem|p2b: Gholdengo|Metal Coat|[from] move: Knock Off|[of] p1b: Incineroar\n|move|p2a: Incineroar|Knock Off|p1b: Incineroar\n|-resisted|p1b: Incineroar\n|-damage|p1b: Incineroar|71\/100\n|-enditem|p1b: Incineroar|Assault Vest|[from] move: Knock Off|[of] p2a: Incineroar\n|\n|upkeep\n|turn|2\n|j| Oscar Norris\n|\n|t:|1733012966\n|move|p2b: Gholdengo|Protect|p2b: Gholdengo\n|-singleturn|p2b: Gholdengo|Protect\n|move|p1a: Farigiraf|Hyper Voice|p2b: Gholdengo|[spread] p2a\n|-activate|p2b: Gholdengo|move: Protect\n|-damage|p2a: Incineroar|72\/100\n|-enditem|p1a: Farigiraf|Throat Spray\n|-boost|p1a: Farigiraf|spa|1|[from] item: Throat Spray\n|move|p1b: Incineroar|Flare Blitz|p2b: Gholdengo\n|-activate|p2b: Gholdengo|move: Protect\n|move|p2a: Incineroar|Knock Off|p1a: Farigiraf\n|-supereffective|p1a: Farigiraf\n|-damage|p1a: Farigiraf|0 fnt\n|faint|p1a: Farigiraf\n|\n|upkeep\n|\n|t:|1733012981\n|switch|p1a: Vivillon|Vivillon, L50, F|100\/100\n|turn|3\n|\n|t:|1733012990\n|move|p1a: Vivillon|Tailwind|p1a: Vivillon\n|-sidestart|p1: amandaToriMeating|move: Tailwind\n|move|p1b: Incineroar|Flare Blitz|p2b: Gholdengo\n|-supereffective|p2b: Gholdengo\n|-crit|p2b: Gholdengo\n|-damage|p2b: Gholdengo|0 fnt\n|faint|p2b: Gholdengo\n|-damage|p1b: Incineroar|59\/100|[from] Recoil\n|move|p2a: Incineroar|Flare Blitz|p1a: Vivillon\n|-supereffective|p1a: Vivillon\n|-enditem|p1a: Vivillon|Focus Sash\n|-damage|p1a: Vivillon|1\/100\n|-damage|p2a: Incineroar|47\/100|[from] Recoil\n|\n|upkeep\n|\n|t:|1733012994\n|switch|p2b: Rillaboom|Rillaboom, L50, M|100\/100\n|-fieldstart|move: Grassy Terrain|[from] ability: Grassy Surge|[of] p2b: Rillaboom\n|turn|4\n|\n|t:|1733013018\n|move|p1a: Vivillon|Rage Powder|p1a: Vivillon\n|-singleturn|p1a: Vivillon|move: Rage Powder\n|move|p2b: Rillaboom|Grassy Glide|p1a: Vivillon\n|-resisted|p1a: Vivillon\n|-damage|p1a: Vivillon|0 fnt\n|faint|p1a: Vivillon\n|move|p1b: Incineroar|U-turn|p2b: Rillaboom\n|-supereffective|p2b: Rillaboom\n|-damage|p2b: Rillaboom|72\/100\n|\n|t:|1733013027\n|switch|p1b: Ursaluna|Ursaluna, L50, F|100\/100|[from] U-turn\n|move|p2a: Incineroar|Parting Shot|p1b: Ursaluna\n|-unboost|p1b: Ursaluna|atk|1\n|-unboost|p1b: Ursaluna|spa|1\n|\n|t:|1733013031\n|switch|p2a: Archaludon|Archaludon, L50, F|100\/100|[from] Parting Shot\n|\n|-heal|p2b: Rillaboom|77\/100|[from] Grassy Terrain\n|-status|p1b: Ursaluna|brn|[from] item: Flame Orb\n|upkeep\n|\n|t:|1733013040\n|switch|p1a: Incineroar|Incineroar, L50, M|59\/100\n|-ability|p1a: Incineroar|Intimidate|boost\n|-unboost|p2a: Archaludon|atk|1\n|-unboost|p2b: Rillaboom|atk|1\n|turn|5\n|\n|t:|1733013051\n|switch|p2b: Incineroar|Incineroar, L50, F|47\/100\n|-ability|p2b: Incineroar|Intimidate|boost\n|-unboost|p1a: Incineroar|atk|1\n|-unboost|p1b: Ursaluna|atk|1\n|-terastallize|p1b: Ursaluna|Ghost\n|move|p2a: Archaludon|Protect|p2a: Archaludon\n|-singleturn|p2a: Archaludon|Protect\n|move|p1a: Incineroar|Flare Blitz|p2b: Incineroar\n|-resisted|p2b: Incineroar\n|-damage|p2b: Incineroar|32\/100\n|-damage|p1a: Incineroar|54\/100|[from] Recoil\n|move|p1b: Ursaluna|Headlong Rush|p2a: Archaludon\n|-activate|p2a: Archaludon|move: Protect\n|\n|-heal|p1a: Incineroar|60\/100|[from] Grassy Terrain\n|-heal|p2b: Incineroar|38\/100|[from] Grassy Terrain\n|-damage|p1b: Ursaluna|95\/100 brn|[from] brn\n|upkeep\n|turn|6\n|l| LudocyelZ\n|\n|t:|1733013074\n|-terastallize|p2a: Archaludon|Electric\n|move|p2b: Incineroar|Fake Out|p1a: Incineroar\n|-damage|p1a: Incineroar|50\/100\n|move|p1b: Ursaluna|Headlong Rush|p2a: Archaludon\n|-supereffective|p2a: Archaludon\n|-damage|p2a: Archaludon|5\/100\n|-unboost|p1b: Ursaluna|def|1\n|-unboost|p1b: Ursaluna|spd|1\n|cant|p1a: Incineroar|flinch\n|move|p2a: Archaludon|Electro Shot||[still]\n|-prepare|p2a: Archaludon|Electro Shot\n|-boost|p2a: Archaludon|spa|1\n|-enditem|p2a: Archaludon|Power Herb\n|-anim|p2a: Archaludon|Electro Shot|p1a: Incineroar\n|-damage|p1a: Incineroar|0 fnt\n|faint|p1a: Incineroar\n|\n|-heal|p1b: Ursaluna|100\/100 brn|[from] Grassy Terrain\n|-heal|p2a: Archaludon|11\/100|[from] Grassy Terrain\n|-heal|p2b: Incineroar|44\/100|[from] Grassy Terrain\n|-damage|p1b: Ursaluna|95\/100 brn|[from] brn\n|-sideend|p1: amandaToriMeating|move: Tailwind\n|upkeep\n|turn|7\n|\n|t:|1733013099\n|move|p2a: Archaludon|Dragon Pulse|p1b: Ursaluna\n|-damage|p1b: Ursaluna|4\/100 brn\n|move|p1b: Ursaluna|Earthquake|p2b: Incineroar|[spread] p2a,p2b\n|-supereffective|p2a: Archaludon\n|-supereffective|p2b: Incineroar\n|-damage|p2a: Archaludon|0 fnt\n|-damage|p2b: Incineroar|19\/100\n|faint|p2a: Archaludon\n|move|p2b: Incineroar|Knock Off|p1b: Ursaluna\n|-supereffective|p1b: Ursaluna\n|-damage|p1b: Ursaluna|0 fnt\n|-enditem|p1b: Ursaluna|Flame Orb|[from] move: Knock Off|[of] p2b: Incineroar\n|faint|p1b: Ursaluna\n|\n|win|SeaWolfMikess\n|raw|amandaToriMeating's rating: 1758 &rarr; <strong>1743<\/strong><br \/>(-15 for losing)\n|raw|SeaWolfMikess's rating: 1839 &rarr; <strong>1854<\/strong><br \/>(+15 for winning)\n|l|\u2606amandaToriMeating\n|player|p1|\n|l|\u2606SeaWolfMikess\n|player|p2|\n|l| Oscar Norris\n","uploadtime":1733013270,"views":49,"formatid":"gen9vgc2024regh","rating":1743,"private":0,"password":null}