{"id":"gen9vgc2024regh-2254486696","format":"[Gen 9] VGC 2024 Reg H","players":["insertable194","bgf1"],"log":"|j|\u2606insertable194\n|j|\u2606bgf1\n|t:|1733049033\n|gametype|doubles\n|player|p1|insertable194|hanbei-conquest|1713\n|player|p2|bgf1|bruno|1689\n|teamsize|p1|6\n|teamsize|p2|6\n|gen|9\n|tier|[Gen 9] VGC 2024 Reg H\n|rated|\n|rule|Species Clause: Limit one of each Pok\u00e9mon\n|rule|Item Clause: Limit 1 of each item\n|clearpoke\n|poke|p1|Smeargle, L50, F|\n|poke|p1|Farigiraf, L50, M|\n|poke|p1|Archaludon, L50, M|\n|poke|p1|Torkoal, L50, M|\n|poke|p1|Ursaluna-Bloodmoon, L50, M|\n|poke|p1|Weezing-Galar, L50, F|\n|poke|p2|Staraptor, L50, M|\n|poke|p2|Farigiraf, L50, F|\n|poke|p2|Torkoal, L50, F|\n|poke|p2|Ursaluna, L50, F|\n|poke|p2|Lilligant-Hisui, L50, F|\n|poke|p2|Emboar, L50, F|\n|teampreview|4\n|inactive|Battle timer is ON: inactive players will automatically lose when time's up. (requested by bgf1)\n|\n|t:|1733049060\n|start\n|switch|p1a: Ursaluna|Ursaluna-Bloodmoon, L50, M|100\/100\n|switch|p1b: Archaludon|Archaludon, L50, M|100\/100\n|switch|p2a: Staraptor|Staraptor, L50, M|100\/100\n|switch|p2b: Farigiraf|Farigiraf, L50, F|100\/100\n|-ability|p2a: Staraptor|Intimidate|boost\n|-unboost|p1a: Ursaluna|atk|1\n|-unboost|p1b: Archaludon|atk|1\n|turn|1\n|\n|t:|1733049079\n|-terastallize|p1a: Ursaluna|Normal\n|move|p2a: Staraptor|Final Gambit|p1a: Ursaluna\n|-damage|p1a: Ursaluna|13\/100\n|faint|p2a: Staraptor\n|move|p1b: Archaludon|Electro Shot||[still]\n|-prepare|p1b: Archaludon|Electro Shot\n|-boost|p1b: Archaludon|spa|1\n|-enditem|p1b: Archaludon|Power Herb\n|-anim|p1b: Archaludon|Electro Shot|p2b: Farigiraf\n|-damage|p2b: Farigiraf|39\/100\n|move|p2b: Farigiraf|Twin Beam|p1a: Ursaluna\n|-damage|p1a: Ursaluna|0 fnt\n|faint|p1a: Ursaluna\n|-hitcount|p1: Ursaluna|1\n|\n|upkeep\n|inactive|insertable194 has 30 seconds left.\n|\n|t:|1733049106\n|switch|p2a: Beartooth|Ursaluna, L50, F|100\/100\n|switch|p1a: Farigiraf|Farigiraf, L50, M|100\/100\n|turn|2\n|\n|t:|1733049123\n|move|p2b: Farigiraf|Protect|p2b: Farigiraf\n|-singleturn|p2b: Farigiraf|Protect\n|move|p1b: Archaludon|Flash Cannon|p2b: Farigiraf\n|-activate|p2b: Farigiraf|move: Protect\n|move|p1a: Farigiraf|Twin Beam|p2a: Beartooth\n|-damage|p2a: Beartooth|88\/100\n|-damage|p2a: Beartooth|75\/100\n|-hitcount|p2a: Beartooth|2\n|move|p2a: Beartooth|Earthquake|p1a: Farigiraf|[spread] p1a,p1b\n|-activate|p2b: Farigiraf|move: Protect\n|-supereffective|p1b: Archaludon\n|-damage|p1a: Farigiraf|69\/100\n|-damage|p1b: Archaludon|49\/100\n|\n|-status|p2a: Beartooth|brn|[from] item: Flame Orb\n|upkeep\n|turn|3\n|inactive|insertable194 has 30 seconds left.\n|inactive|insertable194 has 20 seconds left.\n|inactive|insertable194 has 15 seconds left.\n|inactive|insertable194 has 10 seconds left.\n|\n|t:|1733049171\n|-terastallize|p2b: Farigiraf|Fire\n|move|p1b: Archaludon|Flash Cannon|p2a: Beartooth\n|-damage|p2a: Beartooth|23\/100 brn\n|move|p2a: Beartooth|Headlong Rush|p1b: Archaludon\n|-supereffective|p1b: Archaludon\n|-crit|p1b: Archaludon\n|-damage|p1b: Archaludon|0 fnt\n|-unboost|p2a: Beartooth|def|1\n|-unboost|p2a: Beartooth|spd|1\n|faint|p1b: Archaludon\n|move|p2b: Farigiraf|Trick Room|p2b: Farigiraf\n|-fieldstart|move: Trick Room|[of] p2b: Farigiraf\n|move|p1a: Farigiraf|Trick Room|p1a: Farigiraf\n|-fieldend|move: Trick Room\n|\n|-damage|p2a: Beartooth|17\/100 brn|[from] brn\n|upkeep\n|\n|t:|1733049176\n|switch|p1b: Smeargle|Smeargle, L50, F|100\/100\n|turn|4\n|\n|t:|1733049185\n|switch|p2a: Torkoal|Torkoal, L50, F|100\/100\n|-weather|SunnyDay|[from] ability: Drought|[of] p2a: Torkoal\n|move|p1b: Smeargle|Spore|p2b: Farigiraf\n|-activate|p2b: Farigiraf|item: Safety Goggles|Spore\n|move|p2b: Farigiraf|Hyper Voice|p1a: Farigiraf|[spread] p1a,p1b\n|-damage|p1a: Farigiraf|42\/100\n|-damage|p1b: Smeargle|43\/100\n|move|p1a: Farigiraf|Twin Beam|p2a: Torkoal\n|-damage|p2a: Torkoal|78\/100\n|-damage|p2a: Torkoal|56\/100\n|-hitcount|p2a: Torkoal|2\n|\n|-weather|SunnyDay|[upkeep]\n|-ability|p1b: Smeargle|Moody|boost\n|-boost|p1b: Smeargle|spd|2\n|-unboost|p1b: Smeargle|atk|1\n|upkeep\n|turn|5\n|j| Treefolk\n|\n|t:|1733049210\n|move|p2a: Torkoal|Protect|p2a: Torkoal\n|-singleturn|p2a: Torkoal|Protect\n|move|p1b: Smeargle|Spore|p2a: Torkoal\n|-activate|p2a: Torkoal|move: Protect\n|move|p2b: Farigiraf|Hyper Voice|p1a: Farigiraf|[spread] p1a,p1b\n|-crit|p1a: Farigiraf\n|-damage|p1a: Farigiraf|0 fnt\n|-damage|p1b: Smeargle|13\/100\n|faint|p1a: Farigiraf\n|\n|-weather|SunnyDay|[upkeep]\n|-ability|p1b: Smeargle|Moody|boost\n|-boost|p1b: Smeargle|atk|2\n|-unboost|p1b: Smeargle|spd|1\n|upkeep\n|turn|6\n|-message|insertable194 forfeited.\n|\n|win|bgf1\n|raw|insertable194's rating: 1734 &rarr; <strong>1711<\/strong><br \/>(-23 for losing)\n|raw|bgf1's rating: 1689 &rarr; <strong>1712<\/strong><br \/>(+23 for winning)\n|l| Treefolk\n|l|\u2606bgf1\n|player|p2|\n|j|\u2606bgf1\n|player|p2|bgf1|bruno|\n","uploadtime":1733049457,"views":109,"formatid":"gen9vgc2024regh","rating":1711,"private":0,"password":null}