{"id":"gen9vgc2024regh-2254419383","format":"[Gen 9] VGC 2024 Reg H","players":["ahsoka fantano","magnusmagnum"],"log":"|j|\u2606ahsoka fantano\n|j|\u2606magnusmagnum\n|t:|1733034376\n|gametype|doubles\n|player|p1|ahsoka fantano|ninjaboy|1654\n|player|p2|magnusmagnum|1|1789\n|teamsize|p1|6\n|teamsize|p2|6\n|gen|9\n|tier|[Gen 9] VGC 2024 Reg H\n|rated|\n|rule|Species Clause: Limit one of each Pok\u00e9mon\n|rule|Item Clause: Limit 1 of each item\n|clearpoke\n|poke|p1|Archaludon, L50, M|\n|poke|p1|Grimmsnarl, L50, M|\n|poke|p1|Annihilape, L50, M|\n|poke|p1|Pelipper, L50, M|\n|poke|p1|Tsareena, L50, F|\n|poke|p1|Dusclops, L50, F|\n|poke|p2|Sneasler, L50, M|\n|poke|p2|Magmar, L50, M|\n|poke|p2|Ursaluna-Bloodmoon, L50, M|\n|poke|p2|Garchomp, L50, F|\n|poke|p2|Rillaboom, L50, F|\n|poke|p2|Gholdengo, L50|\n|teampreview|4\n|inactive|Battle timer is ON: inactive players will automatically lose when time's up. (requested by magnusmagnum)\n|inactive|ahsoka fantano has 60 seconds left.\n|\n|t:|1733034453\n|start\n|switch|p1a: Grimmsnarl|Grimmsnarl, L50, M|100\/100\n|switch|p1b: Annihilape|Annihilape, L50, M|100\/100\n|switch|p2a: Sneasler|Sneasler, L50, M|100\/100\n|switch|p2b: Gholdengo|Gholdengo, L50|100\/100\n|turn|1\n|\n|t:|1733034478\n|-terastallize|p1a: Grimmsnarl|Ghost\n|move|p2a: Sneasler|Fake Out|p1a: Grimmsnarl\n|-immune|p1a: Grimmsnarl\n|move|p1a: Grimmsnarl|Misty Terrain|p1a: Grimmsnarl\n|-fieldstart|move: Misty Terrain\n|move|p2b: Gholdengo|Nasty Plot|p2b: Gholdengo\n|-boost|p2b: Gholdengo|spa|2\n|move|p1b: Annihilape|Bulk Up|p1b: Annihilape\n|-boost|p1b: Annihilape|atk|1\n|-boost|p1b: Annihilape|def|1\n|\n|upkeep\n|turn|2\n|\n|t:|1733034495\n|switch|p2a: Magmar|Magmar, L50, M|100\/100\n|move|p1a: Grimmsnarl|Light Screen|p1a: Grimmsnarl\n|-sidestart|p1: ahsoka fantano|move: Light Screen\n|move|p2b: Gholdengo|Shadow Ball|p1a: Grimmsnarl\n|-supereffective|p1a: Grimmsnarl\n|-damage|p1a: Grimmsnarl|1\/100\n|move|p1b: Annihilape|Rage Fist|p2b: Gholdengo\n|-supereffective|p2b: Gholdengo\n|-damage|p2b: Gholdengo|35\/100\n|-enditem|p2b: Gholdengo|Sitrus Berry|[eat]\n|-heal|p2b: Gholdengo|60\/100|[from] item: Sitrus Berry\n|\n|upkeep\n|turn|3\n|\n|t:|1733034512\n|move|p2b: Gholdengo|Protect|p2b: Gholdengo\n|-singleturn|p2b: Gholdengo|Protect\n|move|p1b: Annihilape|Protect|p1b: Annihilape\n|-singleturn|p1b: Annihilape|Protect\n|move|p2a: Magmar|Will-O-Wisp|p1b: Annihilape\n|-activate|p1b: Annihilape|move: Protect\n|move|p1a: Grimmsnarl|Spirit Break|p2b: Gholdengo\n|-activate|p2b: Gholdengo|move: Protect\n|\n|upkeep\n|turn|4\n|inactive|magnusmagnum has 30 seconds left.\n|\n|t:|1733034541\n|move|p2a: Magmar|Will-O-Wisp|p1b: Annihilape\n|-activate|p1b: Annihilape|move: Misty Terrain\n|move|p2b: Gholdengo|Shadow Ball|p1a: Grimmsnarl\n|-supereffective|p1a: Grimmsnarl\n|-damage|p1a: Grimmsnarl|0 fnt\n|faint|p1a: Grimmsnarl\n|move|p1b: Annihilape|Rage Fist|p2b: Gholdengo\n|-supereffective|p2b: Gholdengo\n|-damage|p2b: Gholdengo|0 fnt\n|faint|p2b: Gholdengo\n|\n|upkeep\n|\n|t:|1733034561\n|switch|p2b: Rillaboom|Rillaboom, L50, F|100\/100\n|switch|p1a: Pelipper|Pelipper, L50, M|100\/100\n|-fieldstart|move: Grassy Terrain|[from] ability: Grassy Surge|[of] p2b: Rillaboom\n|-weather|RainDance|[from] ability: Drizzle|[of] p1a: Pelipper\n|turn|5\n|\n|t:|1733034570\n|switch|p1a: Tsareena|Tsareena, L50, F|100\/100\n|move|p2a: Magmar|Overheat|p1a: Tsareena\n|-supereffective|p1a: Tsareena\n|-damage|p1a: Tsareena|65\/100\n|-unboost|p2a: Magmar|spa|2\n|move|p2b: Rillaboom|Wood Hammer|p1a: Tsareena\n|-resisted|p1a: Tsareena\n|-damage|p1a: Tsareena|8\/100\n|-damage|p2b: Rillaboom|86\/100|[from] Recoil\n|move|p1b: Annihilape|Bulk Up|p1b: Annihilape\n|-boost|p1b: Annihilape|atk|1\n|-boost|p1b: Annihilape|def|1\n|\n|-weather|RainDance|[upkeep]\n|-heal|p2b: Rillaboom|92\/100|[from] Grassy Terrain\n|-heal|p1a: Tsareena|14\/100|[from] Grassy Terrain\n|upkeep\n|turn|6\n|\n|t:|1733034591\n|move|p1a: Tsareena|Protect|p1a: Tsareena\n|-singleturn|p1a: Tsareena|Protect\n|move|p2a: Magmar|Will-O-Wisp|p1b: Annihilape\n|-status|p1b: Annihilape|brn\n|move|p2b: Rillaboom|Wood Hammer|p1a: Tsareena\n|-activate|p1a: Tsareena|move: Protect\n|move|p1b: Annihilape|Bulk Up|p1b: Annihilape\n|-boost|p1b: Annihilape|atk|1\n|-boost|p1b: Annihilape|def|1\n|\n|-weather|RainDance|[upkeep]\n|-heal|p2b: Rillaboom|98\/100|[from] Grassy Terrain\n|-heal|p1a: Tsareena|20\/100|[from] Grassy Terrain\n|-damage|p1b: Annihilape|95\/100 brn|[from] brn\n|upkeep\n|turn|7\n|\n|t:|1733034610\n|switch|p2a: Sneasler|Sneasler, L50, M|100\/100\n|move|p2b: Rillaboom|Wood Hammer|p1a: Tsareena\n|-resisted|p1a: Tsareena\n|-damage|p1a: Tsareena|0 fnt\n|faint|p1a: Tsareena\n|-damage|p2b: Rillaboom|93\/100|[from] Recoil\n|move|p1b: Annihilape|Bulk Up|p1b: Annihilape\n|-boost|p1b: Annihilape|atk|1\n|-boost|p1b: Annihilape|def|1\n|\n|-weather|RainDance|[upkeep]\n|-heal|p2b: Rillaboom|99\/100|[from] Grassy Terrain\n|-heal|p1b: Annihilape|100\/100 brn|[from] Grassy Terrain\n|-damage|p1b: Annihilape|95\/100 brn|[from] brn\n|upkeep\n|\n|t:|1733034616\n|switch|p1a: Pelipper|Pelipper, L50, M|100\/100\n|turn|8\n|\n|t:|1733034630\n|move|p2a: Sneasler|Protect|p2a: Sneasler\n|-singleturn|p2a: Sneasler|Protect\n|move|p2b: Rillaboom|Protect|p2b: Rillaboom\n|-singleturn|p2b: Rillaboom|Protect\n|move|p1a: Pelipper|Protect|p1a: Pelipper\n|-singleturn|p1a: Pelipper|Protect\n|move|p1b: Annihilape|Bulk Up|p1b: Annihilape\n|-boost|p1b: Annihilape|atk|1\n|-boost|p1b: Annihilape|def|1\n|\n|-weather|RainDance|[upkeep]\n|-heal|p2b: Rillaboom|100\/100|[from] Grassy Terrain\n|-heal|p1b: Annihilape|100\/100 brn|[from] Grassy Terrain\n|-damage|p1b: Annihilape|95\/100 brn|[from] brn\n|upkeep\n|turn|9\n|\n|t:|1733034641\n|move|p2a: Sneasler|Dire Claw|p1a: Pelipper\n|-damage|p1a: Pelipper|44\/100\n|-status|p1a: Pelipper|psn|[from] ability: Poison Touch|[of] p2a: Sneasler\n|move|p2b: Rillaboom|Wood Hammer|p1a: Pelipper\n|-damage|p1a: Pelipper|0 fnt\n|faint|p1a: Pelipper\n|-damage|p2b: Rillaboom|91\/100|[from] Recoil\n|move|p1b: Annihilape|Bulk Up|p1b: Annihilape\n|-boost|p1b: Annihilape|atk|1\n|-boost|p1b: Annihilape|def|1\n|\n|-weather|none\n|-heal|p2b: Rillaboom|97\/100|[from] Grassy Terrain\n|-heal|p1b: Annihilape|100\/100 brn|[from] Grassy Terrain\n|-damage|p1b: Annihilape|95\/100 brn|[from] brn\n|-sideend|p1: ahsoka fantano|move: Light Screen\n|-fieldend|move: Grassy Terrain\n|upkeep\n|turn|10\n|j| Psykickhehe\n|inactive|magnusmagnum has 30 seconds left.\n|inactive|magnusmagnum has 20 seconds left.\n|\n|t:|1733034678\n|switch|p2b: Magmar|Magmar, L50, M|100\/100\n|move|p2a: Sneasler|Protect|p2a: Sneasler\n|-singleturn|p2a: Sneasler|Protect\n|move|p1b: Annihilape|Drain Punch|p2b: Magmar\n|-damage|p2b: Magmar|36\/100\n|-heal|p1b: Annihilape|100\/100 brn|[from] drain|[of] p2b: Magmar\n|\n|-damage|p1b: Annihilape|95\/100 brn|[from] brn\n|upkeep\n|turn|11\n|\n|t:|1733034694\n|move|p2b: Magmar|Protect|p2b: Magmar\n|-singleturn|p2b: Magmar|Protect\n|move|p2a: Sneasler|Dire Claw|p1b: Annihilape\n|-resisted|p1b: Annihilape\n|-damage|p1b: Annihilape|89\/100 brn\n|move|p1b: Annihilape|Drain Punch|p2b: Magmar\n|-activate|p2b: Magmar|move: Protect\n|\n|-heal|p1b: Annihilape|95\/100 brn|[from] item: Leftovers\n|-damage|p1b: Annihilape|89\/100 brn|[from] brn\n|upkeep\n|turn|12\n|\n|t:|1733034705\n|move|p2a: Sneasler|Dire Claw|p1b: Annihilape\n|-resisted|p1b: Annihilape\n|-damage|p1b: Annihilape|83\/100 brn\n|move|p2b: Magmar|Overheat|p1b: Annihilape\n|-damage|p1b: Annihilape|54\/100 brn\n|-unboost|p2b: Magmar|spa|2\n|move|p1b: Annihilape|Drain Punch|p2b: Magmar\n|-damage|p2b: Magmar|0 fnt\n|-heal|p1b: Annihilape|68\/100 brn|[from] drain|[of] p2b: Magmar\n|faint|p2b: Magmar\n|\n|-heal|p1b: Annihilape|74\/100 brn|[from] item: Leftovers\n|-damage|p1b: Annihilape|68\/100 brn|[from] brn\n|upkeep\n|\n|t:|1733034715\n|switch|p2b: Rillaboom|Rillaboom, L50, F|97\/100\n|-fieldstart|move: Grassy Terrain|[from] ability: Grassy Surge|[of] p2b: Rillaboom\n|turn|13\n|\n|t:|1733034723\n|move|p2b: Rillaboom|Protect|p2b: Rillaboom\n|-singleturn|p2b: Rillaboom|Protect\n|move|p1b: Annihilape|Protect|p1b: Annihilape\n|-singleturn|p1b: Annihilape|Protect\n|move|p2a: Sneasler|Dire Claw|p1b: Annihilape\n|-activate|p1b: Annihilape|move: Protect\n|\n|-heal|p2b: Rillaboom|100\/100|[from] Grassy Terrain\n|-heal|p1b: Annihilape|74\/100 brn|[from] Grassy Terrain\n|-heal|p1b: Annihilape|80\/100 brn|[from] item: Leftovers\n|-damage|p1b: Annihilape|74\/100 brn|[from] brn\n|upkeep\n|turn|14\n|\n|t:|1733034730\n|-terastallize|p2b: Rillaboom|Grass\n|move|p2a: Sneasler|Dire Claw|p1b: Annihilape\n|-resisted|p1b: Annihilape\n|-damage|p1b: Annihilape|69\/100 brn\n|move|p2b: Rillaboom|Wood Hammer|p1b: Annihilape\n|-damage|p1b: Annihilape|36\/100 brn\n|-damage|p2b: Rillaboom|89\/100|[from] Recoil\n|move|p1b: Annihilape|Drain Punch|p2b: Rillaboom\n|-damage|p2b: Rillaboom|33\/100\n|-heal|p1b: Annihilape|62\/100 brn|[from] drain|[of] p2b: Rillaboom\n|\n|-heal|p2b: Rillaboom|39\/100|[from] Grassy Terrain\n|-heal|p1b: Annihilape|68\/100 brn|[from] Grassy Terrain\n|-heal|p1b: Annihilape|74\/100 brn|[from] item: Leftovers\n|-damage|p1b: Annihilape|68\/100 brn|[from] brn\n|upkeep\n|turn|15\n|\n|t:|1733034744\n|move|p1b: Annihilape|Protect|p1b: Annihilape\n|-singleturn|p1b: Annihilape|Protect\n|move|p2a: Sneasler|Dire Claw|p1b: Annihilape\n|-activate|p1b: Annihilape|move: Protect\n|move|p2b: Rillaboom|Wood Hammer|p1b: Annihilape\n|-activate|p1b: Annihilape|move: Protect\n|\n|-heal|p2b: Rillaboom|45\/100|[from] Grassy Terrain\n|-heal|p1b: Annihilape|74\/100 brn|[from] Grassy Terrain\n|-heal|p1b: Annihilape|80\/100 brn|[from] item: Leftovers\n|-damage|p1b: Annihilape|74\/100 brn|[from] brn\n|upkeep\n|turn|16\n|\n|t:|1733034756\n|move|p2a: Sneasler|Dire Claw|p1b: Annihilape\n|-resisted|p1b: Annihilape\n|-damage|p1b: Annihilape|68\/100 brn\n|move|p2b: Rillaboom|Wood Hammer|p1b: Annihilape\n|-damage|p1b: Annihilape|32\/100 brn\n|-damage|p2b: Rillaboom|32\/100|[from] Recoil\n|move|p1b: Annihilape|Drain Punch|p2b: Rillaboom\n|-damage|p2b: Rillaboom|0 fnt\n|-heal|p1b: Annihilape|47\/100 brn|[from] drain|[of] p2b: Rillaboom\n|faint|p2b: Rillaboom\n|\n|-heal|p1b: Annihilape|53\/100 brn|[from] Grassy Terrain\n|-heal|p1b: Annihilape|59\/100 brn|[from] item: Leftovers\n|-damage|p1b: Annihilape|53\/100 brn|[from] brn\n|upkeep\n|turn|17\n|j| futonkagebunshin\n|\n|t:|1733034769\n|move|p2a: Sneasler|Dire Claw|p1b: Annihilape\n|-resisted|p1b: Annihilape\n|-damage|p1b: Annihilape|47\/100 brn\n|move|p1b: Annihilape|Drain Punch|p2a: Sneasler\n|-resisted|p2a: Sneasler\n|-damage|p2a: Sneasler|52\/100\n|-heal|p1b: Annihilape|65\/100 brn|[from] drain|[of] p2a: Sneasler\n|\n|-heal|p2a: Sneasler|58\/100|[from] Grassy Terrain\n|-heal|p1b: Annihilape|71\/100 brn|[from] Grassy Terrain\n|-heal|p1b: Annihilape|77\/100 brn|[from] item: Leftovers\n|-damage|p1b: Annihilape|71\/100 brn|[from] brn\n|-fieldend|move: Grassy Terrain\n|upkeep\n|turn|18\n|\n|t:|1733034777\n|move|p2a: Sneasler|Dire Claw|p1b: Annihilape\n|-resisted|p1b: Annihilape\n|-damage|p1b: Annihilape|65\/100 brn\n|move|p1b: Annihilape|Rage Fist|p2a: Sneasler\n|-damage|p2a: Sneasler|0 fnt\n|faint|p2a: Sneasler\n|\n|win|ahsoka fantano\n|raw|ahsoka fantano's rating: 1654 &rarr; <strong>1681<\/strong><br \/>(+27 for winning)\n|raw|magnusmagnum's rating: 1789 &rarr; <strong>1762<\/strong><br \/>(-27 for losing)\n|l|\u2606ahsoka fantano\n|player|p1|\n|l|\u2606magnusmagnum\n|player|p2|\n|l| futonkagebunshin\n","uploadtime":1733034981,"views":16,"formatid":"gen9vgc2024regh","rating":1681,"private":0,"password":null}