{"id":"gen9vgc2024regh-2254342759","format":"[Gen 9] VGC 2024 Reg H","players":["futonkagebunshin","ren122333"],"log":"|j|\u2606futonkagebunshin\n|j|\u2606ren122333\n|t:|1733022472\n|gametype|doubles\n|player|p1|futonkagebunshin|policeman-gen4|1787\n|player|p2|ren122333|hilbert|1758\n|teamsize|p1|6\n|teamsize|p2|6\n|gen|9\n|tier|[Gen 9] VGC 2024 Reg H\n|rated|\n|rule|Species Clause: Limit one of each Pok\u00e9mon\n|rule|Item Clause: Limit 1 of each item\n|clearpoke\n|poke|p1|Whimsicott, L50, M|\n|poke|p1|Chandelure, L50, F|\n|poke|p1|Pelipper, L50, M|\n|poke|p1|Archaludon, L50, M|\n|poke|p1|Overqwil, L50, F|\n|poke|p1|Annihilape, L50, F|\n|poke|p2|Whimsicott, L50, F|\n|poke|p2|Mamoswine, L50, F|\n|poke|p2|Lycanroc-Dusk, L50, F|\n|poke|p2|Typhlosion-Hisui, L50, M|\n|poke|p2|Farigiraf, L50, M|\n|poke|p2|Mienshao, L50, M|\n|teampreview|4\n|inactive|Battle timer is ON: inactive players will automatically lose when time's up. (requested by ren122333)\n|\n|t:|1733022507\n|start\n|switch|p1a: Whimsicott|Whimsicott, L50, M|100\/100\n|switch|p1b: Archaludon|Archaludon, L50, M|100\/100\n|switch|p2a: Whimsicott|Whimsicott, L50, F|100\/100\n|switch|p2b: Mienshao|Mienshao, L50, M|100\/100\n|turn|1\n|inactive|ren122333 has 30 seconds left.\n|\n|t:|1733022535\n|switch|p1b: Chandelure|Chandelure, L50, F|100\/100\n|move|p1a: Whimsicott|Tailwind|p1a: Whimsicott\n|-sidestart|p1: futonkagebunshin|move: Tailwind\n|move|p2a: Whimsicott|Tailwind|p2a: Whimsicott\n|-sidestart|p2: ren122333|move: Tailwind\n|move|p2b: Mienshao|Knock Off|p1b: Chandelure\n|-supereffective|p1b: Chandelure\n|-damage|p1b: Chandelure|0 fnt\n|-enditem|p1b: Chandelure|Choice Specs|[from] move: Knock Off|[of] p2b: Mienshao\n|faint|p1b: Chandelure\n|-damage|p2b: Mienshao|91\/100|[from] item: Life Orb\n|\n|upkeep\n|\n|t:|1733022554\n|switch|p1b: Archaludon|Archaludon, L50, M|100\/100\n|turn|2\n|\n|t:|1733022569\n|move|p1a: Whimsicott|Encore|p2b: Mienshao\n|-start|p2b: Mienshao|Encore\n|move|p2a: Whimsicott|Encore||[still]\n|-fail|p2a: Whimsicott\n|move|p2b: Mienshao|Knock Off|p1a: Whimsicott\n|-resisted|p1a: Whimsicott\n|-damage|p1a: Whimsicott|69\/100\n|-enditem|p1a: Whimsicott|Focus Sash|[from] move: Knock Off|[of] p2b: Mienshao\n|-damage|p2b: Mienshao|81\/100|[from] item: Life Orb\n|move|p1b: Archaludon|Flash Cannon|p2a: Whimsicott\n|-supereffective|p2a: Whimsicott\n|-enditem|p2a: Whimsicott|Focus Sash\n|-damage|p2a: Whimsicott|1\/100\n|\n|upkeep\n|turn|3\n|inactive|ren122333 has 30 seconds left.\n|\n|t:|1733022595\n|switch|p2a: Mamoswine|Mamoswine, L50, F|100\/100\n|move|p1a: Whimsicott|Beat Up|p2a: Mamoswine\n|-damage|p2a: Mamoswine|98\/100\n|-damage|p2a: Mamoswine|95\/100\n|-damage|p2a: Mamoswine|93\/100\n|-hitcount|p2a: Mamoswine|3\n|move|p2b: Mienshao|Knock Off|p1b: Archaludon\n|-damage|p1b: Archaludon|66\/100\n|-ability|p1b: Archaludon|Stamina|boost\n|-boost|p1b: Archaludon|def|1\n|-enditem|p1b: Archaludon|Assault Vest|[from] move: Knock Off|[of] p2b: Mienshao\n|-damage|p2b: Mienshao|71\/100|[from] item: Life Orb\n|move|p1b: Archaludon|Flash Cannon|p2b: Mienshao\n|-damage|p2b: Mienshao|0 fnt\n|faint|p2b: Mienshao\n|\n|upkeep\n|c|\u2606futonkagebunshin|Midsclik\n|\n|t:|1733022611\n|switch|p2b: Typhlosion|Typhlosion-Hisui, L50, M|100\/100\n|turn|4\n|j| ChinaDragonVGC\n|l| ChinaDragonVGC\n|inactive|futonkagebunshin has 30 seconds left.\n|\n|t:|1733022638\n|switch|p1a: Pelipper|Pelipper, L50, M|100\/100\n|-weather|RainDance|[from] ability: Drizzle|[of] p1a: Pelipper\n|-terastallize|p1b: Archaludon|Fairy\n|move|p2b: Typhlosion|Eruption|p1a: Pelipper|[spread] p1a,p1b\n|-resisted|p1a: Pelipper\n|-crit|p1a: Pelipper\n|-damage|p1a: Pelipper|59\/100\n|-damage|p1b: Archaludon|21\/100\n|-ability|p1b: Archaludon|Stamina|boost\n|-boost|p1b: Archaludon|def|1\n|move|p2a: Mamoswine|High Horsepower|p1b: Archaludon\n|-damage|p1b: Archaludon|1\/100\n|-ability|p1b: Archaludon|Stamina|boost\n|-boost|p1b: Archaludon|def|1\n|move|p1b: Archaludon|Electro Shot||[still]\n|-prepare|p1b: Archaludon|Electro Shot\n|-boost|p1b: Archaludon|spa|1\n|-anim|p1b: Archaludon|Electro Shot|p2b: Typhlosion\n|-damage|p2b: Typhlosion|15\/100\n|\n|-weather|RainDance|[upkeep]\n|-sideend|p1: futonkagebunshin|move: Tailwind\n|-sideend|p2: ren122333|move: Tailwind\n|upkeep\n|turn|5\n|\n|t:|1733022659\n|switch|p1b: Whimsicott|Whimsicott, L50, M|69\/100\n|move|p2b: Typhlosion|Eruption|p1a: Pelipper|[spread] p1a,p1b\n|-resisted|p1a: Pelipper\n|-supereffective|p1b: Whimsicott\n|-crit|p1b: Whimsicott\n|-damage|p1a: Pelipper|56\/100\n|-damage|p1b: Whimsicott|40\/100\n|move|p2a: Mamoswine|Icicle Crash|p1a: Pelipper\n|-damage|p1a: Pelipper|6\/100\n|move|p1a: Pelipper|Weather Ball|p2a: Mamoswine\n|-supereffective|p2a: Mamoswine\n|-damage|p2a: Mamoswine|0 fnt\n|faint|p2a: Mamoswine\n|\n|-weather|RainDance|[upkeep]\n|upkeep\n|\n|t:|1733022665\n|switch|p2a: Whimsicott|Whimsicott, L50, F|1\/100\n|turn|6\n|inactive|futonkagebunshin has 30 seconds left.\n|inactive|futonkagebunshin has 20 seconds left.\n|inactive|futonkagebunshin has 15 seconds left.\n|inactive|futonkagebunshin has 10 seconds left.\n|\n|t:|1733022715\n|-terastallize|p2b: Typhlosion|Fire\n|move|p1b: Whimsicott|Tailwind|p1b: Whimsicott\n|-sidestart|p1: futonkagebunshin|move: Tailwind\n|move|p2a: Whimsicott|Tailwind|p2a: Whimsicott\n|-sidestart|p2: ren122333|move: Tailwind\n|move|p2b: Typhlosion|Eruption|p1b: Whimsicott|[spread] p1a,p1b\n|-resisted|p1a: Pelipper\n|-supereffective|p1b: Whimsicott\n|-damage|p1a: Pelipper|0 fnt\n|-damage|p1b: Whimsicott|17\/100\n|faint|p1a: Pelipper\n|\n|-weather|RainDance|[upkeep]\n|upkeep\n|inactive|futonkagebunshin has 30 seconds left.\n|\n|t:|1733022746\n|switch|p1a: Archaludon|Archaludon, L50, M, tera:Fairy|1\/100\n|turn|7\n|inactive|futonkagebunshin has 30 seconds left.\n|inactive|futonkagebunshin has 20 seconds left.\n|inactive|futonkagebunshin has 15 seconds left.\n|inactive|futonkagebunshin has 10 seconds left.\n|inactive|futonkagebunshin has 5 seconds left.\n|\n|t:|1733022801\n|move|p2a: Whimsicott|Encore|p1b: Whimsicott\n|-start|p1b: Whimsicott|Encore\n|move|p1b: Whimsicott|Tailwind||[still]\n|-fail|p1b: Whimsicott\n|move|p2b: Typhlosion|Eruption|p1b: Whimsicott|[spread] p1a,p1b\n|-supereffective|p1b: Whimsicott\n|-damage|p1a: Archaludon|0 fnt\n|-damage|p1b: Whimsicott|0 fnt\n|faint|p1a: Archaludon\n|faint|p1b: Whimsicott\n|\n|win|ren122333\n|raw|futonkagebunshin's rating: 1787 &rarr; <strong>1765<\/strong><br \/>(-22 for losing)\n|raw|ren122333's rating: 1758 &rarr; <strong>1780<\/strong><br \/>(+22 for winning)\n|l|\u2606ren122333\n|player|p2|\n","uploadtime":1733022941,"views":24,"formatid":"gen9vgc2024regh","rating":1765,"private":0,"password":null}