{"id":"gen9vgc2024regh-2254358281","format":"[Gen 9] VGC 2024 Reg H","players":["Azure-Saffron","Bug Maniac Silver"],"log":"|j|\u2606Azure-Saffron\n|j|\u2606Bug Maniac Silver\n|t:|1733024632\n|gametype|doubles\n|player|p1|Azure-Saffron|carmine-festival|1725\n|player|p2|Bug Maniac Silver|aaron|1654\n|teamsize|p1|6\n|teamsize|p2|6\n|gen|9\n|tier|[Gen 9] VGC 2024 Reg H\n|rated|\n|rule|Species Clause: Limit one of each Pok\u00e9mon\n|rule|Item Clause: Limit 1 of each item\n|clearpoke\n|poke|p1|Pelipper, L50, F|\n|poke|p1|Basculegion, L50, M|\n|poke|p1|Overqwil, L50, M|\n|poke|p1|Archaludon, L50, M|\n|poke|p1|Baxcalibur, L50, F|\n|poke|p1|Klefki, L50, F|\n|poke|p2|Dragonite, L50, F|\n|poke|p2|Sneasler, L50, F|\n|poke|p2|Rillaboom, L50, F|\n|poke|p2|Incineroar, L50, F|\n|poke|p2|Gholdengo, L50|\n|poke|p2|Electabuzz, L50, M|\n|teampreview|4\n|inactive|Battle timer is ON: inactive players will automatically lose when time's up. (requested by Azure-Saffron)\n|inactive|Azure-Saffron has 60 seconds left.\n|inactive|Bug Maniac Silver has 60 seconds left.\n|inactive|Bug Maniac Silver has 30 seconds left.\n|\n|t:|1733024702\n|start\n|switch|p1a: Klefki|Klefki, L50, F, shiny|100\/100\n|switch|p1b: Archaludon|Archaludon, L50, M|100\/100\n|switch|p2a: Dragonite|Dragonite, L50, F|100\/100\n|switch|p2b: Sneasler|Sneasler, L50, F|100\/100\n|turn|1\n|inactive|Azure-Saffron has 30 seconds left.\n|\n|t:|1733024733\n|switch|p2a: Gholdengo|Gholdengo, L50|100\/100\n|switch|p1b: Basculegion|Basculegion, L50, M|100\/100\n|move|p2b: Sneasler|Protect|p2b: Sneasler\n|-singleturn|p2b: Sneasler|Protect\n|move|p1a: Klefki|Misty Terrain|p1a: Klefki\n|-fieldstart|move: Misty Terrain\n|\n|upkeep\n|turn|2\n|inactive|Azure-Saffron has 30 seconds left.\n|inactive|Bug Maniac Silver has 30 seconds left.\n|\n|t:|1733024760\n|-terastallize|p2a: Gholdengo|Steel\n|-terastallize|p1b: Basculegion|Water\n|move|p1a: Klefki|Rain Dance|p1a: Klefki\n|-weather|RainDance\n|move|p1b: Basculegion|Flip Turn|p2a: Gholdengo\n|-damage|p2a: Gholdengo|16\/100\n|\n|t:|1733024763\n|switch|p1b: Archaludon|Archaludon, L50, M|100\/100|[from] Flip Turn\n|move|p2b: Sneasler|Close Combat|p1a: Klefki\n|-damage|p1a: Klefki|36\/100\n|-unboost|p2b: Sneasler|def|1\n|-unboost|p2b: Sneasler|spd|1\n|move|p2a: Gholdengo|Shadow Ball|p1b: Archaludon\n|-damage|p1b: Archaludon|54\/100\n|-ability|p1b: Archaludon|Stamina|boost\n|-boost|p1b: Archaludon|def|1\n|\n|-weather|RainDance|[upkeep]\n|upkeep\n|turn|3\n|\n|t:|1733024786\n|move|p1a: Klefki|Light Screen|p1a: Klefki\n|-sidestart|p1: Azure-Saffron|move: Light Screen\n|move|p2b: Sneasler|Close Combat|p1b: Archaludon\n|-supereffective|p1b: Archaludon\n|-damage|p1b: Archaludon|0 fnt\n|-unboost|p2b: Sneasler|def|1\n|-unboost|p2b: Sneasler|spd|1\n|faint|p1b: Archaludon\n|move|p2a: Gholdengo|Shadow Ball|p1a: Klefki\n|-damage|p1a: Klefki|0 fnt\n|faint|p1a: Klefki\n|\n|-weather|RainDance|[upkeep]\n|upkeep\n|\n|t:|1733024789\n|switch|p1b: Basculegion|Basculegion, L50, M, tera:Water|100\/100\n|switch|p1a: Overqwil|Overqwil, L50, M|100\/100\n|turn|4\n|\n|t:|1733024807\n|move|p2b: Sneasler|Protect|p2b: Sneasler\n|-singleturn|p2b: Sneasler|Protect\n|move|p1a: Overqwil|Throat Chop|p2b: Sneasler\n|-activate|p2b: Sneasler|move: Protect\n|move|p1b: Basculegion|Last Respects|p2a: Gholdengo\n|-damage|p2a: Gholdengo|0 fnt\n|faint|p2a: Gholdengo\n|\n|-weather|RainDance|[upkeep]\n|upkeep\n|\n|t:|1733024816\n|switch|p2a: Rillaboom|Rillaboom, L50, F|100\/100\n|-fieldstart|move: Grassy Terrain|[from] ability: Grassy Surge|[of] p2a: Rillaboom\n|turn|5\n|\n|t:|1733024827\n|move|p2a: Rillaboom|Grassy Glide|p1b: Basculegion\n|-supereffective|p1b: Basculegion\n|-damage|p1b: Basculegion|0 fnt\n|faint|p1b: Basculegion\n|move|p1a: Overqwil|Gunk Shot|p2a: Rillaboom\n|-supereffective|p2a: Rillaboom\n|-damage|p2a: Rillaboom|0 fnt\n|faint|p2a: Rillaboom\n|-damage|p1a: Overqwil|91\/100|[from] item: Life Orb\n|move|p2b: Sneasler|Coaching|p2: Rillaboom|[notarget]\n|-fail|p2b: Sneasler\n|\n|-weather|RainDance|[upkeep]\n|-heal|p1a: Overqwil|97\/100|[from] Grassy Terrain\n|upkeep\n|\n|t:|1733024834\n|switch|p2a: Dragonite|Dragonite, L50, F|100\/100\n|turn|6\n|\n|t:|1733024839\n|move|p1a: Overqwil|Gunk Shot|p2a: Dragonite\n|-damage|p2a: Dragonite|52\/100\n|-damage|p1a: Overqwil|87\/100|[from] item: Life Orb\n|move|p2b: Sneasler|Close Combat|p1a: Overqwil\n|-damage|p1a: Overqwil|0 fnt\n|-unboost|p2b: Sneasler|def|1\n|-unboost|p2b: Sneasler|spd|1\n|faint|p1a: Overqwil\n|\n|win|Bug Maniac Silver\n|raw|Azure-Saffron's rating: 1725 &rarr; <strong>1701<\/strong><br \/>(-24 for losing)\n|raw|Bug Maniac Silver's rating: 1654 &rarr; <strong>1678<\/strong><br \/>(+24 for winning)\n|l|\u2606Azure-Saffron\n|player|p1|\n|l|\u2606Bug Maniac Silver\n|player|p2|\n","uploadtime":1733025077,"views":9,"formatid":"gen9vgc2024regh","rating":1678,"private":0,"password":null}