{"id":"gen9vgc2024regh-2254603773","format":"[Gen 9] VGC 2024 Reg H","players":["greenlightdmp","insertable194"],"log":"|j|\u2606greenlightdmp\n|j|\u2606insertable194\n|t:|1733069183\n|gametype|doubles\n|player|p1|greenlightdmp|101|1688\n|player|p2|insertable194|hanbei-conquest|1724\n|teamsize|p1|6\n|teamsize|p2|6\n|gen|9\n|tier|[Gen 9] VGC 2024 Reg H\n|rated|\n|rule|Species Clause: Limit one of each Pok\u00e9mon\n|rule|Item Clause: Limit 1 of each item\n|clearpoke\n|poke|p1|Pelipper, L50, M|\n|poke|p1|Archaludon, L50, F|\n|poke|p1|Sneasler, L50, F|\n|poke|p1|Dragonite, L50, F|\n|poke|p1|Basculegion, L50, M|\n|poke|p1|Rillaboom, L50, M|\n|poke|p2|Smeargle, L50, F|\n|poke|p2|Farigiraf, L50, F|\n|poke|p2|Archaludon, L50, F|\n|poke|p2|Torkoal, L50, F|\n|poke|p2|Ursaluna-Bloodmoon, L50, M|\n|poke|p2|Annihilape, L50, F|\n|teampreview|4\n|inactive|Battle timer is ON: inactive players will automatically lose when time's up. (requested by insertable194)\n|inactive|greenlightdmp has 60 seconds left.\n|\n|t:|1733069241\n|start\n|switch|p1a: Hephetus|Archaludon, L50, F|100\/100\n|switch|p1b: Thanotos|Basculegion, L50, M|100\/100\n|switch|p2a: Smeargle|Smeargle, L50, F|100\/100\n|switch|p2b: Farigiraf|Farigiraf, L50, F|100\/100\n|turn|1\n|\n|t:|1733069255\n|switch|p1a: Posiden|Pelipper, L50, M|100\/100\n|-weather|RainDance|[from] ability: Drizzle|[of] p1a: Posiden\n|move|p2a: Smeargle|Follow Me|p2a: Smeargle\n|-singleturn|p2a: Smeargle|move: Follow Me\n|move|p1b: Thanotos|Flip Turn|p2a: Smeargle\n|-damage|p2a: Smeargle|0 fnt\n|faint|p2a: Smeargle\n|\n|t:|1733069267\n|switch|p1b: Kratos|Dragonite, L50, F, shiny|100\/100|[from] Flip Turn\n|move|p2b: Farigiraf|Trick Room|p2b: Farigiraf\n|-fieldstart|move: Trick Room|[of] p2b: Farigiraf\n|\n|-weather|RainDance|[upkeep]\n|upkeep\n|inactive|insertable194 has 30 seconds left.\n|inactive|insertable194 has 20 seconds left.\n|inactive|insertable194 has 15 seconds left.\n|inactive|insertable194 has 10 seconds left.\n|inactive|insertable194 has 5 seconds left.\n|\n|t:|1733069319\n|switch|p2a: Ursaluna|Ursaluna-Bloodmoon, L50, M|100\/100\n|turn|2\n|\n|t:|1733069334\n|switch|p1b: Hephetus|Archaludon, L50, F|100\/100\n|-terastallize|p2a: Ursaluna|Normal\n|move|p1a: Posiden|Protect|p1a: Posiden\n|-singleturn|p1a: Posiden|Protect\n|move|p2b: Farigiraf|Twin Beam|p1a: Posiden\n|-activate|p1a: Posiden|move: Protect\n|move|p2a: Ursaluna|Hyper Voice|p1b: Hephetus|[spread] p1b\n|-activate|p1a: Posiden|move: Protect\n|-resisted|p1b: Hephetus\n|-damage|p1b: Hephetus|70\/100\n|-ability|p1b: Hephetus|Stamina|boost\n|-boost|p1b: Hephetus|def|1\n|-damage|p2a: Ursaluna|90\/100|[from] item: Life Orb\n|\n|-weather|RainDance|[upkeep]\n|upkeep\n|turn|3\n|j| Fancy Cucudrula\n|inactive|greenlightdmp has 30 seconds left.\n|inactive|greenlightdmp has 20 seconds left.\n|\n|t:|1733069372\n|switch|p1a: Kratos|Dragonite, L50, F, shiny|100\/100\n|-terastallize|p1b: Hephetus|Grass\n|move|p2b: Farigiraf|Twin Beam|p1a: Kratos\n|-damage|p1a: Kratos|93\/100\n|-damage|p1a: Kratos|76\/100\n|-hitcount|p1a: Kratos|2\n|move|p2a: Ursaluna|Hyper Voice|p1b: Hephetus|[spread] p1a,p1b\n|-damage|p1a: Kratos|0 fnt\n|-damage|p1b: Hephetus|11\/100\n|-ability|p1b: Hephetus|Stamina|boost\n|-boost|p1b: Hephetus|def|1\n|faint|p1a: Kratos\n|-damage|p2a: Ursaluna|80\/100|[from] item: Life Orb\n|move|p1b: Hephetus|Body Press|p2a: Ursaluna\n|-supereffective|p2a: Ursaluna\n|-damage|p2a: Ursaluna|10\/100\n|\n|-weather|RainDance|[upkeep]\n|upkeep\n|inactive|greenlightdmp has 30 seconds left.\n|inactive|greenlightdmp has 20 seconds left.\n|inactive|greenlightdmp has 15 seconds left.\n|\n|t:|1733069416\n|switch|p1a: Posiden|Pelipper, L50, M|100\/100\n|turn|4\n|inactive|insertable194 has 30 seconds left.\n|inactive|insertable194 has 20 seconds left.\n|\n|t:|1733069455\n|switch|p1b: Thanotos|Basculegion, L50, M|100\/100\n|move|p1a: Posiden|Protect|p1a: Posiden\n|-singleturn|p1a: Posiden|Protect\n|move|p2b: Farigiraf|Twin Beam|p1b: Thanotos\n|-damage|p1b: Thanotos|85\/100\n|-damage|p1b: Thanotos|69\/100\n|-hitcount|p1b: Thanotos|2\n|move|p2a: Ursaluna|Blood Moon|p1a: Posiden\n|-activate|p1a: Posiden|move: Protect\n|\n|-weather|RainDance|[upkeep]\n|upkeep\n|turn|5\n|inactive|greenlightdmp has 30 seconds left.\n|\n|t:|1733069482\n|switch|p1b: Hephetus|Archaludon, L50, F, tera:Grass|11\/100\n|move|p2b: Farigiraf|Twin Beam|p1a: Posiden\n|-damage|p1a: Posiden|78\/100\n|-damage|p1a: Posiden|54\/100\n|-hitcount|p1a: Posiden|2\n|move|p2a: Ursaluna|Hyper Voice|p1b: Hephetus|[spread] p1a,p1b\n|-crit|p1b: Hephetus\n|-damage|p1a: Posiden|0 fnt\n|-damage|p1b: Hephetus|0 fnt\n|faint|p1a: Posiden\n|faint|p1b: Hephetus\n|-damage|p2a: Ursaluna|0 fnt|[from] item: Life Orb\n|faint|p2a: Ursaluna\n|\n|-weather|none\n|-fieldend|move: Trick Room\n|upkeep\n|-message|greenlightdmp forfeited.\n|\n|win|insertable194\n|raw|greenlightdmp's rating: 1688 &rarr; <strong>1670<\/strong><br \/>(-18 for losing)\n|raw|insertable194's rating: 1724 &rarr; <strong>1742<\/strong><br \/>(+18 for winning)\n|l|\u2606greenlightdmp\n|player|p1|\n","uploadtime":1733069641,"views":8,"formatid":"gen9vgc2024regh","rating":1670,"private":0,"password":null}