{"id":"gen9vgc2024regh-2254008615","format":"[Gen 9] VGC 2024 Reg H","players":["SeaWolfMikess","BassoTara2"],"log":"|badge|p1|bronze|gen9doublesou|100-3\n|uhtml|medal-msg|<div class=\"broadcast-blue\">Curious what those medals under the avatar are? PS now has Ladder Seasons! For more information, check out the <a href=\"https:\/\/www.smogon.com\/forums\/threads\/3740067\/\">thread on Smogon.<\/a><\/div>\n|j|\u2606SeaWolfMikess\n|j|\u2606BassoTara2\n|t:|1732979350\n|gametype|doubles\n|player|p1|SeaWolfMikess|hugh|1804\n|player|p2|BassoTara2|psychic-gen4|1708\n|teamsize|p1|6\n|teamsize|p2|6\n|gen|9\n|tier|[Gen 9] VGC 2024 Reg H\n|rated|\n|rule|Species Clause: Limit one of each Pok\u00e9mon\n|rule|Item Clause: Limit 1 of each item\n|clearpoke\n|poke|p1|Pelipper, L50, M|\n|poke|p1|Archaludon, L50, F|\n|poke|p1|Rillaboom, L50, M|\n|poke|p1|Sneasler, L50, F|\n|poke|p1|Incineroar, L50, F|\n|poke|p1|Gholdengo, L50|\n|poke|p2|Indeedee-F, L50, F|\n|poke|p2|Hatterene, L50, F|\n|poke|p2|Torkoal, L50, F|\n|poke|p2|Ursaluna, L50, M|\n|poke|p2|Gallade, L50, M|\n|poke|p2|Maushold-Four, L50|\n|teampreview|4\nBassoTara2 has agreed to open team sheets.\n|\n|t:|1732979380\n|start\n|switch|p1a: Incineroar|Incineroar, L50, F|100\/100\n|switch|p1b: Sneasler|Sneasler, L50, F|100\/100\n|switch|p2a: Indeedee|Indeedee-F, L50, F|100\/100\n|switch|p2b: Gallade|Gallade, L50, M, shiny|100\/100\n|-fieldstart|move: Psychic Terrain|[from] ability: Psychic Surge|[of] p2a: Indeedee\n|-enditem|p2a: Indeedee|Psychic Seed\n|-boost|p2a: Indeedee|spd|1|[from] item: Psychic Seed\n|-ability|p1a: Incineroar|Intimidate|boost\n|-unboost|p2a: Indeedee|atk|1\n|-fail|p2b: Gallade|unboost|[from] item: Clear Amulet|[of] p2b: Gallade\n|turn|1\n|\n|t:|1732979411\n|move|p1b: Sneasler|Dire Claw|p2b: Gallade\n|-damage|p2b: Gallade|31\/100\n|-status|p2b: Gallade|slp\n|cant|p2b: Gallade|slp\n|move|p1a: Incineroar|Parting Shot|p2a: Indeedee\n|-unboost|p2a: Indeedee|atk|1\n|-unboost|p2a: Indeedee|spa|1\n|\n|t:|1732979419\n|switch|p1a: Archaludon|Archaludon, L50, F|100\/100|[from] Parting Shot\n|move|p2a: Indeedee|Trick Room|p2a: Indeedee\n|-fieldstart|move: Trick Room|[of] p2a: Indeedee\n|\n|upkeep\n|turn|2\n|\n|t:|1732979436\n|switch|p1b: Incineroar|Incineroar, L50, F|100\/100\n|-ability|p1b: Incineroar|Intimidate|boost\n|-unboost|p2a: Indeedee|atk|1\n|-fail|p2b: Gallade|unboost|[from] item: Clear Amulet|[of] p2b: Gallade\n|move|p2a: Indeedee|Psychic|p1b: Incineroar\n|-immune|p1b: Incineroar\n|cant|p2b: Gallade|slp\n|move|p1a: Archaludon|Dragon Pulse|p2b: Gallade\n|-damage|p2b: Gallade|0 fnt\n|faint|p2b: Gallade\n|\n|upkeep\n|\n|t:|1732979448\n|switch|p2b: Ursaluna|Ursaluna, L50, M|100\/100\n|turn|3\n|\n|t:|1732979466\n|move|p2b: Ursaluna|Headlong Rush|p1b: Incineroar\n|-supereffective|p1b: Incineroar\n|-damage|p1b: Incineroar|0 fnt\n|-unboost|p2b: Ursaluna|def|1\n|-unboost|p2b: Ursaluna|spd|1\n|faint|p1b: Incineroar\n|move|p2a: Indeedee|Psychic|p1a: Archaludon\n|-resisted|p1a: Archaludon\n|-damage|p1a: Archaludon|81\/100\n|move|p1a: Archaludon|Dragon Pulse|p2b: Ursaluna\n|-damage|p2b: Ursaluna|44\/100\n|\n|-status|p2b: Ursaluna|brn|[from] item: Flame Orb\n|upkeep\n|\n|t:|1732979475\n|switch|p1b: Rillaboom|Rillaboom, L50, M|100\/100\n|-fieldstart|move: Grassy Terrain|[from] ability: Grassy Surge|[of] p1b: Rillaboom\n|turn|4\n|\n|t:|1732979500\n|switch|p2a: Torkoal|Torkoal, L50, F|100\/100\n|-weather|SunnyDay|[from] ability: Drought|[of] p2a: Torkoal\n|move|p2b: Ursaluna|Protect|p2b: Ursaluna\n|-singleturn|p2b: Ursaluna|Protect\n|move|p1a: Archaludon|Protect|p1a: Archaludon\n|-singleturn|p1a: Archaludon|Protect\n|move|p1b: Rillaboom|Wood Hammer|p2b: Ursaluna\n|-activate|p2b: Ursaluna|move: Protect\n|\n|-weather|SunnyDay|[upkeep]\n|-heal|p2b: Ursaluna|50\/100 brn|[from] Grassy Terrain\n|-heal|p1a: Archaludon|87\/100|[from] Grassy Terrain\n|-damage|p2b: Ursaluna|44\/100 brn|[from] brn\n|upkeep\n|turn|5\n|\n|t:|1732979519\n|-terastallize|p2b: Ursaluna|Ghost\n|-terastallize|p1b: Rillaboom|Fire\n|move|p1b: Rillaboom|Grassy Glide|p2b: Ursaluna\n|-damage|p2b: Ursaluna|5\/100 brn\n|move|p2a: Torkoal|Eruption|p1a: Archaludon|[spread] p1a,p1b\n|-resisted|p1b: Rillaboom\n|-damage|p1a: Archaludon|0 fnt\n|-damage|p1b: Rillaboom|65\/100\n|faint|p1a: Archaludon\n|move|p2b: Ursaluna|Facade|p1b: Rillaboom\n|-damage|p1b: Rillaboom|0 fnt\n|faint|p1b: Rillaboom\n|\n|-weather|SunnyDay|[upkeep]\n|-heal|p2b: Ursaluna|11\/100 brn|[from] Grassy Terrain\n|-damage|p2b: Ursaluna|5\/100 brn|[from] brn\n|-fieldend|move: Trick Room\n|upkeep\n|\n|t:|1732979526\n|switch|p1b: Sneasler|Sneasler, L50, F|100\/100\n|-enditem|p1b: Sneasler|Grassy Seed\n|-boost|p1b: Sneasler|def|1|[from] item: Grassy Seed\n|turn|6\n|-message|SeaWolfMikess forfeited.\n|\n|win|BassoTara2\n|raw|SeaWolfMikess's rating: 1804 &rarr; <strong>1779<\/strong><br \/>(-25 for losing)\n|raw|BassoTara2's rating: 1708 &rarr; <strong>1733<\/strong><br \/>(+25 for winning)\n|l|\u2606SeaWolfMikess\n|player|p1|\n|l|\u2606BassoTara2\n|player|p2|\n","uploadtime":1732979787,"views":8,"formatid":"gen9vgc2024regh","rating":1733,"private":0,"password":null}