{"id":"gen9vgc2024regh-2254027862","format":"[Gen 9] VGC 2024 Reg H","players":["actuary97","BassoTara2"],"log":"|j|\u2606actuary97\n|j|\u2606BassoTara2\n|t:|1732981995\n|gametype|doubles\n|player|p1|actuary97|sabrina-frlg|1721\n|player|p2|BassoTara2|psychic-gen4|1756\n|teamsize|p1|6\n|teamsize|p2|6\n|gen|9\n|tier|[Gen 9] VGC 2024 Reg H\n|rated|\n|rule|Species Clause: Limit one of each Pok\u00e9mon\n|rule|Item Clause: Limit 1 of each item\n|clearpoke\n|poke|p1|Whimsicott, L50, F|\n|poke|p1|Gallade, L50, M|\n|poke|p1|Archaludon, L50, F|\n|poke|p1|Malamar, L50, F|\n|poke|p1|Indeedee, L50, M|\n|poke|p1|Drifblim, L50, M|\n|poke|p2|Indeedee-F, L50, F|\n|poke|p2|Hatterene, L50, F|\n|poke|p2|Torkoal, L50, M|\n|poke|p2|Ursaluna, L50, F|\n|poke|p2|Gallade, L50, M|\n|poke|p2|Maushold-Four, L50|\n|teampreview|4\nBassoTara2 has agreed to open team sheets.\nactuary97 has agreed to open team sheets.\n|\n|t:|1732982054\n|start\n|switch|p1a: Bridget|Archaludon, L50, F, shiny|100\/100\n|switch|p1b: Malamother|Malamar, L50, F|100\/100\n|switch|p2a: Maushold|Maushold-Four, L50|100\/100\n|switch|p2b: Indeedee|Indeedee-F, L50, F|100\/100\n|-fieldstart|move: Psychic Terrain|[from] ability: Psychic Surge|[of] p2b: Indeedee\n|-enditem|p2b: Indeedee|Psychic Seed\n|-boost|p2b: Indeedee|spd|1|[from] item: Psychic Seed\n|turn|1\n|\n|t:|1732982075\n|switch|p1b: Happy Thanksgiving|Drifblim, L50, M, shiny|100\/100\n|-enditem|p1b: Happy Thanksgiving|Psychic Seed\n|-boost|p1b: Happy Thanksgiving|spd|1|[from] item: Psychic Seed\n|move|p2b: Indeedee|Helping Hand|p2a: Maushold\n|-singleturn|p2a: Maushold|Helping Hand|[of] p2b: Indeedee\n|move|p2a: Maushold|Population Bomb|p1b: Happy Thanksgiving\n|-immune|p1b: Happy Thanksgiving\n|move|p1a: Bridget|Snarl|p2a: Maushold|[spread] p2a,p2b\n|-supereffective|p2b: Indeedee\n|-damage|p2a: Maushold|81\/100\n|-damage|p2b: Indeedee|84\/100\n|-unboost|p2a: Maushold|spa|1\n|-unboost|p2b: Indeedee|spa|1\n|\n|upkeep\n|turn|2\n|\n|t:|1732982100\n|switch|p2a: Gallade|Gallade, L50, M, shiny|100\/100\n|switch|p1a: Malamother|Malamar, L50, F|100\/100\n|move|p1b: Happy Thanksgiving|Will-O-Wisp|p2a: Gallade\n|-status|p2a: Gallade|brn\n|move|p2b: Indeedee|Trick Room|p2b: Indeedee\n|-fieldstart|move: Trick Room|[of] p2b: Indeedee\n|\n|-damage|p2a: Gallade|95\/100 brn|[from] brn\n|upkeep\n|turn|3\n|\n|t:|1732982132\n|switch|p2b: Torkoal|Torkoal, L50, M|100\/100\n|-weather|SunnyDay|[from] ability: Drought|[of] p2b: Torkoal\n|move|p1a: Malamother|Superpower|p2b: Torkoal\n|-damage|p2b: Torkoal|79\/100\n|-boost|p1a: Malamother|atk|1\n|-boost|p1a: Malamother|def|1\n|move|p2a: Gallade|Sacred Sword|p1a: Malamother\n|-damage|p1a: Malamother|65\/100\n|move|p1b: Happy Thanksgiving|Air Slash|p2a: Gallade|[miss]\n|-miss|p1b: Happy Thanksgiving|p2a: Gallade\n|\n|-weather|SunnyDay|[upkeep]\n|-damage|p2a: Gallade|89\/100 brn|[from] brn\n|upkeep\n|turn|4\n|\n|t:|1732982154\n|-terastallize|p2b: Torkoal|Fire\n|-terastallize|p1a: Malamother|Fire\n|move|p2b: Torkoal|Eruption|p1b: Happy Thanksgiving|[spread] p1a,p1b\n|-resisted|p1a: Malamother\n|-damage|p1a: Malamother|10\/100\n|-damage|p1b: Happy Thanksgiving|19\/100\n|-enditem|p1a: Malamother|Sitrus Berry|[eat]\n|-heal|p1a: Malamother|35\/100|[from] item: Sitrus Berry\n|move|p1a: Malamother|Knock Off|p2b: Torkoal\n|-damage|p2b: Torkoal|40\/100\n|-enditem|p2b: Torkoal|Choice Specs|[from] move: Knock Off|[of] p1a: Malamother\n|move|p2a: Gallade|Sacred Sword|p1a: Malamother\n|-damage|p1a: Malamother|0 fnt\n|faint|p1a: Malamother\n|move|p1b: Happy Thanksgiving|Air Slash|p2b: Torkoal\n|-damage|p2b: Torkoal|11\/100\n|\n|-weather|SunnyDay|[upkeep]\n|-damage|p2a: Gallade|83\/100 brn|[from] brn\n|upkeep\n|\n|t:|1732982175\n|switch|p1a: Bridget|Archaludon, L50, F, shiny|100\/100\n|turn|5\n|\n|t:|1732982180\n|move|p2b: Torkoal|Heat Wave|p1b: Happy Thanksgiving|[spread] p1a,p1b\n|-damage|p1a: Bridget|59\/100\n|-damage|p1b: Happy Thanksgiving|0 fnt\n|-ability|p1a: Bridget|Stamina|boost\n|-boost|p1a: Bridget|def|1\n|faint|p1b: Happy Thanksgiving\n|move|p2a: Gallade|Sacred Sword|p1a: Bridget\n|-supereffective|p1a: Bridget\n|-damage|p1a: Bridget|5\/100\n|-ability|p1a: Bridget|Stamina|boost\n|-boost|p1a: Bridget|def|1\n|move|p1a: Bridget|Snarl|p2a: Gallade|[spread] p2a,p2b\n|-damage|p2a: Gallade|71\/100 brn\n|-damage|p2b: Torkoal|0 fnt\n|faint|p2b: Torkoal\n|\n|-weather|SunnyDay|[upkeep]\n|-damage|p2a: Gallade|65\/100 brn|[from] brn\n|-fieldend|move: Psychic Terrain\n|upkeep\n|\n|t:|1732982199\n|switch|p2b: Indeedee|Indeedee-F, L50, F|84\/100\n|switch|p1b: Tapu Deedee|Indeedee, L50, M, shiny|100\/100\n|-fieldstart|move: Psychic Terrain|[from] ability: Psychic Surge|[of] p2b: Indeedee\n|turn|6\n|\n|t:|1732982211\n|move|p2b: Indeedee|Psychic|p1b: Tapu Deedee\n|-resisted|p1b: Tapu Deedee\n|-damage|p1b: Tapu Deedee|72\/100\n|move|p2a: Gallade|Sacred Sword|p1a: Bridget\n|-supereffective|p1a: Bridget\n|-damage|p1a: Bridget|0 fnt\n|faint|p1a: Bridget\n|move|p1b: Tapu Deedee|Trick|p2a: Gallade\n|-activate|p1b: Tapu Deedee|move: Trick|[of] p2a: Gallade\n|-item|p2a: Gallade|Choice Specs|[from] move: Trick\n|-item|p1b: Tapu Deedee|Clear Amulet|[from] move: Trick\n|\n|-weather|SunnyDay|[upkeep]\n|-damage|p2a: Gallade|59\/100 brn|[from] brn\n|-fieldend|move: Trick Room\n|upkeep\n|turn|7\n|\n|t:|1732982234\n|move|p2b: Indeedee|Helping Hand|p2a: Gallade\n|-singleturn|p2a: Gallade|Helping Hand|[of] p2b: Indeedee\n|move|p1b: Tapu Deedee|Expanding Force|p2a: Gallade|[spread] p2a,p2b\n|-resisted|p2b: Indeedee\n|-damage|p2a: Gallade|4\/100 brn\n|-damage|p2b: Indeedee|58\/100\n|move|p2a: Gallade|Sacred Sword|p1b: Tapu Deedee\n|-damage|p1b: Tapu Deedee|0 fnt\n|faint|p1b: Tapu Deedee\n|\n|win|BassoTara2\n|raw|actuary97's rating: 1721 &rarr; <strong>1703<\/strong><br \/>(-18 for losing)\n|raw|BassoTara2's rating: 1756 &rarr; <strong>1774<\/strong><br \/>(+18 for winning)\n|c|\u2606BassoTara2|gg\n|c|\u2606actuary97|ggwp\n|l|\u2606actuary97\n|player|p1|\n|l|\u2606BassoTara2\n|player|p2|\n","uploadtime":1732982419,"views":10,"formatid":"gen9vgc2024regh","rating":1703,"private":0,"password":null}