{"id":"gen9vgc2024regh-2254467267","format":"[Gen 9] VGC 2024 Reg H","players":["Nerd159","magnusmagnum"],"log":"|j|\u2606Nerd159\n|j|\u2606magnusmagnum\n|t:|1733044675\n|gametype|doubles\n|player|p1|Nerd159|1|1819\n|player|p2|magnusmagnum|1|1776\n|teamsize|p1|6\n|teamsize|p2|6\n|gen|9\n|tier|[Gen 9] VGC 2024 Reg H\n|rated|\n|rule|Species Clause: Limit one of each Pok\u00e9mon\n|rule|Item Clause: Limit 1 of each item\n|clearpoke\n|poke|p1|Kommo-o, L50, M|\n|poke|p1|Sinistcha, L50|\n|poke|p1|Incineroar, L50, M|\n|poke|p1|Murkrow, L50, M|\n|poke|p1|Ursaluna-Bloodmoon, L50, M|\n|poke|p1|Gholdengo, L50|\n|poke|p2|Sneasler, L50, F|\n|poke|p2|Chandelure, L50, F|\n|poke|p2|Ursaluna-Bloodmoon, L50, M|\n|poke|p2|Garchomp, L50, F|\n|poke|p2|Rillaboom, L50, F|\n|poke|p2|Gholdengo, L50|\n|teampreview|4\n|inactive|Battle timer is ON: inactive players will automatically lose when time's up. (requested by Nerd159)\n|inactive|magnusmagnum has 60 seconds left.\n|inactive|magnusmagnum has 30 seconds left.\n|\n|t:|1733044783\n|start\n|switch|p1a: Ursaluna|Ursaluna-Bloodmoon, L50, M|100\/100\n|switch|p1b: Murkrow|Murkrow, L50, M|100\/100\n|switch|p2a: Chandelure|Chandelure, L50, F|100\/100\n|switch|p2b: Sneasler|Sneasler, L50, F|100\/100\n|turn|1\n|\n|t:|1733044807\n|-terastallize|p1b: Murkrow|Ghost\n|move|p1a: Ursaluna|Protect|p1a: Ursaluna\n|-singleturn|p1a: Ursaluna|Protect\n|move|p2b: Sneasler|Fake Out|p1a: Ursaluna\n|-activate|p1a: Ursaluna|move: Protect\n|move|p1b: Murkrow|Snarl|p2b: Sneasler|[spread] p2a,p2b\n|-supereffective|p2a: Chandelure\n|-resisted|p2b: Sneasler\n|-damage|p2a: Chandelure|70\/100\n|-damage|p2b: Sneasler|92\/100\n|-unboost|p2a: Chandelure|spa|1\n|-unboost|p2b: Sneasler|spa|1\n|move|p2a: Chandelure|Heat Wave|p1b: Murkrow|[spread] p1b\n|-activate|p1a: Ursaluna|move: Protect\n|-damage|p1b: Murkrow|69\/100\n|\n|upkeep\n|turn|2\n|inactive|magnusmagnum has 30 seconds left.\n|\n|t:|1733044834\n|switch|p2b: Rillaboom|Rillaboom, L50, F|100\/100\n|-fieldstart|move: Grassy Terrain|[from] ability: Grassy Surge|[of] p2b: Rillaboom\n|move|p1b: Murkrow|Tailwind|p1b: Murkrow\n|-sidestart|p1: Nerd159|move: Tailwind\n|move|p1a: Ursaluna|Blood Moon|p2b: Rillaboom\n|-damage|p2b: Rillaboom|0 fnt\n|faint|p2b: Rillaboom\n|-damage|p1a: Ursaluna|91\/100|[from] item: Life Orb\n|move|p2a: Chandelure|Trick Room|p2a: Chandelure\n|-fieldstart|move: Trick Room|[of] p2a: Chandelure\n|\n|-heal|p2a: Chandelure|76\/100|[from] Grassy Terrain\n|-heal|p1a: Ursaluna|97\/100|[from] Grassy Terrain\n|-heal|p1b: Murkrow|75\/100|[from] Grassy Terrain\n|upkeep\n|inactive|magnusmagnum has 30 seconds left.\n|\n|t:|1733044862\n|switch|p2b: Sneasler|Sneasler, L50, F|92\/100\n|turn|3\n|\n|t:|1733044879\n|switch|p1b: Incineroar|Incineroar, L50, M|100\/100\n|-ability|p1b: Incineroar|Intimidate|boost\n|-unboost|p2a: Chandelure|atk|1\n|-unboost|p2b: Sneasler|atk|1\n|-terastallize|p2b: Sneasler|Stellar\n|move|p1a: Ursaluna|Protect|p1a: Ursaluna\n|-singleturn|p1a: Ursaluna|Protect\n|move|p2a: Chandelure|Heat Wave|p1a: Ursaluna|[spread] \n|-activate|p1a: Ursaluna|move: Protect\n|-miss|p2a: Chandelure|p1b: Incineroar\n|move|p2b: Sneasler|Close Combat|p1b: Incineroar\n|-supereffective|p1b: Incineroar\n|-damage|p1b: Incineroar|0 fnt\n|-unboost|p2b: Sneasler|def|1\n|-unboost|p2b: Sneasler|spd|1\n|faint|p1b: Incineroar\n|\n|-heal|p2a: Chandelure|82\/100|[from] Grassy Terrain\n|-heal|p2b: Sneasler|98\/100|[from] Grassy Terrain\n|-heal|p1a: Ursaluna|100\/100|[from] Grassy Terrain\n|upkeep\n|\n|t:|1733044889\n|switch|p1b: Kommo-o|Kommo-o, L50, M|100\/100\n|turn|4\n|inactive|magnusmagnum has 30 seconds left.\n|\n|t:|1733044914\n|switch|p1a: Murkrow|Murkrow, L50, M, tera:Ghost|75\/100\n|move|p2b: Sneasler|Protect|p2b: Sneasler\n|-singleturn|p2b: Sneasler|Protect\n|move|p2a: Chandelure|Heat Wave|p1a: Murkrow|[spread] p1a,p1b\n|-resisted|p1b: Kommo-o\n|-damage|p1a: Murkrow|48\/100\n|-damage|p1b: Kommo-o|86\/100\n|move|p1b: Kommo-o|Clanging Scales|p2a: Chandelure|[spread] p2a\n|-activate|p2b: Sneasler|move: Protect\n|-damage|p2a: Chandelure|34\/100\n|-unboost|p1b: Kommo-o|def|1\n|-enditem|p1b: Kommo-o|Throat Spray\n|-boost|p1b: Kommo-o|spa|1|[from] item: Throat Spray\n|\n|-heal|p2a: Chandelure|40\/100|[from] Grassy Terrain\n|-heal|p2b: Sneasler|100\/100|[from] Grassy Terrain\n|-heal|p1b: Kommo-o|92\/100|[from] Grassy Terrain\n|-heal|p1a: Murkrow|54\/100|[from] Grassy Terrain\n|upkeep\n|turn|5\n|\n|t:|1733044935\n|switch|p1a: Ursaluna|Ursaluna-Bloodmoon, L50, M|100\/100\n|move|p1b: Kommo-o|Protect|p1b: Kommo-o\n|-singleturn|p1b: Kommo-o|Protect\n|move|p2a: Chandelure|Shadow Ball|p1a: Ursaluna\n|-immune|p1a: Ursaluna\n|move|p2b: Sneasler|Close Combat|p1a: Ursaluna\n|-supereffective|p1a: Ursaluna\n|-damage|p1a: Ursaluna|36\/100\n|-unboost|p2b: Sneasler|def|1\n|-unboost|p2b: Sneasler|spd|1\n|\n|-heal|p2a: Chandelure|47\/100|[from] Grassy Terrain\n|-heal|p1a: Ursaluna|42\/100|[from] Grassy Terrain\n|-heal|p1b: Kommo-o|98\/100|[from] Grassy Terrain\n|-sideend|p1: Nerd159|move: Tailwind\n|upkeep\n|turn|6\n|j| xaeroblast\n|inactive|magnusmagnum has 30 seconds left.\n|inactive|magnusmagnum has 20 seconds left.\n|inactive|Nerd159 has 30 seconds left.\n|\n|t:|1733044980\n|switch|p1b: Murkrow|Murkrow, L50, M, tera:Ghost|54\/100\n|move|p2b: Sneasler|Protect|p2b: Sneasler\n|-singleturn|p2b: Sneasler|Protect\n|move|p1a: Ursaluna|Hyper Voice|p2b: Sneasler|[spread] p2a\n|-activate|p2b: Sneasler|move: Protect\n|-damage|p2a: Chandelure|0 fnt\n|faint|p2a: Chandelure\n|-damage|p1a: Ursaluna|32\/100|[from] item: Life Orb\n|\n|-heal|p1a: Ursaluna|38\/100|[from] Grassy Terrain\n|-heal|p1b: Murkrow|60\/100|[from] Grassy Terrain\n|-fieldend|move: Trick Room\n|-fieldend|move: Grassy Terrain\n|upkeep\n|\n|t:|1733044988\n|switch|p2a: Gholdengo|Gholdengo, L50|100\/100\n|turn|7\n|inactive|magnusmagnum has 30 seconds left.\n|inactive|magnusmagnum has 20 seconds left.\n|\n|t:|1733045027\n|move|p2a: Gholdengo|Protect|p2a: Gholdengo\n|-singleturn|p2a: Gholdengo|Protect\n|move|p1b: Murkrow|Tailwind|p1b: Murkrow\n|-sidestart|p1: Nerd159|move: Tailwind\n|move|p1a: Ursaluna|Earth Power|p2a: Gholdengo\n|-activate|p2a: Gholdengo|move: Protect\n|move|p2b: Sneasler|Close Combat|p1a: Ursaluna\n|-supereffective|p1a: Ursaluna\n|-damage|p1a: Ursaluna|0 fnt\n|-unboost|p2b: Sneasler|def|1\n|-unboost|p2b: Sneasler|spd|1\n|faint|p1a: Ursaluna\n|\n|upkeep\n|\n|t:|1733045029\n|switch|p1a: Kommo-o|Kommo-o, L50, M|98\/100\n|turn|8\n|\n|t:|1733045041\n|move|p1b: Murkrow|Snarl|p2b: Sneasler|[spread] p2a,p2b\n|-supereffective|p2a: Gholdengo\n|-resisted|p2b: Sneasler\n|-damage|p2a: Gholdengo|75\/100\n|-damage|p2b: Sneasler|80\/100\n|-unboost|p2a: Gholdengo|spa|1\n|-unboost|p2b: Sneasler|spa|1\n|move|p1a: Kommo-o|Clanging Scales|p2b: Sneasler|[spread] p2a,p2b\n|-resisted|p2a: Gholdengo\n|-damage|p2a: Gholdengo|54\/100\n|-damage|p2b: Sneasler|0 fnt\n|faint|p2b: Sneasler\n|-unboost|p1a: Kommo-o|def|1\n|move|p2a: Gholdengo|Shadow Ball|p1b: Murkrow\n|-supereffective|p1b: Murkrow\n|-damage|p1b: Murkrow|3\/100\n|\n|upkeep\n|turn|9\n|\n|t:|1733045059\n|move|p2a: Gholdengo|Protect|p2a: Gholdengo\n|-singleturn|p2a: Gholdengo|Protect\n|move|p1b: Murkrow|Foul Play|p2a: Gholdengo\n|-activate|p2a: Gholdengo|move: Protect\n|move|p1a: Kommo-o|Clanging Scales|p2a: Gholdengo\n|-activate|p2a: Gholdengo|move: Protect\n|\n|upkeep\n|turn|10\n|\n|t:|1733045068\n|move|p1b: Murkrow|Foul Play|p2a: Gholdengo\n|-supereffective|p2a: Gholdengo\n|-damage|p2a: Gholdengo|22\/100\n|-enditem|p2a: Gholdengo|Sitrus Berry|[eat]\n|-heal|p2a: Gholdengo|47\/100|[from] item: Sitrus Berry\n|move|p1a: Kommo-o|Clanging Scales|p2a: Gholdengo\n|-resisted|p2a: Gholdengo\n|-crit|p2a: Gholdengo\n|-damage|p2a: Gholdengo|2\/100\n|-unboost|p1a: Kommo-o|def|1\n|move|p2a: Gholdengo|Make It Rain|p1b: Murkrow|[spread] p1a,p1b\n|-damage|p1a: Kommo-o|64\/100\n|-damage|p1b: Murkrow|0 fnt\n|-unboost|p2a: Gholdengo|spa|1\n|faint|p1b: Murkrow\n|\n|-sideend|p1: Nerd159|move: Tailwind\n|upkeep\n|turn|11\n|\n|t:|1733045074\n|move|p2a: Gholdengo|Make It Rain|p1a: Kommo-o\n|-damage|p1a: Kommo-o|32\/100\n|-unboost|p2a: Gholdengo|spa|1\n|move|p1a: Kommo-o|Clanging Scales|p2a: Gholdengo\n|-resisted|p2a: Gholdengo\n|-damage|p2a: Gholdengo|0 fnt\n|faint|p2a: Gholdengo\n|\n|win|Nerd159\n|raw|Nerd159's rating: 1819 &rarr; <strong>1837<\/strong><br \/>(+18 for winning)\n|raw|magnusmagnum's rating: 1776 &rarr; <strong>1758<\/strong><br \/>(-18 for losing)\n|j| GooglePay\n|l|\u2606magnusmagnum\n|player|p2|\n|l|\u2606Nerd159\n|player|p1|\n|l| xaeroblast\n","uploadtime":1733045116,"views":42,"formatid":"gen9vgc2024regh","rating":1758,"private":0,"password":null}